{"id":"gen9nationaldex-1987208648","p1":"GHollow","p2":"Gardener Chilarito","format":"[Gen 9] National Dex","log":"|j|\u2606GHollow\n|j|\u203dGardener Chilarito\n|t:|1699565419\n|gametype|singles\n|player|p1|GHollow|shadowtriad|1109\n|player|p2|Gardener Chilarito|102|1052\n|teamsize|p1|6\n|teamsize|p2|6\n|gen|9\n|tier|[Gen 9] National Dex\n|rated|\n|rule|HP Percentage Mod: HP is shown in percentages\n|rule|Endless Battle Clause: Forcing endless battles is banned\n|rule|OHKO Clause: OHKO moves are banned\n|rule|Evasion Clause: Evasion abilities, items, and moves are banned\n|rule|Evasion Abilities Clause: Evasion abilities are banned\n|rule|Evasion Items Clause: Evasion items are banned\n|rule|Evasion Moves Clause: Evasion moves are banned\n|rule|Species Clause: Limit one of each Pok\u00e9mon\n|rule|Sleep Clause Mod: Limit one foe put to sleep\n|clearpoke\n|poke|p1|Staraptor, M|\n|poke|p1|Gliscor, M|\n|poke|p1|Aerodactyl, M|\n|poke|p1|Minior-Blue|\n|poke|p1|Corviknight, M|\n|poke|p1|Samurott-Hisui, M|\n|poke|p2|Gardevoir, M|\n|poke|p2|Zeraora|\n|poke|p2|Gliscor, M|\n|poke|p2|Ogerpon-Wellspring, F|\n|poke|p2|Lopunny, F|\n|poke|p2|Weavile, M|\n|teampreview\n|\n|t:|1699565426\n|start\n|switch|p1a: Gliscor|Gliscor, M|100\/100\n|switch|p2a: Zeraora|Zeraora, shiny|100\/100\n|turn|1\n|\n|t:|1699565432\n|move|p1a: Gliscor|Protect|p1a: Gliscor\n|-singleturn|p1a: Gliscor|Protect\n|move|p2a: Zeraora|Fake Out|p1a: Gliscor\n|-activate|p1a: Gliscor|move: Protect\n|\n|-status|p1a: Gliscor|tox|[from] item: Toxic Orb\n|upkeep\n|turn|2\n|\n|t:|1699565438\n|switch|p2a: Ogerpon|Ogerpon-Wellspring, F|100\/100\n|move|p1a: Gliscor|Earthquake|p2a: Ogerpon\n|-resisted|p2a: Ogerpon\n|-damage|p2a: Ogerpon|77\/100\n|\n|upkeep\n|turn|3\n|\n|t:|1699565445\n|switch|p1a: Samurott|Samurott-Hisui, M, shiny|100\/100\n|move|p2a: Ogerpon|Swords Dance|p2a: Ogerpon\n|-boost|p2a: Ogerpon|atk|2\n|\n|upkeep\n|turn|4\n|\n|t:|1699565452\n|-terastallize|p1a: Samurott|Flying\n|move|p1a: Samurott|Aerial Ace|p2a: Ogerpon\n|-supereffective|p2a: Ogerpon\n|-damage|p2a: Ogerpon|0 fnt\n|faint|p2a: Ogerpon\n|\n|upkeep\n|\n|t:|1699565456\n|switch|p2a: Gardevoir|Gardevoir, M, shiny|100\/100\n|-ability|p2a: Gardevoir|Sharpness|[from] ability: Trace|[of] p1a: Samurott\n|turn|5\n|\n|t:|1699565461\n|detailschange|p2a: Gardevoir|Gardevoir-Mega, M, shiny\n|-mega|p2a: Gardevoir|Gardevoir|Gardevoirite\n|move|p1a: Samurott|Aerial Ace|p2a: Gardevoir\n|-damage|p2a: Gardevoir|21\/100\n|move|p2a: Gardevoir|Hyper Voice|p1a: Samurott\n|-damage|p1a: Samurott|0 fnt\n|faint|p1a: Samurott\n|\n|upkeep\n|\n|t:|1699565469\n|switch|p1a: Aerodactyl|Aerodactyl, M|100\/100\n|turn|6\n|\n|t:|1699565474\n|detailschange|p1a: Aerodactyl|Aerodactyl-Mega, M\n|-mega|p1a: Aerodactyl|Aerodactyl|Aerodactylite\n|move|p1a: Aerodactyl|Earthquake|p2a: Gardevoir\n|-damage|p2a: Gardevoir|0 fnt\n|faint|p2a: Gardevoir\n|\n|upkeep\n|\n|t:|1699565478\n|switch|p2a: Gliscor|Gliscor, M, shiny|100\/100\n|turn|7\n|\n|t:|1699565481\n|move|p2a: Gliscor|Protect|p2a: Gliscor\n|-singleturn|p2a: Gliscor|Protect\n|move|p1a: Aerodactyl|Dragon Claw|p2a: Gliscor\n|-activate|p2a: Gliscor|move: Protect\n|\n|-status|p2a: Gliscor|tox|[from] item: Toxic Orb\n|upkeep\n|turn|8\n|\n|t:|1699565489\n|switch|p1a: Gliscor|Gliscor, M|100\/100 tox\n|move|p2a: Gliscor|Toxic Spikes|p1a: Gliscor\n|-sidestart|p1: GHollow|move: Toxic Spikes\n|\n|upkeep\n|turn|9\n|c|\u2606GHollow|why\n|\n|t:|1699565500\n|switch|p1a: Staraptor|Staraptor, M|100\/100\n|move|p2a: Gliscor|Protect||[still]\n|-fail|p2a: Gliscor\n|\n|upkeep\n|turn|10\n|\n|t:|1699565506\n|move|p1a: Staraptor|Brave Bird|p2a: Gliscor\n|-damage|p2a: Gliscor|53\/100 tox\n|-damage|p1a: Staraptor|83\/100|[from] Recoil\n|move|p2a: Gliscor|Spikes|p1a: Staraptor\n|-sidestart|p1: GHollow|Spikes\n|\n|-heal|p2a: Gliscor|65\/100 tox|[from] ability: Poison Heal\n|upkeep\n|turn|11\n|\n|t:|1699565513\n|move|p2a: Gliscor|Protect|p2a: Gliscor\n|-singleturn|p2a: Gliscor|Protect\n|move|p1a: Staraptor|Brave Bird|p2a: Gliscor\n|-activate|p2a: Gliscor|move: Protect\n|\n|-heal|p2a: Gliscor|78\/100 tox|[from] ability: Poison Heal\n|upkeep\n|turn|12\n|\n|t:|1699565520\n|move|p1a: Staraptor|Brave Bird|p2a: Gliscor\n|-damage|p2a: Gliscor|34\/100 tox\n|-damage|p1a: Staraptor|66\/100|[from] Recoil\n|move|p2a: Gliscor|Toxic Spikes|p1a: Staraptor\n|-sidestart|p1: GHollow|move: Toxic Spikes\n|\n|-heal|p2a: Gliscor|46\/100 tox|[from] ability: Poison Heal\n|upkeep\n|turn|13\n|\n|t:|1699565528\n|move|p2a: Gliscor|Protect|p2a: Gliscor\n|-singleturn|p2a: Gliscor|Protect\n|move|p1a: Staraptor|Brave Bird|p2a: Gliscor\n|-activate|p2a: Gliscor|move: Protect\n|\n|-heal|p2a: Gliscor|59\/100 tox|[from] ability: Poison Heal\n|upkeep\n|turn|14\n|\n|t:|1699565535\n|move|p1a: Staraptor|Brave Bird|p2a: Gliscor\n|-damage|p2a: Gliscor|15\/100 tox\n|-damage|p1a: Staraptor|50\/100|[from] Recoil\n|move|p2a: Gliscor|Spikes|p1a: Staraptor\n|-sidestart|p1: GHollow|Spikes\n|\n|-heal|p2a: Gliscor|27\/100 tox|[from] ability: Poison Heal\n|upkeep\n|turn|15\n|\n|t:|1699565545\n|move|p2a: Gliscor|Protect|p2a: Gliscor\n|-singleturn|p2a: Gliscor|Protect\n|move|p1a: Staraptor|Brave Bird|p2a: Gliscor\n|-activate|p2a: Gliscor|move: Protect\n|\n|-heal|p2a: Gliscor|39\/100 tox|[from] ability: Poison Heal\n|upkeep\n|turn|16\n|\n|t:|1699565552\n|move|p2a: Gliscor|Protect||[still]\n|-fail|p2a: Gliscor\n|move|p1a: Staraptor|Brave Bird|p2a: Gliscor\n|-damage|p2a: Gliscor|0 fnt\n|faint|p2a: Gliscor\n|-damage|p1a: Staraptor|35\/100|[from] Recoil\n|\n|upkeep\n|\n|t:|1699565558\n|switch|p2a: Zeraora|Zeraora, shiny|100\/100\n|turn|17\n|\n|t:|1699565561\n|move|p2a: Zeraora|Fake Out|p1a: Staraptor\n|-damage|p1a: Staraptor|16\/100\n|cant|p1a: Staraptor|flinch\n|\n|upkeep\n|turn|18\n|\n|t:|1699565569\n|move|p1a: Staraptor|Brave Bird|p2a: Zeraora\n|-resisted|p2a: Zeraora\n|-damage|p2a: Zeraora|50\/100\n|-damage|p1a: Staraptor|0 fnt|[from] Recoil\n|faint|p1a: Staraptor\n|move|p2a: Zeraora|Plasma Fists|p1: Staraptor|[notarget]\n|-fail|p2a: Zeraora\n|\n|upkeep\n|\n|t:|1699565577\n|switch|p1a: Aerodactyl|Aerodactyl-Mega, M|100\/100\n|turn|19\n|\n|t:|1699565580\n|move|p1a: Aerodactyl|Earthquake|p2a: Zeraora\n|-supereffective|p2a: Zeraora\n|-damage|p2a: Zeraora|0 fnt\n|faint|p2a: Zeraora\n|\n|upkeep\n|\n|t:|1699565584\n|switch|p2a: Weavile|Weavile, M|100\/100\n|-ability|p2a: Weavile|Pressure\n|turn|20\n|\n|t:|1699565588\n|move|p1a: Aerodactyl|Stone Edge|p2a: Weavile\n|-supereffective|p2a: Weavile\n|-damage|p2a: Weavile|0 fnt\n|faint|p2a: Weavile\n|\n|upkeep\n|\n|t:|1699565592\n|switch|p2a: Lopunny|Lopunny, F, shiny|100\/100\n|turn|21\n|\n|t:|1699565595\n|move|p2a: Lopunny|Fake Out|p1a: Aerodactyl\n|-resisted|p1a: Aerodactyl\n|-damage|p1a: Aerodactyl|91\/100\n|cant|p1a: Aerodactyl|flinch\n|\n|upkeep\n|turn|22\n|\n|t:|1699565600\n|move|p1a: Aerodactyl|Aerial Ace|p2a: Lopunny\n|-damage|p2a: Lopunny|37\/100\n|-start|p1a: Aerodactyl|Attract|[from] ability: Cute Charm|[of] p2a: Lopunny\n|move|p2a: Lopunny|Drain Punch|p1a: Aerodactyl\n|-damage|p1a: Aerodactyl|66\/100\n|-heal|p2a: Lopunny|51\/100|[from] drain|[of] p1a: Aerodactyl\n|\n|upkeep\n|turn|23\n|\n|t:|1699565608\n|-activate|p1a: Aerodactyl|move: Attract|[of] p2a: Lopunny\n|cant|p1a: Aerodactyl|Attract\n|move|p2a: Lopunny|Work Up|p2a: Lopunny\n|-boost|p2a: Lopunny|atk|1\n|-boost|p2a: Lopunny|spa|1\n|\n|upkeep\n|turn|24\n|\n|t:|1699565614\n|switch|p1a: Gliscor|Gliscor, M|100\/100 tox\n|move|p2a: Lopunny|Drain Punch|p1a: Gliscor\n|-resisted|p1a: Gliscor\n|-crit|p1a: Gliscor\n|-damage|p1a: Gliscor|87\/100 tox\n|-heal|p2a: Lopunny|60\/100|[from] drain|[of] p1a: Gliscor\n|\n|-heal|p1a: Gliscor|99\/100 tox|[from] ability: Poison Heal\n|upkeep\n|turn|25\n|\n|t:|1699565623\n|move|p2a: Lopunny|U-turn|p1a: Gliscor\n|-resisted|p1a: Gliscor\n|-damage|p1a: Gliscor|92\/100 tox\n|move|p1a: Gliscor|Toxic|p2a: Lopunny\n|-status|p2a: Lopunny|tox\n|\n|-damage|p2a: Lopunny|54\/100 tox|[from] psn\n|-heal|p1a: Gliscor|100\/100 tox|[from] ability: Poison Heal\n|upkeep\n|turn|26\n|\n|t:|1699565634\n|move|p2a: Lopunny|Work Up|p2a: Lopunny\n|-boost|p2a: Lopunny|atk|1\n|-boost|p2a: Lopunny|spa|1\n|move|p1a: Gliscor|Earthquake|p2a: Lopunny\n|-damage|p2a: Lopunny|8\/100 tox\n|\n|-damage|p2a: Lopunny|0 fnt|[from] psn\n|faint|p2a: Lopunny\n|\n|win|GHollow\n|upkeep\n|raw|GHollow's rating: 1109 &rarr; <strong>1130<\/strong><br \/>(+21 for winning)\n|raw|Gardener Chilarito's rating: 1052 &rarr; <strong>1037<\/strong><br \/>(-15 for losing)\n|l|\u203dGardener Chilarito\n","uploadtime":1699565643,"views":4,"p1id":"ghollow","p2id":"gardenerchilarito","formatid":"gen9nationaldex","rating":1037,"private":0,"password":""}