{"id":"gen9nationaldex-1993759841","p1":"RoyalWagon","p2":"NotAmazingYT","format":"[Gen 9] National Dex","log":"|j|\u2606RoyalWagon\n|j|\u2606NotAmazingYT\n|t:|1700353949\n|gametype|singles\n|player|p1|RoyalWagon|170|1221\n|player|p2|NotAmazingYT|170|1197\n|teamsize|p1|6\n|teamsize|p2|6\n|gen|9\n|tier|[Gen 9] National Dex\n|rated|\n|rule|HP Percentage Mod: HP is shown in percentages\n|rule|Endless Battle Clause: Forcing endless battles is banned\n|rule|OHKO Clause: OHKO moves are banned\n|rule|Evasion Clause: Evasion abilities, items, and moves are banned\n|rule|Evasion Abilities Clause: Evasion abilities are banned\n|rule|Evasion Items Clause: Evasion items are banned\n|rule|Evasion Moves Clause: Evasion moves are banned\n|rule|Species Clause: Limit one of each Pok\u00e9mon\n|rule|Sleep Clause Mod: Limit one foe put to sleep\n|clearpoke\n|poke|p1|Hippowdon, M|\n|poke|p1|Tyranitar, M|\n|poke|p1|Excadrill, M|\n|poke|p1|Mawile, M|\n|poke|p1|Chandelure, M|\n|poke|p1|Gliscor, M|\n|poke|p2|Garchomp, M|\n|poke|p2|Gliscor, M|\n|poke|p2|Zoroark-Hisui, M|\n|poke|p2|Weavile, M|\n|poke|p2|Heatran, M|\n|poke|p2|Manaphy|\n|teampreview\n|\n|t:|1700353959\n|start\n|switch|p1a: Hippowdon|Hippowdon, M|100\/100\n|switch|p2a: Heatran|Heatran, M|100\/100\n|-weather|Sandstorm|[from] ability: Sand Stream|[of] p1a: Hippowdon\n|turn|1\n|\n|t:|1700353966\n|-terastallize|p2a: Heatran|Flying\n|move|p2a: Heatran|Stealth Rock|p1a: Hippowdon\n|-sidestart|p1: RoyalWagon|move: Stealth Rock\n|move|p1a: Hippowdon|Stealth Rock|p2a: Heatran\n|-sidestart|p2: NotAmazingYT|move: Stealth Rock\n|\n|-weather|Sandstorm|[upkeep]\n|-damage|p2a: Heatran|94\/100|[from] Sandstorm\n|-heal|p2a: Heatran|100\/100|[from] item: Leftovers\n|upkeep\n|turn|2\n|\n|t:|1700353976\n|move|p2a: Heatran|Taunt|p1a: Hippowdon\n|-start|p1a: Hippowdon|move: Taunt\n|cant|p1a: Hippowdon|move: Taunt|Yawn\n|\n|-weather|Sandstorm|[upkeep]\n|-damage|p2a: Heatran|94\/100|[from] Sandstorm\n|-heal|p2a: Heatran|100\/100|[from] item: Leftovers\n|upkeep\n|turn|3\n|\n|t:|1700353983\n|move|p2a: Heatran|Magma Storm|p1a: Hippowdon\n|-damage|p1a: Hippowdon|53\/100\n|-activate|p1a: Hippowdon|move: Magma Storm|[of] p2a: Heatran\n|move|p1a: Hippowdon|Body Press|p2a: Heatran\n|-resisted|p2a: Heatran\n|-damage|p2a: Heatran|88\/100\n|\n|-weather|Sandstorm|[upkeep]\n|-damage|p2a: Heatran|82\/100|[from] Sandstorm\n|-heal|p2a: Heatran|88\/100|[from] item: Leftovers\n|-damage|p1a: Hippowdon|40\/100|[from] move: Magma Storm|[partiallytrapped]\n|upkeep\n|turn|4\n|\n|t:|1700353993\n|move|p2a: Heatran|Magma Storm|p1a: Hippowdon\n|-damage|p1a: Hippowdon|0 fnt\n|faint|p1a: Hippowdon\n|\n|-weather|Sandstorm|[upkeep]\n|-damage|p2a: Heatran|82\/100|[from] Sandstorm\n|-heal|p2a: Heatran|88\/100|[from] item: Leftovers\n|upkeep\n|\n|t:|1700354011\n|switch|p1a: Gliscor|Gliscor, M|100\/100\n|-damage|p1a: Gliscor|88\/100|[from] Stealth Rock\n|turn|5\n|\n|t:|1700354015\n|move|p1a: Gliscor|Toxic|p2a: Heatran\n|-status|p2a: Heatran|tox\n|move|p2a: Heatran|Taunt|p1a: Gliscor\n|-start|p1a: Gliscor|move: Taunt\n|\n|-weather|Sandstorm|[upkeep]\n|-damage|p2a: Heatran|82\/100 tox|[from] Sandstorm\n|-heal|p2a: Heatran|88\/100 tox|[from] item: Leftovers\n|-damage|p2a: Heatran|82\/100 tox|[from] psn\n|-status|p1a: Gliscor|tox|[from] item: Toxic Orb\n|upkeep\n|turn|6\n|\n|t:|1700354025\n|switch|p1a: Chandelure|Chandelure, M|100\/100\n|-damage|p1a: Chandelure|76\/100|[from] Stealth Rock\n|move|p2a: Heatran|Magma Storm|p1a: Chandelure\n|-start|p1a: Chandelure|ability: Flash Fire\n|\n|-weather|Sandstorm|[upkeep]\n|-damage|p1a: Chandelure|69\/100|[from] Sandstorm\n|-damage|p2a: Heatran|76\/100 tox|[from] Sandstorm\n|-heal|p2a: Heatran|82\/100 tox|[from] item: Leftovers\n|-damage|p2a: Heatran|69\/100 tox|[from] psn\n|upkeep\n|turn|7\n|\n|t:|1700354045\n|move|p1a: Chandelure|Flamethrower|p2a: Heatran\n|-start|p2a: Heatran|ability: Flash Fire\n|move|p2a: Heatran|Earth Power|p1a: Chandelure\n|-supereffective|p1a: Chandelure\n|-damage|p1a: Chandelure|0 fnt\n|faint|p1a: Chandelure\n|\n|-weather|Sandstorm|[upkeep]\n|-damage|p2a: Heatran|63\/100 tox|[from] Sandstorm\n|-heal|p2a: Heatran|69\/100 tox|[from] item: Leftovers\n|-damage|p2a: Heatran|51\/100 tox|[from] psn\n|upkeep\n|\n|t:|1700354055\n|switch|p1a: Tyranitar|Tyranitar, M|100\/100\n|-damage|p1a: Tyranitar|88\/100|[from] Stealth Rock\n|turn|8\n|\n|t:|1700354060\n|move|p2a: Heatran|Taunt|p1a: Tyranitar\n|-start|p1a: Tyranitar|move: Taunt\n|move|p1a: Tyranitar|Stone Edge|p2a: Heatran\n|-supereffective|p2a: Heatran\n|-crit|p2a: Heatran\n|-damage|p2a: Heatran|0 fnt\n|faint|p2a: Heatran\n|\n|-weather|none\n|upkeep\n|\n|t:|1700354075\n|switch|p2a: Gliscor|Gliscor, M|100\/100\n|-damage|p2a: Gliscor|88\/100|[from] Stealth Rock\n|turn|9\n|-message|RoyalWagon forfeited.\n|\n|win|NotAmazingYT\n|raw|RoyalWagon's rating: 1221 &rarr; <strong>1194<\/strong><br \/>(-27 for losing)\n|raw|NotAmazingYT's rating: 1197 &rarr; <strong>1224<\/strong><br \/>(+27 for winning)\n|l|\u2606RoyalWagon\n","uploadtime":1700354096,"views":7,"p1id":"royalwagon","p2id":"notamazingyt","formatid":"gen9nationaldex","rating":1194,"private":0,"password":""}