{"id":"gen9nationaldex-1992864250","p1":"Raseninnegan","p2":"kraydel5","format":"[Gen 9] National Dex","log":"|j|\u2606Raseninnegan\n|j|\u2606kraydel5\n|t:|1700242061\n|gametype|singles\n|player|p1|Raseninnegan|265|1124\n|player|p2|kraydel5|266|1034\n|teamsize|p1|6\n|teamsize|p2|5\n|gen|9\n|tier|[Gen 9] National Dex\n|rated|\n|rule|HP Percentage Mod: HP is shown in percentages\n|rule|Endless Battle Clause: Forcing endless battles is banned\n|rule|OHKO Clause: OHKO moves are banned\n|rule|Evasion Clause: Evasion abilities, items, and moves are banned\n|rule|Evasion Abilities Clause: Evasion abilities are banned\n|rule|Evasion Items Clause: Evasion items are banned\n|rule|Evasion Moves Clause: Evasion moves are banned\n|rule|Species Clause: Limit one of each Pok\u00e9mon\n|rule|Sleep Clause Mod: Limit one foe put to sleep\n|clearpoke\n|poke|p1|Hawlucha, M|\n|poke|p1|Corviknight, M|\n|poke|p1|Tapu Koko|\n|poke|p1|Electivire, M|\n|poke|p1|Pikachu-Sinnoh, M|\n|poke|p1|Masquerain, F|\n|poke|p2|Togekiss, F|\n|poke|p2|Toxapex, F|\n|poke|p2|Incineroar, M|\n|poke|p2|Celesteela|\n|poke|p2|Slaking, M|\n|teampreview\n|\n|t:|1700242078\n|start\n|switch|p1a: Masquerain|Masquerain, F|100\/100\n|switch|p2a: Incineroar|Incineroar, M|100\/100\n|-ability|p1a: Masquerain|Intimidate|boost\n|-unboost|p2a: Incineroar|atk|1\n|-ability|p2a: Incineroar|Intimidate|boost\n|-unboost|p1a: Masquerain|atk|1\n|turn|1\n|\n|t:|1700242088\n|move|p1a: Masquerain|Sticky Web|p2a: Incineroar\n|-sidestart|p2: kraydel5|move: Sticky Web\n|move|p2a: Incineroar|Bulk Up|p2a: Incineroar\n|-boost|p2a: Incineroar|atk|1\n|-boost|p2a: Incineroar|def|1\n|\n|upkeep\n|turn|2\n|\n|t:|1700242095\n|move|p1a: Masquerain|Hydro Pump|p2a: Incineroar|[miss]\n|-miss|p1a: Masquerain|p2a: Incineroar\n|move|p2a: Incineroar|Bulk Up|p2a: Incineroar\n|-boost|p2a: Incineroar|atk|1\n|-boost|p2a: Incineroar|def|1\n|\n|upkeep\n|turn|3\n|\n|t:|1700242103\n|move|p1a: Masquerain|Hydro Pump|p2a: Incineroar\n|-supereffective|p2a: Incineroar\n|-damage|p2a: Incineroar|31\/100\n|-enditem|p2a: Incineroar|Weakness Policy\n|-boost|p2a: Incineroar|atk|2|[from] item: Weakness Policy\n|-boost|p2a: Incineroar|spa|2|[from] item: Weakness Policy\n|move|p2a: Incineroar|Power Trip|p1a: Masquerain\n|-enditem|p1a: Masquerain|Focus Sash\n|-damage|p1a: Masquerain|1\/100\n|\n|upkeep\n|turn|4\n|\n|t:|1700242121\n|move|p1a: Masquerain|Hydro Pump|p2a: Incineroar|[miss]\n|-miss|p1a: Masquerain|p2a: Incineroar\n|move|p2a: Incineroar|Drain Punch|p1a: Masquerain\n|-resisted|p1a: Masquerain\n|-damage|p1a: Masquerain|0 fnt\n|-heal|p2a: Incineroar|31\/100|[from] drain|[of] p1a: Masquerain\n|faint|p1a: Masquerain\n|\n|upkeep\n|\n|t:|1700242133\n|switch|p1a: Tapu Koko|Tapu Koko, shiny|100\/100\n|-fieldstart|move: Electric Terrain|[from] ability: Electric Surge|[of] p1a: Tapu Koko\n|turn|5\n|\n|t:|1700242140\n|move|p1a: Tapu Koko|Thunderbolt|p2a: Incineroar\n|-damage|p2a: Incineroar|0 fnt\n|faint|p2a: Incineroar\n|\n|upkeep\n|\n|t:|1700242146\n|switch|p2a: Togekiss|Togekiss, F|100\/100\n|turn|6\n|\n|t:|1700242153\n|switch|p2a: Slaking|Slaking, M|100\/100\n|-activate|p2a: Slaking|move: Sticky Web\n|-unboost|p2a: Slaking|spe|1\n|move|p1a: Tapu Koko|Thunderbolt|p2a: Slaking\n|-damage|p2a: Slaking|18\/100\n|\n|-heal|p2a: Slaking|24\/100|[from] item: Leftovers\n|upkeep\n|turn|7\n|\n|t:|1700242163\n|move|p1a: Tapu Koko|Thunderbolt|p2a: Slaking\n|-damage|p2a: Slaking|0 fnt\n|faint|p2a: Slaking\n|\n|upkeep\n|c|\u2606Raseninnegan|gg\n|\n|t:|1700242169\n|switch|p2a: Toxapex|Toxapex, F|100\/100\n|-activate|p2a: Toxapex|move: Sticky Web\n|-unboost|p2a: Toxapex|spe|1\n|turn|8\n|\n|t:|1700242174\n|move|p1a: Tapu Koko|Thunderbolt|p2a: Toxapex\n|-supereffective|p2a: Toxapex\n|-damage|p2a: Toxapex|0 fnt\n|faint|p2a: Toxapex\n|\n|upkeep\n|-message|kraydel5 forfeited.\n|\n|win|Raseninnegan\n|raw|Raseninnegan's rating: 1124 &rarr; <strong>1143<\/strong><br \/>(+19 for winning)\n|raw|kraydel5's rating: 1034 &rarr; <strong>1023<\/strong><br \/>(-11 for losing)\n|l|\u2606kraydel5\n","uploadtime":1700242190,"views":16,"p1id":"raseninnegan","p2id":"kraydel5","formatid":"gen9nationaldex","rating":1023,"private":0,"password":""}