{"id":"gen9nationaldex-1990649006","p1":"elvisma","p2":"Alexander90281","format":"[Gen 9] National Dex","log":"|j|\u2606elvisma\n|j|\u2606Alexander90281\n|t:|1699988649\n|gametype|singles\n|player|p1|elvisma|red-masters|1761\n|player|p2|Alexander90281|tateandliza-gen6|1819\n|teamsize|p1|6\n|teamsize|p2|6\n|gen|9\n|tier|[Gen 9] National Dex\n|rated|\n|rule|HP Percentage Mod: HP is shown in percentages\n|rule|Endless Battle Clause: Forcing endless battles is banned\n|rule|OHKO Clause: OHKO moves are banned\n|rule|Evasion Clause: Evasion abilities, items, and moves are banned\n|rule|Evasion Abilities Clause: Evasion abilities are banned\n|rule|Evasion Items Clause: Evasion items are banned\n|rule|Evasion Moves Clause: Evasion moves are banned\n|rule|Species Clause: Limit one of each Pok\u00e9mon\n|rule|Sleep Clause Mod: Limit one foe put to sleep\n|clearpoke\n|poke|p1|Azelf|\n|poke|p1|Charizard, F|\n|poke|p1|Ribombee, F|\n|poke|p1|Great Tusk|\n|poke|p1|Ogerpon-Wellspring, F|\n|poke|p1|Victini|\n|poke|p2|Mimikyu, F|\n|poke|p2|Hatterene, F|\n|poke|p2|Marowak-Alola, M|\n|poke|p2|Victini|\n|poke|p2|Mawile, F|\n|poke|p2|Blacephalon|\n|teampreview\n|j| khxng\n|c|\u2606elvisma|welp crap\n|\n|t:|1699988672\n|start\n|switch|p1a: V create spam|Victini|100\/100\n|switch|p2a: Victini|Victini|100\/100\n|turn|1\n|\n|t:|1699988678\n|switch|p1a: ZA BEE|Ribombee, F|100\/100\n|move|p2a: Victini|Final Gambit|p1a: ZA BEE\n|-enditem|p1a: ZA BEE|Focus Sash\n|-damage|p1a: ZA BEE|1\/100\n|faint|p2a: Victini\n|\n|upkeep\n|\n|t:|1699988685\n|switch|p2a: Hatterene|Hatterene, F|100\/100\n|turn|2\n|\n|t:|1699988687\n|move|p1a: ZA BEE|Moonblast|p2a: Hatterene\n|-damage|p2a: Hatterene|56\/100\n|-unboost|p2a: Hatterene|spa|1\n|move|p2a: Hatterene|Trick Room|p2a: Hatterene\n|-fieldstart|move: Trick Room|[of] p2a: Hatterene\n|\n|upkeep\n|turn|3\n|\n|t:|1699988693\n|move|p2a: Hatterene|Psychic|p1a: ZA BEE\n|-damage|p1a: ZA BEE|0 fnt\n|faint|p1a: ZA BEE\n|\n|upkeep\n|\n|t:|1699988699\n|switch|p1a: V create spam|Victini|100\/100\n|turn|4\n|\n|t:|1699988701\n|move|p2a: Hatterene|Healing Wish|p2a: Hatterene\n|faint|p2a: Hatterene\n|move|p1a: V create spam|Searing Shot|p2: Hatterene|[notarget]\n|-fail|p1a: V create spam\n|\n|upkeep\n|\n|t:|1699988706\n|switch|p2a: Marowak|Marowak-Alola, M|100\/100\n|turn|5\n|\n|t:|1699988712\n|move|p2a: Marowak|Poltergeist|p1a: V create spam\n|-activate|p1a: V create spam|move: Poltergeist|Normalium Z\n|-supereffective|p1a: V create spam\n|-damage|p1a: V create spam|0 fnt\n|faint|p1a: V create spam\n|\n|upkeep\n|\n|t:|1699988717\n|switch|p1a: TUSK SWEEP|Great Tusk|100\/100\n|-enditem|p1a: TUSK SWEEP|Booster Energy\n|-activate|p1a: TUSK SWEEP|ability: Protosynthesis|[fromitem]\n|-start|p1a: TUSK SWEEP|protosynthesisatk\n|turn|6\n|\n|t:|1699988724\n|-terastallize|p2a: Marowak|Normal\n|move|p2a: Marowak|Flare Blitz|p1a: TUSK SWEEP\n|-damage|p1a: TUSK SWEEP|28\/100\n|move|p1a: TUSK SWEEP|Headlong Rush|p2a: Marowak\n|-damage|p2a: Marowak|24\/100\n|-unboost|p1a: TUSK SWEEP|def|1\n|-unboost|p1a: TUSK SWEEP|spd|1\n|\n|-fieldend|move: Trick Room\n|upkeep\n|turn|7\n|\n|t:|1699988731\n|switch|p2a: Mimikyu|Mimikyu, F|100\/100\n|move|p1a: TUSK SWEEP|Headlong Rush|p2a: Mimikyu\n|-activate|p2a: Mimikyu|ability: Disguise\n|-damage|p2a: Mimikyu|100\/100\n|-unboost|p1a: TUSK SWEEP|def|1\n|-unboost|p1a: TUSK SWEEP|spd|1\n|detailschange|p2a: Mimikyu|Mimikyu-Busted, F\n|-damage|p2a: Mimikyu|88\/100|[from] pokemon: Mimikyu-Busted\n|\n|upkeep\n|turn|8\n|\n|t:|1699988733\n|move|p1a: TUSK SWEEP|Headlong Rush|p2a: Mimikyu\n|-damage|p2a: Mimikyu|9\/100\n|-unboost|p1a: TUSK SWEEP|def|1\n|-unboost|p1a: TUSK SWEEP|spd|1\n|-enditem|p2a: Mimikyu|Sitrus Berry|[eat]\n|-heal|p2a: Mimikyu|34\/100|[from] item: Sitrus Berry\n|move|p2a: Mimikyu|Trick Room|p2a: Mimikyu\n|-fieldstart|move: Trick Room|[of] p2a: Mimikyu\n|\n|upkeep\n|turn|9\n|\n|t:|1699988742\n|-end|p1a: TUSK SWEEP|Protosynthesis|[silent]\n|switch|p1a: touchgrassdrinkH2O|Ogerpon-Wellspring, F|100\/100\n|move|p2a: Mimikyu|Curse|p1a: touchgrassdrinkH2O\n|-start|p1a: touchgrassdrinkH2O|Curse|[of] p2a: Mimikyu\n|-damage|p2a: Mimikyu|0 fnt\n|faint|p2a: Mimikyu\n|\n|-damage|p1a: touchgrassdrinkH2O|76\/100|[from] Curse\n|upkeep\n|\n|t:|1699988745\n|switch|p2a: Marowak|Marowak-Alola, M, tera:Normal|24\/100\n|-heal|p2a: Marowak|100\/100|[from] move: Healing Wish\n|turn|10\n|\n|t:|1699988754\n|move|p2a: Marowak|Flare Blitz|p1a: touchgrassdrinkH2O\n|-damage|p1a: touchgrassdrinkH2O|0 fnt\n|faint|p1a: touchgrassdrinkH2O\n|\n|upkeep\n|\n|t:|1699988757\n|switch|p1a: ampheros|Charizard, F|100\/100\n|turn|11\n|\n|t:|1699988768\n|detailschange|p1a: ampheros|Charizard-Mega-X, F\n|-mega|p1a: ampheros|Charizard|Charizardite X\n|move|p2a: Marowak|Flare Blitz|p1a: ampheros\n|-resisted|p1a: ampheros\n|-damage|p1a: ampheros|74\/100\n|move|p1a: ampheros|Dragon Claw|p2a: Marowak\n|-damage|p2a: Marowak|44\/100\n|\n|upkeep\n|turn|12\n|\n|t:|1699988773\n|move|p2a: Marowak|Bonemerang|p1a: ampheros\n|-supereffective|p1a: ampheros\n|-damage|p1a: ampheros|13\/100\n|-supereffective|p1a: ampheros\n|-damage|p1a: ampheros|0 fnt\n|faint|p1a: ampheros\n|-hitcount|p1: ampheros|2\n|\n|-fieldend|move: Trick Room\n|upkeep\n|\n|t:|1699988783\n|switch|p1a: pls dont u-turn|Azelf|100\/100\n|turn|13\n|\n|t:|1699988788\n|move|p1a: pls dont u-turn|Mystical Power|p2a: Marowak\n|-damage|p2a: Marowak|0 fnt\n|-boost|p1a: pls dont u-turn|spa|1\n|faint|p2a: Marowak\n|\n|upkeep\n|\n|t:|1699988792\n|switch|p2a: Mawile|Mawile, F|100\/100\n|-ability|p2a: Mawile|Intimidate|boost\n|-unboost|p1a: pls dont u-turn|atk|1\n|turn|14\n|\n|t:|1699988799\n|detailschange|p2a: Mawile|Mawile-Mega, F\n|-mega|p2a: Mawile|Mawile|Mawilite\n|-terastallize|p1a: pls dont u-turn|Electric\n|move|p1a: pls dont u-turn|Flamethrower|p2a: Mawile\n|-supereffective|p2a: Mawile\n|-damage|p2a: Mawile|0 fnt\n|faint|p2a: Mawile\n|\n|upkeep\n|\n|t:|1699988805\n|switch|p2a: Blacephalon|Blacephalon|100\/100\n|turn|15\n|\n|t:|1699988809\n|move|p1a: pls dont u-turn|Thunderbolt|p2a: Blacephalon\n|-damage|p2a: Blacephalon|0 fnt\n|faint|p2a: Blacephalon\n|\n|win|elvisma\n|raw|elvisma's rating: 1761 &rarr; <strong>1784<\/strong><br \/>(+23 for winning)\n|raw|Alexander90281's rating: 1819 &rarr; <strong>1796<\/strong><br \/>(-23 for losing)\n|c|\u2606elvisma|gg\n|l|\u2606Alexander90281\n","uploadtime":1699988814,"views":4,"p1id":"elvisma","p2id":"alexander90281","formatid":"gen9nationaldex","rating":1784,"private":0,"password":""}