{"id":"gen9nationaldex-1999467028","p1":"ttheus","p2":"Bulka4000","format":"[Gen 9] National Dex","log":"|html|<div class=\"broadcast-blue\"><strong>[Gen 9] National Dex is currently suspecting Sneasler! For information on how to participate check out the <a href=\"https:\/\/www.smogon.com\/forums\/threads\/sv-national-dex-suspect-8-just-dance.3731534\/\">suspect thread<\/a>.<\/strong><\/div>\n|j|\u2606ttheus\n|j|\u2606Bulka4000\n|t:|1701084986\n|gametype|singles\n|player|p1|ttheus|1|\n|player|p2|Bulka4000|265|\n|teamsize|p1|6\n|teamsize|p2|6\n|gen|9\n|tier|[Gen 9] National Dex\n|rule|HP Percentage Mod: HP is shown in percentages\n|rule|Endless Battle Clause: Forcing endless battles is banned\n|rule|OHKO Clause: OHKO moves are banned\n|rule|Evasion Clause: Evasion abilities, items, and moves are banned\n|rule|Evasion Abilities Clause: Evasion abilities are banned\n|rule|Evasion Items Clause: Evasion items are banned\n|rule|Evasion Moves Clause: Evasion moves are banned\n|rule|Species Clause: Limit one of each Pok\u00e9mon\n|rule|Sleep Clause Mod: Limit one foe put to sleep\n|clearpoke\n|poke|p1|Aggron, M|\n|poke|p1|Aurorus, F|\n|poke|p1|Infernape, M|\n|poke|p1|Zoroark-Hisui, F|\n|poke|p1|Drifblim, F|\n|poke|p1|Arboliva, F|\n|poke|p2|Gengar, M|\n|poke|p2|Zamazenta-*|\n|poke|p2|Garchomp, M|\n|poke|p2|Ting-Lu|\n|poke|p2|Skeledirge, M|\n|poke|p2|Rotom-Wash|\n|teampreview\n|j| AesirEcho\n|\n|t:|1701085007\n|start\n|switch|p1a: Skadi|Aggron, M|100\/100\n|switch|p2a: Rotom|Rotom-Wash|100\/100\n|turn|1\n|\n|t:|1701085013\n|detailschange|p1a: Skadi|Aggron-Mega, M\n|-mega|p1a: Skadi|Aggron|Aggronite\n|move|p2a: Rotom|Hydro Pump|p1a: Skadi\n|-damage|p1a: Skadi|52\/100\n|move|p1a: Skadi|Stealth Rock|p2a: Rotom\n|-sidestart|p2: Bulka4000|move: Stealth Rock\n|\n|upkeep\n|turn|2\n|\n|t:|1701085019\n|move|p2a: Rotom|Will-O-Wisp|p1a: Skadi\n|-status|p1a: Skadi|brn\n|move|p1a: Skadi|Body Press|p2a: Rotom\n|-damage|p2a: Rotom|85\/100\n|\n|-heal|p2a: Rotom|91\/100|[from] item: Leftovers\n|-damage|p1a: Skadi|46\/100 brn|[from] brn\n|upkeep\n|turn|3\n|\n|t:|1701085030\n|move|p2a: Rotom|Defog|p1a: Skadi\n|-unboost|p1a: Skadi|evasion|1\n|-sideend|p2: Bulka4000|Stealth Rock|[from] move: Defog|[of] p2a: Rotom\n|move|p1a: Skadi|Iron Head|p2a: Rotom\n|-resisted|p2a: Rotom\n|-damage|p2a: Rotom|87\/100\n|\n|-heal|p2a: Rotom|93\/100|[from] item: Leftovers\n|-damage|p1a: Skadi|40\/100 brn|[from] brn\n|upkeep\n|turn|4\n|\n|t:|1701085042\n|move|p2a: Rotom|Volt Switch|p1a: Skadi\n|-damage|p1a: Skadi|7\/100 brn\n|\n|t:|1701085046\n|switch|p2a: Zamazenta|Zamazenta|100\/100|[from] Volt Switch\n|-ability|p2a: Zamazenta|Dauntless Shield|boost\n|-boost|p2a: Zamazenta|def|1\n|move|p1a: Skadi|Stealth Rock|p2a: Zamazenta\n|-sidestart|p2: Bulka4000|move: Stealth Rock\n|\n|-damage|p1a: Skadi|1\/100 brn|[from] brn\n|upkeep\n|turn|5\n|\n|t:|1701085074\n|switch|p2a: Rotom|Rotom-Wash|93\/100\n|-damage|p2a: Rotom|80\/100|[from] Stealth Rock\n|move|p1a: Skadi|Thunder Punch|p2a: Rotom\n|-damage|p2a: Rotom|68\/100\n|\n|-heal|p2a: Rotom|75\/100|[from] item: Leftovers\n|-damage|p1a: Skadi|0 fnt|[from] brn\n|faint|p1a: Skadi\n|upkeep\n|\n|t:|1701085085\n|switch|p1a: Arboliva|Arboliva, F|100\/100\n|turn|6\n|\n|t:|1701085091\n|move|p2a: Rotom|Will-O-Wisp|p1a: Arboliva\n|-status|p1a: Arboliva|brn\n|move|p1a: Arboliva|Substitute|p1a: Arboliva\n|-start|p1a: Arboliva|Substitute\n|-damage|p1a: Arboliva|76\/100 brn\n|\n|-heal|p2a: Rotom|81\/100|[from] item: Leftovers\n|-heal|p1a: Arboliva|82\/100 brn|[from] item: Leftovers\n|-damage|p1a: Arboliva|76\/100 brn|[from] brn\n|upkeep\n|turn|7\n|\n|t:|1701085109\n|move|p2a: Rotom|Defog|p1a: Arboliva\n|-sideend|p2: Bulka4000|Stealth Rock|[from] move: Defog|[of] p2a: Rotom\n|move|p1a: Arboliva|Leech Seed|p2a: Rotom\n|-start|p2a: Rotom|move: Leech Seed\n|\n|-heal|p2a: Rotom|87\/100|[from] item: Leftovers\n|-heal|p1a: Arboliva|82\/100 brn|[from] item: Leftovers\n|-damage|p2a: Rotom|75\/100|[from] Leech Seed|[of] p1a: Arboliva\n|-heal|p1a: Arboliva|92\/100 brn|[silent]\n|-damage|p1a: Arboliva|86\/100 brn|[from] brn\n|upkeep\n|turn|8\n|\n|t:|1701085121\n|switch|p2a: Zamazenta|Zamazenta|100\/100\n|move|p1a: Arboliva|Hyper Voice|p2a: Zamazenta\n|-damage|p2a: Zamazenta|66\/100\n|\n|-heal|p1a: Arboliva|92\/100 brn|[from] item: Leftovers\n|-damage|p1a: Arboliva|86\/100 brn|[from] brn\n|upkeep\n|turn|9\n|\n|t:|1701085130\n|move|p2a: Zamazenta|Close Combat|p1a: Arboliva\n|-supereffective|p1a: Arboliva\n|-end|p1a: Arboliva|Substitute\n|-unboost|p2a: Zamazenta|def|1\n|-unboost|p2a: Zamazenta|spd|1\n|move|p1a: Arboliva|Leech Seed|p2a: Zamazenta\n|-start|p2a: Zamazenta|move: Leech Seed\n|\n|-heal|p1a: Arboliva|92\/100 brn|[from] item: Leftovers\n|-damage|p2a: Zamazenta|54\/100|[from] Leech Seed|[of] p1a: Arboliva\n|-heal|p1a: Arboliva|100\/100 brn|[silent]\n|-damage|p1a: Arboliva|94\/100 brn|[from] brn\n|upkeep\n|turn|10\n|\n|t:|1701085141\n|move|p1a: Arboliva|Protect|p1a: Arboliva\n|-singleturn|p1a: Arboliva|Protect\n|move|p2a: Zamazenta|Close Combat|p1a: Arboliva\n|-activate|p1a: Arboliva|move: Protect\n|\n|-heal|p1a: Arboliva|100\/100 brn|[from] item: Leftovers\n|-damage|p2a: Zamazenta|41\/100|[from] Leech Seed|[of] p1a: Arboliva\n|-damage|p1a: Arboliva|94\/100 brn|[from] brn\n|upkeep\n|turn|11\n|\n|t:|1701085149\n|switch|p1a: Drifblim|Drifblim, F|100\/100\n|move|p2a: Zamazenta|Close Combat|p1a: Drifblim\n|-immune|p1a: Drifblim\n|\n|-damage|p2a: Zamazenta|29\/100|[from] Leech Seed|[of] p1a: Drifblim\n|upkeep\n|turn|12\n|\n|t:|1701085157\n|move|p2a: Zamazenta|Crunch|p1a: Drifblim\n|-supereffective|p1a: Drifblim\n|-damage|p1a: Drifblim|0 fnt\n|replace|p1a: Zoroark|Zoroark-Hisui, F\n|-end|p1a: Zoroark|Illusion\n|faint|p1a: Zoroark\n|\n|upkeep\n|\n|t:|1701085163\n|switch|p1a: Arboliva|Arboliva, F|94\/100 brn\n|turn|13\n|\n|t:|1701085177\n|switch|p2a: Gengar|Gengar, M|100\/100\n|move|p1a: Arboliva|Protect||[still]\n|-fail|p1a: Arboliva\n|\n|-heal|p1a: Arboliva|100\/100 brn|[from] item: Leftovers\n|-damage|p1a: Arboliva|94\/100 brn|[from] brn\n|upkeep\n|turn|14\n|\n|t:|1701085187\n|switch|p1a: Infernape|Infernape, M|100\/100\n|move|p2a: Gengar|Trick||[still]\n|-fail|p2a: Gengar\n|\n|upkeep\n|turn|15\n|\n|t:|1701085196\n|move|p2a: Gengar|Trick||[still]\n|-fail|p2a: Gengar\n|move|p1a: Infernape|Nasty Plot|p1a: Infernape\n|-boost|p1a: Infernape|spa|2\n|\n|upkeep\n|turn|16\n|\n|t:|1701085205\n|switch|p2a: Rotom|Rotom-Wash|75\/100\n|move|p1a: Infernape|Nasty Plot|p1a: Infernape\n|-boost|p1a: Infernape|spa|2\n|\n|-heal|p2a: Rotom|81\/100|[from] item: Leftovers\n|upkeep\n|turn|17\n|\n|t:|1701085213\n|move|p1a: Infernape|Vacuum Wave|p2a: Rotom\n|-damage|p2a: Rotom|26\/100\n|move|p2a: Rotom|Hydro Pump|p1a: Infernape\n|-supereffective|p1a: Infernape\n|-damage|p1a: Infernape|0 fnt\n|faint|p1a: Infernape\n|\n|-heal|p2a: Rotom|33\/100|[from] item: Leftovers\n|upkeep\n|\n|t:|1701085224\n|switch|p1a: Arboliva|Arboliva, F|94\/100 brn\n|turn|18\n|\n|t:|1701085232\n|switch|p2a: Gengar|Gengar, M|100\/100\n|move|p1a: Arboliva|Hyper Voice|p2a: Gengar\n|-immune|p2a: Gengar\n|\n|-heal|p1a: Arboliva|100\/100 brn|[from] item: Leftovers\n|-damage|p1a: Arboliva|94\/100 brn|[from] brn\n|upkeep\n|turn|19\n|\n|t:|1701085246\n|switch|p1a: Drifblim|Drifblim, F|100\/100\n|move|p2a: Gengar|Sludge Bomb|p1a: Drifblim\n|-resisted|p1a: Drifblim\n|-damage|p1a: Drifblim|72\/100\n|\n|-status|p1a: Drifblim|brn|[from] item: Flame Orb\n|upkeep\n|turn|20\n|\n|t:|1701085266\n|switch|p2a: Zamazenta|Zamazenta|29\/100\n|move|p1a: Drifblim|Shadow Ball|p2a: Zamazenta\n|-damage|p2a: Zamazenta|0 fnt\n|faint|p2a: Zamazenta\n|\n|-damage|p1a: Drifblim|66\/100 brn|[from] brn\n|upkeep\n|l| AesirEcho\n|\n|t:|1701085283\n|switch|p2a: Ting-Lu|Ting-Lu|100\/100\n|-ability|p2a: Ting-Lu|Vessel of Ruin\n|turn|21\n|j| AesirEcho\n|\n|t:|1701085294\n|switch|p1a: Arboliva|Arboliva, F|94\/100 brn\n|move|p2a: Ting-Lu|Ruination|p1a: Arboliva\n|-damage|p1a: Arboliva|48\/100 brn\n|\n|-heal|p1a: Arboliva|54\/100 brn|[from] item: Leftovers\n|-damage|p1a: Arboliva|48\/100 brn|[from] brn\n|upkeep\n|turn|22\n|\n|t:|1701085305\n|-terastallize|p2a: Ting-Lu|Poison\n|move|p2a: Ting-Lu|Earthquake|p1a: Arboliva\n|-resisted|p1a: Arboliva\n|-damage|p1a: Arboliva|27\/100 brn\n|move|p1a: Arboliva|Leech Seed|p2a: Ting-Lu|[miss]\n|-miss|p1a: Arboliva|p2a: Ting-Lu\n|\n|-heal|p1a: Arboliva|33\/100 brn|[from] item: Leftovers\n|-damage|p1a: Arboliva|27\/100 brn|[from] brn\n|upkeep\n|turn|23\n|\n|t:|1701085319\n|move|p1a: Arboliva|Leech Seed|p2a: Ting-Lu\n|-start|p2a: Ting-Lu|move: Leech Seed\n|move|p2a: Ting-Lu|Whirlwind|p1a: Arboliva\n|drag|p1a: Drifblim|Drifblim, F|66\/100 brn\n|\n|-damage|p2a: Ting-Lu|88\/100|[from] Leech Seed|[of] p1a: Drifblim\n|-heal|p1a: Drifblim|81\/100 brn|[silent]\n|-damage|p1a: Drifblim|75\/100 brn|[from] brn\n|upkeep\n|turn|24\n|\n|t:|1701085327\n|move|p1a: Drifblim|Psychic|p2a: Ting-Lu\n|-supereffective|p2a: Ting-Lu\n|-damage|p2a: Ting-Lu|60\/100\n|-unboost|p2a: Ting-Lu|spd|1\n|move|p2a: Ting-Lu|Ruination|p1a: Drifblim\n|-damage|p1a: Drifblim|38\/100 brn\n|\n|-heal|p2a: Ting-Lu|66\/100|[from] item: Leftovers\n|-damage|p2a: Ting-Lu|54\/100|[from] Leech Seed|[of] p1a: Drifblim\n|-heal|p1a: Drifblim|52\/100 brn|[silent]\n|-damage|p1a: Drifblim|46\/100 brn|[from] brn\n|upkeep\n|turn|25\n|\n|t:|1701085347\n|switch|p2a: Rotom|Rotom-Wash|33\/100\n|move|p1a: Drifblim|Psychic|p2a: Rotom\n|-damage|p2a: Rotom|0 fnt\n|faint|p2a: Rotom\n|\n|-damage|p1a: Drifblim|40\/100 brn|[from] brn\n|upkeep\n|\n|t:|1701085361\n|switch|p2a: Skeledirge|Skeledirge, M|100\/100\n|turn|26\n|\n|t:|1701085373\n|move|p1a: Drifblim|Shadow Ball|p2a: Skeledirge\n|-supereffective|p2a: Skeledirge\n|-damage|p2a: Skeledirge|0 fnt\n|faint|p2a: Skeledirge\n|\n|-damage|p1a: Drifblim|34\/100 brn|[from] brn\n|upkeep\n|\n|t:|1701085380\n|switch|p2a: Garchomp|Garchomp, M|100\/100\n|turn|27\n|\n|t:|1701085385\n|move|p2a: Garchomp|Dragon Claw|p1a: Drifblim\n|-damage|p1a: Drifblim|0 fnt\n|faint|p1a: Drifblim\n|\n|upkeep\n|\n|t:|1701085388\n|switch|p1a: Despina|Aurorus, F, shiny|100\/100\n|turn|28\n|\n|t:|1701085393\n|-terastallize|p1a: Despina|Ghost\n|move|p2a: Garchomp|Swords Dance|p2a: Garchomp\n|-boost|p2a: Garchomp|atk|2\n|move|p1a: Despina|Hyper Voice|p2a: Garchomp\n|-supereffective|p2a: Garchomp\n|-damage|p2a: Garchomp|0 fnt\n|faint|p2a: Garchomp\n|\n|upkeep\n|\n|t:|1701085403\n|switch|p2a: Ting-Lu|Ting-Lu, tera:Poison|54\/100\n|-ability|p2a: Ting-Lu|Vessel of Ruin\n|turn|29\n|\n|t:|1701085408\n|move|p1a: Despina|Earth Power|p2a: Ting-Lu\n|-supereffective|p2a: Ting-Lu\n|-damage|p2a: Ting-Lu|31\/100\n|move|p2a: Ting-Lu|Ruination|p1a: Despina\n|-damage|p1a: Despina|50\/100\n|\n|-heal|p1a: Despina|57\/100|[from] item: Leftovers\n|-heal|p2a: Ting-Lu|37\/100|[from] item: Leftovers\n|upkeep\n|turn|30\n|\n|t:|1701085418\n|switch|p2a: Gengar|Gengar, M|100\/100\n|move|p1a: Despina|Freeze-Dry|p2a: Gengar\n|-damage|p2a: Gengar|50\/100\n|\n|-heal|p1a: Despina|63\/100|[from] item: Leftovers\n|upkeep\n|turn|31\n|\n|t:|1701085426\n|move|p2a: Gengar|Shadow Ball|p1a: Despina\n|-supereffective|p1a: Despina\n|-damage|p1a: Despina|0 fnt\n|faint|p1a: Despina\n|\n|upkeep\n|\n|t:|1701085429\n|switch|p1a: Arboliva|Arboliva, F|27\/100 brn\n|turn|32\n|\n|t:|1701085435\n|switch|p2a: Ting-Lu|Ting-Lu, tera:Poison|37\/100\n|-ability|p2a: Ting-Lu|Vessel of Ruin\n|move|p1a: Arboliva|Leech Seed|p2a: Ting-Lu\n|-start|p2a: Ting-Lu|move: Leech Seed\n|\n|-heal|p2a: Ting-Lu|44\/100|[from] item: Leftovers\n|-heal|p1a: Arboliva|33\/100 brn|[from] item: Leftovers\n|-damage|p2a: Ting-Lu|31\/100|[from] Leech Seed|[of] p1a: Arboliva\n|-heal|p1a: Arboliva|51\/100 brn|[silent]\n|-damage|p1a: Arboliva|45\/100 brn|[from] brn\n|upkeep\n|turn|33\n|\n|t:|1701085449\n|move|p1a: Arboliva|Protect|p1a: Arboliva\n|-singleturn|p1a: Arboliva|Protect\n|move|p2a: Ting-Lu|Ruination|p1a: Arboliva\n|-activate|p1a: Arboliva|move: Protect\n|\n|-heal|p2a: Ting-Lu|37\/100|[from] item: Leftovers\n|-heal|p1a: Arboliva|51\/100 brn|[from] item: Leftovers\n|-damage|p2a: Ting-Lu|25\/100|[from] Leech Seed|[of] p1a: Arboliva\n|-heal|p1a: Arboliva|69\/100 brn|[silent]\n|-damage|p1a: Arboliva|63\/100 brn|[from] brn\n|upkeep\n|turn|34\n|\n|t:|1701085464\n|move|p2a: Ting-Lu|Ruination|p1a: Arboliva\n|-damage|p1a: Arboliva|32\/100 brn\n|move|p1a: Arboliva|Substitute|p1a: Arboliva\n|-start|p1a: Arboliva|Substitute\n|-damage|p1a: Arboliva|7\/100 brn\n|\n|-heal|p2a: Ting-Lu|31\/100|[from] item: Leftovers\n|-heal|p1a: Arboliva|13\/100 brn|[from] item: Leftovers\n|-damage|p2a: Ting-Lu|19\/100|[from] Leech Seed|[of] p1a: Arboliva\n|-heal|p1a: Arboliva|31\/100 brn|[silent]\n|-damage|p1a: Arboliva|25\/100 brn|[from] brn\n|upkeep\n|turn|35\n|\n|t:|1701085475\n|move|p1a: Arboliva|Protect|p1a: Arboliva\n|-singleturn|p1a: Arboliva|Protect\n|move|p2a: Ting-Lu|Ruination|p1a: Arboliva\n|-activate|p1a: Arboliva|move: Protect\n|\n|-heal|p2a: Ting-Lu|25\/100|[from] item: Leftovers\n|-heal|p1a: Arboliva|31\/100 brn|[from] item: Leftovers\n|-damage|p2a: Ting-Lu|13\/100|[from] Leech Seed|[of] p1a: Arboliva\n|-heal|p1a: Arboliva|49\/100 brn|[silent]\n|-damage|p1a: Arboliva|43\/100 brn|[from] brn\n|upkeep\n|turn|36\n|\n|t:|1701085488\n|move|p2a: Ting-Lu|Ruination|p1a: Arboliva\n|-activate|p1a: Arboliva|move: Substitute|[damage]\n|move|p1a: Arboliva|Hyper Voice|p2a: Ting-Lu\n|-damage|p2a: Ting-Lu|0 fnt\n|faint|p2a: Ting-Lu\n|\n|-heal|p1a: Arboliva|49\/100 brn|[from] item: Leftovers\n|-damage|p1a: Arboliva|43\/100 brn|[from] brn\n|upkeep\n|\n|t:|1701085497\n|switch|p2a: Gengar|Gengar, M|50\/100\n|turn|37\n|\n|t:|1701085510\n|move|p2a: Gengar|Sludge Bomb|p1a: Arboliva\n|-supereffective|p1a: Arboliva\n|-end|p1a: Arboliva|Substitute\n|move|p1a: Arboliva|Leech Seed|p2a: Gengar\n|-start|p2a: Gengar|move: Leech Seed\n|\n|-heal|p1a: Arboliva|49\/100 brn|[from] item: Leftovers\n|-damage|p2a: Gengar|38\/100|[from] Leech Seed|[of] p1a: Arboliva\n|-heal|p1a: Arboliva|58\/100 brn|[silent]\n|-damage|p1a: Arboliva|51\/100 brn|[from] brn\n|upkeep\n|turn|38\n|\n|t:|1701085519\n|move|p1a: Arboliva|Protect|p1a: Arboliva\n|-singleturn|p1a: Arboliva|Protect\n|move|p2a: Gengar|Sludge Bomb|p1a: Arboliva\n|-activate|p1a: Arboliva|move: Protect\n|\n|-heal|p1a: Arboliva|58\/100 brn|[from] item: Leftovers\n|-damage|p2a: Gengar|25\/100|[from] Leech Seed|[of] p1a: Arboliva\n|-heal|p1a: Arboliva|67\/100 brn|[silent]\n|-damage|p1a: Arboliva|60\/100 brn|[from] brn\n|upkeep\n|turn|39\n|\n|t:|1701085529\n|move|p2a: Gengar|Sludge Bomb|p1a: Arboliva\n|-supereffective|p1a: Arboliva\n|-damage|p1a: Arboliva|5\/100 brn\n|move|p1a: Arboliva|Substitute|p1a: Arboliva\n|-fail|p1a: Arboliva|move: Substitute|[weak]\n|\n|-heal|p1a: Arboliva|11\/100 brn|[from] item: Leftovers\n|-damage|p2a: Gengar|13\/100|[from] Leech Seed|[of] p1a: Arboliva\n|-heal|p1a: Arboliva|20\/100 brn|[silent]\n|-damage|p1a: Arboliva|14\/100 brn|[from] brn\n|upkeep\n|turn|40\n|\n|t:|1701085544\n|move|p1a: Arboliva|Protect|p1a: Arboliva\n|-singleturn|p1a: Arboliva|Protect\n|move|p2a: Gengar|Sludge Bomb|p1a: Arboliva\n|-activate|p1a: Arboliva|move: Protect\n|\n|-heal|p1a: Arboliva|20\/100 brn|[from] item: Leftovers\n|-damage|p2a: Gengar|1\/100|[from] Leech Seed|[of] p1a: Arboliva\n|-heal|p1a: Arboliva|29\/100 brn|[silent]\n|-damage|p1a: Arboliva|23\/100 brn|[from] brn\n|upkeep\n|turn|41\n|\n|t:|1701085556\n|move|p1a: Arboliva|Protect||[still]\n|-fail|p1a: Arboliva\n|move|p2a: Gengar|Sludge Bomb|p1a: Arboliva\n|-supereffective|p1a: Arboliva\n|-damage|p1a: Arboliva|0 fnt\n|faint|p1a: Arboliva\n|\n|win|Bulka4000\n","uploadtime":1701085562,"views":1,"p1id":"ttheus","p2id":"bulka4000","formatid":"gen9nationaldex","rating":0,"private":0,"password":""}