{"id":"gen9nationaldex-1991008675","p1":"Hushy123","p2":"soughce","format":"[Gen 9] National Dex","log":"|j|\u2606Hushy123\n|j|\u2606soughce\n|t:|1700027162\n|gametype|singles\n|player|p1|Hushy123|265|1100\n|player|p2|soughce|acetrainer-gen4|1079\n|teamsize|p1|6\n|teamsize|p2|6\n|gen|9\n|tier|[Gen 9] National Dex\n|rated|\n|rule|HP Percentage Mod: HP is shown in percentages\n|rule|Endless Battle Clause: Forcing endless battles is banned\n|rule|OHKO Clause: OHKO moves are banned\n|rule|Evasion Clause: Evasion abilities, items, and moves are banned\n|rule|Evasion Abilities Clause: Evasion abilities are banned\n|rule|Evasion Items Clause: Evasion items are banned\n|rule|Evasion Moves Clause: Evasion moves are banned\n|rule|Species Clause: Limit one of each Pok\u00e9mon\n|rule|Sleep Clause Mod: Limit one foe put to sleep\n|clearpoke\n|poke|p1|Cloyster, M|\n|poke|p1|Ambipom, F|\n|poke|p1|Heracross, F|\n|poke|p1|Toucannon, M|\n|poke|p1|Cinccino, M|\n|poke|p1|Weavile, F|\n|poke|p2|Sceptile, M|\n|poke|p2|Cetitan, M|\n|poke|p2|Bisharp, M|\n|poke|p2|Heatran, F|\n|poke|p2|Sneasler, M|\n|poke|p2|Ninetales-Alola, F|\n|teampreview\n|\n|t:|1700027179\n|start\n|switch|p1a: Cinccino|Cinccino, M|100\/100\n|switch|p2a: Sneasler|Sneasler, M|100\/100\n|turn|1\n|\n|t:|1700027193\n|move|p2a: Sneasler|Fake Out|p1a: Cinccino\n|-damage|p1a: Cinccino|56\/100\n|cant|p1a: Cinccino|flinch\n|\n|upkeep\n|turn|2\n|\n|t:|1700027202\n|switch|p2a: Ninetales|Ninetales-Alola, F, shiny|100\/100\n|-weather|Snow|[from] ability: Snow Warning|[of] p2a: Ninetales\n|move|p1a: Cinccino|Rock Blast|p2a: Ninetales\n|-supereffective|p2a: Ninetales\n|-damage|p2a: Ninetales|85\/100\n|-supereffective|p2a: Ninetales\n|-damage|p2a: Ninetales|71\/100\n|-supereffective|p2a: Ninetales\n|-damage|p2a: Ninetales|56\/100\n|-supereffective|p2a: Ninetales\n|-damage|p2a: Ninetales|40\/100\n|-supereffective|p2a: Ninetales\n|-damage|p2a: Ninetales|25\/100\n|-hitcount|p2a: Ninetales|5\n|-damage|p1a: Cinccino|46\/100|[from] item: Life Orb\n|\n|-weather|Snow|[upkeep]\n|upkeep\n|turn|3\n|\n|t:|1700027218\n|move|p1a: Cinccino|Rock Blast|p2a: Ninetales\n|-supereffective|p2a: Ninetales\n|-damage|p2a: Ninetales|8\/100\n|-supereffective|p2a: Ninetales\n|-damage|p2a: Ninetales|0 fnt\n|faint|p2a: Ninetales\n|-hitcount|p2: Ninetales|2\n|-damage|p1a: Cinccino|36\/100|[from] item: Life Orb\n|\n|-weather|Snow|[upkeep]\n|upkeep\n|\n|t:|1700027231\n|switch|p2a: Bisharp|Bisharp, M|100\/100\n|turn|4\n|\n|t:|1700027240\n|move|p1a: Cinccino|Rock Blast|p2a: Bisharp\n|-resisted|p2a: Bisharp\n|-damage|p2a: Bisharp|98\/100\n|-resisted|p2a: Bisharp\n|-damage|p2a: Bisharp|95\/100\n|-resisted|p2a: Bisharp\n|-damage|p2a: Bisharp|91\/100\n|-resisted|p2a: Bisharp\n|-damage|p2a: Bisharp|88\/100\n|-resisted|p2a: Bisharp\n|-damage|p2a: Bisharp|85\/100\n|-hitcount|p2a: Bisharp|5\n|-damage|p1a: Cinccino|26\/100|[from] item: Life Orb\n|move|p2a: Bisharp|Swords Dance|p2a: Bisharp\n|-boost|p2a: Bisharp|atk|2\n|\n|-weather|Snow|[upkeep]\n|upkeep\n|turn|5\n|\n|t:|1700027257\n|move|p1a: Cinccino|U-turn|p2a: Bisharp\n|-damage|p2a: Bisharp|66\/100\n|-damage|p1a: Cinccino|16\/100|[from] item: Life Orb\n|\n|t:|1700027262\n|switch|p1a: Heracross|Heracross, F|100\/100|[from] U-turn\n|move|p2a: Bisharp|Night Slash|p1a: Heracross\n|-resisted|p1a: Heracross\n|-damage|p1a: Heracross|51\/100\n|\n|-weather|Snow|[upkeep]\n|upkeep\n|turn|6\n|\n|t:|1700027271\n|detailschange|p1a: Heracross|Heracross-Mega, F\n|-mega|p1a: Heracross|Heracross|Heracronite\n|move|p1a: Heracross|Arm Thrust|p2a: Bisharp\n|-supereffective|p2a: Bisharp\n|-damage|p2a: Bisharp|34\/100\n|-supereffective|p2a: Bisharp\n|-damage|p2a: Bisharp|0 fnt\n|faint|p2a: Bisharp\n|-hitcount|p2: Bisharp|2\n|\n|-weather|none\n|upkeep\n|\n|t:|1700027281\n|switch|p2a: Heatran|Heatran, F|100\/100\n|turn|7\n|\n|t:|1700027288\n|move|p2a: Heatran|Fire Blast|p1a: Heracross\n|-supereffective|p1a: Heracross\n|-damage|p1a: Heracross|0 fnt\n|faint|p1a: Heracross\n|\n|upkeep\n|\n|t:|1700027294\n|switch|p1a: Cloyster|Cloyster, M|100\/100\n|turn|8\n|\n|t:|1700027323\n|-terastallize|p1a: Cloyster|Water\n|move|p1a: Cloyster|Shell Smash|p1a: Cloyster\n|-unboost|p1a: Cloyster|def|1\n|-unboost|p1a: Cloyster|spd|1\n|-boost|p1a: Cloyster|atk|2\n|-boost|p1a: Cloyster|spa|2\n|-boost|p1a: Cloyster|spe|2\n|move|p2a: Heatran|Flash Cannon|p1a: Cloyster\n|-resisted|p1a: Cloyster\n|-damage|p1a: Cloyster|14\/100\n|\n|upkeep\n|turn|9\n|\n|t:|1700027345\n|move|p1a: Cloyster|Waterfall|p2a: Heatran\n|-supereffective|p2a: Heatran\n|-damage|p2a: Heatran|0 fnt\n|faint|p2a: Heatran\n|\n|upkeep\n|\n|t:|1700027349\n|switch|p2a: Sneasler|Sneasler, M|100\/100\n|turn|10\n|\n|t:|1700027355\n|move|p2a: Sneasler|Fake Out|p1a: Cloyster\n|-damage|p1a: Cloyster|0 fnt\n|faint|p1a: Cloyster\n|\n|upkeep\n|\n|t:|1700027359\n|switch|p1a: Ambipom|Ambipom, F|100\/100\n|turn|11\n|\n|t:|1700027363\n|switch|p2a: Cetitan|Cetitan, M|100\/100\n|move|p1a: Ambipom|Fake Out|p2a: Cetitan\n|-damage|p2a: Cetitan|80\/100\n|-damage|p1a: Ambipom|91\/100|[from] item: Life Orb\n|\n|upkeep\n|turn|12\n|\n|t:|1700027380\n|move|p1a: Ambipom|Double Hit|p2a: Cetitan\n|-damage|p2a: Cetitan|61\/100\n|-damage|p2a: Cetitan|40\/100\n|-enditem|p2a: Cetitan|Sitrus Berry|[eat]\n|-heal|p2a: Cetitan|65\/100|[from] item: Sitrus Berry\n|-hitcount|p2a: Cetitan|2\n|-damage|p1a: Ambipom|81\/100|[from] item: Life Orb\n|move|p2a: Cetitan|Belly Drum|p2a: Cetitan\n|-damage|p2a: Cetitan|15\/100\n|-setboost|p2a: Cetitan|atk|6|[from] move: Belly Drum\n|\n|upkeep\n|turn|13\n|\n|t:|1700027403\n|move|p1a: Ambipom|U-turn|p2a: Cetitan\n|-damage|p2a: Cetitan|0 fnt\n|faint|p2a: Cetitan\n|-damage|p1a: Ambipom|71\/100|[from] item: Life Orb\n|\n|t:|1700027408\n|switch|p1a: Toucannon|Toucannon, M|100\/100|[from] U-turn\n|\n|upkeep\n|\n|t:|1700027413\n|switch|p2a: Sneasler|Sneasler, M|100\/100\n|turn|14\n|\n|t:|1700027428\n|-terastallize|p2a: Sneasler|Flying\n|move|p2a: Sneasler|Dire Claw|p1a: Toucannon\n|-damage|p1a: Toucannon|14\/100\n|-status|p1a: Toucannon|psn\n|move|p1a: Toucannon|Drill Peck|p2a: Sneasler\n|-damage|p2a: Sneasler|23\/100\n|\n|-damage|p1a: Toucannon|1\/100 psn|[from] psn\n|upkeep\n|turn|15\n|\n|t:|1700027438\n|move|p2a: Sneasler|Dire Claw|p1a: Toucannon\n|-damage|p1a: Toucannon|0 fnt\n|faint|p1a: Toucannon\n|\n|upkeep\n|\n|t:|1700027441\n|switch|p1a: Ambipom|Ambipom, F|71\/100\n|turn|16\n|\n|t:|1700027445\n|move|p1a: Ambipom|Fake Out|p2a: Sneasler\n|-damage|p2a: Sneasler|0 fnt\n|faint|p2a: Sneasler\n|-damage|p1a: Ambipom|61\/100|[from] item: Life Orb\n|\n|upkeep\n|\n|t:|1700027450\n|switch|p2a: Sceptile|Sceptile, M, shiny|100\/100\n|turn|17\n|\n|t:|1700027459\n|detailschange|p2a: Sceptile|Sceptile-Mega, M, shiny\n|-mega|p2a: Sceptile|Sceptile|Sceptilite\n|move|p2a: Sceptile|Leaf Blade|p1a: Ambipom\n|-damage|p1a: Ambipom|7\/100\n|move|p1a: Ambipom|Double Hit|p2a: Sceptile\n|-damage|p2a: Sceptile|67\/100\n|-damage|p2a: Sceptile|38\/100\n|-hitcount|p2a: Sceptile|2\n|-damage|p1a: Ambipom|0 fnt|[from] item: Life Orb\n|faint|p1a: Ambipom\n|\n|upkeep\n|\n|t:|1700027480\n|switch|p1a: Weavile|Weavile, F|100\/100\n|-ability|p1a: Weavile|Pressure\n|turn|18\n|\n|t:|1700027486\n|move|p2a: Sceptile|Leaf Storm|p1a: Weavile\n|-enditem|p1a: Weavile|Focus Sash\n|-damage|p1a: Weavile|1\/100\n|-unboost|p2a: Sceptile|spa|2\n|move|p1a: Weavile|Triple Axel|p2a: Sceptile|[miss]\n|-miss|p1a: Weavile|p2a: Sceptile\n|\n|upkeep\n|turn|19\n|\n|t:|1700027496\n|move|p2a: Sceptile|Leaf Blade|p1a: Weavile\n|-damage|p1a: Weavile|0 fnt\n|faint|p1a: Weavile\n|\n|upkeep\n|\n|t:|1700027498\n|switch|p1a: Cinccino|Cinccino, M|16\/100\n|turn|20\n|\n|t:|1700027504\n|move|p2a: Sceptile|Leaf Blade|p1a: Cinccino\n|-crit|p1a: Cinccino\n|-damage|p1a: Cinccino|0 fnt\n|faint|p1a: Cinccino\n|\n|win|soughce\n|raw|Hushy123's rating: 1100 &rarr; <strong>1073<\/strong><br \/>(-27 for losing)\n|raw|soughce's rating: 1079 &rarr; <strong>1109<\/strong><br \/>(+30 for winning)\n|l|\u2606Hushy123\n","uploadtime":1700027512,"views":4,"p1id":"hushy123","p2id":"soughce","formatid":"gen9nationaldex","rating":1073,"private":0,"password":""}