{"id":"gen9nationaldex-1988877274","p1":"zyminggg","p2":"CHSwhite","format":"[Gen 9] National Dex","log":"|j|\u2606zyminggg\n|j|\u2606CHSwhite\n|t:|1699779293\n|gametype|singles\n|player|p1|zyminggg|266|\n|player|p2|CHSwhite|gentleman-gen4|\n|teamsize|p1|6\n|teamsize|p2|6\n|gen|9\n|tier|[Gen 9] National Dex\n|rule|HP Percentage Mod: HP is shown in percentages\n|rule|Endless Battle Clause: Forcing endless battles is banned\n|rule|OHKO Clause: OHKO moves are banned\n|rule|Evasion Clause: Evasion abilities, items, and moves are banned\n|rule|Evasion Abilities Clause: Evasion abilities are banned\n|rule|Evasion Items Clause: Evasion items are banned\n|rule|Evasion Moves Clause: Evasion moves are banned\n|rule|Species Clause: Limit one of each Pok\u00e9mon\n|rule|Sleep Clause Mod: Limit one foe put to sleep\n|clearpoke\n|poke|p1|Dondozo, F|\n|poke|p1|Clodsire, F|\n|poke|p1|Sableye, M|\n|poke|p1|Ting-Lu|\n|poke|p1|Corviknight, F|\n|poke|p1|Garganacl, M|\n|poke|p2|Tapu Lele|\n|poke|p2|Alomomola, F|\n|poke|p2|Chansey, F|\n|poke|p2|Lopunny, M|\n|poke|p2|Corviknight, F|\n|poke|p2|Gliscor, F|\n|teampreview\n|inactive|Battle timer is ON: inactive players will automatically lose when time's up. (requested by zyminggg)\n|\n|t:|1699779303\n|start\n|switch|p1a: Sableye|Sableye, M|100\/100\n|switch|p2a: Tapu Lele|Tapu Lele|100\/100\n|-fieldstart|move: Psychic Terrain|[from] ability: Psychic Surge|[of] p2a: Tapu Lele\n|turn|1\n|\n|t:|1699779312\n|detailschange|p1a: Sableye|Sableye-Mega, M\n|-mega|p1a: Sableye|Sableye|Sablenite\n|move|p1a: Sableye|Protect|p1a: Sableye\n|-singleturn|p1a: Sableye|Protect\n|move|p2a: Tapu Lele|Moonblast|p1a: Sableye\n|-activate|p1a: Sableye|move: Protect\n|\n|upkeep\n|turn|2\n|\n|t:|1699779320\n|switch|p1a: Corviknight|Corviknight, F|100\/100\n|-ability|p1a: Corviknight|Pressure\n|move|p2a: Tapu Lele|Moonblast|p1a: Corviknight\n|-resisted|p1a: Corviknight\n|-damage|p1a: Corviknight|67\/100\n|-unboost|p1a: Corviknight|spa|1\n|\n|-heal|p1a: Corviknight|73\/100|[from] item: Leftovers\n|upkeep\n|turn|3\n|\n|t:|1699779341\n|switch|p2a: Gliscor|Gliscor, F|100\/100\n|move|p1a: Corviknight|U-turn|p2a: Gliscor\n|-resisted|p2a: Gliscor\n|-damage|p2a: Gliscor|95\/100\n|\n|t:|1699779353\n|switch|p1a: Sableye|Sableye-Mega, M|100\/100|[from] U-turn\n|\n|-status|p2a: Gliscor|tox|[from] item: Toxic Orb\n|upkeep\n|turn|4\n|\n|t:|1699779366\n|move|p1a: Sableye|Protect|p1a: Sableye\n|-singleturn|p1a: Sableye|Protect\n|move|p2a: Gliscor|Spikes|p1a: Sableye\n|move|p1a: Sableye|Spikes|p2a: Gliscor|[from]ability: Magic Bounce\n|-sidestart|p2: CHSwhite|Spikes\n|\n|-heal|p2a: Gliscor|100\/100 tox|[from] ability: Poison Heal\n|upkeep\n|turn|5\n|\n|t:|1699779376\n|move|p2a: Gliscor|Defog|p1a: Sableye\n|move|p1a: Sableye|Defog|p2a: Gliscor|[from]ability: Magic Bounce\n|-unboost|p2a: Gliscor|evasion|1\n|-sideend|p2: CHSwhite|Spikes|[from] move: Defog|[of] p1a: Sableye\n|-fieldend|move: Psychic Terrain\n|move|p1a: Sableye|Knock Off|p2a: Gliscor\n|-damage|p2a: Gliscor|75\/100 tox\n|-enditem|p2a: Gliscor|Toxic Orb|[from] move: Knock Off|[of] p1a: Sableye\n|\n|-heal|p2a: Gliscor|88\/100 tox|[from] ability: Poison Heal\n|upkeep\n|turn|6\n|\n|t:|1699779389\n|move|p2a: Gliscor|Earthquake|p1a: Sableye\n|-damage|p1a: Sableye|79\/100\n|move|p1a: Sableye|Knock Off|p2a: Gliscor\n|-damage|p2a: Gliscor|73\/100 tox\n|\n|-heal|p2a: Gliscor|85\/100 tox|[from] ability: Poison Heal\n|upkeep\n|turn|7\n|\n|t:|1699779409\n|move|p2a: Gliscor|Earthquake|p1a: Sableye\n|-damage|p1a: Sableye|58\/100\n|move|p1a: Sableye|Knock Off|p2a: Gliscor\n|-damage|p2a: Gliscor|70\/100 tox\n|\n|-heal|p2a: Gliscor|82\/100 tox|[from] ability: Poison Heal\n|upkeep\n|turn|8\n|\n|t:|1699779419\n|move|p2a: Gliscor|Earthquake|p1a: Sableye\n|-damage|p1a: Sableye|35\/100\n|move|p1a: Sableye|Recover|p1a: Sableye\n|-heal|p1a: Sableye|85\/100\n|\n|-heal|p2a: Gliscor|95\/100 tox|[from] ability: Poison Heal\n|upkeep\n|turn|9\n|\n|t:|1699779427\n|move|p2a: Gliscor|Earthquake|p1a: Sableye\n|-damage|p1a: Sableye|62\/100\n|move|p1a: Sableye|Knock Off|p2a: Gliscor\n|-damage|p2a: Gliscor|78\/100 tox\n|\n|-heal|p2a: Gliscor|91\/100 tox|[from] ability: Poison Heal\n|upkeep\n|turn|10\n|\n|t:|1699779436\n|move|p2a: Gliscor|Earthquake|p1a: Sableye\n|-damage|p1a: Sableye|40\/100\n|move|p1a: Sableye|Will-O-Wisp||[still]\n|-fail|p1a: Sableye\n|\n|-heal|p2a: Gliscor|100\/100 tox|[from] ability: Poison Heal\n|upkeep\n|turn|11\n|\n|t:|1699779464\n|move|p2a: Gliscor|Earthquake|p1a: Sableye\n|-damage|p1a: Sableye|16\/100\n|move|p1a: Sableye|Recover|p1a: Sableye\n|-heal|p1a: Sableye|66\/100\n|\n|upkeep\n|turn|12\n|\n|t:|1699779470\n|move|p2a: Gliscor|Earthquake|p1a: Sableye\n|-damage|p1a: Sableye|43\/100\n|move|p1a: Sableye|Recover|p1a: Sableye\n|-heal|p1a: Sableye|93\/100\n|\n|upkeep\n|turn|13\n|\n|t:|1699779482\n|switch|p1a: Corviknight|Corviknight, F|73\/100\n|-ability|p1a: Corviknight|Pressure\n|move|p2a: Gliscor|Earthquake|p1a: Corviknight\n|-immune|p1a: Corviknight\n|\n|-heal|p1a: Corviknight|79\/100|[from] item: Leftovers\n|upkeep\n|turn|14\n|\n|t:|1699779493\n|switch|p2a: Corviknight|Corviknight, F|100\/100\n|-ability|p2a: Corviknight|Pressure\n|move|p1a: Corviknight|Defog|p2a: Corviknight\n|-unboost|p2a: Corviknight|evasion|1\n|\n|-heal|p1a: Corviknight|85\/100|[from] item: Leftovers\n|upkeep\n|turn|15\n|\n|t:|1699779512\n|switch|p1a: Sableye|Sableye-Mega, M|93\/100\n|move|p2a: Corviknight|U-turn|p1a: Sableye\n|-damage|p1a: Sableye|83\/100\n|\n|t:|1699779517\n|switch|p2a: Tapu Lele|Tapu Lele|100\/100|[from] U-turn\n|-fieldstart|move: Psychic Terrain|[from] ability: Psychic Surge|[of] p2a: Tapu Lele\n|\n|upkeep\n|turn|16\n|\n|t:|1699779524\n|move|p1a: Sableye|Protect|p1a: Sableye\n|-singleturn|p1a: Sableye|Protect\n|move|p2a: Tapu Lele|Moonblast|p1a: Sableye\n|-activate|p1a: Sableye|move: Protect\n|\n|upkeep\n|turn|17\n|\n|t:|1699779531\n|switch|p1a: Clodsire|Clodsire, F|100\/100\n|move|p2a: Tapu Lele|Moonblast|p1a: Clodsire\n|-resisted|p1a: Clodsire\n|-damage|p1a: Clodsire|80\/100\n|\n|-heal|p1a: Clodsire|87\/100|[from] item: Leftovers\n|upkeep\n|turn|18\n|\n|t:|1699779550\n|switch|p2a: Gliscor|Gliscor, F|100\/100 tox\n|switch|p1a: Corviknight|Corviknight, F|85\/100\n|-ability|p1a: Corviknight|Pressure\n|\n|-heal|p1a: Corviknight|91\/100|[from] item: Leftovers\n|upkeep\n|turn|19\n|\n|t:|1699779564\n|move|p2a: Gliscor|Spikes|p1a: Corviknight\n|-sidestart|p1: zyminggg|Spikes\n|move|p1a: Corviknight|Defog|p2a: Gliscor\n|-unboost|p2a: Gliscor|evasion|1\n|-sideend|p1: zyminggg|Spikes|[from] move: Defog|[of] p1a: Corviknight\n|-fieldend|move: Psychic Terrain\n|\n|-heal|p1a: Corviknight|97\/100|[from] item: Leftovers\n|upkeep\n|turn|20\n|\n|t:|1699779574\n|switch|p2a: Corviknight|Corviknight, F|100\/100\n|-ability|p2a: Corviknight|Pressure\n|switch|p1a: Sableye|Sableye-Mega, M|83\/100\n|\n|upkeep\n|turn|21\n|\n|t:|1699779587\n|move|p2a: Corviknight|U-turn|p1a: Sableye\n|-damage|p1a: Sableye|74\/100\n|\n|t:|1699779589\n|switch|p2a: Gliscor|Gliscor, F|100\/100 tox|[from] U-turn\n|move|p1a: Sableye|Will-O-Wisp||[still]\n|-fail|p1a: Sableye\n|\n|upkeep\n|turn|22\n|\n|t:|1699779602\n|move|p2a: Gliscor|Protect|p2a: Gliscor\n|-singleturn|p2a: Gliscor|Protect\n|move|p1a: Sableye|Protect||[still]\n|-fail|p1a: Sableye\n|\n|upkeep\n|turn|23\n|\n|t:|1699779610\n|move|p1a: Sableye|Protect|p1a: Sableye\n|-singleturn|p1a: Sableye|Protect\n|move|p2a: Gliscor|Defog|p1a: Sableye\n|-activate|p1a: Sableye|move: Protect\n|\n|upkeep\n|turn|24\n|\n|t:|1699779626\n|switch|p2a: Corviknight|Corviknight, F|100\/100\n|-ability|p2a: Corviknight|Pressure\n|switch|p1a: Corviknight|Corviknight, F|97\/100\n|-ability|p1a: Corviknight|Pressure\n|\n|-heal|p1a: Corviknight|100\/100|[from] item: Leftovers\n|upkeep\n|turn|25\n|\n|t:|1699779642\n|move|p2a: Corviknight|U-turn|p1a: Corviknight\n|-resisted|p1a: Corviknight\n|-damage|p1a: Corviknight|98\/100\n|\n|t:|1699779645\n|switch|p2a: Gliscor|Gliscor, F|100\/100 tox|[from] U-turn\n|move|p1a: Corviknight|U-turn|p2a: Gliscor\n|-resisted|p2a: Gliscor\n|-damage|p2a: Gliscor|95\/100 tox\n|\n|t:|1699779659\n|switch|p1a: Garganacl|Garganacl, M|100\/100|[from] U-turn\n|\n|-heal|p2a: Gliscor|100\/100 tox|[from] ability: Poison Heal\n|upkeep\n|turn|26\n|\n|t:|1699779678\n|switch|p1a: Corviknight|Corviknight, F|98\/100\n|-ability|p1a: Corviknight|Pressure\n|move|p2a: Gliscor|Spikes|p1a: Corviknight\n|-sidestart|p1: zyminggg|Spikes\n|\n|-heal|p1a: Corviknight|100\/100|[from] item: Leftovers\n|upkeep\n|turn|27\n|\n|t:|1699779687\n|switch|p2a: Corviknight|Corviknight, F|100\/100\n|-ability|p2a: Corviknight|Pressure\n|move|p1a: Corviknight|Defog|p2a: Corviknight\n|-unboost|p2a: Corviknight|evasion|1\n|-sideend|p1: zyminggg|Spikes|[from] move: Defog|[of] p1a: Corviknight\n|\n|upkeep\n|turn|28\n|\n|t:|1699779695\n|move|p2a: Corviknight|Iron Defense|p2a: Corviknight\n|-boost|p2a: Corviknight|def|2\n|move|p1a: Corviknight|U-turn|p2a: Corviknight\n|-resisted|p2a: Corviknight\n|-damage|p2a: Corviknight|99\/100\n|\n|t:|1699779708\n|switch|p1a: Sableye|Sableye-Mega, M|74\/100|[from] U-turn\n|\n|upkeep\n|turn|29\n|\n|t:|1699779714\n|switch|p2a: Gliscor|Gliscor, F|100\/100 tox\n|move|p1a: Sableye|Recover|p1a: Sableye\n|-heal|p1a: Sableye|100\/100\n|\n|upkeep\n|turn|30\n|\n|t:|1699779724\n|move|p2a: Gliscor|Defog|p1a: Sableye\n|move|p1a: Sableye|Defog|p2a: Gliscor|[from]ability: Magic Bounce\n|-unboost|p2a: Gliscor|evasion|1\n|move|p1a: Sableye|Knock Off|p2a: Gliscor\n|-damage|p2a: Gliscor|86\/100 tox\n|\n|-heal|p2a: Gliscor|98\/100 tox|[from] ability: Poison Heal\n|upkeep\n|turn|31\n|\n|t:|1699779738\n|switch|p1a: Corviknight|Corviknight, F|100\/100\n|-ability|p1a: Corviknight|Pressure\n|move|p2a: Gliscor|Defog|p1a: Corviknight\n|-unboost|p1a: Corviknight|evasion|1\n|\n|-heal|p2a: Gliscor|100\/100 tox|[from] ability: Poison Heal\n|upkeep\n|turn|32\n|\n|t:|1699779745\n|switch|p2a: Corviknight|Corviknight, F|99\/100\n|-ability|p2a: Corviknight|Pressure\n|move|p1a: Corviknight|U-turn|p2a: Corviknight\n|-resisted|p2a: Corviknight\n|-damage|p2a: Corviknight|97\/100\n|\n|t:|1699779757\n|switch|p1a: Ting-Lu|Ting-Lu|100\/100|[from] U-turn\n|-ability|p1a: Ting-Lu|Vessel of Ruin\n|\n|upkeep\n|turn|33\n|\n|t:|1699779767\n|switch|p1a: Corviknight|Corviknight, F|100\/100\n|-ability|p1a: Corviknight|Pressure\n|move|p2a: Corviknight|U-turn|p1a: Corviknight\n|-resisted|p1a: Corviknight\n|-damage|p1a: Corviknight|98\/100\n|\n|t:|1699779774\n|switch|p2a: Tapu Lele|Tapu Lele|100\/100|[from] U-turn\n|-fieldstart|move: Psychic Terrain|[from] ability: Psychic Surge|[of] p2a: Tapu Lele\n|\n|-heal|p1a: Corviknight|100\/100|[from] item: Leftovers\n|upkeep\n|turn|34\n|\n|t:|1699779785\n|switch|p1a: Ting-Lu|Ting-Lu|100\/100\n|-ability|p1a: Ting-Lu|Vessel of Ruin\n|-terastallize|p2a: Tapu Lele|Psychic\n|move|p2a: Tapu Lele|Psychic|p1a: Ting-Lu\n|-immune|p1a: Ting-Lu\n|\n|upkeep\n|turn|35\n|\n|t:|1699779795\n|switch|p2a: Corviknight|Corviknight, F|97\/100\n|-ability|p2a: Corviknight|Pressure\n|move|p1a: Ting-Lu|Whirlwind|p2a: Corviknight\n|drag|p2a: Chansey|Chansey, F|100\/100\n|\n|upkeep\n|turn|36\n|\n|t:|1699779806\n|switch|p2a: Corviknight|Corviknight, F|97\/100\n|-ability|p2a: Corviknight|Pressure\n|switch|p1a: Sableye|Sableye-Mega, M|100\/100\n|\n|upkeep\n|turn|37\n|\n|t:|1699779820\n|switch|p2a: Gliscor|Gliscor, F|100\/100 tox\n|switch|p1a: Corviknight|Corviknight, F|100\/100\n|-ability|p1a: Corviknight|Pressure\n|\n|-fieldend|move: Psychic Terrain\n|upkeep\n|turn|38\n|\n|t:|1699779828\n|switch|p2a: Corviknight|Corviknight, F|97\/100\n|-ability|p2a: Corviknight|Pressure\n|move|p1a: Corviknight|Defog|p2a: Corviknight\n|-unboost|p2a: Corviknight|evasion|1\n|\n|upkeep\n|turn|39\n|\n|t:|1699779846\n|switch|p2a: Gliscor|Gliscor, F|100\/100 tox\n|move|p1a: Corviknight|U-turn|p2a: Gliscor\n|-resisted|p2a: Gliscor\n|-damage|p2a: Gliscor|95\/100 tox\n|\n|t:|1699779860\n|switch|p1a: Ting-Lu|Ting-Lu|100\/100|[from] U-turn\n|-ability|p1a: Ting-Lu|Vessel of Ruin\n|\n|-heal|p2a: Gliscor|100\/100 tox|[from] ability: Poison Heal\n|upkeep\n|turn|40\n|\n|t:|1699779869\n|switch|p2a: Corviknight|Corviknight, F|97\/100\n|-ability|p2a: Corviknight|Pressure\n|move|p1a: Ting-Lu|Spikes|p2a: Corviknight\n|-sidestart|p2: CHSwhite|Spikes\n|\n|upkeep\n|turn|41\n|\n|t:|1699779884\n|switch|p1a: Dondozo|Dondozo, F|100\/100\n|move|p2a: Corviknight|Iron Defense|p2a: Corviknight\n|-boost|p2a: Corviknight|def|2\n|\n|upkeep\n|turn|42\n|inactive|CHSwhite has 270 seconds left.\n|\n|t:|1699779918\n|move|p2a: Corviknight|U-turn|p1a: Dondozo\n|-damage|p1a: Dondozo|94\/100\n|inactive|CHSwhite has 270 seconds left.\n|\n|t:|1699779923\n|switch|p2a: Tapu Lele|Tapu Lele, tera:Psychic|100\/100|[from] U-turn\n|-damage|p2a: Tapu Lele|88\/100|[from] Spikes\n|-fieldstart|move: Psychic Terrain|[from] ability: Psychic Surge|[of] p2a: Tapu Lele\n|move|p1a: Dondozo|Liquidation|p2a: Tapu Lele\n|-damage|p2a: Tapu Lele|43\/100\n|\n|-heal|p1a: Dondozo|99\/100|[from] item: Leftovers\n|upkeep\n|turn|43\n|inactive|CHSwhite has 270 seconds left.\n|\n|t:|1699779948\n|switch|p1a: Garganacl|Garganacl, M|100\/100\n|move|p2a: Tapu Lele|Psychic|p1a: Garganacl\n|-damage|p1a: Garganacl|18\/100\n|\n|-heal|p1a: Garganacl|24\/100|[from] item: Leftovers\n|upkeep\n|turn|44\n|\n|t:|1699779972\n|switch|p2a: Alomomola|Alomomola, F|100\/100\n|move|p1a: Garganacl|Protect||[still]\n|-fail|p1a: Garganacl\n|\n|-heal|p1a: Garganacl|30\/100|[from] item: Leftovers\n|upkeep\n|turn|45\n|\n|t:|1699779982\n|move|p1a: Garganacl|Protect|p1a: Garganacl\n|-singleturn|p1a: Garganacl|Protect\n|move|p2a: Alomomola|Wish|p2a: Alomomola\n|\n|-heal|p1a: Garganacl|36\/100|[from] item: Leftovers\n|upkeep\n|turn|46\n|\n|t:|1699779991\n|switch|p1a: Clodsire|Clodsire, F|87\/100\n|move|p2a: Alomomola|Flip Turn|p1a: Clodsire\n|-heal|p1a: Clodsire|100\/100|[from] ability: Water Absorb|[of] p2a: Alomomola\n|\n|-fieldend|move: Psychic Terrain\n|upkeep\n|turn|47\n|\n|t:|1699780002\n|switch|p2a: Gliscor|Gliscor, F|100\/100 tox\n|move|p1a: Clodsire|Earthquake|p2a: Gliscor\n|-immune|p2a: Gliscor\n|\n|upkeep\n|turn|48\n|\n|t:|1699780010\n|switch|p1a: Sableye|Sableye-Mega, M|100\/100\n|move|p2a: Gliscor|Defog|p1a: Sableye\n|move|p1a: Sableye|Defog|p2a: Gliscor|[from]ability: Magic Bounce\n|-unboost|p2a: Gliscor|evasion|1\n|-sideend|p2: CHSwhite|Spikes|[from] move: Defog|[of] p1a: Sableye\n|\n|upkeep\n|turn|49\n|\n|t:|1699780022\n|switch|p2a: Corviknight|Corviknight, F|97\/100\n|-ability|p2a: Corviknight|Pressure\n|switch|p1a: Dondozo|Dondozo, F|99\/100\n|\n|-heal|p1a: Dondozo|100\/100|[from] item: Leftovers\n|upkeep\n|turn|50\n|\n|t:|1699780039\n|move|p2a: Corviknight|U-turn|p1a: Dondozo\n|-damage|p1a: Dondozo|94\/100\n|\n|t:|1699780042\n|switch|p2a: Alomomola|Alomomola, F|100\/100|[from] U-turn\n|move|p1a: Dondozo|Curse|p1a: Dondozo\n|-unboost|p1a: Dondozo|spe|1\n|-boost|p1a: Dondozo|atk|1\n|-boost|p1a: Dondozo|def|1\n|\n|-heal|p1a: Dondozo|99\/100|[from] item: Leftovers\n|upkeep\n|turn|51\n|\n|t:|1699780055\n|move|p2a: Alomomola|Toxic|p1a: Dondozo\n|-status|p1a: Dondozo|tox\n|move|p1a: Dondozo|Curse|p1a: Dondozo\n|-unboost|p1a: Dondozo|spe|1\n|-boost|p1a: Dondozo|atk|1\n|-boost|p1a: Dondozo|def|1\n|\n|-heal|p1a: Dondozo|100\/100 tox|[from] item: Leftovers\n|-damage|p1a: Dondozo|94\/100 tox|[from] psn\n|upkeep\n|turn|52\n|\n|t:|1699780068\n|move|p2a: Alomomola|Wish|p2a: Alomomola\n|move|p1a: Dondozo|Liquidation|p2a: Alomomola\n|-resisted|p2a: Alomomola\n|-damage|p2a: Alomomola|84\/100\n|\n|-heal|p1a: Dondozo|100\/100 tox|[from] item: Leftovers\n|-damage|p1a: Dondozo|88\/100 tox|[from] psn\n|upkeep\n|turn|53\n|\n|t:|1699780081\n|move|p2a: Alomomola|Flip Turn|p1a: Dondozo\n|-resisted|p1a: Dondozo\n|-damage|p1a: Dondozo|86\/100 tox\n|\n|t:|1699780084\n|switch|p2a: Corviknight|Corviknight, F|97\/100|[from] Flip Turn\n|-ability|p2a: Corviknight|Pressure\n|move|p1a: Dondozo|Liquidation|p2a: Corviknight\n|-damage|p2a: Corviknight|61\/100\n|\n|-heal|p2a: Corviknight|100\/100|[from] move: Wish|[wisher] Alomomola\n|-heal|p1a: Dondozo|93\/100 tox|[from] item: Leftovers\n|-damage|p1a: Dondozo|74\/100 tox|[from] psn\n|upkeep\n|turn|54\n|inactive|CHSwhite has 270 seconds left.\n|\n|t:|1699780099\n|move|p2a: Corviknight|Iron Defense|p2a: Corviknight\n|-boost|p2a: Corviknight|def|2\n|move|p1a: Dondozo|Liquidation|p2a: Corviknight\n|-damage|p2a: Corviknight|65\/100\n|\n|-heal|p1a: Dondozo|80\/100 tox|[from] item: Leftovers\n|-damage|p1a: Dondozo|56\/100 tox|[from] psn\n|upkeep\n|turn|55\n|inactive|CHSwhite has 270 seconds left.\n|\n|t:|1699780117\n|move|p2a: Corviknight|Roost|p2a: Corviknight\n|-heal|p2a: Corviknight|100\/100\n|-singleturn|p2a: Corviknight|move: Roost\n|move|p1a: Dondozo|Rest|p1a: Dondozo\n|-status|p1a: Dondozo|slp|[from] move: Rest\n|-heal|p1a: Dondozo|100\/100 slp|[silent]\n|\n|upkeep\n|turn|56\n|\n|t:|1699780130\n|move|p2a: Corviknight|U-turn|p1a: Dondozo\n|-damage|p1a: Dondozo|97\/100 slp\n|\n|t:|1699780132\n|switch|p2a: Alomomola|Alomomola, F|100\/100|[from] U-turn\n|cant|p1a: Dondozo|slp\n|move|p1a: Dondozo|Sleep Talk|p1a: Dondozo\n|move|p1a: Dondozo|Curse|p1a: Dondozo|[from]move: Sleep Talk\n|-unboost|p1a: Dondozo|spe|1\n|-boost|p1a: Dondozo|atk|1\n|-boost|p1a: Dondozo|def|1\n|\n|-heal|p1a: Dondozo|100\/100 slp|[from] item: Leftovers\n|upkeep\n|turn|57\n|inactive|CHSwhite has 270 seconds left.\n|\n|t:|1699780147\n|move|p2a: Alomomola|Wish|p2a: Alomomola\n|cant|p1a: Dondozo|slp\n|move|p1a: Dondozo|Sleep Talk|p1a: Dondozo\n|move|p1a: Dondozo|Rest||[from]move: Sleep Talk|[still]\n|-fail|p1a: Dondozo\n|\n|upkeep\n|turn|58\n|inactive|CHSwhite has 270 seconds left.\n|\n|t:|1699780166\n|move|p2a: Alomomola|Flip Turn|p1a: Dondozo\n|-resisted|p1a: Dondozo\n|-damage|p1a: Dondozo|99\/100 slp\n|\n|t:|1699780170\n|switch|p2a: Corviknight|Corviknight, F|100\/100|[from] Flip Turn\n|-ability|p2a: Corviknight|Pressure\n|-curestatus|p1a: Dondozo|slp|[msg]\n|move|p1a: Dondozo|Liquidation|p2a: Corviknight\n|-damage|p2a: Corviknight|60\/100\n|\n|-heal|p2a: Corviknight|100\/100|[from] move: Wish|[wisher] Alomomola\n|-heal|p1a: Dondozo|100\/100|[from] item: Leftovers\n|upkeep\n|turn|59\n|inactive|CHSwhite has 270 seconds left.\n|\n|t:|1699780191\n|move|p2a: Corviknight|Roost||[still]\n|-fail|p2a: Corviknight|heal\n|move|p1a: Dondozo|Liquidation|p2a: Corviknight\n|-damage|p2a: Corviknight|55\/100\n|\n|upkeep\n|turn|60\n|\n|t:|1699780197\n|move|p2a: Corviknight|Roost|p2a: Corviknight\n|-heal|p2a: Corviknight|100\/100\n|-singleturn|p2a: Corviknight|move: Roost\n|move|p1a: Dondozo|Curse|p1a: Dondozo\n|-unboost|p1a: Dondozo|spe|1\n|-boost|p1a: Dondozo|atk|1\n|-boost|p1a: Dondozo|def|1\n|\n|upkeep\n|turn|61\n|\n|t:|1699780207\n|switch|p2a: Alomomola|Alomomola, F|100\/100\n|move|p1a: Dondozo|Liquidation|p2a: Alomomola\n|-resisted|p2a: Alomomola\n|-damage|p2a: Alomomola|79\/100\n|\n|upkeep\n|turn|62\n|inactive|CHSwhite has 270 seconds left.\n|\n|t:|1699780219\n|switch|p1a: Sableye|Sableye-Mega, M|100\/100\n|move|p2a: Alomomola|Wish|p2a: Alomomola\n|\n|upkeep\n|turn|63\n|inactive|CHSwhite has 270 seconds left.\n|\n|t:|1699780230\n|move|p2a: Alomomola|Flip Turn|p1a: Sableye\n|-damage|p1a: Sableye|91\/100\n|\n|t:|1699780234\n|switch|p2a: Gliscor|Gliscor, F|100\/100 tox|[from] Flip Turn\n|move|p1a: Sableye|Will-O-Wisp||[still]\n|-fail|p1a: Sableye\n|\n|upkeep\n|turn|64\n|inactive|CHSwhite has 270 seconds left.\n|\n|t:|1699780250\n|switch|p1a: Dondozo|Dondozo, F|100\/100\n|move|p2a: Gliscor|Spikes|p1a: Dondozo\n|-sidestart|p1: zyminggg|Spikes\n|\n|upkeep\n|turn|65\n|\n|t:|1699780260\n|switch|p2a: Alomomola|Alomomola, F|100\/100\n|move|p1a: Dondozo|Curse|p1a: Dondozo\n|-unboost|p1a: Dondozo|spe|1\n|-boost|p1a: Dondozo|atk|1\n|-boost|p1a: Dondozo|def|1\n|\n|upkeep\n|turn|66\n|\n|t:|1699780272\n|switch|p1a: Corviknight|Corviknight, F|100\/100\n|-ability|p1a: Corviknight|Pressure\n|move|p2a: Alomomola|Protect||[still]\n|-fail|p2a: Alomomola\n|\n|upkeep\n|turn|67\n|\n|t:|1699780280\n|switch|p2a: Corviknight|Corviknight, F|100\/100\n|-ability|p2a: Corviknight|Pressure\n|move|p1a: Corviknight|Roost||[still]\n|-fail|p1a: Corviknight|heal\n|\n|upkeep\n|turn|68\n|\n|t:|1699780296\n|move|p1a: Corviknight|Defog|p2a: Corviknight\n|-unboost|p2a: Corviknight|evasion|1\n|-sideend|p1: zyminggg|Spikes|[from] move: Defog|[of] p1a: Corviknight\n|move|p2a: Corviknight|Iron Defense|p2a: Corviknight\n|-boost|p2a: Corviknight|def|2\n|\n|upkeep\n|turn|69\n|\n|t:|1699780303\n|switch|p1a: Dondozo|Dondozo, F|100\/100\n|move|p2a: Corviknight|Body Press|p1a: Dondozo\n|-damage|p1a: Dondozo|88\/100\n|\n|-heal|p1a: Dondozo|94\/100|[from] item: Leftovers\n|upkeep\n|turn|70\n|\n|t:|1699780313\n|switch|p2a: Alomomola|Alomomola, F|100\/100\n|move|p1a: Dondozo|Liquidation|p2a: Alomomola\n|-resisted|p2a: Alomomola\n|-damage|p2a: Alomomola|93\/100\n|-unboost|p2a: Alomomola|def|1\n|\n|-heal|p1a: Dondozo|99\/100|[from] item: Leftovers\n|upkeep\n|turn|71\n|\n|t:|1699780326\n|move|p2a: Alomomola|Flip Turn|p1a: Dondozo\n|-resisted|p1a: Dondozo\n|-damage|p1a: Dondozo|97\/100\n|\n|t:|1699780329\n|switch|p2a: Corviknight|Corviknight, F|100\/100|[from] Flip Turn\n|-ability|p2a: Corviknight|Pressure\n|move|p1a: Dondozo|Curse|p1a: Dondozo\n|-unboost|p1a: Dondozo|spe|1\n|-boost|p1a: Dondozo|atk|1\n|-boost|p1a: Dondozo|def|1\n|\n|-heal|p1a: Dondozo|100\/100|[from] item: Leftovers\n|upkeep\n|turn|72\n|\n|t:|1699780350\n|move|p2a: Corviknight|Iron Defense|p2a: Corviknight\n|-boost|p2a: Corviknight|def|2\n|move|p1a: Dondozo|Curse|p1a: Dondozo\n|-unboost|p1a: Dondozo|spe|1\n|-boost|p1a: Dondozo|atk|1\n|-boost|p1a: Dondozo|def|1\n|\n|upkeep\n|turn|73\n|\n|t:|1699780366\n|move|p2a: Corviknight|Iron Defense|p2a: Corviknight\n|-boost|p2a: Corviknight|def|2\n|move|p1a: Dondozo|Liquidation|p2a: Corviknight\n|-damage|p2a: Corviknight|63\/100\n|-unboost|p2a: Corviknight|def|1\n|\n|upkeep\n|turn|74\n|\n|t:|1699780375\n|move|p2a: Corviknight|Roost|p2a: Corviknight\n|-heal|p2a: Corviknight|100\/100\n|-singleturn|p2a: Corviknight|move: Roost\n|move|p1a: Dondozo|Curse|p1a: Dondozo\n|-unboost|p1a: Dondozo|spe|1\n|-boost|p1a: Dondozo|atk|1\n|-boost|p1a: Dondozo|def|1\n|\n|upkeep\n|turn|75\n|\n|t:|1699780386\n|switch|p2a: Alomomola|Alomomola, F|100\/100\n|move|p1a: Dondozo|Curse|p1a: Dondozo\n|-unboost|p1a: Dondozo|spe|1\n|-boost|p1a: Dondozo|atk|1\n|-boost|p1a: Dondozo|def|1\n|\n|upkeep\n|turn|76\n|\n|t:|1699780399\n|move|p2a: Alomomola|Wish|p2a: Alomomola\n|move|p1a: Dondozo|Curse|p1a: Dondozo\n|-unboost|p1a: Dondozo|spe|1\n|-boost|p1a: Dondozo|atk|1\n|-boost|p1a: Dondozo|def|1\n|\n|upkeep\n|turn|77\n|\n|t:|1699780406\n|move|p2a: Alomomola|Toxic|p1a: Dondozo\n|-status|p1a: Dondozo|tox\n|move|p1a: Dondozo|Curse|p1a: Dondozo\n|-unboost|p1a: Dondozo|spe|1\n|-boost|p1a: Dondozo|atk|1\n|-boost|p1a: Dondozo|def|1\n|\n|-damage|p1a: Dondozo|94\/100 tox|[from] psn\n|upkeep\n|turn|78\n|l|\u2606zyminggg\n|inactive|zyminggg disconnected and has 300 seconds to reconnect!\n|player|p1|\n|j|\u2606zyminggg\n|inactive|zyminggg reconnected and has 280 seconds left.\n|player|p1|zyminggg|266\n|inactive|zyminggg has 270 seconds left.\n|\n|t:|1699780455\n|move|p2a: Alomomola|Wish|p2a: Alomomola\n|move|p1a: Dondozo|Rest|p1a: Dondozo\n|-status|p1a: Dondozo|slp|[from] move: Rest\n|-heal|p1a: Dondozo|100\/100 slp|[silent]\n|\n|upkeep\n|turn|79\n|\n|t:|1699780462\n|switch|p2a: Corviknight|Corviknight, F|100\/100\n|-ability|p2a: Corviknight|Pressure\n|cant|p1a: Dondozo|slp\n|move|p1a: Dondozo|Sleep Talk|p1a: Dondozo\n|move|p1a: Dondozo|Rest||[from]move: Sleep Talk|[still]\n|-fail|p1a: Dondozo\n|\n|upkeep\n|turn|80\n|\n|t:|1699780475\n|move|p2a: Corviknight|Iron Defense|p2a: Corviknight\n|-boost|p2a: Corviknight|def|2\n|cant|p1a: Dondozo|slp\n|move|p1a: Dondozo|Sleep Talk|p1a: Dondozo\n|move|p1a: Dondozo|Curse|p1a: Dondozo|[from]move: Sleep Talk\n|\n|upkeep\n|turn|81\n|\n|t:|1699780485\n|switch|p2a: Alomomola|Alomomola, F|100\/100\n|-curestatus|p1a: Dondozo|slp|[msg]\n|move|p1a: Dondozo|Liquidation|p2a: Alomomola\n|-resisted|p2a: Alomomola\n|-damage|p2a: Alomomola|68\/100\n|\n|upkeep\n|turn|82\n|\n|t:|1699780493\n|move|p2a: Alomomola|Wish|p2a: Alomomola\n|move|p1a: Dondozo|Curse|p1a: Dondozo\n|\n|upkeep\n|turn|83\n|\n|t:|1699780507\n|move|p2a: Alomomola|Toxic|p1a: Dondozo|[miss]\n|-miss|p2a: Alomomola|p1a: Dondozo\n|move|p1a: Dondozo|Rest|p1a: Dondozo\n|-fail|p1a: Dondozo|heal\n|\n|-heal|p2a: Alomomola|100\/100|[from] move: Wish|[wisher] Alomomola\n|upkeep\n|turn|84\n|\n|t:|1699780521\n|switch|p2a: Corviknight|Corviknight, F|100\/100\n|-ability|p2a: Corviknight|Pressure\n|switch|p1a: Sableye|Sableye-Mega, M|91\/100\n|\n|upkeep\n|turn|85\n|l|\u2606zyminggg\n|inactive|zyminggg disconnected and has 290 seconds to reconnect!\n|player|p1|\n|inactive|zyminggg has 270 seconds to reconnect!\n|j|\u2606zyminggg\n|inactive|zyminggg reconnected and has 300 seconds left.\n|player|p1|zyminggg|266\n|\n|t:|1699780574\n|switch|p2a: Gliscor|Gliscor, F|100\/100 tox\n|switch|p1a: Ting-Lu|Ting-Lu|100\/100\n|-ability|p1a: Ting-Lu|Vessel of Ruin\n|\n|upkeep\n|turn|86\n|\n|t:|1699780584\n|move|p2a: Gliscor|Spikes|p1a: Ting-Lu\n|-sidestart|p1: zyminggg|Spikes\n|move|p1a: Ting-Lu|Spikes|p2a: Gliscor\n|-sidestart|p2: CHSwhite|Spikes\n|\n|upkeep\n|turn|87\n|\n|t:|1699780592\n|move|p2a: Gliscor|Spikes|p1a: Ting-Lu\n|-sidestart|p1: zyminggg|Spikes\n|move|p1a: Ting-Lu|Spikes|p2a: Gliscor\n|-sidestart|p2: CHSwhite|Spikes\n|\n|upkeep\n|turn|88\n|\n|t:|1699780599\n|move|p2a: Gliscor|Defog|p1a: Ting-Lu\n|-unboost|p1a: Ting-Lu|evasion|1\n|-sideend|p1: zyminggg|Spikes|[from] move: Defog|[of] p2a: Gliscor\n|-sideend|p2: CHSwhite|Spikes|[from] move: Defog|[of] p2a: Gliscor\n|move|p1a: Ting-Lu|Spikes|p2a: Gliscor\n|-sidestart|p2: CHSwhite|Spikes\n|\n|upkeep\n|turn|89\n|\n|t:|1699780608\n|move|p2a: Gliscor|Spikes|p1a: Ting-Lu\n|-sidestart|p1: zyminggg|Spikes\n|move|p1a: Ting-Lu|Spikes|p2a: Gliscor\n|-sidestart|p2: CHSwhite|Spikes\n|\n|upkeep\n|turn|90\n|\n|t:|1699780614\n|move|p2a: Gliscor|Defog|p1a: Ting-Lu\n|-unboost|p1a: Ting-Lu|evasion|1\n|-sideend|p1: zyminggg|Spikes|[from] move: Defog|[of] p2a: Gliscor\n|-sideend|p2: CHSwhite|Spikes|[from] move: Defog|[of] p2a: Gliscor\n|move|p1a: Ting-Lu|Spikes|p2a: Gliscor\n|-sidestart|p2: CHSwhite|Spikes\n|\n|upkeep\n|turn|91\n|\n|t:|1699780620\n|move|p2a: Gliscor|Spikes|p1a: Ting-Lu\n|-sidestart|p1: zyminggg|Spikes\n|move|p1a: Ting-Lu|Whirlwind|p2a: Gliscor\n|drag|p2a: Chansey|Chansey, F|100\/100\n|-damage|p2a: Chansey|88\/100|[from] Spikes\n|\n|upkeep\n|turn|92\n|\n|t:|1699780632\n|switch|p1a: Sableye|Sableye-Mega, M|91\/100\n|-damage|p1a: Sableye|79\/100|[from] Spikes\n|move|p2a: Chansey|Seismic Toss|p1a: Sableye\n|-immune|p1a: Sableye\n|\n|upkeep\n|turn|93\n|\n|t:|1699780641\n|switch|p2a: Gliscor|Gliscor, F|100\/100 tox\n|switch|p1a: Ting-Lu|Ting-Lu|100\/100\n|-damage|p1a: Ting-Lu|88\/100|[from] Spikes\n|-ability|p1a: Ting-Lu|Vessel of Ruin\n|\n|-heal|p1a: Ting-Lu|94\/100|[from] item: Leftovers\n|upkeep\n|turn|94\n|\n|t:|1699780655\n|move|p2a: Gliscor|Defog|p1a: Ting-Lu\n|-unboost|p1a: Ting-Lu|evasion|1\n|-sideend|p1: zyminggg|Spikes|[from] move: Defog|[of] p2a: Gliscor\n|-sideend|p2: CHSwhite|Spikes|[from] move: Defog|[of] p2a: Gliscor\n|move|p1a: Ting-Lu|Spikes|p2a: Gliscor\n|-sidestart|p2: CHSwhite|Spikes\n|\n|-heal|p1a: Ting-Lu|100\/100|[from] item: Leftovers\n|upkeep\n|turn|95\n|\n|t:|1699780676\n|move|p2a: Gliscor|Spikes|p1a: Ting-Lu\n|-sidestart|p1: zyminggg|Spikes\n|move|p1a: Ting-Lu|Ruination|p2a: Gliscor|[miss]\n|-miss|p1a: Ting-Lu|p2a: Gliscor\n|\n|upkeep\n|turn|96\n|\n|t:|1699780686\n|move|p2a: Gliscor|Spikes|p1a: Ting-Lu\n|-sidestart|p1: zyminggg|Spikes\n|move|p1a: Ting-Lu|Spikes|p2a: Gliscor\n|-sidestart|p2: CHSwhite|Spikes\n|\n|upkeep\n|turn|97\n|\n|t:|1699780692\n|move|p2a: Gliscor|Spikes|p1a: Ting-Lu\n|-sidestart|p1: zyminggg|Spikes\n|move|p1a: Ting-Lu|Spikes|p2a: Gliscor\n|-sidestart|p2: CHSwhite|Spikes\n|\n|upkeep\n|turn|98\n|\n|t:|1699780698\n|move|p2a: Gliscor|Defog|p1a: Ting-Lu\n|-unboost|p1a: Ting-Lu|evasion|1\n|-sideend|p1: zyminggg|Spikes|[from] move: Defog|[of] p2a: Gliscor\n|-sideend|p2: CHSwhite|Spikes|[from] move: Defog|[of] p2a: Gliscor\n|move|p1a: Ting-Lu|Spikes|p2a: Gliscor\n|-sidestart|p2: CHSwhite|Spikes\n|\n|upkeep\n|turn|99\n|\n|t:|1699780705\n|move|p2a: Gliscor|Spikes|p1a: Ting-Lu\n|-sidestart|p1: zyminggg|Spikes\n|move|p1a: Ting-Lu|Spikes|p2a: Gliscor\n|-sidestart|p2: CHSwhite|Spikes\n|\n|upkeep\n|turn|100\n|\n|t:|1699780713\n|move|p2a: Gliscor|Defog|p1a: Ting-Lu\n|-unboost|p1a: Ting-Lu|evasion|1\n|-sideend|p1: zyminggg|Spikes|[from] move: Defog|[of] p2a: Gliscor\n|-sideend|p2: CHSwhite|Spikes|[from] move: Defog|[of] p2a: Gliscor\n|move|p1a: Ting-Lu|Whirlwind|p2a: Gliscor\n|drag|p2a: Chansey|Chansey, F|88\/100\n|\n|upkeep\n|turn|101\n|\n|t:|1699780728\n|move|p1a: Ting-Lu|Spikes|p2a: Chansey\n|-sidestart|p2: CHSwhite|Spikes\n|move|p2a: Chansey|Teleport|p2a: Chansey\n|\n|t:|1699780741\n|switch|p2a: Alomomola|Alomomola, F|100\/100|[from] Teleport\n|\n|upkeep\n|turn|102\n|\n|t:|1699780746\n|switch|p1a: Clodsire|Clodsire, F|100\/100\n|move|p2a: Alomomola|Wish|p2a: Alomomola\n|\n|upkeep\n|turn|103\n|\n|t:|1699780759\n|switch|p2a: Corviknight|Corviknight, F|100\/100\n|-ability|p2a: Corviknight|Pressure\n|move|p1a: Clodsire|Poison Jab|p2a: Corviknight\n|-immune|p2a: Corviknight\n|\n|upkeep\n|turn|104\n|\n|t:|1699780773\n|switch|p1a: Sableye|Sableye-Mega, M|79\/100\n|move|p2a: Corviknight|Iron Defense|p2a: Corviknight\n|-boost|p2a: Corviknight|def|2\n|\n|upkeep\n|turn|105\n|\n|t:|1699780780\n|switch|p2a: Gliscor|Gliscor, F|100\/100 tox\n|move|p1a: Sableye|Will-O-Wisp||[still]\n|-fail|p1a: Sableye\n|\n|upkeep\n|turn|106\n|\n|t:|1699780801\n|switch|p2a: Corviknight|Corviknight, F|100\/100\n|-ability|p2a: Corviknight|Pressure\n|switch|p1a: Corviknight|Corviknight, F|100\/100\n|-ability|p1a: Corviknight|Pressure\n|\n|upkeep\n|turn|107\n|\n|t:|1699780812\n|move|p1a: Corviknight|U-turn|p2a: Corviknight\n|-resisted|p2a: Corviknight\n|-damage|p2a: Corviknight|98\/100\n|\n|t:|1699780815\n|switch|p1a: Sableye|Sableye-Mega, M|79\/100|[from] U-turn\n|move|p2a: Corviknight|Body Press|p1a: Sableye\n|-immune|p1a: Sableye\n|\n|upkeep\n|turn|108\n|\n|t:|1699780826\n|move|p2a: Corviknight|U-turn|p1a: Sableye\n|-damage|p1a: Sableye|69\/100\n|\n|t:|1699780829\n|switch|p2a: Gliscor|Gliscor, F|100\/100 tox|[from] U-turn\n|move|p1a: Sableye|Knock Off|p2a: Gliscor\n|-damage|p2a: Gliscor|85\/100 tox\n|\n|-heal|p2a: Gliscor|98\/100 tox|[from] ability: Poison Heal\n|upkeep\n|turn|109\n|\n|t:|1699780843\n|move|p2a: Gliscor|Protect|p2a: Gliscor\n|-singleturn|p2a: Gliscor|Protect\n|move|p1a: Sableye|Recover|p1a: Sableye\n|-heal|p1a: Sableye|100\/100\n|\n|-heal|p2a: Gliscor|100\/100 tox|[from] ability: Poison Heal\n|upkeep\n|turn|110\n|\n|t:|1699780871\n|switch|p1a: Corviknight|Corviknight, F|100\/100\n|-ability|p1a: Corviknight|Pressure\n|move|p2a: Gliscor|Earthquake|p1a: Corviknight\n|-immune|p1a: Corviknight\n|\n|upkeep\n|turn|111\n|\n|t:|1699780881\n|switch|p2a: Corviknight|Corviknight, F|98\/100\n|-ability|p2a: Corviknight|Pressure\n|move|p1a: Corviknight|Defog|p2a: Corviknight\n|-unboost|p2a: Corviknight|evasion|1\n|-sideend|p2: CHSwhite|Spikes|[from] move: Defog|[of] p1a: Corviknight\n|\n|upkeep\n|turn|112\n|inactive|CHSwhite has 270 seconds left.\n|\n|t:|1699780904\n|switch|p1a: Sableye|Sableye-Mega, M|100\/100\n|switch|p2a: Gliscor|Gliscor, F|100\/100 tox\n|\n|upkeep\n|turn|113\n|inactive|CHSwhite has 270 seconds left.\n|\n|t:|1699780914\n|switch|p2a: Corviknight|Corviknight, F|98\/100\n|-ability|p2a: Corviknight|Pressure\n|move|p1a: Sableye|Knock Off|p2a: Corviknight\n|-damage|p2a: Corviknight|80\/100\n|-enditem|p2a: Corviknight|Heavy-Duty Boots|[from] move: Knock Off|[of] p1a: Sableye\n|\n|upkeep\n|turn|114\n|inactive|CHSwhite has 270 seconds left.\n|\n|t:|1699780926\n|switch|p2a: Gliscor|Gliscor, F|100\/100 tox\n|move|p1a: Sableye|Will-O-Wisp||[still]\n|-fail|p1a: Sableye\n|\n|upkeep\n|turn|115\n|inactive|CHSwhite has 270 seconds left.\n|\n|t:|1699780937\n|switch|p1a: Corviknight|Corviknight, F|100\/100\n|-ability|p1a: Corviknight|Pressure\n|move|p2a: Gliscor|Protect||[still]\n|-fail|p2a: Gliscor\n|\n|upkeep\n|turn|116\n|\n|t:|1699780945\n|switch|p2a: Alomomola|Alomomola, F|100\/100\n|switch|p1a: Sableye|Sableye-Mega, M|100\/100\n|\n|upkeep\n|turn|117\n|\n|t:|1699780955\n|switch|p1a: Clodsire|Clodsire, F|100\/100\n|move|p2a: Alomomola|Protect||[still]\n|-fail|p2a: Alomomola\n|\n|upkeep\n|turn|118\n|\n|t:|1699780970\n|switch|p1a: Sableye|Sableye-Mega, M|100\/100\n|move|p2a: Alomomola|Wish|p2a: Alomomola\n|\n|upkeep\n|turn|119\n|\n|t:|1699780979\n|switch|p2a: Corviknight|Corviknight, F|80\/100\n|-ability|p2a: Corviknight|Pressure\n|switch|p1a: Corviknight|Corviknight, F|100\/100\n|-ability|p1a: Corviknight|Pressure\n|\n|-heal|p2a: Corviknight|100\/100|[from] move: Wish|[wisher] Alomomola\n|upkeep\n|turn|120\n|\n|t:|1699780995\n|switch|p1a: Sableye|Sableye-Mega, M|100\/100\n|move|p2a: Corviknight|Iron Defense|p2a: Corviknight\n|-boost|p2a: Corviknight|def|2\n|\n|upkeep\n|turn|121\n|\n|t:|1699781003\n|switch|p2a: Gliscor|Gliscor, F|100\/100 tox\n|move|p1a: Sableye|Will-O-Wisp|p2a: Gliscor|[miss]\n|-miss|p1a: Sableye|p2a: Gliscor\n|\n|upkeep\n|turn|122\n|\n|t:|1699781012\n|switch|p2a: Corviknight|Corviknight, F|100\/100\n|-ability|p2a: Corviknight|Pressure\n|switch|p1a: Corviknight|Corviknight, F|100\/100\n|-ability|p1a: Corviknight|Pressure\n|\n|upkeep\n|turn|123\n|inactive|CHSwhite has 270 seconds left.\n|\n|t:|1699781044\n|switch|p2a: Chansey|Chansey, F|88\/100\n|move|p1a: Corviknight|U-turn|p2a: Chansey\n|-damage|p2a: Chansey|78\/100\n|\n|t:|1699781055\n|switch|p1a: Garganacl|Garganacl, M|36\/100|[from] U-turn\n|\n|-heal|p1a: Garganacl|43\/100|[from] item: Leftovers\n|upkeep\n|turn|124\n|inactive|CHSwhite has 270 seconds left.\n|\n|t:|1699781076\n|move|p2a: Chansey|Seismic Toss|p1a: Garganacl\n|-damage|p1a: Garganacl|18\/100\n|move|p1a: Garganacl|Recover|p1a: Garganacl\n|-heal|p1a: Garganacl|68\/100\n|\n|-heal|p1a: Garganacl|74\/100|[from] item: Leftovers\n|upkeep\n|turn|125\n|inactive|CHSwhite has 270 seconds left.\n|l|\u2606zyminggg\n|inactive|zyminggg disconnected and has 255 seconds to reconnect!\n|player|p1|\n|inactive|zyminggg has 240 seconds to reconnect!\n|j|\u2606zyminggg\n|inactive|zyminggg reconnected and has 290 seconds left.\n|player|p1|zyminggg|266\n|inactive|zyminggg has 270 seconds left.\n|\n|t:|1699781125\n|move|p2a: Chansey|Seismic Toss|p1a: Garganacl\n|-damage|p1a: Garganacl|49\/100\n|move|p1a: Garganacl|Salt Cure|p2a: Chansey\n|-damage|p2a: Chansey|70\/100\n|-start|p2a: Chansey|Salt Cure\n|\n|-heal|p1a: Garganacl|55\/100|[from] item: Leftovers\n|-damage|p2a: Chansey|57\/100|[from] Salt Cure\n|upkeep\n|turn|126\n|inactive|zyminggg has 270 seconds left.\n|inactive|CHSwhite has 270 seconds left.\n|\n|t:|1699781138\n|switch|p2a: Gliscor|Gliscor, F|100\/100 tox\n|move|p1a: Garganacl|Recover|p1a: Garganacl\n|-heal|p1a: Garganacl|100\/100\n|\n|upkeep\n|turn|127\n|inactive|zyminggg has 270 seconds left.\n|\n|t:|1699781152\n|move|p1a: Garganacl|Protect|p1a: Garganacl\n|-singleturn|p1a: Garganacl|Protect\n|move|p2a: Gliscor|Spikes|p1a: Garganacl\n|-sidestart|p1: zyminggg|Spikes\n|\n|upkeep\n|turn|128\n|\n|t:|1699781161\n|switch|p1a: Corviknight|Corviknight, F|100\/100\n|-ability|p1a: Corviknight|Pressure\n|move|p2a: Gliscor|Spikes|p1a: Corviknight\n|-sidestart|p1: zyminggg|Spikes\n|\n|upkeep\n|turn|129\n|\n|t:|1699781170\n|switch|p2a: Corviknight|Corviknight, F|100\/100\n|-ability|p2a: Corviknight|Pressure\n|move|p1a: Corviknight|Defog|p2a: Corviknight\n|-unboost|p2a: Corviknight|evasion|1\n|-sideend|p1: zyminggg|Spikes|[from] move: Defog|[of] p1a: Corviknight\n|\n|upkeep\n|turn|130\n|\n|t:|1699781189\n|switch|p2a: Gliscor|Gliscor, F|100\/100 tox\n|move|p1a: Corviknight|U-turn|p2a: Gliscor\n|-resisted|p2a: Gliscor\n|-damage|p2a: Gliscor|95\/100 tox\n|\n|t:|1699781197\n|switch|p1a: Garganacl|Garganacl, M|100\/100|[from] U-turn\n|\n|-heal|p2a: Gliscor|100\/100 tox|[from] ability: Poison Heal\n|upkeep\n|turn|131\n|\n|t:|1699781205\n|move|p2a: Gliscor|Spikes|p1a: Garganacl\n|-sidestart|p1: zyminggg|Spikes\n|move|p1a: Garganacl|Salt Cure|p2a: Gliscor\n|-damage|p2a: Gliscor|89\/100 tox\n|-start|p2a: Gliscor|Salt Cure\n|\n|-heal|p2a: Gliscor|100\/100 tox|[from] ability: Poison Heal\n|-damage|p2a: Gliscor|88\/100 tox|[from] Salt Cure\n|upkeep\n|turn|132\n|\n|t:|1699781216\n|switch|p1a: Sableye|Sableye-Mega, M|100\/100\n|-damage|p1a: Sableye|88\/100|[from] Spikes\n|move|p2a: Gliscor|Protect||[still]\n|-fail|p2a: Gliscor\n|\n|-heal|p2a: Gliscor|100\/100 tox|[from] ability: Poison Heal\n|-damage|p2a: Gliscor|88\/100 tox|[from] Salt Cure\n|upkeep\n|turn|133\n|\n|t:|1699781227\n|switch|p2a: Corviknight|Corviknight, F|100\/100\n|-ability|p2a: Corviknight|Pressure\n|switch|p1a: Corviknight|Corviknight, F|100\/100\n|-ability|p1a: Corviknight|Pressure\n|\n|upkeep\n|turn|134\n|\n|t:|1699781240\n|move|p1a: Corviknight|U-turn|p2a: Corviknight\n|-resisted|p2a: Corviknight\n|-damage|p2a: Corviknight|98\/100\n|\n|t:|1699781246\n|switch|p1a: Sableye|Sableye-Mega, M|88\/100|[from] U-turn\n|-damage|p1a: Sableye|75\/100|[from] Spikes\n|move|p2a: Corviknight|Iron Defense|p2a: Corviknight\n|-boost|p2a: Corviknight|def|2\n|\n|upkeep\n|turn|135\n|\n|t:|1699781259\n|move|p2a: Corviknight|U-turn|p1a: Sableye\n|-damage|p1a: Sableye|65\/100\n|\n|t:|1699781270\n|switch|p2a: Gliscor|Gliscor, F|88\/100 tox|[from] U-turn\n|move|p1a: Sableye|Will-O-Wisp||[still]\n|-fail|p1a: Sableye\n|\n|-heal|p2a: Gliscor|100\/100 tox|[from] ability: Poison Heal\n|upkeep\n|turn|136\n|\n|t:|1699781284\n|switch|p2a: Corviknight|Corviknight, F|98\/100\n|-ability|p2a: Corviknight|Pressure\n|move|p1a: Sableye|Recover|p1a: Sableye\n|-heal|p1a: Sableye|100\/100\n|\n|upkeep\n|turn|137\n|\n|t:|1699781297\n|switch|p2a: Gliscor|Gliscor, F|100\/100 tox\n|move|p1a: Sableye|Knock Off|p2a: Gliscor\n|-damage|p2a: Gliscor|85\/100 tox\n|\n|-heal|p2a: Gliscor|98\/100 tox|[from] ability: Poison Heal\n|upkeep\n|turn|138\n|\n|t:|1699781306\n|switch|p1a: Ting-Lu|Ting-Lu|100\/100\n|-damage|p1a: Ting-Lu|88\/100|[from] Spikes\n|-ability|p1a: Ting-Lu|Vessel of Ruin\n|move|p2a: Gliscor|Protect||[still]\n|-fail|p2a: Gliscor\n|\n|-heal|p1a: Ting-Lu|94\/100|[from] item: Leftovers\n|-heal|p2a: Gliscor|100\/100 tox|[from] ability: Poison Heal\n|upkeep\n|turn|139\n|\n|t:|1699781326\n|switch|p2a: Corviknight|Corviknight, F|98\/100\n|-ability|p2a: Corviknight|Pressure\n|move|p1a: Ting-Lu|Spikes|p2a: Corviknight\n|-sidestart|p2: CHSwhite|Spikes\n|\n|-heal|p1a: Ting-Lu|100\/100|[from] item: Leftovers\n|upkeep\n|turn|140\n|\n|t:|1699781335\n|switch|p2a: Gliscor|Gliscor, F|100\/100 tox\n|move|p1a: Ting-Lu|Whirlwind|p2a: Gliscor\n|drag|p2a: Tapu Lele|Tapu Lele, tera:Psychic|43\/100\n|-damage|p2a: Tapu Lele|31\/100|[from] Spikes\n|-fieldstart|move: Psychic Terrain|[from] ability: Psychic Surge|[of] p2a: Tapu Lele\n|\n|upkeep\n|turn|141\n|\n|t:|1699781352\n|switch|p2a: Gliscor|Gliscor, F|100\/100 tox\n|switch|p1a: Dondozo|Dondozo, F|100\/100\n|-damage|p1a: Dondozo|88\/100|[from] Spikes\n|\n|-heal|p1a: Dondozo|94\/100|[from] item: Leftovers\n|upkeep\n|turn|142\n|\n|t:|1699781374\n|switch|p2a: Alomomola|Alomomola, F|100\/100\n|switch|p1a: Corviknight|Corviknight, F|100\/100\n|-ability|p1a: Corviknight|Pressure\n|\n|upkeep\n|turn|143\n|\n|t:|1699781383\n|switch|p2a: Corviknight|Corviknight, F|98\/100\n|-ability|p2a: Corviknight|Pressure\n|move|p1a: Corviknight|U-turn|p2a: Corviknight\n|-resisted|p2a: Corviknight\n|-damage|p2a: Corviknight|96\/100\n|\n|t:|1699781397\n|switch|p1a: Ting-Lu|Ting-Lu|100\/100|[from] U-turn\n|-damage|p1a: Ting-Lu|88\/100|[from] Spikes\n|-ability|p1a: Ting-Lu|Vessel of Ruin\n|\n|-heal|p1a: Ting-Lu|94\/100|[from] item: Leftovers\n|upkeep\n|turn|144\n|\n|t:|1699781412\n|move|p2a: Corviknight|U-turn|p1a: Ting-Lu\n|-supereffective|p1a: Ting-Lu\n|-damage|p1a: Ting-Lu|79\/100\n|\n|t:|1699781418\n|switch|p2a: Lopunny|Lopunny, M|100\/100|[from] U-turn\n|-damage|p2a: Lopunny|88\/100|[from] Spikes\n|move|p1a: Ting-Lu|Ruination|p2a: Lopunny\n|-damage|p2a: Lopunny|44\/100\n|\n|-heal|p1a: Ting-Lu|85\/100|[from] item: Leftovers\n|-fieldend|move: Psychic Terrain\n|upkeep\n|turn|145\n|\n|t:|1699781438\n|switch|p1a: Dondozo|Dondozo, F|94\/100\n|-damage|p1a: Dondozo|82\/100|[from] Spikes\n|detailschange|p2a: Lopunny|Lopunny-Mega, M\n|-mega|p2a: Lopunny|Lopunny|Lopunnite\n|move|p2a: Lopunny|Close Combat|p1a: Dondozo\n|-damage|p1a: Dondozo|52\/100\n|-unboost|p2a: Lopunny|def|1\n|-unboost|p2a: Lopunny|spd|1\n|\n|-heal|p1a: Dondozo|58\/100|[from] item: Leftovers\n|upkeep\n|turn|146\n|\n|t:|1699781452\n|move|p2a: Lopunny|U-turn|p1a: Dondozo\n|-damage|p1a: Dondozo|47\/100\n|\n|t:|1699781455\n|switch|p2a: Alomomola|Alomomola, F|100\/100|[from] U-turn\n|move|p1a: Dondozo|Rest|p1a: Dondozo\n|-status|p1a: Dondozo|slp|[from] move: Rest\n|-heal|p1a: Dondozo|100\/100 slp|[silent]\n|\n|upkeep\n|turn|147\n|\n|t:|1699781464\n|move|p2a: Alomomola|Wish|p2a: Alomomola\n|cant|p1a: Dondozo|slp\n|move|p1a: Dondozo|Sleep Talk|p1a: Dondozo\n|move|p1a: Dondozo|Rest||[from]move: Sleep Talk|[still]\n|-fail|p1a: Dondozo\n|\n|upkeep\n|turn|148\n|\n|t:|1699781482\n|switch|p2a: Chansey|Chansey, F|57\/100\n|-damage|p2a: Chansey|45\/100|[from] Spikes\n|cant|p1a: Dondozo|slp\n|move|p1a: Dondozo|Sleep Talk|p1a: Dondozo\n|move|p1a: Dondozo|Liquidation|p2a: Chansey|[from]move: Sleep Talk\n|-damage|p2a: Chansey|27\/100\n|\n|-heal|p2a: Chansey|65\/100|[from] move: Wish|[wisher] Alomomola\n|upkeep\n|turn|149\n|\n|t:|1699781499\n|switch|p2a: Gliscor|Gliscor, F|100\/100 tox\n|switch|p1a: Garganacl|Garganacl, M|100\/100\n|-damage|p1a: Garganacl|88\/100|[from] Spikes\n|\n|-heal|p1a: Garganacl|94\/100|[from] item: Leftovers\n|upkeep\n|turn|150\n|\n|t:|1699781510\n|move|p2a: Gliscor|Spikes|p1a: Garganacl\n|-sidestart|p1: zyminggg|Spikes\n|move|p1a: Garganacl|Stealth Rock|p2a: Gliscor\n|-sidestart|p2: CHSwhite|move: Stealth Rock\n|\n|-heal|p1a: Garganacl|100\/100|[from] item: Leftovers\n|upkeep\n|turn|151\n|\n|t:|1699781527\n|switch|p1a: Corviknight|Corviknight, F|100\/100\n|-ability|p1a: Corviknight|Pressure\n|move|p2a: Gliscor|Defog|p1a: Corviknight\n|-unboost|p1a: Corviknight|evasion|1\n|-sideend|p1: zyminggg|Spikes|[from] move: Defog|[of] p2a: Gliscor\n|-sideend|p2: CHSwhite|Spikes|[from] move: Defog|[of] p2a: Gliscor\n|-sideend|p2: CHSwhite|Stealth Rock|[from] move: Defog|[of] p2a: Gliscor\n|\n|upkeep\n|turn|152\n|\n|t:|1699781541\n|switch|p2a: Corviknight|Corviknight, F|96\/100\n|-ability|p2a: Corviknight|Pressure\n|switch|p1a: Sableye|Sableye-Mega, M|100\/100\n|\n|upkeep\n|turn|153\n|inactive|CHSwhite has 270 seconds left.\n|\n|t:|1699781567\n|switch|p2a: Gliscor|Gliscor, F|100\/100 tox\n|switch|p1a: Garganacl|Garganacl, M|100\/100\n|\n|upkeep\n|turn|154\n|inactive|CHSwhite has 270 seconds left.\n|\n|t:|1699781579\n|switch|p2a: Alomomola|Alomomola, F|100\/100\n|move|p1a: Garganacl|Stealth Rock|p2a: Alomomola\n|-sidestart|p2: CHSwhite|move: Stealth Rock\n|\n|upkeep\n|turn|155\n|\n|t:|1699781586\n|move|p2a: Alomomola|Wish|p2a: Alomomola\n|move|p1a: Garganacl|Salt Cure|p2a: Alomomola\n|-damage|p2a: Alomomola|93\/100\n|-start|p2a: Alomomola|Salt Cure\n|\n|-damage|p2a: Alomomola|68\/100|[from] Salt Cure\n|upkeep\n|turn|156\n|\n|t:|1699781602\n|switch|p2a: Tapu Lele|Tapu Lele, tera:Psychic|31\/100\n|-damage|p2a: Tapu Lele|18\/100|[from] Stealth Rock\n|-fieldstart|move: Psychic Terrain|[from] ability: Psychic Surge|[of] p2a: Tapu Lele\n|switch|p1a: Corviknight|Corviknight, F|100\/100\n|-ability|p1a: Corviknight|Pressure\n|\n|-heal|p2a: Tapu Lele|100\/100|[from] move: Wish|[wisher] Alomomola\n|upkeep\n|turn|157\n|\n|t:|1699781616\n|switch|p2a: Corviknight|Corviknight, F|96\/100\n|-damage|p2a: Corviknight|84\/100|[from] Stealth Rock\n|-ability|p2a: Corviknight|Pressure\n|move|p1a: Corviknight|U-turn|p2a: Corviknight\n|-resisted|p2a: Corviknight\n|-damage|p2a: Corviknight|82\/100\n|\n|t:|1699781623\n|switch|p1a: Ting-Lu|Ting-Lu|85\/100|[from] U-turn\n|-ability|p1a: Ting-Lu|Vessel of Ruin\n|\n|-heal|p1a: Ting-Lu|91\/100|[from] item: Leftovers\n|upkeep\n|turn|158\n|\n|t:|1699781638\n|move|p2a: Corviknight|Iron Defense|p2a: Corviknight\n|-boost|p2a: Corviknight|def|2\n|move|p1a: Ting-Lu|Spikes|p2a: Corviknight\n|-sidestart|p2: CHSwhite|Spikes\n|\n|-heal|p1a: Ting-Lu|97\/100|[from] item: Leftovers\n|upkeep\n|turn|159\n|\n|t:|1699781647\n|-terastallize|p1a: Ting-Lu|Poison\n|move|p2a: Corviknight|Body Press|p1a: Ting-Lu\n|-resisted|p1a: Ting-Lu\n|-damage|p1a: Ting-Lu|84\/100\n|move|p1a: Ting-Lu|Spikes|p2a: Corviknight\n|-sidestart|p2: CHSwhite|Spikes\n|\n|-heal|p1a: Ting-Lu|90\/100|[from] item: Leftovers\n|upkeep\n|turn|160\n|inactive|CHSwhite has 270 seconds left.\n|\n|t:|1699781680\n|move|p2a: Corviknight|Body Press|p1a: Ting-Lu\n|-resisted|p1a: Ting-Lu\n|-damage|p1a: Ting-Lu|77\/100\n|move|p1a: Ting-Lu|Whirlwind|p2a: Corviknight\n|drag|p2a: Tapu Lele|Tapu Lele, tera:Psychic|100\/100\n|-damage|p2a: Tapu Lele|88\/100|[from] Stealth Rock\n|-damage|p2a: Tapu Lele|72\/100|[from] Spikes\n|\n|-heal|p1a: Ting-Lu|83\/100|[from] item: Leftovers\n|-fieldend|move: Psychic Terrain\n|upkeep\n|turn|161\n|inactive|CHSwhite has 270 seconds left.\n|\n|t:|1699781695\n|switch|p1a: Dondozo|Dondozo, F|100\/100 slp\n|move|p2a: Tapu Lele|Psychic|p1a: Dondozo\n|-damage|p1a: Dondozo|9\/100 slp\n|\n|-heal|p1a: Dondozo|15\/100 slp|[from] item: Leftovers\n|upkeep\n|turn|162\n|\n|t:|1699781704\n|move|p2a: Tapu Lele|Psychic|p1a: Dondozo\n|-crit|p1a: Dondozo\n|-damage|p1a: Dondozo|0 fnt\n|faint|p1a: Dondozo\n|\n|upkeep\n|\n|t:|1699781711\n|switch|p1a: Sableye|Sableye-Mega, M|100\/100\n|turn|163\n|\n|t:|1699781718\n|switch|p2a: Gliscor|Gliscor, F|100\/100 tox\n|-damage|p2a: Gliscor|88\/100 tox|[from] Stealth Rock\n|switch|p1a: Ting-Lu|Ting-Lu, tera:Poison|83\/100\n|-ability|p1a: Ting-Lu|Vessel of Ruin\n|\n|-heal|p1a: Ting-Lu|89\/100|[from] item: Leftovers\n|-heal|p2a: Gliscor|100\/100 tox|[from] ability: Poison Heal\n|upkeep\n|turn|164\n|inactive|CHSwhite has 270 seconds left.\n|\n|t:|1699781734\n|switch|p1a: Garganacl|Garganacl, M|100\/100\n|move|p2a: Gliscor|Earthquake|p1a: Garganacl\n|-supereffective|p1a: Garganacl\n|-damage|p1a: Garganacl|54\/100\n|\n|-heal|p1a: Garganacl|61\/100|[from] item: Leftovers\n|upkeep\n|turn|165\n|\n|t:|1699781744\n|move|p2a: Gliscor|Defog|p1a: Garganacl\n|-unboost|p1a: Garganacl|evasion|1\n|-sideend|p2: CHSwhite|Spikes|[from] move: Defog|[of] p2a: Gliscor\n|-sideend|p2: CHSwhite|Stealth Rock|[from] move: Defog|[of] p2a: Gliscor\n|move|p1a: Garganacl|Recover|p1a: Garganacl\n|-heal|p1a: Garganacl|100\/100\n|\n|upkeep\n|turn|166\n|inactive|CHSwhite has 270 seconds left.\n|\n|t:|1699781759\n|switch|p2a: Tapu Lele|Tapu Lele, tera:Psychic|72\/100\n|-fieldstart|move: Psychic Terrain|[from] ability: Psychic Surge|[of] p2a: Tapu Lele\n|move|p1a: Garganacl|Stealth Rock|p2a: Tapu Lele\n|-sidestart|p2: CHSwhite|move: Stealth Rock\n|\n|upkeep\n|turn|167\n|inactive|CHSwhite has 270 seconds left.\n|\n|t:|1699781777\n|move|p1a: Garganacl|Protect|p1a: Garganacl\n|-singleturn|p1a: Garganacl|Protect\n|move|p2a: Tapu Lele|Psychic|p1a: Garganacl\n|-activate|p1a: Garganacl|move: Protect\n|\n|upkeep\n|turn|168\n|inactive|CHSwhite has 270 seconds left.\n|\n|t:|1699781787\n|switch|p2a: Gliscor|Gliscor, F|100\/100 tox\n|-damage|p2a: Gliscor|88\/100 tox|[from] Stealth Rock\n|switch|p1a: Sableye|Sableye-Mega, M|100\/100\n|\n|-heal|p2a: Gliscor|100\/100 tox|[from] ability: Poison Heal\n|upkeep\n|turn|169\n|inactive|CHSwhite has 270 seconds left.\n|\n|t:|1699781802\n|switch|p2a: Corviknight|Corviknight, F|82\/100\n|-damage|p2a: Corviknight|70\/100|[from] Stealth Rock\n|-ability|p2a: Corviknight|Pressure\n|switch|p1a: Corviknight|Corviknight, F|100\/100\n|-ability|p1a: Corviknight|Pressure\n|\n|upkeep\n|turn|170\n|inactive|CHSwhite has 270 seconds left.\n|\n|t:|1699781820\n|switch|p1a: Ting-Lu|Ting-Lu, tera:Poison|89\/100\n|-ability|p1a: Ting-Lu|Vessel of Ruin\n|move|p2a: Corviknight|U-turn|p1a: Ting-Lu\n|-resisted|p1a: Ting-Lu\n|-damage|p1a: Ting-Lu|86\/100\n|\n|t:|1699781844\n|switch|p2a: Gliscor|Gliscor, F|100\/100 tox|[from] U-turn\n|-damage|p2a: Gliscor|88\/100 tox|[from] Stealth Rock\n|\n|-heal|p1a: Ting-Lu|92\/100|[from] item: Leftovers\n|-heal|p2a: Gliscor|100\/100 tox|[from] ability: Poison Heal\n|-fieldend|move: Psychic Terrain\n|upkeep\n|turn|171\n|\n|t:|1699781859\n|switch|p1a: Corviknight|Corviknight, F|100\/100\n|-ability|p1a: Corviknight|Pressure\n|move|p2a: Gliscor|Earthquake|p1a: Corviknight\n|-immune|p1a: Corviknight\n|\n|upkeep\n|turn|172\n|\n|t:|1699781869\n|move|p2a: Gliscor|Defog|p1a: Corviknight\n|-unboost|p1a: Corviknight|evasion|1\n|-sideend|p2: CHSwhite|Stealth Rock|[from] move: Defog|[of] p2a: Gliscor\n|move|p1a: Corviknight|U-turn|p2a: Gliscor\n|-resisted|p2a: Gliscor\n|-damage|p2a: Gliscor|95\/100 tox\n|\n|t:|1699781875\n|switch|p1a: Garganacl|Garganacl, M|100\/100|[from] U-turn\n|\n|-heal|p2a: Gliscor|100\/100 tox|[from] ability: Poison Heal\n|upkeep\n|turn|173\n|\n|t:|1699781885\n|switch|p2a: Tapu Lele|Tapu Lele, tera:Psychic|72\/100\n|-fieldstart|move: Psychic Terrain|[from] ability: Psychic Surge|[of] p2a: Tapu Lele\n|switch|p1a: Corviknight|Corviknight, F|100\/100\n|-ability|p1a: Corviknight|Pressure\n|\n|upkeep\n|turn|174\n|\n|t:|1699781912\n|move|p2a: Tapu Lele|Hidden Power|p1a: Corviknight\n|-supereffective|p1a: Corviknight\n|-damage|p1a: Corviknight|43\/100\n|move|p1a: Corviknight|U-turn|p2a: Tapu Lele\n|-supereffective|p2a: Tapu Lele\n|-damage|p2a: Tapu Lele|30\/100\n|\n|t:|1699781927\n|switch|p1a: Ting-Lu|Ting-Lu, tera:Poison|92\/100|[from] U-turn\n|-ability|p1a: Ting-Lu|Vessel of Ruin\n|\n|-heal|p1a: Ting-Lu|98\/100|[from] item: Leftovers\n|upkeep\n|turn|175\n|\n|t:|1699781944\n|switch|p2a: Gliscor|Gliscor, F|100\/100 tox\n|move|p1a: Ting-Lu|Spikes|p2a: Gliscor\n|-sidestart|p2: CHSwhite|Spikes\n|\n|-heal|p1a: Ting-Lu|100\/100|[from] item: Leftovers\n|upkeep\n|turn|176\n|inactive|CHSwhite has 240 seconds left.\n|\n|t:|1699781965\n|switch|p2a: Alomomola|Alomomola, F|100\/100\n|switch|p1a: Corviknight|Corviknight, F|43\/100\n|-ability|p1a: Corviknight|Pressure\n|\n|-heal|p1a: Corviknight|49\/100|[from] item: Leftovers\n|upkeep\n|turn|177\n|inactive|CHSwhite has 240 seconds left.\n|\n|t:|1699781984\n|switch|p2a: Corviknight|Corviknight, F|70\/100\n|-ability|p2a: Corviknight|Pressure\n|move|p1a: Corviknight|Roost|p1a: Corviknight\n|-heal|p1a: Corviknight|99\/100\n|-singleturn|p1a: Corviknight|move: Roost\n|\n|-heal|p1a: Corviknight|100\/100|[from] item: Leftovers\n|-fieldend|move: Psychic Terrain\n|upkeep\n|turn|178\n|\n|t:|1699782007\n|switch|p1a: Ting-Lu|Ting-Lu, tera:Poison|100\/100\n|-ability|p1a: Ting-Lu|Vessel of Ruin\n|move|p2a: Corviknight|Iron Defense|p2a: Corviknight\n|-boost|p2a: Corviknight|def|2\n|\n|upkeep\n|turn|179\n|inactive|CHSwhite has 210 seconds left.\n|\n|t:|1699782039\n|switch|p2a: Alomomola|Alomomola, F|100\/100\n|move|p1a: Ting-Lu|Spikes|p2a: Alomomola\n|-sidestart|p2: CHSwhite|Spikes\n|\n|upkeep\n|turn|180\n|\n|t:|1699782045\n|move|p2a: Alomomola|Wish|p2a: Alomomola\n|move|p1a: Ting-Lu|Spikes|p2a: Alomomola\n|-sidestart|p2: CHSwhite|Spikes\n|\n|upkeep\n|turn|181\n|inactive|CHSwhite has 210 seconds left.\n|\n|t:|1699782065\n|move|p2a: Alomomola|Flip Turn|p1a: Ting-Lu\n|-damage|p1a: Ting-Lu|92\/100\n|\n|t:|1699782071\n|switch|p2a: Lopunny|Lopunny-Mega, M|44\/100|[from] Flip Turn\n|-damage|p2a: Lopunny|20\/100|[from] Spikes\n|move|p1a: Ting-Lu|Ruination|p2a: Lopunny|[miss]\n|-miss|p1a: Ting-Lu|p2a: Lopunny\n|\n|-heal|p2a: Lopunny|100\/100|[from] move: Wish|[wisher] Alomomola\n|-heal|p1a: Ting-Lu|98\/100|[from] item: Leftovers\n|upkeep\n|turn|182\n|\n|t:|1699782090\n|move|p2a: Lopunny|Fake Out|p1a: Ting-Lu\n|-damage|p1a: Ting-Lu|86\/100\n|cant|p1a: Ting-Lu|flinch\n|\n|-heal|p1a: Ting-Lu|92\/100|[from] item: Leftovers\n|upkeep\n|turn|183\n|\n|t:|1699782106\n|switch|p2a: Corviknight|Corviknight, F|70\/100\n|-ability|p2a: Corviknight|Pressure\n|move|p1a: Ting-Lu|Whirlwind|p2a: Corviknight\n|drag|p2a: Tapu Lele|Tapu Lele, tera:Psychic|30\/100\n|-damage|p2a: Tapu Lele|5\/100|[from] Spikes\n|-fieldstart|move: Psychic Terrain|[from] ability: Psychic Surge|[of] p2a: Tapu Lele\n|\n|-heal|p1a: Ting-Lu|98\/100|[from] item: Leftovers\n|upkeep\n|turn|184\n|\n|t:|1699782122\n|move|p2a: Tapu Lele|Psychic|p1a: Ting-Lu\n|-supereffective|p1a: Ting-Lu\n|-damage|p1a: Ting-Lu|0 fnt\n|faint|p1a: Ting-Lu\n|\n|upkeep\n|\n|t:|1699782126\n|switch|p1a: Sableye|Sableye-Mega, M|100\/100\n|turn|185\n|\n|t:|1699782130\n|switch|p2a: Gliscor|Gliscor, F|100\/100 tox\n|switch|p1a: Corviknight|Corviknight, F|100\/100\n|-ability|p1a: Corviknight|Pressure\n|\n|upkeep\n|turn|186\n|inactive|CHSwhite has 210 seconds left.\n|\n|t:|1699782142\n|move|p2a: Gliscor|Spikes|p1a: Corviknight\n|-sidestart|p1: zyminggg|Spikes\n|move|p1a: Corviknight|Body Press|p2a: Gliscor\n|-resisted|p2a: Gliscor\n|-damage|p2a: Gliscor|91\/100 tox\n|\n|-heal|p2a: Gliscor|100\/100 tox|[from] ability: Poison Heal\n|upkeep\n|turn|187\n|inactive|CHSwhite has 210 seconds left.\n|\n|t:|1699782155\n|switch|p2a: Corviknight|Corviknight, F|70\/100\n|-ability|p2a: Corviknight|Pressure\n|move|p1a: Corviknight|Body Press|p2a: Corviknight\n|-damage|p2a: Corviknight|55\/100\n|\n|-fieldend|move: Psychic Terrain\n|upkeep\n|turn|188\n|inactive|CHSwhite has 210 seconds left.\n|\n|t:|1699782168\n|switch|p1a: Garganacl|Garganacl, M|100\/100\n|-damage|p1a: Garganacl|88\/100|[from] Spikes\n|move|p2a: Corviknight|Roost|p2a: Corviknight\n|-heal|p2a: Corviknight|100\/100\n|-singleturn|p2a: Corviknight|move: Roost\n|\n|-heal|p1a: Garganacl|94\/100|[from] item: Leftovers\n|upkeep\n|turn|189\n|inactive|CHSwhite has 210 seconds left.\n|\n|t:|1699782183\n|switch|p2a: Gliscor|Gliscor, F|100\/100 tox\n|move|p1a: Garganacl|Salt Cure|p2a: Gliscor\n|-damage|p2a: Gliscor|89\/100 tox\n|-start|p2a: Gliscor|Salt Cure\n|\n|-heal|p1a: Garganacl|100\/100|[from] item: Leftovers\n|-heal|p2a: Gliscor|100\/100 tox|[from] ability: Poison Heal\n|-damage|p2a: Gliscor|88\/100 tox|[from] Salt Cure\n|upkeep\n|turn|190\n|\n|t:|1699782195\n|switch|p1a: Corviknight|Corviknight, F|100\/100\n|-ability|p1a: Corviknight|Pressure\n|move|p2a: Gliscor|Defog|p1a: Corviknight\n|-unboost|p1a: Corviknight|evasion|1\n|-sideend|p1: zyminggg|Spikes|[from] move: Defog|[of] p2a: Gliscor\n|-sideend|p2: CHSwhite|Spikes|[from] move: Defog|[of] p2a: Gliscor\n|\n|-heal|p2a: Gliscor|100\/100 tox|[from] ability: Poison Heal\n|-damage|p2a: Gliscor|88\/100 tox|[from] Salt Cure\n|upkeep\n|turn|191\n|-message|zyminggg forfeited.\n|\n|win|CHSwhite\n|l|\u2606zyminggg\n","uploadtime":1699782219,"views":22,"p1id":"zyminggg","p2id":"chswhite","formatid":"gen9nationaldex","rating":0,"private":0,"password":""}