{"id":"gen9nationaldex-1995062676","p1":"RakzoTR","p2":"woowoowa","format":"[Gen 9] National Dex","log":"|html|<div class=\"broadcast-blue\"><strong>[Gen 9] National Dex is currently suspecting Sneasler! For information on how to participate check out the <a href=\"https:\/\/www.smogon.com\/forums\/threads\/sv-national-dex-suspect-8-just-dance.3731534\/\">suspect thread<\/a>.<\/strong><\/div>\n|j|\u2606RakzoTR\n|j|\u2606woowoowa\n|t:|1700518493\n|gametype|singles\n|player|p1|RakzoTR|gambler|1516\n|player|p2|woowoowa|102|1428\n|teamsize|p1|6\n|teamsize|p2|6\n|gen|9\n|tier|[Gen 9] National Dex\n|rated|\n|rule|HP Percentage Mod: HP is shown in percentages\n|rule|Endless Battle Clause: Forcing endless battles is banned\n|rule|OHKO Clause: OHKO moves are banned\n|rule|Evasion Clause: Evasion abilities, items, and moves are banned\n|rule|Evasion Abilities Clause: Evasion abilities are banned\n|rule|Evasion Items Clause: Evasion items are banned\n|rule|Evasion Moves Clause: Evasion moves are banned\n|rule|Species Clause: Limit one of each Pok\u00e9mon\n|rule|Sleep Clause Mod: Limit one foe put to sleep\n|clearpoke\n|poke|p1|Goodra-Hisui, F|\n|poke|p1|Ogerpon-Wellspring, F|\n|poke|p1|Donphan, M|\n|poke|p1|Zamazenta-*|\n|poke|p1|Cinderace, M|\n|poke|p1|Zapdos|\n|poke|p2|Dragonite, M|\n|poke|p2|Mamoswine, F|\n|poke|p2|Milotic, M|\n|poke|p2|Serperior, F|\n|poke|p2|Volcarona, M|\n|poke|p2|Heatran, F|\n|teampreview\n|\n|t:|1700518529\n|start\n|switch|p1a: Ogo|Ogerpon-Wellspring, F|100\/100\n|switch|p2a: Serperior|Serperior, F|100\/100\n|turn|1\n|\n|t:|1700518541\n|switch|p1a: Rhaenyra|Goodra-Hisui, F|100\/100\n|move|p2a: Serperior|Glare|p1a: Rhaenyra\n|-status|p1a: Rhaenyra|par\n|\n|upkeep\n|turn|2\n|\n|t:|1700518563\n|switch|p2a: Dragonite|Dragonite, M|100\/100\n|move|p1a: Rhaenyra|Draco Meteor|p2a: Dragonite|[miss]\n|-miss|p1a: Rhaenyra|p2a: Dragonite\n|\n|upkeep\n|turn|3\n|inactive|Battle timer is ON: inactive players will automatically lose when time's up. (requested by woowoowa)\n|\n|t:|1700518618\n|switch|p1a: Zip-Zap-Dos|Zapdos|100\/100\n|-terastallize|p2a: Dragonite|Normal\n|move|p2a: Dragonite|Earthquake|p1a: Zip-Zap-Dos\n|-immune|p1a: Zip-Zap-Dos\n|\n|upkeep\n|turn|4\n|\n|t:|1700518645\n|switch|p2a: Mamoswine|Mamoswine, F|100\/100\n|move|p1a: Zip-Zap-Dos|Hurricane|p2a: Mamoswine\n|-damage|p2a: Mamoswine|41\/100\n|\n|upkeep\n|turn|5\n|\n|t:|1700518662\n|switch|p1a: Ogo|Ogerpon-Wellspring, F|100\/100\n|move|p2a: Mamoswine|Icicle Crash|p1a: Ogo\n|-damage|p1a: Ogo|47\/100\n|\n|upkeep\n|turn|6\n|\n|t:|1700518671\n|move|p2a: Mamoswine|Ice Shard|p1a: Ogo\n|-damage|p1a: Ogo|17\/100\n|move|p1a: Ogo|Ivy Cudgel|p2a: Mamoswine|[anim] Ivy Cudgel Water\n|-supereffective|p2a: Mamoswine\n|-damage|p2a: Mamoswine|0 fnt\n|faint|p2a: Mamoswine\n|\n|upkeep\n|\n|t:|1700518682\n|switch|p2a: Dragonite|Dragonite, M, tera:Normal|100\/100\n|turn|7\n|inactive|RakzoTR has 120 seconds left.\n|\n|t:|1700518723\n|switch|p1a: Zip-Zap-Dos|Zapdos|100\/100\n|move|p2a: Dragonite|Extreme Speed|p1a: Zip-Zap-Dos\n|-damage|p1a: Zip-Zap-Dos|52\/100\n|-damage|p2a: Dragonite|84\/100|[from] item: Rocky Helmet|[of] p1a: Zip-Zap-Dos\n|-status|p2a: Dragonite|par|[from] ability: Static|[of] p1a: Zip-Zap-Dos\n|\n|upkeep\n|turn|8\n|\n|t:|1700518732\n|move|p2a: Dragonite|Extreme Speed|p1a: Zip-Zap-Dos\n|-damage|p1a: Zip-Zap-Dos|1\/100\n|-damage|p2a: Dragonite|68\/100 par|[from] item: Rocky Helmet|[of] p1a: Zip-Zap-Dos\n|move|p1a: Zip-Zap-Dos|Roost|p1a: Zip-Zap-Dos\n|-heal|p1a: Zip-Zap-Dos|51\/100\n|-singleturn|p1a: Zip-Zap-Dos|move: Roost\n|\n|upkeep\n|turn|9\n|inactive|RakzoTR has 120 seconds left.\n|\n|t:|1700518740\n|-terastallize|p1a: Zip-Zap-Dos|Ghost\n|move|p2a: Dragonite|Extreme Speed|p1a: Zip-Zap-Dos\n|-immune|p1a: Zip-Zap-Dos\n|move|p1a: Zip-Zap-Dos|Hurricane|p2a: Dragonite\n|-damage|p2a: Dragonite|5\/100 par\n|-enditem|p2a: Dragonite|Iapapa Berry|[eat]\n|-heal|p2a: Dragonite|38\/100 par|[from] item: Iapapa Berry\n|\n|upkeep\n|turn|10\n|\n|t:|1700518752\n|move|p1a: Zip-Zap-Dos|Roost|p1a: Zip-Zap-Dos\n|-heal|p1a: Zip-Zap-Dos|100\/100\n|cant|p2a: Dragonite|par\n|\n|upkeep\n|turn|11\n|\n|t:|1700518758\n|move|p1a: Zip-Zap-Dos|Hurricane|p2a: Dragonite\n|-damage|p2a: Dragonite|0 fnt\n|faint|p2a: Dragonite\n|\n|upkeep\n|\n|t:|1700518772\n|switch|p2a: Heatran|Heatran, F|100\/100\n|turn|12\n|\n|t:|1700518781\n|move|p1a: Zip-Zap-Dos|Volt Switch|p2a: Heatran\n|-damage|p2a: Heatran|78\/100\n|\n|t:|1700518783\n|switch|p1a: Rhaenyra|Goodra-Hisui, F|100\/100 par|[from] Volt Switch\n|move|p2a: Heatran|Fire Blast|p1a: Rhaenyra\n|-damage|p1a: Rhaenyra|74\/100 par\n|\n|upkeep\n|turn|13\n|\n|t:|1700518793\n|move|p2a: Heatran|Earth Power|p1a: Rhaenyra\n|-supereffective|p1a: Rhaenyra\n|-damage|p1a: Rhaenyra|41\/100 par\n|move|p1a: Rhaenyra|Earthquake|p2a: Heatran\n|-supereffective|p2a: Heatran\n|-damage|p2a: Heatran|3\/100\n|\n|upkeep\n|turn|14\n|\n|t:|1700518816\n|switch|p1a: Zip-Zap-Dos|Zapdos, tera:Ghost|100\/100\n|move|p2a: Heatran|Earth Power|p1a: Zip-Zap-Dos\n|-damage|p1a: Zip-Zap-Dos|66\/100\n|\n|upkeep\n|turn|15\n|\n|t:|1700518822\n|move|p1a: Zip-Zap-Dos|Volt Switch|p2a: Heatran\n|-damage|p2a: Heatran|0 fnt\n|faint|p2a: Heatran\n|\n|t:|1700518829\n|switch|p1a: Rhaenyra|Goodra-Hisui, F|41\/100 par|[from] Volt Switch\n|\n|upkeep\n|\n|t:|1700518834\n|switch|p2a: Volcarona|Volcarona, M|100\/100\n|turn|16\n|\n|t:|1700518840\n|move|p2a: Volcarona|Fiery Dance|p1a: Rhaenyra\n|-damage|p1a: Rhaenyra|19\/100 par\n|-boost|p2a: Volcarona|spa|1\n|move|p1a: Rhaenyra|Draco Meteor|p2a: Volcarona\n|-damage|p2a: Volcarona|27\/100\n|-unboost|p1a: Rhaenyra|spa|2\n|\n|upkeep\n|turn|17\n|\n|t:|1700518850\n|move|p2a: Volcarona|Fiery Dance|p1a: Rhaenyra\n|-damage|p1a: Rhaenyra|0 fnt\n|-boost|p2a: Volcarona|spa|1\n|faint|p1a: Rhaenyra\n|\n|upkeep\n|\n|t:|1700518852\n|switch|p1a: Rammot|Cinderace, M|100\/100\n|turn|18\n|\n|t:|1700518857\n|move|p1a: Rammot|Pyro Ball|p2a: Volcarona\n|-damage|p2a: Volcarona|0 fnt\n|faint|p2a: Volcarona\n|\n|upkeep\n|\n|t:|1700518862\n|switch|p2a: Milotic|Milotic, M|100\/100\n|turn|19\n|\n|t:|1700518868\n|move|p1a: Rammot|U-turn|p2a: Milotic\n|-damage|p2a: Milotic|88\/100\n|\n|t:|1700518871\n|switch|p1a: Zip-Zap-Dos|Zapdos, tera:Ghost|66\/100|[from] U-turn\n|move|p2a: Milotic|Scald|p1a: Zip-Zap-Dos\n|-damage|p1a: Zip-Zap-Dos|37\/100\n|\n|-heal|p2a: Milotic|94\/100|[from] item: Leftovers\n|upkeep\n|turn|20\n|\n|t:|1700518881\n|move|p1a: Zip-Zap-Dos|Roost|p1a: Zip-Zap-Dos\n|-heal|p1a: Zip-Zap-Dos|87\/100\n|move|p2a: Milotic|Toxic|p1a: Zip-Zap-Dos\n|-status|p1a: Zip-Zap-Dos|tox\n|\n|-heal|p2a: Milotic|99\/100|[from] item: Leftovers\n|-damage|p1a: Zip-Zap-Dos|81\/100 tox|[from] psn\n|upkeep\n|turn|21\n|\n|t:|1700518891\n|switch|p2a: Serperior|Serperior, F|100\/100\n|move|p1a: Zip-Zap-Dos|Volt Switch|p2a: Serperior\n|-resisted|p2a: Serperior\n|-crit|p2a: Serperior\n|-damage|p2a: Serperior|63\/100\n|\n|t:|1700518894\n|switch|p1a: Rammot|Cinderace, M|100\/100|[from] Volt Switch\n|\n|upkeep\n|turn|22\n|\n|t:|1700518901\n|move|p1a: Rammot|U-turn|p2a: Serperior\n|-supereffective|p2a: Serperior\n|-damage|p2a: Serperior|21\/100\n|-enditem|p2a: Serperior|Aguav Berry|[eat]\n|-heal|p2a: Serperior|54\/100|[from] item: Aguav Berry\n|\n|t:|1700518911\n|switch|p1a: Kandula|Donphan, M|100\/100|[from] U-turn\n|move|p2a: Serperior|Leaf Storm|p1a: Kandula\n|-supereffective|p1a: Kandula\n|-ability|p1a: Kandula|Sturdy\n|-damage|p1a: Kandula|1\/100\n|-boost|p2a: Serperior|spa|2\n|\n|upkeep\n|turn|23\n|\n|t:|1700518920\n|switch|p1a: Ogo|Ogerpon-Wellspring, F|17\/100\n|move|p2a: Serperior|Leaf Storm|p1a: Ogo\n|-damage|p1a: Ogo|0 fnt\n|-boost|p2a: Serperior|spa|2\n|faint|p1a: Ogo\n|\n|upkeep\n|\n|t:|1700518924\n|switch|p1a: Rammot|Cinderace, M|100\/100\n|turn|24\n|\n|t:|1700518933\n|move|p1a: Rammot|Pyro Ball|p2a: Serperior\n|-supereffective|p2a: Serperior\n|-damage|p2a: Serperior|0 fnt\n|faint|p2a: Serperior\n|\n|upkeep\n|\n|t:|1700518939\n|switch|p2a: Milotic|Milotic, M|99\/100\n|turn|25\n|\n|t:|1700518945\n|move|p1a: Rammot|Will-O-Wisp|p2a: Milotic\n|-status|p2a: Milotic|brn\n|move|p2a: Milotic|Scald|p1a: Rammot\n|-supereffective|p1a: Rammot\n|-damage|p1a: Rammot|34\/100\n|\n|-heal|p2a: Milotic|100\/100 brn|[from] item: Leftovers\n|-damage|p2a: Milotic|94\/100 brn|[from] brn\n|upkeep\n|turn|26\n|\n|t:|1700518954\n|move|p1a: Rammot|Pyro Ball|p2a: Milotic\n|-resisted|p2a: Milotic\n|-damage|p2a: Milotic|83\/100 brn\n|move|p2a: Milotic|Scald|p1a: Rammot\n|-supereffective|p1a: Rammot\n|-damage|p1a: Rammot|0 fnt\n|faint|p1a: Rammot\n|\n|-heal|p2a: Milotic|90\/100 brn|[from] item: Leftovers\n|-damage|p2a: Milotic|83\/100 brn|[from] brn\n|upkeep\n|\n|t:|1700518959\n|switch|p1a: Kandula|Donphan, M|1\/100\n|turn|27\n|\n|t:|1700518967\n|move|p1a: Kandula|Endeavor|p2a: Milotic\n|-damage|p2a: Milotic|1\/100 brn\n|move|p2a: Milotic|Scald|p1a: Kandula\n|-supereffective|p1a: Kandula\n|-damage|p1a: Kandula|0 fnt\n|faint|p1a: Kandula\n|\n|-heal|p2a: Milotic|7\/100 brn|[from] item: Leftovers\n|-damage|p2a: Milotic|1\/100 brn|[from] brn\n|upkeep\n|c|\u2606RakzoTR|Gg\n|\n|t:|1700518974\n|switch|p1a: WhatTheDogDoing?|Zamazenta|100\/100\n|-ability|p1a: WhatTheDogDoing?|Dauntless Shield|boost\n|-boost|p1a: WhatTheDogDoing?|def|1\n|turn|28\n|\n|t:|1700518980\n|move|p1a: WhatTheDogDoing?|Close Combat|p2a: Milotic\n|-damage|p2a: Milotic|0 fnt\n|-unboost|p1a: WhatTheDogDoing?|def|1\n|-unboost|p1a: WhatTheDogDoing?|spd|1\n|faint|p2a: Milotic\n|\n|win|RakzoTR\n|raw|RakzoTR's rating: 1539 &rarr; <strong>1553<\/strong><br \/>(+14 for winning)\n|raw|woowoowa's rating: 1428 &rarr; <strong>1414<\/strong><br \/>(-14 for losing)\n|l|\u2606woowoowa\n","uploadtime":1700519037,"views":1,"p1id":"rakzotr","p2id":"woowoowa","formatid":"gen9nationaldex","rating":1414,"private":0,"password":""}