{"id":"gen9nationaldex-1990798899","p1":"Abrar83","p2":"leona misa","format":"[Gen 9] National Dex","log":"|j|\u2606Abrar83\n|j|\u2606leona misa\n|t:|1700001971\n|gametype|singles\n|player|p1|Abrar83|nobunaga-conquest|1645\n|player|p2|leona misa|skierf|1699\n|teamsize|p1|6\n|teamsize|p2|6\n|gen|9\n|tier|[Gen 9] National Dex\n|rated|\n|rule|HP Percentage Mod: HP is shown in percentages\n|rule|Endless Battle Clause: Forcing endless battles is banned\n|rule|OHKO Clause: OHKO moves are banned\n|rule|Evasion Clause: Evasion abilities, items, and moves are banned\n|rule|Evasion Abilities Clause: Evasion abilities are banned\n|rule|Evasion Items Clause: Evasion items are banned\n|rule|Evasion Moves Clause: Evasion moves are banned\n|rule|Species Clause: Limit one of each Pok\u00e9mon\n|rule|Sleep Clause Mod: Limit one foe put to sleep\n|clearpoke\n|poke|p1|Gardevoir, M|\n|poke|p1|Arcanine-Hisui, F|\n|poke|p1|Dragonite, F|\n|poke|p1|Bisharp, M|\n|poke|p1|Zapdos|\n|poke|p1|Great Tusk|\n|poke|p2|Ursaluna, M|\n|poke|p2|Marowak-Alola, M|\n|poke|p2|Iron Hands|\n|poke|p2|Hatterene, F|\n|poke|p2|Xatu, M|\n|poke|p2|Porygon2|\n|teampreview\n|inactive|Battle timer is ON: inactive players will automatically lose when time's up. (requested by leona misa)\n|\n|t:|1700001987\n|start\n|switch|p1a: Sasakibe|Zapdos|100\/100\n|switch|p2a: Hatterene|Hatterene, F|100\/100\n|turn|1\n|\n|t:|1700002000\n|-zpower|p1a: Sasakibe\n|move|p1a: Sasakibe|Supersonic Skystrike|p2a: Hatterene|[zeffect]\n|-enditem|p2a: Hatterene|Focus Sash\n|-damage|p2a: Hatterene|1\/100\n|move|p2a: Hatterene|Trick Room|p2a: Hatterene\n|-fieldstart|move: Trick Room|[of] p2a: Hatterene\n|\n|upkeep\n|turn|2\n|\n|t:|1700002007\n|move|p2a: Hatterene|Healing Wish|p2a: Hatterene\n|faint|p2a: Hatterene\n|move|p1a: Sasakibe|Discharge|p2: Hatterene|[notarget]\n|-fail|p1a: Sasakibe\n|\n|upkeep\n|\n|t:|1700002030\n|switch|p2a: Iron Hands|Iron Hands|100\/100\n|turn|3\n|\n|t:|1700002034\n|move|p2a: Iron Hands|Swords Dance|p2a: Iron Hands\n|-boost|p2a: Iron Hands|atk|2\n|move|p1a: Sasakibe|Hurricane|p2a: Iron Hands|[miss]\n|-miss|p1a: Sasakibe|p2a: Iron Hands\n|\n|upkeep\n|turn|4\n|\n|t:|1700002039\n|move|p2a: Iron Hands|Ice Punch|p1a: Sasakibe\n|-supereffective|p1a: Sasakibe\n|-damage|p1a: Sasakibe|0 fnt\n|faint|p1a: Sasakibe\n|\n|upkeep\n|\n|t:|1700002052\n|switch|p1a: Pina|Dragonite, F|100\/100\n|turn|5\n|\n|t:|1700002054\n|switch|p1a: Zolo|Bisharp, M|100\/100\n|move|p2a: Iron Hands|Ice Punch|p1a: Zolo\n|-resisted|p1a: Zolo\n|-damage|p1a: Zolo|79\/100\n|\n|-fieldend|move: Trick Room\n|upkeep\n|turn|6\n|\n|t:|1700002070\n|switch|p1a: Pina|Dragonite, F|100\/100\n|move|p2a: Iron Hands|Close Combat|p1a: Pina\n|-resisted|p1a: Pina\n|-damage|p1a: Pina|67\/100\n|-unboost|p2a: Iron Hands|def|1\n|-unboost|p2a: Iron Hands|spd|1\n|\n|-heal|p1a: Pina|73\/100|[from] item: Leftovers\n|upkeep\n|turn|7\n|\n|t:|1700002082\n|-end|p2a: Iron Hands|Quark Drive|[silent]\n|switch|p2a: Porygon2|Porygon2|100\/100\n|-ability|p2a: Porygon2|Multiscale|[from] ability: Trace|[of] p1a: Pina\n|-terastallize|p1a: Pina|Normal\n|move|p1a: Pina|Roost|p1a: Pina\n|-heal|p1a: Pina|100\/100\n|\n|upkeep\n|turn|8\n|\n|t:|1700002097\n|move|p1a: Pina|Curse|p1a: Pina\n|-unboost|p1a: Pina|spe|1\n|-boost|p1a: Pina|atk|1\n|-boost|p1a: Pina|def|1\n|move|p2a: Porygon2|Trick Room|p2a: Porygon2\n|-fieldstart|move: Trick Room|[of] p2a: Porygon2\n|\n|upkeep\n|turn|9\n|\n|t:|1700002112\n|move|p1a: Pina|Curse|p1a: Pina\n|-unboost|p1a: Pina|spe|1\n|-boost|p1a: Pina|atk|1\n|-boost|p1a: Pina|def|1\n|move|p2a: Porygon2|Foul Play|p1a: Pina\n|-damage|p1a: Pina|87\/100\n|\n|-heal|p1a: Pina|93\/100|[from] item: Leftovers\n|upkeep\n|turn|10\n|\n|t:|1700002118\n|move|p1a: Pina|Curse|p1a: Pina\n|-unboost|p1a: Pina|spe|1\n|-boost|p1a: Pina|atk|1\n|-boost|p1a: Pina|def|1\n|move|p2a: Porygon2|Teleport|p2a: Porygon2\n|\n|t:|1700002124\n|switch|p2a: Iron Hands|Iron Hands|100\/100|[from] Teleport\n|\n|-heal|p1a: Pina|99\/100|[from] item: Leftovers\n|upkeep\n|turn|11\n|\n|t:|1700002133\n|move|p1a: Pina|Extreme Speed|p2a: Iron Hands\n|-damage|p2a: Iron Hands|43\/100\n|move|p2a: Iron Hands|Close Combat|p1a: Pina\n|-supereffective|p1a: Pina\n|-damage|p1a: Pina|45\/100\n|-unboost|p2a: Iron Hands|def|1\n|-unboost|p2a: Iron Hands|spd|1\n|\n|-heal|p1a: Pina|51\/100|[from] item: Leftovers\n|upkeep\n|turn|12\n|\n|t:|1700002140\n|move|p1a: Pina|Extreme Speed|p2a: Iron Hands\n|-damage|p2a: Iron Hands|0 fnt\n|faint|p2a: Iron Hands\n|-end|p2a: Iron Hands|Quark Drive|[silent]\n|\n|-heal|p1a: Pina|57\/100|[from] item: Leftovers\n|-fieldend|move: Trick Room\n|upkeep\n|\n|t:|1700002151\n|switch|p2a: Xatu|Xatu, M|100\/100\n|turn|13\n|\n|t:|1700002153\n|move|p2a: Xatu|Toxic|p1a: Pina\n|-status|p1a: Pina|tox\n|move|p1a: Pina|Roost|p1a: Pina\n|-heal|p1a: Pina|100\/100 tox\n|\n|-damage|p1a: Pina|94\/100 tox|[from] psn\n|upkeep\n|turn|14\n|\n|t:|1700002157\n|move|p1a: Pina|Extreme Speed|p2a: Xatu\n|-damage|p2a: Xatu|18\/100\n|move|p2a: Xatu|Wish|p2a: Xatu\n|\n|-heal|p1a: Pina|100\/100 tox|[from] item: Leftovers\n|-damage|p1a: Pina|88\/100 tox|[from] psn\n|upkeep\n|turn|15\n|\n|t:|1700002168\n|switch|p2a: Porygon2|Porygon2|100\/100\n|-ability|p2a: Porygon2|Multiscale|[from] ability: Trace|[of] p1a: Pina\n|move|p1a: Pina|Dragon Tail|p2a: Porygon2\n|-damage|p2a: Porygon2|80\/100\n|drag|p2a: Ursaluna|Ursaluna, M|100\/100\n|\n|-heal|p1a: Pina|94\/100 tox|[from] item: Leftovers\n|-damage|p1a: Pina|76\/100 tox|[from] psn\n|-status|p2a: Ursaluna|brn|[from] item: Flame Orb\n|upkeep\n|turn|16\n|\n|t:|1700002188\n|move|p1a: Pina|Extreme Speed|p2a: Ursaluna\n|-damage|p2a: Ursaluna|38\/100 brn\n|move|p2a: Ursaluna|Headlong Rush|p1a: Pina\n|-damage|p1a: Pina|38\/100 tox\n|-unboost|p2a: Ursaluna|def|1\n|-unboost|p2a: Ursaluna|spd|1\n|\n|-heal|p1a: Pina|45\/100 tox|[from] item: Leftovers\n|-damage|p1a: Pina|20\/100 tox|[from] psn\n|-damage|p2a: Ursaluna|32\/100 brn|[from] brn\n|upkeep\n|turn|17\n|\n|t:|1700002205\n|switch|p2a: Marowak|Marowak-Alola, M|100\/100\n|move|p1a: Pina|Dragon Tail|p2a: Marowak\n|-damage|p2a: Marowak|31\/100\n|drag|p2a: Xatu|Xatu, M|18\/100\n|-heal|p2a: Xatu|100\/100|[from] move: Healing Wish\n|\n|-heal|p1a: Pina|26\/100 tox|[from] item: Leftovers\n|-damage|p1a: Pina|0 fnt|[from] psn\n|faint|p1a: Pina\n|upkeep\n|inactive|Abrar83 has 120 seconds left.\n|\n|t:|1700002254\n|switch|p1a: Milotic?|Arcanine-Hisui, F|100\/100\n|turn|18\n|\n|t:|1700002271\n|move|p1a: Milotic?|Head Smash|p2a: Xatu|[miss]\n|-miss|p1a: Milotic?|p2a: Xatu\n|move|p2a: Xatu|Trick Room|p2a: Xatu\n|-fieldstart|move: Trick Room|[of] p2a: Xatu\n|\n|upkeep\n|turn|19\n|\n|t:|1700002275\n|move|p2a: Xatu|Wish|p2a: Xatu\n|move|p1a: Milotic?|Head Smash|p2a: Xatu\n|-supereffective|p2a: Xatu\n|-damage|p2a: Xatu|0 fnt\n|faint|p2a: Xatu\n|\n|upkeep\n|\n|t:|1700002283\n|switch|p2a: Ursaluna|Ursaluna, M|32\/100 brn\n|turn|20\n|inactive|Abrar83 has 120 seconds left.\n|\n|t:|1700002294\n|move|p2a: Ursaluna|Headlong Rush|p1a: Milotic?\n|-supereffective|p1a: Milotic?\n|-damage|p1a: Milotic?|0 fnt\n|-unboost|p2a: Ursaluna|def|1\n|-unboost|p2a: Ursaluna|spd|1\n|faint|p1a: Milotic?\n|\n|-heal|p2a: Ursaluna|68\/100 brn|[from] move: Wish|[wisher] Xatu\n|-damage|p2a: Ursaluna|62\/100 brn|[from] brn\n|upkeep\n|inactive|Abrar83 has 120 seconds left.\n|\n|t:|1700002317\n|switch|p1a: Ode To Joy|Great Tusk|100\/100\n|-enditem|p1a: Ode To Joy|Booster Energy\n|-activate|p1a: Ode To Joy|ability: Protosynthesis|[fromitem]\n|-start|p1a: Ode To Joy|protosynthesisatk\n|turn|21\n|\n|t:|1700002340\n|-terastallize|p2a: Ursaluna|Normal\n|move|p2a: Ursaluna|Facade|p1a: Ode To Joy\n|-crit|p1a: Ode To Joy\n|-damage|p1a: Ode To Joy|0 fnt\n|faint|p1a: Ode To Joy\n|-end|p1a: Ode To Joy|Protosynthesis|[silent]\n|\n|-damage|p2a: Ursaluna|56\/100 brn|[from] brn\n|upkeep\n|\n|t:|1700002349\n|switch|p1a: Zolo|Bisharp, M|79\/100\n|turn|22\n|\n|t:|1700002358\n|switch|p2a: Porygon2|Porygon2|80\/100\n|-ability|p2a: Porygon2|Defiant|[from] ability: Trace|[of] p1a: Zolo\n|move|p1a: Zolo|Sucker Punch||[still]\n|-fail|p1a: Zolo\n|\n|-fieldend|move: Trick Room\n|upkeep\n|turn|23\n|\n|t:|1700002365\n|move|p1a: Zolo|Swords Dance|p1a: Zolo\n|-boost|p1a: Zolo|atk|2\n|move|p2a: Porygon2|Trick Room|p2a: Porygon2\n|-fieldstart|move: Trick Room|[of] p2a: Porygon2\n|\n|upkeep\n|turn|24\n|\n|t:|1700002370\n|move|p2a: Porygon2|Foul Play|p1a: Zolo\n|-resisted|p1a: Zolo\n|-damage|p1a: Zolo|55\/100\n|move|p1a: Zolo|Knock Off|p2a: Porygon2\n|-damage|p2a: Porygon2|6\/100\n|-enditem|p2a: Porygon2|Eviolite|[from] move: Knock Off|[of] p1a: Zolo\n|\n|upkeep\n|turn|25\n|inactive|Abrar83 has 120 seconds left.\n|\n|t:|1700002376\n|move|p1a: Zolo|Sucker Punch|p2a: Porygon2\n|-damage|p2a: Porygon2|0 fnt\n|faint|p2a: Porygon2\n|\n|upkeep\n|\n|t:|1700002379\n|switch|p2a: Ursaluna|Ursaluna, M, tera:Normal|56\/100 brn\n|turn|26\n|\n|t:|1700002384\n|move|p1a: Zolo|Sucker Punch|p2a: Ursaluna\n|-damage|p2a: Ursaluna|0 fnt\n|faint|p2a: Ursaluna\n|\n|upkeep\n|\n|t:|1700002386\n|switch|p2a: Marowak|Marowak-Alola, M|31\/100\n|turn|27\n|\n|t:|1700002389\n|move|p1a: Zolo|Sucker Punch||[still]\n|-fail|p1a: Zolo\n|move|p2a: Marowak|Swords Dance|p2a: Marowak\n|-boost|p2a: Marowak|atk|2\n|\n|-fieldend|move: Trick Room\n|upkeep\n|turn|28\n|\n|t:|1700002396\n|move|p1a: Zolo|Knock Off|p2a: Marowak\n|-supereffective|p2a: Marowak\n|-damage|p2a: Marowak|0 fnt\n|-enditem|p2a: Marowak|Thick Club|[from] move: Knock Off|[of] p1a: Zolo\n|faint|p2a: Marowak\n|\n|win|Abrar83\n|raw|Abrar83's rating: 1645 &rarr; <strong>1668<\/strong><br \/>(+23 for winning)\n|raw|leona misa's rating: 1699 &rarr; <strong>1676<\/strong><br \/>(-23 for losing)\n|l|\u2606leona misa\n|l|\u2606Abrar83\n|j|\u2606Abrar83\n|player|p1|Abrar83|nobunaga-conquest\n","uploadtime":1700002529,"views":10,"p1id":"abrar83","p2id":"leonamisa","formatid":"gen9nationaldex","rating":1668,"private":0,"password":""}