{"id":"gen9nationaldex-1992575329","p1":"monkey kkkkkk","p2":"ZaochuanPomelo","format":"[Gen 9] National Dex","log":"|j|\u2606monkey kkkkkk\n|j|\u2606ZaochuanPomelo\n|t:|1700208550\n|gametype|singles\n|player|p1|monkey kkkkkk|twins-gen4dp|1153\n|player|p2|ZaochuanPomelo|whitney|1284\n|teamsize|p1|6\n|teamsize|p2|6\n|gen|9\n|tier|[Gen 9] National Dex\n|rated|\n|rule|HP Percentage Mod: HP is shown in percentages\n|rule|Endless Battle Clause: Forcing endless battles is banned\n|rule|OHKO Clause: OHKO moves are banned\n|rule|Evasion Clause: Evasion abilities, items, and moves are banned\n|rule|Evasion Abilities Clause: Evasion abilities are banned\n|rule|Evasion Items Clause: Evasion items are banned\n|rule|Evasion Moves Clause: Evasion moves are banned\n|rule|Species Clause: Limit one of each Pok\u00e9mon\n|rule|Sleep Clause Mod: Limit one foe put to sleep\n|clearpoke\n|poke|p1|Hawlucha, M|\n|poke|p1|Garchomp, M|\n|poke|p1|Medicham, F|\n|poke|p1|Hoopa|\n|poke|p1|Tsareena, F|\n|poke|p1|Indeedee, M|\n|poke|p2|Charizard, F|\n|poke|p2|Serperior, F|\n|poke|p2|Tyranitar, M|\n|poke|p2|Great Tusk|\n|poke|p2|Doublade, F|\n|poke|p2|Alomomola, F|\n|teampreview\n|inactive|Battle timer is ON: inactive players will automatically lose when time's up. (requested by ZaochuanPomelo)\n|c|\u2606monkey kkkkkk|\u65e9\u5ddd\u79cb\uff1f\n|\n|t:|1700208575\n|start\n|switch|p1a: Medicham|Medicham, F|100\/100\n|switch|p2a: Great Tusk|Great Tusk|100\/100\n|turn|1\n|\n|t:|1700208592\n|-end|p2a: Great Tusk|Protosynthesis|[silent]\n|switch|p2a: Doublade|Doublade, F|100\/100\n|detailschange|p1a: Medicham|Medicham-Mega, F\n|-mega|p1a: Medicham|Medicham|Medichamite\n|move|p1a: Medicham|Fake Out|p2a: Doublade\n|-immune|p2a: Doublade\n|\n|upkeep\n|turn|2\n|\n|t:|1700208607\n|switch|p1a: Garchomp|Garchomp, M|100\/100\n|move|p2a: Doublade|Shadow Sneak|p1a: Garchomp\n|-damage|p1a: Garchomp|79\/100\n|-damage|p2a: Doublade|88\/100|[from] ability: Rough Skin|[of] p1a: Garchomp\n|\n|upkeep\n|turn|3\n|\n|t:|1700208624\n|switch|p2a: Alomomola|Alomomola, F, shiny|100\/100\n|move|p1a: Garchomp|Stealth Rock|p2a: Alomomola\n|-sidestart|p2: ZaochuanPomelo|move: Stealth Rock\n|\n|upkeep\n|turn|4\n|\n|t:|1700208636\n|move|p1a: Garchomp|Swords Dance|p1a: Garchomp\n|-boost|p1a: Garchomp|atk|2\n|move|p2a: Alomomola|Toxic|p1a: Garchomp\n|-status|p1a: Garchomp|tox\n|\n|-damage|p1a: Garchomp|73\/100 tox|[from] psn\n|upkeep\n|turn|5\n|\n|t:|1700208641\n|move|p1a: Garchomp|Swords Dance|p1a: Garchomp\n|-boost|p1a: Garchomp|atk|2\n|move|p2a: Alomomola|Flip Turn|p1a: Garchomp\n|-damage|p1a: Garchomp|58\/100 tox\n|-damage|p2a: Alomomola|88\/100|[from] ability: Rough Skin|[of] p1a: Garchomp\n|inactive|ZaochuanPomelo has 120 seconds left.\n|\n|t:|1700208668\n|switch|p2a: Doublade|Doublade, F|88\/100|[from] Flip Turn\n|-damage|p2a: Doublade|82\/100|[from] Stealth Rock\n|\n|-damage|p1a: Garchomp|45\/100 tox|[from] psn\n|upkeep\n|turn|6\n|\n|t:|1700208676\n|move|p2a: Doublade|Shadow Sneak|p1a: Garchomp\n|-damage|p1a: Garchomp|27\/100 tox\n|-damage|p2a: Doublade|69\/100|[from] ability: Rough Skin|[of] p1a: Garchomp\n|move|p1a: Garchomp|Earthquake|p2a: Doublade\n|-supereffective|p2a: Doublade\n|-damage|p2a: Doublade|0 fnt\n|faint|p2a: Doublade\n|\n|-damage|p1a: Garchomp|8\/100 tox|[from] psn\n|upkeep\n|\n|t:|1700208685\n|switch|p2a: Serperior|Serperior, F|100\/100\n|-damage|p2a: Serperior|88\/100|[from] Stealth Rock\n|turn|7\n|\n|t:|1700208706\n|switch|p1a: Indeedee|Indeedee, M|100\/100\n|-fieldstart|move: Psychic Terrain|[from] ability: Psychic Surge|[of] p1a: Indeedee\n|move|p2a: Serperior|Leaf Storm|p1a: Indeedee\n|-damage|p1a: Indeedee|41\/100\n|-boost|p2a: Serperior|spa|2\n|\n|-heal|p2a: Serperior|94\/100|[from] item: Leftovers\n|upkeep\n|turn|8\n|\n|t:|1700208719\n|switch|p2a: Tyranitar|Tyranitar, M|100\/100\n|-damage|p2a: Tyranitar|88\/100|[from] Stealth Rock\n|-weather|Sandstorm|[from] ability: Sand Stream|[of] p2a: Tyranitar\n|move|p1a: Indeedee|Healing Wish|p1a: Indeedee\n|faint|p1a: Indeedee\n|\n|-weather|Sandstorm|[upkeep]\n|upkeep\n|\n|t:|1700208727\n|switch|p1a: Garchomp|Garchomp, M|8\/100 tox\n|-heal|p1a: Garchomp|100\/100|[from] move: Healing Wish\n|turn|9\n|\n|t:|1700208739\n|move|p1a: Garchomp|Swords Dance|p1a: Garchomp\n|-boost|p1a: Garchomp|atk|2\n|move|p2a: Tyranitar|Ice Beam|p1a: Garchomp\n|-supereffective|p1a: Garchomp\n|-crit|p1a: Garchomp\n|-damage|p1a: Garchomp|0 fnt\n|faint|p1a: Garchomp\n|\n|-weather|Sandstorm|[upkeep]\n|upkeep\n|\n|t:|1700208749\n|switch|p1a: Hawlucha|Hawlucha, M|100\/100\n|-enditem|p1a: Hawlucha|Psychic Seed\n|-boost|p1a: Hawlucha|spd|1|[from] item: Psychic Seed\n|turn|10\n|\n|t:|1700208764\n|switch|p2a: Alomomola|Alomomola, F, shiny|100\/100\n|move|p1a: Hawlucha|Swords Dance|p1a: Hawlucha\n|-boost|p1a: Hawlucha|atk|2\n|\n|-weather|Sandstorm|[upkeep]\n|-damage|p1a: Hawlucha|94\/100|[from] Sandstorm\n|-damage|p2a: Alomomola|94\/100|[from] Sandstorm\n|upkeep\n|turn|11\n|\n|t:|1700208772\n|move|p1a: Hawlucha|Close Combat|p2a: Alomomola\n|-damage|p2a: Alomomola|42\/100\n|-unboost|p1a: Hawlucha|def|1\n|-unboost|p1a: Hawlucha|spd|1\n|move|p2a: Alomomola|Toxic|p1a: Hawlucha\n|-status|p1a: Hawlucha|tox\n|\n|-weather|Sandstorm|[upkeep]\n|-damage|p1a: Hawlucha|88\/100 tox|[from] Sandstorm\n|-damage|p2a: Alomomola|35\/100|[from] Sandstorm\n|-damage|p1a: Hawlucha|82\/100 tox|[from] psn\n|-fieldend|move: Psychic Terrain\n|upkeep\n|turn|12\n|\n|t:|1700208780\n|move|p2a: Alomomola|Protect|p2a: Alomomola\n|-singleturn|p2a: Alomomola|Protect\n|move|p1a: Hawlucha|Acrobatics|p2a: Alomomola\n|-activate|p2a: Alomomola|move: Protect\n|\n|-weather|none\n|-damage|p1a: Hawlucha|70\/100 tox|[from] psn\n|upkeep\n|turn|13\n|\n|t:|1700208790\n|switch|p2a: Tyranitar|Tyranitar, M|88\/100\n|-damage|p2a: Tyranitar|76\/100|[from] Stealth Rock\n|-weather|Sandstorm|[from] ability: Sand Stream|[of] p2a: Tyranitar\n|move|p1a: Hawlucha|Swords Dance|p1a: Hawlucha\n|-boost|p1a: Hawlucha|atk|2\n|\n|-weather|Sandstorm|[upkeep]\n|-damage|p1a: Hawlucha|64\/100 tox|[from] Sandstorm\n|-damage|p1a: Hawlucha|46\/100 tox|[from] psn\n|upkeep\n|turn|14\n|\n|t:|1700208812\n|-terastallize|p2a: Tyranitar|Flying\n|move|p1a: Hawlucha|Close Combat|p2a: Tyranitar\n|-resisted|p2a: Tyranitar\n|-damage|p2a: Tyranitar|10\/100\n|-unboost|p1a: Hawlucha|def|1\n|-unboost|p1a: Hawlucha|spd|1\n|move|p2a: Tyranitar|Stealth Rock|p1a: Hawlucha\n|-sidestart|p1: monkey kkkkkk|move: Stealth Rock\n|\n|-weather|Sandstorm|[upkeep]\n|-damage|p1a: Hawlucha|40\/100 tox|[from] Sandstorm\n|-damage|p2a: Tyranitar|3\/100|[from] Sandstorm\n|-damage|p1a: Hawlucha|16\/100 tox|[from] psn\n|upkeep\n|turn|15\n|\n|t:|1700208829\n|move|p1a: Hawlucha|Acrobatics|p2a: Tyranitar\n|-damage|p2a: Tyranitar|0 fnt\n|faint|p2a: Tyranitar\n|\n|-weather|Sandstorm|[upkeep]\n|-damage|p1a: Hawlucha|10\/100 tox|[from] Sandstorm\n|-damage|p1a: Hawlucha|0 fnt|[from] psn\n|faint|p1a: Hawlucha\n|upkeep\n|\n|t:|1700208843\n|switch|p1a: Tsareena|Tsareena, F|100\/100\n|switch|p2a: Great Tusk|Great Tusk|100\/100\n|-damage|p2a: Great Tusk|98\/100|[from] Stealth Rock\n|turn|16\n|\n|t:|1700208853\n|switch|p1a: Hoopa|Hoopa|100\/100\n|-damage|p1a: Hoopa|88\/100|[from] Stealth Rock\n|move|p2a: Great Tusk|Rapid Spin|p1a: Hoopa\n|-immune|p1a: Hoopa\n|\n|-weather|Sandstorm|[upkeep]\n|-damage|p1a: Hoopa|82\/100|[from] Sandstorm\n|upkeep\n|turn|17\n|\n|t:|1700208871\n|move|p1a: Hoopa|Psychic|p2a: Great Tusk\n|-supereffective|p2a: Great Tusk\n|-damage|p2a: Great Tusk|0 fnt\n|faint|p2a: Great Tusk\n|-end|p2a: Great Tusk|Protosynthesis|[silent]\n|\n|-weather|none\n|upkeep\n|\n|t:|1700208880\n|switch|p2a: Serperior|Serperior, F|94\/100\n|-damage|p2a: Serperior|82\/100|[from] Stealth Rock\n|turn|18\n|\n|t:|1700208888\n|move|p1a: Hoopa|Psychic|p2a: Serperior\n|-damage|p2a: Serperior|26\/100\n|-boost|p2a: Serperior|spd|1\n|move|p2a: Serperior|Leaf Storm|p1a: Hoopa\n|-damage|p1a: Hoopa|42\/100\n|-boost|p2a: Serperior|spa|2\n|\n|-heal|p2a: Serperior|32\/100|[from] item: Leftovers\n|upkeep\n|turn|19\n|\n|t:|1700208894\n|switch|p2a: Alomomola|Alomomola, F, shiny|69\/100\n|move|p1a: Hoopa|Psychic|p2a: Alomomola\n|-damage|p2a: Alomomola|8\/100\n|\n|upkeep\n|turn|20\n|\n|t:|1700208901\n|move|p2a: Alomomola|Protect|p2a: Alomomola\n|-singleturn|p2a: Alomomola|Protect\n|move|p1a: Hoopa|Psychic|p2a: Alomomola\n|-activate|p2a: Alomomola|move: Protect\n|\n|upkeep\n|turn|21\n|\n|t:|1700208907\n|move|p1a: Hoopa|Psychic|p2a: Alomomola\n|-damage|p2a: Alomomola|0 fnt\n|faint|p2a: Alomomola\n|\n|upkeep\n|\n|t:|1700208915\n|switch|p2a: Charizard|Charizard, F|100\/100\n|-damage|p2a: Charizard|51\/100|[from] Stealth Rock\n|turn|22\n|\n|t:|1700208922\n|detailschange|p2a: Charizard|Charizard-Mega-Y, F\n|-mega|p2a: Charizard|Charizard|Charizardite Y\n|-weather|SunnyDay|[from] ability: Drought|[of] p2a: Charizard\n|move|p1a: Hoopa|Psychic|p2a: Charizard\n|-damage|p2a: Charizard|0 fnt\n|faint|p2a: Charizard\n|\n|-weather|SunnyDay|[upkeep]\n|upkeep\n|\n|t:|1700208927\n|switch|p2a: Serperior|Serperior, F|32\/100\n|-damage|p2a: Serperior|20\/100|[from] Stealth Rock\n|turn|23\n|\n|t:|1700208929\n|move|p1a: Hoopa|Psychic|p2a: Serperior\n|-damage|p2a: Serperior|0 fnt\n|faint|p2a: Serperior\n|\n|win|monkey kkkkkk\n|raw|monkey kkkkkk's rating: 1153 &rarr; <strong>1187<\/strong><br \/>(+34 for winning)\n|raw|ZaochuanPomelo's rating: 1284 &rarr; <strong>1250<\/strong><br \/>(-34 for losing)\n|l|\u2606ZaochuanPomelo\n","uploadtime":1700208937,"views":5,"p1id":"monkeykkkkkk","p2id":"zaochuanpomelo","formatid":"gen9nationaldex","rating":1187,"private":0,"password":""}