{"id":"gen9nationaldex-1992678508","p1":"Cutu boy","p2":"Ribbit Mania","format":"[Gen 9] National Dex","log":"|j|\u2606Cutu boy\n|j|\u2606Ribbit Mania\n|t:|1700224225\n|gametype|singles\n|player|p1|Cutu boy|giovanni|1130\n|player|p2|Ribbit Mania|skierf|1129\n|teamsize|p1|6\n|teamsize|p2|6\n|gen|9\n|tier|[Gen 9] National Dex\n|rated|\n|rule|HP Percentage Mod: HP is shown in percentages\n|rule|Endless Battle Clause: Forcing endless battles is banned\n|rule|OHKO Clause: OHKO moves are banned\n|rule|Evasion Clause: Evasion abilities, items, and moves are banned\n|rule|Evasion Abilities Clause: Evasion abilities are banned\n|rule|Evasion Items Clause: Evasion items are banned\n|rule|Evasion Moves Clause: Evasion moves are banned\n|rule|Species Clause: Limit one of each Pok\u00e9mon\n|rule|Sleep Clause Mod: Limit one foe put to sleep\n|clearpoke\n|poke|p1|Poliwrath, F|\n|poke|p1|Pelipper, M|\n|poke|p1|Overqwil, M|\n|poke|p1|Rillaboom, F|\n|poke|p1|Iron Treads|\n|poke|p1|Zapdos|\n|poke|p2|Maushold|\n|poke|p2|Cloyster, F|\n|poke|p2|Cinccino, M|\n|poke|p2|Gliscor, M|\n|poke|p2|Blaziken, M|\n|poke|p2|Beedrill, M|\n|teampreview\n|inactive|Battle timer is ON: inactive players will automatically lose when time's up. (requested by Ribbit Mania)\n|\n|t:|1700224235\n|start\n|switch|p1a: Pelipper|Pelipper, M|100\/100\n|switch|p2a: Euphemism|Cloyster, F|100\/100\n|-weather|RainDance|[from] ability: Drizzle|[of] p1a: Pelipper\n|turn|1\n|\n|t:|1700224244\n|move|p2a: Euphemism|Shell Smash|p2a: Euphemism\n|-unboost|p2a: Euphemism|def|1\n|-unboost|p2a: Euphemism|spd|1\n|-boost|p2a: Euphemism|atk|2\n|-boost|p2a: Euphemism|spa|2\n|-boost|p2a: Euphemism|spe|2\n|move|p1a: Pelipper|U-turn|p2a: Euphemism\n|-damage|p2a: Euphemism|90\/100\n|\n|t:|1700224254\n|switch|p1a: Poliwrath|Poliwrath, F|100\/100|[from] U-turn\n|\n|-weather|RainDance|[upkeep]\n|upkeep\n|turn|2\n|\n|t:|1700224264\n|move|p2a: Euphemism|Protect|p2a: Euphemism\n|-singleturn|p2a: Euphemism|Protect\n|move|p1a: Poliwrath|Drain Punch|p2a: Euphemism\n|-activate|p2a: Euphemism|move: Protect\n|\n|-weather|RainDance|[upkeep]\n|upkeep\n|turn|3\n|\n|t:|1700224276\n|move|p1a: Poliwrath|Drain Punch|p2a: Euphemism\n|-supereffective|p2a: Euphemism\n|-damage|p2a: Euphemism|12\/100\n|move|p2a: Euphemism|Icicle Spear|p1a: Poliwrath\n|-resisted|p1a: Poliwrath\n|-damage|p1a: Poliwrath|89\/100\n|-resisted|p1a: Poliwrath\n|-damage|p1a: Poliwrath|76\/100\n|-resisted|p1a: Poliwrath\n|-damage|p1a: Poliwrath|62\/100\n|-resisted|p1a: Poliwrath\n|-damage|p1a: Poliwrath|50\/100\n|-enditem|p1a: Poliwrath|Sitrus Berry|[eat]\n|-heal|p1a: Poliwrath|74\/100|[from] item: Sitrus Berry\n|-resisted|p1a: Poliwrath\n|-damage|p1a: Poliwrath|62\/100\n|-hitcount|p1a: Poliwrath|5\n|\n|-weather|RainDance|[upkeep]\n|upkeep\n|turn|4\n|\n|t:|1700224296\n|move|p1a: Poliwrath|Drain Punch|p2a: Euphemism\n|-supereffective|p2a: Euphemism\n|-damage|p2a: Euphemism|0 fnt\n|-heal|p1a: Poliwrath|67\/100|[from] drain|[of] p2a: Euphemism\n|faint|p2a: Euphemism\n|\n|-weather|RainDance|[upkeep]\n|upkeep\n|\n|t:|1700224304\n|switch|p2a: MUDAMUDAMUDAMUDA|Maushold|100\/100\n|turn|5\n|\n|t:|1700224308\n|-terastallize|p2a: MUDAMUDAMUDAMUDA|Ghost\n|move|p1a: Poliwrath|Drain Punch|p2a: MUDAMUDAMUDAMUDA\n|-immune|p2a: MUDAMUDAMUDAMUDA\n|move|p2a: MUDAMUDAMUDAMUDA|Tidy Up|p2a: MUDAMUDAMUDAMUDA\n|-boost|p2a: MUDAMUDAMUDAMUDA|atk|1\n|-boost|p2a: MUDAMUDAMUDAMUDA|spe|1\n|\n|-weather|RainDance|[upkeep]\n|upkeep\n|turn|6\n|\n|t:|1700224322\n|move|p2a: MUDAMUDAMUDAMUDA|Bullet Seed|p1a: Poliwrath\n|-supereffective|p1a: Poliwrath\n|-damage|p1a: Poliwrath|37\/100\n|-supereffective|p1a: Poliwrath\n|-damage|p1a: Poliwrath|8\/100\n|-supereffective|p1a: Poliwrath\n|-damage|p1a: Poliwrath|0 fnt\n|faint|p1a: Poliwrath\n|-hitcount|p1: Poliwrath|3\n|\n|-weather|RainDance|[upkeep]\n|upkeep\n|\n|t:|1700224335\n|switch|p1a: Overqwil|Overqwil, M|100\/100\n|turn|7\n|\n|t:|1700224344\n|move|p1a: Overqwil|Crunch|p2a: MUDAMUDAMUDAMUDA\n|-supereffective|p2a: MUDAMUDAMUDAMUDA\n|-damage|p2a: MUDAMUDAMUDAMUDA|0 fnt\n|faint|p2a: MUDAMUDAMUDAMUDA\n|-damage|p1a: Overqwil|91\/100|[from] item: Life Orb\n|\n|-weather|RainDance|[upkeep]\n|upkeep\n|\n|t:|1700224353\n|switch|p2a: Miles Prower|Cinccino, M, shiny|100\/100\n|turn|8\n|\n|t:|1700224358\n|move|p1a: Overqwil|Swords Dance|p1a: Overqwil\n|-boost|p1a: Overqwil|atk|2\n|move|p2a: Miles Prower|Rock Blast|p1a: Overqwil\n|-damage|p1a: Overqwil|80\/100\n|-damage|p1a: Overqwil|69\/100\n|-damage|p1a: Overqwil|58\/100\n|-damage|p1a: Overqwil|47\/100\n|-damage|p1a: Overqwil|34\/100\n|-hitcount|p1a: Overqwil|5\n|-damage|p2a: Miles Prower|91\/100|[from] item: Life Orb\n|\n|-weather|none\n|upkeep\n|turn|9\n|\n|t:|1700224373\n|-terastallize|p1a: Overqwil|Water\n|move|p2a: Miles Prower|Rock Blast|p1a: Overqwil\n|-damage|p1a: Overqwil|23\/100\n|-damage|p1a: Overqwil|12\/100\n|-damage|p1a: Overqwil|0 fnt\n|faint|p1a: Overqwil\n|-hitcount|p1: Overqwil|3\n|-damage|p2a: Miles Prower|81\/100|[from] item: Life Orb\n|\n|upkeep\n|\n|t:|1700224391\n|switch|p1a: Zapdos|Zapdos|100\/100\n|turn|10\n|\n|t:|1700224394\n|move|p2a: Miles Prower|Rock Blast|p1a: Zapdos\n|-supereffective|p1a: Zapdos\n|-damage|p1a: Zapdos|77\/100\n|-supereffective|p1a: Zapdos\n|-damage|p1a: Zapdos|54\/100\n|-supereffective|p1a: Zapdos\n|-damage|p1a: Zapdos|28\/100\n|-supereffective|p1a: Zapdos\n|-damage|p1a: Zapdos|3\/100\n|-supereffective|p1a: Zapdos\n|-damage|p1a: Zapdos|0 fnt\n|faint|p1a: Zapdos\n|-hitcount|p1: Zapdos|5\n|-damage|p2a: Miles Prower|71\/100|[from] item: Life Orb\n|\n|upkeep\n|\n|t:|1700224407\n|switch|p1a: Pelipper|Pelipper, M|100\/100\n|-weather|RainDance|[from] ability: Drizzle|[of] p1a: Pelipper\n|turn|11\n|\n|t:|1700224412\n|move|p2a: Miles Prower|Rock Blast|p1a: Pelipper\n|-supereffective|p1a: Pelipper\n|-damage|p1a: Pelipper|82\/100\n|-supereffective|p1a: Pelipper\n|-damage|p1a: Pelipper|62\/100\n|-supereffective|p1a: Pelipper\n|-damage|p1a: Pelipper|43\/100\n|-supereffective|p1a: Pelipper\n|-damage|p1a: Pelipper|22\/100\n|-supereffective|p1a: Pelipper\n|-damage|p1a: Pelipper|1\/100\n|-hitcount|p1a: Pelipper|5\n|-damage|p2a: Miles Prower|61\/100|[from] item: Life Orb\n|move|p1a: Pelipper|Surf|p2a: Miles Prower\n|-damage|p2a: Miles Prower|0 fnt\n|faint|p2a: Miles Prower\n|\n|-weather|RainDance|[upkeep]\n|upkeep\n|\n|t:|1700224425\n|switch|p2a: The Rapper|Beedrill, M|100\/100\n|turn|12\n|\n|t:|1700224431\n|detailschange|p2a: The Rapper|Beedrill-Mega, M\n|-mega|p2a: The Rapper|Beedrill|Beedrillite\n|move|p2a: The Rapper|Fell Stinger|p1a: Pelipper\n|-resisted|p1a: Pelipper\n|-damage|p1a: Pelipper|0 fnt\n|faint|p1a: Pelipper\n|-boost|p2a: The Rapper|atk|3\n|\n|-weather|RainDance|[upkeep]\n|upkeep\n|\n|t:|1700224449\n|switch|p1a: Iron Treads|Iron Treads|100\/100\n|turn|13\n|\n|t:|1700224461\n|move|p2a: The Rapper|Pin Missile|p1a: Iron Treads\n|-resisted|p1a: Iron Treads\n|-damage|p1a: Iron Treads|78\/100\n|-resisted|p1a: Iron Treads\n|-crit|p1a: Iron Treads\n|-damage|p1a: Iron Treads|48\/100\n|-hitcount|p1a: Iron Treads|2\n|move|p1a: Iron Treads|Ice Spinner|p2a: The Rapper\n|-damage|p2a: The Rapper|43\/100\n|\n|-weather|RainDance|[upkeep]\n|upkeep\n|turn|14\n|\n|t:|1700224470\n|move|p2a: The Rapper|Pin Missile|p1a: Iron Treads\n|-resisted|p1a: Iron Treads\n|-damage|p1a: Iron Treads|28\/100\n|-resisted|p1a: Iron Treads\n|-damage|p1a: Iron Treads|9\/100\n|-resisted|p1a: Iron Treads\n|-damage|p1a: Iron Treads|0 fnt\n|faint|p1a: Iron Treads\n|-end|p1a: Iron Treads|Quark Drive|[silent]\n|-hitcount|p1: Iron Treads|3\n|\n|-weather|RainDance|[upkeep]\n|upkeep\n|\n|t:|1700224479\n|switch|p1a: Rillaboom|Rillaboom, F|100\/100\n|-fieldstart|move: Grassy Terrain|[from] ability: Grassy Surge|[of] p1a: Rillaboom\n|turn|15\n|\n|t:|1700224490\n|move|p1a: Rillaboom|Grassy Glide|p2a: The Rapper\n|-resisted|p2a: The Rapper\n|-damage|p2a: The Rapper|2\/100\n|move|p2a: The Rapper|Pin Missile|p1a: Rillaboom\n|-supereffective|p1a: Rillaboom\n|-damage|p1a: Rillaboom|0 fnt\n|faint|p1a: Rillaboom\n|-hitcount|p1: Rillaboom|1\n|\n|win|Ribbit Mania\n|raw|Cutu boy's rating: 1130 &rarr; <strong>1105<\/strong><br \/>(-25 for losing)\n|raw|Ribbit Mania's rating: 1129 &rarr; <strong>1154<\/strong><br \/>(+25 for winning)\n|l|\u2606Cutu boy\n","uploadtime":1700224527,"views":6,"p1id":"cutuboy","p2id":"ribbitmania","formatid":"gen9nationaldex","rating":1105,"private":0,"password":""}