{"id":"gen9nationaldex-1991726998","p1":"Tyr Alexander","p2":"terrysalt","format":"[Gen 9] National Dex","log":"|j|\u2606Tyr Alexander\n|j|\u2606terrysalt\n|t:|1700107598\n|gametype|singles\n|player|p1|Tyr Alexander|101|\n|player|p2|terrysalt|170|\n|teamsize|p1|6\n|teamsize|p2|6\n|gen|9\n|tier|[Gen 9] National Dex\n|rule|HP Percentage Mod: HP is shown in percentages\n|rule|Endless Battle Clause: Forcing endless battles is banned\n|rule|OHKO Clause: OHKO moves are banned\n|rule|Evasion Clause: Evasion abilities, items, and moves are banned\n|rule|Evasion Abilities Clause: Evasion abilities are banned\n|rule|Evasion Items Clause: Evasion items are banned\n|rule|Evasion Moves Clause: Evasion moves are banned\n|rule|Species Clause: Limit one of each Pok\u00e9mon\n|rule|Sleep Clause Mod: Limit one foe put to sleep\n|clearpoke\n|poke|p1|Tangrowth, M|\n|poke|p1|Hatterene, F|\n|poke|p1|Victini|\n|poke|p1|Porygon2|\n|poke|p1|Marowak, F|\n|poke|p1|Steelix, F|\n|poke|p2|Rhydon, M|\n|poke|p2|Sylveon, M|\n|poke|p2|Decidueye, M|\n|poke|p2|Toxicroak, M|\n|poke|p2|Togedemaru, M|\n|poke|p2|Dondozo, M|\n|teampreview\n|\n|t:|1700107618\n|start\n|switch|p1a: Tangrowth|Tangrowth, M|100\/100\n|switch|p2a: Rhydon|Rhydon, M|100\/100\n|turn|1\n|\n|t:|1700107630\n|switch|p2a: Decidueye|Decidueye, M|100\/100\n|move|p1a: Tangrowth|Power Whip|p2a: Decidueye\n|-resisted|p2a: Decidueye\n|-damage|p2a: Decidueye|58\/100\n|\n|upkeep\n|turn|2\n|\n|t:|1700107646\n|move|p2a: Decidueye|U-turn|p1a: Tangrowth\n|-supereffective|p1a: Tangrowth\n|-damage|p1a: Tangrowth|54\/100\n|\n|t:|1700107652\n|switch|p2a: Sylveon|Sylveon, M|100\/100|[from] U-turn\n|-zpower|p1a: Tangrowth\n|move|p1a: Tangrowth|Bloom Doom|p2a: Sylveon|[zeffect]\n|-crit|p2a: Sylveon\n|-damage|p2a: Sylveon|0 fnt\n|faint|p2a: Sylveon\n|\n|upkeep\n|\n|t:|1700107667\n|switch|p2a: Togedemaru|Togedemaru, M|100\/100\n|turn|3\n|\n|t:|1700107709\n|switch|p1a: Marowak|Marowak, F|100\/100\n|move|p2a: Togedemaru|U-turn|p1a: Marowak\n|-damage|p1a: Marowak|82\/100\n|\n|t:|1700107716\n|switch|p2a: Dondozo|Dondozo, M|100\/100|[from] U-turn\n|\n|upkeep\n|turn|4\n|\n|t:|1700107728\n|switch|p1a: Tangrowth|Tangrowth, M|88\/100\n|move|p2a: Dondozo|Liquidation|p1a: Tangrowth\n|-resisted|p1a: Tangrowth\n|-damage|p1a: Tangrowth|78\/100\n|\n|upkeep\n|turn|5\n|\n|t:|1700107752\n|-terastallize|p2a: Dondozo|Dragon\n|move|p2a: Dondozo|Curse|p2a: Dondozo\n|-unboost|p2a: Dondozo|spe|1\n|-boost|p2a: Dondozo|atk|1\n|-boost|p2a: Dondozo|def|1\n|move|p1a: Tangrowth|Earthquake|p2a: Dondozo\n|-damage|p2a: Dondozo|92\/100\n|\n|-heal|p2a: Dondozo|98\/100|[from] item: Leftovers\n|upkeep\n|turn|6\n|\n|t:|1700107767\n|switch|p1a: Hatterene|Hatterene, F|100\/100\n|move|p2a: Dondozo|Liquidation|p1a: Hatterene\n|-damage|p1a: Hatterene|51\/100\n|\n|-heal|p2a: Dondozo|100\/100|[from] item: Leftovers\n|upkeep\n|turn|7\n|\n|t:|1700107781\n|move|p2a: Dondozo|Liquidation|p1a: Hatterene\n|-damage|p1a: Hatterene|2\/100\n|move|p1a: Hatterene|Dazzling Gleam|p2a: Dondozo\n|-supereffective|p2a: Dondozo\n|-damage|p2a: Dondozo|16\/100\n|\n|-heal|p2a: Dondozo|22\/100|[from] item: Leftovers\n|upkeep\n|turn|8\n|\n|t:|1700107793\n|move|p2a: Dondozo|Liquidation|p1a: Hatterene\n|-damage|p1a: Hatterene|0 fnt\n|faint|p1a: Hatterene\n|\n|-heal|p2a: Dondozo|28\/100|[from] item: Leftovers\n|upkeep\n|\n|t:|1700107801\n|switch|p1a: Porygon2|Porygon2|100\/100\n|-ability|p1a: Porygon2|Unaware|[from] ability: Trace|[of] p2a: Dondozo\n|turn|9\n|\n|t:|1700107819\n|move|p1a: Porygon2|Ice Beam|p2a: Dondozo\n|-supereffective|p2a: Dondozo\n|-damage|p2a: Dondozo|0 fnt\n|faint|p2a: Dondozo\n|\n|upkeep\n|\n|t:|1700107825\n|switch|p2a: Rhydon|Rhydon, M|100\/100\n|turn|10\n|\n|t:|1700107840\n|move|p2a: Rhydon|Swords Dance|p2a: Rhydon\n|-boost|p2a: Rhydon|atk|2\n|move|p1a: Porygon2|Ice Beam|p2a: Rhydon\n|-supereffective|p2a: Rhydon\n|-damage|p2a: Rhydon|48\/100\n|\n|upkeep\n|turn|11\n|\n|t:|1700107848\n|move|p2a: Rhydon|Earthquake|p1a: Porygon2\n|-damage|p1a: Porygon2|75\/100\n|move|p1a: Porygon2|Trick Room|p1a: Porygon2\n|-fieldstart|move: Trick Room|[of] p1a: Porygon2\n|\n|upkeep\n|turn|12\n|\n|t:|1700107861\n|move|p1a: Porygon2|Ice Beam|p2a: Rhydon\n|-supereffective|p2a: Rhydon\n|-damage|p2a: Rhydon|0 fnt\n|faint|p2a: Rhydon\n|\n|upkeep\n|\n|t:|1700107867\n|switch|p2a: Toxicroak|Toxicroak, M|100\/100\n|turn|13\n|\n|t:|1700107873\n|move|p1a: Porygon2|Ice Beam|p2a: Toxicroak\n|-damage|p2a: Toxicroak|64\/100\n|-status|p2a: Toxicroak|frz\n|cant|p2a: Toxicroak|frz\n|\n|-heal|p2a: Toxicroak|71\/100 frz|[from] item: Leftovers\n|upkeep\n|turn|14\n|c|\u2606Tyr Alexander|iuch\n|c|\u2606Tyr Alexander|oouch\n|c|\u2606terrysalt|I think I lose from here.\n|\n|t:|1700107891\n|move|p1a: Porygon2|Ice Beam|p2a: Toxicroak\n|-damage|p2a: Toxicroak|36\/100 frz\n|cant|p2a: Toxicroak|frz\n|\n|-heal|p2a: Toxicroak|43\/100 frz|[from] item: Leftovers\n|upkeep\n|turn|15\n|\n|t:|1700107897\n|move|p1a: Porygon2|Ice Beam|p2a: Toxicroak\n|-damage|p2a: Toxicroak|10\/100 frz\n|cant|p2a: Toxicroak|frz\n|\n|-heal|p2a: Toxicroak|16\/100 frz|[from] item: Leftovers\n|-fieldend|move: Trick Room\n|upkeep\n|turn|16\n|\n|t:|1700107904\n|cant|p2a: Toxicroak|frz\n|move|p1a: Porygon2|Trick Room|p1a: Porygon2\n|-fieldstart|move: Trick Room|[of] p1a: Porygon2\n|\n|-heal|p2a: Toxicroak|22\/100 frz|[from] item: Leftovers\n|upkeep\n|turn|17\n|\n|t:|1700107909\n|move|p1a: Porygon2|Ice Beam|p2a: Toxicroak\n|-damage|p2a: Toxicroak|0 fnt\n|faint|p2a: Toxicroak\n|\n|upkeep\n|\n|t:|1700107914\n|switch|p2a: Decidueye|Decidueye, M|58\/100\n|turn|18\n|\n|t:|1700107919\n|move|p1a: Porygon2|Ice Beam|p2a: Decidueye\n|-supereffective|p2a: Decidueye\n|-damage|p2a: Decidueye|12\/100\n|move|p2a: Decidueye|Leaf Blade|p1a: Porygon2\n|-damage|p1a: Porygon2|44\/100\n|\n|upkeep\n|turn|19\n|\n|t:|1700107926\n|move|p2a: Decidueye|Leaf Blade|p1a: Porygon2\n|-damage|p1a: Porygon2|12\/100\n|move|p1a: Porygon2|Teleport|p1a: Porygon2\n|\n|t:|1700107936\n|switch|p1a: Victini|Victini|100\/100|[from] Teleport\n|\n|upkeep\n|turn|20\n|\n|t:|1700107945\n|move|p1a: Victini|V-create|p2a: Decidueye\n|-supereffective|p2a: Decidueye\n|-damage|p2a: Decidueye|0 fnt\n|-unboost|p1a: Victini|spe|1\n|-unboost|p1a: Victini|def|1\n|-unboost|p1a: Victini|spd|1\n|faint|p2a: Decidueye\n|\n|-fieldend|move: Trick Room\n|upkeep\n|\n|t:|1700107952\n|switch|p2a: Togedemaru|Togedemaru, M|100\/100\n|turn|21\n|\n|t:|1700107965\n|move|p2a: Togedemaru|Zing Zap|p1a: Victini\n|-damage|p1a: Victini|54\/100\n|move|p1a: Victini|Trick Room|p1a: Victini\n|-fieldstart|move: Trick Room|[of] p1a: Victini\n|\n|upkeep\n|turn|22\n|c|\u2606terrysalt|GG\n|\n|t:|1700107970\n|move|p1a: Victini|Power-Up Punch|p2a: Togedemaru\n|-supereffective|p2a: Togedemaru\n|-damage|p2a: Togedemaru|49\/100\n|-boost|p1a: Victini|atk|1\n|move|p2a: Togedemaru|Zing Zap|p1a: Victini\n|-damage|p1a: Victini|7\/100\n|\n|upkeep\n|turn|23\n|\n|t:|1700107978\n|move|p1a: Victini|V-create|p2a: Togedemaru\n|-supereffective|p2a: Togedemaru\n|-damage|p2a: Togedemaru|0 fnt\n|-unboost|p1a: Victini|spe|1\n|-unboost|p1a: Victini|def|1\n|-unboost|p1a: Victini|spd|1\n|faint|p2a: Togedemaru\n|\n|win|Tyr Alexander\n|c|\u2606Tyr Alexander|gg\n|c|\u2606terrysalt|That was a lot of bad luck mixed with bad play on my part.\n","uploadtime":1700107996,"views":6,"p1id":"tyralexander","p2id":"terrysalt","formatid":"gen9nationaldex","rating":0,"private":0,"password":""}