{"id":"gen9nationaldex-1989485179","p1":"troubadour9","p2":"tidaltao","format":"[Gen 9] National Dex","log":"|j|\u2606troubadour9\n|j|\u2606tidaltao\n|t:|1699858412\n|gametype|singles\n|player|p1|troubadour9|sage|\n|player|p2|tidaltao|roxanne|\n|teamsize|p1|6\n|teamsize|p2|6\n|gen|9\n|tier|[Gen 9] National Dex\n|rule|HP Percentage Mod: HP is shown in percentages\n|rule|Endless Battle Clause: Forcing endless battles is banned\n|rule|OHKO Clause: OHKO moves are banned\n|rule|Evasion Clause: Evasion abilities, items, and moves are banned\n|rule|Evasion Abilities Clause: Evasion abilities are banned\n|rule|Evasion Items Clause: Evasion items are banned\n|rule|Evasion Moves Clause: Evasion moves are banned\n|rule|Species Clause: Limit one of each Pok\u00e9mon\n|rule|Sleep Clause Mod: Limit one foe put to sleep\n|clearpoke\n|poke|p1|Garchomp, F|\n|poke|p1|Hippowdon, F|\n|poke|p1|Ferrothorn, F|\n|poke|p1|Shuckle, F|\n|poke|p1|Arcanine-Hisui, F|\n|poke|p1|Thundurus-Therian, M|\n|poke|p2|Charizard, F|\n|poke|p2|Torkoal, M|\n|poke|p2|Venusaur, M|\n|poke|p2|Skarmory, F|\n|poke|p2|Tapu Fini|\n|poke|p2|Sylveon, M|\n|teampreview\n|j| homixide poopoo\n|j| Keykard\n|j| alpha4k\n|\n|t:|1699858447\n|start\n|switch|p1a: Purple Haze|Shuckle, F, shiny|100\/100\n|switch|p2a: Blue Luffy|Tapu Fini, shiny|100\/100\n|-fieldstart|move: Misty Terrain|[from] ability: Misty Surge|[of] p2a: Blue Luffy\n|turn|1\n|c|\u2606troubadour9|heh heh\n|c| Keykard|oh we shiny now\n|\n|t:|1699858464\n|move|p2a: Blue Luffy|Knock Off|p1a: Purple Haze\n|-damage|p1a: Purple Haze|91\/100\n|-enditem|p1a: Purple Haze|Red Card|[from] move: Knock Off|[of] p2a: Blue Luffy\n|move|p1a: Purple Haze|Sticky Web|p2a: Blue Luffy\n|-sidestart|p2: tidaltao|move: Sticky Web\n|\n|upkeep\n|turn|2\n|j| kensei4k\n|c| kensei4k|who won g1\n|c|\u2606troubadour9|u cant change ur set\n|c|\u2606tidaltao|I didnt lmfao\n|j| Megakid20\n|c|\u2606tidaltao|I didnt know you had red card\n|c|\u2606troubadour9|u didnt have knock last match\n|c|\u2606tidaltao|the first time\n|j| plague070\n|c| plague070|cmon cam\n|c| plague070|dude\n|c|\u2606tidaltao|yeah cuz I didnt know?\n|c| plague070|were fucking back\n|c| plague070|in this\n|c| plague070|LMFAO\n|c| homixide poopoo|can u guys agree with both sac them and move on with the match\n|j| stepback wemby\n|c| plague070|cam only used 2 moves on fini last match\n|c| plague070|they coulda had knock\n|c|\u2606tidaltao|I did\n|\n|t:|1699858539\n|move|p2a: Blue Luffy|Defog|p1a: Purple Haze\n|-unboost|p1a: Purple Haze|evasion|1\n|-sideend|p2: tidaltao|Sticky Web|[from] move: Defog|[of] p2a: Blue Luffy\n|-fieldend|Misty Terrain\n|move|p1a: Purple Haze|Sticky Web|p2a: Blue Luffy\n|-sidestart|p2: tidaltao|move: Sticky Web\n|\n|upkeep\n|turn|3\n|c| stepback wemby|what are we doing here man\n|c| plague070|brother.\n|\n|t:|1699858559\n|move|p2a: Blue Luffy|Scald|p1a: Purple Haze\n|-supereffective|p1a: Purple Haze\n|-damage|p1a: Purple Haze|58\/100\n|-status|p1a: Purple Haze|brn\n|move|p1a: Purple Haze|Encore|p2a: Blue Luffy\n|-start|p2a: Blue Luffy|Encore\n|\n|-damage|p1a: Purple Haze|52\/100 brn|[from] brn\n|upkeep\n|turn|4\n|c| stepback wemby|GOT EM\n|c| Megakid20|wh\n|\n|t:|1699858570\n|switch|p2a: Metal Luffy|Skarmory, F|100\/100\n|switch|p1a: Blue Dream|Thundurus-Therian, M|100\/100\n|\n|upkeep\n|turn|5\n|c| Megakid20|DUDE\n|c| stepback wemby|GOT EM\n|c| Megakid20|DUDE\n|c| kensei4k|BOOOOOm\n|c| stepback wemby|GOT EMMMM\n|c| plague070|that aint no problem\n|c| kensei4k|wheres the switch\n|c| stepback wemby|GOTTA GOTTA GOTTA GOTTA GOT EMMMM\n|c| stepback wemby|CITY BOYSSSSSS\n|c| kensei4k|wheres the switch in\n|c| plague070|that aint an issue\n|\n|t:|1699858595\n|switch|p2a: Turtle Luffy|Torkoal, M, shiny|100\/100\n|-activate|p2a: Turtle Luffy|move: Sticky Web\n|-unboost|p2a: Turtle Luffy|spe|1\n|-weather|SunnyDay|[from] ability: Drought|[of] p2a: Turtle Luffy\n|move|p1a: Blue Dream|Volt Switch|p2a: Turtle Luffy\n|-damage|p2a: Turtle Luffy|52\/100\n|c| stepback wemby|WHYYYYYY\n|\n|t:|1699858603\n|switch|p1a: Bubba Kush|Hippowdon, F|100\/100|[from] Volt Switch\n|-weather|Sandstorm|[from] ability: Sand Stream|[of] p1a: Bubba Kush\n|\n|-weather|Sandstorm|[upkeep]\n|-damage|p2a: Turtle Luffy|46\/100|[from] Sandstorm\n|upkeep\n|turn|6\n|c| Keykard|okayyy\n|\n|t:|1699858619\n|move|p1a: Bubba Kush|Yawn|p2a: Turtle Luffy\n|-start|p2a: Turtle Luffy|move: Yawn|[of] p1a: Bubba Kush\n|move|p2a: Turtle Luffy|Rapid Spin|p1a: Bubba Kush\n|-damage|p1a: Bubba Kush|95\/100\n|-boost|p2a: Turtle Luffy|spe|1\n|-sideend|p2: tidaltao|Sticky Web|[from] move: Rapid Spin|[of] p2a: Turtle Luffy\n|\n|-weather|Sandstorm|[upkeep]\n|-damage|p2a: Turtle Luffy|40\/100|[from] Sandstorm\n|-heal|p1a: Bubba Kush|100\/100|[from] item: Leftovers\n|upkeep\n|turn|7\n|c| plague070|lmfao\n|c| plague070|wow\n|c| homixide poopoo|yo ff\n|c| plague070|generational\n|c| stepback wemby|dude\n|\n|t:|1699858629\n|switch|p2a: Blue Luffy|Tapu Fini, shiny|100\/100\n|-fieldstart|move: Misty Terrain|[from] ability: Misty Surge|[of] p2a: Blue Luffy\n|move|p1a: Bubba Kush|Stealth Rock|p2a: Blue Luffy\n|-sidestart|p2: tidaltao|move: Stealth Rock\n|\n|-weather|Sandstorm|[upkeep]\n|-damage|p2a: Blue Luffy|94\/100|[from] Sandstorm\n|-heal|p2a: Blue Luffy|100\/100|[from] item: Leftovers\n|upkeep\n|turn|8\n|c| kensei4k|he has spin and defog\n|c| stepback wemby|LMFAO\n|c| Megakid20|DUDE\n|c| stepback wemby|BACK UP\n|c| plague070|im crying\n|c| stepback wemby|CITYYYY BOYSSSSSS\n|c| plague070|hazard merchant\n|c| plague070|vs removal merchant\n|\n|t:|1699858662\n|switch|p1a: Gelatto|Ferrothorn, F|100\/100\n|move|p2a: Blue Luffy|Scald|p1a: Gelatto\n|-resisted|p1a: Gelatto\n|-damage|p1a: Gelatto|89\/100\n|\n|-weather|Sandstorm|[upkeep]\n|-damage|p2a: Blue Luffy|94\/100|[from] Sandstorm\n|-heal|p2a: Blue Luffy|100\/100|[from] item: Leftovers\n|-heal|p1a: Gelatto|95\/100|[from] item: Leftovers\n|upkeep\n|turn|9\n|c| plague070|immovable object vs unstoppable force\n|c| stepback wemby|cam got two defoggers and a spinner blaine got three hazard setters\n|c| stepback wemby|im crying\n|\n|t:|1699858675\n|move|p2a: Blue Luffy|Knock Off|p1a: Gelatto\n|-damage|p1a: Gelatto|86\/100\n|-damage|p2a: Blue Luffy|88\/100|[from] ability: Iron Barbs|[of] p1a: Gelatto\n|-enditem|p1a: Gelatto|Leftovers|[from] move: Knock Off|[of] p2a: Blue Luffy\n|move|p1a: Gelatto|Power Whip|p2a: Blue Luffy|[miss]\n|-miss|p1a: Gelatto|p2a: Blue Luffy\n|\n|-weather|none\n|-heal|p2a: Blue Luffy|94\/100|[from] item: Leftovers\n|upkeep\n|turn|10\n|c| Megakid20|nooo\n|c| plague070|LMFAO\n|c| stepback wemby|LOTTO\n|c| plague070|HUGEEEE\n|c| Keykard|uhhh\n|c| Megakid20|DUDE\n|\n|t:|1699858692\n|switch|p2a: Metal Luffy|Skarmory, F|100\/100\n|-damage|p2a: Metal Luffy|88\/100|[from] Stealth Rock\n|move|p1a: Gelatto|Leech Seed|p2a: Metal Luffy\n|-start|p2a: Metal Luffy|move: Leech Seed\n|\n|-damage|p2a: Metal Luffy|76\/100|[from] Leech Seed|[of] p1a: Gelatto\n|-heal|p1a: Gelatto|98\/100|[silent]\n|upkeep\n|turn|11\n|\n|t:|1699858703\n|switch|p1a: Purple Haze|Shuckle, F, shiny|52\/100 brn\n|move|p2a: Metal Luffy|Defog|p1a: Purple Haze\n|-unboost|p1a: Purple Haze|evasion|1\n|-sideend|p2: tidaltao|Stealth Rock|[from] move: Defog|[of] p2a: Metal Luffy\n|-fieldend|Misty Terrain\n|\n|-damage|p2a: Metal Luffy|64\/100|[from] Leech Seed|[of] p1a: Purple Haze\n|-heal|p1a: Purple Haze|69\/100 brn|[silent]\n|-damage|p1a: Purple Haze|63\/100 brn|[from] brn\n|upkeep\n|turn|12\n|c| Megakid20|LEECH SEED ON THE SWITCH OUT?\n|c| stepback wemby|LMFAOOO\n|c| stepback wemby|TWO DEFOGGERS\n|c| Megakid20|dude\n|c| stepback wemby|AND A SPINNER\n|c| Keykard|and a spinner LMFAO\n|c| Megakid20|it's an unstoppable force meets an immovable object\n|c| homixide poopoo|i was gonna say that this fat fuck probably also has defog\n|\n|t:|1699858741\n|switch|p2a: Turtle Luffy|Torkoal, M, shiny|40\/100\n|-weather|SunnyDay|[from] ability: Drought|[of] p2a: Turtle Luffy\n|move|p1a: Purple Haze|Sticky Web|p2a: Turtle Luffy\n|-sidestart|p2: tidaltao|move: Sticky Web\n|\n|-weather|SunnyDay|[upkeep]\n|-damage|p1a: Purple Haze|57\/100 brn|[from] brn\n|upkeep\n|turn|13\n|c| plague070|bro\n|\n|t:|1699858750\n|move|p2a: Turtle Luffy|Rapid Spin|p1a: Purple Haze\n|-resisted|p1a: Purple Haze\n|-damage|p1a: Purple Haze|54\/100 brn\n|-boost|p2a: Turtle Luffy|spe|1\n|-sideend|p2: tidaltao|Sticky Web|[from] move: Rapid Spin|[of] p2a: Turtle Luffy\n|move|p1a: Purple Haze|Sticky Web|p2a: Turtle Luffy\n|-sidestart|p2: tidaltao|move: Sticky Web\n|\n|-weather|SunnyDay|[upkeep]\n|-damage|p1a: Purple Haze|48\/100 brn|[from] brn\n|upkeep\n|turn|14\n|c| stepback wemby|tidal has more removal in this match than ive had with every pokemon ive ever owned in this league combined\n|c| plague070|the struggle\n|c| plague070|to get webs uo\n|c| Keykard|idk if hazards is the play vs 4 defoggers\n|\n|t:|1699858766\n|switch|p1a: Bubba Kush|Hippowdon, F|100\/100\n|-weather|Sandstorm|[from] ability: Sand Stream|[of] p1a: Bubba Kush\n|move|p2a: Turtle Luffy|Rapid Spin|p1a: Bubba Kush\n|-damage|p1a: Bubba Kush|95\/100\n|-boost|p2a: Turtle Luffy|spe|1\n|-sideend|p2: tidaltao|Sticky Web|[from] move: Rapid Spin|[of] p2a: Turtle Luffy\n|\n|-weather|Sandstorm|[upkeep]\n|-damage|p2a: Turtle Luffy|34\/100|[from] Sandstorm\n|-heal|p1a: Bubba Kush|100\/100|[from] item: Leftovers\n|upkeep\n|turn|15\n|c| plague070|what happened to this league man\n|c| Megakid20|the fastest turtle\n|c| plague070|we used to have nice tranquil matches\n|\n|t:|1699858780\n|move|p2a: Turtle Luffy|Toxic|p1a: Bubba Kush\n|-status|p1a: Bubba Kush|tox\n|move|p1a: Bubba Kush|Stealth Rock|p2a: Turtle Luffy\n|-sidestart|p2: tidaltao|move: Stealth Rock\n|\n|-weather|Sandstorm|[upkeep]\n|-damage|p2a: Turtle Luffy|28\/100|[from] Sandstorm\n|-damage|p1a: Bubba Kush|94\/100 tox|[from] psn\n|upkeep\n|turn|16\n|c| plague070|now its all webs\n|c| stepback wemby|JUST KILL IT\n|\n|t:|1699858789\n|switch|p2a: Blue Luffy|Tapu Fini, shiny|94\/100\n|-damage|p2a: Blue Luffy|82\/100|[from] Stealth Rock\n|-fieldstart|move: Misty Terrain|[from] ability: Misty Surge|[of] p2a: Blue Luffy\n|move|p1a: Bubba Kush|Yawn|p2a: Blue Luffy\n|-start|p2a: Blue Luffy|move: Yawn|[of] p1a: Bubba Kush\n|\n|-weather|Sandstorm|[upkeep]\n|-damage|p2a: Blue Luffy|76\/100|[from] Sandstorm\n|-heal|p2a: Blue Luffy|82\/100|[from] item: Leftovers\n|-heal|p1a: Bubba Kush|100\/100 tox|[from] item: Leftovers\n|-damage|p1a: Bubba Kush|88\/100 tox|[from] psn\n|upkeep\n|turn|17\n|c| plague070|LMFOAOOO\n|c| plague070|im crying bro\n|c|\u2606tidaltao|dude im gonna kill myslkf\n|c| stepback wemby|DUDE CLICK AN ATTACKING MOVE\n|c| plague070|LMFSO\n|c| stepback wemby|SOMEONE HAS TO EVENTUALLY\n|c| alpha4k|dude\n|c| alpha4k|what the fuck is going on\n|c| stepback wemby|CLICK A MOVE THAT DOES DAMAGE DUDE\n|\n|t:|1699858814\n|switch|p2a: Metal Luffy|Skarmory, F|64\/100\n|-damage|p2a: Metal Luffy|51\/100|[from] Stealth Rock\n|switch|p1a: Gelatto|Ferrothorn, F|98\/100\n|\n|-weather|Sandstorm|[upkeep]\n|upkeep\n|turn|18\n|c| plague070|this is to fucking funny\n|c| stepback wemby|bro\n|c| Megakid20|DUDE\n|c| plague070|ANDDDDD WERE BACK\n|c| Megakid20|yes\n|c|\u2606tidaltao|?\n|c| Megakid20|the 100 turn game finally!\n|c| stepback wemby|here comes leech seed dude\n|c|\u2606tidaltao|pls help me\n|\n|t:|1699858831\n|move|p2a: Metal Luffy|Roost|p2a: Metal Luffy\n|-heal|p2a: Metal Luffy|100\/100\n|-singleturn|p2a: Metal Luffy|move: Roost\n|move|p1a: Gelatto|Leech Seed|p2a: Metal Luffy\n|-start|p2a: Metal Luffy|move: Leech Seed\n|\n|-weather|none\n|-damage|p2a: Metal Luffy|88\/100|[from] Leech Seed|[of] p1a: Gelatto\n|-heal|p1a: Gelatto|100\/100|[silent]\n|upkeep\n|turn|19\n|c| plague070|LMAOAOAO\n|c| alpha4k|im actually gonna ff this week if i play agains tthis\n|\n|t:|1699858846\n|move|p2a: Metal Luffy|Iron Defense|p2a: Metal Luffy\n|-boost|p2a: Metal Luffy|def|2\n|move|p1a: Gelatto|Gyro Ball|p2a: Metal Luffy\n|-resisted|p2a: Metal Luffy\n|-damage|p2a: Metal Luffy|82\/100\n|-damage|p1a: Gelatto|84\/100|[from] item: Rocky Helmet|[of] p2a: Metal Luffy\n|\n|-damage|p2a: Metal Luffy|69\/100|[from] Leech Seed|[of] p1a: Gelatto\n|-heal|p1a: Gelatto|96\/100|[silent]\n|upkeep\n|turn|20\n|c| Megakid20|Arthur they're slowly making progress against each other\n|c| plague070|no u have hilligant\n|c| plague070|ur good\n|\n|t:|1699858859\n|move|p2a: Metal Luffy|Body Press|p1a: Gelatto\n|-supereffective|p1a: Gelatto\n|-damage|p1a: Gelatto|27\/100\n|-damage|p2a: Metal Luffy|57\/100|[from] ability: Iron Barbs|[of] p1a: Gelatto\n|move|p1a: Gelatto|Leech Seed||[still]\n|-fail|p1a: Gelatto\n|\n|-damage|p2a: Metal Luffy|45\/100|[from] Leech Seed|[of] p1a: Gelatto\n|-heal|p1a: Gelatto|39\/100|[silent]\n|-fieldend|Misty Terrain\n|upkeep\n|turn|21\n|c| Megakid20|so it's fine\n|c| plague070|huge\n|\n|t:|1699858868\n|move|p1a: Gelatto|Protect|p1a: Gelatto\n|-singleturn|p1a: Gelatto|Protect\n|move|p2a: Metal Luffy|Roost|p2a: Metal Luffy\n|-heal|p2a: Metal Luffy|95\/100\n|-singleturn|p2a: Metal Luffy|move: Roost\n|\n|-damage|p2a: Metal Luffy|83\/100|[from] Leech Seed|[of] p1a: Gelatto\n|-heal|p1a: Gelatto|50\/100|[silent]\n|upkeep\n|turn|22\n|c| alpha4k|ur right actually\n|c| alpha4k|12-0 this week\n|c| plague070|HUGE\n|c| plague070|GOOOOO CAM\n|\n|t:|1699858884\n|switch|p1a: Blue Dream|Thundurus-Therian, M|100\/100\n|move|p2a: Metal Luffy|Body Press|p1a: Blue Dream\n|-resisted|p1a: Blue Dream\n|-damage|p1a: Blue Dream|58\/100\n|\n|-damage|p2a: Metal Luffy|70\/100|[from] Leech Seed|[of] p1a: Blue Dream\n|-heal|p1a: Blue Dream|72\/100|[silent]\n|upkeep\n|turn|23\n|c| alpha4k|defog incoming\n|c| stepback wemby|BRO THANK YOU\n|c| stepback wemby|FINALLY\\\n|c| stepback wemby|FINALLY\n|c| Megakid20|an attacking move is being pressed\n|\n|t:|1699858913\n|switch|p2a: Turtle Luffy|Torkoal, M, shiny|28\/100\n|-damage|p2a: Turtle Luffy|3\/100|[from] Stealth Rock\n|-weather|SunnyDay|[from] ability: Drought|[of] p2a: Turtle Luffy\n|move|p1a: Blue Dream|Thunderbolt|p2a: Turtle Luffy\n|-damage|p2a: Turtle Luffy|0 fnt\n|faint|p2a: Turtle Luffy\n|\n|-weather|SunnyDay|[upkeep]\n|upkeep\n|\n|t:|1699858918\n|switch|p2a: Green Luffy|Venusaur, M|100\/100\n|-damage|p2a: Green Luffy|88\/100|[from] Stealth Rock\n|turn|24\n|c| Megakid20|oooo\n|c| Megakid20|good sack\n|\n|t:|1699858928\n|switch|p1a: Bubba Kush|Hippowdon, F|88\/100 tox\n|-weather|Sandstorm|[from] ability: Sand Stream|[of] p1a: Bubba Kush\n|move|p2a: Green Luffy|Growth|p2a: Green Luffy\n|-boost|p2a: Green Luffy|atk|1\n|-boost|p2a: Green Luffy|spa|1\n|\n|-weather|Sandstorm|[upkeep]\n|-damage|p2a: Green Luffy|82\/100|[from] Sandstorm\n|-heal|p1a: Bubba Kush|94\/100 tox|[from] item: Leftovers\n|-damage|p1a: Bubba Kush|88\/100 tox|[from] psn\n|upkeep\n|turn|25\n|c| plague070|arty check discord bruh\n|\n|t:|1699858944\n|switch|p1a: Gelatto|Ferrothorn, F|50\/100\n|move|p2a: Green Luffy|Sludge Bomb|p1a: Gelatto\n|-immune|p1a: Gelatto\n|\n|-weather|Sandstorm|[upkeep]\n|-damage|p2a: Green Luffy|76\/100|[from] Sandstorm\n|upkeep\n|turn|26\n|\n|t:|1699858957\n|switch|p2a: Metal Luffy|Skarmory, F|70\/100\n|-damage|p2a: Metal Luffy|58\/100|[from] Stealth Rock\n|move|p1a: Gelatto|Gyro Ball|p2a: Metal Luffy\n|-resisted|p2a: Metal Luffy\n|-damage|p2a: Metal Luffy|45\/100\n|-damage|p1a: Gelatto|34\/100|[from] item: Rocky Helmet|[of] p2a: Metal Luffy\n|\n|-weather|Sandstorm|[upkeep]\n|upkeep\n|turn|27\n|c| plague070|bro\n|c| plague070|im crying\n|\n|t:|1699858966\n|switch|p1a: Blue Dream|Thundurus-Therian, M|72\/100\n|move|p2a: Metal Luffy|Roost|p2a: Metal Luffy\n|-heal|p2a: Metal Luffy|95\/100\n|-singleturn|p2a: Metal Luffy|move: Roost\n|\n|-weather|Sandstorm|[upkeep]\n|-damage|p1a: Blue Dream|66\/100|[from] Sandstorm\n|upkeep\n|turn|28\n|c| Keykard|im gonna weep\n|c| stepback wemby|blaine got it\n|c| stepback wemby|finally\n|\n|t:|1699858974\n|switch|p2a: LGBTQ Luffy|Sylveon, M|100\/100\n|-damage|p2a: LGBTQ Luffy|88\/100|[from] Stealth Rock\n|move|p1a: Blue Dream|Thunderbolt|p2a: LGBTQ Luffy\n|-damage|p2a: LGBTQ Luffy|50\/100\n|\n|-weather|none\n|-heal|p2a: LGBTQ Luffy|57\/100|[from] item: Leftovers\n|upkeep\n|turn|29\n|c| stepback wemby|he figured it out\n|c| plague070|hes gonna forget it in 5 turns bruh\n|\n|t:|1699858993\n|move|p1a: Blue Dream|Volt Switch|p2a: LGBTQ Luffy\n|-damage|p2a: LGBTQ Luffy|29\/100\n|\n|t:|1699858996\n|switch|p1a: King Louie|Arcanine-Hisui, F|100\/100|[from] Volt Switch\n|move|p2a: LGBTQ Luffy|Wish|p2a: LGBTQ Luffy\n|\n|-heal|p2a: LGBTQ Luffy|35\/100|[from] item: Leftovers\n|upkeep\n|turn|30\n|c| plague070|hey were in this position\n|c| stepback wemby|dude hes playing out of his mind now\n|c| stepback wemby|hes good\n|c| kensei4k|i wonder what cam is pressing next\n|\n|t:|1699859026\n|move|p2a: LGBTQ Luffy|Protect|p2a: LGBTQ Luffy\n|-singleturn|p2a: LGBTQ Luffy|Protect\n|move|p1a: King Louie|Flare Blitz|p2a: LGBTQ Luffy\n|-activate|p2a: LGBTQ Luffy|move: Protect\n|\n|-heal|p2a: LGBTQ Luffy|85\/100|[from] move: Wish|[wisher] LGBTQ Luffy\n|-heal|p2a: LGBTQ Luffy|91\/100|[from] item: Leftovers\n|upkeep\n|turn|31\n|c| kensei4k|who won g1\n|\n|t:|1699859035\n|move|p1a: King Louie|Flare Blitz|p2a: LGBTQ Luffy\n|-damage|p2a: LGBTQ Luffy|47\/100\n|move|p2a: LGBTQ Luffy|Wish|p2a: LGBTQ Luffy\n|\n|-heal|p2a: LGBTQ Luffy|53\/100|[from] item: Leftovers\n|upkeep\n|turn|32\n|c| stepback wemby|cam has clicked three attacking moves in 31 turns\n|c| stepback wemby|wait 5\n|c| Megakid20|dog im gonna cry\n|\n|t:|1699859047\n|switch|p1a: Bubba Kush|Hippowdon, F|88\/100 tox\n|-weather|Sandstorm|[from] ability: Sand Stream|[of] p1a: Bubba Kush\n|switch|p2a: Blue Luffy|Tapu Fini, shiny|82\/100\n|-damage|p2a: Blue Luffy|70\/100|[from] Stealth Rock\n|-fieldstart|move: Misty Terrain|[from] ability: Misty Surge|[of] p2a: Blue Luffy\n|\n|-weather|Sandstorm|[upkeep]\n|-damage|p2a: Blue Luffy|64\/100|[from] Sandstorm\n|-heal|p2a: Blue Luffy|100\/100|[from] move: Wish|[wisher] LGBTQ Luffy\n|-heal|p1a: Bubba Kush|94\/100 tox|[from] item: Leftovers\n|-damage|p1a: Bubba Kush|88\/100 tox|[from] psn\n|upkeep\n|turn|33\n|c| stepback wemby|two body presses two scalds and a sludge bomb on a steel type\n|c| kensei4k|some great moves\n|\n|t:|1699859070\n|switch|p1a: Gelatto|Ferrothorn, F|34\/100\n|move|p2a: Blue Luffy|Defog|p1a: Gelatto\n|-unboost|p1a: Gelatto|evasion|1\n|-sideend|p2: tidaltao|Stealth Rock|[from] move: Defog|[of] p2a: Blue Luffy\n|-fieldend|Misty Terrain\n|\n|-weather|Sandstorm|[upkeep]\n|-damage|p2a: Blue Luffy|94\/100|[from] Sandstorm\n|-heal|p2a: Blue Luffy|100\/100|[from] item: Leftovers\n|upkeep\n|turn|34\n|c| plague070|u acting like blaines hippo didnt see a fire turtle stay in on his ground type twice and not click a move that attacks\n|c| plague070|we were out there yawning\n|\n|t:|1699859090\n|switch|p2a: Dragon Luffy|Charizard, F, shiny|100\/100\n|move|p1a: Gelatto|Leech Seed|p2a: Dragon Luffy\n|-start|p2a: Dragon Luffy|move: Leech Seed\n|\n|-weather|Sandstorm|[upkeep]\n|-damage|p2a: Dragon Luffy|94\/100|[from] Sandstorm\n|-damage|p2a: Dragon Luffy|82\/100|[from] Leech Seed|[of] p1a: Gelatto\n|-heal|p1a: Gelatto|44\/100|[silent]\n|upkeep\n|turn|35\n|c| kensei4k|there are faults on both sides of the court\n|\n|t:|1699859110\n|detailschange|p2a: Dragon Luffy|Charizard-Mega-Y, F, shiny\n|-mega|p2a: Dragon Luffy|Charizard|Charizardite Y\n|-weather|SunnyDay|[from] ability: Drought|[of] p2a: Dragon Luffy\n|move|p1a: Gelatto|Protect|p1a: Gelatto\n|-singleturn|p1a: Gelatto|Protect\n|move|p2a: Dragon Luffy|Flamethrower|p1a: Gelatto\n|-activate|p1a: Gelatto|move: Protect\n|\n|-weather|SunnyDay|[upkeep]\n|-damage|p2a: Dragon Luffy|70\/100|[from] Leech Seed|[of] p1a: Gelatto\n|-heal|p1a: Gelatto|55\/100|[silent]\n|upkeep\n|turn|36\n|c| stepback wemby|blaine i told u to put rock slide on this bro\n|c| stepback wemby|u remember i said dah\n|\n|t:|1699859177\n|-terastallize|p1a: Gelatto|Dragon\n|move|p2a: Dragon Luffy|Flamethrower|p1a: Gelatto\n|-resisted|p1a: Gelatto\n|-damage|p1a: Gelatto|19\/100\n|move|p1a: Gelatto|Gyro Ball|p2a: Dragon Luffy\n|-resisted|p2a: Dragon Luffy\n|-damage|p2a: Dragon Luffy|32\/100\n|\n|-weather|SunnyDay|[upkeep]\n|-damage|p2a: Dragon Luffy|20\/100|[from] Leech Seed|[of] p1a: Gelatto\n|-heal|p1a: Gelatto|29\/100|[silent]\n|upkeep\n|turn|37\n|c| Megakid20|WHAT\n|c| Megakid20|WHAT TECH\n|c| stepback wemby|yessir\n|c| stepback wemby|YESSIR\n|c| stepback wemby|WHAT DID I TELL U MEGA\n|c| stepback wemby|PEEP UR DM\n|c| plague070|it dies af tho.\n|c| kensei4k|yep\n|c| kensei4k|it sure does adam\n|\n|t:|1699859233\n|move|p1a: Gelatto|Protect|p1a: Gelatto\n|-singleturn|p1a: Gelatto|Protect\n|move|p2a: Dragon Luffy|Roost|p2a: Dragon Luffy\n|-heal|p2a: Dragon Luffy|70\/100\n|-singleturn|p2a: Dragon Luffy|move: Roost\n|\n|-weather|SunnyDay|[upkeep]\n|-damage|p2a: Dragon Luffy|58\/100|[from] Leech Seed|[of] p1a: Gelatto\n|-heal|p1a: Gelatto|40\/100|[silent]\n|upkeep\n|turn|38\n|c| stepback wemby|bro\n|c| stepback wemby|how can\n|c| plague070|cam is actually good asf at roosting tho\n|c| stepback wemby|every p;okemon\n|c| Megakid20|dude\n|c| Megakid20|btw\n|c| stepback wemby|have recovery\n|c| stepback wemby|dude yall say i play stall btw\n|c| stepback wemby|this is real stall\n|c| plague070|not rlly\n|c| kensei4k|y arre we on turn 38 and 1 mon is dead\n|c| Megakid20|this shit is highkey funny af\n|c| stepback wemby|i could bring this every week if i wanted to and choose not to\n|c| plague070|cam isnt making progress either\n|c| plague070|and its more funny\n|c| plague070|garg and dondozo arent funny\n|\n|t:|1699859286\n|switch|p1a: Purple Haze|Shuckle, F, shiny|48\/100 brn\n|move|p2a: Dragon Luffy|Roost|p2a: Dragon Luffy\n|-heal|p2a: Dragon Luffy|100\/100\n|-singleturn|p2a: Dragon Luffy|move: Roost\n|\n|-weather|SunnyDay|[upkeep]\n|-damage|p2a: Dragon Luffy|88\/100|[from] Leech Seed|[of] p1a: Purple Haze\n|-heal|p1a: Purple Haze|63\/100 brn|[silent]\n|-damage|p1a: Purple Haze|57\/100 brn|[from] brn\n|upkeep\n|turn|39\n|c| kensei4k|this thing is gonna have defog\n|c| kensei4k|its the 3rd move\n|c| stepback wemby|dude if cam was 8-1 this owuldnt be funny\n|c| stepback wemby|it would be gay\n|c| stepback wemby|they should give shuckle salt cure lowkey\n|c| Megakid20|yeah and recovery\n|c| plague070|no i dont think so\n|c| Megakid20|outside of\n|c| Megakid20|rest\n|c| Megakid20|make him a budget Garg\n|\n|t:|1699859372\n|move|p2a: Dragon Luffy|Flamethrower|p1a: Purple Haze\n|-damage|p1a: Purple Haze|11\/100 brn\n|move|p1a: Purple Haze|Sticky Web|p2a: Dragon Luffy\n|-sidestart|p2: tidaltao|move: Sticky Web\n|\n|-weather|none\n|-damage|p2a: Dragon Luffy|76\/100|[from] Leech Seed|[of] p1a: Purple Haze\n|-heal|p1a: Purple Haze|26\/100 brn|[silent]\n|-damage|p1a: Purple Haze|20\/100 brn|[from] brn\n|upkeep\n|turn|40\n|c| plague070|whos gonna pick up naclstack\n|\n|t:|1699859389\n|move|p2a: Dragon Luffy|Flamethrower|p1a: Purple Haze\n|-damage|p1a: Purple Haze|0 fnt\n|faint|p1a: Purple Haze\n|\n|upkeep\n|\n|t:|1699859400\n|switch|p1a: Blue Dream|Thundurus-Therian, M|66\/100\n|turn|41\n|\n|t:|1699859404\n|switch|p2a: LGBTQ Luffy|Sylveon, M|53\/100\n|-activate|p2a: LGBTQ Luffy|move: Sticky Web\n|-unboost|p2a: LGBTQ Luffy|spe|1\n|move|p1a: Blue Dream|Thunderbolt|p2a: LGBTQ Luffy\n|-damage|p2a: LGBTQ Luffy|16\/100\n|\n|-heal|p2a: LGBTQ Luffy|23\/100|[from] item: Leftovers\n|upkeep\n|turn|42\n|\n|t:|1699859417\n|move|p2a: LGBTQ Luffy|Protect|p2a: LGBTQ Luffy\n|-singleturn|p2a: LGBTQ Luffy|Protect\n|move|p1a: Blue Dream|Volt Switch|p2a: LGBTQ Luffy\n|-activate|p2a: LGBTQ Luffy|move: Protect\n|\n|-heal|p2a: LGBTQ Luffy|29\/100|[from] item: Leftovers\n|upkeep\n|turn|43\n|c| plague070|lets see a double protect\n|c| stepback wemby|dude\n|c| stepback wemby|for what reason\n|c| plague070|and a low roll\n|c| plague070|leftys back?\n|c| plague070|to live\n|c| Megakid20|leftover recovery :D\n|c| stepback wemby|u ppl are asinine\n|c| plague070|nope\n|\n|t:|1699859462\n|move|p1a: Blue Dream|Thunderbolt|p2a: LGBTQ Luffy\n|-damage|p2a: LGBTQ Luffy|0 fnt\n|faint|p2a: LGBTQ Luffy\n|\n|upkeep\n|c| stepback wemby|its 7 percent\n|c| stepback wemby|and its gonna die anyways\n|c| plague070|not if you hit the double protext\n|c| stepback wemby|that 7 percent is not worth 30 seconds of irl time passing by\n|\n|t:|1699859481\n|switch|p2a: Blue Luffy|Tapu Fini, shiny|100\/100\n|-activate|p2a: Blue Luffy|move: Sticky Web\n|-unboost|p2a: Blue Luffy|spe|1\n|-fieldstart|move: Misty Terrain|[from] ability: Misty Surge|[of] p2a: Blue Luffy\n|turn|44\n|c| stepback wemby|that u will never get back\n|c| stepback wemby|i would rather lose\n|\n|t:|1699859491\n|move|p1a: Blue Dream|Thunderbolt|p2a: Blue Luffy\n|-supereffective|p2a: Blue Luffy\n|-crit|p2a: Blue Luffy\n|-damage|p2a: Blue Luffy|0 fnt\n|faint|p2a: Blue Luffy\n|\n|upkeep\n|c| Megakid20|that\n|c| Megakid20|crit\n|c| plague070|ok\n|c|\u2606troubadour9|bang\n|c| plague070|well\n|c| Megakid20|mattered\n|c| stepback wemby|than go for double protect lowroll\n|c| Megakid20|I think\n|c| plague070|haxed by luck\n|c|\u2606tidaltao|dude holy shit\n|c| stepback wemby|bang.\n|\n|t:|1699859503\n|switch|p2a: Metal Luffy|Skarmory, F|95\/100\n|turn|45\n|c| stepback wemby|crit didnt matter\n|c| plague070|yes it did??\n|c| plague070|it did 70 last game\n|c|\u2606tidaltao|crit did\n|c|\u2606tidaltao|dude\n|c| plague070|fini wouldve lived\n|c|\u2606tidaltao|I lived it last game\n|c|\u2606troubadour9|ball game\n|c|\u2606tidaltao|lol\n|c| stepback wemby|well this probably isnt the correct response\n|c| plague070|naw webs r up its slightly joever\n|\n|t:|1699859539\n|move|p1a: Blue Dream|Thunderbolt|p2a: Metal Luffy\n|-supereffective|p2a: Metal Luffy\n|-damage|p2a: Metal Luffy|0 fnt\n|faint|p2a: Metal Luffy\n|\n|upkeep\n|\n|t:|1699859542\n|switch|p2a: Dragon Luffy|Charizard-Mega-Y, F, shiny|76\/100\n|-weather|SunnyDay|[from] ability: Drought|[of] p2a: Dragon Luffy\n|turn|46\n|c| stepback wemby|dude it would have lived and done what\n|c| stepback wemby|defogged?\n|\n|t:|1699859551\n|move|p1a: Blue Dream|Thunderbolt|p2a: Dragon Luffy\n|-supereffective|p2a: Dragon Luffy\n|-damage|p2a: Dragon Luffy|0 fnt\n|faint|p2a: Dragon Luffy\n|\n|-weather|SunnyDay|[upkeep]\n|upkeep\n|c| plague070|yes\n|\n|t:|1699859554\n|switch|p2a: Green Luffy|Venusaur, M|76\/100\n|-activate|p2a: Green Luffy|move: Sticky Web\n|-unboost|p2a: Green Luffy|spe|1\n|turn|47\n|\n|t:|1699859564\n|switch|p1a: Bubba Kush|Hippowdon, F|88\/100 tox\n|-weather|Sandstorm|[from] ability: Sand Stream|[of] p1a: Bubba Kush\n|move|p2a: Green Luffy|Growth|p2a: Green Luffy\n|-boost|p2a: Green Luffy|atk|1\n|-boost|p2a: Green Luffy|spa|1\n|\n|-weather|Sandstorm|[upkeep]\n|-damage|p2a: Green Luffy|70\/100|[from] Sandstorm\n|-heal|p1a: Bubba Kush|94\/100 tox|[from] item: Leftovers\n|-damage|p1a: Bubba Kush|88\/100 tox|[from] psn\n|upkeep\n|turn|48\n|c| stepback wemby|lowkey blaine loses\n|c| stepback wemby|wait\n|c| stepback wemby|i forgot he has sand\n|c|\u2606tidaltao|I cant do anything\n|c|\u2606tidaltao|lol\n|\n|t:|1699859581\n|move|p2a: Green Luffy|Giga Drain|p1a: Bubba Kush\n|-supereffective|p1a: Bubba Kush\n|-damage|p1a: Bubba Kush|0 fnt\n|-heal|p2a: Green Luffy|100\/100|[from] drain|[of] p1a: Bubba Kush\n|faint|p1a: Bubba Kush\n|-damage|p2a: Green Luffy|91\/100|[from] item: Life Orb\n|\n|-weather|Sandstorm|[upkeep]\n|-damage|p2a: Green Luffy|85\/100|[from] Sandstorm\n|-fieldend|Misty Terrain\n|upkeep\n|c| plague070|theres 0 ways blaine can lose this\n|c| plague070|try as he might\n|c| Megakid20|why did u sack everything cam LMAO\n|\n|t:|1699859590\n|switch|p1a: King Louie|Arcanine-Hisui, F|100\/100\n|turn|49\n|c| stepback wemby|it was over\n|c|\u2606tidaltao|I didnt\n|c|\u2606tidaltao|it crit my fini\n|c| plague070|yeah it was game\n|c|\u2606tidaltao|I didnt sack it\n|c| plague070|fini needed to deog\n|c|\u2606troubadour9|gg\n|\n|t:|1699859605\n|-terastallize|p2a: Green Luffy|Fairy\n|move|p1a: King Louie|Flare Blitz|p2a: Green Luffy\n|-damage|p2a: Green Luffy|7\/100\n|move|p2a: Green Luffy|Sludge Bomb|p1a: King Louie\n|-resisted|p1a: King Louie\n|-damage|p1a: King Louie|69\/100\n|-damage|p2a: Green Luffy|0 fnt|[from] item: Life Orb\n|faint|p2a: Green Luffy\n|\n|win|troubadour9\n|c|\u2606troubadour9|:3\n|c|\u2606tidaltao|ggs\n|l|\u2606tidaltao\n|l| plague070\n|c| stepback wemby|yall put some respekk on blaines name\n|c| stepback wemby|good set\n|c| Megakid20|no bro i swear that chloro -1 venu outsped\n","uploadtime":1699859622,"views":14,"p1id":"troubadour9","p2id":"tidaltao","formatid":"gen9nationaldex","rating":0,"private":0,"password":""}