{"id":"gen9nationaldex-2000091982","p1":"neferp1tou","p2":"gobbyhappy1","format":"[Gen 9] National Dex","log":"|html|<div class=\"broadcast-blue\"><strong>[Gen 9] National Dex is currently suspecting Sneasler! For information on how to participate check out the <a href=\"https:\/\/www.smogon.com\/forums\/threads\/sv-national-dex-suspect-8-just-dance.3731534\/\">suspect thread<\/a>.<\/strong><\/div>\n|j|\u2606neferp1tou\n|j|\u2606gobbyhappy1\n|t:|1701153239\n|gametype|singles\n|player|p1|neferp1tou|2|1645\n|player|p2|gobbyhappy1|1|1649\n|teamsize|p1|6\n|teamsize|p2|6\n|gen|9\n|tier|[Gen 9] National Dex\n|rated|\n|rule|HP Percentage Mod: HP is shown in percentages\n|rule|Endless Battle Clause: Forcing endless battles is banned\n|rule|OHKO Clause: OHKO moves are banned\n|rule|Evasion Clause: Evasion abilities, items, and moves are banned\n|rule|Evasion Abilities Clause: Evasion abilities are banned\n|rule|Evasion Items Clause: Evasion items are banned\n|rule|Evasion Moves Clause: Evasion moves are banned\n|rule|Species Clause: Limit one of each Pok\u00e9mon\n|rule|Sleep Clause Mod: Limit one foe put to sleep\n|clearpoke\n|poke|p1|Clefable, F|\n|poke|p1|Slowking-Galar, M|\n|poke|p1|Gliscor, F|\n|poke|p1|Alomomola, L99, F|\n|poke|p1|Skeledirge, F|\n|poke|p1|Maushold-Four|\n|poke|p2|Tapu Lele|\n|poke|p2|Alomomola, M|\n|poke|p2|Ogerpon-Wellspring, F|\n|poke|p2|Ferrothorn, M|\n|poke|p2|Hydreigon, M|\n|poke|p2|Lopunny, F|\n|teampreview\n|inactive|Battle timer is ON: inactive players will automatically lose when time's up. (requested by gobbyhappy1)\n|\n|t:|1701153253\n|start\n|switch|p1a: Slowking|Slowking-Galar, M|100\/100\n|switch|p2a: Tapu Lele|Tapu Lele|100\/100\n|-fieldstart|move: Psychic Terrain|[from] ability: Psychic Surge|[of] p2a: Tapu Lele\n|turn|1\n|inactive|neferp1tou has 120 seconds left.\n|\n|t:|1701153286\n|-terastallize|p2a: Tapu Lele|Psychic\n|move|p2a: Tapu Lele|Psychic|p1a: Slowking\n|-damage|p1a: Slowking|51\/100\n|move|p1a: Slowking|Sludge Bomb|p2a: Tapu Lele\n|-damage|p2a: Tapu Lele|54\/100\n|\n|upkeep\n|turn|2\n|\n|t:|1701153296\n|switch|p1a: Alomomola|Alomomola, L99, F|100\/100\n|move|p2a: Tapu Lele|Psychic|p1a: Alomomola\n|-damage|p1a: Alomomola|50\/100\n|\n|upkeep\n|turn|3\n|\n|t:|1701153299\n|switch|p1a: Slowking|Slowking-Galar, M|84\/100\n|move|p2a: Tapu Lele|Psychic|p1a: Slowking\n|-crit|p1a: Slowking\n|-damage|p1a: Slowking|10\/100\n|\n|upkeep\n|turn|4\n|\n|t:|1701153303\n|switch|p1a: Alomomola|Alomomola, L99, F|84\/100\n|move|p2a: Tapu Lele|Psychic|p1a: Alomomola\n|-damage|p1a: Alomomola|31\/100\n|\n|upkeep\n|turn|5\n|\n|t:|1701153315\n|switch|p1a: Clefable|Clefable, F|100\/100\n|move|p2a: Tapu Lele|Psychic|p1a: Clefable\n|-damage|p1a: Clefable|12\/100\n|-unboost|p1a: Clefable|spd|1\n|\n|-heal|p1a: Clefable|19\/100|[from] item: Leftovers\n|-fieldend|move: Psychic Terrain\n|upkeep\n|turn|6\n|\n|t:|1701153320\n|switch|p1a: Alomomola|Alomomola, L99, F|64\/100\n|move|p2a: Tapu Lele|Psychic|p1a: Alomomola\n|-damage|p1a: Alomomola|25\/100\n|\n|upkeep\n|turn|7\n|j| mlimini\n|l| mlimini\n|\n|t:|1701153350\n|switch|p2a: Ogerpon|Ogerpon-Wellspring, F|100\/100\n|-terastallize|p1a: Alomomola|Dark\n|move|p1a: Alomomola|Flip Turn|p2a: Ogerpon\n|-immune|p2a: Ogerpon|[from] ability: Water Absorb\n|\n|upkeep\n|turn|8\n|\n|t:|1701153356\n|switch|p1a: Slowking|Slowking-Galar, M|44\/100\n|move|p2a: Ogerpon|Encore||[still]\n|-fail|p2a: Ogerpon\n|\n|upkeep\n|turn|9\n|\n|t:|1701153359\n|move|p2a: Ogerpon|Ivy Cudgel|p1a: Slowking|[anim] Ivy Cudgel Water\n|-damage|p1a: Slowking|0 fnt\n|faint|p1a: Slowking\n|\n|upkeep\n|\n|t:|1701153361\n|switch|p1a: Maushold|Maushold-Four|100\/100\n|turn|10\n|\n|t:|1701153365\n|switch|p2a: Ferrothorn|Ferrothorn, M|100\/100\n|move|p1a: Maushold|Population Bomb|p2a: Ferrothorn\n|-resisted|p2a: Ferrothorn\n|-damage|p2a: Ferrothorn|97\/100\n|-damage|p1a: Maushold|88\/100|[from] ability: Iron Barbs|[of] p2a: Ferrothorn\n|-resisted|p2a: Ferrothorn\n|-damage|p2a: Ferrothorn|94\/100\n|-damage|p1a: Maushold|76\/100|[from] ability: Iron Barbs|[of] p2a: Ferrothorn\n|-resisted|p2a: Ferrothorn\n|-damage|p2a: Ferrothorn|90\/100\n|-damage|p1a: Maushold|63\/100|[from] ability: Iron Barbs|[of] p2a: Ferrothorn\n|-resisted|p2a: Ferrothorn\n|-damage|p2a: Ferrothorn|87\/100\n|-damage|p1a: Maushold|51\/100|[from] ability: Iron Barbs|[of] p2a: Ferrothorn\n|-resisted|p2a: Ferrothorn\n|-damage|p2a: Ferrothorn|84\/100\n|-damage|p1a: Maushold|38\/100|[from] ability: Iron Barbs|[of] p2a: Ferrothorn\n|-resisted|p2a: Ferrothorn\n|-damage|p2a: Ferrothorn|81\/100\n|-damage|p1a: Maushold|26\/100|[from] ability: Iron Barbs|[of] p2a: Ferrothorn\n|-resisted|p2a: Ferrothorn\n|-damage|p2a: Ferrothorn|78\/100\n|-damage|p1a: Maushold|13\/100|[from] ability: Iron Barbs|[of] p2a: Ferrothorn\n|-resisted|p2a: Ferrothorn\n|-damage|p2a: Ferrothorn|75\/100\n|-damage|p1a: Maushold|1\/100|[from] ability: Iron Barbs|[of] p2a: Ferrothorn\n|-resisted|p2a: Ferrothorn\n|-damage|p2a: Ferrothorn|72\/100\n|-damage|p1a: Maushold|0 fnt|[from] ability: Iron Barbs|[of] p2a: Ferrothorn\n|faint|p1a: Maushold\n|-hitcount|p2a: Ferrothorn|9\n|\n|-heal|p2a: Ferrothorn|78\/100|[from] item: Leftovers\n|upkeep\n|\n|t:|1701153368\n|switch|p1a: Skeledirge|Skeledirge, F|100\/100\n|turn|11\n|\n|t:|1701153373\n|switch|p2a: Hydreigon|Hydreigon, M|100\/100\n|move|p1a: Skeledirge|Will-O-Wisp|p2a: Hydreigon\n|-status|p2a: Hydreigon|brn\n|\n|-damage|p2a: Hydreigon|94\/100 brn|[from] brn\n|upkeep\n|turn|12\n|inactive|neferp1tou has 120 seconds left.\n|\n|t:|1701153433\n|switch|p1a: Alomomola|Alomomola, L99, F, tera:Dark|58\/100\n|move|p2a: Hydreigon|Dark Pulse|p1a: Alomomola\n|-resisted|p1a: Alomomola\n|-damage|p1a: Alomomola|49\/100\n|\n|-heal|p2a: Hydreigon|100\/100 brn|[from] item: Leftovers\n|-damage|p2a: Hydreigon|94\/100 brn|[from] brn\n|upkeep\n|turn|13\n|\n|t:|1701153441\n|switch|p2a: Ferrothorn|Ferrothorn, M|78\/100\n|move|p1a: Alomomola|Flip Turn|p2a: Ferrothorn\n|-resisted|p2a: Ferrothorn\n|-damage|p2a: Ferrothorn|74\/100\n|-damage|p1a: Alomomola|36\/100|[from] ability: Iron Barbs|[of] p2a: Ferrothorn\n|\n|t:|1701153458\n|switch|p1a: Skeledirge|Skeledirge, F|100\/100|[from] Flip Turn\n|\n|-heal|p2a: Ferrothorn|80\/100|[from] item: Leftovers\n|upkeep\n|turn|14\n|\n|t:|1701153461\n|switch|p2a: Hydreigon|Hydreigon, M|94\/100 brn\n|move|p1a: Skeledirge|Torch Song|p2a: Hydreigon\n|-resisted|p2a: Hydreigon\n|-damage|p2a: Hydreigon|85\/100 brn\n|-boost|p1a: Skeledirge|spa|1\n|\n|-heal|p2a: Hydreigon|91\/100 brn|[from] item: Leftovers\n|-damage|p2a: Hydreigon|85\/100 brn|[from] brn\n|upkeep\n|turn|15\n|\n|t:|1701153465\n|switch|p1a: Alomomola|Alomomola, L99, F, tera:Dark|69\/100\n|move|p2a: Hydreigon|Dark Pulse|p1a: Alomomola\n|-resisted|p1a: Alomomola\n|-damage|p1a: Alomomola|60\/100\n|\n|-heal|p2a: Hydreigon|91\/100 brn|[from] item: Leftovers\n|-damage|p2a: Hydreigon|85\/100 brn|[from] brn\n|upkeep\n|turn|16\n|\n|t:|1701153468\n|switch|p2a: Ogerpon|Ogerpon-Wellspring, F|100\/100\n|switch|p1a: Gliscor|Gliscor, F|100\/100\n|\n|-status|p1a: Gliscor|tox|[from] item: Toxic Orb\n|upkeep\n|turn|17\n|\n|t:|1701153471\n|switch|p1a: Skeledirge|Skeledirge, F|100\/100\n|move|p2a: Ogerpon|Swords Dance|p2a: Ogerpon\n|-boost|p2a: Ogerpon|atk|2\n|\n|upkeep\n|turn|18\n|\n|t:|1701153473\n|move|p2a: Ogerpon|Ivy Cudgel|p1a: Skeledirge|[anim] Ivy Cudgel Water\n|-supereffective|p1a: Skeledirge\n|-damage|p1a: Skeledirge|25\/100\n|move|p1a: Skeledirge|Will-O-Wisp|p2a: Ogerpon\n|-status|p2a: Ogerpon|brn\n|\n|-damage|p2a: Ogerpon|95\/100 brn|[from] brn\n|upkeep\n|turn|19\n|\n|t:|1701153478\n|switch|p1a: Alomomola|Alomomola, L99, F, tera:Dark|94\/100\n|move|p2a: Ogerpon|Ivy Cudgel|p1a: Alomomola|[anim] Ivy Cudgel Water\n|-damage|p1a: Alomomola|55\/100\n|\n|-damage|p2a: Ogerpon|89\/100 brn|[from] brn\n|upkeep\n|turn|20\n|\n|t:|1701153483\n|switch|p1a: Gliscor|Gliscor, F|100\/100 tox\n|move|p2a: Ogerpon|Swords Dance|p2a: Ogerpon\n|-boost|p2a: Ogerpon|atk|2\n|\n|-damage|p2a: Ogerpon|83\/100 brn|[from] brn\n|upkeep\n|turn|21\n|\n|t:|1701153486\n|move|p1a: Gliscor|Protect|p1a: Gliscor\n|-singleturn|p1a: Gliscor|Protect\n|move|p2a: Ogerpon|Ivy Cudgel|p1a: Gliscor|[anim] Ivy Cudgel Water\n|-activate|p1a: Gliscor|move: Protect\n|\n|-damage|p2a: Ogerpon|77\/100 brn|[from] brn\n|upkeep\n|turn|22\n|-message|neferp1tou forfeited.\n|\n|win|gobbyhappy1\n|raw|neferp1tou's rating: 1645 &rarr; <strong>1625<\/strong><br \/>(-20 for losing)\n|raw|gobbyhappy1's rating: 1649 &rarr; <strong>1669<\/strong><br \/>(+20 for winning)\n|l|\u2606neferp1tou\n","uploadtime":1701153493,"views":1,"p1id":"neferp1tou","p2id":"gobbyhappy1","formatid":"gen9nationaldex","rating":1625,"private":0,"password":""}