{"id":"gen9nationaldex-1991079306","p1":"luft kjhh","p2":"NegativeVictoria","format":"[Gen 9] National Dex","log":"|j|\u2606luft kjhh\n|j|\u2606NegativeVictoria\n|t:|1700039545\n|gametype|singles\n|player|p1|luft kjhh|266|1213\n|player|p2|NegativeVictoria|plasmagruntf|1281\n|teamsize|p1|6\n|teamsize|p2|6\n|gen|9\n|tier|[Gen 9] National Dex\n|rated|\n|rule|HP Percentage Mod: HP is shown in percentages\n|rule|Endless Battle Clause: Forcing endless battles is banned\n|rule|OHKO Clause: OHKO moves are banned\n|rule|Evasion Clause: Evasion abilities, items, and moves are banned\n|rule|Evasion Abilities Clause: Evasion abilities are banned\n|rule|Evasion Items Clause: Evasion items are banned\n|rule|Evasion Moves Clause: Evasion moves are banned\n|rule|Species Clause: Limit one of each Pok\u00e9mon\n|rule|Sleep Clause Mod: Limit one foe put to sleep\n|clearpoke\n|poke|p1|Sinistcha-Masterpiece|\n|poke|p1|Tapu Lele|\n|poke|p1|Urshifu-*, F|\n|poke|p1|Heatran, M|\n|poke|p1|Landorus-Therian, M|\n|poke|p1|Weavile, F|\n|poke|p2|Pelipper, M|\n|poke|p2|Kingdra, F|\n|poke|p2|Qwilfish, F|\n|poke|p2|Toxicroak, M|\n|poke|p2|Beartic, M|\n|poke|p2|Garchomp, F|\n|teampreview\n|inactive|Battle timer is ON: inactive players will automatically lose when time's up. (requested by luft kjhh)\n|\n|t:|1700039558\n|start\n|switch|p1a: \u8776\u8776|Tapu Lele|100\/100\n|switch|p2a: Pelipper|Pelipper, M|100\/100\n|-fieldstart|move: Psychic Terrain|[from] ability: Psychic Surge|[of] p1a: \u8776\u8776\n|-weather|RainDance|[from] ability: Drizzle|[of] p2a: Pelipper\n|turn|1\n|\n|t:|1700039565\n|switch|p2a: Beartic|Beartic, M|100\/100\n|move|p1a: \u8776\u8776|Future Sight|p2a: Beartic\n|-start|p1a: \u8776\u8776|move: Future Sight\n|\n|-weather|RainDance|[upkeep]\n|upkeep\n|turn|2\n|\n|t:|1700039572\n|switch|p1a: \u5e2b\u5085|Urshifu-Rapid-Strike, F|100\/100\n|move|p2a: Beartic|Icicle Crash|p1a: \u5e2b\u5085\n|-resisted|p1a: \u5e2b\u5085\n|-damage|p1a: \u5e2b\u5085|69\/100\n|-damage|p2a: Beartic|91\/100|[from] item: Life Orb\n|\n|-weather|RainDance|[upkeep]\n|upkeep\n|turn|3\n|\n|t:|1700039583\n|move|p2a: Beartic|Swords Dance|p2a: Beartic\n|-boost|p2a: Beartic|atk|2\n|move|p1a: \u5e2b\u5085|U-turn|p2a: Beartic\n|-damage|p2a: Beartic|63\/100\n|\n|t:|1700039590\n|switch|p1a: \u5730\u864e|Landorus-Therian, M|100\/100|[from] U-turn\n|-ability|p1a: \u5730\u864e|Intimidate|boost\n|-unboost|p2a: Beartic|atk|1\n|\n|-weather|RainDance|[upkeep]\n|-end|p2a: Beartic|move: Future Sight\n|-damage|p2a: Beartic|0 fnt\n|faint|p2a: Beartic\n|upkeep\n|\n|t:|1700039595\n|switch|p2a: Kingdra|Kingdra, F|100\/100\n|turn|4\n|\n|t:|1700039606\n|-terastallize|p2a: Kingdra|Water\n|move|p2a: Kingdra|Surf|p1a: \u5730\u864e\n|-supereffective|p1a: \u5730\u864e\n|-damage|p1a: \u5730\u864e|0 fnt\n|faint|p1a: \u5730\u864e\n|\n|-weather|RainDance|[upkeep]\n|upkeep\n|\n|t:|1700039613\n|switch|p1a: \u7da0\u8336|Sinistcha-Masterpiece, shiny|100\/100\n|turn|5\n|\n|t:|1700039619\n|switch|p2a: Toxicroak|Toxicroak, M|100\/100\n|move|p1a: \u7da0\u8336|Strength Sap|p2a: Toxicroak\n|-unboost|p2a: Toxicroak|atk|1\n|\n|-weather|none\n|-fieldend|move: Psychic Terrain\n|upkeep\n|turn|6\n|\n|t:|1700039630\n|switch|p2a: Garchomp|Garchomp, F|100\/100\n|switch|p1a: \u706b\u92fc|Heatran, M|100\/100\n|\n|upkeep\n|turn|7\n|\n|t:|1700039638\n|switch|p1a: \u7da0\u8336|Sinistcha-Masterpiece, shiny|100\/100\n|move|p2a: Garchomp|Earthquake|p1a: \u7da0\u8336\n|-resisted|p1a: \u7da0\u8336\n|-damage|p1a: \u7da0\u8336|71\/100\n|\n|-heal|p1a: \u7da0\u8336|77\/100|[from] item: Leftovers\n|upkeep\n|turn|8\n|\n|t:|1700039642\n|switch|p2a: Pelipper|Pelipper, M|100\/100\n|-weather|RainDance|[from] ability: Drizzle|[of] p2a: Pelipper\n|move|p1a: \u7da0\u8336|Matcha Gotcha|p2a: Pelipper\n|-damage|p2a: Pelipper|41\/100\n|-heal|p1a: \u7da0\u8336|99\/100|[from] drain|[of] p2a: Pelipper\n|-status|p2a: Pelipper|brn\n|\n|-weather|RainDance|[upkeep]\n|-heal|p1a: \u7da0\u8336|100\/100|[from] item: Leftovers\n|-damage|p2a: Pelipper|34\/100 brn|[from] brn\n|upkeep\n|turn|9\n|\n|t:|1700039649\n|switch|p1a: \u9ed1\u8c79|Weavile, F|100\/100\n|-ability|p1a: \u9ed1\u8c79|Pressure\n|move|p2a: Pelipper|Hurricane|p1a: \u9ed1\u8c79\n|-damage|p1a: \u9ed1\u8c79|38\/100\n|\n|-weather|RainDance|[upkeep]\n|-damage|p2a: Pelipper|28\/100 brn|[from] brn\n|upkeep\n|turn|10\n|\n|t:|1700039655\n|switch|p2a: Qwilfish|Qwilfish, F|100\/100\n|move|p1a: \u9ed1\u8c79|Triple Axel|p2a: Qwilfish\n|-resisted|p2a: Qwilfish\n|-damage|p2a: Qwilfish|91\/100\n|-resisted|p2a: Qwilfish\n|-damage|p2a: Qwilfish|70\/100\n|-resisted|p2a: Qwilfish\n|-damage|p2a: Qwilfish|35\/100\n|-hitcount|p2a: Qwilfish|3\n|\n|-weather|RainDance|[upkeep]\n|upkeep\n|turn|11\n|\n|t:|1700039657\n|move|p2a: Qwilfish|Aqua Jet|p1a: \u9ed1\u8c79\n|-damage|p1a: \u9ed1\u8c79|0 fnt\n|faint|p1a: \u9ed1\u8c79\n|-damage|p2a: Qwilfish|25\/100|[from] item: Life Orb\n|\n|-weather|RainDance|[upkeep]\n|upkeep\n|\n|t:|1700039670\n|switch|p1a: \u5e2b\u5085|Urshifu-Rapid-Strike, F|69\/100\n|turn|12\n|\n|t:|1700039675\n|move|p2a: Qwilfish|Poison Jab|p1a: \u5e2b\u5085\n|-damage|p1a: \u5e2b\u5085|20\/100\n|-damage|p2a: Qwilfish|16\/100|[from] item: Life Orb\n|move|p1a: \u5e2b\u5085|Surging Strikes|p2a: Qwilfish\n|-resisted|p2a: Qwilfish\n|-crit|p2a: Qwilfish\n|-damage|p2a: Qwilfish|0 fnt\n|faint|p2a: Qwilfish\n|-hitcount|p2: Qwilfish|1\n|\n|-weather|none\n|upkeep\n|\n|t:|1700039679\n|switch|p2a: Pelipper|Pelipper, M|28\/100 brn\n|-weather|RainDance|[from] ability: Drizzle|[of] p2a: Pelipper\n|turn|13\n|\n|t:|1700039681\n|move|p2a: Pelipper|U-turn|p1a: \u5e2b\u5085\n|-resisted|p1a: \u5e2b\u5085\n|-damage|p1a: \u5e2b\u5085|18\/100\n|\n|t:|1700039684\n|switch|p2a: Kingdra|Kingdra, F, tera:Water|100\/100|[from] U-turn\n|move|p1a: \u5e2b\u5085|Surging Strikes|p2a: Kingdra\n|-resisted|p2a: Kingdra\n|-crit|p2a: Kingdra\n|-damage|p2a: Kingdra|81\/100\n|-resisted|p2a: Kingdra\n|-crit|p2a: Kingdra\n|-damage|p2a: Kingdra|61\/100\n|-resisted|p2a: Kingdra\n|-crit|p2a: Kingdra\n|-damage|p2a: Kingdra|42\/100\n|-hitcount|p2a: Kingdra|3\n|\n|-weather|RainDance|[upkeep]\n|upkeep\n|turn|14\n|\n|t:|1700039688\n|move|p2a: Kingdra|Surf|p1a: \u5e2b\u5085\n|-resisted|p1a: \u5e2b\u5085\n|-crit|p1a: \u5e2b\u5085\n|-damage|p1a: \u5e2b\u5085|0 fnt\n|faint|p1a: \u5e2b\u5085\n|\n|-weather|RainDance|[upkeep]\n|upkeep\n|\n|t:|1700039691\n|switch|p1a: \u7da0\u8336|Sinistcha-Masterpiece, shiny|100\/100\n|turn|15\n|\n|t:|1700039695\n|switch|p2a: Toxicroak|Toxicroak, M|100\/100\n|move|p1a: \u7da0\u8336|Matcha Gotcha|p2a: Toxicroak\n|-resisted|p2a: Toxicroak\n|-damage|p2a: Toxicroak|76\/100\n|\n|-weather|RainDance|[upkeep]\n|-heal|p2a: Toxicroak|88\/100|[from] ability: Dry Skin\n|upkeep\n|turn|16\n|\n|t:|1700039710\n|-terastallize|p1a: \u7da0\u8336|Poison\n|move|p2a: Toxicroak|Ice Punch|p1a: \u7da0\u8336\n|-damage|p1a: \u7da0\u8336|80\/100\n|-damage|p2a: Toxicroak|79\/100|[from] item: Life Orb\n|move|p1a: \u7da0\u8336|Matcha Gotcha|p2a: Toxicroak\n|-resisted|p2a: Toxicroak\n|-damage|p2a: Toxicroak|55\/100\n|-heal|p1a: \u7da0\u8336|91\/100|[from] drain|[of] p2a: Toxicroak\n|\n|-weather|RainDance|[upkeep]\n|-heal|p2a: Toxicroak|67\/100|[from] ability: Dry Skin\n|-heal|p1a: \u7da0\u8336|97\/100|[from] item: Leftovers\n|upkeep\n|turn|17\n|\n|t:|1700039721\n|move|p2a: Toxicroak|Swords Dance|p2a: Toxicroak\n|-boost|p2a: Toxicroak|atk|2\n|move|p1a: \u7da0\u8336|Calm Mind|p1a: \u7da0\u8336\n|-boost|p1a: \u7da0\u8336|spa|1\n|-boost|p1a: \u7da0\u8336|spd|1\n|\n|-weather|none\n|-heal|p1a: \u7da0\u8336|100\/100|[from] item: Leftovers\n|upkeep\n|turn|18\n|\n|t:|1700039727\n|move|p2a: Toxicroak|Sucker Punch|p1a: \u7da0\u8336\n|-damage|p1a: \u7da0\u8336|65\/100\n|-damage|p2a: Toxicroak|57\/100|[from] item: Life Orb\n|move|p1a: \u7da0\u8336|Shadow Ball|p2a: Toxicroak\n|-damage|p2a: Toxicroak|0 fnt\n|faint|p2a: Toxicroak\n|\n|-heal|p1a: \u7da0\u8336|72\/100|[from] item: Leftovers\n|upkeep\n|\n|t:|1700039729\n|switch|p2a: Garchomp|Garchomp, F|100\/100\n|turn|19\n|\n|t:|1700039736\n|move|p2a: Garchomp|Earthquake|p1a: \u7da0\u8336\n|-supereffective|p1a: \u7da0\u8336\n|-damage|p1a: \u7da0\u8336|0 fnt\n|faint|p1a: \u7da0\u8336\n|\n|upkeep\n|\n|t:|1700039738\n|switch|p1a: \u8776\u8776|Tapu Lele|100\/100\n|-fieldstart|move: Psychic Terrain|[from] ability: Psychic Surge|[of] p1a: \u8776\u8776\n|turn|20\n|\n|t:|1700039740\n|move|p1a: \u8776\u8776|Moonblast|p2a: Garchomp\n|-supereffective|p2a: Garchomp\n|-damage|p2a: Garchomp|0 fnt\n|faint|p2a: Garchomp\n|\n|upkeep\n|\n|t:|1700039742\n|switch|p2a: Pelipper|Pelipper, M|28\/100 brn\n|-weather|RainDance|[from] ability: Drizzle|[of] p2a: Pelipper\n|turn|21\n|\n|t:|1700039744\n|move|p1a: \u8776\u8776|Moonblast|p2a: Pelipper\n|-damage|p2a: Pelipper|0 fnt\n|faint|p2a: Pelipper\n|\n|-weather|RainDance|[upkeep]\n|upkeep\n|\n|t:|1700039746\n|switch|p2a: Kingdra|Kingdra, F, tera:Water|42\/100\n|turn|22\n|\n|t:|1700039750\n|move|p2a: Kingdra|Surf|p1a: \u8776\u8776\n|-damage|p1a: \u8776\u8776|0 fnt\n|faint|p1a: \u8776\u8776\n|\n|-weather|RainDance|[upkeep]\n|upkeep\n|\n|t:|1700039751\n|switch|p1a: \u706b\u92fc|Heatran, M|100\/100\n|turn|23\n|\n|t:|1700039754\n|move|p2a: Kingdra|Surf|p1a: \u706b\u92fc\n|-supereffective|p1a: \u706b\u92fc\n|-damage|p1a: \u706b\u92fc|0 fnt\n|faint|p1a: \u706b\u92fc\n|\n|win|NegativeVictoria\n|raw|luft kjhh's rating: 1213 &rarr; <strong>1193<\/strong><br \/>(-20 for losing)\n|raw|NegativeVictoria's rating: 1281 &rarr; <strong>1301<\/strong><br \/>(+20 for winning)\n|l|\u2606luft kjhh\n","uploadtime":1700039759,"views":5,"p1id":"luftkjhh","p2id":"negativevictoria","formatid":"gen9nationaldex","rating":1193,"private":0,"password":""}