{"id":"gen9nationaldex-1986983611","p1":"Elpapeainsanos","p2":"CURRYSAUSE","format":"[Gen 9] National Dex","log":"|j|\u2606Elpapeainsanos\n|j|\u2606CURRYSAUSE\n|t:|1699546569\n|gametype|singles\n|player|p1|Elpapeainsanos|clemont|1047\n|player|p2|CURRYSAUSE|pokekid|1000\n|teamsize|p1|6\n|teamsize|p2|6\n|gen|9\n|tier|[Gen 9] National Dex\n|rated|\n|rule|HP Percentage Mod: HP is shown in percentages\n|rule|Endless Battle Clause: Forcing endless battles is banned\n|rule|OHKO Clause: OHKO moves are banned\n|rule|Evasion Clause: Evasion abilities, items, and moves are banned\n|rule|Evasion Abilities Clause: Evasion abilities are banned\n|rule|Evasion Items Clause: Evasion items are banned\n|rule|Evasion Moves Clause: Evasion moves are banned\n|rule|Species Clause: Limit one of each Pok\u00e9mon\n|rule|Sleep Clause Mod: Limit one foe put to sleep\n|clearpoke\n|poke|p1|Deoxys-Defense|\n|poke|p1|Garganacl, F|\n|poke|p1|Toxapex, M|\n|poke|p1|Stakataka|\n|poke|p1|Ninjask, M|\n|poke|p1|Zygarde-10%|\n|poke|p2|Gliscor, M|\n|poke|p2|Charizard, F|\n|poke|p2|Venusaur, M|\n|poke|p2|Swampert, F|\n|poke|p2|Sylveon, M|\n|poke|p2|Metagross|\n|teampreview\n|\n|t:|1699546577\n|start\n|switch|p1a: Deoxys|Deoxys-Defense|100\/100\n|switch|p2a: Gliscor|Gliscor, M, shiny|100\/100\n|-ability|p1a: Deoxys|Pressure\n|turn|1\n|inactive|Battle timer is ON: inactive players will automatically lose when time's up. (requested by CURRYSAUSE)\n|\n|t:|1699546587\n|move|p1a: Deoxys|Stealth Rock|p2a: Gliscor\n|-sidestart|p2: CURRYSAUSE|move: Stealth Rock\n|move|p2a: Gliscor|Swords Dance|p2a: Gliscor\n|-boost|p2a: Gliscor|atk|2\n|\n|-status|p2a: Gliscor|tox|[from] item: Toxic Orb\n|upkeep\n|turn|2\n|\n|t:|1699546593\n|move|p1a: Deoxys|Spikes|p2a: Gliscor\n|-sidestart|p2: CURRYSAUSE|Spikes\n|move|p2a: Gliscor|Swords Dance|p2a: Gliscor\n|-boost|p2a: Gliscor|atk|2\n|\n|upkeep\n|turn|3\n|\n|t:|1699546616\n|move|p1a: Deoxys|Spikes|p2a: Gliscor\n|-sidestart|p2: CURRYSAUSE|Spikes\n|move|p2a: Gliscor|Earthquake|p1a: Deoxys\n|-damage|p1a: Deoxys|0 fnt\n|faint|p1a: Deoxys\n|\n|upkeep\n|\n|t:|1699546625\n|switch|p1a: Ninjask|Ninjask, M|100\/100\n|turn|4\n|\n|t:|1699546634\n|move|p1a: Ninjask|U-turn|p2a: Gliscor\n|-resisted|p2a: Gliscor\n|-damage|p2a: Gliscor|89\/100 tox\n|\n|t:|1699546645\n|switch|p1a: Zorra|Zygarde-10%|100\/100|[from] U-turn\n|-ability|p1a: Zorra|Aura Break\n|move|p2a: Gliscor|Swords Dance|p2a: Gliscor\n|-boost|p2a: Gliscor|atk|2\n|\n|-heal|p2a: Gliscor|100\/100 tox|[from] ability: Poison Heal\n|upkeep\n|turn|5\n|\n|t:|1699546658\n|move|p1a: Zorra|Thousand Arrows|p2a: Gliscor\n|-damage|p2a: Gliscor|70\/100 tox\n|-start|p2a: Gliscor|Smack Down\n|move|p2a: Gliscor|Dual Wingbeat|p1a: Zorra|[miss]\n|-miss|p2a: Gliscor|p1a: Zorra\n|\n|-heal|p2a: Gliscor|83\/100 tox|[from] ability: Poison Heal\n|upkeep\n|turn|6\n|\n|t:|1699546666\n|move|p1a: Zorra|Outrage|p2a: Gliscor\n|-damage|p2a: Gliscor|37\/100 tox\n|move|p2a: Gliscor|Dual Wingbeat|p1a: Zorra\n|-damage|p1a: Zorra|0 fnt\n|faint|p1a: Zorra\n|-hitcount|p1: Zorra|1\n|\n|-heal|p2a: Gliscor|50\/100 tox|[from] ability: Poison Heal\n|upkeep\n|\n|t:|1699546680\n|switch|p1a: Garganacl|Garganacl, F|100\/100\n|turn|7\n|\n|t:|1699546691\n|-terastallize|p1a: Garganacl|Flying\n|move|p2a: Gliscor|Dual Wingbeat|p1a: Garganacl|[miss]\n|-miss|p2a: Gliscor|p1a: Garganacl\n|move|p1a: Garganacl|Salt Cure|p2a: Gliscor\n|-damage|p2a: Gliscor|36\/100 tox\n|-start|p2a: Gliscor|Salt Cure\n|\n|-heal|p2a: Gliscor|49\/100 tox|[from] ability: Poison Heal\n|-damage|p2a: Gliscor|36\/100 tox|[from] Salt Cure\n|upkeep\n|turn|8\n|\n|t:|1699546702\n|move|p2a: Gliscor|Swords Dance|p2a: Gliscor\n|-boost|p2a: Gliscor|atk|0\n|move|p1a: Garganacl|Iron Defense|p1a: Garganacl\n|-boost|p1a: Garganacl|def|2\n|\n|-heal|p2a: Gliscor|49\/100 tox|[from] ability: Poison Heal\n|-damage|p2a: Gliscor|36\/100 tox|[from] Salt Cure\n|upkeep\n|turn|9\n|\n|t:|1699546716\n|move|p2a: Gliscor|Dual Wingbeat|p1a: Garganacl\n|-damage|p1a: Garganacl|75\/100\n|-damage|p1a: Garganacl|49\/100\n|-hitcount|p1a: Garganacl|2\n|move|p1a: Garganacl|Iron Defense|p1a: Garganacl\n|-boost|p1a: Garganacl|def|2\n|\n|-heal|p1a: Garganacl|55\/100|[from] item: Leftovers\n|-heal|p2a: Gliscor|49\/100 tox|[from] ability: Poison Heal\n|-damage|p2a: Gliscor|36\/100 tox|[from] Salt Cure\n|upkeep\n|turn|10\n|\n|t:|1699546728\n|move|p2a: Gliscor|Earthquake|p1a: Garganacl\n|-immune|p1a: Garganacl\n|move|p1a: Garganacl|Recover|p1a: Garganacl\n|-heal|p1a: Garganacl|100\/100\n|\n|-heal|p2a: Gliscor|49\/100 tox|[from] ability: Poison Heal\n|-damage|p2a: Gliscor|36\/100 tox|[from] Salt Cure\n|upkeep\n|turn|11\n|\n|t:|1699546738\n|move|p2a: Gliscor|Dual Wingbeat|p1a: Garganacl\n|-damage|p1a: Garganacl|84\/100\n|-damage|p1a: Garganacl|68\/100\n|-hitcount|p1a: Garganacl|2\n|move|p1a: Garganacl|Heavy Slam|p2a: Gliscor\n|-damage|p2a: Gliscor|13\/100 tox\n|\n|-heal|p1a: Garganacl|74\/100|[from] item: Leftovers\n|-heal|p2a: Gliscor|26\/100 tox|[from] ability: Poison Heal\n|-damage|p2a: Gliscor|13\/100 tox|[from] Salt Cure\n|upkeep\n|turn|12\n|\n|t:|1699546750\n|move|p2a: Gliscor|Dual Wingbeat|p1a: Garganacl\n|-damage|p1a: Garganacl|57\/100\n|-damage|p1a: Garganacl|40\/100\n|-hitcount|p1a: Garganacl|2\n|move|p1a: Garganacl|Heavy Slam|p2a: Gliscor\n|-damage|p2a: Gliscor|0 fnt\n|faint|p2a: Gliscor\n|\n|-heal|p1a: Garganacl|46\/100|[from] item: Leftovers\n|upkeep\n|inactive|CURRYSAUSE has 120 seconds left.\n|\n|t:|1699546793\n|switch|p2a: Metagross|Metagross, shiny|100\/100\n|-damage|p2a: Metagross|94\/100|[from] Stealth Rock\n|-damage|p2a: Metagross|78\/100|[from] Spikes\n|turn|13\n|\n|t:|1699546801\n|move|p2a: Metagross|Steel Beam|p1a: Garganacl\n|-damage|p1a: Garganacl|4\/100\n|-damage|p2a: Metagross|28\/100|[from] steelbeam\n|move|p1a: Garganacl|Recover|p1a: Garganacl\n|-heal|p1a: Garganacl|54\/100\n|\n|-heal|p2a: Metagross|34\/100|[from] item: Leftovers\n|-heal|p1a: Garganacl|61\/100|[from] item: Leftovers\n|upkeep\n|turn|14\n|inactive|CURRYSAUSE has 120 seconds left.\n|\n|t:|1699546808\n|move|p2a: Metagross|Steel Roller||[still]\n|-fail|p2a: Metagross\n|move|p1a: Garganacl|Recover|p1a: Garganacl\n|-heal|p1a: Garganacl|100\/100\n|\n|-heal|p2a: Metagross|40\/100|[from] item: Leftovers\n|upkeep\n|turn|15\n|inactive|CURRYSAUSE has 120 seconds left.\n|\n|t:|1699546830\n|move|p2a: Metagross|Explosion|p1a: Garganacl\n|-damage|p1a: Garganacl|80\/100\n|faint|p2a: Metagross\n|move|p1a: Garganacl|Salt Cure|p2: Metagross|[notarget]\n|-fail|p1a: Garganacl\n|\n|-heal|p1a: Garganacl|86\/100|[from] item: Leftovers\n|upkeep\n|\n|t:|1699546835\n|switch|p2a: Venusaur|Venusaur, M, shiny|100\/100\n|-damage|p2a: Venusaur|88\/100|[from] Stealth Rock\n|-damage|p2a: Venusaur|72\/100|[from] Spikes\n|turn|16\n|inactive|CURRYSAUSE has 120 seconds left.\n|\n|t:|1699546846\n|move|p2a: Venusaur|Mega Drain|p1a: Garganacl\n|-resisted|p1a: Garganacl\n|-damage|p1a: Garganacl|80\/100\n|-heal|p2a: Venusaur|75\/100|[from] drain|[of] p1a: Garganacl\n|move|p1a: Garganacl|Salt Cure|p2a: Venusaur\n|-damage|p2a: Venusaur|58\/100\n|-start|p2a: Venusaur|Salt Cure\n|\n|-heal|p1a: Garganacl|86\/100|[from] item: Leftovers\n|-damage|p2a: Venusaur|45\/100|[from] Salt Cure\n|upkeep\n|turn|17\n|\n|t:|1699546856\n|move|p2a: Venusaur|Leaf Storm|p1a: Garganacl\n|-resisted|p1a: Garganacl\n|-damage|p1a: Garganacl|68\/100\n|-unboost|p2a: Venusaur|spa|2\n|move|p1a: Garganacl|Heavy Slam|p2a: Venusaur\n|-damage|p2a: Venusaur|27\/100\n|\n|-heal|p1a: Garganacl|74\/100|[from] item: Leftovers\n|-damage|p2a: Venusaur|15\/100|[from] Salt Cure\n|upkeep\n|turn|18\n|\n|t:|1699546868\n|move|p2a: Venusaur|Double-Edge|p1a: Garganacl\n|-damage|p1a: Garganacl|68\/100\n|-damage|p2a: Venusaur|13\/100|[from] Recoil\n|move|p1a: Garganacl|Recover|p1a: Garganacl\n|-heal|p1a: Garganacl|100\/100\n|\n|-damage|p2a: Venusaur|0 fnt|[from] Salt Cure\n|faint|p2a: Venusaur\n|upkeep\n|\n|t:|1699546873\n|switch|p2a: Swampert|Swampert, F, shiny|100\/100\n|-damage|p2a: Swampert|94\/100|[from] Stealth Rock\n|-damage|p2a: Swampert|78\/100|[from] Spikes\n|turn|19\n|\n|t:|1699546886\n|detailschange|p2a: Swampert|Swampert-Mega, F, shiny\n|-mega|p2a: Swampert|Swampert|Swampertite\n|-singleturn|p2a: Swampert|move: Focus Punch\n|move|p1a: Garganacl|Salt Cure|p2a: Swampert\n|-resisted|p2a: Swampert\n|-damage|p2a: Swampert|71\/100\n|-start|p2a: Swampert|Salt Cure\n|cant|p2a: Swampert|Focus Punch|Focus Punch\n|\n|-damage|p2a: Swampert|46\/100|[from] Salt Cure\n|upkeep\n|turn|20\n|\n|t:|1699546899\n|move|p2a: Swampert|Toxic|p1a: Garganacl\n|-immune|p1a: Garganacl|[from] ability: Purifying Salt\n|move|p1a: Garganacl|Iron Defense|p1a: Garganacl\n|-boost|p1a: Garganacl|def|2\n|\n|-damage|p2a: Swampert|21\/100|[from] Salt Cure\n|upkeep\n|turn|21\n|\n|t:|1699546908\n|move|p2a: Swampert|Blizzard|p1a: Garganacl\n|-supereffective|p1a: Garganacl\n|-damage|p1a: Garganacl|58\/100\n|move|p1a: Garganacl|Heavy Slam|p2a: Swampert\n|-resisted|p2a: Swampert\n|-damage|p2a: Swampert|15\/100\n|\n|-heal|p1a: Garganacl|64\/100|[from] item: Leftovers\n|-damage|p2a: Swampert|0 fnt|[from] Salt Cure\n|faint|p2a: Swampert\n|upkeep\n|\n|t:|1699546911\n|switch|p2a: Charizard|Charizard, F, shiny|100\/100\n|-damage|p2a: Charizard|50\/100|[from] Stealth Rock\n|turn|22\n|\n|t:|1699546923\n|move|p2a: Charizard|Solar Beam||[still]\n|-prepare|p2a: Charizard|Solar Beam\n|move|p1a: Garganacl|Salt Cure|p2a: Charizard\n|-supereffective|p2a: Charizard\n|-damage|p2a: Charizard|0 fnt\n|faint|p2a: Charizard\n|\n|-heal|p1a: Garganacl|71\/100|[from] item: Leftovers\n|upkeep\n|\n|t:|1699546927\n|switch|p2a: Sylveon|Sylveon, M, shiny|100\/100\n|-damage|p2a: Sylveon|88\/100|[from] Stealth Rock\n|-damage|p2a: Sylveon|71\/100|[from] Spikes\n|turn|23\n|\n|t:|1699546939\n|move|p2a: Sylveon|Play Rough|p1a: Garganacl\n|-damage|p1a: Garganacl|66\/100\n|move|p1a: Garganacl|Salt Cure|p2a: Sylveon\n|-damage|p2a: Sylveon|50\/100\n|-start|p2a: Sylveon|Salt Cure\n|\n|-heal|p2a: Sylveon|57\/100|[from] item: Leftovers\n|-heal|p1a: Garganacl|72\/100|[from] item: Leftovers\n|-damage|p2a: Sylveon|44\/100|[from] Salt Cure\n|upkeep\n|turn|24\n|\n|t:|1699546951\n|move|p2a: Sylveon|Draining Kiss|p1a: Garganacl\n|-damage|p1a: Garganacl|56\/100\n|-heal|p2a: Sylveon|56\/100|[from] drain|[of] p1a: Garganacl\n|move|p1a: Garganacl|Heavy Slam|p2a: Sylveon\n|-supereffective|p2a: Sylveon\n|-damage|p2a: Sylveon|0 fnt\n|-start|p1a: Garganacl|Attract|[from] ability: Cute Charm|[of] p2a: Sylveon\n|faint|p2a: Sylveon\n|-end|p1a: Garganacl|Attract|[silent]\n|\n|win|Elpapeainsanos\n|raw|Elpapeainsanos's rating: 1047 &rarr; <strong>1076<\/strong><br \/>(+29 for winning)\n|raw|CURRYSAUSE's rating: 1000 &rarr; <strong>1000<\/strong><br \/>(+0 for losing)\n|l|\u2606CURRYSAUSE\n","uploadtime":1699546964,"views":11,"p1id":"elpapeainsanos","p2id":"currysause","formatid":"gen9nationaldex","rating":1000,"private":0,"password":""}