{"id":"gen9nationaldex-1988203697","p1":"theblackprofrowan","p2":"Slimepokemon","format":"[Gen 9] National Dex","log":"|j|\u2606theblackprofrowan\n|j|\u2606Slimepokemon\n|t:|1699684628\n|gametype|singles\n|player|p1|theblackprofrowan|rowan|1332\n|player|p2|Slimepokemon|pokekid|1215\n|teamsize|p1|6\n|teamsize|p2|6\n|gen|9\n|tier|[Gen 9] National Dex\n|rated|\n|rule|HP Percentage Mod: HP is shown in percentages\n|rule|Endless Battle Clause: Forcing endless battles is banned\n|rule|OHKO Clause: OHKO moves are banned\n|rule|Evasion Clause: Evasion abilities, items, and moves are banned\n|rule|Evasion Abilities Clause: Evasion abilities are banned\n|rule|Evasion Items Clause: Evasion items are banned\n|rule|Evasion Moves Clause: Evasion moves are banned\n|rule|Species Clause: Limit one of each Pok\u00e9mon\n|rule|Sleep Clause Mod: Limit one foe put to sleep\n|clearpoke\n|poke|p1|Garchomp, F|\n|poke|p1|Chansey, F|\n|poke|p1|Ferrothorn, M|\n|poke|p1|Blastoise, M|\n|poke|p1|Zapdos|\n|poke|p1|Latios, M|\n|poke|p2|Pawmot, M|\n|poke|p2|Golurk|\n|poke|p2|Infernape, M|\n|poke|p2|Ledian, M|\n|poke|p2|Pangoro, M|\n|poke|p2|Conkeldurr, M|\n|teampreview\n|\n|t:|1699684639\n|start\n|switch|p1a: Zapdos|Zapdos|100\/100\n|switch|p2a: Ledian|Ledian, M, shiny|100\/100\n|turn|1\n|\n|t:|1699684645\n|move|p1a: Zapdos|Volt Switch|p2a: Ledian\n|-supereffective|p2a: Ledian\n|-damage|p2a: Ledian|19\/100\n|\n|t:|1699684651\n|switch|p1a: Ferrothorn|Ferrothorn, M|100\/100|[from] Volt Switch\n|move|p2a: Ledian|Ice Punch|p1a: Ferrothorn\n|-damage|p1a: Ferrothorn|91\/100\n|-damage|p2a: Ledian|7\/100|[from] ability: Iron Barbs|[of] p1a: Ferrothorn\n|\n|-heal|p1a: Ferrothorn|98\/100|[from] item: Leftovers\n|upkeep\n|turn|2\n|c|\u2606Slimepokemon|Full iron first team\ud83d\ude2d\n|\n|t:|1699684663\n|move|p2a: Ledian|Knock Off|p1a: Ferrothorn\n|-damage|p1a: Ferrothorn|88\/100\n|-damage|p2a: Ledian|0 fnt|[from] ability: Iron Barbs|[of] p1a: Ferrothorn\n|faint|p2a: Ledian\n|move|p1a: Ferrothorn|Spikes|p2: Ledian\n|-sidestart|p2: Slimepokemon|Spikes\n|\n|-heal|p1a: Ferrothorn|94\/100|[from] item: Leftovers\n|upkeep\n|\n|t:|1699684671\n|switch|p2a: Infernape|Infernape, M|100\/100\n|-damage|p2a: Infernape|88\/100|[from] Spikes\n|turn|3\n|\n|t:|1699684679\n|move|p2a: Infernape|Swords Dance|p2a: Infernape\n|-boost|p2a: Infernape|atk|2\n|move|p1a: Ferrothorn|Spikes|p2a: Infernape\n|-sidestart|p2: Slimepokemon|Spikes\n|\n|-heal|p1a: Ferrothorn|100\/100|[from] item: Leftovers\n|upkeep\n|turn|4\n|c|\u2606theblackprofrowan|lmao\n|\n|t:|1699684691\n|move|p2a: Infernape|Swords Dance|p2a: Infernape\n|-boost|p2a: Infernape|atk|2\n|move|p1a: Ferrothorn|Leech Seed|p2a: Infernape\n|-start|p2a: Infernape|move: Leech Seed\n|\n|-damage|p2a: Infernape|76\/100|[from] Leech Seed|[of] p1a: Ferrothorn\n|upkeep\n|turn|5\n|\n|t:|1699684695\n|move|p2a: Infernape|Raging Fury|p1a: Ferrothorn\n|-supereffective|p1a: Ferrothorn\n|-damage|p1a: Ferrothorn|0 fnt\n|faint|p1a: Ferrothorn\n|\n|upkeep\n|\n|t:|1699684704\n|switch|p1a: Garchomp|Garchomp, F|100\/100\n|turn|6\n|\n|t:|1699684711\n|move|p2a: Infernape|Raging Fury|p1a: Garchomp|[from]lockedmove\n|-resisted|p1a: Garchomp\n|-damage|p1a: Garchomp|14\/100\n|move|p1a: Garchomp|Scale Shot|p2a: Infernape|[miss]\n|-miss|p1a: Garchomp|p2a: Infernape\n|\n|-damage|p2a: Infernape|64\/100|[from] Leech Seed|[of] p1a: Garchomp\n|-heal|p1a: Garchomp|24\/100|[silent]\n|upkeep\n|turn|7\n|\n|t:|1699684717\n|move|p2a: Infernape|Raging Fury|p1a: Garchomp|[from]lockedmove\n|-resisted|p1a: Garchomp\n|-damage|p1a: Garchomp|0 fnt\n|faint|p1a: Garchomp\n|-start|p2a: Infernape|confusion|[fatigue]\n|\n|upkeep\n|\n|t:|1699684722\n|switch|p1a: Blastoise|Blastoise, M|100\/100\n|turn|8\n|\n|t:|1699684726\n|-activate|p2a: Infernape|confusion\n|move|p2a: Infernape|Thunder Punch|p1a: Blastoise\n|-supereffective|p1a: Blastoise\n|-damage|p1a: Blastoise|0 fnt\n|faint|p1a: Blastoise\n|\n|upkeep\n|c|\u2606theblackprofrowan|gg\n|\n|t:|1699684735\n|switch|p1a: Zapdos|Zapdos|100\/100\n|turn|9\n|\n|t:|1699684740\n|move|p1a: Zapdos|Volt Switch|p2a: Infernape\n|-damage|p2a: Infernape|9\/100\n|\n|t:|1699684743\n|switch|p1a: Chansey|Chansey, F|100\/100|[from] Volt Switch\n|-end|p2a: Infernape|confusion\n|move|p2a: Infernape|Raging Fury|p1a: Chansey\n|-damage|p1a: Chansey|0 fnt\n|faint|p1a: Chansey\n|\n|upkeep\n|\n|t:|1699684745\n|switch|p1a: Zapdos|Zapdos|100\/100\n|turn|10\n|\n|t:|1699684753\n|-terastallize|p1a: Zapdos|Ice\n|move|p1a: Zapdos|Tera Blast|p2a: Infernape|[anim] Tera Blast Ice\n|-resisted|p2a: Infernape\n|-damage|p2a: Infernape|0 fnt\n|faint|p2a: Infernape\n|\n|upkeep\n|\n|t:|1699684767\n|switch|p2a: Pawmot|Pawmot, M|100\/100\n|-damage|p2a: Pawmot|84\/100|[from] Spikes\n|turn|11\n|\n|t:|1699684772\n|move|p1a: Zapdos|Tera Blast|p2a: Pawmot|[anim] Tera Blast Ice\n|-damage|p2a: Pawmot|14\/100\n|move|p2a: Pawmot|Double Shock|p1a: Zapdos\n|-damage|p1a: Zapdos|0 fnt\n|-start|p2a: Pawmot|typechange|???\/Fighting|[from] move: Double Shock\n|faint|p1a: Zapdos\n|\n|upkeep\n|\n|t:|1699684778\n|switch|p1a: Latios|Latios, M|100\/100\n|turn|12\n|\n|t:|1699684783\n|detailschange|p1a: Latios|Latios-Mega, M\n|-mega|p1a: Latios|Latios|Latiosite\n|move|p1a: Latios|Psychic|p2a: Pawmot\n|-supereffective|p2a: Pawmot\n|-damage|p2a: Pawmot|0 fnt\n|faint|p2a: Pawmot\n|\n|upkeep\n|\n|t:|1699684791\n|switch|p2a: Golurk|Golurk|100\/100\n|-damage|p2a: Golurk|84\/100|[from] Spikes\n|turn|13\n|\n|t:|1699684794\n|-terastallize|p2a: Golurk|Steel\n|move|p1a: Latios|Psychic|p2a: Golurk\n|-resisted|p2a: Golurk\n|-damage|p2a: Golurk|55\/100\n|move|p2a: Golurk|Phantom Force||[still]\n|-prepare|p2a: Golurk|Phantom Force\n|\n|-heal|p2a: Golurk|61\/100|[from] item: Leftovers\n|upkeep\n|turn|14\n|\n|t:|1699684802\n|move|p1a: Latios|Mystical Fire|p2a: Golurk|[miss]\n|-miss|p1a: Latios|p2a: Golurk\n|move|p2a: Golurk|Phantom Force|p1a: Latios|[from]lockedmove\n|-supereffective|p1a: Latios\n|-damage|p1a: Latios|0 fnt\n|faint|p1a: Latios\n|\n|win|Slimepokemon\n|raw|theblackprofrowan's rating: 1332 &rarr; <strong>1306<\/strong><br \/>(-26 for losing)\n|raw|Slimepokemon's rating: 1215 &rarr; <strong>1248<\/strong><br \/>(+33 for winning)\n|l|\u2606theblackprofrowan\n","uploadtime":1699684827,"views":14,"p1id":"theblackprofrowan","p2id":"slimepokemon","formatid":"gen9nationaldex","rating":1248,"private":0,"password":""}