{"id":"gen9nationaldex-2000357443","p1":"LC_aqxuh","p2":"vacuumcleanerpt.2","format":"[Gen 9] National Dex","log":"|html|<div class=\"broadcast-blue\"><strong>[Gen 9] National Dex is currently suspecting Sneasler! For information on how to participate check out the <a href=\"https:\/\/www.smogon.com\/forums\/threads\/sv-national-dex-suspect-8-just-dance.3731534\/\">suspect thread<\/a>.<\/strong><\/div>\n|j|\u2606LC_aqxuh\n|j|\u2606vacuumcleanerpt.2\n|t:|1701187966\n|gametype|singles\n|player|p1|LC_aqxuh|unknown|1038\n|player|p2|vacuumcleanerpt.2|policeman|1084\n|teamsize|p1|6\n|teamsize|p2|6\n|gen|9\n|tier|[Gen 9] National Dex\n|rated|\n|rule|HP Percentage Mod: HP is shown in percentages\n|rule|Endless Battle Clause: Forcing endless battles is banned\n|rule|OHKO Clause: OHKO moves are banned\n|rule|Evasion Clause: Evasion abilities, items, and moves are banned\n|rule|Evasion Abilities Clause: Evasion abilities are banned\n|rule|Evasion Items Clause: Evasion items are banned\n|rule|Evasion Moves Clause: Evasion moves are banned\n|rule|Species Clause: Limit one of each Pok\u00e9mon\n|rule|Sleep Clause Mod: Limit one foe put to sleep\n|clearpoke\n|poke|p1|Kartana|\n|poke|p1|Ferrothorn, M|\n|poke|p1|Tyranitar, M|\n|poke|p1|Sneasler, F|\n|poke|p1|Enamorus, F|\n|poke|p1|Iron Valiant|\n|poke|p2|Blaziken, M|\n|poke|p2|Garchomp, M|\n|poke|p2|Tinkaton, F|\n|poke|p2|Heliolisk, F|\n|poke|p2|Fezandipiti, M|\n|poke|p2|Skarmory, M|\n|teampreview\n|\n|t:|1701187984\n|start\n|switch|p1a: crit man|Kartana, shiny|100\/100\n|switch|p2a: Blaziken|Blaziken, M, shiny|100\/100\n|turn|1\n|\n|t:|1701187994\n|-zpower|p1a: crit man\n|move|p1a: crit man|Z-Tailwind|p1a: crit man|[anim]Tailwind\n|-start|p1a: crit man|move: Focus Energy|[zeffect]\n|-sidestart|p1: LC_aqxuh|move: Tailwind\n|move|p2a: Blaziken|Blaze Kick|p1a: crit man\n|-supereffective|p1a: crit man\n|-damage|p1a: crit man|0 fnt\n|faint|p1a: crit man\n|\n|-ability|p2a: Blaziken|Speed Boost|boost\n|-boost|p2a: Blaziken|spe|1\n|upkeep\n|\n|t:|1701188008\n|switch|p1a: Tyranitar|Tyranitar, M, shiny|100\/100\n|-weather|Sandstorm|[from] ability: Sand Stream|[of] p1a: Tyranitar\n|turn|2\n|\n|t:|1701188016\n|detailschange|p1a: Tyranitar|Tyranitar-Mega, M, shiny\n|-mega|p1a: Tyranitar|Tyranitar|Tyranitarite\n|move|p1a: Tyranitar|Pursuit|p2a: Blaziken\n|-resisted|p2a: Blaziken\n|-damage|p2a: Blaziken|78\/100\n|move|p2a: Blaziken|Earthquake|p1a: Tyranitar\n|-supereffective|p1a: Tyranitar\n|-damage|p1a: Tyranitar|53\/100\n|\n|-weather|Sandstorm|[upkeep]\n|-damage|p2a: Blaziken|72\/100|[from] Sandstorm\n|-ability|p2a: Blaziken|Speed Boost|boost\n|-boost|p2a: Blaziken|spe|1\n|upkeep\n|turn|3\n|\n|t:|1701188028\n|move|p2a: Blaziken|Earthquake|p1a: Tyranitar\n|-supereffective|p1a: Tyranitar\n|-damage|p1a: Tyranitar|5\/100\n|move|p1a: Tyranitar|Earthquake|p2a: Blaziken\n|-supereffective|p2a: Blaziken\n|-damage|p2a: Blaziken|0 fnt\n|faint|p2a: Blaziken\n|\n|-weather|Sandstorm|[upkeep]\n|upkeep\n|\n|t:|1701188041\n|switch|p2a: Heliolisk|Heliolisk, F|100\/100\n|turn|4\n|\n|t:|1701188046\n|move|p1a: Tyranitar|Earthquake|p2a: Heliolisk\n|-supereffective|p2a: Heliolisk\n|-damage|p2a: Heliolisk|0 fnt\n|faint|p2a: Heliolisk\n|\n|-weather|Sandstorm|[upkeep]\n|-sideend|p1: LC_aqxuh|move: Tailwind\n|upkeep\n|\n|t:|1701188053\n|switch|p2a: Fezandipiti|Fezandipiti, M|100\/100\n|turn|5\n|\n|t:|1701188059\n|move|p2a: Fezandipiti|Moonblast|p1a: Tyranitar\n|-supereffective|p1a: Tyranitar\n|-damage|p1a: Tyranitar|0 fnt\n|faint|p1a: Tyranitar\n|\n|-weather|Sandstorm|[upkeep]\n|-damage|p2a: Fezandipiti|94\/100|[from] Sandstorm\n|-heal|p2a: Fezandipiti|100\/100|[from] item: Leftovers\n|upkeep\n|\n|t:|1701188071\n|switch|p1a: Ferrothorn|Ferrothorn, M, shiny|100\/100\n|turn|6\n|\n|t:|1701188081\n|switch|p2a: Garchomp|Garchomp, M, shiny|100\/100\n|switch|p1a: Iron Valiant|Iron Valiant, shiny|100\/100\n|-enditem|p1a: Iron Valiant|Booster Energy\n|-activate|p1a: Iron Valiant|ability: Quark Drive|[fromitem]\n|-start|p1a: Iron Valiant|quarkdrivespe\n|\n|-weather|none\n|upkeep\n|turn|7\n|\n|t:|1701188095\n|switch|p2a: Tinkaton|Tinkaton, F, shiny|100\/100\n|-ability|p2a: Tinkaton|Mold Breaker\n|move|p1a: Iron Valiant|Ice Punch|p2a: Tinkaton\n|-resisted|p2a: Tinkaton\n|-damage|p2a: Tinkaton|86\/100\n|\n|-heal|p2a: Tinkaton|92\/100|[from] item: Leftovers\n|upkeep\n|turn|8\n|\n|t:|1701188112\n|-end|p1a: Iron Valiant|Quark Drive|[silent]\n|switch|p1a: Ferrothorn|Ferrothorn, M, shiny|100\/100\n|move|p2a: Tinkaton|Swords Dance|p2a: Tinkaton\n|-boost|p2a: Tinkaton|atk|2\n|\n|-heal|p2a: Tinkaton|98\/100|[from] item: Leftovers\n|upkeep\n|turn|9\n|\n|t:|1701188125\n|move|p2a: Tinkaton|Thunder Wave|p1a: Ferrothorn\n|-status|p1a: Ferrothorn|par\n|move|p1a: Ferrothorn|Leech Seed|p2a: Tinkaton\n|-start|p2a: Tinkaton|move: Leech Seed\n|\n|-heal|p2a: Tinkaton|100\/100|[from] item: Leftovers\n|-damage|p2a: Tinkaton|88\/100|[from] Leech Seed|[of] p1a: Ferrothorn\n|upkeep\n|turn|10\n|\n|t:|1701188136\n|move|p2a: Tinkaton|Swords Dance|p2a: Tinkaton\n|-boost|p2a: Tinkaton|atk|2\n|cant|p1a: Ferrothorn|par\n|\n|-heal|p2a: Tinkaton|94\/100|[from] item: Leftovers\n|-damage|p2a: Tinkaton|82\/100|[from] Leech Seed|[of] p1a: Ferrothorn\n|upkeep\n|turn|11\n|\n|t:|1701188145\n|move|p2a: Tinkaton|Knock Off|p1a: Ferrothorn\n|-damage|p1a: Ferrothorn|54\/100 par\n|-damage|p2a: Tinkaton|70\/100|[from] ability: Iron Barbs|[of] p1a: Ferrothorn\n|-enditem|p1a: Ferrothorn|Leftovers|[from] move: Knock Off|[of] p2a: Tinkaton\n|move|p1a: Ferrothorn|Gyro Ball|p2a: Tinkaton\n|-damage|p2a: Tinkaton|18\/100\n|\n|-heal|p2a: Tinkaton|24\/100|[from] item: Leftovers\n|-damage|p2a: Tinkaton|11\/100|[from] Leech Seed|[of] p1a: Ferrothorn\n|-heal|p1a: Ferrothorn|67\/100 par|[silent]\n|upkeep\n|turn|12\n|\n|t:|1701188159\n|move|p2a: Tinkaton|Knock Off|p1a: Ferrothorn\n|-damage|p1a: Ferrothorn|36\/100 par\n|-damage|p2a: Tinkaton|0 fnt|[from] ability: Iron Barbs|[of] p1a: Ferrothorn\n|faint|p2a: Tinkaton\n|move|p1a: Ferrothorn|Spikes|p2: Tinkaton\n|-sidestart|p2: vacuumcleanerpt.2|Spikes\n|\n|upkeep\n|\n|t:|1701188168\n|switch|p2a: Garchomp|Garchomp, M, shiny|100\/100\n|-damage|p2a: Garchomp|88\/100|[from] Spikes\n|turn|13\n|\n|t:|1701188176\n|switch|p1a: Enamorus|Enamorus, F, shiny|100\/100\n|detailschange|p2a: Garchomp|Garchomp-Mega, M, shiny\n|-mega|p2a: Garchomp|Garchomp|Garchompite\n|move|p2a: Garchomp|Earthquake|p1a: Enamorus\n|-immune|p1a: Enamorus\n|\n|upkeep\n|turn|14\n|\n|t:|1701188193\n|move|p1a: Enamorus|Calm Mind|p1a: Enamorus\n|-boost|p1a: Enamorus|spa|1\n|-boost|p1a: Enamorus|spd|1\n|move|p2a: Garchomp|Stone Edge|p1a: Enamorus\n|-supereffective|p1a: Enamorus\n|-damage|p1a: Enamorus|0 fnt\n|faint|p1a: Enamorus\n|\n|upkeep\n|\n|t:|1701188201\n|switch|p1a: Iron Valiant|Iron Valiant, shiny|100\/100\n|turn|15\n|\n|t:|1701188207\n|move|p1a: Iron Valiant|Swords Dance|p1a: Iron Valiant\n|-boost|p1a: Iron Valiant|atk|2\n|move|p2a: Garchomp|Earthquake|p1a: Iron Valiant\n|-damage|p1a: Iron Valiant|16\/100\n|\n|upkeep\n|turn|16\n|c|\u2606LC_aqxuh|bro\n|c|\u2606LC_aqxuh|Are you special ed\n|\n|t:|1701188225\n|switch|p2a: Skarmory|Skarmory, M, shiny|100\/100\n|move|p1a: Iron Valiant|Ice Punch|p2a: Skarmory\n|-damage|p2a: Skarmory|68\/100\n|\n|-heal|p2a: Skarmory|74\/100|[from] item: Leftovers\n|upkeep\n|turn|17\n|\n|t:|1701188233\n|move|p1a: Iron Valiant|Drain Punch|p2a: Skarmory\n|-crit|p2a: Skarmory\n|-damage|p2a: Skarmory|0 fnt\n|-heal|p1a: Iron Valiant|59\/100|[from] drain|[of] p2a: Skarmory\n|faint|p2a: Skarmory\n|\n|upkeep\n|\n|t:|1701188239\n|switch|p2a: Fezandipiti|Fezandipiti, M|100\/100\n|-damage|p2a: Fezandipiti|88\/100|[from] Spikes\n|turn|18\n|\n|t:|1701188257\n|move|p1a: Iron Valiant|Ice Punch|p2a: Fezandipiti\n|-damage|p2a: Fezandipiti|43\/100\n|move|p2a: Fezandipiti|Moonblast|p1a: Iron Valiant\n|-supereffective|p1a: Iron Valiant\n|-damage|p1a: Iron Valiant|0 fnt\n|faint|p1a: Iron Valiant\n|-end|p1a: Iron Valiant|Quark Drive|[silent]\n|\n|-heal|p2a: Fezandipiti|49\/100|[from] item: Leftovers\n|upkeep\n|\n|t:|1701188272\n|switch|p1a: Ferrothorn|Ferrothorn, M, shiny|36\/100 par\n|turn|19\n|\n|t:|1701188304\n|move|p2a: Fezandipiti|Sludge Bomb|p1a: Ferrothorn\n|-immune|p1a: Ferrothorn\n|cant|p1a: Ferrothorn|par\n|\n|-heal|p2a: Fezandipiti|55\/100|[from] item: Leftovers\n|upkeep\n|turn|20\n|\n|t:|1701188313\n|move|p2a: Fezandipiti|Moonblast|p1a: Ferrothorn\n|-resisted|p1a: Ferrothorn\n|-damage|p1a: Ferrothorn|28\/100 par\n|-unboost|p1a: Ferrothorn|spa|1\n|move|p1a: Ferrothorn|Leech Seed|p2a: Fezandipiti\n|-start|p2a: Fezandipiti|move: Leech Seed\n|\n|-heal|p2a: Fezandipiti|61\/100|[from] item: Leftovers\n|-damage|p2a: Fezandipiti|48\/100|[from] Leech Seed|[of] p1a: Ferrothorn\n|-heal|p1a: Ferrothorn|41\/100 par|[silent]\n|upkeep\n|turn|21\n|\n|t:|1701188327\n|switch|p2a: Garchomp|Garchomp-Mega, M, shiny|88\/100\n|-damage|p2a: Garchomp|76\/100|[from] Spikes\n|move|p1a: Ferrothorn|Spikes|p2a: Garchomp\n|-sidestart|p2: vacuumcleanerpt.2|Spikes\n|\n|upkeep\n|turn|22\n|\n|t:|1701188338\n|move|p2a: Garchomp|Swords Dance|p2a: Garchomp\n|-boost|p2a: Garchomp|atk|2\n|move|p1a: Ferrothorn|Gyro Ball|p2a: Garchomp\n|-damage|p2a: Garchomp|32\/100\n|\n|upkeep\n|turn|23\n|\n|t:|1701188348\n|move|p2a: Garchomp|Dragon Claw|p1a: Ferrothorn\n|-resisted|p1a: Ferrothorn\n|-damage|p1a: Ferrothorn|5\/100 par\n|-damage|p2a: Garchomp|20\/100|[from] ability: Iron Barbs|[of] p1a: Ferrothorn\n|move|p1a: Ferrothorn|Gyro Ball|p2a: Garchomp\n|-damage|p2a: Garchomp|0 fnt\n|faint|p2a: Garchomp\n|\n|upkeep\n|\n|t:|1701188355\n|switch|p2a: Fezandipiti|Fezandipiti, M|48\/100\n|-damage|p2a: Fezandipiti|32\/100|[from] Spikes\n|turn|24\n|\n|t:|1701188362\n|move|p2a: Fezandipiti|Moonblast|p1a: Ferrothorn\n|-resisted|p1a: Ferrothorn\n|-damage|p1a: Ferrothorn|0 fnt\n|faint|p1a: Ferrothorn\n|\n|-heal|p2a: Fezandipiti|38\/100|[from] item: Leftovers\n|upkeep\n|\n|t:|1701188369\n|switch|p1a: Sneasler|Sneasler, F, shiny|100\/100\n|turn|25\n|\n|t:|1701188411\n|move|p2a: Fezandipiti|Protect|p2a: Fezandipiti\n|-singleturn|p2a: Fezandipiti|Protect\n|move|p1a: Sneasler|Dire Claw|p2a: Fezandipiti\n|-activate|p2a: Fezandipiti|move: Protect\n|\n|-heal|p2a: Fezandipiti|44\/100|[from] item: Leftovers\n|upkeep\n|turn|26\n|j|%Frozoid\n|\n|t:|1701188423\n|move|p1a: Sneasler|Dire Claw|p2a: Fezandipiti\n|-damage|p2a: Fezandipiti|4\/100\n|-status|p2a: Fezandipiti|slp\n|-damage|p1a: Sneasler|91\/100|[from] item: Life Orb\n|cant|p2a: Fezandipiti|slp\n|\n|-heal|p2a: Fezandipiti|10\/100 slp|[from] item: Leftovers\n|upkeep\n|turn|27\n|c|\u2606vacuumcleanerpt.2|gg\n|l|%Frozoid\n|\n|t:|1701188442\n|cant|p2a: Fezandipiti|slp\n|move|p1a: Sneasler|Fire Punch|p2a: Fezandipiti\n|-damage|p2a: Fezandipiti|0 fnt\n|faint|p2a: Fezandipiti\n|-damage|p1a: Sneasler|81\/100|[from] item: Life Orb\n|\n|win|LC_aqxuh\n|raw|LC_aqxuh's rating: 1038 &rarr; <strong>1077<\/strong><br \/>(+39 for winning)\n|raw|vacuumcleanerpt.2's rating: 1084 &rarr; <strong>1058<\/strong><br \/>(-26 for losing)\n","uploadtime":1701188289,"views":2,"p1id":"lcaqxuh","p2id":"vacuumcleanerpt2","formatid":"gen9nationaldex","rating":1058,"private":0,"password":""}