{"id":"gen9nationaldex-1987446335","p1":"jojomix","p2":"ChaosEmperor96","format":"[Gen 9] National Dex","log":"|j|\u2606jojomix\n|j|\u2606ChaosEmperor96\n|t:|1699592772\n|gametype|singles\n|player|p1|jojomix|dragontamer|1098\n|player|p2|ChaosEmperor96|marshal|1127\n|teamsize|p1|6\n|teamsize|p2|6\n|gen|9\n|tier|[Gen 9] National Dex\n|rated|\n|rule|HP Percentage Mod: HP is shown in percentages\n|rule|Endless Battle Clause: Forcing endless battles is banned\n|rule|OHKO Clause: OHKO moves are banned\n|rule|Evasion Clause: Evasion abilities, items, and moves are banned\n|rule|Evasion Abilities Clause: Evasion abilities are banned\n|rule|Evasion Items Clause: Evasion items are banned\n|rule|Evasion Moves Clause: Evasion moves are banned\n|rule|Species Clause: Limit one of each Pok\u00e9mon\n|rule|Sleep Clause Mod: Limit one foe put to sleep\n|clearpoke\n|poke|p1|Charizard, F|\n|poke|p1|Ferrothorn, M|\n|poke|p1|Primarina, F|\n|poke|p1|Hatterene, F|\n|poke|p1|Kommo-o, M|\n|poke|p1|Volcarona, F|\n|poke|p2|Emboar, M|\n|poke|p2|Haxorus, M|\n|poke|p2|Excadrill, M|\n|poke|p2|Galvantula, M|\n|poke|p2|Mandibuzz, F|\n|poke|p2|Vanilluxe, M|\n|teampreview\n|inactive|Battle timer is ON: inactive players will automatically lose when time's up. (requested by ChaosEmperor96)\n|\n|t:|1699592777\n|start\n|switch|p1a: Volcarona|Volcarona, F, shiny|100\/100\n|switch|p2a: Mandibuzz|Mandibuzz, F, shiny|100\/100\n|turn|1\n|\n|t:|1699592786\n|-terastallize|p1a: Volcarona|Water\n|-terastallize|p2a: Mandibuzz|Fairy\n|move|p1a: Volcarona|Substitute|p1a: Volcarona\n|-start|p1a: Volcarona|Substitute\n|-damage|p1a: Volcarona|76\/100\n|move|p2a: Mandibuzz|U-turn|p1a: Volcarona\n|-activate|p1a: Volcarona|move: Substitute|[damage]\n|\n|t:|1699592796\n|switch|p2a: Galvantula|Galvantula, M, shiny|100\/100|[from] U-turn\n|\n|upkeep\n|turn|2\n|\n|t:|1699592802\n|move|p2a: Galvantula|Thunderbolt|p1a: Volcarona\n|-supereffective|p1a: Volcarona\n|-end|p1a: Volcarona|Substitute\n|move|p1a: Volcarona|Fiery Dance|p2a: Galvantula\n|-supereffective|p2a: Galvantula\n|-enditem|p2a: Galvantula|Focus Sash\n|-damage|p2a: Galvantula|1\/100\n|-boost|p1a: Volcarona|spa|1\n|\n|upkeep\n|turn|3\n|\n|t:|1699592812\n|switch|p1a: Kommo-o|Kommo-o, M|100\/100\n|move|p2a: Galvantula|Thunderbolt|p1a: Kommo-o\n|-resisted|p1a: Kommo-o\n|-damage|p1a: Kommo-o|77\/100\n|\n|upkeep\n|turn|4\n|\n|t:|1699592819\n|switch|p2a: Mandibuzz|Mandibuzz, F, shiny, tera:Fairy|100\/100\n|move|p1a: Kommo-o|Belly Drum|p1a: Kommo-o\n|-damage|p1a: Kommo-o|27\/100\n|-setboost|p1a: Kommo-o|atk|6|[from] move: Belly Drum\n|\n|upkeep\n|turn|5\n|\n|t:|1699592828\n|move|p1a: Kommo-o|Thunder Punch|p2a: Mandibuzz\n|-damage|p2a: Mandibuzz|50\/100\n|move|p2a: Mandibuzz|Foul Play|p1a: Kommo-o\n|-resisted|p1a: Kommo-o\n|-damage|p1a: Kommo-o|0 fnt\n|faint|p1a: Kommo-o\n|\n|upkeep\n|\n|t:|1699592836\n|switch|p1a: Ferrothorn|Ferrothorn, M, shiny|100\/100\n|turn|6\n|\n|t:|1699592846\n|move|p2a: Mandibuzz|U-turn|p1a: Ferrothorn\n|-damage|p1a: Ferrothorn|94\/100\n|-damage|p2a: Mandibuzz|38\/100|[from] ability: Iron Barbs|[of] p1a: Ferrothorn\n|\n|t:|1699592853\n|switch|p2a: Emboar|Emboar, M, shiny|100\/100|[from] U-turn\n|move|p1a: Ferrothorn|Gyro Ball|p2a: Emboar\n|-resisted|p2a: Emboar\n|-damage|p2a: Emboar|70\/100\n|\n|-heal|p1a: Ferrothorn|99\/100|[from] item: Leftovers\n|upkeep\n|turn|7\n|\n|t:|1699592863\n|switch|p2a: Galvantula|Galvantula, M, shiny|1\/100\n|switch|p1a: Siren|Primarina, F, shiny|100\/100\n|\n|upkeep\n|turn|8\n|\n|t:|1699592874\n|switch|p1a: Hatty|Hatterene, F|100\/100\n|move|p2a: Galvantula|Thunderbolt|p1a: Hatty\n|-damage|p1a: Hatty|69\/100\n|\n|upkeep\n|turn|9\n|\n|t:|1699592880\n|move|p2a: Galvantula|Bug Buzz|p1a: Hatty\n|-damage|p1a: Hatty|24\/100\n|move|p1a: Hatty|Trick Room|p1a: Hatty\n|-fieldstart|move: Trick Room|[of] p1a: Hatty\n|\n|upkeep\n|turn|10\n|\n|t:|1699592888\n|move|p1a: Hatty|Light Screen|p1a: Hatty\n|-sidestart|p1: jojomix|move: Light Screen\n|move|p2a: Galvantula|Bug Buzz|p1a: Hatty\n|-damage|p1a: Hatty|3\/100\n|\n|upkeep\n|turn|11\n|\n|t:|1699592894\n|move|p1a: Hatty|Reflect|p1a: Hatty\n|-sidestart|p1: jojomix|Reflect\n|move|p2a: Galvantula|Bug Buzz|p1a: Hatty\n|-damage|p1a: Hatty|0 fnt\n|faint|p1a: Hatty\n|\n|upkeep\n|\n|t:|1699592903\n|switch|p1a: Siren|Primarina, F, shiny|100\/100\n|turn|12\n|\n|t:|1699592907\n|switch|p2a: Mandibuzz|Mandibuzz, F, shiny, tera:Fairy|38\/100\n|move|p1a: Siren|Substitute|p1a: Siren\n|-start|p1a: Siren|Substitute\n|-damage|p1a: Siren|76\/100\n|\n|upkeep\n|turn|13\n|\n|t:|1699592914\n|move|p1a: Siren|Hyper Voice|p2a: Mandibuzz\n|-damage|p2a: Mandibuzz|0 fnt\n|faint|p2a: Mandibuzz\n|-enditem|p1a: Siren|Throat Spray\n|-boost|p1a: Siren|spa|1|[from] item: Throat Spray\n|\n|-fieldend|move: Trick Room\n|upkeep\n|\n|t:|1699592922\n|switch|p2a: Excadrill|Excadrill, M, shiny|100\/100\n|turn|14\n|\n|t:|1699592930\n|move|p2a: Excadrill|Brick Break|p1a: Siren\n|-sideend|p1: jojomix|Reflect\n|-sideend|p1: jojomix|move: Light Screen\n|-resisted|p1a: Siren\n|-crit|p1a: Siren\n|-end|p1a: Siren|Substitute\n|move|p1a: Siren|Hyper Voice|p2a: Excadrill\n|-supereffective|p2a: Excadrill\n|-enditem|p2a: Excadrill|Focus Sash\n|-damage|p2a: Excadrill|1\/100\n|\n|upkeep\n|turn|15\n|\n|t:|1699592939\n|switch|p1a: Spice|Charizard, F|100\/100\n|move|p2a: Excadrill|Earthquake|p1a: Spice\n|-immune|p1a: Spice\n|\n|upkeep\n|turn|16\n|\n|t:|1699592949\n|detailschange|p1a: Spice|Charizard-Mega-Y, F\n|-mega|p1a: Spice|Charizard|Charizardite Y\n|-weather|SunnyDay|[from] ability: Drought|[of] p1a: Spice\n|move|p1a: Spice|Solar Beam||[still]\n|-prepare|p1a: Spice|Solar Beam\n|-anim|p1a: Spice|Solar Beam|p2a: Excadrill\n|-damage|p2a: Excadrill|0 fnt\n|faint|p2a: Excadrill\n|\n|-weather|SunnyDay|[upkeep]\n|upkeep\n|\n|t:|1699592959\n|switch|p2a: Galvantula|Galvantula, M, shiny|1\/100\n|turn|17\n|\n|t:|1699592963\n|move|p2a: Galvantula|Thunderbolt|p1a: Spice\n|-supereffective|p1a: Spice\n|-damage|p1a: Spice|16\/100\n|move|p1a: Spice|Air Slash|p2a: Galvantula\n|-damage|p2a: Galvantula|0 fnt\n|faint|p2a: Galvantula\n|\n|-weather|SunnyDay|[upkeep]\n|upkeep\n|\n|t:|1699592979\n|switch|p2a: Emboar|Emboar, M, shiny|70\/100\n|turn|18\n|\n|t:|1699592984\n|move|p2a: Emboar|Head Smash|p1a: Spice\n|-supereffective|p1a: Spice\n|-damage|p1a: Spice|0 fnt\n|faint|p1a: Spice\n|-damage|p2a: Emboar|64\/100|[from] Recoil\n|\n|-weather|SunnyDay|[upkeep]\n|upkeep\n|\n|t:|1699592997\n|switch|p1a: Siren|Primarina, F, shiny|76\/100\n|turn|19\n|\n|t:|1699593004\n|switch|p2a: Vanilluxe|Vanilluxe, M, shiny|100\/100\n|move|p1a: Siren|Draining Kiss|p2a: Vanilluxe\n|-damage|p2a: Vanilluxe|64\/100\n|-heal|p1a: Siren|97\/100|[from] drain|[of] p2a: Vanilluxe\n|\n|-weather|SunnyDay|[upkeep]\n|upkeep\n|turn|20\n|\n|t:|1699593012\n|move|p2a: Vanilluxe|Freeze-Dry|p1a: Siren\n|-supereffective|p1a: Siren\n|-damage|p1a: Siren|42\/100\n|move|p1a: Siren|Calm Mind|p1a: Siren\n|-boost|p1a: Siren|spa|1\n|-boost|p1a: Siren|spd|1\n|\n|-weather|none\n|upkeep\n|turn|21\n|\n|t:|1699593030\n|move|p2a: Vanilluxe|Freeze-Dry|p1a: Siren\n|-supereffective|p1a: Siren\n|-damage|p1a: Siren|5\/100\n|move|p1a: Siren|Draining Kiss|p2a: Vanilluxe\n|-damage|p2a: Vanilluxe|12\/100\n|-heal|p1a: Siren|36\/100|[from] drain|[of] p2a: Vanilluxe\n|\n|upkeep\n|turn|22\n|\n|t:|1699593043\n|switch|p1a: Ferrothorn|Ferrothorn, M, shiny|99\/100\n|move|p2a: Vanilluxe|Freeze-Dry|p1a: Ferrothorn\n|-damage|p1a: Ferrothorn|70\/100\n|\n|-heal|p1a: Ferrothorn|77\/100|[from] item: Leftovers\n|upkeep\n|turn|23\n|\n|t:|1699593056\n|move|p2a: Vanilluxe|Ice Beam|p1a: Ferrothorn\n|-crit|p1a: Ferrothorn\n|-damage|p1a: Ferrothorn|20\/100\n|move|p1a: Ferrothorn|Leech Seed|p2a: Vanilluxe\n|-start|p2a: Vanilluxe|move: Leech Seed\n|\n|-heal|p1a: Ferrothorn|27\/100|[from] item: Leftovers\n|-damage|p2a: Vanilluxe|0 fnt|[from] Leech Seed|[of] p1a: Ferrothorn\n|-heal|p1a: Ferrothorn|36\/100|[silent]\n|faint|p2a: Vanilluxe\n|upkeep\n|\n|t:|1699593068\n|switch|p2a: Emboar|Emboar, M, shiny|64\/100\n|turn|24\n|\n|t:|1699593077\n|switch|p1a: Volcarona|Volcarona, F, shiny, tera:Water|76\/100\n|move|p2a: Emboar|Flare Blitz|p1a: Volcarona\n|-resisted|p1a: Volcarona\n|-damage|p1a: Volcarona|24\/100\n|-enditem|p1a: Volcarona|Aguav Berry|[eat]\n|-heal|p1a: Volcarona|57\/100|[from] item: Aguav Berry\n|-damage|p2a: Emboar|49\/100|[from] Recoil\n|\n|upkeep\n|turn|25\n|\n|t:|1699593091\n|move|p2a: Emboar|Flare Blitz|p1a: Volcarona\n|-resisted|p1a: Volcarona\n|-damage|p1a: Volcarona|0 fnt\n|faint|p1a: Volcarona\n|-damage|p2a: Emboar|33\/100|[from] Recoil\n|\n|upkeep\n|\n|t:|1699593097\n|switch|p1a: Siren|Primarina, F, shiny|36\/100\n|turn|26\n|\n|t:|1699593101\n|move|p2a: Emboar|Flare Blitz|p1a: Siren\n|-resisted|p1a: Siren\n|-damage|p1a: Siren|0 fnt\n|faint|p1a: Siren\n|-damage|p2a: Emboar|22\/100|[from] Recoil\n|\n|upkeep\n|-message|jojomix forfeited.\n|\n|win|ChaosEmperor96\n|raw|jojomix's rating: 1098 &rarr; <strong>1075<\/strong><br \/>(-23 for losing)\n|raw|ChaosEmperor96's rating: 1127 &rarr; <strong>1150<\/strong><br \/>(+23 for winning)\n|l|\u2606jojomix\n","uploadtime":1699593116,"views":5,"p1id":"jojomix","p2id":"chaosemperor96","formatid":"gen9nationaldex","rating":1075,"private":0,"password":""}