{"id":"gen9nationaldex-1993175104","p1":"Jfayd2","p2":"mtyqjltz6","format":"[Gen 9] National Dex","log":"|j|\u2606Jfayd2\n|j|\u2606mtyqjltz6\n|t:|1700273961\n|gametype|singles\n|player|p1|Jfayd2|blue|1139\n|player|p2|mtyqjltz6|elesa|1050\n|teamsize|p1|6\n|teamsize|p2|6\n|gen|9\n|tier|[Gen 9] National Dex\n|rated|\n|rule|HP Percentage Mod: HP is shown in percentages\n|rule|Endless Battle Clause: Forcing endless battles is banned\n|rule|OHKO Clause: OHKO moves are banned\n|rule|Evasion Clause: Evasion abilities, items, and moves are banned\n|rule|Evasion Abilities Clause: Evasion abilities are banned\n|rule|Evasion Items Clause: Evasion items are banned\n|rule|Evasion Moves Clause: Evasion moves are banned\n|rule|Species Clause: Limit one of each Pok\u00e9mon\n|rule|Sleep Clause Mod: Limit one foe put to sleep\n|clearpoke\n|poke|p1|Torkoal, M|\n|poke|p1|Venusaur, F|\n|poke|p1|Dragonite, M|\n|poke|p1|Clefable, F|\n|poke|p1|Quaquaval, M|\n|poke|p1|Butterfree, F|\n|poke|p2|Raticate, M|\n|poke|p2|Banette, M|\n|poke|p2|Thundurus-Therian, M|\n|poke|p2|Slowking-Galar, M|\n|poke|p2|Great Tusk|\n|poke|p2|Moltres|\n|teampreview\n|inactive|Battle timer is ON: inactive players will automatically lose when time's up. (requested by mtyqjltz6)\n|\n|t:|1700273982\n|start\n|switch|p1a: Torkoal|Torkoal, M|100\/100\n|switch|p2a: Great Tusk|Great Tusk|100\/100\n|-weather|SunnyDay|[from] ability: Drought|[of] p1a: Torkoal\n|-activate|p2a: Great Tusk|ability: Protosynthesis\n|-start|p2a: Great Tusk|protosynthesisatk\n|turn|1\n|\n|t:|1700273993\n|switch|p1a: Venusaur|Venusaur, F|100\/100\n|move|p2a: Great Tusk|Stealth Rock|p1a: Venusaur\n|-sidestart|p1: Jfayd2|move: Stealth Rock\n|\n|-weather|SunnyDay|[upkeep]\n|upkeep\n|turn|2\n|\n|t:|1700273998\n|-end|p2a: Great Tusk|Protosynthesis|[silent]\n|switch|p2a: Slowking|Slowking-Galar, M, shiny|100\/100\n|move|p1a: Venusaur|Growth|p1a: Venusaur\n|-boost|p1a: Venusaur|atk|2\n|-boost|p1a: Venusaur|spa|2\n|\n|-weather|SunnyDay|[upkeep]\n|upkeep\n|turn|3\n|\n|t:|1700274020\n|detailschange|p1a: Venusaur|Venusaur-Mega, F\n|-mega|p1a: Venusaur|Venusaur|Venusaurite\n|-terastallize|p2a: Slowking|Dark\n|move|p1a: Venusaur|Weather Ball|p2a: Slowking\n|-damage|p2a: Slowking|40\/100\n|move|p2a: Slowking|Thunder Wave|p1a: Venusaur\n|-status|p1a: Venusaur|par\n|\n|-weather|SunnyDay|[upkeep]\n|upkeep\n|turn|4\n|\n|t:|1700274035\n|switch|p2a: Moltres|Moltres|100\/100\n|cant|p1a: Venusaur|par\n|\n|-weather|SunnyDay|[upkeep]\n|upkeep\n|turn|5\n|\n|t:|1700274043\n|move|p2a: Moltres|Flamethrower|p1a: Venusaur\n|-supereffective|p1a: Venusaur\n|-damage|p1a: Venusaur|42\/100 par\n|move|p1a: Venusaur|Sludge Bomb|p2a: Moltres\n|-damage|p2a: Moltres|0 fnt\n|faint|p2a: Moltres\n|\n|-weather|SunnyDay|[upkeep]\n|upkeep\n|\n|t:|1700274058\n|switch|p2a: Great Tusk|Great Tusk|100\/100\n|-activate|p2a: Great Tusk|ability: Protosynthesis\n|-start|p2a: Great Tusk|protosynthesisatk\n|turn|6\n|\n|t:|1700274078\n|move|p2a: Great Tusk|Headlong Rush|p1a: Venusaur\n|-damage|p1a: Venusaur|0 fnt\n|-unboost|p2a: Great Tusk|def|1\n|-unboost|p2a: Great Tusk|spd|1\n|faint|p1a: Venusaur\n|\n|-weather|SunnyDay|[upkeep]\n|upkeep\n|\n|t:|1700274090\n|switch|p1a: Quaquaval|Quaquaval, M|100\/100\n|-damage|p1a: Quaquaval|94\/100|[from] Stealth Rock\n|turn|7\n|\n|t:|1700274102\n|-end|p2a: Great Tusk|Protosynthesis|[silent]\n|switch|p2a: Thundurus|Thundurus-Therian, M|100\/100\n|move|p1a: Quaquaval|Aqua Step|p2a: Thundurus\n|-damage|p2a: Thundurus|69\/100\n|-boost|p1a: Quaquaval|spe|1\n|\n|-weather|SunnyDay|[upkeep]\n|-heal|p1a: Quaquaval|100\/100|[from] item: Leftovers\n|upkeep\n|turn|8\n|\n|t:|1700274129\n|move|p2a: Thundurus|Thunderbolt|p1a: Quaquaval\n|-supereffective|p1a: Quaquaval\n|-damage|p1a: Quaquaval|0 fnt\n|faint|p1a: Quaquaval\n|\n|-weather|none\n|upkeep\n|\n|t:|1700274136\n|switch|p1a: Clefable|Clefable, F|100\/100\n|turn|9\n|\n|t:|1700274147\n|switch|p2a: Slowking|Slowking-Galar, M, shiny, tera:Dark|73\/100\n|move|p1a: Clefable|Cosmic Power|p1a: Clefable\n|-boost|p1a: Clefable|def|1\n|-boost|p1a: Clefable|spd|1\n|\n|upkeep\n|turn|10\n|\n|t:|1700274154\n|move|p1a: Clefable|Cosmic Power|p1a: Clefable\n|-boost|p1a: Clefable|def|1\n|-boost|p1a: Clefable|spd|1\n|move|p2a: Slowking|Chilly Reception|p2a: Slowking\n|-weather|Snow\n|\n|t:|1700274156\n|switch|p2a: Banette|Banette, M|100\/100|[from] Chilly Reception\n|\n|-weather|Snow|[upkeep]\n|upkeep\n|turn|11\n|\n|t:|1700274166\n|detailschange|p2a: Banette|Banette-Mega, M\n|-mega|p2a: Banette|Banette|Banettite\n|move|p2a: Banette|Encore|p1a: Clefable\n|-start|p1a: Clefable|Encore\n|move|p1a: Clefable|Cosmic Power|p1a: Clefable\n|-boost|p1a: Clefable|def|1\n|-boost|p1a: Clefable|spd|1\n|\n|-weather|Snow|[upkeep]\n|upkeep\n|turn|12\n|\n|t:|1700274175\n|move|p2a: Banette|Poltergeist|p1a: Clefable\n|-activate|p1a: Clefable|move: Poltergeist|Leftovers\n|-damage|p1a: Clefable|76\/100\n|move|p1a: Clefable|Cosmic Power|p1a: Clefable\n|-boost|p1a: Clefable|def|1\n|-boost|p1a: Clefable|spd|1\n|\n|-weather|Snow|[upkeep]\n|-heal|p1a: Clefable|82\/100|[from] item: Leftovers\n|upkeep\n|turn|13\n|\n|t:|1700274185\n|move|p2a: Banette|Poltergeist|p1a: Clefable\n|-activate|p1a: Clefable|move: Poltergeist|Leftovers\n|-damage|p1a: Clefable|61\/100\n|move|p1a: Clefable|Cosmic Power|p1a: Clefable\n|-boost|p1a: Clefable|def|1\n|-boost|p1a: Clefable|spd|1\n|\n|-weather|Snow|[upkeep]\n|-heal|p1a: Clefable|67\/100|[from] item: Leftovers\n|-end|p1a: Clefable|Encore\n|upkeep\n|turn|14\n|\n|t:|1700274200\n|move|p2a: Banette|Encore|p1a: Clefable\n|-start|p1a: Clefable|Encore\n|move|p1a: Clefable|Cosmic Power|p1a: Clefable\n|-boost|p1a: Clefable|def|1\n|-boost|p1a: Clefable|spd|1\n|\n|-weather|none\n|-heal|p1a: Clefable|73\/100|[from] item: Leftovers\n|upkeep\n|turn|15\n|\n|t:|1700274217\n|switch|p1a: Torkoal|Torkoal, M|100\/100\n|-damage|p1a: Torkoal|75\/100|[from] Stealth Rock\n|-weather|SunnyDay|[from] ability: Drought|[of] p1a: Torkoal\n|move|p2a: Banette|Poltergeist|p1a: Torkoal\n|-activate|p1a: Torkoal|move: Poltergeist|Heat Rock\n|-damage|p1a: Torkoal|31\/100\n|\n|-weather|SunnyDay|[upkeep]\n|upkeep\n|turn|16\n|\n|t:|1700274234\n|move|p2a: Banette|Poltergeist|p1a: Torkoal\n|-activate|p1a: Torkoal|move: Poltergeist|Heat Rock\n|-damage|p1a: Torkoal|0 fnt\n|faint|p1a: Torkoal\n|\n|-weather|SunnyDay|[upkeep]\n|upkeep\n|\n|t:|1700274242\n|switch|p1a: Dragonite|Dragonite, M, shiny|100\/100\n|turn|17\n|\n|t:|1700274251\n|switch|p2a: Thundurus|Thundurus-Therian, M|69\/100\n|-terastallize|p1a: Dragonite|Normal\n|move|p1a: Dragonite|Dragon Dance|p1a: Dragonite\n|-boost|p1a: Dragonite|atk|1\n|-boost|p1a: Dragonite|spe|1\n|\n|-weather|SunnyDay|[upkeep]\n|upkeep\n|turn|18\n|\n|t:|1700274266\n|move|p2a: Thundurus|Volt Switch|p1a: Dragonite\n|-damage|p1a: Dragonite|81\/100\n|\n|t:|1700274276\n|switch|p2a: Banette|Banette-Mega, M|100\/100|[from] Volt Switch\n|move|p1a: Dragonite|Ice Spinner|p2a: Banette\n|-damage|p2a: Banette|27\/100\n|\n|-weather|SunnyDay|[upkeep]\n|upkeep\n|turn|19\n|\n|t:|1700274290\n|move|p2a: Banette|Destiny Bond|p2a: Banette\n|-singlemove|p2a: Banette|Destiny Bond\n|move|p1a: Dragonite|Dragon Dance|p1a: Dragonite\n|-boost|p1a: Dragonite|atk|1\n|-boost|p1a: Dragonite|spe|1\n|\n|-weather|SunnyDay|[upkeep]\n|upkeep\n|turn|20\n|\n|t:|1700274301\n|move|p2a: Banette|Encore|p1a: Dragonite\n|-start|p1a: Dragonite|Encore\n|move|p1a: Dragonite|Dragon Dance|p1a: Dragonite\n|-boost|p1a: Dragonite|atk|1\n|-boost|p1a: Dragonite|spe|1\n|\n|-weather|SunnyDay|[upkeep]\n|upkeep\n|turn|21\n|\n|t:|1700274328\n|switch|p1a: Butterfree|Butterfree, F, shiny|100\/100\n|-damage|p1a: Butterfree|50\/100|[from] Stealth Rock\n|switch|p2a: Slowking|Slowking-Galar, M, shiny, tera:Dark|100\/100\n|\n|-weather|SunnyDay|[upkeep]\n|-heal|p1a: Butterfree|57\/100|[from] item: Leftovers\n|upkeep\n|turn|22\n|inactive|mtyqjltz6 has 120 seconds left.\n|\n|t:|1700274351\n|move|p1a: Butterfree|Sleep Powder|p2a: Slowking\n|-status|p2a: Slowking|slp|[from] move: Sleep Powder\n|cant|p2a: Slowking|slp\n|\n|-weather|none\n|-heal|p1a: Butterfree|63\/100|[from] item: Leftovers\n|upkeep\n|turn|23\n|inactive|mtyqjltz6 has 120 seconds left.\n|\n|t:|1700274360\n|switch|p2a: Thundurus|Thundurus-Therian, M|69\/100\n|move|p1a: Butterfree|Substitute|p1a: Butterfree\n|-start|p1a: Butterfree|Substitute\n|-damage|p1a: Butterfree|38\/100\n|\n|-heal|p1a: Butterfree|44\/100|[from] item: Leftovers\n|upkeep\n|turn|24\n|\n|t:|1700274367\n|move|p2a: Thundurus|Thunderbolt|p1a: Butterfree\n|-supereffective|p1a: Butterfree\n|-end|p1a: Butterfree|Substitute\n|move|p1a: Butterfree|Sleep Powder|p2a: Thundurus\n|-message|Sleep Clause Mod activated.\n|-hint|Sleep Clause Mod prevents players from putting more than one of their opponent's Pok\u00e9mon to sleep at a time\n|\n|-heal|p1a: Butterfree|50\/100|[from] item: Leftovers\n|upkeep\n|turn|25\n|\n|t:|1700274377\n|switch|p1a: Clefable|Clefable, F|73\/100\n|move|p2a: Thundurus|Thunderbolt|p1a: Clefable\n|-damage|p1a: Clefable|26\/100\n|\n|-heal|p1a: Clefable|33\/100|[from] item: Leftovers\n|upkeep\n|turn|26\n|\n|t:|1700274385\n|move|p2a: Thundurus|Thunderbolt|p1a: Clefable\n|-damage|p1a: Clefable|0 fnt\n|faint|p1a: Clefable\n|\n|upkeep\n|\n|t:|1700274389\n|switch|p1a: Dragonite|Dragonite, M, shiny, tera:Normal|81\/100\n|turn|27\n|\n|t:|1700274395\n|move|p2a: Thundurus|Thunderbolt|p1a: Dragonite\n|-damage|p1a: Dragonite|23\/100\n|move|p1a: Dragonite|Ice Spinner|p2a: Thundurus\n|-supereffective|p2a: Thundurus\n|-damage|p2a: Thundurus|0 fnt\n|faint|p2a: Thundurus\n|\n|upkeep\n|\n|t:|1700274412\n|switch|p2a: Raticate|Raticate, M|100\/100\n|turn|28\n|\n|t:|1700274424\n|move|p1a: Dragonite|Extreme Speed|p2a: Raticate\n|-damage|p2a: Raticate|12\/100\n|move|p2a: Raticate|Sucker Punch||[still]\n|-fail|p2a: Raticate\n|\n|-status|p2a: Raticate|brn|[from] item: Flame Orb\n|upkeep\n|turn|29\n|\n|t:|1700274435\n|move|p1a: Dragonite|Extreme Speed|p2a: Raticate\n|-damage|p2a: Raticate|0 fnt\n|faint|p2a: Raticate\n|\n|upkeep\n|\n|t:|1700274439\n|switch|p2a: Great Tusk|Great Tusk|100\/100\n|turn|30\n|\n|t:|1700274447\n|move|p2a: Great Tusk|Headlong Rush|p1a: Dragonite\n|-damage|p1a: Dragonite|0 fnt\n|-unboost|p2a: Great Tusk|def|1\n|-unboost|p2a: Great Tusk|spd|1\n|faint|p1a: Dragonite\n|\n|upkeep\n|\n|t:|1700274453\n|switch|p1a: Butterfree|Butterfree, F, shiny|50\/100\n|-damage|p1a: Butterfree|0 fnt|[from] Stealth Rock\n|faint|p1a: Butterfree\n|\n|win|mtyqjltz6\n|raw|Jfayd2's rating: 1139 &rarr; <strong>1108<\/strong><br \/>(-31 for losing)\n|raw|mtyqjltz6's rating: 1050 &rarr; <strong>1091<\/strong><br \/>(+41 for winning)\n","uploadtime":1700274461,"views":7,"p1id":"jfayd2","p2id":"mtyqjltz6","formatid":"gen9nationaldex","rating":1091,"private":0,"password":""}