{"id":"gen9nationaldex-1987052885","p1":"RandoTestAccount","p2":"LELELEIOIOIO","format":"[Gen 9] National Dex","log":"|j|\u2606RandoTestAccount\n|j|\u2606LELELEIOIOIO\n|t:|1699552226\n|gametype|singles\n|player|p1|RandoTestAccount|pokemonrangerf|1310\n|player|p2|LELELEIOIOIO|265|1291\n|teamsize|p1|6\n|teamsize|p2|6\n|gen|9\n|tier|[Gen 9] National Dex\n|rated|\n|rule|HP Percentage Mod: HP is shown in percentages\n|rule|Endless Battle Clause: Forcing endless battles is banned\n|rule|OHKO Clause: OHKO moves are banned\n|rule|Evasion Clause: Evasion abilities, items, and moves are banned\n|rule|Evasion Abilities Clause: Evasion abilities are banned\n|rule|Evasion Items Clause: Evasion items are banned\n|rule|Evasion Moves Clause: Evasion moves are banned\n|rule|Species Clause: Limit one of each Pok\u00e9mon\n|rule|Sleep Clause Mod: Limit one foe put to sleep\n|clearpoke\n|poke|p1|Umbreon, F|\n|poke|p1|Excadrill, F|\n|poke|p1|Corviknight, F|\n|poke|p1|Tapu Fini|\n|poke|p1|Sableye, F|\n|poke|p1|Dragalge, F|\n|poke|p2|Pelipper, M|\n|poke|p2|Swampert, M|\n|poke|p2|Omastar, M|\n|poke|p2|Kilowattrel, M|\n|poke|p2|Ferrothorn, M|\n|poke|p2|Toxapex, F|\n|teampreview\n|inactive|Battle timer is ON: inactive players will automatically lose when time's up. (requested by RandoTestAccount)\n|\n|t:|1699552242\n|start\n|switch|p1a: Spectre of Emerald|Sableye, F, shiny|100\/100\n|switch|p2a: Pelipper|Pelipper, M|100\/100\n|-weather|RainDance|[from] ability: Drizzle|[of] p2a: Pelipper\n|turn|1\n|\n|t:|1699552253\n|move|p1a: Spectre of Emerald|Calm Mind|p1a: Spectre of Emerald\n|-boost|p1a: Spectre of Emerald|spa|1\n|-boost|p1a: Spectre of Emerald|spd|1\n|move|p2a: Pelipper|Hurricane|p1a: Spectre of Emerald\n|-damage|p1a: Spectre of Emerald|59\/100\n|\n|-weather|RainDance|[upkeep]\n|upkeep\n|turn|2\n|\n|t:|1699552268\n|detailschange|p1a: Spectre of Emerald|Sableye-Mega, F, shiny\n|-mega|p1a: Spectre of Emerald|Sableye|Sablenite\n|move|p2a: Pelipper|Hurricane|p1a: Spectre of Emerald\n|-crit|p1a: Spectre of Emerald\n|-damage|p1a: Spectre of Emerald|6\/100\n|-start|p1a: Spectre of Emerald|confusion\n|-activate|p1a: Spectre of Emerald|confusion\n|move|p1a: Spectre of Emerald|Recover|p1a: Spectre of Emerald\n|-heal|p1a: Spectre of Emerald|56\/100\n|\n|-weather|RainDance|[upkeep]\n|upkeep\n|turn|3\n|inactive|RandoTestAccount has 120 seconds left.\n|\n|t:|1699552305\n|switch|p2a: Toxapex|Toxapex, F|100\/100\n|-activate|p1a: Spectre of Emerald|confusion\n|move|p1a: Spectre of Emerald|Recover|p1a: Spectre of Emerald\n|-heal|p1a: Spectre of Emerald|100\/100\n|\n|-weather|RainDance|[upkeep]\n|upkeep\n|turn|4\n|inactive|RandoTestAccount has 120 seconds left.\n|\n|t:|1699552310\n|switch|p1a: The Droplet Tear|Tapu Fini, shiny|100\/100\n|-fieldstart|move: Misty Terrain|[from] ability: Misty Surge|[of] p1a: The Droplet Tear\n|move|p2a: Toxapex|Haze|p2a: Toxapex\n|-clearallboost\n|\n|-weather|RainDance|[upkeep]\n|upkeep\n|turn|5\n|\n|t:|1699552321\n|move|p2a: Toxapex|Baneful Bunker|p2a: Toxapex\n|-singleturn|p2a: Toxapex|move: Protect\n|move|p1a: The Droplet Tear|Substitute|p1a: The Droplet Tear\n|-start|p1a: The Droplet Tear|Substitute\n|-damage|p1a: The Droplet Tear|76\/100\n|\n|-weather|RainDance|[upkeep]\n|-heal|p1a: The Droplet Tear|82\/100|[from] item: Leftovers\n|upkeep\n|turn|6\n|inactive|RandoTestAccount has 120 seconds left.\n|\n|t:|1699552347\n|switch|p2a: Ferrothorn|Ferrothorn, M|100\/100\n|move|p1a: The Droplet Tear|Scald|p2a: Ferrothorn\n|-resisted|p2a: Ferrothorn\n|-damage|p2a: Ferrothorn|83\/100\n|\n|-weather|RainDance|[upkeep]\n|-heal|p1a: The Droplet Tear|88\/100|[from] item: Leftovers\n|upkeep\n|turn|7\n|\n|t:|1699552357\n|move|p1a: The Droplet Tear|Calm Mind|p1a: The Droplet Tear\n|-boost|p1a: The Droplet Tear|spa|1\n|-boost|p1a: The Droplet Tear|spd|1\n|move|p2a: Ferrothorn|Gyro Ball|p1a: The Droplet Tear\n|-end|p1a: The Droplet Tear|Substitute\n|\n|-weather|RainDance|[upkeep]\n|-heal|p1a: The Droplet Tear|94\/100|[from] item: Leftovers\n|upkeep\n|turn|8\n|inactive|LELELEIOIOIO has 120 seconds left.\n|\n|t:|1699552384\n|move|p1a: The Droplet Tear|Substitute|p1a: The Droplet Tear\n|-start|p1a: The Droplet Tear|Substitute\n|-damage|p1a: The Droplet Tear|69\/100\n|move|p2a: Ferrothorn|Gyro Ball|p1a: The Droplet Tear\n|-end|p1a: The Droplet Tear|Substitute\n|\n|-weather|none\n|-heal|p1a: The Droplet Tear|75\/100|[from] item: Leftovers\n|-fieldend|Misty Terrain\n|upkeep\n|turn|9\n|inactive|LELELEIOIOIO has 120 seconds left.\n|\n|t:|1699552403\n|move|p1a: The Droplet Tear|Scald|p2a: Ferrothorn\n|-resisted|p2a: Ferrothorn\n|-damage|p2a: Ferrothorn|66\/100\n|move|p2a: Ferrothorn|Gyro Ball|p1a: The Droplet Tear\n|-damage|p1a: The Droplet Tear|44\/100\n|\n|-heal|p1a: The Droplet Tear|50\/100|[from] item: Leftovers\n|upkeep\n|turn|10\n|inactive|LELELEIOIOIO has 120 seconds left.\n|\n|t:|1699552420\n|switch|p1a: Spectre of Emerald|Sableye-Mega, F, shiny|100\/100\n|move|p2a: Ferrothorn|Leech Seed|p1a: Spectre of Emerald\n|move|p1a: Spectre of Emerald|Leech Seed|p2a: Ferrothorn|[from]ability: Magic Bounce\n|-immune|p2a: Ferrothorn\n|\n|upkeep\n|turn|11\n|inactive|LELELEIOIOIO has 120 seconds left.\n|inactive|RandoTestAccount has 120 seconds left.\n|\n|t:|1699552445\n|switch|p2a: Pelipper|Pelipper, M|100\/100\n|-weather|RainDance|[from] ability: Drizzle|[of] p2a: Pelipper\n|move|p1a: Spectre of Emerald|Will-O-Wisp|p2a: Pelipper\n|-status|p2a: Pelipper|brn\n|\n|-weather|RainDance|[upkeep]\n|-damage|p2a: Pelipper|94\/100 brn|[from] brn\n|upkeep\n|turn|12\n|inactive|RandoTestAccount has 120 seconds left.\n|inactive|LELELEIOIOIO has 120 seconds left.\n|\n|t:|1699552464\n|move|p2a: Pelipper|U-turn|p1a: Spectre of Emerald\n|-damage|p1a: Spectre of Emerald|98\/100\n|\n|t:|1699552472\n|switch|p2a: Omastar|Omastar, M|100\/100|[from] U-turn\n|move|p1a: Spectre of Emerald|Calm Mind|p1a: Spectre of Emerald\n|-boost|p1a: Spectre of Emerald|spa|1\n|-boost|p1a: Spectre of Emerald|spd|1\n|\n|-weather|RainDance|[upkeep]\n|upkeep\n|turn|13\n|inactive|RandoTestAccount has 120 seconds left.\n|inactive|RandoTestAccount has 90 seconds left.\n|\n|t:|1699552520\n|move|p2a: Omastar|Shell Smash|p2a: Omastar\n|-unboost|p2a: Omastar|def|1\n|-unboost|p2a: Omastar|spd|1\n|-boost|p2a: Omastar|atk|2\n|-boost|p2a: Omastar|spa|2\n|-boost|p2a: Omastar|spe|2\n|-enditem|p2a: Omastar|White Herb\n|-clearnegativeboost|p2a: Omastar|[silent]\n|move|p1a: Spectre of Emerald|Will-O-Wisp|p2a: Omastar\n|-status|p2a: Omastar|brn\n|\n|-weather|RainDance|[upkeep]\n|-damage|p2a: Omastar|94\/100 brn|[from] brn\n|upkeep\n|turn|14\n|\n|t:|1699552533\n|move|p2a: Omastar|Shell Smash|p2a: Omastar\n|-unboost|p2a: Omastar|def|1\n|-unboost|p2a: Omastar|spd|1\n|-boost|p2a: Omastar|atk|2\n|-boost|p2a: Omastar|spa|2\n|-boost|p2a: Omastar|spe|2\n|move|p1a: Spectre of Emerald|Dark Pulse|p2a: Omastar\n|-damage|p2a: Omastar|10\/100 brn\n|\n|-weather|RainDance|[upkeep]\n|-damage|p2a: Omastar|4\/100 brn|[from] brn\n|upkeep\n|turn|15\n|\n|t:|1699552551\n|move|p2a: Omastar|Ice Beam|p1a: Spectre of Emerald\n|-damage|p1a: Spectre of Emerald|36\/100\n|-status|p1a: Spectre of Emerald|frz\n|-curestatus|p1a: Spectre of Emerald|frz|[msg]\n|move|p1a: Spectre of Emerald|Recover|p1a: Spectre of Emerald\n|-heal|p1a: Spectre of Emerald|86\/100\n|\n|-weather|RainDance|[upkeep]\n|-damage|p2a: Omastar|0 fnt|[from] brn\n|faint|p2a: Omastar\n|upkeep\n|\n|t:|1699552558\n|switch|p2a: Swampert|Swampert, M|100\/100\n|turn|16\n|\n|t:|1699552564\n|detailschange|p2a: Swampert|Swampert-Mega, M\n|-mega|p2a: Swampert|Swampert|Swampertite\n|move|p2a: Swampert|Waterfall|p1a: Spectre of Emerald\n|-damage|p1a: Spectre of Emerald|30\/100\n|move|p1a: Spectre of Emerald|Will-O-Wisp|p2a: Swampert\n|-status|p2a: Swampert|brn\n|\n|-weather|RainDance|[upkeep]\n|-damage|p2a: Swampert|94\/100 brn|[from] brn\n|upkeep\n|turn|17\n|\n|t:|1699552573\n|switch|p1a: Ephialtes Keeper|Corviknight, F, shiny|100\/100\n|-ability|p1a: Ephialtes Keeper|Pressure\n|move|p2a: Swampert|Waterfall|p1a: Ephialtes Keeper\n|-damage|p1a: Ephialtes Keeper|73\/100\n|-damage|p2a: Swampert|78\/100 brn|[from] item: Rocky Helmet|[of] p1a: Ephialtes Keeper\n|\n|-weather|RainDance|[upkeep]\n|-damage|p2a: Swampert|72\/100 brn|[from] brn\n|upkeep\n|turn|18\n|\n|t:|1699552583\n|move|p2a: Swampert|Waterfall|p1a: Ephialtes Keeper\n|-damage|p1a: Ephialtes Keeper|43\/100\n|-damage|p2a: Swampert|55\/100 brn|[from] item: Rocky Helmet|[of] p1a: Ephialtes Keeper\n|cant|p1a: Ephialtes Keeper|flinch\n|\n|-weather|none\n|-damage|p2a: Swampert|49\/100 brn|[from] brn\n|upkeep\n|turn|19\n|\n|t:|1699552611\n|switch|p1a: Nika Reanukko|Umbreon, F, shiny|100\/100\n|move|p2a: Swampert|Waterfall|p1a: Nika Reanukko\n|-damage|p1a: Nika Reanukko|80\/100\n|\n|-heal|p1a: Nika Reanukko|86\/100|[from] item: Leftovers\n|-damage|p2a: Swampert|43\/100 brn|[from] brn\n|upkeep\n|turn|20\n|inactive|LELELEIOIOIO has 90 seconds left.\n|inactive|RandoTestAccount has 120 seconds left.\n|inactive|LELELEIOIOIO has 60 seconds left.\n|\n|t:|1699552669\n|move|p2a: Swampert|Superpower|p1a: Nika Reanukko\n|-supereffective|p1a: Nika Reanukko\n|-damage|p1a: Nika Reanukko|44\/100\n|-unboost|p2a: Swampert|atk|1\n|-unboost|p2a: Swampert|def|1\n|move|p1a: Nika Reanukko|Wish|p1a: Nika Reanukko\n|\n|-heal|p1a: Nika Reanukko|50\/100|[from] item: Leftovers\n|-damage|p2a: Swampert|37\/100 brn|[from] brn\n|upkeep\n|turn|21\n|inactive|RandoTestAccount has 120 seconds left.\n|-message|LELELEIOIOIO forfeited.\n|\n|win|RandoTestAccount\n|raw|RandoTestAccount's rating: 1330 &rarr; <strong>1348<\/strong><br \/>(+18 for winning)\n|raw|LELELEIOIOIO's rating: 1291 &rarr; <strong>1269<\/strong><br \/>(-22 for losing)\n|l|\u2606LELELEIOIOIO\n","uploadtime":1699552703,"views":4,"p1id":"randotestaccount","p2id":"leleleioioio","formatid":"gen9nationaldex","rating":1269,"private":0,"password":""}