{"id":"gen9nationaldex-1997960274","p1":"ihateultrabeast","p2":"i like serperior","format":"[Gen 9] National Dex","log":"|html|<div class=\"broadcast-blue\"><strong>[Gen 9] National Dex is currently suspecting Sneasler! For information on how to participate check out the <a href=\"https:\/\/www.smogon.com\/forums\/threads\/sv-national-dex-suspect-8-just-dance.3731534\/\">suspect thread<\/a>.<\/strong><\/div>\n|j|\u2606ihateultrabeast\n|j|\u2606i like serperior\n|t:|1700872416\n|gametype|singles\n|player|p1|ihateultrabeast|102|1517\n|player|p2|i like serperior|colress|1745\n|teamsize|p1|6\n|teamsize|p2|6\n|gen|9\n|tier|[Gen 9] National Dex\n|rated|\n|rule|HP Percentage Mod: HP is shown in percentages\n|rule|Endless Battle Clause: Forcing endless battles is banned\n|rule|OHKO Clause: OHKO moves are banned\n|rule|Evasion Clause: Evasion abilities, items, and moves are banned\n|rule|Evasion Abilities Clause: Evasion abilities are banned\n|rule|Evasion Items Clause: Evasion items are banned\n|rule|Evasion Moves Clause: Evasion moves are banned\n|rule|Species Clause: Limit one of each Pok\u00e9mon\n|rule|Sleep Clause Mod: Limit one foe put to sleep\n|clearpoke\n|poke|p1|Hatterene, F|\n|poke|p1|Stakataka|\n|poke|p1|Rillaboom, F|\n|poke|p1|Iron Hands|\n|poke|p1|Cresselia, F|\n|poke|p1|Camerupt, M|\n|poke|p2|Tyranitar, M|\n|poke|p2|Garchomp, M|\n|poke|p2|Dracozolt|\n|poke|p2|Moltres|\n|poke|p2|Gigalith, F|\n|poke|p2|Serperior, F|\n|teampreview\n|\n|t:|1700872427\n|start\n|switch|p1a: Hatterene|Hatterene, F|100\/100\n|switch|p2a: Myosotis|Serperior, F, shiny|100\/100\n|turn|1\n|inactive|Battle timer is ON: inactive players will automatically lose when time's up. (requested by ihateultrabeast)\n|\n|t:|1700872440\n|move|p2a: Myosotis|Substitute|p2a: Myosotis\n|-start|p2a: Myosotis|Substitute\n|-damage|p2a: Myosotis|75\/100\n|move|p1a: Hatterene|Trick Room|p1a: Hatterene\n|-fieldstart|move: Trick Room|[of] p1a: Hatterene\n|\n|-heal|p2a: Myosotis|82\/100|[from] item: Leftovers\n|upkeep\n|turn|2\n|\n|t:|1700872446\n|move|p1a: Hatterene|Mystical Fire|p2a: Myosotis\n|-supereffective|p2a: Myosotis\n|-end|p2a: Myosotis|Substitute\n|move|p2a: Myosotis|Leaf Storm|p1a: Hatterene\n|-damage|p1a: Hatterene|44\/100\n|-boost|p2a: Myosotis|spa|2\n|\n|-heal|p2a: Myosotis|88\/100|[from] item: Leftovers\n|upkeep\n|turn|3\n|\n|t:|1700872451\n|switch|p2a: Azurite|Gigalith, F, shiny|100\/100\n|-weather|Sandstorm|[from] ability: Sand Stream|[of] p2a: Azurite\n|move|p1a: Hatterene|Healing Wish|p1a: Hatterene\n|faint|p1a: Hatterene\n|\n|-weather|Sandstorm|[upkeep]\n|upkeep\n|\n|t:|1700872461\n|switch|p1a: Iron Hands|Iron Hands|100\/100\n|-enditem|p1a: Iron Hands|Booster Energy\n|-activate|p1a: Iron Hands|ability: Quark Drive|[fromitem]\n|-start|p1a: Iron Hands|quarkdriveatk\n|turn|4\n|\n|t:|1700872468\n|-terastallize|p2a: Azurite|Normal\n|move|p2a: Azurite|Explosion|p1a: Iron Hands\n|-enditem|p2a: Azurite|Normal Gem|[from] gem\n|-damage|p1a: Iron Hands|0 fnt\n|faint|p2a: Azurite\n|faint|p1a: Iron Hands\n|-end|p1a: Iron Hands|Quark Drive|[silent]\n|\n|-weather|Sandstorm|[upkeep]\n|upkeep\n|\n|t:|1700872476\n|switch|p2a: Slattern|Garchomp, M, shiny|100\/100\n|switch|p1a: Stakataka|Stakataka|100\/100\n|turn|5\n|\n|t:|1700872479\n|switch|p2a: Moltres|Moltres, shiny|100\/100\n|-terastallize|p1a: Stakataka|Steel\n|move|p1a: Stakataka|Gyro Ball|p2a: Moltres\n|-resisted|p2a: Moltres\n|-damage|p2a: Moltres|25\/100\n|-damage|p1a: Stakataka|91\/100|[from] item: Life Orb\n|\n|-weather|Sandstorm|[upkeep]\n|-damage|p2a: Moltres|19\/100|[from] Sandstorm\n|-fieldend|move: Trick Room\n|upkeep\n|turn|6\n|\n|t:|1700872486\n|switch|p2a: Zyglak|Dracozolt|100\/100\n|move|p1a: Stakataka|Trick Room|p1a: Stakataka\n|-fieldstart|move: Trick Room|[of] p1a: Stakataka\n|\n|-weather|Sandstorm|[upkeep]\n|upkeep\n|turn|7\n|\n|t:|1700872492\n|switch|p2a: Moltres|Moltres, shiny|19\/100\n|move|p1a: Stakataka|Earthquake|p2a: Moltres\n|-immune|p2a: Moltres\n|\n|-weather|none\n|upkeep\n|turn|8\n|\n|t:|1700872496\n|move|p1a: Stakataka|Rock Blast|p2a: Moltres\n|-supereffective|p2a: Moltres\n|-damage|p2a: Moltres|0 fnt\n|faint|p2a: Moltres\n|-ability|p1a: Stakataka|Beast Boost|boost\n|-boost|p1a: Stakataka|atk|1\n|-hitcount|p2: Moltres|1\n|-damage|p1a: Stakataka|81\/100|[from] item: Life Orb\n|\n|upkeep\n|\n|t:|1700872498\n|switch|p2a: Iwajira|Tyranitar, M, shiny|100\/100\n|-weather|Sandstorm|[from] ability: Sand Stream|[of] p2a: Iwajira\n|turn|9\n|\n|t:|1700872506\n|move|p1a: Stakataka|Gyro Ball|p2a: Iwajira\n|-supereffective|p2a: Iwajira\n|-damage|p2a: Iwajira|0 fnt\n|faint|p2a: Iwajira\n|-ability|p1a: Stakataka|Beast Boost|boost\n|-boost|p1a: Stakataka|atk|1\n|-damage|p1a: Stakataka|71\/100|[from] item: Life Orb\n|\n|-weather|Sandstorm|[upkeep]\n|upkeep\n|\n|t:|1700872512\n|switch|p2a: Myosotis|Serperior, F, shiny|88\/100\n|turn|10\n|\n|t:|1700872515\n|move|p1a: Stakataka|Gyro Ball|p2a: Myosotis\n|-damage|p2a: Myosotis|0 fnt\n|faint|p2a: Myosotis\n|-ability|p1a: Stakataka|Beast Boost|boost\n|-boost|p1a: Stakataka|atk|1\n|-damage|p1a: Stakataka|61\/100|[from] item: Life Orb\n|\n|-weather|Sandstorm|[upkeep]\n|-fieldend|move: Trick Room\n|upkeep\n|\n|t:|1700872517\n|switch|p2a: Slattern|Garchomp, M, shiny|100\/100\n|turn|11\n|\n|t:|1700872520\n|detailschange|p2a: Slattern|Garchomp-Mega, M, shiny\n|-mega|p2a: Slattern|Garchomp|Garchompite\n|move|p2a: Slattern|Earthquake|p1a: Stakataka\n|-supereffective|p1a: Stakataka\n|-damage|p1a: Stakataka|0 fnt\n|faint|p1a: Stakataka\n|\n|-weather|Sandstorm|[upkeep]\n|upkeep\n|\n|t:|1700872530\n|switch|p1a: Rillaboom|Rillaboom, F|100\/100\n|-fieldstart|move: Grassy Terrain|[from] ability: Grassy Surge|[of] p1a: Rillaboom\n|turn|12\n|\n|t:|1700872537\n|move|p2a: Slattern|Scale Shot|p1a: Rillaboom\n|-damage|p1a: Rillaboom|82\/100\n|-damage|p1a: Rillaboom|64\/100\n|-hitcount|p1a: Rillaboom|2\n|-unboost|p2a: Slattern|def|1\n|-boost|p2a: Slattern|spe|1\n|move|p1a: Rillaboom|Wood Hammer|p2a: Slattern\n|-damage|p2a: Slattern|0 fnt\n|faint|p2a: Slattern\n|-damage|p1a: Rillaboom|30\/100|[from] Recoil\n|\n|-weather|Sandstorm|[upkeep]\n|-damage|p1a: Rillaboom|23\/100|[from] Sandstorm\n|-heal|p1a: Rillaboom|30\/100|[from] Grassy Terrain\n|upkeep\n|\n|t:|1700872541\n|switch|p2a: Zyglak|Dracozolt|100\/100\n|turn|13\n|\n|t:|1700872546\n|move|p2a: Zyglak|Bolt Beak|p1a: Rillaboom\n|-resisted|p1a: Rillaboom\n|-damage|p1a: Rillaboom|0 fnt\n|faint|p1a: Rillaboom\n|-damage|p2a: Zyglak|91\/100|[from] item: Life Orb\n|\n|-weather|Sandstorm|[upkeep]\n|-heal|p2a: Zyglak|97\/100|[from] Grassy Terrain\n|upkeep\n|\n|t:|1700872550\n|switch|p1a: Cresselia|Cresselia, F, shiny|100\/100\n|turn|14\n|\n|t:|1700872561\n|move|p2a: Zyglak|Bolt Beak|p1a: Cresselia\n|-damage|p1a: Cresselia|33\/100\n|-damage|p2a: Zyglak|87\/100|[from] item: Life Orb\n|move|p1a: Cresselia|Trick Room|p1a: Cresselia\n|-fieldstart|move: Trick Room|[of] p1a: Cresselia\n|\n|-weather|Sandstorm|[upkeep]\n|-damage|p1a: Cresselia|27\/100|[from] Sandstorm\n|-heal|p2a: Zyglak|93\/100|[from] Grassy Terrain\n|upkeep\n|turn|15\n|\n|t:|1700872571\n|move|p1a: Cresselia|Moonblast|p2a: Zyglak\n|-supereffective|p2a: Zyglak\n|-damage|p2a: Zyglak|47\/100\n|-unboost|p2a: Zyglak|spa|1\n|move|p2a: Zyglak|Low Kick|p1a: Cresselia\n|-resisted|p1a: Cresselia\n|-damage|p1a: Cresselia|17\/100\n|-damage|p2a: Zyglak|37\/100|[from] item: Life Orb\n|\n|-weather|Sandstorm|[upkeep]\n|-damage|p1a: Cresselia|11\/100|[from] Sandstorm\n|-heal|p2a: Zyglak|43\/100|[from] Grassy Terrain\n|upkeep\n|turn|16\n|-message|i like serperior forfeited.\n|\n|win|ihateultrabeast\n|raw|ihateultrabeast's rating: 1517 &rarr; <strong>1549<\/strong><br \/>(+32 for winning)\n|raw|i like serperior's rating: 1745 &rarr; <strong>1713<\/strong><br \/>(-32 for losing)\n|l|\u2606i like serperior\n","uploadtime":1700872589,"views":2,"p1id":"ihateultrabeast","p2id":"ilikeserperior","formatid":"gen9nationaldex","rating":1549,"private":0,"password":""}