{"id":"gen9nationaldex-1995247619","p1":"yxyyfxd","p2":"thagreatbuffalo","format":"[Gen 9] National Dex","log":"|html|<div class=\"broadcast-blue\"><strong>[Gen 9] National Dex is currently suspecting Sneasler! For information on how to participate check out the <a href=\"https:\/\/www.smogon.com\/forums\/threads\/sv-national-dex-suspect-8-just-dance.3731534\/\">suspect thread<\/a>.<\/strong><\/div>\n|j|\u2606yxyyfxd\n|j|\u2606thagreatbuffalo\n|t:|1700539795\n|gametype|singles\n|player|p1|yxyyfxd|266|1476\n|player|p2|thagreatbuffalo|cynthia-anime|1515\n|teamsize|p1|6\n|teamsize|p2|6\n|gen|9\n|tier|[Gen 9] National Dex\n|rated|\n|rule|HP Percentage Mod: HP is shown in percentages\n|rule|Endless Battle Clause: Forcing endless battles is banned\n|rule|OHKO Clause: OHKO moves are banned\n|rule|Evasion Clause: Evasion abilities, items, and moves are banned\n|rule|Evasion Abilities Clause: Evasion abilities are banned\n|rule|Evasion Items Clause: Evasion items are banned\n|rule|Evasion Moves Clause: Evasion moves are banned\n|rule|Species Clause: Limit one of each Pok\u00e9mon\n|rule|Sleep Clause Mod: Limit one foe put to sleep\n|clearpoke\n|poke|p1|Charizard, F|\n|poke|p1|Great Tusk|\n|poke|p1|Zapdos|\n|poke|p1|Iron Valiant|\n|poke|p1|Dragonite, M|\n|poke|p1|Rillaboom, F|\n|poke|p2|Electrode-Hisui|\n|poke|p2|Urshifu-*, F|\n|poke|p2|Tapu Bulu|\n|poke|p2|Sneasler, F|\n|poke|p2|Gallade, M|\n|poke|p2|Dondozo, F|\n|teampreview\n|inactive|Battle timer is ON: inactive players will automatically lose when time's up. (requested by yxyyfxd)\n|\n|t:|1700539815\n|start\n|switch|p1a: Dragonite|Dragonite, M|100\/100\n|switch|p2a: Electrode|Electrode-Hisui|100\/100\n|turn|1\n|\n|t:|1700539827\n|switch|p1a: Great Tusk|Great Tusk|100\/100\n|move|p2a: Electrode|Volt Switch|p1a: Great Tusk\n|-immune|p1a: Great Tusk\n|\n|upkeep\n|turn|2\n|\n|t:|1700539840\n|switch|p2a: Pride|Tapu Bulu, shiny|100\/100\n|-fieldstart|move: Grassy Terrain|[from] ability: Grassy Surge|[of] p2a: Pride\n|move|p1a: Great Tusk|Stealth Rock|p2a: Pride\n|-sidestart|p2: thagreatbuffalo|move: Stealth Rock\n|\n|upkeep\n|turn|3\n|\n|t:|1700539853\n|-end|p1a: Great Tusk|Protosynthesis|[silent]\n|switch|p1a: Zapdos|Zapdos|100\/100\n|move|p2a: Pride|Stone Edge|p1a: Zapdos|[miss]\n|-miss|p2a: Pride|p1a: Zapdos\n|\n|upkeep\n|turn|4\n|inactive|thagreatbuffalo has 120 seconds left.\n|\n|t:|1700539897\n|move|p1a: Zapdos|Toxic|p2a: Pride\n|-status|p2a: Pride|tox\n|move|p2a: Pride|Stone Edge|p1a: Zapdos\n|-supereffective|p1a: Zapdos\n|-damage|p1a: Zapdos|22\/100\n|\n|-damage|p2a: Pride|94\/100 tox|[from] psn\n|upkeep\n|turn|5\n|\n|t:|1700539904\n|move|p1a: Zapdos|Roost|p1a: Zapdos\n|-heal|p1a: Zapdos|72\/100\n|-singleturn|p1a: Zapdos|move: Roost\n|move|p2a: Pride|Stone Edge|p1a: Zapdos\n|-damage|p1a: Zapdos|31\/100\n|\n|-heal|p1a: Zapdos|37\/100|[from] Grassy Terrain\n|-heal|p2a: Pride|100\/100 tox|[from] Grassy Terrain\n|-damage|p2a: Pride|88\/100 tox|[from] psn\n|upkeep\n|turn|6\n|\n|t:|1700539911\n|move|p1a: Zapdos|Roost|p1a: Zapdos\n|-heal|p1a: Zapdos|87\/100\n|-singleturn|p1a: Zapdos|move: Roost\n|move|p2a: Pride|Horn Leech|p1a: Zapdos\n|-damage|p1a: Zapdos|29\/100\n|-heal|p2a: Pride|100\/100 tox|[from] drain|[of] p1a: Zapdos\n|\n|-heal|p1a: Zapdos|35\/100|[from] Grassy Terrain\n|-damage|p2a: Pride|82\/100 tox|[from] psn\n|-fieldend|move: Grassy Terrain\n|upkeep\n|turn|7\n|\n|t:|1700539922\n|switch|p2a: Electrode|Electrode-Hisui|100\/100\n|-damage|p2a: Electrode|88\/100|[from] Stealth Rock\n|move|p1a: Zapdos|Roost|p1a: Zapdos\n|-heal|p1a: Zapdos|85\/100\n|-singleturn|p1a: Zapdos|move: Roost\n|\n|upkeep\n|turn|8\n|\n|t:|1700539934\n|switch|p1a: Rillaboom|Rillaboom, F|100\/100\n|-fieldstart|move: Grassy Terrain|[from] ability: Grassy Surge|[of] p1a: Rillaboom\n|move|p2a: Electrode|Volt Switch|p1a: Rillaboom\n|-resisted|p1a: Rillaboom\n|-damage|p1a: Rillaboom|73\/100\n|\n|t:|1700539948\n|switch|p2a: Gallade|Gallade, M|100\/100|[from] Volt Switch\n|-damage|p2a: Gallade|94\/100|[from] Stealth Rock\n|\n|-heal|p1a: Rillaboom|79\/100|[from] Grassy Terrain\n|-heal|p2a: Gallade|100\/100|[from] Grassy Terrain\n|upkeep\n|turn|9\n|\n|t:|1700539977\n|detailschange|p2a: Gallade|Gallade-Mega, M\n|-mega|p2a: Gallade|Gallade|Galladite\n|move|p2a: Gallade|Close Combat|p1a: Rillaboom\n|-damage|p1a: Rillaboom|3\/100\n|-unboost|p2a: Gallade|def|1\n|-unboost|p2a: Gallade|spd|1\n|move|p1a: Rillaboom|Wood Hammer|p2a: Gallade\n|-damage|p2a: Gallade|0 fnt\n|faint|p2a: Gallade\n|-damage|p1a: Rillaboom|0 fnt|[from] Recoil\n|faint|p1a: Rillaboom\n|\n|upkeep\n|inactive|yxyyfxd has 120 seconds left.\n|\n|t:|1700540002\n|switch|p2a: Electrode|Electrode-Hisui|88\/100\n|switch|p1a: Great Tusk|Great Tusk|100\/100\n|-damage|p2a: Electrode|76\/100|[from] Stealth Rock\n|turn|10\n|\n|t:|1700540018\n|move|p2a: Electrode|Chloroblast|p1a: Great Tusk\n|-supereffective|p1a: Great Tusk\n|-damage|p1a: Great Tusk|0 fnt\n|faint|p1a: Great Tusk\n|-end|p1a: Great Tusk|Protosynthesis|[silent]\n|-damage|p2a: Electrode|26\/100|[from] Recoil\n|\n|-heal|p2a: Electrode|32\/100|[from] Grassy Terrain\n|upkeep\n|\n|t:|1700540023\n|switch|p1a: Charizard|Charizard, F|100\/100\n|turn|11\n|inactive|yxyyfxd has 120 seconds left.\n|\n|t:|1700540028\n|detailschange|p1a: Charizard|Charizard-Mega-Y, F\n|-mega|p1a: Charizard|Charizard|Charizardite Y\n|-weather|SunnyDay|[from] ability: Drought|[of] p1a: Charizard\n|move|p2a: Electrode|Chloroblast|p1a: Charizard\n|-resisted|p1a: Charizard\n|-damage|p1a: Charizard|73\/100\n|-damage|p2a: Electrode|0 fnt|[from] Recoil\n|faint|p2a: Electrode\n|move|p1a: Charizard|Weather Ball|p2: Electrode|[notarget]\n|-fail|p1a: Charizard\n|\n|-weather|SunnyDay|[upkeep]\n|upkeep\n|\n|t:|1700540042\n|switch|p2a: Wrath|Urshifu-Rapid-Strike, F|100\/100\n|-damage|p2a: Wrath|94\/100|[from] Stealth Rock\n|turn|12\n|\n|t:|1700540053\n|move|p2a: Wrath|U-turn|p1a: Charizard\n|-resisted|p1a: Charizard\n|-damage|p1a: Charizard|64\/100\n|\n|t:|1700540056\n|switch|p2a: Gluttony|Dondozo, F|100\/100|[from] U-turn\n|-damage|p2a: Gluttony|88\/100|[from] Stealth Rock\n|move|p1a: Charizard|Solar Beam||[still]\n|-prepare|p1a: Charizard|Solar Beam\n|-anim|p1a: Charizard|Solar Beam|p2a: Gluttony\n|-supereffective|p2a: Gluttony\n|-damage|p2a: Gluttony|0 fnt\n|faint|p2a: Gluttony\n|\n|-weather|SunnyDay|[upkeep]\n|-fieldend|move: Grassy Terrain\n|upkeep\n|\n|t:|1700540063\n|switch|p2a: Wrath|Urshifu-Rapid-Strike, F|94\/100\n|-damage|p2a: Wrath|88\/100|[from] Stealth Rock\n|turn|13\n|\n|t:|1700540069\n|switch|p1a: Zapdos|Zapdos|85\/100\n|move|p2a: Wrath|Surging Strikes|p1a: Zapdos\n|-crit|p1a: Zapdos\n|-damage|p1a: Zapdos|74\/100\n|-crit|p1a: Zapdos\n|-damage|p1a: Zapdos|64\/100\n|-crit|p1a: Zapdos\n|-damage|p1a: Zapdos|54\/100\n|-hitcount|p1a: Zapdos|3\n|\n|-weather|SunnyDay|[upkeep]\n|upkeep\n|turn|14\n|\n|t:|1700540080\n|switch|p2a: Pride|Tapu Bulu, shiny|82\/100 tox\n|-damage|p2a: Pride|70\/100 tox|[from] Stealth Rock\n|-fieldstart|move: Grassy Terrain|[from] ability: Grassy Surge|[of] p2a: Pride\n|move|p1a: Zapdos|Roost|p1a: Zapdos\n|-heal|p1a: Zapdos|100\/100\n|-singleturn|p1a: Zapdos|move: Roost\n|\n|-weather|SunnyDay|[upkeep]\n|-heal|p2a: Pride|76\/100 tox|[from] Grassy Terrain\n|-heal|p2a: Pride|82\/100 tox|[from] item: Leftovers\n|-damage|p2a: Pride|76\/100 tox|[from] psn\n|upkeep\n|turn|15\n|\n|t:|1700540091\n|move|p1a: Zapdos|Hurricane|p2a: Pride|[miss]\n|-miss|p1a: Zapdos|p2a: Pride\n|move|p2a: Pride|Horn Leech|p1a: Zapdos\n|-resisted|p1a: Zapdos\n|-damage|p1a: Zapdos|71\/100\n|-heal|p2a: Pride|93\/100 tox|[from] drain|[of] p1a: Zapdos\n|\n|-weather|none\n|-heal|p2a: Pride|99\/100 tox|[from] Grassy Terrain\n|-heal|p2a: Pride|100\/100 tox|[from] item: Leftovers\n|-damage|p2a: Pride|88\/100 tox|[from] psn\n|upkeep\n|turn|16\n|\n|t:|1700540104\n|-terastallize|p1a: Zapdos|Steel\n|move|p1a: Zapdos|Hurricane|p2a: Pride\n|-supereffective|p2a: Pride\n|-damage|p2a: Pride|0 fnt\n|faint|p2a: Pride\n|\n|-heal|p1a: Zapdos|77\/100|[from] Grassy Terrain\n|upkeep\n|\n|t:|1700540110\n|switch|p2a: Greed|Sneasler, F, shiny|100\/100\n|-damage|p2a: Greed|95\/100|[from] Stealth Rock\n|-enditem|p2a: Greed|Grassy Seed\n|-boost|p2a: Greed|def|1|[from] item: Grassy Seed\n|turn|17\n|\n|t:|1700540119\n|-terastallize|p2a: Greed|Flying\n|move|p2a: Greed|Swords Dance|p2a: Greed\n|-boost|p2a: Greed|atk|2\n|move|p1a: Zapdos|Hurricane|p2a: Greed\n|-damage|p2a: Greed|30\/100\n|\n|-heal|p1a: Zapdos|83\/100|[from] Grassy Terrain\n|upkeep\n|turn|18\n|\n|t:|1700540127\n|move|p2a: Greed|Close Combat|p1a: Zapdos\n|-supereffective|p1a: Zapdos\n|-damage|p1a: Zapdos|0 fnt\n|-unboost|p2a: Greed|def|1\n|-unboost|p2a: Greed|spd|1\n|faint|p1a: Zapdos\n|\n|-fieldend|move: Grassy Terrain\n|upkeep\n|\n|t:|1700540136\n|switch|p1a: Charizard|Charizard-Mega-Y, F|64\/100\n|-weather|SunnyDay|[from] ability: Drought|[of] p1a: Charizard\n|turn|19\n|\n|t:|1700540140\n|move|p2a: Greed|Acrobatics|p1a: Charizard\n|-damage|p1a: Charizard|0 fnt\n|faint|p1a: Charizard\n|\n|-weather|SunnyDay|[upkeep]\n|upkeep\n|\n|t:|1700540142\n|switch|p1a: Dragonite|Dragonite, M|100\/100\n|turn|20\n|\n|t:|1700540150\n|move|p2a: Greed|Dire Claw|p1a: Dragonite\n|-damage|p1a: Dragonite|50\/100\n|-zpower|p1a: Dragonite\n|move|p1a: Dragonite|Supersonic Skystrike|p2a: Greed|[zeffect]\n|-damage|p2a: Greed|0 fnt\n|faint|p2a: Greed\n|\n|-weather|SunnyDay|[upkeep]\n|upkeep\n|\n|t:|1700540157\n|switch|p2a: Wrath|Urshifu-Rapid-Strike, F|88\/100\n|-damage|p2a: Wrath|82\/100|[from] Stealth Rock\n|turn|21\n|\n|t:|1700540169\n|move|p1a: Dragonite|Extreme Speed|p2a: Wrath\n|-damage|p2a: Wrath|53\/100\n|move|p2a: Wrath|Surging Strikes|p1a: Dragonite\n|-resisted|p1a: Dragonite\n|-crit|p1a: Dragonite\n|-damage|p1a: Dragonite|45\/100\n|-resisted|p1a: Dragonite\n|-crit|p1a: Dragonite\n|-damage|p1a: Dragonite|40\/100\n|-resisted|p1a: Dragonite\n|-crit|p1a: Dragonite\n|-damage|p1a: Dragonite|35\/100\n|-hitcount|p1a: Dragonite|3\n|\n|-weather|SunnyDay|[upkeep]\n|upkeep\n|turn|22\n|\n|t:|1700540181\n|move|p1a: Dragonite|Extreme Speed|p2a: Wrath\n|-damage|p2a: Wrath|20\/100\n|move|p2a: Wrath|Surging Strikes|p1a: Dragonite\n|-resisted|p1a: Dragonite\n|-crit|p1a: Dragonite\n|-damage|p1a: Dragonite|29\/100\n|-resisted|p1a: Dragonite\n|-crit|p1a: Dragonite\n|-damage|p1a: Dragonite|23\/100\n|-resisted|p1a: Dragonite\n|-crit|p1a: Dragonite\n|-damage|p1a: Dragonite|18\/100\n|-hitcount|p1a: Dragonite|3\n|\n|-weather|SunnyDay|[upkeep]\n|upkeep\n|turn|23\n|\n|t:|1700540185\n|move|p1a: Dragonite|Extreme Speed|p2a: Wrath\n|-damage|p2a: Wrath|0 fnt\n|faint|p2a: Wrath\n|\n|win|yxyyfxd\n|raw|yxyyfxd's rating: 1476 &rarr; <strong>1498<\/strong><br \/>(+22 for winning)\n|raw|thagreatbuffalo's rating: 1515 &rarr; <strong>1493<\/strong><br \/>(-22 for losing)\n|l|\u2606thagreatbuffalo\n","uploadtime":1700540203,"views":1,"p1id":"yxyyfxd","p2id":"thagreatbuffalo","formatid":"gen9nationaldex","rating":1493,"private":0,"password":""}