{"id":"gen9nationaldex-1989056523","p1":"FlosOlean","p2":"SachiIroNoOneRoom","format":"[Gen 9] National Dex","log":"|j|\u2606FlosOlean\n|j|\u2606SachiIroNoOneRoom\n|t:|1699807349\n|gametype|singles\n|player|p1|FlosOlean|pokemonbreederf-gen4|1121\n|player|p2|SachiIroNoOneRoom|dawn|1234\n|teamsize|p1|6\n|teamsize|p2|6\n|gen|9\n|tier|[Gen 9] National Dex\n|rated|\n|rule|HP Percentage Mod: HP is shown in percentages\n|rule|Endless Battle Clause: Forcing endless battles is banned\n|rule|OHKO Clause: OHKO moves are banned\n|rule|Evasion Clause: Evasion abilities, items, and moves are banned\n|rule|Evasion Abilities Clause: Evasion abilities are banned\n|rule|Evasion Items Clause: Evasion items are banned\n|rule|Evasion Moves Clause: Evasion moves are banned\n|rule|Species Clause: Limit one of each Pok\u00e9mon\n|rule|Sleep Clause Mod: Limit one foe put to sleep\n|clearpoke\n|poke|p1|Scizor, F|\n|poke|p1|Skarmory, M|\n|poke|p1|Ferrothorn, M|\n|poke|p1|Aron, L1, M|\n|poke|p1|Excadrill, F|\n|poke|p1|Heatran, M|\n|poke|p2|Charizard, F|\n|poke|p2|Rotom-Wash|\n|poke|p2|Tyranitar, M|\n|poke|p2|Excadrill, M|\n|poke|p2|Breloom, M|\n|poke|p2|Tapu Lele|\n|teampreview\n|\n|t:|1699807366\n|start\n|switch|p1a: Scizor|Scizor, F|100\/100\n|switch|p2a: Rotom|Rotom-Wash|100\/100\n|turn|1\n|\n|t:|1699807371\n|detailschange|p1a: Scizor|Scizor-Mega, F\n|-mega|p1a: Scizor|Scizor|Scizorite\n|move|p2a: Rotom|Will-O-Wisp|p1a: Scizor\n|-status|p1a: Scizor|brn\n|move|p1a: Scizor|Swords Dance|p1a: Scizor\n|-boost|p1a: Scizor|atk|2\n|\n|-damage|p1a: Scizor|94\/100 brn|[from] brn\n|upkeep\n|turn|2\n|\n|t:|1699807376\n|move|p2a: Rotom|Volt Switch|p1a: Scizor\n|-damage|p1a: Scizor|61\/100 brn\n|\n|t:|1699807379\n|switch|p2a: Charizard|Charizard, F|100\/100|[from] Volt Switch\n|move|p1a: Scizor|Swords Dance|p1a: Scizor\n|-boost|p1a: Scizor|atk|2\n|\n|-damage|p1a: Scizor|55\/100 brn|[from] brn\n|upkeep\n|turn|3\n|\n|t:|1699807384\n|detailschange|p2a: Charizard|Charizard-Mega-Y, F\n|-mega|p2a: Charizard|Charizard|Charizardite Y\n|-weather|SunnyDay|[from] ability: Drought|[of] p2a: Charizard\n|move|p1a: Scizor|Bullet Punch|p2a: Charizard\n|-resisted|p2a: Charizard\n|-damage|p2a: Charizard|63\/100\n|move|p2a: Charizard|Weather Ball|p1a: Scizor\n|-supereffective|p1a: Scizor\n|-damage|p1a: Scizor|0 fnt\n|faint|p1a: Scizor\n|\n|-weather|SunnyDay|[upkeep]\n|upkeep\n|\n|t:|1699807391\n|switch|p1a: RUN|Aron, L1, M, shiny|100\/100\n|turn|4\n|\n|t:|1699807404\n|move|p2a: Charizard|Weather Ball|p1a: RUN\n|-ability|p1a: RUN|Sturdy\n|-damage|p1a: RUN|9\/100\n|move|p1a: RUN|Endeavor|p2a: Charizard\n|-damage|p2a: Charizard|1\/100\n|-heal|p1a: RUN|100\/100|[from] item: Shell Bell|[of] p2a: Charizard\n|\n|-weather|SunnyDay|[upkeep]\n|upkeep\n|turn|5\n|\n|t:|1699807410\n|switch|p1a: Heatran|Heatran, M|100\/100\n|-item|p1a: Heatran|Air Balloon\n|move|p2a: Charizard|Roost|p2a: Charizard\n|-heal|p2a: Charizard|51\/100\n|-singleturn|p2a: Charizard|move: Roost\n|\n|-weather|SunnyDay|[upkeep]\n|upkeep\n|turn|6\n|\n|t:|1699807417\n|switch|p2a: Tyranitar|Tyranitar, M|100\/100\n|-weather|Sandstorm|[from] ability: Sand Stream|[of] p2a: Tyranitar\n|move|p1a: Heatran|Rock Slide|p2a: Tyranitar\n|-damage|p2a: Tyranitar|90\/100\n|\n|-weather|Sandstorm|[upkeep]\n|upkeep\n|turn|7\n|\n|t:|1699807427\n|-activate|p1a: Heatran|move: Pursuit\n|move|p2a: Tyranitar|Pursuit|p1a: Heatran|[from]Pursuit\n|-damage|p1a: Heatran|62\/100\n|-enditem|p1a: Heatran|Air Balloon\n|switch|p1a: Ferrothorn|Ferrothorn, M|100\/100\n|\n|-weather|Sandstorm|[upkeep]\n|upkeep\n|turn|8\n|\n|t:|1699807442\n|switch|p2a: Charizard|Charizard-Mega-Y, F|51\/100\n|-weather|SunnyDay|[from] ability: Drought|[of] p2a: Charizard\n|move|p1a: Ferrothorn|Leech Seed|p2a: Charizard\n|-start|p2a: Charizard|move: Leech Seed\n|\n|-weather|SunnyDay|[upkeep]\n|-damage|p2a: Charizard|38\/100|[from] Leech Seed|[of] p1a: Ferrothorn\n|upkeep\n|turn|9\n|\n|t:|1699807449\n|switch|p1a: RUN|Aron, L1, M, shiny|100\/100\n|move|p2a: Charizard|Roost|p2a: Charizard\n|-heal|p2a: Charizard|88\/100\n|-singleturn|p2a: Charizard|move: Roost\n|\n|-weather|SunnyDay|[upkeep]\n|-damage|p2a: Charizard|76\/100|[from] Leech Seed|[of] p1a: RUN\n|upkeep\n|turn|10\n|\n|t:|1699807461\n|switch|p2a: Breloom|Breloom, M|100\/100\n|move|p1a: RUN|Sandstorm|p1a: RUN\n|-weather|Sandstorm\n|\n|-weather|Sandstorm|[upkeep]\n|-damage|p2a: Breloom|94\/100|[from] Sandstorm\n|-status|p2a: Breloom|tox|[from] item: Toxic Orb\n|upkeep\n|turn|11\n|\n|t:|1699807467\n|move|p2a: Breloom|Substitute|p2a: Breloom\n|-start|p2a: Breloom|Substitute\n|-damage|p2a: Breloom|69\/100 tox\n|move|p1a: RUN|Endeavor|p2a: Breloom\n|-end|p2a: Breloom|Substitute\n|\n|-weather|Sandstorm|[upkeep]\n|-damage|p2a: Breloom|63\/100 tox|[from] Sandstorm\n|-heal|p2a: Breloom|76\/100 tox|[from] ability: Poison Heal\n|upkeep\n|turn|12\n|\n|t:|1699807470\n|move|p2a: Breloom|Spore|p1a: RUN\n|-status|p1a: RUN|slp|[from] move: Spore\n|cant|p1a: RUN|slp\n|\n|-weather|Sandstorm|[upkeep]\n|-damage|p2a: Breloom|69\/100 tox|[from] Sandstorm\n|-heal|p2a: Breloom|82\/100 tox|[from] ability: Poison Heal\n|upkeep\n|turn|13\n|\n|t:|1699807478\n|switch|p1a: Skarmory|Skarmory, M|100\/100\n|move|p2a: Breloom|Substitute|p2a: Breloom\n|-start|p2a: Breloom|Substitute\n|-damage|p2a: Breloom|57\/100 tox\n|\n|-weather|Sandstorm|[upkeep]\n|-damage|p2a: Breloom|51\/100 tox|[from] Sandstorm\n|-heal|p2a: Breloom|63\/100 tox|[from] ability: Poison Heal\n|upkeep\n|turn|14\n|\n|t:|1699807507\n|-singleturn|p2a: Breloom|move: Focus Punch\n|move|p1a: Skarmory|Brave Bird|p2a: Breloom\n|-supereffective|p2a: Breloom\n|-end|p2a: Breloom|Substitute\n|-damage|p1a: Skarmory|92\/100|[from] Recoil|[of] p2a: Breloom\n|move|p2a: Breloom|Focus Punch|p1a: Skarmory\n|-damage|p1a: Skarmory|48\/100\n|-damage|p2a: Breloom|47\/100 tox|[from] item: Rocky Helmet|[of] p1a: Skarmory\n|\n|-weather|none\n|-heal|p2a: Breloom|59\/100 tox|[from] ability: Poison Heal\n|upkeep\n|turn|15\n|\n|t:|1699807516\n|switch|p2a: Rotom|Rotom-Wash|100\/100\n|move|p1a: Skarmory|Roost|p1a: Skarmory\n|-heal|p1a: Skarmory|98\/100\n|-singleturn|p1a: Skarmory|move: Roost\n|\n|upkeep\n|turn|16\n|\n|t:|1699807526\n|switch|p1a: Ferrothorn|Ferrothorn, M|100\/100\n|move|p2a: Rotom|Volt Switch|p1a: Ferrothorn\n|-resisted|p1a: Ferrothorn\n|-damage|p1a: Ferrothorn|89\/100\n|\n|t:|1699807531\n|switch|p2a: Charizard|Charizard-Mega-Y, F|76\/100|[from] Volt Switch\n|-weather|SunnyDay|[from] ability: Drought|[of] p2a: Charizard\n|\n|-weather|SunnyDay|[upkeep]\n|-heal|p1a: Ferrothorn|95\/100|[from] item: Leftovers\n|upkeep\n|turn|17\n|inactive|Battle timer is ON: inactive players will automatically lose when time's up. (requested by SachiIroNoOneRoom)\n|\n|t:|1699807539\n|switch|p1a: Heatran|Heatran, M|62\/100\n|move|p2a: Charizard|Weather Ball|p1a: Heatran\n|-start|p1a: Heatran|ability: Flash Fire\n|\n|-weather|SunnyDay|[upkeep]\n|upkeep\n|turn|18\n|\n|t:|1699807545\n|switch|p2a: Tyranitar|Tyranitar, M|90\/100\n|-weather|Sandstorm|[from] ability: Sand Stream|[of] p2a: Tyranitar\n|move|p1a: Heatran|Rock Slide|p2a: Tyranitar\n|-damage|p2a: Tyranitar|80\/100\n|\n|-weather|Sandstorm|[upkeep]\n|upkeep\n|turn|19\n|\n|t:|1699807561\n|-activate|p1a: Heatran|move: Pursuit\n|move|p2a: Tyranitar|Pursuit|p1a: Heatran|[from]Pursuit\n|-damage|p1a: Heatran|24\/100\n|-end|p1a: Heatran|ability: Flash Fire|[silent]\n|switch|p1a: Excadrill|Excadrill, F|100\/100\n|\n|-weather|Sandstorm|[upkeep]\n|upkeep\n|turn|20\n|\n|t:|1699807575\n|switch|p2a: Charizard|Charizard-Mega-Y, F|76\/100\n|-weather|SunnyDay|[from] ability: Drought|[of] p2a: Charizard\n|-terastallize|p1a: Excadrill|Ground\n|move|p1a: Excadrill|Earthquake|p2a: Charizard\n|-immune|p2a: Charizard\n|\n|-weather|SunnyDay|[upkeep]\n|upkeep\n|turn|21\n|\n|t:|1699807582\n|switch|p1a: Heatran|Heatran, M|24\/100\n|move|p2a: Charizard|Solar Beam||[still]\n|-prepare|p2a: Charizard|Solar Beam\n|-anim|p2a: Charizard|Solar Beam|p1a: Heatran\n|-resisted|p1a: Heatran\n|-damage|p1a: Heatran|14\/100\n|\n|-weather|SunnyDay|[upkeep]\n|upkeep\n|turn|22\n|\n|t:|1699807590\n|move|p2a: Charizard|Air Slash|p1a: Heatran\n|-resisted|p1a: Heatran\n|-damage|p1a: Heatran|0 fnt\n|faint|p1a: Heatran\n|\n|-weather|SunnyDay|[upkeep]\n|upkeep\n|\n|t:|1699807595\n|switch|p1a: RUN|Aron, L1, M, shiny|100\/100 slp\n|turn|23\n|\n|t:|1699807598\n|move|p2a: Charizard|Weather Ball|p1a: RUN\n|-ability|p1a: RUN|Sturdy\n|-damage|p1a: RUN|9\/100 slp\n|cant|p1a: RUN|slp\n|\n|-weather|SunnyDay|[upkeep]\n|upkeep\n|turn|24\n|-message|FlosOlean forfeited.\n|\n|win|SachiIroNoOneRoom\n|raw|FlosOlean's rating: 1121 &rarr; <strong>1104<\/strong><br \/>(-17 for losing)\n|raw|SachiIroNoOneRoom's rating: 1234 &rarr; <strong>1251<\/strong><br \/>(+17 for winning)\n|l|\u2606FlosOlean\n","uploadtime":1699807617,"views":7,"p1id":"flosolean","p2id":"sachiironooneroom","formatid":"gen9nationaldex","rating":1104,"private":0,"password":""}