{"id":"gen9nationaldex-1990081126","p1":"mtyqjltz4","p2":"bubulangte","format":"[Gen 9] National Dex","log":"|j|\u2606mtyqjltz4\n|j|\u2606bubulangte\n|t:|1699922506\n|gametype|singles\n|player|p1|mtyqjltz4|elesa|1458\n|player|p2|bubulangte|clair|1555\n|teamsize|p1|6\n|teamsize|p2|6\n|gen|9\n|tier|[Gen 9] National Dex\n|rated|\n|rule|HP Percentage Mod: HP is shown in percentages\n|rule|Endless Battle Clause: Forcing endless battles is banned\n|rule|OHKO Clause: OHKO moves are banned\n|rule|Evasion Clause: Evasion abilities, items, and moves are banned\n|rule|Evasion Abilities Clause: Evasion abilities are banned\n|rule|Evasion Items Clause: Evasion items are banned\n|rule|Evasion Moves Clause: Evasion moves are banned\n|rule|Species Clause: Limit one of each Pok\u00e9mon\n|rule|Sleep Clause Mod: Limit one foe put to sleep\n|clearpoke\n|poke|p1|Beedrill, M|\n|poke|p1|Chansey, F|\n|poke|p1|Garchomp, M|\n|poke|p1|Urshifu-*, M|\n|poke|p1|Volcarona, M|\n|poke|p1|Zapdos|\n|poke|p2|Banette, M|\n|poke|p2|Rillaboom, F|\n|poke|p2|Heatran, F|\n|poke|p2|Ogerpon-Wellspring, F|\n|poke|p2|Zapdos|\n|poke|p2|Garchomp, F|\n|teampreview\n|inactive|Battle timer is ON: inactive players will automatically lose when time's up. (requested by bubulangte)\n|\n|t:|1699922532\n|start\n|switch|p1a: Garchomp|Garchomp, M, shiny|100\/100\n|switch|p2a: Zapdos|Zapdos|100\/100\n|turn|1\n|\n|t:|1699922543\n|switch|p2a: Banette|Banette, M|100\/100\n|move|p1a: Garchomp|Swords Dance|p1a: Garchomp\n|-boost|p1a: Garchomp|atk|2\n|\n|upkeep\n|turn|2\n|\n|t:|1699922548\n|detailschange|p2a: Banette|Banette-Mega, M\n|-mega|p2a: Banette|Banette|Banettite\n|move|p2a: Banette|Encore|p1a: Garchomp\n|-start|p1a: Garchomp|Encore\n|move|p1a: Garchomp|Swords Dance|p1a: Garchomp\n|-boost|p1a: Garchomp|atk|2\n|\n|upkeep\n|turn|3\n|\n|t:|1699922555\n|switch|p1a: Chansey|Chansey, F|100\/100\n|move|p2a: Banette|Poltergeist|p1a: Chansey\n|-immune|p1a: Chansey\n|\n|upkeep\n|turn|4\n|\n|t:|1699922562\n|switch|p2a: Garchomp|Garchomp, F|100\/100\n|move|p1a: Chansey|Toxic|p2a: Garchomp|[miss]\n|-miss|p1a: Chansey|p2a: Garchomp\n|\n|upkeep\n|turn|5\n|\n|t:|1699922580\n|switch|p1a: Garchomp|Garchomp, M, shiny|100\/100\n|move|p2a: Garchomp|Stealth Rock|p1a: Garchomp\n|-sidestart|p1: mtyqjltz4|move: Stealth Rock\n|\n|upkeep\n|turn|6\n|\n|t:|1699922587\n|-zpower|p2a: Garchomp\n|move|p2a: Garchomp|Devastating Drake|p1a: Garchomp|[zeffect]\n|-supereffective|p1a: Garchomp\n|-damage|p1a: Garchomp|0 fnt\n|faint|p1a: Garchomp\n|\n|upkeep\n|inactive|mtyqjltz4 has 120 seconds left.\n|\n|t:|1699922621\n|switch|p1a: Zapdos|Zapdos|100\/100\n|turn|7\n|\n|t:|1699922624\n|move|p2a: Garchomp|Swords Dance|p2a: Garchomp\n|-boost|p2a: Garchomp|atk|2\n|move|p1a: Zapdos|Hurricane|p2a: Garchomp|[miss]\n|-miss|p1a: Zapdos|p2a: Garchomp\n|\n|upkeep\n|turn|8\n|inactive|mtyqjltz4 has 120 seconds left.\n|inactive|mtyqjltz4 has 90 seconds left.\n|c|\u2606mtyqjltz4|\u884c\uff0c\u6280\u80fdmiss\uff0c\u62fc\u901f\u4e5f\u6ca1\u62fc\u8fc7\uff0c\u53ef\u4ee5\u653e\u751f\u4e86\u90fd\n|\n|t:|1699922677\n|move|p2a: Garchomp|Outrage|p1a: Zapdos\n|-damage|p1a: Zapdos|18\/100\n|move|p1a: Zapdos|Hurricane|p2a: Garchomp\n|-damage|p2a: Garchomp|49\/100\n|\n|upkeep\n|turn|9\n|inactive|mtyqjltz4 has 90 seconds left.\n|\n|t:|1699922690\n|move|p2a: Garchomp|Outrage|p1a: Zapdos|[from]lockedmove\n|-damage|p1a: Zapdos|0 fnt\n|-status|p2a: Garchomp|par|[from] ability: Static|[of] p1a: Zapdos\n|faint|p1a: Zapdos\n|-start|p2a: Garchomp|confusion|[fatigue]\n|\n|upkeep\n|inactive|mtyqjltz4 has 90 seconds left.\n|\n|t:|1699922695\n|switch|p1a: Urshifu|Urshifu-Rapid-Strike, M|100\/100\n|-damage|p1a: Urshifu|94\/100|[from] Stealth Rock\n|turn|10\n|inactive|mtyqjltz4 has 90 seconds left.\n|\n|t:|1699922712\n|move|p1a: Urshifu|Surging Strikes|p2a: Garchomp\n|-crit|p2a: Garchomp\n|-damage|p2a: Garchomp|24\/100 par\n|-crit|p2a: Garchomp\n|-damage|p2a: Garchomp|4\/100 par\n|-crit|p2a: Garchomp\n|-damage|p2a: Garchomp|0 fnt\n|faint|p2a: Garchomp\n|-hitcount|p2: Garchomp|3\n|\n|upkeep\n|\n|t:|1699922724\n|switch|p2a: Rillaboom|Rillaboom, F|100\/100\n|-fieldstart|move: Grassy Terrain|[from] ability: Grassy Surge|[of] p2a: Rillaboom\n|turn|11\n|inactive|mtyqjltz4 has 90 seconds left.\n|\n|t:|1699922738\n|-terastallize|p1a: Urshifu|Grass\n|-terastallize|p2a: Rillaboom|Grass\n|move|p1a: Urshifu|Trailblaze|p2a: Rillaboom\n|-resisted|p2a: Rillaboom\n|-damage|p2a: Rillaboom|81\/100\n|-boost|p1a: Urshifu|spe|1\n|move|p2a: Rillaboom|Wood Hammer|p1a: Urshifu\n|-resisted|p1a: Urshifu\n|-damage|p1a: Urshifu|15\/100\n|-damage|p2a: Rillaboom|55\/100|[from] Recoil\n|\n|-heal|p1a: Urshifu|21\/100|[from] Grassy Terrain\n|-heal|p2a: Rillaboom|61\/100|[from] Grassy Terrain\n|upkeep\n|turn|12\n|inactive|mtyqjltz4 has 90 seconds left.\n|\n|t:|1699922753\n|switch|p2a: Zapdos|Zapdos|100\/100\n|move|p1a: Urshifu|Close Combat|p2a: Zapdos\n|-resisted|p2a: Zapdos\n|-damage|p2a: Zapdos|78\/100\n|-unboost|p1a: Urshifu|def|1\n|-unboost|p1a: Urshifu|spd|1\n|\n|-heal|p1a: Urshifu|27\/100|[from] Grassy Terrain\n|upkeep\n|turn|13\n|inactive|mtyqjltz4 has 90 seconds left.\n|\n|t:|1699922760\n|move|p1a: Urshifu|Surging Strikes|p2a: Zapdos\n|-crit|p2a: Zapdos\n|-damage|p2a: Zapdos|62\/100\n|-crit|p2a: Zapdos\n|-damage|p2a: Zapdos|47\/100\n|-crit|p2a: Zapdos\n|-damage|p2a: Zapdos|31\/100\n|-hitcount|p2a: Zapdos|3\n|move|p2a: Zapdos|Discharge|p1a: Urshifu\n|-resisted|p1a: Urshifu\n|-damage|p1a: Urshifu|0 fnt\n|faint|p1a: Urshifu\n|\n|upkeep\n|inactive|mtyqjltz4 has 90 seconds left.\n|\n|t:|1699922775\n|switch|p1a: Volcarona|Volcarona, M, shiny|100\/100\n|turn|14\n|inactive|mtyqjltz4 has 90 seconds left.\n|\n|t:|1699922781\n|move|p1a: Volcarona|Flamethrower|p2a: Zapdos\n|-damage|p2a: Zapdos|0 fnt\n|faint|p2a: Zapdos\n|\n|upkeep\n|\n|t:|1699922788\n|switch|p2a: Ogerpon|Ogerpon-Wellspring, F|100\/100\n|turn|15\n|\n|t:|1699922802\n|move|p2a: Ogerpon|Ivy Cudgel|p1a: Volcarona\n|-supereffective|p1a: Volcarona\n|-damage|p1a: Volcarona|0 fnt\n|faint|p1a: Volcarona\n|\n|-fieldend|move: Grassy Terrain\n|upkeep\n|\n|t:|1699922804\n|switch|p1a: Beedrill|Beedrill, M|100\/100\n|-damage|p1a: Beedrill|76\/100|[from] Stealth Rock\n|turn|16\n|\n|t:|1699922820\n|detailschange|p1a: Beedrill|Beedrill-Mega, M\n|-mega|p1a: Beedrill|Beedrill|Beedrillite\n|move|p1a: Beedrill|Poison Jab|p2a: Ogerpon\n|-supereffective|p2a: Ogerpon\n|-damage|p2a: Ogerpon|0 fnt\n|faint|p2a: Ogerpon\n|\n|upkeep\n|\n|t:|1699922823\n|switch|p2a: Rillaboom|Rillaboom, F, tera:Grass|61\/100\n|-fieldstart|move: Grassy Terrain|[from] ability: Grassy Surge|[of] p2a: Rillaboom\n|turn|17\n|\n|t:|1699922828\n|move|p2a: Rillaboom|Grassy Glide|p1a: Beedrill\n|-resisted|p1a: Beedrill\n|-damage|p1a: Beedrill|20\/100\n|move|p1a: Beedrill|Poison Jab|p2a: Rillaboom\n|-supereffective|p2a: Rillaboom\n|-damage|p2a: Rillaboom|0 fnt\n|faint|p2a: Rillaboom\n|\n|-heal|p1a: Beedrill|26\/100|[from] Grassy Terrain\n|upkeep\n|\n|t:|1699922832\n|switch|p2a: Banette|Banette-Mega, M|100\/100\n|turn|18\n|\n|t:|1699922835\n|move|p2a: Banette|Shadow Sneak|p1a: Beedrill\n|-damage|p1a: Beedrill|0 fnt\n|faint|p1a: Beedrill\n|\n|upkeep\n|\n|t:|1699922838\n|switch|p1a: Chansey|Chansey, F|100\/100\n|-damage|p1a: Chansey|88\/100|[from] Stealth Rock\n|turn|19\n|\n|t:|1699922840\n|switch|p2a: Heatran|Heatran, F|100\/100\n|move|p1a: Chansey|Toxic|p2a: Heatran\n|-immune|p2a: Heatran\n|\n|-heal|p1a: Chansey|94\/100|[from] Grassy Terrain\n|upkeep\n|turn|20\n|\n|t:|1699922846\n|move|p2a: Heatran|Taunt|p1a: Chansey\n|-start|p1a: Chansey|move: Taunt\n|move|p1a: Chansey|Seismic Toss|p2a: Heatran\n|-damage|p2a: Heatran|75\/100\n|\n|-heal|p2a: Heatran|81\/100|[from] Grassy Terrain\n|-heal|p2a: Heatran|87\/100|[from] item: Leftovers\n|-heal|p1a: Chansey|99\/100|[from] Grassy Terrain\n|upkeep\n|turn|21\n|\n|t:|1699922848\n|move|p2a: Heatran|Magma Storm|p1a: Chansey\n|-damage|p1a: Chansey|88\/100\n|-activate|p1a: Chansey|move: Magma Storm|[of] p2a: Heatran\n|move|p1a: Chansey|Seismic Toss|p2a: Heatran\n|-damage|p2a: Heatran|61\/100\n|\n|-heal|p2a: Heatran|67\/100|[from] Grassy Terrain\n|-heal|p2a: Heatran|74\/100|[from] item: Leftovers\n|-heal|p1a: Chansey|94\/100|[from] Grassy Terrain\n|-damage|p1a: Chansey|82\/100|[from] move: Magma Storm|[partiallytrapped]\n|-fieldend|move: Grassy Terrain\n|upkeep\n|turn|22\n|\n|t:|1699922851\n|move|p2a: Heatran|Earth Power|p1a: Chansey\n|-damage|p1a: Chansey|74\/100\n|move|p1a: Chansey|Seismic Toss|p2a: Heatran\n|-damage|p2a: Heatran|48\/100\n|\n|-heal|p2a: Heatran|54\/100|[from] item: Leftovers\n|-damage|p1a: Chansey|62\/100|[from] move: Magma Storm|[partiallytrapped]\n|-end|p1a: Chansey|move: Taunt\n|upkeep\n|turn|23\n|\n|t:|1699922857\n|move|p2a: Heatran|Taunt|p1a: Chansey\n|-start|p1a: Chansey|move: Taunt\n|move|p1a: Chansey|Seismic Toss|p2a: Heatran\n|-damage|p2a: Heatran|28\/100\n|\n|-heal|p2a: Heatran|34\/100|[from] item: Leftovers\n|-damage|p1a: Chansey|49\/100|[from] move: Magma Storm|[partiallytrapped]\n|upkeep\n|turn|24\n|\n|t:|1699922860\n|move|p2a: Heatran|Magma Storm|p1a: Chansey\n|-damage|p1a: Chansey|35\/100\n|move|p1a: Chansey|Seismic Toss|p2a: Heatran\n|-damage|p2a: Heatran|8\/100\n|\n|-heal|p2a: Heatran|14\/100|[from] item: Leftovers\n|-damage|p1a: Chansey|23\/100|[from] move: Magma Storm|[partiallytrapped]\n|upkeep\n|turn|25\n|\n|t:|1699922869\n|move|p2a: Heatran|Earth Power|p1a: Chansey\n|-damage|p1a: Chansey|15\/100\n|move|p1a: Chansey|Seismic Toss|p2a: Heatran\n|-damage|p2a: Heatran|0 fnt\n|faint|p2a: Heatran\n|\n|-end|p1a: Chansey|Magma Storm|[partiallytrapped]\n|-end|p1a: Chansey|move: Taunt\n|upkeep\n|\n|t:|1699922875\n|switch|p2a: Banette|Banette-Mega, M|100\/100\n|turn|26\n|\n|t:|1699922881\n|move|p2a: Banette|Encore|p1a: Chansey\n|-start|p1a: Chansey|Encore\n|move|p1a: Chansey|Seismic Toss|p2a: Banette\n|-immune|p2a: Banette\n|\n|upkeep\n|turn|27\n|-message|bubulangte forfeited.\n|\n|win|mtyqjltz4\n|raw|mtyqjltz4's rating: 1458 &rarr; <strong>1483<\/strong><br \/>(+25 for winning)\n|raw|bubulangte's rating: 1555 &rarr; <strong>1530<\/strong><br \/>(-25 for losing)\n|l|\u2606bubulangte\n|c|\u2606mtyqjltz4|\u4f60\u4e0d\u4f1a\u6ca1\u5e26\u6076\u7cfb\u6280\u80fd\u5427\n","uploadtime":1699922914,"views":4,"p1id":"mtyqjltz4","p2id":"bubulangte","formatid":"gen9nationaldex","rating":1483,"private":0,"password":""}