{"id":"gen9nationaldex-1995714127","p1":"MrLukis","p2":"Torrente777","format":"[Gen 9] National Dex","log":"|html|<div class=\"broadcast-blue\"><strong>[Gen 9] National Dex is currently suspecting Sneasler! For information on how to participate check out the <a href=\"https:\/\/www.smogon.com\/forums\/threads\/sv-national-dex-suspect-8-just-dance.3731534\/\">suspect thread<\/a>.<\/strong><\/div>\n|j|\u2606MrLukis\n|j|\u2606Torrente777\n|t:|1700596336\n|gametype|singles\n|player|p1|MrLukis|hugh|\n|player|p2|Torrente777|biker-gen4|\n|teamsize|p1|6\n|teamsize|p2|6\n|gen|9\n|tier|[Gen 9] National Dex\n|rule|HP Percentage Mod: HP is shown in percentages\n|rule|Endless Battle Clause: Forcing endless battles is banned\n|rule|OHKO Clause: OHKO moves are banned\n|rule|Evasion Clause: Evasion abilities, items, and moves are banned\n|rule|Evasion Abilities Clause: Evasion abilities are banned\n|rule|Evasion Items Clause: Evasion items are banned\n|rule|Evasion Moves Clause: Evasion moves are banned\n|rule|Species Clause: Limit one of each Pok\u00e9mon\n|rule|Sleep Clause Mod: Limit one foe put to sleep\n|clearpoke\n|poke|p1|Golisopod, M|\n|poke|p1|Iron Moth|\n|poke|p1|Slither Wing|\n|poke|p1|Volcarona, F|\n|poke|p1|Heracross, M|\n|poke|p1|Scizor, M|\n|poke|p2|Kommo-o, F|\n|poke|p2|Gyarados, F|\n|poke|p2|Entei|\n|poke|p2|Kartana|\n|poke|p2|Muk-Alola, F|\n|poke|p2|Cofagrigus, F|\n|teampreview\n|inactive|Battle timer is ON: inactive players will automatically lose when time's up. (requested by MrLukis)\n|c|\u2606MrLukis|peor matchup imposible\n|\n|t:|1700596353\n|start\n|switch|p1a: Slither Wing|Slither Wing|100\/100\n|switch|p2a: Kartana|Kartana, shiny|100\/100\n|-enditem|p1a: Slither Wing|Booster Energy\n|-activate|p1a: Slither Wing|ability: Protosynthesis|[fromitem]\n|-start|p1a: Slither Wing|protosynthesisatk\n|turn|1\n|\n|t:|1700596369\n|switch|p2a: Cofagrigus|Cofagrigus, F, shiny|100\/100\n|move|p1a: Slither Wing|First Impression|p2a: Cofagrigus\n|-resisted|p2a: Cofagrigus\n|-damage|p2a: Cofagrigus|81\/100\n|\n|-heal|p2a: Cofagrigus|87\/100|[from] item: Leftovers\n|upkeep\n|turn|2\n|\n|t:|1700596379\n|-terastallize|p1a: Slither Wing|Electric\n|move|p1a: Slither Wing|Wild Charge|p2a: Cofagrigus\n|-damage|p2a: Cofagrigus|50\/100\n|-damage|p1a: Slither Wing|91\/100|[from] Recoil\n|move|p2a: Cofagrigus|Will-O-Wisp|p1a: Slither Wing\n|-status|p1a: Slither Wing|brn\n|\n|-heal|p2a: Cofagrigus|56\/100|[from] item: Leftovers\n|-damage|p1a: Slither Wing|85\/100 brn|[from] brn\n|upkeep\n|turn|3\n|c|\u2606MrLukis|hacemos la clasica\n|c|\u2606Torrente777|si\n|\n|t:|1700596398\n|-end|p1a: Slither Wing|Protosynthesis|[silent]\n|switch|p1a: Volcarona|Volcarona, F|100\/100\n|move|p2a: Cofagrigus|Hex|p1a: Volcarona\n|-damage|p1a: Volcarona|77\/100\n|\n|-heal|p2a: Cofagrigus|62\/100|[from] item: Leftovers\n|upkeep\n|turn|4\n|\n|t:|1700596410\n|switch|p2a: Gamba|Gyarados, F, shiny|100\/100\n|-ability|p2a: Gamba|Intimidate|boost\n|-unboost|p1a: Volcarona|atk|1\n|move|p1a: Volcarona|Overheat|p2a: Gamba\n|-resisted|p2a: Gamba\n|-damage|p2a: Gamba|45\/100\n|-unboost|p1a: Volcarona|spa|2\n|\n|upkeep\n|turn|5\n|c|\u2606MrLukis|te odio rng\n|inactive|Torrente777 has 270 seconds left.\n|\n|t:|1700596434\n|switch|p1a: Golisopod|Golisopod, M|100\/100\n|move|p2a: Gamba|Dragon Dance|p2a: Gamba\n|-boost|p2a: Gamba|atk|1\n|-boost|p2a: Gamba|spe|1\n|\n|upkeep\n|turn|6\n|\n|t:|1700596443\n|move|p1a: Golisopod|First Impression|p2a: Gamba\n|-resisted|p2a: Gamba\n|-damage|p2a: Gamba|13\/100\n|move|p2a: Gamba|Crunch|p1a: Golisopod\n|-damage|p1a: Golisopod|65\/100\n|\n|upkeep\n|turn|7\n|\n|t:|1700596454\n|switch|p2a: Cofagrigus|Cofagrigus, F, shiny|62\/100\n|move|p1a: Golisopod|Aqua Jet|p2a: Cofagrigus\n|-crit|p2a: Cofagrigus\n|-damage|p2a: Cofagrigus|39\/100\n|-activate|p2a: Cofagrigus|ability: Mummy|Emergency Exit|[of] p1a: Golisopod\n|\n|-heal|p2a: Cofagrigus|45\/100|[from] item: Leftovers\n|upkeep\n|turn|8\n|\n|t:|1700596464\n|switch|p1a: Iron Moth|Iron Moth|100\/100\n|-enditem|p1a: Iron Moth|Booster Energy\n|-activate|p1a: Iron Moth|ability: Quark Drive|[fromitem]\n|-start|p1a: Iron Moth|quarkdrivespa\n|move|p2a: Cofagrigus|Will-O-Wisp|p1a: Iron Moth|[miss]\n|-miss|p2a: Cofagrigus|p1a: Iron Moth\n|\n|-heal|p2a: Cofagrigus|51\/100|[from] item: Leftovers\n|upkeep\n|turn|9\n|c|\u2606MrLukis|vamos a ser inteligentes\n|\n|t:|1700596477\n|move|p1a: Iron Moth|Overheat|p2a: Cofagrigus\n|-damage|p2a: Cofagrigus|0 fnt\n|-unboost|p1a: Iron Moth|spa|2\n|faint|p2a: Cofagrigus\n|\n|upkeep\n|\n|t:|1700596491\n|switch|p2a: Kommo-o|Kommo-o, F|100\/100\n|turn|10\n|\n|t:|1700596494\n|move|p1a: Iron Moth|Sludge Wave|p2a: Kommo-o\n|-damage|p2a: Kommo-o|63\/100\n|move|p2a: Kommo-o|Dragon Dance|p2a: Kommo-o\n|-boost|p2a: Kommo-o|atk|1\n|-boost|p2a: Kommo-o|spe|1\n|\n|upkeep\n|turn|11\n|\n|t:|1700596503\n|move|p2a: Kommo-o|Earthquake|p1a: Iron Moth\n|-supereffective|p1a: Iron Moth\n|-damage|p1a: Iron Moth|0 fnt\n|faint|p1a: Iron Moth\n|-end|p1a: Iron Moth|Quark Drive|[silent]\n|-damage|p2a: Kommo-o|53\/100|[from] item: Life Orb\n|\n|upkeep\n|c|\u2606MrLukis|no si aqui el veneno esta de adorno...\n|\n|t:|1700596508\n|switch|p1a: Scizor|Scizor, M|100\/100\n|turn|12\n|\n|t:|1700596515\n|detailschange|p1a: Scizor|Scizor-Mega, M\n|-mega|p1a: Scizor|Scizor|Scizorite\n|move|p1a: Scizor|Bullet Punch|p2a: Kommo-o\n|-damage|p2a: Kommo-o|20\/100\n|move|p2a: Kommo-o|Earthquake|p1a: Scizor\n|-damage|p1a: Scizor|54\/100\n|-damage|p2a: Kommo-o|10\/100|[from] item: Life Orb\n|\n|upkeep\n|turn|13\n|\n|t:|1700596523\n|move|p1a: Scizor|Bullet Punch|p2a: Kommo-o\n|-damage|p2a: Kommo-o|0 fnt\n|faint|p2a: Kommo-o\n|\n|upkeep\n|c|\u2606Torrente777|y la defensa de ese bicho\n|\n|t:|1700596532\n|switch|p2a: Entei|Entei, shiny|100\/100\n|turn|14\n|\n|t:|1700596540\n|switch|p1a: Volcarona|Volcarona, F|77\/100\n|move|p2a: Entei|Flame Charge|p1a: Volcarona\n|-damage|p1a: Volcarona|19\/100\n|-boost|p2a: Entei|spe|1\n|\n|upkeep\n|turn|15\n|c|\u2606MrLukis|dejalo ser feliz\n|c|\u2606MrLukis|cambio tactico\n|\n|t:|1700596554\n|move|p2a: Entei|Flame Charge|p1a: Volcarona\n|-damage|p1a: Volcarona|0 fnt\n|-boost|p2a: Entei|spe|1\n|faint|p1a: Volcarona\n|\n|upkeep\n|\n|t:|1700596557\n|switch|p1a: Golisopod|Golisopod, M|65\/100\n|turn|16\n|\n|t:|1700596562\n|-terastallize|p2a: Entei|Fire\n|move|p1a: Golisopod|Aqua Jet|p2a: Entei\n|-supereffective|p2a: Entei\n|-damage|p2a: Entei|50\/100\n|move|p2a: Entei|Flame Charge|p1a: Golisopod\n|-damage|p1a: Golisopod|16\/100\n|-boost|p2a: Entei|spe|1\n|-activate|p1a: Golisopod|ability: Emergency Exit\n|\n|t:|1700596569\n|switch|p1a: Slither Wing|Slither Wing, tera:Electric|85\/100 brn\n|\n|-damage|p1a: Slither Wing|79\/100 brn|[from] brn\n|upkeep\n|turn|17\n|\n|t:|1700596575\n|move|p2a: Entei|Flame Charge|p1a: Slither Wing\n|-damage|p1a: Slither Wing|0 fnt\n|-boost|p2a: Entei|spe|1\n|faint|p1a: Slither Wing\n|-end|p1a: Slither Wing|Protosynthesis|[silent]\n|\n|upkeep\n|\n|t:|1700596579\n|switch|p1a: Golisopod|Golisopod, M|16\/100\n|turn|18\n|c|\u2606Torrente777|imagina te matan a nitrocargas\n|\n|t:|1700596591\n|switch|p2a: Muk|Muk-Alola, F|100\/100\n|move|p1a: Golisopod|Aqua Jet|p2a: Muk\n|-damage|p2a: Muk|81\/100\n|\n|upkeep\n|turn|19\n|c|\u2606MrLukis|el pokemon insignia de franco\n|c|\u2606MrLukis|obviamente\n|\n|t:|1700596611\n|switch|p1a: Heracross|Heracross, M|100\/100\n|move|p2a: Muk|Poison Jab|p1a: Heracross\n|-damage|p1a: Heracross|52\/100\n|-status|p1a: Heracross|psn\n|\n|-damage|p1a: Heracross|40\/100 psn|[from] psn\n|upkeep\n|turn|20\n|c|\u2606MrLukis|no si aqui el veneno esta de adorno...\n|\n|t:|1700596625\n|move|p1a: Heracross|Close Combat|p2a: Muk\n|-damage|p2a: Muk|0 fnt\n|-unboost|p1a: Heracross|def|1\n|-unboost|p1a: Heracross|spd|1\n|faint|p2a: Muk\n|\n|-damage|p1a: Heracross|28\/100 psn|[from] psn\n|upkeep\n|\n|t:|1700596633\n|switch|p2a: Entei|Entei, shiny, tera:Fire|50\/100\n|turn|21\n|\n|t:|1700596637\n|move|p2a: Entei|Flame Charge|p1a: Heracross\n|-supereffective|p1a: Heracross\n|-damage|p1a: Heracross|0 fnt\n|-boost|p2a: Entei|spe|1\n|faint|p1a: Heracross\n|\n|upkeep\n|\n|t:|1700596639\n|switch|p1a: Golisopod|Golisopod, M|16\/100\n|turn|22\n|\n|t:|1700596646\n|switch|p2a: Gamba|Gyarados, F, shiny|13\/100\n|-ability|p2a: Gamba|Intimidate|boost\n|-unboost|p1a: Golisopod|atk|1\n|move|p1a: Golisopod|Aqua Jet|p2a: Gamba\n|-resisted|p2a: Gamba\n|-damage|p2a: Gamba|4\/100\n|\n|upkeep\n|turn|23\n|\n|t:|1700596657\n|switch|p1a: Scizor|Scizor-Mega, M|54\/100\n|move|p2a: Gamba|Crunch|p1a: Scizor\n|-damage|p1a: Scizor|32\/100\n|\n|upkeep\n|turn|24\n|\n|t:|1700596663\n|move|p2a: Gamba|Crunch|p1a: Scizor\n|-crit|p1a: Scizor\n|-damage|p1a: Scizor|0 fnt\n|faint|p1a: Scizor\n|\n|upkeep\n|c|\u2606MrLukis|critico...\n|\n|t:|1700596669\n|switch|p1a: Golisopod|Golisopod, M|16\/100\n|turn|25\n|c|\u2606Torrente777|el pu\u00f1o bala master\n|\n|t:|1700596675\n|move|p1a: Golisopod|Aqua Jet|p2a: Gamba\n|-resisted|p2a: Gamba\n|-damage|p2a: Gamba|0 fnt\n|faint|p2a: Gamba\n|\n|upkeep\n|\n|t:|1700596679\n|switch|p2a: Kartana|Kartana, shiny|100\/100\n|turn|26\n|c|\u2606MrLukis|esto me recuerda a la vez que le gane a un gimnasio de tipo electrico por rng\n|\n|t:|1700596687\n|move|p1a: Golisopod|Aqua Jet|p2a: Kartana\n|-resisted|p2a: Kartana\n|-damage|p2a: Kartana|89\/100\n|move|p2a: Kartana|X-Scissor|p1a: Golisopod\n|-damage|p1a: Golisopod|0 fnt\n|faint|p1a: Golisopod\n|-damage|p2a: Kartana|79\/100|[from] item: Life Orb\n|\n|win|Torrente777\n|c|\u2606Torrente777|a\n","uploadtime":1700596697,"views":3,"p1id":"mrlukis","p2id":"torrente777","formatid":"gen9nationaldex","rating":0,"private":0,"password":""}