{"id":"gen9nationaldex-1991010125","p1":"lux2821","p2":"burpsicles","format":"[Gen 9] National Dex","log":"|j|\u2606lux2821\n|j|\u2606burpsicles\n|t:|1700027413\n|gametype|singles\n|player|p1|lux2821|lusamine-nihilego|\n|player|p2|burpsicles|steven-masters3|\n|teamsize|p1|6\n|teamsize|p2|6\n|gen|9\n|tier|[Gen 9] National Dex\n|rule|HP Percentage Mod: HP is shown in percentages\n|rule|Endless Battle Clause: Forcing endless battles is banned\n|rule|OHKO Clause: OHKO moves are banned\n|rule|Evasion Clause: Evasion abilities, items, and moves are banned\n|rule|Evasion Abilities Clause: Evasion abilities are banned\n|rule|Evasion Items Clause: Evasion items are banned\n|rule|Evasion Moves Clause: Evasion moves are banned\n|rule|Species Clause: Limit one of each Pok\u00e9mon\n|rule|Sleep Clause Mod: Limit one foe put to sleep\n|clearpoke\n|poke|p1|Celesteela|\n|poke|p1|Swampert, F|\n|poke|p1|Necrozma|\n|poke|p1|Sharpedo, M|\n|poke|p1|Salamence, M|\n|poke|p1|Breloom, F|\n|poke|p2|Kartana|\n|poke|p2|Landorus-Therian, M|\n|poke|p2|Iron Valiant|\n|poke|p2|Tapu Koko|\n|poke|p2|Toxapex, F|\n|poke|p2|Scizor, M|\n|teampreview\n|inactive|Battle timer is ON: inactive players will automatically lose when time's up. (requested by lux2821)\n|inactive|burpsicles also wants the timer to be on.\n|c|\u2606lux2821|glhf!\n|c|\u2606burpsicles|hf\n|inactive|burpsicles has 270 seconds left.\n|\n|t:|1700027447\n|start\n|switch|p1a: Prizm|Necrozma, shiny|100\/100\n|switch|p2a: Landorus|Landorus-Therian, M|100\/100\n|-ability|p2a: Landorus|Intimidate|boost\n|-unboost|p1a: Prizm|atk|1\n|turn|1\n|\n|t:|1700027461\n|move|p1a: Prizm|Autotomize|p1a: Prizm\n|-boost|p1a: Prizm|spe|2\n|-start|p1a: Prizm|Autotomize\n|move|p2a: Landorus|U-turn|p1a: Prizm\n|-supereffective|p1a: Prizm\n|-damage|p1a: Prizm|69\/100\n|\n|t:|1700027472\n|switch|p2a: Tapu Koko|Tapu Koko|100\/100|[from] U-turn\n|-fieldstart|move: Electric Terrain|[from] ability: Electric Surge|[of] p2a: Tapu Koko\n|\n|upkeep\n|turn|2\n|\n|t:|1700027478\n|move|p1a: Prizm|Meteor Beam||[still]\n|-prepare|p1a: Prizm|Meteor Beam\n|-boost|p1a: Prizm|spa|1\n|-enditem|p1a: Prizm|Power Herb\n|-anim|p1a: Prizm|Meteor Beam|p2a: Tapu Koko\n|-damage|p2a: Tapu Koko|0 fnt\n|faint|p2a: Tapu Koko\n|\n|upkeep\n|inactive|burpsicles has 270 seconds left.\n|\n|t:|1700027508\n|switch|p2a: Landorus|Landorus-Therian, M|100\/100\n|-ability|p2a: Landorus|Intimidate|boost\n|-unboost|p1a: Prizm|atk|1\n|turn|3\n|\n|t:|1700027530\n|move|p1a: Prizm|Photon Geyser|p2a: Landorus\n|-damage|p2a: Landorus|41\/100\n|move|p2a: Landorus|U-turn|p1a: Prizm\n|-supereffective|p1a: Prizm\n|-damage|p1a: Prizm|33\/100\n|\n|t:|1700027534\n|switch|p2a: Scizor|Scizor, M|100\/100|[from] U-turn\n|\n|upkeep\n|turn|4\n|\n|t:|1700027541\n|detailschange|p2a: Scizor|Scizor-Mega, M\n|-mega|p2a: Scizor|Scizor|Scizorite\n|move|p2a: Scizor|Bullet Punch|p1a: Prizm\n|-damage|p1a: Prizm|5\/100\n|move|p1a: Prizm|Heat Wave|p2a: Scizor|[miss]\n|-miss|p1a: Prizm|p2a: Scizor\n|\n|upkeep\n|turn|5\n|c|\u2606burpsicles|rip\n|c|\u2606lux2821|rip\n|\n|t:|1700027552\n|move|p2a: Scizor|Bullet Punch|p1a: Prizm\n|-damage|p1a: Prizm|0 fnt\n|faint|p1a: Prizm\n|\n|-fieldend|move: Electric Terrain\n|upkeep\n|\n|t:|1700027557\n|switch|p1a: Not an Uber?!?!?|Celesteela, shiny|100\/100\n|turn|6\n|\n|t:|1700027564\n|switch|p2a: Toxapex|Toxapex, F|100\/100\n|move|p1a: Not an Uber?!?!?|Autotomize|p1a: Not an Uber?!?!?\n|-boost|p1a: Not an Uber?!?!?|spe|2\n|-start|p1a: Not an Uber?!?!?|Autotomize\n|\n|upkeep\n|turn|7\n|\n|t:|1700027569\n|move|p1a: Not an Uber?!?!?|Meteor Beam||[still]\n|-prepare|p1a: Not an Uber?!?!?|Meteor Beam\n|-boost|p1a: Not an Uber?!?!?|spa|1\n|-enditem|p1a: Not an Uber?!?!?|Power Herb\n|-anim|p1a: Not an Uber?!?!?|Meteor Beam|p2a: Toxapex\n|-damage|p2a: Toxapex|51\/100\n|move|p2a: Toxapex|Scald|p1a: Not an Uber?!?!?\n|-damage|p1a: Not an Uber?!?!?|82\/100\n|\n|upkeep\n|turn|8\n|\n|t:|1700027581\n|move|p1a: Not an Uber?!?!?|Meteor Beam||[still]\n|-prepare|p1a: Not an Uber?!?!?|Meteor Beam\n|-boost|p1a: Not an Uber?!?!?|spa|1\n|move|p2a: Toxapex|Haze|p2a: Toxapex\n|-clearallboost\n|\n|upkeep\n|turn|9\n|\n|t:|1700027585\n|move|p1a: Not an Uber?!?!?|Meteor Beam|p2a: Toxapex|[from]lockedmove\n|-damage|p2a: Toxapex|18\/100\n|move|p2a: Toxapex|Recover|p2a: Toxapex\n|-heal|p2a: Toxapex|68\/100\n|\n|upkeep\n|turn|10\n|\n|t:|1700027592\n|move|p1a: Not an Uber?!?!?|Meteor Beam||[still]\n|-prepare|p1a: Not an Uber?!?!?|Meteor Beam\n|-boost|p1a: Not an Uber?!?!?|spa|1\n|move|p2a: Toxapex|Scald|p1a: Not an Uber?!?!?\n|-damage|p1a: Not an Uber?!?!?|66\/100\n|-status|p1a: Not an Uber?!?!?|brn\n|\n|-damage|p1a: Not an Uber?!?!?|60\/100 brn|[from] brn\n|upkeep\n|turn|11\n|\n|t:|1700027595\n|move|p1a: Not an Uber?!?!?|Meteor Beam|p2a: Toxapex|[from]lockedmove\n|-damage|p2a: Toxapex|23\/100\n|move|p2a: Toxapex|Haze|p2a: Toxapex\n|-clearallboost\n|\n|-damage|p1a: Not an Uber?!?!?|54\/100 brn|[from] brn\n|upkeep\n|turn|12\n|\n|t:|1700027606\n|switch|p2a: Landorus|Landorus-Therian, M|41\/100\n|-ability|p2a: Landorus|Intimidate|boost\n|-unboost|p1a: Not an Uber?!?!?|atk|1\n|move|p1a: Not an Uber?!?!?|Meteor Beam||[still]\n|-prepare|p1a: Not an Uber?!?!?|Meteor Beam\n|-boost|p1a: Not an Uber?!?!?|spa|1\n|\n|-heal|p2a: Landorus|47\/100|[from] item: Leftovers\n|-damage|p1a: Not an Uber?!?!?|48\/100 brn|[from] brn\n|upkeep\n|turn|13\n|\n|t:|1700027612\n|move|p1a: Not an Uber?!?!?|Meteor Beam|p2a: Landorus|[from]lockedmove\n|-damage|p2a: Landorus|2\/100\n|move|p2a: Landorus|Stealth Rock|p1a: Not an Uber?!?!?\n|-sidestart|p1: lux2821|move: Stealth Rock\n|\n|-heal|p2a: Landorus|8\/100|[from] item: Leftovers\n|-damage|p1a: Not an Uber?!?!?|42\/100 brn|[from] brn\n|upkeep\n|turn|14\n|\n|t:|1700027617\n|move|p1a: Not an Uber?!?!?|Autotomize|p1a: Not an Uber?!?!?\n|-boost|p1a: Not an Uber?!?!?|spe|2\n|-start|p1a: Not an Uber?!?!?|Autotomize\n|move|p2a: Landorus|U-turn|p1a: Not an Uber?!?!?\n|-resisted|p1a: Not an Uber?!?!?\n|-damage|p1a: Not an Uber?!?!?|37\/100 brn\n|\n|t:|1700027619\n|switch|p2a: Toxapex|Toxapex, F|56\/100|[from] U-turn\n|\n|-damage|p1a: Not an Uber?!?!?|31\/100 brn|[from] brn\n|upkeep\n|turn|15\n|\n|t:|1700027624\n|switch|p2a: Landorus|Landorus-Therian, M|8\/100\n|-ability|p2a: Landorus|Intimidate|boost\n|-unboost|p1a: Not an Uber?!?!?|atk|1\n|move|p1a: Not an Uber?!?!?|Giga Drain|p2a: Landorus\n|-damage|p2a: Landorus|0 fnt\n|-heal|p1a: Not an Uber?!?!?|35\/100 brn|[from] drain|[of] p2a: Landorus\n|faint|p2a: Landorus\n|-ability|p1a: Not an Uber?!?!?|Beast Boost|boost\n|-boost|p1a: Not an Uber?!?!?|spa|1\n|\n|-damage|p1a: Not an Uber?!?!?|29\/100 brn|[from] brn\n|upkeep\n|\n|t:|1700027626\n|switch|p2a: Toxapex|Toxapex, F|90\/100\n|turn|16\n|\n|t:|1700027631\n|move|p1a: Not an Uber?!?!?|Giga Drain|p2a: Toxapex\n|-damage|p2a: Toxapex|50\/100\n|-heal|p1a: Not an Uber?!?!?|47\/100 brn|[from] drain|[of] p2a: Toxapex\n|move|p2a: Toxapex|Haze|p2a: Toxapex\n|-clearallboost\n|\n|-damage|p1a: Not an Uber?!?!?|41\/100 brn|[from] brn\n|upkeep\n|turn|17\n|\n|t:|1700027637\n|switch|p1a: Mudkip Moment?|Swampert, F|100\/100\n|-damage|p1a: Mudkip Moment?|94\/100|[from] Stealth Rock\n|move|p2a: Toxapex|Recover|p2a: Toxapex\n|-heal|p2a: Toxapex|99\/100\n|\n|upkeep\n|turn|18\n|\n|t:|1700027640\n|move|p1a: Mudkip Moment?|Yawn|p2a: Toxapex\n|-start|p2a: Toxapex|move: Yawn|[of] p1a: Mudkip Moment?\n|move|p2a: Toxapex|Toxic|p1a: Mudkip Moment?\n|-status|p1a: Mudkip Moment?|tox\n|\n|-damage|p1a: Mudkip Moment?|88\/100 tox|[from] psn\n|upkeep\n|turn|19\n|\n|t:|1700027646\n|switch|p2a: Scizor|Scizor-Mega, M|100\/100\n|move|p1a: Mudkip Moment?|Yawn|p2a: Scizor\n|-start|p2a: Scizor|move: Yawn|[of] p1a: Mudkip Moment?\n|\n|-damage|p1a: Mudkip Moment?|76\/100 tox|[from] psn\n|upkeep\n|turn|20\n|\n|t:|1700027651\n|move|p2a: Scizor|Knock Off|p1a: Mudkip Moment?\n|-damage|p1a: Mudkip Moment?|54\/100 tox\n|-damage|p2a: Scizor|84\/100|[from] item: Rocky Helmet|[of] p1a: Mudkip Moment?\n|-enditem|p1a: Mudkip Moment?|Rocky Helmet|[from] move: Knock Off|[of] p2a: Scizor\n|move|p1a: Mudkip Moment?|Stealth Rock|p2a: Scizor\n|-sidestart|p2: burpsicles|move: Stealth Rock\n|\n|-damage|p1a: Mudkip Moment?|35\/100 tox|[from] psn\n|-end|p2a: Scizor|move: Yawn|[silent]\n|-status|p2a: Scizor|slp\n|upkeep\n|turn|21\n|\n|t:|1700027658\n|cant|p2a: Scizor|slp\n|move|p1a: Mudkip Moment?|Flip Turn|p2a: Scizor\n|-damage|p2a: Scizor|68\/100 slp\n|\n|t:|1700027663\n|switch|p1a: Not an Uber?!?!?|Celesteela, shiny|41\/100 brn|[from] Flip Turn\n|-damage|p1a: Not an Uber?!?!?|29\/100 brn|[from] Stealth Rock\n|\n|-damage|p1a: Not an Uber?!?!?|23\/100 brn|[from] brn\n|upkeep\n|turn|22\n|l|\u2606burpsicles\n|inactive|burpsicles disconnected and has 300 seconds to reconnect!\n|player|p2|\n|j|\u2606burpsicles\n|inactive|burpsicles reconnected and has 285 seconds left.\n|player|p2|burpsicles|steven-masters3\n|inactive|burpsicles has 270 seconds left.\n|\n|t:|1700027711\n|switch|p2a: Toxapex|Toxapex, F|100\/100\n|-damage|p2a: Toxapex|88\/100|[from] Stealth Rock\n|move|p1a: Not an Uber?!?!?|Flamethrower|p2a: Toxapex\n|-resisted|p2a: Toxapex\n|-damage|p2a: Toxapex|75\/100\n|\n|-damage|p1a: Not an Uber?!?!?|17\/100 brn|[from] brn\n|upkeep\n|turn|23\n|\n|t:|1700027724\n|move|p1a: Not an Uber?!?!?|Meteor Beam||[still]\n|-prepare|p1a: Not an Uber?!?!?|Meteor Beam\n|-boost|p1a: Not an Uber?!?!?|spa|1\n|move|p2a: Toxapex|Scald|p1a: Not an Uber?!?!?\n|-damage|p1a: Not an Uber?!?!?|0 fnt\n|faint|p1a: Not an Uber?!?!?\n|\n|upkeep\n|\n|t:|1700027734\n|switch|p1a: Jaws|Sharpedo, M|100\/100\n|-damage|p1a: Jaws|88\/100|[from] Stealth Rock\n|turn|24\n|\n|t:|1700027742\n|move|p1a: Jaws|Psychic Fangs|p2a: Toxapex\n|-supereffective|p2a: Toxapex\n|-damage|p2a: Toxapex|34\/100\n|move|p2a: Toxapex|Scald|p1a: Jaws\n|-resisted|p1a: Jaws\n|-damage|p1a: Jaws|67\/100\n|\n|-ability|p1a: Jaws|Speed Boost|boost\n|-boost|p1a: Jaws|spe|1\n|upkeep\n|turn|25\n|\n|t:|1700027748\n|switch|p2a: Scizor|Scizor-Mega, M|68\/100 slp\n|-damage|p2a: Scizor|56\/100 slp|[from] Stealth Rock\n|move|p1a: Jaws|Psychic Fangs|p2a: Scizor\n|-resisted|p2a: Scizor\n|-damage|p2a: Scizor|45\/100 slp\n|\n|-ability|p1a: Jaws|Speed Boost|boost\n|-boost|p1a: Jaws|spe|1\n|upkeep\n|turn|26\n|\n|t:|1700027757\n|detailschange|p1a: Jaws|Sharpedo-Mega, M\n|-mega|p1a: Jaws|Sharpedo|Sharpedonite\n|move|p1a: Jaws|Crunch|p2a: Scizor\n|-damage|p2a: Scizor|0 fnt\n|faint|p2a: Scizor\n|\n|upkeep\n|\n|t:|1700027764\n|switch|p2a: Iron Valiant|Iron Valiant|100\/100\n|-damage|p2a: Iron Valiant|94\/100|[from] Stealth Rock\n|turn|27\n|\n|t:|1700027768\n|move|p1a: Jaws|Psychic Fangs|p2a: Iron Valiant\n|-supereffective|p2a: Iron Valiant\n|-damage|p2a: Iron Valiant|0 fnt\n|faint|p2a: Iron Valiant\n|-end|p2a: Iron Valiant|Quark Drive|[silent]\n|\n|upkeep\n|\n|t:|1700027778\n|switch|p2a: Kartana|Kartana|100\/100\n|-damage|p2a: Kartana|94\/100|[from] Stealth Rock\n|turn|28\n|\n|t:|1700027782\n|move|p1a: Jaws|Crunch|p2a: Kartana\n|-damage|p2a: Kartana|14\/100\n|move|p2a: Kartana|Leaf Blade|p1a: Jaws\n|-supereffective|p1a: Jaws\n|-damage|p1a: Jaws|0 fnt\n|faint|p1a: Jaws\n|-ability|p2a: Kartana|Beast Boost|boost\n|-boost|p2a: Kartana|atk|1\n|\n|upkeep\n|\n|t:|1700027787\n|switch|p1a: Fungaroo|Breloom, F, shiny|100\/100\n|-damage|p1a: Fungaroo|94\/100|[from] Stealth Rock\n|turn|29\n|\n|t:|1700027793\n|move|p1a: Fungaroo|Mach Punch|p2a: Kartana\n|-supereffective|p2a: Kartana\n|-damage|p2a: Kartana|0 fnt\n|faint|p2a: Kartana\n|\n|upkeep\n|\n|t:|1700027795\n|switch|p2a: Toxapex|Toxapex, F|68\/100\n|-damage|p2a: Toxapex|56\/100|[from] Stealth Rock\n|turn|30\n|\n|t:|1700027798\n|move|p1a: Fungaroo|Spore|p2a: Toxapex\n|-status|p2a: Toxapex|slp|[from] move: Spore\n|cant|p2a: Toxapex|slp\n|\n|upkeep\n|turn|31\n|c|\u2606burpsicles|gg\n|c|\u2606lux2821|gg\n|-message|burpsicles forfeited.\n|\n|win|lux2821\n","uploadtime":1700027811,"views":11,"p1id":"lux2821","p2id":"burpsicles","formatid":"gen9nationaldex","rating":0,"private":0,"password":""}