{"id":"gen9nationaldex-1987546798","p1":"YZY2014","p2":"Blake-Mamba","format":"[Gen 9] National Dex","log":"|j|\u2606YZY2014\n|j|\u2606Blake-Mamba\n|t:|1699610031\n|gametype|singles\n|player|p1|YZY2014|riley|1319\n|player|p2|Blake-Mamba|juan|1255\n|teamsize|p1|6\n|teamsize|p2|6\n|gen|9\n|tier|[Gen 9] National Dex\n|rated|\n|rule|HP Percentage Mod: HP is shown in percentages\n|rule|Endless Battle Clause: Forcing endless battles is banned\n|rule|OHKO Clause: OHKO moves are banned\n|rule|Evasion Clause: Evasion abilities, items, and moves are banned\n|rule|Evasion Abilities Clause: Evasion abilities are banned\n|rule|Evasion Items Clause: Evasion items are banned\n|rule|Evasion Moves Clause: Evasion moves are banned\n|rule|Species Clause: Limit one of each Pok\u00e9mon\n|rule|Sleep Clause Mod: Limit one foe put to sleep\n|clearpoke\n|poke|p1|Scizor, F|\n|poke|p1|Heatran, F|\n|poke|p1|Sinistcha|\n|poke|p1|Ogerpon-Wellspring, F|\n|poke|p1|Cinderace, M|\n|poke|p1|Great Tusk|\n|poke|p2|Cinccino, F|\n|poke|p2|Zebstrika, F|\n|poke|p2|Ferrothorn, F|\n|poke|p2|Seismitoad, F|\n|poke|p2|Krookodile, M|\n|poke|p2|Emboar, F|\n|teampreview\n|\n|t:|1699610041\n|start\n|switch|p1a: Cinderace|Cinderace, M|100\/100\n|switch|p2a: Cinccino|Cinccino, F|100\/100\n|turn|1\n|\n|t:|1699610049\n|move|p1a: Cinderace|U-turn|p2a: Cinccino\n|-start|p1a: Cinderace|typechange|Bug|[from] ability: Libero\n|-damage|p2a: Cinccino|45\/100\n|\n|t:|1699610060\n|switch|p1a: Great Tusk|Great Tusk|100\/100|[from] U-turn\n|move|p2a: Cinccino|Rock Blast|p1a: Great Tusk\n|-resisted|p1a: Great Tusk\n|-damage|p1a: Great Tusk|98\/100\n|-resisted|p1a: Great Tusk\n|-damage|p1a: Great Tusk|95\/100\n|-hitcount|p1a: Great Tusk|2\n|-damage|p2a: Cinccino|35\/100|[from] item: Life Orb\n|\n|upkeep\n|turn|2\n|\n|t:|1699610070\n|move|p2a: Cinccino|Triple Axel|p1a: Great Tusk\n|-supereffective|p1a: Great Tusk\n|-damage|p1a: Great Tusk|79\/100\n|-supereffective|p1a: Great Tusk\n|-damage|p1a: Great Tusk|44\/100\n|-supereffective|p1a: Great Tusk\n|-damage|p1a: Great Tusk|0 fnt\n|faint|p1a: Great Tusk\n|-end|p1a: Great Tusk|Protosynthesis|[silent]\n|-hitcount|p1: Great Tusk|3\n|-damage|p2a: Cinccino|25\/100|[from] item: Life Orb\n|\n|upkeep\n|\n|t:|1699610085\n|switch|p1a: Cinderace|Cinderace, M|100\/100\n|turn|3\n|\n|t:|1699610088\n|switch|p2a: Emboar|Emboar, F, shiny|100\/100\n|move|p1a: Cinderace|U-turn|p2a: Emboar\n|-start|p1a: Cinderace|typechange|Bug|[from] ability: Libero\n|-resisted|p2a: Emboar\n|-damage|p2a: Emboar|90\/100\n|\n|t:|1699610099\n|switch|p1a: Ogerpon|Ogerpon-Wellspring, F|100\/100|[from] U-turn\n|\n|upkeep\n|turn|4\n|\n|t:|1699610110\n|switch|p2a: Seismitoad|Seismitoad, F|100\/100\n|move|p1a: Ogerpon|Ivy Cudgel|p2a: Seismitoad\n|-immune|p2a: Seismitoad|[from] ability: Water Absorb\n|\n|upkeep\n|turn|5\n|\n|t:|1699610118\n|switch|p2a: Zebstrika|Zebstrika, F, shiny|100\/100\n|move|p1a: Ogerpon|Taunt|p2a: Zebstrika\n|-start|p2a: Zebstrika|move: Taunt\n|\n|upkeep\n|turn|6\n|\n|t:|1699610127\n|switch|p1a: Sinistcha|Sinistcha|100\/100\n|-zpower|p2a: Zebstrika\n|move|p2a: Zebstrika|Gigavolt Havoc|p1a: Sinistcha|[zeffect]\n|-resisted|p1a: Sinistcha\n|-damage|p1a: Sinistcha|69\/100\n|\n|-heal|p1a: Sinistcha|75\/100|[from] item: Leftovers\n|upkeep\n|turn|7\n|\n|t:|1699610141\n|switch|p2a: Krookodile|Krookodile, M|100\/100\n|move|p1a: Sinistcha|Matcha Gotcha|p2a: Krookodile\n|-supereffective|p2a: Krookodile\n|-damage|p2a: Krookodile|8\/100\n|-heal|p1a: Sinistcha|100\/100|[from] drain|[of] p2a: Krookodile\n|\n|upkeep\n|turn|8\n|\n|t:|1699610159\n|move|p2a: Krookodile|Knock Off|p1a: Sinistcha\n|-supereffective|p1a: Sinistcha\n|-damage|p1a: Sinistcha|21\/100\n|-enditem|p1a: Sinistcha|Leftovers|[from] move: Knock Off|[of] p2a: Krookodile\n|move|p1a: Sinistcha|Matcha Gotcha|p2a: Krookodile\n|-supereffective|p2a: Krookodile\n|-damage|p2a: Krookodile|0 fnt\n|-heal|p1a: Sinistcha|25\/100|[from] drain|[of] p2a: Krookodile\n|faint|p2a: Krookodile\n|\n|upkeep\n|\n|t:|1699610169\n|switch|p2a: Zebstrika|Zebstrika, F, shiny|100\/100\n|turn|9\n|\n|t:|1699610178\n|move|p2a: Zebstrika|Flame Charge|p1a: Sinistcha\n|-supereffective|p1a: Sinistcha\n|-damage|p1a: Sinistcha|11\/100\n|-boost|p2a: Zebstrika|spe|1\n|move|p1a: Sinistcha|Strength Sap|p2a: Zebstrika\n|-ability|p2a: Zebstrika|Sap Sipper|boost\n|-boost|p2a: Zebstrika|atk|1\n|\n|upkeep\n|turn|10\n|\n|t:|1699610193\n|move|p2a: Zebstrika|Low Kick|p1a: Sinistcha\n|-immune|p1a: Sinistcha\n|move|p1a: Sinistcha|Shadow Ball|p2a: Zebstrika\n|-damage|p2a: Zebstrika|46\/100\n|\n|upkeep\n|turn|11\n|\n|t:|1699610200\n|move|p2a: Zebstrika|Flame Charge|p1a: Sinistcha\n|-supereffective|p1a: Sinistcha\n|-damage|p1a: Sinistcha|0 fnt\n|-boost|p2a: Zebstrika|spe|1\n|faint|p1a: Sinistcha\n|\n|upkeep\n|\n|t:|1699610215\n|switch|p1a: Cinderace|Cinderace, M|100\/100\n|turn|12\n|\n|t:|1699610222\n|move|p2a: Zebstrika|Wild Charge|p1a: Cinderace\n|-damage|p1a: Cinderace|12\/100\n|-damage|p2a: Zebstrika|22\/100|[from] Recoil\n|move|p1a: Cinderace|Blaze Kick|p2a: Zebstrika|[miss]\n|-miss|p1a: Cinderace|p2a: Zebstrika\n|\n|upkeep\n|turn|13\n|\n|t:|1699610230\n|move|p2a: Zebstrika|Quick Attack|p1a: Cinderace\n|-damage|p1a: Cinderace|0 fnt\n|faint|p1a: Cinderace\n|\n|upkeep\n|\n|t:|1699610235\n|switch|p1a: Scizor|Scizor, F|100\/100\n|turn|14\n|\n|t:|1699610239\n|switch|p2a: Seismitoad|Seismitoad, F|100\/100\n|detailschange|p1a: Scizor|Scizor-Mega, F\n|-mega|p1a: Scizor|Scizor|Scizorite\n|move|p1a: Scizor|Bullet Punch|p2a: Seismitoad\n|-resisted|p2a: Seismitoad\n|-damage|p2a: Seismitoad|80\/100\n|\n|upkeep\n|turn|15\n|\n|t:|1699610249\n|move|p1a: Scizor|Swords Dance|p1a: Scizor\n|-boost|p1a: Scizor|atk|2\n|move|p2a: Seismitoad|Sludge Bomb|p1a: Scizor\n|-immune|p1a: Scizor\n|\n|upkeep\n|turn|16\n|\n|t:|1699610256\n|switch|p2a: Ferrothorn|Ferrothorn, F|100\/100\n|move|p1a: Scizor|Dual Wingbeat|p2a: Ferrothorn\n|-damage|p2a: Ferrothorn|69\/100\n|-damage|p1a: Scizor|88\/100|[from] ability: Iron Barbs|[of] p2a: Ferrothorn\n|-damage|p1a: Scizor|72\/100|[from] item: Rocky Helmet|[of] p2a: Ferrothorn\n|-damage|p2a: Ferrothorn|41\/100\n|-damage|p1a: Scizor|59\/100|[from] ability: Iron Barbs|[of] p2a: Ferrothorn\n|-damage|p1a: Scizor|43\/100|[from] item: Rocky Helmet|[of] p2a: Ferrothorn\n|-hitcount|p2a: Ferrothorn|2\n|\n|upkeep\n|turn|17\n|\n|t:|1699610271\n|move|p1a: Scizor|Close Combat|p2a: Ferrothorn\n|-supereffective|p2a: Ferrothorn\n|-damage|p2a: Ferrothorn|0 fnt\n|-unboost|p1a: Scizor|def|1\n|-unboost|p1a: Scizor|spd|1\n|-damage|p1a: Scizor|31\/100|[from] ability: Iron Barbs|[of] p2a: Ferrothorn\n|-damage|p1a: Scizor|14\/100|[from] item: Rocky Helmet|[of] p2a: Ferrothorn\n|faint|p2a: Ferrothorn\n|\n|upkeep\n|\n|t:|1699610281\n|switch|p2a: Emboar|Emboar, F, shiny|90\/100\n|turn|18\n|\n|t:|1699610295\n|switch|p1a: Heatran|Heatran, F|100\/100\n|move|p2a: Emboar|Superpower|p1a: Heatran\n|-supereffective|p1a: Heatran\n|-damage|p1a: Heatran|0 fnt\n|-unboost|p2a: Emboar|atk|1\n|-unboost|p2a: Emboar|def|1\n|faint|p1a: Heatran\n|\n|upkeep\n|\n|t:|1699610302\n|switch|p1a: Ogerpon|Ogerpon-Wellspring, F|100\/100\n|turn|19\n|inactive|Battle timer is ON: inactive players will automatically lose when time's up. (requested by Blake-Mamba)\n|\n|t:|1699610317\n|switch|p2a: Zebstrika|Zebstrika, F, shiny|22\/100\n|move|p1a: Ogerpon|Ivy Cudgel|p2a: Zebstrika\n|-damage|p2a: Zebstrika|0 fnt\n|faint|p2a: Zebstrika\n|\n|upkeep\n|\n|t:|1699610325\n|switch|p2a: Seismitoad|Seismitoad, F|80\/100\n|turn|20\n|\n|t:|1699610329\n|-terastallize|p2a: Seismitoad|Poison\n|move|p1a: Ogerpon|Taunt|p2a: Seismitoad\n|-start|p2a: Seismitoad|move: Taunt\n|move|p2a: Seismitoad|Sludge Bomb|p1a: Ogerpon\n|-supereffective|p1a: Ogerpon\n|-damage|p1a: Ogerpon|0 fnt\n|faint|p1a: Ogerpon\n|\n|upkeep\n|\n|t:|1699610337\n|switch|p1a: Scizor|Scizor-Mega, F|14\/100\n|turn|21\n|\n|t:|1699610342\n|switch|p2a: Cinccino|Cinccino, F|25\/100\n|move|p1a: Scizor|Bullet Punch|p2a: Cinccino\n|-damage|p2a: Cinccino|0 fnt\n|faint|p2a: Cinccino\n|\n|upkeep\n|\n|t:|1699610349\n|switch|p2a: Emboar|Emboar, F, shiny|90\/100\n|turn|22\n|c|\u2606Blake-Mamba|Gg\n|\n|t:|1699610357\n|move|p2a: Emboar|Flare Blitz|p1a: Scizor\n|-supereffective|p1a: Scizor\n|-damage|p1a: Scizor|0 fnt\n|faint|p1a: Scizor\n|-damage|p2a: Emboar|86\/100|[from] Recoil\n|\n|win|Blake-Mamba\n|raw|YZY2014's rating: 1319 &rarr; <strong>1295<\/strong><br \/>(-24 for losing)\n|raw|Blake-Mamba's rating: 1255 &rarr; <strong>1285<\/strong><br \/>(+30 for winning)\n|l|\u2606YZY2014\n","uploadtime":1699610367,"views":25,"p1id":"yzy2014","p2id":"blakemamba","formatid":"gen9nationaldex","rating":1285,"private":0,"password":""}