{"id":"gen9nationaldex-1999367551","p1":"mujiangge","p2":"plotuser","format":"[Gen 9] National Dex","log":"|html|<div class=\"broadcast-blue\"><strong>[Gen 9] National Dex is currently suspecting Sneasler! For information on how to participate check out the <a href=\"https:\/\/www.smogon.com\/forums\/threads\/sv-national-dex-suspect-8-just-dance.3731534\/\">suspect thread<\/a>.<\/strong><\/div>\n|j|\u2606mujiangge\n|j|\u2606plotuser\n|t:|1701067994\n|gametype|singles\n|player|p1|mujiangge|dawn|1294\n|player|p2|plotuser|102|1187\n|teamsize|p1|6\n|teamsize|p2|6\n|gen|9\n|tier|[Gen 9] National Dex\n|rated|\n|rule|HP Percentage Mod: HP is shown in percentages\n|rule|Endless Battle Clause: Forcing endless battles is banned\n|rule|OHKO Clause: OHKO moves are banned\n|rule|Evasion Clause: Evasion abilities, items, and moves are banned\n|rule|Evasion Abilities Clause: Evasion abilities are banned\n|rule|Evasion Items Clause: Evasion items are banned\n|rule|Evasion Moves Clause: Evasion moves are banned\n|rule|Species Clause: Limit one of each Pok\u00e9mon\n|rule|Sleep Clause Mod: Limit one foe put to sleep\n|clearpoke\n|poke|p1|Lopunny, F|\n|poke|p1|Samurott-Hisui, F|\n|poke|p1|Landorus-Therian, M|\n|poke|p1|Shaymin|\n|poke|p1|Tapu Lele|\n|poke|p1|Empoleon, F|\n|poke|p2|Kartana|\n|poke|p2|Charizard, F|\n|poke|p2|Manaphy|\n|poke|p2|Xurkitree|\n|poke|p2|Weavile, F|\n|poke|p2|Tornadus-Therian, M|\n|teampreview\n|inactive|Battle timer is ON: inactive players will automatically lose when time's up. (requested by plotuser)\n|\n|t:|1701068004\n|start\n|switch|p1a: Samurott|Samurott-Hisui, F, shiny|100\/100\n|switch|p2a: Weavile|Weavile, F|100\/100\n|-ability|p2a: Weavile|Pressure\n|turn|1\n|\n|t:|1701068013\n|move|p2a: Weavile|Fake Out|p1a: Samurott\n|-damage|p1a: Samurott|77\/100\n|-damage|p2a: Weavile|91\/100|[from] item: Life Orb\n|cant|p1a: Samurott|flinch\n|\n|upkeep\n|turn|2\n|\n|t:|1701068024\n|switch|p2a: Kartana|Kartana|100\/100\n|switch|p1a: Empoleon|Empoleon, F|100\/100\n|\n|upkeep\n|turn|3\n|\n|t:|1701068037\n|switch|p1a: Tapu Lele|Tapu Lele|100\/100\n|-fieldstart|move: Psychic Terrain|[from] ability: Psychic Surge|[of] p1a: Tapu Lele\n|move|p2a: Kartana|Sacred Sword|p1a: Tapu Lele\n|-resisted|p1a: Tapu Lele\n|-damage|p1a: Tapu Lele|81\/100\n|-damage|p2a: Kartana|91\/100|[from] item: Life Orb\n|\n|upkeep\n|turn|4\n|\n|t:|1701068055\n|move|p1a: Tapu Lele|Psychic|p2a: Kartana\n|-resisted|p2a: Kartana\n|-damage|p2a: Kartana|0 fnt\n|faint|p2a: Kartana\n|\n|upkeep\n|\n|t:|1701068062\n|switch|p2a: Weavile|Weavile, F|91\/100\n|-ability|p2a: Weavile|Pressure\n|turn|5\n|\n|t:|1701068069\n|switch|p1a: Empoleon|Empoleon, F|100\/100\n|move|p2a: Weavile|Knock Off|p1a: Empoleon\n|-damage|p1a: Empoleon|38\/100\n|-enditem|p1a: Empoleon|Leftovers|[from] move: Knock Off|[of] p2a: Weavile\n|-damage|p2a: Weavile|81\/100|[from] item: Life Orb\n|\n|upkeep\n|turn|6\n|\n|t:|1701068082\n|switch|p1a: Samurott|Samurott-Hisui, F, shiny|77\/100\n|move|p2a: Weavile|Knock Off|p1a: Samurott\n|-resisted|p1a: Samurott\n|-damage|p1a: Samurott|34\/100\n|-enditem|p1a: Samurott|Focus Sash|[from] move: Knock Off|[of] p2a: Weavile\n|-damage|p2a: Weavile|71\/100|[from] item: Life Orb\n|\n|upkeep\n|turn|7\n|inactive|mujiangge has 120 seconds left.\n|c|\u2606plotuser|be fast\n|\n|t:|1701068118\n|move|p2a: Weavile|Triple Axel|p1a: Samurott\n|-resisted|p1a: Samurott\n|-damage|p1a: Samurott|25\/100\n|-resisted|p1a: Samurott\n|-damage|p1a: Samurott|7\/100\n|-hitcount|p1a: Samurott|2\n|-damage|p2a: Weavile|61\/100|[from] item: Life Orb\n|move|p1a: Samurott|Sacred Sword|p2a: Weavile\n|-supereffective|p2a: Weavile\n|-damage|p2a: Weavile|0 fnt\n|faint|p2a: Weavile\n|\n|-fieldend|move: Psychic Terrain\n|upkeep\n|\n|t:|1701068126\n|switch|p2a: Xurkitree|Xurkitree|100\/100\n|turn|8\n|inactive|mujiangge has 120 seconds left.\n|c|\u2606plotuser|pls\n|\n|t:|1701068144\n|switch|p1a: Shaymin|Shaymin|100\/100\n|-zpower|p2a: Xurkitree\n|move|p2a: Xurkitree|Z-Hypnosis|p1a: Shaymin|[anim]Hypnosis\n|-boost|p2a: Xurkitree|spe|1|[zeffect]\n|-status|p1a: Shaymin|slp|[from] move: Hypnosis\n|\n|upkeep\n|turn|9\n|inactive|mujiangge has 120 seconds left.\n|\n|t:|1701068167\n|-curestatus|p1a: Shaymin|slp|[from] ability: Natural Cure\n|switch|p1a: Landorus|Landorus-Therian, M|100\/100\n|-ability|p1a: Landorus|Intimidate|boost\n|-unboost|p2a: Xurkitree|atk|1\n|move|p2a: Xurkitree|Tail Glow|p2a: Xurkitree\n|-boost|p2a: Xurkitree|spa|3\n|\n|upkeep\n|turn|10\n|\n|t:|1701068178\n|move|p2a: Xurkitree|Energy Ball|p1a: Landorus\n|-damage|p1a: Landorus|0 fnt\n|faint|p1a: Landorus\n|-ability|p2a: Xurkitree|Beast Boost|boost\n|-boost|p2a: Xurkitree|spa|1\n|\n|upkeep\n|\n|t:|1701068192\n|switch|p1a: Lopunny|Lopunny, F|100\/100\n|turn|11\n|\n|t:|1701068196\n|detailschange|p1a: Lopunny|Lopunny-Mega, F\n|-mega|p1a: Lopunny|Lopunny|Lopunnite\n|move|p1a: Lopunny|Fake Out|p2a: Xurkitree\n|-damage|p2a: Xurkitree|69\/100\n|cant|p2a: Xurkitree|flinch\n|\n|upkeep\n|turn|12\n|\n|t:|1701068206\n|move|p2a: Xurkitree|Thunderbolt|p1a: Lopunny\n|-damage|p1a: Lopunny|0 fnt\n|faint|p1a: Lopunny\n|-ability|p2a: Xurkitree|Beast Boost|boost\n|-boost|p2a: Xurkitree|spa|1\n|\n|upkeep\n|\n|t:|1701068213\n|switch|p1a: Tapu Lele|Tapu Lele|81\/100\n|-fieldstart|move: Psychic Terrain|[from] ability: Psychic Surge|[of] p1a: Tapu Lele\n|turn|13\n|inactive|mujiangge has 120 seconds left.\n|\n|t:|1701068222\n|-terastallize|p1a: Tapu Lele|Psychic\n|move|p1a: Tapu Lele|Psychic|p2a: Xurkitree\n|-damage|p2a: Xurkitree|0 fnt\n|faint|p2a: Xurkitree\n|\n|upkeep\n|\n|t:|1701068229\n|switch|p2a: Charizard|Charizard, F|100\/100\n|turn|14\n|\n|t:|1701068233\n|detailschange|p2a: Charizard|Charizard-Mega-X, F\n|-mega|p2a: Charizard|Charizard|Charizardite X\n|move|p1a: Tapu Lele|Psychic|p2a: Charizard\n|-damage|p2a: Charizard|2\/100\n|-unboost|p2a: Charizard|spd|1\n|move|p2a: Charizard|Dragon Dance|p2a: Charizard\n|-boost|p2a: Charizard|atk|1\n|-boost|p2a: Charizard|spe|1\n|\n|upkeep\n|turn|15\n|\n|t:|1701068243\n|move|p1a: Tapu Lele|Psychic|p2a: Charizard\n|-crit|p2a: Charizard\n|-damage|p2a: Charizard|0 fnt\n|faint|p2a: Charizard\n|\n|upkeep\n|\n|t:|1701068249\n|switch|p2a: Tornadus|Tornadus-Therian, M|100\/100\n|turn|16\n|\n|t:|1701068252\n|move|p1a: Tapu Lele|Psychic|p2a: Tornadus\n|-damage|p2a: Tornadus|4\/100\n|move|p2a: Tornadus|Bleakwind Storm|p1a: Tapu Lele\n|-damage|p1a: Tapu Lele|34\/100\n|\n|upkeep\n|turn|17\n|\n|t:|1701068258\n|move|p1a: Tapu Lele|Psychic|p2a: Tornadus\n|-crit|p2a: Tornadus\n|-damage|p2a: Tornadus|0 fnt\n|faint|p2a: Tornadus\n|\n|-fieldend|move: Psychic Terrain\n|upkeep\n|\n|t:|1701068260\n|switch|p2a: Manaphy|Manaphy|100\/100\n|turn|18\n|\n|t:|1701068267\n|-terastallize|p2a: Manaphy|Water\n|move|p1a: Tapu Lele|Psychic|p2a: Manaphy\n|-damage|p2a: Manaphy|36\/100\n|-unboost|p2a: Manaphy|spd|1\n|move|p2a: Manaphy|Surf|p1a: Tapu Lele\n|-damage|p1a: Tapu Lele|0 fnt\n|faint|p1a: Tapu Lele\n|\n|-heal|p2a: Manaphy|42\/100|[from] item: Leftovers\n|upkeep\n|\n|t:|1701068280\n|switch|p1a: Shaymin|Shaymin|100\/100\n|turn|19\n|\n|t:|1701068288\n|-zpower|p1a: Shaymin\n|move|p1a: Shaymin|Z-Celebrate|p1a: Shaymin|[anim]Celebrate\n|-boost|p1a: Shaymin|atk|1|[zeffect]\n|-boost|p1a: Shaymin|def|1|[zeffect]\n|-boost|p1a: Shaymin|spa|1|[zeffect]\n|-boost|p1a: Shaymin|spd|1|[zeffect]\n|-boost|p1a: Shaymin|spe|1|[zeffect]\n|-activate|p1a: Shaymin|move: Celebrate\n|move|p2a: Manaphy|Tail Glow|p2a: Manaphy\n|-boost|p2a: Manaphy|spa|3\n|\n|-heal|p2a: Manaphy|48\/100|[from] item: Leftovers\n|upkeep\n|turn|20\n|\n|t:|1701068301\n|move|p1a: Shaymin|Seed Flare|p2a: Manaphy\n|-supereffective|p2a: Manaphy\n|-damage|p2a: Manaphy|0 fnt\n|faint|p2a: Manaphy\n|\n|win|mujiangge\n|raw|mujiangge's rating: 1294 &rarr; <strong>1312<\/strong><br \/>(+18 for winning)\n|raw|plotuser's rating: 1187 &rarr; <strong>1169<\/strong><br \/>(-18 for losing)\n|l|\u2606plotuser\n","uploadtime":1701068313,"views":2,"p1id":"mujiangge","p2id":"plotuser","formatid":"gen9nationaldex","rating":1169,"private":0,"password":""}