{"id":"gen9nationaldex-1993572744","p1":"ITS EDOT BABY","p2":"Osgar","format":"[Gen 9] National Dex","log":"|j|\u2606ITS EDOT BABY\n|j|\u2606Osgar\n|t:|1700333166\n|gametype|singles\n|player|p1|ITS EDOT BABY|lucas|1636\n|player|p2|Osgar|giovanni|1601\n|teamsize|p1|6\n|teamsize|p2|6\n|gen|9\n|tier|[Gen 9] National Dex\n|rated|\n|rule|HP Percentage Mod: HP is shown in percentages\n|rule|Endless Battle Clause: Forcing endless battles is banned\n|rule|OHKO Clause: OHKO moves are banned\n|rule|Evasion Clause: Evasion abilities, items, and moves are banned\n|rule|Evasion Abilities Clause: Evasion abilities are banned\n|rule|Evasion Items Clause: Evasion items are banned\n|rule|Evasion Moves Clause: Evasion moves are banned\n|rule|Species Clause: Limit one of each Pok\u00e9mon\n|rule|Sleep Clause Mod: Limit one foe put to sleep\n|clearpoke\n|poke|p1|Scizor, M|\n|poke|p1|Skeledirge, M|\n|poke|p1|Clodsire, F|\n|poke|p1|Pawmot, M|\n|poke|p1|Samurott-Hisui, M|\n|poke|p1|Greninja-*, M|\n|poke|p2|Araquanid, F|\n|poke|p2|Ferrothorn, F|\n|poke|p2|Kingdra, F|\n|poke|p2|Zapdos|\n|poke|p2|Pelipper, M|\n|poke|p2|Politoed, F|\n|teampreview\n|\n|t:|1700333185\n|start\n|switch|p1a: Pawmot|Pawmot, M|100\/100\n|switch|p2a: Araquanid|Araquanid, F, shiny|100\/100\n|turn|1\n|\n|t:|1700333190\n|move|p1a: Pawmot|Double Shock|p2a: Araquanid\n|-supereffective|p2a: Araquanid\n|-damage|p2a: Araquanid|0 fnt\n|-start|p1a: Pawmot|typechange|???\/Fighting|[from] move: Double Shock\n|faint|p2a: Araquanid\n|\n|upkeep\n|\n|t:|1700333193\n|switch|p2a: Ferrothorn|Ferrothorn, F|100\/100\n|turn|2\n|\n|t:|1700333198\n|switch|p1a: Skeledirge|Skeledirge, M|100\/100\n|move|p2a: Ferrothorn|Knock Off|p1a: Skeledirge\n|-supereffective|p1a: Skeledirge\n|-damage|p1a: Skeledirge|75\/100\n|-enditem|p1a: Skeledirge|Heavy-Duty Boots|[from] move: Knock Off|[of] p2a: Ferrothorn\n|\n|upkeep\n|turn|3\n|\n|t:|1700333204\n|switch|p1a: Pawmot|Pawmot, M|100\/100\n|switch|p2a: Politoed|Politoed, F|100\/100\n|-weather|RainDance|[from] ability: Drizzle|[of] p2a: Politoed\n|\n|-weather|RainDance|[upkeep]\n|upkeep\n|turn|4\n|\n|t:|1700333208\n|move|p1a: Pawmot|Close Combat|p2a: Politoed\n|-damage|p2a: Politoed|16\/100\n|-unboost|p1a: Pawmot|def|1\n|-unboost|p1a: Pawmot|spd|1\n|move|p2a: Politoed|Earth Power|p1a: Pawmot\n|-supereffective|p1a: Pawmot\n|-damage|p1a: Pawmot|0 fnt\n|faint|p1a: Pawmot\n|\n|-weather|RainDance|[upkeep]\n|upkeep\n|\n|t:|1700333213\n|switch|p1a: Greninja|Greninja, M|100\/100\n|turn|5\n|\n|t:|1700333220\n|switch|p2a: Ferrothorn|Ferrothorn, F|100\/100\n|move|p1a: Greninja|Work Up|p1a: Greninja\n|-boost|p1a: Greninja|atk|1\n|-boost|p1a: Greninja|spa|1\n|\n|-weather|RainDance|[upkeep]\n|upkeep\n|turn|6\n|\n|t:|1700333225\n|-zpower|p1a: Greninja\n|move|p1a: Greninja|Black Hole Eclipse|p2a: Ferrothorn|[zeffect]\n|-damage|p2a: Ferrothorn|34\/100\n|move|p2a: Ferrothorn|Leech Seed|p1a: Greninja\n|-start|p1a: Greninja|move: Leech Seed\n|\n|-weather|RainDance|[upkeep]\n|-damage|p1a: Greninja|88\/100|[from] Leech Seed|[of] p2a: Ferrothorn\n|-heal|p2a: Ferrothorn|44\/100|[silent]\n|upkeep\n|turn|7\n|\n|t:|1700333237\n|switch|p1a: Skeledirge|Skeledirge, M|75\/100\n|move|p2a: Ferrothorn|Knock Off|p1a: Skeledirge\n|-supereffective|p1a: Skeledirge\n|-damage|p1a: Skeledirge|58\/100\n|\n|-weather|none\n|upkeep\n|turn|8\n|\n|t:|1700333242\n|switch|p2a: Politoed|Politoed, F|16\/100\n|-weather|RainDance|[from] ability: Drizzle|[of] p2a: Politoed\n|move|p1a: Skeledirge|Slack Off|p1a: Skeledirge\n|-heal|p1a: Skeledirge|100\/100\n|\n|-weather|RainDance|[upkeep]\n|upkeep\n|turn|9\n|\n|t:|1700333246\n|switch|p1a: Clodsire|Clodsire, F|100\/100\n|move|p2a: Politoed|Earth Power|p1a: Clodsire\n|-supereffective|p1a: Clodsire\n|-damage|p1a: Clodsire|62\/100\n|\n|-weather|RainDance|[upkeep]\n|-heal|p1a: Clodsire|68\/100|[from] item: Leftovers\n|upkeep\n|turn|10\n|\n|t:|1700333248\n|move|p2a: Politoed|Earth Power|p1a: Clodsire\n|-supereffective|p1a: Clodsire\n|-damage|p1a: Clodsire|26\/100\n|move|p1a: Clodsire|Stealth Rock|p2a: Politoed\n|-sidestart|p2: Osgar|move: Stealth Rock\n|\n|-weather|RainDance|[upkeep]\n|-heal|p1a: Clodsire|32\/100|[from] item: Leftovers\n|upkeep\n|turn|11\n|\n|t:|1700333258\n|switch|p1a: Samurott|Samurott-Hisui, M|100\/100\n|move|p2a: Politoed|Earth Power|p1a: Samurott\n|-damage|p1a: Samurott|46\/100\n|\n|-weather|RainDance|[upkeep]\n|upkeep\n|turn|12\n|\n|t:|1700333262\n|move|p1a: Samurott|Ceaseless Edge|p2a: Politoed\n|-damage|p2a: Politoed|0 fnt\n|-sidestart|p2: Osgar|Spikes\n|faint|p2a: Politoed\n|\n|-weather|none\n|upkeep\n|\n|t:|1700333264\n|switch|p2a: Pelipper|Pelipper, M|100\/100\n|-damage|p2a: Pelipper|76\/100|[from] Stealth Rock\n|-weather|RainDance|[from] ability: Drizzle|[of] p2a: Pelipper\n|turn|13\n|\n|t:|1700333268\n|-terastallize|p1a: Samurott|Dark\n|move|p1a: Samurott|Ceaseless Edge|p2a: Pelipper\n|-damage|p2a: Pelipper|5\/100\n|-sidestart|p2: Osgar|Spikes\n|move|p2a: Pelipper|Defog|p1a: Samurott\n|-unboost|p1a: Samurott|evasion|1\n|-sideend|p2: Osgar|Spikes|[from] move: Defog|[of] p2a: Pelipper\n|-sideend|p2: Osgar|Stealth Rock|[from] move: Defog|[of] p2a: Pelipper\n|\n|-weather|RainDance|[upkeep]\n|upkeep\n|turn|14\n|\n|t:|1700333274\n|switch|p2a: Zapdos|Zapdos|100\/100\n|move|p1a: Samurott|Ceaseless Edge|p2a: Zapdos\n|-damage|p2a: Zapdos|8\/100\n|-sidestart|p2: Osgar|Spikes\n|\n|-weather|RainDance|[upkeep]\n|upkeep\n|turn|15\n|\n|t:|1700333285\n|move|p2a: Zapdos|Hurricane|p1a: Samurott\n|-damage|p1a: Samurott|0 fnt\n|faint|p1a: Samurott\n|\n|-weather|RainDance|[upkeep]\n|upkeep\n|\n|t:|1700333287\n|switch|p1a: Greninja|Greninja, M|88\/100\n|turn|16\n|\n|t:|1700333291\n|move|p1a: Greninja|Dark Pulse|p2a: Zapdos\n|-damage|p2a: Zapdos|0 fnt\n|faint|p2a: Zapdos\n|-ability|p1a: Greninja|Battle Bond|boost\n|-boost|p1a: Greninja|atk|1\n|-boost|p1a: Greninja|spa|1\n|-boost|p1a: Greninja|spe|1\n|-activate|p1a: Greninja|ability: Battle Bond\n|\n|-weather|RainDance|[upkeep]\n|upkeep\n|\n|t:|1700333292\n|switch|p2a: Kingdra|Kingdra, F|100\/100\n|-damage|p2a: Kingdra|88\/100|[from] Spikes\n|turn|17\n|\n|t:|1700333299\n|switch|p1a: Scizor|Scizor, M|100\/100\n|move|p2a: Kingdra|Draco Meteor|p1a: Scizor\n|-resisted|p1a: Scizor\n|-crit|p1a: Scizor\n|-damage|p1a: Scizor|43\/100\n|-unboost|p2a: Kingdra|spa|2\n|-damage|p2a: Kingdra|78\/100|[from] item: Life Orb\n|\n|-weather|RainDance|[upkeep]\n|upkeep\n|turn|18\n|\n|t:|1700333304\n|switch|p1a: Clodsire|Clodsire, F|32\/100\n|move|p2a: Kingdra|Surf|p1a: Clodsire\n|-heal|p1a: Clodsire|57\/100|[from] ability: Water Absorb|[of] p2a: Kingdra\n|\n|-weather|RainDance|[upkeep]\n|-heal|p1a: Clodsire|64\/100|[from] item: Leftovers\n|upkeep\n|turn|19\n|\n|t:|1700333307\n|switch|p2a: Ferrothorn|Ferrothorn, F|44\/100\n|-damage|p2a: Ferrothorn|32\/100|[from] Spikes\n|move|p1a: Clodsire|Stealth Rock|p2a: Ferrothorn\n|-sidestart|p2: Osgar|move: Stealth Rock\n|\n|-weather|RainDance|[upkeep]\n|-heal|p1a: Clodsire|70\/100|[from] item: Leftovers\n|upkeep\n|turn|20\n|\n|t:|1700333310\n|switch|p1a: Scizor|Scizor, M|43\/100\n|move|p2a: Ferrothorn|Leech Seed|p1a: Scizor|[miss]\n|-miss|p2a: Ferrothorn|p1a: Scizor\n|\n|-weather|none\n|upkeep\n|turn|21\n|\n|t:|1700333313\n|detailschange|p1a: Scizor|Scizor-Mega, M\n|-mega|p1a: Scizor|Scizor|Scizorite\n|move|p1a: Scizor|Roost|p1a: Scizor\n|-heal|p1a: Scizor|93\/100\n|-singleturn|p1a: Scizor|move: Roost\n|move|p2a: Ferrothorn|Leech Seed|p1a: Scizor\n|-start|p1a: Scizor|move: Leech Seed\n|\n|-damage|p1a: Scizor|80\/100|[from] Leech Seed|[of] p2a: Ferrothorn\n|-heal|p2a: Ferrothorn|44\/100|[silent]\n|upkeep\n|turn|22\n|\n|t:|1700333316\n|switch|p1a: Skeledirge|Skeledirge, M|100\/100\n|move|p2a: Ferrothorn|Stealth Rock|p1a: Skeledirge\n|-sidestart|p1: ITS EDOT BABY|move: Stealth Rock\n|\n|upkeep\n|turn|23\n|\n|t:|1700333319\n|move|p1a: Skeledirge|Torch Song|p2a: Ferrothorn\n|-supereffective|p2a: Ferrothorn\n|-crit|p2a: Ferrothorn\n|-damage|p2a: Ferrothorn|0 fnt\n|-boost|p1a: Skeledirge|spa|1\n|faint|p2a: Ferrothorn\n|\n|upkeep\n|\n|t:|1700333321\n|switch|p2a: Pelipper|Pelipper, M|5\/100\n|-damage|p2a: Pelipper|0 fnt|[from] Stealth Rock\n|faint|p2a: Pelipper\n|\n|t:|1700333322\n|switch|p2a: Kingdra|Kingdra, F|78\/100\n|-damage|p2a: Kingdra|66\/100|[from] Spikes\n|-damage|p2a: Kingdra|53\/100|[from] Stealth Rock\n|turn|24\n|\n|t:|1700333325\n|move|p2a: Kingdra|Surf|p1a: Skeledirge\n|-supereffective|p1a: Skeledirge\n|-damage|p1a: Skeledirge|0 fnt\n|faint|p1a: Skeledirge\n|-damage|p2a: Kingdra|43\/100|[from] item: Life Orb\n|\n|upkeep\n|\n|t:|1700333326\n|switch|p1a: Greninja|Greninja, M|88\/100\n|-damage|p1a: Greninja|76\/100|[from] Stealth Rock\n|turn|25\n|\n|t:|1700333329\n|move|p1a: Greninja|Dark Pulse|p2a: Kingdra\n|-damage|p2a: Kingdra|3\/100\n|move|p2a: Kingdra|Draco Meteor|p1a: Greninja\n|-damage|p1a: Greninja|0 fnt\n|-unboost|p2a: Kingdra|spa|2\n|faint|p1a: Greninja\n|-damage|p2a: Kingdra|0 fnt|[from] item: Life Orb\n|faint|p2a: Kingdra\n|\n|win|ITS EDOT BABY\n|raw|ITS EDOT BABY's rating: 1636 &rarr; <strong>1654<\/strong><br \/>(+18 for winning)\n|raw|Osgar's rating: 1601 &rarr; <strong>1583<\/strong><br \/>(-18 for losing)\n","uploadtime":1700333337,"views":6,"p1id":"itsedotbaby","p2id":"osgar","formatid":"gen9nationaldex","rating":1583,"private":0,"password":""}