{"id":"gen9nationaldex-1997697971","p1":"Dinumata","p2":"AltoMandoKuro","format":"[Gen 9] National Dex","log":"|html|<div class=\"broadcast-blue\"><strong>[Gen 9] National Dex is currently suspecting Sneasler! For information on how to participate check out the <a href=\"https:\/\/www.smogon.com\/forums\/threads\/sv-national-dex-suspect-8-just-dance.3731534\/\">suspect thread<\/a>.<\/strong><\/div>\n|j|\u2606Dinumata\n|j|\u2606AltoMandoKuro\n|t:|1700843012\n|gametype|singles\n|player|p1|Dinumata|red|\n|player|p2|AltoMandoKuro|veteran|\n|teamsize|p1|6\n|teamsize|p2|6\n|gen|9\n|tier|[Gen 9] National Dex\n|rule|HP Percentage Mod: HP is shown in percentages\n|rule|Endless Battle Clause: Forcing endless battles is banned\n|rule|OHKO Clause: OHKO moves are banned\n|rule|Evasion Clause: Evasion abilities, items, and moves are banned\n|rule|Evasion Abilities Clause: Evasion abilities are banned\n|rule|Evasion Items Clause: Evasion items are banned\n|rule|Evasion Moves Clause: Evasion moves are banned\n|rule|Species Clause: Limit one of each Pok\u00e9mon\n|rule|Sleep Clause Mod: Limit one foe put to sleep\n|clearpoke\n|poke|p1|Braviary, M|\n|poke|p1|Lycanroc-Dusk, F|\n|poke|p1|Magnezone|\n|poke|p1|Ninetales-Alola, M|\n|poke|p1|Snorlax, F|\n|poke|p1|Incineroar, F|\n|poke|p2|Sceptile, M|\n|poke|p2|Salamence, F|\n|poke|p2|Clawitzer, M|\n|poke|p2|Slaking, M|\n|poke|p2|Aegislash, F|\n|poke|p2|Slurpuff, F|\n|teampreview\n|j| newluka\n|c|\u2606AltoMandoKuro|glhf\n|\n|t:|1700843072\n|start\n|switch|p1a: Magnezone|Magnezone|100\/100\n|switch|p2a: Aegislash|Aegislash, F, shiny|100\/100\n|turn|1\n|\n|t:|1700843089\n|move|p2a: Aegislash|King's Shield|p2a: Aegislash\n|-singleturn|p2a: Aegislash|Protect\n|move|p1a: Magnezone|Volt Switch|p2a: Aegislash\n|-activate|p2a: Aegislash|move: Protect\n|\n|upkeep\n|turn|2\n|\n|t:|1700843094\n|move|p1a: Magnezone|Volt Switch|p2a: Aegislash\n|-damage|p2a: Aegislash|52\/100\n|\n|t:|1700843099\n|switch|p1a: Incineroar|Incineroar, F|100\/100|[from] Volt Switch\n|-ability|p1a: Incineroar|Intimidate|boost\n|-unboost|p2a: Aegislash|atk|1\n|move|p2a: Aegislash|Swords Dance|p2a: Aegislash\n|-boost|p2a: Aegislash|atk|2\n|\n|upkeep\n|turn|3\n|l| newluka\n|j| newluka\n|\n|t:|1700843144\n|move|p2a: Aegislash|King's Shield|p2a: Aegislash\n|-singleturn|p2a: Aegislash|Protect\n|move|p1a: Incineroar|Flare Blitz|p2a: Aegislash\n|-activate|p2a: Aegislash|move: Protect\n|-unboost|p1a: Incineroar|atk|1\n|\n|upkeep\n|turn|4\n|\n|t:|1700843188\n|switch|p2a: Hestia|Slurpuff, F|100\/100\n|move|p1a: Incineroar|Parting Shot|p2a: Hestia\n|-unboost|p2a: Hestia|atk|1\n|-unboost|p2a: Hestia|spa|1\n|\n|t:|1700843199\n|switch|p1a: Magnezone|Magnezone|100\/100|[from] Parting Shot\n|\n|upkeep\n|turn|5\n|\n|t:|1700843250\n|switch|p2a: Aegislash|Aegislash, F, shiny|52\/100\n|move|p1a: Magnezone|Thunderbolt|p2a: Aegislash\n|-damage|p2a: Aegislash|0 fnt\n|faint|p2a: Aegislash\n|\n|upkeep\n|\n|t:|1700843275\n|switch|p2a: Slaking|Slaking, M|100\/100\n|turn|6\n|\n|t:|1700843285\n|switch|p1a: Incineroar|Incineroar, F|100\/100\n|-ability|p1a: Incineroar|Intimidate|boost\n|-unboost|p2a: Slaking|atk|1\n|move|p2a: Slaking|Earthquake|p1a: Incineroar\n|-supereffective|p1a: Incineroar\n|-enditem|p1a: Incineroar|Shuca Berry|[eat]\n|-enditem|p1a: Incineroar|Shuca Berry|[weaken]\n|-damage|p1a: Incineroar|82\/100\n|\n|upkeep\n|turn|7\n|\n|t:|1700843325\n|switch|p2a: Clawitzer|Clawitzer, M, shiny|100\/100\n|move|p1a: Incineroar|Will-O-Wisp|p2a: Clawitzer\n|-status|p2a: Clawitzer|brn\n|\n|-damage|p2a: Clawitzer|94\/100 brn|[from] brn\n|upkeep\n|turn|8\n|\n|t:|1700843338\n|switch|p1a: Snorlax|Snorlax, F|100\/100\n|move|p2a: Clawitzer|Water Pulse|p1a: Snorlax\n|-damage|p1a: Snorlax|75\/100\n|\n|-heal|p1a: Snorlax|81\/100|[from] item: Leftovers\n|-damage|p2a: Clawitzer|88\/100 brn|[from] brn\n|upkeep\n|turn|9\n|\n|t:|1700843373\n|move|p2a: Clawitzer|Dark Pulse|p1a: Snorlax\n|-damage|p1a: Snorlax|59\/100\n|move|p1a: Snorlax|Curse|p1a: Snorlax\n|-unboost|p1a: Snorlax|spe|1\n|-boost|p1a: Snorlax|atk|1\n|-boost|p1a: Snorlax|def|1\n|\n|-heal|p1a: Snorlax|65\/100|[from] item: Leftovers\n|-damage|p2a: Clawitzer|82\/100 brn|[from] brn\n|upkeep\n|turn|10\n|\n|t:|1700843390\n|switch|p2a: Hestia|Slurpuff, F|100\/100\n|move|p1a: Snorlax|Body Slam|p2a: Hestia\n|-damage|p2a: Hestia|41\/100\n|-enditem|p2a: Hestia|Sitrus Berry|[eat]\n|-heal|p2a: Hestia|66\/100|[from] item: Sitrus Berry\n|\n|-heal|p1a: Snorlax|71\/100|[from] item: Leftovers\n|upkeep\n|turn|11\n|\n|t:|1700843402\n|move|p2a: Hestia|Sticky Web|p1a: Snorlax\n|-sidestart|p1: Dinumata|move: Sticky Web\n|move|p1a: Snorlax|Body Slam|p2a: Hestia\n|-damage|p2a: Hestia|7\/100\n|\n|-heal|p1a: Snorlax|78\/100|[from] item: Leftovers\n|upkeep\n|turn|12\n|\n|t:|1700843433\n|move|p2a: Hestia|Drain Punch|p1a: Snorlax\n|-supereffective|p1a: Snorlax\n|-damage|p1a: Snorlax|60\/100\n|-heal|p2a: Hestia|21\/100|[from] drain|[of] p1a: Snorlax\n|move|p1a: Snorlax|Curse|p1a: Snorlax\n|-unboost|p1a: Snorlax|spe|1\n|-boost|p1a: Snorlax|atk|1\n|-boost|p1a: Snorlax|def|1\n|\n|-heal|p1a: Snorlax|66\/100|[from] item: Leftovers\n|upkeep\n|turn|13\n|\n|t:|1700843472\n|move|p2a: Hestia|Drain Punch|p1a: Snorlax\n|-supereffective|p1a: Snorlax\n|-damage|p1a: Snorlax|52\/100\n|-heal|p2a: Hestia|32\/100|[from] drain|[of] p1a: Snorlax\n|move|p1a: Snorlax|Curse|p1a: Snorlax\n|-unboost|p1a: Snorlax|spe|1\n|-boost|p1a: Snorlax|atk|1\n|-boost|p1a: Snorlax|def|1\n|\n|-heal|p1a: Snorlax|58\/100|[from] item: Leftovers\n|upkeep\n|turn|14\n|\n|t:|1700843496\n|move|p2a: Hestia|Drain Punch|p1a: Snorlax\n|-supereffective|p1a: Snorlax\n|-damage|p1a: Snorlax|47\/100\n|-heal|p2a: Hestia|40\/100|[from] drain|[of] p1a: Snorlax\n|move|p1a: Snorlax|Curse|p1a: Snorlax\n|-unboost|p1a: Snorlax|spe|1\n|-boost|p1a: Snorlax|atk|1\n|-boost|p1a: Snorlax|def|1\n|\n|-heal|p1a: Snorlax|54\/100|[from] item: Leftovers\n|upkeep\n|turn|15\n|\n|t:|1700843546\n|move|p2a: Hestia|Drain Punch|p1a: Snorlax\n|-supereffective|p1a: Snorlax\n|-damage|p1a: Snorlax|44\/100\n|-heal|p2a: Hestia|47\/100|[from] drain|[of] p1a: Snorlax\n|move|p1a: Snorlax|Body Slam|p2a: Hestia\n|-damage|p2a: Hestia|0 fnt\n|faint|p2a: Hestia\n|\n|-heal|p1a: Snorlax|50\/100|[from] item: Leftovers\n|upkeep\n|\n|t:|1700843555\n|switch|p2a: Sceptile|Sceptile, M, shiny|100\/100\n|turn|16\n|\n|t:|1700843561\n|detailschange|p2a: Sceptile|Sceptile-Mega, M, shiny\n|-mega|p2a: Sceptile|Sceptile|Sceptilite\n|move|p2a: Sceptile|Focus Blast|p1a: Snorlax|[miss]\n|-miss|p2a: Sceptile|p1a: Snorlax\n|move|p1a: Snorlax|Body Slam|p2a: Sceptile\n|-damage|p2a: Sceptile|0 fnt\n|faint|p2a: Sceptile\n|\n|-heal|p1a: Snorlax|56\/100|[from] item: Leftovers\n|upkeep\n|c|\u2606AltoMandoKuro|gg\n|\n|t:|1700843568\n|switch|p2a: Clawitzer|Clawitzer, M, shiny|82\/100 brn\n|turn|17\n|\n|t:|1700843572\n|move|p2a: Clawitzer|Hydro Pump|p1a: Snorlax\n|-damage|p1a: Snorlax|26\/100\n|move|p1a: Snorlax|Body Slam|p2a: Clawitzer\n|-damage|p2a: Clawitzer|0 fnt\n|faint|p2a: Clawitzer\n|\n|-heal|p1a: Snorlax|32\/100|[from] item: Leftovers\n|upkeep\n|\n|t:|1700843577\n|switch|p2a: Salamence|Salamence, F|100\/100\n|turn|18\n|\n|t:|1700843583\n|move|p2a: Salamence|Dragon Claw|p1a: Snorlax\n|-damage|p1a: Snorlax|19\/100\n|move|p1a: Snorlax|Body Slam|p2a: Salamence\n|-damage|p2a: Salamence|0 fnt\n|faint|p2a: Salamence\n|\n|-heal|p1a: Snorlax|25\/100|[from] item: Leftovers\n|upkeep\n|\n|t:|1700843586\n|switch|p2a: Slaking|Slaking, M|100\/100\n|turn|19\n|\n|t:|1700843588\n|-terastallize|p2a: Slaking|Normal\n|move|p2a: Slaking|Giga Impact|p1a: Snorlax\n|-damage|p1a: Snorlax|0 fnt\n|-mustrecharge|p2a: Slaking\n|faint|p1a: Snorlax\n|\n|upkeep\n|\n|t:|1700843600\n|switch|p1a: Lycanroc|Lycanroc-Dusk, F|100\/100\n|-activate|p1a: Lycanroc|move: Sticky Web\n|-unboost|p1a: Lycanroc|spe|1\n|turn|20\n|\n|t:|1700843604\n|cant|p2a: Slaking|recharge\n|move|p1a: Lycanroc|Close Combat|p2a: Slaking\n|-supereffective|p2a: Slaking\n|-damage|p2a: Slaking|17\/100\n|-unboost|p1a: Lycanroc|def|1\n|-unboost|p1a: Lycanroc|spd|1\n|\n|-heal|p2a: Slaking|23\/100|[from] item: Leftovers\n|upkeep\n|turn|21\n|\n|t:|1700843611\n|move|p1a: Lycanroc|Accelerock|p2a: Slaking\n|-damage|p2a: Slaking|2\/100\n|move|p2a: Slaking|Earthquake|p1a: Lycanroc\n|-supereffective|p1a: Lycanroc\n|-damage|p1a: Lycanroc|0 fnt\n|faint|p1a: Lycanroc\n|\n|-heal|p2a: Slaking|8\/100|[from] item: Leftovers\n|upkeep\n|\n|t:|1700843615\n|switch|p1a: Magnezone|Magnezone|100\/100\n|-activate|p1a: Magnezone|move: Sticky Web\n|-unboost|p1a: Magnezone|spe|1\n|turn|22\n|\n|t:|1700843620\n|cant|p2a: Slaking|ability: Truant\n|move|p1a: Magnezone|Thunderbolt|p2a: Slaking\n|-damage|p2a: Slaking|0 fnt\n|faint|p2a: Slaking\n|\n|win|Dinumata\n|c|\u2606AltoMandoKuro|gg\n|c|\u2606Dinumata|gg\n","uploadtime":1700843635,"views":1,"p1id":"dinumata","p2id":"altomandokuro","formatid":"gen9nationaldex","rating":0,"private":0,"password":""}