{"id":"gen9nationaldex-1994856173","p1":"TheSkiesAreGrey","p2":"Ribbit Mania","format":"[Gen 9] National Dex","log":"|html|<div class=\"broadcast-blue\"><strong>[Gen 9] National Dex is currently suspecting Sneasler! For information on how to participate check out the <a href=\"https:\/\/www.smogon.com\/forums\/threads\/sv-national-dex-suspect-8-just-dance.3731534\/\">suspect thread<\/a>.<\/strong><\/div>\n|j|\u2606TheSkiesAreGrey\n|j|\u2606Ribbit Mania\n|t:|1700499030\n|gametype|singles\n|player|p1|TheSkiesAreGrey|pilot|1197\n|player|p2|Ribbit Mania|skierf|1266\n|teamsize|p1|6\n|teamsize|p2|6\n|gen|9\n|tier|[Gen 9] National Dex\n|rated|\n|rule|HP Percentage Mod: HP is shown in percentages\n|rule|Endless Battle Clause: Forcing endless battles is banned\n|rule|OHKO Clause: OHKO moves are banned\n|rule|Evasion Clause: Evasion abilities, items, and moves are banned\n|rule|Evasion Abilities Clause: Evasion abilities are banned\n|rule|Evasion Items Clause: Evasion items are banned\n|rule|Evasion Moves Clause: Evasion moves are banned\n|rule|Species Clause: Limit one of each Pok\u00e9mon\n|rule|Sleep Clause Mod: Limit one foe put to sleep\n|clearpoke\n|poke|p1|Shuckle, F|\n|poke|p1|Meowscarada, M|\n|poke|p1|Cinderace, M|\n|poke|p1|Diancie|\n|poke|p1|Gliscor, F|\n|poke|p1|Goodra-Hisui, F|\n|poke|p2|Maushold|\n|poke|p2|Cloyster, M|\n|poke|p2|Cinccino, F|\n|poke|p2|Gliscor, F|\n|poke|p2|Blaziken, M|\n|poke|p2|Beedrill, F|\n|teampreview\n|inactive|Battle timer is ON: inactive players will automatically lose when time's up. (requested by Ribbit Mania)\n|inactive|TheSkiesAreGrey also wants the timer to be on.\n|\n|t:|1700499038\n|start\n|switch|p1a: Shuckle|Shuckle, F|100\/100\n|switch|p2a: Miles Prower|Cinccino, F, shiny|100\/100\n|turn|1\n|\n|t:|1700499044\n|move|p2a: Miles Prower|Rock Blast|p1a: Shuckle\n|-supereffective|p1a: Shuckle\n|-crit|p1a: Shuckle\n|-damage|p1a: Shuckle|85\/100\n|-supereffective|p1a: Shuckle\n|-damage|p1a: Shuckle|73\/100\n|-supereffective|p1a: Shuckle\n|-damage|p1a: Shuckle|62\/100\n|-supereffective|p1a: Shuckle\n|-damage|p1a: Shuckle|51\/100\n|-supereffective|p1a: Shuckle\n|-crit|p1a: Shuckle\n|-damage|p1a: Shuckle|37\/100\n|-hitcount|p1a: Shuckle|5\n|-damage|p2a: Miles Prower|91\/100|[from] item: Life Orb\n|move|p1a: Shuckle|Sticky Web|p2a: Miles Prower\n|-sidestart|p2: Ribbit Mania|move: Sticky Web\n|\n|upkeep\n|turn|2\n|\n|t:|1700499057\n|move|p2a: Miles Prower|Rock Blast|p1a: Shuckle\n|-supereffective|p1a: Shuckle\n|-damage|p1a: Shuckle|26\/100\n|-supereffective|p1a: Shuckle\n|-damage|p1a: Shuckle|15\/100\n|-supereffective|p1a: Shuckle\n|-damage|p1a: Shuckle|5\/100\n|-supereffective|p1a: Shuckle\n|-damage|p1a: Shuckle|0 fnt\n|faint|p1a: Shuckle\n|-hitcount|p1: Shuckle|4\n|-damage|p2a: Miles Prower|81\/100|[from] item: Life Orb\n|\n|upkeep\n|\n|t:|1700499073\n|switch|p1a: Meowscarada|Meowscarada, M|100\/100\n|turn|3\n|\n|t:|1700499083\n|move|p2a: Miles Prower|Triple Axel|p1a: Meowscarada\n|-supereffective|p1a: Meowscarada\n|-damage|p1a: Meowscarada|79\/100\n|-supereffective|p1a: Meowscarada\n|-crit|p1a: Meowscarada\n|-damage|p1a: Meowscarada|14\/100\n|-supereffective|p1a: Meowscarada\n|-damage|p1a: Meowscarada|0 fnt\n|faint|p1a: Meowscarada\n|-hitcount|p1: Meowscarada|3\n|-damage|p2a: Miles Prower|71\/100|[from] item: Life Orb\n|\n|upkeep\n|\n|t:|1700499093\n|switch|p1a: Cinderace|Cinderace, M|100\/100\n|turn|4\n|\n|t:|1700499098\n|move|p1a: Cinderace|High Jump Kick|p2a: Miles Prower\n|-start|p1a: Cinderace|typechange|Fighting|[from] ability: Libero\n|-supereffective|p2a: Miles Prower\n|-damage|p2a: Miles Prower|0 fnt\n|faint|p2a: Miles Prower\n|\n|upkeep\n|\n|t:|1700499105\n|switch|p2a: MUDAMUDAMUDAMUDA|Maushold|100\/100\n|-activate|p2a: MUDAMUDAMUDAMUDA|move: Sticky Web\n|-unboost|p2a: MUDAMUDAMUDAMUDA|spe|1\n|turn|5\n|\n|t:|1700499111\n|-terastallize|p2a: MUDAMUDAMUDAMUDA|Ghost\n|move|p1a: Cinderace|High Jump Kick|p2a: MUDAMUDAMUDAMUDA\n|-immune|p2a: MUDAMUDAMUDAMUDA\n|-damage|p1a: Cinderace|51\/100|[from] highjumpkick\n|move|p2a: MUDAMUDAMUDAMUDA|Tidy Up|p2a: MUDAMUDAMUDAMUDA\n|-sideend|p2: Ribbit Mania|Sticky Web\n|-activate|p2a: MUDAMUDAMUDAMUDA|move: Tidy Up\n|-boost|p2a: MUDAMUDAMUDAMUDA|atk|1\n|-boost|p2a: MUDAMUDAMUDAMUDA|spe|1\n|\n|upkeep\n|turn|6\n|\n|t:|1700499122\n|move|p1a: Cinderace|Pyro Ball|p2a: MUDAMUDAMUDAMUDA\n|-damage|p2a: MUDAMUDAMUDAMUDA|44\/100\n|move|p2a: MUDAMUDAMUDAMUDA|Population Bomb|p1a: Cinderace\n|-damage|p1a: Cinderace|28\/100\n|-damage|p1a: Cinderace|5\/100\n|-damage|p1a: Cinderace|0 fnt\n|faint|p1a: Cinderace\n|-hitcount|p1: Cinderace|3\n|\n|upkeep\n|\n|t:|1700499134\n|switch|p1a: Diancie|Diancie|100\/100\n|turn|7\n|\n|t:|1700499138\n|detailschange|p1a: Diancie|Diancie-Mega\n|-mega|p1a: Diancie|Diancie|Diancite\n|move|p2a: MUDAMUDAMUDAMUDA|Bullet Seed|p1a: Diancie\n|-supereffective|p1a: Diancie\n|-damage|p1a: Diancie|66\/100\n|-supereffective|p1a: Diancie\n|-damage|p1a: Diancie|32\/100\n|-supereffective|p1a: Diancie\n|-damage|p1a: Diancie|0 fnt\n|faint|p1a: Diancie\n|-hitcount|p1: Diancie|3\n|\n|upkeep\n|\n|t:|1700499148\n|switch|p1a: Goodra|Goodra-Hisui, F|100\/100\n|turn|8\n|\n|t:|1700499154\n|move|p2a: MUDAMUDAMUDAMUDA|Tidy Up|p2a: MUDAMUDAMUDAMUDA\n|-boost|p2a: MUDAMUDAMUDAMUDA|atk|1\n|-boost|p2a: MUDAMUDAMUDAMUDA|spe|1\n|move|p1a: Goodra|Flash Cannon|p2a: MUDAMUDAMUDAMUDA\n|-damage|p2a: MUDAMUDAMUDAMUDA|0 fnt\n|faint|p2a: MUDAMUDAMUDAMUDA\n|\n|upkeep\n|\n|t:|1700499156\n|switch|p2a: Scapegoat|Gliscor, F|100\/100\n|turn|9\n|\n|t:|1700499163\n|switch|p1a: Gliscor|Gliscor, F|100\/100\n|move|p2a: Scapegoat|Substitute|p2a: Scapegoat\n|-start|p2a: Scapegoat|Substitute\n|-damage|p2a: Scapegoat|76\/100\n|\n|-status|p2a: Scapegoat|tox|[from] item: Toxic Orb\n|-status|p1a: Gliscor|tox|[from] item: Toxic Orb\n|upkeep\n|turn|10\n|\n|t:|1700499174\n|move|p2a: Scapegoat|Swords Dance|p2a: Scapegoat\n|-boost|p2a: Scapegoat|atk|2\n|move|p1a: Gliscor|Swords Dance|p1a: Gliscor\n|-boost|p1a: Gliscor|atk|2\n|\n|-heal|p2a: Scapegoat|88\/100 tox|[from] ability: Poison Heal\n|upkeep\n|turn|11\n|\n|t:|1700499181\n|move|p2a: Scapegoat|Swords Dance|p2a: Scapegoat\n|-boost|p2a: Scapegoat|atk|2\n|move|p1a: Gliscor|Facade|p2a: Scapegoat\n|-end|p2a: Scapegoat|Substitute\n|\n|-heal|p2a: Scapegoat|100\/100 tox|[from] ability: Poison Heal\n|upkeep\n|turn|12\n|\n|t:|1700499190\n|move|p2a: Scapegoat|Dual Wingbeat|p1a: Gliscor\n|-damage|p1a: Gliscor|70\/100 tox\n|-damage|p1a: Gliscor|41\/100 tox\n|-hitcount|p1a: Gliscor|2\n|move|p1a: Gliscor|Facade|p2a: Scapegoat\n|-damage|p2a: Scapegoat|43\/100 tox\n|\n|-heal|p2a: Scapegoat|56\/100 tox|[from] ability: Poison Heal\n|-heal|p1a: Gliscor|53\/100 tox|[from] ability: Poison Heal\n|upkeep\n|turn|13\n|\n|t:|1700499201\n|move|p2a: Scapegoat|Dual Wingbeat|p1a: Gliscor\n|-damage|p1a: Gliscor|25\/100 tox\n|-damage|p1a: Gliscor|0 fnt\n|faint|p1a: Gliscor\n|-hitcount|p1: Gliscor|2\n|\n|-heal|p2a: Scapegoat|68\/100 tox|[from] ability: Poison Heal\n|upkeep\n|\n|t:|1700499208\n|switch|p1a: Goodra|Goodra-Hisui, F|100\/100\n|turn|14\n|\n|t:|1700499211\n|move|p2a: Scapegoat|Earthquake|p1a: Goodra\n|-supereffective|p1a: Goodra\n|-damage|p1a: Goodra|0 fnt\n|faint|p1a: Goodra\n|\n|win|Ribbit Mania\n|raw|TheSkiesAreGrey's rating: 1197 &rarr; <strong>1177<\/strong><br \/>(-20 for losing)\n|raw|Ribbit Mania's rating: 1266 &rarr; <strong>1286<\/strong><br \/>(+20 for winning)\n|l|\u2606TheSkiesAreGrey\n","uploadtime":1700499370,"views":2,"p1id":"theskiesaregrey","p2id":"ribbitmania","formatid":"gen9nationaldex","rating":1177,"private":0,"password":""}