{"id":"gen9nationaldex-1995890189","p1":"Weeb_Access","p2":"Dmath","format":"[Gen 9] National Dex","log":"|html|<div class=\"broadcast-blue\"><strong>[Gen 9] National Dex is currently suspecting Sneasler! For information on how to participate check out the <a href=\"https:\/\/www.smogon.com\/forums\/threads\/sv-national-dex-suspect-8-just-dance.3731534\/\">suspect thread<\/a>.<\/strong><\/div>\n|j|\u2606Weeb_Access\n|j|\u2606Dmath\n|t:|1700614064\n|gametype|singles\n|player|p1|Weeb_Access|cynthia-anime|1369\n|player|p2|Dmath|hugh|1464\n|teamsize|p1|6\n|teamsize|p2|6\n|gen|9\n|tier|[Gen 9] National Dex\n|rated|\n|rule|HP Percentage Mod: HP is shown in percentages\n|rule|Endless Battle Clause: Forcing endless battles is banned\n|rule|OHKO Clause: OHKO moves are banned\n|rule|Evasion Clause: Evasion abilities, items, and moves are banned\n|rule|Evasion Abilities Clause: Evasion abilities are banned\n|rule|Evasion Items Clause: Evasion items are banned\n|rule|Evasion Moves Clause: Evasion moves are banned\n|rule|Species Clause: Limit one of each Pok\u00e9mon\n|rule|Sleep Clause Mod: Limit one foe put to sleep\n|clearpoke\n|poke|p1|Corviknight, F|\n|poke|p1|Tapu Koko|\n|poke|p1|Iron Valiant|\n|poke|p1|Greninja-*, F|\n|poke|p1|Scizor, M|\n|poke|p1|Skeledirge, M|\n|poke|p2|Whimsicott, M|\n|poke|p2|Hydreigon, M|\n|poke|p2|Zapdos-Galar|\n|poke|p2|Goodra-Hisui, M|\n|poke|p2|Tapu Fini|\n|poke|p2|Ceruledge, M|\n|teampreview\n|inactive|Battle timer is ON: inactive players will automatically lose when time's up. (requested by Weeb_Access)\n|inactive|Dmath has 120 seconds left.\n|\n|t:|1700614102\n|start\n|switch|p1a: Misty|Greninja, F, shiny|100\/100\n|switch|p2a: Thox|Whimsicott, M, shiny|100\/100\n|turn|1\n|\n|t:|1700614123\n|move|p2a: Thox|Substitute|p2a: Thox\n|-start|p2a: Thox|Substitute\n|-damage|p2a: Thox|75\/100\n|move|p1a: Misty|Ice Beam|p2a: Thox\n|-start|p1a: Misty|typechange|Ice|[from] ability: Protean\n|-supereffective|p2a: Thox\n|-end|p2a: Thox|Substitute\n|\n|-heal|p2a: Thox|82\/100|[from] item: Leftovers\n|upkeep\n|turn|2\n|\n|t:|1700614135\n|switch|p2a: Ashley|Tapu Fini|100\/100\n|-fieldstart|move: Misty Terrain|[from] ability: Misty Surge|[of] p2a: Ashley\n|move|p1a: Misty|Ice Beam|p2a: Ashley\n|-resisted|p2a: Ashley\n|-damage|p2a: Ashley|78\/100\n|\n|upkeep\n|turn|3\n|\n|t:|1700614143\n|switch|p1a: Diantha|Tapu Koko, shiny|100\/100\n|-fieldstart|move: Electric Terrain|[from] ability: Electric Surge|[of] p1a: Diantha\n|move|p2a: Ashley|Hydro Pump|p1a: Diantha\n|-damage|p1a: Diantha|44\/100\n|\n|upkeep\n|turn|4\n|\n|t:|1700614154\n|switch|p2a: Bobuth|Goodra-Hisui, M|100\/100\n|move|p1a: Diantha|Thunderbolt|p2a: Bobuth\n|-resisted|p2a: Bobuth\n|-damage|p2a: Bobuth|89\/100\n|\n|upkeep\n|turn|5\n|\n|t:|1700614165\n|move|p1a: Diantha|Volt Switch|p2a: Bobuth\n|-resisted|p2a: Bobuth\n|-damage|p2a: Bobuth|80\/100\n|\n|t:|1700614173\n|switch|p1a: Bea|Iron Valiant, shiny|100\/100|[from] Volt Switch\n|-activate|p1a: Bea|ability: Quark Drive\n|-start|p1a: Bea|quarkdrivespe\n|move|p2a: Bobuth|Thunderbolt|p1a: Bea\n|-damage|p1a: Bea|17\/100\n|\n|upkeep\n|turn|6\n|\n|t:|1700614187\n|switch|p2a: Kane|Ceruledge, M|100\/100\n|move|p1a: Bea|Close Combat|p2a: Kane\n|-immune|p2a: Kane\n|\n|upkeep\n|turn|7\n|\n|t:|1700614194\n|-end|p1a: Bea|Quark Drive|[silent]\n|switch|p1a: Kahili|Corviknight, F, shiny|100\/100\n|move|p2a: Kane|Shadow Sneak|p1a: Kahili\n|-damage|p1a: Kahili|83\/100\n|-damage|p2a: Kane|84\/100|[from] item: Rocky Helmet|[of] p1a: Kahili\n|-damage|p2a: Kane|74\/100|[from] item: Life Orb\n|\n|upkeep\n|turn|8\n|\n|t:|1700614206\n|move|p2a: Kane|Bitter Blade|p1a: Kahili\n|-supereffective|p1a: Kahili\n|-damage|p1a: Kahili|7\/100\n|-heal|p2a: Kane|100\/100|[from] drain|[of] p1a: Kahili\n|-damage|p2a: Kane|84\/100|[from] item: Rocky Helmet|[of] p1a: Kahili\n|-damage|p2a: Kane|74\/100|[from] item: Life Orb\n|move|p1a: Kahili|U-turn|p2a: Kane\n|-resisted|p2a: Kane\n|-damage|p2a: Kane|69\/100\n|-ability|p2a: Kane|Weak Armor|boost\n|-unboost|p2a: Kane|def|1\n|-boost|p2a: Kane|spe|2\n|-message|Weeb_Access forfeited.\n|\n|win|Dmath\n|raw|Weeb_Access's rating: 1369 &rarr; <strong>1354<\/strong><br \/>(-15 for losing)\n|raw|Dmath's rating: 1464 &rarr; <strong>1479<\/strong><br \/>(+15 for winning)\n|l|\u2606Weeb_Access\n","uploadtime":1700614232,"views":9,"p1id":"weebaccess","p2id":"dmath","formatid":"gen9nationaldex","rating":1354,"private":0,"password":""}