{"id":"gen9nationaldex-1991727154","p1":"Yellow444","p2":"RiouruK","format":"[Gen 9] National Dex","log":"|j|\u2606Yellow444\n|j|\u2606RiouruK\n|t:|1700107620\n|gametype|singles\n|player|p1|Yellow444|brock|1023\n|player|p2|RiouruK|ghetsis|1042\n|teamsize|p1|6\n|teamsize|p2|6\n|gen|9\n|tier|[Gen 9] National Dex\n|rated|\n|rule|HP Percentage Mod: HP is shown in percentages\n|rule|Endless Battle Clause: Forcing endless battles is banned\n|rule|OHKO Clause: OHKO moves are banned\n|rule|Evasion Clause: Evasion abilities, items, and moves are banned\n|rule|Evasion Abilities Clause: Evasion abilities are banned\n|rule|Evasion Items Clause: Evasion items are banned\n|rule|Evasion Moves Clause: Evasion moves are banned\n|rule|Species Clause: Limit one of each Pok\u00e9mon\n|rule|Sleep Clause Mod: Limit one foe put to sleep\n|clearpoke\n|poke|p1|Onix, M|\n|poke|p1|Aerodactyl, F|\n|poke|p1|Kabutops, M|\n|poke|p1|Omastar, M|\n|poke|p1|Golem, F|\n|poke|p1|Relicanth, F|\n|poke|p2|Kommo-o, F|\n|poke|p2|Iron Valiant|\n|poke|p2|Lopunny, F|\n|poke|p2|Blaziken, F|\n|poke|p2|Urshifu-*, M|\n|poke|p2|Great Tusk|\n|teampreview\n|\n|t:|1700107639\n|start\n|switch|p1a: Onix|Onix, M|100\/100\n|switch|p2a: Lopunny|Lopunny, F, shiny|100\/100\n|turn|1\n|inactive|Battle timer is ON: inactive players will automatically lose when time's up. (requested by Yellow444)\n|\n|t:|1700107655\n|move|p2a: Lopunny|U-turn|p1a: Onix\n|-damage|p1a: Onix|90\/100\n|-damage|p2a: Lopunny|84\/100|[from] item: Rocky Helmet|[of] p1a: Onix\n|\n|t:|1700107666\n|switch|p2a: Lucarion't|Kommo-o, F|100\/100|[from] U-turn\n|move|p1a: Onix|Body Press|p2a: Lucarion't\n|-damage|p2a: Lucarion't|68\/100\n|\n|upkeep\n|turn|2\n|\n|t:|1700107679\n|move|p2a: Lucarion't|Clanging Scales|p1a: Onix\n|-damage|p1a: Onix|0 fnt\n|faint|p1a: Onix\n|-unboost|p2a: Lucarion't|def|1\n|\n|upkeep\n|inactive|Yellow444 has 120 seconds left.\n|\n|t:|1700107712\n|switch|p1a: Aerodactyl|Aerodactyl, F|100\/100\n|turn|3\n|\n|t:|1700107724\n|move|p1a: Aerodactyl|Earthquake|p2a: Lucarion't\n|-damage|p2a: Lucarion't|24\/100\n|move|p2a: Lucarion't|Clanging Scales|p1a: Aerodactyl\n|-damage|p1a: Aerodactyl|26\/100\n|-unboost|p2a: Lucarion't|def|1\n|\n|upkeep\n|turn|4\n|\n|t:|1700107736\n|move|p1a: Aerodactyl|Earthquake|p2a: Lucarion't\n|-damage|p2a: Lucarion't|0 fnt\n|faint|p2a: Lucarion't\n|\n|upkeep\n|\n|t:|1700107758\n|switch|p2a: Lopunny|Lopunny, F, shiny|84\/100\n|turn|5\n|\n|t:|1700107765\n|move|p1a: Aerodactyl|Roost|p1a: Aerodactyl\n|-heal|p1a: Aerodactyl|77\/100\n|-singleturn|p1a: Aerodactyl|move: Roost\n|move|p2a: Lopunny|Frustration|p1a: Aerodactyl\n|-resisted|p1a: Aerodactyl\n|-damage|p1a: Aerodactyl|44\/100\n|\n|upkeep\n|turn|6\n|\n|t:|1700107775\n|move|p1a: Aerodactyl|Roost|p1a: Aerodactyl\n|-heal|p1a: Aerodactyl|94\/100\n|-singleturn|p1a: Aerodactyl|move: Roost\n|move|p2a: Lopunny|U-turn|p1a: Aerodactyl\n|-damage|p1a: Aerodactyl|66\/100\n|\n|t:|1700107781\n|switch|p2a: Urshifu|Urshifu-Rapid-Strike, M|100\/100|[from] U-turn\n|\n|upkeep\n|turn|7\n|\n|t:|1700107793\n|move|p1a: Aerodactyl|Earthquake|p2a: Urshifu\n|-damage|p2a: Urshifu|69\/100\n|move|p2a: Urshifu|Surging Strikes|p1a: Aerodactyl\n|-supereffective|p1a: Aerodactyl\n|-crit|p1a: Aerodactyl\n|-damage|p1a: Aerodactyl|0 fnt\n|faint|p1a: Aerodactyl\n|-hitcount|p1: Aerodactyl|1\n|\n|upkeep\n|inactive|Yellow444 has 120 seconds left.\n|\n|t:|1700107818\n|switch|p1a: Kabutops|Kabutops, M|100\/100\n|turn|8\n|\n|t:|1700107832\n|move|p2a: Urshifu|Swords Dance|p2a: Urshifu\n|-boost|p2a: Urshifu|atk|2\n|move|p1a: Kabutops|Swords Dance|p1a: Kabutops\n|-boost|p1a: Kabutops|atk|2\n|\n|upkeep\n|turn|9\n|\n|t:|1700107842\n|move|p1a: Kabutops|Aqua Jet|p2a: Urshifu\n|-resisted|p2a: Urshifu\n|-damage|p2a: Urshifu|40\/100\n|-damage|p1a: Kabutops|91\/100|[from] item: Life Orb\n|move|p2a: Urshifu|Close Combat|p1a: Kabutops\n|-supereffective|p1a: Kabutops\n|-damage|p1a: Kabutops|0 fnt\n|-unboost|p2a: Urshifu|def|1\n|-unboost|p2a: Urshifu|spd|1\n|faint|p1a: Kabutops\n|\n|upkeep\n|\n|t:|1700107856\n|switch|p1a: Golem|Golem, F|100\/100\n|turn|10\n|\n|t:|1700107861\n|move|p2a: Urshifu|Surging Strikes|p1a: Golem\n|-supereffective|p1a: Golem\n|-crit|p1a: Golem\n|-ability|p1a: Golem|Sturdy\n|-damage|p1a: Golem|1\/100\n|-supereffective|p1a: Golem\n|-crit|p1a: Golem\n|-damage|p1a: Golem|0 fnt\n|faint|p1a: Golem\n|-hitcount|p1: Golem|2\n|\n|upkeep\n|\n|t:|1700107869\n|switch|p1a: Relicanth|Relicanth, F|100\/100\n|turn|11\n|\n|t:|1700107881\n|move|p2a: Urshifu|Close Combat|p1a: Relicanth\n|-supereffective|p1a: Relicanth\n|-damage|p1a: Relicanth|0 fnt\n|-unboost|p2a: Urshifu|def|1\n|-unboost|p2a: Urshifu|spd|1\n|faint|p1a: Relicanth\n|\n|upkeep\n|\n|t:|1700107887\n|switch|p1a: Omastar|Omastar, M|100\/100\n|turn|12\n|\n|t:|1700107892\n|move|p2a: Urshifu|Close Combat|p1a: Omastar\n|-supereffective|p1a: Omastar\n|-damage|p1a: Omastar|0 fnt\n|-unboost|p2a: Urshifu|def|1\n|-unboost|p2a: Urshifu|spd|1\n|faint|p1a: Omastar\n|\n|win|RiouruK\n|raw|Yellow444's rating: 1023 &rarr; <strong>1010<\/strong><br \/>(-13 for losing)\n|raw|RiouruK's rating: 1042 &rarr; <strong>1074<\/strong><br \/>(+32 for winning)\n","uploadtime":1700107899,"views":10,"p1id":"yellow444","p2id":"riouruk","formatid":"gen9nationaldex","rating":1010,"private":0,"password":""}