{"id":"gen9nationaldex-1990909049","p1":"PhantonSpectrum","p2":"spylent6","format":"[Gen 9] National Dex","log":"|j|\u2606PhantonSpectrum\n|j|\u2606spylent6\n|t:|1700013970\n|gametype|singles\n|player|p1|PhantonSpectrum|clown|1324\n|player|p2|spylent6|palmer|1296\n|teamsize|p1|6\n|teamsize|p2|6\n|gen|9\n|tier|[Gen 9] National Dex\n|rated|\n|rule|HP Percentage Mod: HP is shown in percentages\n|rule|Endless Battle Clause: Forcing endless battles is banned\n|rule|OHKO Clause: OHKO moves are banned\n|rule|Evasion Clause: Evasion abilities, items, and moves are banned\n|rule|Evasion Abilities Clause: Evasion abilities are banned\n|rule|Evasion Items Clause: Evasion items are banned\n|rule|Evasion Moves Clause: Evasion moves are banned\n|rule|Species Clause: Limit one of each Pok\u00e9mon\n|rule|Sleep Clause Mod: Limit one foe put to sleep\n|clearpoke\n|poke|p1|Samurott-Hisui, F|\n|poke|p1|Kleavor, F|\n|poke|p1|Landorus-Therian, M|\n|poke|p1|Tapu Lele|\n|poke|p1|Heatran, F|\n|poke|p1|Dhelmise|\n|poke|p2|Hatterene, F|\n|poke|p2|Porygon2|\n|poke|p2|Mawile, M|\n|poke|p2|Crawdaunt, M|\n|poke|p2|Cresselia, F|\n|poke|p2|Cursola, F|\n|teampreview\n|inactive|Battle timer is ON: inactive players will automatically lose when time's up. (requested by spylent6)\n|\n|t:|1700013976\n|start\n|switch|p1a: Kleavor|Kleavor, F|100\/100\n|switch|p2a: Mawile|Mawile, M|100\/100\n|-ability|p2a: Mawile|Intimidate|boost\n|-unboost|p1a: Kleavor|atk|1\n|turn|1\n|\n|t:|1700013979\n|detailschange|p2a: Mawile|Mawile-Mega, M\n|-mega|p2a: Mawile|Mawile|Mawilite\n|move|p1a: Kleavor|U-turn|p2a: Mawile\n|-resisted|p2a: Mawile\n|-damage|p2a: Mawile|95\/100\n|\n|t:|1700013982\n|switch|p1a: Landorus|Landorus-Therian, M|100\/100|[from] U-turn\n|-ability|p1a: Landorus|Intimidate|boost\n|-unboost|p2a: Mawile|atk|1\n|move|p2a: Mawile|Iron Head|p1a: Landorus\n|-damage|p1a: Landorus|43\/100\n|\n|-heal|p1a: Landorus|49\/100|[from] item: Leftovers\n|upkeep\n|turn|2\n|\n|t:|1700013995\n|switch|p2a: Hatterene|Hatterene, F|100\/100\n|move|p1a: Landorus|Substitute|p1a: Landorus\n|-start|p1a: Landorus|Substitute\n|-damage|p1a: Landorus|24\/100\n|\n|-heal|p1a: Landorus|30\/100|[from] item: Leftovers\n|upkeep\n|turn|3\n|\n|t:|1700013999\n|move|p1a: Landorus|Earthquake|p2a: Hatterene\n|-damage|p2a: Hatterene|33\/100\n|move|p2a: Hatterene|Trick Room|p2a: Hatterene\n|-fieldstart|move: Trick Room|[of] p2a: Hatterene\n|\n|-heal|p1a: Landorus|36\/100|[from] item: Leftovers\n|upkeep\n|turn|4\n|\n|t:|1700014004\n|switch|p2a: Crawdaunt|Crawdaunt, M, shiny|100\/100\n|move|p1a: Landorus|Smack Down|p2a: Crawdaunt\n|-damage|p2a: Crawdaunt|79\/100\n|\n|-heal|p1a: Landorus|42\/100|[from] item: Leftovers\n|upkeep\n|turn|5\n|\n|t:|1700014006\n|move|p2a: Crawdaunt|Crabhammer|p1a: Landorus\n|-supereffective|p1a: Landorus\n|-end|p1a: Landorus|Substitute\n|-damage|p2a: Crawdaunt|69\/100|[from] item: Life Orb\n|move|p1a: Landorus|Earthquake|p2a: Crawdaunt\n|-damage|p2a: Crawdaunt|7\/100\n|\n|-heal|p1a: Landorus|48\/100|[from] item: Leftovers\n|upkeep\n|turn|6\n|\n|t:|1700014011\n|switch|p1a: Samurott|Samurott-Hisui, F|100\/100\n|move|p2a: Crawdaunt|Crabhammer|p1a: Samurott\n|-resisted|p1a: Samurott\n|-damage|p1a: Samurott|45\/100\n|-damage|p2a: Crawdaunt|0 fnt|[from] item: Rocky Helmet|[of] p1a: Samurott\n|faint|p2a: Crawdaunt\n|\n|upkeep\n|\n|t:|1700014021\n|switch|p2a: Mawile|Mawile-Mega, M|95\/100\n|turn|7\n|\n|t:|1700014025\n|switch|p1a: Dhelmise|Dhelmise|100\/100\n|move|p2a: Mawile|Play Rough|p1a: Dhelmise\n|-damage|p1a: Dhelmise|40\/100\n|-damage|p2a: Mawile|78\/100|[from] item: Rocky Helmet|[of] p1a: Dhelmise\n|\n|-fieldend|move: Trick Room\n|upkeep\n|turn|8\n|\n|t:|1700014030\n|switch|p1a: Landorus|Landorus-Therian, M|48\/100\n|-ability|p1a: Landorus|Intimidate|boost\n|-unboost|p2a: Mawile|atk|1\n|move|p2a: Mawile|Sucker Punch||[still]\n|-fail|p2a: Mawile\n|\n|-heal|p1a: Landorus|54\/100|[from] item: Leftovers\n|upkeep\n|turn|9\n|\n|t:|1700014038\n|move|p1a: Landorus|Bulk Up|p1a: Landorus\n|-boost|p1a: Landorus|atk|1\n|-boost|p1a: Landorus|def|1\n|move|p2a: Mawile|Iron Head|p1a: Landorus\n|-damage|p1a: Landorus|14\/100\n|\n|-heal|p1a: Landorus|20\/100|[from] item: Leftovers\n|upkeep\n|turn|10\n|\n|t:|1700014041\n|move|p2a: Mawile|Sucker Punch||[still]\n|-fail|p2a: Mawile\n|move|p1a: Landorus|Bulk Up|p1a: Landorus\n|-boost|p1a: Landorus|atk|1\n|-boost|p1a: Landorus|def|1\n|\n|-heal|p1a: Landorus|26\/100|[from] item: Leftovers\n|upkeep\n|turn|11\n|\n|t:|1700014046\n|move|p1a: Landorus|Earthquake|p2a: Mawile\n|-supereffective|p2a: Mawile\n|-damage|p2a: Mawile|0 fnt\n|faint|p2a: Mawile\n|\n|-heal|p1a: Landorus|32\/100|[from] item: Leftovers\n|upkeep\n|\n|t:|1700014050\n|switch|p2a: Cresselia|Cresselia, F|100\/100\n|turn|12\n|\n|t:|1700014053\n|move|p1a: Landorus|Substitute|p1a: Landorus\n|-start|p1a: Landorus|Substitute\n|-damage|p1a: Landorus|7\/100\n|move|p2a: Cresselia|Trick Room|p2a: Cresselia\n|-fieldstart|move: Trick Room|[of] p2a: Cresselia\n|\n|-heal|p1a: Landorus|13\/100|[from] item: Leftovers\n|upkeep\n|turn|13\n|\n|t:|1700014055\n|move|p2a: Cresselia|Moonblast|p1a: Landorus\n|-crit|p1a: Landorus\n|-end|p1a: Landorus|Substitute\n|move|p1a: Landorus|Smack Down|p2a: Cresselia\n|-damage|p2a: Cresselia|82\/100\n|-start|p2a: Cresselia|Smack Down\n|\n|-heal|p1a: Landorus|19\/100|[from] item: Leftovers\n|upkeep\n|turn|14\n|\n|t:|1700014078\n|switch|p2a: Porygon2|Porygon2|100\/100\n|-ability|p2a: Porygon2|Intimidate|boost\n|-unboost|p1a: Landorus|atk|1\n|-ability|p2a: Porygon2|Intimidate|[from] ability: Trace|[of] p1a: Landorus\n|switch|p1a: Tapu Lele|Tapu Lele|100\/100\n|-fieldstart|move: Psychic Terrain|[from] ability: Psychic Surge|[of] p1a: Tapu Lele\n|\n|upkeep\n|turn|15\n|\n|t:|1700014083\n|move|p1a: Tapu Lele|Psychic|p2a: Porygon2\n|-damage|p2a: Porygon2|59\/100\n|-unboost|p2a: Porygon2|spd|1\n|move|p2a: Porygon2|Teleport|p2a: Porygon2\n|\n|t:|1700014085\n|switch|p2a: Cursola|Cursola, F|100\/100|[from] Teleport\n|\n|upkeep\n|turn|16\n|\n|t:|1700014091\n|switch|p1a: Heatran|Heatran, F|100\/100\n|-item|p1a: Heatran|Air Balloon\n|-terastallize|p2a: Cursola|Ghost\n|move|p2a: Cursola|Shadow Ball|p1a: Heatran\n|-damage|p1a: Heatran|38\/100\n|-unboost|p1a: Heatran|spd|1\n|-enditem|p1a: Heatran|Air Balloon\n|\n|-fieldend|move: Trick Room\n|upkeep\n|turn|17\n|\n|t:|1700014095\n|switch|p2a: Porygon2|Porygon2|59\/100\n|-ability|p2a: Porygon2|Flash Fire|[from] ability: Trace|[of] p1a: Heatran\n|move|p1a: Heatran|Toxic|p2a: Porygon2\n|-status|p2a: Porygon2|tox\n|\n|-damage|p2a: Porygon2|53\/100 tox|[from] psn\n|upkeep\n|turn|18\n|\n|t:|1700014101\n|switch|p1a: Samurott|Samurott-Hisui, F|45\/100\n|move|p2a: Porygon2|Trick Room|p2a: Porygon2\n|-fieldstart|move: Trick Room|[of] p2a: Porygon2\n|\n|-damage|p2a: Porygon2|41\/100 tox|[from] psn\n|-fieldend|move: Psychic Terrain\n|upkeep\n|turn|19\n|\n|t:|1700014105\n|move|p1a: Samurott|Ceaseless Edge|p2a: Porygon2\n|-damage|p2a: Porygon2|19\/100 tox\n|-sidestart|p2: spylent6|Spikes\n|move|p2a: Porygon2|Teleport|p2a: Porygon2\n|\n|t:|1700014108\n|switch|p2a: Cursola|Cursola, F, tera:Ghost|100\/100|[from] Teleport\n|-damage|p2a: Cursola|88\/100|[from] Spikes\n|\n|upkeep\n|turn|20\n|\n|t:|1700014112\n|move|p2a: Cursola|Giga Drain|p1a: Samurott\n|-supereffective|p1a: Samurott\n|-damage|p1a: Samurott|0 fnt\n|-heal|p2a: Cursola|100\/100|[from] drain|[of] p1a: Samurott\n|faint|p1a: Samurott\n|\n|upkeep\n|\n|t:|1700014116\n|switch|p1a: Heatran|Heatran, F|38\/100\n|turn|21\n|\n|t:|1700014124\n|switch|p2a: Porygon2|Porygon2|19\/100 tox\n|-damage|p2a: Porygon2|7\/100 tox|[from] Spikes\n|-ability|p2a: Porygon2|Flash Fire|[from] ability: Trace|[of] p1a: Heatran\n|move|p1a: Heatran|Toxic|p2a: Porygon2\n|-fail|p2a: Porygon2|tox\n|\n|-damage|p2a: Porygon2|0 fnt|[from] psn\n|faint|p2a: Porygon2\n|upkeep\n|\n|t:|1700014126\n|switch|p2a: Cursola|Cursola, F, tera:Ghost|100\/100\n|-damage|p2a: Cursola|88\/100|[from] Spikes\n|turn|22\n|\n|t:|1700014128\n|move|p2a: Cursola|Shadow Ball|p1a: Heatran\n|-damage|p1a: Heatran|0 fnt\n|faint|p1a: Heatran\n|\n|-fieldend|move: Trick Room\n|upkeep\n|\n|t:|1700014140\n|switch|p1a: Kleavor|Kleavor, F|100\/100\n|turn|23\n|\n|t:|1700014146\n|switch|p2a: Hatterene|Hatterene, F|33\/100\n|-damage|p2a: Hatterene|21\/100|[from] Spikes\n|move|p1a: Kleavor|Stone Axe|p2a: Hatterene|[miss]\n|-miss|p1a: Kleavor|p2a: Hatterene\n|\n|upkeep\n|turn|24\n|\n|t:|1700014149\n|move|p1a: Kleavor|Stone Axe|p2a: Hatterene\n|-damage|p2a: Hatterene|0 fnt\n|-sidestart|p2: spylent6|move: Stealth Rock\n|faint|p2a: Hatterene\n|\n|upkeep\n|\n|t:|1700014152\n|switch|p2a: Cresselia|Cresselia, F|82\/100\n|-damage|p2a: Cresselia|70\/100|[from] Stealth Rock\n|turn|25\n|\n|t:|1700014154\n|move|p1a: Kleavor|Stone Axe|p2a: Cresselia\n|-damage|p2a: Cresselia|42\/100\n|move|p2a: Cresselia|Trick Room|p2a: Cresselia\n|-fieldstart|move: Trick Room|[of] p2a: Cresselia\n|\n|upkeep\n|turn|26\n|\n|t:|1700014158\n|move|p2a: Cresselia|Lunar Dance|p2a: Cresselia\n|faint|p2a: Cresselia\n|move|p1a: Kleavor|Stone Axe|p2: Cresselia|[notarget]\n|-fail|p1a: Kleavor\n|\n|upkeep\n|\n|t:|1700014160\n|switch|p2a: Cursola|Cursola, F, tera:Ghost|88\/100\n|-heal|p2a: Cursola|100\/100|[from] move: Lunar Dance\n|-damage|p2a: Cursola|88\/100|[from] Spikes\n|-damage|p2a: Cursola|76\/100|[from] Stealth Rock\n|turn|27\n|\n|t:|1700014179\n|move|p2a: Cursola|Shadow Ball|p1a: Kleavor\n|-damage|p1a: Kleavor|0 fnt\n|faint|p1a: Kleavor\n|\n|upkeep\n|\n|t:|1700014182\n|switch|p1a: Tapu Lele|Tapu Lele|100\/100\n|-fieldstart|move: Psychic Terrain|[from] ability: Psychic Surge|[of] p1a: Tapu Lele\n|turn|28\n|\n|t:|1700014185\n|-terastallize|p1a: Tapu Lele|Steel\n|move|p2a: Cursola|Shadow Ball|p1a: Tapu Lele\n|-damage|p1a: Tapu Lele|0 fnt\n|faint|p1a: Tapu Lele\n|\n|upkeep\n|-message|PhantonSpectrum forfeited.\n|\n|win|spylent6\n|raw|PhantonSpectrum's rating: 1324 &rarr; <strong>1302<\/strong><br \/>(-22 for losing)\n|raw|spylent6's rating: 1296 &rarr; <strong>1323<\/strong><br \/>(+27 for winning)\n|l|\u2606PhantonSpectrum\n","uploadtime":1700014202,"views":7,"p1id":"phantonspectrum","p2id":"spylent6","formatid":"gen9nationaldex","rating":1302,"private":0,"password":""}