{"id":"gen9nationaldex-2000125085","p1":"BigGayBearDad","p2":"AlakaXand","format":"[Gen 9] National Dex","log":"|html|<div class=\"broadcast-blue\"><strong>[Gen 9] National Dex is currently suspecting Sneasler! For information on how to participate check out the <a href=\"https:\/\/www.smogon.com\/forums\/threads\/sv-national-dex-suspect-8-just-dance.3731534\/\">suspect thread<\/a>.<\/strong><\/div>\n|j|\u2606BigGayBearDad\n|j|\u2606AlakaXand\n|t:|1701159340\n|gametype|singles\n|player|p1|BigGayBearDad|biker-gen4|1318\n|player|p2|AlakaXand|giovanni|1380\n|teamsize|p1|6\n|teamsize|p2|6\n|gen|9\n|tier|[Gen 9] National Dex\n|rated|\n|rule|HP Percentage Mod: HP is shown in percentages\n|rule|Endless Battle Clause: Forcing endless battles is banned\n|rule|OHKO Clause: OHKO moves are banned\n|rule|Evasion Clause: Evasion abilities, items, and moves are banned\n|rule|Evasion Abilities Clause: Evasion abilities are banned\n|rule|Evasion Items Clause: Evasion items are banned\n|rule|Evasion Moves Clause: Evasion moves are banned\n|rule|Species Clause: Limit one of each Pok\u00e9mon\n|rule|Sleep Clause Mod: Limit one foe put to sleep\n|clearpoke\n|poke|p1|Latios, M|\n|poke|p1|Buzzwole|\n|poke|p1|Gliscor, F|\n|poke|p1|Weavile, M|\n|poke|p1|Heatran, F|\n|poke|p1|Ogerpon-Wellspring, F|\n|poke|p2|Alomomola, F|\n|poke|p2|Mew|\n|poke|p2|Ogerpon-Wellspring, F|\n|poke|p2|Garchomp, M|\n|poke|p2|Volcarona, M|\n|poke|p2|Rillaboom, F|\n|teampreview\n|inactive|Battle timer is ON: inactive players will automatically lose when time's up. (requested by BigGayBearDad)\n|\n|t:|1701159353\n|start\n|switch|p1a: Weavile|Weavile, M|100\/100\n|switch|p2a: Undercooked|Mew|100\/100\n|-ability|p1a: Weavile|Pressure\n|turn|1\n|\n|t:|1701159362\n|move|p1a: Weavile|Knock Off|p2a: Undercooked\n|-supereffective|p2a: Undercooked\n|-damage|p2a: Undercooked|0 fnt\n|-enditem|p2a: Undercooked|Eject Button|[from] move: Knock Off|[of] p1a: Weavile\n|faint|p2a: Undercooked\n|\n|upkeep\n|\n|t:|1701159386\n|switch|p2a: Volcarona|Volcarona, M|100\/100\n|turn|2\n|\n|t:|1701159402\n|switch|p1a: Ogerpon|Ogerpon-Wellspring, F|100\/100\n|move|p2a: Volcarona|Quiver Dance|p2a: Volcarona\n|-boost|p2a: Volcarona|spa|1\n|-boost|p2a: Volcarona|spd|1\n|-boost|p2a: Volcarona|spe|1\n|\n|upkeep\n|turn|3\n|\n|t:|1701159419\n|-terastallize|p1a: Ogerpon|Water\n|detailschange|p1a: Ogerpon|Ogerpon-Wellspring-Tera, F, tera:Water\n|-ability|p1a: Ogerpon|Embody Aspect (Wellspring)|boost\n|-boost|p1a: Ogerpon|spd|1\n|move|p2a: Volcarona|Substitute|p2a: Volcarona\n|-start|p2a: Volcarona|Substitute\n|-damage|p2a: Volcarona|76\/100\n|move|p1a: Ogerpon|Ivy Cudgel|p2a: Volcarona|[anim] Ivy Cudgel Water\n|-supereffective|p2a: Volcarona\n|-end|p2a: Volcarona|Substitute\n|\n|upkeep\n|turn|4\n|\n|t:|1701159431\n|-terastallize|p2a: Volcarona|Grass\n|move|p2a: Volcarona|Giga Drain|p1a: Ogerpon\n|-supereffective|p1a: Ogerpon\n|-damage|p1a: Ogerpon|22\/100\n|-heal|p2a: Volcarona|100\/100|[from] drain|[of] p1a: Ogerpon\n|move|p1a: Ogerpon|Ivy Cudgel|p2a: Volcarona|[anim] Ivy Cudgel Water\n|-resisted|p2a: Volcarona\n|-damage|p2a: Volcarona|62\/100\n|\n|upkeep\n|turn|5\n|\n|t:|1701159449\n|switch|p1a: Heatran|Heatran, F|100\/100\n|move|p2a: Volcarona|Giga Drain|p1a: Heatran\n|-resisted|p1a: Heatran\n|-damage|p1a: Heatran|93\/100\n|-heal|p2a: Volcarona|66\/100|[from] drain|[of] p1a: Heatran\n|\n|-heal|p1a: Heatran|99\/100|[from] item: Leftovers\n|upkeep\n|turn|6\n|\n|t:|1701159465\n|switch|p2a: Garchomp|Garchomp, M|100\/100\n|move|p1a: Heatran|Magma Storm|p2a: Garchomp|[miss]\n|-miss|p1a: Heatran|p2a: Garchomp\n|\n|-heal|p1a: Heatran|100\/100|[from] item: Leftovers\n|upkeep\n|turn|7\n|\n|t:|1701159477\n|switch|p1a: Buzzwole|Buzzwole|100\/100\n|detailschange|p2a: Garchomp|Garchomp-Mega, M\n|-mega|p2a: Garchomp|Garchomp|Garchompite\n|move|p2a: Garchomp|Scale Shot|p1a: Buzzwole\n|-damage|p1a: Buzzwole|93\/100\n|-damage|p1a: Buzzwole|85\/100\n|-damage|p1a: Buzzwole|77\/100\n|-hitcount|p1a: Buzzwole|3\n|-unboost|p2a: Garchomp|def|1\n|-boost|p2a: Garchomp|spe|1\n|\n|upkeep\n|turn|8\n|\n|t:|1701159492\n|move|p2a: Garchomp|Fire Blast|p1a: Buzzwole\n|-supereffective|p1a: Buzzwole\n|-damage|p1a: Buzzwole|0 fnt\n|faint|p1a: Buzzwole\n|\n|upkeep\n|\n|t:|1701159498\n|switch|p1a: Weavile|Weavile, M|100\/100\n|-ability|p1a: Weavile|Pressure\n|turn|9\n|\n|t:|1701159506\n|move|p2a: Garchomp|Fire Blast|p1a: Weavile\n|-supereffective|p1a: Weavile\n|-damage|p1a: Weavile|22\/100\n|move|p1a: Weavile|Triple Axel|p2a: Garchomp\n|-supereffective|p2a: Garchomp\n|-damage|p2a: Garchomp|22\/100\n|-supereffective|p2a: Garchomp\n|-damage|p2a: Garchomp|0 fnt\n|faint|p2a: Garchomp\n|-hitcount|p2: Garchomp|2\n|\n|upkeep\n|\n|t:|1701159518\n|switch|p2a: Rillaboom|Rillaboom, F|100\/100\n|-fieldstart|move: Grassy Terrain|[from] ability: Grassy Surge|[of] p2a: Rillaboom\n|turn|10\n|\n|t:|1701159528\n|switch|p1a: Heatran|Heatran, F|100\/100\n|move|p2a: Rillaboom|Grassy Glide|p1a: Heatran\n|-resisted|p1a: Heatran\n|-damage|p1a: Heatran|92\/100\n|\n|-heal|p1a: Heatran|98\/100|[from] Grassy Terrain\n|-heal|p1a: Heatran|100\/100|[from] item: Leftovers\n|upkeep\n|turn|11\n|\n|t:|1701159537\n|move|p2a: Rillaboom|Superpower|p1a: Heatran\n|-supereffective|p1a: Heatran\n|-damage|p1a: Heatran|30\/100\n|-unboost|p2a: Rillaboom|atk|1\n|-unboost|p2a: Rillaboom|def|1\n|move|p1a: Heatran|Stealth Rock|p2a: Rillaboom\n|-sidestart|p2: AlakaXand|move: Stealth Rock\n|\n|-heal|p1a: Heatran|37\/100|[from] Grassy Terrain\n|-heal|p1a: Heatran|43\/100|[from] item: Leftovers\n|upkeep\n|turn|12\n|\n|t:|1701159547\n|switch|p1a: Latios|Latios, M|100\/100\n|move|p2a: Rillaboom|Superpower|p1a: Latios\n|-resisted|p1a: Latios\n|-damage|p1a: Latios|79\/100\n|-unboost|p2a: Rillaboom|atk|1\n|-unboost|p2a: Rillaboom|def|1\n|\n|upkeep\n|turn|13\n|\n|t:|1701159559\n|switch|p2a: Alomomola|Alomomola, F|100\/100\n|-damage|p2a: Alomomola|88\/100|[from] Stealth Rock\n|detailschange|p1a: Latios|Latios-Mega, M\n|-mega|p1a: Latios|Latios|Latiosite\n|move|p1a: Latios|Psychic|p2a: Alomomola\n|-damage|p2a: Alomomola|38\/100\n|-enditem|p2a: Alomomola|Red Card|[of] p1a: Latios\n|drag|p1a: Ogerpon|Ogerpon-Wellspring-Tera, F, tera:Water|22\/100\n|-ability|p1a: Ogerpon|Embody Aspect (Wellspring)|boost\n|-boost|p1a: Ogerpon|spd|1\n|\n|-heal|p1a: Ogerpon|28\/100|[from] Grassy Terrain\n|-heal|p2a: Alomomola|44\/100|[from] Grassy Terrain\n|upkeep\n|turn|14\n|inactive|BigGayBearDad has 120 seconds left.\n|\n|t:|1701159608\n|move|p1a: Ogerpon|Power Whip|p2a: Alomomola\n|-supereffective|p2a: Alomomola\n|-damage|p2a: Alomomola|0 fnt\n|faint|p2a: Alomomola\n|\n|-heal|p1a: Ogerpon|34\/100|[from] Grassy Terrain\n|-fieldend|move: Grassy Terrain\n|upkeep\n|\n|t:|1701159627\n|switch|p2a: Ogerpon|Ogerpon-Wellspring, F|100\/100\n|-damage|p2a: Ogerpon|88\/100|[from] Stealth Rock\n|turn|15\n|inactive|AlakaXand has 120 seconds left.\n|inactive|BigGayBearDad has 90 seconds left.\n|\n|t:|1701159679\n|move|p1a: Ogerpon|Power Whip|p2a: Ogerpon\n|-damage|p2a: Ogerpon|0 fnt\n|faint|p2a: Ogerpon\n|\n|upkeep\n|inactive|AlakaXand has 120 seconds left.\n|\n|t:|1701159687\n|switch|p2a: Rillaboom|Rillaboom, F|100\/100\n|-damage|p2a: Rillaboom|88\/100|[from] Stealth Rock\n|-fieldstart|move: Grassy Terrain|[from] ability: Grassy Surge|[of] p2a: Rillaboom\n|turn|16\n|inactive|AlakaXand has 120 seconds left.\n|\n|t:|1701159700\n|switch|p1a: Gliscor|Gliscor, F|100\/100\n|move|p2a: Rillaboom|Knock Off|p1a: Gliscor\n|-damage|p1a: Gliscor|74\/100\n|-enditem|p1a: Gliscor|Toxic Orb|[from] move: Knock Off|[of] p2a: Rillaboom\n|\n|-heal|p2a: Rillaboom|94\/100|[from] Grassy Terrain\n|upkeep\n|turn|17\n|inactive|AlakaXand has 120 seconds left.\n|\n|t:|1701159712\n|switch|p2a: Volcarona|Volcarona, M, tera:Grass|66\/100\n|move|p1a: Gliscor|Toxic|p2a: Volcarona|[miss]\n|-miss|p1a: Gliscor|p2a: Volcarona\n|\n|-heal|p2a: Volcarona|72\/100|[from] Grassy Terrain\n|upkeep\n|turn|18\n|inactive|BigGayBearDad has 90 seconds left.\n|inactive|BigGayBearDad has 60 seconds left.\n|inactive|BigGayBearDad has 30 seconds left.\n|inactive|BigGayBearDad has 20 seconds left.\n|inactive|BigGayBearDad has 15 seconds left.\n|inactive|BigGayBearDad has 10 seconds left.\n|inactive|BigGayBearDad has 5 seconds left.\n|\n|t:|1701159812\n|move|p2a: Volcarona|Quiver Dance|p2a: Volcarona\n|-boost|p2a: Volcarona|spa|1\n|-boost|p2a: Volcarona|spd|1\n|-boost|p2a: Volcarona|spe|1\n|move|p1a: Gliscor|Toxic|p2a: Volcarona\n|-status|p2a: Volcarona|tox\n|\n|-heal|p2a: Volcarona|78\/100 tox|[from] Grassy Terrain\n|-damage|p2a: Volcarona|72\/100 tox|[from] psn\n|upkeep\n|turn|19\n|inactive|BigGayBearDad has 15 seconds left this turn.\n|inactive|BigGayBearDad has 10 seconds left.\n|\n|t:|1701159825\n|move|p2a: Volcarona|Quiver Dance|p2a: Volcarona\n|-boost|p2a: Volcarona|spa|1\n|-boost|p2a: Volcarona|spd|1\n|-boost|p2a: Volcarona|spe|1\n|move|p1a: Gliscor|Earthquake|p2a: Volcarona\n|-resisted|p2a: Volcarona\n|-damage|p2a: Volcarona|63\/100 tox\n|\n|-heal|p2a: Volcarona|69\/100 tox|[from] Grassy Terrain\n|-damage|p2a: Volcarona|57\/100 tox|[from] psn\n|upkeep\n|turn|20\n|inactive|BigGayBearDad has 20 seconds left this turn.\n|\n|t:|1701159835\n|move|p2a: Volcarona|Giga Drain|p1a: Gliscor\n|-damage|p1a: Gliscor|0 fnt\n|-heal|p2a: Volcarona|91\/100 tox|[from] drain|[of] p1a: Gliscor\n|faint|p1a: Gliscor\n|\n|-heal|p2a: Volcarona|98\/100 tox|[from] Grassy Terrain\n|-damage|p2a: Volcarona|79\/100 tox|[from] psn\n|-fieldend|move: Grassy Terrain\n|upkeep\n|inactive|BigGayBearDad has 25 seconds left this turn.\n|inactive|BigGayBearDad has 20 seconds left.\n|\n|t:|1701159841\n|switch|p1a: Weavile|Weavile, M|22\/100\n|-ability|p1a: Weavile|Pressure\n|turn|21\n|inactive|BigGayBearDad has 30 seconds left this turn.\n|\n|t:|1701159849\n|move|p1a: Weavile|Ice Shard|p2a: Volcarona\n|-supereffective|p2a: Volcarona\n|-damage|p2a: Volcarona|16\/100 tox\n|move|p2a: Volcarona|Giga Drain|p1a: Weavile\n|-damage|p1a: Weavile|0 fnt\n|-heal|p2a: Volcarona|25\/100 tox|[from] drain|[of] p1a: Weavile\n|faint|p1a: Weavile\n|\n|-damage|p2a: Volcarona|0 fnt|[from] psn\n|faint|p2a: Volcarona\n|upkeep\n|\n|t:|1701159859\n|switch|p1a: Latios|Latios-Mega, M|79\/100\n|switch|p2a: Rillaboom|Rillaboom, F|94\/100\n|-damage|p2a: Rillaboom|82\/100|[from] Stealth Rock\n|-fieldstart|move: Grassy Terrain|[from] ability: Grassy Surge|[of] p2a: Rillaboom\n|turn|22\n|\n|t:|1701159872\n|move|p1a: Latios|Mystical Fire|p2a: Rillaboom\n|-supereffective|p2a: Rillaboom\n|-damage|p2a: Rillaboom|17\/100\n|move|p2a: Rillaboom|Knock Off|p1a: Latios\n|-supereffective|p1a: Latios\n|-damage|p1a: Latios|22\/100\n|\n|-heal|p2a: Rillaboom|24\/100|[from] Grassy Terrain\n|upkeep\n|turn|23\n|inactive|BigGayBearDad has 30 seconds left.\n|inactive|BigGayBearDad has 20 seconds left.\n|inactive|BigGayBearDad has 15 seconds left.\n|inactive|BigGayBearDad has 10 seconds left.\n|inactive|BigGayBearDad has 5 seconds left.\n|-message|BigGayBearDad lost due to inactivity.\n|\n|win|AlakaXand\n|raw|BigGayBearDad's rating: 1318 &rarr; <strong>1302<\/strong><br \/>(-16 for losing)\n|raw|AlakaXand's rating: 1380 &rarr; <strong>1396<\/strong><br \/>(+16 for winning)\n","uploadtime":1701159969,"views":2,"p1id":"biggaybeardad","p2id":"alakaxand","formatid":"gen9nationaldex","rating":1302,"private":0,"password":""}