{"id":"gen9nationaldex-1994122898","p1":"huhubds","p2":"ou money","format":"[Gen 9] National Dex","log":"|j|\u2606huhubds\n|j|\u2606ou money\n|t:|1700409581\n|gametype|singles\n|player|p1|huhubds|preschooler|1345\n|player|p2|ou money|dancer|1344\n|teamsize|p1|6\n|teamsize|p2|6\n|gen|9\n|tier|[Gen 9] National Dex\n|rated|\n|rule|HP Percentage Mod: HP is shown in percentages\n|rule|Endless Battle Clause: Forcing endless battles is banned\n|rule|OHKO Clause: OHKO moves are banned\n|rule|Evasion Clause: Evasion abilities, items, and moves are banned\n|rule|Evasion Abilities Clause: Evasion abilities are banned\n|rule|Evasion Items Clause: Evasion items are banned\n|rule|Evasion Moves Clause: Evasion moves are banned\n|rule|Species Clause: Limit one of each Pok\u00e9mon\n|rule|Sleep Clause Mod: Limit one foe put to sleep\n|clearpoke\n|poke|p1|Pincurchin, F|\n|poke|p1|Tapu Koko|\n|poke|p1|Zapdos|\n|poke|p1|Rotom-Wash|\n|poke|p1|Raikou|\n|poke|p1|Raichu-Alola, F|\n|poke|p2|Aerodactyl, M|\n|poke|p2|Enamorus-Therian, F|\n|poke|p2|Muk-Alola, M|\n|poke|p2|Victini|\n|poke|p2|Quaquaval, M|\n|poke|p2|Zapdos|\n|teampreview\n|inactive|Battle timer is ON: inactive players will automatically lose when time's up. (requested by huhubds)\n|\n|t:|1700409597\n|start\n|switch|p1a: Tapu Koko|Tapu Koko|100\/100\n|switch|p2a: Zaptwo|Zapdos|100\/100\n|-fieldstart|move: Electric Terrain|[from] ability: Electric Surge|[of] p1a: Tapu Koko\n|turn|1\n|\n|t:|1700409606\n|-terastallize|p2a: Zaptwo|Dragon\n|move|p1a: Tapu Koko|U-turn|p2a: Zaptwo\n|-damage|p2a: Zaptwo|88\/100\n|\n|t:|1700409621\n|switch|p1a: Rotom|Rotom-Wash|100\/100|[from] U-turn\n|move|p2a: Zaptwo|Volt Switch|p1a: Rotom\n|-damage|p1a: Rotom|59\/100\n|\n|t:|1700409634\n|switch|p2a: Muk|Muk-Alola, M|100\/100|[from] Volt Switch\n|\n|-heal|p1a: Rotom|65\/100|[from] item: Leftovers\n|upkeep\n|turn|2\n|\n|t:|1700409642\n|move|p1a: Rotom|Hydro Pump|p2a: Muk\n|-damage|p2a: Muk|80\/100\n|move|p2a: Muk|Gunk Shot|p1a: Rotom\n|-damage|p1a: Rotom|6\/100\n|\n|-heal|p1a: Rotom|12\/100|[from] item: Leftovers\n|upkeep\n|turn|3\n|\n|t:|1700409652\n|move|p1a: Rotom|Pain Split|p2a: Muk\n|-sethp|p2a: Muk|44\/100|[from] move: Pain Split|[silent]\n|-sethp|p1a: Rotom|60\/100|[from] move: Pain Split\n|move|p2a: Muk|Knock Off|p1a: Rotom\n|-damage|p1a: Rotom|11\/100\n|-status|p1a: Rotom|psn|[from] ability: Poison Touch|[of] p2a: Muk\n|-enditem|p1a: Rotom|Leftovers|[from] move: Knock Off|[of] p2a: Muk\n|\n|-damage|p1a: Rotom|0 fnt|[from] psn\n|faint|p1a: Rotom\n|upkeep\n|\n|t:|1700409668\n|switch|p1a: Tapu Koko|Tapu Koko|100\/100\n|turn|4\n|\n|t:|1700409672\n|move|p1a: Tapu Koko|U-turn|p2a: Muk\n|-damage|p2a: Muk|27\/100\n|\n|t:|1700409686\n|switch|p1a: Pincurchin|Pincurchin, F, shiny|100\/100|[from] U-turn\n|move|p2a: Muk|Gunk Shot|p1a: Pincurchin\n|-damage|p1a: Pincurchin|33\/100\n|-enditem|p1a: Pincurchin|Red Card|[of] p2a: Muk\n|drag|p2a: DJ|Quaquaval, M|100\/100\n|\n|upkeep\n|turn|5\n|\n|t:|1700409697\n|move|p2a: DJ|Aqua Step|p1a: Pincurchin\n|-damage|p1a: Pincurchin|0 fnt\n|-boost|p2a: DJ|spe|1\n|faint|p1a: Pincurchin\n|-ability|p2a: DJ|Moxie|boost\n|-boost|p2a: DJ|atk|1\n|\n|-fieldend|move: Electric Terrain\n|upkeep\n|inactive|huhubds has 120 seconds left.\n|\n|t:|1700409720\n|switch|p1a: Tapu Koko|Tapu Koko|100\/100\n|-fieldstart|move: Electric Terrain|[from] ability: Electric Surge|[of] p1a: Tapu Koko\n|turn|6\n|\n|t:|1700409730\n|switch|p2a: Zaptwo|Zapdos, tera:Dragon|88\/100\n|move|p1a: Tapu Koko|Dazzling Gleam|p2a: Zaptwo\n|-supereffective|p2a: Zaptwo\n|-damage|p2a: Zaptwo|23\/100\n|\n|upkeep\n|turn|7\n|\n|t:|1700409740\n|switch|p2a: Muk|Muk-Alola, M|27\/100\n|move|p1a: Tapu Koko|Dazzling Gleam|p2a: Muk\n|-damage|p2a: Muk|8\/100\n|\n|upkeep\n|turn|8\n|\n|t:|1700409746\n|move|p1a: Tapu Koko|Dazzling Gleam|p2a: Muk\n|-damage|p2a: Muk|0 fnt\n|faint|p2a: Muk\n|\n|upkeep\n|\n|t:|1700409753\n|switch|p2a: Enamorus|Enamorus-Therian, F|100\/100\n|turn|9\n|\n|t:|1700409761\n|move|p1a: Tapu Koko|Toxic|p2a: Enamorus\n|-status|p2a: Enamorus|tox\n|move|p2a: Enamorus|Mystical Fire|p1a: Tapu Koko\n|-damage|p1a: Tapu Koko|56\/100\n|-unboost|p1a: Tapu Koko|spa|1\n|\n|-damage|p2a: Enamorus|95\/100 tox|[from] psn\n|upkeep\n|turn|10\n|\n|t:|1700409773\n|move|p1a: Tapu Koko|U-turn|p2a: Enamorus\n|-resisted|p2a: Enamorus\n|-damage|p2a: Enamorus|91\/100 tox\n|\n|t:|1700409782\n|switch|p1a: Raikou|Raikou|100\/100|[from] U-turn\n|-ability|p1a: Raikou|Pressure\n|move|p2a: Enamorus|Earth Power|p1a: Raikou\n|-supereffective|p1a: Raikou\n|-damage|p1a: Raikou|51\/100\n|\n|-damage|p2a: Enamorus|79\/100 tox|[from] psn\n|-fieldend|move: Electric Terrain\n|upkeep\n|turn|11\n|\n|t:|1700409792\n|move|p1a: Raikou|Discharge|p2a: Enamorus\n|-supereffective|p2a: Enamorus\n|-damage|p2a: Enamorus|0 fnt\n|faint|p2a: Enamorus\n|\n|upkeep\n|\n|t:|1700409798\n|switch|p2a: Victini|Victini|100\/100\n|turn|12\n|\n|t:|1700409812\n|-zpower|p2a: Victini\n|move|p2a: Victini|Z-Celebrate|p2a: Victini|[anim]Celebrate\n|-boost|p2a: Victini|atk|1|[zeffect]\n|-boost|p2a: Victini|def|1|[zeffect]\n|-boost|p2a: Victini|spa|1|[zeffect]\n|-boost|p2a: Victini|spd|1|[zeffect]\n|-boost|p2a: Victini|spe|1|[zeffect]\n|-activate|p2a: Victini|move: Celebrate\n|move|p1a: Raikou|Scald|p2a: Victini\n|-supereffective|p2a: Victini\n|-damage|p2a: Victini|62\/100\n|\n|upkeep\n|turn|13\n|\n|t:|1700409824\n|move|p2a: Victini|Stored Power|p1a: Raikou\n|-crit|p1a: Raikou\n|-damage|p1a: Raikou|0 fnt\n|faint|p1a: Raikou\n|\n|upkeep\n|inactive|huhubds has 120 seconds left.\n|\n|t:|1700409856\n|switch|p1a: Tapu Koko|Tapu Koko|56\/100\n|-fieldstart|move: Electric Terrain|[from] ability: Electric Surge|[of] p1a: Tapu Koko\n|turn|14\n|\n|t:|1700409877\n|move|p2a: Victini|Stored Power|p1a: Tapu Koko\n|-damage|p1a: Tapu Koko|0 fnt\n|faint|p1a: Tapu Koko\n|\n|upkeep\n|inactive|huhubds has 120 seconds left.\n|\n|t:|1700409898\n|switch|p1a: Raichu|Raichu-Alola, F|100\/100\n|turn|15\n|\n|t:|1700409912\n|move|p1a: Raichu|Rising Voltage|p2a: Victini\n|-hint|Rising Voltage's BP doubled on grounded target.\n|-damage|p2a: Victini|0 fnt\n|faint|p2a: Victini\n|-damage|p1a: Raichu|91\/100|[from] item: Life Orb\n|\n|upkeep\n|\n|t:|1700409921\n|switch|p2a: DJ|Quaquaval, M|100\/100\n|turn|16\n|\n|t:|1700409927\n|switch|p2a: Zaptwo|Zapdos, tera:Dragon|23\/100\n|move|p1a: Raichu|Rising Voltage|p2a: Zaptwo\n|-hint|Rising Voltage's BP doubled on grounded target.\n|-resisted|p2a: Zaptwo\n|-damage|p2a: Zaptwo|0 fnt\n|faint|p2a: Zaptwo\n|-damage|p1a: Raichu|81\/100|[from] item: Life Orb\n|\n|upkeep\n|\n|t:|1700409933\n|switch|p2a: King|Aerodactyl, M, shiny|100\/100\n|-ability|p2a: King|Unnerve\n|turn|17\n|\n|t:|1700409939\n|detailschange|p2a: King|Aerodactyl-Mega, M, shiny\n|-mega|p2a: King|Aerodactyl|Aerodactylite\n|move|p1a: Raichu|Rising Voltage|p2a: King\n|-supereffective|p2a: King\n|-crit|p2a: King\n|-damage|p2a: King|0 fnt\n|faint|p2a: King\n|-damage|p1a: Raichu|71\/100|[from] item: Life Orb\n|\n|upkeep\n|\n|t:|1700409941\n|switch|p2a: DJ|Quaquaval, M|100\/100\n|turn|18\n|\n|t:|1700409947\n|move|p2a: DJ|Aqua Jet|p1a: Raichu\n|-damage|p1a: Raichu|25\/100\n|move|p1a: Raichu|Rising Voltage|p2a: DJ\n|-hint|Rising Voltage's BP doubled on grounded target.\n|-supereffective|p2a: DJ\n|-damage|p2a: DJ|0 fnt\n|faint|p2a: DJ\n|-damage|p1a: Raichu|15\/100|[from] item: Life Orb\n|\n|win|huhubds\n|raw|huhubds's rating: 1345 &rarr; <strong>1365<\/strong><br \/>(+20 for winning)\n|raw|ou money's rating: 1344 &rarr; <strong>1324<\/strong><br \/>(-20 for losing)\n|l|\u2606ou money\n","uploadtime":1700409986,"views":12,"p1id":"huhubds","p2id":"oumoney","formatid":"gen9nationaldex","rating":1324,"private":0,"password":""}