{"id":"gen9nationaldex-1993305368","p1":"killahj","p2":"IAmHooman","format":"[Gen 9] National Dex","log":"|j|\u2606killahj\n|j|\u2606IAmHooman\n|t:|1700294443\n|gametype|singles\n|player|p1|killahj|silver|1134\n|player|p2|IAmHooman|nate|1275\n|teamsize|p1|6\n|teamsize|p2|6\n|gen|9\n|tier|[Gen 9] National Dex\n|rated|\n|rule|HP Percentage Mod: HP is shown in percentages\n|rule|Endless Battle Clause: Forcing endless battles is banned\n|rule|OHKO Clause: OHKO moves are banned\n|rule|Evasion Clause: Evasion abilities, items, and moves are banned\n|rule|Evasion Abilities Clause: Evasion abilities are banned\n|rule|Evasion Items Clause: Evasion items are banned\n|rule|Evasion Moves Clause: Evasion moves are banned\n|rule|Species Clause: Limit one of each Pok\u00e9mon\n|rule|Sleep Clause Mod: Limit one foe put to sleep\n|clearpoke\n|poke|p1|Gastrodon, F|\n|poke|p1|Raichu-Alola, F|\n|poke|p1|Haxorus, M|\n|poke|p1|Chandelure, F|\n|poke|p1|Sylveon, F|\n|poke|p1|Medicham, M|\n|poke|p2|Galvantula, F|\n|poke|p2|Volcarona, F|\n|poke|p2|Golisopod, F|\n|poke|p2|Beedrill, F|\n|poke|p2|Heracross, F|\n|poke|p2|Kleavor, F|\n|teampreview\n|\n|t:|1700294448\n|start\n|switch|p1a: Gastrodon|Gastrodon, F|100\/100\n|switch|p2a: Kleavor|Kleavor, F|100\/100\n|turn|1\n|\n|t:|1700294457\n|move|p2a: Kleavor|Stone Axe|p1a: Gastrodon\n|-resisted|p1a: Gastrodon\n|-damage|p1a: Gastrodon|66\/100\n|-sidestart|p1: killahj|move: Stealth Rock\n|-damage|p2a: Kleavor|91\/100|[from] item: Life Orb\n|move|p1a: Gastrodon|Scald|p2a: Kleavor\n|-supereffective|p2a: Kleavor\n|-damage|p2a: Kleavor|0 fnt\n|faint|p2a: Kleavor\n|\n|upkeep\n|\n|t:|1700294466\n|switch|p2a: Beedrill|Beedrill, F|100\/100\n|turn|2\n|\n|t:|1700294475\n|detailschange|p2a: Beedrill|Beedrill-Mega, F\n|-mega|p2a: Beedrill|Beedrill|Beedrillite\n|move|p2a: Beedrill|U-turn|p1a: Gastrodon\n|-damage|p1a: Gastrodon|4\/100\n|-enditem|p1a: Gastrodon|Aguav Berry|[eat]\n|-heal|p1a: Gastrodon|37\/100|[from] item: Aguav Berry\n|\n|t:|1700294483\n|switch|p2a: Heracross|Heracross, F|100\/100|[from] U-turn\n|move|p1a: Gastrodon|Scald|p2a: Heracross\n|-damage|p2a: Heracross|69\/100\n|-status|p2a: Heracross|brn\n|\n|-damage|p2a: Heracross|63\/100 brn|[from] brn\n|upkeep\n|turn|3\n|\n|t:|1700294495\n|move|p2a: Heracross|Bullet Seed|p1a: Gastrodon\n|-supereffective|p1a: Gastrodon\n|-damage|p1a: Gastrodon|17\/100\n|-supereffective|p1a: Gastrodon\n|-damage|p1a: Gastrodon|0 fnt\n|faint|p1a: Gastrodon\n|-ability|p2a: Heracross|Moxie|boost\n|-boost|p2a: Heracross|atk|1\n|-hitcount|p1: Gastrodon|2\n|\n|-damage|p2a: Heracross|57\/100 brn|[from] brn\n|upkeep\n|\n|t:|1700294511\n|switch|p1a: Medicham|Medicham, M|100\/100\n|-damage|p1a: Medicham|94\/100|[from] Stealth Rock\n|turn|4\n|\n|t:|1700294522\n|detailschange|p1a: Medicham|Medicham-Mega, M\n|-mega|p1a: Medicham|Medicham|Medichamite\n|move|p1a: Medicham|Fake Out|p2a: Heracross\n|-damage|p2a: Heracross|22\/100 brn\n|cant|p2a: Heracross|flinch\n|\n|-damage|p2a: Heracross|16\/100 brn|[from] brn\n|upkeep\n|turn|5\n|\n|t:|1700294531\n|move|p1a: Medicham|Bullet Punch|p2a: Heracross\n|-damage|p2a: Heracross|0 fnt\n|faint|p2a: Heracross\n|\n|upkeep\n|\n|t:|1700294536\n|switch|p2a: Galvantula|Galvantula, F|100\/100\n|turn|6\n|\n|t:|1700294541\n|move|p2a: Galvantula|Thunder Wave|p1a: Medicham\n|-status|p1a: Medicham|par\n|move|p1a: Medicham|Close Combat|p2a: Galvantula\n|-resisted|p2a: Galvantula\n|-enditem|p2a: Galvantula|Focus Sash\n|-damage|p2a: Galvantula|1\/100\n|-unboost|p1a: Medicham|def|1\n|-unboost|p1a: Medicham|spd|1\n|\n|upkeep\n|turn|7\n|\n|t:|1700294552\n|switch|p2a: Golisopod|Golisopod, F|100\/100\n|move|p1a: Medicham|Bullet Punch|p2a: Golisopod\n|-resisted|p2a: Golisopod\n|-damage|p2a: Golisopod|91\/100\n|\n|upkeep\n|turn|8\n|\n|t:|1700294566\n|move|p2a: Golisopod|First Impression|p1a: Medicham\n|-damage|p1a: Medicham|0 fnt\n|faint|p1a: Medicham\n|-damage|p2a: Golisopod|81\/100|[from] item: Life Orb\n|\n|upkeep\n|\n|t:|1700294574\n|switch|p1a: Raichu|Raichu-Alola, F|100\/100\n|-damage|p1a: Raichu|88\/100|[from] Stealth Rock\n|turn|9\n|\n|t:|1700294581\n|move|p2a: Golisopod|Aqua Jet|p1a: Raichu\n|-damage|p1a: Raichu|25\/100\n|-damage|p2a: Golisopod|71\/100|[from] item: Life Orb\n|move|p1a: Raichu|Thunderbolt|p2a: Golisopod\n|-supereffective|p2a: Golisopod\n|-damage|p2a: Golisopod|0 fnt\n|faint|p2a: Golisopod\n|\n|upkeep\n|\n|t:|1700294590\n|switch|p2a: Beedrill|Beedrill-Mega, F|100\/100\n|turn|10\n|\n|t:|1700294596\n|move|p2a: Beedrill|Fell Stinger|p1a: Raichu\n|-supereffective|p1a: Raichu\n|-damage|p1a: Raichu|0 fnt\n|faint|p1a: Raichu\n|-boost|p2a: Beedrill|atk|3\n|\n|upkeep\n|\n|t:|1700294608\n|switch|p1a: Haxorus|Haxorus, M, shiny|100\/100\n|-damage|p1a: Haxorus|88\/100|[from] Stealth Rock\n|-ability|p1a: Haxorus|Mold Breaker\n|turn|11\n|\n|t:|1700294615\n|move|p1a: Haxorus|Outrage|p2a: Beedrill\n|-damage|p2a: Beedrill|0 fnt\n|faint|p2a: Beedrill\n|\n|upkeep\n|\n|t:|1700294625\n|switch|p2a: Galvantula|Galvantula, F|1\/100\n|turn|12\n|\n|t:|1700294629\n|move|p1a: Haxorus|Outrage|p2a: Galvantula|[from]lockedmove\n|-damage|p2a: Galvantula|0 fnt\n|faint|p2a: Galvantula\n|\n|upkeep\n|\n|t:|1700294634\n|switch|p2a: Volcarona|Volcarona, F|100\/100\n|turn|13\n|\n|t:|1700294640\n|move|p1a: Haxorus|Outrage|p2a: Volcarona|[from]lockedmove\n|-damage|p2a: Volcarona|0 fnt\n|faint|p2a: Volcarona\n|-start|p1a: Haxorus|confusion|[fatigue]\n|\n|win|killahj\n|raw|killahj's rating: 1134 &rarr; <strong>1169<\/strong><br \/>(+35 for winning)\n|raw|IAmHooman's rating: 1275 &rarr; <strong>1240<\/strong><br \/>(-35 for losing)\n|l|\u2606IAmHooman\n","uploadtime":1700294672,"views":6,"p1id":"killahj","p2id":"iamhooman","formatid":"gen9nationaldex","rating":1169,"private":0,"password":""}