{"id":"gen9nationaldex-1994986874","p1":"Poopoo2","p2":"Glass101","format":"[Gen 9] National Dex","log":"|html|<div class=\"broadcast-blue\"><strong>[Gen 9] National Dex is currently suspecting Sneasler! For information on how to participate check out the <a href=\"https:\/\/www.smogon.com\/forums\/threads\/sv-national-dex-suspect-8-just-dance.3731534\/\">suspect thread<\/a>.<\/strong><\/div>\n|j|\u2606Poopoo2\n|j|\u2606Glass101\n|t:|1700510754\n|gametype|singles\n|player|p1|Poopoo2|unknown|1567\n|player|p2|Glass101|rocketgruntf|1566\n|teamsize|p1|6\n|teamsize|p2|6\n|gen|9\n|tier|[Gen 9] National Dex\n|rated|\n|rule|HP Percentage Mod: HP is shown in percentages\n|rule|Endless Battle Clause: Forcing endless battles is banned\n|rule|OHKO Clause: OHKO moves are banned\n|rule|Evasion Clause: Evasion abilities, items, and moves are banned\n|rule|Evasion Abilities Clause: Evasion abilities are banned\n|rule|Evasion Items Clause: Evasion items are banned\n|rule|Evasion Moves Clause: Evasion moves are banned\n|rule|Species Clause: Limit one of each Pok\u00e9mon\n|rule|Sleep Clause Mod: Limit one foe put to sleep\n|clearpoke\n|poke|p1|Infernape, M|\n|poke|p1|Gastrodon-East, M|\n|poke|p1|Bastiodon, M|\n|poke|p1|Skuntank, M|\n|poke|p1|Tangrowth, M|\n|poke|p1|Lickilicky, M|\n|poke|p2|Clodsire, M|\n|poke|p2|Chansey, F|\n|poke|p2|Toxapex, F|\n|poke|p2|Skarmory, M|\n|poke|p2|Kyurem|\n|poke|p2|Sableye, M|\n|teampreview\n|j| Ghha\n|inactive|Battle timer is ON: inactive players will automatically lose when time's up. (requested by Glass101)\n|c|\u2606Glass101|glhf\n|\n|t:|1700510774\n|start\n|switch|p1a: Infernape|Infernape, M|100\/100\n|switch|p2a: Ahh!|Toxapex, F|100\/100\n|turn|1\n|\n|t:|1700510788\n|switch|p1a: Bastiodon|Bastiodon, M|100\/100\n|move|p2a: Ahh!|Toxic|p1a: Bastiodon\n|-immune|p1a: Bastiodon\n|\n|upkeep\n|turn|2\n|\n|t:|1700510793\n|switch|p2a: Sorry \":D|Sableye, M|100\/100\n|move|p1a: Bastiodon|Stealth Rock|p2a: Sorry \":D\n|-sidestart|p2: Glass101|move: Stealth Rock\n|\n|upkeep\n|turn|3\n|\n|t:|1700510797\n|switch|p1a: Infernape|Infernape, M|100\/100\n|detailschange|p2a: Sorry \":D|Sableye-Mega, M\n|-mega|p2a: Sorry \":D|Sableye|Sablenite\n|move|p2a: Sorry \":D|Will-O-Wisp|p1a: Infernape\n|-immune|p1a: Infernape\n|\n|upkeep\n|turn|4\n|\n|t:|1700510804\n|switch|p2a: Ahh!|Toxapex, F|100\/100\n|-damage|p2a: Ahh!|88\/100|[from] Stealth Rock\n|move|p1a: Infernape|Flare Blitz|p2a: Ahh!\n|-resisted|p2a: Ahh!\n|-damage|p2a: Ahh!|63\/100\n|-damage|p1a: Infernape|84\/100|[from] item: Rocky Helmet|[of] p2a: Ahh!\n|-damage|p1a: Infernape|77\/100|[from] Recoil\n|-damage|p1a: Infernape|67\/100|[from] item: Life Orb\n|\n|upkeep\n|turn|5\n|\n|t:|1700510811\n|move|p1a: Infernape|Thunder Punch|p2a: Ahh!\n|-supereffective|p2a: Ahh!\n|-damage|p2a: Ahh!|13\/100\n|-damage|p1a: Infernape|51\/100|[from] item: Rocky Helmet|[of] p2a: Ahh!\n|-damage|p1a: Infernape|41\/100|[from] item: Life Orb\n|move|p2a: Ahh!|Scald|p1a: Infernape\n|-supereffective|p1a: Infernape\n|-damage|p1a: Infernape|0 fnt\n|faint|p1a: Infernape\n|\n|upkeep\n|\n|t:|1700510830\n|switch|p1a: Skuntank|Skuntank, M|100\/100\n|turn|6\n|\n|t:|1700510836\n|switch|p2a: Whupsies|Chansey, F|100\/100\n|-damage|p2a: Whupsies|88\/100|[from] Stealth Rock\n|move|p1a: Skuntank|Crunch|p2a: Whupsies\n|-damage|p2a: Whupsies|30\/100\n|\n|upkeep\n|turn|7\n|\n|t:|1700510845\n|switch|p2a: The Worst|Skarmory, M|100\/100\n|-damage|p2a: The Worst|88\/100|[from] Stealth Rock\n|move|p1a: Skuntank|Crunch|p2a: The Worst\n|-damage|p2a: The Worst|69\/100\n|\n|-heal|p2a: The Worst|75\/100|[from] item: Leftovers\n|upkeep\n|turn|8\n|l| Ghha\n|\n|t:|1700510854\n|move|p1a: Skuntank|Toxic Spikes|p2a: The Worst\n|-sidestart|p2: Glass101|move: Toxic Spikes\n|move|p2a: The Worst|Defog|p1a: Skuntank\n|-unboost|p1a: Skuntank|evasion|1\n|-sideend|p2: Glass101|Toxic Spikes|[from] move: Defog|[of] p2a: The Worst\n|-sideend|p2: Glass101|Stealth Rock|[from] move: Defog|[of] p2a: The Worst\n|\n|-heal|p2a: The Worst|81\/100|[from] item: Leftovers\n|upkeep\n|turn|9\n|j| Ghha\n|l| Ghha\n|\n|t:|1700510865\n|switch|p1a: Gastrodon|Gastrodon-East, M|100\/100\n|move|p2a: The Worst|Body Press|p1a: Gastrodon\n|-damage|p1a: Gastrodon|78\/100\n|\n|-heal|p2a: The Worst|87\/100|[from] item: Leftovers\n|upkeep\n|turn|10\n|\n|t:|1700510868\n|switch|p2a: Ahh!|Toxapex, F|46\/100\n|move|p1a: Gastrodon|Scald|p2a: Ahh!\n|-resisted|p2a: Ahh!\n|-damage|p2a: Ahh!|35\/100\n|\n|upkeep\n|turn|11\n|j| Ghha\n|\n|t:|1700510878\n|switch|p2a: Oops|Kyurem|100\/100\n|-ability|p2a: Oops|Pressure\n|move|p1a: Gastrodon|Earthquake|p2a: Oops\n|-damage|p2a: Oops|74\/100\n|\n|upkeep\n|turn|12\n|\n|t:|1700510885\n|switch|p1a: Lickilicky|Lickilicky, M|100\/100\n|move|p2a: Oops|Substitute|p2a: Oops\n|-start|p2a: Oops|Substitute\n|-damage|p2a: Oops|49\/100\n|\n|upkeep\n|turn|13\n|\n|t:|1700510893\n|move|p2a: Oops|Freeze-Dry|p1a: Lickilicky\n|-damage|p1a: Lickilicky|69\/100\n|-damage|p2a: Oops|39\/100|[from] item: Life Orb\n|move|p1a: Lickilicky|Knock Off|p2a: Oops\n|-activate|p2a: Oops|move: Substitute|[damage]\n|\n|-heal|p1a: Lickilicky|75\/100|[from] item: Leftovers\n|upkeep\n|turn|14\n|\n|t:|1700510899\n|move|p2a: Oops|Roost|p2a: Oops\n|-heal|p2a: Oops|89\/100\n|-singleturn|p2a: Oops|move: Roost\n|move|p1a: Lickilicky|Knock Off|p2a: Oops\n|-end|p2a: Oops|Substitute\n|\n|-heal|p1a: Lickilicky|81\/100|[from] item: Leftovers\n|upkeep\n|turn|15\n|\n|t:|1700510910\n|switch|p1a: Bastiodon|Bastiodon, M|100\/100\n|move|p2a: Oops|Substitute|p2a: Oops\n|-start|p2a: Oops|Substitute\n|-damage|p2a: Oops|64\/100\n|\n|upkeep\n|turn|16\n|\n|t:|1700510915\n|-terastallize|p1a: Bastiodon|Flying\n|move|p2a: Oops|Earth Power|p1a: Bastiodon\n|-immune|p1a: Bastiodon\n|move|p1a: Bastiodon|Roar|p2a: Oops\n|drag|p2a: The Worst|Skarmory, M|87\/100\n|\n|-heal|p2a: The Worst|93\/100|[from] item: Leftovers\n|upkeep\n|turn|17\n|\n|t:|1700510922\n|move|p2a: The Worst|Body Press|p1a: Bastiodon\n|-resisted|p1a: Bastiodon\n|-damage|p1a: Bastiodon|89\/100\n|move|p1a: Bastiodon|Stealth Rock|p2a: The Worst\n|-sidestart|p2: Glass101|move: Stealth Rock\n|\n|-heal|p2a: The Worst|99\/100|[from] item: Leftovers\n|-heal|p1a: Bastiodon|95\/100|[from] item: Leftovers\n|upkeep\n|turn|18\n|\n|t:|1700510928\n|move|p1a: Bastiodon|Protect|p1a: Bastiodon\n|-singleturn|p1a: Bastiodon|Protect\n|move|p2a: The Worst|Defog|p1a: Bastiodon\n|-activate|p1a: Bastiodon|move: Protect\n|\n|-heal|p2a: The Worst|100\/100|[from] item: Leftovers\n|-heal|p1a: Bastiodon|100\/100|[from] item: Leftovers\n|upkeep\n|turn|19\n|\n|t:|1700510938\n|switch|p1a: Gastrodon|Gastrodon-East, M|78\/100\n|move|p2a: The Worst|Defog|p1a: Gastrodon\n|-unboost|p1a: Gastrodon|evasion|1\n|-sideend|p2: Glass101|Stealth Rock|[from] move: Defog|[of] p2a: The Worst\n|\n|upkeep\n|turn|20\n|\n|t:|1700510944\n|switch|p2a: Whupsies|Chansey, F|30\/100\n|move|p1a: Gastrodon|Scald|p2a: Whupsies\n|-damage|p2a: Whupsies|24\/100\n|\n|upkeep\n|turn|21\n|j| Diegogris\n|\n|t:|1700510947\n|move|p2a: Whupsies|Soft-Boiled|p2a: Whupsies\n|-heal|p2a: Whupsies|74\/100\n|move|p1a: Gastrodon|Earthquake|p2a: Whupsies\n|-damage|p2a: Whupsies|22\/100\n|\n|upkeep\n|turn|22\n|\n|t:|1700510955\n|move|p2a: Whupsies|Soft-Boiled|p2a: Whupsies\n|-heal|p2a: Whupsies|72\/100\n|move|p1a: Gastrodon|Scald|p2a: Whupsies\n|-damage|p2a: Whupsies|66\/100\n|\n|upkeep\n|turn|23\n|\n|t:|1700510962\n|switch|p2a: Sorry \":D|Sableye-Mega, M|100\/100\n|move|p1a: Gastrodon|Earthquake|p2a: Sorry \":D\n|-damage|p2a: Sorry \":D|81\/100\n|\n|upkeep\n|turn|24\n|\n|t:|1700510967\n|move|p1a: Gastrodon|Scald|p2a: Sorry \":D\n|-damage|p2a: Sorry \":D|55\/100\n|-status|p2a: Sorry \":D|brn\n|move|p2a: Sorry \":D|Will-O-Wisp|p1a: Gastrodon\n|-status|p1a: Gastrodon|brn\n|\n|-damage|p1a: Gastrodon|72\/100 brn|[from] brn\n|-damage|p2a: Sorry \":D|49\/100 brn|[from] brn\n|upkeep\n|turn|25\n|\n|t:|1700510976\n|move|p1a: Gastrodon|Scald|p2a: Sorry \":D\n|-damage|p2a: Sorry \":D|21\/100 brn\n|move|p2a: Sorry \":D|Recover|p2a: Sorry \":D\n|-heal|p2a: Sorry \":D|71\/100 brn\n|\n|-damage|p1a: Gastrodon|66\/100 brn|[from] brn\n|-damage|p2a: Sorry \":D|65\/100 brn|[from] brn\n|upkeep\n|turn|26\n|\n|t:|1700510979\n|switch|p2a: Oops|Kyurem|64\/100\n|-ability|p2a: Oops|Pressure\n|move|p1a: Gastrodon|Scald|p2a: Oops\n|-resisted|p2a: Oops\n|-damage|p2a: Oops|53\/100\n|\n|-damage|p1a: Gastrodon|60\/100 brn|[from] brn\n|upkeep\n|turn|27\n|j| randguy1\n|\n|t:|1700510986\n|move|p2a: Oops|Roost|p2a: Oops\n|-heal|p2a: Oops|100\/100\n|-singleturn|p2a: Oops|move: Roost\n|move|p1a: Gastrodon|Earthquake|p2a: Oops\n|-crit|p2a: Oops\n|-damage|p2a: Oops|82\/100\n|\n|-damage|p1a: Gastrodon|54\/100 brn|[from] brn\n|upkeep\n|turn|28\n|\n|t:|1700510993\n|switch|p1a: Bastiodon|Bastiodon, M, tera:Flying|100\/100\n|move|p2a: Oops|Substitute|p2a: Oops\n|-start|p2a: Oops|Substitute\n|-damage|p2a: Oops|57\/100\n|\n|upkeep\n|turn|29\n|\n|t:|1700511000\n|move|p2a: Oops|Freeze-Dry|p1a: Bastiodon\n|-supereffective|p1a: Bastiodon\n|-damage|p1a: Bastiodon|38\/100\n|-damage|p2a: Oops|47\/100|[from] item: Life Orb\n|move|p1a: Bastiodon|Roar|p2a: Oops\n|drag|p2a: Whupsies|Chansey, F|66\/100\n|\n|-heal|p1a: Bastiodon|44\/100|[from] item: Leftovers\n|upkeep\n|turn|30\n|\n|t:|1700511008\n|switch|p2a: Oops|Kyurem|47\/100\n|-ability|p2a: Oops|Pressure\n|move|p1a: Bastiodon|Stealth Rock|p2a: Oops\n|-sidestart|p2: Glass101|move: Stealth Rock\n|\n|-heal|p1a: Bastiodon|50\/100|[from] item: Leftovers\n|upkeep\n|turn|31\n|\n|t:|1700511014\n|move|p2a: Oops|Freeze-Dry|p1a: Bastiodon\n|-supereffective|p1a: Bastiodon\n|-damage|p1a: Bastiodon|0 fnt\n|faint|p1a: Bastiodon\n|-damage|p2a: Oops|37\/100|[from] item: Life Orb\n|\n|upkeep\n|\n|t:|1700511018\n|switch|p1a: Skuntank|Skuntank, M|100\/100\n|turn|32\n|\n|t:|1700511022\n|move|p1a: Skuntank|Gunk Shot|p2a: Oops\n|-damage|p2a: Oops|0 fnt\n|faint|p2a: Oops\n|\n|upkeep\n|\n|t:|1700511027\n|switch|p2a: The Worst|Skarmory, M|100\/100\n|-damage|p2a: The Worst|88\/100|[from] Stealth Rock\n|turn|33\n|\n|t:|1700511047\n|switch|p1a: Tangrowth|Tangrowth, M|100\/100\n|move|p2a: The Worst|Defog|p1a: Tangrowth\n|-unboost|p1a: Tangrowth|evasion|1\n|-sideend|p2: Glass101|Stealth Rock|[from] move: Defog|[of] p2a: The Worst\n|\n|-heal|p2a: The Worst|94\/100|[from] item: Leftovers\n|upkeep\n|turn|34\n|\n|t:|1700511051\n|switch|p2a: Whupsies|Chansey, F|66\/100\n|move|p1a: Tangrowth|Knock Off|p2a: Whupsies\n|-damage|p2a: Whupsies|30\/100\n|-enditem|p2a: Whupsies|Eviolite|[from] move: Knock Off|[of] p1a: Tangrowth\n|\n|upkeep\n|turn|35\n|\n|t:|1700511058\n|switch|p2a: Amazing Regardless|Clodsire, M|100\/100\n|move|p1a: Tangrowth|Earthquake|p2a: Amazing Regardless\n|-supereffective|p2a: Amazing Regardless\n|-damage|p2a: Amazing Regardless|69\/100\n|\n|upkeep\n|turn|36\n|\n|t:|1700511064\n|move|p1a: Tangrowth|Knock Off|p2a: Amazing Regardless\n|-damage|p2a: Amazing Regardless|54\/100\n|-enditem|p2a: Amazing Regardless|Ability Shield|[from] move: Knock Off|[of] p1a: Tangrowth\n|move|p2a: Amazing Regardless|Toxic|p1a: Tangrowth\n|-status|p1a: Tangrowth|tox\n|\n|-damage|p1a: Tangrowth|94\/100 tox|[from] psn\n|upkeep\n|turn|37\n|\n|t:|1700511080\n|switch|p1a: Skuntank|Skuntank, M|100\/100\n|move|p2a: Amazing Regardless|Recover|p2a: Amazing Regardless\n|-heal|p2a: Amazing Regardless|100\/100\n|\n|upkeep\n|turn|38\n|\n|t:|1700511086\n|move|p1a: Skuntank|Crunch|p2a: Amazing Regardless\n|-damage|p2a: Amazing Regardless|76\/100\n|move|p2a: Amazing Regardless|Counter|p1a: Skuntank\n|-damage|p1a: Skuntank|36\/100\n|\n|-heal|p1a: Skuntank|42\/100|[from] item: Black Sludge\n|upkeep\n|turn|39\n|\n|t:|1700511094\n|switch|p1a: Gastrodon|Gastrodon-East, M|54\/100 brn\n|move|p2a: Amazing Regardless|Earthquake|p1a: Gastrodon\n|-damage|p1a: Gastrodon|34\/100 brn\n|\n|-damage|p1a: Gastrodon|28\/100 brn|[from] brn\n|upkeep\n|turn|40\n|\n|t:|1700511101\n|switch|p2a: Ahh!|Toxapex, F|68\/100\n|move|p1a: Gastrodon|Recover|p1a: Gastrodon\n|-heal|p1a: Gastrodon|78\/100 brn\n|\n|-damage|p1a: Gastrodon|72\/100 brn|[from] brn\n|upkeep\n|turn|41\n|\n|t:|1700511106\n|switch|p2a: Whupsies|Chansey, F|30\/100\n|move|p1a: Gastrodon|Scald|p2a: Whupsies\n|-damage|p2a: Whupsies|20\/100\n|\n|-damage|p1a: Gastrodon|66\/100 brn|[from] brn\n|upkeep\n|turn|42\n|\n|t:|1700511112\n|move|p2a: Whupsies|Soft-Boiled|p2a: Whupsies\n|-heal|p2a: Whupsies|70\/100\n|move|p1a: Gastrodon|Earthquake|p2a: Whupsies\n|-damage|p2a: Whupsies|36\/100\n|\n|-damage|p1a: Gastrodon|59\/100 brn|[from] brn\n|upkeep\n|turn|43\n|\n|t:|1700511115\n|move|p2a: Whupsies|Soft-Boiled|p2a: Whupsies\n|-heal|p2a: Whupsies|86\/100\n|move|p1a: Gastrodon|Earthquake|p2a: Whupsies\n|-damage|p2a: Whupsies|47\/100\n|\n|-damage|p1a: Gastrodon|53\/100 brn|[from] brn\n|upkeep\n|turn|44\n|\n|t:|1700511122\n|switch|p2a: The Worst|Skarmory, M|94\/100\n|move|p1a: Gastrodon|Earthquake|p2a: The Worst\n|-immune|p2a: The Worst\n|\n|-heal|p2a: The Worst|99\/100|[from] item: Leftovers\n|-damage|p1a: Gastrodon|47\/100 brn|[from] brn\n|upkeep\n|turn|45\n|\n|t:|1700511130\n|switch|p2a: Whupsies|Chansey, F|47\/100\n|move|p1a: Gastrodon|Scald|p2a: Whupsies\n|-damage|p2a: Whupsies|38\/100\n|-status|p2a: Whupsies|brn\n|\n|-damage|p2a: Whupsies|31\/100 brn|[from] brn\n|-damage|p1a: Gastrodon|41\/100 brn|[from] brn\n|upkeep\n|turn|46\n|\n|t:|1700511134\n|move|p2a: Whupsies|Soft-Boiled|p2a: Whupsies\n|-heal|p2a: Whupsies|81\/100 brn\n|move|p1a: Gastrodon|Recover|p1a: Gastrodon\n|-heal|p1a: Gastrodon|91\/100 brn\n|\n|-damage|p2a: Whupsies|75\/100 brn|[from] brn\n|-damage|p1a: Gastrodon|85\/100 brn|[from] brn\n|upkeep\n|turn|47\n|\n|t:|1700511140\n|switch|p1a: Tangrowth|Tangrowth, M|100\/100 tox\n|move|p2a: Whupsies|Seismic Toss|p1a: Tangrowth\n|-damage|p1a: Tangrowth|76\/100 tox\n|-damage|p2a: Whupsies|59\/100 brn|[from] item: Rocky Helmet|[of] p1a: Tangrowth\n|\n|-damage|p1a: Tangrowth|70\/100 tox|[from] psn\n|-damage|p2a: Whupsies|52\/100 brn|[from] brn\n|upkeep\n|turn|48\n|\n|t:|1700511145\n|-curestatus|p2a: Whupsies|brn|[from] ability: Natural Cure\n|switch|p2a: Amazing Regardless|Clodsire, M|76\/100\n|move|p1a: Tangrowth|Earthquake|p2a: Amazing Regardless\n|-supereffective|p2a: Amazing Regardless\n|-damage|p2a: Amazing Regardless|43\/100\n|\n|-damage|p1a: Tangrowth|57\/100 tox|[from] psn\n|upkeep\n|turn|49\n|\n|t:|1700511152\n|move|p1a: Tangrowth|Earthquake|p2a: Amazing Regardless\n|-supereffective|p2a: Amazing Regardless\n|-damage|p2a: Amazing Regardless|8\/100\n|move|p2a: Amazing Regardless|Recover|p2a: Amazing Regardless\n|-heal|p2a: Amazing Regardless|58\/100\n|\n|-damage|p1a: Tangrowth|39\/100 tox|[from] psn\n|upkeep\n|turn|50\n|\n|t:|1700511158\n|switch|p1a: Gastrodon|Gastrodon-East, M|85\/100 brn\n|move|p2a: Amazing Regardless|Recover|p2a: Amazing Regardless\n|-heal|p2a: Amazing Regardless|100\/100\n|\n|-damage|p1a: Gastrodon|79\/100 brn|[from] brn\n|upkeep\n|turn|51\n|\n|t:|1700511166\n|switch|p2a: Whupsies|Chansey, F|52\/100\n|move|p1a: Gastrodon|Scald|p2a: Whupsies\n|-damage|p2a: Whupsies|43\/100\n|\n|-damage|p1a: Gastrodon|73\/100 brn|[from] brn\n|upkeep\n|turn|52\n|l| randguy1\n|\n|t:|1700511171\n|move|p2a: Whupsies|Soft-Boiled|p2a: Whupsies\n|-heal|p2a: Whupsies|93\/100\n|move|p1a: Gastrodon|Earthquake|p2a: Whupsies\n|-damage|p2a: Whupsies|54\/100\n|\n|-damage|p1a: Gastrodon|67\/100 brn|[from] brn\n|upkeep\n|turn|53\n|j| randguy1\n|l| randguy1\n|\n|t:|1700511179\n|switch|p1a: Tangrowth|Tangrowth, M|72\/100 tox\n|move|p2a: Whupsies|Seismic Toss|p1a: Tangrowth\n|-damage|p1a: Tangrowth|47\/100 tox\n|-damage|p2a: Whupsies|37\/100|[from] item: Rocky Helmet|[of] p1a: Tangrowth\n|\n|-damage|p1a: Tangrowth|41\/100 tox|[from] psn\n|upkeep\n|turn|54\n|\n|t:|1700511186\n|switch|p2a: The Worst|Skarmory, M|99\/100\n|move|p1a: Tangrowth|Knock Off|p2a: The Worst\n|-damage|p2a: The Worst|88\/100\n|-enditem|p2a: The Worst|Leftovers|[from] move: Knock Off|[of] p1a: Tangrowth\n|\n|-damage|p1a: Tangrowth|28\/100 tox|[from] psn\n|upkeep\n|turn|55\n|\n|t:|1700511193\n|switch|p1a: Gastrodon|Gastrodon-East, M|67\/100 brn\n|move|p2a: The Worst|Body Press|p1a: Gastrodon\n|-damage|p1a: Gastrodon|45\/100 brn\n|\n|-damage|p1a: Gastrodon|39\/100 brn|[from] brn\n|upkeep\n|turn|56\n|\n|t:|1700511200\n|move|p2a: The Worst|Body Press|p1a: Gastrodon\n|-damage|p1a: Gastrodon|15\/100 brn\n|move|p1a: Gastrodon|Recover|p1a: Gastrodon\n|-heal|p1a: Gastrodon|65\/100 brn\n|\n|-damage|p1a: Gastrodon|58\/100 brn|[from] brn\n|upkeep\n|turn|57\n|\n|t:|1700511204\n|move|p2a: The Worst|Body Press|p1a: Gastrodon\n|-damage|p1a: Gastrodon|35\/100 brn\n|move|p1a: Gastrodon|Recover|p1a: Gastrodon\n|-heal|p1a: Gastrodon|85\/100 brn\n|\n|-damage|p1a: Gastrodon|79\/100 brn|[from] brn\n|upkeep\n|turn|58\n|\n|t:|1700511208\n|switch|p2a: Ahh!|Toxapex, F|100\/100\n|move|p1a: Gastrodon|Scald|p2a: Ahh!\n|-resisted|p2a: Ahh!\n|-damage|p2a: Ahh!|90\/100\n|\n|-damage|p1a: Gastrodon|73\/100 brn|[from] brn\n|upkeep\n|turn|59\n|\n|t:|1700511217\n|move|p2a: Ahh!|Toxic||[still]\n|-fail|p2a: Ahh!\n|move|p1a: Gastrodon|Spikes|p2a: Ahh!\n|-sidestart|p2: Glass101|Spikes\n|\n|-damage|p1a: Gastrodon|67\/100 brn|[from] brn\n|upkeep\n|turn|60\n|\n|t:|1700511221\n|switch|p2a: The Worst|Skarmory, M|88\/100\n|move|p1a: Gastrodon|Scald|p2a: The Worst\n|-damage|p2a: The Worst|50\/100\n|\n|-damage|p1a: Gastrodon|61\/100 brn|[from] brn\n|upkeep\n|turn|61\n|\n|t:|1700511229\n|switch|p2a: Ahh!|Toxapex, F|100\/100\n|-damage|p2a: Ahh!|88\/100|[from] Spikes\n|move|p1a: Gastrodon|Scald|p2a: Ahh!\n|-resisted|p2a: Ahh!\n|-damage|p2a: Ahh!|77\/100\n|-status|p2a: Ahh!|brn\n|\n|-damage|p2a: Ahh!|71\/100 brn|[from] brn\n|-damage|p1a: Gastrodon|55\/100 brn|[from] brn\n|upkeep\n|turn|62\n|\n|t:|1700511239\n|move|p2a: Ahh!|Haze|p2a: Ahh!\n|-clearallboost\n|move|p1a: Gastrodon|Recover|p1a: Gastrodon\n|-heal|p1a: Gastrodon|100\/100 brn\n|\n|-damage|p2a: Ahh!|64\/100 brn|[from] brn\n|-damage|p1a: Gastrodon|94\/100 brn|[from] brn\n|upkeep\n|turn|63\n|\n|t:|1700511246\n|switch|p2a: Sorry \":D|Sableye-Mega, M|65\/100 brn\n|-damage|p2a: Sorry \":D|52\/100 brn|[from] Spikes\n|switch|p1a: Tangrowth|Tangrowth, M|62\/100 tox\n|\n|-damage|p1a: Tangrowth|55\/100 tox|[from] psn\n|-damage|p2a: Sorry \":D|46\/100 brn|[from] brn\n|upkeep\n|turn|64\n|\n|t:|1700511253\n|move|p1a: Tangrowth|Giga Drain|p2a: Sorry \":D\n|-damage|p2a: Sorry \":D|16\/100 brn\n|-heal|p1a: Tangrowth|67\/100 tox|[from] drain|[of] p2a: Sorry \":D\n|move|p2a: Sorry \":D|Recover|p2a: Sorry \":D\n|-heal|p2a: Sorry \":D|66\/100 brn\n|\n|-damage|p1a: Tangrowth|54\/100 tox|[from] psn\n|-damage|p2a: Sorry \":D|60\/100 brn|[from] brn\n|upkeep\n|turn|65\n|\n|t:|1700511261\n|switch|p1a: Skuntank|Skuntank, M|42\/100\n|move|p2a: Sorry \":D|Recover|p2a: Sorry \":D\n|-heal|p2a: Sorry \":D|100\/100 brn\n|\n|-heal|p1a: Skuntank|48\/100|[from] item: Black Sludge\n|-damage|p2a: Sorry \":D|94\/100 brn|[from] brn\n|upkeep\n|turn|66\n|\n|t:|1700511268\n|switch|p1a: Lickilicky|Lickilicky, M|81\/100\n|move|p2a: Sorry \":D|Will-O-Wisp|p1a: Lickilicky|[miss]\n|-miss|p2a: Sorry \":D|p1a: Lickilicky\n|\n|-heal|p1a: Lickilicky|87\/100|[from] item: Leftovers\n|-damage|p2a: Sorry \":D|88\/100 brn|[from] brn\n|upkeep\n|turn|67\n|\n|t:|1700511273\n|move|p1a: Lickilicky|Wish|p1a: Lickilicky\n|move|p2a: Sorry \":D|Will-O-Wisp|p1a: Lickilicky|[miss]\n|-miss|p2a: Sorry \":D|p1a: Lickilicky\n|\n|-heal|p1a: Lickilicky|93\/100|[from] item: Leftovers\n|-damage|p2a: Sorry \":D|82\/100 brn|[from] brn\n|upkeep\n|turn|68\n|l| Ghha\n|\n|t:|1700511278\n|move|p1a: Lickilicky|Knock Off|p2a: Sorry \":D\n|-damage|p2a: Sorry \":D|72\/100 brn\n|move|p2a: Sorry \":D|Hex|p1a: Lickilicky\n|-immune|p1a: Lickilicky\n|\n|-heal|p1a: Lickilicky|100\/100|[from] move: Wish|[wisher] Lickilicky\n|-damage|p2a: Sorry \":D|66\/100 brn|[from] brn\n|upkeep\n|turn|69\n|\n|t:|1700511285\n|move|p1a: Lickilicky|Wish|p1a: Lickilicky\n|move|p2a: Sorry \":D|Will-O-Wisp|p1a: Lickilicky\n|-status|p1a: Lickilicky|brn\n|\n|-damage|p1a: Lickilicky|94\/100 brn|[from] brn\n|-damage|p2a: Sorry \":D|60\/100 brn|[from] brn\n|upkeep\n|turn|70\n|\n|t:|1700511290\n|switch|p1a: Skuntank|Skuntank, M|48\/100\n|move|p2a: Sorry \":D|Recover|p2a: Sorry \":D\n|-heal|p2a: Sorry \":D|100\/100 brn\n|\n|-heal|p1a: Skuntank|100\/100|[from] move: Wish|[wisher] Lickilicky\n|-damage|p2a: Sorry \":D|94\/100 brn|[from] brn\n|upkeep\n|turn|71\n|\n|t:|1700511299\n|switch|p1a: Tangrowth|Tangrowth, M|88\/100 tox\n|move|p2a: Sorry \":D|Will-O-Wisp||[still]\n|-fail|p2a: Sorry \":D\n|\n|-damage|p1a: Tangrowth|81\/100 tox|[from] psn\n|-damage|p2a: Sorry \":D|88\/100 brn|[from] brn\n|upkeep\n|turn|72\n|\n|t:|1700511301\n|switch|p1a: Lickilicky|Lickilicky, M|94\/100 brn\n|move|p2a: Sorry \":D|Hex|p1a: Lickilicky\n|-immune|p1a: Lickilicky\n|\n|-heal|p1a: Lickilicky|100\/100 brn|[from] item: Leftovers\n|-damage|p1a: Lickilicky|94\/100 brn|[from] brn\n|-damage|p2a: Sorry \":D|82\/100 brn|[from] brn\n|upkeep\n|turn|73\n|\n|t:|1700511307\n|switch|p2a: The Worst|Skarmory, M|50\/100\n|move|p1a: Lickilicky|Knock Off|p2a: The Worst\n|-damage|p2a: The Worst|46\/100\n|\n|-heal|p1a: Lickilicky|100\/100 brn|[from] item: Leftovers\n|-damage|p1a: Lickilicky|94\/100 brn|[from] brn\n|upkeep\n|turn|74\n|\n|t:|1700511311\n|switch|p1a: Gastrodon|Gastrodon-East, M|94\/100 brn\n|move|p2a: The Worst|Defog|p1a: Gastrodon\n|-unboost|p1a: Gastrodon|evasion|1\n|-sideend|p2: Glass101|Spikes|[from] move: Defog|[of] p2a: The Worst\n|\n|-damage|p1a: Gastrodon|88\/100 brn|[from] brn\n|upkeep\n|turn|75\n|\n|t:|1700511321\n|switch|p2a: Ahh!|Toxapex, F|98\/100 brn\n|move|p1a: Gastrodon|Scald|p2a: Ahh!\n|-resisted|p2a: Ahh!\n|-damage|p2a: Ahh!|87\/100 brn\n|\n|-damage|p2a: Ahh!|81\/100 brn|[from] brn\n|-damage|p1a: Gastrodon|82\/100 brn|[from] brn\n|upkeep\n|turn|76\n|\n|t:|1700511324\n|switch|p2a: Sorry \":D|Sableye-Mega, M|82\/100 brn\n|move|p1a: Gastrodon|Spikes|p2a: Sorry \":D\n|move|p2a: Sorry \":D|Spikes|p1a: Gastrodon|[from]ability: Magic Bounce\n|-sidestart|p1: Poopoo2|Spikes\n|\n|-damage|p1a: Gastrodon|76\/100 brn|[from] brn\n|-damage|p2a: Sorry \":D|75\/100 brn|[from] brn\n|upkeep\n|turn|77\n|\n|t:|1700511332\n|switch|p1a: Lickilicky|Lickilicky, M|94\/100 brn\n|-damage|p1a: Lickilicky|82\/100 brn|[from] Spikes\n|move|p2a: Sorry \":D|Calm Mind|p2a: Sorry \":D\n|-boost|p2a: Sorry \":D|spa|1\n|-boost|p2a: Sorry \":D|spd|1\n|\n|-heal|p1a: Lickilicky|88\/100 brn|[from] item: Leftovers\n|-damage|p1a: Lickilicky|82\/100 brn|[from] brn\n|-damage|p2a: Sorry \":D|69\/100 brn|[from] brn\n|upkeep\n|turn|78\n|\n|t:|1700511338\n|switch|p2a: The Worst|Skarmory, M|46\/100\n|move|p1a: Lickilicky|Wish|p1a: Lickilicky\n|\n|-heal|p1a: Lickilicky|88\/100 brn|[from] item: Leftovers\n|-damage|p1a: Lickilicky|82\/100 brn|[from] brn\n|upkeep\n|turn|79\n|\n|t:|1700511343\n|switch|p1a: Gastrodon|Gastrodon-East, M|76\/100 brn\n|move|p2a: The Worst|Roost|p2a: The Worst\n|-heal|p2a: The Worst|96\/100\n|-singleturn|p2a: The Worst|move: Roost\n|\n|-heal|p1a: Gastrodon|100\/100 brn|[from] move: Wish|[wisher] Lickilicky\n|-damage|p1a: Gastrodon|94\/100 brn|[from] brn\n|upkeep\n|turn|80\n|\n|t:|1700511348\n|switch|p2a: Ahh!|Toxapex, F|100\/100 brn\n|move|p1a: Gastrodon|Scald|p2a: Ahh!\n|-resisted|p2a: Ahh!\n|-damage|p2a: Ahh!|89\/100 brn\n|\n|-damage|p2a: Ahh!|83\/100 brn|[from] brn\n|-damage|p1a: Gastrodon|88\/100 brn|[from] brn\n|upkeep\n|turn|81\n|\n|t:|1700511352\n|switch|p2a: The Worst|Skarmory, M|96\/100\n|move|p1a: Gastrodon|Scald|p2a: The Worst\n|-damage|p2a: The Worst|58\/100\n|\n|-damage|p1a: Gastrodon|82\/100 brn|[from] brn\n|upkeep\n|turn|82\n|\n|t:|1700511358\n|switch|p2a: Ahh!|Toxapex, F|100\/100 brn\n|move|p1a: Gastrodon|Scald|p2a: Ahh!\n|-resisted|p2a: Ahh!\n|-damage|p2a: Ahh!|88\/100 brn\n|\n|-damage|p2a: Ahh!|82\/100 brn|[from] brn\n|-damage|p1a: Gastrodon|76\/100 brn|[from] brn\n|upkeep\n|turn|83\n|\n|t:|1700511366\n|move|p2a: Ahh!|Haze|p2a: Ahh!\n|-clearallboost\n|move|p1a: Gastrodon|Scald|p2a: Ahh!\n|-resisted|p2a: Ahh!\n|-damage|p2a: Ahh!|71\/100 brn\n|\n|-damage|p2a: Ahh!|65\/100 brn|[from] brn\n|-damage|p1a: Gastrodon|70\/100 brn|[from] brn\n|upkeep\n|turn|84\n|\n|t:|1700511372\n|move|p2a: Ahh!|Haze|p2a: Ahh!\n|-clearallboost\n|move|p1a: Gastrodon|Spikes|p2a: Ahh!\n|-sidestart|p2: Glass101|Spikes\n|\n|-damage|p2a: Ahh!|59\/100 brn|[from] brn\n|-damage|p1a: Gastrodon|64\/100 brn|[from] brn\n|upkeep\n|turn|85\n|\n|t:|1700511383\n|switch|p2a: Sorry \":D|Sableye-Mega, M|69\/100 brn\n|-damage|p2a: Sorry \":D|57\/100 brn|[from] Spikes\n|move|p1a: Gastrodon|Scald|p2a: Sorry \":D\n|-damage|p2a: Sorry \":D|30\/100 brn\n|\n|-damage|p1a: Gastrodon|58\/100 brn|[from] brn\n|-damage|p2a: Sorry \":D|24\/100 brn|[from] brn\n|upkeep\n|turn|86\n|\n|t:|1700511388\n|move|p1a: Gastrodon|Scald|p2a: Sorry \":D\n|-damage|p2a: Sorry \":D|0 fnt\n|faint|p2a: Sorry \":D\n|\n|-damage|p1a: Gastrodon|52\/100 brn|[from] brn\n|upkeep\n|\n|t:|1700511396\n|switch|p2a: Amazing Regardless|Clodsire, M|100\/100\n|-damage|p2a: Amazing Regardless|88\/100|[from] Spikes\n|turn|87\n|\n|t:|1700511403\n|switch|p2a: Ahh!|Toxapex, F|92\/100 brn\n|-damage|p2a: Ahh!|79\/100 brn|[from] Spikes\n|move|p1a: Gastrodon|Recover|p1a: Gastrodon\n|-heal|p1a: Gastrodon|100\/100 brn\n|\n|-damage|p2a: Ahh!|73\/100 brn|[from] brn\n|-damage|p1a: Gastrodon|94\/100 brn|[from] brn\n|upkeep\n|turn|88\n|\n|t:|1700511412\n|switch|p2a: Whupsies|Chansey, F|37\/100\n|-damage|p2a: Whupsies|25\/100|[from] Spikes\n|move|p1a: Gastrodon|Spikes|p2a: Whupsies\n|-sidestart|p2: Glass101|Spikes\n|\n|-damage|p1a: Gastrodon|88\/100 brn|[from] brn\n|upkeep\n|turn|89\n|\n|t:|1700511420\n|move|p2a: Whupsies|Soft-Boiled|p2a: Whupsies\n|-heal|p2a: Whupsies|75\/100\n|move|p1a: Gastrodon|Spikes|p2a: Whupsies\n|-sidestart|p2: Glass101|Spikes\n|\n|-damage|p1a: Gastrodon|82\/100 brn|[from] brn\n|upkeep\n|turn|90\n|\n|t:|1700511424\n|switch|p1a: Tangrowth|Tangrowth, M|100\/100 tox\n|-damage|p1a: Tangrowth|88\/100 tox|[from] Spikes\n|move|p2a: Whupsies|Seismic Toss|p1a: Tangrowth\n|-damage|p1a: Tangrowth|63\/100 tox\n|-damage|p2a: Whupsies|58\/100|[from] item: Rocky Helmet|[of] p1a: Tangrowth\n|\n|-damage|p1a: Tangrowth|57\/100 tox|[from] psn\n|upkeep\n|turn|91\n|\n|t:|1700511436\n|switch|p2a: The Worst|Skarmory, M|58\/100\n|switch|p1a: Gastrodon|Gastrodon-East, M|82\/100 brn\n|\n|-damage|p1a: Gastrodon|76\/100 brn|[from] brn\n|upkeep\n|turn|92\n|\n|t:|1700511440\n|switch|p2a: Ahh!|Toxapex, F|100\/100 brn\n|-damage|p2a: Ahh!|76\/100 brn|[from] Spikes\n|move|p1a: Gastrodon|Scald|p2a: Ahh!\n|-resisted|p2a: Ahh!\n|-damage|p2a: Ahh!|64\/100 brn\n|\n|-damage|p2a: Ahh!|58\/100 brn|[from] brn\n|-damage|p1a: Gastrodon|70\/100 brn|[from] brn\n|upkeep\n|turn|93\n|\n|t:|1700511452\n|switch|p2a: The Worst|Skarmory, M|58\/100\n|move|p1a: Gastrodon|Earthquake|p2a: The Worst\n|-immune|p2a: The Worst\n|\n|-damage|p1a: Gastrodon|64\/100 brn|[from] brn\n|upkeep\n|turn|94\n|j| Omgitsphill\n|\n|t:|1700511460\n|move|p2a: The Worst|Roost|p2a: The Worst\n|-heal|p2a: The Worst|100\/100\n|-singleturn|p2a: The Worst|move: Roost\n|move|p1a: Gastrodon|Scald|p2a: The Worst\n|-damage|p2a: The Worst|62\/100\n|\n|-damage|p1a: Gastrodon|58\/100 brn|[from] brn\n|upkeep\n|turn|95\n|\n|t:|1700511465\n|switch|p2a: Ahh!|Toxapex, F|91\/100 brn\n|-damage|p2a: Ahh!|66\/100 brn|[from] Spikes\n|move|p1a: Gastrodon|Scald|p2a: Ahh!\n|-resisted|p2a: Ahh!\n|-damage|p2a: Ahh!|56\/100 brn\n|\n|-damage|p2a: Ahh!|50\/100 brn|[from] brn\n|-damage|p1a: Gastrodon|52\/100 brn|[from] brn\n|upkeep\n|turn|96\n|\n|t:|1700511474\n|move|p2a: Ahh!|Recover|p2a: Ahh!\n|-heal|p2a: Ahh!|99\/100 brn\n|move|p1a: Gastrodon|Earthquake|p2a: Ahh!\n|-supereffective|p2a: Ahh!\n|-damage|p2a: Ahh!|76\/100 brn\n|\n|-damage|p2a: Ahh!|70\/100 brn|[from] brn\n|-damage|p1a: Gastrodon|46\/100 brn|[from] brn\n|upkeep\n|turn|97\n|\n|t:|1700511481\n|move|p2a: Ahh!|Haze|p2a: Ahh!\n|-clearallboost\n|move|p1a: Gastrodon|Earthquake|p2a: Ahh!\n|-supereffective|p2a: Ahh!\n|-damage|p2a: Ahh!|46\/100 brn\n|\n|-damage|p2a: Ahh!|40\/100 brn|[from] brn\n|-damage|p1a: Gastrodon|39\/100 brn|[from] brn\n|upkeep\n|turn|98\n|\n|t:|1700511487\n|move|p2a: Ahh!|Recover|p2a: Ahh!\n|-heal|p2a: Ahh!|90\/100 brn\n|move|p1a: Gastrodon|Recover|p1a: Gastrodon\n|-heal|p1a: Gastrodon|89\/100 brn\n|\n|-damage|p2a: Ahh!|84\/100 brn|[from] brn\n|-damage|p1a: Gastrodon|83\/100 brn|[from] brn\n|upkeep\n|turn|99\n|\n|t:|1700511503\n|switch|p1a: Lickilicky|Lickilicky, M|82\/100 brn\n|-damage|p1a: Lickilicky|69\/100 brn|[from] Spikes\n|move|p2a: Ahh!|Haze|p2a: Ahh!\n|-clearallboost\n|\n|-heal|p1a: Lickilicky|75\/100 brn|[from] item: Leftovers\n|-damage|p1a: Lickilicky|69\/100 brn|[from] brn\n|-damage|p2a: Ahh!|78\/100 brn|[from] brn\n|upkeep\n|turn|100\n|l| Omgitsphill\n|\n|t:|1700511510\n|switch|p2a: The Worst|Skarmory, M|62\/100\n|move|p1a: Lickilicky|Knock Off|p2a: The Worst\n|-damage|p2a: The Worst|58\/100\n|\n|-heal|p1a: Lickilicky|75\/100 brn|[from] item: Leftovers\n|-damage|p1a: Lickilicky|69\/100 brn|[from] brn\n|upkeep\n|turn|101\n|j| Aptham\n|\n|t:|1700511516\n|move|p2a: The Worst|Defog|p1a: Lickilicky\n|-unboost|p1a: Lickilicky|evasion|1\n|-sideend|p1: Poopoo2|Spikes|[from] move: Defog|[of] p2a: The Worst\n|-sideend|p2: Glass101|Spikes|[from] move: Defog|[of] p2a: The Worst\n|move|p1a: Lickilicky|Wish|p1a: Lickilicky\n|\n|-heal|p1a: Lickilicky|75\/100 brn|[from] item: Leftovers\n|-damage|p1a: Lickilicky|69\/100 brn|[from] brn\n|upkeep\n|turn|102\n|\n|t:|1700511525\n|switch|p1a: Gastrodon|Gastrodon-East, M|83\/100 brn\n|move|p2a: The Worst|Body Press|p1a: Gastrodon\n|-damage|p1a: Gastrodon|58\/100 brn\n|\n|-heal|p1a: Gastrodon|100\/100 brn|[from] move: Wish|[wisher] Lickilicky\n|-damage|p1a: Gastrodon|94\/100 brn|[from] brn\n|upkeep\n|turn|103\n|\n|t:|1700511530\n|switch|p2a: Ahh!|Toxapex, F|100\/100 brn\n|move|p1a: Gastrodon|Spikes|p2a: Ahh!\n|-sidestart|p2: Glass101|Spikes\n|\n|-damage|p2a: Ahh!|94\/100 brn|[from] brn\n|-damage|p1a: Gastrodon|88\/100 brn|[from] brn\n|upkeep\n|turn|104\n|\n|t:|1700511549\n|switch|p2a: The Worst|Skarmory, M|58\/100\n|move|p1a: Gastrodon|Spikes|p2a: The Worst\n|-sidestart|p2: Glass101|Spikes\n|\n|-damage|p1a: Gastrodon|82\/100 brn|[from] brn\n|upkeep\n|turn|105\n|\n|t:|1700511552\n|switch|p2a: Ahh!|Toxapex, F|100\/100 brn\n|-damage|p2a: Ahh!|84\/100 brn|[from] Spikes\n|move|p1a: Gastrodon|Scald|p2a: Ahh!\n|-resisted|p2a: Ahh!\n|-damage|p2a: Ahh!|73\/100 brn\n|\n|-damage|p2a: Ahh!|66\/100 brn|[from] brn\n|-damage|p1a: Gastrodon|76\/100 brn|[from] brn\n|upkeep\n|turn|106\n|\n|t:|1700511558\n|switch|p2a: The Worst|Skarmory, M|58\/100\n|move|p1a: Gastrodon|Spikes|p2a: The Worst\n|-sidestart|p2: Glass101|Spikes\n|\n|-damage|p1a: Gastrodon|70\/100 brn|[from] brn\n|upkeep\n|turn|107\n|j| Imperialist Dababy\n|\n|t:|1700511578\n|switch|p1a: Tangrowth|Tangrowth, M|90\/100 tox\n|move|p2a: The Worst|Defog|p1a: Tangrowth\n|-unboost|p1a: Tangrowth|evasion|1\n|-sideend|p2: Glass101|Spikes|[from] move: Defog|[of] p2a: The Worst\n|\n|-damage|p1a: Tangrowth|84\/100 tox|[from] psn\n|upkeep\n|turn|108\n|\n|t:|1700511583\n|switch|p2a: Ahh!|Toxapex, F|99\/100 brn\n|move|p1a: Tangrowth|Earthquake|p2a: Ahh!\n|-supereffective|p2a: Ahh!\n|-damage|p2a: Ahh!|62\/100 brn\n|\n|-damage|p1a: Tangrowth|72\/100 tox|[from] psn\n|-damage|p2a: Ahh!|56\/100 brn|[from] brn\n|upkeep\n|turn|109\n|\n|t:|1700511593\n|switch|p1a: Gastrodon|Gastrodon-East, M|70\/100 brn\n|move|p2a: Ahh!|Scald|p1a: Gastrodon\n|-ability|p1a: Gastrodon|Storm Drain|boost\n|-boost|p1a: Gastrodon|spa|1\n|\n|-damage|p2a: Ahh!|50\/100 brn|[from] brn\n|-damage|p1a: Gastrodon|64\/100 brn|[from] brn\n|upkeep\n|turn|110\n|\n|t:|1700511597\n|switch|p2a: The Worst|Skarmory, M|58\/100\n|move|p1a: Gastrodon|Spikes|p2a: The Worst\n|-sidestart|p2: Glass101|Spikes\n|\n|-damage|p1a: Gastrodon|58\/100 brn|[from] brn\n|upkeep\n|turn|111\n|\n|t:|1700511614\n|move|p2a: The Worst|Defog|p1a: Gastrodon\n|-unboost|p1a: Gastrodon|evasion|1\n|-sideend|p2: Glass101|Spikes|[from] move: Defog|[of] p2a: The Worst\n|move|p1a: Gastrodon|Spikes|p2a: The Worst\n|-sidestart|p2: Glass101|Spikes\n|\n|-damage|p1a: Gastrodon|52\/100 brn|[from] brn\n|upkeep\n|turn|112\n|\n|t:|1700511623\n|switch|p1a: Lickilicky|Lickilicky, M|69\/100 brn\n|move|p2a: The Worst|Body Press|p1a: Lickilicky\n|-supereffective|p1a: Lickilicky\n|-damage|p1a: Lickilicky|11\/100 brn\n|\n|-heal|p1a: Lickilicky|17\/100 brn|[from] item: Leftovers\n|-damage|p1a: Lickilicky|11\/100 brn|[from] brn\n|upkeep\n|turn|113\n|\n|t:|1700511630\n|switch|p1a: Tangrowth|Tangrowth, M|100\/100 tox\n|move|p2a: The Worst|Body Press|p1a: Tangrowth\n|-damage|p1a: Tangrowth|82\/100 tox\n|-damage|p2a: The Worst|42\/100|[from] item: Rocky Helmet|[of] p1a: Tangrowth\n|\n|-damage|p1a: Tangrowth|76\/100 tox|[from] psn\n|upkeep\n|turn|114\n|\n|t:|1700511641\n|switch|p1a: Lickilicky|Lickilicky, M|11\/100 brn\n|move|p2a: The Worst|Roost|p2a: The Worst\n|-heal|p2a: The Worst|92\/100\n|-singleturn|p2a: The Worst|move: Roost\n|\n|-heal|p1a: Lickilicky|17\/100 brn|[from] item: Leftovers\n|-damage|p1a: Lickilicky|11\/100 brn|[from] brn\n|upkeep\n|turn|115\n|\n|t:|1700511646\n|switch|p1a: Tangrowth|Tangrowth, M|100\/100 tox\n|move|p2a: The Worst|Body Press|p1a: Tangrowth\n|-damage|p1a: Tangrowth|84\/100 tox\n|-damage|p2a: The Worst|75\/100|[from] item: Rocky Helmet|[of] p1a: Tangrowth\n|\n|-damage|p1a: Tangrowth|78\/100 tox|[from] psn\n|upkeep\n|turn|116\n|\n|t:|1700511653\n|move|p2a: The Worst|Defog|p1a: Tangrowth\n|-unboost|p1a: Tangrowth|evasion|1\n|-sideend|p2: Glass101|Spikes|[from] move: Defog|[of] p2a: The Worst\n|move|p1a: Tangrowth|Giga Drain|p2a: The Worst\n|-resisted|p2a: The Worst\n|-damage|p2a: The Worst|65\/100\n|-heal|p1a: Tangrowth|82\/100 tox|[from] drain|[of] p2a: The Worst\n|\n|-damage|p1a: Tangrowth|70\/100 tox|[from] psn\n|upkeep\n|turn|117\n|\n|t:|1700511664\n|switch|p2a: Whupsies|Chansey, F|58\/100\n|move|p1a: Tangrowth|Knock Off|p2a: Whupsies\n|-damage|p2a: Whupsies|20\/100\n|\n|-damage|p1a: Tangrowth|51\/100 tox|[from] psn\n|upkeep\n|turn|118\n|\n|t:|1700511669\n|switch|p2a: The Worst|Skarmory, M|65\/100\n|move|p1a: Tangrowth|Knock Off|p2a: The Worst\n|-damage|p2a: The Worst|57\/100\n|\n|-damage|p1a: Tangrowth|26\/100 tox|[from] psn\n|upkeep\n|turn|119\n|inactive|Glass101 has 120 seconds left.\n|\n|t:|1700511701\n|switch|p2a: Whupsies|Chansey, F|20\/100\n|switch|p1a: Gastrodon|Gastrodon-East, M|52\/100 brn\n|\n|-damage|p1a: Gastrodon|46\/100 brn|[from] brn\n|upkeep\n|turn|120\n|inactive|Glass101 has 120 seconds left.\n|\n|t:|1700511708\n|switch|p2a: The Worst|Skarmory, M|57\/100\n|move|p1a: Gastrodon|Earthquake|p2a: The Worst\n|-immune|p2a: The Worst\n|\n|-damage|p1a: Gastrodon|39\/100 brn|[from] brn\n|upkeep\n|turn|121\n|inactive|Glass101 has 120 seconds left.\n|\n|t:|1700511717\n|move|p2a: The Worst|Roost|p2a: The Worst\n|-heal|p2a: The Worst|100\/100\n|-singleturn|p2a: The Worst|move: Roost\n|move|p1a: Gastrodon|Recover|p1a: Gastrodon\n|-heal|p1a: Gastrodon|89\/100 brn\n|\n|-damage|p1a: Gastrodon|83\/100 brn|[from] brn\n|upkeep\n|turn|122\n|\n|t:|1700511720\n|switch|p1a: Tangrowth|Tangrowth, M|59\/100 tox\n|move|p2a: The Worst|Body Press|p1a: Tangrowth\n|-damage|p1a: Tangrowth|44\/100 tox\n|-damage|p2a: The Worst|84\/100|[from] item: Rocky Helmet|[of] p1a: Tangrowth\n|\n|-damage|p1a: Tangrowth|38\/100 tox|[from] psn\n|upkeep\n|turn|123\n|\n|t:|1700511724\n|switch|p1a: Gastrodon|Gastrodon-East, M|83\/100 brn\n|move|p2a: The Worst|Body Press|p1a: Gastrodon\n|-damage|p1a: Gastrodon|58\/100 brn\n|\n|-damage|p1a: Gastrodon|51\/100 brn|[from] brn\n|upkeep\n|turn|124\n|l| Aptham\n|j| Omgitsphill\n|\n|t:|1700511732\n|switch|p1a: Tangrowth|Tangrowth, M|71\/100 tox\n|move|p2a: The Worst|Body Press|p1a: Tangrowth\n|-damage|p1a: Tangrowth|55\/100 tox\n|-damage|p2a: The Worst|68\/100|[from] item: Rocky Helmet|[of] p1a: Tangrowth\n|\n|-damage|p1a: Tangrowth|49\/100 tox|[from] psn\n|upkeep\n|turn|125\n|inactive|Glass101 has 120 seconds left.\n|\n|t:|1700511761\n|switch|p2a: Whupsies|Chansey, F|20\/100\n|switch|p1a: Skuntank|Skuntank, M|100\/100\n|\n|upkeep\n|turn|126\n|\n|t:|1700511764\n|switch|p2a: Ahh!|Toxapex, F|83\/100 brn\n|move|p1a: Skuntank|Crunch|p2a: Ahh!\n|-damage|p2a: Ahh!|58\/100 brn\n|-damage|p1a: Skuntank|84\/100|[from] item: Rocky Helmet|[of] p2a: Ahh!\n|\n|-heal|p1a: Skuntank|90\/100|[from] item: Black Sludge\n|-damage|p2a: Ahh!|52\/100 brn|[from] brn\n|upkeep\n|turn|127\n|inactive|Glass101 has 120 seconds left.\n|\n|t:|1700511778\n|switch|p1a: Gastrodon|Gastrodon-East, M|51\/100 brn\n|move|p2a: Ahh!|Scald|p1a: Gastrodon\n|-ability|p1a: Gastrodon|Storm Drain|boost\n|-boost|p1a: Gastrodon|spa|1\n|\n|-damage|p2a: Ahh!|46\/100 brn|[from] brn\n|-damage|p1a: Gastrodon|45\/100 brn|[from] brn\n|upkeep\n|turn|128\n|\n|t:|1700511782\n|switch|p2a: The Worst|Skarmory, M|68\/100\n|move|p1a: Gastrodon|Spikes|p2a: The Worst\n|-sidestart|p2: Glass101|Spikes\n|\n|-damage|p1a: Gastrodon|39\/100 brn|[from] brn\n|upkeep\n|turn|129\n|\n|t:|1700511788\n|switch|p1a: Tangrowth|Tangrowth, M|82\/100 tox\n|move|p2a: The Worst|Defog|p1a: Tangrowth\n|-unboost|p1a: Tangrowth|evasion|1\n|-sideend|p2: Glass101|Spikes|[from] move: Defog|[of] p2a: The Worst\n|\n|-damage|p1a: Tangrowth|75\/100 tox|[from] psn\n|upkeep\n|turn|130\n|l| Imperialist Dababy\n|inactive|Glass101 has 120 seconds left.\n|\n|t:|1700511803\n|move|p2a: The Worst|Body Press|p1a: Tangrowth\n|-damage|p1a: Tangrowth|59\/100 tox\n|-damage|p2a: The Worst|51\/100|[from] item: Rocky Helmet|[of] p1a: Tangrowth\n|move|p1a: Tangrowth|Earthquake|p2a: The Worst\n|-immune|p2a: The Worst\n|\n|-damage|p1a: Tangrowth|47\/100 tox|[from] psn\n|upkeep\n|turn|131\n|\n|t:|1700511813\n|switch|p1a: Gastrodon|Gastrodon-East, M|39\/100 brn\n|move|p2a: The Worst|Roost|p2a: The Worst\n|-heal|p2a: The Worst|100\/100\n|-singleturn|p2a: The Worst|move: Roost\n|\n|-damage|p1a: Gastrodon|33\/100 brn|[from] brn\n|upkeep\n|turn|132\n|\n|t:|1700511816\n|move|p2a: The Worst|Body Press|p1a: Gastrodon\n|-damage|p1a: Gastrodon|8\/100 brn\n|move|p1a: Gastrodon|Spikes|p2a: The Worst\n|-sidestart|p2: Glass101|Spikes\n|\n|-damage|p1a: Gastrodon|2\/100 brn|[from] brn\n|upkeep\n|turn|133\n|\n|t:|1700511821\n|switch|p1a: Tangrowth|Tangrowth, M|80\/100 tox\n|move|p2a: The Worst|Defog|p1a: Tangrowth\n|-unboost|p1a: Tangrowth|evasion|1\n|-sideend|p2: Glass101|Spikes|[from] move: Defog|[of] p2a: The Worst\n|\n|-damage|p1a: Tangrowth|74\/100 tox|[from] psn\n|upkeep\n|turn|134\n|\n|t:|1700511827\n|switch|p2a: Amazing Regardless|Clodsire, M|88\/100\n|move|p1a: Tangrowth|Knock Off|p2a: Amazing Regardless\n|-damage|p2a: Amazing Regardless|78\/100\n|\n|-damage|p1a: Tangrowth|62\/100 tox|[from] psn\n|upkeep\n|turn|135\n|\n|t:|1700511834\n|switch|p1a: Gastrodon|Gastrodon-East, M|2\/100 brn\n|move|p2a: Amazing Regardless|Counter||[still]\n|-fail|p2a: Amazing Regardless\n|\n|-damage|p1a: Gastrodon|0 fnt|[from] brn\n|faint|p1a: Gastrodon\n|upkeep\n|\n|t:|1700511840\n|switch|p1a: Lickilicky|Lickilicky, M|11\/100 brn\n|turn|136\n|\n|t:|1700511849\n|switch|p1a: Tangrowth|Tangrowth, M|95\/100 tox\n|move|p2a: Amazing Regardless|Earthquake|p1a: Tangrowth\n|-resisted|p1a: Tangrowth\n|-damage|p1a: Tangrowth|88\/100 tox\n|\n|-damage|p1a: Tangrowth|82\/100 tox|[from] psn\n|upkeep\n|turn|137\n|\n|t:|1700511860\n|move|p1a: Tangrowth|Giga Drain|p2a: Amazing Regardless\n|-damage|p2a: Amazing Regardless|58\/100\n|-heal|p1a: Tangrowth|93\/100 tox|[from] drain|[of] p2a: Amazing Regardless\n|move|p2a: Amazing Regardless|Counter||[still]\n|-fail|p2a: Amazing Regardless\n|\n|-damage|p1a: Tangrowth|81\/100 tox|[from] psn\n|upkeep\n|turn|138\n|\n|t:|1700511865\n|switch|p2a: The Worst|Skarmory, M|100\/100\n|move|p1a: Tangrowth|Earthquake|p2a: The Worst\n|-immune|p2a: The Worst\n|\n|-damage|p1a: Tangrowth|62\/100 tox|[from] psn\n|upkeep\n|turn|139\n|\n|t:|1700511871\n|switch|p2a: Whupsies|Chansey, F|20\/100\n|switch|p1a: Skuntank|Skuntank, M|90\/100\n|\n|-heal|p1a: Skuntank|96\/100|[from] item: Black Sludge\n|upkeep\n|turn|140\n|\n|t:|1700511877\n|switch|p2a: Ahh!|Toxapex, F|79\/100 brn\n|move|p1a: Skuntank|Crunch|p2a: Ahh!\n|-damage|p2a: Ahh!|51\/100 brn\n|-damage|p1a: Skuntank|80\/100|[from] item: Rocky Helmet|[of] p2a: Ahh!\n|\n|-heal|p1a: Skuntank|86\/100|[from] item: Black Sludge\n|-damage|p2a: Ahh!|45\/100 brn|[from] brn\n|upkeep\n|turn|141\n|\n|t:|1700511886\n|switch|p1a: Tangrowth|Tangrowth, M|95\/100 tox\n|move|p2a: Ahh!|Scald|p1a: Tangrowth\n|-resisted|p1a: Tangrowth\n|-damage|p1a: Tangrowth|84\/100 tox\n|\n|-damage|p1a: Tangrowth|78\/100 tox|[from] psn\n|-damage|p2a: Ahh!|39\/100 brn|[from] brn\n|upkeep\n|turn|142\n|\n|t:|1700511893\n|switch|p2a: The Worst|Skarmory, M|100\/100\n|move|p1a: Tangrowth|Knock Off|p2a: The Worst\n|-damage|p2a: The Worst|92\/100\n|\n|-damage|p1a: Tangrowth|66\/100 tox|[from] psn\n|upkeep\n|turn|143\n|\n|t:|1700511906\n|switch|p2a: Whupsies|Chansey, F|20\/100\n|switch|p1a: Skuntank|Skuntank, M|86\/100\n|\n|-heal|p1a: Skuntank|92\/100|[from] item: Black Sludge\n|upkeep\n|turn|144\n|\n|t:|1700511909\n|switch|p2a: Ahh!|Toxapex, F|72\/100 brn\n|move|p1a: Skuntank|Crunch|p2a: Ahh!\n|-damage|p2a: Ahh!|48\/100 brn\n|-unboost|p2a: Ahh!|def|1\n|-damage|p1a: Skuntank|75\/100|[from] item: Rocky Helmet|[of] p2a: Ahh!\n|\n|-heal|p1a: Skuntank|81\/100|[from] item: Black Sludge\n|-damage|p2a: Ahh!|42\/100 brn|[from] brn\n|upkeep\n|turn|145\n|\n|t:|1700511913\n|switch|p2a: The Worst|Skarmory, M|92\/100\n|move|p1a: Skuntank|Crunch|p2a: The Worst\n|-damage|p2a: The Worst|71\/100\n|\n|-heal|p1a: Skuntank|88\/100|[from] item: Black Sludge\n|upkeep\n|turn|146\n|\n|t:|1700511917\n|move|p1a: Skuntank|Crunch|p2a: The Worst\n|-damage|p2a: The Worst|50\/100\n|-unboost|p2a: The Worst|def|1\n|move|p2a: The Worst|Body Press|p1a: Skuntank\n|-damage|p1a: Skuntank|57\/100\n|\n|-heal|p1a: Skuntank|63\/100|[from] item: Black Sludge\n|upkeep\n|turn|147\n|\n|t:|1700511925\n|switch|p2a: Ahh!|Toxapex, F|75\/100 brn\n|move|p1a: Skuntank|Crunch|p2a: Ahh!\n|-damage|p2a: Ahh!|50\/100 brn\n|-damage|p1a: Skuntank|47\/100|[from] item: Rocky Helmet|[of] p2a: Ahh!\n|\n|-heal|p1a: Skuntank|53\/100|[from] item: Black Sludge\n|-damage|p2a: Ahh!|44\/100 brn|[from] brn\n|upkeep\n|turn|148\n|\n|t:|1700511931\n|switch|p1a: Tangrowth|Tangrowth, M|99\/100 tox\n|move|p2a: Ahh!|Scald|p1a: Tangrowth\n|-resisted|p1a: Tangrowth\n|-damage|p1a: Tangrowth|86\/100 tox\n|\n|-damage|p1a: Tangrowth|80\/100 tox|[from] psn\n|-damage|p2a: Ahh!|38\/100 brn|[from] brn\n|upkeep\n|turn|149\n|\n|t:|1700511940\n|switch|p2a: The Worst|Skarmory, M|50\/100\n|move|p1a: Tangrowth|Giga Drain|p2a: The Worst\n|-resisted|p2a: The Worst\n|-damage|p2a: The Worst|41\/100\n|-heal|p1a: Tangrowth|84\/100 tox|[from] drain|[of] p2a: The Worst\n|\n|-damage|p1a: Tangrowth|71\/100 tox|[from] psn\n|upkeep\n|turn|150\n|\n|t:|1700511945\n|switch|p1a: Skuntank|Skuntank, M|53\/100\n|move|p2a: The Worst|Roost|p2a: The Worst\n|-heal|p2a: The Worst|91\/100\n|-singleturn|p2a: The Worst|move: Roost\n|\n|-heal|p1a: Skuntank|59\/100|[from] item: Black Sludge\n|upkeep\n|turn|151\n|\n|t:|1700511962\n|switch|p1a: Tangrowth|Tangrowth, M|100\/100 tox\n|move|p2a: The Worst|Body Press|p1a: Tangrowth\n|-damage|p1a: Tangrowth|85\/100 tox\n|-damage|p2a: The Worst|74\/100|[from] item: Rocky Helmet|[of] p1a: Tangrowth\n|\n|-damage|p1a: Tangrowth|79\/100 tox|[from] psn\n|upkeep\n|turn|152\n|\n|t:|1700511974\n|switch|p2a: Ahh!|Toxapex, F|71\/100 brn\n|switch|p1a: Lickilicky|Lickilicky, M|11\/100 brn\n|\n|-heal|p1a: Lickilicky|17\/100 brn|[from] item: Leftovers\n|-damage|p1a: Lickilicky|11\/100 brn|[from] brn\n|-damage|p2a: Ahh!|65\/100 brn|[from] brn\n|upkeep\n|turn|153\n|\n|t:|1700511978\n|switch|p1a: Tangrowth|Tangrowth, M|100\/100 tox\n|move|p2a: Ahh!|Scald|p1a: Tangrowth\n|-resisted|p1a: Tangrowth\n|-damage|p1a: Tangrowth|88\/100 tox\n|\n|-damage|p1a: Tangrowth|82\/100 tox|[from] psn\n|-damage|p2a: Ahh!|59\/100 brn|[from] brn\n|upkeep\n|turn|154\n|\n|t:|1700511985\n|switch|p2a: The Worst|Skarmory, M|74\/100\n|move|p1a: Tangrowth|Earthquake|p2a: The Worst\n|-immune|p2a: The Worst\n|\n|-damage|p1a: Tangrowth|70\/100 tox|[from] psn\n|upkeep\n|turn|155\n|\n|t:|1700512003\n|switch|p2a: Whupsies|Chansey, F|20\/100\n|switch|p1a: Lickilicky|Lickilicky, M|11\/100 brn\n|\n|-heal|p1a: Lickilicky|17\/100 brn|[from] item: Leftovers\n|-damage|p1a: Lickilicky|11\/100 brn|[from] brn\n|upkeep\n|turn|156\n|\n|t:|1700512020\n|switch|p1a: Tangrowth|Tangrowth, M|100\/100 tox\n|move|p2a: Whupsies|Stealth Rock|p1a: Tangrowth\n|-sidestart|p1: Poopoo2|move: Stealth Rock\n|\n|-damage|p1a: Tangrowth|94\/100 tox|[from] psn\n|upkeep\n|turn|157\n|\n|t:|1700512029\n|switch|p2a: The Worst|Skarmory, M|74\/100\n|move|p1a: Tangrowth|Knock Off|p2a: The Worst\n|-damage|p2a: The Worst|65\/100\n|\n|-damage|p1a: Tangrowth|82\/100 tox|[from] psn\n|upkeep\n|turn|158\n|\n|t:|1700512037\n|switch|p1a: Skuntank|Skuntank, M|59\/100\n|-damage|p1a: Skuntank|47\/100|[from] Stealth Rock\n|move|p2a: The Worst|Whirlwind|p1a: Skuntank\n|drag|p1a: Tangrowth|Tangrowth, M|100\/100 tox\n|-damage|p1a: Tangrowth|88\/100 tox|[from] Stealth Rock\n|\n|-damage|p1a: Tangrowth|82\/100 tox|[from] psn\n|upkeep\n|turn|159\n|\n|t:|1700512044\n|move|p1a: Tangrowth|Knock Off|p2a: The Worst\n|-damage|p2a: The Worst|57\/100\n|move|p2a: The Worst|Whirlwind|p1a: Tangrowth\n|drag|p1a: Skuntank|Skuntank, M|47\/100\n|-damage|p1a: Skuntank|34\/100|[from] Stealth Rock\n|\n|-heal|p1a: Skuntank|40\/100|[from] item: Black Sludge\n|upkeep\n|turn|160\n|\n|t:|1700512069\n|switch|p2a: Ahh!|Toxapex, F|92\/100 brn\n|move|p1a: Skuntank|Crunch|p2a: Ahh!\n|-damage|p2a: Ahh!|66\/100 brn\n|-damage|p1a: Skuntank|24\/100|[from] item: Rocky Helmet|[of] p2a: Ahh!\n|\n|-heal|p1a: Skuntank|30\/100|[from] item: Black Sludge\n|-damage|p2a: Ahh!|59\/100 brn|[from] brn\n|upkeep\n|turn|161\n|l| Omgitsphill\n|\n|t:|1700512077\n|switch|p2a: The Worst|Skarmory, M|57\/100\n|move|p1a: Skuntank|Toxic Spikes|p2a: The Worst\n|-sidestart|p2: Glass101|move: Toxic Spikes\n|\n|-heal|p1a: Skuntank|36\/100|[from] item: Black Sludge\n|upkeep\n|turn|162\n|inactive|Glass101 has 120 seconds left.\n|\n|t:|1700512093\n|switch|p2a: Ahh!|Toxapex, F|93\/100 brn\n|-sideend|p2: Glass101|move: Toxic Spikes|[of] p2a: Ahh!\n|move|p1a: Skuntank|Toxic Spikes|p2a: Ahh!\n|-sidestart|p2: Glass101|move: Toxic Spikes\n|\n|-heal|p1a: Skuntank|42\/100|[from] item: Black Sludge\n|-damage|p2a: Ahh!|86\/100 brn|[from] brn\n|upkeep\n|turn|163\n|\n|t:|1700512097\n|switch|p1a: Tangrowth|Tangrowth, M|100\/100 tox\n|-damage|p1a: Tangrowth|88\/100 tox|[from] Stealth Rock\n|move|p2a: Ahh!|Scald|p1a: Tangrowth\n|-resisted|p1a: Tangrowth\n|-damage|p1a: Tangrowth|76\/100 tox\n|\n|-damage|p1a: Tangrowth|70\/100 tox|[from] psn\n|-damage|p2a: Ahh!|80\/100 brn|[from] brn\n|upkeep\n|turn|164\n|\n|t:|1700512103\n|switch|p2a: The Worst|Skarmory, M|57\/100\n|move|p1a: Tangrowth|Giga Drain|p2a: The Worst\n|-resisted|p2a: The Worst\n|-damage|p2a: The Worst|48\/100\n|-heal|p1a: Tangrowth|75\/100 tox|[from] drain|[of] p2a: The Worst\n|\n|-damage|p1a: Tangrowth|62\/100 tox|[from] psn\n|upkeep\n|turn|165\n|\n|t:|1700512109\n|move|p1a: Tangrowth|Earthquake|p2a: The Worst\n|-immune|p2a: The Worst\n|move|p2a: The Worst|Whirlwind|p1a: Tangrowth\n|drag|p1a: Skuntank|Skuntank, M|42\/100\n|-damage|p1a: Skuntank|30\/100|[from] Stealth Rock\n|\n|-heal|p1a: Skuntank|36\/100|[from] item: Black Sludge\n|upkeep\n|turn|166\n|\n|t:|1700512112\n|move|p1a: Skuntank|Crunch|p2a: The Worst\n|-damage|p2a: The Worst|27\/100\n|-unboost|p2a: The Worst|def|1\n|move|p2a: The Worst|Whirlwind|p1a: Skuntank\n|drag|p1a: Tangrowth|Tangrowth, M|95\/100 tox\n|-damage|p1a: Tangrowth|83\/100 tox|[from] Stealth Rock\n|\n|-damage|p1a: Tangrowth|77\/100 tox|[from] psn\n|upkeep\n|turn|167\n|\n|t:|1700512118\n|move|p2a: The Worst|Roost|p2a: The Worst\n|-heal|p2a: The Worst|77\/100\n|-singleturn|p2a: The Worst|move: Roost\n|move|p1a: Tangrowth|Earthquake|p2a: The Worst\n|-supereffective|p2a: The Worst\n|-damage|p2a: The Worst|37\/100\n|\n|-damage|p1a: Tangrowth|64\/100 tox|[from] psn\n|upkeep\n|turn|168\n|\n|t:|1700512123\n|switch|p2a: Ahh!|Toxapex, F|100\/100 brn\n|-sideend|p2: Glass101|move: Toxic Spikes|[of] p2a: Ahh!\n|move|p1a: Tangrowth|Earthquake|p2a: Ahh!\n|-supereffective|p2a: Ahh!\n|-damage|p2a: Ahh!|66\/100 brn\n|\n|-damage|p1a: Tangrowth|46\/100 tox|[from] psn\n|-damage|p2a: Ahh!|59\/100 brn|[from] brn\n|upkeep\n|turn|169\n|\n|t:|1700512130\n|switch|p1a: Lickilicky|Lickilicky, M|11\/100 brn\n|-damage|p1a: Lickilicky|0 fnt|[from] Stealth Rock\n|faint|p1a: Lickilicky\n|switch|p2a: The Worst|Skarmory, M|37\/100\n|\n|upkeep\n|\n|t:|1700512136\n|switch|p1a: Tangrowth|Tangrowth, M|79\/100 tox\n|-damage|p1a: Tangrowth|67\/100 tox|[from] Stealth Rock\n|turn|170\n|\n|t:|1700512147\n|move|p2a: The Worst|Roost|p2a: The Worst\n|-heal|p2a: The Worst|87\/100\n|-singleturn|p2a: The Worst|move: Roost\n|move|p1a: Tangrowth|Giga Drain|p2a: The Worst\n|-resisted|p2a: The Worst\n|-damage|p2a: The Worst|66\/100\n|-heal|p1a: Tangrowth|75\/100 tox|[from] drain|[of] p2a: The Worst\n|\n|-damage|p1a: Tangrowth|69\/100 tox|[from] psn\n|upkeep\n|turn|171\n|\n|t:|1700512152\n|move|p1a: Tangrowth|Giga Drain|p2a: The Worst\n|-resisted|p2a: The Worst\n|-damage|p2a: The Worst|58\/100\n|-heal|p1a: Tangrowth|73\/100 tox|[from] drain|[of] p2a: The Worst\n|move|p2a: The Worst|Whirlwind|p1a: Tangrowth\n|drag|p1a: Skuntank|Skuntank, M|36\/100\n|-damage|p1a: Skuntank|23\/100|[from] Stealth Rock\n|\n|-heal|p1a: Skuntank|29\/100|[from] item: Black Sludge\n|upkeep\n|turn|172\n|\n|t:|1700512155\n|move|p1a: Skuntank|Crunch|p2a: The Worst\n|-damage|p2a: The Worst|37\/100\n|move|p2a: The Worst|Whirlwind|p1a: Skuntank\n|drag|p1a: Tangrowth|Tangrowth, M|100\/100 tox\n|-damage|p1a: Tangrowth|88\/100 tox|[from] Stealth Rock\n|\n|-damage|p1a: Tangrowth|82\/100 tox|[from] psn\n|upkeep\n|turn|173\n|\n|t:|1700512161\n|move|p1a: Tangrowth|Giga Drain|p2a: The Worst\n|-resisted|p2a: The Worst\n|-damage|p2a: The Worst|28\/100\n|-heal|p1a: Tangrowth|86\/100 tox|[from] drain|[of] p2a: The Worst\n|move|p2a: The Worst|Whirlwind|p1a: Tangrowth\n|drag|p1a: Skuntank|Skuntank, M|29\/100\n|-damage|p1a: Skuntank|17\/100|[from] Stealth Rock\n|\n|-heal|p1a: Skuntank|23\/100|[from] item: Black Sludge\n|upkeep\n|turn|174\n|\n|t:|1700512164\n|switch|p2a: Ahh!|Toxapex, F|93\/100 brn\n|move|p1a: Skuntank|Crunch|p2a: Ahh!\n|-damage|p2a: Ahh!|69\/100 brn\n|-damage|p1a: Skuntank|7\/100|[from] item: Rocky Helmet|[of] p2a: Ahh!\n|\n|-heal|p1a: Skuntank|13\/100|[from] item: Black Sludge\n|-damage|p2a: Ahh!|62\/100 brn|[from] brn\n|upkeep\n|turn|175\n|\n|t:|1700512172\n|move|p1a: Skuntank|Toxic Spikes|p2a: Ahh!\n|-sidestart|p2: Glass101|move: Toxic Spikes\n|move|p2a: Ahh!|Scald|p1a: Skuntank\n|-damage|p1a: Skuntank|0 fnt\n|faint|p1a: Skuntank\n|\n|-damage|p2a: Ahh!|56\/100 brn|[from] brn\n|upkeep\n|-message|Poopoo2 forfeited.\n|\n|win|Glass101\n|raw|Poopoo2's rating: 1567 &rarr; <strong>1546<\/strong><br \/>(-21 for losing)\n|raw|Glass101's rating: 1546 &rarr; <strong>1567<\/strong><br \/>(+21 for winning)\n|l|\u2606Poopoo2\n|j|\u2606Poopoo2\n|player|p1|Poopoo2|unknown\n","uploadtime":1700512184,"views":2,"p1id":"poopoo2","p2id":"glass101","formatid":"gen9nationaldex","rating":1546,"private":0,"password":""}