{"id":"gen9nationaldex-1997988432","p1":"NDSNEZyedropwhen","p2":"Smallpluggedinfan","format":"[Gen 9] National Dex","log":"|html|<div class=\"broadcast-blue\"><strong>[Gen 9] National Dex is currently suspecting Sneasler! For information on how to participate check out the <a href=\"https:\/\/www.smogon.com\/forums\/threads\/sv-national-dex-suspect-8-just-dance.3731534\/\">suspect thread<\/a>.<\/strong><\/div>\n|j|\u2606NDSNEZyedropwhen\n|j|\u2606Smallpluggedinfan\n|t:|1700875865\n|gametype|singles\n|player|p1|NDSNEZyedropwhen|adaman|1166\n|player|p2|Smallpluggedinfan|lusamine-nihilego|1065\n|teamsize|p1|6\n|teamsize|p2|6\n|gen|9\n|tier|[Gen 9] National Dex\n|rated|\n|rule|HP Percentage Mod: HP is shown in percentages\n|rule|Endless Battle Clause: Forcing endless battles is banned\n|rule|OHKO Clause: OHKO moves are banned\n|rule|Evasion Clause: Evasion abilities, items, and moves are banned\n|rule|Evasion Abilities Clause: Evasion abilities are banned\n|rule|Evasion Items Clause: Evasion items are banned\n|rule|Evasion Moves Clause: Evasion moves are banned\n|rule|Species Clause: Limit one of each Pok\u00e9mon\n|rule|Sleep Clause Mod: Limit one foe put to sleep\n|clearpoke\n|poke|p1|Toxapex, F|\n|poke|p1|Dondozo, M|\n|poke|p1|Gliscor, M|\n|poke|p1|Blissey, F|\n|poke|p1|Corviknight, M|\n|poke|p1|Tyranitar, F|\n|poke|p2|Maushold-Four|\n|poke|p2|Slowbro-Galar, F|\n|poke|p2|Cryogonal|\n|poke|p2|Aerodactyl, F|\n|poke|p2|Exeggutor-Alola, F|\n|poke|p2|Lurantis, M|\n|teampreview\n|inactive|Battle timer is ON: inactive players will automatically lose when time's up. (requested by Smallpluggedinfan)\n|\n|t:|1700875884\n|start\n|switch|p1a: Tyranitar|Tyranitar, F|100\/100\n|switch|p2a: bornana|Lurantis, M|100\/100\n|-weather|Sandstorm|[from] ability: Sand Stream|[of] p1a: Tyranitar\n|turn|1\n|\n|t:|1700875891\n|switch|p1a: Toxapex|Toxapex, F|100\/100\n|move|p2a: bornana|Leaf Storm|p1a: Toxapex\n|-crit|p1a: Toxapex\n|-damage|p1a: Toxapex|34\/100\n|-boost|p2a: bornana|spa|2\n|\n|-weather|Sandstorm|[upkeep]\n|-damage|p2a: bornana|94\/100|[from] Sandstorm\n|-damage|p1a: Toxapex|28\/100|[from] Sandstorm\n|upkeep\n|turn|2\n|\n|t:|1700875896\n|switch|p1a: Corviknight|Corviknight, M|100\/100\n|-ability|p1a: Corviknight|Pressure\n|move|p2a: bornana|Trailblaze|p1a: Corviknight\n|-resisted|p1a: Corviknight\n|-damage|p1a: Corviknight|94\/100\n|-unboost|p2a: bornana|spe|1\n|\n|-weather|Sandstorm|[upkeep]\n|-damage|p2a: bornana|88\/100|[from] Sandstorm\n|-heal|p1a: Corviknight|100\/100|[from] item: Leftovers\n|upkeep\n|turn|3\n|\n|t:|1700875908\n|move|p1a: Corviknight|Protect|p1a: Corviknight\n|-singleturn|p1a: Corviknight|Protect\n|move|p2a: bornana|Knock Off|p1a: Corviknight\n|-activate|p1a: Corviknight|move: Protect\n|\n|-weather|Sandstorm|[upkeep]\n|-damage|p2a: bornana|82\/100|[from] Sandstorm\n|upkeep\n|turn|4\n|\n|t:|1700875913\n|move|p1a: Corviknight|Iron Head|p2a: bornana\n|-damage|p2a: bornana|54\/100\n|cant|p2a: bornana|flinch\n|\n|-weather|Sandstorm|[upkeep]\n|-damage|p2a: bornana|48\/100|[from] Sandstorm\n|upkeep\n|turn|5\n|\n|t:|1700875922\n|move|p1a: Corviknight|Protect|p1a: Corviknight\n|-singleturn|p1a: Corviknight|Protect\n|move|p2a: bornana|Knock Off|p1a: Corviknight\n|-activate|p1a: Corviknight|move: Protect\n|\n|-weather|none\n|upkeep\n|turn|6\n|\n|t:|1700875940\n|move|p1a: Corviknight|Iron Head|p2a: bornana\n|-damage|p2a: bornana|16\/100\n|move|p2a: bornana|Knock Off|p1a: Corviknight\n|-damage|p1a: Corviknight|73\/100\n|-enditem|p1a: Corviknight|Leftovers|[from] move: Knock Off|[of] p2a: bornana\n|\n|upkeep\n|turn|7\n|\n|t:|1700875950\n|move|p1a: Corviknight|Roost|p1a: Corviknight\n|-heal|p1a: Corviknight|100\/100\n|-singleturn|p1a: Corviknight|move: Roost\n|move|p2a: bornana|Leech Life|p1a: Corviknight\n|-resisted|p1a: Corviknight\n|-damage|p1a: Corviknight|91\/100\n|-heal|p2a: bornana|23\/100|[from] drain|[of] p1a: Corviknight\n|\n|upkeep\n|turn|8\n|\n|t:|1700875956\n|move|p1a: Corviknight|Iron Head|p2a: bornana\n|-damage|p2a: bornana|0 fnt\n|faint|p2a: bornana\n|\n|upkeep\n|\n|t:|1700875958\n|switch|p2a: MY BONES|Aerodactyl, F, shiny|100\/100\n|turn|9\n|\n|t:|1700875971\n|detailschange|p2a: MY BONES|Aerodactyl-Mega, F, shiny\n|-mega|p2a: MY BONES|Aerodactyl|Aerodactylite\n|move|p1a: Corviknight|Protect|p1a: Corviknight\n|-singleturn|p1a: Corviknight|Protect\n|move|p2a: MY BONES|Stone Edge|p1a: Corviknight\n|-activate|p1a: Corviknight|move: Protect\n|\n|upkeep\n|turn|10\n|-message|Smallpluggedinfan forfeited.\n|\n|win|NDSNEZyedropwhen\n|raw|NDSNEZyedropwhen's rating: 1166 &rarr; <strong>1184<\/strong><br \/>(+18 for winning)\n|raw|Smallpluggedinfan's rating: 1065 &rarr; <strong>1051<\/strong><br \/>(-14 for losing)\n|l|\u2606Smallpluggedinfan\n|l|\u2606NDSNEZyedropwhen\n|j|\u2606NDSNEZyedropwhen\n|player|p1|NDSNEZyedropwhen|adaman\n","uploadtime":1700875982,"views":1,"p1id":"ndsnezyedropwhen","p2id":"smallpluggedinfan","formatid":"gen9nationaldex","rating":1051,"private":0,"password":""}