{"id":"gen9nationaldex-1990110742","p1":"Harri G","p2":"Throw Games","format":"[Gen 9] National Dex","log":"|j|\u2606Harri G\n|j|\u2606Throw Games\n|t:|1699925678\n|gametype|singles\n|player|p1|Harri G|hilbert-wonderlauncher|1378\n|player|p2|Throw Games|clay|1502\n|teamsize|p1|6\n|teamsize|p2|6\n|gen|9\n|tier|[Gen 9] National Dex\n|rated|\n|rule|HP Percentage Mod: HP is shown in percentages\n|rule|Endless Battle Clause: Forcing endless battles is banned\n|rule|OHKO Clause: OHKO moves are banned\n|rule|Evasion Clause: Evasion abilities, items, and moves are banned\n|rule|Evasion Abilities Clause: Evasion abilities are banned\n|rule|Evasion Items Clause: Evasion items are banned\n|rule|Evasion Moves Clause: Evasion moves are banned\n|rule|Species Clause: Limit one of each Pok\u00e9mon\n|rule|Sleep Clause Mod: Limit one foe put to sleep\n|clearpoke\n|poke|p1|Swampert, M|\n|poke|p1|Pelipper, F|\n|poke|p1|Ferrothorn, M|\n|poke|p1|Glimmora, F|\n|poke|p1|Rillaboom, M|\n|poke|p1|Zapdos|\n|poke|p2|Tapu Koko|\n|poke|p2|Iron Valiant|\n|poke|p2|Banette, M|\n|poke|p2|Ferrothorn, M|\n|poke|p2|Zapdos|\n|poke|p2|Garchomp, F|\n|teampreview\n|inactive|Battle timer is ON: inactive players will automatically lose when time's up. (requested by Throw Games)\n|inactive|Harri G has 120 seconds left.\n|\n|t:|1699925728\n|start\n|switch|p1a: Glimmora|Glimmora, F, shiny|100\/100\n|switch|p2a: Iron Valiant|Iron Valiant|100\/100\n|turn|1\n|\n|t:|1699925735\n|move|p1a: Glimmora|Sludge Bomb|p2a: Iron Valiant\n|-supereffective|p2a: Iron Valiant\n|-damage|p2a: Iron Valiant|0 fnt\n|faint|p2a: Iron Valiant\n|-end|p2a: Iron Valiant|Quark Drive|[silent]\n|\n|upkeep\n|\n|t:|1699925738\n|switch|p2a: Banette|Banette, M|100\/100\n|-item|p1a: Glimmora|Choice Scarf|[from] ability: Frisk|[of] p2a: Banette|[identify]\n|turn|2\n|\n|t:|1699925759\n|switch|p1a: Rillaboom|Rillaboom, M|100\/100\n|-fieldstart|move: Grassy Terrain|[from] ability: Grassy Surge|[of] p1a: Rillaboom\n|detailschange|p2a: Banette|Banette-Mega, M\n|-mega|p2a: Banette|Banette|Banettite\n|move|p2a: Banette|Swords Dance|p2a: Banette\n|-boost|p2a: Banette|atk|2\n|\n|upkeep\n|turn|3\n|\n|t:|1699925775\n|-terastallize|p1a: Rillaboom|Dark\n|move|p2a: Banette|Poltergeist|p1a: Rillaboom\n|-activate|p1a: Rillaboom|move: Poltergeist|Assault Vest\n|-resisted|p1a: Rillaboom\n|-damage|p1a: Rillaboom|30\/100\n|move|p1a: Rillaboom|Knock Off|p2a: Banette\n|-supereffective|p2a: Banette\n|-damage|p2a: Banette|0 fnt\n|faint|p2a: Banette\n|\n|-heal|p1a: Rillaboom|36\/100|[from] Grassy Terrain\n|upkeep\n|\n|t:|1699925783\n|switch|p2a: Tapu Koko|Tapu Koko|100\/100\n|-fieldstart|move: Electric Terrain|[from] ability: Electric Surge|[of] p2a: Tapu Koko\n|turn|4\n|\n|t:|1699925791\n|switch|p1a: Ferrothorn|Ferrothorn, M|100\/100\n|move|p2a: Tapu Koko|Dazzling Gleam|p1a: Ferrothorn\n|-resisted|p1a: Ferrothorn\n|-damage|p1a: Ferrothorn|89\/100\n|\n|-heal|p1a: Ferrothorn|95\/100|[from] item: Leftovers\n|upkeep\n|turn|5\n|\n|t:|1699925797\n|move|p2a: Tapu Koko|Volt Switch|p1a: Ferrothorn\n|-resisted|p1a: Ferrothorn\n|-damage|p1a: Ferrothorn|81\/100\n|\n|t:|1699925799\n|switch|p2a: Garchomp|Garchomp, F|100\/100|[from] Volt Switch\n|move|p1a: Ferrothorn|Stealth Rock|p2a: Garchomp\n|-sidestart|p2: Throw Games|move: Stealth Rock\n|\n|-heal|p1a: Ferrothorn|87\/100|[from] item: Leftovers\n|upkeep\n|turn|6\n|\n|t:|1699925802\n|move|p2a: Garchomp|Swords Dance|p2a: Garchomp\n|-boost|p2a: Garchomp|atk|2\n|move|p1a: Ferrothorn|Leech Seed|p2a: Garchomp\n|-start|p2a: Garchomp|move: Leech Seed\n|\n|-heal|p1a: Ferrothorn|94\/100|[from] item: Leftovers\n|-damage|p2a: Garchomp|88\/100|[from] Leech Seed|[of] p1a: Ferrothorn\n|-heal|p1a: Ferrothorn|100\/100|[silent]\n|upkeep\n|turn|7\n|\n|t:|1699925814\n|move|p1a: Ferrothorn|Protect|p1a: Ferrothorn\n|-singleturn|p1a: Ferrothorn|Protect\n|move|p2a: Garchomp|Scale Shot|p1a: Ferrothorn\n|-activate|p1a: Ferrothorn|move: Protect\n|\n|-heal|p2a: Garchomp|94\/100|[from] item: Leftovers\n|-damage|p2a: Garchomp|82\/100|[from] Leech Seed|[of] p1a: Ferrothorn\n|upkeep\n|turn|8\n|\n|t:|1699925823\n|move|p1a: Ferrothorn|Protect||[still]\n|-fail|p1a: Ferrothorn\n|move|p2a: Garchomp|Fire Fang|p1a: Ferrothorn\n|-supereffective|p1a: Ferrothorn\n|-damage|p1a: Ferrothorn|0 fnt\n|-damage|p2a: Garchomp|70\/100|[from] ability: Iron Barbs|[of] p1a: Ferrothorn\n|faint|p1a: Ferrothorn\n|\n|-heal|p2a: Garchomp|76\/100|[from] item: Leftovers\n|-fieldend|move: Electric Terrain\n|upkeep\n|\n|t:|1699925830\n|switch|p1a: Zapdos|Zapdos|100\/100\n|turn|9\n|\n|t:|1699925838\n|move|p2a: Garchomp|Scale Shot|p1a: Zapdos\n|-damage|p1a: Zapdos|68\/100\n|-damage|p1a: Zapdos|37\/100\n|-hitcount|p1a: Zapdos|2\n|-unboost|p2a: Garchomp|def|1\n|-boost|p2a: Garchomp|spe|1\n|-zpower|p1a: Zapdos\n|move|p1a: Zapdos|Z-Rain Dance|p1a: Zapdos|[anim]Rain Dance\n|-boost|p1a: Zapdos|spe|1|[zeffect]\n|-weather|RainDance\n|\n|-weather|RainDance|[upkeep]\n|-heal|p2a: Garchomp|82\/100|[from] item: Leftovers\n|-damage|p2a: Garchomp|70\/100|[from] Leech Seed|[of] p1a: Zapdos\n|-heal|p1a: Zapdos|51\/100|[silent]\n|upkeep\n|turn|10\n|\n|t:|1699925845\n|move|p2a: Garchomp|Scale Shot|p1a: Zapdos\n|-damage|p1a: Zapdos|19\/100\n|-damage|p1a: Zapdos|0 fnt\n|faint|p1a: Zapdos\n|-hitcount|p1: Zapdos|2\n|-unboost|p2a: Garchomp|def|1\n|-boost|p2a: Garchomp|spe|1\n|\n|-weather|RainDance|[upkeep]\n|-heal|p2a: Garchomp|76\/100|[from] item: Leftovers\n|upkeep\n|\n|t:|1699925851\n|switch|p1a: Rillaboom|Rillaboom, M, tera:Dark|36\/100\n|-fieldstart|move: Grassy Terrain|[from] ability: Grassy Surge|[of] p1a: Rillaboom\n|turn|11\n|\n|t:|1699925854\n|switch|p2a: Ferrothorn|Ferrothorn, M|100\/100\n|-damage|p2a: Ferrothorn|94\/100|[from] Stealth Rock\n|move|p1a: Rillaboom|Grassy Glide|p2a: Ferrothorn\n|-resisted|p2a: Ferrothorn\n|-damage|p2a: Ferrothorn|87\/100\n|-damage|p1a: Rillaboom|24\/100|[from] ability: Iron Barbs|[of] p2a: Ferrothorn\n|\n|-weather|RainDance|[upkeep]\n|-heal|p1a: Rillaboom|30\/100|[from] Grassy Terrain\n|-heal|p2a: Ferrothorn|93\/100|[from] Grassy Terrain\n|-heal|p2a: Ferrothorn|99\/100|[from] item: Leftovers\n|upkeep\n|turn|12\n|\n|t:|1699925858\n|move|p1a: Rillaboom|Knock Off|p2a: Ferrothorn\n|-damage|p2a: Ferrothorn|57\/100\n|-damage|p1a: Rillaboom|18\/100|[from] ability: Iron Barbs|[of] p2a: Ferrothorn\n|-enditem|p2a: Ferrothorn|Leftovers|[from] move: Knock Off|[of] p1a: Rillaboom\n|move|p2a: Ferrothorn|Stealth Rock|p1a: Rillaboom\n|-sidestart|p1: Harri G|move: Stealth Rock\n|\n|-weather|RainDance|[upkeep]\n|-heal|p1a: Rillaboom|24\/100|[from] Grassy Terrain\n|-heal|p2a: Ferrothorn|63\/100|[from] Grassy Terrain\n|upkeep\n|turn|13\n|\n|t:|1699925861\n|move|p1a: Rillaboom|U-turn|p2a: Ferrothorn\n|-damage|p2a: Ferrothorn|44\/100\n|-damage|p1a: Rillaboom|11\/100|[from] ability: Iron Barbs|[of] p2a: Ferrothorn\n|\n|t:|1699925864\n|switch|p1a: Swampert|Swampert, M|100\/100|[from] U-turn\n|-damage|p1a: Swampert|94\/100|[from] Stealth Rock\n|move|p2a: Ferrothorn|Gyro Ball|p1a: Swampert\n|-resisted|p1a: Swampert\n|-damage|p1a: Swampert|72\/100\n|\n|-weather|none\n|-heal|p1a: Swampert|78\/100|[from] Grassy Terrain\n|-heal|p2a: Ferrothorn|50\/100|[from] Grassy Terrain\n|upkeep\n|turn|14\n|\n|t:|1699925868\n|detailschange|p1a: Swampert|Swampert-Mega, M\n|-mega|p1a: Swampert|Swampert|Swampertite\n|move|p2a: Ferrothorn|Protect|p2a: Ferrothorn\n|-singleturn|p2a: Ferrothorn|Protect\n|move|p1a: Swampert|Flip Turn|p2a: Ferrothorn\n|-activate|p2a: Ferrothorn|move: Protect\n|\n|-heal|p1a: Swampert|84\/100|[from] Grassy Terrain\n|-heal|p2a: Ferrothorn|57\/100|[from] Grassy Terrain\n|upkeep\n|turn|15\n|\n|t:|1699925872\n|move|p1a: Swampert|Earthquake|p2a: Ferrothorn\n|-damage|p2a: Ferrothorn|32\/100\n|move|p2a: Ferrothorn|Leech Seed|p1a: Swampert\n|-start|p1a: Swampert|move: Leech Seed\n|\n|-heal|p1a: Swampert|91\/100|[from] Grassy Terrain\n|-heal|p2a: Ferrothorn|38\/100|[from] Grassy Terrain\n|-damage|p1a: Swampert|78\/100|[from] Leech Seed|[of] p2a: Ferrothorn\n|-heal|p2a: Ferrothorn|50\/100|[silent]\n|-fieldend|move: Grassy Terrain\n|upkeep\n|turn|16\n|\n|t:|1699925876\n|move|p1a: Swampert|Flip Turn|p2a: Ferrothorn\n|-resisted|p2a: Ferrothorn\n|-damage|p2a: Ferrothorn|37\/100\n|-damage|p1a: Swampert|66\/100|[from] ability: Iron Barbs|[of] p2a: Ferrothorn\n|\n|t:|1699925881\n|switch|p1a: Pelipper|Pelipper, F|100\/100|[from] Flip Turn\n|-damage|p1a: Pelipper|76\/100|[from] Stealth Rock\n|-weather|RainDance|[from] ability: Drizzle|[of] p1a: Pelipper\n|move|p2a: Ferrothorn|Leech Seed|p1a: Pelipper\n|-start|p1a: Pelipper|move: Leech Seed\n|\n|-weather|RainDance|[upkeep]\n|-damage|p1a: Pelipper|63\/100|[from] Leech Seed|[of] p2a: Ferrothorn\n|-heal|p2a: Ferrothorn|49\/100|[silent]\n|upkeep\n|turn|17\n|\n|t:|1699925884\n|move|p2a: Ferrothorn|Protect|p2a: Ferrothorn\n|-singleturn|p2a: Ferrothorn|Protect\n|move|p1a: Pelipper|Hurricane|p2a: Ferrothorn\n|-activate|p2a: Ferrothorn|move: Protect\n|\n|-weather|RainDance|[upkeep]\n|-damage|p1a: Pelipper|51\/100|[from] Leech Seed|[of] p2a: Ferrothorn\n|-heal|p2a: Ferrothorn|60\/100|[silent]\n|upkeep\n|turn|18\n|\n|t:|1699925888\n|move|p1a: Pelipper|Hurricane|p2a: Ferrothorn\n|-damage|p2a: Ferrothorn|29\/100\n|move|p2a: Ferrothorn|Gyro Ball|p1a: Pelipper\n|-resisted|p1a: Pelipper\n|-damage|p1a: Pelipper|33\/100\n|\n|-weather|RainDance|[upkeep]\n|-damage|p1a: Pelipper|21\/100|[from] Leech Seed|[of] p2a: Ferrothorn\n|-heal|p2a: Ferrothorn|40\/100|[silent]\n|upkeep\n|turn|19\n|\n|t:|1699925892\n|move|p1a: Pelipper|Roost|p1a: Pelipper\n|-heal|p1a: Pelipper|71\/100\n|-singleturn|p1a: Pelipper|move: Roost\n|move|p2a: Ferrothorn|Leech Seed|p1a: Pelipper|[miss]\n|-miss|p2a: Ferrothorn|p1a: Pelipper\n|\n|-weather|RainDance|[upkeep]\n|-damage|p1a: Pelipper|58\/100|[from] Leech Seed|[of] p2a: Ferrothorn\n|-heal|p2a: Ferrothorn|52\/100|[silent]\n|upkeep\n|turn|20\n|\n|t:|1699925894\n|move|p2a: Ferrothorn|Protect|p2a: Ferrothorn\n|-singleturn|p2a: Ferrothorn|Protect\n|move|p1a: Pelipper|Hurricane|p2a: Ferrothorn\n|-activate|p2a: Ferrothorn|move: Protect\n|\n|-weather|RainDance|[upkeep]\n|-damage|p1a: Pelipper|46\/100|[from] Leech Seed|[of] p2a: Ferrothorn\n|-heal|p2a: Ferrothorn|63\/100|[silent]\n|upkeep\n|turn|21\n|\n|t:|1699925897\n|switch|p2a: Zapdos|Zapdos, shiny|100\/100\n|move|p1a: Pelipper|Hurricane|p2a: Zapdos\n|-resisted|p2a: Zapdos\n|-crit|p2a: Zapdos\n|-damage|p2a: Zapdos|63\/100\n|-start|p2a: Zapdos|confusion\n|\n|-weather|RainDance|[upkeep]\n|-damage|p1a: Pelipper|34\/100|[from] Leech Seed|[of] p2a: Zapdos\n|-heal|p2a: Zapdos|73\/100|[silent]\n|upkeep\n|turn|22\n|\n|t:|1699925901\n|switch|p2a: Tapu Koko|Tapu Koko|100\/100\n|-fieldstart|move: Electric Terrain|[from] ability: Electric Surge|[of] p2a: Tapu Koko\n|switch|p1a: Swampert|Swampert-Mega, M|66\/100\n|-damage|p1a: Swampert|60\/100|[from] Stealth Rock\n|\n|-weather|RainDance|[upkeep]\n|upkeep\n|turn|23\n|\n|t:|1699925907\n|-terastallize|p2a: Tapu Koko|Grass\n|move|p1a: Swampert|Earthquake|p2a: Tapu Koko\n|-resisted|p2a: Tapu Koko\n|-damage|p2a: Tapu Koko|57\/100\n|move|p2a: Tapu Koko|Dazzling Gleam|p1a: Swampert\n|-damage|p1a: Swampert|30\/100\n|\n|-weather|none\n|upkeep\n|turn|24\n|\n|t:|1699925913\n|move|p2a: Tapu Koko|Dazzling Gleam|p1a: Swampert\n|-damage|p1a: Swampert|0 fnt\n|faint|p1a: Swampert\n|\n|upkeep\n|\n|t:|1699925918\n|switch|p1a: Glimmora|Glimmora, F, shiny|100\/100\n|-damage|p1a: Glimmora|88\/100|[from] Stealth Rock\n|turn|25\n|\n|t:|1699925920\n|switch|p2a: Ferrothorn|Ferrothorn, M|63\/100\n|-damage|p2a: Ferrothorn|57\/100|[from] Stealth Rock\n|move|p1a: Glimmora|Sludge Bomb|p2a: Ferrothorn\n|-immune|p2a: Ferrothorn\n|\n|upkeep\n|turn|26\n|-message|Harri G forfeited.\n|\n|win|Throw Games\n|raw|Harri G's rating: 1378 &rarr; <strong>1365<\/strong><br \/>(-13 for losing)\n|raw|Throw Games's rating: 1502 &rarr; <strong>1515<\/strong><br \/>(+13 for winning)\n|l|\u2606Harri G\n","uploadtime":1699925927,"views":5,"p1id":"harrig","p2id":"throwgames","formatid":"gen9nationaldex","rating":1365,"private":0,"password":""}