{"id":"gen9nationaldex-1987115360","p1":"hightopfade69","p2":"CMKedo","format":"[Gen 9] National Dex","log":"|j|\u203dhightopfade69\n|j|\u2606CMKedo\n|t:|1699557307\n|gametype|singles\n|player|p1|hightopfade69|102|1213\n|player|p2|CMKedo|1|1139\n|teamsize|p1|6\n|teamsize|p2|6\n|gen|9\n|tier|[Gen 9] National Dex\n|rated|\n|rule|HP Percentage Mod: HP is shown in percentages\n|rule|Endless Battle Clause: Forcing endless battles is banned\n|rule|OHKO Clause: OHKO moves are banned\n|rule|Evasion Clause: Evasion abilities, items, and moves are banned\n|rule|Evasion Abilities Clause: Evasion abilities are banned\n|rule|Evasion Items Clause: Evasion items are banned\n|rule|Evasion Moves Clause: Evasion moves are banned\n|rule|Species Clause: Limit one of each Pok\u00e9mon\n|rule|Sleep Clause Mod: Limit one foe put to sleep\n|clearpoke\n|poke|p1|Druddigon, M|\n|poke|p1|Banette, F|\n|poke|p1|Tapu Koko|\n|poke|p1|Iron Moth|\n|poke|p1|Dondozo, F|\n|poke|p1|Iron Valiant|\n|poke|p2|Pelipper, M|\n|poke|p2|Swampert, F|\n|poke|p2|Zapdos|\n|poke|p2|Toxapex, F|\n|poke|p2|Alomomola, M|\n|poke|p2|Ditto|\n|teampreview\n|inactive|Battle timer is ON: inactive players will automatically lose when time's up. (requested by CMKedo)\n|\n|t:|1699557323\n|start\n|switch|p1a: Druddigon|Druddigon, M|100\/100\n|switch|p2a: Seeky|Pelipper, M|100\/100\n|-weather|RainDance|[from] ability: Drizzle|[of] p2a: Seeky\n|turn|1\n|\n|t:|1699557333\n|move|p2a: Seeky|U-turn|p1a: Druddigon\n|-damage|p1a: Druddigon|92\/100\n|-damage|p2a: Seeky|88\/100|[from] ability: Rough Skin|[of] p1a: Druddigon\n|-damage|p2a: Seeky|71\/100|[from] item: Rocky Helmet|[of] p1a: Druddigon\n|\n|t:|1699557343\n|switch|p2a: Dremunai|Swampert, F|100\/100|[from] U-turn\n|move|p1a: Druddigon|Glare|p2a: Dremunai\n|-status|p2a: Dremunai|par\n|\n|-weather|RainDance|[upkeep]\n|upkeep\n|turn|2\n|\n|t:|1699557352\n|detailschange|p2a: Dremunai|Swampert-Mega, F\n|-mega|p2a: Dremunai|Swampert|Swampertite\n|move|p2a: Dremunai|Ice Punch|p1a: Druddigon\n|-supereffective|p1a: Druddigon\n|-damage|p1a: Druddigon|21\/100\n|-damage|p2a: Dremunai|88\/100 par|[from] ability: Rough Skin|[of] p1a: Druddigon\n|-damage|p2a: Dremunai|72\/100 par|[from] item: Rocky Helmet|[of] p1a: Druddigon\n|move|p1a: Druddigon|Dragon Tail|p2a: Dremunai\n|-damage|p2a: Dremunai|51\/100 par\n|drag|p2a: Peccalo|Toxapex, F|100\/100\n|\n|-weather|RainDance|[upkeep]\n|upkeep\n|turn|3\n|\n|t:|1699557366\n|move|p1a: Druddigon|Stealth Rock|p2a: Peccalo\n|-sidestart|p2: CMKedo|move: Stealth Rock\n|move|p2a: Peccalo|Scald|p1a: Druddigon\n|-resisted|p1a: Druddigon\n|-damage|p1a: Druddigon|11\/100\n|\n|-weather|RainDance|[upkeep]\n|upkeep\n|turn|4\n|\n|t:|1699557375\n|move|p1a: Druddigon|Taunt|p2a: Peccalo\n|-start|p2a: Peccalo|move: Taunt\n|move|p2a: Peccalo|Scald|p1a: Druddigon\n|-resisted|p1a: Druddigon\n|-damage|p1a: Druddigon|1\/100\n|\n|-weather|RainDance|[upkeep]\n|upkeep\n|turn|5\n|\n|t:|1699557383\n|move|p2a: Peccalo|Scald|p1a: Druddigon\n|-resisted|p1a: Druddigon\n|-damage|p1a: Druddigon|0 fnt\n|faint|p1a: Druddigon\n|\n|-weather|none\n|upkeep\n|\n|t:|1699557390\n|switch|p1a: Tapu Koko|Tapu Koko|100\/100\n|-fieldstart|move: Electric Terrain|[from] ability: Electric Surge|[of] p1a: Tapu Koko\n|turn|6\n|\n|t:|1699557403\n|switch|p2a: Dremunai|Swampert-Mega, F|51\/100 par\n|-damage|p2a: Dremunai|45\/100 par|[from] Stealth Rock\n|move|p1a: Tapu Koko|Light Screen|p1a: Tapu Koko\n|-sidestart|p1: hightopfade69|move: Light Screen\n|\n|upkeep\n|turn|7\n|\n|t:|1699557411\n|move|p1a: Tapu Koko|U-turn|p2a: Dremunai\n|-damage|p2a: Dremunai|27\/100 par\n|\n|t:|1699557413\n|switch|p1a: Dondozo|Dondozo, F|100\/100|[from] U-turn\n|cant|p2a: Dremunai|par\n|\n|upkeep\n|turn|8\n|\n|t:|1699557422\n|switch|p2a: Barry Bird Benson|Zapdos|100\/100\n|-damage|p2a: Barry Bird Benson|76\/100|[from] Stealth Rock\n|-ability|p2a: Barry Bird Benson|Pressure\n|move|p1a: Dondozo|Liquidation|p2a: Barry Bird Benson\n|-damage|p2a: Barry Bird Benson|30\/100\n|\n|upkeep\n|turn|9\n|\n|t:|1699557434\n|move|p2a: Barry Bird Benson|Thunder|p1a: Dondozo\n|-supereffective|p1a: Dondozo\n|-damage|p1a: Dondozo|44\/100\n|-status|p1a: Dondozo|par\n|cant|p1a: Dondozo|par\n|\n|-heal|p1a: Dondozo|50\/100 par|[from] item: Leftovers\n|upkeep\n|turn|10\n|\n|t:|1699557445\n|-terastallize|p2a: Barry Bird Benson|Electric\n|move|p2a: Barry Bird Benson|Thunder|p1a: Dondozo\n|-supereffective|p1a: Dondozo\n|-damage|p1a: Dondozo|0 fnt\n|faint|p1a: Dondozo\n|\n|-sideend|p1: hightopfade69|move: Light Screen\n|upkeep\n|\n|t:|1699557451\n|switch|p1a: Iron Moth|Iron Moth|100\/100\n|-activate|p1a: Iron Moth|ability: Quark Drive\n|-start|p1a: Iron Moth|quarkdrivespe\n|turn|11\n|\n|t:|1699557459\n|switch|p2a: Seeky|Pelipper, M|71\/100\n|-damage|p2a: Seeky|46\/100|[from] Stealth Rock\n|-weather|RainDance|[from] ability: Drizzle|[of] p2a: Seeky\n|move|p1a: Iron Moth|Energy Ball|p2a: Seeky\n|-damage|p2a: Seeky|0 fnt\n|faint|p2a: Seeky\n|\n|-weather|RainDance|[upkeep]\n|upkeep\n|\n|t:|1699557469\n|switch|p2a: Dremunai|Swampert-Mega, F|27\/100 par\n|-damage|p2a: Dremunai|21\/100 par|[from] Stealth Rock\n|turn|12\n|\n|t:|1699557480\n|-end|p1a: Iron Moth|Quark Drive|[silent]\n|switch|p1a: Banette|Banette, F|100\/100\n|-item|p2a: Dremunai|Swampertite|[from] ability: Frisk|[of] p1a: Banette|[identify]\n|move|p2a: Dremunai|Earthquake|p1a: Banette\n|-damage|p1a: Banette|1\/100\n|\n|-weather|RainDance|[upkeep]\n|upkeep\n|turn|13\n|\n|t:|1699557490\n|detailschange|p1a: Banette|Banette-Mega, F\n|-mega|p1a: Banette|Banette|Banettite\n|move|p1a: Banette|Destiny Bond|p1a: Banette\n|-singlemove|p1a: Banette|Destiny Bond\n|move|p2a: Dremunai|Waterfall|p1a: Banette\n|-damage|p1a: Banette|0 fnt\n|faint|p1a: Banette\n|-activate|p1a: Banette|move: Destiny Bond\n|faint|p2a: Dremunai\n|\n|-weather|RainDance|[upkeep]\n|-fieldend|move: Electric Terrain\n|upkeep\n|\n|t:|1699557504\n|switch|p2a: Barry Bird Benson|Zapdos, tera:Electric|30\/100\n|switch|p1a: Tapu Koko|Tapu Koko|100\/100\n|-damage|p2a: Barry Bird Benson|17\/100|[from] Stealth Rock\n|-ability|p2a: Barry Bird Benson|Pressure\n|-fieldstart|move: Electric Terrain|[from] ability: Electric Surge|[of] p1a: Tapu Koko\n|turn|14\n|\n|t:|1699557514\n|move|p2a: Barry Bird Benson|Hurricane|p1a: Tapu Koko\n|-resisted|p1a: Tapu Koko\n|-damage|p1a: Tapu Koko|55\/100\n|move|p1a: Tapu Koko|Light Screen|p1a: Tapu Koko\n|-sidestart|p1: hightopfade69|move: Light Screen\n|\n|-weather|RainDance|[upkeep]\n|upkeep\n|turn|15\n|\n|t:|1699557525\n|move|p2a: Barry Bird Benson|Hurricane|p1a: Tapu Koko\n|-resisted|p1a: Tapu Koko\n|-damage|p1a: Tapu Koko|32\/100\n|-start|p1a: Tapu Koko|confusion\n|-activate|p1a: Tapu Koko|confusion\n|move|p1a: Tapu Koko|U-turn|p2a: Barry Bird Benson\n|-damage|p2a: Barry Bird Benson|0 fnt\n|faint|p2a: Barry Bird Benson\n|\n|t:|1699557534\n|switch|p1a: Iron Valiant|Iron Valiant|100\/100|[from] U-turn\n|-activate|p1a: Iron Valiant|ability: Quark Drive\n|-start|p1a: Iron Valiant|quarkdrivespe\n|\n|-weather|none\n|upkeep\n|\n|t:|1699557545\n|switch|p2a: Gallus|Ditto|100\/100\n|-damage|p2a: Gallus|88\/100|[from] Stealth Rock\n|-transform|p2a: Gallus|p1a: Iron Valiant|[from] ability: Imposter\n|turn|16\n|\n|t:|1699557560\n|move|p2a: Gallus|Moonblast|p1a: Iron Valiant\n|-supereffective|p1a: Iron Valiant\n|-damage|p1a: Iron Valiant|30\/100\n|-unboost|p1a: Iron Valiant|spa|1\n|move|p1a: Iron Valiant|Moonblast|p2a: Gallus\n|-supereffective|p2a: Gallus\n|-damage|p2a: Gallus|0 fnt\n|faint|p2a: Gallus\n|-end|p2a: Gallus|Quark Drive|[silent]\n|-damage|p1a: Iron Valiant|20\/100|[from] item: Life Orb\n|\n|upkeep\n|\n|t:|1699557571\n|switch|p2a: Peccalo|Toxapex, F|100\/100\n|-damage|p2a: Peccalo|88\/100|[from] Stealth Rock\n|turn|17\n|\n|t:|1699557576\n|move|p2a: Peccalo|Baneful Bunker|p2a: Peccalo\n|-singleturn|p2a: Peccalo|move: Protect\n|move|p1a: Iron Valiant|Knock Off|p2a: Peccalo\n|-activate|p2a: Peccalo|move: Protect\n|-status|p1a: Iron Valiant|psn\n|\n|-heal|p2a: Peccalo|94\/100|[from] item: Leftovers\n|-damage|p1a: Iron Valiant|8\/100 psn|[from] psn\n|upkeep\n|turn|18\n|\n|t:|1699557585\n|switch|p2a: Alomolomola|Alomomola, M|100\/100\n|-damage|p2a: Alomolomola|88\/100|[from] Stealth Rock\n|move|p1a: Iron Valiant|Knock Off|p2a: Alomolomola\n|-damage|p2a: Alomolomola|60\/100\n|-enditem|p2a: Alomolomola|Leftovers|[from] move: Knock Off|[of] p1a: Iron Valiant\n|-damage|p1a: Iron Valiant|0 fnt|[from] item: Life Orb\n|faint|p1a: Iron Valiant\n|-end|p1a: Iron Valiant|Quark Drive|[silent]\n|\n|-sideend|p1: hightopfade69|move: Light Screen\n|upkeep\n|\n|t:|1699557600\n|switch|p1a: Iron Moth|Iron Moth|100\/100\n|-activate|p1a: Iron Moth|ability: Quark Drive\n|-start|p1a: Iron Moth|quarkdrivespe\n|turn|19\n|\n|t:|1699557617\n|switch|p2a: Peccalo|Toxapex, F|100\/100\n|-damage|p2a: Peccalo|88\/100|[from] Stealth Rock\n|move|p1a: Iron Moth|Discharge|p2a: Peccalo\n|-supereffective|p2a: Peccalo\n|-damage|p2a: Peccalo|14\/100\n|\n|-heal|p2a: Peccalo|21\/100|[from] item: Leftovers\n|upkeep\n|turn|20\n|\n|t:|1699557627\n|move|p2a: Peccalo|Baneful Bunker|p2a: Peccalo\n|-singleturn|p2a: Peccalo|move: Protect\n|move|p1a: Iron Moth|Discharge|p2a: Peccalo\n|-activate|p2a: Peccalo|move: Protect\n|\n|-heal|p2a: Peccalo|27\/100|[from] item: Leftovers\n|upkeep\n|turn|21\n|\n|t:|1699557634\n|switch|p2a: Alomolomola|Alomomola, M|94\/100\n|-damage|p2a: Alomolomola|81\/100|[from] Stealth Rock\n|move|p1a: Iron Moth|Discharge|p2a: Alomolomola\n|-supereffective|p2a: Alomolomola\n|-damage|p2a: Alomolomola|0 fnt\n|faint|p2a: Alomolomola\n|\n|-fieldend|move: Electric Terrain\n|-end|p1a: Iron Moth|Quark Drive\n|upkeep\n|\n|t:|1699557642\n|switch|p2a: Peccalo|Toxapex, F|60\/100\n|-damage|p2a: Peccalo|48\/100|[from] Stealth Rock\n|turn|22\n|\n|t:|1699557646\n|move|p1a: Iron Moth|Discharge|p2a: Peccalo\n|-supereffective|p2a: Peccalo\n|-damage|p2a: Peccalo|0 fnt\n|faint|p2a: Peccalo\n|\n|win|hightopfade69\n|raw|hightopfade69's rating: 1213 &rarr; <strong>1233<\/strong><br \/>(+20 for winning)\n|raw|CMKedo's rating: 1139 &rarr; <strong>1119<\/strong><br \/>(-20 for losing)\n|l|\u2606CMKedo\n","uploadtime":1699557671,"views":13,"p1id":"hightopfade69","p2id":"cmkedo","formatid":"gen9nationaldex","rating":1119,"private":0,"password":""}