{"id":"gen9nationaldex-1987999915","p1":"savagewolf98420","p2":"ghosterror flame","format":"[Gen 9] National Dex","log":"|j|\u2606savagewolf98420\n|j|\u2606ghosterror flame\n|t:|1699657634\n|gametype|singles\n|player|p1|savagewolf98420|koga|1107\n|player|p2|ghosterror flame|102|1129\n|teamsize|p1|6\n|teamsize|p2|6\n|gen|9\n|tier|[Gen 9] National Dex\n|rated|\n|rule|HP Percentage Mod: HP is shown in percentages\n|rule|Endless Battle Clause: Forcing endless battles is banned\n|rule|OHKO Clause: OHKO moves are banned\n|rule|Evasion Clause: Evasion abilities, items, and moves are banned\n|rule|Evasion Abilities Clause: Evasion abilities are banned\n|rule|Evasion Items Clause: Evasion items are banned\n|rule|Evasion Moves Clause: Evasion moves are banned\n|rule|Species Clause: Limit one of each Pok\u00e9mon\n|rule|Sleep Clause Mod: Limit one foe put to sleep\n|clearpoke\n|poke|p1|Reuniclus, F|\n|poke|p1|Jirachi|\n|poke|p1|Serperior, F|\n|poke|p1|Togekiss, F|\n|poke|p1|Deoxys-Defense|\n|poke|p1|Kommo-o, M|\n|poke|p2|Cofagrigus, M|\n|poke|p2|Eelektross, M|\n|poke|p2|Breloom, F|\n|poke|p2|Sinistea|\n|poke|p2|Tentacruel, F|\n|poke|p2|Hawlucha, M|\n|teampreview\n|inactive|Battle timer is ON: inactive players will automatically lose when time's up. (requested by savagewolf98420)\n|\n|t:|1699657650\n|start\n|switch|p1a: Serperior|Serperior, F|100\/100\n|switch|p2a: Sinistea|Sinistea|100\/100\n|turn|1\n|inactive|ghosterror flame has 120 seconds left.\n|\n|t:|1699657684\n|move|p1a: Serperior|Leaf Storm|p2a: Sinistea\n|-damage|p2a: Sinistea|15\/100\n|-boost|p1a: Serperior|spa|2\n|move|p2a: Sinistea|Shell Smash|p2a: Sinistea\n|-unboost|p2a: Sinistea|def|1\n|-unboost|p2a: Sinistea|spd|1\n|-boost|p2a: Sinistea|atk|2\n|-boost|p2a: Sinistea|spa|2\n|-boost|p2a: Sinistea|spe|2\n|\n|upkeep\n|turn|2\n|inactive|ghosterror flame has 120 seconds left.\n|inactive|savagewolf98420 has 120 seconds left.\n|\n|t:|1699657719\n|move|p2a: Sinistea|Shadow Ball|p1a: Serperior\n|-damage|p1a: Serperior|35\/100\n|move|p1a: Serperior|Defog|p2a: Sinistea\n|-unboost|p2a: Sinistea|evasion|1\n|\n|upkeep\n|turn|3\n|inactive|ghosterror flame has 120 seconds left.\n|inactive|ghosterror flame has 90 seconds left.\n|\n|t:|1699657764\n|move|p2a: Sinistea|Shadow Ball|p1a: Serperior\n|-damage|p1a: Serperior|0 fnt\n|faint|p1a: Serperior\n|\n|upkeep\n|\n|t:|1699657780\n|switch|p1a: Kommo-o|Kommo-o, M|100\/100\n|turn|4\n|\n|t:|1699657799\n|move|p2a: Sinistea|Psychic|p1a: Kommo-o\n|-supereffective|p1a: Kommo-o\n|-damage|p1a: Kommo-o|42\/100\n|move|p1a: Kommo-o|Dragon Claw|p2a: Sinistea\n|-damage|p2a: Sinistea|0 fnt\n|faint|p2a: Sinistea\n|\n|upkeep\n|inactive|ghosterror flame has 90 seconds left.\n|\n|t:|1699657817\n|switch|p2a: Hawlucha|Hawlucha, M|100\/100\n|turn|5\n|inactive|ghosterror flame has 90 seconds left.\n|\n|t:|1699657822\n|move|p2a: Hawlucha|Acrobatics|p1a: Kommo-o\n|-supereffective|p1a: Kommo-o\n|-damage|p1a: Kommo-o|2\/100\n|move|p1a: Kommo-o|Poison Jab|p2a: Hawlucha\n|-damage|p2a: Hawlucha|60\/100\n|-status|p2a: Hawlucha|psn\n|\n|-damage|p2a: Hawlucha|48\/100 psn|[from] psn\n|upkeep\n|turn|6\n|inactive|ghosterror flame has 90 seconds left.\n|\n|t:|1699657836\n|move|p2a: Hawlucha|Acrobatics|p1a: Kommo-o\n|-supereffective|p1a: Kommo-o\n|-damage|p1a: Kommo-o|0 fnt\n|faint|p1a: Kommo-o\n|\n|-damage|p2a: Hawlucha|35\/100 psn|[from] psn\n|upkeep\n|\n|t:|1699657850\n|switch|p1a: Deoxys|Deoxys-Defense|100\/100\n|-ability|p1a: Deoxys|Pressure\n|turn|7\n|inactive|ghosterror flame has 90 seconds left.\n|inactive|ghosterror flame has 60 seconds left.\n|\n|t:|1699657902\n|move|p2a: Hawlucha|Roost|p2a: Hawlucha\n|-heal|p2a: Hawlucha|85\/100 psn\n|-singleturn|p2a: Hawlucha|move: Roost\n|move|p1a: Deoxys|Cosmic Power|p1a: Deoxys\n|-boost|p1a: Deoxys|def|1\n|-boost|p1a: Deoxys|spd|1\n|\n|-damage|p2a: Hawlucha|73\/100 psn|[from] psn\n|upkeep\n|turn|8\n|inactive|ghosterror flame has 60 seconds left.\n|\n|t:|1699657915\n|move|p2a: Hawlucha|Bulk Up|p2a: Hawlucha\n|-boost|p2a: Hawlucha|atk|1\n|-boost|p2a: Hawlucha|def|1\n|move|p1a: Deoxys|Cosmic Power|p1a: Deoxys\n|-boost|p1a: Deoxys|def|1\n|-boost|p1a: Deoxys|spd|1\n|\n|-damage|p2a: Hawlucha|61\/100 psn|[from] psn\n|upkeep\n|turn|9\n|inactive|ghosterror flame has 60 seconds left.\n|\n|t:|1699657930\n|move|p2a: Hawlucha|Bulk Up|p2a: Hawlucha\n|-boost|p2a: Hawlucha|atk|1\n|-boost|p2a: Hawlucha|def|1\n|move|p1a: Deoxys|Night Shade|p2a: Hawlucha\n|-damage|p2a: Hawlucha|27\/100 psn\n|\n|-damage|p2a: Hawlucha|15\/100 psn|[from] psn\n|upkeep\n|-enditem|p2a: Hawlucha|Aguav Berry|[eat]\n|-heal|p2a: Hawlucha|48\/100 psn|[from] item: Aguav Berry\n|turn|10\n|inactive|ghosterror flame has 60 seconds left.\n|\n|t:|1699657948\n|move|p2a: Hawlucha|Bulk Up|p2a: Hawlucha\n|-boost|p2a: Hawlucha|atk|1\n|-boost|p2a: Hawlucha|def|1\n|move|p1a: Deoxys|Seismic Toss|p2a: Hawlucha\n|-damage|p2a: Hawlucha|14\/100 psn\n|\n|-damage|p2a: Hawlucha|2\/100 psn|[from] psn\n|upkeep\n|turn|11\n|\n|t:|1699657964\n|move|p2a: Hawlucha|Roost|p2a: Hawlucha\n|-heal|p2a: Hawlucha|52\/100 psn\n|-singleturn|p2a: Hawlucha|move: Roost\n|move|p1a: Deoxys|Seismic Toss|p2a: Hawlucha\n|-damage|p2a: Hawlucha|18\/100 psn\n|\n|-damage|p2a: Hawlucha|6\/100 psn|[from] psn\n|upkeep\n|turn|12\n|\n|t:|1699657977\n|move|p2a: Hawlucha|Acrobatics|p1a: Deoxys\n|-damage|p1a: Deoxys|55\/100\n|move|p1a: Deoxys|Seismic Toss|p2a: Hawlucha\n|-damage|p2a: Hawlucha|0 fnt\n|faint|p2a: Hawlucha\n|\n|-heal|p1a: Deoxys|61\/100|[from] item: Leftovers\n|upkeep\n|\n|t:|1699657989\n|switch|p2a: Cofagrigus|Cofagrigus, M|100\/100\n|turn|13\n|\n|t:|1699658013\n|move|p1a: Deoxys|Night Shade|p2a: Cofagrigus\n|-damage|p2a: Cofagrigus|69\/100\n|move|p2a: Cofagrigus|Will-O-Wisp|p1a: Deoxys|[miss]\n|-miss|p2a: Cofagrigus|p1a: Deoxys\n|\n|-heal|p1a: Deoxys|68\/100|[from] item: Leftovers\n|-heal|p2a: Cofagrigus|75\/100|[from] item: Leftovers\n|upkeep\n|turn|14\n|\n|t:|1699658030\n|move|p1a: Deoxys|Cosmic Power|p1a: Deoxys\n|-boost|p1a: Deoxys|def|1\n|-boost|p1a: Deoxys|spd|1\n|move|p2a: Cofagrigus|Will-O-Wisp|p1a: Deoxys\n|-status|p1a: Deoxys|brn\n|\n|-heal|p1a: Deoxys|74\/100 brn|[from] item: Leftovers\n|-heal|p2a: Cofagrigus|82\/100|[from] item: Leftovers\n|-damage|p1a: Deoxys|68\/100 brn|[from] brn\n|upkeep\n|turn|15\n|\n|t:|1699658043\n|move|p1a: Deoxys|Night Shade|p2a: Cofagrigus\n|-damage|p2a: Cofagrigus|50\/100\n|move|p2a: Cofagrigus|Nasty Plot|p2a: Cofagrigus\n|-boost|p2a: Cofagrigus|spa|2\n|\n|-heal|p1a: Deoxys|74\/100 brn|[from] item: Leftovers\n|-heal|p2a: Cofagrigus|57\/100|[from] item: Leftovers\n|-damage|p1a: Deoxys|68\/100 brn|[from] brn\n|upkeep\n|turn|16\n|\n|t:|1699658056\n|move|p1a: Deoxys|Seismic Toss|p2a: Cofagrigus\n|-immune|p2a: Cofagrigus\n|move|p2a: Cofagrigus|Shadow Ball|p1a: Deoxys\n|-supereffective|p1a: Deoxys\n|-damage|p1a: Deoxys|42\/100 brn\n|\n|-heal|p1a: Deoxys|48\/100 brn|[from] item: Leftovers\n|-heal|p2a: Cofagrigus|63\/100|[from] item: Leftovers\n|-damage|p1a: Deoxys|42\/100 brn|[from] brn\n|upkeep\n|turn|17\n|\n|t:|1699658070\n|move|p1a: Deoxys|Recover|p1a: Deoxys\n|-heal|p1a: Deoxys|92\/100 brn\n|move|p2a: Cofagrigus|Shadow Ball|p1a: Deoxys\n|-supereffective|p1a: Deoxys\n|-damage|p1a: Deoxys|66\/100 brn\n|\n|-heal|p1a: Deoxys|73\/100 brn|[from] item: Leftovers\n|-heal|p2a: Cofagrigus|69\/100|[from] item: Leftovers\n|-damage|p1a: Deoxys|66\/100 brn|[from] brn\n|upkeep\n|turn|18\n|\n|t:|1699658084\n|move|p1a: Deoxys|Night Shade|p2a: Cofagrigus\n|-damage|p2a: Cofagrigus|38\/100\n|move|p2a: Cofagrigus|Nasty Plot|p2a: Cofagrigus\n|-boost|p2a: Cofagrigus|spa|2\n|\n|-heal|p1a: Deoxys|73\/100 brn|[from] item: Leftovers\n|-heal|p2a: Cofagrigus|44\/100|[from] item: Leftovers\n|-damage|p1a: Deoxys|66\/100 brn|[from] brn\n|upkeep\n|turn|19\n|\n|t:|1699658096\n|move|p1a: Deoxys|Night Shade|p2a: Cofagrigus\n|-damage|p2a: Cofagrigus|13\/100\n|move|p2a: Cofagrigus|Shadow Ball|p1a: Deoxys\n|-supereffective|p1a: Deoxys\n|-damage|p1a: Deoxys|29\/100 brn\n|-unboost|p1a: Deoxys|spd|1\n|\n|-heal|p1a: Deoxys|35\/100 brn|[from] item: Leftovers\n|-heal|p2a: Cofagrigus|19\/100|[from] item: Leftovers\n|-damage|p1a: Deoxys|29\/100 brn|[from] brn\n|upkeep\n|turn|20\n|inactive|savagewolf98420 has 90 seconds left.\n|\n|t:|1699658114\n|move|p1a: Deoxys|Recover|p1a: Deoxys\n|-heal|p1a: Deoxys|79\/100 brn\n|move|p2a: Cofagrigus|Shadow Ball|p1a: Deoxys\n|-supereffective|p1a: Deoxys\n|-damage|p1a: Deoxys|35\/100 brn\n|-unboost|p1a: Deoxys|spd|1\n|\n|-heal|p1a: Deoxys|41\/100 brn|[from] item: Leftovers\n|-heal|p2a: Cofagrigus|25\/100|[from] item: Leftovers\n|-damage|p1a: Deoxys|35\/100 brn|[from] brn\n|upkeep\n|turn|21\n|inactive|savagewolf98420 has 90 seconds left.\n|\n|t:|1699658136\n|move|p1a: Deoxys|Night Shade|p2a: Cofagrigus\n|-damage|p2a: Cofagrigus|0 fnt\n|faint|p2a: Cofagrigus\n|\n|-heal|p1a: Deoxys|41\/100 brn|[from] item: Leftovers\n|-damage|p1a: Deoxys|35\/100 brn|[from] brn\n|upkeep\n|inactive|ghosterror flame has 30 seconds left.\n|\n|t:|1699658152\n|switch|p2a: Eelektross|Eelektross, M|100\/100\n|turn|22\n|inactive|savagewolf98420 has 90 seconds left.\n|\n|t:|1699658162\n|move|p1a: Deoxys|Recover|p1a: Deoxys\n|-heal|p1a: Deoxys|85\/100 brn\n|move|p2a: Eelektross|Rain Dance|p2a: Eelektross\n|-weather|RainDance\n|\n|-weather|RainDance|[upkeep]\n|-heal|p1a: Deoxys|91\/100 brn|[from] item: Leftovers\n|-damage|p1a: Deoxys|85\/100 brn|[from] brn\n|upkeep\n|turn|23\n|inactive|savagewolf98420 has 90 seconds left.\n|\n|t:|1699658179\n|move|p1a: Deoxys|Seismic Toss|p2a: Eelektross\n|-damage|p2a: Eelektross|74\/100\n|move|p2a: Eelektross|Aqua Tail|p1a: Deoxys\n|-damage|p1a: Deoxys|72\/100 brn\n|\n|-weather|RainDance|[upkeep]\n|-heal|p1a: Deoxys|78\/100 brn|[from] item: Leftovers\n|-damage|p1a: Deoxys|72\/100 brn|[from] brn\n|upkeep\n|turn|24\n|inactive|savagewolf98420 has 90 seconds left.\n|\n|t:|1699658193\n|switch|p2a: Tentacruel|Tentacruel, F|100\/100\n|move|p1a: Deoxys|Seismic Toss|p2a: Tentacruel\n|-damage|p2a: Tentacruel|73\/100\n|\n|-weather|RainDance|[upkeep]\n|-heal|p2a: Tentacruel|79\/100|[from] ability: Rain Dish\n|-heal|p2a: Tentacruel|85\/100|[from] item: Black Sludge\n|-heal|p1a: Deoxys|78\/100 brn|[from] item: Leftovers\n|-damage|p1a: Deoxys|72\/100 brn|[from] brn\n|upkeep\n|turn|25\n|inactive|savagewolf98420 has 90 seconds left.\n|inactive|ghosterror flame has 30 seconds left.\n|\n|t:|1699658211\n|move|p2a: Tentacruel|Scald|p1a: Deoxys\n|-damage|p1a: Deoxys|59\/100 brn\n|move|p1a: Deoxys|Cosmic Power|p1a: Deoxys\n|-boost|p1a: Deoxys|def|1\n|-boost|p1a: Deoxys|spd|1\n|\n|-weather|RainDance|[upkeep]\n|-heal|p2a: Tentacruel|91\/100|[from] ability: Rain Dish\n|-heal|p2a: Tentacruel|97\/100|[from] item: Black Sludge\n|-heal|p1a: Deoxys|65\/100 brn|[from] item: Leftovers\n|-damage|p1a: Deoxys|59\/100 brn|[from] brn\n|upkeep\n|turn|26\n|inactive|ghosterror flame has 30 seconds left.\n|inactive|ghosterror flame has 20 seconds left.\n|\n|t:|1699658234\n|move|p2a: Tentacruel|Rapid Spin|p1a: Deoxys\n|-damage|p1a: Deoxys|56\/100 brn\n|-boost|p2a: Tentacruel|spe|1\n|move|p1a: Deoxys|Seismic Toss|p2a: Tentacruel\n|-damage|p2a: Tentacruel|70\/100\n|\n|-weather|none\n|-heal|p2a: Tentacruel|76\/100|[from] item: Black Sludge\n|-heal|p1a: Deoxys|63\/100 brn|[from] item: Leftovers\n|-damage|p1a: Deoxys|56\/100 brn|[from] brn\n|upkeep\n|turn|27\n|inactive|ghosterror flame has 30 seconds left this turn.\n|inactive|ghosterror flame has 20 seconds left.\n|inactive|ghosterror flame has 15 seconds left.\n|inactive|savagewolf98420 has 60 seconds left.\n|\n|t:|1699658255\n|move|p2a: Tentacruel|Protect|p2a: Tentacruel\n|-singleturn|p2a: Tentacruel|Protect\n|move|p1a: Deoxys|Night Shade|p2a: Tentacruel\n|-activate|p2a: Tentacruel|move: Protect\n|\n|-heal|p2a: Tentacruel|82\/100|[from] item: Black Sludge\n|-heal|p1a: Deoxys|63\/100 brn|[from] item: Leftovers\n|-damage|p1a: Deoxys|56\/100 brn|[from] brn\n|upkeep\n|turn|28\n|inactive|ghosterror flame has 25 seconds left this turn.\n|inactive|ghosterror flame has 20 seconds left.\n|inactive|savagewolf98420 has 60 seconds left.\n|inactive|ghosterror flame has 15 seconds left.\n|\n|t:|1699658267\n|move|p2a: Tentacruel|Rapid Spin|p1a: Deoxys\n|-damage|p1a: Deoxys|54\/100 brn\n|-boost|p2a: Tentacruel|spe|1\n|move|p1a: Deoxys|Seismic Toss|p2a: Tentacruel\n|-damage|p2a: Tentacruel|54\/100\n|\n|-heal|p2a: Tentacruel|60\/100|[from] item: Black Sludge\n|-heal|p1a: Deoxys|60\/100 brn|[from] item: Leftovers\n|-damage|p1a: Deoxys|54\/100 brn|[from] brn\n|upkeep\n|turn|29\n|inactive|ghosterror flame has 25 seconds left this turn.\n|inactive|ghosterror flame has 20 seconds left.\n|inactive|savagewolf98420 has 60 seconds left.\n|inactive|ghosterror flame has 15 seconds left.\n|inactive|ghosterror flame has 10 seconds left.\n|inactive|ghosterror flame has 5 seconds left.\n|-message|ghosterror flame forfeited.\n|\n|win|savagewolf98420\n|inactive|ghosterror flame has 15 seconds left this turn.\n|raw|savagewolf98420's rating: 1107 &rarr; <strong>1134<\/strong><br \/>(+27 for winning)\n|raw|ghosterror flame's rating: 1129 &rarr; <strong>1102<\/strong><br \/>(-27 for losing)\n|l|\u2606ghosterror flame\n","uploadtime":1699658310,"views":4,"p1id":"savagewolf98420","p2id":"ghosterrorflame","formatid":"gen9nationaldex","rating":1102,"private":0,"password":""}