{"id":"gen9nationaldex-1987982420","p1":"Yaoshi","p2":"fluffersmcsheep","format":"[Gen 9] National Dex","log":"|j|\u2606Yaoshi\n|j|\u2606fluffersmcsheep\n|t:|1699655737\n|gametype|singles\n|player|p1|Yaoshi|steven-masters|1468\n|player|p2|fluffersmcsheep|scientistf|1621\n|teamsize|p1|6\n|teamsize|p2|6\n|gen|9\n|tier|[Gen 9] National Dex\n|rated|\n|rule|HP Percentage Mod: HP is shown in percentages\n|rule|Endless Battle Clause: Forcing endless battles is banned\n|rule|OHKO Clause: OHKO moves are banned\n|rule|Evasion Clause: Evasion abilities, items, and moves are banned\n|rule|Evasion Abilities Clause: Evasion abilities are banned\n|rule|Evasion Items Clause: Evasion items are banned\n|rule|Evasion Moves Clause: Evasion moves are banned\n|rule|Species Clause: Limit one of each Pok\u00e9mon\n|rule|Sleep Clause Mod: Limit one foe put to sleep\n|clearpoke\n|poke|p1|Urshifu-*, M|\n|poke|p1|Slowbro-Galar, F|\n|poke|p1|Milotic, M|\n|poke|p1|Kommo-o, M|\n|poke|p1|Rillaboom, F|\n|poke|p1|Garganacl, M|\n|poke|p2|Alomomola, M|\n|poke|p2|Slowking-Galar, M|\n|poke|p2|Toxapex, F|\n|poke|p2|Tornadus-Therian, M|\n|poke|p2|Mienshao, F|\n|poke|p2|Cyclizar, F|\n|teampreview\n|inactive|Battle timer is ON: inactive players will automatically lose when time's up. (requested by fluffersmcsheep)\n|\n|t:|1699655749\n|start\n|switch|p1a: Slowbro|Slowbro-Galar, F, shiny|100\/100\n|switch|p2a: Toxapex|Toxapex, F|100\/100\n|turn|1\n|\n|t:|1699655758\n|move|p2a: Toxapex|Toxic Spikes|p1a: Slowbro\n|-sidestart|p1: Yaoshi|move: Toxic Spikes\n|move|p1a: Slowbro|Calm Mind|p1a: Slowbro\n|-boost|p1a: Slowbro|spa|1\n|-boost|p1a: Slowbro|spd|1\n|\n|upkeep\n|turn|2\n|\n|t:|1699655764\n|switch|p1a: Milotic|Milotic, M, shiny|100\/100\n|-status|p1a: Milotic|psn\n|move|p2a: Toxapex|Scald|p1a: Milotic\n|-resisted|p1a: Milotic\n|-damage|p1a: Milotic|95\/100 psn\n|\n|-heal|p1a: Milotic|100\/100 psn|[from] item: Leftovers\n|-damage|p1a: Milotic|88\/100 psn|[from] psn\n|upkeep\n|turn|3\n|\n|t:|1699655775\n|switch|p1a: Slowbro|Slowbro-Galar, F, shiny|100\/100\n|-sideend|p1: Yaoshi|move: Toxic Spikes|[of] p1a: Slowbro\n|move|p2a: Toxapex|Toxic Spikes|p1a: Slowbro\n|-sidestart|p1: Yaoshi|move: Toxic Spikes\n|\n|upkeep\n|turn|4\n|\n|t:|1699655793\n|switch|p2a: Tornadus|Tornadus-Therian, M|100\/100\n|move|p1a: Slowbro|Calm Mind|p1a: Slowbro\n|-boost|p1a: Slowbro|spa|1\n|-boost|p1a: Slowbro|spd|1\n|\n|upkeep\n|turn|5\n|\n|t:|1699655798\n|move|p2a: Tornadus|U-turn|p1a: Slowbro\n|-damage|p1a: Slowbro|87\/100\n|\n|t:|1699655808\n|switch|p2a: Mienshao|Mienshao, F|100\/100|[from] U-turn\n|move|p1a: Slowbro|Calm Mind|p1a: Slowbro\n|-boost|p1a: Slowbro|spa|1\n|-boost|p1a: Slowbro|spd|1\n|\n|upkeep\n|turn|6\n|\n|t:|1699655813\n|move|p2a: Mienshao|Knock Off|p1a: Slowbro\n|-supereffective|p1a: Slowbro\n|-damage|p1a: Slowbro|57\/100\n|move|p1a: Slowbro|Slack Off|p1a: Slowbro\n|-heal|p1a: Slowbro|100\/100\n|\n|upkeep\n|turn|7\n|\n|t:|1699655818\n|move|p2a: Mienshao|U-turn|p1a: Slowbro\n|-damage|p1a: Slowbro|86\/100\n|\n|t:|1699655825\n|switch|p2a: Toxapex|Toxapex, F|100\/100|[from] U-turn\n|move|p1a: Slowbro|Shell Side Arm|p2a: Toxapex|[anim] Shell Side Arm Special\n|-resisted|p2a: Toxapex\n|-damage|p2a: Toxapex|75\/100\n|-hint|Special Shell Side Arm\n|\n|upkeep\n|turn|8\n|\n|t:|1699655833\n|move|p2a: Toxapex|Scald|p1a: Slowbro\n|-damage|p1a: Slowbro|77\/100\n|-status|p1a: Slowbro|brn\n|move|p1a: Slowbro|Shell Side Arm|p2a: Toxapex|[anim] Shell Side Arm Special\n|-resisted|p2a: Toxapex\n|-damage|p2a: Toxapex|49\/100\n|-hint|Special Shell Side Arm\n|\n|-damage|p1a: Slowbro|71\/100 brn|[from] brn\n|upkeep\n|turn|9\n|\n|t:|1699655837\n|move|p2a: Toxapex|Recover|p2a: Toxapex\n|-heal|p2a: Toxapex|99\/100\n|move|p1a: Slowbro|Calm Mind|p1a: Slowbro\n|-boost|p1a: Slowbro|spa|1\n|-boost|p1a: Slowbro|spd|1\n|\n|-damage|p1a: Slowbro|65\/100 brn|[from] brn\n|upkeep\n|turn|10\n|\n|t:|1699655842\n|move|p2a: Toxapex|Toxic Spikes|p1a: Slowbro\n|-sidestart|p1: Yaoshi|move: Toxic Spikes\n|move|p1a: Slowbro|Calm Mind|p1a: Slowbro\n|-boost|p1a: Slowbro|spa|1\n|-boost|p1a: Slowbro|spd|1\n|\n|-damage|p1a: Slowbro|59\/100 brn|[from] brn\n|upkeep\n|turn|11\n|\n|t:|1699655844\n|move|p2a: Toxapex|Scald|p1a: Slowbro\n|-damage|p1a: Slowbro|52\/100 brn\n|move|p1a: Slowbro|Calm Mind|p1a: Slowbro\n|-boost|p1a: Slowbro|spa|1\n|-boost|p1a: Slowbro|spd|1\n|\n|-damage|p1a: Slowbro|46\/100 brn|[from] brn\n|upkeep\n|turn|12\n|\n|t:|1699655848\n|move|p2a: Toxapex|Scald|p1a: Slowbro\n|-damage|p1a: Slowbro|40\/100 brn\n|move|p1a: Slowbro|Calm Mind|p1a: Slowbro\n|-boost|p1a: Slowbro|spa|1\n|-boost|p1a: Slowbro|spd|1\n|\n|-damage|p1a: Slowbro|34\/100 brn|[from] brn\n|upkeep\n|turn|13\n|\n|t:|1699655853\n|switch|p2a: Slowking|Slowking-Galar, M|100\/100\n|detailschange|p1a: Slowbro|Slowbro-Mega, F, shiny\n|-mega|p1a: Slowbro|Slowbro|Slowbronite\n|move|p1a: Slowbro|Slack Off|p1a: Slowbro\n|-heal|p1a: Slowbro|84\/100 brn\n|\n|-damage|p1a: Slowbro|78\/100 brn|[from] brn\n|upkeep\n|turn|14\n|\n|t:|1699655857\n|move|p2a: Slowking|Future Sight|p1a: Slowbro\n|-start|p2a: Slowking|move: Future Sight\n|move|p1a: Slowbro|Slack Off|p1a: Slowbro\n|-heal|p1a: Slowbro|100\/100 brn\n|\n|-damage|p1a: Slowbro|94\/100 brn|[from] brn\n|upkeep\n|turn|15\n|\n|t:|1699655861\n|move|p1a: Slowbro|Scald|p2a: Slowking\n|-damage|p2a: Slowking|14\/100\n|move|p2a: Slowking|Chilly Reception|p2a: Slowking\n|-weather|Snow\n|\n|t:|1699655879\n|switch|p2a: Alomomola|Alomomola, M|100\/100|[from] Chilly Reception\n|\n|-weather|Snow|[upkeep]\n|-damage|p1a: Slowbro|88\/100 brn|[from] brn\n|upkeep\n|turn|16\n|\n|t:|1699655883\n|move|p2a: Alomomola|Flip Turn|p1a: Slowbro\n|-resisted|p1a: Slowbro\n|-damage|p1a: Slowbro|85\/100 brn\n|\n|t:|1699655888\n|switch|p2a: Toxapex|Toxapex, F|100\/100|[from] Flip Turn\n|move|p1a: Slowbro|Shell Side Arm|p2a: Toxapex|[anim] Shell Side Arm Special\n|-resisted|p2a: Toxapex\n|-damage|p2a: Toxapex|55\/100\n|-hint|Special Shell Side Arm\n|\n|-weather|Snow|[upkeep]\n|-end|p1a: Slowbro|move: Future Sight\n|-resisted|p1a: Slowbro\n|-damage|p1a: Slowbro|79\/100 brn\n|-damage|p1a: Slowbro|73\/100 brn|[from] brn\n|upkeep\n|turn|17\n|\n|t:|1699655896\n|move|p2a: Toxapex|Baneful Bunker|p2a: Toxapex\n|-singleturn|p2a: Toxapex|move: Protect\n|move|p1a: Slowbro|Shell Side Arm|p2a: Toxapex|[anim] Shell Side Arm Special\n|-activate|p2a: Toxapex|move: Protect\n|\n|-weather|Snow|[upkeep]\n|-damage|p1a: Slowbro|67\/100 brn|[from] brn\n|upkeep\n|turn|18\n|\n|t:|1699655902\n|move|p2a: Toxapex|Recover|p2a: Toxapex\n|-heal|p2a: Toxapex|100\/100\n|move|p1a: Slowbro|Slack Off|p1a: Slowbro\n|-heal|p1a: Slowbro|100\/100 brn\n|\n|-weather|Snow|[upkeep]\n|-damage|p1a: Slowbro|94\/100 brn|[from] brn\n|upkeep\n|turn|19\n|\n|t:|1699655907\n|move|p2a: Toxapex|Baneful Bunker|p2a: Toxapex\n|-singleturn|p2a: Toxapex|move: Protect\n|move|p1a: Slowbro|Shell Side Arm|p2a: Toxapex|[anim] Shell Side Arm Special\n|-activate|p2a: Toxapex|move: Protect\n|\n|-weather|none\n|-damage|p1a: Slowbro|88\/100 brn|[from] brn\n|upkeep\n|turn|20\n|\n|t:|1699655913\n|switch|p2a: Slowking|Slowking-Galar, M|47\/100\n|move|p1a: Slowbro|Shell Side Arm|p2a: Slowking|[anim] Shell Side Arm Special\n|-resisted|p2a: Slowking\n|-damage|p2a: Slowking|14\/100\n|-hint|Special Shell Side Arm\n|\n|-damage|p1a: Slowbro|82\/100 brn|[from] brn\n|upkeep\n|turn|21\n|\n|t:|1699655917\n|move|p2a: Slowking|Future Sight|p1a: Slowbro\n|-start|p2a: Slowking|move: Future Sight\n|move|p1a: Slowbro|Scald|p2a: Slowking\n|-damage|p2a: Slowking|0 fnt\n|faint|p2a: Slowking\n|\n|-damage|p1a: Slowbro|76\/100 brn|[from] brn\n|upkeep\n|\n|t:|1699655922\n|switch|p2a: Tornadus|Tornadus-Therian, M|100\/100\n|turn|22\n|\n|t:|1699655926\n|move|p2a: Tornadus|U-turn|p1a: Slowbro\n|-supereffective|p1a: Slowbro\n|-damage|p1a: Slowbro|59\/100 brn\n|\n|t:|1699655928\n|switch|p2a: Toxapex|Toxapex, F|100\/100|[from] U-turn\n|move|p1a: Slowbro|Shell Side Arm|p2a: Toxapex|[anim] Shell Side Arm Special\n|-resisted|p2a: Toxapex\n|-damage|p2a: Toxapex|60\/100\n|-hint|Special Shell Side Arm\n|\n|-damage|p1a: Slowbro|53\/100 brn|[from] brn\n|upkeep\n|turn|23\n|\n|t:|1699655937\n|move|p2a: Toxapex|Recover|p2a: Toxapex\n|-heal|p2a: Toxapex|100\/100\n|move|p1a: Slowbro|Shell Side Arm|p2a: Toxapex|[anim] Shell Side Arm Special\n|-resisted|p2a: Toxapex\n|-damage|p2a: Toxapex|62\/100\n|-hint|Special Shell Side Arm\n|\n|-end|p1a: Slowbro|move: Future Sight\n|-resisted|p1a: Slowbro\n|-damage|p1a: Slowbro|46\/100 brn\n|-damage|p1a: Slowbro|40\/100 brn|[from] brn\n|upkeep\n|turn|24\n|\n|t:|1699655943\n|move|p2a: Toxapex|Baneful Bunker|p2a: Toxapex\n|-singleturn|p2a: Toxapex|move: Protect\n|move|p1a: Slowbro|Shell Side Arm|p2a: Toxapex|[anim] Shell Side Arm Special\n|-activate|p2a: Toxapex|move: Protect\n|\n|-damage|p1a: Slowbro|34\/100 brn|[from] brn\n|upkeep\n|turn|25\n|\n|t:|1699655946\n|move|p2a: Toxapex|Scald|p1a: Slowbro\n|-resisted|p1a: Slowbro\n|-damage|p1a: Slowbro|32\/100 brn\n|move|p1a: Slowbro|Slack Off|p1a: Slowbro\n|-heal|p1a: Slowbro|82\/100 brn\n|\n|-damage|p1a: Slowbro|76\/100 brn|[from] brn\n|upkeep\n|turn|26\n|\n|t:|1699655949\n|move|p2a: Toxapex|Baneful Bunker|p2a: Toxapex\n|-singleturn|p2a: Toxapex|move: Protect\n|move|p1a: Slowbro|Shell Side Arm|p2a: Toxapex|[anim] Shell Side Arm Special\n|-activate|p2a: Toxapex|move: Protect\n|\n|-damage|p1a: Slowbro|70\/100 brn|[from] brn\n|upkeep\n|turn|27\n|\n|t:|1699655952\n|move|p2a: Toxapex|Recover|p2a: Toxapex\n|-heal|p2a: Toxapex|100\/100\n|move|p1a: Slowbro|Shell Side Arm|p2a: Toxapex|[anim] Shell Side Arm Special\n|-resisted|p2a: Toxapex\n|-crit|p2a: Toxapex\n|-damage|p2a: Toxapex|33\/100\n|-hint|Special Shell Side Arm\n|\n|-damage|p1a: Slowbro|63\/100 brn|[from] brn\n|upkeep\n|turn|28\n|\n|t:|1699655954\n|move|p2a: Toxapex|Baneful Bunker|p2a: Toxapex\n|-singleturn|p2a: Toxapex|move: Protect\n|move|p1a: Slowbro|Shell Side Arm|p2a: Toxapex|[anim] Shell Side Arm Special\n|-activate|p2a: Toxapex|move: Protect\n|\n|-damage|p1a: Slowbro|57\/100 brn|[from] brn\n|upkeep\n|turn|29\n|\n|t:|1699655957\n|move|p2a: Toxapex|Recover|p2a: Toxapex\n|-heal|p2a: Toxapex|83\/100\n|move|p1a: Slowbro|Shell Side Arm|p2a: Toxapex|[anim] Shell Side Arm Special\n|-resisted|p2a: Toxapex\n|-damage|p2a: Toxapex|38\/100\n|-hint|Special Shell Side Arm\n|\n|-damage|p1a: Slowbro|51\/100 brn|[from] brn\n|upkeep\n|turn|30\n|\n|t:|1699655959\n|move|p2a: Toxapex|Baneful Bunker|p2a: Toxapex\n|-singleturn|p2a: Toxapex|move: Protect\n|move|p1a: Slowbro|Shell Side Arm|p2a: Toxapex|[anim] Shell Side Arm Special\n|-activate|p2a: Toxapex|move: Protect\n|\n|-damage|p1a: Slowbro|45\/100 brn|[from] brn\n|upkeep\n|turn|31\n|\n|t:|1699655962\n|move|p2a: Toxapex|Recover|p2a: Toxapex\n|-heal|p2a: Toxapex|88\/100\n|move|p1a: Slowbro|Shell Side Arm|p2a: Toxapex|[anim] Shell Side Arm Special\n|-resisted|p2a: Toxapex\n|-damage|p2a: Toxapex|42\/100\n|-hint|Special Shell Side Arm\n|\n|-damage|p1a: Slowbro|39\/100 brn|[from] brn\n|upkeep\n|turn|32\n|\n|t:|1699655964\n|move|p2a: Toxapex|Baneful Bunker|p2a: Toxapex\n|-singleturn|p2a: Toxapex|move: Protect\n|move|p1a: Slowbro|Shell Side Arm|p2a: Toxapex|[anim] Shell Side Arm Special\n|-activate|p2a: Toxapex|move: Protect\n|\n|-damage|p1a: Slowbro|33\/100 brn|[from] brn\n|upkeep\n|turn|33\n|\n|t:|1699655968\n|move|p2a: Toxapex|Recover|p2a: Toxapex\n|-heal|p2a: Toxapex|93\/100\n|move|p1a: Slowbro|Slack Off|p1a: Slowbro\n|-heal|p1a: Slowbro|83\/100 brn\n|\n|-damage|p1a: Slowbro|77\/100 brn|[from] brn\n|upkeep\n|turn|34\n|\n|t:|1699655971\n|move|p2a: Toxapex|Baneful Bunker|p2a: Toxapex\n|-singleturn|p2a: Toxapex|move: Protect\n|move|p1a: Slowbro|Slack Off|p1a: Slowbro\n|-heal|p1a: Slowbro|100\/100 brn\n|\n|-damage|p1a: Slowbro|94\/100 brn|[from] brn\n|upkeep\n|turn|35\n|\n|t:|1699655981\n|switch|p2a: Alomomola|Alomomola, M|100\/100\n|move|p1a: Slowbro|Scald|p2a: Alomomola\n|-resisted|p2a: Alomomola\n|-damage|p2a: Alomomola|14\/100\n|\n|-damage|p1a: Slowbro|88\/100 brn|[from] brn\n|upkeep\n|turn|36\n|\n|t:|1699655985\n|move|p2a: Alomomola|Flip Turn|p1a: Slowbro\n|-resisted|p1a: Slowbro\n|-damage|p1a: Slowbro|85\/100 brn\n|\n|t:|1699655988\n|switch|p2a: Toxapex|Toxapex, F|100\/100|[from] Flip Turn\n|move|p1a: Slowbro|Scald|p2a: Toxapex\n|-resisted|p2a: Toxapex\n|-damage|p2a: Toxapex|45\/100\n|\n|-damage|p1a: Slowbro|79\/100 brn|[from] brn\n|upkeep\n|turn|37\n|\n|t:|1699655991\n|move|p2a: Toxapex|Recover|p2a: Toxapex\n|-heal|p2a: Toxapex|95\/100\n|move|p1a: Slowbro|Scald|p2a: Toxapex\n|-resisted|p2a: Toxapex\n|-damage|p2a: Toxapex|37\/100\n|\n|-damage|p1a: Slowbro|73\/100 brn|[from] brn\n|upkeep\n|turn|38\n|\n|t:|1699655994\n|move|p2a: Toxapex|Baneful Bunker|p2a: Toxapex\n|-singleturn|p2a: Toxapex|move: Protect\n|move|p1a: Slowbro|Scald|p2a: Toxapex\n|-activate|p2a: Toxapex|move: Protect\n|\n|-damage|p1a: Slowbro|67\/100 brn|[from] brn\n|upkeep\n|turn|39\n|\n|t:|1699655998\n|switch|p2a: Alomomola|Alomomola, M|48\/100\n|move|p1a: Slowbro|Scald|p2a: Alomomola\n|-resisted|p2a: Alomomola\n|-damage|p2a: Alomomola|0 fnt\n|faint|p2a: Alomomola\n|\n|-damage|p1a: Slowbro|61\/100 brn|[from] brn\n|upkeep\n|\n|t:|1699656005\n|switch|p2a: Cyclizar|Cyclizar, F|100\/100\n|turn|40\n|\n|t:|1699656008\n|move|p2a: Cyclizar|U-turn|p1a: Slowbro\n|-supereffective|p1a: Slowbro\n|-damage|p1a: Slowbro|43\/100 brn\n|\n|t:|1699656011\n|switch|p2a: Toxapex|Toxapex, F|70\/100|[from] U-turn\n|move|p1a: Slowbro|Scald|p2a: Toxapex\n|-resisted|p2a: Toxapex\n|-damage|p2a: Toxapex|16\/100\n|-status|p2a: Toxapex|brn\n|\n|-damage|p2a: Toxapex|10\/100 brn|[from] brn\n|-damage|p1a: Slowbro|37\/100 brn|[from] brn\n|upkeep\n|turn|41\n|\n|t:|1699656014\n|move|p2a: Toxapex|Baneful Bunker|p2a: Toxapex\n|-singleturn|p2a: Toxapex|move: Protect\n|move|p1a: Slowbro|Slack Off|p1a: Slowbro\n|-heal|p1a: Slowbro|87\/100 brn\n|\n|-damage|p2a: Toxapex|4\/100 brn|[from] brn\n|-damage|p1a: Slowbro|81\/100 brn|[from] brn\n|upkeep\n|turn|42\n|\n|t:|1699656017\n|move|p2a: Toxapex|Scald|p1a: Slowbro\n|-resisted|p1a: Slowbro\n|-damage|p1a: Slowbro|79\/100 brn\n|move|p1a: Slowbro|Scald|p2a: Toxapex\n|-resisted|p2a: Toxapex\n|-damage|p2a: Toxapex|0 fnt\n|faint|p2a: Toxapex\n|\n|-damage|p1a: Slowbro|73\/100 brn|[from] brn\n|upkeep\n|\n|t:|1699656022\n|switch|p2a: Tornadus|Tornadus-Therian, M|100\/100\n|turn|43\n|\n|t:|1699656026\n|-terastallize|p2a: Tornadus|Flying\n|move|p2a: Tornadus|Tera Blast|p1a: Slowbro|[anim] Tera Blast Flying\n|-damage|p1a: Slowbro|54\/100 brn\n|move|p1a: Slowbro|Scald|p2a: Tornadus\n|-damage|p2a: Tornadus|0 fnt\n|faint|p2a: Tornadus\n|\n|-damage|p1a: Slowbro|47\/100 brn|[from] brn\n|upkeep\n|\n|t:|1699656029\n|switch|p2a: Cyclizar|Cyclizar, F|100\/100\n|turn|44\n|l|\u2606Yaoshi\n|inactive|Yaoshi disconnected and has a minute to reconnect!\n|player|p1|\n|j|\u2606Yaoshi\n|inactive|Yaoshi reconnected and has 135 seconds left.\n|player|p1|Yaoshi|steven-masters\n|\n|t:|1699656051\n|move|p2a: Cyclizar|Outrage|p1a: Slowbro\n|-damage|p1a: Slowbro|25\/100 brn\n|move|p1a: Slowbro|Scald|p2a: Cyclizar\n|-resisted|p2a: Cyclizar\n|-damage|p2a: Cyclizar|0 fnt\n|faint|p2a: Cyclizar\n|\n|-damage|p1a: Slowbro|19\/100 brn|[from] brn\n|upkeep\n|\n|t:|1699656070\n|switch|p2a: Mienshao|Mienshao, F|100\/100\n|turn|45\n|l|\u2606Yaoshi\n|inactive|Yaoshi disconnected and has a minute to reconnect!\n|player|p1|\n|j|\u2606Yaoshi\n|inactive|Yaoshi reconnected and has 130 seconds left.\n|player|p1|Yaoshi|steven-masters\n|\n|t:|1699656088\n|move|p2a: Mienshao|U-turn|p1a: Slowbro\n|-supereffective|p1a: Slowbro\n|-damage|p1a: Slowbro|1\/100 brn\n|move|p1a: Slowbro|Scald|p2a: Mienshao\n|-damage|p2a: Mienshao|0 fnt\n|faint|p2a: Mienshao\n|\n|win|Yaoshi\n|raw|Yaoshi's rating: 1468 &rarr; <strong>1496<\/strong><br \/>(+28 for winning)\n|raw|fluffersmcsheep's rating: 1621 &rarr; <strong>1593<\/strong><br \/>(-28 for losing)\n|c|\u2606Yaoshi|gg\n|c|\u2606Yaoshi|nice team\n|l|\u2606fluffersmcsheep\n","uploadtime":1699656103,"views":6,"p1id":"yaoshi","p2id":"fluffersmcsheep","formatid":"gen9nationaldex","rating":1496,"private":0,"password":""}