{"id":"gen9nationaldex-1988494102","p1":"Zera & Lucy","p2":"gileko213","format":"[Gen 9] National Dex","log":"|j|\u2606Zera & Lucy\n|j|\u2606gileko213\n|t:|1699728939\n|gametype|singles\n|player|p1|Zera & Lucy|cynthia|1079\n|player|p2|gileko213|swimmer-gen4|1068\n|teamsize|p1|6\n|teamsize|p2|6\n|gen|9\n|tier|[Gen 9] National Dex\n|rated|\n|rule|HP Percentage Mod: HP is shown in percentages\n|rule|Endless Battle Clause: Forcing endless battles is banned\n|rule|OHKO Clause: OHKO moves are banned\n|rule|Evasion Clause: Evasion abilities, items, and moves are banned\n|rule|Evasion Abilities Clause: Evasion abilities are banned\n|rule|Evasion Items Clause: Evasion items are banned\n|rule|Evasion Moves Clause: Evasion moves are banned\n|rule|Species Clause: Limit one of each Pok\u00e9mon\n|rule|Sleep Clause Mod: Limit one foe put to sleep\n|clearpoke\n|poke|p1|Ambipom, F|\n|poke|p1|Zoroark-Hisui, F|\n|poke|p1|Cinccino, M|\n|poke|p1|Indeedee, M|\n|poke|p1|Cyclizar, M|\n|poke|p1|Heliolisk, F|\n|poke|p2|Solrock|\n|poke|p2|Hatterene, F|\n|poke|p2|Tapu Koko|\n|poke|p2|Appletun, M|\n|poke|p2|Ditto|\n|poke|p2|Blaziken, M|\n|teampreview\n|inactive|Battle timer is ON: inactive players will automatically lose when time's up. (requested by gileko213)\n|inactive|Zera & Lucy also wants the timer to be on.\n|\n|t:|1699728952\n|start\n|switch|p1a: Ambipom|Ambipom, F|100\/100\n|switch|p2a: Ditto|Ditto|100\/100\n|-transform|p2a: Ditto|p1a: Ambipom|[from] ability: Imposter\n|turn|1\n|\n|t:|1699728961\n|move|p1a: Ambipom|Fake Out|p2a: Ditto\n|-damage|p2a: Ditto|46\/100\n|cant|p2a: Ditto|flinch\n|\n|-heal|p2a: Ditto|52\/100|[from] item: Leftovers\n|upkeep\n|turn|2\n|\n|t:|1699728969\n|move|p1a: Ambipom|U-turn|p2a: Ditto\n|-damage|p2a: Ditto|19\/100\n|\n|t:|1699728974\n|switch|p1a: Cyclizar|Cyclizar, M|100\/100|[from] U-turn\n|move|p2a: Ditto|U-turn|p1a: Cyclizar\n|-resisted|p1a: Cyclizar\n|-damage|p1a: Cyclizar|80\/100\n|replace|p1a: Zoroark|Zoroark-Hisui, F\n|-end|p1a: Zoroark|Illusion\n|\n|t:|1699728981\n|switch|p2a: Hatterene|Hatterene, F|100\/100|[from] U-turn\n|\n|upkeep\n|turn|3\n|\n|t:|1699728986\n|move|p1a: Zoroark|Bitter Malice|p2a: Hatterene\n|-supereffective|p2a: Hatterene\n|-damage|p2a: Hatterene|0 fnt\n|faint|p2a: Hatterene\n|\n|upkeep\n|\n|t:|1699728994\n|switch|p2a: Blaziken|Blaziken, M|100\/100\n|turn|4\n|\n|t:|1699729001\n|switch|p1a: Heliolisk|Heliolisk, F|100\/100\n|move|p2a: Blaziken|Acrobatics|p1a: Heliolisk\n|-resisted|p1a: Heliolisk\n|-damage|p1a: Heliolisk|57\/100\n|\n|-ability|p2a: Blaziken|Speed Boost|boost\n|-boost|p2a: Blaziken|spe|1\n|upkeep\n|turn|5\n|\n|t:|1699729012\n|move|p2a: Blaziken|Close Combat|p1a: Heliolisk\n|-supereffective|p1a: Heliolisk\n|-damage|p1a: Heliolisk|0 fnt\n|-unboost|p2a: Blaziken|def|1\n|-unboost|p2a: Blaziken|spd|1\n|faint|p1a: Heliolisk\n|\n|-ability|p2a: Blaziken|Speed Boost|boost\n|-boost|p2a: Blaziken|spe|1\n|upkeep\n|\n|t:|1699729020\n|switch|p1a: Ambipom|Ambipom, F|100\/100\n|turn|6\n|\n|t:|1699729027\n|switch|p2a: Solrock|Solrock|100\/100\n|-terastallize|p1a: Ambipom|Normal\n|move|p1a: Ambipom|Fake Out|p2a: Solrock\n|-resisted|p2a: Solrock\n|-damage|p2a: Solrock|81\/100\n|\n|-heal|p2a: Solrock|87\/100|[from] item: Leftovers\n|upkeep\n|turn|7\n|\n|t:|1699729041\n|move|p1a: Ambipom|Knock Off|p2a: Solrock\n|-supereffective|p2a: Solrock\n|-damage|p2a: Solrock|33\/100\n|-enditem|p2a: Solrock|Leftovers|[from] move: Knock Off|[of] p1a: Ambipom\n|move|p2a: Solrock|Fire Spin|p1a: Ambipom\n|-damage|p1a: Ambipom|93\/100\n|-activate|p1a: Ambipom|move: Fire Spin|[of] p2a: Solrock\n|\n|-damage|p1a: Ambipom|81\/100|[from] move: Fire Spin|[partiallytrapped]\n|upkeep\n|turn|8\n|\n|t:|1699729052\n|-terastallize|p2a: Solrock|Electric\n|move|p1a: Ambipom|U-turn|p2a: Solrock\n|-damage|p2a: Solrock|13\/100\n|\n|t:|1699729059\n|switch|p1a: Cyclizar|Cyclizar, M|100\/100|[from] U-turn\n|move|p2a: Solrock|Will-O-Wisp|p1a: Cyclizar\n|-status|p1a: Cyclizar|brn\n|\n|-damage|p1a: Cyclizar|94\/100 brn|[from] brn\n|upkeep\n|turn|9\n|\n|t:|1699729070\n|move|p1a: Cyclizar|Rapid Spin|p2a: Solrock\n|-damage|p2a: Solrock|1\/100\n|-boost|p1a: Cyclizar|spe|1\n|move|p2a: Solrock|Cosmic Power|p2a: Solrock\n|-boost|p2a: Solrock|def|1\n|-boost|p2a: Solrock|spd|1\n|\n|-damage|p1a: Cyclizar|88\/100 brn|[from] brn\n|upkeep\n|turn|10\n|-message|gileko213 forfeited.\n|\n|win|Zera & Lucy\n|raw|Zera &amp; Lucy's rating: 1079 &rarr; <strong>1106<\/strong><br \/>(+27 for winning)\n|raw|gileko213's rating: 1068 &rarr; <strong>1048<\/strong><br \/>(-20 for losing)\n|l|\u2606gileko213\n","uploadtime":1699729081,"views":5,"p1id":"zeralucy","p2id":"gileko213","formatid":"gen9nationaldex","rating":1048,"private":0,"password":""}