{"id":"gen9nationaldex-1988673924","p1":"lYLxuanxuan","p2":"YZY2014","format":"[Gen 9] National Dex","log":"|j|\u203dlYLxuanxuan\n|j|\u2606YZY2014\n|t:|1699749051\n|gametype|singles\n|player|p1|lYLxuanxuan|dawn|1332\n|player|p2|YZY2014|riley|1454\n|teamsize|p1|6\n|teamsize|p2|6\n|gen|9\n|tier|[Gen 9] National Dex\n|rated|\n|rule|HP Percentage Mod: HP is shown in percentages\n|rule|Endless Battle Clause: Forcing endless battles is banned\n|rule|OHKO Clause: OHKO moves are banned\n|rule|Evasion Clause: Evasion abilities, items, and moves are banned\n|rule|Evasion Abilities Clause: Evasion abilities are banned\n|rule|Evasion Items Clause: Evasion items are banned\n|rule|Evasion Moves Clause: Evasion moves are banned\n|rule|Species Clause: Limit one of each Pok\u00e9mon\n|rule|Sleep Clause Mod: Limit one foe put to sleep\n|clearpoke\n|poke|p1|Landorus-Therian, M|\n|poke|p1|Kartana|\n|poke|p1|Hawlucha, F|\n|poke|p1|Tapu Koko|\n|poke|p1|Gardevoir, F|\n|poke|p1|Jirachi|\n|poke|p2|Tapu Koko|\n|poke|p2|Iron Valiant|\n|poke|p2|Sneasler, M|\n|poke|p2|Scizor, F|\n|poke|p2|Amoonguss, M|\n|poke|p2|Samurott-Hisui, M|\n|teampreview\n|inactive|Battle timer is ON: inactive players will automatically lose when time's up. (requested by lYLxuanxuan)\n|\n|t:|1699749068\n|start\n|switch|p1a: Kartana|Kartana, shiny|100\/100\n|switch|p2a: Samurott|Samurott-Hisui, M|100\/100\n|turn|1\n|\n|t:|1699749083\n|move|p2a: Samurott|Sacred Sword|p1a: Kartana\n|-supereffective|p1a: Kartana\n|-damage|p1a: Kartana|20\/100\n|move|p1a: Kartana|Sacred Sword|p2a: Samurott\n|-supereffective|p2a: Samurott\n|-damage|p2a: Samurott|0 fnt\n|faint|p2a: Samurott\n|-ability|p1a: Kartana|Beast Boost|boost\n|-boost|p1a: Kartana|atk|1\n|\n|upkeep\n|\n|t:|1699749097\n|switch|p2a: Tapu Koko|Tapu Koko, shiny|100\/100\n|-fieldstart|move: Electric Terrain|[from] ability: Electric Surge|[of] p2a: Tapu Koko\n|turn|2\n|\n|t:|1699749104\n|switch|p1a: Landorus|Landorus-Therian, M, shiny|100\/100\n|-ability|p1a: Landorus|Intimidate|boost\n|-unboost|p2a: Tapu Koko|atk|1\n|move|p2a: Tapu Koko|Discharge|p1a: Landorus\n|-immune|p1a: Landorus\n|\n|upkeep\n|turn|3\n|\n|t:|1699749111\n|move|p2a: Tapu Koko|U-turn|p1a: Landorus\n|-resisted|p1a: Landorus\n|-damage|p1a: Landorus|94\/100\n|\n|t:|1699749129\n|switch|p2a: Amoonguss|Amoonguss, M, shiny|100\/100|[from] U-turn\n|move|p1a: Landorus|Stealth Rock|p2a: Amoonguss\n|-sidestart|p2: YZY2014|move: Stealth Rock\n|\n|upkeep\n|turn|4\n|\n|t:|1699749137\n|switch|p1a: Kartana|Kartana, shiny|20\/100\n|move|p2a: Amoonguss|Clear Smog|p1a: Kartana\n|-immune|p1a: Kartana\n|\n|upkeep\n|turn|5\n|\n|t:|1699749146\n|move|p1a: Kartana|Knock Off|p2a: Amoonguss\n|-damage|p2a: Amoonguss|50\/100\n|-damage|p1a: Kartana|4\/100|[from] item: Rocky Helmet|[of] p2a: Amoonguss\n|-enditem|p2a: Amoonguss|Rocky Helmet|[from] move: Knock Off|[of] p1a: Kartana\n|move|p2a: Amoonguss|Foul Play|p1a: Kartana\n|-damage|p1a: Kartana|0 fnt\n|faint|p1a: Kartana\n|\n|upkeep\n|\n|t:|1699749166\n|switch|p1a: Hawlucha|Hawlucha, F, shiny|100\/100\n|-enditem|p1a: Hawlucha|Electric Seed\n|-boost|p1a: Hawlucha|def|1|[from] item: Electric Seed\n|turn|6\n|\n|t:|1699749179\n|switch|p2a: Tapu Koko|Tapu Koko, shiny|100\/100\n|move|p1a: Hawlucha|Swords Dance|p1a: Hawlucha\n|-boost|p1a: Hawlucha|atk|2\n|\n|-fieldend|move: Electric Terrain\n|upkeep\n|turn|7\n|\n|t:|1699749189\n|-terastallize|p1a: Hawlucha|Fighting\n|move|p1a: Hawlucha|Acrobatics|p2a: Tapu Koko\n|-resisted|p2a: Tapu Koko\n|-damage|p2a: Tapu Koko|31\/100\n|move|p2a: Tapu Koko|U-turn|p1a: Hawlucha\n|-resisted|p1a: Hawlucha\n|-damage|p1a: Hawlucha|93\/100\n|\n|t:|1699749195\n|switch|p2a: Amoonguss|Amoonguss, M, shiny|83\/100|[from] U-turn\n|-damage|p2a: Amoonguss|71\/100|[from] Stealth Rock\n|\n|upkeep\n|turn|8\n|\n|t:|1699749200\n|move|p1a: Hawlucha|Acrobatics|p2a: Amoonguss\n|-supereffective|p2a: Amoonguss\n|-damage|p2a: Amoonguss|0 fnt\n|faint|p2a: Amoonguss\n|\n|upkeep\n|\n|t:|1699749208\n|switch|p2a: Tapu Koko|Tapu Koko, shiny|31\/100\n|-fieldstart|move: Electric Terrain|[from] ability: Electric Surge|[of] p2a: Tapu Koko\n|turn|9\n|\n|t:|1699749218\n|move|p1a: Hawlucha|Acrobatics|p2a: Tapu Koko\n|-resisted|p2a: Tapu Koko\n|-damage|p2a: Tapu Koko|0 fnt\n|faint|p2a: Tapu Koko\n|\n|upkeep\n|\n|t:|1699749222\n|switch|p2a: Iron Valiant|Iron Valiant, shiny|100\/100\n|-damage|p2a: Iron Valiant|94\/100|[from] Stealth Rock\n|-activate|p2a: Iron Valiant|ability: Quark Drive\n|-start|p2a: Iron Valiant|quarkdrivespe\n|turn|10\n|\n|t:|1699749240\n|-terastallize|p2a: Iron Valiant|Fire\n|move|p1a: Hawlucha|Acrobatics|p2a: Iron Valiant\n|-damage|p2a: Iron Valiant|0 fnt\n|faint|p2a: Iron Valiant\n|-end|p2a: Iron Valiant|Quark Drive|[silent]\n|\n|upkeep\n|\n|t:|1699749250\n|switch|p2a: Sneasler|Sneasler, M|100\/100\n|-damage|p2a: Sneasler|95\/100|[from] Stealth Rock\n|-enditem|p2a: Sneasler|Electric Seed\n|-boost|p2a: Sneasler|def|1|[from] item: Electric Seed\n|turn|11\n|\n|t:|1699749260\n|move|p2a: Sneasler|Dire Claw|p1a: Hawlucha\n|-damage|p1a: Hawlucha|52\/100\n|-status|p1a: Hawlucha|par\n|move|p1a: Hawlucha|Acrobatics|p2a: Sneasler\n|-supereffective|p2a: Sneasler\n|-damage|p2a: Sneasler|0 fnt\n|faint|p2a: Sneasler\n|\n|upkeep\n|\n|t:|1699749264\n|switch|p2a: Scizor|Scizor, F|100\/100\n|-damage|p2a: Scizor|88\/100|[from] Stealth Rock\n|turn|12\n|\n|t:|1699749272\n|detailschange|p2a: Scizor|Scizor-Mega, F\n|-mega|p2a: Scizor|Scizor|Scizorite\n|move|p1a: Hawlucha|High Jump Kick|p2a: Scizor\n|-damage|p2a: Scizor|0 fnt\n|faint|p2a: Scizor\n|\n|win|lYLxuanxuan\n|raw|lYLxuanxuan's rating: 1332 &rarr; <strong>1359<\/strong><br \/>(+27 for winning)\n|raw|YZY2014's rating: 1454 &rarr; <strong>1427<\/strong><br \/>(-27 for losing)\n|l|\u2606YZY2014\n","uploadtime":1699749281,"views":12,"p1id":"lylxuanxuan","p2id":"yzy2014","formatid":"gen9nationaldex","rating":1359,"private":0,"password":""}