{"id":"gen9nationaldex-1993758711","p1":"Divine protection","p2":"Regielekiv2","format":"[Gen 9] National Dex","log":"|j|\u2606Divine protection\n|j|\u2606Regielekiv2\n|t:|1700353814\n|gametype|singles\n|player|p1|Divine protection|lady-gen4|1561\n|player|p2|Regielekiv2|clair|1679\n|teamsize|p1|6\n|teamsize|p2|6\n|gen|9\n|tier|[Gen 9] National Dex\n|rated|\n|rule|HP Percentage Mod: HP is shown in percentages\n|rule|Endless Battle Clause: Forcing endless battles is banned\n|rule|OHKO Clause: OHKO moves are banned\n|rule|Evasion Clause: Evasion abilities, items, and moves are banned\n|rule|Evasion Abilities Clause: Evasion abilities are banned\n|rule|Evasion Items Clause: Evasion items are banned\n|rule|Evasion Moves Clause: Evasion moves are banned\n|rule|Species Clause: Limit one of each Pok\u00e9mon\n|rule|Sleep Clause Mod: Limit one foe put to sleep\n|clearpoke\n|poke|p1|Sneasler, F|\n|poke|p1|Tapu Koko|\n|poke|p1|Iron Valiant|\n|poke|p1|Zamazenta-*|\n|poke|p1|Samurott-Hisui, F|\n|poke|p1|Diancie|\n|poke|p2|Absol, M|\n|poke|p2|Tapu Koko|\n|poke|p2|Sneasler, F|\n|poke|p2|Clefable, F|\n|poke|p2|Landorus-Therian, M|\n|poke|p2|Jirachi|\n|teampreview\n|inactive|Battle timer is ON: inactive players will automatically lose when time's up. (requested by Divine protection)\n|\n|t:|1700353820\n|start\n|switch|p1a: Diancie|Diancie|100\/100\n|switch|p2a: Jirachi|Jirachi|100\/100\n|turn|1\n|\n|t:|1700353825\n|switch|p1a: Samurott|Samurott-Hisui, F|100\/100\n|move|p2a: Jirachi|Iron Head|p1a: Samurott\n|-resisted|p1a: Samurott\n|-damage|p1a: Samurott|84\/100\n|\n|upkeep\n|turn|2\n|\n|t:|1700353833\n|switch|p2a: Absol|Absol, M|100\/100\n|move|p1a: Samurott|Ceaseless Edge|p2a: Absol\n|-resisted|p2a: Absol\n|-damage|p2a: Absol|57\/100\n|-ability|p2a: Absol|Justified|boost\n|-boost|p2a: Absol|atk|1\n|-sidestart|p2: Regielekiv2|Spikes\n|\n|upkeep\n|turn|3\n|\n|t:|1700353841\n|detailschange|p2a: Absol|Absol-Mega, M\n|-mega|p2a: Absol|Absol|Absolite\n|move|p1a: Samurott|Ceaseless Edge|p2a: Absol\n|-resisted|p2a: Absol\n|-damage|p2a: Absol|17\/100\n|-sidestart|p2: Regielekiv2|Spikes\n|move|p2a: Absol|Knock Off|p1a: Samurott\n|-resisted|p1a: Samurott\n|-damage|p1a: Samurott|28\/100\n|-enditem|p1a: Samurott|Choice Scarf|[from] move: Knock Off|[of] p2a: Absol\n|\n|upkeep\n|turn|4\n|\n|t:|1700353852\n|move|p2a: Absol|Sucker Punch|p1a: Samurott\n|-resisted|p1a: Samurott\n|-damage|p1a: Samurott|0 fnt\n|faint|p1a: Samurott\n|\n|upkeep\n|\n|t:|1700353860\n|switch|p1a: Iron Valiant|Iron Valiant|100\/100\n|turn|5\n|\n|t:|1700353866\n|switch|p2a: Jirachi|Jirachi|100\/100\n|-damage|p2a: Jirachi|84\/100|[from] Spikes\n|move|p1a: Iron Valiant|Moonblast|p2a: Jirachi\n|-resisted|p2a: Jirachi\n|-damage|p2a: Jirachi|59\/100\n|\n|-heal|p2a: Jirachi|66\/100|[from] item: Leftovers\n|upkeep\n|turn|6\n|\n|t:|1700353881\n|-end|p1a: Iron Valiant|Quark Drive|[silent]\n|switch|p1a: Zamazenta|Zamazenta|100\/100\n|-ability|p1a: Zamazenta|Dauntless Shield|boost\n|-boost|p1a: Zamazenta|def|1\n|move|p2a: Jirachi|Body Slam|p1a: Zamazenta\n|-damage|p1a: Zamazenta|90\/100\n|-status|p1a: Zamazenta|par\n|\n|-heal|p2a: Jirachi|72\/100|[from] item: Leftovers\n|-heal|p1a: Zamazenta|97\/100 par|[from] item: Leftovers\n|upkeep\n|turn|7\n|\n|t:|1700353888\n|move|p2a: Jirachi|U-turn|p1a: Zamazenta\n|-resisted|p1a: Zamazenta\n|-damage|p1a: Zamazenta|93\/100 par\n|\n|t:|1700353891\n|switch|p2a: Clefable|Clefable, F|100\/100|[from] U-turn\n|move|p1a: Zamazenta|Iron Defense|p1a: Zamazenta\n|-boost|p1a: Zamazenta|def|2\n|\n|-heal|p1a: Zamazenta|99\/100 par|[from] item: Leftovers\n|upkeep\n|turn|8\n|\n|t:|1700353897\n|-terastallize|p1a: Zamazenta|Water\n|cant|p1a: Zamazenta|par\n|move|p2a: Clefable|Calm Mind|p2a: Clefable\n|-boost|p2a: Clefable|spa|1\n|-boost|p2a: Clefable|spd|1\n|\n|-heal|p1a: Zamazenta|100\/100 par|[from] item: Leftovers\n|upkeep\n|turn|9\n|\n|t:|1700353901\n|cant|p1a: Zamazenta|par\n|move|p2a: Clefable|Calm Mind|p2a: Clefable\n|-boost|p2a: Clefable|spa|1\n|-boost|p2a: Clefable|spd|1\n|\n|upkeep\n|turn|10\n|\n|t:|1700353903\n|move|p1a: Zamazenta|Heavy Slam|p2a: Clefable\n|-supereffective|p2a: Clefable\n|-crit|p2a: Clefable\n|-damage|p2a: Clefable|25\/100\n|move|p2a: Clefable|Moonblast|p1a: Zamazenta\n|-damage|p1a: Zamazenta|55\/100 par\n|\n|-heal|p1a: Zamazenta|62\/100 par|[from] item: Leftovers\n|-heal|p2a: Clefable|31\/100|[from] item: Leftovers\n|upkeep\n|turn|11\n|\n|t:|1700353908\n|move|p1a: Zamazenta|Heavy Slam|p2a: Clefable\n|-supereffective|p2a: Clefable\n|-damage|p2a: Clefable|0 fnt\n|faint|p2a: Clefable\n|\n|-heal|p1a: Zamazenta|68\/100 par|[from] item: Leftovers\n|upkeep\n|\n|t:|1700353910\n|switch|p2a: Tapu Koko|Tapu Koko|100\/100\n|-damage|p2a: Tapu Koko|84\/100|[from] Spikes\n|-fieldstart|move: Electric Terrain|[from] ability: Electric Surge|[of] p2a: Tapu Koko\n|turn|12\n|\n|t:|1700353919\n|switch|p1a: Diancie|Diancie|100\/100\n|move|p2a: Tapu Koko|Thunderbolt|p1a: Diancie\n|-damage|p1a: Diancie|45\/100\n|-status|p1a: Diancie|par\n|\n|upkeep\n|turn|13\n|\n|t:|1700353924\n|move|p2a: Tapu Koko|Thunderbolt|p1a: Diancie\n|-damage|p1a: Diancie|0 fnt\n|faint|p1a: Diancie\n|\n|upkeep\n|\n|t:|1700353927\n|switch|p1a: Sneasler|Sneasler, F|100\/100\n|-enditem|p1a: Sneasler|Electric Seed\n|-boost|p1a: Sneasler|def|1|[from] item: Electric Seed\n|turn|14\n|\n|t:|1700353934\n|move|p1a: Sneasler|Dire Claw|p2a: Tapu Koko\n|-supereffective|p2a: Tapu Koko\n|-crit|p2a: Tapu Koko\n|-damage|p2a: Tapu Koko|0 fnt\n|faint|p2a: Tapu Koko\n|\n|upkeep\n|\n|t:|1700353939\n|switch|p2a: Sneasler|Sneasler, F, shiny|100\/100\n|-damage|p2a: Sneasler|84\/100|[from] Spikes\n|-enditem|p2a: Sneasler|Electric Seed\n|-boost|p2a: Sneasler|def|1|[from] item: Electric Seed\n|turn|15\n|\n|t:|1700353946\n|-terastallize|p2a: Sneasler|Flying\n|move|p1a: Sneasler|Acrobatics|p2a: Sneasler\n|-damage|p2a: Sneasler|37\/100\n|move|p2a: Sneasler|Acrobatics|p1a: Sneasler\n|-supereffective|p1a: Sneasler\n|-damage|p1a: Sneasler|0 fnt\n|faint|p1a: Sneasler\n|\n|upkeep\n|\n|t:|1700353957\n|switch|p1a: Zamazenta|Zamazenta, tera:Water|68\/100 par\n|turn|16\n|\n|t:|1700353960\n|move|p2a: Sneasler|Acrobatics|p1a: Zamazenta\n|-damage|p1a: Zamazenta|22\/100 par\n|cant|p1a: Zamazenta|par\n|\n|-heal|p1a: Zamazenta|28\/100 par|[from] item: Leftovers\n|-fieldend|move: Electric Terrain\n|upkeep\n|turn|17\n|\n|t:|1700353965\n|move|p2a: Sneasler|Acrobatics|p1a: Zamazenta\n|-damage|p1a: Zamazenta|0 fnt\n|faint|p1a: Zamazenta\n|\n|upkeep\n|\n|t:|1700353969\n|switch|p1a: Tapu Koko|Tapu Koko|100\/100\n|-fieldstart|move: Electric Terrain|[from] ability: Electric Surge|[of] p1a: Tapu Koko\n|turn|18\n|\n|t:|1700353972\n|move|p2a: Sneasler|Dire Claw|p1a: Tapu Koko\n|-supereffective|p1a: Tapu Koko\n|-damage|p1a: Tapu Koko|0 fnt\n|faint|p1a: Tapu Koko\n|\n|upkeep\n|-message|Divine protection forfeited.\n|\n|win|Regielekiv2\n|raw|Divine protection's rating: 1561 &rarr; <strong>1548<\/strong><br \/>(-13 for losing)\n|raw|Regielekiv2's rating: 1679 &rarr; <strong>1692<\/strong><br \/>(+13 for winning)\n|l|\u2606Divine protection\n","uploadtime":1700353980,"views":8,"p1id":"divineprotection","p2id":"regielekiv2","formatid":"gen9nationaldex","rating":1548,"private":0,"password":""}