{"id":"gen9nationaldex-1988330993","p1":"Naissanlolz","p2":"Prtbl_Trash","format":"[Gen 9] National Dex","log":"|j|\u2606Naissanlolz\n|j|\u2606Prtbl_Trash\n|t:|1699709665\n|gametype|singles\n|player|p1|Naissanlolz|2|1320\n|player|p2|Prtbl_Trash|rosa|1435\n|teamsize|p1|6\n|teamsize|p2|6\n|gen|9\n|tier|[Gen 9] National Dex\n|rated|\n|rule|HP Percentage Mod: HP is shown in percentages\n|rule|Endless Battle Clause: Forcing endless battles is banned\n|rule|OHKO Clause: OHKO moves are banned\n|rule|Evasion Clause: Evasion abilities, items, and moves are banned\n|rule|Evasion Abilities Clause: Evasion abilities are banned\n|rule|Evasion Items Clause: Evasion items are banned\n|rule|Evasion Moves Clause: Evasion moves are banned\n|rule|Species Clause: Limit one of each Pok\u00e9mon\n|rule|Sleep Clause Mod: Limit one foe put to sleep\n|clearpoke\n|poke|p1|Sableye, F|\n|poke|p1|Ferrothorn, M|\n|poke|p1|Goodra-Hisui, M|\n|poke|p1|Gliscor, M|\n|poke|p1|Alakazam, F|\n|poke|p1|Rillaboom, M|\n|poke|p2|Grafaiai, F|\n|poke|p2|Gliscor, M|\n|poke|p2|Magnezone|\n|poke|p2|Kommo-o, F|\n|poke|p2|Hatterene, F|\n|poke|p2|Samurott-Hisui, F|\n|teampreview\n|inactive|Battle timer is ON: inactive players will automatically lose when time's up. (requested by Prtbl_Trash)\n|\n|t:|1699709678\n|start\n|switch|p1a: Sableye|Sableye, F|100\/100\n|switch|p2a: Magnezone|Magnezone|100\/100\n|turn|1\n|\n|t:|1699709683\n|switch|p2a: Samurott|Samurott-Hisui, F|100\/100\n|detailschange|p1a: Sableye|Sableye-Mega, F\n|-mega|p1a: Sableye|Sableye|Sablenite\n|move|p1a: Sableye|Will-O-Wisp|p2a: Samurott\n|-status|p2a: Samurott|brn\n|\n|-damage|p2a: Samurott|94\/100 brn|[from] brn\n|upkeep\n|turn|2\n|\n|t:|1699709690\n|switch|p1a: Ferrothorn|Ferrothorn, M|100\/100\n|move|p2a: Samurott|Ceaseless Edge|p1a: Ferrothorn\n|-damage|p1a: Ferrothorn|87\/100\n|-damage|p2a: Samurott|82\/100 brn|[from] ability: Iron Barbs|[of] p1a: Ferrothorn\n|-sidestart|p1: Naissanlolz|Spikes\n|\n|-heal|p1a: Ferrothorn|93\/100|[from] item: Leftovers\n|-damage|p2a: Samurott|76\/100 brn|[from] brn\n|upkeep\n|turn|3\n|\n|t:|1699709697\n|move|p2a: Samurott|Ceaseless Edge|p1a: Ferrothorn\n|-damage|p1a: Ferrothorn|79\/100\n|-damage|p2a: Samurott|63\/100 brn|[from] ability: Iron Barbs|[of] p1a: Ferrothorn\n|-sidestart|p1: Naissanlolz|Spikes\n|move|p1a: Ferrothorn|Stealth Rock|p2a: Samurott\n|-sidestart|p2: Prtbl_Trash|move: Stealth Rock\n|\n|-heal|p1a: Ferrothorn|86\/100|[from] item: Leftovers\n|-damage|p2a: Samurott|57\/100 brn|[from] brn\n|upkeep\n|turn|4\n|\n|t:|1699709700\n|switch|p2a: Gliscor|Gliscor, M|100\/100\n|-damage|p2a: Gliscor|88\/100|[from] Stealth Rock\n|move|p1a: Ferrothorn|Spikes|p2a: Gliscor\n|-sidestart|p2: Prtbl_Trash|Spikes\n|\n|-heal|p1a: Ferrothorn|92\/100|[from] item: Leftovers\n|-status|p2a: Gliscor|tox|[from] item: Toxic Orb\n|upkeep\n|turn|5\n|\n|t:|1699709713\n|switch|p1a: Gliscor|Gliscor, M|100\/100\n|move|p2a: Gliscor|Defog|p1a: Gliscor\n|-unboost|p1a: Gliscor|evasion|1\n|-sideend|p1: Naissanlolz|Spikes|[from] move: Defog|[of] p2a: Gliscor\n|-sideend|p2: Prtbl_Trash|Spikes|[from] move: Defog|[of] p2a: Gliscor\n|-sideend|p2: Prtbl_Trash|Stealth Rock|[from] move: Defog|[of] p2a: Gliscor\n|\n|-heal|p2a: Gliscor|100\/100 tox|[from] ability: Poison Heal\n|-status|p1a: Gliscor|tox|[from] item: Toxic Orb\n|upkeep\n|turn|6\n|\n|t:|1699709718\n|move|p1a: Gliscor|Knock Off|p2a: Gliscor\n|-damage|p2a: Gliscor|84\/100 tox\n|-enditem|p2a: Gliscor|Toxic Orb|[from] move: Knock Off|[of] p1a: Gliscor\n|move|p2a: Gliscor|U-turn|p1a: Gliscor\n|-resisted|p1a: Gliscor\n|-damage|p1a: Gliscor|95\/100 tox\n|\n|t:|1699709725\n|switch|p2a: Kommo-o|Kommo-o, F|100\/100|[from] U-turn\n|\n|-heal|p1a: Gliscor|100\/100 tox|[from] ability: Poison Heal\n|upkeep\n|turn|7\n|\n|t:|1699709728\n|move|p2a: Kommo-o|Clangorous Soul|p2a: Kommo-o\n|-boost|p2a: Kommo-o|atk|1\n|-boost|p2a: Kommo-o|def|1\n|-boost|p2a: Kommo-o|spa|1\n|-boost|p2a: Kommo-o|spd|1\n|-boost|p2a: Kommo-o|spe|1\n|-damage|p2a: Kommo-o|68\/100\n|-enditem|p2a: Kommo-o|Throat Spray\n|-boost|p2a: Kommo-o|spa|1|[from] item: Throat Spray\n|move|p1a: Gliscor|Toxic|p2a: Kommo-o\n|-status|p2a: Kommo-o|tox\n|\n|-damage|p2a: Kommo-o|61\/100 tox|[from] psn\n|upkeep\n|turn|8\n|\n|t:|1699709754\n|move|p2a: Kommo-o|Clanging Scales|p1a: Gliscor\n|-damage|p1a: Gliscor|0 fnt\n|faint|p1a: Gliscor\n|-unboost|p2a: Kommo-o|def|1\n|\n|-damage|p2a: Kommo-o|49\/100 tox|[from] psn\n|upkeep\n|\n|t:|1699709758\n|switch|p1a: Sableye|Sableye-Mega, F|100\/100\n|turn|9\n|\n|t:|1699709762\n|move|p1a: Sableye|Protect|p1a: Sableye\n|-singleturn|p1a: Sableye|Protect\n|move|p2a: Kommo-o|Clanging Scales|p1a: Sableye\n|-activate|p1a: Sableye|move: Protect\n|\n|-damage|p2a: Kommo-o|30\/100 tox|[from] psn\n|upkeep\n|turn|10\n|\n|t:|1699709767\n|switch|p1a: Ferrothorn|Ferrothorn, M|92\/100\n|move|p2a: Kommo-o|Flamethrower|p1a: Ferrothorn\n|-supereffective|p1a: Ferrothorn\n|-damage|p1a: Ferrothorn|0 fnt\n|faint|p1a: Ferrothorn\n|\n|-damage|p2a: Kommo-o|6\/100 tox|[from] psn\n|upkeep\n|\n|t:|1699709769\n|switch|p1a: Sableye|Sableye-Mega, F|100\/100\n|turn|11\n|\n|t:|1699709780\n|switch|p2a: Samurott|Samurott-Hisui, F|57\/100 brn\n|move|p1a: Sableye|Protect||[still]\n|-fail|p1a: Sableye\n|\n|-damage|p2a: Samurott|51\/100 brn|[from] brn\n|upkeep\n|turn|12\n|\n|t:|1699709785\n|move|p1a: Sableye|Protect|p1a: Sableye\n|-singleturn|p1a: Sableye|Protect\n|move|p2a: Samurott|Ceaseless Edge|p1a: Sableye\n|-activate|p1a: Sableye|move: Protect\n|\n|-damage|p2a: Samurott|44\/100 brn|[from] brn\n|upkeep\n|turn|13\n|\n|t:|1699709800\n|move|p2a: Samurott|Ceaseless Edge|p1a: Sableye\n|-damage|p1a: Sableye|82\/100\n|-sidestart|p1: Naissanlolz|Spikes\n|move|p1a: Sableye|Knock Off|p2a: Samurott\n|-resisted|p2a: Samurott\n|-damage|p2a: Samurott|24\/100 brn\n|-enditem|p2a: Samurott|Choice Scarf|[from] move: Knock Off|[of] p1a: Sableye\n|\n|-damage|p2a: Samurott|18\/100 brn|[from] brn\n|upkeep\n|turn|14\n|\n|t:|1699709823\n|switch|p2a: Grafaiai|Grafaiai, F|100\/100\n|move|p1a: Sableye|Protect||[still]\n|-fail|p1a: Sableye\n|\n|upkeep\n|turn|15\n|\n|t:|1699709831\n|move|p2a: Grafaiai|Poison Jab|p1a: Sableye\n|-resisted|p1a: Sableye\n|-damage|p1a: Sableye|63\/100\n|-status|p1a: Sableye|psn\n|move|p1a: Sableye|Knock Off|p2a: Grafaiai\n|-damage|p2a: Grafaiai|45\/100\n|-enditem|p2a: Grafaiai|Choice Band|[from] move: Knock Off|[of] p1a: Sableye\n|\n|-damage|p1a: Sableye|51\/100 psn|[from] psn\n|upkeep\n|turn|16\n|\n|t:|1699709839\n|move|p2a: Grafaiai|U-turn|p1a: Sableye\n|-damage|p1a: Sableye|34\/100 psn\n|\n|t:|1699709842\n|switch|p2a: Hatterene|Hatterene, F|100\/100|[from] U-turn\n|move|p1a: Sableye|Will-O-Wisp|p2a: Hatterene\n|move|p2a: Hatterene|Will-O-Wisp||[from]ability: Magic Bounce|[still]\n|-fail|p2a: Hatterene\n|\n|-damage|p1a: Sableye|22\/100 psn|[from] psn\n|upkeep\n|turn|17\n|\n|t:|1699709853\n|move|p2a: Hatterene|Draining Kiss|p1a: Sableye\n|-supereffective|p1a: Sableye\n|-damage|p1a: Sableye|0 fnt\n|faint|p1a: Sableye\n|\n|upkeep\n|\n|t:|1699709858\n|switch|p1a: Goodra|Goodra-Hisui, M|100\/100\n|-damage|p1a: Goodra|88\/100|[from] Spikes\n|turn|18\n|\n|t:|1699709862\n|move|p1a: Goodra|Flash Cannon|p2a: Hatterene\n|-supereffective|p2a: Hatterene\n|-damage|p2a: Hatterene|16\/100\n|move|p2a: Hatterene|Calm Mind|p2a: Hatterene\n|-boost|p2a: Hatterene|spa|1\n|-boost|p2a: Hatterene|spd|1\n|\n|-heal|p2a: Hatterene|22\/100|[from] item: Leftovers\n|upkeep\n|turn|19\n|\n|t:|1699709872\n|-terastallize|p2a: Hatterene|Water\n|move|p1a: Goodra|Flash Cannon|p2a: Hatterene\n|-resisted|p2a: Hatterene\n|-damage|p2a: Hatterene|6\/100\n|-unboost|p2a: Hatterene|spd|1\n|move|p2a: Hatterene|Draining Kiss|p1a: Goodra\n|-damage|p1a: Goodra|73\/100\n|-heal|p2a: Hatterene|19\/100|[from] drain|[of] p1a: Goodra\n|\n|-heal|p2a: Hatterene|25\/100|[from] item: Leftovers\n|upkeep\n|turn|20\n|\n|t:|1699709883\n|move|p1a: Goodra|Thunderbolt|p2a: Hatterene\n|-supereffective|p2a: Hatterene\n|-damage|p2a: Hatterene|0 fnt\n|faint|p2a: Hatterene\n|\n|upkeep\n|\n|t:|1699709887\n|switch|p2a: Gliscor|Gliscor, M|84\/100 tox\n|turn|21\n|\n|t:|1699709890\n|move|p2a: Gliscor|U-turn|p1a: Goodra\n|-resisted|p1a: Goodra\n|-crit|p1a: Goodra\n|-damage|p1a: Goodra|62\/100\n|\n|t:|1699709894\n|switch|p2a: Kommo-o|Kommo-o, F|6\/100 tox|[from] U-turn\n|move|p1a: Goodra|Surf|p2a: Kommo-o\n|-resisted|p2a: Kommo-o\n|-damage|p2a: Kommo-o|0 fnt\n|faint|p2a: Kommo-o\n|\n|upkeep\n|\n|t:|1699709896\n|switch|p2a: Samurott|Samurott-Hisui, F|18\/100 brn\n|turn|22\n|\n|t:|1699709900\n|move|p2a: Samurott|Sacred Sword|p1a: Goodra\n|-supereffective|p1a: Goodra\n|-damage|p1a: Goodra|22\/100\n|move|p1a: Goodra|Thunderbolt|p2a: Samurott\n|-supereffective|p2a: Samurott\n|-damage|p2a: Samurott|0 fnt\n|faint|p2a: Samurott\n|\n|upkeep\n|\n|t:|1699709904\n|switch|p2a: Magnezone|Magnezone|100\/100\n|turn|23\n|\n|t:|1699709910\n|move|p1a: Goodra|Flamethrower|p2a: Magnezone\n|-supereffective|p2a: Magnezone\n|-damage|p2a: Magnezone|54\/100\n|move|p2a: Magnezone|Hidden Power|p1a: Goodra\n|-damage|p1a: Goodra|11\/100\n|\n|upkeep\n|turn|24\n|\n|t:|1699709918\n|move|p2a: Magnezone|Hidden Power|p1a: Goodra\n|-damage|p1a: Goodra|1\/100\n|move|p1a: Goodra|Flamethrower|p2a: Magnezone\n|-supereffective|p2a: Magnezone\n|-damage|p2a: Magnezone|11\/100\n|\n|upkeep\n|turn|25\n|\n|t:|1699709922\n|move|p2a: Magnezone|Hidden Power|p1a: Goodra\n|-damage|p1a: Goodra|0 fnt\n|faint|p1a: Goodra\n|\n|upkeep\n|\n|t:|1699709927\n|switch|p1a: Alakazam|Alakazam, F|100\/100\n|-damage|p1a: Alakazam|88\/100|[from] Spikes\n|turn|26\n|\n|t:|1699709932\n|move|p1a: Alakazam|Psychic|p2a: Magnezone\n|-resisted|p2a: Magnezone\n|-damage|p2a: Magnezone|0 fnt\n|faint|p2a: Magnezone\n|-damage|p1a: Alakazam|78\/100|[from] item: Life Orb\n|\n|upkeep\n|\n|t:|1699709935\n|switch|p2a: Gliscor|Gliscor, M|84\/100 tox\n|turn|27\n|\n|t:|1699709943\n|move|p1a: Alakazam|Psychic|p2a: Gliscor\n|-damage|p2a: Gliscor|27\/100 tox\n|-unboost|p2a: Gliscor|spd|1\n|-damage|p1a: Alakazam|68\/100|[from] item: Life Orb\n|move|p2a: Gliscor|U-turn|p1a: Alakazam\n|-supereffective|p1a: Alakazam\n|-damage|p1a: Alakazam|0 fnt\n|faint|p1a: Alakazam\n|\n|t:|1699709951\n|switch|p2a: Grafaiai|Grafaiai, F|45\/100|[from] U-turn\n|\n|upkeep\n|\n|t:|1699709953\n|switch|p1a: Rillaboom|Rillaboom, M|100\/100\n|-damage|p1a: Rillaboom|88\/100|[from] Spikes\n|-fieldstart|move: Grassy Terrain|[from] ability: Grassy Surge|[of] p1a: Rillaboom\n|turn|28\n|\n|t:|1699709958\n|-terastallize|p1a: Rillaboom|Grass\n|move|p1a: Rillaboom|Grassy Glide|p2a: Grafaiai\n|-resisted|p2a: Grafaiai\n|-damage|p2a: Grafaiai|0 fnt\n|faint|p2a: Grafaiai\n|\n|-heal|p1a: Rillaboom|94\/100|[from] Grassy Terrain\n|upkeep\n|\n|t:|1699709962\n|switch|p2a: Gliscor|Gliscor, M|27\/100 tox\n|turn|29\n|\n|t:|1699709965\n|move|p1a: Rillaboom|Grassy Glide|p2a: Gliscor\n|-damage|p2a: Gliscor|0 fnt\n|faint|p2a: Gliscor\n|\n|win|Naissanlolz\n|raw|Naissanlolz's rating: 1320 &rarr; <strong>1346<\/strong><br \/>(+26 for winning)\n|raw|Prtbl_Trash's rating: 1435 &rarr; <strong>1409<\/strong><br \/>(-26 for losing)\n|l|\u2606Prtbl_Trash\n|c|\u2606Naissanlolz|Gg\n","uploadtime":1699709981,"views":4,"p1id":"naissanlolz","p2id":"prtbltrash","formatid":"gen9nationaldex","rating":1346,"private":0,"password":""}