{"id":"gen9nationaldex-1987889484","p1":"Cvw1236","p2":"Icy Cyndaquil","format":"[Gen 9] National Dex","log":"|j|\u2606Cvw1236\n|j|\u2606Icy Cyndaquil\n|t:|1699646246\n|gametype|singles\n|player|p1|Cvw1236|lucas|1046\n|player|p2|Icy Cyndaquil|nate|1000\n|teamsize|p1|6\n|teamsize|p2|6\n|gen|9\n|tier|[Gen 9] National Dex\n|rated|\n|rule|HP Percentage Mod: HP is shown in percentages\n|rule|Endless Battle Clause: Forcing endless battles is banned\n|rule|OHKO Clause: OHKO moves are banned\n|rule|Evasion Clause: Evasion abilities, items, and moves are banned\n|rule|Evasion Abilities Clause: Evasion abilities are banned\n|rule|Evasion Items Clause: Evasion items are banned\n|rule|Evasion Moves Clause: Evasion moves are banned\n|rule|Species Clause: Limit one of each Pok\u00e9mon\n|rule|Sleep Clause Mod: Limit one foe put to sleep\n|clearpoke\n|poke|p1|Meganium, F|\n|poke|p1|Charizard, F|\n|poke|p1|Garchomp, M|\n|poke|p1|Xurkitree|\n|poke|p1|Iron Hands|\n|poke|p1|Torterra, F|\n|poke|p2|Lucario, M|\n|poke|p2|Gyarados, M|\n|poke|p2|Staraptor, F|\n|poke|p2|Pawmot, F|\n|poke|p2|Snorlax, M|\n|poke|p2|Garganacl, M|\n|teampreview\n|\n|t:|1699646281\n|start\n|switch|p1a: Garchomp|Garchomp, M|100\/100\n|switch|p2a: Saltbricks|Garganacl, M|100\/100\n|turn|1\n|\n|t:|1699646291\n|detailschange|p1a: Garchomp|Garchomp-Mega, M\n|-mega|p1a: Garchomp|Garchomp|Garchompite\n|-terastallize|p2a: Saltbricks|Ice\n|move|p1a: Garchomp|Aqua Tail|p2a: Saltbricks|[miss]\n|-miss|p1a: Garchomp|p2a: Saltbricks\n|move|p2a: Saltbricks|Avalanche|p1a: Garchomp\n|-supereffective|p1a: Garchomp\n|-damage|p1a: Garchomp|0 fnt\n|faint|p1a: Garchomp\n|\n|upkeep\n|\n|t:|1699646308\n|switch|p1a: Charizard|Charizard, F|100\/100\n|turn|2\n|\n|t:|1699646314\n|-terastallize|p1a: Charizard|Fire\n|move|p1a: Charizard|Blaze Kick|p2a: Saltbricks\n|-supereffective|p2a: Saltbricks\n|-damage|p2a: Saltbricks|38\/100\n|-damage|p1a: Charizard|84\/100|[from] item: Rocky Helmet|[of] p2a: Saltbricks\n|move|p2a: Saltbricks|Salt Cure|p1a: Charizard\n|-supereffective|p1a: Charizard\n|-damage|p1a: Charizard|29\/100\n|-start|p1a: Charizard|Salt Cure\n|\n|-damage|p1a: Charizard|16\/100|[from] Salt Cure\n|upkeep\n|turn|3\n|\n|t:|1699646328\n|move|p1a: Charizard|Blaze Kick|p2a: Saltbricks\n|-supereffective|p2a: Saltbricks\n|-damage|p2a: Saltbricks|0 fnt\n|-damage|p1a: Charizard|0 fnt|[from] item: Rocky Helmet|[of] p2a: Saltbricks\n|faint|p2a: Saltbricks\n|faint|p1a: Charizard\n|\n|upkeep\n|\n|t:|1699646336\n|switch|p1a: Iron Hands|Iron Hands|100\/100\n|switch|p2a: Combatant Bird|Staraptor, F, shiny|100\/100\n|-ability|p2a: Combatant Bird|Intimidate|boost\n|-unboost|p1a: Iron Hands|atk|1\n|turn|4\n|\n|t:|1699646344\n|move|p2a: Combatant Bird|Close Combat|p1a: Iron Hands\n|-damage|p1a: Iron Hands|78\/100\n|-unboost|p2a: Combatant Bird|def|1\n|-unboost|p2a: Combatant Bird|spd|1\n|move|p1a: Iron Hands|Belly Drum|p1a: Iron Hands\n|-damage|p1a: Iron Hands|28\/100\n|-setboost|p1a: Iron Hands|atk|6|[from] move: Belly Drum\n|\n|upkeep\n|turn|5\n|\n|t:|1699646356\n|move|p2a: Combatant Bird|Close Combat|p1a: Iron Hands\n|-damage|p1a: Iron Hands|2\/100\n|-unboost|p2a: Combatant Bird|def|1\n|-unboost|p2a: Combatant Bird|spd|1\n|-enditem|p1a: Iron Hands|Aguav Berry|[eat]\n|-heal|p1a: Iron Hands|36\/100|[from] item: Aguav Berry\n|move|p1a: Iron Hands|Ice Punch|p2a: Combatant Bird\n|-supereffective|p2a: Combatant Bird\n|-damage|p2a: Combatant Bird|0 fnt\n|faint|p2a: Combatant Bird\n|\n|upkeep\n|\n|t:|1699646372\n|switch|p2a: FoxFighter|Lucario, M|100\/100\n|turn|6\n|\n|t:|1699646377\n|move|p2a: FoxFighter|Drain Punch|p1a: Iron Hands\n|-damage|p1a: Iron Hands|8\/100\n|-damage|p2a: FoxFighter|91\/100|[from] item: Life Orb\n|move|p1a: Iron Hands|Close Combat|p2a: FoxFighter\n|-supereffective|p2a: FoxFighter\n|-damage|p2a: FoxFighter|0 fnt\n|-unboost|p1a: Iron Hands|def|1\n|-unboost|p1a: Iron Hands|spd|1\n|faint|p2a: FoxFighter\n|\n|upkeep\n|\n|t:|1699646388\n|switch|p2a: Medical Guy|Pawmot, F|100\/100\n|turn|7\n|\n|t:|1699646398\n|move|p2a: Medical Guy|Fake Out|p1a: Iron Hands\n|-damage|p1a: Iron Hands|0 fnt\n|faint|p1a: Iron Hands\n|-end|p1a: Iron Hands|Quark Drive|[silent]\n|\n|upkeep\n|\n|t:|1699646407\n|switch|p1a: Meganium|Meganium, F, shiny|100\/100\n|turn|8\n|\n|t:|1699646419\n|move|p2a: Medical Guy|Nuzzle|p1a: Meganium\n|-resisted|p1a: Meganium\n|-damage|p1a: Meganium|97\/100\n|-status|p1a: Meganium|par\n|move|p1a: Meganium|Energy Ball|p2a: Medical Guy\n|-damage|p2a: Medical Guy|58\/100\n|\n|upkeep\n|turn|9\n|\n|t:|1699646428\n|move|p2a: Medical Guy|Revival Blessing|p2a: Medical Guy\n|-enditem|p2a: Medical Guy|Leppa Berry|[eat]\n|-activate|p2a: Medical Guy|item: Leppa Berry|Revival Blessing|[consumed]\n|\n|t:|1699646431\n|-heal|p2: FoxFighter|50\/100|[from] move: Revival Blessing\n|move|p1a: Meganium|Energy Ball|p2a: Medical Guy\n|-damage|p2a: Medical Guy|20\/100\n|\n|upkeep\n|turn|10\n|\n|t:|1699646439\n|move|p2a: Medical Guy|Revival Blessing|p2a: Medical Guy\n|\n|t:|1699646441\n|-heal|p2: Combatant Bird|50\/100|[from] move: Revival Blessing\n|move|p1a: Meganium|Energy Ball|p2a: Medical Guy\n|-damage|p2a: Medical Guy|0 fnt\n|faint|p2a: Medical Guy\n|\n|upkeep\n|\n|t:|1699646450\n|switch|p2a: Combatant Bird|Staraptor, F, shiny|50\/100\n|-ability|p2a: Combatant Bird|Intimidate|boost\n|-unboost|p1a: Meganium|atk|1\n|turn|11\n|\n|t:|1699646460\n|move|p2a: Combatant Bird|Acrobatics|p1a: Meganium\n|-supereffective|p1a: Meganium\n|-damage|p1a: Meganium|36\/100 par\n|move|p1a: Meganium|Hidden Power|p2a: Combatant Bird\n|-damage|p2a: Combatant Bird|30\/100\n|\n|upkeep\n|turn|12\n|\n|t:|1699646470\n|move|p2a: Combatant Bird|Acrobatics|p1a: Meganium\n|-supereffective|p1a: Meganium\n|-damage|p1a: Meganium|0 fnt\n|faint|p1a: Meganium\n|\n|upkeep\n|\n|t:|1699646476\n|switch|p1a: Xurkitree|Xurkitree|100\/100\n|turn|13\n|\n|t:|1699646480\n|move|p2a: Combatant Bird|Close Combat|p1a: Xurkitree\n|-damage|p1a: Xurkitree|39\/100\n|-unboost|p2a: Combatant Bird|def|1\n|-unboost|p2a: Combatant Bird|spd|1\n|move|p1a: Xurkitree|Discharge|p2a: Combatant Bird\n|-supereffective|p2a: Combatant Bird\n|-damage|p2a: Combatant Bird|0 fnt\n|faint|p2a: Combatant Bird\n|-ability|p1a: Xurkitree|Beast Boost|boost\n|-boost|p1a: Xurkitree|spa|1\n|\n|upkeep\n|\n|t:|1699646493\n|switch|p2a: Big Boy|Snorlax, M, shiny|100\/100\n|turn|14\n|\n|t:|1699646498\n|move|p1a: Xurkitree|Dazzling Gleam|p2a: Big Boy\n|-crit|p2a: Big Boy\n|-damage|p2a: Big Boy|53\/100\n|move|p2a: Big Boy|Body Slam|p1a: Xurkitree\n|-damage|p1a: Xurkitree|0 fnt\n|faint|p1a: Xurkitree\n|\n|upkeep\n|\n|t:|1699646507\n|switch|p1a: Torterra|Torterra, F|100\/100\n|turn|15\n|\n|t:|1699646522\n|move|p1a: Torterra|Body Press|p2a: Big Boy\n|-supereffective|p2a: Big Boy\n|-damage|p2a: Big Boy|19\/100\n|move|p2a: Big Boy|Yawn|p1a: Torterra\n|-start|p1a: Torterra|move: Yawn|[of] p2a: Big Boy\n|\n|upkeep\n|turn|16\n|\n|t:|1699646531\n|move|p1a: Torterra|Body Press|p2a: Big Boy\n|-supereffective|p2a: Big Boy\n|-damage|p2a: Big Boy|0 fnt\n|faint|p2a: Big Boy\n|\n|-end|p1a: Torterra|move: Yawn|[silent]\n|-status|p1a: Torterra|slp\n|upkeep\n|\n|t:|1699646539\n|switch|p2a: FoxFighter|Lucario, M|50\/100\n|turn|17\n|\n|t:|1699646543\n|move|p2a: FoxFighter|Swords Dance|p2a: FoxFighter\n|-boost|p2a: FoxFighter|atk|2\n|cant|p1a: Torterra|slp\n|\n|upkeep\n|turn|18\n|\n|t:|1699646550\n|move|p2a: FoxFighter|Swords Dance|p2a: FoxFighter\n|-boost|p2a: FoxFighter|atk|2\n|cant|p1a: Torterra|slp\n|\n|upkeep\n|turn|19\n|\n|t:|1699646556\n|move|p2a: FoxFighter|Drain Punch|p1a: Torterra\n|-enditem|p1a: Torterra|Focus Sash\n|-damage|p1a: Torterra|1\/100 slp\n|-heal|p2a: FoxFighter|100\/100|[from] drain|[of] p1a: Torterra\n|-damage|p2a: FoxFighter|91\/100|[from] item: Life Orb\n|-curestatus|p1a: Torterra|slp|[msg]\n|move|p1a: Torterra|Earth Power|p2a: FoxFighter\n|-supereffective|p2a: FoxFighter\n|-damage|p2a: FoxFighter|13\/100\n|\n|upkeep\n|turn|20\n|l|\u2606Icy Cyndaquil\n|player|p2|\n|inactive|Battle timer is ON: inactive players will automatically lose when time's up. (requested by Cvw1236)\n|inactive|Icy Cyndaquil has 30 seconds to reconnect!\n|inactive|Icy Cyndaquil has 20 seconds to reconnect!\n|inactive|Icy Cyndaquil has 15 seconds to reconnect!\n|inactive|Icy Cyndaquil has 10 seconds to reconnect!\n|inactive|Icy Cyndaquil has 5 seconds to reconnect!\n|-message|Icy Cyndaquil lost due to inactivity.\n|\n|win|Cvw1236\n|raw|Cvw1236's rating: 1046 &rarr; <strong>1075<\/strong><br \/>(+29 for winning)\n|raw|Icy Cyndaquil's rating: 1000 &rarr; <strong>1000<\/strong><br \/>(+0 for losing)\n","uploadtime":1699646660,"views":4,"p1id":"cvw1236","p2id":"icycyndaquil","formatid":"gen9nationaldex","rating":1000,"private":0,"password":""}