{"id":"gen9nationaldex-2000241340","p1":"starlitbox","p2":"Shinyhunting_Anny","format":"[Gen 9] National Dex","log":"|html|<div class=\"broadcast-blue\"><strong>[Gen 9] National Dex is currently suspecting Sneasler! For information on how to participate check out the <a href=\"https:\/\/www.smogon.com\/forums\/threads\/sv-national-dex-suspect-8-just-dance.3731534\/\">suspect thread<\/a>.<\/strong><\/div>\n|j|\u2606starlitbox\n|j|\u2606Shinyhunting_Anny\n|t:|1701176507\n|gametype|singles\n|player|p1|starlitbox|silver|1348\n|player|p2|Shinyhunting_Anny|emma|1275\n|teamsize|p1|6\n|teamsize|p2|6\n|gen|9\n|tier|[Gen 9] National Dex\n|rated|\n|rule|HP Percentage Mod: HP is shown in percentages\n|rule|Endless Battle Clause: Forcing endless battles is banned\n|rule|OHKO Clause: OHKO moves are banned\n|rule|Evasion Clause: Evasion abilities, items, and moves are banned\n|rule|Evasion Abilities Clause: Evasion abilities are banned\n|rule|Evasion Items Clause: Evasion items are banned\n|rule|Evasion Moves Clause: Evasion moves are banned\n|rule|Species Clause: Limit one of each Pok\u00e9mon\n|rule|Sleep Clause Mod: Limit one foe put to sleep\n|clearpoke\n|poke|p1|Landorus-Therian, M|\n|poke|p1|Greninja-*, M|\n|poke|p1|Volcarona, M|\n|poke|p1|Iron Valiant|\n|poke|p1|Ogerpon-Wellspring, F|\n|poke|p1|Tapu Koko|\n|poke|p2|Primarina, F|\n|poke|p2|Iron Hands|\n|poke|p2|Alomomola, M|\n|poke|p2|Muk-Alola, M|\n|poke|p2|Regigigas|\n|poke|p2|Tsareena, F|\n|teampreview\n|inactive|Battle timer is ON: inactive players will automatically lose when time's up. (requested by Shinyhunting_Anny)\n|inactive|Shinyhunting_Anny has 120 seconds left.\n|\n|t:|1701176543\n|start\n|switch|p1a: Tapu Koko|Tapu Koko|100\/100\n|switch|p2a: Primolfina :3|Primarina, F, shiny|100\/100\n|-fieldstart|move: Electric Terrain|[from] ability: Electric Surge|[of] p1a: Tapu Koko\n|turn|1\n|inactive|Shinyhunting_Anny has 120 seconds left.\n|\n|t:|1701176598\n|switch|p2a: Iron Henny :3|Iron Hands, shiny|100\/100\n|-activate|p2a: Iron Henny :3|ability: Quark Drive\n|-start|p2a: Iron Henny :3|quarkdriveatk\n|move|p1a: Tapu Koko|Volt Switch|p2a: Iron Henny :3\n|-resisted|p2a: Iron Henny :3\n|-damage|p2a: Iron Henny :3|91\/100\n|\n|t:|1701176606\n|switch|p1a: Landorus|Landorus-Therian, M|100\/100|[from] Volt Switch\n|-ability|p1a: Landorus|Intimidate|boost\n|-unboost|p2a: Iron Henny :3|atk|1\n|\n|upkeep\n|turn|2\n|\n|t:|1701176622\n|move|p1a: Landorus|Earthquake|p2a: Iron Henny :3\n|-supereffective|p2a: Iron Henny :3\n|-damage|p2a: Iron Henny :3|0 fnt\n|faint|p2a: Iron Henny :3\n|-end|p2a: Iron Henny :3|Quark Drive|[silent]\n|\n|upkeep\n|\n|t:|1701176627\n|switch|p2a: Gugsareena :3|Tsareena, F, shiny|100\/100\n|turn|3\n|\n|t:|1701176632\n|move|p2a: Gugsareena :3|Triple Axel|p1a: Landorus\n|-supereffective|p1a: Landorus\n|-damage|p1a: Landorus|75\/100\n|-supereffective|p1a: Landorus\n|-damage|p1a: Landorus|19\/100\n|-supereffective|p1a: Landorus\n|-damage|p1a: Landorus|0 fnt\n|faint|p1a: Landorus\n|-hitcount|p1: Landorus|3\n|\n|upkeep\n|\n|t:|1701176644\n|switch|p1a: Ogerpon|Ogerpon-Wellspring, F|100\/100\n|turn|4\n|inactive|Shinyhunting_Anny has 120 seconds left.\n|\n|t:|1701176659\n|move|p1a: Ogerpon|U-turn|p2a: Gugsareena :3\n|-supereffective|p2a: Gugsareena :3\n|-damage|p2a: Gugsareena :3|38\/100\n|\n|t:|1701176665\n|switch|p1a: Volcarona|Volcarona, M|100\/100|[from] U-turn\n|move|p2a: Gugsareena :3|Power Whip|p1a: Volcarona\n|-resisted|p1a: Volcarona\n|-damage|p1a: Volcarona|79\/100\n|-status|p2a: Gugsareena :3|brn|[from] ability: Flame Body|[of] p1a: Volcarona\n|\n|-damage|p2a: Gugsareena :3|32\/100 brn|[from] brn\n|upkeep\n|turn|5\n|\n|t:|1701176676\n|switch|p2a: Tom-Alola :3|Muk-Alola, M, shiny|100\/100\n|move|p1a: Volcarona|Quiver Dance|p1a: Volcarona\n|-boost|p1a: Volcarona|spa|1\n|-boost|p1a: Volcarona|spd|1\n|-boost|p1a: Volcarona|spe|1\n|\n|-fieldend|move: Electric Terrain\n|upkeep\n|turn|6\n|\n|t:|1701176685\n|move|p1a: Volcarona|Fiery Dance|p2a: Tom-Alola :3\n|-damage|p2a: Tom-Alola :3|72\/100\n|-boost|p1a: Volcarona|spa|1\n|move|p2a: Tom-Alola :3|Poison Jab|p1a: Volcarona\n|-damage|p1a: Volcarona|32\/100\n|-status|p2a: Tom-Alola :3|brn|[from] ability: Flame Body|[of] p1a: Volcarona\n|\n|-damage|p2a: Tom-Alola :3|66\/100 brn|[from] brn\n|upkeep\n|turn|7\n|inactive|Shinyhunting_Anny has 120 seconds left.\n|\n|t:|1701176715\n|move|p1a: Volcarona|Giga Drain|p2a: Tom-Alola :3\n|-resisted|p2a: Tom-Alola :3\n|-crit|p2a: Tom-Alola :3\n|-damage|p2a: Tom-Alola :3|49\/100 brn\n|-heal|p1a: Volcarona|44\/100|[from] drain|[of] p2a: Tom-Alola :3\n|move|p2a: Tom-Alola :3|Poison Jab|p1a: Volcarona\n|-damage|p1a: Volcarona|20\/100\n|-status|p1a: Volcarona|psn|[from] ability: Poison Touch|[of] p2a: Tom-Alola :3\n|\n|-damage|p1a: Volcarona|8\/100 psn|[from] psn\n|-damage|p2a: Tom-Alola :3|43\/100 brn|[from] brn\n|upkeep\n|turn|8\n|\n|t:|1701176728\n|move|p1a: Volcarona|Hidden Power|p2a: Tom-Alola :3\n|-supereffective|p2a: Tom-Alola :3\n|-damage|p2a: Tom-Alola :3|2\/100 brn\n|move|p2a: Tom-Alola :3|Knock Off|p1a: Volcarona\n|-damage|p1a: Volcarona|0 fnt\n|-enditem|p1a: Volcarona|Heavy-Duty Boots|[from] move: Knock Off|[of] p2a: Tom-Alola :3\n|faint|p1a: Volcarona\n|\n|-damage|p2a: Tom-Alola :3|0 fnt|[from] brn\n|faint|p2a: Tom-Alola :3\n|upkeep\n|\n|t:|1701176740\n|switch|p1a: Tapu Koko|Tapu Koko|100\/100\n|switch|p2a: Paulomomola :3|Alomomola, M, shiny|100\/100\n|-fieldstart|move: Electric Terrain|[from] ability: Electric Surge|[of] p1a: Tapu Koko\n|turn|9\n|\n|t:|1701176747\n|move|p1a: Tapu Koko|Volt Switch|p2a: Paulomomola :3\n|-supereffective|p2a: Paulomomola :3\n|-damage|p2a: Paulomomola :3|41\/100\n|\n|t:|1701176751\n|switch|p1a: Ogerpon|Ogerpon-Wellspring, F|100\/100|[from] Volt Switch\n|move|p2a: Paulomomola :3|Mirror Coat|p1a: Ogerpon\n|-damage|p1a: Ogerpon|0 fnt\n|faint|p1a: Ogerpon\n|\n|upkeep\n|\n|t:|1701176759\n|switch|p1a: Tapu Koko|Tapu Koko|100\/100\n|turn|10\n|\n|t:|1701176770\n|switch|p2a: Gugsareena :3|Tsareena, F, shiny|32\/100 brn\n|move|p1a: Tapu Koko|Volt Switch|p2a: Gugsareena :3\n|-resisted|p2a: Gugsareena :3\n|-damage|p2a: Gugsareena :3|9\/100 brn\n|\n|t:|1701176776\n|switch|p1a: Iron Valiant|Iron Valiant|100\/100|[from] Volt Switch\n|-activate|p1a: Iron Valiant|ability: Quark Drive\n|-start|p1a: Iron Valiant|quarkdrivespe\n|\n|-damage|p2a: Gugsareena :3|3\/100 brn|[from] brn\n|upkeep\n|turn|11\n|\n|t:|1701176788\n|move|p1a: Iron Valiant|Moonblast|p2a: Gugsareena :3\n|-damage|p2a: Gugsareena :3|0 fnt\n|faint|p2a: Gugsareena :3\n|\n|upkeep\n|\n|t:|1701176792\n|switch|p2a: Primolfina :3|Primarina, F, shiny|100\/100\n|turn|12\n|\n|t:|1701176799\n|-terastallize|p1a: Iron Valiant|Fairy\n|move|p1a: Iron Valiant|Moonblast|p2a: Primolfina :3\n|-damage|p2a: Primolfina :3|20\/100\n|move|p2a: Primolfina :3|Moonblast|p1a: Iron Valiant\n|-damage|p1a: Iron Valiant|0 fnt\n|faint|p1a: Iron Valiant\n|-end|p1a: Iron Valiant|Quark Drive|[silent]\n|\n|upkeep\n|\n|t:|1701176809\n|switch|p1a: Tapu Koko|Tapu Koko|100\/100\n|turn|13\n|\n|t:|1701176814\n|move|p1a: Tapu Koko|Volt Switch|p2a: Primolfina :3\n|-supereffective|p2a: Primolfina :3\n|-damage|p2a: Primolfina :3|0 fnt\n|faint|p2a: Primolfina :3\n|\n|t:|1701176818\n|switch|p1a: Greninja|Greninja, M|100\/100|[from] Volt Switch\n|\n|-fieldend|move: Electric Terrain\n|upkeep\n|\n|t:|1701176826\n|switch|p2a: Regijo :3|Regigigas, shiny|100\/100\n|-start|p2a: Regijo :3|ability: Slow Start\n|turn|14\n|\n|t:|1701176831\n|-zpower|p1a: Greninja\n|move|p1a: Greninja|Hydro Vortex|p2a: Regijo :3|[zeffect]\n|-damage|p2a: Regijo :3|42\/100\n|move|p2a: Regijo :3|Body Slam|p1a: Greninja\n|-crit|p1a: Greninja\n|-damage|p1a: Greninja|41\/100\n|\n|-heal|p2a: Regijo :3|48\/100|[from] item: Leftovers\n|upkeep\n|turn|15\n|\n|t:|1701176843\n|move|p1a: Greninja|Hydro Pump|p2a: Regijo :3\n|-damage|p2a: Regijo :3|11\/100\n|move|p2a: Regijo :3|Body Slam|p1a: Greninja\n|-damage|p1a: Greninja|2\/100\n|\n|-heal|p2a: Regijo :3|17\/100|[from] item: Leftovers\n|upkeep\n|turn|16\n|\n|t:|1701176852\n|-end|p2a: Regijo :3|Slow Start|[silent]\n|switch|p2a: Paulomomola :3|Alomomola, M, shiny|74\/100\n|move|p1a: Greninja|Hydro Pump|p2a: Paulomomola :3\n|-resisted|p2a: Paulomomola :3\n|-damage|p2a: Paulomomola :3|57\/100\n|\n|upkeep\n|turn|17\n|\n|t:|1701176859\n|switch|p2a: Regijo :3|Regigigas, shiny|17\/100\n|-start|p2a: Regijo :3|ability: Slow Start\n|move|p1a: Greninja|Dark Pulse|p2a: Regijo :3\n|-damage|p2a: Regijo :3|0 fnt\n|faint|p2a: Regijo :3\n|-end|p2a: Regijo :3|Slow Start|[silent]\n|-ability|p1a: Greninja|Battle Bond|boost\n|-boost|p1a: Greninja|atk|1\n|-boost|p1a: Greninja|spa|1\n|-boost|p1a: Greninja|spe|1\n|-activate|p1a: Greninja|ability: Battle Bond\n|\n|upkeep\n|\n|t:|1701176861\n|switch|p2a: Paulomomola :3|Alomomola, M, shiny|90\/100\n|turn|18\n|\n|t:|1701176873\n|move|p1a: Greninja|Dark Pulse|p2a: Paulomomola :3\n|-damage|p2a: Paulomomola :3|54\/100\n|move|p2a: Paulomomola :3|Knock Off|p1a: Greninja\n|-resisted|p1a: Greninja\n|-damage|p1a: Greninja|0 fnt\n|faint|p1a: Greninja\n|\n|upkeep\n|\n|t:|1701176879\n|switch|p1a: Tapu Koko|Tapu Koko|100\/100\n|-fieldstart|move: Electric Terrain|[from] ability: Electric Surge|[of] p1a: Tapu Koko\n|turn|19\n|\n|t:|1701176885\n|move|p1a: Tapu Koko|Dazzling Gleam|p2a: Paulomomola :3\n|-damage|p2a: Paulomomola :3|29\/100\n|move|p2a: Paulomomola :3|Mirror Coat|p1a: Tapu Koko\n|-damage|p1a: Tapu Koko|6\/100\n|\n|upkeep\n|turn|20\n|\n|t:|1701176892\n|move|p1a: Tapu Koko|Volt Switch|p2a: Paulomomola :3\n|-supereffective|p2a: Paulomomola :3\n|-damage|p2a: Paulomomola :3|0 fnt\n|faint|p2a: Paulomomola :3\n|\n|win|starlitbox\n|raw|starlitbox's rating: 1348 &rarr; <strong>1364<\/strong><br \/>(+16 for winning)\n|raw|Shinyhunting_Anny's rating: 1275 &rarr; <strong>1255<\/strong><br \/>(-20 for losing)\n|l|\u2606Shinyhunting_Anny\n","uploadtime":1701176899,"views":10,"p1id":"starlitbox","p2id":"shinyhuntinganny","formatid":"gen9nationaldex","rating":1255,"private":0,"password":""}