{"id":"gen9nationaldex-1988759226","p1":"hidin","p2":"SeraphZ\u2605","format":"[Gen 9] National Dex","log":"|j|\u2606hidin\n|j|\u2606SeraphZ\u2605\n|t:|1699759477\n|gametype|singles\n|player|p1|hidin|#capplixvenomicons|\n|player|p2|SeraphZ\u2605|#ptplivdazzlingdiancies|\n|teamsize|p1|6\n|teamsize|p2|6\n|gen|9\n|tier|[Gen 9] National Dex\n|rule|HP Percentage Mod: HP is shown in percentages\n|rule|Endless Battle Clause: Forcing endless battles is banned\n|rule|OHKO Clause: OHKO moves are banned\n|rule|Evasion Clause: Evasion abilities, items, and moves are banned\n|rule|Evasion Abilities Clause: Evasion abilities are banned\n|rule|Evasion Items Clause: Evasion items are banned\n|rule|Evasion Moves Clause: Evasion moves are banned\n|rule|Species Clause: Limit one of each Pok\u00e9mon\n|rule|Sleep Clause Mod: Limit one foe put to sleep\n|clearpoke\n|poke|p1|Ursaluna, M|\n|poke|p1|Diancie|\n|poke|p1|Kartana|\n|poke|p1|Alomomola, M|\n|poke|p1|Zapdos|\n|poke|p1|Aegislash, M|\n|poke|p2|Greninja-*, M|\n|poke|p2|Pelipper, F|\n|poke|p2|Ferrothorn, F|\n|poke|p2|Swampert, M|\n|poke|p2|Zapdos|\n|poke|p2|Manaphy|\n|teampreview\n|inactive|Battle timer is ON: inactive players will automatically lose when time's up. (requested by hidin)\n|\n|t:|1699759494\n|start\n|switch|p1a: Aegislash|Aegislash, M|100\/100\n|switch|p2a: Pelipper|Pelipper, F|100\/100\n|-weather|RainDance|[from] ability: Drizzle|[of] p2a: Pelipper\n|turn|1\n|\n|t:|1699759501\n|switch|p2a: Ferrothorn|Ferrothorn, F|100\/100\n|move|p1a: Aegislash|Toxic|p2a: Ferrothorn\n|-immune|p2a: Ferrothorn\n|\n|-weather|RainDance|[upkeep]\n|upkeep\n|turn|2\n|\n|t:|1699759505\n|switch|p1a: Zapdos|Zapdos|100\/100\n|move|p2a: Ferrothorn|Stealth Rock|p1a: Zapdos\n|-sidestart|p1: hidin|move: Stealth Rock\n|\n|-weather|RainDance|[upkeep]\n|upkeep\n|turn|3\n|\n|t:|1699759509\n|move|p1a: Zapdos|Hurricane|p2a: Ferrothorn\n|-damage|p2a: Ferrothorn|72\/100\n|move|p2a: Ferrothorn|Knock Off|p1a: Zapdos\n|-damage|p1a: Zapdos|84\/100\n|-enditem|p1a: Zapdos|Heavy-Duty Boots|[from] move: Knock Off|[of] p2a: Ferrothorn\n|\n|-weather|RainDance|[upkeep]\n|-heal|p2a: Ferrothorn|78\/100|[from] item: Leftovers\n|upkeep\n|turn|4\n|\n|t:|1699759512\n|move|p1a: Zapdos|Hurricane|p2a: Ferrothorn\n|-damage|p2a: Ferrothorn|49\/100\n|-start|p2a: Ferrothorn|confusion\n|-activate|p2a: Ferrothorn|confusion\n|move|p2a: Ferrothorn|Leech Seed|p1a: Zapdos\n|-start|p1a: Zapdos|move: Leech Seed\n|\n|-weather|RainDance|[upkeep]\n|-heal|p2a: Ferrothorn|55\/100|[from] item: Leftovers\n|-damage|p1a: Zapdos|72\/100|[from] Leech Seed|[of] p2a: Ferrothorn\n|-heal|p2a: Ferrothorn|68\/100|[silent]\n|upkeep\n|turn|5\n|\n|t:|1699759523\n|switch|p2a: Zapdos|Zapdos|100\/100\n|move|p1a: Zapdos|Defog|p2a: Zapdos\n|-unboost|p2a: Zapdos|evasion|1\n|-sideend|p1: hidin|Stealth Rock|[from] move: Defog|[of] p1a: Zapdos\n|\n|-weather|RainDance|[upkeep]\n|-damage|p1a: Zapdos|60\/100|[from] Leech Seed|[of] p2a: Zapdos\n|upkeep\n|turn|6\n|\n|t:|1699759534\n|switch|p1a: Aegislash|Aegislash, M|100\/100\n|move|p2a: Zapdos|Volt Switch|p1a: Aegislash\n|-damage|p1a: Aegislash|78\/100\n|\n|t:|1699759538\n|switch|p2a: Greninja|Greninja, M|100\/100|[from] Volt Switch\n|\n|-weather|RainDance|[upkeep]\n|-heal|p1a: Aegislash|84\/100|[from] item: Leftovers\n|upkeep\n|turn|7\n|\n|t:|1699759543\n|-terastallize|p1a: Aegislash|Fairy\n|move|p2a: Greninja|Surf|p1a: Aegislash\n|-damage|p1a: Aegislash|32\/100\n|-damage|p2a: Greninja|91\/100|[from] item: Life Orb\n|-formechange|p1a: Aegislash|Aegislash-Blade||[from] ability: Stance Change\n|move|p1a: Aegislash|Close Combat|p2a: Greninja\n|-supereffective|p2a: Greninja\n|-damage|p2a: Greninja|0 fnt\n|-unboost|p1a: Aegislash|def|1\n|-unboost|p1a: Aegislash|spd|1\n|faint|p2a: Greninja\n|\n|-weather|RainDance|[upkeep]\n|-heal|p1a: Aegislash|38\/100|[from] item: Leftovers\n|upkeep\n|\n|t:|1699759549\n|switch|p2a: Manaphy|Manaphy|100\/100\n|turn|8\n|\n|t:|1699759555\n|switch|p1a: Kartana|Kartana|100\/100\n|move|p2a: Manaphy|Tail Glow|p2a: Manaphy\n|-boost|p2a: Manaphy|spa|3\n|\n|-weather|none\n|upkeep\n|turn|9\n|\n|t:|1699759558\n|switch|p1a: Alomomola|Alomomola, M|100\/100\n|-terastallize|p2a: Manaphy|Dragon\n|move|p2a: Manaphy|Surf|p1a: Alomomola\n|-resisted|p1a: Alomomola\n|-damage|p1a: Alomomola|53\/100\n|\n|upkeep\n|turn|10\n|\n|t:|1699759574\n|switch|p1a: Zapdos|Zapdos|60\/100\n|move|p2a: Manaphy|Energy Ball|p1a: Zapdos\n|-resisted|p1a: Zapdos\n|-crit|p1a: Zapdos\n|-damage|p1a: Zapdos|11\/100\n|\n|upkeep\n|turn|11\n|\n|t:|1699759578\n|move|p1a: Zapdos|Hurricane|p2a: Manaphy\n|-crit|p2a: Manaphy\n|-damage|p2a: Manaphy|39\/100\n|-start|p2a: Manaphy|confusion\n|-activate|p2a: Manaphy|confusion\n|move|p2a: Manaphy|Surf|p1a: Zapdos\n|-damage|p1a: Zapdos|0 fnt\n|faint|p1a: Zapdos\n|\n|-heal|p2a: Manaphy|45\/100|[from] item: Leftovers\n|upkeep\n|\n|t:|1699759581\n|switch|p1a: Diancie|Diancie|100\/100\n|turn|12\n|\n|t:|1699759584\n|switch|p2a: Ferrothorn|Ferrothorn, F|68\/100\n|detailschange|p1a: Diancie|Diancie-Mega\n|-mega|p1a: Diancie|Diancie|Diancite\n|move|p1a: Diancie|Moonblast|p2a: Ferrothorn\n|-resisted|p2a: Ferrothorn\n|-damage|p2a: Ferrothorn|49\/100\n|\n|-heal|p2a: Ferrothorn|55\/100|[from] item: Leftovers\n|upkeep\n|turn|13\n|\n|t:|1699759588\n|switch|p2a: Pelipper|Pelipper, F|100\/100\n|-weather|RainDance|[from] ability: Drizzle|[of] p2a: Pelipper\n|move|p1a: Diancie|Mystical Fire|p2a: Pelipper\n|-resisted|p2a: Pelipper\n|-damage|p2a: Pelipper|90\/100\n|-unboost|p2a: Pelipper|spa|1\n|\n|-weather|RainDance|[upkeep]\n|upkeep\n|turn|14\n|\n|t:|1699759592\n|switch|p2a: Swampert|Swampert, M|100\/100\n|move|p1a: Diancie|Stealth Rock|p2a: Swampert\n|-sidestart|p2: SeraphZ\u2605|move: Stealth Rock\n|\n|-weather|RainDance|[upkeep]\n|upkeep\n|turn|15\n|\n|t:|1699759597\n|switch|p1a: Alomomola|Alomomola, M|87\/100\n|detailschange|p2a: Swampert|Swampert-Mega, M\n|-mega|p2a: Swampert|Swampert|Swampertite\n|move|p2a: Swampert|Flip Turn|p1a: Alomomola\n|-resisted|p1a: Alomomola\n|-damage|p1a: Alomomola|71\/100\n|\n|t:|1699759600\n|switch|p2a: Zapdos|Zapdos|100\/100|[from] Flip Turn\n|-damage|p2a: Zapdos|76\/100|[from] Stealth Rock\n|\n|-weather|RainDance|[upkeep]\n|upkeep\n|turn|16\n|\n|t:|1699759612\n|switch|p1a: Aegislash|Aegislash, M, tera:Fairy|38\/100\n|move|p2a: Zapdos|Hurricane|p1a: Aegislash\n|-damage|p1a: Aegislash|5\/100\n|-start|p1a: Aegislash|confusion\n|\n|-weather|RainDance|[upkeep]\n|-heal|p1a: Aegislash|11\/100|[from] item: Leftovers\n|upkeep\n|turn|17\n|\n|t:|1699759617\n|-activate|p1a: Aegislash|confusion\n|move|p1a: Aegislash|King's Shield|p1a: Aegislash\n|-singleturn|p1a: Aegislash|Protect\n|move|p2a: Zapdos|Hurricane|p1a: Aegislash\n|-activate|p1a: Aegislash|move: Protect\n|\n|-weather|RainDance|[upkeep]\n|-heal|p1a: Aegislash|17\/100|[from] item: Leftovers\n|upkeep\n|turn|18\n|\n|t:|1699759620\n|move|p2a: Zapdos|Hurricane|p1a: Aegislash\n|-damage|p1a: Aegislash|0 fnt\n|faint|p1a: Aegislash\n|\n|-weather|RainDance|[upkeep]\n|upkeep\n|\n|t:|1699759622\n|switch|p1a: Diancie|Diancie-Mega|100\/100\n|turn|19\n|\n|t:|1699759625\n|switch|p2a: Ferrothorn|Ferrothorn, F|55\/100\n|-damage|p2a: Ferrothorn|49\/100|[from] Stealth Rock\n|move|p1a: Diancie|Moonblast|p2a: Ferrothorn\n|-resisted|p2a: Ferrothorn\n|-damage|p2a: Ferrothorn|30\/100\n|\n|-weather|RainDance|[upkeep]\n|-heal|p2a: Ferrothorn|36\/100|[from] item: Leftovers\n|upkeep\n|turn|20\n|\n|t:|1699759629\n|move|p1a: Diancie|Mystical Fire|p2a: Ferrothorn\n|-supereffective|p2a: Ferrothorn\n|-damage|p2a: Ferrothorn|1\/100\n|-unboost|p2a: Ferrothorn|spa|1\n|move|p2a: Ferrothorn|Leech Seed|p1a: Diancie\n|move|p1a: Diancie|Leech Seed|p2a: Ferrothorn|[from]ability: Magic Bounce\n|-immune|p2a: Ferrothorn\n|\n|-weather|none\n|-heal|p2a: Ferrothorn|7\/100|[from] item: Leftovers\n|upkeep\n|turn|21\n|\n|t:|1699759632\n|move|p1a: Diancie|Moonblast|p2a: Ferrothorn\n|-resisted|p2a: Ferrothorn\n|-damage|p2a: Ferrothorn|0 fnt\n|faint|p2a: Ferrothorn\n|\n|upkeep\n|\n|t:|1699759635\n|switch|p2a: Swampert|Swampert-Mega, M|100\/100\n|-damage|p2a: Swampert|94\/100|[from] Stealth Rock\n|turn|22\n|\n|t:|1699759638\n|switch|p1a: Alomomola|Alomomola, M|100\/100\n|move|p2a: Swampert|Flip Turn|p1a: Alomomola\n|-resisted|p1a: Alomomola\n|-damage|p1a: Alomomola|89\/100\n|\n|t:|1699759640\n|switch|p2a: Zapdos|Zapdos|76\/100|[from] Flip Turn\n|-damage|p2a: Zapdos|51\/100|[from] Stealth Rock\n|\n|upkeep\n|turn|23\n|\n|t:|1699759644\n|move|p2a: Zapdos|Roost|p2a: Zapdos\n|-heal|p2a: Zapdos|100\/100\n|-singleturn|p2a: Zapdos|move: Roost\n|move|p1a: Alomomola|Toxic|p2a: Zapdos\n|-status|p2a: Zapdos|tox\n|\n|-damage|p2a: Zapdos|94\/100 tox|[from] psn\n|upkeep\n|turn|24\n|\n|t:|1699759648\n|move|p2a: Zapdos|Thunderbolt|p1a: Alomomola\n|-supereffective|p1a: Alomomola\n|-damage|p1a: Alomomola|14\/100\n|move|p1a: Alomomola|Flip Turn|p2a: Zapdos\n|-damage|p2a: Zapdos|75\/100 tox\n|\n|t:|1699759653\n|switch|p1a: Ursaluna|Ursaluna, M|100\/100|[from] Flip Turn\n|\n|-damage|p2a: Zapdos|63\/100 tox|[from] psn\n|-status|p1a: Ursaluna|brn|[from] item: Flame Orb\n|upkeep\n|turn|25\n|\n|t:|1699759660\n|-zpower|p2a: Zapdos\n|move|p2a: Zapdos|Supersonic Skystrike|p1a: Ursaluna|[zeffect]\n|-damage|p1a: Ursaluna|30\/100 brn\n|move|p1a: Ursaluna|Facade|p2a: Zapdos\n|-damage|p2a: Zapdos|0 fnt\n|faint|p2a: Zapdos\n|\n|-damage|p1a: Ursaluna|24\/100 brn|[from] brn\n|upkeep\n|\n|t:|1699759668\n|switch|p2a: Swampert|Swampert-Mega, M|94\/100\n|-damage|p2a: Swampert|88\/100|[from] Stealth Rock\n|turn|26\n|\n|t:|1699759683\n|switch|p1a: Kartana|Kartana|100\/100\n|move|p2a: Swampert|Flip Turn|p1a: Kartana\n|-resisted|p1a: Kartana\n|-damage|p1a: Kartana|82\/100\n|\n|t:|1699759687\n|switch|p2a: Manaphy|Manaphy, tera:Dragon|45\/100|[from] Flip Turn\n|-damage|p2a: Manaphy|33\/100|[from] Stealth Rock\n|\n|-heal|p2a: Manaphy|39\/100|[from] item: Leftovers\n|upkeep\n|turn|27\n|\n|t:|1699759690\n|switch|p2a: Pelipper|Pelipper, F|90\/100\n|-damage|p2a: Pelipper|65\/100|[from] Stealth Rock\n|-weather|RainDance|[from] ability: Drizzle|[of] p2a: Pelipper\n|move|p1a: Kartana|Smart Strike|p2a: Pelipper\n|-resisted|p2a: Pelipper\n|-damage|p2a: Pelipper|47\/100\n|\n|-weather|RainDance|[upkeep]\n|upkeep\n|turn|28\n|\n|t:|1699759696\n|switch|p1a: Ursaluna|Ursaluna, M|24\/100 brn\n|move|p2a: Pelipper|U-turn|p1a: Ursaluna\n|-damage|p1a: Ursaluna|18\/100 brn\n|\n|t:|1699759698\n|switch|p2a: Manaphy|Manaphy, tera:Dragon|39\/100|[from] U-turn\n|-damage|p2a: Manaphy|27\/100|[from] Stealth Rock\n|\n|-weather|RainDance|[upkeep]\n|-heal|p2a: Manaphy|33\/100|[from] item: Leftovers\n|-damage|p1a: Ursaluna|12\/100 brn|[from] brn\n|upkeep\n|turn|29\n|\n|t:|1699759704\n|move|p2a: Manaphy|Surf|p1a: Ursaluna\n|-supereffective|p1a: Ursaluna\n|-damage|p1a: Ursaluna|0 fnt\n|faint|p1a: Ursaluna\n|\n|-weather|RainDance|[upkeep]\n|-heal|p2a: Manaphy|39\/100|[from] item: Leftovers\n|upkeep\n|\n|t:|1699759707\n|switch|p1a: Diancie|Diancie-Mega|100\/100\n|turn|30\n|\n|t:|1699759713\n|move|p1a: Diancie|Moonblast|p2a: Manaphy\n|-supereffective|p2a: Manaphy\n|-crit|p2a: Manaphy\n|-damage|p2a: Manaphy|0 fnt\n|faint|p2a: Manaphy\n|\n|-weather|RainDance|[upkeep]\n|upkeep\n|\n|t:|1699759715\n|switch|p2a: Swampert|Swampert-Mega, M|88\/100\n|-damage|p2a: Swampert|82\/100|[from] Stealth Rock\n|turn|31\n|\n|t:|1699759718\n|switch|p1a: Alomomola|Alomomola, M|48\/100\n|move|p2a: Swampert|Substitute|p2a: Swampert\n|-start|p2a: Swampert|Substitute\n|-damage|p2a: Swampert|57\/100\n|\n|-weather|RainDance|[upkeep]\n|upkeep\n|turn|32\n|\n|t:|1699759721\n|move|p2a: Swampert|Earthquake|p1a: Alomomola\n|-damage|p1a: Alomomola|7\/100\n|move|p1a: Alomomola|Flip Turn|p2a: Swampert\n|-end|p2a: Swampert|Substitute\n|\n|t:|1699759723\n|switch|p1a: Kartana|Kartana|82\/100|[from] Flip Turn\n|\n|-weather|RainDance|[upkeep]\n|upkeep\n|turn|33\n|\n|t:|1699759729\n|move|p1a: Kartana|Leaf Blade|p2a: Swampert\n|-supereffective|p2a: Swampert\n|-damage|p2a: Swampert|0 fnt\n|faint|p2a: Swampert\n|-ability|p1a: Kartana|Beast Boost|boost\n|-boost|p1a: Kartana|atk|1\n|\n|-weather|RainDance|[upkeep]\n|upkeep\n|c|\u2606SeraphZ\u2605|Gg\n|c|\u2606hidin|gg\n|-message|SeraphZ\u2605 forfeited.\n|\n|win|hidin\n","uploadtime":1699759743,"views":11,"p1id":"hidin","p2id":"seraphz","formatid":"gen9nationaldex","rating":0,"private":0,"password":""}