{"id":"gen9nationaldex-1995673663","p1":"runeatest","p2":"zhangsangua","format":"[Gen 9] National Dex","log":"|html|<div class=\"broadcast-blue\"><strong>[Gen 9] National Dex is currently suspecting Sneasler! For information on how to participate check out the <a href=\"https:\/\/www.smogon.com\/forums\/threads\/sv-national-dex-suspect-8-just-dance.3731534\/\">suspect thread<\/a>.<\/strong><\/div>\n|j|\u2606runeatest\n|j|\u2606zhangsangua\n|t:|1700592796\n|gametype|singles\n|player|p1|runeatest|fisherman-gen4|1186\n|player|p2|zhangsangua|rocketgrunt|1242\n|teamsize|p1|6\n|teamsize|p2|6\n|gen|9\n|tier|[Gen 9] National Dex\n|rated|\n|rule|HP Percentage Mod: HP is shown in percentages\n|rule|Endless Battle Clause: Forcing endless battles is banned\n|rule|OHKO Clause: OHKO moves are banned\n|rule|Evasion Clause: Evasion abilities, items, and moves are banned\n|rule|Evasion Abilities Clause: Evasion abilities are banned\n|rule|Evasion Items Clause: Evasion items are banned\n|rule|Evasion Moves Clause: Evasion moves are banned\n|rule|Species Clause: Limit one of each Pok\u00e9mon\n|rule|Sleep Clause Mod: Limit one foe put to sleep\n|clearpoke\n|poke|p1|Glaceon, M|\n|poke|p1|Flygon, M|\n|poke|p1|Emolga, M|\n|poke|p1|Marowak-Alola, M|\n|poke|p1|Sirfetch\u2019d, M|\n|poke|p1|Lapras, M|\n|poke|p2|Banette, M|\n|poke|p2|Ribombee, M|\n|poke|p2|Victini|\n|poke|p2|Moltres|\n|poke|p2|Sneasler, F|\n|poke|p2|Garchomp, F|\n|teampreview\n|inactive|Battle timer is ON: inactive players will automatically lose when time's up. (requested by runeatest)\n|\n|t:|1700592801\n|start\n|switch|p1a: Marowak|Marowak-Alola, M|100\/100\n|switch|p2a: Ribombee|Ribombee, M|100\/100\n|turn|1\n|\n|t:|1700592812\n|move|p2a: Ribombee|Sticky Web|p1a: Marowak\n|-sidestart|p1: runeatest|move: Sticky Web\n|move|p1a: Marowak|Flare Blitz|p2a: Ribombee\n|-supereffective|p2a: Ribombee\n|-enditem|p2a: Ribombee|Focus Sash\n|-damage|p2a: Ribombee|1\/100\n|\n|upkeep\n|turn|2\n|\n|t:|1700592818\n|move|p2a: Ribombee|Skill Swap|p1a: Marowak\n|-activate|p2a: Ribombee|move: Skill Swap|Rock Head|Shield Dust|[of] p1a: Marowak\n|move|p1a: Marowak|Flare Blitz|p2a: Ribombee\n|-supereffective|p2a: Ribombee\n|-damage|p2a: Ribombee|0 fnt\n|faint|p2a: Ribombee\n|-damage|p1a: Marowak|99\/100|[from] Recoil\n|\n|upkeep\n|\n|t:|1700592834\n|switch|p2a: Moltres|Moltres|100\/100\n|turn|3\n|\n|t:|1700592836\n|move|p2a: Moltres|Toxic|p1a: Marowak\n|-status|p1a: Marowak|tox\n|move|p1a: Marowak|Stone Edge|p2a: Moltres\n|-supereffective|p2a: Moltres\n|-damage|p2a: Moltres|0 fnt\n|faint|p2a: Moltres\n|\n|-damage|p1a: Marowak|94\/100 tox|[from] psn\n|upkeep\n|\n|t:|1700592842\n|switch|p2a: Garchomp|Garchomp, F|100\/100\n|turn|4\n|\n|t:|1700592848\n|switch|p1a: Flygon|Flygon, M|100\/100\n|move|p2a: Garchomp|Swords Dance|p2a: Garchomp\n|-boost|p2a: Garchomp|atk|2\n|\n|upkeep\n|turn|5\n|\n|t:|1700592853\n|move|p2a: Garchomp|Dragon Claw|p1a: Flygon\n|-supereffective|p1a: Flygon\n|-enditem|p1a: Flygon|Focus Sash\n|-damage|p1a: Flygon|1\/100\n|move|p1a: Flygon|Dragon Claw|p2a: Garchomp\n|-supereffective|p2a: Garchomp\n|-damage|p2a: Garchomp|32\/100\n|-damage|p1a: Flygon|0 fnt|[from] ability: Rough Skin|[of] p2a: Garchomp\n|faint|p1a: Flygon\n|\n|upkeep\n|\n|t:|1700592865\n|switch|p1a: Glaceon|Glaceon, M|100\/100\n|-activate|p1a: Glaceon|move: Sticky Web\n|-unboost|p1a: Glaceon|spe|1\n|turn|6\n|\n|t:|1700592871\n|-terastallize|p2a: Garchomp|Fire\n|move|p1a: Glaceon|Ice Shard|p2a: Garchomp\n|-resisted|p2a: Garchomp\n|-damage|p2a: Garchomp|28\/100\n|move|p2a: Garchomp|Tera Blast|p1a: Glaceon|[anim] Tera Blast Fire\n|-supereffective|p1a: Glaceon\n|-damage|p1a: Glaceon|0 fnt\n|faint|p1a: Glaceon\n|\n|upkeep\n|\n|t:|1700592886\n|switch|p1a: Emolga|Emolga, M|100\/100\n|turn|7\n|\n|t:|1700592893\n|move|p2a: Garchomp|Dragon Claw|p1a: Emolga\n|-enditem|p1a: Emolga|Focus Sash\n|-damage|p1a: Emolga|1\/100\n|move|p1a: Emolga|Air Slash|p2a: Garchomp\n|-damage|p2a: Garchomp|0 fnt\n|faint|p2a: Garchomp\n|\n|upkeep\n|\n|t:|1700592904\n|switch|p2a: Victini|Victini|100\/100\n|turn|8\n|\n|t:|1700592906\n|move|p2a: Victini|Blue Flare|p1a: Emolga\n|-damage|p1a: Emolga|0 fnt\n|faint|p1a: Emolga\n|\n|upkeep\n|\n|t:|1700592912\n|switch|p1a: Sirfetch\u2019d|Sirfetch\u2019d, M|100\/100\n|-activate|p1a: Sirfetch\u2019d|move: Sticky Web\n|-unboost|p1a: Sirfetch\u2019d|spe|1\n|turn|9\n|\n|t:|1700592916\n|move|p2a: Victini|Blue Flare|p1a: Sirfetch\u2019d\n|-damage|p1a: Sirfetch\u2019d|36\/100\n|move|p1a: Sirfetch\u2019d|Defog|p2a: Victini\n|-unboost|p2a: Victini|evasion|1\n|-sideend|p1: runeatest|Sticky Web|[from] move: Defog|[of] p1a: Sirfetch\u2019d\n|\n|upkeep\n|turn|10\n|\n|t:|1700592923\n|switch|p1a: Lapras|Lapras, M|100\/100\n|move|p2a: Victini|Blue Flare|p1a: Lapras\n|-damage|p1a: Lapras|64\/100\n|\n|-heal|p1a: Lapras|71\/100|[from] item: Leftovers\n|upkeep\n|turn|11\n|\n|t:|1700592930\n|move|p2a: Victini|Blue Flare|p1a: Lapras\n|-damage|p1a: Lapras|34\/100\n|move|p1a: Lapras|Sparkling Aria|p2a: Victini\n|-supereffective|p2a: Victini\n|-damage|p2a: Victini|35\/100\n|\n|-heal|p1a: Lapras|41\/100|[from] item: Leftovers\n|upkeep\n|turn|12\n|\n|t:|1700592939\n|switch|p1a: Marowak|Marowak-Alola, M|94\/100 tox\n|move|p2a: Victini|Blue Flare|p1a: Marowak\n|-resisted|p1a: Marowak\n|-damage|p1a: Marowak|63\/100 tox\n|\n|-damage|p1a: Marowak|57\/100 tox|[from] psn\n|upkeep\n|turn|13\n|\n|t:|1700592946\n|move|p2a: Victini|Blue Flare|p1a: Marowak\n|-resisted|p1a: Marowak\n|-damage|p1a: Marowak|31\/100 tox\n|move|p1a: Marowak|Flare Blitz|p2a: Victini\n|-resisted|p2a: Victini\n|-damage|p2a: Victini|0 fnt\n|faint|p2a: Victini\n|\n|-damage|p1a: Marowak|19\/100 tox|[from] psn\n|upkeep\n|\n|t:|1700592952\n|switch|p2a: Sneasler|Sneasler, F|100\/100\n|turn|14\n|\n|t:|1700592957\n|move|p2a: Sneasler|Dire Claw|p1a: Marowak\n|-resisted|p1a: Marowak\n|-damage|p1a: Marowak|0 fnt\n|faint|p1a: Marowak\n|\n|upkeep\n|\n|t:|1700592963\n|switch|p1a: Sirfetch\u2019d|Sirfetch\u2019d, M|36\/100\n|turn|15\n|\n|t:|1700592969\n|-terastallize|p1a: Sirfetch\u2019d|Flying\n|move|p2a: Sneasler|Acrobatics|p1a: Sirfetch\u2019d\n|-damage|p1a: Sirfetch\u2019d|14\/100\n|move|p1a: Sirfetch\u2019d|Dual Wingbeat|p2a: Sneasler\n|-supereffective|p2a: Sneasler\n|-damage|p2a: Sneasler|29\/100\n|-supereffective|p2a: Sneasler\n|-damage|p2a: Sneasler|0 fnt\n|faint|p2a: Sneasler\n|-hitcount|p2: Sneasler|2\n|\n|upkeep\n|\n|t:|1700592972\n|switch|p2a: Banette|Banette, M|100\/100\n|-item|p1a: Sirfetch\u2019d|Leek|[from] ability: Frisk|[of] p2a: Banette|[identify]\n|turn|16\n|\n|t:|1700592981\n|detailschange|p2a: Banette|Banette-Mega, M\n|-mega|p2a: Banette|Banette|Banettite\n|move|p1a: Sirfetch\u2019d|Close Combat|p2a: Banette\n|-crit|p2a: Banette\n|-damage|p2a: Banette|0 fnt\n|-unboost|p1a: Sirfetch\u2019d|def|1\n|-unboost|p1a: Sirfetch\u2019d|spd|1\n|faint|p2a: Banette\n|\n|win|runeatest\n|raw|runeatest's rating: 1186 &rarr; <strong>1215<\/strong><br \/>(+29 for winning)\n|raw|zhangsangua's rating: 1242 &rarr; <strong>1213<\/strong><br \/>(-29 for losing)\n|l|\u2606zhangsangua\n","uploadtime":1700592993,"views":0,"p1id":"runeatest","p2id":"zhangsangua","formatid":"gen9nationaldex","rating":1213,"private":0,"password":""}