{"id":"gen9nationaldex-1997085878","p1":"DaivTheBosss","p2":"hirotoHigh","format":"[Gen 9] National Dex","log":"|html|<div class=\"broadcast-blue\"><strong>[Gen 9] National Dex is currently suspecting Sneasler! For information on how to participate check out the <a href=\"https:\/\/www.smogon.com\/forums\/threads\/sv-national-dex-suspect-8-just-dance.3731534\/\">suspect thread<\/a>.<\/strong><\/div>\n|j|\u2606DaivTheBosss\n|j|\u2606hirotoHigh\n|t:|1700763046\n|gametype|singles\n|player|p1|DaivTheBosss|101|1068\n|player|p2|hirotoHigh|1|1033\n|teamsize|p1|6\n|teamsize|p2|2\n|gen|9\n|tier|[Gen 9] National Dex\n|rated|\n|rule|HP Percentage Mod: HP is shown in percentages\n|rule|Endless Battle Clause: Forcing endless battles is banned\n|rule|OHKO Clause: OHKO moves are banned\n|rule|Evasion Clause: Evasion abilities, items, and moves are banned\n|rule|Evasion Abilities Clause: Evasion abilities are banned\n|rule|Evasion Items Clause: Evasion items are banned\n|rule|Evasion Moves Clause: Evasion moves are banned\n|rule|Species Clause: Limit one of each Pok\u00e9mon\n|rule|Sleep Clause Mod: Limit one foe put to sleep\n|clearpoke\n|poke|p1|Charizard, M|\n|poke|p1|Tauros, M|\n|poke|p1|Gyarados, F|\n|poke|p1|Aerodactyl, M|\n|poke|p1|Alakazam, F|\n|poke|p1|Exeggutor, F|\n|poke|p2|Gallade, M|\n|poke|p2|Shuckle, F|\n|teampreview\n|\n|t:|1700763052\n|start\n|switch|p1a: Aerodactyl|Aerodactyl, M|100\/100\n|switch|p2a: Shuckle|Shuckle, F|100\/100\n|-ability|p1a: Aerodactyl|Unnerve\n|turn|1\n|\n|t:|1700763058\n|move|p1a: Aerodactyl|Stealth Rock|p2a: Shuckle\n|-sidestart|p2: hirotoHigh|move: Stealth Rock\n|move|p2a: Shuckle|Shell Smash|p2a: Shuckle\n|-boost|p2a: Shuckle|def|1\n|-boost|p2a: Shuckle|spd|1\n|-unboost|p2a: Shuckle|atk|2\n|-unboost|p2a: Shuckle|spa|2\n|-unboost|p2a: Shuckle|spe|2\n|\n|upkeep\n|turn|2\n|\n|t:|1700763067\n|move|p1a: Aerodactyl|Ice Fang|p2a: Shuckle\n|-damage|p2a: Shuckle|90\/100\n|move|p2a: Shuckle|Shell Smash|p2a: Shuckle\n|-boost|p2a: Shuckle|def|1\n|-boost|p2a: Shuckle|spd|1\n|-unboost|p2a: Shuckle|atk|2\n|-unboost|p2a: Shuckle|spa|2\n|-unboost|p2a: Shuckle|spe|2\n|\n|upkeep\n|turn|3\n|\n|t:|1700763075\n|move|p1a: Aerodactyl|Earthquake|p2a: Shuckle\n|-damage|p2a: Shuckle|79\/100\n|move|p2a: Shuckle|Shell Smash|p2a: Shuckle\n|-boost|p2a: Shuckle|def|1\n|-boost|p2a: Shuckle|spd|1\n|-unboost|p2a: Shuckle|atk|2\n|-unboost|p2a: Shuckle|spa|2\n|-unboost|p2a: Shuckle|spe|2\n|\n|upkeep\n|turn|4\n|\n|t:|1700763082\n|move|p1a: Aerodactyl|Earthquake|p2a: Shuckle\n|-damage|p2a: Shuckle|69\/100\n|move|p2a: Shuckle|Shell Smash|p2a: Shuckle\n|-boost|p2a: Shuckle|def|1\n|-boost|p2a: Shuckle|spd|1\n|-unboost|p2a: Shuckle|atk|0\n|-unboost|p2a: Shuckle|spa|0\n|-unboost|p2a: Shuckle|spe|0\n|\n|upkeep\n|turn|5\n|\n|t:|1700763090\n|move|p1a: Aerodactyl|Earthquake|p2a: Shuckle\n|-damage|p2a: Shuckle|61\/100\n|move|p2a: Shuckle|Shell Smash|p2a: Shuckle\n|-boost|p2a: Shuckle|def|1\n|-boost|p2a: Shuckle|spd|1\n|-unboost|p2a: Shuckle|atk|0\n|-unboost|p2a: Shuckle|spa|0\n|-unboost|p2a: Shuckle|spe|0\n|\n|upkeep\n|turn|6\n|\n|t:|1700763098\n|move|p1a: Aerodactyl|Stone Edge|p2a: Shuckle\n|-supereffective|p2a: Shuckle\n|-damage|p2a: Shuckle|42\/100\n|move|p2a: Shuckle|Toxic|p1a: Aerodactyl\n|-status|p1a: Aerodactyl|tox\n|\n|-damage|p1a: Aerodactyl|95\/100 tox|[from] psn\n|upkeep\n|turn|7\n|\n|t:|1700763105\n|move|p1a: Aerodactyl|Stone Edge|p2a: Shuckle\n|-supereffective|p2a: Shuckle\n|-damage|p2a: Shuckle|19\/100\n|move|p2a: Shuckle|Shell Smash|p2a: Shuckle\n|-boost|p2a: Shuckle|def|1\n|-boost|p2a: Shuckle|spd|1\n|-unboost|p2a: Shuckle|atk|0\n|-unboost|p2a: Shuckle|spa|0\n|-unboost|p2a: Shuckle|spe|0\n|\n|-damage|p1a: Aerodactyl|83\/100 tox|[from] psn\n|upkeep\n|turn|8\n|\n|t:|1700763114\n|move|p1a: Aerodactyl|Stone Edge|p2a: Shuckle\n|-supereffective|p2a: Shuckle\n|-damage|p2a: Shuckle|2\/100\n|move|p2a: Shuckle|Rest|p2a: Shuckle\n|-status|p2a: Shuckle|slp|[from] move: Rest\n|-heal|p2a: Shuckle|100\/100 slp|[silent]\n|\n|-damage|p1a: Aerodactyl|65\/100 tox|[from] psn\n|upkeep\n|turn|9\n|\n|t:|1700763123\n|move|p1a: Aerodactyl|Stone Edge|p2a: Shuckle\n|-supereffective|p2a: Shuckle\n|-damage|p2a: Shuckle|83\/100 slp\n|cant|p2a: Shuckle|slp\n|\n|-damage|p1a: Aerodactyl|41\/100 tox|[from] psn\n|upkeep\n|turn|10\n|\n|t:|1700763130\n|move|p1a: Aerodactyl|Stone Edge|p2a: Shuckle\n|-supereffective|p2a: Shuckle\n|-damage|p2a: Shuckle|66\/100 slp\n|cant|p2a: Shuckle|slp\n|\n|-damage|p1a: Aerodactyl|11\/100 tox|[from] psn\n|upkeep\n|turn|11\n|\n|t:|1700763136\n|move|p1a: Aerodactyl|Stone Edge|p2a: Shuckle|[miss]\n|-miss|p1a: Aerodactyl|p2a: Shuckle\n|-curestatus|p2a: Shuckle|slp|[msg]\n|move|p2a: Shuckle|Power Split|p1a: Aerodactyl\n|-activate|p2a: Shuckle|move: Power Split|[of] p1a: Aerodactyl\n|\n|-damage|p1a: Aerodactyl|0 fnt|[from] psn\n|faint|p1a: Aerodactyl\n|upkeep\n|\n|t:|1700763144\n|switch|p1a: Charizard|Charizard, M|100\/100\n|turn|12\n|\n|t:|1700763149\n|detailschange|p1a: Charizard|Charizard-Mega-Y, M\n|-mega|p1a: Charizard|Charizard|Charizardite Y\n|-weather|SunnyDay|[from] ability: Drought|[of] p1a: Charizard\n|move|p1a: Charizard|Focus Blast|p2a: Shuckle\n|-damage|p2a: Shuckle|57\/100\n|move|p2a: Shuckle|Toxic|p1a: Charizard\n|-status|p1a: Charizard|tox\n|\n|-weather|SunnyDay|[upkeep]\n|-damage|p1a: Charizard|94\/100 tox|[from] psn\n|upkeep\n|turn|13\n|\n|t:|1700763159\n|move|p1a: Charizard|Fire Blast|p2a: Shuckle|[miss]\n|-miss|p1a: Charizard|p2a: Shuckle\n|move|p2a: Shuckle|Shell Smash|p2a: Shuckle\n|-boost|p2a: Shuckle|def|0\n|-boost|p2a: Shuckle|spd|0\n|-unboost|p2a: Shuckle|atk|0\n|-unboost|p2a: Shuckle|spa|0\n|-unboost|p2a: Shuckle|spe|0\n|\n|-weather|SunnyDay|[upkeep]\n|-damage|p1a: Charizard|82\/100 tox|[from] psn\n|upkeep\n|turn|14\n|\n|t:|1700763169\n|move|p1a: Charizard|Fire Blast|p2a: Shuckle\n|-damage|p2a: Shuckle|37\/100\n|move|p2a: Shuckle|Rest|p2a: Shuckle\n|-status|p2a: Shuckle|slp|[from] move: Rest\n|-heal|p2a: Shuckle|100\/100 slp|[silent]\n|\n|-weather|SunnyDay|[upkeep]\n|-damage|p1a: Charizard|64\/100 tox|[from] psn\n|upkeep\n|turn|15\n|n|!DaivTheBosss|daivthebosss\n|-message|DaivTheBosss forfeited.\n|\n|win|hirotoHigh\n|raw|DaivTheBosss's rating: 1068 &rarr; <strong>1046<\/strong><br \/>(-22 for losing)\n|raw|hirotoHigh's rating: 1033 &rarr; <strong>1072<\/strong><br \/>(+39 for winning)\n|l|!DaivTheBosss\n","uploadtime":1700763179,"views":3,"p1id":"daivthebosss","p2id":"hirotohigh","formatid":"gen9nationaldex","rating":1046,"private":0,"password":""}