{"id":"gen9nationaldex-1991972207","p1":"super9800","p2":"sithred8","format":"[Gen 9] National Dex","log":"|j|\u2606super9800\n|j|\u2606sithred8\n|t:|1700143935\n|gametype|singles\n|player|p1|super9800|n|1355\n|player|p2|sithred8|169|1464\n|teamsize|p1|6\n|teamsize|p2|6\n|gen|9\n|tier|[Gen 9] National Dex\n|rated|\n|rule|HP Percentage Mod: HP is shown in percentages\n|rule|Endless Battle Clause: Forcing endless battles is banned\n|rule|OHKO Clause: OHKO moves are banned\n|rule|Evasion Clause: Evasion abilities, items, and moves are banned\n|rule|Evasion Abilities Clause: Evasion abilities are banned\n|rule|Evasion Items Clause: Evasion items are banned\n|rule|Evasion Moves Clause: Evasion moves are banned\n|rule|Species Clause: Limit one of each Pok\u00e9mon\n|rule|Sleep Clause Mod: Limit one foe put to sleep\n|clearpoke\n|poke|p1|Volcanion|\n|poke|p1|Ogerpon-Wellspring, F|\n|poke|p1|Volbeat, M|\n|poke|p1|Diancie|\n|poke|p1|Urshifu-*, M|\n|poke|p1|Sigilyph, M|\n|poke|p2|Garchomp, F|\n|poke|p2|Scizor, M|\n|poke|p2|Dragonite, F|\n|poke|p2|Thundurus-Therian, M|\n|poke|p2|Ogerpon, F|\n|poke|p2|Cloyster, F|\n|teampreview\n|c|\u2606sithred8|2023-11-16 22:12:17\n|c|\u2606super9800|ok\n|\n|t:|1700143959\n|start\n|switch|p1a: Volbeat|Volbeat, M|100\/100\n|switch|p2a: Ogerpon|Ogerpon, F|100\/100\n|turn|1\n|inactive|Battle timer is ON: inactive players will automatically lose when time's up. (requested by super9800)\n|\n|t:|1700143976\n|move|p1a: Volbeat|Thunder Wave|p2a: Ogerpon\n|-status|p2a: Ogerpon|par\n|cant|p2a: Ogerpon|par\n|\n|upkeep\n|turn|2\n|\n|t:|1700143987\n|move|p1a: Volbeat|Tailwind|p1a: Volbeat\n|-sidestart|p1: super9800|move: Tailwind\n|move|p2a: Ogerpon|Encore|p1a: Volbeat\n|-start|p1a: Volbeat|Encore\n|\n|upkeep\n|turn|3\n|\n|t:|1700144004\n|switch|p1a: Volcanion|Volcanion|100\/100\n|move|p2a: Ogerpon|Knock Off|p1a: Volcanion\n|-damage|p1a: Volcanion|73\/100\n|-enditem|p1a: Volcanion|Assault Vest|[from] move: Knock Off|[of] p2a: Ogerpon\n|\n|upkeep\n|turn|4\n|\n|t:|1700144013\n|switch|p2a: Garchomp|Garchomp, F, shiny|100\/100\n|move|p1a: Volcanion|Flamethrower|p2a: Garchomp\n|-resisted|p2a: Garchomp\n|-damage|p2a: Garchomp|72\/100\n|\n|upkeep\n|turn|5\n|\n|t:|1700144027\n|switch|p1a: Sigilyph|Sigilyph, M|100\/100\n|move|p2a: Garchomp|Earthquake|p1a: Sigilyph\n|-immune|p1a: Sigilyph\n|\n|-sideend|p1: super9800|move: Tailwind\n|-status|p1a: Sigilyph|brn|[from] item: Flame Orb\n|upkeep\n|turn|6\n|\n|t:|1700144045\n|-zpower|p2a: Garchomp\n|move|p2a: Garchomp|Devastating Drake|p1a: Sigilyph|[zeffect]\n|-damage|p1a: Sigilyph|0 fnt\n|faint|p1a: Sigilyph\n|\n|upkeep\n|\n|t:|1700144051\n|switch|p1a: Urshifu|Urshifu-Rapid-Strike, M|100\/100\n|turn|7\n|\n|t:|1700144061\n|move|p2a: Garchomp|Earthquake|p1a: Urshifu\n|-damage|p1a: Urshifu|49\/100\n|move|p1a: Urshifu|Ice Spinner|p2a: Garchomp\n|-supereffective|p2a: Garchomp\n|-damage|p2a: Garchomp|0 fnt\n|-damage|p1a: Urshifu|36\/100|[from] ability: Rough Skin|[of] p2a: Garchomp\n|faint|p2a: Garchomp\n|-damage|p1a: Urshifu|26\/100|[from] item: Life Orb\n|\n|upkeep\n|\n|t:|1700144074\n|switch|p2a: Thundurus|Thundurus-Therian, M|100\/100\n|turn|8\n|\n|t:|1700144086\n|switch|p1a: Volbeat|Volbeat, M|100\/100\n|move|p2a: Thundurus|Thunderbolt|p1a: Volbeat\n|-crit|p1a: Volbeat\n|-damage|p1a: Volbeat|40\/100\n|\n|upkeep\n|turn|9\n|\n|t:|1700144101\n|move|p1a: Volbeat|Tailwind|p1a: Volbeat\n|-sidestart|p1: super9800|move: Tailwind\n|move|p2a: Thundurus|Nasty Plot|p2a: Thundurus\n|-boost|p2a: Thundurus|spa|2\n|\n|upkeep\n|turn|10\n|\n|t:|1700144108\n|move|p1a: Volbeat|Encore|p2a: Thundurus\n|-start|p2a: Thundurus|Encore\n|move|p2a: Thundurus|Nasty Plot|p2a: Thundurus\n|-boost|p2a: Thundurus|spa|2\n|\n|upkeep\n|turn|11\n|\n|t:|1700144113\n|switch|p1a: Diancie|Diancie|100\/100\n|move|p2a: Thundurus|Nasty Plot|p2a: Thundurus\n|-boost|p2a: Thundurus|spa|2\n|\n|upkeep\n|turn|12\n|\n|t:|1700144121\n|switch|p2a: Scizor|Scizor, M|100\/100\n|move|p1a: Diancie|Diamond Storm|p2a: Scizor\n|-damage|p2a: Scizor|75\/100\n|\n|-sideend|p1: super9800|move: Tailwind\n|upkeep\n|turn|13\n|\n|t:|1700144130\n|switch|p1a: Volcanion|Volcanion|73\/100\n|detailschange|p2a: Scizor|Scizor-Mega, M\n|-mega|p2a: Scizor|Scizor|Scizorite\n|move|p2a: Scizor|Bullet Punch|p1a: Volcanion\n|-resisted|p1a: Volcanion\n|-damage|p1a: Volcanion|67\/100\n|\n|upkeep\n|turn|14\n|\n|t:|1700144155\n|switch|p2a: Thundurus|Thundurus-Therian, M|100\/100\n|move|p1a: Volcanion|Flamethrower|p2a: Thundurus\n|-damage|p2a: Thundurus|31\/100\n|\n|upkeep\n|turn|15\n|\n|t:|1700144162\n|move|p2a: Thundurus|Thunderbolt|p1a: Volcanion\n|-supereffective|p1a: Volcanion\n|-damage|p1a: Volcanion|0 fnt\n|faint|p1a: Volcanion\n|\n|upkeep\n|\n|t:|1700144167\n|switch|p1a: Diancie|Diancie|100\/100\n|turn|16\n|\n|t:|1700144185\n|detailschange|p1a: Diancie|Diancie-Mega\n|-mega|p1a: Diancie|Diancie|Diancite\n|move|p1a: Diancie|Moonblast|p2a: Thundurus\n|-damage|p2a: Thundurus|0 fnt\n|faint|p2a: Thundurus\n|\n|upkeep\n|\n|t:|1700144192\n|switch|p2a: Cloyster|Cloyster, F|100\/100\n|turn|17\n|\n|t:|1700144197\n|move|p1a: Diancie|Diamond Storm|p2a: Cloyster\n|-supereffective|p2a: Cloyster\n|-damage|p2a: Cloyster|6\/100\n|-boost|p1a: Diancie|def|2\n|move|p2a: Cloyster|Shell Smash|p2a: Cloyster\n|-unboost|p2a: Cloyster|def|1\n|-unboost|p2a: Cloyster|spd|1\n|-boost|p2a: Cloyster|atk|2\n|-boost|p2a: Cloyster|spa|2\n|-boost|p2a: Cloyster|spe|2\n|\n|upkeep\n|turn|18\n|\n|t:|1700144208\n|move|p2a: Cloyster|Liquidation|p1a: Diancie\n|-supereffective|p1a: Diancie\n|-damage|p1a: Diancie|0 fnt\n|faint|p1a: Diancie\n|\n|upkeep\n|\n|t:|1700144215\n|switch|p1a: Volbeat|Volbeat, M|40\/100\n|turn|19\n|\n|t:|1700144219\n|move|p2a: Cloyster|Ice Shard|p1a: Volbeat\n|-damage|p1a: Volbeat|0 fnt\n|faint|p1a: Volbeat\n|\n|upkeep\n|\n|t:|1700144224\n|switch|p1a: Ogerpon|Ogerpon-Wellspring, F|100\/100\n|turn|20\n|\n|t:|1700144229\n|-terastallize|p1a: Ogerpon|Water\n|detailschange|p1a: Ogerpon|Ogerpon-Wellspring-Tera, F, tera:Water\n|-ability|p1a: Ogerpon|Embody Aspect (Wellspring)|boost\n|-boost|p1a: Ogerpon|spd|1\n|move|p1a: Ogerpon|Spiky Shield|p1a: Ogerpon\n|-singleturn|p1a: Ogerpon|move: Protect\n|move|p2a: Cloyster|Icicle Spear|p1a: Ogerpon\n|-activate|p1a: Ogerpon|move: Protect\n|\n|upkeep\n|turn|21\n|\n|t:|1700144242\n|move|p2a: Cloyster|Icicle Spear|p1a: Ogerpon\n|-resisted|p1a: Ogerpon\n|-damage|p1a: Ogerpon|84\/100\n|-resisted|p1a: Ogerpon\n|-damage|p1a: Ogerpon|69\/100\n|-resisted|p1a: Ogerpon\n|-damage|p1a: Ogerpon|55\/100\n|-resisted|p1a: Ogerpon\n|-damage|p1a: Ogerpon|40\/100\n|-resisted|p1a: Ogerpon\n|-damage|p1a: Ogerpon|25\/100\n|-hitcount|p1a: Ogerpon|5\n|move|p1a: Ogerpon|Horn Leech|p2a: Cloyster\n|-supereffective|p2a: Cloyster\n|-damage|p2a: Cloyster|0 fnt\n|-heal|p1a: Ogerpon|28\/100|[from] drain|[of] p2a: Cloyster\n|faint|p2a: Cloyster\n|\n|upkeep\n|\n|t:|1700144248\n|switch|p2a: Dragonite|Dragonite, F|100\/100\n|turn|22\n|\n|t:|1700144254\n|move|p1a: Ogerpon|Swords Dance|p1a: Ogerpon\n|-boost|p1a: Ogerpon|atk|2\n|move|p2a: Dragonite|Curse|p2a: Dragonite\n|-unboost|p2a: Dragonite|spe|1\n|-boost|p2a: Dragonite|atk|1\n|-boost|p2a: Dragonite|def|1\n|\n|upkeep\n|turn|23\n|\n|t:|1700144259\n|move|p1a: Ogerpon|Ivy Cudgel|p2a: Dragonite|[anim] Ivy Cudgel Water\n|-resisted|p2a: Dragonite\n|-damage|p2a: Dragonite|80\/100\n|move|p2a: Dragonite|Curse|p2a: Dragonite\n|-unboost|p2a: Dragonite|spe|1\n|-boost|p2a: Dragonite|atk|1\n|-boost|p2a: Dragonite|def|1\n|\n|upkeep\n|turn|24\n|\n|t:|1700144264\n|move|p2a: Dragonite|Extreme Speed|p1a: Ogerpon\n|-damage|p1a: Ogerpon|0 fnt\n|faint|p1a: Ogerpon\n|\n|upkeep\n|\n|t:|1700144267\n|switch|p1a: Urshifu|Urshifu-Rapid-Strike, M|26\/100\n|turn|25\n|\n|t:|1700144270\n|move|p2a: Dragonite|Extreme Speed|p1a: Urshifu\n|-damage|p1a: Urshifu|0 fnt\n|faint|p1a: Urshifu\n|\n|win|sithred8\n|raw|super9800's rating: 1355 &rarr; <strong>1341<\/strong><br \/>(-14 for losing)\n|raw|sithred8's rating: 1464 &rarr; <strong>1478<\/strong><br \/>(+14 for winning)\n|c|\u2606sithred8|gg\n|l|\u2606super9800\n|c|\u2606sithred8|2023-11-16 22:17:53\n","uploadtime":1700145946,"views":4,"p1id":"super9800","p2id":"sithred8","formatid":"gen9nationaldex","rating":1341,"private":0,"password":""}