{"id":"gen9nationaldex-1997534556","p1":"December guy","p2":"RadicalKoala","format":"[Gen 9] National Dex","log":"|html|<div class=\"broadcast-blue\"><strong>[Gen 9] National Dex is currently suspecting Sneasler! For information on how to participate check out the <a href=\"https:\/\/www.smogon.com\/forums\/threads\/sv-national-dex-suspect-8-just-dance.3731534\/\">suspect thread<\/a>.<\/strong><\/div>\n|j|\u2606December guy\n|j|\u2606RadicalKoala\n|t:|1700821632\n|gametype|singles\n|player|p1|December guy|silver|1280\n|player|p2|RadicalKoala|pokemaniac|1320\n|teamsize|p1|6\n|teamsize|p2|6\n|gen|9\n|tier|[Gen 9] National Dex\n|rated|\n|rule|HP Percentage Mod: HP is shown in percentages\n|rule|Endless Battle Clause: Forcing endless battles is banned\n|rule|OHKO Clause: OHKO moves are banned\n|rule|Evasion Clause: Evasion abilities, items, and moves are banned\n|rule|Evasion Abilities Clause: Evasion abilities are banned\n|rule|Evasion Items Clause: Evasion items are banned\n|rule|Evasion Moves Clause: Evasion moves are banned\n|rule|Species Clause: Limit one of each Pok\u00e9mon\n|rule|Sleep Clause Mod: Limit one foe put to sleep\n|clearpoke\n|poke|p1|Glimmora, M|\n|poke|p1|Greninja-*, M|\n|poke|p1|Tapu Koko|\n|poke|p1|Alomomola, F|\n|poke|p1|Great Tusk|\n|poke|p1|Charizard, M|\n|poke|p2|Ogerpon-Wellspring, F|\n|poke|p2|Great Tusk|\n|poke|p2|Pidgeot, M|\n|poke|p2|Volcarona, M|\n|poke|p2|Hatterene, F|\n|poke|p2|Dragonite, M|\n|teampreview\n|inactive|Battle timer is ON: inactive players will automatically lose when time's up. (requested by December guy)\n|\n|t:|1700821650\n|start\n|switch|p1a: Glimmora|Glimmora, M|100\/100\n|switch|p2a: Hatterene|Hatterene, F|100\/100\n|turn|1\n|\n|t:|1700821658\n|move|p1a: Glimmora|Mortal Spin|p2a: Hatterene\n|-supereffective|p2a: Hatterene\n|-damage|p2a: Hatterene|85\/100\n|-status|p2a: Hatterene|psn\n|move|p2a: Hatterene|Nuzzle|p1a: Glimmora\n|-damage|p1a: Glimmora|95\/100\n|-status|p1a: Glimmora|par\n|-activate|p1a: Glimmora|ability: Toxic Debris\n|-sidestart|p2: RadicalKoala|move: Toxic Spikes\n|\n|-heal|p2a: Hatterene|91\/100 psn|[from] item: Leftovers\n|-damage|p2a: Hatterene|79\/100 psn|[from] psn\n|upkeep\n|turn|2\n|\n|t:|1700821688\n|switch|p1a: Great Tusk|Great Tusk|100\/100\n|switch|p2a: Great Tusk|Great Tusk|100\/100\n|-status|p2a: Great Tusk|psn\n|\n|-damage|p2a: Great Tusk|88\/100 psn|[from] psn\n|upkeep\n|turn|3\n|\n|t:|1700821698\n|move|p1a: Great Tusk|Ice Spinner|p2a: Great Tusk\n|-supereffective|p2a: Great Tusk\n|-damage|p2a: Great Tusk|62\/100 psn\n|-damage|p1a: Great Tusk|84\/100|[from] item: Rocky Helmet|[of] p2a: Great Tusk\n|move|p2a: Great Tusk|Rapid Spin|p1a: Great Tusk\n|-damage|p1a: Great Tusk|72\/100\n|-boost|p2a: Great Tusk|spe|1\n|-sideend|p2: RadicalKoala|Toxic Spikes|[from] move: Rapid Spin|[of] p2a: Great Tusk\n|\n|-damage|p2a: Great Tusk|49\/100 psn|[from] psn\n|upkeep\n|turn|4\n|\n|t:|1700821711\n|-end|p1a: Great Tusk|Protosynthesis|[silent]\n|switch|p1a: Alomomola|Alomomola, F|100\/100\n|move|p2a: Great Tusk|Knock Off|p1a: Alomomola\n|-damage|p1a: Alomomola|87\/100\n|-enditem|p1a: Alomomola|Leftovers|[from] move: Knock Off|[of] p2a: Great Tusk\n|\n|-damage|p2a: Great Tusk|37\/100 psn|[from] psn\n|upkeep\n|turn|5\n|\n|t:|1700821721\n|-end|p2a: Great Tusk|Protosynthesis|[silent]\n|switch|p2a: Ogerpon|Ogerpon-Wellspring, F|100\/100\n|move|p1a: Alomomola|Wish|p1a: Alomomola\n|\n|upkeep\n|turn|6\n|\n|t:|1700821734\n|switch|p1a: Glimmora|Glimmora, M|95\/100 par\n|move|p2a: Ogerpon|Trailblaze|p1a: Glimmora\n|-damage|p1a: Glimmora|57\/100 par\n|-boost|p2a: Ogerpon|spe|1\n|-activate|p1a: Glimmora|ability: Toxic Debris\n|-sidestart|p2: RadicalKoala|move: Toxic Spikes\n|\n|-heal|p1a: Glimmora|100\/100 par|[from] move: Wish|[wisher] Alomomola\n|upkeep\n|turn|7\n|\n|t:|1700821746\n|-terastallize|p2a: Ogerpon|Water\n|detailschange|p2a: Ogerpon|Ogerpon-Wellspring-Tera, F, tera:Water\n|-ability|p2a: Ogerpon|Embody Aspect (Wellspring)|boost\n|-boost|p2a: Ogerpon|spd|1\n|move|p2a: Ogerpon|Swords Dance|p2a: Ogerpon\n|-boost|p2a: Ogerpon|atk|2\n|move|p1a: Glimmora|Stealth Rock|p2a: Ogerpon\n|-sidestart|p2: RadicalKoala|move: Stealth Rock\n|\n|upkeep\n|turn|8\n|\n|t:|1700821758\n|move|p2a: Ogerpon|Ivy Cudgel|p1a: Glimmora|[anim] Ivy Cudgel Water\n|-supereffective|p1a: Glimmora\n|-enditem|p1a: Glimmora|Focus Sash\n|-damage|p1a: Glimmora|1\/100 par\n|-activate|p1a: Glimmora|ability: Toxic Debris\n|-sidestart|p2: RadicalKoala|move: Toxic Spikes\n|move|p1a: Glimmora|Mortal Spin|p2a: Ogerpon\n|-damage|p2a: Ogerpon|91\/100\n|-status|p2a: Ogerpon|psn\n|\n|-damage|p2a: Ogerpon|79\/100 psn|[from] psn\n|upkeep\n|turn|9\n|\n|t:|1700821771\n|move|p2a: Ogerpon|Trailblaze|p1a: Glimmora\n|-damage|p1a: Glimmora|0 fnt\n|-boost|p2a: Ogerpon|spe|1\n|faint|p1a: Glimmora\n|\n|-damage|p2a: Ogerpon|67\/100 psn|[from] psn\n|upkeep\n|\n|t:|1700821787\n|switch|p1a: Charizard|Charizard, M|100\/100\n|turn|10\n|\n|t:|1700821792\n|detailschange|p1a: Charizard|Charizard-Mega-X, M\n|-mega|p1a: Charizard|Charizard|Charizardite X\n|move|p2a: Ogerpon|Ivy Cudgel|p1a: Charizard|[anim] Ivy Cudgel Water\n|-damage|p1a: Charizard|0 fnt\n|faint|p1a: Charizard\n|\n|-damage|p2a: Ogerpon|54\/100 psn|[from] psn\n|upkeep\n|-message|December guy forfeited.\n|\n|win|RadicalKoala\n|raw|December guy's rating: 1280 &rarr; <strong>1258<\/strong><br \/>(-22 for losing)\n|raw|RadicalKoala's rating: 1320 &rarr; <strong>1338<\/strong><br \/>(+18 for winning)\n|l|\u2606December guy\n","uploadtime":1700821806,"views":6,"p1id":"decemberguy","p2id":"radicalkoala","formatid":"gen9nationaldex","rating":1258,"private":0,"password":""}