{"id":"gen9nationaldex-1988952989","p1":"DerGallaMan12","p2":"dadi02","format":"[Gen 9] National Dex","log":"|j|\u2606DerGallaMan12\n|j|\u2606dadi02\n|t:|1699793699\n|gametype|singles\n|player|p1|DerGallaMan12|pokemaniac|1383\n|player|p2|dadi02|guitarist|1360\n|teamsize|p1|6\n|teamsize|p2|6\n|gen|9\n|tier|[Gen 9] National Dex\n|rated|\n|rule|HP Percentage Mod: HP is shown in percentages\n|rule|Endless Battle Clause: Forcing endless battles is banned\n|rule|OHKO Clause: OHKO moves are banned\n|rule|Evasion Clause: Evasion abilities, items, and moves are banned\n|rule|Evasion Abilities Clause: Evasion abilities are banned\n|rule|Evasion Items Clause: Evasion items are banned\n|rule|Evasion Moves Clause: Evasion moves are banned\n|rule|Species Clause: Limit one of each Pok\u00e9mon\n|rule|Sleep Clause Mod: Limit one foe put to sleep\n|clearpoke\n|poke|p1|Slowking-Galar, M|\n|poke|p1|Tapu Lele|\n|poke|p1|Pinsir, F|\n|poke|p1|Celesteela|\n|poke|p1|Landorus-Therian, M|\n|poke|p1|Grimmsnarl, M|\n|poke|p2|Marowak-Alola, F|\n|poke|p2|Audino, M|\n|poke|p2|Exploud, M|\n|poke|p2|Porygon2|\n|poke|p2|Ursaluna, F|\n|poke|p2|Mr. Mime-Galar, F|\n|teampreview\n|inactive|Battle timer is ON: inactive players will automatically lose when time's up. (requested by DerGallaMan12)\n|\n|t:|1699793719\n|start\n|switch|p1a: Grimmsnarl|Grimmsnarl, M|100\/100\n|switch|p2a: Porygon2|Porygon2|100\/100\n|-ability|p2a: Porygon2|Prankster|[from] ability: Trace|[of] p1a: Grimmsnarl\n|turn|1\n|\n|t:|1699793729\n|move|p1a: Grimmsnarl|Thunder Wave|p2a: Porygon2\n|-status|p2a: Porygon2|par\n|move|p2a: Porygon2|Ice Beam|p1a: Grimmsnarl\n|-damage|p1a: Grimmsnarl|84\/100\n|\n|-heal|p1a: Grimmsnarl|90\/100|[from] item: Leftovers\n|upkeep\n|turn|2\n|\n|t:|1699793753\n|move|p1a: Grimmsnarl|Parting Shot|p2a: Porygon2\n|-unboost|p2a: Porygon2|atk|1\n|-unboost|p2a: Porygon2|spa|1\n|\n|t:|1699793764\n|switch|p1a: Pinsir|Pinsir, F|100\/100|[from] Parting Shot\n|move|p2a: Porygon2|Trick Room|p2a: Porygon2\n|-fieldstart|move: Trick Room|[of] p2a: Porygon2\n|\n|upkeep\n|turn|3\n|\n|t:|1699793771\n|move|p1a: Pinsir|Swords Dance|p1a: Pinsir\n|-boost|p1a: Pinsir|atk|2\n|cant|p2a: Porygon2|par\n|\n|upkeep\n|turn|4\n|\n|t:|1699793780\n|move|p1a: Pinsir|Swords Dance|p1a: Pinsir\n|-boost|p1a: Pinsir|atk|2\n|move|p2a: Porygon2|Teleport|p2a: Porygon2\n|\n|t:|1699793792\n|switch|p2a: Marowak|Marowak-Alola, F, shiny|100\/100|[from] Teleport\n|\n|upkeep\n|turn|5\n|\n|t:|1699793799\n|detailschange|p1a: Pinsir|Pinsir-Mega, F\n|-mega|p1a: Pinsir|Pinsir|Pinsirite\n|move|p1a: Pinsir|Quick Attack|p2a: Marowak\n|-damage|p2a: Marowak|23\/100\n|move|p2a: Marowak|Flare Blitz|p1a: Pinsir\n|-supereffective|p1a: Pinsir\n|-damage|p1a: Pinsir|0 fnt\n|faint|p1a: Pinsir\n|\n|upkeep\n|\n|t:|1699793810\n|switch|p1a: Landorus|Landorus-Therian, M|100\/100\n|-ability|p1a: Landorus|Intimidate|boost\n|-unboost|p2a: Marowak|atk|1\n|turn|6\n|\n|t:|1699793830\n|move|p2a: Marowak|Flare Blitz|p1a: Landorus\n|-damage|p1a: Landorus|27\/100\n|-damage|p2a: Marowak|7\/100|[from] item: Rocky Helmet|[of] p1a: Landorus\n|move|p1a: Landorus|Stealth Rock|p2a: Marowak\n|-sidestart|p2: dadi02|move: Stealth Rock\n|\n|-fieldend|move: Trick Room\n|upkeep\n|turn|7\n|inactive|DerGallaMan12 has 120 seconds left.\n|inactive|DerGallaMan12 has 90 seconds left.\n|\n|t:|1699793906\n|switch|p2a: Porygon2|Porygon2|100\/100 par\n|-damage|p2a: Porygon2|88\/100 par|[from] Stealth Rock\n|-ability|p2a: Porygon2|Intimidate|boost\n|-unboost|p1a: Landorus|atk|1\n|-ability|p2a: Porygon2|Intimidate|[from] ability: Trace|[of] p1a: Landorus\n|move|p1a: Landorus|U-turn|p2a: Porygon2\n|-damage|p2a: Porygon2|80\/100 par\n|\n|t:|1699793926\n|switch|p1a: Celesteela|Celesteela|100\/100|[from] U-turn\n|\n|upkeep\n|turn|8\n|\n|t:|1699793933\n|move|p1a: Celesteela|Leech Seed|p2a: Porygon2\n|-start|p2a: Porygon2|move: Leech Seed\n|move|p2a: Porygon2|Trick Room|p2a: Porygon2\n|-fieldstart|move: Trick Room|[of] p2a: Porygon2\n|\n|-damage|p2a: Porygon2|68\/100 par|[from] Leech Seed|[of] p1a: Celesteela\n|upkeep\n|turn|9\n|\n|t:|1699793942\n|move|p1a: Celesteela|Flamethrower|p2a: Porygon2\n|-damage|p2a: Porygon2|54\/100 par\n|move|p2a: Porygon2|Teleport|p2a: Porygon2\n|\n|t:|1699793960\n|switch|p2a: Ursaluna|Ursaluna, F|100\/100|[from] Teleport\n|-damage|p2a: Ursaluna|94\/100|[from] Stealth Rock\n|\n|-status|p2a: Ursaluna|brn|[from] item: Flame Orb\n|upkeep\n|turn|10\n|\n|t:|1699793973\n|move|p2a: Ursaluna|Swords Dance|p2a: Ursaluna\n|-boost|p2a: Ursaluna|atk|2\n|move|p1a: Celesteela|Leech Seed|p2a: Ursaluna\n|-start|p2a: Ursaluna|move: Leech Seed\n|\n|-damage|p2a: Ursaluna|82\/100 brn|[from] Leech Seed|[of] p1a: Celesteela\n|-damage|p2a: Ursaluna|75\/100 brn|[from] brn\n|upkeep\n|turn|11\n|inactive|DerGallaMan12 has 90 seconds left.\n|\n|t:|1699793986\n|move|p2a: Ursaluna|Fire Punch|p1a: Celesteela\n|-supereffective|p1a: Celesteela\n|-damage|p1a: Celesteela|0 fnt\n|faint|p1a: Celesteela\n|\n|-damage|p2a: Ursaluna|69\/100 brn|[from] brn\n|upkeep\n|\n|t:|1699793993\n|switch|p1a: Landorus|Landorus-Therian, M|27\/100\n|-ability|p1a: Landorus|Intimidate|boost\n|-unboost|p2a: Ursaluna|atk|1\n|turn|12\n|inactive|DerGallaMan12 has 90 seconds left.\n|\n|t:|1699794016\n|move|p2a: Ursaluna|Facade|p1a: Landorus\n|-damage|p1a: Landorus|0 fnt\n|-damage|p2a: Ursaluna|53\/100 brn|[from] item: Rocky Helmet|[of] p1a: Landorus\n|faint|p1a: Landorus\n|\n|-damage|p2a: Ursaluna|46\/100 brn|[from] brn\n|-fieldend|move: Trick Room\n|upkeep\n|\n|t:|1699794025\n|switch|p1a: Nuke 1|Tapu Lele|100\/100\n|-fieldstart|move: Psychic Terrain|[from] ability: Psychic Surge|[of] p1a: Nuke 1\n|turn|13\n|\n|t:|1699794036\n|switch|p2a: Mr. Mime|Mr. Mime-Galar, F|100\/100\n|-damage|p2a: Mr. Mime|76\/100|[from] Stealth Rock\n|-terastallize|p1a: Nuke 1|Psychic\n|move|p1a: Nuke 1|Psychic|p2a: Mr. Mime\n|-resisted|p2a: Mr. Mime\n|-damage|p2a: Mr. Mime|43\/100\n|\n|upkeep\n|turn|14\n|\n|t:|1699794047\n|move|p1a: Nuke 1|Psychic|p2a: Mr. Mime\n|-resisted|p2a: Mr. Mime\n|-damage|p2a: Mr. Mime|11\/100\n|move|p2a: Mr. Mime|Trick Room|p2a: Mr. Mime\n|-fieldstart|move: Trick Room|[of] p2a: Mr. Mime\n|\n|upkeep\n|turn|15\n|\n|t:|1699794053\n|move|p2a: Mr. Mime|Healing Wish|p2a: Mr. Mime\n|faint|p2a: Mr. Mime\n|move|p1a: Nuke 1|Psychic|p2: Mr. Mime|[notarget]\n|-fail|p1a: Nuke 1\n|\n|upkeep\n|\n|t:|1699794080\n|switch|p2a: Marowak|Marowak-Alola, F, shiny|7\/100\n|-heal|p2a: Marowak|100\/100|[from] move: Healing Wish\n|-damage|p2a: Marowak|75\/100|[from] Stealth Rock\n|turn|16\n|inactive|DerGallaMan12 has 90 seconds left.\n|inactive|DerGallaMan12 has 60 seconds left.\n|\n|t:|1699794127\n|switch|p1a: Grimmsnarl|Grimmsnarl, M|90\/100\n|-terastallize|p2a: Marowak|Fire\n|move|p2a: Marowak|Flare Blitz|p1a: Grimmsnarl\n|-damage|p1a: Grimmsnarl|0 fnt\n|faint|p1a: Grimmsnarl\n|\n|upkeep\n|inactive|DerGallaMan12 has 30 seconds left.\n|inactive|DerGallaMan12 has 20 seconds left.\n|inactive|DerGallaMan12 has 15 seconds left.\n|inactive|DerGallaMan12 has 10 seconds left.\n|c|\u2606dadi02|\u771f\u7684\u78e8\u53fd\n|inactive|DerGallaMan12 has 5 seconds left.\n|-message|DerGallaMan12 lost due to inactivity.\n|\n|win|dadi02\n|raw|DerGallaMan12's rating: 1383 &rarr; <strong>1362<\/strong><br \/>(-21 for losing)\n|raw|dadi02's rating: 1360 &rarr; <strong>1381<\/strong><br \/>(+21 for winning)\n|l|\u2606DerGallaMan12\n","uploadtime":1699794229,"views":10,"p1id":"dergallaman12","p2id":"dadi02","formatid":"gen9nationaldex","rating":1362,"private":0,"password":""}