{"id":"gen9nationaldex-1995278755","p1":"ashergr","p2":"daniel241595","format":"[Gen 9] National Dex","log":"|html|<div class=\"broadcast-blue\"><strong>[Gen 9] National Dex is currently suspecting Sneasler! For information on how to participate check out the <a href=\"https:\/\/www.smogon.com\/forums\/threads\/sv-national-dex-suspect-8-just-dance.3731534\/\">suspect thread<\/a>.<\/strong><\/div>\n|j|\u2606ashergr\n|j|\u2606daniel241595\n|t:|1700545770\n|gametype|singles\n|player|p1|ashergr|red|1381\n|player|p2|daniel241595|gambler|1456\n|teamsize|p1|6\n|teamsize|p2|6\n|gen|9\n|tier|[Gen 9] National Dex\n|rated|\n|rule|HP Percentage Mod: HP is shown in percentages\n|rule|Endless Battle Clause: Forcing endless battles is banned\n|rule|OHKO Clause: OHKO moves are banned\n|rule|Evasion Clause: Evasion abilities, items, and moves are banned\n|rule|Evasion Abilities Clause: Evasion abilities are banned\n|rule|Evasion Items Clause: Evasion items are banned\n|rule|Evasion Moves Clause: Evasion moves are banned\n|rule|Species Clause: Limit one of each Pok\u00e9mon\n|rule|Sleep Clause Mod: Limit one foe put to sleep\n|clearpoke\n|poke|p1|Pelipper, F|\n|poke|p1|Swampert, F|\n|poke|p1|Urshifu-*, F|\n|poke|p1|Manaphy|\n|poke|p1|Ferrothorn, F|\n|poke|p1|Heatran, F|\n|poke|p2|Arcanine, M|\n|poke|p2|Flygon, F|\n|poke|p2|Empoleon, M|\n|poke|p2|Eelektross, F|\n|poke|p2|Florges, F|\n|poke|p2|Kleavor, M|\n|teampreview\n|inactive|Battle timer is ON: inactive players will automatically lose when time's up. (requested by daniel241595)\n|\n|t:|1700545780\n|start\n|switch|p1a: Pelipper|Pelipper, F|100\/100\n|switch|p2a: Eelektross|Eelektross, F|100\/100\n|-weather|RainDance|[from] ability: Drizzle|[of] p1a: Pelipper\n|turn|1\n|\n|t:|1700545799\n|switch|p1a: Ferrothorn|Ferrothorn, F|100\/100\n|move|p2a: Eelektross|Volt Switch|p1a: Ferrothorn\n|-resisted|p1a: Ferrothorn\n|-damage|p1a: Ferrothorn|89\/100\n|\n|t:|1700545817\n|switch|p2a: Arcanine|Arcanine, M, shiny|100\/100|[from] Volt Switch\n|-ability|p2a: Arcanine|Intimidate|boost\n|-unboost|p1a: Ferrothorn|atk|1\n|\n|-weather|RainDance|[upkeep]\n|-heal|p1a: Ferrothorn|95\/100|[from] item: Leftovers\n|upkeep\n|turn|2\n|\n|t:|1700545842\n|-terastallize|p1a: Ferrothorn|Water\n|move|p2a: Arcanine|Close Combat|p1a: Ferrothorn\n|-damage|p1a: Ferrothorn|49\/100\n|-unboost|p2a: Arcanine|def|1\n|-unboost|p2a: Arcanine|spd|1\n|-damage|p2a: Arcanine|88\/100|[from] ability: Iron Barbs|[of] p1a: Ferrothorn\n|move|p1a: Ferrothorn|Leech Seed|p2a: Arcanine\n|-start|p2a: Arcanine|move: Leech Seed\n|\n|-weather|RainDance|[upkeep]\n|-heal|p1a: Ferrothorn|55\/100|[from] item: Leftovers\n|-damage|p2a: Arcanine|76\/100|[from] Leech Seed|[of] p1a: Ferrothorn\n|-heal|p1a: Ferrothorn|69\/100|[silent]\n|upkeep\n|turn|3\n|\n|t:|1700545855\n|switch|p2a: Eelektross|Eelektross, F|100\/100\n|move|p1a: Ferrothorn|Protect||[still]\n|-fail|p1a: Ferrothorn\n|\n|-weather|RainDance|[upkeep]\n|-heal|p1a: Ferrothorn|75\/100|[from] item: Leftovers\n|upkeep\n|turn|4\n|\n|t:|1700545864\n|switch|p1a: Heatran|Heatran, F|100\/100\n|move|p2a: Eelektross|Giga Drain|p1a: Heatran\n|-resisted|p1a: Heatran\n|-damage|p1a: Heatran|97\/100\n|\n|-weather|RainDance|[upkeep]\n|-heal|p1a: Heatran|100\/100|[from] item: Leftovers\n|upkeep\n|turn|5\n|\n|t:|1700545873\n|move|p1a: Heatran|Flamethrower|p2a: Eelektross\n|-damage|p2a: Eelektross|87\/100\n|move|p2a: Eelektross|Volt Switch|p1a: Heatran\n|-damage|p1a: Heatran|78\/100\n|\n|t:|1700545896\n|switch|p2a: Flygon|Flygon, F|100\/100|[from] Volt Switch\n|\n|-weather|RainDance|[upkeep]\n|-heal|p1a: Heatran|85\/100|[from] item: Leftovers\n|upkeep\n|turn|6\n|\n|t:|1700545906\n|switch|p1a: Ferrothorn|Ferrothorn, F, tera:Water|75\/100\n|move|p2a: Flygon|Dragon Dance|p2a: Flygon\n|-boost|p2a: Flygon|atk|1\n|-boost|p2a: Flygon|spe|1\n|\n|-weather|RainDance|[upkeep]\n|-heal|p1a: Ferrothorn|81\/100|[from] item: Leftovers\n|upkeep\n|turn|7\n|\n|t:|1700545915\n|move|p2a: Flygon|Earthquake|p1a: Ferrothorn\n|-damage|p1a: Ferrothorn|22\/100\n|-damage|p2a: Flygon|91\/100|[from] item: Life Orb\n|move|p1a: Ferrothorn|Toxic|p2a: Flygon\n|-status|p2a: Flygon|tox\n|\n|-weather|RainDance|[upkeep]\n|-heal|p1a: Ferrothorn|29\/100|[from] item: Leftovers\n|-damage|p2a: Flygon|85\/100 tox|[from] psn\n|upkeep\n|turn|8\n|\n|t:|1700545932\n|switch|p2a: Eelektross|Eelektross, F|87\/100\n|move|p1a: Ferrothorn|Protect||[still]\n|-fail|p1a: Ferrothorn\n|\n|-weather|none\n|-heal|p1a: Ferrothorn|35\/100|[from] item: Leftovers\n|upkeep\n|turn|9\n|\n|t:|1700545939\n|switch|p1a: Heatran|Heatran, F|85\/100\n|move|p2a: Eelektross|Volt Switch|p1a: Heatran\n|-damage|p1a: Heatran|63\/100\n|\n|t:|1700545959\n|switch|p2a: Empoleon|Empoleon, M|100\/100|[from] Volt Switch\n|\n|-heal|p1a: Heatran|69\/100|[from] item: Leftovers\n|upkeep\n|turn|10\n|\n|t:|1700545973\n|switch|p1a: Pelipper|Pelipper, F|100\/100\n|-weather|RainDance|[from] ability: Drizzle|[of] p1a: Pelipper\n|switch|p2a: Eelektross|Eelektross, F|87\/100\n|\n|-weather|RainDance|[upkeep]\n|upkeep\n|turn|11\n|\n|t:|1700545982\n|switch|p1a: Swampert|Swampert, F|100\/100\n|move|p2a: Eelektross|Giga Drain|p1a: Swampert\n|-supereffective|p1a: Swampert\n|-damage|p1a: Swampert|0 fnt\n|-heal|p2a: Eelektross|100\/100|[from] drain|[of] p1a: Swampert\n|faint|p1a: Swampert\n|\n|-weather|RainDance|[upkeep]\n|upkeep\n|\n|t:|1700545993\n|switch|p1a: Urshifu|Urshifu-Rapid-Strike, F|100\/100\n|turn|12\n|\n|t:|1700546000\n|switch|p2a: Empoleon|Empoleon, M|100\/100\n|move|p1a: Urshifu|Surging Strikes|p2a: Empoleon\n|-resisted|p2a: Empoleon\n|-crit|p2a: Empoleon\n|-damage|p2a: Empoleon|89\/100\n|-resisted|p2a: Empoleon\n|-crit|p2a: Empoleon\n|-damage|p2a: Empoleon|78\/100\n|-resisted|p2a: Empoleon\n|-crit|p2a: Empoleon\n|-damage|p2a: Empoleon|69\/100\n|-hitcount|p2a: Empoleon|3\n|\n|-weather|RainDance|[upkeep]\n|upkeep\n|turn|13\n|\n|t:|1700546015\n|switch|p1a: Ferrothorn|Ferrothorn, F, tera:Water|35\/100\n|move|p2a: Empoleon|Scald|p1a: Ferrothorn\n|-resisted|p1a: Ferrothorn\n|-damage|p1a: Ferrothorn|20\/100\n|\n|-weather|RainDance|[upkeep]\n|-heal|p1a: Ferrothorn|26\/100|[from] item: Leftovers\n|upkeep\n|turn|14\n|\n|t:|1700546029\n|switch|p2a: Kleavor|Kleavor, M|100\/100\n|move|p1a: Ferrothorn|Leech Seed|p2a: Kleavor\n|-start|p2a: Kleavor|move: Leech Seed\n|\n|-weather|RainDance|[upkeep]\n|-heal|p1a: Ferrothorn|32\/100|[from] item: Leftovers\n|-damage|p2a: Kleavor|88\/100|[from] Leech Seed|[of] p1a: Ferrothorn\n|-heal|p1a: Ferrothorn|42\/100|[silent]\n|upkeep\n|turn|15\n|\n|t:|1700546037\n|switch|p2a: Eelektross|Eelektross, F|100\/100\n|move|p1a: Ferrothorn|Protect||[still]\n|-fail|p1a: Ferrothorn\n|\n|-weather|RainDance|[upkeep]\n|-heal|p1a: Ferrothorn|49\/100|[from] item: Leftovers\n|upkeep\n|turn|16\n|\n|t:|1700546045\n|move|p1a: Ferrothorn|Protect|p1a: Ferrothorn\n|-singleturn|p1a: Ferrothorn|Protect\n|move|p2a: Eelektross|Volt Switch|p1a: Ferrothorn\n|-activate|p1a: Ferrothorn|move: Protect\n|\n|-weather|RainDance|[upkeep]\n|-heal|p1a: Ferrothorn|55\/100|[from] item: Leftovers\n|upkeep\n|turn|17\n|\n|t:|1700546054\n|switch|p1a: Heatran|Heatran, F|69\/100\n|move|p2a: Eelektross|Giga Drain|p1a: Heatran\n|-resisted|p1a: Heatran\n|-damage|p1a: Heatran|65\/100\n|\n|-weather|none\n|-heal|p1a: Heatran|71\/100|[from] item: Leftovers\n|upkeep\n|turn|18\n|\n|t:|1700546062\n|move|p1a: Heatran|Flamethrower|p2a: Eelektross\n|-damage|p2a: Eelektross|74\/100\n|move|p2a: Eelektross|Volt Switch|p1a: Heatran\n|-damage|p1a: Heatran|50\/100\n|\n|t:|1700546070\n|switch|p2a: Kleavor|Kleavor, M|88\/100|[from] Volt Switch\n|\n|-heal|p1a: Heatran|56\/100|[from] item: Leftovers\n|upkeep\n|turn|19\n|\n|t:|1700546084\n|switch|p1a: Ferrothorn|Ferrothorn, F, tera:Water|55\/100\n|move|p2a: Kleavor|Stone Axe|p1a: Ferrothorn\n|-damage|p1a: Ferrothorn|14\/100\n|-damage|p2a: Kleavor|76\/100|[from] ability: Iron Barbs|[of] p1a: Ferrothorn\n|-sidestart|p1: ashergr|move: Stealth Rock\n|\n|-heal|p1a: Ferrothorn|21\/100|[from] item: Leftovers\n|upkeep\n|turn|20\n|\n|t:|1700546102\n|move|p2a: Kleavor|Stone Axe|p1a: Ferrothorn|[miss]\n|-miss|p2a: Kleavor|p1a: Ferrothorn\n|move|p1a: Ferrothorn|Leech Seed|p2a: Kleavor\n|-start|p2a: Kleavor|move: Leech Seed\n|\n|-heal|p1a: Ferrothorn|27\/100|[from] item: Leftovers\n|-damage|p2a: Kleavor|63\/100|[from] Leech Seed|[of] p1a: Ferrothorn\n|-heal|p1a: Ferrothorn|37\/100|[silent]\n|upkeep\n|turn|21\n|\n|t:|1700546109\n|switch|p2a: Eelektross|Eelektross, F|74\/100\n|move|p1a: Ferrothorn|Protect||[still]\n|-fail|p1a: Ferrothorn\n|\n|-heal|p1a: Ferrothorn|43\/100|[from] item: Leftovers\n|upkeep\n|turn|22\n|\n|t:|1700546116\n|switch|p1a: Heatran|Heatran, F|56\/100\n|-damage|p1a: Heatran|44\/100|[from] Stealth Rock\n|move|p2a: Eelektross|Volt Switch|p1a: Heatran\n|-damage|p1a: Heatran|23\/100\n|\n|t:|1700546133\n|switch|p2a: Florges|Florges, F|100\/100|[from] Volt Switch\n|\n|-heal|p1a: Heatran|29\/100|[from] item: Leftovers\n|upkeep\n|turn|23\n|\n|t:|1700546142\n|switch|p1a: Pelipper|Pelipper, F|100\/100\n|-damage|p1a: Pelipper|75\/100|[from] Stealth Rock\n|-weather|RainDance|[from] ability: Drizzle|[of] p1a: Pelipper\n|move|p2a: Florges|Aromatherapy|p2a: Florges\n|-activate|p2a: Florges|move: Aromatherapy\n|-curestatus|p2: Flygon|tox|[msg]\n|\n|-weather|RainDance|[upkeep]\n|upkeep\n|turn|24\n|\n|t:|1700546152\n|move|p2a: Florges|Moonblast|p1a: Pelipper\n|-damage|p1a: Pelipper|27\/100\n|-unboost|p1a: Pelipper|spa|1\n|move|p1a: Pelipper|Defog|p2a: Florges\n|-unboost|p2a: Florges|evasion|1\n|-sideend|p1: ashergr|Stealth Rock|[from] move: Defog|[of] p1a: Pelipper\n|\n|-weather|RainDance|[upkeep]\n|upkeep\n|turn|25\n|\n|t:|1700546163\n|switch|p1a: Manaphy|Manaphy|100\/100\n|move|p2a: Florges|Moonblast|p1a: Manaphy\n|-damage|p1a: Manaphy|62\/100\n|\n|-weather|RainDance|[upkeep]\n|upkeep\n|turn|26\n|\n|t:|1700546171\n|move|p1a: Manaphy|Tail Glow|p1a: Manaphy\n|-boost|p1a: Manaphy|spa|3\n|move|p2a: Florges|Moonblast|p1a: Manaphy\n|-damage|p1a: Manaphy|27\/100\n|\n|-weather|RainDance|[upkeep]\n|upkeep\n|turn|27\n|\n|t:|1700546183\n|switch|p2a: Empoleon|Empoleon, M|69\/100\n|move|p1a: Manaphy|Surf|p2a: Empoleon\n|-resisted|p2a: Empoleon\n|-damage|p2a: Empoleon|7\/100\n|\n|-weather|RainDance|[upkeep]\n|upkeep\n|turn|28\n|\n|t:|1700546190\n|move|p1a: Manaphy|Energy Ball|p2a: Empoleon\n|-damage|p2a: Empoleon|0 fnt\n|faint|p2a: Empoleon\n|\n|-weather|RainDance|[upkeep]\n|upkeep\n|\n|t:|1700546199\n|switch|p2a: Kleavor|Kleavor, M|63\/100\n|turn|29\n|\n|t:|1700546204\n|move|p2a: Kleavor|Stone Axe|p1a: Manaphy\n|-damage|p1a: Manaphy|0 fnt\n|-sidestart|p1: ashergr|move: Stealth Rock\n|faint|p1a: Manaphy\n|\n|-weather|RainDance|[upkeep]\n|upkeep\n|\n|t:|1700546210\n|switch|p1a: Urshifu|Urshifu-Rapid-Strike, F|100\/100\n|-damage|p1a: Urshifu|94\/100|[from] Stealth Rock\n|turn|30\n|\n|t:|1700546229\n|move|p1a: Urshifu|Surging Strikes|p2a: Kleavor\n|-supereffective|p2a: Kleavor\n|-crit|p2a: Kleavor\n|-damage|p2a: Kleavor|0 fnt\n|faint|p2a: Kleavor\n|-hitcount|p2: Kleavor|1\n|\n|-weather|none\n|upkeep\n|\n|t:|1700546248\n|switch|p2a: Florges|Florges, F|100\/100\n|turn|31\n|\n|t:|1700546257\n|move|p1a: Urshifu|Surging Strikes|p2a: Florges\n|-crit|p2a: Florges\n|-damage|p2a: Florges|84\/100\n|-crit|p2a: Florges\n|-damage|p2a: Florges|68\/100\n|-crit|p2a: Florges\n|-damage|p2a: Florges|50\/100\n|-hitcount|p2a: Florges|3\n|move|p2a: Florges|Moonblast|p1a: Urshifu\n|-supereffective|p1a: Urshifu\n|-damage|p1a: Urshifu|0 fnt\n|faint|p1a: Urshifu\n|\n|-heal|p2a: Florges|56\/100|[from] item: Leftovers\n|upkeep\n|\n|t:|1700546268\n|switch|p1a: Ferrothorn|Ferrothorn, F, tera:Water|43\/100\n|-damage|p1a: Ferrothorn|31\/100|[from] Stealth Rock\n|turn|32\n|\n|t:|1700546281\n|move|p2a: Florges|Moonblast|p1a: Ferrothorn\n|-damage|p1a: Ferrothorn|8\/100\n|move|p1a: Ferrothorn|Leech Seed|p2a: Florges\n|-start|p2a: Florges|move: Leech Seed\n|\n|-heal|p2a: Florges|62\/100|[from] item: Leftovers\n|-heal|p1a: Ferrothorn|14\/100|[from] item: Leftovers\n|-damage|p2a: Florges|50\/100|[from] Leech Seed|[of] p1a: Ferrothorn\n|-heal|p1a: Ferrothorn|27\/100|[silent]\n|upkeep\n|turn|33\n|\n|t:|1700546291\n|switch|p2a: Eelektross|Eelektross, F|74\/100\n|move|p1a: Ferrothorn|Protect||[still]\n|-fail|p1a: Ferrothorn\n|\n|-heal|p1a: Ferrothorn|33\/100|[from] item: Leftovers\n|upkeep\n|turn|34\n|\n|t:|1700546298\n|switch|p1a: Heatran|Heatran, F|29\/100\n|-damage|p1a: Heatran|16\/100|[from] Stealth Rock\n|move|p2a: Eelektross|Volt Switch|p1a: Heatran\n|-damage|p1a: Heatran|0 fnt\n|faint|p1a: Heatran\n|-message|ashergr forfeited.\n|\n|win|daniel241595\n|raw|ashergr's rating: 1381 &rarr; <strong>1365<\/strong><br \/>(-16 for losing)\n|raw|daniel241595's rating: 1456 &rarr; <strong>1472<\/strong><br \/>(+16 for winning)\n|l|\u2606ashergr\n","uploadtime":1700546310,"views":11,"p1id":"ashergr","p2id":"daniel241595","formatid":"gen9nationaldex","rating":1365,"private":0,"password":""}