{"id":"gen9nationaldex-1995479642","p1":"OceanicGamer3","p2":"JuicyJK","format":"[Gen 9] National Dex","log":"|html|<div class=\"broadcast-blue\"><strong>[Gen 9] National Dex is currently suspecting Sneasler! For information on how to participate check out the <a href=\"https:\/\/www.smogon.com\/forums\/threads\/sv-national-dex-suspect-8-just-dance.3731534\/\">suspect thread<\/a>.<\/strong><\/div>\n|j|\u2606OceanicGamer3\n|j|\u2606JuicyJK\n|t:|1700575405\n|gametype|singles\n|player|p1|OceanicGamer3|bugcatcher-gen4dp|1282\n|player|p2|JuicyJK|169|1261\n|teamsize|p1|6\n|teamsize|p2|6\n|gen|9\n|tier|[Gen 9] National Dex\n|rated|\n|rule|HP Percentage Mod: HP is shown in percentages\n|rule|Endless Battle Clause: Forcing endless battles is banned\n|rule|OHKO Clause: OHKO moves are banned\n|rule|Evasion Clause: Evasion abilities, items, and moves are banned\n|rule|Evasion Abilities Clause: Evasion abilities are banned\n|rule|Evasion Items Clause: Evasion items are banned\n|rule|Evasion Moves Clause: Evasion moves are banned\n|rule|Species Clause: Limit one of each Pok\u00e9mon\n|rule|Sleep Clause Mod: Limit one foe put to sleep\n|clearpoke\n|poke|p1|Great Tusk|\n|poke|p1|Skarmory, M|\n|poke|p1|Chansey, F|\n|poke|p1|Skeledirge, M|\n|poke|p1|Sableye, M|\n|poke|p1|Alomomola, F|\n|poke|p2|Scrafty, M|\n|poke|p2|Chansey, F|\n|poke|p2|Beedrill, F|\n|poke|p2|Minior|\n|poke|p2|Chandelure, M|\n|poke|p2|Primarina, M|\n|teampreview\n|inactive|Battle timer is ON: inactive players will automatically lose when time's up. (requested by OceanicGamer3)\n|\n|t:|1700575420\n|start\n|switch|p1a: Sableye|Sableye, M|100\/100\n|switch|p2a: Glass cannon|Chansey, F|100\/100\n|turn|1\n|\n|t:|1700575430\n|switch|p2a: Heterosexual|Primarina, M|100\/100\n|detailschange|p1a: Sableye|Sableye-Mega, M\n|-mega|p1a: Sableye|Sableye|Sablenite\n|move|p1a: Sableye|Knock Off|p2a: Heterosexual\n|-resisted|p2a: Heterosexual\n|-damage|p2a: Heterosexual|83\/100\n|-enditem|p2a: Heterosexual|Throat Spray|[from] move: Knock Off|[of] p1a: Sableye\n|\n|upkeep\n|turn|2\n|\n|t:|1700575440\n|switch|p1a: Chansey|Chansey, F|100\/100\n|move|p2a: Heterosexual|Moonblast|p1a: Chansey\n|-damage|p1a: Chansey|83\/100\n|\n|upkeep\n|turn|3\n|\n|t:|1700575459\n|switch|p2a: Weak pokemon|Minior|100\/100\n|-formechange|p2a: Weak pokemon|Minior-Meteor||[from] ability: Shields Down\n|move|p1a: Chansey|Toxic|p2a: Weak pokemon|[miss]\n|-miss|p1a: Chansey|p2a: Weak pokemon\n|\n|upkeep\n|turn|4\n|\n|t:|1700575469\n|switch|p1a: Skarmory|Skarmory, M|100\/100\n|move|p2a: Weak pokemon|Shell Smash|p2a: Weak pokemon\n|-unboost|p2a: Weak pokemon|def|1\n|-unboost|p2a: Weak pokemon|spd|1\n|-boost|p2a: Weak pokemon|atk|2\n|-boost|p2a: Weak pokemon|spa|2\n|-boost|p2a: Weak pokemon|spe|2\n|-enditem|p2a: Weak pokemon|White Herb\n|-clearnegativeboost|p2a: Weak pokemon|[silent]\n|\n|upkeep\n|turn|5\n|\n|t:|1700575490\n|move|p2a: Weak pokemon|Acrobatics|p1a: Skarmory\n|-resisted|p1a: Skarmory\n|-crit|p1a: Skarmory\n|-damage|p1a: Skarmory|66\/100\n|-damage|p2a: Weak pokemon|84\/100|[from] item: Rocky Helmet|[of] p1a: Skarmory\n|move|p1a: Skarmory|Whirlwind|p2a: Weak pokemon\n|drag|p2a: NotLopunnyCounter|Chandelure, M|100\/100\n|\n|upkeep\n|turn|6\n|\n|t:|1700575498\n|switch|p1a: Chansey|Chansey, F|83\/100\n|move|p2a: NotLopunnyCounter|Flamethrower|p1a: Chansey\n|-damage|p1a: Chansey|70\/100\n|\n|upkeep\n|turn|7\n|\n|t:|1700575514\n|switch|p2a: Glass cannon|Chansey, F|100\/100\n|move|p1a: Chansey|Soft-Boiled|p1a: Chansey\n|-heal|p1a: Chansey|100\/100\n|\n|upkeep\n|turn|8\n|\n|t:|1700575518\n|switch|p1a: Sableye|Sableye-Mega, M|100\/100\n|move|p2a: Glass cannon|Thunder Wave|p1a: Sableye\n|move|p1a: Sableye|Thunder Wave|p2a: Glass cannon|[from]ability: Magic Bounce\n|-status|p2a: Glass cannon|par\n|\n|upkeep\n|turn|9\n|\n|t:|1700575531\n|switch|p1a: Chansey|Chansey, F|100\/100\n|move|p2a: Glass cannon|Seismic Toss|p1a: Chansey\n|-damage|p1a: Chansey|86\/100\n|\n|upkeep\n|turn|10\n|\n|t:|1700575539\n|move|p1a: Chansey|Toxic||[still]\n|-fail|p1a: Chansey\n|cant|p2a: Glass cannon|par\n|\n|upkeep\n|turn|11\n|\n|t:|1700575545\n|switch|p1a: Skarmory|Skarmory, M|66\/100\n|move|p2a: Glass cannon|Thunder Wave|p1a: Skarmory\n|-status|p1a: Skarmory|par\n|\n|upkeep\n|turn|12\n|\n|t:|1700575552\n|move|p1a: Skarmory|Spikes|p2a: Glass cannon\n|-sidestart|p2: JuicyJK|Spikes\n|cant|p2a: Glass cannon|par\n|\n|upkeep\n|turn|13\n|\n|t:|1700575555\n|cant|p1a: Skarmory|par\n|move|p2a: Glass cannon|Stealth Rock|p1a: Skarmory\n|-sidestart|p1: OceanicGamer3|move: Stealth Rock\n|\n|upkeep\n|turn|14\n|\n|t:|1700575561\n|switch|p1a: Great Tusk|Great Tusk|100\/100\n|-damage|p1a: Great Tusk|98\/100|[from] Stealth Rock\n|cant|p2a: Glass cannon|par\n|\n|-heal|p1a: Great Tusk|100\/100|[from] item: Leftovers\n|upkeep\n|turn|15\n|\n|t:|1700575566\n|move|p1a: Great Tusk|Stealth Rock|p2a: Glass cannon\n|-sidestart|p2: JuicyJK|move: Stealth Rock\n|move|p2a: Glass cannon|Seismic Toss|p1a: Great Tusk\n|-damage|p1a: Great Tusk|77\/100\n|\n|-heal|p1a: Great Tusk|84\/100|[from] item: Leftovers\n|upkeep\n|turn|16\n|\n|t:|1700575573\n|move|p1a: Great Tusk|Rapid Spin|p2a: Glass cannon\n|-damage|p2a: Glass cannon|88\/100 par\n|-boost|p1a: Great Tusk|spe|1\n|-sideend|p1: OceanicGamer3|Stealth Rock|[from] move: Rapid Spin|[of] p1a: Great Tusk\n|cant|p2a: Glass cannon|par\n|\n|-heal|p1a: Great Tusk|90\/100|[from] item: Leftovers\n|upkeep\n|turn|17\n|\n|t:|1700575581\n|-end|p1a: Great Tusk|Protosynthesis|[silent]\n|switch|p1a: Skarmory|Skarmory, M|66\/100 par\n|move|p2a: Glass cannon|Wish|p2a: Glass cannon\n|\n|upkeep\n|turn|18\n|\n|t:|1700575594\n|-curestatus|p2a: Glass cannon|par|[from] ability: Natural Cure\n|switch|p2a: NotLopunnyCounter|Chandelure, M|100\/100\n|move|p1a: Skarmory|Spikes|p2a: NotLopunnyCounter\n|-sidestart|p2: JuicyJK|Spikes\n|\n|upkeep\n|turn|19\n|\n|t:|1700575602\n|switch|p1a: Alomomola|Alomomola, F|100\/100\n|move|p2a: NotLopunnyCounter|Calm Mind|p2a: NotLopunnyCounter\n|-boost|p2a: NotLopunnyCounter|spa|1\n|-boost|p2a: NotLopunnyCounter|spd|1\n|\n|upkeep\n|turn|20\n|\n|t:|1700575608\n|move|p2a: NotLopunnyCounter|Energy Ball|p1a: Alomomola\n|-supereffective|p1a: Alomomola\n|-damage|p1a: Alomomola|19\/100\n|move|p1a: Alomomola|Wish|p1a: Alomomola\n|\n|upkeep\n|turn|21\n|\n|t:|1700575615\n|switch|p1a: Chansey|Chansey, F|86\/100\n|move|p2a: NotLopunnyCounter|Energy Ball|p1a: Chansey\n|-damage|p1a: Chansey|74\/100\n|\n|-heal|p1a: Chansey|100\/100|[from] move: Wish|[wisher] Alomomola\n|upkeep\n|turn|22\n|\n|t:|1700575628\n|switch|p2a: Glass cannon|Chansey, F|88\/100\n|-damage|p2a: Glass cannon|71\/100|[from] Spikes\n|-damage|p2a: Glass cannon|59\/100|[from] Stealth Rock\n|move|p1a: Chansey|Toxic|p2a: Glass cannon\n|-status|p2a: Glass cannon|tox\n|\n|-damage|p2a: Glass cannon|53\/100 tox|[from] psn\n|upkeep\n|turn|23\n|\n|t:|1700575637\n|switch|p1a: Skarmory|Skarmory, M|66\/100 par\n|move|p2a: Glass cannon|Wish|p2a: Glass cannon\n|\n|-damage|p2a: Glass cannon|41\/100 tox|[from] psn\n|upkeep\n|turn|24\n|\n|t:|1700575646\n|switch|p1a: Great Tusk|Great Tusk|90\/100\n|move|p2a: Glass cannon|Seismic Toss|p1a: Great Tusk\n|-damage|p1a: Great Tusk|67\/100\n|\n|-heal|p2a: Glass cannon|91\/100 tox|[from] move: Wish|[wisher] Glass cannon\n|-heal|p1a: Great Tusk|73\/100|[from] item: Leftovers\n|-damage|p2a: Glass cannon|72\/100 tox|[from] psn\n|upkeep\n|turn|25\n|\n|t:|1700575653\n|move|p1a: Great Tusk|Earthquake|p2a: Glass cannon\n|-damage|p2a: Glass cannon|31\/100 tox\n|move|p2a: Glass cannon|Wish|p2a: Glass cannon\n|\n|-heal|p1a: Great Tusk|79\/100|[from] item: Leftovers\n|-damage|p2a: Glass cannon|6\/100 tox|[from] psn\n|upkeep\n|turn|26\n|\n|t:|1700575667\n|-curestatus|p2a: Glass cannon|tox|[from] ability: Natural Cure\n|switch|p2a: Heterosexual|Primarina, M|83\/100\n|-damage|p2a: Heterosexual|67\/100|[from] Spikes\n|-damage|p2a: Heterosexual|54\/100|[from] Stealth Rock\n|move|p1a: Great Tusk|Ice Spinner|p2a: Heterosexual\n|-resisted|p2a: Heterosexual\n|-damage|p2a: Heterosexual|41\/100\n|\n|-heal|p2a: Heterosexual|100\/100|[from] move: Wish|[wisher] Glass cannon\n|-heal|p1a: Great Tusk|86\/100|[from] item: Leftovers\n|upkeep\n|turn|27\n|\n|t:|1700575680\n|-end|p1a: Great Tusk|Protosynthesis|[silent]\n|switch|p1a: Chansey|Chansey, F|100\/100\n|move|p2a: Heterosexual|Moonblast|p1a: Chansey\n|-damage|p1a: Chansey|85\/100\n|\n|upkeep\n|turn|28\n|\n|t:|1700575689\n|switch|p2a: Physical sweeper|Scrafty, M|100\/100\n|-damage|p2a: Physical sweeper|84\/100|[from] Spikes\n|-damage|p2a: Physical sweeper|78\/100|[from] Stealth Rock\n|-ability|p2a: Physical sweeper|Intimidate|boost\n|-unboost|p1a: Chansey|atk|1\n|move|p1a: Chansey|Toxic|p2a: Physical sweeper\n|-status|p2a: Physical sweeper|tox\n|\n|-heal|p2a: Physical sweeper|84\/100 tox|[from] item: Leftovers\n|-damage|p2a: Physical sweeper|78\/100 tox|[from] psn\n|upkeep\n|turn|29\n|\n|t:|1700575697\n|switch|p1a: Skarmory|Skarmory, M|66\/100 par\n|move|p2a: Physical sweeper|Toxic|p1a: Skarmory|[miss]\n|-miss|p2a: Physical sweeper|p1a: Skarmory\n|\n|-heal|p2a: Physical sweeper|84\/100 tox|[from] item: Leftovers\n|-damage|p2a: Physical sweeper|72\/100 tox|[from] psn\n|upkeep\n|turn|30\n|\n|t:|1700575705\n|move|p2a: Physical sweeper|Bulk Up|p2a: Physical sweeper\n|-boost|p2a: Physical sweeper|atk|1\n|-boost|p2a: Physical sweeper|def|1\n|cant|p1a: Skarmory|par\n|\n|-heal|p2a: Physical sweeper|78\/100 tox|[from] item: Leftovers\n|-damage|p2a: Physical sweeper|60\/100 tox|[from] psn\n|upkeep\n|turn|31\n|\n|t:|1700575708\n|move|p2a: Physical sweeper|Bulk Up|p2a: Physical sweeper\n|-boost|p2a: Physical sweeper|atk|1\n|-boost|p2a: Physical sweeper|def|1\n|cant|p1a: Skarmory|par\n|\n|-heal|p2a: Physical sweeper|66\/100 tox|[from] item: Leftovers\n|-damage|p2a: Physical sweeper|42\/100 tox|[from] psn\n|upkeep\n|turn|32\n|\n|t:|1700575713\n|move|p2a: Physical sweeper|Drain Punch|p1a: Skarmory\n|-damage|p1a: Skarmory|38\/100 par\n|-heal|p2a: Physical sweeper|56\/100 tox|[from] drain|[of] p1a: Skarmory\n|-damage|p2a: Physical sweeper|40\/100 tox|[from] item: Rocky Helmet|[of] p1a: Skarmory\n|move|p1a: Skarmory|Whirlwind|p2a: Physical sweeper\n|drag|p2a: Tank|Beedrill, F|100\/100\n|-damage|p2a: Tank|84\/100|[from] Spikes\n|-damage|p2a: Tank|59\/100|[from] Stealth Rock\n|\n|upkeep\n|turn|33\n|\n|t:|1700575724\n|detailschange|p2a: Tank|Beedrill-Mega, F\n|-mega|p2a: Tank|Beedrill|Beedrillite\n|move|p2a: Tank|Outrage|p1a: Skarmory\n|-resisted|p1a: Skarmory\n|-damage|p1a: Skarmory|24\/100 par\n|-damage|p2a: Tank|43\/100|[from] item: Rocky Helmet|[of] p1a: Skarmory\n|cant|p1a: Skarmory|par\n|\n|upkeep\n|turn|34\n|\n|t:|1700575733\n|move|p2a: Tank|Outrage|p1a: Skarmory|[from]lockedmove\n|-resisted|p1a: Skarmory\n|-damage|p1a: Skarmory|11\/100 par\n|-damage|p2a: Tank|26\/100|[from] item: Rocky Helmet|[of] p1a: Skarmory\n|move|p1a: Skarmory|Roost|p1a: Skarmory\n|-heal|p1a: Skarmory|61\/100 par\n|-singleturn|p1a: Skarmory|move: Roost\n|\n|upkeep\n|turn|35\n|\n|t:|1700575742\n|switch|p1a: Alomomola|Alomomola, F|52\/100\n|move|p2a: Tank|Outrage|p1a: Alomomola|[from]lockedmove\n|-damage|p1a: Alomomola|22\/100\n|-start|p2a: Tank|confusion|[fatigue]\n|\n|upkeep\n|turn|36\n|c|\u2606JuicyJK|Do you have fun playing like this?\n|\n|t:|1700575767\n|-activate|p2a: Tank|confusion\n|-damage|p2a: Tank|0 fnt|[from] confusion\n|faint|p2a: Tank\n|move|p1a: Alomomola|Wish|p1a: Alomomola\n|\n|upkeep\n|inactive|JuicyJK has 120 seconds left.\n|\n|t:|1700575778\n|switch|p2a: NotLopunnyCounter|Chandelure, M|100\/100\n|turn|37\n|c|\u2606OceanicGamer3|Yes :)\n|\n|t:|1700575788\n|switch|p1a: Skarmory|Skarmory, M|61\/100 par\n|move|p2a: NotLopunnyCounter|Energy Ball|p1a: Skarmory\n|-resisted|p1a: Skarmory\n|-damage|p1a: Skarmory|51\/100 par\n|\n|-heal|p1a: Skarmory|100\/100 par|[from] move: Wish|[wisher] Alomomola\n|upkeep\n|turn|38\n|c|\u2606JuicyJK|Cringe\n|\n|t:|1700575797\n|switch|p1a: Chansey|Chansey, F|85\/100\n|move|p2a: NotLopunnyCounter|Calm Mind|p2a: NotLopunnyCounter\n|-boost|p2a: NotLopunnyCounter|spa|1\n|-boost|p2a: NotLopunnyCounter|spd|1\n|\n|upkeep\n|turn|39\n|\n|t:|1700575803\n|move|p2a: NotLopunnyCounter|Calm Mind|p2a: NotLopunnyCounter\n|-boost|p2a: NotLopunnyCounter|spa|1\n|-boost|p2a: NotLopunnyCounter|spd|1\n|move|p1a: Chansey|Toxic|p2a: NotLopunnyCounter\n|-status|p2a: NotLopunnyCounter|tox\n|\n|-damage|p2a: NotLopunnyCounter|94\/100 tox|[from] psn\n|upkeep\n|turn|40\n|\n|t:|1700575814\n|move|p2a: NotLopunnyCounter|Calm Mind|p2a: NotLopunnyCounter\n|-boost|p2a: NotLopunnyCounter|spa|1\n|-boost|p2a: NotLopunnyCounter|spd|1\n|move|p1a: Chansey|Toxic|p2a: NotLopunnyCounter\n|-fail|p2a: NotLopunnyCounter|tox\n|\n|-damage|p2a: NotLopunnyCounter|82\/100 tox|[from] psn\n|upkeep\n|turn|41\n|\n|t:|1700575819\n|switch|p1a: Skeledirge|Skeledirge, M|100\/100\n|move|p2a: NotLopunnyCounter|Calm Mind|p2a: NotLopunnyCounter\n|-boost|p2a: NotLopunnyCounter|spa|1\n|-boost|p2a: NotLopunnyCounter|spd|1\n|\n|-damage|p2a: NotLopunnyCounter|63\/100 tox|[from] psn\n|upkeep\n|turn|42\n|\n|t:|1700575835\n|move|p2a: NotLopunnyCounter|Flamethrower|p1a: Skeledirge\n|-resisted|p1a: Skeledirge\n|-damage|p1a: Skeledirge|78\/100\n|move|p1a: Skeledirge|Hex|p2a: NotLopunnyCounter\n|-supereffective|p2a: NotLopunnyCounter\n|-damage|p2a: NotLopunnyCounter|0 fnt\n|faint|p2a: NotLopunnyCounter\n|\n|upkeep\n|\n|t:|1700575841\n|switch|p2a: Weak pokemon|Minior|84\/100\n|-damage|p2a: Weak pokemon|59\/100|[from] Stealth Rock\n|-formechange|p2a: Weak pokemon|Minior-Meteor||[from] ability: Shields Down\n|turn|43\n|\n|t:|1700575846\n|move|p2a: Weak pokemon|Shell Smash|p2a: Weak pokemon\n|-unboost|p2a: Weak pokemon|def|1\n|-unboost|p2a: Weak pokemon|spd|1\n|-boost|p2a: Weak pokemon|atk|2\n|-boost|p2a: Weak pokemon|spa|2\n|-boost|p2a: Weak pokemon|spe|2\n|move|p1a: Skeledirge|Will-O-Wisp|p2a: Weak pokemon\n|-immune|p2a: Weak pokemon|[from] ability: Shields Down\n|\n|upkeep\n|turn|44\n|\n|t:|1700575852\n|move|p2a: Weak pokemon|Earthquake|p1a: Skeledirge\n|-supereffective|p1a: Skeledirge\n|-damage|p1a: Skeledirge|50\/100\n|move|p1a: Skeledirge|Will-O-Wisp|p2a: Weak pokemon\n|-immune|p2a: Weak pokemon|[from] ability: Shields Down\n|\n|upkeep\n|turn|45\n|\n|t:|1700575863\n|move|p2a: Weak pokemon|Earthquake|p1a: Skeledirge\n|-supereffective|p1a: Skeledirge\n|-damage|p1a: Skeledirge|24\/100\n|move|p1a: Skeledirge|Slack Off|p1a: Skeledirge\n|-heal|p1a: Skeledirge|74\/100\n|\n|upkeep\n|turn|46\n|\n|t:|1700575872\n|move|p2a: Weak pokemon|Earthquake|p1a: Skeledirge\n|-supereffective|p1a: Skeledirge\n|-damage|p1a: Skeledirge|46\/100\n|move|p1a: Skeledirge|Torch Song|p2a: Weak pokemon\n|-resisted|p2a: Weak pokemon\n|-damage|p2a: Weak pokemon|39\/100\n|-boost|p1a: Skeledirge|spa|1\n|\n|-formechange|p2a: Weak pokemon|Minior||[from] ability: Shields Down\n|upkeep\n|turn|47\n|\n|t:|1700575879\n|move|p2a: Weak pokemon|Acrobatics|p1a: Skeledirge\n|-damage|p1a: Skeledirge|17\/100\n|move|p1a: Skeledirge|Slack Off|p1a: Skeledirge\n|-heal|p1a: Skeledirge|67\/100\n|\n|upkeep\n|turn|48\n|\n|t:|1700575882\n|move|p2a: Weak pokemon|Acrobatics|p1a: Skeledirge\n|-damage|p1a: Skeledirge|35\/100\n|move|p1a: Skeledirge|Will-O-Wisp|p2a: Weak pokemon\n|-status|p2a: Weak pokemon|brn\n|\n|-damage|p2a: Weak pokemon|33\/100 brn|[from] brn\n|upkeep\n|turn|49\n|\n|t:|1700575885\n|move|p2a: Weak pokemon|Acrobatics|p1a: Skeledirge\n|-damage|p1a: Skeledirge|20\/100\n|move|p1a: Skeledirge|Slack Off|p1a: Skeledirge\n|-heal|p1a: Skeledirge|70\/100\n|\n|-damage|p2a: Weak pokemon|27\/100 brn|[from] brn\n|upkeep\n|turn|50\n|\n|t:|1700575892\n|move|p2a: Weak pokemon|Acrobatics|p1a: Skeledirge\n|-damage|p1a: Skeledirge|55\/100\n|move|p1a: Skeledirge|Hex|p2a: Weak pokemon\n|-damage|p2a: Weak pokemon|0 fnt\n|faint|p2a: Weak pokemon\n|\n|upkeep\n|\n|t:|1700575901\n|switch|p2a: Heterosexual|Primarina, M|100\/100\n|-damage|p2a: Heterosexual|84\/100|[from] Spikes\n|-damage|p2a: Heterosexual|72\/100|[from] Stealth Rock\n|turn|51\n|\n|t:|1700575907\n|switch|p1a: Chansey|Chansey, F|85\/100\n|move|p2a: Heterosexual|Hyper Voice|p1a: Chansey\n|-crit|p1a: Chansey\n|-damage|p1a: Chansey|62\/100\n|\n|upkeep\n|turn|52\n|\n|t:|1700575915\n|move|p2a: Heterosexual|Ice Beam|p1a: Chansey\n|-damage|p1a: Chansey|50\/100\n|move|p1a: Chansey|Soft-Boiled|p1a: Chansey\n|-heal|p1a: Chansey|99\/100\n|\n|upkeep\n|turn|53\n|\n|t:|1700575918\n|move|p2a: Heterosexual|Ice Beam|p1a: Chansey\n|-damage|p1a: Chansey|90\/100\n|move|p1a: Chansey|Toxic|p2a: Heterosexual\n|-status|p2a: Heterosexual|tox\n|\n|-damage|p2a: Heterosexual|66\/100 tox|[from] psn\n|upkeep\n|turn|54\n|\n|t:|1700575924\n|move|p2a: Heterosexual|Ice Beam|p1a: Chansey\n|-damage|p1a: Chansey|79\/100\n|move|p1a: Chansey|Seismic Toss|p2a: Heterosexual\n|-damage|p2a: Heterosexual|38\/100 tox\n|\n|-damage|p2a: Heterosexual|26\/100 tox|[from] psn\n|upkeep\n|turn|55\n|\n|t:|1700575929\n|move|p2a: Heterosexual|Ice Beam|p1a: Chansey\n|-damage|p1a: Chansey|69\/100\n|move|p1a: Chansey|Aromatherapy|p1a: Chansey\n|-activate|p1a: Chansey|move: Aromatherapy\n|-curestatus|p1: Skarmory|par|[msg]\n|\n|-damage|p2a: Heterosexual|8\/100 tox|[from] psn\n|upkeep\n|turn|56\n|\n|t:|1700575945\n|move|p2a: Heterosexual|Ice Beam|p1a: Chansey\n|-damage|p1a: Chansey|59\/100\n|move|p1a: Chansey|Soft-Boiled|p1a: Chansey\n|-heal|p1a: Chansey|100\/100\n|\n|-damage|p2a: Heterosexual|0 fnt|[from] psn\n|faint|p2a: Heterosexual\n|upkeep\n|inactive|JuicyJK has 120 seconds left.\n|inactive|JuicyJK has 90 seconds left.\n|inactive|JuicyJK has 60 seconds left.\n|inactive|JuicyJK has 30 seconds left.\n|inactive|JuicyJK has 20 seconds left.\n|inactive|JuicyJK has 15 seconds left.\n|\n|t:|1700576082\n|switch|p2a: Glass cannon|Chansey, F|6\/100\n|-damage|p2a: Glass cannon|0 fnt|[from] Spikes\n|faint|p2a: Glass cannon\n|inactive|JuicyJK has 20 seconds left this turn.\n|inactive|JuicyJK has 15 seconds left.\n|inactive|JuicyJK has 10 seconds left.\n|\n|t:|1700576094\n|switch|p2a: Physical sweeper|Scrafty, M|40\/100 tox\n|-damage|p2a: Physical sweeper|23\/100 tox|[from] Spikes\n|-damage|p2a: Physical sweeper|17\/100 tox|[from] Stealth Rock\n|-ability|p2a: Physical sweeper|Intimidate|boost\n|-unboost|p1a: Chansey|atk|1\n|turn|57\n|inactive|JuicyJK has 20 seconds left this turn.\n|\n|t:|1700576099\n|-terastallize|p1a: Chansey|Ghost\n|move|p2a: Physical sweeper|Toxic|p1a: Chansey\n|-status|p1a: Chansey|tox\n|move|p1a: Chansey|Seismic Toss|p2a: Physical sweeper\n|-damage|p2a: Physical sweeper|0 fnt\n|faint|p2a: Physical sweeper\n|\n|win|OceanicGamer3\n|inactive|JuicyJK has 25 seconds left this turn.\n|raw|OceanicGamer3's rating: 1282 &rarr; <strong>1305<\/strong><br \/>(+23 for winning)\n|raw|JuicyJK's rating: 1261 &rarr; <strong>1238<\/strong><br \/>(-23 for losing)\n|l|\u2606JuicyJK\n","uploadtime":1700576122,"views":1,"p1id":"oceanicgamer3","p2id":"juicyjk","formatid":"gen9nationaldex","rating":1238,"private":0,"password":""}