{"id":"gen9nationaldex-1988538528","p1":"francescon96","p2":"female charizard","format":"[Gen 9] National Dex","log":"|j|\u2606francescon96\n|j|\u2606female charizard\n|t:|1699733727\n|gametype|singles\n|player|p1|francescon96|bertha|1086\n|player|p2|female charizard|170|1136\n|teamsize|p1|6\n|teamsize|p2|6\n|gen|9\n|tier|[Gen 9] National Dex\n|rated|\n|rule|HP Percentage Mod: HP is shown in percentages\n|rule|Endless Battle Clause: Forcing endless battles is banned\n|rule|OHKO Clause: OHKO moves are banned\n|rule|Evasion Clause: Evasion abilities, items, and moves are banned\n|rule|Evasion Abilities Clause: Evasion abilities are banned\n|rule|Evasion Items Clause: Evasion items are banned\n|rule|Evasion Moves Clause: Evasion moves are banned\n|rule|Species Clause: Limit one of each Pok\u00e9mon\n|rule|Sleep Clause Mod: Limit one foe put to sleep\n|clearpoke\n|poke|p1|Gyarados, M|\n|poke|p1|Aegislash, M|\n|poke|p1|Golurk|\n|poke|p1|Hydreigon, F|\n|poke|p1|Sneasler, F|\n|poke|p1|Crustle, F|\n|poke|p2|Rampardos, F|\n|poke|p2|Scream Tail|\n|poke|p2|Slowking, F|\n|poke|p2|Stakataka|\n|poke|p2|Boldore, M|\n|poke|p2|Electrode-Hisui|\n|teampreview\n|j| imbleach\n|j| Zangoosefriend96\n|j| mistahmerrikuu\n|c|\u2606francescon96|hello\n|c|\u2606francescon96|gl hf :)\n|j| Lonsol\n|j| magikarpfisherman\n|c|\u2606female charizard|u2\n|\n|t:|1699733779\n|start\n|switch|p1a: Gyarados|Gyarados, M|100\/100\n|switch|p2a: More appropriate|Boldore, M|100\/100\n|turn|1\n|j| kung fu pokechu\n|\n|t:|1699733784\n|move|p1a: Gyarados|Dragon Dance|p1a: Gyarados\n|-boost|p1a: Gyarados|atk|1\n|-boost|p1a: Gyarados|spe|1\n|move|p2a: More appropriate|Stealth Rock|p1a: Gyarados\n|-sidestart|p1: francescon96|move: Stealth Rock\n|\n|upkeep\n|turn|2\n|\n|t:|1699733799\n|move|p1a: Gyarados|Waterfall|p2a: More appropriate\n|-supereffective|p2a: More appropriate\n|-damage|p2a: More appropriate|16\/100\n|move|p2a: More appropriate|Explosion|p1a: Gyarados\n|-damage|p1a: Gyarados|0 fnt\n|faint|p2a: More appropriate\n|faint|p1a: Gyarados\n|\n|upkeep\n|\n|t:|1699733810\n|switch|p1a: Golurk|Golurk|100\/100\n|switch|p2a: too anxious >.<|Stakataka|100\/100\n|-damage|p1a: Golurk|95\/100|[from] Stealth Rock\n|turn|3\n|j| snugglesnfluff\n|\n|t:|1699733830\n|switch|p2a: fear and anger|Electrode-Hisui|100\/100\n|move|p1a: Golurk|Rock Polish|p1a: Golurk\n|-boost|p1a: Golurk|spe|2\n|\n|upkeep\n|turn|4\n|\n|t:|1699733837\n|move|p2a: fear and anger|Energy Ball|p1a: Golurk\n|-supereffective|p1a: Golurk\n|-damage|p1a: Golurk|4\/100\n|move|p1a: Golurk|Dynamic Punch|p2a: fear and anger\n|-damage|p2a: fear and anger|36\/100\n|-start|p2a: fear and anger|confusion\n|\n|-heal|p2a: fear and anger|42\/100|[from] item: Leftovers\n|upkeep\n|turn|5\n|\n|t:|1699733846\n|-activate|p2a: fear and anger|confusion\n|move|p2a: fear and anger|Energy Ball|p1a: Golurk\n|-supereffective|p1a: Golurk\n|-damage|p1a: Golurk|0 fnt\n|faint|p1a: Golurk\n|\n|-heal|p2a: fear and anger|48\/100|[from] item: Leftovers\n|upkeep\n|c| snugglesnfluff|get it because the crust in its name is referring to the sediment layers of dirt and rock on the earths crust\n|\n|t:|1699733862\n|switch|p1a: Crustle|Crustle, F|100\/100\n|-damage|p1a: Crustle|76\/100|[from] Stealth Rock\n|turn|6\n|\n|t:|1699733870\n|switch|p2a: too anxious >.<|Stakataka|100\/100\n|move|p1a: Crustle|Shell Smash|p1a: Crustle\n|-unboost|p1a: Crustle|def|1\n|-unboost|p1a: Crustle|spd|1\n|-boost|p1a: Crustle|atk|2\n|-boost|p1a: Crustle|spa|2\n|-boost|p1a: Crustle|spe|2\n|\n|upkeep\n|turn|7\n|\n|t:|1699733880\n|-terastallize|p2a: too anxious >.<|Flying\n|move|p1a: Crustle|Earthquake|p2a: too anxious >.<\n|-immune|p2a: too anxious >.<\n|move|p2a: too anxious >.<|Trick Room|p2a: too anxious >.<\n|-fieldstart|move: Trick Room|[of] p2a: too anxious >.<\n|\n|upkeep\n|turn|8\n|c| snugglesnfluff|im voting do not ban on gliscor tbh\n|\n|t:|1699733887\n|move|p2a: too anxious >.<|Gyro Ball|p1a: Crustle\n|-supereffective|p1a: Crustle\n|-damage|p1a: Crustle|0 fnt\n|faint|p1a: Crustle\n|-ability|p2a: too anxious >.<|Beast Boost|boost\n|-boost|p2a: too anxious >.<|atk|1\n|-damage|p2a: too anxious >.<|91\/100|[from] item: Life Orb\n|\n|upkeep\n|c| snugglesnfluff|is how im doing\n|\n|t:|1699733895\n|switch|p1a: Hydreigon|Hydreigon, F|100\/100\n|-damage|p1a: Hydreigon|88\/100|[from] Stealth Rock\n|turn|9\n|\n|t:|1699733903\n|move|p2a: too anxious >.<|Gyro Ball|p1a: Hydreigon\n|-damage|p1a: Hydreigon|0 fnt\n|faint|p1a: Hydreigon\n|-ability|p2a: too anxious >.<|Beast Boost|boost\n|-boost|p2a: too anxious >.<|atk|1\n|-damage|p2a: too anxious >.<|81\/100|[from] item: Life Orb\n|\n|upkeep\n|\n|t:|1699733910\n|switch|p1a: Aegislash|Aegislash, M|100\/100\n|-damage|p1a: Aegislash|94\/100|[from] Stealth Rock\n|turn|10\n|\n|t:|1699733914\n|move|p1a: Aegislash|King's Shield|p1a: Aegislash\n|-singleturn|p1a: Aegislash|Protect\n|move|p2a: too anxious >.<|Stone Edge|p1a: Aegislash\n|-activate|p1a: Aegislash|move: Protect\n|\n|-heal|p1a: Aegislash|100\/100|[from] item: Leftovers\n|upkeep\n|turn|11\n|\n|t:|1699733920\n|move|p2a: too anxious >.<|Gyro Ball|p1a: Aegislash\n|-resisted|p1a: Aegislash\n|-damage|p1a: Aegislash|0 fnt\n|faint|p1a: Aegislash\n|-ability|p2a: too anxious >.<|Beast Boost|boost\n|-boost|p2a: too anxious >.<|atk|1\n|-damage|p2a: too anxious >.<|71\/100|[from] item: Life Orb\n|\n|-fieldend|move: Trick Room\n|upkeep\n|c| snugglesnfluff|did you have to lower this things titanic defense to get attack boosts\n|\n|t:|1699733931\n|switch|p1a: Sneasler|Sneasler, F|100\/100\n|-damage|p1a: Sneasler|95\/100|[from] Stealth Rock\n|turn|12\n|\n|t:|1699733935\n|move|p1a: Sneasler|Low Kick|p2a: too anxious >.<\n|-resisted|p2a: too anxious >.<\n|-damage|p2a: too anxious >.<|50\/100\n|move|p2a: too anxious >.<|Gyro Ball|p1a: Sneasler\n|-damage|p1a: Sneasler|0 fnt\n|faint|p1a: Sneasler\n|-damage|p2a: too anxious >.<|40\/100|[from] item: Life Orb\n|\n|win|female charizard\n|raw|francescon96's rating: 1086 &rarr; <strong>1066<\/strong><br \/>(-20 for losing)\n|raw|female charizard's rating: 1136 &rarr; <strong>1157<\/strong><br \/>(+21 for winning)\n|c| snugglesnfluff|based cripple tower\n|c|\u2606francescon96|gg\n|c|\u2606female charizard|i love stakataka\n","uploadtime":1699733948,"views":4,"p1id":"francescon96","p2id":"femalecharizard","formatid":"gen9nationaldex","rating":1066,"private":0,"password":""}