{"id":"gen9nationaldex-1988735487","p1":"adpg.alt","p2":"Yuanshen61\u6211\u8981\u73a9\u539f\u795e","format":"[Gen 9] National Dex","log":"|j|\u2606adpg.alt\n|j|\u2606Yuanshen61\u6211\u8981\u73a9\u539f\u795e\n|t:|1699756504\n|gametype|singles\n|player|p1|adpg.alt|hilbert-wonderlauncher|1419\n|player|p2|Yuanshen61\u6211\u8981\u73a9\u539f\u795e|dawn-contest|1341\n|teamsize|p1|6\n|teamsize|p2|6\n|gen|9\n|tier|[Gen 9] National Dex\n|rated|\n|rule|HP Percentage Mod: HP is shown in percentages\n|rule|Endless Battle Clause: Forcing endless battles is banned\n|rule|OHKO Clause: OHKO moves are banned\n|rule|Evasion Clause: Evasion abilities, items, and moves are banned\n|rule|Evasion Abilities Clause: Evasion abilities are banned\n|rule|Evasion Items Clause: Evasion items are banned\n|rule|Evasion Moves Clause: Evasion moves are banned\n|rule|Species Clause: Limit one of each Pok\u00e9mon\n|rule|Sleep Clause Mod: Limit one foe put to sleep\n|clearpoke\n|poke|p1|Glimmora, M|\n|poke|p1|Ninetales-Alola, M|\n|poke|p1|Gyarados, F|\n|poke|p1|Iron Valiant|\n|poke|p1|Sneasler, F|\n|poke|p1|Xurkitree|\n|poke|p2|Dondozo, F|\n|poke|p2|Clodsire, F|\n|poke|p2|Clefable, F|\n|poke|p2|Ogerpon-Wellspring, F|\n|poke|p2|Corviknight, M|\n|poke|p2|Goodra-Hisui, M|\n|teampreview\n|inactive|Battle timer is ON: inactive players will automatically lose when time's up. (requested by Yuanshen61\u6211\u8981\u73a9\u539f\u795e)\n|\n|t:|1699756513\n|start\n|switch|p1a: Glimmora|Glimmora, M|100\/100\n|switch|p2a: \u672b\u65e5\u517d|Goodra-Hisui, M|100\/100\n|turn|1\n|\n|t:|1699756519\n|move|p1a: Glimmora|Stealth Rock|p2a: \u672b\u65e5\u517d\n|-sidestart|p2: Yuanshen61\u6211\u8981\u73a9\u539f\u795e|move: Stealth Rock\n|move|p2a: \u672b\u65e5\u517d|Thunderbolt|p1a: Glimmora\n|-damage|p1a: Glimmora|62\/100\n|\n|upkeep\n|turn|2\n|\n|t:|1699756524\n|move|p1a: Glimmora|Earth Power|p2a: \u672b\u65e5\u517d\n|-supereffective|p2a: \u672b\u65e5\u517d\n|-damage|p2a: \u672b\u65e5\u517d|72\/100\n|-unboost|p2a: \u672b\u65e5\u517d|spd|1\n|move|p2a: \u672b\u65e5\u517d|Draco Meteor|p1a: Glimmora\n|-damage|p1a: Glimmora|0 fnt\n|-unboost|p2a: \u672b\u65e5\u517d|spa|2\n|faint|p1a: Glimmora\n|\n|upkeep\n|\n|t:|1699756534\n|switch|p1a: Ninetales|Ninetales-Alola, M|100\/100\n|-weather|Snow|[from] ability: Snow Warning|[of] p1a: Ninetales\n|turn|3\n|\n|t:|1699756539\n|switch|p2a: \u6d41\u6d6a\u8005|Corviknight, M|100\/100\n|-damage|p2a: \u6d41\u6d6a\u8005|88\/100|[from] Stealth Rock\n|-ability|p2a: \u6d41\u6d6a\u8005|Pressure\n|move|p1a: Ninetales|Aurora Veil|p1a: Ninetales\n|-sidestart|p1: adpg.alt|move: Aurora Veil\n|\n|-weather|Snow|[upkeep]\n|-heal|p2a: \u6d41\u6d6a\u8005|94\/100|[from] item: Leftovers\n|upkeep\n|turn|4\n|\n|t:|1699756549\n|move|p1a: Ninetales|Blizzard|p2a: \u6d41\u6d6a\u8005\n|-damage|p2a: \u6d41\u6d6a\u8005|55\/100\n|move|p2a: \u6d41\u6d6a\u8005|Defog|p1a: Ninetales\n|-unboost|p1a: Ninetales|evasion|1\n|-sideend|p1: adpg.alt|move: Aurora Veil\n|-sideend|p2: Yuanshen61\u6211\u8981\u73a9\u539f\u795e|Stealth Rock|[from] move: Defog|[of] p2a: \u6d41\u6d6a\u8005\n|\n|-weather|Snow|[upkeep]\n|-heal|p2a: \u6d41\u6d6a\u8005|61\/100|[from] item: Leftovers\n|upkeep\n|turn|5\n|\n|t:|1699756559\n|switch|p2a: \u82ad\u82ad\u62c9|Clefable, F|100\/100\n|move|p1a: Ninetales|Encore||[still]\n|-fail|p1a: Ninetales\n|\n|-weather|Snow|[upkeep]\n|upkeep\n|turn|6\n|\n|t:|1699756568\n|move|p1a: Ninetales|Aurora Veil|p1a: Ninetales\n|-sidestart|p1: adpg.alt|move: Aurora Veil\n|move|p2a: \u82ad\u82ad\u62c9|Wish|p2a: \u82ad\u82ad\u62c9\n|\n|-weather|Snow|[upkeep]\n|upkeep\n|turn|7\n|\n|t:|1699756580\n|switch|p1a: Sneasler|Sneasler, F|100\/100\n|-item|p1a: Sneasler|Air Balloon\n|switch|p2a: \u672b\u65e5\u517d|Goodra-Hisui, M|72\/100\n|\n|-weather|none\n|-heal|p2a: \u672b\u65e5\u517d|100\/100|[from] move: Wish|[wisher] \u82ad\u82ad\u62c9\n|upkeep\n|turn|8\n|\n|t:|1699756592\n|switch|p2a: \u541e\u661f\u4e4b\u9cb8|Dondozo, F|100\/100\n|move|p1a: Sneasler|Swords Dance|p1a: Sneasler\n|-boost|p1a: Sneasler|atk|2\n|\n|upkeep\n|turn|9\n|\n|t:|1699756595\n|move|p1a: Sneasler|Dire Claw|p2a: \u541e\u661f\u4e4b\u9cb8\n|-damage|p2a: \u541e\u661f\u4e4b\u9cb8|71\/100\n|move|p2a: \u541e\u661f\u4e4b\u9cb8|Curse|p2a: \u541e\u661f\u4e4b\u9cb8\n|-unboost|p2a: \u541e\u661f\u4e4b\u9cb8|spe|1\n|-boost|p2a: \u541e\u661f\u4e4b\u9cb8|atk|1\n|-boost|p2a: \u541e\u661f\u4e4b\u9cb8|def|1\n|\n|-heal|p2a: \u541e\u661f\u4e4b\u9cb8|77\/100|[from] item: Leftovers\n|upkeep\n|turn|10\n|\n|t:|1699756599\n|move|p1a: Sneasler|Dire Claw|p2a: \u541e\u661f\u4e4b\u9cb8\n|-damage|p2a: \u541e\u661f\u4e4b\u9cb8|58\/100\n|move|p2a: \u541e\u661f\u4e4b\u9cb8|Waterfall|p1a: Sneasler\n|-damage|p1a: Sneasler|64\/100\n|-enditem|p1a: Sneasler|Air Balloon\n|\n|-heal|p2a: \u541e\u661f\u4e4b\u9cb8|64\/100|[from] item: Leftovers\n|upkeep\n|turn|11\n|\n|t:|1699756605\n|move|p1a: Sneasler|Dire Claw|p2a: \u541e\u661f\u4e4b\u9cb8\n|-damage|p2a: \u541e\u661f\u4e4b\u9cb8|46\/100\n|-status|p2a: \u541e\u661f\u4e4b\u9cb8|par\n|cant|p2a: \u541e\u661f\u4e4b\u9cb8|par\n|\n|-heal|p2a: \u541e\u661f\u4e4b\u9cb8|52\/100 par|[from] item: Leftovers\n|upkeep\n|turn|12\n|\n|t:|1699756617\n|switch|p1a: Gyarados|Gyarados, F|100\/100\n|-ability|p1a: Gyarados|Intimidate|boost\n|-unboost|p2a: \u541e\u661f\u4e4b\u9cb8|atk|1\n|move|p2a: \u541e\u661f\u4e4b\u9cb8|Rest|p2a: \u541e\u661f\u4e4b\u9cb8\n|-status|p2a: \u541e\u661f\u4e4b\u9cb8|slp|[from] move: Rest\n|-heal|p2a: \u541e\u661f\u4e4b\u9cb8|100\/100 slp|[silent]\n|\n|upkeep\n|turn|13\n|\n|t:|1699756624\n|move|p1a: Gyarados|Taunt|p2a: \u541e\u661f\u4e4b\u9cb8\n|-start|p2a: \u541e\u661f\u4e4b\u9cb8|move: Taunt\n|cant|p2a: \u541e\u661f\u4e4b\u9cb8|slp\n|\n|-sideend|p1: adpg.alt|move: Aurora Veil\n|upkeep\n|turn|14\n|\n|t:|1699756628\n|detailschange|p1a: Gyarados|Gyarados-Mega, F\n|-mega|p1a: Gyarados|Gyarados|Gyaradosite\n|-ability|p1a: Gyarados|Mold Breaker\n|move|p1a: Gyarados|Dragon Dance|p1a: Gyarados\n|-boost|p1a: Gyarados|atk|1\n|-boost|p1a: Gyarados|spe|1\n|cant|p2a: \u541e\u661f\u4e4b\u9cb8|slp\n|\n|upkeep\n|turn|15\n|\n|t:|1699756643\n|switch|p2a: \u672b\u65e5\u517d|Goodra-Hisui, M|100\/100\n|move|p1a: Gyarados|Dragon Dance|p1a: Gyarados\n|-boost|p1a: Gyarados|atk|1\n|-boost|p1a: Gyarados|spe|1\n|\n|upkeep\n|turn|16\n|\n|t:|1699756650\n|move|p1a: Gyarados|Crunch|p2a: \u672b\u65e5\u517d\n|-damage|p2a: \u672b\u65e5\u517d|5\/100\n|move|p2a: \u672b\u65e5\u517d|Thunderbolt|p1a: Gyarados\n|-supereffective|p1a: Gyarados\n|-damage|p1a: Gyarados|53\/100\n|\n|upkeep\n|turn|17\n|\n|t:|1699756658\n|switch|p2a: \u82ad\u82ad\u62c9|Clefable, F|100\/100\n|move|p1a: Gyarados|Crunch|p2a: \u82ad\u82ad\u62c9\n|-resisted|p2a: \u82ad\u82ad\u62c9\n|-damage|p2a: \u82ad\u82ad\u62c9|59\/100\n|-unboost|p2a: \u82ad\u82ad\u62c9|def|1\n|\n|-heal|p2a: \u82ad\u82ad\u62c9|65\/100|[from] item: Leftovers\n|upkeep\n|turn|18\n|\n|t:|1699756662\n|move|p2a: \u82ad\u82ad\u62c9|Protect|p2a: \u82ad\u82ad\u62c9\n|-singleturn|p2a: \u82ad\u82ad\u62c9|Protect\n|move|p1a: Gyarados|Waterfall|p2a: \u82ad\u82ad\u62c9\n|-activate|p2a: \u82ad\u82ad\u62c9|move: Protect\n|\n|-heal|p2a: \u82ad\u82ad\u62c9|71\/100|[from] item: Leftovers\n|upkeep\n|turn|19\n|\n|t:|1699756670\n|switch|p2a: \u6d41\u6d6a\u8005|Corviknight, M|61\/100\n|-ability|p2a: \u6d41\u6d6a\u8005|Pressure\n|move|p1a: Gyarados|Waterfall|p2a: \u6d41\u6d6a\u8005\n|-damage|p2a: \u6d41\u6d6a\u8005|0 fnt\n|faint|p2a: \u6d41\u6d6a\u8005\n|\n|upkeep\n|\n|t:|1699756672\n|switch|p2a: \u82ad\u82ad\u62c9|Clefable, F|71\/100\n|turn|20\n|\n|t:|1699756678\n|move|p1a: Gyarados|Waterfall|p2a: \u82ad\u82ad\u62c9\n|-damage|p2a: \u82ad\u82ad\u62c9|0 fnt\n|faint|p2a: \u82ad\u82ad\u62c9\n|\n|upkeep\n|-message|Yuanshen61\u6211\u8981\u73a9\u539f\u795e forfeited.\n|\n|win|adpg.alt\n|raw|adpg.alt's rating: 1419 &rarr; <strong>1435<\/strong><br \/>(+16 for winning)\n|raw|Yuanshen61\u6211\u8981\u73a9\u539f\u795e's rating: 1341 &rarr; <strong>1325<\/strong><br \/>(-16 for losing)\n|l|\u2606Yuanshen61\u6211\u8981\u73a9\u539f\u795e\n","uploadtime":1699756690,"views":7,"p1id":"adpgalt","p2id":"yuanshen61","formatid":"gen9nationaldex","rating":1325,"private":0,"password":""}