{"id":"gen9nationaldex-1995155638","p1":"Sirrawrz","p2":"randguy1","format":"[Gen 9] National Dex","log":"|html|<div class=\"broadcast-blue\"><strong>[Gen 9] National Dex is currently suspecting Sneasler! For information on how to participate check out the <a href=\"https:\/\/www.smogon.com\/forums\/threads\/sv-national-dex-suspect-8-just-dance.3731534\/\">suspect thread<\/a>.<\/strong><\/div>\n|j|\u2606Sirrawrz\n|j|\u2606randguy1\n|t:|1700528780\n|gametype|singles\n|player|p1|Sirrawrz|emmet|1520\n|player|p2|randguy1|unknown|1571\n|teamsize|p1|6\n|teamsize|p2|6\n|gen|9\n|tier|[Gen 9] National Dex\n|rated|\n|rule|HP Percentage Mod: HP is shown in percentages\n|rule|Endless Battle Clause: Forcing endless battles is banned\n|rule|OHKO Clause: OHKO moves are banned\n|rule|Evasion Clause: Evasion abilities, items, and moves are banned\n|rule|Evasion Abilities Clause: Evasion abilities are banned\n|rule|Evasion Items Clause: Evasion items are banned\n|rule|Evasion Moves Clause: Evasion moves are banned\n|rule|Species Clause: Limit one of each Pok\u00e9mon\n|rule|Sleep Clause Mod: Limit one foe put to sleep\n|clearpoke\n|poke|p1|Ninetales, M|\n|poke|p1|Venusaur, M|\n|poke|p1|Jolteon, M|\n|poke|p1|Blastoise, F|\n|poke|p1|Rhydon, F|\n|poke|p1|Scyther, F|\n|poke|p2|Dragonite, F|\n|poke|p2|Slowking-Galar, M|\n|poke|p2|Landorus-Therian, M|\n|poke|p2|Serperior, M|\n|poke|p2|Scizor, M|\n|poke|p2|Urshifu-*, F|\n|teampreview\n|\n|t:|1700528801\n|start\n|switch|p1a: Scyther|Scyther, F, shiny|100\/100\n|switch|p2a: Slowking|Slowking-Galar, M|100\/100\n|turn|1\n|\n|t:|1700528805\n|-terastallize|p1a: Scyther|Flying\n|move|p1a: Scyther|Dual Wingbeat|p2a: Slowking\n|-damage|p2a: Slowking|47\/100\n|-damage|p2a: Slowking|0 fnt\n|faint|p2a: Slowking\n|-hitcount|p2: Slowking|2\n|\n|upkeep\n|\n|t:|1700528820\n|switch|p2a: Landorus|Landorus-Therian, M|100\/100\n|-ability|p2a: Landorus|Intimidate|boost\n|-unboost|p1a: Scyther|atk|1\n|turn|2\n|\n|t:|1700528823\n|switch|p1a: Blastoise|Blastoise, F, shiny|100\/100\n|move|p2a: Landorus|Knock Off|p1a: Blastoise\n|-damage|p1a: Blastoise|80\/100\n|-enditem|p1a: Blastoise|Assault Vest|[from] move: Knock Off|[of] p2a: Landorus\n|\n|upkeep\n|turn|3\n|\n|t:|1700528827\n|switch|p2a: Serperior|Serperior, M|100\/100\n|move|p1a: Blastoise|Flip Turn|p2a: Serperior\n|-resisted|p2a: Serperior\n|-damage|p2a: Serperior|92\/100\n|\n|t:|1700528831\n|switch|p1a: Ninetales|Ninetales, M, shiny|100\/100|[from] Flip Turn\n|-weather|SunnyDay|[from] ability: Drought|[of] p1a: Ninetales\n|\n|-weather|SunnyDay|[upkeep]\n|-heal|p2a: Serperior|99\/100|[from] item: Leftovers\n|upkeep\n|turn|4\n|\n|t:|1700528837\n|switch|p2a: Dragonite|Dragonite, F|100\/100\n|move|p1a: Ninetales|Weather Ball|p2a: Dragonite\n|-resisted|p2a: Dragonite\n|-damage|p2a: Dragonite|91\/100\n|\n|-weather|SunnyDay|[upkeep]\n|upkeep\n|turn|5\n|\n|t:|1700528840\n|switch|p1a: Blastoise|Blastoise, F, shiny|80\/100\n|move|p2a: Dragonite|Earthquake|p1a: Blastoise\n|-damage|p1a: Blastoise|60\/100\n|\n|-weather|SunnyDay|[upkeep]\n|upkeep\n|turn|6\n|\n|t:|1700528844\n|switch|p2a: Serperior|Serperior, M|99\/100\n|move|p1a: Blastoise|Dragon Tail|p2a: Serperior\n|-damage|p2a: Serperior|86\/100\n|drag|p2a: Urshifu|Urshifu-Rapid-Strike, F|100\/100\n|\n|-weather|SunnyDay|[upkeep]\n|upkeep\n|turn|7\n|\n|t:|1700528849\n|move|p2a: Urshifu|U-turn|p1a: Blastoise\n|-damage|p1a: Blastoise|44\/100\n|\n|t:|1700528854\n|switch|p2a: Serperior|Serperior, M|86\/100|[from] U-turn\n|move|p1a: Blastoise|Flip Turn|p2a: Serperior\n|-resisted|p2a: Serperior\n|-damage|p2a: Serperior|81\/100\n|\n|t:|1700528864\n|switch|p1a: Venusaur|Venusaur, M, shiny|100\/100|[from] Flip Turn\n|\n|-weather|none\n|-heal|p2a: Serperior|87\/100|[from] item: Leftovers\n|upkeep\n|turn|8\n|\n|t:|1700528882\n|switch|p2a: Dragonite|Dragonite, F|91\/100\n|move|p1a: Venusaur|Sludge Bomb|p2a: Dragonite\n|-damage|p2a: Dragonite|59\/100\n|-damage|p1a: Venusaur|91\/100|[from] item: Life Orb\n|\n|upkeep\n|turn|9\n|\n|t:|1700528886\n|move|p1a: Venusaur|Sludge Bomb|p2a: Dragonite\n|-damage|p2a: Dragonite|21\/100\n|-damage|p1a: Venusaur|81\/100|[from] item: Life Orb\n|move|p2a: Dragonite|Ice Beam|p1a: Venusaur\n|-supereffective|p1a: Venusaur\n|-damage|p1a: Venusaur|35\/100\n|\n|upkeep\n|turn|10\n|\n|t:|1700528889\n|move|p1a: Venusaur|Sludge Bomb|p2a: Dragonite\n|-damage|p2a: Dragonite|0 fnt\n|faint|p2a: Dragonite\n|-damage|p1a: Venusaur|25\/100|[from] item: Life Orb\n|\n|upkeep\n|\n|t:|1700528891\n|switch|p2a: Scizor|Scizor, M|100\/100\n|turn|11\n|\n|t:|1700528895\n|switch|p1a: Ninetales|Ninetales, M, shiny|100\/100\n|-weather|SunnyDay|[from] ability: Drought|[of] p1a: Ninetales\n|detailschange|p2a: Scizor|Scizor-Mega, M\n|-mega|p2a: Scizor|Scizor|Scizorite\n|move|p2a: Scizor|Bullet Punch|p1a: Ninetales\n|-resisted|p1a: Ninetales\n|-damage|p1a: Ninetales|70\/100\n|\n|-weather|SunnyDay|[upkeep]\n|upkeep\n|turn|12\n|\n|t:|1700528900\n|switch|p1a: Jolteon|Jolteon, M, shiny|100\/100\n|switch|p2a: Urshifu|Urshifu-Rapid-Strike, F|100\/100\n|\n|-weather|SunnyDay|[upkeep]\n|-status|p1a: Jolteon|brn|[from] item: Flame Orb\n|upkeep\n|turn|13\n|\n|t:|1700528906\n|switch|p2a: Landorus|Landorus-Therian, M|100\/100\n|-ability|p2a: Landorus|Intimidate|boost\n|-unboost|p1a: Jolteon|atk|1\n|move|p1a: Jolteon|Weather Ball|p2a: Landorus\n|-damage|p2a: Landorus|54\/100\n|\n|-weather|SunnyDay|[upkeep]\n|-heal|p2a: Landorus|60\/100|[from] item: Leftovers\n|-damage|p1a: Jolteon|94\/100 brn|[from] brn\n|upkeep\n|turn|14\n|\n|t:|1700528916\n|switch|p1a: Scyther|Scyther, F, shiny, tera:Flying|100\/100\n|move|p2a: Landorus|Earthquake|p1a: Scyther\n|-immune|p1a: Scyther\n|\n|-weather|SunnyDay|[upkeep]\n|-heal|p2a: Landorus|66\/100|[from] item: Leftovers\n|upkeep\n|turn|15\n|\n|t:|1700528921\n|move|p1a: Scyther|Dual Wingbeat|p2a: Landorus\n|-damage|p2a: Landorus|27\/100\n|-damage|p2a: Landorus|0 fnt\n|faint|p2a: Landorus\n|-hitcount|p2: Landorus|2\n|\n|-weather|none\n|upkeep\n|\n|t:|1700528934\n|switch|p2a: Urshifu|Urshifu-Rapid-Strike, F|100\/100\n|turn|16\n|\n|t:|1700528940\n|switch|p1a: Blastoise|Blastoise, F, shiny|44\/100\n|move|p2a: Urshifu|Ice Punch|p1a: Blastoise\n|-resisted|p1a: Blastoise\n|-damage|p1a: Blastoise|35\/100\n|\n|upkeep\n|turn|17\n|\n|t:|1700528943\n|switch|p2a: Serperior|Serperior, M|87\/100\n|move|p1a: Blastoise|Flip Turn|p2a: Serperior\n|-resisted|p2a: Serperior\n|-damage|p2a: Serperior|78\/100\n|\n|t:|1700528945\n|switch|p1a: Ninetales|Ninetales, M, shiny|70\/100|[from] Flip Turn\n|-weather|SunnyDay|[from] ability: Drought|[of] p1a: Ninetales\n|\n|-weather|SunnyDay|[upkeep]\n|-heal|p2a: Serperior|84\/100|[from] item: Leftovers\n|upkeep\n|turn|18\n|-message|randguy1 forfeited.\n|\n|win|Sirrawrz\n|raw|Sirrawrz's rating: 1520 &rarr; <strong>1543<\/strong><br \/>(+23 for winning)\n|raw|randguy1's rating: 1571 &rarr; <strong>1548<\/strong><br \/>(-23 for losing)\n|l|\u2606randguy1\n","uploadtime":1700528956,"views":1,"p1id":"sirrawrz","p2id":"randguy1","formatid":"gen9nationaldex","rating":1543,"private":0,"password":""}