{"id":"gen9nationaldex-1992185817","p1":"The Np sweep","p2":"The power of ROCK","format":"[Gen 9] National Dex","log":"|j|\u203dThe Np sweep\n|j|\u2606The power of ROCK\n|inactive|Battle timer is ON: inactive players will automatically lose when time's up.\n|t:|1700162101\n|gametype|singles\n|player|p1|The Np sweep|hilbert|\n|player|p2|The power of ROCK|roark|\n|teamsize|p1|6\n|teamsize|p2|6\n|gen|9\n|tier|[Gen 9] National Dex\n|rated|Tournament battle\n|rule|HP Percentage Mod: HP is shown in percentages\n|rule|Endless Battle Clause: Forcing endless battles is banned\n|rule|OHKO Clause: OHKO moves are banned\n|rule|Evasion Clause: Evasion abilities, items, and moves are banned\n|rule|Evasion Abilities Clause: Evasion abilities are banned\n|rule|Evasion Items Clause: Evasion items are banned\n|rule|Evasion Moves Clause: Evasion moves are banned\n|rule|Species Clause: Limit one of each Pok\u00e9mon\n|rule|Sleep Clause Mod: Limit one foe put to sleep\n|clearpoke\n|poke|p1|Iron Valiant|\n|poke|p1|Tapu Lele|\n|poke|p1|Zapdos|\n|poke|p1|Zamazenta-*|\n|poke|p1|Ferrothorn, F|\n|poke|p1|Sneasler, F|\n|poke|p2|Tyranitar, M|\n|poke|p2|Garganacl, F|\n|poke|p2|Aggron, M|\n|poke|p2|Cradily, F|\n|poke|p2|Glimmora, M|\n|poke|p2|Avalugg-Hisui, M|\n|teampreview\n|j| greencake\n|j| walpurgisnuit\n|c|\u2606The power of ROCK|Welcome to the ROCK gym\n|j| XXMurdrXX\n|inactive|The power of ROCK has 120 seconds left.\n|\n|t:|1700162133\n|start\n|switch|p1a: Zapdos|Zapdos, shiny|100\/100\n|switch|p2a: Glimmora|Glimmora, M|100\/100\n|turn|1\n|\n|t:|1700162139\n|move|p2a: Glimmora|Mortal Spin|p1a: Zapdos\n|-damage|p1a: Zapdos|94\/100\n|-status|p1a: Zapdos|psn\n|move|p1a: Zapdos|Thunderbolt|p2a: Glimmora\n|-damage|p2a: Glimmora|49\/100\n|\n|-damage|p1a: Zapdos|82\/100 psn|[from] psn\n|upkeep\n|turn|2\n|\n|t:|1700162145\n|switch|p2a: Tyranitar|Tyranitar, M|100\/100\n|-weather|Sandstorm|[from] ability: Sand Stream|[of] p2a: Tyranitar\n|move|p1a: Zapdos|Thunderbolt|p2a: Tyranitar\n|-damage|p2a: Tyranitar|88\/100\n|\n|-weather|Sandstorm|[upkeep]\n|-damage|p1a: Zapdos|76\/100 psn|[from] Sandstorm\n|-damage|p1a: Zapdos|63\/100 psn|[from] psn\n|upkeep\n|turn|3\n|\n|t:|1700162155\n|-activate|p1a: Zapdos|move: Pursuit\n|move|p2a: Tyranitar|Pursuit|p1a: Zapdos|[from]Pursuit\n|-damage|p1a: Zapdos|21\/100 psn\n|switch|p1a: Iron Valiant|Iron Valiant|100\/100\n|\n|-weather|Sandstorm|[upkeep]\n|-damage|p1a: Iron Valiant|94\/100|[from] Sandstorm\n|upkeep\n|turn|4\n|inactive|The Np sweep has 120 seconds left.\n|\n|t:|1700162203\n|switch|p2a: Cradily|Cradily, F|100\/100\n|move|p1a: Iron Valiant|Close Combat|p2a: Cradily\n|-supereffective|p2a: Cradily\n|-damage|p2a: Cradily|3\/100\n|-unboost|p1a: Iron Valiant|def|1\n|-unboost|p1a: Iron Valiant|spd|1\n|-damage|p1a: Iron Valiant|85\/100|[from] item: Life Orb\n|\n|-weather|Sandstorm|[upkeep]\n|-damage|p1a: Iron Valiant|78\/100|[from] Sandstorm\n|upkeep\n|turn|5\n|\n|t:|1700162213\n|move|p1a: Iron Valiant|Close Combat|p2a: Cradily\n|-supereffective|p2a: Cradily\n|-damage|p2a: Cradily|0 fnt\n|-unboost|p1a: Iron Valiant|def|1\n|-unboost|p1a: Iron Valiant|spd|1\n|faint|p2a: Cradily\n|-damage|p1a: Iron Valiant|69\/100|[from] item: Life Orb\n|\n|-weather|Sandstorm|[upkeep]\n|-damage|p1a: Iron Valiant|62\/100|[from] Sandstorm\n|upkeep\n|\n|t:|1700162220\n|switch|p2a: Garganacl|Garganacl, F|100\/100\n|turn|6\n|inactive|The Np sweep has 120 seconds left.\n|c| XXMurdrXX|This is why i think garganacl is broken\n|c|\u2606The power of ROCK|garg hasn't even done anything yet\n|inactive|The Np sweep has 90 seconds left.\n|c|\u2606The power of ROCK|give him a chance xD\n|l| XXMurdrXX\n|inactive|The power of ROCK has 120 seconds left.\n|\n|t:|1700162279\n|-end|p1a: Iron Valiant|Quark Drive|[silent]\n|switch|p1a: Zamazenta|Zamazenta, shiny|100\/100\n|-ability|p1a: Zamazenta|Dauntless Shield|boost\n|-boost|p1a: Zamazenta|def|1\n|-terastallize|p2a: Garganacl|Ghost\n|move|p2a: Garganacl|Salt Cure|p1a: Zamazenta\n|-resisted|p1a: Zamazenta\n|-damage|p1a: Zamazenta|96\/100\n|-start|p1a: Zamazenta|Salt Cure\n|\n|-weather|none\n|-damage|p1a: Zamazenta|84\/100|[from] Salt Cure\n|upkeep\n|turn|7\n|\n|t:|1700162284\n|switch|p1a: Zapdos|Zapdos, shiny|21\/100 psn\n|move|p2a: Garganacl|Iron Defense|p2a: Garganacl\n|-boost|p2a: Garganacl|def|2\n|\n|-damage|p1a: Zapdos|8\/100 psn|[from] psn\n|upkeep\n|turn|8\n|\n|t:|1700162287\n|-zpower|p1a: Zapdos\n|move|p1a: Zapdos|Supersonic Skystrike|p2a: Garganacl|[zeffect]\n|-damage|p2a: Garganacl|41\/100\n|-enditem|p2a: Garganacl|Maranga Berry|[eat]\n|-boost|p2a: Garganacl|spd|1|[from] item: Maranga Berry\n|move|p2a: Garganacl|Recover|p2a: Garganacl\n|-heal|p2a: Garganacl|91\/100\n|\n|-damage|p1a: Zapdos|0 fnt|[from] psn\n|faint|p1a: Zapdos\n|upkeep\n|\n|t:|1700162291\n|switch|p1a: Tapu Lele|Tapu Lele, shiny|100\/100\n|-fieldstart|move: Psychic Terrain|[from] ability: Psychic Surge|[of] p1a: Tapu Lele\n|turn|9\n|\n|t:|1700162293\n|-terastallize|p1a: Tapu Lele|Psychic\n|move|p1a: Tapu Lele|Psychic|p2a: Garganacl\n|-damage|p2a: Garganacl|56\/100\n|move|p2a: Garganacl|Salt Cure|p1a: Tapu Lele\n|-damage|p1a: Tapu Lele|79\/100\n|-start|p1a: Tapu Lele|Salt Cure\n|\n|-damage|p1a: Tapu Lele|67\/100|[from] Salt Cure\n|upkeep\n|turn|10\n|\n|t:|1700162296\n|move|p1a: Tapu Lele|Psychic|p2a: Garganacl\n|-damage|p2a: Garganacl|19\/100\n|-unboost|p2a: Garganacl|spd|1\n|move|p2a: Garganacl|Recover|p2a: Garganacl\n|-heal|p2a: Garganacl|69\/100\n|\n|-damage|p1a: Tapu Lele|54\/100|[from] Salt Cure\n|upkeep\n|turn|11\n|\n|t:|1700162305\n|switch|p1a: Ferrothorn|Ferrothorn, F|100\/100\n|move|p2a: Garganacl|Recover|p2a: Garganacl\n|-heal|p2a: Garganacl|100\/100\n|\n|upkeep\n|turn|12\n|\n|t:|1700162307\n|move|p2a: Garganacl|Salt Cure|p1a: Ferrothorn\n|-resisted|p1a: Ferrothorn\n|-damage|p1a: Ferrothorn|95\/100\n|-start|p1a: Ferrothorn|Salt Cure\n|move|p1a: Ferrothorn|Leech Seed|p2a: Garganacl|[miss]\n|-miss|p1a: Ferrothorn|p2a: Garganacl\n|\n|-heal|p1a: Ferrothorn|100\/100|[from] item: Leftovers\n|-damage|p1a: Ferrothorn|75\/100|[from] Salt Cure\n|upkeep\n|turn|13\n|\n|t:|1700162318\n|move|p2a: Garganacl|Body Press|p1a: Ferrothorn\n|-supereffective|p1a: Ferrothorn\n|-damage|p1a: Ferrothorn|10\/100\n|-damage|p2a: Garganacl|88\/100|[from] ability: Iron Barbs|[of] p1a: Ferrothorn\n|move|p1a: Ferrothorn|Leech Seed|p2a: Garganacl\n|-start|p2a: Garganacl|move: Leech Seed\n|\n|-heal|p1a: Ferrothorn|16\/100|[from] item: Leftovers\n|-damage|p2a: Garganacl|76\/100|[from] Leech Seed|[of] p1a: Ferrothorn\n|-heal|p1a: Ferrothorn|31\/100|[silent]\n|-damage|p1a: Ferrothorn|6\/100|[from] Salt Cure\n|-fieldend|move: Psychic Terrain\n|upkeep\n|turn|14\n|\n|t:|1700162325\n|switch|p2a: Tyranitar|Tyranitar, M|88\/100\n|-weather|Sandstorm|[from] ability: Sand Stream|[of] p2a: Tyranitar\n|switch|p1a: Sneasler|Sneasler, F|100\/100\n|\n|-weather|Sandstorm|[upkeep]\n|-damage|p1a: Sneasler|95\/100|[from] Sandstorm\n|upkeep\n|turn|15\n|j| XXMurdrXX\n|\n|t:|1700162340\n|switch|p1a: Ferrothorn|Ferrothorn, F|6\/100\n|switch|p2a: Avalugg|Avalugg-Hisui, M|100\/100\n|\n|-weather|Sandstorm|[upkeep]\n|-heal|p1a: Ferrothorn|12\/100|[from] item: Leftovers\n|upkeep\n|turn|16\n|\n|t:|1700162343\n|move|p1a: Ferrothorn|Protect|p1a: Ferrothorn\n|-singleturn|p1a: Ferrothorn|Protect\n|move|p2a: Avalugg|Body Press|p1a: Ferrothorn\n|-activate|p1a: Ferrothorn|move: Protect\n|\n|-weather|Sandstorm|[upkeep]\n|-heal|p1a: Ferrothorn|18\/100|[from] item: Leftovers\n|upkeep\n|turn|17\n|\n|t:|1700162348\n|switch|p1a: Zamazenta|Zamazenta, shiny|84\/100\n|move|p2a: Avalugg|Body Press|p1a: Zamazenta\n|-damage|p1a: Zamazenta|46\/100\n|\n|-weather|Sandstorm|[upkeep]\n|-damage|p1a: Zamazenta|40\/100|[from] Sandstorm\n|upkeep\n|turn|18\n|c|\u2606The power of ROCK|seeeesh\n|c|\u2606The power of ROCK|that did 38\n|\n|t:|1700162366\n|switch|p1a: Iron Valiant|Iron Valiant|62\/100\n|switch|p2a: Garganacl|Garganacl, F, tera:Ghost|76\/100\n|\n|-weather|none\n|upkeep\n|turn|19\n|\n|t:|1700162372\n|move|p1a: Iron Valiant|Moonblast|p2a: Garganacl\n|-damage|p2a: Garganacl|45\/100\n|-damage|p1a: Iron Valiant|53\/100|[from] item: Life Orb\n|move|p2a: Garganacl|Recover|p2a: Garganacl\n|-heal|p2a: Garganacl|95\/100\n|\n|upkeep\n|turn|20\n|\n|t:|1700162375\n|move|p1a: Iron Valiant|Knock Off|p2a: Garganacl\n|-supereffective|p2a: Garganacl\n|-damage|p2a: Garganacl|53\/100\n|-damage|p1a: Iron Valiant|43\/100|[from] item: Life Orb\n|move|p2a: Garganacl|Salt Cure|p1a: Iron Valiant\n|-resisted|p1a: Iron Valiant\n|-damage|p1a: Iron Valiant|34\/100\n|-start|p1a: Iron Valiant|Salt Cure\n|\n|-damage|p1a: Iron Valiant|22\/100|[from] Salt Cure\n|upkeep\n|turn|21\n|\n|t:|1700162378\n|-end|p1a: Iron Valiant|Quark Drive|[silent]\n|switch|p1a: Tapu Lele|Tapu Lele, shiny, tera:Psychic|54\/100\n|-fieldstart|move: Psychic Terrain|[from] ability: Psychic Surge|[of] p1a: Tapu Lele\n|move|p2a: Garganacl|Recover|p2a: Garganacl\n|-heal|p2a: Garganacl|100\/100\n|\n|upkeep\n|turn|22\n|l| XXMurdrXX\n|\n|t:|1700162381\n|switch|p2a: Tyranitar|Tyranitar, M|88\/100\n|-weather|Sandstorm|[from] ability: Sand Stream|[of] p2a: Tyranitar\n|move|p1a: Tapu Lele|Psyshock|p2a: Tyranitar\n|-immune|p2a: Tyranitar\n|\n|-weather|Sandstorm|[upkeep]\n|-damage|p1a: Tapu Lele|48\/100|[from] Sandstorm\n|upkeep\n|turn|23\n|\n|t:|1700162383\n|move|p1a: Tapu Lele|Psyshock|p2a: Tyranitar\n|-immune|p2a: Tyranitar\n|move|p2a: Tyranitar|Pursuit|p1a: Tapu Lele\n|-supereffective|p1a: Tapu Lele\n|-damage|p1a: Tapu Lele|0 fnt\n|faint|p1a: Tapu Lele\n|\n|-weather|Sandstorm|[upkeep]\n|upkeep\n|\n|t:|1700162386\n|switch|p1a: Sneasler|Sneasler, F|95\/100\n|-enditem|p1a: Sneasler|Psychic Seed\n|-boost|p1a: Sneasler|spd|1|[from] item: Psychic Seed\n|turn|24\n|\n|t:|1700162395\n|move|p1a: Sneasler|Swords Dance|p1a: Sneasler\n|-boost|p1a: Sneasler|atk|2\n|move|p2a: Tyranitar|Dragon Tail|p1a: Sneasler\n|-crit|p1a: Sneasler\n|-damage|p1a: Sneasler|52\/100\n|drag|p1a: Iron Valiant|Iron Valiant|22\/100\n|\n|-weather|Sandstorm|[upkeep]\n|-damage|p1a: Iron Valiant|15\/100|[from] Sandstorm\n|upkeep\n|turn|25\n|\n|t:|1700162405\n|switch|p2a: Garganacl|Garganacl, F, tera:Ghost|100\/100\n|move|p1a: Iron Valiant|Moonblast|p2a: Garganacl\n|-damage|p2a: Garganacl|64\/100\n|-damage|p1a: Iron Valiant|6\/100|[from] item: Life Orb\n|\n|-weather|Sandstorm|[upkeep]\n|-damage|p1a: Iron Valiant|0 fnt|[from] Sandstorm\n|-damage|p2a: Garganacl|58\/100|[from] Sandstorm\n|faint|p1a: Iron Valiant\n|-end|p1a: Iron Valiant|Quark Drive|[silent]\n|-fieldend|move: Psychic Terrain\n|upkeep\n|inactive|The Np sweep has 120 seconds left.\n|\n|t:|1700162457\n|switch|p1a: Sneasler|Sneasler, F|52\/100\n|turn|26\n|j| Rillamaui\n|inactive|The power of ROCK has 120 seconds left.\n|\n|t:|1700162493\n|move|p1a: Sneasler|Swords Dance|p1a: Sneasler\n|-boost|p1a: Sneasler|atk|2\n|move|p2a: Garganacl|Salt Cure|p1a: Sneasler\n|-resisted|p1a: Sneasler\n|-damage|p1a: Sneasler|39\/100\n|-start|p1a: Sneasler|Salt Cure\n|\n|-weather|none\n|-damage|p1a: Sneasler|27\/100|[from] Salt Cure\n|upkeep\n|turn|27\n|inactive|The power of ROCK has 120 seconds left.\n|\n|t:|1700162499\n|switch|p2a: Tyranitar|Tyranitar, M|88\/100\n|-weather|Sandstorm|[from] ability: Sand Stream|[of] p2a: Tyranitar\n|move|p1a: Sneasler|Acrobatics|p2a: Tyranitar\n|-resisted|p2a: Tyranitar\n|-damage|p2a: Tyranitar|56\/100\n|\n|-weather|Sandstorm|[upkeep]\n|-damage|p1a: Sneasler|21\/100|[from] Sandstorm\n|-damage|p1a: Sneasler|9\/100|[from] Salt Cure\n|upkeep\n|turn|28\n|\n|t:|1700162506\n|move|p1a: Sneasler|Close Combat|p2a: Tyranitar\n|-supereffective|p2a: Tyranitar\n|-damage|p2a: Tyranitar|0 fnt\n|-unboost|p1a: Sneasler|def|1\n|-unboost|p1a: Sneasler|spd|1\n|faint|p2a: Tyranitar\n|\n|-weather|Sandstorm|[upkeep]\n|-damage|p1a: Sneasler|3\/100|[from] Sandstorm\n|-damage|p1a: Sneasler|0 fnt|[from] Salt Cure\n|faint|p1a: Sneasler\n|upkeep\n|-message|The Np sweep forfeited.\n|\n|win|The power of ROCK\n|n|\u203dThe Np sweep|thenpsweep\n|n|\u2606The power of ROCK|thepowerofrock\n|n| greencake|greencake\n|n| walpurgisnuit|walpurgisnuit\n|n| Rillamaui|rillamaui\n|l|\u203dThe Np sweep\n|j| XXMurdrXX\n|l| walpurgisnuit\n|c|\u2606The power of ROCK|gg : )\n|l| greencake\n|l| XXMurdrXX\n|l| Rillamaui\n","uploadtime":1700162526,"views":13,"p1id":"thenpsweep","p2id":"thepowerofrock","formatid":"gen9nationaldex","rating":0,"private":0,"password":""}