{"id":"gen9nationaldex-1987747722","p1":"Guillarco28","p2":"Diieg899","format":"[Gen 9] National Dex","log":"|j|\u2606Guillarco28\n|j|\u2606Diieg899\n|t:|1699633305\n|gametype|singles\n|player|p1|Guillarco28|acetrainer|\n|player|p2|Diieg899|dawn-gen4pt|\n|teamsize|p1|6\n|teamsize|p2|6\n|gen|9\n|tier|[Gen 9] National Dex\n|rule|HP Percentage Mod: HP is shown in percentages\n|rule|Endless Battle Clause: Forcing endless battles is banned\n|rule|OHKO Clause: OHKO moves are banned\n|rule|Evasion Clause: Evasion abilities, items, and moves are banned\n|rule|Evasion Abilities Clause: Evasion abilities are banned\n|rule|Evasion Items Clause: Evasion items are banned\n|rule|Evasion Moves Clause: Evasion moves are banned\n|rule|Species Clause: Limit one of each Pok\u00e9mon\n|rule|Sleep Clause Mod: Limit one foe put to sleep\n|clearpoke\n|poke|p1|Dondozo, M|\n|poke|p1|Maushold-Four|\n|poke|p1|Cinderace, M|\n|poke|p1|Gliscor, F|\n|poke|p1|Eiscue, M|\n|poke|p1|Diancie|\n|poke|p2|Pelipper, F|\n|poke|p2|Tapu Koko|\n|poke|p2|Garchomp, F|\n|poke|p2|Kartana|\n|poke|p2|Volcarona, F|\n|poke|p2|Meowscarada, F|\n|teampreview\n|j| hideyourpineapples\n|\n|t:|1699633320\n|start\n|switch|p1a: Bad Bunny|Cinderace, M|100\/100\n|switch|p2a: .|Pelipper, F, shiny|100\/100\n|-weather|RainDance|[from] ability: Drizzle|[of] p2a: .\n|turn|1\n|\n|t:|1699633339\n|move|p1a: Bad Bunny|U-turn|p2a: .\n|-start|p1a: Bad Bunny|typechange|Bug|[from] ability: Libero\n|-resisted|p2a: .\n|-damage|p2a: .|87\/100\n|\n|t:|1699633345\n|switch|p1a: Ariana Grande|Diancie|100\/100|[from] U-turn\n|move|p2a: .|Scald|p1a: Ariana Grande\n|-supereffective|p1a: Ariana Grande\n|-damage|p1a: Ariana Grande|18\/100\n|\n|-weather|RainDance|[upkeep]\n|upkeep\n|turn|2\n|\n|t:|1699633367\n|detailschange|p1a: Ariana Grande|Diancie-Mega\n|-mega|p1a: Ariana Grande|Diancie|Diancite\n|move|p1a: Ariana Grande|Diamond Storm|p2a: .\n|-supereffective|p2a: .\n|-damage|p2a: .|9\/100\n|move|p2a: .|Scald|p1a: Ariana Grande\n|-supereffective|p1a: Ariana Grande\n|-damage|p1a: Ariana Grande|0 fnt\n|faint|p1a: Ariana Grande\n|\n|-weather|RainDance|[upkeep]\n|upkeep\n|c|\u2606Diieg899|god\n|\n|t:|1699633394\n|switch|p1a: Vin Diesel|Maushold-Four|100\/100\n|turn|3\n|c|\u2606Diieg899|ahora se viene el declibe\n|\n|t:|1699633405\n|switch|p2a: Katana|Kartana|100\/100\n|move|p1a: Vin Diesel|Population Bomb|p2a: Katana\n|-resisted|p2a: Katana\n|-damage|p2a: Katana|95\/100\n|-resisted|p2a: Katana\n|-damage|p2a: Katana|89\/100\n|-resisted|p2a: Katana\n|-damage|p2a: Katana|83\/100\n|-resisted|p2a: Katana\n|-damage|p2a: Katana|77\/100\n|-resisted|p2a: Katana\n|-damage|p2a: Katana|71\/100\n|-resisted|p2a: Katana\n|-damage|p2a: Katana|65\/100\n|-resisted|p2a: Katana\n|-damage|p2a: Katana|60\/100\n|-resisted|p2a: Katana\n|-damage|p2a: Katana|54\/100\n|-resisted|p2a: Katana\n|-damage|p2a: Katana|48\/100\n|-resisted|p2a: Katana\n|-damage|p2a: Katana|42\/100\n|-hitcount|p2a: Katana|10\n|\n|-weather|RainDance|[upkeep]\n|upkeep\n|turn|4\n|\n|t:|1699633434\n|move|p1a: Vin Diesel|U-turn|p2a: Katana\n|-damage|p2a: Katana|25\/100\n|\n|t:|1699633438\n|switch|p1a: Bad Bunny|Cinderace, M|100\/100|[from] U-turn\n|move|p2a: Katana|Sacred Sword|p1a: Bad Bunny\n|-damage|p1a: Bad Bunny|46\/100\n|\n|-weather|RainDance|[upkeep]\n|upkeep\n|turn|5\n|\n|t:|1699633453\n|switch|p2a: Garchomp-Femin|Garchomp, F, shiny|100\/100\n|move|p1a: Bad Bunny|Pyro Ball|p2a: Garchomp-Femin\n|-resisted|p2a: Garchomp-Femin\n|-damage|p2a: Garchomp-Femin|86\/100\n|\n|-weather|RainDance|[upkeep]\n|upkeep\n|turn|6\n|\n|t:|1699633489\n|move|p1a: Bad Bunny|U-turn|p2a: Garchomp-Femin\n|-start|p1a: Bad Bunny|typechange|Bug|[from] ability: Libero\n|-damage|p2a: Garchomp-Femin|50\/100\n|-damage|p1a: Bad Bunny|34\/100|[from] ability: Rough Skin|[of] p2a: Garchomp-Femin\n|\n|t:|1699633496\n|switch|p1a: mi ex t\u00f3xica|Gliscor, F, shiny|100\/100|[from] U-turn\n|move|p2a: Garchomp-Femin|Stone Edge|p1a: mi ex t\u00f3xica\n|-damage|p1a: mi ex t\u00f3xica|71\/100\n|\n|-weather|RainDance|[upkeep]\n|-status|p1a: mi ex t\u00f3xica|tox|[from] item: Toxic Orb\n|upkeep\n|turn|7\n|\n|t:|1699633531\n|detailschange|p2a: Garchomp-Femin|Garchomp-Mega, F, shiny\n|-mega|p2a: Garchomp-Femin|Garchomp|Garchompite\n|move|p1a: mi ex t\u00f3xica|Protect|p1a: mi ex t\u00f3xica\n|-singleturn|p1a: mi ex t\u00f3xica|Protect\n|move|p2a: Garchomp-Femin|Stone Edge|p1a: mi ex t\u00f3xica\n|-activate|p1a: mi ex t\u00f3xica|move: Protect\n|\n|-weather|RainDance|[upkeep]\n|-heal|p1a: mi ex t\u00f3xica|84\/100 tox|[from] ability: Poison Heal\n|upkeep\n|turn|8\n|\n|t:|1699633558\n|move|p2a: Garchomp-Femin|Stone Edge|p1a: mi ex t\u00f3xica\n|-damage|p1a: mi ex t\u00f3xica|51\/100 tox\n|move|p1a: mi ex t\u00f3xica|Knock Off|p2a: Garchomp-Femin\n|-damage|p2a: Garchomp-Femin|37\/100\n|\n|-weather|none\n|-heal|p1a: mi ex t\u00f3xica|63\/100 tox|[from] ability: Poison Heal\n|upkeep\n|turn|9\n|\n|t:|1699633569\n|move|p2a: Garchomp-Femin|Swords Dance|p2a: Garchomp-Femin\n|-boost|p2a: Garchomp-Femin|atk|2\n|move|p1a: mi ex t\u00f3xica|Defog|p2a: Garchomp-Femin\n|-unboost|p2a: Garchomp-Femin|evasion|1\n|\n|-heal|p1a: mi ex t\u00f3xica|76\/100 tox|[from] ability: Poison Heal\n|upkeep\n|turn|10\n|\n|t:|1699633576\n|move|p2a: Garchomp-Femin|Stone Edge|p1a: mi ex t\u00f3xica|[miss]\n|-miss|p2a: Garchomp-Femin|p1a: mi ex t\u00f3xica\n|move|p1a: mi ex t\u00f3xica|Earthquake|p2a: Garchomp-Femin\n|-damage|p2a: Garchomp-Femin|7\/100\n|\n|-heal|p1a: mi ex t\u00f3xica|88\/100 tox|[from] ability: Poison Heal\n|upkeep\n|turn|11\n|\n|t:|1699633600\n|move|p2a: Garchomp-Femin|Stone Edge|p1a: mi ex t\u00f3xica\n|-damage|p1a: mi ex t\u00f3xica|22\/100 tox\n|move|p1a: mi ex t\u00f3xica|Knock Off|p2a: Garchomp-Femin\n|-damage|p2a: Garchomp-Femin|0 fnt\n|faint|p2a: Garchomp-Femin\n|\n|-heal|p1a: mi ex t\u00f3xica|35\/100 tox|[from] ability: Poison Heal\n|upkeep\n|\n|t:|1699633629\n|switch|p2a: Rule|Meowscarada, F|100\/100\n|turn|12\n|\n|t:|1699633641\n|move|p1a: mi ex t\u00f3xica|Protect|p1a: mi ex t\u00f3xica\n|-singleturn|p1a: mi ex t\u00f3xica|Protect\n|move|p2a: Rule|Low Kick|p1a: mi ex t\u00f3xica\n|-activate|p1a: mi ex t\u00f3xica|move: Protect\n|\n|-heal|p1a: mi ex t\u00f3xica|47\/100 tox|[from] ability: Poison Heal\n|upkeep\n|turn|13\n|\n|t:|1699633716\n|move|p2a: Rule|Low Kick|p1a: mi ex t\u00f3xica\n|-resisted|p1a: mi ex t\u00f3xica\n|-damage|p1a: mi ex t\u00f3xica|40\/100 tox\n|move|p1a: mi ex t\u00f3xica|Earthquake|p2a: Rule\n|-resisted|p2a: Rule\n|-damage|p2a: Rule|70\/100\n|\n|-heal|p1a: mi ex t\u00f3xica|52\/100 tox|[from] ability: Poison Heal\n|upkeep\n|turn|14\n|\n|t:|1699633756\n|move|p2a: Rule|Flower Trick|p1a: mi ex t\u00f3xica\n|-crit|p1a: mi ex t\u00f3xica\n|-damage|p1a: mi ex t\u00f3xica|12\/100 tox\n|move|p1a: mi ex t\u00f3xica|Knock Off|p2a: Rule\n|-resisted|p2a: Rule\n|-damage|p2a: Rule|52\/100\n|-enditem|p2a: Rule|Focus Sash|[from] move: Knock Off|[of] p1a: mi ex t\u00f3xica\n|\n|-heal|p1a: mi ex t\u00f3xica|25\/100 tox|[from] ability: Poison Heal\n|upkeep\n|turn|15\n|\n|t:|1699633780\n|move|p1a: mi ex t\u00f3xica|Protect|p1a: mi ex t\u00f3xica\n|-singleturn|p1a: mi ex t\u00f3xica|Protect\n|move|p2a: Rule|Flower Trick|p1a: mi ex t\u00f3xica\n|-activate|p1a: mi ex t\u00f3xica|move: Protect\n|\n|-heal|p1a: mi ex t\u00f3xica|37\/100 tox|[from] ability: Poison Heal\n|upkeep\n|turn|16\n|\n|t:|1699633815\n|switch|p1a: Vin Diesel|Maushold-Four|100\/100\n|move|p2a: Rule|Flower Trick|p1a: Vin Diesel\n|-crit|p1a: Vin Diesel\n|-damage|p1a: Vin Diesel|23\/100\n|\n|upkeep\n|turn|17\n|\n|t:|1699633872\n|switch|p1a: Pingu3|Eiscue, M|100\/100\n|move|p2a: Rule|Low Kick|p1a: Pingu3\n|-activate|p1a: Pingu3|ability: Ice Face\n|-damage|p1a: Pingu3|100\/100\n|detailschange|p1a: Pingu3|Eiscue-Noice, M\n|\n|upkeep\n|turn|18\n|\n|t:|1699633939\n|switch|p2a: Coco|Tapu Koko|100\/100\n|-fieldstart|move: Electric Terrain|[from] ability: Electric Surge|[of] p2a: Coco\n|move|p1a: Pingu3|Ice Spinner|p2a: Coco\n|-damage|p2a: Coco|66\/100\n|-fieldend|move: Electric Terrain\n|\n|upkeep\n|turn|19\n|\n|t:|1699633983\n|move|p2a: Coco|Thunderbolt|p1a: Pingu3\n|-damage|p1a: Pingu3|15\/100\n|-damage|p2a: Coco|56\/100|[from] item: Life Orb\n|move|p1a: Pingu3|Liquidation|p2a: Coco\n|-crit|p2a: Coco\n|-damage|p2a: Coco|14\/100\n|\n|upkeep\n|turn|20\n|\n|t:|1699634013\n|switch|p1a: mi ex t\u00f3xica|Gliscor, F, shiny|37\/100 tox\n|move|p2a: Coco|Volt Switch|p1a: mi ex t\u00f3xica\n|-immune|p1a: mi ex t\u00f3xica\n|\n|-heal|p1a: mi ex t\u00f3xica|49\/100 tox|[from] ability: Poison Heal\n|upkeep\n|turn|21\n|\n|t:|1699634040\n|switch|p2a: Rule|Meowscarada, F|52\/100\n|move|p1a: mi ex t\u00f3xica|Protect||[still]\n|-fail|p1a: mi ex t\u00f3xica\n|\n|-heal|p1a: mi ex t\u00f3xica|62\/100 tox|[from] ability: Poison Heal\n|upkeep\n|turn|22\n|\n|t:|1699634057\n|move|p2a: Rule|Flower Trick|p1a: mi ex t\u00f3xica\n|-crit|p1a: mi ex t\u00f3xica\n|-damage|p1a: mi ex t\u00f3xica|24\/100 tox\n|move|p1a: mi ex t\u00f3xica|Earthquake|p2a: Rule\n|-resisted|p2a: Rule\n|-damage|p2a: Rule|25\/100\n|\n|-heal|p1a: mi ex t\u00f3xica|36\/100 tox|[from] ability: Poison Heal\n|upkeep\n|turn|23\n|\n|t:|1699634102\n|move|p1a: mi ex t\u00f3xica|Protect|p1a: mi ex t\u00f3xica\n|-singleturn|p1a: mi ex t\u00f3xica|Protect\n|move|p2a: Rule|Flower Trick|p1a: mi ex t\u00f3xica\n|-activate|p1a: mi ex t\u00f3xica|move: Protect\n|\n|-heal|p1a: mi ex t\u00f3xica|49\/100 tox|[from] ability: Poison Heal\n|upkeep\n|turn|24\n|\n|t:|1699634110\n|move|p2a: Rule|Flower Trick|p1a: mi ex t\u00f3xica\n|-crit|p1a: mi ex t\u00f3xica\n|-damage|p1a: mi ex t\u00f3xica|0 fnt\n|faint|p1a: mi ex t\u00f3xica\n|\n|upkeep\n|\n|t:|1699634117\n|switch|p1a: Bad Bunny|Cinderace, M|34\/100\n|turn|25\n|\n|t:|1699634144\n|switch|p2a: Volcarona|Volcarona, F|100\/100\n|move|p1a: Bad Bunny|Sucker Punch||[still]\n|-fail|p1a: Bad Bunny\n|\n|upkeep\n|turn|26\n|\n|t:|1699634179\n|switch|p1a: Ballenato|Dondozo, M|100\/100\n|move|p2a: Volcarona|Fiery Dance|p1a: Ballenato\n|-resisted|p1a: Ballenato\n|-damage|p1a: Ballenato|76\/100\n|\n|-heal|p1a: Ballenato|82\/100|[from] item: Leftovers\n|upkeep\n|turn|27\n|\n|t:|1699634192\n|move|p2a: Volcarona|Bug Buzz|p1a: Ballenato\n|-damage|p1a: Ballenato|35\/100\n|move|p1a: Ballenato|Wave Crash|p2a: Volcarona\n|-supereffective|p2a: Volcarona\n|-damage|p2a: Volcarona|0 fnt\n|faint|p2a: Volcarona\n|-damage|p1a: Ballenato|15\/100|[from] Recoil\n|\n|-heal|p1a: Ballenato|21\/100|[from] item: Leftovers\n|upkeep\n|\n|t:|1699634210\n|switch|p2a: Coco|Tapu Koko|14\/100\n|-fieldstart|move: Electric Terrain|[from] ability: Electric Surge|[of] p2a: Coco\n|turn|28\n|\n|t:|1699634231\n|move|p2a: Coco|Thunderbolt|p1a: Ballenato\n|-supereffective|p1a: Ballenato\n|-damage|p1a: Ballenato|0 fnt\n|faint|p1a: Ballenato\n|-damage|p2a: Coco|4\/100|[from] item: Life Orb\n|\n|upkeep\n|\n|t:|1699634240\n|switch|p1a: Bad Bunny|Cinderace, M|34\/100\n|turn|29\n|\n|t:|1699634250\n|move|p1a: Bad Bunny|Sucker Punch|p2a: Coco\n|-start|p1a: Bad Bunny|typechange|Dark|[from] ability: Libero\n|-resisted|p2a: Coco\n|-damage|p2a: Coco|0 fnt\n|faint|p2a: Coco\n|\n|upkeep\n|\n|t:|1699634271\n|switch|p2a: Katana|Kartana|25\/100\n|turn|30\n|\n|t:|1699634275\n|-terastallize|p2a: Katana|Fighting\n|move|p1a: Bad Bunny|Pyro Ball|p2a: Katana\n|-damage|p2a: Katana|0 fnt\n|faint|p2a: Katana\n|\n|upkeep\n|\n|t:|1699634282\n|switch|p2a: .|Pelipper, F, shiny|9\/100\n|-weather|RainDance|[from] ability: Drizzle|[of] p2a: .\n|turn|31\n|\n|t:|1699634297\n|move|p1a: Bad Bunny|Sucker Punch||[still]\n|-fail|p1a: Bad Bunny\n|move|p2a: .|Roost|p2a: .\n|-heal|p2a: .|59\/100\n|-singleturn|p2a: .|move: Roost\n|\n|-weather|RainDance|[upkeep]\n|upkeep\n|turn|32\n|\n|t:|1699634312\n|move|p1a: Bad Bunny|Sucker Punch||[still]\n|-fail|p1a: Bad Bunny\n|move|p2a: .|Roost|p2a: .\n|-heal|p2a: .|100\/100\n|-singleturn|p2a: .|move: Roost\n|\n|-weather|RainDance|[upkeep]\n|-fieldend|move: Electric Terrain\n|upkeep\n|turn|33\n|\n|t:|1699634326\n|move|p1a: Bad Bunny|Sucker Punch|p2a: .\n|-damage|p2a: .|75\/100\n|move|p2a: .|Hurricane|p1a: Bad Bunny\n|-damage|p1a: Bad Bunny|0 fnt\n|faint|p1a: Bad Bunny\n|\n|-weather|RainDance|[upkeep]\n|upkeep\n|\n|t:|1699634337\n|switch|p1a: Vin Diesel|Maushold-Four|23\/100\n|turn|34\n|\n|t:|1699634345\n|-terastallize|p1a: Vin Diesel|Normal\n|move|p1a: Vin Diesel|Population Bomb|p2a: .\n|-damage|p2a: .|64\/100\n|-damage|p2a: .|54\/100\n|-damage|p2a: .|43\/100\n|-damage|p2a: .|31\/100\n|-damage|p2a: .|20\/100\n|-damage|p2a: .|9\/100\n|-damage|p2a: .|0 fnt\n|faint|p2a: .\n|-hitcount|p2: .|7\n|\n|-weather|RainDance|[upkeep]\n|upkeep\n|\n|t:|1699634358\n|switch|p2a: Rule|Meowscarada, F|25\/100\n|turn|35\n|\n|t:|1699634370\n|move|p2a: Rule|Low Kick|p1a: Vin Diesel\n|-supereffective|p1a: Vin Diesel\n|-damage|p1a: Vin Diesel|4\/100\n|move|p1a: Vin Diesel|Population Bomb|p2a: Rule\n|-damage|p2a: Rule|1\/100\n|-damage|p2a: Rule|0 fnt\n|faint|p2a: Rule\n|-hitcount|p2: Rule|2\n|\n|win|Guillarco28\n|l|\u2606Diieg899\n","uploadtime":1699634424,"views":6,"p1id":"guillarco28","p2id":"diieg899","formatid":"gen9nationaldex","rating":0,"private":0,"password":""}