{"id":"gen9nationaldex-1989210611","p1":"larsonshark","p2":"lolducks","format":"[Gen 9] National Dex","log":"|j|\u2606larsonshark\n|j|\u2606lolducks\n|t:|1699823803\n|gametype|singles\n|player|p1|larsonshark|caitlin|1442\n|player|p2|lolducks|parasollady|1446\n|teamsize|p1|6\n|teamsize|p2|6\n|gen|9\n|tier|[Gen 9] National Dex\n|rated|\n|rule|HP Percentage Mod: HP is shown in percentages\n|rule|Endless Battle Clause: Forcing endless battles is banned\n|rule|OHKO Clause: OHKO moves are banned\n|rule|Evasion Clause: Evasion abilities, items, and moves are banned\n|rule|Evasion Abilities Clause: Evasion abilities are banned\n|rule|Evasion Items Clause: Evasion items are banned\n|rule|Evasion Moves Clause: Evasion moves are banned\n|rule|Species Clause: Limit one of each Pok\u00e9mon\n|rule|Sleep Clause Mod: Limit one foe put to sleep\n|clearpoke\n|poke|p1|Smeargle, F|\n|poke|p1|Aggron, F|\n|poke|p1|Terrakion|\n|poke|p1|Scolipede, F|\n|poke|p1|Tapu Koko|\n|poke|p1|Iron Valiant|\n|poke|p2|Iron Valiant|\n|poke|p2|Volcarona, F|\n|poke|p2|Garchomp, F|\n|poke|p2|Rillaboom, F|\n|poke|p2|Rotom-Wash|\n|poke|p2|Sneasler, M|\n|teampreview\n|inactive|Battle timer is ON: inactive players will automatically lose when time's up. (requested by larsonshark)\n|inactive|lolducks also wants the timer to be on.\n|\n|t:|1699823811\n|start\n|switch|p1a: Aggron|Aggron, F|100\/100\n|switch|p2a: Garchomp|Garchomp, F|100\/100\n|turn|1\n|\n|t:|1699823819\n|switch|p2a: Rillaboom|Rillaboom, F|100\/100\n|-fieldstart|move: Grassy Terrain|[from] ability: Grassy Surge|[of] p2a: Rillaboom\n|move|p1a: Aggron|Stealth Rock|p2a: Rillaboom\n|-sidestart|p2: lolducks|move: Stealth Rock\n|\n|upkeep\n|turn|2\n|\n|t:|1699823821\n|switch|p1a: Tapu Koko|Tapu Koko|100\/100\n|-fieldstart|move: Electric Terrain|[from] ability: Electric Surge|[of] p1a: Tapu Koko\n|move|p2a: Rillaboom|Knock Off|p1a: Tapu Koko\n|-resisted|p1a: Tapu Koko\n|-damage|p1a: Tapu Koko|83\/100\n|\n|upkeep\n|turn|3\n|\n|t:|1699823828\n|switch|p2a: Iron Valiant|Iron Valiant|100\/100\n|-damage|p2a: Iron Valiant|94\/100|[from] Stealth Rock\n|-activate|p2a: Iron Valiant|ability: Quark Drive\n|-start|p2a: Iron Valiant|quarkdrivespe\n|move|p1a: Tapu Koko|U-turn|p2a: Iron Valiant\n|-resisted|p2a: Iron Valiant\n|-damage|p2a: Iron Valiant|87\/100\n|\n|t:|1699823839\n|switch|p1a: Iron Valiant|Iron Valiant|100\/100|[from] U-turn\n|-activate|p1a: Iron Valiant|ability: Quark Drive\n|-start|p1a: Iron Valiant|quarkdrivespe\n|\n|upkeep\n|turn|4\n|\n|t:|1699823842\n|move|p2a: Iron Valiant|Moonblast|p1a: Iron Valiant\n|-supereffective|p1a: Iron Valiant\n|-damage|p1a: Iron Valiant|0 fnt\n|faint|p1a: Iron Valiant\n|-end|p1a: Iron Valiant|Quark Drive|[silent]\n|\n|upkeep\n|\n|t:|1699823850\n|switch|p1a: Tapu Koko|Tapu Koko|83\/100\n|turn|5\n|\n|t:|1699823855\n|move|p2a: Iron Valiant|Moonblast|p1a: Tapu Koko\n|-damage|p1a: Tapu Koko|10\/100\n|move|p1a: Tapu Koko|Brave Bird|p2a: Iron Valiant\n|-supereffective|p2a: Iron Valiant\n|-damage|p2a: Iron Valiant|0 fnt\n|faint|p2a: Iron Valiant\n|-end|p2a: Iron Valiant|Quark Drive|[silent]\n|-damage|p1a: Tapu Koko|0 fnt|[from] Recoil\n|faint|p1a: Tapu Koko\n|\n|upkeep\n|\n|t:|1699823865\n|switch|p1a: chug jug|Smeargle, F|100\/100\n|switch|p2a: Rillaboom|Rillaboom, F|100\/100\n|-damage|p2a: Rillaboom|88\/100|[from] Stealth Rock\n|-fieldstart|move: Grassy Terrain|[from] ability: Grassy Surge|[of] p2a: Rillaboom\n|turn|6\n|\n|t:|1699823871\n|move|p1a: chug jug|Revival Blessing|p1a: chug jug\n|\n|t:|1699823873\n|-heal|p1: Tapu Koko|50\/100|[from] move: Revival Blessing\n|move|p2a: Rillaboom|Knock Off|p1a: chug jug\n|-damage|p1a: chug jug|18\/100\n|-enditem|p1a: chug jug|Focus Sash|[from] move: Knock Off|[of] p2a: Rillaboom\n|\n|-heal|p1a: chug jug|24\/100|[from] Grassy Terrain\n|-heal|p2a: Rillaboom|94\/100|[from] Grassy Terrain\n|-heal|p2a: Rillaboom|100\/100|[from] item: Leftovers\n|upkeep\n|turn|7\n|\n|t:|1699823879\n|move|p2a: Rillaboom|Grassy Glide|p1a: chug jug\n|-damage|p1a: chug jug|0 fnt\n|faint|p1a: chug jug\n|\n|upkeep\n|\n|t:|1699823882\n|switch|p1a: Tapu Koko|Tapu Koko|50\/100\n|-fieldstart|move: Electric Terrain|[from] ability: Electric Surge|[of] p1a: Tapu Koko\n|turn|8\n|\n|t:|1699823888\n|-zpower|p1a: Tapu Koko\n|move|p1a: Tapu Koko|Supersonic Skystrike|p2a: Rillaboom|[zeffect]\n|-supereffective|p2a: Rillaboom\n|-damage|p2a: Rillaboom|0 fnt\n|faint|p2a: Rillaboom\n|\n|upkeep\n|\n|t:|1699823896\n|switch|p2a: Rotom|Rotom-Wash|100\/100\n|-damage|p2a: Rotom|88\/100|[from] Stealth Rock\n|turn|9\n|\n|t:|1699823899\n|move|p1a: Tapu Koko|U-turn|p2a: Rotom\n|-damage|p2a: Rotom|71\/100\n|\n|t:|1699823903\n|switch|p1a: Terrakion|Terrakion|100\/100|[from] U-turn\n|move|p2a: Rotom|Will-O-Wisp|p1a: Terrakion\n|-status|p1a: Terrakion|brn\n|\n|-heal|p2a: Rotom|77\/100|[from] item: Leftovers\n|-damage|p1a: Terrakion|94\/100 brn|[from] brn\n|upkeep\n|turn|10\n|\n|t:|1699823908\n|move|p1a: Terrakion|Rock Polish|p1a: Terrakion\n|-boost|p1a: Terrakion|spe|2\n|move|p2a: Rotom|Hydro Pump|p1a: Terrakion\n|-supereffective|p1a: Terrakion\n|-damage|p1a: Terrakion|7\/100 brn\n|\n|-heal|p2a: Rotom|83\/100|[from] item: Leftovers\n|-damage|p1a: Terrakion|1\/100 brn|[from] brn\n|upkeep\n|turn|11\n|\n|t:|1699823914\n|move|p1a: Terrakion|Close Combat|p2a: Rotom\n|-damage|p2a: Rotom|48\/100\n|-unboost|p1a: Terrakion|def|1\n|-unboost|p1a: Terrakion|spd|1\n|-damage|p1a: Terrakion|0 fnt|[from] item: Life Orb\n|faint|p1a: Terrakion\n|move|p2a: Rotom|Volt Switch|p1: Terrakion|[notarget]\n|-fail|p2a: Rotom\n|\n|-heal|p2a: Rotom|54\/100|[from] item: Leftovers\n|upkeep\n|inactive|larsonshark has 120 seconds left.\n|\n|t:|1699823972\n|switch|p1a: Scolipede|Scolipede, F|100\/100\n|turn|12\n|\n|t:|1699823975\n|move|p1a: Scolipede|Swords Dance|p1a: Scolipede\n|-boost|p1a: Scolipede|atk|2\n|move|p2a: Rotom|Will-O-Wisp|p1a: Scolipede\n|-status|p1a: Scolipede|brn\n|\n|-heal|p2a: Rotom|60\/100|[from] item: Leftovers\n|-damage|p1a: Scolipede|94\/100 brn|[from] brn\n|-fieldend|move: Electric Terrain\n|-ability|p1a: Scolipede|Speed Boost|boost\n|-boost|p1a: Scolipede|spe|1\n|upkeep\n|turn|13\n|\n|t:|1699823982\n|move|p1a: Scolipede|Swords Dance|p1a: Scolipede\n|-boost|p1a: Scolipede|atk|2\n|move|p2a: Rotom|Volt Switch|p1a: Scolipede\n|-damage|p1a: Scolipede|53\/100 brn\n|\n|t:|1699823985\n|switch|p2a: Sneasler|Sneasler, M|100\/100|[from] Volt Switch\n|-damage|p2a: Sneasler|95\/100|[from] Stealth Rock\n|\n|-damage|p1a: Scolipede|47\/100 brn|[from] brn\n|-ability|p1a: Scolipede|Speed Boost|boost\n|-boost|p1a: Scolipede|spe|1\n|upkeep\n|turn|14\n|\n|t:|1699823988\n|move|p1a: Scolipede|Earthquake|p2a: Sneasler\n|-supereffective|p2a: Sneasler\n|-damage|p2a: Sneasler|0 fnt\n|faint|p2a: Sneasler\n|\n|-damage|p1a: Scolipede|41\/100 brn|[from] brn\n|-ability|p1a: Scolipede|Speed Boost|boost\n|-boost|p1a: Scolipede|spe|1\n|upkeep\n|\n|t:|1699823993\n|switch|p2a: Rotom|Rotom-Wash|60\/100\n|-damage|p2a: Rotom|48\/100|[from] Stealth Rock\n|turn|15\n|\n|t:|1699824000\n|move|p1a: Scolipede|X-Scissor|p2a: Rotom\n|-damage|p2a: Rotom|4\/100\n|move|p2a: Rotom|Volt Switch|p1a: Scolipede\n|-damage|p1a: Scolipede|0 fnt\n|faint|p1a: Scolipede\n|\n|t:|1699824006\n|switch|p2a: Garchomp|Garchomp, F|100\/100|[from] Volt Switch\n|-damage|p2a: Garchomp|94\/100|[from] Stealth Rock\n|\n|upkeep\n|\n|t:|1699824014\n|switch|p1a: Aggron|Aggron, F|100\/100\n|turn|16\n|\n|t:|1699824017\n|detailschange|p1a: Aggron|Aggron-Mega, F\n|-mega|p1a: Aggron|Aggron|Aggronite\n|move|p2a: Garchomp|Earthquake|p1a: Aggron\n|-supereffective|p1a: Aggron\n|-damage|p1a: Aggron|59\/100\n|move|p1a: Aggron|Autotomize|p1a: Aggron\n|-boost|p1a: Aggron|spe|2\n|-start|p1a: Aggron|Autotomize\n|\n|upkeep\n|turn|17\n|\n|t:|1699824022\n|move|p1a: Aggron|Iron Defense|p1a: Aggron\n|-boost|p1a: Aggron|def|2\n|move|p2a: Garchomp|Earthquake|p1a: Aggron\n|-supereffective|p1a: Aggron\n|-damage|p1a: Aggron|39\/100\n|\n|upkeep\n|turn|18\n|\n|t:|1699824027\n|move|p1a: Aggron|Iron Defense|p1a: Aggron\n|-boost|p1a: Aggron|def|2\n|move|p2a: Garchomp|Earthquake|p1a: Aggron\n|-supereffective|p1a: Aggron\n|-damage|p1a: Aggron|27\/100\n|\n|upkeep\n|turn|19\n|\n|t:|1699824035\n|move|p1a: Aggron|Iron Defense|p1a: Aggron\n|-boost|p1a: Aggron|def|2\n|move|p2a: Garchomp|Earthquake|p1a: Aggron\n|-supereffective|p1a: Aggron\n|-damage|p1a: Aggron|18\/100\n|\n|upkeep\n|turn|20\n|\n|t:|1699824039\n|move|p1a: Aggron|Body Press|p2a: Garchomp\n|-damage|p2a: Garchomp|0 fnt\n|-damage|p1a: Aggron|5\/100|[from] ability: Rough Skin|[of] p2a: Garchomp\n|faint|p2a: Garchomp\n|\n|upkeep\n|\n|t:|1699824044\n|switch|p2a: Volcarona|Volcarona, F|100\/100\n|turn|21\n|\n|t:|1699824049\n|-terastallize|p2a: Volcarona|Grass\n|move|p1a: Aggron|Body Press|p2a: Volcarona\n|-damage|p2a: Volcarona|0 fnt\n|faint|p2a: Volcarona\n|\n|upkeep\n|\n|t:|1699824051\n|switch|p2a: Rotom|Rotom-Wash|4\/100\n|-damage|p2a: Rotom|0 fnt|[from] Stealth Rock\n|faint|p2a: Rotom\n|\n|win|larsonshark\n|raw|larsonshark's rating: 1442 &rarr; <strong>1462<\/strong><br \/>(+20 for winning)\n|raw|lolducks's rating: 1446 &rarr; <strong>1426<\/strong><br \/>(-20 for losing)\n|l|\u2606lolducks\n|c|\u2606larsonshark|gg\n","uploadtime":1699824246,"views":6,"p1id":"larsonshark","p2id":"lolducks","formatid":"gen9nationaldex","rating":1426,"private":0,"password":""}