{"id":"gen9nationaldex-1996738312","p1":"snivy ye \u53f6\u86c7","p2":"Nightmarehall","format":"[Gen 9] National Dex","log":"|html|<div class=\"broadcast-blue\"><strong>[Gen 9] National Dex is currently suspecting Sneasler! For information on how to participate check out the <a href=\"https:\/\/www.smogon.com\/forums\/threads\/sv-national-dex-suspect-8-just-dance.3731534\/\">suspect thread<\/a>.<\/strong><\/div>\n|j|\u2606snivy ye \u53f6\u86c7\n|j|\u2606Nightmarehall\n|t:|1700716955\n|gametype|singles\n|player|p1|snivy ye \u53f6\u86c7|winona|1674\n|player|p2|Nightmarehall|clay|1546\n|teamsize|p1|6\n|teamsize|p2|6\n|gen|9\n|tier|[Gen 9] National Dex\n|rated|\n|rule|HP Percentage Mod: HP is shown in percentages\n|rule|Endless Battle Clause: Forcing endless battles is banned\n|rule|OHKO Clause: OHKO moves are banned\n|rule|Evasion Clause: Evasion abilities, items, and moves are banned\n|rule|Evasion Abilities Clause: Evasion abilities are banned\n|rule|Evasion Items Clause: Evasion items are banned\n|rule|Evasion Moves Clause: Evasion moves are banned\n|rule|Species Clause: Limit one of each Pok\u00e9mon\n|rule|Sleep Clause Mod: Limit one foe put to sleep\n|clearpoke\n|poke|p1|Slowbro, M|\n|poke|p1|Landorus-Therian, M|\n|poke|p1|Arcanine-Hisui, M|\n|poke|p1|Corviknight, M|\n|poke|p1|Tapu Koko|\n|poke|p1|Tyranitar, F|\n|poke|p2|Iron Hands|\n|poke|p2|Kartana|\n|poke|p2|Latios, M|\n|poke|p2|Landorus-Therian, M|\n|poke|p2|Heatran, M|\n|poke|p2|Rotom-Wash|\n|teampreview\n|inactive|Battle timer is ON: inactive players will automatically lose when time's up. (requested by snivy ye \u53f6\u86c7)\n|j| oomizuhasuoo\n|\n|t:|1700716983\n|start\n|switch|p1a: \u81ea\u7531\u53c8\u6b66\u65ad|Slowbro, M|100\/100\n|switch|p2a: ISAGI YOICHI|Landorus-Therian, M|100\/100\n|-ability|p2a: ISAGI YOICHI|Intimidate|boost\n|-unboost|p1a: \u81ea\u7531\u53c8\u6b66\u65ad|atk|1\n|turn|1\n|\n|t:|1700716992\n|move|p2a: ISAGI YOICHI|U-turn|p1a: \u81ea\u7531\u53c8\u6b66\u65ad\n|-supereffective|p1a: \u81ea\u7531\u53c8\u6b66\u65ad\n|-damage|p1a: \u81ea\u7531\u53c8\u6b66\u65ad|68\/100\n|\n|t:|1700716996\n|switch|p2a: King Slime|Heatran, M|100\/100|[from] U-turn\n|move|p1a: \u81ea\u7531\u53c8\u6b66\u65ad|Psychic|p2a: King Slime\n|-resisted|p2a: King Slime\n|-damage|p2a: King Slime|79\/100\n|\n|-heal|p2a: King Slime|85\/100|[from] item: Leftovers\n|upkeep\n|turn|2\n|\n|t:|1700717004\n|switch|p1a: \u66b4\u529b\u4e0d\u662f\u76ee\u7684|Landorus-Therian, M|100\/100\n|-ability|p1a: \u66b4\u529b\u4e0d\u662f\u76ee\u7684|Intimidate|boost\n|-unboost|p2a: King Slime|atk|1\n|move|p2a: King Slime|Toxic|p1a: \u66b4\u529b\u4e0d\u662f\u76ee\u7684\n|-status|p1a: \u66b4\u529b\u4e0d\u662f\u76ee\u7684|tox\n|\n|-heal|p2a: King Slime|91\/100|[from] item: Leftovers\n|-damage|p1a: \u66b4\u529b\u4e0d\u662f\u76ee\u7684|94\/100 tox|[from] psn\n|upkeep\n|turn|3\n|\n|t:|1700717015\n|switch|p2a: Let's Go Swimming!|Rotom-Wash, shiny|100\/100\n|move|p1a: \u66b4\u529b\u4e0d\u662f\u76ee\u7684|Stealth Rock|p2a: Let's Go Swimming!\n|-sidestart|p2: Nightmarehall|move: Stealth Rock\n|\n|-damage|p1a: \u66b4\u529b\u4e0d\u662f\u76ee\u7684|82\/100 tox|[from] psn\n|upkeep\n|turn|4\n|\n|t:|1700717022\n|move|p1a: \u66b4\u529b\u4e0d\u662f\u76ee\u7684|U-turn|p2a: Let's Go Swimming!\n|-crit|p2a: Let's Go Swimming!\n|-damage|p2a: Let's Go Swimming!|76\/100\n|\n|t:|1700717026\n|switch|p1a: \u901f\u5ea6\u5728\u4f60\u4e4b\u4e0a|Tapu Koko|100\/100|[from] U-turn\n|-fieldstart|move: Electric Terrain|[from] ability: Electric Surge|[of] p1a: \u901f\u5ea6\u5728\u4f60\u4e4b\u4e0a\n|move|p2a: Let's Go Swimming!|Defog|p1a: \u901f\u5ea6\u5728\u4f60\u4e4b\u4e0a\n|-unboost|p1a: \u901f\u5ea6\u5728\u4f60\u4e4b\u4e0a|evasion|1\n|-sideend|p2: Nightmarehall|Stealth Rock|[from] move: Defog|[of] p2a: Let's Go Swimming!\n|-fieldend|move: Electric Terrain\n|\n|-heal|p2a: Let's Go Swimming!|82\/100|[from] item: Leftovers\n|upkeep\n|turn|5\n|\n|t:|1700717036\n|move|p1a: \u901f\u5ea6\u5728\u4f60\u4e4b\u4e0a|Thunderbolt|p2a: Let's Go Swimming!\n|-damage|p2a: Let's Go Swimming!|44\/100\n|move|p2a: Let's Go Swimming!|Volt Switch|p1a: \u901f\u5ea6\u5728\u4f60\u4e4b\u4e0a\n|-resisted|p1a: \u901f\u5ea6\u5728\u4f60\u4e4b\u4e0a\n|-crit|p1a: \u901f\u5ea6\u5728\u4f60\u4e4b\u4e0a\n|-damage|p1a: \u901f\u5ea6\u5728\u4f60\u4e4b\u4e0a|73\/100\n|\n|t:|1700717042\n|switch|p2a: King Slime|Heatran, M|91\/100|[from] Volt Switch\n|\n|-heal|p2a: King Slime|97\/100|[from] item: Leftovers\n|upkeep\n|turn|6\n|\n|t:|1700717047\n|switch|p1a: \u6b66\u529b\u7684\u624b\u6bb5|Tyranitar, F|100\/100\n|-weather|Sandstorm|[from] ability: Sand Stream|[of] p1a: \u6b66\u529b\u7684\u624b\u6bb5\n|move|p2a: King Slime|Magma Storm|p1a: \u6b66\u529b\u7684\u624b\u6bb5\n|-resisted|p1a: \u6b66\u529b\u7684\u624b\u6bb5\n|-damage|p1a: \u6b66\u529b\u7684\u624b\u6bb5|86\/100\n|-activate|p1a: \u6b66\u529b\u7684\u624b\u6bb5|move: Magma Storm|[of] p2a: King Slime\n|\n|-weather|Sandstorm|[upkeep]\n|-heal|p2a: King Slime|100\/100|[from] item: Leftovers\n|-damage|p1a: \u6b66\u529b\u7684\u624b\u6bb5|73\/100|[from] move: Magma Storm|[partiallytrapped]\n|upkeep\n|turn|7\n|\n|t:|1700717059\n|switch|p2a: ISAGI YOICHI|Landorus-Therian, M|100\/100\n|-ability|p2a: ISAGI YOICHI|Intimidate|boost\n|-unboost|p1a: \u6b66\u529b\u7684\u624b\u6bb5|atk|1\n|detailschange|p1a: \u6b66\u529b\u7684\u624b\u6bb5|Tyranitar-Mega, F\n|-mega|p1a: \u6b66\u529b\u7684\u624b\u6bb5|Tyranitar|Tyranitarite\n|move|p1a: \u6b66\u529b\u7684\u624b\u6bb5|Knock Off|p2a: ISAGI YOICHI\n|-damage|p2a: ISAGI YOICHI|75\/100\n|-damage|p1a: \u6b66\u529b\u7684\u624b\u6bb5|57\/100|[from] item: Rocky Helmet|[of] p2a: ISAGI YOICHI\n|-enditem|p2a: ISAGI YOICHI|Rocky Helmet|[from] move: Knock Off|[of] p1a: \u6b66\u529b\u7684\u624b\u6bb5\n|\n|-weather|Sandstorm|[upkeep]\n|-end|p1a: \u6b66\u529b\u7684\u624b\u6bb5|Magma Storm|[partiallytrapped]|[silent]\n|upkeep\n|turn|8\n|\n|t:|1700717070\n|switch|p1a: \u66b4\u529b\u4e0d\u662f\u76ee\u7684|Landorus-Therian, M|82\/100 tox\n|-ability|p1a: \u66b4\u529b\u4e0d\u662f\u76ee\u7684|Intimidate|boost\n|-unboost|p2a: ISAGI YOICHI|atk|1\n|move|p2a: ISAGI YOICHI|Stealth Rock|p1a: \u66b4\u529b\u4e0d\u662f\u76ee\u7684\n|-sidestart|p1: snivy ye \u53f6\u86c7|move: Stealth Rock\n|\n|-weather|Sandstorm|[upkeep]\n|-damage|p1a: \u66b4\u529b\u4e0d\u662f\u76ee\u7684|76\/100 tox|[from] psn\n|upkeep\n|turn|9\n|\n|t:|1700717084\n|switch|p2a: Baek Seung-hun|Latios, M|100\/100\n|move|p1a: \u66b4\u529b\u4e0d\u662f\u76ee\u7684|Stealth Rock|p2a: Baek Seung-hun\n|-sidestart|p2: Nightmarehall|move: Stealth Rock\n|\n|-weather|Sandstorm|[upkeep]\n|-damage|p2a: Baek Seung-hun|95\/100|[from] Sandstorm\n|-damage|p1a: \u66b4\u529b\u4e0d\u662f\u76ee\u7684|64\/100 tox|[from] psn\n|upkeep\n|turn|10\n|\n|t:|1700717095\n|detailschange|p2a: Baek Seung-hun|Latios-Mega, M\n|-mega|p2a: Baek Seung-hun|Latios|Latiosite\n|move|p2a: Baek Seung-hun|Ice Beam|p1a: \u66b4\u529b\u4e0d\u662f\u76ee\u7684\n|-supereffective|p1a: \u66b4\u529b\u4e0d\u662f\u76ee\u7684\n|-damage|p1a: \u66b4\u529b\u4e0d\u662f\u76ee\u7684|0 fnt\n|faint|p1a: \u66b4\u529b\u4e0d\u662f\u76ee\u7684\n|\n|-weather|none\n|upkeep\n|\n|t:|1700717102\n|switch|p1a: \u6b66\u529b\u7684\u624b\u6bb5|Tyranitar-Mega, F|57\/100\n|-damage|p1a: \u6b66\u529b\u7684\u624b\u6bb5|44\/100|[from] Stealth Rock\n|-weather|Sandstorm|[from] ability: Sand Stream|[of] p1a: \u6b66\u529b\u7684\u624b\u6bb5\n|turn|11\n|\n|t:|1700717107\n|move|p2a: Baek Seung-hun|Aura Sphere|p1a: \u6b66\u529b\u7684\u624b\u6bb5\n|-supereffective|p1a: \u6b66\u529b\u7684\u624b\u6bb5\n|-damage|p1a: \u6b66\u529b\u7684\u624b\u6bb5|0 fnt\n|faint|p1a: \u6b66\u529b\u7684\u624b\u6bb5\n|\n|-weather|Sandstorm|[upkeep]\n|-damage|p2a: Baek Seung-hun|89\/100|[from] Sandstorm\n|upkeep\n|\n|t:|1700717114\n|switch|p1a: \u901f\u5ea6\u5728\u4f60\u4e4b\u4e0a|Tapu Koko|73\/100\n|-damage|p1a: \u901f\u5ea6\u5728\u4f60\u4e4b\u4e0a|60\/100|[from] Stealth Rock\n|-fieldstart|move: Electric Terrain|[from] ability: Electric Surge|[of] p1a: \u901f\u5ea6\u5728\u4f60\u4e4b\u4e0a\n|turn|12\n|\n|t:|1700717125\n|switch|p2a: King Slime|Heatran, M|100\/100\n|-damage|p2a: King Slime|88\/100|[from] Stealth Rock\n|move|p1a: \u901f\u5ea6\u5728\u4f60\u4e4b\u4e0a|Calm Mind|p1a: \u901f\u5ea6\u5728\u4f60\u4e4b\u4e0a\n|-boost|p1a: \u901f\u5ea6\u5728\u4f60\u4e4b\u4e0a|spa|1\n|-boost|p1a: \u901f\u5ea6\u5728\u4f60\u4e4b\u4e0a|spd|1\n|\n|-weather|Sandstorm|[upkeep]\n|-damage|p1a: \u901f\u5ea6\u5728\u4f60\u4e4b\u4e0a|54\/100|[from] Sandstorm\n|-heal|p2a: King Slime|94\/100|[from] item: Leftovers\n|upkeep\n|turn|13\n|\n|t:|1700717136\n|-zpower|p1a: \u901f\u5ea6\u5728\u4f60\u4e4b\u4e0a\n|move|p1a: \u901f\u5ea6\u5728\u4f60\u4e4b\u4e0a|Gigavolt Havoc|p2a: King Slime|[zeffect]\n|-damage|p2a: King Slime|0 fnt\n|faint|p2a: King Slime\n|\n|-weather|Sandstorm|[upkeep]\n|-damage|p1a: \u901f\u5ea6\u5728\u4f60\u4e4b\u4e0a|48\/100|[from] Sandstorm\n|upkeep\n|\n|t:|1700717147\n|switch|p2a: EDWARD SCISSOR|Kartana, shiny|100\/100\n|-damage|p2a: EDWARD SCISSOR|94\/100|[from] Stealth Rock\n|turn|14\n|\n|t:|1700717154\n|switch|p1a: \u6700\u540e\u7684\u9632\u7ebf|Corviknight, M|100\/100\n|-damage|p1a: \u6700\u540e\u7684\u9632\u7ebf|88\/100|[from] Stealth Rock\n|move|p2a: EDWARD SCISSOR|Leaf Blade|p1a: \u6700\u540e\u7684\u9632\u7ebf\n|-resisted|p1a: \u6700\u540e\u7684\u9632\u7ebf\n|-damage|p1a: \u6700\u540e\u7684\u9632\u7ebf|80\/100\n|-damage|p2a: EDWARD SCISSOR|78\/100|[from] item: Rocky Helmet|[of] p1a: \u6700\u540e\u7684\u9632\u7ebf\n|\n|-weather|Sandstorm|[upkeep]\n|upkeep\n|turn|15\n|\n|t:|1700717164\n|switch|p2a: Let's Go Swimming!|Rotom-Wash, shiny|44\/100\n|-damage|p2a: Let's Go Swimming!|32\/100|[from] Stealth Rock\n|move|p1a: \u6700\u540e\u7684\u9632\u7ebf|Iron Defense|p1a: \u6700\u540e\u7684\u9632\u7ebf\n|-boost|p1a: \u6700\u540e\u7684\u9632\u7ebf|def|2\n|\n|-weather|none\n|-heal|p2a: Let's Go Swimming!|38\/100|[from] item: Leftovers\n|upkeep\n|turn|16\n|\n|t:|1700717172\n|move|p2a: Let's Go Swimming!|Volt Switch|p1a: \u6700\u540e\u7684\u9632\u7ebf\n|-supereffective|p1a: \u6700\u540e\u7684\u9632\u7ebf\n|-damage|p1a: \u6700\u540e\u7684\u9632\u7ebf|28\/100\n|\n|t:|1700717180\n|switch|p2a: HANDS|Iron Hands|100\/100|[from] Volt Switch\n|-damage|p2a: HANDS|94\/100|[from] Stealth Rock\n|-activate|p2a: HANDS|ability: Quark Drive\n|-start|p2a: HANDS|quarkdriveatk\n|move|p1a: \u6700\u540e\u7684\u9632\u7ebf|Body Press|p2a: HANDS\n|-damage|p2a: HANDS|61\/100\n|\n|-fieldend|move: Electric Terrain\n|-end|p2a: HANDS|Quark Drive\n|upkeep\n|turn|17\n|\n|t:|1700717195\n|move|p1a: \u6700\u540e\u7684\u9632\u7ebf|Roost|p1a: \u6700\u540e\u7684\u9632\u7ebf\n|-heal|p1a: \u6700\u540e\u7684\u9632\u7ebf|78\/100\n|-singleturn|p1a: \u6700\u540e\u7684\u9632\u7ebf|move: Roost\n|move|p2a: HANDS|Swords Dance|p2a: HANDS\n|-boost|p2a: HANDS|atk|2\n|\n|upkeep\n|turn|18\n|\n|t:|1700717204\n|switch|p1a: \u81ea\u7531\u53c8\u6b66\u65ad|Slowbro, M|100\/100\n|-damage|p1a: \u81ea\u7531\u53c8\u6b66\u65ad|88\/100|[from] Stealth Rock\n|move|p2a: HANDS|Thunder Punch|p1a: \u81ea\u7531\u53c8\u6b66\u65ad\n|-supereffective|p1a: \u81ea\u7531\u53c8\u6b66\u65ad\n|-damage|p1a: \u81ea\u7531\u53c8\u6b66\u65ad|0 fnt\n|faint|p1a: \u81ea\u7531\u53c8\u6b66\u65ad\n|\n|upkeep\n|\n|t:|1700717211\n|switch|p1a: \u901f\u5ea6\u5728\u4f60\u4e4b\u4e0a|Tapu Koko|48\/100\n|-damage|p1a: \u901f\u5ea6\u5728\u4f60\u4e4b\u4e0a|36\/100|[from] Stealth Rock\n|-fieldstart|move: Electric Terrain|[from] ability: Electric Surge|[of] p1a: \u901f\u5ea6\u5728\u4f60\u4e4b\u4e0a\n|-activate|p2a: HANDS|ability: Quark Drive\n|-start|p2a: HANDS|quarkdriveatk\n|turn|19\n|\n|t:|1700717221\n|-terastallize|p2a: HANDS|Water\n|move|p1a: \u901f\u5ea6\u5728\u4f60\u4e4b\u4e0a|Dazzling Gleam|p2a: HANDS\n|-damage|p2a: HANDS|29\/100\n|move|p2a: HANDS|Drain Punch|p1a: \u901f\u5ea6\u5728\u4f60\u4e4b\u4e0a\n|-resisted|p1a: \u901f\u5ea6\u5728\u4f60\u4e4b\u4e0a\n|-damage|p1a: \u901f\u5ea6\u5728\u4f60\u4e4b\u4e0a|0 fnt\n|-heal|p2a: HANDS|39\/100|[from] drain|[of] p1a: \u901f\u5ea6\u5728\u4f60\u4e4b\u4e0a\n|faint|p1a: \u901f\u5ea6\u5728\u4f60\u4e4b\u4e0a\n|\n|upkeep\n|\n|t:|1700717230\n|switch|p1a: \u4e0d\u706d\u7684\u70df\u706b|Arcanine-Hisui, M|100\/100\n|-damage|p1a: \u4e0d\u706d\u7684\u70df\u706b|75\/100|[from] Stealth Rock\n|turn|20\n|\n|t:|1700717235\n|move|p1a: \u4e0d\u706d\u7684\u70df\u706b|Head Smash|p2a: HANDS\n|-damage|p2a: HANDS|0 fnt\n|faint|p2a: HANDS\n|-end|p2a: HANDS|Quark Drive|[silent]\n|\n|upkeep\n|inactive|Nightmarehall has 120 seconds left.\n|inactive|Nightmarehall has 90 seconds left.\n|\n|t:|1700717303\n|switch|p2a: ISAGI YOICHI|Landorus-Therian, M|75\/100\n|-damage|p2a: ISAGI YOICHI|62\/100|[from] Stealth Rock\n|-ability|p2a: ISAGI YOICHI|Intimidate|boost\n|-unboost|p1a: \u4e0d\u706d\u7684\u70df\u706b|atk|1\n|turn|21\n|\n|t:|1700717329\n|switch|p1a: \u6700\u540e\u7684\u9632\u7ebf|Corviknight, M|78\/100\n|-damage|p1a: \u6700\u540e\u7684\u9632\u7ebf|66\/100|[from] Stealth Rock\n|move|p2a: ISAGI YOICHI|U-turn|p1a: \u6700\u540e\u7684\u9632\u7ebf\n|-resisted|p1a: \u6700\u540e\u7684\u9632\u7ebf\n|-damage|p1a: \u6700\u540e\u7684\u9632\u7ebf|62\/100\n|-damage|p2a: ISAGI YOICHI|46\/100|[from] item: Rocky Helmet|[of] p1a: \u6700\u540e\u7684\u9632\u7ebf\n|-message|snivy ye \u53f6\u86c7 forfeited.\n|\n|win|Nightmarehall\n|raw|snivy ye \u53f6\u86c7's rating: 1674 &rarr; <strong>1647<\/strong><br \/>(-27 for losing)\n|raw|Nightmarehall's rating: 1546 &rarr; <strong>1573<\/strong><br \/>(+27 for winning)\n|l|\u2606Nightmarehall\n|l|\u2606snivy ye \u53f6\u86c7\n","uploadtime":1700717664,"views":3,"p1id":"snivyye","p2id":"nightmarehall","formatid":"gen9nationaldex","rating":1573,"private":0,"password":""}