{"id":"gen9nationaldex-1990580977","p1":"GAGA233","p2":"elvisma","format":"[Gen 9] National Dex","log":"|j|\u2606GAGA233\n|j|\u2606elvisma\n|t:|1699983156\n|gametype|singles\n|player|p1|GAGA233|red|1648\n|player|p2|elvisma|red-masters|1759\n|teamsize|p1|6\n|teamsize|p2|6\n|gen|9\n|tier|[Gen 9] National Dex\n|rated|\n|rule|HP Percentage Mod: HP is shown in percentages\n|rule|Endless Battle Clause: Forcing endless battles is banned\n|rule|OHKO Clause: OHKO moves are banned\n|rule|Evasion Clause: Evasion abilities, items, and moves are banned\n|rule|Evasion Abilities Clause: Evasion abilities are banned\n|rule|Evasion Items Clause: Evasion items are banned\n|rule|Evasion Moves Clause: Evasion moves are banned\n|rule|Species Clause: Limit one of each Pok\u00e9mon\n|rule|Sleep Clause Mod: Limit one foe put to sleep\n|clearpoke\n|poke|p1|Ogerpon, F|\n|poke|p1|Corviknight, F|\n|poke|p1|Clodsire, M|\n|poke|p1|Tyranitar, M|\n|poke|p1|Alomomola, F|\n|poke|p1|Banette, M|\n|poke|p2|Azelf|\n|poke|p2|Charizard, F|\n|poke|p2|Ribombee, M|\n|poke|p2|Great Tusk|\n|poke|p2|Ogerpon-Wellspring, F|\n|poke|p2|Victini|\n|teampreview\n|inactive|Battle timer is ON: inactive players will automatically lose when time's up. (requested by GAGA233)\n|\n|t:|1699983172\n|start\n|switch|p1a: Tyranitar|Tyranitar, M|100\/100\n|switch|p2a: V create spam|Victini|100\/100\n|-weather|Sandstorm|[from] ability: Sand Stream|[of] p1a: Tyranitar\n|turn|1\n|\n|t:|1699983176\n|-zpower|p2a: V create spam\n|move|p2a: V create spam|Z-Celebrate|p2a: V create spam|[anim]Celebrate\n|-boost|p2a: V create spam|atk|1|[zeffect]\n|-boost|p2a: V create spam|def|1|[zeffect]\n|-boost|p2a: V create spam|spa|1|[zeffect]\n|-boost|p2a: V create spam|spd|1|[zeffect]\n|-boost|p2a: V create spam|spe|1|[zeffect]\n|-activate|p2a: V create spam|move: Celebrate\n|move|p1a: Tyranitar|Pursuit|p2a: V create spam\n|-supereffective|p2a: V create spam\n|-damage|p2a: V create spam|76\/100\n|\n|-weather|Sandstorm|[upkeep]\n|-damage|p2a: V create spam|70\/100|[from] Sandstorm\n|upkeep\n|turn|2\n|c|\u2606elvisma|im deaaddd\n|c|\u2606elvisma|nvm\n|c|\u2606elvisma|i am alvie\n|\n|t:|1699983186\n|move|p2a: V create spam|Energy Ball|p1a: Tyranitar\n|-supereffective|p1a: Tyranitar\n|-damage|p1a: Tyranitar|63\/100\n|move|p1a: Tyranitar|Earthquake|p2a: V create spam\n|-supereffective|p2a: V create spam\n|-damage|p2a: V create spam|26\/100\n|\n|-weather|Sandstorm|[upkeep]\n|-damage|p2a: V create spam|20\/100|[from] Sandstorm\n|upkeep\n|turn|3\n|\n|t:|1699983190\n|move|p2a: V create spam|Energy Ball|p1a: Tyranitar\n|-supereffective|p1a: Tyranitar\n|-damage|p1a: Tyranitar|26\/100\n|move|p1a: Tyranitar|Pursuit|p2a: V create spam\n|-supereffective|p2a: V create spam\n|-damage|p2a: V create spam|0 fnt\n|faint|p2a: V create spam\n|\n|-weather|Sandstorm|[upkeep]\n|upkeep\n|\n|t:|1699983198\n|switch|p2a: touchgrassdrinkH2O|Ogerpon-Wellspring, F|100\/100\n|turn|4\n|\n|t:|1699983204\n|switch|p1a: Banette|Banette, M|100\/100\n|move|p2a: touchgrassdrinkH2O|Swords Dance|p2a: touchgrassdrinkH2O\n|-boost|p2a: touchgrassdrinkH2O|atk|2\n|\n|-weather|Sandstorm|[upkeep]\n|-damage|p2a: touchgrassdrinkH2O|95\/100|[from] Sandstorm\n|-damage|p1a: Banette|95\/100|[from] Sandstorm\n|upkeep\n|turn|5\n|\n|t:|1699983210\n|switch|p2a: ZA BEE|Ribombee, M|100\/100\n|detailschange|p1a: Banette|Banette-Mega, M\n|-mega|p1a: Banette|Banette|Banettite\n|move|p1a: Banette|Encore||[still]\n|-fail|p1a: Banette\n|\n|-weather|none\n|upkeep\n|turn|6\n|\n|t:|1699983218\n|move|p2a: ZA BEE|Moonblast|p1a: Banette\n|-damage|p1a: Banette|35\/100\n|move|p1a: Banette|Poltergeist|p2a: ZA BEE\n|-activate|p2a: ZA BEE|move: Poltergeist|Focus Sash\n|-enditem|p2a: ZA BEE|Focus Sash\n|-damage|p2a: ZA BEE|1\/100\n|\n|upkeep\n|turn|7\n|\n|t:|1699983222\n|switch|p2a: ampheros|Charizard, F|100\/100\n|switch|p1a: Tyranitar|Tyranitar, M|26\/100\n|-weather|Sandstorm|[from] ability: Sand Stream|[of] p1a: Tyranitar\n|\n|-weather|Sandstorm|[upkeep]\n|-damage|p2a: ampheros|94\/100|[from] Sandstorm\n|upkeep\n|turn|8\n|\n|t:|1699983228\n|switch|p1a: Clodsire|Clodsire, M|100\/100\n|move|p2a: ampheros|Earthquake|p1a: Clodsire\n|-supereffective|p1a: Clodsire\n|-damage|p1a: Clodsire|44\/100\n|\n|-weather|Sandstorm|[upkeep]\n|-damage|p2a: ampheros|88\/100|[from] Sandstorm\n|-heal|p1a: Clodsire|50\/100|[from] item: Leftovers\n|upkeep\n|turn|9\n|\n|t:|1699983239\n|switch|p1a: Alomomola|Alomomola, F|100\/100\n|move|p2a: ampheros|Dragon Dance|p2a: ampheros\n|-boost|p2a: ampheros|atk|1\n|-boost|p2a: ampheros|spe|1\n|\n|-weather|Sandstorm|[upkeep]\n|-damage|p2a: ampheros|82\/100|[from] Sandstorm\n|-damage|p1a: Alomomola|94\/100|[from] Sandstorm\n|upkeep\n|turn|10\n|\n|t:|1699983243\n|detailschange|p2a: ampheros|Charizard-Mega-X, F\n|-mega|p2a: ampheros|Charizard|Charizardite X\n|move|p2a: ampheros|Dragon Claw|p1a: Alomomola\n|-damage|p1a: Alomomola|52\/100\n|move|p1a: Alomomola|Wish|p1a: Alomomola\n|\n|-weather|Sandstorm|[upkeep]\n|-damage|p2a: ampheros|76\/100|[from] Sandstorm\n|-damage|p1a: Alomomola|46\/100|[from] Sandstorm\n|upkeep\n|turn|11\n|c|\u2606elvisma|ampheros is goated\n|\n|t:|1699983250\n|move|p2a: ampheros|Dragon Dance|p2a: ampheros\n|-boost|p2a: ampheros|atk|1\n|-boost|p2a: ampheros|spe|1\n|move|p1a: Alomomola|Flip Turn|p2a: ampheros\n|-damage|p2a: ampheros|58\/100\n|\n|t:|1699983252\n|switch|p1a: Banette|Banette-Mega, M|35\/100|[from] Flip Turn\n|\n|-weather|none\n|-heal|p1a: Banette|100\/100|[from] move: Wish|[wisher] Alomomola\n|upkeep\n|turn|12\n|\n|t:|1699983256\n|move|p1a: Banette|Encore|p2a: ampheros\n|-start|p2a: ampheros|Encore\n|move|p2a: ampheros|Dragon Dance|p2a: ampheros\n|-boost|p2a: ampheros|atk|1\n|-boost|p2a: ampheros|spe|1\n|\n|upkeep\n|turn|13\n|\n|t:|1699983260\n|switch|p2a: TUSK SWEEP|Great Tusk|100\/100\n|-enditem|p2a: TUSK SWEEP|Booster Energy\n|-activate|p2a: TUSK SWEEP|ability: Protosynthesis|[fromitem]\n|-start|p2a: TUSK SWEEP|protosynthesisatk\n|move|p1a: Banette|Poltergeist||[still]\n|-fail|p1a: Banette\n|\n|upkeep\n|turn|14\n|\n|t:|1699983273\n|switch|p1a: Corviknight|Corviknight, F|100\/100\n|-ability|p1a: Corviknight|Pressure\n|move|p2a: TUSK SWEEP|Rapid Spin|p1a: Corviknight\n|-resisted|p1a: Corviknight\n|-damage|p1a: Corviknight|93\/100\n|-boost|p2a: TUSK SWEEP|spe|1\n|\n|upkeep\n|turn|15\n|\n|t:|1699983279\n|move|p2a: TUSK SWEEP|Close Combat|p1a: Corviknight\n|-damage|p1a: Corviknight|45\/100\n|-unboost|p2a: TUSK SWEEP|def|1\n|-unboost|p2a: TUSK SWEEP|spd|1\n|move|p1a: Corviknight|Iron Defense|p1a: Corviknight\n|-boost|p1a: Corviknight|def|2\n|\n|upkeep\n|turn|16\n|\n|t:|1699983283\n|-end|p2a: TUSK SWEEP|Protosynthesis|[silent]\n|switch|p2a: ampheros|Charizard-Mega-X, F|58\/100\n|move|p1a: Corviknight|Roost|p1a: Corviknight\n|-heal|p1a: Corviknight|95\/100\n|-singleturn|p1a: Corviknight|move: Roost\n|\n|upkeep\n|turn|17\n|\n|t:|1699983287\n|move|p2a: ampheros|Dragon Dance|p2a: ampheros\n|-boost|p2a: ampheros|atk|1\n|-boost|p2a: ampheros|spe|1\n|move|p1a: Corviknight|Body Press|p2a: ampheros\n|-damage|p2a: ampheros|0 fnt\n|faint|p2a: ampheros\n|\n|upkeep\n|\n|t:|1699983289\n|switch|p2a: pls dont u-turn|Azelf|100\/100\n|turn|18\n|\n|t:|1699983292\n|-terastallize|p2a: pls dont u-turn|Electric\n|move|p2a: pls dont u-turn|Thunderbolt|p1a: Corviknight\n|-supereffective|p1a: Corviknight\n|-damage|p1a: Corviknight|11\/100\n|move|p1a: Corviknight|U-turn|p2a: pls dont u-turn\n|-damage|p2a: pls dont u-turn|77\/100\n|\n|t:|1699983302\n|switch|p1a: Ogerpon|Ogerpon, F|100\/100|[from] U-turn\n|\n|upkeep\n|turn|19\n|c|\u2606elvisma|man why does no one listen to the name\n|\n|t:|1699983306\n|move|p2a: pls dont u-turn|Flamethrower|p1a: Ogerpon\n|-supereffective|p1a: Ogerpon\n|-damage|p1a: Ogerpon|25\/100\n|move|p1a: Ogerpon|Swords Dance|p1a: Ogerpon\n|-boost|p1a: Ogerpon|atk|2\n|\n|upkeep\n|turn|20\n|\n|t:|1699983313\n|-terastallize|p1a: Ogerpon|Grass\n|detailschange|p1a: Ogerpon|Ogerpon-Teal-Tera, F, tera:Grass\n|-ability|p1a: Ogerpon|Embody Aspect (Teal)|boost\n|-boost|p1a: Ogerpon|spe|1\n|move|p1a: Ogerpon|Ivy Cudgel|p2a: pls dont u-turn\n|-damage|p2a: pls dont u-turn|0 fnt\n|faint|p2a: pls dont u-turn\n|\n|upkeep\n|\n|t:|1699983316\n|switch|p2a: ZA BEE|Ribombee, M|1\/100\n|turn|21\n|\n|t:|1699983320\n|move|p1a: Ogerpon|Ivy Cudgel|p2a: ZA BEE\n|-resisted|p2a: ZA BEE\n|-damage|p2a: ZA BEE|0 fnt\n|faint|p2a: ZA BEE\n|\n|upkeep\n|c|\u2606elvisma|gg\n|-message|elvisma forfeited.\n|\n|win|GAGA233\n|raw|GAGA233's rating: 1648 &rarr; <strong>1674<\/strong><br \/>(+26 for winning)\n|raw|elvisma's rating: 1759 &rarr; <strong>1733<\/strong><br \/>(-26 for losing)\n|l|\u2606elvisma\n","uploadtime":1699983330,"views":9,"p1id":"gaga233","p2id":"elvisma","formatid":"gen9nationaldex","rating":1674,"private":0,"password":""}