{"id":"gen9nationaldex-1996410174","p1":"Trainerjovi2","p2":"PieMcMuffin","format":"[Gen 9] National Dex","log":"|html|<div class=\"broadcast-blue\"><strong>[Gen 9] National Dex is currently suspecting Sneasler! For information on how to participate check out the <a href=\"https:\/\/www.smogon.com\/forums\/threads\/sv-national-dex-suspect-8-just-dance.3731534\/\">suspect thread<\/a>.<\/strong><\/div>\n|j|\u2606Trainerjovi2\n|j|\u2606PieMcMuffin\n|t:|1700679338\n|gametype|singles\n|player|p1|Trainerjovi2|pokemonranger-gen4|1394\n|player|p2|PieMcMuffin|caitlin|1334\n|teamsize|p1|6\n|teamsize|p2|6\n|gen|9\n|tier|[Gen 9] National Dex\n|rated|\n|rule|HP Percentage Mod: HP is shown in percentages\n|rule|Endless Battle Clause: Forcing endless battles is banned\n|rule|OHKO Clause: OHKO moves are banned\n|rule|Evasion Clause: Evasion abilities, items, and moves are banned\n|rule|Evasion Abilities Clause: Evasion abilities are banned\n|rule|Evasion Items Clause: Evasion items are banned\n|rule|Evasion Moves Clause: Evasion moves are banned\n|rule|Species Clause: Limit one of each Pok\u00e9mon\n|rule|Sleep Clause Mod: Limit one foe put to sleep\n|clearpoke\n|poke|p1|Breloom, F|\n|poke|p1|Haxorus, F|\n|poke|p1|Volcarona, F|\n|poke|p1|Meloetta|\n|poke|p1|Gardevoir, F|\n|poke|p1|Tapu Lele|\n|poke|p2|Tyranitar, M|\n|poke|p2|Excadrill, M|\n|poke|p2|Ogerpon-Cornerstone, F|\n|poke|p2|Kommo-o, M|\n|poke|p2|Sandy Shocks|\n|poke|p2|Landorus-Therian, M|\n|teampreview\n|\n|t:|1700679354\n|start\n|switch|p1a: Nikusa|Meloetta|100\/100\n|switch|p2a: Ogerpon|Ogerpon-Cornerstone, F|100\/100\n|turn|1\n|\n|t:|1700679364\n|move|p2a: Ogerpon|U-turn|p1a: Nikusa\n|-supereffective|p1a: Nikusa\n|-damage|p1a: Nikusa|27\/100\n|\n|t:|1700679368\n|switch|p2a: Tyranitar|Tyranitar, M|100\/100|[from] U-turn\n|-weather|Sandstorm|[from] ability: Sand Stream|[of] p2a: Tyranitar\n|-zpower|p1a: Nikusa\n|move|p1a: Nikusa|Z-Celebrate|p1a: Nikusa|[anim]Celebrate\n|-boost|p1a: Nikusa|atk|1|[zeffect]\n|-boost|p1a: Nikusa|def|1|[zeffect]\n|-boost|p1a: Nikusa|spa|1|[zeffect]\n|-boost|p1a: Nikusa|spd|1|[zeffect]\n|-boost|p1a: Nikusa|spe|1|[zeffect]\n|-activate|p1a: Nikusa|move: Celebrate\n|\n|-weather|Sandstorm|[upkeep]\n|-damage|p1a: Nikusa|21\/100|[from] Sandstorm\n|upkeep\n|turn|2\n|\n|t:|1700679379\n|move|p1a: Nikusa|Drain Punch|p2a: Tyranitar\n|-supereffective|p2a: Tyranitar\n|-damage|p2a: Tyranitar|34\/100\n|-heal|p1a: Nikusa|60\/100|[from] drain|[of] p2a: Tyranitar\n|move|p2a: Tyranitar|Stealth Rock|p1a: Nikusa\n|-sidestart|p1: Trainerjovi2|move: Stealth Rock\n|\n|-weather|Sandstorm|[upkeep]\n|-damage|p1a: Nikusa|54\/100|[from] Sandstorm\n|upkeep\n|turn|3\n|\n|t:|1700679384\n|switch|p2a: Landorus|Landorus-Therian, M|100\/100\n|-ability|p2a: Landorus|Intimidate|boost\n|-unboost|p1a: Nikusa|atk|1\n|move|p1a: Nikusa|Relic Song|p2a: Landorus\n|-damage|p2a: Landorus|32\/100\n|-formechange|p1a: Nikusa|Meloetta-Pirouette|[msg]\n|\n|-weather|Sandstorm|[upkeep]\n|-damage|p1a: Nikusa|48\/100|[from] Sandstorm\n|-heal|p2a: Landorus|38\/100|[from] item: Leftovers\n|upkeep\n|turn|4\n|\n|t:|1700679392\n|move|p1a: Nikusa|Psychic|p2a: Landorus\n|-damage|p2a: Landorus|0 fnt\n|faint|p2a: Landorus\n|\n|-weather|Sandstorm|[upkeep]\n|-damage|p1a: Nikusa|42\/100|[from] Sandstorm\n|upkeep\n|\n|t:|1700679395\n|switch|p2a: Excadrill|Excadrill, M|100\/100\n|turn|5\n|\n|t:|1700679398\n|move|p1a: Nikusa|Drain Punch|p2a: Excadrill\n|-supereffective|p2a: Excadrill\n|-damage|p2a: Excadrill|0 fnt\n|-heal|p1a: Nikusa|95\/100|[from] drain|[of] p2a: Excadrill\n|faint|p2a: Excadrill\n|\n|-weather|Sandstorm|[upkeep]\n|-damage|p1a: Nikusa|89\/100|[from] Sandstorm\n|upkeep\n|\n|t:|1700679407\n|switch|p2a: Ogerpon|Ogerpon-Cornerstone, F|100\/100\n|turn|6\n|\n|t:|1700679414\n|move|p1a: Nikusa|Drain Punch|p2a: Ogerpon\n|-supereffective|p2a: Ogerpon\n|-damage|p2a: Ogerpon|8\/100\n|-heal|p1a: Nikusa|100\/100|[from] drain|[of] p2a: Ogerpon\n|move|p2a: Ogerpon|Horn Leech|p1a: Nikusa\n|-damage|p1a: Nikusa|61\/100\n|-heal|p2a: Ogerpon|31\/100|[from] drain|[of] p1a: Nikusa\n|\n|-weather|Sandstorm|[upkeep]\n|-damage|p1a: Nikusa|55\/100|[from] Sandstorm\n|upkeep\n|turn|7\n|-message|PieMcMuffin forfeited.\n|\n|win|Trainerjovi2\n|raw|Trainerjovi2's rating: 1394 &rarr; <strong>1411<\/strong><br \/>(+17 for winning)\n|raw|PieMcMuffin's rating: 1334 &rarr; <strong>1317<\/strong><br \/>(-17 for losing)\n|l|\u2606PieMcMuffin\n","uploadtime":1700679429,"views":16,"p1id":"trainerjovi2","p2id":"piemcmuffin","formatid":"gen9nationaldex","rating":1317,"private":0,"password":""}