{"id":"gen9nationaldex-1988183227","p1":"Krish2278","p2":"Zeet Zoroark","format":"[Gen 9] National Dex","log":"|j|\u2606Krish2278\n|j|\u2606Zeet Zoroark\n|t:|1699680987\n|gametype|singles\n|player|p1|Krish2278|unknown|\n|player|p2|Zeet Zoroark|leon-masters|\n|teamsize|p1|6\n|teamsize|p2|6\n|gen|9\n|tier|[Gen 9] National Dex\n|rule|HP Percentage Mod: HP is shown in percentages\n|rule|Endless Battle Clause: Forcing endless battles is banned\n|rule|OHKO Clause: OHKO moves are banned\n|rule|Evasion Clause: Evasion abilities, items, and moves are banned\n|rule|Evasion Abilities Clause: Evasion abilities are banned\n|rule|Evasion Items Clause: Evasion items are banned\n|rule|Evasion Moves Clause: Evasion moves are banned\n|rule|Species Clause: Limit one of each Pok\u00e9mon\n|rule|Sleep Clause Mod: Limit one foe put to sleep\n|clearpoke\n|poke|p1|Gliscor, F|\n|poke|p1|Rillaboom, M|\n|poke|p1|Dragonite, M|\n|poke|p1|Scizor, F|\n|poke|p1|Zapdos|\n|poke|p1|Kommo-o, M|\n|poke|p2|Scizor, M|\n|poke|p2|Rotom-Wash|\n|poke|p2|Heatran, M|\n|poke|p2|Tornadus-Therian, M|\n|poke|p2|Weavile, F|\n|poke|p2|Ferrothorn, M|\n|teampreview\n|\n|t:|1699681024\n|start\n|switch|p1a: Zapdos|Zapdos|100\/100\n|switch|p2a: Ferrothorn|Ferrothorn, M|100\/100\n|turn|1\n|j| h1rsfr\n|\n|t:|1699681066\n|move|p1a: Zapdos|Heat Wave|p2a: Ferrothorn\n|-supereffective|p2a: Ferrothorn\n|-damage|p2a: Ferrothorn|11\/100\n|move|p2a: Ferrothorn|Stealth Rock|p1a: Zapdos\n|-sidestart|p1: Krish2278|move: Stealth Rock\n|\n|-heal|p2a: Ferrothorn|17\/100|[from] item: Leftovers\n|upkeep\n|turn|2\n|\n|t:|1699681079\n|switch|p2a: Heatran|Heatran, M|100\/100\n|move|p1a: Zapdos|Thunderbolt|p2a: Heatran\n|-damage|p2a: Heatran|55\/100\n|\n|upkeep\n|turn|3\n|c| h1rsfr|Thik h\n|c| h1rsfr|Bdhia h\n|c| h1rsfr|Kro\n|c| h1rsfr|Nice\n|c| h1rsfr|Hood\n|\n|t:|1699681101\n|move|p2a: Heatran|Magma Storm|p1a: Zapdos|[miss]\n|-miss|p2a: Heatran|p1a: Zapdos\n|move|p1a: Zapdos|Thunderbolt|p2a: Heatran\n|-crit|p2a: Heatran\n|-damage|p2a: Heatran|0 fnt\n|faint|p2a: Heatran\n|\n|upkeep\n|c|\u2606Zeet Zoroark|Hara me bc\n|c|\u2606Krish2278|?\n|c|\u2606Krish2278|Still not bro\n|\n|t:|1699681144\n|switch|p2a: Rotom|Rotom-Wash|100\/100\n|turn|4\n|l|\u2606Zeet Zoroark\n|player|p2|\n|j| Shuvam124\n|c|\u2606Krish2278|Burn left kyun hogaya\n|j|\u2606Zeet Zoroark\n|player|p2|Zeet Zoroark|leon-masters\n|c| h1rsfr|Net gya hoga\n|c|\u2606Krish2278|Aagaya wapis\n|c| h1rsfr|Aagya firse\n|c|\u2606Krish2278|Burn move kar\n|\n|t:|1699681198\n|move|p1a: Zapdos|Thunderbolt|p2a: Rotom\n|-damage|p2a: Rotom|52\/100\n|move|p2a: Rotom|Volt Switch|p1a: Zapdos\n|-damage|p1a: Zapdos|73\/100\n|j| pokeashbattle\n|\n|t:|1699681240\n|switch|p2a: Weavile|Weavile, F|100\/100|[from] Volt Switch\n|-ability|p2a: Weavile|Pressure\n|\n|-heal|p1a: Zapdos|80\/100|[from] item: Leftovers\n|upkeep\n|turn|5\n|c| pokeashbattle|Gg\n|\n|t:|1699681259\n|switch|p1a: Scizor|Scizor, F|100\/100\n|-damage|p1a: Scizor|88\/100|[from] Stealth Rock\n|move|p2a: Weavile|Triple Axel|p1a: Scizor\n|-resisted|p1a: Scizor\n|-damage|p1a: Scizor|83\/100\n|-resisted|p1a: Scizor\n|-damage|p1a: Scizor|73\/100\n|-resisted|p1a: Scizor\n|-damage|p1a: Scizor|58\/100\n|-hitcount|p1a: Scizor|3\n|\n|upkeep\n|turn|6\n|c| h1rsfr|Mujhe ni lgta burn jitega\n|\n|t:|1699681291\n|switch|p2a: Ferrothorn|Ferrothorn, M|17\/100\n|detailschange|p1a: Scizor|Scizor-Mega, F\n|-mega|p1a: Scizor|Scizor|Scizorite\n|move|p1a: Scizor|Swords Dance|p1a: Scizor\n|-boost|p1a: Scizor|atk|2\n|\n|-heal|p2a: Ferrothorn|23\/100|[from] item: Leftovers\n|upkeep\n|turn|7\n|c| pokeashbattle|Beat up\n|j| Blazzeon\n|\n|t:|1699681308\n|move|p1a: Scizor|Iron Head|p2a: Ferrothorn\n|-resisted|p2a: Ferrothorn\n|-damage|p2a: Ferrothorn|0 fnt\n|-damage|p1a: Scizor|46\/100|[from] ability: Iron Barbs|[of] p2a: Ferrothorn\n|faint|p2a: Ferrothorn\n|\n|upkeep\n|\n|t:|1699681322\n|switch|p2a: Therain Part2|Tornadus-Therian, M|100\/100\n|turn|8\n|\n|t:|1699681334\n|move|p1a: Scizor|Bullet Punch|p2a: Therain Part2\n|-damage|p2a: Therain Part2|2\/100\n|move|p2a: Therain Part2|Heat Wave|p1a: Scizor\n|-supereffective|p1a: Scizor\n|-damage|p1a: Scizor|0 fnt\n|faint|p1a: Scizor\n|\n|upkeep\n|c|\u2606Krish2278|Arey yaar\n|c| Blazzeon|Ok\n|c| h1rsfr|Abe yr burn to gya\n|c| Blazzeon|Deserved\n|c| h1rsfr|Khtm game burn ka\n|c|\u2606Krish2278|Thoda Bach Gaya bas\n|\n|t:|1699681359\n|switch|p1a: Dragonite|Dragonite, M|100\/100\n|turn|9\n|\n|t:|1699681371\n|move|p1a: Dragonite|Extreme Speed|p2a: Therain Part2\n|-damage|p2a: Therain Part2|0 fnt\n|faint|p2a: Therain Part2\n|\n|upkeep\n|\n|t:|1699681382\n|switch|p2a: Rotom|Rotom-Wash|52\/100\n|turn|10\n|\n|t:|1699681391\n|-terastallize|p1a: Dragonite|Normal\n|move|p1a: Dragonite|Extreme Speed|p2a: Rotom\n|-damage|p2a: Rotom|17\/100\n|move|p2a: Rotom|Will-O-Wisp|p1a: Dragonite\n|-status|p1a: Dragonite|brn\n|\n|-heal|p2a: Rotom|23\/100|[from] item: Leftovers\n|-damage|p1a: Dragonite|94\/100 brn|[from] brn\n|upkeep\n|turn|11\n|\n|t:|1699681411\n|switch|p1a: Kommo-o|Kommo-o, M|100\/100\n|-damage|p1a: Kommo-o|94\/100|[from] Stealth Rock\n|switch|p2a: Scizor|Scizor, M|100\/100\n|\n|upkeep\n|turn|12\n|c| pokeashbattle|Gg\n|c|\u2606Krish2278|I was knowing that\n|\n|t:|1699681444\n|detailschange|p2a: Scizor|Scizor-Mega, M\n|-mega|p2a: Scizor|Scizor|Scizorite\n|-zpower|p1a: Kommo-o\n|move|p1a: Kommo-o|Clangorous Soulblaze|p2a: Scizor|[zeffect]\n|-resisted|p2a: Scizor\n|-damage|p2a: Scizor|75\/100\n|-boost|p1a: Kommo-o|atk|1\n|-boost|p1a: Kommo-o|def|1\n|-boost|p1a: Kommo-o|spa|1\n|-boost|p1a: Kommo-o|spd|1\n|-boost|p1a: Kommo-o|spe|1\n|move|p2a: Scizor|U-turn|p1a: Kommo-o\n|-resisted|p1a: Kommo-o\n|-damage|p1a: Kommo-o|83\/100\n|c| Blazzeon|Nyc English\n|\n|t:|1699681467\n|switch|p2a: Weavile|Weavile, F|100\/100|[from] U-turn\n|-ability|p2a: Weavile|Pressure\n|\n|upkeep\n|turn|13\n|c|\u2606Krish2278|Thanks bro\n|\n|t:|1699681484\n|move|p1a: Kommo-o|Drain Punch|p2a: Weavile\n|-supereffective|p2a: Weavile\n|-enditem|p2a: Weavile|Focus Sash\n|-damage|p2a: Weavile|1\/100\n|-heal|p1a: Kommo-o|100\/100|[from] drain|[of] p2a: Weavile\n|move|p2a: Weavile|Triple Axel|p1a: Kommo-o\n|-supereffective|p1a: Kommo-o\n|-damage|p1a: Kommo-o|86\/100\n|-supereffective|p1a: Kommo-o\n|-damage|p1a: Kommo-o|61\/100\n|-supereffective|p1a: Kommo-o\n|-damage|p1a: Kommo-o|19\/100\n|-hitcount|p1a: Kommo-o|3\n|\n|upkeep\n|turn|14\n|c| pokeashbattle|Ag mei weavile bahot use karte hain\n|c|\u2606Krish2278|Yaar\n|c| Blazzeon|Deserved\n|c|\u2606Krish2278|Ice shard sa ho bas\n|c| pokeashbattle|Priority move kar\n|\n|t:|1699681508\n|move|p2a: Weavile|Ice Shard|p1a: Kommo-o\n|-supereffective|p1a: Kommo-o\n|-damage|p1a: Kommo-o|0 fnt\n|faint|p1a: Kommo-o\n|\n|upkeep\n|c|\u2606Krish2278|Na*\n|c| Blazzeon|Lmao\n|c| Blazzeon|Deserved\n|c| h1rsfr|Lol\n|\n|t:|1699681521\n|switch|p1a: Dragonite|Dragonite, M, tera:Normal|94\/100 brn\n|turn|15\n|c| pokeashbattle|Rotom\n|\n|t:|1699681536\n|switch|p2a: Scizor|Scizor-Mega, M|75\/100\n|move|p1a: Dragonite|Dragon Dance|p1a: Dragonite\n|-boost|p1a: Dragonite|atk|1\n|-boost|p1a: Dragonite|spe|1\n|\n|-damage|p1a: Dragonite|88\/100 brn|[from] brn\n|upkeep\n|turn|16\n|c| pokeashbattle|Sword dance\n|\n|t:|1699681554\n|move|p1a: Dragonite|Dragon Dance|p1a: Dragonite\n|-boost|p1a: Dragonite|atk|1\n|-boost|p1a: Dragonite|spe|1\n|move|p2a: Scizor|Swords Dance|p2a: Scizor\n|-boost|p2a: Scizor|atk|2\n|\n|-damage|p1a: Dragonite|82\/100 brn|[from] brn\n|upkeep\n|turn|17\n|c| pokeashbattle|And gg\n|c| h1rsfr|Wo burn h shyd hi onehit krpay ex speed se\n|c| h1rsfr|Are yr dont wanna see burn loosing bc\n|c| Blazzeon|2 dragon dance\n|c| h1rsfr|Ptani kya hoga\n|c|\u2606Krish2278|Gand phat Rahi meri\n|c| pokeashbattle|Bullet punch\n|c| pokeashbattle|Hehe\n|\n|t:|1699681606\n|move|p1a: Dragonite|Earthquake|p2a: Scizor\n|-damage|p2a: Scizor|52\/100\n|move|p2a: Scizor|Swords Dance|p2a: Scizor\n|-boost|p2a: Scizor|atk|2\n|\n|-damage|p1a: Dragonite|76\/100 brn|[from] brn\n|upkeep\n|turn|18\n|c| Blazzeon|Silva le fir\n|c| pokeashbattle|Bruh\n|c| h1rsfr|Bullet punch marna ab\n|c| Blazzeon|Wtf-\n|\n|t:|1699681623\n|move|p1a: Dragonite|Outrage|p2a: Scizor\n|-resisted|p2a: Scizor\n|-damage|p2a: Scizor|31\/100\n|move|p2a: Scizor|Roost|p2a: Scizor\n|-heal|p2a: Scizor|81\/100\n|-singleturn|p2a: Scizor|move: Roost\n|\n|-damage|p1a: Dragonite|70\/100 brn|[from] brn\n|upkeep\n|turn|19\n|c| Blazzeon|Bro\n|c| Blazzeon|Tf\n|c| h1rsfr|Roost\n|c|\u2606Krish2278|Wtf\n|c| h1rsfr|Tf\n|c| Blazzeon|Burn set up krra\n|c|\u2606Krish2278|Wtf\n|c|\u2606Krish2278|Wtf\n|\n|t:|1699681640\n|move|p1a: Dragonite|Outrage|p2a: Scizor|[from]lockedmove\n|-resisted|p2a: Scizor\n|-damage|p2a: Scizor|61\/100\n|-start|p1a: Dragonite|confusion|[fatigue]\n|move|p2a: Scizor|Roost|p2a: Scizor\n|-heal|p2a: Scizor|100\/100\n|-singleturn|p2a: Scizor|move: Roost\n|\n|-damage|p1a: Dragonite|63\/100 brn|[from] brn\n|upkeep\n|turn|20\n|c|\u2606Krish2278|Burn won\n|c| pokeashbattle|Stall mod activated!\n|\n|t:|1699681656\n|-activate|p1a: Dragonite|confusion\n|-damage|p1a: Dragonite|28\/100 brn|[from] confusion\n|move|p2a: Scizor|Swords Dance|p2a: Scizor\n|-boost|p2a: Scizor|atk|2\n|\n|-damage|p1a: Dragonite|22\/100 brn|[from] brn\n|upkeep\n|turn|21\n|c|\u2606Krish2278|Forfiet kardu \ud83d\ude2d\n|\n|t:|1699681674\n|move|p2a: Scizor|Bullet Punch|p1a: Dragonite\n|-damage|p1a: Dragonite|0 fnt\n|faint|p1a: Dragonite\n|\n|upkeep\n|\n|t:|1699681681\n|switch|p1a: Gliscor|Gliscor, F|100\/100\n|-damage|p1a: Gliscor|88\/100|[from] Stealth Rock\n|turn|22\n|c| Blazzeon|Krde\n|c| h1rsfr|Krde\n|c| Blazzeon|Burn W\n|c| pokeashbattle|Fire fang kar\n|c| Blazzeon|Game palat dia\n|c| Blazzeon|Roost was majestic\n|c| pokeashbattle|Fire fang\n|\n|t:|1699681705\n|move|p2a: Scizor|Bullet Punch|p1a: Gliscor\n|-damage|p1a: Gliscor|0 fnt\n|faint|p1a: Gliscor\n|\n|upkeep\n|\n|t:|1699681709\n|switch|p1a: Rillaboom|Rillaboom, M|100\/100\n|-damage|p1a: Rillaboom|88\/100|[from] Stealth Rock\n|-fieldstart|move: Grassy Terrain|[from] ability: Grassy Surge|[of] p1a: Rillaboom\n|turn|23\n|c| Blazzeon|Kya ukhad lega\n|c| Blazzeon|3x attack+technician\n|c| Blazzeon|Sweep pakka h\n|\n|t:|1699681722\n|move|p2a: Scizor|Bullet Punch|p1a: Rillaboom\n|-damage|p1a: Rillaboom|0 fnt\n|faint|p1a: Rillaboom\n|\n|upkeep\n|\n|t:|1699681725\n|switch|p1a: Zapdos|Zapdos|80\/100\n|-damage|p1a: Zapdos|55\/100|[from] Stealth Rock\n|turn|24\n|c| pokeashbattle|Gg boy\n|\n|t:|1699681740\n|move|p2a: Scizor|Bullet Punch|p1a: Zapdos\n|-resisted|p1a: Zapdos\n|-damage|p1a: Zapdos|0 fnt\n|faint|p1a: Zapdos\n|\n|win|Zeet Zoroark\n|l| Shuvam124\n|l| pokeashbattle\n|c|\u2606Zeet Zoroark|Gg\n","uploadtime":1699681789,"views":14,"p1id":"krish2278","p2id":"zeetzoroark","formatid":"gen9nationaldex","rating":0,"private":0,"password":""}