{"id":"gen9nationaldex-1995068875","p1":"BIGHAXORUSFAN147","p2":"links2345678","format":"[Gen 9] National Dex","log":"|html|<div class=\"broadcast-blue\"><strong>[Gen 9] National Dex is currently suspecting Sneasler! For information on how to participate check out the <a href=\"https:\/\/www.smogon.com\/forums\/threads\/sv-national-dex-suspect-8-just-dance.3731534\/\">suspect thread<\/a>.<\/strong><\/div>\n|j|\u2606BIGHAXORUSFAN147\n|j|\u2606links2345678\n|t:|1700519147\n|gametype|singles\n|player|p1|BIGHAXORUSFAN147|grimsley-masters|1571\n|player|p2|links2345678|red|1464\n|teamsize|p1|6\n|teamsize|p2|6\n|gen|9\n|tier|[Gen 9] National Dex\n|rated|\n|rule|HP Percentage Mod: HP is shown in percentages\n|rule|Endless Battle Clause: Forcing endless battles is banned\n|rule|OHKO Clause: OHKO moves are banned\n|rule|Evasion Clause: Evasion abilities, items, and moves are banned\n|rule|Evasion Abilities Clause: Evasion abilities are banned\n|rule|Evasion Items Clause: Evasion items are banned\n|rule|Evasion Moves Clause: Evasion moves are banned\n|rule|Species Clause: Limit one of each Pok\u00e9mon\n|rule|Sleep Clause Mod: Limit one foe put to sleep\n|clearpoke\n|poke|p1|Tapu Koko|\n|poke|p1|Gyarados, M|\n|poke|p1|Volcarona, M|\n|poke|p1|Iron Valiant|\n|poke|p1|Dragonite, F|\n|poke|p1|Aegislash, M|\n|poke|p2|Sneasler, M|\n|poke|p2|Urshifu-*, M|\n|poke|p2|Tapu Koko|\n|poke|p2|Kommo-o, M|\n|poke|p2|Iron Hands|\n|poke|p2|Garchomp, F|\n|teampreview\n|\n|t:|1700519158\n|start\n|switch|p1a: Tapu Koko|Tapu Koko, shiny|100\/100\n|switch|p2a: Garchomp|Garchomp, F|100\/100\n|-fieldstart|move: Electric Terrain|[from] ability: Electric Surge|[of] p1a: Tapu Koko\n|turn|1\n|\n|t:|1700519169\n|-terastallize|p2a: Garchomp|Fire\n|move|p1a: Tapu Koko|Reflect|p1a: Tapu Koko\n|-sidestart|p1: BIGHAXORUSFAN147|Reflect\n|move|p2a: Garchomp|Swords Dance|p2a: Garchomp\n|-boost|p2a: Garchomp|atk|2\n|\n|upkeep\n|turn|2\n|\n|t:|1700519178\n|move|p1a: Tapu Koko|Light Screen|p1a: Tapu Koko\n|-sidestart|p1: BIGHAXORUSFAN147|move: Light Screen\n|move|p2a: Garchomp|Earthquake|p1a: Tapu Koko\n|-supereffective|p1a: Tapu Koko\n|-damage|p1a: Tapu Koko|0 fnt\n|faint|p1a: Tapu Koko\n|\n|upkeep\n|\n|t:|1700519185\n|switch|p1a: Gyarados|Gyarados, M, shiny|100\/100\n|-ability|p1a: Gyarados|Intimidate|boost\n|-unboost|p2a: Garchomp|atk|1\n|turn|3\n|\n|t:|1700519194\n|detailschange|p1a: Gyarados|Gyarados-Mega, M, shiny\n|-mega|p1a: Gyarados|Gyarados|Gyaradosite\n|-ability|p1a: Gyarados|Mold Breaker\n|move|p2a: Garchomp|Scale Shot|p1a: Gyarados\n|-damage|p1a: Gyarados|91\/100\n|-damage|p1a: Gyarados|81\/100\n|-damage|p1a: Gyarados|71\/100\n|-damage|p1a: Gyarados|62\/100\n|-crit|p1a: Gyarados\n|-damage|p1a: Gyarados|31\/100\n|-hitcount|p1a: Gyarados|5\n|-unboost|p2a: Garchomp|def|1\n|-boost|p2a: Garchomp|spe|1\n|move|p1a: Gyarados|Dragon Dance|p1a: Gyarados\n|-boost|p1a: Gyarados|atk|1\n|-boost|p1a: Gyarados|spe|1\n|\n|upkeep\n|turn|4\n|\n|t:|1700519212\n|move|p2a: Garchomp|Scale Shot|p1a: Gyarados\n|-damage|p1a: Gyarados|21\/100\n|-damage|p1a: Gyarados|12\/100\n|-damage|p1a: Gyarados|3\/100\n|-damage|p1a: Gyarados|0 fnt\n|faint|p1a: Gyarados\n|-hitcount|p1: Gyarados|4\n|-unboost|p2a: Garchomp|def|1\n|-boost|p2a: Garchomp|spe|1\n|\n|upkeep\n|\n|t:|1700519218\n|switch|p1a: Aegislash|Aegislash, M, shiny|100\/100\n|turn|5\n|\n|t:|1700519227\n|move|p2a: Garchomp|Fire Fang|p1a: Aegislash\n|-supereffective|p1a: Aegislash\n|-damage|p1a: Aegislash|53\/100\n|-zpower|p1a: Aegislash\n|-formechange|p1a: Aegislash|Aegislash-Blade||[from] ability: Stance Change\n|move|p1a: Aegislash|Never-Ending Nightmare|p2a: Garchomp|[zeffect]\n|-damage|p2a: Garchomp|0 fnt\n|faint|p2a: Garchomp\n|\n|-fieldend|move: Electric Terrain\n|upkeep\n|\n|t:|1700519246\n|switch|p2a: Tapu Koko|Tapu Koko|100\/100\n|-fieldstart|move: Electric Terrain|[from] ability: Electric Surge|[of] p2a: Tapu Koko\n|turn|6\n|\n|t:|1700519251\n|move|p2a: Tapu Koko|Volt Switch|p1a: Aegislash\n|-damage|p1a: Aegislash|0 fnt\n|faint|p1a: Aegislash\n|\n|t:|1700519273\n|switch|p2a: Sneasler|Sneasler, M|100\/100|[from] Volt Switch\n|-enditem|p2a: Sneasler|Electric Seed\n|-boost|p2a: Sneasler|def|1|[from] item: Electric Seed\n|\n|upkeep\n|inactive|Battle timer is ON: inactive players will automatically lose when time's up. (requested by links2345678)\n|\n|t:|1700519302\n|switch|p1a: Iron Valiant|Iron Valiant, shiny|100\/100\n|-activate|p1a: Iron Valiant|ability: Quark Drive\n|-start|p1a: Iron Valiant|quarkdrivespe\n|turn|7\n|\n|t:|1700519318\n|-terastallize|p1a: Iron Valiant|Electric\n|move|p2a: Sneasler|Acrobatics|p1a: Iron Valiant\n|-resisted|p1a: Iron Valiant\n|-crit|p1a: Iron Valiant\n|-damage|p1a: Iron Valiant|58\/100\n|move|p1a: Iron Valiant|Thunderbolt|p2a: Sneasler\n|-damage|p2a: Sneasler|0 fnt\n|faint|p2a: Sneasler\n|-damage|p1a: Iron Valiant|49\/100|[from] item: Life Orb\n|\n|upkeep\n|\n|t:|1700519340\n|switch|p2a: Iron Hands|Iron Hands|100\/100\n|-activate|p2a: Iron Hands|ability: Quark Drive\n|-start|p2a: Iron Hands|quarkdriveatk\n|turn|8\n|\n|t:|1700519351\n|move|p1a: Iron Valiant|Moonblast|p2a: Iron Hands\n|-supereffective|p2a: Iron Hands\n|-damage|p2a: Iron Hands|30\/100\n|-unboost|p2a: Iron Hands|spa|1\n|-damage|p1a: Iron Valiant|39\/100|[from] item: Life Orb\n|move|p2a: Iron Hands|Drain Punch|p1a: Iron Valiant\n|-damage|p1a: Iron Valiant|7\/100\n|-heal|p2a: Iron Hands|39\/100|[from] drain|[of] p1a: Iron Valiant\n|\n|-heal|p2a: Iron Hands|46\/100|[from] item: Leftovers\n|-sideend|p1: BIGHAXORUSFAN147|Reflect\n|upkeep\n|turn|9\n|\n|t:|1700519373\n|move|p1a: Iron Valiant|Moonblast|p2a: Iron Hands\n|-supereffective|p2a: Iron Hands\n|-damage|p2a: Iron Hands|0 fnt\n|faint|p2a: Iron Hands\n|-end|p2a: Iron Hands|Quark Drive|[silent]\n|-damage|p1a: Iron Valiant|0 fnt|[from] item: Life Orb\n|faint|p1a: Iron Valiant\n|-end|p1a: Iron Valiant|Quark Drive|[silent]\n|\n|-sideend|p1: BIGHAXORUSFAN147|move: Light Screen\n|upkeep\n|\n|t:|1700519386\n|switch|p1a: Volcarona|Volcarona, M, shiny|100\/100\n|switch|p2a: Tapu Koko|Tapu Koko|100\/100\n|turn|10\n|\n|t:|1700519394\n|move|p2a: Tapu Koko|Volt Switch|p1a: Volcarona\n|-damage|p1a: Volcarona|42\/100\n|\n|t:|1700519399\n|switch|p2a: Urshifu|Urshifu-Rapid-Strike, M|100\/100|[from] Volt Switch\n|move|p1a: Volcarona|Quiver Dance|p1a: Volcarona\n|-boost|p1a: Volcarona|spa|1\n|-boost|p1a: Volcarona|spd|1\n|-boost|p1a: Volcarona|spe|1\n|\n|-fieldend|move: Electric Terrain\n|upkeep\n|turn|11\n|\n|t:|1700519408\n|move|p2a: Urshifu|Aqua Jet|p1a: Volcarona\n|-supereffective|p1a: Volcarona\n|-damage|p1a: Volcarona|0 fnt\n|faint|p1a: Volcarona\n|\n|upkeep\n|\n|t:|1700519414\n|switch|p1a: Dragonite|Dragonite, F, shiny|100\/100\n|turn|12\n|\n|t:|1700519421\n|switch|p2a: Tapu Koko|Tapu Koko|100\/100\n|-fieldstart|move: Electric Terrain|[from] ability: Electric Surge|[of] p2a: Tapu Koko\n|move|p1a: Dragonite|Dragon Dance|p1a: Dragonite\n|-boost|p1a: Dragonite|atk|1\n|-boost|p1a: Dragonite|spe|1\n|\n|upkeep\n|turn|13\n|\n|t:|1700519431\n|move|p2a: Tapu Koko|Dazzling Gleam|p1a: Dragonite\n|-supereffective|p1a: Dragonite\n|-damage|p1a: Dragonite|44\/100\n|move|p1a: Dragonite|Dragon Dance|p1a: Dragonite\n|-boost|p1a: Dragonite|atk|1\n|-boost|p1a: Dragonite|spe|1\n|\n|upkeep\n|turn|14\n|\n|t:|1700519438\n|move|p1a: Dragonite|Earthquake|p2a: Tapu Koko\n|-supereffective|p2a: Tapu Koko\n|-damage|p2a: Tapu Koko|0 fnt\n|faint|p2a: Tapu Koko\n|\n|upkeep\n|\n|t:|1700519444\n|switch|p2a: Kommo-o|Kommo-o, M|100\/100\n|turn|15\n|\n|t:|1700519452\n|move|p1a: Dragonite|Earthquake|p2a: Kommo-o\n|-damage|p2a: Kommo-o|21\/100\n|move|p2a: Kommo-o|Clanging Scales|p1a: Dragonite\n|-supereffective|p1a: Dragonite\n|-damage|p1a: Dragonite|0 fnt\n|faint|p1a: Dragonite\n|-enditem|p2a: Kommo-o|Throat Spray\n|\n|win|links2345678\n|raw|BIGHAXORUSFAN147's rating: 1571 &rarr; <strong>1545<\/strong><br \/>(-26 for losing)\n|raw|links2345678's rating: 1464 &rarr; <strong>1490<\/strong><br \/>(+26 for winning)\n|l|\u2606BIGHAXORUSFAN147\n|j|\u2606BIGHAXORUSFAN147\n|player|p1|BIGHAXORUSFAN147|grimsley-masters\n","uploadtime":1700519469,"views":12,"p1id":"bighaxorusfan147","p2id":"links2345678","formatid":"gen9nationaldex","rating":1490,"private":0,"password":""}