{"id":"gen9nationaldex-1997343930","p1":"Enchidio","p2":"Tokiwakano","format":"[Gen 9] National Dex","log":"|html|<div class=\"broadcast-blue\"><strong>[Gen 9] National Dex is currently suspecting Sneasler! For information on how to participate check out the <a href=\"https:\/\/www.smogon.com\/forums\/threads\/sv-national-dex-suspect-8-just-dance.3731534\/\">suspect thread<\/a>.<\/strong><\/div>\n|j|\u2606Enchidio\n|j|\u203dTokiwakano\n|t:|1700791974\n|gametype|singles\n|player|p1|Enchidio|gambler|1729\n|player|p2|Tokiwakano|caitlin|1757\n|teamsize|p1|6\n|teamsize|p2|6\n|gen|9\n|tier|[Gen 9] National Dex\n|rated|\n|rule|HP Percentage Mod: HP is shown in percentages\n|rule|Endless Battle Clause: Forcing endless battles is banned\n|rule|OHKO Clause: OHKO moves are banned\n|rule|Evasion Clause: Evasion abilities, items, and moves are banned\n|rule|Evasion Abilities Clause: Evasion abilities are banned\n|rule|Evasion Items Clause: Evasion items are banned\n|rule|Evasion Moves Clause: Evasion moves are banned\n|rule|Species Clause: Limit one of each Pok\u00e9mon\n|rule|Sleep Clause Mod: Limit one foe put to sleep\n|clearpoke\n|poke|p1|Zapdos|\n|poke|p1|Tyranitar, F|\n|poke|p1|Ferrothorn, F|\n|poke|p1|Excadrill, M|\n|poke|p1|Toxapex, F|\n|poke|p1|Tapu Lele|\n|poke|p2|Tapu Koko|\n|poke|p2|Iron Valiant|\n|poke|p2|Garchomp, M|\n|poke|p2|Ferrothorn, M|\n|poke|p2|Scizor, M|\n|poke|p2|Landorus-Therian, M|\n|teampreview\n|inactive|Battle timer is ON: inactive players will automatically lose when time's up. (requested by Tokiwakano)\n|c|\u2606Enchidio|glhf\n|\n|t:|1700791989\n|start\n|switch|p1a: Zapdos|Zapdos|100\/100\n|switch|p2a: Garchomp|Garchomp, M|100\/100\n|turn|1\n|\n|t:|1700792005\n|switch|p1a: Ferrothorn|Ferrothorn, F|100\/100\n|move|p2a: Garchomp|Swords Dance|p2a: Garchomp\n|-boost|p2a: Garchomp|atk|2\n|\n|upkeep\n|turn|2\n|\n|t:|1700792017\n|move|p2a: Garchomp|Earthquake|p1a: Ferrothorn\n|-damage|p1a: Ferrothorn|43\/100\n|move|p1a: Ferrothorn|Gyro Ball|p2a: Garchomp\n|-damage|p2a: Garchomp|48\/100\n|-damage|p1a: Ferrothorn|31\/100|[from] ability: Rough Skin|[of] p2a: Garchomp\n|\n|-heal|p1a: Ferrothorn|37\/100|[from] item: Leftovers\n|upkeep\n|turn|3\n|\n|t:|1700792026\n|move|p2a: Garchomp|Earthquake|p1a: Ferrothorn\n|-damage|p1a: Ferrothorn|0 fnt\n|faint|p1a: Ferrothorn\n|\n|upkeep\n|\n|t:|1700792029\n|switch|p1a: Tapu Lele|Tapu Lele|100\/100\n|-fieldstart|move: Psychic Terrain|[from] ability: Psychic Surge|[of] p1a: Tapu Lele\n|turn|4\n|\n|t:|1700792032\n|switch|p2a: Scizor|Scizor, M|100\/100\n|move|p1a: Tapu Lele|Psychic|p2a: Scizor\n|-resisted|p2a: Scizor\n|-damage|p2a: Scizor|75\/100\n|\n|upkeep\n|turn|5\n|\n|t:|1700792037\n|switch|p1a: Zapdos|Zapdos|100\/100\n|detailschange|p2a: Scizor|Scizor-Mega, M\n|-mega|p2a: Scizor|Scizor|Scizorite\n|move|p2a: Scizor|U-turn|p1a: Zapdos\n|-resisted|p1a: Zapdos\n|-damage|p1a: Zapdos|88\/100\n|\n|t:|1700792046\n|switch|p2a: Tapu Koko|Tapu Koko|100\/100|[from] U-turn\n|-fieldstart|move: Electric Terrain|[from] ability: Electric Surge|[of] p2a: Tapu Koko\n|\n|upkeep\n|turn|6\n|\n|t:|1700792049\n|move|p2a: Tapu Koko|Volt Switch|p1a: Zapdos\n|-damage|p1a: Zapdos|48\/100\n|\n|t:|1700792052\n|switch|p2a: Garchomp|Garchomp, M|48\/100|[from] Volt Switch\n|move|p1a: Zapdos|Volt Switch|p2a: Garchomp\n|-immune|p2a: Garchomp\n|\n|upkeep\n|turn|7\n|\n|t:|1700792058\n|switch|p1a: Tapu Lele|Tapu Lele|100\/100\n|-fieldstart|move: Psychic Terrain|[from] ability: Psychic Surge|[of] p1a: Tapu Lele\n|move|p2a: Garchomp|Stone Edge|p1a: Tapu Lele\n|-damage|p1a: Tapu Lele|50\/100\n|\n|upkeep\n|turn|8\n|j| xuxiansheng\n|\n|t:|1700792068\n|switch|p2a: Scizor|Scizor-Mega, M|75\/100\n|-terastallize|p1a: Tapu Lele|Psychic\n|move|p1a: Tapu Lele|Psychic|p2a: Scizor\n|-resisted|p2a: Scizor\n|-damage|p2a: Scizor|44\/100\n|-unboost|p2a: Scizor|spd|1\n|\n|upkeep\n|turn|9\n|j| one eye ding zhen\n|\n|t:|1700792075\n|move|p1a: Tapu Lele|Psychic|p2a: Scizor\n|-resisted|p2a: Scizor\n|-damage|p2a: Scizor|3\/100\n|move|p2a: Scizor|U-turn|p1a: Tapu Lele\n|-supereffective|p1a: Tapu Lele\n|-damage|p1a: Tapu Lele|0 fnt\n|faint|p1a: Tapu Lele\n|\n|t:|1700792083\n|switch|p2a: Garchomp|Garchomp, M|48\/100|[from] U-turn\n|\n|upkeep\n|\n|t:|1700792087\n|switch|p1a: Tyranitar|Tyranitar, F|100\/100\n|-weather|Sandstorm|[from] ability: Sand Stream|[of] p1a: Tyranitar\n|turn|10\n|\n|t:|1700792091\n|detailschange|p1a: Tyranitar|Tyranitar-Mega, F\n|-mega|p1a: Tyranitar|Tyranitar|Tyranitarite\n|move|p2a: Garchomp|Earthquake|p1a: Tyranitar\n|-supereffective|p1a: Tyranitar\n|-damage|p1a: Tyranitar|37\/100\n|move|p1a: Tyranitar|Knock Off|p2a: Garchomp\n|-damage|p2a: Garchomp|4\/100\n|-damage|p1a: Tyranitar|25\/100|[from] ability: Rough Skin|[of] p2a: Garchomp\n|\n|-weather|Sandstorm|[upkeep]\n|upkeep\n|turn|11\n|\n|t:|1700792101\n|switch|p1a: Toxapex|Toxapex, F|100\/100\n|move|p2a: Garchomp|Earthquake|p1a: Toxapex\n|-supereffective|p1a: Toxapex\n|-damage|p1a: Toxapex|35\/100\n|-enditem|p1a: Toxapex|Eject Button\n|\n|t:|1700792103\n|switch|p1a: Excadrill|Excadrill, M|100\/100\n|-item|p1a: Excadrill|Air Balloon\n|\n|-weather|Sandstorm|[upkeep]\n|-fieldend|move: Psychic Terrain\n|upkeep\n|turn|12\n|j| Meditate Golisopod\n|\n|t:|1700792109\n|switch|p2a: Scizor|Scizor-Mega, M|3\/100\n|move|p1a: Excadrill|Rapid Spin|p2a: Scizor\n|-resisted|p2a: Scizor\n|-damage|p2a: Scizor|0 fnt\n|-boost|p1a: Excadrill|spe|1\n|faint|p2a: Scizor\n|\n|-weather|Sandstorm|[upkeep]\n|upkeep\n|\n|t:|1700792120\n|switch|p2a: Landorus|Landorus-Therian, M|100\/100\n|-ability|p2a: Landorus|Intimidate|boost\n|-unboost|p1a: Excadrill|atk|1\n|turn|13\n|\n|t:|1700792130\n|switch|p1a: Zapdos|Zapdos|48\/100\n|move|p2a: Landorus|U-turn|p1a: Zapdos\n|-resisted|p1a: Zapdos\n|-damage|p1a: Zapdos|40\/100\n|\n|t:|1700792135\n|switch|p2a: Garchomp|Garchomp, M|4\/100|[from] U-turn\n|\n|-weather|Sandstorm|[upkeep]\n|-damage|p1a: Zapdos|34\/100|[from] Sandstorm\n|upkeep\n|turn|14\n|\n|t:|1700792143\n|move|p2a: Garchomp|Stone Edge|p1a: Zapdos|[miss]\n|-miss|p2a: Garchomp|p1a: Zapdos\n|move|p1a: Zapdos|Heat Wave|p2a: Garchomp\n|-resisted|p2a: Garchomp\n|-damage|p2a: Garchomp|0 fnt\n|faint|p2a: Garchomp\n|\n|-weather|none\n|upkeep\n|\n|t:|1700792146\n|switch|p2a: Tapu Koko|Tapu Koko|100\/100\n|-fieldstart|move: Electric Terrain|[from] ability: Electric Surge|[of] p2a: Tapu Koko\n|turn|15\n|\n|t:|1700792164\n|switch|p1a: Tyranitar|Tyranitar-Mega, F|25\/100\n|-weather|Sandstorm|[from] ability: Sand Stream|[of] p1a: Tyranitar\n|move|p2a: Tapu Koko|Volt Switch|p1a: Tyranitar\n|-damage|p1a: Tyranitar|5\/100\n|\n|t:|1700792168\n|switch|p2a: Iron Valiant|Iron Valiant|100\/100|[from] Volt Switch\n|-activate|p2a: Iron Valiant|ability: Quark Drive\n|-start|p2a: Iron Valiant|quarkdrivespe\n|\n|-weather|Sandstorm|[upkeep]\n|-damage|p2a: Iron Valiant|94\/100|[from] Sandstorm\n|upkeep\n|turn|16\n|\n|t:|1700792185\n|switch|p1a: Zapdos|Zapdos|34\/100\n|move|p2a: Iron Valiant|Moonblast|p1a: Zapdos\n|-crit|p1a: Zapdos\n|-damage|p1a: Zapdos|0 fnt\n|faint|p1a: Zapdos\n|\n|-weather|Sandstorm|[upkeep]\n|-damage|p2a: Iron Valiant|88\/100|[from] Sandstorm\n|upkeep\n|\n|t:|1700792187\n|switch|p1a: Excadrill|Excadrill, M|100\/100\n|-item|p1a: Excadrill|Air Balloon\n|turn|17\n|\n|t:|1700792190\n|move|p1a: Excadrill|Earthquake|p2a: Iron Valiant\n|-damage|p2a: Iron Valiant|15\/100\n|move|p2a: Iron Valiant|Moonblast|p1a: Excadrill\n|-resisted|p1a: Excadrill\n|-damage|p1a: Excadrill|53\/100\n|-enditem|p1a: Excadrill|Air Balloon\n|\n|-weather|Sandstorm|[upkeep]\n|-damage|p2a: Iron Valiant|9\/100|[from] Sandstorm\n|upkeep\n|turn|18\n|\n|t:|1700792195\n|move|p1a: Excadrill|Rapid Spin|p2a: Iron Valiant\n|-damage|p2a: Iron Valiant|0 fnt\n|-boost|p1a: Excadrill|spe|1\n|faint|p2a: Iron Valiant\n|-end|p2a: Iron Valiant|Quark Drive|[silent]\n|\n|-weather|Sandstorm|[upkeep]\n|upkeep\n|\n|t:|1700792198\n|switch|p2a: Landorus|Landorus-Therian, M|100\/100\n|-ability|p2a: Landorus|Intimidate|boost\n|-unboost|p1a: Excadrill|atk|1\n|turn|19\n|j| YJLF2\n|\n|t:|1700792213\n|switch|p1a: Toxapex|Toxapex, F|68\/100\n|move|p2a: Landorus|Earthquake|p1a: Toxapex\n|-supereffective|p1a: Toxapex\n|-damage|p1a: Toxapex|5\/100\n|\n|-weather|none\n|-fieldend|move: Electric Terrain\n|upkeep\n|turn|20\n|\n|t:|1700792218\n|move|p2a: Landorus|Earthquake|p1a: Toxapex\n|-supereffective|p1a: Toxapex\n|-damage|p1a: Toxapex|0 fnt\n|faint|p1a: Toxapex\n|\n|upkeep\n|j| sourmilkcereal\n|\n|t:|1700792233\n|switch|p1a: Tyranitar|Tyranitar-Mega, F|5\/100\n|-weather|Sandstorm|[from] ability: Sand Stream|[of] p1a: Tyranitar\n|turn|21\n|\n|t:|1700792237\n|move|p1a: Tyranitar|Knock Off|p2a: Landorus\n|-damage|p2a: Landorus|36\/100\n|-enditem|p2a: Landorus|Leftovers|[from] move: Knock Off|[of] p1a: Tyranitar\n|move|p2a: Landorus|U-turn|p1a: Tyranitar\n|-supereffective|p1a: Tyranitar\n|-damage|p1a: Tyranitar|0 fnt\n|faint|p1a: Tyranitar\n|c|\u2606Enchidio|gg\n|j| Ghha\n|\n|t:|1700792248\n|switch|p2a: Ferrothorn|Ferrothorn, M|100\/100|[from] U-turn\n|\n|-weather|Sandstorm|[upkeep]\n|upkeep\n|\n|t:|1700792252\n|switch|p1a: Excadrill|Excadrill, M|53\/100\n|turn|22\n|\n|t:|1700792255\n|move|p1a: Excadrill|Swords Dance|p1a: Excadrill\n|-boost|p1a: Excadrill|atk|2\n|move|p2a: Ferrothorn|Gyro Ball|p1a: Excadrill\n|-resisted|p1a: Excadrill\n|-damage|p1a: Excadrill|17\/100\n|\n|-weather|Sandstorm|[upkeep]\n|upkeep\n|turn|23\n|\n|t:|1700792261\n|move|p1a: Excadrill|Earthquake|p2a: Ferrothorn\n|-damage|p2a: Ferrothorn|36\/100\n|move|p2a: Ferrothorn|Gyro Ball|p1a: Excadrill\n|-resisted|p1a: Excadrill\n|-damage|p1a: Excadrill|0 fnt\n|faint|p1a: Excadrill\n|\n|win|Tokiwakano\n|raw|Enchidio's rating: 1729 &rarr; <strong>1711<\/strong><br \/>(-18 for losing)\n|raw|Tokiwakano's rating: 1757 &rarr; <strong>1775<\/strong><br \/>(+18 for winning)\n|l| xuxiansheng\n","uploadtime":1700792270,"views":4,"p1id":"enchidio","p2id":"tokiwakano","formatid":"gen9nationaldex","rating":1711,"private":0,"password":""}