{"id":"gen9nationaldex-1992981878","p1":"PyroGaleZX","p2":"Jam20Jam","format":"[Gen 9] National Dex","log":"|j|\u2606PyroGaleZX\n|j|\u2606Jam20Jam\n|t:|1700252489\n|gametype|singles\n|player|p1|PyroGaleZX|grusha|\n|player|p2|Jam20Jam|carmine|\n|teamsize|p1|6\n|teamsize|p2|6\n|gen|9\n|tier|[Gen 9] National Dex\n|rule|HP Percentage Mod: HP is shown in percentages\n|rule|Endless Battle Clause: Forcing endless battles is banned\n|rule|OHKO Clause: OHKO moves are banned\n|rule|Evasion Clause: Evasion abilities, items, and moves are banned\n|rule|Evasion Abilities Clause: Evasion abilities are banned\n|rule|Evasion Items Clause: Evasion items are banned\n|rule|Evasion Moves Clause: Evasion moves are banned\n|rule|Species Clause: Limit one of each Pok\u00e9mon\n|rule|Sleep Clause Mod: Limit one foe put to sleep\n|clearpoke\n|poke|p1|Enamorus-Therian, F|\n|poke|p1|Arcanine, M|\n|poke|p1|Spiritomb, F|\n|poke|p1|Pawmo, M|\n|poke|p1|Articuno-Galar|\n|poke|p1|Dragonite, F|\n|poke|p2|Skeledirge, F|\n|poke|p2|Grimer-Alola, F|\n|poke|p2|Coalossal, F|\n|poke|p2|Veluza, F|\n|poke|p2|Cetitan, M|\n|poke|p2|Great Tusk|\n|teampreview\n|j| HeirEhm\n|\n|t:|1700252533\n|start\n|switch|p1a: Articuno|Articuno-Galar|100\/100\n|switch|p2a: Great Tusk|Great Tusk|100\/100\n|-enditem|p2a: Great Tusk|Booster Energy\n|-activate|p2a: Great Tusk|ability: Protosynthesis|[fromitem]\n|-start|p2a: Great Tusk|protosynthesisatk\n|turn|1\n|\n|t:|1700252560\n|switch|p1a: Spiritomb|Spiritomb, F, shiny|100\/100\n|-ability|p1a: Spiritomb|Pressure\n|move|p2a: Great Tusk|Ice Spinner|p1a: Spiritomb\n|-damage|p1a: Spiritomb|59\/100\n|-damage|p2a: Great Tusk|84\/100|[from] item: Rocky Helmet|[of] p1a: Spiritomb\n|\n|upkeep\n|turn|2\n|\n|t:|1700252573\n|-end|p2a: Great Tusk|Protosynthesis|[silent]\n|switch|p2a: Grimer|Grimer-Alola, F|100\/100\n|move|p1a: Spiritomb|Stored Power|p2a: Grimer\n|-immune|p2a: Grimer\n|\n|upkeep\n|turn|3\n|\n|t:|1700252584\n|switch|p1a: Pawmo|Pawmo, M|100\/100\n|move|p2a: Grimer|Knock Off|p1a: Pawmo\n|-resisted|p1a: Pawmo\n|-damage|p1a: Pawmo|81\/100\n|-enditem|p1a: Pawmo|Eviolite|[from] move: Knock Off|[of] p2a: Grimer\n|\n|upkeep\n|turn|4\n|\n|t:|1700252605\n|switch|p2a: SpanishInquisition|Coalossal, F|100\/100\n|move|p1a: Pawmo|Knock Off|p2a: SpanishInquisition\n|-damage|p2a: SpanishInquisition|87\/100\n|-enditem|p2a: SpanishInquisition|Assault Vest|[from] move: Knock Off|[of] p1a: Pawmo\n|\n|upkeep\n|turn|5\n|\n|t:|1700252620\n|move|p1a: Pawmo|Wish|p1a: Pawmo\n|move|p2a: SpanishInquisition|Stone Edge|p1a: Pawmo\n|-resisted|p1a: Pawmo\n|-damage|p1a: Pawmo|39\/100\n|\n|upkeep\n|turn|6\n|\n|t:|1700252628\n|move|p1a: Pawmo|Volt Switch|p2a: SpanishInquisition\n|-damage|p2a: SpanishInquisition|77\/100\n|\n|t:|1700252631\n|switch|p1a: Spiritomb|Spiritomb, F, shiny|59\/100|[from] Volt Switch\n|-ability|p1a: Spiritomb|Pressure\n|move|p2a: SpanishInquisition|Heat Crash|p1a: Spiritomb\n|-damage|p1a: Spiritomb|33\/100\n|-damage|p2a: SpanishInquisition|60\/100|[from] item: Rocky Helmet|[of] p1a: Spiritomb\n|\n|-heal|p1a: Spiritomb|94\/100|[from] move: Wish|[wisher] Pawmo\n|upkeep\n|turn|7\n|\n|t:|1700252659\n|move|p1a: Spiritomb|Calm Mind|p1a: Spiritomb\n|-boost|p1a: Spiritomb|spa|1\n|-boost|p1a: Spiritomb|spd|1\n|move|p2a: SpanishInquisition|Stone Edge|p1a: Spiritomb\n|-damage|p1a: Spiritomb|53\/100\n|\n|upkeep\n|turn|8\n|\n|t:|1700252671\n|move|p1a: Spiritomb|Rest|p1a: Spiritomb\n|-status|p1a: Spiritomb|slp|[from] move: Rest\n|-heal|p1a: Spiritomb|100\/100 slp|[silent]\n|move|p2a: SpanishInquisition|Stone Edge|p1a: Spiritomb|[miss]\n|-miss|p2a: SpanishInquisition|p1a: Spiritomb\n|\n|upkeep\n|turn|9\n|\n|t:|1700252680\n|switch|p2a: Skeledirge|Skeledirge, F|100\/100\n|cant|p1a: Spiritomb|slp\n|move|p1a: Spiritomb|Snore|p2a: Skeledirge\n|-immune|p2a: Skeledirge\n|\n|upkeep\n|turn|10\n|\n|t:|1700252695\n|move|p2a: Skeledirge|Encore|p1a: Spiritomb\n|-start|p1a: Spiritomb|Encore\n|cant|p1a: Spiritomb|slp\n|move|p1a: Spiritomb|Snore|p2a: Skeledirge\n|-immune|p2a: Skeledirge\n|\n|upkeep\n|turn|11\n|\n|t:|1700252713\n|switch|p1a: Pawmo|Pawmo, M|39\/100\n|move|p2a: Skeledirge|Torch Song|p1a: Pawmo\n|-damage|p1a: Pawmo|7\/100\n|-boost|p2a: Skeledirge|spa|1\n|\n|upkeep\n|turn|12\n|\n|t:|1700252722\n|move|p1a: Pawmo|Knock Off|p2a: Skeledirge\n|-supereffective|p2a: Skeledirge\n|-damage|p2a: Skeledirge|69\/100\n|-enditem|p2a: Skeledirge|Leftovers|[from] move: Knock Off|[of] p1a: Pawmo\n|move|p2a: Skeledirge|Torch Song|p1a: Pawmo\n|-damage|p1a: Pawmo|0 fnt\n|-boost|p2a: Skeledirge|spa|1\n|faint|p1a: Pawmo\n|\n|upkeep\n|\n|t:|1700252730\n|switch|p1a: Enamorus|Enamorus-Therian, F|100\/100\n|turn|13\n|\n|t:|1700252740\n|-terastallize|p2a: Skeledirge|Normal\n|move|p2a: Skeledirge|Torch Song|p1a: Enamorus\n|-damage|p1a: Enamorus|51\/100\n|-boost|p2a: Skeledirge|spa|1\n|move|p1a: Enamorus|Earth Power|p2a: Skeledirge\n|-damage|p2a: Skeledirge|45\/100\n|\n|upkeep\n|turn|14\n|\n|t:|1700252754\n|move|p2a: Skeledirge|Slack Off|p2a: Skeledirge\n|-heal|p2a: Skeledirge|95\/100\n|move|p1a: Enamorus|Draining Kiss|p2a: Skeledirge\n|-damage|p2a: Skeledirge|71\/100\n|-heal|p1a: Enamorus|77\/100|[from] drain|[of] p2a: Skeledirge\n|\n|upkeep\n|turn|15\n|\n|t:|1700252783\n|switch|p1a: Arcanine|Arcanine, M|100\/100\n|-ability|p1a: Arcanine|Intimidate|boost\n|-unboost|p2a: Skeledirge|atk|1\n|move|p2a: Skeledirge|Torch Song|p1a: Arcanine\n|-resisted|p1a: Arcanine\n|-crit|p1a: Arcanine\n|-damage|p1a: Arcanine|38\/100\n|-boost|p2a: Skeledirge|spa|1\n|\n|upkeep\n|turn|16\n|\n|t:|1700252796\n|move|p2a: Skeledirge|Torch Song|p1a: Arcanine\n|-resisted|p1a: Arcanine\n|-damage|p1a: Arcanine|0 fnt\n|-boost|p2a: Skeledirge|spa|1\n|faint|p1a: Arcanine\n|\n|upkeep\n|\n|t:|1700252805\n|switch|p1a: Dragonite|Dragonite, F|100\/100\n|turn|17\n|\n|t:|1700252820\n|move|p1a: Dragonite|Dragon Dance|p1a: Dragonite\n|-boost|p1a: Dragonite|atk|1\n|-boost|p1a: Dragonite|spe|1\n|move|p2a: Skeledirge|Will-O-Wisp|p1a: Dragonite\n|-status|p1a: Dragonite|brn\n|\n|-damage|p1a: Dragonite|94\/100 brn|[from] brn\n|upkeep\n|turn|18\n|\n|t:|1700252829\n|move|p1a: Dragonite|Earthquake|p2a: Skeledirge\n|-damage|p2a: Skeledirge|55\/100\n|move|p2a: Skeledirge|Encore|p1a: Dragonite\n|-start|p1a: Dragonite|Encore\n|\n|-damage|p1a: Dragonite|88\/100 brn|[from] brn\n|upkeep\n|turn|19\n|\n|t:|1700252844\n|switch|p1a: Spiritomb|Spiritomb, F, shiny|100\/100 slp\n|-ability|p1a: Spiritomb|Pressure\n|move|p2a: Skeledirge|Torch Song|p1a: Spiritomb\n|-damage|p1a: Spiritomb|23\/100 slp\n|-boost|p2a: Skeledirge|spa|1\n|\n|upkeep\n|turn|20\n|\n|t:|1700252854\n|move|p2a: Skeledirge|Torch Song|p1a: Spiritomb\n|-damage|p1a: Spiritomb|0 fnt\n|faint|p1a: Spiritomb\n|\n|upkeep\n|\n|t:|1700252857\n|switch|p1a: Articuno|Articuno-Galar|100\/100\n|turn|21\n|\n|t:|1700252861\n|-terastallize|p1a: Articuno|Fighting\n|move|p1a: Articuno|Tera Blast|p2a: Skeledirge|[anim] Tera Blast Fighting\n|-supereffective|p2a: Skeledirge\n|-damage|p2a: Skeledirge|6\/100\n|move|p2a: Skeledirge|Torch Song|p1a: Articuno\n|-damage|p1a: Articuno|0 fnt\n|faint|p1a: Articuno\n|\n|upkeep\n|\n|t:|1700252864\n|switch|p1a: Dragonite|Dragonite, F|88\/100 brn\n|turn|22\n|\n|t:|1700252872\n|move|p1a: Dragonite|Extreme Speed|p2a: Skeledirge\n|-crit|p2a: Skeledirge\n|-damage|p2a: Skeledirge|0 fnt\n|faint|p2a: Skeledirge\n|\n|-damage|p1a: Dragonite|82\/100 brn|[from] brn\n|upkeep\n|\n|t:|1700252881\n|switch|p2a: Great Tusk|Great Tusk|84\/100\n|turn|23\n|\n|t:|1700252884\n|move|p2a: Great Tusk|Ice Spinner|p1a: Dragonite\n|-supereffective|p1a: Dragonite\n|-damage|p1a: Dragonite|0 fnt\n|faint|p1a: Dragonite\n|\n|upkeep\n|-message|PyroGaleZX forfeited.\n|\n|win|Jam20Jam\n|l|\u2606PyroGaleZX\n","uploadtime":1700252894,"views":6,"p1id":"pyrogalezx","p2id":"jam20jam","formatid":"gen9nationaldex","rating":0,"private":0,"password":""}