{"id":"gen9nationaldex-1993011634","p1":"Jarl_jake","p2":"TheEmeraldGamerGuy","format":"[Gen 9] National Dex","log":"|j|\u2606Jarl_jake\n|j|\u2606TheEmeraldGamerGuy\n|t:|1700255326\n|gametype|singles\n|player|p1|Jarl_jake|red|1544\n|player|p2|TheEmeraldGamerGuy|colress|1565\n|teamsize|p1|6\n|teamsize|p2|6\n|gen|9\n|tier|[Gen 9] National Dex\n|rated|\n|rule|HP Percentage Mod: HP is shown in percentages\n|rule|Endless Battle Clause: Forcing endless battles is banned\n|rule|OHKO Clause: OHKO moves are banned\n|rule|Evasion Clause: Evasion abilities, items, and moves are banned\n|rule|Evasion Abilities Clause: Evasion abilities are banned\n|rule|Evasion Items Clause: Evasion items are banned\n|rule|Evasion Moves Clause: Evasion moves are banned\n|rule|Species Clause: Limit one of each Pok\u00e9mon\n|rule|Sleep Clause Mod: Limit one foe put to sleep\n|clearpoke\n|poke|p1|Ninetales-Alola, F|\n|poke|p1|Serperior, F|\n|poke|p1|Salamence, M|\n|poke|p1|Blaziken, M|\n|poke|p1|Blastoise, F|\n|poke|p1|Grimmsnarl, M|\n|poke|p2|Pinsir, M|\n|poke|p2|Ogerpon-Wellspring, F|\n|poke|p2|Tapu Koko|\n|poke|p2|Clodsire, F|\n|poke|p2|Corviknight, M|\n|poke|p2|Iron Valiant|\n|teampreview\n|inactive|Battle timer is ON: inactive players will automatically lose when time's up. (requested by TheEmeraldGamerGuy)\n|\n|t:|1700255342\n|start\n|switch|p1a: Kurama|Ninetales-Alola, F, shiny|100\/100\n|switch|p2a: Pinsir|Pinsir, M|100\/100\n|-weather|Snow|[from] ability: Snow Warning|[of] p1a: Kurama\n|turn|1\n|\n|t:|1700255351\n|detailschange|p2a: Pinsir|Pinsir-Mega, M\n|-mega|p2a: Pinsir|Pinsir|Pinsirite\n|move|p1a: Kurama|Blizzard|p2a: Pinsir\n|-supereffective|p2a: Pinsir\n|-damage|p2a: Pinsir|0 fnt\n|faint|p2a: Pinsir\n|\n|-weather|Snow|[upkeep]\n|upkeep\n|\n|t:|1700255356\n|switch|p2a: Tapu Koko|Tapu Koko|100\/100\n|-fieldstart|move: Electric Terrain|[from] ability: Electric Surge|[of] p2a: Tapu Koko\n|turn|2\n|\n|t:|1700255362\n|move|p2a: Tapu Koko|Thunderbolt|p1a: Kurama\n|-damage|p1a: Kurama|37\/100\n|move|p1a: Kurama|Aurora Veil|p1a: Kurama\n|-sidestart|p1: Jarl_jake|move: Aurora Veil\n|\n|-weather|Snow|[upkeep]\n|upkeep\n|turn|3\n|\n|t:|1700255371\n|move|p2a: Tapu Koko|U-turn|p1a: Kurama\n|-resisted|p1a: Kurama\n|-damage|p1a: Kurama|33\/100\n|\n|t:|1700255373\n|switch|p2a: Corviknight|Corviknight, M|100\/100|[from] U-turn\n|-ability|p2a: Corviknight|Pressure\n|move|p1a: Kurama|Blizzard|p2a: Corviknight\n|-damage|p2a: Corviknight|65\/100\n|\n|-weather|Snow|[upkeep]\n|upkeep\n|turn|4\n|\n|t:|1700255383\n|move|p1a: Kurama|Blizzard|p2a: Corviknight\n|-damage|p2a: Corviknight|27\/100\n|move|p2a: Corviknight|Brave Bird|p1a: Kurama\n|-damage|p1a: Kurama|14\/100\n|-damage|p2a: Corviknight|22\/100|[from] Recoil\n|\n|-weather|Snow|[upkeep]\n|upkeep\n|turn|5\n|\n|t:|1700255392\n|switch|p2a: Ogerpon|Ogerpon-Wellspring, F|100\/100\n|move|p1a: Kurama|Blizzard|p2a: Ogerpon\n|-damage|p2a: Ogerpon|49\/100\n|\n|-weather|none\n|upkeep\n|turn|6\n|\n|t:|1700255404\n|-terastallize|p2a: Ogerpon|Water\n|detailschange|p2a: Ogerpon|Ogerpon-Wellspring-Tera, F, tera:Water\n|-ability|p2a: Ogerpon|Embody Aspect (Wellspring)|boost\n|-boost|p2a: Ogerpon|spd|1\n|move|p2a: Ogerpon|Swords Dance|p2a: Ogerpon\n|-boost|p2a: Ogerpon|atk|2\n|move|p1a: Kurama|Moonblast|p2a: Ogerpon\n|-damage|p2a: Ogerpon|18\/100\n|\n|-fieldend|move: Electric Terrain\n|upkeep\n|turn|7\n|\n|t:|1700255415\n|move|p2a: Ogerpon|Horn Leech|p1a: Kurama\n|-damage|p1a: Kurama|0 fnt\n|-heal|p2a: Ogerpon|24\/100|[from] drain|[of] p1a: Kurama\n|faint|p1a: Kurama\n|\n|upkeep\n|\n|t:|1700255427\n|switch|p1a: Grendel|Grimmsnarl, M, shiny|100\/100\n|turn|8\n|\n|t:|1700255430\n|move|p1a: Grendel|Sucker Punch|p2a: Ogerpon\n|-damage|p2a: Ogerpon|0 fnt\n|faint|p2a: Ogerpon\n|\n|upkeep\n|\n|t:|1700255435\n|switch|p2a: Corviknight|Corviknight, M|22\/100\n|-ability|p2a: Corviknight|Pressure\n|turn|9\n|j| sleepbodypressing\n|\n|t:|1700255453\n|switch|p1a: Fat Girl|Blastoise, F, shiny|100\/100\n|move|p2a: Corviknight|Roost|p2a: Corviknight\n|-heal|p2a: Corviknight|72\/100\n|-singleturn|p2a: Corviknight|move: Roost\n|\n|-sideend|p1: Jarl_jake|move: Aurora Veil\n|upkeep\n|turn|10\n|\n|t:|1700255463\n|move|p1a: Fat Girl|Shell Smash|p1a: Fat Girl\n|-unboost|p1a: Fat Girl|def|1\n|-unboost|p1a: Fat Girl|spd|1\n|-boost|p1a: Fat Girl|atk|2\n|-boost|p1a: Fat Girl|spa|2\n|-boost|p1a: Fat Girl|spe|2\n|move|p2a: Corviknight|U-turn|p1a: Fat Girl\n|-damage|p1a: Fat Girl|78\/100\n|\n|t:|1700255470\n|switch|p2a: Clodsire|Clodsire, F|100\/100|[from] U-turn\n|\n|upkeep\n|turn|11\n|\n|t:|1700255476\n|move|p1a: Fat Girl|Dark Pulse|p2a: Clodsire\n|-damage|p2a: Clodsire|89\/100\n|move|p2a: Clodsire|Toxic|p1a: Fat Girl\n|-status|p1a: Fat Girl|tox\n|\n|-damage|p1a: Fat Girl|72\/100 tox|[from] psn\n|upkeep\n|turn|12\n|\n|t:|1700255484\n|move|p1a: Fat Girl|Scald|p2a: Clodsire\n|-supereffective|p2a: Clodsire\n|-damage|p2a: Clodsire|53\/100\n|move|p2a: Clodsire|Spikes|p1a: Fat Girl\n|-sidestart|p1: Jarl_jake|Spikes\n|\n|-damage|p1a: Fat Girl|60\/100 tox|[from] psn\n|upkeep\n|turn|13\n|\n|t:|1700255494\n|move|p1a: Fat Girl|Scald|p2a: Clodsire\n|-supereffective|p2a: Clodsire\n|-damage|p2a: Clodsire|16\/100\n|-status|p2a: Clodsire|brn\n|move|p2a: Clodsire|Recover|p2a: Clodsire\n|-heal|p2a: Clodsire|66\/100 brn\n|\n|-damage|p1a: Fat Girl|42\/100 tox|[from] psn\n|-damage|p2a: Clodsire|60\/100 brn|[from] brn\n|upkeep\n|turn|14\n|\n|t:|1700255509\n|-terastallize|p1a: Fat Girl|Water\n|move|p1a: Fat Girl|Scald|p2a: Clodsire\n|-supereffective|p2a: Clodsire\n|-damage|p2a: Clodsire|8\/100 brn\n|move|p2a: Clodsire|Recover|p2a: Clodsire\n|-heal|p2a: Clodsire|58\/100 brn\n|\n|-damage|p1a: Fat Girl|18\/100 tox|[from] psn\n|-damage|p2a: Clodsire|51\/100 brn|[from] brn\n|upkeep\n|turn|15\n|\n|t:|1700255520\n|move|p1a: Fat Girl|Scald|p2a: Clodsire\n|-supereffective|p2a: Clodsire\n|-damage|p2a: Clodsire|0 fnt\n|faint|p2a: Clodsire\n|\n|-damage|p1a: Fat Girl|0 fnt|[from] psn\n|faint|p1a: Fat Girl\n|upkeep\n|\n|t:|1700255538\n|switch|p1a: Grendel|Grimmsnarl, M, shiny|100\/100\n|switch|p2a: Tapu Koko|Tapu Koko|100\/100\n|-fieldstart|move: Electric Terrain|[from] ability: Electric Surge|[of] p2a: Tapu Koko\n|-damage|p1a: Grendel|88\/100|[from] Spikes\n|turn|16\n|\n|t:|1700255557\n|move|p1a: Grendel|Parting Shot|p2a: Tapu Koko\n|-unboost|p2a: Tapu Koko|atk|1\n|-unboost|p2a: Tapu Koko|spa|1\n|\n|t:|1700255561\n|switch|p1a: Lady Oscar|Serperior, F, shiny|100\/100|[from] Parting Shot\n|-damage|p1a: Lady Oscar|88\/100|[from] Spikes\n|move|p2a: Tapu Koko|Thunderbolt|p1a: Lady Oscar\n|-resisted|p1a: Lady Oscar\n|-damage|p1a: Lady Oscar|67\/100\n|\n|upkeep\n|turn|17\n|\n|t:|1700255571\n|move|p2a: Tapu Koko|U-turn|p1a: Lady Oscar\n|-supereffective|p1a: Lady Oscar\n|-damage|p1a: Lady Oscar|42\/100\n|\n|t:|1700255573\n|switch|p2a: Iron Valiant|Iron Valiant|100\/100|[from] U-turn\n|-activate|p2a: Iron Valiant|ability: Quark Drive\n|-start|p2a: Iron Valiant|quarkdrivespe\n|move|p1a: Lady Oscar|Leaf Storm|p2a: Iron Valiant\n|-damage|p2a: Iron Valiant|0 fnt\n|-boost|p1a: Lady Oscar|spa|2\n|faint|p2a: Iron Valiant\n|-end|p2a: Iron Valiant|Quark Drive|[silent]\n|-damage|p1a: Lady Oscar|32\/100|[from] item: Life Orb\n|\n|upkeep\n|\n|t:|1700255575\n|switch|p2a: Corviknight|Corviknight, M|72\/100\n|-ability|p2a: Corviknight|Pressure\n|turn|18\n|\n|t:|1700255590\n|move|p1a: Lady Oscar|Hidden Power|p2a: Corviknight\n|-supereffective|p2a: Corviknight\n|-damage|p2a: Corviknight|0 fnt\n|faint|p2a: Corviknight\n|-damage|p1a: Lady Oscar|22\/100|[from] item: Life Orb\n|\n|upkeep\n|\n|t:|1700255593\n|switch|p2a: Tapu Koko|Tapu Koko|100\/100\n|turn|19\n|\n|t:|1700255600\n|move|p2a: Tapu Koko|U-turn|p1a: Lady Oscar\n|-supereffective|p1a: Lady Oscar\n|-damage|p1a: Lady Oscar|0 fnt\n|faint|p1a: Lady Oscar\n|\n|upkeep\n|\n|t:|1700255621\n|switch|p1a: Grendel|Grimmsnarl, M, shiny|88\/100\n|-damage|p1a: Grendel|76\/100|[from] Spikes\n|turn|20\n|\n|t:|1700255627\n|move|p1a: Grendel|Parting Shot|p2a: Tapu Koko\n|-unboost|p2a: Tapu Koko|atk|1\n|-unboost|p2a: Tapu Koko|spa|1\n|\n|t:|1700255630\n|switch|p1a: Paarthurnax|Salamence, M, shiny|100\/100|[from] Parting Shot\n|move|p2a: Tapu Koko|Thunderbolt|p1a: Paarthurnax\n|-damage|p1a: Paarthurnax|51\/100\n|\n|-fieldend|move: Electric Terrain\n|upkeep\n|turn|21\n|-message|TheEmeraldGamerGuy forfeited.\n|\n|win|Jarl_jake\n|raw|Jarl_jake's rating: 1544 &rarr; <strong>1565<\/strong><br \/>(+21 for winning)\n|raw|TheEmeraldGamerGuy's rating: 1565 &rarr; <strong>1544<\/strong><br \/>(-21 for losing)\n|l|\u2606TheEmeraldGamerGuy\n","uploadtime":1700255648,"views":24,"p1id":"jarljake","p2id":"theemeraldgamerguy","formatid":"gen9nationaldex","rating":1544,"private":0,"password":""}