{"id":"gen9nationaldex-1988965353","p1":"Cristian7gg","p2":"Gamer00ooO","format":"[Gen 9] National Dex","log":"|j|\u2606Cristian7gg\n|j|\u2606Gamer00ooO\n|t:|1699795628\n|gametype|singles\n|player|p1|Cristian7gg|lucas-gen4pt|\n|player|p2|Gamer00ooO|hilbert|\n|teamsize|p1|6\n|teamsize|p2|6\n|gen|9\n|tier|[Gen 9] National Dex\n|rule|HP Percentage Mod: HP is shown in percentages\n|rule|Endless Battle Clause: Forcing endless battles is banned\n|rule|OHKO Clause: OHKO moves are banned\n|rule|Evasion Clause: Evasion abilities, items, and moves are banned\n|rule|Evasion Abilities Clause: Evasion abilities are banned\n|rule|Evasion Items Clause: Evasion items are banned\n|rule|Evasion Moves Clause: Evasion moves are banned\n|rule|Species Clause: Limit one of each Pok\u00e9mon\n|rule|Sleep Clause Mod: Limit one foe put to sleep\n|clearpoke\n|poke|p1|Tapu Koko|\n|poke|p1|Raichu-Alola, M|\n|poke|p1|Charizard, F|\n|poke|p1|Gliscor, M|\n|poke|p1|Aegislash, F|\n|poke|p1|Dragonite, M|\n|poke|p2|Iron Valiant|\n|poke|p2|Weezing-Galar, F|\n|poke|p2|Diancie|\n|poke|p2|Gliscor, M|\n|poke|p2|Gardevoir, M|\n|poke|p2|Klefki, M|\n|teampreview\n|\n|t:|1699795637\n|start\n|switch|p1a: Papu :vvvvxdddd|Tapu Koko, shiny|100\/100\n|switch|p2a: Llaveros|Klefki, M|100\/100\n|-fieldstart|move: Electric Terrain|[from] ability: Electric Surge|[of] p1a: Papu :vvvvxdddd\n|turn|1\n|\n|t:|1699795648\n|move|p2a: Llaveros|Light Screen|p2a: Llaveros\n|-sidestart|p2: Gamer00ooO|move: Light Screen\n|move|p1a: Papu :vvvvxdddd|U-turn|p2a: Llaveros\n|-resisted|p2a: Llaveros\n|-damage|p2a: Llaveros|97\/100\n|\n|t:|1699795650\n|switch|p1a: Raichu|Raichu-Alola, M|100\/100|[from] U-turn\n|\n|upkeep\n|turn|2\n|j| Void280\n|\n|t:|1699795656\n|switch|p2a: Scorp corp|Gliscor, M|100\/100\n|move|p1a: Raichu|Nasty Plot|p1a: Raichu\n|-boost|p1a: Raichu|spa|2\n|\n|-status|p2a: Scorp corp|tox|[from] item: Toxic Orb\n|upkeep\n|turn|3\n|\n|t:|1699795662\n|switch|p1a: Pedro|Gliscor, M|100\/100\n|move|p2a: Scorp corp|Earthquake|p1a: Pedro\n|-immune|p1a: Pedro\n|\n|-status|p1a: Pedro|tox|[from] item: Toxic Orb\n|upkeep\n|turn|4\n|\n|t:|1699795668\n|move|p1a: Pedro|Defog|p2a: Scorp corp\n|-unboost|p2a: Scorp corp|evasion|1\n|-sideend|p2: Gamer00ooO|move: Light Screen\n|-fieldend|move: Electric Terrain\n|move|p2a: Scorp corp|Swords Dance|p2a: Scorp corp\n|-boost|p2a: Scorp corp|atk|2\n|\n|upkeep\n|turn|5\n|\n|t:|1699795674\n|switch|p1a: Alexis|Aegislash, F, shiny|100\/100\n|move|p2a: Scorp corp|Swords Dance|p2a: Scorp corp\n|-boost|p2a: Scorp corp|atk|2\n|\n|upkeep\n|turn|6\n|\n|t:|1699795679\n|switch|p1a: Salamander|Charizard, F|100\/100\n|move|p2a: Scorp corp|Earthquake|p1a: Salamander\n|-immune|p1a: Salamander\n|\n|upkeep\n|turn|7\n|\n|t:|1699795685\n|detailschange|p1a: Salamander|Charizard-Mega-Y, F\n|-mega|p1a: Salamander|Charizard|Charizardite Y\n|-weather|SunnyDay|[from] ability: Drought|[of] p1a: Salamander\n|move|p1a: Salamander|Flamethrower|p2a: Scorp corp\n|-damage|p2a: Scorp corp|20\/100 tox\n|move|p2a: Scorp corp|Facade|p1a: Salamander\n|-damage|p1a: Salamander|0 fnt\n|faint|p1a: Salamander\n|\n|-weather|SunnyDay|[upkeep]\n|-heal|p2a: Scorp corp|32\/100 tox|[from] ability: Poison Heal\n|upkeep\n|\n|t:|1699795695\n|switch|p1a: Papu :vvvvxdddd|Tapu Koko, shiny|100\/100\n|-fieldstart|move: Electric Terrain|[from] ability: Electric Surge|[of] p1a: Papu :vvvvxdddd\n|turn|8\n|\n|t:|1699795700\n|move|p1a: Papu :vvvvxdddd|Dazzling Gleam|p2a: Scorp corp\n|-damage|p2a: Scorp corp|0 fnt\n|faint|p2a: Scorp corp\n|\n|-weather|SunnyDay|[upkeep]\n|upkeep\n|\n|t:|1699795712\n|switch|p2a: Llaveros|Klefki, M|97\/100\n|turn|9\n|\n|t:|1699795716\n|move|p2a: Llaveros|Light Screen|p2a: Llaveros\n|-sidestart|p2: Gamer00ooO|move: Light Screen\n|move|p1a: Papu :vvvvxdddd|U-turn|p2a: Llaveros\n|-resisted|p2a: Llaveros\n|-damage|p2a: Llaveros|93\/100\n|\n|t:|1699795717\n|switch|p1a: Raichu|Raichu-Alola, M|100\/100|[from] U-turn\n|\n|-weather|SunnyDay|[upkeep]\n|upkeep\n|turn|10\n|\n|t:|1699795752\n|switch|p2a: Eco Eco|Gardevoir, M|100\/100\n|-ability|p2a: Eco Eco|Surge Surfer|[from] ability: Trace|[of] p1a: Raichu\n|move|p1a: Raichu|Nasty Plot|p1a: Raichu\n|-boost|p1a: Raichu|spa|2\n|\n|-weather|SunnyDay|[upkeep]\n|upkeep\n|turn|11\n|\n|t:|1699795766\n|detailschange|p2a: Eco Eco|Gardevoir-Mega, M\n|-mega|p2a: Eco Eco|Gardevoir|Gardevoirite\n|-terastallize|p1a: Raichu|Electric\n|move|p1a: Raichu|Rising Voltage|p2a: Eco Eco\n|-hint|Rising Voltage's BP doubled on grounded target.\n|-damage|p2a: Eco Eco|0 fnt\n|faint|p2a: Eco Eco\n|\n|-weather|none\n|upkeep\n|\n|t:|1699795773\n|switch|p2a: Llaveros|Klefki, M|93\/100\n|turn|12\n|\n|t:|1699795778\n|move|p2a: Llaveros|Defog|p1a: Raichu\n|-unboost|p1a: Raichu|evasion|1\n|-fieldend|move: Electric Terrain\n|move|p1a: Raichu|Rising Voltage|p2a: Llaveros\n|-damage|p2a: Llaveros|48\/100\n|\n|upkeep\n|turn|13\n|j| ericmont\n|c|\u2606Cristian7gg|A\n|\n|t:|1699795790\n|move|p2a: Llaveros|Reflect|p2a: Llaveros\n|-sidestart|p2: Gamer00ooO|Reflect\n|move|p1a: Raichu|Rising Voltage|p2a: Llaveros\n|-damage|p2a: Llaveros|3\/100\n|\n|upkeep\n|turn|14\n|\n|t:|1699795802\n|move|p2a: Llaveros|Thunder Wave|p1a: Raichu\n|-immune|p1a: Raichu\n|move|p1a: Raichu|Psyshock|p2a: Llaveros\n|-resisted|p2a: Llaveros\n|-damage|p2a: Llaveros|0 fnt\n|faint|p2a: Llaveros\n|\n|upkeep\n|\n|t:|1699795805\n|switch|p2a: Sr de carb\u00f3n|Weezing-Galar, F|100\/100\n|-fieldstart|move: Misty Terrain|[from] ability: Misty Surge|[of] p2a: Sr de carb\u00f3n\n|turn|15\n|l| ericmont\n|\n|t:|1699795810\n|move|p1a: Raichu|Psyshock|p2a: Sr de carb\u00f3n\n|-supereffective|p2a: Sr de carb\u00f3n\n|-crit|p2a: Sr de carb\u00f3n\n|-enditem|p2a: Sr de carb\u00f3n|Focus Sash\n|-damage|p2a: Sr de carb\u00f3n|1\/100\n|move|p2a: Sr de carb\u00f3n|Clear Smog|p1a: Raichu\n|-damage|p1a: Raichu|79\/100\n|-clearboost|p1a: Raichu\n|\n|upkeep\n|turn|16\n|\n|t:|1699795820\n|move|p1a: Raichu|Psyshock|p2a: Sr de carb\u00f3n\n|-supereffective|p2a: Sr de carb\u00f3n\n|-damage|p2a: Sr de carb\u00f3n|0 fnt\n|faint|p2a: Sr de carb\u00f3n\n|\n|-sideend|p2: Gamer00ooO|move: Light Screen\n|upkeep\n|\n|t:|1699795823\n|switch|p2a: Steven|Diancie|100\/100\n|turn|17\n|\n|t:|1699795830\n|switch|p1a: Papu :vvvvxdddd|Tapu Koko, shiny|100\/100\n|-fieldstart|move: Electric Terrain|[from] ability: Electric Surge|[of] p1a: Papu :vvvvxdddd\n|-terastallize|p2a: Steven|Electric\n|move|p2a: Steven|Body Press|p1a: Papu :vvvvxdddd\n|-resisted|p1a: Papu :vvvvxdddd\n|-damage|p1a: Papu :vvvvxdddd|79\/100\n|\n|upkeep\n|turn|18\n|\n|t:|1699795841\n|move|p1a: Papu :vvvvxdddd|U-turn|p2a: Steven\n|-damage|p2a: Steven|94\/100\n|\n|t:|1699795843\n|switch|p1a: Alexis|Aegislash, F, shiny|100\/100|[from] U-turn\n|move|p2a: Steven|Diamond Storm|p1a: Alexis\n|-resisted|p1a: Alexis\n|-damage|p1a: Alexis|87\/100\n|-boost|p2a: Steven|def|2\n|\n|-heal|p1a: Alexis|93\/100|[from] item: Leftovers\n|-heal|p2a: Steven|100\/100|[from] item: Leftovers\n|upkeep\n|turn|19\n|\n|t:|1699795856\n|switch|p1a: Pedro|Gliscor, M|100\/100 tox\n|move|p2a: Steven|Diamond Storm|p1a: Pedro\n|-damage|p1a: Pedro|77\/100 tox\n|\n|-heal|p1a: Pedro|89\/100 tox|[from] ability: Poison Heal\n|upkeep\n|turn|20\n|\n|t:|1699795864\n|move|p1a: Pedro|Toxic|p2a: Steven|[miss]\n|-miss|p1a: Pedro|p2a: Steven\n|move|p2a: Steven|Body Press|p1a: Pedro\n|-resisted|p1a: Pedro\n|-damage|p1a: Pedro|68\/100 tox\n|\n|-heal|p1a: Pedro|80\/100 tox|[from] ability: Poison Heal\n|-sideend|p2: Gamer00ooO|Reflect\n|upkeep\n|turn|21\n|\n|t:|1699795870\n|move|p1a: Pedro|Toxic|p2a: Steven\n|-status|p2a: Steven|tox\n|move|p2a: Steven|Diamond Storm|p1a: Pedro\n|-damage|p1a: Pedro|59\/100 tox\n|-boost|p2a: Steven|def|2\n|\n|-heal|p1a: Pedro|71\/100 tox|[from] ability: Poison Heal\n|-damage|p2a: Steven|94\/100 tox|[from] psn\n|upkeep\n|turn|22\n|\n|t:|1699795879\n|move|p1a: Pedro|Knock Off|p2a: Steven\n|-damage|p2a: Steven|89\/100 tox\n|-enditem|p2a: Steven|Leftovers|[from] move: Knock Off|[of] p1a: Pedro\n|move|p2a: Steven|Diamond Storm|p1a: Pedro\n|-damage|p1a: Pedro|47\/100 tox\n|\n|-heal|p1a: Pedro|59\/100 tox|[from] ability: Poison Heal\n|-damage|p2a: Steven|76\/100 tox|[from] psn\n|upkeep\n|turn|23\n|\n|t:|1699795887\n|move|p1a: Pedro|Earthquake|p2a: Steven\n|-supereffective|p2a: Steven\n|-damage|p2a: Steven|61\/100 tox\n|move|p2a: Steven|Body Press|p1a: Pedro\n|-resisted|p1a: Pedro\n|-damage|p1a: Pedro|30\/100 tox\n|\n|-heal|p1a: Pedro|42\/100 tox|[from] ability: Poison Heal\n|-damage|p2a: Steven|43\/100 tox|[from] psn\n|upkeep\n|turn|24\n|\n|t:|1699795896\n|move|p1a: Pedro|Earthquake|p2a: Steven\n|-supereffective|p2a: Steven\n|-damage|p2a: Steven|25\/100 tox\n|move|p2a: Steven|Body Press|p1a: Pedro\n|-resisted|p1a: Pedro\n|-damage|p1a: Pedro|14\/100 tox\n|\n|-heal|p1a: Pedro|26\/100 tox|[from] ability: Poison Heal\n|-damage|p2a: Steven|1\/100 tox|[from] psn\n|-fieldend|move: Electric Terrain\n|upkeep\n|turn|25\n|\n|t:|1699795900\n|switch|p1a: Papu :vvvvxdddd|Tapu Koko, shiny|79\/100\n|-fieldstart|move: Electric Terrain|[from] ability: Electric Surge|[of] p1a: Papu :vvvvxdddd\n|move|p2a: Steven|Body Press|p1a: Papu :vvvvxdddd\n|-resisted|p1a: Papu :vvvvxdddd\n|-damage|p1a: Papu :vvvvxdddd|17\/100\n|\n|-damage|p2a: Steven|0 fnt|[from] psn\n|faint|p2a: Steven\n|upkeep\n|\n|t:|1699795903\n|switch|p2a: Patriota de hierro|Iron Valiant|100\/100\n|-activate|p2a: Patriota de hierro|ability: Quark Drive\n|-start|p2a: Patriota de hierro|quarkdrivespe\n|turn|26\n|\n|t:|1699795907\n|move|p2a: Patriota de hierro|Shadow Ball|p1a: Papu :vvvvxdddd\n|-damage|p1a: Papu :vvvvxdddd|0 fnt\n|faint|p1a: Papu :vvvvxdddd\n|\n|upkeep\n|\n|t:|1699795910\n|switch|p1a: Raichu|Raichu-Alola, M, tera:Electric|79\/100\n|turn|27\n|\n|t:|1699795917\n|move|p1a: Raichu|Rising Voltage|p2a: Patriota de hierro\n|-hint|Rising Voltage's BP doubled on grounded target.\n|-damage|p2a: Patriota de hierro|0 fnt\n|faint|p2a: Patriota de hierro\n|-end|p2a: Patriota de hierro|Quark Drive|[silent]\n|\n|win|Cristian7gg\n|c|\u2606Gamer00ooO|Gg\n|c|\u2606Cristian7gg|Gg\n|l|\u2606Cristian7gg\n|c|\u2606Gamer00ooO|Tu equipo es muy bueno\n","uploadtime":1699795929,"views":14,"p1id":"cristian7gg","p2id":"gamer00ooo","formatid":"gen9nationaldex","rating":0,"private":0,"password":""}