{"id":"gen9nationaldex-1991832574","p1":"Venator leo","p2":"AwolfNamedSun","format":"[Gen 9] National Dex","log":"|j|\u2606Venator leo\n|j|\u2606AwolfNamedSun\n|t:|1700125272\n|gametype|singles\n|player|p1|Venator leo|volkner|1334\n|player|p2|AwolfNamedSun|zinzolin|1482\n|teamsize|p1|6\n|teamsize|p2|6\n|gen|9\n|tier|[Gen 9] National Dex\n|rated|\n|rule|HP Percentage Mod: HP is shown in percentages\n|rule|Endless Battle Clause: Forcing endless battles is banned\n|rule|OHKO Clause: OHKO moves are banned\n|rule|Evasion Clause: Evasion abilities, items, and moves are banned\n|rule|Evasion Abilities Clause: Evasion abilities are banned\n|rule|Evasion Items Clause: Evasion items are banned\n|rule|Evasion Moves Clause: Evasion moves are banned\n|rule|Species Clause: Limit one of each Pok\u00e9mon\n|rule|Sleep Clause Mod: Limit one foe put to sleep\n|clearpoke\n|poke|p1|Zamazenta-*|\n|poke|p1|Whimsicott, M|\n|poke|p1|Garganacl, M|\n|poke|p1|Hoopa-Unbound|\n|poke|p1|Dondozo, M|\n|poke|p1|Gigalith, M|\n|poke|p2|Excadrill, F|\n|poke|p2|Salamence, M|\n|poke|p2|Comfey, F|\n|poke|p2|Banette, F|\n|poke|p2|Ferrothorn, M|\n|poke|p2|Zapdos|\n|teampreview\n|inactive|Battle timer is ON: inactive players will automatically lose when time's up. (requested by Venator leo)\n|\n|t:|1700125290\n|start\n|switch|p1a: Hoopa|Hoopa-Unbound|100\/100\n|switch|p2a: Ferrothorn|Ferrothorn, M|100\/100\n|turn|1\n|\n|t:|1700125296\n|move|p1a: Hoopa|Hidden Power|p2a: Ferrothorn\n|-supereffective|p2a: Ferrothorn\n|-damage|p2a: Ferrothorn|0 fnt\n|faint|p2a: Ferrothorn\n|\n|upkeep\n|\n|t:|1700125305\n|switch|p2a: Banette|Banette, F|100\/100\n|turn|2\n|\n|t:|1700125312\n|switch|p1a: Garganacl|Garganacl, M|100\/100\n|detailschange|p2a: Banette|Banette-Mega, F\n|-mega|p2a: Banette|Banette|Banettite\n|move|p2a: Banette|Gunk Shot|p1a: Garganacl\n|-resisted|p1a: Garganacl\n|-damage|p1a: Garganacl|82\/100\n|\n|-heal|p1a: Garganacl|88\/100|[from] item: Leftovers\n|upkeep\n|turn|3\n|\n|t:|1700125321\n|switch|p2a: Excadrill|Excadrill, F|100\/100\n|-ability|p2a: Excadrill|Mold Breaker\n|-item|p2a: Excadrill|Air Balloon\n|move|p1a: Garganacl|Salt Cure|p2a: Excadrill\n|-resisted|p2a: Excadrill\n|-damage|p2a: Excadrill|95\/100\n|-start|p2a: Excadrill|Salt Cure\n|-enditem|p2a: Excadrill|Air Balloon\n|\n|-heal|p1a: Garganacl|94\/100|[from] item: Leftovers\n|-damage|p2a: Excadrill|70\/100|[from] Salt Cure\n|upkeep\n|turn|4\n|\n|t:|1700125334\n|switch|p1a: Dondozo|Dondozo, M|100\/100\n|move|p2a: Excadrill|Swords Dance|p2a: Excadrill\n|-boost|p2a: Excadrill|atk|2\n|\n|-damage|p2a: Excadrill|45\/100|[from] Salt Cure\n|upkeep\n|turn|5\n|\n|t:|1700125345\n|move|p2a: Excadrill|Earthquake|p1a: Dondozo\n|-damage|p1a: Dondozo|48\/100\n|move|p1a: Dondozo|Wave Crash|p2a: Excadrill\n|-supereffective|p2a: Excadrill\n|-damage|p2a: Excadrill|0 fnt\n|faint|p2a: Excadrill\n|-damage|p1a: Dondozo|37\/100|[from] Recoil\n|\n|upkeep\n|\n|t:|1700125353\n|switch|p2a: Para God|Zapdos|100\/100\n|turn|6\n|\n|t:|1700125355\n|move|p2a: Para God|Discharge|p1a: Dondozo\n|-supereffective|p1a: Dondozo\n|-damage|p1a: Dondozo|5\/100\n|move|p1a: Dondozo|Rock Slide|p2a: Para God\n|-supereffective|p2a: Para God\n|-damage|p2a: Para God|68\/100\n|\n|upkeep\n|turn|7\n|\n|t:|1700125362\n|move|p2a: Para God|Discharge|p1a: Dondozo\n|-supereffective|p1a: Dondozo\n|-damage|p1a: Dondozo|0 fnt\n|faint|p1a: Dondozo\n|\n|upkeep\n|\n|t:|1700125372\n|switch|p1a: Hoopa|Hoopa-Unbound|100\/100\n|turn|8\n|\n|t:|1700125375\n|-terastallize|p1a: Hoopa|Psychic\n|move|p2a: Para God|Discharge|p1a: Hoopa\n|-damage|p1a: Hoopa|69\/100\n|move|p1a: Hoopa|Psychic|p2a: Para God\n|-damage|p2a: Para God|0 fnt\n|faint|p2a: Para God\n|\n|upkeep\n|\n|t:|1700125385\n|switch|p2a: Banette|Banette-Mega, F|100\/100\n|turn|9\n|\n|t:|1700125393\n|switch|p1a: Whimsicott|Whimsicott, M|100\/100\n|move|p2a: Banette|Shadow Sneak|p1a: Whimsicott\n|-damage|p1a: Whimsicott|65\/100\n|\n|-heal|p1a: Whimsicott|71\/100|[from] item: Leftovers\n|upkeep\n|turn|10\n|\n|t:|1700125400\n|move|p1a: Whimsicott|Protect|p1a: Whimsicott\n|-singleturn|p1a: Whimsicott|Protect\n|move|p2a: Banette|Gunk Shot|p1a: Whimsicott\n|-activate|p1a: Whimsicott|move: Protect\n|\n|-heal|p1a: Whimsicott|77\/100|[from] item: Leftovers\n|upkeep\n|turn|11\n|\n|t:|1700125406\n|move|p1a: Whimsicott|Substitute|p1a: Whimsicott\n|-start|p1a: Whimsicott|Substitute\n|-damage|p1a: Whimsicott|52\/100\n|move|p2a: Banette|Gunk Shot|p1a: Whimsicott\n|-supereffective|p1a: Whimsicott\n|-end|p1a: Whimsicott|Substitute\n|\n|-heal|p1a: Whimsicott|59\/100|[from] item: Leftovers\n|upkeep\n|turn|12\n|\n|t:|1700125414\n|move|p1a: Whimsicott|Protect|p1a: Whimsicott\n|-singleturn|p1a: Whimsicott|Protect\n|move|p2a: Banette|Will-O-Wisp|p1a: Whimsicott\n|-activate|p1a: Whimsicott|move: Protect\n|\n|-heal|p1a: Whimsicott|65\/100|[from] item: Leftovers\n|upkeep\n|turn|13\n|\n|t:|1700125421\n|switch|p1a: Garganacl|Garganacl, M|94\/100\n|move|p2a: Banette|Shadow Sneak|p1a: Garganacl\n|-damage|p1a: Garganacl|85\/100\n|\n|-heal|p1a: Garganacl|91\/100|[from] item: Leftovers\n|upkeep\n|turn|14\n|\n|t:|1700125429\n|switch|p2a: Comfey|Comfey, F|100\/100\n|move|p1a: Garganacl|Salt Cure|p2a: Comfey\n|-damage|p2a: Comfey|89\/100\n|-start|p2a: Comfey|Salt Cure\n|\n|-heal|p2a: Comfey|95\/100|[from] item: Leftovers\n|-heal|p1a: Garganacl|98\/100|[from] item: Leftovers\n|-damage|p2a: Comfey|82\/100|[from] Salt Cure\n|upkeep\n|turn|15\n|\n|t:|1700125438\n|switch|p1a: Whimsicott|Whimsicott, M|65\/100\n|move|p2a: Comfey|Calm Mind|p2a: Comfey\n|-boost|p2a: Comfey|spa|1\n|-boost|p2a: Comfey|spd|1\n|\n|-heal|p1a: Whimsicott|71\/100|[from] item: Leftovers\n|-heal|p2a: Comfey|88\/100|[from] item: Leftovers\n|-damage|p2a: Comfey|76\/100|[from] Salt Cure\n|upkeep\n|turn|16\n|\n|t:|1700125447\n|move|p2a: Comfey|Draining Kiss|p1a: Whimsicott\n|-damage|p1a: Whimsicott|44\/100\n|-heal|p2a: Comfey|98\/100|[from] drain|[of] p1a: Whimsicott\n|move|p1a: Whimsicott|Toxic|p2a: Comfey\n|-status|p2a: Comfey|tox\n|\n|-heal|p1a: Whimsicott|50\/100|[from] item: Leftovers\n|-heal|p2a: Comfey|100\/100 tox|[from] item: Leftovers\n|-damage|p2a: Comfey|95\/100 tox|[from] psn\n|-damage|p2a: Comfey|82\/100 tox|[from] Salt Cure\n|upkeep\n|turn|17\n|\n|t:|1700125457\n|move|p1a: Whimsicott|Protect|p1a: Whimsicott\n|-singleturn|p1a: Whimsicott|Protect\n|move|p2a: Comfey|Calm Mind|p2a: Comfey\n|-boost|p2a: Comfey|spa|1\n|-boost|p2a: Comfey|spd|1\n|\n|-heal|p1a: Whimsicott|56\/100|[from] item: Leftovers\n|-heal|p2a: Comfey|88\/100 tox|[from] item: Leftovers\n|-damage|p2a: Comfey|76\/100 tox|[from] psn\n|-damage|p2a: Comfey|64\/100 tox|[from] Salt Cure\n|upkeep\n|turn|18\n|\n|t:|1700125479\n|move|p2a: Comfey|Draining Kiss|p1a: Whimsicott\n|-damage|p1a: Whimsicott|13\/100\n|-heal|p2a: Comfey|99\/100 tox|[from] drain|[of] p1a: Whimsicott\n|move|p1a: Whimsicott|Substitute|p1a: Whimsicott\n|-fail|p1a: Whimsicott|move: Substitute|[weak]\n|\n|-heal|p1a: Whimsicott|20\/100|[from] item: Leftovers\n|-heal|p2a: Comfey|100\/100 tox|[from] item: Leftovers\n|-damage|p2a: Comfey|83\/100 tox|[from] psn\n|-damage|p2a: Comfey|70\/100 tox|[from] Salt Cure\n|upkeep\n|turn|19\n|\n|t:|1700125489\n|move|p1a: Whimsicott|Protect|p1a: Whimsicott\n|-singleturn|p1a: Whimsicott|Protect\n|move|p2a: Comfey|Draining Kiss|p1a: Whimsicott\n|-activate|p1a: Whimsicott|move: Protect\n|\n|-heal|p1a: Whimsicott|26\/100|[from] item: Leftovers\n|-heal|p2a: Comfey|76\/100 tox|[from] item: Leftovers\n|-damage|p2a: Comfey|53\/100 tox|[from] psn\n|-damage|p2a: Comfey|40\/100 tox|[from] Salt Cure\n|upkeep\n|turn|20\n|c|\u2606Venator leo|How tf does triage go before prankster\n|\n|t:|1700125510\n|move|p1a: Whimsicott|Protect||[still]\n|-fail|p1a: Whimsicott\n|move|p2a: Comfey|Draining Kiss|p1a: Whimsicott\n|-damage|p1a: Whimsicott|0 fnt\n|-heal|p2a: Comfey|61\/100 tox|[from] drain|[of] p1a: Whimsicott\n|faint|p1a: Whimsicott\n|\n|-heal|p2a: Comfey|67\/100 tox|[from] item: Leftovers\n|-damage|p2a: Comfey|37\/100 tox|[from] psn\n|-damage|p2a: Comfey|25\/100 tox|[from] Salt Cure\n|upkeep\n|c|\u2606AwolfNamedSun|3x priority\n|inactive|Venator leo has 120 seconds left.\n|c|\u2606Venator leo|Fucking stupid\n|c|\u2606Venator leo|But ok\n|c|\u2606AwolfNamedSun|lol\n|\n|t:|1700125531\n|switch|p1a: Gigalith|Gigalith, M|100\/100\n|-weather|Sandstorm|[from] ability: Sand Stream|[of] p1a: Gigalith\n|turn|21\n|c|\u2606AwolfNamedSun|cope harder?\n|c|\u2606AwolfNamedSun|not really something to be this mad about\n|\n|t:|1700125559\n|move|p2a: Comfey|Energy Ball|p1a: Gigalith\n|-supereffective|p1a: Gigalith\n|-damage|p1a: Gigalith|73\/100\n|move|p1a: Gigalith|Rock Slide|p2a: Comfey|[miss]\n|-miss|p1a: Gigalith|p2a: Comfey\n|\n|-weather|Sandstorm|[upkeep]\n|-damage|p2a: Comfey|19\/100 tox|[from] Sandstorm\n|-heal|p2a: Comfey|25\/100 tox|[from] item: Leftovers\n|-damage|p2a: Comfey|0 fnt|[from] psn\n|faint|p2a: Comfey\n|upkeep\n|inactive|AwolfNamedSun has 120 seconds left.\n|c|\u2606Venator leo|Whatever\n|\n|t:|1700125592\n|switch|p2a: Banette|Banette-Mega, F|100\/100\n|turn|22\n|\n|t:|1700125596\n|switch|p1a: Garganacl|Garganacl, M|98\/100\n|move|p2a: Banette|Will-O-Wisp|p1a: Garganacl|[miss]\n|-miss|p2a: Banette|p1a: Garganacl\n|\n|-weather|Sandstorm|[upkeep]\n|-damage|p2a: Banette|94\/100|[from] Sandstorm\n|-heal|p1a: Garganacl|100\/100|[from] item: Leftovers\n|upkeep\n|turn|23\n|\n|t:|1700125604\n|move|p2a: Banette|Gunk Shot|p1a: Garganacl\n|-resisted|p1a: Garganacl\n|-damage|p1a: Garganacl|83\/100\n|move|p1a: Garganacl|Iron Defense|p1a: Garganacl\n|-boost|p1a: Garganacl|def|2\n|\n|-weather|Sandstorm|[upkeep]\n|-damage|p2a: Banette|88\/100|[from] Sandstorm\n|-heal|p1a: Garganacl|90\/100|[from] item: Leftovers\n|upkeep\n|turn|24\n|inactive|AwolfNamedSun has 120 seconds left.\n|\n|t:|1700125613\n|move|p2a: Banette|Gunk Shot|p1a: Garganacl\n|-resisted|p1a: Garganacl\n|-damage|p1a: Garganacl|81\/100\n|move|p1a: Garganacl|Salt Cure|p2a: Banette\n|-damage|p2a: Banette|72\/100\n|-start|p2a: Banette|Salt Cure\n|\n|-weather|Sandstorm|[upkeep]\n|-damage|p2a: Banette|66\/100|[from] Sandstorm\n|-heal|p1a: Garganacl|87\/100|[from] item: Leftovers\n|-damage|p2a: Banette|54\/100|[from] Salt Cure\n|upkeep\n|turn|25\n|inactive|AwolfNamedSun has 120 seconds left.\n|\n|t:|1700125638\n|move|p2a: Banette|Gunk Shot|p1a: Garganacl\n|-resisted|p1a: Garganacl\n|-damage|p1a: Garganacl|77\/100\n|move|p1a: Garganacl|Salt Cure|p2a: Banette\n|-damage|p2a: Banette|36\/100\n|\n|-weather|none\n|-heal|p1a: Garganacl|84\/100|[from] item: Leftovers\n|-damage|p2a: Banette|24\/100|[from] Salt Cure\n|upkeep\n|turn|26\n|c|\u2606AwolfNamedSun|gg maybe look up the differences in priority next time and write a poem about it\n|\n|t:|1700125650\n|move|p2a: Banette|Gunk Shot|p1a: Garganacl\n|-resisted|p1a: Garganacl\n|-damage|p1a: Garganacl|74\/100\n|move|p1a: Garganacl|Recover|p1a: Garganacl\n|-heal|p1a: Garganacl|100\/100\n|\n|-damage|p2a: Banette|11\/100|[from] Salt Cure\n|upkeep\n|turn|27\n|c|\u2606AwolfNamedSun|might help\n|\n|t:|1700125666\n|move|p2a: Banette|Gunk Shot|p1a: Garganacl|[miss]\n|-miss|p2a: Banette|p1a: Garganacl\n|move|p1a: Garganacl|Iron Defense|p1a: Garganacl\n|-boost|p1a: Garganacl|def|2\n|\n|-damage|p2a: Banette|0 fnt|[from] Salt Cure\n|faint|p2a: Banette\n|upkeep\n|\n|t:|1700125674\n|switch|p2a: GG it's Mence|Salamence, M|100\/100\n|turn|28\n|\n|t:|1700125679\n|-terastallize|p2a: GG it's Mence|Steel\n|move|p2a: GG it's Mence|Dragon Dance|p2a: GG it's Mence\n|-boost|p2a: GG it's Mence|atk|1\n|-boost|p2a: GG it's Mence|spe|1\n|move|p1a: Garganacl|Iron Defense|p1a: Garganacl\n|-boost|p1a: Garganacl|def|2\n|\n|upkeep\n|turn|29\n|\n|t:|1700125685\n|move|p2a: GG it's Mence|Dragon Dance|p2a: GG it's Mence\n|-boost|p2a: GG it's Mence|atk|1\n|-boost|p2a: GG it's Mence|spe|1\n|move|p1a: Garganacl|Salt Cure|p2a: GG it's Mence\n|-resisted|p2a: GG it's Mence\n|-damage|p2a: GG it's Mence|92\/100\n|-start|p2a: GG it's Mence|Salt Cure\n|\n|-damage|p2a: GG it's Mence|67\/100|[from] Salt Cure\n|upkeep\n|turn|30\n|\n|t:|1700125693\n|move|p2a: GG it's Mence|Earthquake|p1a: Garganacl\n|-supereffective|p1a: Garganacl\n|-damage|p1a: Garganacl|77\/100\n|move|p1a: Garganacl|Body Press|p2a: GG it's Mence\n|-supereffective|p2a: GG it's Mence\n|-damage|p2a: GG it's Mence|0 fnt\n|faint|p2a: GG it's Mence\n|\n|win|Venator leo\n|raw|Venator leo's rating: 1334 &rarr; <strong>1362<\/strong><br \/>(+28 for winning)\n|raw|AwolfNamedSun's rating: 1482 &rarr; <strong>1454<\/strong><br \/>(-28 for losing)\n","uploadtime":1700125526,"views":4,"p1id":"venatorleo","p2id":"awolfnamedsun","formatid":"gen9nationaldex","rating":1362,"private":0,"password":""}