{"id":"gen9nationaldex-1992708388","p1":"sithred8","p2":"FXT1206","format":"[Gen 9] National Dex","log":"|j|\u2606sithred8\n|j|\u2606FXT1206\n|t:|1700227682\n|gametype|singles\n|player|p1|sithred8|265|1495\n|player|p2|FXT1206|iris|1578\n|teamsize|p1|6\n|teamsize|p2|6\n|gen|9\n|tier|[Gen 9] National Dex\n|rated|\n|rule|HP Percentage Mod: HP is shown in percentages\n|rule|Endless Battle Clause: Forcing endless battles is banned\n|rule|OHKO Clause: OHKO moves are banned\n|rule|Evasion Clause: Evasion abilities, items, and moves are banned\n|rule|Evasion Abilities Clause: Evasion abilities are banned\n|rule|Evasion Items Clause: Evasion items are banned\n|rule|Evasion Moves Clause: Evasion moves are banned\n|rule|Species Clause: Limit one of each Pok\u00e9mon\n|rule|Sleep Clause Mod: Limit one foe put to sleep\n|clearpoke\n|poke|p1|Garchomp, F|\n|poke|p1|Scizor, M|\n|poke|p1|Dragonite, F|\n|poke|p1|Thundurus-Therian, M|\n|poke|p1|Cloyster, F|\n|poke|p1|Chandelure, M|\n|poke|p2|Tapu Lele|\n|poke|p2|Aegislash, M|\n|poke|p2|Sneasler, F|\n|poke|p2|Lopunny, F|\n|poke|p2|Samurott-Hisui, F|\n|poke|p2|Landorus-Therian, M|\n|teampreview\n|inactive|Battle timer is ON: inactive players will automatically lose when time's up. (requested by FXT1206)\n|c|\u2606sithred8|2023-11-17 21:28:08\n|c|\u2606FXT1206|az\n|\n|t:|1700227700\n|start\n|switch|p1a: Thundurus|Thundurus-Therian, M|100\/100\n|switch|p2a: Landorus|Landorus-Therian, M|100\/100\n|-ability|p2a: Landorus|Intimidate|boost\n|-unboost|p1a: Thundurus|atk|1\n|turn|1\n|\n|t:|1700227705\n|move|p1a: Thundurus|Nasty Plot|p1a: Thundurus\n|-boost|p1a: Thundurus|spa|2\n|move|p2a: Landorus|Stealth Rock|p1a: Thundurus\n|-sidestart|p1: sithred8|move: Stealth Rock\n|\n|upkeep\n|turn|2\n|\n|t:|1700227734\n|-terastallize|p1a: Thundurus|Flying\n|move|p1a: Thundurus|Tera Blast|p2a: Landorus|[anim] Tera Blast Flying\n|-damage|p2a: Landorus|0 fnt\n|faint|p2a: Landorus\n|\n|upkeep\n|inactive|FXT1206 has 120 seconds left.\n|\n|t:|1700227745\n|switch|p2a: Lopunny|Lopunny, F|100\/100\n|turn|3\n|\n|t:|1700227757\n|detailschange|p2a: Lopunny|Lopunny-Mega, F\n|-mega|p2a: Lopunny|Lopunny|Lopunnite\n|move|p2a: Lopunny|Triple Axel|p1a: Thundurus\n|-supereffective|p1a: Thundurus\n|-damage|p1a: Thundurus|76\/100\n|-supereffective|p1a: Thundurus\n|-damage|p1a: Thundurus|34\/100\n|-hitcount|p1a: Thundurus|2\n|move|p1a: Thundurus|Tera Blast|p2a: Lopunny|[anim] Tera Blast Flying\n|-supereffective|p2a: Lopunny\n|-damage|p2a: Lopunny|0 fnt\n|faint|p2a: Lopunny\n|\n|upkeep\n|\n|t:|1700227765\n|switch|p2a: Samurott|Samurott-Hisui, F|100\/100\n|turn|4\n|\n|t:|1700227773\n|move|p2a: Samurott|Ceaseless Edge|p1a: Thundurus\n|-damage|p1a: Thundurus|0 fnt\n|-sidestart|p1: sithred8|Spikes\n|faint|p1a: Thundurus\n|\n|upkeep\n|\n|t:|1700227778\n|switch|p1a: Dragonite|Dragonite, F|100\/100\n|turn|5\n|\n|t:|1700227782\n|move|p2a: Samurott|Ceaseless Edge|p1a: Dragonite\n|-damage|p1a: Dragonite|83\/100\n|-sidestart|p1: sithred8|Spikes\n|move|p1a: Dragonite|Curse|p1a: Dragonite\n|-unboost|p1a: Dragonite|spe|1\n|-boost|p1a: Dragonite|atk|1\n|-boost|p1a: Dragonite|def|1\n|\n|upkeep\n|turn|6\n|\n|t:|1700227785\n|switch|p2a: Tapu Lele|Tapu Lele|100\/100\n|-fieldstart|move: Psychic Terrain|[from] ability: Psychic Surge|[of] p2a: Tapu Lele\n|move|p1a: Dragonite|Curse|p1a: Dragonite\n|-unboost|p1a: Dragonite|spe|1\n|-boost|p1a: Dragonite|atk|1\n|-boost|p1a: Dragonite|def|1\n|\n|upkeep\n|turn|7\n|\n|t:|1700227799\n|switch|p1a: \u4e0d\u5f97\u4e0d\u9b3c\u7cfb|Chandelure, M|100\/100\n|-damage|p1a: \u4e0d\u5f97\u4e0d\u9b3c\u7cfb|76\/100|[from] Stealth Rock\n|-damage|p1a: \u4e0d\u5f97\u4e0d\u9b3c\u7cfb|59\/100|[from] Spikes\n|move|p2a: Tapu Lele|Moonblast|p1a: \u4e0d\u5f97\u4e0d\u9b3c\u7cfb\n|-resisted|p1a: \u4e0d\u5f97\u4e0d\u9b3c\u7cfb\n|-crit|p1a: \u4e0d\u5f97\u4e0d\u9b3c\u7cfb\n|-damage|p1a: \u4e0d\u5f97\u4e0d\u9b3c\u7cfb|7\/100\n|-unboost|p1a: \u4e0d\u5f97\u4e0d\u9b3c\u7cfb|spa|1\n|\n|upkeep\n|turn|8\n|\n|t:|1700227805\n|switch|p2a: Samurott|Samurott-Hisui, F|100\/100\n|move|p1a: \u4e0d\u5f97\u4e0d\u9b3c\u7cfb|Overheat|p2a: Samurott\n|-resisted|p2a: Samurott\n|-damage|p2a: Samurott|48\/100\n|-unboost|p1a: \u4e0d\u5f97\u4e0d\u9b3c\u7cfb|spa|2\n|\n|upkeep\n|turn|9\n|\n|t:|1700227820\n|switch|p1a: Garchomp|Garchomp, F, shiny|100\/100\n|-damage|p1a: Garchomp|94\/100|[from] Stealth Rock\n|-damage|p1a: Garchomp|78\/100|[from] Spikes\n|move|p2a: Samurott|Flip Turn|p1a: Garchomp\n|-damage|p1a: Garchomp|52\/100\n|-damage|p2a: Samurott|35\/100|[from] ability: Rough Skin|[of] p1a: Garchomp\n|\n|t:|1700227825\n|switch|p2a: Tapu Lele|Tapu Lele|100\/100|[from] Flip Turn\n|\n|upkeep\n|turn|10\n|\n|t:|1700227832\n|move|p2a: Tapu Lele|Hidden Power|p1a: Garchomp\n|-resisted|p1a: Garchomp\n|-damage|p1a: Garchomp|40\/100\n|move|p1a: Garchomp|Earthquake|p2a: Tapu Lele\n|-damage|p2a: Tapu Lele|17\/100\n|\n|-fieldend|move: Psychic Terrain\n|upkeep\n|turn|11\n|\n|t:|1700227845\n|switch|p2a: Samurott|Samurott-Hisui, F|35\/100\n|move|p1a: Garchomp|Earthquake|p2a: Samurott\n|-damage|p2a: Samurott|0 fnt\n|faint|p2a: Samurott\n|\n|upkeep\n|\n|t:|1700227848\n|switch|p2a: Tapu Lele|Tapu Lele|17\/100\n|-fieldstart|move: Psychic Terrain|[from] ability: Psychic Surge|[of] p2a: Tapu Lele\n|turn|12\n|\n|t:|1700227862\n|move|p2a: Tapu Lele|Psychic|p1a: Garchomp\n|-damage|p1a: Garchomp|0 fnt\n|faint|p1a: Garchomp\n|\n|upkeep\n|\n|t:|1700227868\n|switch|p1a: Scizor|Scizor, M|100\/100\n|-damage|p1a: Scizor|88\/100|[from] Stealth Rock\n|-damage|p1a: Scizor|72\/100|[from] Spikes\n|turn|13\n|\n|t:|1700227881\n|detailschange|p1a: Scizor|Scizor-Mega, M\n|-mega|p1a: Scizor|Scizor|Scizorite\n|-terastallize|p2a: Tapu Lele|Psychic\n|move|p2a: Tapu Lele|Psychic|p1a: Scizor\n|-resisted|p1a: Scizor\n|-damage|p1a: Scizor|31\/100\n|move|p1a: Scizor|Roost|p1a: Scizor\n|-heal|p1a: Scizor|81\/100\n|-singleturn|p1a: Scizor|move: Roost\n|\n|upkeep\n|turn|14\n|inactive|sithred8 has 120 seconds left.\n|inactive|sithred8 has 90 seconds left.\n|\n|t:|1700227951\n|move|p2a: Tapu Lele|Psychic|p1a: Scizor\n|-resisted|p1a: Scizor\n|-damage|p1a: Scizor|40\/100\n|move|p1a: Scizor|Swords Dance|p1a: Scizor\n|-boost|p1a: Scizor|atk|2\n|\n|upkeep\n|turn|15\n|inactive|sithred8 has 90 seconds left.\n|\n|t:|1700227960\n|move|p2a: Tapu Lele|Psychic|p1a: Scizor\n|-resisted|p1a: Scizor\n|-damage|p1a: Scizor|3\/100\n|move|p1a: Scizor|U-turn|p2a: Tapu Lele\n|-supereffective|p2a: Tapu Lele\n|-damage|p2a: Tapu Lele|0 fnt\n|faint|p2a: Tapu Lele\n|inactive|sithred8 has 90 seconds left.\n|\n|t:|1700227971\n|switch|p1a: Cloyster|Cloyster, F|100\/100|[from] U-turn\n|-damage|p1a: Cloyster|76\/100|[from] Stealth Rock\n|-damage|p1a: Cloyster|59\/100|[from] Spikes\n|\n|upkeep\n|\n|t:|1700227974\n|switch|p2a: Sneasler|Sneasler, F|100\/100\n|-enditem|p2a: Sneasler|Psychic Seed\n|-boost|p2a: Sneasler|spd|1|[from] item: Psychic Seed\n|turn|16\n|\n|t:|1700227981\n|move|p2a: Sneasler|Close Combat|p1a: Cloyster\n|-supereffective|p1a: Cloyster\n|-damage|p1a: Cloyster|0 fnt\n|-unboost|p2a: Sneasler|def|1\n|-unboost|p2a: Sneasler|spd|1\n|faint|p1a: Cloyster\n|\n|-fieldend|move: Psychic Terrain\n|upkeep\n|\n|t:|1700227986\n|switch|p1a: Dragonite|Dragonite, F|83\/100\n|turn|17\n|\n|t:|1700227989\n|move|p2a: Sneasler|Dire Claw|p1a: Dragonite\n|-damage|p1a: Dragonite|48\/100\n|-status|p1a: Dragonite|slp\n|cant|p1a: Dragonite|slp\n|\n|upkeep\n|turn|18\n|\n|t:|1700227993\n|move|p2a: Sneasler|Dire Claw|p1a: Dragonite\n|-damage|p1a: Dragonite|11\/100 slp\n|cant|p1a: Dragonite|slp\n|\n|upkeep\n|turn|19\n|\n|t:|1700227998\n|cant|p1a: Dragonite|slp\n|move|p2a: Sneasler|Acrobatics|p1a: Dragonite\n|-damage|p1a: Dragonite|0 fnt\n|faint|p1a: Dragonite\n|\n|upkeep\n|-message|sithred8 forfeited.\n|\n|win|FXT1206\n|raw|sithred8's rating: 1495 &rarr; <strong>1480<\/strong><br \/>(-15 for losing)\n|raw|FXT1206's rating: 1578 &rarr; <strong>1593<\/strong><br \/>(+15 for winning)\n|l|\u2606FXT1206\n","uploadtime":1700228860,"views":5,"p1id":"sithred8","p2id":"fxt1206","formatid":"gen9nationaldex","rating":1480,"private":0,"password":""}