{"id":"gen9nationaldex-1987363896","p1":"ggagain","p2":"Tpd le Spew","format":"[Gen 9] National Dex","log":"|j|\u2606ggagain\n|j|\u2606Tpd le Spew\n|t:|1699582084\n|gametype|singles\n|player|p1|ggagain|2|1490\n|player|p2|Tpd le Spew|drayden|1539\n|teamsize|p1|6\n|teamsize|p2|6\n|gen|9\n|tier|[Gen 9] National Dex\n|rated|\n|rule|HP Percentage Mod: HP is shown in percentages\n|rule|Endless Battle Clause: Forcing endless battles is banned\n|rule|OHKO Clause: OHKO moves are banned\n|rule|Evasion Clause: Evasion abilities, items, and moves are banned\n|rule|Evasion Abilities Clause: Evasion abilities are banned\n|rule|Evasion Items Clause: Evasion items are banned\n|rule|Evasion Moves Clause: Evasion moves are banned\n|rule|Species Clause: Limit one of each Pok\u00e9mon\n|rule|Sleep Clause Mod: Limit one foe put to sleep\n|clearpoke\n|poke|p1|Alomomola, F|\n|poke|p1|Zamazenta-*|\n|poke|p1|Ditto|\n|poke|p1|Victini|\n|poke|p1|Gliscor, F|\n|poke|p1|Goodra-Hisui, M|\n|poke|p2|Raikou|\n|poke|p2|Entei|\n|poke|p2|Suicune|\n|poke|p2|Celebi|\n|poke|p2|Tyranitar, F|\n|poke|p2|Skarmory, F|\n|teampreview\n|inactive|Battle timer is ON: inactive players will automatically lose when time's up. (requested by ggagain)\n|\n|t:|1699582127\n|start\n|switch|p1a: Victini|Victini|100\/100\n|switch|p2a: Moose|Suicune, shiny|100\/100\n|-ability|p2a: Moose|Pressure\n|turn|1\n|\n|t:|1699582153\n|move|p1a: Victini|Trick|p2a: Moose\n|-activate|p1a: Victini|move: Trick|[of] p2a: Moose\n|-item|p2a: Moose|Choice Scarf|[from] move: Trick\n|-item|p1a: Victini|Leftovers|[from] move: Trick\n|move|p2a: Moose|Substitute|p2a: Moose\n|-start|p2a: Moose|Substitute\n|-damage|p2a: Moose|75\/100\n|\n|upkeep\n|turn|2\n|inactive|ggagain has 120 seconds left.\n|\n|t:|1699582173\n|switch|p2a: Simba|Entei, shiny|100\/100\n|-ability|p2a: Simba|Pressure\n|move|p1a: Victini|Bolt Strike|p2a: Simba\n|-damage|p2a: Simba|64\/100\n|\n|-heal|p2a: Simba|70\/100|[from] item: Leftovers\n|upkeep\n|turn|3\n|\n|t:|1699582187\n|switch|p1a: Alomomola|Alomomola, F|100\/100\n|move|p2a: Simba|Curse|p2a: Simba\n|-unboost|p2a: Simba|spe|1\n|-boost|p2a: Simba|atk|1\n|-boost|p2a: Simba|def|1\n|\n|-heal|p2a: Simba|76\/100|[from] item: Leftovers\n|upkeep\n|turn|4\n|\n|t:|1699582195\n|move|p1a: Alomomola|Toxic|p2a: Simba|[miss]\n|-miss|p1a: Alomomola|p2a: Simba\n|move|p2a: Simba|Curse|p2a: Simba\n|-unboost|p2a: Simba|spe|1\n|-boost|p2a: Simba|atk|1\n|-boost|p2a: Simba|def|1\n|\n|-heal|p2a: Simba|83\/100|[from] item: Leftovers\n|upkeep\n|turn|5\n|\n|t:|1699582198\n|move|p1a: Alomomola|Toxic|p2a: Simba\n|-status|p2a: Simba|tox\n|move|p2a: Simba|Curse|p2a: Simba\n|-unboost|p2a: Simba|spe|1\n|-boost|p2a: Simba|atk|1\n|-boost|p2a: Simba|def|1\n|\n|-heal|p2a: Simba|89\/100 tox|[from] item: Leftovers\n|-damage|p2a: Simba|83\/100 tox|[from] psn\n|upkeep\n|turn|6\n|\n|t:|1699582207\n|move|p1a: Alomomola|Knock Off|p2a: Simba\n|-crit|p2a: Simba\n|-damage|p2a: Simba|60\/100 tox\n|-enditem|p2a: Simba|Leftovers|[from] move: Knock Off|[of] p1a: Alomomola\n|move|p2a: Simba|Curse|p2a: Simba\n|-unboost|p2a: Simba|spe|1\n|-boost|p2a: Simba|atk|1\n|-boost|p2a: Simba|def|1\n|\n|-damage|p2a: Simba|48\/100 tox|[from] psn\n|upkeep\n|turn|7\n|\n|t:|1699582214\n|move|p1a: Alomomola|Wish|p1a: Alomomola\n|move|p2a: Simba|Rest|p2a: Simba\n|-status|p2a: Simba|slp|[from] move: Rest\n|-heal|p2a: Simba|100\/100 slp|[silent]\n|\n|upkeep\n|turn|8\n|\n|t:|1699582217\n|move|p1a: Alomomola|Flip Turn|p2a: Simba\n|-supereffective|p2a: Simba\n|-damage|p2a: Simba|89\/100 slp\n|\n|t:|1699582230\n|switch|p1a: Goodra|Goodra-Hisui, M|100\/100|[from] Flip Turn\n|cant|p2a: Simba|slp\n|\n|upkeep\n|turn|9\n|\n|t:|1699582236\n|move|p1a: Goodra|Thunderbolt|p2a: Simba\n|-damage|p2a: Simba|66\/100 slp\n|cant|p2a: Simba|slp\n|\n|upkeep\n|turn|10\n|\n|t:|1699582240\n|move|p1a: Goodra|Draco Meteor|p2a: Simba\n|-damage|p2a: Simba|19\/100 slp\n|-unboost|p1a: Goodra|spa|2\n|-curestatus|p2a: Simba|slp|[msg]\n|move|p2a: Simba|Sacred Fire|p1a: Goodra\n|-damage|p1a: Goodra|0 fnt\n|faint|p1a: Goodra\n|\n|upkeep\n|\n|t:|1699582254\n|switch|p1a: Ditto|Ditto|100\/100\n|-transform|p1a: Ditto|p2a: Simba|[from] ability: Imposter\n|-ability|p1a: Ditto|Pressure\n|turn|11\n|\n|t:|1699582269\n|move|p1a: Ditto|Sacred Fire|p2a: Simba\n|-resisted|p2a: Simba\n|-damage|p2a: Simba|3\/100\n|move|p2a: Simba|Rest|p2a: Simba\n|-status|p2a: Simba|slp|[from] move: Rest\n|-heal|p2a: Simba|100\/100 slp|[silent]\n|\n|upkeep\n|turn|12\n|\n|t:|1699582282\n|move|p1a: Ditto|Sacred Fire|p2a: Simba\n|-resisted|p2a: Simba\n|-damage|p2a: Simba|85\/100 slp\n|cant|p2a: Simba|slp\n|\n|upkeep\n|turn|13\n|\n|t:|1699582287\n|move|p1a: Ditto|Sacred Fire|p2a: Simba\n|-resisted|p2a: Simba\n|-crit|p2a: Simba\n|-damage|p2a: Simba|5\/100 slp\n|cant|p2a: Simba|slp\n|\n|upkeep\n|turn|14\n|\n|t:|1699582299\n|switch|p1a: Victini|Victini|100\/100\n|-curestatus|p2a: Simba|slp|[msg]\n|move|p2a: Simba|Rest|p2a: Simba\n|-status|p2a: Simba|slp|[from] move: Rest\n|-heal|p2a: Simba|100\/100 slp|[silent]\n|\n|upkeep\n|turn|15\n|\n|t:|1699582313\n|switch|p1a: Alomomola|Alomomola, F|100\/100\n|cant|p2a: Simba|slp\n|\n|upkeep\n|turn|16\n|\n|t:|1699582316\n|move|p1a: Alomomola|Flip Turn|p2a: Simba\n|-supereffective|p2a: Simba\n|-damage|p2a: Simba|91\/100 slp\n|\n|t:|1699582319\n|switch|p1a: Ditto|Ditto|100\/100|[from] Flip Turn\n|-transform|p1a: Ditto|p2a: Simba|[from] ability: Imposter\n|-ability|p1a: Ditto|Pressure\n|cant|p2a: Simba|slp\n|\n|upkeep\n|turn|17\n|\n|t:|1699582329\n|move|p1a: Ditto|Sacred Fire|p2a: Simba\n|-resisted|p2a: Simba\n|-damage|p2a: Simba|73\/100 slp\n|-curestatus|p2a: Simba|slp|[msg]\n|move|p2a: Simba|Curse|p2a: Simba\n|-unboost|p2a: Simba|spe|1\n|-boost|p2a: Simba|atk|1\n|-boost|p2a: Simba|def|1\n|\n|upkeep\n|turn|18\n|\n|t:|1699582334\n|move|p1a: Ditto|Sacred Fire|p2a: Simba\n|-resisted|p2a: Simba\n|-damage|p2a: Simba|59\/100\n|move|p2a: Simba|Curse|p2a: Simba\n|-unboost|p2a: Simba|spe|1\n|-boost|p2a: Simba|atk|1\n|-boost|p2a: Simba|def|1\n|\n|upkeep\n|turn|19\n|\n|t:|1699582339\n|move|p2a: Simba|Extreme Speed|p1a: Ditto\n|-damage|p1a: Ditto|62\/100\n|move|p1a: Ditto|Sacred Fire|p2a: Simba\n|-resisted|p2a: Simba\n|-damage|p2a: Simba|46\/100\n|\n|upkeep\n|turn|20\n|\n|t:|1699582347\n|switch|p1a: Alomomola|Alomomola, F|100\/100\n|move|p2a: Simba|Sacred Fire|p1a: Alomomola\n|-resisted|p1a: Alomomola\n|-damage|p1a: Alomomola|62\/100\n|-status|p1a: Alomomola|brn\n|\n|-damage|p1a: Alomomola|56\/100 brn|[from] brn\n|upkeep\n|turn|21\n|\n|t:|1699582357\n|move|p2a: Simba|Extreme Speed|p1a: Alomomola\n|-damage|p1a: Alomomola|10\/100 brn\n|-damage|p2a: Simba|29\/100|[from] item: Rocky Helmet|[of] p1a: Alomomola\n|move|p1a: Alomomola|Flip Turn|p2a: Simba\n|-supereffective|p2a: Simba\n|-damage|p2a: Simba|26\/100\n|\n|t:|1699582366\n|switch|p1a: Ditto|Ditto|62\/100|[from] Flip Turn\n|-transform|p1a: Ditto|p2a: Simba|[from] ability: Imposter\n|-ability|p1a: Ditto|Pressure\n|\n|upkeep\n|turn|22\n|\n|t:|1699582370\n|move|p1a: Ditto|Sacred Fire|p2a: Simba|[miss]\n|-miss|p1a: Ditto|p2a: Simba\n|move|p2a: Simba|Rest|p2a: Simba\n|-status|p2a: Simba|slp|[from] move: Rest\n|-heal|p2a: Simba|100\/100 slp|[silent]\n|\n|upkeep\n|turn|23\n|c|\u2606ggagain|\u4f60\u662f\u771f\u7684\u72d7\u8fd0\n|\n|t:|1699582389\n|move|p1a: Ditto|Sacred Fire|p2a: Simba\n|-resisted|p2a: Simba\n|-damage|p2a: Simba|83\/100 slp\n|cant|p2a: Simba|slp\n|\n|upkeep\n|turn|24\n|c|\u2606ggagain|\u5168\u9760\u8fd0\u6c14\n|\n|t:|1699582403\n|cant|p2a: Simba|slp\n|move|p1a: Ditto|Sacred Fire|p2a: Simba\n|-resisted|p2a: Simba\n|-damage|p2a: Simba|67\/100 slp\n|\n|upkeep\n|turn|25\n|\n|t:|1699582408\n|switch|p1a: Alomomola|Alomomola, F|43\/100 brn\n|-curestatus|p2a: Simba|slp|[msg]\n|move|p2a: Simba|Sacred Fire|p1a: Alomomola\n|-resisted|p1a: Alomomola\n|-damage|p1a: Alomomola|1\/100 brn\n|\n|-damage|p1a: Alomomola|0 fnt|[from] brn\n|faint|p1a: Alomomola\n|upkeep\n|c|\u2606ggagain|\u8fd0\u6c14\u9009\u624b\n|c|\u2606ggagain|\u5783\u573e\u4e2d\u7684\u6218\u6597\u673a\n|-message|ggagain forfeited.\n|\n|win|Tpd le Spew\n|raw|ggagain's rating: 1490 &rarr; <strong>1473<\/strong><br \/>(-17 for losing)\n|raw|Tpd le Spew's rating: 1539 &rarr; <strong>1556<\/strong><br \/>(+17 for winning)\n|l|\u2606ggagain\n","uploadtime":1699582440,"views":12,"p1id":"ggagain","p2id":"tpdlespew","formatid":"gen9nationaldex","rating":1473,"private":0,"password":""}