{"id":"gen9nationaldex-1993955848","p1":"qiyuanxing oc","p2":"sty2","format":"[Gen 9] National Dex","log":"|j|\u2606qiyuanxing oc\n|j|\u2606sty2\n|t:|1700382326\n|gametype|singles\n|player|p1|qiyuanxing oc|lillie-masters|1589\n|player|p2|sty2|265|1617\n|teamsize|p1|6\n|teamsize|p2|6\n|gen|9\n|tier|[Gen 9] National Dex\n|rated|\n|rule|HP Percentage Mod: HP is shown in percentages\n|rule|Endless Battle Clause: Forcing endless battles is banned\n|rule|OHKO Clause: OHKO moves are banned\n|rule|Evasion Clause: Evasion abilities, items, and moves are banned\n|rule|Evasion Abilities Clause: Evasion abilities are banned\n|rule|Evasion Items Clause: Evasion items are banned\n|rule|Evasion Moves Clause: Evasion moves are banned\n|rule|Species Clause: Limit one of each Pok\u00e9mon\n|rule|Sleep Clause Mod: Limit one foe put to sleep\n|clearpoke\n|poke|p1|Ninetales-Alola, M|\n|poke|p1|Cloyster, M|\n|poke|p1|Diancie|\n|poke|p1|Rotom-Heat|\n|poke|p1|Kyurem|\n|poke|p1|Zapdos|\n|poke|p2|Banette, M|\n|poke|p2|Samurott-Hisui, F|\n|poke|p2|Indeedee, M|\n|poke|p2|Quaquaval, M|\n|poke|p2|Alakazam, F|\n|poke|p2|Skeledirge, F|\n|teampreview\n|\n|t:|1700382346\n|start\n|switch|p1a: Ninetales|Ninetales-Alola, M|100\/100\n|switch|p2a: Quaquaval|Quaquaval, M|100\/100\n|-weather|Snow|[from] ability: Snow Warning|[of] p1a: Ninetales\n|turn|1\n|\n|t:|1700382351\n|move|p1a: Ninetales|Toxic|p2a: Quaquaval\n|-status|p2a: Quaquaval|tox\n|move|p2a: Quaquaval|Aqua Step|p1a: Ninetales\n|-damage|p1a: Ninetales|66\/100\n|-boost|p2a: Quaquaval|spe|1\n|\n|-weather|Snow|[upkeep]\n|-damage|p2a: Quaquaval|94\/100 tox|[from] psn\n|upkeep\n|turn|2\n|\n|t:|1700382355\n|move|p2a: Quaquaval|Encore|p1a: Ninetales\n|-start|p1a: Ninetales|Encore\n|move|p1a: Ninetales|Toxic|p2a: Quaquaval\n|-fail|p2a: Quaquaval|tox\n|\n|-weather|Snow|[upkeep]\n|-damage|p2a: Quaquaval|82\/100 tox|[from] psn\n|upkeep\n|turn|3\n|\n|t:|1700382363\n|switch|p1a: Cloyster|Cloyster, M|100\/100\n|move|p2a: Quaquaval|Close Combat|p1a: Cloyster\n|-supereffective|p1a: Cloyster\n|-damage|p1a: Cloyster|27\/100\n|-unboost|p2a: Quaquaval|def|1\n|-unboost|p2a: Quaquaval|spd|1\n|\n|-weather|Snow|[upkeep]\n|-damage|p2a: Quaquaval|63\/100 tox|[from] psn\n|upkeep\n|turn|4\n|\n|t:|1700382373\n|-terastallize|p1a: Cloyster|Bug\n|move|p2a: Quaquaval|Close Combat|p1a: Cloyster\n|-resisted|p1a: Cloyster\n|-damage|p1a: Cloyster|3\/100\n|-unboost|p2a: Quaquaval|def|1\n|-unboost|p2a: Quaquaval|spd|1\n|move|p1a: Cloyster|Shell Smash|p1a: Cloyster\n|-unboost|p1a: Cloyster|def|1\n|-unboost|p1a: Cloyster|spd|1\n|-boost|p1a: Cloyster|atk|2\n|-boost|p1a: Cloyster|spa|2\n|-boost|p1a: Cloyster|spe|2\n|-enditem|p1a: Cloyster|White Herb\n|-clearnegativeboost|p1a: Cloyster|[silent]\n|\n|-weather|Snow|[upkeep]\n|-damage|p2a: Quaquaval|38\/100 tox|[from] psn\n|upkeep\n|turn|5\n|\n|t:|1700382377\n|move|p1a: Cloyster|Pin Missile|p2a: Quaquaval\n|-resisted|p2a: Quaquaval\n|-damage|p2a: Quaquaval|9\/100 tox\n|-resisted|p2a: Quaquaval\n|-damage|p2a: Quaquaval|0 fnt\n|faint|p2a: Quaquaval\n|-hitcount|p2: Quaquaval|2\n|\n|-weather|none\n|upkeep\n|\n|t:|1700382382\n|switch|p2a: Samurott|Samurott-Hisui, F|100\/100\n|turn|6\n|\n|t:|1700382384\n|move|p2a: Samurott|Aqua Jet|p1a: Cloyster\n|-damage|p1a: Cloyster|0 fnt\n|faint|p1a: Cloyster\n|\n|upkeep\n|\n|t:|1700382386\n|switch|p1a: Kyurem|Kyurem|100\/100\n|-ability|p1a: Kyurem|Pressure\n|turn|7\n|\n|t:|1700382397\n|switch|p2a: Skeledirge|Skeledirge, F|100\/100\n|move|p1a: Kyurem|Freeze-Dry|p2a: Skeledirge\n|-resisted|p2a: Skeledirge\n|-damage|p2a: Skeledirge|83\/100\n|\n|upkeep\n|turn|8\n|inactive|Battle timer is ON: inactive players will automatically lose when time's up. (requested by sty2)\n|\n|t:|1700382410\n|switch|p1a: Diancie|Diancie|100\/100\n|move|p2a: Skeledirge|Torch Song|p1a: Diancie\n|-resisted|p1a: Diancie\n|-damage|p1a: Diancie|86\/100\n|-boost|p2a: Skeledirge|spa|1\n|\n|upkeep\n|turn|9\n|inactive|sty2 has 120 seconds left.\n|\n|t:|1700382441\n|detailschange|p1a: Diancie|Diancie-Mega\n|-mega|p1a: Diancie|Diancie|Diancite\n|move|p1a: Diancie|Diamond Storm|p2a: Skeledirge\n|-supereffective|p2a: Skeledirge\n|-damage|p2a: Skeledirge|19\/100\n|move|p2a: Skeledirge|Torch Song|p1a: Diancie\n|-resisted|p1a: Diancie\n|-damage|p1a: Diancie|58\/100\n|-boost|p2a: Skeledirge|spa|1\n|\n|upkeep\n|turn|10\n|\n|t:|1700382448\n|move|p1a: Diancie|Diamond Storm|p2a: Skeledirge\n|-supereffective|p2a: Skeledirge\n|-damage|p2a: Skeledirge|0 fnt\n|faint|p2a: Skeledirge\n|\n|upkeep\n|\n|t:|1700382455\n|switch|p2a: Alakazam|Alakazam, F|100\/100\n|turn|11\n|\n|t:|1700382485\n|-terastallize|p2a: Alakazam|Psychic\n|move|p2a: Alakazam|Expanding Force|p1a: Diancie\n|-damage|p1a: Diancie|0 fnt\n|faint|p1a: Diancie\n|\n|upkeep\n|\n|t:|1700382490\n|switch|p1a: Rotom|Rotom-Heat|100\/100\n|turn|12\n|\n|t:|1700382496\n|switch|p2a: Indeedee|Indeedee, M|100\/100\n|-fieldstart|move: Psychic Terrain|[from] ability: Psychic Surge|[of] p2a: Indeedee\n|move|p1a: Rotom|Overheat|p2a: Indeedee\n|-damage|p2a: Indeedee|31\/100\n|-unboost|p1a: Rotom|spa|2\n|\n|upkeep\n|turn|13\n|\n|t:|1700382504\n|switch|p2a: Alakazam|Alakazam, F, tera:Psychic|100\/100\n|move|p1a: Rotom|Volt Switch|p2a: Alakazam\n|-damage|p2a: Alakazam|78\/100\n|\n|t:|1700382528\n|switch|p1a: Kyurem|Kyurem|100\/100|[from] Volt Switch\n|-ability|p1a: Kyurem|Pressure\n|\n|upkeep\n|turn|14\n|\n|t:|1700382530\n|move|p2a: Alakazam|Expanding Force|p1a: Kyurem\n|-damage|p1a: Kyurem|0 fnt\n|faint|p1a: Kyurem\n|\n|upkeep\n|\n|t:|1700382537\n|switch|p1a: Rotom|Rotom-Heat|100\/100\n|turn|15\n|\n|t:|1700382540\n|move|p2a: Alakazam|Expanding Force|p1a: Rotom\n|-damage|p1a: Rotom|0 fnt\n|faint|p1a: Rotom\n|\n|upkeep\n|-message|qiyuanxing oc forfeited.\n|\n|win|sty2\n|raw|qiyuanxing oc's rating: 1589 &rarr; <strong>1571<\/strong><br \/>(-18 for losing)\n|raw|sty2's rating: 1617 &rarr; <strong>1635<\/strong><br \/>(+18 for winning)\n|l|\u2606qiyuanxing oc\n","uploadtime":1700382594,"views":10,"p1id":"qiyuanxingoc","p2id":"sty2","formatid":"gen9nationaldex","rating":1571,"private":0,"password":""}