{"id":"gen9nationaldex-1989221938","p1":"ThatOneExe","p2":"Yokuutsu","format":"[Gen 9] National Dex","log":"|j|\u2606ThatOneExe\n|j|\u2606Yokuutsu\n|t:|1699824989\n|gametype|singles\n|player|p1|ThatOneExe|giovanni|\n|player|p2|Yokuutsu|schoolkidf|\n|teamsize|p1|6\n|teamsize|p2|6\n|gen|9\n|tier|[Gen 9] National Dex\n|rule|HP Percentage Mod: HP is shown in percentages\n|rule|Endless Battle Clause: Forcing endless battles is banned\n|rule|OHKO Clause: OHKO moves are banned\n|rule|Evasion Clause: Evasion abilities, items, and moves are banned\n|rule|Evasion Abilities Clause: Evasion abilities are banned\n|rule|Evasion Items Clause: Evasion items are banned\n|rule|Evasion Moves Clause: Evasion moves are banned\n|rule|Species Clause: Limit one of each Pok\u00e9mon\n|rule|Sleep Clause Mod: Limit one foe put to sleep\n|clearpoke\n|poke|p1|Garganacl, M|\n|poke|p1|Cinderace, F|\n|poke|p1|Iron Valiant|\n|poke|p1|Gliscor, M|\n|poke|p1|Urshifu-*, M|\n|poke|p1|Landorus-Therian, M|\n|poke|p2|Leafeon, M|\n|poke|p2|Torkoal, F|\n|poke|p2|Charizard, M|\n|poke|p2|Slowbro, M|\n|poke|p2|Clodsire, F|\n|poke|p2|Great Tusk|\n|teampreview\n|c|\u2606Yokuutsu|why is dark urshifu not banned\n|c|\u2606ThatOneExe|on this episode of \"guess which set garganacl is running\"\n|\n|t:|1699825017\n|start\n|switch|p1a: guchi shades|Iron Valiant|100\/100\n|switch|p2a: b\u2562\u0401q\u255au|Slowbro, M|100\/100\n|turn|1\n|c|\u2606ThatOneExe|ON THIS EPISODE OF \"GUESS WHICH URSHIFU I'M USING\"\n|\n|t:|1699825027\n|move|p1a: guchi shades|Light Screen|p1a: guchi shades\n|-sidestart|p1: ThatOneExe|move: Light Screen\n|move|p2a: b\u2562\u0401q\u255au|Sunny Day|p2a: b\u2562\u0401q\u255au\n|-weather|SunnyDay\n|\n|-weather|SunnyDay|[upkeep]\n|upkeep\n|turn|2\n|\n|t:|1699825033\n|switch|p2a: Collision|Great Tusk|100\/100\n|-activate|p2a: Collision|ability: Protosynthesis\n|-start|p2a: Collision|protosynthesisatk\n|move|p1a: guchi shades|Encore||[still]\n|-fail|p1a: guchi shades\n|\n|-weather|SunnyDay|[upkeep]\n|upkeep\n|turn|3\n|\n|t:|1699825079\n|move|p1a: guchi shades|Knock Off|p2a: Collision\n|-resisted|p2a: Collision\n|-damage|p2a: Collision|89\/100\n|-enditem|p2a: Collision|Eject Pack|[from] move: Knock Off|[of] p1a: guchi shades\n|move|p2a: Collision|Headlong Rush|p1a: guchi shades\n|-damage|p1a: guchi shades|13\/100\n|-unboost|p2a: Collision|def|1\n|-unboost|p2a: Collision|spd|1\n|\n|-weather|SunnyDay|[upkeep]\n|upkeep\n|turn|4\n|\n|t:|1699825089\n|move|p1a: guchi shades|Reflect|p1a: guchi shades\n|-sidestart|p1: ThatOneExe|Reflect\n|move|p2a: Collision|Ice Spinner|p1a: guchi shades\n|-crit|p1a: guchi shades\n|-damage|p1a: guchi shades|0 fnt\n|faint|p1a: guchi shades\n|-end|p1a: guchi shades|Quark Drive|[silent]\n|\n|-weather|SunnyDay|[upkeep]\n|upkeep\n|\n|t:|1699825105\n|switch|p1a: The King|Landorus-Therian, M|100\/100\n|-ability|p1a: The King|Intimidate|boost\n|-unboost|p2a: Collision|atk|1\n|turn|5\n|\n|t:|1699825126\n|-end|p2a: Collision|Protosynthesis|[silent]\n|switch|p2a: bungus|Leafeon, M, shiny|100\/100\n|move|p1a: The King|U-turn|p2a: bungus\n|-supereffective|p2a: bungus\n|-damage|p2a: bungus|51\/100\n|\n|t:|1699825135\n|switch|p1a: Playgirl|Cinderace, F, shiny|100\/100|[from] U-turn\n|\n|-weather|SunnyDay|[upkeep]\n|upkeep\n|turn|6\n|c|\u2606Yokuutsu|it's so sad steve jobs died of ligma\n|c|\u2606ThatOneExe|who's steve jobs\n|\n|t:|1699825158\n|-terastallize|p2a: bungus|Water\n|move|p2a: bungus|Tera Blast|p1a: Playgirl|[anim] Tera Blast Water\n|-supereffective|p1a: Playgirl\n|-damage|p1a: Playgirl|55\/100\n|move|p1a: Playgirl|U-turn|p2a: bungus\n|-start|p1a: Playgirl|typechange|Bug|[from] ability: Libero\n|-damage|p2a: bungus|20\/100\n|\n|t:|1699825166\n|switch|p1a: NaCl|Garganacl, M|100\/100|[from] U-turn\n|\n|-weather|SunnyDay|[upkeep]\n|upkeep\n|turn|7\n|c|\u2606ThatOneExe|you\n|c|\u2606ThatOneExe|actual FOOL\n|c|\u2606Yokuutsu|i'm staying in\n|\n|t:|1699825177\n|-terastallize|p1a: NaCl|Fairy\n|move|p2a: bungus|Tera Blast|p1a: NaCl|[anim] Tera Blast Water\n|-damage|p1a: NaCl|92\/100\n|move|p1a: NaCl|Salt Cure|p2a: bungus\n|-crit|p2a: bungus\n|-damage|p2a: bungus|0 fnt\n|faint|p2a: bungus\n|\n|-weather|SunnyDay|[upkeep]\n|-heal|p1a: NaCl|99\/100|[from] item: Leftovers\n|upkeep\n|c|\u2606ThatOneExe|YOU FOOOOOOLLLLLL!!!!!!!!!!!\n|\n|t:|1699825197\n|switch|p2a: kid named rocks|Charizard, M, shiny|100\/100\n|turn|8\n|c|\u2606Yokuutsu|now i wonder if this thing can two hit me or not\n|\n|t:|1699825230\n|move|p2a: kid named rocks|Weather Ball|p1a: NaCl\n|-damage|p1a: NaCl|50\/100\n|move|p1a: NaCl|Salt Cure|p2a: kid named rocks\n|-supereffective|p2a: kid named rocks\n|-damage|p2a: kid named rocks|8\/100\n|-start|p2a: kid named rocks|Salt Cure\n|\n|-weather|none\n|-heal|p1a: NaCl|56\/100|[from] item: Leftovers\n|-damage|p2a: kid named rocks|0 fnt|[from] Salt Cure\n|faint|p2a: kid named rocks\n|-sideend|p1: ThatOneExe|move: Light Screen\n|upkeep\n|c|\u2606Yokuutsu|*reads garg's type:*\n|c|\u2606ThatOneExe|he didn't know.\n|\n|t:|1699825255\n|switch|p2a: b\u2562\u0401q\u255au|Slowbro, M|100\/100\n|turn|9\n|\n|t:|1699825258\n|move|p1a: NaCl|Salt Cure|p2a: b\u2562\u0401q\u255au\n|-damage|p2a: b\u2562\u0401q\u255au|89\/100\n|-start|p2a: b\u2562\u0401q\u255au|Salt Cure\n|move|p2a: b\u2562\u0401q\u255au|Future Sight|p1a: NaCl\n|-start|p2a: b\u2562\u0401q\u255au|move: Future Sight\n|\n|-heal|p1a: NaCl|62\/100|[from] item: Leftovers\n|-damage|p2a: b\u2562\u0401q\u255au|64\/100|[from] Salt Cure\n|upkeep\n|turn|10\n|c|\u2606ThatOneExe|did you guess right\n|\n|t:|1699825281\n|move|p1a: NaCl|Recover|p1a: NaCl\n|-heal|p1a: NaCl|100\/100\n|move|p2a: b\u2562\u0401q\u255au|Sunny Day|p2a: b\u2562\u0401q\u255au\n|-weather|SunnyDay\n|\n|-weather|SunnyDay|[upkeep]\n|-damage|p2a: b\u2562\u0401q\u255au|39\/100|[from] Salt Cure\n|upkeep\n|turn|11\n|c|\u2606ThatOneExe|time to figure out\n|\n|t:|1699825310\n|move|p1a: NaCl|Salt Cure|p2a: b\u2562\u0401q\u255au\n|-damage|p2a: b\u2562\u0401q\u255au|28\/100\n|move|p2a: b\u2562\u0401q\u255au|Teleport|p2a: b\u2562\u0401q\u255au\n|\n|t:|1699825324\n|switch|p2a: zzz|Torkoal, F|100\/100|[from] Teleport\n|\n|-weather|SunnyDay|[upkeep]\n|-end|p1a: NaCl|move: Future Sight\n|-damage|p1a: NaCl|44\/100\n|-heal|p1a: NaCl|50\/100|[from] item: Leftovers\n|-sideend|p1: ThatOneExe|Reflect\n|upkeep\n|turn|12\n|c|\u2606Yokuutsu|is that thing speed invested exe\n|\n|t:|1699825340\n|move|p1a: NaCl|Protect|p1a: NaCl\n|-singleturn|p1a: NaCl|Protect\n|move|p2a: zzz|Overheat|p1a: NaCl\n|-activate|p1a: NaCl|move: Protect\n|\n|-weather|SunnyDay|[upkeep]\n|-heal|p1a: NaCl|56\/100|[from] item: Leftovers\n|upkeep\n|turn|13\n|c|\u2606Yokuutsu|it fucking isn\n|c|\u2606Yokuutsu|i'm blowing you away\n|c|\u2606ThatOneExe|it won't save you\n|\n|t:|1699825351\n|switch|p1a: Urshifu|Urshifu-Rapid-Strike, M|100\/100\n|move|p2a: zzz|Overheat|p1a: Urshifu\n|-resisted|p1a: Urshifu\n|-damage|p1a: Urshifu|42\/100\n|-unboost|p2a: zzz|spa|2\n|\n|-weather|SunnyDay|[upkeep]\n|upkeep\n|turn|14\n|c|\u2606ThatOneExe|GUH?!\n|c|\u2606Yokuutsu|that's some good chip right there\n|\n|t:|1699825365\n|switch|p2a: Special|Clodsire, F|100\/100\n|move|p1a: Urshifu|Surging Strikes|p2a: Special\n|-immune|p2a: Special|[from] ability: Water Absorb\n|\n|-weather|SunnyDay|[upkeep]\n|upkeep\n|turn|15\n|c|\u2606ThatOneExe|you\n|\n|t:|1699825375\n|switch|p1a: Dragula|Gliscor, M|100\/100\n|move|p2a: Special|Toxic|p1a: Dragula\n|-status|p1a: Dragula|tox\n|\n|-weather|SunnyDay|[upkeep]\n|upkeep\n|turn|16\n|c|\u2606Yokuutsu|smart kid\n|c|\u2606ThatOneExe|i eat those for breakfast\n|\n|t:|1699825396\n|switch|p2a: b\u2562\u0401q\u255au|Slowbro, M|61\/100\n|move|p1a: Dragula|Spikes|p2a: b\u2562\u0401q\u255au\n|-sidestart|p2: Yokuutsu|Spikes\n|\n|-weather|SunnyDay|[upkeep]\n|upkeep\n|turn|17\n|c|\u2606ThatOneExe|i hope you have a defogger btw\n|c|\u2606Yokuutsu|i do\n|\n|t:|1699825407\n|move|p1a: Dragula|Spikes|p2a: b\u2562\u0401q\u255au\n|-sidestart|p2: Yokuutsu|Spikes\n|move|p2a: b\u2562\u0401q\u255au|Teleport|p2a: b\u2562\u0401q\u255au\n|c|\u2606ThatOneExe|guf\n|\n|t:|1699825413\n|switch|p2a: Collision|Great Tusk|89\/100|[from] Teleport\n|-damage|p2a: Collision|73\/100|[from] Spikes\n|-activate|p2a: Collision|ability: Protosynthesis\n|-start|p2a: Collision|protosynthesisatk\n|\n|-weather|none\n|-end|p2a: Collision|Protosynthesis\n|upkeep\n|turn|18\n|c|\u2606ThatOneExe|gud ack\n|c|\u2606Yokuutsu|what's the plan exe\n|\n|t:|1699825438\n|switch|p1a: Urshifu|Urshifu-Rapid-Strike, M|42\/100\n|move|p2a: Collision|Ice Spinner|p1a: Urshifu\n|-resisted|p1a: Urshifu\n|-damage|p1a: Urshifu|29\/100\n|\n|upkeep\n|turn|19\n|\n|t:|1699825452\n|-end|p2a: Collision|Protosynthesis|[silent]\n|switch|p2a: b\u2562\u0401q\u255au|Slowbro, M|94\/100\n|-damage|p2a: b\u2562\u0401q\u255au|78\/100|[from] Spikes\n|move|p1a: Urshifu|Close Combat|p2a: b\u2562\u0401q\u255au\n|-resisted|p2a: b\u2562\u0401q\u255au\n|-damage|p2a: b\u2562\u0401q\u255au|41\/100\n|-unboost|p1a: Urshifu|def|1\n|-unboost|p1a: Urshifu|spd|1\n|\n|upkeep\n|turn|20\n|c|\u2606ThatOneExe|those 50\/50's man\n|\n|t:|1699825478\n|switch|p1a: Playgirl|Cinderace, F, shiny|55\/100\n|move|p2a: b\u2562\u0401q\u255au|Teleport|p2a: b\u2562\u0401q\u255au\n|c|\u2606Yokuutsu|so i went back to check what EV's my bro had\n|c|\u2606ThatOneExe|uh huh\n|c|\u2606Yokuutsu|for some reason he had 328 SPA ATK instead of being defense invested\n|c|\u2606Yokuutsu|i thought that far ahead\n|c|\u2606Yokuutsu|now then\n|c|\u2606ThatOneExe|guh?\n|\n|t:|1699825520\n|switch|p2a: zzz|Torkoal, F|100\/100|[from] Teleport\n|-damage|p2a: zzz|84\/100|[from] Spikes\n|-weather|SunnyDay|[from] ability: Drought|[of] p2a: zzz\n|\n|-weather|SunnyDay|[upkeep]\n|upkeep\n|turn|21\n|c|\u2606Yokuutsu|i can either kill something right now or do significant chip\n|\n|t:|1699825553\n|move|p1a: Playgirl|High Jump Kick|p2a: zzz|[miss]\n|-start|p1a: Playgirl|typechange|Fighting|[from] ability: Libero\n|-miss|p1a: Playgirl|p2a: zzz\n|-damage|p1a: Playgirl|5\/100|[from] highjumpkick\n|move|p2a: zzz|Rapid Spin|p1a: Playgirl\n|-damage|p1a: Playgirl|0 fnt\n|-boost|p2a: zzz|spe|1\n|-sideend|p2: Yokuutsu|Spikes|[from] move: Rapid Spin|[of] p2a: zzz\n|faint|p1a: Playgirl\n|\n|-weather|SunnyDay|[upkeep]\n|upkeep\n|c|\u2606Yokuutsu|LOL\n|c|\u2606ThatOneExe|OHHHH MY GOOOOOOOODDD\n|c|\u2606Yokuutsu|LOOOOOL\n|c|\u2606Yokuutsu|POKEMON IS ABOUT SKILL VS SKILL\n|c|\u2606ThatOneExe|CINDERACE YOU BLIND BITCH\n|c|\u2606Yokuutsu|I WAS THINKING ABOUT USING OVERHEAT\n|c|\u2606Yokuutsu|BUT I WAS LIKE\n|c|\u2606Yokuutsu|\"NAH, I'D WIN.\"\n|\n|t:|1699825580\n|switch|p1a: NaCl|Garganacl, M, tera:Fairy|56\/100\n|turn|22\n|\n|t:|1699825601\n|switch|p2a: Special|Clodsire, F|100\/100\n|move|p1a: NaCl|Salt Cure|p2a: Special\n|-resisted|p2a: Special\n|-damage|p2a: Special|93\/100\n|-start|p2a: Special|Salt Cure\n|\n|-weather|SunnyDay|[upkeep]\n|-heal|p1a: NaCl|62\/100|[from] item: Leftovers\n|-damage|p2a: Special|80\/100|[from] Salt Cure\n|upkeep\n|turn|23\n|\n|t:|1699825618\n|move|p1a: NaCl|Protect|p1a: NaCl\n|-singleturn|p1a: NaCl|Protect\n|move|p2a: Special|Toxic|p1a: NaCl\n|-activate|p1a: NaCl|move: Protect\n|\n|-weather|SunnyDay|[upkeep]\n|-heal|p1a: NaCl|69\/100|[from] item: Leftovers\n|-damage|p2a: Special|68\/100|[from] Salt Cure\n|upkeep\n|turn|24\n|\n|t:|1699825629\n|switch|p1a: Dragula|Gliscor, M|100\/100 tox\n|switch|p2a: Collision|Great Tusk|73\/100\n|-activate|p2a: Collision|ability: Protosynthesis\n|-start|p2a: Collision|protosynthesisatk\n|\n|-weather|SunnyDay|[upkeep]\n|upkeep\n|turn|25\n|c|\u2606Yokuutsu|i'm clicking it\n|\n|t:|1699825644\n|switch|p1a: The King|Landorus-Therian, M|100\/100\n|-ability|p1a: The King|Intimidate|boost\n|-unboost|p2a: Collision|atk|1\n|move|p2a: Collision|Close Combat|p1a: The King\n|-resisted|p1a: The King\n|-damage|p1a: The King|69\/100\n|-unboost|p2a: Collision|def|1\n|-unboost|p2a: Collision|spd|1\n|\n|-weather|SunnyDay|[upkeep]\n|-heal|p1a: The King|75\/100|[from] item: Leftovers\n|upkeep\n|turn|26\n|c|\u2606Yokuutsu|i know 100% that lando is speed invested\n|\n|t:|1699825672\n|move|p1a: The King|Knock Off|p2a: Collision\n|-resisted|p2a: Collision\n|-damage|p2a: Collision|59\/100\n|move|p2a: Collision|Ice Spinner|p1a: The King\n|-supereffective|p1a: The King\n|-damage|p1a: The King|0 fnt\n|faint|p1a: The King\n|\n|-weather|SunnyDay|[upkeep]\n|upkeep\n|c|\u2606Yokuutsu|THE PLAAAY\n|c|\u2606ThatOneExe|FUCK RIGHT\n|c|\u2606Yokuutsu|THE PLAAAAAAAAAAAAAAAAAAY\n|c|\u2606Yokuutsu|THE PLAAAAAAAAAAAAAAAAAAAAAAAAAAAAAAAAAAY\n|\n|t:|1699825684\n|switch|p1a: NaCl|Garganacl, M, tera:Fairy|69\/100\n|turn|27\n|c|\u2606Yokuutsu|I'M LIKE: \"EXE IS NOT LIKE THAT\"\n|c|\u2606ThatOneExe|alright you little shit\n|\n|t:|1699825698\n|-end|p2a: Collision|Protosynthesis|[silent]\n|switch|p2a: b\u2562\u0401q\u255au|Slowbro, M|75\/100\n|move|p1a: NaCl|Salt Cure|p2a: b\u2562\u0401q\u255au\n|-damage|p2a: b\u2562\u0401q\u255au|62\/100\n|-start|p2a: b\u2562\u0401q\u255au|Salt Cure\n|\n|-weather|none\n|-heal|p1a: NaCl|75\/100|[from] item: Leftovers\n|-damage|p2a: b\u2562\u0401q\u255au|38\/100|[from] Salt Cure\n|upkeep\n|turn|28\n|c|\u2606Yokuutsu|so fuckin lucky that move does so much damage\n|c|\u2606ThatOneExe|it does double damage aginst water and steel types btw\n|c|\u2606Yokuutsu|oh OKAY\n|c|\u2606ThatOneExe|you still haven't guessed the ability either\n|c|\u2606ThatOneExe|:3\n|c|\u2606Yokuutsu|i just had an idea\n|\n|t:|1699825753\n|move|p1a: NaCl|Salt Cure|p2a: b\u2562\u0401q\u255au\n|-damage|p2a: b\u2562\u0401q\u255au|26\/100\n|move|p2a: b\u2562\u0401q\u255au|Teleport|p2a: b\u2562\u0401q\u255au\n|\n|t:|1699825755\n|switch|p2a: zzz|Torkoal, F|84\/100|[from] Teleport\n|-weather|SunnyDay|[from] ability: Drought|[of] p2a: zzz\n|\n|-weather|SunnyDay|[upkeep]\n|-heal|p1a: NaCl|81\/100|[from] item: Leftovers\n|upkeep\n|turn|29\n|\n|t:|1699825767\n|move|p1a: NaCl|Body Press|p2a: zzz\n|-damage|p2a: zzz|63\/100\n|move|p2a: zzz|Overheat|p1a: NaCl\n|-damage|p1a: NaCl|2\/100\n|-unboost|p2a: zzz|spa|2\n|\n|-weather|SunnyDay|[upkeep]\n|-heal|p1a: NaCl|8\/100|[from] item: Leftovers\n|upkeep\n|turn|30\n|c|\u2606ThatOneExe|HUH\n|\n|t:|1699825778\n|move|p1a: NaCl|Protect|p1a: NaCl\n|-singleturn|p1a: NaCl|Protect\n|move|p2a: zzz|Yawn|p1a: NaCl\n|-activate|p1a: NaCl|move: Protect\n|\n|-weather|SunnyDay|[upkeep]\n|-heal|p1a: NaCl|15\/100|[from] item: Leftovers\n|upkeep\n|turn|31\n|\n|t:|1699825790\n|switch|p2a: Collision|Great Tusk|59\/100\n|-activate|p2a: Collision|ability: Protosynthesis\n|-start|p2a: Collision|protosynthesisatk\n|move|p1a: NaCl|Recover|p1a: NaCl\n|-heal|p1a: NaCl|65\/100\n|\n|-weather|SunnyDay|[upkeep]\n|-heal|p1a: NaCl|71\/100|[from] item: Leftovers\n|upkeep\n|turn|32\n|\n|t:|1699825804\n|move|p1a: NaCl|Protect|p1a: NaCl\n|-singleturn|p1a: NaCl|Protect\n|move|p2a: Collision|Headlong Rush|p1a: NaCl\n|-activate|p1a: NaCl|move: Protect\n|\n|-weather|SunnyDay|[upkeep]\n|-heal|p1a: NaCl|77\/100|[from] item: Leftovers\n|upkeep\n|turn|33\n|\n|t:|1699825814\n|-end|p2a: Collision|Protosynthesis|[silent]\n|switch|p2a: b\u2562\u0401q\u255au|Slowbro, M|59\/100\n|switch|p1a: Urshifu|Urshifu-Rapid-Strike, M|29\/100\n|\n|-weather|SunnyDay|[upkeep]\n|upkeep\n|turn|34\n|\n|t:|1699825821\n|move|p1a: Urshifu|U-turn|p2a: b\u2562\u0401q\u255au\n|-supereffective|p2a: b\u2562\u0401q\u255au\n|-damage|p2a: b\u2562\u0401q\u255au|3\/100\n|\n|t:|1699825826\n|switch|p1a: Dragula|Gliscor, M|100\/100 tox|[from] U-turn\n|move|p2a: b\u2562\u0401q\u255au|Future Sight|p1a: Dragula\n|-start|p2a: b\u2562\u0401q\u255au|move: Future Sight\n|\n|-weather|SunnyDay|[upkeep]\n|upkeep\n|turn|35\n|\n|t:|1699825837\n|switch|p2a: Special|Clodsire, F|68\/100\n|move|p1a: Dragula|Facade|p2a: Special\n|-damage|p2a: Special|20\/100\n|\n|-weather|none\n|upkeep\n|turn|36\n|\n|t:|1699825849\n|move|p1a: Dragula|Facade|p2a: Special\n|-damage|p2a: Special|0 fnt\n|faint|p2a: Special\n|\n|-end|p1a: Dragula|move: Future Sight\n|-damage|p1a: Dragula|28\/100 tox\n|-heal|p1a: Dragula|41\/100 tox|[from] ability: Poison Heal\n|upkeep\n|\n|t:|1699825854\n|switch|p2a: Collision|Great Tusk|59\/100\n|turn|37\n|\n|t:|1699825858\n|switch|p1a: Urshifu|Urshifu-Rapid-Strike, M|29\/100\n|move|p2a: Collision|Ice Spinner|p1a: Urshifu\n|-resisted|p1a: Urshifu\n|-damage|p1a: Urshifu|14\/100\n|\n|upkeep\n|turn|38\n|\n|t:|1699825865\n|-end|p2a: Collision|Protosynthesis|[silent]\n|switch|p2a: zzz|Torkoal, F|63\/100\n|-weather|SunnyDay|[from] ability: Drought|[of] p2a: zzz\n|move|p1a: Urshifu|Aqua Jet|p2a: zzz\n|-supereffective|p2a: zzz\n|-damage|p2a: zzz|41\/100\n|\n|-weather|SunnyDay|[upkeep]\n|upkeep\n|turn|39\n|\n|t:|1699825872\n|move|p1a: Urshifu|Aqua Jet|p2a: zzz\n|-supereffective|p2a: zzz\n|-damage|p2a: zzz|19\/100\n|move|p2a: zzz|Overheat|p1a: Urshifu\n|-resisted|p1a: Urshifu\n|-damage|p1a: Urshifu|0 fnt\n|-unboost|p2a: zzz|spa|2\n|faint|p1a: Urshifu\n|\n|-weather|SunnyDay|[upkeep]\n|upkeep\n|c|\u2606ThatOneExe|urshifu my beloved noo........\n|\n|t:|1699825887\n|switch|p1a: Dragula|Gliscor, M|41\/100 tox\n|turn|40\n|\n|t:|1699825900\n|move|p1a: Dragula|Facade|p2a: zzz\n|-damage|p2a: zzz|0 fnt\n|faint|p2a: zzz\n|\n|-weather|SunnyDay|[upkeep]\n|-heal|p1a: Dragula|53\/100 tox|[from] ability: Poison Heal\n|upkeep\n|\n|t:|1699825913\n|switch|p2a: Collision|Great Tusk|59\/100\n|-activate|p2a: Collision|ability: Protosynthesis\n|-start|p2a: Collision|protosynthesisatk\n|turn|41\n|\n|t:|1699825917\n|move|p2a: Collision|Ice Spinner|p1a: Dragula\n|-supereffective|p1a: Dragula\n|-damage|p1a: Dragula|0 fnt\n|faint|p1a: Dragula\n|\n|-weather|SunnyDay|[upkeep]\n|upkeep\n|\n|t:|1699825920\n|switch|p1a: NaCl|Garganacl, M, tera:Fairy|77\/100\n|turn|42\n|c|\u2606Yokuutsu|you're cooked............\n|\n|t:|1699825930\n|move|p1a: NaCl|Protect|p1a: NaCl\n|-singleturn|p1a: NaCl|Protect\n|move|p2a: Collision|Headlong Rush|p1a: NaCl\n|-activate|p1a: NaCl|move: Protect\n|\n|-weather|SunnyDay|[upkeep]\n|-heal|p1a: NaCl|83\/100|[from] item: Leftovers\n|upkeep\n|turn|43\n|c|\u2606ThatOneExe|nah i'd win\n|\n|t:|1699825938\n|move|p2a: Collision|Headlong Rush|p1a: NaCl\n|-damage|p1a: NaCl|42\/100\n|-unboost|p2a: Collision|def|1\n|-unboost|p2a: Collision|spd|1\n|move|p1a: NaCl|Salt Cure|p2a: Collision\n|-resisted|p2a: Collision\n|-damage|p2a: Collision|55\/100\n|-start|p2a: Collision|Salt Cure\n|\n|-weather|SunnyDay|[upkeep]\n|-heal|p1a: NaCl|49\/100|[from] item: Leftovers\n|-damage|p2a: Collision|43\/100|[from] Salt Cure\n|upkeep\n|turn|44\n|\n|t:|1699825967\n|move|p2a: Collision|Headlong Rush|p1a: NaCl\n|-damage|p1a: NaCl|10\/100\n|-unboost|p2a: Collision|def|1\n|-unboost|p2a: Collision|spd|1\n|move|p1a: NaCl|Salt Cure|p2a: Collision\n|-resisted|p2a: Collision\n|-damage|p2a: Collision|38\/100\n|\n|-weather|SunnyDay|[upkeep]\n|-heal|p1a: NaCl|16\/100|[from] item: Leftovers\n|-damage|p2a: Collision|25\/100|[from] Salt Cure\n|upkeep\n|turn|45\n|c|\u2606ThatOneExe|shoot i thought\n|c|\u2606ThatOneExe|guh\n|\n|t:|1699825980\n|move|p1a: NaCl|Protect|p1a: NaCl\n|-singleturn|p1a: NaCl|Protect\n|move|p2a: Collision|Headlong Rush|p1a: NaCl\n|-activate|p1a: NaCl|move: Protect\n|\n|-weather|none\n|-end|p2a: Collision|Protosynthesis\n|-heal|p1a: NaCl|22\/100|[from] item: Leftovers\n|-damage|p2a: Collision|13\/100|[from] Salt Cure\n|upkeep\n|turn|46\n|c|\u2606ThatOneExe|i might have lost on accident\n|c|\u2606Yokuutsu|it's about guts\n|c|\u2606ThatOneExe|i'm taking a gamble\n|\n|t:|1699826002\n|move|p1a: NaCl|Protect||[still]\n|-fail|p1a: NaCl\n|move|p2a: Collision|Headlong Rush|p1a: NaCl\n|-damage|p1a: NaCl|0 fnt\n|-unboost|p2a: Collision|def|1\n|-unboost|p2a: Collision|spd|1\n|faint|p1a: NaCl\n|\n|win|Yokuutsu\n|c|\u2606Yokuutsu|that team was fuckin evil\n|c|\u2606ThatOneExe|FUCK\n|c|\u2606ThatOneExe|guh.....\n","uploadtime":1699826012,"views":17,"p1id":"thatoneexe","p2id":"yokuutsu","formatid":"gen9nationaldex","rating":0,"private":0,"password":""}