{"id":"gen9nationaldex-1999413372","p1":"noon48","p2":"SSSSSSlizard","format":"[Gen 9] National Dex","log":"|html|<div class=\"broadcast-blue\"><strong>[Gen 9] National Dex is currently suspecting Sneasler! For information on how to participate check out the <a href=\"https:\/\/www.smogon.com\/forums\/threads\/sv-national-dex-suspect-8-just-dance.3731534\/\">suspect thread<\/a>.<\/strong><\/div>\n|j|\u2606noon48\n|j|\u2606SSSSSSlizard\n|t:|1701076374\n|gametype|singles\n|player|p1|noon48|red|1714\n|player|p2|SSSSSSlizard|irida|1646\n|teamsize|p1|6\n|teamsize|p2|6\n|gen|9\n|tier|[Gen 9] National Dex\n|rated|\n|rule|HP Percentage Mod: HP is shown in percentages\n|rule|Endless Battle Clause: Forcing endless battles is banned\n|rule|OHKO Clause: OHKO moves are banned\n|rule|Evasion Clause: Evasion abilities, items, and moves are banned\n|rule|Evasion Abilities Clause: Evasion abilities are banned\n|rule|Evasion Items Clause: Evasion items are banned\n|rule|Evasion Moves Clause: Evasion moves are banned\n|rule|Species Clause: Limit one of each Pok\u00e9mon\n|rule|Sleep Clause Mod: Limit one foe put to sleep\n|clearpoke\n|poke|p1|Dragonite, M|\n|poke|p1|Ursaluna, F|\n|poke|p1|Tapu Koko|\n|poke|p1|Garchomp, M|\n|poke|p1|Hoopa-Unbound|\n|poke|p1|Moltres|\n|poke|p2|Gyarados, F|\n|poke|p2|Sneasler, F|\n|poke|p2|Landorus-Therian, M|\n|poke|p2|Ceruledge, M|\n|poke|p2|Tapu Koko|\n|poke|p2|Kommo-o, M|\n|teampreview\n|\n|t:|1701076394\n|start\n|switch|p1a: Garchomp|Garchomp, M|100\/100\n|switch|p2a: Landorus|Landorus-Therian, M|100\/100\n|-ability|p2a: Landorus|Intimidate|boost\n|-unboost|p1a: Garchomp|atk|1\n|turn|1\n|inactive|Battle timer is ON: inactive players will automatically lose when time's up. (requested by noon48)\n|\n|t:|1701076419\n|-terastallize|p1a: Garchomp|Ice\n|move|p1a: Garchomp|Tera Blast|p2a: Landorus|[anim] Tera Blast Ice\n|-supereffective|p2a: Landorus\n|-enditem|p2a: Landorus|Focus Sash\n|-damage|p2a: Landorus|1\/100\n|move|p2a: Landorus|Stealth Rock|p1a: Garchomp\n|-sidestart|p1: noon48|move: Stealth Rock\n|\n|upkeep\n|turn|2\n|\n|t:|1701076432\n|switch|p2a: Gyarados|Gyarados, F|100\/100\n|-ability|p2a: Gyarados|Intimidate|boost\n|-unboost|p1a: Garchomp|atk|1\n|move|p1a: Garchomp|Tera Blast|p2a: Gyarados|[anim] Tera Blast Ice\n|-damage|p2a: Gyarados|75\/100\n|\n|upkeep\n|turn|3\n|\n|t:|1701076448\n|switch|p1a: Moltres|Moltres|100\/100\n|move|p2a: Gyarados|Dragon Dance|p2a: Gyarados\n|-boost|p2a: Gyarados|atk|1\n|-boost|p2a: Gyarados|spe|1\n|\n|upkeep\n|turn|4\n|\n|t:|1701076456\n|move|p2a: Gyarados|Taunt|p1a: Moltres\n|-start|p1a: Moltres|move: Taunt\n|cant|p1a: Moltres|move: Taunt|Defog\n|\n|upkeep\n|turn|5\n|\n|t:|1701076463\n|move|p2a: Gyarados|Dragon Dance|p2a: Gyarados\n|-boost|p2a: Gyarados|atk|1\n|-boost|p2a: Gyarados|spe|1\n|move|p1a: Moltres|U-turn|p2a: Gyarados\n|-resisted|p2a: Gyarados\n|-damage|p2a: Gyarados|65\/100\n|\n|t:|1701076473\n|switch|p1a: Dragonite|Dragonite, M|100\/100|[from] U-turn\n|-damage|p1a: Dragonite|76\/100|[from] Stealth Rock\n|\n|upkeep\n|turn|6\n|\n|t:|1701076478\n|detailschange|p2a: Gyarados|Gyarados-Mega, F\n|-mega|p2a: Gyarados|Gyarados|Gyaradosite\n|-ability|p2a: Gyarados|Mold Breaker\n|move|p1a: Dragonite|Extreme Speed|p2a: Gyarados\n|-damage|p2a: Gyarados|20\/100\n|move|p2a: Gyarados|Crunch|p1a: Dragonite\n|-damage|p1a: Dragonite|0 fnt\n|faint|p1a: Dragonite\n|\n|upkeep\n|inactive|noon48 has 120 seconds left.\n|\n|t:|1701076515\n|switch|p1a: Ursaluna|Ursaluna, F|100\/100\n|-damage|p1a: Ursaluna|94\/100|[from] Stealth Rock\n|turn|7\n|inactive|noon48 has 120 seconds left.\n|\n|t:|1701076536\n|move|p2a: Gyarados|Crunch|p1a: Ursaluna\n|-damage|p1a: Ursaluna|31\/100\n|move|p1a: Ursaluna|Body Slam|p2a: Gyarados\n|-damage|p2a: Gyarados|0 fnt\n|faint|p2a: Gyarados\n|\n|upkeep\n|\n|t:|1701076542\n|switch|p2a: Tapu Koko|Tapu Koko|100\/100\n|-fieldstart|move: Electric Terrain|[from] ability: Electric Surge|[of] p2a: Tapu Koko\n|turn|8\n|inactive|noon48 has 120 seconds left.\n|\n|t:|1701076569\n|move|p2a: Tapu Koko|Reflect|p2a: Tapu Koko\n|-sidestart|p2: SSSSSSlizard|Reflect\n|move|p1a: Ursaluna|Headlong Rush|p2a: Tapu Koko\n|-supereffective|p2a: Tapu Koko\n|-damage|p2a: Tapu Koko|25\/100\n|-unboost|p1a: Ursaluna|def|1\n|-unboost|p1a: Ursaluna|spd|1\n|\n|upkeep\n|turn|9\n|\n|t:|1701076580\n|switch|p1a: Moltres|Moltres|100\/100\n|move|p2a: Tapu Koko|Light Screen|p2a: Tapu Koko\n|-sidestart|p2: SSSSSSlizard|move: Light Screen\n|\n|upkeep\n|turn|10\n|\n|t:|1701076586\n|move|p2a: Tapu Koko|Taunt|p1a: Moltres\n|-start|p1a: Moltres|move: Taunt\n|cant|p1a: Moltres|move: Taunt|Defog\n|\n|upkeep\n|turn|11\n|inactive|noon48 has 120 seconds left.\n|\n|t:|1701076594\n|move|p2a: Tapu Koko|U-turn|p1a: Moltres\n|-resisted|p1a: Moltres\n|-damage|p1a: Moltres|98\/100\n|\n|t:|1701076595\n|switch|p2a: Landorus|Landorus-Therian, M|1\/100|[from] U-turn\n|-ability|p2a: Landorus|Intimidate|boost\n|-unboost|p1a: Moltres|atk|1\n|move|p1a: Moltres|U-turn|p2a: Landorus\n|-resisted|p2a: Landorus\n|-damage|p2a: Landorus|0 fnt\n|faint|p2a: Landorus\n|inactive|noon48 has 120 seconds left.\n|\n|t:|1701076606\n|switch|p1a: Tapu Koko|Tapu Koko|100\/100|[from] U-turn\n|-damage|p1a: Tapu Koko|88\/100|[from] Stealth Rock\n|\n|upkeep\n|\n|t:|1701076615\n|switch|p2a: Sneasler|Sneasler, F|100\/100\n|-enditem|p2a: Sneasler|Electric Seed\n|-boost|p2a: Sneasler|def|1|[from] item: Electric Seed\n|turn|12\n|\n|t:|1701076627\n|move|p2a: Sneasler|Dire Claw|p1a: Tapu Koko\n|-supereffective|p1a: Tapu Koko\n|-damage|p1a: Tapu Koko|0 fnt\n|faint|p1a: Tapu Koko\n|\n|-fieldend|move: Electric Terrain\n|upkeep\n|\n|t:|1701076634\n|switch|p1a: Moltres|Moltres|98\/100\n|turn|13\n|\n|t:|1701076646\n|move|p2a: Sneasler|Swords Dance|p2a: Sneasler\n|-boost|p2a: Sneasler|atk|2\n|move|p1a: Moltres|Defog|p2a: Sneasler\n|-unboost|p2a: Sneasler|evasion|1\n|-sideend|p2: SSSSSSlizard|Reflect\n|-sideend|p2: SSSSSSlizard|move: Light Screen\n|-sideend|p1: noon48|Stealth Rock|[from] move: Defog|[of] p1a: Moltres\n|\n|upkeep\n|turn|14\n|\n|t:|1701076654\n|move|p2a: Sneasler|Swords Dance|p2a: Sneasler\n|-boost|p2a: Sneasler|atk|2\n|move|p1a: Moltres|Flamethrower|p2a: Sneasler\n|-damage|p2a: Sneasler|48\/100\n|\n|upkeep\n|turn|15\n|\n|t:|1701076660\n|move|p2a: Sneasler|Dire Claw|p1a: Moltres\n|-damage|p1a: Moltres|0 fnt\n|faint|p1a: Moltres\n|\n|upkeep\n|\n|t:|1701076671\n|switch|p1a: Garchomp|Garchomp, M, tera:Ice|100\/100\n|turn|16\n|\n|t:|1701076678\n|move|p2a: Sneasler|Dire Claw|p1a: Garchomp\n|-damage|p1a: Garchomp|0 fnt\n|-damage|p2a: Sneasler|36\/100|[from] ability: Rough Skin|[of] p1a: Garchomp\n|faint|p1a: Garchomp\n|\n|upkeep\n|-message|noon48 forfeited.\n|\n|win|SSSSSSlizard\n|raw|noon48's rating: 1714 &rarr; <strong>1690<\/strong><br \/>(-24 for losing)\n|raw|SSSSSSlizard's rating: 1646 &rarr; <strong>1670<\/strong><br \/>(+24 for winning)\n|l|\u2606noon48\n|l|\u2606SSSSSSlizard\n|j|\u2606SSSSSSlizard\n|player|p2|SSSSSSlizard|irida\n","uploadtime":1701076691,"views":8,"p1id":"noon48","p2id":"sssssslizard","formatid":"gen9nationaldex","rating":1670,"private":0,"password":""}