{"id":"gen9nationaldex-1991642313","p1":"SheldonShellington","p2":"BEEESHARPS","format":"[Gen 9] National Dex","log":"|j|\u2606SheldonShellington\n|j|\u2606BEEESHARPS\n|t:|1700097547\n|gametype|singles\n|player|p1|SheldonShellington|169|\n|player|p2|BEEESHARPS|musician|\n|teamsize|p1|6\n|teamsize|p2|6\n|gen|9\n|tier|[Gen 9] National Dex\n|rule|HP Percentage Mod: HP is shown in percentages\n|rule|Endless Battle Clause: Forcing endless battles is banned\n|rule|OHKO Clause: OHKO moves are banned\n|rule|Evasion Clause: Evasion abilities, items, and moves are banned\n|rule|Evasion Abilities Clause: Evasion abilities are banned\n|rule|Evasion Items Clause: Evasion items are banned\n|rule|Evasion Moves Clause: Evasion moves are banned\n|rule|Species Clause: Limit one of each Pok\u00e9mon\n|rule|Sleep Clause Mod: Limit one foe put to sleep\n|clearpoke\n|poke|p1|Torkoal, M|\n|poke|p1|Tapu Koko|\n|poke|p1|Slowking-Galar, M|\n|poke|p1|Cloyster, M|\n|poke|p1|Crawdaunt, M|\n|poke|p1|Torterra, F|\n|poke|p2|Mienshao, M|\n|poke|p2|Jolteon, F|\n|poke|p2|Gyarados, M|\n|poke|p2|Scizor, F|\n|poke|p2|Incineroar, F|\n|poke|p2|Meloetta|\n|teampreview\n|j| alt1445645\n|\n|t:|1700097593\n|start\n|switch|p1a: Go2Shell|Torkoal, M|100\/100\n|switch|p2a: Taka|Mienshao, M|100\/100\n|-weather|SunnyDay|[from] ability: Drought|[of] p1a: Go2Shell\n|turn|1\n|\n|t:|1700097676\n|move|p2a: Taka|Fake Out|p1a: Go2Shell\n|-damage|p1a: Go2Shell|87\/100\n|-damage|p2a: Taka|91\/100|[from] item: Life Orb\n|cant|p1a: Go2Shell|flinch\n|\n|-weather|SunnyDay|[upkeep]\n|upkeep\n|turn|2\n|\n|t:|1700097699\n|move|p2a: Taka|U-turn|p1a: Go2Shell\n|-resisted|p1a: Go2Shell\n|-damage|p1a: Go2Shell|75\/100\n|-damage|p2a: Taka|81\/100|[from] item: Life Orb\n|\n|t:|1700097703\n|switch|p2a: Sirius|Gyarados, M|100\/100|[from] U-turn\n|move|p1a: Go2Shell|Stealth Rock|p2a: Sirius\n|-sidestart|p2: BEEESHARPS|move: Stealth Rock\n|\n|-weather|SunnyDay|[upkeep]\n|upkeep\n|turn|3\n|\n|t:|1700097738\n|switch|p1a: Inshell|Cloyster, M|100\/100\n|move|p2a: Sirius|Dragon Dance|p2a: Sirius\n|-boost|p2a: Sirius|atk|1\n|-boost|p2a: Sirius|spe|1\n|\n|-weather|SunnyDay|[upkeep]\n|upkeep\n|turn|4\n|\n|t:|1700097759\n|move|p2a: Sirius|Earthquake|p1a: Inshell\n|-damage|p1a: Inshell|53\/100\n|-damage|p2a: Sirius|91\/100|[from] item: Life Orb\n|move|p1a: Inshell|Shell Smash|p1a: Inshell\n|-unboost|p1a: Inshell|def|1\n|-unboost|p1a: Inshell|spd|1\n|-boost|p1a: Inshell|atk|2\n|-boost|p1a: Inshell|spa|2\n|-boost|p1a: Inshell|spe|2\n|-enditem|p1a: Inshell|White Herb\n|-clearnegativeboost|p1a: Inshell|[silent]\n|\n|-weather|SunnyDay|[upkeep]\n|upkeep\n|turn|5\n|\n|t:|1700097790\n|move|p1a: Inshell|Rock Blast|p2a: Sirius\n|-supereffective|p2a: Sirius\n|-damage|p2a: Sirius|61\/100\n|-supereffective|p2a: Sirius\n|-damage|p2a: Sirius|31\/100\n|-supereffective|p2a: Sirius\n|-damage|p2a: Sirius|0 fnt\n|faint|p2a: Sirius\n|-hitcount|p2: Sirius|3\n|\n|-weather|SunnyDay|[upkeep]\n|upkeep\n|\n|t:|1700097799\n|switch|p2a: Taka|Mienshao, M|100\/100\n|-damage|p2a: Taka|95\/100|[from] Stealth Rock\n|turn|6\n|\n|t:|1700097846\n|move|p2a: Taka|Fake Out|p1a: Inshell\n|-damage|p1a: Inshell|37\/100\n|-damage|p2a: Taka|85\/100|[from] item: Life Orb\n|cant|p1a: Inshell|flinch\n|\n|-weather|SunnyDay|[upkeep]\n|upkeep\n|turn|7\n|\n|t:|1700097886\n|switch|p2a: Ace|Meloetta|100\/100\n|-damage|p2a: Ace|88\/100|[from] Stealth Rock\n|move|p1a: Inshell|Weather Ball|p2a: Ace\n|-damage|p2a: Ace|52\/100\n|\n|-weather|SunnyDay|[upkeep]\n|-heal|p2a: Ace|58\/100|[from] item: Leftovers\n|upkeep\n|turn|8\n|\n|t:|1700097921\n|move|p1a: Inshell|Icicle Spear|p2a: Ace\n|-crit|p2a: Ace\n|-damage|p2a: Ace|28\/100\n|-damage|p2a: Ace|8\/100\n|-damage|p2a: Ace|0 fnt\n|faint|p2a: Ace\n|-hitcount|p2: Ace|3\n|\n|-weather|none\n|upkeep\n|\n|t:|1700097930\n|switch|p2a: Taka|Mienshao, M|100\/100\n|-damage|p2a: Taka|95\/100|[from] Stealth Rock\n|turn|9\n|\n|t:|1700097944\n|move|p2a: Taka|Fake Out|p1a: Inshell\n|-damage|p1a: Inshell|19\/100\n|-damage|p2a: Taka|85\/100|[from] item: Life Orb\n|cant|p1a: Inshell|flinch\n|\n|upkeep\n|turn|10\n|\n|t:|1700097985\n|move|p1a: Inshell|Icicle Spear|p2a: Taka\n|-damage|p2a: Taka|41\/100\n|-damage|p2a: Taka|0 fnt\n|faint|p2a: Taka\n|-hitcount|p2: Taka|2\n|\n|upkeep\n|\n|t:|1700097991\n|switch|p2a: Solaris|Scizor, F|100\/100\n|-damage|p2a: Solaris|88\/100|[from] Stealth Rock\n|turn|11\n|\n|t:|1700098090\n|detailschange|p2a: Solaris|Scizor-Mega, F\n|-mega|p2a: Solaris|Scizor|Scizorite\n|move|p2a: Solaris|Bullet Punch|p1a: Inshell\n|-damage|p1a: Inshell|0 fnt\n|faint|p1a: Inshell\n|\n|upkeep\n|\n|t:|1700098110\n|switch|p1a: Go2Shell|Torkoal, M|75\/100\n|-weather|SunnyDay|[from] ability: Drought|[of] p1a: Go2Shell\n|turn|12\n|inactive|Battle timer is ON: inactive players will automatically lose when time's up. (requested by BEEESHARPS)\n|\n|t:|1700098196\n|switch|p2a: Zero|Incineroar, F|100\/100\n|-damage|p2a: Zero|76\/100|[from] Stealth Rock\n|-ability|p2a: Zero|Intimidate|boost\n|-unboost|p1a: Go2Shell|atk|1\n|move|p1a: Go2Shell|Flamethrower|p2a: Zero\n|-resisted|p2a: Zero\n|-damage|p2a: Zero|51\/100\n|\n|-weather|SunnyDay|[upkeep]\n|-heal|p2a: Zero|57\/100|[from] item: Leftovers\n|upkeep\n|turn|13\n|inactive|SheldonShellington has 270 seconds left.\n|\n|t:|1700098238\n|move|p2a: Zero|Fake Out|p1a: Go2Shell\n|-damage|p1a: Go2Shell|65\/100\n|cant|p1a: Go2Shell|flinch\n|\n|-weather|SunnyDay|[upkeep]\n|-heal|p2a: Zero|63\/100|[from] item: Leftovers\n|upkeep\n|turn|14\n|\n|t:|1700098252\n|move|p2a: Zero|Parting Shot|p1a: Go2Shell\n|-unboost|p1a: Go2Shell|atk|1\n|-unboost|p1a: Go2Shell|spa|1\n|\n|t:|1700098255\n|switch|p2a: Eclipse|Jolteon, F|100\/100|[from] Parting Shot\n|-damage|p2a: Eclipse|88\/100|[from] Stealth Rock\n|move|p1a: Go2Shell|Earth Power|p2a: Eclipse\n|-supereffective|p2a: Eclipse\n|-damage|p2a: Eclipse|58\/100\n|\n|-weather|SunnyDay|[upkeep]\n|upkeep\n|turn|15\n|inactive|SheldonShellington has 270 seconds left.\n|\n|t:|1700098280\n|switch|p1a: Inshellah|Torterra, F|100\/100\n|move|p2a: Eclipse|Light Screen|p2a: Eclipse\n|-sidestart|p2: BEEESHARPS|move: Light Screen\n|\n|-weather|SunnyDay|[upkeep]\n|upkeep\n|turn|16\n|\n|t:|1700098288\n|move|p2a: Eclipse|Reflect|p2a: Eclipse\n|-sidestart|p2: BEEESHARPS|Reflect\n|move|p1a: Inshellah|Iron Defense|p1a: Inshellah\n|-boost|p1a: Inshellah|def|2\n|\n|-weather|SunnyDay|[upkeep]\n|upkeep\n|turn|17\n|inactive|SheldonShellington has 270 seconds left.\n|\n|t:|1700098314\n|move|p2a: Eclipse|Wish|p2a: Eclipse\n|move|p1a: Inshellah|Iron Defense|p1a: Inshellah\n|-boost|p1a: Inshellah|def|2\n|\n|-weather|SunnyDay|[upkeep]\n|upkeep\n|turn|18\n|\n|t:|1700098337\n|switch|p2a: Zero|Incineroar, F|63\/100\n|-damage|p2a: Zero|39\/100|[from] Stealth Rock\n|-ability|p2a: Zero|Intimidate|boost\n|-unboost|p1a: Inshellah|atk|1\n|move|p1a: Inshellah|Iron Defense|p1a: Inshellah\n|-boost|p1a: Inshellah|def|2\n|\n|-weather|SunnyDay|[upkeep]\n|-heal|p2a: Zero|81\/100|[from] move: Wish|[wisher] Eclipse\n|-heal|p2a: Zero|87\/100|[from] item: Leftovers\n|upkeep\n|turn|19\n|\n|t:|1700098352\n|move|p2a: Zero|Fake Out|p1a: Inshellah\n|-damage|p1a: Inshellah|98\/100\n|-damage|p2a: Zero|71\/100|[from] item: Rocky Helmet|[of] p1a: Inshellah\n|cant|p1a: Inshellah|flinch\n|\n|-weather|none\n|-heal|p2a: Zero|77\/100|[from] item: Leftovers\n|upkeep\n|turn|20\n|\n|t:|1700098361\n|move|p2a: Zero|Parting Shot|p1a: Inshellah\n|-unboost|p1a: Inshellah|atk|1\n|-unboost|p1a: Inshellah|spa|1\n|\n|t:|1700098365\n|switch|p2a: Solaris|Scizor-Mega, F|88\/100|[from] Parting Shot\n|-damage|p2a: Solaris|75\/100|[from] Stealth Rock\n|move|p1a: Inshellah|Body Press|p2a: Solaris\n|-damage|p2a: Solaris|38\/100\n|\n|upkeep\n|turn|21\n|inactive|SheldonShellington has 240 seconds left.\n|\n|t:|1700098390\n|move|p2a: Solaris|X-Scissor|p1a: Inshellah\n|-supereffective|p1a: Inshellah\n|-damage|p1a: Inshellah|82\/100\n|-damage|p2a: Solaris|21\/100|[from] item: Rocky Helmet|[of] p1a: Inshellah\n|move|p1a: Inshellah|Body Press|p2a: Solaris\n|-damage|p2a: Solaris|0 fnt\n|faint|p2a: Solaris\n|\n|upkeep\n|\n|t:|1700098399\n|switch|p2a: Eclipse|Jolteon, F|58\/100\n|-damage|p2a: Eclipse|45\/100|[from] Stealth Rock\n|turn|22\n|\n|t:|1700098407\n|move|p2a: Eclipse|Wish|p2a: Eclipse\n|move|p1a: Inshellah|Body Press|p2a: Eclipse\n|-damage|p2a: Eclipse|0 fnt\n|faint|p2a: Eclipse\n|\n|-sideend|p2: BEEESHARPS|move: Light Screen\n|upkeep\n|\n|t:|1700098413\n|switch|p2a: Zero|Incineroar, F|77\/100\n|-damage|p2a: Zero|52\/100|[from] Stealth Rock\n|-ability|p2a: Zero|Intimidate|boost\n|-unboost|p1a: Inshellah|atk|1\n|turn|23\n|\n|t:|1700098422\n|move|p2a: Zero|Fake Out|p1a: Inshellah\n|-damage|p1a: Inshellah|80\/100\n|-damage|p2a: Zero|35\/100|[from] item: Rocky Helmet|[of] p1a: Inshellah\n|cant|p1a: Inshellah|flinch\n|\n|-heal|p2a: Zero|78\/100|[from] move: Wish|[wisher] Eclipse\n|-heal|p2a: Zero|84\/100|[from] item: Leftovers\n|-sideend|p2: BEEESHARPS|Reflect\n|upkeep\n|turn|24\n|\n|t:|1700098432\n|move|p2a: Zero|Flare Blitz|p1a: Inshellah\n|-supereffective|p1a: Inshellah\n|-damage|p1a: Inshellah|60\/100\n|-damage|p2a: Zero|67\/100|[from] item: Rocky Helmet|[of] p1a: Inshellah\n|-damage|p2a: Zero|61\/100|[from] Recoil\n|move|p1a: Inshellah|Body Press|p2a: Zero\n|-supereffective|p2a: Zero\n|-damage|p2a: Zero|0 fnt\n|faint|p2a: Zero\n|\n|win|SheldonShellington\n|c|\u2606SheldonShellington|GG\n|l|\u2606BEEESHARPS\n","uploadtime":1700098462,"views":43,"p1id":"sheldonshellington","p2id":"beeesharps","formatid":"gen9nationaldex","rating":0,"private":0,"password":""}