{"id":"gen9nationaldex-1989103030","p1":"hideyourpineapples","p2":"Elqnosabena","format":"[Gen 9] National Dex","log":"|j|\u2606hideyourpineapples\n|j|\u2606Elqnosabena\n|t:|1699812494\n|gametype|singles\n|player|p1|hideyourpineapples|ninjaboy|\n|player|p2|Elqnosabena|nate|\n|teamsize|p1|6\n|teamsize|p2|6\n|gen|9\n|tier|[Gen 9] National Dex\n|rule|HP Percentage Mod: HP is shown in percentages\n|rule|Endless Battle Clause: Forcing endless battles is banned\n|rule|OHKO Clause: OHKO moves are banned\n|rule|Evasion Clause: Evasion abilities, items, and moves are banned\n|rule|Evasion Abilities Clause: Evasion abilities are banned\n|rule|Evasion Items Clause: Evasion items are banned\n|rule|Evasion Moves Clause: Evasion moves are banned\n|rule|Species Clause: Limit one of each Pok\u00e9mon\n|rule|Sleep Clause Mod: Limit one foe put to sleep\n|clearpoke\n|poke|p1|Greninja-*, M|\n|poke|p1|Porygon2|\n|poke|p1|Tapu Lele|\n|poke|p1|Landorus-Therian, M|\n|poke|p1|Sceptile, M|\n|poke|p1|Iron Moth|\n|poke|p2|Garganacl, M|\n|poke|p2|Ninetales-Alola, M|\n|poke|p2|Slowking-Galar, F|\n|poke|p2|Ogerpon-Wellspring, F|\n|poke|p2|Gliscor, M|\n|poke|p2|Articuno|\n|teampreview\n|j| Guillarco28\n|\n|t:|1699812535\n|start\n|switch|p1a: Esta muy roto|Iron Moth|100\/100\n|switch|p2a: Hielillo|Ninetales-Alola, M|100\/100\n|-weather|Snow|[from] ability: Snow Warning|[of] p2a: Hielillo\n|-enditem|p1a: Esta muy roto|Booster Energy\n|-activate|p1a: Esta muy roto|ability: Quark Drive|[fromitem]\n|-start|p1a: Esta muy roto|quarkdrivespa\n|turn|1\n|\n|t:|1699812553\n|move|p1a: Esta muy roto|Fiery Dance|p2a: Hielillo\n|-supereffective|p2a: Hielillo\n|-crit|p2a: Hielillo\n|-damage|p2a: Hielillo|0 fnt\n|faint|p2a: Hielillo\n|\n|-weather|Snow|[upkeep]\n|upkeep\n|\n|t:|1699812560\n|switch|p2a: Feo69|Ogerpon-Wellspring, F|100\/100\n|turn|2\n|c|\u2606hideyourpineapples|daba igual el critico\n|c|\u2606hideyourpineapples|blue label\n|c|\u2606hideyourpineapples|xd\n|\n|t:|1699812605\n|-end|p1a: Esta muy roto|Quark Drive|[silent]\n|switch|p1a: Mario bb|Sceptile, M, shiny|100\/100\n|move|p2a: Feo69|Swords Dance|p2a: Feo69\n|-boost|p2a: Feo69|atk|2\n|\n|-weather|Snow|[upkeep]\n|upkeep\n|turn|3\n|\n|t:|1699812616\n|detailschange|p1a: Mario bb|Sceptile-Mega, M, shiny\n|-mega|p1a: Mario bb|Sceptile|Sceptilite\n|move|p1a: Mario bb|Cross Poison|p2a: Feo69\n|-supereffective|p2a: Feo69\n|-damage|p2a: Feo69|48\/100\n|move|p2a: Feo69|Knock Off|p1a: Mario bb\n|-damage|p1a: Mario bb|9\/100\n|\n|-weather|Snow|[upkeep]\n|upkeep\n|turn|4\n|inactive|Battle timer is ON: inactive players will automatically lose when time's up. (requested by hideyourpineapples)\n|inactiveoff|Battle timer is now OFF.\n|c|\u2606hideyourpineapples|uis\n|c|\u2606hideyourpineapples|xd\n|c|\u2606hideyourpineapples|la timidina\n|\n|t:|1699812645\n|move|p1a: Mario bb|Cross Poison|p2a: Feo69\n|-supereffective|p2a: Feo69\n|-damage|p2a: Feo69|0 fnt\n|faint|p2a: Feo69\n|\n|-weather|Snow|[upkeep]\n|upkeep\n|\n|t:|1699812651\n|switch|p2a: Patuculo|Articuno|100\/100\n|-ability|p2a: Patuculo|Pressure\n|turn|5\n|\n|t:|1699812664\n|switch|p1a: Esta muy roto|Iron Moth|100\/100\n|move|p2a: Patuculo|Blizzard|p1a: Esta muy roto\n|-resisted|p1a: Esta muy roto\n|-damage|p1a: Esta muy roto|77\/100\n|\n|-weather|none\n|upkeep\n|turn|6\n|\n|t:|1699812675\n|switch|p2a: El del covid|Gliscor, M|100\/100\n|move|p1a: Esta muy roto|Fiery Dance|p2a: El del covid\n|-damage|p2a: El del covid|47\/100\n|-boost|p1a: Esta muy roto|spa|1\n|\n|-status|p2a: El del covid|tox|[from] item: Toxic Orb\n|upkeep\n|turn|7\n|\n|t:|1699812686\n|move|p2a: El del covid|Protect|p2a: El del covid\n|-singleturn|p2a: El del covid|Protect\n|move|p1a: Esta muy roto|Fiery Dance|p2a: El del covid\n|-activate|p2a: El del covid|move: Protect\n|\n|-heal|p2a: El del covid|60\/100 tox|[from] ability: Poison Heal\n|upkeep\n|turn|8\n|\n|t:|1699812702\n|move|p1a: Esta muy roto|Fiery Dance|p2a: El del covid\n|-damage|p2a: El del covid|0 fnt\n|faint|p2a: El del covid\n|\n|upkeep\n|c|\u2606hideyourpineapples|brr\n|\n|t:|1699812719\n|switch|p2a: Salao|Garganacl, M|100\/100\n|turn|9\n|\n|t:|1699812730\n|-terastallize|p1a: Esta muy roto|Fairy\n|-terastallize|p2a: Salao|Ghost\n|move|p1a: Esta muy roto|Energy Ball|p2a: Salao\n|-damage|p2a: Salao|67\/100\n|move|p2a: Salao|Iron Defense|p2a: Salao\n|-boost|p2a: Salao|def|2\n|\n|-heal|p2a: Salao|74\/100|[from] item: Leftovers\n|upkeep\n|turn|10\n|\n|t:|1699812755\n|-end|p1a: Esta muy roto|Quark Drive|[silent]\n|switch|p1a: Yandeeeel|Landorus-Therian, M|100\/100\n|-ability|p1a: Yandeeeel|Intimidate|boost\n|-unboost|p2a: Salao|atk|1\n|move|p2a: Salao|Body Press|p1a: Yandeeeel\n|-resisted|p1a: Yandeeeel\n|-damage|p1a: Yandeeeel|71\/100\n|-damage|p2a: Salao|57\/100|[from] item: Rocky Helmet|[of] p1a: Yandeeeel\n|\n|-heal|p2a: Salao|63\/100|[from] item: Leftovers\n|upkeep\n|turn|11\n|\n|t:|1699812768\n|move|p1a: Yandeeeel|Knock Off|p2a: Salao\n|-supereffective|p2a: Salao\n|-damage|p2a: Salao|38\/100\n|-enditem|p2a: Salao|Leftovers|[from] move: Knock Off|[of] p1a: Yandeeeel\n|move|p2a: Salao|Salt Cure|p1a: Yandeeeel\n|-damage|p1a: Yandeeeel|60\/100\n|-start|p1a: Yandeeeel|Salt Cure\n|\n|-damage|p1a: Yandeeeel|48\/100|[from] Salt Cure\n|upkeep\n|turn|12\n|c|\u2606hideyourpineapples|YANDEEEEEEL\n|\n|t:|1699812798\n|switch|p1a: Kirbyn't|Tapu Lele|100\/100\n|-fieldstart|move: Psychic Terrain|[from] ability: Psychic Surge|[of] p1a: Kirbyn't\n|move|p2a: Salao|Recover|p2a: Salao\n|-heal|p2a: Salao|88\/100\n|\n|upkeep\n|turn|13\n|\n|t:|1699812843\n|move|p1a: Kirbyn't|Shadow Ball|p2a: Salao\n|-supereffective|p2a: Salao\n|-damage|p2a: Salao|71\/100\n|move|p2a: Salao|Body Press|p1a: Kirbyn't\n|-resisted|p1a: Kirbyn't\n|-damage|p1a: Kirbyn't|82\/100\n|\n|upkeep\n|turn|14\n|\n|t:|1699812854\n|move|p1a: Kirbyn't|Shadow Ball|p2a: Salao\n|-supereffective|p2a: Salao\n|-damage|p2a: Salao|53\/100\n|move|p2a: Salao|Iron Defense|p2a: Salao\n|-boost|p2a: Salao|def|2\n|\n|upkeep\n|turn|15\n|c|\u2606hideyourpineapples|entendible ese da\u00f1o\n|\n|t:|1699812860\n|move|p1a: Kirbyn't|Shadow Ball|p2a: Salao\n|-supereffective|p2a: Salao\n|-damage|p2a: Salao|35\/100\n|move|p2a: Salao|Recover|p2a: Salao\n|-heal|p2a: Salao|85\/100\n|\n|upkeep\n|turn|16\n|\n|t:|1699812866\n|move|p1a: Kirbyn't|Shadow Ball|p2a: Salao\n|-supereffective|p2a: Salao\n|-damage|p2a: Salao|67\/100\n|-unboost|p2a: Salao|spd|1\n|move|p2a: Salao|Salt Cure|p1a: Kirbyn't\n|-damage|p1a: Kirbyn't|67\/100\n|-start|p1a: Kirbyn't|Salt Cure\n|\n|-damage|p1a: Kirbyn't|54\/100|[from] Salt Cure\n|-fieldend|move: Psychic Terrain\n|upkeep\n|turn|17\n|\n|t:|1699812876\n|move|p1a: Kirbyn't|Shadow Ball|p2a: Salao\n|-supereffective|p2a: Salao\n|-damage|p2a: Salao|40\/100\n|-unboost|p2a: Salao|spd|1\n|move|p2a: Salao|Iron Defense|p2a: Salao\n|-boost|p2a: Salao|def|2\n|\n|-damage|p1a: Kirbyn't|42\/100|[from] Salt Cure\n|upkeep\n|turn|18\n|\n|t:|1699812889\n|move|p1a: Kirbyn't|Shadow Ball|p2a: Salao\n|-supereffective|p2a: Salao\n|-damage|p2a: Salao|3\/100\n|move|p2a: Salao|Recover|p2a: Salao\n|-heal|p2a: Salao|53\/100\n|\n|-damage|p1a: Kirbyn't|29\/100|[from] Salt Cure\n|upkeep\n|turn|19\n|\n|t:|1699812917\n|switch|p1a: Esta muy roto|Iron Moth, tera:Fairy|77\/100\n|move|p2a: Salao|Recover|p2a: Salao\n|-heal|p2a: Salao|100\/100\n|\n|upkeep\n|turn|20\n|\n|t:|1699812924\n|move|p1a: Esta muy roto|Fiery Dance|p2a: Salao\n|-damage|p2a: Salao|42\/100\n|-boost|p1a: Esta muy roto|spa|1\n|move|p2a: Salao|Body Press|p1a: Esta muy roto\n|-resisted|p1a: Esta muy roto\n|-damage|p1a: Esta muy roto|0 fnt\n|faint|p1a: Esta muy roto\n|-end|p1a: Esta muy roto|Quark Drive|[silent]\n|\n|upkeep\n|\n|t:|1699812942\n|switch|p1a: La chupona putera|Greninja, M, shiny|100\/100\n|turn|21\n|\n|t:|1699812957\n|move|p1a: La chupona putera|Dark Pulse|p2a: Salao\n|-start|p1a: La chupona putera|typechange|Dark|[from] ability: Protean\n|-supereffective|p2a: Salao\n|-damage|p2a: Salao|0 fnt\n|faint|p2a: Salao\n|-damage|p1a: La chupona putera|91\/100|[from] item: Life Orb\n|\n|upkeep\n|\n|t:|1699812965\n|switch|p2a: 8 de elixir|Slowking-Galar, F|100\/100\n|turn|22\n|\n|t:|1699812976\n|move|p1a: La chupona putera|Dark Pulse|p2a: 8 de elixir\n|-supereffective|p2a: 8 de elixir\n|-damage|p2a: 8 de elixir|27\/100\n|-damage|p1a: La chupona putera|81\/100|[from] item: Life Orb\n|cant|p2a: 8 de elixir|flinch\n|\n|upkeep\n|turn|23\n|\n|t:|1699812985\n|move|p1a: La chupona putera|Dark Pulse|p2a: 8 de elixir\n|-supereffective|p2a: 8 de elixir\n|-damage|p2a: 8 de elixir|0 fnt\n|faint|p2a: 8 de elixir\n|-damage|p1a: La chupona putera|71\/100|[from] item: Life Orb\n|\n|upkeep\n|\n|t:|1699812990\n|switch|p2a: Patuculo|Articuno|100\/100\n|-ability|p2a: Patuculo|Pressure\n|turn|24\n|c|\u2606hideyourpineapples|soy admin, t bajo a ti los puntos\n|\n|t:|1699813009\n|switch|p1a: Pipupipu2|Porygon2|100\/100\n|move|p2a: Patuculo|Air Slash|p1a: Pipupipu2\n|-damage|p1a: Pipupipu2|82\/100\n|\n|upkeep\n|turn|25\n|\n|t:|1699813016\n|move|p2a: Patuculo|Blizzard|p1a: Pipupipu2\n|-damage|p1a: Pipupipu2|50\/100\n|move|p1a: Pipupipu2|Thunderbolt|p2a: Patuculo\n|-supereffective|p2a: Patuculo\n|-crit|p2a: Patuculo\n|-damage|p2a: Patuculo|3\/100\n|\n|upkeep\n|turn|26\n|\n|t:|1699813024\n|move|p2a: Patuculo|Blizzard|p1a: Pipupipu2|[miss]\n|-miss|p2a: Patuculo|p1a: Pipupipu2\n|move|p1a: Pipupipu2|Tri Attack|p2a: Patuculo\n|-damage|p2a: Patuculo|0 fnt\n|faint|p2a: Patuculo\n|\n|win|hideyourpineapples\n","uploadtime":1699813039,"views":14,"p1id":"hideyourpineapples","p2id":"elqnosabena","formatid":"gen9nationaldex","rating":0,"private":0,"password":""}