{"id":"gen9nationaldex-1990064636","p1":"Mankinisurfer","p2":"yanami-go","format":"[Gen 9] National Dex","log":"|j|\u2606Mankinisurfer\n|j|\u2606yanami-go\n|t:|1699920719\n|gametype|singles\n|player|p1|Mankinisurfer|266|1435\n|player|p2|yanami-go|dawn-masters3|1621\n|teamsize|p1|6\n|teamsize|p2|6\n|gen|9\n|tier|[Gen 9] National Dex\n|rated|\n|rule|HP Percentage Mod: HP is shown in percentages\n|rule|Endless Battle Clause: Forcing endless battles is banned\n|rule|OHKO Clause: OHKO moves are banned\n|rule|Evasion Clause: Evasion abilities, items, and moves are banned\n|rule|Evasion Abilities Clause: Evasion abilities are banned\n|rule|Evasion Items Clause: Evasion items are banned\n|rule|Evasion Moves Clause: Evasion moves are banned\n|rule|Species Clause: Limit one of each Pok\u00e9mon\n|rule|Sleep Clause Mod: Limit one foe put to sleep\n|clearpoke\n|poke|p1|Cetitan, M|\n|poke|p1|Scizor, F|\n|poke|p1|Haxorus, F|\n|poke|p1|Ninetales-Alola, M|\n|poke|p1|Blissey, F|\n|poke|p1|Dondozo, F|\n|poke|p2|Ogerpon-Wellspring, F|\n|poke|p2|Ditto|\n|poke|p2|Tapu Koko|\n|poke|p2|Garganacl, M|\n|poke|p2|Zapdos|\n|poke|p2|Dragonite, M|\n|teampreview\n|\n|t:|1699920725\n|start\n|switch|p1a: Ninetales|Ninetales-Alola, M, shiny|100\/100\n|switch|p2a: Garganacl|Garganacl, M|100\/100\n|-weather|Snow|[from] ability: Snow Warning|[of] p1a: Ninetales\n|turn|1\n|\n|t:|1699920728\n|move|p1a: Ninetales|Aurora Veil|p1a: Ninetales\n|-sidestart|p1: Mankinisurfer|move: Aurora Veil\n|move|p2a: Garganacl|Salt Cure|p1a: Ninetales\n|-supereffective|p1a: Ninetales\n|-damage|p1a: Ninetales|87\/100\n|-start|p1a: Ninetales|Salt Cure\n|\n|-weather|Snow|[upkeep]\n|-damage|p1a: Ninetales|75\/100|[from] Salt Cure\n|upkeep\n|turn|2\n|\n|t:|1699920731\n|switch|p1a: Cetitan|Cetitan, M|100\/100\n|move|p2a: Garganacl|Iron Defense|p2a: Garganacl\n|-boost|p2a: Garganacl|def|2\n|\n|-weather|Snow|[upkeep]\n|upkeep\n|turn|3\n|\n|t:|1699920737\n|-terastallize|p1a: Cetitan|Fighting\n|move|p1a: Cetitan|Belly Drum|p1a: Cetitan\n|-damage|p1a: Cetitan|50\/100\n|-setboost|p1a: Cetitan|atk|6|[from] move: Belly Drum\n|-enditem|p1a: Cetitan|Sitrus Berry|[eat]\n|-heal|p1a: Cetitan|75\/100|[from] item: Sitrus Berry\n|move|p2a: Garganacl|Salt Cure|p1a: Cetitan\n|-resisted|p1a: Cetitan\n|-damage|p1a: Cetitan|72\/100\n|-start|p1a: Cetitan|Salt Cure\n|\n|-weather|Snow|[upkeep]\n|-damage|p1a: Cetitan|59\/100|[from] Salt Cure\n|upkeep\n|turn|4\n|\n|t:|1699920750\n|switch|p2a: Zapdos|Zapdos|100\/100\n|-ability|p2a: Zapdos|Pressure\n|move|p1a: Cetitan|Superpower|p2a: Zapdos\n|-resisted|p2a: Zapdos\n|-damage|p2a: Zapdos|23\/100\n|-unboost|p1a: Cetitan|atk|1\n|-unboost|p1a: Cetitan|def|1\n|\n|-weather|Snow|[upkeep]\n|-damage|p1a: Cetitan|47\/100|[from] Salt Cure\n|upkeep\n|turn|5\n|\n|t:|1699920754\n|move|p1a: Cetitan|Ice Spinner|p2a: Zapdos\n|-supereffective|p2a: Zapdos\n|-damage|p2a: Zapdos|0 fnt\n|faint|p2a: Zapdos\n|\n|-weather|Snow|[upkeep]\n|-damage|p1a: Cetitan|34\/100|[from] Salt Cure\n|-sideend|p1: Mankinisurfer|move: Aurora Veil\n|upkeep\n|\n|t:|1699920757\n|switch|p2a: Ditto|Ditto|100\/100\n|-transform|p2a: Ditto|p1a: Cetitan|[from] ability: Imposter\n|-start|p2a: Ditto|typechange|Ice|[silent]\n|turn|6\n|\n|t:|1699920765\n|move|p2a: Ditto|Ice Spinner|p1a: Cetitan\n|-damage|p1a: Cetitan|0 fnt\n|faint|p1a: Cetitan\n|\n|-weather|Snow|[upkeep]\n|upkeep\n|\n|t:|1699920769\n|switch|p1a: Dondozo|Dondozo, F, shiny|100\/100\n|turn|7\n|\n|t:|1699920776\n|switch|p2a: Tapu Koko|Tapu Koko|100\/100\n|-fieldstart|move: Electric Terrain|[from] ability: Electric Surge|[of] p2a: Tapu Koko\n|move|p1a: Dondozo|Liquidation|p2a: Tapu Koko\n|-damage|p2a: Tapu Koko|60\/100\n|\n|-weather|Snow|[upkeep]\n|upkeep\n|turn|8\n|\n|t:|1699920780\n|switch|p1a: Blissey|Blissey, F|100\/100\n|move|p2a: Tapu Koko|Volt Switch|p1a: Blissey\n|-damage|p1a: Blissey|89\/100\n|\n|t:|1699920783\n|switch|p2a: Garganacl|Garganacl, M|100\/100|[from] Volt Switch\n|\n|-weather|none\n|-heal|p1a: Blissey|95\/100|[from] item: Leftovers\n|upkeep\n|turn|9\n|\n|t:|1699920791\n|move|p2a: Garganacl|Salt Cure|p1a: Blissey\n|-damage|p1a: Blissey|80\/100\n|-start|p1a: Blissey|Salt Cure\n|move|p1a: Blissey|Teleport|p1a: Blissey\n|\n|t:|1699920795\n|switch|p1a: Ninetales|Ninetales-Alola, M, shiny|75\/100|[from] Teleport\n|-weather|Snow|[from] ability: Snow Warning|[of] p1a: Ninetales\n|\n|-weather|Snow|[upkeep]\n|upkeep\n|turn|10\n|\n|t:|1699920800\n|move|p1a: Ninetales|Aurora Veil|p1a: Ninetales\n|-sidestart|p1: Mankinisurfer|move: Aurora Veil\n|move|p2a: Garganacl|Salt Cure|p1a: Ninetales\n|-supereffective|p1a: Ninetales\n|-damage|p1a: Ninetales|61\/100\n|-start|p1a: Ninetales|Salt Cure\n|\n|-weather|Snow|[upkeep]\n|-damage|p1a: Ninetales|49\/100|[from] Salt Cure\n|upkeep\n|turn|11\n|\n|t:|1699920802\n|switch|p1a: Haxorus|Haxorus, F, shiny|100\/100\n|-ability|p1a: Haxorus|Mold Breaker\n|move|p2a: Garganacl|Iron Defense|p2a: Garganacl\n|-boost|p2a: Garganacl|def|2\n|\n|-weather|Snow|[upkeep]\n|-fieldend|move: Electric Terrain\n|upkeep\n|turn|12\n|\n|t:|1699920808\n|-terastallize|p2a: Garganacl|Ghost\n|move|p1a: Haxorus|Dragon Dance|p1a: Haxorus\n|-boost|p1a: Haxorus|atk|1\n|-boost|p1a: Haxorus|spe|1\n|move|p2a: Garganacl|Iron Defense|p2a: Garganacl\n|-boost|p2a: Garganacl|def|2\n|\n|-weather|Snow|[upkeep]\n|upkeep\n|turn|13\n|\n|t:|1699920812\n|move|p1a: Haxorus|Dragon Claw|p2a: Garganacl\n|-damage|p2a: Garganacl|83\/100\n|move|p2a: Garganacl|Salt Cure|p1a: Haxorus\n|-damage|p1a: Haxorus|92\/100\n|-start|p1a: Haxorus|Salt Cure\n|\n|-weather|Snow|[upkeep]\n|-heal|p2a: Garganacl|89\/100|[from] item: Leftovers\n|-damage|p1a: Haxorus|80\/100|[from] Salt Cure\n|upkeep\n|turn|14\n|\n|t:|1699920825\n|move|p1a: Haxorus|Dragon Claw|p2a: Garganacl\n|-damage|p2a: Garganacl|72\/100\n|move|p2a: Garganacl|Body Press|p1a: Haxorus\n|-damage|p1a: Haxorus|36\/100\n|\n|-weather|Snow|[upkeep]\n|-heal|p2a: Garganacl|78\/100|[from] item: Leftovers\n|-damage|p1a: Haxorus|24\/100|[from] Salt Cure\n|-sideend|p1: Mankinisurfer|move: Aurora Veil\n|upkeep\n|turn|15\n|\n|t:|1699920830\n|move|p1a: Haxorus|Earthquake|p2a: Garganacl\n|-damage|p2a: Garganacl|64\/100\n|move|p2a: Garganacl|Iron Defense|p2a: Garganacl\n|-boost|p2a: Garganacl|def|2\n|\n|-weather|Snow|[upkeep]\n|-heal|p2a: Garganacl|71\/100|[from] item: Leftovers\n|-damage|p1a: Haxorus|12\/100|[from] Salt Cure\n|upkeep\n|turn|16\n|\n|t:|1699920833\n|move|p1a: Haxorus|Earthquake|p2a: Garganacl\n|-damage|p2a: Garganacl|60\/100\n|move|p2a: Garganacl|Recover|p2a: Garganacl\n|-heal|p2a: Garganacl|100\/100\n|\n|-weather|none\n|-damage|p1a: Haxorus|0 fnt|[from] Salt Cure\n|faint|p1a: Haxorus\n|upkeep\n|\n|t:|1699920834\n|switch|p1a: Dondozo|Dondozo, F, shiny|100\/100\n|turn|17\n|\n|t:|1699920836\n|move|p1a: Dondozo|Curse|p1a: Dondozo\n|-unboost|p1a: Dondozo|spe|1\n|-boost|p1a: Dondozo|atk|1\n|-boost|p1a: Dondozo|def|1\n|move|p2a: Garganacl|Salt Cure|p1a: Dondozo\n|-damage|p1a: Dondozo|96\/100\n|-start|p1a: Dondozo|Salt Cure\n|\n|-damage|p1a: Dondozo|71\/100|[from] Salt Cure\n|upkeep\n|turn|18\n|\n|t:|1699920840\n|switch|p2a: Tapu Koko|Tapu Koko|60\/100\n|-fieldstart|move: Electric Terrain|[from] ability: Electric Surge|[of] p2a: Tapu Koko\n|move|p1a: Dondozo|Curse|p1a: Dondozo\n|-unboost|p1a: Dondozo|spe|1\n|-boost|p1a: Dondozo|atk|1\n|-boost|p1a: Dondozo|def|1\n|\n|-damage|p1a: Dondozo|47\/100|[from] Salt Cure\n|upkeep\n|turn|19\n|\n|t:|1699920844\n|switch|p1a: Blissey|Blissey, F|80\/100\n|move|p2a: Tapu Koko|Volt Switch|p1a: Blissey\n|-damage|p1a: Blissey|68\/100\n|\n|t:|1699920846\n|switch|p2a: Garganacl|Garganacl, M, tera:Ghost|100\/100|[from] Volt Switch\n|\n|-heal|p1a: Blissey|74\/100|[from] item: Leftovers\n|upkeep\n|turn|20\n|\n|t:|1699920851\n|switch|p1a: Dondozo|Dondozo, F, shiny|47\/100\n|move|p2a: Garganacl|Salt Cure|p1a: Dondozo\n|-damage|p1a: Dondozo|41\/100\n|-start|p1a: Dondozo|Salt Cure\n|\n|-damage|p1a: Dondozo|16\/100|[from] Salt Cure\n|upkeep\n|turn|21\n|\n|t:|1699920857\n|move|p2a: Garganacl|Iron Defense|p2a: Garganacl\n|-boost|p2a: Garganacl|def|2\n|move|p1a: Dondozo|Rest||[still]\n|-activate|p1a: Dondozo|move: Electric Terrain\n|-fail|p1a: Dondozo\n|\n|-damage|p1a: Dondozo|0 fnt|[from] Salt Cure\n|faint|p1a: Dondozo\n|upkeep\n|\n|t:|1699920865\n|switch|p1a: Scizor|Scizor, F, shiny|100\/100\n|turn|22\n|\n|t:|1699920868\n|detailschange|p1a: Scizor|Scizor-Mega, F, shiny\n|-mega|p1a: Scizor|Scizor|Scizorite\n|move|p1a: Scizor|Knock Off|p2a: Garganacl\n|-supereffective|p2a: Garganacl\n|-damage|p2a: Garganacl|72\/100\n|-enditem|p2a: Garganacl|Leftovers|[from] move: Knock Off|[of] p1a: Scizor\n|move|p2a: Garganacl|Iron Defense|p2a: Garganacl\n|-boost|p2a: Garganacl|def|2\n|\n|-fieldend|move: Electric Terrain\n|upkeep\n|turn|23\n|\n|t:|1699920872\n|move|p1a: Scizor|Swords Dance|p1a: Scizor\n|-boost|p1a: Scizor|atk|2\n|move|p2a: Garganacl|Salt Cure|p1a: Scizor\n|-damage|p1a: Scizor|88\/100\n|-start|p1a: Scizor|Salt Cure\n|\n|-damage|p1a: Scizor|63\/100|[from] Salt Cure\n|upkeep\n|turn|24\n|\n|t:|1699920874\n|move|p1a: Scizor|Swords Dance|p1a: Scizor\n|-boost|p1a: Scizor|atk|2\n|move|p2a: Garganacl|Iron Defense|p2a: Garganacl\n|-boost|p2a: Garganacl|def|2\n|\n|-damage|p1a: Scizor|39\/100|[from] Salt Cure\n|upkeep\n|turn|25\n|\n|t:|1699920876\n|move|p1a: Scizor|Knock Off|p2a: Garganacl\n|-supereffective|p2a: Garganacl\n|-damage|p2a: Garganacl|43\/100\n|move|p2a: Garganacl|Recover|p2a: Garganacl\n|-heal|p2a: Garganacl|93\/100\n|\n|-damage|p1a: Scizor|14\/100|[from] Salt Cure\n|upkeep\n|turn|26\n|\n|t:|1699920878\n|move|p1a: Scizor|Bullet Punch|p2a: Garganacl\n|-damage|p2a: Garganacl|73\/100\n|move|p2a: Garganacl|Recover|p2a: Garganacl\n|-heal|p2a: Garganacl|100\/100\n|\n|-damage|p1a: Scizor|0 fnt|[from] Salt Cure\n|faint|p1a: Scizor\n|upkeep\n|\n|t:|1699920880\n|switch|p1a: Blissey|Blissey, F|74\/100\n|turn|27\n|\n|t:|1699920883\n|move|p1a: Blissey|Toxic|p2a: Garganacl\n|-immune|p2a: Garganacl|[from] ability: Purifying Salt\n|move|p2a: Garganacl|Body Press|p1a: Blissey\n|-supereffective|p1a: Blissey\n|-damage|p1a: Blissey|0 fnt\n|faint|p1a: Blissey\n|\n|upkeep\n|inactive|Battle timer is ON: inactive players will automatically lose when time's up. (requested by yanami-go)\n|c|\u2606Mankinisurfer|Pok\u00e9mon is so ridiculous how is it allowed in ou\n|-message|Mankinisurfer forfeited.\n|\n|win|yanami-go\n|raw|Mankinisurfer's rating: 1435 &rarr; <strong>1425<\/strong><br \/>(-10 for losing)\n|raw|yanami-go's rating: 1621 &rarr; <strong>1631<\/strong><br \/>(+10 for winning)\n|l|\u2606Mankinisurfer\n|c|\u2606yanami-go|haha\n","uploadtime":1699921236,"views":5,"p1id":"mankinisurfer","p2id":"yanamigo","formatid":"gen9nationaldex","rating":1425,"private":0,"password":""}