{"id":"gen9nationaldex-1993437534","p1":"10RUB","p2":"psng","format":"[Gen 9] National Dex","log":"|j|\u260610RUB\n|j|\u2606psng\n|t:|1700317835\n|gametype|singles\n|player|p1|10RUB|steven|1361\n|player|p2|psng|wallace|1467\n|teamsize|p1|6\n|teamsize|p2|6\n|gen|9\n|tier|[Gen 9] National Dex\n|rated|\n|rule|HP Percentage Mod: HP is shown in percentages\n|rule|Endless Battle Clause: Forcing endless battles is banned\n|rule|OHKO Clause: OHKO moves are banned\n|rule|Evasion Clause: Evasion abilities, items, and moves are banned\n|rule|Evasion Abilities Clause: Evasion abilities are banned\n|rule|Evasion Items Clause: Evasion items are banned\n|rule|Evasion Moves Clause: Evasion moves are banned\n|rule|Species Clause: Limit one of each Pok\u00e9mon\n|rule|Sleep Clause Mod: Limit one foe put to sleep\n|clearpoke\n|poke|p1|Medicham, M|\n|poke|p1|Sliggoo-Hisui, M|\n|poke|p1|Scizor, F|\n|poke|p1|Porygon2|\n|poke|p1|Toxapex, M|\n|poke|p1|Zoroark-Hisui, F|\n|poke|p2|Pelipper, M|\n|poke|p2|Tapu Lele|\n|poke|p2|Swampert, M|\n|poke|p2|Greninja-*, M|\n|poke|p2|Zapdos|\n|poke|p2|Ferrothorn, F|\n|teampreview\n|inactive|Battle timer is ON: inactive players will automatically lose when time's up. (requested by psng)\n|\n|t:|1700317856\n|start\n|switch|p1a: Medicham|Medicham, M|100\/100\n|switch|p2a: Pelipper|Pelipper, M, shiny|100\/100\n|-weather|RainDance|[from] ability: Drizzle|[of] p2a: Pelipper\n|turn|1\n|\n|t:|1700317864\n|switch|p2a: Zapdos|Zapdos, shiny|100\/100\n|detailschange|p1a: Medicham|Medicham-Mega, M\n|-mega|p1a: Medicham|Medicham|Medichamite\n|move|p1a: Medicham|Fake Out|p2a: Zapdos\n|-damage|p2a: Zapdos|85\/100\n|\n|-weather|RainDance|[upkeep]\n|upkeep\n|turn|2\n|\n|t:|1700317873\n|switch|p1a: Sliggoo|Sliggoo-Hisui, M|100\/100\n|move|p2a: Zapdos|U-turn|p1a: Sliggoo\n|-resisted|p1a: Sliggoo\n|-damage|p1a: Sliggoo|95\/100\n|\n|t:|1700317879\n|switch|p2a: Swampert|Swampert, M, shiny|100\/100|[from] U-turn\n|\n|-weather|RainDance|[upkeep]\n|upkeep\n|turn|3\n|\n|t:|1700317894\n|switch|p1a: Scizor|Scizor, F|100\/100\n|detailschange|p2a: Swampert|Swampert-Mega, M, shiny\n|-mega|p2a: Swampert|Swampert|Swampertite\n|move|p2a: Swampert|Flip Turn|p1a: Scizor\n|-damage|p1a: Scizor|44\/100\n|\n|t:|1700317909\n|switch|p2a: Ferrothorn|Ferrothorn, F, shiny|100\/100|[from] Flip Turn\n|\n|-weather|RainDance|[upkeep]\n|-heal|p1a: Scizor|50\/100|[from] item: Leftovers\n|upkeep\n|turn|4\n|\n|t:|1700317917\n|move|p1a: Scizor|Swords Dance|p1a: Scizor\n|-boost|p1a: Scizor|atk|2\n|move|p2a: Ferrothorn|Leech Seed|p1a: Scizor\n|-start|p1a: Scizor|move: Leech Seed\n|\n|-weather|RainDance|[upkeep]\n|-heal|p1a: Scizor|56\/100|[from] item: Leftovers\n|-damage|p1a: Scizor|44\/100|[from] Leech Seed|[of] p2a: Ferrothorn\n|upkeep\n|turn|5\n|\n|t:|1700317923\n|move|p1a: Scizor|Roost|p1a: Scizor\n|-heal|p1a: Scizor|94\/100\n|-singleturn|p1a: Scizor|move: Roost\n|move|p2a: Ferrothorn|Stealth Rock|p1a: Scizor\n|-sidestart|p1: 10RUB|move: Stealth Rock\n|\n|-weather|RainDance|[upkeep]\n|-heal|p1a: Scizor|99\/100|[from] item: Leftovers\n|-damage|p1a: Scizor|87\/100|[from] Leech Seed|[of] p2a: Ferrothorn\n|upkeep\n|turn|6\n|\n|t:|1700317929\n|switch|p2a: Zapdos|Zapdos, shiny|85\/100\n|move|p1a: Scizor|Swords Dance|p1a: Scizor\n|-boost|p1a: Scizor|atk|2\n|\n|-weather|RainDance|[upkeep]\n|-heal|p1a: Scizor|93\/100|[from] item: Leftovers\n|-damage|p1a: Scizor|81\/100|[from] Leech Seed|[of] p2a: Zapdos\n|-heal|p2a: Zapdos|94\/100|[silent]\n|upkeep\n|turn|7\n|\n|t:|1700317937\n|move|p1a: Scizor|Bullet Punch|p2a: Zapdos\n|-resisted|p2a: Zapdos\n|-damage|p2a: Zapdos|54\/100\n|move|p2a: Zapdos|Hurricane|p1a: Scizor\n|-damage|p1a: Scizor|20\/100\n|-start|p1a: Scizor|confusion\n|\n|-weather|RainDance|[upkeep]\n|-heal|p1a: Scizor|26\/100|[from] item: Leftovers\n|-damage|p1a: Scizor|14\/100|[from] Leech Seed|[of] p2a: Zapdos\n|-heal|p2a: Zapdos|63\/100|[silent]\n|upkeep\n|turn|8\n|\n|t:|1700317952\n|switch|p2a: Ferrothorn|Ferrothorn, F, shiny|100\/100\n|-activate|p1a: Scizor|confusion\n|move|p1a: Scizor|Bullet Punch|p2a: Ferrothorn\n|-resisted|p2a: Ferrothorn\n|-damage|p2a: Ferrothorn|62\/100\n|-damage|p1a: Scizor|1\/100|[from] ability: Iron Barbs|[of] p2a: Ferrothorn\n|\n|-weather|none\n|-heal|p1a: Scizor|7\/100|[from] item: Leftovers\n|-heal|p2a: Ferrothorn|68\/100|[from] item: Leftovers\n|-damage|p1a: Scizor|0 fnt|[from] Leech Seed|[of] p2a: Ferrothorn\n|-heal|p2a: Ferrothorn|73\/100|[silent]\n|faint|p1a: Scizor\n|upkeep\n|\n|t:|1700317959\n|switch|p1a: Toxapex|Toxapex, M|100\/100\n|-damage|p1a: Toxapex|88\/100|[from] Stealth Rock\n|turn|9\n|\n|t:|1700317971\n|switch|p2a: Pelipper|Pelipper, M, shiny|100\/100\n|-weather|RainDance|[from] ability: Drizzle|[of] p2a: Pelipper\n|replace|p1a: Zoroark|Zoroark-Hisui, F\n|-end|p1a: Zoroark|Illusion\n|-zpower|p1a: Zoroark\n|move|p1a: Zoroark|Never-Ending Nightmare|p2a: Pelipper|[zeffect]\n|-crit|p2a: Pelipper\n|-damage|p2a: Pelipper|0 fnt\n|faint|p2a: Pelipper\n|\n|-weather|RainDance|[upkeep]\n|upkeep\n|\n|t:|1700317978\n|switch|p2a: Swampert|Swampert-Mega, M, shiny|100\/100\n|turn|10\n|\n|t:|1700317988\n|move|p1a: Zoroark|Shadow Sneak|p2a: Swampert\n|-damage|p2a: Swampert|86\/100\n|move|p2a: Swampert|Liquidation|p1a: Zoroark\n|-damage|p1a: Zoroark|0 fnt\n|faint|p1a: Zoroark\n|\n|-weather|RainDance|[upkeep]\n|upkeep\n|\n|t:|1700317992\n|switch|p1a: Medicham|Medicham-Mega, M|100\/100\n|-damage|p1a: Medicham|94\/100|[from] Stealth Rock\n|turn|11\n|\n|t:|1700317998\n|switch|p2a: Tapu Lele|Tapu Lele, shiny|100\/100\n|-fieldstart|move: Psychic Terrain|[from] ability: Psychic Surge|[of] p2a: Tapu Lele\n|move|p1a: Medicham|Fake Out|p2a: Tapu Lele\n|-activate|p2a: Tapu Lele|move: Psychic Terrain\n|\n|-weather|RainDance|[upkeep]\n|upkeep\n|turn|12\n|\n|t:|1700318015\n|switch|p1a: Sliggoo|Sliggoo-Hisui, M|95\/100\n|-damage|p1a: Sliggoo|89\/100|[from] Stealth Rock\n|move|p2a: Tapu Lele|Psychic|p1a: Sliggoo\n|-resisted|p1a: Sliggoo\n|-damage|p1a: Sliggoo|74\/100\n|\n|-weather|RainDance|[upkeep]\n|upkeep\n|turn|13\n|\n|t:|1700318023\n|switch|p2a: Ferrothorn|Ferrothorn, F, shiny|73\/100\n|move|p1a: Sliggoo|Flash Cannon|p2a: Ferrothorn\n|-resisted|p2a: Ferrothorn\n|-damage|p2a: Ferrothorn|66\/100\n|\n|-weather|RainDance|[upkeep]\n|-heal|p2a: Ferrothorn|72\/100|[from] item: Leftovers\n|upkeep\n|turn|14\n|\n|t:|1700318029\n|switch|p1a: Medicham|Medicham-Mega, M|94\/100\n|-damage|p1a: Medicham|88\/100|[from] Stealth Rock\n|move|p2a: Ferrothorn|Leech Seed|p1a: Medicham\n|-start|p1a: Medicham|move: Leech Seed\n|\n|-weather|RainDance|[upkeep]\n|-heal|p2a: Ferrothorn|78\/100|[from] item: Leftovers\n|-damage|p1a: Medicham|76\/100|[from] Leech Seed|[of] p2a: Ferrothorn\n|-heal|p2a: Ferrothorn|87\/100|[silent]\n|upkeep\n|turn|15\n|\n|t:|1700318038\n|switch|p2a: Swampert|Swampert-Mega, M, shiny|86\/100\n|move|p1a: Medicham|High Jump Kick|p2a: Swampert|[miss]\n|-miss|p1a: Medicham|p2a: Swampert\n|-damage|p1a: Medicham|26\/100|[from] highjumpkick\n|\n|-weather|RainDance|[upkeep]\n|-damage|p1a: Medicham|14\/100|[from] Leech Seed|[of] p2a: Swampert\n|-heal|p2a: Swampert|96\/100|[silent]\n|-fieldend|move: Psychic Terrain\n|upkeep\n|turn|16\n|-message|10RUB forfeited.\n|\n|win|psng\n|raw|10RUB's rating: 1361 &rarr; <strong>1347<\/strong><br \/>(-14 for losing)\n|raw|psng's rating: 1467 &rarr; <strong>1481<\/strong><br \/>(+14 for winning)\n|l|\u260610RUB\n","uploadtime":1700318049,"views":6,"p1id":"10rub","p2id":"psng","formatid":"gen9nationaldex","rating":1347,"private":0,"password":""}