{"id":"gen9nationaldex-1987261121","p1":"Ethan Pokespark","p2":"mannmilk","format":"[Gen 9] National Dex","log":"|j|\u2606Ethan Pokespark\n|j|\u2606mannmilk\n|t:|1699570577\n|gametype|singles\n|player|p1|Ethan Pokespark|ethan|1143\n|player|p2|mannmilk|clown|1176\n|teamsize|p1|6\n|teamsize|p2|6\n|gen|9\n|tier|[Gen 9] National Dex\n|rated|\n|rule|HP Percentage Mod: HP is shown in percentages\n|rule|Endless Battle Clause: Forcing endless battles is banned\n|rule|OHKO Clause: OHKO moves are banned\n|rule|Evasion Clause: Evasion abilities, items, and moves are banned\n|rule|Evasion Abilities Clause: Evasion abilities are banned\n|rule|Evasion Items Clause: Evasion items are banned\n|rule|Evasion Moves Clause: Evasion moves are banned\n|rule|Species Clause: Limit one of each Pok\u00e9mon\n|rule|Sleep Clause Mod: Limit one foe put to sleep\n|clearpoke\n|poke|p1|Inteleon, M|\n|poke|p1|Ambipom, M|\n|poke|p1|Frosmoth, F|\n|poke|p1|Donphan, M|\n|poke|p1|Talonflame, F|\n|poke|p1|Tinkaton, F|\n|poke|p2|Cinderace, F|\n|poke|p2|Tapu Koko|\n|poke|p2|Hoopa-Unbound|\n|poke|p2|Manectric, M|\n|poke|p2|Drifblim, F|\n|poke|p2|Pyukumuku, M|\n|teampreview\n|\n|t:|1699570586\n|start\n|switch|p1a: Roll|Donphan, M|100\/100\n|switch|p2a: Manectric|Manectric, M|100\/100\n|turn|1\n|\n|t:|1699570596\n|detailschange|p2a: Manectric|Manectric-Mega, M\n|-mega|p2a: Manectric|Manectric|Manectite\n|-ability|p2a: Manectric|Intimidate|boost\n|-unboost|p1a: Roll|atk|1\n|move|p2a: Manectric|Magnet Rise|p2a: Manectric\n|-start|p2a: Manectric|Magnet Rise\n|move|p1a: Roll|Stealth Rock|p2a: Manectric\n|-sidestart|p2: mannmilk|move: Stealth Rock\n|\n|upkeep\n|turn|2\n|inactive|Battle timer is ON: inactive players will automatically lose when time's up. (requested by mannmilk)\n|\n|t:|1699570622\n|move|p2a: Manectric|Flamethrower|p1a: Roll\n|-damage|p1a: Roll|56\/100\n|move|p1a: Roll|Rapid Spin|p2a: Manectric\n|-damage|p2a: Manectric|83\/100\n|-boost|p1a: Roll|spe|1\n|\n|upkeep\n|turn|3\n|\n|t:|1699570630\n|move|p1a: Roll|Ice Shard|p2a: Manectric\n|-damage|p2a: Manectric|69\/100\n|move|p2a: Manectric|Flamethrower|p1a: Roll\n|-damage|p1a: Roll|14\/100\n|\n|upkeep\n|turn|4\n|\n|t:|1699570638\n|move|p1a: Roll|Ice Shard|p2a: Manectric\n|-damage|p2a: Manectric|54\/100\n|move|p2a: Manectric|Flamethrower|p1a: Roll\n|-crit|p1a: Roll\n|-damage|p1a: Roll|0 fnt\n|faint|p1a: Roll\n|\n|upkeep\n|\n|t:|1699570644\n|switch|p1a: Smile|Ambipom, M|100\/100\n|turn|5\n|\n|t:|1699570648\n|move|p1a: Smile|Fake Out|p2a: Manectric\n|-damage|p2a: Manectric|16\/100\n|cant|p2a: Manectric|flinch\n|\n|-end|p2a: Manectric|Magnet Rise\n|upkeep\n|turn|6\n|\n|t:|1699570651\n|move|p2a: Manectric|Volt Switch|p1a: Smile\n|-damage|p1a: Smile|60\/100\n|\n|t:|1699570657\n|switch|p2a: Tapu Koko|Tapu Koko|100\/100|[from] Volt Switch\n|-damage|p2a: Tapu Koko|88\/100|[from] Stealth Rock\n|-fieldstart|move: Electric Terrain|[from] ability: Electric Surge|[of] p2a: Tapu Koko\n|move|p1a: Smile|Trailblaze|p2a: Tapu Koko\n|-damage|p2a: Tapu Koko|63\/100\n|-boost|p1a: Smile|spe|1\n|\n|upkeep\n|turn|7\n|\n|t:|1699570672\n|move|p1a: Smile|Trailblaze|p2a: Tapu Koko\n|-damage|p2a: Tapu Koko|39\/100\n|-boost|p1a: Smile|spe|1\n|move|p2a: Tapu Koko|Volt Switch|p1a: Smile\n|-damage|p1a: Smile|28\/100\n|\n|t:|1699570687\n|switch|p2a: Drifblim|Drifblim, F|100\/100|[from] Volt Switch\n|-damage|p2a: Drifblim|75\/100|[from] Stealth Rock\n|-enditem|p2a: Drifblim|Electric Seed\n|-boost|p2a: Drifblim|def|1|[from] item: Electric Seed\n|\n|upkeep\n|turn|8\n|\n|t:|1699570692\n|move|p1a: Smile|Thunder Punch|p2a: Drifblim\n|-supereffective|p2a: Drifblim\n|-damage|p2a: Drifblim|32\/100\n|move|p2a: Drifblim|Strength Sap|p1a: Smile\n|-unboost|p1a: Smile|atk|1\n|-heal|p2a: Drifblim|95\/100\n|\n|upkeep\n|turn|9\n|\n|t:|1699570706\n|switch|p1a: Saya|Frosmoth, F|100\/100\n|move|p2a: Drifblim|Calm Mind|p2a: Drifblim\n|-boost|p2a: Drifblim|spa|1\n|-boost|p2a: Drifblim|spd|1\n|\n|upkeep\n|turn|10\n|\n|t:|1699570715\n|move|p2a: Drifblim|Thunderbolt|p1a: Saya\n|-damage|p1a: Saya|46\/100\n|move|p1a: Saya|Ice Beam|p2a: Drifblim\n|-supereffective|p2a: Drifblim\n|-damage|p2a: Drifblim|18\/100\n|\n|upkeep\n|turn|11\n|\n|t:|1699570727\n|move|p2a: Drifblim|Thunderbolt|p1a: Saya\n|-damage|p1a: Saya|0 fnt\n|faint|p1a: Saya\n|\n|upkeep\n|\n|t:|1699570732\n|switch|p1a: Habashira|Inteleon, M|100\/100\n|turn|12\n|\n|t:|1699570737\n|move|p2a: Drifblim|Thunderbolt|p1a: Habashira\n|-supereffective|p1a: Habashira\n|-damage|p1a: Habashira|0 fnt\n|faint|p1a: Habashira\n|\n|upkeep\n|\n|t:|1699570743\n|switch|p1a: Amy|Tinkaton, F|100\/100\n|-ability|p1a: Amy|Mold Breaker\n|turn|13\n|\n|t:|1699570746\n|move|p2a: Drifblim|Strength Sap|p1a: Amy\n|-unboost|p1a: Amy|atk|1\n|-heal|p2a: Drifblim|70\/100\n|move|p1a: Amy|Knock Off|p2a: Drifblim\n|-supereffective|p2a: Drifblim\n|-damage|p2a: Drifblim|53\/100\n|\n|-fieldend|move: Electric Terrain\n|upkeep\n|turn|14\n|\n|t:|1699570753\n|move|p2a: Drifblim|Strength Sap|p1a: Amy\n|-unboost|p1a: Amy|atk|1\n|-heal|p2a: Drifblim|88\/100\n|move|p1a: Amy|Knock Off|p2a: Drifblim\n|-supereffective|p2a: Drifblim\n|-damage|p2a: Drifblim|75\/100\n|\n|upkeep\n|turn|15\n|\n|t:|1699570759\n|switch|p1a: Smile|Ambipom, M|28\/100\n|move|p2a: Drifblim|Calm Mind|p2a: Drifblim\n|-boost|p2a: Drifblim|spa|1\n|-boost|p2a: Drifblim|spd|1\n|\n|upkeep\n|turn|16\n|\n|t:|1699570762\n|move|p2a: Drifblim|Strength Sap|p1a: Smile\n|-unboost|p1a: Smile|atk|1\n|-heal|p2a: Drifblim|100\/100\n|move|p1a: Smile|Thunder Punch|p2a: Drifblim\n|-supereffective|p2a: Drifblim\n|-damage|p2a: Drifblim|77\/100\n|\n|upkeep\n|turn|17\n|\n|t:|1699570766\n|move|p2a: Drifblim|Strength Sap|p1a: Smile\n|-unboost|p1a: Smile|atk|1\n|-heal|p2a: Drifblim|100\/100\n|move|p1a: Smile|Thunder Punch|p2a: Drifblim\n|-supereffective|p2a: Drifblim\n|-damage|p2a: Drifblim|84\/100\n|\n|upkeep\n|turn|18\n|c|\u2606mannmilk|lol\n|\n|t:|1699570773\n|move|p2a: Drifblim|Thunderbolt|p1a: Smile\n|-damage|p1a: Smile|0 fnt\n|faint|p1a: Smile\n|\n|upkeep\n|\n|t:|1699570775\n|switch|p1a: Betel|Talonflame, F|100\/100\n|turn|19\n|\n|t:|1699570792\n|-terastallize|p1a: Betel|Grass\n|move|p1a: Betel|Brave Bird|p2a: Drifblim\n|-damage|p2a: Drifblim|51\/100\n|-damage|p1a: Betel|83\/100|[from] Recoil\n|move|p2a: Drifblim|Thunderbolt|p1a: Betel\n|-resisted|p1a: Betel\n|-damage|p1a: Betel|39\/100\n|\n|upkeep\n|turn|20\n|\n|t:|1699570798\n|move|p2a: Drifblim|Shadow Ball|p1a: Betel\n|-damage|p1a: Betel|0 fnt\n|faint|p1a: Betel\n|\n|upkeep\n|\n|t:|1699570800\n|switch|p1a: Amy|Tinkaton, F|100\/100\n|-ability|p1a: Amy|Mold Breaker\n|turn|21\n|\n|t:|1699570803\n|move|p2a: Drifblim|Strength Sap|p1a: Amy\n|-unboost|p1a: Amy|atk|1\n|-heal|p2a: Drifblim|100\/100\n|move|p1a: Amy|Gigaton Hammer|p2a: Drifblim\n|-crit|p2a: Drifblim\n|-damage|p2a: Drifblim|4\/100\n|\n|upkeep\n|turn|22\n|\n|t:|1699570806\n|move|p2a: Drifblim|Strength Sap|p1a: Amy\n|-unboost|p1a: Amy|atk|1\n|-heal|p2a: Drifblim|39\/100\n|move|p1a: Amy|Knock Off|p2a: Drifblim\n|-supereffective|p2a: Drifblim\n|-damage|p2a: Drifblim|28\/100\n|\n|upkeep\n|turn|23\n|\n|t:|1699570810\n|move|p2a: Drifblim|Strength Sap|p1a: Amy\n|-unboost|p1a: Amy|atk|1\n|-heal|p2a: Drifblim|54\/100\n|move|p1a: Amy|Gigaton Hammer|p2a: Drifblim\n|-damage|p2a: Drifblim|34\/100\n|\n|upkeep\n|turn|24\n|\n|t:|1699570813\n|move|p2a: Drifblim|Shadow Ball|p1a: Amy\n|-damage|p1a: Amy|25\/100\n|move|p1a: Amy|Knock Off|p2a: Drifblim\n|-supereffective|p2a: Drifblim\n|-damage|p2a: Drifblim|23\/100\n|\n|upkeep\n|turn|25\n|\n|t:|1699570816\n|move|p2a: Drifblim|Shadow Ball|p1a: Amy\n|-damage|p1a: Amy|0 fnt\n|faint|p1a: Amy\n|\n|win|mannmilk\n|raw|Ethan Pokespark's rating: 1143 &rarr; <strong>1120<\/strong><br \/>(-23 for losing)\n|raw|mannmilk's rating: 1176 &rarr; <strong>1199<\/strong><br \/>(+23 for winning)\n|l|\u2606Ethan Pokespark\n","uploadtime":1699570822,"views":4,"p1id":"ethanpokespark","p2id":"mannmilk","formatid":"gen9nationaldex","rating":1120,"private":0,"password":""}