{"id":"gen9nationaldex-1996194327","p1":"yinglunII","p2":"XYStarshine.\u661f\u8000","format":"[Gen 9] National Dex","log":"|html|<div class=\"broadcast-blue\"><strong>[Gen 9] National Dex is currently suspecting Sneasler! For information on how to participate check out the <a href=\"https:\/\/www.smogon.com\/forums\/threads\/sv-national-dex-suspect-8-just-dance.3731534\/\">suspect thread<\/a>.<\/strong><\/div>\n|j|\u2606yinglunII\n|j|\u2606XYStarshine.\u661f\u8000\n|t:|1700657610\n|gametype|singles\n|player|p1|yinglunII|volkner|1540\n|player|p2|XYStarshine.\u661f\u8000|psychic-lgpe|1637\n|teamsize|p1|6\n|teamsize|p2|6\n|gen|9\n|tier|[Gen 9] National Dex\n|rated|\n|rule|HP Percentage Mod: HP is shown in percentages\n|rule|Endless Battle Clause: Forcing endless battles is banned\n|rule|OHKO Clause: OHKO moves are banned\n|rule|Evasion Clause: Evasion abilities, items, and moves are banned\n|rule|Evasion Abilities Clause: Evasion abilities are banned\n|rule|Evasion Items Clause: Evasion items are banned\n|rule|Evasion Moves Clause: Evasion moves are banned\n|rule|Species Clause: Limit one of each Pok\u00e9mon\n|rule|Sleep Clause Mod: Limit one foe put to sleep\n|clearpoke\n|poke|p1|Aegislash, F|\n|poke|p1|Hydreigon, F|\n|poke|p1|Garchomp, F|\n|poke|p1|Slowking, F|\n|poke|p1|Urshifu-*, M|\n|poke|p1|Rillaboom, M|\n|poke|p2|Greninja-*, M|\n|poke|p2|Tornadus-Therian, M|\n|poke|p2|Iron Valiant|\n|poke|p2|Banette, F|\n|poke|p2|Volcanion|\n|poke|p2|Serperior, F|\n|teampreview\n|\n|t:|1700657640\n|start\n|switch|p1a: Garchomp|Garchomp, F|100\/100\n|switch|p2a: Greninja|Greninja, M|100\/100\n|turn|1\n|\n|t:|1700657646\n|switch|p1a: Slowking|Slowking, F|100\/100\n|move|p2a: Greninja|Ice Beam|p1a: Slowking\n|-resisted|p1a: Slowking\n|-damage|p1a: Slowking|88\/100\n|-status|p1a: Slowking|frz\n|\n|upkeep\n|turn|2\n|c|\u2606XYStarshine.\u661f\u8000|sry\n|c|\u2606yinglunII|nb\n|\n|t:|1700657665\n|switch|p2a: Serperior|Serperior, F, shiny|100\/100\n|switch|p1a: Rillaboom|Rillaboom, M|100\/100\n|-fieldstart|move: Grassy Terrain|[from] ability: Grassy Surge|[of] p1a: Rillaboom\n|\n|upkeep\n|turn|3\n|\n|t:|1700657668\n|move|p2a: Serperior|Glare|p1a: Rillaboom\n|-status|p1a: Rillaboom|par\n|cant|p1a: Rillaboom|par\n|\n|upkeep\n|turn|4\n|c|\u2606XYStarshine.\u661f\u8000|\u2026\u2026\n|c|\u2606XYStarshine.\u661f\u8000|sry\n|\n|t:|1700657683\n|move|p2a: Serperior|Substitute|p2a: Serperior\n|-start|p2a: Serperior|Substitute\n|-damage|p2a: Serperior|76\/100\n|move|p1a: Rillaboom|U-turn|p2a: Serperior\n|-supereffective|p2a: Serperior\n|-end|p2a: Serperior|Substitute\n|c|\u2606yinglunII|abababq\n|\n|t:|1700657698\n|switch|p1a: Hydreigon|Hydreigon, F|100\/100|[from] U-turn\n|\n|-heal|p2a: Serperior|82\/100|[from] Grassy Terrain\n|-heal|p2a: Serperior|88\/100|[from] item: Leftovers\n|upkeep\n|turn|5\n|\n|t:|1700657704\n|move|p2a: Serperior|Glare|p1a: Hydreigon\n|-status|p1a: Hydreigon|par\n|move|p1a: Hydreigon|Dark Pulse|p2a: Serperior\n|-damage|p2a: Serperior|31\/100\n|\n|-heal|p2a: Serperior|37\/100|[from] Grassy Terrain\n|-heal|p2a: Serperior|43\/100|[from] item: Leftovers\n|upkeep\n|turn|6\n|\n|t:|1700657709\n|switch|p2a: Iron Valiant|Iron Valiant, shiny|100\/100\n|-enditem|p2a: Iron Valiant|Booster Energy\n|-activate|p2a: Iron Valiant|ability: Quark Drive|[fromitem]\n|-start|p2a: Iron Valiant|quarkdrivespe\n|move|p1a: Hydreigon|Dark Pulse|p2a: Iron Valiant\n|-resisted|p2a: Iron Valiant\n|-damage|p2a: Iron Valiant|79\/100\n|\n|-heal|p2a: Iron Valiant|86\/100|[from] Grassy Terrain\n|-fieldend|move: Grassy Terrain\n|upkeep\n|turn|7\n|\n|t:|1700657716\n|switch|p1a: Slowking|Slowking, F|100\/100 frz\n|move|p2a: Iron Valiant|Swords Dance|p2a: Iron Valiant\n|-boost|p2a: Iron Valiant|atk|2\n|\n|upkeep\n|turn|8\n|\n|t:|1700657720\n|move|p2a: Iron Valiant|Knock Off|p1a: Slowking\n|-supereffective|p1a: Slowking\n|-damage|p1a: Slowking|0 fnt\n|-enditem|p1a: Slowking|Heavy-Duty Boots|[from] move: Knock Off|[of] p2a: Iron Valiant\n|faint|p1a: Slowking\n|\n|upkeep\n|\n|t:|1700657723\n|switch|p1a: Rillaboom|Rillaboom, M|100\/100 par\n|-fieldstart|move: Grassy Terrain|[from] ability: Grassy Surge|[of] p1a: Rillaboom\n|turn|9\n|\n|t:|1700657727\n|-terastallize|p2a: Iron Valiant|Steel\n|move|p1a: Rillaboom|Grassy Glide|p2a: Iron Valiant\n|-resisted|p2a: Iron Valiant\n|-damage|p2a: Iron Valiant|49\/100\n|move|p2a: Iron Valiant|Close Combat|p1a: Rillaboom\n|-damage|p1a: Rillaboom|0 fnt\n|-unboost|p2a: Iron Valiant|def|1\n|-unboost|p2a: Iron Valiant|spd|1\n|faint|p1a: Rillaboom\n|\n|-heal|p2a: Iron Valiant|55\/100|[from] Grassy Terrain\n|upkeep\n|\n|t:|1700657733\n|switch|p1a: Aegislash|Aegislash, F|100\/100\n|turn|10\n|\n|t:|1700657738\n|-end|p2a: Iron Valiant|Quark Drive|[silent]\n|switch|p2a: Greninja|Greninja, M|100\/100\n|-terastallize|p1a: Aegislash|Steel\n|-formechange|p1a: Aegislash|Aegislash-Blade||[from] ability: Stance Change\n|move|p1a: Aegislash|Sacred Sword|p2a: Greninja\n|-supereffective|p2a: Greninja\n|-crit|p2a: Greninja\n|-damage|p2a: Greninja|0 fnt\n|faint|p2a: Greninja\n|\n|upkeep\n|\n|t:|1700657745\n|switch|p2a: Iron Valiant|Iron Valiant, shiny, tera:Steel|55\/100\n|turn|11\n|\n|t:|1700657748\n|move|p2a: Iron Valiant|Close Combat|p1a: Aegislash\n|-supereffective|p1a: Aegislash\n|-damage|p1a: Aegislash|0 fnt\n|-unboost|p2a: Iron Valiant|def|1\n|-unboost|p2a: Iron Valiant|spd|1\n|faint|p1a: Aegislash\n|\n|-heal|p2a: Iron Valiant|61\/100|[from] Grassy Terrain\n|upkeep\n|\n|t:|1700657757\n|switch|p1a: Urshifu|Urshifu-Rapid-Strike, M|100\/100\n|turn|12\n|\n|t:|1700657762\n|-end|p2a: Iron Valiant|Quark Drive|[silent]\n|switch|p2a: Volcanion|Volcanion|100\/100\n|move|p1a: Urshifu|Trailblaze|p2a: Volcanion\n|-damage|p2a: Volcanion|80\/100\n|-boost|p1a: Urshifu|spe|1\n|\n|-heal|p2a: Volcanion|86\/100|[from] Grassy Terrain\n|upkeep\n|turn|13\n|\n|t:|1700657769\n|move|p1a: Urshifu|Close Combat|p2a: Volcanion\n|-damage|p2a: Volcanion|33\/100\n|-unboost|p1a: Urshifu|def|1\n|-unboost|p1a: Urshifu|spd|1\n|move|p2a: Volcanion|Steam Eruption|p1a: Urshifu\n|-resisted|p1a: Urshifu\n|-damage|p1a: Urshifu|31\/100\n|\n|-heal|p1a: Urshifu|37\/100|[from] Grassy Terrain\n|-heal|p2a: Volcanion|39\/100|[from] Grassy Terrain\n|-fieldend|move: Grassy Terrain\n|upkeep\n|turn|14\n|\n|t:|1700657780\n|switch|p2a: Banette|Banette, F, shiny|100\/100\n|-item|p1a: Urshifu|Protective Pads|[from] ability: Frisk|[of] p2a: Banette|[identify]\n|move|p1a: Urshifu|Close Combat|p2a: Banette\n|-immune|p2a: Banette\n|\n|upkeep\n|turn|15\n|\n|t:|1700657783\n|switch|p1a: Hydreigon|Hydreigon, F|100\/100 par\n|detailschange|p2a: Banette|Banette-Mega, F, shiny\n|-mega|p2a: Banette|Banette|Banettite\n|move|p2a: Banette|Encore|p1a: Hydreigon\n|-hint|Since gen 7, Dark is immune to Prankster moves.\n|-immune|p1a: Hydreigon\n|\n|upkeep\n|turn|16\n|\n|t:|1700657789\n|switch|p2a: Tornadus|Tornadus-Therian, M, shiny|100\/100\n|move|p1a: Hydreigon|Earth Power|p2a: Tornadus\n|-immune|p2a: Tornadus\n|\n|upkeep\n|turn|17\n|\n|t:|1700657794\n|move|p2a: Tornadus|Bleakwind Storm|p1a: Hydreigon\n|-damage|p1a: Hydreigon|57\/100 par\n|move|p1a: Hydreigon|Earth Power|p2a: Tornadus\n|-immune|p2a: Tornadus\n|\n|-heal|p1a: Hydreigon|63\/100 par|[from] item: Leftovers\n|upkeep\n|turn|18\n|\n|t:|1700657798\n|move|p2a: Tornadus|Bleakwind Storm|p1a: Hydreigon\n|-damage|p1a: Hydreigon|20\/100 par\n|move|p1a: Hydreigon|Roost|p1a: Hydreigon\n|-heal|p1a: Hydreigon|70\/100 par\n|-singleturn|p1a: Hydreigon|move: Roost\n|\n|-heal|p1a: Hydreigon|76\/100 par|[from] item: Leftovers\n|upkeep\n|turn|19\n|\n|t:|1700657801\n|move|p2a: Tornadus|Bleakwind Storm|p1a: Hydreigon\n|-damage|p1a: Hydreigon|32\/100 par\n|cant|p1a: Hydreigon|par\n|\n|-heal|p1a: Hydreigon|38\/100 par|[from] item: Leftovers\n|upkeep\n|turn|20\n|\n|t:|1700657804\n|move|p2a: Tornadus|Bleakwind Storm|p1a: Hydreigon\n|-damage|p1a: Hydreigon|0 fnt\n|faint|p1a: Hydreigon\n|\n|upkeep\n|c|\u2606XYStarshine.\u661f\u8000|sry\n|\n|t:|1700657808\n|switch|p1a: Garchomp|Garchomp, F|100\/100\n|turn|21\n|\n|t:|1700657815\n|move|p2a: Tornadus|U-turn|p1a: Garchomp\n|-damage|p1a: Garchomp|85\/100\n|-damage|p2a: Tornadus|88\/100|[from] ability: Rough Skin|[of] p1a: Garchomp\n|\n|t:|1700657817\n|switch|p2a: Volcanion|Volcanion|39\/100|[from] U-turn\n|-zpower|p1a: Garchomp\n|move|p1a: Garchomp|Devastating Drake|p2a: Volcanion|[zeffect]\n|-damage|p2a: Volcanion|0 fnt\n|faint|p2a: Volcanion\n|\n|upkeep\n|\n|t:|1700657841\n|switch|p2a: Tornadus|Tornadus-Therian, M, shiny|100\/100\n|turn|22\n|\n|t:|1700657846\n|move|p2a: Tornadus|Bleakwind Storm|p1a: Garchomp|[miss]\n|-miss|p2a: Tornadus|p1a: Garchomp\n|move|p1a: Garchomp|Outrage|p2a: Tornadus\n|-damage|p2a: Tornadus|20\/100\n|\n|upkeep\n|turn|23\n|\n|t:|1700657849\n|move|p2a: Tornadus|Bleakwind Storm|p1a: Garchomp\n|-damage|p1a: Garchomp|35\/100\n|move|p1a: Garchomp|Outrage|p2a: Tornadus|[from]lockedmove\n|-damage|p2a: Tornadus|0 fnt\n|faint|p2a: Tornadus\n|\n|upkeep\n|\n|t:|1700657856\n|switch|p2a: Serperior|Serperior, F, shiny|43\/100\n|turn|24\n|\n|t:|1700657858\n|move|p2a: Serperior|Leaf Storm|p1a: Garchomp\n|-damage|p1a: Garchomp|0 fnt\n|-boost|p2a: Serperior|spa|2\n|faint|p1a: Garchomp\n|\n|-heal|p2a: Serperior|50\/100|[from] item: Leftovers\n|upkeep\n|\n|t:|1700657861\n|switch|p1a: Urshifu|Urshifu-Rapid-Strike, M|37\/100\n|turn|25\n|\n|t:|1700657864\n|move|p2a: Serperior|Leaf Storm|p1a: Urshifu\n|-supereffective|p1a: Urshifu\n|-damage|p1a: Urshifu|0 fnt\n|-boost|p2a: Serperior|spa|2\n|faint|p1a: Urshifu\n|\n|win|XYStarshine.\u661f\u8000\n|raw|yinglunII's rating: 1540 &rarr; <strong>1525<\/strong><br \/>(-15 for losing)\n|raw|XYStarshine.\u661f\u8000's rating: 1637 &rarr; <strong>1652<\/strong><br \/>(+15 for winning)\n|c|\u2606yinglunII|gg\n|l|\u2606yinglunII\n","uploadtime":1700657875,"views":0,"p1id":"yinglunii","p2id":"xystarshine","formatid":"gen9nationaldex","rating":1525,"private":0,"password":""}