{"id":"gen9nationaldex-1994688347","p1":"baigu2","p2":"wqdong","format":"[Gen 9] National Dex","log":"|html|<div class=\"broadcast-blue\"><strong>[Gen 9] National Dex is currently suspecting Sneasler! For information on how to participate check out the <a href=\"https:\/\/www.smogon.com\/forums\/threads\/sv-national-dex-suspect-8-just-dance.3731534\/\">suspect thread<\/a>.<\/strong><\/div>\n|j|\u2606baigu2\n|j|\u2606wqdong\n|t:|1700481243\n|gametype|singles\n|player|p1|baigu2|101|1841\n|player|p2|wqdong|rosa|1730\n|teamsize|p1|6\n|teamsize|p2|6\n|gen|9\n|tier|[Gen 9] National Dex\n|rated|\n|rule|HP Percentage Mod: HP is shown in percentages\n|rule|Endless Battle Clause: Forcing endless battles is banned\n|rule|OHKO Clause: OHKO moves are banned\n|rule|Evasion Clause: Evasion abilities, items, and moves are banned\n|rule|Evasion Abilities Clause: Evasion abilities are banned\n|rule|Evasion Items Clause: Evasion items are banned\n|rule|Evasion Moves Clause: Evasion moves are banned\n|rule|Species Clause: Limit one of each Pok\u00e9mon\n|rule|Sleep Clause Mod: Limit one foe put to sleep\n|clearpoke\n|poke|p1|Ursaluna, M|\n|poke|p1|Dragonite, M|\n|poke|p1|Slowking, F|\n|poke|p1|Tapu Koko|\n|poke|p1|Hoopa-Unbound|\n|poke|p1|Great Tusk|\n|poke|p2|Alomomola, M|\n|poke|p2|Ogerpon-Wellspring, F|\n|poke|p2|Tapu Lele|\n|poke|p2|Bisharp, M|\n|poke|p2|Landorus-Therian, M|\n|poke|p2|Sneasler, M|\n|teampreview\n|inactive|Battle timer is ON: inactive players will automatically lose when time's up. (requested by wqdong)\n|\n|t:|1700481270\n|start\n|switch|p1a: Great Tusk|Great Tusk|100\/100\n|switch|p2a: Tapu Lele|Tapu Lele|100\/100\n|-fieldstart|move: Psychic Terrain|[from] ability: Psychic Surge|[of] p2a: Tapu Lele\n|turn|1\n|\n|t:|1700481276\n|-end|p1a: Great Tusk|Protosynthesis|[silent]\n|switch|p1a: Slowking|Slowking, F|100\/100\n|move|p2a: Tapu Lele|Moonblast|p1a: Slowking\n|-damage|p1a: Slowking|53\/100\n|-unboost|p1a: Slowking|spa|1\n|\n|upkeep\n|turn|2\n|\n|t:|1700481301\n|move|p2a: Tapu Lele|Moonblast|p1a: Slowking\n|-damage|p1a: Slowking|8\/100\n|-unboost|p1a: Slowking|spa|1\n|move|p1a: Slowking|Teleport|p1a: Slowking\n|\n|t:|1700481307\n|switch|p1a: Ursaluna|Ursaluna, M|100\/100|[from] Teleport\n|\n|-status|p1a: Ursaluna|brn|[from] item: Flame Orb\n|upkeep\n|turn|3\n|\n|t:|1700481320\n|switch|p2a: Bisharp|Bisharp, M|100\/100\n|move|p1a: Ursaluna|Facade|p2a: Bisharp\n|-resisted|p2a: Bisharp\n|-damage|p2a: Bisharp|52\/100\n|\n|-damage|p1a: Ursaluna|94\/100 brn|[from] brn\n|upkeep\n|turn|4\n|\n|t:|1700481334\n|switch|p1a: Great Tusk|Great Tusk|100\/100\n|move|p2a: Bisharp|Knock Off|p1a: Great Tusk\n|-resisted|p1a: Great Tusk\n|-damage|p1a: Great Tusk|84\/100\n|-enditem|p1a: Great Tusk|Heavy-Duty Boots|[from] move: Knock Off|[of] p2a: Bisharp\n|\n|upkeep\n|turn|5\n|\n|t:|1700481342\n|switch|p2a: Alomomola|Alomomola, M|100\/100\n|move|p1a: Great Tusk|Stealth Rock|p2a: Alomomola\n|-sidestart|p2: wqdong|move: Stealth Rock\n|\n|-fieldend|move: Psychic Terrain\n|upkeep\n|turn|6\n|\n|t:|1700481350\n|-end|p1a: Great Tusk|Protosynthesis|[silent]\n|switch|p1a: Tapu Koko|Tapu Koko|100\/100\n|-fieldstart|move: Electric Terrain|[from] ability: Electric Surge|[of] p1a: Tapu Koko\n|move|p2a: Alomomola|Flip Turn|p1a: Tapu Koko\n|-damage|p1a: Tapu Koko|77\/100\n|\n|t:|1700481357\n|switch|p2a: Landorus|Landorus-Therian, M|100\/100|[from] Flip Turn\n|-damage|p2a: Landorus|88\/100|[from] Stealth Rock\n|-ability|p2a: Landorus|Intimidate|boost\n|-unboost|p1a: Tapu Koko|atk|1\n|\n|upkeep\n|turn|7\n|\n|t:|1700481381\n|switch|p1a: Dragonite|Dragonite, M|100\/100\n|move|p2a: Landorus|Earthquake|p1a: Dragonite\n|-immune|p1a: Dragonite\n|\n|upkeep\n|turn|8\n|\n|t:|1700481387\n|switch|p2a: Alomomola|Alomomola, M|100\/100\n|-damage|p2a: Alomomola|88\/100|[from] Stealth Rock\n|move|p1a: Dragonite|Dual Wingbeat|p2a: Alomomola\n|-damage|p2a: Alomomola|68\/100\n|-damage|p1a: Dragonite|84\/100|[from] item: Rocky Helmet|[of] p2a: Alomomola\n|-damage|p2a: Alomomola|47\/100\n|-damage|p1a: Dragonite|67\/100|[from] item: Rocky Helmet|[of] p2a: Alomomola\n|-hitcount|p2a: Alomomola|2\n|\n|upkeep\n|turn|9\n|\n|t:|1700481399\n|switch|p1a: Hoopa|Hoopa-Unbound|100\/100\n|move|p2a: Alomomola|Wish|p2a: Alomomola\n|\n|upkeep\n|turn|10\n|\n|t:|1700481408\n|switch|p2a: Bisharp|Bisharp, M|52\/100\n|-damage|p2a: Bisharp|46\/100|[from] Stealth Rock\n|-zpower|p1a: Hoopa\n|move|p1a: Hoopa|All-Out Pummeling|p2a: Bisharp|[zeffect]\n|-supereffective|p2a: Bisharp\n|-damage|p2a: Bisharp|0 fnt\n|faint|p2a: Bisharp\n|\n|-fieldend|move: Electric Terrain\n|upkeep\n|\n|t:|1700481419\n|switch|p2a: Landorus|Landorus-Therian, M|88\/100\n|-damage|p2a: Landorus|76\/100|[from] Stealth Rock\n|-ability|p2a: Landorus|Intimidate|boost\n|-unboost|p1a: Hoopa|atk|1\n|turn|11\n|\n|t:|1700481434\n|switch|p1a: Tapu Koko|Tapu Koko|77\/100\n|-fieldstart|move: Electric Terrain|[from] ability: Electric Surge|[of] p1a: Tapu Koko\n|move|p2a: Landorus|Defog|p1a: Tapu Koko\n|-unboost|p1a: Tapu Koko|evasion|1\n|-sideend|p2: wqdong|Stealth Rock|[from] move: Defog|[of] p2a: Landorus\n|-fieldend|move: Electric Terrain\n|\n|upkeep\n|turn|12\n|\n|t:|1700481444\n|switch|p2a: Tapu Lele|Tapu Lele|100\/100\n|-fieldstart|move: Psychic Terrain|[from] ability: Psychic Surge|[of] p2a: Tapu Lele\n|move|p1a: Tapu Koko|U-turn|p2a: Tapu Lele\n|-damage|p2a: Tapu Lele|75\/100\n|inactive|baigu2 has 120 seconds left.\n|\n|t:|1700481498\n|switch|p1a: Ursaluna|Ursaluna, M|94\/100 brn|[from] U-turn\n|\n|-damage|p1a: Ursaluna|88\/100 brn|[from] brn\n|upkeep\n|turn|13\n|\n|t:|1700481504\n|move|p2a: Tapu Lele|Focus Blast|p1a: Ursaluna|[miss]\n|-miss|p2a: Tapu Lele|p1a: Ursaluna\n|move|p1a: Ursaluna|Facade|p2a: Tapu Lele\n|-damage|p2a: Tapu Lele|0 fnt\n|faint|p2a: Tapu Lele\n|\n|-damage|p1a: Ursaluna|82\/100 brn|[from] brn\n|upkeep\n|\n|t:|1700481513\n|switch|p2a: Sneasler|Sneasler, M|100\/100\n|-enditem|p2a: Sneasler|Psychic Seed\n|-boost|p2a: Sneasler|spd|1|[from] item: Psychic Seed\n|turn|14\n|inactive|baigu2 has 120 seconds left.\n|\n|t:|1700481537\n|switch|p1a: Tapu Koko|Tapu Koko|77\/100\n|-fieldstart|move: Electric Terrain|[from] ability: Electric Surge|[of] p1a: Tapu Koko\n|move|p2a: Sneasler|Close Combat|p1a: Tapu Koko\n|-resisted|p1a: Tapu Koko\n|-damage|p1a: Tapu Koko|29\/100\n|-unboost|p2a: Sneasler|def|1\n|-unboost|p2a: Sneasler|spd|1\n|\n|upkeep\n|turn|15\n|\n|t:|1700481546\n|switch|p1a: Hoopa|Hoopa-Unbound|100\/100\n|move|p2a: Sneasler|Acrobatics|p1a: Hoopa\n|-crit|p1a: Hoopa\n|-damage|p1a: Hoopa|0 fnt\n|faint|p1a: Hoopa\n|\n|upkeep\n|\n|t:|1700481552\n|switch|p1a: Dragonite|Dragonite, M|67\/100\n|turn|16\n|\n|t:|1700481557\n|-terastallize|p1a: Dragonite|Normal\n|move|p1a: Dragonite|Extreme Speed|p2a: Sneasler\n|-damage|p2a: Sneasler|0 fnt\n|faint|p2a: Sneasler\n|\n|upkeep\n|\n|t:|1700481567\n|switch|p2a: Alomomola|Alomomola, M|80\/100\n|turn|17\n|\n|t:|1700481581\n|switch|p1a: Slowking|Slowking, F|41\/100\n|move|p2a: Alomomola|Flip Turn|p1a: Slowking\n|-resisted|p1a: Slowking\n|-damage|p1a: Slowking|33\/100\n|\n|t:|1700481586\n|switch|p2a: Ogerpon|Ogerpon-Wellspring, F|100\/100|[from] Flip Turn\n|\n|upkeep\n|turn|18\n|\n|t:|1700481591\n|switch|p1a: Great Tusk|Great Tusk|84\/100\n|move|p2a: Ogerpon|Taunt|p1a: Great Tusk\n|-start|p1a: Great Tusk|move: Taunt\n|\n|-fieldend|move: Electric Terrain\n|upkeep\n|turn|19\n|\n|t:|1700481597\n|move|p2a: Ogerpon|Ivy Cudgel|p1a: Great Tusk|[anim] Ivy Cudgel Water\n|-supereffective|p1a: Great Tusk\n|-damage|p1a: Great Tusk|6\/100\n|move|p1a: Great Tusk|Ice Spinner|p2a: Ogerpon\n|-damage|p2a: Ogerpon|61\/100\n|\n|upkeep\n|turn|20\n|\n|t:|1700481604\n|move|p2a: Ogerpon|Horn Leech|p1a: Great Tusk\n|-supereffective|p1a: Great Tusk\n|-damage|p1a: Great Tusk|0 fnt\n|-heal|p2a: Ogerpon|64\/100|[from] drain|[of] p1a: Great Tusk\n|faint|p1a: Great Tusk\n|-end|p1a: Great Tusk|Protosynthesis|[silent]\n|\n|upkeep\n|\n|t:|1700481606\n|switch|p1a: Tapu Koko|Tapu Koko|29\/100\n|-fieldstart|move: Electric Terrain|[from] ability: Electric Surge|[of] p1a: Tapu Koko\n|turn|21\n|\n|t:|1700481613\n|switch|p2a: Landorus|Landorus-Therian, M|76\/100\n|-ability|p2a: Landorus|Intimidate|boost\n|-unboost|p1a: Tapu Koko|atk|1\n|move|p1a: Tapu Koko|U-turn|p2a: Landorus\n|-resisted|p2a: Landorus\n|-damage|p2a: Landorus|69\/100\n|\n|t:|1700481617\n|switch|p1a: Slowking|Slowking, F|66\/100|[from] U-turn\n|\n|upkeep\n|turn|22\n|\n|t:|1700481624\n|move|p2a: Landorus|U-turn|p1a: Slowking\n|-supereffective|p1a: Slowking\n|-damage|p1a: Slowking|14\/100\n|\n|t:|1700481630\n|switch|p2a: Ogerpon|Ogerpon-Wellspring, F|64\/100|[from] U-turn\n|move|p1a: Slowking|Trick Room|p1a: Slowking\n|-fieldstart|move: Trick Room|[of] p1a: Slowking\n|\n|upkeep\n|turn|23\n|\n|t:|1700481638\n|move|p2a: Ogerpon|Horn Leech|p1a: Slowking\n|-supereffective|p1a: Slowking\n|-damage|p1a: Slowking|0 fnt\n|-heal|p2a: Ogerpon|73\/100|[from] drain|[of] p1a: Slowking\n|faint|p1a: Slowking\n|\n|upkeep\n|\n|t:|1700481639\n|switch|p1a: Ursaluna|Ursaluna, M|82\/100 brn\n|turn|24\n|\n|t:|1700481653\n|switch|p2a: Landorus|Landorus-Therian, M|69\/100\n|-ability|p2a: Landorus|Intimidate|boost\n|-unboost|p1a: Ursaluna|atk|1\n|move|p1a: Ursaluna|Facade|p2a: Landorus\n|-damage|p2a: Landorus|0 fnt\n|faint|p2a: Landorus\n|\n|-damage|p1a: Ursaluna|75\/100 brn|[from] brn\n|upkeep\n|\n|t:|1700481663\n|switch|p2a: Alomomola|Alomomola, M|100\/100\n|turn|25\n|\n|t:|1700481668\n|move|p2a: Alomomola|Protect|p2a: Alomomola\n|-singleturn|p2a: Alomomola|Protect\n|move|p1a: Ursaluna|Facade|p2a: Alomomola\n|-activate|p2a: Alomomola|move: Protect\n|\n|-damage|p1a: Ursaluna|69\/100 brn|[from] brn\n|-fieldend|move: Electric Terrain\n|upkeep\n|turn|26\n|\n|t:|1700481676\n|move|p1a: Ursaluna|Facade|p2a: Alomomola\n|-damage|p2a: Alomomola|46\/100\n|-damage|p1a: Ursaluna|53\/100 brn|[from] item: Rocky Helmet|[of] p2a: Alomomola\n|move|p2a: Alomomola|Flip Turn|p1a: Ursaluna\n|-supereffective|p1a: Ursaluna\n|-damage|p1a: Ursaluna|29\/100 brn\n|\n|t:|1700481683\n|switch|p2a: Ogerpon|Ogerpon-Wellspring, F|73\/100|[from] Flip Turn\n|\n|-damage|p1a: Ursaluna|23\/100 brn|[from] brn\n|-fieldend|move: Trick Room\n|upkeep\n|turn|27\n|\n|t:|1700481688\n|move|p2a: Ogerpon|Horn Leech|p1a: Ursaluna\n|-supereffective|p1a: Ursaluna\n|-damage|p1a: Ursaluna|0 fnt\n|-heal|p2a: Ogerpon|91\/100|[from] drain|[of] p1a: Ursaluna\n|faint|p1a: Ursaluna\n|\n|upkeep\n|\n|t:|1700481696\n|switch|p1a: Dragonite|Dragonite, M, tera:Normal|67\/100\n|turn|28\n|\n|t:|1700481699\n|switch|p2a: Alomomola|Alomomola, M|80\/100\n|move|p1a: Dragonite|Extreme Speed|p2a: Alomomola\n|-crit|p2a: Alomomola\n|-damage|p2a: Alomomola|21\/100\n|-damage|p1a: Dragonite|51\/100|[from] item: Rocky Helmet|[of] p2a: Alomomola\n|\n|upkeep\n|turn|29\n|inactive|wqdong has 120 seconds left.\n|\n|t:|1700481733\n|move|p1a: Dragonite|Extreme Speed|p2a: Alomomola\n|-damage|p2a: Alomomola|0 fnt\n|-damage|p1a: Dragonite|34\/100|[from] item: Rocky Helmet|[of] p2a: Alomomola\n|faint|p2a: Alomomola\n|\n|upkeep\n|inactive|wqdong has 120 seconds left.\n|\n|t:|1700481738\n|switch|p2a: Ogerpon|Ogerpon-Wellspring, F|91\/100\n|turn|30\n|\n|t:|1700481742\n|move|p1a: Dragonite|Extreme Speed|p2a: Ogerpon\n|-damage|p2a: Ogerpon|0 fnt\n|faint|p2a: Ogerpon\n|\n|win|baigu2\n|raw|baigu2's rating: 1841 &rarr; <strong>1855<\/strong><br \/>(+14 for winning)\n|raw|wqdong's rating: 1730 &rarr; <strong>1716<\/strong><br \/>(-14 for losing)\n","uploadtime":1700481748,"views":1,"p1id":"baigu2","p2id":"wqdong","formatid":"gen9nationaldex","rating":1716,"private":0,"password":""}