{"id":"gen9nationaldex-1996098778","p1":"TrivagoGuy","p2":"Richie2016","format":"[Gen 9] National Dex","log":"|html|<div class=\"broadcast-blue\"><strong>[Gen 9] National Dex is currently suspecting Sneasler! For information on how to participate check out the <a href=\"https:\/\/www.smogon.com\/forums\/threads\/sv-national-dex-suspect-8-just-dance.3731534\/\">suspect thread<\/a>.<\/strong><\/div>\n|j|\u2606TrivagoGuy\n|j|\u2606Richie2016\n|t:|1700643865\n|gametype|singles\n|player|p1|TrivagoGuy|ruinmaniac|1563\n|player|p2|Richie2016|cynthia|1511\n|teamsize|p1|6\n|teamsize|p2|6\n|gen|9\n|tier|[Gen 9] National Dex\n|rated|\n|rule|HP Percentage Mod: HP is shown in percentages\n|rule|Endless Battle Clause: Forcing endless battles is banned\n|rule|OHKO Clause: OHKO moves are banned\n|rule|Evasion Clause: Evasion abilities, items, and moves are banned\n|rule|Evasion Abilities Clause: Evasion abilities are banned\n|rule|Evasion Items Clause: Evasion items are banned\n|rule|Evasion Moves Clause: Evasion moves are banned\n|rule|Species Clause: Limit one of each Pok\u00e9mon\n|rule|Sleep Clause Mod: Limit one foe put to sleep\n|clearpoke\n|poke|p1|Golisopod, F|\n|poke|p1|Skarmory, F|\n|poke|p1|Seismitoad, M|\n|poke|p1|Pelipper, F|\n|poke|p1|Volcanion|\n|poke|p1|Diancie|\n|poke|p2|Lopunny, F|\n|poke|p2|Alomomola, F|\n|poke|p2|Moltres|\n|poke|p2|Ferrothorn, F|\n|poke|p2|Gliscor, F|\n|poke|p2|Greninja-*, M|\n|teampreview\n|\n|t:|1700643883\n|start\n|switch|p1a: Pelipper|Pelipper, F|100\/100\n|switch|p2a: Lopunny|Lopunny, F, shiny|100\/100\n|-weather|RainDance|[from] ability: Drizzle|[of] p1a: Pelipper\n|turn|1\n|\n|t:|1700643891\n|detailschange|p2a: Lopunny|Lopunny-Mega, F, shiny\n|-mega|p2a: Lopunny|Lopunny|Lopunnite\n|move|p2a: Lopunny|Fake Out|p1a: Pelipper\n|-damage|p1a: Pelipper|79\/100\n|cant|p1a: Pelipper|flinch\n|\n|-weather|RainDance|[upkeep]\n|upkeep\n|turn|2\n|inactive|Battle timer is ON: inactive players will automatically lose when time's up. (requested by Richie2016)\n|\n|t:|1700643902\n|move|p2a: Lopunny|U-turn|p1a: Pelipper\n|-resisted|p1a: Pelipper\n|-damage|p1a: Pelipper|65\/100\n|\n|t:|1700643915\n|switch|p2a: Alomomola|Alomomola, F|100\/100|[from] U-turn\n|move|p1a: Pelipper|Weather Ball|p2a: Alomomola\n|-resisted|p2a: Alomomola\n|-damage|p2a: Alomomola|69\/100\n|\n|-weather|RainDance|[upkeep]\n|upkeep\n|turn|3\n|\n|t:|1700643924\n|move|p1a: Pelipper|Hurricane|p2a: Alomomola\n|-damage|p2a: Alomomola|27\/100\n|move|p2a: Alomomola|Flip Turn|p1a: Pelipper\n|-resisted|p1a: Pelipper\n|-damage|p1a: Pelipper|51\/100\n|\n|t:|1700643930\n|switch|p2a: Lopunny|Lopunny-Mega, F, shiny|100\/100|[from] Flip Turn\n|\n|-weather|RainDance|[upkeep]\n|upkeep\n|turn|4\n|\n|t:|1700643934\n|switch|p1a: Golisopod|Golisopod, F|100\/100\n|move|p2a: Lopunny|Fake Out|p1a: Golisopod\n|-damage|p1a: Golisopod|86\/100\n|\n|-weather|RainDance|[upkeep]\n|upkeep\n|turn|5\n|\n|t:|1700643945\n|switch|p2a: Ferrothorn|Ferrothorn, F, shiny|100\/100\n|move|p1a: Golisopod|First Impression|p2a: Ferrothorn\n|-damage|p2a: Ferrothorn|68\/100\n|-damage|p1a: Golisopod|73\/100|[from] ability: Iron Barbs|[of] p2a: Ferrothorn\n|\n|-weather|none\n|-heal|p2a: Ferrothorn|74\/100|[from] item: Leftovers\n|upkeep\n|turn|6\n|inactive|TrivagoGuy has 120 seconds left.\n|\n|t:|1700643976\n|move|p1a: Golisopod|Close Combat|p2a: Ferrothorn\n|-supereffective|p2a: Ferrothorn\n|-damage|p2a: Ferrothorn|19\/100\n|-unboost|p1a: Golisopod|def|1\n|-unboost|p1a: Golisopod|spd|1\n|-damage|p1a: Golisopod|61\/100|[from] ability: Iron Barbs|[of] p2a: Ferrothorn\n|move|p2a: Ferrothorn|Power Whip|p1a: Golisopod|[miss]\n|-miss|p2a: Ferrothorn|p1a: Golisopod\n|\n|-heal|p2a: Ferrothorn|25\/100|[from] item: Leftovers\n|upkeep\n|turn|7\n|\n|t:|1700643988\n|move|p2a: Ferrothorn|Protect|p2a: Ferrothorn\n|-singleturn|p2a: Ferrothorn|Protect\n|move|p1a: Golisopod|Close Combat|p2a: Ferrothorn\n|-activate|p2a: Ferrothorn|move: Protect\n|\n|-heal|p2a: Ferrothorn|32\/100|[from] item: Leftovers\n|upkeep\n|turn|8\n|\n|t:|1700643994\n|switch|p2a: Moltres|Moltres|100\/100\n|move|p1a: Golisopod|Close Combat|p2a: Moltres\n|-resisted|p2a: Moltres\n|-damage|p2a: Moltres|84\/100\n|-unboost|p1a: Golisopod|def|1\n|-unboost|p1a: Golisopod|spd|1\n|\n|upkeep\n|turn|9\n|\n|t:|1700644003\n|switch|p1a: Pelipper|Pelipper, F|51\/100\n|-weather|RainDance|[from] ability: Drizzle|[of] p1a: Pelipper\n|move|p2a: Moltres|Mystical Fire|p1a: Pelipper\n|-resisted|p1a: Pelipper\n|-damage|p1a: Pelipper|41\/100\n|-unboost|p1a: Pelipper|spa|1\n|\n|-weather|RainDance|[upkeep]\n|upkeep\n|turn|10\n|\n|t:|1700644012\n|switch|p2a: Alomomola|Alomomola, F|60\/100\n|move|p1a: Pelipper|Weather Ball|p2a: Alomomola\n|-resisted|p2a: Alomomola\n|-damage|p2a: Alomomola|39\/100\n|\n|-weather|RainDance|[upkeep]\n|upkeep\n|turn|11\n|\n|t:|1700644018\n|move|p1a: Pelipper|Hurricane|p2a: Alomomola\n|-damage|p2a: Alomomola|7\/100\n|-start|p2a: Alomomola|confusion\n|-activate|p2a: Alomomola|confusion\n|-damage|p2a: Alomomola|3\/100|[from] confusion\n|\n|-weather|RainDance|[upkeep]\n|upkeep\n|turn|12\n|\n|t:|1700644031\n|-end|p2a: Alomomola|confusion\n|move|p2a: Alomomola|Protect|p2a: Alomomola\n|-singleturn|p2a: Alomomola|Protect\n|move|p1a: Pelipper|Weather Ball|p2a: Alomomola\n|-activate|p2a: Alomomola|move: Protect\n|\n|-weather|RainDance|[upkeep]\n|upkeep\n|turn|13\n|\n|t:|1700644046\n|switch|p2a: Gliscor|Gliscor, F, shiny|100\/100\n|move|p1a: Pelipper|Hurricane|p2a: Gliscor\n|-damage|p2a: Gliscor|70\/100\n|\n|-weather|none\n|-status|p2a: Gliscor|tox|[from] item: Toxic Orb\n|upkeep\n|turn|14\n|\n|t:|1700644055\n|move|p2a: Gliscor|Stealth Rock|p1a: Pelipper\n|-sidestart|p1: TrivagoGuy|move: Stealth Rock\n|move|p1a: Pelipper|Ice Beam|p2a: Gliscor\n|-supereffective|p2a: Gliscor\n|-damage|p2a: Gliscor|4\/100 tox\n|\n|-heal|p2a: Gliscor|16\/100 tox|[from] ability: Poison Heal\n|upkeep\n|turn|15\n|c|\u2606TrivagoGuy|Thats crazy\n|\n|t:|1700644077\n|move|p2a: Gliscor|Roost|p2a: Gliscor\n|-heal|p2a: Gliscor|66\/100 tox\n|-singleturn|p2a: Gliscor|move: Roost\n|move|p1a: Pelipper|Defog|p2a: Gliscor\n|-unboost|p2a: Gliscor|evasion|1\n|-sideend|p1: TrivagoGuy|Stealth Rock|[from] move: Defog|[of] p1a: Pelipper\n|\n|-heal|p2a: Gliscor|79\/100 tox|[from] ability: Poison Heal\n|upkeep\n|turn|16\n|\n|t:|1700644087\n|move|p2a: Gliscor|Toxic|p1a: Pelipper\n|-status|p1a: Pelipper|tox\n|move|p1a: Pelipper|Ice Beam|p2a: Gliscor\n|-supereffective|p2a: Gliscor\n|-damage|p2a: Gliscor|15\/100 tox\n|\n|-heal|p2a: Gliscor|27\/100 tox|[from] ability: Poison Heal\n|-damage|p1a: Pelipper|35\/100 tox|[from] psn\n|upkeep\n|turn|17\n|\n|t:|1700644097\n|move|p2a: Gliscor|Roost|p2a: Gliscor\n|-heal|p2a: Gliscor|77\/100 tox\n|-singleturn|p2a: Gliscor|move: Roost\n|move|p1a: Pelipper|Ice Beam|p2a: Gliscor\n|-supereffective|p2a: Gliscor\n|-damage|p2a: Gliscor|45\/100 tox\n|\n|-heal|p2a: Gliscor|58\/100 tox|[from] ability: Poison Heal\n|-damage|p1a: Pelipper|22\/100 tox|[from] psn\n|upkeep\n|turn|18\n|\n|t:|1700644105\n|move|p2a: Gliscor|Roost|p2a: Gliscor\n|-heal|p2a: Gliscor|100\/100 tox\n|-singleturn|p2a: Gliscor|move: Roost\n|move|p1a: Pelipper|Ice Beam|p2a: Gliscor\n|-supereffective|p2a: Gliscor\n|-damage|p2a: Gliscor|70\/100 tox\n|\n|-heal|p2a: Gliscor|83\/100 tox|[from] ability: Poison Heal\n|-damage|p1a: Pelipper|4\/100 tox|[from] psn\n|upkeep\n|turn|19\n|\n|t:|1700644113\n|switch|p1a: Skarmory|Skarmory, F|100\/100\n|move|p2a: Gliscor|Stealth Rock|p1a: Skarmory\n|-sidestart|p1: TrivagoGuy|move: Stealth Rock\n|\n|-heal|p2a: Gliscor|95\/100 tox|[from] ability: Poison Heal\n|upkeep\n|turn|20\n|\n|t:|1700644121\n|switch|p2a: Alomomola|Alomomola, F|36\/100\n|move|p1a: Skarmory|Swords Dance|p1a: Skarmory\n|-boost|p1a: Skarmory|atk|2\n|\n|upkeep\n|turn|21\n|\n|t:|1700644130\n|switch|p2a: Moltres|Moltres|84\/100\n|move|p1a: Skarmory|Drill Peck|p2a: Moltres\n|-damage|p2a: Moltres|32\/100\n|\n|upkeep\n|turn|22\n|\n|t:|1700644140\n|switch|p1a: Golisopod|Golisopod, F|61\/100\n|-damage|p1a: Golisopod|36\/100|[from] Stealth Rock\n|-activate|p1a: Golisopod|ability: Emergency Exit\n|\n|t:|1700644143\n|switch|p1a: Pelipper|Pelipper, F|4\/100 tox\n|-weather|RainDance|[from] ability: Drizzle|[of] p1a: Pelipper\n|-terastallize|p2a: Moltres|Steel\n|move|p2a: Moltres|Roost|p2a: Moltres\n|-heal|p2a: Moltres|82\/100\n|\n|-weather|RainDance|[upkeep]\n|-damage|p1a: Pelipper|0 fnt|[from] psn\n|faint|p1a: Pelipper\n|upkeep\n|\n|t:|1700644151\n|switch|p1a: Diancie|Diancie|100\/100\n|-damage|p1a: Diancie|88\/100|[from] Stealth Rock\n|turn|23\n|\n|t:|1700644164\n|switch|p2a: Gliscor|Gliscor, F, shiny|95\/100 tox\n|move|p1a: Diancie|Trick Room|p1a: Diancie\n|-fieldstart|move: Trick Room|[of] p1a: Diancie\n|\n|-weather|RainDance|[upkeep]\n|-heal|p2a: Gliscor|100\/100 tox|[from] ability: Poison Heal\n|upkeep\n|turn|24\n|\n|t:|1700644172\n|move|p1a: Diancie|Diamond Storm|p2a: Gliscor\n|-crit|p2a: Gliscor\n|-damage|p2a: Gliscor|24\/100 tox\n|-boost|p1a: Diancie|def|2\n|-damage|p1a: Diancie|78\/100|[from] item: Life Orb\n|move|p2a: Gliscor|Earthquake|p1a: Diancie\n|-supereffective|p1a: Diancie\n|-damage|p1a: Diancie|51\/100\n|\n|-weather|RainDance|[upkeep]\n|-heal|p2a: Gliscor|37\/100 tox|[from] ability: Poison Heal\n|upkeep\n|turn|25\n|\n|t:|1700644189\n|switch|p2a: Alomomola|Alomomola, F|69\/100\n|move|p1a: Diancie|Diamond Storm|p2a: Alomomola|[miss]\n|-miss|p1a: Diancie|p2a: Alomomola\n|\n|-weather|RainDance|[upkeep]\n|upkeep\n|turn|26\n|\n|t:|1700644195\n|move|p2a: Alomomola|Wish|p2a: Alomomola\n|move|p1a: Diancie|Explosion|p2a: Alomomola\n|-damage|p2a: Alomomola|12\/100\n|faint|p1a: Diancie\n|\n|-weather|none\n|upkeep\n|\n|t:|1700644207\n|switch|p1a: Seismitoad|Seismitoad, M|100\/100\n|-damage|p1a: Seismitoad|94\/100|[from] Stealth Rock\n|turn|27\n|\n|t:|1700644215\n|move|p2a: Alomomola|Flip Turn|p1a: Seismitoad\n|-heal|p1a: Seismitoad|100\/100|[from] ability: Water Absorb|[of] p2a: Alomomola\n|move|p1a: Seismitoad|Substitute|p1a: Seismitoad\n|-start|p1a: Seismitoad|Substitute\n|-damage|p1a: Seismitoad|76\/100\n|\n|-heal|p2a: Alomomola|62\/100|[from] move: Wish|[wisher] Alomomola\n|-heal|p1a: Seismitoad|82\/100|[from] item: Leftovers\n|-fieldend|move: Trick Room\n|upkeep\n|turn|28\n|\n|t:|1700644236\n|switch|p2a: Ferrothorn|Ferrothorn, F, shiny|32\/100\n|move|p1a: Seismitoad|Toxic|p2a: Ferrothorn\n|-immune|p2a: Ferrothorn\n|\n|-heal|p1a: Seismitoad|88\/100|[from] item: Leftovers\n|-heal|p2a: Ferrothorn|38\/100|[from] item: Leftovers\n|upkeep\n|turn|29\n|\n|t:|1700644245\n|switch|p2a: Alomomola|Alomomola, F|95\/100\n|move|p1a: Seismitoad|Earth Power|p2a: Alomomola\n|-damage|p2a: Alomomola|72\/100\n|\n|-heal|p1a: Seismitoad|94\/100|[from] item: Leftovers\n|upkeep\n|turn|30\n|\n|t:|1700644252\n|move|p1a: Seismitoad|Earth Power|p2a: Alomomola\n|-damage|p2a: Alomomola|46\/100\n|move|p2a: Alomomola|Wish|p2a: Alomomola\n|\n|-heal|p1a: Seismitoad|99\/100|[from] item: Leftovers\n|upkeep\n|turn|31\n|\n|t:|1700644257\n|switch|p2a: Ferrothorn|Ferrothorn, F, shiny|38\/100\n|move|p1a: Seismitoad|Scald|p2a: Ferrothorn\n|-resisted|p2a: Ferrothorn\n|-damage|p2a: Ferrothorn|29\/100\n|\n|-heal|p2a: Ferrothorn|96\/100|[from] move: Wish|[wisher] Alomomola\n|-heal|p1a: Seismitoad|100\/100|[from] item: Leftovers\n|-heal|p2a: Ferrothorn|100\/100|[from] item: Leftovers\n|upkeep\n|turn|32\n|\n|t:|1700644266\n|switch|p1a: Skarmory|Skarmory, F|100\/100\n|-damage|p1a: Skarmory|88\/100|[from] Stealth Rock\n|move|p2a: Ferrothorn|Power Whip|p1a: Skarmory\n|-resisted|p1a: Skarmory\n|-damage|p1a: Skarmory|81\/100\n|-ability|p1a: Skarmory|Weak Armor|boost\n|-unboost|p1a: Skarmory|def|1\n|-boost|p1a: Skarmory|spe|2\n|\n|upkeep\n|turn|33\n|\n|t:|1700644279\n|switch|p2a: Moltres|Moltres, tera:Steel|82\/100\n|move|p1a: Skarmory|Swords Dance|p1a: Skarmory\n|-boost|p1a: Skarmory|atk|2\n|\n|upkeep\n|turn|34\n|\n|t:|1700644284\n|-terastallize|p1a: Skarmory|Rock\n|move|p1a: Skarmory|Iron Head|p2a: Moltres\n|-resisted|p2a: Moltres\n|-damage|p2a: Moltres|56\/100\n|move|p2a: Moltres|Mystical Fire|p1a: Skarmory\n|-resisted|p1a: Skarmory\n|-damage|p1a: Skarmory|57\/100\n|\n|upkeep\n|turn|35\n|\n|t:|1700644295\n|move|p1a: Skarmory|Iron Head|p2a: Moltres\n|-resisted|p2a: Moltres\n|-damage|p2a: Moltres|28\/100\n|move|p2a: Moltres|Roost|p2a: Moltres\n|-heal|p2a: Moltres|78\/100\n|\n|upkeep\n|turn|36\n|\n|t:|1700644302\n|switch|p2a: Ferrothorn|Ferrothorn, F, shiny|100\/100\n|move|p1a: Skarmory|Swords Dance|p1a: Skarmory\n|-boost|p1a: Skarmory|atk|2\n|\n|upkeep\n|turn|37\n|\n|t:|1700644309\n|move|p2a: Ferrothorn|Protect|p2a: Ferrothorn\n|-singleturn|p2a: Ferrothorn|Protect\n|move|p1a: Skarmory|Drill Peck|p2a: Ferrothorn\n|-activate|p2a: Ferrothorn|move: Protect\n|\n|upkeep\n|turn|38\n|\n|t:|1700644316\n|move|p1a: Skarmory|Drill Peck|p2a: Ferrothorn\n|-damage|p2a: Ferrothorn|34\/100\n|-damage|p1a: Skarmory|45\/100|[from] ability: Iron Barbs|[of] p2a: Ferrothorn\n|move|p2a: Ferrothorn|Gyro Ball|p1a: Skarmory\n|-supereffective|p1a: Skarmory\n|-damage|p1a: Skarmory|0 fnt\n|faint|p1a: Skarmory\n|\n|-heal|p2a: Ferrothorn|40\/100|[from] item: Leftovers\n|upkeep\n|\n|t:|1700644322\n|switch|p1a: Volcanion|Volcanion|100\/100\n|-damage|p1a: Volcanion|76\/100|[from] Stealth Rock\n|turn|39\n|\n|t:|1700644327\n|switch|p2a: Alomomola|Alomomola, F|80\/100\n|move|p1a: Volcanion|Flamethrower|p2a: Alomomola\n|-resisted|p2a: Alomomola\n|-damage|p2a: Alomomola|46\/100\n|\n|upkeep\n|turn|40\n|\n|t:|1700644334\n|move|p1a: Volcanion|Flamethrower|p2a: Alomomola\n|-resisted|p2a: Alomomola\n|-damage|p2a: Alomomola|14\/100\n|move|p2a: Alomomola|Wish|p2a: Alomomola\n|\n|upkeep\n|turn|41\n|\n|t:|1700644341\n|switch|p1a: Seismitoad|Seismitoad, M|100\/100\n|-damage|p1a: Seismitoad|94\/100|[from] Stealth Rock\n|move|p2a: Alomomola|Protect||[still]\n|-fail|p2a: Alomomola\n|\n|-heal|p2a: Alomomola|64\/100|[from] move: Wish|[wisher] Alomomola\n|-heal|p1a: Seismitoad|100\/100|[from] item: Leftovers\n|upkeep\n|turn|42\n|\n|t:|1700644352\n|switch|p2a: Gliscor|Gliscor, F, shiny|37\/100 tox\n|move|p1a: Seismitoad|Substitute|p1a: Seismitoad\n|-start|p1a: Seismitoad|Substitute\n|-damage|p1a: Seismitoad|76\/100\n|\n|-heal|p1a: Seismitoad|82\/100|[from] item: Leftovers\n|-heal|p2a: Gliscor|49\/100 tox|[from] ability: Poison Heal\n|upkeep\n|turn|43\n|\n|t:|1700644365\n|switch|p2a: Ferrothorn|Ferrothorn, F, shiny|40\/100\n|move|p1a: Seismitoad|Scald|p2a: Ferrothorn\n|-resisted|p2a: Ferrothorn\n|-damage|p2a: Ferrothorn|32\/100\n|\n|-heal|p1a: Seismitoad|88\/100|[from] item: Leftovers\n|-heal|p2a: Ferrothorn|38\/100|[from] item: Leftovers\n|upkeep\n|turn|44\n|\n|t:|1700644381\n|move|p2a: Ferrothorn|Protect|p2a: Ferrothorn\n|-singleturn|p2a: Ferrothorn|Protect\n|move|p1a: Seismitoad|Earth Power|p2a: Ferrothorn\n|-activate|p2a: Ferrothorn|move: Protect\n|\n|-heal|p1a: Seismitoad|94\/100|[from] item: Leftovers\n|-heal|p2a: Ferrothorn|45\/100|[from] item: Leftovers\n|upkeep\n|turn|45\n|\n|t:|1700644386\n|move|p1a: Seismitoad|Earth Power|p2a: Ferrothorn\n|-damage|p2a: Ferrothorn|24\/100\n|move|p2a: Ferrothorn|Power Whip|p1a: Seismitoad\n|-supereffective|p1a: Seismitoad\n|-end|p1a: Seismitoad|Substitute\n|\n|-heal|p1a: Seismitoad|99\/100|[from] item: Leftovers\n|-heal|p2a: Ferrothorn|30\/100|[from] item: Leftovers\n|upkeep\n|turn|46\n|\n|t:|1700644393\n|move|p1a: Seismitoad|Earth Power|p2a: Ferrothorn\n|-damage|p2a: Ferrothorn|10\/100\n|move|p2a: Ferrothorn|Power Whip|p1a: Seismitoad\n|-supereffective|p1a: Seismitoad\n|-damage|p1a: Seismitoad|0 fnt\n|faint|p1a: Seismitoad\n|\n|-heal|p2a: Ferrothorn|17\/100|[from] item: Leftovers\n|upkeep\n|\n|t:|1700644396\n|switch|p1a: Volcanion|Volcanion|76\/100\n|-damage|p1a: Volcanion|51\/100|[from] Stealth Rock\n|turn|47\n|\n|t:|1700644400\n|move|p2a: Ferrothorn|Protect|p2a: Ferrothorn\n|-singleturn|p2a: Ferrothorn|Protect\n|move|p1a: Volcanion|Sludge Wave|p2a: Ferrothorn\n|-activate|p2a: Ferrothorn|move: Protect\n|\n|-heal|p2a: Ferrothorn|23\/100|[from] item: Leftovers\n|upkeep\n|turn|48\n|\n|t:|1700644405\n|move|p1a: Volcanion|Sludge Wave|p2a: Ferrothorn\n|-immune|p2a: Ferrothorn\n|move|p2a: Ferrothorn|Leech Seed|p1a: Volcanion\n|-start|p1a: Volcanion|move: Leech Seed\n|\n|-heal|p2a: Ferrothorn|29\/100|[from] item: Leftovers\n|-damage|p1a: Volcanion|39\/100|[from] Leech Seed|[of] p2a: Ferrothorn\n|-heal|p2a: Ferrothorn|42\/100|[silent]\n|upkeep\n|turn|49\n|\n|t:|1700644413\n|switch|p1a: Golisopod|Golisopod, F|36\/100\n|-damage|p1a: Golisopod|11\/100|[from] Stealth Rock\n|move|p2a: Ferrothorn|Power Whip|p1a: Golisopod\n|-damage|p1a: Golisopod|0 fnt\n|faint|p1a: Golisopod\n|\n|-heal|p2a: Ferrothorn|48\/100|[from] item: Leftovers\n|upkeep\n|\n|t:|1700644425\n|switch|p1a: Volcanion|Volcanion|39\/100\n|-damage|p1a: Volcanion|14\/100|[from] Stealth Rock\n|turn|50\n|c|\u2606Richie2016|gg\n|\n|t:|1700644430\n|move|p2a: Ferrothorn|Protect|p2a: Ferrothorn\n|-singleturn|p2a: Ferrothorn|Protect\n|move|p1a: Volcanion|Steam Eruption|p2a: Ferrothorn\n|-activate|p2a: Ferrothorn|move: Protect\n|\n|-heal|p2a: Ferrothorn|54\/100|[from] item: Leftovers\n|upkeep\n|turn|51\n|\n|t:|1700644439\n|move|p1a: Volcanion|Steam Eruption|p2a: Ferrothorn\n|-resisted|p2a: Ferrothorn\n|-damage|p2a: Ferrothorn|20\/100\n|-status|p2a: Ferrothorn|brn\n|move|p2a: Ferrothorn|Leech Seed|p1a: Volcanion\n|-start|p1a: Volcanion|move: Leech Seed\n|\n|-heal|p2a: Ferrothorn|27\/100 brn|[from] item: Leftovers\n|-damage|p1a: Volcanion|1\/100|[from] Leech Seed|[of] p2a: Ferrothorn\n|-heal|p2a: Ferrothorn|39\/100 brn|[silent]\n|-damage|p2a: Ferrothorn|33\/100 brn|[from] brn\n|upkeep\n|turn|52\n|j| Zur12\n|c|\u2606TrivagoGuy|Gg\n|c|\u2606TrivagoGuy|The 6 - 0 hurts\n|\n|t:|1700644463\n|move|p2a: Ferrothorn|Protect|p2a: Ferrothorn\n|-singleturn|p2a: Ferrothorn|Protect\n|move|p1a: Volcanion|Steam Eruption|p2a: Ferrothorn\n|-activate|p2a: Ferrothorn|move: Protect\n|\n|-heal|p2a: Ferrothorn|39\/100 brn|[from] item: Leftovers\n|-damage|p1a: Volcanion|0 fnt|[from] Leech Seed|[of] p2a: Ferrothorn\n|-heal|p2a: Ferrothorn|40\/100 brn|[silent]\n|faint|p1a: Volcanion\n|\n|win|Richie2016\n|upkeep\n|raw|TrivagoGuy's rating: 1563 &rarr; <strong>1540<\/strong><br \/>(-23 for losing)\n|raw|Richie2016's rating: 1511 &rarr; <strong>1534<\/strong><br \/>(+23 for winning)\n","uploadtime":1700644475,"views":3,"p1id":"trivagoguy","p2id":"richie2016","formatid":"gen9nationaldex","rating":1534,"private":0,"password":""}