{"id":"gen9nationaldex-1994167435","p1":"Mistery Gold","p2":"Drixzard","format":"[Gen 9] National Dex","log":"|j|\u2606Mistery Gold\n|j|\u2606Drixzard\n|t:|1700414655\n|gametype|singles\n|player|p1|Mistery Gold|tate|\n|player|p2|Drixzard|ingo|\n|teamsize|p1|6\n|teamsize|p2|6\n|gen|9\n|tier|[Gen 9] National Dex\n|rule|HP Percentage Mod: HP is shown in percentages\n|rule|Endless Battle Clause: Forcing endless battles is banned\n|rule|OHKO Clause: OHKO moves are banned\n|rule|Evasion Clause: Evasion abilities, items, and moves are banned\n|rule|Evasion Abilities Clause: Evasion abilities are banned\n|rule|Evasion Items Clause: Evasion items are banned\n|rule|Evasion Moves Clause: Evasion moves are banned\n|rule|Species Clause: Limit one of each Pok\u00e9mon\n|rule|Sleep Clause Mod: Limit one foe put to sleep\n|clearpoke\n|poke|p1|Milotic, M|\n|poke|p1|Sinistcha-Masterpiece|\n|poke|p1|Garchomp, F|\n|poke|p1|Ninetales-Alola, F|\n|poke|p1|Zapdos|\n|poke|p1|Incineroar, F|\n|poke|p2|Ogerpon-Wellspring, F|\n|poke|p2|Toxapex, M|\n|poke|p2|Greninja-*, M|\n|poke|p2|Urshifu-*, F|\n|poke|p2|Swampert, M|\n|poke|p2|Jellicent, F|\n|teampreview\n|\n|t:|1700414671\n|start\n|switch|p1a: Ninetales|Ninetales-Alola, F|100\/100\n|switch|p2a: Jellicent|Jellicent, F|100\/100\n|-weather|Snow|[from] ability: Snow Warning|[of] p1a: Ninetales\n|turn|1\n|\n|t:|1700414677\n|move|p1a: Ninetales|Aurora Veil|p1a: Ninetales\n|-sidestart|p1: Mistery Gold|move: Aurora Veil\n|move|p2a: Jellicent|Toxic|p1a: Ninetales\n|-status|p1a: Ninetales|tox\n|\n|-weather|Snow|[upkeep]\n|-damage|p1a: Ninetales|95\/100 tox|[from] psn\n|upkeep\n|turn|2\n|\n|t:|1700414687\n|move|p1a: Ninetales|Moonblast|p2a: Jellicent\n|-damage|p2a: Jellicent|74\/100\n|move|p2a: Jellicent|Rain Dance|p2a: Jellicent\n|-weather|RainDance\n|\n|-weather|RainDance|[upkeep]\n|-heal|p2a: Jellicent|80\/100|[from] item: Leftovers\n|-damage|p1a: Ninetales|83\/100 tox|[from] psn\n|upkeep\n|turn|3\n|\n|t:|1700414694\n|switch|p1a: Ms.Taza|Sinistcha-Masterpiece|100\/100\n|move|p2a: Jellicent|Surf|p1a: Ms.Taza\n|-resisted|p1a: Ms.Taza\n|-damage|p1a: Ms.Taza|90\/100\n|\n|-weather|RainDance|[upkeep]\n|-heal|p1a: Ms.Taza|96\/100|[from] item: Leftovers\n|-heal|p2a: Jellicent|86\/100|[from] item: Leftovers\n|upkeep\n|turn|4\n|\n|t:|1700414701\n|-terastallize|p1a: Ms.Taza|Grass\n|move|p1a: Ms.Taza|Matcha Gotcha|p2a: Jellicent\n|-supereffective|p2a: Jellicent\n|-damage|p2a: Jellicent|2\/100\n|-heal|p1a: Ms.Taza|100\/100|[from] drain|[of] p2a: Jellicent\n|move|p2a: Jellicent|Toxic|p1a: Ms.Taza\n|-status|p1a: Ms.Taza|tox\n|\n|-weather|RainDance|[upkeep]\n|-heal|p2a: Jellicent|8\/100|[from] item: Leftovers\n|-damage|p1a: Ms.Taza|94\/100 tox|[from] psn\n|upkeep\n|turn|5\n|\n|t:|1700414710\n|move|p1a: Ms.Taza|Shadow Ball|p2a: Jellicent\n|-supereffective|p2a: Jellicent\n|-damage|p2a: Jellicent|0 fnt\n|faint|p2a: Jellicent\n|\n|-weather|RainDance|[upkeep]\n|-heal|p1a: Ms.Taza|100\/100 tox|[from] item: Leftovers\n|-damage|p1a: Ms.Taza|88\/100 tox|[from] psn\n|upkeep\n|\n|t:|1700414744\n|switch|p2a: Greninja|Greninja, M|100\/100\n|turn|6\n|\n|t:|1700414755\n|move|p2a: Greninja|Ice Beam|p1a: Ms.Taza\n|-supereffective|p1a: Ms.Taza\n|-damage|p1a: Ms.Taza|59\/100 tox\n|move|p1a: Ms.Taza|Matcha Gotcha|p2a: Greninja\n|-supereffective|p2a: Greninja\n|-enditem|p2a: Greninja|Focus Sash\n|-damage|p2a: Greninja|1\/100\n|-heal|p1a: Ms.Taza|100\/100 tox|[from] drain|[of] p2a: Greninja\n|\n|-weather|none\n|-damage|p1a: Ms.Taza|82\/100 tox|[from] psn\n|upkeep\n|turn|7\n|\n|t:|1700414775\n|switch|p2a: Toxapex|Toxapex, M|100\/100\n|switch|p1a: Incineroar|Incineroar, F|100\/100\n|-ability|p1a: Incineroar|Intimidate|boost\n|-unboost|p2a: Toxapex|atk|1\n|\n|upkeep\n|turn|8\n|\n|t:|1700414781\n|move|p1a: Incineroar|Fake Out|p2a: Toxapex\n|-damage|p2a: Toxapex|90\/100\n|cant|p2a: Toxapex|flinch\n|\n|-heal|p2a: Toxapex|96\/100|[from] item: Leftovers\n|-sideend|p1: Mistery Gold|move: Aurora Veil\n|upkeep\n|turn|9\n|\n|t:|1700414784\n|move|p1a: Incineroar|Earthquake|p2a: Toxapex\n|-supereffective|p2a: Toxapex\n|-damage|p2a: Toxapex|39\/100\n|move|p2a: Toxapex|Toxic|p1a: Incineroar\n|-status|p1a: Incineroar|tox\n|\n|-heal|p2a: Toxapex|45\/100|[from] item: Leftovers\n|-damage|p1a: Incineroar|94\/100 tox|[from] psn\n|upkeep\n|turn|10\n|\n|t:|1700414788\n|move|p1a: Incineroar|Earthquake|p2a: Toxapex\n|-supereffective|p2a: Toxapex\n|-damage|p2a: Toxapex|0 fnt\n|faint|p2a: Toxapex\n|\n|-damage|p1a: Incineroar|82\/100 tox|[from] psn\n|upkeep\n|\n|t:|1700414798\n|switch|p2a: Greninja|Greninja, M|1\/100\n|turn|11\n|\n|t:|1700414807\n|switch|p1a: Acualina|Milotic, M|100\/100\n|move|p2a: Greninja|Water Shuriken|p1a: Acualina\n|-resisted|p1a: Acualina\n|-damage|p1a: Acualina|98\/100\n|-resisted|p1a: Acualina\n|-damage|p1a: Acualina|96\/100\n|-hitcount|p1a: Acualina|2\n|\n|-status|p1a: Acualina|brn|[from] item: Flame Orb\n|upkeep\n|turn|12\n|\n|t:|1700414820\n|move|p2a: Greninja|Dark Pulse|p1a: Acualina\n|-damage|p1a: Acualina|68\/100 brn\n|cant|p1a: Acualina|flinch\n|\n|-damage|p1a: Acualina|62\/100 brn|[from] brn\n|upkeep\n|turn|13\n|\n|t:|1700414828\n|move|p2a: Greninja|Dark Pulse|p1a: Acualina\n|-damage|p1a: Acualina|35\/100 brn\n|move|p1a: Acualina|Recover|p1a: Acualina\n|-heal|p1a: Acualina|85\/100 brn\n|\n|-damage|p1a: Acualina|79\/100 brn|[from] brn\n|upkeep\n|turn|14\n|\n|t:|1700414839\n|switch|p2a: Urshifu|Urshifu-Rapid-Strike, F|100\/100\n|move|p1a: Acualina|Recover|p1a: Acualina\n|-heal|p1a: Acualina|100\/100 brn\n|\n|-damage|p1a: Acualina|94\/100 brn|[from] brn\n|upkeep\n|turn|15\n|\n|t:|1700414848\n|move|p2a: Urshifu|Close Combat|p1a: Acualina\n|-damage|p1a: Acualina|46\/100 brn\n|-unboost|p2a: Urshifu|def|1\n|-unboost|p2a: Urshifu|spd|1\n|move|p1a: Acualina|Toxic|p2a: Urshifu\n|-status|p2a: Urshifu|tox\n|\n|-damage|p2a: Urshifu|94\/100 tox|[from] psn\n|-damage|p1a: Acualina|39\/100 brn|[from] brn\n|upkeep\n|turn|16\n|\n|t:|1700414853\n|move|p2a: Urshifu|Close Combat|p1a: Acualina\n|-damage|p1a: Acualina|0 fnt\n|-unboost|p2a: Urshifu|def|1\n|-unboost|p2a: Urshifu|spd|1\n|faint|p1a: Acualina\n|\n|-damage|p2a: Urshifu|82\/100 tox|[from] psn\n|upkeep\n|\n|t:|1700414864\n|switch|p1a: Garchomp|Garchomp, F|100\/100\n|turn|17\n|\n|t:|1700414876\n|switch|p2a: Greninja|Greninja, M|1\/100\n|move|p1a: Garchomp|Scale Shot|p2a: Greninja|[miss]\n|-miss|p1a: Garchomp|p2a: Greninja\n|\n|upkeep\n|turn|18\n|\n|t:|1700414886\n|switch|p1a: Incineroar|Incineroar, F|82\/100 tox\n|-ability|p1a: Incineroar|Intimidate|boost\n|-unboost|p2a: Greninja|atk|1\n|move|p2a: Greninja|Ice Beam|p1a: Incineroar\n|-resisted|p1a: Incineroar\n|-damage|p1a: Incineroar|68\/100 tox\n|\n|-damage|p1a: Incineroar|62\/100 tox|[from] psn\n|upkeep\n|turn|19\n|\n|t:|1700414892\n|switch|p2a: Urshifu|Urshifu-Rapid-Strike, F|82\/100 tox\n|move|p1a: Incineroar|Fake Out|p2a: Urshifu\n|-damage|p2a: Urshifu|70\/100 tox\n|\n|-damage|p2a: Urshifu|64\/100 tox|[from] psn\n|-damage|p1a: Incineroar|50\/100 tox|[from] psn\n|upkeep\n|turn|20\n|\n|t:|1700414897\n|switch|p1a: Ms.Taza|Sinistcha-Masterpiece, tera:Grass|82\/100 tox\n|move|p2a: Urshifu|Surging Strikes|p1a: Ms.Taza\n|-resisted|p1a: Ms.Taza\n|-crit|p1a: Ms.Taza\n|-damage|p1a: Ms.Taza|71\/100 tox\n|-resisted|p1a: Ms.Taza\n|-crit|p1a: Ms.Taza\n|-damage|p1a: Ms.Taza|59\/100 tox\n|-resisted|p1a: Ms.Taza\n|-crit|p1a: Ms.Taza\n|-damage|p1a: Ms.Taza|48\/100 tox\n|-hitcount|p1a: Ms.Taza|3\n|\n|-heal|p1a: Ms.Taza|54\/100 tox|[from] item: Leftovers\n|-damage|p2a: Urshifu|51\/100 tox|[from] psn\n|-damage|p1a: Ms.Taza|48\/100 tox|[from] psn\n|upkeep\n|turn|21\n|\n|t:|1700414908\n|move|p2a: Urshifu|Ice Spinner|p1a: Ms.Taza\n|-supereffective|p1a: Ms.Taza\n|-damage|p1a: Ms.Taza|0 fnt\n|faint|p1a: Ms.Taza\n|\n|-damage|p2a: Urshifu|33\/100 tox|[from] psn\n|upkeep\n|\n|t:|1700414918\n|switch|p1a: Incineroar|Incineroar, F|50\/100 tox\n|-ability|p1a: Incineroar|Intimidate|boost\n|-unboost|p2a: Urshifu|atk|1\n|turn|22\n|\n|t:|1700414943\n|move|p1a: Incineroar|Fake Out|p2a: Urshifu\n|-damage|p2a: Urshifu|20\/100 tox\n|cant|p2a: Urshifu|flinch\n|\n|-damage|p2a: Urshifu|0 fnt|[from] psn\n|faint|p2a: Urshifu\n|-damage|p1a: Incineroar|44\/100 tox|[from] psn\n|upkeep\n|\n|t:|1700414946\n|switch|p2a: Greninja|Greninja, M|1\/100\n|turn|23\n|\n|t:|1700414958\n|switch|p1a: Zapdos|Zapdos|100\/100\n|move|p2a: Greninja|Water Shuriken|p1a: Zapdos\n|-damage|p1a: Zapdos|95\/100\n|-damage|p1a: Zapdos|88\/100\n|-hitcount|p1a: Zapdos|2\n|\n|-heal|p1a: Zapdos|94\/100|[from] item: Leftovers\n|upkeep\n|turn|24\n|\n|t:|1700414971\n|move|p2a: Greninja|Ice Beam|p1a: Zapdos\n|-supereffective|p1a: Zapdos\n|-damage|p1a: Zapdos|50\/100\n|move|p1a: Zapdos|Tailwind|p1a: Zapdos\n|-sidestart|p1: Mistery Gold|move: Tailwind\n|\n|-heal|p1a: Zapdos|56\/100|[from] item: Leftovers\n|upkeep\n|turn|25\n|\n|t:|1700414976\n|move|p1a: Zapdos|Volt Switch|p2a: Greninja\n|-supereffective|p2a: Greninja\n|-crit|p2a: Greninja\n|-damage|p2a: Greninja|0 fnt\n|faint|p2a: Greninja\n|\n|t:|1700414985\n|switch|p1a: Incineroar|Incineroar, F|44\/100 tox|[from] Volt Switch\n|\n|-damage|p1a: Incineroar|38\/100 tox|[from] psn\n|upkeep\n|\n|t:|1700414989\n|switch|p2a: Swampert|Swampert, M|100\/100\n|turn|26\n|\n|t:|1700414995\n|detailschange|p2a: Swampert|Swampert-Mega, M\n|-mega|p2a: Swampert|Swampert|Swampertite\n|-zpower|p1a: Incineroar\n|move|p1a: Incineroar|Malicious Moonsault|p2a: Swampert|[zeffect]\n|-damage|p2a: Swampert|32\/100\n|move|p2a: Swampert|Rock Slide|p1a: Incineroar\n|-supereffective|p1a: Incineroar\n|-damage|p1a: Incineroar|0 fnt\n|faint|p1a: Incineroar\n|\n|upkeep\n|\n|t:|1700415004\n|switch|p1a: Garchomp|Garchomp, F|100\/100\n|turn|27\n|\n|t:|1700415009\n|detailschange|p1a: Garchomp|Garchomp-Mega, F\n|-mega|p1a: Garchomp|Garchomp|Garchompite\n|move|p1a: Garchomp|Scale Shot|p2a: Swampert\n|-crit|p2a: Swampert\n|-damage|p2a: Swampert|10\/100\n|-damage|p2a: Swampert|0 fnt\n|faint|p2a: Swampert\n|-hitcount|p2: Swampert|2\n|-unboost|p1a: Garchomp|def|1\n|-boost|p1a: Garchomp|spe|1\n|\n|-sideend|p1: Mistery Gold|move: Tailwind\n|upkeep\n|\n|t:|1700415017\n|switch|p2a: Ogerpon|Ogerpon-Wellspring, F|100\/100\n|turn|28\n|\n|t:|1700415044\n|move|p1a: Garchomp|Scale Shot|p2a: Ogerpon\n|-damage|p2a: Ogerpon|78\/100\n|-damage|p2a: Ogerpon|53\/100\n|-damage|p2a: Ogerpon|31\/100\n|-hitcount|p2a: Ogerpon|3\n|-unboost|p1a: Garchomp|def|1\n|-boost|p1a: Garchomp|spe|1\n|move|p2a: Ogerpon|Ivy Cudgel|p1a: Garchomp|[anim] Ivy Cudgel Water\n|-damage|p1a: Garchomp|0 fnt\n|faint|p1a: Garchomp\n|\n|upkeep\n|\n|t:|1700415062\n|switch|p1a: Ninetales|Ninetales-Alola, F|83\/100 tox\n|-weather|Snow|[from] ability: Snow Warning|[of] p1a: Ninetales\n|turn|29\n|\n|t:|1700415070\n|-terastallize|p2a: Ogerpon|Water\n|detailschange|p2a: Ogerpon|Ogerpon-Wellspring-Tera, F, tera:Water\n|-ability|p2a: Ogerpon|Embody Aspect (Wellspring)|boost\n|-boost|p2a: Ogerpon|spd|1\n|move|p1a: Ninetales|Moonblast|p2a: Ogerpon\n|-damage|p2a: Ogerpon|0 fnt\n|faint|p2a: Ogerpon\n|\n|win|Mistery Gold\n","uploadtime":1700415082,"views":10,"p1id":"misterygold","p2id":"drixzard","formatid":"gen9nationaldex","rating":0,"private":0,"password":""}