{"id":"gen9nationaldex-1996417160","p1":"Erloko5","p2":"Nei-tortilla","format":"[Gen 9] National Dex","log":"|html|<div class=\"broadcast-blue\"><strong>[Gen 9] National Dex is currently suspecting Sneasler! For information on how to participate check out the <a href=\"https:\/\/www.smogon.com\/forums\/threads\/sv-national-dex-suspect-8-just-dance.3731534\/\">suspect thread<\/a>.<\/strong><\/div>\n|j|\u2606Erloko5\n|j|\u2606Nei-tortilla\n|t:|1700680003\n|gametype|singles\n|player|p1|Erloko5|biker|\n|player|p2|Nei-tortilla|riley|\n|teamsize|p1|6\n|teamsize|p2|6\n|gen|9\n|tier|[Gen 9] National Dex\n|rule|HP Percentage Mod: HP is shown in percentages\n|rule|Endless Battle Clause: Forcing endless battles is banned\n|rule|OHKO Clause: OHKO moves are banned\n|rule|Evasion Clause: Evasion abilities, items, and moves are banned\n|rule|Evasion Abilities Clause: Evasion abilities are banned\n|rule|Evasion Items Clause: Evasion items are banned\n|rule|Evasion Moves Clause: Evasion moves are banned\n|rule|Species Clause: Limit one of each Pok\u00e9mon\n|rule|Sleep Clause Mod: Limit one foe put to sleep\n|clearpoke\n|poke|p1|Surskit, F|\n|poke|p1|Breloom, F|\n|poke|p1|Milotic, M|\n|poke|p1|Jirachi|\n|poke|p1|Gardevoir, M|\n|poke|p1|Mawile, F|\n|poke|p2|Galvantula, M|\n|poke|p2|Darmanitan, M|\n|poke|p2|Serperior, F|\n|poke|p2|Jellicent, F|\n|poke|p2|Bisharp, F|\n|poke|p2|Landorus-Therian, M|\n|teampreview\n|\n|t:|1700680022\n|start\n|switch|p1a: Jes\u00fas|Surskit, F|100\/100\n|switch|p2a: Jellicent|Jellicent, F|100\/100\n|turn|1\n|\n|t:|1700680028\n|move|p1a: Jes\u00fas|Sticky Web|p2a: Jellicent\n|-sidestart|p2: Nei-tortilla|move: Sticky Web\n|move|p2a: Jellicent|Taunt|p1a: Jes\u00fas\n|-start|p1a: Jes\u00fas|move: Taunt\n|\n|upkeep\n|turn|2\n|\n|t:|1700680042\n|switch|p2a: Landorus|Landorus-Therian, M|100\/100\n|-ability|p2a: Landorus|Intimidate|boost\n|-unboost|p1a: Jes\u00fas|atk|1\n|move|p1a: Jes\u00fas|Bug Buzz|p2a: Landorus\n|-resisted|p2a: Landorus\n|-damage|p2a: Landorus|83\/100\n|-unboost|p2a: Landorus|spd|1\n|\n|upkeep\n|turn|3\n|\n|t:|1700680077\n|switch|p2a: Jellicent|Jellicent, F|100\/100\n|-activate|p2a: Jellicent|move: Sticky Web\n|-unboost|p2a: Jellicent|spe|1\n|switch|p1a: Setitas|Breloom, F|100\/100\n|\n|-status|p1a: Setitas|tox|[from] item: Toxic Orb\n|upkeep\n|turn|4\n|\n|t:|1700680093\n|switch|p2a: Landorus|Landorus-Therian, M|83\/100\n|-ability|p2a: Landorus|Intimidate|boost\n|-unboost|p1a: Setitas|atk|1\n|move|p1a: Setitas|Leech Seed|p2a: Landorus\n|-start|p2a: Landorus|move: Leech Seed\n|\n|-damage|p2a: Landorus|71\/100|[from] Leech Seed|[of] p1a: Setitas\n|upkeep\n|turn|5\n|\n|t:|1700680103\n|move|p2a: Landorus|Stealth Rock|p1a: Setitas\n|-sidestart|p1: Erloko5|move: Stealth Rock\n|move|p1a: Setitas|Spore|p2a: Landorus\n|-status|p2a: Landorus|slp|[from] move: Spore\n|\n|-damage|p2a: Landorus|59\/100 slp|[from] Leech Seed|[of] p1a: Setitas\n|upkeep\n|turn|6\n|\n|t:|1700680134\n|cant|p2a: Landorus|slp\n|move|p1a: Setitas|Seed Bomb|p2a: Landorus\n|-damage|p2a: Landorus|37\/100 slp\n|-enditem|p2a: Landorus|Sitrus Berry|[eat]\n|-heal|p2a: Landorus|62\/100 slp|[from] item: Sitrus Berry\n|\n|-damage|p2a: Landorus|50\/100 slp|[from] Leech Seed|[of] p1a: Setitas\n|upkeep\n|turn|7\n|\n|t:|1700680143\n|switch|p2a: Darmanitan|Darmanitan, M|100\/100\n|-activate|p2a: Darmanitan|move: Sticky Web\n|-unboost|p2a: Darmanitan|spe|1\n|move|p1a: Setitas|Mach Punch|p2a: Darmanitan\n|-damage|p2a: Darmanitan|83\/100\n|\n|upkeep\n|turn|8\n|\n|t:|1700680152\n|switch|p1a: reguetonera|Mawile, F|100\/100\n|-damage|p1a: reguetonera|95\/100|[from] Stealth Rock\n|-ability|p1a: reguetonera|Intimidate|boost\n|-unboost|p2a: Darmanitan|atk|1\n|move|p2a: Darmanitan|U-turn|p1a: reguetonera\n|-resisted|p1a: reguetonera\n|-damage|p1a: reguetonera|90\/100\n|\n|t:|1700680163\n|switch|p2a: Galvantula|Galvantula, M, shiny|100\/100|[from] U-turn\n|-activate|p2a: Galvantula|move: Sticky Web\n|-unboost|p2a: Galvantula|spe|1\n|\n|upkeep\n|turn|9\n|\n|t:|1700680184\n|switch|p1a: Atacar\u00e1s?|Jirachi|100\/100\n|-damage|p1a: Atacar\u00e1s?|94\/100|[from] Stealth Rock\n|move|p2a: Galvantula|Sticky Web|p1a: Atacar\u00e1s?\n|-sidestart|p1: Erloko5|move: Sticky Web\n|\n|upkeep\n|turn|10\n|\n|t:|1700680192\n|move|p1a: Atacar\u00e1s?|Iron Head|p2a: Galvantula\n|-resisted|p2a: Galvantula\n|-damage|p2a: Galvantula|67\/100\n|move|p2a: Galvantula|Thunder|p1a: Atacar\u00e1s?\n|-damage|p1a: Atacar\u00e1s?|51\/100\n|\n|upkeep\n|turn|11\n|\n|t:|1700680203\n|move|p1a: Atacar\u00e1s?|Thunder Wave|p2a: Galvantula\n|-immune|p2a: Galvantula\n|move|p2a: Galvantula|Thunder|p1a: Atacar\u00e1s?\n|-damage|p1a: Atacar\u00e1s?|3\/100\n|-enditem|p1a: Atacar\u00e1s?|Sitrus Berry|[eat]\n|-heal|p1a: Atacar\u00e1s?|27\/100|[from] item: Sitrus Berry\n|\n|upkeep\n|turn|12\n|\n|t:|1700680216\n|move|p1a: Atacar\u00e1s?|Wish|p1a: Atacar\u00e1s?\n|move|p2a: Galvantula|Bug Buzz|p1a: Atacar\u00e1s?\n|-damage|p1a: Atacar\u00e1s?|0 fnt\n|faint|p1a: Atacar\u00e1s?\n|\n|upkeep\n|\n|t:|1700680254\n|switch|p1a: Setitas|Breloom, F|100\/100 tox\n|-damage|p1a: Setitas|94\/100 tox|[from] Stealth Rock\n|-activate|p1a: Setitas|move: Sticky Web\n|-unboost|p1a: Setitas|spe|1\n|turn|13\n|\n|t:|1700680265\n|move|p2a: Galvantula|Volt Switch|p1a: Setitas\n|-resisted|p1a: Setitas\n|-damage|p1a: Setitas|71\/100 tox\n|\n|t:|1700680268\n|switch|p2a: Landorus|Landorus-Therian, M|50\/100 slp|[from] Volt Switch\n|-ability|p2a: Landorus|Intimidate|boost\n|-unboost|p1a: Setitas|atk|1\n|move|p1a: Setitas|Leech Seed|p2a: Landorus\n|-start|p2a: Landorus|move: Leech Seed\n|\n|-heal|p1a: Setitas|100\/100 tox|[from] move: Wish|[wisher] Atacar\u00e1s?\n|-damage|p2a: Landorus|37\/100 slp|[from] Leech Seed|[of] p1a: Setitas\n|upkeep\n|turn|14\n|\n|t:|1700680281\n|cant|p2a: Landorus|slp\n|move|p1a: Setitas|Seed Bomb|p2a: Landorus\n|-damage|p2a: Landorus|14\/100 slp\n|\n|-damage|p2a: Landorus|2\/100 slp|[from] Leech Seed|[of] p1a: Setitas\n|upkeep\n|turn|15\n|\n|t:|1700680291\n|move|p1a: Setitas|Mach Punch|p2a: Landorus\n|-resisted|p2a: Landorus\n|-damage|p2a: Landorus|0 fnt\n|faint|p2a: Landorus\n|\n|upkeep\n|\n|t:|1700680295\n|switch|p2a: Darmanitan|Darmanitan, M|83\/100\n|-activate|p2a: Darmanitan|move: Sticky Web\n|-unboost|p2a: Darmanitan|spe|1\n|turn|16\n|\n|t:|1700680303\n|switch|p1a: YaQisieraJosema|Milotic, M|100\/100\n|-damage|p1a: YaQisieraJosema|88\/100|[from] Stealth Rock\n|-activate|p1a: YaQisieraJosema|move: Sticky Web\n|-unboost|p1a: YaQisieraJosema|spe|1\n|move|p2a: Darmanitan|Flare Blitz|p1a: YaQisieraJosema\n|-resisted|p1a: YaQisieraJosema\n|-damage|p1a: YaQisieraJosema|40\/100\n|-damage|p2a: Darmanitan|65\/100|[from] Recoil\n|\n|-status|p1a: YaQisieraJosema|brn|[from] item: Flame Orb\n|upkeep\n|turn|17\n|\n|t:|1700680321\n|switch|p2a: Jellicent|Jellicent, F|100\/100\n|-activate|p2a: Jellicent|move: Sticky Web\n|-unboost|p2a: Jellicent|spe|1\n|move|p1a: YaQisieraJosema|Scald|p2a: Jellicent\n|-immune|p2a: Jellicent|[from] ability: Water Absorb\n|\n|-damage|p1a: YaQisieraJosema|34\/100 brn|[from] brn\n|upkeep\n|turn|18\n|\n|t:|1700680341\n|switch|p1a: reguetonera|Mawile, F|90\/100\n|-damage|p1a: reguetonera|84\/100|[from] Stealth Rock\n|-activate|p1a: reguetonera|move: Sticky Web\n|-unboost|p1a: reguetonera|spe|1\n|-ability|p1a: reguetonera|Intimidate|boost\n|-unboost|p2a: Jellicent|atk|1\n|move|p2a: Jellicent|Taunt|p1a: reguetonera\n|-start|p1a: reguetonera|move: Taunt\n|\n|upkeep\n|turn|19\n|j| Neitor el 08\n|c| Neitor el 08|ou\n|c| Neitor el 08|igualado\n|\n|t:|1700680353\n|detailschange|p1a: reguetonera|Mawile-Mega, F\n|-mega|p1a: reguetonera|Mawile|Mawilite\n|move|p2a: Jellicent|Will-O-Wisp|p1a: reguetonera\n|-status|p1a: reguetonera|brn\n|move|p1a: reguetonera|Iron Head|p2a: Jellicent\n|-resisted|p2a: Jellicent\n|-damage|p2a: Jellicent|84\/100\n|\n|-heal|p2a: Jellicent|90\/100|[from] item: Leftovers\n|-damage|p1a: reguetonera|78\/100 brn|[from] brn\n|upkeep\n|turn|20\n|\n|t:|1700680375\n|move|p1a: reguetonera|Sucker Punch|p2a: Jellicent\n|-supereffective|p2a: Jellicent\n|-damage|p2a: Jellicent|53\/100\n|move|p2a: Jellicent|Scald|p1a: reguetonera\n|-damage|p1a: reguetonera|49\/100 brn\n|\n|-heal|p2a: Jellicent|59\/100|[from] item: Leftovers\n|-damage|p1a: reguetonera|43\/100 brn|[from] brn\n|-end|p1a: reguetonera|move: Taunt\n|upkeep\n|turn|21\n|\n|t:|1700680388\n|switch|p1a: Setitas|Breloom, F|100\/100 tox\n|-damage|p1a: Setitas|94\/100 tox|[from] Stealth Rock\n|-activate|p1a: Setitas|move: Sticky Web\n|-unboost|p1a: Setitas|spe|1\n|move|p2a: Jellicent|Recover|p2a: Jellicent\n|-heal|p2a: Jellicent|100\/100\n|\n|-heal|p1a: Setitas|100\/100 tox|[from] ability: Poison Heal\n|upkeep\n|turn|22\n|\n|t:|1700680403\n|switch|p2a: Serperior|Serperior, F|100\/100\n|-activate|p2a: Serperior|move: Sticky Web\n|-boost|p2a: Serperior|spe|1\n|move|p1a: Setitas|Leech Seed|p2a: Serperior\n|-immune|p2a: Serperior\n|\n|upkeep\n|turn|23\n|\n|t:|1700680433\n|move|p1a: Setitas|Mach Punch|p2a: Serperior\n|-damage|p2a: Serperior|78\/100\n|move|p2a: Serperior|Substitute|p2a: Serperior\n|-start|p2a: Serperior|Substitute\n|-damage|p2a: Serperior|53\/100\n|\n|upkeep\n|turn|24\n|\n|t:|1700680444\n|move|p2a: Serperior|Leaf Storm|p1a: Setitas\n|-resisted|p1a: Setitas\n|-damage|p1a: Setitas|59\/100 tox\n|-boost|p2a: Serperior|spa|2\n|move|p1a: Setitas|Leech Seed|p2a: Serperior\n|-immune|p2a: Serperior\n|\n|-heal|p1a: Setitas|71\/100 tox|[from] ability: Poison Heal\n|upkeep\n|turn|25\n|\n|t:|1700680475\n|switch|p1a: troncoso|Gardevoir, M|100\/100\n|-damage|p1a: troncoso|88\/100|[from] Stealth Rock\n|-activate|p1a: troncoso|move: Sticky Web\n|-unboost|p1a: troncoso|spe|1\n|-ability|p1a: troncoso|Contrary|[from] ability: Trace|[of] p2a: Serperior\n|move|p2a: Serperior|Leaf Storm|p1a: troncoso\n|-damage|p1a: troncoso|0 fnt\n|-boost|p2a: Serperior|spa|2\n|faint|p1a: troncoso\n|\n|upkeep\n|\n|t:|1700680494\n|switch|p1a: Jes\u00fas|Surskit, F|100\/100\n|-damage|p1a: Jes\u00fas|76\/100|[from] Stealth Rock\n|-activate|p1a: Jes\u00fas|move: Sticky Web\n|-unboost|p1a: Jes\u00fas|spe|1\n|turn|26\n|\n|t:|1700680501\n|move|p2a: Serperior|Leaf Storm|p1a: Jes\u00fas\n|-damage|p1a: Jes\u00fas|0 fnt\n|-boost|p2a: Serperior|spa|2\n|faint|p1a: Jes\u00fas\n|\n|upkeep\n|\n|t:|1700680508\n|switch|p1a: Setitas|Breloom, F|71\/100 tox\n|-damage|p1a: Setitas|65\/100 tox|[from] Stealth Rock\n|-activate|p1a: Setitas|move: Sticky Web\n|-unboost|p1a: Setitas|spe|1\n|turn|27\n|\n|t:|1700680514\n|move|p1a: Setitas|Mach Punch|p2a: Serperior\n|-activate|p2a: Serperior|move: Substitute|[damage]\n|move|p2a: Serperior|Leaf Storm|p1a: Setitas\n|-resisted|p1a: Setitas\n|-damage|p1a: Setitas|0 fnt\n|faint|p1a: Setitas\n|\n|upkeep\n|\n|t:|1700680523\n|switch|p1a: reguetonera|Mawile-Mega, F|43\/100 brn\n|-damage|p1a: reguetonera|37\/100 brn|[from] Stealth Rock\n|-activate|p1a: reguetonera|move: Sticky Web\n|-unboost|p1a: reguetonera|spe|1\n|turn|28\n|c| Neitor el 08|eres un cabron\n|\n|t:|1700680544\n|move|p2a: Serperior|Leaf Storm|p1a: reguetonera\n|-resisted|p1a: reguetonera\n|-damage|p1a: reguetonera|0 fnt\n|faint|p1a: reguetonera\n|\n|upkeep\n|\n|t:|1700680550\n|switch|p1a: YaQisieraJosema|Milotic, M|34\/100 brn\n|-damage|p1a: YaQisieraJosema|22\/100 brn|[from] Stealth Rock\n|-activate|p1a: YaQisieraJosema|move: Sticky Web\n|-unboost|p1a: YaQisieraJosema|spe|1\n|turn|29\n|\n|t:|1700680557\n|-terastallize|p1a: YaQisieraJosema|Ice\n|move|p2a: Serperior|Leaf Storm|p1a: YaQisieraJosema\n|-damage|p1a: YaQisieraJosema|0 fnt\n|faint|p1a: YaQisieraJosema\n|\n|win|Nei-tortilla\n","uploadtime":1700680571,"views":1,"p1id":"erloko5","p2id":"neitortilla","formatid":"gen9nationaldex","rating":0,"private":0,"password":""}