{"id":"gen9nationaldex-2000251666","p1":"Dr Allen Hu","p2":"pacmaster000","format":"[Gen 9] National Dex","log":"|html|<div class=\"broadcast-blue\"><strong>[Gen 9] National Dex is currently suspecting Sneasler! For information on how to participate check out the <a href=\"https:\/\/www.smogon.com\/forums\/threads\/sv-national-dex-suspect-8-just-dance.3731534\/\">suspect thread<\/a>.<\/strong><\/div>\n|j|\u2606Dr Allen Hu\n|j|\u2606pacmaster000\n|t:|1701177708\n|gametype|singles\n|player|p1|Dr Allen Hu|101|1049\n|player|p2|pacmaster000|veteranf|1000\n|teamsize|p1|6\n|teamsize|p2|6\n|gen|9\n|tier|[Gen 9] National Dex\n|rated|\n|rule|HP Percentage Mod: HP is shown in percentages\n|rule|Endless Battle Clause: Forcing endless battles is banned\n|rule|OHKO Clause: OHKO moves are banned\n|rule|Evasion Clause: Evasion abilities, items, and moves are banned\n|rule|Evasion Abilities Clause: Evasion abilities are banned\n|rule|Evasion Items Clause: Evasion items are banned\n|rule|Evasion Moves Clause: Evasion moves are banned\n|rule|Species Clause: Limit one of each Pok\u00e9mon\n|rule|Sleep Clause Mod: Limit one foe put to sleep\n|clearpoke\n|poke|p1|Clodsire, F|\n|poke|p1|Ferrothorn, F|\n|poke|p1|Alomomola, M|\n|poke|p1|Tyranitar, F|\n|poke|p1|Toxapex, F|\n|poke|p1|Quagsire, F|\n|poke|p2|Roserade, M|\n|poke|p2|Delphox, F|\n|poke|p2|Nidoking, M|\n|poke|p2|Magnezone|\n|poke|p2|Altaria, M|\n|poke|p2|Honchkrow, M|\n|teampreview\n|inactive|Battle timer is ON: inactive players will automatically lose when time's up. (requested by Dr Allen Hu)\n|inactive|Dr Allen Hu has 120 seconds left.\n|\n|t:|1701177752\n|start\n|switch|p1a: Tyranitar|Tyranitar, F, shiny|100\/100\n|switch|p2a: Roserade|Roserade, M|100\/100\n|-weather|Sandstorm|[from] ability: Sand Stream|[of] p1a: Tyranitar\n|turn|1\n|\n|t:|1701177757\n|detailschange|p1a: Tyranitar|Tyranitar-Mega, F, shiny\n|-mega|p1a: Tyranitar|Tyranitar|Tyranitarite\n|move|p2a: Roserade|Spikes|p1a: Tyranitar\n|-sidestart|p1: Dr Allen Hu|Spikes\n|move|p1a: Tyranitar|Knock Off|p2a: Roserade\n|-damage|p2a: Roserade|17\/100\n|-enditem|p2a: Roserade|Black Sludge|[from] move: Knock Off|[of] p1a: Tyranitar\n|\n|-weather|Sandstorm|[upkeep]\n|-damage|p2a: Roserade|11\/100|[from] Sandstorm\n|upkeep\n|turn|2\n|\n|t:|1701177765\n|move|p2a: Roserade|Giga Drain|p1a: Tyranitar\n|-supereffective|p1a: Tyranitar\n|-damage|p1a: Tyranitar|74\/100\n|-heal|p2a: Roserade|31\/100|[from] drain|[of] p1a: Tyranitar\n|move|p1a: Tyranitar|Knock Off|p2a: Roserade\n|-damage|p2a: Roserade|0 fnt\n|faint|p2a: Roserade\n|\n|-weather|Sandstorm|[upkeep]\n|upkeep\n|\n|t:|1701177776\n|switch|p2a: Altaria|Altaria, M|100\/100\n|turn|3\n|inactive|Dr Allen Hu has 120 seconds left.\n|\n|t:|1701177830\n|detailschange|p2a: Altaria|Altaria-Mega, M\n|-mega|p2a: Altaria|Altaria|Altarianite\n|move|p2a: Altaria|Dragon Dance|p2a: Altaria\n|-boost|p2a: Altaria|atk|1\n|-boost|p2a: Altaria|spe|1\n|move|p1a: Tyranitar|Toxic|p2a: Altaria\n|-status|p2a: Altaria|tox\n|\n|-weather|Sandstorm|[upkeep]\n|-damage|p2a: Altaria|94\/100 tox|[from] Sandstorm\n|-damage|p2a: Altaria|88\/100 tox|[from] psn\n|upkeep\n|turn|4\n|\n|t:|1701177836\n|switch|p1a: Quagsire|Quagsire, F|100\/100\n|-damage|p1a: Quagsire|88\/100|[from] Spikes\n|move|p2a: Altaria|Dragon Dance|p2a: Altaria\n|-boost|p2a: Altaria|atk|1\n|-boost|p2a: Altaria|spe|1\n|\n|-weather|Sandstorm|[upkeep]\n|-damage|p2a: Altaria|82\/100 tox|[from] Sandstorm\n|-heal|p1a: Quagsire|94\/100|[from] item: Leftovers\n|-damage|p2a: Altaria|70\/100 tox|[from] psn\n|upkeep\n|turn|5\n|\n|t:|1701177843\n|move|p2a: Altaria|Facade|p1a: Quagsire\n|-damage|p1a: Quagsire|31\/100\n|move|p1a: Quagsire|Infestation|p2a: Altaria\n|-resisted|p2a: Altaria\n|-damage|p2a: Altaria|68\/100 tox\n|-activate|p2a: Altaria|move: Infestation|[of] p1a: Quagsire\n|\n|-weather|none\n|-heal|p1a: Quagsire|37\/100|[from] item: Leftovers\n|-damage|p2a: Altaria|49\/100 tox|[from] psn\n|-damage|p2a: Altaria|37\/100 tox|[from] move: Infestation|[partiallytrapped]\n|upkeep\n|turn|6\n|\n|t:|1701177848\n|move|p1a: Quagsire|Protect|p1a: Quagsire\n|-singleturn|p1a: Quagsire|Protect\n|move|p2a: Altaria|Facade|p1a: Quagsire\n|-activate|p1a: Quagsire|move: Protect\n|\n|-heal|p1a: Quagsire|43\/100|[from] item: Leftovers\n|-damage|p2a: Altaria|12\/100 tox|[from] psn\n|-damage|p2a: Altaria|0 fnt|[from] move: Infestation|[partiallytrapped]\n|faint|p2a: Altaria\n|upkeep\n|\n|t:|1701177852\n|switch|p2a: Delphox|Delphox, F|100\/100\n|turn|7\n|\n|t:|1701177857\n|switch|p1a: Clodsire|Clodsire, F, shiny|100\/100\n|-damage|p1a: Clodsire|88\/100|[from] Spikes\n|move|p2a: Delphox|Grass Knot|p1a: Clodsire\n|-damage|p1a: Clodsire|69\/100\n|\n|-heal|p1a: Clodsire|75\/100|[from] item: Leftovers\n|upkeep\n|turn|8\n|\n|t:|1701177861\n|move|p2a: Delphox|Psyshock|p1a: Clodsire\n|-supereffective|p1a: Clodsire\n|-damage|p1a: Clodsire|0 fnt\n|faint|p1a: Clodsire\n|\n|upkeep\n|\n|t:|1701177872\n|switch|p1a: Ferrothorn|Ferrothorn, F, shiny|100\/100\n|-damage|p1a: Ferrothorn|88\/100|[from] Spikes\n|turn|9\n|\n|t:|1701177875\n|-terastallize|p1a: Ferrothorn|Fairy\n|move|p2a: Delphox|Flamethrower|p1a: Ferrothorn\n|-damage|p1a: Ferrothorn|50\/100\n|move|p1a: Ferrothorn|Toxic|p2a: Delphox\n|-status|p2a: Delphox|tox\n|\n|-damage|p2a: Delphox|94\/100 tox|[from] psn\n|upkeep\n|turn|10\n|\n|t:|1701177882\n|move|p2a: Delphox|Will-O-Wisp|p1a: Ferrothorn\n|-status|p1a: Ferrothorn|brn\n|move|p1a: Ferrothorn|Leech Seed|p2a: Delphox\n|-start|p2a: Delphox|move: Leech Seed\n|\n|-damage|p2a: Delphox|82\/100 tox|[from] Leech Seed|[of] p1a: Ferrothorn\n|-heal|p1a: Ferrothorn|60\/100 brn|[silent]\n|-damage|p2a: Delphox|70\/100 tox|[from] psn\n|-damage|p1a: Ferrothorn|54\/100 brn|[from] brn\n|upkeep\n|turn|11\n|\n|t:|1701177886\n|switch|p2a: Nidoking|Nidoking, M|100\/100\n|move|p1a: Ferrothorn|Knock Off|p2a: Nidoking\n|-damage|p2a: Nidoking|85\/100\n|-enditem|p2a: Nidoking|Life Orb|[from] move: Knock Off|[of] p1a: Ferrothorn\n|\n|-damage|p1a: Ferrothorn|48\/100 brn|[from] brn\n|upkeep\n|turn|12\n|\n|t:|1701177895\n|switch|p1a: Toxapex|Toxapex, F, shiny|100\/100\n|-damage|p1a: Toxapex|88\/100|[from] Spikes\n|move|p2a: Nidoking|Sludge Wave|p1a: Toxapex\n|-resisted|p1a: Toxapex\n|-crit|p1a: Toxapex\n|-damage|p1a: Toxapex|59\/100\n|\n|-heal|p1a: Toxapex|65\/100|[from] item: Leftovers\n|upkeep\n|turn|13\n|\n|t:|1701177902\n|move|p2a: Nidoking|Thunderbolt|p1a: Toxapex\n|-supereffective|p1a: Toxapex\n|-damage|p1a: Toxapex|17\/100\n|move|p1a: Toxapex|Scald|p2a: Nidoking\n|-supereffective|p2a: Nidoking\n|-damage|p2a: Nidoking|35\/100\n|\n|-heal|p1a: Toxapex|24\/100|[from] item: Leftovers\n|upkeep\n|turn|14\n|-message|Dr Allen Hu forfeited.\n|\n|win|pacmaster000\n|raw|Dr Allen Hu's rating: 1049 &rarr; <strong>1029<\/strong><br \/>(-20 for losing)\n|raw|pacmaster000's rating: 1000 &rarr; <strong>1046<\/strong><br \/>(+46 for winning)\n|l|\u2606Dr Allen Hu\n","uploadtime":1701177908,"views":3,"p1id":"drallenhu","p2id":"pacmaster000","formatid":"gen9nationaldex","rating":1029,"private":0,"password":""}