{"id":"gen9nationaldex-1995961220","p1":"IceBerryCoffee","p2":"qkfybujin","format":"[Gen 9] National Dex","log":"|html|<div class=\"broadcast-blue\"><strong>[Gen 9] National Dex is currently suspecting Sneasler! For information on how to participate check out the <a href=\"https:\/\/www.smogon.com\/forums\/threads\/sv-national-dex-suspect-8-just-dance.3731534\/\">suspect thread<\/a>.<\/strong><\/div>\n|j|\u2606IceBerryCoffee\n|j|\u2606qkfybujin\n|t:|1700622400\n|gametype|singles\n|player|p1|IceBerryCoffee|265|1256\n|player|p2|qkfybujin|youngcouple|1250\n|teamsize|p1|6\n|teamsize|p2|6\n|gen|9\n|tier|[Gen 9] National Dex\n|rated|\n|rule|HP Percentage Mod: HP is shown in percentages\n|rule|Endless Battle Clause: Forcing endless battles is banned\n|rule|OHKO Clause: OHKO moves are banned\n|rule|Evasion Clause: Evasion abilities, items, and moves are banned\n|rule|Evasion Abilities Clause: Evasion abilities are banned\n|rule|Evasion Items Clause: Evasion items are banned\n|rule|Evasion Moves Clause: Evasion moves are banned\n|rule|Species Clause: Limit one of each Pok\u00e9mon\n|rule|Sleep Clause Mod: Limit one foe put to sleep\n|clearpoke\n|poke|p1|Maushold-Four|\n|poke|p1|Empoleon, F|\n|poke|p1|Conkeldurr, M|\n|poke|p1|Typhlosion-Hisui, M|\n|poke|p1|Gyarados, F|\n|poke|p1|Hydreigon, F|\n|poke|p2|Mantine, M|\n|poke|p2|Mamoswine, M|\n|poke|p2|Kommo-o, M|\n|poke|p2|Muk-Alola, M|\n|poke|p2|Zeraora|\n|poke|p2|Banette, M|\n|teampreview\n|inactive|Battle timer is ON: inactive players will automatically lose when time's up. (requested by IceBerryCoffee)\n|\n|t:|1700622425\n|start\n|switch|p1a: Hydreigon|Hydreigon, F|100\/100\n|switch|p2a: \u6253\u7684\u5c31\u662f\u4f60\u96e8\u5929\u67d0\u52a0\u901f|Mantine, M, shiny|100\/100\n|turn|1\n|\n|t:|1700622435\n|move|p1a: Hydreigon|Draco Meteor|p2a: \u6253\u7684\u5c31\u662f\u4f60\u96e8\u5929\u67d0\u52a0\u901f\n|-damage|p2a: \u6253\u7684\u5c31\u662f\u4f60\u96e8\u5929\u67d0\u52a0\u901f|29\/100\n|-unboost|p1a: Hydreigon|spa|2\n|move|p2a: \u6253\u7684\u5c31\u662f\u4f60\u96e8\u5929\u67d0\u52a0\u901f|Toxic|p1a: Hydreigon|[miss]\n|-miss|p2a: \u6253\u7684\u5c31\u662f\u4f60\u96e8\u5929\u67d0\u52a0\u901f|p1a: Hydreigon\n|\n|-heal|p2a: \u6253\u7684\u5c31\u662f\u4f60\u96e8\u5929\u67d0\u52a0\u901f|35\/100|[from] item: Leftovers\n|upkeep\n|turn|2\n|\n|t:|1700622443\n|move|p1a: Hydreigon|Draco Meteor|p2a: \u6253\u7684\u5c31\u662f\u4f60\u96e8\u5929\u67d0\u52a0\u901f\n|-damage|p2a: \u6253\u7684\u5c31\u662f\u4f60\u96e8\u5929\u67d0\u52a0\u901f|0 fnt\n|-unboost|p1a: Hydreigon|spa|2\n|faint|p2a: \u6253\u7684\u5c31\u662f\u4f60\u96e8\u5929\u67d0\u52a0\u901f\n|\n|upkeep\n|\n|t:|1700622450\n|switch|p2a: \u5185\u9b3c\u62bd\u53f7\u6ca1\u7532\u9f99|Kommo-o, M|100\/100\n|turn|3\n|\n|t:|1700622458\n|-terastallize|p2a: \u5185\u9b3c\u62bd\u53f7\u6ca1\u7532\u9f99|Steel\n|move|p1a: Hydreigon|Draco Meteor|p2a: \u5185\u9b3c\u62bd\u53f7\u6ca1\u7532\u9f99\n|-resisted|p2a: \u5185\u9b3c\u62bd\u53f7\u6ca1\u7532\u9f99\n|-damage|p2a: \u5185\u9b3c\u62bd\u53f7\u6ca1\u7532\u9f99|80\/100\n|-unboost|p1a: Hydreigon|spa|2\n|move|p2a: \u5185\u9b3c\u62bd\u53f7\u6ca1\u7532\u9f99|Clangorous Soul|p2a: \u5185\u9b3c\u62bd\u53f7\u6ca1\u7532\u9f99\n|-boost|p2a: \u5185\u9b3c\u62bd\u53f7\u6ca1\u7532\u9f99|atk|1\n|-boost|p2a: \u5185\u9b3c\u62bd\u53f7\u6ca1\u7532\u9f99|def|1\n|-boost|p2a: \u5185\u9b3c\u62bd\u53f7\u6ca1\u7532\u9f99|spa|1\n|-boost|p2a: \u5185\u9b3c\u62bd\u53f7\u6ca1\u7532\u9f99|spd|1\n|-boost|p2a: \u5185\u9b3c\u62bd\u53f7\u6ca1\u7532\u9f99|spe|1\n|-damage|p2a: \u5185\u9b3c\u62bd\u53f7\u6ca1\u7532\u9f99|47\/100\n|\n|-heal|p2a: \u5185\u9b3c\u62bd\u53f7\u6ca1\u7532\u9f99|54\/100|[from] item: Leftovers\n|upkeep\n|turn|4\n|\n|t:|1700622483\n|switch|p1a: Conkeldurr|Conkeldurr, M|100\/100\n|move|p2a: \u5185\u9b3c\u62bd\u53f7\u6ca1\u7532\u9f99|Drain Punch|p1a: Conkeldurr\n|-damage|p1a: Conkeldurr|50\/100\n|-heal|p2a: \u5185\u9b3c\u62bd\u53f7\u6ca1\u7532\u9f99|86\/100|[from] drain|[of] p1a: Conkeldurr\n|\n|-heal|p2a: \u5185\u9b3c\u62bd\u53f7\u6ca1\u7532\u9f99|92\/100|[from] item: Leftovers\n|-status|p1a: Conkeldurr|brn|[from] item: Flame Orb\n|upkeep\n|turn|5\n|\n|t:|1700622495\n|move|p1a: Conkeldurr|Mach Punch|p2a: \u5185\u9b3c\u62bd\u53f7\u6ca1\u7532\u9f99\n|-supereffective|p2a: \u5185\u9b3c\u62bd\u53f7\u6ca1\u7532\u9f99\n|-damage|p2a: \u5185\u9b3c\u62bd\u53f7\u6ca1\u7532\u9f99|46\/100\n|move|p2a: \u5185\u9b3c\u62bd\u53f7\u6ca1\u7532\u9f99|Drain Punch|p1a: Conkeldurr\n|-damage|p1a: Conkeldurr|3\/100 brn\n|-heal|p2a: \u5185\u9b3c\u62bd\u53f7\u6ca1\u7532\u9f99|76\/100|[from] drain|[of] p1a: Conkeldurr\n|\n|-heal|p2a: \u5185\u9b3c\u62bd\u53f7\u6ca1\u7532\u9f99|82\/100|[from] item: Leftovers\n|-damage|p1a: Conkeldurr|0 fnt|[from] brn\n|faint|p1a: Conkeldurr\n|upkeep\n|\n|t:|1700622504\n|switch|p1a: Typhlosion|Typhlosion-Hisui, M|100\/100\n|-item|p2a: \u5185\u9b3c\u62bd\u53f7\u6ca1\u7532\u9f99|Leftovers|[from] ability: Frisk|[of] p1a: Typhlosion|[identify]\n|turn|6\n|\n|t:|1700622528\n|switch|p2a: \u5185\u9b3c\u62bd\u53f7\u70c2\u7a00\u6ce5|Muk-Alola, M, shiny|100\/100\n|move|p1a: Typhlosion|Eruption|p2a: \u5185\u9b3c\u62bd\u53f7\u70c2\u7a00\u6ce5\n|-damage|p2a: \u5185\u9b3c\u62bd\u53f7\u70c2\u7a00\u6ce5|43\/100\n|\n|-heal|p2a: \u5185\u9b3c\u62bd\u53f7\u70c2\u7a00\u6ce5|49\/100|[from] item: Leftovers\n|upkeep\n|turn|7\n|\n|t:|1700622541\n|-terastallize|p1a: Typhlosion|Fire\n|move|p1a: Typhlosion|Eruption|p2a: \u5185\u9b3c\u62bd\u53f7\u70c2\u7a00\u6ce5\n|-damage|p2a: \u5185\u9b3c\u62bd\u53f7\u70c2\u7a00\u6ce5|0 fnt\n|faint|p2a: \u5185\u9b3c\u62bd\u53f7\u70c2\u7a00\u6ce5\n|\n|upkeep\n|\n|t:|1700622554\n|switch|p2a: \u5185\u9b3c\u62bd\u53f7\u98ce\u8017\u5b50|Zeraora, shiny|100\/100\n|turn|8\n|\n|t:|1700622559\n|move|p2a: \u5185\u9b3c\u62bd\u53f7\u98ce\u8017\u5b50|Fake Out|p1a: Typhlosion\n|-damage|p1a: Typhlosion|83\/100\n|cant|p1a: Typhlosion|flinch\n|\n|upkeep\n|turn|9\n|\n|t:|1700622565\n|move|p1a: Typhlosion|Eruption|p2a: \u5185\u9b3c\u62bd\u53f7\u98ce\u8017\u5b50\n|-damage|p2a: \u5185\u9b3c\u62bd\u53f7\u98ce\u8017\u5b50|0 fnt\n|faint|p2a: \u5185\u9b3c\u62bd\u53f7\u98ce\u8017\u5b50\n|\n|upkeep\n|\n|t:|1700622568\n|switch|p2a: \u731c\u731c\u4e50|Banette, M, shiny|100\/100\n|turn|10\n|\n|t:|1700622575\n|switch|p1a: Empoleon|Empoleon, F|100\/100\n|detailschange|p2a: \u731c\u731c\u4e50|Banette-Mega, M, shiny\n|-mega|p2a: \u731c\u731c\u4e50|Banette|Banettite\n|move|p2a: \u731c\u731c\u4e50|Shadow Sneak|p1a: Empoleon\n|-damage|p1a: Empoleon|75\/100\n|\n|-heal|p1a: Empoleon|81\/100|[from] item: Leftovers\n|upkeep\n|turn|11\n|\n|t:|1700622585\n|move|p2a: \u731c\u731c\u4e50|Will-O-Wisp|p1a: Empoleon\n|-status|p1a: Empoleon|brn\n|move|p1a: Empoleon|Surf|p2a: \u731c\u731c\u4e50\n|-damage|p2a: \u731c\u731c\u4e50|66\/100\n|\n|-heal|p1a: Empoleon|88\/100 brn|[from] item: Leftovers\n|-damage|p1a: Empoleon|81\/100 brn|[from] brn\n|upkeep\n|turn|12\n|\n|t:|1700622595\n|move|p2a: \u731c\u731c\u4e50|Poltergeist|p1a: Empoleon\n|-activate|p1a: Empoleon|move: Poltergeist|Leftovers\n|-damage|p1a: Empoleon|20\/100 brn\n|move|p1a: Empoleon|Knock Off|p2a: \u731c\u731c\u4e50\n|-supereffective|p2a: \u731c\u731c\u4e50\n|-damage|p2a: \u731c\u731c\u4e50|43\/100\n|\n|-heal|p1a: Empoleon|26\/100 brn|[from] item: Leftovers\n|-damage|p1a: Empoleon|20\/100 brn|[from] brn\n|upkeep\n|turn|13\n|\n|t:|1700622604\n|move|p2a: \u731c\u731c\u4e50|Shadow Sneak|p1a: Empoleon\n|-damage|p1a: Empoleon|0 fnt\n|faint|p1a: Empoleon\n|\n|upkeep\n|\n|t:|1700622608\n|switch|p1a: Maushold|Maushold-Four|100\/100\n|turn|14\n|\n|t:|1700622618\n|switch|p2a: \u5185\u9b3c\u8fdc\u53e4\u62bd\u53f7\u732a|Mamoswine, M|100\/100\n|move|p1a: Maushold|Bite|p2a: \u5185\u9b3c\u8fdc\u53e4\u62bd\u53f7\u732a\n|-damage|p2a: \u5185\u9b3c\u8fdc\u53e4\u62bd\u53f7\u732a|76\/100\n|\n|upkeep\n|turn|15\n|\n|t:|1700622628\n|move|p1a: Maushold|Population Bomb|p2a: \u5185\u9b3c\u8fdc\u53e4\u62bd\u53f7\u732a\n|-damage|p2a: \u5185\u9b3c\u8fdc\u53e4\u62bd\u53f7\u732a|63\/100\n|-damage|p2a: \u5185\u9b3c\u8fdc\u53e4\u62bd\u53f7\u732a|51\/100\n|-damage|p2a: \u5185\u9b3c\u8fdc\u53e4\u62bd\u53f7\u732a|39\/100\n|-damage|p2a: \u5185\u9b3c\u8fdc\u53e4\u62bd\u53f7\u732a|27\/100\n|-damage|p2a: \u5185\u9b3c\u8fdc\u53e4\u62bd\u53f7\u732a|14\/100\n|-damage|p2a: \u5185\u9b3c\u8fdc\u53e4\u62bd\u53f7\u732a|1\/100\n|-damage|p2a: \u5185\u9b3c\u8fdc\u53e4\u62bd\u53f7\u732a|0 fnt\n|faint|p2a: \u5185\u9b3c\u8fdc\u53e4\u62bd\u53f7\u732a\n|-hitcount|p2: \u5185\u9b3c\u8fdc\u53e4\u62bd\u53f7\u732a|7\n|\n|upkeep\n|\n|t:|1700622631\n|switch|p2a: \u5185\u9b3c\u62bd\u53f7\u6ca1\u7532\u9f99|Kommo-o, M, tera:Steel|82\/100\n|turn|16\n|\n|t:|1700622652\n|move|p1a: Maushold|Bite|p2a: \u5185\u9b3c\u62bd\u53f7\u6ca1\u7532\u9f99\n|-damage|p2a: \u5185\u9b3c\u62bd\u53f7\u6ca1\u7532\u9f99|60\/100\n|cant|p2a: \u5185\u9b3c\u62bd\u53f7\u6ca1\u7532\u9f99|flinch\n|\n|-heal|p2a: \u5185\u9b3c\u62bd\u53f7\u6ca1\u7532\u9f99|67\/100|[from] item: Leftovers\n|upkeep\n|turn|17\n|\n|t:|1700622660\n|move|p1a: Maushold|Population Bomb|p2a: \u5185\u9b3c\u62bd\u53f7\u6ca1\u7532\u9f99\n|-resisted|p2a: \u5185\u9b3c\u62bd\u53f7\u6ca1\u7532\u9f99\n|-damage|p2a: \u5185\u9b3c\u62bd\u53f7\u6ca1\u7532\u9f99|61\/100\n|-resisted|p2a: \u5185\u9b3c\u62bd\u53f7\u6ca1\u7532\u9f99\n|-damage|p2a: \u5185\u9b3c\u62bd\u53f7\u6ca1\u7532\u9f99|56\/100\n|-resisted|p2a: \u5185\u9b3c\u62bd\u53f7\u6ca1\u7532\u9f99\n|-damage|p2a: \u5185\u9b3c\u62bd\u53f7\u6ca1\u7532\u9f99|51\/100\n|-resisted|p2a: \u5185\u9b3c\u62bd\u53f7\u6ca1\u7532\u9f99\n|-damage|p2a: \u5185\u9b3c\u62bd\u53f7\u6ca1\u7532\u9f99|46\/100\n|-resisted|p2a: \u5185\u9b3c\u62bd\u53f7\u6ca1\u7532\u9f99\n|-damage|p2a: \u5185\u9b3c\u62bd\u53f7\u6ca1\u7532\u9f99|41\/100\n|-resisted|p2a: \u5185\u9b3c\u62bd\u53f7\u6ca1\u7532\u9f99\n|-damage|p2a: \u5185\u9b3c\u62bd\u53f7\u6ca1\u7532\u9f99|36\/100\n|-resisted|p2a: \u5185\u9b3c\u62bd\u53f7\u6ca1\u7532\u9f99\n|-damage|p2a: \u5185\u9b3c\u62bd\u53f7\u6ca1\u7532\u9f99|31\/100\n|-resisted|p2a: \u5185\u9b3c\u62bd\u53f7\u6ca1\u7532\u9f99\n|-damage|p2a: \u5185\u9b3c\u62bd\u53f7\u6ca1\u7532\u9f99|25\/100\n|-resisted|p2a: \u5185\u9b3c\u62bd\u53f7\u6ca1\u7532\u9f99\n|-damage|p2a: \u5185\u9b3c\u62bd\u53f7\u6ca1\u7532\u9f99|20\/100\n|-resisted|p2a: \u5185\u9b3c\u62bd\u53f7\u6ca1\u7532\u9f99\n|-damage|p2a: \u5185\u9b3c\u62bd\u53f7\u6ca1\u7532\u9f99|15\/100\n|-hitcount|p2a: \u5185\u9b3c\u62bd\u53f7\u6ca1\u7532\u9f99|10\n|move|p2a: \u5185\u9b3c\u62bd\u53f7\u6ca1\u7532\u9f99|Clangorous Soul||[still]\n|-fail|p2a: \u5185\u9b3c\u62bd\u53f7\u6ca1\u7532\u9f99\n|\n|-heal|p2a: \u5185\u9b3c\u62bd\u53f7\u6ca1\u7532\u9f99|21\/100|[from] item: Leftovers\n|upkeep\n|turn|18\n|-message|qkfybujin forfeited.\n|\n|win|IceBerryCoffee\n|raw|IceBerryCoffee's rating: 1256 &rarr; <strong>1281<\/strong><br \/>(+25 for winning)\n|raw|qkfybujin's rating: 1250 &rarr; <strong>1225<\/strong><br \/>(-25 for losing)\n|l|\u2606qkfybujin\n","uploadtime":1700622685,"views":0,"p1id":"iceberrycoffee","p2id":"qkfybujin","formatid":"gen9nationaldex","rating":1225,"private":0,"password":""}