{"id":"gen9nationaldex-1993689746","p1":"sussuspotussus","p2":"2JIG","format":"[Gen 9] National Dex","log":"|j|\u2606sussuspotussus\n|j|\u26062JIG\n|t:|1700345883\n|gametype|singles\n|player|p1|sussuspotussus|acetrainer|1167\n|player|p2|2JIG|1|1205\n|teamsize|p1|6\n|teamsize|p2|6\n|gen|9\n|tier|[Gen 9] National Dex\n|rated|\n|rule|HP Percentage Mod: HP is shown in percentages\n|rule|Endless Battle Clause: Forcing endless battles is banned\n|rule|OHKO Clause: OHKO moves are banned\n|rule|Evasion Clause: Evasion abilities, items, and moves are banned\n|rule|Evasion Abilities Clause: Evasion abilities are banned\n|rule|Evasion Items Clause: Evasion items are banned\n|rule|Evasion Moves Clause: Evasion moves are banned\n|rule|Species Clause: Limit one of each Pok\u00e9mon\n|rule|Sleep Clause Mod: Limit one foe put to sleep\n|clearpoke\n|poke|p1|Houndoom, M|\n|poke|p1|Falinks|\n|poke|p1|Gliscor, F|\n|poke|p1|Diancie|\n|poke|p1|Roserade, F|\n|poke|p1|Vaporeon, F|\n|poke|p2|Claydol|\n|poke|p2|Dusknoir, F|\n|poke|p2|Probopass, M|\n|poke|p2|Cofagrigus, M|\n|poke|p2|Bronzong|\n|poke|p2|Bastiodon, M|\n|teampreview\n|inactive|Battle timer is ON: inactive players will automatically lose when time's up. (requested by sussuspotussus)\n|\n|t:|1700345891\n|start\n|switch|p1a: Plant Dress|Roserade, F|100\/100\n|switch|p2a: Cofagrigus|Cofagrigus, M|100\/100\n|turn|1\n|\n|t:|1700345907\n|move|p1a: Plant Dress|Spikes|p2a: Cofagrigus\n|-sidestart|p2: 2JIG|Spikes\n|move|p2a: Cofagrigus|Toxic Spikes|p1a: Plant Dress\n|-sidestart|p1: sussuspotussus|move: Toxic Spikes\n|\n|upkeep\n|turn|2\n|\n|t:|1700345914\n|move|p1a: Plant Dress|Spikes|p2a: Cofagrigus\n|-sidestart|p2: 2JIG|Spikes\n|move|p2a: Cofagrigus|Toxic Spikes|p1a: Plant Dress\n|-sidestart|p1: sussuspotussus|move: Toxic Spikes\n|\n|upkeep\n|turn|3\n|\n|t:|1700345918\n|move|p1a: Plant Dress|Spikes|p2a: Cofagrigus\n|-sidestart|p2: 2JIG|Spikes\n|move|p2a: Cofagrigus|Will-O-Wisp|p1a: Plant Dress\n|-status|p1a: Plant Dress|brn\n|\n|-damage|p1a: Plant Dress|94\/100 brn|[from] brn\n|upkeep\n|turn|4\n|\n|t:|1700345933\n|move|p1a: Plant Dress|Grass Knot|p2a: Cofagrigus\n|-damage|p2a: Cofagrigus|76\/100\n|-activate|p2a: Cofagrigus|ability: Mummy|Natural Cure|[of] p1a: Plant Dress\n|move|p2a: Cofagrigus|Shadow Ball|p1a: Plant Dress\n|-damage|p1a: Plant Dress|65\/100 brn\n|-unboost|p1a: Plant Dress|spd|1\n|\n|-heal|p2a: Cofagrigus|82\/100|[from] item: Leftovers\n|-damage|p1a: Plant Dress|59\/100 brn|[from] brn\n|upkeep\n|turn|5\n|\n|t:|1700345945\n|move|p1a: Plant Dress|Grass Knot|p2a: Cofagrigus\n|-damage|p2a: Cofagrigus|56\/100\n|move|p2a: Cofagrigus|Shadow Ball|p1a: Plant Dress\n|-damage|p1a: Plant Dress|21\/100 brn\n|-unboost|p1a: Plant Dress|spd|1\n|\n|-heal|p2a: Cofagrigus|62\/100|[from] item: Leftovers\n|-damage|p1a: Plant Dress|15\/100 brn|[from] brn\n|upkeep\n|turn|6\n|\n|t:|1700345956\n|switch|p1a: Sneakylike|Gliscor, F|100\/100\n|move|p2a: Cofagrigus|Shadow Ball|p1a: Sneakylike\n|-damage|p1a: Sneakylike|75\/100\n|\n|-heal|p2a: Cofagrigus|68\/100|[from] item: Leftovers\n|-status|p1a: Sneakylike|tox|[from] item: Toxic Orb\n|upkeep\n|turn|7\n|\n|t:|1700345965\n|move|p1a: Sneakylike|Swords Dance|p1a: Sneakylike\n|-boost|p1a: Sneakylike|atk|2\n|move|p2a: Cofagrigus|Pain Split|p1a: Sneakylike\n|-sethp|p1a: Sneakylike|68\/100 tox|[from] move: Pain Split|[silent]\n|-sethp|p2a: Cofagrigus|75\/100|[from] move: Pain Split\n|\n|-heal|p2a: Cofagrigus|81\/100|[from] item: Leftovers\n|-heal|p1a: Sneakylike|80\/100 tox|[from] ability: Poison Heal\n|upkeep\n|turn|8\n|\n|t:|1700345975\n|move|p1a: Sneakylike|Swords Dance|p1a: Sneakylike\n|-boost|p1a: Sneakylike|atk|2\n|move|p2a: Cofagrigus|Shadow Ball|p1a: Sneakylike\n|-damage|p1a: Sneakylike|56\/100 tox\n|\n|-heal|p2a: Cofagrigus|87\/100|[from] item: Leftovers\n|-heal|p1a: Sneakylike|69\/100 tox|[from] ability: Poison Heal\n|upkeep\n|turn|9\n|\n|t:|1700345984\n|move|p1a: Sneakylike|Swords Dance|p1a: Sneakylike\n|-boost|p1a: Sneakylike|atk|2\n|move|p2a: Cofagrigus|Shadow Ball|p1a: Sneakylike\n|-damage|p1a: Sneakylike|43\/100 tox\n|\n|-heal|p2a: Cofagrigus|93\/100|[from] item: Leftovers\n|-heal|p1a: Sneakylike|55\/100 tox|[from] ability: Poison Heal\n|upkeep\n|turn|10\n|\n|t:|1700345993\n|move|p1a: Sneakylike|Earthquake|p2a: Cofagrigus\n|-damage|p2a: Cofagrigus|0 fnt\n|faint|p2a: Cofagrigus\n|\n|-heal|p1a: Sneakylike|68\/100 tox|[from] ability: Poison Heal\n|upkeep\n|\n|t:|1700346001\n|switch|p2a: Dusknoir|Dusknoir, F|100\/100\n|-damage|p2a: Dusknoir|76\/100|[from] Spikes\n|-ability|p2a: Dusknoir|Pressure\n|turn|11\n|\n|t:|1700346017\n|move|p1a: Sneakylike|Earthquake|p2a: Dusknoir\n|-damage|p2a: Dusknoir|0 fnt\n|faint|p2a: Dusknoir\n|\n|-heal|p1a: Sneakylike|80\/100 tox|[from] ability: Poison Heal\n|upkeep\n|\n|t:|1700346026\n|switch|p2a: Bronzong|Bronzong|100\/100\n|-damage|p2a: Bronzong|76\/100|[from] Spikes\n|turn|12\n|\n|t:|1700346037\n|move|p1a: Sneakylike|Roost|p1a: Sneakylike\n|-heal|p1a: Sneakylike|100\/100 tox\n|-singleturn|p1a: Sneakylike|move: Roost\n|move|p2a: Bronzong|Iron Defense|p2a: Bronzong\n|-boost|p2a: Bronzong|def|2\n|\n|-heal|p2a: Bronzong|82\/100|[from] item: Leftovers\n|upkeep\n|turn|13\n|\n|t:|1700346044\n|move|p1a: Sneakylike|Facade|p2a: Bronzong\n|-resisted|p2a: Bronzong\n|-damage|p2a: Bronzong|58\/100\n|move|p2a: Bronzong|Iron Defense|p2a: Bronzong\n|-boost|p2a: Bronzong|def|2\n|\n|-heal|p2a: Bronzong|64\/100|[from] item: Leftovers\n|upkeep\n|turn|14\n|\n|t:|1700346053\n|-terastallize|p2a: Bronzong|Grass\n|move|p1a: Sneakylike|Facade|p2a: Bronzong\n|-damage|p2a: Bronzong|35\/100\n|move|p2a: Bronzong|Iron Defense|p2a: Bronzong\n|-boost|p2a: Bronzong|def|2\n|\n|-heal|p2a: Bronzong|42\/100|[from] item: Leftovers\n|upkeep\n|turn|15\n|\n|t:|1700346061\n|move|p1a: Sneakylike|Facade|p2a: Bronzong\n|-damage|p2a: Bronzong|20\/100\n|move|p2a: Bronzong|Calm Mind|p2a: Bronzong\n|-boost|p2a: Bronzong|spa|1\n|-boost|p2a: Bronzong|spd|1\n|\n|-heal|p2a: Bronzong|26\/100|[from] item: Leftovers\n|upkeep\n|turn|16\n|\n|t:|1700346069\n|move|p1a: Sneakylike|Facade|p2a: Bronzong\n|-damage|p2a: Bronzong|3\/100\n|move|p2a: Bronzong|Stored Power|p1a: Sneakylike\n|-damage|p1a: Sneakylike|27\/100 tox\n|\n|-heal|p2a: Bronzong|10\/100|[from] item: Leftovers\n|-heal|p1a: Sneakylike|40\/100 tox|[from] ability: Poison Heal\n|upkeep\n|turn|17\n|\n|t:|1700346077\n|move|p1a: Sneakylike|Facade|p2a: Bronzong\n|-damage|p2a: Bronzong|0 fnt\n|faint|p2a: Bronzong\n|\n|-heal|p1a: Sneakylike|52\/100 tox|[from] ability: Poison Heal\n|upkeep\n|\n|t:|1700346084\n|switch|p2a: Claydol|Claydol|100\/100\n|turn|18\n|\n|t:|1700346090\n|move|p1a: Sneakylike|Roost|p1a: Sneakylike\n|-heal|p1a: Sneakylike|100\/100 tox\n|-singleturn|p1a: Sneakylike|move: Roost\n|move|p2a: Claydol|Psychic|p1a: Sneakylike\n|-damage|p1a: Sneakylike|70\/100 tox\n|-unboost|p1a: Sneakylike|spd|1\n|\n|-heal|p1a: Sneakylike|82\/100 tox|[from] ability: Poison Heal\n|upkeep\n|turn|19\n|\n|t:|1700346099\n|move|p1a: Sneakylike|Facade|p2a: Claydol\n|-damage|p2a: Claydol|0 fnt\n|faint|p2a: Claydol\n|\n|-heal|p1a: Sneakylike|95\/100 tox|[from] ability: Poison Heal\n|upkeep\n|\n|t:|1700346104\n|switch|p2a: Bastiodon|Bastiodon, M|100\/100\n|-damage|p2a: Bastiodon|75\/100|[from] Spikes\n|turn|20\n|\n|t:|1700346112\n|move|p1a: Sneakylike|Earthquake|p2a: Bastiodon\n|-supereffective|p2a: Bastiodon\n|-damage|p2a: Bastiodon|0 fnt\n|faint|p2a: Bastiodon\n|\n|-heal|p1a: Sneakylike|100\/100 tox|[from] ability: Poison Heal\n|upkeep\n|\n|t:|1700346118\n|switch|p2a: Probopass|Probopass, M|100\/100\n|-damage|p2a: Probopass|75\/100|[from] Spikes\n|turn|21\n|c|\u2606sussuspotussus|gg\n|\n|t:|1700346124\n|move|p1a: Sneakylike|Earthquake|p2a: Probopass\n|-supereffective|p2a: Probopass\n|-damage|p2a: Probopass|0 fnt\n|faint|p2a: Probopass\n|\n|win|sussuspotussus\n|raw|sussuspotussus's rating: 1167 &rarr; <strong>1195<\/strong><br \/>(+28 for winning)\n|raw|2JIG's rating: 1205 &rarr; <strong>1177<\/strong><br \/>(-28 for losing)\n|c|\u26062JIG|Gg\n|l|\u26062JIG\n","uploadtime":1700346131,"views":6,"p1id":"sussuspotussus","p2id":"2jig","formatid":"gen9nationaldex","rating":1177,"private":0,"password":""}