{"id":"gen9nationaldex-1989465786","p1":"IplayforFuns","p2":"DGP PLAYER","format":"[Gen 9] National Dex","log":"|j|\u2606IplayforFuns\n|j|\u2606DGP PLAYER\n|t:|1699854842\n|gametype|singles\n|player|p1|IplayforFuns|pokemaniac|1470\n|player|p2|DGP PLAYER|hilda-wonderlauncher|1588\n|teamsize|p1|6\n|teamsize|p2|6\n|gen|9\n|tier|[Gen 9] National Dex\n|rated|\n|rule|HP Percentage Mod: HP is shown in percentages\n|rule|Endless Battle Clause: Forcing endless battles is banned\n|rule|OHKO Clause: OHKO moves are banned\n|rule|Evasion Clause: Evasion abilities, items, and moves are banned\n|rule|Evasion Abilities Clause: Evasion abilities are banned\n|rule|Evasion Items Clause: Evasion items are banned\n|rule|Evasion Moves Clause: Evasion moves are banned\n|rule|Species Clause: Limit one of each Pok\u00e9mon\n|rule|Sleep Clause Mod: Limit one foe put to sleep\n|clearpoke\n|poke|p1|Ceruledge, M|\n|poke|p1|Tapu Koko|\n|poke|p1|Sneasler, F|\n|poke|p1|Ninetales-Alola, F|\n|poke|p1|Iron Valiant|\n|poke|p1|Glimmora, M|\n|poke|p2|Blaziken, F|\n|poke|p2|Banette, M|\n|poke|p2|Ogerpon-Wellspring, F|\n|poke|p2|Landorus-Therian, M|\n|poke|p2|Iron Valiant|\n|poke|p2|Rotom-Wash|\n|teampreview\n|inactive|Battle timer is ON: inactive players will automatically lose when time's up. (requested by DGP PLAYER)\n|\n|t:|1699854854\n|start\n|switch|p1a: Dia|Tapu Koko, shiny|100\/100\n|switch|p2a: \u6d17\u8863\u673a|Rotom-Wash|100\/100\n|-fieldstart|move: Electric Terrain|[from] ability: Electric Surge|[of] p1a: Dia\n|turn|1\n|\n|t:|1699854858\n|move|p1a: Dia|Hidden Power|p2a: \u6d17\u8863\u673a\n|-resisted|p2a: \u6d17\u8863\u673a\n|-damage|p2a: \u6d17\u8863\u673a|94\/100\n|move|p2a: \u6d17\u8863\u673a|Thunder Wave|p1a: Dia\n|-immune|p1a: Dia\n|\n|-heal|p2a: \u6d17\u8863\u673a|99\/100|[from] item: Leftovers\n|upkeep\n|turn|2\n|\n|t:|1699854862\n|move|p1a: Dia|Thunderbolt|p2a: \u6d17\u8863\u673a\n|-damage|p2a: \u6d17\u8863\u673a|65\/100\n|move|p2a: \u6d17\u8863\u673a|Volt Switch|p1a: Dia\n|-resisted|p1a: Dia\n|-damage|p1a: Dia|83\/100\n|\n|t:|1699854867\n|switch|p2a: \u56f4\u5dfe\u571f\u732b|Landorus-Therian, M|100\/100|[from] Volt Switch\n|-ability|p2a: \u56f4\u5dfe\u571f\u732b|Intimidate|boost\n|-unboost|p1a: Dia|atk|1\n|\n|upkeep\n|turn|3\n|\n|t:|1699854886\n|switch|p2a: \u6d17\u8863\u673a|Rotom-Wash|65\/100\n|move|p1a: Dia|Hidden Power|p2a: \u6d17\u8863\u673a\n|-resisted|p2a: \u6d17\u8863\u673a\n|-damage|p2a: \u6d17\u8863\u673a|59\/100\n|\n|-heal|p2a: \u6d17\u8863\u673a|65\/100|[from] item: Leftovers\n|upkeep\n|turn|4\n|\n|t:|1699854892\n|move|p1a: Dia|Thunderbolt|p2a: \u6d17\u8863\u673a\n|-damage|p2a: \u6d17\u8863\u673a|28\/100\n|move|p2a: \u6d17\u8863\u673a|Defog|p1a: Dia\n|-unboost|p1a: Dia|evasion|1\n|-fieldend|move: Electric Terrain\n|\n|-heal|p2a: \u6d17\u8863\u673a|34\/100|[from] item: Leftovers\n|upkeep\n|turn|5\n|\n|t:|1699854899\n|move|p1a: Dia|Thunderbolt|p2a: \u6d17\u8863\u673a\n|-damage|p2a: \u6d17\u8863\u673a|5\/100\n|move|p2a: \u6d17\u8863\u673a|Volt Switch|p1a: Dia\n|-resisted|p1a: Dia\n|-damage|p1a: Dia|63\/100\n|\n|t:|1699854906\n|switch|p2a: \u56f4\u5dfe\u571f\u732b|Landorus-Therian, M|100\/100|[from] Volt Switch\n|-ability|p2a: \u56f4\u5dfe\u571f\u732b|Intimidate|boost\n|-unboost|p1a: Dia|atk|1\n|\n|upkeep\n|turn|6\n|\n|t:|1699854920\n|move|p1a: Dia|Hidden Power|p2a: \u56f4\u5dfe\u571f\u732b\n|-supereffective|p2a: \u56f4\u5dfe\u571f\u732b\n|-damage|p2a: \u56f4\u5dfe\u571f\u732b|21\/100\n|move|p2a: \u56f4\u5dfe\u571f\u732b|Earthquake|p1a: Dia\n|-supereffective|p1a: Dia\n|-damage|p1a: Dia|0 fnt\n|faint|p1a: Dia\n|\n|upkeep\n|\n|t:|1699854929\n|switch|p1a: Rocky|Glimmora, M, shiny|100\/100\n|turn|7\n|\n|t:|1699854934\n|move|p1a: Rocky|Energy Ball|p2a: \u56f4\u5dfe\u571f\u732b\n|-crit|p2a: \u56f4\u5dfe\u571f\u732b\n|-damage|p2a: \u56f4\u5dfe\u571f\u732b|0 fnt\n|faint|p2a: \u56f4\u5dfe\u571f\u732b\n|\n|upkeep\n|\n|t:|1699854938\n|switch|p2a: \u8bc5\u5c06\u519b|Banette, M|100\/100\n|-item|p1a: Rocky|Focus Sash|[from] ability: Frisk|[of] p2a: \u8bc5\u5c06\u519b|[identify]\n|turn|8\n|\n|t:|1699854948\n|detailschange|p2a: \u8bc5\u5c06\u519b|Banette-Mega, M\n|-mega|p2a: \u8bc5\u5c06\u519b|Banette|Banettite\n|move|p2a: \u8bc5\u5c06\u519b|Encore|p1a: Rocky\n|-start|p1a: Rocky|Encore\n|move|p1a: Rocky|Energy Ball|p2a: \u8bc5\u5c06\u519b\n|-damage|p2a: \u8bc5\u5c06\u519b|61\/100\n|-unboost|p2a: \u8bc5\u5c06\u519b|spd|1\n|\n|upkeep\n|turn|9\n|\n|t:|1699854960\n|switch|p1a: Tsukiyomi|Ninetales-Alola, F, shiny|100\/100\n|-weather|Snow|[from] ability: Snow Warning|[of] p1a: Tsukiyomi\n|move|p2a: \u8bc5\u5c06\u519b|Infestation|p1a: Tsukiyomi\n|-resisted|p1a: Tsukiyomi\n|-damage|p1a: Tsukiyomi|98\/100\n|-activate|p1a: Tsukiyomi|move: Infestation|[of] p2a: \u8bc5\u5c06\u519b\n|\n|-weather|Snow|[upkeep]\n|-damage|p1a: Tsukiyomi|86\/100|[from] move: Infestation|[partiallytrapped]\n|upkeep\n|turn|10\n|\n|t:|1699854967\n|move|p1a: Tsukiyomi|Blizzard|p2a: \u8bc5\u5c06\u519b\n|-damage|p2a: \u8bc5\u5c06\u519b|0 fnt\n|faint|p2a: \u8bc5\u5c06\u519b\n|\n|-weather|Snow|[upkeep]\n|-end|p1a: Tsukiyomi|Infestation|[partiallytrapped]|[silent]\n|upkeep\n|\n|t:|1699854988\n|switch|p2a: \u706b\u7130\u5764|Blaziken, F|100\/100\n|turn|11\n|\n|t:|1699855001\n|move|p1a: Tsukiyomi|Aurora Veil|p1a: Tsukiyomi\n|-sidestart|p1: IplayforFuns|move: Aurora Veil\n|move|p2a: \u706b\u7130\u5764|Swords Dance|p2a: \u706b\u7130\u5764\n|-boost|p2a: \u706b\u7130\u5764|atk|2\n|\n|-weather|Snow|[upkeep]\n|-ability|p2a: \u706b\u7130\u5764|Speed Boost|boost\n|-boost|p2a: \u706b\u7130\u5764|spe|1\n|upkeep\n|turn|12\n|\n|t:|1699855006\n|move|p2a: \u706b\u7130\u5764|Flare Blitz|p1a: Tsukiyomi\n|-supereffective|p1a: Tsukiyomi\n|-damage|p1a: Tsukiyomi|0 fnt\n|faint|p1a: Tsukiyomi\n|-damage|p2a: \u706b\u7130\u5764|74\/100|[from] Recoil\n|\n|-weather|Snow|[upkeep]\n|-ability|p2a: \u706b\u7130\u5764|Speed Boost|boost\n|-boost|p2a: \u706b\u7130\u5764|spe|1\n|upkeep\n|\n|t:|1699855011\n|switch|p1a: Rocky|Glimmora, M, shiny|100\/100\n|turn|13\n|\n|t:|1699855021\n|move|p2a: \u706b\u7130\u5764|Close Combat|p1a: Rocky\n|-crit|p1a: Rocky\n|-enditem|p1a: Rocky|Focus Sash\n|-damage|p1a: Rocky|1\/100\n|-unboost|p2a: \u706b\u7130\u5764|def|1\n|-unboost|p2a: \u706b\u7130\u5764|spd|1\n|-activate|p1a: Rocky|ability: Toxic Debris\n|-sidestart|p2: DGP PLAYER|move: Toxic Spikes\n|move|p1a: Rocky|Earth Power|p2a: \u706b\u7130\u5764\n|-supereffective|p2a: \u706b\u7130\u5764\n|-damage|p2a: \u706b\u7130\u5764|0 fnt\n|faint|p2a: \u706b\u7130\u5764\n|\n|-weather|none\n|upkeep\n|\n|t:|1699855024\n|switch|p2a: \u6d17\u8863\u673a|Rotom-Wash|5\/100\n|turn|14\n|\n|t:|1699855032\n|move|p1a: Rocky|Energy Ball|p2a: \u6d17\u8863\u673a\n|-supereffective|p2a: \u6d17\u8863\u673a\n|-damage|p2a: \u6d17\u8863\u673a|0 fnt\n|faint|p2a: \u6d17\u8863\u673a\n|\n|upkeep\n|\n|t:|1699855043\n|switch|p2a: \u692a\u692a|Ogerpon-Wellspring, F|100\/100\n|-status|p2a: \u692a\u692a|psn\n|turn|15\n|\n|t:|1699855048\n|move|p2a: \u692a\u692a|Horn Leech|p1a: Rocky\n|-damage|p1a: Rocky|0 fnt\n|-activate|p1a: Rocky|ability: Toxic Debris\n|-sidestart|p2: DGP PLAYER|move: Toxic Spikes\n|faint|p1a: Rocky\n|\n|-damage|p2a: \u692a\u692a|88\/100 psn|[from] psn\n|upkeep\n|\n|t:|1699855055\n|switch|p1a: Zera\u00f2ra|Sneasler, F, shiny|100\/100\n|turn|16\n|\n|t:|1699855058\n|-terastallize|p2a: \u692a\u692a|Water\n|detailschange|p2a: \u692a\u692a|Ogerpon-Wellspring-Tera, F, tera:Water\n|-ability|p2a: \u692a\u692a|Embody Aspect (Wellspring)|boost\n|-boost|p2a: \u692a\u692a|spd|1\n|move|p2a: \u692a\u692a|Ivy Cudgel|p1a: Zera\u00f2ra\n|-crit|p1a: Zera\u00f2ra\n|-damage|p1a: Zera\u00f2ra|0 fnt\n|faint|p1a: Zera\u00f2ra\n|\n|-damage|p2a: \u692a\u692a|76\/100 psn|[from] psn\n|upkeep\n|\n|t:|1699855067\n|switch|p1a: Titania|Iron Valiant, shiny|100\/100\n|-enditem|p1a: Titania|Booster Energy\n|-activate|p1a: Titania|ability: Quark Drive|[fromitem]\n|-start|p1a: Titania|quarkdrivespe\n|turn|17\n|\n|t:|1699855078\n|-terastallize|p1a: Titania|Electric\n|move|p1a: Titania|Calm Mind|p1a: Titania\n|-boost|p1a: Titania|spa|1\n|-boost|p1a: Titania|spd|1\n|move|p2a: \u692a\u692a|Ivy Cudgel|p1a: Titania\n|-damage|p1a: Titania|53\/100\n|\n|-damage|p2a: \u692a\u692a|64\/100 psn|[from] psn\n|upkeep\n|turn|18\n|\n|t:|1699855084\n|move|p1a: Titania|Thunderbolt|p2a: \u692a\u692a\n|-supereffective|p2a: \u692a\u692a\n|-damage|p2a: \u692a\u692a|0 fnt\n|faint|p2a: \u692a\u692a\n|\n|-sideend|p1: IplayforFuns|move: Aurora Veil\n|upkeep\n|\n|t:|1699855087\n|switch|p2a: \u94c1\u5973\u4ec6|Iron Valiant|100\/100\n|-status|p2a: \u94c1\u5973\u4ec6|tox\n|-enditem|p2a: \u94c1\u5973\u4ec6|Booster Energy\n|-activate|p2a: \u94c1\u5973\u4ec6|ability: Quark Drive|[fromitem]\n|-start|p2a: \u94c1\u5973\u4ec6|quarkdrivespe\n|turn|19\n|\n|t:|1699855095\n|move|p2a: \u94c1\u5973\u4ec6|Moonblast|p1a: Titania\n|-damage|p1a: Titania|0 fnt\n|faint|p1a: Titania\n|-end|p1a: Titania|Quark Drive|[silent]\n|\n|-damage|p2a: \u94c1\u5973\u4ec6|94\/100 tox|[from] psn\n|upkeep\n|\n|t:|1699855098\n|switch|p1a: Ceru|Ceruledge, M, shiny|100\/100\n|turn|20\n|\n|t:|1699855105\n|move|p2a: \u94c1\u5973\u4ec6|Thunderbolt|p1a: Ceru\n|-damage|p1a: Ceru|66\/100\n|-status|p1a: Ceru|par\n|cant|p1a: Ceru|par\n|\n|-damage|p2a: \u94c1\u5973\u4ec6|82\/100 tox|[from] psn\n|upkeep\n|turn|21\n|\n|t:|1699855109\n|move|p2a: \u94c1\u5973\u4ec6|Thunderbolt|p1a: Ceru\n|-damage|p1a: Ceru|32\/100 par\n|move|p1a: Ceru|Bitter Blade|p2a: \u94c1\u5973\u4ec6\n|-damage|p2a: \u94c1\u5973\u4ec6|0 fnt\n|-heal|p1a: Ceru|72\/100 par|[from] drain|[of] p2a: \u94c1\u5973\u4ec6\n|faint|p2a: \u94c1\u5973\u4ec6\n|-end|p2a: \u94c1\u5973\u4ec6|Quark Drive|[silent]\n|-damage|p1a: Ceru|62\/100 par|[from] item: Life Orb\n|\n|win|IplayforFuns\n|raw|IplayforFuns's rating: 1470 &rarr; <strong>1497<\/strong><br \/>(+27 for winning)\n|raw|DGP PLAYER's rating: 1588 &rarr; <strong>1561<\/strong><br \/>(-27 for losing)\n|l|\u2606DGP PLAYER\n","uploadtime":1699855116,"views":18,"p1id":"iplayforfuns","p2id":"dgpplayer","formatid":"gen9nationaldex","rating":1497,"private":0,"password":""}