{"id":"gen9nationaldex-1998907382","p1":"sarahstevens2004","p2":"mops2002","format":"[Gen 9] National Dex","log":"|html|<div class=\"broadcast-blue\"><strong>[Gen 9] National Dex is currently suspecting Sneasler! For information on how to participate check out the <a href=\"https:\/\/www.smogon.com\/forums\/threads\/sv-national-dex-suspect-8-just-dance.3731534\/\">suspect thread<\/a>.<\/strong><\/div>\n|j|\u2606sarahstevens2004\n|j|\u2606mops2002\n|t:|1701011564\n|gametype|singles\n|player|p1|sarahstevens2004|falkner|\n|player|p2|mops2002|1|\n|teamsize|p1|6\n|teamsize|p2|6\n|gen|9\n|tier|[Gen 9] National Dex\n|rule|HP Percentage Mod: HP is shown in percentages\n|rule|Endless Battle Clause: Forcing endless battles is banned\n|rule|OHKO Clause: OHKO moves are banned\n|rule|Evasion Clause: Evasion abilities, items, and moves are banned\n|rule|Evasion Abilities Clause: Evasion abilities are banned\n|rule|Evasion Items Clause: Evasion items are banned\n|rule|Evasion Moves Clause: Evasion moves are banned\n|rule|Species Clause: Limit one of each Pok\u00e9mon\n|rule|Sleep Clause Mod: Limit one foe put to sleep\n|clearpoke\n|poke|p1|Ribombee, F|\n|poke|p1|Tapu Fini|\n|poke|p1|Zamazenta-*|\n|poke|p1|Sneasler, F|\n|poke|p1|Iron Valiant|\n|poke|p1|Scizor, M|\n|poke|p2|Venusaur, F|\n|poke|p2|Rotom-Mow|\n|poke|p2|Ferrothorn, F|\n|poke|p2|Toedscruel, M|\n|poke|p2|Sinistcha|\n|poke|p2|Meowscarada, F|\n|teampreview\n|c|\u2606mops2002|glhf\n|c|\u2606sarahstevens2004|glhf\n|\n|t:|1701011582\n|start\n|switch|p1a: Ribombee|Ribombee, F, shiny|100\/100\n|switch|p2a: Rotom|Rotom-Mow|100\/100\n|turn|1\n|\n|t:|1701011592\n|move|p2a: Rotom|Volt Switch|p1a: Ribombee\n|-damage|p1a: Ribombee|43\/100\n|\n|t:|1701011596\n|switch|p2a: Toedscruel|Toedscruel, M|100\/100|[from] Volt Switch\n|move|p1a: Ribombee|Sticky Web|p2a: Toedscruel\n|-sidestart|p2: mops2002|move: Sticky Web\n|\n|upkeep\n|turn|2\n|\n|t:|1701011606\n|move|p1a: Ribombee|Moonblast|p2a: Toedscruel\n|-damage|p2a: Toedscruel|71\/100\n|move|p2a: Toedscruel|Toxic Spikes|p1a: Ribombee\n|-sidestart|p1: sarahstevens2004|move: Toxic Spikes\n|\n|upkeep\n|turn|3\n|\n|t:|1701011619\n|move|p1a: Ribombee|Moonblast|p2a: Toedscruel\n|-damage|p2a: Toedscruel|38\/100\n|-unboost|p2a: Toedscruel|spa|1\n|move|p2a: Toedscruel|Rapid Spin|p1a: Ribombee\n|-damage|p1a: Ribombee|28\/100\n|-boost|p2a: Toedscruel|spe|1\n|-sideend|p2: mops2002|Sticky Web|[from] move: Rapid Spin|[of] p2a: Toedscruel\n|\n|upkeep\n|turn|4\n|\n|t:|1701011638\n|move|p1a: Ribombee|Sticky Web|p2a: Toedscruel\n|-sidestart|p2: mops2002|move: Sticky Web\n|move|p2a: Toedscruel|Rapid Spin|p1a: Ribombee\n|-damage|p1a: Ribombee|11\/100\n|-boost|p2a: Toedscruel|spe|1\n|-sideend|p2: mops2002|Sticky Web|[from] move: Rapid Spin|[of] p2a: Toedscruel\n|\n|upkeep\n|turn|5\n|\n|t:|1701011645\n|move|p2a: Toedscruel|Rapid Spin|p1a: Ribombee\n|-damage|p1a: Ribombee|0 fnt\n|-boost|p2a: Toedscruel|spe|1\n|faint|p1a: Ribombee\n|\n|upkeep\n|\n|t:|1701011647\n|switch|p1a: Sneasler|Sneasler, F|100\/100\n|-sideend|p1: sarahstevens2004|move: Toxic Spikes|[of] p1a: Sneasler\n|turn|6\n|\n|t:|1701011659\n|switch|p1a: Scizor|Scizor, M|100\/100\n|move|p2a: Toedscruel|Earth Power|p1a: Scizor\n|-damage|p1a: Scizor|65\/100\n|\n|upkeep\n|turn|7\n|\n|t:|1701011675\n|detailschange|p1a: Scizor|Scizor-Mega, M\n|-mega|p1a: Scizor|Scizor|Scizorite\n|move|p1a: Scizor|Bullet Punch|p2a: Toedscruel\n|-damage|p2a: Toedscruel|0 fnt\n|faint|p2a: Toedscruel\n|\n|upkeep\n|\n|t:|1701011695\n|switch|p2a: Rotom|Rotom-Mow|100\/100\n|turn|8\n|\n|t:|1701011700\n|move|p1a: Scizor|Bullet Punch|p2a: Rotom\n|-resisted|p2a: Rotom\n|-damage|p2a: Rotom|74\/100\n|move|p2a: Rotom|Volt Switch|p1a: Scizor\n|-damage|p1a: Scizor|26\/100\n|\n|t:|1701011708\n|switch|p2a: Ferrothorn|Ferrothorn, F|100\/100|[from] Volt Switch\n|\n|upkeep\n|turn|9\n|\n|t:|1701011715\n|move|p1a: Scizor|Close Combat|p2a: Ferrothorn\n|-supereffective|p2a: Ferrothorn\n|-damage|p2a: Ferrothorn|45\/100\n|-unboost|p1a: Scizor|def|1\n|-unboost|p1a: Scizor|spd|1\n|-damage|p1a: Scizor|14\/100|[from] ability: Iron Barbs|[of] p2a: Ferrothorn\n|-damage|p1a: Scizor|0 fnt|[from] item: Rocky Helmet|[of] p2a: Ferrothorn\n|faint|p1a: Scizor\n|move|p2a: Ferrothorn|Stealth Rock|p1: Scizor\n|-sidestart|p1: sarahstevens2004|move: Stealth Rock\n|\n|upkeep\n|\n|t:|1701011730\n|switch|p1a: Zamazenta|Zamazenta|100\/100\n|-damage|p1a: Zamazenta|94\/100|[from] Stealth Rock\n|-ability|p1a: Zamazenta|Dauntless Shield|boost\n|-boost|p1a: Zamazenta|def|1\n|turn|10\n|\n|t:|1701011766\n|-terastallize|p2a: Ferrothorn|Fairy\n|move|p1a: Zamazenta|Body Press|p2a: Ferrothorn\n|-resisted|p2a: Ferrothorn\n|-damage|p2a: Ferrothorn|28\/100\n|-damage|p1a: Zamazenta|82\/100|[from] ability: Iron Barbs|[of] p2a: Ferrothorn\n|-damage|p1a: Zamazenta|65\/100|[from] item: Rocky Helmet|[of] p2a: Ferrothorn\n|move|p2a: Ferrothorn|Leech Seed|p1a: Zamazenta\n|-start|p1a: Zamazenta|move: Leech Seed\n|\n|-heal|p1a: Zamazenta|72\/100|[from] item: Leftovers\n|-damage|p1a: Zamazenta|59\/100|[from] Leech Seed|[of] p2a: Ferrothorn\n|-heal|p2a: Ferrothorn|40\/100|[silent]\n|upkeep\n|turn|11\n|\n|t:|1701011780\n|move|p1a: Zamazenta|Iron Head|p2a: Ferrothorn\n|-supereffective|p2a: Ferrothorn\n|-damage|p2a: Ferrothorn|13\/100\n|-damage|p1a: Zamazenta|47\/100|[from] ability: Iron Barbs|[of] p2a: Ferrothorn\n|-damage|p1a: Zamazenta|30\/100|[from] item: Rocky Helmet|[of] p2a: Ferrothorn\n|move|p2a: Ferrothorn|Knock Off|p1a: Zamazenta\n|-resisted|p1a: Zamazenta\n|-damage|p1a: Zamazenta|25\/100\n|-enditem|p1a: Zamazenta|Leftovers|[from] move: Knock Off|[of] p2a: Ferrothorn\n|\n|-damage|p1a: Zamazenta|13\/100|[from] Leech Seed|[of] p2a: Ferrothorn\n|-heal|p2a: Ferrothorn|24\/100|[silent]\n|upkeep\n|turn|12\n|\n|t:|1701011793\n|move|p1a: Zamazenta|Iron Head|p2a: Ferrothorn\n|-supereffective|p2a: Ferrothorn\n|-damage|p2a: Ferrothorn|0 fnt\n|-damage|p1a: Zamazenta|0 fnt|[from] ability: Iron Barbs|[of] p2a: Ferrothorn\n|faint|p2a: Ferrothorn\n|faint|p1a: Zamazenta\n|\n|upkeep\n|\n|t:|1701011804\n|switch|p1a: Tapu Fini|Tapu Fini, shiny|100\/100\n|switch|p2a: Rotom|Rotom-Mow|74\/100\n|-damage|p1a: Tapu Fini|88\/100|[from] Stealth Rock\n|-fieldstart|move: Misty Terrain|[from] ability: Misty Surge|[of] p1a: Tapu Fini\n|turn|13\n|\n|t:|1701011812\n|move|p2a: Rotom|Thunderbolt|p1a: Tapu Fini\n|-supereffective|p1a: Tapu Fini\n|-damage|p1a: Tapu Fini|15\/100\n|move|p1a: Tapu Fini|Moonblast|p2a: Rotom\n|-damage|p2a: Rotom|20\/100\n|-unboost|p2a: Rotom|spa|1\n|\n|-heal|p1a: Tapu Fini|21\/100|[from] item: Leftovers\n|upkeep\n|turn|14\n|\n|t:|1701011827\n|move|p2a: Rotom|Thunderbolt|p1a: Tapu Fini\n|-supereffective|p1a: Tapu Fini\n|-damage|p1a: Tapu Fini|0 fnt\n|faint|p1a: Tapu Fini\n|\n|upkeep\n|\n|t:|1701011830\n|switch|p1a: Sneasler|Sneasler, F|100\/100\n|-damage|p1a: Sneasler|95\/100|[from] Stealth Rock\n|-enditem|p1a: Sneasler|Misty Seed\n|-boost|p1a: Sneasler|spd|1|[from] item: Misty Seed\n|turn|15\n|\n|t:|1701011849\n|-terastallize|p1a: Sneasler|Flying\n|move|p1a: Sneasler|Acrobatics|p2a: Rotom\n|-damage|p2a: Rotom|0 fnt\n|faint|p2a: Rotom\n|\n|upkeep\n|\n|t:|1701011859\n|switch|p2a: Sinistcha|Sinistcha|100\/100\n|turn|16\n|\n|t:|1701011868\n|move|p1a: Sneasler|Acrobatics|p2a: Sinistcha\n|-supereffective|p2a: Sinistcha\n|-damage|p2a: Sinistcha|15\/100\n|move|p2a: Sinistcha|Strength Sap|p1a: Sneasler\n|-unboost|p1a: Sneasler|atk|1\n|-heal|p2a: Sinistcha|100\/100\n|\n|upkeep\n|turn|17\n|\n|t:|1701011888\n|move|p1a: Sneasler|Swords Dance|p1a: Sneasler\n|-boost|p1a: Sneasler|atk|2\n|move|p2a: Sinistcha|Calm Mind|p2a: Sinistcha\n|-boost|p2a: Sinistcha|spa|1\n|-boost|p2a: Sinistcha|spd|1\n|\n|-fieldend|Misty Terrain\n|upkeep\n|turn|18\n|\n|t:|1701011895\n|move|p1a: Sneasler|Acrobatics|p2a: Sinistcha\n|-supereffective|p2a: Sinistcha\n|-damage|p2a: Sinistcha|0 fnt\n|faint|p2a: Sinistcha\n|\n|upkeep\n|\n|t:|1701011900\n|switch|p2a: Venusaur|Venusaur, F|100\/100\n|turn|19\n|\n|t:|1701011906\n|detailschange|p2a: Venusaur|Venusaur-Mega, F\n|-mega|p2a: Venusaur|Venusaur|Venusaurite\n|move|p1a: Sneasler|Acrobatics|p2a: Venusaur\n|-supereffective|p2a: Venusaur\n|-damage|p2a: Venusaur|0 fnt\n|faint|p2a: Venusaur\n|\n|upkeep\n|\n|t:|1701011913\n|switch|p2a: Meowscarada|Meowscarada, F|100\/100\n|turn|20\n|c|\u2606sarahstevens2004|i think that's it\n|\n|t:|1701011922\n|move|p1a: Sneasler|Acrobatics|p2a: Meowscarada\n|-supereffective|p2a: Meowscarada\n|-damage|p2a: Meowscarada|0 fnt\n|faint|p2a: Meowscarada\n|\n|win|sarahstevens2004\n|c|\u2606sarahstevens2004|GG\n|c|\u2606mops2002|yeah, sneasler is apperently a problem for my team :(\n|c|\u2606mops2002|gg\n","uploadtime":1701011943,"views":8,"p1id":"sarahstevens2004","p2id":"mops2002","formatid":"gen9nationaldex","rating":0,"private":0,"password":""}