{"id":"gen9nationaldex-1988560703","p1":"Ekkogandr","p2":"akyraaiko","format":"[Gen 9] National Dex","log":"|j|\u2606Ekkogandr\n|j|\u2606akyraaiko\n|t:|1699736220\n|gametype|singles\n|player|p1|Ekkogandr|turo-ai|\n|player|p2|akyraaiko|beauty-gen4dp|\n|teamsize|p1|6\n|teamsize|p2|6\n|gen|9\n|tier|[Gen 9] National Dex\n|rule|HP Percentage Mod: HP is shown in percentages\n|rule|Endless Battle Clause: Forcing endless battles is banned\n|rule|OHKO Clause: OHKO moves are banned\n|rule|Evasion Clause: Evasion abilities, items, and moves are banned\n|rule|Evasion Abilities Clause: Evasion abilities are banned\n|rule|Evasion Items Clause: Evasion items are banned\n|rule|Evasion Moves Clause: Evasion moves are banned\n|rule|Species Clause: Limit one of each Pok\u00e9mon\n|rule|Sleep Clause Mod: Limit one foe put to sleep\n|clearpoke\n|poke|p1|Kyurem|\n|poke|p1|Lopunny, F|\n|poke|p1|Tapu Lele|\n|poke|p1|Moltres|\n|poke|p1|Ting-Lu|\n|poke|p1|Landorus-Therian, M|\n|poke|p2|Rotom-Wash|\n|poke|p2|Ceruledge, M|\n|poke|p2|Pikachu-Original, M|\n|poke|p2|Aerodactyl, M|\n|poke|p2|Lycanroc-Dusk, M|\n|poke|p2|Ting-Lu|\n|teampreview\n|\n|t:|1699736231\n|start\n|switch|p1a: Alces|Ting-Lu|100\/100\n|switch|p2a: Aerodactyl|Aerodactyl, M|100\/100\n|-ability|p1a: Alces|Vessel of Ruin\n|turn|1\n|\n|t:|1699736240\n|detailschange|p2a: Aerodactyl|Aerodactyl-Mega, M\n|-mega|p2a: Aerodactyl|Aerodactyl|Aerodactylite\n|move|p2a: Aerodactyl|Aqua Tail|p1a: Alces\n|-supereffective|p1a: Alces\n|-damage|p1a: Alces|57\/100\n|move|p1a: Alces|Stealth Rock|p2a: Aerodactyl\n|-sidestart|p2: akyraaiko|move: Stealth Rock\n|\n|-heal|p1a: Alces|63\/100|[from] item: Leftovers\n|upkeep\n|turn|2\n|c|\u2606akyraaiko|n me xzinga\n|\n|t:|1699736248\n|move|p2a: Aerodactyl|Aqua Tail|p1a: Alces\n|-supereffective|p1a: Alces\n|-damage|p1a: Alces|20\/100\n|move|p1a: Alces|Whirlwind|p2a: Aerodactyl\n|drag|p2a: Ceruledge|Ceruledge, M|100\/100\n|-damage|p2a: Ceruledge|76\/100|[from] Stealth Rock\n|\n|-heal|p2a: Ceruledge|82\/100|[from] item: Leftovers\n|-heal|p1a: Alces|26\/100|[from] item: Leftovers\n|upkeep\n|turn|3\n|\n|t:|1699736261\n|switch|p1a: Terra Tigris|Landorus-Therian, M|100\/100\n|-ability|p1a: Terra Tigris|Intimidate|boost\n|-unboost|p2a: Ceruledge|atk|1\n|move|p2a: Ceruledge|Close Combat|p1a: Terra Tigris\n|-resisted|p1a: Terra Tigris\n|-damage|p1a: Terra Tigris|90\/100\n|-unboost|p2a: Ceruledge|def|1\n|-unboost|p2a: Ceruledge|spd|1\n|-damage|p2a: Ceruledge|65\/100|[from] item: Rocky Helmet|[of] p1a: Terra Tigris\n|\n|-heal|p2a: Ceruledge|72\/100|[from] item: Leftovers\n|upkeep\n|turn|4\n|\n|t:|1699736271\n|switch|p2a: Ting-Lu|Ting-Lu|100\/100\n|-damage|p2a: Ting-Lu|94\/100|[from] Stealth Rock\n|-ability|p2a: Ting-Lu|Vessel of Ruin\n|move|p1a: Terra Tigris|Earthquake|p2a: Ting-Lu\n|-damage|p2a: Ting-Lu|76\/100\n|\n|-heal|p2a: Ting-Lu|82\/100|[from] item: Leftovers\n|upkeep\n|turn|5\n|\n|t:|1699736280\n|move|p1a: Terra Tigris|U-turn|p2a: Ting-Lu\n|-supereffective|p2a: Ting-Lu\n|-damage|p2a: Ting-Lu|63\/100\n|\n|t:|1699736283\n|switch|p1a: Rixator|Lopunny, F|100\/100|[from] U-turn\n|move|p2a: Ting-Lu|Stealth Rock|p1a: Rixator\n|-sidestart|p1: Ekkogandr|move: Stealth Rock\n|\n|-heal|p2a: Ting-Lu|70\/100|[from] item: Leftovers\n|upkeep\n|turn|6\n|\n|t:|1699736293\n|detailschange|p1a: Rixator|Lopunny-Mega, F\n|-mega|p1a: Rixator|Lopunny|Lopunnite\n|move|p1a: Rixator|Fake Out|p2a: Ting-Lu\n|-damage|p2a: Ting-Lu|61\/100\n|cant|p2a: Ting-Lu|flinch\n|\n|-heal|p2a: Ting-Lu|67\/100|[from] item: Leftovers\n|upkeep\n|turn|7\n|\n|t:|1699736302\n|move|p1a: Rixator|Close Combat|p2a: Ting-Lu\n|-supereffective|p2a: Ting-Lu\n|-damage|p2a: Ting-Lu|11\/100\n|-unboost|p1a: Rixator|def|1\n|-unboost|p1a: Rixator|spd|1\n|move|p2a: Ting-Lu|Spikes|p1a: Rixator\n|-sidestart|p1: Ekkogandr|Spikes\n|\n|-heal|p2a: Ting-Lu|18\/100|[from] item: Leftovers\n|upkeep\n|turn|8\n|\n|t:|1699736305\n|move|p1a: Rixator|U-turn|p2a: Ting-Lu\n|-supereffective|p2a: Ting-Lu\n|-damage|p2a: Ting-Lu|0 fnt\n|faint|p2a: Ting-Lu\n|\n|t:|1699736309\n|switch|p1a: Terra Tigris|Landorus-Therian, M|90\/100|[from] U-turn\n|-damage|p1a: Terra Tigris|78\/100|[from] Stealth Rock\n|\n|upkeep\n|\n|t:|1699736318\n|switch|p2a: Rotom|Rotom-Wash|100\/100\n|-damage|p2a: Rotom|88\/100|[from] Stealth Rock\n|turn|9\n|\n|t:|1699736323\n|move|p1a: Terra Tigris|Defog|p2a: Rotom\n|-unboost|p2a: Rotom|evasion|1\n|-sideend|p2: akyraaiko|Stealth Rock|[from] move: Defog|[of] p1a: Terra Tigris\n|-sideend|p1: Ekkogandr|Spikes|[from] move: Defog|[of] p1a: Terra Tigris\n|-sideend|p1: Ekkogandr|Stealth Rock|[from] move: Defog|[of] p1a: Terra Tigris\n|move|p2a: Rotom|Hydro Pump|p1a: Terra Tigris\n|-supereffective|p1a: Terra Tigris\n|-damage|p1a: Terra Tigris|0 fnt\n|faint|p1a: Terra Tigris\n|\n|upkeep\n|\n|t:|1699736329\n|switch|p1a: Gelida Vagus|Kyurem, shiny|100\/100\n|-ability|p1a: Gelida Vagus|Pressure\n|turn|10\n|\n|t:|1699736352\n|switch|p2a: Ceruledge|Ceruledge, M|72\/100\n|move|p1a: Gelida Vagus|Substitute|p1a: Gelida Vagus\n|-start|p1a: Gelida Vagus|Substitute\n|-damage|p1a: Gelida Vagus|76\/100\n|\n|-heal|p2a: Ceruledge|78\/100|[from] item: Leftovers\n|upkeep\n|turn|11\n|\n|t:|1699736360\n|move|p1a: Gelida Vagus|Earth Power|p2a: Ceruledge\n|-supereffective|p2a: Ceruledge\n|-damage|p2a: Ceruledge|1\/100\n|move|p2a: Ceruledge|Bitter Blade|p1a: Gelida Vagus\n|-end|p1a: Gelida Vagus|Substitute\n|-heal|p2a: Ceruledge|18\/100|[from] drain|[of] p1a: Gelida Vagus\n|\n|-heal|p2a: Ceruledge|25\/100|[from] item: Leftovers\n|upkeep\n|turn|12\n|c|\u2606akyraaiko|uff\n|\n|t:|1699736372\n|move|p1a: Gelida Vagus|Earth Power|p2a: Ceruledge\n|-supereffective|p2a: Ceruledge\n|-damage|p2a: Ceruledge|0 fnt\n|faint|p2a: Ceruledge\n|\n|upkeep\n|\n|t:|1699736378\n|switch|p2a: Pikachu|Pikachu-Original, M|100\/100\n|turn|13\n|c|\u2606akyraaiko|NAOOO\n|c|\u2606akyraaiko|MISS CLICK\n|c|\u2606akyraaiko|AFLKASJFKLASOIL\u00c7KRFJLSDAJFK\u00c7L\n|\n|t:|1699736398\n|switch|p1a: Alces|Ting-Lu|26\/100\n|-ability|p1a: Alces|Vessel of Ruin\n|move|p2a: Pikachu|Iron Tail|p1a: Alces\n|-damage|p1a: Alces|6\/100\n|\n|-heal|p1a: Alces|12\/100|[from] item: Leftovers\n|upkeep\n|turn|14\n|\n|t:|1699736409\n|move|p2a: Pikachu|Surf|p1a: Alces\n|-supereffective|p1a: Alces\n|-damage|p1a: Alces|0 fnt\n|faint|p1a: Alces\n|\n|upkeep\n|\n|t:|1699736412\n|switch|p1a: Luna Cantor|Tapu Lele, shiny|100\/100\n|-fieldstart|move: Psychic Terrain|[from] ability: Psychic Surge|[of] p1a: Luna Cantor\n|turn|15\n|\n|t:|1699736420\n|move|p1a: Luna Cantor|Moonblast|p2a: Pikachu\n|-damage|p2a: Pikachu|0 fnt\n|faint|p2a: Pikachu\n|\n|upkeep\n|\n|t:|1699736431\n|switch|p2a: Aerodactyl|Aerodactyl-Mega, M|100\/100\n|turn|16\n|c|\u2606Ekkogandr|Porra\n|\n|t:|1699736454\n|switch|p1a: Vultur Volans|Moltres|100\/100\n|move|p2a: Aerodactyl|Rock Blast|p1a: Vultur Volans\n|-supereffective|p1a: Vultur Volans\n|-damage|p1a: Vultur Volans|56\/100\n|-supereffective|p1a: Vultur Volans\n|-damage|p1a: Vultur Volans|9\/100\n|-hitcount|p1a: Vultur Volans|2\n|\n|upkeep\n|turn|17\n|\n|t:|1699736491\n|move|p2a: Aerodactyl|Rock Blast|p1a: Vultur Volans\n|-supereffective|p1a: Vultur Volans\n|-damage|p1a: Vultur Volans|0 fnt\n|faint|p1a: Vultur Volans\n|-hitcount|p1: Vultur Volans|1\n|\n|upkeep\n|\n|t:|1699736501\n|switch|p1a: Gelida Vagus|Kyurem, shiny|76\/100\n|-ability|p1a: Gelida Vagus|Pressure\n|turn|18\n|\n|t:|1699736507\n|-terastallize|p1a: Gelida Vagus|Steel\n|move|p2a: Aerodactyl|Rock Blast|p1a: Gelida Vagus\n|-resisted|p1a: Gelida Vagus\n|-damage|p1a: Gelida Vagus|69\/100\n|-resisted|p1a: Gelida Vagus\n|-damage|p1a: Gelida Vagus|63\/100\n|-resisted|p1a: Gelida Vagus\n|-damage|p1a: Gelida Vagus|56\/100\n|-hitcount|p1a: Gelida Vagus|3\n|move|p1a: Gelida Vagus|Freeze-Dry|p2a: Aerodactyl\n|-supereffective|p2a: Aerodactyl\n|-damage|p2a: Aerodactyl|22\/100\n|-status|p2a: Aerodactyl|frz\n|\n|upkeep\n|turn|19\n|c|\u2606akyraaiko|F\n|\n|t:|1699736516\n|cant|p2a: Aerodactyl|frz\n|move|p1a: Gelida Vagus|Substitute|p1a: Gelida Vagus\n|-start|p1a: Gelida Vagus|Substitute\n|-damage|p1a: Gelida Vagus|31\/100\n|\n|-fieldend|move: Psychic Terrain\n|upkeep\n|turn|20\n|c|\u2606Ekkogandr|KKKKKKKKKKKK\n|c|\u2606Ekkogandr|Danilo moment\n|\n|t:|1699736522\n|-curestatus|p2a: Aerodactyl|frz|[msg]\n|move|p2a: Aerodactyl|Flamethrower|p1a: Gelida Vagus\n|-supereffective|p1a: Gelida Vagus\n|-end|p1a: Gelida Vagus|Substitute\n|move|p1a: Gelida Vagus|Roost|p1a: Gelida Vagus\n|-heal|p1a: Gelida Vagus|81\/100\n|\n|upkeep\n|turn|21\n|\n|t:|1699736528\n|move|p2a: Aerodactyl|Flamethrower|p1a: Gelida Vagus\n|-supereffective|p1a: Gelida Vagus\n|-damage|p1a: Gelida Vagus|56\/100\n|move|p1a: Gelida Vagus|Freeze-Dry|p2a: Aerodactyl\n|-supereffective|p2a: Aerodactyl\n|-damage|p2a: Aerodactyl|0 fnt\n|faint|p2a: Aerodactyl\n|\n|upkeep\n|\n|t:|1699736543\n|switch|p2a: Lycanroc|Lycanroc-Dusk, M, shiny|100\/100\n|turn|22\n|\n|t:|1699736551\n|switch|p1a: Luna Cantor|Tapu Lele, shiny|100\/100\n|-fieldstart|move: Psychic Terrain|[from] ability: Psychic Surge|[of] p1a: Luna Cantor\n|move|p2a: Lycanroc|Close Combat|p1a: Luna Cantor\n|-resisted|p1a: Luna Cantor\n|-damage|p1a: Luna Cantor|75\/100\n|-unboost|p2a: Lycanroc|def|1\n|-unboost|p2a: Lycanroc|spd|1\n|-damage|p2a: Lycanroc|91\/100|[from] item: Life Orb\n|\n|upkeep\n|turn|23\n|\n|t:|1699736559\n|move|p1a: Luna Cantor|Moonblast|p2a: Lycanroc\n|-damage|p2a: Lycanroc|0 fnt\n|faint|p2a: Lycanroc\n|\n|upkeep\n|\n|t:|1699736561\n|switch|p2a: Rotom|Rotom-Wash|88\/100\n|turn|24\n|\n|t:|1699736565\n|move|p1a: Luna Cantor|Moonblast|p2a: Rotom\n|-damage|p2a: Rotom|38\/100\n|move|p2a: Rotom|Hydro Pump|p1a: Luna Cantor\n|-damage|p1a: Luna Cantor|4\/100\n|\n|upkeep\n|turn|25\n|\n|t:|1699736568\n|move|p1a: Luna Cantor|Moonblast|p2a: Rotom\n|-damage|p2a: Rotom|0 fnt\n|faint|p2a: Rotom\n|\n|win|Ekkogandr\n|c|\u2606Ekkogandr|gg\n|c|\u2606akyraaiko|gg\n|l|\u2606akyraaiko\n","uploadtime":1699736574,"views":4,"p1id":"ekkogandr","p2id":"akyraaiko","formatid":"gen9nationaldex","rating":0,"private":0,"password":""}