{"id":"gen9nationaldex-1992462996","p1":"Jarl_jake","p2":"DrippinSauce","format":"[Gen 9] National Dex","log":"|j|\u2606Jarl_jake\n|j|\u2606DrippinSauce\n|t:|1700190610\n|gametype|singles\n|player|p1|Jarl_jake|red|1554\n|player|p2|DrippinSauce|cynthia-masters|1642\n|teamsize|p1|6\n|teamsize|p2|6\n|gen|9\n|tier|[Gen 9] National Dex\n|rated|\n|rule|HP Percentage Mod: HP is shown in percentages\n|rule|Endless Battle Clause: Forcing endless battles is banned\n|rule|OHKO Clause: OHKO moves are banned\n|rule|Evasion Clause: Evasion abilities, items, and moves are banned\n|rule|Evasion Abilities Clause: Evasion abilities are banned\n|rule|Evasion Items Clause: Evasion items are banned\n|rule|Evasion Moves Clause: Evasion moves are banned\n|rule|Species Clause: Limit one of each Pok\u00e9mon\n|rule|Sleep Clause Mod: Limit one foe put to sleep\n|clearpoke\n|poke|p1|Ninetales-Alola, F|\n|poke|p1|Serperior, F|\n|poke|p1|Salamence, M|\n|poke|p1|Blaziken, M|\n|poke|p1|Blastoise, F|\n|poke|p1|Grimmsnarl, M|\n|poke|p2|Heatran, M|\n|poke|p2|Great Tusk|\n|poke|p2|Ninetales-Alola, F|\n|poke|p2|Kommo-o, M|\n|poke|p2|Ursaluna, F|\n|poke|p2|Latias, F|\n|teampreview\n|inactive|Battle timer is ON: inactive players will automatically lose when time's up. (requested by DrippinSauce)\n|\n|t:|1700190623\n|start\n|switch|p1a: Chicharron|Blaziken, M, shiny|100\/100\n|switch|p2a: Molten|Heatran, M, shiny|100\/100\n|turn|1\n|\n|t:|1700190629\n|switch|p2a: Tuskin|Great Tusk|100\/100\n|move|p1a: Chicharron|Swords Dance|p1a: Chicharron\n|-boost|p1a: Chicharron|atk|2\n|\n|-ability|p1a: Chicharron|Speed Boost|boost\n|-boost|p1a: Chicharron|spe|1\n|upkeep\n|turn|2\n|\n|t:|1700190637\n|move|p1a: Chicharron|Blaze Kick|p2a: Tuskin\n|-damage|p2a: Tuskin|58\/100\n|move|p2a: Tuskin|Earthquake|p1a: Chicharron\n|-supereffective|p1a: Chicharron\n|-enditem|p1a: Chicharron|Focus Sash\n|-damage|p1a: Chicharron|1\/100\n|\n|-heal|p2a: Tuskin|64\/100|[from] item: Leftovers\n|-ability|p1a: Chicharron|Speed Boost|boost\n|-boost|p1a: Chicharron|spe|1\n|upkeep\n|turn|3\n|\n|t:|1700190654\n|move|p1a: Chicharron|Close Combat|p2a: Tuskin\n|-damage|p2a: Tuskin|7\/100\n|-unboost|p1a: Chicharron|def|1\n|-unboost|p1a: Chicharron|spd|1\n|move|p2a: Tuskin|Rapid Spin|p1a: Chicharron\n|-damage|p1a: Chicharron|0 fnt\n|-boost|p2a: Tuskin|spe|1\n|faint|p1a: Chicharron\n|\n|-heal|p2a: Tuskin|13\/100|[from] item: Leftovers\n|upkeep\n|\n|t:|1700190669\n|switch|p1a: Fat Girl|Blastoise, F, shiny|100\/100\n|turn|4\n|\n|t:|1700190676\n|move|p2a: Tuskin|Knock Off|p1a: Fat Girl\n|-damage|p1a: Fat Girl|72\/100\n|-enditem|p1a: Fat Girl|Heavy-Duty Boots|[from] move: Knock Off|[of] p2a: Tuskin\n|move|p1a: Fat Girl|Shell Smash|p1a: Fat Girl\n|-unboost|p1a: Fat Girl|def|1\n|-unboost|p1a: Fat Girl|spd|1\n|-boost|p1a: Fat Girl|atk|2\n|-boost|p1a: Fat Girl|spa|2\n|-boost|p1a: Fat Girl|spe|2\n|\n|-heal|p2a: Tuskin|19\/100|[from] item: Leftovers\n|upkeep\n|turn|5\n|\n|t:|1700190688\n|move|p1a: Fat Girl|Scald|p2a: Tuskin\n|-supereffective|p2a: Tuskin\n|-damage|p2a: Tuskin|0 fnt\n|faint|p2a: Tuskin\n|-end|p2a: Tuskin|Protosynthesis|[silent]\n|\n|upkeep\n|\n|t:|1700190692\n|switch|p2a: Snowin|Ninetales-Alola, F, shiny|100\/100\n|-weather|Snow|[from] ability: Snow Warning|[of] p2a: Snowin\n|turn|6\n|\n|t:|1700190697\n|move|p1a: Fat Girl|Scald|p2a: Snowin\n|-damage|p2a: Snowin|33\/100\n|-status|p2a: Snowin|brn\n|move|p2a: Snowin|Aurora Veil|p2a: Snowin\n|-sidestart|p2: DrippinSauce|move: Aurora Veil\n|\n|-weather|Snow|[upkeep]\n|-damage|p2a: Snowin|27\/100 brn|[from] brn\n|upkeep\n|turn|7\n|\n|t:|1700190707\n|move|p1a: Fat Girl|Scald|p2a: Snowin\n|-damage|p2a: Snowin|0 fnt\n|faint|p2a: Snowin\n|\n|-weather|Snow|[upkeep]\n|upkeep\n|\n|t:|1700190710\n|switch|p2a: Jettin|Latias, F|100\/100\n|turn|8\n|\n|t:|1700190717\n|detailschange|p2a: Jettin|Latias-Mega, F\n|-mega|p2a: Jettin|Latias|Latiasite\n|move|p1a: Fat Girl|Dark Pulse|p2a: Jettin\n|-supereffective|p2a: Jettin\n|-damage|p2a: Jettin|68\/100\n|move|p2a: Jettin|Agility|p2a: Jettin\n|-boost|p2a: Jettin|spe|2\n|\n|-weather|Snow|[upkeep]\n|upkeep\n|turn|9\n|\n|t:|1700190727\n|move|p2a: Jettin|Calm Mind|p2a: Jettin\n|-boost|p2a: Jettin|spa|1\n|-boost|p2a: Jettin|spd|1\n|move|p1a: Fat Girl|Shell Smash|p1a: Fat Girl\n|-unboost|p1a: Fat Girl|def|1\n|-unboost|p1a: Fat Girl|spd|1\n|-boost|p1a: Fat Girl|atk|2\n|-boost|p1a: Fat Girl|spa|2\n|-boost|p1a: Fat Girl|spe|2\n|\n|-weather|Snow|[upkeep]\n|upkeep\n|turn|10\n|\n|t:|1700190737\n|move|p1a: Fat Girl|Dark Pulse|p2a: Jettin\n|-supereffective|p2a: Jettin\n|-damage|p2a: Jettin|35\/100\n|move|p2a: Jettin|Stored Power|p1a: Fat Girl\n|-damage|p1a: Fat Girl|0 fnt\n|faint|p1a: Fat Girl\n|\n|-weather|none\n|upkeep\n|\n|t:|1700190748\n|switch|p1a: Grendel|Grimmsnarl, M, shiny|100\/100\n|turn|11\n|\n|t:|1700190751\n|move|p1a: Grendel|Sucker Punch|p2a: Jettin\n|-supereffective|p2a: Jettin\n|-damage|p2a: Jettin|6\/100\n|move|p2a: Jettin|Aura Sphere|p1a: Grendel\n|-damage|p1a: Grendel|52\/100\n|\n|upkeep\n|turn|12\n|\n|t:|1700190758\n|move|p1a: Grendel|Sucker Punch|p2a: Jettin\n|-supereffective|p2a: Jettin\n|-damage|p2a: Jettin|0 fnt\n|faint|p2a: Jettin\n|\n|upkeep\n|\n|t:|1700190776\n|switch|p2a: Molten|Heatran, M, shiny|100\/100\n|turn|13\n|\n|t:|1700190780\n|switch|p1a: Paarthurnax|Salamence, M, shiny|100\/100\n|move|p2a: Molten|Magma Storm|p1a: Paarthurnax\n|-resisted|p1a: Paarthurnax\n|-damage|p1a: Paarthurnax|71\/100\n|-activate|p1a: Paarthurnax|move: Magma Storm|[of] p2a: Molten\n|\n|-damage|p1a: Paarthurnax|58\/100|[from] move: Magma Storm|[partiallytrapped]\n|-sideend|p2: DrippinSauce|move: Aurora Veil\n|upkeep\n|turn|14\n|\n|t:|1700190790\n|move|p1a: Paarthurnax|Earthquake|p2a: Molten\n|-supereffective|p2a: Molten\n|-damage|p2a: Molten|0 fnt\n|faint|p2a: Molten\n|-ability|p1a: Paarthurnax|Moxie|boost\n|-boost|p1a: Paarthurnax|atk|1\n|\n|-end|p1a: Paarthurnax|Magma Storm|[partiallytrapped]|[silent]\n|upkeep\n|\n|t:|1700190800\n|switch|p2a: Screamin|Kommo-o, M|100\/100\n|turn|15\n|\n|t:|1700190805\n|switch|p1a: Grendel|Grimmsnarl, M, shiny|52\/100\n|move|p2a: Screamin|Clangorous Soul|p2a: Screamin\n|-boost|p2a: Screamin|atk|1\n|-boost|p2a: Screamin|def|1\n|-boost|p2a: Screamin|spa|1\n|-boost|p2a: Screamin|spd|1\n|-boost|p2a: Screamin|spe|1\n|-damage|p2a: Screamin|68\/100\n|\n|upkeep\n|turn|16\n|\n|t:|1700190816\n|move|p1a: Grendel|Thunder Wave|p2a: Screamin\n|-status|p2a: Screamin|par\n|move|p2a: Screamin|Boomburst|p1a: Grendel\n|-crit|p1a: Grendel\n|-damage|p1a: Grendel|0 fnt\n|faint|p1a: Grendel\n|\n|upkeep\n|\n|t:|1700190824\n|switch|p1a: Kurama|Ninetales-Alola, F, shiny|100\/100\n|-weather|Snow|[from] ability: Snow Warning|[of] p1a: Kurama\n|turn|17\n|\n|t:|1700190829\n|move|p1a: Kurama|Moonblast|p2a: Screamin\n|-supereffective|p2a: Screamin\n|-damage|p2a: Screamin|0 fnt\n|faint|p2a: Screamin\n|\n|-weather|Snow|[upkeep]\n|upkeep\n|\n|t:|1700190832\n|switch|p2a: Rushin|Ursaluna, F, shiny|100\/100\n|turn|18\n|\n|t:|1700190840\n|move|p1a: Kurama|Aurora Veil|p1a: Kurama\n|-sidestart|p1: Jarl_jake|move: Aurora Veil\n|move|p2a: Rushin|Bulk Up|p2a: Rushin\n|-boost|p2a: Rushin|atk|1\n|-boost|p2a: Rushin|def|1\n|\n|-weather|Snow|[upkeep]\n|-status|p2a: Rushin|brn|[from] item: Flame Orb\n|upkeep\n|turn|19\n|\n|t:|1700190851\n|move|p1a: Kurama|Blizzard|p2a: Rushin\n|-supereffective|p2a: Rushin\n|-damage|p2a: Rushin|23\/100 brn\n|move|p2a: Rushin|Facade|p1a: Kurama\n|-damage|p1a: Kurama|9\/100\n|\n|-weather|Snow|[upkeep]\n|-damage|p2a: Rushin|17\/100 brn|[from] brn\n|upkeep\n|turn|20\n|-message|DrippinSauce forfeited.\n|\n|win|Jarl_jake\n|raw|Jarl_jake's rating: 1554 &rarr; <strong>1579<\/strong><br \/>(+25 for winning)\n|raw|DrippinSauce's rating: 1642 &rarr; <strong>1617<\/strong><br \/>(-25 for losing)\n|l|\u2606DrippinSauce\n","uploadtime":1700190864,"views":31,"p1id":"jarljake","p2id":"drippinsauce","formatid":"gen9nationaldex","rating":1579,"private":0,"password":""}