{"id":"gen9nationaldex-1993883170","p1":"xiaoheizi114514","p2":"supig","format":"[Gen 9] National Dex","log":"|j|\u2606xiaoheizi114514\n|j|\u2606supig\n|t:|1700369693\n|gametype|singles\n|player|p1|xiaoheizi114514|cyclist|\n|player|p2|supig|guzma|\n|teamsize|p1|6\n|teamsize|p2|6\n|gen|9\n|tier|[Gen 9] National Dex\n|rule|HP Percentage Mod: HP is shown in percentages\n|rule|Endless Battle Clause: Forcing endless battles is banned\n|rule|OHKO Clause: OHKO moves are banned\n|rule|Evasion Clause: Evasion abilities, items, and moves are banned\n|rule|Evasion Abilities Clause: Evasion abilities are banned\n|rule|Evasion Items Clause: Evasion items are banned\n|rule|Evasion Moves Clause: Evasion moves are banned\n|rule|Species Clause: Limit one of each Pok\u00e9mon\n|rule|Sleep Clause Mod: Limit one foe put to sleep\n|clearpoke\n|poke|p1|Alomomola, M|\n|poke|p1|Slowking-Galar, F|\n|poke|p1|Ting-Lu|\n|poke|p1|Ursaluna, M|\n|poke|p1|Tapu Koko|\n|poke|p1|Scizor, F|\n|poke|p2|Tapu Koko|\n|poke|p2|Iron Valiant|\n|poke|p2|Hawlucha, F|\n|poke|p2|Iron Moth|\n|poke|p2|Dragonite, F|\n|poke|p2|Lopunny, M|\n|teampreview\n|c|\u2606supig|\u5514\n|c|\u2606supig|\u8d4c\u5bf9\u4e86\n|c|\u2606supig|\u679c\u7136\u662f\u5c0f\u9ed1\u5b50\n|\n|t:|1700369713\n|start\n|switch|p1a: Tapu Koko|Tapu Koko|100\/100\n|switch|p2a: Tapu Koko|Tapu Koko|100\/100\n|-fieldstart|move: Electric Terrain|[from] ability: Electric Surge|[of] p2a: Tapu Koko\n|turn|1\n|\n|t:|1700369744\n|move|p2a: Tapu Koko|U-turn|p1a: Tapu Koko\n|-resisted|p1a: Tapu Koko\n|-damage|p1a: Tapu Koko|90\/100\n|\n|t:|1700369751\n|switch|p2a: Lopunny|Lopunny, M|100\/100|[from] U-turn\n|move|p1a: Tapu Koko|Dazzling Gleam|p2a: Lopunny\n|-damage|p2a: Lopunny|46\/100\n|-damage|p1a: Tapu Koko|80\/100|[from] item: Life Orb\n|\n|upkeep\n|turn|2\n|\n|t:|1700369754\n|switch|p1a: Alomomola|Alomomola, M|100\/100\n|detailschange|p2a: Lopunny|Lopunny-Mega, M\n|-mega|p2a: Lopunny|Lopunny|Lopunnite\n|move|p2a: Lopunny|Fake Out|p1a: Alomomola\n|-damage|p1a: Alomomola|89\/100\n|\n|upkeep\n|turn|3\n|\n|t:|1700369761\n|switch|p2a: Iron Valiant|Iron Valiant|100\/100\n|-activate|p2a: Iron Valiant|ability: Quark Drive\n|-start|p2a: Iron Valiant|quarkdrivespe\n|move|p1a: Alomomola|Flip Turn|p2a: Iron Valiant\n|-damage|p2a: Iron Valiant|82\/100\n|\n|t:|1700369765\n|switch|p1a: Slowking|Slowking-Galar, F|100\/100|[from] Flip Turn\n|\n|upkeep\n|turn|4\n|inactive|Battle timer is ON: inactive players will automatically lose when time's up. (requested by xiaoheizi114514)\n|\n|t:|1700369772\n|move|p2a: Iron Valiant|Psyshock|p1a: Slowking\n|-damage|p1a: Slowking|65\/100\n|-damage|p2a: Iron Valiant|72\/100|[from] item: Life Orb\n|move|p1a: Slowking|Sludge Bomb|p2a: Iron Valiant\n|-supereffective|p2a: Iron Valiant\n|-damage|p2a: Iron Valiant|0 fnt\n|faint|p2a: Iron Valiant\n|-end|p2a: Iron Valiant|Quark Drive|[silent]\n|\n|upkeep\n|c|\u2606supig|:(\n|\n|t:|1700369779\n|switch|p2a: Dragonite|Dragonite, F, shiny|100\/100\n|turn|5\n|\n|t:|1700369785\n|switch|p1a: Alomomola|Alomomola, M|100\/100\n|move|p2a: Dragonite|Dragon Dance|p2a: Dragonite\n|-boost|p2a: Dragonite|atk|1\n|-boost|p2a: Dragonite|spe|1\n|\n|upkeep\n|turn|6\n|\n|t:|1700369789\n|move|p2a: Dragonite|Dragon Dance|p2a: Dragonite\n|-boost|p2a: Dragonite|atk|1\n|-boost|p2a: Dragonite|spe|1\n|move|p1a: Alomomola|Toxic|p2a: Dragonite|[miss]\n|-miss|p1a: Alomomola|p2a: Dragonite\n|\n|upkeep\n|turn|7\n|\n|t:|1700369797\n|switch|p1a: Tapu Koko|Tapu Koko|80\/100\n|-zpower|p2a: Dragonite\n|move|p2a: Dragonite|Devastating Drake|p1a: Tapu Koko|[zeffect]\n|-immune|p1a: Tapu Koko\n|\n|upkeep\n|turn|8\n|c|\u2606supig|:(\n|\n|t:|1700369805\n|switch|p1a: Ting-Lu|Ting-Lu|100\/100\n|-ability|p1a: Ting-Lu|Vessel of Ruin\n|move|p2a: Dragonite|Earthquake|p1a: Ting-Lu\n|-damage|p1a: Ting-Lu|55\/100\n|\n|-heal|p1a: Ting-Lu|61\/100|[from] item: Leftovers\n|-fieldend|move: Electric Terrain\n|upkeep\n|turn|9\n|\n|t:|1700369809\n|move|p2a: Dragonite|Outrage|p1a: Ting-Lu\n|-damage|p1a: Ting-Lu|0 fnt\n|faint|p1a: Ting-Lu\n|\n|upkeep\n|\n|t:|1700369813\n|switch|p1a: Tapu Koko|Tapu Koko|80\/100\n|-fieldstart|move: Electric Terrain|[from] ability: Electric Surge|[of] p1a: Tapu Koko\n|turn|10\n|\n|t:|1700369818\n|move|p2a: Dragonite|Outrage|p1a: Tapu Koko|[from]lockedmove\n|-immune|p1a: Tapu Koko\n|move|p1a: Tapu Koko|Dazzling Gleam|p2a: Dragonite\n|-supereffective|p2a: Dragonite\n|-damage|p2a: Dragonite|51\/100\n|-damage|p1a: Tapu Koko|70\/100|[from] item: Life Orb\n|\n|upkeep\n|turn|11\n|\n|t:|1700369822\n|switch|p1a: Scizor|Scizor, F|100\/100\n|move|p2a: Dragonite|Earthquake|p1a: Scizor\n|-damage|p1a: Scizor|44\/100\n|\n|upkeep\n|turn|12\n|\n|t:|1700369825\n|detailschange|p1a: Scizor|Scizor-Mega, F\n|-mega|p1a: Scizor|Scizor|Scizorite\n|move|p1a: Scizor|Bullet Punch|p2a: Dragonite\n|-damage|p2a: Dragonite|17\/100\n|move|p2a: Dragonite|Fire Punch|p1a: Scizor\n|-supereffective|p1a: Scizor\n|-crit|p1a: Scizor\n|-damage|p1a: Scizor|0 fnt\n|faint|p1a: Scizor\n|\n|upkeep\n|\n|t:|1700369830\n|switch|p1a: Alomomola|Alomomola, M|100\/100\n|turn|13\n|\n|t:|1700369836\n|move|p2a: Dragonite|Outrage|p1a: Alomomola\n|-damage|p1a: Alomomola|24\/100\n|move|p1a: Alomomola|Toxic|p2a: Dragonite\n|-status|p2a: Dragonite|tox\n|\n|-damage|p2a: Dragonite|11\/100 tox|[from] psn\n|upkeep\n|turn|14\n|\n|t:|1700369840\n|switch|p1a: Tapu Koko|Tapu Koko|70\/100\n|move|p2a: Dragonite|Outrage|p1a: Tapu Koko|[from]lockedmove\n|-immune|p1a: Tapu Koko\n|-start|p2a: Dragonite|confusion|[fatigue]\n|\n|-damage|p2a: Dragonite|0 fnt|[from] psn\n|faint|p2a: Dragonite\n|-fieldend|move: Electric Terrain\n|upkeep\n|\n|t:|1700369844\n|switch|p2a: Iron Moth|Iron Moth|100\/100\n|turn|15\n|\n|t:|1700369846\n|move|p1a: Tapu Koko|Volt Switch|p2a: Iron Moth\n|-damage|p2a: Iron Moth|61\/100\n|-damage|p1a: Tapu Koko|60\/100|[from] item: Life Orb\n|\n|t:|1700369848\n|switch|p1a: Slowking|Slowking-Galar, F|98\/100|[from] Volt Switch\n|move|p2a: Iron Moth|Sludge Wave|p1a: Slowking\n|-resisted|p1a: Slowking\n|-damage|p1a: Slowking|84\/100\n|\n|upkeep\n|turn|16\n|\n|t:|1700369854\n|-terastallize|p2a: Iron Moth|Ground\n|move|p2a: Iron Moth|Tera Blast|p1a: Slowking|[anim] Tera Blast Ground\n|-supereffective|p1a: Slowking\n|-damage|p1a: Slowking|35\/100\n|move|p1a: Slowking|Future Sight|p2a: Iron Moth\n|-start|p1a: Slowking|move: Future Sight\n|\n|upkeep\n|turn|17\n|\n|t:|1700369861\n|move|p2a: Iron Moth|Tera Blast|p1a: Slowking|[anim] Tera Blast Ground\n|-supereffective|p1a: Slowking\n|-damage|p1a: Slowking|0 fnt\n|faint|p1a: Slowking\n|\n|upkeep\n|\n|t:|1700369862\n|switch|p1a: Ursaluna|Ursaluna, M|100\/100\n|turn|18\n|\n|t:|1700369868\n|move|p2a: Iron Moth|Energy Ball|p1a: Ursaluna\n|-supereffective|p1a: Ursaluna\n|-damage|p1a: Ursaluna|40\/100\n|move|p1a: Ursaluna|Headlong Rush|p2a: Iron Moth\n|-damage|p2a: Iron Moth|0 fnt\n|-unboost|p1a: Ursaluna|def|1\n|-unboost|p1a: Ursaluna|spd|1\n|faint|p2a: Iron Moth\n|-end|p2a: Iron Moth|Quark Drive|[silent]\n|\n|-hint|Future Sight did not hit because the target is fainted.\n|-status|p1a: Ursaluna|brn|[from] item: Flame Orb\n|upkeep\n|\n|t:|1700369872\n|switch|p2a: Tapu Koko|Tapu Koko|100\/100\n|-fieldstart|move: Electric Terrain|[from] ability: Electric Surge|[of] p2a: Tapu Koko\n|turn|19\n|\n|t:|1700369877\n|move|p2a: Tapu Koko|Dazzling Gleam|p1a: Ursaluna\n|-damage|p1a: Ursaluna|0 fnt\n|faint|p1a: Ursaluna\n|\n|upkeep\n|\n|t:|1700369880\n|switch|p1a: Tapu Koko|Tapu Koko|60\/100\n|turn|20\n|\n|t:|1700369889\n|move|p2a: Tapu Koko|Thunderbolt|p1a: Tapu Koko\n|-resisted|p1a: Tapu Koko\n|-damage|p1a: Tapu Koko|19\/100\n|move|p1a: Tapu Koko|Dazzling Gleam|p2a: Tapu Koko\n|-damage|p2a: Tapu Koko|36\/100\n|-damage|p1a: Tapu Koko|9\/100|[from] item: Life Orb\n|\n|upkeep\n|turn|21\n|\n|t:|1700369892\n|move|p1a: Tapu Koko|Dazzling Gleam|p2a: Tapu Koko\n|-damage|p2a: Tapu Koko|0 fnt\n|faint|p2a: Tapu Koko\n|-damage|p1a: Tapu Koko|0 fnt|[from] item: Life Orb\n|faint|p1a: Tapu Koko\n|\n|upkeep\n|\n|t:|1700369897\n|switch|p2a: Lopunny|Lopunny-Mega, M|46\/100\n|switch|p1a: Alomomola|Alomomola, M|57\/100\n|turn|22\n|\n|t:|1700369903\n|move|p1a: Alomomola|Protect|p1a: Alomomola\n|-singleturn|p1a: Alomomola|Protect\n|move|p2a: Lopunny|Close Combat|p1a: Alomomola\n|-activate|p1a: Alomomola|move: Protect\n|\n|upkeep\n|turn|23\n|c|\u2606supig|wu\n|\n|t:|1700369907\n|move|p2a: Lopunny|Close Combat|p1a: Alomomola\n|-damage|p1a: Alomomola|25\/100\n|-unboost|p2a: Lopunny|def|1\n|-unboost|p2a: Lopunny|spd|1\n|move|p1a: Alomomola|Wish|p1a: Alomomola\n|\n|upkeep\n|turn|24\n|\n|t:|1700369911\n|move|p1a: Alomomola|Protect|p1a: Alomomola\n|-singleturn|p1a: Alomomola|Protect\n|move|p2a: Lopunny|Close Combat|p1a: Alomomola\n|-activate|p1a: Alomomola|move: Protect\n|\n|-heal|p1a: Alomomola|75\/100|[from] move: Wish|[wisher] Alomomola\n|upkeep\n|turn|25\n|\n|t:|1700369914\n|switch|p2a: Hawlucha|Hawlucha, F|100\/100\n|-enditem|p2a: Hawlucha|Electric Seed\n|-boost|p2a: Hawlucha|def|1|[from] item: Electric Seed\n|move|p1a: Alomomola|Wish|p1a: Alomomola\n|\n|upkeep\n|turn|26\n|\n|t:|1700369916\n|move|p2a: Hawlucha|Swords Dance|p2a: Hawlucha\n|-boost|p2a: Hawlucha|atk|2\n|move|p1a: Alomomola|Toxic|p2a: Hawlucha\n|-status|p2a: Hawlucha|tox\n|\n|-heal|p1a: Alomomola|100\/100|[from] move: Wish|[wisher] Alomomola\n|-damage|p2a: Hawlucha|94\/100 tox|[from] psn\n|-fieldend|move: Electric Terrain\n|upkeep\n|turn|27\n|\n|t:|1700369922\n|move|p1a: Alomomola|Protect|p1a: Alomomola\n|-singleturn|p1a: Alomomola|Protect\n|move|p2a: Hawlucha|Swords Dance|p2a: Hawlucha\n|-boost|p2a: Hawlucha|atk|2\n|\n|-damage|p2a: Hawlucha|82\/100 tox|[from] psn\n|upkeep\n|turn|28\n|c|\u2606supig|\u5c0f\u9ed1\u5b50\u7684\u4fdd\u59c6\u80b2\n|c|\u2606supig|\u9c7c\uff09\n|\n|t:|1700369933\n|move|p2a: Hawlucha|Close Combat|p1a: Alomomola\n|-damage|p1a: Alomomola|9\/100\n|-unboost|p2a: Hawlucha|def|1\n|-unboost|p2a: Hawlucha|spd|1\n|move|p1a: Alomomola|Wish|p1a: Alomomola\n|\n|-damage|p2a: Hawlucha|63\/100 tox|[from] psn\n|upkeep\n|turn|29\n|\n|t:|1700369941\n|-terastallize|p1a: Alomomola|Ghost\n|move|p2a: Hawlucha|Close Combat|p1a: Alomomola\n|-immune|p1a: Alomomola\n|move|p1a: Alomomola|Flip Turn|p2a: Hawlucha\n|-damage|p2a: Hawlucha|44\/100 tox\n|\n|-heal|p1a: Alomomola|59\/100|[from] move: Wish|[wisher] Alomomola\n|-damage|p2a: Hawlucha|20\/100 tox|[from] psn\n|upkeep\n|turn|30\n|\n|t:|1700369946\n|move|p1a: Alomomola|Protect|p1a: Alomomola\n|-singleturn|p1a: Alomomola|Protect\n|move|p2a: Hawlucha|Acrobatics|p1a: Alomomola\n|-activate|p1a: Alomomola|move: Protect\n|\n|-damage|p2a: Hawlucha|0 fnt|[from] psn\n|faint|p2a: Hawlucha\n|upkeep\n|c|\u2606supig|:(\n|c|\u2606xiaoheizi114514|gg\n|c|\u2606supig|\u8fd9\u4e00\u4e0b\u662f\u6211\u771f\u6ca1\u60f3\u5230\u7684\n|\n|t:|1700369967\n|switch|p2a: Lopunny|Lopunny-Mega, M|46\/100\n|turn|31\n|\n|t:|1700369970\n|move|p2a: Lopunny|Fake Out|p1a: Alomomola\n|-damage|p1a: Alomomola|48\/100\n|cant|p1a: Alomomola|flinch\n|\n|upkeep\n|turn|32\n|\n|t:|1700369976\n|move|p2a: Lopunny|Close Combat|p1a: Alomomola\n|-damage|p1a: Alomomola|16\/100\n|-unboost|p2a: Lopunny|def|1\n|-unboost|p2a: Lopunny|spd|1\n|move|p1a: Alomomola|Wish|p1a: Alomomola\n|\n|upkeep\n|turn|33\n|\n|t:|1700369981\n|move|p1a: Alomomola|Protect|p1a: Alomomola\n|-singleturn|p1a: Alomomola|Protect\n|move|p2a: Lopunny|Close Combat|p1a: Alomomola\n|-activate|p1a: Alomomola|move: Protect\n|\n|-heal|p1a: Alomomola|66\/100|[from] move: Wish|[wisher] Alomomola\n|upkeep\n|turn|34\n|\n|t:|1700369987\n|move|p2a: Lopunny|Close Combat|p1a: Alomomola\n|-damage|p1a: Alomomola|34\/100\n|-unboost|p2a: Lopunny|def|1\n|-unboost|p2a: Lopunny|spd|1\n|move|p1a: Alomomola|Wish|p1a: Alomomola\n|\n|upkeep\n|turn|35\n|\n|t:|1700369990\n|move|p1a: Alomomola|Protect|p1a: Alomomola\n|-singleturn|p1a: Alomomola|Protect\n|move|p2a: Lopunny|Return|p1a: Alomomola\n|-activate|p1a: Alomomola|move: Protect\n|\n|-heal|p1a: Alomomola|84\/100|[from] move: Wish|[wisher] Alomomola\n|upkeep\n|turn|36\n|c|\u2606supig|\u6211\u7b49\u4f1a\u53d1\u623f\u91cc\n|\n|t:|1700370000\n|move|p2a: Lopunny|Return|p1a: Alomomola\n|-damage|p1a: Alomomola|57\/100\n|move|p1a: Alomomola|Flip Turn|p2a: Lopunny\n|-damage|p2a: Lopunny|5\/100\n|\n|upkeep\n|turn|37\n|\n|t:|1700370005\n|move|p2a: Lopunny|U-turn|p1a: Alomomola\n|-resisted|p1a: Alomomola\n|-damage|p1a: Alomomola|51\/100\n|move|p1a: Alomomola|Flip Turn|p2a: Lopunny\n|-damage|p2a: Lopunny|0 fnt\n|faint|p2a: Lopunny\n|\n|win|xiaoheizi114514\n|l|\u2606xiaoheizi114514\n","uploadtime":1700370010,"views":7,"p1id":"xiaoheizi114514","p2id":"supig","formatid":"gen9nationaldex","rating":0,"private":0,"password":""}