{"id":"gen9nationaldex-1990487906","p1":"AesirEcho","p2":"ttheus","format":"[Gen 9] National Dex","log":"|j|\u2606AesirEcho\n|j|\u2606ttheus\n|t:|1699975488\n|gametype|singles\n|player|p1|AesirEcho|ethan-masters|\n|player|p2|ttheus|102|\n|teamsize|p1|6\n|teamsize|p2|6\n|gen|9\n|tier|[Gen 9] National Dex\n|rule|HP Percentage Mod: HP is shown in percentages\n|rule|Endless Battle Clause: Forcing endless battles is banned\n|rule|OHKO Clause: OHKO moves are banned\n|rule|Evasion Clause: Evasion abilities, items, and moves are banned\n|rule|Evasion Abilities Clause: Evasion abilities are banned\n|rule|Evasion Items Clause: Evasion items are banned\n|rule|Evasion Moves Clause: Evasion moves are banned\n|rule|Species Clause: Limit one of each Pok\u00e9mon\n|rule|Sleep Clause Mod: Limit one foe put to sleep\n|clearpoke\n|poke|p1|Charizard, M|\n|poke|p1|Lilligant-Hisui, F|\n|poke|p1|Sneasler, F|\n|poke|p1|Morpeko, M|\n|poke|p1|Toxapex, F|\n|poke|p1|Ninjask, F|\n|poke|p2|Typhlosion-Hisui, M|\n|poke|p2|Obstagoon, M|\n|poke|p2|Dragonite, M|\n|poke|p2|Morpeko, M|\n|poke|p2|Basculegion, M|\n|poke|p2|Comfey, F|\n|teampreview\n|c|\u2606AesirEcho|MERDA\n|\n|t:|1699975503\n|start\n|switch|p1a: Sneasler|Sneasler, F|100\/100\n|switch|p2a: Typhlosion|Typhlosion-Hisui, M|100\/100\n|turn|1\n|\n|t:|1699975513\n|move|p1a: Sneasler|U-turn|p2a: Typhlosion\n|-resisted|p2a: Typhlosion\n|-damage|p2a: Typhlosion|91\/100\n|\n|t:|1699975516\n|switch|p1a: Toxapex|Toxapex, F|100\/100|[from] U-turn\n|move|p2a: Typhlosion|Infernal Parade|p1a: Toxapex\n|-damage|p1a: Toxapex|71\/100\n|-damage|p2a: Typhlosion|82\/100|[from] item: Life Orb\n|\n|upkeep\n|turn|2\n|\n|t:|1699975537\n|switch|p2a: Dragonite|Dragonite, M|100\/100\n|move|p1a: Toxapex|Scald|p2a: Dragonite\n|-resisted|p2a: Dragonite\n|-damage|p2a: Dragonite|92\/100\n|\n|-heal|p2a: Dragonite|98\/100|[from] item: Leftovers\n|upkeep\n|turn|3\n|\n|t:|1699975545\n|move|p2a: Dragonite|Dragon Dance|p2a: Dragonite\n|-boost|p2a: Dragonite|atk|1\n|-boost|p2a: Dragonite|spe|1\n|move|p1a: Toxapex|Toxic|p2a: Dragonite\n|-status|p2a: Dragonite|tox\n|\n|-heal|p2a: Dragonite|100\/100 tox|[from] item: Leftovers\n|-damage|p2a: Dragonite|94\/100 tox|[from] psn\n|upkeep\n|turn|4\n|c|\u2606ttheus|esse n\u00e3o \u00e9 o meu time\n|\n|t:|1699975556\n|switch|p1a: Ninjask|Ninjask, F|100\/100\n|move|p2a: Dragonite|Dragon Dance|p2a: Dragonite\n|-boost|p2a: Dragonite|atk|1\n|-boost|p2a: Dragonite|spe|1\n|\n|-heal|p2a: Dragonite|100\/100 tox|[from] item: Leftovers\n|-damage|p2a: Dragonite|88\/100 tox|[from] psn\n|upkeep\n|turn|5\n|c|\u2606AesirEcho|outro dia eu copio igual\n|c|\u2606AesirEcho|mas agr eu peguei s\u00f3 os pokemons msm\n|\n|t:|1699975577\n|move|p1a: Ninjask|Protect|p1a: Ninjask\n|-singleturn|p1a: Ninjask|Protect\n|move|p2a: Dragonite|Ice Spinner|p1a: Ninjask\n|-activate|p1a: Ninjask|move: Protect\n|\n|-heal|p2a: Dragonite|94\/100 tox|[from] item: Leftovers\n|-damage|p2a: Dragonite|76\/100 tox|[from] psn\n|-ability|p1a: Ninjask|Speed Boost|boost\n|-boost|p1a: Ninjask|spe|1\n|upkeep\n|turn|6\n|c|\u2606ttheus|vc \u00e9 um bob\u00e3o\n|\n|t:|1699975585\n|move|p2a: Dragonite|Extreme Speed|p1a: Ninjask\n|-damage|p1a: Ninjask|0 fnt\n|faint|p1a: Ninjask\n|\n|-heal|p2a: Dragonite|82\/100 tox|[from] item: Leftovers\n|-damage|p2a: Dragonite|57\/100 tox|[from] psn\n|upkeep\n|\n|t:|1699975591\n|switch|p1a: Sneasler|Sneasler, F|100\/100\n|turn|7\n|\n|t:|1699975596\n|switch|p2a: Typhlosion|Typhlosion-Hisui, M|82\/100\n|move|p1a: Sneasler|Fake Out|p2a: Typhlosion\n|-immune|p2a: Typhlosion\n|\n|upkeep\n|turn|8\n|\n|t:|1699975604\n|move|p1a: Sneasler|Dire Claw|p2a: Typhlosion\n|-resisted|p2a: Typhlosion\n|-damage|p2a: Typhlosion|53\/100\n|-status|p2a: Typhlosion|psn|[from] ability: Poison Touch|[of] p1a: Sneasler\n|move|p2a: Typhlosion|Calm Mind|p2a: Typhlosion\n|-boost|p2a: Typhlosion|spa|1\n|-boost|p2a: Typhlosion|spd|1\n|\n|-damage|p2a: Typhlosion|41\/100 psn|[from] psn\n|upkeep\n|turn|9\n|\n|t:|1699975614\n|move|p1a: Sneasler|U-turn|p2a: Typhlosion\n|-resisted|p2a: Typhlosion\n|-damage|p2a: Typhlosion|32\/100 psn\n|c|\u2606AesirEcho|teria sido magnifico se vc tivesse ido com esse time\n|\n|t:|1699975626\n|switch|p1a: Toxapex|Toxapex, F|100\/100|[from] U-turn\n|move|p2a: Typhlosion|Infernal Parade|p1a: Toxapex\n|-damage|p1a: Toxapex|54\/100\n|-damage|p2a: Typhlosion|22\/100 psn|[from] item: Life Orb\n|\n|-damage|p2a: Typhlosion|10\/100 psn|[from] psn\n|upkeep\n|turn|10\n|\n|t:|1699975635\n|move|p2a: Typhlosion|Infernal Parade|p1a: Toxapex\n|-damage|p1a: Toxapex|9\/100\n|-damage|p2a: Typhlosion|0 fnt|[from] item: Life Orb\n|faint|p2a: Typhlosion\n|move|p1a: Toxapex|Recover|p1a: Toxapex\n|-heal|p1a: Toxapex|60\/100\n|\n|upkeep\n|\n|t:|1699975639\n|switch|p2a: Morpeko|Morpeko, M, shiny|100\/100\n|turn|11\n|\n|t:|1699975646\n|switch|p1a: Morpeko|Morpeko, M|100\/100\n|move|p2a: Morpeko|Aura Wheel|p1a: Morpeko\n|-resisted|p1a: Morpeko\n|-damage|p1a: Morpeko|51\/100\n|-boost|p2a: Morpeko|spe|1\n|\n|-formechange|p2a: Morpeko|Morpeko-Hangry||[from] ability: Hunger Switch\n|-formechange|p1a: Morpeko|Morpeko-Hangry||[from] ability: Hunger Switch\n|upkeep\n|turn|12\n|\n|t:|1699975657\n|move|p2a: Morpeko|Charge|p2a: Morpeko\n|-boost|p2a: Morpeko|spd|1\n|-start|p2a: Morpeko|Charge\n|move|p1a: Morpeko|Aura Wheel|p2a: Morpeko\n|-resisted|p2a: Morpeko\n|-damage|p2a: Morpeko|51\/100\n|-boost|p1a: Morpeko|spe|1\n|\n|-formechange|p2a: Morpeko|Morpeko||[from] ability: Hunger Switch\n|-formechange|p1a: Morpeko|Morpeko||[from] ability: Hunger Switch\n|upkeep\n|turn|13\n|c|\u2606AesirEcho|x1 de morpeko\n|\n|t:|1699975663\n|move|p1a: Morpeko|Aura Wheel|p2a: Morpeko\n|-resisted|p2a: Morpeko\n|-damage|p2a: Morpeko|7\/100\n|-boost|p1a: Morpeko|spe|1\n|move|p2a: Morpeko|Aura Wheel|p1a: Morpeko\n|-resisted|p1a: Morpeko\n|-damage|p1a: Morpeko|0 fnt\n|-boost|p2a: Morpeko|spe|1\n|faint|p1a: Morpeko\n|-end|p2a: Morpeko|Charge|[silent]\n|\n|-formechange|p2a: Morpeko|Morpeko-Hangry||[from] ability: Hunger Switch\n|upkeep\n|c|\u2606AesirEcho|merda\n|\n|t:|1699975670\n|switch|p1a: Sneasler|Sneasler, F|100\/100\n|turn|14\n|\n|t:|1699975672\n|switch|p2a: Basculegion|Basculegion, M|100\/100\n|move|p1a: Sneasler|Fake Out|p2a: Basculegion\n|-immune|p2a: Basculegion\n|\n|upkeep\n|turn|15\n|c|\u2606AesirEcho|t\u00e1 foda n\u00e9 krl\n|\n|t:|1699975681\n|move|p1a: Sneasler|U-turn|p2a: Basculegion\n|-resisted|p2a: Basculegion\n|-crit|p2a: Basculegion\n|-damage|p2a: Basculegion|80\/100\n|\n|t:|1699975684\n|switch|p1a: Toxapex|Toxapex, F|93\/100|[from] U-turn\n|move|p2a: Basculegion|Head Smash|p1a: Toxapex\n|-damage|p1a: Toxapex|63\/100\n|-damage|p2a: Basculegion|70\/100|[from] Recoil\n|\n|upkeep\n|turn|16\n|\n|t:|1699975692\n|move|p2a: Basculegion|Phantom Force||[still]\n|-prepare|p2a: Basculegion|Phantom Force\n|move|p1a: Toxapex|Recover|p1a: Toxapex\n|-heal|p1a: Toxapex|100\/100\n|\n|upkeep\n|turn|17\n|\n|t:|1699975699\n|move|p2a: Basculegion|Phantom Force|p1a: Toxapex|[from]lockedmove\n|-damage|p1a: Toxapex|64\/100\n|move|p1a: Toxapex|Scald|p2a: Basculegion\n|-resisted|p2a: Basculegion\n|-damage|p2a: Basculegion|62\/100\n|\n|upkeep\n|turn|18\n|\n|t:|1699975712\n|move|p2a: Basculegion|Crunch|p1a: Toxapex\n|-damage|p1a: Toxapex|47\/100\n|move|p1a: Toxapex|Toxic|p2a: Basculegion\n|-status|p2a: Basculegion|tox\n|\n|-damage|p2a: Basculegion|56\/100 tox|[from] psn\n|upkeep\n|turn|19\n|\n|t:|1699975726\n|move|p2a: Basculegion|Head Smash|p1a: Toxapex|[miss]\n|-miss|p2a: Basculegion|p1a: Toxapex\n|move|p1a: Toxapex|Recover|p1a: Toxapex\n|-heal|p1a: Toxapex|97\/100\n|\n|-damage|p2a: Basculegion|44\/100 tox|[from] psn\n|upkeep\n|turn|20\n|c|\u2606ttheus|para\n|c|\u2606ttheus|n\u00e3o\n|c|\u2606ttheus|n\u00e3o come\u00e7a\n|\n|t:|1699975736\n|switch|p1a: Sneasler|Sneasler, F|100\/100\n|move|p2a: Basculegion|Phantom Force||[still]\n|-prepare|p2a: Basculegion|Phantom Force\n|\n|-damage|p2a: Basculegion|26\/100 tox|[from] psn\n|upkeep\n|turn|21\n|\n|t:|1699975744\n|switch|p1a: Charizard|Charizard, M|100\/100\n|move|p2a: Basculegion|Phantom Force|p1a: Charizard|[from]lockedmove\n|-damage|p1a: Charizard|11\/100\n|\n|-damage|p2a: Basculegion|1\/100 tox|[from] psn\n|upkeep\n|turn|22\n|\n|t:|1699975748\n|detailschange|p1a: Charizard|Charizard-Mega-Y, M\n|-mega|p1a: Charizard|Charizard|Charizardite Y\n|-weather|SunnyDay|[from] ability: Drought|[of] p1a: Charizard\n|move|p1a: Charizard|Solar Beam||[still]\n|-prepare|p1a: Charizard|Solar Beam\n|-anim|p1a: Charizard|Solar Beam|p2a: Basculegion\n|-supereffective|p2a: Basculegion\n|-damage|p2a: Basculegion|0 fnt\n|faint|p2a: Basculegion\n|\n|-weather|SunnyDay|[upkeep]\n|upkeep\n|\n|t:|1699975751\n|switch|p2a: Dragonite|Dragonite, M|57\/100 tox\n|turn|23\n|\n|t:|1699975758\n|move|p2a: Dragonite|Extreme Speed|p1a: Charizard\n|-damage|p1a: Charizard|0 fnt\n|faint|p1a: Charizard\n|\n|-weather|SunnyDay|[upkeep]\n|-heal|p2a: Dragonite|63\/100 tox|[from] item: Leftovers\n|-damage|p2a: Dragonite|57\/100 tox|[from] psn\n|upkeep\n|\n|t:|1699975761\n|switch|p1a: Lilligant|Lilligant-Hisui, F|100\/100\n|turn|24\n|\n|t:|1699975768\n|-terastallize|p1a: Lilligant|Rock\n|move|p1a: Lilligant|Victory Dance|p1a: Lilligant\n|-boost|p1a: Lilligant|atk|1\n|-boost|p1a: Lilligant|def|1\n|-boost|p1a: Lilligant|spe|1\n|move|p2a: Dragonite|Dragon Dance|p2a: Dragonite\n|-boost|p2a: Dragonite|atk|1\n|-boost|p2a: Dragonite|spe|1\n|\n|-weather|SunnyDay|[upkeep]\n|-heal|p2a: Dragonite|63\/100 tox|[from] item: Leftovers\n|-damage|p2a: Dragonite|51\/100 tox|[from] psn\n|upkeep\n|turn|25\n|\n|t:|1699975772\n|move|p2a: Dragonite|Extreme Speed|p1a: Lilligant\n|-resisted|p1a: Lilligant\n|-damage|p1a: Lilligant|75\/100\n|move|p1a: Lilligant|Ice Spinner|p2a: Dragonite\n|-supereffective|p2a: Dragonite\n|-damage|p2a: Dragonite|0 fnt\n|faint|p2a: Dragonite\n|\n|-weather|SunnyDay|[upkeep]\n|upkeep\n|\n|t:|1699975777\n|switch|p2a: Obstagoon|Obstagoon, M|100\/100\n|turn|26\n|\n|t:|1699975779\n|move|p2a: Obstagoon|Obstruct|p2a: Obstagoon\n|-singleturn|p2a: Obstagoon|Protect\n|move|p1a: Lilligant|Victory Dance|p1a: Lilligant\n|-boost|p1a: Lilligant|atk|1\n|-boost|p1a: Lilligant|def|1\n|-boost|p1a: Lilligant|spe|1\n|\n|-weather|none\n|-status|p2a: Obstagoon|brn|[from] item: Flame Orb\n|upkeep\n|turn|27\n|\n|t:|1699975785\n|switch|p2a: Comfey|Comfey, F, shiny|100\/100\n|move|p1a: Lilligant|Close Combat|p2a: Comfey\n|-resisted|p2a: Comfey\n|-damage|p2a: Comfey|23\/100\n|-unboost|p1a: Lilligant|def|1\n|-unboost|p1a: Lilligant|spd|1\n|\n|-heal|p2a: Comfey|29\/100|[from] item: Leftovers\n|upkeep\n|turn|28\n|\n|t:|1699975790\n|move|p2a: Comfey|Draining Kiss|p1a: Lilligant\n|-damage|p1a: Lilligant|26\/100\n|-heal|p2a: Comfey|71\/100|[from] drain|[of] p1a: Lilligant\n|move|p1a: Lilligant|Ice Spinner|p2a: Comfey\n|-damage|p2a: Comfey|2\/100\n|\n|-heal|p2a: Comfey|8\/100|[from] item: Leftovers\n|upkeep\n|turn|29\n|\n|t:|1699975796\n|move|p2a: Comfey|Draining Kiss|p1a: Lilligant\n|-damage|p1a: Lilligant|0 fnt\n|-heal|p2a: Comfey|30\/100|[from] drain|[of] p1a: Lilligant\n|faint|p1a: Lilligant\n|\n|-heal|p2a: Comfey|36\/100|[from] item: Leftovers\n|upkeep\n|\n|t:|1699975799\n|switch|p1a: Sneasler|Sneasler, F|100\/100\n|turn|30\n|\n|t:|1699975806\n|-terastallize|p2a: Comfey|Dark\n|move|p1a: Sneasler|Dire Claw|p2a: Comfey\n|-damage|p2a: Comfey|0 fnt\n|faint|p2a: Comfey\n|\n|upkeep\n|\n|t:|1699975812\n|switch|p2a: Obstagoon|Obstagoon, M|100\/100 brn\n|turn|31\n|c|\u2606AesirEcho|ai \u00e9 foda\n|\n|t:|1699975817\n|switch|p1a: Toxapex|Toxapex, F|100\/100\n|move|p2a: Obstagoon|Obstruct||[still]\n|-fail|p2a: Obstagoon\n|\n|-damage|p2a: Obstagoon|94\/100 brn|[from] brn\n|upkeep\n|turn|32\n|\n|t:|1699975823\n|move|p2a: Obstagoon|Facade|p1a: Toxapex\n|-damage|p1a: Toxapex|47\/100\n|move|p1a: Toxapex|Scald|p2a: Obstagoon\n|-damage|p2a: Obstagoon|72\/100 brn\n|\n|-damage|p2a: Obstagoon|66\/100 brn|[from] brn\n|upkeep\n|turn|33\n|\n|t:|1699975828\n|move|p2a: Obstagoon|Facade|p1a: Toxapex\n|-damage|p1a: Toxapex|0 fnt\n|faint|p1a: Toxapex\n|\n|-damage|p2a: Obstagoon|60\/100 brn|[from] brn\n|upkeep\n|\n|t:|1699975830\n|switch|p1a: Sneasler|Sneasler, F|100\/100\n|turn|34\n|\n|t:|1699975834\n|move|p2a: Obstagoon|Obstruct|p2a: Obstagoon\n|-singleturn|p2a: Obstagoon|Protect\n|move|p1a: Sneasler|Fake Out|p2a: Obstagoon\n|-activate|p2a: Obstagoon|move: Protect\n|-unboost|p1a: Sneasler|def|2\n|\n|-damage|p2a: Obstagoon|54\/100 brn|[from] brn\n|upkeep\n|turn|35\n|\n|t:|1699975841\n|move|p1a: Sneasler|Close Combat|p2a: Obstagoon\n|-supereffective|p2a: Obstagoon\n|-damage|p2a: Obstagoon|0 fnt\n|-unboost|p1a: Sneasler|def|1\n|-unboost|p1a: Sneasler|spd|1\n|faint|p2a: Obstagoon\n|\n|upkeep\n|\n|t:|1699975844\n|switch|p2a: Morpeko|Morpeko, M, shiny|7\/100\n|turn|36\n|\n|t:|1699975847\n|move|p1a: Sneasler|Close Combat|p2a: Morpeko\n|-supereffective|p2a: Morpeko\n|-damage|p2a: Morpeko|0 fnt\n|-unboost|p1a: Sneasler|def|1\n|-unboost|p1a: Sneasler|spd|1\n|faint|p2a: Morpeko\n|\n|win|AesirEcho\n|c|\u2606AesirEcho|gg\n","uploadtime":1699975855,"views":4,"p1id":"aesirecho","p2id":"ttheus","formatid":"gen9nationaldex","rating":0,"private":0,"password":""}