{"id":"gen9nationaldex-1987674247","p1":"TKODATRUTH","p2":"Zachary Zorua 7","format":"[Gen 9] National Dex","log":"|j|\u2606TKODATRUTH\n|j|\u203dZachary Zorua 7\n|t:|1699626442\n|gametype|singles\n|player|p1|TKODATRUTH|unknown|1681\n|player|p2|Zachary Zorua 7|n-masters2|1571\n|teamsize|p1|6\n|teamsize|p2|6\n|gen|9\n|tier|[Gen 9] National Dex\n|rated|\n|rule|HP Percentage Mod: HP is shown in percentages\n|rule|Endless Battle Clause: Forcing endless battles is banned\n|rule|OHKO Clause: OHKO moves are banned\n|rule|Evasion Clause: Evasion abilities, items, and moves are banned\n|rule|Evasion Abilities Clause: Evasion abilities are banned\n|rule|Evasion Items Clause: Evasion items are banned\n|rule|Evasion Moves Clause: Evasion moves are banned\n|rule|Species Clause: Limit one of each Pok\u00e9mon\n|rule|Sleep Clause Mod: Limit one foe put to sleep\n|clearpoke\n|poke|p1|Charizard, M|\n|poke|p1|Mew|\n|poke|p1|Greninja-*, M|\n|poke|p1|Zamazenta-*|\n|poke|p1|Rillaboom, M|\n|poke|p1|Ninetales-Alola, M|\n|poke|p2|Rillaboom, F|\n|poke|p2|Scizor, F|\n|poke|p2|Rotom-Wash|\n|poke|p2|Zoroark, M|\n|poke|p2|Hawlucha, M|\n|poke|p2|Serperior, M|\n|teampreview\n|inactive|Battle timer is ON: inactive players will automatically lose when time's up. (requested by Zachary Zorua 7)\n|\n|t:|1699626457\n|start\n|switch|p1a: Optimus|Greninja, M|100\/100\n|switch|p2a: Serperior|Serperior, M|100\/100\n|turn|1\n|\n|t:|1699626471\n|switch|p2a: Rotom|Rotom-Wash|100\/100\n|move|p1a: Optimus|Toxic Spikes|p2a: Rotom\n|-sidestart|p2: Zachary Zorua 7|move: Toxic Spikes\n|\n|upkeep\n|turn|2\n|\n|t:|1699626479\n|switch|p1a: Kong|Rillaboom, M, shiny|100\/100\n|-fieldstart|move: Grassy Terrain|[from] ability: Grassy Surge|[of] p1a: Kong\n|move|p2a: Rotom|Defog|p1a: Kong\n|-unboost|p1a: Kong|evasion|1\n|-sideend|p2: Zachary Zorua 7|Toxic Spikes|[from] move: Defog|[of] p2a: Rotom\n|-fieldend|move: Grassy Terrain\n|\n|upkeep\n|turn|3\n|\n|t:|1699626489\n|move|p1a: Kong|U-turn|p2a: Rotom\n|-damage|p2a: Rotom|64\/100\n|\n|t:|1699626492\n|switch|p1a: Jetfire|Charizard, M, shiny|100\/100|[from] U-turn\n|move|p2a: Rotom|Volt Switch|p1a: Jetfire\n|-supereffective|p1a: Jetfire\n|-damage|p1a: Jetfire|16\/100\n|\n|t:|1699626511\n|switch|p2a: Rillaboom|Rillaboom, F|100\/100|[from] Volt Switch\n|-fieldstart|move: Grassy Terrain|[from] ability: Grassy Surge|[of] p2a: Rillaboom\n|\n|upkeep\n|turn|4\n|\n|t:|1699626522\n|detailschange|p1a: Jetfire|Charizard-Mega-X, M, shiny\n|-mega|p1a: Jetfire|Charizard|Charizardite X\n|move|p2a: Rillaboom|Fake Out|p1a: Jetfire\n|-damage|p1a: Jetfire|2\/100\n|cant|p1a: Jetfire|flinch\n|\n|-heal|p1a: Jetfire|8\/100|[from] Grassy Terrain\n|upkeep\n|turn|5\n|\n|t:|1699626537\n|switch|p1a: Kong|Rillaboom, M, shiny|100\/100\n|move|p2a: Rillaboom|Grassy Glide|p1a: Kong\n|-resisted|p1a: Kong\n|-damage|p1a: Kong|83\/100\n|\n|-heal|p1a: Kong|89\/100|[from] Grassy Terrain\n|upkeep\n|turn|6\n|\n|t:|1699626546\n|move|p1a: Kong|U-turn|p2a: Rillaboom\n|-supereffective|p2a: Rillaboom\n|-damage|p2a: Rillaboom|32\/100\n|\n|t:|1699626551\n|switch|p1a: Silverbolt|Ninetales-Alola, M, shiny|100\/100|[from] U-turn\n|-weather|Snow|[from] ability: Snow Warning|[of] p1a: Silverbolt\n|move|p2a: Rillaboom|U-turn|p1a: Silverbolt\n|-resisted|p1a: Silverbolt\n|-damage|p1a: Silverbolt|92\/100\n|\n|t:|1699626562\n|switch|p2a: Scizor|Scizor, F|100\/100|[from] U-turn\n|\n|-weather|Snow|[upkeep]\n|-heal|p1a: Silverbolt|98\/100|[from] Grassy Terrain\n|upkeep\n|turn|7\n|\n|t:|1699626581\n|switch|p1a: Maximus|Zamazenta, shiny|100\/100\n|-ability|p1a: Maximus|Dauntless Shield|boost\n|-boost|p1a: Maximus|def|1\n|detailschange|p2a: Scizor|Scizor-Mega, F\n|-mega|p2a: Scizor|Scizor|Scizorite\n|move|p2a: Scizor|Swords Dance|p2a: Scizor\n|-boost|p2a: Scizor|atk|2\n|\n|-weather|Snow|[upkeep]\n|upkeep\n|turn|8\n|\n|t:|1699626591\n|move|p1a: Maximus|Iron Defense|p1a: Maximus\n|-boost|p1a: Maximus|def|2\n|move|p2a: Scizor|Swords Dance|p2a: Scizor\n|-boost|p2a: Scizor|atk|2\n|\n|-weather|Snow|[upkeep]\n|upkeep\n|turn|9\n|\n|t:|1699626602\n|-terastallize|p1a: Maximus|Steel\n|move|p1a: Maximus|Iron Defense|p1a: Maximus\n|-boost|p1a: Maximus|def|2\n|move|p2a: Scizor|Dual Wingbeat|p1a: Maximus\n|-resisted|p1a: Maximus\n|-damage|p1a: Maximus|93\/100\n|-resisted|p1a: Maximus\n|-damage|p1a: Maximus|85\/100\n|-hitcount|p1a: Maximus|2\n|\n|-weather|Snow|[upkeep]\n|-heal|p1a: Maximus|91\/100|[from] Grassy Terrain\n|-heal|p1a: Maximus|97\/100|[from] item: Leftovers\n|upkeep\n|turn|10\n|\n|t:|1699626615\n|move|p1a: Maximus|Body Press|p2a: Scizor\n|-damage|p2a: Scizor|2\/100\n|move|p2a: Scizor|Brick Break|p1a: Maximus\n|-supereffective|p1a: Maximus\n|-crit|p1a: Maximus\n|-damage|p1a: Maximus|0 fnt\n|faint|p1a: Maximus\n|\n|-weather|none\n|-heal|p2a: Scizor|8\/100|[from] Grassy Terrain\n|-fieldend|move: Grassy Terrain\n|upkeep\n|\n|t:|1699626632\n|switch|p1a: Optimus|Greninja, M|100\/100\n|turn|11\n|\n|t:|1699626643\n|switch|p2a: Rotom|Rotom-Wash|64\/100\n|move|p1a: Optimus|Water Shuriken|p2a: Rotom\n|-resisted|p2a: Rotom\n|-damage|p2a: Rotom|60\/100\n|-resisted|p2a: Rotom\n|-damage|p2a: Rotom|56\/100\n|-resisted|p2a: Rotom\n|-damage|p2a: Rotom|53\/100\n|-resisted|p2a: Rotom\n|-damage|p2a: Rotom|49\/100\n|-resisted|p2a: Rotom\n|-damage|p2a: Rotom|46\/100\n|-hitcount|p2a: Rotom|5\n|\n|-heal|p2a: Rotom|52\/100|[from] item: Leftovers\n|upkeep\n|turn|12\n|inactive|TKODATRUTH has 120 seconds left.\n|\n|t:|1699626675\n|move|p1a: Optimus|Toxic Spikes|p2a: Rotom\n|-sidestart|p2: Zachary Zorua 7|move: Toxic Spikes\n|move|p2a: Rotom|Volt Switch|p1a: Optimus\n|-supereffective|p1a: Optimus\n|-damage|p1a: Optimus|0 fnt\n|faint|p1a: Optimus\n|\n|t:|1699626698\n|switch|p2a: Serperior|Serperior, M|100\/100|[from] Volt Switch\n|-status|p2a: Serperior|psn\n|\n|-damage|p2a: Serperior|88\/100 psn|[from] psn\n|upkeep\n|\n|t:|1699626711\n|switch|p1a: Silverbolt|Ninetales-Alola, M, shiny|98\/100\n|-weather|Snow|[from] ability: Snow Warning|[of] p1a: Silverbolt\n|turn|13\n|inactive|Zachary Zorua 7 has 120 seconds left.\n|\n|t:|1699626743\n|move|p1a: Silverbolt|Aurora Veil|p1a: Silverbolt\n|-sidestart|p1: TKODATRUTH|move: Aurora Veil\n|move|p2a: Serperior|Flamethrower|p1a: Silverbolt\n|-supereffective|p1a: Silverbolt\n|-damage|p1a: Silverbolt|58\/100\n|\n|-weather|Snow|[upkeep]\n|-damage|p2a: Serperior|76\/100 psn|[from] psn\n|upkeep\n|turn|14\n|inactive|Zachary Zorua 7 has 120 seconds left.\n|\n|t:|1699626757\n|move|p1a: Silverbolt|Moonblast|p2a: Serperior\n|-supereffective|p2a: Serperior\n|-crit|p2a: Serperior\n|-damage|p2a: Serperior|0 fnt\n|replace|p2a: Zoroark|Zoroark, M\n|-end|p2a: Zoroark|Illusion\n|faint|p2a: Zoroark\n|\n|-weather|Snow|[upkeep]\n|upkeep\n|inactive|Zachary Zorua 7 has 120 seconds left.\n|\n|t:|1699626779\n|switch|p2a: Scizor|Scizor-Mega, F|8\/100\n|turn|15\n|inactive|TKODATRUTH has 120 seconds left.\n|\n|t:|1699626789\n|move|p1a: Silverbolt|Moonblast|p2a: Scizor\n|-resisted|p2a: Scizor\n|-damage|p2a: Scizor|0 fnt\n|faint|p2a: Scizor\n|\n|-weather|Snow|[upkeep]\n|upkeep\n|\n|t:|1699626797\n|switch|p2a: Rotom|Rotom-Wash|52\/100\n|turn|16\n|\n|t:|1699626805\n|-terastallize|p2a: Rotom|Ghost\n|move|p1a: Silverbolt|Freeze-Dry|p2a: Rotom\n|-damage|p2a: Rotom|29\/100\n|move|p2a: Rotom|Defog|p1a: Silverbolt\n|-unboost|p1a: Silverbolt|evasion|1\n|-sideend|p1: TKODATRUTH|move: Aurora Veil\n|-sideend|p2: Zachary Zorua 7|Toxic Spikes|[from] move: Defog|[of] p2a: Rotom\n|\n|-weather|Snow|[upkeep]\n|-heal|p2a: Rotom|35\/100|[from] item: Leftovers\n|upkeep\n|turn|17\n|\n|t:|1699626816\n|move|p1a: Silverbolt|Aurora Veil|p1a: Silverbolt\n|-sidestart|p1: TKODATRUTH|move: Aurora Veil\n|move|p2a: Rotom|Hydro Pump|p1a: Silverbolt\n|-damage|p1a: Silverbolt|33\/100\n|\n|-weather|none\n|-heal|p2a: Rotom|41\/100|[from] item: Leftovers\n|upkeep\n|turn|18\n|\n|t:|1699626824\n|move|p1a: Silverbolt|Moonblast|p2a: Rotom\n|-damage|p2a: Rotom|10\/100\n|move|p2a: Rotom|Defog|p1a: Silverbolt\n|-unboost|p1a: Silverbolt|evasion|1\n|-sideend|p1: TKODATRUTH|move: Aurora Veil\n|\n|-heal|p2a: Rotom|16\/100|[from] item: Leftovers\n|upkeep\n|turn|19\n|\n|t:|1699626837\n|move|p1a: Silverbolt|Moonblast|p2a: Rotom\n|-damage|p2a: Rotom|0 fnt\n|faint|p2a: Rotom\n|\n|upkeep\n|\n|t:|1699626840\n|switch|p2a: Serperior|Serperior, M|100\/100\n|turn|20\n|\n|t:|1699626860\n|move|p2a: Serperior|Leaf Storm|p1a: Silverbolt\n|-damage|p1a: Silverbolt|0 fnt\n|-boost|p2a: Serperior|spa|2\n|faint|p1a: Silverbolt\n|\n|upkeep\n|\n|t:|1699626867\n|switch|p1a: Kong|Rillaboom, M, shiny|89\/100\n|-fieldstart|move: Grassy Terrain|[from] ability: Grassy Surge|[of] p1a: Kong\n|turn|21\n|\n|t:|1699626878\n|move|p2a: Serperior|Leaf Storm|p1a: Kong|[miss]\n|-miss|p2a: Serperior|p1a: Kong\n|move|p1a: Kong|U-turn|p2a: Serperior\n|-supereffective|p2a: Serperior\n|-damage|p2a: Serperior|18\/100\n|\n|t:|1699626892\n|switch|p1a: Jetfire|Charizard-Mega-X, M, shiny|8\/100|[from] U-turn\n|\n|-heal|p2a: Serperior|24\/100|[from] Grassy Terrain\n|-heal|p1a: Jetfire|14\/100|[from] Grassy Terrain\n|upkeep\n|turn|22\n|\n|t:|1699626899\n|move|p2a: Serperior|Leaf Storm|p1a: Jetfire\n|-resisted|p1a: Jetfire\n|-damage|p1a: Jetfire|0 fnt\n|-boost|p2a: Serperior|spa|2\n|faint|p1a: Jetfire\n|\n|-heal|p2a: Serperior|30\/100|[from] Grassy Terrain\n|upkeep\n|\n|t:|1699626907\n|switch|p1a: Kong|Rillaboom, M, shiny|89\/100\n|turn|23\n|\n|t:|1699626912\n|move|p1a: Kong|Grassy Glide|p2a: Serperior\n|-resisted|p2a: Serperior\n|-damage|p2a: Serperior|0 fnt\n|faint|p2a: Serperior\n|\n|-heal|p1a: Kong|96\/100|[from] Grassy Terrain\n|upkeep\n|\n|t:|1699626915\n|switch|p2a: Hawlucha|Hawlucha, M|100\/100\n|-enditem|p2a: Hawlucha|Grassy Seed\n|-boost|p2a: Hawlucha|def|1|[from] item: Grassy Seed\n|turn|24\n|\n|t:|1699626927\n|switch|p1a: Prince|Mew, shiny|100\/100\n|move|p2a: Hawlucha|Swords Dance|p2a: Hawlucha\n|-boost|p2a: Hawlucha|atk|2\n|\n|upkeep\n|turn|25\n|\n|t:|1699626944\n|move|p2a: Hawlucha|Acrobatics|p1a: Prince\n|-damage|p1a: Prince|31\/100\n|move|p1a: Prince|Draining Kiss|p2a: Hawlucha\n|-supereffective|p2a: Hawlucha\n|-damage|p2a: Hawlucha|54\/100\n|-heal|p1a: Prince|62\/100|[from] drain|[of] p2a: Hawlucha\n|\n|-heal|p1a: Prince|68\/100|[from] Grassy Terrain\n|-fieldend|move: Grassy Terrain\n|upkeep\n|turn|26\n|\n|t:|1699626954\n|move|p2a: Hawlucha|Acrobatics|p1a: Prince\n|-damage|p1a: Prince|0 fnt\n|faint|p1a: Prince\n|\n|upkeep\n|\n|t:|1699626959\n|switch|p1a: Kong|Rillaboom, M, shiny|96\/100\n|-fieldstart|move: Grassy Terrain|[from] ability: Grassy Surge|[of] p1a: Kong\n|turn|27\n|\n|t:|1699626965\n|move|p1a: Kong|Grassy Glide|p2a: Hawlucha\n|-resisted|p2a: Hawlucha\n|-damage|p2a: Hawlucha|26\/100\n|move|p2a: Hawlucha|Acrobatics|p1a: Kong\n|-supereffective|p1a: Kong\n|-damage|p1a: Kong|0 fnt\n|faint|p1a: Kong\n|\n|win|Zachary Zorua 7\n|raw|TKODATRUTH's rating: 1681 &rarr; <strong>1655<\/strong><br \/>(-26 for losing)\n|raw|Zachary Zorua 7's rating: 1571 &rarr; <strong>1597<\/strong><br \/>(+26 for winning)\n","uploadtime":1699626971,"views":5,"p1id":"tkodatruth","p2id":"zacharyzorua7","formatid":"gen9nationaldex","rating":1597,"private":0,"password":""}