{"id":"gen9nationaldex-1988045746","p1":"asalqfty4","p2":"noob Here goEz","format":"[Gen 9] National Dex","log":"|j|\u2606asalqfty4\n|j|\u2606noob Here goEz\n|t:|1699662904\n|gametype|singles\n|player|p1|asalqfty4|169|1304\n|player|p2|noob Here goEz|drayden|1369\n|teamsize|p1|6\n|teamsize|p2|6\n|gen|9\n|tier|[Gen 9] National Dex\n|rated|\n|rule|HP Percentage Mod: HP is shown in percentages\n|rule|Endless Battle Clause: Forcing endless battles is banned\n|rule|OHKO Clause: OHKO moves are banned\n|rule|Evasion Clause: Evasion abilities, items, and moves are banned\n|rule|Evasion Abilities Clause: Evasion abilities are banned\n|rule|Evasion Items Clause: Evasion items are banned\n|rule|Evasion Moves Clause: Evasion moves are banned\n|rule|Species Clause: Limit one of each Pok\u00e9mon\n|rule|Sleep Clause Mod: Limit one foe put to sleep\n|clearpoke\n|poke|p1|Beedrill, F|\n|poke|p1|Clefable, M|\n|poke|p1|Toxapex, F|\n|poke|p1|Ferrothorn, F|\n|poke|p1|Heatran, M|\n|poke|p1|Zygarde-10%|\n|poke|p2|Garchomp, F|\n|poke|p2|Tapu Koko|\n|poke|p2|Iron Valiant|\n|poke|p2|Skarmory, F|\n|poke|p2|Iron Moth|\n|poke|p2|Rillaboom, F|\n|teampreview\n|c|\u2606noob Here goEz|prepare to lose\n|inactive|Battle timer is ON: inactive players will automatically lose when time's up. (requested by noob Here goEz)\n|\n|t:|1699662934\n|start\n|switch|p1a: Beedrill|Beedrill, F|100\/100\n|switch|p2a: Garchomp|Garchomp, F|100\/100\n|turn|1\n|\n|t:|1699662937\n|detailschange|p1a: Beedrill|Beedrill-Mega, F\n|-mega|p1a: Beedrill|Beedrill|Beedrillite\n|move|p1a: Beedrill|U-turn|p2a: Garchomp\n|-damage|p2a: Garchomp|68\/100\n|-damage|p1a: Beedrill|88\/100|[from] ability: Rough Skin|[of] p2a: Garchomp\n|-damage|p1a: Beedrill|72\/100|[from] item: Rocky Helmet|[of] p2a: Garchomp\n|\n|t:|1699662952\n|switch|p1a: Ferrothorn|Ferrothorn, F|100\/100|[from] U-turn\n|move|p2a: Garchomp|Stealth Rock|p1a: Ferrothorn\n|-sidestart|p1: asalqfty4|move: Stealth Rock\n|\n|upkeep\n|turn|2\n|\n|t:|1699662960\n|switch|p2a: Iron Moth|Iron Moth|100\/100\n|move|p1a: Ferrothorn|Stealth Rock|p2a: Iron Moth\n|-sidestart|p2: noob Here goEz|move: Stealth Rock\n|\n|upkeep\n|turn|3\n|\n|t:|1699662967\n|-end|p2a: Iron Moth|Quark Drive|[silent]\n|switch|p2a: Garchomp|Garchomp, F|68\/100\n|-damage|p2a: Garchomp|61\/100|[from] Stealth Rock\n|switch|p1a: Heatran|Heatran, M|100\/100\n|-damage|p1a: Heatran|88\/100|[from] Stealth Rock\n|\n|-heal|p1a: Heatran|94\/100|[from] item: Leftovers\n|upkeep\n|turn|4\n|\n|t:|1699662975\n|switch|p1a: Ferrothorn|Ferrothorn, F|100\/100\n|-damage|p1a: Ferrothorn|94\/100|[from] Stealth Rock\n|move|p2a: Garchomp|Earthquake|p1a: Ferrothorn\n|-damage|p1a: Ferrothorn|64\/100\n|\n|upkeep\n|turn|5\n|\n|t:|1699662983\n|move|p2a: Garchomp|Earthquake|p1a: Ferrothorn\n|-damage|p1a: Ferrothorn|33\/100\n|move|p1a: Ferrothorn|Leech Seed|p2a: Garchomp|[miss]\n|-miss|p1a: Ferrothorn|p2a: Garchomp\n|\n|upkeep\n|turn|6\n|\n|t:|1699662989\n|move|p2a: Garchomp|Earthquake|p1a: Ferrothorn\n|-damage|p1a: Ferrothorn|3\/100\n|move|p1a: Ferrothorn|Leech Seed|p2a: Garchomp\n|-start|p2a: Garchomp|move: Leech Seed\n|\n|-damage|p2a: Garchomp|49\/100|[from] Leech Seed|[of] p1a: Ferrothorn\n|-heal|p1a: Ferrothorn|18\/100|[silent]\n|upkeep\n|turn|7\n|\n|t:|1699663003\n|switch|p2a: Rillaboom|Rillaboom, F|100\/100\n|-damage|p2a: Rillaboom|88\/100|[from] Stealth Rock\n|-fieldstart|move: Grassy Terrain|[from] ability: Grassy Surge|[of] p2a: Rillaboom\n|switch|p1a: Clefable|Clefable, M|100\/100\n|\n|-heal|p2a: Rillaboom|94\/100|[from] Grassy Terrain\n|upkeep\n|turn|8\n|\n|t:|1699663009\n|switch|p2a: Skarmory|Skarmory, F|100\/100\n|-damage|p2a: Skarmory|88\/100|[from] Stealth Rock\n|move|p1a: Clefable|Protect||[still]\n|-fail|p1a: Clefable\n|\n|-heal|p2a: Skarmory|94\/100|[from] item: Leftovers\n|upkeep\n|turn|9\n|\n|t:|1699663018\n|switch|p1a: Ferrothorn|Ferrothorn, F|18\/100\n|-damage|p1a: Ferrothorn|11\/100|[from] Stealth Rock\n|move|p2a: Skarmory|Spikes|p1a: Ferrothorn\n|-sidestart|p1: asalqfty4|Spikes\n|\n|-heal|p2a: Skarmory|99\/100|[from] item: Leftovers\n|-heal|p1a: Ferrothorn|18\/100|[from] Grassy Terrain\n|upkeep\n|turn|10\n|\n|t:|1699663025\n|move|p2a: Skarmory|Brave Bird|p1a: Ferrothorn\n|-damage|p1a: Ferrothorn|0 fnt\n|-damage|p2a: Skarmory|88\/100|[from] ability: Iron Barbs|[of] p1a: Ferrothorn\n|-damage|p2a: Skarmory|71\/100|[from] item: Rocky Helmet|[of] p1a: Ferrothorn\n|faint|p1a: Ferrothorn\n|-damage|p2a: Skarmory|65\/100|[from] Recoil\n|\n|-heal|p2a: Skarmory|71\/100|[from] item: Leftovers\n|upkeep\n|\n|t:|1699663035\n|switch|p1a: Heatran|Heatran, M|94\/100\n|-damage|p1a: Heatran|82\/100|[from] Stealth Rock\n|-damage|p1a: Heatran|70\/100|[from] Spikes\n|turn|11\n|\n|t:|1699663057\n|-terastallize|p2a: Skarmory|Ground\n|move|p1a: Heatran|Magma Storm|p2a: Skarmory|[miss]\n|-miss|p1a: Heatran|p2a: Skarmory\n|move|p2a: Skarmory|Roost|p2a: Skarmory\n|-heal|p2a: Skarmory|100\/100\n|\n|-heal|p1a: Heatran|76\/100|[from] Grassy Terrain\n|-heal|p1a: Heatran|82\/100|[from] item: Leftovers\n|-fieldend|move: Grassy Terrain\n|upkeep\n|turn|12\n|\n|t:|1699663067\n|move|p1a: Heatran|Magma Storm|p2a: Skarmory\n|-damage|p2a: Skarmory|48\/100\n|-activate|p2a: Skarmory|move: Magma Storm|[of] p1a: Heatran\n|move|p2a: Skarmory|Spikes|p1a: Heatran\n|-sidestart|p1: asalqfty4|Spikes\n|\n|-heal|p1a: Heatran|88\/100|[from] item: Leftovers\n|-heal|p2a: Skarmory|54\/100|[from] item: Leftovers\n|-damage|p2a: Skarmory|42\/100|[from] move: Magma Storm|[partiallytrapped]\n|upkeep\n|turn|13\n|\n|t:|1699663073\n|move|p1a: Heatran|Taunt|p2a: Skarmory\n|-start|p2a: Skarmory|move: Taunt\n|cant|p2a: Skarmory|move: Taunt|Whirlwind\n|\n|-heal|p1a: Heatran|94\/100|[from] item: Leftovers\n|-heal|p2a: Skarmory|48\/100|[from] item: Leftovers\n|-damage|p2a: Skarmory|36\/100|[from] move: Magma Storm|[partiallytrapped]\n|upkeep\n|turn|14\n|\n|t:|1699663077\n|move|p1a: Heatran|Magma Storm|p2a: Skarmory|[miss]\n|-miss|p1a: Heatran|p2a: Skarmory\n|move|p2a: Skarmory|Brave Bird|p1a: Heatran\n|-resisted|p1a: Heatran\n|-damage|p1a: Heatran|79\/100\n|-damage|p2a: Skarmory|30\/100|[from] Recoil\n|\n|-heal|p1a: Heatran|85\/100|[from] item: Leftovers\n|-heal|p2a: Skarmory|36\/100|[from] item: Leftovers\n|-damage|p2a: Skarmory|24\/100|[from] move: Magma Storm|[partiallytrapped]\n|upkeep\n|turn|15\n|\n|t:|1699663080\n|move|p1a: Heatran|Magma Storm|p2a: Skarmory|[miss]\n|-miss|p1a: Heatran|p2a: Skarmory\n|move|p2a: Skarmory|Brave Bird|p1a: Heatran\n|-resisted|p1a: Heatran\n|-damage|p1a: Heatran|67\/100\n|-damage|p2a: Skarmory|18\/100|[from] Recoil\n|\n|-heal|p1a: Heatran|73\/100|[from] item: Leftovers\n|-heal|p2a: Skarmory|24\/100|[from] item: Leftovers\n|-damage|p2a: Skarmory|12\/100|[from] move: Magma Storm|[partiallytrapped]\n|-end|p2a: Skarmory|move: Taunt\n|upkeep\n|turn|16\n|\n|t:|1699663085\n|move|p1a: Heatran|Earth Power|p2a: Skarmory\n|-damage|p2a: Skarmory|0 fnt\n|faint|p2a: Skarmory\n|\n|-heal|p1a: Heatran|79\/100|[from] item: Leftovers\n|upkeep\n|\n|t:|1699663088\n|switch|p2a: Garchomp|Garchomp, F|49\/100\n|-damage|p2a: Garchomp|43\/100|[from] Stealth Rock\n|turn|17\n|\n|t:|1699663093\n|switch|p1a: Clefable|Clefable, M|100\/100\n|move|p2a: Garchomp|Earthquake|p1a: Clefable\n|-damage|p1a: Clefable|65\/100\n|\n|-heal|p1a: Clefable|71\/100|[from] item: Leftovers\n|upkeep\n|turn|18\n|\n|t:|1699663100\n|switch|p2a: Tapu Koko|Tapu Koko|100\/100\n|-damage|p2a: Tapu Koko|88\/100|[from] Stealth Rock\n|-fieldstart|move: Electric Terrain|[from] ability: Electric Surge|[of] p2a: Tapu Koko\n|move|p1a: Clefable|Wish|p1a: Clefable\n|\n|-heal|p1a: Clefable|77\/100|[from] item: Leftovers\n|upkeep\n|turn|19\n|\n|t:|1699663108\n|switch|p1a: Heatran|Heatran, M|79\/100\n|-damage|p1a: Heatran|67\/100|[from] Stealth Rock\n|-damage|p1a: Heatran|51\/100|[from] Spikes\n|move|p2a: Tapu Koko|Volt Switch|p1a: Heatran\n|-damage|p1a: Heatran|23\/100\n|\n|t:|1699663117\n|switch|p2a: Garchomp|Garchomp, F|43\/100|[from] Volt Switch\n|-damage|p2a: Garchomp|37\/100|[from] Stealth Rock\n|\n|-heal|p1a: Heatran|84\/100|[from] move: Wish|[wisher] Clefable\n|-heal|p1a: Heatran|90\/100|[from] item: Leftovers\n|upkeep\n|turn|20\n|\n|t:|1699663128\n|switch|p1a: Clefable|Clefable, M|77\/100\n|switch|p2a: Iron Valiant|Iron Valiant|100\/100\n|-damage|p2a: Iron Valiant|94\/100|[from] Stealth Rock\n|-activate|p2a: Iron Valiant|ability: Quark Drive\n|-start|p2a: Iron Valiant|quarkdrivespe\n|\n|-heal|p1a: Clefable|83\/100|[from] item: Leftovers\n|upkeep\n|turn|21\n|\n|t:|1699663133\n|move|p2a: Iron Valiant|Trick|p1a: Clefable\n|-activate|p2a: Iron Valiant|move: Trick|[of] p1a: Clefable\n|-item|p1a: Clefable|Choice Specs|[from] move: Trick\n|-item|p2a: Iron Valiant|Leftovers|[from] move: Trick\n|move|p1a: Clefable|Moonblast|p2a: Iron Valiant\n|-supereffective|p2a: Iron Valiant\n|-damage|p2a: Iron Valiant|0 fnt\n|faint|p2a: Iron Valiant\n|-end|p2a: Iron Valiant|Quark Drive|[silent]\n|\n|upkeep\n|\n|t:|1699663138\n|switch|p2a: Iron Moth|Iron Moth|100\/100\n|-damage|p2a: Iron Moth|76\/100|[from] Stealth Rock\n|-activate|p2a: Iron Moth|ability: Quark Drive\n|-start|p2a: Iron Moth|quarkdrivespa\n|turn|22\n|\n|t:|1699663142\n|switch|p1a: Heatran|Heatran, M|90\/100\n|-damage|p1a: Heatran|78\/100|[from] Stealth Rock\n|-damage|p1a: Heatran|61\/100|[from] Spikes\n|move|p2a: Iron Moth|Discharge|p1a: Heatran\n|-damage|p1a: Heatran|0 fnt\n|faint|p1a: Heatran\n|\n|upkeep\n|\n|t:|1699663160\n|switch|p1a: Beedrill|Beedrill-Mega, F|72\/100\n|-damage|p1a: Beedrill|47\/100|[from] Stealth Rock\n|-damage|p1a: Beedrill|30\/100|[from] Spikes\n|turn|23\n|\n|t:|1699663163\n|-end|p2a: Iron Moth|Quark Drive|[silent]\n|switch|p2a: Garchomp|Garchomp, F|37\/100\n|-damage|p2a: Garchomp|30\/100|[from] Stealth Rock\n|move|p1a: Beedrill|Drill Run|p2a: Garchomp\n|-damage|p2a: Garchomp|13\/100\n|-damage|p1a: Beedrill|18\/100|[from] ability: Rough Skin|[of] p2a: Garchomp\n|-damage|p1a: Beedrill|2\/100|[from] item: Rocky Helmet|[of] p2a: Garchomp\n|\n|upkeep\n|turn|24\n|\n|t:|1699663174\n|move|p1a: Beedrill|Poison Jab|p2a: Garchomp\n|-resisted|p2a: Garchomp\n|-damage|p2a: Garchomp|0 fnt\n|-damage|p1a: Beedrill|0 fnt|[from] ability: Rough Skin|[of] p2a: Garchomp\n|faint|p2a: Garchomp\n|faint|p1a: Beedrill\n|\n|upkeep\n|\n|t:|1699663188\n|switch|p1a: Toxapex|Toxapex, F|100\/100\n|switch|p2a: Rillaboom|Rillaboom, F|94\/100\n|-damage|p2a: Rillaboom|82\/100|[from] Stealth Rock\n|-fieldstart|move: Grassy Terrain|[from] ability: Grassy Surge|[of] p2a: Rillaboom\n|-damage|p1a: Toxapex|88\/100|[from] Stealth Rock\n|-damage|p1a: Toxapex|72\/100|[from] Spikes\n|turn|25\n|\n|t:|1699663202\n|move|p2a: Rillaboom|Swords Dance|p2a: Rillaboom\n|-boost|p2a: Rillaboom|atk|2\n|move|p1a: Toxapex|Scald|p2a: Rillaboom\n|-resisted|p2a: Rillaboom\n|-crit|p2a: Rillaboom\n|-damage|p2a: Rillaboom|66\/100\n|\n|-heal|p2a: Rillaboom|73\/100|[from] Grassy Terrain\n|-heal|p1a: Toxapex|78\/100|[from] Grassy Terrain\n|-heal|p1a: Toxapex|84\/100|[from] item: Leftovers\n|upkeep\n|turn|26\n|\n|t:|1699663211\n|move|p2a: Rillaboom|High Horsepower|p1a: Toxapex\n|-supereffective|p1a: Toxapex\n|-damage|p1a: Toxapex|0 fnt\n|faint|p1a: Toxapex\n|\n|-heal|p2a: Rillaboom|79\/100|[from] Grassy Terrain\n|upkeep\n|\n|t:|1699663215\n|switch|p1a: Clefable|Clefable, M|83\/100\n|turn|27\n|\n|t:|1699663224\n|move|p2a: Rillaboom|Grassy Glide|p1a: Clefable\n|-damage|p1a: Clefable|26\/100\n|move|p1a: Clefable|Moonblast|p2a: Rillaboom\n|-damage|p2a: Rillaboom|18\/100\n|-unboost|p2a: Rillaboom|spa|1\n|\n|-heal|p2a: Rillaboom|24\/100|[from] Grassy Terrain\n|-heal|p1a: Clefable|32\/100|[from] Grassy Terrain\n|upkeep\n|turn|28\n|\n|t:|1699663227\n|move|p2a: Rillaboom|Grassy Glide|p1a: Clefable\n|-damage|p1a: Clefable|0 fnt\n|faint|p1a: Clefable\n|\n|-heal|p2a: Rillaboom|30\/100|[from] Grassy Terrain\n|upkeep\n|\n|t:|1699663230\n|switch|p1a: Zygarde|Zygarde-10%|100\/100\n|-damage|p1a: Zygarde|94\/100|[from] Stealth Rock\n|-damage|p1a: Zygarde|78\/100|[from] Spikes\n|-ability|p1a: Zygarde|Aura Break\n|turn|29\n|\n|t:|1699663233\n|-terastallize|p1a: Zygarde|Normal\n|move|p1a: Zygarde|Extreme Speed|p2a: Rillaboom\n|-damage|p2a: Rillaboom|0 fnt\n|faint|p2a: Rillaboom\n|\n|-heal|p1a: Zygarde|84\/100|[from] Grassy Terrain\n|-fieldend|move: Grassy Terrain\n|upkeep\n|\n|t:|1699663240\n|switch|p2a: Tapu Koko|Tapu Koko|88\/100\n|-damage|p2a: Tapu Koko|76\/100|[from] Stealth Rock\n|-fieldstart|move: Electric Terrain|[from] ability: Electric Surge|[of] p2a: Tapu Koko\n|turn|30\n|\n|t:|1699663246\n|move|p1a: Zygarde|Extreme Speed|p2a: Tapu Koko\n|-damage|p2a: Tapu Koko|18\/100\n|move|p2a: Tapu Koko|Volt Switch|p1a: Zygarde\n|-damage|p1a: Zygarde|38\/100\n|\n|t:|1699663249\n|switch|p2a: Iron Moth|Iron Moth|76\/100|[from] Volt Switch\n|-damage|p2a: Iron Moth|51\/100|[from] Stealth Rock\n|-activate|p2a: Iron Moth|ability: Quark Drive\n|-start|p2a: Iron Moth|quarkdrivespa\n|\n|upkeep\n|turn|31\n|\n|t:|1699663255\n|move|p1a: Zygarde|Extreme Speed|p2a: Iron Moth\n|-damage|p2a: Iron Moth|0 fnt\n|faint|p2a: Iron Moth\n|-end|p2a: Iron Moth|Quark Drive|[silent]\n|\n|upkeep\n|-message|noob Here goEz forfeited.\n|\n|win|asalqfty4\n|raw|asalqfty4's rating: 1304 &rarr; <strong>1328<\/strong><br \/>(+24 for winning)\n|raw|noob Here goEz's rating: 1369 &rarr; <strong>1345<\/strong><br \/>(-24 for losing)\n|l|\u2606noob Here goEz\n|c|\u2606asalqfty4|Gg\n","uploadtime":1699663266,"views":6,"p1id":"asalqfty4","p2id":"noobheregoez","formatid":"gen9nationaldex","rating":1328,"private":0,"password":""}