{"id":"gen9nationaldex-1998819248","p1":"pikaplayer1001000","p2":"ujklll","format":"[Gen 9] National Dex","log":"|html|<div class=\"broadcast-blue\"><strong>[Gen 9] National Dex is currently suspecting Sneasler! For information on how to participate check out the <a href=\"https:\/\/www.smogon.com\/forums\/threads\/sv-national-dex-suspect-8-just-dance.3731534\/\">suspect thread<\/a>.<\/strong><\/div>\n|j|\u2606pikaplayer1001000\n|j|\u2606ujklll\n|t:|1700997292\n|gametype|singles\n|player|p1|pikaplayer1001000|red-gen2|1180\n|player|p2|ujklll|169|1075\n|teamsize|p1|6\n|teamsize|p2|6\n|gen|9\n|tier|[Gen 9] National Dex\n|rated|\n|rule|HP Percentage Mod: HP is shown in percentages\n|rule|Endless Battle Clause: Forcing endless battles is banned\n|rule|OHKO Clause: OHKO moves are banned\n|rule|Evasion Clause: Evasion abilities, items, and moves are banned\n|rule|Evasion Abilities Clause: Evasion abilities are banned\n|rule|Evasion Items Clause: Evasion items are banned\n|rule|Evasion Moves Clause: Evasion moves are banned\n|rule|Species Clause: Limit one of each Pok\u00e9mon\n|rule|Sleep Clause Mod: Limit one foe put to sleep\n|clearpoke\n|poke|p1|Chatot, M|\n|poke|p1|Mawile, F|\n|poke|p1|Ninetales-Alola, F|\n|poke|p1|Ribombee, M|\n|poke|p1|Pawmot, F|\n|poke|p1|Excadrill, F|\n|poke|p2|Slowking-Galar, F|\n|poke|p2|Great Tusk|\n|poke|p2|Arcanine-Hisui, M|\n|poke|p2|Swellow, F|\n|poke|p2|Mawile, M|\n|poke|p2|Alomomola, M|\n|teampreview\n|inactive|Battle timer is ON: inactive players will automatically lose when time's up. (requested by pikaplayer1001000)\n|\n|t:|1700997331\n|start\n|switch|p1a: Ribombee|Ribombee, M|100\/100\n|switch|p2a: Arcanine|Arcanine-Hisui, M|100\/100\n|turn|1\n|\n|t:|1700997335\n|move|p2a: Arcanine|Flare Blitz|p1a: Ribombee\n|-supereffective|p1a: Ribombee\n|-enditem|p1a: Ribombee|Focus Sash\n|-damage|p1a: Ribombee|1\/100\n|move|p1a: Ribombee|Sticky Web|p2a: Arcanine\n|-sidestart|p2: ujklll|move: Sticky Web\n|\n|upkeep\n|turn|2\n|\n|t:|1700997348\n|move|p2a: Arcanine|Flare Blitz|p1a: Ribombee\n|-supereffective|p1a: Ribombee\n|-damage|p1a: Ribombee|0 fnt\n|faint|p1a: Ribombee\n|\n|upkeep\n|\n|t:|1700997351\n|switch|p1a: Excadrill|Excadrill, F|100\/100\n|-ability|p1a: Excadrill|Mold Breaker\n|turn|3\n|\n|t:|1700997353\n|move|p2a: Arcanine|Flare Blitz|p1a: Excadrill\n|-supereffective|p1a: Excadrill\n|-enditem|p1a: Excadrill|Focus Sash\n|-damage|p1a: Excadrill|1\/100\n|move|p1a: Excadrill|Earthquake|p2a: Arcanine\n|-supereffective|p2a: Arcanine\n|-damage|p2a: Arcanine|0 fnt\n|faint|p2a: Arcanine\n|\n|upkeep\n|\n|t:|1700997356\n|switch|p2a: Great Tusk|Great Tusk|100\/100\n|-activate|p2a: Great Tusk|move: Sticky Web\n|-unboost|p2a: Great Tusk|spe|1\n|-enditem|p2a: Great Tusk|Booster Energy\n|-activate|p2a: Great Tusk|ability: Protosynthesis|[fromitem]\n|-start|p2a: Great Tusk|protosynthesisatk\n|turn|4\n|\n|t:|1700997362\n|switch|p1a: Ninetales|Ninetales-Alola, F|100\/100\n|-weather|Snow|[from] ability: Snow Warning|[of] p1a: Ninetales\n|move|p2a: Great Tusk|Rapid Spin|p1a: Ninetales\n|-damage|p1a: Ninetales|76\/100\n|-boost|p2a: Great Tusk|spe|1\n|-sideend|p2: ujklll|Sticky Web|[from] move: Rapid Spin|[of] p2a: Great Tusk\n|\n|-weather|Snow|[upkeep]\n|upkeep\n|turn|5\n|\n|t:|1700997376\n|-terastallize|p2a: Great Tusk|Steel\n|move|p1a: Ninetales|Aurora Veil|p1a: Ninetales\n|-sidestart|p1: pikaplayer1001000|move: Aurora Veil\n|move|p2a: Great Tusk|Close Combat|p1a: Ninetales\n|-damage|p1a: Ninetales|34\/100\n|-unboost|p2a: Great Tusk|def|1\n|-unboost|p2a: Great Tusk|spd|1\n|\n|-weather|Snow|[upkeep]\n|upkeep\n|turn|6\n|\n|t:|1700997385\n|move|p1a: Ninetales|Blizzard|p2a: Great Tusk\n|-resisted|p2a: Great Tusk\n|-damage|p2a: Great Tusk|48\/100\n|move|p2a: Great Tusk|Stealth Rock|p1a: Ninetales\n|-sidestart|p1: pikaplayer1001000|move: Stealth Rock\n|\n|-weather|Snow|[upkeep]\n|upkeep\n|turn|7\n|\n|t:|1700997393\n|-end|p2a: Great Tusk|Protosynthesis|[silent]\n|switch|p2a: Slowking|Slowking-Galar, F|100\/100\n|move|p1a: Ninetales|Blizzard|p2a: Slowking\n|-crit|p2a: Slowking\n|-damage|p2a: Slowking|62\/100\n|\n|-weather|Snow|[upkeep]\n|upkeep\n|turn|8\n|\n|t:|1700997400\n|switch|p1a: Excadrill|Excadrill, F|1\/100\n|-damage|p1a: Excadrill|0 fnt|[from] Stealth Rock\n|faint|p1a: Excadrill\n|move|p2a: Slowking|Slack Off|p2a: Slowking\n|-heal|p2a: Slowking|100\/100\n|\n|-weather|none\n|upkeep\n|\n|t:|1700997417\n|switch|p1a: Mawile|Mawile, F|100\/100\n|-damage|p1a: Mawile|95\/100|[from] Stealth Rock\n|turn|9\n|\n|t:|1700997421\n|detailschange|p1a: Mawile|Mawile-Mega, F\n|-mega|p1a: Mawile|Mawile|Mawilite\n|move|p1a: Mawile|Swords Dance|p1a: Mawile\n|-boost|p1a: Mawile|atk|2\n|move|p2a: Slowking|Chilly Reception|p2a: Slowking\n|-weather|Snow\n|\n|t:|1700997430\n|switch|p2a: Mawile|Mawile, M|100\/100|[from] Chilly Reception\n|-ability|p2a: Mawile|Intimidate|boost\n|-unboost|p1a: Mawile|atk|1\n|\n|-weather|Snow|[upkeep]\n|upkeep\n|turn|10\n|\n|t:|1700997454\n|switch|p2a: Alomomola|Alomomola, M|100\/100\n|move|p1a: Mawile|Iron Head|p2a: Alomomola\n|-resisted|p2a: Alomomola\n|-damage|p2a: Alomomola|67\/100\n|-damage|p1a: Mawile|78\/100|[from] item: Rocky Helmet|[of] p2a: Alomomola\n|\n|-weather|Snow|[upkeep]\n|upkeep\n|turn|11\n|\n|t:|1700997464\n|move|p2a: Alomomola|Protect|p2a: Alomomola\n|-singleturn|p2a: Alomomola|Protect\n|move|p1a: Mawile|Swords Dance|p1a: Mawile\n|-boost|p1a: Mawile|atk|2\n|\n|-weather|Snow|[upkeep]\n|upkeep\n|turn|12\n|inactive|pikaplayer1001000 has 120 seconds left.\n|inactive|pikaplayer1001000 has 90 seconds left.\n|\n|t:|1700997527\n|move|p2a: Alomomola|Flip Turn|p1a: Mawile\n|-damage|p1a: Mawile|71\/100\n|\n|t:|1700997534\n|switch|p2a: Great Tusk|Great Tusk, tera:Steel|48\/100|[from] Flip Turn\n|move|p1a: Mawile|Play Rough|p2a: Great Tusk\n|-resisted|p2a: Great Tusk\n|-damage|p2a: Great Tusk|0 fnt\n|faint|p2a: Great Tusk\n|-end|p2a: Great Tusk|Protosynthesis|[silent]\n|\n|-weather|Snow|[upkeep]\n|-sideend|p1: pikaplayer1001000|move: Aurora Veil\n|upkeep\n|\n|t:|1700997540\n|switch|p2a: Mawile|Mawile, M|100\/100\n|-ability|p2a: Mawile|Intimidate|boost\n|-unboost|p1a: Mawile|atk|1\n|turn|13\n|\n|t:|1700997552\n|detailschange|p2a: Mawile|Mawile-Mega, M\n|-mega|p2a: Mawile|Mawile|Mawilite\n|move|p2a: Mawile|Play Rough|p1a: Mawile\n|-resisted|p1a: Mawile\n|-damage|p1a: Mawile|30\/100\n|move|p1a: Mawile|Iron Head|p2a: Mawile\n|-damage|p2a: Mawile|0 fnt\n|faint|p2a: Mawile\n|\n|-weather|none\n|upkeep\n|\n|t:|1700997561\n|switch|p2a: Swellow|Swellow, F|100\/100\n|turn|14\n|inactive|pikaplayer1001000 has 90 seconds left.\n|inactive|pikaplayer1001000 has 60 seconds left.\n|inactive|pikaplayer1001000 has 30 seconds left.\n|\n|t:|1700997645\n|switch|p2a: Alomomola|Alomomola, M|100\/100\n|move|p1a: Mawile|Swords Dance|p1a: Mawile\n|-boost|p1a: Mawile|atk|2\n|\n|upkeep\n|turn|15\n|\n|t:|1700997656\n|move|p2a: Alomomola|Flip Turn|p1a: Mawile\n|-damage|p1a: Mawile|16\/100\n|\n|t:|1700997660\n|switch|p2a: Slowking|Slowking-Galar, F|100\/100|[from] Flip Turn\n|move|p1a: Mawile|Play Rough|p2a: Slowking\n|-resisted|p2a: Slowking\n|-damage|p2a: Slowking|0 fnt\n|faint|p2a: Slowking\n|\n|upkeep\n|\n|t:|1700997662\n|switch|p2a: Swellow|Swellow, F|100\/100\n|turn|16\n|\n|t:|1700997667\n|move|p1a: Mawile|Sucker Punch|p2a: Swellow\n|-damage|p2a: Swellow|0 fnt\n|faint|p2a: Swellow\n|\n|upkeep\n|-message|ujklll forfeited.\n|\n|win|pikaplayer1001000\n|raw|pikaplayer1001000's rating: 1180 &rarr; <strong>1198<\/strong><br \/>(+18 for winning)\n|raw|ujklll's rating: 1075 &rarr; <strong>1060<\/strong><br \/>(-15 for losing)\n|l|\u2606ujklll\n","uploadtime":1700997862,"views":10,"p1id":"pikaplayer1001000","p2id":"ujklll","formatid":"gen9nationaldex","rating":1060,"private":0,"password":""}