{"id":"gen9nationaldex-1999914828","p1":"Jumeninja","p2":"shelmetbeta","format":"[Gen 9] National Dex","log":"|html|<div class=\"broadcast-blue\"><strong>[Gen 9] National Dex is currently suspecting Sneasler! For information on how to participate check out the <a href=\"https:\/\/www.smogon.com\/forums\/threads\/sv-national-dex-suspect-8-just-dance.3731534\/\">suspect thread<\/a>.<\/strong><\/div>\n|j|\u2606Jumeninja\n|j|\u2606shelmetbeta\n|t:|1701129550\n|gametype|singles\n|player|p1|Jumeninja|pokemonrangerf-gen4|1292\n|player|p2|shelmetbeta|170|1302\n|teamsize|p1|6\n|teamsize|p2|6\n|gen|9\n|tier|[Gen 9] National Dex\n|rated|\n|rule|HP Percentage Mod: HP is shown in percentages\n|rule|Endless Battle Clause: Forcing endless battles is banned\n|rule|OHKO Clause: OHKO moves are banned\n|rule|Evasion Clause: Evasion abilities, items, and moves are banned\n|rule|Evasion Abilities Clause: Evasion abilities are banned\n|rule|Evasion Items Clause: Evasion items are banned\n|rule|Evasion Moves Clause: Evasion moves are banned\n|rule|Species Clause: Limit one of each Pok\u00e9mon\n|rule|Sleep Clause Mod: Limit one foe put to sleep\n|clearpoke\n|poke|p1|Ogerpon-Cornerstone, F|\n|poke|p1|Enamorus, F|\n|poke|p1|Alomomola, F|\n|poke|p1|Slowking-Galar, F|\n|poke|p1|Excadrill, M|\n|poke|p1|Tyranitar, M|\n|poke|p2|Scizor, F|\n|poke|p2|Alomomola, F|\n|poke|p2|Tornadus-Therian, M|\n|poke|p2|Ferrothorn, M|\n|poke|p2|Thundurus-Therian, M|\n|poke|p2|Clodsire, F|\n|teampreview\n|inactive|Battle timer is ON: inactive players will automatically lose when time's up. (requested by shelmetbeta)\n|\n|t:|1701129575\n|start\n|switch|p1a: Excadrill|Excadrill, M|100\/100\n|switch|p2a: Scizor|Scizor, F|100\/100\n|turn|1\n|\n|t:|1701129595\n|detailschange|p2a: Scizor|Scizor-Mega, F\n|-mega|p2a: Scizor|Scizor|Scizorite\n|move|p1a: Excadrill|Swords Dance|p1a: Excadrill\n|-boost|p1a: Excadrill|atk|2\n|move|p2a: Scizor|Swords Dance|p2a: Scizor\n|-boost|p2a: Scizor|atk|2\n|\n|upkeep\n|turn|2\n|\n|t:|1701129604\n|move|p2a: Scizor|Bullet Punch|p1a: Excadrill\n|-resisted|p1a: Excadrill\n|-damage|p1a: Excadrill|56\/100\n|move|p1a: Excadrill|Earthquake|p2a: Scizor\n|-crit|p2a: Scizor\n|-damage|p2a: Scizor|0 fnt\n|faint|p2a: Scizor\n|\n|-heal|p1a: Excadrill|62\/100|[from] item: Leftovers\n|upkeep\n|c|\u2606Jumeninja|holy\n|c|\u2606shelmetbeta|Bruhh\n|\n|t:|1701129620\n|switch|p2a: Thundurus|Thundurus-Therian, M|100\/100\n|turn|3\n|\n|t:|1701129627\n|switch|p1a: Tyranitar|Tyranitar, M|100\/100\n|-weather|Sandstorm|[from] ability: Sand Stream|[of] p1a: Tyranitar\n|move|p2a: Thundurus|Grass Knot|p1a: Tyranitar\n|-supereffective|p1a: Tyranitar\n|-damage|p1a: Tyranitar|17\/100\n|\n|-weather|Sandstorm|[upkeep]\n|-damage|p2a: Thundurus|94\/100|[from] Sandstorm\n|upkeep\n|turn|4\n|\n|t:|1701129637\n|switch|p1a: Enamorus|Enamorus, F|100\/100\n|move|p2a: Thundurus|Grass Knot|p1a: Enamorus\n|-resisted|p1a: Enamorus\n|-damage|p1a: Enamorus|77\/100\n|\n|-weather|Sandstorm|[upkeep]\n|-damage|p1a: Enamorus|71\/100|[from] Sandstorm\n|-damage|p2a: Thundurus|88\/100|[from] Sandstorm\n|upkeep\n|turn|5\n|\n|t:|1701129645\n|switch|p2a: Clodsire|Clodsire, F|100\/100\n|move|p1a: Enamorus|Moonblast|p2a: Clodsire\n|-resisted|p2a: Clodsire\n|-damage|p2a: Clodsire|86\/100\n|\n|-weather|Sandstorm|[upkeep]\n|-damage|p1a: Enamorus|65\/100|[from] Sandstorm\n|upkeep\n|turn|6\n|\n|t:|1701129650\n|switch|p1a: Alomomola|Alomomola, F, shiny|100\/100\n|move|p2a: Clodsire|Spikes|p1a: Alomomola\n|-sidestart|p1: Jumeninja|Spikes\n|\n|-weather|Sandstorm|[upkeep]\n|-damage|p1a: Alomomola|94\/100|[from] Sandstorm\n|upkeep\n|turn|7\n|\n|t:|1701129656\n|move|p1a: Alomomola|Knock Off|p2a: Clodsire\n|-damage|p2a: Clodsire|65\/100\n|-enditem|p2a: Clodsire|Heavy-Duty Boots|[from] move: Knock Off|[of] p1a: Alomomola\n|move|p2a: Clodsire|Toxic|p1a: Alomomola\n|-status|p1a: Alomomola|tox\n|\n|-weather|none\n|-damage|p1a: Alomomola|88\/100 tox|[from] psn\n|upkeep\n|turn|8\n|\n|t:|1701129663\n|move|p1a: Alomomola|Wish|p1a: Alomomola\n|move|p2a: Clodsire|Recover|p2a: Clodsire\n|-heal|p2a: Clodsire|100\/100\n|\n|-damage|p1a: Alomomola|76\/100 tox|[from] psn\n|upkeep\n|turn|9\n|\n|t:|1701129671\n|switch|p1a: Tyranitar|Tyranitar, M|17\/100\n|-damage|p1a: Tyranitar|4\/100|[from] Spikes\n|-weather|Sandstorm|[from] ability: Sand Stream|[of] p1a: Tyranitar\n|move|p2a: Clodsire|Earthquake|p1a: Tyranitar\n|-supereffective|p1a: Tyranitar\n|-damage|p1a: Tyranitar|0 fnt\n|faint|p1a: Tyranitar\n|\n|-weather|Sandstorm|[upkeep]\n|upkeep\n|\n|t:|1701129680\n|switch|p1a: Slowking|Slowking-Galar, F|100\/100\n|turn|10\n|c|\u2606shelmetbeta|Ez\n|\n|t:|1701129691\n|move|p1a: Slowking|Future Sight|p2a: Clodsire\n|-start|p1a: Slowking|move: Future Sight\n|move|p2a: Clodsire|Spikes|p1a: Slowking\n|-sidestart|p1: Jumeninja|Spikes\n|\n|-weather|Sandstorm|[upkeep]\n|-damage|p1a: Slowking|94\/100|[from] Sandstorm\n|upkeep\n|turn|11\n|\n|t:|1701129699\n|move|p1a: Slowking|Flamethrower|p2a: Clodsire\n|-damage|p2a: Clodsire|89\/100\n|move|p2a: Clodsire|Earthquake|p1a: Slowking\n|-supereffective|p1a: Slowking\n|-damage|p1a: Slowking|38\/100\n|\n|-weather|Sandstorm|[upkeep]\n|-damage|p1a: Slowking|32\/100|[from] Sandstorm\n|upkeep\n|turn|12\n|\n|t:|1701129708\n|move|p1a: Slowking|Chilly Reception|p1a: Slowking\n|-weather|Snow\n|\n|t:|1701129712\n|switch|p1a: Enamorus|Enamorus, F|65\/100|[from] Chilly Reception\n|move|p2a: Clodsire|Earthquake|p1a: Enamorus\n|-immune|p1a: Enamorus\n|\n|-weather|Snow|[upkeep]\n|-end|p2a: Clodsire|move: Future Sight\n|-supereffective|p2a: Clodsire\n|-damage|p2a: Clodsire|40\/100\n|upkeep\n|turn|13\n|\n|t:|1701129723\n|move|p1a: Enamorus|Earth Power|p2a: Clodsire\n|-supereffective|p2a: Clodsire\n|-damage|p2a: Clodsire|5\/100\n|-unboost|p2a: Clodsire|spd|1\n|move|p2a: Clodsire|Recover|p2a: Clodsire\n|-heal|p2a: Clodsire|55\/100\n|\n|-weather|Snow|[upkeep]\n|upkeep\n|turn|14\n|\n|t:|1701129737\n|switch|p1a: Ogerpon|Ogerpon-Cornerstone, F|100\/100\n|-damage|p1a: Ogerpon|84\/100|[from] Spikes\n|switch|p2a: Tornadus|Tornadus-Therian, M|100\/100\n|\n|-weather|Snow|[upkeep]\n|upkeep\n|turn|15\n|\n|t:|1701129746\n|-terastallize|p1a: Ogerpon|Rock\n|detailschange|p1a: Ogerpon|Ogerpon-Cornerstone-Tera, F, tera:Rock\n|-ability|p1a: Ogerpon|Embody Aspect (Cornerstone)|boost\n|-boost|p1a: Ogerpon|def|1\n|move|p2a: Tornadus|Hurricane|p1a: Ogerpon\n|-resisted|p1a: Ogerpon\n|-damage|p1a: Ogerpon|61\/100\n|move|p1a: Ogerpon|Ivy Cudgel|p2a: Tornadus|[anim] Ivy Cudgel Rock\n|-supereffective|p2a: Tornadus\n|-damage|p2a: Tornadus|0 fnt\n|faint|p2a: Tornadus\n|\n|-weather|Snow|[upkeep]\n|upkeep\n|\n|t:|1701129758\n|switch|p2a: Alomomola|Alomomola, F|100\/100\n|turn|16\n|\n|t:|1701129763\n|-terastallize|p2a: Alomomola|Dragon\n|move|p1a: Ogerpon|Trailblaze|p2a: Alomomola\n|-resisted|p2a: Alomomola\n|-damage|p2a: Alomomola|91\/100\n|-boost|p1a: Ogerpon|spe|1\n|move|p2a: Alomomola|Toxic|p1a: Ogerpon\n|-status|p1a: Ogerpon|tox\n|\n|-weather|none\n|-damage|p1a: Ogerpon|55\/100 tox|[from] psn\n|upkeep\n|turn|17\n|\n|t:|1701129777\n|move|p1a: Ogerpon|Swords Dance|p1a: Ogerpon\n|-boost|p1a: Ogerpon|atk|2\n|move|p2a: Alomomola|Flip Turn|p1a: Ogerpon\n|-supereffective|p1a: Ogerpon\n|-damage|p1a: Ogerpon|28\/100 tox\n|\n|t:|1701129784\n|switch|p2a: Ferrothorn|Ferrothorn, M|100\/100|[from] Flip Turn\n|\n|-damage|p1a: Ogerpon|16\/100 tox|[from] psn\n|upkeep\n|turn|18\n|\n|t:|1701129792\n|move|p1a: Ogerpon|Ivy Cudgel|p2a: Ferrothorn|[anim] Ivy Cudgel Rock\n|-resisted|p2a: Ferrothorn\n|-damage|p2a: Ferrothorn|43\/100\n|move|p2a: Ferrothorn|Stealth Rock|p1a: Ogerpon\n|-sidestart|p1: Jumeninja|move: Stealth Rock\n|\n|-heal|p2a: Ferrothorn|49\/100|[from] item: Leftovers\n|-damage|p1a: Ogerpon|0 fnt|[from] psn\n|faint|p1a: Ogerpon\n|upkeep\n|\n|t:|1701129801\n|switch|p1a: Slowking|Slowking-Galar, F|65\/100\n|turn|19\n|\n|t:|1701129807\n|switch|p2a: Clodsire|Clodsire, F|55\/100\n|move|p1a: Slowking|Flamethrower|p2a: Clodsire\n|-damage|p2a: Clodsire|42\/100\n|\n|upkeep\n|turn|20\n|\n|t:|1701129810\n|move|p1a: Slowking|Future Sight|p2a: Clodsire\n|-start|p1a: Slowking|move: Future Sight\n|move|p2a: Clodsire|Recover|p2a: Clodsire\n|-heal|p2a: Clodsire|92\/100\n|\n|upkeep\n|turn|21\n|\n|t:|1701129815\n|move|p1a: Slowking|Sludge Bomb|p2a: Clodsire\n|-resisted|p2a: Clodsire\n|-damage|p2a: Clodsire|87\/100\n|move|p2a: Clodsire|Toxic|p1a: Slowking\n|-immune|p1a: Slowking\n|\n|upkeep\n|turn|22\n|\n|t:|1701129821\n|move|p1a: Slowking|Chilly Reception|p1a: Slowking\n|-weather|Snow\n|\n|t:|1701129825\n|switch|p1a: Enamorus|Enamorus, F|65\/100|[from] Chilly Reception\n|-damage|p1a: Enamorus|40\/100|[from] Stealth Rock\n|move|p2a: Clodsire|Toxic|p1a: Enamorus\n|-status|p1a: Enamorus|tox\n|\n|-weather|Snow|[upkeep]\n|-end|p2a: Clodsire|move: Future Sight\n|-supereffective|p2a: Clodsire\n|-damage|p2a: Clodsire|42\/100\n|-damage|p1a: Enamorus|34\/100 tox|[from] psn\n|upkeep\n|turn|23\n|c|\u2606shelmetbeta|Ez\n|\n|t:|1701129842\n|switch|p2a: Ferrothorn|Ferrothorn, M|49\/100\n|move|p1a: Enamorus|Earth Power|p2a: Ferrothorn\n|-damage|p2a: Ferrothorn|26\/100\n|\n|-weather|Snow|[upkeep]\n|-heal|p2a: Ferrothorn|33\/100|[from] item: Leftovers\n|-damage|p1a: Enamorus|21\/100 tox|[from] psn\n|upkeep\n|turn|24\n|\n|t:|1701129847\n|move|p1a: Enamorus|Earth Power|p2a: Ferrothorn\n|-damage|p2a: Ferrothorn|11\/100\n|move|p2a: Ferrothorn|Leech Seed|p1a: Enamorus\n|-start|p1a: Enamorus|move: Leech Seed\n|\n|-weather|Snow|[upkeep]\n|-heal|p2a: Ferrothorn|17\/100|[from] item: Leftovers\n|-damage|p1a: Enamorus|9\/100 tox|[from] Leech Seed|[of] p2a: Ferrothorn\n|-heal|p2a: Ferrothorn|27\/100|[silent]\n|-damage|p1a: Enamorus|0 fnt|[from] psn\n|faint|p1a: Enamorus\n|upkeep\n|c|\u2606shelmetbeta|Ur getting bodied\n|\n|t:|1701129857\n|switch|p1a: Alomomola|Alomomola, F, shiny|100\/100 tox\n|-damage|p1a: Alomomola|84\/100 tox|[from] Spikes\n|-damage|p1a: Alomomola|71\/100 tox|[from] Stealth Rock\n|turn|25\n|\n|t:|1701129865\n|move|p1a: Alomomola|Knock Off|p2a: Ferrothorn\n|-damage|p2a: Ferrothorn|16\/100\n|-damage|p1a: Alomomola|59\/100 tox|[from] ability: Iron Barbs|[of] p2a: Ferrothorn\n|-enditem|p2a: Ferrothorn|Leftovers|[from] move: Knock Off|[of] p1a: Alomomola\n|move|p2a: Ferrothorn|Power Whip|p1a: Alomomola\n|-supereffective|p1a: Alomomola\n|-damage|p1a: Alomomola|16\/100 tox\n|-damage|p2a: Ferrothorn|0 fnt|[from] item: Rocky Helmet|[of] p1a: Alomomola\n|faint|p2a: Ferrothorn\n|\n|-weather|Snow|[upkeep]\n|-damage|p1a: Alomomola|10\/100 tox|[from] psn\n|upkeep\n|\n|t:|1701129871\n|switch|p2a: Alomomola|Alomomola, F, tera:Dragon|100\/100\n|turn|26\n|\n|t:|1701129874\n|move|p1a: Alomomola|Wish|p1a: Alomomola\n|move|p2a: Alomomola|Flip Turn|p1a: Alomomola\n|-resisted|p1a: Alomomola\n|-damage|p1a: Alomomola|5\/100 tox\n|-damage|p2a: Alomomola|84\/100|[from] item: Rocky Helmet|[of] p1a: Alomomola\n|\n|t:|1701129877\n|switch|p2a: Thundurus|Thundurus-Therian, M|88\/100|[from] Flip Turn\n|\n|-weather|none\n|-damage|p1a: Alomomola|0 fnt|[from] psn\n|faint|p1a: Alomomola\n|upkeep\n|\n|t:|1701129885\n|switch|p1a: Excadrill|Excadrill, M|62\/100\n|-damage|p1a: Excadrill|46\/100|[from] Spikes\n|-damage|p1a: Excadrill|43\/100|[from] Stealth Rock\n|turn|27\n|\n|t:|1701129897\n|move|p2a: Thundurus|Grass Knot|p1a: Excadrill\n|-damage|p1a: Excadrill|0 fnt\n|faint|p1a: Excadrill\n|\n|upkeep\n|\n|t:|1701129900\n|switch|p1a: Slowking|Slowking-Galar, F|98\/100\n|turn|28\n|inactive|Jumeninja has 120 seconds left.\n|\n|t:|1701129954\n|switch|p2a: Clodsire|Clodsire, F|42\/100\n|move|p1a: Slowking|Sludge Bomb|p2a: Clodsire\n|-resisted|p2a: Clodsire\n|-damage|p2a: Clodsire|37\/100\n|\n|upkeep\n|turn|29\n|-message|Jumeninja forfeited.\n|\n|win|shelmetbeta\n|raw|Jumeninja's rating: 1292 &rarr; <strong>1268<\/strong><br \/>(-24 for losing)\n|raw|shelmetbeta's rating: 1302 &rarr; <strong>1321<\/strong><br \/>(+19 for winning)\n|l|\u2606Jumeninja\n","uploadtime":1701129964,"views":1,"p1id":"jumeninja","p2id":"shelmetbeta","formatid":"gen9nationaldex","rating":1268,"private":0,"password":""}