{"id":"gen9nationaldex-1992739663","p1":"testing a funni3","p2":"21canyoudosumm4me","format":"[Gen 9] National Dex","log":"|j|\u2606testing a funni3\n|j|\u260621canyoudosumm4me\n|t:|1700230960\n|gametype|singles\n|player|p1|testing a funni3|unknownf|1529\n|player|p2|21canyoudosumm4me|170|1460\n|teamsize|p1|6\n|teamsize|p2|6\n|gen|9\n|tier|[Gen 9] National Dex\n|rated|\n|rule|HP Percentage Mod: HP is shown in percentages\n|rule|Endless Battle Clause: Forcing endless battles is banned\n|rule|OHKO Clause: OHKO moves are banned\n|rule|Evasion Clause: Evasion abilities, items, and moves are banned\n|rule|Evasion Abilities Clause: Evasion abilities are banned\n|rule|Evasion Items Clause: Evasion items are banned\n|rule|Evasion Moves Clause: Evasion moves are banned\n|rule|Species Clause: Limit one of each Pok\u00e9mon\n|rule|Sleep Clause Mod: Limit one foe put to sleep\n|clearpoke\n|poke|p1|Latios, M|\n|poke|p1|Buzzwole|\n|poke|p1|Gliscor, F|\n|poke|p1|Weavile, F|\n|poke|p1|Heatran, M|\n|poke|p1|Ogerpon-Wellspring, F|\n|poke|p2|Mawile, F|\n|poke|p2|Toxapex, F|\n|poke|p2|Volcarona, F|\n|poke|p2|Ting-Lu|\n|poke|p2|Zapdos|\n|poke|p2|Tapu Lele|\n|teampreview\n|\n|t:|1700230971\n|start\n|switch|p1a: Weavile|Weavile, F|100\/100\n|switch|p2a: Mawile|Mawile, F, shiny|100\/100\n|-ability|p1a: Weavile|Pressure\n|-ability|p2a: Mawile|Intimidate|boost\n|-unboost|p1a: Weavile|atk|1\n|turn|1\n|\n|t:|1700230982\n|switch|p1a: Heatran|Heatran, M|100\/100\n|detailschange|p2a: Mawile|Mawile-Mega, F, shiny\n|-mega|p2a: Mawile|Mawile|Mawilite\n|move|p2a: Mawile|Play Rough|p1a: Heatran\n|-resisted|p1a: Heatran\n|-damage|p1a: Heatran|85\/100\n|\n|-heal|p1a: Heatran|91\/100|[from] item: Leftovers\n|upkeep\n|turn|2\n|\n|t:|1700230993\n|switch|p2a: Ting-Lu|Ting-Lu|100\/100\n|-ability|p2a: Ting-Lu|Vessel of Ruin\n|move|p1a: Heatran|Magma Storm|p2a: Ting-Lu|[miss]\n|-miss|p1a: Heatran|p2a: Ting-Lu\n|\n|-heal|p1a: Heatran|97\/100|[from] item: Leftovers\n|upkeep\n|turn|3\n|\n|t:|1700231000\n|switch|p1a: Weavile|Weavile, F|100\/100\n|-ability|p1a: Weavile|Pressure\n|move|p2a: Ting-Lu|Stealth Rock|p1a: Weavile\n|-sidestart|p1: testing a funni3|move: Stealth Rock\n|\n|upkeep\n|turn|4\n|\n|t:|1700231007\n|switch|p2a: Toxapex|Toxapex, F, shiny|100\/100\n|move|p1a: Weavile|Triple Axel|p2a: Toxapex\n|-resisted|p2a: Toxapex\n|-damage|p2a: Toxapex|96\/100\n|-resisted|p2a: Toxapex\n|-damage|p2a: Toxapex|86\/100\n|-hitcount|p2a: Toxapex|2\n|\n|upkeep\n|turn|5\n|\n|t:|1700231011\n|switch|p1a: Gliscor|Gliscor, F|100\/100\n|-damage|p1a: Gliscor|88\/100|[from] Stealth Rock\n|move|p2a: Toxapex|Toxic|p1a: Gliscor\n|-status|p1a: Gliscor|tox\n|\n|-heal|p1a: Gliscor|100\/100 tox|[from] ability: Poison Heal\n|upkeep\n|turn|6\n|\n|t:|1700231020\n|switch|p2a: Volcarona|Volcarona, F|100\/100\n|move|p1a: Gliscor|Defog|p2a: Volcarona\n|-unboost|p2a: Volcarona|evasion|1\n|-sideend|p1: testing a funni3|Stealth Rock|[from] move: Defog|[of] p1a: Gliscor\n|\n|upkeep\n|turn|7\n|\n|t:|1700231024\n|move|p2a: Volcarona|Quiver Dance|p2a: Volcarona\n|-boost|p2a: Volcarona|spa|1\n|-boost|p2a: Volcarona|spd|1\n|-boost|p2a: Volcarona|spe|1\n|move|p1a: Gliscor|Toxic|p2a: Volcarona\n|-status|p2a: Volcarona|tox\n|\n|-damage|p2a: Volcarona|94\/100 tox|[from] psn\n|upkeep\n|turn|8\n|\n|t:|1700231028\n|move|p2a: Volcarona|Quiver Dance|p2a: Volcarona\n|-boost|p2a: Volcarona|spa|1\n|-boost|p2a: Volcarona|spd|1\n|-boost|p2a: Volcarona|spe|1\n|move|p1a: Gliscor|Earthquake|p2a: Volcarona\n|-damage|p2a: Volcarona|45\/100 tox\n|\n|-damage|p2a: Volcarona|33\/100 tox|[from] psn\n|upkeep\n|turn|9\n|\n|t:|1700231034\n|switch|p1a: Heatran|Heatran, M|97\/100\n|move|p2a: Volcarona|Hidden Power|p1a: Heatran\n|-supereffective|p1a: Heatran\n|-damage|p1a: Heatran|0 fnt\n|faint|p1a: Heatran\n|\n|-damage|p2a: Volcarona|14\/100 tox|[from] psn\n|upkeep\n|\n|t:|1700231042\n|switch|p1a: Gliscor|Gliscor, F|100\/100 tox\n|turn|10\n|\n|t:|1700231047\n|move|p2a: Volcarona|Flamethrower|p1a: Gliscor\n|-damage|p1a: Gliscor|13\/100 tox\n|move|p1a: Gliscor|Roost|p1a: Gliscor\n|-heal|p1a: Gliscor|63\/100 tox\n|-singleturn|p1a: Gliscor|move: Roost\n|\n|-damage|p2a: Volcarona|0 fnt|[from] psn\n|faint|p2a: Volcarona\n|-heal|p1a: Gliscor|75\/100 tox|[from] ability: Poison Heal\n|upkeep\n|\n|t:|1700231056\n|switch|p2a: Mawile|Mawile-Mega, F, shiny|100\/100\n|turn|11\n|\n|t:|1700231063\n|switch|p2a: Zapdos|Zapdos|100\/100\n|move|p1a: Gliscor|Earthquake|p2a: Zapdos\n|-immune|p2a: Zapdos\n|\n|-heal|p1a: Gliscor|88\/100 tox|[from] ability: Poison Heal\n|upkeep\n|turn|12\n|\n|t:|1700231067\n|move|p2a: Zapdos|Hurricane|p1a: Gliscor|[miss]\n|-miss|p2a: Zapdos|p1a: Gliscor\n|move|p1a: Gliscor|Toxic|p2a: Zapdos\n|-status|p2a: Zapdos|tox\n|\n|-damage|p2a: Zapdos|94\/100 tox|[from] psn\n|-heal|p1a: Gliscor|99\/100 tox|[from] ability: Poison Heal\n|upkeep\n|turn|13\n|\n|t:|1700231087\n|move|p2a: Zapdos|Hurricane|p1a: Gliscor|[miss]\n|-miss|p2a: Zapdos|p1a: Gliscor\n|move|p1a: Gliscor|Earthquake|p2a: Zapdos\n|-immune|p2a: Zapdos\n|\n|-damage|p2a: Zapdos|82\/100 tox|[from] psn\n|-heal|p1a: Gliscor|100\/100 tox|[from] ability: Poison Heal\n|upkeep\n|turn|14\n|\n|t:|1700231101\n|switch|p2a: Toxapex|Toxapex, F, shiny|100\/100\n|move|p1a: Gliscor|Defog|p2a: Toxapex\n|-unboost|p2a: Toxapex|evasion|1\n|\n|upkeep\n|turn|15\n|\n|t:|1700231107\n|move|p1a: Gliscor|Earthquake|p2a: Toxapex\n|-supereffective|p2a: Toxapex\n|-damage|p2a: Toxapex|56\/100\n|move|p2a: Toxapex|Scald|p1a: Gliscor\n|-supereffective|p1a: Gliscor\n|-damage|p1a: Gliscor|73\/100 tox\n|\n|-heal|p1a: Gliscor|85\/100 tox|[from] ability: Poison Heal\n|upkeep\n|turn|16\n|-message|21canyoudosumm4me forfeited.\n|\n|win|testing a funni3\n|raw|testing a funni3's rating: 1529 &rarr; <strong>1545<\/strong><br \/>(+16 for winning)\n|raw|21canyoudosumm4me's rating: 1460 &rarr; <strong>1444<\/strong><br \/>(-16 for losing)\n|l|\u260621canyoudosumm4me\n","uploadtime":1700231121,"views":9,"p1id":"testingafunni3","p2id":"21canyoudosumm4me","formatid":"gen9nationaldex","rating":1444,"private":0,"password":""}