{"id":"gen9nationaldex-1987749394","p1":"RimuruTempest88","p2":"isaac13426","format":"[Gen 9] National Dex","log":"|j|\u2606RimuruTempest88\n|j|\u2606isaac13426\n|t:|1699633453\n|gametype|singles\n|player|p1|RimuruTempest88|102|1032\n|player|p2|isaac13426|102|1000\n|teamsize|p1|6\n|teamsize|p2|5\n|gen|9\n|tier|[Gen 9] National Dex\n|rated|\n|rule|HP Percentage Mod: HP is shown in percentages\n|rule|Endless Battle Clause: Forcing endless battles is banned\n|rule|OHKO Clause: OHKO moves are banned\n|rule|Evasion Clause: Evasion abilities, items, and moves are banned\n|rule|Evasion Abilities Clause: Evasion abilities are banned\n|rule|Evasion Items Clause: Evasion items are banned\n|rule|Evasion Moves Clause: Evasion moves are banned\n|rule|Species Clause: Limit one of each Pok\u00e9mon\n|rule|Sleep Clause Mod: Limit one foe put to sleep\n|clearpoke\n|poke|p1|Greninja-*, F|\n|poke|p1|Honchkrow, M|\n|poke|p1|Slowbro, F|\n|poke|p1|Incineroar, F|\n|poke|p1|Meowscarada, M|\n|poke|p1|Quaquaval, F|\n|poke|p2|Garchomp, M|\n|poke|p2|Hydreigon, M|\n|poke|p2|Pelipper, F|\n|poke|p2|Swampert, M|\n|poke|p2|Hoopa-Unbound|\n|teampreview\n|\n|t:|1699633471\n|start\n|switch|p1a: Honchkrow|Honchkrow, M, shiny|100\/100\n|switch|p2a: Pelipper|Pelipper, F|100\/100\n|-weather|RainDance|[from] ability: Drizzle|[of] p2a: Pelipper\n|turn|1\n|\n|t:|1699633485\n|move|p1a: Honchkrow|Foul Play|p2a: Pelipper\n|-damage|p2a: Pelipper|75\/100\n|-damage|p1a: Honchkrow|84\/100|[from] item: Rocky Helmet|[of] p2a: Pelipper\n|move|p2a: Pelipper|Agility|p2a: Pelipper\n|-boost|p2a: Pelipper|spe|2\n|\n|-weather|RainDance|[upkeep]\n|upkeep\n|turn|2\n|\n|t:|1699633495\n|move|p2a: Pelipper|Agility|p2a: Pelipper\n|-boost|p2a: Pelipper|spe|2\n|move|p1a: Honchkrow|Acrobatics|p2a: Pelipper\n|-damage|p2a: Pelipper|0 fnt\n|-damage|p1a: Honchkrow|68\/100|[from] item: Rocky Helmet|[of] p2a: Pelipper\n|faint|p2a: Pelipper\n|-ability|p1a: Honchkrow|Moxie|boost\n|-boost|p1a: Honchkrow|atk|1\n|\n|-weather|RainDance|[upkeep]\n|upkeep\n|\n|t:|1699633501\n|switch|p2a: Swampert|Swampert, M|100\/100\n|turn|3\n|\n|t:|1699633508\n|detailschange|p2a: Swampert|Swampert-Mega, M\n|-mega|p2a: Swampert|Swampert|Swampertite\n|move|p1a: Honchkrow|Sucker Punch|p2a: Swampert\n|-damage|p2a: Swampert|35\/100\n|move|p2a: Swampert|Ancient Power|p1a: Honchkrow\n|-supereffective|p1a: Honchkrow\n|-damage|p1a: Honchkrow|20\/100\n|\n|-weather|RainDance|[upkeep]\n|upkeep\n|turn|4\n|\n|t:|1699633517\n|move|p1a: Honchkrow|Sucker Punch|p2a: Swampert\n|-damage|p2a: Swampert|0 fnt\n|faint|p2a: Swampert\n|-ability|p1a: Honchkrow|Moxie|boost\n|-boost|p1a: Honchkrow|atk|1\n|\n|-weather|RainDance|[upkeep]\n|upkeep\n|\n|t:|1699633525\n|switch|p2a: Hydreigon|Hydreigon, M|100\/100\n|turn|5\n|\n|t:|1699633532\n|move|p1a: Honchkrow|Sucker Punch|p2a: Hydreigon\n|-resisted|p2a: Hydreigon\n|-damage|p2a: Hydreigon|54\/100\n|move|p2a: Hydreigon|Dark Pulse|p1a: Honchkrow\n|-resisted|p1a: Honchkrow\n|-damage|p1a: Honchkrow|0 fnt\n|faint|p1a: Honchkrow\n|\n|-weather|none\n|upkeep\n|\n|t:|1699633544\n|switch|p1a: Meowscarada|Meowscarada, M|100\/100\n|turn|6\n|\n|t:|1699633553\n|move|p1a: Meowscarada|Play Rough|p2a: Hydreigon\n|-start|p1a: Meowscarada|typechange|Fairy|[from] ability: Protean\n|-supereffective|p2a: Hydreigon\n|-damage|p2a: Hydreigon|0 fnt\n|faint|p2a: Hydreigon\n|\n|upkeep\n|\n|t:|1699633560\n|switch|p2a: Hoopa|Hoopa-Unbound|100\/100\n|turn|7\n|\n|t:|1699633566\n|move|p1a: Meowscarada|Play Rough|p2a: Hoopa\n|-supereffective|p2a: Hoopa\n|-damage|p2a: Hoopa|0 fnt\n|faint|p2a: Hoopa\n|\n|upkeep\n|\n|t:|1699633572\n|switch|p2a: Garchomp|Garchomp, M|100\/100\n|turn|8\n|\n|t:|1699633578\n|move|p1a: Meowscarada|Play Rough|p2a: Garchomp\n|-supereffective|p2a: Garchomp\n|-damage|p2a: Garchomp|0 fnt\n|-damage|p1a: Meowscarada|88\/100|[from] ability: Rough Skin|[of] p2a: Garchomp\n|faint|p2a: Garchomp\n|\n|win|RimuruTempest88\n|raw|RimuruTempest88's rating: 1032 &rarr; <strong>1064<\/strong><br \/>(+32 for winning)\n|raw|isaac13426's rating: 1000 &rarr; <strong>1000<\/strong><br \/>(+0 for losing)\n|l|\u2606isaac13426\n","uploadtime":1699633587,"views":11,"p1id":"rimurutempest88","p2id":"isaac13426","formatid":"gen9nationaldex","rating":1000,"private":0,"password":""}