{"id":"gen9nationaldex-1990197135","p1":"liuqiu","p2":"Kuzwa","format":"[Gen 9] National Dex","log":"|j|\u203dliuqiu\n|j|\u2606Kuzwa\n|t:|1699935948\n|gametype|singles\n|player|p1|liuqiu|ash-hoenn|1146\n|player|p2|Kuzwa|parasollady|1285\n|teamsize|p1|6\n|teamsize|p2|6\n|gen|9\n|tier|[Gen 9] National Dex\n|rated|\n|rule|HP Percentage Mod: HP is shown in percentages\n|rule|Endless Battle Clause: Forcing endless battles is banned\n|rule|OHKO Clause: OHKO moves are banned\n|rule|Evasion Clause: Evasion abilities, items, and moves are banned\n|rule|Evasion Abilities Clause: Evasion abilities are banned\n|rule|Evasion Items Clause: Evasion items are banned\n|rule|Evasion Moves Clause: Evasion moves are banned\n|rule|Species Clause: Limit one of each Pok\u00e9mon\n|rule|Sleep Clause Mod: Limit one foe put to sleep\n|clearpoke\n|poke|p1|Skeledirge, M|\n|poke|p1|Gliscor, M|\n|poke|p1|Ferrothorn, M|\n|poke|p1|Meloetta|\n|poke|p1|Mimikyu, M|\n|poke|p1|Banette, F|\n|poke|p2|Gallade, M|\n|poke|p2|Kartana|\n|poke|p2|Weavile, M|\n|poke|p2|Ogerpon-Wellspring, F|\n|poke|p2|Zeraora|\n|poke|p2|Glimmora, M|\n|teampreview\n|inactive|Battle timer is ON: inactive players will automatically lose when time's up. (requested by Kuzwa)\n|\n|t:|1699935977\n|start\n|switch|p1a: Ferrothorn|Ferrothorn, M|100\/100\n|switch|p2a: thing|Glimmora, M|100\/100\n|-item|p2a: thing|Air Balloon\n|turn|1\n|\n|t:|1699935982\n|move|p2a: thing|Earth Power|p1a: Ferrothorn\n|-damage|p1a: Ferrothorn|82\/100\n|move|p1a: Ferrothorn|Stealth Rock|p2a: thing\n|-sidestart|p2: Kuzwa|move: Stealth Rock\n|\n|-heal|p1a: Ferrothorn|88\/100|[from] item: Leftovers\n|upkeep\n|turn|2\n|\n|t:|1699935986\n|move|p2a: thing|Earth Power|p1a: Ferrothorn\n|-damage|p1a: Ferrothorn|68\/100\n|move|p1a: Ferrothorn|Leech Seed|p2a: thing\n|-start|p2a: thing|move: Leech Seed\n|\n|-heal|p1a: Ferrothorn|74\/100|[from] item: Leftovers\n|-damage|p2a: thing|88\/100|[from] Leech Seed|[of] p1a: Ferrothorn\n|-heal|p1a: Ferrothorn|85\/100|[silent]\n|upkeep\n|turn|3\n|\n|t:|1699935989\n|move|p2a: thing|Earth Power|p1a: Ferrothorn\n|-damage|p1a: Ferrothorn|63\/100\n|move|p1a: Ferrothorn|Curse|p1a: Ferrothorn\n|-unboost|p1a: Ferrothorn|spe|1\n|-boost|p1a: Ferrothorn|atk|1\n|-boost|p1a: Ferrothorn|def|1\n|\n|-heal|p1a: Ferrothorn|70\/100|[from] item: Leftovers\n|-damage|p2a: thing|76\/100|[from] Leech Seed|[of] p1a: Ferrothorn\n|-heal|p1a: Ferrothorn|80\/100|[silent]\n|upkeep\n|turn|4\n|\n|t:|1699935998\n|switch|p2a: Ryoji Mochizuki|Gallade, M, shiny|100\/100\n|-damage|p2a: Ryoji Mochizuki|94\/100|[from] Stealth Rock\n|move|p1a: Ferrothorn|Curse|p1a: Ferrothorn\n|-unboost|p1a: Ferrothorn|spe|1\n|-boost|p1a: Ferrothorn|atk|1\n|-boost|p1a: Ferrothorn|def|1\n|\n|-heal|p1a: Ferrothorn|87\/100|[from] item: Leftovers\n|upkeep\n|turn|5\n|\n|t:|1699936002\n|-terastallize|p1a: Ferrothorn|Water\n|move|p2a: Ryoji Mochizuki|Sacred Sword|p1a: Ferrothorn\n|-damage|p1a: Ferrothorn|32\/100\n|-damage|p2a: Ryoji Mochizuki|82\/100|[from] ability: Iron Barbs|[of] p1a: Ferrothorn\n|move|p1a: Ferrothorn|Gyro Ball|p2a: Ryoji Mochizuki\n|-damage|p2a: Ryoji Mochizuki|0 fnt\n|faint|p2a: Ryoji Mochizuki\n|\n|-heal|p1a: Ferrothorn|38\/100|[from] item: Leftovers\n|upkeep\n|\n|t:|1699936008\n|switch|p2a: Makoto Yuki|Kartana, shiny|100\/100\n|-damage|p2a: Makoto Yuki|94\/100|[from] Stealth Rock\n|turn|6\n|\n|t:|1699936015\n|switch|p1a: Skeledirge|Skeledirge, M, shiny|100\/100\n|move|p2a: Makoto Yuki|Sacred Sword|p1a: Skeledirge\n|-immune|p1a: Skeledirge\n|\n|upkeep\n|turn|7\n|\n|t:|1699936020\n|switch|p2a: thing|Glimmora, M|76\/100\n|-damage|p2a: thing|63\/100|[from] Stealth Rock\n|-item|p2a: thing|Air Balloon\n|move|p1a: Skeledirge|Will-O-Wisp|p2a: thing\n|-status|p2a: thing|brn\n|\n|-damage|p2a: thing|57\/100 brn|[from] brn\n|upkeep\n|turn|8\n|\n|t:|1699936028\n|switch|p1a: Banette|Banette, F|100\/100\n|-item|p2a: thing|Air Balloon|[from] ability: Frisk|[of] p1a: Banette|[identify]\n|move|p2a: thing|Power Gem|p1a: Banette\n|-damage|p1a: Banette|35\/100\n|\n|-damage|p2a: thing|51\/100 brn|[from] brn\n|upkeep\n|turn|9\n|\n|t:|1699936035\n|switch|p1a: Ferrothorn|Ferrothorn, M, tera:Water|38\/100\n|move|p2a: thing|Power Gem|p1a: Ferrothorn\n|-damage|p1a: Ferrothorn|13\/100\n|\n|-heal|p1a: Ferrothorn|19\/100|[from] item: Leftovers\n|-damage|p2a: thing|45\/100 brn|[from] brn\n|upkeep\n|turn|10\n|\n|t:|1699936040\n|move|p2a: thing|Sludge Wave|p1a: Ferrothorn\n|-damage|p1a: Ferrothorn|0 fnt\n|faint|p1a: Ferrothorn\n|\n|-damage|p2a: thing|39\/100 brn|[from] brn\n|upkeep\n|\n|t:|1699936054\n|switch|p1a: Mimikyu|Mimikyu, M, shiny|100\/100\n|turn|11\n|\n|t:|1699936056\n|move|p1a: Mimikyu|Substitute|p1a: Mimikyu\n|-start|p1a: Mimikyu|Substitute\n|-damage|p1a: Mimikyu|76\/100\n|move|p2a: thing|Sludge Wave|p1a: Mimikyu\n|-end|p1a: Mimikyu|Substitute\n|\n|-heal|p1a: Mimikyu|82\/100|[from] item: Leftovers\n|-damage|p2a: thing|32\/100 brn|[from] brn\n|upkeep\n|turn|12\n|\n|t:|1699936061\n|move|p1a: Mimikyu|Substitute|p1a: Mimikyu\n|-start|p1a: Mimikyu|Substitute\n|-damage|p1a: Mimikyu|57\/100\n|move|p2a: thing|Sludge Wave|p1a: Mimikyu\n|-end|p1a: Mimikyu|Substitute\n|\n|-heal|p1a: Mimikyu|63\/100|[from] item: Leftovers\n|-damage|p2a: thing|26\/100 brn|[from] brn\n|upkeep\n|turn|13\n|\n|t:|1699936067\n|move|p1a: Mimikyu|Curse|p2a: thing\n|-start|p2a: thing|Curse|[of] p1a: Mimikyu\n|-damage|p1a: Mimikyu|13\/100\n|move|p2a: thing|Sludge Wave|p1a: Mimikyu\n|-activate|p1a: Mimikyu|ability: Disguise\n|-damage|p1a: Mimikyu|13\/100\n|detailschange|p1a: Mimikyu|Mimikyu-Busted, M, shiny\n|-damage|p1a: Mimikyu|1\/100|[from] pokemon: Mimikyu-Busted\n|\n|-heal|p1a: Mimikyu|7\/100|[from] item: Leftovers\n|-damage|p2a: thing|20\/100 brn|[from] brn\n|-damage|p2a: thing|0 fnt|[from] Curse\n|faint|p2a: thing\n|upkeep\n|\n|t:|1699936073\n|switch|p2a: Junpei Iori|Weavile, M, shiny|100\/100\n|-damage|p2a: Junpei Iori|76\/100|[from] Stealth Rock\n|turn|14\n|\n|t:|1699936077\n|move|p2a: Junpei Iori|Throat Chop|p1a: Mimikyu\n|-damage|p1a: Mimikyu|0 fnt\n|faint|p1a: Mimikyu\n|\n|upkeep\n|\n|t:|1699936084\n|switch|p1a: Banette|Banette, F|35\/100\n|-item|p2a: Junpei Iori|Focus Sash|[from] ability: Frisk|[of] p1a: Banette|[identify]\n|turn|15\n|\n|t:|1699936088\n|detailschange|p1a: Banette|Banette-Mega, F\n|-mega|p1a: Banette|Banette|Banettite\n|move|p1a: Banette|Destiny Bond|p1a: Banette\n|-singlemove|p1a: Banette|Destiny Bond\n|move|p2a: Junpei Iori|Throat Chop|p1a: Banette\n|-supereffective|p1a: Banette\n|-damage|p1a: Banette|0 fnt\n|faint|p1a: Banette\n|-activate|p1a: Banette|move: Destiny Bond\n|faint|p2a: Junpei Iori\n|\n|upkeep\n|inactive|liuqiu has 120 seconds left.\n|l|\u203dliuqiu\n|inactive|liuqiu disconnected and has a minute to reconnect!\n|player|p1|\n|inactive|liuqiu has 30 seconds to reconnect!\n|inactive|liuqiu has 20 seconds to reconnect!\n|inactive|liuqiu has 15 seconds to reconnect!\n|inactive|liuqiu has 10 seconds to reconnect!\n|inactive|liuqiu has 5 seconds to reconnect!\n|-message|liuqiu lost due to inactivity.\n|\n|win|Kuzwa\n|raw|liuqiu's rating: 1146 &rarr; <strong>1131<\/strong><br \/>(-15 for losing)\n|raw|Kuzwa's rating: 1285 &rarr; <strong>1300<\/strong><br \/>(+15 for winning)\n","uploadtime":1699936186,"views":4,"p1id":"liuqiu","p2id":"kuzwa","formatid":"gen9nationaldex","rating":1131,"private":0,"password":""}