{"id":"gen9nationaldex-1987083542","p1":"MayDnfit","p2":"SonulaA19","format":"[Gen 9] National Dex","log":"|j|\u2606MayDnfit\n|j|\u203dSonulaA19\n|t:|1699554711\n|gametype|singles\n|player|p1|MayDnfit|cynthia-gen4|1140\n|player|p2|SonulaA19|cheren-gen5bw2|1068\n|teamsize|p1|6\n|teamsize|p2|6\n|gen|9\n|tier|[Gen 9] National Dex\n|rated|\n|rule|HP Percentage Mod: HP is shown in percentages\n|rule|Endless Battle Clause: Forcing endless battles is banned\n|rule|OHKO Clause: OHKO moves are banned\n|rule|Evasion Clause: Evasion abilities, items, and moves are banned\n|rule|Evasion Abilities Clause: Evasion abilities are banned\n|rule|Evasion Items Clause: Evasion items are banned\n|rule|Evasion Moves Clause: Evasion moves are banned\n|rule|Species Clause: Limit one of each Pok\u00e9mon\n|rule|Sleep Clause Mod: Limit one foe put to sleep\n|clearpoke\n|poke|p1|Guzzlord|\n|poke|p1|Hoopa-Unbound|\n|poke|p1|Empoleon, F|\n|poke|p1|Gardevoir, M|\n|poke|p1|Toedscruel, F|\n|poke|p1|Talonflame, F|\n|poke|p2|Infernape, M|\n|poke|p2|Luxray, M|\n|poke|p2|Goodra-Hisui, F|\n|poke|p2|Gliscor, M|\n|poke|p2|Tyranitar, M|\n|poke|p2|Azumarill, M|\n|teampreview\n|\n|t:|1699554713\n|start\n|switch|p1a: Hoopa|Hoopa-Unbound|100\/100\n|switch|p2a: Luxray|Luxray, M|100\/100\n|turn|1\n|\n|t:|1699554725\n|move|p2a: Luxray|Crunch|p1a: Hoopa\n|-damage|p1a: Hoopa|60\/100\n|move|p1a: Hoopa|Reflect|p1a: Hoopa\n|-sidestart|p1: MayDnfit|Reflect\n|\n|-status|p2a: Luxray|brn|[from] item: Flame Orb\n|upkeep\n|turn|2\n|\n|t:|1699554732\n|move|p2a: Luxray|Crunch|p1a: Hoopa\n|-damage|p1a: Hoopa|32\/100\n|move|p1a: Hoopa|Light Screen|p1a: Hoopa\n|-sidestart|p1: MayDnfit|move: Light Screen\n|\n|-damage|p2a: Luxray|95\/100 brn|[from] brn\n|upkeep\n|turn|3\n|\n|t:|1699554746\n|switch|p1a: Guzzlord|Guzzlord|100\/100\n|move|p2a: Luxray|Facade|p1a: Guzzlord\n|-damage|p1a: Guzzlord|66\/100\n|\n|-damage|p2a: Luxray|89\/100 brn|[from] brn\n|upkeep\n|turn|4\n|\n|t:|1699554756\n|move|p2a: Luxray|Ice Fang|p1a: Guzzlord\n|-supereffective|p1a: Guzzlord\n|-damage|p1a: Guzzlord|33\/100\n|cant|p1a: Guzzlord|flinch\n|\n|-damage|p2a: Luxray|83\/100 brn|[from] brn\n|upkeep\n|turn|5\n|\n|t:|1699554764\n|-terastallize|p1a: Guzzlord|Poison\n|move|p2a: Luxray|Ice Fang|p1a: Guzzlord\n|-crit|p1a: Guzzlord\n|-damage|p1a: Guzzlord|0 fnt\n|faint|p1a: Guzzlord\n|\n|-damage|p2a: Luxray|77\/100 brn|[from] brn\n|upkeep\n|\n|t:|1699554770\n|switch|p1a: Talonflame|Talonflame, F|100\/100\n|turn|6\n|\n|t:|1699554780\n|move|p1a: Talonflame|Swords Dance|p1a: Talonflame\n|-boost|p1a: Talonflame|atk|2\n|move|p2a: Luxray|Thunder Fang|p1a: Talonflame\n|-supereffective|p1a: Talonflame\n|-damage|p1a: Talonflame|25\/100\n|\n|-damage|p2a: Luxray|71\/100 brn|[from] brn\n|upkeep\n|turn|7\n|\n|t:|1699554789\n|move|p1a: Talonflame|Flare Blitz|p2a: Luxray\n|-damage|p2a: Luxray|0 fnt\n|faint|p2a: Luxray\n|-damage|p1a: Talonflame|1\/100|[from] Recoil\n|-heal|p1a: Talonflame|10\/100|[from] item: Shell Bell|[of] p2: Luxray\n|\n|upkeep\n|\n|t:|1699554803\n|switch|p2a: Tyranitar|Tyranitar, M|100\/100\n|-weather|Sandstorm|[from] ability: Sand Stream|[of] p2a: Tyranitar\n|turn|8\n|\n|t:|1699554813\n|detailschange|p2a: Tyranitar|Tyranitar-Mega, M\n|-mega|p2a: Tyranitar|Tyranitar|Tyranitarite\n|move|p1a: Talonflame|U-turn|p2a: Tyranitar\n|-supereffective|p2a: Tyranitar\n|-damage|p2a: Tyranitar|46\/100\n|-heal|p1a: Talonflame|18\/100|[from] item: Shell Bell|[of] p2a: Tyranitar\n|\n|t:|1699554820\n|switch|p1a: Empoleon|Empoleon, F|100\/100|[from] U-turn\n|move|p2a: Tyranitar|Stone Edge|p1a: Empoleon\n|-resisted|p1a: Empoleon\n|-damage|p1a: Empoleon|89\/100\n|\n|-weather|Sandstorm|[upkeep]\n|-heal|p1a: Empoleon|95\/100|[from] item: Leftovers\n|-sideend|p1: MayDnfit|Reflect\n|upkeep\n|turn|9\n|\n|t:|1699554830\n|move|p2a: Tyranitar|Earthquake|p1a: Empoleon\n|-supereffective|p1a: Empoleon\n|-damage|p1a: Empoleon|39\/100\n|move|p1a: Empoleon|Scald|p2a: Tyranitar\n|-supereffective|p2a: Tyranitar\n|-damage|p2a: Tyranitar|8\/100\n|-status|p2a: Tyranitar|brn\n|\n|-weather|Sandstorm|[upkeep]\n|-heal|p1a: Empoleon|45\/100|[from] item: Leftovers\n|-damage|p2a: Tyranitar|2\/100 brn|[from] brn\n|-sideend|p1: MayDnfit|move: Light Screen\n|upkeep\n|turn|10\n|\n|t:|1699554841\n|switch|p1a: Talonflame|Talonflame, F|18\/100\n|move|p2a: Tyranitar|Crunch|p1a: Talonflame\n|-damage|p1a: Talonflame|0 fnt\n|faint|p1a: Talonflame\n|\n|-weather|Sandstorm|[upkeep]\n|-damage|p2a: Tyranitar|0 fnt|[from] brn\n|faint|p2a: Tyranitar\n|upkeep\n|\n|t:|1699554854\n|switch|p1a: Toedscruel|Toedscruel, F|100\/100\n|switch|p2a: Gliscor|Gliscor, M|100\/100\n|turn|11\n|\n|t:|1699554871\n|move|p2a: Gliscor|Knock Off|p1a: Toedscruel\n|-damage|p1a: Toedscruel|78\/100\n|-enditem|p1a: Toedscruel|Focus Sash|[from] move: Knock Off|[of] p2a: Gliscor\n|move|p1a: Toedscruel|Trick Room|p1a: Toedscruel\n|-fieldstart|move: Trick Room|[of] p1a: Toedscruel\n|\n|-weather|Sandstorm|[upkeep]\n|-status|p2a: Gliscor|tox|[from] item: Toxic Orb\n|upkeep\n|turn|12\n|\n|t:|1699554882\n|move|p1a: Toedscruel|Flash Cannon|p2a: Gliscor\n|-damage|p2a: Gliscor|77\/100 tox\n|move|p2a: Gliscor|Stealth Rock|p1a: Toedscruel\n|-sidestart|p1: MayDnfit|move: Stealth Rock\n|\n|-weather|none\n|-heal|p2a: Gliscor|89\/100 tox|[from] ability: Poison Heal\n|upkeep\n|turn|13\n|\n|t:|1699554892\n|switch|p1a: Empoleon|Empoleon, F|45\/100\n|-damage|p1a: Empoleon|39\/100|[from] Stealth Rock\n|switch|p2a: Goodra|Goodra-Hisui, F|100\/100\n|\n|-heal|p1a: Empoleon|45\/100|[from] item: Leftovers\n|upkeep\n|turn|14\n|\n|t:|1699554902\n|move|p1a: Empoleon|Defog|p2a: Goodra\n|-unboost|p2a: Goodra|evasion|1\n|-sideend|p1: MayDnfit|Stealth Rock|[from] move: Defog|[of] p1a: Empoleon\n|move|p2a: Goodra|Flamethrower|p1a: Empoleon\n|-damage|p1a: Empoleon|19\/100\n|\n|-heal|p1a: Empoleon|25\/100|[from] item: Leftovers\n|upkeep\n|turn|15\n|\n|t:|1699554914\n|switch|p2a: Gliscor|Gliscor, M|89\/100 tox\n|move|p1a: Empoleon|Roost|p1a: Empoleon\n|-heal|p1a: Empoleon|75\/100\n|-singleturn|p1a: Empoleon|move: Roost\n|\n|-heal|p1a: Empoleon|81\/100|[from] item: Leftovers\n|-heal|p2a: Gliscor|100\/100 tox|[from] ability: Poison Heal\n|-fieldend|move: Trick Room\n|upkeep\n|turn|16\n|\n|t:|1699554926\n|switch|p1a: Toedscruel|Toedscruel, F|78\/100\n|move|p2a: Gliscor|Earthquake|p1a: Toedscruel\n|-resisted|p1a: Toedscruel\n|-damage|p1a: Toedscruel|61\/100\n|\n|upkeep\n|turn|17\n|\n|t:|1699554940\n|switch|p2a: Goodra|Goodra-Hisui, F|100\/100\n|move|p1a: Toedscruel|Trick Room|p1a: Toedscruel\n|-fieldstart|move: Trick Room|[of] p1a: Toedscruel\n|\n|upkeep\n|turn|18\n|\n|t:|1699554947\n|move|p2a: Goodra|Flamethrower|p1a: Toedscruel\n|-supereffective|p1a: Toedscruel\n|-damage|p1a: Toedscruel|15\/100\n|move|p1a: Toedscruel|Earth Power|p2a: Goodra\n|-supereffective|p2a: Goodra\n|-damage|p2a: Goodra|60\/100\n|\n|-heal|p2a: Goodra|66\/100|[from] item: Leftovers\n|upkeep\n|turn|19\n|\n|t:|1699554961\n|move|p2a: Goodra|Flamethrower|p1a: Toedscruel\n|-supereffective|p1a: Toedscruel\n|-damage|p1a: Toedscruel|0 fnt\n|faint|p1a: Toedscruel\n|\n|-heal|p2a: Goodra|72\/100|[from] item: Leftovers\n|upkeep\n|\n|t:|1699554963\n|switch|p1a: Hoopa|Hoopa-Unbound|32\/100\n|turn|20\n|\n|t:|1699554973\n|switch|p2a: Gliscor|Gliscor, M|100\/100 tox\n|move|p1a: Hoopa|Light Screen|p1a: Hoopa\n|-sidestart|p1: MayDnfit|move: Light Screen\n|\n|upkeep\n|turn|21\n|\n|t:|1699554978\n|move|p1a: Hoopa|Reflect|p1a: Hoopa\n|-sidestart|p1: MayDnfit|Reflect\n|move|p2a: Gliscor|Knock Off|p1a: Hoopa\n|-crit|p1a: Hoopa\n|-damage|p1a: Hoopa|0 fnt\n|-enditem|p1a: Hoopa|Light Clay|[from] move: Knock Off|[of] p2a: Gliscor\n|faint|p1a: Hoopa\n|\n|-fieldend|move: Trick Room\n|upkeep\n|\n|t:|1699554987\n|switch|p1a: Gardevoir|Gardevoir, M|100\/100\n|-ability|p1a: Gardevoir|Poison Heal|[from] ability: Trace|[of] p2a: Gliscor\n|turn|22\n|\n|t:|1699555001\n|switch|p2a: Goodra|Goodra-Hisui, F|72\/100\n|detailschange|p1a: Gardevoir|Gardevoir-Mega, M\n|-mega|p1a: Gardevoir|Gardevoir|Gardevoirite\n|move|p1a: Gardevoir|Psychic|p2a: Goodra\n|-resisted|p2a: Goodra\n|-damage|p2a: Goodra|52\/100\n|\n|-heal|p2a: Goodra|58\/100|[from] item: Leftovers\n|upkeep\n|turn|23\n|\n|t:|1699555015\n|switch|p1a: Empoleon|Empoleon, F|81\/100\n|move|p2a: Goodra|Toxic|p1a: Empoleon\n|-immune|p1a: Empoleon\n|\n|-heal|p1a: Empoleon|87\/100|[from] item: Leftovers\n|-heal|p2a: Goodra|65\/100|[from] item: Leftovers\n|upkeep\n|turn|24\n|\n|t:|1699555024\n|switch|p2a: Gliscor|Gliscor, M|100\/100 tox\n|move|p1a: Empoleon|Scald|p2a: Gliscor\n|-supereffective|p2a: Gliscor\n|-damage|p2a: Gliscor|26\/100 tox\n|\n|-heal|p1a: Empoleon|94\/100|[from] item: Leftovers\n|-heal|p2a: Gliscor|38\/100 tox|[from] ability: Poison Heal\n|upkeep\n|turn|25\n|\n|t:|1699555038\n|move|p2a: Gliscor|Earthquake|p1a: Empoleon\n|-supereffective|p1a: Empoleon\n|-damage|p1a: Empoleon|68\/100\n|move|p1a: Empoleon|Scald|p2a: Gliscor\n|-supereffective|p2a: Gliscor\n|-damage|p2a: Gliscor|0 fnt\n|faint|p2a: Gliscor\n|\n|-heal|p1a: Empoleon|74\/100|[from] item: Leftovers\n|upkeep\n|\n|t:|1699555055\n|switch|p2a: Goodra|Goodra-Hisui, F|65\/100\n|turn|26\n|\n|t:|1699555059\n|move|p1a: Empoleon|Scald|p2a: Goodra\n|-resisted|p2a: Goodra\n|-damage|p2a: Goodra|55\/100\n|move|p2a: Goodra|Flamethrower|p1a: Empoleon\n|-damage|p1a: Empoleon|60\/100\n|\n|-heal|p2a: Goodra|61\/100|[from] item: Leftovers\n|-heal|p1a: Empoleon|67\/100|[from] item: Leftovers\n|upkeep\n|turn|27\n|\n|t:|1699555071\n|switch|p1a: Gardevoir|Gardevoir-Mega, M|100\/100\n|move|p2a: Goodra|Flamethrower|p1a: Gardevoir\n|-damage|p1a: Gardevoir|87\/100\n|-status|p1a: Gardevoir|brn\n|\n|-heal|p2a: Goodra|67\/100|[from] item: Leftovers\n|-damage|p1a: Gardevoir|81\/100 brn|[from] brn\n|-sideend|p1: MayDnfit|move: Light Screen\n|upkeep\n|turn|28\n|\n|t:|1699555081\n|move|p1a: Gardevoir|Hyper Voice|p2a: Goodra\n|-damage|p2a: Goodra|19\/100\n|move|p2a: Goodra|Flash Cannon|p1a: Gardevoir\n|-supereffective|p1a: Gardevoir\n|-damage|p1a: Gardevoir|9\/100 brn\n|\n|-heal|p2a: Goodra|25\/100|[from] item: Leftovers\n|-damage|p1a: Gardevoir|3\/100 brn|[from] brn\n|-sideend|p1: MayDnfit|Reflect\n|upkeep\n|turn|29\n|\n|t:|1699555094\n|switch|p2a: Infernape|Infernape, M|100\/100\n|move|p1a: Gardevoir|Hyper Voice|p2a: Infernape\n|-damage|p2a: Infernape|4\/100\n|\n|-damage|p1a: Gardevoir|0 fnt|[from] brn\n|faint|p1a: Gardevoir\n|upkeep\n|\n|t:|1699555097\n|switch|p1a: Empoleon|Empoleon, F|67\/100\n|turn|30\n|\n|t:|1699555106\n|move|p2a: Infernape|Close Combat|p1a: Empoleon\n|-supereffective|p1a: Empoleon\n|-damage|p1a: Empoleon|0 fnt\n|-unboost|p2a: Infernape|def|1\n|-unboost|p2a: Infernape|spd|1\n|faint|p1a: Empoleon\n|\n|win|SonulaA19\n|raw|MayDnfit's rating: 1140 &rarr; <strong>1110<\/strong><br \/>(-30 for losing)\n|raw|SonulaA19's rating: 1068 &rarr; <strong>1104<\/strong><br \/>(+36 for winning)\n|l|\u2606MayDnfit\n","uploadtime":1699555123,"views":17,"p1id":"maydnfit","p2id":"sonulaa19","formatid":"gen9nationaldex","rating":1104,"private":0,"password":""}