{"id":"gen9nationaldex-1993866794","p1":"OnlyPyper","p2":"JuzOzuj","format":"[Gen 9] National Dex","log":"|j|\u2606OnlyPyper\n|j|\u2606JuzOzuj\n|t:|1700367355\n|gametype|singles\n|player|p1|OnlyPyper|shauntal|\n|player|p2|JuzOzuj|bede-masters|\n|teamsize|p1|6\n|teamsize|p2|6\n|gen|9\n|tier|[Gen 9] National Dex\n|rule|HP Percentage Mod: HP is shown in percentages\n|rule|Endless Battle Clause: Forcing endless battles is banned\n|rule|OHKO Clause: OHKO moves are banned\n|rule|Evasion Clause: Evasion abilities, items, and moves are banned\n|rule|Evasion Abilities Clause: Evasion abilities are banned\n|rule|Evasion Items Clause: Evasion items are banned\n|rule|Evasion Moves Clause: Evasion moves are banned\n|rule|Species Clause: Limit one of each Pok\u00e9mon\n|rule|Sleep Clause Mod: Limit one foe put to sleep\n|clearpoke\n|poke|p1|Lycanroc-Midnight, F|\n|poke|p1|Crabominable, M|\n|poke|p1|Araquanid, F|\n|poke|p1|Lurantis, F|\n|poke|p1|Kommo-o, F|\n|poke|p1|Tsareena, F|\n|poke|p2|Gengar, M|\n|poke|p2|Cacturne, M|\n|poke|p2|Heracross, M|\n|poke|p2|Crobat, M|\n|poke|p2|Umbreon, M|\n|poke|p2|Steelix, M|\n|teampreview\n|c|\u2606JuzOzuj|A ekisde\n|c|\u2606JuzOzuj|XD\n|c|\u2606OnlyPyper|Que? XD\n|c|\u2606JuzOzuj|nada nada xd\n|c|\u2606JuzOzuj|suerte patona uwu\n|\n|t:|1700367388\n|start\n|switch|p1a: Aqua|Araquanid, F|100\/100\n|switch|p2a: Juggernaut|Steelix, M|100\/100\n|turn|1\n|c|\u2606OnlyPyper|Suerte plana uwu\n|\n|t:|1700367400\n|move|p1a: Aqua|Sticky Web|p2a: Juggernaut\n|-sidestart|p2: JuzOzuj|move: Sticky Web\n|move|p2a: Juggernaut|Stealth Rock|p1a: Aqua\n|-sidestart|p1: OnlyPyper|move: Stealth Rock\n|\n|upkeep\n|turn|2\n|\n|t:|1700367406\n|move|p1a: Aqua|Liquidation|p2a: Juggernaut\n|-supereffective|p2a: Juggernaut\n|-damage|p2a: Juggernaut|32\/100\n|move|p2a: Juggernaut|Toxic|p1a: Aqua\n|-status|p1a: Aqua|tox\n|\n|-damage|p1a: Aqua|94\/100 tox|[from] psn\n|upkeep\n|turn|3\n|\n|t:|1700367444\n|switch|p2a: Whistler|Cacturne, M|100\/100\n|-activate|p2a: Whistler|move: Sticky Web\n|-unboost|p2a: Whistler|spe|1\n|move|p1a: Aqua|Leech Life|p2a: Whistler\n|-supereffective|p2a: Whistler\n|-enditem|p2a: Whistler|Focus Sash\n|-damage|p2a: Whistler|1\/100\n|-heal|p1a: Aqua|100\/100 tox|[from] drain|[of] p2a: Whistler\n|\n|-damage|p1a: Aqua|88\/100 tox|[from] psn\n|upkeep\n|turn|4\n|c|\u2606JuzOzuj|Perreee\n|c|\u2606OnlyPyper|UwU\n|\n|t:|1700367473\n|move|p2a: Whistler|Sucker Punch|p1a: Aqua\n|-damage|p1a: Aqua|45\/100 tox\n|move|p1a: Aqua|Leech Life|p2a: Whistler\n|-supereffective|p2a: Whistler\n|-damage|p2a: Whistler|0 fnt\n|-heal|p1a: Aqua|45\/100 tox|[from] drain|[of] p2a: Whistler\n|faint|p2a: Whistler\n|\n|-damage|p1a: Aqua|26\/100 tox|[from] psn\n|upkeep\n|\n|t:|1700367479\n|switch|p2a: Vesper|Crobat, M|100\/100\n|turn|5\n|\n|t:|1700367500\n|switch|p1a: Laika|Lycanroc-Midnight, F|100\/100\n|-damage|p1a: Laika|88\/100|[from] Stealth Rock\n|move|p2a: Vesper|Brave Bird|p1a: Laika\n|-resisted|p1a: Laika\n|-damage|p1a: Laika|61\/100\n|-damage|p2a: Vesper|93\/100|[from] Recoil\n|\n|upkeep\n|turn|6\n|\n|t:|1700367510\n|-terastallize|p2a: Vesper|Steel\n|move|p2a: Vesper|Brave Bird|p1a: Laika\n|-resisted|p1a: Laika\n|-damage|p1a: Laika|37\/100\n|-damage|p2a: Vesper|86\/100|[from] Recoil\n|move|p1a: Laika|Close Combat|p2a: Vesper\n|-supereffective|p2a: Vesper\n|-damage|p2a: Vesper|0 fnt\n|-unboost|p1a: Laika|def|1\n|-unboost|p1a: Laika|spd|1\n|faint|p2a: Vesper\n|\n|upkeep\n|c|\u2606OnlyPyper|UwU\n|c|\u2606JuzOzuj|no sabia que aprendia eso\n|\n|t:|1700367538\n|switch|p2a: Hunter|Gengar, M|100\/100\n|-activate|p2a: Hunter|move: Sticky Web\n|-unboost|p2a: Hunter|spe|1\n|turn|7\n|\n|t:|1700367552\n|switch|p1a: Scaly|Kommo-o, F|100\/100\n|-damage|p1a: Scaly|94\/100|[from] Stealth Rock\n|move|p2a: Hunter|Shadow Ball|p1a: Scaly\n|-immune|p1a: Scaly|[from] ability: Bulletproof\n|\n|upkeep\n|turn|8\n|\n|t:|1700367567\n|switch|p2a: Juggernaut|Steelix, M|32\/100\n|-activate|p2a: Juggernaut|move: Sticky Web\n|-unboost|p2a: Juggernaut|spe|1\n|-terastallize|p1a: Scaly|Normal\n|move|p1a: Scaly|Clangorous Soul|p1a: Scaly\n|-boost|p1a: Scaly|atk|1\n|-boost|p1a: Scaly|def|1\n|-boost|p1a: Scaly|spa|1\n|-boost|p1a: Scaly|spd|1\n|-boost|p1a: Scaly|spe|1\n|-damage|p1a: Scaly|61\/100\n|-enditem|p1a: Scaly|Throat Spray\n|-boost|p1a: Scaly|spa|1|[from] item: Throat Spray\n|\n|upkeep\n|turn|9\n|c|\u2606JuzOzuj|nah ya es gg\n|\n|t:|1700367580\n|move|p1a: Scaly|Aura Sphere|p2a: Juggernaut\n|-supereffective|p2a: Juggernaut\n|-crit|p2a: Juggernaut\n|-damage|p2a: Juggernaut|0 fnt\n|faint|p2a: Juggernaut\n|\n|upkeep\n|\n|t:|1700367595\n|switch|p2a: Noah|Umbreon, M, shiny|100\/100\n|-activate|p2a: Noah|move: Sticky Web\n|-unboost|p2a: Noah|spe|1\n|turn|10\n|\n|t:|1700367608\n|move|p1a: Scaly|Boomburst|p2a: Noah\n|-damage|p2a: Noah|33\/100\n|move|p2a: Noah|Foul Play|p1a: Scaly\n|-damage|p1a: Scaly|32\/100\n|\n|-heal|p2a: Noah|40\/100|[from] item: Leftovers\n|upkeep\n|turn|11\n|\n|t:|1700367617\n|move|p2a: Noah|Protect|p2a: Noah\n|-singleturn|p2a: Noah|Protect\n|move|p1a: Scaly|Clanging Scales|p2a: Noah\n|-activate|p2a: Noah|move: Protect\n|\n|-heal|p2a: Noah|46\/100|[from] item: Leftovers\n|upkeep\n|turn|12\n|\n|t:|1700367627\n|move|p1a: Scaly|Boomburst|p2a: Noah\n|-damage|p2a: Noah|0 fnt\n|faint|p2a: Noah\n|\n|upkeep\n|\n|t:|1700367633\n|switch|p2a: Hunter|Gengar, M|100\/100\n|-activate|p2a: Hunter|move: Sticky Web\n|-unboost|p2a: Hunter|spe|1\n|turn|13\n|\n|t:|1700367640\n|move|p1a: Scaly|Clanging Scales|p2a: Hunter\n|-damage|p2a: Hunter|0 fnt\n|faint|p2a: Hunter\n|-unboost|p1a: Scaly|def|1\n|\n|upkeep\n|\n|t:|1700367643\n|switch|p2a: Herak|Heracross, M|100\/100\n|-activate|p2a: Herak|move: Sticky Web\n|-unboost|p2a: Herak|spe|1\n|turn|14\n|\n|t:|1700367652\n|detailschange|p2a: Herak|Heracross-Mega, M\n|-mega|p2a: Herak|Heracross|Heracronite\n|move|p1a: Scaly|Boomburst|p2a: Herak\n|-damage|p2a: Herak|0 fnt\n|faint|p2a: Herak\n|\n|win|OnlyPyper\n|c|\u2606JuzOzuj|gg\n|c|\u2606OnlyPyper|Gg\n","uploadtime":1700367661,"views":15,"p1id":"onlypyper","p2id":"juzozuj","formatid":"gen9nationaldex","rating":0,"private":0,"password":""}