{"id":"gen9nationaldex-1998223514","p1":"masturch33f420","p2":"ydh8654","format":"[Gen 9] National Dex","log":"|html|<div class=\"broadcast-blue\"><strong>[Gen 9] National Dex is currently suspecting Sneasler! For information on how to participate check out the <a href=\"https:\/\/www.smogon.com\/forums\/threads\/sv-national-dex-suspect-8-just-dance.3731534\/\">suspect thread<\/a>.<\/strong><\/div>\n|j|\u2606masturch33f420\n|j|\u2606ydh8654\n|t:|1700915537\n|gametype|singles\n|player|p1|masturch33f420|hiker-gen4|1185\n|player|p2|ydh8654|169|1103\n|teamsize|p1|6\n|teamsize|p2|6\n|gen|9\n|tier|[Gen 9] National Dex\n|rated|\n|rule|HP Percentage Mod: HP is shown in percentages\n|rule|Endless Battle Clause: Forcing endless battles is banned\n|rule|OHKO Clause: OHKO moves are banned\n|rule|Evasion Clause: Evasion abilities, items, and moves are banned\n|rule|Evasion Abilities Clause: Evasion abilities are banned\n|rule|Evasion Items Clause: Evasion items are banned\n|rule|Evasion Moves Clause: Evasion moves are banned\n|rule|Species Clause: Limit one of each Pok\u00e9mon\n|rule|Sleep Clause Mod: Limit one foe put to sleep\n|clearpoke\n|poke|p1|Tapu Lele|\n|poke|p1|Victini|\n|poke|p1|Sneasler, M|\n|poke|p1|Garchomp, M|\n|poke|p1|Gliscor, M|\n|poke|p1|Rillaboom, M|\n|poke|p2|Ferrothorn, M|\n|poke|p2|Garchomp, M|\n|poke|p2|Clefable, F|\n|poke|p2|Hydreigon, M|\n|poke|p2|Medicham, M|\n|poke|p2|Tapu Koko|\n|teampreview\n|\n|t:|1700915550\n|start\n|switch|p1a: Tapu Lele|Tapu Lele, shiny|100\/100\n|switch|p2a: Ferrothorn|Ferrothorn, M, shiny|100\/100\n|-fieldstart|move: Psychic Terrain|[from] ability: Psychic Surge|[of] p1a: Tapu Lele\n|turn|1\n|inactive|Battle timer is ON: inactive players will automatically lose when time's up. (requested by masturch33f420)\n|\n|t:|1700915563\n|move|p1a: Tapu Lele|Future Sight|p2a: Ferrothorn\n|-start|p1a: Tapu Lele|move: Future Sight\n|move|p2a: Ferrothorn|Stealth Rock|p1a: Tapu Lele\n|-sidestart|p1: masturch33f420|move: Stealth Rock\n|\n|upkeep\n|turn|2\n|\n|t:|1700915569\n|switch|p1a: Garchomp|Garchomp, M|100\/100\n|-damage|p1a: Garchomp|94\/100|[from] Stealth Rock\n|move|p2a: Ferrothorn|Gyro Ball|p1a: Garchomp\n|-damage|p1a: Garchomp|36\/100\n|-damage|p2a: Ferrothorn|88\/100|[from] ability: Rough Skin|[of] p1a: Garchomp\n|\n|upkeep\n|turn|3\n|\n|t:|1700915579\n|detailschange|p1a: Garchomp|Garchomp-Mega, M\n|-mega|p1a: Garchomp|Garchomp|Garchompite\n|move|p1a: Garchomp|Fire Blast|p2a: Ferrothorn\n|-supereffective|p2a: Ferrothorn\n|-damage|p2a: Ferrothorn|0 fnt\n|faint|p2a: Ferrothorn\n|\n|-hint|Future Sight did not hit because the target is fainted.\n|upkeep\n|\n|t:|1700915594\n|switch|p2a: Clefable|Clefable, F, shiny|100\/100\n|turn|4\n|\n|t:|1700915597\n|move|p1a: Garchomp|Stealth Rock|p2a: Clefable\n|-sidestart|p2: ydh8654|move: Stealth Rock\n|move|p2a: Clefable|Moonblast|p1a: Garchomp\n|-supereffective|p1a: Garchomp\n|-damage|p1a: Garchomp|0 fnt\n|faint|p1a: Garchomp\n|\n|upkeep\n|\n|t:|1700915600\n|switch|p1a: Victini|Victini|100\/100\n|-damage|p1a: Victini|76\/100|[from] Stealth Rock\n|turn|5\n|\n|t:|1700915611\n|-zpower|p1a: Victini\n|move|p1a: Victini|Z-Celebrate|p1a: Victini|[anim]Celebrate\n|-boost|p1a: Victini|atk|1|[zeffect]\n|-boost|p1a: Victini|def|1|[zeffect]\n|-boost|p1a: Victini|spa|1|[zeffect]\n|-boost|p1a: Victini|spd|1|[zeffect]\n|-boost|p1a: Victini|spe|1|[zeffect]\n|-activate|p1a: Victini|move: Celebrate\n|move|p2a: Clefable|Toxic|p1a: Victini\n|-status|p1a: Victini|tox\n|\n|-damage|p1a: Victini|69\/100 tox|[from] psn\n|-fieldend|move: Psychic Terrain\n|upkeep\n|turn|6\n|\n|t:|1700915627\n|move|p1a: Victini|Fire Blast|p2a: Clefable\n|-damage|p2a: Clefable|65\/100\n|move|p2a: Clefable|Moonblast|p1a: Victini\n|-resisted|p1a: Victini\n|-damage|p1a: Victini|53\/100 tox\n|-unboost|p1a: Victini|spa|1\n|\n|-damage|p1a: Victini|41\/100 tox|[from] psn\n|upkeep\n|turn|7\n|c|\u2606masturch33f420|cringe\n|\n|t:|1700915639\n|move|p1a: Victini|Fire Blast|p2a: Clefable\n|-damage|p2a: Clefable|24\/100\n|move|p2a: Clefable|Wish|p2a: Clefable\n|\n|-damage|p1a: Victini|22\/100 tox|[from] psn\n|upkeep\n|turn|8\n|\n|t:|1700915648\n|move|p2a: Clefable|Protect|p2a: Clefable\n|-singleturn|p2a: Clefable|Protect\n|move|p1a: Victini|Fire Blast|p2a: Clefable\n|-activate|p2a: Clefable|move: Protect\n|\n|-heal|p2a: Clefable|74\/100|[from] move: Wish|[wisher] Clefable\n|-damage|p1a: Victini|0 fnt|[from] psn\n|faint|p1a: Victini\n|upkeep\n|\n|t:|1700915653\n|switch|p1a: Tapu Lele|Tapu Lele, shiny|100\/100\n|-damage|p1a: Tapu Lele|88\/100|[from] Stealth Rock\n|-fieldstart|move: Psychic Terrain|[from] ability: Psychic Surge|[of] p1a: Tapu Lele\n|turn|9\n|c|\u2606masturch33f420|shit is so lame\n|inactive|ydh8654 has 120 seconds left.\n|\n|t:|1700915692\n|switch|p1a: Sneasler|Sneasler, M|100\/100\n|-damage|p1a: Sneasler|95\/100|[from] Stealth Rock\n|-enditem|p1a: Sneasler|Psychic Seed\n|-boost|p1a: Sneasler|spd|1|[from] item: Psychic Seed\n|move|p2a: Clefable|Toxic|p1a: Sneasler\n|-immune|p1a: Sneasler\n|\n|upkeep\n|turn|10\n|inactive|ydh8654 has 120 seconds left.\n|\n|t:|1700915704\n|switch|p2a: Hydreigon|Hydreigon, M|100\/100\n|-damage|p2a: Hydreigon|88\/100|[from] Stealth Rock\n|move|p1a: Sneasler|Swords Dance|p1a: Sneasler\n|-boost|p1a: Sneasler|atk|2\n|\n|upkeep\n|turn|11\n|inactive|ydh8654 has 120 seconds left.\n|\n|t:|1700915713\n|move|p1a: Sneasler|Close Combat|p2a: Hydreigon\n|-supereffective|p2a: Hydreigon\n|-damage|p2a: Hydreigon|0 fnt\n|-unboost|p1a: Sneasler|def|1\n|-unboost|p1a: Sneasler|spd|1\n|faint|p2a: Hydreigon\n|\n|upkeep\n|inactive|ydh8654 has 120 seconds left.\n|\n|t:|1700915722\n|switch|p2a: Garchomp|Garchomp, M, shiny|100\/100\n|-damage|p2a: Garchomp|94\/100|[from] Stealth Rock\n|turn|12\n|inactive|ydh8654 has 120 seconds left.\n|\n|t:|1700915734\n|-terastallize|p1a: Sneasler|Flying\n|-terastallize|p2a: Garchomp|Dragon\n|move|p1a: Sneasler|Acrobatics|p2a: Garchomp\n|-damage|p2a: Garchomp|0 fnt\n|-damage|p1a: Sneasler|82\/100|[from] ability: Rough Skin|[of] p2a: Garchomp\n|faint|p2a: Garchomp\n|\n|upkeep\n|inactive|ydh8654 has 120 seconds left.\n|\n|t:|1700915744\n|switch|p2a: Tapu Koko|Tapu Koko, shiny|100\/100\n|-fieldstart|move: Electric Terrain|[from] ability: Electric Surge|[of] p2a: Tapu Koko\n|turn|13\n|\n|t:|1700915750\n|move|p1a: Sneasler|Dire Claw|p2a: Tapu Koko\n|-supereffective|p2a: Tapu Koko\n|-crit|p2a: Tapu Koko\n|-damage|p2a: Tapu Koko|0 fnt\n|faint|p2a: Tapu Koko\n|\n|upkeep\n|\n|t:|1700915757\n|switch|p2a: Clefable|Clefable, F, shiny|74\/100\n|turn|14\n|\n|t:|1700915760\n|move|p1a: Sneasler|Dire Claw|p2a: Clefable\n|-supereffective|p2a: Clefable\n|-damage|p2a: Clefable|0 fnt\n|faint|p2a: Clefable\n|\n|upkeep\n|\n|t:|1700915767\n|switch|p2a: Medicham|Medicham, M|100\/100\n|-damage|p2a: Medicham|94\/100|[from] Stealth Rock\n|turn|15\n|\n|t:|1700915774\n|detailschange|p2a: Medicham|Medicham-Mega, M\n|-mega|p2a: Medicham|Medicham|Medichamite\n|move|p1a: Sneasler|Acrobatics|p2a: Medicham\n|-supereffective|p2a: Medicham\n|-damage|p2a: Medicham|0 fnt\n|faint|p2a: Medicham\n|\n|win|masturch33f420\n|raw|masturch33f420's rating: 1185 &rarr; <strong>1204<\/strong><br \/>(+19 for winning)\n|raw|ydh8654's rating: 1103 &rarr; <strong>1084<\/strong><br \/>(-19 for losing)\n|l|\u2606masturch33f420\n|l|\u2606ydh8654\n|j|\u2606ydh8654\n|player|p2|ydh8654|169\n|l|\u2606ydh8654\n|player|p2|\n|j|\u2606masturch33f420\n|player|p1|masturch33f420|hiker-gen4\n","uploadtime":1700915899,"views":5,"p1id":"masturch33f420","p2id":"ydh8654","formatid":"gen9nationaldex","rating":1084,"private":0,"password":""}