{"id":"gen9nationaldex-1998871868","p1":"eteleks","p2":"Krokorockin","format":"[Gen 9] National Dex","log":"|html|<div class=\"broadcast-blue\"><strong>[Gen 9] National Dex is currently suspecting Sneasler! For information on how to participate check out the <a href=\"https:\/\/www.smogon.com\/forums\/threads\/sv-national-dex-suspect-8-just-dance.3731534\/\">suspect thread<\/a>.<\/strong><\/div>\n|j|\u2606eteleks\n|j|\u2606Krokorockin\n|t:|1701006465\n|gametype|singles\n|player|p1|eteleks|veteran|1142\n|player|p2|Krokorockin|guitarist-gen4|1229\n|teamsize|p1|6\n|teamsize|p2|6\n|gen|9\n|tier|[Gen 9] National Dex\n|rated|\n|rule|HP Percentage Mod: HP is shown in percentages\n|rule|Endless Battle Clause: Forcing endless battles is banned\n|rule|OHKO Clause: OHKO moves are banned\n|rule|Evasion Clause: Evasion abilities, items, and moves are banned\n|rule|Evasion Abilities Clause: Evasion abilities are banned\n|rule|Evasion Items Clause: Evasion items are banned\n|rule|Evasion Moves Clause: Evasion moves are banned\n|rule|Species Clause: Limit one of each Pok\u00e9mon\n|rule|Sleep Clause Mod: Limit one foe put to sleep\n|clearpoke\n|poke|p1|Metagross|\n|poke|p1|Diancie|\n|poke|p1|Mantine, M|\n|poke|p1|Froslass, F|\n|poke|p1|Flareon, F|\n|poke|p1|Meowscarada, M|\n|poke|p2|Krookodile, M|\n|poke|p2|Mandibuzz, F|\n|poke|p2|Bisharp, F|\n|poke|p2|Gigalith, F|\n|poke|p2|Excadrill, M|\n|poke|p2|Darmanitan, F|\n|teampreview\n|\n|t:|1701006492\n|start\n|switch|p1a: Froslass|Froslass, F|100\/100\n|switch|p2a: Gigalith|Gigalith, F|100\/100\n|-weather|Sandstorm|[from] ability: Sand Stream|[of] p2a: Gigalith\n|turn|1\n|\n|t:|1701006499\n|move|p1a: Froslass|Taunt|p2a: Gigalith\n|-start|p2a: Gigalith|move: Taunt\n|cant|p2a: Gigalith|move: Taunt|Stealth Rock\n|\n|-weather|Sandstorm|[upkeep]\n|-damage|p1a: Froslass|94\/100|[from] Sandstorm\n|upkeep\n|turn|2\n|\n|t:|1701006511\n|switch|p2a: Darmanitan|Darmanitan, F|100\/100\n|-terastallize|p1a: Froslass|Dark\n|move|p1a: Froslass|Spikes|p2a: Darmanitan\n|-sidestart|p2: Krokorockin|Spikes\n|\n|-weather|Sandstorm|[upkeep]\n|-damage|p2a: Darmanitan|95\/100|[from] Sandstorm\n|-damage|p1a: Froslass|88\/100|[from] Sandstorm\n|upkeep\n|turn|3\n|\n|t:|1701006549\n|move|p2a: Darmanitan|U-turn|p1a: Froslass\n|-supereffective|p1a: Froslass\n|-damage|p1a: Froslass|20\/100\n|-start|p2a: Darmanitan|Disable|U-turn|[from] ability: Cursed Body|[of] p1a: Froslass\n|l|\u2606Krokorockin\n|player|p2|\n|j|\u2606Krokorockin\n|player|p2|Krokorockin|guitarist-gen4\n|\n|t:|1701006565\n|switch|p2a: Mandibuzz|Mandibuzz, F|100\/100|[from] U-turn\n|move|p1a: Froslass|Spikes|p2a: Mandibuzz\n|-sidestart|p2: Krokorockin|Spikes\n|\n|-weather|Sandstorm|[upkeep]\n|-damage|p1a: Froslass|14\/100|[from] Sandstorm\n|upkeep\n|turn|4\n|\n|t:|1701006576\n|move|p1a: Froslass|Ice Beam|p2a: Mandibuzz\n|-supereffective|p2a: Mandibuzz\n|-damage|p2a: Mandibuzz|57\/100\n|move|p2a: Mandibuzz|Defog|p1a: Froslass\n|-unboost|p1a: Froslass|evasion|1\n|-sideend|p2: Krokorockin|Spikes|[from] move: Defog|[of] p2a: Mandibuzz\n|\n|-weather|Sandstorm|[upkeep]\n|-damage|p1a: Froslass|8\/100|[from] Sandstorm\n|upkeep\n|turn|5\n|\n|t:|1701006587\n|switch|p2a: Bisharp|Bisharp, F|100\/100\n|move|p1a: Froslass|Ice Beam|p2a: Bisharp\n|-resisted|p2a: Bisharp\n|-damage|p2a: Bisharp|88\/100\n|\n|-weather|Sandstorm|[upkeep]\n|-damage|p1a: Froslass|2\/100|[from] Sandstorm\n|upkeep\n|turn|6\n|\n|t:|1701006595\n|switch|p1a: Meowscarada|Meowscarada, M|100\/100\n|move|p2a: Bisharp|Sucker Punch||[still]\n|-fail|p2a: Bisharp\n|\n|-weather|Sandstorm|[upkeep]\n|-damage|p1a: Meowscarada|94\/100|[from] Sandstorm\n|upkeep\n|turn|7\n|\n|t:|1701006604\n|switch|p2a: Darmanitan|Darmanitan, F|95\/100\n|move|p1a: Meowscarada|Knock Off|p2a: Darmanitan\n|-start|p1a: Meowscarada|typechange|Dark|[from] ability: Protean\n|-damage|p2a: Darmanitan|22\/100\n|-enditem|p2a: Darmanitan|Choice Scarf|[from] move: Knock Off|[of] p1a: Meowscarada\n|\n|-weather|Sandstorm|[upkeep]\n|-damage|p1a: Meowscarada|88\/100|[from] Sandstorm\n|-damage|p2a: Darmanitan|16\/100|[from] Sandstorm\n|upkeep\n|turn|8\n|\n|t:|1701006613\n|move|p1a: Meowscarada|Knock Off|p2a: Darmanitan\n|-damage|p2a: Darmanitan|0 fnt\n|faint|p2a: Darmanitan\n|\n|-weather|none\n|upkeep\n|\n|t:|1701006619\n|switch|p2a: Mandibuzz|Mandibuzz, F|57\/100\n|turn|9\n|\n|t:|1701006623\n|move|p1a: Meowscarada|Knock Off|p2a: Mandibuzz\n|-resisted|p2a: Mandibuzz\n|-damage|p2a: Mandibuzz|45\/100\n|-damage|p1a: Meowscarada|72\/100|[from] item: Rocky Helmet|[of] p2a: Mandibuzz\n|-enditem|p2a: Mandibuzz|Rocky Helmet|[from] move: Knock Off|[of] p1a: Meowscarada\n|move|p2a: Mandibuzz|Roost|p2a: Mandibuzz\n|-heal|p2a: Mandibuzz|95\/100\n|-singleturn|p2a: Mandibuzz|move: Roost\n|\n|upkeep\n|turn|10\n|\n|t:|1701006633\n|move|p1a: Meowscarada|Toxic Spikes|p2a: Mandibuzz\n|-sidestart|p2: Krokorockin|move: Toxic Spikes\n|move|p2a: Mandibuzz|Toxic|p1a: Meowscarada\n|-status|p1a: Meowscarada|tox\n|\n|-damage|p1a: Meowscarada|66\/100 tox|[from] psn\n|upkeep\n|turn|11\n|\n|t:|1701006660\n|switch|p1a: Diancie|Diancie|100\/100\n|move|p2a: Mandibuzz|Foul Play|p1a: Diancie\n|-resisted|p1a: Diancie\n|-damage|p1a: Diancie|83\/100\n|\n|upkeep\n|turn|12\n|\n|t:|1701006668\n|detailschange|p1a: Diancie|Diancie-Mega\n|-mega|p1a: Diancie|Diancie|Diancite\n|move|p1a: Diancie|Diamond Storm|p2a: Mandibuzz\n|-supereffective|p2a: Mandibuzz\n|-damage|p2a: Mandibuzz|38\/100\n|-boost|p1a: Diancie|def|2\n|move|p2a: Mandibuzz|Defog|p1a: Diancie\n|move|p1a: Diancie|Defog|p2a: Mandibuzz|[from]ability: Magic Bounce\n|-unboost|p2a: Mandibuzz|evasion|1\n|-sideend|p2: Krokorockin|Toxic Spikes|[from] move: Defog|[of] p1a: Diancie\n|\n|upkeep\n|turn|13\n|\n|t:|1701006677\n|move|p1a: Diancie|Diamond Storm|p2a: Mandibuzz\n|-supereffective|p2a: Mandibuzz\n|-crit|p2a: Mandibuzz\n|-damage|p2a: Mandibuzz|0 fnt\n|faint|p2a: Mandibuzz\n|\n|upkeep\n|\n|t:|1701006681\n|switch|p2a: Bisharp|Bisharp, F|88\/100\n|turn|14\n|\n|t:|1701006688\n|move|p1a: Diancie|Moonblast|p2a: Bisharp\n|-damage|p2a: Bisharp|32\/100\n|move|p2a: Bisharp|Swords Dance|p2a: Bisharp\n|-boost|p2a: Bisharp|atk|2\n|\n|upkeep\n|turn|15\n|\n|t:|1701006692\n|move|p2a: Bisharp|Sucker Punch|p1a: Diancie\n|-resisted|p1a: Diancie\n|-damage|p1a: Diancie|58\/100\n|move|p1a: Diancie|Moonblast|p2a: Bisharp\n|-damage|p2a: Bisharp|0 fnt\n|faint|p2a: Bisharp\n|\n|upkeep\n|\n|t:|1701006698\n|switch|p2a: Gigalith|Gigalith, F|100\/100\n|-weather|Sandstorm|[from] ability: Sand Stream|[of] p2a: Gigalith\n|turn|16\n|\n|t:|1701006707\n|move|p1a: Diancie|Earth Power|p2a: Gigalith\n|-supereffective|p2a: Gigalith\n|-damage|p2a: Gigalith|61\/100\n|move|p2a: Gigalith|Toxic|p1a: Diancie\n|move|p1a: Diancie|Toxic|p2a: Gigalith|[from]ability: Magic Bounce\n|-status|p2a: Gigalith|tox\n|\n|-weather|Sandstorm|[upkeep]\n|-damage|p2a: Gigalith|55\/100 tox|[from] psn\n|upkeep\n|turn|17\n|\n|t:|1701006720\n|move|p1a: Diancie|Earth Power|p2a: Gigalith\n|-supereffective|p2a: Gigalith\n|-damage|p2a: Gigalith|17\/100 tox\n|move|p2a: Gigalith|Stealth Rock|p1a: Diancie\n|move|p1a: Diancie|Stealth Rock|p2a: Gigalith|[from]ability: Magic Bounce\n|-sidestart|p2: Krokorockin|move: Stealth Rock\n|\n|-weather|Sandstorm|[upkeep]\n|-damage|p2a: Gigalith|5\/100 tox|[from] psn\n|upkeep\n|turn|18\n|c|\u2606Krokorockin|\u2026\n|c|\u2606Krokorockin|I just had the biggest brain fary\n|\n|t:|1701006744\n|move|p1a: Diancie|Earth Power|p2a: Gigalith\n|-supereffective|p2a: Gigalith\n|-damage|p2a: Gigalith|0 fnt\n|faint|p2a: Gigalith\n|\n|-weather|Sandstorm|[upkeep]\n|upkeep\n|\n|t:|1701006746\n|switch|p2a: Excadrill|Excadrill, M|100\/100\n|-damage|p2a: Excadrill|97\/100|[from] Stealth Rock\n|turn|19\n|\n|t:|1701006760\n|switch|p1a: Mantine|Mantine, M|100\/100\n|move|p2a: Excadrill|Iron Head|p1a: Mantine\n|-resisted|p1a: Mantine\n|-damage|p1a: Mantine|59\/100\n|\n|-weather|Sandstorm|[upkeep]\n|-damage|p1a: Mantine|53\/100|[from] Sandstorm\n|-heal|p1a: Mantine|59\/100|[from] item: Leftovers\n|upkeep\n|turn|20\n|\n|t:|1701006767\n|move|p2a: Excadrill|Iron Head|p1a: Mantine\n|-resisted|p1a: Mantine\n|-damage|p1a: Mantine|13\/100\n|move|p1a: Mantine|Scald|p2a: Excadrill\n|-supereffective|p2a: Excadrill\n|-damage|p2a: Excadrill|34\/100\n|\n|-weather|Sandstorm|[upkeep]\n|-damage|p1a: Mantine|6\/100|[from] Sandstorm\n|-heal|p1a: Mantine|13\/100|[from] item: Leftovers\n|upkeep\n|turn|21\n|\n|t:|1701006778\n|switch|p1a: Flareon|Flareon, F|100\/100\n|move|p2a: Excadrill|Iron Head|p1a: Flareon\n|-resisted|p1a: Flareon\n|-damage|p1a: Flareon|43\/100\n|\n|-weather|Sandstorm|[upkeep]\n|-damage|p1a: Flareon|37\/100|[from] Sandstorm\n|upkeep\n|turn|22\n|\n|t:|1701006784\n|move|p2a: Excadrill|Iron Head|p1a: Flareon\n|-resisted|p1a: Flareon\n|-damage|p1a: Flareon|0 fnt\n|faint|p1a: Flareon\n|\n|-weather|Sandstorm|[upkeep]\n|upkeep\n|\n|t:|1701006789\n|switch|p1a: Metagross|Metagross|100\/100\n|turn|23\n|\n|t:|1701006791\n|move|p2a: Excadrill|Iron Head|p1a: Metagross\n|-resisted|p1a: Metagross\n|-damage|p1a: Metagross|79\/100\n|cant|p1a: Metagross|flinch\n|\n|-weather|none\n|-heal|p1a: Metagross|85\/100|[from] item: Leftovers\n|upkeep\n|turn|24\n|\n|t:|1701006798\n|move|p2a: Excadrill|Iron Head|p1a: Metagross\n|-resisted|p1a: Metagross\n|-damage|p1a: Metagross|60\/100\n|move|p1a: Metagross|Body Press|p2a: Excadrill\n|-supereffective|p2a: Excadrill\n|-damage|p2a: Excadrill|0 fnt\n|faint|p2a: Excadrill\n|\n|-heal|p1a: Metagross|66\/100|[from] item: Leftovers\n|upkeep\n|\n|t:|1701006803\n|switch|p2a: Krookodile|Krookodile, M|100\/100\n|-damage|p2a: Krookodile|94\/100|[from] Stealth Rock\n|turn|25\n|\n|t:|1701006809\n|-terastallize|p2a: Krookodile|Dragon\n|move|p2a: Krookodile|Scale Shot|p1a: Metagross\n|-resisted|p1a: Metagross\n|-damage|p1a: Metagross|62\/100\n|-resisted|p1a: Metagross\n|-damage|p1a: Metagross|58\/100\n|-resisted|p1a: Metagross\n|-damage|p1a: Metagross|54\/100\n|-resisted|p1a: Metagross\n|-damage|p1a: Metagross|50\/100\n|-resisted|p1a: Metagross\n|-damage|p1a: Metagross|46\/100\n|-hitcount|p1a: Metagross|5\n|-unboost|p2a: Krookodile|def|1\n|-boost|p2a: Krookodile|spe|1\n|move|p1a: Metagross|Body Press|p2a: Krookodile\n|-damage|p2a: Krookodile|48\/100\n|\n|-heal|p1a: Metagross|52\/100|[from] item: Leftovers\n|upkeep\n|turn|26\n|\n|t:|1701006825\n|move|p2a: Krookodile|Knock Off|p1a: Metagross\n|-supereffective|p1a: Metagross\n|-damage|p1a: Metagross|0 fnt\n|-enditem|p1a: Metagross|Leftovers|[from] move: Knock Off|[of] p2a: Krookodile\n|faint|p1a: Metagross\n|-ability|p2a: Krookodile|Moxie|boost\n|-boost|p2a: Krookodile|atk|1\n|\n|upkeep\n|\n|t:|1701006828\n|switch|p1a: Diancie|Diancie-Mega|58\/100\n|turn|27\n|\n|t:|1701006833\n|move|p2a: Krookodile|Earthquake|p1a: Diancie\n|-supereffective|p1a: Diancie\n|-damage|p1a: Diancie|0 fnt\n|faint|p1a: Diancie\n|-ability|p2a: Krookodile|Moxie|boost\n|-boost|p2a: Krookodile|atk|1\n|\n|upkeep\n|\n|t:|1701006844\n|switch|p1a: Mantine|Mantine, M|13\/100\n|turn|28\n|\n|t:|1701006851\n|move|p2a: Krookodile|Scale Shot|p1a: Mantine\n|-damage|p1a: Mantine|0 fnt\n|faint|p1a: Mantine\n|-ability|p2a: Krookodile|Moxie|boost\n|-boost|p2a: Krookodile|atk|1\n|-hitcount|p1: Mantine|1\n|-unboost|p2a: Krookodile|def|1\n|-boost|p2a: Krookodile|spe|1\n|\n|upkeep\n|\n|t:|1701006855\n|switch|p1a: Meowscarada|Meowscarada, M|66\/100 tox\n|turn|29\n|\n|t:|1701006867\n|move|p2a: Krookodile|Fire Fang|p1a: Meowscarada\n|-supereffective|p1a: Meowscarada\n|-damage|p1a: Meowscarada|0 fnt\n|faint|p1a: Meowscarada\n|-ability|p2a: Krookodile|Moxie|boost\n|-boost|p2a: Krookodile|atk|1\n|\n|upkeep\n|\n|t:|1701006869\n|switch|p1a: Froslass|Froslass, F, tera:Dark|2\/100\n|turn|30\n|\n|t:|1701006872\n|move|p2a: Krookodile|Knock Off|p1a: Froslass\n|-resisted|p1a: Froslass\n|-crit|p1a: Froslass\n|-damage|p1a: Froslass|0 fnt\n|-enditem|p1a: Froslass|Heavy-Duty Boots|[from] move: Knock Off|[of] p2a: Krookodile\n|faint|p1a: Froslass\n|\n|win|Krokorockin\n|raw|eteleks's rating: 1142 &rarr; <strong>1123<\/strong><br \/>(-19 for losing)\n|raw|Krokorockin's rating: 1229 &rarr; <strong>1248<\/strong><br \/>(+19 for winning)\n|l|\u2606eteleks\n","uploadtime":1701006882,"views":12,"p1id":"eteleks","p2id":"krokorockin","formatid":"gen9nationaldex","rating":1123,"private":0,"password":""}