{"id":"gen9nationaldex-1989926513","p1":"Munaru","p2":"Celmestra","format":"[Gen 9] National Dex","log":"|j|\u2606Munaru\n|j|\u2606Celmestra\n|t:|1699907360\n|gametype|singles\n|player|p1|Munaru|lady-gen4|\n|player|p2|Celmestra|clown|\n|teamsize|p1|6\n|teamsize|p2|6\n|gen|9\n|tier|[Gen 9] National Dex\n|rule|HP Percentage Mod: HP is shown in percentages\n|rule|Endless Battle Clause: Forcing endless battles is banned\n|rule|OHKO Clause: OHKO moves are banned\n|rule|Evasion Clause: Evasion abilities, items, and moves are banned\n|rule|Evasion Abilities Clause: Evasion abilities are banned\n|rule|Evasion Items Clause: Evasion items are banned\n|rule|Evasion Moves Clause: Evasion moves are banned\n|rule|Species Clause: Limit one of each Pok\u00e9mon\n|rule|Sleep Clause Mod: Limit one foe put to sleep\n|clearpoke\n|poke|p1|Ursaluna, F|\n|poke|p1|Landorus-Therian, M|\n|poke|p1|Tapu Koko|\n|poke|p1|Gliscor, M|\n|poke|p1|Hatterene, F|\n|poke|p1|Clefable, M|\n|poke|p2|Zapdos-Galar|\n|poke|p2|Thundurus-Therian, M|\n|poke|p2|Slowking-Galar, F|\n|poke|p2|Landorus-Therian, M|\n|poke|p2|Toxapex, F|\n|poke|p2|Celesteela|\n|teampreview\n|\n|t:|1699907385\n|start\n|switch|p1a: Gliscor|Gliscor, M|100\/100\n|switch|p2a: Thundurus|Thundurus-Therian, M|100\/100\n|turn|1\n|\n|t:|1699907402\n|switch|p2a: Celesteela|Celesteela|100\/100\n|move|p1a: Gliscor|Toxic|p2a: Celesteela|[miss]\n|-miss|p1a: Gliscor|p2a: Celesteela\n|\n|-status|p1a: Gliscor|tox|[from] item: Toxic Orb\n|upkeep\n|turn|2\n|\n|t:|1699907455\n|switch|p1a: Hatterene|Hatterene, F|100\/100\n|move|p2a: Celesteela|Leech Seed|p1a: Hatterene\n|move|p1a: Hatterene|Leech Seed|p2a: Celesteela|[from]ability: Magic Bounce\n|-start|p2a: Celesteela|move: Leech Seed\n|\n|-damage|p2a: Celesteela|88\/100|[from] Leech Seed|[of] p1a: Hatterene\n|upkeep\n|turn|3\n|\n|t:|1699907462\n|move|p2a: Celesteela|Heavy Slam|p1a: Hatterene\n|-supereffective|p1a: Hatterene\n|-damage|p1a: Hatterene|26\/100\n|move|p1a: Hatterene|Calm Mind|p1a: Hatterene\n|-boost|p1a: Hatterene|spa|1\n|-boost|p1a: Hatterene|spd|1\n|\n|-heal|p2a: Celesteela|94\/100|[from] item: Leftovers\n|-heal|p1a: Hatterene|32\/100|[from] item: Leftovers\n|-damage|p2a: Celesteela|82\/100|[from] Leech Seed|[of] p1a: Hatterene\n|-heal|p1a: Hatterene|48\/100|[silent]\n|upkeep\n|turn|4\n|\n|t:|1699907472\n|move|p2a: Celesteela|Heavy Slam|p1a: Hatterene\n|-supereffective|p1a: Hatterene\n|-damage|p1a: Hatterene|0 fnt\n|faint|p1a: Hatterene\n|-ability|p2a: Celesteela|Beast Boost|boost\n|-boost|p2a: Celesteela|def|1\n|\n|-heal|p2a: Celesteela|88\/100|[from] item: Leftovers\n|upkeep\n|\n|t:|1699907482\n|switch|p1a: Tapu Koko|Tapu Koko, shiny|100\/100\n|-fieldstart|move: Electric Terrain|[from] ability: Electric Surge|[of] p1a: Tapu Koko\n|turn|5\n|\n|t:|1699907487\n|switch|p2a: Thundurus|Thundurus-Therian, M|100\/100\n|move|p1a: Tapu Koko|Thunderbolt|p2a: Thundurus\n|-immune|p2a: Thundurus|[from] ability: Volt Absorb\n|\n|upkeep\n|turn|6\n|\n|t:|1699907495\n|move|p1a: Tapu Koko|U-turn|p2a: Thundurus\n|-resisted|p2a: Thundurus\n|-damage|p2a: Thundurus|88\/100\n|\n|t:|1699907503\n|switch|p1a: Ursaluna|Ursaluna, F, shiny|100\/100|[from] U-turn\n|move|p2a: Thundurus|Sludge Bomb|p1a: Ursaluna\n|-resisted|p1a: Ursaluna\n|-damage|p1a: Ursaluna|85\/100\n|\n|-status|p1a: Ursaluna|brn|[from] item: Flame Orb\n|upkeep\n|turn|7\n|\n|t:|1699907512\n|move|p2a: Thundurus|Grass Knot|p1a: Ursaluna\n|-supereffective|p1a: Ursaluna\n|-damage|p1a: Ursaluna|0 fnt\n|faint|p1a: Ursaluna\n|\n|upkeep\n|\n|t:|1699907524\n|switch|p1a: Clefable|Clefable, M|100\/100\n|turn|8\n|\n|t:|1699907536\n|switch|p2a: Celesteela|Celesteela|88\/100\n|move|p1a: Clefable|Moonblast|p2a: Celesteela\n|-resisted|p2a: Celesteela\n|-damage|p2a: Celesteela|75\/100\n|-unboost|p2a: Celesteela|spa|1\n|\n|-heal|p2a: Celesteela|81\/100|[from] item: Leftovers\n|upkeep\n|turn|9\n|\n|t:|1699907551\n|move|p1a: Clefable|Protect|p1a: Clefable\n|-singleturn|p1a: Clefable|Protect\n|move|p2a: Celesteela|Heavy Slam|p1a: Clefable\n|-activate|p1a: Clefable|move: Protect\n|\n|-heal|p2a: Celesteela|87\/100|[from] item: Leftovers\n|-fieldend|move: Electric Terrain\n|upkeep\n|turn|10\n|\n|t:|1699907564\n|switch|p1a: Landorus|Landorus-Therian, M|100\/100\n|-ability|p1a: Landorus|Intimidate|boost\n|-unboost|p2a: Celesteela|atk|1\n|move|p2a: Celesteela|Heavy Slam|p1a: Landorus\n|-damage|p1a: Landorus|65\/100\n|\n|-heal|p2a: Celesteela|93\/100|[from] item: Leftovers\n|upkeep\n|turn|11\n|\n|t:|1699907573\n|move|p1a: Landorus|Stone Edge|p2a: Celesteela|[miss]\n|-miss|p1a: Landorus|p2a: Celesteela\n|move|p2a: Celesteela|Leech Seed|p1a: Landorus\n|-start|p1a: Landorus|move: Leech Seed\n|\n|-heal|p2a: Celesteela|99\/100|[from] item: Leftovers\n|-damage|p1a: Landorus|53\/100|[from] Leech Seed|[of] p2a: Celesteela\n|-heal|p2a: Celesteela|100\/100|[silent]\n|upkeep\n|turn|12\n|\n|t:|1699907580\n|move|p1a: Landorus|Stone Edge|p2a: Celesteela\n|-damage|p2a: Celesteela|78\/100\n|move|p2a: Celesteela|Heavy Slam|p1a: Landorus\n|-damage|p1a: Landorus|23\/100\n|\n|-heal|p2a: Celesteela|84\/100|[from] item: Leftovers\n|-damage|p1a: Landorus|11\/100|[from] Leech Seed|[of] p2a: Celesteela\n|-heal|p2a: Celesteela|93\/100|[silent]\n|upkeep\n|turn|13\n|c|\u2606Munaru|laksdjfg\n|\n|t:|1699907602\n|switch|p1a: Gliscor|Gliscor, M|100\/100 tox\n|move|p2a: Celesteela|Heavy Slam|p1a: Gliscor\n|-damage|p1a: Gliscor|84\/100 tox\n|\n|-heal|p2a: Celesteela|99\/100|[from] item: Leftovers\n|-heal|p1a: Gliscor|97\/100 tox|[from] ability: Poison Heal\n|upkeep\n|turn|14\n|\n|t:|1699907610\n|move|p1a: Gliscor|Spikes|p2a: Celesteela\n|-sidestart|p2: Celmestra|Spikes\n|move|p2a: Celesteela|Leech Seed|p1a: Gliscor\n|-start|p1a: Gliscor|move: Leech Seed\n|\n|-heal|p2a: Celesteela|100\/100|[from] item: Leftovers\n|-damage|p1a: Gliscor|84\/100 tox|[from] Leech Seed|[of] p2a: Celesteela\n|-heal|p1a: Gliscor|97\/100 tox|[from] ability: Poison Heal\n|upkeep\n|turn|15\n|\n|t:|1699907656\n|move|p1a: Gliscor|Spikes|p2a: Celesteela\n|-sidestart|p2: Celmestra|Spikes\n|move|p2a: Celesteela|Heavy Slam|p1a: Gliscor\n|-damage|p1a: Gliscor|80\/100 tox\n|\n|-damage|p1a: Gliscor|68\/100 tox|[from] Leech Seed|[of] p2a: Celesteela\n|-heal|p1a: Gliscor|80\/100 tox|[from] ability: Poison Heal\n|upkeep\n|turn|16\n|\n|t:|1699907702\n|switch|p2a: Zapdos|Zapdos-Galar|100\/100\n|move|p1a: Gliscor|Protect||[still]\n|-fail|p1a: Gliscor\n|\n|-damage|p1a: Gliscor|68\/100 tox|[from] Leech Seed|[of] p2a: Zapdos\n|-heal|p1a: Gliscor|80\/100 tox|[from] ability: Poison Heal\n|upkeep\n|turn|17\n|\n|t:|1699907728\n|switch|p1a: Clefable|Clefable, M|100\/100\n|move|p2a: Zapdos|Brave Bird|p1a: Clefable\n|-damage|p1a: Clefable|53\/100\n|-damage|p2a: Zapdos|81\/100|[from] Recoil\n|\n|-heal|p1a: Clefable|59\/100|[from] item: Leftovers\n|upkeep\n|turn|18\n|\n|t:|1699907737\n|switch|p2a: Celesteela|Celesteela|100\/100\n|move|p1a: Clefable|Wish|p1a: Clefable\n|\n|-heal|p1a: Clefable|65\/100|[from] item: Leftovers\n|upkeep\n|turn|19\n|\n|t:|1699907745\n|switch|p1a: Gliscor|Gliscor, M|80\/100 tox\n|move|p2a: Celesteela|Heavy Slam|p1a: Gliscor\n|-damage|p1a: Gliscor|54\/100 tox\n|\n|-heal|p1a: Gliscor|100\/100 tox|[from] move: Wish|[wisher] Clefable\n|upkeep\n|turn|20\n|\n|t:|1699907756\n|move|p1a: Gliscor|Toxic|p2a: Celesteela\n|-immune|p2a: Celesteela\n|move|p2a: Celesteela|Leech Seed|p1a: Gliscor\n|-start|p1a: Gliscor|move: Leech Seed\n|\n|-damage|p1a: Gliscor|88\/100 tox|[from] Leech Seed|[of] p2a: Celesteela\n|-heal|p1a: Gliscor|100\/100 tox|[from] ability: Poison Heal\n|upkeep\n|turn|21\n|\n|t:|1699907765\n|move|p1a: Gliscor|Protect|p1a: Gliscor\n|-singleturn|p1a: Gliscor|Protect\n|move|p2a: Celesteela|Flamethrower|p1a: Gliscor\n|-activate|p1a: Gliscor|move: Protect\n|\n|-damage|p1a: Gliscor|88\/100 tox|[from] Leech Seed|[of] p2a: Celesteela\n|-heal|p1a: Gliscor|100\/100 tox|[from] ability: Poison Heal\n|upkeep\n|turn|22\n|\n|t:|1699907773\n|move|p1a: Gliscor|Spikes|p2a: Celesteela\n|-sidestart|p2: Celmestra|Spikes\n|move|p2a: Celesteela|Flamethrower|p1a: Gliscor\n|-damage|p1a: Gliscor|75\/100 tox\n|\n|-damage|p1a: Gliscor|63\/100 tox|[from] Leech Seed|[of] p2a: Celesteela\n|-heal|p1a: Gliscor|75\/100 tox|[from] ability: Poison Heal\n|upkeep\n|turn|23\n|\n|t:|1699907783\n|switch|p1a: Tapu Koko|Tapu Koko, shiny|100\/100\n|-fieldstart|move: Electric Terrain|[from] ability: Electric Surge|[of] p1a: Tapu Koko\n|move|p2a: Celesteela|Flamethrower|p1a: Tapu Koko\n|-damage|p1a: Tapu Koko|67\/100\n|\n|upkeep\n|turn|24\n|\n|t:|1699907790\n|switch|p2a: Thundurus|Thundurus-Therian, M|88\/100\n|move|p1a: Tapu Koko|Thunderbolt|p2a: Thundurus\n|-heal|p2a: Thundurus|100\/100|[from] ability: Volt Absorb|[of] p1a: Tapu Koko\n|\n|upkeep\n|turn|25\n|\n|t:|1699907804\n|move|p1a: Tapu Koko|U-turn|p2a: Thundurus\n|-resisted|p2a: Thundurus\n|-damage|p2a: Thundurus|89\/100\n|\n|t:|1699907806\n|switch|p1a: Clefable|Clefable, M|65\/100|[from] U-turn\n|move|p2a: Thundurus|Sludge Bomb|p1a: Clefable\n|-supereffective|p1a: Clefable\n|-damage|p1a: Clefable|0 fnt\n|faint|p1a: Clefable\n|\n|upkeep\n|\n|t:|1699907813\n|switch|p1a: Landorus|Landorus-Therian, M|11\/100\n|-ability|p1a: Landorus|Intimidate|boost\n|-unboost|p2a: Thundurus|atk|1\n|turn|26\n|\n|t:|1699907821\n|move|p1a: Landorus|Stone Edge|p2a: Thundurus\n|-supereffective|p2a: Thundurus\n|-damage|p2a: Thundurus|0 fnt\n|faint|p2a: Thundurus\n|\n|upkeep\n|\n|t:|1699907830\n|switch|p2a: Celesteela|Celesteela|100\/100\n|turn|27\n|\n|t:|1699907839\n|move|p1a: Landorus|Stone Edge|p2a: Celesteela\n|-damage|p2a: Celesteela|76\/100\n|move|p2a: Celesteela|Heavy Slam|p1a: Landorus\n|-damage|p1a: Landorus|0 fnt\n|faint|p1a: Landorus\n|-ability|p2a: Celesteela|Beast Boost|boost\n|-boost|p2a: Celesteela|def|1\n|\n|-heal|p2a: Celesteela|82\/100|[from] item: Leftovers\n|-fieldend|move: Electric Terrain\n|upkeep\n|\n|t:|1699907842\n|switch|p1a: Tapu Koko|Tapu Koko, shiny|67\/100\n|-fieldstart|move: Electric Terrain|[from] ability: Electric Surge|[of] p1a: Tapu Koko\n|turn|28\n|\n|t:|1699907853\n|switch|p2a: Landorus|Landorus-Therian, M|100\/100\n|-ability|p2a: Landorus|Intimidate|boost\n|-unboost|p1a: Tapu Koko|atk|1\n|move|p1a: Tapu Koko|Thunderbolt|p2a: Landorus\n|-immune|p2a: Landorus\n|\n|upkeep\n|turn|29\n|\n|t:|1699907875\n|move|p1a: Tapu Koko|U-turn|p2a: Landorus\n|-resisted|p2a: Landorus\n|-damage|p2a: Landorus|95\/100\n|\n|t:|1699907876\n|switch|p1a: Gliscor|Gliscor, M|75\/100 tox|[from] U-turn\n|move|p2a: Landorus|Earthquake|p1a: Gliscor\n|-immune|p1a: Gliscor\n|\n|-heal|p2a: Landorus|100\/100|[from] item: Leftovers\n|-heal|p1a: Gliscor|88\/100 tox|[from] ability: Poison Heal\n|upkeep\n|turn|30\n|\n|t:|1699907886\n|move|p1a: Gliscor|Toxic|p2a: Landorus\n|-status|p2a: Landorus|tox\n|move|p2a: Landorus|U-turn|p1a: Gliscor\n|-resisted|p1a: Gliscor\n|-damage|p1a: Gliscor|81\/100 tox\n|\n|t:|1699907891\n|switch|p2a: Celesteela|Celesteela|82\/100|[from] U-turn\n|\n|-heal|p2a: Celesteela|88\/100|[from] item: Leftovers\n|-heal|p1a: Gliscor|93\/100 tox|[from] ability: Poison Heal\n|upkeep\n|turn|31\n|\n|t:|1699907898\n|move|p1a: Gliscor|Protect|p1a: Gliscor\n|-singleturn|p1a: Gliscor|Protect\n|move|p2a: Celesteela|Leech Seed|p1a: Gliscor\n|-activate|p1a: Gliscor|move: Protect\n|\n|-heal|p2a: Celesteela|94\/100|[from] item: Leftovers\n|-heal|p1a: Gliscor|100\/100 tox|[from] ability: Poison Heal\n|upkeep\n|turn|32\n|\n|t:|1699907907\n|switch|p1a: Tapu Koko|Tapu Koko, shiny|67\/100\n|move|p2a: Celesteela|Heavy Slam|p1a: Tapu Koko\n|-damage|p1a: Tapu Koko|6\/100\n|\n|-heal|p2a: Celesteela|99\/100|[from] item: Leftovers\n|-fieldend|move: Electric Terrain\n|upkeep\n|turn|33\n|\n|t:|1699907916\n|move|p1a: Tapu Koko|Roost|p1a: Tapu Koko\n|-heal|p1a: Tapu Koko|56\/100\n|-singleturn|p1a: Tapu Koko|move: Roost\n|move|p2a: Celesteela|Heavy Slam|p1a: Tapu Koko\n|-damage|p1a: Tapu Koko|0 fnt\n|faint|p1a: Tapu Koko\n|-ability|p2a: Celesteela|Beast Boost|boost\n|-boost|p2a: Celesteela|def|1\n|\n|-heal|p2a: Celesteela|100\/100|[from] item: Leftovers\n|upkeep\n|\n|t:|1699907918\n|switch|p1a: Gliscor|Gliscor, M|100\/100 tox\n|turn|34\n|\n|t:|1699907926\n|move|p1a: Gliscor|Protect|p1a: Gliscor\n|-singleturn|p1a: Gliscor|Protect\n|move|p2a: Celesteela|Leech Seed|p1a: Gliscor\n|-activate|p1a: Gliscor|move: Protect\n|\n|upkeep\n|turn|35\n|\n|t:|1699907941\n|move|p1a: Gliscor|Earthquake|p2a: Celesteela\n|-immune|p2a: Celesteela\n|move|p2a: Celesteela|Leech Seed|p1a: Gliscor\n|-start|p1a: Gliscor|move: Leech Seed\n|\n|-damage|p1a: Gliscor|88\/100 tox|[from] Leech Seed|[of] p2a: Celesteela\n|-heal|p1a: Gliscor|100\/100 tox|[from] ability: Poison Heal\n|upkeep\n|turn|36\n|\n|t:|1699907950\n|move|p1a: Gliscor|Protect|p1a: Gliscor\n|-singleturn|p1a: Gliscor|Protect\n|move|p2a: Celesteela|Heavy Slam|p1a: Gliscor\n|-activate|p1a: Gliscor|move: Protect\n|\n|-damage|p1a: Gliscor|88\/100 tox|[from] Leech Seed|[of] p2a: Celesteela\n|-heal|p1a: Gliscor|100\/100 tox|[from] ability: Poison Heal\n|upkeep\n|turn|37\n|c|\u2606Munaru|all i can do is stall now xD\n|c|\u2606Celmestra|long fight\n|\n|t:|1699907967\n|move|p1a: Gliscor|Toxic|p2a: Celesteela\n|-immune|p2a: Celesteela\n|move|p2a: Celesteela|Heavy Slam|p1a: Gliscor\n|-damage|p1a: Gliscor|77\/100 tox\n|\n|-damage|p1a: Gliscor|65\/100 tox|[from] Leech Seed|[of] p2a: Celesteela\n|-heal|p1a: Gliscor|77\/100 tox|[from] ability: Poison Heal\n|upkeep\n|turn|38\n|\n|t:|1699907975\n|move|p1a: Gliscor|Protect|p1a: Gliscor\n|-singleturn|p1a: Gliscor|Protect\n|move|p2a: Celesteela|Flamethrower|p1a: Gliscor\n|-activate|p1a: Gliscor|move: Protect\n|\n|-damage|p1a: Gliscor|65\/100 tox|[from] Leech Seed|[of] p2a: Celesteela\n|-heal|p1a: Gliscor|77\/100 tox|[from] ability: Poison Heal\n|upkeep\n|turn|39\n|\n|t:|1699907983\n|move|p1a: Gliscor|Earthquake|p2a: Celesteela\n|-immune|p2a: Celesteela\n|move|p2a: Celesteela|Flamethrower|p1a: Gliscor\n|-damage|p1a: Gliscor|49\/100 tox\n|\n|-damage|p1a: Gliscor|37\/100 tox|[from] Leech Seed|[of] p2a: Celesteela\n|-heal|p1a: Gliscor|49\/100 tox|[from] ability: Poison Heal\n|upkeep\n|turn|40\n|\n|t:|1699907991\n|move|p1a: Gliscor|Protect|p1a: Gliscor\n|-singleturn|p1a: Gliscor|Protect\n|move|p2a: Celesteela|Flamethrower|p1a: Gliscor\n|-activate|p1a: Gliscor|move: Protect\n|\n|-damage|p1a: Gliscor|37\/100 tox|[from] Leech Seed|[of] p2a: Celesteela\n|-heal|p1a: Gliscor|49\/100 tox|[from] ability: Poison Heal\n|upkeep\n|turn|41\n|c|\u2606Munaru|no terra iirc?\n|\n|t:|1699908009\n|move|p1a: Gliscor|Protect||[still]\n|-fail|p1a: Gliscor\n|move|p2a: Celesteela|Flamethrower|p1a: Gliscor\n|-damage|p1a: Gliscor|25\/100 tox\n|\n|-damage|p1a: Gliscor|12\/100 tox|[from] Leech Seed|[of] p2a: Celesteela\n|-heal|p1a: Gliscor|25\/100 tox|[from] ability: Poison Heal\n|upkeep\n|turn|42\n|c|\u2606Celmestra|ya no tera plz\n|\n|t:|1699908016\n|move|p1a: Gliscor|Protect|p1a: Gliscor\n|-singleturn|p1a: Gliscor|Protect\n|move|p2a: Celesteela|Flamethrower|p1a: Gliscor\n|-activate|p1a: Gliscor|move: Protect\n|\n|-damage|p1a: Gliscor|12\/100 tox|[from] Leech Seed|[of] p2a: Celesteela\n|-heal|p1a: Gliscor|25\/100 tox|[from] ability: Poison Heal\n|upkeep\n|turn|43\n|\n|t:|1699908024\n|move|p1a: Gliscor|Toxic|p2a: Celesteela\n|-immune|p2a: Celesteela\n|move|p2a: Celesteela|Flamethrower|p1a: Gliscor\n|-damage|p1a: Gliscor|0 fnt\n|faint|p1a: Gliscor\n|\n|win|Celmestra\n|c|\u2606Celmestra|gg\n|c|\u2606Munaru|gg\n|l|\u2606Munaru\n","uploadtime":1699908031,"views":17,"p1id":"munaru","p2id":"celmestra","formatid":"gen9nationaldex","rating":0,"private":0,"password":""}