{"id":"gen9nationaldex-1992395427","p1":"Blocktoberfest","p2":"Kam346","format":"[Gen 9] National Dex","log":"|j|\u2606Blocktoberfest\n|j|\u2606Kam346\n|t:|1700182609\n|gametype|singles\n|player|p1|Blocktoberfest|swimmerf-gen4dp|\n|player|p2|Kam346|red|\n|teamsize|p1|6\n|teamsize|p2|6\n|gen|9\n|tier|[Gen 9] National Dex\n|rule|HP Percentage Mod: HP is shown in percentages\n|rule|Endless Battle Clause: Forcing endless battles is banned\n|rule|OHKO Clause: OHKO moves are banned\n|rule|Evasion Clause: Evasion abilities, items, and moves are banned\n|rule|Evasion Abilities Clause: Evasion abilities are banned\n|rule|Evasion Items Clause: Evasion items are banned\n|rule|Evasion Moves Clause: Evasion moves are banned\n|rule|Species Clause: Limit one of each Pok\u00e9mon\n|rule|Sleep Clause Mod: Limit one foe put to sleep\n|clearpoke\n|poke|p1|Alomomola, M|\n|poke|p1|Sinistcha|\n|poke|p1|Greninja-*, M|\n|poke|p1|Zapdos|\n|poke|p1|Barraskewda, F|\n|poke|p1|Blaziken, M|\n|poke|p2|Blaziken, F|\n|poke|p2|Alcremie, F|\n|poke|p2|Appletun, F|\n|poke|p2|Vanilluxe, F|\n|poke|p2|Garganacl, F|\n|poke|p2|Gourgeist-*, F|\n|teampreview\n|\n|t:|1700182619\n|start\n|switch|p1a: Fish|Alomomola, M|100\/100\n|switch|p2a: Alcremie|Alcremie, F|100\/100\n|turn|1\n|\n|t:|1700182625\n|move|p2a: Alcremie|Calm Mind|p2a: Alcremie\n|-boost|p2a: Alcremie|spa|1\n|-boost|p2a: Alcremie|spd|1\n|move|p1a: Fish|Toxic|p2a: Alcremie\n|-status|p2a: Alcremie|tox\n|\n|-damage|p2a: Alcremie|95\/100 tox|[from] psn\n|upkeep\n|turn|2\n|\n|t:|1700182633\n|move|p2a: Alcremie|Dazzling Gleam|p1a: Fish\n|-damage|p1a: Fish|46\/100\n|-damage|p2a: Alcremie|85\/100 tox|[from] item: Life Orb\n|move|p1a: Fish|Rain Dance|p1a: Fish\n|-weather|RainDance\n|\n|-weather|RainDance|[upkeep]\n|-damage|p2a: Alcremie|73\/100 tox|[from] psn\n|upkeep\n|turn|3\n|\n|t:|1700182665\n|move|p2a: Alcremie|Dazzling Gleam|p1a: Fish\n|-damage|p1a: Fish|0 fnt\n|faint|p1a: Fish\n|-damage|p2a: Alcremie|63\/100 tox|[from] item: Life Orb\n|\n|-weather|RainDance|[upkeep]\n|-damage|p2a: Alcremie|45\/100 tox|[from] psn\n|upkeep\n|\n|t:|1700182678\n|switch|p1a: Long Fish|Barraskewda, F|100\/100\n|turn|4\n|\n|t:|1700182683\n|move|p1a: Long Fish|Flip Turn|p2a: Alcremie\n|-damage|p2a: Alcremie|0 fnt\n|faint|p2a: Alcremie\n|\n|t:|1700182688\n|switch|p1a: Chicken|Zapdos|100\/100|[from] Flip Turn\n|\n|-weather|RainDance|[upkeep]\n|upkeep\n|\n|t:|1700182692\n|switch|p2a: Vaniluxe|Vanilluxe, F|100\/100\n|-weather|Snow|[from] ability: Snow Warning|[of] p2a: Vaniluxe\n|turn|5\n|\n|t:|1700182711\n|switch|p1a: KFC|Blaziken, M|100\/100\n|move|p2a: Vaniluxe|Blizzard|p1a: KFC\n|-resisted|p1a: KFC\n|-damage|p1a: KFC|35\/100\n|\n|-weather|Snow|[upkeep]\n|upkeep\n|turn|6\n|\n|t:|1700182718\n|move|p1a: KFC|Protect|p1a: KFC\n|-singleturn|p1a: KFC|Protect\n|move|p2a: Vaniluxe|Blizzard|p1a: KFC\n|-activate|p1a: KFC|move: Protect\n|\n|-weather|Snow|[upkeep]\n|-ability|p1a: KFC|Speed Boost|boost\n|-boost|p1a: KFC|spe|1\n|upkeep\n|turn|7\n|\n|t:|1700182733\n|move|p1a: KFC|Close Combat|p2a: Vaniluxe\n|-supereffective|p2a: Vaniluxe\n|-damage|p2a: Vaniluxe|6\/100\n|-unboost|p1a: KFC|def|1\n|-unboost|p1a: KFC|spd|1\n|move|p2a: Vaniluxe|Blizzard|p1a: KFC\n|-resisted|p1a: KFC\n|-damage|p1a: KFC|0 fnt\n|faint|p1a: KFC\n|\n|-weather|Snow|[upkeep]\n|upkeep\n|\n|t:|1700182743\n|switch|p1a: Frog Legs|Greninja, M|100\/100\n|turn|8\n|\n|t:|1700182755\n|move|p1a: Frog Legs|Dark Pulse|p2a: Vaniluxe\n|-damage|p2a: Vaniluxe|0 fnt\n|faint|p2a: Vaniluxe\n|-ability|p1a: Frog Legs|Battle Bond|boost\n|-boost|p1a: Frog Legs|atk|1\n|-boost|p1a: Frog Legs|spa|1\n|-boost|p1a: Frog Legs|spe|1\n|-activate|p1a: Frog Legs|ability: Battle Bond\n|-damage|p1a: Frog Legs|91\/100|[from] item: Life Orb\n|\n|-weather|Snow|[upkeep]\n|upkeep\n|\n|t:|1700182774\n|switch|p2a: Appletun|Appletun, F|100\/100\n|turn|9\n|\n|t:|1700182780\n|move|p1a: Frog Legs|Ice Beam|p2a: Appletun\n|-supereffective|p2a: Appletun\n|-damage|p2a: Appletun|27\/100\n|-damage|p1a: Frog Legs|81\/100|[from] item: Life Orb\n|move|p2a: Appletun|Apple Acid|p1a: Frog Legs\n|-supereffective|p1a: Frog Legs\n|-crit|p1a: Frog Legs\n|-damage|p1a: Frog Legs|0 fnt\n|faint|p1a: Frog Legs\n|\n|-weather|none\n|-heal|p2a: Appletun|33\/100|[from] item: Leftovers\n|upkeep\n|\n|t:|1700182801\n|switch|p1a: Chicken|Zapdos|100\/100\n|turn|10\n|\n|t:|1700182809\n|move|p1a: Chicken|Hurricane|p2a: Appletun\n|-supereffective|p2a: Appletun\n|-damage|p2a: Appletun|0 fnt\n|faint|p2a: Appletun\n|\n|upkeep\n|\n|t:|1700182813\n|switch|p2a: Garganacl|Garganacl, F|100\/100\n|turn|11\n|\n|t:|1700182847\n|move|p1a: Chicken|Thunder|p2a: Garganacl\n|-damage|p2a: Garganacl|66\/100\n|move|p2a: Garganacl|Salt Cure|p1a: Chicken\n|-supereffective|p1a: Chicken\n|-damage|p1a: Chicken|66\/100\n|-start|p1a: Chicken|Salt Cure\n|\n|-heal|p2a: Garganacl|73\/100|[from] item: Leftovers\n|-damage|p1a: Chicken|54\/100|[from] Salt Cure\n|upkeep\n|turn|12\n|\n|t:|1700182857\n|switch|p1a: Matcha|Sinistcha|100\/100\n|move|p2a: Garganacl|Recover|p2a: Garganacl\n|-heal|p2a: Garganacl|100\/100\n|\n|upkeep\n|turn|13\n|\n|t:|1700182878\n|switch|p2a: Gourgeist|Gourgeist-Super, F|100\/100\n|-item|p1a: Matcha|Leftovers|[from] ability: Frisk|[of] p2a: Gourgeist|[identify]\n|move|p1a: Matcha|Matcha Gotcha|p2a: Gourgeist\n|-resisted|p2a: Gourgeist\n|-damage|p2a: Gourgeist|81\/100\n|-status|p2a: Gourgeist|brn\n|\n|-damage|p2a: Gourgeist|75\/100 brn|[from] brn\n|upkeep\n|turn|14\n|\n|t:|1700182895\n|-terastallize|p1a: Matcha|Poison\n|move|p1a: Matcha|Shadow Ball|p2a: Gourgeist\n|-supereffective|p2a: Gourgeist\n|-damage|p2a: Gourgeist|0 fnt\n|faint|p2a: Gourgeist\n|\n|upkeep\n|\n|t:|1700182905\n|switch|p2a: Blaziken|Blaziken, F|100\/100\n|turn|15\n|\n|t:|1700182916\n|move|p2a: Blaziken|Flare Blitz|p1a: Matcha\n|-damage|p1a: Matcha|73\/100\n|-damage|p2a: Blaziken|90\/100|[from] Recoil\n|-damage|p2a: Blaziken|80\/100|[from] item: Life Orb\n|move|p1a: Matcha|Strength Sap|p2a: Blaziken\n|-unboost|p2a: Blaziken|atk|1\n|-heal|p1a: Matcha|100\/100\n|\n|-ability|p2a: Blaziken|Speed Boost|boost\n|-boost|p2a: Blaziken|spe|1\n|upkeep\n|turn|16\n|\n|t:|1700182930\n|move|p2a: Blaziken|Swords Dance|p2a: Blaziken\n|-boost|p2a: Blaziken|atk|2\n|move|p1a: Matcha|Strength Sap|p2a: Blaziken\n|-unboost|p2a: Blaziken|atk|1\n|\n|-ability|p2a: Blaziken|Speed Boost|boost\n|-boost|p2a: Blaziken|spe|1\n|upkeep\n|turn|17\n|\n|t:|1700182942\n|move|p2a: Blaziken|Flare Blitz|p1a: Matcha\n|-damage|p1a: Matcha|71\/100\n|-status|p1a: Matcha|brn\n|-damage|p2a: Blaziken|69\/100|[from] Recoil\n|-damage|p2a: Blaziken|59\/100|[from] item: Life Orb\n|move|p1a: Matcha|Strength Sap|p2a: Blaziken\n|-unboost|p2a: Blaziken|atk|1\n|-heal|p1a: Matcha|100\/100 brn\n|\n|-damage|p1a: Matcha|98\/100 brn|[from] brn\n|-ability|p2a: Blaziken|Speed Boost|boost\n|-boost|p2a: Blaziken|spe|1\n|upkeep\n|turn|18\n|\n|t:|1700182957\n|move|p2a: Blaziken|Swords Dance|p2a: Blaziken\n|-boost|p2a: Blaziken|atk|2\n|move|p1a: Matcha|Strength Sap|p2a: Blaziken\n|-unboost|p2a: Blaziken|atk|1\n|-heal|p1a: Matcha|100\/100 brn\n|\n|-damage|p1a: Matcha|98\/100 brn|[from] brn\n|-ability|p2a: Blaziken|Speed Boost|boost\n|-boost|p2a: Blaziken|spe|1\n|upkeep\n|turn|19\n|\n|t:|1700182980\n|move|p2a: Blaziken|Swords Dance|p2a: Blaziken\n|-boost|p2a: Blaziken|atk|2\n|move|p1a: Matcha|Calm Mind|p1a: Matcha\n|-boost|p1a: Matcha|spa|1\n|-boost|p1a: Matcha|spd|1\n|\n|-heal|p1a: Matcha|100\/100 brn|[from] item: Leftovers\n|-damage|p1a: Matcha|98\/100 brn|[from] brn\n|-ability|p2a: Blaziken|Speed Boost|boost\n|-boost|p2a: Blaziken|spe|1\n|upkeep\n|turn|20\n|\n|t:|1700182991\n|move|p2a: Blaziken|Flare Blitz|p1a: Matcha\n|-damage|p1a: Matcha|44\/100 brn\n|-damage|p2a: Blaziken|39\/100|[from] Recoil\n|-damage|p2a: Blaziken|29\/100|[from] item: Life Orb\n|move|p1a: Matcha|Strength Sap|p2a: Blaziken\n|-unboost|p2a: Blaziken|atk|1\n|-heal|p1a: Matcha|100\/100 brn\n|\n|-damage|p1a: Matcha|98\/100 brn|[from] brn\n|-ability|p2a: Blaziken|Speed Boost|boost\n|-boost|p2a: Blaziken|spe|1\n|upkeep\n|turn|21\n|\n|t:|1700183010\n|move|p2a: Blaziken|Swords Dance|p2a: Blaziken\n|-boost|p2a: Blaziken|atk|2\n|move|p1a: Matcha|Strength Sap|p2a: Blaziken\n|-unboost|p2a: Blaziken|atk|1\n|-heal|p1a: Matcha|100\/100 brn\n|\n|-damage|p1a: Matcha|98\/100 brn|[from] brn\n|upkeep\n|turn|22\n|\n|t:|1700183022\n|move|p2a: Blaziken|Swords Dance|p2a: Blaziken\n|-boost|p2a: Blaziken|atk|2\n|move|p1a: Matcha|Strength Sap|p2a: Blaziken\n|-unboost|p2a: Blaziken|atk|1\n|-heal|p1a: Matcha|100\/100 brn\n|\n|-damage|p1a: Matcha|98\/100 brn|[from] brn\n|upkeep\n|turn|23\n|\n|t:|1700183032\n|move|p2a: Blaziken|Swords Dance|p2a: Blaziken\n|-boost|p2a: Blaziken|atk|2\n|move|p1a: Matcha|Shadow Ball|p2a: Blaziken\n|-damage|p2a: Blaziken|0 fnt\n|faint|p2a: Blaziken\n|\n|-heal|p1a: Matcha|100\/100 brn|[from] item: Leftovers\n|-damage|p1a: Matcha|98\/100 brn|[from] brn\n|upkeep\n|\n|t:|1700183041\n|switch|p2a: Garganacl|Garganacl, F|100\/100\n|turn|24\n|\n|t:|1700183053\n|move|p1a: Matcha|Matcha Gotcha|p2a: Garganacl\n|-supereffective|p2a: Garganacl\n|-damage|p2a: Garganacl|32\/100\n|-heal|p1a: Matcha|100\/100 brn|[from] drain|[of] p2a: Garganacl\n|move|p2a: Garganacl|Salt Cure|p1a: Matcha\n|-damage|p1a: Matcha|89\/100 brn\n|-start|p1a: Matcha|Salt Cure\n|\n|-heal|p1a: Matcha|95\/100 brn|[from] item: Leftovers\n|-heal|p2a: Garganacl|38\/100|[from] item: Leftovers\n|-damage|p1a: Matcha|92\/100 brn|[from] brn\n|-damage|p1a: Matcha|80\/100 brn|[from] Salt Cure\n|upkeep\n|turn|25\n|\n|t:|1700183070\n|move|p1a: Matcha|Matcha Gotcha|p2a: Garganacl\n|-supereffective|p2a: Garganacl\n|-damage|p2a: Garganacl|0 fnt\n|-heal|p1a: Matcha|100\/100 brn|[from] drain|[of] p2a: Garganacl\n|faint|p2a: Garganacl\n|\n|win|Blocktoberfest\n","uploadtime":1700183087,"views":4,"p1id":"blocktoberfest","p2id":"kam346","formatid":"gen9nationaldex","rating":0,"private":0,"password":""}