{"id":"gen9nationaldex-1994484299","p1":"Eirg","p2":"BigG5","format":"[Gen 9] National Dex","log":"|j|\u2606Eirg\n|j|\u2606BigG5\n|t:|1700449300\n|gametype|singles\n|player|p1|Eirg|winona|1663\n|player|p2|BigG5|169|1614\n|teamsize|p1|6\n|teamsize|p2|6\n|gen|9\n|tier|[Gen 9] National Dex\n|rated|\n|rule|HP Percentage Mod: HP is shown in percentages\n|rule|Endless Battle Clause: Forcing endless battles is banned\n|rule|OHKO Clause: OHKO moves are banned\n|rule|Evasion Clause: Evasion abilities, items, and moves are banned\n|rule|Evasion Abilities Clause: Evasion abilities are banned\n|rule|Evasion Items Clause: Evasion items are banned\n|rule|Evasion Moves Clause: Evasion moves are banned\n|rule|Species Clause: Limit one of each Pok\u00e9mon\n|rule|Sleep Clause Mod: Limit one foe put to sleep\n|clearpoke\n|poke|p1|Pelipper, M|\n|poke|p1|Ferrothorn, M|\n|poke|p1|Basculegion-F, F|\n|poke|p1|Swampert, F|\n|poke|p1|Zapdos|\n|poke|p1|Ogerpon, F|\n|poke|p2|Tyranitar, M|\n|poke|p2|Lopunny, M|\n|poke|p2|Alomomola, M|\n|poke|p2|Landorus-Therian, M|\n|poke|p2|Dracozolt|\n|poke|p2|Tapu Lele|\n|teampreview\n|inactive|Battle timer is ON: inactive players will automatically lose when time's up. (requested by Eirg)\n|\n|t:|1700449311\n|start\n|switch|p1a: Ogerpon|Ogerpon, F|100\/100\n|switch|p2a: Tapu Lele|Tapu Lele|100\/100\n|-fieldstart|move: Psychic Terrain|[from] ability: Psychic Surge|[of] p2a: Tapu Lele\n|turn|1\n|\n|t:|1700449319\n|-terastallize|p1a: Ogerpon|Grass\n|detailschange|p1a: Ogerpon|Ogerpon-Teal-Tera, F, tera:Grass\n|-ability|p1a: Ogerpon|Embody Aspect (Teal)|boost\n|-boost|p1a: Ogerpon|spe|1\n|-terastallize|p2a: Tapu Lele|Psychic\n|move|p1a: Ogerpon|Ivy Cudgel|p2a: Tapu Lele\n|-damage|p2a: Tapu Lele|0 fnt\n|faint|p2a: Tapu Lele\n|\n|upkeep\n|\n|t:|1700449329\n|switch|p2a: Landorus|Landorus-Therian, M|100\/100\n|-ability|p2a: Landorus|Intimidate|boost\n|-unboost|p1a: Ogerpon|atk|1\n|turn|2\n|\n|t:|1700449337\n|switch|p1a: Pelipper|Pelipper, M|100\/100\n|-weather|RainDance|[from] ability: Drizzle|[of] p1a: Pelipper\n|move|p2a: Landorus|Stealth Rock|p1a: Pelipper\n|-sidestart|p1: Eirg|move: Stealth Rock\n|\n|-weather|RainDance|[upkeep]\n|upkeep\n|turn|3\n|\n|t:|1700449346\n|switch|p2a: Tyranitar|Tyranitar, M, shiny|100\/100\n|-weather|Sandstorm|[from] ability: Sand Stream|[of] p2a: Tyranitar\n|move|p1a: Pelipper|U-turn|p2a: Tyranitar\n|-supereffective|p2a: Tyranitar\n|-damage|p2a: Tyranitar|85\/100\n|\n|t:|1700449353\n|switch|p1a: Swampert|Swampert, F|100\/100|[from] U-turn\n|-damage|p1a: Swampert|94\/100|[from] Stealth Rock\n|\n|-weather|Sandstorm|[upkeep]\n|upkeep\n|turn|4\n|\n|t:|1700449363\n|switch|p2a: Alomomola|Alomomola, M|100\/100\n|detailschange|p1a: Swampert|Swampert-Mega, F\n|-mega|p1a: Swampert|Swampert|Swampertite\n|move|p1a: Swampert|Liquidation|p2a: Alomomola\n|-resisted|p2a: Alomomola\n|-damage|p2a: Alomomola|87\/100\n|-unboost|p2a: Alomomola|def|1\n|\n|-weather|Sandstorm|[upkeep]\n|-damage|p2a: Alomomola|80\/100|[from] Sandstorm\n|upkeep\n|turn|5\n|\n|t:|1700449373\n|switch|p1a: Zapdos|Zapdos|100\/100\n|move|p2a: Alomomola|Flip Turn|p1a: Zapdos\n|-damage|p1a: Zapdos|87\/100\n|\n|t:|1700449381\n|switch|p2a: Tyranitar|Tyranitar, M, shiny|85\/100|[from] Flip Turn\n|\n|-weather|Sandstorm|[upkeep]\n|-damage|p1a: Zapdos|80\/100|[from] Sandstorm\n|-fieldend|move: Psychic Terrain\n|upkeep\n|turn|6\n|\n|t:|1700449396\n|move|p1a: Zapdos|Defog|p2a: Tyranitar\n|-unboost|p2a: Tyranitar|evasion|1\n|-sideend|p1: Eirg|Stealth Rock|[from] move: Defog|[of] p1a: Zapdos\n|move|p2a: Tyranitar|Fire Blast|p1a: Zapdos\n|-damage|p1a: Zapdos|55\/100\n|\n|-weather|Sandstorm|[upkeep]\n|-damage|p1a: Zapdos|49\/100|[from] Sandstorm\n|upkeep\n|turn|7\n|\n|t:|1700449406\n|switch|p2a: Landorus|Landorus-Therian, M|100\/100\n|-ability|p2a: Landorus|Intimidate|boost\n|-unboost|p1a: Zapdos|atk|1\n|move|p1a: Zapdos|Roost|p1a: Zapdos\n|-heal|p1a: Zapdos|99\/100\n|-singleturn|p1a: Zapdos|move: Roost\n|\n|-weather|none\n|upkeep\n|turn|8\n|\n|t:|1700449414\n|move|p1a: Zapdos|Hurricane|p2a: Landorus\n|-damage|p2a: Landorus|48\/100\n|move|p2a: Landorus|Stealth Rock|p1a: Zapdos\n|-sidestart|p1: Eirg|move: Stealth Rock\n|\n|upkeep\n|turn|9\n|\n|t:|1700449420\n|switch|p2a: Tyranitar|Tyranitar, M, shiny|85\/100\n|-weather|Sandstorm|[from] ability: Sand Stream|[of] p2a: Tyranitar\n|move|p1a: Zapdos|Defog|p2a: Tyranitar\n|-unboost|p2a: Tyranitar|evasion|1\n|-sideend|p1: Eirg|Stealth Rock|[from] move: Defog|[of] p1a: Zapdos\n|\n|-weather|Sandstorm|[upkeep]\n|-damage|p1a: Zapdos|93\/100|[from] Sandstorm\n|upkeep\n|turn|10\n|\n|t:|1700449434\n|switch|p1a: Swampert|Swampert-Mega, F|94\/100\n|move|p2a: Tyranitar|Knock Off|p1a: Swampert\n|-damage|p1a: Swampert|61\/100\n|\n|-weather|Sandstorm|[upkeep]\n|upkeep\n|turn|11\n|\n|t:|1700449441\n|switch|p2a: Alomomola|Alomomola, M|100\/100\n|move|p1a: Swampert|Liquidation|p2a: Alomomola\n|-resisted|p2a: Alomomola\n|-damage|p2a: Alomomola|85\/100\n|-unboost|p2a: Alomomola|def|1\n|\n|-weather|Sandstorm|[upkeep]\n|-damage|p2a: Alomomola|79\/100|[from] Sandstorm\n|upkeep\n|turn|12\n|\n|t:|1700449450\n|move|p1a: Swampert|Earthquake|p2a: Alomomola\n|-damage|p2a: Alomomola|29\/100\n|move|p2a: Alomomola|Flip Turn|p1a: Swampert\n|-damage|p1a: Swampert|47\/100\n|\n|t:|1700449455\n|switch|p2a: Lopunny|Lopunny, M|100\/100|[from] Flip Turn\n|\n|-weather|Sandstorm|[upkeep]\n|-damage|p2a: Lopunny|95\/100|[from] Sandstorm\n|upkeep\n|turn|13\n|\n|t:|1700449463\n|switch|p1a: Pelipper|Pelipper, M|100\/100\n|-weather|RainDance|[from] ability: Drizzle|[of] p1a: Pelipper\n|move|p2a: Lopunny|U-turn|p1a: Pelipper\n|-resisted|p1a: Pelipper\n|-crit|p1a: Pelipper\n|-damage|p1a: Pelipper|89\/100\n|\n|t:|1700449469\n|switch|p2a: Tyranitar|Tyranitar, M, shiny|85\/100|[from] U-turn\n|-weather|Sandstorm|[from] ability: Sand Stream|[of] p2a: Tyranitar\n|\n|-weather|Sandstorm|[upkeep]\n|-damage|p1a: Pelipper|83\/100|[from] Sandstorm\n|upkeep\n|turn|14\n|\n|t:|1700449478\n|switch|p2a: Alomomola|Alomomola, M|62\/100\n|move|p1a: Pelipper|U-turn|p2a: Alomomola\n|-damage|p2a: Alomomola|57\/100\n|\n|t:|1700449480\n|switch|p1a: Ogerpon|Ogerpon-Teal-Tera, F, tera:Grass|100\/100|[from] U-turn\n|-ability|p1a: Ogerpon|Embody Aspect (Teal)|boost\n|-boost|p1a: Ogerpon|spe|1\n|\n|-weather|Sandstorm|[upkeep]\n|-damage|p1a: Ogerpon|95\/100|[from] Sandstorm\n|-damage|p2a: Alomomola|51\/100|[from] Sandstorm\n|upkeep\n|turn|15\n|\n|t:|1700449491\n|switch|p2a: Landorus|Landorus-Therian, M|48\/100\n|-ability|p2a: Landorus|Intimidate|boost\n|-unboost|p1a: Ogerpon|atk|1\n|move|p1a: Ogerpon|Knock Off|p2a: Landorus\n|-damage|p2a: Landorus|27\/100\n|-damage|p1a: Ogerpon|78\/100|[from] item: Rocky Helmet|[of] p2a: Landorus\n|-enditem|p2a: Landorus|Rocky Helmet|[from] move: Knock Off|[of] p1a: Ogerpon\n|\n|-weather|Sandstorm|[upkeep]\n|-damage|p1a: Ogerpon|72\/100|[from] Sandstorm\n|upkeep\n|turn|16\n|\n|t:|1700449501\n|switch|p1a: Zapdos|Zapdos|93\/100\n|move|p2a: Landorus|U-turn|p1a: Zapdos\n|-resisted|p1a: Zapdos\n|-damage|p1a: Zapdos|84\/100\n|\n|t:|1700449506\n|switch|p2a: Tyranitar|Tyranitar, M, shiny|85\/100|[from] U-turn\n|\n|-weather|Sandstorm|[upkeep]\n|-damage|p1a: Zapdos|78\/100|[from] Sandstorm\n|upkeep\n|turn|17\n|\n|t:|1700449529\n|switch|p1a: Pelipper|Pelipper, M|83\/100\n|-weather|RainDance|[from] ability: Drizzle|[of] p1a: Pelipper\n|move|p2a: Tyranitar|Knock Off|p1a: Pelipper\n|-damage|p1a: Pelipper|42\/100\n|-enditem|p1a: Pelipper|Heavy-Duty Boots|[from] move: Knock Off|[of] p2a: Tyranitar\n|\n|-weather|RainDance|[upkeep]\n|upkeep\n|turn|18\n|\n|t:|1700449540\n|switch|p2a: Alomomola|Alomomola, M|84\/100\n|move|p1a: Pelipper|Roost|p1a: Pelipper\n|-heal|p1a: Pelipper|92\/100\n|-singleturn|p1a: Pelipper|move: Roost\n|\n|-weather|RainDance|[upkeep]\n|upkeep\n|turn|19\n|\n|t:|1700449550\n|move|p1a: Pelipper|Hurricane|p2a: Alomomola\n|-damage|p2a: Alomomola|50\/100\n|move|p2a: Alomomola|Wish|p2a: Alomomola\n|\n|-weather|RainDance|[upkeep]\n|upkeep\n|turn|20\n|\n|t:|1700449556\n|move|p1a: Pelipper|U-turn|p2a: Alomomola\n|-damage|p2a: Alomomola|45\/100\n|\n|t:|1700449559\n|switch|p1a: Ogerpon|Ogerpon-Teal-Tera, F, tera:Grass|72\/100|[from] U-turn\n|-ability|p1a: Ogerpon|Embody Aspect (Teal)|boost\n|-boost|p1a: Ogerpon|spe|1\n|move|p2a: Alomomola|Toxic|p1a: Ogerpon\n|-status|p1a: Ogerpon|tox\n|\n|-weather|RainDance|[upkeep]\n|-heal|p2a: Alomomola|95\/100|[from] move: Wish|[wisher] Alomomola\n|-damage|p1a: Ogerpon|66\/100 tox|[from] psn\n|upkeep\n|turn|21\n|\n|t:|1700449570\n|move|p2a: Alomomola|Protect|p2a: Alomomola\n|-singleturn|p2a: Alomomola|Protect\n|move|p1a: Ogerpon|Ivy Cudgel|p2a: Alomomola\n|-activate|p2a: Alomomola|move: Protect\n|\n|-weather|none\n|-damage|p1a: Ogerpon|54\/100 tox|[from] psn\n|upkeep\n|turn|22\n|\n|t:|1700449578\n|switch|p2a: Landorus|Landorus-Therian, M|27\/100\n|-ability|p2a: Landorus|Intimidate|boost\n|-unboost|p1a: Ogerpon|atk|1\n|move|p1a: Ogerpon|Ivy Cudgel|p2a: Landorus\n|-damage|p2a: Landorus|0 fnt\n|faint|p2a: Landorus\n|\n|-damage|p1a: Ogerpon|36\/100 tox|[from] psn\n|upkeep\n|\n|t:|1700449591\n|switch|p2a: Lopunny|Lopunny, M|95\/100\n|turn|23\n|\n|t:|1700449601\n|switch|p1a: Zapdos|Zapdos|78\/100\n|move|p2a: Lopunny|Fake Out|p1a: Zapdos\n|-damage|p1a: Zapdos|64\/100\n|\n|upkeep\n|turn|24\n|\n|t:|1700449617\n|move|p2a: Lopunny|U-turn|p1a: Zapdos\n|-resisted|p1a: Zapdos\n|-damage|p1a: Zapdos|58\/100\n|\n|t:|1700449619\n|switch|p2a: Tyranitar|Tyranitar, M, shiny|85\/100|[from] U-turn\n|-weather|Sandstorm|[from] ability: Sand Stream|[of] p2a: Tyranitar\n|move|p1a: Zapdos|Roost|p1a: Zapdos\n|-heal|p1a: Zapdos|100\/100\n|-singleturn|p1a: Zapdos|move: Roost\n|\n|-weather|Sandstorm|[upkeep]\n|-damage|p1a: Zapdos|94\/100|[from] Sandstorm\n|upkeep\n|turn|25\n|\n|t:|1700449632\n|move|p1a: Zapdos|Discharge|p2a: Tyranitar\n|-damage|p2a: Tyranitar|71\/100\n|move|p2a: Tyranitar|Stone Edge|p1a: Zapdos\n|-supereffective|p1a: Zapdos\n|-crit|p1a: Zapdos\n|-damage|p1a: Zapdos|0 fnt\n|faint|p1a: Zapdos\n|\n|-weather|Sandstorm|[upkeep]\n|upkeep\n|\n|t:|1700449638\n|switch|p1a: Pelipper|Pelipper, M|92\/100\n|-weather|RainDance|[from] ability: Drizzle|[of] p1a: Pelipper\n|turn|26\n|\n|t:|1700449643\n|switch|p2a: Alomomola|Alomomola, M|100\/100\n|move|p1a: Pelipper|U-turn|p2a: Alomomola\n|-damage|p2a: Alomomola|95\/100\n|\n|t:|1700449646\n|switch|p1a: Basculegion|Basculegion-F, F|100\/100|[from] U-turn\n|\n|-weather|RainDance|[upkeep]\n|upkeep\n|turn|27\n|\n|t:|1700449657\n|move|p1a: Basculegion|Shadow Ball|p2a: Alomomola\n|-damage|p2a: Alomomola|52\/100\n|move|p2a: Alomomola|Toxic|p1a: Basculegion\n|-status|p1a: Basculegion|tox\n|\n|-weather|RainDance|[upkeep]\n|-damage|p1a: Basculegion|94\/100 tox|[from] psn\n|upkeep\n|turn|28\n|\n|t:|1700449678\n|switch|p1a: Ferrothorn|Ferrothorn, M|100\/100\n|move|p2a: Alomomola|Wish|p2a: Alomomola\n|\n|-weather|RainDance|[upkeep]\n|upkeep\n|turn|29\n|\n|t:|1700449690\n|move|p2a: Alomomola|Flip Turn|p1a: Ferrothorn\n|-resisted|p1a: Ferrothorn\n|-damage|p1a: Ferrothorn|92\/100\n|-damage|p2a: Alomomola|39\/100|[from] ability: Iron Barbs|[of] p1a: Ferrothorn\n|\n|t:|1700449694\n|switch|p2a: Tyranitar|Tyranitar, M, shiny|71\/100|[from] Flip Turn\n|-weather|Sandstorm|[from] ability: Sand Stream|[of] p2a: Tyranitar\n|move|p1a: Ferrothorn|Knock Off|p2a: Tyranitar\n|-resisted|p2a: Tyranitar\n|-damage|p2a: Tyranitar|61\/100\n|-enditem|p2a: Tyranitar|Assault Vest|[from] move: Knock Off|[of] p1a: Ferrothorn\n|\n|-weather|Sandstorm|[upkeep]\n|-heal|p2a: Tyranitar|100\/100|[from] move: Wish|[wisher] Alomomola\n|-heal|p1a: Ferrothorn|98\/100|[from] item: Leftovers\n|upkeep\n|turn|30\n|\n|t:|1700449706\n|switch|p1a: Pelipper|Pelipper, M|92\/100\n|-weather|RainDance|[from] ability: Drizzle|[of] p1a: Pelipper\n|move|p2a: Tyranitar|Fire Blast|p1a: Pelipper\n|-resisted|p1a: Pelipper\n|-damage|p1a: Pelipper|84\/100\n|\n|-weather|RainDance|[upkeep]\n|upkeep\n|turn|31\n|\n|t:|1700449715\n|switch|p2a: Alomomola|Alomomola, M|73\/100\n|move|p1a: Pelipper|Weather Ball|p2a: Alomomola\n|-resisted|p2a: Alomomola\n|-damage|p2a: Alomomola|50\/100\n|\n|-weather|RainDance|[upkeep]\n|upkeep\n|turn|32\n|\n|t:|1700449724\n|move|p1a: Pelipper|Hurricane|p2a: Alomomola\n|-damage|p2a: Alomomola|16\/100\n|move|p2a: Alomomola|Wish|p2a: Alomomola\n|\n|-weather|RainDance|[upkeep]\n|upkeep\n|turn|33\n|\n|t:|1700449732\n|switch|p1a: Swampert|Swampert-Mega, F|47\/100\n|move|p2a: Alomomola|Protect||[still]\n|-fail|p2a: Alomomola\n|\n|-weather|RainDance|[upkeep]\n|-heal|p2a: Alomomola|66\/100|[from] move: Wish|[wisher] Alomomola\n|upkeep\n|turn|34\n|\n|t:|1700449744\n|switch|p1a: Ferrothorn|Ferrothorn, M|98\/100\n|move|p2a: Alomomola|Toxic|p1a: Ferrothorn\n|-immune|p1a: Ferrothorn\n|\n|-weather|none\n|-heal|p1a: Ferrothorn|100\/100|[from] item: Leftovers\n|upkeep\n|turn|35\n|\n|t:|1700449755\n|move|p2a: Alomomola|Wish|p2a: Alomomola\n|move|p1a: Ferrothorn|Stealth Rock|p2a: Alomomola\n|-sidestart|p2: BigG5|move: Stealth Rock\n|\n|upkeep\n|turn|36\n|\n|t:|1700449769\n|move|p2a: Alomomola|Flip Turn|p1a: Ferrothorn\n|-resisted|p1a: Ferrothorn\n|-damage|p1a: Ferrothorn|95\/100\n|-damage|p2a: Alomomola|54\/100|[from] ability: Iron Barbs|[of] p1a: Ferrothorn\n|\n|t:|1700449775\n|switch|p2a: Lopunny|Lopunny, M|95\/100|[from] Flip Turn\n|-damage|p2a: Lopunny|82\/100|[from] Stealth Rock\n|move|p1a: Ferrothorn|Thunder Wave|p2a: Lopunny\n|-immune|p2a: Lopunny|[from] ability: Limber\n|\n|-heal|p2a: Lopunny|100\/100|[from] move: Wish|[wisher] Alomomola\n|-heal|p1a: Ferrothorn|100\/100|[from] item: Leftovers\n|upkeep\n|turn|37\n|\n|t:|1700449789\n|move|p2a: Lopunny|Close Combat|p1a: Ferrothorn\n|-supereffective|p1a: Ferrothorn\n|-damage|p1a: Ferrothorn|65\/100\n|-unboost|p2a: Lopunny|def|1\n|-unboost|p2a: Lopunny|spd|1\n|-damage|p2a: Lopunny|88\/100|[from] ability: Iron Barbs|[of] p1a: Ferrothorn\n|move|p1a: Ferrothorn|Thunder Wave|p2a: Lopunny\n|-immune|p2a: Lopunny|[from] ability: Limber\n|\n|-heal|p1a: Ferrothorn|71\/100|[from] item: Leftovers\n|upkeep\n|turn|38\n|\n|t:|1700449807\n|detailschange|p2a: Lopunny|Lopunny-Mega, M\n|-mega|p2a: Lopunny|Lopunny|Lopunnite\n|move|p2a: Lopunny|Close Combat|p1a: Ferrothorn\n|-supereffective|p1a: Ferrothorn\n|-damage|p1a: Ferrothorn|0 fnt\n|-unboost|p2a: Lopunny|def|1\n|-unboost|p2a: Lopunny|spd|1\n|-damage|p2a: Lopunny|76\/100|[from] ability: Iron Barbs|[of] p1a: Ferrothorn\n|faint|p1a: Ferrothorn\n|\n|upkeep\n|\n|t:|1700449814\n|switch|p1a: Ogerpon|Ogerpon-Teal-Tera, F, tera:Grass|36\/100 tox\n|-ability|p1a: Ogerpon|Embody Aspect (Teal)|boost\n|-boost|p1a: Ogerpon|spe|1\n|turn|39\n|\n|t:|1700449820\n|switch|p2a: Dracozolt|Dracozolt, shiny|100\/100\n|-damage|p2a: Dracozolt|88\/100|[from] Stealth Rock\n|move|p1a: Ogerpon|Ivy Cudgel|p2a: Dracozolt\n|-resisted|p2a: Dracozolt\n|-damage|p2a: Dracozolt|27\/100\n|\n|-damage|p1a: Ogerpon|30\/100 tox|[from] psn\n|upkeep\n|turn|40\n|\n|t:|1700449831\n|move|p1a: Ogerpon|Ivy Cudgel|p2a: Dracozolt\n|-resisted|p2a: Dracozolt\n|-damage|p2a: Dracozolt|0 fnt\n|faint|p2a: Dracozolt\n|\n|-damage|p1a: Ogerpon|18\/100 tox|[from] psn\n|upkeep\n|\n|t:|1700449842\n|switch|p2a: Lopunny|Lopunny-Mega, M|76\/100\n|-damage|p2a: Lopunny|70\/100|[from] Stealth Rock\n|turn|41\n|\n|t:|1700449847\n|switch|p1a: Pelipper|Pelipper, M|84\/100\n|-weather|RainDance|[from] ability: Drizzle|[of] p1a: Pelipper\n|move|p2a: Lopunny|Fake Out|p1a: Pelipper\n|-damage|p1a: Pelipper|66\/100\n|\n|-weather|RainDance|[upkeep]\n|upkeep\n|turn|42\n|\n|t:|1700449854\n|switch|p2a: Alomomola|Alomomola, M|87\/100\n|move|p1a: Pelipper|Roost|p1a: Pelipper\n|-heal|p1a: Pelipper|100\/100\n|-singleturn|p1a: Pelipper|move: Roost\n|\n|-weather|RainDance|[upkeep]\n|upkeep\n|turn|43\n|\n|t:|1700449862\n|move|p1a: Pelipper|U-turn|p2a: Alomomola\n|-damage|p2a: Alomomola|82\/100\n|\n|t:|1700449865\n|switch|p1a: Basculegion|Basculegion-F, F|94\/100 tox|[from] U-turn\n|move|p2a: Alomomola|Wish|p2a: Alomomola\n|\n|-weather|RainDance|[upkeep]\n|-damage|p1a: Basculegion|88\/100 tox|[from] psn\n|upkeep\n|turn|44\n|\n|t:|1700449891\n|move|p1a: Basculegion|Surf|p2a: Alomomola\n|-resisted|p2a: Alomomola\n|-damage|p2a: Alomomola|46\/100\n|move|p2a: Alomomola|Flip Turn|p1a: Basculegion\n|-resisted|p1a: Basculegion\n|-damage|p1a: Basculegion|73\/100 tox\n|\n|t:|1700449899\n|switch|p2a: Lopunny|Lopunny-Mega, M|70\/100|[from] Flip Turn\n|-damage|p2a: Lopunny|64\/100|[from] Stealth Rock\n|\n|-weather|RainDance|[upkeep]\n|-heal|p2a: Lopunny|100\/100|[from] move: Wish|[wisher] Alomomola\n|-damage|p1a: Basculegion|61\/100 tox|[from] psn\n|upkeep\n|turn|45\n|\n|t:|1700449907\n|move|p2a: Lopunny|Fake Out|p1a: Basculegion\n|-damage|p1a: Basculegion|33\/100 tox\n|cant|p1a: Basculegion|flinch\n|\n|-weather|none\n|-damage|p1a: Basculegion|15\/100 tox|[from] psn\n|upkeep\n|turn|46\n|\n|t:|1700449914\n|switch|p2a: Alomomola|Alomomola, M|79\/100\n|move|p1a: Basculegion|Surf|p2a: Alomomola\n|-resisted|p2a: Alomomola\n|-damage|p2a: Alomomola|57\/100\n|\n|-damage|p1a: Basculegion|0 fnt|[from] psn\n|faint|p1a: Basculegion\n|upkeep\n|\n|t:|1700449917\n|switch|p1a: Ogerpon|Ogerpon-Teal-Tera, F, tera:Grass|18\/100 tox\n|-ability|p1a: Ogerpon|Embody Aspect (Teal)|boost\n|-boost|p1a: Ogerpon|spe|1\n|turn|47\n|\n|t:|1700449930\n|move|p2a: Alomomola|Protect|p2a: Alomomola\n|-singleturn|p2a: Alomomola|Protect\n|move|p1a: Ogerpon|Ivy Cudgel|p2a: Alomomola\n|-activate|p2a: Alomomola|move: Protect\n|\n|-damage|p1a: Ogerpon|12\/100 tox|[from] psn\n|upkeep\n|turn|48\n|inactive|BigG5 has 120 seconds left.\n|\n|t:|1700449978\n|switch|p2a: Tyranitar|Tyranitar, M, shiny|100\/100\n|-damage|p2a: Tyranitar|88\/100|[from] Stealth Rock\n|-weather|Sandstorm|[from] ability: Sand Stream|[of] p2a: Tyranitar\n|move|p1a: Ogerpon|Ivy Cudgel|p2a: Tyranitar\n|-supereffective|p2a: Tyranitar\n|-damage|p2a: Tyranitar|0 fnt\n|faint|p2a: Tyranitar\n|\n|-weather|Sandstorm|[upkeep]\n|-damage|p1a: Ogerpon|6\/100 tox|[from] Sandstorm\n|-damage|p1a: Ogerpon|0 fnt|[from] psn\n|faint|p1a: Ogerpon\n|upkeep\n|\n|t:|1700449997\n|switch|p1a: Swampert|Swampert-Mega, F|47\/100\n|switch|p2a: Alomomola|Alomomola, M|91\/100\n|turn|49\n|\n|t:|1700450001\n|move|p1a: Swampert|Power-Up Punch|p2a: Alomomola\n|-damage|p2a: Alomomola|80\/100\n|-boost|p1a: Swampert|atk|1\n|move|p2a: Alomomola|Toxic|p1a: Swampert\n|-status|p1a: Swampert|tox\n|\n|-weather|Sandstorm|[upkeep]\n|-damage|p2a: Alomomola|74\/100|[from] Sandstorm\n|-damage|p1a: Swampert|41\/100 tox|[from] psn\n|upkeep\n|turn|50\n|\n|t:|1700450011\n|move|p1a: Swampert|Power-Up Punch|p2a: Alomomola\n|-damage|p2a: Alomomola|61\/100\n|-boost|p1a: Swampert|atk|1\n|move|p2a: Alomomola|Wish|p2a: Alomomola\n|\n|-weather|Sandstorm|[upkeep]\n|-damage|p2a: Alomomola|55\/100|[from] Sandstorm\n|-damage|p1a: Swampert|28\/100 tox|[from] psn\n|upkeep\n|turn|51\n|inactive|BigG5 has 120 seconds left.\n|\n|t:|1700450022\n|move|p2a: Alomomola|Protect|p2a: Alomomola\n|-singleturn|p2a: Alomomola|Protect\n|move|p1a: Swampert|Earthquake|p2a: Alomomola\n|-activate|p2a: Alomomola|move: Protect\n|\n|-weather|Sandstorm|[upkeep]\n|-damage|p2a: Alomomola|49\/100|[from] Sandstorm\n|-heal|p2a: Alomomola|99\/100|[from] move: Wish|[wisher] Alomomola\n|-damage|p1a: Swampert|10\/100 tox|[from] psn\n|upkeep\n|turn|52\n|inactive|BigG5 has 120 seconds left.\n|\n|t:|1700450035\n|move|p1a: Swampert|Earthquake|p2a: Alomomola\n|-crit|p2a: Alomomola\n|-damage|p2a: Alomomola|0 fnt\n|faint|p2a: Alomomola\n|\n|-weather|none\n|-damage|p1a: Swampert|0 fnt|[from] psn\n|faint|p1a: Swampert\n|upkeep\n|inactive|BigG5 has 120 seconds left.\n|\n|t:|1700450049\n|switch|p1a: Pelipper|Pelipper, M|100\/100\n|switch|p2a: Lopunny|Lopunny-Mega, M|100\/100\n|-damage|p2a: Lopunny|95\/100|[from] Stealth Rock\n|-weather|RainDance|[from] ability: Drizzle|[of] p1a: Pelipper\n|turn|53\n|inactive|BigG5 has 120 seconds left.\n|\n|t:|1700450064\n|move|p2a: Lopunny|Fake Out|p1a: Pelipper\n|-damage|p1a: Pelipper|82\/100\n|cant|p1a: Pelipper|flinch\n|\n|-weather|RainDance|[upkeep]\n|upkeep\n|turn|54\n|\n|t:|1700450071\n|move|p2a: Lopunny|Frustration|p1a: Pelipper\n|-damage|p1a: Pelipper|35\/100\n|move|p1a: Pelipper|Hurricane|p2a: Lopunny\n|-supereffective|p2a: Lopunny\n|-damage|p2a: Lopunny|8\/100\n|-start|p2a: Lopunny|confusion\n|\n|-weather|RainDance|[upkeep]\n|upkeep\n|turn|55\n|\n|t:|1700450078\n|-activate|p2a: Lopunny|confusion\n|-damage|p2a: Lopunny|0 fnt|[from] confusion\n|faint|p2a: Lopunny\n|\n|win|Eirg\n|raw|Eirg's rating: 1663 &rarr; <strong>1680<\/strong><br \/>(+17 for winning)\n|raw|BigG5's rating: 1614 &rarr; <strong>1597<\/strong><br \/>(-17 for losing)\n|c|\u2606BigG5|lucky you\n|c|\u2606Eirg|Yea\n|l|\u2606Eirg\n","uploadtime":1700450103,"views":7,"p1id":"eirg","p2id":"bigg5","formatid":"gen9nationaldex","rating":1597,"private":0,"password":""}