{"id":"gen9nationaldex-1992605266","p1":"KarmaNightraide","p2":"TheMushroomFolk","format":"[Gen 9] National Dex","log":"|j|\u2606KarmaNightraide\n|j|\u2606TheMushroomFolk\n|t:|1700213503\n|gametype|singles\n|player|p1|KarmaNightraide|unknown|1186\n|player|p2|TheMushroomFolk|102|1104\n|teamsize|p1|6\n|teamsize|p2|6\n|gen|9\n|tier|[Gen 9] National Dex\n|rated|\n|rule|HP Percentage Mod: HP is shown in percentages\n|rule|Endless Battle Clause: Forcing endless battles is banned\n|rule|OHKO Clause: OHKO moves are banned\n|rule|Evasion Clause: Evasion abilities, items, and moves are banned\n|rule|Evasion Abilities Clause: Evasion abilities are banned\n|rule|Evasion Items Clause: Evasion items are banned\n|rule|Evasion Moves Clause: Evasion moves are banned\n|rule|Species Clause: Limit one of each Pok\u00e9mon\n|rule|Sleep Clause Mod: Limit one foe put to sleep\n|clearpoke\n|poke|p1|Basculegion-F, F|\n|poke|p1|Mimikyu, M|\n|poke|p1|Banette, F|\n|poke|p1|Polteageist-Antique|\n|poke|p1|Dhelmise|\n|poke|p1|Skeledirge, M|\n|poke|p2|Conkeldurr, M|\n|poke|p2|Stakataka|\n|poke|p2|Amoonguss, M|\n|poke|p2|Sharpedo, F|\n|poke|p2|Ribombee, F|\n|poke|p2|Xatu, F|\n|teampreview\n|inactive|Battle timer is ON: inactive players will automatically lose when time's up. (requested by TheMushroomFolk)\n|\n|t:|1700213519\n|start\n|switch|p1a: Go to sleep...|Banette, F|100\/100\n|switch|p2a: Stakataka|Stakataka|100\/100\n|turn|1\n|\n|t:|1700213528\n|detailschange|p1a: Go to sleep...|Banette-Mega, F\n|-mega|p1a: Go to sleep...|Banette|Banettite\n|move|p1a: Go to sleep...|Taunt|p2a: Stakataka\n|-start|p2a: Stakataka|move: Taunt\n|cant|p2a: Stakataka|move: Taunt|Stealth Rock\n|\n|upkeep\n|turn|2\n|\n|t:|1700213552\n|switch|p1a: Lil guy my man|Mimikyu, M|100\/100\n|move|p2a: Stakataka|Gyro Ball|p1a: Lil guy my man\n|-activate|p1a: Lil guy my man|ability: Disguise\n|-damage|p1a: Lil guy my man|100\/100\n|detailschange|p1a: Lil guy my man|Mimikyu-Busted, M\n|-damage|p1a: Lil guy my man|88\/100|[from] pokemon: Mimikyu-Busted\n|\n|upkeep\n|turn|3\n|\n|t:|1700213569\n|move|p1a: Lil guy my man|Drain Punch|p2a: Stakataka\n|-supereffective|p2a: Stakataka\n|-damage|p2a: Stakataka|58\/100\n|-heal|p1a: Lil guy my man|100\/100|[from] drain|[of] p2a: Stakataka\n|-damage|p1a: Lil guy my man|84\/100|[from] item: Rocky Helmet|[of] p2a: Stakataka\n|move|p2a: Stakataka|Gyro Ball|p1a: Lil guy my man\n|-supereffective|p1a: Lil guy my man\n|-damage|p1a: Lil guy my man|0 fnt\n|faint|p1a: Lil guy my man\n|-ability|p2a: Stakataka|Beast Boost|boost\n|-boost|p2a: Stakataka|def|1\n|\n|-end|p2a: Stakataka|move: Taunt\n|upkeep\n|inactive|KarmaNightraide has 120 seconds left.\n|\n|t:|1700213582\n|switch|p1a: Dundy|Skeledirge, M|100\/100\n|turn|4\n|inactive|KarmaNightraide has 120 seconds left.\n|\n|t:|1700213596\n|move|p1a: Dundy|Earth Power|p2a: Stakataka\n|-supereffective|p2a: Stakataka\n|-damage|p2a: Stakataka|0 fnt\n|faint|p2a: Stakataka\n|\n|upkeep\n|c|\u2606KarmaNightraide|Man I'm dumb\n|\n|t:|1700213606\n|switch|p2a: Sharpedo|Sharpedo, F|100\/100\n|turn|5\n|c|\u2606KarmaNightraide|Shouldn't have sacrificed Mimikyu\n|c|\u2606KarmaNightraide|Ugh\n|inactive|KarmaNightraide has 120 seconds left.\n|\n|t:|1700213635\n|-terastallize|p1a: Dundy|Fire\n|move|p2a: Sharpedo|Protect|p2a: Sharpedo\n|-singleturn|p2a: Sharpedo|Protect\n|move|p1a: Dundy|Will-O-Wisp|p2a: Sharpedo\n|-activate|p2a: Sharpedo|move: Protect\n|\n|-ability|p2a: Sharpedo|Speed Boost|boost\n|-boost|p2a: Sharpedo|spe|1\n|upkeep\n|turn|6\n|\n|t:|1700213646\n|switch|p2a: Xatu|Xatu, F|100\/100\n|move|p1a: Dundy|Will-O-Wisp|p2a: Xatu\n|move|p2a: Xatu|Will-O-Wisp|p1a: Dundy|[from]ability: Magic Bounce\n|-immune|p1a: Dundy\n|\n|upkeep\n|turn|7\n|\n|t:|1700213657\n|move|p1a: Dundy|Torch Song|p2a: Xatu\n|-damage|p2a: Xatu|31\/100\n|-boost|p1a: Dundy|spa|1\n|move|p2a: Xatu|Calm Mind|p2a: Xatu\n|-boost|p2a: Xatu|spa|1\n|-boost|p2a: Xatu|spd|1\n|\n|upkeep\n|turn|8\n|\n|t:|1700213665\n|move|p1a: Dundy|Torch Song|p2a: Xatu\n|-damage|p2a: Xatu|0 fnt\n|-boost|p1a: Dundy|spa|1\n|faint|p2a: Xatu\n|\n|upkeep\n|\n|t:|1700213675\n|switch|p2a: Sharpedo|Sharpedo, F|100\/100\n|turn|9\n|\n|t:|1700213683\n|move|p2a: Sharpedo|Protect|p2a: Sharpedo\n|-singleturn|p2a: Sharpedo|Protect\n|move|p1a: Dundy|Will-O-Wisp|p2a: Sharpedo\n|-activate|p2a: Sharpedo|move: Protect\n|\n|-ability|p2a: Sharpedo|Speed Boost|boost\n|-boost|p2a: Sharpedo|spe|1\n|upkeep\n|turn|10\n|\n|t:|1700213700\n|detailschange|p2a: Sharpedo|Sharpedo-Mega, F\n|-mega|p2a: Sharpedo|Sharpedo|Sharpedonite\n|move|p2a: Sharpedo|Aqua Jet|p1a: Dundy\n|-supereffective|p1a: Dundy\n|-damage|p1a: Dundy|50\/100\n|move|p1a: Dundy|Will-O-Wisp|p2a: Sharpedo\n|-status|p2a: Sharpedo|brn\n|\n|-heal|p1a: Dundy|56\/100|[from] item: Leftovers\n|-damage|p2a: Sharpedo|94\/100 brn|[from] brn\n|upkeep\n|turn|11\n|\n|t:|1700213712\n|move|p2a: Sharpedo|Crunch|p1a: Dundy\n|-damage|p1a: Dundy|19\/100\n|move|p1a: Dundy|Slack Off|p1a: Dundy\n|-heal|p1a: Dundy|69\/100\n|\n|-heal|p1a: Dundy|75\/100|[from] item: Leftovers\n|-damage|p2a: Sharpedo|88\/100 brn|[from] brn\n|upkeep\n|turn|12\n|-message|TheMushroomFolk forfeited.\n|\n|win|KarmaNightraide\n|raw|KarmaNightraide's rating: 1186 &rarr; <strong>1205<\/strong><br \/>(+19 for winning)\n|raw|TheMushroomFolk's rating: 1104 &rarr; <strong>1085<\/strong><br \/>(-19 for losing)\n|l|\u2606TheMushroomFolk\n","uploadtime":1700213728,"views":5,"p1id":"karmanightraide","p2id":"themushroomfolk","formatid":"gen9nationaldex","rating":1085,"private":0,"password":""}