{"id":"gen9nationaldex-1990054584","p1":"biezouhaoma","p2":"xyf13511744988","format":"[Gen 9] National Dex","log":"|j|\u203dbiezouhaoma\n|j|\u2606xyf13511744988\n|t:|1699919632\n|gametype|singles\n|player|p1|biezouhaoma|bugcatcher-gen4dp|1799\n|player|p2|xyf13511744988|169|1807\n|teamsize|p1|6\n|teamsize|p2|6\n|gen|9\n|tier|[Gen 9] National Dex\n|rated|\n|rule|HP Percentage Mod: HP is shown in percentages\n|rule|Endless Battle Clause: Forcing endless battles is banned\n|rule|OHKO Clause: OHKO moves are banned\n|rule|Evasion Clause: Evasion abilities, items, and moves are banned\n|rule|Evasion Abilities Clause: Evasion abilities are banned\n|rule|Evasion Items Clause: Evasion items are banned\n|rule|Evasion Moves Clause: Evasion moves are banned\n|rule|Species Clause: Limit one of each Pok\u00e9mon\n|rule|Sleep Clause Mod: Limit one foe put to sleep\n|clearpoke\n|poke|p1|Pelipper, M|\n|poke|p1|Barraskewda, M|\n|poke|p1|Garganacl, M|\n|poke|p1|Scizor, F|\n|poke|p1|Volcanion|\n|poke|p1|Iron Treads|\n|poke|p2|Weavile, M|\n|poke|p2|Landorus-Therian, M|\n|poke|p2|Zapdos|\n|poke|p2|Volcanion|\n|poke|p2|Ursaluna, M|\n|poke|p2|Kartana|\n|teampreview\n|inactive|Battle timer is ON: inactive players will automatically lose when time's up. (requested by biezouhaoma)\n|\n|t:|1699919648\n|start\n|switch|p1a: Iron Treads|Iron Treads|100\/100\n|switch|p2a: Weavile|Weavile, M|100\/100\n|-ability|p2a: Weavile|Pressure\n|turn|1\n|\n|t:|1699919655\n|-end|p1a: Iron Treads|Quark Drive|[silent]\n|switch|p1a: Pelipper|Pelipper, M|100\/100\n|-weather|RainDance|[from] ability: Drizzle|[of] p1a: Pelipper\n|-terastallize|p2a: Weavile|Dark\n|move|p2a: Weavile|Beat Up|p1a: Pelipper\n|-damage|p1a: Pelipper|88\/100\n|-damage|p1a: Pelipper|75\/100\n|-damage|p1a: Pelipper|64\/100\n|-damage|p1a: Pelipper|51\/100\n|-damage|p1a: Pelipper|37\/100\n|-damage|p1a: Pelipper|21\/100\n|-hitcount|p1a: Pelipper|6\n|\n|-weather|RainDance|[upkeep]\n|upkeep\n|turn|2\n|\n|t:|1699919662\n|switch|p1a: Scizor|Scizor, F|100\/100\n|move|p2a: Weavile|Beat Up|p1a: Scizor\n|-crit|p1a: Scizor\n|-damage|p1a: Scizor|74\/100\n|-damage|p1a: Scizor|56\/100\n|-damage|p1a: Scizor|41\/100\n|-crit|p1a: Scizor\n|-damage|p1a: Scizor|17\/100\n|-damage|p1a: Scizor|0 fnt\n|faint|p1a: Scizor\n|-hitcount|p1: Scizor|5\n|\n|-weather|RainDance|[upkeep]\n|upkeep\n|\n|t:|1699919667\n|switch|p1a: Barraskewda|Barraskewda, M|100\/100\n|turn|3\n|\n|t:|1699919670\n|switch|p2a: Volcanion|Volcanion|100\/100\n|move|p1a: Barraskewda|Flip Turn|p2a: Volcanion\n|-immune|p2a: Volcanion|[from] ability: Water Absorb\n|\n|-weather|RainDance|[upkeep]\n|upkeep\n|turn|4\n|\n|t:|1699919677\n|switch|p1a: Iron Treads|Iron Treads|100\/100\n|switch|p2a: Weavile|Weavile, M, tera:Dark|100\/100\n|-ability|p2a: Weavile|Pressure\n|\n|-weather|RainDance|[upkeep]\n|upkeep\n|turn|5\n|\n|t:|1699919682\n|move|p2a: Weavile|Beat Up|p1a: Iron Treads\n|-damage|p1a: Iron Treads|86\/100\n|-damage|p1a: Iron Treads|70\/100\n|-crit|p1a: Iron Treads\n|-damage|p1a: Iron Treads|52\/100\n|-damage|p1a: Iron Treads|39\/100\n|-damage|p1a: Iron Treads|23\/100\n|-damage|p1a: Iron Treads|3\/100\n|-hitcount|p1a: Iron Treads|6\n|move|p1a: Iron Treads|Stealth Rock|p2a: Weavile\n|-sidestart|p2: xyf13511744988|move: Stealth Rock\n|\n|-weather|RainDance|[upkeep]\n|upkeep\n|turn|6\n|\n|t:|1699919691\n|move|p2a: Weavile|Beat Up|p1a: Iron Treads\n|-damage|p1a: Iron Treads|0 fnt\n|faint|p1a: Iron Treads\n|-end|p1a: Iron Treads|Quark Drive|[silent]\n|-hitcount|p1: Iron Treads|1\n|\n|-weather|RainDance|[upkeep]\n|upkeep\n|\n|t:|1699919694\n|switch|p1a: Barraskewda|Barraskewda, M|100\/100\n|turn|7\n|\n|t:|1699919697\n|switch|p2a: Landorus|Landorus-Therian, M|100\/100\n|-damage|p2a: Landorus|88\/100|[from] Stealth Rock\n|-ability|p2a: Landorus|Intimidate|boost\n|-unboost|p1a: Barraskewda|atk|1\n|move|p1a: Barraskewda|Close Combat|p2a: Landorus\n|-resisted|p2a: Landorus\n|-damage|p2a: Landorus|65\/100\n|-unboost|p1a: Barraskewda|def|1\n|-unboost|p1a: Barraskewda|spd|1\n|\n|-weather|RainDance|[upkeep]\n|-heal|p2a: Landorus|71\/100|[from] item: Leftovers\n|upkeep\n|turn|8\n|\n|t:|1699919701\n|switch|p1a: Volcanion|Volcanion|100\/100\n|move|p2a: Landorus|U-turn|p1a: Volcanion\n|-resisted|p1a: Volcanion\n|-damage|p1a: Volcanion|91\/100\n|\n|t:|1699919706\n|switch|p2a: Weavile|Weavile, M, tera:Dark|100\/100|[from] U-turn\n|-damage|p2a: Weavile|88\/100|[from] Stealth Rock\n|-ability|p2a: Weavile|Pressure\n|\n|-weather|none\n|upkeep\n|turn|9\n|-message|biezouhaoma forfeited.\n|\n|win|xyf13511744988\n|raw|biezouhaoma's rating: 1799 &rarr; <strong>1779<\/strong><br \/>(-20 for losing)\n|raw|xyf13511744988's rating: 1807 &rarr; <strong>1827<\/strong><br \/>(+20 for winning)\n|l|\u203dbiezouhaoma\n","uploadtime":1699919711,"views":10,"p1id":"biezouhaoma","p2id":"xyf13511744988","formatid":"gen9nationaldex","rating":1779,"private":0,"password":""}