{"id":"gen9nationaldex-1996725334","p1":"SpecsGastr0","p2":"RouroZxa","format":"[Gen 9] National Dex","log":"|html|<div class=\"broadcast-blue\"><strong>[Gen 9] National Dex is currently suspecting Sneasler! For information on how to participate check out the <a href=\"https:\/\/www.smogon.com\/forums\/threads\/sv-national-dex-suspect-8-just-dance.3731534\/\">suspect thread<\/a>.<\/strong><\/div>\n|j|\u2606SpecsGastr0\n|j|\u2606RouroZxa\n|t:|1700714979\n|gametype|singles\n|player|p1|SpecsGastr0|colress|1203\n|player|p2|RouroZxa|hilbert-wonderlauncher|1138\n|teamsize|p1|6\n|teamsize|p2|6\n|gen|9\n|tier|[Gen 9] National Dex\n|rated|\n|rule|HP Percentage Mod: HP is shown in percentages\n|rule|Endless Battle Clause: Forcing endless battles is banned\n|rule|OHKO Clause: OHKO moves are banned\n|rule|Evasion Clause: Evasion abilities, items, and moves are banned\n|rule|Evasion Abilities Clause: Evasion abilities are banned\n|rule|Evasion Items Clause: Evasion items are banned\n|rule|Evasion Moves Clause: Evasion moves are banned\n|rule|Species Clause: Limit one of each Pok\u00e9mon\n|rule|Sleep Clause Mod: Limit one foe put to sleep\n|clearpoke\n|poke|p1|Eldegoss, F|\n|poke|p1|Gallade, M|\n|poke|p1|Crobat, M|\n|poke|p1|Escavalier, M|\n|poke|p1|Ribombee, F|\n|poke|p1|Eelektross, M|\n|poke|p2|Pikachu, F|\n|poke|p2|Charizard, M|\n|poke|p2|Ferrothorn, M|\n|poke|p2|Glimmora, F|\n|poke|p2|Umbreon, F|\n|poke|p2|Ninetales-Alola, F|\n|teampreview\n|\n|t:|1700714998\n|start\n|switch|p1a: Lancelot|Escavalier, M|100\/100\n|switch|p2a: Glimmora|Glimmora, F|100\/100\n|turn|1\n|\n|t:|1700715007\n|move|p2a: Glimmora|Stealth Rock|p1a: Lancelot\n|-sidestart|p1: SpecsGastr0|move: Stealth Rock\n|move|p1a: Lancelot|Knock Off|p2a: Glimmora\n|-damage|p2a: Glimmora|44\/100\n|-activate|p2a: Glimmora|ability: Toxic Debris\n|-sidestart|p1: SpecsGastr0|move: Toxic Spikes\n|-enditem|p2a: Glimmora|Focus Sash|[from] move: Knock Off|[of] p1a: Lancelot\n|-damage|p1a: Lancelot|91\/100|[from] item: Life Orb\n|\n|upkeep\n|turn|2\n|\n|t:|1700715021\n|move|p2a: Glimmora|Earth Power|p1a: Lancelot\n|-damage|p1a: Lancelot|59\/100\n|move|p1a: Lancelot|Iron Head|p2a: Glimmora\n|-supereffective|p2a: Glimmora\n|-damage|p2a: Glimmora|0 fnt\n|-activate|p2a: Glimmora|ability: Toxic Debris\n|-sidestart|p1: SpecsGastr0|move: Toxic Spikes\n|faint|p2a: Glimmora\n|-damage|p1a: Lancelot|49\/100|[from] item: Life Orb\n|\n|upkeep\n|\n|t:|1700715038\n|switch|p2a: Carlitos|Charizard, M|100\/100\n|turn|3\n|\n|t:|1700715054\n|switch|p1a: Reely Cool|Eelektross, M|100\/100\n|-damage|p1a: Reely Cool|88\/100|[from] Stealth Rock\n|move|p2a: Carlitos|Dragon Dance|p2a: Carlitos\n|-boost|p2a: Carlitos|atk|1\n|-boost|p2a: Carlitos|spe|1\n|\n|-heal|p1a: Reely Cool|94\/100|[from] item: Leftovers\n|upkeep\n|turn|4\n|\n|t:|1700715066\n|detailschange|p2a: Carlitos|Charizard-Mega-X, M\n|-mega|p2a: Carlitos|Charizard|Charizardite X\n|move|p2a: Carlitos|Dragon Dance|p2a: Carlitos\n|-boost|p2a: Carlitos|atk|1\n|-boost|p2a: Carlitos|spe|1\n|move|p1a: Reely Cool|Coil|p1a: Reely Cool\n|-boost|p1a: Reely Cool|atk|1\n|-boost|p1a: Reely Cool|def|1\n|-boost|p1a: Reely Cool|accuracy|1\n|\n|-heal|p1a: Reely Cool|100\/100|[from] item: Leftovers\n|upkeep\n|turn|5\n|\n|t:|1700715084\n|move|p2a: Carlitos|Flare Blitz|p1a: Reely Cool\n|-damage|p1a: Reely Cool|0 fnt\n|faint|p1a: Reely Cool\n|-damage|p2a: Carlitos|64\/100|[from] Recoil\n|\n|upkeep\n|\n|t:|1700715114\n|switch|p1a: Kinkel|Crobat, M|100\/100\n|-damage|p1a: Kinkel|76\/100|[from] Stealth Rock\n|turn|6\n|\n|t:|1700715119\n|move|p2a: Carlitos|Dragon Claw|p1a: Kinkel\n|-damage|p1a: Kinkel|0 fnt\n|faint|p1a: Kinkel\n|\n|upkeep\n|\n|t:|1700715126\n|switch|p1a: 1 Point|Eldegoss, F|100\/100\n|turn|7\n|\n|t:|1700715131\n|-terastallize|p1a: 1 Point|Water\n|move|p2a: Carlitos|Dragon Claw|p1a: 1 Point\n|-damage|p1a: 1 Point|0 fnt\n|faint|p1a: 1 Point\n|\n|upkeep\n|\n|t:|1700715137\n|switch|p1a: Rengeteki|Ribombee, F|100\/100\n|-damage|p1a: Rengeteki|76\/100|[from] Stealth Rock\n|-status|p1a: Rengeteki|tox\n|turn|8\n|\n|t:|1700715144\n|move|p2a: Carlitos|Flare Blitz|p1a: Rengeteki\n|-supereffective|p1a: Rengeteki\n|-damage|p1a: Rengeteki|0 fnt\n|faint|p1a: Rengeteki\n|-damage|p2a: Carlitos|44\/100|[from] Recoil\n|\n|upkeep\n|\n|t:|1700715151\n|switch|p1a: Lancelot|Escavalier, M|49\/100\n|-damage|p1a: Lancelot|37\/100|[from] Stealth Rock\n|turn|9\n|\n|t:|1700715158\n|move|p2a: Carlitos|Earthquake|p1a: Lancelot\n|-damage|p1a: Lancelot|0 fnt\n|faint|p1a: Lancelot\n|\n|upkeep\n|\n|t:|1700715160\n|switch|p1a: Wally|Gallade, M|100\/100\n|-damage|p1a: Wally|94\/100|[from] Stealth Rock\n|-status|p1a: Wally|tox\n|turn|10\n|\n|t:|1700715168\n|move|p2a: Carlitos|Flare Blitz|p1a: Wally\n|-damage|p1a: Wally|0 fnt\n|faint|p1a: Wally\n|-damage|p2a: Carlitos|18\/100|[from] Recoil\n|\n|win|RouroZxa\n|raw|SpecsGastr0's rating: 1203 &rarr; <strong>1173<\/strong><br \/>(-30 for losing)\n|raw|RouroZxa's rating: 1138 &rarr; <strong>1168<\/strong><br \/>(+30 for winning)\n","uploadtime":1700715174,"views":9,"p1id":"specsgastr0","p2id":"rourozxa","formatid":"gen9nationaldex","rating":1168,"private":0,"password":""}