{"id":"gen9nationaldex-1996726051","p1":"matu1402","p2":"xCookieBallx","format":"[Gen 9] National Dex","log":"|html|<div class=\"broadcast-blue\"><strong>[Gen 9] National Dex is currently suspecting Sneasler! For information on how to participate check out the <a href=\"https:\/\/www.smogon.com\/forums\/threads\/sv-national-dex-suspect-8-just-dance.3731534\/\">suspect thread<\/a>.<\/strong><\/div>\n|j|\u2606matu1402\n|j|\u2606xCookieBallx\n|t:|1700715085\n|gametype|singles\n|player|p1|matu1402|cheren-gen5bw2|\n|player|p2|xCookieBallx|melony|\n|teamsize|p1|6\n|teamsize|p2|6\n|gen|9\n|tier|[Gen 9] National Dex\n|rule|HP Percentage Mod: HP is shown in percentages\n|rule|Endless Battle Clause: Forcing endless battles is banned\n|rule|OHKO Clause: OHKO moves are banned\n|rule|Evasion Clause: Evasion abilities, items, and moves are banned\n|rule|Evasion Abilities Clause: Evasion abilities are banned\n|rule|Evasion Items Clause: Evasion items are banned\n|rule|Evasion Moves Clause: Evasion moves are banned\n|rule|Species Clause: Limit one of each Pok\u00e9mon\n|rule|Sleep Clause Mod: Limit one foe put to sleep\n|clearpoke\n|poke|p1|Blacephalon|\n|poke|p1|Polteageist|\n|poke|p1|Jellicent, M|\n|poke|p1|Great Tusk|\n|poke|p1|Mimikyu, F|\n|poke|p1|Corsola-Galar, F|\n|poke|p2|Eiscue, M|\n|poke|p2|Sneasler, F|\n|poke|p2|Frosmoth, F|\n|poke|p2|Cloyster, F|\n|poke|p2|Ninetales-Alola, M|\n|poke|p2|Cetitan, M|\n|teampreview\n|inactive|Battle timer is ON: inactive players will automatically lose when time's up. (requested by matu1402)\n|j| Sai4rr\n|c|\u2606matu1402|Sneasler por vivir en las monta\u00f1as ahora es de hielo\n|inactive|matu1402 has 270 seconds left.\n|\n|t:|1700715120\n|start\n|switch|p1a: Mimikyu|Mimikyu, F, shiny|100\/100\n|switch|p2a: Yukio|Ninetales-Alola, M|100\/100\n|-weather|Snow|[from] ability: Snow Warning|[of] p2a: Yukio\n|turn|1\n|\n|t:|1700715127\n|move|p1a: Mimikyu|Swords Dance|p1a: Mimikyu\n|-boost|p1a: Mimikyu|atk|2\n|move|p2a: Yukio|Moonblast|p1a: Mimikyu\n|-activate|p1a: Mimikyu|ability: Disguise\n|-damage|p1a: Mimikyu|100\/100\n|detailschange|p1a: Mimikyu|Mimikyu-Busted, F, shiny\n|-damage|p1a: Mimikyu|88\/100|[from] pokemon: Mimikyu-Busted\n|\n|-weather|Snow|[upkeep]\n|upkeep\n|turn|2\n|\n|t:|1700715131\n|move|p1a: Mimikyu|Shadow Sneak|p2a: Yukio\n|-damage|p2a: Yukio|69\/100\n|move|p2a: Yukio|Aurora Veil|p2a: Yukio\n|-sidestart|p2: xCookieBallx|move: Aurora Veil\n|\n|-weather|Snow|[upkeep]\n|upkeep\n|turn|3\n|\n|t:|1700715139\n|-zpower|p1a: Mimikyu\n|move|p1a: Mimikyu|Let's Snuggle Forever|p2a: Yukio|[zeffect]\n|-damage|p2a: Yukio|0 fnt\n|faint|p2a: Yukio\n|\n|-weather|Snow|[upkeep]\n|upkeep\n|\n|t:|1700715142\n|switch|p2a: Barney|Cetitan, M|100\/100\n|turn|4\n|\n|t:|1700715156\n|move|p1a: Mimikyu|Shadow Sneak|p2a: Barney\n|-damage|p2a: Barney|89\/100\n|move|p2a: Barney|Ice Spinner|p1a: Mimikyu\n|-damage|p1a: Mimikyu|18\/100\n|\n|-weather|Snow|[upkeep]\n|upkeep\n|turn|5\n|\n|t:|1700715164\n|move|p1a: Mimikyu|Shadow Sneak|p2a: Barney\n|-damage|p2a: Barney|79\/100\n|move|p2a: Barney|Knock Off|p1a: Mimikyu\n|-damage|p1a: Mimikyu|0 fnt\n|faint|p1a: Mimikyu\n|\n|-weather|none\n|upkeep\n|\n|t:|1700715177\n|switch|p1a: Great Tusk|Great Tusk|100\/100\n|turn|6\n|j| WSoldat\n|\n|t:|1700715186\n|move|p1a: Great Tusk|Rapid Spin|p2a: Barney\n|-damage|p2a: Barney|70\/100\n|-boost|p1a: Great Tusk|spe|1\n|move|p2a: Barney|Ice Spinner|p1a: Great Tusk\n|-supereffective|p1a: Great Tusk\n|-damage|p1a: Great Tusk|26\/100\n|-enditem|p1a: Great Tusk|Weakness Policy\n|-boost|p1a: Great Tusk|atk|2|[from] item: Weakness Policy\n|-boost|p1a: Great Tusk|spa|2|[from] item: Weakness Policy\n|\n|upkeep\n|turn|7\n|\n|t:|1700715203\n|move|p1a: Great Tusk|Close Combat|p2a: Barney\n|-supereffective|p2a: Barney\n|-damage|p2a: Barney|0 fnt\n|-unboost|p1a: Great Tusk|def|1\n|-unboost|p1a: Great Tusk|spd|1\n|faint|p2a: Barney\n|\n|upkeep\n|\n|t:|1700715210\n|switch|p2a: Ramsey|Sneasler, F|100\/100\n|turn|8\n|\n|t:|1700715216\n|move|p2a: Ramsey|Fake Out|p1a: Great Tusk\n|-enditem|p2a: Ramsey|Normal Gem|[from] gem\n|-damage|p1a: Great Tusk|6\/100\n|cant|p1a: Great Tusk|flinch\n|\n|upkeep\n|turn|9\n|\n|t:|1700715223\n|move|p2a: Ramsey|Dire Claw|p1a: Great Tusk\n|-resisted|p1a: Great Tusk\n|-damage|p1a: Great Tusk|0 fnt\n|faint|p1a: Great Tusk\n|-end|p1a: Great Tusk|Protosynthesis|[silent]\n|\n|-sideend|p2: xCookieBallx|move: Aurora Veil\n|upkeep\n|\n|t:|1700715230\n|switch|p1a: Dil2 de Pep|Corsola-Galar, F|100\/100\n|turn|10\n|\n|t:|1700715233\n|move|p2a: Ramsey|Dire Claw|p1a: Dil2 de Pep\n|-resisted|p1a: Dil2 de Pep\n|-damage|p1a: Dil2 de Pep|88\/100\n|move|p1a: Dil2 de Pep|Will-O-Wisp|p2a: Ramsey\n|-status|p2a: Ramsey|brn\n|\n|-damage|p2a: Ramsey|94\/100 brn|[from] brn\n|upkeep\n|turn|11\n|\n|t:|1700715239\n|move|p2a: Ramsey|Dire Claw|p1a: Dil2 de Pep\n|-resisted|p1a: Dil2 de Pep\n|-damage|p1a: Dil2 de Pep|83\/100\n|-status|p1a: Dil2 de Pep|par\n|move|p1a: Dil2 de Pep|Stealth Rock|p2a: Ramsey\n|-sidestart|p2: xCookieBallx|move: Stealth Rock\n|\n|-damage|p2a: Ramsey|88\/100 brn|[from] brn\n|upkeep\n|turn|12\n|\n|t:|1700715242\n|move|p2a: Ramsey|Acrobatics|p1a: Dil2 de Pep\n|-damage|p1a: Dil2 de Pep|72\/100 par\n|-start|p2a: Ramsey|Disable|Acrobatics|[from] ability: Cursed Body|[of] p1a: Dil2 de Pep\n|move|p1a: Dil2 de Pep|Night Shade|p2a: Ramsey\n|-damage|p2a: Ramsey|56\/100 brn\n|\n|-damage|p2a: Ramsey|50\/100 brn|[from] brn\n|upkeep\n|turn|13\n|\n|t:|1700715252\n|move|p2a: Ramsey|Dire Claw|p1a: Dil2 de Pep\n|-resisted|p1a: Dil2 de Pep\n|-damage|p1a: Dil2 de Pep|67\/100 par\n|move|p1a: Dil2 de Pep|Night Shade|p2a: Ramsey\n|-damage|p2a: Ramsey|18\/100 brn\n|\n|-damage|p2a: Ramsey|12\/100 brn|[from] brn\n|upkeep\n|turn|14\n|\n|t:|1700715263\n|move|p2a: Ramsey|Dire Claw|p1a: Dil2 de Pep\n|-resisted|p1a: Dil2 de Pep\n|-damage|p1a: Dil2 de Pep|61\/100 par\n|move|p1a: Dil2 de Pep|Strength Sap|p2a: Ramsey\n|-unboost|p2a: Ramsey|atk|1\n|-heal|p1a: Dil2 de Pep|100\/100 par\n|\n|-damage|p2a: Ramsey|6\/100 brn|[from] brn\n|upkeep\n|turn|15\n|\n|t:|1700715272\n|move|p2a: Ramsey|Dire Claw|p1a: Dil2 de Pep\n|-resisted|p1a: Dil2 de Pep\n|-damage|p1a: Dil2 de Pep|97\/100 par\n|move|p1a: Dil2 de Pep|Night Shade|p2a: Ramsey\n|-damage|p2a: Ramsey|0 fnt\n|faint|p2a: Ramsey\n|\n|upkeep\n|l|\u2606matu1402\n|inactive|matu1402 disconnected and has 300 seconds to reconnect!\n|player|p1|\n|\n|t:|1700715290\n|switch|p2a: Eva|Frosmoth, F|100\/100\n|turn|16\n|j|\u2606matu1402\n|inactive|matu1402 reconnected and has 300 seconds left.\n|player|p1|matu1402|cheren-gen5bw2\n|j| Insipido\n|c| Sai4rr|XD\n|\n|t:|1700715295\n|move|p2a: Eva|Defog|p1a: Dil2 de Pep\n|-unboost|p1a: Dil2 de Pep|evasion|1\n|-sideend|p2: xCookieBallx|Stealth Rock|[from] move: Defog|[of] p2a: Eva\n|cant|p1a: Dil2 de Pep|par\n|\n|upkeep\n|turn|17\n|c| Insipido|Epicardo\n|\n|t:|1700715306\n|switch|p1a: Jellicent|Jellicent, M, shiny|100\/100\n|move|p2a: Eva|Quiver Dance|p2a: Eva\n|-boost|p2a: Eva|spa|1\n|-boost|p2a: Eva|spd|1\n|-boost|p2a: Eva|spe|1\n|\n|upkeep\n|turn|18\n|\n|t:|1700715315\n|move|p2a: Eva|Quiver Dance|p2a: Eva\n|-boost|p2a: Eva|spa|1\n|-boost|p2a: Eva|spd|1\n|-boost|p2a: Eva|spe|1\n|move|p1a: Jellicent|Toxic|p2a: Eva\n|-status|p2a: Eva|tox\n|\n|-damage|p2a: Eva|94\/100 tox|[from] psn\n|upkeep\n|turn|19\n|\n|t:|1700715322\n|move|p2a: Eva|Quiver Dance|p2a: Eva\n|-boost|p2a: Eva|spa|1\n|-boost|p2a: Eva|spd|1\n|-boost|p2a: Eva|spe|1\n|move|p1a: Jellicent|Hex|p2a: Eva\n|-damage|p2a: Eva|87\/100 tox\n|\n|-damage|p2a: Eva|75\/100 tox|[from] psn\n|upkeep\n|turn|20\n|\n|t:|1700715333\n|move|p2a: Eva|Quiver Dance|p2a: Eva\n|-boost|p2a: Eva|spa|1\n|-boost|p2a: Eva|spd|1\n|-boost|p2a: Eva|spe|1\n|move|p1a: Jellicent|Hex|p2a: Eva\n|-damage|p2a: Eva|69\/100 tox\n|\n|-damage|p2a: Eva|50\/100 tox|[from] psn\n|upkeep\n|turn|21\n|\n|t:|1700715346\n|-terastallize|p2a: Eva|Ground\n|move|p2a: Eva|Tera Blast|p1a: Jellicent|[anim] Tera Blast Ground\n|-damage|p1a: Jellicent|42\/100\n|move|p1a: Jellicent|Recover|p1a: Jellicent\n|-heal|p1a: Jellicent|92\/100\n|\n|-heal|p1a: Jellicent|98\/100|[from] item: Leftovers\n|-damage|p2a: Eva|26\/100 tox|[from] psn\n|upkeep\n|turn|22\n|\n|t:|1700715359\n|move|p2a: Eva|Tera Blast|p1a: Jellicent|[anim] Tera Blast Ground\n|-damage|p1a: Jellicent|38\/100\n|move|p1a: Jellicent|Recover|p1a: Jellicent\n|-heal|p1a: Jellicent|88\/100\n|\n|-heal|p1a: Jellicent|94\/100|[from] item: Leftovers\n|-damage|p2a: Eva|0 fnt|[from] psn\n|faint|p2a: Eva\n|upkeep\n|\n|t:|1700715370\n|switch|p2a: Conchita|Cloyster, F|100\/100\n|turn|23\n|c| WSoldat|Estoy pensando en ponerle toxic al goodra pero ns\n|\n|t:|1700715376\n|move|p2a: Conchita|Rock Blast|p1a: Jellicent\n|-damage|p1a: Jellicent|85\/100\n|-damage|p1a: Jellicent|76\/100\n|-damage|p1a: Jellicent|66\/100\n|-damage|p1a: Jellicent|57\/100\n|-damage|p1a: Jellicent|48\/100\n|-hitcount|p1a: Jellicent|5\n|move|p1a: Jellicent|Toxic|p2a: Conchita\n|-status|p2a: Conchita|tox\n|\n|-heal|p1a: Jellicent|54\/100|[from] item: Leftovers\n|-damage|p2a: Conchita|94\/100 tox|[from] psn\n|upkeep\n|turn|24\n|\n|t:|1700715389\n|move|p2a: Conchita|Rock Blast|p1a: Jellicent\n|-damage|p1a: Jellicent|45\/100\n|-damage|p1a: Jellicent|37\/100\n|-damage|p1a: Jellicent|27\/100\n|-damage|p1a: Jellicent|18\/100\n|-damage|p1a: Jellicent|9\/100\n|-hitcount|p1a: Jellicent|5\n|move|p1a: Jellicent|Scald|p2a: Conchita\n|-resisted|p2a: Conchita\n|-damage|p2a: Conchita|63\/100 tox\n|\n|-heal|p1a: Jellicent|16\/100|[from] item: Leftovers\n|-damage|p2a: Conchita|50\/100 tox|[from] psn\n|upkeep\n|turn|25\n|c|\u2606matu1402|Goodra lo aprende?\n|c| WSoldat|Sep\n|\n|t:|1700715407\n|switch|p1a: Dil2 de Pep|Corsola-Galar, F|97\/100 par\n|move|p2a: Conchita|Rock Blast|p1a: Dil2 de Pep\n|-damage|p1a: Dil2 de Pep|92\/100 par\n|-damage|p1a: Dil2 de Pep|88\/100 par\n|-damage|p1a: Dil2 de Pep|84\/100 par\n|-start|p2a: Conchita|Disable|Rock Blast|[from] ability: Cursed Body|[of] p1a: Dil2 de Pep\n|-damage|p1a: Dil2 de Pep|80\/100 par\n|-damage|p1a: Dil2 de Pep|76\/100 par\n|-hitcount|p1a: Dil2 de Pep|5\n|\n|-damage|p2a: Conchita|32\/100 tox|[from] psn\n|upkeep\n|turn|26\n|\n|t:|1700715416\n|-activate|p2a: Conchita|move: Struggle\n|move|p2a: Conchita|Struggle|p1a: Dil2 de Pep\n|-damage|p1a: Dil2 de Pep|67\/100 par\n|-damage|p2a: Conchita|7\/100 tox|[from] recoil\n|cant|p1a: Dil2 de Pep|par\n|\n|-damage|p2a: Conchita|0 fnt|[from] psn\n|faint|p2a: Conchita\n|upkeep\n|\n|t:|1700715418\n|switch|p2a: King|Eiscue, M, shiny|100\/100\n|turn|27\n|c|\u2606matu1402|Y el shell smash?\n|\n|t:|1700715429\n|move|p2a: King|Belly Drum|p2a: King\n|-damage|p2a: King|50\/100\n|-setboost|p2a: King|atk|6|[from] move: Belly Drum\n|-enditem|p2a: King|Sitrus Berry|[eat]\n|-heal|p2a: King|75\/100|[from] item: Sitrus Berry\n|move|p1a: Dil2 de Pep|Night Shade|p2a: King\n|-damage|p2a: King|41\/100\n|\n|upkeep\n|turn|28\n|\n|t:|1700715438\n|move|p2a: King|Waterfall|p1a: Dil2 de Pep\n|-damage|p1a: Dil2 de Pep|23\/100 par\n|cant|p1a: Dil2 de Pep|par\n|\n|upkeep\n|turn|29\n|\n|t:|1700715443\n|move|p2a: King|Waterfall|p1a: Dil2 de Pep\n|-damage|p1a: Dil2 de Pep|0 fnt\n|faint|p1a: Dil2 de Pep\n|\n|upkeep\n|c|\u2606xCookieBallx|Ya es gg\n|\n|t:|1700715461\n|switch|p1a: Blacephalon|Blacephalon|100\/100\n|turn|30\n|\n|t:|1700715466\n|switch|p1a: Jellicent|Jellicent, M, shiny|16\/100\n|move|p2a: King|Waterfall|p1a: Jellicent\n|-heal|p1a: Jellicent|41\/100|[from] ability: Water Absorb|[of] p2a: King\n|\n|-heal|p1a: Jellicent|47\/100|[from] item: Leftovers\n|upkeep\n|turn|31\n|c| Sai4rr|Se la aplic\u00f3\n|l|\u2606matu1402\n|inactive|matu1402 disconnected and has 300 seconds to reconnect!\n|player|p1|\n|j|\u2606matu1402\n|inactive|matu1402 reconnected and has 280 seconds left.\n|player|p1|matu1402|cheren-gen5bw2\n|inactive|matu1402 has 270 seconds left.\n|\n|t:|1700715512\n|move|p2a: King|Ice Spinner|p1a: Jellicent\n|-resisted|p1a: Jellicent\n|-damage|p1a: Jellicent|0 fnt\n|faint|p1a: Jellicent\n|\n|upkeep\n|\n|t:|1700715517\n|switch|p1a: Blacephalon|Blacephalon|100\/100\n|turn|32\n|\n|t:|1700715520\n|move|p1a: Blacephalon|Flamethrower|p2a: King\n|-supereffective|p2a: King\n|-damage|p2a: King|0 fnt\n|faint|p2a: King\n|\n|win|matu1402\n|l| WSoldat\n|c|\u2606xCookieBallx|gg\n","uploadtime":1700715533,"views":3,"p1id":"matu1402","p2id":"xcookieballx","formatid":"gen9nationaldex","rating":0,"private":0,"password":""}