{"id":"gen9nationaldex-1996453979","p1":"kauezim224","p2":"poklmn","format":"[Gen 9] National Dex","log":"|html|<div class=\"broadcast-blue\"><strong>[Gen 9] National Dex is currently suspecting Sneasler! For information on how to participate check out the <a href=\"https:\/\/www.smogon.com\/forums\/threads\/sv-national-dex-suspect-8-just-dance.3731534\/\">suspect thread<\/a>.<\/strong><\/div>\n|j|\u2606kauezim224\n|j|\u2606poklmn\n|t:|1700683536\n|gametype|singles\n|player|p1|kauezim224|102|1381\n|player|p2|poklmn|dawn|1494\n|teamsize|p1|6\n|teamsize|p2|6\n|gen|9\n|tier|[Gen 9] National Dex\n|rated|\n|rule|HP Percentage Mod: HP is shown in percentages\n|rule|Endless Battle Clause: Forcing endless battles is banned\n|rule|OHKO Clause: OHKO moves are banned\n|rule|Evasion Clause: Evasion abilities, items, and moves are banned\n|rule|Evasion Abilities Clause: Evasion abilities are banned\n|rule|Evasion Items Clause: Evasion items are banned\n|rule|Evasion Moves Clause: Evasion moves are banned\n|rule|Species Clause: Limit one of each Pok\u00e9mon\n|rule|Sleep Clause Mod: Limit one foe put to sleep\n|clearpoke\n|poke|p1|Landorus-Therian, M|\n|poke|p1|Pelipper, M|\n|poke|p1|Barraskewda, M|\n|poke|p1|Manaphy|\n|poke|p1|Ferrothorn, M|\n|poke|p1|Tornadus-Therian, M|\n|poke|p2|Pelipper, M|\n|poke|p2|Barraskewda, M|\n|poke|p2|Tapu Lele|\n|poke|p2|Swampert, M|\n|poke|p2|Moltres|\n|poke|p2|Urshifu-*, M|\n|teampreview\n|inactive|Battle timer is ON: inactive players will automatically lose when time's up. (requested by poklmn)\n|\n|t:|1700683552\n|start\n|switch|p1a: Tornadus|Tornadus-Therian, M|100\/100\n|switch|p2a: Tapu Lele|Tapu Lele|100\/100\n|-fieldstart|move: Psychic Terrain|[from] ability: Psychic Surge|[of] p2a: Tapu Lele\n|turn|1\n|\n|t:|1700683562\n|move|p2a: Tapu Lele|Psychic|p1a: Tornadus\n|-crit|p1a: Tornadus\n|-damage|p1a: Tornadus|6\/100\n|-unboost|p1a: Tornadus|spd|1\n|move|p1a: Tornadus|Knock Off|p2a: Tapu Lele\n|-damage|p2a: Tapu Lele|69\/100\n|-enditem|p2a: Tapu Lele|Choice Scarf|[from] move: Knock Off|[of] p1a: Tornadus\n|\n|upkeep\n|turn|2\n|\n|t:|1700683572\n|move|p1a: Tornadus|U-turn|p2a: Tapu Lele\n|-damage|p2a: Tapu Lele|47\/100\n|\n|t:|1700683579\n|switch|p1a: Ferrothorn|Ferrothorn, M|100\/100|[from] U-turn\n|move|p2a: Tapu Lele|Future Sight|p1a: Ferrothorn\n|-start|p2a: Tapu Lele|move: Future Sight\n|\n|upkeep\n|turn|3\n|\n|t:|1700683588\n|switch|p2a: Pelipper|Pelipper, M|100\/100\n|-weather|RainDance|[from] ability: Drizzle|[of] p2a: Pelipper\n|move|p1a: Ferrothorn|Leech Seed|p2a: Pelipper\n|-start|p2a: Pelipper|move: Leech Seed\n|\n|-weather|RainDance|[upkeep]\n|-damage|p2a: Pelipper|88\/100|[from] Leech Seed|[of] p1a: Ferrothorn\n|upkeep\n|turn|4\n|\n|t:|1700683600\n|switch|p2a: Urshifu|Urshifu-Rapid-Strike, M|100\/100\n|move|p1a: Ferrothorn|Thunder Wave|p2a: Urshifu\n|-status|p2a: Urshifu|par\n|\n|-weather|RainDance|[upkeep]\n|-end|p1a: Ferrothorn|move: Future Sight\n|-resisted|p1a: Ferrothorn\n|-damage|p1a: Ferrothorn|75\/100\n|-heal|p1a: Ferrothorn|81\/100|[from] item: Leftovers\n|upkeep\n|turn|5\n|\n|t:|1700683612\n|switch|p1a: Landorus|Landorus-Therian, M|100\/100\n|-ability|p1a: Landorus|Intimidate|boost\n|-unboost|p2a: Urshifu|atk|1\n|cant|p2a: Urshifu|par\n|\n|-weather|RainDance|[upkeep]\n|-fieldend|move: Psychic Terrain\n|upkeep\n|turn|6\n|\n|t:|1700683636\n|switch|p1a: Ferrothorn|Ferrothorn, M|81\/100\n|move|p2a: Urshifu|Surging Strikes|p1a: Ferrothorn\n|-resisted|p1a: Ferrothorn\n|-crit|p1a: Ferrothorn\n|-damage|p1a: Ferrothorn|71\/100\n|-damage|p2a: Urshifu|88\/100 par|[from] ability: Iron Barbs|[of] p1a: Ferrothorn\n|-resisted|p1a: Ferrothorn\n|-crit|p1a: Ferrothorn\n|-damage|p1a: Ferrothorn|61\/100\n|-damage|p2a: Urshifu|76\/100 par|[from] ability: Iron Barbs|[of] p1a: Ferrothorn\n|-resisted|p1a: Ferrothorn\n|-crit|p1a: Ferrothorn\n|-damage|p1a: Ferrothorn|50\/100\n|-damage|p2a: Urshifu|64\/100 par|[from] ability: Iron Barbs|[of] p1a: Ferrothorn\n|-hitcount|p1a: Ferrothorn|3\n|\n|-weather|RainDance|[upkeep]\n|-heal|p1a: Ferrothorn|56\/100|[from] item: Leftovers\n|upkeep\n|turn|7\n|\n|t:|1700683656\n|move|p1a: Ferrothorn|Protect|p1a: Ferrothorn\n|-singleturn|p1a: Ferrothorn|Protect\n|cant|p2a: Urshifu|par\n|\n|-weather|RainDance|[upkeep]\n|-heal|p1a: Ferrothorn|63\/100|[from] item: Leftovers\n|upkeep\n|turn|8\n|\n|t:|1700683663\n|switch|p2a: Swampert|Swampert, M|100\/100\n|move|p1a: Ferrothorn|Leech Seed|p2a: Swampert\n|-start|p2a: Swampert|move: Leech Seed\n|\n|-weather|RainDance|[upkeep]\n|-heal|p1a: Ferrothorn|69\/100|[from] item: Leftovers\n|-damage|p2a: Swampert|88\/100|[from] Leech Seed|[of] p1a: Ferrothorn\n|-heal|p1a: Ferrothorn|81\/100|[silent]\n|upkeep\n|turn|9\n|\n|t:|1700683672\n|switch|p2a: Barraskewda|Barraskewda, M, shiny|100\/100\n|move|p1a: Ferrothorn|Protect||[still]\n|-fail|p1a: Ferrothorn\n|\n|-weather|RainDance|[upkeep]\n|-heal|p1a: Ferrothorn|87\/100|[from] item: Leftovers\n|upkeep\n|turn|10\n|\n|t:|1700683680\n|switch|p1a: Landorus|Landorus-Therian, M|100\/100\n|-ability|p1a: Landorus|Intimidate|boost\n|-unboost|p2a: Barraskewda|atk|1\n|move|p2a: Barraskewda|Close Combat|p1a: Landorus\n|-resisted|p1a: Landorus\n|-damage|p1a: Landorus|83\/100\n|-unboost|p2a: Barraskewda|def|1\n|-unboost|p2a: Barraskewda|spd|1\n|\n|-weather|none\n|-heal|p1a: Landorus|89\/100|[from] item: Leftovers\n|upkeep\n|turn|11\n|\n|t:|1700683692\n|switch|p2a: Pelipper|Pelipper, M|88\/100\n|-weather|RainDance|[from] ability: Drizzle|[of] p2a: Pelipper\n|move|p1a: Landorus|Stealth Rock|p2a: Pelipper\n|-sidestart|p2: poklmn|move: Stealth Rock\n|\n|-weather|RainDance|[upkeep]\n|-heal|p1a: Landorus|95\/100|[from] item: Leftovers\n|upkeep\n|turn|12\n|\n|t:|1700683700\n|move|p1a: Landorus|U-turn|p2a: Pelipper\n|-resisted|p2a: Pelipper\n|-damage|p2a: Pelipper|80\/100\n|\n|t:|1700683704\n|switch|p1a: Tornadus|Tornadus-Therian, M|39\/100|[from] U-turn\n|move|p2a: Pelipper|Defog|p1a: Tornadus\n|-unboost|p1a: Tornadus|evasion|1\n|-sideend|p2: poklmn|Stealth Rock|[from] move: Defog|[of] p2a: Pelipper\n|\n|-weather|RainDance|[upkeep]\n|upkeep\n|turn|13\n|\n|t:|1700683714\n|switch|p2a: Swampert|Swampert, M|88\/100\n|move|p1a: Tornadus|U-turn|p2a: Swampert\n|-damage|p2a: Swampert|71\/100\n|\n|t:|1700683721\n|switch|p1a: Landorus|Landorus-Therian, M|95\/100|[from] U-turn\n|-ability|p1a: Landorus|Intimidate|boost\n|-unboost|p2a: Swampert|atk|1\n|\n|-weather|RainDance|[upkeep]\n|-heal|p1a: Landorus|100\/100|[from] item: Leftovers\n|upkeep\n|turn|14\n|\n|t:|1700683728\n|switch|p1a: Pelipper|Pelipper, M|100\/100\n|detailschange|p2a: Swampert|Swampert-Mega, M\n|-mega|p2a: Swampert|Swampert|Swampertite\n|move|p2a: Swampert|Substitute|p2a: Swampert\n|-start|p2a: Swampert|Substitute\n|-damage|p2a: Swampert|46\/100\n|\n|-weather|RainDance|[upkeep]\n|upkeep\n|turn|15\n|\n|t:|1700683736\n|move|p2a: Swampert|Liquidation|p1a: Pelipper\n|-resisted|p1a: Pelipper\n|-damage|p1a: Pelipper|75\/100\n|move|p1a: Pelipper|Hurricane|p2a: Swampert\n|-end|p2a: Swampert|Substitute\n|\n|-weather|RainDance|[upkeep]\n|-heal|p1a: Pelipper|81\/100|[from] item: Leftovers\n|upkeep\n|turn|16\n|\n|t:|1700683754\n|switch|p2a: Moltres|Moltres|100\/100\n|move|p1a: Pelipper|Scald|p2a: Moltres\n|-supereffective|p2a: Moltres\n|-damage|p2a: Moltres|19\/100\n|\n|-weather|RainDance|[upkeep]\n|-heal|p1a: Pelipper|87\/100|[from] item: Leftovers\n|upkeep\n|turn|17\n|\n|t:|1700683764\n|move|p2a: Moltres|Hurricane|p1a: Pelipper\n|-damage|p1a: Pelipper|40\/100\n|move|p1a: Pelipper|Scald|p2a: Moltres\n|-supereffective|p2a: Moltres\n|-damage|p2a: Moltres|0 fnt\n|faint|p2a: Moltres\n|\n|-weather|RainDance|[upkeep]\n|-heal|p1a: Pelipper|46\/100|[from] item: Leftovers\n|upkeep\n|\n|t:|1700683768\n|switch|p2a: Barraskewda|Barraskewda, M, shiny|100\/100\n|turn|18\n|\n|t:|1700683777\n|move|p1a: Pelipper|Protect|p1a: Pelipper\n|-singleturn|p1a: Pelipper|Protect\n|move|p2a: Barraskewda|Flip Turn|p1a: Pelipper\n|-activate|p1a: Pelipper|move: Protect\n|\n|-weather|none\n|-heal|p1a: Pelipper|52\/100|[from] item: Leftovers\n|upkeep\n|turn|19\n|\n|t:|1700683785\n|switch|p1a: Ferrothorn|Ferrothorn, M|87\/100\n|move|p2a: Barraskewda|Flip Turn|p1a: Ferrothorn\n|-resisted|p1a: Ferrothorn\n|-damage|p1a: Ferrothorn|71\/100\n|-damage|p2a: Barraskewda|88\/100|[from] ability: Iron Barbs|[of] p1a: Ferrothorn\n|\n|t:|1700683788\n|switch|p2a: Tapu Lele|Tapu Lele|47\/100|[from] Flip Turn\n|-fieldstart|move: Psychic Terrain|[from] ability: Psychic Surge|[of] p2a: Tapu Lele\n|\n|-heal|p1a: Ferrothorn|77\/100|[from] item: Leftovers\n|upkeep\n|turn|20\n|\n|t:|1700683799\n|move|p2a: Tapu Lele|Future Sight|p1a: Ferrothorn\n|-start|p2a: Tapu Lele|move: Future Sight\n|move|p1a: Ferrothorn|Leech Seed|p2a: Tapu Lele\n|-start|p2a: Tapu Lele|move: Leech Seed\n|\n|-heal|p1a: Ferrothorn|83\/100|[from] item: Leftovers\n|-damage|p2a: Tapu Lele|34\/100|[from] Leech Seed|[of] p1a: Ferrothorn\n|-heal|p1a: Ferrothorn|93\/100|[silent]\n|upkeep\n|turn|21\n|\n|t:|1700683808\n|switch|p2a: Barraskewda|Barraskewda, M, shiny|88\/100\n|move|p1a: Ferrothorn|Leech Seed|p2a: Barraskewda\n|-start|p2a: Barraskewda|move: Leech Seed\n|\n|-heal|p1a: Ferrothorn|99\/100|[from] item: Leftovers\n|-damage|p2a: Barraskewda|76\/100|[from] Leech Seed|[of] p1a: Ferrothorn\n|-heal|p1a: Ferrothorn|100\/100|[silent]\n|upkeep\n|turn|22\n|\n|t:|1700683820\n|switch|p2a: Urshifu|Urshifu-Rapid-Strike, M|64\/100 par\n|move|p1a: Ferrothorn|Protect||[still]\n|-fail|p1a: Ferrothorn\n|\n|-end|p1a: Ferrothorn|move: Future Sight\n|-resisted|p1a: Ferrothorn\n|-damage|p1a: Ferrothorn|74\/100\n|-heal|p1a: Ferrothorn|80\/100|[from] item: Leftovers\n|upkeep\n|turn|23\n|\n|t:|1700683830\n|cant|p2a: Urshifu|par\n|move|p1a: Ferrothorn|Leech Seed|p2a: Urshifu\n|-start|p2a: Urshifu|move: Leech Seed\n|\n|-heal|p1a: Ferrothorn|86\/100|[from] item: Leftovers\n|-damage|p2a: Urshifu|51\/100 par|[from] Leech Seed|[of] p1a: Ferrothorn\n|-heal|p1a: Ferrothorn|98\/100|[silent]\n|-fieldend|move: Psychic Terrain\n|upkeep\n|turn|24\n|\n|t:|1700683841\n|switch|p1a: Landorus|Landorus-Therian, M|100\/100\n|-ability|p1a: Landorus|Intimidate|boost\n|-unboost|p2a: Urshifu|atk|1\n|move|p2a: Urshifu|Close Combat|p1a: Landorus\n|-resisted|p1a: Landorus\n|-damage|p1a: Landorus|82\/100\n|-unboost|p2a: Urshifu|def|1\n|-unboost|p2a: Urshifu|spd|1\n|\n|-heal|p1a: Landorus|88\/100|[from] item: Leftovers\n|-damage|p2a: Urshifu|39\/100 par|[from] Leech Seed|[of] p1a: Landorus\n|-heal|p1a: Landorus|99\/100|[silent]\n|upkeep\n|turn|25\n|-message|poklmn forfeited.\n|\n|win|kauezim224\n|raw|kauezim224's rating: 1381 &rarr; <strong>1407<\/strong><br \/>(+26 for winning)\n|raw|poklmn's rating: 1494 &rarr; <strong>1468<\/strong><br \/>(-26 for losing)\n|l|\u2606poklmn\n","uploadtime":1700683858,"views":1,"p1id":"kauezim224","p2id":"poklmn","formatid":"gen9nationaldex","rating":1407,"private":0,"password":""}