{"id":"gen9nationaldex-1998559534","p1":"lordcp801","p2":"Maeby Mitenaut","format":"[Gen 9] National Dex","log":"|html|<div class=\"broadcast-blue\"><strong>[Gen 9] National Dex is currently suspecting Sneasler! For information on how to participate check out the <a href=\"https:\/\/www.smogon.com\/forums\/threads\/sv-national-dex-suspect-8-just-dance.3731534\/\">suspect thread<\/a>.<\/strong><\/div>\n|j|\u2606lordcp801\n|j|\u2606Maeby Mitenaut\n|t:|1700956322\n|gametype|singles\n|player|p1|lordcp801|silver|1284\n|player|p2|Maeby Mitenaut|dahlia|1214\n|teamsize|p1|6\n|teamsize|p2|6\n|gen|9\n|tier|[Gen 9] National Dex\n|rated|\n|rule|HP Percentage Mod: HP is shown in percentages\n|rule|Endless Battle Clause: Forcing endless battles is banned\n|rule|OHKO Clause: OHKO moves are banned\n|rule|Evasion Clause: Evasion abilities, items, and moves are banned\n|rule|Evasion Abilities Clause: Evasion abilities are banned\n|rule|Evasion Items Clause: Evasion items are banned\n|rule|Evasion Moves Clause: Evasion moves are banned\n|rule|Species Clause: Limit one of each Pok\u00e9mon\n|rule|Sleep Clause Mod: Limit one foe put to sleep\n|clearpoke\n|poke|p1|Electivire, M|\n|poke|p1|Rillaboom, F|\n|poke|p1|Garchomp, M|\n|poke|p1|Medicham, M|\n|poke|p1|Heatran, M|\n|poke|p1|Corviknight, F|\n|poke|p2|Raichu-Alola, F|\n|poke|p2|Clodsire, F|\n|poke|p2|Tapu Koko|\n|poke|p2|Arctozolt|\n|poke|p2|Iron Hands|\n|poke|p2|Ninetales-Alola, F|\n|teampreview\n|inactive|Battle timer is ON: inactive players will automatically lose when time's up. (requested by lordcp801)\n|\n|t:|1700956330\n|start\n|switch|p1a: Heatran|Heatran, M|100\/100\n|switch|p2a: Ice Spice|Ninetales-Alola, F, shiny|100\/100\n|-weather|Snow|[from] ability: Snow Warning|[of] p2a: Ice Spice\n|turn|1\n|\n|t:|1700956358\n|switch|p2a: Bluck Buck|Tapu Koko, shiny|100\/100\n|-fieldstart|move: Electric Terrain|[from] ability: Electric Surge|[of] p2a: Bluck Buck\n|move|p1a: Heatran|Eruption|p2a: Bluck Buck\n|-damage|p2a: Bluck Buck|2\/100\n|\n|-weather|Snow|[upkeep]\n|upkeep\n|turn|2\n|\n|t:|1700956370\n|switch|p1a: Garchomp|Garchomp, M|100\/100\n|move|p2a: Bluck Buck|U-turn|p1a: Garchomp\n|-damage|p1a: Garchomp|86\/100\n|-damage|p2a: Bluck Buck|0 fnt|[from] ability: Rough Skin|[of] p1a: Garchomp\n|faint|p2a: Bluck Buck\n|\n|-weather|Snow|[upkeep]\n|upkeep\n|inactive|Maeby Mitenaut has 120 seconds left.\n|\n|t:|1700956386\n|switch|p2a: Gritty|Arctozolt, shiny|100\/100\n|turn|3\n|\n|t:|1700956390\n|move|p2a: Gritty|Blizzard|p1a: Garchomp\n|-supereffective|p1a: Garchomp\n|-damage|p1a: Garchomp|0 fnt\n|faint|p1a: Garchomp\n|\n|-weather|Snow|[upkeep]\n|upkeep\n|\n|t:|1700956398\n|switch|p1a: Medicham|Medicham, M|100\/100\n|turn|4\n|\n|t:|1700956412\n|detailschange|p1a: Medicham|Medicham-Mega, M\n|-mega|p1a: Medicham|Medicham|Medichamite\n|move|p1a: Medicham|Fake Out|p2a: Gritty\n|-damage|p2a: Gritty|82\/100\n|cant|p2a: Gritty|flinch\n|\n|-weather|Snow|[upkeep]\n|upkeep\n|turn|5\n|\n|t:|1700956418\n|move|p2a: Gritty|Bolt Beak|p1a: Medicham\n|-crit|p1a: Medicham\n|-damage|p1a: Medicham|0 fnt\n|faint|p1a: Medicham\n|\n|-weather|Snow|[upkeep]\n|upkeep\n|\n|t:|1700956424\n|switch|p1a: Corviknight|Corviknight, F|100\/100\n|turn|6\n|\n|t:|1700956438\n|switch|p1a: Electivire|Electivire, M|100\/100\n|move|p2a: Gritty|Bolt Beak|p1a: Electivire\n|-ability|p1a: Electivire|Motor Drive|boost\n|-boost|p1a: Electivire|spe|1\n|\n|-weather|Snow|[upkeep]\n|upkeep\n|turn|7\n|c|\u2606Maeby Mitenaut|lol nice switch\n|inactive|Maeby Mitenaut has 120 seconds left.\n|\n|t:|1700956472\n|-terastallize|p1a: Electivire|Dark\n|move|p1a: Electivire|Darkest Lariat|p2a: Gritty\n|-damage|p2a: Gritty|22\/100\n|-enditem|p2a: Gritty|Aguav Berry|[eat]\n|-heal|p2a: Gritty|55\/100|[from] item: Aguav Berry\n|move|p2a: Gritty|Stomping Tantrum|p1a: Electivire\n|-damage|p1a: Electivire|30\/100\n|\n|-weather|Snow|[upkeep]\n|upkeep\n|turn|8\n|inactive|Maeby Mitenaut has 120 seconds left.\n|\n|t:|1700956487\n|switch|p1a: Rillaboom|Rillaboom, F|100\/100\n|-fieldstart|move: Grassy Terrain|[from] ability: Grassy Surge|[of] p1a: Rillaboom\n|move|p2a: Gritty|Bolt Beak|p1a: Rillaboom\n|-resisted|p1a: Rillaboom\n|-damage|p1a: Rillaboom|57\/100\n|\n|-weather|none\n|-heal|p2a: Gritty|61\/100|[from] Grassy Terrain\n|-heal|p1a: Rillaboom|64\/100|[from] Grassy Terrain\n|upkeep\n|turn|9\n|inactive|Maeby Mitenaut has 120 seconds left.\n|\n|t:|1700956500\n|switch|p2a: Ice Spice|Ninetales-Alola, F, shiny|100\/100\n|-weather|Snow|[from] ability: Snow Warning|[of] p2a: Ice Spice\n|move|p1a: Rillaboom|Wood Hammer|p2a: Ice Spice\n|-damage|p2a: Ice Spice|11\/100\n|-damage|p1a: Rillaboom|34\/100|[from] Recoil\n|-damage|p1a: Rillaboom|24\/100|[from] item: Life Orb\n|\n|-weather|Snow|[upkeep]\n|-heal|p2a: Ice Spice|17\/100|[from] Grassy Terrain\n|-heal|p1a: Rillaboom|30\/100|[from] Grassy Terrain\n|upkeep\n|turn|10\n|inactive|Maeby Mitenaut has 120 seconds left.\n|\n|t:|1700956515\n|move|p1a: Rillaboom|Grassy Glide|p2a: Ice Spice\n|-damage|p2a: Ice Spice|0 fnt\n|faint|p2a: Ice Spice\n|-damage|p1a: Rillaboom|20\/100|[from] item: Life Orb\n|\n|-weather|Snow|[upkeep]\n|-heal|p1a: Rillaboom|27\/100|[from] Grassy Terrain\n|upkeep\n|\n|t:|1700956531\n|switch|p2a: Muddy Buddy|Clodsire, F|100\/100\n|turn|11\n|\n|t:|1700956550\n|switch|p1a: Corviknight|Corviknight, F|100\/100\n|move|p2a: Muddy Buddy|Toxic|p1a: Corviknight\n|-immune|p1a: Corviknight\n|\n|-weather|Snow|[upkeep]\n|upkeep\n|turn|12\n|inactive|Maeby Mitenaut has 120 seconds left.\n|\n|t:|1700956556\n|switch|p2a: Gritty|Arctozolt, shiny|61\/100\n|move|p1a: Corviknight|Bulk Up|p1a: Corviknight\n|-boost|p1a: Corviknight|atk|1\n|-boost|p1a: Corviknight|def|1\n|\n|-weather|Snow|[upkeep]\n|-heal|p2a: Gritty|67\/100|[from] Grassy Terrain\n|-fieldend|move: Grassy Terrain\n|upkeep\n|turn|13\n|\n|t:|1700956564\n|move|p2a: Gritty|Bolt Beak|p1a: Corviknight\n|-supereffective|p1a: Corviknight\n|-damage|p1a: Corviknight|18\/100\n|move|p1a: Corviknight|Brave Bird|p2a: Gritty\n|-resisted|p2a: Gritty\n|-damage|p2a: Gritty|45\/100\n|-damage|p1a: Corviknight|11\/100|[from] Recoil\n|\n|-weather|Snow|[upkeep]\n|-heal|p1a: Corviknight|18\/100|[from] item: Leftovers\n|upkeep\n|turn|14\n|\n|t:|1700956574\n|switch|p1a: Electivire|Electivire, M, tera:Dark|30\/100\n|move|p2a: Gritty|Blizzard|p1a: Electivire\n|-damage|p1a: Electivire|0 fnt\n|faint|p1a: Electivire\n|\n|-weather|Snow|[upkeep]\n|upkeep\n|\n|t:|1700956581\n|switch|p1a: Heatran|Heatran, M|100\/100\n|turn|15\n|-message|lordcp801 forfeited.\n|\n|win|Maeby Mitenaut\n|raw|lordcp801's rating: 1284 &rarr; <strong>1254<\/strong><br \/>(-30 for losing)\n|raw|Maeby Mitenaut's rating: 1214 &rarr; <strong>1244<\/strong><br \/>(+30 for winning)\n|l|\u2606lordcp801\n|c|\u2606Maeby Mitenaut|gg\n","uploadtime":1700956597,"views":4,"p1id":"lordcp801","p2id":"maebymitenaut","formatid":"gen9nationaldex","rating":1244,"private":0,"password":""}