{"id":"gen9nationaldex-1992932568","p1":"Elena Rybakina","p2":"The power of ROCK","format":"[Gen 9] National Dex","log":"|j|\u2606Elena Rybakina\n|j|\u2606The power of ROCK\n|inactive|Battle timer is ON: inactive players will automatically lose when time's up.\n|t:|1700248005\n|gametype|singles\n|player|p1|Elena Rybakina|sada-ai|\n|player|p2|The power of ROCK|roark|\n|teamsize|p1|6\n|teamsize|p2|6\n|gen|9\n|tier|[Gen 9] National Dex\n|rated|Tournament battle\n|rule|HP Percentage Mod: HP is shown in percentages\n|rule|Endless Battle Clause: Forcing endless battles is banned\n|rule|OHKO Clause: OHKO moves are banned\n|rule|Evasion Clause: Evasion abilities, items, and moves are banned\n|rule|Evasion Abilities Clause: Evasion abilities are banned\n|rule|Evasion Items Clause: Evasion items are banned\n|rule|Evasion Moves Clause: Evasion moves are banned\n|rule|Species Clause: Limit one of each Pok\u00e9mon\n|rule|Sleep Clause Mod: Limit one foe put to sleep\n|clearpoke\n|poke|p1|Kyurem|\n|poke|p1|Ninetales-Alola, M|\n|poke|p1|Iron Valiant|\n|poke|p1|Ursaluna, F|\n|poke|p1|Volcarona, F|\n|poke|p1|Latios, M|\n|poke|p2|Tyranitar, M|\n|poke|p2|Garganacl, M|\n|poke|p2|Aggron, M|\n|poke|p2|Cradily, F|\n|poke|p2|Glimmora, F|\n|poke|p2|Avalugg-Hisui, F|\n|teampreview\n|c|\u2606The power of ROCK|Welcome to the ROCK gym\n|\n|t:|1700248016\n|start\n|switch|p1a: Ninetales|Ninetales-Alola, M, shiny|100\/100\n|switch|p2a: Glimmora|Glimmora, F|100\/100\n|-weather|Snow|[from] ability: Snow Warning|[of] p1a: Ninetales\n|turn|1\n|\n|t:|1700248028\n|move|p2a: Glimmora|Sludge Wave|p1a: Ninetales\n|-supereffective|p1a: Ninetales\n|-damage|p1a: Ninetales|11\/100\n|move|p1a: Ninetales|Freeze-Dry|p2a: Glimmora\n|-damage|p2a: Glimmora|74\/100\n|\n|-weather|Snow|[upkeep]\n|upkeep\n|turn|2\n|\n|t:|1700248041\n|move|p2a: Glimmora|Sludge Wave|p1a: Ninetales\n|-supereffective|p1a: Ninetales\n|-damage|p1a: Ninetales|0 fnt\n|faint|p1a: Ninetales\n|\n|-weather|Snow|[upkeep]\n|upkeep\n|\n|t:|1700248043\n|switch|p1a: Latios|Latios, M|100\/100\n|turn|3\n|\n|t:|1700248050\n|switch|p2a: Tyranitar|Tyranitar, M|100\/100\n|-weather|Sandstorm|[from] ability: Sand Stream|[of] p2a: Tyranitar\n|-terastallize|p1a: Latios|Steel\n|move|p1a: Latios|Calm Mind|p1a: Latios\n|-boost|p1a: Latios|spa|1\n|-boost|p1a: Latios|spd|1\n|\n|-weather|Sandstorm|[upkeep]\n|upkeep\n|turn|4\n|\n|t:|1700248058\n|move|p1a: Latios|Aura Sphere|p2a: Tyranitar\n|-supereffective|p2a: Tyranitar\n|-damage|p2a: Tyranitar|58\/100\n|move|p2a: Tyranitar|Dragon Tail|p1a: Latios\n|-resisted|p1a: Latios\n|-damage|p1a: Latios|88\/100\n|drag|p1a: Volcarona|Volcarona, F|100\/100\n|\n|-weather|Sandstorm|[upkeep]\n|-damage|p1a: Volcarona|94\/100|[from] Sandstorm\n|upkeep\n|turn|5\n|\n|t:|1700248066\n|switch|p1a: Ursaluna|Ursaluna, F, shiny|100\/100\n|move|p2a: Tyranitar|Rock Blast|p1a: Ursaluna\n|-resisted|p1a: Ursaluna\n|-damage|p1a: Ursaluna|97\/100\n|-resisted|p1a: Ursaluna\n|-damage|p1a: Ursaluna|93\/100\n|-hitcount|p1a: Ursaluna|2\n|\n|-weather|Sandstorm|[upkeep]\n|-status|p1a: Ursaluna|brn|[from] item: Flame Orb\n|upkeep\n|turn|6\n|\n|t:|1700248074\n|switch|p2a: Cradily|Cradily, F|100\/100\n|move|p1a: Ursaluna|Earthquake|p2a: Cradily\n|-damage|p2a: Cradily|51\/100\n|\n|-weather|Sandstorm|[upkeep]\n|-damage|p1a: Ursaluna|87\/100 brn|[from] brn\n|upkeep\n|turn|7\n|inactive|The power of ROCK has 120 seconds left.\n|inactive|The power of ROCK has 90 seconds left.\n|inactive|The power of ROCK has 60 seconds left.\n|\n|t:|1700248168\n|move|p1a: Ursaluna|Earthquake|p2a: Cradily\n|-damage|p2a: Cradily|1\/100\n|move|p2a: Cradily|Leech Seed|p1a: Ursaluna\n|-start|p1a: Ursaluna|move: Leech Seed\n|\n|-weather|none\n|-damage|p1a: Ursaluna|75\/100 brn|[from] Leech Seed|[of] p2a: Cradily\n|-heal|p2a: Cradily|16\/100|[silent]\n|-damage|p1a: Ursaluna|69\/100 brn|[from] brn\n|upkeep\n|turn|8\n|\n|t:|1700248178\n|move|p1a: Ursaluna|Facade|p2a: Cradily\n|-resisted|p2a: Cradily\n|-damage|p2a: Cradily|0 fnt\n|faint|p2a: Cradily\n|\n|-damage|p1a: Ursaluna|62\/100 brn|[from] brn\n|upkeep\n|\n|t:|1700248183\n|switch|p2a: Aggron|Aggron, M|100\/100\n|turn|9\n|\n|t:|1700248186\n|switch|p1a: Volcarona|Volcarona, F|94\/100\n|detailschange|p2a: Aggron|Aggron-Mega, M\n|-mega|p2a: Aggron|Aggron|Aggronite\n|move|p2a: Aggron|Body Press|p1a: Volcarona\n|-resisted|p1a: Volcarona\n|-damage|p1a: Volcarona|68\/100\n|\n|upkeep\n|turn|10\n|\n|t:|1700248191\n|switch|p2a: Tyranitar|Tyranitar, M|58\/100\n|-weather|Sandstorm|[from] ability: Sand Stream|[of] p2a: Tyranitar\n|move|p1a: Volcarona|Flamethrower|p2a: Tyranitar\n|-resisted|p2a: Tyranitar\n|-damage|p2a: Tyranitar|52\/100\n|\n|-weather|Sandstorm|[upkeep]\n|-damage|p1a: Volcarona|62\/100|[from] Sandstorm\n|upkeep\n|turn|11\n|\n|t:|1700248202\n|move|p1a: Volcarona|Giga Drain|p2a: Tyranitar\n|-supereffective|p2a: Tyranitar\n|-damage|p2a: Tyranitar|40\/100\n|-heal|p1a: Volcarona|69\/100|[from] drain|[of] p2a: Tyranitar\n|move|p2a: Tyranitar|Knock Off|p1a: Volcarona\n|-damage|p1a: Volcarona|27\/100\n|-enditem|p1a: Volcarona|Heavy-Duty Boots|[from] move: Knock Off|[of] p2a: Tyranitar\n|\n|-weather|Sandstorm|[upkeep]\n|-damage|p1a: Volcarona|20\/100|[from] Sandstorm\n|upkeep\n|turn|12\n|\n|t:|1700248211\n|move|p1a: Volcarona|Giga Drain|p2a: Tyranitar\n|-supereffective|p2a: Tyranitar\n|-damage|p2a: Tyranitar|27\/100\n|-heal|p1a: Volcarona|27\/100|[from] drain|[of] p2a: Tyranitar\n|move|p2a: Tyranitar|Pursuit|p1a: Volcarona\n|-damage|p1a: Volcarona|8\/100\n|\n|-weather|Sandstorm|[upkeep]\n|-damage|p1a: Volcarona|2\/100|[from] Sandstorm\n|upkeep\n|turn|13\n|inactive|The power of ROCK has 90 seconds left.\n|\n|t:|1700248231\n|switch|p2a: Glimmora|Glimmora, F|74\/100\n|move|p1a: Volcarona|Giga Drain|p2a: Glimmora\n|-damage|p2a: Glimmora|53\/100\n|-heal|p1a: Volcarona|10\/100|[from] drain|[of] p2a: Glimmora\n|\n|-weather|Sandstorm|[upkeep]\n|-damage|p1a: Volcarona|4\/100|[from] Sandstorm\n|upkeep\n|turn|14\n|\n|t:|1700248237\n|move|p2a: Glimmora|Spikes|p1a: Volcarona\n|-sidestart|p1: Elena Rybakina|Spikes\n|move|p1a: Volcarona|Flamethrower|p2a: Glimmora\n|-resisted|p2a: Glimmora\n|-damage|p2a: Glimmora|34\/100\n|\n|-weather|none\n|upkeep\n|turn|15\n|\n|t:|1700248240\n|switch|p2a: Tyranitar|Tyranitar, M|27\/100\n|-weather|Sandstorm|[from] ability: Sand Stream|[of] p2a: Tyranitar\n|move|p1a: Volcarona|Quiver Dance|p1a: Volcarona\n|-boost|p1a: Volcarona|spa|1\n|-boost|p1a: Volcarona|spd|1\n|-boost|p1a: Volcarona|spe|1\n|\n|-weather|Sandstorm|[upkeep]\n|-damage|p1a: Volcarona|0 fnt|[from] Sandstorm\n|faint|p1a: Volcarona\n|upkeep\n|\n|t:|1700248246\n|switch|p1a: Latios|Latios, M, tera:Steel|88\/100\n|turn|16\n|\n|t:|1700248251\n|switch|p2a: Garganacl|Garganacl, M|100\/100\n|move|p1a: Latios|Aura Sphere|p2a: Garganacl\n|-supereffective|p2a: Garganacl\n|-damage|p2a: Garganacl|78\/100\n|-enditem|p2a: Garganacl|Maranga Berry|[eat]\n|-boost|p2a: Garganacl|spd|1|[from] item: Maranga Berry\n|\n|-weather|Sandstorm|[upkeep]\n|upkeep\n|turn|17\n|inactive|The power of ROCK has 120 seconds left.\n|\n|t:|1700248258\n|switch|p1a: Ursaluna|Ursaluna, F, shiny|62\/100 brn\n|-damage|p1a: Ursaluna|50\/100 brn|[from] Spikes\n|move|p2a: Garganacl|Salt Cure|p1a: Ursaluna\n|-resisted|p1a: Ursaluna\n|-damage|p1a: Ursaluna|46\/100 brn\n|-start|p1a: Ursaluna|Salt Cure\n|\n|-weather|Sandstorm|[upkeep]\n|-damage|p1a: Ursaluna|40\/100 brn|[from] brn\n|-damage|p1a: Ursaluna|27\/100 brn|[from] Salt Cure\n|upkeep\n|turn|18\n|\n|t:|1700248267\n|switch|p2a: Glimmora|Glimmora, F|34\/100\n|move|p1a: Ursaluna|Earthquake|p2a: Glimmora\n|-supereffective|p2a: Glimmora\n|-damage|p2a: Glimmora|0 fnt\n|-activate|p2a: Glimmora|ability: Toxic Debris\n|-sidestart|p1: Elena Rybakina|move: Toxic Spikes\n|faint|p2a: Glimmora\n|\n|-weather|Sandstorm|[upkeep]\n|-damage|p1a: Ursaluna|21\/100 brn|[from] brn\n|-damage|p1a: Ursaluna|9\/100 brn|[from] Salt Cure\n|upkeep\n|inactive|The power of ROCK has 120 seconds left.\n|\n|t:|1700248280\n|switch|p2a: Tyranitar|Tyranitar, M|27\/100\n|turn|19\n|\n|t:|1700248293\n|move|p1a: Ursaluna|Facade|p2a: Tyranitar\n|-resisted|p2a: Tyranitar\n|-damage|p2a: Tyranitar|0 fnt\n|faint|p2a: Tyranitar\n|\n|-weather|none\n|-damage|p1a: Ursaluna|3\/100 brn|[from] brn\n|-damage|p1a: Ursaluna|0 fnt|[from] Salt Cure\n|faint|p1a: Ursaluna\n|upkeep\n|\n|t:|1700248303\n|switch|p1a: Kyurem|Kyurem|100\/100\n|switch|p2a: Aggron|Aggron-Mega, M|100\/100\n|-damage|p1a: Kyurem|88\/100|[from] Spikes\n|-status|p1a: Kyurem|psn\n|-ability|p1a: Kyurem|Pressure\n|turn|20\n|\n|t:|1700248308\n|move|p1a: Kyurem|Hidden Power|p2a: Aggron\n|-supereffective|p2a: Aggron\n|-damage|p2a: Aggron|71\/100\n|move|p2a: Aggron|Body Press|p1a: Kyurem\n|-supereffective|p1a: Kyurem\n|-damage|p1a: Kyurem|0 fnt\n|faint|p1a: Kyurem\n|\n|upkeep\n|\n|t:|1700248314\n|switch|p1a: Latios|Latios, M, tera:Steel|88\/100\n|turn|21\n|\n|t:|1700248319\n|move|p1a: Latios|Aura Sphere|p2a: Aggron\n|-supereffective|p2a: Aggron\n|-damage|p2a: Aggron|22\/100\n|move|p2a: Aggron|Body Press|p1a: Latios\n|-supereffective|p1a: Latios\n|-damage|p1a: Latios|0 fnt\n|faint|p1a: Latios\n|\n|upkeep\n|\n|t:|1700248320\n|switch|p1a: Iron Valiant|Iron Valiant|100\/100\n|-damage|p1a: Iron Valiant|88\/100|[from] Spikes\n|-status|p1a: Iron Valiant|psn\n|-enditem|p1a: Iron Valiant|Booster Energy\n|-activate|p1a: Iron Valiant|ability: Quark Drive|[fromitem]\n|-start|p1a: Iron Valiant|quarkdrivespe\n|turn|22\n|\n|t:|1700248323\n|move|p1a: Iron Valiant|Thunderbolt|p2a: Aggron\n|-damage|p2a: Aggron|0 fnt\n|faint|p2a: Aggron\n|\n|-damage|p1a: Iron Valiant|76\/100 psn|[from] psn\n|upkeep\n|\n|t:|1700248329\n|switch|p2a: Garganacl|Garganacl, M|78\/100\n|turn|23\n|\n|t:|1700248334\n|-terastallize|p2a: Garganacl|Ghost\n|move|p1a: Iron Valiant|Calm Mind|p1a: Iron Valiant\n|-boost|p1a: Iron Valiant|spa|1\n|-boost|p1a: Iron Valiant|spd|1\n|move|p2a: Garganacl|Recover|p2a: Garganacl\n|-heal|p2a: Garganacl|100\/100\n|\n|-damage|p1a: Iron Valiant|63\/100 psn|[from] psn\n|upkeep\n|turn|24\n|\n|t:|1700248337\n|move|p1a: Iron Valiant|Moonblast|p2a: Garganacl\n|-damage|p2a: Garganacl|57\/100\n|move|p2a: Garganacl|Salt Cure|p1a: Iron Valiant\n|-resisted|p1a: Iron Valiant\n|-damage|p1a: Iron Valiant|54\/100 psn\n|-start|p1a: Iron Valiant|Salt Cure\n|\n|-damage|p1a: Iron Valiant|41\/100 psn|[from] psn\n|-damage|p1a: Iron Valiant|29\/100 psn|[from] Salt Cure\n|upkeep\n|turn|25\n|\n|t:|1700248339\n|move|p1a: Iron Valiant|Moonblast|p2a: Garganacl\n|-damage|p2a: Garganacl|15\/100\n|move|p2a: Garganacl|Recover|p2a: Garganacl\n|-heal|p2a: Garganacl|65\/100\n|\n|-damage|p1a: Iron Valiant|16\/100 psn|[from] psn\n|-damage|p1a: Iron Valiant|4\/100 psn|[from] Salt Cure\n|upkeep\n|turn|26\n|\n|t:|1700248341\n|move|p1a: Iron Valiant|Moonblast|p2a: Garganacl\n|-damage|p2a: Garganacl|21\/100\n|move|p2a: Garganacl|Recover|p2a: Garganacl\n|-heal|p2a: Garganacl|71\/100\n|\n|-damage|p1a: Iron Valiant|0 fnt|[from] psn\n|faint|p1a: Iron Valiant\n|-end|p1a: Iron Valiant|Quark Drive|[silent]\n|\n|win|The power of ROCK\n|upkeep\n|n|\u2606Elena Rybakina|elenarybakina\n|n|\u2606The power of ROCK|thepowerofrock\n|c|\u2606The power of ROCK|gg : )\n|l|\u2606Elena Rybakina\n","uploadtime":1700248349,"views":8,"p1id":"elenarybakina","p2id":"thepowerofrock","formatid":"gen9nationaldex","rating":0,"private":0,"password":""}