{"id":"gen9nationaldex-2000487805","p1":"K. Repola","p2":"SageThe33rd","format":"[Gen 9] National Dex","log":"|html|<div class=\"broadcast-blue\"><strong>[Gen 9] National Dex is currently suspecting Sneasler! For information on how to participate check out the <a href=\"https:\/\/www.smogon.com\/forums\/threads\/sv-national-dex-suspect-8-just-dance.3731534\/\">suspect thread<\/a>.<\/strong><\/div>\n|j|\u2606K. Repola\n|j|\u2606SageThe33rd\n|t:|1701198978\n|gametype|singles\n|player|p1|K. Repola|gentleman|1434\n|player|p2|SageThe33rd|102|1428\n|teamsize|p1|6\n|teamsize|p2|6\n|gen|9\n|tier|[Gen 9] National Dex\n|rated|\n|rule|HP Percentage Mod: HP is shown in percentages\n|rule|Endless Battle Clause: Forcing endless battles is banned\n|rule|OHKO Clause: OHKO moves are banned\n|rule|Evasion Clause: Evasion abilities, items, and moves are banned\n|rule|Evasion Abilities Clause: Evasion abilities are banned\n|rule|Evasion Items Clause: Evasion items are banned\n|rule|Evasion Moves Clause: Evasion moves are banned\n|rule|Species Clause: Limit one of each Pok\u00e9mon\n|rule|Sleep Clause Mod: Limit one foe put to sleep\n|clearpoke\n|poke|p1|Koffing, F|\n|poke|p1|Ninjask, M|\n|poke|p1|Glimmora, F|\n|poke|p1|Toxapex, M|\n|poke|p1|Gliscor, M|\n|poke|p1|Blissey, F|\n|poke|p2|Tyranitar, M|\n|poke|p2|Gliscor, F|\n|poke|p2|Celesteela|\n|poke|p2|Tapu Lele|\n|poke|p2|Alomomola, F|\n|poke|p2|Zapdos|\n|teampreview\n|inactive|Battle timer is ON: inactive players will automatically lose when time's up. (requested by SageThe33rd)\n|c|\u2606K. Repola|greetings\n|c|\u2606SageThe33rd|Greetings\n|\n|t:|1701198993\n|start\n|switch|p1a: J\u00f6rri|Ninjask, M|100\/100\n|switch|p2a: Celesteela|Celesteela|100\/100\n|turn|1\n|\n|t:|1701199002\n|move|p1a: J\u00f6rri|U-turn|p2a: Celesteela\n|-resisted|p2a: Celesteela\n|-damage|p2a: Celesteela|94\/100\n|\n|t:|1701199005\n|switch|p1a: Emmi|Blissey, F|100\/100|[from] U-turn\n|move|p2a: Celesteela|Flamethrower|p1a: Emmi\n|-damage|p1a: Emmi|92\/100\n|\n|-heal|p1a: Emmi|98\/100|[from] item: Leftovers\n|upkeep\n|turn|2\n|\n|t:|1701199012\n|move|p2a: Celesteela|Heavy Slam|p1a: Emmi\n|-damage|p1a: Emmi|68\/100\n|move|p1a: Emmi|Teleport|p1a: Emmi\n|\n|t:|1701199019\n|switch|p1a: Kimalle|Glimmora, F|100\/100|[from] Teleport\n|\n|upkeep\n|turn|3\n|\n|t:|1701199023\n|move|p1a: Kimalle|Toxic|p2a: Celesteela\n|-status|p2a: Celesteela|tox\n|move|p2a: Celesteela|Giga Drain|p1a: Kimalle\n|-damage|p1a: Kimalle|76\/100\n|-heal|p2a: Celesteela|100\/100 tox|[from] drain|[of] p1a: Kimalle\n|\n|-damage|p2a: Celesteela|94\/100 tox|[from] psn\n|upkeep\n|turn|4\n|\n|t:|1701199031\n|switch|p1a: T\u00e4ht\u00f6|Toxapex, M|100\/100\n|move|p2a: Celesteela|Air Slash|p1a: T\u00e4ht\u00f6\n|-damage|p1a: T\u00e4ht\u00f6|77\/100\n|\n|-damage|p2a: Celesteela|82\/100 tox|[from] psn\n|upkeep\n|turn|5\n|\n|t:|1701199037\n|switch|p2a: Tapu Lele|Tapu Lele|100\/100\n|-fieldstart|move: Psychic Terrain|[from] ability: Psychic Surge|[of] p2a: Tapu Lele\n|move|p1a: T\u00e4ht\u00f6|Poison Jab|p2a: Tapu Lele\n|-supereffective|p2a: Tapu Lele\n|-damage|p2a: Tapu Lele|36\/100\n|\n|upkeep\n|turn|6\n|\n|t:|1701199055\n|-terastallize|p2a: Tapu Lele|Psychic\n|-terastallize|p1a: T\u00e4ht\u00f6|Water\n|move|p2a: Tapu Lele|Psychic|p1a: T\u00e4ht\u00f6\n|-damage|p1a: T\u00e4ht\u00f6|2\/100\n|move|p1a: T\u00e4ht\u00f6|Poison Jab|p2a: Tapu Lele\n|-damage|p2a: Tapu Lele|3\/100\n|\n|upkeep\n|turn|7\n|\n|t:|1701199065\n|move|p2a: Tapu Lele|Psychic|p1a: T\u00e4ht\u00f6\n|-damage|p1a: T\u00e4ht\u00f6|0 fnt\n|faint|p1a: T\u00e4ht\u00f6\n|\n|upkeep\n|\n|t:|1701199070\n|switch|p1a: J\u00f6rri|Ninjask, M|100\/100\n|turn|8\n|\n|t:|1701199075\n|move|p1a: J\u00f6rri|Protect|p1a: J\u00f6rri\n|-singleturn|p1a: J\u00f6rri|Protect\n|move|p2a: Tapu Lele|Psychic|p1a: J\u00f6rri\n|-activate|p1a: J\u00f6rri|move: Protect\n|\n|-ability|p1a: J\u00f6rri|Speed Boost|boost\n|-boost|p1a: J\u00f6rri|spe|1\n|upkeep\n|turn|9\n|\n|t:|1701199082\n|switch|p2a: Alomomola|Alomomola, F|100\/100\n|move|p1a: J\u00f6rri|U-turn|p2a: Alomomola\n|-damage|p2a: Alomomola|83\/100\n|-damage|p1a: J\u00f6rri|84\/100|[from] item: Rocky Helmet|[of] p2a: Alomomola\n|\n|t:|1701199090\n|switch|p1a: \u0160\u00f6k\u00f6|Koffing, F, shiny|100\/100|[from] U-turn\n|-ability|p1a: \u0160\u00f6k\u00f6|Neutralizing Gas\n|\n|-fieldend|move: Psychic Terrain\n|upkeep\n|turn|10\n|\n|t:|1701199097\n|move|p2a: Alomomola|Knock Off|p1a: \u0160\u00f6k\u00f6\n|-damage|p1a: \u0160\u00f6k\u00f6|88\/100\n|-enditem|p1a: \u0160\u00f6k\u00f6|Eviolite|[from] move: Knock Off|[of] p2a: Alomomola\n|move|p1a: \u0160\u00f6k\u00f6|Toxic|p2a: Alomomola\n|-status|p2a: Alomomola|tox\n|\n|-damage|p2a: Alomomola|77\/100 tox|[from] psn\n|upkeep\n|turn|11\n|\n|t:|1701199104\n|move|p2a: Alomomola|Wish|p2a: Alomomola\n|move|p1a: \u0160\u00f6k\u00f6|Toxic|p2a: Alomomola\n|-fail|p2a: Alomomola|tox\n|\n|-damage|p2a: Alomomola|64\/100 tox|[from] psn\n|upkeep\n|turn|12\n|\n|t:|1701199110\n|move|p2a: Alomomola|Flip Turn|p1a: \u0160\u00f6k\u00f6\n|-damage|p1a: \u0160\u00f6k\u00f6|71\/100\n|\n|t:|1701199114\n|switch|p2a: Tapu Lele|Tapu Lele, tera:Psychic|3\/100|[from] Flip Turn\n|move|p1a: \u0160\u00f6k\u00f6|Flamethrower|p2a: Tapu Lele\n|-damage|p2a: Tapu Lele|0 fnt\n|faint|p2a: Tapu Lele\n|\n|upkeep\n|\n|t:|1701199124\n|switch|p2a: Gliscor|Gliscor, F|100\/100\n|turn|13\n|\n|t:|1701199130\n|-end|p1a: \u0160\u00f6k\u00f6|ability: Neutralizing Gas\n|switch|p1a: Slepe|Gliscor, M|100\/100\n|move|p2a: Gliscor|Earthquake|p1a: Slepe\n|-immune|p1a: Slepe\n|\n|-status|p2a: Gliscor|tox|[from] item: Toxic Orb\n|-status|p1a: Slepe|tox|[from] item: Toxic Orb\n|upkeep\n|turn|14\n|\n|t:|1701199139\n|move|p1a: Slepe|Swords Dance|p1a: Slepe\n|-boost|p1a: Slepe|atk|2\n|move|p2a: Gliscor|Facade|p1a: Slepe\n|-damage|p1a: Slepe|82\/100 tox\n|\n|-heal|p1a: Slepe|94\/100 tox|[from] ability: Poison Heal\n|upkeep\n|turn|15\n|\n|t:|1701199146\n|switch|p2a: Alomomola|Alomomola, F|64\/100 tox\n|move|p1a: Slepe|Swords Dance|p1a: Slepe\n|-boost|p1a: Slepe|atk|2\n|\n|-heal|p1a: Slepe|100\/100 tox|[from] ability: Poison Heal\n|-damage|p2a: Alomomola|58\/100 tox|[from] psn\n|upkeep\n|turn|16\n|\n|t:|1701199155\n|move|p1a: Slepe|Earthquake|p2a: Alomomola\n|-damage|p2a: Alomomola|3\/100 tox\n|move|p2a: Alomomola|Flip Turn|p1a: Slepe\n|-supereffective|p1a: Slepe\n|-crit|p1a: Slepe\n|-damage|p1a: Slepe|71\/100 tox\n|\n|t:|1701199164\n|switch|p2a: Celesteela|Celesteela|82\/100 tox|[from] Flip Turn\n|\n|-heal|p1a: Slepe|84\/100 tox|[from] ability: Poison Heal\n|-damage|p2a: Celesteela|76\/100 tox|[from] psn\n|upkeep\n|turn|17\n|\n|t:|1701199186\n|move|p1a: Slepe|Dual Wingbeat|p2a: Celesteela\n|-resisted|p2a: Celesteela\n|-damage|p2a: Celesteela|60\/100 tox\n|-resisted|p2a: Celesteela\n|-damage|p2a: Celesteela|43\/100 tox\n|-hitcount|p2a: Celesteela|2\n|move|p2a: Celesteela|Giga Drain|p1a: Slepe\n|-damage|p1a: Slepe|62\/100 tox\n|-heal|p2a: Celesteela|53\/100 tox|[from] drain|[of] p1a: Slepe\n|\n|-heal|p1a: Slepe|74\/100 tox|[from] ability: Poison Heal\n|-damage|p2a: Celesteela|41\/100 tox|[from] psn\n|upkeep\n|turn|18\n|inactive|K. Repola has 120 seconds left.\n|\n|t:|1701199206\n|move|p1a: Slepe|Dual Wingbeat|p2a: Celesteela\n|-resisted|p2a: Celesteela\n|-damage|p2a: Celesteela|24\/100 tox\n|-resisted|p2a: Celesteela\n|-damage|p2a: Celesteela|9\/100 tox\n|-hitcount|p2a: Celesteela|2\n|move|p2a: Celesteela|Giga Drain|p1a: Slepe\n|-damage|p1a: Slepe|54\/100 tox\n|-heal|p2a: Celesteela|18\/100 tox|[from] drain|[of] p1a: Slepe\n|\n|-heal|p1a: Slepe|66\/100 tox|[from] ability: Poison Heal\n|-damage|p2a: Celesteela|0 fnt|[from] psn\n|faint|p2a: Celesteela\n|upkeep\n|\n|t:|1701199219\n|switch|p2a: Zapdos|Zapdos|100\/100\n|turn|19\n|\n|t:|1701199228\n|switch|p1a: Emmi|Blissey, F|68\/100\n|move|p2a: Zapdos|Heat Wave|p1a: Emmi\n|-damage|p1a: Emmi|59\/100\n|\n|-heal|p1a: Emmi|65\/100|[from] item: Leftovers\n|upkeep\n|turn|20\n|\n|t:|1701199235\n|move|p2a: Zapdos|Volt Switch|p1a: Emmi\n|-damage|p1a: Emmi|55\/100\n|\n|t:|1701199239\n|switch|p2a: Tyranitar|Tyranitar, M|100\/100|[from] Volt Switch\n|-weather|Sandstorm|[from] ability: Sand Stream|[of] p2a: Tyranitar\n|move|p1a: Emmi|Teleport|p1a: Emmi\n|\n|t:|1701199244\n|switch|p1a: \u0160\u00f6k\u00f6|Koffing, F, shiny|71\/100|[from] Teleport\n|-ability|p1a: \u0160\u00f6k\u00f6|Neutralizing Gas\n|\n|-weather|Sandstorm|[upkeep]\n|-damage|p1a: \u0160\u00f6k\u00f6|65\/100|[from] Sandstorm\n|upkeep\n|turn|21\n|\n|t:|1701199253\n|detailschange|p2a: Tyranitar|Tyranitar-Mega, M\n|-mega|p2a: Tyranitar|Tyranitar|Tyranitarite\n|move|p2a: Tyranitar|Earthquake|p1a: \u0160\u00f6k\u00f6\n|-supereffective|p1a: \u0160\u00f6k\u00f6\n|-crit|p1a: \u0160\u00f6k\u00f6\n|-damage|p1a: \u0160\u00f6k\u00f6|0 fnt\n|faint|p1a: \u0160\u00f6k\u00f6\n|-end|p1a: \u0160\u00f6k\u00f6|ability: Neutralizing Gas\n|\n|-weather|Sandstorm|[upkeep]\n|upkeep\n|\n|t:|1701199260\n|switch|p1a: J\u00f6rri|Ninjask, M|84\/100\n|turn|22\n|\n|t:|1701199264\n|move|p1a: J\u00f6rri|U-turn|p2a: Tyranitar\n|-supereffective|p2a: Tyranitar\n|-damage|p2a: Tyranitar|71\/100\n|\n|t:|1701199268\n|switch|p1a: Slepe|Gliscor, M|66\/100 tox|[from] U-turn\n|move|p2a: Tyranitar|Rock Slide|p1a: Slepe\n|-damage|p1a: Slepe|41\/100 tox\n|\n|-weather|Sandstorm|[upkeep]\n|-heal|p1a: Slepe|54\/100 tox|[from] ability: Poison Heal\n|upkeep\n|turn|23\n|\n|t:|1701199281\n|switch|p2a: Alomomola|Alomomola, F|37\/100 tox\n|move|p1a: Slepe|Earthquake|p2a: Alomomola\n|-damage|p2a: Alomomola|20\/100 tox\n|\n|-weather|Sandstorm|[upkeep]\n|-damage|p2a: Alomomola|14\/100 tox|[from] Sandstorm\n|-heal|p1a: Slepe|66\/100 tox|[from] ability: Poison Heal\n|-damage|p2a: Alomomola|8\/100 tox|[from] psn\n|upkeep\n|turn|24\n|\n|t:|1701199294\n|move|p1a: Slepe|Earthquake|p2a: Alomomola\n|-damage|p2a: Alomomola|0 fnt\n|faint|p2a: Alomomola\n|\n|-weather|none\n|-heal|p1a: Slepe|79\/100 tox|[from] ability: Poison Heal\n|upkeep\n|\n|t:|1701199297\n|switch|p2a: Tyranitar|Tyranitar-Mega, M|71\/100\n|-weather|Sandstorm|[from] ability: Sand Stream|[of] p2a: Tyranitar\n|turn|25\n|\n|t:|1701199304\n|move|p1a: Slepe|Swords Dance|p1a: Slepe\n|-boost|p1a: Slepe|atk|2\n|move|p2a: Tyranitar|Rock Slide|p1a: Slepe\n|-damage|p1a: Slepe|57\/100 tox\n|\n|-weather|Sandstorm|[upkeep]\n|-heal|p1a: Slepe|69\/100 tox|[from] ability: Poison Heal\n|upkeep\n|turn|26\n|\n|t:|1701199311\n|switch|p2a: Gliscor|Gliscor, F|100\/100 tox\n|move|p1a: Slepe|Earthquake|p2a: Gliscor\n|-immune|p2a: Gliscor\n|\n|-weather|Sandstorm|[upkeep]\n|-heal|p1a: Slepe|82\/100 tox|[from] ability: Poison Heal\n|upkeep\n|turn|27\n|\n|t:|1701199319\n|move|p2a: Gliscor|Facade|p1a: Slepe\n|-damage|p1a: Slepe|63\/100 tox\n|move|p1a: Slepe|Swords Dance|p1a: Slepe\n|-boost|p1a: Slepe|atk|2\n|\n|-weather|Sandstorm|[upkeep]\n|-heal|p1a: Slepe|75\/100 tox|[from] ability: Poison Heal\n|upkeep\n|turn|28\n|\n|t:|1701199327\n|move|p2a: Gliscor|Facade|p1a: Slepe\n|-damage|p1a: Slepe|58\/100 tox\n|move|p1a: Slepe|Swords Dance|p1a: Slepe\n|-boost|p1a: Slepe|atk|2\n|\n|-weather|Sandstorm|[upkeep]\n|-heal|p1a: Slepe|71\/100 tox|[from] ability: Poison Heal\n|upkeep\n|turn|29\n|\n|t:|1701199336\n|move|p2a: Gliscor|Facade|p1a: Slepe\n|-damage|p1a: Slepe|52\/100 tox\n|move|p1a: Slepe|Dual Wingbeat|p2a: Gliscor\n|-damage|p2a: Gliscor|69\/100 tox\n|-damage|p2a: Gliscor|35\/100 tox\n|-hitcount|p2a: Gliscor|2\n|\n|-weather|none\n|-heal|p2a: Gliscor|47\/100 tox|[from] ability: Poison Heal\n|-heal|p1a: Slepe|65\/100 tox|[from] ability: Poison Heal\n|upkeep\n|turn|30\n|\n|t:|1701199346\n|move|p2a: Gliscor|Facade|p1a: Slepe\n|-damage|p1a: Slepe|46\/100 tox\n|move|p1a: Slepe|Dual Wingbeat|p2a: Gliscor\n|-damage|p2a: Gliscor|17\/100 tox\n|-damage|p2a: Gliscor|0 fnt\n|faint|p2a: Gliscor\n|-hitcount|p2: Gliscor|2\n|\n|-heal|p1a: Slepe|58\/100 tox|[from] ability: Poison Heal\n|upkeep\n|-message|SageThe33rd forfeited.\n|\n|win|K. Repola\n|raw|K. Repola's rating: 1434 &rarr; <strong>1454<\/strong><br \/>(+20 for winning)\n|raw|SageThe33rd's rating: 1428 &rarr; <strong>1408<\/strong><br \/>(-20 for losing)\n|l|\u2606SageThe33rd\n|c|\u2606K. Repola|gg\n","uploadtime":1701199360,"views":24,"p1id":"krepola","p2id":"sagethe33rd","formatid":"gen9nationaldex","rating":1408,"private":0,"password":""}