{"id":"gen9nationaldex-1999847400","p1":"1 cel","p2":"loch2009","format":"[Gen 9] National Dex","log":"|html|<div class=\"broadcast-blue\"><strong>[Gen 9] National Dex is currently suspecting Sneasler! For information on how to participate check out the <a href=\"https:\/\/www.smogon.com\/forums\/threads\/sv-national-dex-suspect-8-just-dance.3731534\/\">suspect thread<\/a>.<\/strong><\/div>\n|j|\u26061 cel\n|j|\u2606loch2009\n|t:|1701122356\n|gametype|singles\n|player|p1|1 cel|1|1112\n|player|p2|loch2009|lance-gen3|1107\n|teamsize|p1|6\n|teamsize|p2|6\n|gen|9\n|tier|[Gen 9] National Dex\n|rated|\n|rule|HP Percentage Mod: HP is shown in percentages\n|rule|Endless Battle Clause: Forcing endless battles is banned\n|rule|OHKO Clause: OHKO moves are banned\n|rule|Evasion Clause: Evasion abilities, items, and moves are banned\n|rule|Evasion Abilities Clause: Evasion abilities are banned\n|rule|Evasion Items Clause: Evasion items are banned\n|rule|Evasion Moves Clause: Evasion moves are banned\n|rule|Species Clause: Limit one of each Pok\u00e9mon\n|rule|Sleep Clause Mod: Limit one foe put to sleep\n|clearpoke\n|poke|p1|Toxapex, M|\n|poke|p1|Garchomp, F|\n|poke|p1|Heatran, F|\n|poke|p1|Mandibuzz, F|\n|poke|p1|Zamazenta-*|\n|poke|p1|Hoopa-Unbound|\n|poke|p2|Medicham, F|\n|poke|p2|Gliscor, F|\n|poke|p2|Tapu Koko|\n|poke|p2|Garchomp, F|\n|poke|p2|Blaziken, F|\n|poke|p2|Ribombee, F|\n|teampreview\n|\n|t:|1701122363\n|start\n|switch|p1a: Garchomp|Garchomp, F|100\/100\n|switch|p2a: Blaziken|Blaziken, F|100\/100\n|turn|1\n|c|\u2606loch2009|glhf\n|\n|t:|1701122377\n|move|p1a: Garchomp|Swords Dance|p1a: Garchomp\n|-boost|p1a: Garchomp|atk|2\n|move|p2a: Blaziken|Focus Energy|p2a: Blaziken\n|-start|p2a: Blaziken|move: Focus Energy\n|\n|-ability|p2a: Blaziken|Speed Boost|boost\n|-boost|p2a: Blaziken|spe|1\n|upkeep\n|turn|2\n|c|\u26061 cel|Same\n|\n|t:|1701122385\n|move|p2a: Blaziken|Focus Blast|p1a: Garchomp\n|-crit|p1a: Garchomp\n|-damage|p1a: Garchomp|0 fnt\n|faint|p1a: Garchomp\n|\n|-ability|p2a: Blaziken|Speed Boost|boost\n|-boost|p2a: Blaziken|spe|1\n|upkeep\n|\n|t:|1701122392\n|switch|p1a: Toxapex|Toxapex, M|100\/100\n|turn|3\n|\n|t:|1701122395\n|move|p2a: Blaziken|Hidden Power|p1a: Toxapex\n|-crit|p1a: Toxapex\n|-damage|p1a: Toxapex|77\/100\n|move|p1a: Toxapex|Haze|p1a: Toxapex\n|-clearallboost\n|\n|-ability|p2a: Blaziken|Speed Boost|boost\n|-boost|p2a: Blaziken|spe|1\n|upkeep\n|turn|4\n|\n|t:|1701122403\n|move|p2a: Blaziken|Hidden Power|p1a: Toxapex\n|-crit|p1a: Toxapex\n|-damage|p1a: Toxapex|54\/100\n|move|p1a: Toxapex|Toxic|p2a: Blaziken\n|-status|p2a: Blaziken|tox\n|\n|-damage|p2a: Blaziken|95\/100 tox|[from] psn\n|-ability|p2a: Blaziken|Speed Boost|boost\n|-boost|p2a: Blaziken|spe|1\n|upkeep\n|turn|5\n|c|\u2606loch2009|23\n|c|\u2606loch2009|oh no\n|\n|t:|1701122412\n|move|p2a: Blaziken|Hidden Power|p1a: Toxapex\n|-crit|p1a: Toxapex\n|-damage|p1a: Toxapex|30\/100\n|move|p1a: Toxapex|Recover|p1a: Toxapex\n|-heal|p1a: Toxapex|80\/100\n|\n|-damage|p2a: Blaziken|83\/100 tox|[from] psn\n|-ability|p2a: Blaziken|Speed Boost|boost\n|-boost|p2a: Blaziken|spe|1\n|upkeep\n|turn|6\n|c|\u2606loch2009|:\/\n|\n|t:|1701122426\n|move|p2a: Blaziken|Overheat|p1a: Toxapex\n|-resisted|p1a: Toxapex\n|-crit|p1a: Toxapex\n|-damage|p1a: Toxapex|44\/100\n|-unboost|p2a: Blaziken|spa|2\n|move|p1a: Toxapex|Recover|p1a: Toxapex\n|-heal|p1a: Toxapex|94\/100\n|\n|-damage|p2a: Blaziken|65\/100 tox|[from] psn\n|-ability|p2a: Blaziken|Speed Boost|boost\n|-boost|p2a: Blaziken|spe|1\n|upkeep\n|turn|7\n|\n|t:|1701122434\n|move|p2a: Blaziken|Overheat|p1a: Toxapex\n|-resisted|p1a: Toxapex\n|-crit|p1a: Toxapex\n|-damage|p1a: Toxapex|58\/100\n|-unboost|p2a: Blaziken|spa|2\n|move|p1a: Toxapex|Toxic|p2a: Blaziken\n|-fail|p2a: Blaziken|tox\n|\n|-damage|p2a: Blaziken|41\/100 tox|[from] psn\n|-ability|p2a: Blaziken|Speed Boost|boost\n|-boost|p2a: Blaziken|spe|1\n|upkeep\n|turn|8\n|\n|t:|1701122441\n|move|p2a: Blaziken|Overheat|p1a: Toxapex\n|-resisted|p1a: Toxapex\n|-crit|p1a: Toxapex\n|-damage|p1a: Toxapex|18\/100\n|-unboost|p2a: Blaziken|spa|2\n|move|p1a: Toxapex|Recover|p1a: Toxapex\n|-heal|p1a: Toxapex|68\/100\n|\n|-damage|p2a: Blaziken|11\/100 tox|[from] psn\n|-ability|p2a: Blaziken|Speed Boost|boost\n|-boost|p2a: Blaziken|spe|1\n|upkeep\n|turn|9\n|\n|t:|1701122445\n|move|p2a: Blaziken|Focus Blast|p1a: Toxapex\n|-resisted|p1a: Toxapex\n|-crit|p1a: Toxapex\n|-damage|p1a: Toxapex|33\/100\n|move|p1a: Toxapex|Recover|p1a: Toxapex\n|-heal|p1a: Toxapex|83\/100\n|\n|-damage|p2a: Blaziken|0 fnt|[from] psn\n|faint|p2a: Blaziken\n|upkeep\n|\n|t:|1701122450\n|switch|p2a: Garchomp|Garchomp, F|100\/100\n|turn|10\n|\n|t:|1701122455\n|move|p2a: Garchomp|Swords Dance|p2a: Garchomp\n|-boost|p2a: Garchomp|atk|2\n|move|p1a: Toxapex|Toxic|p2a: Garchomp\n|-status|p2a: Garchomp|tox\n|\n|-damage|p2a: Garchomp|94\/100 tox|[from] psn\n|upkeep\n|turn|11\n|\n|t:|1701122463\n|move|p2a: Garchomp|Scale Shot|p1a: Toxapex\n|-damage|p1a: Toxapex|63\/100\n|-damage|p1a: Toxapex|43\/100\n|-damage|p1a: Toxapex|21\/100\n|-damage|p1a: Toxapex|0 fnt\n|faint|p1a: Toxapex\n|-hitcount|p1: Toxapex|4\n|-unboost|p2a: Garchomp|def|1\n|-boost|p2a: Garchomp|spe|1\n|-damage|p2a: Garchomp|85\/100 tox|[from] item: Life Orb\n|\n|-damage|p2a: Garchomp|72\/100 tox|[from] psn\n|upkeep\n|\n|t:|1701122481\n|switch|p1a: Zamazenta|Zamazenta|100\/100\n|-ability|p1a: Zamazenta|Dauntless Shield|boost\n|-boost|p1a: Zamazenta|def|1\n|turn|12\n|\n|t:|1701122496\n|-terastallize|p1a: Zamazenta|Steel\n|move|p2a: Garchomp|Earthquake|p1a: Zamazenta\n|-supereffective|p1a: Zamazenta\n|-damage|p1a: Zamazenta|0 fnt\n|faint|p1a: Zamazenta\n|-damage|p2a: Garchomp|63\/100 tox|[from] item: Life Orb\n|\n|-damage|p2a: Garchomp|44\/100 tox|[from] psn\n|upkeep\n|-message|1 cel forfeited.\n|\n|win|loch2009\n|raw|1 cel's rating: 1112 &rarr; <strong>1087<\/strong><br \/>(-25 for losing)\n|raw|loch2009's rating: 1107 &rarr; <strong>1132<\/strong><br \/>(+25 for winning)\n|l|\u26061 cel\n|c|\u2606loch2009|nice tera\n|c|\u2606loch2009|ggwp\n","uploadtime":1701122509,"views":1,"p1id":"1cel","p2id":"loch2009","formatid":"gen9nationaldex","rating":1087,"private":0,"password":""}