{"id":"gen9nationaldex-1998767279","p1":"PokemonViolet6","p2":"Sleepinghhxh","format":"[Gen 9] National Dex","log":"|html|<div class=\"broadcast-blue\"><strong>[Gen 9] National Dex is currently suspecting Sneasler! For information on how to participate check out the <a href=\"https:\/\/www.smogon.com\/forums\/threads\/sv-national-dex-suspect-8-just-dance.3731534\/\">suspect thread<\/a>.<\/strong><\/div>\n|j|\u2606PokemonViolet6\n|j|\u2606Sleepinghhxh\n|t:|1700986576\n|gametype|singles\n|player|p1|PokemonViolet6|169|1039\n|player|p2|Sleepinghhxh|penny|1102\n|teamsize|p1|6\n|teamsize|p2|6\n|gen|9\n|tier|[Gen 9] National Dex\n|rated|\n|rule|HP Percentage Mod: HP is shown in percentages\n|rule|Endless Battle Clause: Forcing endless battles is banned\n|rule|OHKO Clause: OHKO moves are banned\n|rule|Evasion Clause: Evasion abilities, items, and moves are banned\n|rule|Evasion Abilities Clause: Evasion abilities are banned\n|rule|Evasion Items Clause: Evasion items are banned\n|rule|Evasion Moves Clause: Evasion moves are banned\n|rule|Species Clause: Limit one of each Pok\u00e9mon\n|rule|Sleep Clause Mod: Limit one foe put to sleep\n|clearpoke\n|poke|p1|Decidueye, M|\n|poke|p1|Incineroar, M|\n|poke|p1|Primarina, M|\n|poke|p1|Muk-Alola, M|\n|poke|p1|Dugtrio-Alola, F|\n|poke|p1|Golem-Alola, M|\n|poke|p2|Zamazenta-*|\n|poke|p2|Zapdos|\n|poke|p2|Ceruledge, F|\n|poke|p2|Bisharp, M|\n|poke|p2|Ogerpon-Wellspring, F|\n|poke|p2|Banette, M|\n|teampreview\n|inactive|Battle timer is ON: inactive players will automatically lose when time's up. (requested by PokemonViolet6)\n|c|\u2606Sleepinghhxh|hf\n|\n|t:|1700986590\n|start\n|switch|p1a: Wrestler|Incineroar, M, shiny|100\/100\n|switch|p2a: Zapdos|Zapdos, shiny|100\/100\n|-ability|p1a: Wrestler|Intimidate|boost\n|-unboost|p2a: Zapdos|atk|1\n|turn|1\n|c|\u2606PokemonViolet6|hi\n|\n|t:|1700986603\n|move|p2a: Zapdos|Volt Switch|p1a: Wrestler\n|-damage|p1a: Wrestler|72\/100\n|\n|t:|1700986606\n|switch|p2a: Ogerpon|Ogerpon-Wellspring, F|100\/100|[from] Volt Switch\n|move|p1a: Wrestler|Darkest Lariat|p2a: Ogerpon\n|-damage|p2a: Ogerpon|48\/100\n|\n|upkeep\n|turn|2\n|\n|t:|1700986613\n|move|p2a: Ogerpon|Swords Dance|p2a: Ogerpon\n|-boost|p2a: Ogerpon|atk|2\n|move|p1a: Wrestler|Flame Charge|p2a: Ogerpon\n|-damage|p2a: Ogerpon|19\/100\n|-boost|p1a: Wrestler|spe|1\n|\n|upkeep\n|turn|3\n|\n|t:|1700986622\n|move|p2a: Ogerpon|Ivy Cudgel|p1a: Wrestler|[anim] Ivy Cudgel Water\n|-supereffective|p1a: Wrestler\n|-damage|p1a: Wrestler|0 fnt\n|faint|p1a: Wrestler\n|\n|upkeep\n|\n|t:|1700986630\n|switch|p1a: Red Riding Hood|Decidueye, M, shiny|100\/100\n|turn|4\n|\n|t:|1700986637\n|move|p2a: Ogerpon|Rock Tomb|p1a: Red Riding Hood\n|-damage|p1a: Red Riding Hood|46\/100\n|-unboost|p1a: Red Riding Hood|spe|1\n|move|p1a: Red Riding Hood|Leaf Blade|p2a: Ogerpon\n|-damage|p2a: Ogerpon|0 fnt\n|faint|p2a: Ogerpon\n|\n|upkeep\n|\n|t:|1700986654\n|switch|p2a: Ceruledge|Ceruledge, F|100\/100\n|turn|5\n|\n|t:|1700986659\n|move|p2a: Ceruledge|Bitter Blade|p1a: Red Riding Hood\n|-supereffective|p1a: Red Riding Hood\n|-damage|p1a: Red Riding Hood|0 fnt\n|faint|p1a: Red Riding Hood\n|\n|upkeep\n|\n|t:|1700986664\n|switch|p1a: Whistle Note|Primarina, M, shiny|100\/100\n|turn|6\n|\n|t:|1700986670\n|move|p2a: Ceruledge|Swords Dance|p2a: Ceruledge\n|-boost|p2a: Ceruledge|atk|2\n|move|p1a: Whistle Note|Aqua Ring|p1a: Whistle Note\n|-start|p1a: Whistle Note|Aqua Ring\n|\n|upkeep\n|turn|7\n|\n|t:|1700986678\n|-terastallize|p2a: Ceruledge|Ghost\n|move|p2a: Ceruledge|Poltergeist|p1a: Whistle Note\n|-activate|p1a: Whistle Note|move: Poltergeist|Leftovers\n|-damage|p1a: Whistle Note|0 fnt\n|faint|p1a: Whistle Note\n|\n|upkeep\n|\n|t:|1700986685\n|switch|p1a: Slurpee|Muk-Alola, M, shiny|100\/100\n|turn|8\n|\n|t:|1700986694\n|move|p2a: Ceruledge|Bitter Blade|p1a: Slurpee\n|-damage|p1a: Slurpee|0 fnt\n|faint|p1a: Slurpee\n|\n|upkeep\n|\n|t:|1700986699\n|switch|p1a: Hanson|Dugtrio-Alola, F|100\/100\n|turn|9\n|\n|t:|1700986703\n|move|p1a: Hanson|Earthquake|p2a: Ceruledge\n|-damage|p2a: Ceruledge|25\/100\n|-ability|p2a: Ceruledge|Weak Armor|boost\n|-unboost|p2a: Ceruledge|def|1\n|-boost|p2a: Ceruledge|spe|2\n|move|p2a: Ceruledge|Bitter Blade|p1a: Hanson\n|-supereffective|p1a: Hanson\n|-damage|p1a: Hanson|0 fnt\n|-heal|p2a: Ceruledge|62\/100|[from] drain|[of] p1a: Hanson\n|-ability|p1a: Hanson|Tangling Hair\n|-unboost|p2a: Ceruledge|spe|1\n|faint|p1a: Hanson\n|\n|upkeep\n|\n|t:|1700986716\n|switch|p1a: Jupiter|Golem-Alola, M|100\/100\n|-item|p1a: Jupiter|Air Balloon\n|turn|10\n|\n|t:|1700986722\n|move|p2a: Ceruledge|Close Combat|p1a: Jupiter\n|-supereffective|p1a: Jupiter\n|-damage|p1a: Jupiter|0 fnt\n|-unboost|p2a: Ceruledge|def|1\n|-unboost|p2a: Ceruledge|spd|1\n|-enditem|p1a: Jupiter|Air Balloon\n|faint|p1a: Jupiter\n|\n|win|Sleepinghhxh\n|raw|PokemonViolet6's rating: 1039 &rarr; <strong>1026<\/strong><br \/>(-13 for losing)\n|raw|Sleepinghhxh's rating: 1102 &rarr; <strong>1123<\/strong><br \/>(+21 for winning)\n|c|\u2606PokemonViolet6|gg\n|l|\u2606PokemonViolet6\n","uploadtime":1700986727,"views":1,"p1id":"pokemonviolet6","p2id":"sleepinghhxh","formatid":"gen9nationaldex","rating":1026,"private":0,"password":""}