{"id":"gen9nationaldex-1999121036","p1":"Diabetes_jr","p2":"Motochorro","format":"[Gen 9] National Dex","log":"|html|<div class=\"broadcast-blue\"><strong>[Gen 9] National Dex is currently suspecting Sneasler! For information on how to participate check out the <a href=\"https:\/\/www.smogon.com\/forums\/threads\/sv-national-dex-suspect-8-just-dance.3731534\/\">suspect thread<\/a>.<\/strong><\/div>\n|j|\u2606Diabetes_jr\n|j|\u2606Motochorro\n|t:|1701035382\n|gametype|singles\n|player|p1|Diabetes_jr|hooligans|1430\n|player|p2|Motochorro|biker|1650\n|teamsize|p1|6\n|teamsize|p2|6\n|gen|9\n|tier|[Gen 9] National Dex\n|rated|\n|rule|HP Percentage Mod: HP is shown in percentages\n|rule|Endless Battle Clause: Forcing endless battles is banned\n|rule|OHKO Clause: OHKO moves are banned\n|rule|Evasion Clause: Evasion abilities, items, and moves are banned\n|rule|Evasion Abilities Clause: Evasion abilities are banned\n|rule|Evasion Items Clause: Evasion items are banned\n|rule|Evasion Moves Clause: Evasion moves are banned\n|rule|Species Clause: Limit one of each Pok\u00e9mon\n|rule|Sleep Clause Mod: Limit one foe put to sleep\n|clearpoke\n|poke|p1|Charizard, F|\n|poke|p1|Heatran, F|\n|poke|p1|Ferrothorn, M|\n|poke|p1|Hydreigon, M|\n|poke|p1|Suicune|\n|poke|p1|Tapu Lele|\n|poke|p2|Heatran, M|\n|poke|p2|Gliscor, M|\n|poke|p2|Toxapex, F|\n|poke|p2|Sylveon, F|\n|poke|p2|Corviknight, M|\n|poke|p2|Tangrowth, F|\n|teampreview\n|\n|t:|1701035397\n|start\n|switch|p1a: Ferrothorn|Ferrothorn, M|100\/100\n|switch|p2a: Corviknight|Corviknight, M|100\/100\n|-ability|p2a: Corviknight|Pressure\n|turn|1\n|\n|t:|1701035405\n|move|p2a: Corviknight|Body Slam|p1a: Ferrothorn\n|-resisted|p1a: Ferrothorn\n|-damage|p1a: Ferrothorn|96\/100\n|-damage|p2a: Corviknight|88\/100|[from] ability: Iron Barbs|[of] p1a: Ferrothorn\n|move|p1a: Ferrothorn|Thunder Wave|p2a: Corviknight\n|-status|p2a: Corviknight|par\n|\n|-heal|p2a: Corviknight|94\/100 par|[from] item: Leftovers\n|-heal|p1a: Ferrothorn|100\/100|[from] item: Leftovers\n|upkeep\n|turn|2\n|\n|t:|1701035412\n|cant|p2a: Corviknight|par\n|move|p1a: Ferrothorn|Stealth Rock|p2a: Corviknight\n|-sidestart|p2: Motochorro|move: Stealth Rock\n|\n|-heal|p2a: Corviknight|100\/100 par|[from] item: Leftovers\n|upkeep\n|turn|3\n|\n|t:|1701035416\n|move|p2a: Corviknight|Defog|p1a: Ferrothorn\n|-unboost|p1a: Ferrothorn|evasion|1\n|-sideend|p2: Motochorro|Stealth Rock|[from] move: Defog|[of] p2a: Corviknight\n|move|p1a: Ferrothorn|Leech Seed|p2a: Corviknight\n|-start|p2a: Corviknight|move: Leech Seed\n|\n|-damage|p2a: Corviknight|88\/100 par|[from] Leech Seed|[of] p1a: Ferrothorn\n|upkeep\n|turn|4\n|\n|t:|1701035419\n|move|p2a: Corviknight|Body Slam|p1a: Ferrothorn\n|-resisted|p1a: Ferrothorn\n|-damage|p1a: Ferrothorn|96\/100\n|-status|p1a: Ferrothorn|par\n|-damage|p2a: Corviknight|75\/100 par|[from] ability: Iron Barbs|[of] p1a: Ferrothorn\n|move|p1a: Ferrothorn|Stealth Rock|p2a: Corviknight\n|-sidestart|p2: Motochorro|move: Stealth Rock\n|\n|-heal|p2a: Corviknight|82\/100 par|[from] item: Leftovers\n|-heal|p1a: Ferrothorn|100\/100 par|[from] item: Leftovers\n|-damage|p2a: Corviknight|69\/100 par|[from] Leech Seed|[of] p1a: Ferrothorn\n|upkeep\n|turn|5\n|\n|t:|1701035426\n|move|p2a: Corviknight|Defog|p1a: Ferrothorn\n|-unboost|p1a: Ferrothorn|evasion|1\n|-sideend|p2: Motochorro|Stealth Rock|[from] move: Defog|[of] p2a: Corviknight\n|move|p1a: Ferrothorn|Stealth Rock|p2a: Corviknight\n|-sidestart|p2: Motochorro|move: Stealth Rock\n|\n|-heal|p2a: Corviknight|75\/100 par|[from] item: Leftovers\n|-damage|p2a: Corviknight|63\/100 par|[from] Leech Seed|[of] p1a: Ferrothorn\n|upkeep\n|turn|6\n|\n|t:|1701035431\n|move|p2a: Corviknight|Defog|p1a: Ferrothorn\n|-unboost|p1a: Ferrothorn|evasion|1\n|-sideend|p2: Motochorro|Stealth Rock|[from] move: Defog|[of] p2a: Corviknight\n|move|p1a: Ferrothorn|Stealth Rock|p2a: Corviknight\n|-sidestart|p2: Motochorro|move: Stealth Rock\n|\n|-heal|p2a: Corviknight|69\/100 par|[from] item: Leftovers\n|-damage|p2a: Corviknight|57\/100 par|[from] Leech Seed|[of] p1a: Ferrothorn\n|upkeep\n|turn|7\n|\n|t:|1701035437\n|switch|p1a: Charizard|Charizard, F|100\/100\n|move|p2a: Corviknight|Roost|p2a: Corviknight\n|-heal|p2a: Corviknight|100\/100 par\n|-singleturn|p2a: Corviknight|move: Roost\n|\n|-damage|p2a: Corviknight|88\/100 par|[from] Leech Seed|[of] p1a: Charizard\n|upkeep\n|turn|8\n|\n|t:|1701035446\n|switch|p2a: Toxapex|Toxapex, F|100\/100\n|-damage|p2a: Toxapex|88\/100|[from] Stealth Rock\n|detailschange|p1a: Charizard|Charizard-Mega-Y, F\n|-mega|p1a: Charizard|Charizard|Charizardite Y\n|-weather|SunnyDay|[from] ability: Drought|[of] p1a: Charizard\n|move|p1a: Charizard|Scorching Sands|p2a: Toxapex\n|-supereffective|p2a: Toxapex\n|-damage|p2a: Toxapex|41\/100\n|-status|p2a: Toxapex|brn\n|\n|-weather|SunnyDay|[upkeep]\n|-heal|p2a: Toxapex|47\/100 brn|[from] item: Leftovers\n|-damage|p2a: Toxapex|41\/100 brn|[from] brn\n|upkeep\n|turn|9\n|\n|t:|1701035462\n|move|p1a: Charizard|Scorching Sands|p2a: Toxapex\n|-supereffective|p2a: Toxapex\n|-damage|p2a: Toxapex|0 fnt\n|faint|p2a: Toxapex\n|\n|-weather|SunnyDay|[upkeep]\n|upkeep\n|\n|t:|1701035469\n|switch|p2a: Sylveon|Sylveon, F|100\/100\n|-damage|p2a: Sylveon|88\/100|[from] Stealth Rock\n|turn|10\n|\n|t:|1701035473\n|switch|p1a: Heatran|Heatran, F|100\/100\n|move|p2a: Sylveon|Wish|p2a: Sylveon\n|\n|-weather|SunnyDay|[upkeep]\n|-heal|p2a: Sylveon|94\/100|[from] item: Leftovers\n|upkeep\n|turn|11\n|\n|t:|1701035487\n|switch|p1a: Charizard|Charizard-Mega-Y, F|100\/100\n|switch|p2a: Heatran|Heatran, M|100\/100\n|-damage|p2a: Heatran|88\/100|[from] Stealth Rock\n|\n|-weather|SunnyDay|[upkeep]\n|-heal|p2a: Heatran|100\/100|[from] move: Wish|[wisher] Sylveon\n|upkeep\n|turn|12\n|\n|t:|1701035492\n|-terastallize|p2a: Heatran|Fire\n|move|p2a: Heatran|Eruption|p1a: Charizard\n|-resisted|p1a: Charizard\n|-damage|p1a: Charizard|28\/100\n|move|p1a: Charizard|Scorching Sands|p2a: Heatran\n|-supereffective|p2a: Heatran\n|-damage|p2a: Heatran|34\/100\n|\n|-weather|none\n|upkeep\n|turn|13\n|\n|t:|1701035501\n|switch|p2a: Gliscor|Gliscor, M|100\/100\n|-damage|p2a: Gliscor|88\/100|[from] Stealth Rock\n|switch|p1a: Heatran|Heatran, F|100\/100\n|\n|-status|p2a: Gliscor|tox|[from] item: Toxic Orb\n|upkeep\n|turn|14\n|\n|t:|1701035508\n|switch|p1a: Hydreigon|Hydreigon, M|100\/100\n|move|p2a: Gliscor|Facade|p1a: Hydreigon\n|-damage|p1a: Hydreigon|68\/100\n|\n|-heal|p2a: Gliscor|100\/100 tox|[from] ability: Poison Heal\n|upkeep\n|turn|15\n|\n|t:|1701035511\n|switch|p2a: Sylveon|Sylveon, F|94\/100\n|-damage|p2a: Sylveon|82\/100|[from] Stealth Rock\n|move|p1a: Hydreigon|Substitute|p1a: Hydreigon\n|-start|p1a: Hydreigon|Substitute\n|-damage|p1a: Hydreigon|43\/100\n|\n|-heal|p2a: Sylveon|88\/100|[from] item: Leftovers\n|upkeep\n|turn|16\n|\n|t:|1701035517\n|move|p1a: Hydreigon|Dark Pulse|p2a: Sylveon\n|-resisted|p2a: Sylveon\n|-damage|p2a: Sylveon|77\/100\n|move|p2a: Sylveon|Wish|p2a: Sylveon\n|\n|-heal|p2a: Sylveon|83\/100|[from] item: Leftovers\n|upkeep\n|turn|17\n|\n|t:|1701035522\n|switch|p1a: Heatran|Heatran, F|100\/100\n|move|p2a: Sylveon|Hyper Voice|p1a: Heatran\n|-resisted|p1a: Heatran\n|-damage|p1a: Heatran|94\/100\n|\n|-heal|p2a: Sylveon|100\/100|[from] move: Wish|[wisher] Sylveon\n|-heal|p1a: Heatran|99\/100|[from] item: Leftovers\n|upkeep\n|turn|18\n|\n|t:|1701035527\n|move|p2a: Sylveon|Protect|p2a: Sylveon\n|-singleturn|p2a: Sylveon|Protect\n|move|p1a: Heatran|Flash Cannon|p2a: Sylveon\n|-activate|p2a: Sylveon|move: Protect\n|\n|-heal|p1a: Heatran|100\/100|[from] item: Leftovers\n|upkeep\n|turn|19\n|\n|t:|1701035531\n|move|p1a: Heatran|Flash Cannon|p2a: Sylveon\n|-supereffective|p2a: Sylveon\n|-damage|p2a: Sylveon|57\/100\n|move|p2a: Sylveon|Wish|p2a: Sylveon\n|\n|-heal|p2a: Sylveon|63\/100|[from] item: Leftovers\n|upkeep\n|turn|20\n|\n|t:|1701035536\n|move|p1a: Heatran|Flash Cannon|p2a: Sylveon\n|-supereffective|p2a: Sylveon\n|-damage|p2a: Sylveon|21\/100\n|move|p2a: Sylveon|Hyper Voice|p1a: Heatran\n|-resisted|p1a: Heatran\n|-damage|p1a: Heatran|94\/100\n|\n|-heal|p2a: Sylveon|71\/100|[from] move: Wish|[wisher] Sylveon\n|-heal|p1a: Heatran|99\/100|[from] item: Leftovers\n|-heal|p2a: Sylveon|77\/100|[from] item: Leftovers\n|upkeep\n|turn|21\n|\n|t:|1701035538\n|move|p2a: Sylveon|Protect|p2a: Sylveon\n|-singleturn|p2a: Sylveon|Protect\n|move|p1a: Heatran|Flash Cannon|p2a: Sylveon\n|-activate|p2a: Sylveon|move: Protect\n|\n|-heal|p1a: Heatran|100\/100|[from] item: Leftovers\n|-heal|p2a: Sylveon|83\/100|[from] item: Leftovers\n|upkeep\n|turn|22\n|\n|t:|1701035545\n|move|p1a: Heatran|Flash Cannon|p2a: Sylveon\n|-supereffective|p2a: Sylveon\n|-damage|p2a: Sylveon|43\/100\n|move|p2a: Sylveon|Wish|p2a: Sylveon\n|\n|-heal|p2a: Sylveon|49\/100|[from] item: Leftovers\n|upkeep\n|turn|23\n|\n|t:|1701035549\n|switch|p1a: Ferrothorn|Ferrothorn, M|100\/100 par\n|move|p2a: Sylveon|Protect||[still]\n|-fail|p2a: Sylveon\n|\n|-heal|p2a: Sylveon|99\/100|[from] move: Wish|[wisher] Sylveon\n|-heal|p2a: Sylveon|100\/100|[from] item: Leftovers\n|upkeep\n|turn|24\n|\n|t:|1701035553\n|move|p2a: Sylveon|Wish|p2a: Sylveon\n|move|p1a: Ferrothorn|Leech Seed|p2a: Sylveon\n|-start|p2a: Sylveon|move: Leech Seed\n|\n|-damage|p2a: Sylveon|88\/100|[from] Leech Seed|[of] p1a: Ferrothorn\n|upkeep\n|turn|25\n|\n|t:|1701035557\n|switch|p2a: Heatran|Heatran, M, tera:Fire|34\/100\n|-damage|p2a: Heatran|9\/100|[from] Stealth Rock\n|move|p1a: Ferrothorn|Thunder Wave|p2a: Heatran\n|-status|p2a: Heatran|par\n|\n|-heal|p2a: Heatran|70\/100 par|[from] move: Wish|[wisher] Sylveon\n|upkeep\n|turn|26\n|\n|t:|1701035570\n|-terastallize|p1a: Ferrothorn|Water\n|cant|p2a: Heatran|par\n|move|p1a: Ferrothorn|Leech Seed|p2a: Heatran|[miss]\n|-miss|p1a: Ferrothorn|p2a: Heatran\n|\n|upkeep\n|turn|27\n|\n|t:|1701035579\n|switch|p2a: Tangrowth|Tangrowth, F|100\/100\n|-damage|p2a: Tangrowth|88\/100|[from] Stealth Rock\n|move|p1a: Ferrothorn|Thunder Wave|p2a: Tangrowth\n|-status|p2a: Tangrowth|par\n|\n|upkeep\n|turn|28\n|\n|t:|1701035583\n|switch|p1a: Heatran|Heatran, F|100\/100\n|move|p2a: Tangrowth|Knock Off|p1a: Heatran\n|-damage|p1a: Heatran|82\/100\n|-enditem|p1a: Heatran|Leftovers|[from] move: Knock Off|[of] p2a: Tangrowth\n|\n|upkeep\n|turn|29\n|\n|t:|1701035591\n|switch|p1a: Charizard|Charizard-Mega-Y, F|28\/100\n|-weather|SunnyDay|[from] ability: Drought|[of] p1a: Charizard\n|switch|p2a: Gliscor|Gliscor, M|100\/100 tox\n|-damage|p2a: Gliscor|88\/100 tox|[from] Stealth Rock\n|\n|-weather|SunnyDay|[upkeep]\n|-heal|p2a: Gliscor|100\/100 tox|[from] ability: Poison Heal\n|upkeep\n|turn|30\n|\n|t:|1701035597\n|switch|p2a: Heatran|Heatran, M, tera:Fire|70\/100 par\n|-damage|p2a: Heatran|45\/100 par|[from] Stealth Rock\n|move|p1a: Charizard|Weather Ball|p2a: Heatran\n|-start|p2a: Heatran|ability: Flash Fire\n|\n|-weather|SunnyDay|[upkeep]\n|upkeep\n|turn|31\n|\n|t:|1701035615\n|-end|p2a: Heatran|ability: Flash Fire|[silent]\n|switch|p2a: Sylveon|Sylveon, F|88\/100\n|-damage|p2a: Sylveon|76\/100|[from] Stealth Rock\n|move|p1a: Charizard|Scorching Sands|p2a: Sylveon\n|-damage|p2a: Sylveon|59\/100\n|-status|p2a: Sylveon|brn\n|\n|-weather|SunnyDay|[upkeep]\n|-heal|p2a: Sylveon|65\/100 brn|[from] item: Leftovers\n|-damage|p2a: Sylveon|59\/100 brn|[from] brn\n|upkeep\n|turn|32\n|\n|t:|1701035620\n|move|p1a: Charizard|Roost|p1a: Charizard\n|-heal|p1a: Charizard|78\/100\n|-singleturn|p1a: Charizard|move: Roost\n|move|p2a: Sylveon|Wish|p2a: Sylveon\n|\n|-weather|SunnyDay|[upkeep]\n|-heal|p2a: Sylveon|65\/100 brn|[from] item: Leftovers\n|-damage|p2a: Sylveon|59\/100 brn|[from] brn\n|upkeep\n|turn|33\n|\n|t:|1701035626\n|move|p1a: Charizard|Scorching Sands|p2a: Sylveon\n|-damage|p2a: Sylveon|44\/100 brn\n|move|p2a: Sylveon|Heal Bell|p2a: Sylveon\n|-activate|p2a: Sylveon|move: Heal Bell\n|-curestatus|p2a: Sylveon|brn|[msg]\n|-curestatus|p2: Heatran|par|[msg]\n|-curestatus|p2: Corviknight|par|[msg]\n|-curestatus|p2: Tangrowth|par|[msg]\n|-curestatus|p2: Gliscor|tox|[msg]\n|\n|-weather|none\n|-heal|p2a: Sylveon|94\/100|[from] move: Wish|[wisher] Sylveon\n|-heal|p2a: Sylveon|99\/100|[from] item: Leftovers\n|upkeep\n|turn|34\n|\n|t:|1701035639\n|switch|p1a: Ferrothorn|Ferrothorn, M, tera:Water|100\/100 par\n|move|p2a: Sylveon|Wish|p2a: Sylveon\n|\n|-heal|p2a: Sylveon|100\/100|[from] item: Leftovers\n|upkeep\n|turn|35\n|\n|t:|1701035642\n|move|p2a: Sylveon|Hyper Voice|p1a: Ferrothorn\n|-damage|p1a: Ferrothorn|64\/100 par\n|move|p1a: Ferrothorn|Leech Seed|p2a: Sylveon\n|-start|p2a: Sylveon|move: Leech Seed\n|\n|-heal|p1a: Ferrothorn|70\/100 par|[from] item: Leftovers\n|-damage|p2a: Sylveon|88\/100|[from] Leech Seed|[of] p1a: Ferrothorn\n|-heal|p1a: Ferrothorn|84\/100 par|[silent]\n|upkeep\n|turn|36\n|\n|t:|1701035646\n|move|p2a: Sylveon|Hyper Voice|p1a: Ferrothorn\n|-damage|p1a: Ferrothorn|46\/100 par\n|move|p1a: Ferrothorn|Thunder Wave|p2a: Sylveon\n|-status|p2a: Sylveon|par\n|\n|-heal|p2a: Sylveon|94\/100 par|[from] item: Leftovers\n|-heal|p1a: Ferrothorn|52\/100 par|[from] item: Leftovers\n|-damage|p2a: Sylveon|82\/100 par|[from] Leech Seed|[of] p1a: Ferrothorn\n|-heal|p1a: Ferrothorn|66\/100 par|[silent]\n|upkeep\n|turn|37\n|\n|t:|1701035651\n|move|p2a: Sylveon|Heal Bell|p2a: Sylveon\n|-activate|p2a: Sylveon|move: Heal Bell\n|-curestatus|p2a: Sylveon|par|[msg]\n|cant|p1a: Ferrothorn|par\n|\n|-heal|p2a: Sylveon|88\/100|[from] item: Leftovers\n|-heal|p1a: Ferrothorn|73\/100 par|[from] item: Leftovers\n|-damage|p2a: Sylveon|75\/100|[from] Leech Seed|[of] p1a: Ferrothorn\n|-heal|p1a: Ferrothorn|87\/100 par|[silent]\n|upkeep\n|turn|38\n|\n|t:|1701035658\n|switch|p2a: Tangrowth|Tangrowth, F|100\/100\n|-damage|p2a: Tangrowth|88\/100|[from] Stealth Rock\n|move|p1a: Ferrothorn|Thunder Wave|p2a: Tangrowth\n|-status|p2a: Tangrowth|par\n|\n|-heal|p1a: Ferrothorn|93\/100 par|[from] item: Leftovers\n|upkeep\n|turn|39\n|\n|t:|1701035669\n|switch|p1a: Hydreigon|Hydreigon, M|43\/100\n|move|p2a: Tangrowth|Leech Seed|p1a: Hydreigon\n|-start|p1a: Hydreigon|move: Leech Seed\n|\n|-damage|p1a: Hydreigon|30\/100|[from] Leech Seed|[of] p2a: Tangrowth\n|-heal|p2a: Tangrowth|98\/100 par|[silent]\n|upkeep\n|turn|40\n|\n|t:|1701035673\n|switch|p2a: Corviknight|Corviknight, M|88\/100\n|-damage|p2a: Corviknight|75\/100|[from] Stealth Rock\n|-ability|p2a: Corviknight|Pressure\n|-zpower|p1a: Hydreigon\n|move|p1a: Hydreigon|Black Hole Eclipse|p2a: Corviknight|[zeffect]\n|-damage|p2a: Corviknight|17\/100\n|\n|-heal|p2a: Corviknight|23\/100|[from] item: Leftovers\n|-damage|p1a: Hydreigon|18\/100|[from] Leech Seed|[of] p2a: Corviknight\n|-heal|p2a: Corviknight|33\/100|[silent]\n|upkeep\n|turn|41\n|\n|t:|1701035679\n|switch|p1a: Charizard|Charizard-Mega-Y, F|78\/100\n|-weather|SunnyDay|[from] ability: Drought|[of] p1a: Charizard\n|move|p2a: Corviknight|Roost|p2a: Corviknight\n|-heal|p2a: Corviknight|83\/100\n|-singleturn|p2a: Corviknight|move: Roost\n|\n|-weather|SunnyDay|[upkeep]\n|-heal|p2a: Corviknight|89\/100|[from] item: Leftovers\n|upkeep\n|turn|42\n|\n|t:|1701035691\n|move|p1a: Charizard|Weather Ball|p2a: Corviknight\n|-supereffective|p2a: Corviknight\n|-damage|p2a: Corviknight|0 fnt\n|faint|p2a: Corviknight\n|\n|-weather|SunnyDay|[upkeep]\n|upkeep\n|\n|t:|1701035695\n|switch|p2a: Sylveon|Sylveon, F|75\/100\n|-damage|p2a: Sylveon|63\/100|[from] Stealth Rock\n|turn|43\n|\n|t:|1701035702\n|switch|p1a: Ferrothorn|Ferrothorn, M, tera:Water|93\/100 par\n|move|p2a: Sylveon|Wish|p2a: Sylveon\n|\n|-weather|SunnyDay|[upkeep]\n|-heal|p2a: Sylveon|69\/100|[from] item: Leftovers\n|-heal|p1a: Ferrothorn|99\/100 par|[from] item: Leftovers\n|upkeep\n|turn|44\n|\n|t:|1701035708\n|switch|p1a: Charizard|Charizard-Mega-Y, F|78\/100\n|move|p2a: Sylveon|Hyper Voice|p1a: Charizard\n|-resisted|p1a: Charizard\n|-damage|p1a: Charizard|62\/100\n|\n|-weather|SunnyDay|[upkeep]\n|-heal|p2a: Sylveon|100\/100|[from] move: Wish|[wisher] Sylveon\n|upkeep\n|turn|45\n|\n|t:|1701035714\n|switch|p1a: Ferrothorn|Ferrothorn, M, tera:Water|99\/100 par\n|move|p2a: Sylveon|Wish|p2a: Sylveon\n|\n|-weather|none\n|-heal|p1a: Ferrothorn|100\/100 par|[from] item: Leftovers\n|upkeep\n|turn|46\n|\n|t:|1701035718\n|switch|p2a: Heatran|Heatran, M, tera:Fire|45\/100\n|-damage|p2a: Heatran|20\/100|[from] Stealth Rock\n|cant|p1a: Ferrothorn|par\n|\n|-heal|p2a: Heatran|81\/100|[from] move: Wish|[wisher] Sylveon\n|upkeep\n|turn|47\n|\n|t:|1701035724\n|switch|p2a: Tangrowth|Tangrowth, F|100\/100 par\n|-damage|p2a: Tangrowth|88\/100 par|[from] Stealth Rock\n|switch|p1a: Heatran|Heatran, F|82\/100\n|\n|upkeep\n|turn|48\n|\n|t:|1701035731\n|switch|p2a: Sylveon|Sylveon, F|100\/100\n|-damage|p2a: Sylveon|88\/100|[from] Stealth Rock\n|move|p1a: Heatran|Substitute|p1a: Heatran\n|-start|p1a: Heatran|Substitute\n|-damage|p1a: Heatran|57\/100\n|\n|-heal|p2a: Sylveon|94\/100|[from] item: Leftovers\n|upkeep\n|turn|49\n|\n|t:|1701035737\n|move|p1a: Heatran|Flash Cannon|p2a: Sylveon\n|-supereffective|p2a: Sylveon\n|-damage|p2a: Sylveon|54\/100\n|move|p2a: Sylveon|Hyper Voice|p1a: Heatran\n|-resisted|p1a: Heatran\n|-damage|p1a: Heatran|51\/100\n|\n|-heal|p2a: Sylveon|60\/100|[from] item: Leftovers\n|upkeep\n|turn|50\n|\n|t:|1701035743\n|move|p1a: Heatran|Magma Storm|p2a: Sylveon|[miss]\n|-miss|p1a: Heatran|p2a: Sylveon\n|move|p2a: Sylveon|Wish|p2a: Sylveon\n|\n|-heal|p2a: Sylveon|66\/100|[from] item: Leftovers\n|upkeep\n|turn|51\n|\n|t:|1701035748\n|move|p2a: Sylveon|Protect|p2a: Sylveon\n|-singleturn|p2a: Sylveon|Protect\n|move|p1a: Heatran|Magma Storm|p2a: Sylveon\n|-activate|p2a: Sylveon|move: Protect\n|\n|-heal|p2a: Sylveon|100\/100|[from] move: Wish|[wisher] Sylveon\n|upkeep\n|turn|52\n|\n|t:|1701035753\n|move|p1a: Heatran|Magma Storm|p2a: Sylveon\n|-damage|p2a: Sylveon|77\/100\n|-activate|p2a: Sylveon|move: Magma Storm|[of] p1a: Heatran\n|move|p2a: Sylveon|Wish|p2a: Sylveon\n|\n|-heal|p2a: Sylveon|83\/100|[from] item: Leftovers\n|-damage|p2a: Sylveon|71\/100|[from] move: Magma Storm|[partiallytrapped]\n|upkeep\n|turn|53\n|\n|t:|1701035759\n|move|p1a: Heatran|Toxic|p2a: Sylveon\n|-status|p2a: Sylveon|tox\n|move|p2a: Sylveon|Hyper Voice|p1a: Heatran\n|-resisted|p1a: Heatran\n|-damage|p1a: Heatran|44\/100\n|\n|-heal|p2a: Sylveon|100\/100 tox|[from] move: Wish|[wisher] Sylveon\n|-damage|p2a: Sylveon|94\/100 tox|[from] psn\n|-damage|p2a: Sylveon|82\/100 tox|[from] move: Magma Storm|[partiallytrapped]\n|upkeep\n|turn|54\n|\n|t:|1701035763\n|move|p2a: Sylveon|Protect|p2a: Sylveon\n|-singleturn|p2a: Sylveon|Protect\n|move|p1a: Heatran|Flash Cannon|p2a: Sylveon\n|-activate|p2a: Sylveon|move: Protect\n|\n|-heal|p2a: Sylveon|88\/100 tox|[from] item: Leftovers\n|-damage|p2a: Sylveon|76\/100 tox|[from] psn\n|-damage|p2a: Sylveon|63\/100 tox|[from] move: Magma Storm|[partiallytrapped]\n|upkeep\n|turn|55\n|\n|t:|1701035768\n|move|p1a: Heatran|Flash Cannon|p2a: Sylveon\n|-supereffective|p2a: Sylveon\n|-damage|p2a: Sylveon|25\/100 tox\n|move|p2a: Sylveon|Heal Bell|p2a: Sylveon\n|-activate|p2a: Sylveon|move: Heal Bell\n|-curestatus|p2a: Sylveon|tox|[msg]\n|-curestatus|p2: Tangrowth|par|[msg]\n|\n|-heal|p2a: Sylveon|31\/100|[from] item: Leftovers\n|-damage|p2a: Sylveon|19\/100|[from] move: Magma Storm|[partiallytrapped]\n|upkeep\n|turn|56\n|\n|t:|1701035779\n|move|p2a: Sylveon|Protect|p2a: Sylveon\n|-singleturn|p2a: Sylveon|Protect\n|move|p1a: Heatran|Flash Cannon|p2a: Sylveon\n|-activate|p2a: Sylveon|move: Protect\n|\n|-heal|p2a: Sylveon|25\/100|[from] item: Leftovers\n|-end|p2a: Sylveon|Magma Storm|[partiallytrapped]\n|upkeep\n|turn|57\n|\n|t:|1701035784\n|switch|p2a: Heatran|Heatran, M, tera:Fire|81\/100\n|-damage|p2a: Heatran|56\/100|[from] Stealth Rock\n|move|p1a: Heatran|Flash Cannon|p2a: Heatran\n|-resisted|p2a: Heatran\n|-damage|p2a: Heatran|36\/100\n|\n|upkeep\n|turn|58\n|\n|t:|1701035790\n|move|p2a: Heatran|Earth Power|p1a: Heatran\n|-supereffective|p1a: Heatran\n|-end|p1a: Heatran|Substitute\n|move|p1a: Heatran|Flash Cannon|p2a: Heatran\n|-resisted|p2a: Heatran\n|-crit|p2a: Heatran\n|-damage|p2a: Heatran|5\/100\n|-unboost|p2a: Heatran|spd|1\n|\n|upkeep\n|turn|59\n|\n|t:|1701035805\n|switch|p2a: Gliscor|Gliscor, M|100\/100\n|-damage|p2a: Gliscor|88\/100|[from] Stealth Rock\n|switch|p1a: Charizard|Charizard-Mega-Y, F|62\/100\n|-weather|SunnyDay|[from] ability: Drought|[of] p1a: Charizard\n|\n|-weather|SunnyDay|[upkeep]\n|-status|p2a: Gliscor|tox|[from] item: Toxic Orb\n|upkeep\n|turn|60\n|\n|t:|1701035812\n|move|p2a: Gliscor|Earthquake|p1a: Charizard\n|-immune|p1a: Charizard\n|move|p1a: Charizard|Weather Ball|p2a: Gliscor\n|-damage|p2a: Gliscor|0 fnt\n|faint|p2a: Gliscor\n|\n|-weather|SunnyDay|[upkeep]\n|upkeep\n|-message|Motochorro forfeited.\n|\n|win|Diabetes_jr\n|raw|Diabetes_jr's rating: 1430 &rarr; <strong>1461<\/strong><br \/>(+31 for winning)\n|raw|Motochorro's rating: 1650 &rarr; <strong>1619<\/strong><br \/>(-31 for losing)\n|l|\u2606Motochorro\n|c|\u2606Diabetes_jr|L stall\n","uploadtime":1701035832,"views":1,"p1id":"diabetesjr","p2id":"motochorro","formatid":"gen9nationaldex","rating":1461,"private":0,"password":""}