{"id":"gen9nationaldex-1988564492","p1":"MagnusRake","p2":"Keemie117","format":"[Gen 9] National Dex","log":"|j|\u2606MagnusRake\n|j|\u2606Keemie117\n|t:|1699736625\n|gametype|singles\n|player|p1|MagnusRake|pokekid|1081\n|player|p2|Keemie117|hilbert|1050\n|teamsize|p1|6\n|teamsize|p2|6\n|gen|9\n|tier|[Gen 9] National Dex\n|rated|\n|rule|HP Percentage Mod: HP is shown in percentages\n|rule|Endless Battle Clause: Forcing endless battles is banned\n|rule|OHKO Clause: OHKO moves are banned\n|rule|Evasion Clause: Evasion abilities, items, and moves are banned\n|rule|Evasion Abilities Clause: Evasion abilities are banned\n|rule|Evasion Items Clause: Evasion items are banned\n|rule|Evasion Moves Clause: Evasion moves are banned\n|rule|Species Clause: Limit one of each Pok\u00e9mon\n|rule|Sleep Clause Mod: Limit one foe put to sleep\n|clearpoke\n|poke|p1|Wobbuffet, F|\n|poke|p1|Gengar, M|\n|poke|p1|Mimikyu, M|\n|poke|p1|Porygon2|\n|poke|p1|Pikachu, F|\n|poke|p1|Absol, F|\n|poke|p2|Tauros-Paldea-Aqua, M|\n|poke|p2|Decidueye-Hisui, F|\n|poke|p2|Skeledirge, F|\n|poke|p2|Ninetales-Alola, M|\n|poke|p2|Corviknight, M|\n|poke|p2|Thundurus-Therian, M|\n|teampreview\n|inactive|Battle timer is ON: inactive players will automatically lose when time's up. (requested by MagnusRake)\n|\n|t:|1699736636\n|start\n|switch|p1a: Gengar|Gengar, M|100\/100\n|switch|p2a: Skeledirge|Skeledirge, F|100\/100\n|turn|1\n|\n|t:|1699736645\n|-terastallize|p2a: Skeledirge|Flying\n|move|p1a: Gengar|Thunder Wave|p2a: Skeledirge\n|-status|p2a: Skeledirge|par\n|move|p2a: Skeledirge|Torch Song|p1a: Gengar\n|-damage|p1a: Gengar|47\/100\n|-boost|p2a: Skeledirge|spa|1\n|-enditem|p2a: Skeledirge|Throat Spray\n|-boost|p2a: Skeledirge|spa|1|[from] item: Throat Spray\n|\n|upkeep\n|turn|2\n|\n|t:|1699736660\n|move|p1a: Gengar|Destiny Bond|p1a: Gengar\n|-singlemove|p1a: Gengar|Destiny Bond\n|move|p2a: Skeledirge|Torch Song|p1a: Gengar\n|-damage|p1a: Gengar|0 fnt\n|-boost|p2a: Skeledirge|spa|1\n|-start|p2a: Skeledirge|Disable|Torch Song|[from] ability: Cursed Body|[of] p1a: Gengar\n|faint|p1a: Gengar\n|-activate|p1a: Gengar|move: Destiny Bond\n|faint|p2a: Skeledirge\n|\n|upkeep\n|\n|t:|1699736675\n|switch|p1a: Pikachu|Pikachu, F|100\/100\n|switch|p2a: Ninetales|Ninetales-Alola, M|100\/100\n|-weather|Snow|[from] ability: Snow Warning|[of] p2a: Ninetales\n|turn|3\n|\n|t:|1699736692\n|-terastallize|p1a: Pikachu|Normal\n|move|p1a: Pikachu|Fake Out|p2a: Ninetales\n|-damage|p2a: Ninetales|76\/100\n|cant|p2a: Ninetales|flinch\n|\n|-weather|Snow|[upkeep]\n|upkeep\n|turn|4\n|\n|t:|1699736702\n|move|p2a: Ninetales|Blizzard|p1a: Pikachu\n|-damage|p1a: Pikachu|0 fnt\n|faint|p1a: Pikachu\n|\n|-weather|Snow|[upkeep]\n|upkeep\n|\n|t:|1699736708\n|switch|p1a: Porygon2|Porygon2|100\/100\n|-ability|p1a: Porygon2|Snow Warning|[from] ability: Trace|[of] p2a: Ninetales\n|turn|5\n|\n|t:|1699736716\n|move|p2a: Ninetales|Draining Kiss|p1a: Porygon2\n|-damage|p1a: Porygon2|92\/100\n|-heal|p2a: Ninetales|84\/100|[from] drain|[of] p1a: Porygon2\n|move|p1a: Porygon2|Thunder Wave|p2a: Ninetales\n|-status|p2a: Ninetales|par\n|\n|-weather|Snow|[upkeep]\n|upkeep\n|turn|6\n|\n|t:|1699736724\n|move|p2a: Ninetales|Blizzard|p1a: Porygon2\n|-damage|p1a: Porygon2|74\/100\n|-status|p1a: Porygon2|frz\n|-curestatus|p1a: Porygon2|frz|[msg]\n|move|p1a: Porygon2|Reflect|p1a: Porygon2\n|-sidestart|p1: MagnusRake|Reflect\n|\n|-weather|Snow|[upkeep]\n|upkeep\n|turn|7\n|\n|t:|1699736734\n|move|p2a: Ninetales|Blizzard|p1a: Porygon2\n|-damage|p1a: Porygon2|55\/100\n|move|p1a: Porygon2|Tri Attack|p2a: Ninetales\n|-damage|p2a: Ninetales|60\/100 par\n|\n|-weather|none\n|upkeep\n|turn|8\n|\n|t:|1699736747\n|move|p2a: Ninetales|Moonblast|p1a: Porygon2\n|-damage|p1a: Porygon2|39\/100\n|move|p1a: Porygon2|Recover|p1a: Porygon2\n|-heal|p1a: Porygon2|89\/100\n|\n|upkeep\n|turn|9\n|\n|t:|1699736755\n|move|p2a: Ninetales|Draining Kiss|p1a: Porygon2\n|-damage|p1a: Porygon2|80\/100\n|-heal|p2a: Ninetales|69\/100 par|[from] drain|[of] p1a: Porygon2\n|move|p1a: Porygon2|Tri Attack|p2a: Ninetales\n|-damage|p2a: Ninetales|48\/100 par\n|\n|upkeep\n|turn|10\n|\n|t:|1699736762\n|move|p2a: Ninetales|Draining Kiss|p1a: Porygon2\n|-damage|p1a: Porygon2|71\/100\n|-heal|p2a: Ninetales|57\/100 par|[from] drain|[of] p1a: Porygon2\n|move|p1a: Porygon2|Tri Attack|p2a: Ninetales\n|-damage|p2a: Ninetales|35\/100 par\n|\n|-sideend|p1: MagnusRake|Reflect\n|upkeep\n|turn|11\n|\n|t:|1699736772\n|move|p2a: Ninetales|Moonblast|p1a: Porygon2\n|-damage|p1a: Porygon2|55\/100\n|move|p1a: Porygon2|Tri Attack|p2a: Ninetales\n|-damage|p2a: Ninetales|10\/100 par\n|\n|upkeep\n|turn|12\n|\n|t:|1699736779\n|move|p2a: Ninetales|Moonblast|p1a: Porygon2\n|-damage|p1a: Porygon2|38\/100\n|move|p1a: Porygon2|Recover|p1a: Porygon2\n|-heal|p1a: Porygon2|88\/100\n|\n|upkeep\n|turn|13\n|\n|t:|1699736787\n|move|p2a: Ninetales|Freeze-Dry|p1a: Porygon2\n|-damage|p1a: Porygon2|74\/100\n|move|p1a: Porygon2|Reflect|p1a: Porygon2\n|-sidestart|p1: MagnusRake|Reflect\n|\n|upkeep\n|turn|14\n|\n|t:|1699736795\n|move|p2a: Ninetales|Moonblast|p1a: Porygon2\n|-damage|p1a: Porygon2|56\/100\n|move|p1a: Porygon2|Tri Attack|p2a: Ninetales\n|-damage|p2a: Ninetales|0 fnt\n|faint|p2a: Ninetales\n|\n|upkeep\n|\n|t:|1699736803\n|switch|p2a: Decidueye|Decidueye-Hisui, F|100\/100\n|turn|15\n|\n|t:|1699736806\n|move|p1a: Porygon2|Thunder Wave|p2a: Decidueye|[miss]\n|-miss|p1a: Porygon2|p2a: Decidueye\n|move|p2a: Decidueye|Triple Arrows|p1a: Porygon2\n|-supereffective|p1a: Porygon2\n|-damage|p1a: Porygon2|26\/100\n|-unboost|p1a: Porygon2|def|1\n|\n|upkeep\n|turn|16\n|\n|t:|1699736817\n|move|p2a: Decidueye|Triple Arrows|p1a: Porygon2\n|-supereffective|p1a: Porygon2\n|-damage|p1a: Porygon2|0 fnt\n|faint|p1a: Porygon2\n|\n|upkeep\n|\n|t:|1699736826\n|switch|p1a: Mimikyu|Mimikyu, M|100\/100\n|turn|17\n|\n|t:|1699736831\n|move|p1a: Mimikyu|Swords Dance|p1a: Mimikyu\n|-boost|p1a: Mimikyu|atk|2\n|move|p2a: Decidueye|Dual Wingbeat|p1a: Mimikyu\n|-activate|p1a: Mimikyu|ability: Disguise\n|-damage|p1a: Mimikyu|100\/100\n|detailschange|p1a: Mimikyu|Mimikyu-Busted, M\n|-damage|p1a: Mimikyu|88\/100|[from] pokemon: Mimikyu-Busted\n|-damage|p1a: Mimikyu|76\/100\n|-hitcount|p1a: Mimikyu|2\n|\n|-sideend|p1: MagnusRake|Reflect\n|upkeep\n|turn|18\n|\n|t:|1699736844\n|move|p1a: Mimikyu|Leech Life|p2a: Decidueye\n|-damage|p2a: Decidueye|34\/100\n|-heal|p1a: Mimikyu|100\/100|[from] drain|[of] p2a: Decidueye\n|-damage|p1a: Mimikyu|91\/100|[from] item: Life Orb\n|move|p2a: Decidueye|Triple Arrows|p1a: Mimikyu\n|-resisted|p1a: Mimikyu\n|-crit|p1a: Mimikyu\n|-damage|p1a: Mimikyu|34\/100\n|\n|upkeep\n|turn|19\n|\n|t:|1699736858\n|move|p1a: Mimikyu|Leech Life|p2a: Decidueye\n|-damage|p2a: Decidueye|0 fnt\n|-heal|p1a: Mimikyu|60\/100|[from] drain|[of] p2a: Decidueye\n|faint|p2a: Decidueye\n|-damage|p1a: Mimikyu|50\/100|[from] item: Life Orb\n|\n|upkeep\n|\n|t:|1699736866\n|switch|p2a: Corviknight|Corviknight, M|100\/100\n|turn|20\n|\n|t:|1699736869\n|move|p1a: Mimikyu|Drain Punch|p2a: Corviknight\n|-damage|p2a: Corviknight|60\/100\n|-heal|p1a: Mimikyu|83\/100|[from] drain|[of] p2a: Corviknight\n|-damage|p1a: Mimikyu|73\/100|[from] item: Life Orb\n|move|p2a: Corviknight|Iron Head|p1a: Mimikyu\n|-supereffective|p1a: Mimikyu\n|-damage|p1a: Mimikyu|0 fnt\n|faint|p1a: Mimikyu\n|\n|-heal|p2a: Corviknight|66\/100|[from] item: Leftovers\n|upkeep\n|\n|t:|1699736881\n|switch|p1a: Wobbuffet|Wobbuffet, F|100\/100\n|turn|21\n|\n|t:|1699736885\n|move|p2a: Corviknight|Bulk Up|p2a: Corviknight\n|-boost|p2a: Corviknight|atk|1\n|-boost|p2a: Corviknight|def|1\n|move|p1a: Wobbuffet|Counter||[still]\n|-fail|p1a: Wobbuffet\n|\n|-heal|p2a: Corviknight|72\/100|[from] item: Leftovers\n|upkeep\n|turn|22\n|-message|MagnusRake forfeited.\n|\n|win|Keemie117\n|raw|MagnusRake's rating: 1081 &rarr; <strong>1057<\/strong><br \/>(-24 for losing)\n|raw|Keemie117's rating: 1050 &rarr; <strong>1085<\/strong><br \/>(+35 for winning)\n|l|\u2606MagnusRake\n|l|\u2606Keemie117\n","uploadtime":1699737026,"views":6,"p1id":"magnusrake","p2id":"keemie117","formatid":"gen9nationaldex","rating":1057,"private":0,"password":""}