{"id":"gen9nationaldex-1996321983","p1":"MP1024","p2":"PM4201","format":"[Gen 9] National Dex","log":"|html|<div class=\"broadcast-blue\"><strong>[Gen 9] National Dex is currently suspecting Sneasler! For information on how to participate check out the <a href=\"https:\/\/www.smogon.com\/forums\/threads\/sv-national-dex-suspect-8-just-dance.3731534\/\">suspect thread<\/a>.<\/strong><\/div>\n|j|\u2606MP1024\n|j|\u2606PM4201\n|t:|1700670998\n|gametype|singles\n|player|p1|MP1024|scientist|\n|player|p2|PM4201|pokemonranger-gen4|\n|teamsize|p1|6\n|teamsize|p2|6\n|gen|9\n|tier|[Gen 9] National Dex\n|rule|HP Percentage Mod: HP is shown in percentages\n|rule|Endless Battle Clause: Forcing endless battles is banned\n|rule|OHKO Clause: OHKO moves are banned\n|rule|Evasion Clause: Evasion abilities, items, and moves are banned\n|rule|Evasion Abilities Clause: Evasion abilities are banned\n|rule|Evasion Items Clause: Evasion items are banned\n|rule|Evasion Moves Clause: Evasion moves are banned\n|rule|Species Clause: Limit one of each Pok\u00e9mon\n|rule|Sleep Clause Mod: Limit one foe put to sleep\n|clearpoke\n|poke|p1|Mew|\n|poke|p1|Tyranitar, F|\n|poke|p1|Toucannon, F|\n|poke|p1|Golisopod, M|\n|poke|p1|Lycanroc-Dusk, M|\n|poke|p1|Mimikyu, M|\n|poke|p2|Sinistcha|\n|poke|p2|Crawdaunt, F|\n|poke|p2|Heracross, M|\n|poke|p2|Gallade, M|\n|poke|p2|Golem, M|\n|poke|p2|Infernape, F|\n|teampreview\n|inactive|Battle timer is ON: inactive players will automatically lose when time's up. (requested by MP1024)\n|\n|t:|1700671010\n|start\n|switch|p1a: Tyranitar|Tyranitar, F|100\/100\n|switch|p2a: Heracross|Heracross, M|100\/100\n|-ability|p1a: Tyranitar|Unnerve\n|turn|1\n|\n|t:|1700671027\n|switch|p1a: Mimikyu|Mimikyu, M|100\/100\n|move|p2a: Heracross|Close Combat|p1a: Mimikyu\n|-immune|p1a: Mimikyu\n|\n|-status|p2a: Heracross|brn|[from] item: Flame Orb\n|upkeep\n|turn|2\n|\n|t:|1700671040\n|move|p1a: Mimikyu|Swords Dance|p1a: Mimikyu\n|-boost|p1a: Mimikyu|atk|2\n|move|p2a: Heracross|Lunge|p1a: Mimikyu\n|-activate|p1a: Mimikyu|ability: Disguise\n|-damage|p1a: Mimikyu|100\/100\n|-unboost|p1a: Mimikyu|atk|1\n|detailschange|p1a: Mimikyu|Mimikyu-Busted, M\n|-damage|p1a: Mimikyu|88\/100|[from] pokemon: Mimikyu-Busted\n|\n|-damage|p2a: Heracross|95\/100 brn|[from] brn\n|upkeep\n|turn|3\n|\n|t:|1700671053\n|move|p1a: Mimikyu|Play Rough|p2a: Heracross\n|-supereffective|p2a: Heracross\n|-damage|p2a: Heracross|0 fnt\n|faint|p2a: Heracross\n|-damage|p1a: Mimikyu|78\/100|[from] item: Life Orb\n|\n|upkeep\n|\n|t:|1700671064\n|switch|p2a: Infernape|Infernape, F|100\/100\n|turn|4\n|\n|t:|1700671070\n|move|p1a: Mimikyu|Shadow Sneak|p2a: Infernape\n|-damage|p2a: Infernape|53\/100\n|-damage|p1a: Mimikyu|68\/100|[from] item: Life Orb\n|-zpower|p2a: Infernape\n|move|p2a: Infernape|Inferno Overdrive|p1a: Mimikyu|[zeffect]\n|-damage|p1a: Mimikyu|0 fnt\n|faint|p1a: Mimikyu\n|\n|upkeep\n|\n|t:|1700671086\n|switch|p1a: Tyranitar|Tyranitar, F|100\/100\n|-ability|p1a: Tyranitar|Unnerve\n|turn|5\n|\n|t:|1700671092\n|detailschange|p1a: Tyranitar|Tyranitar-Mega, F\n|-mega|p1a: Tyranitar|Tyranitar|Tyranitarite\n|-weather|Sandstorm|[from] ability: Sand Stream|[of] p1a: Tyranitar\n|move|p2a: Infernape|Mach Punch|p1a: Tyranitar\n|-supereffective|p1a: Tyranitar\n|-damage|p1a: Tyranitar|47\/100\n|move|p1a: Tyranitar|Earthquake|p2a: Infernape\n|-supereffective|p2a: Infernape\n|-damage|p2a: Infernape|0 fnt\n|faint|p2a: Infernape\n|\n|-weather|Sandstorm|[upkeep]\n|upkeep\n|\n|t:|1700671106\n|switch|p2a: Golem|Golem, M|100\/100\n|turn|6\n|\n|t:|1700671113\n|move|p1a: Tyranitar|Earthquake|p2a: Golem\n|-supereffective|p2a: Golem\n|-damage|p2a: Golem|26\/100\n|move|p2a: Golem|Gyro Ball|p1a: Tyranitar\n|-supereffective|p1a: Tyranitar\n|-damage|p1a: Tyranitar|23\/100\n|\n|-weather|Sandstorm|[upkeep]\n|upkeep\n|turn|7\n|\n|t:|1700671125\n|move|p1a: Tyranitar|High Horsepower|p2a: Golem\n|-supereffective|p2a: Golem\n|-damage|p2a: Golem|0 fnt\n|faint|p2a: Golem\n|\n|-weather|Sandstorm|[upkeep]\n|upkeep\n|\n|t:|1700671134\n|switch|p2a: Sinistcha|Sinistcha|100\/100\n|turn|8\n|\n|t:|1700671138\n|move|p1a: Tyranitar|Crunch|p2a: Sinistcha\n|-supereffective|p2a: Sinistcha\n|-damage|p2a: Sinistcha|0 fnt\n|faint|p2a: Sinistcha\n|\n|-weather|Sandstorm|[upkeep]\n|upkeep\n|\n|t:|1700671145\n|switch|p2a: Crawdaunt|Crawdaunt, F|100\/100\n|turn|9\n|\n|t:|1700671150\n|move|p2a: Crawdaunt|Aqua Jet|p1a: Tyranitar\n|-supereffective|p1a: Tyranitar\n|-damage|p1a: Tyranitar|0 fnt\n|faint|p1a: Tyranitar\n|-damage|p2a: Crawdaunt|90\/100|[from] item: Life Orb\n|\n|-weather|none\n|upkeep\n|\n|t:|1700671158\n|switch|p1a: Golisopod|Golisopod, M|100\/100\n|turn|10\n|\n|t:|1700671164\n|move|p1a: Golisopod|First Impression|p2a: Crawdaunt\n|-supereffective|p2a: Crawdaunt\n|-damage|p2a: Crawdaunt|0 fnt\n|faint|p2a: Crawdaunt\n|\n|upkeep\n|\n|t:|1700671169\n|switch|p2a: Gallade|Gallade, M|100\/100\n|turn|11\n|\n|t:|1700671175\n|move|p2a: Gallade|Psycho Cut|p1a: Golisopod\n|-damage|p1a: Golisopod|56\/100\n|move|p1a: Golisopod|Leech Life|p2a: Gallade\n|-damage|p2a: Gallade|18\/100\n|-heal|p1a: Golisopod|89\/100|[from] drain|[of] p2a: Gallade\n|\n|upkeep\n|turn|12\n|\n|t:|1700671187\n|move|p2a: Gallade|Psycho Cut|p1a: Golisopod\n|-crit|p1a: Golisopod\n|-damage|p1a: Golisopod|15\/100\n|-enditem|p1a: Golisopod|Iapapa Berry|[eat]\n|-heal|p1a: Golisopod|48\/100|[from] item: Iapapa Berry\n|-activate|p1a: Golisopod|ability: Emergency Exit\n|\n|t:|1700671195\n|switch|p1a: Mew|Mew|100\/100\n|\n|upkeep\n|turn|13\n|\n|t:|1700671201\n|-zpower|p1a: Mew\n|move|p1a: Mew|Genesis Supernova|p2a: Gallade|[zeffect]\n|-damage|p2a: Gallade|0 fnt\n|-fieldstart|move: Psychic Terrain\n|faint|p2a: Gallade\n|\n|win|MP1024\n","uploadtime":1700671221,"views":0,"p1id":"mp1024","p2id":"pm4201","formatid":"gen9nationaldex","rating":0,"private":0,"password":""}