{"id":"gen9nationaldex-1995046688","p1":"Internet Moron","p2":"Imarandomguyhi","format":"[Gen 9] National Dex","log":"|html|<div class=\"broadcast-blue\"><strong>[Gen 9] National Dex is currently suspecting Sneasler! For information on how to participate check out the <a href=\"https:\/\/www.smogon.com\/forums\/threads\/sv-national-dex-suspect-8-just-dance.3731534\/\">suspect thread<\/a>.<\/strong><\/div>\n|j|\u2606Internet Moron\n|j|\u2606Imarandomguyhi\n|t:|1700516809\n|gametype|singles\n|player|p1|Internet Moron|gambler|1088\n|player|p2|Imarandomguyhi|pokemonranger-gen4|1144\n|teamsize|p1|6\n|teamsize|p2|6\n|gen|9\n|tier|[Gen 9] National Dex\n|rated|\n|rule|HP Percentage Mod: HP is shown in percentages\n|rule|Endless Battle Clause: Forcing endless battles is banned\n|rule|OHKO Clause: OHKO moves are banned\n|rule|Evasion Clause: Evasion abilities, items, and moves are banned\n|rule|Evasion Abilities Clause: Evasion abilities are banned\n|rule|Evasion Items Clause: Evasion items are banned\n|rule|Evasion Moves Clause: Evasion moves are banned\n|rule|Species Clause: Limit one of each Pok\u00e9mon\n|rule|Sleep Clause Mod: Limit one foe put to sleep\n|clearpoke\n|poke|p1|Altaria, F|\n|poke|p1|Arcanine-Hisui, M|\n|poke|p1|Umbreon, F|\n|poke|p1|Cinccino, F|\n|poke|p1|Accelgor, M|\n|poke|p1|Moltres-Galar|\n|poke|p2|Grimmsnarl, M|\n|poke|p2|Aegislash, M|\n|poke|p2|Seismitoad, M|\n|poke|p2|Infernape, M|\n|poke|p2|Togekiss, F|\n|poke|p2|Goodra-Hisui, M|\n|teampreview\n|c|\u2606Internet Moron|glhf\n|inactive|Battle timer is ON: inactive players will automatically lose when time's up. (requested by Imarandomguyhi)\n|c|\u2606Imarandomguyhi|glhf\n|\n|t:|1700516819\n|start\n|switch|p1a: Arcanine|Arcanine-Hisui, M, shiny|100\/100\n|switch|p2a: Grimmsnarl|Grimmsnarl, M|100\/100\n|turn|1\n|\n|t:|1700516825\n|move|p2a: Grimmsnarl|Reflect|p2a: Grimmsnarl\n|-sidestart|p2: Imarandomguyhi|Reflect\n|move|p1a: Arcanine|Head Smash|p2a: Grimmsnarl\n|-damage|p2a: Grimmsnarl|51\/100\n|\n|upkeep\n|turn|2\n|\n|t:|1700516830\n|switch|p2a: Seismitoad|Seismitoad, M|100\/100\n|move|p1a: Arcanine|Head Smash|p2a: Seismitoad\n|-resisted|p2a: Seismitoad\n|-damage|p2a: Seismitoad|81\/100\n|\n|-heal|p2a: Seismitoad|87\/100|[from] item: Leftovers\n|upkeep\n|turn|3\n|\n|t:|1700516839\n|switch|p1a: Moltres|Moltres-Galar, shiny|100\/100\n|move|p2a: Seismitoad|Toxic|p1a: Moltres|[miss]\n|-miss|p2a: Seismitoad|p1a: Moltres\n|\n|-heal|p2a: Seismitoad|93\/100|[from] item: Leftovers\n|upkeep\n|turn|4\n|\n|t:|1700516848\n|move|p1a: Moltres|Tailwind|p1a: Moltres\n|-sidestart|p1: Internet Moron|move: Tailwind\n|move|p2a: Seismitoad|Liquidation|p1a: Moltres\n|-crit|p1a: Moltres\n|-damage|p1a: Moltres|42\/100\n|-unboost|p1a: Moltres|def|1\n|-ability|p1a: Moltres|Berserk|boost\n|-boost|p1a: Moltres|spa|1\n|\n|-heal|p2a: Seismitoad|99\/100|[from] item: Leftovers\n|upkeep\n|turn|5\n|\n|t:|1700516858\n|move|p1a: Moltres|Fiery Wrath|p2a: Seismitoad\n|-damage|p2a: Seismitoad|37\/100\n|-damage|p1a: Moltres|33\/100|[from] item: Life Orb\n|move|p2a: Seismitoad|Liquidation|p1a: Moltres\n|-damage|p1a: Moltres|0 fnt\n|faint|p1a: Moltres\n|\n|-heal|p2a: Seismitoad|43\/100|[from] item: Leftovers\n|upkeep\n|\n|t:|1700516872\n|switch|p1a: Arcanine|Arcanine-Hisui, M, shiny|100\/100\n|turn|6\n|\n|t:|1700516880\n|-terastallize|p1a: Arcanine|Normal\n|move|p1a: Arcanine|Double-Edge|p2a: Seismitoad\n|-damage|p2a: Seismitoad|8\/100\n|move|p2a: Seismitoad|Earthquake|p1a: Arcanine\n|-damage|p1a: Arcanine|55\/100\n|\n|-heal|p2a: Seismitoad|14\/100|[from] item: Leftovers\n|upkeep\n|turn|7\n|\n|t:|1700516890\n|switch|p2a: Aegislash|Aegislash, M|100\/100\n|move|p1a: Arcanine|Double-Edge|p2a: Aegislash\n|-immune|p2a: Aegislash\n|\n|-sideend|p1: Internet Moron|move: Tailwind\n|upkeep\n|turn|8\n|\n|t:|1700516898\n|move|p1a: Arcanine|Flare Blitz|p2a: Aegislash\n|-supereffective|p2a: Aegislash\n|-damage|p2a: Aegislash|53\/100\n|-enditem|p2a: Aegislash|Weakness Policy\n|-boost|p2a: Aegislash|atk|2|[from] item: Weakness Policy\n|-boost|p2a: Aegislash|spa|2|[from] item: Weakness Policy\n|-formechange|p2a: Aegislash|Aegislash-Blade||[from] ability: Stance Change\n|move|p2a: Aegislash|Iron Head|p1a: Arcanine\n|-damage|p1a: Arcanine|0 fnt\n|faint|p1a: Arcanine\n|\n|-sideend|p2: Imarandomguyhi|Reflect\n|upkeep\n|\n|t:|1700516913\n|switch|p1a: Altaria|Altaria, F, shiny|100\/100\n|-ability|p1a: Altaria|Cloud Nine\n|turn|9\n|\n|t:|1700516920\n|detailschange|p1a: Altaria|Altaria-Mega, F, shiny\n|-mega|p1a: Altaria|Altaria|Altarianite\n|move|p2a: Aegislash|Shadow Sneak|p1a: Altaria\n|-damage|p1a: Altaria|57\/100\n|move|p1a: Altaria|Cotton Guard|p1a: Altaria\n|-boost|p1a: Altaria|def|3\n|\n|upkeep\n|turn|10\n|\n|t:|1700516933\n|move|p1a: Altaria|Roost|p1a: Altaria\n|-heal|p1a: Altaria|100\/100\n|-singleturn|p1a: Altaria|move: Roost\n|move|p2a: Aegislash|Iron Head|p1a: Altaria\n|-supereffective|p1a: Altaria\n|-damage|p1a: Altaria|37\/100\n|\n|upkeep\n|turn|11\n|\n|t:|1700516946\n|switch|p1a: Umbreon|Umbreon, F, shiny|100\/100\n|move|p2a: Aegislash|Iron Head|p1a: Umbreon\n|-damage|p1a: Umbreon|21\/100\n|\n|upkeep\n|turn|12\n|\n|t:|1700516953\n|-formechange|p2a: Aegislash|Aegislash||[from] ability: Stance Change\n|move|p2a: Aegislash|King's Shield|p2a: Aegislash\n|-singleturn|p2a: Aegislash|Protect\n|move|p1a: Umbreon|Assurance|p2a: Aegislash\n|-activate|p2a: Aegislash|move: Protect\n|-unboost|p1a: Umbreon|atk|1\n|\n|upkeep\n|turn|13\n|\n|t:|1700516964\n|move|p1a: Umbreon|Attract|p2a: Aegislash\n|-start|p2a: Aegislash|Attract\n|-activate|p2a: Aegislash|move: Attract|[of] p1a: Umbreon\n|-formechange|p2a: Aegislash|Aegislash-Blade||[from] ability: Stance Change\n|move|p2a: Aegislash|Iron Head|p1a: Umbreon\n|-damage|p1a: Umbreon|0 fnt\n|faint|p1a: Umbreon\n|-end|p2a: Aegislash|Attract|[silent]\n|\n|upkeep\n|c|\u2606Internet Moron|oh no\n|\n|t:|1700516976\n|switch|p1a: Cinccino|Cinccino, F|100\/100\n|turn|14\n|\n|t:|1700516983\n|-formechange|p2a: Aegislash|Aegislash||[from] ability: Stance Change\n|move|p2a: Aegislash|King's Shield|p2a: Aegislash\n|-singleturn|p2a: Aegislash|Protect\n|move|p1a: Cinccino|Attract|p2a: Aegislash\n|-start|p2a: Aegislash|Attract\n|\n|upkeep\n|turn|15\n|\n|t:|1700516993\n|move|p1a: Cinccino|Rock Blast|p2a: Aegislash\n|-resisted|p2a: Aegislash\n|-damage|p2a: Aegislash|50\/100\n|-resisted|p2a: Aegislash\n|-damage|p2a: Aegislash|47\/100\n|-resisted|p2a: Aegislash\n|-damage|p2a: Aegislash|45\/100\n|-resisted|p2a: Aegislash\n|-damage|p2a: Aegislash|42\/100\n|-resisted|p2a: Aegislash\n|-damage|p2a: Aegislash|38\/100\n|-hitcount|p2a: Aegislash|5\n|-activate|p2a: Aegislash|move: Attract|[of] p1a: Cinccino\n|-formechange|p2a: Aegislash|Aegislash-Blade||[from] ability: Stance Change\n|move|p2a: Aegislash|Sacred Sword|p1a: Cinccino\n|-supereffective|p1a: Cinccino\n|-damage|p1a: Cinccino|0 fnt\n|faint|p1a: Cinccino\n|-end|p2a: Aegislash|Attract|[silent]\n|\n|upkeep\n|\n|t:|1700517010\n|switch|p1a: Altaria|Altaria-Mega, F, shiny|37\/100\n|turn|16\n|\n|t:|1700517016\n|move|p2a: Aegislash|Shadow Sneak|p1a: Altaria\n|-damage|p1a: Altaria|0 fnt\n|faint|p1a: Altaria\n|\n|upkeep\n|\n|t:|1700517021\n|switch|p1a: Accelgor|Accelgor, M|100\/100\n|turn|17\n|\n|t:|1700517029\n|-formechange|p2a: Aegislash|Aegislash||[from] ability: Stance Change\n|move|p2a: Aegislash|King's Shield|p2a: Aegislash\n|-singleturn|p2a: Aegislash|Protect\n|move|p1a: Accelgor|Bug Buzz|p2a: Aegislash\n|-activate|p2a: Aegislash|move: Protect\n|\n|upkeep\n|turn|18\n|\n|t:|1700517037\n|move|p1a: Accelgor|Bug Buzz|p2a: Aegislash\n|-resisted|p2a: Aegislash\n|-damage|p2a: Aegislash|30\/100\n|-unboost|p2a: Aegislash|spd|1\n|-formechange|p2a: Aegislash|Aegislash-Blade||[from] ability: Stance Change\n|move|p2a: Aegislash|Iron Head|p1a: Accelgor\n|-damage|p1a: Accelgor|0 fnt\n|faint|p1a: Accelgor\n|\n|win|Imarandomguyhi\n|raw|Internet Moron's rating: 1088 &rarr; <strong>1069<\/strong><br \/>(-19 for losing)\n|raw|Imarandomguyhi's rating: 1144 &rarr; <strong>1165<\/strong><br \/>(+21 for winning)\n|c|\u2606Imarandomguyhi|fg\n|c|\u2606Internet Moron|gg\n","uploadtime":1700517045,"views":7,"p1id":"internetmoron","p2id":"imarandomguyhi","formatid":"gen9nationaldex","rating":1069,"private":0,"password":""}