{"id":"gen9nationaldex-1989114849","p1":"Donato Fallito","p2":"trigauum","format":"[Gen 9] National Dex","log":"|j|\u2606Donato Fallito\n|j|\u2606trigauum\n|t:|1699813810\n|gametype|singles\n|player|p1|Donato Fallito|hiker-gen4|1341\n|player|p2|trigauum|hugh|1347\n|teamsize|p1|6\n|teamsize|p2|6\n|gen|9\n|tier|[Gen 9] National Dex\n|rated|\n|rule|HP Percentage Mod: HP is shown in percentages\n|rule|Endless Battle Clause: Forcing endless battles is banned\n|rule|OHKO Clause: OHKO moves are banned\n|rule|Evasion Clause: Evasion abilities, items, and moves are banned\n|rule|Evasion Abilities Clause: Evasion abilities are banned\n|rule|Evasion Items Clause: Evasion items are banned\n|rule|Evasion Moves Clause: Evasion moves are banned\n|rule|Species Clause: Limit one of each Pok\u00e9mon\n|rule|Sleep Clause Mod: Limit one foe put to sleep\n|clearpoke\n|poke|p1|Ursaluna, M|\n|poke|p1|Azumarill, M|\n|poke|p1|Psyduck, F|\n|poke|p1|Thievul, M|\n|poke|p1|Gengar, M|\n|poke|p1|Dusknoir, M|\n|poke|p2|Blaziken, F|\n|poke|p2|Araquanid, F|\n|poke|p2|Corviknight, M|\n|poke|p2|Rotom-Wash|\n|poke|p2|Polteageist|\n|poke|p2|Klefki, M|\n|teampreview\n|inactive|Battle timer is ON: inactive players will automatically lose when time's up. (requested by trigauum)\n|\n|t:|1699813828\n|start\n|switch|p1a: Bonnie|Azumarill, M|100\/100\n|switch|p2a: Blaziken|Blaziken, F|100\/100\n|turn|1\n|\n|t:|1699813838\n|move|p2a: Blaziken|U-turn|p1a: Bonnie\n|-resisted|p1a: Bonnie\n|-damage|p1a: Bonnie|83\/100\n|\n|t:|1699813852\n|switch|p2a: Corviknight|Corviknight, M|100\/100|[from] U-turn\n|move|p1a: Bonnie|Power-Up Punch|p2a: Corviknight\n|-damage|p2a: Corviknight|90\/100\n|-boost|p1a: Bonnie|atk|1\n|\n|-heal|p2a: Corviknight|96\/100|[from] item: Leftovers\n|upkeep\n|turn|2\n|\n|t:|1699813863\n|move|p2a: Corviknight|Brave Bird|p1a: Bonnie\n|-damage|p1a: Bonnie|49\/100\n|-enditem|p1a: Bonnie|Sitrus Berry|[eat]\n|-heal|p1a: Bonnie|74\/100|[from] item: Sitrus Berry\n|-damage|p2a: Corviknight|85\/100|[from] Recoil\n|move|p1a: Bonnie|Liquidation|p2a: Corviknight\n|-damage|p2a: Corviknight|38\/100\n|\n|-heal|p2a: Corviknight|44\/100|[from] item: Leftovers\n|upkeep\n|turn|3\n|\n|t:|1699813871\n|move|p2a: Corviknight|Iron Defense|p2a: Corviknight\n|-boost|p2a: Corviknight|def|2\n|move|p1a: Bonnie|Liquidation|p2a: Corviknight\n|-crit|p2a: Corviknight\n|-damage|p2a: Corviknight|0 fnt\n|faint|p2a: Corviknight\n|\n|upkeep\n|\n|t:|1699813887\n|switch|p2a: Rotom|Rotom-Wash|100\/100\n|turn|4\n|\n|t:|1699813893\n|move|p2a: Rotom|Thunderbolt|p1a: Bonnie\n|-supereffective|p1a: Bonnie\n|-damage|p1a: Bonnie|0 fnt\n|faint|p1a: Bonnie\n|\n|upkeep\n|\n|t:|1699813902\n|switch|p1a: Foxy|Thievul, M|100\/100\n|turn|5\n|\n|t:|1699813905\n|move|p1a: Foxy|Nasty Plot|p1a: Foxy\n|-boost|p1a: Foxy|spa|2\n|move|p2a: Rotom|Nasty Plot|p2a: Rotom\n|-boost|p2a: Rotom|spa|2\n|\n|upkeep\n|turn|6\n|\n|t:|1699813912\n|move|p1a: Foxy|Dark Pulse|p2a: Rotom\n|-damage|p2a: Rotom|0 fnt\n|faint|p2a: Rotom\n|-damage|p1a: Foxy|91\/100|[from] item: Life Orb\n|\n|upkeep\n|\n|t:|1699813925\n|switch|p2a: Klefki|Klefki, M|100\/100\n|turn|7\n|\n|t:|1699813930\n|move|p2a: Klefki|Light Screen|p2a: Klefki\n|-sidestart|p2: trigauum|move: Light Screen\n|move|p1a: Foxy|Dark Pulse|p2a: Klefki\n|-resisted|p2a: Klefki\n|-damage|p2a: Klefki|75\/100\n|-damage|p1a: Foxy|81\/100|[from] item: Life Orb\n|\n|upkeep\n|turn|8\n|\n|t:|1699813935\n|move|p1a: Foxy|Dark Pulse|p2a: Klefki\n|-resisted|p2a: Klefki\n|-damage|p2a: Klefki|51\/100\n|-damage|p1a: Foxy|71\/100|[from] item: Life Orb\n|cant|p2a: Klefki|flinch\n|\n|upkeep\n|turn|9\n|\n|t:|1699813941\n|move|p2a: Klefki|Reflect|p2a: Klefki\n|-sidestart|p2: trigauum|Reflect\n|move|p1a: Foxy|Dark Pulse|p2a: Klefki\n|-resisted|p2a: Klefki\n|-damage|p2a: Klefki|25\/100\n|-damage|p1a: Foxy|61\/100|[from] item: Life Orb\n|\n|upkeep\n|turn|10\n|\n|t:|1699813946\n|switch|p2a: Araquanid|Araquanid, F|100\/100\n|move|p1a: Foxy|Dark Pulse|p2a: Araquanid\n|-damage|p2a: Araquanid|58\/100\n|-damage|p1a: Foxy|51\/100|[from] item: Life Orb\n|\n|upkeep\n|turn|11\n|\n|t:|1699813953\n|move|p1a: Foxy|Dark Pulse|p2a: Araquanid\n|-damage|p2a: Araquanid|37\/100\n|-damage|p1a: Foxy|41\/100|[from] item: Life Orb\n|move|p2a: Araquanid|Liquidation|p1a: Foxy\n|-damage|p1a: Foxy|0 fnt\n|faint|p1a: Foxy\n|\n|upkeep\n|\n|t:|1699813972\n|switch|p1a: Chica|Psyduck, F|100\/100\n|-ability|p1a: Chica|Cloud Nine\n|turn|12\n|\n|t:|1699813986\n|move|p1a: Chica|Scald|p2a: Araquanid\n|-resisted|p2a: Araquanid\n|-damage|p2a: Araquanid|35\/100\n|move|p2a: Araquanid|Leech Life|p1a: Chica\n|-damage|p1a: Chica|76\/100\n|-heal|p2a: Araquanid|45\/100|[from] drain|[of] p1a: Chica\n|\n|upkeep\n|turn|13\n|\n|t:|1699813992\n|move|p1a: Chica|Scald|p2a: Araquanid\n|-resisted|p2a: Araquanid\n|-damage|p2a: Araquanid|43\/100\n|move|p2a: Araquanid|Infestation|p1a: Chica\n|-damage|p1a: Chica|71\/100\n|-activate|p1a: Chica|move: Infestation|[of] p2a: Araquanid\n|\n|-damage|p1a: Chica|59\/100|[from] move: Infestation|[partiallytrapped]\n|upkeep\n|turn|14\n|\n|t:|1699813995\n|move|p1a: Chica|Encore|p2a: Araquanid\n|-start|p2a: Araquanid|Encore\n|move|p2a: Araquanid|Infestation|p1a: Chica\n|-damage|p1a: Chica|54\/100\n|\n|-damage|p1a: Chica|42\/100|[from] move: Infestation|[partiallytrapped]\n|-sideend|p2: trigauum|move: Light Screen\n|upkeep\n|turn|15\n|\n|t:|1699814003\n|move|p1a: Chica|Flip Turn|p2a: Araquanid\n|-resisted|p2a: Araquanid\n|-damage|p2a: Araquanid|40\/100\n|\n|t:|1699814009\n|switch|p1a: Freddy|Ursaluna, M|100\/100|[from] Flip Turn\n|move|p2a: Araquanid|Infestation|p1a: Freddy\n|-damage|p1a: Freddy|97\/100\n|-activate|p1a: Freddy|move: Infestation|[of] p2a: Araquanid\n|\n|-damage|p1a: Freddy|85\/100|[from] move: Infestation|[partiallytrapped]\n|-status|p1a: Freddy|brn|[from] item: Flame Orb\n|upkeep\n|turn|16\n|\n|t:|1699814014\n|switch|p2a: Klefki|Klefki, M|25\/100\n|move|p1a: Freddy|Bulk Up|p1a: Freddy\n|-boost|p1a: Freddy|atk|1\n|-boost|p1a: Freddy|def|1\n|\n|-damage|p1a: Freddy|79\/100 brn|[from] brn\n|-end|p1a: Freddy|Infestation|[partiallytrapped]|[silent]\n|-sideend|p2: trigauum|Reflect\n|upkeep\n|turn|17\n|\n|t:|1699814023\n|move|p2a: Klefki|Reflect|p2a: Klefki\n|-sidestart|p2: trigauum|Reflect\n|move|p1a: Freddy|Drain Punch|p2a: Klefki\n|-damage|p2a: Klefki|0 fnt\n|-heal|p1a: Freddy|87\/100 brn|[from] drain|[of] p2a: Klefki\n|faint|p2a: Klefki\n|\n|-damage|p1a: Freddy|81\/100 brn|[from] brn\n|upkeep\n|\n|t:|1699814038\n|switch|p2a: Araquanid|Araquanid, F|40\/100\n|turn|18\n|\n|t:|1699814042\n|move|p1a: Freddy|Facade|p2a: Araquanid\n|-damage|p2a: Araquanid|0 fnt\n|faint|p2a: Araquanid\n|\n|-damage|p1a: Freddy|75\/100 brn|[from] brn\n|upkeep\n|\n|t:|1699814049\n|switch|p2a: Polteageist|Polteageist|100\/100\n|turn|19\n|\n|t:|1699814052\n|move|p2a: Polteageist|Shell Smash|p2a: Polteageist\n|-unboost|p2a: Polteageist|def|1\n|-unboost|p2a: Polteageist|spd|1\n|-boost|p2a: Polteageist|atk|2\n|-boost|p2a: Polteageist|spa|2\n|-boost|p2a: Polteageist|spe|2\n|move|p1a: Freddy|Earthquake|p2a: Polteageist\n|-enditem|p2a: Polteageist|Focus Sash\n|-damage|p2a: Polteageist|1\/100\n|-ability|p2a: Polteageist|Weak Armor|boost\n|-unboost|p2a: Polteageist|def|1\n|-boost|p2a: Polteageist|spe|2\n|\n|-damage|p1a: Freddy|69\/100 brn|[from] brn\n|upkeep\n|turn|20\n|\n|t:|1699814063\n|move|p2a: Polteageist|Stored Power|p1a: Freddy\n|-damage|p1a: Freddy|0 fnt\n|faint|p1a: Freddy\n|\n|upkeep\n|\n|t:|1699814068\n|switch|p1a: Nightmare|Dusknoir, M|100\/100\n|-ability|p1a: Nightmare|Pressure\n|turn|21\n|\n|t:|1699814071\n|move|p1a: Nightmare|Shadow Sneak|p2a: Polteageist\n|-supereffective|p2a: Polteageist\n|-damage|p2a: Polteageist|0 fnt\n|faint|p2a: Polteageist\n|\n|upkeep\n|\n|t:|1699814074\n|switch|p2a: Blaziken|Blaziken, F|100\/100\n|turn|22\n|\n|t:|1699814085\n|move|p2a: Blaziken|Earthquake|p1a: Nightmare\n|-damage|p1a: Nightmare|52\/100\n|move|p1a: Nightmare|Night Shade|p2a: Blaziken\n|-damage|p2a: Blaziken|67\/100\n|\n|-heal|p1a: Nightmare|58\/100|[from] item: Leftovers\n|-ability|p2a: Blaziken|Speed Boost|boost\n|-boost|p2a: Blaziken|spe|1\n|upkeep\n|turn|23\n|\n|t:|1699814091\n|move|p2a: Blaziken|Earthquake|p1a: Nightmare\n|-damage|p1a: Nightmare|13\/100\n|move|p1a: Nightmare|Pain Split|p2a: Blaziken\n|-sethp|p2a: Blaziken|39\/100|[from] move: Pain Split|[silent]\n|-sethp|p1a: Nightmare|50\/100|[from] move: Pain Split\n|\n|-heal|p1a: Nightmare|56\/100|[from] item: Leftovers\n|-ability|p2a: Blaziken|Speed Boost|boost\n|-boost|p2a: Blaziken|spe|1\n|upkeep\n|turn|24\n|\n|t:|1699814097\n|move|p2a: Blaziken|Earthquake|p1a: Nightmare\n|-damage|p1a: Nightmare|7\/100\n|move|p1a: Nightmare|Night Shade|p2a: Blaziken\n|-damage|p2a: Blaziken|5\/100\n|\n|-heal|p1a: Nightmare|13\/100|[from] item: Leftovers\n|-sideend|p2: trigauum|Reflect\n|-ability|p2a: Blaziken|Speed Boost|boost\n|-boost|p2a: Blaziken|spe|1\n|upkeep\n|turn|25\n|\n|t:|1699814100\n|move|p1a: Nightmare|Shadow Sneak|p2a: Blaziken\n|-damage|p2a: Blaziken|0 fnt\n|faint|p2a: Blaziken\n|\n|win|Donato Fallito\n|raw|Donato Fallito's rating: 1341 &rarr; <strong>1361<\/strong><br \/>(+20 for winning)\n|raw|trigauum's rating: 1347 &rarr; <strong>1327<\/strong><br \/>(-20 for losing)\n","uploadtime":1699814105,"views":6,"p1id":"donatofallito","p2id":"trigauum","formatid":"gen9nationaldex","rating":1327,"private":0,"password":""}