{"id":"gen9nationaldex-1997407243","p1":"fart dealer","p2":"mtyqjltz6","format":"[Gen 9] National Dex","log":"|html|<div class=\"broadcast-blue\"><strong>[Gen 9] National Dex is currently suspecting Sneasler! For information on how to participate check out the <a href=\"https:\/\/www.smogon.com\/forums\/threads\/sv-national-dex-suspect-8-just-dance.3731534\/\">suspect thread<\/a>.<\/strong><\/div>\n|j|\u2606fart dealer\n|j|\u2606mtyqjltz6\n|t:|1700800336\n|gametype|singles\n|player|p1|fart dealer|roxie|1348\n|player|p2|mtyqjltz6|elesa|1371\n|teamsize|p1|6\n|teamsize|p2|6\n|gen|9\n|tier|[Gen 9] National Dex\n|rated|\n|rule|HP Percentage Mod: HP is shown in percentages\n|rule|Endless Battle Clause: Forcing endless battles is banned\n|rule|OHKO Clause: OHKO moves are banned\n|rule|Evasion Clause: Evasion abilities, items, and moves are banned\n|rule|Evasion Abilities Clause: Evasion abilities are banned\n|rule|Evasion Items Clause: Evasion items are banned\n|rule|Evasion Moves Clause: Evasion moves are banned\n|rule|Species Clause: Limit one of each Pok\u00e9mon\n|rule|Sleep Clause Mod: Limit one foe put to sleep\n|clearpoke\n|poke|p1|Medicham, F|\n|poke|p1|Ogerpon-Wellspring, F|\n|poke|p1|Slowking-Galar, M|\n|poke|p1|Clefable, M|\n|poke|p1|Heatran, M|\n|poke|p1|Landorus-Therian, M|\n|poke|p2|Raticate, M|\n|poke|p2|Rillaboom, M|\n|poke|p2|Slowking-Galar, M|\n|poke|p2|Moltres|\n|poke|p2|Aggron, M|\n|poke|p2|Thundurus-Therian, M|\n|teampreview\n|inactive|Battle timer is ON: inactive players will automatically lose when time's up. (requested by mtyqjltz6)\n|\n|t:|1700800356\n|start\n|switch|p1a: dog.|Heatran, M|100\/100\n|switch|p2a: Aggron|Aggron, M, shiny|100\/100\n|turn|1\n|\n|t:|1700800368\n|detailschange|p2a: Aggron|Aggron-Mega, M, shiny\n|-mega|p2a: Aggron|Aggron|Aggronite\n|-terastallize|p1a: dog.|Grass\n|move|p1a: dog.|Magma Storm|p2a: Aggron\n|-supereffective|p2a: Aggron\n|-damage|p2a: Aggron|43\/100\n|-activate|p2a: Aggron|move: Magma Storm|[of] p1a: dog.\n|move|p2a: Aggron|High Horsepower|p1a: dog.\n|-resisted|p1a: dog.\n|-damage|p1a: dog.|87\/100\n|\n|-heal|p1a: dog.|94\/100|[from] item: Leftovers\n|-damage|p2a: Aggron|30\/100|[from] move: Magma Storm|[partiallytrapped]\n|upkeep\n|turn|2\n|\n|t:|1700800381\n|move|p1a: dog.|Stealth Rock|p2a: Aggron\n|-sidestart|p2: mtyqjltz6|move: Stealth Rock\n|move|p2a: Aggron|Stealth Rock|p1a: dog.\n|-sidestart|p1: fart dealer|move: Stealth Rock\n|\n|-heal|p1a: dog.|99\/100|[from] item: Leftovers\n|-damage|p2a: Aggron|18\/100|[from] move: Magma Storm|[partiallytrapped]\n|upkeep\n|turn|3\n|\n|t:|1700800394\n|move|p1a: dog.|Earth Power|p2a: Aggron\n|-supereffective|p2a: Aggron\n|-damage|p2a: Aggron|0 fnt\n|faint|p2a: Aggron\n|\n|-heal|p1a: dog.|100\/100|[from] item: Leftovers\n|upkeep\n|\n|t:|1700800410\n|switch|p2a: Slowking|Slowking-Galar, M, shiny|100\/100\n|turn|4\n|\n|t:|1700800418\n|switch|p1a: also dog.|Landorus-Therian, M|100\/100\n|-damage|p1a: also dog.|88\/100|[from] Stealth Rock\n|-ability|p1a: also dog.|Intimidate|boost\n|-unboost|p2a: Slowking|atk|1\n|move|p2a: Slowking|Sludge Bomb|p1a: also dog.\n|-resisted|p1a: also dog.\n|-damage|p1a: also dog.|70\/100\n|-status|p1a: also dog.|psn\n|\n|-damage|p1a: also dog.|58\/100 psn|[from] psn\n|upkeep\n|turn|5\n|\n|t:|1700800429\n|switch|p2a: Moltres|Moltres|100\/100\n|-ability|p2a: Moltres|Pressure\n|move|p1a: also dog.|U-turn|p2a: Moltres\n|-resisted|p2a: Moltres\n|-damage|p2a: Moltres|97\/100\n|\n|t:|1700800442\n|switch|p1a: DftDMC\u2122s|Ogerpon-Wellspring, F|100\/100|[from] U-turn\n|-damage|p1a: DftDMC\u2122s|88\/100|[from] Stealth Rock\n|\n|upkeep\n|turn|6\n|inactive|mtyqjltz6 has 120 seconds left.\n|inactive|fart dealer has 120 seconds left.\n|\n|t:|1700800480\n|switch|p2a: Rillaboom|Rillaboom, M|100\/100\n|-damage|p2a: Rillaboom|88\/100|[from] Stealth Rock\n|-fieldstart|move: Grassy Terrain|[from] ability: Grassy Surge|[of] p2a: Rillaboom\n|move|p1a: DftDMC\u2122s|Swords Dance|p1a: DftDMC\u2122s\n|-boost|p1a: DftDMC\u2122s|atk|2\n|\n|-heal|p1a: DftDMC\u2122s|94\/100|[from] Grassy Terrain\n|-heal|p2a: Rillaboom|94\/100|[from] Grassy Terrain\n|upkeep\n|turn|7\n|inactive|mtyqjltz6 has 120 seconds left.\n|\n|t:|1700800491\n|-terastallize|p2a: Rillaboom|Grass\n|move|p2a: Rillaboom|Grassy Glide|p1a: DftDMC\u2122s\n|-damage|p1a: DftDMC\u2122s|0 fnt\n|faint|p1a: DftDMC\u2122s\n|\n|-heal|p2a: Rillaboom|100\/100|[from] Grassy Terrain\n|upkeep\n|\n|t:|1700800498\n|switch|p1a: dog.|Heatran, M, tera:Grass|100\/100\n|-damage|p1a: dog.|88\/100|[from] Stealth Rock\n|turn|8\n|\n|t:|1700800508\n|switch|p2a: Slowking|Slowking-Galar, M, shiny|100\/100\n|move|p1a: dog.|Magma Storm|p2a: Slowking\n|-damage|p2a: Slowking|77\/100\n|-activate|p2a: Slowking|move: Magma Storm|[of] p1a: dog.\n|\n|-heal|p1a: dog.|94\/100|[from] Grassy Terrain\n|-heal|p1a: dog.|100\/100|[from] item: Leftovers\n|-heal|p2a: Slowking|83\/100|[from] Grassy Terrain\n|-damage|p2a: Slowking|71\/100|[from] move: Magma Storm|[partiallytrapped]\n|upkeep\n|turn|9\n|\n|t:|1700800516\n|switch|p1a: she glow on my|Slowking-Galar, M|100\/100\n|move|p2a: Slowking|Chilly Reception|p2a: Slowking\n|-weather|Snow\n|\n|t:|1700800526\n|switch|p2a: Raticate|Raticate, M|100\/100|[from] Chilly Reception\n|-damage|p2a: Raticate|88\/100|[from] Stealth Rock\n|\n|-weather|Snow|[upkeep]\n|-heal|p2a: Raticate|94\/100|[from] Grassy Terrain\n|-status|p2a: Raticate|brn|[from] item: Flame Orb\n|upkeep\n|turn|10\n|\n|t:|1700800532\n|move|p2a: Raticate|Facade|p1a: she glow on my\n|-damage|p1a: she glow on my|45\/100\n|move|p1a: she glow on my|Sludge Bomb|p2a: Raticate\n|-damage|p2a: Raticate|35\/100 brn\n|\n|-weather|Snow|[upkeep]\n|-heal|p2a: Raticate|41\/100 brn|[from] Grassy Terrain\n|-heal|p1a: she glow on my|51\/100|[from] Grassy Terrain\n|-damage|p2a: Raticate|35\/100 brn|[from] brn\n|-fieldend|move: Grassy Terrain\n|upkeep\n|turn|11\n|inactive|fart dealer has 120 seconds left.\n|\n|t:|1700800570\n|switch|p1a: also dog.|Landorus-Therian, M|58\/100 psn\n|-damage|p1a: also dog.|45\/100 psn|[from] Stealth Rock\n|-ability|p1a: also dog.|Intimidate|boost\n|-unboost|p2a: Raticate|atk|1\n|move|p2a: Raticate|U-turn|p1a: also dog.\n|-resisted|p1a: also dog.\n|-damage|p1a: also dog.|37\/100 psn\n|inactive|mtyqjltz6 has 120 seconds left.\n|\n|t:|1700800609\n|switch|p2a: Thundurus|Thundurus-Therian, M|100\/100|[from] U-turn\n|-damage|p2a: Thundurus|76\/100|[from] Stealth Rock\n|\n|-weather|Snow|[upkeep]\n|-damage|p1a: also dog.|24\/100 psn|[from] psn\n|upkeep\n|turn|12\n|\n|t:|1700800617\n|move|p2a: Thundurus|Hidden Power|p1a: also dog.\n|-supereffective|p1a: also dog.\n|-damage|p1a: also dog.|0 fnt\n|faint|p1a: also dog.\n|\n|-weather|Snow|[upkeep]\n|upkeep\n|\n|t:|1700800627\n|switch|p1a: Dhalsim|Medicham, F, shiny|100\/100\n|-damage|p1a: Dhalsim|94\/100|[from] Stealth Rock\n|turn|13\n|\n|t:|1700800635\n|switch|p2a: Moltres|Moltres|97\/100\n|-ability|p2a: Moltres|Pressure\n|detailschange|p1a: Dhalsim|Medicham-Mega, F, shiny\n|-mega|p1a: Dhalsim|Medicham|Medichamite\n|move|p1a: Dhalsim|Fake Out|p2a: Moltres\n|-damage|p2a: Moltres|81\/100\n|\n|-weather|none\n|upkeep\n|turn|14\n|inactive|mtyqjltz6 has 120 seconds left.\n|\n|t:|1700800653\n|switch|p1a: she glow on my|Slowking-Galar, M|85\/100\n|move|p2a: Moltres|Roost|p2a: Moltres\n|-heal|p2a: Moltres|100\/100\n|-singleturn|p2a: Moltres|move: Roost\n|\n|upkeep\n|turn|15\n|\n|t:|1700800662\n|move|p2a: Moltres|U-turn|p1a: she glow on my\n|-damage|p1a: she glow on my|75\/100\n|\n|t:|1700800666\n|switch|p2a: Slowking|Slowking-Galar, M, shiny|100\/100|[from] U-turn\n|move|p1a: she glow on my|Thunder Wave|p2a: Slowking\n|-status|p2a: Slowking|par\n|\n|upkeep\n|turn|16\n|inactive|mtyqjltz6 has 120 seconds left.\n|\n|t:|1700800679\n|move|p1a: she glow on my|Chilly Reception|p1a: she glow on my\n|-weather|Snow\n|\n|t:|1700800693\n|switch|p1a: ballboy|Clefable, M|100\/100|[from] Chilly Reception\n|move|p2a: Slowking|Future Sight|p1a: ballboy\n|-start|p2a: Slowking|move: Future Sight\n|\n|-weather|Snow|[upkeep]\n|upkeep\n|turn|17\n|\n|t:|1700800707\n|move|p1a: ballboy|Knock Off|p2a: Slowking\n|-supereffective|p2a: Slowking\n|-damage|p2a: Slowking|70\/100 par\n|-enditem|p2a: Slowking|Heavy-Duty Boots|[from] move: Knock Off|[of] p1a: ballboy\n|move|p2a: Slowking|Sludge Bomb|p1a: ballboy\n|-supereffective|p1a: ballboy\n|-damage|p1a: ballboy|42\/100\n|-status|p1a: ballboy|psn\n|\n|-weather|Snow|[upkeep]\n|upkeep\n|turn|18\n|\n|t:|1700800721\n|switch|p1a: she glow on my|Slowking-Galar, M|100\/100\n|cant|p2a: Slowking|par\n|\n|-weather|Snow|[upkeep]\n|-end|p1a: she glow on my|move: Future Sight\n|-damage|p1a: she glow on my|63\/100\n|upkeep\n|turn|19\n|\n|t:|1700800734\n|switch|p1a: ballboy|Clefable, M|42\/100 psn\n|move|p2a: Slowking|Future Sight|p1a: ballboy\n|-start|p2a: Slowking|move: Future Sight\n|\n|-weather|Snow|[upkeep]\n|upkeep\n|turn|20\n|\n|t:|1700800741\n|move|p1a: ballboy|Soft-Boiled|p1a: ballboy\n|-heal|p1a: ballboy|92\/100 psn\n|cant|p2a: Slowking|par\n|\n|-weather|none\n|upkeep\n|turn|21\n|\n|t:|1700800749\n|move|p1a: ballboy|Moonblast|p2a: Slowking\n|-resisted|p2a: Slowking\n|-damage|p2a: Slowking|61\/100 par\n|move|p2a: Slowking|Sludge Bomb|p1a: ballboy\n|-supereffective|p1a: ballboy\n|-damage|p1a: ballboy|28\/100 psn\n|\n|-end|p1a: ballboy|move: Future Sight\n|-crit|p1a: ballboy\n|-damage|p1a: ballboy|0 fnt\n|faint|p1a: ballboy\n|upkeep\n|\n|t:|1700800757\n|switch|p1a: Dhalsim|Medicham-Mega, F, shiny|94\/100\n|-damage|p1a: Dhalsim|88\/100|[from] Stealth Rock\n|turn|22\n|\n|t:|1700800767\n|switch|p2a: Moltres|Moltres|100\/100\n|-ability|p2a: Moltres|Pressure\n|move|p1a: Dhalsim|Zen Headbutt|p2a: Moltres\n|-damage|p2a: Moltres|56\/100\n|\n|upkeep\n|turn|23\n|\n|t:|1700800791\n|switch|p1a: she glow on my|Slowking-Galar, M|96\/100\n|move|p2a: Moltres|Roost|p2a: Moltres\n|-heal|p2a: Moltres|100\/100\n|-singleturn|p2a: Moltres|move: Roost\n|\n|upkeep\n|turn|24\n|\n|t:|1700800799\n|move|p2a: Moltres|U-turn|p1a: she glow on my\n|-damage|p1a: she glow on my|86\/100\n|\n|t:|1700800807\n|switch|p2a: Slowking|Slowking-Galar, M, shiny|94\/100 par|[from] U-turn\n|-damage|p2a: Slowking|82\/100 par|[from] Stealth Rock\n|move|p1a: she glow on my|Future Sight|p2a: Slowking\n|-start|p1a: she glow on my|move: Future Sight\n|\n|upkeep\n|turn|25\n|\n|t:|1700800822\n|move|p1a: she glow on my|Chilly Reception|p1a: she glow on my\n|-weather|Snow\n|\n|t:|1700800831\n|switch|p1a: dog.|Heatran, M, tera:Grass|100\/100|[from] Chilly Reception\n|-damage|p1a: dog.|88\/100|[from] Stealth Rock\n|move|p2a: Slowking|Future Sight|p1a: dog.\n|-start|p2a: Slowking|move: Future Sight\n|\n|-weather|Snow|[upkeep]\n|-heal|p1a: dog.|94\/100|[from] item: Leftovers\n|upkeep\n|turn|26\n|\n|t:|1700800842\n|move|p1a: dog.|Earth Power|p2a: Slowking\n|-supereffective|p2a: Slowking\n|-damage|p2a: Slowking|50\/100 par\n|move|p2a: Slowking|Sludge Bomb|p1a: dog.\n|-supereffective|p1a: dog.\n|-damage|p1a: dog.|50\/100\n|\n|-weather|Snow|[upkeep]\n|-end|p2a: Slowking|move: Future Sight\n|-damage|p2a: Slowking|23\/100 par\n|-heal|p1a: dog.|56\/100|[from] item: Leftovers\n|upkeep\n|turn|27\n|inactive|mtyqjltz6 has 120 seconds left.\n|\n|t:|1700800876\n|move|p1a: dog.|Magma Storm|p2a: Slowking\n|-damage|p2a: Slowking|0 fnt\n|faint|p2a: Slowking\n|\n|-weather|Snow|[upkeep]\n|-end|p1a: dog.|move: Future Sight\n|-damage|p1a: dog.|29\/100\n|-heal|p1a: dog.|35\/100|[from] item: Leftovers\n|upkeep\n|\n|t:|1700800879\n|switch|p2a: Raticate|Raticate, M|35\/100 brn\n|-damage|p2a: Raticate|23\/100 brn|[from] Stealth Rock\n|turn|28\n|\n|t:|1700800904\n|move|p2a: Raticate|Facade|p1a: dog.\n|-damage|p1a: dog.|0 fnt\n|faint|p1a: dog.\n|\n|-weather|Snow|[upkeep]\n|-damage|p2a: Raticate|17\/100 brn|[from] brn\n|upkeep\n|\n|t:|1700800907\n|switch|p1a: Dhalsim|Medicham-Mega, F, shiny|88\/100\n|-damage|p1a: Dhalsim|82\/100|[from] Stealth Rock\n|turn|29\n|\n|t:|1700800910\n|switch|p2a: Moltres|Moltres|100\/100\n|-ability|p2a: Moltres|Pressure\n|move|p1a: Dhalsim|Fake Out|p2a: Moltres\n|-damage|p2a: Moltres|84\/100\n|\n|-weather|none\n|upkeep\n|turn|30\n|\n|t:|1700800923\n|move|p1a: Dhalsim|Zen Headbutt|p2a: Moltres\n|-damage|p2a: Moltres|34\/100\n|move|p2a: Moltres|Roost|p2a: Moltres\n|-heal|p2a: Moltres|84\/100\n|-singleturn|p2a: Moltres|move: Roost\n|\n|upkeep\n|turn|31\n|inactive|mtyqjltz6 has 120 seconds left.\n|\n|t:|1700800955\n|move|p1a: Dhalsim|Zen Headbutt|p2a: Moltres\n|-damage|p2a: Moltres|38\/100\n|move|p2a: Moltres|Flamethrower|p1a: Dhalsim\n|-damage|p1a: Dhalsim|22\/100\n|\n|upkeep\n|turn|32\n|inactive|mtyqjltz6 has 120 seconds left.\n|\n|t:|1700800966\n|move|p1a: Dhalsim|Zen Headbutt|p2a: Moltres\n|-damage|p2a: Moltres|0 fnt\n|faint|p2a: Moltres\n|\n|upkeep\n|\n|t:|1700800968\n|switch|p2a: Thundurus|Thundurus-Therian, M|76\/100\n|-damage|p2a: Thundurus|51\/100|[from] Stealth Rock\n|turn|33\n|\n|t:|1700800972\n|switch|p1a: she glow on my|Slowking-Galar, M|100\/100\n|move|p2a: Thundurus|Volt Switch|p1a: she glow on my\n|-damage|p1a: she glow on my|69\/100\n|\n|t:|1700800977\n|switch|p2a: Rillaboom|Rillaboom, M, tera:Grass|100\/100|[from] Volt Switch\n|-damage|p2a: Rillaboom|88\/100|[from] Stealth Rock\n|-fieldstart|move: Grassy Terrain|[from] ability: Grassy Surge|[of] p2a: Rillaboom\n|\n|-heal|p2a: Rillaboom|94\/100|[from] Grassy Terrain\n|-heal|p1a: she glow on my|75\/100|[from] Grassy Terrain\n|upkeep\n|turn|34\n|\n|t:|1700800982\n|move|p2a: Rillaboom|Knock Off|p1a: she glow on my\n|-supereffective|p1a: she glow on my\n|-damage|p1a: she glow on my|0 fnt\n|-enditem|p1a: she glow on my|Heavy-Duty Boots|[from] move: Knock Off|[of] p2a: Rillaboom\n|faint|p1a: she glow on my\n|\n|-heal|p2a: Rillaboom|100\/100|[from] Grassy Terrain\n|upkeep\n|\n|t:|1700800986\n|switch|p1a: Dhalsim|Medicham-Mega, F, shiny|22\/100\n|-damage|p1a: Dhalsim|16\/100|[from] Stealth Rock\n|turn|35\n|\n|t:|1700800993\n|switch|p2a: Raticate|Raticate, M|17\/100 brn\n|-damage|p2a: Raticate|4\/100 brn|[from] Stealth Rock\n|move|p1a: Dhalsim|Fake Out|p2a: Raticate\n|-damage|p2a: Raticate|0 fnt\n|faint|p2a: Raticate\n|\n|-heal|p1a: Dhalsim|22\/100|[from] Grassy Terrain\n|upkeep\n|\n|t:|1700800999\n|switch|p2a: Rillaboom|Rillaboom, M, tera:Grass|100\/100\n|-damage|p2a: Rillaboom|88\/100|[from] Stealth Rock\n|turn|36\n|c|\u2606fart dealer|gg\n|l|\u2606mtyqjltz6\n|inactive|mtyqjltz6 disconnected and has a minute to reconnect!\n|player|p2|\n|j|\u2606mtyqjltz6\n|inactive|mtyqjltz6 reconnected and has 115 seconds left.\n|player|p2|mtyqjltz6|elesa\n|\n|t:|1700801039\n|move|p2a: Rillaboom|Grassy Glide|p1a: Dhalsim\n|-damage|p1a: Dhalsim|0 fnt\n|faint|p1a: Dhalsim\n|\n|win|mtyqjltz6\n|raw|fart dealer's rating: 1348 &rarr; <strong>1329<\/strong><br \/>(-19 for losing)\n|raw|mtyqjltz6's rating: 1371 &rarr; <strong>1390<\/strong><br \/>(+19 for winning)\n|l|\u2606fart dealer\n|c|\u2606mtyqjltz6|gg\n","uploadtime":1700801051,"views":8,"p1id":"fartdealer","p2id":"mtyqjltz6","formatid":"gen9nationaldex","rating":1329,"private":0,"password":""}