{"id":"gen9nationaldex-1997766389","p1":"Rising skies","p2":"CHI balance builds","format":"[Gen 9] National Dex","log":"|html|<div class=\"broadcast-blue\"><strong>[Gen 9] National Dex is currently suspecting Sneasler! For information on how to participate check out the <a href=\"https:\/\/www.smogon.com\/forums\/threads\/sv-national-dex-suspect-8-just-dance.3731534\/\">suspect thread<\/a>.<\/strong><\/div>\n|j|\u2606Rising skies\n|j|\u2606CHI balance builds\n|t:|1700850388\n|gametype|singles\n|player|p1|Rising skies|fisherman-gen4|1603\n|player|p2|CHI balance builds|ariana|1641\n|teamsize|p1|6\n|teamsize|p2|6\n|gen|9\n|tier|[Gen 9] National Dex\n|rated|\n|rule|HP Percentage Mod: HP is shown in percentages\n|rule|Endless Battle Clause: Forcing endless battles is banned\n|rule|OHKO Clause: OHKO moves are banned\n|rule|Evasion Clause: Evasion abilities, items, and moves are banned\n|rule|Evasion Abilities Clause: Evasion abilities are banned\n|rule|Evasion Items Clause: Evasion items are banned\n|rule|Evasion Moves Clause: Evasion moves are banned\n|rule|Species Clause: Limit one of each Pok\u00e9mon\n|rule|Sleep Clause Mod: Limit one foe put to sleep\n|clearpoke\n|poke|p1|Tapu Lele|\n|poke|p1|Zamazenta-*|\n|poke|p1|Alakazam, M|\n|poke|p1|Charizard, M|\n|poke|p1|Slurpuff, M|\n|poke|p1|Claydol|\n|poke|p2|Scizor, F|\n|poke|p2|Garchomp, M|\n|poke|p2|Zeraora|\n|poke|p2|Skeledirge, M|\n|poke|p2|Slowking-Galar, F|\n|poke|p2|Samurott-Hisui, M|\n|teampreview\n|inactive|Battle timer is ON: inactive players will automatically lose when time's up. (requested by Rising skies)\n|\n|t:|1700850404\n|start\n|switch|p1a: Slurpuff|Slurpuff, M|100\/100\n|switch|p2a: Scizor|Scizor, F|100\/100\n|turn|1\n|\n|t:|1700850412\n|switch|p1a: Tapu Lele|Tapu Lele|100\/100\n|-fieldstart|move: Psychic Terrain|[from] ability: Psychic Surge|[of] p1a: Tapu Lele\n|detailschange|p2a: Scizor|Scizor-Mega, F\n|-mega|p2a: Scizor|Scizor|Scizorite\n|move|p2a: Scizor|Bullet Punch|p1a: Tapu Lele\n|-activate|p1a: Tapu Lele|move: Psychic Terrain\n|\n|upkeep\n|turn|2\n|\n|t:|1700850422\n|switch|p2a: Slowking|Slowking-Galar, F|100\/100\n|move|p1a: Tapu Lele|Hidden Power|p2a: Slowking\n|-crit|p2a: Slowking\n|-damage|p2a: Slowking|81\/100\n|\n|upkeep\n|turn|3\n|\n|t:|1700850428\n|switch|p1a: Claydol|Claydol|100\/100\n|move|p2a: Slowking|Chilly Reception|p2a: Slowking\n|-weather|Snow\n|\n|t:|1700850432\n|switch|p2a: Samurott|Samurott-Hisui, M|100\/100|[from] Chilly Reception\n|\n|-weather|Snow|[upkeep]\n|upkeep\n|turn|4\n|\n|t:|1700850439\n|switch|p1a: Zamazenta|Zamazenta|100\/100\n|-ability|p1a: Zamazenta|Dauntless Shield|boost\n|-boost|p1a: Zamazenta|def|1\n|move|p2a: Samurott|Ceaseless Edge|p1a: Zamazenta|[miss]\n|-miss|p2a: Samurott|p1a: Zamazenta\n|\n|-weather|Snow|[upkeep]\n|upkeep\n|turn|5\n|\n|t:|1700850449\n|switch|p2a: Slowking|Slowking-Galar, F|100\/100\n|move|p1a: Zamazenta|Crunch|p2a: Slowking\n|-supereffective|p2a: Slowking\n|-damage|p2a: Slowking|58\/100\n|\n|-weather|Snow|[upkeep]\n|upkeep\n|turn|6\n|\n|t:|1700850462\n|switch|p1a: Claydol|Claydol|100\/100\n|move|p2a: Slowking|Future Sight|p1a: Claydol\n|-start|p2a: Slowking|move: Future Sight\n|\n|-weather|Snow|[upkeep]\n|upkeep\n|turn|7\n|\n|t:|1700850469\n|switch|p2a: Scizor|Scizor-Mega, F|100\/100\n|move|p1a: Claydol|Toxic|p2a: Scizor\n|-immune|p2a: Scizor\n|\n|-weather|none\n|upkeep\n|turn|8\n|\n|t:|1700850476\n|move|p2a: Scizor|U-turn|p1a: Claydol\n|-supereffective|p1a: Claydol\n|-damage|p1a: Claydol|30\/100\n|\n|t:|1700850481\n|switch|p2a: Samurott|Samurott-Hisui, M|100\/100|[from] U-turn\n|move|p1a: Claydol|Teleport|p1a: Claydol\n|\n|t:|1700850488\n|switch|p1a: Tapu Lele|Tapu Lele|100\/100|[from] Teleport\n|\n|-end|p1a: Tapu Lele|move: Future Sight\n|-resisted|p1a: Tapu Lele\n|-damage|p1a: Tapu Lele|68\/100\n|-fieldend|move: Psychic Terrain\n|upkeep\n|turn|9\n|\n|t:|1700850494\n|switch|p2a: Slowking|Slowking-Galar, F|91\/100\n|move|p1a: Tapu Lele|Moonblast|p2a: Slowking\n|-resisted|p2a: Slowking\n|-damage|p2a: Slowking|76\/100\n|\n|upkeep\n|turn|10\n|\n|t:|1700850507\n|switch|p1a: Slurpuff|Slurpuff, M|100\/100\n|move|p2a: Slowking|Chilly Reception|p2a: Slowking\n|-weather|Snow\n|\n|t:|1700850510\n|switch|p2a: Scizor|Scizor-Mega, F|100\/100|[from] Chilly Reception\n|\n|-weather|Snow|[upkeep]\n|upkeep\n|turn|11\n|\n|t:|1700850515\n|move|p2a: Scizor|Bullet Punch|p1a: Slurpuff\n|-supereffective|p1a: Slurpuff\n|-damage|p1a: Slurpuff|29\/100\n|-enditem|p1a: Slurpuff|Sitrus Berry|[eat]\n|-heal|p1a: Slurpuff|54\/100|[from] item: Sitrus Berry\n|move|p1a: Slurpuff|Sticky Web|p2a: Scizor\n|-sidestart|p2: CHI balance builds|move: Sticky Web\n|\n|-weather|Snow|[upkeep]\n|upkeep\n|turn|12\n|\n|t:|1700850522\n|move|p1a: Slurpuff|Drain Punch|p2a: Scizor\n|-damage|p2a: Scizor|89\/100\n|-heal|p1a: Slurpuff|61\/100|[from] drain|[of] p2a: Scizor\n|move|p2a: Scizor|Defog|p1a: Slurpuff\n|-unboost|p1a: Slurpuff|evasion|1\n|-sideend|p2: CHI balance builds|Sticky Web|[from] move: Defog|[of] p2a: Scizor\n|\n|-weather|Snow|[upkeep]\n|upkeep\n|turn|13\n|\n|t:|1700850530\n|move|p2a: Scizor|Bullet Punch|p1a: Slurpuff\n|-supereffective|p1a: Slurpuff\n|-damage|p1a: Slurpuff|0 fnt\n|faint|p1a: Slurpuff\n|\n|-weather|Snow|[upkeep]\n|upkeep\n|\n|t:|1700850540\n|switch|p1a: Tapu Lele|Tapu Lele|68\/100\n|-fieldstart|move: Psychic Terrain|[from] ability: Psychic Surge|[of] p1a: Tapu Lele\n|turn|14\n|\n|t:|1700850544\n|switch|p2a: Slowking|Slowking-Galar, F|100\/100\n|move|p1a: Tapu Lele|Calm Mind|p1a: Tapu Lele\n|-boost|p1a: Tapu Lele|spa|1\n|-boost|p1a: Tapu Lele|spd|1\n|\n|-weather|none\n|upkeep\n|turn|15\n|\n|t:|1700850553\n|move|p1a: Tapu Lele|Calm Mind|p1a: Tapu Lele\n|-boost|p1a: Tapu Lele|spa|1\n|-boost|p1a: Tapu Lele|spd|1\n|move|p2a: Slowking|Chilly Reception|p2a: Slowking\n|-weather|Snow\n|\n|t:|1700850554\n|switch|p2a: Garchomp|Garchomp, M|100\/100|[from] Chilly Reception\n|\n|-weather|Snow|[upkeep]\n|upkeep\n|turn|16\n|\n|t:|1700850562\n|move|p2a: Garchomp|Earthquake|p1a: Tapu Lele\n|-damage|p1a: Tapu Lele|0 fnt\n|faint|p1a: Tapu Lele\n|\n|-weather|Snow|[upkeep]\n|upkeep\n|\n|t:|1700850567\n|switch|p1a: Alakazam|Alakazam, M|100\/100\n|turn|17\n|\n|t:|1700850572\n|switch|p2a: Samurott|Samurott-Hisui, M|100\/100\n|move|p1a: Alakazam|Expanding Force|p2a: Samurott\n|-immune|p2a: Samurott\n|\n|-weather|Snow|[upkeep]\n|upkeep\n|turn|18\n|-message|Rising skies forfeited.\n|\n|win|CHI balance builds\n|raw|Rising skies's rating: 1603 &rarr; <strong>1585<\/strong><br \/>(-18 for losing)\n|raw|CHI balance builds's rating: 1641 &rarr; <strong>1659<\/strong><br \/>(+18 for winning)\n|l|\u2606Rising skies\n","uploadtime":1700850584,"views":1,"p1id":"risingskies","p2id":"chibalancebuilds","formatid":"gen9nationaldex","rating":1585,"private":0,"password":""}