{"id":"gen9nationaldex-1989167136","p1":"zazoyip","p2":"KrisHyboY","format":"[Gen 9] National Dex","log":"|j|\u2606zazoyip\n|j|\u2606KrisHyboY\n|t:|1699819321\n|gametype|singles\n|player|p1|zazoyip|schoolkid-gen4dp|1071\n|player|p2|KrisHyboY|teammagmagruntm-gen3|1069\n|teamsize|p1|6\n|teamsize|p2|6\n|gen|9\n|tier|[Gen 9] National Dex\n|rated|\n|rule|HP Percentage Mod: HP is shown in percentages\n|rule|Endless Battle Clause: Forcing endless battles is banned\n|rule|OHKO Clause: OHKO moves are banned\n|rule|Evasion Clause: Evasion abilities, items, and moves are banned\n|rule|Evasion Abilities Clause: Evasion abilities are banned\n|rule|Evasion Items Clause: Evasion items are banned\n|rule|Evasion Moves Clause: Evasion moves are banned\n|rule|Species Clause: Limit one of each Pok\u00e9mon\n|rule|Sleep Clause Mod: Limit one foe put to sleep\n|clearpoke\n|poke|p1|Gallade, M|\n|poke|p1|Samurott-Hisui, M|\n|poke|p1|Pincurchin, M|\n|poke|p1|Hatterene, F|\n|poke|p1|Zoroark-Hisui, F|\n|poke|p1|Krookodile, M|\n|poke|p2|Glaceon, M|\n|poke|p2|Grotle, M|\n|poke|p2|Prinplup, F|\n|poke|p2|Abomasnow, M|\n|poke|p2|Overqwil, M|\n|poke|p2|Carnivine, M|\n|teampreview\n|inactive|Battle timer is ON: inactive players will automatically lose when time's up. (requested by KrisHyboY)\n|c|\u2606KrisHyboY|nice team glhf\n|c|\u2606zazoyip|ty\n|c|\u2606zazoyip|you too\n|c|\u2606zazoyip|glhf\n|\n|t:|1699819342\n|start\n|switch|p1a: Calamity|Krookodile, M|100\/100\n|switch|p2a: Overqwil|Overqwil, M|100\/100\n|-ability|p2a: Overqwil|Intimidate|boost\n|-unboost|p1a: Calamity|atk|1\n|turn|1\n|c|\u2606KrisHyboY|i have this tourney i gotta do with random mons\n|\n|t:|1699819349\n|switch|p2a: Carnivine|Carnivine, M|100\/100\n|move|p1a: Calamity|Taunt|p2a: Carnivine\n|-start|p2a: Carnivine|move: Taunt\n|\n|upkeep\n|turn|2\n|c|\u2606zazoyip|oh\n|c|\u2606zazoyip|nice\n|\n|t:|1699819359\n|move|p1a: Calamity|Darkest Lariat|p2a: Carnivine\n|-damage|p2a: Carnivine|52\/100\n|-damage|p1a: Calamity|91\/100|[from] item: Life Orb\n|move|p2a: Carnivine|Knock Off|p1a: Calamity\n|-resisted|p1a: Calamity\n|-damage|p1a: Calamity|71\/100\n|-enditem|p1a: Calamity|Life Orb|[from] move: Knock Off|[of] p2a: Carnivine\n|\n|-heal|p2a: Carnivine|58\/100|[from] item: Leftovers\n|upkeep\n|turn|3\n|c|\u2606KrisHyboY|and this is what i got\n|\n|t:|1699819364\n|move|p1a: Calamity|Darkest Lariat|p2a: Carnivine\n|-damage|p2a: Carnivine|23\/100\n|move|p2a: Carnivine|Power Whip|p1a: Calamity|[miss]\n|-miss|p2a: Carnivine|p1a: Calamity\n|\n|-heal|p2a: Carnivine|29\/100|[from] item: Leftovers\n|-end|p2a: Carnivine|move: Taunt\n|upkeep\n|turn|4\n|\n|t:|1699819370\n|move|p1a: Calamity|Darkest Lariat|p2a: Carnivine\n|-damage|p2a: Carnivine|0 fnt\n|faint|p2a: Carnivine\n|-ability|p1a: Calamity|Moxie|boost\n|-boost|p1a: Calamity|atk|1\n|\n|upkeep\n|\n|t:|1699819375\n|switch|p2a: Overqwil|Overqwil, M|100\/100\n|-ability|p2a: Overqwil|Intimidate|boost\n|-unboost|p1a: Calamity|atk|1\n|turn|5\n|c|\u2606zazoyip|overqwil is good\n|\n|t:|1699819385\n|switch|p2a: Grotle|Grotle, M|100\/100\n|move|p1a: Calamity|Earthquake|p2a: Grotle\n|-resisted|p2a: Grotle\n|-damage|p2a: Grotle|82\/100\n|\n|-heal|p2a: Grotle|89\/100|[from] item: Leftovers\n|upkeep\n|turn|6\n|c|\u2606KrisHyboY|yea its real nice\n|\n|t:|1699819391\n|move|p1a: Calamity|Darkest Lariat|p2a: Grotle\n|-damage|p2a: Grotle|62\/100\n|move|p2a: Grotle|Shell Smash|p2a: Grotle\n|-unboost|p2a: Grotle|def|1\n|-unboost|p2a: Grotle|spd|1\n|-boost|p2a: Grotle|atk|2\n|-boost|p2a: Grotle|spa|2\n|-boost|p2a: Grotle|spe|2\n|\n|-heal|p2a: Grotle|68\/100|[from] item: Leftovers\n|upkeep\n|turn|7\n|\n|t:|1699819395\n|move|p2a: Grotle|Trailblaze|p1a: Calamity\n|-supereffective|p1a: Calamity\n|-damage|p1a: Calamity|0 fnt\n|-boost|p2a: Grotle|spe|1\n|faint|p1a: Calamity\n|\n|-heal|p2a: Grotle|74\/100|[from] item: Leftovers\n|upkeep\n|\n|t:|1699819401\n|switch|p1a: Rika|Hatterene, F|100\/100\n|turn|8\n|\n|t:|1699819408\n|-terastallize|p2a: Grotle|Fire\n|move|p2a: Grotle|Tera Blast|p1a: Rika|[anim] Tera Blast Fire\n|-damage|p1a: Rika|57\/100\n|move|p1a: Rika|Mystical Fire|p2a: Grotle\n|-resisted|p2a: Grotle\n|-damage|p2a: Grotle|49\/100\n|-unboost|p2a: Grotle|spa|1\n|\n|-heal|p2a: Grotle|55\/100|[from] item: Leftovers\n|-heal|p1a: Rika|63\/100|[from] item: Leftovers\n|upkeep\n|turn|9\n|\n|t:|1699819418\n|move|p2a: Grotle|Tera Blast|p1a: Rika|[anim] Tera Blast Fire\n|-damage|p1a: Rika|18\/100\n|move|p1a: Rika|Draining Kiss|p2a: Grotle\n|-resisted|p2a: Grotle\n|-damage|p2a: Grotle|31\/100\n|-heal|p1a: Rika|37\/100|[from] drain|[of] p2a: Grotle\n|\n|-heal|p2a: Grotle|37\/100|[from] item: Leftovers\n|-heal|p1a: Rika|43\/100|[from] item: Leftovers\n|upkeep\n|turn|10\n|\n|t:|1699819421\n|move|p2a: Grotle|Tera Blast|p1a: Rika|[anim] Tera Blast Fire\n|-damage|p1a: Rika|0 fnt\n|faint|p1a: Rika\n|\n|-heal|p2a: Grotle|43\/100|[from] item: Leftovers\n|upkeep\n|\n|t:|1699819428\n|switch|p1a: Cladmiral|Samurott-Hisui, M|100\/100\n|turn|11\n|c|\u2606KrisHyboY|tera fire with that clutch\n|\n|t:|1699819432\n|move|p2a: Grotle|Trailblaze|p1a: Cladmiral\n|-supereffective|p1a: Cladmiral\n|-damage|p1a: Cladmiral|3\/100\n|-boost|p2a: Grotle|spe|1\n|move|p1a: Cladmiral|Aqua Cutter|p2a: Grotle\n|-supereffective|p2a: Grotle\n|-damage|p2a: Grotle|0 fnt\n|faint|p2a: Grotle\n|\n|upkeep\n|c|\u2606KrisHyboY|waw\n|c|\u2606zazoyip|damn\n|\n|t:|1699819439\n|switch|p2a: Abomasnow|Abomasnow, M|100\/100\n|-weather|Snow|[from] ability: Snow Warning|[of] p2a: Abomasnow\n|turn|12\n|c|\u2606zazoyip|that was strong\n|\n|t:|1699819445\n|switch|p2a: Glaceon|Glaceon, M|100\/100\n|move|p1a: Cladmiral|Sacred Sword|p2a: Glaceon\n|-supereffective|p2a: Glaceon\n|-damage|p2a: Glaceon|51\/100\n|\n|-weather|Snow|[upkeep]\n|-heal|p2a: Glaceon|57\/100|[from] ability: Ice Body\n|upkeep\n|turn|13\n|c|\u2606KrisHyboY|oh yea\n|c|\u2606KrisHyboY|its snow\n|c|\u2606KrisHyboY|now\n|c|\u2606KrisHyboY|not hail\n|c|\u2606KrisHyboY|man\n|\n|t:|1699819464\n|move|p1a: Cladmiral|Sacred Sword|p2a: Glaceon\n|-supereffective|p2a: Glaceon\n|-damage|p2a: Glaceon|8\/100\n|move|p2a: Glaceon|Aurora Veil|p2a: Glaceon\n|-sidestart|p2: KrisHyboY|move: Aurora Veil\n|\n|-weather|Snow|[upkeep]\n|-heal|p2a: Glaceon|14\/100|[from] ability: Ice Body\n|upkeep\n|turn|14\n|\n|t:|1699819470\n|move|p1a: Cladmiral|Sacred Sword|p2a: Glaceon\n|-supereffective|p2a: Glaceon\n|-damage|p2a: Glaceon|0 fnt\n|faint|p2a: Glaceon\n|\n|-weather|Snow|[upkeep]\n|upkeep\n|c|\u2606zazoyip|oh no\n|c|\u2606zazoyip|aurora veil\n|\n|t:|1699819477\n|switch|p2a: Abomasnow|Abomasnow, M|100\/100\n|turn|15\n|c|\u2606zazoyip|my worst enemy\n|c|\u2606KrisHyboY|u alrdy know\n|\n|t:|1699819482\n|move|p2a: Abomasnow|Ice Shard|p1a: Cladmiral\n|-resisted|p1a: Cladmiral\n|-damage|p1a: Cladmiral|0 fnt\n|faint|p1a: Cladmiral\n|\n|-weather|Snow|[upkeep]\n|upkeep\n|\n|t:|1699819490\n|switch|p1a: step on me|Pincurchin, M, shiny|100\/100\n|turn|16\n|\n|t:|1699819494\n|move|p1a: step on me|Sludge Bomb|p2a: Abomasnow\n|-supereffective|p2a: Abomasnow\n|-crit|p2a: Abomasnow\n|-damage|p2a: Abomasnow|9\/100\n|move|p2a: Abomasnow|Leech Seed|p1a: step on me\n|-start|p1a: step on me|move: Leech Seed\n|\n|-weather|none\n|-damage|p1a: step on me|88\/100|[from] Leech Seed|[of] p2a: Abomasnow\n|-heal|p2a: Abomasnow|17\/100|[silent]\n|upkeep\n|turn|17\n|c|\u2606KrisHyboY|holy\n|\n|t:|1699819500\n|switch|p2a: Overqwil|Overqwil, M|100\/100\n|-ability|p2a: Overqwil|Intimidate|boost\n|-unboost|p1a: step on me|atk|1\n|move|p1a: step on me|Sludge Bomb|p2a: Overqwil\n|-resisted|p2a: Overqwil\n|-damage|p2a: Overqwil|88\/100\n|\n|-heal|p2a: Overqwil|94\/100|[from] item: Black Sludge\n|-damage|p1a: step on me|76\/100|[from] Leech Seed|[of] p2a: Overqwil\n|-heal|p2a: Overqwil|100\/100|[silent]\n|upkeep\n|turn|18\n|\n|t:|1699819508\n|move|p1a: step on me|Bitter Malice|p2a: Overqwil\n|-resisted|p2a: Overqwil\n|-damage|p2a: Overqwil|86\/100\n|-unboost|p2a: Overqwil|atk|1\n|move|p2a: Overqwil|Toxic Spikes|p1a: step on me\n|-sidestart|p1: zazoyip|move: Toxic Spikes\n|\n|-heal|p2a: Overqwil|92\/100|[from] item: Black Sludge\n|-damage|p1a: step on me|63\/100|[from] Leech Seed|[of] p2a: Overqwil\n|-heal|p2a: Overqwil|100\/100|[silent]\n|upkeep\n|turn|19\n|\n|t:|1699819514\n|move|p1a: step on me|Hyper Voice|p2a: Overqwil\n|-damage|p2a: Overqwil|65\/100\n|move|p2a: Overqwil|Taunt|p1a: step on me\n|-start|p1a: step on me|move: Taunt\n|\n|-heal|p2a: Overqwil|71\/100|[from] item: Black Sludge\n|-damage|p1a: step on me|51\/100|[from] Leech Seed|[of] p2a: Overqwil\n|-heal|p2a: Overqwil|81\/100|[silent]\n|upkeep\n|turn|20\n|\n|t:|1699819517\n|move|p1a: step on me|Hyper Voice|p2a: Overqwil\n|-damage|p2a: Overqwil|47\/100\n|move|p2a: Overqwil|Barb Barrage|p1a: step on me\n|-resisted|p1a: step on me\n|-damage|p1a: step on me|28\/100\n|-status|p1a: step on me|psn\n|replace|p1a: Star|Zoroark-Hisui, F\n|-end|p1a: Star|Illusion\n|\n|-heal|p2a: Overqwil|53\/100|[from] item: Black Sludge\n|-damage|p1a: Star|15\/100 psn|[from] Leech Seed|[of] p2a: Overqwil\n|-heal|p2a: Overqwil|63\/100|[silent]\n|-damage|p1a: Star|3\/100 psn|[from] psn\n|-sideend|p2: KrisHyboY|move: Aurora Veil\n|upkeep\n|turn|21\n|\n|t:|1699819520\n|move|p1a: Star|Hyper Voice|p2a: Overqwil\n|-damage|p2a: Overqwil|0 fnt\n|faint|p2a: Overqwil\n|\n|-damage|p1a: Star|0 fnt|[from] psn\n|faint|p1a: Star\n|upkeep\n|\n|t:|1699819527\n|switch|p1a: Hero|Gallade, M|100\/100\n|switch|p2a: Abomasnow|Abomasnow, M|17\/100\n|-status|p1a: Hero|psn\n|-weather|Snow|[from] ability: Snow Warning|[of] p2a: Abomasnow\n|turn|22\n|\n|t:|1699819530\n|detailschange|p1a: Hero|Gallade-Mega, M\n|-mega|p1a: Hero|Gallade|Galladite\n|detailschange|p2a: Abomasnow|Abomasnow-Mega, M\n|-mega|p2a: Abomasnow|Abomasnow|Abomasite\n|move|p1a: Hero|Knock Off|p2a: Abomasnow\n|-damage|p2a: Abomasnow|1\/100\n|move|p2a: Abomasnow|Giga Drain|p1a: Hero\n|-damage|p1a: Hero|57\/100 psn\n|-heal|p2a: Abomasnow|17\/100|[from] drain|[of] p1a: Hero\n|\n|-weather|Snow|[upkeep]\n|-damage|p1a: Hero|45\/100 psn|[from] psn\n|upkeep\n|turn|23\n|c|\u2606KrisHyboY|wow\n|\n|t:|1699819538\n|move|p2a: Abomasnow|Ice Shard|p1a: Hero\n|-damage|p1a: Hero|23\/100 psn\n|move|p1a: Hero|Close Combat|p2a: Abomasnow\n|-supereffective|p2a: Abomasnow\n|-damage|p2a: Abomasnow|0 fnt\n|-unboost|p1a: Hero|def|1\n|-unboost|p1a: Hero|spd|1\n|faint|p2a: Abomasnow\n|\n|-weather|Snow|[upkeep]\n|-damage|p1a: Hero|10\/100 psn|[from] psn\n|upkeep\n|c|\u2606zazoyip|wow\n|\n|t:|1699819543\n|switch|p2a: Prinplup|Prinplup, F|100\/100\n|turn|24\n|c|\u2606KrisHyboY|that just happened huh\n|c|\u2606zazoyip|you got the worst mega unfortunately lol\n|c|\u2606KrisHyboY|yea i also got the randoms with natures\n|c|\u2606KrisHyboY|so my natures are really weird\n|c|\u2606zazoyip|oh wow\n|c|\u2606KrisHyboY|i got lucky wiht obama tho i got modest\n|\n|t:|1699819579\n|move|p1a: Hero|Close Combat|p2a: Prinplup\n|-damage|p2a: Prinplup|42\/100\n|-unboost|p1a: Hero|def|1\n|-unboost|p1a: Hero|spd|1\n|move|p2a: Prinplup|Roost|p2a: Prinplup\n|-heal|p2a: Prinplup|92\/100\n|-singleturn|p2a: Prinplup|move: Roost\n|\n|-weather|Snow|[upkeep]\n|-damage|p1a: Hero|0 fnt|[from] psn\n|faint|p1a: Hero\n|upkeep\n|\n|t:|1699819584\n|switch|p1a: step on me|Pincurchin, M, shiny|100\/100\n|-status|p1a: step on me|psn\n|-fieldstart|move: Electric Terrain|[from] ability: Electric Surge|[of] p1a: step on me\n|turn|25\n|c|\u2606KrisHyboY|gg wp\n|\n|t:|1699819589\n|move|p2a: Prinplup|Roost|p2a: Prinplup\n|-heal|p2a: Prinplup|100\/100\n|-singleturn|p2a: Prinplup|move: Roost\n|move|p1a: step on me|Zing Zap|p2a: Prinplup\n|-supereffective|p2a: Prinplup\n|-damage|p2a: Prinplup|26\/100\n|\n|-weather|Snow|[upkeep]\n|-damage|p1a: step on me|88\/100 psn|[from] psn\n|upkeep\n|turn|26\n|\n|t:|1699819592\n|move|p2a: Prinplup|Roost|p2a: Prinplup\n|-heal|p2a: Prinplup|76\/100\n|-singleturn|p2a: Prinplup|move: Roost\n|move|p1a: step on me|Zing Zap|p2a: Prinplup\n|-supereffective|p2a: Prinplup\n|-damage|p2a: Prinplup|3\/100\n|\n|-weather|none\n|-damage|p1a: step on me|76\/100 psn|[from] psn\n|upkeep\n|turn|27\n|\n|t:|1699819596\n|move|p2a: Prinplup|Defog|p1a: step on me\n|-unboost|p1a: step on me|evasion|1\n|-sideend|p1: zazoyip|Toxic Spikes|[from] move: Defog|[of] p2a: Prinplup\n|-fieldend|move: Electric Terrain\n|move|p1a: step on me|Zing Zap|p2a: Prinplup\n|-supereffective|p2a: Prinplup\n|-damage|p2a: Prinplup|0 fnt\n|faint|p2a: Prinplup\n|\n|win|zazoyip\n|raw|zazoyip's rating: 1071 &rarr; <strong>1100<\/strong><br \/>(+29 for winning)\n|raw|KrisHyboY's rating: 1069 &rarr; <strong>1049<\/strong><br \/>(-20 for losing)\n|c|\u2606zazoyip|gg\n|c|\u2606KrisHyboY|W\n|l|\u2606zazoyip\n|c|\u2606KrisHyboY|pretty good for this team\n","uploadtime":1699819611,"views":11,"p1id":"zazoyip","p2id":"krishyboy","formatid":"gen9nationaldex","rating":1049,"private":0,"password":""}