{"id":"gen9nationaldex-1989574288","p1":"Maka_bae","p2":"rock thunder bird","format":"[Gen 9] National Dex","log":"|j|\u203dMaka_bae\n|j|\u2606rock thunder bird\n|t:|1699873496\n|gametype|singles\n|player|p1|Maka_bae|101|1421\n|player|p2|rock thunder bird|riley|1422\n|teamsize|p1|6\n|teamsize|p2|6\n|gen|9\n|tier|[Gen 9] National Dex\n|rated|\n|rule|HP Percentage Mod: HP is shown in percentages\n|rule|Endless Battle Clause: Forcing endless battles is banned\n|rule|OHKO Clause: OHKO moves are banned\n|rule|Evasion Clause: Evasion abilities, items, and moves are banned\n|rule|Evasion Abilities Clause: Evasion abilities are banned\n|rule|Evasion Items Clause: Evasion items are banned\n|rule|Evasion Moves Clause: Evasion moves are banned\n|rule|Species Clause: Limit one of each Pok\u00e9mon\n|rule|Sleep Clause Mod: Limit one foe put to sleep\n|clearpoke\n|poke|p1|Marowak-Alola, M|\n|poke|p1|Mawile, F|\n|poke|p1|Crawdaunt, F|\n|poke|p1|Stakataka|\n|poke|p1|Porygon2|\n|poke|p1|Hatterene, F|\n|poke|p2|Garchomp, M|\n|poke|p2|Heatran, M|\n|poke|p2|Scizor, M|\n|poke|p2|Iron Valiant|\n|poke|p2|Thundurus, M|\n|poke|p2|Hoopa-Unbound|\n|teampreview\n|\n|t:|1699873508\n|start\n|switch|p1a: Hatterene|Hatterene, F|100\/100\n|switch|p2a: Scizor|Scizor, M|100\/100\n|turn|1\n|\n|t:|1699873515\n|detailschange|p2a: Scizor|Scizor-Mega, M\n|-mega|p2a: Scizor|Scizor|Scizorite\n|move|p2a: Scizor|Bullet Punch|p1a: Hatterene\n|-supereffective|p1a: Hatterene\n|-damage|p1a: Hatterene|38\/100\n|move|p1a: Hatterene|Mystical Fire|p2a: Scizor\n|-supereffective|p2a: Scizor\n|-damage|p2a: Scizor|7\/100\n|-unboost|p2a: Scizor|spa|1\n|\n|upkeep\n|turn|2\n|j| XYStarshine.\u661f\u8000\n|inactive|Battle timer is ON: inactive players will automatically lose when time's up. (requested by Maka_bae)\n|\n|t:|1699873535\n|move|p2a: Scizor|Bullet Punch|p1a: Hatterene\n|-supereffective|p1a: Hatterene\n|-damage|p1a: Hatterene|0 fnt\n|faint|p1a: Hatterene\n|\n|upkeep\n|\n|t:|1699873542\n|switch|p1a: Crawdaunt|Crawdaunt, F|100\/100\n|turn|3\n|\n|t:|1699873550\n|move|p2a: Scizor|Bullet Punch|p1a: Crawdaunt\n|-resisted|p1a: Crawdaunt\n|-damage|p1a: Crawdaunt|81\/100\n|move|p1a: Crawdaunt|Crabhammer|p2a: Scizor\n|-damage|p2a: Scizor|0 fnt\n|faint|p2a: Scizor\n|-damage|p1a: Crawdaunt|71\/100|[from] item: Life Orb\n|\n|upkeep\n|\n|t:|1699873555\n|switch|p2a: Garchomp|Garchomp, M|100\/100\n|turn|4\n|j| Aminegeo\u82cd\u708e\u5203\u9b3c\n|\n|t:|1699873563\n|move|p2a: Garchomp|Stealth Rock|p1a: Crawdaunt\n|-sidestart|p1: Maka_bae|move: Stealth Rock\n|move|p1a: Crawdaunt|Crabhammer|p2a: Garchomp|[miss]\n|-miss|p1a: Crawdaunt|p2a: Garchomp\n|\n|upkeep\n|turn|5\n|\n|t:|1699873568\n|move|p2a: Garchomp|Earthquake|p1a: Crawdaunt\n|-damage|p1a: Crawdaunt|0 fnt\n|faint|p1a: Crawdaunt\n|-damage|p2a: Garchomp|91\/100|[from] item: Life Orb\n|\n|upkeep\n|\n|t:|1699873575\n|switch|p1a: Porygon2|Porygon2|100\/100\n|-damage|p1a: Porygon2|88\/100|[from] Stealth Rock\n|-ability|p1a: Porygon2|Download|boost\n|-boost|p1a: Porygon2|spa|1\n|turn|6\n|\n|t:|1699873581\n|move|p2a: Garchomp|Draco Meteor|p1a: Porygon2\n|-damage|p1a: Porygon2|58\/100\n|-unboost|p2a: Garchomp|spa|2\n|-damage|p2a: Garchomp|81\/100|[from] item: Life Orb\n|move|p1a: Porygon2|Ice Beam|p2a: Garchomp\n|-supereffective|p2a: Garchomp\n|-damage|p2a: Garchomp|0 fnt\n|faint|p2a: Garchomp\n|\n|upkeep\n|\n|t:|1699873584\n|switch|p2a: Hoopa|Hoopa-Unbound|100\/100\n|turn|7\n|j| zxcvbnmmnbvcx\n|\n|t:|1699873593\n|-terastallize|p2a: Hoopa|Dark\n|move|p2a: Hoopa|Hyperspace Fury|p1a: Porygon2\n|-damage|p1a: Porygon2|0 fnt\n|-unboost|p2a: Hoopa|def|1\n|faint|p1a: Porygon2\n|\n|upkeep\n|\n|t:|1699873600\n|switch|p1a: Stakataka|Stakataka|100\/100\n|-damage|p1a: Stakataka|94\/100|[from] Stealth Rock\n|-item|p1a: Stakataka|Air Balloon\n|turn|8\n|\n|t:|1699873607\n|switch|p2a: Thundurus|Thundurus, M|100\/100\n|move|p1a: Stakataka|Trick Room|p1a: Stakataka\n|-fieldstart|move: Trick Room|[of] p1a: Stakataka\n|\n|upkeep\n|turn|9\n|\n|t:|1699873616\n|move|p2a: Thundurus|Thunder Wave|p1a: Stakataka\n|-status|p1a: Stakataka|par\n|move|p1a: Stakataka|Gyro Ball|p2a: Thundurus\n|-resisted|p2a: Thundurus\n|-damage|p2a: Thundurus|30\/100\n|\n|upkeep\n|turn|10\n|\n|t:|1699873623\n|move|p1a: Stakataka|Gyro Ball|p2a: Thundurus\n|-resisted|p2a: Thundurus\n|-damage|p2a: Thundurus|0 fnt\n|faint|p2a: Thundurus\n|-ability|p1a: Stakataka|Beast Boost|boost\n|-boost|p1a: Stakataka|atk|1\n|\n|upkeep\n|\n|t:|1699873635\n|switch|p2a: Iron Valiant|Iron Valiant|100\/100\n|-enditem|p2a: Iron Valiant|Booster Energy\n|-activate|p2a: Iron Valiant|ability: Quark Drive|[fromitem]\n|-start|p2a: Iron Valiant|quarkdrivespe\n|turn|11\n|\n|t:|1699873640\n|-end|p2a: Iron Valiant|Quark Drive|[silent]\n|switch|p2a: Heatran|Heatran, M|100\/100\n|move|p1a: Stakataka|Gyro Ball|p2a: Heatran\n|-resisted|p2a: Heatran\n|-crit|p2a: Heatran\n|-damage|p2a: Heatran|53\/100\n|\n|upkeep\n|turn|12\n|\n|t:|1699873647\n|switch|p2a: Iron Valiant|Iron Valiant|100\/100\n|move|p1a: Stakataka|Earthquake|p2a: Iron Valiant\n|-damage|p2a: Iron Valiant|29\/100\n|\n|-fieldend|move: Trick Room\n|upkeep\n|turn|13\n|\n|t:|1699873656\n|move|p2a: Iron Valiant|Moonblast|p1a: Stakataka\n|-resisted|p1a: Stakataka\n|-damage|p1a: Stakataka|70\/100 par\n|-enditem|p1a: Stakataka|Air Balloon\n|move|p1a: Stakataka|Gyro Ball|p2a: Iron Valiant\n|-supereffective|p2a: Iron Valiant\n|-damage|p2a: Iron Valiant|0 fnt\n|faint|p2a: Iron Valiant\n|-end|p2a: Iron Valiant|Quark Drive|[silent]\n|-ability|p1a: Stakataka|Beast Boost|boost\n|-boost|p1a: Stakataka|atk|1\n|\n|upkeep\n|\n|t:|1699873659\n|switch|p2a: Heatran|Heatran, M|53\/100\n|turn|14\n|\n|t:|1699873669\n|move|p2a: Heatran|Earth Power|p1a: Stakataka\n|-supereffective|p1a: Stakataka\n|-damage|p1a: Stakataka|0 fnt\n|faint|p1a: Stakataka\n|\n|upkeep\n|\n|t:|1699873674\n|switch|p1a: Marowak|Marowak-Alola, M|100\/100\n|-damage|p1a: Marowak|75\/100|[from] Stealth Rock\n|turn|15\n|\n|t:|1699873681\n|move|p2a: Heatran|Earth Power|p1a: Marowak\n|-supereffective|p1a: Marowak\n|-crit|p1a: Marowak\n|-damage|p1a: Marowak|0 fnt\n|faint|p1a: Marowak\n|\n|upkeep\n|-message|Maka_bae forfeited.\n|\n|win|rock thunder bird\n|raw|Maka_bae's rating: 1421 &rarr; <strong>1401<\/strong><br \/>(-20 for losing)\n|raw|rock thunder bird's rating: 1422 &rarr; <strong>1442<\/strong><br \/>(+20 for winning)\n|l|\u203dMaka_bae\n|c|\u2606rock thunder bird|\u7b80\u4e0d\u7b80\u5355\n","uploadtime":1699873721,"views":4,"p1id":"makabae","p2id":"rockthunderbird","formatid":"gen9nationaldex","rating":1401,"private":0,"password":""}