{"id":"gen9nationaldex-1992206995","p1":"Epicgamergod69","p2":"The power of ROCK","format":"[Gen 9] National Dex","log":"|j|\u2606Epicgamergod69\n|j|\u2606The power of ROCK\n|inactive|Battle timer is ON: inactive players will automatically lose when time's up.\n|t:|1700163881\n|gametype|singles\n|player|p1|Epicgamergod69|steven-masters2|\n|player|p2|The power of ROCK|roark|\n|teamsize|p1|6\n|teamsize|p2|6\n|gen|9\n|tier|[Gen 9] National Dex\n|rated|Tournament battle\n|rule|HP Percentage Mod: HP is shown in percentages\n|rule|Endless Battle Clause: Forcing endless battles is banned\n|rule|OHKO Clause: OHKO moves are banned\n|rule|Evasion Clause: Evasion abilities, items, and moves are banned\n|rule|Evasion Abilities Clause: Evasion abilities are banned\n|rule|Evasion Items Clause: Evasion items are banned\n|rule|Evasion Moves Clause: Evasion moves are banned\n|rule|Species Clause: Limit one of each Pok\u00e9mon\n|rule|Sleep Clause Mod: Limit one foe put to sleep\n|clearpoke\n|poke|p1|Alomomola, M|\n|poke|p1|Dondozo, F|\n|poke|p1|Gliscor, F|\n|poke|p1|Garganacl, F|\n|poke|p1|Chansey, F|\n|poke|p1|Sableye, F|\n|poke|p2|Tyranitar, F|\n|poke|p2|Garganacl, M|\n|poke|p2|Aggron, F|\n|poke|p2|Cradily, F|\n|poke|p2|Glimmora, F|\n|poke|p2|Avalugg-Hisui, M|\n|teampreview\n|j| Potatofromsinnoh\n|j| Rillamaui\n|c|\u2606Epicgamergod69|gl\n|j| DarmanitanDLuffy\n|c|\u2606Epicgamergod69|hf\n|c|\u2606The power of ROCK|Welcome to the ROCK gym\n|c| DarmanitanDLuffy|do you say that every game\n|c| Potatofromsinnoh|its his schtick\n|c| Potatofromsinnoh|leave him alone\n|inactive|The power of ROCK has 120 seconds left.\n|c| Rillamaui|he's just having fun man\n|c|\u2606Epicgamergod69|ok but like\n|c| DarmanitanDLuffy|based and ROCK pilled\n|c| Rillamaui|he wants to be a gym leader\n|c|\u2606The power of ROCK|yeah xD\n|c| DarmanitanDLuffy|i wasn't hating i was just asking h\n|c|\u2606Epicgamergod69|what if i had loaded rain\n|c| Potatofromsinnoh|Rock\n|c| Potatofromsinnoh|you probably still wouldve lost\n|c| Potatofromsinnoh|plus we know you only run stall\n|c|\u2606The power of ROCK|if you loaded rain you might have lost togarg\n|inactive|The power of ROCK has 90 seconds left.\n|c|\u2606Epicgamergod69|fair\n|c|\u2606Epicgamergod69|but like\n|\n|t:|1700163957\n|start\n|switch|p1a: Alomomola|Alomomola, M|100\/100\n|switch|p2a: Glimmora|Glimmora, F|100\/100\n|turn|1\n|c|\u2606Epicgamergod69|should have loaded hoopa u semi for funny\n|j| bnuyen\n|\n|t:|1700163972\n|switch|p1a: Garganacl|Garganacl, F|100\/100\n|move|p2a: Glimmora|Mortal Spin|p1a: Garganacl\n|-resisted|p1a: Garganacl\n|-damage|p1a: Garganacl|98\/100\n|\n|-heal|p1a: Garganacl|100\/100|[from] item: Leftovers\n|upkeep\n|turn|2\n|\n|t:|1700163980\n|switch|p2a: Garganacl|Garganacl, M|100\/100\n|move|p1a: Garganacl|Curse|p1a: Garganacl\n|-unboost|p1a: Garganacl|spe|1\n|-boost|p1a: Garganacl|atk|1\n|-boost|p1a: Garganacl|def|1\n|\n|upkeep\n|turn|3\n|c|\u2606Epicgamergod69|Intense music plays\n|\n|t:|1700163999\n|-terastallize|p2a: Garganacl|Ghost\n|move|p2a: Garganacl|Salt Cure|p1a: Garganacl\n|-damage|p1a: Garganacl|94\/100\n|-start|p1a: Garganacl|Salt Cure\n|move|p1a: Garganacl|Earthquake|p2a: Garganacl\n|-damage|p2a: Garganacl|78\/100\n|\n|-heal|p1a: Garganacl|100\/100|[from] item: Leftovers\n|-damage|p1a: Garganacl|88\/100|[from] Salt Cure\n|upkeep\n|turn|4\n|c|\u2606The power of ROCK|garg on garg action\n|c| bnuyen|the garcdown\n|\n|t:|1700164012\n|switch|p2a: Cradily|Cradily, F|100\/100\n|switch|p1a: Gliscor|Gliscor, F|100\/100\n|\n|-status|p1a: Gliscor|tox|[from] item: Toxic Orb\n|upkeep\n|turn|5\n|\n|t:|1700164018\n|move|p1a: Gliscor|Toxic|p2a: Cradily|[miss]\n|-miss|p1a: Gliscor|p2a: Cradily\n|move|p2a: Cradily|Leech Seed|p1a: Gliscor\n|-start|p1a: Gliscor|move: Leech Seed\n|\n|-damage|p1a: Gliscor|88\/100 tox|[from] Leech Seed|[of] p2a: Cradily\n|-heal|p1a: Gliscor|100\/100 tox|[from] ability: Poison Heal\n|upkeep\n|turn|6\n|c| Potatofromsinnoh|cradily sweep\n|c|\u2606Epicgamergod69|:(\n|\n|t:|1700164037\n|move|p1a: Gliscor|Toxic|p2a: Cradily\n|-status|p2a: Cradily|tox\n|move|p2a: Cradily|Infestation|p1a: Gliscor\n|-resisted|p1a: Gliscor\n|-damage|p1a: Gliscor|99\/100 tox\n|-activate|p1a: Gliscor|move: Infestation|[of] p2a: Cradily\n|\n|-damage|p1a: Gliscor|87\/100 tox|[from] Leech Seed|[of] p2a: Cradily\n|-heal|p1a: Gliscor|99\/100 tox|[from] ability: Poison Heal\n|-damage|p2a: Cradily|94\/100 tox|[from] psn\n|-damage|p1a: Gliscor|83\/100 tox|[from] move: Infestation|[partiallytrapped]\n|upkeep\n|turn|7\n|c| Potatofromsinnoh|most underrated rock type\n|c| Potatofromsinnoh|oh its so over\n|j| its for fun lol\n|c|\u2606The power of ROCK|he might have the turn of u\n|\n|t:|1700164059\n|move|p1a: Gliscor|Earthquake|p2a: Cradily\n|-damage|p2a: Cradily|71\/100 tox\n|move|p2a: Cradily|Block|p1a: Gliscor\n|-activate|p1a: Gliscor|trapped\n|\n|-damage|p1a: Gliscor|70\/100 tox|[from] Leech Seed|[of] p2a: Cradily\n|-heal|p2a: Cradily|83\/100 tox|[silent]\n|-heal|p1a: Gliscor|83\/100 tox|[from] ability: Poison Heal\n|-damage|p2a: Cradily|71\/100 tox|[from] psn\n|-damage|p1a: Gliscor|66\/100 tox|[from] move: Infestation|[partiallytrapped]\n|upkeep\n|turn|8\n|c| Potatofromsinnoh|he might\n|c| Potatofromsinnoh|but he doesnt\n|l| its for fun lol\n|\n|t:|1700164070\n|move|p1a: Gliscor|Earthquake|p2a: Cradily\n|-damage|p2a: Cradily|49\/100 tox\n|move|p2a: Cradily|Rest|p2a: Cradily\n|-status|p2a: Cradily|slp|[from] move: Rest\n|-heal|p2a: Cradily|100\/100 slp|[silent]\n|\n|-damage|p1a: Gliscor|54\/100 tox|[from] Leech Seed|[of] p2a: Cradily\n|-heal|p1a: Gliscor|66\/100 tox|[from] ability: Poison Heal\n|-damage|p1a: Gliscor|50\/100 tox|[from] move: Infestation|[partiallytrapped]\n|upkeep\n|turn|9\n|\n|t:|1700164080\n|move|p1a: Gliscor|Roost|p1a: Gliscor\n|-heal|p1a: Gliscor|99\/100 tox\n|-singleturn|p1a: Gliscor|move: Roost\n|cant|p2a: Cradily|slp\n|\n|-damage|p1a: Gliscor|87\/100 tox|[from] Leech Seed|[of] p2a: Cradily\n|-heal|p1a: Gliscor|99\/100 tox|[from] ability: Poison Heal\n|-damage|p1a: Gliscor|83\/100 tox|[from] move: Infestation|[partiallytrapped]\n|upkeep\n|turn|10\n|c| Potatofromsinnoh|thats too silly\n|c|\u2606The power of ROCK|guys i think he doesn't have the turn of u\n|\n|t:|1700164091\n|move|p1a: Gliscor|Earthquake|p2a: Cradily\n|-damage|p2a: Cradily|80\/100 slp\n|cant|p2a: Cradily|slp\n|\n|-damage|p1a: Gliscor|71\/100 tox|[from] Leech Seed|[of] p2a: Cradily\n|-heal|p2a: Cradily|92\/100 slp|[silent]\n|-heal|p1a: Gliscor|83\/100 tox|[from] ability: Poison Heal\n|-end|p1a: Gliscor|Infestation|[partiallytrapped]\n|upkeep\n|turn|11\n|c|\u2606Epicgamergod69|mayhapss\n|\n|t:|1700164110\n|move|p1a: Gliscor|Earthquake|p2a: Cradily\n|-damage|p2a: Cradily|70\/100 slp\n|-curestatus|p2a: Cradily|slp|[msg]\n|move|p2a: Cradily|Infestation|p1a: Gliscor\n|-resisted|p1a: Gliscor\n|-damage|p1a: Gliscor|81\/100 tox\n|-activate|p1a: Gliscor|move: Infestation|[of] p2a: Cradily\n|\n|-damage|p1a: Gliscor|69\/100 tox|[from] Leech Seed|[of] p2a: Cradily\n|-heal|p2a: Cradily|82\/100|[silent]\n|-heal|p1a: Gliscor|81\/100 tox|[from] ability: Poison Heal\n|-damage|p1a: Gliscor|65\/100 tox|[from] move: Infestation|[partiallytrapped]\n|upkeep\n|turn|12\n|c| bnuyen|gliscors doesnt win this does it\n|c|\u2606The power of ROCK|nope\n|\n|t:|1700164128\n|move|p1a: Gliscor|Roost|p1a: Gliscor\n|-heal|p1a: Gliscor|100\/100 tox\n|-singleturn|p1a: Gliscor|move: Roost\n|move|p2a: Cradily|Leech Seed||[still]\n|-fail|p2a: Cradily\n|\n|-damage|p1a: Gliscor|88\/100 tox|[from] Leech Seed|[of] p2a: Cradily\n|-heal|p2a: Cradily|94\/100|[silent]\n|-heal|p1a: Gliscor|100\/100 tox|[from] ability: Poison Heal\n|-damage|p1a: Gliscor|84\/100 tox|[from] move: Infestation|[partiallytrapped]\n|upkeep\n|turn|13\n|c| Potatofromsinnoh|it does not\n|c|\u2606The power of ROCK|but he can try idm\n|\n|t:|1700164139\n|move|p1a: Gliscor|Defog|p2a: Cradily\n|-unboost|p2a: Cradily|evasion|1\n|move|p2a: Cradily|Infestation|p1a: Gliscor\n|-resisted|p1a: Gliscor\n|-damage|p1a: Gliscor|83\/100 tox\n|\n|-damage|p1a: Gliscor|70\/100 tox|[from] Leech Seed|[of] p2a: Cradily\n|-heal|p2a: Cradily|100\/100|[silent]\n|-heal|p1a: Gliscor|83\/100 tox|[from] ability: Poison Heal\n|-damage|p1a: Gliscor|66\/100 tox|[from] move: Infestation|[partiallytrapped]\n|upkeep\n|turn|14\n|c| Potatofromsinnoh|he can stall for like 40 turns probably\n|c| Potatofromsinnoh|but it loses\n|\n|t:|1700164151\n|move|p1a: Gliscor|Earthquake|p2a: Cradily\n|-damage|p2a: Cradily|78\/100\n|move|p2a: Cradily|Block||[still]\n|-fail|p2a: Cradily\n|\n|-damage|p1a: Gliscor|54\/100 tox|[from] Leech Seed|[of] p2a: Cradily\n|-heal|p2a: Cradily|90\/100|[silent]\n|-heal|p1a: Gliscor|66\/100 tox|[from] ability: Poison Heal\n|-damage|p1a: Gliscor|50\/100 tox|[from] move: Infestation|[partiallytrapped]\n|upkeep\n|turn|15\n|\n|t:|1700164161\n|move|p1a: Gliscor|Earthquake|p2a: Cradily\n|-damage|p2a: Cradily|69\/100\n|move|p2a: Cradily|Infestation|p1a: Gliscor\n|-resisted|p1a: Gliscor\n|-damage|p1a: Gliscor|48\/100 tox\n|\n|-damage|p1a: Gliscor|36\/100 tox|[from] Leech Seed|[of] p2a: Cradily\n|-heal|p2a: Cradily|81\/100|[silent]\n|-heal|p1a: Gliscor|48\/100 tox|[from] ability: Poison Heal\n|-end|p1a: Gliscor|Infestation|[partiallytrapped]\n|upkeep\n|turn|16\n|c| Potatofromsinnoh|cradily is simply built for it\n|c|\u2606Epicgamergod69|nah trust just neeed 3 maxroll crits on sleep\n|\n|t:|1700164183\n|move|p1a: Gliscor|Roost|p1a: Gliscor\n|-heal|p1a: Gliscor|98\/100 tox\n|-singleturn|p1a: Gliscor|move: Roost\n|move|p2a: Cradily|Infestation|p1a: Gliscor\n|-damage|p1a: Gliscor|95\/100 tox\n|-activate|p1a: Gliscor|move: Infestation|[of] p2a: Cradily\n|\n|-damage|p1a: Gliscor|83\/100 tox|[from] Leech Seed|[of] p2a: Cradily\n|-heal|p2a: Cradily|92\/100|[silent]\n|-heal|p1a: Gliscor|95\/100 tox|[from] ability: Poison Heal\n|-damage|p1a: Gliscor|79\/100 tox|[from] move: Infestation|[partiallytrapped]\n|upkeep\n|turn|17\n|\n|t:|1700164194\n|move|p1a: Gliscor|Toxic|p2a: Cradily\n|-status|p2a: Cradily|tox\n|move|p2a: Cradily|Leech Seed||[still]\n|-fail|p2a: Cradily\n|\n|-damage|p1a: Gliscor|66\/100 tox|[from] Leech Seed|[of] p2a: Cradily\n|-heal|p2a: Cradily|100\/100 tox|[silent]\n|-heal|p1a: Gliscor|79\/100 tox|[from] ability: Poison Heal\n|-damage|p2a: Cradily|94\/100 tox|[from] psn\n|-damage|p1a: Gliscor|62\/100 tox|[from] move: Infestation|[partiallytrapped]\n|upkeep\n|turn|18\n|c|\u2606The power of ROCK|even with seed?\n|c|\u2606Epicgamergod69|no lol\n|c|\u2606The power of ROCK|oh wait u said crits\n|c|\u2606The power of ROCK|lmao\n|\n|t:|1700164213\n|move|p1a: Gliscor|Earthquake|p2a: Cradily\n|-damage|p2a: Cradily|70\/100 tox\n|move|p2a: Cradily|Leech Seed|p1a: Gliscor|[miss]\n|-miss|p2a: Cradily|p1a: Gliscor\n|\n|-damage|p1a: Gliscor|50\/100 tox|[from] Leech Seed|[of] p2a: Cradily\n|-heal|p2a: Cradily|82\/100 tox|[silent]\n|-heal|p1a: Gliscor|62\/100 tox|[from] ability: Poison Heal\n|-damage|p2a: Cradily|70\/100 tox|[from] psn\n|-damage|p1a: Gliscor|46\/100 tox|[from] move: Infestation|[partiallytrapped]\n|upkeep\n|turn|19\n|c|\u2606Epicgamergod69|it was a joke lol\n|c|\u2606Epicgamergod69|w gameplay\n|\n|t:|1700164231\n|move|p1a: Gliscor|Roost|p1a: Gliscor\n|-heal|p1a: Gliscor|96\/100 tox\n|-singleturn|p1a: Gliscor|move: Roost\n|move|p2a: Cradily|Infestation|p1a: Gliscor\n|-damage|p1a: Gliscor|93\/100 tox\n|\n|-damage|p1a: Gliscor|80\/100 tox|[from] Leech Seed|[of] p2a: Cradily\n|-heal|p2a: Cradily|82\/100 tox|[silent]\n|-heal|p1a: Gliscor|93\/100 tox|[from] ability: Poison Heal\n|-damage|p2a: Cradily|63\/100 tox|[from] psn\n|-damage|p1a: Gliscor|76\/100 tox|[from] move: Infestation|[partiallytrapped]\n|upkeep\n|turn|20\n|c| bnuyen|the tournament gameplay goes wild\n|c| DarmanitanDLuffy|most entertaining gliscor game\n|c| Potatofromsinnoh|literally\n|\n|t:|1700164242\n|move|p1a: Gliscor|Earthquake|p2a: Cradily\n|-damage|p2a: Cradily|43\/100 tox\n|move|p2a: Cradily|Rest|p2a: Cradily\n|-status|p2a: Cradily|slp|[from] move: Rest\n|-heal|p2a: Cradily|100\/100 slp|[silent]\n|\n|-damage|p1a: Gliscor|64\/100 tox|[from] Leech Seed|[of] p2a: Cradily\n|-heal|p1a: Gliscor|76\/100 tox|[from] ability: Poison Heal\n|-end|p1a: Gliscor|Infestation|[partiallytrapped]\n|upkeep\n|turn|21\n|c| Potatofromsinnoh|glisc the most bitch mon of all time\n|\n|t:|1700164254\n|move|p1a: Gliscor|Earthquake|p2a: Cradily\n|-damage|p2a: Cradily|78\/100 slp\n|cant|p2a: Cradily|slp\n|\n|-damage|p1a: Gliscor|64\/100 tox|[from] Leech Seed|[of] p2a: Cradily\n|-heal|p2a: Cradily|90\/100 slp|[silent]\n|-heal|p1a: Gliscor|76\/100 tox|[from] ability: Poison Heal\n|upkeep\n|turn|22\n|c|\u2606Epicgamergod69|why are we still here\n|c|\u2606The power of ROCK|so this is a treat for you then potato\n|c|\u2606Epicgamergod69|just to suffer\n|\n|t:|1700164273\n|move|p1a: Gliscor|Earthquake|p2a: Cradily\n|-damage|p2a: Cradily|69\/100 slp\n|cant|p2a: Cradily|slp\n|\n|-damage|p1a: Gliscor|64\/100 tox|[from] Leech Seed|[of] p2a: Cradily\n|-heal|p2a: Cradily|81\/100 slp|[silent]\n|-heal|p1a: Gliscor|76\/100 tox|[from] ability: Poison Heal\n|upkeep\n|turn|23\n|c| Potatofromsinnoh|it is\n|c| DarmanitanDLuffy|glimmora is more bitch than gliscor\n|c| Potatofromsinnoh|thank you Rock\n|c|\u2606The power of ROCK|xD\n|\n|t:|1700164285\n|move|p1a: Gliscor|Earthquake|p2a: Cradily\n|-damage|p2a: Cradily|58\/100 slp\n|-curestatus|p2a: Cradily|slp|[msg]\n|move|p2a: Cradily|Infestation|p1a: Gliscor\n|-resisted|p1a: Gliscor\n|-damage|p1a: Gliscor|75\/100 tox\n|-activate|p1a: Gliscor|move: Infestation|[of] p2a: Cradily\n|\n|-damage|p1a: Gliscor|62\/100 tox|[from] Leech Seed|[of] p2a: Cradily\n|-heal|p2a: Cradily|70\/100|[silent]\n|-heal|p1a: Gliscor|75\/100 tox|[from] ability: Poison Heal\n|-damage|p1a: Gliscor|58\/100 tox|[from] move: Infestation|[partiallytrapped]\n|upkeep\n|turn|24\n|c| DarmanitanDLuffy|gliscor is at least a cool flying scorpion\n|c| Potatofromsinnoh|glim is fun if you dont use it as a suicide lead\n|inactive|Epicgamergod69 has 120 seconds left.\n|\n|t:|1700164301\n|move|p1a: Gliscor|Defog|p2a: Cradily\n|-unboost|p2a: Cradily|evasion|1\n|move|p2a: Cradily|Leech Seed||[still]\n|-fail|p2a: Cradily\n|\n|-damage|p1a: Gliscor|46\/100 tox|[from] Leech Seed|[of] p2a: Cradily\n|-heal|p2a: Cradily|82\/100|[silent]\n|-heal|p1a: Gliscor|58\/100 tox|[from] ability: Poison Heal\n|-damage|p1a: Gliscor|42\/100 tox|[from] move: Infestation|[partiallytrapped]\n|upkeep\n|turn|25\n|c| Potatofromsinnoh|i like it scarfed\n|inactive|Epicgamergod69 has 120 seconds left.\n|j| its for fun lol\n|\n|t:|1700164313\n|move|p1a: Gliscor|Roost|p1a: Gliscor\n|-heal|p1a: Gliscor|92\/100 tox\n|-singleturn|p1a: Gliscor|move: Roost\n|move|p2a: Cradily|Infestation|p1a: Gliscor\n|-damage|p1a: Gliscor|89\/100 tox\n|\n|-damage|p1a: Gliscor|77\/100 tox|[from] Leech Seed|[of] p2a: Cradily\n|-heal|p2a: Cradily|94\/100|[silent]\n|-heal|p1a: Gliscor|89\/100 tox|[from] ability: Poison Heal\n|-damage|p1a: Gliscor|73\/100 tox|[from] move: Infestation|[partiallytrapped]\n|upkeep\n|turn|26\n|l| its for fun lol\n|j| its for fun lol\n|c| DarmanitanDLuffy|glimm is liteally a pile of poop that spits out hazards and is sashed like 90% of the time\n|inactive|Epicgamergod69 has 120 seconds left.\n|c| bnuyen|i despise how they just made nihilego the second\n|c| DarmanitanDLuffy|nihilego and glimm aren't that alike\n|c| Potatofromsinnoh|fair but nihi was godawful\n|c|\u2606Epicgamergod69|gimme a sec\n|c|\u2606The power of ROCK|np\n|inactive|Epicgamergod69 has 90 seconds left.\n|c|\u2606Epicgamergod69|need to think abt the next move\n|c|\u2606Epicgamergod69|real hard\n|n| Rillamaui|rillamaui\n|c| bnuyen|true....\n|c| DarmanitanDLuffy|bro went to google \"cradily counters\"\n|\n|t:|1700164364\n|move|p1a: Gliscor|Earthquake|p2a: Cradily\n|-damage|p2a: Cradily|73\/100\n|move|p2a: Cradily|Leech Seed||[still]\n|-fail|p2a: Cradily\n|\n|-damage|p1a: Gliscor|60\/100 tox|[from] Leech Seed|[of] p2a: Cradily\n|-heal|p2a: Cradily|85\/100|[silent]\n|-heal|p1a: Gliscor|73\/100 tox|[from] ability: Poison Heal\n|-damage|p1a: Gliscor|56\/100 tox|[from] move: Infestation|[partiallytrapped]\n|upkeep\n|turn|27\n|c|\u2606The power of ROCK|oh lmao\n|c| Potatofromsinnoh|literally\n|c| Potatofromsinnoh|\"how can i kill cradily\n|\n|t:|1700164381\n|move|p1a: Gliscor|Toxic|p2a: Cradily\n|-status|p2a: Cradily|tox\n|move|p2a: Cradily|Block||[still]\n|-fail|p2a: Cradily\n|\n|-damage|p1a: Gliscor|44\/100 tox|[from] Leech Seed|[of] p2a: Cradily\n|-heal|p2a: Cradily|97\/100 tox|[silent]\n|-heal|p1a: Gliscor|56\/100 tox|[from] ability: Poison Heal\n|-damage|p2a: Cradily|91\/100 tox|[from] psn\n|-end|p1a: Gliscor|Infestation|[partiallytrapped]\n|upkeep\n|turn|28\n|c|\u2606The power of ROCK|its not possible unless he gets 2 crits in a row now\n|c| Rillamaui|tfw outstalled\n|c| Potatofromsinnoh|yeah\n|\n|t:|1700164398\n|move|p1a: Gliscor|Earthquake|p2a: Cradily\n|-damage|p2a: Cradily|70\/100 tox\n|move|p2a: Cradily|Infestation|p1a: Gliscor\n|-resisted|p1a: Gliscor\n|-damage|p1a: Gliscor|55\/100 tox\n|-activate|p1a: Gliscor|move: Infestation|[of] p2a: Cradily\n|\n|-damage|p1a: Gliscor|42\/100 tox|[from] Leech Seed|[of] p2a: Cradily\n|-heal|p2a: Cradily|82\/100 tox|[silent]\n|-heal|p1a: Gliscor|55\/100 tox|[from] ability: Poison Heal\n|-damage|p2a: Cradily|69\/100 tox|[from] psn\n|-damage|p1a: Gliscor|38\/100 tox|[from] move: Infestation|[partiallytrapped]\n|upkeep\n|turn|29\n|j| Aziz Le Bledart\n|\n|t:|1700164409\n|move|p1a: Gliscor|Earthquake|p2a: Cradily\n|-damage|p2a: Cradily|49\/100 tox\n|move|p2a: Cradily|Rest|p2a: Cradily\n|-status|p2a: Cradily|slp|[from] move: Rest\n|-heal|p2a: Cradily|100\/100 slp|[silent]\n|\n|-damage|p1a: Gliscor|26\/100 tox|[from] Leech Seed|[of] p2a: Cradily\n|-heal|p1a: Gliscor|38\/100 tox|[from] ability: Poison Heal\n|-damage|p1a: Gliscor|22\/100 tox|[from] move: Infestation|[partiallytrapped]\n|upkeep\n|turn|30\n|c| Potatofromsinnoh|this is just gliscor torture simulator\n|c|\u2606Epicgamergod69|contemplating not roosting\n|c| DarmanitanDLuffy|starting to see why shadow tag is banned\n|c|\u2606Epicgamergod69|just to get outta here\n|c|\u2606The power of ROCK|this is for you potato\n|c| Potatofromsinnoh|just let it die dude\n|c|\u2606The power of ROCK|enjoy every second\n|\n|t:|1700164432\n|move|p1a: Gliscor|Roost|p1a: Gliscor\n|-heal|p1a: Gliscor|72\/100 tox\n|-singleturn|p1a: Gliscor|move: Roost\n|cant|p2a: Cradily|slp\n|\n|-damage|p1a: Gliscor|59\/100 tox|[from] Leech Seed|[of] p2a: Cradily\n|-heal|p1a: Gliscor|72\/100 tox|[from] ability: Poison Heal\n|-damage|p1a: Gliscor|55\/100 tox|[from] move: Infestation|[partiallytrapped]\n|upkeep\n|turn|31\n|c| Rillamaui|just end the thing's suffering man\n|\n|t:|1700164446\n|move|p1a: Gliscor|Earthquake|p2a: Cradily\n|-damage|p2a: Cradily|78\/100 slp\n|cant|p2a: Cradily|slp\n|\n|-damage|p1a: Gliscor|43\/100 tox|[from] Leech Seed|[of] p2a: Cradily\n|-heal|p2a: Cradily|90\/100 slp|[silent]\n|-heal|p1a: Gliscor|55\/100 tox|[from] ability: Poison Heal\n|-damage|p1a: Gliscor|39\/100 tox|[from] move: Infestation|[partiallytrapped]\n|upkeep\n|turn|32\n|c| Potatofromsinnoh|egg is going to get invested by peta for animal abuse\n|\n|t:|1700164456\n|move|p1a: Gliscor|Earthquake|p2a: Cradily\n|-damage|p2a: Cradily|66\/100 slp\n|-curestatus|p2a: Cradily|slp|[msg]\n|move|p2a: Cradily|Infestation|p1a: Gliscor\n|-resisted|p1a: Gliscor\n|-damage|p1a: Gliscor|37\/100 tox\n|\n|-damage|p1a: Gliscor|25\/100 tox|[from] Leech Seed|[of] p2a: Cradily\n|-heal|p2a: Cradily|78\/100|[silent]\n|-heal|p1a: Gliscor|37\/100 tox|[from] ability: Poison Heal\n|-end|p1a: Gliscor|Infestation|[partiallytrapped]\n|upkeep\n|turn|33\n|c| bnuyen|im so glad this is my first experience watching a live showdown game\n|c|\u2606Epicgamergod69|the fact that i got zero eq crits\n|\n|t:|1700164479\n|move|p1a: Gliscor|Roost|p1a: Gliscor\n|-heal|p1a: Gliscor|87\/100 tox\n|-singleturn|p1a: Gliscor|move: Roost\n|move|p2a: Cradily|Infestation|p1a: Gliscor\n|-damage|p1a: Gliscor|84\/100 tox\n|-activate|p1a: Gliscor|move: Infestation|[of] p2a: Cradily\n|\n|-damage|p1a: Gliscor|72\/100 tox|[from] Leech Seed|[of] p2a: Cradily\n|-heal|p2a: Cradily|90\/100|[silent]\n|-heal|p1a: Gliscor|84\/100 tox|[from] ability: Poison Heal\n|-damage|p1a: Gliscor|68\/100 tox|[from] move: Infestation|[partiallytrapped]\n|upkeep\n|turn|34\n|c| DarmanitanDLuffy|1\/16 chance to crit\n|\n|t:|1700164491\n|move|p1a: Gliscor|Defog|p2a: Cradily\n|-unboost|p2a: Cradily|evasion|1\n|move|p2a: Cradily|Leech Seed||[still]\n|-fail|p2a: Cradily\n|\n|-damage|p1a: Gliscor|55\/100 tox|[from] Leech Seed|[of] p2a: Cradily\n|-heal|p2a: Cradily|100\/100|[silent]\n|-heal|p1a: Gliscor|68\/100 tox|[from] ability: Poison Heal\n|-damage|p1a: Gliscor|51\/100 tox|[from] move: Infestation|[partiallytrapped]\n|upkeep\n|turn|35\n|c| DarmanitanDLuffy|you only got like minorly unlucky\n|c| Potatofromsinnoh|we are 33 turns in and this mf still wont just sac glisc\n|c| Potatofromsinnoh|IT IS GOING TO DIE ANYWAYS\n|c| Potatofromsinnoh|LET IT\n|\n|t:|1700164504\n|move|p1a: Gliscor|Roost|p1a: Gliscor\n|-heal|p1a: Gliscor|100\/100 tox\n|-singleturn|p1a: Gliscor|move: Roost\n|move|p2a: Cradily|Leech Seed||[still]\n|-fail|p2a: Cradily\n|\n|-damage|p1a: Gliscor|88\/100 tox|[from] Leech Seed|[of] p2a: Cradily\n|-heal|p1a: Gliscor|100\/100 tox|[from] ability: Poison Heal\n|-damage|p1a: Gliscor|84\/100 tox|[from] move: Infestation|[partiallytrapped]\n|upkeep\n|turn|36\n|c|\u2606Epicgamergod69|nah i need him to lose the pp\n|\n|t:|1700164521\n|move|p1a: Gliscor|Toxic|p2a: Cradily\n|-status|p2a: Cradily|tox\n|move|p2a: Cradily|Block||[still]\n|-fail|p2a: Cradily\n|\n|-damage|p1a: Gliscor|72\/100 tox|[from] Leech Seed|[of] p2a: Cradily\n|-heal|p1a: Gliscor|84\/100 tox|[from] ability: Poison Heal\n|-damage|p2a: Cradily|94\/100 tox|[from] psn\n|-damage|p1a: Gliscor|68\/100 tox|[from] move: Infestation|[partiallytrapped]\n|upkeep\n|turn|37\n|c|\u2606The power of ROCK|i know thats why im using it equally\n|\n|t:|1700164534\n|move|p1a: Gliscor|Toxic|p2a: Cradily\n|-fail|p2a: Cradily|tox\n|move|p2a: Cradily|Leech Seed||[still]\n|-fail|p2a: Cradily\n|\n|-damage|p1a: Gliscor|55\/100 tox|[from] Leech Seed|[of] p2a: Cradily\n|-heal|p2a: Cradily|100\/100 tox|[silent]\n|-heal|p1a: Gliscor|68\/100 tox|[from] ability: Poison Heal\n|-damage|p2a: Cradily|88\/100 tox|[from] psn\n|-damage|p1a: Gliscor|51\/100 tox|[from] move: Infestation|[partiallytrapped]\n|upkeep\n|turn|38\n|c| DarmanitanDLuffy|didn't even notice the Havalugg\n|\n|t:|1700164543\n|move|p1a: Gliscor|Toxic|p2a: Cradily\n|-fail|p2a: Cradily|tox\n|move|p2a: Cradily|Infestation|p1a: Gliscor\n|-resisted|p1a: Gliscor\n|-damage|p1a: Gliscor|50\/100 tox\n|\n|-damage|p1a: Gliscor|37\/100 tox|[from] Leech Seed|[of] p2a: Cradily\n|-heal|p2a: Cradily|99\/100 tox|[silent]\n|-heal|p1a: Gliscor|50\/100 tox|[from] ability: Poison Heal\n|-damage|p2a: Cradily|82\/100 tox|[from] psn\n|-end|p1a: Gliscor|Infestation|[partiallytrapped]\n|upkeep\n|turn|39\n|c| DarmanitanDLuffy|there's no way that havalugg is the 6th best or most useful rock type here\n|c|\u2606Epicgamergod69|down no mons at 40 turns\n|c| Potatofromsinnoh|its ice moves\n|\n|t:|1700164567\n|move|p1a: Gliscor|Defog|p2a: Cradily\n|-unboost|p2a: Cradily|evasion|1\n|move|p2a: Cradily|Infestation|p1a: Gliscor\n|-resisted|p1a: Gliscor\n|-damage|p1a: Gliscor|48\/100 tox\n|-activate|p1a: Gliscor|move: Infestation|[of] p2a: Cradily\n|\n|-damage|p1a: Gliscor|36\/100 tox|[from] Leech Seed|[of] p2a: Cradily\n|-heal|p2a: Cradily|93\/100 tox|[silent]\n|-heal|p1a: Gliscor|48\/100 tox|[from] ability: Poison Heal\n|-damage|p2a: Cradily|69\/100 tox|[from] psn\n|-damage|p1a: Gliscor|32\/100 tox|[from] move: Infestation|[partiallytrapped]\n|upkeep\n|turn|40\n|c|\u2606The power of ROCK|alright guys let me explain\n|c|\u2606The power of ROCK|you know how ou banned gliscor right\n|c| Potatofromsinnoh|yeah\n|c| DarmanitanDLuffy|scor scor scor\n|c|\u2606The power of ROCK|well some people came to natdex using gliscor teams after\n|c| Aziz Le Bledart|this cradily set shouldn't exist im not gonna lie\n|c|\u2606The power of ROCK|and gave me hell\n|c|\u2606Epicgamergod69|they didnt have cradlilly\n|inactive|The power of ROCK has 120 seconds left.\n|c|\u2606The power of ROCK|so aalugg said nope\n|\n|t:|1700164603\n|move|p1a: Gliscor|Defog|p2a: Cradily\n|-unboost|p2a: Cradily|evasion|1\n|move|p2a: Cradily|Rest|p2a: Cradily\n|-status|p2a: Cradily|slp|[from] move: Rest\n|-heal|p2a: Cradily|100\/100 slp|[silent]\n|\n|-damage|p1a: Gliscor|19\/100 tox|[from] Leech Seed|[of] p2a: Cradily\n|-heal|p1a: Gliscor|32\/100 tox|[from] ability: Poison Heal\n|-damage|p1a: Gliscor|15\/100 tox|[from] move: Infestation|[partiallytrapped]\n|upkeep\n|turn|41\n|inactive|The power of ROCK has 120 seconds left.\n|c|\u2606The power of ROCK|any gliscor that escapes cradily gets dealt with avalugg\n|\n|t:|1700164617\n|move|p1a: Gliscor|Defog|p2a: Cradily\n|-unboost|p2a: Cradily|evasion|1\n|cant|p2a: Cradily|slp\n|\n|-damage|p1a: Gliscor|3\/100 tox|[from] Leech Seed|[of] p2a: Cradily\n|-heal|p1a: Gliscor|15\/100 tox|[from] ability: Poison Heal\n|-damage|p1a: Gliscor|0 fnt|[from] move: Infestation|[partiallytrapped]\n|faint|p1a: Gliscor\n|upkeep\n|c| DarmanitanDLuffy|can't mdiancie handle it\n|c| Potatofromsinnoh|rock how do you deal with physical walls\n|\n|t:|1700164624\n|switch|p1a: Garganacl|Garganacl, F|88\/100\n|turn|42\n|c|\u2606The power of ROCK|spoilers\n|\n|t:|1700164632\n|cant|p2a: Cradily|slp\n|move|p1a: Garganacl|Salt Cure|p2a: Cradily\n|-damage|p2a: Cradily|90\/100 slp\n|-start|p2a: Cradily|Salt Cure\n|\n|-heal|p1a: Garganacl|94\/100|[from] item: Leftovers\n|-damage|p2a: Cradily|78\/100 slp|[from] Salt Cure\n|upkeep\n|turn|43\n|\n|t:|1700164643\n|switch|p1a: Alomomola|Alomomola, M|100\/100\n|-curestatus|p2a: Cradily|slp|[msg]\n|move|p2a: Cradily|Leech Seed|p1a: Alomomola|[miss]\n|-miss|p2a: Cradily|p1a: Alomomola\n|\n|-damage|p2a: Cradily|65\/100|[from] Salt Cure\n|upkeep\n|turn|44\n|\n|t:|1700164652\n|switch|p2a: Glimmora|Glimmora, F|100\/100\n|move|p1a: Alomomola|Toxic|p2a: Glimmora\n|-immune|p2a: Glimmora\n|\n|upkeep\n|turn|45\n|\n|t:|1700164660\n|move|p2a: Glimmora|Spikes|p1a: Alomomola\n|-sidestart|p1: Epicgamergod69|Spikes\n|move|p1a: Alomomola|Flip Turn|p2a: Glimmora\n|-supereffective|p2a: Glimmora\n|-crit|p2a: Glimmora\n|-damage|p2a: Glimmora|45\/100\n|-activate|p2a: Glimmora|ability: Toxic Debris\n|-sidestart|p1: Epicgamergod69|move: Toxic Spikes\n|c| bnuyen|mega aggron can deal with pretty much any non banded physical attacker\n|c|\u2606Epicgamergod69|W\n|c| bnuyen|or at least get valuable chip on most\n|\n|t:|1700164675\n|switch|p1a: Chansey|Chansey, F|100\/100|[from] Flip Turn\n|-damage|p1a: Chansey|88\/100|[from] Spikes\n|-status|p1a: Chansey|psn\n|\n|-damage|p1a: Chansey|76\/100 psn|[from] psn\n|upkeep\n|turn|46\n|\n|t:|1700164681\n|move|p2a: Glimmora|Spikes|p1a: Chansey\n|-sidestart|p1: Epicgamergod69|Spikes\n|move|p1a: Chansey|Seismic Toss|p2a: Glimmora\n|-damage|p2a: Glimmora|13\/100\n|-activate|p2a: Glimmora|ability: Toxic Debris\n|-sidestart|p1: Epicgamergod69|move: Toxic Spikes\n|\n|-damage|p1a: Chansey|63\/100 psn|[from] psn\n|upkeep\n|turn|47\n|c|\u2606The power of ROCK|so worth\n|\n|t:|1700164690\n|move|p2a: Glimmora|Spikes|p1a: Chansey\n|-sidestart|p1: Epicgamergod69|Spikes\n|move|p1a: Chansey|Seismic Toss|p2a: Glimmora\n|-damage|p2a: Glimmora|0 fnt\n|faint|p2a: Glimmora\n|\n|-damage|p1a: Chansey|51\/100 psn|[from] psn\n|upkeep\n|c|\u2606The power of ROCK|im getting all them layers\n|\n|t:|1700164699\n|switch|p2a: Tyranitar|Tyranitar, F|100\/100\n|-weather|Sandstorm|[from] ability: Sand Stream|[of] p2a: Tyranitar\n|turn|48\n|c| Potatofromsinnoh|hold on guys\n|c| DarmanitanDLuffy|it's joever\n|l| its for fun lol\n|c| Rillamaui|sneaky pebbles\n|inactive|Epicgamergod69 has 90 seconds left.\n|\n|t:|1700164711\n|-curestatus|p1a: Chansey|psn|[from] ability: Natural Cure\n|switch|p1a: Alomomola|Alomomola, M|100\/100\n|move|p2a: Tyranitar|Knock Off|p1a: Alomomola\n|-damage|p1a: Alomomola|75\/100\n|-enditem|p1a: Alomomola|Heavy-Duty Boots|[from] move: Knock Off|[of] p2a: Tyranitar\n|\n|-weather|Sandstorm|[upkeep]\n|-damage|p1a: Alomomola|69\/100|[from] Sandstorm\n|upkeep\n|turn|49\n|c| Potatofromsinnoh|im currently sneezing\n|c| bnuyen|its so joever\n|inactive|Epicgamergod69 has 90 seconds left.\n|\n|t:|1700164724\n|switch|p2a: Cradily|Cradily, F|65\/100\n|move|p1a: Alomomola|Toxic|p2a: Cradily\n|-status|p2a: Cradily|tox\n|\n|-weather|Sandstorm|[upkeep]\n|-damage|p1a: Alomomola|63\/100|[from] Sandstorm\n|-damage|p2a: Cradily|59\/100 tox|[from] psn\n|upkeep\n|turn|50\n|\n|t:|1700164734\n|move|p1a: Alomomola|Wish|p1a: Alomomola\n|move|p2a: Cradily|Infestation|p1a: Alomomola\n|-damage|p1a: Alomomola|60\/100\n|-activate|p1a: Alomomola|move: Infestation|[of] p2a: Cradily\n|\n|-weather|Sandstorm|[upkeep]\n|-damage|p1a: Alomomola|54\/100|[from] Sandstorm\n|-damage|p2a: Cradily|47\/100 tox|[from] psn\n|-damage|p1a: Alomomola|37\/100|[from] move: Infestation|[partiallytrapped]\n|upkeep\n|turn|51\n|c| Potatofromsinnoh|DO IT AGAIN\n|c| bnuyen|ITS JOEVER\n|inactive|Epicgamergod69 has 90 seconds left.\n|\n|t:|1700164753\n|move|p1a: Alomomola|Protect|p1a: Alomomola\n|-singleturn|p1a: Alomomola|Protect\n|move|p2a: Cradily|Block|p1a: Alomomola\n|-activate|p1a: Alomomola|trapped\n|\n|-weather|Sandstorm|[upkeep]\n|-damage|p1a: Alomomola|31\/100|[from] Sandstorm\n|-heal|p1a: Alomomola|81\/100|[from] move: Wish|[wisher] Alomomola\n|-damage|p2a: Cradily|28\/100 tox|[from] psn\n|-damage|p1a: Alomomola|64\/100|[from] move: Infestation|[partiallytrapped]\n|upkeep\n|turn|52\n|c| Rillamaui|DEATH AND DESPAIR\n|c|\u2606Epicgamergod69|im fr the nd antagonist rn\n|inactive|Epicgamergod69 has 90 seconds left.\n|c|\u2606The power of ROCK|xD\n|\n|t:|1700164771\n|move|p1a: Alomomola|Flip Turn|p2a: Cradily\n|-ability|p2a: Cradily|Storm Drain|boost\n|-boost|p2a: Cradily|spa|1\n|move|p2a: Cradily|Leech Seed|p1a: Alomomola\n|-start|p1a: Alomomola|move: Leech Seed\n|\n|-weather|none\n|-damage|p1a: Alomomola|52\/100|[from] Leech Seed|[of] p2a: Cradily\n|-heal|p2a: Cradily|44\/100 tox|[silent]\n|-damage|p2a: Cradily|20\/100 tox|[from] psn\n|-damage|p1a: Alomomola|35\/100|[from] move: Infestation|[partiallytrapped]\n|upkeep\n|turn|53\n|c| Potatofromsinnoh|Lmao\n|c| DarmanitanDLuffy|shlawg\n|inactive|Epicgamergod69 has 90 seconds left.\n|c|\u2606Epicgamergod69|oh right\n|c| Rillamaui|you're fighting a roided up Brock\n|c| Rillamaui|what do you expect lmao\n|c|\u2606The power of ROCK|xD\n|\n|t:|1700164790\n|move|p1a: Alomomola|Wish|p1a: Alomomola\n|move|p2a: Cradily|Rest|p2a: Cradily\n|-status|p2a: Cradily|slp|[from] move: Rest\n|-heal|p2a: Cradily|100\/100 slp|[silent]\n|\n|-damage|p1a: Alomomola|23\/100|[from] Leech Seed|[of] p2a: Cradily\n|-damage|p1a: Alomomola|6\/100|[from] move: Infestation|[partiallytrapped]\n|upkeep\n|turn|54\n|c| Potatofromsinnoh|its over\n|c| Potatofromsinnoh|lmao\n|\n|t:|1700164810\n|move|p1a: Alomomola|Flip Turn|p2a: Cradily\n|-ability|p2a: Cradily|Storm Drain|boost\n|-boost|p2a: Cradily|spa|1\n|cant|p2a: Cradily|slp\n|\n|-heal|p1a: Alomomola|56\/100|[from] move: Wish|[wisher] Alomomola\n|-damage|p1a: Alomomola|44\/100|[from] Leech Seed|[of] p2a: Cradily\n|-damage|p1a: Alomomola|27\/100|[from] move: Infestation|[partiallytrapped]\n|upkeep\n|turn|55\n|c| bnuyen|oh my god\n|\n|t:|1700164825\n|move|p1a: Alomomola|Toxic||[still]\n|-fail|p1a: Alomomola\n|cant|p2a: Cradily|slp\n|\n|-damage|p1a: Alomomola|15\/100|[from] Leech Seed|[of] p2a: Cradily\n|-end|p1a: Alomomola|Infestation|[partiallytrapped]\n|upkeep\n|turn|56\n|c| Aziz Le Bledart|bro really got 6-0d by a cradily\n|\n|t:|1700164833\n|move|p1a: Alomomola|Wish|p1a: Alomomola\n|-curestatus|p2a: Cradily|slp|[msg]\n|move|p2a: Cradily|Infestation|p1a: Alomomola\n|-damage|p1a: Alomomola|9\/100\n|-activate|p1a: Alomomola|move: Infestation|[of] p2a: Cradily\n|\n|-damage|p1a: Alomomola|0 fnt|[from] Leech Seed|[of] p2a: Cradily\n|faint|p1a: Alomomola\n|upkeep\n|c| Potatofromsinnoh|not necessariky\n|\n|t:|1700164839\n|switch|p1a: Dondozo|Dondozo, F|100\/100\n|-damage|p1a: Dondozo|76\/100|[from] Spikes\n|-status|p1a: Dondozo|tox\n|turn|57\n|c| Potatofromsinnoh|cradily doesnt have the pp for it\n|\n|t:|1700164848\n|-terastallize|p1a: Dondozo|Dragon\n|move|p2a: Cradily|Infestation|p1a: Dondozo\n|-damage|p1a: Dondozo|73\/100 tox\n|-activate|p1a: Dondozo|move: Infestation|[of] p2a: Cradily\n|move|p1a: Dondozo|Body Press|p2a: Cradily\n|-supereffective|p2a: Cradily\n|-damage|p2a: Cradily|64\/100\n|\n|-heal|p1a: Dondozo|100\/100 tox|[from] move: Wish|[wisher] Alomomola\n|-damage|p1a: Dondozo|94\/100 tox|[from] psn\n|-damage|p1a: Dondozo|78\/100 tox|[from] move: Infestation|[partiallytrapped]\n|upkeep\n|turn|58\n|inactive|Epicgamergod69 has 90 seconds left.\n|c|\u2606The power of ROCK|r u sure about that\n|\n|t:|1700164860\n|move|p2a: Cradily|Leech Seed|p1a: Dondozo\n|-start|p1a: Dondozo|move: Leech Seed\n|move|p1a: Dondozo|Rest|p1a: Dondozo\n|-status|p1a: Dondozo|slp|[from] move: Rest\n|-heal|p1a: Dondozo|100\/100 slp|[silent]\n|\n|-damage|p1a: Dondozo|88\/100 slp|[from] Leech Seed|[of] p2a: Cradily\n|-heal|p2a: Cradily|79\/100|[silent]\n|-damage|p1a: Dondozo|72\/100 slp|[from] move: Infestation|[partiallytrapped]\n|upkeep\n|turn|59\n|c| Potatofromsinnoh|i mean\n|inactive|Epicgamergod69 has 90 seconds left.\n|\n|t:|1700164868\n|move|p2a: Cradily|Block|p1a: Dondozo\n|-activate|p1a: Dondozo|trapped\n|cant|p1a: Dondozo|slp\n|move|p1a: Dondozo|Sleep Talk|p1a: Dondozo\n|move|p1a: Dondozo|Body Press|p2a: Cradily|[from]move: Sleep Talk\n|-supereffective|p2a: Cradily\n|-damage|p2a: Cradily|44\/100\n|\n|-heal|p1a: Dondozo|78\/100 slp|[from] item: Leftovers\n|-damage|p1a: Dondozo|65\/100 slp|[from] Leech Seed|[of] p2a: Cradily\n|-heal|p2a: Cradily|59\/100|[silent]\n|-damage|p1a: Dondozo|49\/100 slp|[from] move: Infestation|[partiallytrapped]\n|upkeep\n|turn|60\n|c| bnuyen|can anything simply survive this\n|inactive|Epicgamergod69 has 90 seconds left.\n|c| DarmanitanDLuffy|this is arguably the worst game of all time\n|c| Potatofromsinnoh|a setup mon could\n|\n|t:|1700164887\n|move|p2a: Cradily|Rest|p2a: Cradily\n|-status|p2a: Cradily|slp|[from] move: Rest\n|-heal|p2a: Cradily|100\/100 slp|[silent]\n|cant|p1a: Dondozo|slp\n|move|p1a: Dondozo|Sleep Talk|p1a: Dondozo\n|move|p1a: Dondozo|Liquidation|p2a: Cradily|[from]move: Sleep Talk\n|-ability|p2a: Cradily|Storm Drain|boost\n|-boost|p2a: Cradily|spa|1\n|\n|-heal|p1a: Dondozo|55\/100 slp|[from] item: Leftovers\n|-damage|p1a: Dondozo|42\/100 slp|[from] Leech Seed|[of] p2a: Cradily\n|-damage|p1a: Dondozo|26\/100 slp|[from] move: Infestation|[partiallytrapped]\n|upkeep\n|turn|61\n|inactive|Epicgamergod69 has 90 seconds left.\n|c| Potatofromsinnoh|something with substitute\n|c|\u2606Epicgamergod69|bouta run sd gliscor\n|c|\u2606Epicgamergod69|semistall\n|c|\u2606The power of ROCK|xD\n|\n|t:|1700164911\n|cant|p2a: Cradily|slp\n|-curestatus|p1a: Dondozo|slp|[msg]\n|move|p1a: Dondozo|Rest|p1a: Dondozo\n|-status|p1a: Dondozo|slp|[from] move: Rest\n|-heal|p1a: Dondozo|100\/100 slp|[silent]\n|\n|-damage|p1a: Dondozo|88\/100 slp|[from] Leech Seed|[of] p2a: Cradily\n|-end|p1a: Dondozo|Infestation|[partiallytrapped]\n|upkeep\n|turn|62\n|c|\u2606The power of ROCK|SD gliscor won't beat this\n|c|\u2606The power of ROCK|but taunt gliscor\n|c|\u2606The power of ROCK|shuts down my team\n|c|\u2606The power of ROCK|except\n|c|\u2606The power of ROCK|avalugg\n|c|\u2606The power of ROCK|thats why i use it now\n|c| Potatofromsinnoh|which is AV probably, right?\n|inactive|The power of ROCK has 120 seconds left.\n|\n|t:|1700164949\n|switch|p2a: Garganacl|Garganacl, M, tera:Ghost|78\/100\n|cant|p1a: Dondozo|slp\n|move|p1a: Dondozo|Sleep Talk|p1a: Dondozo\n|move|p1a: Dondozo|Rest||[from]move: Sleep Talk|[still]\n|-fail|p1a: Dondozo\n|\n|-heal|p1a: Dondozo|94\/100 slp|[from] item: Leftovers\n|-damage|p1a: Dondozo|82\/100 slp|[from] Leech Seed|[of] p2a: Garganacl\n|-heal|p2a: Garganacl|92\/100|[silent]\n|upkeep\n|turn|63\n|c|\u2606The power of ROCK|i think all i got to do now is click salt cure\n|c|\u2606Epicgamergod69|sd brick bread gliscor\n|\n|t:|1700164974\n|switch|p1a: Garganacl|Garganacl, F|94\/100\n|-damage|p1a: Garganacl|69\/100|[from] Spikes\n|move|p2a: Garganacl|Salt Cure|p1a: Garganacl\n|-damage|p1a: Garganacl|59\/100\n|-start|p1a: Garganacl|Salt Cure\n|\n|-heal|p1a: Garganacl|66\/100|[from] item: Leftovers\n|-damage|p1a: Garganacl|53\/100|[from] Salt Cure\n|upkeep\n|turn|64\n|c|\u2606Epicgamergod69|trust\n|c|\u2606Epicgamergod69|its real\n|inactive|Epicgamergod69 has 60 seconds left.\n|\n|t:|1700164990\n|move|p2a: Garganacl|Iron Defense|p2a: Garganacl\n|-boost|p2a: Garganacl|def|2\n|move|p1a: Garganacl|Salt Cure|p2a: Garganacl\n|-damage|p2a: Garganacl|87\/100\n|-start|p2a: Garganacl|Salt Cure\n|\n|-heal|p1a: Garganacl|59\/100|[from] item: Leftovers\n|-damage|p1a: Garganacl|47\/100|[from] Salt Cure\n|-damage|p2a: Garganacl|75\/100|[from] Salt Cure\n|upkeep\n|turn|65\n|c| bnuyen|the gargdown\n|inactive|Epicgamergod69 has 60 seconds left.\n|\n|t:|1700165001\n|switch|p1a: Sableye|Sableye, F|100\/100\n|-damage|p1a: Sableye|76\/100|[from] Spikes\n|-status|p1a: Sableye|tox\n|move|p2a: Garganacl|Body Press|p1a: Sableye\n|-immune|p1a: Sableye\n|\n|-damage|p1a: Sableye|70\/100 tox|[from] psn\n|-damage|p2a: Garganacl|63\/100|[from] Salt Cure\n|upkeep\n|turn|66\n|\n|t:|1700165007\n|switch|p2a: Tyranitar|Tyranitar, F|100\/100\n|-weather|Sandstorm|[from] ability: Sand Stream|[of] p2a: Tyranitar\n|move|p1a: Sableye|Protect||[still]\n|-fail|p1a: Sableye\n|\n|-weather|Sandstorm|[upkeep]\n|-damage|p1a: Sableye|64\/100 tox|[from] Sandstorm\n|-damage|p1a: Sableye|52\/100 tox|[from] psn\n|upkeep\n|turn|67\n|c|\u2606Epicgamergod69|gonna lose\n|inactive|Epicgamergod69 has 60 seconds left.\n|c| Potatofromsinnoh|no shit\n|c|\u2606Epicgamergod69|just need to waste time\n|c| Potatofromsinnoh|you dont say\n|c| Rillamaui|dont be rude about it man\n|c| Rillamaui|he's being a good sport\n|c|\u2606The power of ROCK|yeah\n|raw|<div class=\"broadcast-red\"><strong>Moderated chat was set to \u2606!<\/strong><br \/>Only users of rank \u2606 and higher can talk.<\/div>\n|inactive|Epicgamergod69 has 30 seconds left.\n|c|\u2606Epicgamergod69|stfu\n|c|\u2606The power of ROCK|xD\n|\n|t:|1700165061\n|switch|p2a: Cradily|Cradily, F|100\/100 slp\n|move|p1a: Sableye|Protect||[still]\n|-fail|p1a: Sableye\n|\n|-weather|Sandstorm|[upkeep]\n|-damage|p1a: Sableye|46\/100 tox|[from] Sandstorm\n|-damage|p1a: Sableye|28\/100 tox|[from] psn\n|upkeep\n|turn|68\n|inactive|Epicgamergod69 has 30 seconds left.\n|\n|t:|1700165075\n|move|p1a: Sableye|Recover|p1a: Sableye\n|-heal|p1a: Sableye|78\/100 tox\n|cant|p2a: Cradily|slp\n|\n|-weather|Sandstorm|[upkeep]\n|-damage|p1a: Sableye|72\/100 tox|[from] Sandstorm\n|-damage|p1a: Sableye|49\/100 tox|[from] psn\n|upkeep\n|turn|69\n|inactive|Epicgamergod69 has 30 seconds left.\n|\n|t:|1700165089\n|switch|p1a: Chansey|Chansey, F|51\/100\n|-damage|p1a: Chansey|26\/100|[from] Spikes\n|-status|p1a: Chansey|tox\n|-curestatus|p2a: Cradily|slp|[msg]\n|move|p2a: Cradily|Infestation|p1a: Chansey\n|-damage|p1a: Chansey|25\/100 tox\n|-activate|p1a: Chansey|move: Infestation|[of] p2a: Cradily\n|\n|-weather|Sandstorm|[upkeep]\n|-damage|p1a: Chansey|19\/100 tox|[from] Sandstorm\n|-damage|p1a: Chansey|13\/100 tox|[from] psn\n|-damage|p1a: Chansey|0 fnt|[from] move: Infestation|[partiallytrapped]\n|faint|p1a: Chansey\n|upkeep\n|inactive|Epicgamergod69 has 30 seconds left this turn.\n|\n|t:|1700165099\n|switch|p1a: Dondozo|Dondozo, F, tera:Dragon|82\/100 slp\n|-damage|p1a: Dondozo|57\/100 slp|[from] Spikes\n|turn|70\n|inactive|Epicgamergod69 has 30 seconds left.\n|\n|t:|1700165111\n|move|p2a: Cradily|Leech Seed|p1a: Dondozo\n|-start|p1a: Dondozo|move: Leech Seed\n|cant|p1a: Dondozo|slp\n|move|p1a: Dondozo|Sleep Talk|p1a: Dondozo\n|move|p1a: Dondozo|Body Press|p2a: Cradily|[from]move: Sleep Talk\n|-supereffective|p2a: Cradily\n|-damage|p2a: Cradily|69\/100\n|\n|-weather|none\n|-heal|p1a: Dondozo|63\/100 slp|[from] item: Leftovers\n|-damage|p1a: Dondozo|50\/100 slp|[from] Leech Seed|[of] p2a: Cradily\n|-heal|p2a: Cradily|83\/100|[silent]\n|upkeep\n|turn|71\n|inactive|Epicgamergod69 has 30 seconds left.\n|raw|<div class=\"broadcast-blue\"><strong>Moderated chat was disabled!<\/strong><br \/>Anyone may talk now.<\/div>\n|c| Aziz Le Bledart|the cradily literally 6-0d lmao\n|\n|t:|1700165131\n|switch|p2a: Garganacl|Garganacl, M, tera:Ghost|63\/100\n|-curestatus|p1a: Dondozo|slp|[msg]\n|move|p1a: Dondozo|Body Press|p2a: Garganacl\n|-immune|p2a: Garganacl\n|\n|-heal|p1a: Dondozo|57\/100|[from] item: Leftovers\n|-damage|p1a: Dondozo|44\/100|[from] Leech Seed|[of] p2a: Garganacl\n|-heal|p2a: Garganacl|76\/100|[silent]\n|upkeep\n|turn|72\n|inactive|Epicgamergod69 has 30 seconds left.\n|c| Aziz Le Bledart|bruh you couldve just mega evolved sableye\n|c| Aziz Le Bledart|and none of this would happen\n|c|\u2606Epicgamergod69|stfu\n|inactive|Epicgamergod69 has 20 seconds left.\n|c| Aziz Le Bledart|no\n|inactive|Epicgamergod69 has 15 seconds left.\n|raw|<div class=\"broadcast-red\"><strong>Moderated chat was set to \u2606!<\/strong><br \/>Only users of rank \u2606 and higher can talk.<\/div>\n|c|\u2606Epicgamergod69|yes\n|inactive|Epicgamergod69 has 10 seconds left.\n|\n|t:|1700165159\n|move|p1a: Dondozo|Rest|p1a: Dondozo\n|-status|p1a: Dondozo|slp|[from] move: Rest\n|-heal|p1a: Dondozo|100\/100 slp|[silent]\n|move|p2a: Garganacl|Iron Defense|p2a: Garganacl\n|-boost|p2a: Garganacl|def|2\n|\n|-damage|p1a: Dondozo|88\/100 slp|[from] Leech Seed|[of] p2a: Garganacl\n|-heal|p2a: Garganacl|90\/100|[silent]\n|upkeep\n|turn|73\n|inactive|Epicgamergod69 has 20 seconds left this turn.\n|c|\u2606The power of ROCK|you guys deserving that mod chat tbh\n|inactive|Epicgamergod69 has 15 seconds left.\n|inactive|Epicgamergod69 has 10 seconds left.\n|\n|t:|1700165170\n|move|p2a: Garganacl|Salt Cure|p1a: Dondozo\n|-damage|p1a: Dondozo|80\/100 slp\n|-start|p1a: Dondozo|Salt Cure\n|cant|p1a: Dondozo|slp\n|\n|-heal|p1a: Dondozo|86\/100 slp|[from] item: Leftovers\n|-damage|p1a: Dondozo|74\/100 slp|[from] Leech Seed|[of] p2a: Garganacl\n|-heal|p2a: Garganacl|100\/100|[silent]\n|-damage|p1a: Dondozo|61\/100 slp|[from] Salt Cure\n|upkeep\n|turn|74\n|inactive|Epicgamergod69 has 20 seconds left this turn.\n|inactive|Epicgamergod69 has 15 seconds left.\n|\n|t:|1700165178\n|move|p2a: Garganacl|Salt Cure|p1a: Dondozo\n|-damage|p1a: Dondozo|54\/100 slp\n|cant|p1a: Dondozo|slp\n|\n|-heal|p1a: Dondozo|60\/100 slp|[from] item: Leftovers\n|-damage|p1a: Dondozo|47\/100 slp|[from] Leech Seed|[of] p2a: Garganacl\n|-damage|p1a: Dondozo|35\/100 slp|[from] Salt Cure\n|upkeep\n|turn|75\n|inactive|Epicgamergod69 has 25 seconds left this turn.\n|inactive|Epicgamergod69 has 20 seconds left.\n|\n|t:|1700165186\n|move|p2a: Garganacl|Body Press|p1a: Dondozo\n|-damage|p1a: Dondozo|23\/100 slp\n|-curestatus|p1a: Dondozo|slp|[msg]\n|move|p1a: Dondozo|Liquidation|p2a: Garganacl\n|-damage|p2a: Garganacl|81\/100\n|\n|-heal|p1a: Dondozo|29\/100|[from] item: Leftovers\n|-damage|p1a: Dondozo|17\/100|[from] Leech Seed|[of] p2a: Garganacl\n|-heal|p2a: Garganacl|95\/100|[silent]\n|-damage|p1a: Dondozo|4\/100|[from] Salt Cure\n|upkeep\n|turn|76\n|inactive|Epicgamergod69 has 30 seconds left this turn.\n|\n|t:|1700165195\n|move|p1a: Dondozo|Rest|p1a: Dondozo\n|-status|p1a: Dondozo|slp|[from] move: Rest\n|-heal|p1a: Dondozo|100\/100 slp|[silent]\n|move|p2a: Garganacl|Body Press|p1a: Dondozo\n|-damage|p1a: Dondozo|87\/100 slp\n|\n|-heal|p1a: Dondozo|93\/100 slp|[from] item: Leftovers\n|-damage|p1a: Dondozo|81\/100 slp|[from] Leech Seed|[of] p2a: Garganacl\n|-heal|p2a: Garganacl|100\/100|[silent]\n|-damage|p1a: Dondozo|68\/100 slp|[from] Salt Cure\n|upkeep\n|turn|77\n|inactive|Epicgamergod69 has 30 seconds left.\n|c|\u2606Epicgamergod69|speed tie\n|c|\u2606Epicgamergod69|lol\n|inactive|Epicgamergod69 has 20 seconds left.\n|\n|t:|1700165211\n|move|p2a: Garganacl|Body Press|p1a: Dondozo\n|-damage|p1a: Dondozo|56\/100 slp\n|cant|p1a: Dondozo|slp\n|move|p1a: Dondozo|Sleep Talk|p1a: Dondozo\n|move|p1a: Dondozo|Liquidation|p2a: Garganacl|[from]move: Sleep Talk\n|-damage|p2a: Garganacl|81\/100\n|\n|-heal|p1a: Dondozo|62\/100 slp|[from] item: Leftovers\n|-damage|p1a: Dondozo|50\/100 slp|[from] Leech Seed|[of] p2a: Garganacl\n|-heal|p2a: Garganacl|95\/100|[silent]\n|-damage|p1a: Dondozo|38\/100 slp|[from] Salt Cure\n|upkeep\n|turn|78\n|inactive|Epicgamergod69 has 30 seconds left this turn.\n|c|\u2606The power of ROCK|its cool xD\n|inactive|Epicgamergod69 has 20 seconds left.\n|\n|t:|1700165222\n|cant|p1a: Dondozo|slp\n|move|p1a: Dondozo|Sleep Talk|p1a: Dondozo\n|move|p1a: Dondozo|Body Press|p2a: Garganacl|[from]move: Sleep Talk\n|-immune|p2a: Garganacl\n|move|p2a: Garganacl|Iron Defense|p2a: Garganacl\n|-boost|p2a: Garganacl|def|2\n|\n|-heal|p1a: Dondozo|44\/100 slp|[from] item: Leftovers\n|-damage|p1a: Dondozo|31\/100 slp|[from] Leech Seed|[of] p2a: Garganacl\n|-heal|p2a: Garganacl|100\/100|[silent]\n|-damage|p1a: Dondozo|19\/100 slp|[from] Salt Cure\n|upkeep\n|turn|79\n|inactive|Epicgamergod69 has 30 seconds left this turn.\n|\n|t:|1700165229\n|-curestatus|p1a: Dondozo|slp|[msg]\n|move|p1a: Dondozo|Rest|p1a: Dondozo\n|-status|p1a: Dondozo|slp|[from] move: Rest\n|-heal|p1a: Dondozo|100\/100 slp|[silent]\n|move|p2a: Garganacl|Iron Defense|p2a: Garganacl\n|-boost|p2a: Garganacl|def|2\n|\n|-damage|p1a: Dondozo|88\/100 slp|[from] Leech Seed|[of] p2a: Garganacl\n|-damage|p1a: Dondozo|76\/100 slp|[from] Salt Cure\n|upkeep\n|turn|80\n|inactive|Epicgamergod69 has 30 seconds left.\n|c|\u2606Epicgamergod69|again????\n|\n|t:|1700165243\n|cant|p1a: Dondozo|slp\n|move|p1a: Dondozo|Sleep Talk|p1a: Dondozo\n|move|p1a: Dondozo|Body Press|p2a: Garganacl|[from]move: Sleep Talk\n|-immune|p2a: Garganacl\n|move|p2a: Garganacl|Salt Cure|p1a: Dondozo\n|-damage|p1a: Dondozo|68\/100 slp\n|\n|-heal|p1a: Dondozo|74\/100 slp|[from] item: Leftovers\n|-damage|p1a: Dondozo|62\/100 slp|[from] Leech Seed|[of] p2a: Garganacl\n|-damage|p1a: Dondozo|49\/100 slp|[from] Salt Cure\n|upkeep\n|turn|81\n|inactive|Epicgamergod69 has 30 seconds left.\n|\n|t:|1700165252\n|move|p2a: Garganacl|Salt Cure|p1a: Dondozo\n|-damage|p1a: Dondozo|41\/100 slp\n|cant|p1a: Dondozo|slp\n|move|p1a: Dondozo|Sleep Talk|p1a: Dondozo\n|move|p1a: Dondozo|Body Press|p2a: Garganacl|[from]move: Sleep Talk\n|-immune|p2a: Garganacl\n|\n|-heal|p1a: Dondozo|47\/100 slp|[from] item: Leftovers\n|-damage|p1a: Dondozo|35\/100 slp|[from] Leech Seed|[of] p2a: Garganacl\n|-damage|p1a: Dondozo|22\/100 slp|[from] Salt Cure\n|upkeep\n|turn|82\n|\n|t:|1700165261\n|move|p2a: Garganacl|Iron Defense|p2a: Garganacl\n|-boost|p2a: Garganacl|def|0\n|-curestatus|p1a: Dondozo|slp|[msg]\n|move|p1a: Dondozo|Rest|p1a: Dondozo\n|-status|p1a: Dondozo|slp|[from] move: Rest\n|-heal|p1a: Dondozo|100\/100 slp|[silent]\n|\n|-damage|p1a: Dondozo|88\/100 slp|[from] Leech Seed|[of] p2a: Garganacl\n|-damage|p1a: Dondozo|76\/100 slp|[from] Salt Cure\n|upkeep\n|turn|83\n|\n|t:|1700165275\n|cant|p1a: Dondozo|slp\n|move|p1a: Dondozo|Sleep Talk|p1a: Dondozo\n|move|p1a: Dondozo|Body Press|p2a: Garganacl|[from]move: Sleep Talk\n|-immune|p2a: Garganacl\n|move|p2a: Garganacl|Salt Cure|p1a: Dondozo\n|-crit|p1a: Dondozo\n|-damage|p1a: Dondozo|65\/100 slp\n|\n|-heal|p1a: Dondozo|71\/100 slp|[from] item: Leftovers\n|-damage|p1a: Dondozo|58\/100 slp|[from] Leech Seed|[of] p2a: Garganacl\n|-damage|p1a: Dondozo|46\/100 slp|[from] Salt Cure\n|upkeep\n|turn|84\n|inactive|Epicgamergod69 has 30 seconds left.\n|inactive|Epicgamergod69 has 20 seconds left.\n|\n|t:|1700165302\n|move|p2a: Garganacl|Body Press|p1a: Dondozo\n|-damage|p1a: Dondozo|32\/100 slp\n|cant|p1a: Dondozo|slp\n|move|p1a: Dondozo|Sleep Talk|p1a: Dondozo\n|move|p1a: Dondozo|Body Press|p2a: Garganacl|[from]move: Sleep Talk\n|-immune|p2a: Garganacl\n|\n|-heal|p1a: Dondozo|38\/100 slp|[from] item: Leftovers\n|-damage|p1a: Dondozo|25\/100 slp|[from] Leech Seed|[of] p2a: Garganacl\n|-damage|p1a: Dondozo|13\/100 slp|[from] Salt Cure\n|upkeep\n|turn|85\n|inactive|Epicgamergod69 has 30 seconds left this turn.\n|inactive|Epicgamergod69 has 20 seconds left.\n|inactive|Epicgamergod69 has 15 seconds left.\n|\n|t:|1700165318\n|-curestatus|p1a: Dondozo|slp|[msg]\n|move|p1a: Dondozo|Rest|p1a: Dondozo\n|-status|p1a: Dondozo|slp|[from] move: Rest\n|-heal|p1a: Dondozo|100\/100 slp|[silent]\n|move|p2a: Garganacl|Body Press|p1a: Dondozo\n|-damage|p1a: Dondozo|88\/100 slp\n|\n|-heal|p1a: Dondozo|94\/100 slp|[from] item: Leftovers\n|-damage|p1a: Dondozo|81\/100 slp|[from] Leech Seed|[of] p2a: Garganacl\n|-damage|p1a: Dondozo|69\/100 slp|[from] Salt Cure\n|upkeep\n|turn|86\n|inactive|Epicgamergod69 has 25 seconds left this turn.\n|c|\u2606The power of ROCK|if im faster its over\n|inactive|Epicgamergod69 has 20 seconds left.\n|c|\u2606The power of ROCK|OOF\n|inactive|Epicgamergod69 has 15 seconds left.\n|c|\u2606The power of ROCK|!DT dondozo\n|raw|<div class=\"message\"><ul class=\"utilichart\"><li class=\"result\"><span class=\"col numcol\">UUBL<\/span> <span class=\"col iconcol\"><psicon pokemon=\"dondozo\"\/><\/span> <span class=\"col pokemonnamecol\" style=\"white-space:nowrap\"><a href=\"https:\/\/dex.pokemonshowdown.com\/pokemon\/dondozo\" target=\"_blank\">Dondozo<\/a><\/span> <span class=\"col typecol\"><img src=\"https:\/\/play.pokemonshowdown.com\/sprites\/types\/Water.png\" alt=\"Water\" height=\"14\" width=\"32\"><\/span> <span style=\"float:left;min-height:26px\"><span class=\"col twoabilitycol\">Unaware<br \/>Oblivious<\/span><span class=\"col abilitycol\"><em>Water Veil<\/em><\/span><\/span><span style=\"float:left;min-height:26px\"><span class=\"col statcol\"><em>HP<\/em><br \/>150<\/span> <span class=\"col statcol\"><em>Atk<\/em><br \/>100<\/span> <span class=\"col statcol\"><em>Def<\/em><br \/>115<\/span> <span class=\"col statcol\"><em>SpA<\/em><br \/>65<\/span> <span class=\"col statcol\"><em>SpD<\/em><br \/>65<\/span> <span class=\"col statcol\"><em>Spe<\/em><br \/>35<\/span> <span class=\"col bstcol\"><em>BST<br \/>530<\/em><\/span> <\/span><\/li><li style=\"clear:both\"><\/li><\/ul><\/div>\n|raw|<font size=\"1\"><font color=\"#686868\">Dex#:<\/font> 977&nbsp;|&ThickSpace;<font color=\"#686868\">Gen:<\/font> 9&nbsp;|&ThickSpace;<font color=\"#686868\">Height:<\/font> 12 m&nbsp;|&ThickSpace;<font color=\"#686868\">Weight:<\/font> 220 kg <em>(120 BP)<\/em>&nbsp;|&ThickSpace;<font color=\"#686868\">Dex Colour:<\/font> Blue&nbsp;|&ThickSpace;<font color=\"#686868\">Egg Group(s):<\/font> Water 2&nbsp;|&ThickSpace;<font color=\"#686868\">Does Not Evolve<\/font><\/font>\n\n|c|\u2606Epicgamergod69|luckiest mf alive\n|inactive|Epicgamergod69 has 10 seconds left.\n|c|\u2606The power of ROCK|!dt garg\nNo Pok\u00e9mon, item, move, ability or nature named 'garg' was found. Showing the data of 'Gengar' instead.\n|raw|<div class=\"message\"><ul class=\"utilichart\"><li class=\"result\"><span class=\"col numcol\">RUBL<\/span> <span class=\"col iconcol\"><psicon pokemon=\"gengar\"\/><\/span> <span class=\"col pokemonnamecol\" style=\"white-space:nowrap\"><a href=\"https:\/\/dex.pokemonshowdown.com\/pokemon\/gengar\" target=\"_blank\">Gengar<\/a><\/span> <span class=\"col typecol\"><img src=\"https:\/\/play.pokemonshowdown.com\/sprites\/types\/Ghost.png\" alt=\"Ghost\" height=\"14\" width=\"32\"><img src=\"https:\/\/play.pokemonshowdown.com\/sprites\/types\/Poison.png\" alt=\"Poison\" height=\"14\" width=\"32\"><\/span> <span style=\"float:left;min-height:26px\"><span class=\"col abilitycol\">Cursed Body<\/span><span class=\"col abilitycol\"><\/span><\/span><span style=\"float:left;min-height:26px\"><span class=\"col statcol\"><em>HP<\/em><br \/>60<\/span> <span class=\"col statcol\"><em>Atk<\/em><br \/>65<\/span> <span class=\"col statcol\"><em>Def<\/em><br \/>60<\/span> <span class=\"col statcol\"><em>SpA<\/em><br \/>130<\/span> <span class=\"col statcol\"><em>SpD<\/em><br \/>75<\/span> <span class=\"col statcol\"><em>Spe<\/em><br \/>110<\/span> <span class=\"col bstcol\"><em>BST<br \/>500<\/em><\/span> <\/span><\/li><li style=\"clear:both\"><\/li><\/ul><\/div>\n|raw|<font size=\"1\"><font color=\"#686868\">Dex#:<\/font> 94&nbsp;|&ThickSpace;<font color=\"#686868\">Gen:<\/font> 1&nbsp;|&ThickSpace;<font color=\"#686868\">Height:<\/font> 1.5 m&nbsp;|&ThickSpace;<font color=\"#686868\">Weight:<\/font> 40.5 kg <em>(60 BP)<\/em>&nbsp;|&ThickSpace;<font color=\"#686868\">G-Max Move:<\/font> G-Max Terror&nbsp;|&ThickSpace;<font color=\"#686868\">Dex Colour:<\/font> Purple&nbsp;|&ThickSpace;<font color=\"#686868\">Egg Group(s):<\/font> Amorphous&nbsp;|&ThickSpace;<font color=\"#686868\">Pre-Evolution:<\/font> Haunter&nbsp;|&ThickSpace;<font color=\"#686868\">Does Not Evolve<\/font><\/font>\n\n|inactive|Epicgamergod69 has 5 seconds left.\n|c|\u2606The power of ROCK|!dt gargancl\nNo Pok\u00e9mon, item, move, ability or nature named 'gargancl' was found. Showing the data of 'Garganacl' instead.\n|raw|<div class=\"message\"><ul class=\"utilichart\"><li class=\"result\"><span class=\"col numcol\">OU<\/span> <span class=\"col iconcol\"><psicon pokemon=\"garganacl\"\/><\/span> <span class=\"col pokemonnamecol\" style=\"white-space:nowrap\"><a href=\"https:\/\/dex.pokemonshowdown.com\/pokemon\/garganacl\" target=\"_blank\">Garganacl<\/a><\/span> <span class=\"col typecol\"><img src=\"https:\/\/play.pokemonshowdown.com\/sprites\/types\/Rock.png\" alt=\"Rock\" height=\"14\" width=\"32\"><\/span> <span style=\"float:left;min-height:26px\"><span class=\"col twoabilitycol\">Purifying Salt<br \/>Sturdy<\/span><span class=\"col abilitycol\"><em>Clear Body<\/em><\/span><\/span><span style=\"float:left;min-height:26px\"><span class=\"col statcol\"><em>HP<\/em><br \/>100<\/span> <span class=\"col statcol\"><em>Atk<\/em><br \/>100<\/span> <span class=\"col statcol\"><em>Def<\/em><br \/>130<\/span> <span class=\"col statcol\"><em>SpA<\/em><br \/>45<\/span> <span class=\"col statcol\"><em>SpD<\/em><br \/>90<\/span> <span class=\"col statcol\"><em>Spe<\/em><br \/>35<\/span> <span class=\"col bstcol\"><em>BST<br \/>500<\/em><\/span> <\/span><\/li><li style=\"clear:both\"><\/li><\/ul><\/div>\n|raw|<font size=\"1\"><font color=\"#686868\">Dex#:<\/font> 934&nbsp;|&ThickSpace;<font color=\"#686868\">Gen:<\/font> 9&nbsp;|&ThickSpace;<font color=\"#686868\">Height:<\/font> 2.3 m&nbsp;|&ThickSpace;<font color=\"#686868\">Weight:<\/font> 240 kg <em>(120 BP)<\/em>&nbsp;|&ThickSpace;<font color=\"#686868\">Dex Colour:<\/font> Brown&nbsp;|&ThickSpace;<font color=\"#686868\">Egg Group(s):<\/font> Mineral&nbsp;|&ThickSpace;<font color=\"#686868\">Pre-Evolution:<\/font> Naclstack&nbsp;|&ThickSpace;<font color=\"#686868\">Does Not Evolve<\/font><\/font>\n\n|-message|Epicgamergod69 lost due to inactivity.\n|\n|win|The power of ROCK\n|n|\u2606Epicgamergod69|epicgamergod69\n|n|\u2606The power of ROCK|thepowerofrock\n|c|\u2606Epicgamergod69|4LOL\n|c|\u2606The power of ROCK|gg : )\n","uploadtime":1700163942,"views":13,"p1id":"epicgamergod69","p2id":"thepowerofrock","formatid":"gen9nationaldex","rating":0,"private":0,"password":""}