{"id":"gen9nationaldex-1995623625","p1":"dadi02","p2":"santiastidias27","format":"[Gen 9] National Dex","log":"|html|<div class=\"broadcast-blue\"><strong>[Gen 9] National Dex is currently suspecting Sneasler! For information on how to participate check out the <a href=\"https:\/\/www.smogon.com\/forums\/threads\/sv-national-dex-suspect-8-just-dance.3731534\/\">suspect thread<\/a>.<\/strong><\/div>\n|j|\u2606dadi02\n|j|\u2606santiastidias27\n|t:|1700588442\n|gametype|singles\n|player|p1|dadi02|guitarist|1519\n|player|p2|santiastidias27|calem-masters|1491\n|teamsize|p1|6\n|teamsize|p2|6\n|gen|9\n|tier|[Gen 9] National Dex\n|rated|\n|rule|HP Percentage Mod: HP is shown in percentages\n|rule|Endless Battle Clause: Forcing endless battles is banned\n|rule|OHKO Clause: OHKO moves are banned\n|rule|Evasion Clause: Evasion abilities, items, and moves are banned\n|rule|Evasion Abilities Clause: Evasion abilities are banned\n|rule|Evasion Items Clause: Evasion items are banned\n|rule|Evasion Moves Clause: Evasion moves are banned\n|rule|Species Clause: Limit one of each Pok\u00e9mon\n|rule|Sleep Clause Mod: Limit one foe put to sleep\n|clearpoke\n|poke|p1|Yanmega, M|\n|poke|p1|Centiskorch, M|\n|poke|p1|Durant, F|\n|poke|p1|Ribombee, F|\n|poke|p1|Buzzwole|\n|poke|p1|Pinsir, M|\n|poke|p2|Scizor, M|\n|poke|p2|Grimmsnarl, M|\n|poke|p2|Iron Valiant|\n|poke|p2|Tentacruel, F|\n|poke|p2|Garganacl, M|\n|poke|p2|Skeledirge, M|\n|teampreview\n|\n|t:|1700588487\n|start\n|switch|p1a: \u6b7b\u4e5f\u8981\u628a\u866b\u7f51\u6492\u51fa\u6765|Ribombee, F|100\/100\n|switch|p2a: Garganacl|Garganacl, M, shiny|100\/100\n|turn|1\n|inactive|Battle timer is ON: inactive players will automatically lose when time's up. (requested by dadi02)\n|\n|t:|1700588503\n|move|p1a: \u6b7b\u4e5f\u8981\u628a\u866b\u7f51\u6492\u51fa\u6765|Sticky Web|p2a: Garganacl\n|-sidestart|p2: santiastidias27|move: Sticky Web\n|move|p2a: Garganacl|Salt Cure|p1a: \u6b7b\u4e5f\u8981\u628a\u866b\u7f51\u6492\u51fa\u6765\n|-supereffective|p1a: \u6b7b\u4e5f\u8981\u628a\u866b\u7f51\u6492\u51fa\u6765\n|-damage|p1a: \u6b7b\u4e5f\u8981\u628a\u866b\u7f51\u6492\u51fa\u6765|40\/100\n|\n|upkeep\n|turn|2\n|\n|t:|1700588508\n|move|p1a: \u6b7b\u4e5f\u8981\u628a\u866b\u7f51\u6492\u51fa\u6765|Moonblast|p2a: Garganacl\n|-crit|p2a: Garganacl\n|-damage|p2a: Garganacl|43\/100\n|-unboost|p2a: Garganacl|spa|1\n|move|p2a: Garganacl|Salt Cure|p1a: \u6b7b\u4e5f\u8981\u628a\u866b\u7f51\u6492\u51fa\u6765\n|-supereffective|p1a: \u6b7b\u4e5f\u8981\u628a\u866b\u7f51\u6492\u51fa\u6765\n|-damage|p1a: \u6b7b\u4e5f\u8981\u628a\u866b\u7f51\u6492\u51fa\u6765|0 fnt\n|faint|p1a: \u6b7b\u4e5f\u8981\u628a\u866b\u7f51\u6492\u51fa\u6765\n|\n|-heal|p2a: Garganacl|49\/100|[from] item: Leftovers\n|upkeep\n|\n|t:|1700588519\n|switch|p1a: \u6597z\u89e3\u51b3\u4e00\u5207\u706b\u94a2|Durant, F|100\/100\n|turn|3\n|\n|t:|1700588523\n|switch|p2a: Scizor|Scizor, M|100\/100\n|-activate|p2a: Scizor|move: Sticky Web\n|-unboost|p2a: Scizor|spe|1\n|move|p1a: \u6597z\u89e3\u51b3\u4e00\u5207\u706b\u94a2|Hone Claws|p1a: \u6597z\u89e3\u51b3\u4e00\u5207\u706b\u94a2\n|-boost|p1a: \u6597z\u89e3\u51b3\u4e00\u5207\u706b\u94a2|atk|1\n|-boost|p1a: \u6597z\u89e3\u51b3\u4e00\u5207\u706b\u94a2|accuracy|1\n|\n|upkeep\n|turn|4\n|\n|t:|1700588547\n|detailschange|p2a: Scizor|Scizor-Mega, M\n|-mega|p2a: Scizor|Scizor|Scizorite\n|move|p1a: \u6597z\u89e3\u51b3\u4e00\u5207\u706b\u94a2|Stomping Tantrum|p2a: Scizor\n|-damage|p2a: Scizor|65\/100\n|move|p2a: Scizor|Swords Dance|p2a: Scizor\n|-boost|p2a: Scizor|atk|2\n|\n|upkeep\n|turn|5\n|\n|t:|1700588562\n|move|p1a: \u6597z\u89e3\u51b3\u4e00\u5207\u706b\u94a2|Iron Head|p2a: Scizor\n|-resisted|p2a: Scizor\n|-crit|p2a: Scizor\n|-damage|p2a: Scizor|17\/100\n|move|p2a: Scizor|Knock Off|p1a: \u6597z\u89e3\u51b3\u4e00\u5207\u706b\u94a2\n|-damage|p1a: \u6597z\u89e3\u51b3\u4e00\u5207\u706b\u94a2|44\/100\n|\n|upkeep\n|turn|6\n|\n|t:|1700588578\n|move|p2a: Scizor|Bullet Punch|p1a: \u6597z\u89e3\u51b3\u4e00\u5207\u706b\u94a2\n|-resisted|p1a: \u6597z\u89e3\u51b3\u4e00\u5207\u706b\u94a2\n|-damage|p1a: \u6597z\u89e3\u51b3\u4e00\u5207\u706b\u94a2|2\/100\n|move|p1a: \u6597z\u89e3\u51b3\u4e00\u5207\u706b\u94a2|Iron Head|p2a: Scizor\n|-resisted|p2a: Scizor\n|-damage|p2a: Scizor|0 fnt\n|faint|p2a: Scizor\n|\n|upkeep\n|\n|t:|1700588581\n|switch|p2a: Tentacruel|Tentacruel, F, shiny|100\/100\n|-activate|p2a: Tentacruel|move: Sticky Web\n|-fail|p2a: Tentacruel|unboost|[from] ability: Clear Body|[of] p2a: Tentacruel\n|turn|7\n|\n|t:|1700588609\n|-zpower|p1a: \u6597z\u89e3\u51b3\u4e00\u5207\u706b\u94a2\n|move|p1a: \u6597z\u89e3\u51b3\u4e00\u5207\u706b\u94a2|Continental Crush|p2a: Tentacruel|[zeffect]\n|-damage|p2a: Tentacruel|0 fnt\n|faint|p2a: Tentacruel\n|\n|upkeep\n|\n|t:|1700588622\n|switch|p2a: Garganacl|Garganacl, M, shiny|49\/100\n|-activate|p2a: Garganacl|move: Sticky Web\n|-unboost|p2a: Garganacl|spe|1\n|turn|8\n|\n|t:|1700588628\n|-terastallize|p2a: Garganacl|Ghost\n|move|p1a: \u6597z\u89e3\u51b3\u4e00\u5207\u706b\u94a2|Stomping Tantrum|p2a: Garganacl\n|-damage|p2a: Garganacl|25\/100\n|move|p2a: Garganacl|Recover|p2a: Garganacl\n|-heal|p2a: Garganacl|75\/100\n|\n|-heal|p2a: Garganacl|81\/100|[from] item: Leftovers\n|upkeep\n|turn|9\n|inactive|dadi02 has 120 seconds left.\n|\n|t:|1700588656\n|move|p1a: \u6597z\u89e3\u51b3\u4e00\u5207\u706b\u94a2|Iron Head|p2a: Garganacl\n|-damage|p2a: Garganacl|39\/100\n|cant|p2a: Garganacl|flinch\n|\n|-heal|p2a: Garganacl|45\/100|[from] item: Leftovers\n|upkeep\n|turn|10\n|\n|t:|1700588662\n|switch|p2a: Skeledirge|Skeledirge, M, shiny|100\/100\n|move|p1a: \u6597z\u89e3\u51b3\u4e00\u5207\u706b\u94a2|Iron Head|p2a: Skeledirge\n|-resisted|p2a: Skeledirge\n|-damage|p2a: Skeledirge|77\/100\n|\n|upkeep\n|turn|11\n|\n|t:|1700588668\n|move|p1a: \u6597z\u89e3\u51b3\u4e00\u5207\u706b\u94a2|Stomping Tantrum|p2a: Skeledirge\n|-supereffective|p2a: Skeledirge\n|-damage|p2a: Skeledirge|23\/100\n|move|p2a: Skeledirge|Torch Song|p1a: \u6597z\u89e3\u51b3\u4e00\u5207\u706b\u94a2\n|-supereffective|p1a: \u6597z\u89e3\u51b3\u4e00\u5207\u706b\u94a2\n|-damage|p1a: \u6597z\u89e3\u51b3\u4e00\u5207\u706b\u94a2|0 fnt\n|-boost|p2a: Skeledirge|spa|1\n|faint|p1a: \u6597z\u89e3\u51b3\u4e00\u5207\u706b\u94a2\n|\n|upkeep\n|\n|t:|1700588678\n|switch|p1a: \u5927\u7532\uff0c\u542f\u52a8!|Pinsir, M|100\/100\n|turn|12\n|\n|t:|1700588683\n|detailschange|p1a: \u5927\u7532\uff0c\u542f\u52a8!|Pinsir-Mega, M\n|-mega|p1a: \u5927\u7532\uff0c\u542f\u52a8!|Pinsir|Pinsirite\n|move|p1a: \u5927\u7532\uff0c\u542f\u52a8!|Earthquake|p2a: Skeledirge\n|-supereffective|p2a: Skeledirge\n|-damage|p2a: Skeledirge|0 fnt\n|faint|p2a: Skeledirge\n|\n|upkeep\n|\n|t:|1700588688\n|switch|p2a: Grimmsnarl|Grimmsnarl, M, shiny|100\/100\n|-activate|p2a: Grimmsnarl|move: Sticky Web\n|-unboost|p2a: Grimmsnarl|spe|1\n|turn|13\n|\n|t:|1700588704\n|move|p2a: Grimmsnarl|Reflect|p2a: Grimmsnarl\n|-sidestart|p2: santiastidias27|Reflect\n|move|p1a: \u5927\u7532\uff0c\u542f\u52a8!|Swords Dance|p1a: \u5927\u7532\uff0c\u542f\u52a8!\n|-boost|p1a: \u5927\u7532\uff0c\u542f\u52a8!|atk|2\n|\n|upkeep\n|turn|14\n|\n|t:|1700588710\n|move|p2a: Grimmsnarl|Parting Shot|p1a: \u5927\u7532\uff0c\u542f\u52a8!\n|-unboost|p1a: \u5927\u7532\uff0c\u542f\u52a8!|atk|1\n|-unboost|p1a: \u5927\u7532\uff0c\u542f\u52a8!|spa|1\n|\n|t:|1700588712\n|switch|p2a: Garganacl|Garganacl, M, shiny, tera:Ghost|45\/100|[from] Parting Shot\n|-activate|p2a: Garganacl|move: Sticky Web\n|-unboost|p2a: Garganacl|spe|1\n|move|p1a: \u5927\u7532\uff0c\u542f\u52a8!|Frustration|p2a: Garganacl\n|-damage|p2a: Garganacl|18\/100\n|\n|-heal|p2a: Garganacl|24\/100|[from] item: Leftovers\n|upkeep\n|turn|15\n|\n|t:|1700588725\n|move|p1a: \u5927\u7532\uff0c\u542f\u52a8!|Frustration|p2a: Garganacl\n|-damage|p2a: Garganacl|0 fnt\n|faint|p2a: Garganacl\n|\n|upkeep\n|\n|t:|1700588731\n|switch|p2a: Iron Valiant|Iron Valiant, shiny|100\/100\n|-activate|p2a: Iron Valiant|move: Sticky Web\n|-unboost|p2a: Iron Valiant|spe|1\n|-enditem|p2a: Iron Valiant|Booster Energy\n|-activate|p2a: Iron Valiant|ability: Quark Drive|[fromitem]\n|-start|p2a: Iron Valiant|quarkdrivespa\n|turn|16\n|-message|santiastidias27 forfeited.\n|\n|win|dadi02\n|raw|dadi02's rating: 1519 &rarr; <strong>1537<\/strong><br \/>(+18 for winning)\n|raw|santiastidias27's rating: 1491 &rarr; <strong>1473<\/strong><br \/>(-18 for losing)\n|l|\u2606santiastidias27\n|j|\u2606santiastidias27\n|player|p2|santiastidias27|calem-masters\n|l|\u2606santiastidias27\n|player|p2|\n","uploadtime":1700588754,"views":2,"p1id":"dadi02","p2id":"santiastidias27","formatid":"gen9nationaldex","rating":1473,"private":0,"password":""}