{"id":"gen9nationaldex-1993555856","p1":"Flungusdungus","p2":"0v4n","format":"[Gen 9] National Dex","log":"|j|\u2606Flungusdungus\n|j|\u26060v4n\n|t:|1700331330\n|gametype|singles\n|player|p1|Flungusdungus|clown|\n|player|p2|0v4n|crasherwake|\n|teamsize|p1|6\n|teamsize|p2|6\n|gen|9\n|tier|[Gen 9] National Dex\n|rule|HP Percentage Mod: HP is shown in percentages\n|rule|Endless Battle Clause: Forcing endless battles is banned\n|rule|OHKO Clause: OHKO moves are banned\n|rule|Evasion Clause: Evasion abilities, items, and moves are banned\n|rule|Evasion Abilities Clause: Evasion abilities are banned\n|rule|Evasion Items Clause: Evasion items are banned\n|rule|Evasion Moves Clause: Evasion moves are banned\n|rule|Species Clause: Limit one of each Pok\u00e9mon\n|rule|Sleep Clause Mod: Limit one foe put to sleep\n|clearpoke\n|poke|p1|Kingdra, M|\n|poke|p1|Muk, F|\n|poke|p1|Fraxure, M|\n|poke|p1|Forretress, F|\n|poke|p1|Poliwrath, M|\n|poke|p1|Simisear, M|\n|poke|p2|Pinsir, M|\n|poke|p2|Quagsire, F|\n|poke|p2|Swoobat, F|\n|poke|p2|Vileplume, M|\n|poke|p2|Incineroar, M|\n|poke|p2|Hitmonchan, M|\n|teampreview\n|\n|t:|1700331366\n|start\n|switch|p1a: sapsucker|Kingdra, M|100\/100\n|switch|p2a: Fat Scout|Vileplume, M|100\/100\n|turn|1\n|\n|t:|1700331373\n|move|p1a: sapsucker|Draco Meteor|p2a: Fat Scout\n|-crit|p2a: Fat Scout\n|-damage|p2a: Fat Scout|0 fnt\n|-unboost|p1a: sapsucker|spa|2\n|faint|p2a: Fat Scout\n|\n|upkeep\n|\n|t:|1700331382\n|switch|p2a: SAXTON HAAAAALE!!!|Swoobat, F|100\/100\n|turn|2\n|c|\u2606Flungusdungus|sorry about that\n|\n|t:|1700331390\n|switch|p1a: xureckin it|Fraxure, M|100\/100\n|-ability|p1a: xureckin it|Mold Breaker\n|move|p2a: SAXTON HAAAAALE!!!|Calm Mind|p2a: SAXTON HAAAAALE!!!\n|-boost|p2a: SAXTON HAAAAALE!!!|spa|2\n|-boost|p2a: SAXTON HAAAAALE!!!|spd|2\n|\n|upkeep\n|turn|3\n|c|\u26060v4n|Eh it's fine\n|\n|t:|1700331404\n|switch|p2a: Scorch Sh*t|Incineroar, M|100\/100\n|-ability|p2a: Scorch Sh*t|Intimidate|boost\n|-unboost|p1a: xureckin it|atk|1\n|move|p1a: xureckin it|Outrage|p2a: Scorch Sh*t\n|-damage|p2a: Scorch Sh*t|58\/100\n|\n|upkeep\n|turn|4\n|\n|t:|1700331414\n|move|p1a: xureckin it|Outrage|p2a: Scorch Sh*t|[from]lockedmove\n|-damage|p2a: Scorch Sh*t|19\/100\n|-start|p1a: xureckin it|confusion|[fatigue]\n|move|p2a: Scorch Sh*t|Drain Punch|p1a: xureckin it\n|-damage|p1a: xureckin it|63\/100\n|-heal|p2a: Scorch Sh*t|33\/100|[from] drain|[of] p1a: xureckin it\n|\n|upkeep\n|turn|5\n|\n|t:|1700331431\n|switch|p2a: Engineer Gaming|Quagsire, F|100\/100\n|-activate|p1a: xureckin it|confusion\n|move|p1a: xureckin it|Outrage|p2a: Engineer Gaming\n|-damage|p2a: Engineer Gaming|74\/100\n|\n|-heal|p2a: Engineer Gaming|80\/100|[from] item: Leftovers\n|upkeep\n|turn|6\n|\n|t:|1700331441\n|-activate|p1a: xureckin it|confusion\n|-damage|p1a: xureckin it|50\/100|[from] confusion\n|move|p2a: Engineer Gaming|Toxic|p1a: xureckin it\n|-status|p1a: xureckin it|tox\n|\n|-heal|p2a: Engineer Gaming|87\/100|[from] item: Leftovers\n|-damage|p1a: xureckin it|44\/100 tox|[from] psn\n|upkeep\n|turn|7\n|\n|t:|1700331464\n|switch|p1a: sapsucker|Kingdra, M|100\/100\n|move|p2a: Engineer Gaming|Toxic|p1a: sapsucker\n|-status|p1a: sapsucker|tox\n|\n|-heal|p2a: Engineer Gaming|93\/100|[from] item: Leftovers\n|-damage|p1a: sapsucker|94\/100 tox|[from] psn\n|upkeep\n|turn|8\n|\n|t:|1700331477\n|move|p1a: sapsucker|Draco Meteor|p2a: Engineer Gaming\n|-damage|p2a: Engineer Gaming|0 fnt\n|-unboost|p1a: sapsucker|spa|2\n|faint|p2a: Engineer Gaming\n|\n|-damage|p1a: sapsucker|82\/100 tox|[from] psn\n|upkeep\n|\n|t:|1700331487\n|switch|p2a: SAXTON HAAAAALE!!!|Swoobat, F|100\/100\n|turn|9\n|\n|t:|1700331496\n|switch|p1a: xureckin it|Fraxure, M|44\/100 tox\n|-ability|p1a: xureckin it|Mold Breaker\n|move|p2a: SAXTON HAAAAALE!!!|Shadow Ball|p1a: xureckin it\n|-damage|p1a: xureckin it|2\/100 tox\n|\n|-damage|p1a: xureckin it|0 fnt|[from] psn\n|faint|p1a: xureckin it\n|upkeep\n|\n|t:|1700331514\n|switch|p1a: sapsucker|Kingdra, M|82\/100 tox\n|turn|10\n|\n|t:|1700331589\n|move|p2a: SAXTON HAAAAALE!!!|Calm Mind|p2a: SAXTON HAAAAALE!!!\n|-boost|p2a: SAXTON HAAAAALE!!!|spa|2\n|-boost|p2a: SAXTON HAAAAALE!!!|spd|2\n|move|p1a: sapsucker|Draco Meteor|p2a: SAXTON HAAAAALE!!!\n|-damage|p2a: SAXTON HAAAAALE!!!|16\/100\n|-unboost|p1a: sapsucker|spa|2\n|\n|-damage|p1a: sapsucker|76\/100 tox|[from] psn\n|upkeep\n|turn|11\n|\n|t:|1700331599\n|move|p2a: SAXTON HAAAAALE!!!|Stored Power|p1a: sapsucker\n|-damage|p1a: sapsucker|0 fnt\n|faint|p1a: sapsucker\n|\n|upkeep\n|c|\u2606Flungusdungus|ive fucked up\n|\n|t:|1700331616\n|switch|p1a: Funk E. Zekiel|Forretress, F|100\/100\n|turn|12\n|\n|t:|1700331620\n|move|p2a: SAXTON HAAAAALE!!!|Heat Wave|p1a: Funk E. Zekiel\n|-supereffective|p1a: Funk E. Zekiel\n|-ability|p1a: Funk E. Zekiel|Sturdy\n|-damage|p1a: Funk E. Zekiel|1\/100\n|move|p1a: Funk E. Zekiel|Rapid Spin|p2a: SAXTON HAAAAALE!!!\n|-damage|p2a: SAXTON HAAAAALE!!!|0 fnt\n|-boost|p1a: Funk E. Zekiel|spe|1\n|faint|p2a: SAXTON HAAAAALE!!!\n|\n|upkeep\n|\n|t:|1700331641\n|switch|p2a: Scorch Sh*t|Incineroar, M|33\/100\n|-ability|p2a: Scorch Sh*t|Intimidate|boost\n|-unboost|p1a: Funk E. Zekiel|atk|1\n|turn|13\n|\n|t:|1700331647\n|move|p2a: Scorch Sh*t|Drain Punch|p1a: Funk E. Zekiel\n|-damage|p1a: Funk E. Zekiel|0 fnt\n|-heal|p2a: Scorch Sh*t|34\/100|[from] drain|[of] p1a: Funk E. Zekiel\n|faint|p1a: Funk E. Zekiel\n|\n|upkeep\n|\n|t:|1700331682\n|switch|p1a: sap|Muk, F|100\/100\n|turn|14\n|\n|t:|1700331685\n|move|p2a: Scorch Sh*t|Flare Blitz|p1a: sap\n|-damage|p1a: sap|52\/100\n|-damage|p2a: Scorch Sh*t|15\/100|[from] Recoil\n|move|p1a: sap|Acid Armor|p1a: sap\n|-boost|p1a: sap|def|2\n|\n|-heal|p1a: sap|58\/100|[from] item: Black Sludge\n|upkeep\n|turn|15\n|\n|t:|1700331695\n|move|p2a: Scorch Sh*t|Flare Blitz|p1a: sap\n|-damage|p1a: sap|35\/100\n|-damage|p2a: Scorch Sh*t|7\/100|[from] Recoil\n|move|p1a: sap|Acid Armor|p1a: sap\n|-boost|p1a: sap|def|2\n|\n|-heal|p1a: sap|41\/100|[from] item: Black Sludge\n|upkeep\n|turn|16\n|\n|t:|1700331706\n|move|p2a: Scorch Sh*t|Knock Off|p1a: sap\n|-damage|p1a: sap|28\/100\n|-activate|p1a: sap|ability: Sticky Hold\n|move|p1a: sap|Acid Armor|p1a: sap\n|-boost|p1a: sap|def|2\n|\n|-heal|p1a: sap|34\/100|[from] item: Black Sludge\n|upkeep\n|turn|17\n|\n|t:|1700331716\n|move|p2a: Scorch Sh*t|Flare Blitz|p1a: sap\n|-damage|p1a: sap|22\/100\n|-damage|p2a: Scorch Sh*t|2\/100|[from] Recoil\n|move|p1a: sap|Knock Off|p2a: Scorch Sh*t\n|-resisted|p2a: Scorch Sh*t\n|-damage|p2a: Scorch Sh*t|0 fnt\n|-enditem|p2a: Scorch Sh*t|Assault Vest|[from] move: Knock Off|[of] p1a: sap\n|faint|p2a: Scorch Sh*t\n|\n|-heal|p1a: sap|28\/100|[from] item: Black Sludge\n|upkeep\n|\n|t:|1700331725\n|switch|p2a: Demo Pan|Hitmonchan, M|100\/100\n|turn|18\n|\n|t:|1700331732\n|move|p2a: Demo Pan|Throat Chop|p1a: sap\n|-damage|p1a: sap|23\/100\n|-start|p1a: sap|Throat Chop|[silent]\n|move|p1a: sap|Pain Split|p2a: Demo Pan\n|-sethp|p2a: Demo Pan|68\/100|[from] move: Pain Split|[silent]\n|-sethp|p1a: sap|43\/100|[from] move: Pain Split\n|\n|-heal|p1a: sap|49\/100|[from] item: Black Sludge\n|upkeep\n|turn|19\n|\n|t:|1700331739\n|move|p2a: Demo Pan|Throat Chop|p1a: sap\n|-damage|p1a: sap|44\/100\n|move|p1a: sap|Toxic|p2a: Demo Pan\n|-status|p2a: Demo Pan|tox\n|\n|-heal|p1a: sap|50\/100|[from] item: Black Sludge\n|-damage|p2a: Demo Pan|62\/100 tox|[from] psn\n|-end|p1a: sap|Throat Chop|[silent]\n|upkeep\n|turn|20\n|\n|t:|1700331749\n|move|p2a: Demo Pan|Throat Chop|p1a: sap\n|-damage|p1a: sap|45\/100\n|-start|p1a: sap|Throat Chop|[silent]\n|move|p1a: sap|Knock Off|p2a: Demo Pan\n|-resisted|p2a: Demo Pan\n|-damage|p2a: Demo Pan|45\/100 tox\n|-enditem|p2a: Demo Pan|Assault Vest|[from] move: Knock Off|[of] p1a: sap\n|\n|-heal|p1a: sap|51\/100|[from] item: Black Sludge\n|-damage|p2a: Demo Pan|32\/100 tox|[from] psn\n|upkeep\n|turn|21\n|\n|t:|1700331758\n|move|p2a: Demo Pan|Throat Chop|p1a: sap\n|-crit|p1a: sap\n|-damage|p1a: sap|22\/100\n|move|p1a: sap|Knock Off|p2a: Demo Pan\n|-resisted|p2a: Demo Pan\n|-damage|p2a: Demo Pan|21\/100 tox\n|\n|-heal|p1a: sap|28\/100|[from] item: Black Sludge\n|-damage|p2a: Demo Pan|2\/100 tox|[from] psn\n|-end|p1a: sap|Throat Chop|[silent]\n|upkeep\n|turn|22\n|\n|t:|1700331769\n|move|p2a: Demo Pan|Throat Chop|p1a: sap\n|-damage|p1a: sap|23\/100\n|-start|p1a: sap|Throat Chop|[silent]\n|move|p1a: sap|Knock Off|p2a: Demo Pan\n|-resisted|p2a: Demo Pan\n|-damage|p2a: Demo Pan|0 fnt\n|faint|p2a: Demo Pan\n|\n|-heal|p1a: sap|29\/100|[from] item: Black Sludge\n|upkeep\n|\n|t:|1700331777\n|switch|p2a: Sc*nt|Pinsir, M|100\/100\n|turn|23\n|\n|t:|1700331784\n|move|p2a: Sc*nt|X-Scissor|p1a: sap\n|-resisted|p1a: sap\n|-damage|p1a: sap|25\/100\n|move|p1a: sap|Knock Off|p2a: Sc*nt\n|-damage|p2a: Sc*nt|78\/100\n|-enditem|p2a: Sc*nt|Choice Scarf|[from] move: Knock Off|[of] p1a: sap\n|\n|-heal|p1a: sap|31\/100|[from] item: Black Sludge\n|-end|p1a: sap|Throat Chop|[silent]\n|upkeep\n|turn|24\n|\n|t:|1700331792\n|move|p2a: Sc*nt|X-Scissor|p1a: sap\n|-resisted|p1a: sap\n|-damage|p1a: sap|27\/100\n|move|p1a: sap|Pain Split|p2a: Sc*nt\n|-sethp|p2a: Sc*nt|57\/100|[from] move: Pain Split|[silent]\n|-sethp|p1a: sap|42\/100|[from] move: Pain Split\n|\n|-heal|p1a: sap|48\/100|[from] item: Black Sludge\n|upkeep\n|turn|25\n|\n|t:|1700331802\n|move|p2a: Sc*nt|Close Combat|p1a: sap\n|-resisted|p1a: sap\n|-damage|p1a: sap|43\/100\n|-unboost|p2a: Sc*nt|def|1\n|-unboost|p2a: Sc*nt|spd|1\n|move|p1a: sap|Toxic|p2a: Sc*nt\n|-status|p2a: Sc*nt|tox\n|\n|-heal|p1a: sap|50\/100|[from] item: Black Sludge\n|-damage|p2a: Sc*nt|51\/100 tox|[from] psn\n|upkeep\n|turn|26\n|\n|t:|1700331811\n|move|p2a: Sc*nt|Close Combat|p1a: sap\n|-resisted|p1a: sap\n|-damage|p1a: sap|46\/100\n|-unboost|p2a: Sc*nt|def|1\n|-unboost|p2a: Sc*nt|spd|1\n|move|p1a: sap|Pain Split|p2a: Sc*nt\n|-sethp|p2a: Sc*nt|57\/100 tox|[from] move: Pain Split|[silent]\n|-sethp|p1a: sap|42\/100|[from] move: Pain Split\n|\n|-heal|p1a: sap|48\/100|[from] item: Black Sludge\n|-damage|p2a: Sc*nt|45\/100 tox|[from] psn\n|upkeep\n|turn|27\n|c|\u26060v4n|gg\n|c|\u2606Flungusdungus|oops lol\n|\n|t:|1700331823\n|move|p2a: Sc*nt|Close Combat|p1a: sap\n|-resisted|p1a: sap\n|-damage|p1a: sap|43\/100\n|-unboost|p2a: Sc*nt|def|1\n|-unboost|p2a: Sc*nt|spd|1\n|move|p1a: sap|Knock Off|p2a: Sc*nt\n|-damage|p2a: Sc*nt|5\/100 tox\n|\n|-heal|p1a: sap|50\/100|[from] item: Black Sludge\n|-damage|p2a: Sc*nt|0 fnt|[from] psn\n|faint|p2a: Sc*nt\n|\n|win|Flungusdungus\n|upkeep\n|c|\u2606Flungusdungus|decisive sap victory\n|c|\u2606Flungusdungus|GG WP good set\n","uploadtime":1700331835,"views":29,"p1id":"flungusdungus","p2id":"0v4n","formatid":"gen9nationaldex","rating":0,"private":0,"password":""}