{"id":"gen9nationaldex-1998885708","p1":"mastro uccello","p2":"jjboyking","format":"[Gen 9] National Dex","log":"|html|<div class=\"broadcast-blue\"><strong>[Gen 9] National Dex is currently suspecting Sneasler! For information on how to participate check out the <a href=\"https:\/\/www.smogon.com\/forums\/threads\/sv-national-dex-suspect-8-just-dance.3731534\/\">suspect thread<\/a>.<\/strong><\/div>\n|j|\u2606mastro uccello\n|j|\u2606jjboyking\n|t:|1701008571\n|gametype|singles\n|player|p1|mastro uccello|guitarist-gen4|1449\n|player|p2|jjboyking|tuber|1367\n|teamsize|p1|6\n|teamsize|p2|6\n|gen|9\n|tier|[Gen 9] National Dex\n|rated|\n|rule|HP Percentage Mod: HP is shown in percentages\n|rule|Endless Battle Clause: Forcing endless battles is banned\n|rule|OHKO Clause: OHKO moves are banned\n|rule|Evasion Clause: Evasion abilities, items, and moves are banned\n|rule|Evasion Abilities Clause: Evasion abilities are banned\n|rule|Evasion Items Clause: Evasion items are banned\n|rule|Evasion Moves Clause: Evasion moves are banned\n|rule|Species Clause: Limit one of each Pok\u00e9mon\n|rule|Sleep Clause Mod: Limit one foe put to sleep\n|clearpoke\n|poke|p1|Overqwil, M|\n|poke|p1|Scizor, F|\n|poke|p1|Cyclizar, M|\n|poke|p1|Houndstone, M|\n|poke|p1|Tinkaton, F|\n|poke|p1|Donphan, M|\n|poke|p2|Mawile, M|\n|poke|p2|Marowak-Alola, F|\n|poke|p2|Hatterene, F|\n|poke|p2|Cresselia, F|\n|poke|p2|Porygon2|\n|poke|p2|Ursaluna, F|\n|teampreview\n|inactive|Battle timer is ON: inactive players will automatically lose when time's up. (requested by mastro uccello)\n|\n|t:|1701008590\n|start\n|switch|p1a: it's overqwil \ud83d\ude14|Overqwil, M|100\/100\n|switch|p2a: Ursaluna|Ursaluna, F|100\/100\n|-ability|p1a: it's overqwil \ud83d\ude14|Intimidate|boost\n|-unboost|p2a: Ursaluna|atk|1\n|turn|1\n|\n|t:|1701008598\n|move|p1a: it's overqwil \ud83d\ude14|Liquidation|p2a: Ursaluna\n|-supereffective|p2a: Ursaluna\n|-damage|p2a: Ursaluna|49\/100\n|-unboost|p2a: Ursaluna|def|1\n|-damage|p1a: it's overqwil \ud83d\ude14|91\/100|[from] item: Life Orb\n|move|p2a: Ursaluna|Swords Dance|p2a: Ursaluna\n|-boost|p2a: Ursaluna|atk|2\n|\n|-status|p2a: Ursaluna|brn|[from] item: Flame Orb\n|upkeep\n|turn|2\n|\n|t:|1701008611\n|switch|p2a: Porygon2|Porygon2|100\/100\n|-ability|p2a: Porygon2|Intimidate|boost\n|-unboost|p1a: it's overqwil \ud83d\ude14|atk|1\n|-ability|p2a: Porygon2|Intimidate|[from] ability: Trace|[of] p1a: it's overqwil \ud83d\ude14\n|move|p1a: it's overqwil \ud83d\ude14|Crunch|p2a: Porygon2\n|-damage|p2a: Porygon2|82\/100\n|-unboost|p2a: Porygon2|def|1\n|-damage|p1a: it's overqwil \ud83d\ude14|81\/100|[from] item: Life Orb\n|\n|upkeep\n|turn|3\n|\n|t:|1701008620\n|move|p1a: it's overqwil \ud83d\ude14|Gunk Shot|p2a: Porygon2|[miss]\n|-miss|p1a: it's overqwil \ud83d\ude14|p2a: Porygon2\n|move|p2a: Porygon2|Trick Room|p2a: Porygon2\n|-fieldstart|move: Trick Room|[of] p2a: Porygon2\n|\n|upkeep\n|turn|4\n|\n|t:|1701008625\n|move|p1a: it's overqwil \ud83d\ude14|Gunk Shot|p2a: Porygon2\n|-damage|p2a: Porygon2|42\/100\n|-status|p2a: Porygon2|psn\n|-damage|p1a: it's overqwil \ud83d\ude14|71\/100|[from] item: Life Orb\n|move|p2a: Porygon2|Teleport|p2a: Porygon2\n|\n|t:|1701008633\n|switch|p2a: Mawile|Mawile, M|100\/100|[from] Teleport\n|-ability|p2a: Mawile|Intimidate|boost\n|-unboost|p1a: it's overqwil \ud83d\ude14|atk|1\n|\n|upkeep\n|turn|5\n|\n|t:|1701008640\n|switch|p1a: Leone|Houndstone, M|100\/100\n|detailschange|p2a: Mawile|Mawile-Mega, M\n|-mega|p2a: Mawile|Mawile|Mawilite\n|move|p2a: Mawile|Play Rough|p1a: Leone\n|-damage|p1a: Leone|71\/100\n|\n|-heal|p1a: Leone|78\/100|[from] item: Leftovers\n|upkeep\n|turn|6\n|\n|t:|1701008646\n|move|p2a: Mawile|Sucker Punch||[still]\n|-fail|p2a: Mawile\n|move|p1a: Leone|Will-O-Wisp|p2a: Mawile\n|-status|p2a: Mawile|brn\n|\n|-heal|p1a: Leone|84\/100|[from] item: Leftovers\n|-damage|p2a: Mawile|95\/100 brn|[from] brn\n|upkeep\n|turn|7\n|\n|t:|1701008655\n|switch|p2a: Marowak|Marowak-Alola, F|100\/100\n|move|p1a: Leone|Night Shade|p2a: Marowak\n|-damage|p2a: Marowak|70\/100\n|\n|-heal|p1a: Leone|90\/100|[from] item: Leftovers\n|-fieldend|move: Trick Room\n|upkeep\n|turn|8\n|\n|t:|1701008661\n|switch|p1a: Superbagno|Cyclizar, M|100\/100\n|move|p2a: Marowak|Poltergeist|p1a: Superbagno\n|-immune|p1a: Superbagno\n|\n|upkeep\n|turn|9\n|\n|t:|1701008667\n|switch|p2a: Cresselia|Cresselia, F|100\/100\n|move|p1a: Superbagno|Knock Off|p2a: Cresselia\n|-supereffective|p2a: Cresselia\n|-enditem|p2a: Cresselia|Colbur Berry|[eat]\n|-enditem|p2a: Cresselia|Colbur Berry|[weaken]\n|-damage|p2a: Cresselia|89\/100\n|\n|upkeep\n|turn|10\n|\n|t:|1701008675\n|move|p1a: Superbagno|Dragon Tail|p2a: Cresselia\n|-damage|p2a: Cresselia|79\/100\n|drag|p2a: Hatterene|Hatterene, F|100\/100\n|\n|upkeep\n|turn|11\n|\n|t:|1701008685\n|move|p1a: Superbagno|Knock Off|p2a: Hatterene\n|-damage|p2a: Hatterene|78\/100\n|-enditem|p2a: Hatterene|Focus Sash|[from] move: Knock Off|[of] p1a: Superbagno\n|move|p2a: Hatterene|Trick Room|p2a: Hatterene\n|-fieldstart|move: Trick Room|[of] p2a: Hatterene\n|\n|upkeep\n|turn|12\n|\n|t:|1701008692\n|switch|p1a: XenolameLigmaballs|Tinkaton, F|100\/100\n|-ability|p1a: XenolameLigmaballs|Mold Breaker\n|move|p2a: Hatterene|Misty Explosion|p1a: XenolameLigmaballs\n|-resisted|p1a: XenolameLigmaballs\n|-damage|p1a: XenolameLigmaballs|82\/100\n|faint|p2a: Hatterene\n|\n|-heal|p1a: XenolameLigmaballs|88\/100|[from] item: Leftovers\n|upkeep\n|\n|t:|1701008697\n|switch|p2a: Marowak|Marowak-Alola, F|70\/100\n|turn|13\n|\n|t:|1701008712\n|switch|p1a: Superbagno|Cyclizar, M|100\/100\n|move|p2a: Marowak|Flare Blitz|p1a: Superbagno\n|-resisted|p1a: Superbagno\n|-damage|p1a: Superbagno|2\/100\n|\n|upkeep\n|turn|14\n|\n|t:|1701008727\n|move|p2a: Marowak|Low Kick|p1a: Superbagno\n|-supereffective|p1a: Superbagno\n|-damage|p1a: Superbagno|0 fnt\n|faint|p1a: Superbagno\n|\n|upkeep\n|\n|t:|1701008729\n|switch|p1a: Tiny Tusks|Donphan, M|100\/100\n|turn|15\n|\n|t:|1701008747\n|switch|p2a: Cresselia|Cresselia, F|79\/100\n|move|p1a: Tiny Tusks|Knock Off|p2a: Cresselia\n|-supereffective|p2a: Cresselia\n|-damage|p2a: Cresselia|55\/100\n|\n|-fieldend|move: Trick Room\n|upkeep\n|turn|16\n|\n|t:|1701008769\n|switch|p1a: it's overqwil \ud83d\ude14|Overqwil, M|71\/100\n|-ability|p1a: it's overqwil \ud83d\ude14|Intimidate|boost\n|-unboost|p2a: Cresselia|atk|1\n|move|p2a: Cresselia|Trick Room|p2a: Cresselia\n|-fieldstart|move: Trick Room|[of] p2a: Cresselia\n|\n|upkeep\n|turn|17\n|\n|t:|1701008777\n|move|p2a: Cresselia|Lunar Dance|p2a: Cresselia\n|faint|p2a: Cresselia\n|move|p1a: it's overqwil \ud83d\ude14|Crunch|p2: Cresselia|[notarget]\n|-fail|p1a: it's overqwil \ud83d\ude14\n|\n|upkeep\n|\n|t:|1701008780\n|switch|p2a: Mawile|Mawile-Mega, M|95\/100 brn\n|-heal|p2a: Mawile|100\/100|[from] move: Lunar Dance\n|turn|18\n|\n|t:|1701008792\n|switch|p1a: XenolameLigmaballs|Tinkaton, F|88\/100\n|-ability|p1a: XenolameLigmaballs|Mold Breaker\n|move|p2a: Mawile|Play Rough|p1a: XenolameLigmaballs\n|-resisted|p1a: XenolameLigmaballs\n|-damage|p1a: XenolameLigmaballs|34\/100\n|\n|-heal|p1a: XenolameLigmaballs|40\/100|[from] item: Leftovers\n|upkeep\n|turn|19\n|\n|t:|1701008801\n|move|p2a: Mawile|Fire Fang|p1a: XenolameLigmaballs\n|-supereffective|p1a: XenolameLigmaballs\n|-damage|p1a: XenolameLigmaballs|0 fnt\n|faint|p1a: XenolameLigmaballs\n|\n|upkeep\n|\n|t:|1701008806\n|switch|p1a: Tiny Tusks|Donphan, M|100\/100\n|turn|20\n|\n|t:|1701008809\n|move|p2a: Mawile|Ice Punch|p1a: Tiny Tusks\n|-supereffective|p1a: Tiny Tusks\n|-damage|p1a: Tiny Tusks|28\/100\n|move|p1a: Tiny Tusks|Earthquake|p2a: Mawile\n|-supereffective|p2a: Mawile\n|-damage|p2a: Mawile|3\/100\n|\n|-heal|p1a: Tiny Tusks|34\/100|[from] item: Leftovers\n|-fieldend|move: Trick Room\n|upkeep\n|turn|21\n|\n|t:|1701008821\n|move|p1a: Tiny Tusks|Ice Shard|p2a: Mawile\n|-resisted|p2a: Mawile\n|-damage|p2a: Mawile|0 fnt\n|faint|p2a: Mawile\n|\n|-heal|p1a: Tiny Tusks|40\/100|[from] item: Leftovers\n|upkeep\n|\n|t:|1701008824\n|switch|p2a: Porygon2|Porygon2|42\/100 psn\n|-ability|p2a: Porygon2|Sturdy|[from] ability: Trace|[of] p1a: Tiny Tusks\n|turn|22\n|\n|t:|1701008834\n|move|p1a: Tiny Tusks|Earthquake|p2a: Porygon2\n|-damage|p2a: Porygon2|17\/100 psn\n|move|p2a: Porygon2|Trick Room|p2a: Porygon2\n|-fieldstart|move: Trick Room|[of] p2a: Porygon2\n|\n|-heal|p1a: Tiny Tusks|46\/100|[from] item: Leftovers\n|-damage|p2a: Porygon2|5\/100 psn|[from] psn\n|upkeep\n|turn|23\n|\n|t:|1701008840\n|move|p1a: Tiny Tusks|Ice Shard|p2a: Porygon2\n|-damage|p2a: Porygon2|0 fnt\n|faint|p2a: Porygon2\n|\n|-heal|p1a: Tiny Tusks|53\/100|[from] item: Leftovers\n|upkeep\n|\n|t:|1701008848\n|switch|p2a: Ursaluna|Ursaluna, F|49\/100 brn\n|turn|24\n|\n|t:|1701008857\n|switch|p1a: it's overqwil \ud83d\ude14|Overqwil, M|71\/100\n|-ability|p1a: it's overqwil \ud83d\ude14|Intimidate|boost\n|-unboost|p2a: Ursaluna|atk|1\n|-terastallize|p2a: Ursaluna|Normal\n|move|p2a: Ursaluna|Earthquake|p1a: it's overqwil \ud83d\ude14\n|-supereffective|p1a: it's overqwil \ud83d\ude14\n|-damage|p1a: it's overqwil \ud83d\ude14|0 fnt\n|faint|p1a: it's overqwil \ud83d\ude14\n|\n|-damage|p2a: Ursaluna|43\/100 brn|[from] brn\n|upkeep\n|\n|t:|1701008871\n|switch|p1a: Titania|Scizor, F|100\/100\n|turn|25\n|\n|t:|1701008879\n|detailschange|p1a: Titania|Scizor-Mega, F\n|-mega|p1a: Titania|Scizor|Scizorite\n|move|p1a: Titania|Bullet Punch|p2a: Ursaluna\n|-damage|p2a: Ursaluna|14\/100 brn\n|move|p2a: Ursaluna|Fire Punch|p1a: Titania\n|-supereffective|p1a: Titania\n|-damage|p1a: Titania|12\/100\n|\n|-damage|p2a: Ursaluna|8\/100 brn|[from] brn\n|upkeep\n|turn|26\n|\n|t:|1701008886\n|move|p1a: Titania|Bullet Punch|p2a: Ursaluna\n|-damage|p2a: Ursaluna|0 fnt\n|faint|p2a: Ursaluna\n|\n|-fieldend|move: Trick Room\n|upkeep\n|\n|t:|1701008888\n|switch|p2a: Marowak|Marowak-Alola, F|70\/100\n|turn|27\n|\n|t:|1701008890\n|move|p1a: Titania|Knock Off|p2a: Marowak\n|-supereffective|p2a: Marowak\n|-damage|p2a: Marowak|0 fnt\n|-enditem|p2a: Marowak|Thick Club|[from] move: Knock Off|[of] p1a: Titania\n|faint|p2a: Marowak\n|\n|win|mastro uccello\n|raw|mastro uccello's rating: 1449 &rarr; <strong>1464<\/strong><br \/>(+15 for winning)\n|raw|jjboyking's rating: 1367 &rarr; <strong>1352<\/strong><br \/>(-15 for losing)\n|l|\u2606jjboyking\n","uploadtime":1701008897,"views":9,"p1id":"mastrouccello","p2id":"jjboyking","formatid":"gen9nationaldex","rating":1352,"private":0,"password":""}