{"id":"gen9nationaldex-1990282277","p1":"shallow sing","p2":"Yalpur","format":"[Gen 9] National Dex","log":"|j|\u2606shallow sing\n|j|\u2606Yalpur\n|t:|1699950227\n|gametype|singles\n|player|p1|shallow sing|acerola|1703\n|player|p2|Yalpur|169|1701\n|teamsize|p1|6\n|teamsize|p2|6\n|gen|9\n|tier|[Gen 9] National Dex\n|rated|\n|rule|HP Percentage Mod: HP is shown in percentages\n|rule|Endless Battle Clause: Forcing endless battles is banned\n|rule|OHKO Clause: OHKO moves are banned\n|rule|Evasion Clause: Evasion abilities, items, and moves are banned\n|rule|Evasion Abilities Clause: Evasion abilities are banned\n|rule|Evasion Items Clause: Evasion items are banned\n|rule|Evasion Moves Clause: Evasion moves are banned\n|rule|Species Clause: Limit one of each Pok\u00e9mon\n|rule|Sleep Clause Mod: Limit one foe put to sleep\n|clearpoke\n|poke|p1|Tapu Lele|\n|poke|p1|Moltres|\n|poke|p1|Urshifu-*, M|\n|poke|p1|Gliscor, M|\n|poke|p1|Ogerpon-Wellspring, F|\n|poke|p1|Banette, F|\n|poke|p2|Bisharp, M|\n|poke|p2|Aegislash, M|\n|poke|p2|Sableye, F|\n|poke|p2|Meowscarada, F|\n|poke|p2|Kartana|\n|poke|p2|Sinistcha|\n|teampreview\n|inactive|Battle timer is ON: inactive players will automatically lose when time's up. (requested by shallow sing)\n|\n|t:|1699950255\n|start\n|switch|p1a: Gliscor|Gliscor, M|100\/100\n|switch|p2a: Bisharp|Bisharp, M|100\/100\n|turn|1\n|inactive|Yalpur has 120 seconds left.\n|\n|t:|1699950288\n|switch|p1a: Moltres|Moltres|100\/100\n|move|p2a: Bisharp|Knock Off|p1a: Moltres\n|-damage|p1a: Moltres|67\/100\n|-enditem|p1a: Moltres|Heavy-Duty Boots|[from] move: Knock Off|[of] p2a: Bisharp\n|\n|upkeep\n|turn|2\n|inactive|Yalpur has 120 seconds left.\n|\n|t:|1699950302\n|-terastallize|p2a: Bisharp|Ghost\n|move|p1a: Moltres|Roost|p1a: Moltres\n|-heal|p1a: Moltres|100\/100\n|-singleturn|p1a: Moltres|move: Roost\n|move|p2a: Bisharp|Thunder Wave|p1a: Moltres\n|-status|p1a: Moltres|par\n|\n|upkeep\n|turn|3\n|\n|t:|1699950312\n|move|p2a: Bisharp|Stealth Rock|p1a: Moltres\n|-sidestart|p1: shallow sing|move: Stealth Rock\n|move|p1a: Moltres|U-turn|p2a: Bisharp\n|-resisted|p2a: Bisharp\n|-damage|p2a: Bisharp|96\/100\n|\n|t:|1699950317\n|switch|p1a: Gliscor|Gliscor, M|100\/100|[from] U-turn\n|-damage|p1a: Gliscor|88\/100|[from] Stealth Rock\n|\n|-status|p1a: Gliscor|tox|[from] item: Toxic Orb\n|upkeep\n|turn|4\n|inactive|Yalpur has 120 seconds left.\n|\n|t:|1699950345\n|switch|p2a: Aegislash|Aegislash, M|100\/100\n|move|p1a: Gliscor|Stealth Rock|p2a: Aegislash\n|-sidestart|p2: Yalpur|move: Stealth Rock\n|\n|-heal|p1a: Gliscor|100\/100 tox|[from] ability: Poison Heal\n|upkeep\n|turn|5\n|inactive|Yalpur has 120 seconds left.\n|\n|t:|1699950354\n|move|p1a: Gliscor|Earthquake|p2a: Aegislash\n|-supereffective|p2a: Aegislash\n|-damage|p2a: Aegislash|42\/100\n|move|p2a: Aegislash|Autotomize|p2a: Aegislash\n|-boost|p2a: Aegislash|spe|2\n|-start|p2a: Aegislash|Autotomize\n|\n|upkeep\n|turn|6\n|\n|t:|1699950363\n|-zpower|p2a: Aegislash\n|-formechange|p2a: Aegislash|Aegislash-Blade||[from] ability: Stance Change\n|move|p2a: Aegislash|Never-Ending Nightmare|p1a: Gliscor|[zeffect]\n|-damage|p1a: Gliscor|15\/100 tox\n|move|p1a: Gliscor|Earthquake|p2a: Aegislash\n|-supereffective|p2a: Aegislash\n|-damage|p2a: Aegislash|0 fnt\n|faint|p2a: Aegislash\n|\n|-heal|p1a: Gliscor|27\/100 tox|[from] ability: Poison Heal\n|upkeep\n|inactive|Yalpur has 120 seconds left.\n|\n|t:|1699950398\n|switch|p2a: Meowscarada|Meowscarada, F|100\/100\n|-damage|p2a: Meowscarada|88\/100|[from] Stealth Rock\n|turn|7\n|\n|t:|1699950411\n|switch|p1a: Moltres|Moltres|100\/100 par\n|-damage|p1a: Moltres|50\/100 par|[from] Stealth Rock\n|move|p2a: Meowscarada|Flower Trick|p1a: Moltres\n|-start|p2a: Meowscarada|typechange|Grass|[from] ability: Protean\n|-resisted|p1a: Moltres\n|-crit|p1a: Moltres\n|-damage|p1a: Moltres|39\/100 par\n|-damage|p2a: Meowscarada|78\/100|[from] item: Life Orb\n|\n|upkeep\n|turn|8\n|j| Ghha\n|\n|t:|1699950424\n|move|p2a: Meowscarada|Thunder Punch|p1a: Moltres\n|-supereffective|p1a: Moltres\n|-damage|p1a: Moltres|0 fnt\n|-status|p2a: Meowscarada|brn|[from] ability: Flame Body|[of] p1a: Moltres\n|faint|p1a: Moltres\n|-damage|p2a: Meowscarada|69\/100 brn|[from] item: Life Orb\n|\n|-damage|p2a: Meowscarada|62\/100 brn|[from] brn\n|upkeep\n|\n|t:|1699950435\n|switch|p1a: Urshifu|Urshifu-Rapid-Strike, M|100\/100\n|-damage|p1a: Urshifu|94\/100|[from] Stealth Rock\n|turn|9\n|\n|t:|1699950455\n|-terastallize|p1a: Urshifu|Steel\n|move|p2a: Meowscarada|Flower Trick|p1a: Urshifu\n|-resisted|p1a: Urshifu\n|-crit|p1a: Urshifu\n|-damage|p1a: Urshifu|78\/100\n|-damage|p2a: Meowscarada|53\/100 brn|[from] item: Life Orb\n|move|p1a: Urshifu|Swords Dance|p1a: Urshifu\n|-boost|p1a: Urshifu|atk|2\n|\n|-damage|p2a: Meowscarada|46\/100 brn|[from] brn\n|upkeep\n|turn|10\n|l| Ghha\n|\n|t:|1699950467\n|move|p2a: Meowscarada|Low Kick|p1a: Urshifu\n|-supereffective|p1a: Urshifu\n|-damage|p1a: Urshifu|35\/100\n|-damage|p2a: Meowscarada|37\/100 brn|[from] item: Life Orb\n|move|p1a: Urshifu|Trailblaze|p2a: Meowscarada\n|-resisted|p2a: Meowscarada\n|-damage|p2a: Meowscarada|9\/100 brn\n|-boost|p1a: Urshifu|spe|1\n|\n|-damage|p2a: Meowscarada|3\/100 brn|[from] brn\n|upkeep\n|turn|11\n|j| zgiatq\u8d85\u7ea7\u53ef\u7231\u4e4b\u795e\n|\n|t:|1699950487\n|move|p2a: Meowscarada|Sucker Punch|p1a: Urshifu\n|-damage|p1a: Urshifu|22\/100\n|-damage|p2a: Meowscarada|0 fnt|[from] item: Life Orb\n|faint|p2a: Meowscarada\n|move|p1a: Urshifu|Drain Punch|p2: Meowscarada|[notarget]\n|-fail|p1a: Urshifu\n|\n|upkeep\n|inactive|Yalpur has 90 seconds left.\n|\n|t:|1699950528\n|switch|p2a: Kartana|Kartana|100\/100\n|-damage|p2a: Kartana|94\/100|[from] Stealth Rock\n|turn|12\n|\n|t:|1699950532\n|move|p2a: Kartana|Leaf Blade|p1a: Urshifu\n|-resisted|p1a: Urshifu\n|-crit|p1a: Urshifu\n|-damage|p1a: Urshifu|0 fnt\n|faint|p1a: Urshifu\n|-ability|p2a: Kartana|Beast Boost|boost\n|-boost|p2a: Kartana|atk|1\n|\n|upkeep\n|\n|t:|1699950540\n|switch|p1a: Banette|Banette, F|100\/100\n|-damage|p1a: Banette|88\/100|[from] Stealth Rock\n|turn|13\n|\n|t:|1699950570\n|switch|p2a: Sableye|Sableye, F|100\/100\n|-damage|p2a: Sableye|88\/100|[from] Stealth Rock\n|detailschange|p1a: Banette|Banette-Mega, F\n|-mega|p1a: Banette|Banette|Banettite\n|move|p1a: Banette|Destiny Bond|p1a: Banette\n|-singlemove|p1a: Banette|Destiny Bond\n|\n|upkeep\n|turn|14\n|inactive|Yalpur has 60 seconds left.\n|\n|t:|1699950604\n|detailschange|p2a: Sableye|Sableye-Mega, F\n|-mega|p2a: Sableye|Sableye|Sablenite\n|move|p1a: Banette|Poltergeist|p2a: Sableye\n|-activate|p2a: Sableye|move: Poltergeist|Sablenite\n|-damage|p2a: Sableye|35\/100\n|move|p2a: Sableye|Knock Off|p1a: Banette\n|-supereffective|p1a: Banette\n|-damage|p1a: Banette|34\/100\n|\n|upkeep\n|turn|15\n|inactive|Yalpur has 30 seconds left.\n|\n|t:|1699950631\n|move|p1a: Banette|Poltergeist|p2a: Sableye\n|-activate|p2a: Sableye|move: Poltergeist|Sablenite\n|-damage|p2a: Sableye|0 fnt\n|faint|p2a: Sableye\n|\n|upkeep\n|inactive|Yalpur has 30 seconds left.\n|inactive|Yalpur has 20 seconds left.\n|inactive|Yalpur has 15 seconds left.\n|j| spino6302\n|\n|t:|1699950653\n|switch|p2a: Sinistcha|Sinistcha|100\/100\n|-damage|p2a: Sinistcha|88\/100|[from] Stealth Rock\n|turn|16\n|inactive|Yalpur has 25 seconds left this turn.\n|\n|t:|1699950657\n|move|p1a: Banette|Destiny Bond|p1a: Banette\n|-singlemove|p1a: Banette|Destiny Bond\n|move|p2a: Sinistcha|Matcha Gotcha|p1a: Banette|[miss]\n|-miss|p2a: Sinistcha|p1a: Banette\n|\n|-heal|p2a: Sinistcha|94\/100|[from] item: Leftovers\n|upkeep\n|turn|17\n|inactive|Yalpur has 30 seconds left.\n|\n|t:|1699950668\n|move|p1a: Banette|Poltergeist|p2a: Sinistcha\n|-activate|p2a: Sinistcha|move: Poltergeist|Leftovers\n|-supereffective|p2a: Sinistcha\n|-damage|p2a: Sinistcha|0 fnt\n|faint|p2a: Sinistcha\n|\n|upkeep\n|inactive|Yalpur has 30 seconds left this turn.\n|\n|t:|1699950677\n|switch|p2a: Bisharp|Bisharp, M, tera:Ghost|96\/100\n|-damage|p2a: Bisharp|83\/100|[from] Stealth Rock\n|turn|18\n|inactive|Yalpur has 30 seconds left.\n|\n|t:|1699950685\n|move|p1a: Banette|Destiny Bond|p1a: Banette\n|-singlemove|p1a: Banette|Destiny Bond\n|move|p2a: Bisharp|Knock Off|p1a: Banette\n|-supereffective|p1a: Banette\n|-damage|p1a: Banette|0 fnt\n|faint|p1a: Banette\n|-activate|p1a: Banette|move: Destiny Bond\n|faint|p2a: Bisharp\n|\n|upkeep\n|\n|t:|1699950696\n|switch|p2a: Kartana|Kartana|94\/100\n|switch|p1a: Ogerpon|Ogerpon-Wellspring, F|100\/100\n|-damage|p2a: Kartana|88\/100|[from] Stealth Rock\n|-damage|p1a: Ogerpon|88\/100|[from] Stealth Rock\n|turn|19\n|\n|t:|1699950710\n|move|p2a: Kartana|Leaf Blade|p1a: Ogerpon\n|-damage|p1a: Ogerpon|4\/100\n|move|p1a: Ogerpon|Trailblaze|p2a: Kartana\n|-resisted|p2a: Kartana\n|-damage|p2a: Kartana|80\/100\n|-boost|p1a: Ogerpon|spe|1\n|\n|upkeep\n|turn|20\n|\n|t:|1699950720\n|move|p1a: Ogerpon|Brick Break|p2a: Kartana\n|-supereffective|p2a: Kartana\n|-damage|p2a: Kartana|24\/100\n|move|p2a: Kartana|Leaf Blade|p1a: Ogerpon\n|-damage|p1a: Ogerpon|0 fnt\n|faint|p1a: Ogerpon\n|-ability|p2a: Kartana|Beast Boost|boost\n|-boost|p2a: Kartana|atk|1\n|\n|upkeep\n|\n|t:|1699950731\n|switch|p1a: Tapu Lele|Tapu Lele|100\/100\n|-damage|p1a: Tapu Lele|88\/100|[from] Stealth Rock\n|-fieldstart|move: Psychic Terrain|[from] ability: Psychic Surge|[of] p1a: Tapu Lele\n|turn|21\n|inactive|Yalpur has 60 seconds left.\n|\n|t:|1699950738\n|move|p2a: Kartana|Leaf Blade|p1a: Tapu Lele\n|-damage|p1a: Tapu Lele|0 fnt\n|faint|p1a: Tapu Lele\n|-ability|p2a: Kartana|Beast Boost|boost\n|-boost|p2a: Kartana|atk|1\n|\n|upkeep\n|-message|shallow sing forfeited.\n|\n|win|Yalpur\n|raw|shallow sing's rating: 1703 &rarr; <strong>1683<\/strong><br \/>(-20 for losing)\n|raw|Yalpur's rating: 1701 &rarr; <strong>1721<\/strong><br \/>(+20 for winning)\n|l|\u2606shallow sing\n","uploadtime":1699950746,"views":5,"p1id":"shallowsing","p2id":"yalpur","formatid":"gen9nationaldex","rating":1683,"private":0,"password":""}