{"id":"gen9nationaldex-1999284316","p1":"AlakaXand","p2":"rigtig","format":"[Gen 9] National Dex","log":"|html|<div class=\"broadcast-blue\"><strong>[Gen 9] National Dex is currently suspecting Sneasler! For information on how to participate check out the <a href=\"https:\/\/www.smogon.com\/forums\/threads\/sv-national-dex-suspect-8-just-dance.3731534\/\">suspect thread<\/a>.<\/strong><\/div>\n|j|\u2606AlakaXand\n|j|\u2606rigtig\n|t:|1701054965\n|gametype|singles\n|player|p1|AlakaXand|giovanni|\n|player|p2|rigtig|firebreather|\n|teamsize|p1|6\n|teamsize|p2|6\n|gen|9\n|tier|[Gen 9] National Dex\n|rule|HP Percentage Mod: HP is shown in percentages\n|rule|Endless Battle Clause: Forcing endless battles is banned\n|rule|OHKO Clause: OHKO moves are banned\n|rule|Evasion Clause: Evasion abilities, items, and moves are banned\n|rule|Evasion Abilities Clause: Evasion abilities are banned\n|rule|Evasion Items Clause: Evasion items are banned\n|rule|Evasion Moves Clause: Evasion moves are banned\n|rule|Species Clause: Limit one of each Pok\u00e9mon\n|rule|Sleep Clause Mod: Limit one foe put to sleep\n|clearpoke\n|poke|p1|Slowking-Galar, F|\n|poke|p1|Alomomola, M|\n|poke|p1|Kommo-o, M|\n|poke|p1|Latias, F|\n|poke|p1|Buzzwole|\n|poke|p1|Gliscor, F|\n|poke|p2|Krookodile, M|\n|poke|p2|Klefki, F|\n|poke|p2|Charizard, F|\n|poke|p2|Leafeon, M|\n|poke|p2|Entei|\n|poke|p2|Jirachi|\n|teampreview\n|\n|t:|1701054998\n|start\n|switch|p1a: Slowking|Slowking-Galar, F|100\/100\n|switch|p2a: Krookodile|Krookodile, M|100\/100\n|turn|1\n|\n|t:|1701055027\n|switch|p1a: Gliscor|Gliscor, F|100\/100\n|move|p2a: Krookodile|Scale Shot|p1a: Gliscor\n|-damage|p1a: Gliscor|93\/100\n|-damage|p1a: Gliscor|86\/100\n|-damage|p1a: Gliscor|79\/100\n|-damage|p1a: Gliscor|72\/100\n|-damage|p1a: Gliscor|64\/100\n|-hitcount|p1a: Gliscor|5\n|-unboost|p2a: Krookodile|def|1\n|-boost|p2a: Krookodile|spe|1\n|\n|-status|p1a: Gliscor|tox|[from] item: Toxic Orb\n|upkeep\n|turn|2\n|\n|t:|1701055085\n|move|p2a: Krookodile|Hone Claws|p2a: Krookodile\n|-boost|p2a: Krookodile|atk|1\n|-boost|p2a: Krookodile|accuracy|1\n|move|p1a: Gliscor|Swords Dance|p1a: Gliscor\n|-boost|p1a: Gliscor|atk|2\n|\n|-heal|p1a: Gliscor|76\/100 tox|[from] ability: Poison Heal\n|upkeep\n|turn|3\n|\n|t:|1701055104\n|-terastallize|p2a: Krookodile|Dragon\n|move|p2a: Krookodile|Scale Shot|p1a: Gliscor\n|-damage|p1a: Gliscor|58\/100 tox\n|-damage|p1a: Gliscor|41\/100 tox\n|-damage|p1a: Gliscor|25\/100 tox\n|-damage|p1a: Gliscor|8\/100 tox\n|-hitcount|p1a: Gliscor|4\n|-unboost|p2a: Krookodile|def|1\n|-boost|p2a: Krookodile|spe|1\n|move|p1a: Gliscor|Facade|p2a: Krookodile\n|-damage|p2a: Krookodile|0 fnt\n|faint|p2a: Krookodile\n|\n|-heal|p1a: Gliscor|20\/100 tox|[from] ability: Poison Heal\n|upkeep\n|\n|t:|1701055148\n|switch|p2a: Charizard|Charizard, F|100\/100\n|turn|4\n|\n|t:|1701055157\n|switch|p1a: Slowking|Slowking-Galar, F|100\/100\n|detailschange|p2a: Charizard|Charizard-Mega-Y, F\n|-mega|p2a: Charizard|Charizard|Charizardite Y\n|-weather|SunnyDay|[from] ability: Drought|[of] p2a: Charizard\n|move|p2a: Charizard|Air Slash|p1a: Slowking\n|-damage|p1a: Slowking|74\/100\n|\n|-weather|SunnyDay|[upkeep]\n|-heal|p1a: Slowking|80\/100|[from] item: Leftovers\n|upkeep\n|turn|5\n|\n|t:|1701055181\n|move|p2a: Charizard|Flamethrower|p1a: Slowking\n|-damage|p1a: Slowking|35\/100\n|move|p1a: Slowking|Chilly Reception|p1a: Slowking\n|-weather|Snow\n|\n|t:|1701055188\n|switch|p1a: Alomomola|Alomomola, M|100\/100|[from] Chilly Reception\n|\n|-weather|Snow|[upkeep]\n|upkeep\n|turn|6\n|\n|t:|1701055196\n|switch|p2a: Klefki|Klefki, F|100\/100\n|move|p1a: Alomomola|Wish|p1a: Alomomola\n|\n|-weather|Snow|[upkeep]\n|upkeep\n|turn|7\n|\n|t:|1701055209\n|switch|p1a: Gliscor|Gliscor, F|20\/100 tox\n|move|p2a: Klefki|Sunny Day|p2a: Klefki\n|-weather|SunnyDay\n|\n|-weather|SunnyDay|[upkeep]\n|-heal|p1a: Gliscor|87\/100 tox|[from] move: Wish|[wisher] Alomomola\n|-heal|p1a: Gliscor|99\/100 tox|[from] ability: Poison Heal\n|upkeep\n|turn|8\n|\n|t:|1701055231\n|switch|p2a: Charizard|Charizard-Mega-Y, F|100\/100\n|move|p1a: Gliscor|Swords Dance|p1a: Gliscor\n|-boost|p1a: Gliscor|atk|2\n|\n|-weather|SunnyDay|[upkeep]\n|-heal|p1a: Gliscor|100\/100 tox|[from] ability: Poison Heal\n|upkeep\n|turn|9\n|\n|t:|1701055245\n|-terastallize|p1a: Gliscor|Water\n|move|p2a: Charizard|Air Slash|p1a: Gliscor\n|-damage|p1a: Gliscor|64\/100 tox\n|move|p1a: Gliscor|Facade|p2a: Charizard\n|-damage|p2a: Charizard|21\/100\n|\n|-weather|SunnyDay|[upkeep]\n|-heal|p1a: Gliscor|77\/100 tox|[from] ability: Poison Heal\n|upkeep\n|turn|10\n|\n|t:|1701055261\n|move|p2a: Charizard|Solar Beam||[still]\n|-prepare|p2a: Charizard|Solar Beam\n|-anim|p2a: Charizard|Solar Beam|p1a: Gliscor\n|-supereffective|p1a: Gliscor\n|-damage|p1a: Gliscor|0 fnt\n|faint|p1a: Gliscor\n|\n|-weather|SunnyDay|[upkeep]\n|upkeep\n|\n|t:|1701055280\n|switch|p1a: Latias|Latias, F|100\/100\n|turn|11\n|\n|t:|1701055319\n|switch|p2a: Klefki|Klefki, F|100\/100\n|detailschange|p1a: Latias|Latias-Mega, F\n|-mega|p1a: Latias|Latias|Latiasite\n|move|p1a: Latias|Calm Mind|p1a: Latias\n|-boost|p1a: Latias|spa|1\n|-boost|p1a: Latias|spd|1\n|\n|-weather|none\n|upkeep\n|turn|12\n|\n|t:|1701055341\n|switch|p1a: Slowking|Slowking-Galar, F|68\/100\n|move|p2a: Klefki|Thunder Wave|p1a: Slowking\n|-status|p1a: Slowking|par\n|\n|-heal|p1a: Slowking|75\/100 par|[from] item: Leftovers\n|upkeep\n|turn|13\n|\n|t:|1701055354\n|switch|p2a: Jirachi|Jirachi|100\/100\n|move|p1a: Slowking|Chilly Reception|p1a: Slowking\n|-weather|Snow\n|\n|t:|1701055372\n|switch|p1a: Kommo-o|Kommo-o, M|100\/100|[from] Chilly Reception\n|\n|-weather|Snow|[upkeep]\n|upkeep\n|turn|14\n|\n|t:|1701055391\n|switch|p2a: Klefki|Klefki, F|100\/100\n|move|p1a: Kommo-o|Clangorous Soul|p1a: Kommo-o\n|-boost|p1a: Kommo-o|atk|1\n|-boost|p1a: Kommo-o|def|1\n|-boost|p1a: Kommo-o|spa|1\n|-boost|p1a: Kommo-o|spd|1\n|-boost|p1a: Kommo-o|spe|1\n|-damage|p1a: Kommo-o|68\/100\n|\n|-weather|Snow|[upkeep]\n|upkeep\n|turn|15\n|\n|t:|1701055418\n|move|p2a: Klefki|Thunder Wave|p1a: Kommo-o\n|-status|p1a: Kommo-o|par\n|move|p1a: Kommo-o|Flamethrower|p2a: Klefki\n|-supereffective|p2a: Klefki\n|-damage|p2a: Klefki|23\/100\n|\n|-weather|Snow|[upkeep]\n|upkeep\n|turn|16\n|\n|t:|1701055438\n|switch|p2a: Entei|Entei, shiny|100\/100\n|-ability|p2a: Entei|Pressure\n|-zpower|p1a: Kommo-o\n|move|p1a: Kommo-o|Clangorous Soulblaze|p2a: Entei|[zeffect]\n|-damage|p2a: Entei|0 fnt\n|faint|p2a: Entei\n|-boost|p1a: Kommo-o|atk|1\n|-boost|p1a: Kommo-o|def|1\n|-boost|p1a: Kommo-o|spa|1\n|-boost|p1a: Kommo-o|spd|1\n|-boost|p1a: Kommo-o|spe|1\n|\n|-weather|Snow|[upkeep]\n|upkeep\n|\n|t:|1701055476\n|switch|p2a: Leafeon|Leafeon, M|100\/100\n|turn|17\n|\n|t:|1701055487\n|move|p2a: Leafeon|Baby-Doll Eyes|p1a: Kommo-o\n|-unboost|p1a: Kommo-o|atk|1\n|move|p1a: Kommo-o|Boomburst|p2a: Leafeon\n|-damage|p2a: Leafeon|0 fnt\n|faint|p2a: Leafeon\n|\n|-weather|none\n|upkeep\n|\n|t:|1701055520\n|switch|p2a: Charizard|Charizard-Mega-Y, F|21\/100\n|-weather|SunnyDay|[from] ability: Drought|[of] p2a: Charizard\n|turn|18\n|\n|t:|1701055567\n|switch|p1a: Slowking|Slowking-Galar, F|100\/100 par\n|move|p2a: Charizard|Air Slash|p1a: Slowking|[miss]\n|-miss|p2a: Charizard|p1a: Slowking\n|\n|-weather|SunnyDay|[upkeep]\n|upkeep\n|turn|19\n|\n|t:|1701055580\n|move|p2a: Charizard|Flamethrower|p1a: Slowking\n|-damage|p1a: Slowking|49\/100 par\n|cant|p1a: Slowking|par\n|\n|-weather|SunnyDay|[upkeep]\n|-heal|p1a: Slowking|55\/100 par|[from] item: Leftovers\n|upkeep\n|turn|20\n|\n|t:|1701055591\n|move|p2a: Charizard|Air Slash|p1a: Slowking\n|-crit|p1a: Slowking\n|-damage|p1a: Slowking|13\/100 par\n|cant|p1a: Slowking|flinch\n|\n|-weather|SunnyDay|[upkeep]\n|-heal|p1a: Slowking|19\/100 par|[from] item: Leftovers\n|upkeep\n|turn|21\n|\n|t:|1701055606\n|switch|p1a: Latias|Latias-Mega, F|100\/100\n|move|p2a: Charizard|Solar Beam||[still]\n|-prepare|p2a: Charizard|Solar Beam\n|-anim|p2a: Charizard|Solar Beam|p1a: Latias\n|-resisted|p1a: Latias\n|-damage|p1a: Latias|84\/100\n|\n|-weather|SunnyDay|[upkeep]\n|upkeep\n|turn|22\n|\n|t:|1701055625\n|switch|p2a: Jirachi|Jirachi|100\/100\n|move|p1a: Latias|Aura Sphere|p2a: Jirachi\n|-damage|p2a: Jirachi|80\/100\n|\n|-weather|none\n|-heal|p2a: Jirachi|86\/100|[from] item: Leftovers\n|upkeep\n|turn|23\n|\n|t:|1701055665\n|switch|p1a: Kommo-o|Kommo-o, M|68\/100 par\n|move|p2a: Jirachi|Cosmic Power|p2a: Jirachi\n|-boost|p2a: Jirachi|def|1\n|-boost|p2a: Jirachi|spd|1\n|\n|-heal|p2a: Jirachi|92\/100|[from] item: Leftovers\n|upkeep\n|turn|24\n|\n|t:|1701055690\n|move|p2a: Jirachi|Cosmic Power|p2a: Jirachi\n|-boost|p2a: Jirachi|def|1\n|-boost|p2a: Jirachi|spd|1\n|cant|p1a: Kommo-o|par\n|\n|-heal|p2a: Jirachi|98\/100|[from] item: Leftovers\n|upkeep\n|turn|25\n|\n|t:|1701055710\n|move|p2a: Jirachi|Cosmic Power|p2a: Jirachi\n|-boost|p2a: Jirachi|def|1\n|-boost|p2a: Jirachi|spd|1\n|move|p1a: Kommo-o|Clangorous Soul|p1a: Kommo-o\n|-boost|p1a: Kommo-o|atk|1\n|-boost|p1a: Kommo-o|def|1\n|-boost|p1a: Kommo-o|spa|1\n|-boost|p1a: Kommo-o|spd|1\n|-boost|p1a: Kommo-o|spe|1\n|-damage|p1a: Kommo-o|35\/100 par\n|\n|-heal|p2a: Jirachi|100\/100|[from] item: Leftovers\n|upkeep\n|turn|26\n|\n|t:|1701055723\n|move|p2a: Jirachi|Stored Power|p1a: Kommo-o\n|-supereffective|p1a: Kommo-o\n|-damage|p1a: Kommo-o|0 fnt\n|faint|p1a: Kommo-o\n|\n|upkeep\n|\n|t:|1701055744\n|switch|p1a: Slowking|Slowking-Galar, F|53\/100 par\n|turn|27\n|\n|t:|1701055750\n|switch|p1a: Alomomola|Alomomola, M|100\/100\n|move|p2a: Jirachi|Cosmic Power|p2a: Jirachi\n|-boost|p2a: Jirachi|def|1\n|-boost|p2a: Jirachi|spd|1\n|\n|upkeep\n|turn|28\n|\n|t:|1701055758\n|switch|p1a: Slowking|Slowking-Galar, F|86\/100 par\n|move|p2a: Jirachi|Cosmic Power|p2a: Jirachi\n|-boost|p2a: Jirachi|def|1\n|-boost|p2a: Jirachi|spd|1\n|\n|-heal|p1a: Slowking|92\/100 par|[from] item: Leftovers\n|upkeep\n|turn|29\n|\n|t:|1701055767\n|move|p2a: Jirachi|Stored Power|p1a: Slowking\n|-damage|p1a: Slowking|48\/100 par\n|cant|p1a: Slowking|par\n|\n|-heal|p1a: Slowking|54\/100 par|[from] item: Leftovers\n|upkeep\n|turn|30\n|\n|t:|1701055776\n|switch|p1a: Alomomola|Alomomola, M|100\/100\n|move|p2a: Jirachi|Stored Power|p1a: Alomomola\n|-damage|p1a: Alomomola|35\/100\n|-enditem|p1a: Alomomola|Red Card|[of] p2a: Jirachi\n|drag|p2a: Klefki|Klefki, F|23\/100\n|\n|upkeep\n|turn|31\n|\n|t:|1701055810\n|switch|p1a: Slowking|Slowking-Galar, F|88\/100 par\n|move|p2a: Klefki|Sunny Day|p2a: Klefki\n|-weather|SunnyDay\n|\n|-weather|SunnyDay|[upkeep]\n|-heal|p1a: Slowking|94\/100 par|[from] item: Leftovers\n|upkeep\n|turn|32\n|\n|t:|1701055818\n|switch|p2a: Jirachi|Jirachi|100\/100\n|move|p1a: Slowking|Chilly Reception|p1a: Slowking\n|-weather|Snow\n|\n|t:|1701055853\n|switch|p1a: Latias|Latias-Mega, F|84\/100|[from] Chilly Reception\n|\n|-weather|Snow|[upkeep]\n|upkeep\n|turn|33\n|\n|t:|1701055861\n|move|p1a: Latias|Calm Mind|p1a: Latias\n|-boost|p1a: Latias|spa|1\n|-boost|p1a: Latias|spd|1\n|move|p2a: Jirachi|Toxic|p1a: Latias\n|-status|p1a: Latias|tox\n|\n|-weather|Snow|[upkeep]\n|-damage|p1a: Latias|78\/100 tox|[from] psn\n|upkeep\n|turn|34\n|\n|t:|1701055872\n|move|p1a: Latias|Calm Mind|p1a: Latias\n|-boost|p1a: Latias|spa|1\n|-boost|p1a: Latias|spd|1\n|move|p2a: Jirachi|Cosmic Power|p2a: Jirachi\n|-boost|p2a: Jirachi|def|1\n|-boost|p2a: Jirachi|spd|1\n|\n|-weather|Snow|[upkeep]\n|-damage|p1a: Latias|66\/100 tox|[from] psn\n|upkeep\n|turn|35\n|\n|t:|1701055883\n|move|p1a: Latias|Aura Sphere|p2a: Jirachi\n|-damage|p2a: Jirachi|75\/100\n|move|p2a: Jirachi|Wish|p2a: Jirachi\n|\n|-weather|Snow|[upkeep]\n|-heal|p2a: Jirachi|81\/100|[from] item: Leftovers\n|-damage|p1a: Latias|47\/100 tox|[from] psn\n|upkeep\n|turn|36\n|\n|t:|1701055894\n|switch|p1a: Buzzwole|Buzzwole|100\/100\n|move|p2a: Jirachi|Cosmic Power|p2a: Jirachi\n|-boost|p2a: Jirachi|def|1\n|-boost|p2a: Jirachi|spd|1\n|\n|-weather|none\n|-heal|p2a: Jirachi|100\/100|[from] move: Wish|[wisher] Jirachi\n|upkeep\n|turn|37\n|\n|t:|1701055904\n|move|p2a: Jirachi|Toxic|p1a: Buzzwole\n|-status|p1a: Buzzwole|tox\n|move|p1a: Buzzwole|Bulk Up|p1a: Buzzwole\n|-boost|p1a: Buzzwole|atk|1\n|-boost|p1a: Buzzwole|def|1\n|\n|-damage|p1a: Buzzwole|94\/100 tox|[from] psn\n|upkeep\n|turn|38\n|\n|t:|1701055913\n|move|p2a: Jirachi|Cosmic Power|p2a: Jirachi\n|-boost|p2a: Jirachi|def|1\n|-boost|p2a: Jirachi|spd|1\n|move|p1a: Buzzwole|Bulk Up|p1a: Buzzwole\n|-boost|p1a: Buzzwole|atk|1\n|-boost|p1a: Buzzwole|def|1\n|\n|-damage|p1a: Buzzwole|82\/100 tox|[from] psn\n|upkeep\n|turn|39\n|\n|t:|1701055923\n|move|p2a: Jirachi|Stored Power|p1a: Buzzwole\n|-supereffective|p1a: Buzzwole\n|-damage|p1a: Buzzwole|0 fnt\n|faint|p1a: Buzzwole\n|\n|upkeep\n|\n|t:|1701055928\n|switch|p1a: Alomomola|Alomomola, M|68\/100\n|turn|40\n|\n|t:|1701055939\n|move|p2a: Jirachi|Cosmic Power|p2a: Jirachi\n|-boost|p2a: Jirachi|def|1\n|-boost|p2a: Jirachi|spd|1\n|move|p1a: Alomomola|Scald|p2a: Jirachi\n|-damage|p2a: Jirachi|97\/100\n|\n|-heal|p2a: Jirachi|100\/100|[from] item: Leftovers\n|upkeep\n|turn|41\n|\n|t:|1701055952\n|move|p2a: Jirachi|Toxic|p1a: Alomomola\n|-status|p1a: Alomomola|tox\n|move|p1a: Alomomola|Scald|p2a: Jirachi\n|-damage|p2a: Jirachi|97\/100\n|\n|-heal|p2a: Jirachi|100\/100|[from] item: Leftovers\n|-damage|p1a: Alomomola|62\/100 tox|[from] psn\n|upkeep\n|turn|42\n|\n|t:|1701055965\n|move|p2a: Jirachi|Cosmic Power|p2a: Jirachi\n|-boost|p2a: Jirachi|def|1\n|-boost|p2a: Jirachi|spd|1\n|move|p1a: Alomomola|Scald|p2a: Jirachi\n|-damage|p2a: Jirachi|97\/100\n|\n|-heal|p2a: Jirachi|100\/100|[from] item: Leftovers\n|-damage|p1a: Alomomola|50\/100 tox|[from] psn\n|upkeep\n|turn|43\n|-message|AlakaXand forfeited.\n|\n|win|rigtig\n|l|\u2606AlakaXand\n","uploadtime":1701056022,"views":34,"p1id":"alakaxand","p2id":"rigtig","formatid":"gen9nationaldex","rating":0,"private":0,"password":""}