{"id":"gen9nationaldex-1998125528","p1":"mikarsssss","p2":"yuaaa","format":"[Gen 9] National Dex","log":"|html|<div class=\"broadcast-blue\"><strong>[Gen 9] National Dex is currently suspecting Sneasler! For information on how to participate check out the <a href=\"https:\/\/www.smogon.com\/forums\/threads\/sv-national-dex-suspect-8-just-dance.3731534\/\">suspect thread<\/a>.<\/strong><\/div>\n|j|\u2606mikarsssss\n|j|\u2606yuaaa\n|t:|1700895967\n|gametype|singles\n|player|p1|mikarsssss|dawn|1041\n|player|p2|yuaaa|hilbert|1193\n|teamsize|p1|6\n|teamsize|p2|6\n|gen|9\n|tier|[Gen 9] National Dex\n|rated|\n|rule|HP Percentage Mod: HP is shown in percentages\n|rule|Endless Battle Clause: Forcing endless battles is banned\n|rule|OHKO Clause: OHKO moves are banned\n|rule|Evasion Clause: Evasion abilities, items, and moves are banned\n|rule|Evasion Abilities Clause: Evasion abilities are banned\n|rule|Evasion Items Clause: Evasion items are banned\n|rule|Evasion Moves Clause: Evasion moves are banned\n|rule|Species Clause: Limit one of each Pok\u00e9mon\n|rule|Sleep Clause Mod: Limit one foe put to sleep\n|clearpoke\n|poke|p1|Beedrill, F|\n|poke|p1|Glimmora, F|\n|poke|p1|Skeledirge, M|\n|poke|p1|Galvantula, M|\n|poke|p1|Urshifu-*, F|\n|poke|p1|Aegislash, F|\n|poke|p2|Tapu Lele|\n|poke|p2|Scizor, M|\n|poke|p2|Toxapex, M|\n|poke|p2|Zamazenta-*|\n|poke|p2|Great Tusk|\n|poke|p2|Bisharp, M|\n|teampreview\n|inactive|Battle timer is ON: inactive players will automatically lose when time's up. (requested by mikarsssss)\n|\n|t:|1700895996\n|start\n|switch|p1a: Glimmora|Glimmora, F|100\/100\n|switch|p2a: \u5343\u78e8\u654c\u5203|Great Tusk|100\/100\n|turn|1\n|\n|t:|1700896007\n|switch|p1a: Urshifu|Urshifu-Rapid-Strike, F|100\/100\n|move|p2a: \u5343\u78e8\u654c\u5203|Bulk Up|p2a: \u5343\u78e8\u654c\u5203\n|-boost|p2a: \u5343\u78e8\u654c\u5203|atk|1\n|-boost|p2a: \u5343\u78e8\u654c\u5203|def|1\n|\n|upkeep\n|turn|2\n|\n|t:|1700896016\n|-end|p2a: \u5343\u78e8\u654c\u5203|Protosynthesis|[silent]\n|switch|p2a: \u805a\u836f\u6210\u6bd2|Toxapex, M|100\/100\n|move|p1a: Urshifu|Surging Strikes|p2a: \u805a\u836f\u6210\u6bd2\n|-resisted|p2a: \u805a\u836f\u6210\u6bd2\n|-crit|p2a: \u805a\u836f\u6210\u6bd2\n|-damage|p2a: \u805a\u836f\u6210\u6bd2|94\/100\n|-resisted|p2a: \u805a\u836f\u6210\u6bd2\n|-crit|p2a: \u805a\u836f\u6210\u6bd2\n|-damage|p2a: \u805a\u836f\u6210\u6bd2|86\/100\n|-resisted|p2a: \u805a\u836f\u6210\u6bd2\n|-crit|p2a: \u805a\u836f\u6210\u6bd2\n|-damage|p2a: \u805a\u836f\u6210\u6bd2|78\/100\n|-hitcount|p2a: \u805a\u836f\u6210\u6bd2|3\n|\n|-heal|p2a: \u805a\u836f\u6210\u6bd2|84\/100|[from] item: Leftovers\n|upkeep\n|turn|3\n|\n|t:|1700896024\n|switch|p1a: Galvantula|Galvantula, M|100\/100\n|-ability|p1a: Galvantula|Unnerve\n|move|p2a: \u805a\u836f\u6210\u6bd2|Toxic|p1a: Galvantula\n|-status|p1a: Galvantula|tox\n|\n|-heal|p2a: \u805a\u836f\u6210\u6bd2|90\/100|[from] item: Leftovers\n|-damage|p1a: Galvantula|94\/100 tox|[from] psn\n|upkeep\n|turn|4\n|\n|t:|1700896033\n|switch|p2a: \u5343\u78e8\u654c\u5203|Great Tusk|100\/100\n|move|p1a: Galvantula|Sticky Web|p2a: \u5343\u78e8\u654c\u5203\n|-sidestart|p2: yuaaa|move: Sticky Web\n|\n|-damage|p1a: Galvantula|82\/100 tox|[from] psn\n|upkeep\n|turn|5\n|\n|t:|1700896039\n|switch|p1a: Aegislash|Aegislash, F|100\/100\n|move|p2a: \u5343\u78e8\u654c\u5203|Bulk Up|p2a: \u5343\u78e8\u654c\u5203\n|-boost|p2a: \u5343\u78e8\u654c\u5203|atk|1\n|-boost|p2a: \u5343\u78e8\u654c\u5203|def|1\n|\n|upkeep\n|turn|6\n|\n|t:|1700896044\n|move|p2a: \u5343\u78e8\u654c\u5203|Knock Off|p1a: Aegislash\n|-supereffective|p1a: Aegislash\n|-damage|p1a: Aegislash|10\/100\n|-enditem|p1a: Aegislash|Spell Tag|[from] move: Knock Off|[of] p2a: \u5343\u78e8\u654c\u5203\n|move|p1a: Aegislash|Swords Dance|p1a: Aegislash\n|-boost|p1a: Aegislash|atk|2\n|\n|upkeep\n|turn|7\n|\n|t:|1700896057\n|-terastallize|p1a: Aegislash|Ghost\n|-formechange|p1a: Aegislash|Aegislash-Blade||[from] ability: Stance Change\n|move|p1a: Aegislash|Shadow Sneak|p2a: \u5343\u78e8\u654c\u5203\n|-damage|p2a: \u5343\u78e8\u654c\u5203|74\/100\n|move|p2a: \u5343\u78e8\u654c\u5203|Ice Spinner|p1a: Aegislash\n|-damage|p1a: Aegislash|0 fnt\n|faint|p1a: Aegislash\n|\n|upkeep\n|\n|t:|1700896065\n|switch|p1a: Urshifu|Urshifu-Rapid-Strike, F|100\/100\n|turn|8\n|\n|t:|1700896075\n|-end|p2a: \u5343\u78e8\u654c\u5203|Protosynthesis|[silent]\n|switch|p2a: \u805a\u836f\u6210\u6bd2|Toxapex, M|100\/100\n|-activate|p2a: \u805a\u836f\u6210\u6bd2|move: Sticky Web\n|-unboost|p2a: \u805a\u836f\u6210\u6bd2|spe|1\n|move|p1a: Urshifu|Surging Strikes|p2a: \u805a\u836f\u6210\u6bd2\n|-resisted|p2a: \u805a\u836f\u6210\u6bd2\n|-crit|p2a: \u805a\u836f\u6210\u6bd2\n|-damage|p2a: \u805a\u836f\u6210\u6bd2|93\/100\n|-resisted|p2a: \u805a\u836f\u6210\u6bd2\n|-crit|p2a: \u805a\u836f\u6210\u6bd2\n|-damage|p2a: \u805a\u836f\u6210\u6bd2|85\/100\n|-resisted|p2a: \u805a\u836f\u6210\u6bd2\n|-crit|p2a: \u805a\u836f\u6210\u6bd2\n|-damage|p2a: \u805a\u836f\u6210\u6bd2|77\/100\n|-hitcount|p2a: \u805a\u836f\u6210\u6bd2|3\n|\n|-heal|p2a: \u805a\u836f\u6210\u6bd2|84\/100|[from] item: Leftovers\n|upkeep\n|turn|9\n|\n|t:|1700896084\n|switch|p1a: Galvantula|Galvantula, M|82\/100 tox\n|-ability|p1a: Galvantula|Unnerve\n|switch|p2a: \u5343\u78e8\u654c\u5203|Great Tusk|74\/100\n|-activate|p2a: \u5343\u78e8\u654c\u5203|move: Sticky Web\n|-unboost|p2a: \u5343\u78e8\u654c\u5203|spe|1\n|\n|-damage|p1a: Galvantula|76\/100 tox|[from] psn\n|upkeep\n|turn|10\n|\n|t:|1700896105\n|move|p1a: Galvantula|Energy Ball|p2a: \u5343\u78e8\u654c\u5203\n|-supereffective|p2a: \u5343\u78e8\u654c\u5203\n|-damage|p2a: \u5343\u78e8\u654c\u5203|1\/100\n|move|p2a: \u5343\u78e8\u654c\u5203|Knock Off|p1a: Galvantula\n|-damage|p1a: Galvantula|5\/100 tox\n|-enditem|p1a: Galvantula|Focus Sash|[from] move: Knock Off|[of] p2a: \u5343\u78e8\u654c\u5203\n|\n|-damage|p1a: Galvantula|0 fnt|[from] psn\n|faint|p1a: Galvantula\n|upkeep\n|\n|t:|1700896110\n|switch|p1a: Urshifu|Urshifu-Rapid-Strike, F|100\/100\n|turn|11\n|\n|t:|1700896115\n|move|p1a: Urshifu|U-turn|p2a: \u5343\u78e8\u654c\u5203\n|-resisted|p2a: \u5343\u78e8\u654c\u5203\n|-damage|p2a: \u5343\u78e8\u654c\u5203|0 fnt\n|faint|p2a: \u5343\u78e8\u654c\u5203\n|-end|p2a: \u5343\u78e8\u654c\u5203|Protosynthesis|[silent]\n|\n|t:|1700896125\n|switch|p1a: Skeledirge|Skeledirge, M|100\/100|[from] U-turn\n|\n|upkeep\n|\n|t:|1700896134\n|switch|p2a: \u805a\u836f\u6210\u6bd2|Toxapex, M|100\/100\n|-activate|p2a: \u805a\u836f\u6210\u6bd2|move: Sticky Web\n|-unboost|p2a: \u805a\u836f\u6210\u6bd2|spe|1\n|turn|12\n|\n|t:|1700896139\n|move|p1a: Skeledirge|Earth Power|p2a: \u805a\u836f\u6210\u6bd2\n|-supereffective|p2a: \u805a\u836f\u6210\u6bd2\n|-damage|p2a: \u805a\u836f\u6210\u6bd2|66\/100\n|move|p2a: \u805a\u836f\u6210\u6bd2|Toxic|p1a: Skeledirge\n|-status|p1a: Skeledirge|tox\n|\n|-heal|p2a: \u805a\u836f\u6210\u6bd2|72\/100|[from] item: Leftovers\n|-damage|p1a: Skeledirge|94\/100 tox|[from] psn\n|upkeep\n|turn|13\n|\n|t:|1700896150\n|move|p2a: \u805a\u836f\u6210\u6bd2|Baneful Bunker|p2a: \u805a\u836f\u6210\u6bd2\n|-singleturn|p2a: \u805a\u836f\u6210\u6bd2|move: Protect\n|move|p1a: Skeledirge|Earth Power|p2a: \u805a\u836f\u6210\u6bd2\n|-activate|p2a: \u805a\u836f\u6210\u6bd2|move: Protect\n|\n|-heal|p2a: \u805a\u836f\u6210\u6bd2|78\/100|[from] item: Leftovers\n|-damage|p1a: Skeledirge|82\/100 tox|[from] psn\n|upkeep\n|turn|14\n|\n|t:|1700896162\n|move|p1a: Skeledirge|Torch Song|p2a: \u805a\u836f\u6210\u6bd2\n|-resisted|p2a: \u805a\u836f\u6210\u6bd2\n|-damage|p2a: \u805a\u836f\u6210\u6bd2|67\/100\n|-boost|p1a: Skeledirge|spa|1\n|move|p2a: \u805a\u836f\u6210\u6bd2|Haze|p2a: \u805a\u836f\u6210\u6bd2\n|-clearallboost\n|\n|-heal|p2a: \u805a\u836f\u6210\u6bd2|73\/100|[from] item: Leftovers\n|-damage|p1a: Skeledirge|64\/100 tox|[from] psn\n|upkeep\n|turn|15\n|\n|t:|1700896168\n|move|p2a: \u805a\u836f\u6210\u6bd2|Baneful Bunker|p2a: \u805a\u836f\u6210\u6bd2\n|-singleturn|p2a: \u805a\u836f\u6210\u6bd2|move: Protect\n|move|p1a: Skeledirge|Earth Power|p2a: \u805a\u836f\u6210\u6bd2\n|-activate|p2a: \u805a\u836f\u6210\u6bd2|move: Protect\n|\n|-heal|p2a: \u805a\u836f\u6210\u6bd2|79\/100|[from] item: Leftovers\n|-damage|p1a: Skeledirge|40\/100 tox|[from] psn\n|upkeep\n|turn|16\n|\n|t:|1700896180\n|move|p1a: Skeledirge|Earth Power|p2a: \u805a\u836f\u6210\u6bd2\n|-supereffective|p2a: \u805a\u836f\u6210\u6bd2\n|-damage|p2a: \u805a\u836f\u6210\u6bd2|41\/100\n|move|p2a: \u805a\u836f\u6210\u6bd2|Toxic|p1a: Skeledirge\n|-fail|p1a: Skeledirge|tox\n|\n|-heal|p2a: \u805a\u836f\u6210\u6bd2|48\/100|[from] item: Leftovers\n|-damage|p1a: Skeledirge|10\/100 tox|[from] psn\n|upkeep\n|turn|17\n|\n|t:|1700896192\n|move|p1a: Skeledirge|Earth Power|p2a: \u805a\u836f\u6210\u6bd2\n|-supereffective|p2a: \u805a\u836f\u6210\u6bd2\n|-damage|p2a: \u805a\u836f\u6210\u6bd2|11\/100\n|move|p2a: \u805a\u836f\u6210\u6bd2|Recover|p2a: \u805a\u836f\u6210\u6bd2\n|-heal|p2a: \u805a\u836f\u6210\u6bd2|61\/100\n|\n|-heal|p2a: \u805a\u836f\u6210\u6bd2|68\/100|[from] item: Leftovers\n|-damage|p1a: Skeledirge|0 fnt|[from] psn\n|faint|p1a: Skeledirge\n|upkeep\n|inactive|mikarsssss has 120 seconds left.\n|\n|t:|1700896221\n|switch|p1a: Glimmora|Glimmora, F|100\/100\n|turn|18\n|inactive|yuaaa has 120 seconds left.\n|-message|mikarsssss forfeited.\n|\n|win|yuaaa\n|raw|mikarsssss's rating: 1041 &rarr; <strong>1031<\/strong><br \/>(-10 for losing)\n|raw|yuaaa's rating: 1193 &rarr; <strong>1208<\/strong><br \/>(+15 for winning)\n|l|\u2606mikarsssss\n","uploadtime":1700896257,"views":4,"p1id":"mikarsssss","p2id":"yuaaa","formatid":"gen9nationaldex","rating":1031,"private":0,"password":""}