{"id":"gen9nationaldex-1994107582","p1":"Rullermer","p2":"time tematico","format":"[Gen 9] National Dex","log":"|j|\u2606Rullermer\n|j|\u2606time tematico\n|t:|1700407741\n|gametype|singles\n|player|p1|Rullermer|youngster-gen4dp|1013\n|player|p2|time tematico|265|1031\n|teamsize|p1|6\n|teamsize|p2|6\n|gen|9\n|tier|[Gen 9] National Dex\n|rated|\n|rule|HP Percentage Mod: HP is shown in percentages\n|rule|Endless Battle Clause: Forcing endless battles is banned\n|rule|OHKO Clause: OHKO moves are banned\n|rule|Evasion Clause: Evasion abilities, items, and moves are banned\n|rule|Evasion Abilities Clause: Evasion abilities are banned\n|rule|Evasion Items Clause: Evasion items are banned\n|rule|Evasion Moves Clause: Evasion moves are banned\n|rule|Species Clause: Limit one of each Pok\u00e9mon\n|rule|Sleep Clause Mod: Limit one foe put to sleep\n|clearpoke\n|poke|p1|Hatterene, F|\n|poke|p1|Crawdaunt, F|\n|poke|p1|Ferrothorn, M|\n|poke|p1|Banette, F|\n|poke|p1|Slowking-Galar, F|\n|poke|p1|Dusknoir, F|\n|poke|p2|Cursola, M|\n|poke|p2|Conkeldurr, F|\n|poke|p2|Comfey, F|\n|poke|p2|Centiskorch, F|\n|poke|p2|Heliolisk, M|\n|poke|p2|Gogoat, M|\n|teampreview\n|\n|t:|1700407758\n|start\n|switch|p1a: Hatterene|Hatterene, F|100\/100\n|switch|p2a: Gogoat|Gogoat, M|100\/100\n|turn|1\n|\n|t:|1700407774\n|move|p2a: Gogoat|Bulk Up|p2a: Gogoat\n|-boost|p2a: Gogoat|atk|1\n|-boost|p2a: Gogoat|def|1\n|move|p1a: Hatterene|Shadow Ball|p2a: Gogoat\n|-damage|p2a: Gogoat|80\/100\n|\n|upkeep\n|turn|2\n|\n|t:|1700407785\n|move|p2a: Gogoat|Bulk Up|p2a: Gogoat\n|-boost|p2a: Gogoat|atk|1\n|-boost|p2a: Gogoat|def|1\n|move|p1a: Hatterene|Trick Room|p1a: Hatterene\n|-fieldstart|move: Trick Room|[of] p1a: Hatterene\n|\n|upkeep\n|turn|3\n|\n|t:|1700407799\n|switch|p1a: Slowking|Slowking-Galar, F|100\/100\n|move|p2a: Gogoat|Horn Leech|p1a: Slowking\n|-resisted|p1a: Slowking\n|-damage|p1a: Slowking|66\/100\n|-heal|p2a: Gogoat|95\/100|[from] drain|[of] p1a: Slowking\n|\n|-heal|p1a: Slowking|72\/100|[from] item: Leftovers\n|upkeep\n|turn|4\n|\n|t:|1700407816\n|switch|p2a: Cursola|Cursola, M|100\/100\n|move|p1a: Slowking|Taunt|p2a: Cursola\n|-start|p2a: Cursola|move: Taunt\n|\n|-heal|p1a: Slowking|78\/100|[from] item: Leftovers\n|upkeep\n|turn|5\n|\n|t:|1700407832\n|move|p1a: Slowking|Foul Play|p2a: Cursola\n|-supereffective|p2a: Cursola\n|-crit|p2a: Cursola\n|-damage|p2a: Cursola|18\/100\n|-ability|p2a: Cursola|Weak Armor|boost\n|-unboost|p2a: Cursola|def|1\n|-boost|p2a: Cursola|spe|2\n|-enditem|p2a: Cursola|Sitrus Berry|[eat]\n|-heal|p2a: Cursola|43\/100|[from] item: Sitrus Berry\n|move|p2a: Cursola|Shadow Ball|p1a: Slowking\n|-supereffective|p1a: Slowking\n|-damage|p1a: Slowking|17\/100\n|\n|-heal|p1a: Slowking|23\/100|[from] item: Leftovers\n|upkeep\n|turn|6\n|\n|t:|1700407853\n|switch|p1a: Ferrothorn|Ferrothorn, M|100\/100\n|move|p2a: Cursola|Shadow Ball|p1a: Ferrothorn\n|-damage|p1a: Ferrothorn|59\/100\n|-unboost|p1a: Ferrothorn|spd|1\n|\n|-end|p2a: Cursola|move: Taunt\n|-fieldend|move: Trick Room\n|upkeep\n|turn|7\n|\n|t:|1700407866\n|move|p2a: Cursola|Shadow Ball|p1a: Ferrothorn\n|-damage|p1a: Ferrothorn|0 fnt\n|faint|p1a: Ferrothorn\n|\n|upkeep\n|\n|t:|1700407876\n|switch|p1a: Dusknoir|Dusknoir, F|100\/100\n|turn|8\n|\n|t:|1700407886\n|-terastallize|p2a: Cursola|Ground\n|move|p2a: Cursola|Shadow Ball|p1a: Dusknoir\n|-supereffective|p1a: Dusknoir\n|-damage|p1a: Dusknoir|14\/100\n|-enditem|p1a: Dusknoir|Aguav Berry|[eat]\n|-heal|p1a: Dusknoir|47\/100|[from] item: Aguav Berry\n|move|p1a: Dusknoir|Pain Split|p2a: Cursola\n|-sethp|p2a: Cursola|38\/100|[from] move: Pain Split|[silent]\n|-sethp|p1a: Dusknoir|54\/100|[from] move: Pain Split\n|\n|upkeep\n|turn|9\n|\n|t:|1700407905\n|-terastallize|p1a: Dusknoir|Ghost\n|move|p2a: Cursola|Earth Power|p1a: Dusknoir\n|-damage|p1a: Dusknoir|0 fnt\n|faint|p1a: Dusknoir\n|\n|upkeep\n|\n|t:|1700407913\n|switch|p1a: Crawdaunt|Crawdaunt, F|100\/100\n|turn|10\n|\n|t:|1700407920\n|move|p1a: Crawdaunt|Aqua Jet|p2a: Cursola\n|-supereffective|p2a: Cursola\n|-damage|p2a: Cursola|0 fnt\n|faint|p2a: Cursola\n|\n|upkeep\n|\n|t:|1700407925\n|switch|p2a: Conkeldurr|Conkeldurr, F|100\/100\n|turn|11\n|\n|t:|1700407937\n|switch|p1a: Banette|Banette, F|100\/100\n|move|p2a: Conkeldurr|Knock Off|p1a: Banette\n|-supereffective|p1a: Banette\n|-damage|p1a: Banette|19\/100\n|\n|-status|p2a: Conkeldurr|brn|[from] item: Flame Orb\n|upkeep\n|turn|12\n|\n|t:|1700407950\n|move|p1a: Banette|Destiny Bond|p1a: Banette\n|-singlemove|p1a: Banette|Destiny Bond\n|move|p2a: Conkeldurr|Knock Off|p1a: Banette\n|-supereffective|p1a: Banette\n|-damage|p1a: Banette|0 fnt\n|faint|p1a: Banette\n|-activate|p1a: Banette|move: Destiny Bond\n|faint|p2a: Conkeldurr\n|\n|upkeep\n|\n|t:|1700407962\n|switch|p1a: Crawdaunt|Crawdaunt, F|100\/100\n|switch|p2a: Gogoat|Gogoat, M|95\/100\n|turn|13\n|\n|t:|1700407976\n|move|p1a: Crawdaunt|Aqua Jet|p2a: Gogoat\n|-resisted|p2a: Gogoat\n|-damage|p2a: Gogoat|70\/100\n|-damage|p1a: Crawdaunt|84\/100|[from] item: Rocky Helmet|[of] p2a: Gogoat\n|move|p2a: Gogoat|Bulk Up|p2a: Gogoat\n|-boost|p2a: Gogoat|atk|1\n|-boost|p2a: Gogoat|def|1\n|\n|upkeep\n|turn|14\n|\n|t:|1700407988\n|switch|p1a: Hatterene|Hatterene, F|100\/100\n|move|p2a: Gogoat|Milk Drink|p2a: Gogoat\n|-heal|p2a: Gogoat|100\/100\n|\n|upkeep\n|turn|15\n|\n|t:|1700408013\n|move|p2a: Gogoat|Horn Leech|p1a: Hatterene\n|-damage|p1a: Hatterene|40\/100\n|move|p1a: Hatterene|Trick Room|p1a: Hatterene\n|-fieldstart|move: Trick Room|[of] p1a: Hatterene\n|\n|-heal|p1a: Hatterene|47\/100|[from] item: Leftovers\n|upkeep\n|turn|16\n|\n|t:|1700408026\n|move|p1a: Hatterene|Draining Kiss|p2a: Gogoat\n|-damage|p2a: Gogoat|82\/100\n|-heal|p1a: Hatterene|72\/100|[from] drain|[of] p2a: Gogoat\n|-damage|p1a: Hatterene|55\/100|[from] item: Rocky Helmet|[of] p2a: Gogoat\n|move|p2a: Gogoat|Bulk Up|p2a: Gogoat\n|-boost|p2a: Gogoat|atk|1\n|-boost|p2a: Gogoat|def|1\n|\n|-heal|p1a: Hatterene|61\/100|[from] item: Leftovers\n|upkeep\n|turn|17\n|\n|t:|1700408043\n|switch|p1a: Slowking|Slowking-Galar, F|56\/100\n|move|p2a: Gogoat|Horn Leech|p1a: Slowking\n|-resisted|p1a: Slowking\n|-damage|p1a: Slowking|21\/100\n|-heal|p2a: Gogoat|97\/100|[from] drain|[of] p1a: Slowking\n|\n|-heal|p1a: Slowking|27\/100|[from] item: Leftovers\n|upkeep\n|turn|18\n|\n|t:|1700408062\n|move|p1a: Slowking|Taunt|p2a: Gogoat\n|-start|p2a: Gogoat|move: Taunt\n|cant|p2a: Gogoat|move: Taunt|Milk Drink\n|\n|-heal|p1a: Slowking|33\/100|[from] item: Leftovers\n|upkeep\n|turn|19\n|\n|t:|1700408074\n|switch|p1a: Crawdaunt|Crawdaunt, F|84\/100\n|move|p2a: Gogoat|Horn Leech|p1a: Crawdaunt\n|-supereffective|p1a: Crawdaunt\n|-damage|p1a: Crawdaunt|0 fnt\n|-heal|p2a: Gogoat|100\/100|[from] drain|[of] p1a: Crawdaunt\n|faint|p1a: Crawdaunt\n|\n|-fieldend|move: Trick Room\n|upkeep\n|\n|t:|1700408120\n|switch|p1a: Slowking|Slowking-Galar, F|66\/100\n|turn|20\n|-message|Rullermer forfeited.\n|\n|win|time tematico\n|raw|Rullermer's rating: 1013 &rarr; <strong>1002<\/strong><br \/>(-11 for losing)\n|raw|time tematico's rating: 1031 &rarr; <strong>1065<\/strong><br \/>(+34 for winning)\n|l|\u2606Rullermer\n","uploadtime":1700408161,"views":6,"p1id":"rullermer","p2id":"timetematico","formatid":"gen9nationaldex","rating":1002,"private":0,"password":""}