{"id":"gen9nationaldex-1993438437","p1":"AdvilPills","p2":"shfeha","format":"[Gen 9] National Dex","log":"|j|\u2606AdvilPills\n|j|\u2606shfeha\n|t:|1700317952\n|gametype|singles\n|player|p1|AdvilPills|2|1178\n|player|p2|shfeha|cyclist|1120\n|teamsize|p1|6\n|teamsize|p2|6\n|gen|9\n|tier|[Gen 9] National Dex\n|rated|\n|rule|HP Percentage Mod: HP is shown in percentages\n|rule|Endless Battle Clause: Forcing endless battles is banned\n|rule|OHKO Clause: OHKO moves are banned\n|rule|Evasion Clause: Evasion abilities, items, and moves are banned\n|rule|Evasion Abilities Clause: Evasion abilities are banned\n|rule|Evasion Items Clause: Evasion items are banned\n|rule|Evasion Moves Clause: Evasion moves are banned\n|rule|Species Clause: Limit one of each Pok\u00e9mon\n|rule|Sleep Clause Mod: Limit one foe put to sleep\n|clearpoke\n|poke|p1|Regirock|\n|poke|p1|Tapu Bulu|\n|poke|p1|Granbull, M|\n|poke|p1|Rillaboom, M|\n|poke|p1|Haxorus, F|\n|poke|p1|Accelgor, F|\n|poke|p2|Greninja-*, M|\n|poke|p2|Scizor, F|\n|poke|p2|Skeledirge, M|\n|poke|p2|Ting-Lu|\n|poke|p2|Corviknight, M|\n|poke|p2|Clodsire, M|\n|teampreview\n|inactive|Battle timer is ON: inactive players will automatically lose when time's up. (requested by shfeha)\n|\n|t:|1700317964\n|start\n|switch|p1a: Accelgor|Accelgor, F|100\/100\n|switch|p2a: Clodsire|Clodsire, M, shiny|100\/100\n|turn|1\n|\n|t:|1700317968\n|move|p1a: Accelgor|U-turn|p2a: Clodsire\n|-resisted|p2a: Clodsire\n|-damage|p2a: Clodsire|92\/100\n|\n|t:|1700317972\n|switch|p1a: Haxorus|Haxorus, F|100\/100|[from] U-turn\n|-ability|p1a: Haxorus|Mold Breaker\n|move|p2a: Clodsire|Stealth Rock|p1a: Haxorus\n|-sidestart|p1: AdvilPills|move: Stealth Rock\n|\n|-heal|p2a: Clodsire|98\/100|[from] item: Black Sludge\n|upkeep\n|turn|2\n|\n|t:|1700317975\n|move|p1a: Haxorus|Swords Dance|p1a: Haxorus\n|-boost|p1a: Haxorus|atk|2\n|move|p2a: Clodsire|Toxic|p1a: Haxorus\n|-status|p1a: Haxorus|tox\n|\n|-heal|p2a: Clodsire|100\/100|[from] item: Black Sludge\n|-damage|p1a: Haxorus|94\/100 tox|[from] psn\n|upkeep\n|turn|3\n|\n|t:|1700317978\n|move|p1a: Haxorus|Scale Shot|p2a: Clodsire\n|-damage|p2a: Clodsire|67\/100\n|-damage|p2a: Clodsire|38\/100\n|-damage|p2a: Clodsire|6\/100\n|-damage|p2a: Clodsire|0 fnt\n|faint|p2a: Clodsire\n|-hitcount|p2: Clodsire|4\n|-unboost|p1a: Haxorus|def|1\n|-boost|p1a: Haxorus|spe|1\n|\n|-damage|p1a: Haxorus|82\/100 tox|[from] psn\n|upkeep\n|\n|t:|1700317984\n|switch|p2a: Skeledirge|Skeledirge, M, shiny|100\/100\n|turn|4\n|\n|t:|1700317988\n|move|p1a: Haxorus|Earthquake|p2a: Skeledirge\n|-supereffective|p2a: Skeledirge\n|-damage|p2a: Skeledirge|11\/100\n|move|p2a: Skeledirge|Slack Off|p2a: Skeledirge\n|-heal|p2a: Skeledirge|61\/100\n|\n|-heal|p2a: Skeledirge|67\/100|[from] item: Leftovers\n|-damage|p1a: Haxorus|64\/100 tox|[from] psn\n|upkeep\n|turn|5\n|\n|t:|1700317991\n|switch|p2a: Corviknight|Corviknight, M, shiny|100\/100\n|move|p1a: Haxorus|Earthquake|p2a: Corviknight\n|-immune|p2a: Corviknight\n|\n|-damage|p1a: Haxorus|39\/100 tox|[from] psn\n|upkeep\n|turn|6\n|\n|t:|1700317996\n|move|p1a: Haxorus|Scale Shot|p2a: Corviknight\n|-resisted|p2a: Corviknight\n|-damage|p2a: Corviknight|89\/100\n|-resisted|p2a: Corviknight\n|-crit|p2a: Corviknight\n|-damage|p2a: Corviknight|71\/100\n|-resisted|p2a: Corviknight\n|-damage|p2a: Corviknight|58\/100\n|-resisted|p2a: Corviknight\n|-damage|p2a: Corviknight|47\/100\n|-hitcount|p2a: Corviknight|4\n|-unboost|p1a: Haxorus|def|1\n|-boost|p1a: Haxorus|spe|1\n|move|p2a: Corviknight|Iron Defense|p2a: Corviknight\n|-boost|p2a: Corviknight|def|2\n|\n|-damage|p1a: Haxorus|8\/100 tox|[from] psn\n|upkeep\n|turn|7\n|\n|t:|1700318002\n|move|p1a: Haxorus|Scale Shot|p2a: Corviknight\n|-resisted|p2a: Corviknight\n|-damage|p2a: Corviknight|41\/100\n|-resisted|p2a: Corviknight\n|-damage|p2a: Corviknight|35\/100\n|-resisted|p2a: Corviknight\n|-damage|p2a: Corviknight|29\/100\n|-resisted|p2a: Corviknight\n|-damage|p2a: Corviknight|23\/100\n|-hitcount|p2a: Corviknight|4\n|-unboost|p1a: Haxorus|def|1\n|-boost|p1a: Haxorus|spe|1\n|move|p2a: Corviknight|Roost|p2a: Corviknight\n|-heal|p2a: Corviknight|73\/100\n|-singleturn|p2a: Corviknight|move: Roost\n|\n|-damage|p1a: Haxorus|0 fnt|[from] psn\n|faint|p1a: Haxorus\n|upkeep\n|-message|AdvilPills forfeited.\n|\n|win|shfeha\n|raw|AdvilPills's rating: 1178 &rarr; <strong>1149<\/strong><br \/>(-29 for losing)\n|raw|shfeha's rating: 1120 &rarr; <strong>1149<\/strong><br \/>(+29 for winning)\n|l|\u2606AdvilPills\n","uploadtime":1700318033,"views":6,"p1id":"advilpills","p2id":"shfeha","formatid":"gen9nationaldex","rating":1149,"private":0,"password":""}