{"id":"gen9nationaldex-1998686643","p1":"fly groudon","p2":"jkljlkh","format":"[Gen 9] National Dex","log":"|html|<div class=\"broadcast-blue\"><strong>[Gen 9] National Dex is currently suspecting Sneasler! For information on how to participate check out the <a href=\"https:\/\/www.smogon.com\/forums\/threads\/sv-national-dex-suspect-8-just-dance.3731534\/\">suspect thread<\/a>.<\/strong><\/div>\n|j|\u2606fly groudon\n|j|\u2606jkljlkh\n|t:|1700972494\n|gametype|singles\n|player|p1|fly groudon|alec-anime|1833\n|player|p2|jkljlkh|169|1862\n|teamsize|p1|6\n|teamsize|p2|6\n|gen|9\n|tier|[Gen 9] National Dex\n|rated|\n|rule|HP Percentage Mod: HP is shown in percentages\n|rule|Endless Battle Clause: Forcing endless battles is banned\n|rule|OHKO Clause: OHKO moves are banned\n|rule|Evasion Clause: Evasion abilities, items, and moves are banned\n|rule|Evasion Abilities Clause: Evasion abilities are banned\n|rule|Evasion Items Clause: Evasion items are banned\n|rule|Evasion Moves Clause: Evasion moves are banned\n|rule|Species Clause: Limit one of each Pok\u00e9mon\n|rule|Sleep Clause Mod: Limit one foe put to sleep\n|clearpoke\n|poke|p1|Volcarona, F|\n|poke|p1|Ogerpon-Wellspring, F|\n|poke|p1|Iron Valiant|\n|poke|p1|Banette, F|\n|poke|p1|Rillaboom, M|\n|poke|p1|Sandy Shocks|\n|poke|p2|Toxapex, F|\n|poke|p2|Dondozo, M|\n|poke|p2|Gliscor, M|\n|poke|p2|Blissey, F|\n|poke|p2|Corviknight, F|\n|poke|p2|Tyranitar, F|\n|teampreview\n|inactive|Battle timer is ON: inactive players will automatically lose when time's up. (requested by fly groudon)\n|\n|t:|1700972505\n|start\n|switch|p1a: \u6211\u6709\u4f60\u7fa1\u6155\u7684\u4e09\u773c|Sandy Shocks|100\/100\n|switch|p2a: Gliscor|Gliscor, M|100\/100\n|-enditem|p1a: \u6211\u6709\u4f60\u7fa1\u6155\u7684\u4e09\u773c|Booster Energy\n|-activate|p1a: \u6211\u6709\u4f60\u7fa1\u6155\u7684\u4e09\u773c|ability: Protosynthesis|[fromitem]\n|-start|p1a: \u6211\u6709\u4f60\u7fa1\u6155\u7684\u4e09\u773c|protosynthesisspe\n|turn|1\n|j| YJLF2\n|\n|t:|1700972508\n|move|p1a: \u6211\u6709\u4f60\u7fa1\u6155\u7684\u4e09\u773c|Stealth Rock|p2a: Gliscor\n|-sidestart|p2: jkljlkh|move: Stealth Rock\n|move|p2a: Gliscor|Toxic|p1a: \u6211\u6709\u4f60\u7fa1\u6155\u7684\u4e09\u773c\n|-status|p1a: \u6211\u6709\u4f60\u7fa1\u6155\u7684\u4e09\u773c|tox\n|\n|-damage|p1a: \u6211\u6709\u4f60\u7fa1\u6155\u7684\u4e09\u773c|94\/100 tox|[from] psn\n|-status|p2a: Gliscor|tox|[from] item: Toxic Orb\n|upkeep\n|turn|2\n|j| leona misa\n|\n|t:|1700972510\n|-terastallize|p1a: \u6211\u6709\u4f60\u7fa1\u6155\u7684\u4e09\u773c|Ice\n|move|p2a: Gliscor|Protect|p2a: Gliscor\n|-singleturn|p2a: Gliscor|Protect\n|move|p1a: \u6211\u6709\u4f60\u7fa1\u6155\u7684\u4e09\u773c|Tera Blast|p2a: Gliscor|[anim] Tera Blast Ice\n|-activate|p2a: Gliscor|move: Protect\n|\n|-damage|p1a: \u6211\u6709\u4f60\u7fa1\u6155\u7684\u4e09\u773c|82\/100 tox|[from] psn\n|upkeep\n|turn|3\n|j| ebeh\n|\n|t:|1700972513\n|switch|p2a: Toxapex|Toxapex, F|100\/100\n|move|p1a: \u6211\u6709\u4f60\u7fa1\u6155\u7684\u4e09\u773c|Earth Power|p2a: Toxapex\n|-supereffective|p2a: Toxapex\n|-damage|p2a: Toxapex|27\/100\n|\n|-damage|p1a: \u6211\u6709\u4f60\u7fa1\u6155\u7684\u4e09\u773c|63\/100 tox|[from] psn\n|upkeep\n|turn|4\n|\n|t:|1700972517\n|move|p2a: Toxapex|Baneful Bunker|p2a: Toxapex\n|-singleturn|p2a: Toxapex|move: Protect\n|move|p1a: \u6211\u6709\u4f60\u7fa1\u6155\u7684\u4e09\u773c|Tera Blast|p2a: Toxapex|[anim] Tera Blast Ice\n|-activate|p2a: Toxapex|move: Protect\n|\n|-damage|p1a: \u6211\u6709\u4f60\u7fa1\u6155\u7684\u4e09\u773c|39\/100 tox|[from] psn\n|upkeep\n|turn|5\n|\n|t:|1700972520\n|switch|p2a: Blissey|Blissey, F|100\/100\n|move|p1a: \u6211\u6709\u4f60\u7fa1\u6155\u7684\u4e09\u773c|Thunderbolt|p2a: Blissey\n|-damage|p2a: Blissey|87\/100\n|\n|-damage|p1a: \u6211\u6709\u4f60\u7fa1\u6155\u7684\u4e09\u773c|8\/100 tox|[from] psn\n|upkeep\n|turn|6\n|j| worry cares\n|\n|t:|1700972526\n|move|p1a: \u6211\u6709\u4f60\u7fa1\u6155\u7684\u4e09\u773c|Earth Power|p2a: Blissey\n|-damage|p2a: Blissey|74\/100\n|move|p2a: Blissey|Stealth Rock|p1a: \u6211\u6709\u4f60\u7fa1\u6155\u7684\u4e09\u773c\n|-sidestart|p1: fly groudon|move: Stealth Rock\n|\n|-damage|p1a: \u6211\u6709\u4f60\u7fa1\u6155\u7684\u4e09\u773c|0 fnt|[from] psn\n|faint|p1a: \u6211\u6709\u4f60\u7fa1\u6155\u7684\u4e09\u773c\n|-end|p1a: \u6211\u6709\u4f60\u7fa1\u6155\u7684\u4e09\u773c|Protosynthesis|[silent]\n|upkeep\n|\n|t:|1700972530\n|switch|p1a: \u6211\u6709\u4f60\u7fa1\u6155\u7684\u957f\u817f|Ogerpon-Wellspring, F|100\/100\n|-damage|p1a: \u6211\u6709\u4f60\u7fa1\u6155\u7684\u957f\u817f|88\/100|[from] Stealth Rock\n|turn|7\n|\n|t:|1700972533\n|switch|p2a: Toxapex|Toxapex, F|61\/100\n|move|p1a: \u6211\u6709\u4f60\u7fa1\u6155\u7684\u957f\u817f|Taunt|p2a: Toxapex\n|-start|p2a: Toxapex|move: Taunt\n|\n|upkeep\n|turn|8\n|\n|t:|1700972538\n|switch|p2a: Dondozo|Dondozo, M|100\/100\n|move|p1a: \u6211\u6709\u4f60\u7fa1\u6155\u7684\u957f\u817f|Swords Dance|p1a: \u6211\u6709\u4f60\u7fa1\u6155\u7684\u957f\u817f\n|-boost|p1a: \u6211\u6709\u4f60\u7fa1\u6155\u7684\u957f\u817f|atk|2\n|\n|upkeep\n|turn|9\n|\n|t:|1700972541\n|switch|p2a: Corviknight|Corviknight, F|100\/100\n|-damage|p2a: Corviknight|88\/100|[from] Stealth Rock\n|-ability|p2a: Corviknight|Pressure\n|move|p1a: \u6211\u6709\u4f60\u7fa1\u6155\u7684\u957f\u817f|Horn Leech|p2a: Corviknight\n|-resisted|p2a: Corviknight\n|-damage|p2a: Corviknight|69\/100\n|-heal|p1a: \u6211\u6709\u4f60\u7fa1\u6155\u7684\u957f\u817f|100\/100|[from] drain|[of] p2a: Corviknight\n|\n|-heal|p2a: Corviknight|75\/100|[from] item: Leftovers\n|upkeep\n|turn|10\n|\n|t:|1700972543\n|move|p2a: Corviknight|Protect|p2a: Corviknight\n|-singleturn|p2a: Corviknight|Protect\n|move|p1a: \u6211\u6709\u4f60\u7fa1\u6155\u7684\u957f\u817f|Ivy Cudgel|p2a: Corviknight|[anim] Ivy Cudgel Water\n|-activate|p2a: Corviknight|move: Protect\n|\n|-heal|p2a: Corviknight|82\/100|[from] item: Leftovers\n|upkeep\n|turn|11\n|\n|t:|1700972546\n|switch|p2a: Toxapex|Toxapex, F|94\/100\n|move|p1a: \u6211\u6709\u4f60\u7fa1\u6155\u7684\u957f\u817f|Ivy Cudgel|p2a: Toxapex|[anim] Ivy Cudgel Water\n|-resisted|p2a: Toxapex\n|-damage|p2a: Toxapex|59\/100\n|\n|upkeep\n|turn|12\n|\n|t:|1700972548\n|move|p2a: Toxapex|Baneful Bunker|p2a: Toxapex\n|-singleturn|p2a: Toxapex|move: Protect\n|move|p1a: \u6211\u6709\u4f60\u7fa1\u6155\u7684\u957f\u817f|Taunt|p2a: Toxapex\n|-activate|p2a: Toxapex|move: Protect\n|\n|upkeep\n|turn|13\n|l| ebeh\n|\n|t:|1700972553\n|move|p1a: \u6211\u6709\u4f60\u7fa1\u6155\u7684\u957f\u817f|Taunt|p2a: Toxapex\n|-start|p2a: Toxapex|move: Taunt\n|cant|p2a: Toxapex|move: Taunt|Toxic\n|\n|upkeep\n|turn|14\n|\n|t:|1700972562\n|switch|p2a: Corviknight|Corviknight, F|82\/100\n|-damage|p2a: Corviknight|69\/100|[from] Stealth Rock\n|-ability|p2a: Corviknight|Pressure\n|move|p1a: \u6211\u6709\u4f60\u7fa1\u6155\u7684\u957f\u817f|Ivy Cudgel|p2a: Corviknight|[anim] Ivy Cudgel Water\n|-damage|p2a: Corviknight|0 fnt\n|faint|p2a: Corviknight\n|\n|upkeep\n|\n|t:|1700972566\n|switch|p2a: Dondozo|Dondozo, M|100\/100\n|turn|15\n|\n|t:|1700972568\n|-terastallize|p2a: Dondozo|Poison\n|move|p1a: \u6211\u6709\u4f60\u7fa1\u6155\u7684\u957f\u817f|Taunt|p2a: Dondozo\n|-start|p2a: Dondozo|move: Taunt\n|move|p2a: Dondozo|Body Press|p1a: \u6211\u6709\u4f60\u7fa1\u6155\u7684\u957f\u817f\n|-damage|p1a: \u6211\u6709\u4f60\u7fa1\u6155\u7684\u957f\u817f|63\/100\n|\n|upkeep\n|turn|16\n|\n|t:|1700972575\n|move|p1a: \u6211\u6709\u4f60\u7fa1\u6155\u7684\u957f\u817f|Ivy Cudgel|p2a: Dondozo|[anim] Ivy Cudgel Water\n|-damage|p2a: Dondozo|76\/100\n|move|p2a: Dondozo|Body Press|p1a: \u6211\u6709\u4f60\u7fa1\u6155\u7684\u957f\u817f\n|-damage|p1a: \u6211\u6709\u4f60\u7fa1\u6155\u7684\u957f\u817f|27\/100\n|\n|upkeep\n|turn|17\n|\n|t:|1700972584\n|move|p1a: \u6211\u6709\u4f60\u7fa1\u6155\u7684\u957f\u817f|Ivy Cudgel|p2a: Dondozo|[anim] Ivy Cudgel Water\n|-damage|p2a: Dondozo|51\/100\n|move|p2a: Dondozo|Body Press|p1a: \u6211\u6709\u4f60\u7fa1\u6155\u7684\u957f\u817f\n|-damage|p1a: \u6211\u6709\u4f60\u7fa1\u6155\u7684\u957f\u817f|0 fnt\n|faint|p1a: \u6211\u6709\u4f60\u7fa1\u6155\u7684\u957f\u817f\n|\n|-end|p2a: Dondozo|move: Taunt\n|upkeep\n|\n|t:|1700972588\n|switch|p1a: \u6211\u6709\u4f60\u7fa1\u6155\u7684\u9ed1\u4e1d|Banette, F|100\/100\n|-damage|p1a: \u6211\u6709\u4f60\u7fa1\u6155\u7684\u9ed1\u4e1d|88\/100|[from] Stealth Rock\n|-item|p2a: Dondozo|Heavy-Duty Boots|[from] ability: Frisk|[of] p1a: \u6211\u6709\u4f60\u7fa1\u6155\u7684\u9ed1\u4e1d|[identify]\n|turn|18\n|l| leona misa\n|\n|t:|1700972592\n|detailschange|p1a: \u6211\u6709\u4f60\u7fa1\u6155\u7684\u9ed1\u4e1d|Banette-Mega, F\n|-mega|p1a: \u6211\u6709\u4f60\u7fa1\u6155\u7684\u9ed1\u4e1d|Banette|Banettite\n|move|p1a: \u6211\u6709\u4f60\u7fa1\u6155\u7684\u9ed1\u4e1d|Encore|p2a: Dondozo\n|-start|p2a: Dondozo|Encore\n|move|p2a: Dondozo|Body Press|p1a: \u6211\u6709\u4f60\u7fa1\u6155\u7684\u9ed1\u4e1d\n|-immune|p1a: \u6211\u6709\u4f60\u7fa1\u6155\u7684\u9ed1\u4e1d\n|\n|upkeep\n|turn|19\n|\n|t:|1700972595\n|switch|p2a: Toxapex|Toxapex, F|92\/100\n|move|p1a: \u6211\u6709\u4f60\u7fa1\u6155\u7684\u9ed1\u4e1d|Poltergeist|p2a: Toxapex\n|-activate|p2a: Toxapex|move: Poltergeist|Heavy-Duty Boots\n|-damage|p2a: Toxapex|44\/100\n|\n|upkeep\n|turn|20\n|\n|t:|1700972599\n|switch|p2a: Blissey|Blissey, F|74\/100\n|move|p1a: \u6211\u6709\u4f60\u7fa1\u6155\u7684\u9ed1\u4e1d|Poltergeist|p2a: Blissey\n|-immune|p2a: Blissey\n|\n|upkeep\n|turn|21\n|\n|t:|1700972604\n|switch|p2a: Dondozo|Dondozo, M, tera:Poison|51\/100\n|move|p1a: \u6211\u6709\u4f60\u7fa1\u6155\u7684\u9ed1\u4e1d|Poltergeist|p2a: Dondozo\n|-activate|p2a: Dondozo|move: Poltergeist|Heavy-Duty Boots\n|-damage|p2a: Dondozo|19\/100\n|\n|upkeep\n|turn|22\n|\n|t:|1700972608\n|switch|p2a: Tyranitar|Tyranitar, F|100\/100\n|-damage|p2a: Tyranitar|88\/100|[from] Stealth Rock\n|-weather|Sandstorm|[from] ability: Sand Stream|[of] p2a: Tyranitar\n|move|p1a: \u6211\u6709\u4f60\u7fa1\u6155\u7684\u9ed1\u4e1d|Poltergeist|p2a: Tyranitar\n|-activate|p2a: Tyranitar|move: Poltergeist|Tyranitarite\n|-resisted|p2a: Tyranitar\n|-damage|p2a: Tyranitar|58\/100\n|\n|-weather|Sandstorm|[upkeep]\n|-damage|p1a: \u6211\u6709\u4f60\u7fa1\u6155\u7684\u9ed1\u4e1d|82\/100|[from] Sandstorm\n|upkeep\n|turn|23\n|\n|t:|1700972625\n|detailschange|p2a: Tyranitar|Tyranitar-Mega, F\n|-mega|p2a: Tyranitar|Tyranitar|Tyranitarite\n|move|p1a: \u6211\u6709\u4f60\u7fa1\u6155\u7684\u9ed1\u4e1d|Destiny Bond|p1a: \u6211\u6709\u4f60\u7fa1\u6155\u7684\u9ed1\u4e1d\n|-singlemove|p1a: \u6211\u6709\u4f60\u7fa1\u6155\u7684\u9ed1\u4e1d|Destiny Bond\n|move|p2a: Tyranitar|Pursuit|p1a: \u6211\u6709\u4f60\u7fa1\u6155\u7684\u9ed1\u4e1d\n|-supereffective|p1a: \u6211\u6709\u4f60\u7fa1\u6155\u7684\u9ed1\u4e1d\n|-damage|p1a: \u6211\u6709\u4f60\u7fa1\u6155\u7684\u9ed1\u4e1d|9\/100\n|\n|-weather|Sandstorm|[upkeep]\n|-damage|p1a: \u6211\u6709\u4f60\u7fa1\u6155\u7684\u9ed1\u4e1d|3\/100|[from] Sandstorm\n|upkeep\n|turn|24\n|\n|t:|1700972632\n|move|p1a: \u6211\u6709\u4f60\u7fa1\u6155\u7684\u9ed1\u4e1d|Poltergeist|p2a: Tyranitar\n|-activate|p2a: Tyranitar|move: Poltergeist|Tyranitarite\n|-resisted|p2a: Tyranitar\n|-damage|p2a: Tyranitar|35\/100\n|move|p2a: Tyranitar|Rest|p2a: Tyranitar\n|-status|p2a: Tyranitar|slp|[from] move: Rest\n|-heal|p2a: Tyranitar|100\/100 slp|[silent]\n|\n|-weather|Sandstorm|[upkeep]\n|-damage|p1a: \u6211\u6709\u4f60\u7fa1\u6155\u7684\u9ed1\u4e1d|0 fnt|[from] Sandstorm\n|faint|p1a: \u6211\u6709\u4f60\u7fa1\u6155\u7684\u9ed1\u4e1d\n|upkeep\n|\n|t:|1700972637\n|switch|p1a: \u6211\u6709\u4f60\u7fa1\u6155\u7684\u7fc5\u8180|Volcarona, F, shiny|100\/100\n|-damage|p1a: \u6211\u6709\u4f60\u7fa1\u6155\u7684\u7fc5\u8180|51\/100|[from] Stealth Rock\n|turn|25\n|\n|t:|1700972640\n|switch|p2a: Blissey|Blissey, F|74\/100\n|move|p1a: \u6211\u6709\u4f60\u7fa1\u6155\u7684\u7fc5\u8180|Substitute|p1a: \u6211\u6709\u4f60\u7fa1\u6155\u7684\u7fc5\u8180\n|-start|p1a: \u6211\u6709\u4f60\u7fa1\u6155\u7684\u7fc5\u8180|Substitute\n|-damage|p1a: \u6211\u6709\u4f60\u7fa1\u6155\u7684\u7fc5\u8180|26\/100\n|\n|-weather|Sandstorm|[upkeep]\n|-damage|p1a: \u6211\u6709\u4f60\u7fa1\u6155\u7684\u7fc5\u8180|20\/100|[from] Sandstorm\n|-damage|p2a: Blissey|68\/100|[from] Sandstorm\n|-heal|p1a: \u6211\u6709\u4f60\u7fa1\u6155\u7684\u7fc5\u8180|26\/100|[from] item: Leftovers\n|upkeep\n|turn|26\n|\n|t:|1700972643\n|move|p1a: \u6211\u6709\u4f60\u7fa1\u6155\u7684\u7fc5\u8180|Quiver Dance|p1a: \u6211\u6709\u4f60\u7fa1\u6155\u7684\u7fc5\u8180\n|-boost|p1a: \u6211\u6709\u4f60\u7fa1\u6155\u7684\u7fc5\u8180|spa|1\n|-boost|p1a: \u6211\u6709\u4f60\u7fa1\u6155\u7684\u7fc5\u8180|spd|1\n|-boost|p1a: \u6211\u6709\u4f60\u7fa1\u6155\u7684\u7fc5\u8180|spe|1\n|move|p2a: Blissey|Calm Mind|p2a: Blissey\n|-boost|p2a: Blissey|spa|1\n|-boost|p2a: Blissey|spd|1\n|\n|-weather|none\n|-heal|p1a: \u6211\u6709\u4f60\u7fa1\u6155\u7684\u7fc5\u8180|32\/100|[from] item: Leftovers\n|upkeep\n|turn|27\n|\n|t:|1700972645\n|move|p1a: \u6211\u6709\u4f60\u7fa1\u6155\u7684\u7fc5\u8180|Bug Buzz|p2a: Blissey\n|-damage|p2a: Blissey|48\/100\n|move|p2a: Blissey|Seismic Toss|p1a: \u6211\u6709\u4f60\u7fa1\u6155\u7684\u7fc5\u8180\n|-end|p1a: \u6211\u6709\u4f60\u7fa1\u6155\u7684\u7fc5\u8180|Substitute\n|\n|-heal|p1a: \u6211\u6709\u4f60\u7fa1\u6155\u7684\u7fc5\u8180|38\/100|[from] item: Leftovers\n|upkeep\n|turn|28\n|\n|t:|1700972649\n|move|p1a: \u6211\u6709\u4f60\u7fa1\u6155\u7684\u7fc5\u8180|Bug Buzz|p2a: Blissey\n|-damage|p2a: Blissey|34\/100\n|-unboost|p2a: Blissey|spd|1\n|move|p2a: Blissey|Soft-Boiled|p2a: Blissey\n|-heal|p2a: Blissey|84\/100\n|\n|-heal|p1a: \u6211\u6709\u4f60\u7fa1\u6155\u7684\u7fc5\u8180|44\/100|[from] item: Leftovers\n|upkeep\n|turn|29\n|\n|t:|1700972652\n|move|p1a: \u6211\u6709\u4f60\u7fa1\u6155\u7684\u7fc5\u8180|Bug Buzz|p2a: Blissey\n|-damage|p2a: Blissey|62\/100\n|move|p2a: Blissey|Seismic Toss|p1a: \u6211\u6709\u4f60\u7fa1\u6155\u7684\u7fc5\u8180\n|-damage|p1a: \u6211\u6709\u4f60\u7fa1\u6155\u7684\u7fc5\u8180|12\/100\n|\n|-heal|p1a: \u6211\u6709\u4f60\u7fa1\u6155\u7684\u7fc5\u8180|18\/100|[from] item: Leftovers\n|upkeep\n|turn|30\n|\n|t:|1700972654\n|move|p1a: \u6211\u6709\u4f60\u7fa1\u6155\u7684\u7fc5\u8180|Bug Buzz|p2a: Blissey\n|-damage|p2a: Blissey|30\/100\n|move|p2a: Blissey|Seismic Toss|p1a: \u6211\u6709\u4f60\u7fa1\u6155\u7684\u7fc5\u8180\n|-damage|p1a: \u6211\u6709\u4f60\u7fa1\u6155\u7684\u7fc5\u8180|0 fnt\n|faint|p1a: \u6211\u6709\u4f60\u7fa1\u6155\u7684\u7fc5\u8180\n|\n|upkeep\n|\n|t:|1700972658\n|switch|p1a: \u6211\u6709\u4f60\u7fa1\u6155\u7684\u53d1\u91cf|Rillaboom, M|100\/100\n|-damage|p1a: \u6211\u6709\u4f60\u7fa1\u6155\u7684\u53d1\u91cf|88\/100|[from] Stealth Rock\n|-fieldstart|move: Grassy Terrain|[from] ability: Grassy Surge|[of] p1a: \u6211\u6709\u4f60\u7fa1\u6155\u7684\u53d1\u91cf\n|turn|31\n|\n|t:|1700972663\n|move|p1a: \u6211\u6709\u4f60\u7fa1\u6155\u7684\u53d1\u91cf|Swords Dance|p1a: \u6211\u6709\u4f60\u7fa1\u6155\u7684\u53d1\u91cf\n|-boost|p1a: \u6211\u6709\u4f60\u7fa1\u6155\u7684\u53d1\u91cf|atk|2\n|move|p2a: Blissey|Seismic Toss|p1a: \u6211\u6709\u4f60\u7fa1\u6155\u7684\u53d1\u91cf\n|-damage|p1a: \u6211\u6709\u4f60\u7fa1\u6155\u7684\u53d1\u91cf|61\/100\n|\n|-heal|p1a: \u6211\u6709\u4f60\u7fa1\u6155\u7684\u53d1\u91cf|67\/100|[from] Grassy Terrain\n|-heal|p2a: Blissey|36\/100|[from] Grassy Terrain\n|upkeep\n|turn|32\n|\n|t:|1700972665\n|move|p1a: \u6211\u6709\u4f60\u7fa1\u6155\u7684\u53d1\u91cf|Grassy Glide|p2a: Blissey\n|-damage|p2a: Blissey|0 fnt\n|faint|p2a: Blissey\n|-damage|p1a: \u6211\u6709\u4f60\u7fa1\u6155\u7684\u53d1\u91cf|57\/100|[from] item: Life Orb\n|\n|-heal|p1a: \u6211\u6709\u4f60\u7fa1\u6155\u7684\u53d1\u91cf|63\/100|[from] Grassy Terrain\n|upkeep\n|\n|t:|1700972667\n|switch|p2a: Dondozo|Dondozo, M, tera:Poison|19\/100\n|turn|33\n|\n|t:|1700972670\n|move|p1a: \u6211\u6709\u4f60\u7fa1\u6155\u7684\u53d1\u91cf|Superpower|p2a: Dondozo\n|-resisted|p2a: Dondozo\n|-damage|p2a: Dondozo|8\/100\n|-unboost|p1a: \u6211\u6709\u4f60\u7fa1\u6155\u7684\u53d1\u91cf|atk|1\n|-unboost|p1a: \u6211\u6709\u4f60\u7fa1\u6155\u7684\u53d1\u91cf|def|1\n|-damage|p1a: \u6211\u6709\u4f60\u7fa1\u6155\u7684\u53d1\u91cf|53\/100|[from] item: Life Orb\n|move|p2a: Dondozo|Rest|p2a: Dondozo\n|-status|p2a: Dondozo|slp|[from] move: Rest\n|-heal|p2a: Dondozo|100\/100 slp|[silent]\n|\n|-heal|p1a: \u6211\u6709\u4f60\u7fa1\u6155\u7684\u53d1\u91cf|60\/100|[from] Grassy Terrain\n|upkeep\n|turn|34\n|\n|t:|1700972672\n|switch|p1a: \u6211\u6709\u4f60\u7fa1\u6155\u7684\u8eab\u9ad8|Iron Valiant, shiny|100\/100\n|-damage|p1a: \u6211\u6709\u4f60\u7fa1\u6155\u7684\u8eab\u9ad8|94\/100|[from] Stealth Rock\n|-enditem|p1a: \u6211\u6709\u4f60\u7fa1\u6155\u7684\u8eab\u9ad8|Booster Energy\n|-activate|p1a: \u6211\u6709\u4f60\u7fa1\u6155\u7684\u8eab\u9ad8|ability: Quark Drive|[fromitem]\n|-start|p1a: \u6211\u6709\u4f60\u7fa1\u6155\u7684\u8eab\u9ad8|quarkdrivespe\n|cant|p2a: Dondozo|slp\n|move|p2a: Dondozo|Sleep Talk|p2a: Dondozo\n|move|p2a: Dondozo|Rest||[from]move: Sleep Talk|[still]\n|-fail|p2a: Dondozo\n|\n|-heal|p1a: \u6211\u6709\u4f60\u7fa1\u6155\u7684\u8eab\u9ad8|100\/100|[from] Grassy Terrain\n|upkeep\n|turn|35\n|-message|fly groudon forfeited.\n|\n|win|jkljlkh\n|raw|fly groudon's rating: 1833 &rarr; <strong>1815<\/strong><br \/>(-18 for losing)\n|raw|jkljlkh's rating: 1862 &rarr; <strong>1880<\/strong><br \/>(+18 for winning)\n|l|\u2606fly groudon\n|l| YJLF2\n|l|\u2606jkljlkh\n","uploadtime":1700972754,"views":1,"p1id":"flygroudon","p2id":"jkljlkh","formatid":"gen9nationaldex","rating":1815,"private":0,"password":""}