{"id":"gen9nationaldex-1998102149","p1":"sighz 0-0","p2":"Kira the Kitsune","format":"[Gen 9] National Dex","log":"|j|\u2606sighz 0-0\n|j|\u2606Kira the Kitsune\n|inactive|Battle timer is ON: inactive players will automatically lose when time's up.\n|t:|1700891632\n|gametype|singles\n|player|p1|sighz 0-0|may-contest|\n|player|p2|Kira the Kitsune|lusamine-masters|\n|teamsize|p1|6\n|teamsize|p2|6\n|gen|9\n|tier|[Gen 9] National Dex\n|rated|Tournament battle\n|rule|HP Percentage Mod: HP is shown in percentages\n|rule|Endless Battle Clause: Forcing endless battles is banned\n|rule|OHKO Clause: OHKO moves are banned\n|rule|Evasion Clause: Evasion abilities, items, and moves are banned\n|rule|Evasion Abilities Clause: Evasion abilities are banned\n|rule|Evasion Items Clause: Evasion items are banned\n|rule|Evasion Moves Clause: Evasion moves are banned\n|rule|Species Clause: Limit one of each Pok\u00e9mon\n|rule|Sleep Clause Mod: Limit one foe put to sleep\n|clearpoke\n|poke|p1|Blacephalon|\n|poke|p1|Snorlax, M|\n|poke|p1|Landorus-Therian, M|\n|poke|p1|Victini|\n|poke|p1|Bisharp, M|\n|poke|p1|Diancie|\n|poke|p2|Gardevoir, F|\n|poke|p2|Iron Moth|\n|poke|p2|Ogerpon-Wellspring, F|\n|poke|p2|Zapdos|\n|poke|p2|Landorus-Therian, M|\n|poke|p2|Bisharp, F|\n|teampreview\n|inactive|Kira the Kitsune also wants the timer to be on.\n|c|\u2606Kira the Kitsune|my first time\n|j| bingo bronson\n|c|\u2606Kira the Kitsune|getting thro 1st round\n|c|\u2606Kira the Kitsune|i can see ill have problems\n|j| OuterDreams\n|inactive|sighz 0-0 has 120 seconds left.\n|c|\u2606sighz 0-0|nah this team sucks\n|\n|t:|1700891668\n|start\n|switch|p1a: Victini|Victini|100\/100\n|switch|p2a: Sapphire|Gardevoir, F, shiny|100\/100\n|-ability|p2a: Sapphire|Victory Star|[from] ability: Trace|[of] p1a: Victini\n|turn|1\n|\n|t:|1700891679\n|switch|p2a: Cringe|Landorus-Therian, M, shiny|100\/100\n|-ability|p2a: Cringe|Intimidate|boost\n|-unboost|p1a: Victini|atk|1\n|move|p1a: Victini|U-turn|p2a: Cringe\n|-resisted|p2a: Cringe\n|-damage|p2a: Cringe|95\/100\n|\n|t:|1700891686\n|switch|p1a: Landorus|Landorus-Therian, M|100\/100|[from] U-turn\n|-ability|p1a: Landorus|Intimidate|boost\n|-unboost|p2a: Cringe|atk|1\n|\n|upkeep\n|turn|2\n|c|\u2606Kira the Kitsune|i was too scared of v create\n|\n|t:|1700891697\n|move|p2a: Cringe|Toxic|p1a: Landorus\n|-status|p1a: Landorus|tox\n|move|p1a: Landorus|Stealth Rock|p2a: Cringe\n|-sidestart|p2: Kira the Kitsune|move: Stealth Rock\n|\n|-damage|p1a: Landorus|94\/100 tox|[from] psn\n|upkeep\n|turn|3\n|\n|t:|1700891700\n|move|p2a: Cringe|Stealth Rock|p1a: Landorus\n|-sidestart|p1: sighz 0-0|move: Stealth Rock\n|move|p1a: Landorus|Explosion|p2a: Cringe\n|-enditem|p1a: Landorus|Normal Gem|[from] gem\n|-damage|p2a: Cringe|0 fnt\n|faint|p1a: Landorus\n|faint|p2a: Cringe\n|\n|upkeep\n|c|\u2606Kira the Kitsune|SHEESH\n|\n|t:|1700891710\n|switch|p2a: Electric Chicken|Zapdos, shiny|100\/100\n|switch|p1a: Victini|Victini|100\/100\n|-damage|p1a: Victini|75\/100|[from] Stealth Rock\n|turn|4\n|\n|t:|1700891715\n|move|p1a: Victini|Final Gambit|p2a: Electric Chicken\n|-damage|p2a: Electric Chicken|13\/100\n|faint|p1a: Victini\n|move|p2a: Electric Chicken|Defog|p1: Victini|[notarget]\n|-fail|p2a: Electric Chicken\n|\n|upkeep\n|c|\u2606Kira the Kitsune|wtf?\n|\n|t:|1700891728\n|switch|p1a: Diancie|Diancie|100\/100\n|-damage|p1a: Diancie|88\/100|[from] Stealth Rock\n|turn|5\n|c|\u2606Kira the Kitsune|oh shit\n|\n|t:|1700891742\n|detailschange|p1a: Diancie|Diancie-Mega\n|-mega|p1a: Diancie|Diancie|Diancite\n|move|p1a: Diancie|Moonblast|p2a: Electric Chicken\n|-damage|p2a: Electric Chicken|0 fnt\n|faint|p2a: Electric Chicken\n|\n|upkeep\n|\n|t:|1700891748\n|switch|p2a: QueenGambit|Bisharp, F, shiny|100\/100\n|-damage|p2a: QueenGambit|95\/100|[from] Stealth Rock\n|turn|6\n|\n|t:|1700891752\n|-terastallize|p2a: QueenGambit|Fairy\n|move|p1a: Diancie|Earth Power|p2a: QueenGambit\n|-damage|p2a: QueenGambit|62\/100\n|move|p2a: QueenGambit|Iron Head|p1a: Diancie\n|-supereffective|p1a: Diancie\n|-damage|p1a: Diancie|0 fnt\n|faint|p1a: Diancie\n|\n|upkeep\n|\n|t:|1700891762\n|switch|p1a: Bisharp|Bisharp, M|100\/100\n|-damage|p1a: Bisharp|95\/100|[from] Stealth Rock\n|turn|7\n|c|\u2606Kira the Kitsune|you have brick break\n|c|\u2606Kira the Kitsune|oh wait\n|\n|t:|1700891781\n|switch|p2a: Ogerpon|Ogerpon-Wellspring, F|100\/100\n|-damage|p2a: Ogerpon|88\/100|[from] Stealth Rock\n|move|p1a: Bisharp|Swords Dance|p1a: Bisharp\n|-boost|p1a: Bisharp|atk|2\n|\n|upkeep\n|turn|8\n|\n|t:|1700891787\n|move|p2a: Ogerpon|Swords Dance|p2a: Ogerpon\n|-boost|p2a: Ogerpon|atk|2\n|move|p1a: Bisharp|Knock Off|p2a: Ogerpon\n|-damage|p2a: Ogerpon|0 fnt\n|faint|p2a: Ogerpon\n|-damage|p1a: Bisharp|85\/100|[from] item: Life Orb\n|\n|upkeep\n|\n|t:|1700891792\n|switch|p2a: Volcarona?|Iron Moth, shiny|100\/100\n|turn|9\n|\n|t:|1700891799\n|move|p1a: Bisharp|Sucker Punch|p2a: Volcarona?\n|-damage|p2a: Volcarona?|0 fnt\n|faint|p2a: Volcarona?\n|-end|p2a: Volcarona?|Quark Drive|[silent]\n|-damage|p1a: Bisharp|75\/100|[from] item: Life Orb\n|\n|upkeep\n|c|\u2606Kira the Kitsune|gg\n|\n|t:|1700891809\n|switch|p2a: QueenGambit|Bisharp, F, shiny, tera:Fairy|62\/100\n|-damage|p2a: QueenGambit|50\/100|[from] Stealth Rock\n|turn|10\n|\n|t:|1700891812\n|move|p1a: Bisharp|Iron Head|p2a: QueenGambit\n|-supereffective|p2a: QueenGambit\n|-damage|p2a: QueenGambit|0 fnt\n|faint|p2a: QueenGambit\n|-damage|p1a: Bisharp|65\/100|[from] item: Life Orb\n|\n|upkeep\n|\n|t:|1700891815\n|switch|p2a: Sapphire|Gardevoir, F, shiny|100\/100\n|-damage|p2a: Sapphire|88\/100|[from] Stealth Rock\n|-ability|p2a: Sapphire|Defiant|[from] ability: Trace|[of] p1a: Bisharp\n|turn|11\n|c|\u2606sighz 0-0|gg\n|l| bingo bronson\n|\n|t:|1700891822\n|detailschange|p2a: Sapphire|Gardevoir-Mega, F, shiny\n|-mega|p2a: Sapphire|Gardevoir|Gardevoirite\n|move|p2a: Sapphire|Aura Sphere|p1a: Bisharp\n|-supereffective|p1a: Bisharp\n|-crit|p1a: Bisharp\n|-damage|p1a: Bisharp|0 fnt\n|faint|p1a: Bisharp\n|\n|upkeep\n|\n|t:|1700891824\n|switch|p1a: Blacephalon|Blacephalon|100\/100\n|-damage|p1a: Blacephalon|76\/100|[from] Stealth Rock\n|turn|12\n|c|\u2606Kira the Kitsune|i question\n|c|\u2606Kira the Kitsune|why didnt sucker\n|\n|t:|1700891841\n|move|p1a: Blacephalon|Mind Blown|p2a: Sapphire\n|-damage|p2a: Sapphire|1\/100\n|-damage|p1a: Blacephalon|26\/100|[from] mindblown\n|move|p2a: Sapphire|Shadow Ball|p1a: Blacephalon\n|-supereffective|p1a: Blacephalon\n|-damage|p1a: Blacephalon|0 fnt\n|faint|p1a: Blacephalon\n|\n|upkeep\n|c|\u2606sighz 0-0|cuz i knew u wouldnt attac predicting  sucker\n|\n|t:|1700891849\n|switch|p1a: Snorlax|Snorlax, M, shiny|100\/100\n|-damage|p1a: Snorlax|88\/100|[from] Stealth Rock\n|turn|13\n|c|\u2606Kira the Kitsune|welp i somehow jbaited you\n|c|\u2606Kira the Kitsune|since i dont have calm mind\n|c|\u2606sighz 0-0|lol\n|inactive|Kira the Kitsune has 120 seconds left.\n|c|\u2606Kira the Kitsune|hmm\n|inactive|Kira the Kitsune has 90 seconds left.\n|c|\u2606sighz 0-0|i lose this fr\n|\n|t:|1700891915\n|move|p2a: Sapphire|Hyper Voice|p1a: Snorlax\n|-damage|p1a: Snorlax|61\/100\n|move|p1a: Snorlax|Body Slam|p2a: Sapphire\n|-damage|p2a: Sapphire|0 fnt\n|faint|p2a: Sapphire\n|\n|win|sighz 0-0\n|n|\u2606sighz 0-0|sighz00\n|n|\u2606Kira the Kitsune|kirathekitsune\n|n| OuterDreams|outerdreams\n|l| OuterDreams\n|l|\u2606Kira the Kitsune\n|c|\u2606sighz 0-0|ggwp\n","uploadtime":1700891932,"views":4,"p1id":"sighz00","p2id":"kirathekitsune","formatid":"gen9nationaldex","rating":0,"private":0,"password":""}