{"id":"gen9nationaldex-1998040547","p1":"TheLostSaint","p2":"jkljlkh","format":"[Gen 9] National Dex","log":"|html|<div class=\"broadcast-blue\"><strong>[Gen 9] National Dex is currently suspecting Sneasler! For information on how to participate check out the <a href=\"https:\/\/www.smogon.com\/forums\/threads\/sv-national-dex-suspect-8-just-dance.3731534\/\">suspect thread<\/a>.<\/strong><\/div>\n|j|\u2606TheLostSaint\n|j|\u2606jkljlkh\n|t:|1700882475\n|gametype|singles\n|player|p1|TheLostSaint|gambler|1559\n|player|p2|jkljlkh|1|1832\n|teamsize|p1|6\n|teamsize|p2|6\n|gen|9\n|tier|[Gen 9] National Dex\n|rated|\n|rule|HP Percentage Mod: HP is shown in percentages\n|rule|Endless Battle Clause: Forcing endless battles is banned\n|rule|OHKO Clause: OHKO moves are banned\n|rule|Evasion Clause: Evasion abilities, items, and moves are banned\n|rule|Evasion Abilities Clause: Evasion abilities are banned\n|rule|Evasion Items Clause: Evasion items are banned\n|rule|Evasion Moves Clause: Evasion moves are banned\n|rule|Species Clause: Limit one of each Pok\u00e9mon\n|rule|Sleep Clause Mod: Limit one foe put to sleep\n|clearpoke\n|poke|p1|Tapu Koko|\n|poke|p1|Iron Valiant|\n|poke|p1|Hawlucha, F|\n|poke|p1|Iron Moth|\n|poke|p1|Landorus-Therian, M|\n|poke|p1|Scizor, F|\n|poke|p2|Toxapex, M|\n|poke|p2|Dondozo, F|\n|poke|p2|Gliscor, F|\n|poke|p2|Blissey, F|\n|poke|p2|Corviknight, F|\n|poke|p2|Tyranitar, M|\n|teampreview\n|inactive|Battle timer is ON: inactive players will automatically lose when time's up. (requested by TheLostSaint)\n|\n|t:|1700882516\n|start\n|switch|p1a: Tapu Koko|Tapu Koko|100\/100\n|switch|p2a: Gliscor|Gliscor, F|100\/100\n|-fieldstart|move: Electric Terrain|[from] ability: Electric Surge|[of] p1a: Tapu Koko\n|turn|1\n|\n|t:|1700882518\n|move|p2a: Gliscor|Protect|p2a: Gliscor\n|-singleturn|p2a: Gliscor|Protect\n|move|p1a: Tapu Koko|Hidden Power|p2a: Gliscor\n|-activate|p2a: Gliscor|move: Protect\n|\n|-status|p2a: Gliscor|tox|[from] item: Toxic Orb\n|upkeep\n|turn|2\n|\n|t:|1700882524\n|switch|p2a: Blissey|Blissey, F|100\/100\n|move|p1a: Tapu Koko|U-turn|p2a: Blissey\n|-damage|p2a: Blissey|72\/100\n|\n|t:|1700882534\n|switch|p1a: Scizor|Scizor, F|100\/100|[from] U-turn\n|\n|upkeep\n|turn|3\n|\n|t:|1700882543\n|switch|p2a: Toxapex|Toxapex, M|100\/100\n|detailschange|p1a: Scizor|Scizor-Mega, F\n|-mega|p1a: Scizor|Scizor|Scizorite\n|move|p1a: Scizor|Swords Dance|p1a: Scizor\n|-boost|p1a: Scizor|atk|2\n|\n|upkeep\n|turn|4\n|\n|t:|1700882546\n|move|p1a: Scizor|Trailblaze|p2a: Toxapex\n|-damage|p2a: Toxapex|63\/100\n|-boost|p1a: Scizor|spe|1\n|move|p2a: Toxapex|Knock Off|p1a: Scizor\n|-damage|p1a: Scizor|91\/100\n|\n|upkeep\n|turn|5\n|\n|t:|1700882553\n|switch|p2a: Dondozo|Dondozo, F|100\/100\n|move|p1a: Scizor|Trailblaze|p2a: Dondozo\n|-supereffective|p2a: Dondozo\n|-damage|p2a: Dondozo|73\/100\n|-boost|p1a: Scizor|spe|1\n|\n|upkeep\n|turn|6\n|\n|t:|1700882560\n|switch|p1a: Tapu Koko|Tapu Koko|100\/100\n|move|p2a: Dondozo|Curse|p2a: Dondozo\n|-unboost|p2a: Dondozo|spe|1\n|-boost|p2a: Dondozo|atk|1\n|-boost|p2a: Dondozo|def|1\n|\n|upkeep\n|turn|7\n|\n|t:|1700882568\n|switch|p2a: Tyranitar|Tyranitar, M|100\/100\n|-weather|Sandstorm|[from] ability: Sand Stream|[of] p2a: Tyranitar\n|move|p1a: Tapu Koko|Dazzling Gleam|p2a: Tyranitar\n|-supereffective|p2a: Tyranitar\n|-damage|p2a: Tyranitar|70\/100\n|\n|-weather|Sandstorm|[upkeep]\n|-damage|p1a: Tapu Koko|94\/100|[from] Sandstorm\n|upkeep\n|turn|8\n|\n|t:|1700882574\n|detailschange|p2a: Tyranitar|Tyranitar-Mega, M\n|-mega|p2a: Tyranitar|Tyranitar|Tyranitarite\n|move|p1a: Tapu Koko|U-turn|p2a: Tyranitar\n|-supereffective|p2a: Tyranitar\n|-damage|p2a: Tyranitar|50\/100\n|-activate|p1a: Tapu Koko|move: Pursuit\n|move|p2a: Tyranitar|Pursuit|p1a: Tapu Koko|[from]Pursuit\n|-resisted|p1a: Tapu Koko\n|-damage|p1a: Tapu Koko|61\/100\n|\n|t:|1700882584\n|switch|p1a: Landorus|Landorus-Therian, M|100\/100|[from] U-turn\n|-ability|p1a: Landorus|Intimidate|boost\n|-unboost|p2a: Tyranitar|atk|1\n|\n|-weather|Sandstorm|[upkeep]\n|-fieldend|move: Electric Terrain\n|upkeep\n|turn|9\n|\n|t:|1700882596\n|switch|p2a: Gliscor|Gliscor, F|100\/100 tox\n|move|p1a: Landorus|Stealth Rock|p2a: Gliscor\n|-sidestart|p2: jkljlkh|move: Stealth Rock\n|\n|-weather|Sandstorm|[upkeep]\n|upkeep\n|turn|10\n|\n|t:|1700882600\n|move|p2a: Gliscor|Protect|p2a: Gliscor\n|-singleturn|p2a: Gliscor|Protect\n|move|p1a: Landorus|Hidden Power|p2a: Gliscor\n|-activate|p2a: Gliscor|move: Protect\n|\n|-weather|Sandstorm|[upkeep]\n|upkeep\n|turn|11\n|\n|t:|1700882604\n|switch|p2a: Corviknight|Corviknight, F|100\/100\n|-damage|p2a: Corviknight|88\/100|[from] Stealth Rock\n|-ability|p2a: Corviknight|Pressure\n|move|p1a: Landorus|Hidden Power|p2a: Corviknight\n|-damage|p2a: Corviknight|79\/100\n|\n|-weather|none\n|-heal|p2a: Corviknight|85\/100|[from] item: Leftovers\n|upkeep\n|turn|12\n|\n|t:|1700882606\n|move|p1a: Landorus|U-turn|p2a: Corviknight\n|-resisted|p2a: Corviknight\n|-damage|p2a: Corviknight|81\/100\n|\n|t:|1700882612\n|switch|p1a: Iron Moth|Iron Moth|100\/100|[from] U-turn\n|move|p2a: Corviknight|Defog|p1a: Iron Moth\n|-unboost|p1a: Iron Moth|evasion|1\n|-sideend|p2: jkljlkh|Stealth Rock|[from] move: Defog|[of] p2a: Corviknight\n|\n|-heal|p2a: Corviknight|88\/100|[from] item: Leftovers\n|upkeep\n|turn|13\n|\n|t:|1700882621\n|switch|p2a: Blissey|Blissey, F|72\/100\n|move|p1a: Iron Moth|Energy Ball|p2a: Blissey\n|-damage|p2a: Blissey|63\/100\n|\n|upkeep\n|turn|14\n|\n|t:|1700882625\n|-end|p1a: Iron Moth|Quark Drive|[silent]\n|switch|p1a: Landorus|Landorus-Therian, M|100\/100\n|-ability|p1a: Landorus|Intimidate|boost\n|-unboost|p2a: Blissey|atk|1\n|move|p2a: Blissey|Soft-Boiled|p2a: Blissey\n|-heal|p2a: Blissey|100\/100\n|\n|upkeep\n|turn|15\n|\n|t:|1700882633\n|switch|p2a: Gliscor|Gliscor, F|100\/100 tox\n|move|p1a: Landorus|Stealth Rock|p2a: Gliscor\n|-sidestart|p2: jkljlkh|move: Stealth Rock\n|\n|upkeep\n|turn|16\n|\n|t:|1700882637\n|move|p1a: Landorus|U-turn|p2a: Gliscor\n|-resisted|p2a: Gliscor\n|-damage|p2a: Gliscor|93\/100 tox\n|\n|t:|1700882642\n|switch|p1a: Scizor|Scizor-Mega, F|91\/100|[from] U-turn\n|move|p2a: Gliscor|Toxic|p1a: Scizor\n|-immune|p1a: Scizor\n|\n|-heal|p2a: Gliscor|100\/100 tox|[from] ability: Poison Heal\n|upkeep\n|turn|17\n|\n|t:|1700882647\n|move|p1a: Scizor|Swords Dance|p1a: Scizor\n|-boost|p1a: Scizor|atk|2\n|move|p2a: Gliscor|Earthquake|p1a: Scizor\n|-damage|p1a: Scizor|65\/100\n|\n|upkeep\n|turn|18\n|\n|t:|1700882651\n|move|p1a: Scizor|Bullet Punch|p2a: Gliscor\n|-damage|p2a: Gliscor|56\/100 tox\n|move|p2a: Gliscor|Earthquake|p1a: Scizor\n|-damage|p1a: Scizor|38\/100\n|\n|-heal|p2a: Gliscor|69\/100 tox|[from] ability: Poison Heal\n|upkeep\n|turn|19\n|\n|t:|1700882654\n|move|p2a: Gliscor|Protect|p2a: Gliscor\n|-singleturn|p2a: Gliscor|Protect\n|move|p1a: Scizor|Swords Dance|p1a: Scizor\n|-boost|p1a: Scizor|atk|2\n|\n|-heal|p2a: Gliscor|81\/100 tox|[from] ability: Poison Heal\n|upkeep\n|turn|20\n|\n|t:|1700882658\n|switch|p2a: Toxapex|Toxapex, M|97\/100\n|move|p1a: Scizor|Bullet Punch|p2a: Toxapex\n|-resisted|p2a: Toxapex\n|-damage|p2a: Toxapex|63\/100\n|\n|upkeep\n|turn|21\n|\n|t:|1700882661\n|move|p1a: Scizor|Trailblaze|p2a: Toxapex\n|-damage|p2a: Toxapex|4\/100\n|-boost|p1a: Scizor|spe|1\n|move|p2a: Toxapex|Recover|p2a: Toxapex\n|-heal|p2a: Toxapex|54\/100\n|\n|upkeep\n|turn|22\n|\n|t:|1700882667\n|switch|p2a: Dondozo|Dondozo, F|73\/100\n|move|p1a: Scizor|Swords Dance|p1a: Scizor\n|-boost|p1a: Scizor|atk|2\n|\n|upkeep\n|turn|23\n|\n|t:|1700882672\n|move|p1a: Scizor|Trailblaze|p2a: Dondozo\n|-supereffective|p2a: Dondozo\n|-damage|p2a: Dondozo|45\/100\n|-boost|p1a: Scizor|spe|1\n|move|p2a: Dondozo|Rest|p2a: Dondozo\n|-status|p2a: Dondozo|slp|[from] move: Rest\n|-heal|p2a: Dondozo|100\/100 slp|[silent]\n|\n|upkeep\n|turn|24\n|\n|t:|1700882678\n|switch|p1a: Tapu Koko|Tapu Koko|61\/100\n|-fieldstart|move: Electric Terrain|[from] ability: Electric Surge|[of] p1a: Tapu Koko\n|cant|p2a: Dondozo|slp\n|move|p2a: Dondozo|Sleep Talk|p2a: Dondozo\n|move|p2a: Dondozo|Body Press|p1a: Tapu Koko|[from]move: Sleep Talk\n|-resisted|p1a: Tapu Koko\n|-damage|p1a: Tapu Koko|42\/100\n|\n|upkeep\n|turn|25\n|\n|t:|1700882685\n|switch|p2a: Blissey|Blissey, F|100\/100\n|move|p1a: Tapu Koko|Thunderbolt|p2a: Blissey\n|-damage|p2a: Blissey|85\/100\n|\n|upkeep\n|turn|26\n|\n|t:|1700882688\n|move|p1a: Tapu Koko|U-turn|p2a: Blissey\n|-damage|p2a: Blissey|58\/100\n|\n|t:|1700882699\n|switch|p1a: Hawlucha|Hawlucha, F|100\/100|[from] U-turn\n|-enditem|p1a: Hawlucha|Electric Seed\n|-boost|p1a: Hawlucha|def|1|[from] item: Electric Seed\n|move|p2a: Blissey|Stealth Rock|p1a: Hawlucha\n|-sidestart|p1: TheLostSaint|move: Stealth Rock\n|\n|upkeep\n|turn|27\n|\n|t:|1700882702\n|switch|p2a: Toxapex|Toxapex, M|87\/100\n|move|p1a: Hawlucha|Taunt|p2a: Toxapex\n|-start|p2a: Toxapex|move: Taunt\n|\n|upkeep\n|turn|28\n|\n|t:|1700882705\n|switch|p2a: Dondozo|Dondozo, F|100\/100 slp\n|move|p1a: Hawlucha|Swords Dance|p1a: Hawlucha\n|-boost|p1a: Hawlucha|atk|2\n|\n|upkeep\n|turn|29\n|\n|t:|1700882708\n|move|p1a: Hawlucha|Taunt|p2a: Dondozo\n|-start|p2a: Dondozo|move: Taunt\n|cant|p2a: Dondozo|slp\n|cant|p2a: Dondozo|move: Taunt|Sleep Talk\n|\n|upkeep\n|turn|30\n|\n|t:|1700882713\n|switch|p2a: Toxapex|Toxapex, M|100\/100\n|move|p1a: Hawlucha|Acrobatics|p2a: Toxapex\n|-damage|p2a: Toxapex|44\/100\n|\n|upkeep\n|turn|31\n|\n|t:|1700882718\n|move|p2a: Toxapex|Baneful Bunker|p2a: Toxapex\n|-singleturn|p2a: Toxapex|move: Protect\n|move|p1a: Hawlucha|Acrobatics|p2a: Toxapex\n|-activate|p2a: Toxapex|move: Protect\n|-status|p1a: Hawlucha|psn\n|\n|-damage|p1a: Hawlucha|88\/100 psn|[from] psn\n|-fieldend|move: Electric Terrain\n|upkeep\n|turn|32\n|\n|t:|1700882723\n|switch|p2a: Dondozo|Dondozo, F|100\/100 slp\n|move|p1a: Hawlucha|Acrobatics|p2a: Dondozo\n|-damage|p2a: Dondozo|80\/100 slp\n|\n|-damage|p1a: Hawlucha|76\/100 psn|[from] psn\n|upkeep\n|turn|33\n|\n|t:|1700882727\n|move|p1a: Hawlucha|Taunt|p2a: Dondozo\n|-start|p2a: Dondozo|move: Taunt\n|-curestatus|p2a: Dondozo|slp|[msg]\n|cant|p2a: Dondozo|move: Taunt|Curse\n|\n|-damage|p1a: Hawlucha|63\/100 psn|[from] psn\n|upkeep\n|turn|34\n|\n|t:|1700882730\n|move|p1a: Hawlucha|Swords Dance|p1a: Hawlucha\n|-boost|p1a: Hawlucha|atk|2\n|move|p2a: Dondozo|Body Press|p1a: Hawlucha\n|-resisted|p1a: Hawlucha\n|-damage|p1a: Hawlucha|45\/100 psn\n|\n|-damage|p1a: Hawlucha|33\/100 psn|[from] psn\n|upkeep\n|turn|35\n|\n|t:|1700882732\n|move|p1a: Hawlucha|Acrobatics|p2a: Dondozo\n|-damage|p2a: Dondozo|59\/100\n|move|p2a: Dondozo|Body Press|p1a: Hawlucha\n|-resisted|p1a: Hawlucha\n|-damage|p1a: Hawlucha|13\/100 psn\n|\n|-damage|p1a: Hawlucha|0 fnt|[from] psn\n|faint|p1a: Hawlucha\n|-end|p2a: Dondozo|move: Taunt\n|upkeep\n|\n|t:|1700882734\n|switch|p1a: Tapu Koko|Tapu Koko|42\/100\n|-damage|p1a: Tapu Koko|30\/100|[from] Stealth Rock\n|-fieldstart|move: Electric Terrain|[from] ability: Electric Surge|[of] p1a: Tapu Koko\n|turn|36\n|\n|t:|1700882738\n|switch|p2a: Blissey|Blissey, F|58\/100\n|move|p1a: Tapu Koko|U-turn|p2a: Blissey\n|-damage|p2a: Blissey|31\/100\n|\n|t:|1700882744\n|switch|p1a: Iron Valiant|Iron Valiant|100\/100|[from] U-turn\n|-damage|p1a: Iron Valiant|94\/100|[from] Stealth Rock\n|-activate|p1a: Iron Valiant|ability: Quark Drive\n|-start|p1a: Iron Valiant|quarkdrivespe\n|\n|upkeep\n|turn|37\n|\n|t:|1700882759\n|switch|p2a: Toxapex|Toxapex, M|77\/100\n|move|p1a: Iron Valiant|Psyshock|p2a: Toxapex\n|-supereffective|p2a: Toxapex\n|-damage|p2a: Toxapex|35\/100\n|-damage|p1a: Iron Valiant|85\/100|[from] item: Life Orb\n|\n|upkeep\n|turn|38\n|\n|t:|1700882765\n|move|p2a: Toxapex|Baneful Bunker|p2a: Toxapex\n|-singleturn|p2a: Toxapex|move: Protect\n|move|p1a: Iron Valiant|Thunderbolt|p2a: Toxapex\n|-activate|p2a: Toxapex|move: Protect\n|\n|upkeep\n|turn|39\n|\n|t:|1700882771\n|switch|p2a: Gliscor|Gliscor, F|81\/100 tox\n|-damage|p2a: Gliscor|69\/100 tox|[from] Stealth Rock\n|move|p1a: Iron Valiant|Psyshock|p2a: Gliscor\n|-damage|p2a: Gliscor|48\/100 tox\n|-damage|p1a: Iron Valiant|75\/100|[from] item: Life Orb\n|\n|-heal|p2a: Gliscor|60\/100 tox|[from] ability: Poison Heal\n|upkeep\n|turn|40\n|\n|t:|1700882777\n|move|p2a: Gliscor|Protect|p2a: Gliscor\n|-singleturn|p2a: Gliscor|Protect\n|move|p1a: Iron Valiant|Moonblast|p2a: Gliscor\n|-activate|p2a: Gliscor|move: Protect\n|\n|-heal|p2a: Gliscor|73\/100 tox|[from] ability: Poison Heal\n|upkeep\n|turn|41\n|\n|t:|1700882783\n|switch|p2a: Toxapex|Toxapex, M|68\/100\n|move|p1a: Iron Valiant|Moonblast|p2a: Toxapex\n|-resisted|p2a: Toxapex\n|-damage|p2a: Toxapex|44\/100\n|-damage|p1a: Iron Valiant|65\/100|[from] item: Life Orb\n|\n|upkeep\n|turn|42\n|\n|t:|1700882789\n|move|p2a: Toxapex|Baneful Bunker|p2a: Toxapex\n|-singleturn|p2a: Toxapex|move: Protect\n|move|p1a: Iron Valiant|Psyshock|p2a: Toxapex\n|-activate|p2a: Toxapex|move: Protect\n|\n|upkeep\n|turn|43\n|\n|t:|1700882796\n|switch|p2a: Tyranitar|Tyranitar-Mega, M|50\/100\n|-damage|p2a: Tyranitar|38\/100|[from] Stealth Rock\n|-weather|Sandstorm|[from] ability: Sand Stream|[of] p2a: Tyranitar\n|move|p1a: Iron Valiant|Moonblast|p2a: Tyranitar\n|-supereffective|p2a: Tyranitar\n|-damage|p2a: Tyranitar|0 fnt\n|faint|p2a: Tyranitar\n|-damage|p1a: Iron Valiant|56\/100|[from] item: Life Orb\n|\n|-weather|Sandstorm|[upkeep]\n|-damage|p1a: Iron Valiant|49\/100|[from] Sandstorm\n|-fieldend|move: Electric Terrain\n|-end|p1a: Iron Valiant|Quark Drive\n|upkeep\n|\n|t:|1700882798\n|switch|p2a: Corviknight|Corviknight, F|88\/100\n|-damage|p2a: Corviknight|75\/100|[from] Stealth Rock\n|-ability|p2a: Corviknight|Pressure\n|turn|44\n|\n|t:|1700882801\n|-terastallize|p1a: Iron Valiant|Electric\n|move|p1a: Iron Valiant|Thunderbolt|p2a: Corviknight\n|-supereffective|p2a: Corviknight\n|-damage|p2a: Corviknight|0 fnt\n|faint|p2a: Corviknight\n|-damage|p1a: Iron Valiant|40\/100|[from] item: Life Orb\n|\n|-weather|Sandstorm|[upkeep]\n|-damage|p1a: Iron Valiant|33\/100|[from] Sandstorm\n|upkeep\n|\n|t:|1700882829\n|switch|p2a: Toxapex|Toxapex, M|77\/100\n|turn|45\n|\n|t:|1700882835\n|-terastallize|p2a: Toxapex|Psychic\n|move|p1a: Iron Valiant|Thunderbolt|p2a: Toxapex\n|-damage|p2a: Toxapex|30\/100\n|-damage|p1a: Iron Valiant|24\/100|[from] item: Life Orb\n|move|p2a: Toxapex|Toxic|p1a: Iron Valiant\n|-status|p1a: Iron Valiant|tox\n|\n|-weather|Sandstorm|[upkeep]\n|-damage|p1a: Iron Valiant|17\/100 tox|[from] Sandstorm\n|-damage|p2a: Toxapex|24\/100|[from] Sandstorm\n|-damage|p1a: Iron Valiant|11\/100 tox|[from] psn\n|upkeep\n|turn|46\n|\n|t:|1700882842\n|move|p2a: Toxapex|Baneful Bunker|p2a: Toxapex\n|-singleturn|p2a: Toxapex|move: Protect\n|move|p1a: Iron Valiant|Moonblast|p2a: Toxapex\n|-activate|p2a: Toxapex|move: Protect\n|\n|-weather|Sandstorm|[upkeep]\n|-damage|p1a: Iron Valiant|5\/100 tox|[from] Sandstorm\n|-damage|p2a: Toxapex|18\/100|[from] Sandstorm\n|-damage|p1a: Iron Valiant|0 fnt|[from] psn\n|faint|p1a: Iron Valiant\n|-end|p1a: Iron Valiant|Quark Drive|[silent]\n|upkeep\n|\n|t:|1700882853\n|switch|p1a: Tapu Koko|Tapu Koko|30\/100\n|-damage|p1a: Tapu Koko|18\/100|[from] Stealth Rock\n|-fieldstart|move: Electric Terrain|[from] ability: Electric Surge|[of] p1a: Tapu Koko\n|turn|47\n|\n|t:|1700882857\n|move|p1a: Tapu Koko|U-turn|p2a: Toxapex\n|-supereffective|p2a: Toxapex\n|-crit|p2a: Toxapex\n|-damage|p2a: Toxapex|0 fnt\n|faint|p2a: Toxapex\n|\n|t:|1700882866\n|switch|p1a: Landorus|Landorus-Therian, M|100\/100|[from] U-turn\n|-damage|p1a: Landorus|88\/100|[from] Stealth Rock\n|\n|-weather|none\n|upkeep\n|\n|t:|1700882868\n|switch|p2a: Gliscor|Gliscor, F|73\/100 tox\n|-damage|p2a: Gliscor|60\/100 tox|[from] Stealth Rock\n|turn|48\n|\n|t:|1700882872\n|move|p2a: Gliscor|Protect|p2a: Gliscor\n|-singleturn|p2a: Gliscor|Protect\n|move|p1a: Landorus|Hidden Power|p2a: Gliscor\n|-activate|p2a: Gliscor|move: Protect\n|\n|-heal|p2a: Gliscor|73\/100 tox|[from] ability: Poison Heal\n|upkeep\n|turn|49\n|\n|t:|1700882878\n|move|p1a: Landorus|Earthquake|p2a: Gliscor\n|-immune|p2a: Gliscor\n|move|p2a: Gliscor|Toxic|p1a: Landorus\n|-status|p1a: Landorus|tox\n|\n|-damage|p1a: Landorus|82\/100 tox|[from] psn\n|-heal|p2a: Gliscor|85\/100 tox|[from] ability: Poison Heal\n|upkeep\n|turn|50\n|\n|t:|1700882881\n|move|p2a: Gliscor|Protect|p2a: Gliscor\n|-singleturn|p2a: Gliscor|Protect\n|move|p1a: Landorus|U-turn|p2a: Gliscor\n|-activate|p2a: Gliscor|move: Protect\n|\n|-damage|p1a: Landorus|70\/100 tox|[from] psn\n|-heal|p2a: Gliscor|98\/100 tox|[from] ability: Poison Heal\n|upkeep\n|turn|51\n|\n|t:|1700882884\n|move|p1a: Landorus|U-turn|p2a: Gliscor\n|-resisted|p2a: Gliscor\n|-damage|p2a: Gliscor|91\/100 tox\n|\n|t:|1700882890\n|switch|p1a: Scizor|Scizor-Mega, F|38\/100|[from] U-turn\n|-damage|p1a: Scizor|26\/100|[from] Stealth Rock\n|move|p2a: Gliscor|Spikes|p1a: Scizor\n|-sidestart|p1: TheLostSaint|Spikes\n|\n|-heal|p2a: Gliscor|100\/100 tox|[from] ability: Poison Heal\n|upkeep\n|turn|52\n|\n|t:|1700882895\n|move|p1a: Scizor|Bullet Punch|p2a: Gliscor\n|-damage|p2a: Gliscor|77\/100 tox\n|move|p2a: Gliscor|Earthquake|p1a: Scizor\n|-damage|p1a: Scizor|0 fnt\n|faint|p1a: Scizor\n|\n|-heal|p2a: Gliscor|89\/100 tox|[from] ability: Poison Heal\n|upkeep\n|\n|t:|1700882903\n|switch|p1a: Landorus|Landorus-Therian, M|70\/100 tox\n|-damage|p1a: Landorus|58\/100 tox|[from] Stealth Rock\n|-ability|p1a: Landorus|Intimidate|boost\n|-unboost|p2a: Gliscor|atk|1\n|turn|53\n|\n|t:|1700882906\n|move|p2a: Gliscor|Protect|p2a: Gliscor\n|-singleturn|p2a: Gliscor|Protect\n|move|p1a: Landorus|Hidden Power|p2a: Gliscor\n|-activate|p2a: Gliscor|move: Protect\n|\n|-damage|p1a: Landorus|52\/100 tox|[from] psn\n|-heal|p2a: Gliscor|100\/100 tox|[from] ability: Poison Heal\n|upkeep\n|turn|54\n|\n|t:|1700882913\n|switch|p2a: Dondozo|Dondozo, F|59\/100\n|move|p1a: Landorus|Hidden Power|p2a: Dondozo\n|-resisted|p2a: Dondozo\n|-damage|p2a: Dondozo|53\/100\n|\n|-damage|p1a: Landorus|40\/100 tox|[from] psn\n|-fieldend|move: Electric Terrain\n|upkeep\n|turn|55\n|\n|t:|1700882916\n|move|p1a: Landorus|Earthquake|p2a: Dondozo\n|-damage|p2a: Dondozo|32\/100\n|move|p2a: Dondozo|Rest|p2a: Dondozo\n|-status|p2a: Dondozo|slp|[from] move: Rest\n|-heal|p2a: Dondozo|100\/100 slp|[silent]\n|\n|-damage|p1a: Landorus|22\/100 tox|[from] psn\n|upkeep\n|turn|56\n|\n|t:|1700882919\n|move|p1a: Landorus|U-turn|p2a: Dondozo\n|-damage|p2a: Dondozo|90\/100 slp\n|\n|t:|1700882922\n|switch|p1a: Iron Moth|Iron Moth|100\/100|[from] U-turn\n|cant|p2a: Dondozo|slp\n|move|p2a: Dondozo|Sleep Talk|p2a: Dondozo\n|move|p2a: Dondozo|Curse|p2a: Dondozo|[from]move: Sleep Talk\n|-unboost|p2a: Dondozo|spe|1\n|-boost|p2a: Dondozo|atk|1\n|-boost|p2a: Dondozo|def|1\n|\n|upkeep\n|turn|57\n|\n|t:|1700882928\n|switch|p2a: Gliscor|Gliscor, F|100\/100 tox\n|-damage|p2a: Gliscor|88\/100 tox|[from] Stealth Rock\n|move|p1a: Iron Moth|Energy Ball|p2a: Gliscor\n|-damage|p2a: Gliscor|52\/100 tox\n|\n|-heal|p2a: Gliscor|64\/100 tox|[from] ability: Poison Heal\n|upkeep\n|turn|58\n|\n|t:|1700882935\n|move|p2a: Gliscor|Protect|p2a: Gliscor\n|-singleturn|p2a: Gliscor|Protect\n|move|p1a: Iron Moth|Fiery Dance|p2a: Gliscor\n|-activate|p2a: Gliscor|move: Protect\n|\n|-heal|p2a: Gliscor|76\/100 tox|[from] ability: Poison Heal\n|upkeep\n|turn|59\n|\n|t:|1700882938\n|move|p1a: Iron Moth|Fiery Dance|p2a: Gliscor\n|-damage|p2a: Gliscor|30\/100 tox\n|move|p2a: Gliscor|Earthquake|p1a: Iron Moth\n|-supereffective|p1a: Iron Moth\n|-damage|p1a: Iron Moth|0 fnt\n|faint|p1a: Iron Moth\n|-end|p1a: Iron Moth|Quark Drive|[silent]\n|\n|-heal|p2a: Gliscor|43\/100 tox|[from] ability: Poison Heal\n|upkeep\n|\n|t:|1700882942\n|switch|p1a: Tapu Koko|Tapu Koko|18\/100\n|-damage|p1a: Tapu Koko|5\/100|[from] Stealth Rock\n|-damage|p1a: Tapu Koko|0 fnt|[from] Spikes\n|faint|p1a: Tapu Koko\n|\n|t:|1700882943\n|switch|p1a: Landorus|Landorus-Therian, M|22\/100 tox\n|-damage|p1a: Landorus|9\/100 tox|[from] Stealth Rock\n|-ability|p1a: Landorus|Intimidate|boost\n|-unboost|p2a: Gliscor|atk|1\n|turn|60\n|\n|t:|1700882946\n|move|p2a: Gliscor|Protect|p2a: Gliscor\n|-singleturn|p2a: Gliscor|Protect\n|move|p1a: Landorus|Hidden Power|p2a: Gliscor\n|-activate|p2a: Gliscor|move: Protect\n|\n|-damage|p1a: Landorus|3\/100 tox|[from] psn\n|-heal|p2a: Gliscor|55\/100 tox|[from] ability: Poison Heal\n|upkeep\n|turn|61\n|\n|t:|1700882949\n|switch|p2a: Blissey|Blissey, F|31\/100\n|move|p1a: Landorus|Hidden Power|p2a: Blissey\n|-damage|p2a: Blissey|28\/100\n|\n|-damage|p1a: Landorus|0 fnt|[from] psn\n|faint|p1a: Landorus\n|\n|win|jkljlkh\n|upkeep\n|raw|TheLostSaint's rating: 1559 &rarr; <strong>1552<\/strong><br \/>(-7 for losing)\n|raw|jkljlkh's rating: 1832 &rarr; <strong>1839<\/strong><br \/>(+7 for winning)\n|l|\u2606TheLostSaint\n","uploadtime":1700882952,"views":18,"p1id":"thelostsaint","p2id":"jkljlkh","formatid":"gen9nationaldex","rating":1552,"private":0,"password":""}