{"id":"gen9nationaldex-1991877162","p1":"Chuvakan","p2":"mzznc","format":"[Gen 9] National Dex","log":"|j|\u2606Chuvakan\n|j|\u2606mzznc\n|t:|1700132364\n|gametype|singles\n|player|p1|Chuvakan|266|1000\n|player|p2|mzznc|101|1000\n|teamsize|p1|6\n|teamsize|p2|6\n|gen|9\n|tier|[Gen 9] National Dex\n|rated|\n|rule|HP Percentage Mod: HP is shown in percentages\n|rule|Endless Battle Clause: Forcing endless battles is banned\n|rule|OHKO Clause: OHKO moves are banned\n|rule|Evasion Clause: Evasion abilities, items, and moves are banned\n|rule|Evasion Abilities Clause: Evasion abilities are banned\n|rule|Evasion Items Clause: Evasion items are banned\n|rule|Evasion Moves Clause: Evasion moves are banned\n|rule|Species Clause: Limit one of each Pok\u00e9mon\n|rule|Sleep Clause Mod: Limit one foe put to sleep\n|clearpoke\n|poke|p1|Toxapex, F|\n|poke|p1|Spidops, M|\n|poke|p1|Kingdra, F|\n|poke|p1|Gliscor, F|\n|poke|p1|Ogerpon, F|\n|poke|p1|Glimmora, F|\n|poke|p2|Clodsire, F|\n|poke|p2|Empoleon, M|\n|poke|p2|Gliscor, M|\n|poke|p2|Swellow, F|\n|poke|p2|Nidoking, M|\n|poke|p2|Medicham, F|\n|teampreview\n|\n|t:|1700132381\n|start\n|switch|p1a: Gliscor|Gliscor, F|100\/100\n|switch|p2a: Gliscor|Gliscor, M|100\/100\n|turn|1\n|\n|t:|1700132394\n|move|p1a: Gliscor|Swords Dance|p1a: Gliscor\n|-boost|p1a: Gliscor|atk|2\n|move|p2a: Gliscor|Stealth Rock|p1a: Gliscor\n|-sidestart|p1: Chuvakan|move: Stealth Rock\n|\n|-status|p1a: Gliscor|tox|[from] item: Toxic Orb\n|-status|p2a: Gliscor|tox|[from] item: Toxic Orb\n|upkeep\n|turn|2\n|\n|t:|1700132416\n|move|p1a: Gliscor|Tailwind|p1a: Gliscor\n|-sidestart|p1: Chuvakan|move: Tailwind\n|move|p2a: Gliscor|Rock Tomb|p1a: Gliscor\n|-damage|p1a: Gliscor|89\/100 tox\n|-unboost|p1a: Gliscor|spe|1\n|\n|-heal|p1a: Gliscor|100\/100 tox|[from] ability: Poison Heal\n|upkeep\n|turn|3\n|\n|t:|1700132435\n|switch|p2a: Swellow|Swellow, F|100\/100\n|move|p1a: Gliscor|Crabhammer|p2a: Swellow\n|-damage|p2a: Swellow|0 fnt\n|faint|p2a: Swellow\n|\n|upkeep\n|\n|t:|1700132448\n|switch|p2a: Clodsire|Clodsire, F|100\/100\n|turn|4\n|\n|t:|1700132453\n|move|p1a: Gliscor|Earthquake|p2a: Clodsire\n|-supereffective|p2a: Clodsire\n|-damage|p2a: Clodsire|37\/100\n|move|p2a: Clodsire|Counter|p1a: Gliscor\n|-damage|p1a: Gliscor|0 fnt\n|faint|p1a: Gliscor\n|\n|-heal|p2a: Clodsire|43\/100|[from] item: Leftovers\n|upkeep\n|\n|t:|1700132463\n|switch|p1a: Spidops|Spidops, M|100\/100\n|-damage|p1a: Spidops|75\/100|[from] Stealth Rock\n|turn|5\n|\n|t:|1700132475\n|move|p1a: Spidops|Sticky Web|p2a: Clodsire\n|-sidestart|p2: mzznc|move: Sticky Web\n|move|p2a: Clodsire|Recover|p2a: Clodsire\n|-heal|p2a: Clodsire|93\/100\n|\n|-heal|p2a: Clodsire|99\/100|[from] item: Leftovers\n|-sideend|p1: Chuvakan|move: Tailwind\n|upkeep\n|turn|6\n|\n|t:|1700132484\n|move|p1a: Spidops|Toxic Spikes|p2a: Clodsire\n|-sidestart|p2: mzznc|move: Toxic Spikes\n|move|p2a: Clodsire|Toxic Spikes|p1a: Spidops\n|-sidestart|p1: Chuvakan|move: Toxic Spikes\n|\n|-heal|p2a: Clodsire|100\/100|[from] item: Leftovers\n|upkeep\n|turn|7\n|\n|t:|1700132492\n|switch|p2a: Nidoking|Nidoking, M|100\/100\n|-activate|p2a: Nidoking|move: Sticky Web\n|-unboost|p2a: Nidoking|spe|1\n|-sideend|p2: mzznc|move: Toxic Spikes|[of] p2a: Nidoking\n|move|p1a: Spidops|Toxic Spikes|p2a: Nidoking\n|-sidestart|p2: mzznc|move: Toxic Spikes\n|\n|upkeep\n|turn|8\n|\n|t:|1700132506\n|move|p2a: Nidoking|Earth Power|p1a: Spidops\n|-resisted|p1a: Spidops\n|-damage|p1a: Spidops|55\/100\n|-damage|p2a: Nidoking|91\/100|[from] item: Life Orb\n|move|p1a: Spidops|Memento|p2a: Nidoking\n|-unboost|p2a: Nidoking|atk|2\n|-unboost|p2a: Nidoking|spa|2\n|faint|p1a: Spidops\n|\n|upkeep\n|\n|t:|1700132511\n|switch|p1a: Toxapex|Toxapex, F|100\/100\n|-damage|p1a: Toxapex|88\/100|[from] Stealth Rock\n|-sideend|p1: Chuvakan|move: Toxic Spikes|[of] p1a: Toxapex\n|turn|9\n|\n|t:|1700132524\n|switch|p2a: Gliscor|Gliscor, M|100\/100 tox\n|move|p1a: Toxapex|Knock Off|p2a: Gliscor\n|-crit|p2a: Gliscor\n|-damage|p2a: Gliscor|73\/100 tox\n|-enditem|p2a: Gliscor|Toxic Orb|[from] move: Knock Off|[of] p1a: Toxapex\n|\n|-heal|p1a: Toxapex|94\/100|[from] item: Black Sludge\n|-heal|p2a: Gliscor|85\/100 tox|[from] ability: Poison Heal\n|upkeep\n|turn|10\n|\n|t:|1700132536\n|move|p2a: Gliscor|Rock Tomb|p1a: Toxapex\n|-damage|p1a: Toxapex|83\/100\n|-unboost|p1a: Toxapex|spe|1\n|move|p1a: Toxapex|Liquidation|p2a: Gliscor\n|-supereffective|p2a: Gliscor\n|-crit|p2a: Gliscor\n|-damage|p2a: Gliscor|14\/100 tox\n|\n|-heal|p1a: Toxapex|90\/100|[from] item: Black Sludge\n|-heal|p2a: Gliscor|26\/100 tox|[from] ability: Poison Heal\n|upkeep\n|turn|11\n|\n|t:|1700132549\n|move|p2a: Gliscor|Roost|p2a: Gliscor\n|-heal|p2a: Gliscor|76\/100 tox\n|-singleturn|p2a: Gliscor|move: Roost\n|move|p1a: Toxapex|Knock Off|p2a: Gliscor\n|-crit|p2a: Gliscor\n|-damage|p2a: Gliscor|58\/100 tox\n|\n|-heal|p1a: Toxapex|96\/100|[from] item: Black Sludge\n|-heal|p2a: Gliscor|70\/100 tox|[from] ability: Poison Heal\n|upkeep\n|turn|12\n|\n|t:|1700132560\n|move|p2a: Gliscor|Earthquake|p1a: Toxapex\n|-supereffective|p1a: Toxapex\n|-damage|p1a: Toxapex|44\/100\n|move|p1a: Toxapex|Liquidation|p2a: Gliscor\n|-supereffective|p2a: Gliscor\n|-crit|p2a: Gliscor\n|-damage|p2a: Gliscor|4\/100 tox\n|\n|-heal|p1a: Toxapex|50\/100|[from] item: Black Sludge\n|-heal|p2a: Gliscor|17\/100 tox|[from] ability: Poison Heal\n|upkeep\n|turn|13\n|\n|t:|1700132572\n|switch|p1a: Kingdra|Kingdra, F|100\/100\n|-damage|p1a: Kingdra|88\/100|[from] Stealth Rock\n|move|p2a: Gliscor|Roost|p2a: Gliscor\n|-heal|p2a: Gliscor|67\/100 tox\n|-singleturn|p2a: Gliscor|move: Roost\n|\n|-heal|p2a: Gliscor|79\/100 tox|[from] ability: Poison Heal\n|upkeep\n|turn|14\n|\n|t:|1700132585\n|switch|p2a: Clodsire|Clodsire, F|100\/100\n|-activate|p2a: Clodsire|move: Sticky Web\n|-unboost|p2a: Clodsire|spe|1\n|-sideend|p2: mzznc|move: Toxic Spikes|[of] p2a: Clodsire\n|move|p1a: Kingdra|Ice Beam|p2a: Clodsire\n|-supereffective|p2a: Clodsire\n|-damage|p2a: Clodsire|62\/100\n|\n|-heal|p2a: Clodsire|68\/100|[from] item: Leftovers\n|upkeep\n|turn|15\n|\n|t:|1700132602\n|move|p1a: Kingdra|Focus Energy|p1a: Kingdra\n|-start|p1a: Kingdra|move: Focus Energy\n|move|p2a: Clodsire|Recover|p2a: Clodsire\n|-heal|p2a: Clodsire|100\/100\n|\n|upkeep\n|turn|16\n|\n|t:|1700132611\n|move|p1a: Kingdra|Ice Beam|p2a: Clodsire\n|-supereffective|p2a: Clodsire\n|-crit|p2a: Clodsire\n|-damage|p2a: Clodsire|19\/100\n|move|p2a: Clodsire|Toxic|p1a: Kingdra\n|-status|p1a: Kingdra|tox\n|\n|-heal|p2a: Clodsire|25\/100|[from] item: Leftovers\n|-damage|p1a: Kingdra|82\/100 tox|[from] psn\n|upkeep\n|turn|17\n|\n|t:|1700132622\n|switch|p2a: Empoleon|Empoleon, M|100\/100\n|-activate|p2a: Empoleon|move: Sticky Web\n|-unboost|p2a: Empoleon|spe|1\n|-ability|p2a: Empoleon|Competitive|boost\n|-boost|p2a: Empoleon|spa|2\n|move|p1a: Kingdra|Ice Beam|p2a: Empoleon\n|-resisted|p2a: Empoleon\n|-crit|p2a: Empoleon\n|-damage|p2a: Empoleon|92\/100\n|\n|-damage|p1a: Kingdra|70\/100 tox|[from] psn\n|upkeep\n|turn|18\n|\n|t:|1700132640\n|move|p1a: Kingdra|Scald|p2a: Empoleon\n|-resisted|p2a: Empoleon\n|-crit|p2a: Empoleon\n|-damage|p2a: Empoleon|68\/100\n|-status|p2a: Empoleon|brn\n|move|p2a: Empoleon|Hydro Pump|p1a: Kingdra\n|-resisted|p1a: Kingdra\n|-damage|p1a: Kingdra|33\/100 tox\n|\n|-damage|p1a: Kingdra|15\/100 tox|[from] psn\n|-damage|p2a: Empoleon|62\/100 brn|[from] brn\n|upkeep\n|turn|19\n|\n|t:|1700132654\n|move|p2a: Empoleon|Vacuum Wave|p1a: Kingdra\n|-damage|p1a: Kingdra|0 fnt\n|faint|p1a: Kingdra\n|\n|-damage|p2a: Empoleon|56\/100 brn|[from] brn\n|upkeep\n|\n|t:|1700132664\n|switch|p1a: Ogerpon|Ogerpon, F|100\/100\n|-damage|p1a: Ogerpon|88\/100|[from] Stealth Rock\n|turn|20\n|\n|t:|1700132680\n|move|p1a: Ogerpon|Ivy Cudgel|p2a: Empoleon\n|-damage|p2a: Empoleon|0 fnt\n|faint|p2a: Empoleon\n|\n|upkeep\n|\n|t:|1700132690\n|switch|p2a: \u7ec3\u5b8c\u745c\u4f3d\u8fdb\u533b\u9662\u8eba\u4e86\u4e09\u5929|Medicham, F|100\/100\n|-activate|p2a: \u7ec3\u5b8c\u745c\u4f3d\u8fdb\u533b\u9662\u8eba\u4e86\u4e09\u5929|move: Sticky Web\n|-unboost|p2a: \u7ec3\u5b8c\u745c\u4f3d\u8fdb\u533b\u9662\u8eba\u4e86\u4e09\u5929|spe|1\n|turn|21\n|\n|t:|1700132701\n|detailschange|p2a: \u7ec3\u5b8c\u745c\u4f3d\u8fdb\u533b\u9662\u8eba\u4e86\u4e09\u5929|Medicham-Mega, F\n|-mega|p2a: \u7ec3\u5b8c\u745c\u4f3d\u8fdb\u533b\u9662\u8eba\u4e86\u4e09\u5929|Medicham|Medichamite\n|move|p1a: Ogerpon|Play Rough|p2a: \u7ec3\u5b8c\u745c\u4f3d\u8fdb\u533b\u9662\u8eba\u4e86\u4e09\u5929\n|-supereffective|p2a: \u7ec3\u5b8c\u745c\u4f3d\u8fdb\u533b\u9662\u8eba\u4e86\u4e09\u5929\n|-damage|p2a: \u7ec3\u5b8c\u745c\u4f3d\u8fdb\u533b\u9662\u8eba\u4e86\u4e09\u5929|48\/100\n|move|p2a: \u7ec3\u5b8c\u745c\u4f3d\u8fdb\u533b\u9662\u8eba\u4e86\u4e09\u5929|Trailblaze|p1a: Ogerpon\n|-resisted|p1a: Ogerpon\n|-damage|p1a: Ogerpon|74\/100\n|-boost|p2a: \u7ec3\u5b8c\u745c\u4f3d\u8fdb\u533b\u9662\u8eba\u4e86\u4e09\u5929|spe|1\n|\n|upkeep\n|turn|22\n|\n|t:|1700132712\n|move|p1a: Ogerpon|Play Rough|p2a: \u7ec3\u5b8c\u745c\u4f3d\u8fdb\u533b\u9662\u8eba\u4e86\u4e09\u5929\n|-supereffective|p2a: \u7ec3\u5b8c\u745c\u4f3d\u8fdb\u533b\u9662\u8eba\u4e86\u4e09\u5929\n|-damage|p2a: \u7ec3\u5b8c\u745c\u4f3d\u8fdb\u533b\u9662\u8eba\u4e86\u4e09\u5929|0 fnt\n|faint|p2a: \u7ec3\u5b8c\u745c\u4f3d\u8fdb\u533b\u9662\u8eba\u4e86\u4e09\u5929\n|\n|upkeep\n|\n|t:|1700132720\n|switch|p2a: Gliscor|Gliscor, M|79\/100 tox\n|turn|23\n|\n|t:|1700132748\n|switch|p1a: Glimmora|Glimmora, F|100\/100\n|-damage|p1a: Glimmora|88\/100|[from] Stealth Rock\n|-terastallize|p2a: Gliscor|Steel\n|move|p2a: Gliscor|Rock Tomb|p1a: Glimmora\n|-damage|p1a: Glimmora|72\/100\n|-unboost|p1a: Glimmora|spe|1\n|-activate|p1a: Glimmora|ability: Toxic Debris\n|-sidestart|p2: mzznc|move: Toxic Spikes\n|\n|-heal|p2a: Gliscor|91\/100 tox|[from] ability: Poison Heal\n|upkeep\n|turn|24\n|\n|t:|1700132762\n|-terastallize|p1a: Glimmora|Flying\n|move|p2a: Gliscor|Earthquake|p1a: Glimmora\n|-immune|p1a: Glimmora\n|move|p1a: Glimmora|Stealth Rock|p2a: Gliscor\n|-sidestart|p2: mzznc|move: Stealth Rock\n|\n|-heal|p2a: Gliscor|100\/100 tox|[from] ability: Poison Heal\n|upkeep\n|turn|25\n|\n|t:|1700132772\n|move|p2a: Gliscor|Rock Tomb|p1a: Glimmora\n|-supereffective|p1a: Glimmora\n|-damage|p1a: Glimmora|42\/100\n|-unboost|p1a: Glimmora|spe|1\n|-activate|p1a: Glimmora|ability: Toxic Debris\n|-sidestart|p2: mzznc|move: Toxic Spikes\n|move|p1a: Glimmora|Earth Power|p2a: Gliscor\n|-supereffective|p2a: Gliscor\n|-damage|p2a: Gliscor|45\/100 tox\n|\n|-heal|p2a: Gliscor|57\/100 tox|[from] ability: Poison Heal\n|upkeep\n|turn|26\n|\n|t:|1700132787\n|move|p2a: Gliscor|Roost|p2a: Gliscor\n|-heal|p2a: Gliscor|100\/100 tox\n|move|p1a: Glimmora|Earth Power|p2a: Gliscor\n|-supereffective|p2a: Gliscor\n|-damage|p2a: Gliscor|50\/100 tox\n|\n|-heal|p2a: Gliscor|63\/100 tox|[from] ability: Poison Heal\n|upkeep\n|turn|27\n|\n|t:|1700132796\n|move|p2a: Gliscor|Rock Tomb|p1a: Glimmora\n|-supereffective|p1a: Glimmora\n|-damage|p1a: Glimmora|11\/100\n|-unboost|p1a: Glimmora|spe|1\n|move|p1a: Glimmora|Earth Power|p2a: Gliscor\n|-supereffective|p2a: Gliscor\n|-damage|p2a: Gliscor|11\/100 tox\n|\n|-heal|p2a: Gliscor|23\/100 tox|[from] ability: Poison Heal\n|upkeep\n|turn|28\n|\n|t:|1700132808\n|move|p2a: Gliscor|Roost|p2a: Gliscor\n|-heal|p2a: Gliscor|73\/100 tox\n|move|p1a: Glimmora|Earth Power|p2a: Gliscor\n|-supereffective|p2a: Gliscor\n|-damage|p2a: Gliscor|23\/100 tox\n|\n|-heal|p2a: Gliscor|35\/100 tox|[from] ability: Poison Heal\n|upkeep\n|turn|29\n|\n|t:|1700132818\n|move|p2a: Gliscor|Roost|p2a: Gliscor\n|-heal|p2a: Gliscor|85\/100 tox\n|move|p1a: Glimmora|Earth Power|p2a: Gliscor\n|-supereffective|p2a: Gliscor\n|-damage|p2a: Gliscor|32\/100 tox\n|\n|-heal|p2a: Gliscor|44\/100 tox|[from] ability: Poison Heal\n|upkeep\n|turn|30\n|\n|t:|1700132827\n|move|p2a: Gliscor|Roost|p2a: Gliscor\n|-heal|p2a: Gliscor|94\/100 tox\n|move|p1a: Glimmora|Earth Power|p2a: Gliscor\n|-supereffective|p2a: Gliscor\n|-damage|p2a: Gliscor|43\/100 tox\n|\n|-heal|p2a: Gliscor|55\/100 tox|[from] ability: Poison Heal\n|upkeep\n|turn|31\n|\n|t:|1700132838\n|move|p2a: Gliscor|Rock Tomb|p1a: Glimmora\n|-supereffective|p1a: Glimmora\n|-damage|p1a: Glimmora|0 fnt\n|faint|p1a: Glimmora\n|\n|-heal|p2a: Gliscor|67\/100 tox|[from] ability: Poison Heal\n|upkeep\n|\n|t:|1700132845\n|switch|p1a: Ogerpon|Ogerpon, F|74\/100\n|-damage|p1a: Ogerpon|62\/100|[from] Stealth Rock\n|turn|32\n|\n|t:|1700132850\n|move|p1a: Ogerpon|Low Kick|p2a: Gliscor\n|-supereffective|p2a: Gliscor\n|-damage|p2a: Gliscor|35\/100 tox\n|move|p2a: Gliscor|Rock Tomb|p1a: Ogerpon\n|-damage|p1a: Ogerpon|47\/100\n|-unboost|p1a: Ogerpon|spe|1\n|-ability|p1a: Ogerpon|Defiant|boost\n|-boost|p1a: Ogerpon|atk|2\n|\n|-heal|p2a: Gliscor|47\/100 tox|[from] ability: Poison Heal\n|upkeep\n|turn|33\n|-message|Chuvakan forfeited.\n|\n|win|mzznc\n|raw|Chuvakan's rating: 1000 &rarr; <strong>1000<\/strong><br \/>(+0 for losing)\n|raw|mzznc's rating: 1000 &rarr; <strong>1040<\/strong><br \/>(+40 for winning)\n|l|\u2606Chuvakan\n","uploadtime":1700132865,"views":4,"p1id":"chuvakan","p2id":"mzznc","formatid":"gen9nationaldex","rating":1000,"private":0,"password":""}