{"id":"gen9nationaldex-1987575462","p1":"rex9623","p2":"shiyving","format":"[Gen 9] National Dex","log":"|j|\u2606rex9623\n|j|\u2606shiyving\n|t:|1699614407\n|gametype|singles\n|player|p1|rex9623|169|1662\n|player|p2|shiyving|wallace|1687\n|teamsize|p1|6\n|teamsize|p2|6\n|gen|9\n|tier|[Gen 9] National Dex\n|rated|\n|rule|HP Percentage Mod: HP is shown in percentages\n|rule|Endless Battle Clause: Forcing endless battles is banned\n|rule|OHKO Clause: OHKO moves are banned\n|rule|Evasion Clause: Evasion abilities, items, and moves are banned\n|rule|Evasion Abilities Clause: Evasion abilities are banned\n|rule|Evasion Items Clause: Evasion items are banned\n|rule|Evasion Moves Clause: Evasion moves are banned\n|rule|Species Clause: Limit one of each Pok\u00e9mon\n|rule|Sleep Clause Mod: Limit one foe put to sleep\n|clearpoke\n|poke|p1|Alomomola, F|\n|poke|p1|Tapu Koko|\n|poke|p1|Iron Hands|\n|poke|p1|Moltres|\n|poke|p1|Ursaluna, M|\n|poke|p1|Chansey, F|\n|poke|p2|Iron Valiant|\n|poke|p2|Dragonite, F|\n|poke|p2|Tyranitar, F|\n|poke|p2|Moltres|\n|poke|p2|Volcanion|\n|poke|p2|Glimmora, M|\n|teampreview\n|inactive|Battle timer is ON: inactive players will automatically lose when time's up. (requested by shiyving)\n|\n|t:|1699614419\n|start\n|switch|p1a: Tapu Koko|Tapu Koko|100\/100\n|switch|p2a: Dragonite|Dragonite, F|100\/100\n|-fieldstart|move: Electric Terrain|[from] ability: Electric Surge|[of] p1a: Tapu Koko\n|turn|1\n|\n|t:|1699614427\n|-terastallize|p2a: Dragonite|Normal\n|move|p2a: Dragonite|Extreme Speed|p1a: Tapu Koko\n|-damage|p1a: Tapu Koko|1\/100\n|move|p1a: Tapu Koko|Volt Switch|p2a: Dragonite\n|-damage|p2a: Dragonite|74\/100\n|\n|t:|1699614434\n|switch|p1a: Alomomola|Alomomola, F|100\/100|[from] Volt Switch\n|\n|upkeep\n|turn|2\n|\n|t:|1699614444\n|switch|p2a: Glimmora|Glimmora, M|100\/100\n|move|p1a: Alomomola|Wish|p1a: Alomomola\n|\n|upkeep\n|turn|3\n|\n|t:|1699614455\n|switch|p1a: Tapu Koko|Tapu Koko|1\/100\n|move|p2a: Glimmora|Stealth Rock|p1a: Tapu Koko\n|-sidestart|p1: rex9623|move: Stealth Rock\n|\n|-heal|p1a: Tapu Koko|96\/100|[from] move: Wish|[wisher] Alomomola\n|upkeep\n|turn|4\n|\n|t:|1699614466\n|move|p1a: Tapu Koko|Volt Switch|p2a: Glimmora\n|-damage|p2a: Glimmora|28\/100\n|\n|t:|1699614478\n|switch|p1a: Ursaluna|Ursaluna, M|100\/100|[from] Volt Switch\n|-damage|p1a: Ursaluna|94\/100|[from] Stealth Rock\n|move|p2a: Glimmora|Earth Power|p1a: Ursaluna\n|-damage|p1a: Ursaluna|69\/100\n|\n|-status|p1a: Ursaluna|brn|[from] item: Flame Orb\n|upkeep\n|turn|5\n|\n|t:|1699614489\n|move|p2a: Glimmora|Earth Power|p1a: Ursaluna\n|-damage|p1a: Ursaluna|42\/100 brn\n|move|p1a: Ursaluna|Facade|p2a: Glimmora\n|-resisted|p2a: Glimmora\n|-damage|p2a: Glimmora|0 fnt\n|-activate|p2a: Glimmora|ability: Toxic Debris\n|-sidestart|p1: rex9623|move: Toxic Spikes\n|faint|p2a: Glimmora\n|\n|-damage|p1a: Ursaluna|36\/100 brn|[from] brn\n|-fieldend|move: Electric Terrain\n|upkeep\n|\n|t:|1699614503\n|switch|p2a: Volcanion|Volcanion|100\/100\n|turn|6\n|\n|t:|1699614513\n|switch|p1a: Chansey|Chansey, F|100\/100\n|-damage|p1a: Chansey|88\/100|[from] Stealth Rock\n|-status|p1a: Chansey|psn\n|move|p2a: Volcanion|Steam Eruption|p1a: Chansey\n|-damage|p1a: Chansey|70\/100 psn\n|\n|-damage|p1a: Chansey|58\/100 psn|[from] psn\n|upkeep\n|turn|7\n|\n|t:|1699614541\n|switch|p2a: Tyranitar|Tyranitar, F|100\/100\n|-weather|Sandstorm|[from] ability: Sand Stream|[of] p2a: Tyranitar\n|move|p1a: Chansey|Soft-Boiled|p1a: Chansey\n|-heal|p1a: Chansey|100\/100 psn\n|\n|-weather|Sandstorm|[upkeep]\n|-damage|p1a: Chansey|94\/100 psn|[from] Sandstorm\n|-damage|p1a: Chansey|82\/100 psn|[from] psn\n|upkeep\n|turn|8\n|\n|t:|1699614565\n|detailschange|p2a: Tyranitar|Tyranitar-Mega, F\n|-mega|p2a: Tyranitar|Tyranitar|Tyranitarite\n|move|p2a: Tyranitar|Knock Off|p1a: Chansey\n|-damage|p1a: Chansey|34\/100 psn\n|-enditem|p1a: Chansey|Eviolite|[from] move: Knock Off|[of] p2a: Tyranitar\n|move|p1a: Chansey|Teleport|p1a: Chansey\n|j| Bear233\n|l| Bear233\n|inactive|rex9623 has 120 seconds left.\n|\n|t:|1699614581\n|-curestatus|p1a: Chansey|psn|[from] ability: Natural Cure\n|switch|p1a: Moltres|Moltres|100\/100|[from] Teleport\n|\n|-weather|Sandstorm|[upkeep]\n|-damage|p1a: Moltres|94\/100|[from] Sandstorm\n|upkeep\n|turn|9\n|inactive|shiyving has 120 seconds left.\n|\n|t:|1699614618\n|switch|p2a: Iron Valiant|Iron Valiant|100\/100\n|-terastallize|p1a: Moltres|Ground\n|move|p1a: Moltres|Defog|p2a: Iron Valiant\n|-unboost|p2a: Iron Valiant|evasion|1\n|-sideend|p1: rex9623|Toxic Spikes|[from] move: Defog|[of] p1a: Moltres\n|-sideend|p1: rex9623|Stealth Rock|[from] move: Defog|[of] p1a: Moltres\n|\n|-weather|Sandstorm|[upkeep]\n|-damage|p2a: Iron Valiant|94\/100|[from] Sandstorm\n|upkeep\n|turn|10\n|inactive|shiyving has 120 seconds left.\n|inactive|rex9623 has 120 seconds left.\n|\n|t:|1699614641\n|switch|p1a: Chansey|Chansey, F|34\/100\n|move|p2a: Iron Valiant|Moonblast|p1a: Chansey\n|-damage|p1a: Chansey|5\/100\n|\n|-weather|Sandstorm|[upkeep]\n|-damage|p2a: Iron Valiant|88\/100|[from] Sandstorm\n|-damage|p1a: Chansey|0 fnt|[from] Sandstorm\n|faint|p1a: Chansey\n|upkeep\n|\n|t:|1699614656\n|switch|p1a: Tapu Koko|Tapu Koko|96\/100\n|-fieldstart|move: Electric Terrain|[from] ability: Electric Surge|[of] p1a: Tapu Koko\n|-activate|p2a: Iron Valiant|ability: Quark Drive\n|-start|p2a: Iron Valiant|quarkdrivespe\n|turn|11\n|\n|t:|1699614680\n|move|p2a: Iron Valiant|Moonblast|p1a: Tapu Koko\n|-damage|p1a: Tapu Koko|0 fnt\n|faint|p1a: Tapu Koko\n|\n|-weather|none\n|upkeep\n|\n|t:|1699614687\n|switch|p1a: Iron Hands|Iron Hands|100\/100\n|-activate|p1a: Iron Hands|ability: Quark Drive\n|-start|p1a: Iron Hands|quarkdriveatk\n|turn|12\n|\n|t:|1699614698\n|move|p2a: Iron Valiant|Moonblast|p1a: Iron Hands\n|-supereffective|p1a: Iron Hands\n|-damage|p1a: Iron Hands|12\/100\n|-unboost|p1a: Iron Hands|spa|1\n|move|p1a: Iron Hands|Wild Charge|p2a: Iron Valiant\n|-damage|p2a: Iron Valiant|0 fnt\n|faint|p2a: Iron Valiant\n|-end|p2a: Iron Valiant|Quark Drive|[silent]\n|-damage|p1a: Iron Hands|0 fnt|[from] Recoil\n|faint|p1a: Iron Hands\n|-end|p1a: Iron Hands|Quark Drive|[silent]\n|\n|upkeep\n|\n|t:|1699614723\n|switch|p2a: Volcanion|Volcanion|100\/100\n|switch|p1a: Alomomola|Alomomola, F|100\/100\n|turn|13\n|\n|t:|1699614729\n|move|p2a: Volcanion|Hidden Power|p1a: Alomomola\n|-supereffective|p1a: Alomomola\n|-damage|p1a: Alomomola|44\/100\n|move|p1a: Alomomola|Wish|p1a: Alomomola\n|\n|-heal|p1a: Alomomola|50\/100|[from] item: Leftovers\n|upkeep\n|turn|14\n|inactive|rex9623 has 90 seconds left.\n|\n|t:|1699614757\n|switch|p1a: Ursaluna|Ursaluna, M|36\/100 brn\n|move|p2a: Volcanion|Hidden Power|p1a: Ursaluna\n|-supereffective|p1a: Ursaluna\n|-damage|p1a: Ursaluna|0 fnt\n|faint|p1a: Ursaluna\n|\n|upkeep\n|-message|rex9623 forfeited.\n|\n|win|shiyving\n|raw|rex9623's rating: 1662 &rarr; <strong>1643<\/strong><br \/>(-19 for losing)\n|raw|shiyving's rating: 1687 &rarr; <strong>1706<\/strong><br \/>(+19 for winning)\n|l|\u2606rex9623\n","uploadtime":1699614772,"views":5,"p1id":"rex9623","p2id":"shiyving","formatid":"gen9nationaldex","rating":1643,"private":0,"password":""}