{"id":"gen9nationaldex-1994534400","p1":"JackPotatoGuy","p2":"PikaTheRat","format":"[Gen 9] National Dex","log":"|j|\u2606JackPotatoGuy\n|j|\u2606PikaTheRat\n|t:|1700455852\n|gametype|singles\n|player|p1|JackPotatoGuy|psychicf-gen4|\n|player|p2|PikaTheRat|lucas|\n|teamsize|p1|2\n|teamsize|p2|2\n|gen|9\n|tier|[Gen 9] National Dex\n|rule|HP Percentage Mod: HP is shown in percentages\n|rule|Endless Battle Clause: Forcing endless battles is banned\n|rule|OHKO Clause: OHKO moves are banned\n|rule|Evasion Clause: Evasion abilities, items, and moves are banned\n|rule|Evasion Abilities Clause: Evasion abilities are banned\n|rule|Evasion Items Clause: Evasion items are banned\n|rule|Evasion Moves Clause: Evasion moves are banned\n|rule|Species Clause: Limit one of each Pok\u00e9mon\n|rule|Sleep Clause Mod: Limit one foe put to sleep\n|clearpoke\n|poke|p1|Abra, L6, F|\n|poke|p1|Nidoran-F, L6, F|\n|poke|p2|Bagon, L7, M|\n|poke|p2|Rockruff, L3, F|\n|teampreview\n|\n|t:|1700455862\n|start\n|switch|p1a: Blue|Nidoran-F, L6, F|100\/100\n|switch|p2a: Bagon|Bagon, L7, M|100\/100\n|turn|1\n|\n|t:|1700455869\n|switch|p2a: Rockruff|Rockruff, L3, F|100\/100\n|move|p1a: Blue|Poison Sting|p2a: Rockruff\n|-resisted|p2a: Rockruff\n|-damage|p2a: Rockruff|89\/100\n|\n|upkeep\n|turn|2\n|\n|t:|1700455877\n|move|p1a: Blue|Scratch|p2a: Rockruff\n|-resisted|p2a: Rockruff\n|-damage|p2a: Rockruff|71\/100\n|move|p2a: Rockruff|Tackle|p1a: Blue\n|-damage|p1a: Blue|88\/100\n|\n|upkeep\n|turn|3\n|\n|t:|1700455885\n|move|p1a: Blue|Growl|p2a: Rockruff\n|-unboost|p2a: Rockruff|atk|1\n|move|p2a: Rockruff|Tackle|p1a: Blue\n|-damage|p1a: Blue|76\/100\n|-status|p2a: Rockruff|psn|[from] ability: Poison Point|[of] p1a: Blue\n|\n|-damage|p2a: Rockruff|59\/100 psn|[from] psn\n|upkeep\n|turn|4\n|\n|t:|1700455895\n|move|p1a: Blue|Growl|p2a: Rockruff\n|-unboost|p2a: Rockruff|atk|1\n|move|p2a: Rockruff|Leer|p1a: Blue\n|-unboost|p1a: Blue|def|1\n|\n|-damage|p2a: Rockruff|48\/100 psn|[from] psn\n|upkeep\n|turn|5\n|\n|t:|1700455904\n|switch|p1a: Abigail|Abra, L6, F|100\/100\n|move|p2a: Rockruff|Leer|p1a: Abigail\n|-unboost|p1a: Abigail|def|1\n|\n|-damage|p2a: Rockruff|36\/100 psn|[from] psn\n|upkeep\n|turn|6\n|\n|t:|1700455913\n|move|p1a: Abigail|Shadow Ball|p2a: Rockruff\n|-damage|p2a: Rockruff|0 fnt\n|faint|p2a: Rockruff\n|\n|upkeep\n|\n|t:|1700455918\n|switch|p2a: Bagon|Bagon, L7, M|100\/100\n|turn|7\n|\n|t:|1700455926\n|move|p2a: Bagon|Bite|p1a: Abigail\n|-supereffective|p1a: Abigail\n|-damage|p1a: Abigail|0 fnt\n|faint|p1a: Abigail\n|\n|upkeep\n|c|\u2606JackPotatoGuy|Excuse me\n|c|\u2606JackPotatoGuy|W h a t\n|\n|t:|1700455936\n|switch|p1a: Blue|Nidoran-F, L6, F|76\/100\n|turn|8\n|\n|t:|1700455939\n|move|p2a: Bagon|Ember|p1a: Blue\n|-damage|p1a: Blue|60\/100\n|move|p1a: Blue|Poison Sting|p2a: Bagon\n|-damage|p2a: Bagon|89\/100\n|\n|upkeep\n|turn|9\n|\n|t:|1700455946\n|move|p2a: Bagon|Ember|p1a: Blue\n|-damage|p1a: Blue|44\/100\n|move|p1a: Blue|Poison Sting|p2a: Bagon\n|-damage|p2a: Bagon|77\/100\n|\n|upkeep\n|turn|10\n|\n|t:|1700455955\n|move|p2a: Bagon|Ember|p1a: Blue\n|-damage|p1a: Blue|29\/100\n|move|p1a: Blue|Growl|p2a: Bagon\n|-unboost|p2a: Bagon|atk|1\n|\n|upkeep\n|turn|11\n|\n|t:|1700455962\n|move|p1a: Blue|Poison Sting|p2a: Bagon\n|-damage|p2a: Bagon|66\/100\n|move|p2a: Bagon|Ember|p1a: Blue\n|-damage|p1a: Blue|12\/100\n|-status|p1a: Blue|brn\n|\n|-damage|p1a: Blue|8\/100 brn|[from] brn\n|upkeep\n|turn|12\n|c|\u2606JackPotatoGuy|WHY ARE YOU NOT GETTING POISONED GRRRR\n|\n|t:|1700455980\n|move|p2a: Bagon|Ember|p1a: Blue\n|-damage|p1a: Blue|0 fnt\n|faint|p1a: Blue\n|\n|win|PikaTheRat\n","uploadtime":1700455989,"views":7,"p1id":"jackpotatoguy","p2id":"pikatherat","formatid":"gen9nationaldex","rating":0,"private":0,"password":""}