{"id":"gen9nationaldex-1988231335","p1":"mrmixbreed","p2":"cb der","format":"[Gen 9] National Dex","log":"|j|\u2606mrmixbreed\n|j|\u2606cb der\n|t:|1699690266\n|gametype|singles\n|player|p1|mrmixbreed|biker-gen4|1067\n|player|p2|cb der|iono|1187\n|teamsize|p1|6\n|teamsize|p2|6\n|gen|9\n|tier|[Gen 9] National Dex\n|rated|\n|rule|HP Percentage Mod: HP is shown in percentages\n|rule|Endless Battle Clause: Forcing endless battles is banned\n|rule|OHKO Clause: OHKO moves are banned\n|rule|Evasion Clause: Evasion abilities, items, and moves are banned\n|rule|Evasion Abilities Clause: Evasion abilities are banned\n|rule|Evasion Items Clause: Evasion items are banned\n|rule|Evasion Moves Clause: Evasion moves are banned\n|rule|Species Clause: Limit one of each Pok\u00e9mon\n|rule|Sleep Clause Mod: Limit one foe put to sleep\n|clearpoke\n|poke|p1|Toxapex, F|\n|poke|p1|Zoroark-Hisui, M|\n|poke|p1|Aurorus, F|\n|poke|p1|Breloom, F|\n|poke|p1|Gardevoir, M|\n|poke|p1|Blaziken, F|\n|poke|p2|Scizor, M|\n|poke|p2|Breloom, M|\n|poke|p2|Kricketune, M|\n|poke|p2|Roserade, F|\n|poke|p2|Maushold|\n|poke|p2|Cinccino, F|\n|teampreview\n|\n|t:|1699690283\n|start\n|switch|p1a: slippery when wet|Toxapex, F|100\/100\n|switch|p2a: Maushold|Maushold|100\/100\n|turn|1\n|\n|t:|1699690290\n|move|p2a: Maushold|Tidy Up|p2a: Maushold\n|-boost|p2a: Maushold|atk|1\n|-boost|p2a: Maushold|spe|1\n|move|p1a: slippery when wet|Toxic Spikes|p2a: Maushold\n|-sidestart|p2: cb der|move: Toxic Spikes\n|\n|upkeep\n|turn|2\n|\n|t:|1699690296\n|move|p2a: Maushold|Tidy Up|p2a: Maushold\n|-sideend|p2: cb der|Toxic Spikes\n|-activate|p2a: Maushold|move: Tidy Up\n|-boost|p2a: Maushold|atk|1\n|-boost|p2a: Maushold|spe|1\n|move|p1a: slippery when wet|Scald|p2a: Maushold\n|-damage|p2a: Maushold|77\/100\n|\n|upkeep\n|turn|3\n|\n|t:|1699690303\n|move|p2a: Maushold|Population Bomb|p1a: slippery when wet\n|-damage|p1a: slippery when wet|87\/100\n|-damage|p2a: Maushold|61\/100|[from] item: Rocky Helmet|[of] p1a: slippery when wet\n|-damage|p1a: slippery when wet|73\/100\n|-damage|p2a: Maushold|44\/100|[from] item: Rocky Helmet|[of] p1a: slippery when wet\n|-damage|p1a: slippery when wet|60\/100\n|-damage|p2a: Maushold|27\/100|[from] item: Rocky Helmet|[of] p1a: slippery when wet\n|-damage|p1a: slippery when wet|46\/100\n|-damage|p2a: Maushold|11\/100|[from] item: Rocky Helmet|[of] p1a: slippery when wet\n|-damage|p1a: slippery when wet|32\/100\n|-damage|p2a: Maushold|0 fnt|[from] item: Rocky Helmet|[of] p1a: slippery when wet\n|faint|p2a: Maushold\n|-hitcount|p1a: slippery when wet|5\n|move|p1a: slippery when wet|Scald|p2: Maushold|[notarget]\n|-fail|p1a: slippery when wet\n|\n|upkeep\n|\n|t:|1699690315\n|switch|p2a: Kricketune|Kricketune, M|100\/100\n|turn|4\n|\n|t:|1699690322\n|move|p2a: Kricketune|Taunt|p1a: slippery when wet\n|-start|p1a: slippery when wet|move: Taunt\n|cant|p1a: slippery when wet|move: Taunt|Recover\n|\n|upkeep\n|turn|5\n|\n|t:|1699690326\n|move|p2a: Kricketune|Sticky Web|p1a: slippery when wet\n|-sidestart|p1: mrmixbreed|move: Sticky Web\n|move|p1a: slippery when wet|Scald|p2a: Kricketune\n|-damage|p2a: Kricketune|70\/100\n|-status|p2a: Kricketune|brn\n|\n|-damage|p2a: Kricketune|64\/100 brn|[from] brn\n|upkeep\n|turn|6\n|\n|t:|1699690333\n|move|p2a: Kricketune|Perish Song|p2a: Kricketune\n|-start|p1a: slippery when wet|perish3|[silent]\n|-start|p2a: Kricketune|perish3|[silent]\n|-fieldactivate|move: Perish Song\n|move|p1a: slippery when wet|Scald|p2a: Kricketune\n|-damage|p2a: Kricketune|31\/100 brn\n|\n|-damage|p2a: Kricketune|25\/100 brn|[from] brn\n|-end|p1a: slippery when wet|move: Taunt\n|-start|p2a: Kricketune|perish3\n|-start|p1a: slippery when wet|perish3\n|upkeep\n|turn|7\n|\n|t:|1699690343\n|move|p2a: Kricketune|Taunt|p1a: slippery when wet\n|-start|p1a: slippery when wet|move: Taunt\n|move|p1a: slippery when wet|Scald|p2a: Kricketune\n|-damage|p2a: Kricketune|0 fnt\n|faint|p2a: Kricketune\n|\n|-start|p1a: slippery when wet|perish2\n|upkeep\n|\n|t:|1699690356\n|switch|p2a: Cinccino|Cinccino, F|100\/100\n|turn|8\n|\n|t:|1699690360\n|move|p2a: Cinccino|Bullet Seed|p1a: slippery when wet\n|-damage|p1a: slippery when wet|26\/100\n|-damage|p1a: slippery when wet|19\/100\n|-damage|p1a: slippery when wet|13\/100\n|-damage|p1a: slippery when wet|6\/100\n|-hitcount|p1a: slippery when wet|4\n|move|p1a: slippery when wet|Scald|p2a: Cinccino\n|-damage|p2a: Cinccino|70\/100\n|\n|-start|p1a: slippery when wet|perish1\n|upkeep\n|turn|9\n|\n|t:|1699690371\n|switch|p1a: Blaziken|Blaziken, F, shiny|100\/100\n|-activate|p1a: Blaziken|move: Sticky Web\n|-unboost|p1a: Blaziken|spe|1\n|move|p2a: Cinccino|Bullet Seed|p1a: Blaziken\n|-damage|p1a: Blaziken|78\/100\n|replace|p1a: (\u2686_\u2686)iCanExplain|Zoroark-Hisui, M, shiny\n|-end|p1a: (\u2686_\u2686)iCanExplain|Illusion\n|-damage|p1a: (\u2686_\u2686)iCanExplain|57\/100\n|-damage|p1a: (\u2686_\u2686)iCanExplain|36\/100\n|-damage|p1a: (\u2686_\u2686)iCanExplain|13\/100\n|-hitcount|p1a: (\u2686_\u2686)iCanExplain|4\n|\n|upkeep\n|turn|10\n|\n|t:|1699690395\n|move|p2a: Cinccino|Bullet Seed|p1a: (\u2686_\u2686)iCanExplain\n|-damage|p1a: (\u2686_\u2686)iCanExplain|0 fnt\n|faint|p1a: (\u2686_\u2686)iCanExplain\n|-hitcount|p1: (\u2686_\u2686)iCanExplain|1\n|\n|upkeep\n|\n|t:|1699690401\n|switch|p1a: slippery when wet|Toxapex, F|39\/100\n|-activate|p1a: slippery when wet|move: Sticky Web\n|-unboost|p1a: slippery when wet|spe|1\n|turn|11\n|\n|t:|1699690405\n|move|p2a: Cinccino|Tail Slap|p1a: slippery when wet\n|-damage|p1a: slippery when wet|29\/100\n|-damage|p2a: Cinccino|54\/100|[from] item: Rocky Helmet|[of] p1a: slippery when wet\n|-damage|p1a: slippery when wet|19\/100\n|-damage|p2a: Cinccino|37\/100|[from] item: Rocky Helmet|[of] p1a: slippery when wet\n|-damage|p1a: slippery when wet|9\/100\n|-damage|p2a: Cinccino|21\/100|[from] item: Rocky Helmet|[of] p1a: slippery when wet\n|-damage|p1a: slippery when wet|0 fnt\n|-damage|p2a: Cinccino|4\/100|[from] item: Rocky Helmet|[of] p1a: slippery when wet\n|faint|p1a: slippery when wet\n|-hitcount|p1: slippery when wet|4\n|\n|upkeep\n|\n|t:|1699690418\n|switch|p1a: MyBoyDrumsticks|Breloom, F, shiny|100\/100\n|-activate|p1a: MyBoyDrumsticks|move: Sticky Web\n|-unboost|p1a: MyBoyDrumsticks|spe|1\n|turn|12\n|\n|t:|1699690427\n|move|p2a: Cinccino|Tail Slap|p1a: MyBoyDrumsticks\n|-damage|p1a: MyBoyDrumsticks|79\/100\n|-damage|p1a: MyBoyDrumsticks|58\/100\n|-damage|p1a: MyBoyDrumsticks|38\/100\n|-damage|p1a: MyBoyDrumsticks|18\/100\n|-hitcount|p1a: MyBoyDrumsticks|4\n|move|p1a: MyBoyDrumsticks|Drain Punch|p2a: Cinccino\n|-supereffective|p2a: Cinccino\n|-damage|p2a: Cinccino|0 fnt\n|-heal|p1a: MyBoyDrumsticks|20\/100|[from] drain|[of] p2a: Cinccino\n|faint|p2a: Cinccino\n|\n|-status|p1a: MyBoyDrumsticks|tox|[from] item: Toxic Orb\n|upkeep\n|\n|t:|1699690437\n|switch|p2a: Scizor|Scizor, M|100\/100\n|turn|13\n|\n|t:|1699690446\n|detailschange|p2a: Scizor|Scizor-Mega, M\n|-mega|p2a: Scizor|Scizor|Scizorite\n|move|p2a: Scizor|Curse|p2a: Scizor\n|-unboost|p2a: Scizor|spe|1\n|-boost|p2a: Scizor|atk|1\n|-boost|p2a: Scizor|def|1\n|move|p1a: MyBoyDrumsticks|Leech Seed|p2a: Scizor\n|-start|p2a: Scizor|move: Leech Seed\n|\n|-damage|p2a: Scizor|88\/100|[from] Leech Seed|[of] p1a: MyBoyDrumsticks\n|-heal|p1a: MyBoyDrumsticks|33\/100 tox|[silent]\n|-heal|p1a: MyBoyDrumsticks|45\/100 tox|[from] ability: Poison Heal\n|upkeep\n|turn|14\n|\n|t:|1699690458\n|move|p1a: MyBoyDrumsticks|Close Combat|p2a: Scizor\n|-damage|p2a: Scizor|56\/100\n|-unboost|p1a: MyBoyDrumsticks|def|1\n|-unboost|p1a: MyBoyDrumsticks|spd|1\n|move|p2a: Scizor|Curse|p2a: Scizor\n|-unboost|p2a: Scizor|spe|1\n|-boost|p2a: Scizor|atk|1\n|-boost|p2a: Scizor|def|1\n|\n|-damage|p2a: Scizor|43\/100|[from] Leech Seed|[of] p1a: MyBoyDrumsticks\n|-heal|p1a: MyBoyDrumsticks|59\/100 tox|[silent]\n|-heal|p1a: MyBoyDrumsticks|71\/100 tox|[from] ability: Poison Heal\n|upkeep\n|turn|15\n|\n|t:|1699690478\n|move|p1a: MyBoyDrumsticks|Close Combat|p2a: Scizor\n|-damage|p2a: Scizor|19\/100\n|-unboost|p1a: MyBoyDrumsticks|def|1\n|-unboost|p1a: MyBoyDrumsticks|spd|1\n|move|p2a: Scizor|Roost|p2a: Scizor\n|-heal|p2a: Scizor|69\/100\n|-singleturn|p2a: Scizor|move: Roost\n|\n|-damage|p2a: Scizor|56\/100|[from] Leech Seed|[of] p1a: MyBoyDrumsticks\n|-heal|p1a: MyBoyDrumsticks|84\/100 tox|[silent]\n|-heal|p1a: MyBoyDrumsticks|96\/100 tox|[from] ability: Poison Heal\n|upkeep\n|turn|16\n|\n|t:|1699690491\n|move|p1a: MyBoyDrumsticks|Seed Bomb|p2a: Scizor\n|-resisted|p2a: Scizor\n|-damage|p2a: Scizor|52\/100\n|move|p2a: Scizor|Roost|p2a: Scizor\n|-heal|p2a: Scizor|100\/100\n|-singleturn|p2a: Scizor|move: Roost\n|\n|-damage|p2a: Scizor|88\/100|[from] Leech Seed|[of] p1a: MyBoyDrumsticks\n|-heal|p1a: MyBoyDrumsticks|100\/100 tox|[silent]\n|upkeep\n|turn|17\n|\n|t:|1699690498\n|switch|p1a: Niesen|Aurorus, F|100\/100\n|-activate|p1a: Niesen|move: Sticky Web\n|-unboost|p1a: Niesen|spe|1\n|-weather|Snow|[from] ability: Snow Warning|[of] p1a: Niesen\n|move|p2a: Scizor|Curse|p2a: Scizor\n|-unboost|p2a: Scizor|spe|1\n|-boost|p2a: Scizor|atk|1\n|-boost|p2a: Scizor|def|1\n|\n|-weather|Snow|[upkeep]\n|-damage|p2a: Scizor|75\/100|[from] Leech Seed|[of] p1a: Niesen\n|upkeep\n|turn|18\n|\n|t:|1699690509\n|move|p2a: Scizor|Bullet Punch|p1a: Niesen\n|-supereffective|p1a: Niesen\n|-enditem|p1a: Niesen|Focus Sash\n|-damage|p1a: Niesen|1\/100\n|move|p1a: Niesen|Haze|p1a: Niesen\n|-clearallboost\n|\n|-weather|Snow|[upkeep]\n|-damage|p2a: Scizor|63\/100|[from] Leech Seed|[of] p1a: Niesen\n|-heal|p1a: Niesen|10\/100|[silent]\n|upkeep\n|turn|19\n|\n|t:|1699690519\n|move|p2a: Scizor|Bullet Punch|p1a: Niesen\n|-supereffective|p1a: Niesen\n|-damage|p1a: Niesen|0 fnt\n|faint|p1a: Niesen\n|\n|-weather|Snow|[upkeep]\n|upkeep\n|\n|t:|1699690525\n|switch|p1a: Blaziken|Blaziken, F, shiny|100\/100\n|-activate|p1a: Blaziken|move: Sticky Web\n|-unboost|p1a: Blaziken|spe|1\n|turn|20\n|\n|t:|1699690544\n|switch|p2a: Breloom|Breloom, M|100\/100\n|-terastallize|p1a: Blaziken|Water\n|move|p1a: Blaziken|Power-Up Punch|p2a: Breloom\n|-damage|p2a: Breloom|65\/100\n|-boost|p1a: Blaziken|atk|1\n|\n|-weather|Snow|[upkeep]\n|-ability|p1a: Blaziken|Speed Boost|boost\n|-boost|p1a: Blaziken|spe|1\n|upkeep\n|turn|21\n|\n|t:|1699690555\n|-terastallize|p2a: Breloom|Fighting\n|move|p2a: Breloom|Mach Punch|p1a: Blaziken\n|-damage|p1a: Blaziken|13\/100\n|move|p1a: Blaziken|Power-Up Punch|p2a: Breloom\n|-damage|p2a: Breloom|14\/100\n|-boost|p1a: Blaziken|atk|1\n|\n|-weather|none\n|-ability|p1a: Blaziken|Speed Boost|boost\n|-boost|p1a: Blaziken|spe|1\n|upkeep\n|turn|22\n|\n|t:|1699690564\n|move|p2a: Breloom|Mach Punch|p1a: Blaziken\n|-damage|p1a: Blaziken|0 fnt\n|faint|p1a: Blaziken\n|\n|upkeep\n|\n|t:|1699690569\n|switch|p1a: moreManUcanHandle|Gardevoir, M, shiny|100\/100\n|-activate|p1a: moreManUcanHandle|move: Sticky Web\n|-unboost|p1a: moreManUcanHandle|spe|1\n|turn|23\n|\n|t:|1699690575\n|switch|p2a: Roserade|Roserade, F|100\/100\n|move|p1a: moreManUcanHandle|Signal Beam|p2a: Roserade\n|-damage|p2a: Roserade|64\/100\n|\n|upkeep\n|turn|24\n|\n|t:|1699690584\n|move|p2a: Roserade|Sludge Bomb|p1a: moreManUcanHandle\n|-supereffective|p1a: moreManUcanHandle\n|-damage|p1a: moreManUcanHandle|0 fnt\n|faint|p1a: moreManUcanHandle\n|-damage|p2a: Roserade|54\/100|[from] item: Life Orb\n|\n|upkeep\n|\n|t:|1699690590\n|switch|p1a: MyBoyDrumsticks|Breloom, F, shiny|100\/100 tox\n|-activate|p1a: MyBoyDrumsticks|move: Sticky Web\n|-unboost|p1a: MyBoyDrumsticks|spe|1\n|turn|25\n|\n|t:|1699690596\n|move|p2a: Roserade|Sludge Bomb|p1a: MyBoyDrumsticks\n|-supereffective|p1a: MyBoyDrumsticks\n|-damage|p1a: MyBoyDrumsticks|0 fnt\n|faint|p1a: MyBoyDrumsticks\n|-damage|p2a: Roserade|44\/100|[from] item: Life Orb\n|\n|win|cb der\n|raw|mrmixbreed's rating: 1067 &rarr; <strong>1054<\/strong><br \/>(-13 for losing)\n|raw|cb der's rating: 1187 &rarr; <strong>1204<\/strong><br \/>(+17 for winning)\n|l|\u2606mrmixbreed\n","uploadtime":1699690610,"views":6,"p1id":"mrmixbreed","p2id":"cbder","formatid":"gen9nationaldex","rating":1054,"private":0,"password":""}