{"id":"gen9nationaldex-1993530604","p1":"jwhhdwngs","p2":"Pheo99","format":"[Gen 9] National Dex","log":"|j|\u2606jwhhdwngs\n|j|\u2606Pheo99\n|t:|1700328588\n|gametype|singles\n|player|p1|jwhhdwngs|101|1069\n|player|p2|Pheo99|artist|1019\n|teamsize|p1|6\n|teamsize|p2|6\n|gen|9\n|tier|[Gen 9] National Dex\n|rated|\n|rule|HP Percentage Mod: HP is shown in percentages\n|rule|Endless Battle Clause: Forcing endless battles is banned\n|rule|OHKO Clause: OHKO moves are banned\n|rule|Evasion Clause: Evasion abilities, items, and moves are banned\n|rule|Evasion Abilities Clause: Evasion abilities are banned\n|rule|Evasion Items Clause: Evasion items are banned\n|rule|Evasion Moves Clause: Evasion moves are banned\n|rule|Species Clause: Limit one of each Pok\u00e9mon\n|rule|Sleep Clause Mod: Limit one foe put to sleep\n|clearpoke\n|poke|p1|Kleavor, M|\n|poke|p1|Lokix, F|\n|poke|p1|Accelgor, F|\n|poke|p1|Araquanid, M|\n|poke|p1|Volcarona, F|\n|poke|p1|Heracross, M|\n|poke|p2|Armaldo, M|\n|poke|p2|Politoed, F|\n|poke|p2|Butterfree, F|\n|poke|p2|Shiinotic, M|\n|poke|p2|Wyrdeer, F|\n|poke|p2|Sandslash-Alola, M|\n|teampreview\n|\n|t:|1700328594\n|start\n|switch|p1a: Accelgor|Accelgor, F|100\/100\n|switch|p2a: Guppy|Politoed, F|100\/100\n|-weather|RainDance|[from] ability: Drizzle|[of] p2a: Guppy\n|turn|1\n|\n|t:|1700328603\n|move|p1a: Accelgor|Spikes|p2a: Guppy\n|-sidestart|p2: Pheo99|Spikes\n|move|p2a: Guppy|Scald|p1a: Accelgor\n|-damage|p1a: Accelgor|38\/100\n|-status|p1a: Accelgor|brn\n|\n|-weather|RainDance|[upkeep]\n|-damage|p1a: Accelgor|32\/100 brn|[from] brn\n|upkeep\n|turn|2\n|\n|t:|1700328614\n|move|p1a: Accelgor|Toxic Spikes|p2a: Guppy\n|-sidestart|p2: Pheo99|move: Toxic Spikes\n|move|p2a: Guppy|Scald|p1a: Accelgor\n|-damage|p1a: Accelgor|0 fnt\n|faint|p1a: Accelgor\n|\n|-weather|RainDance|[upkeep]\n|upkeep\n|\n|t:|1700328621\n|switch|p1a: Kleavor|Kleavor, M, shiny|100\/100\n|turn|3\n|\n|t:|1700328626\n|move|p1a: Kleavor|Stone Axe|p2a: Guppy|[miss]\n|-miss|p1a: Kleavor|p2a: Guppy\n|move|p2a: Guppy|Scald|p1a: Kleavor\n|-supereffective|p1a: Kleavor\n|-damage|p1a: Kleavor|0 fnt\n|faint|p1a: Kleavor\n|\n|-weather|RainDance|[upkeep]\n|upkeep\n|\n|t:|1700328641\n|switch|p1a: Lokix|Lokix, F|100\/100\n|turn|4\n|\n|t:|1700328649\n|move|p1a: Lokix|First Impression|p2a: Guppy\n|-damage|p2a: Guppy|54\/100\n|move|p2a: Guppy|Scald|p1a: Lokix\n|-damage|p1a: Lokix|22\/100\n|\n|-weather|RainDance|[upkeep]\n|upkeep\n|turn|5\n|\n|t:|1700328658\n|move|p1a: Lokix|U-turn|p2a: Guppy\n|-damage|p2a: Guppy|16\/100\n|\n|t:|1700328661\n|switch|p1a: Araquanid|Araquanid, M|100\/100|[from] U-turn\n|move|p2a: Guppy|Scald|p1a: Araquanid\n|-resisted|p1a: Araquanid\n|-damage|p1a: Araquanid|89\/100\n|\n|-weather|RainDance|[upkeep]\n|-heal|p1a: Araquanid|95\/100|[from] item: Leftovers\n|upkeep\n|turn|6\n|\n|t:|1700328677\n|move|p2a: Guppy|Perish Song|p2a: Guppy\n|-start|p1a: Araquanid|perish3|[silent]\n|-start|p2a: Guppy|perish3|[silent]\n|-fieldactivate|move: Perish Song\n|move|p1a: Araquanid|Aqua Ring|p1a: Araquanid\n|-start|p1a: Araquanid|Aqua Ring\n|\n|-weather|RainDance|[upkeep]\n|-heal|p1a: Araquanid|100\/100|[from] item: Leftovers\n|-start|p2a: Guppy|perish3\n|-start|p1a: Araquanid|perish3\n|upkeep\n|turn|7\n|\n|t:|1700328694\n|move|p2a: Guppy|Ice Beam|p1a: Araquanid\n|-resisted|p1a: Araquanid\n|-damage|p1a: Araquanid|94\/100\n|move|p1a: Araquanid|Toxic|p2a: Guppy\n|-status|p2a: Guppy|tox\n|\n|-weather|RainDance|[upkeep]\n|-heal|p1a: Araquanid|100\/100|[from] item: Leftovers\n|-damage|p2a: Guppy|10\/100 tox|[from] psn\n|-start|p2a: Guppy|perish2\n|-start|p1a: Araquanid|perish2\n|upkeep\n|turn|8\n|\n|t:|1700328708\n|switch|p1a: Volcarona|Volcarona, F|100\/100\n|move|p2a: Guppy|Ice Beam|p1a: Volcarona\n|-resisted|p1a: Volcarona\n|-damage|p1a: Volcarona|91\/100\n|\n|-weather|none\n|-damage|p2a: Guppy|0 fnt|[from] psn\n|faint|p2a: Guppy\n|upkeep\n|\n|t:|1700328732\n|switch|p2a: Trinket|Armaldo, M|100\/100\n|-damage|p2a: Trinket|88\/100|[from] Spikes\n|-status|p2a: Trinket|psn\n|turn|9\n|\n|t:|1700328741\n|move|p1a: Volcarona|Quiver Dance|p1a: Volcarona\n|-boost|p1a: Volcarona|spa|1\n|-boost|p1a: Volcarona|spd|1\n|-boost|p1a: Volcarona|spe|1\n|move|p2a: Trinket|Hone Claws|p2a: Trinket\n|-boost|p2a: Trinket|atk|1\n|-boost|p2a: Trinket|accuracy|1\n|\n|-heal|p2a: Trinket|94\/100 psn|[from] item: Leftovers\n|-damage|p2a: Trinket|82\/100 psn|[from] psn\n|upkeep\n|turn|10\n|\n|t:|1700328759\n|-terastallize|p1a: Volcarona|Grass\n|move|p1a: Volcarona|Quiver Dance|p1a: Volcarona\n|-boost|p1a: Volcarona|spa|1\n|-boost|p1a: Volcarona|spd|1\n|-boost|p1a: Volcarona|spe|1\n|move|p2a: Trinket|Stone Edge|p1a: Volcarona\n|-damage|p1a: Volcarona|0 fnt\n|faint|p1a: Volcarona\n|\n|-heal|p2a: Trinket|88\/100 psn|[from] item: Leftovers\n|-damage|p2a: Trinket|76\/100 psn|[from] psn\n|upkeep\n|\n|t:|1700328771\n|switch|p1a: Heracross|Heracross, M|100\/100\n|turn|11\n|\n|t:|1700328781\n|move|p1a: Heracross|Trailblaze|p2a: Trinket\n|-damage|p2a: Trinket|55\/100 psn\n|-boost|p1a: Heracross|spe|1\n|move|p2a: Trinket|Liquidation|p1a: Heracross\n|-damage|p1a: Heracross|29\/100\n|-unboost|p1a: Heracross|def|1\n|\n|-heal|p2a: Trinket|61\/100 psn|[from] item: Leftovers\n|-damage|p2a: Trinket|49\/100 psn|[from] psn\n|-status|p1a: Heracross|brn|[from] item: Flame Orb\n|upkeep\n|turn|12\n|\n|t:|1700328796\n|move|p1a: Heracross|Close Combat|p2a: Trinket\n|-damage|p2a: Trinket|0 fnt\n|-unboost|p1a: Heracross|def|1\n|-unboost|p1a: Heracross|spd|1\n|faint|p2a: Trinket\n|\n|-damage|p1a: Heracross|23\/100 brn|[from] brn\n|upkeep\n|\n|t:|1700328806\n|switch|p2a: Auranis|Wyrdeer, F|100\/100\n|-damage|p2a: Auranis|88\/100|[from] Spikes\n|-status|p2a: Auranis|psn\n|-ability|p2a: Auranis|Intimidate|boost\n|-unboost|p1a: Heracross|atk|1\n|turn|13\n|\n|t:|1700328816\n|move|p1a: Heracross|Lunge|p2a: Auranis\n|-supereffective|p2a: Auranis\n|-damage|p2a: Auranis|3\/100 psn\n|-unboost|p2a: Auranis|atk|1\n|-enditem|p2a: Auranis|Iapapa Berry|[eat]\n|-heal|p2a: Auranis|36\/100 psn|[from] item: Iapapa Berry\n|move|p2a: Auranis|Tera Blast|p1a: Heracross\n|-damage|p1a: Heracross|0 fnt\n|faint|p1a: Heracross\n|\n|-damage|p2a: Auranis|24\/100 psn|[from] psn\n|upkeep\n|\n|t:|1700328825\n|switch|p1a: Lokix|Lokix, F|22\/100\n|turn|14\n|\n|t:|1700328845\n|switch|p2a: La la|Shiinotic, M|100\/100\n|-damage|p2a: La la|88\/100|[from] Spikes\n|-status|p2a: La la|psn\n|move|p1a: Lokix|Leech Life|p2a: La la\n|-damage|p2a: La la|43\/100 psn\n|-heal|p1a: Lokix|48\/100|[from] drain|[of] p2a: La la\n|\n|-heal|p2a: La la|50\/100 psn|[from] item: Leftovers\n|-damage|p2a: La la|37\/100 psn|[from] psn\n|upkeep\n|turn|15\n|\n|t:|1700328861\n|move|p1a: Lokix|Leech Life|p2a: La la\n|-damage|p2a: La la|0 fnt\n|-heal|p1a: Lokix|69\/100|[from] drain|[of] p2a: La la\n|faint|p2a: La la\n|\n|upkeep\n|\n|t:|1700328868\n|switch|p2a: Auranis|Wyrdeer, F|24\/100 psn\n|-damage|p2a: Auranis|11\/100 psn|[from] Spikes\n|-ability|p2a: Auranis|Intimidate|boost\n|-unboost|p1a: Lokix|atk|1\n|turn|16\n|\n|t:|1700328873\n|move|p1a: Lokix|Leech Life|p2a: Auranis\n|-supereffective|p2a: Auranis\n|-damage|p2a: Auranis|0 fnt\n|-heal|p1a: Lokix|77\/100|[from] drain|[of] p2a: Auranis\n|faint|p2a: Auranis\n|\n|upkeep\n|\n|t:|1700328891\n|switch|p2a: String|Butterfree, F|100\/100\n|turn|17\n|\n|t:|1700328903\n|move|p1a: Lokix|U-turn|p2a: String\n|-resisted|p2a: String\n|-damage|p2a: String|51\/100\n|\n|t:|1700328907\n|switch|p1a: Araquanid|Araquanid, M|100\/100|[from] U-turn\n|move|p2a: String|Sleep Powder|p1a: Araquanid\n|-status|p1a: Araquanid|slp|[from] move: Sleep Powder\n|\n|upkeep\n|turn|18\n|\n|t:|1700328918\n|switch|p1a: Lokix|Lokix, F|77\/100\n|move|p2a: String|Quiver Dance|p2a: String\n|-boost|p2a: String|spa|1\n|-boost|p2a: String|spd|1\n|-boost|p2a: String|spe|1\n|\n|upkeep\n|turn|19\n|\n|t:|1700328933\n|move|p1a: Lokix|First Impression|p2a: String\n|-resisted|p2a: String\n|-damage|p2a: String|0 fnt\n|faint|p2a: String\n|\n|upkeep\n|\n|t:|1700328939\n|switch|p2a: Arkit|Sandslash-Alola, M|100\/100\n|-damage|p2a: Arkit|88\/100|[from] Spikes\n|turn|20\n|\n|t:|1700328951\n|move|p1a: Lokix|U-turn|p2a: Arkit\n|-resisted|p2a: Arkit\n|-damage|p2a: Arkit|55\/100\n|\n|t:|1700328955\n|switch|p1a: Araquanid|Araquanid, M|100\/100 slp|[from] U-turn\n|move|p2a: Arkit|Counter|p1a: Araquanid\n|-damage|p1a: Araquanid|44\/100 slp\n|\n|-heal|p1a: Araquanid|50\/100 slp|[from] item: Leftovers\n|upkeep\n|turn|21\n|\n|t:|1700328965\n|switch|p1a: Lokix|Lokix, F|77\/100\n|move|p2a: Arkit|Agility|p2a: Arkit\n|-boost|p2a: Arkit|spe|2\n|\n|upkeep\n|turn|22\n|\n|t:|1700328975\n|move|p1a: Lokix|First Impression|p2a: Arkit\n|-resisted|p2a: Arkit\n|-damage|p2a: Arkit|14\/100\n|move|p2a: Arkit|Triple Axel|p1a: Lokix\n|-damage|p1a: Lokix|62\/100\n|-damage|p1a: Lokix|33\/100\n|-damage|p1a: Lokix|0 fnt\n|faint|p1a: Lokix\n|-hitcount|p1: Lokix|3\n|\n|upkeep\n|\n|t:|1700328981\n|switch|p1a: Araquanid|Araquanid, M|50\/100 slp\n|turn|23\n|\n|t:|1700328989\n|cant|p1a: Araquanid|slp\n|move|p2a: Arkit|Knock Off|p1a: Araquanid\n|-damage|p1a: Araquanid|18\/100 slp\n|-enditem|p1a: Araquanid|Leftovers|[from] move: Knock Off|[of] p2a: Arkit\n|\n|upkeep\n|turn|24\n|\n|t:|1700328997\n|cant|p1a: Araquanid|slp\n|move|p2a: Arkit|Triple Axel|p1a: Araquanid\n|-resisted|p1a: Araquanid\n|-damage|p1a: Araquanid|13\/100 slp\n|-resisted|p1a: Araquanid\n|-damage|p1a: Araquanid|2\/100 slp\n|-resisted|p1a: Araquanid\n|-crit|p1a: Araquanid\n|-damage|p1a: Araquanid|0 fnt\n|faint|p1a: Araquanid\n|-hitcount|p1: Araquanid|3\n|\n|win|Pheo99\n|raw|jwhhdwngs's rating: 1069 &rarr; <strong>1046<\/strong><br \/>(-23 for losing)\n|raw|Pheo99's rating: 1019 &rarr; <strong>1061<\/strong><br \/>(+42 for winning)\n|l|\u2606jwhhdwngs\n|c|\u2606Pheo99|gg\n","uploadtime":1700329016,"views":19,"p1id":"jwhhdwngs","p2id":"pheo99","formatid":"gen9nationaldex","rating":1046,"private":0,"password":""}