{"id":"gen9nationaldex-1998199008","p1":"jiu_zhou","p2":"djbdbcn","format":"[Gen 9] National Dex","log":"|html|<div class=\"broadcast-blue\"><strong>[Gen 9] National Dex is currently suspecting Sneasler! For information on how to participate check out the <a href=\"https:\/\/www.smogon.com\/forums\/threads\/sv-national-dex-suspect-8-just-dance.3731534\/\">suspect thread<\/a>.<\/strong><\/div>\n|j|\u2606jiu_zhou\n|j|\u2606djbdbcn\n|t:|1700911174\n|gametype|singles\n|player|p1|jiu_zhou|265|1000\n|player|p2|djbdbcn|265|1098\n|teamsize|p1|6\n|teamsize|p2|6\n|gen|9\n|tier|[Gen 9] National Dex\n|rated|\n|rule|HP Percentage Mod: HP is shown in percentages\n|rule|Endless Battle Clause: Forcing endless battles is banned\n|rule|OHKO Clause: OHKO moves are banned\n|rule|Evasion Clause: Evasion abilities, items, and moves are banned\n|rule|Evasion Abilities Clause: Evasion abilities are banned\n|rule|Evasion Items Clause: Evasion items are banned\n|rule|Evasion Moves Clause: Evasion moves are banned\n|rule|Species Clause: Limit one of each Pok\u00e9mon\n|rule|Sleep Clause Mod: Limit one foe put to sleep\n|clearpoke\n|poke|p1|Whimsicott, M|\n|poke|p1|Mimikyu, M|\n|poke|p1|Gardevoir, M|\n|poke|p1|Sylveon, F|\n|poke|p1|Weezing-Galar, F|\n|poke|p1|Ninetales-Alola, F|\n|poke|p2|Greninja-*, M|\n|poke|p2|Samurott-Hisui, M|\n|poke|p2|Garganacl, F|\n|poke|p2|Dragonite, F|\n|poke|p2|Ferrothorn, F|\n|poke|p2|Pelipper, M|\n|teampreview\n|inactive|Battle timer is ON: inactive players will automatically lose when time's up. (requested by djbdbcn)\n|\n|t:|1700911182\n|start\n|switch|p1a: Whimsicott|Whimsicott, M|100\/100\n|switch|p2a: \u5384\u8be1\u692a|Samurott-Hisui, M|100\/100\n|turn|1\n|\n|t:|1700911191\n|move|p1a: Whimsicott|Tailwind|p1a: Whimsicott\n|-sidestart|p1: jiu_zhou|move: Tailwind\n|move|p2a: \u5384\u8be1\u692a|Ceaseless Edge|p1a: Whimsicott\n|-resisted|p1a: Whimsicott\n|-damage|p1a: Whimsicott|65\/100\n|-sidestart|p1: jiu_zhou|Spikes\n|\n|upkeep\n|turn|2\n|\n|t:|1700911202\n|move|p1a: Whimsicott|Play Rough|p2a: \u5384\u8be1\u692a\n|-supereffective|p2a: \u5384\u8be1\u692a\n|-damage|p2a: \u5384\u8be1\u692a|18\/100\n|move|p2a: \u5384\u8be1\u692a|Ceaseless Edge|p1a: Whimsicott\n|-resisted|p1a: Whimsicott\n|-damage|p1a: Whimsicott|32\/100\n|-sidestart|p1: jiu_zhou|Spikes\n|\n|upkeep\n|turn|3\n|\n|t:|1700911210\n|switch|p2a: \u79cd\u5b50\u94c1\u7403|Ferrothorn, F|100\/100\n|move|p1a: Whimsicott|U-turn|p2a: \u79cd\u5b50\u94c1\u7403\n|-damage|p2a: \u79cd\u5b50\u94c1\u7403|89\/100\n|-damage|p1a: Whimsicott|20\/100|[from] ability: Iron Barbs|[of] p2a: \u79cd\u5b50\u94c1\u7403\n|\n|t:|1700911217\n|switch|p1a: Gardevoir|Gardevoir, M, shiny|100\/100|[from] U-turn\n|-damage|p1a: Gardevoir|84\/100|[from] Spikes\n|\n|-heal|p2a: \u79cd\u5b50\u94c1\u7403|95\/100|[from] item: Leftovers\n|upkeep\n|turn|4\n|\n|t:|1700911231\n|switch|p2a: \u5384\u8be1\u692a|Samurott-Hisui, M|18\/100\n|move|p1a: Gardevoir|Mystical Fire|p2a: \u5384\u8be1\u692a\n|-resisted|p2a: \u5384\u8be1\u692a\n|-damage|p2a: \u5384\u8be1\u692a|0 fnt\n|faint|p2a: \u5384\u8be1\u692a\n|\n|-sideend|p1: jiu_zhou|move: Tailwind\n|upkeep\n|\n|t:|1700911244\n|switch|p2a: \u6c2f\u5316\u94a0|Garganacl, F|100\/100\n|turn|5\n|\n|t:|1700911252\n|detailschange|p1a: Gardevoir|Gardevoir-Mega, M, shiny\n|-mega|p1a: Gardevoir|Gardevoir|Gardevoirite\n|move|p1a: Gardevoir|Hyper Voice|p2a: \u6c2f\u5316\u94a0\n|-damage|p2a: \u6c2f\u5316\u94a0|43\/100\n|move|p2a: \u6c2f\u5316\u94a0|Stealth Rock|p1a: Gardevoir\n|-sidestart|p1: jiu_zhou|move: Stealth Rock\n|\n|-heal|p2a: \u6c2f\u5316\u94a0|49\/100|[from] item: Leftovers\n|upkeep\n|turn|6\n|\n|t:|1700911277\n|switch|p2a: \u5657|Pelipper, M|100\/100\n|-weather|RainDance|[from] ability: Drizzle|[of] p2a: \u5657\n|move|p1a: Gardevoir|Psychic|p2a: \u5657\n|-damage|p2a: \u5657|22\/100\n|-unboost|p2a: \u5657|spd|1\n|\n|-weather|RainDance|[upkeep]\n|upkeep\n|turn|7\n|\n|t:|1700911286\n|move|p1a: Gardevoir|Thunderbolt|p2a: \u5657\n|-supereffective|p2a: \u5657\n|-damage|p2a: \u5657|0 fnt\n|faint|p2a: \u5657\n|\n|-weather|RainDance|[upkeep]\n|upkeep\n|\n|t:|1700911289\n|switch|p2a: \u683c\u6797\u5c3c\u4e9a|Greninja, M|100\/100\n|turn|8\n|\n|t:|1700911294\n|-terastallize|p2a: \u683c\u6797\u5c3c\u4e9a|Water\n|move|p2a: \u683c\u6797\u5c3c\u4e9a|Hydro Pump|p1a: Gardevoir\n|-damage|p1a: Gardevoir|0 fnt\n|faint|p1a: Gardevoir\n|-ability|p2a: \u683c\u6797\u5c3c\u4e9a|Battle Bond|boost\n|-boost|p2a: \u683c\u6797\u5c3c\u4e9a|atk|1\n|-boost|p2a: \u683c\u6797\u5c3c\u4e9a|spa|1\n|-boost|p2a: \u683c\u6797\u5c3c\u4e9a|spe|1\n|-activate|p2a: \u683c\u6797\u5c3c\u4e9a|ability: Battle Bond\n|-damage|p2a: \u683c\u6797\u5c3c\u4e9a|91\/100|[from] item: Life Orb\n|\n|-weather|RainDance|[upkeep]\n|upkeep\n|\n|t:|1700911304\n|switch|p1a: Weezing|Weezing-Galar, F|100\/100\n|-ability|p1a: Weezing|Neutralizing Gas\n|-damage|p1a: Weezing|84\/100|[from] Spikes\n|-damage|p1a: Weezing|72\/100|[from] Stealth Rock\n|turn|9\n|\n|t:|1700911316\n|move|p2a: \u683c\u6797\u5c3c\u4e9a|Water Shuriken|p1a: Weezing\n|-damage|p1a: Weezing|30\/100\n|-damage|p1a: Weezing|0 fnt\n|faint|p1a: Weezing\n|-end|p1a: Weezing|ability: Neutralizing Gas\n|-hitcount|p1: Weezing|2\n|-damage|p2a: \u683c\u6797\u5c3c\u4e9a|81\/100|[from] item: Life Orb\n|\n|-weather|RainDance|[upkeep]\n|upkeep\n|\n|t:|1700911328\n|switch|p1a: Whimsicott|Whimsicott, M|20\/100\n|-damage|p1a: Whimsicott|3\/100|[from] Spikes\n|-damage|p1a: Whimsicott|0 fnt|[from] Stealth Rock\n|faint|p1a: Whimsicott\n|\n|t:|1700911338\n|switch|p1a: Mimikyu|Mimikyu, M|100\/100\n|-damage|p1a: Mimikyu|84\/100|[from] Spikes\n|-damage|p1a: Mimikyu|72\/100|[from] Stealth Rock\n|turn|10\n|\n|t:|1700911350\n|move|p2a: \u683c\u6797\u5c3c\u4e9a|Water Shuriken|p1a: Mimikyu\n|-activate|p1a: Mimikyu|ability: Disguise\n|-damage|p1a: Mimikyu|72\/100\n|detailschange|p1a: Mimikyu|Mimikyu-Busted, M\n|-damage|p1a: Mimikyu|59\/100|[from] pokemon: Mimikyu-Busted\n|-damage|p1a: Mimikyu|19\/100\n|-damage|p1a: Mimikyu|0 fnt\n|faint|p1a: Mimikyu\n|-hitcount|p1: Mimikyu|3\n|-damage|p2a: \u683c\u6797\u5c3c\u4e9a|71\/100|[from] item: Life Orb\n|\n|-weather|RainDance|[upkeep]\n|upkeep\n|\n|t:|1700911364\n|switch|p1a: Sylveon|Sylveon, F|100\/100\n|-damage|p1a: Sylveon|84\/100|[from] Spikes\n|-damage|p1a: Sylveon|72\/100|[from] Stealth Rock\n|turn|11\n|\n|t:|1700911371\n|move|p2a: \u683c\u6797\u5c3c\u4e9a|Hydro Pump|p1a: Sylveon\n|-damage|p1a: Sylveon|0 fnt\n|faint|p1a: Sylveon\n|-damage|p2a: \u683c\u6797\u5c3c\u4e9a|61\/100|[from] item: Life Orb\n|\n|-weather|RainDance|[upkeep]\n|upkeep\n|\n|t:|1700911378\n|switch|p1a: Ninetales|Ninetales-Alola, F, shiny|100\/100\n|-damage|p1a: Ninetales|84\/100|[from] Spikes\n|-damage|p1a: Ninetales|59\/100|[from] Stealth Rock\n|-weather|Snow|[from] ability: Snow Warning|[of] p1a: Ninetales\n|turn|12\n|\n|t:|1700911388\n|move|p2a: \u683c\u6797\u5c3c\u4e9a|Water Shuriken|p1a: Ninetales\n|-damage|p1a: Ninetales|35\/100\n|-damage|p1a: Ninetales|11\/100\n|-damage|p1a: Ninetales|0 fnt\n|faint|p1a: Ninetales\n|-hitcount|p1: Ninetales|3\n|-damage|p2a: \u683c\u6797\u5c3c\u4e9a|52\/100|[from] item: Life Orb\n|\n|win|djbdbcn\n|raw|jiu_zhou's rating: 1000 &rarr; <strong>1000<\/strong><br \/>(+0 for losing)\n|raw|djbdbcn's rating: 1098 &rarr; <strong>1116<\/strong><br \/>(+18 for winning)\n|l|\u2606jiu_zhou\n","uploadtime":1700911401,"views":0,"p1id":"jiuzhou","p2id":"djbdbcn","formatid":"gen9nationaldex","rating":1000,"private":0,"password":""}