{"id":"gen9nationaldex-1998115490","p1":"playeraccount","p2":"weiwoduzun\u696a\u7948","format":"[Gen 9] National Dex","log":"|html|<div class=\"broadcast-blue\"><strong>[Gen 9] National Dex is currently suspecting Sneasler! For information on how to participate check out the <a href=\"https:\/\/www.smogon.com\/forums\/threads\/sv-national-dex-suspect-8-just-dance.3731534\/\">suspect thread<\/a>.<\/strong><\/div>\n|j|\u2606playeraccount\n|j|\u2606weiwoduzun\u696a\u7948\n|t:|1700894054\n|gametype|singles\n|player|p1|playeraccount|bea|1545\n|player|p2|weiwoduzun\u696a\u7948|101|1643\n|teamsize|p1|6\n|teamsize|p2|6\n|gen|9\n|tier|[Gen 9] National Dex\n|rated|\n|rule|HP Percentage Mod: HP is shown in percentages\n|rule|Endless Battle Clause: Forcing endless battles is banned\n|rule|OHKO Clause: OHKO moves are banned\n|rule|Evasion Clause: Evasion abilities, items, and moves are banned\n|rule|Evasion Abilities Clause: Evasion abilities are banned\n|rule|Evasion Items Clause: Evasion items are banned\n|rule|Evasion Moves Clause: Evasion moves are banned\n|rule|Species Clause: Limit one of each Pok\u00e9mon\n|rule|Sleep Clause Mod: Limit one foe put to sleep\n|clearpoke\n|poke|p1|Nidoqueen, F|\n|poke|p1|Zapdos|\n|poke|p1|Jirachi|\n|poke|p1|Alomomola, F|\n|poke|p1|Iron Valiant|\n|poke|p1|Rillaboom, F|\n|poke|p2|Tapu Lele|\n|poke|p2|Armarouge, F|\n|poke|p2|Ceruledge, F|\n|poke|p2|Zapdos|\n|poke|p2|Hatterene, F|\n|poke|p2|Polteageist-Antique|\n|teampreview\n|c|\u2606playeraccount|gl hf\n|\n|t:|1700894060\n|start\n|switch|p1a: Rillaboom|Rillaboom, F|100\/100\n|switch|p2a: Tapu Lele|Tapu Lele|100\/100\n|-fieldstart|move: Psychic Terrain|[from] ability: Psychic Surge|[of] p2a: Tapu Lele\n|-fieldstart|move: Grassy Terrain|[from] ability: Grassy Surge|[of] p1a: Rillaboom\n|turn|1\n|inactive|Battle timer is ON: inactive players will automatically lose when time's up. (requested by playeraccount)\n|\n|t:|1700894086\n|switch|p2a: Zapdos|Zapdos|100\/100\n|move|p1a: Rillaboom|Wood Hammer|p2a: Zapdos\n|-resisted|p2a: Zapdos\n|-damage|p2a: Zapdos|53\/100\n|-damage|p1a: Rillaboom|86\/100|[from] Recoil\n|\n|-heal|p1a: Rillaboom|92\/100|[from] Grassy Terrain\n|upkeep\n|turn|2\n|\n|t:|1700894091\n|-terastallize|p1a: Rillaboom|Grass\n|move|p2a: Zapdos|Hurricane|p1a: Rillaboom\n|-supereffective|p1a: Rillaboom\n|-damage|p1a: Rillaboom|0 fnt\n|faint|p1a: Rillaboom\n|\n|upkeep\n|\n|t:|1700894098\n|switch|p1a: Nidoqueen|Nidoqueen, F, shiny|100\/100\n|turn|3\n|\n|t:|1700894101\n|move|p2a: Zapdos|Hurricane|p1a: Nidoqueen\n|-damage|p1a: Nidoqueen|50\/100\n|-start|p1a: Nidoqueen|confusion\n|-activate|p1a: Nidoqueen|confusion\n|move|p1a: Nidoqueen|Sludge Wave|p2a: Zapdos\n|-damage|p2a: Zapdos|1\/100\n|\n|-heal|p1a: Nidoqueen|57\/100|[from] Grassy Terrain\n|upkeep\n|turn|4\n|\n|t:|1700894109\n|move|p2a: Zapdos|Roost|p2a: Zapdos\n|-heal|p2a: Zapdos|51\/100\n|-singleturn|p2a: Zapdos|move: Roost\n|-end|p1a: Nidoqueen|confusion\n|move|p1a: Nidoqueen|Stealth Rock|p2a: Zapdos\n|-sidestart|p2: weiwoduzun\u696a\u7948|move: Stealth Rock\n|\n|-heal|p2a: Zapdos|57\/100|[from] Grassy Terrain\n|-heal|p1a: Nidoqueen|63\/100|[from] Grassy Terrain\n|upkeep\n|turn|5\n|\n|t:|1700894113\n|move|p2a: Zapdos|Defog|p1a: Nidoqueen\n|-unboost|p1a: Nidoqueen|evasion|1\n|-sideend|p2: weiwoduzun\u696a\u7948|Stealth Rock|[from] move: Defog|[of] p2a: Zapdos\n|-fieldend|move: Grassy Terrain\n|move|p1a: Nidoqueen|Sludge Wave|p2a: Zapdos\n|-damage|p2a: Zapdos|3\/100\n|\n|upkeep\n|turn|6\n|\n|t:|1700894116\n|move|p2a: Zapdos|Hurricane|p1a: Nidoqueen\n|-damage|p1a: Nidoqueen|17\/100\n|-start|p1a: Nidoqueen|confusion\n|-activate|p1a: Nidoqueen|confusion\n|move|p1a: Nidoqueen|Sludge Wave|p2a: Zapdos\n|-damage|p2a: Zapdos|0 fnt\n|faint|p2a: Zapdos\n|\n|upkeep\n|\n|t:|1700894123\n|switch|p2a: Tapu Lele|Tapu Lele|100\/100\n|-fieldstart|move: Psychic Terrain|[from] ability: Psychic Surge|[of] p2a: Tapu Lele\n|turn|7\n|\n|t:|1700894127\n|switch|p1a: Jirachi|Jirachi|100\/100\n|move|p2a: Tapu Lele|Psychic|p1a: Jirachi\n|-resisted|p1a: Jirachi\n|-damage|p1a: Jirachi|88\/100\n|\n|upkeep\n|turn|8\n|\n|t:|1700894132\n|switch|p2a: Hatterene|Hatterene, F|100\/100\n|move|p1a: Jirachi|Iron Head|p2a: Hatterene\n|-supereffective|p2a: Hatterene\n|-damage|p2a: Hatterene|38\/100\n|\n|upkeep\n|turn|9\n|\n|t:|1700894135\n|move|p1a: Jirachi|Iron Head|p2a: Hatterene\n|-supereffective|p2a: Hatterene\n|-damage|p2a: Hatterene|0 fnt\n|faint|p2a: Hatterene\n|\n|upkeep\n|\n|t:|1700894139\n|switch|p2a: Polteageist|Polteageist-Antique|100\/100\n|turn|10\n|\n|t:|1700894146\n|move|p2a: Polteageist|Shell Smash|p2a: Polteageist\n|-unboost|p2a: Polteageist|def|1\n|-unboost|p2a: Polteageist|spd|1\n|-boost|p2a: Polteageist|atk|2\n|-boost|p2a: Polteageist|spa|2\n|-boost|p2a: Polteageist|spe|2\n|-zpower|p1a: Jirachi\n|move|p1a: Jirachi|Z-Flash|p2a: Polteageist|[anim]Flash\n|-boost|p1a: Jirachi|evasion|1|[zeffect]\n|-unboost|p2a: Polteageist|accuracy|1\n|\n|upkeep\n|turn|11\n|\n|t:|1700894157\n|move|p2a: Polteageist|Shadow Ball|p1a: Jirachi\n|-supereffective|p1a: Jirachi\n|-damage|p1a: Jirachi|0 fnt\n|faint|p1a: Jirachi\n|\n|upkeep\n|\n|t:|1700894162\n|switch|p1a: Nidoqueen|Nidoqueen, F, shiny|17\/100\n|turn|12\n|\n|t:|1700894166\n|move|p2a: Polteageist|Stored Power|p1a: Nidoqueen|[miss]\n|-miss|p2a: Polteageist|p1a: Nidoqueen\n|move|p1a: Nidoqueen|Earth Power|p2a: Polteageist\n|-damage|p2a: Polteageist|12\/100\n|\n|upkeep\n|turn|13\n|\n|t:|1700894170\n|move|p2a: Polteageist|Stored Power|p1a: Nidoqueen\n|-supereffective|p1a: Nidoqueen\n|-damage|p1a: Nidoqueen|0 fnt\n|faint|p1a: Nidoqueen\n|\n|upkeep\n|\n|t:|1700894175\n|switch|p1a: Iron Valiant|Iron Valiant|100\/100\n|turn|14\n|\n|t:|1700894178\n|move|p1a: Iron Valiant|Moonblast|p2a: Polteageist\n|-crit|p2a: Polteageist\n|-damage|p2a: Polteageist|0 fnt\n|faint|p2a: Polteageist\n|\n|-fieldend|move: Psychic Terrain\n|upkeep\n|\n|t:|1700894181\n|switch|p2a: Tapu Lele|Tapu Lele|100\/100\n|-fieldstart|move: Psychic Terrain|[from] ability: Psychic Surge|[of] p2a: Tapu Lele\n|turn|15\n|\n|t:|1700894187\n|move|p1a: Iron Valiant|Moonblast|p2a: Tapu Lele\n|-damage|p2a: Tapu Lele|52\/100\n|-unboost|p2a: Tapu Lele|spa|1\n|move|p2a: Tapu Lele|Psychic|p1a: Iron Valiant\n|-supereffective|p1a: Iron Valiant\n|-damage|p1a: Iron Valiant|0 fnt\n|faint|p1a: Iron Valiant\n|-end|p1a: Iron Valiant|Quark Drive|[silent]\n|\n|upkeep\n|\n|t:|1700894191\n|switch|p1a: Zapdos|Zapdos|100\/100\n|turn|16\n|\n|t:|1700894195\n|switch|p2a: Armarouge|Armarouge, F|100\/100\n|move|p1a: Zapdos|Volt Switch|p2a: Armarouge\n|-crit|p2a: Armarouge\n|-damage|p2a: Armarouge|37\/100\n|\n|t:|1700894198\n|switch|p1a: Alomomola|Alomomola, F, shiny|100\/100|[from] Volt Switch\n|\n|upkeep\n|turn|17\n|\n|t:|1700894201\n|move|p2a: Armarouge|Expanding Force|p1a: Alomomola\n|-damage|p1a: Alomomola|12\/100\n|move|p1a: Alomomola|Flip Turn|p2a: Armarouge\n|-supereffective|p2a: Armarouge\n|-damage|p2a: Armarouge|1\/100\n|-ability|p2a: Armarouge|Weak Armor|boost\n|-unboost|p2a: Armarouge|def|1\n|-boost|p2a: Armarouge|spe|2\n|-enditem|p2a: Armarouge|Weakness Policy\n|-boost|p2a: Armarouge|atk|2|[from] item: Weakness Policy\n|-boost|p2a: Armarouge|spa|2|[from] item: Weakness Policy\n|\n|t:|1700894206\n|switch|p1a: Zapdos|Zapdos|100\/100|[from] Flip Turn\n|\n|upkeep\n|turn|18\n|c|\u2606playeraccount|gg\n|\n|t:|1700894210\n|-terastallize|p2a: Armarouge|Psychic\n|move|p2a: Armarouge|Expanding Force|p1a: Zapdos\n|-damage|p1a: Zapdos|0 fnt\n|faint|p1a: Zapdos\n|\n|upkeep\n|\n|t:|1700894213\n|switch|p1a: Alomomola|Alomomola, F, shiny|46\/100\n|turn|19\n|\n|t:|1700894216\n|move|p2a: Armarouge|Expanding Force|p1a: Alomomola\n|-damage|p1a: Alomomola|0 fnt\n|faint|p1a: Alomomola\n|\n|win|weiwoduzun\u696a\u7948\n|raw|playeraccount's rating: 1545 &rarr; <strong>1530<\/strong><br \/>(-15 for losing)\n|raw|weiwoduzun\u696a\u7948's rating: 1643 &rarr; <strong>1658<\/strong><br \/>(+15 for winning)\n|l|\u2606playeraccount\n","uploadtime":1700894222,"views":25,"p1id":"playeraccount","p2id":"weiwoduzun","formatid":"gen9nationaldex","rating":1530,"private":0,"password":""}