{"id":"gen9nationaldex-1988163238","p1":"EijiVGC","p2":"cb der","format":"[Gen 9] National Dex","log":"|j|\u2606EijiVGC\n|j|\u2606cb der\n|t:|1699677873\n|gametype|singles\n|player|p1|EijiVGC|101|1031\n|player|p2|cb der|iono|1103\n|teamsize|p1|6\n|teamsize|p2|6\n|gen|9\n|tier|[Gen 9] National Dex\n|rated|\n|rule|HP Percentage Mod: HP is shown in percentages\n|rule|Endless Battle Clause: Forcing endless battles is banned\n|rule|OHKO Clause: OHKO moves are banned\n|rule|Evasion Clause: Evasion abilities, items, and moves are banned\n|rule|Evasion Abilities Clause: Evasion abilities are banned\n|rule|Evasion Items Clause: Evasion items are banned\n|rule|Evasion Moves Clause: Evasion moves are banned\n|rule|Species Clause: Limit one of each Pok\u00e9mon\n|rule|Sleep Clause Mod: Limit one foe put to sleep\n|clearpoke\n|poke|p1|Swampert, M|\n|poke|p1|Sceptile, F|\n|poke|p1|Charizard, F|\n|poke|p1|Meowscarada, F|\n|poke|p1|Greninja-*, M|\n|poke|p1|Incineroar, F|\n|poke|p2|Throh, M|\n|poke|p2|Lanturn, F|\n|poke|p2|Ting-Lu|\n|poke|p2|Greninja-*, M|\n|poke|p2|Dondozo, F|\n|poke|p2|Delcatty, M|\n|teampreview\n|inactive|Battle timer is ON: inactive players will automatically lose when time's up. (requested by cb der)\n|\n|t:|1699677891\n|start\n|switch|p1a: Sceptile|Sceptile, F|100\/100\n|switch|p2a: Delcatty|Delcatty, M|100\/100\n|turn|1\n|\n|t:|1699677904\n|-terastallize|p2a: Delcatty|Normal\n|move|p2a: Delcatty|Fake Out|p1a: Sceptile\n|-damage|p1a: Sceptile|41\/100\n|cant|p1a: Sceptile|flinch\n|\n|upkeep\n|turn|2\n|\n|t:|1699677911\n|move|p2a: Delcatty|Sucker Punch||[still]\n|-fail|p2a: Delcatty\n|move|p1a: Sceptile|Sunny Day|p1a: Sceptile\n|-weather|SunnyDay\n|\n|-weather|SunnyDay|[upkeep]\n|upkeep\n|turn|3\n|\n|t:|1699677919\n|-terastallize|p1a: Sceptile|Grass\n|move|p2a: Delcatty|Sucker Punch|p1a: Sceptile\n|-damage|p1a: Sceptile|0 fnt\n|faint|p1a: Sceptile\n|\n|-weather|SunnyDay|[upkeep]\n|upkeep\n|\n|t:|1699677931\n|switch|p1a: Swampert|Swampert, M|100\/100\n|turn|4\n|\n|t:|1699677943\n|switch|p2a: Ting-Lu|Ting-Lu|100\/100\n|-ability|p2a: Ting-Lu|Vessel of Ruin\n|move|p1a: Swampert|Hammer Arm|p2a: Ting-Lu\n|-supereffective|p2a: Ting-Lu\n|-damage|p2a: Ting-Lu|63\/100\n|-unboost|p1a: Swampert|spe|1\n|\n|-weather|SunnyDay|[upkeep]\n|-heal|p2a: Ting-Lu|69\/100|[from] item: Leftovers\n|upkeep\n|turn|5\n|\n|t:|1699677959\n|switch|p1a: Charizard|Charizard, F|100\/100\n|move|p2a: Ting-Lu|Spikes|p1a: Charizard\n|-sidestart|p1: EijiVGC|Spikes\n|\n|-weather|SunnyDay|[upkeep]\n|-damage|p1a: Charizard|88\/100|[from] ability: Solar Power|[of] p1a: Charizard\n|-heal|p2a: Ting-Lu|76\/100|[from] item: Leftovers\n|upkeep\n|turn|6\n|\n|t:|1699677970\n|detailschange|p1a: Charizard|Charizard-Mega-Y, F\n|-mega|p1a: Charizard|Charizard|Charizardite Y\n|move|p1a: Charizard|Fire Blast|p2a: Ting-Lu\n|-damage|p2a: Ting-Lu|31\/100\n|move|p2a: Ting-Lu|Spikes|p1a: Charizard\n|-sidestart|p1: EijiVGC|Spikes\n|\n|-weather|none\n|-heal|p2a: Ting-Lu|37\/100|[from] item: Leftovers\n|upkeep\n|turn|7\n|\n|t:|1699677981\n|move|p1a: Charizard|Air Slash|p2a: Ting-Lu\n|-damage|p2a: Ting-Lu|20\/100\n|move|p2a: Ting-Lu|Whirlwind|p1a: Charizard\n|drag|p1a: Incineroar|Incineroar, F|100\/100\n|-damage|p1a: Incineroar|84\/100|[from] Spikes\n|-ability|p1a: Incineroar|Intimidate|boost\n|-unboost|p2a: Ting-Lu|atk|1\n|\n|-heal|p2a: Ting-Lu|26\/100|[from] item: Leftovers\n|upkeep\n|turn|8\n|\n|t:|1699677993\n|move|p1a: Incineroar|Fake Out|p2a: Ting-Lu\n|-damage|p2a: Ting-Lu|18\/100\n|cant|p2a: Ting-Lu|flinch\n|\n|-heal|p2a: Ting-Lu|24\/100|[from] item: Leftovers\n|upkeep\n|turn|9\n|\n|t:|1699678003\n|move|p1a: Incineroar|Protect|p1a: Incineroar\n|-singleturn|p1a: Incineroar|Protect\n|move|p2a: Ting-Lu|Spikes|p1a: Incineroar\n|-sidestart|p1: EijiVGC|Spikes\n|\n|-heal|p2a: Ting-Lu|31\/100|[from] item: Leftovers\n|upkeep\n|turn|10\n|\n|t:|1699678011\n|-zpower|p1a: Incineroar\n|move|p1a: Incineroar|Malicious Moonsault|p2a: Ting-Lu|[zeffect]\n|-resisted|p2a: Ting-Lu\n|-damage|p2a: Ting-Lu|6\/100\n|move|p2a: Ting-Lu|Whirlwind|p1a: Incineroar\n|drag|p1a: Meowscarada|Meowscarada, F|100\/100\n|-damage|p1a: Meowscarada|76\/100|[from] Spikes\n|\n|-heal|p2a: Ting-Lu|12\/100|[from] item: Leftovers\n|upkeep\n|turn|11\n|\n|t:|1699678027\n|move|p1a: Meowscarada|U-turn|p2a: Ting-Lu\n|-start|p1a: Meowscarada|typechange|Bug|[from] ability: Protean\n|-supereffective|p2a: Ting-Lu\n|-damage|p2a: Ting-Lu|0 fnt\n|faint|p2a: Ting-Lu\n|-damage|p1a: Meowscarada|66\/100|[from] item: Life Orb\n|\n|t:|1699678036\n|switch|p1a: Swampert|Swampert, M|100\/100|[from] U-turn\n|-damage|p1a: Swampert|75\/100|[from] Spikes\n|\n|upkeep\n|\n|t:|1699678044\n|switch|p2a: Throh|Throh, M|100\/100\n|turn|12\n|\n|t:|1699678050\n|move|p1a: Swampert|Hydro Pump|p2a: Throh\n|-damage|p2a: Throh|71\/100\n|move|p2a: Throh|Substitute|p2a: Throh\n|-start|p2a: Throh|Substitute\n|-damage|p2a: Throh|46\/100\n|\n|-status|p2a: Throh|brn|[from] item: Flame Orb\n|upkeep\n|turn|13\n|\n|t:|1699678059\n|-singleturn|p2a: Throh|move: Focus Punch\n|move|p1a: Swampert|Earthquake|p2a: Throh\n|-end|p2a: Throh|Substitute\n|move|p2a: Throh|Focus Punch|p1a: Swampert\n|-damage|p1a: Swampert|0 fnt\n|faint|p1a: Swampert\n|\n|-damage|p2a: Throh|39\/100 brn|[from] brn\n|upkeep\n|\n|t:|1699678072\n|switch|p1a: Greninja|Greninja, M|100\/100\n|-damage|p1a: Greninja|76\/100|[from] Spikes\n|turn|14\n|\n|t:|1699678076\n|switch|p2a: Dondozo|Dondozo, F|100\/100\n|move|p1a: Greninja|Extrasensory|p2a: Dondozo\n|-damage|p2a: Dondozo|85\/100\n|\n|-heal|p2a: Dondozo|91\/100|[from] item: Leftovers\n|upkeep\n|turn|15\n|\n|t:|1699678088\n|switch|p1a: Meowscarada|Meowscarada, F|66\/100\n|-damage|p1a: Meowscarada|41\/100|[from] Spikes\n|move|p2a: Dondozo|Curse|p2a: Dondozo\n|-unboost|p2a: Dondozo|spe|1\n|-boost|p2a: Dondozo|atk|1\n|-boost|p2a: Dondozo|def|1\n|\n|-heal|p2a: Dondozo|97\/100|[from] item: Leftovers\n|upkeep\n|turn|16\n|\n|t:|1699678099\n|switch|p2a: Throh|Throh, M|39\/100 brn\n|move|p1a: Meowscarada|Flower Trick|p2a: Throh\n|-start|p1a: Meowscarada|typechange|Grass|[from] ability: Protean\n|-crit|p2a: Throh\n|-damage|p2a: Throh|0 fnt\n|faint|p2a: Throh\n|-damage|p1a: Meowscarada|31\/100|[from] item: Life Orb\n|\n|upkeep\n|\n|t:|1699678107\n|switch|p2a: Delcatty|Delcatty, M, tera:Normal|100\/100\n|turn|17\n|\n|t:|1699678114\n|move|p2a: Delcatty|Fake Out|p1a: Meowscarada\n|-damage|p1a: Meowscarada|0 fnt\n|faint|p1a: Meowscarada\n|\n|upkeep\n|\n|t:|1699678122\n|switch|p1a: Incineroar|Incineroar, F|84\/100\n|-damage|p1a: Incineroar|59\/100|[from] Spikes\n|-ability|p1a: Incineroar|Intimidate|boost\n|-unboost|p2a: Delcatty|atk|1\n|turn|18\n|\n|t:|1699678130\n|switch|p2a: Dondozo|Dondozo, F|97\/100\n|move|p1a: Incineroar|Fake Out|p2a: Dondozo\n|-damage|p2a: Dondozo|89\/100\n|\n|-heal|p2a: Dondozo|95\/100|[from] item: Leftovers\n|upkeep\n|turn|19\n|\n|t:|1699678140\n|move|p1a: Incineroar|Protect|p1a: Incineroar\n|-singleturn|p1a: Incineroar|Protect\n|move|p2a: Dondozo|Curse|p2a: Dondozo\n|-unboost|p2a: Dondozo|spe|1\n|-boost|p2a: Dondozo|atk|1\n|-boost|p2a: Dondozo|def|1\n|\n|-heal|p2a: Dondozo|100\/100|[from] item: Leftovers\n|upkeep\n|turn|20\n|\n|t:|1699678150\n|move|p1a: Incineroar|Darkest Lariat|p2a: Dondozo\n|-damage|p2a: Dondozo|73\/100\n|move|p2a: Dondozo|Curse|p2a: Dondozo\n|-unboost|p2a: Dondozo|spe|1\n|-boost|p2a: Dondozo|atk|1\n|-boost|p2a: Dondozo|def|1\n|\n|-heal|p2a: Dondozo|79\/100|[from] item: Leftovers\n|upkeep\n|turn|21\n|\n|t:|1699678160\n|move|p1a: Incineroar|Darkest Lariat|p2a: Dondozo\n|-damage|p2a: Dondozo|55\/100\n|move|p2a: Dondozo|Liquidation|p1a: Incineroar\n|-supereffective|p1a: Incineroar\n|-damage|p1a: Incineroar|0 fnt\n|faint|p1a: Incineroar\n|\n|-heal|p2a: Dondozo|61\/100|[from] item: Leftovers\n|upkeep\n|\n|t:|1699678170\n|switch|p1a: Charizard|Charizard-Mega-Y, F|88\/100\n|-weather|SunnyDay|[from] ability: Drought|[of] p1a: Charizard\n|turn|22\n|\n|t:|1699678178\n|move|p1a: Charizard|Blast Burn|p2a: Dondozo\n|-resisted|p2a: Dondozo\n|-damage|p2a: Dondozo|14\/100\n|-mustrecharge|p1a: Charizard\n|move|p2a: Dondozo|Rest|p2a: Dondozo\n|-status|p2a: Dondozo|slp|[from] move: Rest\n|-heal|p2a: Dondozo|100\/100 slp|[silent]\n|\n|-weather|SunnyDay|[upkeep]\n|upkeep\n|turn|23\n|\n|t:|1699678187\n|cant|p1a: Charizard|recharge\n|cant|p2a: Dondozo|slp\n|move|p2a: Dondozo|Sleep Talk|p2a: Dondozo\n|move|p2a: Dondozo|Rest||[from]move: Sleep Talk|[still]\n|-fail|p2a: Dondozo\n|\n|-weather|SunnyDay|[upkeep]\n|upkeep\n|turn|24\n|\n|t:|1699678196\n|move|p1a: Charizard|Blast Burn|p2a: Dondozo\n|-resisted|p2a: Dondozo\n|-damage|p2a: Dondozo|60\/100 slp\n|-mustrecharge|p1a: Charizard\n|cant|p2a: Dondozo|slp\n|move|p2a: Dondozo|Sleep Talk|p2a: Dondozo\n|move|p2a: Dondozo|Rest||[from]move: Sleep Talk|[still]\n|-fail|p2a: Dondozo\n|\n|-weather|SunnyDay|[upkeep]\n|-heal|p2a: Dondozo|66\/100 slp|[from] item: Leftovers\n|upkeep\n|turn|25\n|\n|t:|1699678205\n|cant|p1a: Charizard|recharge\n|-curestatus|p2a: Dondozo|slp|[msg]\n|move|p2a: Dondozo|Liquidation|p1a: Charizard\n|-supereffective|p1a: Charizard\n|-damage|p1a: Charizard|13\/100\n|-unboost|p1a: Charizard|def|1\n|\n|-weather|SunnyDay|[upkeep]\n|-heal|p2a: Dondozo|72\/100|[from] item: Leftovers\n|upkeep\n|turn|26\n|\n|t:|1699678215\n|move|p1a: Charizard|Dragon Pulse|p2a: Dondozo\n|-damage|p2a: Dondozo|50\/100\n|move|p2a: Dondozo|Rest|p2a: Dondozo\n|-status|p2a: Dondozo|slp|[from] move: Rest\n|-heal|p2a: Dondozo|100\/100 slp|[silent]\n|\n|-weather|none\n|upkeep\n|turn|27\n|\n|t:|1699678224\n|move|p1a: Charizard|Fire Blast|p2a: Dondozo\n|-resisted|p2a: Dondozo\n|-damage|p2a: Dondozo|78\/100 slp\n|cant|p2a: Dondozo|slp\n|move|p2a: Dondozo|Sleep Talk|p2a: Dondozo\n|move|p2a: Dondozo|Liquidation|p1a: Charizard|[from]move: Sleep Talk\n|-supereffective|p1a: Charizard\n|-damage|p1a: Charizard|0 fnt\n|faint|p1a: Charizard\n|\n|-heal|p2a: Dondozo|84\/100 slp|[from] item: Leftovers\n|upkeep\n|\n|t:|1699678232\n|switch|p1a: Greninja|Greninja, M|76\/100\n|-damage|p1a: Greninja|51\/100|[from] Spikes\n|turn|28\n|\n|t:|1699678236\n|move|p1a: Greninja|Dark Pulse|p2a: Dondozo\n|-damage|p2a: Dondozo|62\/100 slp\n|cant|p2a: Dondozo|slp\n|cant|p2a: Dondozo|flinch\n|\n|-heal|p2a: Dondozo|69\/100 slp|[from] item: Leftovers\n|upkeep\n|turn|29\n|\n|t:|1699678245\n|move|p1a: Greninja|Extrasensory|p2a: Dondozo\n|-damage|p2a: Dondozo|53\/100 slp\n|-curestatus|p2a: Dondozo|slp|[msg]\n|move|p2a: Dondozo|Liquidation|p1a: Greninja\n|-resisted|p1a: Greninja\n|-damage|p1a: Greninja|0 fnt\n|faint|p1a: Greninja\n|\n|win|cb der\n|raw|EijiVGC's rating: 1031 &rarr; <strong>1019<\/strong><br \/>(-12 for losing)\n|raw|cb der's rating: 1103 &rarr; <strong>1123<\/strong><br \/>(+20 for winning)\n|l|\u2606EijiVGC\n","uploadtime":1699678261,"views":5,"p1id":"eijivgc","p2id":"cbder","formatid":"gen9nationaldex","rating":1019,"private":0,"password":""}