{"id":"gen9nationaldex-1995419794","p1":"bingenji JAPAN","p2":"KarmaNightraide","format":"[Gen 9] National Dex","log":"|html|<div class=\"broadcast-blue\"><strong>[Gen 9] National Dex is currently suspecting Sneasler! For information on how to participate check out the <a href=\"https:\/\/www.smogon.com\/forums\/threads\/sv-national-dex-suspect-8-just-dance.3731534\/\">suspect thread<\/a>.<\/strong><\/div>\n|j|\u2606bingenji JAPAN\n|j|\u2606KarmaNightraide\n|t:|1700568415\n|gametype|singles\n|player|p1|bingenji JAPAN|swimmerf|1080\n|player|p2|KarmaNightraide|unknown|1011\n|teamsize|p1|6\n|teamsize|p2|6\n|gen|9\n|tier|[Gen 9] National Dex\n|rated|\n|rule|HP Percentage Mod: HP is shown in percentages\n|rule|Endless Battle Clause: Forcing endless battles is banned\n|rule|OHKO Clause: OHKO moves are banned\n|rule|Evasion Clause: Evasion abilities, items, and moves are banned\n|rule|Evasion Abilities Clause: Evasion abilities are banned\n|rule|Evasion Items Clause: Evasion items are banned\n|rule|Evasion Moves Clause: Evasion moves are banned\n|rule|Species Clause: Limit one of each Pok\u00e9mon\n|rule|Sleep Clause Mod: Limit one foe put to sleep\n|clearpoke\n|poke|p1|Maushold-Four|\n|poke|p1|Shuckle, M|\n|poke|p1|Forretress, F|\n|poke|p1|Quagsire, M|\n|poke|p1|Mawile, F|\n|poke|p1|Gengar, F|\n|poke|p2|Drifblim, M|\n|poke|p2|Gourgeist-*, F|\n|poke|p2|Chandelure, M|\n|poke|p2|Banette, F|\n|poke|p2|Aegislash, F|\n|poke|p2|Mismagius, F|\n|teampreview\n|\n|t:|1700568432\n|start\n|switch|p1a: cookie|Maushold-Four|100\/100\n|switch|p2a: Go to sleep...|Banette, F|100\/100\n|turn|1\n|\n|t:|1700568446\n|switch|p1a: shucky|Shuckle, M, shiny|100\/100\n|detailschange|p2a: Go to sleep...|Banette-Mega, F\n|-mega|p2a: Go to sleep...|Banette|Banettite\n|move|p2a: Go to sleep...|Taunt|p1a: shucky\n|-start|p1a: shucky|move: Taunt\n|\n|upkeep\n|turn|2\n|\n|t:|1700568466\n|move|p2a: Go to sleep...|Thunder Wave|p1a: shucky\n|-status|p1a: shucky|par\n|cant|p1a: shucky|par\n|\n|upkeep\n|turn|3\n|\n|t:|1700568509\n|switch|p2a: LightOfMine|Chandelure, M|100\/100\n|move|p1a: shucky|Infestation|p2a: LightOfMine\n|-resisted|p2a: LightOfMine\n|-damage|p2a: LightOfMine|99\/100\n|-activate|p2a: LightOfMine|move: Infestation|[of] p1a: shucky\n|\n|-damage|p2a: LightOfMine|88\/100|[from] move: Infestation|[partiallytrapped]\n|-end|p1a: shucky|move: Taunt\n|upkeep\n|turn|4\n|\n|t:|1700568526\n|move|p2a: LightOfMine|Calm Mind|p2a: LightOfMine\n|-boost|p2a: LightOfMine|spa|1\n|-boost|p2a: LightOfMine|spd|1\n|move|p1a: shucky|Shell Smash|p1a: shucky\n|-boost|p1a: shucky|def|1\n|-boost|p1a: shucky|spd|1\n|-unboost|p1a: shucky|atk|2\n|-unboost|p1a: shucky|spa|2\n|-unboost|p1a: shucky|spe|2\n|\n|-damage|p2a: LightOfMine|76\/100|[from] move: Infestation|[partiallytrapped]\n|upkeep\n|turn|5\n|\n|t:|1700568541\n|-zpower|p2a: LightOfMine\n|move|p2a: LightOfMine|Z-Safeguard|p2a: LightOfMine|[anim]Safeguard\n|-boost|p2a: LightOfMine|spe|1|[zeffect]\n|-sidestart|p2: KarmaNightraide|Safeguard\n|move|p1a: shucky|Shell Smash|p1a: shucky\n|-boost|p1a: shucky|def|1\n|-boost|p1a: shucky|spd|1\n|-unboost|p1a: shucky|atk|2\n|-unboost|p1a: shucky|spa|2\n|-unboost|p1a: shucky|spe|2\n|\n|-damage|p2a: LightOfMine|63\/100|[from] move: Infestation|[partiallytrapped]\n|upkeep\n|turn|6\n|\n|t:|1700568556\n|move|p2a: LightOfMine|Flamethrower|p1a: shucky\n|-damage|p1a: shucky|79\/100 par\n|move|p1a: shucky|Shell Smash|p1a: shucky\n|-boost|p1a: shucky|def|1\n|-boost|p1a: shucky|spd|1\n|-unboost|p1a: shucky|atk|2\n|-unboost|p1a: shucky|spa|2\n|-unboost|p1a: shucky|spe|2\n|\n|-heal|p1a: shucky|85\/100 par|[from] item: Leftovers\n|-damage|p2a: LightOfMine|51\/100|[from] move: Infestation|[partiallytrapped]\n|upkeep\n|turn|7\n|\n|t:|1700568572\n|switch|p2a: Go to sleep...|Banette-Mega, F|100\/100\n|cant|p1a: shucky|par\n|\n|-heal|p1a: shucky|91\/100 par|[from] item: Leftovers\n|upkeep\n|turn|8\n|\n|t:|1700568579\n|move|p2a: Go to sleep...|Taunt|p1a: shucky\n|-start|p1a: shucky|move: Taunt\n|cant|p1a: shucky|par\n|\n|-heal|p1a: shucky|98\/100 par|[from] item: Leftovers\n|upkeep\n|turn|9\n|\n|t:|1700568589\n|switch|p2a: Excalacey|Aegislash, F|100\/100\n|-item|p2a: Excalacey|Air Balloon\n|move|p1a: shucky|Infestation|p2a: Excalacey\n|-resisted|p2a: Excalacey\n|-damage|p2a: Excalacey|99\/100\n|-activate|p2a: Excalacey|move: Infestation|[of] p1a: shucky\n|-enditem|p2a: Excalacey|Air Balloon\n|\n|-heal|p1a: shucky|100\/100 par|[from] item: Leftovers\n|-damage|p2a: Excalacey|88\/100|[from] move: Infestation|[partiallytrapped]\n|-sideend|p2: KarmaNightraide|Safeguard\n|upkeep\n|turn|10\n|\n|t:|1700568601\n|-formechange|p2a: Excalacey|Aegislash-Blade||[from] ability: Stance Change\n|move|p2a: Excalacey|Sacred Sword|p1a: shucky\n|-damage|p1a: shucky|77\/100 par\n|move|p1a: shucky|Infestation|p2a: Excalacey\n|-resisted|p2a: Excalacey\n|-damage|p2a: Excalacey|87\/100\n|\n|-heal|p1a: shucky|83\/100 par|[from] item: Leftovers\n|-damage|p2a: Excalacey|75\/100|[from] move: Infestation|[partiallytrapped]\n|-end|p1a: shucky|move: Taunt\n|upkeep\n|turn|11\n|\n|t:|1700568615\n|move|p2a: Excalacey|Swords Dance|p2a: Excalacey\n|-boost|p2a: Excalacey|atk|2\n|move|p1a: shucky|Shell Smash|p1a: shucky\n|-boost|p1a: shucky|def|1\n|-boost|p1a: shucky|spd|1\n|-unboost|p1a: shucky|atk|0\n|-unboost|p1a: shucky|spa|0\n|-unboost|p1a: shucky|spe|0\n|\n|-heal|p1a: shucky|89\/100 par|[from] item: Leftovers\n|-damage|p2a: Excalacey|63\/100|[from] move: Infestation|[partiallytrapped]\n|upkeep\n|turn|12\n|\n|t:|1700568627\n|move|p2a: Excalacey|Sacred Sword|p1a: shucky\n|-damage|p1a: shucky|46\/100 par\n|move|p1a: shucky|Shell Smash|p1a: shucky\n|-boost|p1a: shucky|def|1\n|-boost|p1a: shucky|spd|1\n|-unboost|p1a: shucky|atk|0\n|-unboost|p1a: shucky|spa|0\n|-unboost|p1a: shucky|spe|0\n|\n|-heal|p1a: shucky|53\/100 par|[from] item: Leftovers\n|-damage|p2a: Excalacey|51\/100|[from] move: Infestation|[partiallytrapped]\n|upkeep\n|turn|13\n|\n|t:|1700568639\n|move|p2a: Excalacey|Sacred Sword|p1a: shucky\n|-damage|p1a: shucky|5\/100 par\n|cant|p1a: shucky|par\n|\n|-heal|p1a: shucky|12\/100 par|[from] item: Leftovers\n|-end|p2a: Excalacey|Infestation|[partiallytrapped]\n|upkeep\n|turn|14\n|c|\u2606bingenji JAPAN|ur rly good\n|c|\u2606bingenji JAPAN|btw\n|\n|t:|1700568653\n|move|p2a: Excalacey|Sacred Sword|p1a: shucky\n|-damage|p1a: shucky|0 fnt\n|faint|p1a: shucky\n|\n|upkeep\n|\n|t:|1700568665\n|switch|p1a: cookie|Maushold-Four|100\/100\n|turn|15\n|c|\u2606KarmaNightraide|I hope that's sincere\n|c|\u2606KarmaNightraide|And thank you\n|c|\u2606KarmaNightraide|This is the first time using this team. It's made to counter stallers\n|c|\u2606bingenji JAPAN|doing very well\n|\n|t:|1700568700\n|-formechange|p2a: Excalacey|Aegislash||[from] ability: Stance Change\n|move|p2a: Excalacey|King's Shield|p2a: Excalacey\n|-singleturn|p2a: Excalacey|Protect\n|move|p1a: cookie|Bite|p2a: Excalacey\n|-activate|p2a: Excalacey|move: Protect\n|-unboost|p1a: cookie|atk|1\n|\n|upkeep\n|turn|16\n|c|\u2606KarmaNightraide|We can talk after if you want\n|c|\u2606bingenji JAPAN|no thanks im busy talking to my girlfriend because i have a girlfrined\n|-message|bingenji JAPAN forfeited.\n|\n|win|KarmaNightraide\n|raw|bingenji JAPAN's rating: 1080 &rarr; <strong>1054<\/strong><br \/>(-26 for losing)\n|raw|KarmaNightraide's rating: 1011 &rarr; <strong>1057<\/strong><br \/>(+46 for winning)\n|l|\u2606bingenji JAPAN\n","uploadtime":1700568800,"views":8,"p1id":"bingenjijapan","p2id":"karmanightraide","formatid":"gen9nationaldex","rating":1054,"private":0,"password":""}