{"id":"gen9nationaldex-1993899748","p1":"shuaiboy","p2":"flysix","format":"[Gen 9] National Dex","log":"|j|\u2606shuaiboy\n|j|\u2606flysix\n|t:|1700372220\n|gametype|singles\n|player|p1|shuaiboy|101|\n|player|p2|flysix|rosa|\n|teamsize|p1|6\n|teamsize|p2|6\n|gen|9\n|tier|[Gen 9] National Dex\n|rule|HP Percentage Mod: HP is shown in percentages\n|rule|Endless Battle Clause: Forcing endless battles is banned\n|rule|OHKO Clause: OHKO moves are banned\n|rule|Evasion Clause: Evasion abilities, items, and moves are banned\n|rule|Evasion Abilities Clause: Evasion abilities are banned\n|rule|Evasion Items Clause: Evasion items are banned\n|rule|Evasion Moves Clause: Evasion moves are banned\n|rule|Species Clause: Limit one of each Pok\u00e9mon\n|rule|Sleep Clause Mod: Limit one foe put to sleep\n|clearpoke\n|poke|p1|Tapu Koko|\n|poke|p1|Iron Valiant|\n|poke|p1|Iron Moth|\n|poke|p1|Landorus-Therian, M|\n|poke|p1|Scizor, F|\n|poke|p1|Bisharp, F|\n|poke|p2|Torterra, M|\n|poke|p2|Ninetales-Alola, M|\n|poke|p2|Quaquaval, M|\n|poke|p2|Garchomp, F|\n|poke|p2|Heatran, M|\n|poke|p2|Armarouge, F|\n|teampreview\n|inactive|Battle timer is ON: inactive players will automatically lose when time's up. (requested by flysix)\n|c|\u2606flysix|\u4e0a\u4e00\u628a\u6211\u571f\u53f0\u9f9f\u662f\u4e0d\u662f\u6ca1\u4e0a\u573a\n|c|\u2606flysix|\u5509\n|c|\u2606flysix|\u592a\u6ca1\u5b89\u5168\u611f\u4e86\n|\n|t:|1700372253\n|start\n|switch|p1a: Iron Moth|Iron Moth|100\/100\n|switch|p2a: Ninetales|Ninetales-Alola, M|100\/100\n|-weather|Snow|[from] ability: Snow Warning|[of] p2a: Ninetales\n|turn|1\n|c|\u2606flysix|\u571f\u53f0\u9f9f\n|\n|t:|1700372262\n|switch|p2a: Heatran|Heatran, M|100\/100\n|move|p1a: Iron Moth|Toxic Spikes|p2a: Heatran\n|-sidestart|p2: flysix|move: Toxic Spikes\n|\n|-weather|Snow|[upkeep]\n|upkeep\n|turn|2\n|\n|t:|1700372284\n|move|p1a: Iron Moth|U-turn|p2a: Heatran\n|-resisted|p2a: Heatran\n|-damage|p2a: Heatran|98\/100\n|\n|t:|1700372292\n|-end|p1a: Iron Moth|Quark Drive|[silent]\n|switch|p1a: Landorus|Landorus-Therian, M|100\/100|[from] U-turn\n|-ability|p1a: Landorus|Intimidate|boost\n|-unboost|p2a: Heatran|atk|1\n|move|p2a: Heatran|Earth Power|p1a: Landorus\n|-immune|p1a: Landorus\n|\n|-weather|Snow|[upkeep]\n|upkeep\n|turn|3\n|\n|t:|1700372298\n|-zpower|p2a: Heatran\n|move|p2a: Heatran|Corkscrew Crash|p1a: Landorus|[zeffect]\n|-damage|p1a: Landorus|47\/100\n|move|p1a: Landorus|U-turn|p2a: Heatran\n|-resisted|p2a: Heatran\n|-crit|p2a: Heatran\n|-damage|p2a: Heatran|90\/100\n|-status|p1a: Landorus|brn|[from] ability: Flame Body|[of] p2a: Heatran\n|c|\u2606shuaiboy|\uff1f\uff1f\uff1f\uff1f\n|\n|t:|1700372305\n|switch|p1a: Iron Valiant|Iron Valiant|100\/100|[from] U-turn\n|\n|-weather|Snow|[upkeep]\n|upkeep\n|turn|4\n|\n|t:|1700372310\n|move|p1a: Iron Valiant|Close Combat|p2a: Heatran\n|-supereffective|p2a: Heatran\n|-damage|p2a: Heatran|0 fnt\n|-unboost|p1a: Iron Valiant|def|1\n|-unboost|p1a: Iron Valiant|spd|1\n|faint|p2a: Heatran\n|-damage|p1a: Iron Valiant|91\/100|[from] item: Life Orb\n|\n|-weather|Snow|[upkeep]\n|upkeep\n|c|\u2606flysix|\u5927\u80c6\u554a\n|c|\u2606flysix|\u8fd8\u8fd1\u8eab\u6218\n|\n|t:|1700372320\n|switch|p2a: Quaquaval|Quaquaval, M|100\/100\n|turn|5\n|\n|t:|1700372325\n|-terastallize|p1a: Iron Valiant|Fighting\n|-terastallize|p2a: Quaquaval|Steel\n|move|p1a: Iron Valiant|Close Combat|p2a: Quaquaval\n|-supereffective|p2a: Quaquaval\n|-damage|p2a: Quaquaval|0 fnt\n|-unboost|p1a: Iron Valiant|def|1\n|-unboost|p1a: Iron Valiant|spd|1\n|faint|p2a: Quaquaval\n|-damage|p1a: Iron Valiant|81\/100|[from] item: Life Orb\n|\n|-weather|none\n|upkeep\n|c|\u2606flysix|\u6211\u53bb\n|c|\u2606flysix|\u554a\uff1f\n|\n|t:|1700372336\n|switch|p2a: Ninetales|Ninetales-Alola, M|100\/100\n|-status|p2a: Ninetales|psn\n|-weather|Snow|[from] ability: Snow Warning|[of] p2a: Ninetales\n|turn|6\n|\n|t:|1700372346\n|move|p1a: Iron Valiant|Swords Dance|p1a: Iron Valiant\n|-boost|p1a: Iron Valiant|atk|2\n|move|p2a: Ninetales|Safeguard|p2a: Ninetales\n|-sidestart|p2: flysix|Safeguard\n|\n|-weather|Snow|[upkeep]\n|-damage|p2a: Ninetales|88\/100 psn|[from] psn\n|upkeep\n|turn|7\n|\n|t:|1700372351\n|move|p1a: Iron Valiant|Close Combat|p2a: Ninetales\n|-damage|p2a: Ninetales|0 fnt\n|-unboost|p1a: Iron Valiant|def|1\n|-unboost|p1a: Iron Valiant|spd|1\n|faint|p2a: Ninetales\n|-damage|p1a: Iron Valiant|71\/100|[from] item: Life Orb\n|\n|-weather|Snow|[upkeep]\n|upkeep\n|\n|t:|1700372354\n|switch|p2a: Monkey Posession|Armarouge, F|100\/100\n|turn|8\n|c|\u2606shuaiboy|\u6ca1\u9519 \u662f\u7269\u653b\u7684\n|\n|t:|1700372361\n|move|p1a: Iron Valiant|Knock Off|p2a: Monkey Posession\n|-supereffective|p2a: Monkey Posession\n|-damage|p2a: Monkey Posession|0 fnt\n|-enditem|p2a: Monkey Posession|Weakness Policy|[from] move: Knock Off|[of] p1a: Iron Valiant\n|faint|p2a: Monkey Posession\n|-damage|p1a: Iron Valiant|62\/100|[from] item: Life Orb\n|\n|-weather|Snow|[upkeep]\n|upkeep\n|\n|t:|1700372367\n|switch|p2a: Garchomp|Garchomp, F|100\/100\n|turn|9\n|c|\u2606flysix|\u554a\n|\n|t:|1700372372\n|move|p1a: Iron Valiant|Close Combat|p2a: Garchomp\n|-damage|p2a: Garchomp|0 fnt\n|-unboost|p1a: Iron Valiant|def|1\n|-unboost|p1a: Iron Valiant|spd|1\n|-damage|p1a: Iron Valiant|49\/100|[from] ability: Rough Skin|[of] p2a: Garchomp\n|faint|p2a: Garchomp\n|-damage|p1a: Iron Valiant|40\/100|[from] item: Life Orb\n|\n|-weather|Snow|[upkeep]\n|upkeep\n|c|\u2606flysix|gg\n|\n|t:|1700372376\n|switch|p2a: Torterra|Torterra, M|100\/100\n|turn|10\n|\n|t:|1700372378\n|move|p1a: Iron Valiant|Close Combat|p2a: Torterra\n|-damage|p2a: Torterra|0 fnt\n|-unboost|p1a: Iron Valiant|def|1\n|-unboost|p1a: Iron Valiant|spd|1\n|faint|p2a: Torterra\n|-damage|p1a: Iron Valiant|30\/100|[from] item: Life Orb\n|\n|win|shuaiboy\n","uploadtime":1700372381,"views":7,"p1id":"shuaiboy","p2id":"flysix","formatid":"gen9nationaldex","rating":0,"private":0,"password":""}