{"id":"gen9nationaldex-1990503563","p1":"KyosukeKamijou","p2":"NEOJO","format":"[Gen 9] National Dex","log":"|j|\u2606KyosukeKamijou\n|j|\u2606NEOJO\n|t:|1699976814\n|gametype|singles\n|player|p1|KyosukeKamijou|ghetsis|1229\n|player|p2|NEOJO|hoopster|1164\n|teamsize|p1|6\n|teamsize|p2|6\n|gen|9\n|tier|[Gen 9] National Dex\n|rated|\n|rule|HP Percentage Mod: HP is shown in percentages\n|rule|Endless Battle Clause: Forcing endless battles is banned\n|rule|OHKO Clause: OHKO moves are banned\n|rule|Evasion Clause: Evasion abilities, items, and moves are banned\n|rule|Evasion Abilities Clause: Evasion abilities are banned\n|rule|Evasion Items Clause: Evasion items are banned\n|rule|Evasion Moves Clause: Evasion moves are banned\n|rule|Species Clause: Limit one of each Pok\u00e9mon\n|rule|Sleep Clause Mod: Limit one foe put to sleep\n|clearpoke\n|poke|p1|Kommo-o, M|\n|poke|p1|Ferrothorn, M|\n|poke|p1|Gliscor, M|\n|poke|p1|Samurott-Hisui, M|\n|poke|p1|Volcarona, F|\n|poke|p1|Diancie|\n|poke|p2|Scizor, M|\n|poke|p2|Buzzwole|\n|poke|p2|Volcarona, F|\n|poke|p2|Yanmega, M|\n|poke|p2|Masquerain, M|\n|poke|p2|Crustle, M|\n|teampreview\n|\n|t:|1699976818\n|start\n|switch|p1a: Batman|Gliscor, M|100\/100\n|switch|p2a: Giga Wigga|Buzzwole, shiny|100\/100\n|turn|1\n|\n|t:|1699976824\n|-terastallize|p2a: Giga Wigga|Steel\n|move|p1a: Batman|Protect|p1a: Batman\n|-singleturn|p1a: Batman|Protect\n|move|p2a: Giga Wigga|Ice Punch|p1a: Batman\n|-activate|p1a: Batman|move: Protect\n|\n|-status|p1a: Batman|tox|[from] item: Toxic Orb\n|upkeep\n|turn|2\n|\n|t:|1699976835\n|switch|p1a: Mothra|Volcarona, F|100\/100\n|move|p2a: Giga Wigga|Ice Punch|p1a: Mothra\n|-resisted|p1a: Mothra\n|-damage|p1a: Mothra|78\/100\n|-status|p2a: Giga Wigga|brn|[from] ability: Flame Body|[of] p1a: Mothra\n|\n|-damage|p2a: Giga Wigga|94\/100 brn|[from] brn\n|upkeep\n|turn|3\n|\n|t:|1699976847\n|move|p1a: Mothra|Quiver Dance|p1a: Mothra\n|-boost|p1a: Mothra|spa|1\n|-boost|p1a: Mothra|spd|1\n|-boost|p1a: Mothra|spe|1\n|move|p2a: Giga Wigga|Earthquake|p1a: Mothra\n|-damage|p1a: Mothra|45\/100\n|\n|-damage|p2a: Giga Wigga|88\/100 brn|[from] brn\n|upkeep\n|turn|4\n|\n|t:|1699976874\n|move|p1a: Mothra|Fiery Dance|p2a: Giga Wigga\n|-supereffective|p2a: Giga Wigga\n|-damage|p2a: Giga Wigga|0 fnt\n|faint|p2a: Giga Wigga\n|\n|upkeep\n|\n|t:|1699976883\n|switch|p2a: KIDNAPPER|Yanmega, M|100\/100\n|turn|5\n|\n|t:|1699976887\n|move|p1a: Mothra|Fiery Dance|p2a: KIDNAPPER\n|-supereffective|p2a: KIDNAPPER\n|-damage|p2a: KIDNAPPER|0 fnt\n|faint|p2a: KIDNAPPER\n|\n|upkeep\n|\n|t:|1699976893\n|switch|p2a: Crusty|Crustle, M|100\/100\n|turn|6\n|\n|t:|1699976898\n|-terastallize|p1a: Mothra|Grass\n|move|p1a: Mothra|Giga Drain|p2a: Crusty\n|-crit|p2a: Crusty\n|-ability|p2a: Crusty|Sturdy\n|-damage|p2a: Crusty|1\/100\n|-heal|p1a: Mothra|90\/100|[from] drain|[of] p2a: Crusty\n|move|p2a: Crusty|Rock Blast|p1a: Mothra\n|-damage|p1a: Mothra|70\/100\n|-damage|p1a: Mothra|50\/100\n|-damage|p1a: Mothra|31\/100\n|-hitcount|p1a: Mothra|3\n|\n|upkeep\n|turn|7\n|\n|t:|1699976912\n|move|p1a: Mothra|Giga Drain|p2a: Crusty\n|-damage|p2a: Crusty|0 fnt\n|-heal|p1a: Mothra|31\/100|[from] drain|[of] p2a: Crusty\n|faint|p2a: Crusty\n|\n|upkeep\n|\n|t:|1699976920\n|switch|p2a: Sharp Shlong|Scizor, M|100\/100\n|turn|8\n|\n|t:|1699976923\n|detailschange|p2a: Sharp Shlong|Scizor-Mega, M\n|-mega|p2a: Sharp Shlong|Scizor|Scizorite\n|move|p1a: Mothra|Fiery Dance|p2a: Sharp Shlong\n|-supereffective|p2a: Sharp Shlong\n|-damage|p2a: Sharp Shlong|0 fnt\n|-boost|p1a: Mothra|spa|1\n|faint|p2a: Sharp Shlong\n|\n|upkeep\n|\n|t:|1699976930\n|switch|p2a: Ugly Moth|Volcarona, F, shiny|100\/100\n|turn|9\n|\n|t:|1699976933\n|move|p1a: Mothra|Bug Buzz|p2a: Ugly Moth\n|-resisted|p2a: Ugly Moth\n|-damage|p2a: Ugly Moth|45\/100\n|move|p2a: Ugly Moth|Fiery Dance|p1a: Mothra\n|-supereffective|p1a: Mothra\n|-damage|p1a: Mothra|0 fnt\n|faint|p1a: Mothra\n|\n|upkeep\n|\n|t:|1699976940\n|switch|p1a: Madoka|Diancie|100\/100\n|turn|10\n|\n|t:|1699976944\n|detailschange|p1a: Madoka|Diancie-Mega\n|-mega|p1a: Madoka|Diancie|Diancite\n|move|p1a: Madoka|Power Gem|p2a: Ugly Moth\n|-supereffective|p2a: Ugly Moth\n|-damage|p2a: Ugly Moth|0 fnt\n|faint|p2a: Ugly Moth\n|\n|upkeep\n|\n|t:|1699976950\n|switch|p2a: Masquerain|Masquerain, M, shiny|100\/100\n|-ability|p2a: Masquerain|Intimidate|boost\n|-unboost|p1a: Madoka|atk|1\n|turn|11\n|\n|t:|1699976953\n|move|p2a: Masquerain|Scald|p1a: Madoka\n|-supereffective|p1a: Madoka\n|-damage|p1a: Madoka|51\/100\n|move|p1a: Madoka|Power Gem|p2a: Masquerain\n|-supereffective|p2a: Masquerain\n|-damage|p2a: Masquerain|0 fnt\n|faint|p2a: Masquerain\n|\n|win|KyosukeKamijou\n|raw|KyosukeKamijou's rating: 1229 &rarr; <strong>1249<\/strong><br \/>(+20 for winning)\n|raw|NEOJO's rating: 1164 &rarr; <strong>1144<\/strong><br \/>(-20 for losing)\n","uploadtime":1699976963,"views":4,"p1id":"kyosukekamijou","p2id":"neojo","formatid":"gen9nationaldex","rating":1144,"private":0,"password":""}