{"id":"gen9nationaldex-2000120958","p1":"agrade","p2":"Kin+ak (\u2727\u2207\u2727)","format":"[Gen 9] National Dex","log":"|html|<div class=\"broadcast-blue\"><strong>[Gen 9] National Dex is currently suspecting Sneasler! For information on how to participate check out the <a href=\"https:\/\/www.smogon.com\/forums\/threads\/sv-national-dex-suspect-8-just-dance.3731534\/\">suspect thread<\/a>.<\/strong><\/div>\n|j|\u2606agrade\n|j|\u2606Kin+ak (\u2727\u2207\u2727)\n|t:|1701158589\n|gametype|singles\n|player|p1|agrade|birdkeeper-gen4dp|1295\n|player|p2|Kin+ak (\u2727\u2207\u2727)|wally|1316\n|teamsize|p1|6\n|teamsize|p2|6\n|gen|9\n|tier|[Gen 9] National Dex\n|rated|\n|rule|HP Percentage Mod: HP is shown in percentages\n|rule|Endless Battle Clause: Forcing endless battles is banned\n|rule|OHKO Clause: OHKO moves are banned\n|rule|Evasion Clause: Evasion abilities, items, and moves are banned\n|rule|Evasion Abilities Clause: Evasion abilities are banned\n|rule|Evasion Items Clause: Evasion items are banned\n|rule|Evasion Moves Clause: Evasion moves are banned\n|rule|Species Clause: Limit one of each Pok\u00e9mon\n|rule|Sleep Clause Mod: Limit one foe put to sleep\n|clearpoke\n|poke|p1|Zapdos|\n|poke|p1|Tapu Lele|\n|poke|p1|Pelipper, M|\n|poke|p1|Ferrothorn, M|\n|poke|p1|Barraskewda, M|\n|poke|p1|Manaphy|\n|poke|p2|Alomomola, F|\n|poke|p2|Ursaluna, F|\n|poke|p2|Incineroar, F|\n|poke|p2|Clodsire, M|\n|poke|p2|Skarmory, M|\n|poke|p2|Mawile, F|\n|teampreview\n|\n|t:|1701158608\n|start\n|switch|p1a: Pelipper|Pelipper, M|100\/100\n|switch|p2a: Clodsire|Clodsire, M|100\/100\n|-weather|RainDance|[from] ability: Drizzle|[of] p1a: Pelipper\n|turn|1\n|c|\u2606Kin+ak (\u2727\u2207\u2727)|wher\n|c|\u2606Kin+ak (\u2727\u2207\u2727)|where d'ya put the mega swamp\n|\n|t:|1701158631\n|move|p1a: Pelipper|U-turn|p2a: Clodsire\n|-resisted|p2a: Clodsire\n|-crit|p2a: Clodsire\n|-damage|p2a: Clodsire|93\/100\n|\n|t:|1701158634\n|switch|p1a: Barraskewda|Barraskewda, M|100\/100|[from] U-turn\n|move|p2a: Clodsire|Spikes|p1a: Barraskewda\n|-sidestart|p1: agrade|Spikes\n|\n|-weather|RainDance|[upkeep]\n|-heal|p2a: Clodsire|99\/100|[from] item: Leftovers\n|upkeep\n|turn|2\n|\n|t:|1701158644\n|switch|p2a: Skarmory|Skarmory, M|100\/100\n|move|p1a: Barraskewda|Flip Turn|p2a: Skarmory\n|-damage|p2a: Skarmory|63\/100\n|-damage|p1a: Barraskewda|84\/100|[from] item: Rocky Helmet|[of] p2a: Skarmory\n|-damage|p1a: Barraskewda|74\/100|[from] item: Life Orb\n|\n|t:|1701158662\n|switch|p1a: Zapdos|Zapdos|100\/100|[from] Flip Turn\n|\n|-weather|RainDance|[upkeep]\n|upkeep\n|turn|3\n|\n|t:|1701158672\n|switch|p2a: Ursaluna|Ursaluna, F|100\/100\n|move|p1a: Zapdos|Weather Ball|p2a: Ursaluna\n|-supereffective|p2a: Ursaluna\n|-damage|p2a: Ursaluna|40\/100\n|\n|-weather|RainDance|[upkeep]\n|-status|p2a: Ursaluna|brn|[from] item: Flame Orb\n|upkeep\n|turn|4\n|\n|t:|1701158687\n|switch|p2a: Clodsire|Clodsire, M|99\/100\n|move|p1a: Zapdos|Weather Ball|p2a: Clodsire\n|-heal|p2a: Clodsire|100\/100|[from] ability: Water Absorb|[of] p1a: Zapdos\n|\n|-weather|RainDance|[upkeep]\n|upkeep\n|turn|5\n|j| red fintans\n|\n|t:|1701158698\n|move|p1a: Zapdos|Hurricane|p2a: Clodsire\n|-crit|p2a: Clodsire\n|-damage|p2a: Clodsire|52\/100\n|move|p2a: Clodsire|Spikes|p1a: Zapdos\n|-sidestart|p1: agrade|Spikes\n|\n|-weather|RainDance|[upkeep]\n|-heal|p2a: Clodsire|58\/100|[from] item: Leftovers\n|upkeep\n|turn|6\n|c| red fintans|water absorb funny\n|\n|t:|1701158709\n|move|p1a: Zapdos|Hurricane|p2a: Clodsire\n|-damage|p2a: Clodsire|28\/100\n|move|p2a: Clodsire|Recover|p2a: Clodsire\n|-heal|p2a: Clodsire|78\/100\n|\n|-weather|RainDance|[upkeep]\n|-heal|p2a: Clodsire|84\/100|[from] item: Leftovers\n|upkeep\n|turn|7\n|\n|t:|1701158740\n|switch|p1a: Ferrothorn|Ferrothorn, M|100\/100\n|-damage|p1a: Ferrothorn|84\/100|[from] Spikes\n|move|p2a: Clodsire|Toxic|p1a: Ferrothorn\n|-immune|p1a: Ferrothorn\n|\n|-weather|RainDance|[upkeep]\n|-heal|p2a: Clodsire|90\/100|[from] item: Leftovers\n|upkeep\n|turn|8\n|\n|t:|1701158764\n|move|p2a: Clodsire|Earthquake|p1a: Ferrothorn\n|-damage|p1a: Ferrothorn|66\/100\n|-enditem|p1a: Ferrothorn|Eject Button\n|\n|t:|1701158778\n|switch|p1a: Tapu Lele|Tapu Lele|100\/100\n|-damage|p1a: Tapu Lele|84\/100|[from] Spikes\n|-fieldstart|move: Psychic Terrain|[from] ability: Psychic Surge|[of] p1a: Tapu Lele\n|\n|-weather|none\n|-heal|p2a: Clodsire|96\/100|[from] item: Leftovers\n|upkeep\n|turn|9\n|\n|t:|1701158793\n|switch|p2a: Incineroar|Incineroar, F|100\/100\n|-ability|p2a: Incineroar|Intimidate|boost\n|-unboost|p1a: Tapu Lele|atk|1\n|move|p1a: Tapu Lele|Future Sight|p2a: Incineroar\n|-start|p1a: Tapu Lele|move: Future Sight\n|\n|upkeep\n|turn|10\n|\n|t:|1701158818\n|switch|p1a: Pelipper|Pelipper, M|100\/100\n|-weather|RainDance|[from] ability: Drizzle|[of] p1a: Pelipper\n|move|p2a: Incineroar|Knock Off|p1a: Pelipper\n|-damage|p1a: Pelipper|72\/100\n|-enditem|p1a: Pelipper|Damp Rock|[from] move: Knock Off|[of] p2a: Incineroar\n|\n|-weather|RainDance|[upkeep]\n|upkeep\n|turn|11\n|\n|t:|1701158833\n|switch|p2a: Clodsire|Clodsire, M|96\/100\n|move|p1a: Pelipper|Scald|p2a: Clodsire\n|-heal|p2a: Clodsire|100\/100|[from] ability: Water Absorb|[of] p1a: Pelipper\n|\n|-weather|RainDance|[upkeep]\n|-end|p2a: Clodsire|move: Future Sight\n|-supereffective|p2a: Clodsire\n|-damage|p2a: Clodsire|7\/100\n|-heal|p2a: Clodsire|13\/100|[from] item: Leftovers\n|upkeep\n|turn|12\n|c|\u2606Kin+ak (\u2727\u2207\u2727)|goddamn shit\n|\n|t:|1701158869\n|move|p1a: Pelipper|U-turn|p2a: Clodsire\n|-resisted|p2a: Clodsire\n|-damage|p2a: Clodsire|8\/100\n|\n|t:|1701158876\n|switch|p1a: Tapu Lele|Tapu Lele|84\/100|[from] U-turn\n|-damage|p1a: Tapu Lele|68\/100|[from] Spikes\n|move|p2a: Clodsire|Recover|p2a: Clodsire\n|-heal|p2a: Clodsire|58\/100\n|\n|-weather|RainDance|[upkeep]\n|-heal|p2a: Clodsire|65\/100|[from] item: Leftovers\n|-fieldend|move: Psychic Terrain\n|upkeep\n|turn|13\n|\n|t:|1701158897\n|switch|p2a: Mawile|Mawile, F|100\/100\n|-ability|p2a: Mawile|Intimidate|boost\n|-unboost|p1a: Tapu Lele|atk|1\n|move|p1a: Tapu Lele|Psychic|p2a: Mawile\n|-resisted|p2a: Mawile\n|-damage|p2a: Mawile|60\/100\n|\n|-weather|RainDance|[upkeep]\n|upkeep\n|turn|14\n|\n|t:|1701158930\n|switch|p1a: Ferrothorn|Ferrothorn, M|66\/100\n|-damage|p1a: Ferrothorn|49\/100|[from] Spikes\n|detailschange|p2a: Mawile|Mawile-Mega, F\n|-mega|p2a: Mawile|Mawile|Mawilite\n|move|p2a: Mawile|Play Rough|p1a: Ferrothorn\n|-resisted|p1a: Ferrothorn\n|-damage|p1a: Ferrothorn|18\/100\n|-damage|p2a: Mawile|48\/100|[from] ability: Iron Barbs|[of] p1a: Ferrothorn\n|\n|-weather|RainDance|[upkeep]\n|upkeep\n|turn|15\n|inactive|Battle timer is ON: inactive players will automatically lose when time's up. (requested by agrade)\n|inactive|Kin+ak (\u2727\u2207\u2727) has 120 seconds left.\n|\n|t:|1701159009\n|move|p2a: Mawile|Iron Head|p1a: Ferrothorn\n|-resisted|p1a: Ferrothorn\n|-damage|p1a: Ferrothorn|0 fnt\n|-damage|p2a: Mawile|35\/100|[from] ability: Iron Barbs|[of] p1a: Ferrothorn\n|faint|p1a: Ferrothorn\n|\n|-weather|RainDance|[upkeep]\n|upkeep\n|\n|t:|1701159020\n|switch|p1a: Tapu Lele|Tapu Lele|68\/100\n|-damage|p1a: Tapu Lele|51\/100|[from] Spikes\n|-fieldstart|move: Psychic Terrain|[from] ability: Psychic Surge|[of] p1a: Tapu Lele\n|turn|16\n|\n|t:|1701159034\n|switch|p2a: Clodsire|Clodsire, M|65\/100\n|move|p1a: Tapu Lele|Focus Blast|p2a: Clodsire\n|-resisted|p2a: Clodsire\n|-damage|p2a: Clodsire|54\/100\n|\n|-weather|RainDance|[upkeep]\n|-heal|p2a: Clodsire|60\/100|[from] item: Leftovers\n|upkeep\n|turn|17\n|\n|t:|1701159042\n|switch|p1a: Pelipper|Pelipper, M|72\/100\n|move|p2a: Clodsire|Toxic|p1a: Pelipper\n|-status|p1a: Pelipper|tox\n|\n|-weather|none\n|-heal|p2a: Clodsire|66\/100|[from] item: Leftovers\n|-damage|p1a: Pelipper|66\/100 tox|[from] psn\n|upkeep\n|turn|18\n|\n|t:|1701159064\n|move|p1a: Pelipper|Defog|p2a: Clodsire\n|-unboost|p2a: Clodsire|evasion|1\n|-sideend|p1: agrade|Spikes|[from] move: Defog|[of] p1a: Pelipper\n|-fieldend|move: Psychic Terrain\n|move|p2a: Clodsire|Recover|p2a: Clodsire\n|-heal|p2a: Clodsire|100\/100\n|\n|-damage|p1a: Pelipper|54\/100 tox|[from] psn\n|upkeep\n|turn|19\n|\n|t:|1701159082\n|switch|p1a: Tapu Lele|Tapu Lele|51\/100\n|-fieldstart|move: Psychic Terrain|[from] ability: Psychic Surge|[of] p1a: Tapu Lele\n|move|p2a: Clodsire|Earthquake|p1a: Tapu Lele\n|-damage|p1a: Tapu Lele|8\/100\n|\n|upkeep\n|turn|20\n|inactive|Kin+ak (\u2727\u2207\u2727) has 120 seconds left.\n|\n|t:|1701159099\n|switch|p2a: Incineroar|Incineroar, F|100\/100\n|-ability|p2a: Incineroar|Intimidate|boost\n|-unboost|p1a: Tapu Lele|atk|1\n|move|p1a: Tapu Lele|Psychic|p2a: Incineroar\n|-immune|p2a: Incineroar\n|\n|upkeep\n|turn|21\n|\n|t:|1701159108\n|switch|p1a: Pelipper|Pelipper, M|54\/100 tox\n|-weather|RainDance|[from] ability: Drizzle|[of] p1a: Pelipper\n|move|p2a: Incineroar|Knock Off|p1a: Pelipper\n|-damage|p1a: Pelipper|33\/100 tox\n|\n|-weather|RainDance|[upkeep]\n|-damage|p1a: Pelipper|27\/100 tox|[from] psn\n|upkeep\n|turn|22\n|\n|t:|1701159117\n|switch|p1a: Manaphy|Manaphy|100\/100\n|move|p2a: Incineroar|Knock Off|p1a: Manaphy\n|-damage|p1a: Manaphy|59\/100\n|-enditem|p1a: Manaphy|Heavy-Duty Boots|[from] move: Knock Off|[of] p2a: Incineroar\n|\n|-weather|RainDance|[upkeep]\n|upkeep\n|turn|23\n|\n|t:|1701159141\n|switch|p2a: Clodsire|Clodsire, M|100\/100\n|move|p1a: Manaphy|Surf|p2a: Clodsire\n|-immune|p2a: Clodsire|[from] ability: Water Absorb\n|\n|-weather|RainDance|[upkeep]\n|-fieldend|move: Psychic Terrain\n|upkeep\n|turn|24\n|-message|agrade forfeited.\n|\n|win|Kin+ak (\u2727\u2207\u2727)\n|raw|agrade's rating: 1295 &rarr; <strong>1272<\/strong><br \/>(-23 for losing)\n|raw|Kin+ak (\u2727\u2207\u2727)'s rating: 1316 &rarr; <strong>1335<\/strong><br \/>(+19 for winning)\n|l|\u2606agrade\n|l|\u2606Kin+ak (\u2727\u2207\u2727)\n|l| red fintans\n|j|\u2606agrade\n|player|p1|agrade|birdkeeper-gen4dp\n","uploadtime":1701159489,"views":1,"p1id":"agrade","p2id":"kinak","formatid":"gen9nationaldex","rating":1272,"private":0,"password":""}