{"id":"gen9nationaldex-2000446828","p1":"TheMightyShark","p2":"0chamcham0","format":"[Gen 9] National Dex","log":"|html|<div class=\"broadcast-blue\"><strong>[Gen 9] National Dex is currently suspecting Sneasler! For information on how to participate check out the <a href=\"https:\/\/www.smogon.com\/forums\/threads\/sv-national-dex-suspect-8-just-dance.3731534\/\">suspect thread<\/a>.<\/strong><\/div>\n|j|\u2606TheMightyShark\n|j|\u26060chamcham0\n|t:|1701195557\n|gametype|singles\n|player|p1|TheMightyShark|wicke|1172\n|player|p2|0chamcham0|elesa|1208\n|teamsize|p1|6\n|teamsize|p2|6\n|gen|9\n|tier|[Gen 9] National Dex\n|rated|\n|rule|HP Percentage Mod: HP is shown in percentages\n|rule|Endless Battle Clause: Forcing endless battles is banned\n|rule|OHKO Clause: OHKO moves are banned\n|rule|Evasion Clause: Evasion abilities, items, and moves are banned\n|rule|Evasion Abilities Clause: Evasion abilities are banned\n|rule|Evasion Items Clause: Evasion items are banned\n|rule|Evasion Moves Clause: Evasion moves are banned\n|rule|Species Clause: Limit one of each Pok\u00e9mon\n|rule|Sleep Clause Mod: Limit one foe put to sleep\n|clearpoke\n|poke|p1|Golisopod, M|\n|poke|p1|Torkoal, M|\n|poke|p1|Kartana|\n|poke|p1|Gyarados, F|\n|poke|p1|Corviknight, F|\n|poke|p1|Sharpedo, F|\n|poke|p2|Klinklang|\n|poke|p2|Gliscor, F|\n|poke|p2|Aegislash, M|\n|poke|p2|Rotom-Wash|\n|poke|p2|Grimmsnarl, M|\n|poke|p2|Meowscarada, F|\n|teampreview\n|inactive|Battle timer is ON: inactive players will automatically lose when time's up. (requested by 0chamcham0)\n|\n|t:|1701195575\n|start\n|switch|p1a: Tortrix Limon|Torkoal, M, shiny|100\/100\n|switch|p2a: Meowscarada|Meowscarada, F|100\/100\n|turn|1\n|\n|t:|1701195583\n|switch|p2a: Rotom|Rotom-Wash|100\/100\n|move|p1a: Tortrix Limon|Lava Plume|p2a: Rotom\n|-resisted|p2a: Rotom\n|-damage|p2a: Rotom|87\/100\n|\n|upkeep\n|turn|2\n|\n|t:|1701195589\n|move|p2a: Rotom|Hydro Pump|p1a: Tortrix Limon|[miss]\n|-miss|p2a: Rotom|p1a: Tortrix Limon\n|move|p1a: Tortrix Limon|Yawn|p2a: Rotom\n|-start|p2a: Rotom|move: Yawn|[of] p1a: Tortrix Limon\n|\n|upkeep\n|turn|3\n|\n|t:|1701195599\n|switch|p2a: Grimmsnarl|Grimmsnarl, M|100\/100\n|move|p1a: Tortrix Limon|Stealth Rock|p2a: Grimmsnarl\n|-sidestart|p2: 0chamcham0|move: Stealth Rock\n|\n|upkeep\n|turn|4\n|c|\u2606TheMightyShark|!dt hydro pump\n|raw|<ul class=\"utilichart\"><li class=\"result\"><span class=\"col movenamecol\"><a href=\"https:\/\/dex.pokemonshowdown.com\/moves\/hydropump\">Hydro Pump<\/a><\/span> <span class=\"col typecol\"><img src=\"\/\/play.pokemonshowdown.com\/sprites\/types\/Water.png\" alt=\"Water\" width=\"32\" height=\"14\"><img src=\"\/\/play.pokemonshowdown.com\/sprites\/categories\/Special.png\" alt=\"Special\" width=\"32\" height=\"14\"><\/span> <span class=\"col labelcol\"><em>Power<\/em><br>110<\/span> <span class=\"col widelabelcol\"><em>Accuracy<\/em><br>80%<\/span> <span class=\"col pplabelcol\"><em>PP<\/em><br>8<\/span> <span class=\"col movedesccol\">No additional effect.<\/span> <\/li><li style=\"clear:both\"><\/li><\/ul>\n|raw|<font size=\"1\"><font color=\"#686868\">Priority:<\/font> 0&nbsp;|&ThickSpace;<font color=\"#686868\">Gen:<\/font> 1&nbsp;|&ThickSpace;<font color=\"#686868\">Z-Power:<\/font> 185&nbsp;|&ThickSpace;<font color=\"#686868\">Dynamax Power:<\/font> 140&nbsp;|&ThickSpace;<font color=\"#686868\">Target:<\/font> One Adjacent Pok\u00e9mon<\/font>\n\n|\n|t:|1701195628\n|switch|p1a: Papercuts|Kartana, shiny|100\/100\n|move|p2a: Grimmsnarl|Taunt|p1a: Papercuts\n|-start|p1a: Papercuts|move: Taunt\n|\n|upkeep\n|turn|5\n|\n|t:|1701195640\n|move|p2a: Grimmsnarl|Reflect|p2a: Grimmsnarl\n|-sidestart|p2: 0chamcham0|Reflect\n|move|p1a: Papercuts|Smart Strike|p2a: Grimmsnarl\n|-supereffective|p2a: Grimmsnarl\n|-damage|p2a: Grimmsnarl|24\/100\n|-damage|p1a: Papercuts|91\/100|[from] item: Life Orb\n|\n|upkeep\n|turn|6\n|\n|t:|1701195644\n|move|p2a: Grimmsnarl|Light Screen|p2a: Grimmsnarl\n|-sidestart|p2: 0chamcham0|move: Light Screen\n|move|p1a: Papercuts|Smart Strike|p2a: Grimmsnarl\n|-supereffective|p2a: Grimmsnarl\n|-damage|p2a: Grimmsnarl|0 fnt\n|faint|p2a: Grimmsnarl\n|-ability|p1a: Papercuts|Beast Boost|boost\n|-boost|p1a: Papercuts|atk|1\n|-damage|p1a: Papercuts|81\/100|[from] item: Life Orb\n|\n|-end|p1a: Papercuts|move: Taunt\n|upkeep\n|\n|t:|1701195664\n|switch|p2a: Rotom|Rotom-Wash|87\/100\n|-damage|p2a: Rotom|75\/100|[from] Stealth Rock\n|turn|7\n|\n|t:|1701195666\n|move|p2a: Rotom|Will-O-Wisp|p1a: Papercuts\n|-status|p1a: Papercuts|brn\n|move|p1a: Papercuts|Leaf Blade|p2a: Rotom\n|-supereffective|p2a: Rotom\n|-damage|p2a: Rotom|12\/100\n|-damage|p1a: Papercuts|72\/100 brn|[from] item: Life Orb\n|\n|-damage|p1a: Papercuts|65\/100 brn|[from] brn\n|upkeep\n|turn|8\n|\n|t:|1701195670\n|switch|p2a: Gliscor|Gliscor, F, shiny|100\/100\n|-damage|p2a: Gliscor|88\/100|[from] Stealth Rock\n|move|p1a: Papercuts|Leaf Blade|p2a: Gliscor\n|-damage|p2a: Gliscor|66\/100\n|-damage|p1a: Papercuts|56\/100 brn|[from] item: Life Orb\n|\n|-damage|p1a: Papercuts|50\/100 brn|[from] brn\n|-status|p2a: Gliscor|tox|[from] item: Toxic Orb\n|upkeep\n|turn|9\n|\n|t:|1701195674\n|move|p1a: Papercuts|Knock Off|p2a: Gliscor\n|-damage|p2a: Gliscor|49\/100 tox\n|-enditem|p2a: Gliscor|Toxic Orb|[from] move: Knock Off|[of] p1a: Papercuts\n|-damage|p1a: Papercuts|40\/100 brn|[from] item: Life Orb\n|move|p2a: Gliscor|Stealth Rock|p1a: Papercuts\n|-sidestart|p1: TheMightyShark|move: Stealth Rock\n|\n|-heal|p2a: Gliscor|62\/100 tox|[from] ability: Poison Heal\n|-damage|p1a: Papercuts|34\/100 brn|[from] brn\n|upkeep\n|turn|10\n|\n|t:|1701195678\n|move|p1a: Papercuts|Leaf Blade|p2a: Gliscor\n|-damage|p2a: Gliscor|40\/100 tox\n|-damage|p1a: Papercuts|24\/100 brn|[from] item: Life Orb\n|move|p2a: Gliscor|Roost|p2a: Gliscor\n|-heal|p2a: Gliscor|90\/100 tox\n|-singleturn|p2a: Gliscor|move: Roost\n|\n|-heal|p2a: Gliscor|100\/100 tox|[from] ability: Poison Heal\n|-damage|p1a: Papercuts|18\/100 brn|[from] brn\n|upkeep\n|turn|11\n|\n|t:|1701195688\n|move|p1a: Papercuts|Smart Strike|p2a: Gliscor\n|-damage|p2a: Gliscor|84\/100 tox\n|-damage|p1a: Papercuts|8\/100 brn|[from] item: Life Orb\n|move|p2a: Gliscor|Earthquake|p1a: Papercuts\n|-damage|p1a: Papercuts|0 fnt\n|faint|p1a: Papercuts\n|\n|-heal|p2a: Gliscor|96\/100 tox|[from] ability: Poison Heal\n|upkeep\n|\n|t:|1701195692\n|switch|p1a: Tortrix Limon|Torkoal, M, shiny|100\/100\n|-damage|p1a: Tortrix Limon|76\/100|[from] Stealth Rock\n|turn|12\n|\n|t:|1701195716\n|move|p2a: Gliscor|Toxic|p1a: Tortrix Limon\n|-status|p1a: Tortrix Limon|tox\n|move|p1a: Tortrix Limon|Rapid Spin|p2a: Gliscor\n|-damage|p2a: Gliscor|93\/100 tox\n|-boost|p1a: Tortrix Limon|spe|1\n|-sideend|p1: TheMightyShark|Stealth Rock|[from] move: Rapid Spin|[of] p1a: Tortrix Limon\n|\n|-heal|p1a: Tortrix Limon|82\/100 tox|[from] item: Leftovers\n|-heal|p2a: Gliscor|100\/100 tox|[from] ability: Poison Heal\n|-damage|p1a: Tortrix Limon|76\/100 tox|[from] psn\n|-sideend|p2: 0chamcham0|Reflect\n|upkeep\n|turn|13\n|\n|t:|1701195722\n|move|p2a: Gliscor|Stealth Rock|p1a: Tortrix Limon\n|-sidestart|p1: TheMightyShark|move: Stealth Rock\n|move|p1a: Tortrix Limon|Lava Plume|p2a: Gliscor\n|-damage|p2a: Gliscor|90\/100 tox\n|\n|-heal|p1a: Tortrix Limon|82\/100 tox|[from] item: Leftovers\n|-heal|p2a: Gliscor|100\/100 tox|[from] ability: Poison Heal\n|-damage|p1a: Tortrix Limon|70\/100 tox|[from] psn\n|-sideend|p2: 0chamcham0|move: Light Screen\n|upkeep\n|turn|14\n|\n|t:|1701195727\n|switch|p2a: Aegislash|Aegislash, M, shiny|100\/100\n|-damage|p2a: Aegislash|94\/100|[from] Stealth Rock\n|move|p1a: Tortrix Limon|Rapid Spin|p2a: Aegislash\n|-immune|p2a: Aegislash\n|\n|-heal|p1a: Tortrix Limon|76\/100 tox|[from] item: Leftovers\n|-damage|p1a: Tortrix Limon|57\/100 tox|[from] psn\n|upkeep\n|turn|15\n|\n|t:|1701195731\n|move|p1a: Tortrix Limon|Lava Plume|p2a: Aegislash\n|-supereffective|p2a: Aegislash\n|-damage|p2a: Aegislash|64\/100\n|-enditem|p2a: Aegislash|Weakness Policy\n|-boost|p2a: Aegislash|atk|2|[from] item: Weakness Policy\n|-boost|p2a: Aegislash|spa|2|[from] item: Weakness Policy\n|-formechange|p2a: Aegislash|Aegislash-Blade||[from] ability: Stance Change\n|move|p2a: Aegislash|Shadow Ball|p1a: Tortrix Limon\n|-damage|p1a: Tortrix Limon|0 fnt\n|faint|p1a: Tortrix Limon\n|\n|upkeep\n|\n|t:|1701195737\n|switch|p1a: Melissa|Sharpedo, F, shiny|100\/100\n|-damage|p1a: Melissa|88\/100|[from] Stealth Rock\n|turn|16\n|\n|t:|1701195741\n|-formechange|p2a: Aegislash|Aegislash||[from] ability: Stance Change\n|move|p2a: Aegislash|King's Shield|p2a: Aegislash\n|-singleturn|p2a: Aegislash|Protect\n|move|p1a: Melissa|Swagger|p2a: Aegislash\n|-boost|p2a: Aegislash|atk|2\n|-enditem|p1a: Melissa|Mirror Herb\n|-boost|p1a: Melissa|atk|2|[from] item: Mirror Herb\n|-start|p2a: Aegislash|confusion\n|\n|-ability|p1a: Melissa|Speed Boost|boost\n|-boost|p1a: Melissa|spe|1\n|upkeep\n|turn|17\n|\n|t:|1701195764\n|move|p1a: Melissa|Crunch|p2a: Aegislash\n|-supereffective|p2a: Aegislash\n|-damage|p2a: Aegislash|0 fnt\n|faint|p2a: Aegislash\n|\n|-ability|p1a: Melissa|Speed Boost|boost\n|-boost|p1a: Melissa|spe|1\n|upkeep\n|inactive|0chamcham0 has 120 seconds left.\n|\n|t:|1701195779\n|switch|p2a: Meowscarada|Meowscarada, F|100\/100\n|-damage|p2a: Meowscarada|88\/100|[from] Stealth Rock\n|turn|18\n|\n|t:|1701195785\n|-terastallize|p1a: Melissa|Ghost\n|move|p1a: Melissa|Close Combat|p2a: Meowscarada\n|-supereffective|p2a: Meowscarada\n|-damage|p2a: Meowscarada|0 fnt\n|-unboost|p1a: Melissa|def|1\n|-unboost|p1a: Melissa|spd|1\n|faint|p2a: Meowscarada\n|\n|-ability|p1a: Melissa|Speed Boost|boost\n|-boost|p1a: Melissa|spe|1\n|upkeep\n|\n|t:|1701195794\n|switch|p2a: Gliscor|Gliscor, F, shiny|100\/100 tox\n|-damage|p2a: Gliscor|88\/100 tox|[from] Stealth Rock\n|turn|19\n|\n|t:|1701195798\n|move|p1a: Melissa|Waterfall|p2a: Gliscor\n|-supereffective|p2a: Gliscor\n|-damage|p2a: Gliscor|0 fnt\n|faint|p2a: Gliscor\n|\n|-ability|p1a: Melissa|Speed Boost|boost\n|-boost|p1a: Melissa|spe|1\n|upkeep\n|-message|0chamcham0 forfeited.\n|\n|win|TheMightyShark\n|raw|TheMightyShark's rating: 1172 &rarr; <strong>1200<\/strong><br \/>(+28 for winning)\n|raw|0chamcham0's rating: 1208 &rarr; <strong>1180<\/strong><br \/>(-28 for losing)\n|l|\u26060chamcham0\n","uploadtime":1701195808,"views":7,"p1id":"themightyshark","p2id":"0chamcham0","formatid":"gen9nationaldex","rating":1180,"private":0,"password":""}