{"id":"gen9nationaldex-1999177485","p1":"Sensui","p2":"enenooxx","format":"[Gen 9] National Dex","log":"|html|<div class=\"broadcast-blue\"><strong>[Gen 9] National Dex is currently suspecting Sneasler! For information on how to participate check out the <a href=\"https:\/\/www.smogon.com\/forums\/threads\/sv-national-dex-suspect-8-just-dance.3731534\/\">suspect thread<\/a>.<\/strong><\/div>\n|j|\u2606Sensui\n|j|\u2606enenooxx\n|t:|1701041825\n|gametype|singles\n|player|p1|Sensui|swimmerf-gen4|1613\n|player|p2|enenooxx|beauty-gen4dp|1583\n|teamsize|p1|6\n|teamsize|p2|6\n|gen|9\n|tier|[Gen 9] National Dex\n|rated|\n|rule|HP Percentage Mod: HP is shown in percentages\n|rule|Endless Battle Clause: Forcing endless battles is banned\n|rule|OHKO Clause: OHKO moves are banned\n|rule|Evasion Clause: Evasion abilities, items, and moves are banned\n|rule|Evasion Abilities Clause: Evasion abilities are banned\n|rule|Evasion Items Clause: Evasion items are banned\n|rule|Evasion Moves Clause: Evasion moves are banned\n|rule|Species Clause: Limit one of each Pok\u00e9mon\n|rule|Sleep Clause Mod: Limit one foe put to sleep\n|clearpoke\n|poke|p1|Espeon, M|\n|poke|p1|Zeraora|\n|poke|p1|Aegislash, M|\n|poke|p1|Gliscor, F|\n|poke|p1|Volcarona, M|\n|poke|p1|Dragonite, F|\n|poke|p2|Hatterene, F|\n|poke|p2|Sinistcha|\n|poke|p2|Garchomp, F|\n|poke|p2|Zapdos-Galar|\n|poke|p2|Corviknight, M|\n|poke|p2|Tyranitar, F|\n|teampreview\n|inactive|Battle timer is ON: inactive players will automatically lose when time's up. (requested by Sensui)\n|\n|t:|1701041830\n|start\n|switch|p1a: Zeraora|Zeraora|100\/100\n|switch|p2a: Garchomp|Garchomp, F|100\/100\n|turn|1\n|\n|t:|1701041836\n|move|p1a: Zeraora|Hidden Power|p2a: Garchomp\n|-supereffective|p2a: Garchomp\n|-damage|p2a: Garchomp|17\/100\n|-damage|p1a: Zeraora|91\/100|[from] item: Life Orb\n|move|p2a: Garchomp|Stealth Rock|p1a: Zeraora\n|-sidestart|p1: Sensui|move: Stealth Rock\n|\n|upkeep\n|turn|2\n|\n|t:|1701041843\n|switch|p1a: Gliscor|Gliscor, F, shiny|100\/100\n|-damage|p1a: Gliscor|88\/100|[from] Stealth Rock\n|switch|p2a: Sinistcha|Sinistcha|100\/100\n|\n|-status|p1a: Gliscor|tox|[from] item: Toxic Orb\n|upkeep\n|turn|3\n|j| NicksRokaya\n|\n|t:|1701041852\n|switch|p2a: Zapdos|Zapdos-Galar|100\/100\n|move|p1a: Gliscor|Defog|p2a: Zapdos\n|-unboost|p2a: Zapdos|evasion|1\n|-ability|p2a: Zapdos|Defiant|boost\n|-boost|p2a: Zapdos|atk|2\n|-sideend|p1: Sensui|Stealth Rock|[from] move: Defog|[of] p1a: Gliscor\n|\n|-heal|p1a: Gliscor|100\/100 tox|[from] ability: Poison Heal\n|upkeep\n|turn|4\n|\n|t:|1701041862\n|move|p2a: Zapdos|Substitute|p2a: Zapdos\n|-start|p2a: Zapdos|Substitute\n|-damage|p2a: Zapdos|76\/100\n|move|p1a: Gliscor|Ice Fang|p2a: Zapdos\n|-supereffective|p2a: Zapdos\n|-end|p2a: Zapdos|Substitute\n|\n|upkeep\n|turn|5\n|\n|t:|1701041869\n|-zpower|p2a: Zapdos\n|move|p2a: Zapdos|Supersonic Skystrike|p1a: Gliscor|[zeffect]\n|-damage|p1a: Gliscor|0 fnt\n|faint|p1a: Gliscor\n|\n|upkeep\n|\n|t:|1701041879\n|switch|p1a: Zeraora|Zeraora|91\/100\n|turn|6\n|\n|t:|1701041889\n|switch|p1a: Volcarona|Volcarona, M, shiny|100\/100\n|switch|p2a: Garchomp|Garchomp, F|17\/100\n|\n|upkeep\n|turn|7\n|\n|t:|1701041895\n|switch|p1a: Espeon|Espeon, M|100\/100\n|move|p2a: Garchomp|Dragon Tail|p1a: Espeon\n|-damage|p1a: Espeon|49\/100\n|drag|p1a: Dragonite|Dragonite, F|100\/100\n|\n|upkeep\n|turn|8\n|\n|t:|1701041904\n|switch|p1a: Espeon|Espeon, M|49\/100\n|move|p2a: Garchomp|Dragon Tail|p1a: Espeon\n|-damage|p1a: Espeon|0 fnt\n|faint|p1a: Espeon\n|\n|upkeep\n|\n|t:|1701041911\n|switch|p1a: Zeraora|Zeraora|91\/100\n|turn|9\n|\n|t:|1701041914\n|switch|p2a: Hatterene|Hatterene, F|100\/100\n|move|p1a: Zeraora|Grass Knot|p2a: Hatterene\n|-damage|p2a: Hatterene|92\/100\n|-damage|p1a: Zeraora|81\/100|[from] item: Life Orb\n|\n|-heal|p2a: Hatterene|98\/100|[from] item: Leftovers\n|upkeep\n|turn|10\n|\n|t:|1701041924\n|switch|p1a: Volcarona|Volcarona, M, shiny|100\/100\n|move|p2a: Hatterene|Mystical Fire|p1a: Volcarona\n|-damage|p1a: Volcarona|85\/100\n|-unboost|p1a: Volcarona|spa|1\n|\n|-heal|p2a: Hatterene|100\/100|[from] item: Leftovers\n|upkeep\n|turn|11\n|\n|t:|1701041933\n|move|p1a: Volcarona|Fiery Dance|p2a: Hatterene\n|-damage|p2a: Hatterene|73\/100\n|move|p2a: Hatterene|Mystical Fire|p1a: Volcarona\n|-damage|p1a: Volcarona|70\/100\n|-unboost|p1a: Volcarona|spa|1\n|\n|-heal|p2a: Hatterene|79\/100|[from] item: Leftovers\n|upkeep\n|turn|12\n|\n|t:|1701041943\n|move|p1a: Volcarona|Fiery Dance|p2a: Hatterene\n|-damage|p2a: Hatterene|58\/100\n|move|p2a: Hatterene|Mystical Fire|p1a: Volcarona\n|-damage|p1a: Volcarona|55\/100\n|-unboost|p1a: Volcarona|spa|1\n|\n|-heal|p2a: Hatterene|64\/100|[from] item: Leftovers\n|upkeep\n|turn|13\n|l| NicksRokaya\n|\n|t:|1701041953\n|switch|p2a: Tyranitar|Tyranitar, F|100\/100\n|-weather|Sandstorm|[from] ability: Sand Stream|[of] p2a: Tyranitar\n|move|p1a: Volcarona|Fiery Dance|p2a: Tyranitar\n|-resisted|p2a: Tyranitar\n|-damage|p2a: Tyranitar|95\/100\n|-boost|p1a: Volcarona|spa|1\n|\n|-weather|Sandstorm|[upkeep]\n|-damage|p1a: Volcarona|49\/100|[from] Sandstorm\n|upkeep\n|turn|14\n|\n|t:|1701041967\n|detailschange|p2a: Tyranitar|Tyranitar-Mega, F\n|-mega|p2a: Tyranitar|Tyranitar|Tyranitarite\n|move|p1a: Volcarona|Bug Buzz|p2a: Tyranitar\n|-supereffective|p2a: Tyranitar\n|-crit|p2a: Tyranitar\n|-damage|p2a: Tyranitar|20\/100\n|move|p2a: Tyranitar|Dragon Dance|p2a: Tyranitar\n|-boost|p2a: Tyranitar|atk|1\n|-boost|p2a: Tyranitar|spe|1\n|\n|-weather|Sandstorm|[upkeep]\n|-damage|p1a: Volcarona|43\/100|[from] Sandstorm\n|upkeep\n|turn|15\n|\n|t:|1701041981\n|move|p2a: Tyranitar|Knock Off|p1a: Volcarona\n|-damage|p1a: Volcarona|0 fnt\n|-status|p2a: Tyranitar|brn|[from] ability: Flame Body|[of] p1a: Volcarona\n|-enditem|p1a: Volcarona|Assault Vest|[from] move: Knock Off|[of] p2a: Tyranitar\n|faint|p1a: Volcarona\n|\n|-weather|Sandstorm|[upkeep]\n|-damage|p2a: Tyranitar|14\/100 brn|[from] brn\n|upkeep\n|\n|t:|1701041989\n|switch|p1a: Aegislash|Aegislash, M, shiny|100\/100\n|turn|16\n|\n|t:|1701041993\n|move|p1a: Aegislash|King's Shield|p1a: Aegislash\n|-singleturn|p1a: Aegislash|Protect\n|move|p2a: Tyranitar|Knock Off|p1a: Aegislash\n|-activate|p1a: Aegislash|move: Protect\n|-unboost|p2a: Tyranitar|atk|1\n|\n|-weather|Sandstorm|[upkeep]\n|-damage|p2a: Tyranitar|8\/100 brn|[from] brn\n|upkeep\n|turn|17\n|\n|t:|1701042014\n|switch|p1a: Zeraora|Zeraora|81\/100\n|move|p2a: Tyranitar|Knock Off|p1a: Zeraora\n|-damage|p1a: Zeraora|35\/100\n|-enditem|p1a: Zeraora|Life Orb|[from] move: Knock Off|[of] p2a: Tyranitar\n|\n|-weather|none\n|-damage|p2a: Tyranitar|2\/100 brn|[from] brn\n|upkeep\n|turn|18\n|\n|t:|1701042023\n|move|p1a: Zeraora|Hidden Power|p2a: Tyranitar\n|-damage|p2a: Tyranitar|0 fnt\n|faint|p2a: Tyranitar\n|\n|upkeep\n|\n|t:|1701042029\n|switch|p2a: Hatterene|Hatterene, F|64\/100\n|turn|19\n|\n|t:|1701042034\n|move|p1a: Zeraora|Discharge|p2a: Hatterene\n|-damage|p2a: Hatterene|30\/100\n|move|p2a: Hatterene|Mystical Fire|p1a: Zeraora\n|-damage|p1a: Zeraora|6\/100\n|-unboost|p1a: Zeraora|spa|1\n|\n|-heal|p2a: Hatterene|36\/100|[from] item: Leftovers\n|upkeep\n|turn|20\n|\n|t:|1701042044\n|move|p1a: Zeraora|Discharge|p2a: Hatterene\n|-damage|p2a: Hatterene|9\/100\n|move|p2a: Hatterene|Draining Kiss|p1a: Zeraora\n|-damage|p1a: Zeraora|0 fnt\n|-heal|p2a: Hatterene|14\/100|[from] drain|[of] p1a: Zeraora\n|faint|p1a: Zeraora\n|\n|-heal|p2a: Hatterene|20\/100|[from] item: Leftovers\n|upkeep\n|\n|t:|1701042056\n|switch|p1a: Aegislash|Aegislash, M, shiny|100\/100\n|turn|21\n|\n|t:|1701042060\n|-formechange|p1a: Aegislash|Aegislash-Blade||[from] ability: Stance Change\n|move|p1a: Aegislash|Iron Head|p2a: Hatterene\n|-supereffective|p2a: Hatterene\n|-damage|p2a: Hatterene|0 fnt\n|faint|p2a: Hatterene\n|\n|upkeep\n|\n|t:|1701042065\n|switch|p2a: Garchomp|Garchomp, F|17\/100\n|turn|22\n|\n|t:|1701042072\n|move|p1a: Aegislash|Shadow Sneak|p2a: Garchomp\n|-damage|p2a: Garchomp|0 fnt\n|-damage|p1a: Aegislash|88\/100|[from] ability: Rough Skin|[of] p2a: Garchomp\n|-damage|p1a: Aegislash|72\/100|[from] item: Rocky Helmet|[of] p2a: Garchomp\n|faint|p2a: Garchomp\n|\n|-heal|p1a: Aegislash|78\/100|[from] item: Leftovers\n|upkeep\n|\n|t:|1701042078\n|switch|p2a: Sinistcha|Sinistcha|100\/100\n|turn|23\n|\n|t:|1701042092\n|-terastallize|p2a: Sinistcha|Poison\n|-formechange|p1a: Aegislash|Aegislash||[from] ability: Stance Change\n|move|p1a: Aegislash|King's Shield|p1a: Aegislash\n|-singleturn|p1a: Aegislash|Protect\n|move|p2a: Sinistcha|Calm Mind|p2a: Sinistcha\n|-boost|p2a: Sinistcha|spa|1\n|-boost|p2a: Sinistcha|spd|1\n|\n|-heal|p1a: Aegislash|84\/100|[from] item: Leftovers\n|upkeep\n|turn|24\n|\n|t:|1701042108\n|-terastallize|p1a: Aegislash|Steel\n|move|p2a: Sinistcha|Shadow Ball|p1a: Aegislash\n|-damage|p1a: Aegislash|37\/100\n|-formechange|p1a: Aegislash|Aegislash-Blade||[from] ability: Stance Change\n|move|p1a: Aegislash|Iron Head|p2a: Sinistcha\n|-damage|p2a: Sinistcha|46\/100\n|\n|-heal|p2a: Sinistcha|52\/100|[from] item: Leftovers\n|-heal|p1a: Aegislash|43\/100|[from] item: Leftovers\n|upkeep\n|turn|25\n|\n|t:|1701042124\n|move|p2a: Sinistcha|Strength Sap|p1a: Aegislash\n|-unboost|p1a: Aegislash|atk|1\n|-heal|p2a: Sinistcha|100\/100\n|move|p1a: Aegislash|Iron Head|p2a: Sinistcha\n|-damage|p2a: Sinistcha|68\/100\n|\n|-heal|p2a: Sinistcha|74\/100|[from] item: Leftovers\n|-heal|p1a: Aegislash|49\/100|[from] item: Leftovers\n|upkeep\n|turn|26\n|\n|t:|1701042136\n|-formechange|p1a: Aegislash|Aegislash||[from] ability: Stance Change\n|move|p1a: Aegislash|King's Shield|p1a: Aegislash\n|-singleturn|p1a: Aegislash|Protect\n|move|p2a: Sinistcha|Calm Mind|p2a: Sinistcha\n|-boost|p2a: Sinistcha|spa|1\n|-boost|p2a: Sinistcha|spd|1\n|\n|-heal|p2a: Sinistcha|80\/100|[from] item: Leftovers\n|-heal|p1a: Aegislash|55\/100|[from] item: Leftovers\n|upkeep\n|turn|27\n|\n|t:|1701042147\n|move|p2a: Sinistcha|Shadow Ball|p1a: Aegislash\n|-damage|p1a: Aegislash|0 fnt\n|faint|p1a: Aegislash\n|\n|-heal|p2a: Sinistcha|86\/100|[from] item: Leftovers\n|upkeep\n|\n|t:|1701042154\n|switch|p1a: Dragonite|Dragonite, F|100\/100\n|turn|28\n|j| NicksRokaya\n|\n|t:|1701042158\n|move|p2a: Sinistcha|Shadow Ball|p1a: Dragonite\n|-damage|p1a: Dragonite|71\/100\n|move|p1a: Dragonite|Power-Up Punch|p2a: Sinistcha\n|-resisted|p2a: Sinistcha\n|-damage|p2a: Sinistcha|79\/100\n|-boost|p1a: Dragonite|atk|1\n|\n|-heal|p2a: Sinistcha|85\/100|[from] item: Leftovers\n|upkeep\n|turn|29\n|\n|t:|1701042169\n|move|p2a: Sinistcha|Shadow Ball|p1a: Dragonite\n|-damage|p1a: Dragonite|5\/100\n|move|p1a: Dragonite|Earthquake|p2a: Sinistcha\n|-supereffective|p2a: Sinistcha\n|-damage|p2a: Sinistcha|0 fnt\n|faint|p2a: Sinistcha\n|\n|upkeep\n|\n|t:|1701042172\n|switch|p2a: Zapdos|Zapdos-Galar|76\/100\n|turn|30\n|\n|t:|1701042179\n|move|p1a: Dragonite|Extreme Speed|p2a: Zapdos\n|-damage|p2a: Zapdos|20\/100\n|move|p2a: Zapdos|Brave Bird|p1a: Dragonite\n|-damage|p1a: Dragonite|0 fnt\n|faint|p1a: Dragonite\n|-damage|p2a: Zapdos|18\/100|[from] Recoil\n|\n|win|enenooxx\n|raw|Sensui's rating: 1613 &rarr; <strong>1591<\/strong><br \/>(-22 for losing)\n|raw|enenooxx's rating: 1583 &rarr; <strong>1605<\/strong><br \/>(+22 for winning)\n|l|\u2606Sensui\n","uploadtime":1701042199,"views":1,"p1id":"sensui","p2id":"enenooxx","formatid":"gen9nationaldex","rating":1591,"private":0,"password":""}