{"id":"gen9nationaldex-1988719833","p1":"Gaurav Charizard x","p2":"ggagain","format":"[Gen 9] National Dex","log":"|j|\u2606Gaurav Charizard x\n|j|\u203dggagain\n|t:|1699754606\n|gametype|singles\n|player|p1|Gaurav Charizard x|brycenman|1517\n|player|p2|ggagain|fisherman-gen4|1597\n|teamsize|p1|6\n|teamsize|p2|6\n|gen|9\n|tier|[Gen 9] National Dex\n|rated|\n|rule|HP Percentage Mod: HP is shown in percentages\n|rule|Endless Battle Clause: Forcing endless battles is banned\n|rule|OHKO Clause: OHKO moves are banned\n|rule|Evasion Clause: Evasion abilities, items, and moves are banned\n|rule|Evasion Abilities Clause: Evasion abilities are banned\n|rule|Evasion Items Clause: Evasion items are banned\n|rule|Evasion Moves Clause: Evasion moves are banned\n|rule|Species Clause: Limit one of each Pok\u00e9mon\n|rule|Sleep Clause Mod: Limit one foe put to sleep\n|clearpoke\n|poke|p1|Kommo-o, M|\n|poke|p1|Garganacl, F|\n|poke|p1|Rillaboom, M|\n|poke|p1|Porygon-Z|\n|poke|p1|Tapu Koko|\n|poke|p1|Mawile, F|\n|poke|p2|Alomomola, M|\n|poke|p2|Ditto|\n|poke|p2|Zamazenta-*|\n|poke|p2|Gliscor, M|\n|poke|p2|Victini|\n|poke|p2|Goodra-Hisui, F|\n|teampreview\n|inactive|Battle timer is ON: inactive players will automatically lose when time's up. (requested by ggagain)\n|\n|t:|1699754618\n|start\n|switch|p1a: Porygon-Z|Porygon-Z|100\/100\n|switch|p2a: Gliscor|Gliscor, M|100\/100\n|turn|1\n|\n|t:|1699754629\n|switch|p2a: Goodra|Goodra-Hisui, F|100\/100\n|move|p1a: Porygon-Z|Tri Attack|p2a: Goodra\n|-resisted|p2a: Goodra\n|-damage|p2a: Goodra|81\/100\n|\n|upkeep\n|turn|2\n|\n|t:|1699754641\n|switch|p1a: Garganacl|Garganacl, F|100\/100\n|move|p2a: Goodra|Flash Cannon|p1a: Garganacl\n|-supereffective|p1a: Garganacl\n|-damage|p1a: Garganacl|25\/100\n|\n|-heal|p1a: Garganacl|31\/100|[from] item: Leftovers\n|upkeep\n|turn|3\n|\n|t:|1699754655\n|switch|p1a: Rillaboom|Rillaboom, M|100\/100\n|-fieldstart|move: Grassy Terrain|[from] ability: Grassy Surge|[of] p1a: Rillaboom\n|move|p2a: Goodra|Ice Beam|p1a: Rillaboom\n|-supereffective|p1a: Rillaboom\n|-damage|p1a: Rillaboom|36\/100\n|\n|-heal|p1a: Rillaboom|42\/100|[from] Grassy Terrain\n|-heal|p2a: Goodra|87\/100|[from] Grassy Terrain\n|upkeep\n|turn|4\n|\n|t:|1699754671\n|move|p1a: Rillaboom|Superpower|p2a: Goodra\n|-supereffective|p2a: Goodra\n|-damage|p2a: Goodra|7\/100\n|-unboost|p1a: Rillaboom|atk|1\n|-unboost|p1a: Rillaboom|def|1\n|move|p2a: Goodra|Ice Beam|p1a: Rillaboom\n|-supereffective|p1a: Rillaboom\n|-damage|p1a: Rillaboom|0 fnt\n|faint|p1a: Rillaboom\n|\n|-heal|p2a: Goodra|13\/100|[from] Grassy Terrain\n|upkeep\n|\n|t:|1699754676\n|switch|p1a: Porygon-Z|Porygon-Z|100\/100\n|turn|5\n|\n|t:|1699754692\n|switch|p2a: Gliscor|Gliscor, M|100\/100\n|-terastallize|p1a: Porygon-Z|Normal\n|move|p1a: Porygon-Z|Tri Attack|p2a: Gliscor\n|-damage|p2a: Gliscor|17\/100\n|-status|p2a: Gliscor|frz\n|\n|upkeep\n|turn|6\n|\n|t:|1699754700\n|move|p1a: Porygon-Z|Tri Attack|p2a: Gliscor\n|-damage|p2a: Gliscor|0 fnt\n|faint|p2a: Gliscor\n|\n|upkeep\n|\n|t:|1699754707\n|switch|p2a: Zamazenta|Zamazenta|100\/100\n|-ability|p2a: Zamazenta|Dauntless Shield|boost\n|-boost|p2a: Zamazenta|def|1\n|turn|7\n|\n|t:|1699754711\n|switch|p1a: Tapu Koko|Tapu Koko|100\/100\n|-fieldstart|move: Electric Terrain|[from] ability: Electric Surge|[of] p1a: Tapu Koko\n|move|p2a: Zamazenta|Close Combat|p1a: Tapu Koko\n|-resisted|p1a: Tapu Koko\n|-damage|p1a: Tapu Koko|35\/100\n|-unboost|p2a: Zamazenta|def|1\n|-unboost|p2a: Zamazenta|spd|1\n|\n|upkeep\n|turn|8\n|\n|t:|1699754725\n|switch|p2a: Goodra|Goodra-Hisui, F|13\/100\n|move|p1a: Tapu Koko|Dazzling Gleam|p2a: Goodra\n|-damage|p2a: Goodra|0 fnt\n|faint|p2a: Goodra\n|\n|upkeep\n|\n|t:|1699754731\n|switch|p2a: Victini|Victini|100\/100\n|turn|9\n|\n|t:|1699754737\n|switch|p1a: Chaccha|Kommo-o, M|100\/100\n|move|p2a: Victini|V-create|p1a: Chaccha\n|-resisted|p1a: Chaccha\n|-damage|p1a: Chaccha|60\/100\n|-unboost|p2a: Victini|spe|1\n|-unboost|p2a: Victini|def|1\n|-unboost|p2a: Victini|spd|1\n|\n|upkeep\n|turn|10\n|\n|t:|1699754748\n|switch|p2a: Alomomola|Alomomola, M|100\/100\n|move|p1a: Chaccha|Earthquake|p2a: Alomomola\n|-damage|p2a: Alomomola|83\/100\n|\n|upkeep\n|turn|11\n|\n|t:|1699754758\n|switch|p1a: Garganacl|Garganacl, F|31\/100\n|move|p2a: Alomomola|Flip Turn|p1a: Garganacl\n|-supereffective|p1a: Garganacl\n|-damage|p1a: Garganacl|13\/100\n|\n|t:|1699754765\n|switch|p2a: Zamazenta|Zamazenta|100\/100|[from] Flip Turn\n|\n|-heal|p1a: Garganacl|19\/100|[from] item: Leftovers\n|-fieldend|move: Electric Terrain\n|upkeep\n|turn|12\n|\n|t:|1699754770\n|move|p2a: Zamazenta|Close Combat|p1a: Garganacl\n|-supereffective|p1a: Garganacl\n|-damage|p1a: Garganacl|0 fnt\n|-unboost|p2a: Zamazenta|def|1\n|-unboost|p2a: Zamazenta|spd|1\n|faint|p1a: Garganacl\n|\n|upkeep\n|\n|t:|1699754776\n|switch|p1a: Mawile|Mawile, F|100\/100\n|-ability|p1a: Mawile|Intimidate|boost\n|-unboost|p2a: Zamazenta|atk|1\n|turn|13\n|\n|t:|1699754782\n|switch|p2a: Alomomola|Alomomola, M|100\/100\n|detailschange|p1a: Mawile|Mawile-Mega, F\n|-mega|p1a: Mawile|Mawile|Mawilite\n|move|p1a: Mawile|Play Rough|p2a: Alomomola\n|-damage|p2a: Alomomola|49\/100\n|-damage|p1a: Mawile|84\/100|[from] item: Rocky Helmet|[of] p2a: Alomomola\n|\n|upkeep\n|turn|14\n|\n|t:|1699754789\n|move|p2a: Alomomola|Flip Turn|p1a: Mawile\n|-damage|p1a: Mawile|68\/100\n|\n|t:|1699754794\n|switch|p2a: Ditto|Ditto|100\/100|[from] Flip Turn\n|-transform|p2a: Ditto|p1a: Mawile|[from] ability: Imposter\n|move|p1a: Mawile|Play Rough|p2a: Ditto\n|-resisted|p2a: Ditto\n|-damage|p2a: Ditto|56\/100\n|\n|upkeep\n|turn|15\n|\n|t:|1699754811\n|move|p2a: Ditto|Play Rough|p1a: Mawile\n|-resisted|p1a: Mawile\n|-damage|p1a: Mawile|24\/100\n|move|p1a: Mawile|Brick Break|p2a: Ditto\n|-damage|p2a: Ditto|9\/100\n|\n|upkeep\n|turn|16\n|\n|t:|1699754819\n|switch|p2a: Alomomola|Alomomola, M|83\/100\n|move|p1a: Mawile|Sucker Punch||[still]\n|-fail|p1a: Mawile\n|\n|upkeep\n|turn|17\n|\n|t:|1699754829\n|move|p2a: Alomomola|Flip Turn|p1a: Mawile\n|-damage|p1a: Mawile|7\/100\n|\n|t:|1699754836\n|switch|p2a: Victini|Victini|100\/100|[from] Flip Turn\n|move|p1a: Mawile|Play Rough|p2a: Victini\n|-resisted|p2a: Victini\n|-damage|p2a: Victini|57\/100\n|\n|upkeep\n|turn|18\n|\n|t:|1699754844\n|switch|p2a: Alomomola|Alomomola, M|100\/100\n|move|p1a: Mawile|Sucker Punch||[still]\n|-fail|p1a: Mawile\n|\n|upkeep\n|turn|19\n|\n|t:|1699754850\n|switch|p1a: Chaccha|Kommo-o, M|60\/100\n|move|p2a: Alomomola|Flip Turn|p1a: Chaccha\n|-resisted|p1a: Chaccha\n|-damage|p1a: Chaccha|53\/100\n|\n|t:|1699754857\n|switch|p2a: Zamazenta|Zamazenta|100\/100|[from] Flip Turn\n|\n|upkeep\n|turn|20\n|\n|t:|1699754864\n|move|p2a: Zamazenta|Close Combat|p1a: Chaccha\n|-damage|p1a: Chaccha|0 fnt\n|-unboost|p2a: Zamazenta|def|1\n|-unboost|p2a: Zamazenta|spd|1\n|faint|p1a: Chaccha\n|\n|upkeep\n|\n|t:|1699754872\n|switch|p1a: Tapu Koko|Tapu Koko|35\/100\n|-fieldstart|move: Electric Terrain|[from] ability: Electric Surge|[of] p1a: Tapu Koko\n|turn|21\n|\n|t:|1699754880\n|switch|p2a: Ditto|Ditto|9\/100\n|-transform|p2a: Ditto|p1a: Tapu Koko|[from] ability: Imposter\n|move|p1a: Tapu Koko|Volt Switch|p2a: Ditto\n|-resisted|p2a: Ditto\n|-damage|p2a: Ditto|0 fnt\n|faint|p2a: Ditto\n|\n|t:|1699754888\n|switch|p1a: Porygon-Z|Porygon-Z, tera:Normal|100\/100|[from] Volt Switch\n|\n|upkeep\n|\n|t:|1699754892\n|switch|p2a: Zamazenta|Zamazenta|100\/100\n|turn|22\n|\n|t:|1699754896\n|move|p2a: Zamazenta|Close Combat|p1a: Porygon-Z\n|-supereffective|p1a: Porygon-Z\n|-damage|p1a: Porygon-Z|0 fnt\n|-unboost|p2a: Zamazenta|def|1\n|-unboost|p2a: Zamazenta|spd|1\n|faint|p1a: Porygon-Z\n|\n|upkeep\n|\n|t:|1699754899\n|switch|p1a: Tapu Koko|Tapu Koko|35\/100\n|turn|23\n|\n|t:|1699754905\n|switch|p2a: Alomomola|Alomomola, M|100\/100\n|move|p1a: Tapu Koko|Thunderbolt|p2a: Alomomola\n|-supereffective|p2a: Alomomola\n|-damage|p2a: Alomomola|0 fnt\n|faint|p2a: Alomomola\n|\n|upkeep\n|\n|t:|1699754911\n|switch|p2a: Victini|Victini|57\/100\n|turn|24\n|\n|t:|1699754914\n|move|p2a: Victini|V-create|p1a: Tapu Koko\n|-damage|p1a: Tapu Koko|0 fnt\n|-unboost|p2a: Victini|spe|1\n|-unboost|p2a: Victini|def|1\n|-unboost|p2a: Victini|spd|1\n|faint|p1a: Tapu Koko\n|\n|upkeep\n|\n|t:|1699754917\n|switch|p1a: Mawile|Mawile-Mega, F|7\/100\n|turn|25\n|\n|t:|1699754920\n|move|p1a: Mawile|Sucker Punch|p2a: Victini\n|-supereffective|p2a: Victini\n|-damage|p2a: Victini|0 fnt\n|faint|p2a: Victini\n|\n|-fieldend|move: Electric Terrain\n|upkeep\n|\n|t:|1699754922\n|switch|p2a: Zamazenta|Zamazenta|100\/100\n|turn|26\n|\n|t:|1699754925\n|move|p2a: Zamazenta|Close Combat|p1a: Mawile\n|-damage|p1a: Mawile|0 fnt\n|-unboost|p2a: Zamazenta|def|1\n|-unboost|p2a: Zamazenta|spd|1\n|faint|p1a: Mawile\n|\n|win|ggagain\n|raw|Gaurav Charizard x's rating: 1517 &rarr; <strong>1502<\/strong><br \/>(-15 for losing)\n|raw|ggagain's rating: 1597 &rarr; <strong>1612<\/strong><br \/>(+15 for winning)\n","uploadtime":1699754936,"views":4,"p1id":"gauravcharizardx","p2id":"ggagain","formatid":"gen9nationaldex","rating":1502,"private":0,"password":""}