{"id":"gen9nationaldex-1988584803","p1":"zonaidevicesss","p2":"Kuzwa","format":"[Gen 9] National Dex","log":"|j|\u2606zonaidevicesss\n|j|\u2606Kuzwa\n|t:|1699738850\n|gametype|singles\n|player|p1|zonaidevicesss|koga|1213\n|player|p2|Kuzwa|parasollady|1296\n|teamsize|p1|6\n|teamsize|p2|6\n|gen|9\n|tier|[Gen 9] National Dex\n|rated|\n|rule|HP Percentage Mod: HP is shown in percentages\n|rule|Endless Battle Clause: Forcing endless battles is banned\n|rule|OHKO Clause: OHKO moves are banned\n|rule|Evasion Clause: Evasion abilities, items, and moves are banned\n|rule|Evasion Abilities Clause: Evasion abilities are banned\n|rule|Evasion Items Clause: Evasion items are banned\n|rule|Evasion Moves Clause: Evasion moves are banned\n|rule|Species Clause: Limit one of each Pok\u00e9mon\n|rule|Sleep Clause Mod: Limit one foe put to sleep\n|clearpoke\n|poke|p1|Beedrill, F|\n|poke|p1|Salazzle, F|\n|poke|p1|Weezing-Galar, F|\n|poke|p1|Toxicroak, F|\n|poke|p1|Glimmora, F|\n|poke|p1|Crobat, M|\n|poke|p2|Gallade, M|\n|poke|p2|Garchomp, M|\n|poke|p2|Kartana|\n|poke|p2|Scizor, M|\n|poke|p2|Weavile, M|\n|poke|p2|Quaquaval, M|\n|teampreview\n|inactive|Battle timer is ON: inactive players will automatically lose when time's up. (requested by zonaidevicesss)\n|\n|t:|1699738860\n|start\n|switch|p1a: Beedrill|Beedrill, F|100\/100\n|switch|p2a: ???|Quaquaval, M|100\/100\n|turn|1\n|\n|t:|1699738876\n|detailschange|p1a: Beedrill|Beedrill-Mega, F\n|-mega|p1a: Beedrill|Beedrill|Beedrillite\n|move|p1a: Beedrill|U-turn|p2a: ???\n|-resisted|p2a: ???\n|-crit|p2a: ???\n|-damage|p2a: ???|44\/100\n|\n|t:|1699738881\n|switch|p1a: Glimmora|Glimmora, F|100\/100|[from] U-turn\n|move|p2a: ???|Aqua Step|p1a: Glimmora\n|-supereffective|p1a: Glimmora\n|-damage|p1a: Glimmora|9\/100\n|-boost|p2a: ???|spe|1\n|-activate|p1a: Glimmora|ability: Toxic Debris\n|-sidestart|p2: Kuzwa|move: Toxic Spikes\n|\n|upkeep\n|turn|2\n|inactive|zonaidevicesss has 120 seconds left.\n|\n|t:|1699738909\n|move|p2a: ???|Aqua Step|p1a: Glimmora\n|-supereffective|p1a: Glimmora\n|-damage|p1a: Glimmora|0 fnt\n|-boost|p2a: ???|spe|1\n|-activate|p1a: Glimmora|ability: Toxic Debris\n|-sidestart|p2: Kuzwa|move: Toxic Spikes\n|faint|p1a: Glimmora\n|-ability|p2a: ???|Moxie|boost\n|-boost|p2a: ???|atk|1\n|\n|upkeep\n|\n|t:|1699738911\n|switch|p1a: Toxicroak|Toxicroak, F|100\/100\n|turn|3\n|\n|t:|1699738914\n|move|p2a: ???|Rapid Spin|p1a: Toxicroak\n|-damage|p1a: Toxicroak|62\/100\n|-boost|p2a: ???|spe|1\n|-sideend|p2: Kuzwa|Toxic Spikes|[from] move: Rapid Spin|[of] p2a: ???\n|move|p1a: Toxicroak|Gunk Shot|p2a: ???\n|-damage|p2a: ???|0 fnt\n|faint|p2a: ???\n|\n|upkeep\n|\n|t:|1699738929\n|switch|p2a: Akihiko Sanada|Garchomp, M|100\/100\n|turn|4\n|\n|t:|1699738938\n|move|p2a: Akihiko Sanada|Swords Dance|p2a: Akihiko Sanada\n|-boost|p2a: Akihiko Sanada|atk|2\n|move|p1a: Toxicroak|Earthquake|p2a: Akihiko Sanada\n|-damage|p2a: Akihiko Sanada|73\/100\n|\n|upkeep\n|turn|5\n|\n|t:|1699738942\n|move|p2a: Akihiko Sanada|Earthquake|p1a: Toxicroak\n|-supereffective|p1a: Toxicroak\n|-crit|p1a: Toxicroak\n|-damage|p1a: Toxicroak|0 fnt\n|faint|p1a: Toxicroak\n|\n|upkeep\n|\n|t:|1699738944\n|switch|p1a: Weezing|Weezing-Galar, F|100\/100\n|turn|6\n|\n|t:|1699738954\n|move|p2a: Akihiko Sanada|Iron Head|p1a: Weezing\n|-supereffective|p1a: Weezing\n|-damage|p1a: Weezing|0 fnt\n|faint|p1a: Weezing\n|\n|upkeep\n|\n|t:|1699738977\n|switch|p1a: Salazzle|Salazzle, F|100\/100\n|turn|7\n|\n|t:|1699738979\n|move|p1a: Salazzle|Hidden Power|p2a: Akihiko Sanada\n|-supereffective|p2a: Akihiko Sanada\n|-damage|p2a: Akihiko Sanada|0 fnt\n|faint|p2a: Akihiko Sanada\n|\n|upkeep\n|\n|t:|1699738994\n|switch|p2a: Junpei Iori|Weavile, M, shiny|100\/100\n|turn|8\n|\n|t:|1699739019\n|move|p2a: Junpei Iori|Psycho Cut|p1a: Salazzle\n|-supereffective|p1a: Salazzle\n|-damage|p1a: Salazzle|19\/100\n|move|p1a: Salazzle|Burning Jealousy|p2a: Junpei Iori\n|-supereffective|p2a: Junpei Iori\n|-damage|p2a: Junpei Iori|4\/100\n|\n|upkeep\n|turn|9\n|\n|t:|1699739025\n|move|p2a: Junpei Iori|Psycho Cut|p1a: Salazzle\n|-supereffective|p1a: Salazzle\n|-damage|p1a: Salazzle|0 fnt\n|faint|p1a: Salazzle\n|\n|upkeep\n|\n|t:|1699739028\n|switch|p1a: Beedrill|Beedrill-Mega, F|100\/100\n|turn|10\n|\n|t:|1699739035\n|move|p1a: Beedrill|U-turn|p2a: Junpei Iori\n|-supereffective|p2a: Junpei Iori\n|-damage|p2a: Junpei Iori|0 fnt\n|faint|p2a: Junpei Iori\n|\n|t:|1699739038\n|switch|p1a: Crobat|Crobat, M|100\/100|[from] U-turn\n|\n|upkeep\n|\n|t:|1699739044\n|switch|p2a: Ken Amada|Scizor, M|100\/100\n|turn|11\n|\n|t:|1699739056\n|detailschange|p2a: Ken Amada|Scizor-Mega, M\n|-mega|p2a: Ken Amada|Scizor|Scizorite\n|move|p2a: Ken Amada|Acrobatics|p1a: Crobat\n|-damage|p1a: Crobat|51\/100\n|move|p1a: Crobat|Whirlwind|p2a: Ken Amada\n|drag|p2a: Makoto Yuki|Kartana, shiny|100\/100\n|\n|-heal|p1a: Crobat|57\/100|[from] item: Black Sludge\n|upkeep\n|turn|12\n|\n|t:|1699739065\n|move|p1a: Crobat|Brave Bird|p2a: Makoto Yuki\n|-damage|p2a: Makoto Yuki|53\/100\n|-damage|p1a: Crobat|44\/100|[from] Recoil\n|move|p2a: Makoto Yuki|Smart Strike|p1a: Crobat\n|-damage|p1a: Crobat|0 fnt\n|faint|p1a: Crobat\n|-ability|p2a: Makoto Yuki|Beast Boost|boost\n|-boost|p2a: Makoto Yuki|atk|1\n|\n|upkeep\n|\n|t:|1699739070\n|switch|p1a: Beedrill|Beedrill-Mega, F|100\/100\n|turn|13\n|\n|t:|1699739074\n|move|p1a: Beedrill|U-turn|p2a: Makoto Yuki\n|-damage|p2a: Makoto Yuki|0 fnt\n|faint|p2a: Makoto Yuki\n|\n|upkeep\n|\n|t:|1699739078\n|switch|p2a: Ken Amada|Scizor-Mega, M|100\/100\n|turn|14\n|\n|t:|1699739080\n|move|p1a: Beedrill|U-turn|p2a: Ken Amada\n|-resisted|p2a: Ken Amada\n|-damage|p2a: Ken Amada|81\/100\n|move|p2a: Ken Amada|Acrobatics|p1a: Beedrill\n|-supereffective|p1a: Beedrill\n|-damage|p1a: Beedrill|0 fnt\n|faint|p1a: Beedrill\n|\n|win|Kuzwa\n|raw|zonaidevicesss's rating: 1213 &rarr; <strong>1194<\/strong><br \/>(-19 for losing)\n|raw|Kuzwa's rating: 1296 &rarr; <strong>1315<\/strong><br \/>(+19 for winning)\n","uploadtime":1699739084,"views":4,"p1id":"zonaidevicesss","p2id":"kuzwa","formatid":"gen9nationaldex","rating":1194,"private":0,"password":""}