{"id":"gen9nationaldex-1998411963","p1":"twopenguin","p2":"The Prime $uspect","format":"[Gen 9] National Dex","log":"|html|<div class=\"broadcast-blue\"><strong>[Gen 9] National Dex is currently suspecting Sneasler! For information on how to participate check out the <a href=\"https:\/\/www.smogon.com\/forums\/threads\/sv-national-dex-suspect-8-just-dance.3731534\/\">suspect thread<\/a>.<\/strong><\/div>\n|j|\u2606twopenguin\n|j|\u2606The Prime $uspect\n|t:|1700939398\n|gametype|singles\n|player|p1|twopenguin|dahlia|1421\n|player|p2|The Prime $uspect|gambler|1487\n|teamsize|p1|6\n|teamsize|p2|6\n|gen|9\n|tier|[Gen 9] National Dex\n|rated|\n|rule|HP Percentage Mod: HP is shown in percentages\n|rule|Endless Battle Clause: Forcing endless battles is banned\n|rule|OHKO Clause: OHKO moves are banned\n|rule|Evasion Clause: Evasion abilities, items, and moves are banned\n|rule|Evasion Abilities Clause: Evasion abilities are banned\n|rule|Evasion Items Clause: Evasion items are banned\n|rule|Evasion Moves Clause: Evasion moves are banned\n|rule|Species Clause: Limit one of each Pok\u00e9mon\n|rule|Sleep Clause Mod: Limit one foe put to sleep\n|clearpoke\n|poke|p1|Charizard, F|\n|poke|p1|Lilligant-Hisui, F|\n|poke|p1|Torkoal, M|\n|poke|p1|Great Tusk|\n|poke|p1|Clefable, M|\n|poke|p1|Ogerpon-Wellspring, F|\n|poke|p2|Charizard, F|\n|poke|p2|Gliscor, F|\n|poke|p2|Weavile, F|\n|poke|p2|Cinderace, F|\n|poke|p2|Zapdos|\n|poke|p2|Kyurem|\n|teampreview\n|inactive|Battle timer is ON: inactive players will automatically lose when time's up. (requested by twopenguin)\n|\n|t:|1700939406\n|start\n|switch|p1a: Torkoal|Torkoal, M, shiny|100\/100\n|switch|p2a: Zapdos|Zapdos|100\/100\n|-weather|SunnyDay|[from] ability: Drought|[of] p1a: Torkoal\n|turn|1\n|\n|t:|1700939414\n|-zpower|p2a: Zapdos\n|move|p2a: Zapdos|Supersonic Skystrike|p1a: Torkoal|[zeffect]\n|-damage|p1a: Torkoal|0 fnt\n|faint|p1a: Torkoal\n|\n|-weather|SunnyDay|[upkeep]\n|upkeep\n|\n|t:|1700939425\n|switch|p1a: Lilligant|Lilligant-Hisui, F, shiny|100\/100\n|turn|2\n|\n|t:|1700939429\n|-terastallize|p1a: Lilligant|Fire\n|move|p1a: Lilligant|Tera Blast|p2a: Zapdos|[anim] Tera Blast Fire\n|-damage|p2a: Zapdos|27\/100\n|-damage|p1a: Lilligant|91\/100|[from] item: Life Orb\n|move|p2a: Zapdos|Hurricane|p1a: Lilligant|[miss]\n|-miss|p2a: Zapdos|p1a: Lilligant\n|\n|-weather|SunnyDay|[upkeep]\n|upkeep\n|turn|3\n|\n|t:|1700939437\n|move|p1a: Lilligant|Swords Dance|p1a: Lilligant\n|-boost|p1a: Lilligant|atk|2\n|move|p2a: Zapdos|Roost|p2a: Zapdos\n|-heal|p2a: Zapdos|77\/100\n|-singleturn|p2a: Zapdos|move: Roost\n|\n|-weather|SunnyDay|[upkeep]\n|upkeep\n|turn|4\n|\n|t:|1700939443\n|move|p1a: Lilligant|Tera Blast|p2a: Zapdos|[anim] Tera Blast Fire\n|-damage|p2a: Zapdos|0 fnt\n|faint|p2a: Zapdos\n|-damage|p1a: Lilligant|81\/100|[from] item: Life Orb\n|\n|-weather|SunnyDay|[upkeep]\n|upkeep\n|\n|t:|1700939453\n|switch|p2a: Charizard|Charizard, F|100\/100\n|turn|5\n|\n|t:|1700939461\n|detailschange|p2a: Charizard|Charizard-Mega-X, F\n|-mega|p2a: Charizard|Charizard|Charizardite X\n|move|p1a: Lilligant|Tera Blast|p2a: Charizard|[anim] Tera Blast Fire\n|-resisted|p2a: Charizard\n|-damage|p2a: Charizard|60\/100\n|-damage|p1a: Lilligant|71\/100|[from] item: Life Orb\n|move|p2a: Charizard|Earthquake|p1a: Lilligant\n|-supereffective|p1a: Lilligant\n|-damage|p1a: Lilligant|0 fnt\n|faint|p1a: Lilligant\n|\n|-weather|SunnyDay|[upkeep]\n|upkeep\n|\n|t:|1700939470\n|switch|p1a: Great Tusk|Great Tusk|100\/100\n|-activate|p1a: Great Tusk|ability: Protosynthesis\n|-start|p1a: Great Tusk|protosynthesisatk\n|turn|6\n|\n|t:|1700939473\n|switch|p2a: Gliscor|Gliscor, F|100\/100\n|move|p1a: Great Tusk|Earthquake|p2a: Gliscor\n|-immune|p2a: Gliscor\n|\n|-weather|SunnyDay|[upkeep]\n|-status|p2a: Gliscor|tox|[from] item: Toxic Orb\n|upkeep\n|turn|7\n|\n|t:|1700939482\n|-end|p1a: Great Tusk|Protosynthesis|[silent]\n|switch|p1a: Ogerpon|Ogerpon-Wellspring, F|100\/100\n|move|p2a: Gliscor|Toxic|p1a: Ogerpon\n|-status|p1a: Ogerpon|tox\n|\n|-weather|SunnyDay|[upkeep]\n|-damage|p1a: Ogerpon|95\/100 tox|[from] psn\n|upkeep\n|turn|8\n|\n|t:|1700939487\n|move|p1a: Ogerpon|Swords Dance|p1a: Ogerpon\n|-boost|p1a: Ogerpon|atk|2\n|move|p2a: Gliscor|Spikes|p1a: Ogerpon\n|-sidestart|p1: twopenguin|Spikes\n|\n|-weather|none\n|-damage|p1a: Ogerpon|83\/100 tox|[from] psn\n|upkeep\n|turn|9\n|\n|t:|1700939498\n|switch|p2a: Kyurem|Kyurem|100\/100\n|-ability|p2a: Kyurem|Pressure\n|move|p1a: Ogerpon|Ivy Cudgel|p2a: Kyurem|[anim] Ivy Cudgel Water\n|-resisted|p2a: Kyurem\n|-damage|p2a: Kyurem|43\/100\n|\n|-damage|p1a: Ogerpon|65\/100 tox|[from] psn\n|upkeep\n|turn|10\n|\n|t:|1700939507\n|move|p1a: Ogerpon|Play Rough|p2a: Kyurem\n|-supereffective|p2a: Kyurem\n|-damage|p2a: Kyurem|0 fnt\n|faint|p2a: Kyurem\n|\n|-damage|p1a: Ogerpon|41\/100 tox|[from] psn\n|upkeep\n|\n|t:|1700939511\n|switch|p2a: Cinderace|Cinderace, F|100\/100\n|turn|11\n|\n|t:|1700939516\n|move|p2a: Cinderace|U-turn|p1a: Ogerpon\n|-start|p2a: Cinderace|typechange|Bug|[from] ability: Libero\n|-supereffective|p1a: Ogerpon\n|-damage|p1a: Ogerpon|0 fnt\n|faint|p1a: Ogerpon\n|\n|t:|1700939518\n|switch|p2a: Weavile|Weavile, F|100\/100|[from] U-turn\n|-ability|p2a: Weavile|Pressure\n|\n|upkeep\n|\n|t:|1700939523\n|switch|p1a: Great Tusk|Great Tusk|100\/100\n|-damage|p1a: Great Tusk|88\/100|[from] Spikes\n|-enditem|p1a: Great Tusk|Booster Energy\n|-activate|p1a: Great Tusk|ability: Protosynthesis|[fromitem]\n|-start|p1a: Great Tusk|protosynthesisatk\n|turn|12\n|\n|t:|1700939528\n|switch|p2a: Gliscor|Gliscor, F|100\/100 tox\n|move|p1a: Great Tusk|Rapid Spin|p2a: Gliscor\n|-damage|p2a: Gliscor|84\/100 tox\n|-boost|p1a: Great Tusk|spe|1\n|-sideend|p1: twopenguin|Spikes|[from] move: Rapid Spin|[of] p1a: Great Tusk\n|\n|-heal|p2a: Gliscor|97\/100 tox|[from] ability: Poison Heal\n|upkeep\n|turn|13\n|\n|t:|1700939532\n|move|p1a: Great Tusk|Knock Off|p2a: Gliscor\n|-damage|p2a: Gliscor|65\/100 tox\n|-enditem|p2a: Gliscor|Toxic Orb|[from] move: Knock Off|[of] p1a: Great Tusk\n|move|p2a: Gliscor|Toxic|p1a: Great Tusk\n|-status|p1a: Great Tusk|tox\n|\n|-damage|p1a: Great Tusk|82\/100 tox|[from] psn\n|-heal|p2a: Gliscor|78\/100 tox|[from] ability: Poison Heal\n|upkeep\n|turn|14\n|\n|t:|1700939540\n|-end|p1a: Great Tusk|Protosynthesis|[silent]\n|switch|p1a: Charizard|Charizard, F, shiny|100\/100\n|move|p2a: Gliscor|Roost|p2a: Gliscor\n|-heal|p2a: Gliscor|100\/100 tox\n|-singleturn|p2a: Gliscor|move: Roost\n|\n|upkeep\n|turn|15\n|\n|t:|1700939544\n|detailschange|p1a: Charizard|Charizard-Mega-Y, F, shiny\n|-mega|p1a: Charizard|Charizard|Charizardite Y\n|-weather|SunnyDay|[from] ability: Drought|[of] p1a: Charizard\n|move|p1a: Charizard|Weather Ball|p2a: Gliscor\n|-damage|p2a: Gliscor|0 fnt\n|faint|p2a: Gliscor\n|\n|-weather|SunnyDay|[upkeep]\n|upkeep\n|\n|t:|1700939550\n|switch|p2a: Charizard|Charizard-Mega-X, F|60\/100\n|turn|16\n|\n|t:|1700939558\n|switch|p1a: Great Tusk|Great Tusk|82\/100 tox\n|-activate|p1a: Great Tusk|ability: Protosynthesis\n|-start|p1a: Great Tusk|protosynthesisatk\n|move|p2a: Charizard|Dragon Claw|p1a: Great Tusk\n|-damage|p1a: Great Tusk|40\/100 tox\n|\n|-weather|SunnyDay|[upkeep]\n|-damage|p1a: Great Tusk|34\/100 tox|[from] psn\n|upkeep\n|turn|17\n|\n|t:|1700939565\n|move|p2a: Charizard|Dragon Claw|p1a: Great Tusk\n|-damage|p1a: Great Tusk|0 fnt\n|faint|p1a: Great Tusk\n|-end|p1a: Great Tusk|Protosynthesis|[silent]\n|\n|-weather|SunnyDay|[upkeep]\n|upkeep\n|\n|t:|1700939569\n|switch|p1a: Clefable|Clefable, M|100\/100\n|turn|18\n|\n|t:|1700939578\n|move|p2a: Charizard|Flare Blitz|p1a: Clefable\n|-damage|p1a: Clefable|0 fnt\n|faint|p1a: Clefable\n|-damage|p2a: Charizard|16\/100|[from] Recoil\n|\n|-weather|SunnyDay|[upkeep]\n|upkeep\n|\n|t:|1700939581\n|switch|p1a: Charizard|Charizard-Mega-Y, F, shiny|100\/100\n|turn|19\n|\n|t:|1700939589\n|move|p2a: Charizard|Flare Blitz|p1a: Charizard\n|-resisted|p1a: Charizard\n|-damage|p1a: Charizard|19\/100\n|-damage|p2a: Charizard|0 fnt|[from] Recoil\n|faint|p2a: Charizard\n|move|p1a: Charizard|Weather Ball|p2: Charizard|[notarget]\n|-fail|p1a: Charizard\n|\n|-weather|none\n|upkeep\n|\n|t:|1700939598\n|switch|p2a: Weavile|Weavile, F|100\/100\n|-ability|p2a: Weavile|Pressure\n|turn|20\n|\n|t:|1700939603\n|move|p2a: Weavile|Knock Off|p1a: Charizard\n|-damage|p1a: Charizard|0 fnt\n|faint|p1a: Charizard\n|\n|win|The Prime $uspect\n|raw|twopenguin's rating: 1421 &rarr; <strong>1405<\/strong><br \/>(-16 for losing)\n|raw|The Prime $uspect's rating: 1487 &rarr; <strong>1503<\/strong><br \/>(+16 for winning)\n|l|\u2606twopenguin\n","uploadtime":1700939609,"views":1,"p1id":"twopenguin","p2id":"theprimeuspect","formatid":"gen9nationaldex","rating":1405,"private":0,"password":""}