{"id":"gen9nationaldex-1993759060","p1":"akxhdwy","p2":"bdhsjs\u4e0d\u6025","format":"[Gen 9] National Dex","log":"|j|\u2606akxhdwy\n|j|\u2606bdhsjs\u4e0d\u6025\n|t:|1700353855\n|gametype|singles\n|player|p1|akxhdwy|swimmerf|1586\n|player|p2|bdhsjs\u4e0d\u6025|waiter-gen4dp|1604\n|teamsize|p1|6\n|teamsize|p2|6\n|gen|9\n|tier|[Gen 9] National Dex\n|rated|\n|rule|HP Percentage Mod: HP is shown in percentages\n|rule|Endless Battle Clause: Forcing endless battles is banned\n|rule|OHKO Clause: OHKO moves are banned\n|rule|Evasion Clause: Evasion abilities, items, and moves are banned\n|rule|Evasion Abilities Clause: Evasion abilities are banned\n|rule|Evasion Items Clause: Evasion items are banned\n|rule|Evasion Moves Clause: Evasion moves are banned\n|rule|Species Clause: Limit one of each Pok\u00e9mon\n|rule|Sleep Clause Mod: Limit one foe put to sleep\n|clearpoke\n|poke|p1|Weavile, F|\n|poke|p1|Landorus-Therian, M|\n|poke|p1|Zapdos|\n|poke|p1|Volcanion|\n|poke|p1|Ursaluna, M|\n|poke|p1|Kartana|\n|poke|p2|Gliscor, M|\n|poke|p2|Zapdos|\n|poke|p2|Tapu Lele|\n|poke|p2|Scizor, M|\n|poke|p2|Rillaboom, M|\n|poke|p2|Urshifu-*, M|\n|teampreview\n|inactive|Battle timer is ON: inactive players will automatically lose when time's up. (requested by bdhsjs\u4e0d\u6025)\n|\n|t:|1700353869\n|start\n|switch|p1a: Weavile|Weavile, F|100\/100\n|switch|p2a: Punch Buggy|Scizor, M|100\/100\n|-ability|p1a: Weavile|Pressure\n|turn|1\n|\n|t:|1700353875\n|switch|p1a: Zapdos|Zapdos|100\/100\n|detailschange|p2a: Punch Buggy|Scizor-Mega, M\n|-mega|p2a: Punch Buggy|Scizor|Scizorite\n|move|p2a: Punch Buggy|U-turn|p1a: Zapdos\n|-resisted|p1a: Zapdos\n|-damage|p1a: Zapdos|88\/100\n|\n|t:|1700353883\n|switch|p2a: Dark Magician Girl|Tapu Lele, shiny|100\/100|[from] U-turn\n|-fieldstart|move: Psychic Terrain|[from] ability: Psychic Surge|[of] p2a: Dark Magician Girl\n|\n|upkeep\n|turn|2\n|\n|t:|1700353891\n|switch|p1a: Volcanion|Volcanion|100\/100\n|move|p2a: Dark Magician Girl|Moonblast|p1a: Volcanion\n|-resisted|p1a: Volcanion\n|-damage|p1a: Volcanion|73\/100\n|\n|upkeep\n|turn|3\n|\n|t:|1700353905\n|switch|p2a: Brother Bear|Urshifu-Rapid-Strike, M|100\/100\n|move|p1a: Volcanion|Toxic|p2a: Brother Bear\n|-status|p2a: Brother Bear|tox\n|\n|-damage|p2a: Brother Bear|94\/100 tox|[from] psn\n|upkeep\n|turn|4\n|\n|t:|1700353917\n|switch|p1a: Zapdos|Zapdos|88\/100\n|move|p2a: Brother Bear|Drain Punch|p1a: Zapdos\n|-resisted|p1a: Zapdos\n|-damage|p1a: Zapdos|74\/100\n|-heal|p2a: Brother Bear|100\/100 tox|[from] drain|[of] p1a: Zapdos\n|\n|-damage|p2a: Brother Bear|88\/100 tox|[from] psn\n|upkeep\n|turn|5\n|\n|t:|1700353926\n|move|p2a: Brother Bear|Surging Strikes|p1a: Zapdos\n|-crit|p1a: Zapdos\n|-damage|p1a: Zapdos|56\/100\n|-crit|p1a: Zapdos\n|-damage|p1a: Zapdos|39\/100\n|-crit|p1a: Zapdos\n|-damage|p1a: Zapdos|23\/100\n|-hitcount|p1a: Zapdos|3\n|move|p1a: Zapdos|U-turn|p2a: Brother Bear\n|-resisted|p2a: Brother Bear\n|-damage|p2a: Brother Bear|81\/100 tox\n|\n|t:|1700353938\n|switch|p1a: Kartana|Kartana|100\/100|[from] U-turn\n|\n|-damage|p2a: Brother Bear|63\/100 tox|[from] psn\n|-fieldend|move: Psychic Terrain\n|upkeep\n|turn|6\n|\n|t:|1700353948\n|switch|p1a: Volcanion|Volcanion|73\/100\n|switch|p2a: Dark Magician Girl|Tapu Lele, shiny|100\/100\n|-fieldstart|move: Psychic Terrain|[from] ability: Psychic Surge|[of] p2a: Dark Magician Girl\n|\n|upkeep\n|turn|7\n|\n|t:|1700353958\n|switch|p1a: Landorus|Landorus-Therian, M|100\/100\n|-ability|p1a: Landorus|Intimidate|boost\n|-unboost|p2a: Dark Magician Girl|atk|1\n|move|p2a: Dark Magician Girl|Moonblast|p1a: Landorus\n|-damage|p1a: Landorus|60\/100\n|-unboost|p1a: Landorus|spa|1\n|\n|-heal|p1a: Landorus|66\/100|[from] item: Leftovers\n|upkeep\n|turn|8\n|\n|t:|1700353988\n|switch|p2a: Big Bird|Zapdos, shiny|100\/100\n|move|p1a: Landorus|Stealth Rock|p2a: Big Bird\n|-sidestart|p2: bdhsjs\u4e0d\u6025|move: Stealth Rock\n|\n|-heal|p1a: Landorus|72\/100|[from] item: Leftovers\n|upkeep\n|turn|9\n|\n|t:|1700353995\n|-zpower|p2a: Big Bird\n|move|p2a: Big Bird|Supersonic Skystrike|p1a: Landorus|[zeffect]\n|-damage|p1a: Landorus|4\/100\n|move|p1a: Landorus|U-turn|p2a: Big Bird\n|-resisted|p2a: Big Bird\n|-damage|p2a: Big Bird|87\/100\n|\n|t:|1700354002\n|switch|p1a: Weavile|Weavile, F|100\/100|[from] U-turn\n|-ability|p1a: Weavile|Pressure\n|\n|upkeep\n|turn|10\n|\n|t:|1700354007\n|-terastallize|p1a: Weavile|Dark\n|move|p1a: Weavile|Beat Up|p2a: Big Bird\n|-damage|p2a: Big Bird|67\/100\n|-damage|p2a: Big Bird|49\/100\n|-damage|p2a: Big Bird|28\/100\n|-damage|p2a: Big Bird|1\/100\n|-damage|p2a: Big Bird|0 fnt\n|faint|p2a: Big Bird\n|-hitcount|p2: Big Bird|5\n|\n|-fieldend|move: Psychic Terrain\n|upkeep\n|\n|t:|1700354015\n|switch|p2a: Dark Magician Girl|Tapu Lele, shiny|100\/100\n|-damage|p2a: Dark Magician Girl|88\/100|[from] Stealth Rock\n|-fieldstart|move: Psychic Terrain|[from] ability: Psychic Surge|[of] p2a: Dark Magician Girl\n|turn|11\n|\n|t:|1700354021\n|switch|p1a: Landorus|Landorus-Therian, M|4\/100\n|-ability|p1a: Landorus|Intimidate|boost\n|-unboost|p2a: Dark Magician Girl|atk|1\n|move|p2a: Dark Magician Girl|Moonblast|p1a: Landorus\n|-damage|p1a: Landorus|0 fnt\n|faint|p1a: Landorus\n|\n|upkeep\n|\n|t:|1700354028\n|switch|p1a: Kartana|Kartana|100\/100\n|turn|12\n|\n|t:|1700354034\n|switch|p2a: Cazador|Gliscor, M, shiny|100\/100\n|-damage|p2a: Cazador|88\/100|[from] Stealth Rock\n|move|p1a: Kartana|Leaf Blade|p2a: Cazador\n|-damage|p2a: Cazador|42\/100\n|\n|-status|p2a: Cazador|tox|[from] item: Toxic Orb\n|upkeep\n|turn|13\n|\n|t:|1700354042\n|switch|p1a: Volcanion|Volcanion|73\/100\n|move|p2a: Cazador|Roost|p2a: Cazador\n|-heal|p2a: Cazador|92\/100 tox\n|-singleturn|p2a: Cazador|move: Roost\n|\n|-heal|p2a: Cazador|100\/100 tox|[from] ability: Poison Heal\n|upkeep\n|turn|14\n|\n|t:|1700354047\n|switch|p2a: Brother Bear|Urshifu-Rapid-Strike, M|63\/100 tox\n|-damage|p2a: Brother Bear|57\/100 tox|[from] Stealth Rock\n|move|p1a: Volcanion|Steam Eruption|p2a: Brother Bear\n|-resisted|p2a: Brother Bear\n|-damage|p2a: Brother Bear|18\/100 tox\n|\n|-damage|p2a: Brother Bear|12\/100 tox|[from] psn\n|upkeep\n|turn|15\n|\n|t:|1700354056\n|move|p2a: Brother Bear|Drain Punch|p1a: Volcanion\n|-damage|p1a: Volcanion|47\/100\n|-heal|p2a: Brother Bear|26\/100 tox|[from] drain|[of] p1a: Volcanion\n|move|p1a: Volcanion|Steam Eruption|p2a: Brother Bear\n|-resisted|p2a: Brother Bear\n|-damage|p2a: Brother Bear|0 fnt\n|faint|p2a: Brother Bear\n|\n|-fieldend|move: Psychic Terrain\n|upkeep\n|\n|t:|1700354064\n|switch|p2a: Tolkein|Rillaboom, M|100\/100\n|-damage|p2a: Tolkein|88\/100|[from] Stealth Rock\n|-fieldstart|move: Grassy Terrain|[from] ability: Grassy Surge|[of] p2a: Tolkein\n|turn|16\n|\n|t:|1700354072\n|-terastallize|p2a: Tolkein|Grass\n|move|p2a: Tolkein|Grassy Glide|p1a: Volcanion\n|-damage|p1a: Volcanion|0 fnt\n|faint|p1a: Volcanion\n|\n|-heal|p2a: Tolkein|94\/100|[from] Grassy Terrain\n|upkeep\n|\n|t:|1700354082\n|switch|p1a: Zapdos|Zapdos|23\/100\n|turn|17\n|\n|t:|1700354086\n|move|p2a: Tolkein|Grassy Glide|p1a: Zapdos\n|-resisted|p1a: Zapdos\n|-damage|p1a: Zapdos|0 fnt\n|faint|p1a: Zapdos\n|\n|-heal|p2a: Tolkein|100\/100|[from] Grassy Terrain\n|upkeep\n|\n|t:|1700354094\n|switch|p1a: Ursaluna|Ursaluna, M|100\/100\n|turn|18\n|\n|t:|1700354100\n|move|p2a: Tolkein|Grassy Glide|p1a: Ursaluna\n|-supereffective|p1a: Ursaluna\n|-crit|p1a: Ursaluna\n|-damage|p1a: Ursaluna|0 fnt\n|faint|p1a: Ursaluna\n|\n|upkeep\n|\n|t:|1700354106\n|switch|p1a: Kartana|Kartana|100\/100\n|turn|19\n|\n|t:|1700354109\n|switch|p2a: Cazador|Gliscor, M, shiny|100\/100 tox\n|-damage|p2a: Cazador|88\/100 tox|[from] Stealth Rock\n|move|p1a: Kartana|Knock Off|p2a: Cazador\n|-damage|p2a: Cazador|52\/100 tox\n|-enditem|p2a: Cazador|Toxic Orb|[from] move: Knock Off|[of] p1a: Kartana\n|\n|-heal|p2a: Cazador|64\/100 tox|[from] ability: Poison Heal\n|upkeep\n|turn|20\n|\n|t:|1700354113\n|switch|p1a: Weavile|Weavile, F, tera:Dark|100\/100\n|-ability|p1a: Weavile|Pressure\n|move|p2a: Cazador|Swords Dance|p2a: Cazador\n|-boost|p2a: Cazador|atk|2\n|\n|-heal|p2a: Cazador|77\/100 tox|[from] ability: Poison Heal\n|-fieldend|move: Grassy Terrain\n|upkeep\n|turn|21\n|\n|t:|1700354123\n|move|p1a: Weavile|Triple Axel|p2a: Cazador\n|-supereffective|p2a: Cazador\n|-damage|p2a: Cazador|28\/100 tox\n|-supereffective|p2a: Cazador\n|-damage|p2a: Cazador|0 fnt\n|faint|p2a: Cazador\n|-hitcount|p2: Cazador|2\n|\n|upkeep\n|\n|t:|1700354126\n|switch|p2a: Dark Magician Girl|Tapu Lele, shiny|88\/100\n|-damage|p2a: Dark Magician Girl|76\/100|[from] Stealth Rock\n|-fieldstart|move: Psychic Terrain|[from] ability: Psychic Surge|[of] p2a: Dark Magician Girl\n|turn|22\n|\n|t:|1700354131\n|move|p2a: Dark Magician Girl|Moonblast|p1a: Weavile\n|-supereffective|p1a: Weavile\n|-damage|p1a: Weavile|0 fnt\n|faint|p1a: Weavile\n|\n|upkeep\n|\n|t:|1700354133\n|switch|p1a: Kartana|Kartana|100\/100\n|turn|23\n|\n|t:|1700354136\n|switch|p2a: Punch Buggy|Scizor-Mega, M|100\/100\n|-damage|p2a: Punch Buggy|88\/100|[from] Stealth Rock\n|move|p1a: Kartana|Leaf Blade|p2a: Punch Buggy\n|-resisted|p2a: Punch Buggy\n|-crit|p2a: Punch Buggy\n|-damage|p2a: Punch Buggy|75\/100\n|\n|upkeep\n|turn|24\n|-message|akxhdwy forfeited.\n|\n|win|bdhsjs\u4e0d\u6025\n|raw|akxhdwy's rating: 1586 &rarr; <strong>1567<\/strong><br \/>(-19 for losing)\n|raw|bdhsjs\u4e0d\u6025's rating: 1604 &rarr; <strong>1623<\/strong><br \/>(+19 for winning)\n|l|\u2606akxhdwy\n","uploadtime":1700354159,"views":11,"p1id":"akxhdwy","p2id":"bdhsjs","formatid":"gen9nationaldex","rating":1567,"private":0,"password":""}