{"id":"gen9nationaldex-1988482626","p1":"jimothybeiners","p2":"vheneko","format":"[Gen 9] National Dex","log":"|j|\u2606jimothybeiners\n|j|\u2606vheneko\n|t:|1699727716\n|gametype|singles\n|player|p1|jimothybeiners|burglar|1357\n|player|p2|vheneko|pilot|1273\n|teamsize|p1|6\n|teamsize|p2|6\n|gen|9\n|tier|[Gen 9] National Dex\n|rated|\n|rule|HP Percentage Mod: HP is shown in percentages\n|rule|Endless Battle Clause: Forcing endless battles is banned\n|rule|OHKO Clause: OHKO moves are banned\n|rule|Evasion Clause: Evasion abilities, items, and moves are banned\n|rule|Evasion Abilities Clause: Evasion abilities are banned\n|rule|Evasion Items Clause: Evasion items are banned\n|rule|Evasion Moves Clause: Evasion moves are banned\n|rule|Species Clause: Limit one of each Pok\u00e9mon\n|rule|Sleep Clause Mod: Limit one foe put to sleep\n|clearpoke\n|poke|p1|Azelf|\n|poke|p1|Banette, M|\n|poke|p1|Ting-Lu|\n|poke|p1|Thundurus-Therian, M|\n|poke|p1|Gliscor, F|\n|poke|p1|Nihilego|\n|poke|p2|Druddigon, F|\n|poke|p2|Hatterene, F|\n|poke|p2|Lokix, M|\n|poke|p2|Ursaluna, F|\n|poke|p2|Glimmora, M|\n|poke|p2|Xurkitree|\n|teampreview\n|\n|t:|1699727722\n|start\n|switch|p1a: Azelf|Azelf|100\/100\n|switch|p2a: Druddigon|Druddigon, F|100\/100\n|turn|1\n|\n|t:|1699727741\n|move|p1a: Azelf|Trick|p2a: Druddigon\n|-activate|p1a: Azelf|move: Trick|[of] p2a: Druddigon\n|-item|p2a: Druddigon|Choice Scarf|[from] move: Trick\n|-item|p1a: Azelf|Rocky Helmet|[from] move: Trick\n|move|p2a: Druddigon|Stealth Rock|p1a: Azelf\n|-sidestart|p1: jimothybeiners|move: Stealth Rock\n|\n|upkeep\n|turn|2\n|\n|t:|1699727749\n|switch|p2a: Glimmora|Glimmora, M|100\/100\n|move|p1a: Azelf|Psychic|p2a: Glimmora\n|-supereffective|p2a: Glimmora\n|-damage|p2a: Glimmora|18\/100\n|\n|upkeep\n|turn|3\n|\n|t:|1699727759\n|move|p1a: Azelf|Psychic|p2a: Glimmora\n|-supereffective|p2a: Glimmora\n|-damage|p2a: Glimmora|0 fnt\n|faint|p2a: Glimmora\n|\n|upkeep\n|\n|t:|1699727764\n|switch|p2a: Lokix|Lokix, M|100\/100\n|turn|4\n|\n|t:|1699727769\n|move|p2a: Lokix|First Impression|p1a: Azelf\n|-supereffective|p1a: Azelf\n|-damage|p1a: Azelf|0 fnt\n|-damage|p2a: Lokix|84\/100|[from] item: Rocky Helmet|[of] p1a: Azelf\n|faint|p1a: Azelf\n|-damage|p2a: Lokix|74\/100|[from] item: Life Orb\n|\n|upkeep\n|\n|t:|1699727784\n|switch|p1a: Gliscor|Gliscor, F, shiny|100\/100\n|-damage|p1a: Gliscor|88\/100|[from] Stealth Rock\n|turn|5\n|\n|t:|1699727805\n|-terastallize|p2a: Lokix|Bug\n|move|p1a: Gliscor|Protect|p1a: Gliscor\n|-singleturn|p1a: Gliscor|Protect\n|move|p2a: Lokix|U-turn|p1a: Gliscor\n|-activate|p1a: Gliscor|move: Protect\n|\n|-status|p1a: Gliscor|tox|[from] item: Toxic Orb\n|upkeep\n|turn|6\n|\n|t:|1699727814\n|move|p2a: Lokix|U-turn|p1a: Gliscor\n|-resisted|p1a: Gliscor\n|-damage|p1a: Gliscor|55\/100 tox\n|-damage|p2a: Lokix|64\/100|[from] item: Life Orb\n|\n|t:|1699727819\n|switch|p2a: Druddigon|Druddigon, F|100\/100|[from] U-turn\n|move|p1a: Gliscor|Knock Off|p2a: Druddigon\n|-damage|p2a: Druddigon|85\/100\n|-damage|p1a: Gliscor|43\/100 tox|[from] ability: Rough Skin|[of] p2a: Druddigon\n|-enditem|p2a: Druddigon|Choice Scarf|[from] move: Knock Off|[of] p1a: Gliscor\n|\n|-heal|p1a: Gliscor|55\/100 tox|[from] ability: Poison Heal\n|upkeep\n|turn|7\n|\n|t:|1699727829\n|move|p1a: Gliscor|Roost|p1a: Gliscor\n|-heal|p1a: Gliscor|100\/100 tox\n|-singleturn|p1a: Gliscor|move: Roost\n|move|p2a: Druddigon|Dragon Tail|p1a: Gliscor\n|-damage|p1a: Gliscor|85\/100 tox\n|drag|p1a: Nihilego|Nihilego, shiny|100\/100\n|-damage|p1a: Nihilego|88\/100|[from] Stealth Rock\n|\n|upkeep\n|turn|8\n|\n|t:|1699727840\n|move|p1a: Nihilego|Sludge Wave|p2a: Druddigon\n|-damage|p2a: Druddigon|31\/100\n|move|p2a: Druddigon|Glare|p1a: Nihilego\n|-status|p1a: Nihilego|par\n|\n|upkeep\n|turn|9\n|\n|t:|1699727847\n|move|p1a: Nihilego|Sludge Wave|p2a: Druddigon\n|-damage|p2a: Druddigon|0 fnt\n|faint|p2a: Druddigon\n|-ability|p1a: Nihilego|Beast Boost|boost\n|-boost|p1a: Nihilego|spa|1\n|\n|upkeep\n|\n|t:|1699727854\n|switch|p2a: Lokix|Lokix, M, tera:Bug|64\/100\n|turn|10\n|\n|t:|1699727858\n|switch|p1a: Gliscor|Gliscor, F, shiny|85\/100 tox\n|-damage|p1a: Gliscor|73\/100 tox|[from] Stealth Rock\n|move|p2a: Lokix|First Impression|p1a: Gliscor\n|-resisted|p1a: Gliscor\n|-damage|p1a: Gliscor|26\/100 tox\n|-damage|p2a: Lokix|54\/100|[from] item: Life Orb\n|\n|-heal|p1a: Gliscor|38\/100 tox|[from] ability: Poison Heal\n|upkeep\n|turn|11\n|\n|t:|1699727869\n|switch|p2a: Ursaluna|Ursaluna, F|100\/100\n|move|p1a: Gliscor|Protect||[still]\n|-fail|p1a: Gliscor\n|\n|-heal|p1a: Gliscor|50\/100 tox|[from] ability: Poison Heal\n|-status|p2a: Ursaluna|brn|[from] item: Flame Orb\n|upkeep\n|turn|12\n|\n|t:|1699727878\n|move|p1a: Gliscor|Roost|p1a: Gliscor\n|-heal|p1a: Gliscor|100\/100 tox\n|-singleturn|p1a: Gliscor|move: Roost\n|move|p2a: Ursaluna|Earthquake|p1a: Gliscor\n|-damage|p1a: Gliscor|49\/100 tox\n|\n|-heal|p1a: Gliscor|61\/100 tox|[from] ability: Poison Heal\n|-damage|p2a: Ursaluna|94\/100 brn|[from] brn\n|upkeep\n|turn|13\n|\n|t:|1699727889\n|move|p1a: Gliscor|Protect|p1a: Gliscor\n|-singleturn|p1a: Gliscor|Protect\n|move|p2a: Ursaluna|Swords Dance|p2a: Ursaluna\n|-boost|p2a: Ursaluna|atk|2\n|\n|-heal|p1a: Gliscor|73\/100 tox|[from] ability: Poison Heal\n|-damage|p2a: Ursaluna|88\/100 brn|[from] brn\n|upkeep\n|turn|14\n|\n|t:|1699727898\n|switch|p1a: Banette|Banette, M|100\/100\n|-damage|p1a: Banette|88\/100|[from] Stealth Rock\n|-item|p2a: Ursaluna|Flame Orb|[from] ability: Frisk|[of] p1a: Banette|[identify]\n|move|p2a: Ursaluna|Earthquake|p1a: Banette\n|-damage|p1a: Banette|0 fnt\n|faint|p1a: Banette\n|\n|-damage|p2a: Ursaluna|82\/100 brn|[from] brn\n|upkeep\n|\n|t:|1699727905\n|switch|p1a: Gliscor|Gliscor, F, shiny|73\/100 tox\n|-damage|p1a: Gliscor|61\/100 tox|[from] Stealth Rock\n|turn|15\n|\n|t:|1699727911\n|move|p1a: Gliscor|Protect|p1a: Gliscor\n|-singleturn|p1a: Gliscor|Protect\n|move|p2a: Ursaluna|Swords Dance|p2a: Ursaluna\n|-boost|p2a: Ursaluna|atk|2\n|\n|-heal|p1a: Gliscor|73\/100 tox|[from] ability: Poison Heal\n|-damage|p2a: Ursaluna|76\/100 brn|[from] brn\n|upkeep\n|turn|16\n|\n|t:|1699727921\n|move|p1a: Gliscor|Earthquake|p2a: Ursaluna\n|-damage|p2a: Ursaluna|52\/100 brn\n|move|p2a: Ursaluna|Facade|p1a: Gliscor\n|-damage|p1a: Gliscor|0 fnt\n|faint|p1a: Gliscor\n|\n|-damage|p2a: Ursaluna|46\/100 brn|[from] brn\n|upkeep\n|\n|t:|1699727929\n|switch|p1a: Thundurus|Thundurus-Therian, M|100\/100\n|-damage|p1a: Thundurus|76\/100|[from] Stealth Rock\n|turn|17\n|\n|t:|1699727940\n|-terastallize|p1a: Thundurus|Ice\n|move|p1a: Thundurus|Tera Blast|p2a: Ursaluna|[anim] Tera Blast Ice\n|-supereffective|p2a: Ursaluna\n|-damage|p2a: Ursaluna|0 fnt\n|faint|p2a: Ursaluna\n|-damage|p1a: Thundurus|66\/100|[from] item: Life Orb\n|\n|upkeep\n|\n|t:|1699727947\n|switch|p2a: Lokix|Lokix, M, tera:Bug|54\/100\n|turn|18\n|\n|t:|1699727951\n|switch|p1a: Ting-Lu|Ting-Lu|100\/100\n|-damage|p1a: Ting-Lu|94\/100|[from] Stealth Rock\n|-ability|p1a: Ting-Lu|Vessel of Ruin\n|move|p2a: Lokix|First Impression|p1a: Ting-Lu\n|-supereffective|p1a: Ting-Lu\n|-damage|p1a: Ting-Lu|26\/100\n|-damage|p2a: Lokix|44\/100|[from] item: Life Orb\n|\n|upkeep\n|turn|19\n|\n|t:|1699727962\n|move|p2a: Lokix|U-turn|p1a: Ting-Lu\n|-supereffective|p1a: Ting-Lu\n|-damage|p1a: Ting-Lu|0 fnt\n|faint|p1a: Ting-Lu\n|-damage|p2a: Lokix|34\/100|[from] item: Life Orb\n|\n|t:|1699727967\n|switch|p2a: Xurkitree|Xurkitree|100\/100|[from] U-turn\n|\n|upkeep\n|\n|t:|1699727968\n|switch|p1a: Nihilego|Nihilego, shiny|88\/100 par\n|-damage|p1a: Nihilego|76\/100 par|[from] Stealth Rock\n|turn|20\n|\n|t:|1699727977\n|-zpower|p2a: Xurkitree\n|move|p2a: Xurkitree|Z-Hypnosis|p1a: Nihilego|[anim]Hypnosis|[miss]\n|-boost|p2a: Xurkitree|spe|1|[zeffect]\n|-miss|p2a: Xurkitree|p1a: Nihilego\n|move|p1a: Nihilego|Clear Smog|p2a: Xurkitree\n|-damage|p2a: Xurkitree|66\/100\n|-clearboost|p2a: Xurkitree\n|\n|upkeep\n|turn|21\n|\n|t:|1699727988\n|move|p2a: Xurkitree|Rising Voltage|p1a: Nihilego\n|-damage|p1a: Nihilego|56\/100 par\n|move|p1a: Nihilego|Power Gem|p2a: Xurkitree\n|-damage|p2a: Xurkitree|8\/100\n|\n|upkeep\n|turn|22\n|\n|t:|1699727996\n|move|p2a: Xurkitree|Rising Voltage|p1a: Nihilego\n|-crit|p1a: Nihilego\n|-damage|p1a: Nihilego|26\/100 par\n|move|p1a: Nihilego|Power Gem|p2a: Xurkitree\n|-damage|p2a: Xurkitree|0 fnt\n|faint|p2a: Xurkitree\n|-ability|p1a: Nihilego|Beast Boost|boost\n|-boost|p1a: Nihilego|spa|1\n|\n|upkeep\n|\n|t:|1699728005\n|switch|p2a: Lokix|Lokix, M, tera:Bug|34\/100\n|turn|23\n|\n|t:|1699728010\n|move|p2a: Lokix|First Impression|p1a: Nihilego\n|-resisted|p1a: Nihilego\n|-damage|p1a: Nihilego|0 fnt\n|faint|p1a: Nihilego\n|-damage|p2a: Lokix|25\/100|[from] item: Life Orb\n|\n|upkeep\n|\n|t:|1699728011\n|switch|p1a: Thundurus|Thundurus-Therian, M, tera:Ice|66\/100\n|-damage|p1a: Thundurus|41\/100|[from] Stealth Rock\n|turn|24\n|\n|t:|1699728020\n|switch|p2a: Hatterene|Hatterene, F|100\/100\n|move|p1a: Thundurus|Thunderbolt|p2a: Hatterene\n|-damage|p2a: Hatterene|46\/100\n|-damage|p1a: Thundurus|32\/100|[from] item: Life Orb\n|\n|-heal|p2a: Hatterene|52\/100|[from] item: Leftovers\n|upkeep\n|turn|25\n|\n|t:|1699728028\n|move|p1a: Thundurus|Thunderbolt|p2a: Hatterene\n|-damage|p2a: Hatterene|0 fnt\n|faint|p2a: Hatterene\n|-damage|p1a: Thundurus|22\/100|[from] item: Life Orb\n|\n|upkeep\n|\n|t:|1699728033\n|switch|p2a: Lokix|Lokix, M, tera:Bug|25\/100\n|turn|26\n|\n|t:|1699728037\n|move|p2a: Lokix|First Impression|p1a: Thundurus\n|-damage|p1a: Thundurus|0 fnt\n|faint|p1a: Thundurus\n|-damage|p2a: Lokix|15\/100|[from] item: Life Orb\n|\n|win|vheneko\n|raw|jimothybeiners's rating: 1357 &rarr; <strong>1332<\/strong><br \/>(-25 for losing)\n|raw|vheneko's rating: 1273 &rarr; <strong>1304<\/strong><br \/>(+31 for winning)\n|l|\u2606jimothybeiners\n","uploadtime":1699728046,"views":6,"p1id":"jimothybeiners","p2id":"vheneko","formatid":"gen9nationaldex","rating":1304,"private":0,"password":""}