{"id":"gen9nationaldex-1991681250","p1":"zqtp","p2":"weirdnomad","format":"[Gen 9] National Dex","log":"|j|\u2606zqtp\n|j|\u203dweirdnomad\n|t:|1700102014\n|gametype|singles\n|player|p1|zqtp|leon|1438\n|player|p2|weirdnomad|hiker-gen4|1524\n|teamsize|p1|6\n|teamsize|p2|6\n|gen|9\n|tier|[Gen 9] National Dex\n|rated|\n|rule|HP Percentage Mod: HP is shown in percentages\n|rule|Endless Battle Clause: Forcing endless battles is banned\n|rule|OHKO Clause: OHKO moves are banned\n|rule|Evasion Clause: Evasion abilities, items, and moves are banned\n|rule|Evasion Abilities Clause: Evasion abilities are banned\n|rule|Evasion Items Clause: Evasion items are banned\n|rule|Evasion Moves Clause: Evasion moves are banned\n|rule|Species Clause: Limit one of each Pok\u00e9mon\n|rule|Sleep Clause Mod: Limit one foe put to sleep\n|clearpoke\n|poke|p1|Landorus-Therian, M|\n|poke|p1|Pelipper, F|\n|poke|p1|Urshifu-*, F|\n|poke|p1|Ferrothorn, M|\n|poke|p1|Swampert, M|\n|poke|p1|Tapu Koko|\n|poke|p2|Corviknight, M|\n|poke|p2|Mamoswine, M|\n|poke|p2|Azumarill, F|\n|poke|p2|Gengar, M|\n|poke|p2|Blaziken, M|\n|poke|p2|Hydreigon, F|\n|teampreview\n|inactive|Battle timer is ON: inactive players will automatically lose when time's up. (requested by zqtp)\n|inactive|zqtp has 120 seconds left.\n|\n|t:|1700102064\n|start\n|switch|p1a: Ferrothorn|Ferrothorn, M|100\/100\n|switch|p2a: Gengar|Gengar, M, shiny|100\/100\n|turn|1\n|\n|t:|1700102077\n|move|p2a: Gengar|Shadow Ball|p1a: Ferrothorn\n|-damage|p1a: Ferrothorn|53\/100\n|move|p1a: Ferrothorn|Stealth Rock|p2a: Gengar\n|-sidestart|p2: weirdnomad|move: Stealth Rock\n|\n|-heal|p1a: Ferrothorn|60\/100|[from] item: Leftovers\n|upkeep\n|turn|2\n|inactive|zqtp has 120 seconds left.\n|inactive|zqtp has 90 seconds left.\n|inactive|zqtp has 60 seconds left.\n|\n|t:|1700102178\n|move|p2a: Gengar|Shadow Ball|p1a: Ferrothorn\n|-damage|p1a: Ferrothorn|15\/100\n|move|p1a: Ferrothorn|Knock Off|p2a: Gengar\n|-supereffective|p2a: Gengar\n|-damage|p2a: Gengar|19\/100\n|-enditem|p2a: Gengar|Choice Specs|[from] move: Knock Off|[of] p1a: Ferrothorn\n|\n|-heal|p1a: Ferrothorn|22\/100|[from] item: Leftovers\n|upkeep\n|turn|3\n|\n|t:|1700102194\n|move|p2a: Gengar|Shadow Ball|p1a: Ferrothorn\n|-damage|p1a: Ferrothorn|0 fnt\n|faint|p1a: Ferrothorn\n|\n|upkeep\n|\n|t:|1700102199\n|switch|p1a: Tapu Koko|Tapu Koko|100\/100\n|-fieldstart|move: Electric Terrain|[from] ability: Electric Surge|[of] p1a: Tapu Koko\n|turn|4\n|\n|t:|1700102217\n|switch|p2a: Mamoswine|Mamoswine, M|100\/100\n|-damage|p2a: Mamoswine|88\/100|[from] Stealth Rock\n|move|p1a: Tapu Koko|Dazzling Gleam|p2a: Mamoswine\n|-crit|p2a: Mamoswine\n|-damage|p2a: Mamoswine|34\/100\n|\n|upkeep\n|turn|5\n|\n|t:|1700102228\n|switch|p1a: Pelipper|Pelipper, F|100\/100\n|-weather|RainDance|[from] ability: Drizzle|[of] p1a: Pelipper\n|move|p2a: Mamoswine|Heavy Slam|p1a: Pelipper\n|-resisted|p1a: Pelipper\n|-damage|p1a: Pelipper|82\/100\n|\n|-weather|RainDance|[upkeep]\n|upkeep\n|turn|6\n|inactive|zqtp has 60 seconds left.\n|\n|t:|1700102254\n|switch|p2a: Gengar|Gengar, M, shiny|19\/100\n|-damage|p2a: Gengar|7\/100|[from] Stealth Rock\n|move|p1a: Pelipper|U-turn|p2a: Gengar\n|-resisted|p2a: Gengar\n|-damage|p2a: Gengar|3\/100\n|\n|t:|1700102264\n|switch|p1a: Tapu Koko|Tapu Koko|100\/100|[from] U-turn\n|\n|-weather|RainDance|[upkeep]\n|upkeep\n|turn|7\n|\n|t:|1700102271\n|move|p1a: Tapu Koko|U-turn|p2a: Gengar\n|-resisted|p2a: Gengar\n|-crit|p2a: Gengar\n|-damage|p2a: Gengar|0 fnt\n|faint|p2a: Gengar\n|\n|t:|1700102277\n|switch|p1a: Landorus|Landorus-Therian, M|100\/100|[from] U-turn\n|\n|-weather|RainDance|[upkeep]\n|upkeep\n|\n|t:|1700102283\n|switch|p2a: Azumarill|Azumarill, F, shiny|100\/100\n|-damage|p2a: Azumarill|88\/100|[from] Stealth Rock\n|turn|8\n|\n|t:|1700102301\n|move|p1a: Landorus|Sludge Wave|p2a: Azumarill\n|-supereffective|p2a: Azumarill\n|-crit|p2a: Azumarill\n|-damage|p2a: Azumarill|0 fnt\n|faint|p2a: Azumarill\n|\n|-weather|RainDance|[upkeep]\n|-fieldend|move: Electric Terrain\n|upkeep\n|\n|t:|1700102309\n|switch|p2a: Mamoswine|Mamoswine, M|34\/100\n|-damage|p2a: Mamoswine|21\/100|[from] Stealth Rock\n|turn|9\n|c|\u2606zqtp|crit didnt matter\n|-message|weirdnomad forfeited.\n|\n|win|zqtp\n|raw|zqtp's rating: 1438 &rarr; <strong>1463<\/strong><br \/>(+25 for winning)\n|raw|weirdnomad's rating: 1524 &rarr; <strong>1499<\/strong><br \/>(-25 for losing)\n|l|\u203dweirdnomad\n","uploadtime":1700102339,"views":4,"p1id":"zqtp","p2id":"weirdnomad","formatid":"gen9nationaldex","rating":1463,"private":0,"password":""}