{"id":"gen9nationaldex-1987784193","p1":"Pokemontryhard134","p2":"t114514","format":"[Gen 9] National Dex","log":"|j|\u2606Pokemontryhard134\n|j|\u2606t114514\n|t:|1699636572\n|gametype|singles\n|player|p1|Pokemontryhard134|lucas-gen4pt|1104\n|player|p2|t114514|norman|1000\n|teamsize|p1|6\n|teamsize|p2|6\n|gen|9\n|tier|[Gen 9] National Dex\n|rated|\n|rule|HP Percentage Mod: HP is shown in percentages\n|rule|Endless Battle Clause: Forcing endless battles is banned\n|rule|OHKO Clause: OHKO moves are banned\n|rule|Evasion Clause: Evasion abilities, items, and moves are banned\n|rule|Evasion Abilities Clause: Evasion abilities are banned\n|rule|Evasion Items Clause: Evasion items are banned\n|rule|Evasion Moves Clause: Evasion moves are banned\n|rule|Species Clause: Limit one of each Pok\u00e9mon\n|rule|Sleep Clause Mod: Limit one foe put to sleep\n|clearpoke\n|poke|p1|Garchomp, F|\n|poke|p1|Kommo-o, F|\n|poke|p1|Hydreigon, F|\n|poke|p1|Goodra-Hisui, M|\n|poke|p1|Kingdra, F|\n|poke|p1|Salamence, M|\n|poke|p2|Weavile, F|\n|poke|p2|Mamoswine, M|\n|poke|p2|Froslass, F|\n|poke|p2|Glastrier|\n|poke|p2|Abomasnow, F|\n|poke|p2|Cloyster, F|\n|teampreview\n|inactive|Battle timer is ON: inactive players will automatically lose when time's up. (requested by Pokemontryhard134)\n|c|\u2606t114514|wow\n|c|\u2606Pokemontryhard134|dang\n|c|\u2606Pokemontryhard134|I'm definitely losing\n|\n|t:|1699636595\n|start\n|switch|p1a: Kingdra|Kingdra, F|100\/100\n|switch|p2a: Cloyster|Cloyster, F|100\/100\n|turn|1\n|\n|t:|1699636606\n|move|p1a: Kingdra|Rain Dance|p1a: Kingdra\n|-weather|RainDance\n|move|p2a: Cloyster|Shell Smash|p2a: Cloyster\n|-unboost|p2a: Cloyster|def|1\n|-unboost|p2a: Cloyster|spd|1\n|-boost|p2a: Cloyster|atk|2\n|-boost|p2a: Cloyster|spa|2\n|-boost|p2a: Cloyster|spe|2\n|-enditem|p2a: Cloyster|White Herb\n|-clearnegativeboost|p2a: Cloyster|[silent]\n|\n|-weather|RainDance|[upkeep]\n|upkeep\n|turn|2\n|\n|t:|1699636627\n|move|p1a: Kingdra|Draco Meteor|p2a: Cloyster\n|-damage|p2a: Cloyster|0 fnt\n|-unboost|p1a: Kingdra|spa|2\n|faint|p2a: Cloyster\n|\n|-weather|RainDance|[upkeep]\n|upkeep\n|\n|t:|1699636632\n|switch|p2a: Abomasnow|Abomasnow, F|100\/100\n|-weather|Snow|[from] ability: Snow Warning|[of] p2a: Abomasnow\n|turn|3\n|\n|t:|1699636639\n|move|p1a: Kingdra|Draco Meteor|p2a: Abomasnow\n|-damage|p2a: Abomasnow|72\/100\n|-unboost|p1a: Kingdra|spa|2\n|move|p2a: Abomasnow|Blizzard|p1a: Kingdra\n|-damage|p1a: Kingdra|55\/100\n|\n|-weather|Snow|[upkeep]\n|upkeep\n|turn|4\n|\n|t:|1699636649\n|move|p1a: Kingdra|Hydro Pump|p2a: Abomasnow|[miss]\n|-miss|p1a: Kingdra|p2a: Abomasnow\n|move|p2a: Abomasnow|Grass Knot|p1a: Kingdra\n|-damage|p1a: Kingdra|13\/100\n|\n|-weather|Snow|[upkeep]\n|upkeep\n|turn|5\n|\n|t:|1699636662\n|move|p1a: Kingdra|Draco Meteor|p2a: Abomasnow\n|-damage|p2a: Abomasnow|54\/100\n|-unboost|p1a: Kingdra|spa|2\n|move|p2a: Abomasnow|Aurora Veil|p2a: Abomasnow\n|-sidestart|p2: t114514|move: Aurora Veil\n|\n|-weather|Snow|[upkeep]\n|upkeep\n|turn|6\n|\n|t:|1699636674\n|move|p1a: Kingdra|Rain Dance|p1a: Kingdra\n|-weather|RainDance\n|move|p2a: Abomasnow|Blizzard|p1a: Kingdra|[miss]\n|-miss|p2a: Abomasnow|p1a: Kingdra\n|\n|-weather|RainDance|[upkeep]\n|upkeep\n|turn|7\n|\n|t:|1699636678\n|move|p1a: Kingdra|Draco Meteor|p2a: Abomasnow\n|-damage|p2a: Abomasnow|47\/100\n|move|p2a: Abomasnow|Weather Ball|p1a: Kingdra\n|-resisted|p1a: Kingdra\n|-damage|p1a: Kingdra|3\/100\n|\n|-weather|RainDance|[upkeep]\n|upkeep\n|turn|8\n|\n|t:|1699636706\n|move|p1a: Kingdra|Hydro Pump|p2a: Abomasnow\n|-resisted|p2a: Abomasnow\n|-damage|p2a: Abomasnow|43\/100\n|move|p2a: Abomasnow|Blizzard|p1a: Kingdra\n|-damage|p1a: Kingdra|0 fnt\n|faint|p1a: Kingdra\n|\n|-weather|RainDance|[upkeep]\n|upkeep\n|\n|t:|1699636720\n|switch|p1a: Sky Guy|Salamence, M|100\/100\n|turn|9\n|inactive|t114514 has 120 seconds left.\n|\n|t:|1699636740\n|switch|p2a: Weavile|Weavile, F|100\/100\n|move|p1a: Sky Guy|Flamethrower|p2a: Weavile\n|-supereffective|p2a: Weavile\n|-damage|p2a: Weavile|85\/100\n|\n|-weather|RainDance|[upkeep]\n|upkeep\n|turn|10\n|inactive|t114514 has 120 seconds left.\n|\n|t:|1699636755\n|switch|p1a: Gooey Dude|Goodra-Hisui, M|100\/100\n|move|p2a: Weavile|Knock Off|p1a: Gooey Dude\n|-damage|p1a: Gooey Dude|68\/100\n|\n|-weather|none\n|upkeep\n|turn|11\n|inactive|t114514 has 120 seconds left.\n|\n|t:|1699636774\n|switch|p2a: Glastrier|Glastrier|100\/100\n|move|p1a: Gooey Dude|Flash Cannon|p2a: Glastrier\n|-supereffective|p2a: Glastrier\n|-damage|p2a: Glastrier|71\/100\n|\n|-heal|p2a: Glastrier|77\/100|[from] item: Leftovers\n|upkeep\n|turn|12\n|inactive|t114514 has 120 seconds left.\n|\n|t:|1699636782\n|move|p1a: Gooey Dude|Flash Cannon|p2a: Glastrier\n|-supereffective|p2a: Glastrier\n|-damage|p2a: Glastrier|44\/100\n|move|p2a: Glastrier|Iron Defense|p2a: Glastrier\n|-boost|p2a: Glastrier|def|2\n|\n|-heal|p2a: Glastrier|50\/100|[from] item: Leftovers\n|-sideend|p2: t114514|move: Aurora Veil\n|upkeep\n|turn|13\n|\n|t:|1699636791\n|move|p1a: Gooey Dude|Flamethrower|p2a: Glastrier\n|-supereffective|p2a: Glastrier\n|-damage|p2a: Glastrier|4\/100\n|move|p2a: Glastrier|Body Press|p1a: Gooey Dude\n|-supereffective|p1a: Gooey Dude\n|-damage|p1a: Gooey Dude|0 fnt\n|faint|p1a: Gooey Dude\n|-ability|p2a: Glastrier|Chilling Neigh|boost\n|-boost|p2a: Glastrier|atk|1\n|\n|-heal|p2a: Glastrier|10\/100|[from] item: Leftovers\n|upkeep\n|\n|t:|1699636796\n|switch|p1a: Sky Guy|Salamence, M|100\/100\n|turn|14\n|\n|t:|1699636806\n|switch|p2a: Mamoswine|Mamoswine, M|100\/100\n|move|p1a: Sky Guy|Flamethrower|p2a: Mamoswine\n|-supereffective|p2a: Mamoswine\n|-damage|p2a: Mamoswine|78\/100\n|\n|-heal|p2a: Mamoswine|84\/100|[from] item: Leftovers\n|upkeep\n|turn|15\n|\n|t:|1699636820\n|move|p1a: Sky Guy|Shadow Claw|p2a: Mamoswine\n|-damage|p2a: Mamoswine|62\/100\n|move|p2a: Mamoswine|Curse|p2a: Mamoswine\n|-unboost|p2a: Mamoswine|spe|1\n|-boost|p2a: Mamoswine|atk|1\n|-boost|p2a: Mamoswine|def|1\n|\n|-heal|p2a: Mamoswine|68\/100|[from] item: Leftovers\n|upkeep\n|turn|16\n|\n|t:|1699636827\n|move|p1a: Sky Guy|Flamethrower|p2a: Mamoswine\n|-supereffective|p2a: Mamoswine\n|-damage|p2a: Mamoswine|45\/100\n|move|p2a: Mamoswine|Avalanche|p1a: Sky Guy\n|-supereffective|p1a: Sky Guy\n|-damage|p1a: Sky Guy|0 fnt\n|faint|p1a: Sky Guy\n|\n|-heal|p2a: Mamoswine|51\/100|[from] item: Leftovers\n|upkeep\n|\n|t:|1699636842\n|switch|p1a: Garchomp|Garchomp, F|100\/100\n|turn|17\n|\n|t:|1699636853\n|move|p1a: Garchomp|Iron Head|p2a: Mamoswine\n|-supereffective|p2a: Mamoswine\n|-damage|p2a: Mamoswine|21\/100\n|move|p2a: Mamoswine|Avalanche|p1a: Garchomp\n|-supereffective|p1a: Garchomp\n|-damage|p1a: Garchomp|0 fnt\n|-damage|p2a: Mamoswine|8\/100|[from] ability: Rough Skin|[of] p1a: Garchomp\n|faint|p1a: Garchomp\n|\n|-heal|p2a: Mamoswine|14\/100|[from] item: Leftovers\n|upkeep\n|\n|t:|1699636856\n|switch|p1a: Hydreigon|Hydreigon, F|100\/100\n|turn|18\n|\n|t:|1699636876\n|move|p2a: Mamoswine|Ice Shard|p1a: Hydreigon\n|-supereffective|p1a: Hydreigon\n|-crit|p1a: Hydreigon\n|-damage|p1a: Hydreigon|6\/100\n|move|p1a: Hydreigon|Dark Pulse|p2a: Mamoswine\n|-damage|p2a: Mamoswine|0 fnt\n|faint|p2a: Mamoswine\n|\n|upkeep\n|\n|t:|1699636883\n|switch|p2a: Weavile|Weavile, F|85\/100\n|turn|19\n|\n|t:|1699636887\n|move|p2a: Weavile|Ice Shard|p1a: Hydreigon\n|-supereffective|p1a: Hydreigon\n|-damage|p1a: Hydreigon|0 fnt\n|faint|p1a: Hydreigon\n|\n|upkeep\n|\n|t:|1699636889\n|switch|p1a: Kommo-o|Kommo-o, F|100\/100\n|turn|20\n|\n|t:|1699636895\n|switch|p2a: Abomasnow|Abomasnow, F|43\/100\n|-weather|Snow|[from] ability: Snow Warning|[of] p2a: Abomasnow\n|move|p1a: Kommo-o|Body Press|p2a: Abomasnow\n|-supereffective|p2a: Abomasnow\n|-damage|p2a: Abomasnow|5\/100\n|\n|-weather|Snow|[upkeep]\n|upkeep\n|turn|21\n|\n|t:|1699636909\n|move|p1a: Kommo-o|Body Press|p2a: Abomasnow\n|-supereffective|p2a: Abomasnow\n|-damage|p2a: Abomasnow|0 fnt\n|faint|p2a: Abomasnow\n|\n|-weather|Snow|[upkeep]\n|upkeep\n|\n|t:|1699636911\n|switch|p2a: Froslass|Froslass, F|100\/100\n|turn|22\n|\n|t:|1699636917\n|move|p2a: Froslass|Ice Beam|p1a: Kommo-o\n|-supereffective|p1a: Kommo-o\n|-damage|p1a: Kommo-o|15\/100\n|-status|p1a: Kommo-o|frz\n|cant|p1a: Kommo-o|frz\n|\n|-weather|Snow|[upkeep]\n|upkeep\n|turn|23\n|\n|t:|1699636927\n|move|p2a: Froslass|Ice Beam|p1a: Kommo-o\n|-supereffective|p1a: Kommo-o\n|-damage|p1a: Kommo-o|0 fnt\n|faint|p1a: Kommo-o\n|\n|win|t114514\n|raw|Pokemontryhard134's rating: 1104 &rarr; <strong>1072<\/strong><br \/>(-32 for losing)\n|raw|t114514's rating: 1000 &rarr; <strong>1052<\/strong><br \/>(+52 for winning)\n|c|\u2606Pokemontryhard134|Gg\n|c|\u2606t114514|gg\n","uploadtime":1699636942,"views":9,"p1id":"pokemontryhard134","p2id":"t114514","formatid":"gen9nationaldex","rating":1052,"private":0,"password":""}