{"id":"gen9nationaldex-1990105957","p1":"dahu\u306eai","p2":"PBAOA","format":"[Gen 9] National Dex","log":"|j|\u2606dahu\u306eai\n|j|\u2606PBAOA\n|t:|1699925147\n|gametype|singles\n|player|p1|dahu\u306eai|cynthia-anime2|1109\n|player|p2|PBAOA|nate|1103\n|teamsize|p1|6\n|teamsize|p2|6\n|gen|9\n|tier|[Gen 9] National Dex\n|rated|\n|rule|HP Percentage Mod: HP is shown in percentages\n|rule|Endless Battle Clause: Forcing endless battles is banned\n|rule|OHKO Clause: OHKO moves are banned\n|rule|Evasion Clause: Evasion abilities, items, and moves are banned\n|rule|Evasion Abilities Clause: Evasion abilities are banned\n|rule|Evasion Items Clause: Evasion items are banned\n|rule|Evasion Moves Clause: Evasion moves are banned\n|rule|Species Clause: Limit one of each Pok\u00e9mon\n|rule|Sleep Clause Mod: Limit one foe put to sleep\n|clearpoke\n|poke|p1|Garchomp, F|\n|poke|p1|Lucario, M|\n|poke|p1|Milotic, F|\n|poke|p1|Spiritomb, M|\n|poke|p1|Togekiss, M|\n|poke|p1|Roserade, F|\n|poke|p2|Cinderace, M|\n|poke|p2|Boltund, F|\n|poke|p2|Sylveon, F|\n|poke|p2|Drednaw, M|\n|poke|p2|Ludicolo, M|\n|poke|p2|Lucario, F|\n|teampreview\n|c|\u2606PBAOA|hi\n|\n|t:|1699925158\n|start\n|switch|p1a: Roserade|Roserade, F|100\/100\n|switch|p2a: Sylveon|Sylveon, F|100\/100\n|turn|1\n|\n|t:|1699925172\n|move|p2a: Sylveon|Baby-Doll Eyes|p1a: Roserade\n|-unboost|p1a: Roserade|atk|1\n|move|p1a: Roserade|Sludge Bomb|p2a: Sylveon\n|-supereffective|p2a: Sylveon\n|-damage|p2a: Sylveon|57\/100\n|\n|upkeep\n|turn|2\n|\n|t:|1699925193\n|switch|p1a: Milotic|Milotic, F|100\/100\n|switch|p2a: Cinderace|Cinderace, M|100\/100\n|\n|-status|p1a: Milotic|brn|[from] item: Flame Orb\n|upkeep\n|turn|3\n|\n|t:|1699925203\n|move|p2a: Cinderace|Ally Switch||[still]\n|-start|p2a: Cinderace|typechange|Psychic|[from] ability: Libero\n|-fail|p2a: Cinderace\n|move|p1a: Milotic|Toxic|p2a: Cinderace\n|-status|p2a: Cinderace|tox\n|\n|-damage|p2a: Cinderace|95\/100 tox|[from] psn\n|-damage|p1a: Milotic|94\/100 brn|[from] brn\n|upkeep\n|turn|4\n|\n|t:|1699925214\n|move|p2a: Cinderace|Bounce||[still]\n|-prepare|p2a: Cinderace|Bounce\n|move|p1a: Milotic|Scald|p2a: Cinderace|[miss]\n|-miss|p1a: Milotic|p2a: Cinderace\n|\n|-damage|p2a: Cinderace|83\/100 tox|[from] psn\n|-damage|p1a: Milotic|88\/100 brn|[from] brn\n|upkeep\n|turn|5\n|\n|t:|1699925238\n|switch|p1a: Spiritomb|Spiritomb, M|100\/100\n|-ability|p1a: Spiritomb|Pressure\n|move|p2a: Cinderace|Bounce|p1a: Spiritomb|[from]lockedmove\n|-damage|p1a: Spiritomb|80\/100\n|\n|-damage|p2a: Cinderace|65\/100 tox|[from] psn\n|upkeep\n|turn|6\n|\n|t:|1699925252\n|switch|p2a: Sylveon|Sylveon, F|57\/100\n|move|p1a: Spiritomb|Calm Mind|p1a: Spiritomb\n|-boost|p1a: Spiritomb|spa|1\n|-boost|p1a: Spiritomb|spd|1\n|\n|upkeep\n|turn|7\n|\n|t:|1699925261\n|move|p2a: Sylveon|Play Rough|p1a: Spiritomb|[miss]\n|-miss|p2a: Sylveon|p1a: Spiritomb\n|move|p1a: Spiritomb|Dark Pulse|p2a: Sylveon\n|-resisted|p2a: Sylveon\n|-damage|p2a: Sylveon|47\/100\n|\n|upkeep\n|turn|8\n|\n|t:|1699925275\n|switch|p1a: Roserade|Roserade, F|100\/100\n|move|p2a: Sylveon|Play Rough|p1a: Roserade\n|-resisted|p1a: Roserade\n|-damage|p1a: Roserade|71\/100\n|\n|upkeep\n|turn|9\n|\n|t:|1699925283\n|switch|p2a: Lucario|Lucario, F|100\/100\n|move|p1a: Roserade|Sludge Bomb|p2a: Lucario\n|-immune|p2a: Lucario\n|\n|upkeep\n|turn|10\n|\n|t:|1699925308\n|switch|p1a: Lucario|Lucario, M|100\/100\n|move|p2a: Lucario|Counter||[still]\n|-fail|p2a: Lucario\n|\n|upkeep\n|turn|11\n|\n|t:|1699925318\n|switch|p2a: Cinderace|Cinderace, M|65\/100 tox\n|move|p1a: Lucario|Swagger|p2a: Cinderace\n|-boost|p2a: Cinderace|atk|2\n|-enditem|p1a: Lucario|Mirror Herb\n|-boost|p1a: Lucario|atk|2|[from] item: Mirror Herb\n|-start|p2a: Cinderace|confusion\n|\n|-damage|p2a: Cinderace|59\/100 tox|[from] psn\n|upkeep\n|turn|12\n|\n|t:|1699925329\n|-terastallize|p1a: Lucario|Normal\n|move|p1a: Lucario|Extreme Speed|p2a: Cinderace\n|-damage|p2a: Cinderace|0 fnt\n|-damage|p1a: Lucario|84\/100|[from] item: Rocky Helmet|[of] p2a: Cinderace\n|faint|p2a: Cinderace\n|\n|upkeep\n|\n|t:|1699925340\n|switch|p2a: Sylveon|Sylveon, F|47\/100\n|turn|13\n|\n|t:|1699925345\n|move|p1a: Lucario|Poison Jab|p2a: Sylveon\n|-supereffective|p2a: Sylveon\n|-damage|p2a: Sylveon|0 fnt\n|faint|p2a: Sylveon\n|\n|upkeep\n|\n|t:|1699925353\n|switch|p2a: Drednaw|Drednaw, M|100\/100\n|turn|14\n|\n|t:|1699925359\n|move|p1a: Lucario|Close Combat|p2a: Drednaw\n|-supereffective|p2a: Drednaw\n|-damage|p2a: Drednaw|0 fnt\n|-unboost|p1a: Lucario|def|1\n|-unboost|p1a: Lucario|spd|1\n|faint|p2a: Drednaw\n|\n|upkeep\n|\n|t:|1699925366\n|switch|p2a: Boltund|Boltund, F|100\/100\n|turn|15\n|\n|t:|1699925371\n|move|p1a: Lucario|Extreme Speed|p2a: Boltund\n|-damage|p2a: Boltund|0 fnt\n|faint|p2a: Boltund\n|\n|upkeep\n|\n|t:|1699925375\n|switch|p2a: Ludicolo|Ludicolo, M|100\/100\n|turn|16\n|c|\u2606PBAOA|you're good\n|\n|t:|1699925386\n|move|p1a: Lucario|Poison Jab|p2a: Ludicolo\n|-supereffective|p2a: Ludicolo\n|-damage|p2a: Ludicolo|0 fnt\n|-damage|p1a: Lucario|68\/100|[from] item: Rocky Helmet|[of] p2a: Ludicolo\n|faint|p2a: Ludicolo\n|\n|upkeep\n|\n|t:|1699925391\n|switch|p2a: Lucario|Lucario, F|100\/100\n|turn|17\n|\n|t:|1699925396\n|move|p2a: Lucario|Brick Break|p1a: Lucario\n|-supereffective|p1a: Lucario\n|-damage|p1a: Lucario|0 fnt\n|faint|p1a: Lucario\n|\n|upkeep\n|\n|t:|1699925404\n|switch|p1a: Milotic|Milotic, F|88\/100 brn\n|turn|18\n|\n|t:|1699925412\n|move|p2a: Lucario|Aura Sphere|p1a: Milotic\n|-damage|p1a: Milotic|64\/100 brn\n|move|p1a: Milotic|Scald|p2a: Lucario\n|-damage|p2a: Lucario|70\/100\n|-status|p2a: Lucario|brn\n|\n|-damage|p2a: Lucario|64\/100 brn|[from] brn\n|-damage|p1a: Milotic|58\/100 brn|[from] brn\n|upkeep\n|turn|19\n|\n|t:|1699925422\n|move|p2a: Lucario|Dark Pulse|p1a: Milotic\n|-damage|p1a: Milotic|42\/100 brn\n|move|p1a: Milotic|Recover|p1a: Milotic\n|-heal|p1a: Milotic|92\/100 brn\n|\n|-damage|p2a: Lucario|58\/100 brn|[from] brn\n|-damage|p1a: Milotic|86\/100 brn|[from] brn\n|upkeep\n|turn|20\n|\n|t:|1699925438\n|switch|p1a: Togekiss|Togekiss, M|100\/100\n|move|p2a: Lucario|Brick Break|p1a: Togekiss\n|-resisted|p1a: Togekiss\n|-damage|p1a: Togekiss|96\/100\n|\n|-damage|p2a: Lucario|52\/100 brn|[from] brn\n|upkeep\n|turn|21\n|\n|t:|1699925449\n|move|p1a: Togekiss|Air Slash|p2a: Lucario\n|-damage|p2a: Lucario|0 fnt\n|faint|p2a: Lucario\n|\n|win|dahu\u306eai\n|raw|dahu\u306eai's rating: 1109 &rarr; <strong>1134<\/strong><br \/>(+25 for winning)\n|raw|PBAOA's rating: 1103 &rarr; <strong>1078<\/strong><br \/>(-25 for losing)\n|c|\u2606PBAOA|gg\n|l|\u2606PBAOA\n","uploadtime":1699925461,"views":5,"p1id":"dahuai","p2id":"pbaoa","formatid":"gen9nationaldex","rating":1078,"private":0,"password":""}