{"id":"gen9nationaldex-1993024208","p1":"Oxxo_ntsm","p2":"mariopan","format":"[Gen 9] National Dex","log":"|j|\u2606Oxxo_ntsm\n|j|\u2606mariopan\n|t:|1700256551\n|gametype|singles\n|player|p1|Oxxo_ntsm|hilbert-wonderlauncher|\n|player|p2|mariopan|hilbert|\n|teamsize|p1|6\n|teamsize|p2|6\n|gen|9\n|tier|[Gen 9] National Dex\n|rule|HP Percentage Mod: HP is shown in percentages\n|rule|Endless Battle Clause: Forcing endless battles is banned\n|rule|OHKO Clause: OHKO moves are banned\n|rule|Evasion Clause: Evasion abilities, items, and moves are banned\n|rule|Evasion Abilities Clause: Evasion abilities are banned\n|rule|Evasion Items Clause: Evasion items are banned\n|rule|Evasion Moves Clause: Evasion moves are banned\n|rule|Species Clause: Limit one of each Pok\u00e9mon\n|rule|Sleep Clause Mod: Limit one foe put to sleep\n|clearpoke\n|poke|p1|Charizard, M|\n|poke|p1|Volcarona, F|\n|poke|p1|Victini|\n|poke|p1|Ceruledge, M|\n|poke|p1|Chandelure, F|\n|poke|p1|Flareon, M|\n|poke|p2|Garganacl, F|\n|poke|p2|Glimmora, M|\n|poke|p2|Aerodactyl, M|\n|poke|p2|Shuckle, F|\n|poke|p2|Cradily, M|\n|poke|p2|Tyranitar, F|\n|teampreview\n|inactive|Battle timer is ON: inactive players will automatically lose when time's up. (requested by Oxxo_ntsm)\n|c|\u2606Oxxo_ntsm|Buena suerte\n|\n|t:|1700256565\n|start\n|switch|p1a: Mothra|Volcarona, F|100\/100\n|switch|p2a: Tyranitar|Tyranitar, F|100\/100\n|-weather|Sandstorm|[from] ability: Sand Stream|[of] p2a: Tyranitar\n|turn|1\n|c|\u2606mariopan|lo mismo bro\n|\n|t:|1700256576\n|switch|p2a: Garganacl|Garganacl, F|100\/100\n|-terastallize|p1a: Mothra|Ground\n|move|p1a: Mothra|Quiver Dance|p1a: Mothra\n|-boost|p1a: Mothra|spa|1\n|-boost|p1a: Mothra|spd|1\n|-boost|p1a: Mothra|spe|1\n|\n|-weather|Sandstorm|[upkeep]\n|upkeep\n|turn|2\n|\n|t:|1700256590\n|move|p1a: Mothra|Tera Blast|p2a: Garganacl|[anim] Tera Blast Ground\n|-supereffective|p2a: Garganacl\n|-damage|p2a: Garganacl|44\/100\n|move|p2a: Garganacl|Salt Cure|p1a: Mothra\n|-resisted|p1a: Mothra\n|-damage|p1a: Mothra|89\/100\n|-start|p1a: Mothra|Salt Cure\n|\n|-weather|Sandstorm|[upkeep]\n|-damage|p1a: Mothra|77\/100|[from] Salt Cure\n|upkeep\n|turn|3\n|\n|t:|1700256619\n|switch|p2a: Cradily|Cradily, M|100\/100\n|move|p1a: Mothra|Tera Blast|p2a: Cradily|[anim] Tera Blast Ground\n|-damage|p2a: Cradily|60\/100\n|\n|-weather|Sandstorm|[upkeep]\n|-heal|p2a: Cradily|66\/100|[from] item: Leftovers\n|-damage|p1a: Mothra|64\/100|[from] Salt Cure\n|upkeep\n|turn|4\n|\n|t:|1700256629\n|move|p1a: Mothra|Fiery Dance|p2a: Cradily\n|-damage|p2a: Cradily|27\/100\n|-boost|p1a: Mothra|spa|1\n|move|p2a: Cradily|Toxic|p1a: Mothra\n|-status|p1a: Mothra|tox\n|\n|-weather|Sandstorm|[upkeep]\n|-heal|p2a: Cradily|33\/100|[from] item: Leftovers\n|-damage|p1a: Mothra|58\/100 tox|[from] psn\n|-damage|p1a: Mothra|46\/100 tox|[from] Salt Cure\n|upkeep\n|turn|5\n|\n|t:|1700256643\n|switch|p2a: Tyranitar|Tyranitar, F|100\/100\n|move|p1a: Mothra|Fiery Dance|p2a: Tyranitar\n|-resisted|p2a: Tyranitar\n|-damage|p2a: Tyranitar|78\/100\n|\n|-weather|Sandstorm|[upkeep]\n|-damage|p1a: Mothra|34\/100 tox|[from] psn\n|-damage|p1a: Mothra|21\/100 tox|[from] Salt Cure\n|upkeep\n|turn|6\n|\n|t:|1700256657\n|move|p1a: Mothra|Tera Blast|p2a: Tyranitar|[anim] Tera Blast Ground\n|-supereffective|p2a: Tyranitar\n|-damage|p2a: Tyranitar|0 fnt\n|faint|p2a: Tyranitar\n|\n|-weather|Sandstorm|[upkeep]\n|-damage|p1a: Mothra|3\/100 tox|[from] psn\n|-damage|p1a: Mothra|0 fnt|[from] Salt Cure\n|faint|p1a: Mothra\n|upkeep\n|\n|t:|1700256668\n|switch|p1a: Destripachorizo|Charizard, M, shiny|100\/100\n|switch|p2a: Garganacl|Garganacl, F|44\/100\n|turn|7\n|\n|t:|1700256682\n|detailschange|p1a: Destripachorizo|Charizard-Mega-Y, M, shiny\n|-mega|p1a: Destripachorizo|Charizard|Charizardite Y\n|-weather|SunnyDay|[from] ability: Drought|[of] p1a: Destripachorizo\n|-terastallize|p2a: Garganacl|Ghost\n|move|p1a: Destripachorizo|Solar Beam||[still]\n|-prepare|p1a: Destripachorizo|Solar Beam\n|-anim|p1a: Destripachorizo|Solar Beam|p2a: Garganacl\n|-damage|p2a: Garganacl|14\/100\n|move|p2a: Garganacl|Salt Cure|p1a: Destripachorizo\n|-supereffective|p1a: Destripachorizo\n|-damage|p1a: Destripachorizo|28\/100\n|-start|p1a: Destripachorizo|Salt Cure\n|\n|-weather|SunnyDay|[upkeep]\n|-damage|p1a: Destripachorizo|15\/100|[from] Salt Cure\n|upkeep\n|turn|8\n|\n|t:|1700256699\n|switch|p2a: Shuckle|Shuckle, F|100\/100\n|move|p1a: Destripachorizo|Flamethrower|p2a: Shuckle\n|-damage|p2a: Shuckle|42\/100\n|-enditem|p2a: Shuckle|Red Card|[of] p1a: Destripachorizo\n|drag|p1a: Nacho|Flareon, M|100\/100\n|\n|-weather|SunnyDay|[upkeep]\n|upkeep\n|turn|9\n|\n|t:|1700256711\n|move|p1a: Nacho|Toxic|p2a: Shuckle\n|-status|p2a: Shuckle|tox\n|move|p2a: Shuckle|Sticky Web|p1a: Nacho\n|-sidestart|p1: Oxxo_ntsm|move: Sticky Web\n|\n|-weather|SunnyDay|[upkeep]\n|-damage|p2a: Shuckle|36\/100 tox|[from] psn\n|upkeep\n|turn|10\n|\n|t:|1700256719\n|move|p1a: Nacho|Wish|p1a: Nacho\n|move|p2a: Shuckle|Stealth Rock|p1a: Nacho\n|-sidestart|p1: Oxxo_ntsm|move: Stealth Rock\n|\n|-weather|SunnyDay|[upkeep]\n|-damage|p2a: Shuckle|24\/100 tox|[from] psn\n|upkeep\n|turn|11\n|\n|t:|1700256727\n|move|p1a: Nacho|Flare Blitz|p2a: Shuckle\n|-damage|p2a: Shuckle|0 fnt\n|faint|p2a: Shuckle\n|-damage|p1a: Nacho|95\/100|[from] Recoil\n|\n|-weather|none\n|-heal|p1a: Nacho|100\/100|[from] move: Wish|[wisher] Nacho\n|upkeep\n|\n|t:|1700256740\n|switch|p2a: Aerodactyl|Aerodactyl, M|100\/100\n|turn|12\n|\n|t:|1700256747\n|detailschange|p2a: Aerodactyl|Aerodactyl-Mega, M\n|-mega|p2a: Aerodactyl|Aerodactyl|Aerodactylite\n|move|p2a: Aerodactyl|Hone Claws|p2a: Aerodactyl\n|-boost|p2a: Aerodactyl|atk|1\n|-boost|p2a: Aerodactyl|accuracy|1\n|move|p1a: Nacho|Toxic|p2a: Aerodactyl\n|-status|p2a: Aerodactyl|tox\n|\n|-damage|p2a: Aerodactyl|95\/100 tox|[from] psn\n|upkeep\n|turn|13\n|\n|t:|1700256757\n|move|p2a: Aerodactyl|Stone Edge|p1a: Nacho\n|-supereffective|p1a: Nacho\n|-damage|p1a: Nacho|0 fnt\n|faint|p1a: Nacho\n|\n|-damage|p2a: Aerodactyl|83\/100 tox|[from] psn\n|upkeep\n|\n|t:|1700256765\n|switch|p1a: Shin Chan|Chandelure, F|100\/100\n|-activate|p1a: Shin Chan|move: Sticky Web\n|-unboost|p1a: Shin Chan|spe|1\n|-damage|p1a: Shin Chan|76\/100|[from] Stealth Rock\n|turn|14\n|\n|t:|1700256772\n|move|p2a: Aerodactyl|Stone Edge|p1a: Shin Chan\n|-supereffective|p1a: Shin Chan\n|-damage|p1a: Shin Chan|0 fnt\n|faint|p1a: Shin Chan\n|\n|-damage|p2a: Aerodactyl|65\/100 tox|[from] psn\n|upkeep\n|\n|t:|1700256780\n|switch|p1a: Vic|Victini|100\/100\n|-activate|p1a: Vic|move: Sticky Web\n|-unboost|p1a: Vic|spe|1\n|-damage|p1a: Vic|76\/100|[from] Stealth Rock\n|turn|15\n|\n|t:|1700256787\n|move|p2a: Aerodactyl|Stone Edge|p1a: Vic\n|-supereffective|p1a: Vic\n|-damage|p1a: Vic|0 fnt\n|faint|p1a: Vic\n|\n|-damage|p2a: Aerodactyl|41\/100 tox|[from] psn\n|upkeep\n|\n|t:|1700256794\n|switch|p1a: Destripachorizo|Charizard-Mega-Y, M, shiny|15\/100\n|-damage|p1a: Destripachorizo|0 fnt|[from] Stealth Rock\n|faint|p1a: Destripachorizo\n|\n|t:|1700256799\n|switch|p1a: Anakin|Ceruledge, M|100\/100\n|-activate|p1a: Anakin|move: Sticky Web\n|-unboost|p1a: Anakin|spe|1\n|-damage|p1a: Anakin|76\/100|[from] Stealth Rock\n|turn|16\n|\n|t:|1700256807\n|move|p2a: Aerodactyl|Stone Edge|p1a: Anakin\n|-supereffective|p1a: Anakin\n|-damage|p1a: Anakin|0 fnt\n|faint|p1a: Anakin\n|\n|win|mariopan\n|c|\u2606Oxxo_ntsm|gg\n|c|\u2606mariopan|gg\n|l|\u2606Oxxo_ntsm\n","uploadtime":1700256817,"views":9,"p1id":"oxxontsm","p2id":"mariopan","formatid":"gen9nationaldex","rating":0,"private":0,"password":""}