{"id":"gen9nationaldex-1999219444","p1":"Naia_05","p2":"monsterapper","format":"[Gen 9] National Dex","log":"|html|<div class=\"broadcast-blue\"><strong>[Gen 9] National Dex is currently suspecting Sneasler! For information on how to participate check out the <a href=\"https:\/\/www.smogon.com\/forums\/threads\/sv-national-dex-suspect-8-just-dance.3731534\/\">suspect thread<\/a>.<\/strong><\/div>\n|j|\u2606Naia_05\n|j|\u2606monsterapper\n|t:|1701046967\n|gametype|singles\n|player|p1|Naia_05|cynthia-gen4|1406\n|player|p2|monsterapper|veteran|1394\n|teamsize|p1|6\n|teamsize|p2|6\n|gen|9\n|tier|[Gen 9] National Dex\n|rated|\n|rule|HP Percentage Mod: HP is shown in percentages\n|rule|Endless Battle Clause: Forcing endless battles is banned\n|rule|OHKO Clause: OHKO moves are banned\n|rule|Evasion Clause: Evasion abilities, items, and moves are banned\n|rule|Evasion Abilities Clause: Evasion abilities are banned\n|rule|Evasion Items Clause: Evasion items are banned\n|rule|Evasion Moves Clause: Evasion moves are banned\n|rule|Species Clause: Limit one of each Pok\u00e9mon\n|rule|Sleep Clause Mod: Limit one foe put to sleep\n|clearpoke\n|poke|p1|Shuckle, M|\n|poke|p1|Golisopod, M|\n|poke|p1|Volcarona, M|\n|poke|p1|Buzzwole|\n|poke|p1|Scizor, M|\n|poke|p1|Crustle, F|\n|poke|p2|Lopunny, F|\n|poke|p2|Zoroark-Hisui, F|\n|poke|p2|Blissey, F|\n|poke|p2|Ditto|\n|poke|p2|Staraptor, F|\n|poke|p2|Ursaluna, F|\n|teampreview\n|inactive|Battle timer is ON: inactive players will automatically lose when time's up. (requested by Naia_05)\n|\n|t:|1701047003\n|start\n|switch|p1a: Shuckle|Shuckle, M|100\/100\n|switch|p2a: Shang Tsung|Ditto|100\/100\n|-transform|p2a: Shang Tsung|p1a: Shuckle|[from] ability: Imposter\n|turn|1\n|\n|t:|1701047025\n|move|p2a: Shang Tsung|Sticky Web|p1a: Shuckle\n|-sidestart|p1: Naia_05|move: Sticky Web\n|move|p1a: Shuckle|Toxic|p2a: Shang Tsung\n|-status|p2a: Shang Tsung|tox\n|\n|-damage|p2a: Shang Tsung|94\/100 tox|[from] psn\n|upkeep\n|turn|2\n|\n|t:|1701047049\n|switch|p2a: Tamago|Blissey, F|100\/100\n|move|p1a: Shuckle|Toxic|p2a: Tamago\n|-status|p2a: Tamago|tox\n|\n|-damage|p2a: Tamago|94\/100 tox|[from] psn\n|upkeep\n|turn|3\n|\n|t:|1701047056\n|move|p1a: Shuckle|Sticky Web|p2a: Tamago\n|-sidestart|p2: monsterapper|move: Sticky Web\n|move|p2a: Tamago|Teleport|p2a: Tamago\n|\n|t:|1701047059\n|-curestatus|p2a: Tamago|tox|[from] ability: Natural Cure\n|switch|p2a: Oliver|Ursaluna, F|100\/100|[from] Teleport\n|-activate|p2a: Oliver|move: Sticky Web\n|-unboost|p2a: Oliver|spe|1\n|\n|-status|p2a: Oliver|brn|[from] item: Flame Orb\n|upkeep\n|turn|4\n|\n|t:|1701047067\n|move|p2a: Oliver|Swords Dance|p2a: Oliver\n|-boost|p2a: Oliver|atk|2\n|move|p1a: Shuckle|Stealth Rock|p2a: Oliver\n|-sidestart|p2: monsterapper|move: Stealth Rock\n|\n|-damage|p2a: Oliver|94\/100 brn|[from] brn\n|upkeep\n|turn|5\n|\n|t:|1701047074\n|switch|p1a: Golisopod|Golisopod, M|100\/100\n|-activate|p1a: Golisopod|move: Sticky Web\n|-unboost|p1a: Golisopod|spe|1\n|move|p2a: Oliver|Facade|p1a: Golisopod\n|-damage|p1a: Golisopod|0 fnt\n|faint|p1a: Golisopod\n|\n|-damage|p2a: Oliver|88\/100 brn|[from] brn\n|upkeep\n|\n|t:|1701047093\n|switch|p1a: Crustle|Crustle, F|100\/100\n|-activate|p1a: Crustle|move: Sticky Web\n|-unboost|p1a: Crustle|spe|1\n|turn|6\n|\n|t:|1701047103\n|move|p1a: Crustle|Shell Smash|p1a: Crustle\n|-unboost|p1a: Crustle|def|1\n|-unboost|p1a: Crustle|spd|1\n|-boost|p1a: Crustle|atk|2\n|-boost|p1a: Crustle|spa|2\n|-boost|p1a: Crustle|spe|2\n|move|p2a: Oliver|Earthquake|p1a: Crustle\n|-ability|p1a: Crustle|Sturdy\n|-damage|p1a: Crustle|1\/100\n|\n|-damage|p2a: Oliver|82\/100 brn|[from] brn\n|upkeep\n|turn|7\n|\n|t:|1701047119\n|move|p1a: Crustle|Knock Off|p2a: Oliver\n|-damage|p2a: Oliver|40\/100 brn\n|-enditem|p2a: Oliver|Flame Orb|[from] move: Knock Off|[of] p1a: Crustle\n|move|p2a: Oliver|Facade|p1a: Crustle\n|-resisted|p1a: Crustle\n|-damage|p1a: Crustle|0 fnt\n|faint|p1a: Crustle\n|\n|-damage|p2a: Oliver|34\/100 brn|[from] brn\n|upkeep\n|\n|t:|1701047127\n|switch|p1a: Buzzwole|Buzzwole|100\/100\n|-activate|p1a: Buzzwole|move: Sticky Web\n|-unboost|p1a: Buzzwole|spe|1\n|turn|8\n|\n|t:|1701047132\n|move|p1a: Buzzwole|Drain Punch|p2a: Oliver\n|-supereffective|p2a: Oliver\n|-damage|p2a: Oliver|0 fnt\n|faint|p2a: Oliver\n|-ability|p1a: Buzzwole|Beast Boost|boost\n|-boost|p1a: Buzzwole|atk|1\n|\n|upkeep\n|\n|t:|1701047139\n|switch|p2a: DemonDice|Staraptor, F|100\/100\n|-ability|p2a: DemonDice|Intimidate|boost\n|-unboost|p1a: Buzzwole|atk|1\n|turn|9\n|\n|t:|1701047153\n|switch|p1a: Shuckle|Shuckle, M|100\/100\n|-activate|p1a: Shuckle|move: Sticky Web\n|-boost|p1a: Shuckle|spe|1\n|move|p2a: DemonDice|Brave Bird|p1a: Shuckle\n|-damage|p1a: Shuckle|73\/100\n|-damage|p2a: DemonDice|95\/100|[from] Recoil\n|\n|-heal|p1a: Shuckle|80\/100|[from] item: Leftovers\n|upkeep\n|turn|10\n|\n|t:|1701047164\n|switch|p2a: Tamago|Blissey, F|94\/100\n|move|p1a: Shuckle|Toxic|p2a: Tamago\n|-status|p2a: Tamago|tox\n|\n|-heal|p1a: Shuckle|86\/100|[from] item: Leftovers\n|-damage|p2a: Tamago|88\/100 tox|[from] psn\n|upkeep\n|turn|11\n|\n|t:|1701047183\n|move|p1a: Shuckle|Protect|p1a: Shuckle\n|-singleturn|p1a: Shuckle|Protect\n|move|p2a: Tamago|Thunder Wave|p1a: Shuckle\n|-activate|p1a: Shuckle|move: Protect\n|\n|-heal|p1a: Shuckle|92\/100|[from] item: Leftovers\n|-damage|p2a: Tamago|76\/100 tox|[from] psn\n|upkeep\n|turn|12\n|\n|t:|1701047192\n|move|p1a: Shuckle|Protect|p1a: Shuckle\n|-singleturn|p1a: Shuckle|Protect\n|move|p2a: Tamago|Thunder Wave|p1a: Shuckle\n|-activate|p1a: Shuckle|move: Protect\n|\n|-heal|p1a: Shuckle|98\/100|[from] item: Leftovers\n|-damage|p2a: Tamago|57\/100 tox|[from] psn\n|upkeep\n|turn|13\n|\n|t:|1701047202\n|move|p1a: Shuckle|Protect||[still]\n|-fail|p1a: Shuckle\n|move|p2a: Tamago|Thunder Wave|p1a: Shuckle\n|-status|p1a: Shuckle|par\n|\n|-heal|p1a: Shuckle|100\/100 par|[from] item: Leftovers\n|-damage|p2a: Tamago|33\/100 tox|[from] psn\n|upkeep\n|turn|14\n|\n|t:|1701047210\n|move|p1a: Shuckle|Toxic|p2a: Tamago\n|-fail|p2a: Tamago|tox\n|move|p2a: Tamago|Teleport|p2a: Tamago\n|inactive|monsterapper has 120 seconds left.\n|\n|t:|1701047241\n|-curestatus|p2a: Tamago|tox|[from] ability: Natural Cure\n|switch|p2a: Miruko|Lopunny, F|100\/100|[from] Teleport\n|-activate|p2a: Miruko|move: Sticky Web\n|-unboost|p2a: Miruko|spe|1\n|-damage|p2a: Miruko|88\/100|[from] Stealth Rock\n|\n|upkeep\n|turn|15\n|\n|t:|1701047249\n|detailschange|p2a: Miruko|Lopunny-Mega, F\n|-mega|p2a: Miruko|Lopunny|Lopunnite\n|move|p1a: Shuckle|Protect|p1a: Shuckle\n|-singleturn|p1a: Shuckle|Protect\n|move|p2a: Miruko|Fake Out|p1a: Shuckle\n|-activate|p1a: Shuckle|move: Protect\n|\n|upkeep\n|turn|16\n|\n|t:|1701047257\n|move|p2a: Miruko|Close Combat|p1a: Shuckle\n|-damage|p1a: Shuckle|67\/100 par\n|-unboost|p2a: Miruko|def|1\n|-unboost|p2a: Miruko|spd|1\n|move|p1a: Shuckle|Toxic|p2a: Miruko\n|-status|p2a: Miruko|tox\n|\n|-heal|p1a: Shuckle|73\/100 par|[from] item: Leftovers\n|-damage|p2a: Miruko|82\/100 tox|[from] psn\n|upkeep\n|turn|17\n|\n|t:|1701047266\n|move|p1a: Shuckle|Protect|p1a: Shuckle\n|-singleturn|p1a: Shuckle|Protect\n|move|p2a: Miruko|Close Combat|p1a: Shuckle\n|-activate|p1a: Shuckle|move: Protect\n|\n|-heal|p1a: Shuckle|80\/100 par|[from] item: Leftovers\n|-damage|p2a: Miruko|69\/100 tox|[from] psn\n|upkeep\n|turn|18\n|\n|t:|1701047276\n|switch|p2a: Tamago|Blissey, F|33\/100\n|move|p1a: Shuckle|Protect||[still]\n|-fail|p1a: Shuckle\n|\n|-heal|p1a: Shuckle|86\/100 par|[from] item: Leftovers\n|upkeep\n|turn|19\n|\n|t:|1701047283\n|move|p2a: Tamago|Soft-Boiled|p2a: Tamago\n|-heal|p2a: Tamago|83\/100\n|move|p1a: Shuckle|Toxic|p2a: Tamago|[miss]\n|-miss|p1a: Shuckle|p2a: Tamago\n|\n|-heal|p1a: Shuckle|92\/100 par|[from] item: Leftovers\n|upkeep\n|turn|20\n|\n|t:|1701047290\n|move|p2a: Tamago|Seismic Toss|p1a: Shuckle\n|-damage|p1a: Shuckle|51\/100 par\n|move|p1a: Shuckle|Toxic|p2a: Tamago\n|-status|p2a: Tamago|tox\n|\n|-heal|p1a: Shuckle|57\/100 par|[from] item: Leftovers\n|-damage|p2a: Tamago|77\/100 tox|[from] psn\n|upkeep\n|turn|21\n|\n|t:|1701047310\n|cant|p1a: Shuckle|par\n|move|p2a: Tamago|Seismic Toss|p1a: Shuckle\n|-damage|p1a: Shuckle|16\/100 par\n|\n|-heal|p1a: Shuckle|22\/100 par|[from] item: Leftovers\n|-damage|p2a: Tamago|64\/100 tox|[from] psn\n|upkeep\n|turn|22\n|\n|t:|1701047322\n|move|p1a: Shuckle|Protect|p1a: Shuckle\n|-singleturn|p1a: Shuckle|Protect\n|move|p2a: Tamago|Seismic Toss|p1a: Shuckle\n|-activate|p1a: Shuckle|move: Protect\n|\n|-heal|p1a: Shuckle|28\/100 par|[from] item: Leftovers\n|-damage|p2a: Tamago|46\/100 tox|[from] psn\n|upkeep\n|turn|23\n|\n|t:|1701047330\n|cant|p1a: Shuckle|par\n|move|p2a: Tamago|Seismic Toss|p1a: Shuckle\n|-damage|p1a: Shuckle|0 fnt\n|faint|p1a: Shuckle\n|\n|-damage|p2a: Tamago|21\/100 tox|[from] psn\n|upkeep\n|\n|t:|1701047338\n|switch|p1a: Buzzwole|Buzzwole|100\/100\n|-activate|p1a: Buzzwole|move: Sticky Web\n|-unboost|p1a: Buzzwole|spe|1\n|turn|24\n|\n|t:|1701047342\n|-curestatus|p2a: Tamago|tox|[from] ability: Natural Cure\n|switch|p2a: DemonDice|Staraptor, F|95\/100\n|-ability|p2a: DemonDice|Intimidate|boost\n|-unboost|p1a: Buzzwole|atk|1\n|move|p1a: Buzzwole|Thunder Punch|p2a: DemonDice\n|-supereffective|p2a: DemonDice\n|-damage|p2a: DemonDice|65\/100\n|-status|p2a: DemonDice|par\n|\n|upkeep\n|turn|25\n|\n|t:|1701047355\n|-terastallize|p1a: Buzzwole|Electric\n|move|p1a: Buzzwole|Thunder Punch|p2a: DemonDice\n|-supereffective|p2a: DemonDice\n|-damage|p2a: DemonDice|21\/100 par\n|move|p2a: DemonDice|Defog|p1a: Buzzwole\n|-unboost|p1a: Buzzwole|evasion|1\n|-sideend|p1: Naia_05|Sticky Web|[from] move: Defog|[of] p2a: DemonDice\n|-sideend|p2: monsterapper|Stealth Rock|[from] move: Defog|[of] p2a: DemonDice\n|-sideend|p2: monsterapper|Sticky Web|[from] move: Defog|[of] p2a: DemonDice\n|\n|upkeep\n|turn|26\n|\n|t:|1701047371\n|move|p1a: Buzzwole|Thunder Punch|p2a: DemonDice\n|-supereffective|p2a: DemonDice\n|-damage|p2a: DemonDice|0 fnt\n|faint|p2a: DemonDice\n|-ability|p1a: Buzzwole|Beast Boost|boost\n|-boost|p1a: Buzzwole|atk|1\n|\n|upkeep\n|inactive|monsterapper has 120 seconds left.\n|\n|t:|1701047399\n|switch|p2a: Shang Tsung|Ditto|94\/100 tox\n|-transform|p2a: Shang Tsung|p1a: Buzzwole|[from] ability: Imposter\n|-start|p2a: Shang Tsung|typechange|Bug\/Fighting|[silent]\n|turn|27\n|inactive|monsterapper has 120 seconds left.\n|\n|t:|1701047410\n|switch|p1a: Scizor|Scizor, M|100\/100\n|move|p2a: Shang Tsung|Ice Punch|p1a: Scizor\n|-resisted|p1a: Scizor\n|-damage|p1a: Scizor|84\/100\n|\n|-damage|p2a: Shang Tsung|88\/100 tox|[from] psn\n|upkeep\n|turn|28\n|\n|t:|1701047417\n|detailschange|p1a: Scizor|Scizor-Mega, M\n|-mega|p1a: Scizor|Scizor|Scizorite\n|move|p2a: Shang Tsung|Ice Punch|p1a: Scizor\n|-resisted|p1a: Scizor\n|-damage|p1a: Scizor|71\/100\n|move|p1a: Scizor|Swords Dance|p1a: Scizor\n|-boost|p1a: Scizor|atk|2\n|\n|-damage|p2a: Shang Tsung|76\/100 tox|[from] psn\n|upkeep\n|turn|29\n|inactive|monsterapper has 120 seconds left.\n|\n|t:|1701047441\n|switch|p2a: Tamago|Blissey, F|21\/100\n|move|p1a: Scizor|Trailblaze|p2a: Tamago\n|-damage|p2a: Tamago|0 fnt\n|-boost|p1a: Scizor|spe|1\n|faint|p2a: Tamago\n|\n|upkeep\n|\n|t:|1701047453\n|switch|p2a: Miruko|Lopunny-Mega, F|100\/100\n|turn|30\n|\n|t:|1701047459\n|move|p1a: Scizor|Bullet Punch|p2a: Miruko\n|-enditem|p2a: Miruko|Focus Sash\n|-damage|p2a: Miruko|1\/100\n|replace|p2a: E621|Zoroark-Hisui, F\n|-end|p2a: E621|Illusion\n|move|p2a: E621|Flamethrower|p1a: Scizor\n|-supereffective|p1a: Scizor\n|-damage|p1a: Scizor|0 fnt\n|faint|p1a: Scizor\n|\n|upkeep\n|\n|t:|1701047473\n|switch|p1a: Buzzwole|Buzzwole, tera:Electric|100\/100\n|turn|31\n|\n|t:|1701047482\n|-terastallize|p2a: E621|Normal\n|move|p1a: Buzzwole|Thunder Punch|p2a: E621\n|-damage|p2a: E621|0 fnt\n|faint|p2a: E621\n|-ability|p1a: Buzzwole|Beast Boost|boost\n|-boost|p1a: Buzzwole|atk|1\n|\n|upkeep\n|inactive|monsterapper has 120 seconds left.\n|c|\u2606monsterapper|scarf buzzwole?\n|\n|t:|1701047521\n|switch|p2a: Shang Tsung|Ditto|76\/100 tox\n|-transform|p2a: Shang Tsung|p1a: Buzzwole|[from] ability: Imposter\n|turn|32\n|\n|t:|1701047535\n|switch|p1a: Volcarona|Volcarona, M|100\/100\n|move|p2a: Shang Tsung|Ice Punch|p1a: Volcarona\n|-resisted|p1a: Volcarona\n|-damage|p1a: Volcarona|79\/100\n|\n|-damage|p2a: Shang Tsung|70\/100 tox|[from] psn\n|upkeep\n|turn|33\n|\n|t:|1701047546\n|switch|p2a: Miruko|Lopunny-Mega, F|69\/100 tox\n|move|p1a: Volcarona|Flamethrower|p2a: Miruko\n|-damage|p2a: Miruko|20\/100 tox\n|\n|-damage|p2a: Miruko|13\/100 tox|[from] psn\n|upkeep\n|turn|34\n|\n|t:|1701047555\n|switch|p1a: Buzzwole|Buzzwole, tera:Electric|100\/100\n|move|p2a: Miruko|Return|p1a: Buzzwole\n|-damage|p1a: Buzzwole|64\/100\n|\n|-damage|p2a: Miruko|1\/100 tox|[from] psn\n|upkeep\n|turn|35\n|\n|t:|1701047563\n|move|p1a: Buzzwole|Thunder Punch|p2a: Miruko\n|-damage|p2a: Miruko|0 fnt\n|faint|p2a: Miruko\n|-ability|p1a: Buzzwole|Beast Boost|boost\n|-boost|p1a: Buzzwole|atk|1\n|\n|upkeep\n|\n|t:|1701047568\n|switch|p2a: Shang Tsung|Ditto|70\/100 tox\n|-transform|p2a: Shang Tsung|p1a: Buzzwole|[from] ability: Imposter\n|turn|36\n|inactive|monsterapper has 120 seconds left.\n|\n|t:|1701047576\n|move|p1a: Buzzwole|Thunder Punch|p2a: Shang Tsung\n|-damage|p2a: Shang Tsung|16\/100 tox\n|move|p2a: Shang Tsung|Ice Punch|p1a: Buzzwole\n|-damage|p1a: Buzzwole|32\/100\n|\n|-damage|p2a: Shang Tsung|10\/100 tox|[from] psn\n|upkeep\n|turn|37\n|\n|t:|1701047584\n|move|p2a: Shang Tsung|Ice Punch|p1a: Buzzwole\n|-damage|p1a: Buzzwole|0 fnt\n|faint|p1a: Buzzwole\n|-ability|p2a: Shang Tsung|Beast Boost|boost\n|-boost|p2a: Shang Tsung|atk|1\n|\n|-damage|p2a: Shang Tsung|0 fnt|[from] psn\n|faint|p2a: Shang Tsung\n|\n|win|Naia_05\n|upkeep\n|raw|Naia_05's rating: 1406 &rarr; <strong>1425<\/strong><br \/>(+19 for winning)\n|raw|monsterapper's rating: 1394 &rarr; <strong>1375<\/strong><br \/>(-19 for losing)\n|l|\u2606Naia_05\n","uploadtime":1701047623,"views":2,"p1id":"naia05","p2id":"monsterapper","formatid":"gen9nationaldex","rating":1375,"private":0,"password":""}