{"id":"gen9nationaldex-1994546247","p1":"PikaTheRat","p2":"KaneWritez","format":"[Gen 9] National Dex","log":"|j|\u2606PikaTheRat\n|j|\u2606KaneWritez\n|t:|1700457643\n|gametype|singles\n|player|p1|PikaTheRat|lucas|\n|player|p2|KaneWritez|102|\n|teamsize|p1|2\n|teamsize|p2|2\n|gen|9\n|tier|[Gen 9] National Dex\n|rule|HP Percentage Mod: HP is shown in percentages\n|rule|Endless Battle Clause: Forcing endless battles is banned\n|rule|OHKO Clause: OHKO moves are banned\n|rule|Evasion Clause: Evasion abilities, items, and moves are banned\n|rule|Evasion Abilities Clause: Evasion abilities are banned\n|rule|Evasion Items Clause: Evasion items are banned\n|rule|Evasion Moves Clause: Evasion moves are banned\n|rule|Species Clause: Limit one of each Pok\u00e9mon\n|rule|Sleep Clause Mod: Limit one foe put to sleep\n|clearpoke\n|poke|p1|Bagon, L8, M|\n|poke|p1|Rockruff, L4, F|\n|poke|p2|Poliwag, L10, F|\n|poke|p2|Wooper, L7, M|\n|teampreview\n|\n|t:|1700457651\n|start\n|switch|p1a: Bagon|Bagon, L8, M|100\/100\n|switch|p2a: Poliwag|Poliwag, L10, F|100\/100\n|turn|1\n|\n|t:|1700457658\n|move|p2a: Poliwag|Double Slap|p1a: Bagon\n|-damage|p1a: Bagon|90\/100\n|-damage|p1a: Bagon|80\/100\n|-hitcount|p1a: Bagon|2\n|move|p1a: Bagon|Bite|p2a: Poliwag\n|-damage|p2a: Poliwag|75\/100\n|\n|upkeep\n|turn|2\n|\n|t:|1700457666\n|move|p2a: Poliwag|Double Slap|p1a: Bagon\n|-damage|p1a: Bagon|69\/100\n|-damage|p1a: Bagon|59\/100\n|-hitcount|p1a: Bagon|2\n|move|p1a: Bagon|Bite|p2a: Poliwag\n|-damage|p2a: Poliwag|49\/100\n|\n|upkeep\n|turn|3\n|\n|t:|1700457674\n|move|p2a: Poliwag|Double Slap|p1a: Bagon\n|-damage|p1a: Bagon|45\/100\n|-damage|p1a: Bagon|35\/100\n|-damage|p1a: Bagon|25\/100\n|-hitcount|p1a: Bagon|3\n|move|p1a: Bagon|Bite|p2a: Poliwag\n|-damage|p2a: Poliwag|23\/100\n|\n|upkeep\n|turn|4\n|\n|t:|1700457684\n|switch|p1a: Rockruff|Rockruff, L4, F|100\/100\n|move|p2a: Poliwag|Double Slap|p1a: Rockruff\n|-resisted|p1a: Rockruff\n|-crit|p1a: Rockruff\n|-damage|p1a: Rockruff|79\/100\n|-resisted|p1a: Rockruff\n|-damage|p1a: Rockruff|69\/100\n|-hitcount|p1a: Rockruff|2\n|\n|upkeep\n|turn|5\n|\n|t:|1700457694\n|move|p2a: Poliwag|Water Gun|p1a: Rockruff\n|-supereffective|p1a: Rockruff\n|-damage|p1a: Rockruff|0 fnt\n|faint|p1a: Rockruff\n|\n|upkeep\n|\n|t:|1700457700\n|switch|p1a: Bagon|Bagon, L8, M|25\/100\n|turn|6\n|\n|t:|1700457704\n|move|p2a: Poliwag|Double Slap|p1a: Bagon\n|-damage|p1a: Bagon|14\/100\n|-damage|p1a: Bagon|4\/100\n|-hitcount|p1a: Bagon|2\n|move|p1a: Bagon|Bite|p2a: Poliwag\n|-damage|p2a: Poliwag|0 fnt\n|faint|p2a: Poliwag\n|\n|upkeep\n|\n|t:|1700457713\n|switch|p2a: Wooper|Wooper, L7, M|100\/100\n|turn|7\n|\n|t:|1700457717\n|move|p1a: Bagon|Bite|p2a: Wooper\n|-damage|p2a: Wooper|62\/100\n|move|p2a: Wooper|Mud-Slap|p1a: Bagon\n|-damage|p1a: Bagon|0 fnt\n|faint|p1a: Bagon\n|\n|win|KaneWritez\n|l|\u2606KaneWritez\n","uploadtime":1700457771,"views":6,"p1id":"pikatherat","p2id":"kanewritez","formatid":"gen9nationaldex","rating":0,"private":0,"password":""}