{"id":"gen9nationaldex-1993671628","p1":"88lemurs","p2":"micasdias","format":"[Gen 9] National Dex","log":"|j|\u260688lemurs\n|j|\u2606micasdias\n|t:|1700343887\n|gametype|singles\n|player|p1|88lemurs|lucas|1030\n|player|p2|micasdias|beauty|1045\n|teamsize|p1|6\n|teamsize|p2|6\n|gen|9\n|tier|[Gen 9] National Dex\n|rated|\n|rule|HP Percentage Mod: HP is shown in percentages\n|rule|Endless Battle Clause: Forcing endless battles is banned\n|rule|OHKO Clause: OHKO moves are banned\n|rule|Evasion Clause: Evasion abilities, items, and moves are banned\n|rule|Evasion Abilities Clause: Evasion abilities are banned\n|rule|Evasion Items Clause: Evasion items are banned\n|rule|Evasion Moves Clause: Evasion moves are banned\n|rule|Species Clause: Limit one of each Pok\u00e9mon\n|rule|Sleep Clause Mod: Limit one foe put to sleep\n|clearpoke\n|poke|p1|Glimmora, M|\n|poke|p1|Meganium, F|\n|poke|p1|Tropius, M|\n|poke|p1|Haxorus, F|\n|poke|p1|Meowstic, M|\n|poke|p1|Vaporeon, M|\n|poke|p2|Gardevoir, F|\n|poke|p2|Lopunny, F|\n|poke|p2|Roserade, M|\n|poke|p2|Milotic, F|\n|poke|p2|Meloetta|\n|poke|p2|Froslass, F|\n|teampreview\n|\n|t:|1700343901\n|start\n|switch|p1a: Luma|Glimmora, M|100\/100\n|switch|p2a: Roserade|Roserade, M, shiny|100\/100\n|turn|1\n|\n|t:|1700343915\n|move|p2a: Roserade|Toxic Spikes|p1a: Luma\n|-sidestart|p1: 88lemurs|move: Toxic Spikes\n|move|p1a: Luma|Stealth Rock|p2a: Roserade\n|-sidestart|p2: micasdias|move: Stealth Rock\n|\n|upkeep\n|turn|2\n|\n|t:|1700343920\n|move|p2a: Roserade|Power Whip|p1a: Luma\n|-damage|p1a: Luma|75\/100\n|-activate|p1a: Luma|ability: Toxic Debris\n|-sidestart|p2: micasdias|move: Toxic Spikes\n|move|p1a: Luma|Toxic Spikes|p2a: Roserade\n|-sidestart|p2: micasdias|move: Toxic Spikes\n|\n|upkeep\n|turn|3\n|\n|t:|1700343928\n|move|p2a: Roserade|Toxic Spikes|p1a: Luma\n|-sidestart|p1: 88lemurs|move: Toxic Spikes\n|move|p1a: Luma|Spikes|p2a: Roserade\n|-sidestart|p2: micasdias|Spikes\n|\n|upkeep\n|turn|4\n|\n|t:|1700343934\n|move|p2a: Roserade|Toxic Spikes||[still]\n|-fail|p2a: Roserade\n|move|p1a: Luma|Mortal Spin|p2a: Roserade\n|-damage|p2a: Roserade|90\/100\n|-sideend|p1: 88lemurs|Toxic Spikes|[from] move: Mortal Spin|[of] p1a: Luma\n|\n|upkeep\n|turn|5\n|\n|t:|1700343940\n|move|p2a: Roserade|Power Whip|p1a: Luma|[miss]\n|-miss|p2a: Roserade|p1a: Luma\n|move|p1a: Luma|Spikes|p2a: Roserade\n|-sidestart|p2: micasdias|Spikes\n|\n|upkeep\n|turn|6\n|\n|t:|1700343948\n|move|p2a: Roserade|Power Whip|p1a: Luma\n|-damage|p1a: Luma|45\/100\n|move|p1a: Luma|Spikes|p2a: Roserade\n|-sidestart|p2: micasdias|Spikes\n|\n|upkeep\n|turn|7\n|\n|t:|1700343955\n|switch|p1a: Meowstic|Meowstic, M|100\/100\n|move|p2a: Roserade|Power Whip|p1a: Meowstic|[miss]\n|-miss|p2a: Roserade|p1a: Meowstic\n|\n|upkeep\n|turn|8\n|\n|t:|1700343965\n|-terastallize|p2a: Roserade|Grass\n|move|p1a: Meowstic|Reflect|p1a: Meowstic\n|-sidestart|p1: 88lemurs|Reflect\n|move|p2a: Roserade|Power Whip|p1a: Meowstic\n|-damage|p1a: Meowstic|81\/100\n|\n|upkeep\n|turn|9\n|\n|t:|1700343977\n|move|p1a: Meowstic|Thunder Wave|p2a: Roserade\n|-status|p2a: Roserade|par\n|move|p2a: Roserade|Power Whip|p1a: Meowstic\n|-damage|p1a: Meowstic|63\/100\n|\n|upkeep\n|turn|10\n|\n|t:|1700343987\n|switch|p1a: green bird|Tropius, M|100\/100\n|move|p2a: Roserade|Toxic Spikes|p1a: green bird\n|-sidestart|p1: 88lemurs|move: Toxic Spikes\n|\n|upkeep\n|turn|11\n|\n|t:|1700343999\n|switch|p1a: ark survival evol|Haxorus, F, shiny|100\/100\n|-status|p1a: ark survival evol|psn\n|-ability|p1a: ark survival evol|Mold Breaker\n|move|p2a: Roserade|Toxic||[still]\n|-fail|p2a: Roserade\n|\n|-damage|p1a: ark survival evol|88\/100 psn|[from] psn\n|upkeep\n|turn|12\n|\n|t:|1700344008\n|move|p1a: ark survival evol|Swords Dance|p1a: ark survival evol\n|-boost|p1a: ark survival evol|atk|2\n|move|p2a: Roserade|Power Whip|p1a: ark survival evol\n|-resisted|p1a: ark survival evol\n|-damage|p1a: ark survival evol|75\/100 psn\n|\n|-damage|p1a: ark survival evol|63\/100 psn|[from] psn\n|upkeep\n|turn|13\n|\n|t:|1700344019\n|move|p1a: ark survival evol|Swords Dance|p1a: ark survival evol\n|-boost|p1a: ark survival evol|atk|2\n|cant|p2a: Roserade|par\n|\n|-damage|p1a: ark survival evol|51\/100 psn|[from] psn\n|upkeep\n|turn|14\n|\n|t:|1700344029\n|move|p2a: Roserade|Power Whip|p1a: ark survival evol\n|-resisted|p1a: ark survival evol\n|-damage|p1a: ark survival evol|38\/100 psn\n|move|p1a: ark survival evol|Dragon Tail|p2a: Roserade\n|-damage|p2a: Roserade|0 fnt\n|faint|p2a: Roserade\n|-damage|p1a: ark survival evol|28\/100 psn|[from] item: Life Orb\n|\n|-damage|p1a: ark survival evol|16\/100 psn|[from] psn\n|upkeep\n|\n|t:|1700344041\n|switch|p2a: Meloetta|Meloetta|100\/100\n|-damage|p2a: Meloetta|88\/100|[from] Stealth Rock\n|-status|p2a: Meloetta|tox\n|-damage|p2a: Meloetta|63\/100 tox|[from] Spikes\n|turn|15\n|\n|t:|1700344051\n|move|p2a: Meloetta|Hyper Voice|p1a: ark survival evol\n|-enditem|p2a: Meloetta|Normal Gem|[from] gem\n|-damage|p1a: ark survival evol|0 fnt\n|faint|p1a: ark survival evol\n|\n|-damage|p2a: Meloetta|57\/100 tox|[from] psn\n|-sideend|p1: 88lemurs|Reflect\n|upkeep\n|\n|t:|1700344059\n|switch|p1a: Luma|Glimmora, M|45\/100\n|-sideend|p1: 88lemurs|move: Toxic Spikes|[of] p1a: Luma\n|turn|16\n|\n|t:|1700344067\n|switch|p1a: Meowstic|Meowstic, M|63\/100\n|move|p2a: Meloetta|Focus Blast|p1a: Meowstic\n|-resisted|p1a: Meowstic\n|-damage|p1a: Meowstic|41\/100\n|\n|-damage|p2a: Meloetta|45\/100 tox|[from] psn\n|upkeep\n|turn|17\n|\n|t:|1700344086\n|move|p1a: Meowstic|Light Screen|p1a: Meowstic\n|-sidestart|p1: 88lemurs|move: Light Screen\n|move|p2a: Meloetta|Hyper Beam|p1a: Meowstic\n|-damage|p1a: Meowstic|0 fnt\n|-mustrecharge|p2a: Meloetta\n|faint|p1a: Meowstic\n|\n|-damage|p2a: Meloetta|26\/100 tox|[from] psn\n|upkeep\n|\n|t:|1700344102\n|switch|p1a: Hydro Homie|Vaporeon, M|100\/100\n|turn|18\n|\n|t:|1700344106\n|cant|p2a: Meloetta|recharge\n|move|p1a: Hydro Homie|Calm Mind|p1a: Hydro Homie\n|-boost|p1a: Hydro Homie|spa|1\n|-boost|p1a: Hydro Homie|spd|1\n|\n|-damage|p2a: Meloetta|2\/100 tox|[from] psn\n|upkeep\n|turn|19\n|\n|t:|1700344113\n|move|p2a: Meloetta|Hyper Beam|p1a: Hydro Homie\n|-damage|p1a: Hydro Homie|82\/100\n|-mustrecharge|p2a: Meloetta\n|move|p1a: Hydro Homie|Calm Mind|p1a: Hydro Homie\n|-boost|p1a: Hydro Homie|spa|1\n|-boost|p1a: Hydro Homie|spd|1\n|\n|-heal|p1a: Hydro Homie|88\/100|[from] item: Leftovers\n|-damage|p2a: Meloetta|0 fnt|[from] psn\n|faint|p2a: Meloetta\n|upkeep\n|\n|t:|1700344128\n|switch|p2a: Froslass|Froslass, F|100\/100\n|-damage|p2a: Froslass|76\/100|[from] Stealth Rock\n|-status|p2a: Froslass|tox\n|-damage|p2a: Froslass|51\/100 tox|[from] Spikes\n|turn|20\n|\n|t:|1700344141\n|move|p2a: Froslass|Trick|p1a: Hydro Homie\n|-activate|p2a: Froslass|move: Trick|[of] p1a: Hydro Homie\n|-item|p1a: Hydro Homie|Choice Band|[from] move: Trick\n|-item|p2a: Froslass|Leftovers|[from] move: Trick\n|move|p1a: Hydro Homie|Calm Mind|p1a: Hydro Homie\n|-boost|p1a: Hydro Homie|spa|1\n|-boost|p1a: Hydro Homie|spd|1\n|\n|-heal|p2a: Froslass|57\/100 tox|[from] item: Leftovers\n|-damage|p2a: Froslass|51\/100 tox|[from] psn\n|upkeep\n|turn|21\n|\n|t:|1700344156\n|move|p2a: Froslass|Triple Axel|p1a: Hydro Homie\n|-resisted|p1a: Hydro Homie\n|-damage|p1a: Hydro Homie|85\/100\n|-resisted|p1a: Hydro Homie\n|-damage|p1a: Hydro Homie|79\/100\n|-resisted|p1a: Hydro Homie\n|-damage|p1a: Hydro Homie|70\/100\n|-hitcount|p1a: Hydro Homie|3\n|move|p1a: Hydro Homie|Calm Mind|p1a: Hydro Homie\n|-boost|p1a: Hydro Homie|spa|1\n|-boost|p1a: Hydro Homie|spd|1\n|\n|-heal|p2a: Froslass|57\/100 tox|[from] item: Leftovers\n|-damage|p2a: Froslass|45\/100 tox|[from] psn\n|upkeep\n|turn|22\n|\n|t:|1700344179\n|switch|p1a: apple|Meganium, F|100\/100\n|move|p2a: Froslass|Poltergeist|p1a: apple\n|-activate|p1a: apple|move: Poltergeist|Leftovers\n|-damage|p1a: apple|61\/100\n|\n|-heal|p2a: Froslass|51\/100 tox|[from] item: Leftovers\n|-heal|p1a: apple|67\/100|[from] item: Leftovers\n|-damage|p2a: Froslass|33\/100 tox|[from] psn\n|upkeep\n|turn|23\n|\n|t:|1700344200\n|switch|p1a: Hydro Homie|Vaporeon, M|70\/100\n|move|p2a: Froslass|Triple Axel|p1a: Hydro Homie\n|-resisted|p1a: Hydro Homie\n|-damage|p1a: Hydro Homie|67\/100\n|-resisted|p1a: Hydro Homie\n|-damage|p1a: Hydro Homie|61\/100\n|-resisted|p1a: Hydro Homie\n|-damage|p1a: Hydro Homie|52\/100\n|-hitcount|p1a: Hydro Homie|3\n|\n|-heal|p2a: Froslass|39\/100 tox|[from] item: Leftovers\n|-damage|p2a: Froslass|14\/100 tox|[from] psn\n|upkeep\n|turn|24\n|\n|t:|1700344222\n|move|p2a: Froslass|Poltergeist|p1a: Hydro Homie\n|-activate|p1a: Hydro Homie|move: Poltergeist|Choice Band\n|-damage|p1a: Hydro Homie|18\/100\n|move|p1a: Hydro Homie|Wish|p1a: Hydro Homie\n|\n|-heal|p2a: Froslass|20\/100 tox|[from] item: Leftovers\n|-damage|p2a: Froslass|0 fnt|[from] psn\n|faint|p2a: Froslass\n|-sideend|p1: 88lemurs|move: Light Screen\n|upkeep\n|\n|t:|1700344231\n|switch|p2a: Lopunny|Lopunny, F|100\/100\n|-damage|p2a: Lopunny|88\/100|[from] Stealth Rock\n|-status|p2a: Lopunny|tox\n|-damage|p2a: Lopunny|64\/100 tox|[from] Spikes\n|turn|25\n|\n|t:|1700344257\n|switch|p1a: apple|Meganium, F|67\/100\n|move|p2a: Lopunny|Hyper Voice|p1a: apple\n|-damage|p1a: apple|52\/100\n|\n|-heal|p1a: apple|100\/100|[from] move: Wish|[wisher] Hydro Homie\n|-damage|p2a: Lopunny|58\/100 tox|[from] psn\n|upkeep\n|turn|26\n|\n|t:|1700344267\n|-zpower|p2a: Lopunny\n|move|p2a: Lopunny|Breakneck Blitz|p1a: apple|[zeffect]\n|-damage|p1a: apple|73\/100\n|move|p1a: apple|Leech Seed|p2a: Lopunny\n|-start|p2a: Lopunny|move: Leech Seed\n|\n|-heal|p1a: apple|79\/100|[from] item: Leftovers\n|-damage|p2a: Lopunny|46\/100 tox|[from] Leech Seed|[of] p1a: apple\n|-heal|p1a: apple|88\/100|[silent]\n|-damage|p2a: Lopunny|34\/100 tox|[from] psn\n|upkeep\n|turn|27\n|\n|t:|1700344297\n|move|p2a: Lopunny|Last Resort||[still]\n|-fail|p2a: Lopunny\n|move|p1a: apple|Giga Drain|p2a: Lopunny\n|-damage|p2a: Lopunny|2\/100 tox\n|-heal|p1a: apple|99\/100|[from] drain|[of] p2a: Lopunny\n|\n|-heal|p1a: apple|100\/100|[from] item: Leftovers\n|-damage|p2a: Lopunny|0 fnt|[from] Leech Seed|[of] p1a: apple\n|faint|p2a: Lopunny\n|upkeep\n|\n|t:|1700344310\n|switch|p2a: Gardevoir|Gardevoir, F, shiny|100\/100\n|-damage|p2a: Gardevoir|88\/100|[from] Stealth Rock\n|-status|p2a: Gardevoir|tox\n|-damage|p2a: Gardevoir|63\/100 tox|[from] Spikes\n|-ability|p2a: Gardevoir|Overgrow|[from] ability: Trace|[of] p1a: apple\n|turn|28\n|\n|t:|1700344319\n|detailschange|p2a: Gardevoir|Gardevoir-Mega, F, shiny\n|-mega|p2a: Gardevoir|Gardevoir|Gardevoirite\n|move|p2a: Gardevoir|Mystical Fire|p1a: apple\n|-supereffective|p1a: apple\n|-damage|p1a: apple|57\/100\n|-unboost|p1a: apple|spa|1\n|move|p1a: apple|Leech Seed|p2a: Gardevoir\n|-start|p2a: Gardevoir|move: Leech Seed\n|\n|-heal|p1a: apple|63\/100|[from] item: Leftovers\n|-damage|p2a: Gardevoir|51\/100 tox|[from] Leech Seed|[of] p1a: apple\n|-heal|p1a: apple|72\/100|[silent]\n|-damage|p2a: Gardevoir|45\/100 tox|[from] psn\n|upkeep\n|turn|29\n|\n|t:|1700344337\n|move|p1a: apple|Protect|p1a: apple\n|-singleturn|p1a: apple|Protect\n|move|p2a: Gardevoir|Calm Mind|p2a: Gardevoir\n|-boost|p2a: Gardevoir|spa|1\n|-boost|p2a: Gardevoir|spd|1\n|\n|-heal|p1a: apple|78\/100|[from] item: Leftovers\n|-damage|p2a: Gardevoir|33\/100 tox|[from] Leech Seed|[of] p1a: apple\n|-heal|p1a: apple|87\/100|[silent]\n|-damage|p2a: Gardevoir|20\/100 tox|[from] psn\n|upkeep\n|turn|30\n|\n|t:|1700344357\n|switch|p1a: Luma|Glimmora, M|45\/100\n|move|p2a: Gardevoir|Mystical Fire|p1a: Luma\n|-resisted|p1a: Luma\n|-damage|p1a: Luma|25\/100\n|-unboost|p1a: Luma|spa|1\n|\n|-damage|p2a: Gardevoir|8\/100 tox|[from] Leech Seed|[of] p1a: Luma\n|-heal|p1a: Luma|34\/100|[silent]\n|-damage|p2a: Gardevoir|0 fnt|[from] psn\n|faint|p2a: Gardevoir\n|upkeep\n|\n|t:|1700344368\n|switch|p2a: Milotic|Milotic, F, shiny|100\/100\n|-damage|p2a: Milotic|88\/100|[from] Stealth Rock\n|-status|p2a: Milotic|tox\n|-damage|p2a: Milotic|63\/100 tox|[from] Spikes\n|turn|31\n|\n|t:|1700344392\n|switch|p1a: apple|Meganium, F|87\/100\n|move|p2a: Milotic|Scald|p1a: apple\n|-resisted|p1a: apple\n|-damage|p1a: apple|74\/100\n|\n|-heal|p2a: Milotic|69\/100 tox|[from] item: Leftovers\n|-heal|p1a: apple|80\/100|[from] item: Leftovers\n|-damage|p2a: Milotic|63\/100 tox|[from] psn\n|upkeep\n|turn|32\n|\n|t:|1700344406\n|move|p2a: Milotic|Ice Beam|p1a: apple\n|-supereffective|p1a: apple\n|-damage|p1a: apple|39\/100\n|move|p1a: apple|Leech Seed|p2a: Milotic\n|-start|p2a: Milotic|move: Leech Seed\n|\n|-heal|p2a: Milotic|69\/100 tox|[from] item: Leftovers\n|-heal|p1a: apple|45\/100|[from] item: Leftovers\n|-damage|p2a: Milotic|57\/100 tox|[from] Leech Seed|[of] p1a: apple\n|-heal|p1a: apple|57\/100|[silent]\n|-damage|p2a: Milotic|45\/100 tox|[from] psn\n|upkeep\n|turn|33\n|\n|t:|1700344419\n|move|p2a: Milotic|Blizzard|p1a: apple\n|-supereffective|p1a: apple\n|-damage|p1a: apple|9\/100\n|move|p1a: apple|Giga Drain|p2a: Milotic\n|-supereffective|p2a: Milotic\n|-damage|p2a: Milotic|0 fnt\n|-heal|p1a: apple|29\/100|[from] drain|[of] p2a: Milotic\n|faint|p2a: Milotic\n|\n|win|88lemurs\n|raw|88lemurs's rating: 1030 &rarr; <strong>1067<\/strong><br \/>(+37 for winning)\n|raw|micasdias's rating: 1045 &rarr; <strong>1028<\/strong><br \/>(-17 for losing)\n|c|\u2606micasdias|gg\n|l|\u2606micasdias\n","uploadtime":1700345106,"views":6,"p1id":"88lemurs","p2id":"micasdias","formatid":"gen9nationaldex","rating":1028,"private":0,"password":""}