{"id":"gen9nationaldex-1988988498","p1":"NotAnElk","p2":"Phillammon","format":"[Gen 9] National Dex","log":"|j|\u2606NotAnElk\n|j|\u2606Phillammon\n|t:|1699798961\n|gametype|singles\n|player|p1|NotAnElk|nita|\n|player|p2|Phillammon|erika|\n|teamsize|p1|6\n|teamsize|p2|6\n|gen|9\n|tier|[Gen 9] National Dex\n|rule|HP Percentage Mod: HP is shown in percentages\n|rule|Endless Battle Clause: Forcing endless battles is banned\n|rule|OHKO Clause: OHKO moves are banned\n|rule|Evasion Clause: Evasion abilities, items, and moves are banned\n|rule|Evasion Abilities Clause: Evasion abilities are banned\n|rule|Evasion Items Clause: Evasion items are banned\n|rule|Evasion Moves Clause: Evasion moves are banned\n|rule|Species Clause: Limit one of each Pok\u00e9mon\n|rule|Sleep Clause Mod: Limit one foe put to sleep\n|clearpoke\n|poke|p1|Frosmoth, F|\n|poke|p1|Iron Valiant|\n|poke|p1|Kartana|\n|poke|p1|Vanilluxe, F|\n|poke|p1|Volcarona, M|\n|poke|p1|Slurpuff, F|\n|poke|p2|Garchomp, M|\n|poke|p2|Azumarill, M|\n|poke|p2|Sneasler, M|\n|poke|p2|Greninja-*, M|\n|poke|p2|Quaquaval, F|\n|poke|p2|Hydreigon, F|\n|teampreview\n|\n|t:|1699798983\n|start\n|switch|p1a: Gender|Iron Valiant|100\/100\n|switch|p2a: Sneasler|Sneasler, M|100\/100\n|-enditem|p1a: Gender|Booster Energy\n|-activate|p1a: Gender|ability: Quark Drive|[fromitem]\n|-start|p1a: Gender|quarkdrivespe\n|turn|1\n|\n|t:|1699798997\n|-end|p1a: Gender|Quark Drive|[silent]\n|switch|p1a: Flesh Moth|Volcarona, M|100\/100\n|move|p2a: Sneasler|Fake Out|p1a: Flesh Moth\n|-enditem|p2a: Sneasler|Normal Gem|[from] gem\n|-damage|p1a: Flesh Moth|70\/100\n|-status|p2a: Sneasler|brn|[from] ability: Flame Body|[of] p1a: Flesh Moth\n|\n|-damage|p2a: Sneasler|95\/100 brn|[from] brn\n|upkeep\n|turn|2\n|\n|t:|1699799015\n|move|p2a: Sneasler|Swords Dance|p2a: Sneasler\n|-boost|p2a: Sneasler|atk|2\n|move|p1a: Flesh Moth|Quiver Dance|p1a: Flesh Moth\n|-boost|p1a: Flesh Moth|spa|1\n|-boost|p1a: Flesh Moth|spd|1\n|-boost|p1a: Flesh Moth|spe|1\n|\n|-damage|p2a: Sneasler|89\/100 brn|[from] brn\n|upkeep\n|turn|3\n|\n|t:|1699799028\n|move|p2a: Sneasler|Swords Dance|p2a: Sneasler\n|-boost|p2a: Sneasler|atk|2\n|move|p1a: Flesh Moth|Fiery Dance|p2a: Sneasler\n|-damage|p2a: Sneasler|0 fnt\n|faint|p2a: Sneasler\n|\n|upkeep\n|\n|t:|1699799053\n|switch|p2a: Quaquaval|Quaquaval, F|100\/100\n|turn|4\n|\n|t:|1699799108\n|move|p1a: Flesh Moth|Fiery Dance|p2a: Quaquaval\n|-resisted|p2a: Quaquaval\n|-damage|p2a: Quaquaval|48\/100\n|-boost|p1a: Flesh Moth|spa|1\n|move|p2a: Quaquaval|Aqua Step|p1a: Flesh Moth\n|-supereffective|p1a: Flesh Moth\n|-damage|p1a: Flesh Moth|0 fnt\n|-boost|p2a: Quaquaval|spe|1\n|-status|p2a: Quaquaval|brn|[from] ability: Flame Body|[of] p1a: Flesh Moth\n|faint|p1a: Flesh Moth\n|-ability|p2a: Quaquaval|Moxie|boost\n|-boost|p2a: Quaquaval|atk|1\n|\n|-damage|p2a: Quaquaval|42\/100 brn|[from] brn\n|upkeep\n|\n|t:|1699799131\n|switch|p1a: Gender|Iron Valiant|100\/100\n|turn|5\n|\n|t:|1699799146\n|move|p2a: Quaquaval|Aqua Step|p1a: Gender\n|-crit|p1a: Gender\n|-damage|p1a: Gender|44\/100\n|-boost|p2a: Quaquaval|spe|1\n|move|p1a: Gender|Moonblast|p2a: Quaquaval\n|-supereffective|p2a: Quaquaval\n|-damage|p2a: Quaquaval|0 fnt\n|faint|p2a: Quaquaval\n|\n|upkeep\n|\n|t:|1699799168\n|switch|p2a: Greninja|Greninja, M|100\/100\n|turn|6\n|\n|t:|1699799182\n|-end|p1a: Gender|Quark Drive|[silent]\n|switch|p1a: Me|Frosmoth, F|100\/100\n|-terastallize|p2a: Greninja|Water\n|move|p2a: Greninja|Surf|p1a: Me\n|-damage|p1a: Me|56\/100\n|-damage|p2a: Greninja|91\/100|[from] item: Life Orb\n|\n|upkeep\n|turn|7\n|\n|t:|1699799242\n|move|p2a: Greninja|Surf|p1a: Me\n|-damage|p1a: Me|7\/100\n|-damage|p2a: Greninja|81\/100|[from] item: Life Orb\n|move|p1a: Me|Bug Buzz|p2a: Greninja\n|-damage|p2a: Greninja|4\/100\n|-unboost|p2a: Greninja|spd|1\n|\n|upkeep\n|turn|8\n|\n|t:|1699799253\n|move|p2a: Greninja|Surf|p1a: Me\n|-damage|p1a: Me|0 fnt\n|faint|p1a: Me\n|-ability|p2a: Greninja|Battle Bond|boost\n|-boost|p2a: Greninja|atk|1\n|-boost|p2a: Greninja|spa|1\n|-boost|p2a: Greninja|spe|1\n|-activate|p2a: Greninja|ability: Battle Bond\n|-damage|p2a: Greninja|0 fnt|[from] item: Life Orb\n|faint|p2a: Greninja\n|\n|upkeep\n|\n|t:|1699799272\n|switch|p2a: Garchomp|Garchomp, M|100\/100\n|switch|p1a: The Twins|Vanilluxe, F|100\/100\n|-weather|Snow|[from] ability: Snow Warning|[of] p1a: The Twins\n|turn|9\n|\n|t:|1699799282\n|move|p2a: Garchomp|Earthquake|p1a: The Twins\n|-damage|p1a: The Twins|49\/100\n|move|p1a: The Twins|Aurora Veil|p1a: The Twins\n|-sidestart|p1: NotAnElk|move: Aurora Veil\n|\n|-weather|Snow|[upkeep]\n|upkeep\n|turn|10\n|\n|t:|1699799291\n|move|p2a: Garchomp|Stealth Rock|p1a: The Twins\n|-sidestart|p1: NotAnElk|move: Stealth Rock\n|move|p1a: The Twins|Blizzard|p2a: Garchomp\n|-supereffective|p2a: Garchomp\n|-damage|p2a: Garchomp|0 fnt\n|faint|p2a: Garchomp\n|\n|-weather|Snow|[upkeep]\n|upkeep\n|\n|t:|1699799304\n|switch|p2a: Hydreigon|Hydreigon, F|100\/100\n|turn|11\n|\n|t:|1699799307\n|move|p2a: Hydreigon|Fire Blast|p1a: The Twins\n|-supereffective|p1a: The Twins\n|-crit|p1a: The Twins\n|-damage|p1a: The Twins|0 fnt\n|faint|p1a: The Twins\n|\n|-weather|Snow|[upkeep]\n|upkeep\n|\n|t:|1699799317\n|switch|p1a: Just a lil' guy|Slurpuff, F|100\/100\n|-damage|p1a: Just a lil' guy|88\/100|[from] Stealth Rock\n|turn|12\n|\n|t:|1699799322\n|switch|p2a: Azumarill|Azumarill, M|100\/100\n|-terastallize|p1a: Just a lil' guy|Fighting\n|move|p1a: Just a lil' guy|Belly Drum|p1a: Just a lil' guy\n|-damage|p1a: Just a lil' guy|38\/100\n|-setboost|p1a: Just a lil' guy|atk|6|[from] move: Belly Drum\n|-enditem|p1a: Just a lil' guy|Sitrus Berry|[eat]\n|-heal|p1a: Just a lil' guy|63\/100|[from] item: Sitrus Berry\n|\n|-weather|Snow|[upkeep]\n|upkeep\n|turn|13\n|\n|t:|1699799337\n|move|p1a: Just a lil' guy|Play Rough|p2a: Azumarill\n|-damage|p2a: Azumarill|0 fnt\n|faint|p2a: Azumarill\n|\n|-weather|none\n|upkeep\n|\n|t:|1699799342\n|switch|p2a: Hydreigon|Hydreigon, F|100\/100\n|turn|14\n|\n|t:|1699799357\n|move|p1a: Just a lil' guy|Drain Punch|p2a: Hydreigon\n|-supereffective|p2a: Hydreigon\n|-damage|p2a: Hydreigon|0 fnt\n|-heal|p1a: Just a lil' guy|100\/100|[from] drain|[of] p2a: Hydreigon\n|faint|p2a: Hydreigon\n|\n|win|NotAnElk\n|c|\u2606NotAnElk|gg\n","uploadtime":1699799365,"views":26,"p1id":"notanelk","p2id":"phillammon","formatid":"gen9nationaldex","rating":0,"private":0,"password":""}