{"id":"gen9nationaldex-1998738868","p1":"AN0MALY_USER_666","p2":"theedevyn","format":"[Gen 9] National Dex","log":"|html|<div class=\"broadcast-blue\"><strong>[Gen 9] National Dex is currently suspecting Sneasler! For information on how to participate check out the <a href=\"https:\/\/www.smogon.com\/forums\/threads\/sv-national-dex-suspect-8-just-dance.3731534\/\">suspect thread<\/a>.<\/strong><\/div>\n|j|\u2606AN0MALY_USER_666\n|j|\u2606theedevyn\n|t:|1700980891\n|gametype|singles\n|player|p1|AN0MALY_USER_666|unknown|1017\n|player|p2|theedevyn|pokemonbreeder-gen4|1073\n|teamsize|p1|6\n|teamsize|p2|6\n|gen|9\n|tier|[Gen 9] National Dex\n|rated|\n|rule|HP Percentage Mod: HP is shown in percentages\n|rule|Endless Battle Clause: Forcing endless battles is banned\n|rule|OHKO Clause: OHKO moves are banned\n|rule|Evasion Clause: Evasion abilities, items, and moves are banned\n|rule|Evasion Abilities Clause: Evasion abilities are banned\n|rule|Evasion Items Clause: Evasion items are banned\n|rule|Evasion Moves Clause: Evasion moves are banned\n|rule|Species Clause: Limit one of each Pok\u00e9mon\n|rule|Sleep Clause Mod: Limit one foe put to sleep\n|clearpoke\n|poke|p1|Garganacl, M|\n|poke|p1|Ogerpon-Cornerstone, F|\n|poke|p1|Kleavor, M|\n|poke|p1|Avalugg-Hisui, M|\n|poke|p1|Aggron, M|\n|poke|p1|Aerodactyl, M|\n|poke|p2|Mawile, F|\n|poke|p2|Blissey, F|\n|poke|p2|Haxorus, F|\n|poke|p2|Armarouge, M|\n|poke|p2|Ampharos, F|\n|poke|p2|Wyrdeer, F|\n|teampreview\n|inactive|Battle timer is ON: inactive players will automatically lose when time's up. (requested by AN0MALY_USER_666)\n|\n|t:|1700980902\n|start\n|switch|p1a: Garganacl|Garganacl, M|100\/100\n|switch|p2a: Ampharos|Ampharos, F, shiny|100\/100\n|turn|1\n|\n|t:|1700980924\n|switch|p2a: haymitch abernathy|Haxorus, F|100\/100\n|-ability|p2a: haymitch abernathy|Mold Breaker\n|move|p1a: Garganacl|Stealth Rock|p2a: haymitch abernathy\n|-sidestart|p2: theedevyn|move: Stealth Rock\n|\n|upkeep\n|turn|2\n|\n|t:|1700980930\n|move|p2a: haymitch abernathy|Dragon Dance|p2a: haymitch abernathy\n|-boost|p2a: haymitch abernathy|atk|1\n|-boost|p2a: haymitch abernathy|spe|1\n|move|p1a: Garganacl|Salt Cure|p2a: haymitch abernathy\n|-damage|p2a: haymitch abernathy|84\/100\n|-start|p2a: haymitch abernathy|Salt Cure\n|\n|-damage|p2a: haymitch abernathy|71\/100|[from] Salt Cure\n|upkeep\n|turn|3\n|\n|t:|1700980935\n|move|p2a: haymitch abernathy|Iron Head|p1a: Garganacl\n|-supereffective|p1a: Garganacl\n|-damage|p1a: Garganacl|33\/100\n|move|p1a: Garganacl|Curse|p1a: Garganacl\n|-unboost|p1a: Garganacl|spe|1\n|-boost|p1a: Garganacl|atk|1\n|-boost|p1a: Garganacl|def|1\n|\n|-heal|p1a: Garganacl|39\/100|[from] item: Leftovers\n|-damage|p2a: haymitch abernathy|59\/100|[from] Salt Cure\n|upkeep\n|turn|4\n|\n|t:|1700980939\n|move|p2a: haymitch abernathy|Iron Head|p1a: Garganacl\n|-supereffective|p1a: Garganacl\n|-damage|p1a: Garganacl|0 fnt\n|faint|p1a: Garganacl\n|\n|-damage|p2a: haymitch abernathy|47\/100|[from] Salt Cure\n|upkeep\n|\n|t:|1700980945\n|switch|p1a: Ogerpon|Ogerpon-Cornerstone, F|100\/100\n|turn|5\n|\n|t:|1700980956\n|switch|p2a: Ampharos|Ampharos, F, shiny|100\/100\n|-damage|p2a: Ampharos|88\/100|[from] Stealth Rock\n|move|p1a: Ogerpon|Trailblaze|p2a: Ampharos\n|-damage|p2a: Ampharos|55\/100\n|-boost|p1a: Ogerpon|spe|1\n|-status|p1a: Ogerpon|par|[from] ability: Static|[of] p2a: Ampharos\n|\n|upkeep\n|turn|6\n|\n|t:|1700980964\n|cant|p1a: Ogerpon|par\n|move|p2a: Ampharos|Cotton Guard|p2a: Ampharos\n|-boost|p2a: Ampharos|def|3\n|\n|upkeep\n|turn|7\n|\n|t:|1700980968\n|move|p1a: Ogerpon|Sandstorm|p1a: Ogerpon\n|-weather|Sandstorm\n|move|p2a: Ampharos|Cotton Guard|p2a: Ampharos\n|-boost|p2a: Ampharos|def|3\n|\n|-weather|Sandstorm|[upkeep]\n|-damage|p2a: Ampharos|49\/100|[from] Sandstorm\n|upkeep\n|turn|8\n|\n|t:|1700980975\n|move|p1a: Ogerpon|Trailblaze|p2a: Ampharos\n|-damage|p2a: Ampharos|41\/100\n|-boost|p1a: Ogerpon|spe|1\n|move|p2a: Ampharos|Charge|p2a: Ampharos\n|-boost|p2a: Ampharos|spd|1\n|-start|p2a: Ampharos|Charge\n|\n|-weather|Sandstorm|[upkeep]\n|-damage|p2a: Ampharos|35\/100|[from] Sandstorm\n|upkeep\n|turn|9\n|\n|t:|1700980983\n|move|p1a: Ogerpon|Trailblaze|p2a: Ampharos\n|-damage|p2a: Ampharos|28\/100\n|-boost|p1a: Ogerpon|spe|1\n|move|p2a: Ampharos|Thunderbolt|p1a: Ogerpon\n|-resisted|p1a: Ogerpon\n|-damage|p1a: Ogerpon|75\/100 par\n|-end|p2a: Ampharos|Charge|[silent]\n|\n|-weather|Sandstorm|[upkeep]\n|-damage|p2a: Ampharos|22\/100|[from] Sandstorm\n|upkeep\n|turn|10\n|\n|t:|1700980991\n|move|p1a: Ogerpon|Ivy Cudgel|p2a: Ampharos|[anim] Ivy Cudgel Rock\n|-crit|p2a: Ampharos\n|-damage|p2a: Ampharos|0 fnt\n|faint|p2a: Ampharos\n|\n|-weather|Sandstorm|[upkeep]\n|upkeep\n|\n|t:|1700981005\n|switch|p2a: katniss everdeen|Mawile, F|100\/100\n|-damage|p2a: katniss everdeen|95\/100|[from] Stealth Rock\n|-ability|p2a: katniss everdeen|Intimidate|boost\n|-unboost|p1a: Ogerpon|atk|1\n|turn|11\n|\n|t:|1700981011\n|detailschange|p2a: katniss everdeen|Mawile-Mega, F\n|-mega|p2a: katniss everdeen|Mawile|Mawilite\n|cant|p1a: Ogerpon|par\n|move|p2a: katniss everdeen|Play Rough|p1a: Ogerpon\n|-damage|p1a: Ogerpon|0 fnt\n|faint|p1a: Ogerpon\n|\n|-weather|none\n|upkeep\n|\n|t:|1700981023\n|switch|p1a: Aerodactyl|Aerodactyl, M|100\/100\n|-ability|p1a: Aerodactyl|Pressure\n|turn|12\n|\n|t:|1700981027\n|detailschange|p1a: Aerodactyl|Aerodactyl-Mega, M\n|-mega|p1a: Aerodactyl|Aerodactyl|Aerodactylite\n|move|p1a: Aerodactyl|Aqua Tail|p2a: katniss everdeen\n|-damage|p2a: katniss everdeen|55\/100\n|move|p2a: katniss everdeen|Play Rough|p1a: Aerodactyl\n|-damage|p1a: Aerodactyl|0 fnt\n|faint|p1a: Aerodactyl\n|\n|upkeep\n|\n|t:|1700981034\n|switch|p1a: Avalugg|Avalugg-Hisui, M|100\/100\n|turn|13\n|\n|t:|1700981040\n|move|p2a: katniss everdeen|Play Rough|p1a: Avalugg\n|-damage|p1a: Avalugg|53\/100\n|move|p1a: Avalugg|Avalanche|p2a: katniss everdeen\n|-resisted|p2a: katniss everdeen\n|-damage|p2a: katniss everdeen|29\/100\n|\n|upkeep\n|turn|14\n|\n|t:|1700981053\n|switch|p2a: peeta mellark|Armarouge, M|100\/100\n|-damage|p2a: peeta mellark|76\/100|[from] Stealth Rock\n|move|p1a: Avalugg|Avalanche|p2a: peeta mellark\n|-resisted|p2a: peeta mellark\n|-damage|p2a: peeta mellark|63\/100\n|-ability|p2a: peeta mellark|Weak Armor|boost\n|-unboost|p2a: peeta mellark|def|1\n|-boost|p2a: peeta mellark|spe|2\n|\n|upkeep\n|turn|15\n|\n|t:|1700981063\n|move|p2a: peeta mellark|Iron Defense|p2a: peeta mellark\n|-boost|p2a: peeta mellark|def|2\n|move|p1a: Avalugg|Rock Tomb|p2a: peeta mellark\n|-supereffective|p2a: peeta mellark\n|-damage|p2a: peeta mellark|30\/100\n|-unboost|p2a: peeta mellark|spe|1\n|-ability|p2a: peeta mellark|Weak Armor|boost\n|-unboost|p2a: peeta mellark|def|1\n|-boost|p2a: peeta mellark|spe|2\n|-enditem|p2a: peeta mellark|Weakness Policy\n|-boost|p2a: peeta mellark|atk|2|[from] item: Weakness Policy\n|-boost|p2a: peeta mellark|spa|2|[from] item: Weakness Policy\n|\n|upkeep\n|turn|16\n|\n|t:|1700981076\n|move|p2a: peeta mellark|Stored Power|p1a: Avalugg\n|-damage|p1a: Avalugg|0 fnt\n|faint|p1a: Avalugg\n|\n|upkeep\n|\n|t:|1700981079\n|switch|p1a: Kleavor|Kleavor, M|100\/100\n|turn|17\n|\n|t:|1700981084\n|move|p2a: peeta mellark|Stored Power|p1a: Kleavor\n|-enditem|p1a: Kleavor|Focus Sash\n|-damage|p1a: Kleavor|1\/100\n|move|p1a: Kleavor|X-Scissor|p2a: peeta mellark\n|-damage|p2a: peeta mellark|0 fnt\n|faint|p2a: peeta mellark\n|\n|upkeep\n|\n|t:|1700981088\n|switch|p2a: katniss everdeen|Mawile-Mega, F|29\/100\n|-damage|p2a: katniss everdeen|23\/100|[from] Stealth Rock\n|turn|18\n|\n|t:|1700981093\n|move|p2a: katniss everdeen|Sucker Punch|p1a: Kleavor\n|-damage|p1a: Kleavor|0 fnt\n|faint|p1a: Kleavor\n|\n|upkeep\n|\n|t:|1700981096\n|switch|p1a: Aggron|Aggron, M|100\/100\n|turn|19\n|\n|t:|1700981100\n|move|p1a: Aggron|Autotomize|p1a: Aggron\n|-boost|p1a: Aggron|spe|2\n|-start|p1a: Aggron|Autotomize\n|move|p2a: katniss everdeen|Play Rough|p1a: Aggron\n|-resisted|p1a: Aggron\n|-damage|p1a: Aggron|75\/100\n|\n|-heal|p1a: Aggron|81\/100|[from] item: Leftovers\n|upkeep\n|turn|20\n|\n|t:|1700981108\n|move|p2a: katniss everdeen|Sucker Punch||[still]\n|-fail|p2a: katniss everdeen\n|move|p1a: Aggron|Autotomize|p1a: Aggron\n|-boost|p1a: Aggron|spe|2\n|-start|p1a: Aggron|Autotomize\n|\n|-heal|p1a: Aggron|87\/100|[from] item: Leftovers\n|upkeep\n|turn|21\n|\n|t:|1700981111\n|move|p1a: Aggron|Hone Claws|p1a: Aggron\n|-boost|p1a: Aggron|atk|1\n|-boost|p1a: Aggron|accuracy|1\n|move|p2a: katniss everdeen|Fire Fang|p1a: Aggron\n|-damage|p1a: Aggron|63\/100\n|\n|-heal|p1a: Aggron|69\/100|[from] item: Leftovers\n|upkeep\n|turn|22\n|\n|t:|1700981117\n|-terastallize|p1a: Aggron|Steel\n|move|p1a: Aggron|Iron Tail|p2a: katniss everdeen\n|-damage|p2a: katniss everdeen|0 fnt\n|faint|p2a: katniss everdeen\n|\n|-heal|p1a: Aggron|75\/100|[from] item: Leftovers\n|upkeep\n|\n|t:|1700981123\n|switch|p2a: haymitch abernathy|Haxorus, F|47\/100\n|-damage|p2a: haymitch abernathy|35\/100|[from] Stealth Rock\n|-ability|p2a: haymitch abernathy|Mold Breaker\n|turn|23\n|\n|t:|1700981136\n|-terastallize|p2a: haymitch abernathy|Steel\n|move|p1a: Aggron|Iron Tail|p2a: haymitch abernathy\n|-resisted|p2a: haymitch abernathy\n|-damage|p2a: haymitch abernathy|0 fnt\n|faint|p2a: haymitch abernathy\n|\n|-heal|p1a: Aggron|81\/100|[from] item: Leftovers\n|upkeep\n|\n|t:|1700981145\n|switch|p2a: effie trinket|Blissey, F|100\/100\n|-damage|p2a: effie trinket|88\/100|[from] Stealth Rock\n|turn|24\n|\n|t:|1700981152\n|move|p1a: Aggron|Head Smash|p2a: effie trinket\n|-damage|p2a: effie trinket|0 fnt\n|faint|p2a: effie trinket\n|\n|-heal|p1a: Aggron|87\/100|[from] item: Leftovers\n|upkeep\n|\n|t:|1700981154\n|switch|p2a: Wyrdeer|Wyrdeer, F|100\/100\n|-damage|p2a: Wyrdeer|88\/100|[from] Stealth Rock\n|turn|25\n|\n|t:|1700981174\n|move|p1a: Aggron|Iron Tail|p2a: Wyrdeer\n|-crit|p2a: Wyrdeer\n|-damage|p2a: Wyrdeer|0 fnt\n|faint|p2a: Wyrdeer\n|\n|win|AN0MALY_USER_666\n|raw|AN0MALY_USER_666's rating: 1017 &rarr; <strong>1060<\/strong><br \/>(+43 for winning)\n|raw|theedevyn's rating: 1073 &rarr; <strong>1049<\/strong><br \/>(-24 for losing)\n|l|\u2606theedevyn\n","uploadtime":1700981180,"views":1,"p1id":"an0malyuser666","p2id":"theedevyn","formatid":"gen9nationaldex","rating":1049,"private":0,"password":""}