{"id":"gen9nationaldex-1993352110","p1":"plasma_fistem","p2":"DeathRayKPK","format":"[Gen 9] National Dex","log":"|j|\u2606plasma_fistem\n|j|\u2606DeathRayKPK\n|t:|1700304166\n|gametype|singles\n|player|p1|plasma_fistem|hugh|\n|player|p2|DeathRayKPK|170|\n|teamsize|p1|6\n|teamsize|p2|6\n|gen|9\n|tier|[Gen 9] National Dex\n|rule|HP Percentage Mod: HP is shown in percentages\n|rule|Endless Battle Clause: Forcing endless battles is banned\n|rule|OHKO Clause: OHKO moves are banned\n|rule|Evasion Clause: Evasion abilities, items, and moves are banned\n|rule|Evasion Abilities Clause: Evasion abilities are banned\n|rule|Evasion Items Clause: Evasion items are banned\n|rule|Evasion Moves Clause: Evasion moves are banned\n|rule|Species Clause: Limit one of each Pok\u00e9mon\n|rule|Sleep Clause Mod: Limit one foe put to sleep\n|clearpoke\n|poke|p1|Clodsire, M|\n|poke|p1|Okidogi, M|\n|poke|p1|Weezing-Galar, M|\n|poke|p1|Iron Moth|\n|poke|p1|Skuntank, F|\n|poke|p1|Sneasler, F|\n|poke|p2|Clefable, F|\n|poke|p2|Ogerpon-Wellspring, F|\n|poke|p2|Heatran, F|\n|poke|p2|Zapdos|\n|poke|p2|Volcarona, F|\n|poke|p2|Garganacl, M|\n|teampreview\n|inactive|Battle timer is ON: inactive players will automatically lose when time's up. (requested by plasma_fistem)\n|c|\u2606DeathRayKPK|glhf\n|c|\u2606plasma_fistem|glhf\n|inactive|DeathRayKPK has 270 seconds left.\n|\n|t:|1700304198\n|start\n|switch|p1a: Skuntank|Skuntank, F|100\/100\n|switch|p2a: Volcarona|Volcarona, F|100\/100\n|turn|1\n|inactive|DeathRayKPK has 270 seconds left.\n|j| DracoShivam\n|\n|t:|1700304239\n|switch|p2a: Garganacl|Garganacl, M|100\/100\n|move|p1a: Skuntank|Knock Off|p2a: Garganacl\n|-damage|p2a: Garganacl|67\/100\n|-enditem|p2a: Garganacl|Leftovers|[from] move: Knock Off|[of] p1a: Skuntank\n|-damage|p1a: Skuntank|91\/100|[from] item: Life Orb\n|\n|upkeep\n|turn|2\n|inactive|plasma_fistem has 270 seconds left.\n|\n|t:|1700304278\n|move|p1a: Skuntank|Trailblaze|p2a: Garganacl\n|-supereffective|p2a: Garganacl\n|-damage|p2a: Garganacl|42\/100\n|-boost|p1a: Skuntank|spe|1\n|-damage|p1a: Skuntank|81\/100|[from] item: Life Orb\n|move|p2a: Garganacl|Recover|p2a: Garganacl\n|-heal|p2a: Garganacl|92\/100\n|\n|upkeep\n|turn|3\n|inactive|plasma_fistem has 270 seconds left.\n|\n|t:|1700304292\n|switch|p1a: Okidogi|Okidogi, M|100\/100\n|move|p2a: Garganacl|Earthquake|p1a: Okidogi\n|-supereffective|p1a: Okidogi\n|-damage|p1a: Okidogi|66\/100\n|\n|upkeep\n|turn|4\n|inactive|plasma_fistem has 270 seconds left.\n|inactive|DeathRayKPK has 240 seconds left.\n|\n|t:|1700304334\n|switch|p2a: Zapdos|Zapdos|100\/100\n|move|p1a: Okidogi|Bulk Up|p1a: Okidogi\n|-boost|p1a: Okidogi|atk|1\n|-boost|p1a: Okidogi|def|1\n|\n|upkeep\n|turn|5\n|\n|t:|1700304342\n|switch|p1a: Clodsire|Clodsire, M|100\/100\n|move|p2a: Zapdos|Hurricane|p1a: Clodsire\n|-damage|p1a: Clodsire|74\/100\n|\n|-heal|p1a: Clodsire|81\/100|[from] item: Leftovers\n|upkeep\n|turn|6\n|\n|t:|1700304359\n|switch|p2a: Garganacl|Garganacl, M|92\/100\n|move|p1a: Clodsire|Yawn|p2a: Garganacl\n|-immune|p2a: Garganacl|[from] ability: Purifying Salt\n|\n|-heal|p1a: Clodsire|87\/100|[from] item: Leftovers\n|upkeep\n|turn|7\n|\n|t:|1700304368\n|move|p2a: Garganacl|Stealth Rock|p1a: Clodsire\n|-sidestart|p1: plasma_fistem|move: Stealth Rock\n|move|p1a: Clodsire|Earthquake|p2a: Garganacl\n|-supereffective|p2a: Garganacl\n|-damage|p2a: Garganacl|51\/100\n|\n|-heal|p1a: Clodsire|93\/100|[from] item: Leftovers\n|upkeep\n|turn|8\n|\n|t:|1700304380\n|move|p2a: Garganacl|Recover|p2a: Garganacl\n|-heal|p2a: Garganacl|100\/100\n|move|p1a: Clodsire|Earthquake|p2a: Garganacl\n|-supereffective|p2a: Garganacl\n|-damage|p2a: Garganacl|66\/100\n|\n|-heal|p1a: Clodsire|99\/100|[from] item: Leftovers\n|upkeep\n|turn|9\n|inactive|DeathRayKPK has 240 seconds left.\n|\n|t:|1700304390\n|switch|p1a: Okidogi|Okidogi, M|66\/100\n|-damage|p1a: Okidogi|60\/100|[from] Stealth Rock\n|move|p2a: Garganacl|Earthquake|p1a: Okidogi\n|-supereffective|p1a: Okidogi\n|-damage|p1a: Okidogi|29\/100\n|\n|upkeep\n|turn|10\n|inactive|DeathRayKPK has 240 seconds left.\n|\n|t:|1700304418\n|switch|p2a: Zapdos|Zapdos|100\/100\n|move|p1a: Okidogi|Drain Punch|p2a: Zapdos\n|-resisted|p2a: Zapdos\n|-damage|p2a: Zapdos|87\/100\n|-heal|p1a: Okidogi|36\/100|[from] drain|[of] p2a: Zapdos\n|-status|p1a: Okidogi|par|[from] ability: Static|[of] p2a: Zapdos\n|-status|p2a: Zapdos|tox|[from] ability: Toxic Chain|[of] p1a: Okidogi\n|\n|-damage|p2a: Zapdos|81\/100 tox|[from] psn\n|upkeep\n|turn|11\n|inactive|DeathRayKPK has 210 seconds left.\n|\n|t:|1700304445\n|switch|p1a: Clodsire|Clodsire, M|99\/100\n|-damage|p1a: Clodsire|93\/100|[from] Stealth Rock\n|move|p2a: Zapdos|Hurricane|p1a: Clodsire|[miss]\n|-miss|p2a: Zapdos|p1a: Clodsire\n|\n|-heal|p1a: Clodsire|99\/100|[from] item: Leftovers\n|-damage|p2a: Zapdos|69\/100 tox|[from] psn\n|upkeep\n|turn|12\n|inactive|DeathRayKPK has 210 seconds left.\n|\n|t:|1700304458\n|switch|p2a: Clefable-Hisui|Clefable, F, shiny|100\/100\n|move|p1a: Clodsire|Earthquake|p2a: Clefable-Hisui\n|-damage|p2a: Clefable-Hisui|79\/100\n|\n|-heal|p2a: Clefable-Hisui|85\/100|[from] item: Leftovers\n|-heal|p1a: Clodsire|100\/100|[from] item: Leftovers\n|upkeep\n|turn|13\n|\n|t:|1700304468\n|move|p2a: Clefable-Hisui|Aromatherapy|p2a: Clefable-Hisui\n|-activate|p2a: Clefable-Hisui|move: Aromatherapy\n|-curestatus|p2: Zapdos|tox|[msg]\n|move|p1a: Clodsire|Poison Jab|p2a: Clefable-Hisui\n|-supereffective|p2a: Clefable-Hisui\n|-damage|p2a: Clefable-Hisui|50\/100\n|\n|-heal|p2a: Clefable-Hisui|56\/100|[from] item: Leftovers\n|upkeep\n|turn|14\n|inactive|DeathRayKPK has 210 seconds left.\n|\n|t:|1700304484\n|move|p2a: Clefable-Hisui|Wish|p2a: Clefable-Hisui\n|move|p1a: Clodsire|Poison Jab|p2a: Clefable-Hisui\n|-supereffective|p2a: Clefable-Hisui\n|-damage|p2a: Clefable-Hisui|21\/100\n|\n|-heal|p2a: Clefable-Hisui|27\/100|[from] item: Leftovers\n|upkeep\n|turn|15\n|\n|t:|1700304502\n|move|p2a: Clefable-Hisui|Protect|p2a: Clefable-Hisui\n|-singleturn|p2a: Clefable-Hisui|Protect\n|move|p1a: Clodsire|Poison Jab|p2a: Clefable-Hisui\n|-activate|p2a: Clefable-Hisui|move: Protect\n|\n|-heal|p2a: Clefable-Hisui|77\/100|[from] move: Wish|[wisher] Clefable-Hisui\n|-heal|p2a: Clefable-Hisui|83\/100|[from] item: Leftovers\n|upkeep\n|turn|16\n|inactive|DeathRayKPK has 210 seconds left.\n|\n|t:|1700304544\n|switch|p2a: Zapdos|Zapdos|69\/100\n|move|p1a: Clodsire|Yawn|p2a: Zapdos\n|-start|p2a: Zapdos|move: Yawn|[of] p1a: Clodsire\n|\n|upkeep\n|turn|17\n|inactive|DeathRayKPK has 180 seconds left.\n|inactive|DeathRayKPK has 150 seconds left.\n|\n|t:|1700304590\n|switch|p2a: Volcarona|Volcarona, F|100\/100\n|move|p1a: Clodsire|Earthquake|p2a: Volcarona\n|-damage|p2a: Volcarona|77\/100\n|\n|upkeep\n|turn|18\n|\n|t:|1700304599\n|move|p2a: Volcarona|Fiery Dance|p1a: Clodsire\n|-damage|p1a: Clodsire|81\/100\n|-boost|p2a: Volcarona|spa|1\n|move|p1a: Clodsire|Yawn|p2a: Volcarona\n|-start|p2a: Volcarona|move: Yawn|[of] p1a: Clodsire\n|\n|-heal|p1a: Clodsire|87\/100|[from] item: Leftovers\n|upkeep\n|turn|19\n|inactive|DeathRayKPK has 150 seconds left.\n|\n|t:|1700304619\n|switch|p2a: Garganacl|Garganacl, M|66\/100\n|move|p1a: Clodsire|Earthquake|p2a: Garganacl\n|-supereffective|p2a: Garganacl\n|-damage|p2a: Garganacl|29\/100\n|\n|-heal|p1a: Clodsire|93\/100|[from] item: Leftovers\n|upkeep\n|turn|20\n|inactive|DeathRayKPK has 150 seconds left.\n|\n|t:|1700304631\n|move|p2a: Garganacl|Recover|p2a: Garganacl\n|-heal|p2a: Garganacl|79\/100\n|move|p1a: Clodsire|Earthquake|p2a: Garganacl\n|-supereffective|p2a: Garganacl\n|-damage|p2a: Garganacl|44\/100\n|\n|-heal|p1a: Clodsire|99\/100|[from] item: Leftovers\n|upkeep\n|turn|21\n|inactive|DeathRayKPK has 150 seconds left.\n|\n|t:|1700304656\n|move|p2a: Garganacl|Recover|p2a: Garganacl\n|-heal|p2a: Garganacl|95\/100\n|move|p1a: Clodsire|Earthquake|p2a: Garganacl\n|-supereffective|p2a: Garganacl\n|-damage|p2a: Garganacl|55\/100\n|\n|-heal|p1a: Clodsire|100\/100|[from] item: Leftovers\n|upkeep\n|turn|22\n|inactive|plasma_fistem has 270 seconds left.\n|\n|t:|1700304704\n|switch|p2a: Zapdos|Zapdos|69\/100\n|move|p1a: Clodsire|Earthquake|p2a: Zapdos\n|-immune|p2a: Zapdos\n|\n|upkeep\n|turn|23\n|inactive|DeathRayKPK has 120 seconds left.\n|\n|t:|1700304738\n|switch|p2a: Garganacl|Garganacl, M|55\/100\n|move|p1a: Clodsire|Poison Jab|p2a: Garganacl\n|-resisted|p2a: Garganacl\n|-damage|p2a: Garganacl|47\/100\n|\n|upkeep\n|turn|24\n|inactive|plasma_fistem has 270 seconds left.\n|\n|t:|1700304752\n|switch|p1a: Okidogi|Okidogi, M|36\/100 par\n|-damage|p1a: Okidogi|30\/100 par|[from] Stealth Rock\n|move|p2a: Garganacl|Recover|p2a: Garganacl\n|-heal|p2a: Garganacl|98\/100\n|\n|upkeep\n|turn|25\n|inactive|plasma_fistem has 270 seconds left.\n|\n|t:|1700304774\n|switch|p2a: Volcarona|Volcarona, F|77\/100\n|cant|p1a: Okidogi|par\n|\n|upkeep\n|turn|26\n|\n|t:|1700304783\n|switch|p1a: Clodsire|Clodsire, M|100\/100\n|-damage|p1a: Clodsire|94\/100|[from] Stealth Rock\n|move|p2a: Volcarona|Fiery Dance|p1a: Clodsire\n|-damage|p1a: Clodsire|74\/100\n|\n|-heal|p1a: Clodsire|80\/100|[from] item: Leftovers\n|upkeep\n|turn|27\n|\n|t:|1700304792\n|move|p2a: Volcarona|Psychic|p1a: Clodsire\n|-supereffective|p1a: Clodsire\n|-damage|p1a: Clodsire|53\/100\n|move|p1a: Clodsire|Yawn|p2a: Volcarona\n|-start|p2a: Volcarona|move: Yawn|[of] p1a: Clodsire\n|\n|-heal|p1a: Clodsire|59\/100|[from] item: Leftovers\n|upkeep\n|turn|28\n|\n|t:|1700304813\n|switch|p2a: Zapdos|Zapdos|69\/100\n|move|p1a: Clodsire|Recover|p1a: Clodsire\n|-heal|p1a: Clodsire|100\/100\n|\n|upkeep\n|turn|29\n|\n|t:|1700304831\n|move|p2a: Zapdos|Hurricane|p1a: Clodsire\n|-damage|p1a: Clodsire|78\/100\n|move|p1a: Clodsire|Poison Jab|p2a: Zapdos\n|-damage|p2a: Zapdos|52\/100\n|-status|p2a: Zapdos|psn\n|-status|p1a: Clodsire|par|[from] ability: Static|[of] p2a: Zapdos\n|\n|-heal|p1a: Clodsire|84\/100 par|[from] item: Leftovers\n|-damage|p2a: Zapdos|40\/100 psn|[from] psn\n|upkeep\n|turn|30\n|\n|t:|1700304859\n|move|p2a: Zapdos|Roost|p2a: Zapdos\n|-heal|p2a: Zapdos|90\/100 psn\n|-singleturn|p2a: Zapdos|move: Roost\n|move|p1a: Clodsire|Poison Jab|p2a: Zapdos\n|-damage|p2a: Zapdos|74\/100 psn\n|\n|-heal|p1a: Clodsire|90\/100 par|[from] item: Leftovers\n|-damage|p2a: Zapdos|61\/100 psn|[from] psn\n|upkeep\n|turn|31\n|inactive|plasma_fistem has 270 seconds left.\n|inactive|DeathRayKPK has 90 seconds left.\n|\n|t:|1700304888\n|switch|p2a: Garganacl|Garganacl, M|98\/100\n|switch|p1a: Okidogi|Okidogi, M|30\/100 par\n|-damage|p1a: Okidogi|24\/100 par|[from] Stealth Rock\n|\n|upkeep\n|turn|32\n|inactive|DeathRayKPK has 90 seconds left.\n|\n|t:|1700304920\n|switch|p2a: Volcarona|Volcarona, F|77\/100\n|move|p1a: Okidogi|Knock Off|p2a: Volcarona\n|-damage|p2a: Volcarona|48\/100\n|-enditem|p2a: Volcarona|Heavy-Duty Boots|[from] move: Knock Off|[of] p1a: Okidogi\n|\n|upkeep\n|turn|33\n|inactive|plasma_fistem has 270 seconds left.\n|\n|t:|1700304930\n|move|p2a: Volcarona|Roost|p2a: Volcarona\n|-heal|p2a: Volcarona|98\/100\n|-singleturn|p2a: Volcarona|move: Roost\n|cant|p1a: Okidogi|par\n|\n|upkeep\n|turn|34\n|inactive|plasma_fistem has 270 seconds left.\n|\n|t:|1700304938\n|move|p2a: Volcarona|Fiery Dance|p1a: Okidogi\n|-damage|p1a: Okidogi|0 fnt\n|faint|p1a: Okidogi\n|\n|upkeep\n|\n|t:|1700304941\n|switch|p1a: Clodsire|Clodsire, M|90\/100 par\n|-damage|p1a: Clodsire|84\/100 par|[from] Stealth Rock\n|turn|35\n|inactive|DeathRayKPK has 90 seconds left.\n|\n|t:|1700304954\n|move|p2a: Volcarona|Psychic|p1a: Clodsire\n|-supereffective|p1a: Clodsire\n|-damage|p1a: Clodsire|56\/100 par\n|move|p1a: Clodsire|Earthquake|p2a: Volcarona\n|-damage|p2a: Volcarona|74\/100\n|\n|-heal|p1a: Clodsire|62\/100 par|[from] item: Leftovers\n|upkeep\n|turn|36\n|inactive|DeathRayKPK has 90 seconds left.\n|\n|t:|1700304971\n|move|p2a: Volcarona|Psychic|p1a: Clodsire\n|-supereffective|p1a: Clodsire\n|-damage|p1a: Clodsire|35\/100 par\n|move|p1a: Clodsire|Poison Jab|p2a: Volcarona\n|-damage|p2a: Volcarona|55\/100\n|\n|-heal|p1a: Clodsire|42\/100 par|[from] item: Leftovers\n|upkeep\n|turn|37\n|\n|t:|1700304990\n|switch|p1a: Skuntank|Skuntank, F|81\/100\n|-damage|p1a: Skuntank|69\/100|[from] Stealth Rock\n|move|p2a: Volcarona|Quiver Dance|p2a: Volcarona\n|-boost|p2a: Volcarona|spa|1\n|-boost|p2a: Volcarona|spd|1\n|-boost|p2a: Volcarona|spe|1\n|\n|upkeep\n|turn|38\n|inactive|plasma_fistem has 270 seconds left.\n|\n|t:|1700305017\n|move|p1a: Skuntank|Sucker Punch|p2a: Volcarona\n|-damage|p2a: Volcarona|20\/100\n|-damage|p1a: Skuntank|59\/100|[from] item: Life Orb\n|move|p2a: Volcarona|Fiery Dance|p1a: Skuntank\n|-damage|p1a: Skuntank|0 fnt\n|-boost|p2a: Volcarona|spa|1\n|faint|p1a: Skuntank\n|\n|upkeep\n|inactive|plasma_fistem has 270 seconds left.\n|\n|t:|1700305032\n|switch|p1a: Weezing|Weezing-Galar, M|100\/100\n|-damage|p1a: Weezing|88\/100|[from] Stealth Rock\n|-fieldstart|move: Misty Terrain|[from] ability: Misty Surge|[of] p1a: Weezing\n|turn|39\n|inactive|plasma_fistem has 270 seconds left.\n|\n|t:|1700305050\n|move|p2a: Volcarona|Roost|p2a: Volcarona\n|-heal|p2a: Volcarona|70\/100\n|-singleturn|p2a: Volcarona|move: Roost\n|move|p1a: Weezing|Sludge Wave|p2a: Volcarona\n|-damage|p2a: Volcarona|47\/100\n|\n|upkeep\n|turn|40\n|\n|t:|1700305057\n|move|p2a: Volcarona|Fiery Dance|p1a: Weezing\n|-damage|p1a: Weezing|0 fnt\n|faint|p1a: Weezing\n|\n|upkeep\n|\n|t:|1700305063\n|switch|p1a: Sneasler|Sneasler, F|100\/100\n|-damage|p1a: Sneasler|95\/100|[from] Stealth Rock\n|-enditem|p1a: Sneasler|Misty Seed\n|-boost|p1a: Sneasler|spd|1|[from] item: Misty Seed\n|turn|41\n|inactive|plasma_fistem has 270 seconds left.\n|\n|t:|1700305085\n|move|p1a: Sneasler|Close Combat|p2a: Volcarona\n|-resisted|p2a: Volcarona\n|-damage|p2a: Volcarona|17\/100\n|-unboost|p1a: Sneasler|def|1\n|-unboost|p1a: Sneasler|spd|1\n|move|p2a: Volcarona|Psychic|p1a: Sneasler\n|-supereffective|p1a: Sneasler\n|-damage|p1a: Sneasler|0 fnt\n|faint|p1a: Sneasler\n|\n|upkeep\n|\n|t:|1700305091\n|switch|p1a: Iron Moth|Iron Moth|100\/100\n|-damage|p1a: Iron Moth|76\/100|[from] Stealth Rock\n|-enditem|p1a: Iron Moth|Booster Energy\n|-activate|p1a: Iron Moth|ability: Quark Drive|[fromitem]\n|-start|p1a: Iron Moth|quarkdrivespe\n|turn|42\n|\n|t:|1700305104\n|move|p1a: Iron Moth|Sludge Wave|p2a: Volcarona\n|-damage|p2a: Volcarona|0 fnt\n|faint|p2a: Volcarona\n|\n|upkeep\n|\n|t:|1700305124\n|switch|p2a: Heatran|Heatran, F|100\/100\n|turn|43\n|inactive|plasma_fistem has 270 seconds left.\n|inactive|DeathRayKPK has 60 seconds left.\n|\n|t:|1700305152\n|-end|p1a: Iron Moth|Quark Drive|[silent]\n|switch|p1a: Clodsire|Clodsire, M|42\/100 par\n|-damage|p1a: Clodsire|35\/100 par|[from] Stealth Rock\n|switch|p2a: Zapdos|Zapdos|61\/100 psn\n|\n|-heal|p1a: Clodsire|42\/100 par|[from] item: Leftovers\n|-damage|p2a: Zapdos|49\/100 psn|[from] psn\n|-fieldend|Misty Terrain\n|upkeep\n|turn|44\n|\n|t:|1700305163\n|move|p2a: Zapdos|Roost|p2a: Zapdos\n|-heal|p2a: Zapdos|99\/100 psn\n|-singleturn|p2a: Zapdos|move: Roost\n|move|p1a: Clodsire|Recover|p1a: Clodsire\n|-heal|p1a: Clodsire|92\/100 par\n|\n|-heal|p1a: Clodsire|98\/100 par|[from] item: Leftovers\n|-damage|p2a: Zapdos|87\/100 psn|[from] psn\n|upkeep\n|turn|45\n|j| NyerZero\n|inactive|DeathRayKPK has 30 seconds left.\n|\n|t:|1700305194\n|move|p2a: Zapdos|Hurricane|p1a: Clodsire|[miss]\n|-miss|p2a: Zapdos|p1a: Clodsire\n|move|p1a: Clodsire|Poison Jab|p2a: Zapdos\n|-damage|p2a: Zapdos|70\/100 psn\n|\n|-heal|p1a: Clodsire|100\/100 par|[from] item: Leftovers\n|-damage|p2a: Zapdos|57\/100 psn|[from] psn\n|upkeep\n|turn|46\n|inactive|DeathRayKPK has 30 seconds left.\n|\n|t:|1700305206\n|move|p2a: Zapdos|Hurricane|p1a: Clodsire|[miss]\n|-miss|p2a: Zapdos|p1a: Clodsire\n|move|p1a: Clodsire|Poison Jab|p2a: Zapdos\n|-damage|p2a: Zapdos|40\/100 psn\n|\n|-damage|p2a: Zapdos|28\/100 psn|[from] psn\n|upkeep\n|turn|47\n|\n|t:|1700305213\n|move|p2a: Zapdos|Roost|p2a: Zapdos\n|-heal|p2a: Zapdos|78\/100 psn\n|-singleturn|p2a: Zapdos|move: Roost\n|cant|p1a: Clodsire|par\n|\n|-damage|p2a: Zapdos|66\/100 psn|[from] psn\n|upkeep\n|turn|48\n|\n|t:|1700305226\n|move|p2a: Zapdos|Hurricane|p1a: Clodsire|[miss]\n|-miss|p2a: Zapdos|p1a: Clodsire\n|cant|p1a: Clodsire|par\n|\n|-damage|p2a: Zapdos|54\/100 psn|[from] psn\n|upkeep\n|turn|49\n|c|\u2606plasma_fistem|yeah sure why not\n|\n|t:|1700305237\n|move|p2a: Zapdos|Roost|p2a: Zapdos\n|-heal|p2a: Zapdos|100\/100 psn\n|-singleturn|p2a: Zapdos|move: Roost\n|move|p1a: Clodsire|Poison Jab|p2a: Zapdos\n|-damage|p2a: Zapdos|85\/100 psn\n|\n|-damage|p2a: Zapdos|73\/100 psn|[from] psn\n|upkeep\n|turn|50\n|\n|t:|1700305246\n|move|p2a: Zapdos|Hurricane|p1a: Clodsire\n|-damage|p1a: Clodsire|78\/100 par\n|-start|p1a: Clodsire|confusion\n|-activate|p1a: Clodsire|confusion\n|move|p1a: Clodsire|Poison Jab|p2a: Zapdos\n|-damage|p2a: Zapdos|56\/100 psn\n|\n|-heal|p1a: Clodsire|84\/100 par|[from] item: Leftovers\n|-damage|p2a: Zapdos|44\/100 psn|[from] psn\n|upkeep\n|turn|51\n|\n|t:|1700305256\n|move|p2a: Zapdos|Roost|p2a: Zapdos\n|-heal|p2a: Zapdos|94\/100 psn\n|-singleturn|p2a: Zapdos|move: Roost\n|-activate|p1a: Clodsire|confusion\n|move|p1a: Clodsire|Earthquake|p2a: Zapdos\n|-supereffective|p2a: Zapdos\n|-damage|p2a: Zapdos|53\/100 psn\n|\n|-heal|p1a: Clodsire|90\/100 par|[from] item: Leftovers\n|-damage|p2a: Zapdos|40\/100 psn|[from] psn\n|upkeep\n|turn|52\n|inactive|DeathRayKPK has 30 seconds left.\n|\n|t:|1700305282\n|move|p2a: Zapdos|Hurricane|p1a: Clodsire\n|-damage|p1a: Clodsire|64\/100 par\n|-end|p1a: Clodsire|confusion\n|move|p1a: Clodsire|Poison Jab|p2a: Zapdos\n|-damage|p2a: Zapdos|24\/100 psn\n|\n|-heal|p1a: Clodsire|70\/100 par|[from] item: Leftovers\n|-damage|p2a: Zapdos|12\/100 psn|[from] psn\n|upkeep\n|turn|53\n|\n|t:|1700305296\n|move|p2a: Zapdos|Roost|p2a: Zapdos\n|-heal|p2a: Zapdos|62\/100 psn\n|-singleturn|p2a: Zapdos|move: Roost\n|move|p1a: Clodsire|Poison Jab|p2a: Zapdos\n|-damage|p2a: Zapdos|46\/100 psn\n|\n|-heal|p1a: Clodsire|77\/100 par|[from] item: Leftovers\n|-damage|p2a: Zapdos|34\/100 psn|[from] psn\n|upkeep\n|turn|54\n|inactive|DeathRayKPK has 30 seconds left.\n|\n|t:|1700305318\n|switch|p2a: Garganacl|Garganacl, M|98\/100\n|cant|p1a: Clodsire|par\n|\n|-heal|p1a: Clodsire|83\/100 par|[from] item: Leftovers\n|upkeep\n|turn|55\n|inactive|DeathRayKPK has 30 seconds left.\n|\n|t:|1700305332\n|-terastallize|p1a: Clodsire|Ground\n|move|p2a: Garganacl|Earthquake|p1a: Clodsire\n|-damage|p1a: Clodsire|56\/100 par\n|move|p1a: Clodsire|Earthquake|p2a: Garganacl\n|-supereffective|p2a: Garganacl\n|-damage|p2a: Garganacl|47\/100\n|\n|-heal|p1a: Clodsire|63\/100 par|[from] item: Leftovers\n|upkeep\n|turn|56\n|inactive|DeathRayKPK has 30 seconds left.\n|\n|t:|1700305344\n|move|p2a: Garganacl|Recover|p2a: Garganacl\n|-heal|p2a: Garganacl|97\/100\n|cant|p1a: Clodsire|par\n|\n|-heal|p1a: Clodsire|69\/100 par|[from] item: Leftovers\n|upkeep\n|turn|57\n|\n|t:|1700305350\n|move|p2a: Garganacl|Salt Cure|p1a: Clodsire\n|-resisted|p1a: Clodsire\n|-damage|p1a: Clodsire|61\/100 par\n|-start|p1a: Clodsire|Salt Cure\n|move|p1a: Clodsire|Recover|p1a: Clodsire\n|-heal|p1a: Clodsire|100\/100 par\n|\n|-damage|p1a: Clodsire|88\/100 par|[from] Salt Cure\n|upkeep\n|turn|58\n|\n|t:|1700305363\n|move|p2a: Garganacl|Earthquake|p1a: Clodsire\n|-damage|p1a: Clodsire|62\/100 par\n|cant|p1a: Clodsire|par\n|\n|-heal|p1a: Clodsire|68\/100 par|[from] item: Leftovers\n|-damage|p1a: Clodsire|55\/100 par|[from] Salt Cure\n|upkeep\n|turn|59\n|\n|t:|1700305375\n|move|p2a: Garganacl|Earthquake|p1a: Clodsire\n|-damage|p1a: Clodsire|28\/100 par\n|move|p1a: Clodsire|Recover|p1a: Clodsire\n|-heal|p1a: Clodsire|78\/100 par\n|\n|-heal|p1a: Clodsire|85\/100 par|[from] item: Leftovers\n|-damage|p1a: Clodsire|72\/100 par|[from] Salt Cure\n|upkeep\n|turn|60\n|\n|t:|1700305386\n|move|p2a: Garganacl|Earthquake|p1a: Clodsire\n|-damage|p1a: Clodsire|47\/100 par\n|cant|p1a: Clodsire|par\n|\n|-heal|p1a: Clodsire|53\/100 par|[from] item: Leftovers\n|-damage|p1a: Clodsire|40\/100 par|[from] Salt Cure\n|upkeep\n|turn|61\n|\n|t:|1700305398\n|move|p2a: Garganacl|Earthquake|p1a: Clodsire\n|-damage|p1a: Clodsire|14\/100 par\n|move|p1a: Clodsire|Recover|p1a: Clodsire\n|-heal|p1a: Clodsire|64\/100 par\n|\n|-heal|p1a: Clodsire|71\/100 par|[from] item: Leftovers\n|-damage|p1a: Clodsire|58\/100 par|[from] Salt Cure\n|upkeep\n|turn|62\n|c| DracoShivam|This is incredibly sad\n|\n|t:|1700305406\n|move|p2a: Garganacl|Earthquake|p1a: Clodsire\n|-damage|p1a: Clodsire|32\/100 par\n|move|p1a: Clodsire|Recover|p1a: Clodsire\n|-heal|p1a: Clodsire|82\/100 par\n|\n|-heal|p1a: Clodsire|88\/100 par|[from] item: Leftovers\n|-damage|p1a: Clodsire|76\/100 par|[from] Salt Cure\n|upkeep\n|turn|63\n|\n|t:|1700305416\n|move|p2a: Garganacl|Earthquake|p1a: Clodsire\n|-damage|p1a: Clodsire|50\/100 par\n|cant|p1a: Clodsire|par\n|\n|-heal|p1a: Clodsire|56\/100 par|[from] item: Leftovers\n|-damage|p1a: Clodsire|44\/100 par|[from] Salt Cure\n|upkeep\n|turn|64\n|\n|t:|1700305423\n|switch|p2a: Ogerpon|Ogerpon-Wellspring, F|100\/100\n|cant|p1a: Clodsire|par\n|\n|-heal|p1a: Clodsire|50\/100 par|[from] item: Leftovers\n|-damage|p1a: Clodsire|38\/100 par|[from] Salt Cure\n|upkeep\n|turn|65\n|inactive|DeathRayKPK has 60 seconds left.\n|-message|plasma_fistem forfeited.\n|\n|win|DeathRayKPK\n|l|\u2606plasma_fistem\n|c|\u2606DeathRayKPK|gg\n|j|\u2606plasma_fistem\n|player|p1|plasma_fistem|hugh\n|l|\u2606plasma_fistem\n|player|p1|\n|l| NyerZero\n|l| DracoShivam\n|j| Najirs\n","uploadtime":1700306008,"views":48,"p1id":"plasmafistem","p2id":"deathraykpk","formatid":"gen9nationaldex","rating":0,"private":0,"password":""}