{"id":"gen9nationaldex-1997576602","p1":"heng666","p2":"Carcinogens Suck","format":"[Gen 9] National Dex","log":"|html|<div class=\"broadcast-blue\"><strong>[Gen 9] National Dex is currently suspecting Sneasler! For information on how to participate check out the <a href=\"https:\/\/www.smogon.com\/forums\/threads\/sv-national-dex-suspect-8-just-dance.3731534\/\">suspect thread<\/a>.<\/strong><\/div>\n|j|\u2606heng666\n|j|\u2606Carcinogens Suck\n|t:|1700828018\n|gametype|singles\n|player|p1|heng666|170|1197\n|player|p2|Carcinogens Suck|harlequin|1093\n|teamsize|p1|6\n|teamsize|p2|6\n|gen|9\n|tier|[Gen 9] National Dex\n|rated|\n|rule|HP Percentage Mod: HP is shown in percentages\n|rule|Endless Battle Clause: Forcing endless battles is banned\n|rule|OHKO Clause: OHKO moves are banned\n|rule|Evasion Clause: Evasion abilities, items, and moves are banned\n|rule|Evasion Abilities Clause: Evasion abilities are banned\n|rule|Evasion Items Clause: Evasion items are banned\n|rule|Evasion Moves Clause: Evasion moves are banned\n|rule|Species Clause: Limit one of each Pok\u00e9mon\n|rule|Sleep Clause Mod: Limit one foe put to sleep\n|clearpoke\n|poke|p1|Dragonite, M|\n|poke|p1|Gliscor, M|\n|poke|p1|Greninja-*, M|\n|poke|p1|Volcarona, F|\n|poke|p1|Ferrothorn, F|\n|poke|p1|Diancie|\n|poke|p2|Lucario, M|\n|poke|p2|Tyranitar, M|\n|poke|p2|Scizor, F|\n|poke|p2|Metagross|\n|poke|p2|Gyarados, F|\n|poke|p2|Infernape, M|\n|teampreview\n|\n|t:|1700828029\n|start\n|switch|p1a: Ferrothorn|Ferrothorn, F|100\/100\n|switch|p2a: Baddie :3|Scizor, F|100\/100\n|turn|1\n|inactive|Battle timer is ON: inactive players will automatically lose when time's up. (requested by heng666)\n|\n|t:|1700828058\n|detailschange|p2a: Baddie :3|Scizor-Mega, F\n|-mega|p2a: Baddie :3|Scizor|Scizorite\n|move|p2a: Baddie :3|U-turn|p1a: Ferrothorn\n|-damage|p1a: Ferrothorn|67\/100\n|-damage|p2a: Baddie :3|88\/100|[from] ability: Iron Barbs|[of] p1a: Ferrothorn\n|-damage|p2a: Baddie :3|72\/100|[from] item: Rocky Helmet|[of] p1a: Ferrothorn\n|\n|t:|1700828064\n|switch|p2a: Cry Baby|Infernape, M, shiny|100\/100|[from] U-turn\n|move|p1a: Ferrothorn|Stealth Rock|p2a: Cry Baby\n|-sidestart|p2: Carcinogens Suck|move: Stealth Rock\n|\n|upkeep\n|turn|2\n|\n|t:|1700828083\n|switch|p1a: Dragonite|Dragonite, M|100\/100\n|move|p2a: Cry Baby|Fire Blast|p1a: Dragonite\n|-resisted|p1a: Dragonite\n|-damage|p1a: Dragonite|86\/100\n|-damage|p2a: Cry Baby|91\/100|[from] item: Life Orb\n|\n|upkeep\n|turn|3\n|\n|t:|1700828092\n|-terastallize|p2a: Cry Baby|Ice\n|-terastallize|p1a: Dragonite|Dragon\n|move|p2a: Cry Baby|Hidden Power|p1a: Dragonite\n|-supereffective|p1a: Dragonite\n|-damage|p1a: Dragonite|16\/100\n|-damage|p2a: Cry Baby|81\/100|[from] item: Life Orb\n|move|p1a: Dragonite|Scale Shot|p2a: Cry Baby\n|-damage|p2a: Cry Baby|51\/100\n|-damage|p2a: Cry Baby|21\/100\n|-damage|p2a: Cry Baby|0 fnt\n|faint|p2a: Cry Baby\n|-hitcount|p2: Cry Baby|3\n|-unboost|p1a: Dragonite|def|1\n|-boost|p1a: Dragonite|spe|1\n|\n|upkeep\n|\n|t:|1700828102\n|switch|p2a: Baddie :3|Scizor-Mega, F|72\/100\n|-damage|p2a: Baddie :3|59\/100|[from] Stealth Rock\n|turn|4\n|\n|t:|1700828109\n|move|p2a: Baddie :3|Bullet Punch|p1a: Dragonite\n|-crit|p1a: Dragonite\n|-damage|p1a: Dragonite|0 fnt\n|faint|p1a: Dragonite\n|\n|upkeep\n|\n|t:|1700828118\n|switch|p1a: Volcarona|Volcarona, F|100\/100\n|turn|5\n|\n|t:|1700828126\n|move|p1a: Volcarona|Fiery Dance|p2a: Baddie :3\n|-supereffective|p2a: Baddie :3\n|-damage|p2a: Baddie :3|0 fnt\n|faint|p2a: Baddie :3\n|-damage|p1a: Volcarona|91\/100|[from] item: Life Orb\n|\n|upkeep\n|\n|t:|1700828130\n|switch|p2a: Gay|Gyarados, F, shiny|100\/100\n|-damage|p2a: Gay|76\/100|[from] Stealth Rock\n|-ability|p2a: Gay|Intimidate|boost\n|-unboost|p1a: Volcarona|atk|1\n|turn|6\n|\n|t:|1700828143\n|move|p1a: Volcarona|Giga Drain|p2a: Gay\n|-damage|p2a: Gay|33\/100\n|-heal|p1a: Volcarona|100\/100|[from] drain|[of] p2a: Gay\n|-damage|p1a: Volcarona|91\/100|[from] item: Life Orb\n|move|p2a: Gay|Dragon Dance|p2a: Gay\n|-boost|p2a: Gay|atk|1\n|-boost|p2a: Gay|spe|1\n|\n|upkeep\n|turn|7\n|\n|t:|1700828152\n|move|p2a: Gay|Waterfall|p1a: Volcarona\n|-supereffective|p1a: Volcarona\n|-damage|p1a: Volcarona|0 fnt\n|faint|p1a: Volcarona\n|-damage|p2a: Gay|23\/100|[from] item: Life Orb\n|\n|upkeep\n|\n|t:|1700828162\n|switch|p1a: Ferrothorn|Ferrothorn, F|67\/100\n|turn|8\n|\n|t:|1700828171\n|move|p2a: Gay|Earthquake|p1a: Ferrothorn\n|-damage|p1a: Ferrothorn|9\/100\n|-damage|p2a: Gay|13\/100|[from] item: Life Orb\n|move|p1a: Ferrothorn|Power Whip|p2a: Gay\n|-damage|p2a: Gay|0 fnt\n|faint|p2a: Gay\n|\n|upkeep\n|\n|t:|1700828178\n|switch|p2a: Bait|Lucario, M|100\/100\n|-damage|p2a: Bait|98\/100|[from] Stealth Rock\n|turn|9\n|\n|t:|1700828188\n|switch|p1a: Diancie|Diancie|100\/100\n|move|p2a: Bait|Extreme Speed|p1a: Diancie\n|-resisted|p1a: Diancie\n|-damage|p1a: Diancie|84\/100\n|-damage|p2a: Bait|88\/100|[from] item: Life Orb\n|\n|upkeep\n|turn|10\n|\n|t:|1700828197\n|detailschange|p1a: Diancie|Diancie-Mega\n|-mega|p1a: Diancie|Diancie|Diancite\n|move|p1a: Diancie|Draining Kiss|p2a: Bait\n|-damage|p2a: Bait|48\/100\n|-heal|p1a: Diancie|100\/100|[from] drain|[of] p2a: Bait\n|move|p2a: Bait|Swords Dance|p2a: Bait\n|-boost|p2a: Bait|atk|2\n|\n|upkeep\n|turn|11\n|\n|t:|1700828204\n|move|p1a: Diancie|Diamond Storm|p2a: Bait\n|-resisted|p2a: Bait\n|-damage|p2a: Bait|19\/100\n|move|p2a: Bait|Close Combat|p1a: Diancie\n|-damage|p1a: Diancie|0 fnt\n|-unboost|p2a: Bait|def|1\n|-unboost|p2a: Bait|spd|1\n|faint|p1a: Diancie\n|-damage|p2a: Bait|9\/100|[from] item: Life Orb\n|\n|upkeep\n|\n|t:|1700828213\n|switch|p1a: Gliscor|Gliscor, M|100\/100\n|turn|12\n|\n|t:|1700828222\n|move|p2a: Bait|Extreme Speed|p1a: Gliscor\n|-damage|p1a: Gliscor|43\/100\n|-damage|p2a: Bait|0 fnt|[from] item: Life Orb\n|faint|p2a: Bait\n|move|p1a: Gliscor|Toxic|p2: Bait|[notarget]\n|-fail|p1a: Gliscor\n|\n|-status|p1a: Gliscor|tox|[from] item: Toxic Orb\n|upkeep\n|\n|t:|1700828229\n|switch|p2a: Gojira|Tyranitar, M|100\/100\n|-damage|p2a: Gojira|88\/100|[from] Stealth Rock\n|-weather|Sandstorm|[from] ability: Sand Stream|[of] p2a: Gojira\n|turn|13\n|\n|t:|1700828237\n|move|p1a: Gliscor|Protect|p1a: Gliscor\n|-singleturn|p1a: Gliscor|Protect\n|move|p2a: Gojira|Aqua Tail|p1a: Gliscor\n|-activate|p1a: Gliscor|move: Protect\n|\n|-weather|Sandstorm|[upkeep]\n|-heal|p1a: Gliscor|55\/100 tox|[from] ability: Poison Heal\n|upkeep\n|turn|14\n|\n|t:|1700828249\n|move|p1a: Gliscor|Toxic|p2a: Gojira\n|-status|p2a: Gojira|tox\n|move|p2a: Gojira|Aqua Tail|p1a: Gliscor\n|-supereffective|p1a: Gliscor\n|-damage|p1a: Gliscor|0 fnt\n|faint|p1a: Gliscor\n|\n|-weather|Sandstorm|[upkeep]\n|-damage|p2a: Gojira|82\/100 tox|[from] psn\n|upkeep\n|\n|t:|1700828252\n|switch|p1a: Greninja|Greninja, M|100\/100\n|turn|15\n|\n|t:|1700828266\n|switch|p2a: Meow|Metagross|100\/100\n|-damage|p2a: Meow|94\/100|[from] Stealth Rock\n|move|p1a: Greninja|Water Shuriken|p2a: Meow\n|-damage|p2a: Meow|84\/100\n|-damage|p2a: Meow|73\/100\n|-damage|p2a: Meow|63\/100\n|-hitcount|p2a: Meow|3\n|-damage|p1a: Greninja|91\/100|[from] item: Life Orb\n|\n|-weather|Sandstorm|[upkeep]\n|-damage|p1a: Greninja|85\/100|[from] Sandstorm\n|upkeep\n|turn|16\n|\n|t:|1700828281\n|move|p1a: Greninja|Extrasensory|p2a: Meow\n|-resisted|p2a: Meow\n|-damage|p2a: Meow|54\/100\n|-damage|p1a: Greninja|75\/100|[from] item: Life Orb\n|move|p2a: Meow|Explosion|p1a: Greninja\n|-damage|p1a: Greninja|0 fnt\n|faint|p2a: Meow\n|faint|p1a: Greninja\n|\n|-weather|Sandstorm|[upkeep]\n|upkeep\n|\n|t:|1700828288\n|switch|p1a: Ferrothorn|Ferrothorn, F|9\/100\n|switch|p2a: Gojira|Tyranitar, M|82\/100 tox\n|-damage|p2a: Gojira|70\/100 tox|[from] Stealth Rock\n|turn|17\n|\n|t:|1700828294\n|move|p2a: Gojira|Crunch|p1a: Ferrothorn\n|-damage|p1a: Ferrothorn|0 fnt\n|-damage|p2a: Gojira|58\/100 tox|[from] ability: Iron Barbs|[of] p1a: Ferrothorn\n|-damage|p2a: Gojira|41\/100 tox|[from] item: Rocky Helmet|[of] p1a: Ferrothorn\n|faint|p1a: Ferrothorn\n|\n|win|Carcinogens Suck\n|raw|heng666's rating: 1197 &rarr; <strong>1165<\/strong><br \/>(-32 for losing)\n|raw|Carcinogens Suck's rating: 1093 &rarr; <strong>1127<\/strong><br \/>(+34 for winning)\n|l|\u2606heng666\n|l|\u2606Carcinogens Suck\n","uploadtime":1700829127,"views":3,"p1id":"heng666","p2id":"carcinogenssuck","formatid":"gen9nationaldex","rating":1127,"private":0,"password":""}