{"id":"gen9nationaldex-2000379217","p1":"CF. Xynix","p2":"Manuel_hdz15","format":"[Gen 9] National Dex","log":"|html|<div class=\"broadcast-blue\"><strong>[Gen 9] National Dex is currently suspecting Sneasler! For information on how to participate check out the <a href=\"https:\/\/www.smogon.com\/forums\/threads\/sv-national-dex-suspect-8-just-dance.3731534\/\">suspect thread<\/a>.<\/strong><\/div>\n|j|\u2606CF. Xynix\n|j|\u2606Manuel_hdz15\n|t:|1701189861\n|gametype|singles\n|player|p1|CF. Xynix|lady|1494\n|player|p2|Manuel_hdz15|265|1398\n|teamsize|p1|6\n|teamsize|p2|6\n|gen|9\n|tier|[Gen 9] National Dex\n|rated|\n|rule|HP Percentage Mod: HP is shown in percentages\n|rule|Endless Battle Clause: Forcing endless battles is banned\n|rule|OHKO Clause: OHKO moves are banned\n|rule|Evasion Clause: Evasion abilities, items, and moves are banned\n|rule|Evasion Abilities Clause: Evasion abilities are banned\n|rule|Evasion Items Clause: Evasion items are banned\n|rule|Evasion Moves Clause: Evasion moves are banned\n|rule|Species Clause: Limit one of each Pok\u00e9mon\n|rule|Sleep Clause Mod: Limit one foe put to sleep\n|clearpoke\n|poke|p1|Hatterene, F|\n|poke|p1|Zapdos|\n|poke|p1|Victini|\n|poke|p1|Manaphy|\n|poke|p1|Banette, F|\n|poke|p1|Jirachi|\n|poke|p2|Gyarados, F|\n|poke|p2|Latios, M|\n|poke|p2|Zapdos|\n|poke|p2|Zoroark-Hisui, M|\n|poke|p2|Grimmsnarl, M|\n|poke|p2|Mew|\n|teampreview\n|inactive|Battle timer is ON: inactive players will automatically lose when time's up. (requested by CF. Xynix)\n|\n|t:|1701189883\n|start\n|switch|p1a: Jirachi|Jirachi|100\/100\n|switch|p2a: Grimmsnarl|Grimmsnarl, M|100\/100\n|turn|1\n|\n|t:|1701189889\n|move|p2a: Grimmsnarl|Shadow Ball|p1a: Jirachi\n|-supereffective|p1a: Jirachi\n|-damage|p1a: Jirachi|19\/100\n|-unboost|p1a: Jirachi|spd|1\n|move|p1a: Jirachi|Iron Head|p2a: Grimmsnarl\n|-damage|p2a: Grimmsnarl|26\/100\n|replace|p2a: Zoroark|Zoroark-Hisui, M\n|-end|p2a: Zoroark|Illusion\n|\n|-heal|p1a: Jirachi|25\/100|[from] item: Leftovers\n|upkeep\n|turn|2\n|\n|t:|1701189897\n|switch|p1a: Zapdos|Zapdos|100\/100\n|move|p2a: Zoroark|Shadow Ball|p1a: Zapdos\n|-damage|p1a: Zapdos|56\/100\n|\n|upkeep\n|turn|3\n|\n|t:|1701189902\n|switch|p2a: Latios|Latios, M|100\/100\n|move|p1a: Zapdos|Hurricane|p2a: Latios\n|-damage|p2a: Latios|33\/100\n|\n|upkeep\n|turn|4\n|\n|t:|1701189906\n|detailschange|p2a: Latios|Latios-Mega, M\n|-mega|p2a: Latios|Latios|Latiosite\n|move|p2a: Latios|Draco Meteor|p1a: Zapdos\n|-damage|p1a: Zapdos|0 fnt\n|-unboost|p2a: Latios|spa|2\n|faint|p1a: Zapdos\n|\n|upkeep\n|\n|t:|1701189909\n|switch|p1a: Banette|Banette, F, shiny|100\/100\n|-item|p2a: Latios|Latiosite|[from] ability: Frisk|[of] p1a: Banette|[identify]\n|turn|5\n|\n|t:|1701189912\n|switch|p2a: Zapdos|Zapdos|100\/100\n|detailschange|p1a: Banette|Banette-Mega, F, shiny\n|-mega|p1a: Banette|Banette|Banettite\n|move|p1a: Banette|Sucker Punch||[still]\n|-fail|p1a: Banette\n|\n|upkeep\n|turn|6\n|\n|t:|1701189922\n|switch|p1a: Jirachi|Jirachi|25\/100\n|move|p2a: Zapdos|Thunderbolt|p1a: Jirachi\n|-damage|p1a: Jirachi|0 fnt\n|faint|p1a: Jirachi\n|\n|upkeep\n|\n|t:|1701189927\n|switch|p1a: Victini|Victini|100\/100\n|turn|7\n|\n|t:|1701189938\n|move|p1a: Victini|Bolt Strike|p2a: Zapdos\n|-damage|p2a: Zapdos|54\/100\n|move|p2a: Zapdos|Volt Switch|p1a: Victini\n|-damage|p1a: Victini|68\/100\n|\n|t:|1701189946\n|switch|p2a: Grimmsnarl|Grimmsnarl, M|100\/100|[from] Volt Switch\n|\n|upkeep\n|turn|8\n|\n|t:|1701189954\n|switch|p1a: Hatterene|Hatterene, F|100\/100\n|move|p2a: Grimmsnarl|Reflect|p2a: Grimmsnarl\n|-sidestart|p2: Manuel_hdz15|Reflect\n|\n|upkeep\n|turn|9\n|\n|t:|1701189957\n|move|p2a: Grimmsnarl|Parting Shot|p1a: Hatterene\n|move|p1a: Hatterene|Parting Shot|p2a: Grimmsnarl|[from]ability: Magic Bounce\n|-unboost|p2a: Grimmsnarl|atk|1\n|-unboost|p2a: Grimmsnarl|spa|1\n|\n|t:|1701189964\n|switch|p1a: Banette|Banette-Mega, F, shiny|100\/100|[from] Parting Shot\n|\n|upkeep\n|turn|10\n|\n|t:|1701189966\n|move|p1a: Banette|Encore|p2a: Grimmsnarl\n|-hint|Since gen 7, Dark is immune to Prankster moves.\n|-immune|p2a: Grimmsnarl\n|move|p2a: Grimmsnarl|Thunder Wave|p1a: Banette\n|-status|p1a: Banette|par\n|\n|upkeep\n|turn|11\n|\n|t:|1701189972\n|move|p2a: Grimmsnarl|Light Screen|p2a: Grimmsnarl\n|-sidestart|p2: Manuel_hdz15|move: Light Screen\n|cant|p1a: Banette|par\n|\n|upkeep\n|turn|12\n|\n|t:|1701189976\n|move|p2a: Grimmsnarl|Parting Shot|p1a: Banette\n|-unboost|p1a: Banette|atk|1\n|-unboost|p1a: Banette|spa|1\n|\n|t:|1701189985\n|switch|p2a: Gyarados|Gyarados, F|100\/100|[from] Parting Shot\n|cant|p1a: Banette|par\n|\n|upkeep\n|turn|13\n|\n|t:|1701189989\n|move|p2a: Gyarados|Waterfall|p1a: Banette\n|-damage|p1a: Banette|46\/100 par\n|cant|p1a: Banette|par\n|\n|upkeep\n|turn|14\n|\n|t:|1701189994\n|cant|p1a: Banette|par\n|move|p2a: Gyarados|Dragon Dance|p2a: Gyarados\n|-boost|p2a: Gyarados|atk|1\n|-boost|p2a: Gyarados|spe|1\n|\n|upkeep\n|turn|15\n|\n|t:|1701189997\n|move|p1a: Banette|Encore|p2a: Gyarados\n|-start|p2a: Gyarados|Encore\n|move|p2a: Gyarados|Dragon Dance|p2a: Gyarados\n|-boost|p2a: Gyarados|atk|1\n|-boost|p2a: Gyarados|spe|1\n|\n|-sideend|p2: Manuel_hdz15|Reflect\n|upkeep\n|turn|16\n|\n|t:|1701190006\n|switch|p2a: Grimmsnarl|Grimmsnarl, M|100\/100\n|move|p1a: Banette|Shadow Claw|p2a: Grimmsnarl\n|-resisted|p2a: Grimmsnarl\n|-damage|p2a: Grimmsnarl|84\/100\n|\n|upkeep\n|turn|17\n|\n|t:|1701190014\n|move|p2a: Grimmsnarl|Reflect|p2a: Grimmsnarl\n|-sidestart|p2: Manuel_hdz15|Reflect\n|move|p1a: Banette|Shadow Claw|p2a: Grimmsnarl\n|-resisted|p2a: Grimmsnarl\n|-damage|p2a: Grimmsnarl|76\/100\n|\n|upkeep\n|turn|18\n|\n|t:|1701190018\n|move|p2a: Grimmsnarl|Parting Shot|p1a: Banette\n|-unboost|p1a: Banette|atk|1\n|-unboost|p1a: Banette|spa|1\n|\n|t:|1701190022\n|switch|p2a: Zapdos|Zapdos|54\/100|[from] Parting Shot\n|move|p1a: Banette|Shadow Claw|p2a: Zapdos\n|-damage|p2a: Zapdos|39\/100\n|\n|-sideend|p2: Manuel_hdz15|move: Light Screen\n|upkeep\n|turn|19\n|\n|t:|1701190027\n|move|p1a: Banette|Destiny Bond|p1a: Banette\n|-singlemove|p1a: Banette|Destiny Bond\n|move|p2a: Zapdos|Volt Switch|p1a: Banette\n|-damage|p1a: Banette|5\/100 par\n|\n|t:|1701190038\n|switch|p2a: Gyarados|Gyarados, F|100\/100|[from] Volt Switch\n|\n|upkeep\n|turn|20\n|\n|t:|1701190041\n|move|p2a: Gyarados|Waterfall|p1a: Banette\n|-crit|p1a: Banette\n|-damage|p1a: Banette|0 fnt\n|faint|p1a: Banette\n|-activate|p1a: Banette|move: Destiny Bond\n|faint|p2a: Gyarados\n|\n|upkeep\n|\n|t:|1701190065\n|switch|p2a: Grimmsnarl|Grimmsnarl, M|76\/100\n|switch|p1a: Hatterene|Hatterene, F|100\/100\n|turn|21\n|\n|t:|1701190072\n|move|p2a: Grimmsnarl|Parting Shot|p1a: Hatterene\n|move|p1a: Hatterene|Parting Shot|p2a: Grimmsnarl|[from]ability: Magic Bounce\n|-unboost|p2a: Grimmsnarl|atk|1\n|-unboost|p2a: Grimmsnarl|spa|1\n|\n|t:|1701190075\n|switch|p1a: Manaphy|Manaphy, shiny|100\/100|[from] Parting Shot\n|\n|upkeep\n|turn|22\n|\n|t:|1701190082\n|move|p2a: Grimmsnarl|Light Screen|p2a: Grimmsnarl\n|-sidestart|p2: Manuel_hdz15|move: Light Screen\n|move|p1a: Manaphy|Take Heart|p1a: Manaphy\n|-boost|p1a: Manaphy|spa|1\n|-boost|p1a: Manaphy|spd|1\n|\n|upkeep\n|turn|23\n|\n|t:|1701190085\n|move|p2a: Grimmsnarl|Parting Shot|p1a: Manaphy\n|-unboost|p1a: Manaphy|atk|1\n|-unboost|p1a: Manaphy|spa|1\n|\n|t:|1701190088\n|switch|p2a: Mew|Mew|100\/100|[from] Parting Shot\n|move|p1a: Manaphy|Take Heart|p1a: Manaphy\n|-boost|p1a: Manaphy|spa|1\n|-boost|p1a: Manaphy|spd|1\n|\n|upkeep\n|turn|24\n|\n|t:|1701190093\n|move|p2a: Mew|Block|p1a: Manaphy\n|-activate|p1a: Manaphy|trapped\n|move|p1a: Manaphy|Surf|p2a: Mew\n|-damage|p2a: Mew|80\/100\n|\n|-heal|p2a: Mew|86\/100|[from] item: Leftovers\n|-sideend|p2: Manuel_hdz15|Reflect\n|upkeep\n|turn|25\n|\n|t:|1701190113\n|move|p2a: Mew|Imprison|p2a: Mew\n|-start|p2a: Mew|move: Imprison\n|move|p1a: Manaphy|Take Heart|p1a: Manaphy\n|-boost|p1a: Manaphy|spa|1\n|-boost|p1a: Manaphy|spd|1\n|\n|-heal|p2a: Mew|92\/100|[from] item: Leftovers\n|upkeep\n|turn|26\n|\n|t:|1701190121\n|move|p1a: Manaphy|Surf|p2a: Mew\n|-damage|p2a: Mew|61\/100\n|move|p2a: Mew|Transform|p1a: Manaphy\n|-transform|p2a: Mew|p1a: Manaphy\n|\n|-heal|p2a: Mew|68\/100|[from] item: Leftovers\n|upkeep\n|turn|27\n|\n|t:|1701190128\n|-activate|p1a: Manaphy|move: Struggle\n|move|p1a: Manaphy|Struggle|p2a: Mew\n|-damage|p2a: Mew|62\/100\n|-damage|p1a: Manaphy|75\/100|[from] recoil\n|move|p2a: Mew|Acid Armor|p2a: Mew\n|-boost|p2a: Mew|def|2\n|\n|-heal|p2a: Mew|68\/100|[from] item: Leftovers\n|-heal|p1a: Manaphy|82\/100|[from] item: Leftovers\n|upkeep\n|turn|28\n|c|\u2606CF. Xynix|Loser trash bad\n|c|\u2606CF. Xynix|fucker\n|c|\u2606CF. Xynix|has to use cheap strats\n|c|\u2606CF. Xynix|and cant even build his own sets\n|inactive|CF. Xynix has 120 seconds left.\n|inactive|CF. Xynix has 90 seconds left.\n|c|\u2606Manuel_hdz15|manaphy isn't it?\n|inactive|CF. Xynix has 60 seconds left.\n|inactive|CF. Xynix has 30 seconds left.\n|inactive|CF. Xynix has 20 seconds left.\n|inactive|CF. Xynix has 15 seconds left.\n|inactive|CF. Xynix has 10 seconds left.\n|\n|t:|1701190270\n|move|p2a: Mew|Acid Armor|p2a: Mew\n|-boost|p2a: Mew|def|2\n|-activate|p1a: Manaphy|move: Struggle\n|move|p1a: Manaphy|Struggle|p2a: Mew\n|-damage|p2a: Mew|66\/100\n|-damage|p1a: Manaphy|57\/100|[from] recoil\n|\n|-heal|p1a: Manaphy|63\/100|[from] item: Leftovers\n|-heal|p2a: Mew|73\/100|[from] item: Leftovers\n|upkeep\n|turn|29\n|inactive|CF. Xynix has 20 seconds left this turn.\n|\n|t:|1701190284\n|move|p2a: Mew|Acid Armor|p2a: Mew\n|-boost|p2a: Mew|def|2\n|-activate|p1a: Manaphy|move: Struggle\n|move|p1a: Manaphy|Struggle|p2a: Mew\n|-damage|p2a: Mew|71\/100\n|-damage|p1a: Manaphy|38\/100|[from] recoil\n|\n|-heal|p2a: Mew|77\/100|[from] item: Leftovers\n|-heal|p1a: Manaphy|44\/100|[from] item: Leftovers\n|-sideend|p2: Manuel_hdz15|move: Light Screen\n|upkeep\n|turn|30\n|inactive|CF. Xynix has 30 seconds left this turn.\n|\n|t:|1701190290\n|move|p2a: Mew|Take Heart|p2a: Mew\n|-boost|p2a: Mew|spa|1\n|-boost|p2a: Mew|spd|1\n|-activate|p1a: Manaphy|move: Struggle\n|move|p1a: Manaphy|Struggle|p2a: Mew\n|-damage|p2a: Mew|76\/100\n|-damage|p1a: Manaphy|19\/100|[from] recoil\n|\n|-heal|p2a: Mew|82\/100|[from] item: Leftovers\n|-heal|p1a: Manaphy|25\/100|[from] item: Leftovers\n|upkeep\n|turn|31\n|\n|t:|1701190296\n|-activate|p1a: Manaphy|move: Struggle\n|move|p1a: Manaphy|Struggle|p2a: Mew\n|-damage|p2a: Mew|80\/100\n|-damage|p1a: Manaphy|0 fnt|[from] recoil\n|faint|p1a: Manaphy\n|move|p2a: Mew|Take Heart|p2a: Mew\n|-boost|p2a: Mew|spa|1\n|-boost|p2a: Mew|spd|1\n|\n|-heal|p2a: Mew|87\/100|[from] item: Leftovers\n|upkeep\n|\n|t:|1701190297\n|switch|p1a: Hatterene|Hatterene, F|100\/100\n|turn|32\n|\n|t:|1701190302\n|move|p2a: Mew|Surf|p1a: Hatterene\n|-damage|p1a: Hatterene|7\/100\n|move|p1a: Hatterene|Nuzzle|p2a: Mew\n|-supereffective|p2a: Mew\n|-damage|p2a: Mew|85\/100\n|-status|p2a: Mew|par\n|\n|-heal|p2a: Mew|91\/100 par|[from] item: Leftovers\n|upkeep\n|turn|33\n|\n|t:|1701190307\n|move|p2a: Mew|Take Heart|p2a: Mew\n|-boost|p2a: Mew|spa|1\n|-boost|p2a: Mew|spd|1\n|-curestatus|p2a: Mew|par|[msg]\n|move|p1a: Hatterene|Future Sight|p2a: Mew\n|-start|p1a: Hatterene|move: Future Sight\n|\n|-heal|p2a: Mew|97\/100|[from] item: Leftovers\n|upkeep\n|turn|34\n|\n|t:|1701190312\n|move|p2a: Mew|Surf|p1a: Hatterene\n|-damage|p1a: Hatterene|0 fnt\n|faint|p1a: Hatterene\n|\n|-heal|p2a: Mew|100\/100|[from] item: Leftovers\n|upkeep\n|\n|t:|1701190314\n|switch|p1a: Victini|Victini|68\/100\n|turn|35\n|\n|t:|1701190318\n|-terastallize|p2a: Mew|Poison\n|move|p1a: Victini|Bolt Strike|p2a: Mew\n|-damage|p2a: Mew|92\/100\n|move|p2a: Mew|Surf|p1a: Victini\n|-supereffective|p1a: Victini\n|-damage|p1a: Victini|0 fnt\n|faint|p1a: Victini\n|\n|win|Manuel_hdz15\n|raw|CF. Xynix's rating: 1494 &rarr; <strong>1469<\/strong><br \/>(-25 for losing)\n|raw|Manuel_hdz15's rating: 1398 &rarr; <strong>1423<\/strong><br \/>(+25 for winning)\n|c|\u2606Manuel_hdz15|gg\n|c|\u2606CF. Xynix|Go tie a rope around your neck and tie the other end to a pole while you jump off a cliff\n|l|\u2606CF. Xynix\n","uploadtime":1701190383,"views":2,"p1id":"cfxynix","p2id":"manuelhdz15","formatid":"gen9nationaldex","rating":1423,"private":0,"password":""}