{"id":"gen9nationaldex-1992780559","p1":"WalterHrtwellWhite","p2":"Trainer-Yanwu","format":"[Gen 9] National Dex","log":"|j|\u2606WalterHrtwellWhite\n|j|\u2606Trainer-Yanwu\n|t:|1700234837\n|gametype|singles\n|player|p1|WalterHrtwellWhite|gentleman|1405\n|player|p2|Trainer-Yanwu|fisherman|1333\n|teamsize|p1|6\n|teamsize|p2|6\n|gen|9\n|tier|[Gen 9] National Dex\n|rated|\n|rule|HP Percentage Mod: HP is shown in percentages\n|rule|Endless Battle Clause: Forcing endless battles is banned\n|rule|OHKO Clause: OHKO moves are banned\n|rule|Evasion Clause: Evasion abilities, items, and moves are banned\n|rule|Evasion Abilities Clause: Evasion abilities are banned\n|rule|Evasion Items Clause: Evasion items are banned\n|rule|Evasion Moves Clause: Evasion moves are banned\n|rule|Species Clause: Limit one of each Pok\u00e9mon\n|rule|Sleep Clause Mod: Limit one foe put to sleep\n|clearpoke\n|poke|p1|Scizor, M|\n|poke|p1|Volcarona, M|\n|poke|p1|Gliscor, F|\n|poke|p1|Heatran, M|\n|poke|p1|Alomomola, F|\n|poke|p1|Slowking-Galar, M|\n|poke|p2|Mienshao, M|\n|poke|p2|Zapdos|\n|poke|p2|Scizor, M|\n|poke|p2|Pelipper, M|\n|poke|p2|Tapu Lele|\n|poke|p2|Hydreigon, M|\n|teampreview\n|inactive|Battle timer is ON: inactive players will automatically lose when time's up. (requested by Trainer-Yanwu)\n|\n|t:|1700234871\n|start\n|switch|p1a: Alomomola|Alomomola, F|100\/100\n|switch|p2a: Mienshao|Mienshao, M|100\/100\n|turn|1\n|\n|t:|1700234881\n|move|p2a: Mienshao|Knock Off|p1a: Alomomola\n|-damage|p1a: Alomomola|76\/100\n|-enditem|p1a: Alomomola|Heavy-Duty Boots|[from] move: Knock Off|[of] p2a: Mienshao\n|-damage|p2a: Mienshao|91\/100|[from] item: Life Orb\n|move|p1a: Alomomola|Scald|p2a: Mienshao\n|-damage|p2a: Mienshao|62\/100\n|-status|p2a: Mienshao|brn\n|\n|-damage|p2a: Mienshao|57\/100 brn|[from] brn\n|upkeep\n|turn|2\n|\n|t:|1700234889\n|move|p2a: Mienshao|High Jump Kick|p1a: Alomomola\n|-crit|p1a: Alomomola\n|-damage|p1a: Alomomola|33\/100\n|-damage|p2a: Mienshao|47\/100 brn|[from] item: Life Orb\n|move|p1a: Alomomola|Wish|p1a: Alomomola\n|\n|-damage|p2a: Mienshao|41\/100 brn|[from] brn\n|upkeep\n|turn|3\n|\n|t:|1700234900\n|switch|p2a: Zapdos|Zapdos|100\/100\n|move|p1a: Alomomola|Protect||[still]\n|-fail|p1a: Alomomola\n|\n|-heal|p1a: Alomomola|83\/100|[from] move: Wish|[wisher] Alomomola\n|upkeep\n|turn|4\n|\n|t:|1700234911\n|switch|p1a: Slowking|Slowking-Galar, M|100\/100\n|move|p2a: Zapdos|Thunderbolt|p1a: Slowking\n|-damage|p1a: Slowking|77\/100\n|\n|upkeep\n|turn|5\n|\n|t:|1700234925\n|move|p2a: Zapdos|Volt Switch|p1a: Slowking\n|-damage|p1a: Slowking|59\/100\n|\n|t:|1700234932\n|switch|p2a: Mienshao|Mienshao, M|41\/100 brn|[from] Volt Switch\n|move|p1a: Slowking|Future Sight|p2a: Mienshao\n|-start|p1a: Slowking|move: Future Sight\n|\n|-damage|p2a: Mienshao|35\/100 brn|[from] brn\n|upkeep\n|turn|6\n|\n|t:|1700234949\n|switch|p1a: Alomomola|Alomomola, F|100\/100\n|move|p2a: Mienshao|Knock Off|p1a: Alomomola\n|-damage|p1a: Alomomola|93\/100\n|-damage|p2a: Mienshao|25\/100 brn|[from] item: Life Orb\n|\n|-damage|p2a: Mienshao|19\/100 brn|[from] brn\n|upkeep\n|turn|7\n|\n|t:|1700234957\n|switch|p2a: Hydreigon|Hydreigon, M|100\/100\n|move|p1a: Alomomola|Scald|p2a: Hydreigon\n|-resisted|p2a: Hydreigon\n|-damage|p2a: Hydreigon|93\/100\n|\n|-end|p2a: Hydreigon|move: Future Sight\n|-immune|p2a: Hydreigon\n|-heal|p2a: Hydreigon|99\/100|[from] item: Leftovers\n|upkeep\n|turn|8\n|\n|t:|1700234972\n|move|p1a: Alomomola|Protect|p1a: Alomomola\n|-singleturn|p1a: Alomomola|Protect\n|move|p2a: Hydreigon|Dark Pulse|p1a: Alomomola\n|-activate|p1a: Alomomola|move: Protect\n|\n|-heal|p2a: Hydreigon|100\/100|[from] item: Leftovers\n|upkeep\n|turn|9\n|\n|t:|1700234983\n|switch|p1a: Assad|Gliscor, F|100\/100\n|move|p2a: Hydreigon|Dark Pulse|p1a: Assad\n|-damage|p1a: Assad|64\/100\n|\n|-status|p1a: Assad|tox|[from] item: Toxic Orb\n|upkeep\n|turn|10\n|\n|t:|1700234995\n|move|p1a: Assad|Protect|p1a: Assad\n|-singleturn|p1a: Assad|Protect\n|move|p2a: Hydreigon|Dark Pulse|p1a: Assad\n|-activate|p1a: Assad|move: Protect\n|\n|-heal|p1a: Assad|76\/100 tox|[from] ability: Poison Heal\n|upkeep\n|turn|11\n|\n|t:|1700235002\n|move|p2a: Hydreigon|Dark Pulse|p1a: Assad\n|-damage|p1a: Assad|44\/100 tox\n|move|p1a: Assad|Knock Off|p2a: Hydreigon\n|-resisted|p2a: Hydreigon\n|-damage|p2a: Hydreigon|88\/100\n|-enditem|p2a: Hydreigon|Leftovers|[from] move: Knock Off|[of] p1a: Assad\n|\n|-heal|p1a: Assad|56\/100 tox|[from] ability: Poison Heal\n|upkeep\n|turn|12\n|\n|t:|1700235011\n|move|p2a: Hydreigon|Dark Pulse|p1a: Assad\n|-damage|p1a: Assad|20\/100 tox\n|cant|p1a: Assad|flinch\n|\n|-heal|p1a: Assad|33\/100 tox|[from] ability: Poison Heal\n|upkeep\n|turn|13\n|\n|t:|1700235018\n|move|p1a: Assad|Protect|p1a: Assad\n|-singleturn|p1a: Assad|Protect\n|move|p2a: Hydreigon|Dark Pulse|p1a: Assad\n|-activate|p1a: Assad|move: Protect\n|\n|-heal|p1a: Assad|45\/100 tox|[from] ability: Poison Heal\n|upkeep\n|turn|14\n|\n|t:|1700235039\n|move|p2a: Hydreigon|Draco Meteor|p1a: Assad\n|-damage|p1a: Assad|0 fnt\n|-unboost|p2a: Hydreigon|spa|2\n|faint|p1a: Assad\n|\n|upkeep\n|\n|t:|1700235045\n|switch|p1a: Skyler White|Scizor, M|100\/100\n|turn|15\n|\n|t:|1700235055\n|switch|p2a: Zapdos|Zapdos|100\/100\n|detailschange|p1a: Skyler White|Scizor-Mega, M\n|-mega|p1a: Skyler White|Scizor|Scizorite\n|move|p1a: Skyler White|Swords Dance|p1a: Skyler White\n|-boost|p1a: Skyler White|atk|2\n|\n|upkeep\n|turn|16\n|\n|t:|1700235066\n|move|p2a: Zapdos|Heat Wave|p1a: Skyler White\n|-supereffective|p1a: Skyler White\n|-damage|p1a: Skyler White|0 fnt\n|faint|p1a: Skyler White\n|\n|upkeep\n|inactive|WalterHrtwellWhite has 120 seconds left.\n|\n|t:|1700235092\n|switch|p1a: HIM|Heatran, M|100\/100\n|turn|17\n|\n|t:|1700235103\n|switch|p2a: Hydreigon|Hydreigon, M|88\/100\n|move|p1a: HIM|Stealth Rock|p2a: Hydreigon\n|-sidestart|p2: Trainer-Yanwu|move: Stealth Rock\n|\n|upkeep\n|turn|18\n|\n|t:|1700235117\n|move|p2a: Hydreigon|Earth Power|p1a: HIM\n|-supereffective|p1a: HIM\n|-damage|p1a: HIM|30\/100\n|move|p1a: HIM|Toxic|p2a: Hydreigon\n|-status|p2a: Hydreigon|tox\n|\n|-heal|p1a: HIM|36\/100|[from] item: Leftovers\n|-damage|p2a: Hydreigon|82\/100 tox|[from] psn\n|upkeep\n|turn|19\n|inactive|WalterHrtwellWhite has 120 seconds left.\n|\n|t:|1700235135\n|switch|p1a: Slowking|Slowking-Galar, M|92\/100\n|move|p2a: Hydreigon|Earth Power|p1a: Slowking\n|-supereffective|p1a: Slowking\n|-damage|p1a: Slowking|66\/100\n|\n|-damage|p2a: Hydreigon|69\/100 tox|[from] psn\n|upkeep\n|turn|20\n|inactive|WalterHrtwellWhite has 120 seconds left.\n|\n|t:|1700235148\n|move|p2a: Hydreigon|Earth Power|p1a: Slowking\n|-supereffective|p1a: Slowking\n|-crit|p1a: Slowking\n|-damage|p1a: Slowking|26\/100\n|move|p1a: Slowking|Future Sight|p2a: Hydreigon\n|-start|p1a: Slowking|move: Future Sight\n|\n|-damage|p2a: Hydreigon|51\/100 tox|[from] psn\n|upkeep\n|turn|21\n|\n|t:|1700235155\n|switch|p1a: Alomomola|Alomomola, F|100\/100\n|move|p2a: Hydreigon|Earth Power|p1a: Alomomola\n|-damage|p1a: Alomomola|64\/100\n|\n|-damage|p2a: Hydreigon|26\/100 tox|[from] psn\n|upkeep\n|turn|22\n|\n|t:|1700235169\n|move|p1a: Alomomola|Protect|p1a: Alomomola\n|-singleturn|p1a: Alomomola|Protect\n|move|p2a: Hydreigon|Draco Meteor|p1a: Alomomola\n|-activate|p1a: Alomomola|move: Protect\n|\n|-end|p2a: Hydreigon|move: Future Sight\n|-immune|p2a: Hydreigon\n|-damage|p2a: Hydreigon|0 fnt|[from] psn\n|faint|p2a: Hydreigon\n|upkeep\n|\n|t:|1700235178\n|switch|p2a: Mienshao|Mienshao, M|19\/100 brn\n|-damage|p2a: Mienshao|13\/100 brn|[from] Stealth Rock\n|turn|23\n|\n|t:|1700235194\n|move|p2a: Mienshao|High Jump Kick|p1a: Alomomola\n|-damage|p1a: Alomomola|36\/100\n|-damage|p2a: Mienshao|3\/100 brn|[from] item: Life Orb\n|move|p1a: Alomomola|Wish|p1a: Alomomola\n|\n|-damage|p2a: Mienshao|0 fnt|[from] brn\n|faint|p2a: Mienshao\n|upkeep\n|inactive|Trainer-Yanwu has 120 seconds left.\n|\n|t:|1700235220\n|switch|p2a: Zapdos|Zapdos|100\/100\n|-damage|p2a: Zapdos|75\/100|[from] Stealth Rock\n|turn|24\n|inactive|Trainer-Yanwu has 120 seconds left.\n|\n|t:|1700235229\n|switch|p1a: HIM|Heatran, M|36\/100\n|move|p2a: Zapdos|Thunderbolt|p1a: HIM\n|-damage|p1a: HIM|3\/100\n|\n|-heal|p1a: HIM|72\/100|[from] move: Wish|[wisher] Alomomola\n|-heal|p2a: Zapdos|82\/100|[from] item: Leftovers\n|-heal|p1a: HIM|78\/100|[from] item: Leftovers\n|upkeep\n|turn|25\n|inactive|Trainer-Yanwu has 120 seconds left.\n|\n|t:|1700235244\n|switch|p2a: Pelipper|Pelipper, M|100\/100\n|-damage|p2a: Pelipper|76\/100|[from] Stealth Rock\n|-weather|RainDance|[from] ability: Drizzle|[of] p2a: Pelipper\n|move|p1a: HIM|Magma Storm|p2a: Pelipper|[miss]\n|-miss|p1a: HIM|p2a: Pelipper\n|\n|-weather|RainDance|[upkeep]\n|-heal|p1a: HIM|84\/100|[from] item: Leftovers\n|upkeep\n|turn|26\n|\n|t:|1700235252\n|switch|p1a: Slowking|Slowking-Galar, M|59\/100\n|move|p2a: Pelipper|Hydro Pump|p1a: Slowking|[miss]\n|-miss|p2a: Pelipper|p1a: Slowking\n|\n|-weather|RainDance|[upkeep]\n|upkeep\n|turn|27\n|\n|t:|1700235263\n|move|p2a: Pelipper|Hydro Pump|p1a: Slowking\n|-damage|p1a: Slowking|13\/100\n|move|p1a: Slowking|Scald|p2a: Pelipper\n|-resisted|p2a: Pelipper\n|-damage|p2a: Pelipper|47\/100\n|\n|-weather|RainDance|[upkeep]\n|upkeep\n|turn|28\n|\n|t:|1700235270\n|switch|p1a: Alomomola|Alomomola, F|69\/100\n|move|p2a: Pelipper|Hydro Pump|p1a: Alomomola\n|-resisted|p1a: Alomomola\n|-damage|p1a: Alomomola|0 fnt\n|faint|p1a: Alomomola\n|\n|-weather|RainDance|[upkeep]\n|upkeep\n|\n|t:|1700235278\n|switch|p1a: Slowking|Slowking-Galar, M|47\/100\n|turn|29\n|\n|t:|1700235293\n|move|p2a: Pelipper|Hydro Pump|p1a: Slowking\n|-damage|p1a: Slowking|0 fnt\n|faint|p1a: Slowking\n|\n|-weather|none\n|upkeep\n|\n|t:|1700235307\n|switch|p1a: Girlboss|Volcarona, M|100\/100\n|turn|30\n|\n|t:|1700235323\n|-terastallize|p1a: Girlboss|Grass\n|move|p1a: Girlboss|Quiver Dance|p1a: Girlboss\n|-boost|p1a: Girlboss|spa|1\n|-boost|p1a: Girlboss|spd|1\n|-boost|p1a: Girlboss|spe|1\n|move|p2a: Pelipper|Hydro Pump|p1a: Girlboss\n|-resisted|p1a: Girlboss\n|-damage|p1a: Girlboss|72\/100\n|\n|upkeep\n|turn|31\n|\n|t:|1700235343\n|switch|p2a: Zapdos|Zapdos|82\/100\n|-damage|p2a: Zapdos|57\/100|[from] Stealth Rock\n|move|p1a: Girlboss|Giga Drain|p2a: Zapdos\n|-resisted|p2a: Zapdos\n|-damage|p2a: Zapdos|27\/100\n|-heal|p1a: Girlboss|90\/100|[from] drain|[of] p2a: Zapdos\n|\n|-heal|p2a: Zapdos|33\/100|[from] item: Leftovers\n|upkeep\n|turn|32\n|\n|t:|1700235353\n|move|p1a: Girlboss|Fiery Dance|p2a: Zapdos\n|-damage|p2a: Zapdos|0 fnt\n|faint|p2a: Zapdos\n|\n|upkeep\n|\n|t:|1700235364\n|switch|p2a: Pelipper|Pelipper, M|47\/100\n|-damage|p2a: Pelipper|22\/100|[from] Stealth Rock\n|-weather|RainDance|[from] ability: Drizzle|[of] p2a: Pelipper\n|turn|33\n|\n|t:|1700235380\n|move|p1a: Girlboss|Quiver Dance|p1a: Girlboss\n|-boost|p1a: Girlboss|spa|1\n|-boost|p1a: Girlboss|spd|1\n|-boost|p1a: Girlboss|spe|1\n|move|p2a: Pelipper|Hurricane|p1a: Girlboss\n|-supereffective|p1a: Girlboss\n|-damage|p1a: Girlboss|3\/100\n|\n|-weather|RainDance|[upkeep]\n|upkeep\n|turn|34\n|\n|t:|1700235388\n|move|p1a: Girlboss|Giga Drain|p2a: Pelipper\n|-damage|p2a: Pelipper|0 fnt\n|-heal|p1a: Girlboss|12\/100|[from] drain|[of] p2a: Pelipper\n|faint|p2a: Pelipper\n|\n|-weather|RainDance|[upkeep]\n|upkeep\n|\n|t:|1700235399\n|switch|p2a: Scizor|Scizor, M|100\/100\n|-damage|p2a: Scizor|88\/100|[from] Stealth Rock\n|turn|35\n|\n|t:|1700235401\n|switch|p1a: HIM|Heatran, M|84\/100\n|move|p2a: Scizor|U-turn|p1a: HIM\n|-resisted|p1a: HIM\n|-damage|p1a: HIM|76\/100\n|\n|t:|1700235410\n|switch|p2a: Tapu Lele|Tapu Lele|100\/100|[from] U-turn\n|-damage|p2a: Tapu Lele|88\/100|[from] Stealth Rock\n|-fieldstart|move: Psychic Terrain|[from] ability: Psychic Surge|[of] p2a: Tapu Lele\n|\n|-weather|RainDance|[upkeep]\n|-heal|p1a: HIM|82\/100|[from] item: Leftovers\n|upkeep\n|turn|36\n|\n|t:|1700235429\n|-zpower|p2a: Tapu Lele\n|move|p2a: Tapu Lele|All-Out Pummeling|p1a: HIM|[zeffect]\n|-supereffective|p1a: HIM\n|-damage|p1a: HIM|0 fnt\n|faint|p1a: HIM\n|\n|-weather|RainDance|[upkeep]\n|upkeep\n|\n|t:|1700235432\n|switch|p1a: Girlboss|Volcarona, M, tera:Grass|12\/100\n|turn|37\n|\n|t:|1700235446\n|move|p1a: Girlboss|Giga Drain|p2a: Tapu Lele\n|-damage|p2a: Tapu Lele|45\/100\n|-heal|p1a: Girlboss|31\/100|[from] drain|[of] p2a: Tapu Lele\n|move|p2a: Tapu Lele|Psychic|p1a: Girlboss\n|-damage|p1a: Girlboss|0 fnt\n|faint|p1a: Girlboss\n|\n|win|Trainer-Yanwu\n|raw|WalterHrtwellWhite's rating: 1405 &rarr; <strong>1381<\/strong><br \/>(-24 for losing)\n|raw|Trainer-Yanwu's rating: 1333 &rarr; <strong>1357<\/strong><br \/>(+24 for winning)\n|c|\u2606WalterHrtwellWhite|gg\n|l|\u2606WalterHrtwellWhite\n|c|\u2606Trainer-Yanwu|gg\n","uploadtime":1700235464,"views":9,"p1id":"walterhrtwellwhite","p2id":"traineryanwu","formatid":"gen9nationaldex","rating":1357,"private":0,"password":""}