{"id":"gen9nationaldex-1992302387","p1":"Thermo Trento","p2":"hackilla15","format":"[Gen 9] National Dex","log":"|j|\u2606Thermo Trento\n|j|\u2606hackilla15\n|t:|1700172572\n|gametype|singles\n|player|p1|Thermo Trento|morty|1146\n|player|p2|hackilla15|ethan|1237\n|teamsize|p1|6\n|teamsize|p2|6\n|gen|9\n|tier|[Gen 9] National Dex\n|rated|\n|rule|HP Percentage Mod: HP is shown in percentages\n|rule|Endless Battle Clause: Forcing endless battles is banned\n|rule|OHKO Clause: OHKO moves are banned\n|rule|Evasion Clause: Evasion abilities, items, and moves are banned\n|rule|Evasion Abilities Clause: Evasion abilities are banned\n|rule|Evasion Items Clause: Evasion items are banned\n|rule|Evasion Moves Clause: Evasion moves are banned\n|rule|Species Clause: Limit one of each Pok\u00e9mon\n|rule|Sleep Clause Mod: Limit one foe put to sleep\n|clearpoke\n|poke|p1|Ninetales-Alola, F|\n|poke|p1|Jolteon, M|\n|poke|p1|Charizard, M|\n|poke|p1|Magnezone|\n|poke|p1|Liepard, F|\n|poke|p1|Hitmonlee, M|\n|poke|p2|Samurott-Hisui, M|\n|poke|p2|Clodsire, F|\n|poke|p2|Slowking, M|\n|poke|p2|Rillaboom, F|\n|poke|p2|Ceruledge, M|\n|poke|p2|Crobat, F|\n|teampreview\n|inactive|Battle timer is ON: inactive players will automatically lose when time's up. (requested by hackilla15)\n|\n|t:|1700172585\n|start\n|switch|p1a: Magnezone|Magnezone|100\/100\n|switch|p2a: Slowking|Slowking, M, shiny|100\/100\n|turn|1\n|\n|t:|1700172594\n|switch|p2a: Ceruledge|Ceruledge, M|100\/100\n|move|p1a: Magnezone|Magnet Rise|p1a: Magnezone\n|-start|p1a: Magnezone|Magnet Rise\n|\n|upkeep\n|turn|2\n|\n|t:|1700172617\n|switch|p1a: Charizard|Charizard, M|100\/100\n|move|p2a: Ceruledge|Swords Dance|p2a: Ceruledge\n|-boost|p2a: Ceruledge|atk|2\n|\n|upkeep\n|turn|3\n|\n|t:|1700172633\n|detailschange|p1a: Charizard|Charizard-Mega-X, M\n|-mega|p1a: Charizard|Charizard|Charizardite X\n|move|p1a: Charizard|Dragon Claw|p2a: Ceruledge\n|-damage|p2a: Ceruledge|22\/100\n|-ability|p2a: Ceruledge|Weak Armor|boost\n|-unboost|p2a: Ceruledge|def|1\n|-boost|p2a: Ceruledge|spe|2\n|move|p2a: Ceruledge|Shadow Claw|p1a: Charizard\n|-damage|p1a: Charizard|23\/100\n|\n|upkeep\n|turn|4\n|inactive|Thermo Trento has 120 seconds left.\n|\n|t:|1700172666\n|move|p2a: Ceruledge|Bitter Blade|p1a: Charizard\n|-resisted|p1a: Charizard\n|-damage|p1a: Charizard|0 fnt\n|-heal|p2a: Ceruledge|33\/100|[from] drain|[of] p1a: Charizard\n|faint|p1a: Charizard\n|\n|upkeep\n|\n|t:|1700172673\n|switch|p1a: Liepard|Liepard, F|100\/100\n|turn|5\n|\n|t:|1700172679\n|move|p2a: Ceruledge|Bitter Blade|p1a: Liepard\n|-enditem|p1a: Liepard|Focus Sash\n|-damage|p1a: Liepard|1\/100\n|-heal|p2a: Ceruledge|79\/100|[from] drain|[of] p1a: Liepard\n|move|p1a: Liepard|Knock Off|p2a: Ceruledge\n|-supereffective|p2a: Ceruledge\n|-damage|p2a: Ceruledge|0 fnt\n|-enditem|p2a: Ceruledge|Focus Sash|[from] move: Knock Off|[of] p1a: Liepard\n|faint|p2a: Ceruledge\n|\n|upkeep\n|\n|t:|1700172689\n|switch|p2a: Crobat|Crobat, F, shiny|100\/100\n|turn|6\n|\n|t:|1700172696\n|move|p1a: Liepard|Thunder Wave|p2a: Crobat\n|-status|p2a: Crobat|par\n|cant|p2a: Crobat|par\n|\n|upkeep\n|turn|7\n|\n|t:|1700172702\n|move|p1a: Liepard|Knock Off|p2a: Crobat\n|-damage|p2a: Crobat|52\/100 par\n|-enditem|p2a: Crobat|Focus Sash|[from] move: Knock Off|[of] p1a: Liepard\n|move|p2a: Crobat|Dual Wingbeat|p1a: Liepard\n|-crit|p1a: Liepard\n|-damage|p1a: Liepard|0 fnt\n|faint|p1a: Liepard\n|-hitcount|p1: Liepard|1\n|\n|upkeep\n|inactive|Thermo Trento has 120 seconds left.\n|\n|t:|1700172717\n|switch|p1a: Magnezone|Magnezone|100\/100\n|turn|8\n|\n|t:|1700172723\n|switch|p2a: Rillaboom|Rillaboom, F, shiny|100\/100\n|-fieldstart|move: Grassy Terrain|[from] ability: Grassy Surge|[of] p2a: Rillaboom\n|-enditem|p2a: Rillaboom|Grassy Seed\n|-boost|p2a: Rillaboom|def|1|[from] item: Grassy Seed\n|move|p1a: Magnezone|Flash Cannon|p2a: Rillaboom\n|-damage|p2a: Rillaboom|36\/100\n|\n|-heal|p2a: Rillaboom|42\/100|[from] Grassy Terrain\n|upkeep\n|turn|9\n|\n|t:|1700172735\n|move|p2a: Rillaboom|Drain Punch|p1a: Magnezone\n|-supereffective|p1a: Magnezone\n|-damage|p1a: Magnezone|61\/100\n|-heal|p2a: Rillaboom|59\/100|[from] drain|[of] p1a: Magnezone\n|move|p1a: Magnezone|Flash Cannon|p2a: Rillaboom\n|-damage|p2a: Rillaboom|0 fnt\n|faint|p2a: Rillaboom\n|\n|-heal|p1a: Magnezone|67\/100|[from] Grassy Terrain\n|upkeep\n|\n|t:|1700172741\n|switch|p2a: Clodsire|Clodsire, F|100\/100\n|turn|10\n|\n|t:|1700172755\n|switch|p2a: Slowking|Slowking, M, shiny|100\/100\n|move|p1a: Magnezone|Magnet Rise|p1a: Magnezone\n|-start|p1a: Magnezone|Magnet Rise\n|\n|upkeep\n|turn|11\n|\n|t:|1700172764\n|-terastallize|p2a: Slowking|Fairy\n|-zpower|p1a: Magnezone\n|move|p1a: Magnezone|Gigavolt Havoc|p2a: Slowking|[zeffect]\n|-damage|p2a: Slowking|6\/100\n|move|p2a: Slowking|Calm Mind|p2a: Slowking\n|-boost|p2a: Slowking|spa|1\n|-boost|p2a: Slowking|spd|1\n|\n|-heal|p2a: Slowking|12\/100|[from] Grassy Terrain\n|-heal|p2a: Slowking|18\/100|[from] item: Leftovers\n|upkeep\n|turn|12\n|\n|t:|1700172777\n|move|p1a: Magnezone|Flash Cannon|p2a: Slowking\n|-supereffective|p2a: Slowking\n|-damage|p2a: Slowking|0 fnt\n|faint|p2a: Slowking\n|\n|-fieldend|move: Grassy Terrain\n|upkeep\n|\n|t:|1700172785\n|switch|p2a: Samurott|Samurott-Hisui, M, shiny|100\/100\n|turn|13\n|\n|t:|1700172788\n|move|p2a: Samurott|Sacred Sword|p1a: Magnezone\n|-supereffective|p1a: Magnezone\n|-damage|p1a: Magnezone|0 fnt\n|faint|p1a: Magnezone\n|\n|upkeep\n|\n|t:|1700172795\n|switch|p1a: Hitmonlee|Hitmonlee, M|100\/100\n|turn|14\n|\n|t:|1700172803\n|move|p1a: Hitmonlee|Rapid Spin|p2a: Samurott\n|-damage|p2a: Samurott|81\/100\n|-boost|p1a: Hitmonlee|spe|1\n|move|p2a: Samurott|Aqua Cutter|p1a: Hitmonlee\n|-enditem|p1a: Hitmonlee|Focus Sash\n|-damage|p1a: Hitmonlee|1\/100\n|\n|upkeep\n|turn|15\n|\n|t:|1700172814\n|move|p1a: Hitmonlee|Mach Punch|p2a: Samurott\n|-supereffective|p2a: Samurott\n|-damage|p2a: Samurott|32\/100\n|move|p2a: Samurott|Sucker Punch||[still]\n|-fail|p2a: Samurott\n|\n|upkeep\n|turn|16\n|\n|t:|1700172820\n|switch|p2a: Clodsire|Clodsire, F|100\/100\n|move|p1a: Hitmonlee|Mach Punch|p2a: Clodsire\n|-resisted|p2a: Clodsire\n|-damage|p2a: Clodsire|88\/100\n|\n|-heal|p2a: Clodsire|94\/100|[from] item: Black Sludge\n|upkeep\n|turn|17\n|\n|t:|1700172840\n|move|p1a: Hitmonlee|Knock Off|p2a: Clodsire\n|-crit|p2a: Clodsire\n|-damage|p2a: Clodsire|38\/100\n|-enditem|p2a: Clodsire|Black Sludge|[from] move: Knock Off|[of] p1a: Hitmonlee\n|move|p2a: Clodsire|Earthquake|p1a: Hitmonlee\n|-damage|p1a: Hitmonlee|0 fnt\n|faint|p1a: Hitmonlee\n|\n|upkeep\n|\n|t:|1700172849\n|switch|p1a: Ninetales|Ninetales-Alola, F|100\/100\n|-weather|Snow|[from] ability: Snow Warning|[of] p1a: Ninetales\n|turn|18\n|\n|t:|1700172853\n|switch|p2a: Crobat|Crobat, F, shiny|52\/100 par\n|move|p1a: Ninetales|Freeze-Dry|p2a: Crobat\n|-supereffective|p2a: Crobat\n|-damage|p2a: Crobat|0 fnt\n|faint|p2a: Crobat\n|\n|-weather|Snow|[upkeep]\n|upkeep\n|\n|t:|1700172857\n|switch|p2a: Clodsire|Clodsire, F|38\/100\n|turn|19\n|\n|t:|1700172864\n|move|p1a: Ninetales|Freeze-Dry|p2a: Clodsire\n|-supereffective|p2a: Clodsire\n|-damage|p2a: Clodsire|8\/100\n|move|p2a: Clodsire|Recover|p2a: Clodsire\n|-heal|p2a: Clodsire|58\/100\n|\n|-weather|Snow|[upkeep]\n|upkeep\n|turn|20\n|\n|t:|1700172873\n|move|p1a: Ninetales|Aurora Veil|p1a: Ninetales\n|-sidestart|p1: Thermo Trento|move: Aurora Veil\n|move|p2a: Clodsire|Recover|p2a: Clodsire\n|-heal|p2a: Clodsire|100\/100\n|\n|-weather|Snow|[upkeep]\n|upkeep\n|turn|21\n|\n|t:|1700172880\n|move|p1a: Ninetales|Freeze-Dry|p2a: Clodsire\n|-supereffective|p2a: Clodsire\n|-damage|p2a: Clodsire|72\/100\n|move|p2a: Clodsire|Toxic|p1a: Ninetales\n|-status|p1a: Ninetales|tox\n|\n|-weather|Snow|[upkeep]\n|-damage|p1a: Ninetales|95\/100 tox|[from] psn\n|upkeep\n|turn|22\n|\n|t:|1700172895\n|switch|p1a: Jolteon|Jolteon, M|100\/100\n|move|p2a: Clodsire|Poison Jab|p1a: Jolteon\n|-damage|p1a: Jolteon|79\/100\n|-status|p1a: Jolteon|psn\n|\n|-weather|none\n|-damage|p1a: Jolteon|67\/100 psn|[from] psn\n|upkeep\n|turn|23\n|\n|t:|1700172914\n|-terastallize|p1a: Jolteon|Flying\n|move|p1a: Jolteon|Calm Mind|p1a: Jolteon\n|-boost|p1a: Jolteon|spa|1\n|-boost|p1a: Jolteon|spd|1\n|move|p2a: Clodsire|Recover|p2a: Clodsire\n|-heal|p2a: Clodsire|100\/100\n|\n|-damage|p1a: Jolteon|54\/100 psn|[from] psn\n|upkeep\n|turn|24\n|inactive|Thermo Trento has 120 seconds left.\n|\n|t:|1700172936\n|move|p1a: Jolteon|Calm Mind|p1a: Jolteon\n|-boost|p1a: Jolteon|spa|1\n|-boost|p1a: Jolteon|spd|1\n|move|p2a: Clodsire|Poison Jab|p1a: Jolteon\n|-damage|p1a: Jolteon|33\/100 psn\n|\n|-damage|p1a: Jolteon|21\/100 psn|[from] psn\n|upkeep\n|turn|25\n|inactive|Thermo Trento has 120 seconds left.\n|\n|t:|1700172947\n|move|p1a: Jolteon|Hidden Power|p2a: Clodsire\n|-supereffective|p2a: Clodsire\n|-damage|p2a: Clodsire|43\/100\n|-damage|p1a: Jolteon|11\/100 psn|[from] item: Life Orb\n|move|p2a: Clodsire|Recover|p2a: Clodsire\n|-heal|p2a: Clodsire|93\/100\n|\n|-damage|p1a: Jolteon|0 fnt|[from] psn\n|faint|p1a: Jolteon\n|upkeep\n|inactive|Thermo Trento has 120 seconds left.\n|\n|t:|1700172957\n|switch|p1a: Ninetales|Ninetales-Alola, F|95\/100 tox\n|-weather|Snow|[from] ability: Snow Warning|[of] p1a: Ninetales\n|turn|26\n|inactive|Thermo Trento has 120 seconds left.\n|\n|t:|1700172965\n|move|p1a: Ninetales|Freeze-Dry|p2a: Clodsire\n|-supereffective|p2a: Clodsire\n|-damage|p2a: Clodsire|62\/100\n|move|p2a: Clodsire|Poison Jab|p1a: Ninetales\n|-supereffective|p1a: Ninetales\n|-damage|p1a: Ninetales|69\/100 tox\n|\n|-weather|Snow|[upkeep]\n|-damage|p1a: Ninetales|63\/100 tox|[from] psn\n|upkeep\n|turn|27\n|\n|t:|1700172985\n|move|p1a: Ninetales|Freeze-Dry|p2a: Clodsire\n|-supereffective|p2a: Clodsire\n|-damage|p2a: Clodsire|33\/100\n|move|p2a: Clodsire|Recover|p2a: Clodsire\n|-heal|p2a: Clodsire|83\/100\n|\n|-weather|Snow|[upkeep]\n|-damage|p1a: Ninetales|51\/100 tox|[from] psn\n|-sideend|p1: Thermo Trento|move: Aurora Veil\n|upkeep\n|turn|28\n|\n|t:|1700172995\n|move|p1a: Ninetales|Freeze-Dry|p2a: Clodsire\n|-supereffective|p2a: Clodsire\n|-damage|p2a: Clodsire|51\/100\n|move|p2a: Clodsire|Poison Jab|p1a: Ninetales\n|-supereffective|p1a: Ninetales\n|-damage|p1a: Ninetales|1\/100 tox\n|\n|-weather|Snow|[upkeep]\n|-damage|p1a: Ninetales|0 fnt|[from] psn\n|faint|p1a: Ninetales\n|\n|win|hackilla15\n|upkeep\n|raw|Thermo Trento's rating: 1146 &rarr; <strong>1127<\/strong><br \/>(-19 for losing)\n|raw|hackilla15's rating: 1237 &rarr; <strong>1256<\/strong><br \/>(+19 for winning)\n|l|\u2606Thermo Trento\n","uploadtime":1700173008,"views":16,"p1id":"thermotrento","p2id":"hackilla15","formatid":"gen9nationaldex","rating":1127,"private":0,"password":""}