{"id":"gen9nationaldex-1993145019","p1":"HeirEhm","p2":"tbor2002","format":"[Gen 9] National Dex","log":"|j|\u2606HeirEhm\n|j|\u2606tbor2002\n|t:|1700270173\n|gametype|singles\n|player|p1|HeirEhm|cynthia-gen7|\n|player|p2|tbor2002|wattson|\n|teamsize|p1|6\n|teamsize|p2|6\n|gen|9\n|tier|[Gen 9] National Dex\n|rule|HP Percentage Mod: HP is shown in percentages\n|rule|Endless Battle Clause: Forcing endless battles is banned\n|rule|OHKO Clause: OHKO moves are banned\n|rule|Evasion Clause: Evasion abilities, items, and moves are banned\n|rule|Evasion Abilities Clause: Evasion abilities are banned\n|rule|Evasion Items Clause: Evasion items are banned\n|rule|Evasion Moves Clause: Evasion moves are banned\n|rule|Species Clause: Limit one of each Pok\u00e9mon\n|rule|Sleep Clause Mod: Limit one foe put to sleep\n|clearpoke\n|poke|p1|Clodsire, M|\n|poke|p1|Ceruledge, M|\n|poke|p1|Klefki, M|\n|poke|p1|Orthworm, M|\n|poke|p1|Chansey, F|\n|poke|p1|Murkrow, M|\n|poke|p2|Zamazenta-*|\n|poke|p2|Muk-Alola, M|\n|poke|p2|Jolteon, F|\n|poke|p2|Eelektross, M|\n|poke|p2|Crabominable, M|\n|poke|p2|Glimmet, F|\n|teampreview\n|\n|t:|1700270197\n|start\n|switch|p1a: Jingle Jingle|Klefki, M|100\/100\n|switch|p2a: Muk|Muk-Alola, M|100\/100\n|turn|1\n|\n|t:|1700270219\n|switch|p1a: GirthWorm|Orthworm, M|100\/100\n|move|p2a: Muk|Knock Off|p1a: GirthWorm\n|-damage|p1a: GirthWorm|64\/100\n|-enditem|p1a: GirthWorm|Flame Orb|[from] move: Knock Off|[of] p2a: Muk\n|\n|upkeep\n|turn|2\n|\n|t:|1700270230\n|move|p1a: GirthWorm|Rock Slide|p2a: Muk\n|-damage|p2a: Muk|80\/100\n|cant|p2a: Muk|flinch\n|\n|upkeep\n|turn|3\n|\n|t:|1700270243\n|move|p1a: GirthWorm|Rock Slide|p2a: Muk\n|-damage|p2a: Muk|58\/100\n|move|p2a: Muk|Brick Break|p1a: GirthWorm\n|-supereffective|p1a: GirthWorm\n|-damage|p1a: GirthWorm|28\/100\n|\n|upkeep\n|turn|4\n|\n|t:|1700270253\n|switch|p1a: SWORDSFORHANDS|Ceruledge, M|100\/100\n|move|p2a: Muk|Brick Break|p1a: SWORDSFORHANDS\n|-immune|p1a: SWORDSFORHANDS\n|\n|upkeep\n|turn|5\n|\n|t:|1700270276\n|move|p1a: SWORDSFORHANDS|Bulk Up|p1a: SWORDSFORHANDS\n|-boost|p1a: SWORDSFORHANDS|atk|1\n|-boost|p1a: SWORDSFORHANDS|def|1\n|move|p2a: Muk|Poison Jab|p1a: SWORDSFORHANDS\n|-resisted|p1a: SWORDSFORHANDS\n|-crit|p1a: SWORDSFORHANDS\n|-damage|p1a: SWORDSFORHANDS|62\/100\n|-status|p1a: SWORDSFORHANDS|psn\n|-ability|p1a: SWORDSFORHANDS|Weak Armor|boost\n|-unboost|p1a: SWORDSFORHANDS|def|1\n|-boost|p1a: SWORDSFORHANDS|spe|2\n|\n|-damage|p1a: SWORDSFORHANDS|50\/100 psn|[from] psn\n|upkeep\n|turn|6\n|\n|t:|1700270289\n|switch|p2a: Glimmet|Glimmet, F|100\/100\n|move|p1a: SWORDSFORHANDS|Bitter Blade|p2a: Glimmet\n|-resisted|p2a: Glimmet\n|-damage|p2a: Glimmet|3\/100\n|-heal|p1a: SWORDSFORHANDS|90\/100 psn|[from] drain|[of] p2a: Glimmet\n|-activate|p2a: Glimmet|ability: Toxic Debris\n|-sidestart|p1: HeirEhm|move: Toxic Spikes\n|\n|-damage|p1a: SWORDSFORHANDS|77\/100 psn|[from] psn\n|upkeep\n|turn|7\n|\n|t:|1700270299\n|move|p1a: SWORDSFORHANDS|Bitter Blade|p2a: Glimmet\n|-resisted|p2a: Glimmet\n|-crit|p2a: Glimmet\n|-damage|p2a: Glimmet|0 fnt\n|-heal|p1a: SWORDSFORHANDS|78\/100 psn|[from] drain|[of] p2a: Glimmet\n|-activate|p2a: Glimmet|ability: Toxic Debris\n|-sidestart|p1: HeirEhm|move: Toxic Spikes\n|faint|p2a: Glimmet\n|\n|-damage|p1a: SWORDSFORHANDS|66\/100 psn|[from] psn\n|upkeep\n|\n|t:|1700270319\n|switch|p2a: Zamazenta|Zamazenta, shiny|100\/100\n|-ability|p2a: Zamazenta|Dauntless Shield|boost\n|-boost|p2a: Zamazenta|def|1\n|turn|8\n|\n|t:|1700270326\n|move|p1a: SWORDSFORHANDS|Bitter Blade|p2a: Zamazenta\n|-damage|p2a: Zamazenta|69\/100\n|-heal|p1a: SWORDSFORHANDS|87\/100 psn|[from] drain|[of] p2a: Zamazenta\n|move|p2a: Zamazenta|Crunch|p1a: SWORDSFORHANDS\n|-supereffective|p1a: SWORDSFORHANDS\n|-damage|p1a: SWORDSFORHANDS|27\/100 psn\n|-ability|p1a: SWORDSFORHANDS|Weak Armor|boost\n|-unboost|p1a: SWORDSFORHANDS|def|1\n|-boost|p1a: SWORDSFORHANDS|spe|2\n|\n|-heal|p2a: Zamazenta|75\/100|[from] item: Leftovers\n|-damage|p1a: SWORDSFORHANDS|14\/100 psn|[from] psn\n|upkeep\n|turn|9\n|\n|t:|1700270343\n|move|p1a: SWORDSFORHANDS|Bitter Blade|p2a: Zamazenta\n|-damage|p2a: Zamazenta|39\/100\n|-heal|p1a: SWORDSFORHANDS|38\/100 psn|[from] drain|[of] p2a: Zamazenta\n|move|p2a: Zamazenta|Crunch|p1a: SWORDSFORHANDS\n|-supereffective|p1a: SWORDSFORHANDS\n|-damage|p1a: SWORDSFORHANDS|0 fnt\n|faint|p1a: SWORDSFORHANDS\n|\n|-heal|p2a: Zamazenta|46\/100|[from] item: Leftovers\n|upkeep\n|\n|t:|1700270348\n|switch|p1a: Angy Boi|Clodsire, M|100\/100\n|-sideend|p1: HeirEhm|move: Toxic Spikes|[of] p1a: Angy Boi\n|turn|10\n|j| lunchbox5536\n|\n|t:|1700270362\n|switch|p2a: Eelektross|Eelektross, M|100\/100\n|move|p1a: Angy Boi|Earthquake|p2a: Eelektross\n|-immune|p2a: Eelektross|[from] ability: Levitate\n|\n|upkeep\n|turn|11\n|\n|t:|1700270371\n|move|p1a: Angy Boi|Gunk Shot|p2a: Eelektross\n|-damage|p2a: Eelektross|44\/100\n|move|p2a: Eelektross|Dragon Tail|p1a: Angy Boi|[miss]\n|-miss|p2a: Eelektross|p1a: Angy Boi\n|\n|upkeep\n|turn|12\n|\n|t:|1700270378\n|-terastallize|p2a: Eelektross|Steel\n|move|p1a: Angy Boi|Gunk Shot|p2a: Eelektross\n|-immune|p2a: Eelektross\n|move|p2a: Eelektross|Dragon Tail|p1a: Angy Boi\n|-damage|p1a: Angy Boi|84\/100\n|-damage|p2a: Eelektross|28\/100|[from] item: Rocky Helmet|[of] p1a: Angy Boi\n|drag|p1a: Murder|Murkrow, M|100\/100\n|\n|upkeep\n|turn|13\n|\n|t:|1700270402\n|move|p1a: Murder|Brave Bird|p2a: Eelektross\n|-resisted|p2a: Eelektross\n|-crit|p2a: Eelektross\n|-damage|p2a: Eelektross|0 fnt\n|faint|p2a: Eelektross\n|-damage|p1a: Murder|88\/100|[from] Recoil\n|\n|upkeep\n|\n|t:|1700270408\n|switch|p2a: Jolteon|Jolteon, F|100\/100\n|turn|14\n|\n|t:|1700270414\n|switch|p1a: Angy Boi|Clodsire, M|84\/100\n|move|p2a: Jolteon|Volt Switch|p1a: Angy Boi\n|-immune|p1a: Angy Boi\n|\n|upkeep\n|turn|15\n|\n|t:|1700270436\n|switch|p2a: Muk|Muk-Alola, M|58\/100\n|move|p1a: Angy Boi|Earthquake|p2a: Muk\n|-supereffective|p2a: Muk\n|-damage|p2a: Muk|0 fnt\n|faint|p2a: Muk\n|\n|upkeep\n|\n|t:|1700270443\n|switch|p2a: Crabominable|Crabominable, M|100\/100\n|turn|16\n|\n|t:|1700270456\n|switch|p1a: GirthWorm|Orthworm, M|28\/100\n|move|p2a: Crabominable|Earthquake|p1a: GirthWorm\n|-heal|p1a: GirthWorm|52\/100|[from] ability: Earth Eater|[of] p2a: Crabominable\n|\n|upkeep\n|turn|17\n|\n|t:|1700270464\n|move|p1a: GirthWorm|Heavy Slam|p2a: Crabominable\n|-supereffective|p2a: Crabominable\n|-damage|p2a: Crabominable|62\/100\n|move|p2a: Crabominable|Drain Punch|p1a: GirthWorm\n|-supereffective|p1a: GirthWorm\n|-damage|p1a: GirthWorm|0 fnt\n|-heal|p2a: Crabominable|85\/100|[from] drain|[of] p1a: GirthWorm\n|faint|p1a: GirthWorm\n|\n|upkeep\n|\n|t:|1700270470\n|switch|p1a: Murder|Murkrow, M|88\/100\n|turn|18\n|\n|t:|1700270474\n|move|p1a: Murder|Brave Bird|p2a: Crabominable\n|-supereffective|p2a: Crabominable\n|-damage|p2a: Crabominable|0 fnt\n|faint|p2a: Crabominable\n|-damage|p1a: Murder|45\/100|[from] Recoil\n|\n|upkeep\n|\n|t:|1700270480\n|switch|p2a: Zamazenta|Zamazenta, shiny|46\/100\n|turn|19\n|\n|t:|1700270487\n|move|p2a: Zamazenta|Crunch|p1a: Murder\n|-resisted|p1a: Murder\n|-damage|p1a: Murder|19\/100\n|move|p1a: Murder|Brave Bird|p2a: Zamazenta\n|-supereffective|p2a: Zamazenta\n|-damage|p2a: Zamazenta|0 fnt\n|faint|p2a: Zamazenta\n|-damage|p1a: Murder|0 fnt|[from] Recoil\n|faint|p1a: Murder\n|\n|upkeep\n|\n|t:|1700270499\n|switch|p2a: Jolteon|Jolteon, F|100\/100\n|switch|p1a: Wambulance|Chansey, F|100\/100\n|turn|20\n|\n|t:|1700270504\n|move|p2a: Jolteon|Thunderbolt|p1a: Wambulance\n|-damage|p1a: Wambulance|80\/100\n|move|p1a: Wambulance|Tri Attack|p2a: Jolteon\n|-crit|p2a: Jolteon\n|-damage|p2a: Jolteon|63\/100\n|\n|upkeep\n|turn|21\n|\n|t:|1700270510\n|move|p2a: Jolteon|Thunderbolt|p1a: Wambulance\n|-damage|p1a: Wambulance|58\/100\n|move|p1a: Wambulance|Tri Attack|p2a: Jolteon\n|-damage|p2a: Jolteon|36\/100\n|-status|p2a: Jolteon|frz\n|\n|upkeep\n|turn|22\n|\n|t:|1700270517\n|cant|p2a: Jolteon|frz\n|move|p1a: Wambulance|Tri Attack|p2a: Jolteon\n|-crit|p2a: Jolteon\n|-damage|p2a: Jolteon|0 fnt\n|faint|p2a: Jolteon\n|\n|win|HeirEhm\n","uploadtime":1700270525,"views":7,"p1id":"heirehm","p2id":"tbor2002","formatid":"gen9nationaldex","rating":0,"private":0,"password":""}