{"id":"gen9nationaldex-1992493740","p1":"xiezhouqun","p2":"zhuandayoudou","format":"[Gen 9] National Dex","log":"|j|\u2606xiezhouqun\n|j|\u2606zhuandayoudou\n|t:|1700194671\n|gametype|singles\n|player|p1|xiezhouqun|fisherman-gen4|1697\n|player|p2|zhuandayoudou|265|1618\n|teamsize|p1|6\n|teamsize|p2|6\n|gen|9\n|tier|[Gen 9] National Dex\n|rated|\n|rule|HP Percentage Mod: HP is shown in percentages\n|rule|Endless Battle Clause: Forcing endless battles is banned\n|rule|OHKO Clause: OHKO moves are banned\n|rule|Evasion Clause: Evasion abilities, items, and moves are banned\n|rule|Evasion Abilities Clause: Evasion abilities are banned\n|rule|Evasion Items Clause: Evasion items are banned\n|rule|Evasion Moves Clause: Evasion moves are banned\n|rule|Species Clause: Limit one of each Pok\u00e9mon\n|rule|Sleep Clause Mod: Limit one foe put to sleep\n|clearpoke\n|poke|p1|Kyurem|\n|poke|p1|Rillaboom, M|\n|poke|p1|Banette, M|\n|poke|p1|Sneasler, M|\n|poke|p1|Hawlucha, M|\n|poke|p1|Alomomola, M|\n|poke|p2|Banette, F|\n|poke|p2|Alomomola, F|\n|poke|p2|Landorus-Therian, M|\n|poke|p2|Heatran, F|\n|poke|p2|Swellow, M|\n|poke|p2|Urshifu-*, F|\n|teampreview\n|\n|t:|1700194683\n|start\n|switch|p1a: Banette|Banette, M|100\/100\n|switch|p2a: Urshifu|Urshifu-Rapid-Strike, F|100\/100\n|turn|1\n|inactive|Battle timer is ON: inactive players will automatically lose when time's up. (requested by zhuandayoudou)\n|\n|t:|1700194695\n|switch|p1a: Alomomola|Alomomola, M|100\/100\n|move|p2a: Urshifu|Surging Strikes|p1a: Alomomola\n|-resisted|p1a: Alomomola\n|-crit|p1a: Alomomola\n|-damage|p1a: Alomomola|95\/100\n|-damage|p2a: Urshifu|84\/100|[from] item: Rocky Helmet|[of] p1a: Alomomola\n|-resisted|p1a: Alomomola\n|-crit|p1a: Alomomola\n|-damage|p1a: Alomomola|89\/100\n|-damage|p2a: Urshifu|68\/100|[from] item: Rocky Helmet|[of] p1a: Alomomola\n|-resisted|p1a: Alomomola\n|-crit|p1a: Alomomola\n|-damage|p1a: Alomomola|83\/100\n|-damage|p2a: Urshifu|51\/100|[from] item: Rocky Helmet|[of] p1a: Alomomola\n|-hitcount|p1a: Alomomola|3\n|\n|upkeep\n|turn|2\n|\n|t:|1700194711\n|switch|p2a: Alomomola|Alomomola, F, shiny|100\/100\n|move|p1a: Alomomola|Flip Turn|p2a: Alomomola\n|-resisted|p2a: Alomomola\n|-damage|p2a: Alomomola|96\/100\n|\n|t:|1700194717\n|switch|p1a: Kyurem|Kyurem|100\/100|[from] Flip Turn\n|-ability|p1a: Kyurem|Pressure\n|\n|upkeep\n|turn|3\n|\n|t:|1700194725\n|switch|p2a: Heatran|Heatran, F|100\/100\n|move|p1a: Kyurem|Substitute|p1a: Kyurem\n|-start|p1a: Kyurem|Substitute\n|-damage|p1a: Kyurem|75\/100\n|\n|-heal|p1a: Kyurem|82\/100|[from] item: Leftovers\n|upkeep\n|turn|4\n|\n|t:|1700194734\n|move|p1a: Kyurem|Earth Power|p2a: Heatran\n|-supereffective|p2a: Heatran\n|-damage|p2a: Heatran|26\/100\n|move|p2a: Heatran|Magma Storm|p1a: Kyurem\n|-end|p1a: Kyurem|Substitute\n|\n|-heal|p1a: Kyurem|88\/100|[from] item: Leftovers\n|-heal|p2a: Heatran|32\/100|[from] item: Leftovers\n|upkeep\n|turn|5\n|\n|t:|1700194748\n|switch|p2a: Swellow|Swellow, M|100\/100\n|move|p1a: Kyurem|Substitute|p1a: Kyurem\n|-start|p1a: Kyurem|Substitute\n|-damage|p1a: Kyurem|63\/100\n|\n|-heal|p1a: Kyurem|69\/100|[from] item: Leftovers\n|upkeep\n|turn|6\n|\n|t:|1700194757\n|-terastallize|p2a: Swellow|Normal\n|move|p2a: Swellow|Boomburst|p1a: Kyurem\n|-damage|p1a: Kyurem|0 fnt\n|faint|p1a: Kyurem\n|\n|upkeep\n|\n|t:|1700194776\n|switch|p1a: Rillaboom|Rillaboom, M|100\/100\n|-fieldstart|move: Grassy Terrain|[from] ability: Grassy Surge|[of] p1a: Rillaboom\n|turn|7\n|\n|t:|1700194793\n|switch|p1a: Banette|Banette, M|100\/100\n|move|p2a: Swellow|Boomburst|p1a: Banette\n|-damage|p1a: Banette|0 fnt\n|faint|p1a: Banette\n|\n|upkeep\n|\n|t:|1700194806\n|switch|p1a: Hawlucha|Hawlucha, M, shiny|100\/100\n|-enditem|p1a: Hawlucha|Grassy Seed\n|-boost|p1a: Hawlucha|def|1|[from] item: Grassy Seed\n|turn|8\n|\n|t:|1700194814\n|switch|p2a: Alomomola|Alomomola, F, shiny|100\/100\n|move|p1a: Hawlucha|Close Combat|p2a: Alomomola\n|-damage|p2a: Alomomola|72\/100\n|-unboost|p1a: Hawlucha|def|1\n|-unboost|p1a: Hawlucha|spd|1\n|\n|-heal|p2a: Alomomola|79\/100|[from] Grassy Terrain\n|upkeep\n|turn|9\n|\n|t:|1700194829\n|move|p1a: Hawlucha|Acrobatics|p2a: Alomomola\n|-damage|p2a: Alomomola|56\/100\n|move|p2a: Alomomola|Flip Turn|p1a: Hawlucha\n|-damage|p1a: Hawlucha|76\/100\n|\n|t:|1700194834\n|switch|p2a: Landorus|Landorus-Therian, M|100\/100|[from] Flip Turn\n|-ability|p2a: Landorus|Intimidate|boost\n|-unboost|p1a: Hawlucha|atk|1\n|\n|upkeep\n|turn|10\n|\n|t:|1700194843\n|move|p1a: Hawlucha|Swords Dance|p1a: Hawlucha\n|-boost|p1a: Hawlucha|atk|2\n|move|p2a: Landorus|Fly||[still]\n|-prepare|p2a: Landorus|Fly\n|\n|upkeep\n|turn|11\n|\n|t:|1700194864\n|-terastallize|p1a: Hawlucha|Flying\n|move|p1a: Hawlucha|Swords Dance|p1a: Hawlucha\n|-boost|p1a: Hawlucha|atk|2\n|move|p2a: Landorus|Fly|p1a: Hawlucha|[from]lockedmove\n|-damage|p1a: Hawlucha|4\/100\n|\n|-fieldend|move: Grassy Terrain\n|upkeep\n|turn|12\n|\n|t:|1700194876\n|move|p1a: Hawlucha|Acrobatics|p2a: Landorus\n|-damage|p2a: Landorus|0 fnt\n|faint|p2a: Landorus\n|\n|upkeep\n|\n|t:|1700194883\n|switch|p2a: Urshifu|Urshifu-Rapid-Strike, F|51\/100\n|turn|13\n|\n|t:|1700194887\n|move|p2a: Urshifu|Aqua Jet|p1a: Hawlucha\n|-damage|p1a: Hawlucha|0 fnt\n|faint|p1a: Hawlucha\n|\n|upkeep\n|\n|t:|1700194896\n|switch|p1a: Rillaboom|Rillaboom, M|100\/100\n|-fieldstart|move: Grassy Terrain|[from] ability: Grassy Surge|[of] p1a: Rillaboom\n|turn|14\n|\n|t:|1700194907\n|switch|p2a: Heatran|Heatran, F|32\/100\n|move|p1a: Rillaboom|Swords Dance|p1a: Rillaboom\n|-boost|p1a: Rillaboom|atk|2\n|\n|-heal|p2a: Heatran|38\/100|[from] Grassy Terrain\n|-heal|p2a: Heatran|44\/100|[from] item: Leftovers\n|upkeep\n|turn|15\n|\n|t:|1700194916\n|move|p2a: Heatran|Protect|p2a: Heatran\n|-singleturn|p2a: Heatran|Protect\n|move|p1a: Rillaboom|Drain Punch|p2a: Heatran\n|-activate|p2a: Heatran|move: Protect\n|\n|-heal|p2a: Heatran|51\/100|[from] Grassy Terrain\n|-heal|p2a: Heatran|57\/100|[from] item: Leftovers\n|upkeep\n|turn|16\n|\n|t:|1700194929\n|switch|p2a: Banette|Banette, F|100\/100\n|-item|p1a: Rillaboom|Leftovers|[from] ability: Frisk|[of] p2a: Banette|[identify]\n|move|p1a: Rillaboom|Drain Punch|p2a: Banette\n|-immune|p2a: Banette\n|\n|upkeep\n|turn|17\n|\n|t:|1700194937\n|switch|p1a: Alomomola|Alomomola, M|100\/100\n|detailschange|p2a: Banette|Banette-Mega, F\n|-mega|p2a: Banette|Banette|Banettite\n|move|p2a: Banette|Encore||[still]\n|-fail|p2a: Banette\n|\n|upkeep\n|turn|18\n|\n|t:|1700194947\n|move|p2a: Banette|Poltergeist|p1a: Alomomola|[miss]\n|-miss|p2a: Banette|p1a: Alomomola\n|move|p1a: Alomomola|Toxic|p2a: Banette\n|-status|p2a: Banette|tox\n|\n|-damage|p2a: Banette|94\/100 tox|[from] psn\n|-fieldend|move: Grassy Terrain\n|upkeep\n|turn|19\n|\n|t:|1700194957\n|move|p2a: Banette|Encore|p1a: Alomomola\n|-start|p1a: Alomomola|Encore\n|move|p1a: Alomomola|Toxic|p2a: Banette\n|-fail|p2a: Banette|tox\n|\n|-damage|p2a: Banette|82\/100 tox|[from] psn\n|upkeep\n|turn|20\n|\n|t:|1700194965\n|move|p2a: Banette|Poltergeist|p1a: Alomomola\n|-activate|p1a: Alomomola|move: Poltergeist|Rocky Helmet\n|-damage|p1a: Alomomola|62\/100\n|move|p1a: Alomomola|Toxic|p2a: Banette\n|-fail|p2a: Banette|tox\n|\n|-damage|p2a: Banette|64\/100 tox|[from] psn\n|upkeep\n|turn|21\n|\n|t:|1700194975\n|switch|p2a: Heatran|Heatran, F|57\/100\n|move|p1a: Alomomola|Toxic|p2a: Heatran\n|-immune|p2a: Heatran\n|\n|-heal|p2a: Heatran|63\/100|[from] item: Leftovers\n|-end|p1a: Alomomola|Encore\n|upkeep\n|turn|22\n|\n|t:|1700194985\n|move|p2a: Heatran|Magma Storm|p1a: Alomomola\n|-resisted|p1a: Alomomola\n|-damage|p1a: Alomomola|38\/100\n|-activate|p1a: Alomomola|move: Magma Storm|[of] p2a: Heatran\n|move|p1a: Alomomola|Wish|p1a: Alomomola\n|\n|-heal|p2a: Heatran|69\/100|[from] item: Leftovers\n|-damage|p1a: Alomomola|25\/100|[from] move: Magma Storm|[partiallytrapped]\n|upkeep\n|turn|23\n|\n|t:|1700194996\n|move|p2a: Heatran|Protect|p2a: Heatran\n|-singleturn|p2a: Heatran|Protect\n|move|p1a: Alomomola|Scald|p2a: Heatran\n|-activate|p2a: Heatran|move: Protect\n|\n|-heal|p1a: Alomomola|75\/100|[from] move: Wish|[wisher] Alomomola\n|-heal|p2a: Heatran|76\/100|[from] item: Leftovers\n|-damage|p1a: Alomomola|63\/100|[from] move: Magma Storm|[partiallytrapped]\n|upkeep\n|turn|24\n|\n|t:|1700195008\n|move|p2a: Heatran|Toxic|p1a: Alomomola|[miss]\n|-miss|p2a: Heatran|p1a: Alomomola\n|move|p1a: Alomomola|Wish|p1a: Alomomola\n|\n|-heal|p2a: Heatran|82\/100|[from] item: Leftovers\n|-damage|p1a: Alomomola|51\/100|[from] move: Magma Storm|[partiallytrapped]\n|upkeep\n|turn|25\n|\n|t:|1700195019\n|move|p2a: Heatran|Toxic|p1a: Alomomola\n|-status|p1a: Alomomola|tox\n|move|p1a: Alomomola|Scald|p2a: Heatran\n|-supereffective|p2a: Heatran\n|-damage|p2a: Heatran|64\/100\n|\n|-heal|p1a: Alomomola|100\/100 tox|[from] move: Wish|[wisher] Alomomola\n|-heal|p2a: Heatran|70\/100|[from] item: Leftovers\n|-damage|p1a: Alomomola|94\/100 tox|[from] psn\n|-damage|p1a: Alomomola|82\/100 tox|[from] move: Magma Storm|[partiallytrapped]\n|upkeep\n|turn|26\n|\n|t:|1700195035\n|move|p2a: Heatran|Protect|p2a: Heatran\n|-singleturn|p2a: Heatran|Protect\n|move|p1a: Alomomola|Flip Turn|p2a: Heatran\n|-activate|p2a: Heatran|move: Protect\n|\n|-heal|p2a: Heatran|77\/100|[from] item: Leftovers\n|-damage|p1a: Alomomola|70\/100 tox|[from] psn\n|-end|p1a: Alomomola|Magma Storm|[partiallytrapped]\n|upkeep\n|turn|27\n|\n|t:|1700195059\n|move|p2a: Heatran|Earth Power|p1a: Alomomola\n|-damage|p1a: Alomomola|40\/100 tox\n|move|p1a: Alomomola|Flip Turn|p2a: Heatran\n|-supereffective|p2a: Heatran\n|-damage|p2a: Heatran|48\/100\n|\n|t:|1700195066\n|switch|p1a: Sneasler|Sneasler, M|100\/100|[from] Flip Turn\n|\n|-heal|p2a: Heatran|54\/100|[from] item: Leftovers\n|upkeep\n|turn|28\n|\n|t:|1700195075\n|move|p1a: Sneasler|Acrobatics|p2a: Heatran\n|-resisted|p2a: Heatran\n|-damage|p2a: Heatran|46\/100\n|move|p2a: Heatran|Magma Storm|p1a: Sneasler|[miss]\n|-miss|p2a: Heatran|p1a: Sneasler\n|\n|-heal|p2a: Heatran|52\/100|[from] item: Leftovers\n|upkeep\n|turn|29\n|\n|t:|1700195085\n|move|p2a: Heatran|Protect|p2a: Heatran\n|-singleturn|p2a: Heatran|Protect\n|move|p1a: Sneasler|Close Combat|p2a: Heatran\n|-activate|p2a: Heatran|move: Protect\n|\n|-heal|p2a: Heatran|58\/100|[from] item: Leftovers\n|upkeep\n|turn|30\n|\n|t:|1700195093\n|switch|p2a: Alomomola|Alomomola, F, shiny|90\/100\n|move|p1a: Sneasler|Acrobatics|p2a: Alomomola\n|-damage|p2a: Alomomola|79\/100\n|\n|upkeep\n|turn|31\n|\n|t:|1700195100\n|move|p1a: Sneasler|Dire Claw|p2a: Alomomola\n|-damage|p2a: Alomomola|54\/100\n|move|p2a: Alomomola|Flip Turn|p1a: Sneasler\n|-damage|p1a: Sneasler|72\/100\n|\n|t:|1700195107\n|switch|p2a: Urshifu|Urshifu-Rapid-Strike, F|51\/100|[from] Flip Turn\n|\n|upkeep\n|turn|32\n|\n|t:|1700195112\n|switch|p1a: Rillaboom|Rillaboom, M|100\/100\n|-fieldstart|move: Grassy Terrain|[from] ability: Grassy Surge|[of] p1a: Rillaboom\n|move|p2a: Urshifu|U-turn|p1a: Rillaboom\n|-supereffective|p1a: Rillaboom\n|-damage|p1a: Rillaboom|46\/100\n|\n|t:|1700195127\n|switch|p2a: Heatran|Heatran, F|58\/100|[from] U-turn\n|\n|-heal|p1a: Rillaboom|52\/100|[from] Grassy Terrain\n|-heal|p1a: Rillaboom|58\/100|[from] item: Leftovers\n|-heal|p2a: Heatran|64\/100|[from] Grassy Terrain\n|-heal|p2a: Heatran|71\/100|[from] item: Leftovers\n|upkeep\n|turn|33\n|inactive|zhuandayoudou has 120 seconds left.\n|\n|t:|1700195157\n|move|p1a: Rillaboom|Drain Punch|p2a: Heatran\n|-supereffective|p2a: Heatran\n|-damage|p2a: Heatran|26\/100\n|-heal|p1a: Rillaboom|80\/100|[from] drain|[of] p2a: Heatran\n|move|p2a: Heatran|Magma Storm|p1a: Rillaboom\n|-supereffective|p1a: Rillaboom\n|-damage|p1a: Rillaboom|0 fnt\n|faint|p1a: Rillaboom\n|\n|-heal|p2a: Heatran|33\/100|[from] Grassy Terrain\n|-heal|p2a: Heatran|39\/100|[from] item: Leftovers\n|upkeep\n|inactive|xiezhouqun has 120 seconds left.\n|inactive|xiezhouqun has 90 seconds left.\n|\n|t:|1700195214\n|switch|p1a: Sneasler|Sneasler, M|72\/100\n|-enditem|p1a: Sneasler|Grassy Seed\n|-boost|p1a: Sneasler|def|1|[from] item: Grassy Seed\n|turn|34\n|inactive|xiezhouqun has 90 seconds left.\n|\n|t:|1700195220\n|move|p1a: Sneasler|Swords Dance|p1a: Sneasler\n|-boost|p1a: Sneasler|atk|2\n|move|p2a: Heatran|Earth Power|p1a: Sneasler\n|-supereffective|p1a: Sneasler\n|-damage|p1a: Sneasler|3\/100\n|\n|-heal|p1a: Sneasler|9\/100|[from] Grassy Terrain\n|-heal|p2a: Heatran|45\/100|[from] Grassy Terrain\n|-heal|p2a: Heatran|51\/100|[from] item: Leftovers\n|upkeep\n|turn|35\n|inactive|xiezhouqun has 90 seconds left.\n|\n|t:|1700195231\n|move|p1a: Sneasler|Close Combat|p2a: Heatran\n|-supereffective|p2a: Heatran\n|-damage|p2a: Heatran|0 fnt\n|-unboost|p1a: Sneasler|def|1\n|-unboost|p1a: Sneasler|spd|1\n|faint|p2a: Heatran\n|\n|-heal|p1a: Sneasler|15\/100|[from] Grassy Terrain\n|upkeep\n|\n|t:|1700195234\n|switch|p2a: Urshifu|Urshifu-Rapid-Strike, F|51\/100\n|turn|36\n|\n|t:|1700195243\n|move|p2a: Urshifu|Aqua Jet|p1a: Sneasler\n|-damage|p1a: Sneasler|0 fnt\n|faint|p1a: Sneasler\n|\n|-heal|p2a: Urshifu|57\/100|[from] Grassy Terrain\n|-fieldend|move: Grassy Terrain\n|upkeep\n|\n|t:|1700195253\n|switch|p1a: Alomomola|Alomomola, M|73\/100 tox\n|turn|37\n|\n|t:|1700195259\n|switch|p2a: Swellow|Swellow, M, tera:Normal|100\/100\n|move|p1a: Alomomola|Toxic|p2a: Swellow\n|-status|p2a: Swellow|tox\n|\n|-damage|p2a: Swellow|94\/100 tox|[from] psn\n|-damage|p1a: Alomomola|67\/100 tox|[from] psn\n|upkeep\n|turn|38\n|\n|t:|1700195274\n|move|p2a: Swellow|Boomburst|p1a: Alomomola\n|-damage|p1a: Alomomola|0 fnt\n|faint|p1a: Alomomola\n|\n|win|zhuandayoudou\n|raw|xiezhouqun's rating: 1697 &rarr; <strong>1673<\/strong><br \/>(-24 for losing)\n|raw|zhuandayoudou's rating: 1618 &rarr; <strong>1642<\/strong><br \/>(+24 for winning)\n","uploadtime":1700195278,"views":13,"p1id":"xiezhouqun","p2id":"zhuandayoudou","formatid":"gen9nationaldex","rating":1642,"private":0,"password":""}