{"id":"gen9nationaldex-1989991352","p1":"Dark Umbreon 08","p2":"xCookieBallx","format":"[Gen 9] National Dex","log":"|j|\u2606Dark Umbreon 08\n|j|\u2606xCookieBallx\n|t:|1699913230\n|gametype|singles\n|player|p1|Dark Umbreon 08|lass-gen4dp|1023\n|player|p2|xCookieBallx|marnie-masters2|1103\n|teamsize|p1|1\n|teamsize|p2|6\n|gen|9\n|tier|[Gen 9] National Dex\n|rated|\n|rule|HP Percentage Mod: HP is shown in percentages\n|rule|Endless Battle Clause: Forcing endless battles is banned\n|rule|OHKO Clause: OHKO moves are banned\n|rule|Evasion Clause: Evasion abilities, items, and moves are banned\n|rule|Evasion Abilities Clause: Evasion abilities are banned\n|rule|Evasion Items Clause: Evasion items are banned\n|rule|Evasion Moves Clause: Evasion moves are banned\n|rule|Species Clause: Limit one of each Pok\u00e9mon\n|rule|Sleep Clause Mod: Limit one foe put to sleep\n|clearpoke\n|poke|p1|Blaziken, M|\n|poke|p2|Cetitan, M|\n|poke|p2|Ninetales-Alola, M|\n|poke|p2|Mamoswine, M|\n|poke|p2|Kyurem|\n|poke|p2|Glastrier|\n|poke|p2|Frosmoth, F|\n|teampreview\n|inactive|Battle timer is ON: inactive players will automatically lose when time's up. (requested by Dark Umbreon 08)\n|\n|t:|1699913234\n|start\n|switch|p1a: Blaziken|Blaziken, M|100\/100\n|switch|p2a: Cyclone|Glastrier|100\/100\n|turn|1\n|\n|t:|1699913242\n|move|p1a: Blaziken|Swagger|p2a: Cyclone\n|-boost|p2a: Cyclone|atk|2\n|-enditem|p1a: Blaziken|Mirror Herb\n|-boost|p1a: Blaziken|atk|2|[from] item: Mirror Herb\n|-start|p2a: Cyclone|confusion\n|-activate|p2a: Cyclone|confusion\n|-damage|p2a: Cyclone|85\/100|[from] confusion\n|\n|-ability|p1a: Blaziken|Speed Boost|boost\n|-boost|p1a: Blaziken|spe|1\n|upkeep\n|turn|2\n|\n|t:|1699913249\n|-terastallize|p1a: Blaziken|Flying\n|move|p1a: Blaziken|Focus Energy|p1a: Blaziken\n|-start|p1a: Blaziken|move: Focus Energy\n|-end|p2a: Cyclone|confusion\n|move|p2a: Cyclone|High Horsepower|p1a: Blaziken\n|-immune|p1a: Blaziken\n|\n|-ability|p1a: Blaziken|Speed Boost|boost\n|-boost|p1a: Blaziken|spe|1\n|upkeep\n|turn|3\n|\n|t:|1699913259\n|move|p1a: Blaziken|Blaze Kick|p2a: Cyclone\n|-supereffective|p2a: Cyclone\n|-crit|p2a: Cyclone\n|-damage|p2a: Cyclone|0 fnt\n|faint|p2a: Cyclone\n|\n|-ability|p1a: Blaziken|Speed Boost|boost\n|-boost|p1a: Blaziken|spe|1\n|upkeep\n|\n|t:|1699913264\n|switch|p2a: Yukio|Ninetales-Alola, M|100\/100\n|-weather|Snow|[from] ability: Snow Warning|[of] p2a: Yukio\n|turn|4\n|\n|t:|1699913271\n|move|p1a: Blaziken|Blaze Kick|p2a: Yukio\n|-supereffective|p2a: Yukio\n|-crit|p2a: Yukio\n|-damage|p2a: Yukio|0 fnt\n|faint|p2a: Yukio\n|\n|-weather|Snow|[upkeep]\n|-ability|p1a: Blaziken|Speed Boost|boost\n|-boost|p1a: Blaziken|spe|1\n|upkeep\n|\n|t:|1699913285\n|switch|p2a: Erago|Kyurem|100\/100\n|-ability|p2a: Erago|Pressure\n|turn|5\n|\n|t:|1699913287\n|move|p1a: Blaziken|Close Combat|p2a: Erago\n|-supereffective|p2a: Erago\n|-crit|p2a: Erago\n|-damage|p2a: Erago|0 fnt\n|-unboost|p1a: Blaziken|def|1\n|-unboost|p1a: Blaziken|spd|1\n|faint|p2a: Erago\n|\n|-weather|Snow|[upkeep]\n|-ability|p1a: Blaziken|Speed Boost|boost\n|-boost|p1a: Blaziken|spe|1\n|upkeep\n|\n|t:|1699913293\n|switch|p2a: Barney|Cetitan, M|100\/100\n|turn|6\n|\n|t:|1699913295\n|move|p1a: Blaziken|Blaze Kick|p2a: Barney\n|-supereffective|p2a: Barney\n|-crit|p2a: Barney\n|-damage|p2a: Barney|0 fnt\n|faint|p2a: Barney\n|\n|-weather|Snow|[upkeep]\n|-ability|p1a: Blaziken|Speed Boost|boost\n|-boost|p1a: Blaziken|spe|1\n|upkeep\n|\n|t:|1699913297\n|switch|p2a: Eva|Frosmoth, F|100\/100\n|turn|7\n|\n|t:|1699913301\n|move|p1a: Blaziken|Blaze Kick|p2a: Eva\n|-supereffective|p2a: Eva\n|-crit|p2a: Eva\n|-damage|p2a: Eva|0 fnt\n|faint|p2a: Eva\n|\n|-weather|Snow|[upkeep]\n|upkeep\n|\n|t:|1699913303\n|switch|p2a: Online|Mamoswine, M|100\/100\n|turn|8\n|\n|t:|1699913311\n|-terastallize|p2a: Online|Ground\n|move|p1a: Blaziken|Blaze Kick|p2a: Online\n|-crit|p2a: Online\n|-damage|p2a: Online|16\/100\n|move|p2a: Online|Earthquake|p1a: Blaziken\n|-immune|p1a: Blaziken\n|\n|-weather|none\n|upkeep\n|turn|9\n|\n|t:|1699913317\n|move|p1a: Blaziken|Blaze Kick|p2a: Online\n|-crit|p2a: Online\n|-damage|p2a: Online|0 fnt\n|faint|p2a: Online\n|\n|win|Dark Umbreon 08\n|raw|Dark Umbreon 08's rating: 1023 &rarr; <strong>1068<\/strong><br \/>(+45 for winning)\n|raw|xCookieBallx's rating: 1103 &rarr; <strong>1072<\/strong><br \/>(-31 for losing)\n|l|\u2606xCookieBallx\n|c|\u2606Dark Umbreon 08|Gg\n","uploadtime":1699913328,"views":5,"p1id":"darkumbreon08","p2id":"xcookieballx","formatid":"gen9nationaldex","rating":1068,"private":0,"password":""}