{"id":"gen9nationaldex-1988676936","p1":"female charizard","p2":"narancia contrary","format":"[Gen 9] National Dex","log":"|j|\u2606female charizard\n|j|\u2606narancia contrary\n|t:|1699749420\n|gametype|singles\n|player|p1|female charizard|170|1141\n|player|p2|narancia contrary|2|1047\n|teamsize|p1|6\n|teamsize|p2|6\n|gen|9\n|tier|[Gen 9] National Dex\n|rated|\n|rule|HP Percentage Mod: HP is shown in percentages\n|rule|Endless Battle Clause: Forcing endless battles is banned\n|rule|OHKO Clause: OHKO moves are banned\n|rule|Evasion Clause: Evasion abilities, items, and moves are banned\n|rule|Evasion Abilities Clause: Evasion abilities are banned\n|rule|Evasion Items Clause: Evasion items are banned\n|rule|Evasion Moves Clause: Evasion moves are banned\n|rule|Species Clause: Limit one of each Pok\u00e9mon\n|rule|Sleep Clause Mod: Limit one foe put to sleep\n|clearpoke\n|poke|p1|Maushold|\n|poke|p1|Stakataka|\n|poke|p1|Enamorus, F|\n|poke|p1|Ditto|\n|poke|p1|Linoone, M|\n|poke|p1|Swalot, M|\n|poke|p2|Pidgeot, F|\n|poke|p2|Venomoth, M|\n|poke|p2|Lapras, F|\n|poke|p2|Omastar, F|\n|poke|p2|Nidoking, M|\n|poke|p2|Zapdos|\n|teampreview\n|\n|t:|1699749442\n|start\n|switch|p1a: eat the bugs|Swalot, M|100\/100\n|switch|p2a: Nidoking|Nidoking, M|100\/100\n|turn|1\n|inactive|Battle timer is ON: inactive players will automatically lose when time's up. (requested by narancia contrary)\n|\n|t:|1699749455\n|switch|p1a: so attractive....|Enamorus, F|100\/100\n|move|p2a: Nidoking|Stealth Rock|p1a: so attractive....\n|-sidestart|p1: female charizard|move: Stealth Rock\n|\n|upkeep\n|turn|2\n|\n|t:|1699749464\n|switch|p1a: i art thou|Ditto|100\/100\n|-damage|p1a: i art thou|88\/100|[from] Stealth Rock\n|-transform|p1a: i art thou|p2a: Nidoking|[from] ability: Imposter\n|move|p2a: Nidoking|Fire Blast|p1a: i art thou\n|-damage|p1a: i art thou|32\/100\n|\n|upkeep\n|turn|3\n|\n|t:|1699749478\n|move|p1a: i art thou|Stealth Rock|p2a: Nidoking\n|-sidestart|p2: narancia contrary|move: Stealth Rock\n|move|p2a: Nidoking|Earth Power|p1a: i art thou\n|-supereffective|p1a: i art thou\n|-damage|p1a: i art thou|0 fnt\n|faint|p1a: i art thou\n|\n|upkeep\n|\n|t:|1699749482\n|switch|p1a: le skilled|Maushold|100\/100\n|-damage|p1a: le skilled|88\/100|[from] Stealth Rock\n|turn|4\n|\n|t:|1699749494\n|move|p1a: le skilled|Population Bomb|p2a: Nidoking\n|-damage|p2a: Nidoking|86\/100\n|-damage|p2a: Nidoking|71\/100\n|-damage|p2a: Nidoking|54\/100\n|-damage|p2a: Nidoking|36\/100\n|-damage|p2a: Nidoking|20\/100\n|-damage|p2a: Nidoking|4\/100\n|-damage|p2a: Nidoking|0 fnt\n|faint|p2a: Nidoking\n|-hitcount|p2: Nidoking|7\n|\n|upkeep\n|\n|t:|1699749518\n|switch|p2a: Zapdos|Zapdos|100\/100\n|-damage|p2a: Zapdos|76\/100|[from] Stealth Rock\n|turn|5\n|j| kung fu pokechu\n|\n|t:|1699749534\n|-terastallize|p1a: le skilled|Normal\n|move|p1a: le skilled|Tidy Up|p1a: le skilled\n|-sideend|p1: female charizard|Stealth Rock\n|-sideend|p2: narancia contrary|Stealth Rock\n|-activate|p1a: le skilled|move: Tidy Up\n|-boost|p1a: le skilled|atk|1\n|-boost|p1a: le skilled|spe|1\n|-zpower|p2a: Zapdos\n|move|p2a: Zapdos|Gigavolt Havoc|p1a: le skilled|[zeffect]\n|-damage|p1a: le skilled|0 fnt\n|faint|p1a: le skilled\n|\n|upkeep\n|\n|t:|1699749542\n|switch|p1a: too anxious >.<|Stakataka|100\/100\n|turn|6\n|\n|t:|1699749555\n|move|p2a: Zapdos|Thunderbolt|p1a: too anxious >.<\n|-damage|p1a: too anxious >.<|55\/100\n|move|p1a: too anxious >.<|Trick Room|p1a: too anxious >.<\n|-fieldstart|move: Trick Room|[of] p1a: too anxious >.<\n|\n|upkeep\n|turn|7\n|\n|t:|1699749574\n|move|p1a: too anxious >.<|Stone Edge|p2a: Zapdos\n|-supereffective|p2a: Zapdos\n|-crit|p2a: Zapdos\n|-damage|p2a: Zapdos|0 fnt\n|faint|p2a: Zapdos\n|-ability|p1a: too anxious >.<|Beast Boost|boost\n|-boost|p1a: too anxious >.<|atk|1\n|-damage|p1a: too anxious >.<|45\/100|[from] item: Life Orb\n|\n|upkeep\n|\n|t:|1699749586\n|switch|p2a: Lapras|Lapras, F|100\/100\n|turn|8\n|\n|t:|1699749599\n|-terastallize|p2a: Lapras|Water\n|move|p1a: too anxious >.<|Gyro Ball|p2a: Lapras\n|-resisted|p2a: Lapras\n|-damage|p2a: Lapras|43\/100\n|-damage|p1a: too anxious >.<|35\/100|[from] item: Life Orb\n|move|p2a: Lapras|Hydro Pump|p1a: too anxious >.<\n|-supereffective|p1a: too anxious >.<\n|-damage|p1a: too anxious >.<|0 fnt\n|faint|p1a: too anxious >.<\n|\n|-heal|p2a: Lapras|49\/100|[from] item: Leftovers\n|upkeep\n|\n|t:|1699749625\n|switch|p1a: eat the bugs|Swalot, M|100\/100\n|turn|9\n|\n|t:|1699749631\n|move|p1a: eat the bugs|Amnesia|p1a: eat the bugs\n|-boost|p1a: eat the bugs|spd|2\n|move|p2a: Lapras|Hydro Pump|p1a: eat the bugs\n|-damage|p1a: eat the bugs|85\/100\n|\n|-heal|p2a: Lapras|56\/100|[from] item: Leftovers\n|upkeep\n|turn|10\n|\n|t:|1699749643\n|move|p1a: eat the bugs|Infestation|p2a: Lapras\n|-damage|p2a: Lapras|54\/100\n|-activate|p2a: Lapras|move: Infestation|[of] p1a: eat the bugs\n|move|p2a: Lapras|Roar|p1a: eat the bugs\n|drag|p1a: so attractive....|Enamorus, F|100\/100\n|\n|-heal|p2a: Lapras|60\/100|[from] item: Leftovers\n|-end|p2a: Lapras|Infestation|[partiallytrapped]|[silent]\n|-fieldend|move: Trick Room\n|upkeep\n|turn|11\n|\n|t:|1699749655\n|switch|p1a: eat the bugs|Swalot, M|85\/100\n|move|p2a: Lapras|Toxic|p1a: eat the bugs\n|-immune|p1a: eat the bugs\n|\n|-heal|p2a: Lapras|66\/100|[from] item: Leftovers\n|upkeep\n|turn|12\n|\n|t:|1699749662\n|move|p1a: eat the bugs|Toxic|p2a: Lapras\n|-status|p2a: Lapras|tox\n|move|p2a: Lapras|Roar|p1a: eat the bugs\n|drag|p1a: never works|Linoone, M|100\/100\n|\n|-heal|p2a: Lapras|72\/100 tox|[from] item: Leftovers\n|-damage|p2a: Lapras|66\/100 tox|[from] psn\n|upkeep\n|turn|13\n|\n|t:|1699749673\n|move|p1a: never works|Seed Bomb|p2a: Lapras\n|-supereffective|p2a: Lapras\n|-damage|p2a: Lapras|27\/100 tox\n|move|p2a: Lapras|Hydro Pump|p1a: never works\n|-damage|p1a: never works|20\/100\n|-enditem|p1a: never works|Salac Berry|[eat]\n|-boost|p1a: never works|spe|1|[from] item: Salac Berry\n|\n|-heal|p2a: Lapras|33\/100 tox|[from] item: Leftovers\n|-damage|p2a: Lapras|21\/100 tox|[from] psn\n|upkeep\n|turn|14\n|j| male blastoise\n|\n|t:|1699749684\n|move|p1a: never works|Seed Bomb|p2a: Lapras\n|-supereffective|p2a: Lapras\n|-damage|p2a: Lapras|0 fnt\n|faint|p2a: Lapras\n|\n|upkeep\n|\n|t:|1699749692\n|switch|p2a: Pidgeot|Pidgeot, F|100\/100\n|turn|15\n|\n|t:|1699749699\n|detailschange|p2a: Pidgeot|Pidgeot-Mega, F\n|-mega|p2a: Pidgeot|Pidgeot|Pidgeotite\n|move|p1a: never works|Extreme Speed|p2a: Pidgeot\n|-damage|p2a: Pidgeot|59\/100\n|move|p2a: Pidgeot|Hurricane|p1a: never works\n|-damage|p1a: never works|0 fnt\n|faint|p1a: never works\n|\n|upkeep\n|\n|t:|1699749706\n|switch|p1a: so attractive....|Enamorus, F|100\/100\n|turn|16\n|\n|t:|1699749711\n|move|p2a: Pidgeot|Hurricane|p1a: so attractive....\n|-damage|p1a: so attractive....|11\/100\n|move|p1a: so attractive....|Moonblast|p2a: Pidgeot\n|-damage|p2a: Pidgeot|0 fnt\n|faint|p2a: Pidgeot\n|\n|-heal|p1a: so attractive....|17\/100|[from] item: Leftovers\n|upkeep\n|\n|t:|1699749720\n|switch|p2a: Venomoth|Venomoth, M|100\/100\n|turn|17\n|\n|t:|1699749731\n|move|p1a: so attractive....|Mystical Fire|p2a: Venomoth\n|-supereffective|p2a: Venomoth\n|-damage|p2a: Venomoth|14\/100\n|-unboost|p2a: Venomoth|spa|1\n|move|p2a: Venomoth|Quiver Dance|p2a: Venomoth\n|-boost|p2a: Venomoth|spa|1\n|-boost|p2a: Venomoth|spd|1\n|-boost|p2a: Venomoth|spe|1\n|\n|-heal|p1a: so attractive....|23\/100|[from] item: Leftovers\n|upkeep\n|turn|18\n|\n|t:|1699749742\n|move|p2a: Venomoth|Psychic|p1a: so attractive....\n|-damage|p1a: so attractive....|0 fnt\n|faint|p1a: so attractive....\n|\n|upkeep\n|\n|t:|1699749755\n|switch|p1a: eat the bugs|Swalot, M|85\/100\n|turn|19\n|\n|t:|1699749762\n|move|p2a: Venomoth|Psychic|p1a: eat the bugs\n|-supereffective|p1a: eat the bugs\n|-damage|p1a: eat the bugs|49\/100\n|move|p1a: eat the bugs|Amnesia|p1a: eat the bugs\n|-boost|p1a: eat the bugs|spd|2\n|\n|upkeep\n|turn|20\n|\n|t:|1699749771\n|move|p2a: Venomoth|Psychic|p1a: eat the bugs\n|-supereffective|p1a: eat the bugs\n|-crit|p1a: eat the bugs\n|-damage|p1a: eat the bugs|0 fnt\n|faint|p1a: eat the bugs\n|\n|win|narancia contrary\n|raw|female charizard's rating: 1171 &rarr; <strong>1137<\/strong><br \/>(-34 for losing)\n|raw|narancia contrary's rating: 1047 &rarr; <strong>1091<\/strong><br \/>(+44 for winning)\n|l|\u2606narancia contrary\n","uploadtime":1699749784,"views":4,"p1id":"femalecharizard","p2id":"naranciacontrary","formatid":"gen9nationaldex","rating":1091,"private":0,"password":""}