{"id":"gen9nationaldex-1992157040","p1":"Ikeikef","p2":"Und3r4ted","format":"[Gen 9] National Dex","log":"|j|\u2606Ikeikef\n|j|\u2606Und3r4ted\n|t:|1700159752\n|gametype|singles\n|player|p1|Ikeikef|cynthia|1070\n|player|p2|Und3r4ted|guzma|1168\n|teamsize|p1|6\n|teamsize|p2|6\n|gen|9\n|tier|[Gen 9] National Dex\n|rated|\n|rule|HP Percentage Mod: HP is shown in percentages\n|rule|Endless Battle Clause: Forcing endless battles is banned\n|rule|OHKO Clause: OHKO moves are banned\n|rule|Evasion Clause: Evasion abilities, items, and moves are banned\n|rule|Evasion Abilities Clause: Evasion abilities are banned\n|rule|Evasion Items Clause: Evasion items are banned\n|rule|Evasion Moves Clause: Evasion moves are banned\n|rule|Species Clause: Limit one of each Pok\u00e9mon\n|rule|Sleep Clause Mod: Limit one foe put to sleep\n|clearpoke\n|poke|p1|Florges-White, F|\n|poke|p1|Mimikyu, F|\n|poke|p1|Rapidash-Galar, F|\n|poke|p1|Altaria, F|\n|poke|p1|Primarina, F|\n|poke|p1|Togekiss, F|\n|poke|p2|Golisopod, M|\n|poke|p2|Beedrill, F|\n|poke|p2|Volcarona, M|\n|poke|p2|Forretress, F|\n|poke|p2|Rabsca, M|\n|poke|p2|Kleavor, M|\n|teampreview\n|inactive|Battle timer is ON: inactive players will automatically lose when time's up. (requested by Und3r4ted)\n|c|\u2606Und3r4ted|Fairy vs bug\n|\n|t:|1700159772\n|start\n|switch|p1a: Togekiss|Togekiss, F|100\/100\n|switch|p2a: EYESSS|Forretress, F|100\/100\n|turn|1\n|c|\u2606Ikeikef|Glhf\n|c|\u2606Und3r4ted|You tooo\n|\n|t:|1700159787\n|move|p1a: Togekiss|Flamethrower|p2a: EYESSS\n|-supereffective|p2a: EYESSS\n|-ability|p2a: EYESSS|Sturdy\n|-damage|p2a: EYESSS|1\/100\n|move|p2a: EYESSS|Toxic|p1a: Togekiss|[miss]\n|-miss|p2a: EYESSS|p1a: Togekiss\n|\n|-heal|p2a: EYESSS|7\/100|[from] item: Leftovers\n|upkeep\n|turn|2\n|\n|t:|1700159801\n|move|p1a: Togekiss|Air Slash|p2a: EYESSS\n|-damage|p2a: EYESSS|0 fnt\n|faint|p2a: EYESSS\n|\n|upkeep\n|\n|t:|1700159805\n|switch|p2a: Steven|Rabsca, M|100\/100\n|turn|3\n|\n|t:|1700159811\n|move|p1a: Togekiss|Air Slash|p2a: Steven\n|-supereffective|p2a: Steven\n|-damage|p2a: Steven|38\/100\n|cant|p2a: Steven|flinch\n|\n|upkeep\n|turn|4\n|\n|t:|1700159817\n|move|p1a: Togekiss|Flamethrower|p2a: Steven\n|-supereffective|p2a: Steven\n|-damage|p2a: Steven|0 fnt\n|faint|p2a: Steven\n|\n|upkeep\n|\n|t:|1700159821\n|switch|p2a: Bismouth|Kleavor, M|100\/100\n|turn|5\n|\n|t:|1700159831\n|switch|p1a: Rapidash|Rapidash-Galar, F|100\/100\n|move|p2a: Bismouth|Stone Axe|p1a: Rapidash\n|-crit|p1a: Rapidash\n|-damage|p1a: Rapidash|0 fnt\n|-sidestart|p1: Ikeikef|move: Stealth Rock\n|faint|p1a: Rapidash\n|\n|upkeep\n|\n|t:|1700159840\n|switch|p1a: Primarina|Primarina, F|100\/100\n|-damage|p1a: Primarina|88\/100|[from] Stealth Rock\n|turn|6\n|\n|t:|1700159846\n|move|p2a: Bismouth|Stone Axe|p1a: Primarina\n|-damage|p1a: Primarina|24\/100\n|-zpower|p1a: Primarina\n|move|p1a: Primarina|Oceanic Operetta|p2a: Bismouth|[zeffect]\n|-supereffective|p2a: Bismouth\n|-damage|p2a: Bismouth|0 fnt\n|faint|p2a: Bismouth\n|\n|upkeep\n|\n|t:|1700159849\n|switch|p2a: Should be OU|Beedrill, F|100\/100\n|turn|7\n|\n|t:|1700159862\n|detailschange|p2a: Should be OU|Beedrill-Mega, F\n|-mega|p2a: Should be OU|Beedrill|Beedrillite\n|move|p2a: Should be OU|Fell Stinger|p1a: Primarina\n|-resisted|p1a: Primarina\n|-damage|p1a: Primarina|1\/100\n|move|p1a: Primarina|Psychic|p2a: Should be OU\n|-supereffective|p2a: Should be OU\n|-damage|p2a: Should be OU|0 fnt\n|faint|p2a: Should be OU\n|\n|upkeep\n|\n|t:|1700159875\n|switch|p2a: Guzma|Golisopod, M|100\/100\n|turn|8\n|\n|t:|1700159879\n|move|p2a: Guzma|First Impression|p1a: Primarina\n|-resisted|p1a: Primarina\n|-damage|p1a: Primarina|0 fnt\n|faint|p1a: Primarina\n|\n|upkeep\n|\n|t:|1700159889\n|switch|p1a: Togekiss|Togekiss, F|100\/100\n|-damage|p1a: Togekiss|76\/100|[from] Stealth Rock\n|turn|9\n|\n|t:|1700159894\n|move|p1a: Togekiss|Air Slash|p2a: Guzma\n|-supereffective|p2a: Guzma\n|-damage|p2a: Guzma|48\/100\n|-activate|p2a: Guzma|ability: Emergency Exit\n|\n|t:|1700159896\n|switch|p2a: SUN|Volcarona, M|100\/100\n|\n|-heal|p1a: Togekiss|82\/100|[from] item: Leftovers\n|upkeep\n|turn|10\n|\n|t:|1700159905\n|move|p2a: SUN|Fiery Dance|p1a: Togekiss\n|-damage|p1a: Togekiss|42\/100\n|move|p1a: Togekiss|Air Slash|p2a: SUN\n|-supereffective|p2a: SUN\n|-damage|p2a: SUN|10\/100\n|\n|-heal|p1a: Togekiss|49\/100|[from] item: Leftovers\n|upkeep\n|turn|11\n|\n|t:|1700159913\n|move|p2a: SUN|Fiery Dance|p1a: Togekiss\n|-damage|p1a: Togekiss|14\/100\n|move|p1a: Togekiss|Air Slash|p2a: SUN\n|-supereffective|p2a: SUN\n|-damage|p2a: SUN|0 fnt\n|faint|p2a: SUN\n|\n|-heal|p1a: Togekiss|20\/100|[from] item: Leftovers\n|upkeep\n|\n|t:|1700159916\n|switch|p2a: Guzma|Golisopod, M|48\/100\n|turn|12\n|\n|t:|1700159926\n|move|p2a: Guzma|First Impression|p1a: Togekiss\n|-resisted|p1a: Togekiss\n|-damage|p1a: Togekiss|8\/100\n|move|p1a: Togekiss|Air Slash|p2a: Guzma|[miss]\n|-miss|p1a: Togekiss|p2a: Guzma\n|\n|-heal|p1a: Togekiss|14\/100|[from] item: Leftovers\n|upkeep\n|turn|13\n|c|\u2606Und3r4ted|Rng got it bro\n|\n|t:|1700159935\n|move|p1a: Togekiss|Roost|p1a: Togekiss\n|-heal|p1a: Togekiss|64\/100\n|-singleturn|p1a: Togekiss|move: Roost\n|move|p2a: Guzma|Liquidation|p1a: Togekiss\n|-damage|p1a: Togekiss|21\/100\n|\n|-heal|p1a: Togekiss|27\/100|[from] item: Leftovers\n|upkeep\n|turn|14\n|\n|t:|1700159944\n|move|p1a: Togekiss|Air Slash|p2a: Guzma\n|-supereffective|p2a: Guzma\n|-damage|p2a: Guzma|0 fnt\n|faint|p2a: Guzma\n|\n|win|Ikeikef\n|raw|Ikeikef's rating: 1070 &rarr; <strong>1108<\/strong><br \/>(+38 for winning)\n|raw|Und3r4ted's rating: 1168 &rarr; <strong>1136<\/strong><br \/>(-32 for losing)\n|l|\u2606Und3r4ted\n|c|\u2606Ikeikef|True\n","uploadtime":1700159957,"views":5,"p1id":"ikeikef","p2id":"und3r4ted","formatid":"gen9nationaldex","rating":1108,"private":0,"password":""}