{"id":"gen9nationaldex-1988953531","p1":"CapnTophat","p2":"Escanor_cruel","format":"[Gen 9] National Dex","log":"|j|\u2606CapnTophat\n|j|\u2606Escanor_cruel\n|t:|1699793784\n|gametype|singles\n|player|p1|CapnTophat|wallace|1694\n|player|p2|Escanor_cruel|dawn|1662\n|teamsize|p1|6\n|teamsize|p2|6\n|gen|9\n|tier|[Gen 9] National Dex\n|rated|\n|rule|HP Percentage Mod: HP is shown in percentages\n|rule|Endless Battle Clause: Forcing endless battles is banned\n|rule|OHKO Clause: OHKO moves are banned\n|rule|Evasion Clause: Evasion abilities, items, and moves are banned\n|rule|Evasion Abilities Clause: Evasion abilities are banned\n|rule|Evasion Items Clause: Evasion items are banned\n|rule|Evasion Moves Clause: Evasion moves are banned\n|rule|Species Clause: Limit one of each Pok\u00e9mon\n|rule|Sleep Clause Mod: Limit one foe put to sleep\n|clearpoke\n|poke|p1|Ninetales-Alola, F|\n|poke|p1|Arctozolt|\n|poke|p1|Kommo-o, M|\n|poke|p1|Gardevoir, M|\n|poke|p1|Landorus-Therian, M|\n|poke|p1|Volcarona, M|\n|poke|p2|Tapu Koko|\n|poke|p2|Toxapex, F|\n|poke|p2|Heatran, M|\n|poke|p2|Garchomp, F|\n|poke|p2|Urshifu-*, F|\n|poke|p2|Great Tusk|\n|teampreview\n|inactive|Battle timer is ON: inactive players will automatically lose when time's up. (requested by Escanor_cruel)\n|inactive|CapnTophat also wants the timer to be on.\n|\n|t:|1699793792\n|start\n|switch|p1a: Ninetales|Ninetales-Alola, F|100\/100\n|switch|p2a: Urshifu|Urshifu-Rapid-Strike, F|100\/100\n|-weather|Snow|[from] ability: Snow Warning|[of] p1a: Ninetales\n|turn|1\n|\n|t:|1699793795\n|-terastallize|p2a: Urshifu|Water\n|move|p2a: Urshifu|Surging Strikes|p1a: Ninetales\n|-crit|p1a: Ninetales\n|-damage|p1a: Ninetales|79\/100\n|-crit|p1a: Ninetales\n|-damage|p1a: Ninetales|59\/100\n|-crit|p1a: Ninetales\n|-damage|p1a: Ninetales|36\/100\n|-hitcount|p1a: Ninetales|3\n|move|p1a: Ninetales|Aurora Veil|p1a: Ninetales\n|-sidestart|p1: CapnTophat|move: Aurora Veil\n|\n|-weather|Snow|[upkeep]\n|upkeep\n|turn|2\n|\n|t:|1699793804\n|switch|p1a: Kommo-o|Kommo-o, M|100\/100\n|move|p2a: Urshifu|Surging Strikes|p1a: Kommo-o\n|-resisted|p1a: Kommo-o\n|-crit|p1a: Kommo-o\n|-damage|p1a: Kommo-o|88\/100\n|-resisted|p1a: Kommo-o\n|-crit|p1a: Kommo-o\n|-damage|p1a: Kommo-o|75\/100\n|-resisted|p1a: Kommo-o\n|-crit|p1a: Kommo-o\n|-damage|p1a: Kommo-o|62\/100\n|-hitcount|p1a: Kommo-o|3\n|\n|-weather|Snow|[upkeep]\n|upkeep\n|turn|3\n|\n|t:|1699793815\n|switch|p1a: Arctozolt|Arctozolt|100\/100\n|move|p2a: Urshifu|Surging Strikes|p1a: Arctozolt\n|-crit|p1a: Arctozolt\n|-damage|p1a: Arctozolt|81\/100\n|-crit|p1a: Arctozolt\n|-damage|p1a: Arctozolt|59\/100\n|-crit|p1a: Arctozolt\n|-damage|p1a: Arctozolt|38\/100\n|-hitcount|p1a: Arctozolt|3\n|\n|-weather|Snow|[upkeep]\n|upkeep\n|turn|4\n|\n|t:|1699793825\n|move|p2a: Urshifu|Surging Strikes|p1a: Arctozolt\n|-crit|p1a: Arctozolt\n|-damage|p1a: Arctozolt|15\/100\n|-crit|p1a: Arctozolt\n|-damage|p1a: Arctozolt|0 fnt\n|faint|p1a: Arctozolt\n|-hitcount|p1: Arctozolt|2\n|\n|-weather|Snow|[upkeep]\n|upkeep\n|\n|t:|1699793832\n|switch|p1a: Gardevoir|Gardevoir, M|100\/100\n|turn|5\n|\n|t:|1699793835\n|detailschange|p1a: Gardevoir|Gardevoir-Mega, M\n|-mega|p1a: Gardevoir|Gardevoir|Gardevoirite\n|move|p2a: Urshifu|Surging Strikes|p1a: Gardevoir\n|-crit|p1a: Gardevoir\n|-damage|p1a: Gardevoir|52\/100\n|-crit|p1a: Gardevoir\n|-damage|p1a: Gardevoir|3\/100\n|-crit|p1a: Gardevoir\n|-damage|p1a: Gardevoir|0 fnt\n|faint|p1a: Gardevoir\n|-hitcount|p1: Gardevoir|3\n|\n|-weather|none\n|upkeep\n|\n|t:|1699793841\n|switch|p1a: Kommo-o|Kommo-o, M|62\/100\n|turn|6\n|\n|t:|1699793846\n|move|p2a: Urshifu|Surging Strikes|p1a: Kommo-o\n|-resisted|p1a: Kommo-o\n|-crit|p1a: Kommo-o\n|-damage|p1a: Kommo-o|49\/100\n|-resisted|p1a: Kommo-o\n|-crit|p1a: Kommo-o\n|-damage|p1a: Kommo-o|35\/100\n|-resisted|p1a: Kommo-o\n|-crit|p1a: Kommo-o\n|-damage|p1a: Kommo-o|22\/100\n|-hitcount|p1a: Kommo-o|3\n|-zpower|p1a: Kommo-o\n|move|p1a: Kommo-o|Clangorous Soulblaze|p2a: Urshifu|[zeffect]\n|-damage|p2a: Urshifu|0 fnt\n|faint|p2a: Urshifu\n|-boost|p1a: Kommo-o|atk|1\n|-boost|p1a: Kommo-o|def|1\n|-boost|p1a: Kommo-o|spa|1\n|-boost|p1a: Kommo-o|spd|1\n|-boost|p1a: Kommo-o|spe|1\n|\n|upkeep\n|\n|t:|1699793857\n|switch|p2a: Toxapex|Toxapex, F|100\/100\n|turn|7\n|\n|t:|1699793860\n|switch|p1a: Ninetales|Ninetales-Alola, F|36\/100\n|-weather|Snow|[from] ability: Snow Warning|[of] p1a: Ninetales\n|move|p2a: Toxapex|Haze|p2a: Toxapex\n|-clearallboost\n|\n|-weather|Snow|[upkeep]\n|upkeep\n|turn|8\n|\n|t:|1699793869\n|switch|p2a: Tapu Koko|Tapu Koko|100\/100\n|-fieldstart|move: Electric Terrain|[from] ability: Electric Surge|[of] p2a: Tapu Koko\n|move|p1a: Ninetales|Safeguard|p1a: Ninetales\n|-sidestart|p1: CapnTophat|Safeguard\n|\n|-weather|Snow|[upkeep]\n|-sideend|p1: CapnTophat|move: Aurora Veil\n|upkeep\n|turn|9\n|\n|t:|1699793878\n|move|p2a: Tapu Koko|Hidden Power|p1a: Ninetales\n|-resisted|p1a: Ninetales\n|-damage|p1a: Ninetales|24\/100\n|move|p1a: Ninetales|Aurora Veil|p1a: Ninetales\n|-sidestart|p1: CapnTophat|move: Aurora Veil\n|\n|-weather|Snow|[upkeep]\n|upkeep\n|turn|10\n|\n|t:|1699793893\n|switch|p2a: Heatran|Heatran, M|100\/100\n|switch|p1a: Volcarona|Volcarona, M|100\/100\n|\n|-weather|Snow|[upkeep]\n|upkeep\n|turn|11\n|\n|t:|1699793896\n|move|p1a: Volcarona|Quiver Dance|p1a: Volcarona\n|-boost|p1a: Volcarona|spa|1\n|-boost|p1a: Volcarona|spd|1\n|-boost|p1a: Volcarona|spe|1\n|move|p2a: Heatran|Magma Storm|p1a: Volcarona\n|-damage|p1a: Volcarona|85\/100\n|-activate|p1a: Volcarona|move: Magma Storm|[of] p2a: Heatran\n|\n|-weather|none\n|-damage|p1a: Volcarona|73\/100|[from] move: Magma Storm|[partiallytrapped]\n|upkeep\n|turn|12\n|\n|t:|1699793898\n|move|p1a: Volcarona|Quiver Dance|p1a: Volcarona\n|-boost|p1a: Volcarona|spa|1\n|-boost|p1a: Volcarona|spd|1\n|-boost|p1a: Volcarona|spe|1\n|move|p2a: Heatran|Taunt|p1a: Volcarona\n|-start|p1a: Volcarona|move: Taunt\n|\n|-damage|p1a: Volcarona|61\/100|[from] move: Magma Storm|[partiallytrapped]\n|-sideend|p1: CapnTophat|Safeguard\n|-fieldend|move: Electric Terrain\n|upkeep\n|turn|13\n|\n|t:|1699793901\n|move|p1a: Volcarona|Psychic|p2a: Heatran\n|-resisted|p2a: Heatran\n|-damage|p2a: Heatran|79\/100\n|move|p2a: Heatran|Earth Power|p1a: Volcarona\n|-damage|p1a: Volcarona|54\/100\n|\n|-heal|p2a: Heatran|85\/100|[from] item: Leftovers\n|-damage|p1a: Volcarona|41\/100|[from] move: Magma Storm|[partiallytrapped]\n|upkeep\n|turn|14\n|\n|t:|1699793904\n|move|p1a: Volcarona|Psychic|p2a: Heatran\n|-resisted|p2a: Heatran\n|-damage|p2a: Heatran|64\/100\n|move|p2a: Heatran|Earth Power|p1a: Volcarona\n|-damage|p1a: Volcarona|34\/100\n|-unboost|p1a: Volcarona|spd|1\n|\n|-heal|p2a: Heatran|71\/100|[from] item: Leftovers\n|-damage|p1a: Volcarona|22\/100|[from] move: Magma Storm|[partiallytrapped]\n|upkeep\n|turn|15\n|\n|t:|1699793910\n|move|p1a: Volcarona|Psychic|p2a: Heatran\n|-resisted|p2a: Heatran\n|-damage|p2a: Heatran|48\/100\n|move|p2a: Heatran|Earth Power|p1a: Volcarona\n|-damage|p1a: Volcarona|14\/100\n|\n|-heal|p2a: Heatran|55\/100|[from] item: Leftovers\n|-end|p1a: Volcarona|Magma Storm|[partiallytrapped]\n|-end|p1a: Volcarona|move: Taunt\n|upkeep\n|turn|16\n|\n|t:|1699793913\n|move|p1a: Volcarona|Roost|p1a: Volcarona\n|-heal|p1a: Volcarona|64\/100\n|-singleturn|p1a: Volcarona|move: Roost\n|move|p2a: Heatran|Magma Storm|p1a: Volcarona\n|-damage|p1a: Volcarona|50\/100\n|-activate|p1a: Volcarona|move: Magma Storm|[of] p2a: Heatran\n|\n|-heal|p2a: Heatran|61\/100|[from] item: Leftovers\n|-damage|p1a: Volcarona|38\/100|[from] move: Magma Storm|[partiallytrapped]\n|-sideend|p1: CapnTophat|move: Aurora Veil\n|upkeep\n|turn|17\n|\n|t:|1699793920\n|move|p1a: Volcarona|Roost|p1a: Volcarona\n|-heal|p1a: Volcarona|88\/100\n|-singleturn|p1a: Volcarona|move: Roost\n|move|p2a: Heatran|Taunt|p1a: Volcarona\n|-start|p1a: Volcarona|move: Taunt\n|\n|-heal|p2a: Heatran|67\/100|[from] item: Leftovers\n|-damage|p1a: Volcarona|76\/100|[from] move: Magma Storm|[partiallytrapped]\n|upkeep\n|turn|18\n|\n|t:|1699793925\n|-terastallize|p1a: Volcarona|Psychic\n|move|p1a: Volcarona|Psychic|p2a: Heatran\n|-resisted|p2a: Heatran\n|-damage|p2a: Heatran|35\/100\n|-unboost|p2a: Heatran|spd|1\n|move|p2a: Heatran|Magma Storm|p1a: Volcarona\n|-damage|p1a: Volcarona|48\/100\n|\n|-heal|p2a: Heatran|41\/100|[from] item: Leftovers\n|-damage|p1a: Volcarona|36\/100|[from] move: Magma Storm|[partiallytrapped]\n|upkeep\n|turn|19\n|\n|t:|1699793942\n|switch|p2a: Toxapex|Toxapex, F|100\/100\n|move|p1a: Volcarona|Psychic|p2a: Toxapex\n|-supereffective|p2a: Toxapex\n|-damage|p2a: Toxapex|0 fnt\n|faint|p2a: Toxapex\n|\n|-end|p1a: Volcarona|Magma Storm|[partiallytrapped]|[silent]\n|upkeep\n|\n|t:|1699793944\n|switch|p2a: Heatran|Heatran, M|41\/100\n|turn|20\n|\n|t:|1699793946\n|move|p1a: Volcarona|Psychic|p2a: Heatran\n|-resisted|p2a: Heatran\n|-crit|p2a: Heatran\n|-damage|p2a: Heatran|0 fnt\n|faint|p2a: Heatran\n|\n|-end|p1a: Volcarona|move: Taunt\n|upkeep\n|-message|Escanor_cruel forfeited.\n|\n|win|CapnTophat\n|raw|CapnTophat's rating: 1694 &rarr; <strong>1712<\/strong><br \/>(+18 for winning)\n|raw|Escanor_cruel's rating: 1662 &rarr; <strong>1644<\/strong><br \/>(-18 for losing)\n|l|\u2606Escanor_cruel\n","uploadtime":1699793972,"views":4,"p1id":"capntophat","p2id":"escanorcruel","formatid":"gen9nationaldex","rating":1644,"private":0,"password":""}