{"id":"gen9nationaldex-1994785037","p1":"hcgfgch","p2":"zIIsammyIIz","format":"[Gen 9] National Dex","log":"|html|<div class=\"broadcast-blue\"><strong>[Gen 9] National Dex is currently suspecting Sneasler! For information on how to participate check out the <a href=\"https:\/\/www.smogon.com\/forums\/threads\/sv-national-dex-suspect-8-just-dance.3731534\/\">suspect thread<\/a>.<\/strong><\/div>\n|j|\u2606hcgfgch\n|j|\u2606zIIsammyIIz\n|t:|1700492518\n|gametype|singles\n|player|p1|hcgfgch|lady|1116\n|player|p2|zIIsammyIIz|102|1184\n|teamsize|p1|6\n|teamsize|p2|6\n|gen|9\n|tier|[Gen 9] National Dex\n|rated|\n|rule|HP Percentage Mod: HP is shown in percentages\n|rule|Endless Battle Clause: Forcing endless battles is banned\n|rule|OHKO Clause: OHKO moves are banned\n|rule|Evasion Clause: Evasion abilities, items, and moves are banned\n|rule|Evasion Abilities Clause: Evasion abilities are banned\n|rule|Evasion Items Clause: Evasion items are banned\n|rule|Evasion Moves Clause: Evasion moves are banned\n|rule|Species Clause: Limit one of each Pok\u00e9mon\n|rule|Sleep Clause Mod: Limit one foe put to sleep\n|clearpoke\n|poke|p1|Jolteon, F|\n|poke|p1|Haxorus, F|\n|poke|p1|Gyarados, F|\n|poke|p1|Volcarona, F|\n|poke|p1|Whimsicott, L1, F|\n|poke|p1|Hippowdon, F|\n|poke|p2|Sneasler, M|\n|poke|p2|Garganacl, F|\n|poke|p2|Volcarona, F|\n|poke|p2|Great Tusk|\n|poke|p2|Toxapex, M|\n|poke|p2|Tapu Lele|\n|teampreview\n|\n|t:|1700492532\n|start\n|switch|p1a: Whimsicott|Whimsicott, L1, F|100\/100\n|switch|p2a: Garganacl|Garganacl, F|100\/100\n|turn|1\n|\n|t:|1700492548\n|switch|p1a: Hippowdon|Hippowdon, F|100\/100\n|-terastallize|p2a: Garganacl|Fairy\n|move|p2a: Garganacl|Salt Cure|p1a: Hippowdon\n|-resisted|p1a: Hippowdon\n|-damage|p1a: Hippowdon|97\/100\n|-start|p1a: Hippowdon|Salt Cure\n|\n|-heal|p1a: Hippowdon|100\/100|[from] item: Leftovers\n|-damage|p1a: Hippowdon|88\/100|[from] Salt Cure\n|upkeep\n|turn|2\n|\n|t:|1700492560\n|move|p1a: Hippowdon|Stealth Rock|p2a: Garganacl\n|-sidestart|p2: zIIsammyIIz|move: Stealth Rock\n|move|p2a: Garganacl|Stealth Rock|p1a: Hippowdon\n|-sidestart|p1: hcgfgch|move: Stealth Rock\n|\n|-heal|p1a: Hippowdon|94\/100|[from] item: Leftovers\n|-damage|p1a: Hippowdon|82\/100|[from] Salt Cure\n|upkeep\n|turn|3\n|inactive|Battle timer is ON: inactive players will automatically lose when time's up. (requested by zIIsammyIIz)\n|\n|t:|1700492594\n|move|p1a: Hippowdon|Earthquake|p2a: Garganacl\n|-damage|p2a: Garganacl|80\/100\n|move|p2a: Garganacl|Iron Defense|p2a: Garganacl\n|-boost|p2a: Garganacl|def|2\n|\n|-heal|p1a: Hippowdon|88\/100|[from] item: Leftovers\n|-heal|p2a: Garganacl|87\/100|[from] item: Leftovers\n|-damage|p1a: Hippowdon|76\/100|[from] Salt Cure\n|upkeep\n|turn|4\n|\n|t:|1700492607\n|move|p2a: Garganacl|Body Press|p1a: Hippowdon\n|-damage|p1a: Hippowdon|41\/100\n|move|p1a: Hippowdon|Whirlwind|p2a: Garganacl\n|drag|p2a: Sneasler|Sneasler, M|100\/100\n|-damage|p2a: Sneasler|95\/100|[from] Stealth Rock\n|\n|-heal|p1a: Hippowdon|47\/100|[from] item: Leftovers\n|-damage|p1a: Hippowdon|35\/100|[from] Salt Cure\n|upkeep\n|turn|5\n|\n|t:|1700492621\n|switch|p1a: Gyarados|Gyarados, F|100\/100\n|-damage|p1a: Gyarados|76\/100|[from] Stealth Rock\n|-ability|p1a: Gyarados|Intimidate|boost\n|-unboost|p2a: Sneasler|atk|1\n|move|p2a: Sneasler|Dire Claw|p1a: Gyarados\n|-damage|p1a: Gyarados|37\/100\n|-status|p1a: Gyarados|psn\n|\n|-damage|p1a: Gyarados|25\/100 psn|[from] psn\n|upkeep\n|turn|6\n|\n|t:|1700492642\n|switch|p2a: Tapu Lele|Tapu Lele|100\/100\n|-damage|p2a: Tapu Lele|88\/100|[from] Stealth Rock\n|-fieldstart|move: Psychic Terrain|[from] ability: Psychic Surge|[of] p2a: Tapu Lele\n|detailschange|p1a: Gyarados|Gyarados-Mega, F\n|-mega|p1a: Gyarados|Gyarados|Gyaradosite\n|-ability|p1a: Gyarados|Mold Breaker\n|move|p1a: Gyarados|Earthquake|p2a: Tapu Lele\n|-damage|p2a: Tapu Lele|21\/100\n|\n|-damage|p1a: Gyarados|13\/100 psn|[from] psn\n|upkeep\n|turn|7\n|\n|t:|1700492662\n|move|p2a: Tapu Lele|Reflect|p2a: Tapu Lele\n|-sidestart|p2: zIIsammyIIz|Reflect\n|move|p1a: Gyarados|Earthquake|p2a: Tapu Lele\n|-damage|p2a: Tapu Lele|0 fnt\n|faint|p2a: Tapu Lele\n|\n|-damage|p1a: Gyarados|0 fnt|[from] psn\n|faint|p1a: Gyarados\n|upkeep\n|\n|t:|1700492672\n|switch|p2a: Sneasler|Sneasler, M|95\/100\n|switch|p1a: Whimsicott|Whimsicott, L1, F|100\/100\n|-damage|p2a: Sneasler|89\/100|[from] Stealth Rock\n|-enditem|p2a: Sneasler|Psychic Seed\n|-boost|p2a: Sneasler|spd|1|[from] item: Psychic Seed\n|-damage|p1a: Whimsicott|93\/100|[from] Stealth Rock\n|turn|8\n|\n|t:|1700492688\n|switch|p2a: Garganacl|Garganacl, F, tera:Fairy|87\/100\n|-damage|p2a: Garganacl|74\/100|[from] Stealth Rock\n|move|p1a: Whimsicott|Defog|p2a: Garganacl\n|-activate|p2a: Garganacl|move: Psychic Terrain\n|\n|-heal|p2a: Garganacl|80\/100|[from] item: Leftovers\n|upkeep\n|turn|9\n|\n|t:|1700492699\n|move|p1a: Whimsicott|Substitute|p1a: Whimsicott\n|-start|p1a: Whimsicott|Substitute\n|-damage|p1a: Whimsicott|70\/100\n|move|p2a: Garganacl|Salt Cure|p1a: Whimsicott\n|-end|p1a: Whimsicott|Substitute\n|\n|-heal|p2a: Garganacl|87\/100|[from] item: Leftovers\n|upkeep\n|turn|10\n|\n|t:|1700492708\n|move|p1a: Whimsicott|Substitute|p1a: Whimsicott\n|-start|p1a: Whimsicott|Substitute\n|-damage|p1a: Whimsicott|47\/100\n|move|p2a: Garganacl|Iron Defense|p2a: Garganacl\n|-boost|p2a: Garganacl|def|2\n|\n|-heal|p2a: Garganacl|93\/100|[from] item: Leftovers\n|upkeep\n|turn|11\n|\n|t:|1700492717\n|move|p1a: Whimsicott|Protect|p1a: Whimsicott\n|-singleturn|p1a: Whimsicott|Protect\n|move|p2a: Garganacl|Salt Cure|p1a: Whimsicott\n|-activate|p1a: Whimsicott|move: Protect\n|\n|-heal|p2a: Garganacl|99\/100|[from] item: Leftovers\n|-sideend|p2: zIIsammyIIz|Reflect\n|upkeep\n|turn|12\n|\n|t:|1700492726\n|move|p1a: Whimsicott|Leech Seed|p2a: Garganacl\n|-activate|p2a: Garganacl|move: Psychic Terrain\n|move|p2a: Garganacl|Salt Cure|p1a: Whimsicott\n|-end|p1a: Whimsicott|Substitute\n|\n|-heal|p2a: Garganacl|100\/100|[from] item: Leftovers\n|upkeep\n|turn|13\n|\n|t:|1700492736\n|move|p1a: Whimsicott|Protect|p1a: Whimsicott\n|-singleturn|p1a: Whimsicott|Protect\n|move|p2a: Garganacl|Salt Cure|p1a: Whimsicott\n|-activate|p1a: Whimsicott|move: Protect\n|\n|-fieldend|move: Psychic Terrain\n|upkeep\n|turn|14\n|\n|t:|1700492745\n|move|p1a: Whimsicott|Substitute|p1a: Whimsicott\n|-start|p1a: Whimsicott|Substitute\n|-damage|p1a: Whimsicott|24\/100\n|move|p2a: Garganacl|Salt Cure|p1a: Whimsicott\n|-end|p1a: Whimsicott|Substitute\n|\n|upkeep\n|turn|15\n|\n|t:|1700492752\n|move|p1a: Whimsicott|Defog|p2a: Garganacl\n|-unboost|p2a: Garganacl|evasion|1\n|-sideend|p2: zIIsammyIIz|Stealth Rock|[from] move: Defog|[of] p1a: Whimsicott\n|-sideend|p1: hcgfgch|Stealth Rock|[from] move: Defog|[of] p1a: Whimsicott\n|move|p2a: Garganacl|Iron Defense|p2a: Garganacl\n|-boost|p2a: Garganacl|def|2\n|\n|upkeep\n|turn|16\n|\n|t:|1700492761\n|move|p1a: Whimsicott|Leech Seed|p2a: Garganacl\n|-start|p2a: Garganacl|move: Leech Seed\n|move|p2a: Garganacl|Iron Defense|p2a: Garganacl\n|-boost|p2a: Garganacl|def|2\n|\n|-damage|p2a: Garganacl|88\/100|[from] Leech Seed|[of] p1a: Whimsicott\n|-heal|p1a: Whimsicott|100\/100|[silent]\n|upkeep\n|turn|17\n|\n|t:|1700492770\n|move|p1a: Whimsicott|Substitute|p1a: Whimsicott\n|-start|p1a: Whimsicott|Substitute\n|-damage|p1a: Whimsicott|77\/100\n|move|p2a: Garganacl|Salt Cure|p1a: Whimsicott\n|-end|p1a: Whimsicott|Substitute\n|\n|-heal|p2a: Garganacl|94\/100|[from] item: Leftovers\n|-damage|p2a: Garganacl|82\/100|[from] Leech Seed|[of] p1a: Whimsicott\n|-heal|p1a: Whimsicott|100\/100|[silent]\n|upkeep\n|turn|18\n|\n|t:|1700492781\n|move|p1a: Whimsicott|Substitute|p1a: Whimsicott\n|-start|p1a: Whimsicott|Substitute\n|-damage|p1a: Whimsicott|77\/100\n|move|p2a: Garganacl|Stealth Rock|p1a: Whimsicott\n|-sidestart|p1: hcgfgch|move: Stealth Rock\n|\n|-heal|p2a: Garganacl|88\/100|[from] item: Leftovers\n|-damage|p2a: Garganacl|76\/100|[from] Leech Seed|[of] p1a: Whimsicott\n|-heal|p1a: Whimsicott|100\/100|[silent]\n|upkeep\n|turn|19\n|\n|t:|1700492798\n|switch|p2a: Volcarona|Volcarona, F|100\/100\n|move|p1a: Whimsicott|Defog|p2a: Volcarona\n|-unboost|p2a: Volcarona|evasion|1\n|-sideend|p1: hcgfgch|Stealth Rock|[from] move: Defog|[of] p1a: Whimsicott\n|\n|upkeep\n|turn|20\n|\n|t:|1700492807\n|move|p1a: Whimsicott|Leech Seed|p2a: Volcarona\n|-start|p2a: Volcarona|move: Leech Seed\n|move|p2a: Volcarona|Bug Buzz|p1a: Whimsicott\n|-enditem|p1a: Whimsicott|Focus Sash\n|-damage|p1a: Whimsicott|8\/100\n|\n|-damage|p2a: Volcarona|88\/100|[from] Leech Seed|[of] p1a: Whimsicott\n|-heal|p1a: Whimsicott|100\/100|[silent]\n|upkeep\n|turn|21\n|\n|t:|1700492821\n|move|p1a: Whimsicott|Protect|p1a: Whimsicott\n|-singleturn|p1a: Whimsicott|Protect\n|move|p2a: Volcarona|Quiver Dance|p2a: Volcarona\n|-boost|p2a: Volcarona|spa|1\n|-boost|p2a: Volcarona|spd|1\n|-boost|p2a: Volcarona|spe|1\n|\n|-damage|p2a: Volcarona|76\/100|[from] Leech Seed|[of] p1a: Whimsicott\n|upkeep\n|turn|22\n|\n|t:|1700492835\n|move|p1a: Whimsicott|Protect||[still]\n|-fail|p1a: Whimsicott\n|move|p2a: Volcarona|Bug Buzz|p1a: Whimsicott\n|-damage|p1a: Whimsicott|0 fnt\n|faint|p1a: Whimsicott\n|\n|upkeep\n|\n|t:|1700492860\n|switch|p1a: Haxorus|Haxorus, F, shiny|100\/100\n|-ability|p1a: Haxorus|Mold Breaker\n|turn|23\n|\n|t:|1700492873\n|move|p2a: Volcarona|Bug Buzz|p1a: Haxorus\n|-crit|p1a: Haxorus\n|-enditem|p1a: Haxorus|Focus Sash\n|-damage|p1a: Haxorus|1\/100\n|move|p1a: Haxorus|Earthquake|p2a: Volcarona\n|-damage|p2a: Volcarona|35\/100\n|\n|-damage|p2a: Volcarona|23\/100|[from] Leech Seed|[of] p1a: Haxorus\n|-heal|p1a: Haxorus|17\/100|[silent]\n|upkeep\n|turn|24\n|\n|t:|1700492896\n|move|p2a: Volcarona|Bug Buzz|p1a: Haxorus\n|-damage|p1a: Haxorus|0 fnt\n|faint|p1a: Haxorus\n|\n|upkeep\n|\n|t:|1700492899\n|switch|p1a: Volcarona|Volcarona, F|100\/100\n|turn|25\n|\n|t:|1700492911\n|move|p2a: Volcarona|Bug Buzz|p1a: Volcarona\n|-resisted|p1a: Volcarona\n|-crit|p1a: Volcarona\n|-damage|p1a: Volcarona|50\/100\n|-unboost|p1a: Volcarona|spd|1\n|move|p1a: Volcarona|Fiery Dance|p2a: Volcarona\n|-damage|p2a: Volcarona|0 fnt\n|faint|p2a: Volcarona\n|\n|upkeep\n|\n|t:|1700492926\n|switch|p2a: Garganacl|Garganacl, F, tera:Fairy|76\/100\n|turn|26\n|\n|t:|1700492940\n|move|p1a: Volcarona|Quiver Dance|p1a: Volcarona\n|-boost|p1a: Volcarona|spa|1\n|-boost|p1a: Volcarona|spd|1\n|-boost|p1a: Volcarona|spe|1\n|move|p2a: Garganacl|Salt Cure|p1a: Volcarona\n|-supereffective|p1a: Volcarona\n|-damage|p1a: Volcarona|0 fnt\n|faint|p1a: Volcarona\n|\n|-heal|p2a: Garganacl|82\/100|[from] item: Leftovers\n|upkeep\n|\n|t:|1700492943\n|switch|p1a: Hippowdon|Hippowdon, F|35\/100\n|turn|27\n|\n|t:|1700492955\n|move|p1a: Hippowdon|Slack Off|p1a: Hippowdon\n|-heal|p1a: Hippowdon|85\/100\n|move|p2a: Garganacl|Salt Cure|p1a: Hippowdon\n|-resisted|p1a: Hippowdon\n|-damage|p1a: Hippowdon|82\/100\n|-start|p1a: Hippowdon|Salt Cure\n|\n|-heal|p1a: Hippowdon|88\/100|[from] item: Leftovers\n|-heal|p2a: Garganacl|88\/100|[from] item: Leftovers\n|-damage|p1a: Hippowdon|75\/100|[from] Salt Cure\n|upkeep\n|turn|28\n|\n|t:|1700492966\n|move|p1a: Hippowdon|Stealth Rock|p2a: Garganacl\n|-sidestart|p2: zIIsammyIIz|move: Stealth Rock\n|move|p2a: Garganacl|Stealth Rock|p1a: Hippowdon\n|-sidestart|p1: hcgfgch|move: Stealth Rock\n|\n|-heal|p1a: Hippowdon|82\/100|[from] item: Leftovers\n|-heal|p2a: Garganacl|94\/100|[from] item: Leftovers\n|-damage|p1a: Hippowdon|69\/100|[from] Salt Cure\n|upkeep\n|turn|29\n|\n|t:|1700492983\n|move|p1a: Hippowdon|Slack Off|p1a: Hippowdon\n|-heal|p1a: Hippowdon|100\/100\n|move|p2a: Garganacl|Iron Defense|p2a: Garganacl\n|-boost|p2a: Garganacl|def|2\n|\n|-heal|p2a: Garganacl|100\/100|[from] item: Leftovers\n|-damage|p1a: Hippowdon|88\/100|[from] Salt Cure\n|upkeep\n|turn|30\n|\n|t:|1700492993\n|move|p2a: Garganacl|Iron Defense|p2a: Garganacl\n|-boost|p2a: Garganacl|def|2\n|move|p1a: Hippowdon|Whirlwind|p2a: Garganacl\n|drag|p2a: Sneasler|Sneasler, M|89\/100\n|-damage|p2a: Sneasler|83\/100|[from] Stealth Rock\n|\n|-heal|p1a: Hippowdon|94\/100|[from] item: Leftovers\n|-damage|p1a: Hippowdon|82\/100|[from] Salt Cure\n|upkeep\n|turn|31\n|\n|t:|1700493007\n|move|p2a: Sneasler|Dire Claw|p1a: Hippowdon\n|-resisted|p1a: Hippowdon\n|-damage|p1a: Hippowdon|70\/100\n|move|p1a: Hippowdon|Earthquake|p2a: Sneasler\n|-supereffective|p2a: Sneasler\n|-damage|p2a: Sneasler|0 fnt\n|faint|p2a: Sneasler\n|\n|-heal|p1a: Hippowdon|76\/100|[from] item: Leftovers\n|-damage|p1a: Hippowdon|63\/100|[from] Salt Cure\n|upkeep\n|\n|t:|1700493030\n|switch|p2a: Great Tusk|Great Tusk|100\/100\n|-damage|p2a: Great Tusk|98\/100|[from] Stealth Rock\n|-enditem|p2a: Great Tusk|Booster Energy\n|-activate|p2a: Great Tusk|ability: Protosynthesis|[fromitem]\n|-start|p2a: Great Tusk|protosynthesisatk\n|turn|32\n|\n|t:|1700493037\n|move|p2a: Great Tusk|Knock Off|p1a: Hippowdon\n|-damage|p1a: Hippowdon|41\/100\n|-enditem|p1a: Hippowdon|Leftovers|[from] move: Knock Off|[of] p2a: Great Tusk\n|move|p1a: Hippowdon|Slack Off|p1a: Hippowdon\n|-heal|p1a: Hippowdon|91\/100\n|\n|-damage|p1a: Hippowdon|79\/100|[from] Salt Cure\n|upkeep\n|turn|33\n|\n|t:|1700493046\n|move|p2a: Great Tusk|Ice Spinner|p1a: Hippowdon\n|-supereffective|p1a: Hippowdon\n|-damage|p1a: Hippowdon|38\/100\n|move|p1a: Hippowdon|Whirlwind|p2a: Great Tusk\n|-end|p2a: Great Tusk|Protosynthesis|[silent]\n|drag|p2a: Garganacl|Garganacl, F, tera:Fairy|100\/100\n|-damage|p2a: Garganacl|88\/100|[from] Stealth Rock\n|\n|-heal|p2a: Garganacl|94\/100|[from] item: Leftovers\n|-damage|p1a: Hippowdon|26\/100|[from] Salt Cure\n|upkeep\n|turn|34\n|\n|t:|1700493063\n|move|p1a: Hippowdon|Slack Off|p1a: Hippowdon\n|-heal|p1a: Hippowdon|76\/100\n|move|p2a: Garganacl|Iron Defense|p2a: Garganacl\n|-boost|p2a: Garganacl|def|2\n|\n|-heal|p2a: Garganacl|100\/100|[from] item: Leftovers\n|-damage|p1a: Hippowdon|64\/100|[from] Salt Cure\n|upkeep\n|turn|35\n|\n|t:|1700493072\n|move|p1a: Hippowdon|Slack Off|p1a: Hippowdon\n|-heal|p1a: Hippowdon|100\/100\n|move|p2a: Garganacl|Body Press|p1a: Hippowdon\n|-damage|p1a: Hippowdon|68\/100\n|\n|-damage|p1a: Hippowdon|56\/100|[from] Salt Cure\n|upkeep\n|turn|36\n|\n|t:|1700493083\n|move|p2a: Garganacl|Body Press|p1a: Hippowdon\n|-damage|p1a: Hippowdon|25\/100\n|move|p1a: Hippowdon|Whirlwind|p2a: Garganacl\n|drag|p2a: Great Tusk|Great Tusk|98\/100\n|-damage|p2a: Great Tusk|95\/100|[from] Stealth Rock\n|\n|-damage|p1a: Hippowdon|12\/100|[from] Salt Cure\n|upkeep\n|turn|37\n|\n|t:|1700493098\n|move|p2a: Great Tusk|Ice Spinner|p1a: Hippowdon\n|-supereffective|p1a: Hippowdon\n|-damage|p1a: Hippowdon|0 fnt\n|faint|p1a: Hippowdon\n|\n|upkeep\n|\n|t:|1700493102\n|switch|p1a: Jolteon|Jolteon, F|100\/100\n|-damage|p1a: Jolteon|88\/100|[from] Stealth Rock\n|turn|38\n|\n|t:|1700493107\n|-terastallize|p1a: Jolteon|Flying\n|move|p1a: Jolteon|Tera Blast|p2a: Great Tusk|[anim] Tera Blast Flying\n|-supereffective|p2a: Great Tusk\n|-damage|p2a: Great Tusk|0 fnt\n|faint|p2a: Great Tusk\n|-end|p2a: Great Tusk|Protosynthesis|[silent]\n|\n|upkeep\n|\n|t:|1700493118\n|switch|p2a: Garganacl|Garganacl, F, tera:Fairy|100\/100\n|-damage|p2a: Garganacl|88\/100|[from] Stealth Rock\n|turn|39\n|\n|t:|1700493124\n|move|p1a: Jolteon|Tera Blast|p2a: Garganacl|[anim] Tera Blast Flying\n|-damage|p2a: Garganacl|33\/100\n|move|p2a: Garganacl|Salt Cure|p1a: Jolteon\n|-supereffective|p1a: Jolteon\n|-damage|p1a: Jolteon|32\/100\n|-start|p1a: Jolteon|Salt Cure\n|\n|-heal|p2a: Garganacl|39\/100|[from] item: Leftovers\n|-damage|p1a: Jolteon|20\/100|[from] Salt Cure\n|upkeep\n|turn|40\n|\n|t:|1700493145\n|switch|p2a: Toxapex|Toxapex, M|100\/100\n|-damage|p2a: Toxapex|88\/100|[from] Stealth Rock\n|move|p1a: Jolteon|Tera Blast|p2a: Toxapex|[anim] Tera Blast Flying\n|-crit|p2a: Toxapex\n|-damage|p2a: Toxapex|22\/100\n|\n|-heal|p2a: Toxapex|28\/100|[from] item: Leftovers\n|-damage|p1a: Jolteon|8\/100|[from] Salt Cure\n|upkeep\n|turn|41\n|\n|t:|1700493157\n|move|p2a: Toxapex|Baneful Bunker|p2a: Toxapex\n|-singleturn|p2a: Toxapex|move: Protect\n|move|p1a: Jolteon|Tera Blast|p2a: Toxapex|[anim] Tera Blast Flying\n|-activate|p2a: Toxapex|move: Protect\n|\n|-heal|p2a: Toxapex|34\/100|[from] item: Leftovers\n|-damage|p1a: Jolteon|0 fnt|[from] Salt Cure\n|faint|p1a: Jolteon\n|\n|win|zIIsammyIIz\n|upkeep\n|raw|hcgfgch's rating: 1116 &rarr; <strong>1096<\/strong><br \/>(-20 for losing)\n|raw|zIIsammyIIz's rating: 1184 &rarr; <strong>1204<\/strong><br \/>(+20 for winning)\n|c|\u2606hcgfgch|gg\n|l|\u2606zIIsammyIIz\n","uploadtime":1700493239,"views":6,"p1id":"hcgfgch","p2id":"ziisammyiiz","formatid":"gen9nationaldex","rating":1096,"private":0,"password":""}