{"id":"gen9nationaldex-1996028971","p1":"daybreak wave3","p2":"wssbzzx","format":"[Gen 9] National Dex","log":"|html|<div class=\"broadcast-blue\"><strong>[Gen 9] National Dex is currently suspecting Sneasler! For information on how to participate check out the <a href=\"https:\/\/www.smogon.com\/forums\/threads\/sv-national-dex-suspect-8-just-dance.3731534\/\">suspect thread<\/a>.<\/strong><\/div>\n|j|\u2606daybreak wave3\n|j|\u2606wssbzzx\n|t:|1700631852\n|gametype|singles\n|player|p1|daybreak wave3|lillie-masters2|1280\n|player|p2|wssbzzx|dragontamer|1297\n|teamsize|p1|6\n|teamsize|p2|6\n|gen|9\n|tier|[Gen 9] National Dex\n|rated|\n|rule|HP Percentage Mod: HP is shown in percentages\n|rule|Endless Battle Clause: Forcing endless battles is banned\n|rule|OHKO Clause: OHKO moves are banned\n|rule|Evasion Clause: Evasion abilities, items, and moves are banned\n|rule|Evasion Abilities Clause: Evasion abilities are banned\n|rule|Evasion Items Clause: Evasion items are banned\n|rule|Evasion Moves Clause: Evasion moves are banned\n|rule|Species Clause: Limit one of each Pok\u00e9mon\n|rule|Sleep Clause Mod: Limit one foe put to sleep\n|clearpoke\n|poke|p1|Aurorus, F|\n|poke|p1|Arctozolt|\n|poke|p1|Slowking-Galar, M|\n|poke|p1|Moltres|\n|poke|p1|Maushold-Four|\n|poke|p1|Hoopa-Unbound|\n|poke|p2|Greninja-*, M|\n|poke|p2|Pelipper, F|\n|poke|p2|Swampert, M|\n|poke|p2|Zapdos|\n|poke|p2|Goodra-Hisui, M|\n|poke|p2|Sneasler, F|\n|teampreview\n|\n|t:|1700631857\n|start\n|switch|p1a: Aurorus|Aurorus, F|100\/100\n|switch|p2a: Pelipper|Pelipper, F|100\/100\n|-weather|Snow|[from] ability: Snow Warning|[of] p1a: Aurorus\n|-weather|RainDance|[from] ability: Drizzle|[of] p2a: Pelipper\n|turn|1\n|\n|t:|1700631869\n|switch|p1a: Slowking|Slowking-Galar, M|100\/100\n|switch|p2a: Goodra|Goodra-Hisui, M|100\/100\n|\n|-weather|RainDance|[upkeep]\n|upkeep\n|turn|2\n|\n|t:|1700631882\n|move|p2a: Goodra|Acid Armor|p2a: Goodra\n|-boost|p2a: Goodra|def|2\n|move|p1a: Slowking|Chilly Reception|p1a: Slowking\n|-weather|Snow\n|\n|t:|1700631897\n|switch|p1a: Hoopa|Hoopa-Unbound|100\/100|[from] Chilly Reception\n|\n|-weather|Snow|[upkeep]\n|upkeep\n|turn|3\n|\n|t:|1700631911\n|move|p1a: Hoopa|Dark Pulse|p2a: Goodra\n|-damage|p2a: Goodra|70\/100\n|move|p2a: Goodra|Body Press|p1a: Hoopa\n|-damage|p1a: Hoopa|9\/100\n|\n|-weather|Snow|[upkeep]\n|-heal|p2a: Goodra|76\/100|[from] item: Leftovers\n|upkeep\n|turn|4\n|\n|t:|1700631919\n|switch|p1a: Moltres|Moltres|100\/100\n|move|p2a: Goodra|Body Press|p1a: Moltres\n|-resisted|p1a: Moltres\n|-damage|p1a: Moltres|82\/100\n|\n|-weather|Snow|[upkeep]\n|-heal|p2a: Goodra|82\/100|[from] item: Leftovers\n|upkeep\n|turn|5\n|\n|t:|1700631930\n|switch|p2a: Pelipper|Pelipper, F|100\/100\n|-weather|RainDance|[from] ability: Drizzle|[of] p2a: Pelipper\n|move|p1a: Moltres|Flamethrower|p2a: Pelipper\n|-resisted|p2a: Pelipper\n|-damage|p2a: Pelipper|86\/100\n|\n|-weather|RainDance|[upkeep]\n|upkeep\n|turn|6\n|\n|t:|1700631939\n|switch|p1a: Slowking|Slowking-Galar, M|100\/100\n|move|p2a: Pelipper|Weather Ball|p1a: Slowking\n|-damage|p1a: Slowking|57\/100\n|\n|-weather|RainDance|[upkeep]\n|upkeep\n|turn|7\n|\n|t:|1700631953\n|switch|p2a: Sneasler|Sneasler, F|100\/100\n|move|p1a: Slowking|Chilly Reception|p1a: Slowking\n|-weather|Snow\n|\n|t:|1700631964\n|switch|p1a: Arctozolt|Arctozolt|100\/100|[from] Chilly Reception\n|\n|-weather|Snow|[upkeep]\n|upkeep\n|turn|8\n|\n|t:|1700631973\n|move|p1a: Arctozolt|Substitute|p1a: Arctozolt\n|-start|p1a: Arctozolt|Substitute\n|-damage|p1a: Arctozolt|76\/100\n|move|p2a: Sneasler|Hone Claws|p2a: Sneasler\n|-boost|p2a: Sneasler|atk|1\n|-boost|p2a: Sneasler|accuracy|1\n|\n|-weather|Snow|[upkeep]\n|upkeep\n|turn|9\n|\n|t:|1700631981\n|move|p1a: Arctozolt|Bolt Beak|p2a: Sneasler\n|-enditem|p2a: Sneasler|Focus Sash\n|-damage|p2a: Sneasler|1\/100\n|move|p2a: Sneasler|Dire Claw|p1a: Arctozolt\n|-end|p1a: Arctozolt|Substitute\n|\n|-weather|Snow|[upkeep]\n|upkeep\n|turn|10\n|\n|t:|1700631992\n|move|p2a: Sneasler|Reversal|p1a: Arctozolt\n|-supereffective|p1a: Arctozolt\n|-damage|p1a: Arctozolt|0 fnt\n|faint|p1a: Arctozolt\n|\n|-weather|Snow|[upkeep]\n|upkeep\n|\n|t:|1700632004\n|switch|p1a: Moltres|Moltres|82\/100\n|turn|11\n|\n|t:|1700632014\n|move|p2a: Sneasler|Reversal|p1a: Moltres\n|-resisted|p1a: Moltres\n|-damage|p1a: Moltres|17\/100\n|move|p1a: Moltres|Flamethrower|p2a: Sneasler\n|-damage|p2a: Sneasler|0 fnt\n|faint|p2a: Sneasler\n|\n|-weather|none\n|upkeep\n|\n|t:|1700632023\n|switch|p2a: Pelipper|Pelipper, F|86\/100\n|-weather|RainDance|[from] ability: Drizzle|[of] p2a: Pelipper\n|turn|12\n|\n|t:|1700632031\n|move|p1a: Moltres|U-turn|p2a: Pelipper\n|-resisted|p2a: Pelipper\n|-damage|p2a: Pelipper|78\/100\n|\n|t:|1700632038\n|switch|p1a: Aurorus|Aurorus, F|100\/100|[from] U-turn\n|-weather|Snow|[from] ability: Snow Warning|[of] p1a: Aurorus\n|move|p2a: Pelipper|Knock Off|p1a: Aurorus\n|-damage|p1a: Aurorus|92\/100\n|-enditem|p1a: Aurorus|Focus Sash|[from] move: Knock Off|[of] p2a: Pelipper\n|\n|-weather|Snow|[upkeep]\n|upkeep\n|turn|13\n|\n|t:|1700632054\n|switch|p2a: Goodra|Goodra-Hisui, M|82\/100\n|move|p1a: Aurorus|Aurora Veil|p1a: Aurorus\n|-sidestart|p1: daybreak wave3|move: Aurora Veil\n|\n|-weather|Snow|[upkeep]\n|-heal|p2a: Goodra|88\/100|[from] item: Leftovers\n|upkeep\n|turn|14\n|\n|t:|1700632060\n|move|p1a: Aurorus|Earth Power|p2a: Goodra\n|-supereffective|p2a: Goodra\n|-damage|p2a: Goodra|50\/100\n|move|p2a: Goodra|Acid Armor|p2a: Goodra\n|-boost|p2a: Goodra|def|2\n|\n|-weather|Snow|[upkeep]\n|-heal|p2a: Goodra|56\/100|[from] item: Leftovers\n|upkeep\n|turn|15\n|\n|t:|1700632068\n|switch|p1a: Moltres|Moltres|17\/100\n|-terastallize|p2a: Goodra|Flying\n|move|p2a: Goodra|Acid Armor|p2a: Goodra\n|-boost|p2a: Goodra|def|2\n|\n|-weather|Snow|[upkeep]\n|-heal|p2a: Goodra|62\/100|[from] item: Leftovers\n|upkeep\n|turn|16\n|\n|t:|1700632075\n|move|p1a: Moltres|Flamethrower|p2a: Goodra\n|-damage|p2a: Goodra|38\/100\n|move|p2a: Goodra|Body Press|p1a: Moltres\n|-resisted|p1a: Moltres\n|-damage|p1a: Moltres|4\/100\n|\n|-weather|none\n|-heal|p2a: Goodra|44\/100|[from] item: Leftovers\n|upkeep\n|turn|17\n|\n|t:|1700632087\n|move|p1a: Moltres|Flamethrower|p2a: Goodra\n|-damage|p2a: Goodra|19\/100\n|move|p2a: Goodra|Body Press|p1a: Moltres\n|-resisted|p1a: Moltres\n|-damage|p1a: Moltres|0 fnt\n|faint|p1a: Moltres\n|\n|-heal|p2a: Goodra|25\/100|[from] item: Leftovers\n|-sideend|p1: daybreak wave3|move: Aurora Veil\n|upkeep\n|\n|t:|1700632114\n|switch|p1a: Hoopa|Hoopa-Unbound|9\/100\n|turn|18\n|\n|t:|1700632120\n|move|p1a: Hoopa|Thunderbolt|p2a: Goodra\n|-supereffective|p2a: Goodra\n|-damage|p2a: Goodra|0 fnt\n|faint|p2a: Goodra\n|\n|upkeep\n|\n|t:|1700632132\n|switch|p2a: Pelipper|Pelipper, F|78\/100\n|-weather|RainDance|[from] ability: Drizzle|[of] p2a: Pelipper\n|turn|19\n|\n|t:|1700632135\n|switch|p2a: Swampert|Swampert, M|100\/100\n|move|p1a: Hoopa|Thunderbolt|p2a: Swampert\n|-immune|p2a: Swampert\n|\n|-weather|RainDance|[upkeep]\n|upkeep\n|turn|20\n|\n|t:|1700632144\n|switch|p1a: Aurorus|Aurorus, F|92\/100\n|-weather|Snow|[from] ability: Snow Warning|[of] p1a: Aurorus\n|detailschange|p2a: Swampert|Swampert-Mega, M\n|-mega|p2a: Swampert|Swampert|Swampertite\n|move|p2a: Swampert|Power-Up Punch|p1a: Aurorus\n|-supereffective|p1a: Aurorus\n|-damage|p1a: Aurorus|36\/100\n|-boost|p2a: Swampert|atk|1\n|\n|-weather|Snow|[upkeep]\n|upkeep\n|turn|21\n|\n|t:|1700632156\n|move|p2a: Swampert|Power-Up Punch|p1a: Aurorus\n|-supereffective|p1a: Aurorus\n|-damage|p1a: Aurorus|0 fnt\n|-boost|p2a: Swampert|atk|1\n|faint|p1a: Aurorus\n|\n|-weather|Snow|[upkeep]\n|upkeep\n|\n|t:|1700632168\n|switch|p1a: Hoopa|Hoopa-Unbound|9\/100\n|turn|22\n|\n|t:|1700632176\n|-terastallize|p1a: Hoopa|Psychic\n|move|p1a: Hoopa|Psychic|p2a: Swampert\n|-damage|p2a: Swampert|35\/100\n|move|p2a: Swampert|Power-Up Punch|p1a: Hoopa\n|-resisted|p1a: Hoopa\n|-damage|p1a: Hoopa|0 fnt\n|-boost|p2a: Swampert|atk|1\n|faint|p1a: Hoopa\n|\n|-weather|Snow|[upkeep]\n|upkeep\n|\n|t:|1700632183\n|switch|p1a: Maushold|Maushold-Four|100\/100\n|turn|23\n|\n|t:|1700632195\n|switch|p2a: Pelipper|Pelipper, F|78\/100\n|-weather|RainDance|[from] ability: Drizzle|[of] p2a: Pelipper\n|move|p1a: Maushold|Tidy Up|p1a: Maushold\n|-boost|p1a: Maushold|atk|1\n|-boost|p1a: Maushold|spe|1\n|\n|-weather|RainDance|[upkeep]\n|upkeep\n|turn|24\n|\n|t:|1700632207\n|move|p1a: Maushold|Population Bomb|p2a: Pelipper\n|-damage|p2a: Pelipper|58\/100\n|-damage|p2a: Pelipper|41\/100\n|-damage|p2a: Pelipper|23\/100\n|-damage|p2a: Pelipper|4\/100\n|-damage|p2a: Pelipper|0 fnt\n|faint|p2a: Pelipper\n|-hitcount|p2: Pelipper|5\n|\n|-weather|RainDance|[upkeep]\n|upkeep\n|\n|t:|1700632211\n|switch|p2a: Zapdos|Zapdos|100\/100\n|turn|25\n|\n|t:|1700632226\n|switch|p1a: Slowking|Slowking-Galar, M|90\/100\n|move|p2a: Zapdos|Thunder|p1a: Slowking\n|-damage|p1a: Slowking|51\/100\n|\n|-weather|RainDance|[upkeep]\n|upkeep\n|turn|26\n|\n|t:|1700632236\n|move|p2a: Zapdos|Rain Dance||[still]\n|-fail|p2a: Zapdos\n|move|p1a: Slowking|Chilly Reception|p1a: Slowking\n|-weather|Snow\n|\n|t:|1700632239\n|switch|p1a: Maushold|Maushold-Four|100\/100|[from] Chilly Reception\n|\n|-weather|Snow|[upkeep]\n|upkeep\n|turn|27\n|\n|t:|1700632246\n|switch|p1a: Slowking|Slowking-Galar, M|84\/100\n|move|p2a: Zapdos|Thunder|p1a: Slowking|[miss]\n|-miss|p2a: Zapdos|p1a: Slowking\n|\n|-weather|Snow|[upkeep]\n|upkeep\n|turn|28\n|\n|t:|1700632254\n|move|p2a: Zapdos|Hurricane|p1a: Slowking\n|-damage|p1a: Slowking|46\/100\n|-enditem|p1a: Slowking|Sitrus Berry|[eat]\n|-heal|p1a: Slowking|71\/100|[from] item: Sitrus Berry\n|move|p1a: Slowking|Sludge Bomb|p2a: Zapdos\n|-damage|p2a: Zapdos|62\/100\n|\n|-weather|Snow|[upkeep]\n|upkeep\n|turn|29\n|\n|t:|1700632271\n|move|p2a: Zapdos|Thunder|p1a: Slowking\n|-damage|p1a: Slowking|37\/100\n|move|p1a: Slowking|Future Sight|p2a: Zapdos\n|-start|p1a: Slowking|move: Future Sight\n|\n|-weather|Snow|[upkeep]\n|upkeep\n|turn|30\n|\n|t:|1700632281\n|move|p2a: Zapdos|Hurricane|p1a: Slowking\n|-damage|p1a: Slowking|0 fnt\n|faint|p1a: Slowking\n|\n|-weather|none\n|upkeep\n|\n|t:|1700632284\n|switch|p1a: Maushold|Maushold-Four|100\/100\n|turn|31\n|\n|t:|1700632294\n|move|p1a: Maushold|Tidy Up|p1a: Maushold\n|-boost|p1a: Maushold|atk|1\n|-boost|p1a: Maushold|spe|1\n|move|p2a: Zapdos|Thunder|p1a: Maushold|[miss]\n|-miss|p2a: Zapdos|p1a: Maushold\n|\n|-end|p2a: Zapdos|move: Future Sight\n|-damage|p2a: Zapdos|8\/100\n|upkeep\n|turn|32\n|\n|t:|1700632301\n|move|p1a: Maushold|Bite|p2a: Zapdos\n|-damage|p2a: Zapdos|0 fnt\n|-damage|p1a: Maushold|84\/100|[from] item: Rocky Helmet|[of] p2a: Zapdos\n|faint|p2a: Zapdos\n|\n|upkeep\n|\n|t:|1700632307\n|switch|p2a: Greninja|Greninja, M|100\/100\n|turn|33\n|\n|t:|1700632311\n|move|p2a: Greninja|Water Shuriken|p1a: Maushold\n|-damage|p1a: Maushold|68\/100\n|-damage|p1a: Maushold|52\/100\n|-damage|p1a: Maushold|36\/100\n|-hitcount|p1a: Maushold|3\n|move|p1a: Maushold|Population Bomb|p2a: Greninja\n|-damage|p2a: Greninja|75\/100\n|-damage|p2a: Greninja|49\/100\n|-damage|p2a: Greninja|22\/100\n|-damage|p2a: Greninja|0 fnt\n|faint|p2a: Greninja\n|-hitcount|p2: Greninja|4\n|\n|upkeep\n|\n|t:|1700632317\n|switch|p2a: Swampert|Swampert-Mega, M|35\/100\n|turn|34\n|-message|wssbzzx forfeited.\n|\n|win|daybreak wave3\n|raw|daybreak wave3's rating: 1280 &rarr; <strong>1306<\/strong><br \/>(+26 for winning)\n|raw|wssbzzx's rating: 1297 &rarr; <strong>1271<\/strong><br \/>(-26 for losing)\n|l|\u2606wssbzzx\n","uploadtime":1700632323,"views":0,"p1id":"daybreakwave3","p2id":"wssbzzx","formatid":"gen9nationaldex","rating":1271,"private":0,"password":""}