{"id":"gen9nationaldex-1998522214","p1":"Maeby Mitenaut","p2":"Yaackrotom12","format":"[Gen 9] National Dex","log":"|html|<div class=\"broadcast-blue\"><strong>[Gen 9] National Dex is currently suspecting Sneasler! For information on how to participate check out the <a href=\"https:\/\/www.smogon.com\/forums\/threads\/sv-national-dex-suspect-8-just-dance.3731534\/\">suspect thread<\/a>.<\/strong><\/div>\n|j|\u2606Maeby Mitenaut\n|j|\u2606Yaackrotom12\n|t:|1700951888\n|gametype|singles\n|player|p1|Maeby Mitenaut|dahlia|1166\n|player|p2|Yaackrotom12|scientistf|1036\n|teamsize|p1|6\n|teamsize|p2|6\n|gen|9\n|tier|[Gen 9] National Dex\n|rated|\n|rule|HP Percentage Mod: HP is shown in percentages\n|rule|Endless Battle Clause: Forcing endless battles is banned\n|rule|OHKO Clause: OHKO moves are banned\n|rule|Evasion Clause: Evasion abilities, items, and moves are banned\n|rule|Evasion Abilities Clause: Evasion abilities are banned\n|rule|Evasion Items Clause: Evasion items are banned\n|rule|Evasion Moves Clause: Evasion moves are banned\n|rule|Species Clause: Limit one of each Pok\u00e9mon\n|rule|Sleep Clause Mod: Limit one foe put to sleep\n|clearpoke\n|poke|p1|Raichu-Alola, F|\n|poke|p1|Clodsire, M|\n|poke|p1|Tapu Koko|\n|poke|p1|Arctozolt|\n|poke|p1|Iron Hands|\n|poke|p1|Ninetales-Alola, F|\n|poke|p2|Sceptile, M|\n|poke|p2|Xurkitree|\n|poke|p2|Zapdos-Galar|\n|poke|p2|Arctovish|\n|poke|p2|Aurorus, M|\n|poke|p2|Kyurem|\n|teampreview\n|c|\u2606Maeby Mitenaut|whoaa arctovish\n|c|\u2606Maeby Mitenaut|your teams cool af\n|c|\u2606Yaackrotom12|thanks\n|\n|t:|1700951927\n|start\n|switch|p1a: Ice Spice|Ninetales-Alola, F, shiny|100\/100\n|switch|p2a: Aurorus|Aurorus, M, shiny|100\/100\n|-weather|Snow|[from] ability: Snow Warning|[of] p1a: Ice Spice\n|turn|1\n|\n|t:|1700951932\n|move|p1a: Ice Spice|Aurora Veil|p1a: Ice Spice\n|-sidestart|p1: Maeby Mitenaut|move: Aurora Veil\n|move|p2a: Aurorus|Aurora Veil|p2a: Aurorus\n|-sidestart|p2: Yaackrotom12|move: Aurora Veil\n|\n|-weather|Snow|[upkeep]\n|upkeep\n|turn|2\n|\n|t:|1700951939\n|switch|p1a: Bluck Buck|Tapu Koko, shiny|100\/100\n|-fieldstart|move: Electric Terrain|[from] ability: Electric Surge|[of] p1a: Bluck Buck\n|move|p2a: Aurorus|Light Screen|p2a: Aurorus\n|-sidestart|p2: Yaackrotom12|move: Light Screen\n|\n|-weather|Snow|[upkeep]\n|upkeep\n|turn|3\n|\n|t:|1700951950\n|switch|p2a: Sceptile|Sceptile, M|100\/100\n|move|p1a: Bluck Buck|Taunt|p2a: Sceptile\n|-start|p2a: Sceptile|move: Taunt\n|\n|-weather|Snow|[upkeep]\n|upkeep\n|turn|4\n|\n|t:|1700951957\n|move|p1a: Bluck Buck|U-turn|p2a: Sceptile\n|-supereffective|p2a: Sceptile\n|-damage|p2a: Sceptile|65\/100\n|\n|t:|1700951960\n|switch|p1a: Big Pap\u00ed|Iron Hands|100\/100|[from] U-turn\n|-activate|p1a: Big Pap\u00ed|ability: Quark Drive\n|-start|p1a: Big Pap\u00ed|quarkdriveatk\n|move|p2a: Sceptile|Brick Break|p1a: Big Pap\u00ed\n|-sideend|p1: Maeby Mitenaut|move: Aurora Veil\n|-damage|p1a: Big Pap\u00ed|91\/100\n|\n|-weather|Snow|[upkeep]\n|upkeep\n|turn|5\n|\n|t:|1700951971\n|detailschange|p2a: Sceptile|Sceptile-Mega, M\n|-mega|p2a: Sceptile|Sceptile|Sceptilite\n|move|p2a: Sceptile|Dragon Pulse|p1a: Big Pap\u00ed\n|-damage|p1a: Big Pap\u00ed|57\/100\n|move|p1a: Big Pap\u00ed|Fire Punch|p2a: Sceptile\n|-damage|p2a: Sceptile|34\/100\n|\n|-weather|Snow|[upkeep]\n|-end|p2a: Sceptile|move: Taunt\n|-sideend|p2: Yaackrotom12|move: Aurora Veil\n|upkeep\n|turn|6\n|\n|t:|1700951997\n|move|p2a: Sceptile|Seed Bomb|p1a: Big Pap\u00ed\n|-damage|p1a: Big Pap\u00ed|38\/100\n|move|p1a: Big Pap\u00ed|Fire Punch|p2a: Sceptile\n|-damage|p2a: Sceptile|0 fnt\n|faint|p2a: Sceptile\n|\n|-weather|Snow|[upkeep]\n|-sideend|p2: Yaackrotom12|move: Light Screen\n|upkeep\n|\n|t:|1700952003\n|switch|p2a: Zapdos|Zapdos-Galar|100\/100\n|turn|7\n|\n|t:|1700952009\n|-zpower|p2a: Zapdos\n|move|p2a: Zapdos|All-Out Pummeling|p1a: Big Pap\u00ed|[zeffect]\n|-damage|p1a: Big Pap\u00ed|0 fnt\n|faint|p1a: Big Pap\u00ed\n|-end|p1a: Big Pap\u00ed|Quark Drive|[silent]\n|\n|-weather|Snow|[upkeep]\n|upkeep\n|\n|t:|1700952018\n|switch|p1a: Gritty|Arctozolt, shiny|100\/100\n|turn|8\n|\n|t:|1700952024\n|move|p1a: Gritty|Bolt Beak|p2a: Zapdos\n|-supereffective|p2a: Zapdos\n|-damage|p2a: Zapdos|0 fnt\n|faint|p2a: Zapdos\n|\n|-weather|none\n|upkeep\n|\n|t:|1700952030\n|switch|p2a: Aurorus|Aurorus, M, shiny|100\/100\n|-weather|Snow|[from] ability: Snow Warning|[of] p2a: Aurorus\n|turn|9\n|c|\u2606Yaackrotom12|wow, arctozold\n|c|\u2606Yaackrotom12|i like this\n|\n|t:|1700952050\n|move|p1a: Gritty|Iron Tail|p2a: Aurorus\n|-supereffective|p2a: Aurorus\n|-damage|p2a: Aurorus|27\/100\n|-unboost|p2a: Aurorus|def|1\n|move|p2a: Aurorus|Aurora Veil|p2a: Aurorus\n|-sidestart|p2: Yaackrotom12|move: Aurora Veil\n|\n|-weather|Snow|[upkeep]\n|-fieldend|move: Electric Terrain\n|upkeep\n|turn|10\n|\n|t:|1700952062\n|move|p1a: Gritty|Stomping Tantrum|p2a: Aurorus\n|-supereffective|p2a: Aurorus\n|-damage|p2a: Aurorus|6\/100\n|move|p2a: Aurorus|Rock Blast|p1a: Gritty\n|-supereffective|p1a: Gritty\n|-damage|p1a: Gritty|90\/100\n|-supereffective|p1a: Gritty\n|-damage|p1a: Gritty|79\/100\n|-supereffective|p1a: Gritty\n|-damage|p1a: Gritty|70\/100\n|-hitcount|p1a: Gritty|3\n|\n|-weather|Snow|[upkeep]\n|upkeep\n|turn|11\n|c|\u2606Maeby Mitenaut|thank you\n|c|\u2606Maeby Mitenaut|im def saving this regardless of outcome, you use some ice pokemon ive never thought of using\n|\n|t:|1700952105\n|move|p1a: Gritty|Iron Tail|p2a: Aurorus|[miss]\n|-miss|p1a: Gritty|p2a: Aurorus\n|move|p2a: Aurorus|Rock Blast|p1a: Gritty\n|-supereffective|p1a: Gritty\n|-damage|p1a: Gritty|58\/100\n|-supereffective|p1a: Gritty\n|-damage|p1a: Gritty|44\/100\n|-supereffective|p1a: Gritty\n|-damage|p1a: Gritty|32\/100\n|-hitcount|p1a: Gritty|3\n|\n|-weather|Snow|[upkeep]\n|upkeep\n|turn|12\n|\n|t:|1700952167\n|move|p1a: Gritty|Stomping Tantrum|p2a: Aurorus\n|-supereffective|p2a: Aurorus\n|-damage|p2a: Aurorus|0 fnt\n|faint|p2a: Aurorus\n|\n|-weather|Snow|[upkeep]\n|upkeep\n|\n|t:|1700952170\n|switch|p2a: Arctovish|Arctovish, shiny|100\/100\n|turn|13\n|\n|t:|1700952186\n|switch|p1a: Bluck Buck|Tapu Koko, shiny|100\/100\n|-fieldstart|move: Electric Terrain|[from] ability: Electric Surge|[of] p1a: Bluck Buck\n|move|p2a: Arctovish|Iron Head|p1a: Bluck Buck\n|-damage|p1a: Bluck Buck|75\/100\n|\n|-weather|none\n|-sideend|p2: Yaackrotom12|move: Aurora Veil\n|upkeep\n|turn|14\n|\n|t:|1700952199\n|move|p1a: Bluck Buck|U-turn|p2a: Arctovish\n|-damage|p2a: Arctovish|85\/100\n|c|\u2606Yaackrotom12|jaja\n|c|\u2606Yaackrotom12|aurorus is bad\n|\n|t:|1700952243\n|switch|p1a: Aloha Broha|Raichu-Alola, F, shiny|100\/100|[from] U-turn\n|move|p2a: Arctovish|Psychic Fangs|p1a: Aloha Broha\n|-resisted|p1a: Aloha Broha\n|-crit|p1a: Aloha Broha\n|-damage|p1a: Aloha Broha|65\/100\n|\n|upkeep\n|turn|15\n|c|\u2606Yaackrotom12|but i like very much\n|c|\u2606Maeby Mitenaut|its all about using pokemon you like - raichu and clodsire are my fav pokemon so i tried to make a team around them lol\n|c|\u2606Maeby Mitenaut|Kyurem, ice dragon - i never thought of using\n|c|\u2606Maeby Mitenaut|very cool\n|c|\u2606Yaackrotom12|kyurem is very underrated\n|\n|t:|1700952309\n|switch|p2a: Kyurem|Kyurem, shiny|100\/100\n|-ability|p2a: Kyurem|Pressure\n|move|p1a: Aloha Broha|Rising Voltage|p2a: Kyurem\n|-hint|Rising Voltage's BP doubled on grounded target.\n|-resisted|p2a: Kyurem\n|-damage|p2a: Kyurem|64\/100\n|\n|upkeep\n|turn|16\n|c|\u2606Maeby Mitenaut|speakin of the devil loll\n|c|\u2606Yaackrotom12|jaja thanks, your team is nice too\n|\n|t:|1700952366\n|switch|p1a: Muddy Buddy|Clodsire, M|100\/100\n|move|p2a: Kyurem|Shadow Ball|p1a: Muddy Buddy\n|-damage|p1a: Muddy Buddy|86\/100\n|\n|-heal|p1a: Muddy Buddy|93\/100|[from] item: Leftovers\n|upkeep\n|turn|17\n|\n|t:|1700952373\n|move|p2a: Kyurem|Blizzard|p1a: Muddy Buddy\n|-supereffective|p1a: Muddy Buddy\n|-damage|p1a: Muddy Buddy|27\/100\n|move|p1a: Muddy Buddy|Toxic|p2a: Kyurem\n|-status|p2a: Kyurem|tox\n|\n|-heal|p1a: Muddy Buddy|34\/100|[from] item: Leftovers\n|-damage|p2a: Kyurem|58\/100 tox|[from] psn\n|upkeep\n|turn|18\n|\n|t:|1700952383\n|switch|p1a: Ice Spice|Ninetales-Alola, F, shiny|100\/100\n|-weather|Snow|[from] ability: Snow Warning|[of] p1a: Ice Spice\n|move|p2a: Kyurem|Blizzard|p1a: Ice Spice\n|-resisted|p1a: Ice Spice\n|-damage|p1a: Ice Spice|74\/100\n|\n|-weather|Snow|[upkeep]\n|-damage|p2a: Kyurem|46\/100 tox|[from] psn\n|upkeep\n|turn|19\n|\n|t:|1700952391\n|move|p1a: Ice Spice|Aurora Veil|p1a: Ice Spice\n|-sidestart|p1: Maeby Mitenaut|move: Aurora Veil\n|move|p2a: Kyurem|Flash Cannon|p1a: Ice Spice\n|-supereffective|p1a: Ice Spice\n|-damage|p1a: Ice Spice|17\/100\n|\n|-weather|Snow|[upkeep]\n|-damage|p2a: Kyurem|27\/100 tox|[from] psn\n|upkeep\n|turn|20\n|\n|t:|1700952403\n|move|p1a: Ice Spice|Moonblast|p2a: Kyurem\n|-supereffective|p2a: Kyurem\n|-damage|p2a: Kyurem|0 fnt\n|faint|p2a: Kyurem\n|\n|-weather|Snow|[upkeep]\n|-fieldend|move: Electric Terrain\n|upkeep\n|\n|t:|1700952406\n|switch|p2a: Xurkitree|Xurkitree|100\/100\n|turn|21\n|\n|t:|1700952422\n|move|p1a: Ice Spice|Moonblast|p2a: Xurkitree\n|-damage|p2a: Xurkitree|59\/100\n|-unboost|p2a: Xurkitree|spa|1\n|move|p2a: Xurkitree|Tail Glow|p2a: Xurkitree\n|-boost|p2a: Xurkitree|spa|3\n|\n|-weather|Snow|[upkeep]\n|upkeep\n|turn|22\n|\n|t:|1700952431\n|-terastallize|p2a: Xurkitree|Fairy\n|move|p1a: Ice Spice|Moonblast|p2a: Xurkitree\n|-damage|p2a: Xurkitree|18\/100\n|move|p2a: Xurkitree|Discharge|p1a: Ice Spice\n|-damage|p1a: Ice Spice|0 fnt\n|faint|p1a: Ice Spice\n|-ability|p2a: Xurkitree|Beast Boost|boost\n|-boost|p2a: Xurkitree|spa|1\n|\n|-weather|Snow|[upkeep]\n|upkeep\n|\n|t:|1700952444\n|switch|p1a: Gritty|Arctozolt, shiny|32\/100\n|turn|23\n|\n|t:|1700952447\n|move|p1a: Gritty|Iron Tail|p2a: Xurkitree\n|-supereffective|p2a: Xurkitree\n|-damage|p2a: Xurkitree|0 fnt\n|faint|p2a: Xurkitree\n|\n|-weather|Snow|[upkeep]\n|-sideend|p1: Maeby Mitenaut|move: Aurora Veil\n|upkeep\n|\n|t:|1700952451\n|switch|p2a: Arctovish|Arctovish, shiny|85\/100\n|turn|24\n|\n|t:|1700952454\n|move|p1a: Gritty|Bolt Beak|p2a: Arctovish\n|-supereffective|p2a: Arctovish\n|-damage|p2a: Arctovish|0 fnt\n|faint|p2a: Arctovish\n|\n|win|Maeby Mitenaut\n|raw|Maeby Mitenaut's rating: 1166 &rarr; <strong>1182<\/strong><br \/>(+16 for winning)\n|raw|Yaackrotom12's rating: 1036 &rarr; <strong>1026<\/strong><br \/>(-10 for losing)\n|c|\u2606Maeby Mitenaut|gg!\n|c|\u2606Yaackrotom12|gg\n|c|\u2606Yaackrotom12|:)\n|c|\u2606Maeby Mitenaut|thank you for the inspo\n|c|\u2606Maeby Mitenaut|have a great weekend\n|c|\u2606Yaackrotom12|you too\n","uploadtime":1700952462,"views":4,"p1id":"maebymitenaut","p2id":"yaackrotom12","formatid":"gen9nationaldex","rating":1026,"private":0,"password":""}