{"id":"gen9nationaldex-1993969525","p1":"landiwosh","p2":"guess 19","format":"[Gen 9] National Dex","log":"|j|\u2606landiwosh\n|j|\u2606guess 19\n|t:|1700385181\n|gametype|singles\n|player|p1|landiwosh|steven|1586\n|player|p2|guess 19|brock|1474\n|teamsize|p1|6\n|teamsize|p2|6\n|gen|9\n|tier|[Gen 9] National Dex\n|rated|\n|rule|HP Percentage Mod: HP is shown in percentages\n|rule|Endless Battle Clause: Forcing endless battles is banned\n|rule|OHKO Clause: OHKO moves are banned\n|rule|Evasion Clause: Evasion abilities, items, and moves are banned\n|rule|Evasion Abilities Clause: Evasion abilities are banned\n|rule|Evasion Items Clause: Evasion items are banned\n|rule|Evasion Moves Clause: Evasion moves are banned\n|rule|Species Clause: Limit one of each Pok\u00e9mon\n|rule|Sleep Clause Mod: Limit one foe put to sleep\n|clearpoke\n|poke|p1|Zapdos|\n|poke|p1|Lopunny, F|\n|poke|p1|Volcanion|\n|poke|p1|Tapu Koko|\n|poke|p1|Sneasler, F|\n|poke|p1|Landorus-Therian, M|\n|poke|p2|Steelix, M|\n|poke|p2|Spiritomb, F|\n|poke|p2|Porygon2|\n|poke|p2|Araquanid, F|\n|poke|p2|Infernape, F|\n|poke|p2|Thundurus-Therian, M|\n|teampreview\n|\n|t:|1700385194\n|start\n|switch|p1a: Volcanion|Volcanion|100\/100\n|switch|p2a: Porygon2|Porygon2|100\/100\n|turn|1\n|\n|t:|1700385203\n|move|p1a: Volcanion|Taunt|p2a: Porygon2\n|-start|p2a: Porygon2|move: Taunt\n|move|p2a: Porygon2|Tri Attack|p1a: Volcanion\n|-damage|p1a: Volcanion|50\/100\n|\n|upkeep\n|turn|2\n|\n|t:|1700385217\n|switch|p1a: Zapdos|Zapdos|100\/100\n|move|p2a: Porygon2|Tri Attack|p1a: Zapdos\n|-damage|p1a: Zapdos|58\/100\n|-status|p1a: Zapdos|brn\n|\n|-damage|p1a: Zapdos|52\/100 brn|[from] brn\n|upkeep\n|turn|3\n|\n|t:|1700385226\n|move|p1a: Zapdos|Thunderbolt|p2a: Porygon2\n|-damage|p2a: Porygon2|79\/100\n|move|p2a: Porygon2|Ice Beam|p1a: Zapdos\n|-supereffective|p1a: Zapdos\n|-damage|p1a: Zapdos|0 fnt\n|faint|p1a: Zapdos\n|\n|-end|p2a: Porygon2|move: Taunt\n|upkeep\n|\n|t:|1700385230\n|switch|p1a: Lopunny|Lopunny, F|100\/100\n|turn|4\n|\n|t:|1700385240\n|detailschange|p1a: Lopunny|Lopunny-Mega, F\n|-mega|p1a: Lopunny|Lopunny|Lopunnite\n|-terastallize|p2a: Porygon2|Poison\n|move|p1a: Lopunny|Fake Out|p2a: Porygon2\n|-damage|p2a: Porygon2|66\/100\n|cant|p2a: Porygon2|flinch\n|\n|upkeep\n|turn|5\n|\n|t:|1700385280\n|switch|p1a: Landorus|Landorus-Therian, M|100\/100\n|-ability|p1a: Landorus|Intimidate|boost\n|-unboost|p2a: Porygon2|atk|1\n|move|p2a: Porygon2|Ice Beam|p1a: Landorus\n|-supereffective|p1a: Landorus\n|-damage|p1a: Landorus|0 fnt\n|faint|p1a: Landorus\n|\n|upkeep\n|\n|t:|1700385283\n|switch|p1a: Tapu Koko|Tapu Koko|100\/100\n|-fieldstart|move: Electric Terrain|[from] ability: Electric Surge|[of] p1a: Tapu Koko\n|turn|6\n|\n|t:|1700385293\n|-terastallize|p1a: Tapu Koko|Electric\n|move|p1a: Tapu Koko|Thunderbolt|p2a: Porygon2\n|-damage|p2a: Porygon2|23\/100\n|move|p2a: Porygon2|Recover|p2a: Porygon2\n|-heal|p2a: Porygon2|73\/100\n|\n|upkeep\n|turn|7\n|\n|t:|1700385302\n|move|p1a: Tapu Koko|Thunderbolt|p2a: Porygon2\n|-damage|p2a: Porygon2|32\/100\n|move|p2a: Porygon2|Ice Beam|p1a: Tapu Koko\n|-damage|p1a: Tapu Koko|58\/100\n|\n|upkeep\n|turn|8\n|-message|landiwosh forfeited.\n|\n|win|guess 19\n|raw|landiwosh's rating: 1586 &rarr; <strong>1560<\/strong><br \/>(-26 for losing)\n|raw|guess 19's rating: 1474 &rarr; <strong>1500<\/strong><br \/>(+26 for winning)\n|l|\u2606landiwosh\n","uploadtime":1700385316,"views":11,"p1id":"landiwosh","p2id":"guess19","formatid":"gen9nationaldex","rating":1500,"private":0,"password":""}