{"id":"gen9nationaldex-1999022964","p1":"ur moom suus","p2":"xtemilx","format":"[Gen 9] National Dex","log":"|html|<div class=\"broadcast-blue\"><strong>[Gen 9] National Dex is currently suspecting Sneasler! For information on how to participate check out the <a href=\"https:\/\/www.smogon.com\/forums\/threads\/sv-national-dex-suspect-8-just-dance.3731534\/\">suspect thread<\/a>.<\/strong><\/div>\n|j|\u2606ur moom suus\n|j|\u2606xtemilx\n|t:|1701024904\n|gametype|singles\n|player|p1|ur moom suus|ryuki|\n|player|p2|xtemilx|265|\n|teamsize|p1|6\n|teamsize|p2|6\n|gen|9\n|tier|[Gen 9] National Dex\n|rule|HP Percentage Mod: HP is shown in percentages\n|rule|Endless Battle Clause: Forcing endless battles is banned\n|rule|OHKO Clause: OHKO moves are banned\n|rule|Evasion Clause: Evasion abilities, items, and moves are banned\n|rule|Evasion Abilities Clause: Evasion abilities are banned\n|rule|Evasion Items Clause: Evasion items are banned\n|rule|Evasion Moves Clause: Evasion moves are banned\n|rule|Species Clause: Limit one of each Pok\u00e9mon\n|rule|Sleep Clause Mod: Limit one foe put to sleep\n|clearpoke\n|poke|p1|Weavile, M|\n|poke|p1|Tinkaton, F|\n|poke|p1|Tapu Lele|\n|poke|p1|Ninetales-Alola, M|\n|poke|p1|Sandslash-Alola, M|\n|poke|p1|Cetitan, F|\n|poke|p2|Ninetales-Alola, F|\n|poke|p2|Eiscue, F|\n|poke|p2|Weezing-Galar, F|\n|poke|p2|Ribombee, F|\n|poke|p2|Tinkaton, F|\n|poke|p2|Frosmoth, F|\n|teampreview\n|c|\u2606ur moom suus|is it bo3?\n|j| Guggirap\n|c|\u2606xtemilx|I think its bo1\n|c|\u2606ur moom suus|it is\n|c|\u2606xtemilx|aight lets go\n|j| Roablox\n|c|\u2606ur moom suus|game time\n|j| Chef6703\n|c| Chef6703|gaming\n|c| Chef6703|wait it\u2019s natdex??\n|\n|t:|1701025038\n|start\n|switch|p1a: Ninetales|Ninetales-Alola, M|100\/100\n|switch|p2a: Ninetales|Ninetales-Alola, F, shiny|100\/100\n|-weather|Snow|[from] ability: Snow Warning|[of] p1a: Ninetales\n|turn|1\n|c|\u2606ur moom suus|xtemilx ,timer on or off\n|c|\u2606xtemilx|off\n|c|\u2606ur moom suus|ok\n|l| Chef6703\n|\n|t:|1701025077\n|move|p1a: Ninetales|Aurora Veil|p1a: Ninetales\n|-sidestart|p1: ur moom suus|move: Aurora Veil\n|move|p2a: Ninetales|Aurora Veil|p2a: Ninetales\n|-sidestart|p2: xtemilx|move: Aurora Veil\n|\n|-weather|Snow|[upkeep]\n|upkeep\n|turn|2\n|j| MonkfernoYT\n|j| Chef6703\n|c|\u2606xtemilx|damn who would have thought that would be round 1 xD\n|\n|t:|1701025127\n|switch|p2a: Weezing|Weezing-Galar, F, shiny|100\/100\n|switch|p1a: Sandslash|Sandslash-Alola, M, shiny|100\/100\n|\n|-weather|Snow|[upkeep]\n|upkeep\n|turn|3\n|\n|t:|1701025159\n|move|p1a: Sandslash|Iron Head|p2a: Weezing\n|-supereffective|p2a: Weezing\n|-damage|p2a: Weezing|73\/100\n|move|p2a: Weezing|Will-O-Wisp|p1a: Sandslash\n|-status|p1a: Sandslash|brn\n|\n|-weather|Snow|[upkeep]\n|-heal|p2a: Weezing|79\/100|[from] item: Black Sludge\n|-damage|p1a: Sandslash|94\/100 brn|[from] brn\n|upkeep\n|turn|4\n|\n|t:|1701025191\n|switch|p1a: Tinkaton|Tinkaton, F|100\/100\n|-ability|p1a: Tinkaton|Mold Breaker\n|move|p2a: Weezing|Toxic Spikes|p1a: Tinkaton\n|-sidestart|p1: ur moom suus|move: Toxic Spikes\n|\n|-weather|Snow|[upkeep]\n|-heal|p2a: Weezing|85\/100|[from] item: Black Sludge\n|upkeep\n|turn|5\n|\n|t:|1701025211\n|move|p1a: Tinkaton|Stealth Rock|p2a: Weezing\n|-sidestart|p2: xtemilx|move: Stealth Rock\n|move|p2a: Weezing|Will-O-Wisp|p1a: Tinkaton\n|-status|p1a: Tinkaton|brn\n|\n|-weather|none\n|-heal|p2a: Weezing|91\/100|[from] item: Black Sludge\n|-damage|p1a: Tinkaton|94\/100 brn|[from] brn\n|upkeep\n|turn|6\n|\n|t:|1701025221\n|switch|p1a: Sandslash|Sandslash-Alola, M, shiny|94\/100 brn\n|move|p2a: Weezing|Toxic Spikes|p1a: Sandslash\n|-sidestart|p1: ur moom suus|move: Toxic Spikes\n|\n|-heal|p2a: Weezing|97\/100|[from] item: Black Sludge\n|-damage|p1a: Sandslash|88\/100 brn|[from] brn\n|upkeep\n|turn|7\n|\n|t:|1701025235\n|move|p1a: Sandslash|Rapid Spin|p2a: Weezing\n|-damage|p2a: Weezing|94\/100\n|-boost|p1a: Sandslash|spe|1\n|-sideend|p1: ur moom suus|Toxic Spikes|[from] move: Rapid Spin|[of] p1a: Sandslash\n|move|p2a: Weezing|Flamethrower|p1a: Sandslash\n|-supereffective|p1a: Sandslash\n|-damage|p1a: Sandslash|29\/100 brn\n|\n|-heal|p2a: Weezing|99\/100|[from] item: Black Sludge\n|-damage|p1a: Sandslash|23\/100 brn|[from] brn\n|upkeep\n|turn|8\n|l| MonkfernoYT\n|\n|t:|1701025251\n|switch|p1a: Tapu Lele|Tapu Lele, shiny|100\/100\n|-fieldstart|move: Psychic Terrain|[from] ability: Psychic Surge|[of] p1a: Tapu Lele\n|move|p2a: Weezing|Flamethrower|p1a: Tapu Lele\n|-damage|p1a: Tapu Lele|92\/100\n|\n|-heal|p2a: Weezing|100\/100|[from] item: Black Sludge\n|-sideend|p2: xtemilx|move: Aurora Veil\n|-sideend|p1: ur moom suus|move: Aurora Veil\n|upkeep\n|turn|9\n|l| Roablox\n|l| Chef6703\n|j| Roablox\n|l| Roablox\n|\n|t:|1701025313\n|switch|p2a: Tinkaton|Tinkaton, F|100\/100\n|-damage|p2a: Tinkaton|94\/100|[from] Stealth Rock\n|-ability|p2a: Tinkaton|Mold Breaker\n|move|p1a: Tapu Lele|Psychic|p2a: Tinkaton\n|-resisted|p2a: Tinkaton\n|-damage|p2a: Tinkaton|60\/100\n|\n|upkeep\n|turn|10\n|j| Chef6703\n|l| Chef6703\n|\n|t:|1701025334\n|switch|p1a: Tinkaton|Tinkaton, F|94\/100 brn\n|-ability|p1a: Tinkaton|Mold Breaker\n|move|p2a: Tinkaton|Gigaton Hammer|p1a: Tinkaton\n|-damage|p1a: Tinkaton|1\/100 brn\n|-damage|p2a: Tinkaton|50\/100|[from] item: Life Orb\n|\n|-heal|p1a: Tinkaton|7\/100 brn|[from] item: Leftovers\n|-damage|p1a: Tinkaton|1\/100 brn|[from] brn\n|upkeep\n|turn|11\n|\n|t:|1701025359\n|move|p1a: Tinkaton|Gigaton Hammer|p2a: Tinkaton\n|-damage|p2a: Tinkaton|22\/100\n|move|p2a: Tinkaton|Knock Off|p1a: Tinkaton\n|-resisted|p1a: Tinkaton\n|-damage|p1a: Tinkaton|0 fnt\n|-enditem|p1a: Tinkaton|Leftovers|[from] move: Knock Off|[of] p2a: Tinkaton\n|faint|p1a: Tinkaton\n|-damage|p2a: Tinkaton|12\/100|[from] item: Life Orb\n|\n|upkeep\n|\n|t:|1701025377\n|switch|p1a: Tapu Lele|Tapu Lele, shiny|92\/100\n|turn|12\n|\n|t:|1701025390\n|move|p1a: Tapu Lele|Psychic|p2a: Tinkaton\n|-resisted|p2a: Tinkaton\n|-damage|p2a: Tinkaton|0 fnt\n|faint|p2a: Tinkaton\n|\n|-fieldend|move: Psychic Terrain\n|upkeep\n|l| Guggirap\n|\n|t:|1701025427\n|switch|p2a: Ninetales|Ninetales-Alola, F, shiny|100\/100\n|-damage|p2a: Ninetales|76\/100|[from] Stealth Rock\n|-weather|Snow|[from] ability: Snow Warning|[of] p2a: Ninetales\n|turn|13\n|\n|t:|1701025449\n|switch|p1a: Sandslash|Sandslash-Alola, M, shiny|23\/100 brn\n|move|p2a: Ninetales|Aurora Veil|p2a: Ninetales\n|-sidestart|p2: xtemilx|move: Aurora Veil\n|\n|-weather|Snow|[upkeep]\n|-damage|p1a: Sandslash|17\/100 brn|[from] brn\n|upkeep\n|turn|14\n|\n|t:|1701025472\n|move|p1a: Sandslash|Iron Head|p2a: Ninetales\n|-supereffective|p2a: Ninetales\n|-damage|p2a: Ninetales|42\/100\n|move|p2a: Ninetales|Moonblast|p1a: Sandslash\n|-resisted|p1a: Sandslash\n|-damage|p1a: Sandslash|0 fnt\n|faint|p1a: Sandslash\n|\n|-weather|Snow|[upkeep]\n|upkeep\n|\n|t:|1701025509\n|switch|p1a: Cetitan|Cetitan, F, shiny|100\/100\n|turn|15\n|\n|t:|1701025534\n|switch|p1a: Ninetales|Ninetales-Alola, M|100\/100\n|move|p2a: Ninetales|Calm Mind|p2a: Ninetales\n|-boost|p2a: Ninetales|spa|1\n|-boost|p2a: Ninetales|spd|1\n|\n|-weather|Snow|[upkeep]\n|upkeep\n|turn|16\n|\n|t:|1701025544\n|move|p1a: Ninetales|Encore|p2a: Ninetales\n|-start|p2a: Ninetales|Encore\n|move|p2a: Ninetales|Calm Mind|p2a: Ninetales\n|-boost|p2a: Ninetales|spa|1\n|-boost|p2a: Ninetales|spd|1\n|\n|-weather|Snow|[upkeep]\n|upkeep\n|turn|17\n|\n|t:|1701025573\n|switch|p2a: Ribombee|Ribombee, F, shiny|100\/100\n|-damage|p2a: Ribombee|76\/100|[from] Stealth Rock\n|move|p1a: Ninetales|Aurora Veil|p1a: Ninetales\n|-sidestart|p1: ur moom suus|move: Aurora Veil\n|\n|-weather|none\n|upkeep\n|turn|18\n|\n|t:|1701025589\n|move|p2a: Ribombee|Sticky Web|p1a: Ninetales\n|-sidestart|p1: ur moom suus|move: Sticky Web\n|move|p1a: Ninetales|Encore|p2a: Ribombee\n|-start|p2a: Ribombee|Encore\n|\n|upkeep\n|turn|19\n|\n|t:|1701025608\n|switch|p2a: Weezing|Weezing-Galar, F, shiny|100\/100\n|-damage|p2a: Weezing|88\/100|[from] Stealth Rock\n|switch|p1a: Cetitan|Cetitan, F, shiny|100\/100\n|-activate|p1a: Cetitan|move: Sticky Web\n|-unboost|p1a: Cetitan|spe|1\n|\n|-heal|p2a: Weezing|94\/100|[from] item: Black Sludge\n|upkeep\n|turn|20\n|\n|t:|1701025623\n|move|p2a: Weezing|Will-O-Wisp|p1a: Cetitan\n|-status|p1a: Cetitan|brn\n|move|p1a: Cetitan|Belly Drum|p1a: Cetitan\n|-damage|p1a: Cetitan|50\/100 brn\n|-setboost|p1a: Cetitan|atk|6|[from] move: Belly Drum\n|-enditem|p1a: Cetitan|Sitrus Berry|[eat]\n|-heal|p1a: Cetitan|75\/100 brn|[from] item: Sitrus Berry\n|\n|-heal|p2a: Weezing|99\/100|[from] item: Black Sludge\n|-damage|p1a: Cetitan|69\/100 brn|[from] brn\n|-sideend|p2: xtemilx|move: Aurora Veil\n|upkeep\n|turn|21\n|\n|t:|1701025700\n|move|p2a: Weezing|Toxic Spikes|p1a: Cetitan\n|-sidestart|p1: ur moom suus|move: Toxic Spikes\n|move|p1a: Cetitan|Liquidation|p2a: Weezing\n|-damage|p2a: Weezing|53\/100\n|-unboost|p2a: Weezing|def|1\n|\n|-heal|p2a: Weezing|59\/100|[from] item: Black Sludge\n|-damage|p1a: Cetitan|63\/100 brn|[from] brn\n|upkeep\n|turn|22\n|\n|t:|1701025737\n|move|p2a: Weezing|Toxic Spikes|p1a: Cetitan\n|-sidestart|p1: ur moom suus|move: Toxic Spikes\n|move|p1a: Cetitan|Liquidation|p2a: Weezing\n|-damage|p2a: Weezing|0 fnt\n|faint|p2a: Weezing\n|\n|-damage|p1a: Cetitan|57\/100 brn|[from] brn\n|upkeep\n|\n|t:|1701025753\n|switch|p2a: Ninetales|Ninetales-Alola, F, shiny|42\/100\n|-damage|p2a: Ninetales|17\/100|[from] Stealth Rock\n|-weather|Snow|[from] ability: Snow Warning|[of] p2a: Ninetales\n|turn|23\n|\n|t:|1701025761\n|-terastallize|p1a: Cetitan|Ice\n|move|p1a: Cetitan|Ice Shard|p2a: Ninetales\n|-resisted|p2a: Ninetales\n|-damage|p2a: Ninetales|0 fnt\n|faint|p2a: Ninetales\n|\n|-weather|Snow|[upkeep]\n|-damage|p1a: Cetitan|50\/100 brn|[from] brn\n|upkeep\n|\n|t:|1701025791\n|switch|p2a: Eiscue|Eiscue, F, shiny|100\/100\n|-damage|p2a: Eiscue|76\/100|[from] Stealth Rock\n|turn|24\n|c|\u2606ur moom suus|thanks for the speed boost\n|c|\u2606ur moom suus|:)\n|\n|t:|1701025809\n|move|p1a: Cetitan|Earthquake|p2a: Eiscue\n|-activate|p2a: Eiscue|ability: Ice Face\n|-damage|p2a: Eiscue|76\/100\n|detailschange|p2a: Eiscue|Eiscue-Noice, F, shiny\n|move|p2a: Eiscue|Belly Drum|p2a: Eiscue\n|-damage|p2a: Eiscue|26\/100\n|-setboost|p2a: Eiscue|atk|6|[from] move: Belly Drum\n|-enditem|p2a: Eiscue|Sitrus Berry|[eat]\n|-heal|p2a: Eiscue|51\/100|[from] item: Sitrus Berry\n|\n|-weather|Snow|[upkeep]\n|-damage|p1a: Cetitan|44\/100 brn|[from] brn\n|-sideend|p1: ur moom suus|move: Aurora Veil\n|upkeep\n|turn|25\n|\n|t:|1701025825\n|move|p1a: Cetitan|Ice Shard|p2a: Eiscue\n|-resisted|p2a: Eiscue\n|-damage|p2a: Eiscue|19\/100\n|move|p2a: Eiscue|Iron Head|p1a: Cetitan\n|-supereffective|p1a: Cetitan\n|-damage|p1a: Cetitan|0 fnt\n|faint|p1a: Cetitan\n|\n|-weather|Snow|[upkeep]\n|upkeep\n|\n|t:|1701025863\n|switch|p1a: Weavile|Weavile, M|100\/100\n|-activate|p1a: Weavile|move: Sticky Web\n|-unboost|p1a: Weavile|spe|1\n|-status|p1a: Weavile|tox\n|-ability|p1a: Weavile|Pressure\n|turn|26\n|\n|t:|1701025878\n|move|p1a: Weavile|Ice Shard|p2a: Eiscue\n|-resisted|p2a: Eiscue\n|-damage|p2a: Eiscue|4\/100\n|move|p2a: Eiscue|Iron Head|p1a: Weavile\n|-supereffective|p1a: Weavile\n|-damage|p1a: Weavile|0 fnt\n|faint|p1a: Weavile\n|\n|-weather|Snow|[upkeep]\n|upkeep\n|\n|t:|1701025886\n|switch|p1a: Tapu Lele|Tapu Lele, shiny|92\/100\n|-activate|p1a: Tapu Lele|move: Sticky Web\n|-unboost|p1a: Tapu Lele|spe|1\n|-status|p1a: Tapu Lele|tox\n|-fieldstart|move: Psychic Terrain|[from] ability: Psychic Surge|[of] p1a: Tapu Lele\n|turn|27\n|\n|t:|1701025893\n|move|p2a: Eiscue|Iron Head|p1a: Tapu Lele\n|-supereffective|p1a: Tapu Lele\n|-damage|p1a: Tapu Lele|0 fnt\n|faint|p1a: Tapu Lele\n|\n|-weather|none\n|upkeep\n|\n|t:|1701025895\n|switch|p1a: Ninetales|Ninetales-Alola, M|100\/100\n|-activate|p1a: Ninetales|move: Sticky Web\n|-unboost|p1a: Ninetales|spe|1\n|-status|p1a: Ninetales|tox\n|-weather|Snow|[from] ability: Snow Warning|[of] p1a: Ninetales\n|-activate|p2a: Eiscue|ability: Ice Face\n|detailschange|p2a: Eiscue|Eiscue, F, shiny\n|turn|28\n|\n|t:|1701025911\n|move|p1a: Ninetales|Moonblast|p2a: Eiscue\n|-damage|p2a: Eiscue|0 fnt\n|faint|p2a: Eiscue\n|\n|-weather|Snow|[upkeep]\n|-damage|p1a: Ninetales|94\/100 tox|[from] psn\n|upkeep\n|c|\u2606xtemilx|bad timing game\n|c|\u2606ur moom suus|lol\n|\n|t:|1701025931\n|switch|p2a: Frosmoth|Frosmoth, F, shiny|100\/100\n|turn|29\n|\n|t:|1701025941\n|move|p1a: Ninetales|Aurora Veil|p1a: Ninetales\n|-sidestart|p1: ur moom suus|move: Aurora Veil\n|move|p2a: Frosmoth|Quiver Dance|p2a: Frosmoth\n|-boost|p2a: Frosmoth|spa|1\n|-boost|p2a: Frosmoth|spd|1\n|-boost|p2a: Frosmoth|spe|1\n|\n|-weather|Snow|[upkeep]\n|-damage|p1a: Ninetales|82\/100 tox|[from] psn\n|upkeep\n|turn|30\n|\n|t:|1701025952\n|move|p2a: Frosmoth|Quiver Dance|p2a: Frosmoth\n|-boost|p2a: Frosmoth|spa|1\n|-boost|p2a: Frosmoth|spd|1\n|-boost|p2a: Frosmoth|spe|1\n|move|p1a: Ninetales|Moonblast|p2a: Frosmoth\n|-damage|p2a: Frosmoth|92\/100\n|-unboost|p2a: Frosmoth|spa|1\n|\n|-weather|Snow|[upkeep]\n|-damage|p1a: Ninetales|64\/100 tox|[from] psn\n|upkeep\n|turn|31\n|\n|t:|1701025963\n|move|p2a: Frosmoth|Quiver Dance|p2a: Frosmoth\n|-boost|p2a: Frosmoth|spa|1\n|-boost|p2a: Frosmoth|spd|1\n|-boost|p2a: Frosmoth|spe|1\n|move|p1a: Ninetales|Encore|p2a: Frosmoth\n|-start|p2a: Frosmoth|Encore\n|\n|-weather|Snow|[upkeep]\n|-damage|p1a: Ninetales|40\/100 tox|[from] psn\n|-fieldend|move: Psychic Terrain\n|upkeep\n|turn|32\n|\n|t:|1701025971\n|move|p2a: Frosmoth|Quiver Dance|p2a: Frosmoth\n|-boost|p2a: Frosmoth|spa|1\n|-boost|p2a: Frosmoth|spd|1\n|-boost|p2a: Frosmoth|spe|1\n|move|p1a: Ninetales|Moonblast|p2a: Frosmoth\n|-damage|p2a: Frosmoth|86\/100\n|\n|-weather|none\n|-damage|p1a: Ninetales|10\/100 tox|[from] psn\n|upkeep\n|turn|33\n|c|\u2606ur moom suus|gg\n|c|\u2606xtemilx|gg\n|\n|t:|1701025979\n|move|p2a: Frosmoth|Quiver Dance|p2a: Frosmoth\n|-boost|p2a: Frosmoth|spa|1\n|-boost|p2a: Frosmoth|spd|1\n|-boost|p2a: Frosmoth|spe|1\n|move|p1a: Ninetales|Moonblast|p2a: Frosmoth\n|-crit|p2a: Frosmoth\n|-damage|p2a: Frosmoth|58\/100\n|\n|-damage|p1a: Ninetales|0 fnt|[from] psn\n|faint|p1a: Ninetales\n|\n|win|xtemilx\n|upkeep\n|j| Roablox\n","uploadtime":1701025992,"views":39,"p1id":"urmoomsuus","p2id":"xtemilx","formatid":"gen9nationaldex","rating":0,"private":0,"password":""}