{"id":"gen9nationaldex-1999127953","p1":"Ambipongus","p2":"ZenDaruma","format":"[Gen 9] National Dex","log":"|html|<div class=\"broadcast-blue\"><strong>[Gen 9] National Dex is currently suspecting Sneasler! For information on how to participate check out the <a href=\"https:\/\/www.smogon.com\/forums\/threads\/sv-national-dex-suspect-8-just-dance.3731534\/\">suspect thread<\/a>.<\/strong><\/div>\n|j|\u2606Ambipongus\n|j|\u2606ZenDaruma\n|t:|1701036147\n|gametype|singles\n|player|p1|Ambipongus|janitor|1458\n|player|p2|ZenDaruma|101|1375\n|teamsize|p1|6\n|teamsize|p2|6\n|gen|9\n|tier|[Gen 9] National Dex\n|rated|\n|rule|HP Percentage Mod: HP is shown in percentages\n|rule|Endless Battle Clause: Forcing endless battles is banned\n|rule|OHKO Clause: OHKO moves are banned\n|rule|Evasion Clause: Evasion abilities, items, and moves are banned\n|rule|Evasion Abilities Clause: Evasion abilities are banned\n|rule|Evasion Items Clause: Evasion items are banned\n|rule|Evasion Moves Clause: Evasion moves are banned\n|rule|Species Clause: Limit one of each Pok\u00e9mon\n|rule|Sleep Clause Mod: Limit one foe put to sleep\n|clearpoke\n|poke|p1|Lopunny, M|\n|poke|p1|Iron Moth|\n|poke|p1|Kyurem|\n|poke|p1|Landorus-Therian, M|\n|poke|p1|Tapu Fini|\n|poke|p1|Ferrothorn, M|\n|poke|p2|Heatran, F|\n|poke|p2|Zapdos|\n|poke|p2|Samurott-Hisui, M|\n|poke|p2|Serperior, M|\n|poke|p2|Tapu Lele|\n|poke|p2|Ursaluna, F|\n|teampreview\n|inactive|Battle timer is ON: inactive players will automatically lose when time's up. (requested by ZenDaruma)\n|\n|t:|1701036173\n|start\n|switch|p1a: Marble Halls|Ferrothorn, M|100\/100\n|switch|p2a: Zapdos|Zapdos|100\/100\n|turn|1\n|\n|t:|1701036187\n|switch|p1a: Ready To Fly|Landorus-Therian, M|100\/100\n|-ability|p1a: Ready To Fly|Intimidate|boost\n|-unboost|p2a: Zapdos|atk|1\n|move|p2a: Zapdos|Hurricane|p1a: Ready To Fly\n|-damage|p1a: Ready To Fly|52\/100\n|\n|-heal|p1a: Ready To Fly|58\/100|[from] item: Leftovers\n|upkeep\n|turn|2\n|inactive|ZenDaruma has 120 seconds left.\n|\n|t:|1701036218\n|move|p2a: Zapdos|Hurricane|p1a: Ready To Fly\n|-damage|p1a: Ready To Fly|12\/100\n|move|p1a: Ready To Fly|Toxic|p2a: Zapdos\n|-status|p2a: Zapdos|tox\n|\n|-heal|p1a: Ready To Fly|18\/100|[from] item: Leftovers\n|-damage|p2a: Zapdos|94\/100 tox|[from] psn\n|upkeep\n|turn|3\n|\n|t:|1701036228\n|switch|p2a: Serperior|Serperior, M|100\/100\n|switch|p1a: Marble Halls|Ferrothorn, M|100\/100\n|\n|upkeep\n|turn|4\n|\n|t:|1701036236\n|move|p2a: Serperior|Substitute|p2a: Serperior\n|-start|p2a: Serperior|Substitute\n|-damage|p2a: Serperior|76\/100\n|move|p1a: Marble Halls|Gyro Ball|p2a: Serperior\n|-end|p2a: Serperior|Substitute\n|\n|-heal|p2a: Serperior|82\/100|[from] item: Leftovers\n|upkeep\n|turn|5\n|\n|t:|1701036245\n|switch|p2a: Heatran|Heatran, F|100\/100\n|move|p1a: Marble Halls|Gyro Ball|p2a: Heatran\n|-resisted|p2a: Heatran\n|-damage|p2a: Heatran|91\/100\n|\n|-heal|p2a: Heatran|97\/100|[from] item: Leftovers\n|upkeep\n|turn|6\n|\n|t:|1701036254\n|switch|p1a: Ready To Fly|Landorus-Therian, M|18\/100\n|-ability|p1a: Ready To Fly|Intimidate|boost\n|-unboost|p2a: Heatran|atk|1\n|move|p2a: Heatran|Stealth Rock|p1a: Ready To Fly\n|-sidestart|p1: Ambipongus|move: Stealth Rock\n|\n|-heal|p1a: Ready To Fly|24\/100|[from] item: Leftovers\n|-heal|p2a: Heatran|100\/100|[from] item: Leftovers\n|upkeep\n|turn|7\n|\n|t:|1701036270\n|switch|p2a: Ursaluna|Ursaluna, F|100\/100\n|move|p1a: Ready To Fly|U-turn|p2a: Ursaluna\n|-damage|p2a: Ursaluna|85\/100\n|\n|t:|1701036289\n|switch|p1a: Tropic Birds|Tapu Fini|100\/100|[from] U-turn\n|-damage|p1a: Tropic Birds|88\/100|[from] Stealth Rock\n|-fieldstart|move: Misty Terrain|[from] ability: Misty Surge|[of] p1a: Tropic Birds\n|\n|upkeep\n|turn|8\n|\n|t:|1701036302\n|switch|p2a: Serperior|Serperior, M|82\/100\n|move|p1a: Tropic Birds|Hydro Pump|p2a: Serperior\n|-resisted|p2a: Serperior\n|-damage|p2a: Serperior|58\/100\n|\n|-heal|p2a: Serperior|64\/100|[from] item: Leftovers\n|upkeep\n|turn|9\n|\n|t:|1701036320\n|switch|p1a: Marble Halls|Ferrothorn, M|100\/100\n|-damage|p1a: Marble Halls|94\/100|[from] Stealth Rock\n|move|p2a: Serperior|Leaf Storm|p1a: Marble Halls\n|-resisted|p1a: Marble Halls\n|-damage|p1a: Marble Halls|85\/100\n|-boost|p2a: Serperior|spa|2\n|\n|-heal|p2a: Serperior|70\/100|[from] item: Leftovers\n|-heal|p1a: Marble Halls|91\/100|[from] item: Leftovers\n|upkeep\n|turn|10\n|\n|t:|1701036331\n|move|p2a: Serperior|Hidden Power|p1a: Marble Halls\n|-supereffective|p1a: Marble Halls\n|-damage|p1a: Marble Halls|0 fnt\n|faint|p1a: Marble Halls\n|\n|-heal|p2a: Serperior|77\/100|[from] item: Leftovers\n|upkeep\n|inactive|Ambipongus has 120 seconds left.\n|\n|t:|1701036344\n|switch|p1a: Neiki|Lopunny, M|100\/100\n|-damage|p1a: Neiki|88\/100|[from] Stealth Rock\n|turn|11\n|\n|t:|1701036363\n|detailschange|p1a: Neiki|Lopunny-Mega, M\n|-mega|p1a: Neiki|Lopunny|Lopunnite\n|move|p1a: Neiki|Fake Out|p2a: Serperior\n|-damage|p2a: Serperior|53\/100\n|cant|p2a: Serperior|flinch\n|\n|-heal|p2a: Serperior|59\/100|[from] item: Leftovers\n|-fieldend|Misty Terrain\n|upkeep\n|turn|12\n|\n|t:|1701036373\n|switch|p2a: Zapdos|Zapdos|94\/100 tox\n|move|p1a: Neiki|U-turn|p2a: Zapdos\n|-resisted|p2a: Zapdos\n|-damage|p2a: Zapdos|84\/100 tox\n|-status|p1a: Neiki|par|[from] ability: Static|[of] p2a: Zapdos\n|inactive|Ambipongus has 120 seconds left.\n|\n|t:|1701036398\n|switch|p1a: E.S.P.|Iron Moth|100\/100|[from] U-turn\n|-damage|p1a: E.S.P.|76\/100|[from] Stealth Rock\n|\n|-damage|p2a: Zapdos|78\/100 tox|[from] psn\n|upkeep\n|turn|13\n|inactive|Ambipongus has 120 seconds left.\n|\n|t:|1701036421\n|-end|p1a: E.S.P.|Quark Drive|[silent]\n|switch|p1a: Ready To Fly|Landorus-Therian, M|24\/100\n|-damage|p1a: Ready To Fly|12\/100|[from] Stealth Rock\n|-ability|p1a: Ready To Fly|Intimidate|boost\n|-unboost|p2a: Zapdos|atk|1\n|switch|p2a: Heatran|Heatran, F|100\/100\n|\n|-heal|p1a: Ready To Fly|18\/100|[from] item: Leftovers\n|upkeep\n|turn|14\n|\n|t:|1701036444\n|switch|p2a: Zapdos|Zapdos|78\/100 tox\n|move|p1a: Ready To Fly|Defog|p2a: Zapdos\n|-unboost|p2a: Zapdos|evasion|1\n|-sideend|p1: Ambipongus|Stealth Rock|[from] move: Defog|[of] p1a: Ready To Fly\n|\n|-heal|p1a: Ready To Fly|24\/100|[from] item: Leftovers\n|-damage|p2a: Zapdos|72\/100 tox|[from] psn\n|upkeep\n|turn|15\n|\n|t:|1701036474\n|switch|p1a: Tokyo Reggie|Kyurem|100\/100\n|-ability|p1a: Tokyo Reggie|Pressure\n|move|p2a: Zapdos|Volt Switch|p1a: Tokyo Reggie\n|-resisted|p1a: Tokyo Reggie\n|-damage|p1a: Tokyo Reggie|88\/100\n|inactive|ZenDaruma has 120 seconds left.\n|\n|t:|1701036494\n|switch|p2a: Tapu Lele|Tapu Lele|100\/100|[from] Volt Switch\n|-fieldstart|move: Psychic Terrain|[from] ability: Psychic Surge|[of] p2a: Tapu Lele\n|\n|upkeep\n|turn|16\n|inactive|ZenDaruma has 120 seconds left.\n|inactive|Ambipongus has 90 seconds left.\n|\n|t:|1701036519\n|switch|p1a: Tropic Birds|Tapu Fini|88\/100\n|-fieldstart|move: Misty Terrain|[from] ability: Misty Surge|[of] p1a: Tropic Birds\n|move|p2a: Tapu Lele|Focus Blast|p1a: Tropic Birds\n|-resisted|p1a: Tropic Birds\n|-damage|p1a: Tropic Birds|72\/100\n|\n|upkeep\n|turn|17\n|inactive|Ambipongus has 90 seconds left.\n|inactive|ZenDaruma has 120 seconds left.\n|\n|t:|1701036535\n|switch|p2a: Heatran|Heatran, F|100\/100\n|move|p1a: Tropic Birds|Trick|p2a: Heatran\n|-activate|p1a: Tropic Birds|move: Trick|[of] p2a: Heatran\n|-item|p2a: Heatran|Choice Scarf|[from] move: Trick\n|-item|p1a: Tropic Birds|Leftovers|[from] move: Trick\n|\n|-heal|p1a: Tropic Birds|79\/100|[from] item: Leftovers\n|upkeep\n|turn|18\n|inactive|ZenDaruma has 120 seconds left.\n|\n|t:|1701036548\n|switch|p2a: Serperior|Serperior, M|59\/100\n|move|p1a: Tropic Birds|Taunt|p2a: Serperior\n|-start|p2a: Serperior|move: Taunt\n|\n|-heal|p2a: Serperior|65\/100|[from] item: Leftovers\n|-heal|p1a: Tropic Birds|85\/100|[from] item: Leftovers\n|upkeep\n|turn|19\n|inactive|ZenDaruma has 120 seconds left.\n|\n|t:|1701036565\n|switch|p2a: Samurott|Samurott-Hisui, M|100\/100\n|switch|p1a: Tokyo Reggie|Kyurem|88\/100\n|-ability|p1a: Tokyo Reggie|Pressure\n|\n|upkeep\n|turn|20\n|inactive|Ambipongus has 90 seconds left.\n|\n|t:|1701036584\n|switch|p1a: Tropic Birds|Tapu Fini|85\/100\n|move|p2a: Samurott|Ceaseless Edge|p1a: Tropic Birds\n|-resisted|p1a: Tropic Birds\n|-damage|p1a: Tropic Birds|61\/100\n|-sidestart|p1: Ambipongus|Spikes\n|\n|-heal|p1a: Tropic Birds|67\/100|[from] item: Leftovers\n|-fieldend|Misty Terrain\n|upkeep\n|turn|21\n|inactive|ZenDaruma has 90 seconds left.\n|\n|t:|1701036639\n|switch|p2a: Ursaluna|Ursaluna, F|85\/100\n|move|p1a: Tropic Birds|Moonblast|p2a: Ursaluna\n|-damage|p2a: Ursaluna|56\/100\n|-unboost|p2a: Ursaluna|spa|1\n|\n|-heal|p1a: Tropic Birds|73\/100|[from] item: Leftovers\n|-status|p2a: Ursaluna|brn|[from] item: Flame Orb\n|upkeep\n|turn|22\n|\n|t:|1701036650\n|move|p1a: Tropic Birds|Hydro Pump|p2a: Ursaluna\n|-supereffective|p2a: Ursaluna\n|-damage|p2a: Ursaluna|0 fnt\n|faint|p2a: Ursaluna\n|\n|-heal|p1a: Tropic Birds|79\/100|[from] item: Leftovers\n|upkeep\n|\n|t:|1701036657\n|switch|p2a: Serperior|Serperior, M|65\/100\n|turn|23\n|\n|t:|1701036661\n|switch|p1a: Tokyo Reggie|Kyurem|88\/100\n|-ability|p1a: Tokyo Reggie|Pressure\n|move|p2a: Serperior|Leaf Storm|p1a: Tokyo Reggie\n|-resisted|p1a: Tokyo Reggie\n|-damage|p1a: Tokyo Reggie|66\/100\n|-boost|p2a: Serperior|spa|2\n|\n|-heal|p2a: Serperior|71\/100|[from] item: Leftovers\n|upkeep\n|turn|24\n|inactive|Ambipongus has 90 seconds left.\n|\n|t:|1701036671\n|move|p2a: Serperior|Glare|p1a: Tokyo Reggie\n|-status|p1a: Tokyo Reggie|par\n|cant|p1a: Tokyo Reggie|par\n|\n|-heal|p2a: Serperior|78\/100|[from] item: Leftovers\n|upkeep\n|turn|25\n|\n|t:|1701036676\n|move|p2a: Serperior|Substitute|p2a: Serperior\n|-start|p2a: Serperior|Substitute\n|-damage|p2a: Serperior|53\/100\n|move|p1a: Tokyo Reggie|Freeze-Dry|p2a: Serperior\n|-supereffective|p2a: Serperior\n|-end|p2a: Serperior|Substitute\n|\n|-heal|p2a: Serperior|59\/100|[from] item: Leftovers\n|upkeep\n|turn|26\n|\n|t:|1701036684\n|move|p2a: Serperior|Hidden Power|p1a: Tokyo Reggie\n|-damage|p1a: Tokyo Reggie|40\/100 par\n|move|p1a: Tokyo Reggie|Freeze-Dry|p2a: Serperior\n|-supereffective|p2a: Serperior\n|-damage|p2a: Serperior|0 fnt\n|faint|p2a: Serperior\n|\n|upkeep\n|\n|t:|1701036700\n|switch|p2a: Tapu Lele|Tapu Lele|100\/100\n|-fieldstart|move: Psychic Terrain|[from] ability: Psychic Surge|[of] p2a: Tapu Lele\n|turn|27\n|\n|t:|1701036705\n|-terastallize|p2a: Tapu Lele|Psychic\n|move|p2a: Tapu Lele|Psychic|p1a: Tokyo Reggie\n|-damage|p1a: Tokyo Reggie|0 fnt\n|faint|p1a: Tokyo Reggie\n|\n|upkeep\n|inactive|Ambipongus has 120 seconds left.\n|\n|t:|1701036738\n|switch|p1a: Tropic Birds|Tapu Fini|79\/100\n|-damage|p1a: Tropic Birds|67\/100|[from] Spikes\n|-fieldstart|move: Misty Terrain|[from] ability: Misty Surge|[of] p1a: Tropic Birds\n|turn|28\n|inactive|ZenDaruma has 120 seconds left.\n|inactive|Ambipongus has 90 seconds left.\n|\n|t:|1701036759\n|move|p2a: Tapu Lele|Psychic|p1a: Tropic Birds\n|-damage|p1a: Tropic Birds|18\/100\n|move|p1a: Tropic Birds|Trick|p2a: Tapu Lele\n|-activate|p1a: Tropic Birds|move: Trick|[of] p2a: Tapu Lele\n|-item|p2a: Tapu Lele|Leftovers|[from] move: Trick\n|-item|p1a: Tropic Birds|Choice Scarf|[from] move: Trick\n|\n|upkeep\n|turn|29\n|inactive|Ambipongus has 90 seconds left.\n|inactive|ZenDaruma has 90 seconds left.\n|\n|t:|1701036790\n|switch|p2a: Heatran|Heatran, F|100\/100\n|move|p1a: Tropic Birds|Hydro Pump|p2a: Heatran\n|-supereffective|p2a: Heatran\n|-damage|p2a: Heatran|50\/100\n|\n|upkeep\n|turn|30\n|inactive|Ambipongus has 90 seconds left.\n|\n|t:|1701036797\n|switch|p2a: Samurott|Samurott-Hisui, M|100\/100\n|move|p1a: Tropic Birds|Hydro Pump|p2a: Samurott|[miss]\n|-miss|p1a: Tropic Birds|p2a: Samurott\n|\n|upkeep\n|turn|31\n|inactive|Ambipongus has 90 seconds left.\n|\n|t:|1701036809\n|switch|p1a: Ready To Fly|Landorus-Therian, M|24\/100\n|-ability|p1a: Ready To Fly|Intimidate|boost\n|-unboost|p2a: Samurott|atk|1\n|move|p2a: Samurott|Swords Dance|p2a: Samurott\n|-boost|p2a: Samurott|atk|2\n|\n|-heal|p1a: Ready To Fly|30\/100|[from] item: Leftovers\n|upkeep\n|turn|32\n|inactive|Ambipongus has 90 seconds left.\n|\n|t:|1701036824\n|move|p2a: Samurott|Ceaseless Edge|p1a: Ready To Fly\n|-damage|p1a: Ready To Fly|0 fnt\n|-sidestart|p1: Ambipongus|Spikes\n|faint|p1a: Ready To Fly\n|\n|-fieldend|Misty Terrain\n|upkeep\n|inactive|Ambipongus has 90 seconds left.\n|\n|t:|1701036831\n|switch|p1a: E.S.P.|Iron Moth|76\/100\n|-damage|p1a: E.S.P.|59\/100|[from] Spikes\n|turn|33\n|inactive|Ambipongus has 90 seconds left.\n|\n|t:|1701036854\n|-terastallize|p1a: E.S.P.|Grass\n|move|p2a: Samurott|Sucker Punch|p1a: E.S.P.\n|-damage|p1a: E.S.P.|0 fnt\n|faint|p1a: E.S.P.\n|-end|p1a: E.S.P.|Quark Drive|[silent]\n|\n|upkeep\n|-message|Ambipongus forfeited.\n|\n|win|ZenDaruma\n|raw|Ambipongus's rating: 1458 &rarr; <strong>1433<\/strong><br \/>(-25 for losing)\n|raw|ZenDaruma's rating: 1375 &rarr; <strong>1400<\/strong><br \/>(+25 for winning)\n|l|\u2606Ambipongus\n","uploadtime":1701036865,"views":1,"p1id":"ambipongus","p2id":"zendaruma","formatid":"gen9nationaldex","rating":1400,"private":0,"password":""}