{"id":"gen9nationaldex-1988927479","p1":"khanhtokkk","p2":"HolyChomper","format":"[Gen 9] National Dex","log":"|j|\u2606khanhtokkk\n|j|\u2606HolyChomper\n|t:|1699789306\n|gametype|singles\n|player|p1|khanhtokkk|101|1227\n|player|p2|HolyChomper|crasherwake|1189\n|teamsize|p1|6\n|teamsize|p2|6\n|gen|9\n|tier|[Gen 9] National Dex\n|rated|\n|rule|HP Percentage Mod: HP is shown in percentages\n|rule|Endless Battle Clause: Forcing endless battles is banned\n|rule|OHKO Clause: OHKO moves are banned\n|rule|Evasion Clause: Evasion abilities, items, and moves are banned\n|rule|Evasion Abilities Clause: Evasion abilities are banned\n|rule|Evasion Items Clause: Evasion items are banned\n|rule|Evasion Moves Clause: Evasion moves are banned\n|rule|Species Clause: Limit one of each Pok\u00e9mon\n|rule|Sleep Clause Mod: Limit one foe put to sleep\n|clearpoke\n|poke|p1|Crawdaunt, M|\n|poke|p1|Gyarados, M|\n|poke|p1|Landorus-Therian, M|\n|poke|p1|Heatran, M|\n|poke|p1|Tapu Fini|\n|poke|p1|Serperior, M|\n|poke|p2|Pelipper, M|\n|poke|p2|Swampert, M|\n|poke|p2|Rillaboom, M|\n|poke|p2|Goodra, F|\n|poke|p2|Kilowattrel, F|\n|poke|p2|Scizor, F|\n|teampreview\n|c|\u2606HolyChomper|glhf\n|\n|t:|1699789316\n|start\n|switch|p1a: Landorus|Landorus-Therian, M, shiny|100\/100\n|switch|p2a: Goodra|Goodra, F|100\/100\n|-ability|p1a: Landorus|Intimidate|boost\n|-unboost|p2a: Goodra|atk|1\n|turn|1\n|\n|t:|1699789329\n|move|p1a: Landorus|Earthquake|p2a: Goodra\n|-damage|p2a: Goodra|31\/100\n|move|p2a: Goodra|Hydro Pump|p1a: Landorus\n|-supereffective|p1a: Landorus\n|-damage|p1a: Landorus|0 fnt\n|faint|p1a: Landorus\n|\n|upkeep\n|c|\u2606HolyChomper|GOODRA TOO STRONK\n|\n|t:|1699789341\n|switch|p1a: Serperior|Serperior, M|100\/100\n|turn|2\n|\n|t:|1699789347\n|switch|p2a: Rillaboom|Rillaboom, M|100\/100\n|-fieldstart|move: Grassy Terrain|[from] ability: Grassy Surge|[of] p2a: Rillaboom\n|move|p1a: Serperior|Substitute|p1a: Serperior\n|-start|p1a: Serperior|Substitute\n|-damage|p1a: Serperior|76\/100\n|\n|-heal|p1a: Serperior|82\/100|[from] Grassy Terrain\n|-heal|p1a: Serperior|88\/100|[from] item: Leftovers\n|upkeep\n|turn|3\n|\n|t:|1699789357\n|move|p1a: Serperior|Leaf Storm|p2a: Rillaboom\n|-resisted|p2a: Rillaboom\n|-damage|p2a: Rillaboom|58\/100\n|-boost|p1a: Serperior|spa|2\n|move|p2a: Rillaboom|Knock Off|p1a: Serperior\n|-end|p1a: Serperior|Substitute\n|\n|-heal|p1a: Serperior|94\/100|[from] Grassy Terrain\n|-heal|p1a: Serperior|100\/100|[from] item: Leftovers\n|-heal|p2a: Rillaboom|64\/100|[from] Grassy Terrain\n|upkeep\n|turn|4\n|\n|t:|1699789380\n|switch|p2a: Scizor|Scizor, F|100\/100\n|-terastallize|p1a: Serperior|Grass\n|move|p1a: Serperior|Hidden Power|p2a: Scizor\n|-resisted|p2a: Scizor\n|-damage|p2a: Scizor|82\/100\n|\n|-heal|p2a: Scizor|88\/100|[from] Grassy Terrain\n|-heal|p2a: Scizor|94\/100|[from] item: Leftovers\n|upkeep\n|turn|5\n|\n|t:|1699789392\n|move|p1a: Serperior|Substitute|p1a: Serperior\n|-start|p1a: Serperior|Substitute\n|-damage|p1a: Serperior|76\/100\n|move|p2a: Scizor|U-turn|p1a: Serperior\n|-supereffective|p1a: Serperior\n|-end|p1a: Serperior|Substitute\n|\n|t:|1699789401\n|switch|p2a: Pelipper|Pelipper, M|100\/100|[from] U-turn\n|-weather|RainDance|[from] ability: Drizzle|[of] p2a: Pelipper\n|\n|-weather|RainDance|[upkeep]\n|-heal|p1a: Serperior|82\/100|[from] Grassy Terrain\n|-heal|p1a: Serperior|88\/100|[from] item: Leftovers\n|upkeep\n|turn|6\n|\n|t:|1699789411\n|switch|p2a: Kilowattrel|Kilowattrel, F|100\/100\n|move|p1a: Serperior|Leaf Storm|p2a: Kilowattrel\n|-resisted|p2a: Kilowattrel\n|-damage|p2a: Kilowattrel|0 fnt\n|-boost|p1a: Serperior|spa|2\n|faint|p2a: Kilowattrel\n|\n|-weather|RainDance|[upkeep]\n|-heal|p1a: Serperior|94\/100|[from] Grassy Terrain\n|-heal|p1a: Serperior|100\/100|[from] item: Leftovers\n|upkeep\n|\n|t:|1699789426\n|switch|p2a: Swampert|Swampert, M|100\/100\n|turn|7\n|\n|t:|1699789438\n|switch|p1a: Tapu Fini|Tapu Fini|100\/100\n|-fieldstart|move: Misty Terrain|[from] ability: Misty Surge|[of] p1a: Tapu Fini\n|detailschange|p2a: Swampert|Swampert-Mega, M\n|-mega|p2a: Swampert|Swampert|Swampertite\n|move|p2a: Swampert|Ice Punch|p1a: Tapu Fini\n|-resisted|p1a: Tapu Fini\n|-damage|p1a: Tapu Fini|84\/100\n|\n|-weather|RainDance|[upkeep]\n|-heal|p1a: Tapu Fini|90\/100|[from] item: Leftovers\n|upkeep\n|turn|8\n|\n|t:|1699789448\n|switch|p1a: Gyarados|Gyarados, M|100\/100\n|-ability|p1a: Gyarados|Intimidate|boost\n|-unboost|p2a: Swampert|atk|1\n|move|p2a: Swampert|Flip Turn|p1a: Gyarados\n|-resisted|p1a: Gyarados\n|-damage|p1a: Gyarados|78\/100\n|\n|t:|1699789468\n|switch|p2a: Scizor|Scizor, F|94\/100|[from] Flip Turn\n|\n|-weather|RainDance|[upkeep]\n|-heal|p2a: Scizor|100\/100|[from] item: Leftovers\n|upkeep\n|turn|9\n|\n|t:|1699789480\n|move|p1a: Gyarados|Substitute|p1a: Gyarados\n|-start|p1a: Gyarados|Substitute\n|-damage|p1a: Gyarados|53\/100\n|move|p2a: Scizor|U-turn|p1a: Gyarados\n|-resisted|p1a: Gyarados\n|-end|p1a: Gyarados|Substitute\n|\n|t:|1699789487\n|switch|p2a: Rillaboom|Rillaboom, M|64\/100|[from] U-turn\n|-fieldstart|move: Grassy Terrain|[from] ability: Grassy Surge|[of] p2a: Rillaboom\n|\n|-weather|RainDance|[upkeep]\n|-heal|p2a: Rillaboom|71\/100|[from] Grassy Terrain\n|upkeep\n|turn|10\n|\n|t:|1699789496\n|switch|p1a: Heatran|Heatran, M, shiny|100\/100\n|move|p2a: Rillaboom|U-turn|p1a: Heatran\n|-resisted|p1a: Heatran\n|-crit|p1a: Heatran\n|-damage|p1a: Heatran|93\/100\n|\n|t:|1699789509\n|switch|p2a: Goodra|Goodra, F|31\/100|[from] U-turn\n|\n|-weather|RainDance|[upkeep]\n|-heal|p2a: Goodra|37\/100|[from] Grassy Terrain\n|-heal|p1a: Heatran|99\/100|[from] Grassy Terrain\n|upkeep\n|turn|11\n|\n|t:|1699789522\n|move|p2a: Goodra|Thunder|p1a: Heatran\n|-damage|p1a: Heatran|63\/100\n|-zpower|p1a: Heatran\n|move|p1a: Heatran|Inferno Overdrive|p2a: Goodra|[zeffect]\n|-resisted|p2a: Goodra\n|-damage|p2a: Goodra|24\/100\n|\n|-weather|RainDance|[upkeep]\n|-heal|p2a: Goodra|31\/100|[from] Grassy Terrain\n|-heal|p1a: Heatran|69\/100|[from] Grassy Terrain\n|upkeep\n|turn|12\n|\n|t:|1699789537\n|move|p2a: Goodra|Thunder|p1a: Heatran\n|-damage|p1a: Heatran|33\/100\n|move|p1a: Heatran|Toxic|p2a: Goodra\n|-status|p2a: Goodra|tox\n|\n|-weather|none\n|-heal|p2a: Goodra|37\/100 tox|[from] Grassy Terrain\n|-heal|p1a: Heatran|39\/100|[from] Grassy Terrain\n|-damage|p2a: Goodra|31\/100 tox|[from] psn\n|upkeep\n|turn|13\n|\n|t:|1699789549\n|switch|p2a: Pelipper|Pelipper, M|100\/100\n|-weather|RainDance|[from] ability: Drizzle|[of] p2a: Pelipper\n|move|p1a: Heatran|Earth Power|p2a: Pelipper\n|-immune|p2a: Pelipper\n|\n|-weather|RainDance|[upkeep]\n|-heal|p1a: Heatran|45\/100|[from] Grassy Terrain\n|upkeep\n|turn|14\n|\n|t:|1699789558\n|move|p1a: Heatran|Toxic|p2a: Pelipper\n|-status|p2a: Pelipper|tox\n|move|p2a: Pelipper|U-turn|p1a: Heatran\n|-resisted|p1a: Heatran\n|-damage|p1a: Heatran|44\/100\n|\n|t:|1699789565\n|switch|p2a: Goodra|Goodra, F|31\/100 tox|[from] U-turn\n|\n|-weather|RainDance|[upkeep]\n|-heal|p2a: Goodra|37\/100 tox|[from] Grassy Terrain\n|-activate|p2a: Goodra|ability: Hydration\n|-curestatus|p2a: Goodra|tox|[msg]\n|-heal|p1a: Heatran|50\/100|[from] Grassy Terrain\n|upkeep\n|turn|15\n|\n|t:|1699789581\n|move|p2a: Goodra|Hydro Pump|p1a: Heatran\n|-supereffective|p1a: Heatran\n|-damage|p1a: Heatran|0 fnt\n|faint|p1a: Heatran\n|\n|-weather|RainDance|[upkeep]\n|-heal|p2a: Goodra|43\/100|[from] Grassy Terrain\n|upkeep\n|\n|t:|1699789586\n|switch|p1a: Serperior|Serperior, M, tera:Grass|100\/100\n|turn|16\n|\n|t:|1699789593\n|switch|p2a: Scizor|Scizor, F|100\/100\n|move|p1a: Serperior|Substitute|p1a: Serperior\n|-start|p1a: Serperior|Substitute\n|-damage|p1a: Serperior|76\/100\n|\n|-weather|RainDance|[upkeep]\n|-heal|p1a: Serperior|82\/100|[from] Grassy Terrain\n|-heal|p1a: Serperior|88\/100|[from] item: Leftovers\n|-fieldend|move: Grassy Terrain\n|upkeep\n|turn|17\n|\n|t:|1699789602\n|move|p2a: Scizor|Bullet Punch|p1a: Serperior\n|-end|p1a: Serperior|Substitute\n|move|p1a: Serperior|Glare|p2a: Scizor\n|-status|p2a: Scizor|par\n|\n|-weather|RainDance|[upkeep]\n|-heal|p1a: Serperior|94\/100|[from] item: Leftovers\n|upkeep\n|turn|18\n|\n|t:|1699789610\n|cant|p2a: Scizor|par\n|move|p1a: Serperior|Substitute|p1a: Serperior\n|-start|p1a: Serperior|Substitute\n|-damage|p1a: Serperior|70\/100\n|\n|-weather|RainDance|[upkeep]\n|-heal|p1a: Serperior|76\/100|[from] item: Leftovers\n|upkeep\n|turn|19\n|\n|t:|1699789616\n|move|p2a: Scizor|Bullet Punch|p1a: Serperior\n|-end|p1a: Serperior|Substitute\n|move|p1a: Serperior|Leaf Storm|p2a: Scizor\n|-resisted|p2a: Scizor\n|-crit|p2a: Scizor\n|-damage|p2a: Scizor|73\/100 par\n|-boost|p1a: Serperior|spa|2\n|\n|-weather|RainDance|[upkeep]\n|-heal|p1a: Serperior|82\/100|[from] item: Leftovers\n|-heal|p2a: Scizor|79\/100 par|[from] item: Leftovers\n|upkeep\n|turn|20\n|\n|t:|1699789626\n|move|p2a: Scizor|Bullet Punch|p1a: Serperior\n|-damage|p1a: Serperior|40\/100\n|move|p1a: Serperior|Substitute|p1a: Serperior\n|-start|p1a: Serperior|Substitute\n|-damage|p1a: Serperior|15\/100\n|\n|-weather|none\n|-heal|p1a: Serperior|21\/100|[from] item: Leftovers\n|-heal|p2a: Scizor|85\/100 par|[from] item: Leftovers\n|upkeep\n|turn|21\n|\n|t:|1699789634\n|move|p2a: Scizor|Bullet Punch|p1a: Serperior\n|-end|p1a: Serperior|Substitute\n|move|p1a: Serperior|Leaf Storm|p2a: Scizor|[miss]\n|-miss|p1a: Serperior|p2a: Scizor\n|\n|-heal|p1a: Serperior|27\/100|[from] item: Leftovers\n|-heal|p2a: Scizor|91\/100 par|[from] item: Leftovers\n|upkeep\n|turn|22\n|\n|t:|1699789642\n|cant|p2a: Scizor|par\n|move|p1a: Serperior|Leaf Storm|p2a: Scizor\n|-resisted|p2a: Scizor\n|-damage|p2a: Scizor|55\/100 par\n|-boost|p1a: Serperior|spa|2\n|\n|-heal|p1a: Serperior|33\/100|[from] item: Leftovers\n|-heal|p2a: Scizor|61\/100 par|[from] item: Leftovers\n|upkeep\n|turn|23\n|\n|t:|1699789650\n|move|p2a: Scizor|Bullet Punch|p1a: Serperior\n|-damage|p1a: Serperior|0 fnt\n|faint|p1a: Serperior\n|\n|-heal|p2a: Scizor|67\/100 par|[from] item: Leftovers\n|upkeep\n|\n|t:|1699789657\n|switch|p1a: Gyarados|Gyarados, M|53\/100\n|-ability|p1a: Gyarados|Intimidate|boost\n|-unboost|p2a: Scizor|atk|1\n|turn|24\n|\n|t:|1699789664\n|switch|p2a: Rillaboom|Rillaboom, M|71\/100\n|-fieldstart|move: Grassy Terrain|[from] ability: Grassy Surge|[of] p2a: Rillaboom\n|move|p1a: Gyarados|Dragon Dance|p1a: Gyarados\n|-boost|p1a: Gyarados|atk|1\n|-boost|p1a: Gyarados|spe|1\n|\n|-heal|p2a: Rillaboom|77\/100|[from] Grassy Terrain\n|upkeep\n|turn|25\n|\n|t:|1699789673\n|-terastallize|p2a: Rillaboom|Grass\n|move|p2a: Rillaboom|Grassy Glide|p1a: Gyarados\n|-damage|p1a: Gyarados|0 fnt\n|faint|p1a: Gyarados\n|\n|-heal|p2a: Rillaboom|83\/100|[from] Grassy Terrain\n|upkeep\n|-message|khanhtokkk forfeited.\n|\n|win|HolyChomper\n|raw|khanhtokkk's rating: 1227 &rarr; <strong>1199<\/strong><br \/>(-28 for losing)\n|raw|HolyChomper's rating: 1189 &rarr; <strong>1217<\/strong><br \/>(+28 for winning)\n|l|\u2606khanhtokkk\n","uploadtime":1699789687,"views":12,"p1id":"khanhtokkk","p2id":"holychomper","formatid":"gen9nationaldex","rating":1199,"private":0,"password":""}