{"id":"gen9nationaldex-1995491352","p1":"MasterList2015","p2":"Dio7oiant","format":"[Gen 9] National Dex","log":"|html|<div class=\"broadcast-blue\"><strong>[Gen 9] National Dex is currently suspecting Sneasler! For information on how to participate check out the <a href=\"https:\/\/www.smogon.com\/forums\/threads\/sv-national-dex-suspect-8-just-dance.3731534\/\">suspect thread<\/a>.<\/strong><\/div>\n|j|\u2606MasterList2015\n|j|\u2606Dio7oiant\n|t:|1700576598\n|gametype|singles\n|player|p1|MasterList2015|red|1296\n|player|p2|Dio7oiant|red|1180\n|teamsize|p1|6\n|teamsize|p2|6\n|gen|9\n|tier|[Gen 9] National Dex\n|rated|\n|rule|HP Percentage Mod: HP is shown in percentages\n|rule|Endless Battle Clause: Forcing endless battles is banned\n|rule|OHKO Clause: OHKO moves are banned\n|rule|Evasion Clause: Evasion abilities, items, and moves are banned\n|rule|Evasion Abilities Clause: Evasion abilities are banned\n|rule|Evasion Items Clause: Evasion items are banned\n|rule|Evasion Moves Clause: Evasion moves are banned\n|rule|Species Clause: Limit one of each Pok\u00e9mon\n|rule|Sleep Clause Mod: Limit one foe put to sleep\n|clearpoke\n|poke|p1|Pikachu-Kalos, M|\n|poke|p1|Charizard, M|\n|poke|p1|Krookodile, M|\n|poke|p1|Greninja-*, M|\n|poke|p1|Infernape, M|\n|poke|p1|Sceptile, M|\n|poke|p2|Absol, M|\n|poke|p2|Sableye, F|\n|poke|p2|Stakataka|\n|poke|p2|Hoopa-Unbound|\n|poke|p2|Noivern, M|\n|poke|p2|Greninja-*, M|\n|teampreview\n|\n|t:|1700576627\n|start\n|switch|p1a: Charizard|Charizard, M|100\/100\n|switch|p2a: Hoopa|Hoopa-Unbound|100\/100\n|turn|1\n|\n|t:|1700576644\n|detailschange|p1a: Charizard|Charizard-Mega-Y, M\n|-mega|p1a: Charizard|Charizard|Charizardite Y\n|-weather|SunnyDay|[from] ability: Drought|[of] p1a: Charizard\n|move|p1a: Charizard|Flamethrower|p2a: Hoopa\n|-damage|p2a: Hoopa|31\/100\n|move|p2a: Hoopa|Hyperspace Fury|p1a: Charizard\n|-damage|p1a: Charizard|0 fnt\n|-unboost|p2a: Hoopa|def|1\n|faint|p1a: Charizard\n|\n|-weather|SunnyDay|[upkeep]\n|upkeep\n|\n|t:|1700576651\n|switch|p1a: Krookodile|Krookodile, M|100\/100\n|-ability|p1a: Krookodile|Intimidate|boost\n|-unboost|p2a: Hoopa|atk|1\n|turn|2\n|\n|t:|1700576663\n|move|p1a: Krookodile|Stealth Rock|p2a: Hoopa\n|-sidestart|p2: Dio7oiant|move: Stealth Rock\n|move|p2a: Hoopa|Hyperspace Fury|p1a: Krookodile\n|-resisted|p1a: Krookodile\n|-damage|p1a: Krookodile|64\/100\n|-unboost|p2a: Hoopa|def|1\n|\n|-weather|SunnyDay|[upkeep]\n|upkeep\n|turn|3\n|\n|t:|1700576696\n|switch|p2a: Noivern|Noivern, M|100\/100\n|move|p1a: Krookodile|Crunch|p2a: Noivern\n|-damage|p2a: Noivern|51\/100\n|\n|-weather|SunnyDay|[upkeep]\n|upkeep\n|turn|4\n|\n|t:|1700576702\n|move|p2a: Noivern|U-turn|p1a: Krookodile\n|-supereffective|p1a: Krookodile\n|-damage|p1a: Krookodile|37\/100\n|\n|t:|1700576708\n|switch|p2a: Absol|Absol, M|100\/100|[from] U-turn\n|-damage|p2a: Absol|88\/100|[from] Stealth Rock\n|move|p1a: Krookodile|Crunch|p2a: Absol\n|-resisted|p2a: Absol\n|-damage|p2a: Absol|49\/100\n|\n|-weather|SunnyDay|[upkeep]\n|upkeep\n|turn|5\n|\n|t:|1700576724\n|move|p2a: Absol|Sucker Punch|p1a: Krookodile\n|-resisted|p1a: Krookodile\n|-damage|p1a: Krookodile|12\/100\n|move|p1a: Krookodile|Crunch|p2a: Absol\n|-resisted|p2a: Absol\n|-damage|p2a: Absol|12\/100\n|-unboost|p2a: Absol|def|1\n|\n|-weather|none\n|upkeep\n|turn|6\n|\n|t:|1700576733\n|move|p2a: Absol|Sucker Punch||[still]\n|-fail|p2a: Absol\n|move|p1a: Krookodile|Stealth Rock||[still]\n|-fail|p1a: Krookodile\n|\n|upkeep\n|turn|7\n|\n|t:|1700576750\n|move|p1a: Krookodile|Crunch|p2a: Absol\n|-resisted|p2a: Absol\n|-damage|p2a: Absol|0 fnt\n|faint|p2a: Absol\n|\n|upkeep\n|\n|t:|1700576762\n|switch|p2a: Greninja|Greninja, M|100\/100\n|-damage|p2a: Greninja|88\/100|[from] Stealth Rock\n|turn|8\n|\n|t:|1700576769\n|switch|p1a: Greninja|Greninja, M|100\/100\n|move|p2a: Greninja|Grass Knot|p1a: Greninja\n|-supereffective|p1a: Greninja\n|-damage|p1a: Greninja|23\/100\n|-damage|p2a: Greninja|78\/100|[from] item: Life Orb\n|\n|upkeep\n|turn|9\n|inactive|Battle timer is ON: inactive players will automatically lose when time's up. (requested by MasterList2015)\n|\n|t:|1700576807\n|switch|p1a: Sceptile|Sceptile, M|100\/100\n|-terastallize|p2a: Greninja|Ice\n|move|p2a: Greninja|Ice Beam|p1a: Sceptile\n|-supereffective|p1a: Sceptile\n|-damage|p1a: Sceptile|0 fnt\n|faint|p1a: Sceptile\n|-ability|p2a: Greninja|Battle Bond|boost\n|-boost|p2a: Greninja|atk|1\n|-boost|p2a: Greninja|spa|1\n|-boost|p2a: Greninja|spe|1\n|-activate|p2a: Greninja|ability: Battle Bond\n|-damage|p2a: Greninja|69\/100|[from] item: Life Orb\n|\n|upkeep\n|\n|t:|1700576812\n|switch|p1a: Infernape|Infernape, M|100\/100\n|turn|10\n|\n|t:|1700576821\n|move|p1a: Infernape|Mach Punch|p2a: Greninja\n|-supereffective|p2a: Greninja\n|-damage|p2a: Greninja|0 fnt\n|faint|p2a: Greninja\n|\n|upkeep\n|\n|t:|1700576846\n|switch|p2a: Sableye|Sableye, F|100\/100\n|-damage|p2a: Sableye|88\/100|[from] Stealth Rock\n|turn|11\n|\n|t:|1700576859\n|switch|p1a: Krookodile|Krookodile, M|12\/100\n|-ability|p1a: Krookodile|Intimidate|boost\n|-unboost|p2a: Sableye|atk|1\n|move|p2a: Sableye|Confuse Ray|p1a: Krookodile\n|-hint|Since gen 7, Dark is immune to Prankster moves.\n|-immune|p1a: Krookodile\n|\n|-heal|p2a: Sableye|94\/100|[from] item: Leftovers\n|upkeep\n|turn|12\n|\n|t:|1700576872\n|-zpower|p1a: Krookodile\n|move|p1a: Krookodile|Tectonic Rage|p2a: Sableye|[zeffect]\n|-damage|p2a: Sableye|2\/100\n|move|p2a: Sableye|Knock Off|p1a: Krookodile\n|-resisted|p1a: Krookodile\n|-damage|p1a: Krookodile|4\/100\n|\n|-heal|p2a: Sableye|8\/100|[from] item: Leftovers\n|upkeep\n|turn|13\n|\n|t:|1700576882\n|move|p2a: Sableye|Will-O-Wisp|p1a: Krookodile\n|-hint|Since gen 7, Dark is immune to Prankster moves.\n|-immune|p1a: Krookodile\n|move|p1a: Krookodile|Crunch|p2a: Sableye\n|-damage|p2a: Sableye|0 fnt\n|faint|p2a: Sableye\n|\n|upkeep\n|\n|t:|1700576899\n|switch|p2a: Noivern|Noivern, M|51\/100\n|turn|14\n|\n|t:|1700576906\n|move|p2a: Noivern|Flamethrower|p1a: Krookodile\n|-crit|p1a: Krookodile\n|-damage|p1a: Krookodile|0 fnt\n|faint|p1a: Krookodile\n|\n|upkeep\n|\n|t:|1700576908\n|switch|p1a: Pikachu|Pikachu-Kalos, M|100\/100\n|turn|15\n|\n|t:|1700576918\n|move|p1a: Pikachu|Fake Out|p2a: Noivern\n|-damage|p2a: Noivern|28\/100\n|cant|p2a: Noivern|flinch\n|\n|upkeep\n|turn|16\n|\n|t:|1700576925\n|switch|p1a: Infernape|Infernape, M|100\/100\n|move|p2a: Noivern|Draco Meteor|p1a: Infernape\n|-damage|p1a: Infernape|10\/100\n|-unboost|p2a: Noivern|spa|2\n|\n|upkeep\n|turn|17\n|\n|t:|1700576935\n|move|p1a: Infernape|Mach Punch|p2a: Noivern\n|-resisted|p2a: Noivern\n|-damage|p2a: Noivern|11\/100\n|move|p2a: Noivern|Roost|p2a: Noivern\n|-heal|p2a: Noivern|61\/100\n|-singleturn|p2a: Noivern|move: Roost\n|\n|upkeep\n|turn|18\n|\n|t:|1700576948\n|move|p2a: Noivern|Flamethrower|p1a: Infernape\n|-resisted|p1a: Infernape\n|-damage|p1a: Infernape|0 fnt\n|faint|p1a: Infernape\n|\n|upkeep\n|\n|t:|1700576952\n|switch|p1a: Pikachu|Pikachu-Kalos, M|100\/100\n|turn|19\n|\n|t:|1700576960\n|move|p1a: Pikachu|Fake Out|p2a: Noivern\n|-damage|p2a: Noivern|38\/100\n|cant|p2a: Noivern|flinch\n|\n|upkeep\n|turn|20\n|\n|t:|1700576965\n|move|p2a: Noivern|U-turn|p1a: Pikachu\n|-damage|p1a: Pikachu|67\/100\n|\n|t:|1700576968\n|switch|p2a: Stakataka|Stakataka|100\/100|[from] U-turn\n|-damage|p2a: Stakataka|94\/100|[from] Stealth Rock\n|move|p1a: Pikachu|Volt Tackle|p2a: Stakataka\n|-damage|p2a: Stakataka|58\/100\n|-damage|p1a: Pikachu|48\/100|[from] Recoil\n|\n|-heal|p2a: Stakataka|64\/100|[from] item: Leftovers\n|upkeep\n|turn|21\n|\n|t:|1700576988\n|move|p1a: Pikachu|Brick Break|p2a: Stakataka\n|-supereffective|p2a: Stakataka\n|-damage|p2a: Stakataka|0 fnt\n|faint|p2a: Stakataka\n|\n|upkeep\n|inactive|Dio7oiant has 120 seconds left.\n|\n|t:|1700577009\n|switch|p2a: Noivern|Noivern, M|38\/100\n|turn|22\n|inactive|Dio7oiant has 120 seconds left.\n|\n|t:|1700577014\n|move|p2a: Noivern|Roost|p2a: Noivern\n|-heal|p2a: Noivern|89\/100\n|-singleturn|p2a: Noivern|move: Roost\n|move|p1a: Pikachu|Volt Tackle|p2a: Noivern\n|-resisted|p2a: Noivern\n|-damage|p2a: Noivern|39\/100\n|-damage|p1a: Pikachu|25\/100|[from] Recoil\n|\n|upkeep\n|turn|23\n|\n|t:|1700577023\n|move|p2a: Noivern|Flamethrower|p1a: Pikachu\n|-damage|p1a: Pikachu|0 fnt\n|faint|p1a: Pikachu\n|\n|upkeep\n|\n|t:|1700577025\n|switch|p1a: Greninja|Greninja, M|23\/100\n|turn|24\n|\n|t:|1700577034\n|move|p2a: Noivern|U-turn|p1a: Greninja\n|-supereffective|p1a: Greninja\n|-damage|p1a: Greninja|0 fnt\n|faint|p1a: Greninja\n|\n|win|Dio7oiant\n|raw|MasterList2015's rating: 1296 &rarr; <strong>1263<\/strong><br \/>(-33 for losing)\n|raw|Dio7oiant's rating: 1180 &rarr; <strong>1213<\/strong><br \/>(+33 for winning)\n|l|\u2606MasterList2015\n","uploadtime":1700577052,"views":11,"p1id":"masterlist2015","p2id":"dio7oiant","formatid":"gen9nationaldex","rating":1213,"private":0,"password":""}