{"id":"gen9nationaldex-1993205162","p1":"liuqiu","p2":"MajorAce7","format":"[Gen 9] National Dex","log":"|j|\u203dliuqiu\n|j|\u2606MajorAce7\n|t:|1700277808\n|gametype|singles\n|player|p1|liuqiu|ash-hoenn|1186\n|player|p2|MajorAce7|lucas-gen4pt|1166\n|teamsize|p1|6\n|teamsize|p2|6\n|gen|9\n|tier|[Gen 9] National Dex\n|rated|\n|rule|HP Percentage Mod: HP is shown in percentages\n|rule|Endless Battle Clause: Forcing endless battles is banned\n|rule|OHKO Clause: OHKO moves are banned\n|rule|Evasion Clause: Evasion abilities, items, and moves are banned\n|rule|Evasion Abilities Clause: Evasion abilities are banned\n|rule|Evasion Items Clause: Evasion items are banned\n|rule|Evasion Moves Clause: Evasion moves are banned\n|rule|Species Clause: Limit one of each Pok\u00e9mon\n|rule|Sleep Clause Mod: Limit one foe put to sleep\n|clearpoke\n|poke|p1|Skeledirge, M|\n|poke|p1|Gliscor, M|\n|poke|p1|Ferrothorn, M|\n|poke|p1|Meloetta|\n|poke|p1|Mimikyu, F|\n|poke|p1|Banette, M|\n|poke|p2|Scizor, M|\n|poke|p2|Empoleon, M|\n|poke|p2|Gardevoir, F|\n|poke|p2|Hydreigon, F|\n|poke|p2|Arcanine-Hisui, M|\n|poke|p2|Brambleghast, F|\n|teampreview\n|inactive|Battle timer is ON: inactive players will automatically lose when time's up. (requested by MajorAce7)\n|\n|t:|1700277833\n|start\n|switch|p1a: Ferrothorn|Ferrothorn, M|100\/100\n|switch|p2a: Hydreigon|Hydreigon, F|100\/100\n|turn|1\n|\n|t:|1700277841\n|move|p2a: Hydreigon|Fire Blast|p1a: Ferrothorn\n|-supereffective|p1a: Ferrothorn\n|-damage|p1a: Ferrothorn|0 fnt\n|faint|p1a: Ferrothorn\n|-damage|p2a: Hydreigon|91\/100|[from] item: Life Orb\n|\n|upkeep\n|\n|t:|1700277851\n|switch|p1a: Mimikyu|Mimikyu, F, shiny|100\/100\n|turn|2\n|\n|t:|1700277854\n|move|p2a: Hydreigon|Nasty Plot|p2a: Hydreigon\n|-boost|p2a: Hydreigon|spa|2\n|move|p1a: Mimikyu|Thunder Wave|p2a: Hydreigon\n|-status|p2a: Hydreigon|par\n|\n|upkeep\n|turn|3\n|\n|t:|1700277863\n|move|p1a: Mimikyu|Substitute|p1a: Mimikyu\n|-start|p1a: Mimikyu|Substitute\n|-damage|p1a: Mimikyu|76\/100\n|cant|p2a: Hydreigon|par\n|\n|-heal|p1a: Mimikyu|82\/100|[from] item: Leftovers\n|upkeep\n|turn|4\n|\n|t:|1700277870\n|move|p1a: Mimikyu|Curse|p2a: Hydreigon\n|-start|p2a: Hydreigon|Curse|[of] p1a: Mimikyu\n|-damage|p1a: Mimikyu|32\/100\n|cant|p2a: Hydreigon|par\n|\n|-heal|p1a: Mimikyu|38\/100|[from] item: Leftovers\n|-damage|p2a: Hydreigon|66\/100 par|[from] Curse\n|upkeep\n|turn|5\n|\n|t:|1700277879\n|move|p1a: Mimikyu|Pain Split|p2a: Hydreigon\n|-sethp|p2a: Hydreigon|47\/100 par|[from] move: Pain Split|[silent]\n|-sethp|p1a: Mimikyu|61\/100|[from] move: Pain Split\n|cant|p2a: Hydreigon|par\n|\n|-heal|p1a: Mimikyu|67\/100|[from] item: Leftovers\n|-damage|p2a: Hydreigon|23\/100 par|[from] Curse\n|upkeep\n|turn|6\n|\n|t:|1700277892\n|move|p1a: Mimikyu|Thunder Wave|p2a: Hydreigon\n|-fail|p2a: Hydreigon|par\n|move|p2a: Hydreigon|Fire Blast|p1a: Mimikyu\n|-end|p1a: Mimikyu|Substitute\n|-damage|p2a: Hydreigon|13\/100 par|[from] item: Life Orb\n|\n|-heal|p1a: Mimikyu|73\/100|[from] item: Leftovers\n|-damage|p2a: Hydreigon|0 fnt|[from] Curse\n|faint|p2a: Hydreigon\n|upkeep\n|\n|t:|1700277912\n|switch|p2a: Brambleghast|Brambleghast, F|100\/100\n|turn|7\n|\n|t:|1700277918\n|move|p1a: Mimikyu|Thunder Wave|p2a: Brambleghast\n|-status|p2a: Brambleghast|par\n|move|p2a: Brambleghast|Poltergeist|p1a: Mimikyu\n|-activate|p1a: Mimikyu|move: Poltergeist|Leftovers\n|-activate|p1a: Mimikyu|ability: Disguise\n|-damage|p1a: Mimikyu|73\/100\n|detailschange|p1a: Mimikyu|Mimikyu-Busted, F, shiny\n|-damage|p1a: Mimikyu|61\/100|[from] pokemon: Mimikyu-Busted\n|\n|-heal|p1a: Mimikyu|67\/100|[from] item: Leftovers\n|upkeep\n|turn|8\n|\n|t:|1700277936\n|move|p1a: Mimikyu|Substitute|p1a: Mimikyu\n|-start|p1a: Mimikyu|Substitute\n|-damage|p1a: Mimikyu|42\/100\n|move|p2a: Brambleghast|Poltergeist|p1a: Mimikyu\n|-activate|p1a: Mimikyu|move: Poltergeist|Leftovers\n|-supereffective|p1a: Mimikyu\n|-end|p1a: Mimikyu|Substitute\n|\n|-heal|p1a: Mimikyu|48\/100|[from] item: Leftovers\n|upkeep\n|turn|9\n|\n|t:|1700277946\n|switch|p1a: Meloetta|Meloetta|100\/100\n|move|p2a: Brambleghast|Poltergeist|p1a: Meloetta\n|-immune|p1a: Meloetta\n|\n|upkeep\n|turn|10\n|\n|t:|1700277953\n|move|p1a: Meloetta|Charge Beam|p2a: Brambleghast\n|-resisted|p2a: Brambleghast\n|-damage|p2a: Brambleghast|85\/100 par\n|-boost|p1a: Meloetta|spa|1\n|move|p2a: Brambleghast|Power Whip|p1a: Meloetta\n|-damage|p1a: Meloetta|29\/100\n|\n|upkeep\n|turn|11\n|\n|t:|1700277963\n|switch|p1a: Skeledirge|Skeledirge, M, shiny|100\/100\n|cant|p2a: Brambleghast|par\n|\n|upkeep\n|turn|12\n|\n|t:|1700277968\n|switch|p1a: Gliscor|Gliscor, M, shiny|100\/100\n|cant|p2a: Brambleghast|par\n|\n|-status|p1a: Gliscor|tox|[from] item: Toxic Orb\n|upkeep\n|turn|13\n|\n|t:|1700277976\n|move|p1a: Gliscor|Sand Tomb|p2a: Brambleghast\n|-resisted|p2a: Brambleghast\n|-damage|p2a: Brambleghast|76\/100 par\n|-activate|p2a: Brambleghast|move: Sand Tomb|[of] p1a: Gliscor\n|move|p2a: Brambleghast|Poltergeist|p1a: Gliscor|[miss]\n|-miss|p2a: Brambleghast|p1a: Gliscor\n|\n|-damage|p2a: Brambleghast|64\/100 par|[from] move: Sand Tomb|[partiallytrapped]\n|upkeep\n|turn|14\n|\n|t:|1700277985\n|move|p1a: Gliscor|Protect|p1a: Gliscor\n|-singleturn|p1a: Gliscor|Protect\n|move|p2a: Brambleghast|Poltergeist|p1a: Gliscor\n|-activate|p1a: Gliscor|move: Protect\n|\n|-damage|p2a: Brambleghast|51\/100 par|[from] move: Sand Tomb|[partiallytrapped]\n|upkeep\n|turn|15\n|\n|t:|1700277996\n|move|p1a: Gliscor|Sand Tomb|p2a: Brambleghast\n|-resisted|p2a: Brambleghast\n|-damage|p2a: Brambleghast|42\/100 par\n|move|p2a: Brambleghast|Strength Sap|p1a: Gliscor\n|-unboost|p1a: Gliscor|atk|1\n|-heal|p2a: Brambleghast|100\/100 par\n|\n|-damage|p2a: Brambleghast|88\/100 par|[from] move: Sand Tomb|[partiallytrapped]\n|upkeep\n|turn|16\n|\n|t:|1700278006\n|move|p1a: Gliscor|Sand Tomb|p2a: Brambleghast\n|-resisted|p2a: Brambleghast\n|-damage|p2a: Brambleghast|81\/100 par\n|cant|p2a: Brambleghast|par\n|\n|-damage|p2a: Brambleghast|69\/100 par|[from] move: Sand Tomb|[partiallytrapped]\n|upkeep\n|turn|17\n|\n|t:|1700278015\n|move|p1a: Gliscor|Protect|p1a: Gliscor\n|-singleturn|p1a: Gliscor|Protect\n|move|p2a: Brambleghast|Poltergeist|p1a: Gliscor\n|-activate|p1a: Gliscor|move: Protect\n|\n|-end|p2a: Brambleghast|Sand Tomb|[partiallytrapped]\n|upkeep\n|turn|18\n|\n|t:|1700278024\n|move|p1a: Gliscor|Sand Tomb|p2a: Brambleghast\n|-resisted|p2a: Brambleghast\n|-damage|p2a: Brambleghast|62\/100 par\n|-activate|p2a: Brambleghast|move: Sand Tomb|[of] p1a: Gliscor\n|move|p2a: Brambleghast|Poltergeist|p1a: Gliscor|[miss]\n|-miss|p2a: Brambleghast|p1a: Gliscor\n|\n|-damage|p2a: Brambleghast|50\/100 par|[from] move: Sand Tomb|[partiallytrapped]\n|upkeep\n|turn|19\n|\n|t:|1700278035\n|move|p1a: Gliscor|Sand Tomb|p2a: Brambleghast\n|-resisted|p2a: Brambleghast\n|-damage|p2a: Brambleghast|43\/100 par\n|move|p2a: Brambleghast|Poltergeist|p1a: Gliscor\n|-activate|p1a: Gliscor|move: Poltergeist|Toxic Orb\n|-damage|p1a: Gliscor|60\/100 tox\n|\n|-heal|p1a: Gliscor|73\/100 tox|[from] ability: Poison Heal\n|-damage|p2a: Brambleghast|30\/100 par|[from] move: Sand Tomb|[partiallytrapped]\n|upkeep\n|turn|20\n|\n|t:|1700278049\n|move|p1a: Gliscor|Protect|p1a: Gliscor\n|-singleturn|p1a: Gliscor|Protect\n|cant|p2a: Brambleghast|par\n|\n|-heal|p1a: Gliscor|85\/100 tox|[from] ability: Poison Heal\n|-damage|p2a: Brambleghast|18\/100 par|[from] move: Sand Tomb|[partiallytrapped]\n|upkeep\n|turn|21\n|\n|t:|1700278057\n|move|p1a: Gliscor|Sand Tomb|p2a: Brambleghast\n|-resisted|p2a: Brambleghast\n|-damage|p2a: Brambleghast|11\/100 par\n|move|p2a: Brambleghast|Strength Sap|p1a: Gliscor\n|-unboost|p1a: Gliscor|atk|1\n|-heal|p2a: Brambleghast|71\/100 par\n|\n|-heal|p1a: Gliscor|98\/100 tox|[from] ability: Poison Heal\n|-damage|p2a: Brambleghast|58\/100 par|[from] move: Sand Tomb|[partiallytrapped]\n|upkeep\n|turn|22\n|\n|t:|1700278072\n|move|p1a: Gliscor|Sand Tomb|p2a: Brambleghast|[miss]\n|-miss|p1a: Gliscor|p2a: Brambleghast\n|move|p2a: Brambleghast|Power Whip|p1a: Gliscor\n|-damage|p1a: Gliscor|55\/100 tox\n|\n|-heal|p1a: Gliscor|67\/100 tox|[from] ability: Poison Heal\n|-damage|p2a: Brambleghast|46\/100 par|[from] move: Sand Tomb|[partiallytrapped]\n|upkeep\n|turn|23\n|\n|t:|1700278082\n|move|p1a: Gliscor|Sand Tomb|p2a: Brambleghast\n|-resisted|p2a: Brambleghast\n|-damage|p2a: Brambleghast|41\/100 par\n|move|p2a: Brambleghast|Power Whip|p1a: Gliscor|[miss]\n|-miss|p2a: Brambleghast|p1a: Gliscor\n|\n|-heal|p1a: Gliscor|80\/100 tox|[from] ability: Poison Heal\n|-end|p2a: Brambleghast|Sand Tomb|[partiallytrapped]\n|upkeep\n|turn|24\n|\n|t:|1700278091\n|move|p1a: Gliscor|Sand Tomb|p2a: Brambleghast\n|-resisted|p2a: Brambleghast\n|-damage|p2a: Brambleghast|36\/100 par\n|-activate|p2a: Brambleghast|move: Sand Tomb|[of] p1a: Gliscor\n|move|p2a: Brambleghast|Power Whip|p1a: Gliscor\n|-damage|p1a: Gliscor|39\/100 tox\n|\n|-heal|p1a: Gliscor|52\/100 tox|[from] ability: Poison Heal\n|-damage|p2a: Brambleghast|24\/100 par|[from] move: Sand Tomb|[partiallytrapped]\n|upkeep\n|turn|25\n|\n|t:|1700278101\n|move|p1a: Gliscor|Protect|p1a: Gliscor\n|-singleturn|p1a: Gliscor|Protect\n|move|p2a: Brambleghast|Strength Sap|p1a: Gliscor\n|-activate|p1a: Gliscor|move: Protect\n|\n|-heal|p1a: Gliscor|64\/100 tox|[from] ability: Poison Heal\n|-damage|p2a: Brambleghast|11\/100 par|[from] move: Sand Tomb|[partiallytrapped]\n|upkeep\n|turn|26\n|\n|t:|1700278115\n|move|p1a: Gliscor|Protect|p1a: Gliscor\n|-singleturn|p1a: Gliscor|Protect\n|move|p2a: Brambleghast|Strength Sap|p1a: Gliscor\n|-activate|p1a: Gliscor|move: Protect\n|\n|-heal|p1a: Gliscor|76\/100 tox|[from] ability: Poison Heal\n|-damage|p2a: Brambleghast|0 fnt|[from] move: Sand Tomb|[partiallytrapped]\n|faint|p2a: Brambleghast\n|upkeep\n|\n|t:|1700278130\n|switch|p2a: Empoleon|Empoleon, M|100\/100\n|turn|27\n|\n|t:|1700278136\n|move|p1a: Gliscor|Sand Tomb|p2a: Empoleon\n|-supereffective|p2a: Empoleon\n|-damage|p2a: Empoleon|89\/100\n|-activate|p2a: Empoleon|move: Sand Tomb|[of] p1a: Gliscor\n|move|p2a: Empoleon|Surf|p1a: Gliscor\n|-supereffective|p1a: Gliscor\n|-crit|p1a: Gliscor\n|-damage|p1a: Gliscor|0 fnt\n|faint|p1a: Gliscor\n|\n|-heal|p2a: Empoleon|95\/100|[from] item: Leftovers\n|-end|p2a: Empoleon|Sand Tomb|[partiallytrapped]|[silent]\n|upkeep\n|\n|t:|1700278154\n|switch|p1a: Meloetta|Meloetta|29\/100\n|turn|28\n|\n|t:|1700278159\n|move|p1a: Meloetta|Rest|p1a: Meloetta\n|-status|p1a: Meloetta|slp|[from] move: Rest\n|-heal|p1a: Meloetta|100\/100 slp|[silent]\n|move|p2a: Empoleon|Surf|p1a: Meloetta\n|-damage|p1a: Meloetta|62\/100 slp\n|\n|-heal|p2a: Empoleon|100\/100|[from] item: Leftovers\n|upkeep\n|turn|29\n|\n|t:|1700278168\n|cant|p1a: Meloetta|slp\n|move|p1a: Meloetta|Snore|p2a: Empoleon\n|-resisted|p2a: Empoleon\n|-damage|p2a: Empoleon|89\/100\n|cant|p2a: Empoleon|flinch\n|\n|-heal|p2a: Empoleon|95\/100|[from] item: Leftovers\n|upkeep\n|turn|30\n|\n|t:|1700278178\n|cant|p1a: Meloetta|slp\n|move|p1a: Meloetta|Snore|p2a: Empoleon\n|-resisted|p2a: Empoleon\n|-damage|p2a: Empoleon|84\/100\n|cant|p2a: Empoleon|flinch\n|\n|-heal|p2a: Empoleon|90\/100|[from] item: Leftovers\n|upkeep\n|turn|31\n|\n|t:|1700278190\n|move|p2a: Empoleon|Protect|p2a: Empoleon\n|-singleturn|p2a: Empoleon|Protect\n|-curestatus|p1a: Meloetta|slp|[msg]\n|-zpower|p1a: Meloetta\n|move|p1a: Meloetta|Z-Celebrate|p1a: Meloetta|[anim]Celebrate\n|-boost|p1a: Meloetta|atk|1|[zeffect]\n|-boost|p1a: Meloetta|def|1|[zeffect]\n|-boost|p1a: Meloetta|spa|1|[zeffect]\n|-boost|p1a: Meloetta|spd|1|[zeffect]\n|-boost|p1a: Meloetta|spe|1|[zeffect]\n|-activate|p1a: Meloetta|move: Celebrate\n|\n|-heal|p2a: Empoleon|96\/100|[from] item: Leftovers\n|upkeep\n|turn|32\n|\n|t:|1700278203\n|move|p1a: Meloetta|Charge Beam|p2a: Empoleon\n|-supereffective|p2a: Empoleon\n|-damage|p2a: Empoleon|48\/100\n|-boost|p1a: Meloetta|spa|1\n|move|p2a: Empoleon|Surf|p1a: Meloetta\n|-damage|p1a: Meloetta|37\/100\n|\n|-heal|p2a: Empoleon|55\/100|[from] item: Leftovers\n|upkeep\n|turn|33\n|\n|t:|1700278212\n|switch|p2a: Gardevoir|Gardevoir, F|100\/100\n|-ability|p2a: Gardevoir|Serene Grace|[from] ability: Trace|[of] p1a: Meloetta\n|move|p1a: Meloetta|Rest|p1a: Meloetta\n|-status|p1a: Meloetta|slp|[from] move: Rest\n|-heal|p1a: Meloetta|100\/100 slp|[silent]\n|\n|upkeep\n|turn|34\n|\n|t:|1700278226\n|cant|p1a: Meloetta|slp\n|move|p1a: Meloetta|Snore|p2a: Gardevoir\n|-damage|p2a: Gardevoir|47\/100\n|cant|p2a: Gardevoir|flinch\n|\n|upkeep\n|turn|35\n|\n|t:|1700278234\n|switch|p2a: Scizor|Scizor, M|100\/100\n|cant|p1a: Meloetta|slp\n|move|p1a: Meloetta|Snore|p2a: Scizor\n|-resisted|p2a: Scizor\n|-damage|p2a: Scizor|69\/100\n|\n|upkeep\n|turn|36\n|\n|t:|1700278243\n|detailschange|p2a: Scizor|Scizor-Mega, M\n|-mega|p2a: Scizor|Scizor|Scizorite\n|-curestatus|p1a: Meloetta|slp|[msg]\n|move|p1a: Meloetta|Charge Beam|p2a: Scizor\n|-damage|p2a: Scizor|36\/100\n|-boost|p1a: Meloetta|spa|1\n|move|p2a: Scizor|Swords Dance|p2a: Scizor\n|-boost|p2a: Scizor|atk|2\n|\n|upkeep\n|turn|37\n|\n|t:|1700278254\n|move|p2a: Scizor|Bullet Punch|p1a: Meloetta\n|-damage|p1a: Meloetta|44\/100\n|move|p1a: Meloetta|Charge Beam|p2a: Scizor\n|-damage|p2a: Scizor|0 fnt\n|-boost|p1a: Meloetta|spa|1\n|faint|p2a: Scizor\n|\n|upkeep\n|\n|t:|1700278269\n|switch|p2a: Arcanine|Arcanine-Hisui, M|100\/100\n|turn|38\n|\n|t:|1700278273\n|move|p1a: Meloetta|Rest|p1a: Meloetta\n|-status|p1a: Meloetta|slp|[from] move: Rest\n|-heal|p1a: Meloetta|100\/100 slp|[silent]\n|move|p2a: Arcanine|Head Smash|p1a: Meloetta|[miss]\n|-miss|p2a: Arcanine|p1a: Meloetta\n|\n|upkeep\n|turn|39\n|-message|MajorAce7 forfeited.\n|\n|win|liuqiu\n|raw|liuqiu's rating: 1186 &rarr; <strong>1210<\/strong><br \/>(+24 for winning)\n|raw|MajorAce7's rating: 1166 &rarr; <strong>1142<\/strong><br \/>(-24 for losing)\n|l|\u2606MajorAce7\n","uploadtime":1700278296,"views":16,"p1id":"liuqiu","p2id":"majorace7","formatid":"gen9nationaldex","rating":1142,"private":0,"password":""}