{"id":"gen9nationaldex-1989284745","p1":"Skullmonkey","p2":"MisterMister R","format":"[Gen 9] National Dex","log":"|j|\u2606Skullmonkey\n|j|\u2606MisterMister R\n|t:|1699831835\n|gametype|singles\n|player|p1|Skullmonkey|li|1436\n|player|p2|MisterMister R|hilbert|1459\n|teamsize|p1|6\n|teamsize|p2|6\n|gen|9\n|tier|[Gen 9] National Dex\n|rated|\n|rule|HP Percentage Mod: HP is shown in percentages\n|rule|Endless Battle Clause: Forcing endless battles is banned\n|rule|OHKO Clause: OHKO moves are banned\n|rule|Evasion Clause: Evasion abilities, items, and moves are banned\n|rule|Evasion Abilities Clause: Evasion abilities are banned\n|rule|Evasion Items Clause: Evasion items are banned\n|rule|Evasion Moves Clause: Evasion moves are banned\n|rule|Species Clause: Limit one of each Pok\u00e9mon\n|rule|Sleep Clause Mod: Limit one foe put to sleep\n|clearpoke\n|poke|p1|Crobat, M|\n|poke|p1|Corviknight, M|\n|poke|p1|Charizard, F|\n|poke|p1|Great Tusk|\n|poke|p1|Clodsire, F|\n|poke|p1|Heatran, M|\n|poke|p2|Infernape, M|\n|poke|p2|Carracosta, M|\n|poke|p2|Staraptor, M|\n|poke|p2|Serperior, M|\n|poke|p2|Alakazam, M|\n|poke|p2|Dragonite, M|\n|teampreview\n|\n|t:|1699831847\n|start\n|switch|p1a: Heatran|Heatran, M|100\/100\n|switch|p2a: Carracosta|Carracosta, M|100\/100\n|turn|1\n|inactive|Battle timer is ON: inactive players will automatically lose when time's up. (requested by MisterMister R)\n|\n|t:|1699831855\n|move|p1a: Heatran|Eruption|p2a: Carracosta\n|-resisted|p2a: Carracosta\n|-crit|p2a: Carracosta\n|-damage|p2a: Carracosta|61\/100\n|move|p2a: Carracosta|Stealth Rock|p1a: Heatran\n|-sidestart|p1: Skullmonkey|move: Stealth Rock\n|\n|-heal|p2a: Carracosta|67\/100|[from] item: Leftovers\n|upkeep\n|turn|2\n|\n|t:|1699831865\n|switch|p1a: Corviknight|Corviknight, M|100\/100\n|-damage|p1a: Corviknight|88\/100|[from] Stealth Rock\n|move|p2a: Carracosta|Liquidation|p1a: Corviknight\n|-damage|p1a: Corviknight|62\/100\n|-damage|p2a: Carracosta|50\/100|[from] item: Rocky Helmet|[of] p1a: Corviknight\n|\n|-heal|p2a: Carracosta|57\/100|[from] item: Leftovers\n|upkeep\n|turn|3\n|\n|t:|1699831874\n|switch|p2a: Infernape|Infernape, M|100\/100\n|move|p1a: Corviknight|Bulk Up|p1a: Corviknight\n|-boost|p1a: Corviknight|atk|1\n|-boost|p1a: Corviknight|def|1\n|\n|upkeep\n|turn|4\n|\n|t:|1699831882\n|switch|p1a: Heatran|Heatran, M|100\/100\n|-damage|p1a: Heatran|88\/100|[from] Stealth Rock\n|move|p2a: Infernape|Flamethrower|p1a: Heatran\n|-start|p1a: Heatran|ability: Flash Fire\n|\n|upkeep\n|turn|5\n|\n|t:|1699831900\n|move|p1a: Heatran|Eruption|p2a: Infernape\n|-resisted|p2a: Infernape\n|-damage|p2a: Infernape|15\/100\n|move|p2a: Infernape|Close Combat|p1a: Heatran\n|-supereffective|p1a: Heatran\n|-damage|p1a: Heatran|0 fnt\n|-unboost|p2a: Infernape|def|1\n|-unboost|p2a: Infernape|spd|1\n|faint|p1a: Heatran\n|\n|upkeep\n|\n|t:|1699831909\n|switch|p1a: Great Tusk|Great Tusk|100\/100\n|-damage|p1a: Great Tusk|98\/100|[from] Stealth Rock\n|turn|6\n|\n|t:|1699831915\n|move|p2a: Infernape|Flamethrower|p1a: Great Tusk\n|-damage|p1a: Great Tusk|68\/100\n|move|p1a: Great Tusk|Rapid Spin|p2a: Infernape\n|-damage|p2a: Infernape|0 fnt\n|-boost|p1a: Great Tusk|spe|1\n|-sideend|p1: Skullmonkey|Stealth Rock|[from] move: Rapid Spin|[of] p1a: Great Tusk\n|faint|p2a: Infernape\n|\n|upkeep\n|\n|t:|1699831926\n|switch|p2a: Staraptor|Staraptor, M|100\/100\n|turn|7\n|\n|t:|1699831930\n|-end|p1a: Great Tusk|Protosynthesis|[silent]\n|switch|p1a: Corviknight|Corviknight, M|62\/100\n|move|p2a: Staraptor|Brave Bird|p1a: Corviknight\n|-resisted|p1a: Corviknight\n|-damage|p1a: Corviknight|41\/100\n|-damage|p2a: Staraptor|84\/100|[from] item: Rocky Helmet|[of] p1a: Corviknight\n|-damage|p2a: Staraptor|75\/100|[from] Recoil\n|\n|upkeep\n|turn|8\n|\n|t:|1699831938\n|switch|p2a: Carracosta|Carracosta, M|57\/100\n|move|p1a: Corviknight|Roost|p1a: Corviknight\n|-heal|p1a: Corviknight|91\/100\n|-singleturn|p1a: Corviknight|move: Roost\n|\n|-heal|p2a: Carracosta|63\/100|[from] item: Leftovers\n|upkeep\n|turn|9\n|\n|t:|1699831945\n|switch|p1a: Charizard|Charizard, F|100\/100\n|move|p2a: Carracosta|Stealth Rock|p1a: Charizard\n|-sidestart|p1: Skullmonkey|move: Stealth Rock\n|\n|-heal|p2a: Carracosta|69\/100|[from] item: Leftovers\n|upkeep\n|turn|10\n|\n|t:|1699831951\n|switch|p2a: Dragonite|Dragonite, M|100\/100\n|detailschange|p1a: Charizard|Charizard-Mega-Y, F\n|-mega|p1a: Charizard|Charizard|Charizardite Y\n|-weather|SunnyDay|[from] ability: Drought|[of] p1a: Charizard\n|move|p1a: Charizard|Solar Beam||[still]\n|-prepare|p1a: Charizard|Solar Beam\n|-anim|p1a: Charizard|Solar Beam|p2a: Dragonite\n|-resisted|p2a: Dragonite\n|-damage|p2a: Dragonite|88\/100\n|\n|-weather|SunnyDay|[upkeep]\n|upkeep\n|turn|11\n|\n|t:|1699831962\n|switch|p1a: Great Tusk|Great Tusk|68\/100\n|-damage|p1a: Great Tusk|65\/100|[from] Stealth Rock\n|-activate|p1a: Great Tusk|ability: Protosynthesis\n|-start|p1a: Great Tusk|protosynthesisatk\n|move|p2a: Dragonite|Dragon Dance|p2a: Dragonite\n|-boost|p2a: Dragonite|atk|1\n|-boost|p2a: Dragonite|spe|1\n|\n|-weather|SunnyDay|[upkeep]\n|upkeep\n|turn|12\n|\n|t:|1699831970\n|-terastallize|p1a: Great Tusk|Fairy\n|move|p2a: Dragonite|Outrage|p1a: Great Tusk\n|-immune|p1a: Great Tusk\n|move|p1a: Great Tusk|Ice Spinner|p2a: Dragonite\n|-supereffective|p2a: Dragonite\n|-damage|p2a: Dragonite|0 fnt\n|faint|p2a: Dragonite\n|\n|-weather|SunnyDay|[upkeep]\n|upkeep\n|\n|t:|1699831976\n|switch|p2a: Alakazam|Alakazam, M|100\/100\n|turn|13\n|\n|t:|1699831981\n|move|p2a: Alakazam|Psychic|p1a: Great Tusk\n|-damage|p1a: Great Tusk|26\/100\n|-unboost|p1a: Great Tusk|spd|1\n|move|p1a: Great Tusk|Rapid Spin|p2a: Alakazam\n|-damage|p2a: Alakazam|39\/100\n|-boost|p1a: Great Tusk|spe|1\n|-sideend|p1: Skullmonkey|Stealth Rock|[from] move: Rapid Spin|[of] p1a: Great Tusk\n|\n|-weather|SunnyDay|[upkeep]\n|upkeep\n|turn|14\n|\n|t:|1699831989\n|move|p2a: Alakazam|Thunder Wave|p1a: Great Tusk\n|-status|p1a: Great Tusk|par\n|cant|p1a: Great Tusk|par\n|\n|-weather|none\n|-end|p1a: Great Tusk|Protosynthesis\n|upkeep\n|turn|15\n|\n|t:|1699831995\n|move|p2a: Alakazam|Psychic|p1a: Great Tusk\n|-damage|p1a: Great Tusk|0 fnt\n|faint|p1a: Great Tusk\n|-end|p1a: Great Tusk|Protosynthesis|[silent]\n|\n|upkeep\n|\n|t:|1699831999\n|switch|p1a: Crobat|Crobat, M|100\/100\n|turn|16\n|\n|t:|1699832001\n|switch|p2a: Carracosta|Carracosta, M|69\/100\n|move|p1a: Crobat|Sludge Bomb|p2a: Carracosta\n|-resisted|p2a: Carracosta\n|-damage|p2a: Carracosta|41\/100\n|-damage|p1a: Crobat|91\/100|[from] item: Life Orb\n|\n|-heal|p2a: Carracosta|47\/100|[from] item: Leftovers\n|upkeep\n|turn|17\n|\n|t:|1699832009\n|move|p1a: Crobat|Nasty Plot|p1a: Crobat\n|-boost|p1a: Crobat|spa|2\n|move|p2a: Carracosta|Stealth Rock|p1a: Crobat\n|-sidestart|p1: Skullmonkey|move: Stealth Rock\n|\n|-heal|p2a: Carracosta|53\/100|[from] item: Leftovers\n|upkeep\n|turn|18\n|\n|t:|1699832017\n|move|p2a: Carracosta|Aqua Jet|p1a: Crobat\n|-damage|p1a: Crobat|64\/100\n|move|p1a: Crobat|Hurricane|p2a: Carracosta|[miss]\n|-miss|p1a: Crobat|p2a: Carracosta\n|\n|-heal|p2a: Carracosta|59\/100|[from] item: Leftovers\n|upkeep\n|turn|19\n|\n|t:|1699832023\n|move|p2a: Carracosta|Aqua Jet|p1a: Crobat\n|-damage|p1a: Crobat|39\/100\n|move|p1a: Crobat|Hurricane|p2a: Carracosta\n|-resisted|p2a: Carracosta\n|-damage|p2a: Carracosta|0 fnt\n|faint|p2a: Carracosta\n|-damage|p1a: Crobat|29\/100|[from] item: Life Orb\n|\n|upkeep\n|\n|t:|1699832030\n|switch|p2a: Staraptor|Staraptor, M|75\/100\n|turn|20\n|\n|t:|1699832033\n|move|p2a: Staraptor|U-turn|p1a: Crobat\n|-resisted|p1a: Crobat\n|-damage|p1a: Crobat|22\/100\n|\n|t:|1699832035\n|switch|p2a: Alakazam|Alakazam, M|39\/100|[from] U-turn\n|move|p1a: Crobat|Sludge Bomb|p2a: Alakazam\n|-damage|p2a: Alakazam|0 fnt\n|faint|p2a: Alakazam\n|-damage|p1a: Crobat|12\/100|[from] item: Life Orb\n|\n|upkeep\n|\n|t:|1699832039\n|switch|p2a: Staraptor|Staraptor, M|75\/100\n|turn|21\n|\n|t:|1699832044\n|switch|p1a: Corviknight|Corviknight, M|91\/100\n|-damage|p1a: Corviknight|79\/100|[from] Stealth Rock\n|move|p2a: Staraptor|Brave Bird|p1a: Corviknight\n|-resisted|p1a: Corviknight\n|-damage|p1a: Corviknight|58\/100\n|-damage|p2a: Staraptor|59\/100|[from] item: Rocky Helmet|[of] p1a: Corviknight\n|-damage|p2a: Staraptor|50\/100|[from] Recoil\n|\n|upkeep\n|turn|22\n|\n|t:|1699832054\n|move|p2a: Staraptor|Brave Bird|p1a: Corviknight\n|-resisted|p1a: Corviknight\n|-damage|p1a: Corviknight|37\/100\n|-damage|p2a: Staraptor|34\/100|[from] item: Rocky Helmet|[of] p1a: Corviknight\n|-damage|p2a: Staraptor|25\/100|[from] Recoil\n|move|p1a: Corviknight|Defog|p2a: Staraptor\n|-unboost|p2a: Staraptor|evasion|1\n|-sideend|p1: Skullmonkey|Stealth Rock|[from] move: Defog|[of] p1a: Corviknight\n|\n|upkeep\n|turn|23\n|\n|t:|1699832062\n|switch|p2a: Serperior|Serperior, M|100\/100\n|move|p1a: Corviknight|Roost|p1a: Corviknight\n|-heal|p1a: Corviknight|87\/100\n|-singleturn|p1a: Corviknight|move: Roost\n|\n|upkeep\n|turn|24\n|\n|t:|1699832068\n|move|p2a: Serperior|Leaf Storm|p1a: Corviknight\n|-resisted|p1a: Corviknight\n|-damage|p1a: Corviknight|75\/100\n|-boost|p2a: Serperior|spa|2\n|move|p1a: Corviknight|Brave Bird|p2a: Serperior\n|-supereffective|p2a: Serperior\n|-damage|p2a: Serperior|20\/100\n|-damage|p1a: Corviknight|56\/100|[from] Recoil\n|\n|-heal|p2a: Serperior|26\/100|[from] item: Leftovers\n|upkeep\n|turn|25\n|\n|t:|1699832077\n|move|p2a: Serperior|Hidden Power|p1a: Corviknight\n|-supereffective|p1a: Corviknight\n|-damage|p1a: Corviknight|0 fnt\n|faint|p1a: Corviknight\n|\n|-heal|p2a: Serperior|32\/100|[from] item: Leftovers\n|upkeep\n|\n|t:|1699832083\n|switch|p1a: Crobat|Crobat, M|12\/100\n|turn|26\n|\n|t:|1699832086\n|move|p1a: Crobat|Sludge Bomb|p2a: Serperior\n|-supereffective|p2a: Serperior\n|-damage|p2a: Serperior|0 fnt\n|faint|p2a: Serperior\n|-damage|p1a: Crobat|2\/100|[from] item: Life Orb\n|\n|upkeep\n|\n|t:|1699832089\n|switch|p2a: Staraptor|Staraptor, M|25\/100\n|turn|27\n|\n|t:|1699832093\n|move|p2a: Staraptor|Brave Bird|p1a: Crobat\n|-damage|p1a: Crobat|0 fnt\n|faint|p1a: Crobat\n|-damage|p2a: Staraptor|25\/100|[from] Recoil\n|\n|upkeep\n|\n|t:|1699832098\n|switch|p1a: Clodsire|Clodsire, F|100\/100\n|turn|28\n|\n|t:|1699832113\n|move|p2a: Staraptor|Brave Bird|p1a: Clodsire\n|-damage|p1a: Clodsire|24\/100\n|-damage|p2a: Staraptor|0 fnt|[from] Recoil\n|faint|p2a: Staraptor\n|\n|win|Skullmonkey\n|raw|Skullmonkey's rating: 1436 &rarr; <strong>1457<\/strong><br \/>(+21 for winning)\n|raw|MisterMister R's rating: 1459 &rarr; <strong>1438<\/strong><br \/>(-21 for losing)\n|l|\u2606MisterMister R\n|c|\u2606Skullmonkey|GG\n","uploadtime":1699832130,"views":4,"p1id":"skullmonkey","p2id":"mistermisterr","formatid":"gen9nationaldex","rating":1438,"private":0,"password":""}