{"id":"gen9nationaldex-1999065859","p1":"Ricardo2221","p2":"Gonquical","format":"[Gen 9] National Dex","log":"|html|<div class=\"broadcast-blue\"><strong>[Gen 9] National Dex is currently suspecting Sneasler! For information on how to participate check out the <a href=\"https:\/\/www.smogon.com\/forums\/threads\/sv-national-dex-suspect-8-just-dance.3731534\/\">suspect thread<\/a>.<\/strong><\/div>\n|j|\u2606Ricardo2221\n|j|\u2606Gonquical\n|t:|1701029498\n|gametype|singles\n|player|p1|Ricardo2221|benga|\n|player|p2|Gonquical|n|\n|teamsize|p1|6\n|teamsize|p2|6\n|gen|9\n|tier|[Gen 9] National Dex\n|rule|HP Percentage Mod: HP is shown in percentages\n|rule|Endless Battle Clause: Forcing endless battles is banned\n|rule|OHKO Clause: OHKO moves are banned\n|rule|Evasion Clause: Evasion abilities, items, and moves are banned\n|rule|Evasion Abilities Clause: Evasion abilities are banned\n|rule|Evasion Items Clause: Evasion items are banned\n|rule|Evasion Moves Clause: Evasion moves are banned\n|rule|Species Clause: Limit one of each Pok\u00e9mon\n|rule|Sleep Clause Mod: Limit one foe put to sleep\n|clearpoke\n|poke|p1|Weavile, M|\n|poke|p1|Sneasler, F|\n|poke|p1|Zeraora|\n|poke|p1|Sylveon, M|\n|poke|p1|Landorus-Therian, M|\n|poke|p1|Meowscarada, M|\n|poke|p2|Ursaluna, M|\n|poke|p2|Zoroark, M|\n|poke|p2|Dachsbun, F|\n|poke|p2|Lycanroc, F|\n|poke|p2|Okidogi, M|\n|poke|p2|Manectric, M|\n|teampreview\n|inactive|Battle timer is ON: inactive players will automatically lose when time's up. (requested by Ricardo2221)\n|inactive|Gonquical has 270 seconds left.\n|\n|t:|1701029555\n|start\n|switch|p1a: Weavile|Weavile, M|100\/100\n|switch|p2a: Lycanroc|Lycanroc, F|100\/100\n|-ability|p1a: Weavile|Pressure\n|turn|1\n|\n|t:|1701029573\n|move|p1a: Weavile|Fake Out|p2a: Lycanroc\n|-resisted|p2a: Lycanroc\n|-damage|p2a: Lycanroc|86\/100\n|-damage|p1a: Weavile|91\/100|[from] item: Life Orb\n|cant|p2a: Lycanroc|flinch\n|\n|upkeep\n|turn|2\n|\n|t:|1701029579\n|switch|p1a: Meowscarada|Meowscarada, M|100\/100\n|move|p2a: Lycanroc|Accelerock|p1a: Meowscarada\n|-damage|p1a: Meowscarada|67\/100\n|\n|upkeep\n|turn|3\n|\n|t:|1701029595\n|switch|p2a: Okidogi|Okidogi, M|100\/100\n|move|p1a: Meowscarada|U-turn|p2a: Okidogi\n|-start|p1a: Meowscarada|typechange|Bug|[from] ability: Protean\n|-resisted|p2a: Okidogi\n|-damage|p2a: Okidogi|92\/100\n|-damage|p1a: Meowscarada|57\/100|[from] item: Life Orb\n|\n|t:|1701029613\n|switch|p1a: Sneasler|Sneasler, F|100\/100|[from] U-turn\n|\n|-heal|p2a: Okidogi|98\/100|[from] item: Leftovers\n|upkeep\n|turn|4\n|inactive|Gonquical has 270 seconds left.\n|inactive|Gonquical has 240 seconds left.\n|\n|t:|1701029677\n|switch|p2a: Dachsbun|Dachsbun, F|100\/100\n|move|p1a: Sneasler|Close Combat|p2a: Dachsbun\n|-resisted|p2a: Dachsbun\n|-damage|p2a: Dachsbun|61\/100\n|-unboost|p1a: Sneasler|def|1\n|-unboost|p1a: Sneasler|spd|1\n|-enditem|p1a: Sneasler|White Herb\n|-clearnegativeboost|p1a: Sneasler|[silent]\n|\n|upkeep\n|turn|5\n|inactive|Gonquical has 240 seconds left.\n|inactive|Gonquical has 210 seconds left.\n|\n|t:|1701029718\n|-terastallize|p2a: Dachsbun|Steel\n|move|p1a: Sneasler|Swords Dance|p1a: Sneasler\n|-boost|p1a: Sneasler|atk|2\n|move|p2a: Dachsbun|Tera Blast|p1a: Sneasler|[anim] Tera Blast Steel\n|-damage|p1a: Sneasler|50\/100\n|\n|upkeep\n|turn|6\n|c|\u2606Ricardo2221|T\u00edo\n|c|\u2606Ricardo2221|Me das pereza\n|inactive|Gonquical has 210 seconds left.\n|\n|t:|1701029747\n|switch|p2a: Okidogi|Okidogi, M|98\/100\n|move|p1a: Sneasler|Close Combat|p2a: Okidogi\n|-resisted|p2a: Okidogi\n|-damage|p2a: Okidogi|48\/100\n|-unboost|p1a: Sneasler|def|1\n|-unboost|p1a: Sneasler|spd|1\n|\n|-heal|p2a: Okidogi|54\/100|[from] item: Leftovers\n|upkeep\n|turn|7\n|\n|t:|1701029766\n|move|p1a: Sneasler|Acrobatics|p2a: Okidogi\n|-supereffective|p2a: Okidogi\n|-damage|p2a: Okidogi|0 fnt\n|faint|p2a: Okidogi\n|\n|upkeep\n|inactive|Gonquical has 180 seconds left.\n|\n|t:|1701029790\n|switch|p2a: Lycanroc|Lycanroc, F|86\/100\n|turn|8\n|inactive|Gonquical has 180 seconds left.\n|\n|t:|1701029813\n|move|p1a: Sneasler|Close Combat|p2a: Lycanroc\n|-supereffective|p2a: Lycanroc\n|-damage|p2a: Lycanroc|0 fnt\n|-unboost|p1a: Sneasler|def|1\n|-unboost|p1a: Sneasler|spd|1\n|faint|p2a: Lycanroc\n|\n|upkeep\n|inactive|Gonquical has 150 seconds left.\n|\n|t:|1701029849\n|switch|p2a: Manectric|Manectric, M|100\/100\n|turn|9\n|c|\u2606Ricardo2221|YA TE HE GANADO JUEGA RAPIDO PPR DIOS\n|\n|t:|1701029870\n|detailschange|p2a: Manectric|Manectric-Mega, M\n|-mega|p2a: Manectric|Manectric|Manectite\n|-ability|p2a: Manectric|Intimidate|boost\n|-unboost|p1a: Sneasler|atk|1\n|move|p1a: Sneasler|Close Combat|p2a: Manectric\n|-damage|p2a: Manectric|0 fnt\n|-unboost|p1a: Sneasler|def|1\n|-unboost|p1a: Sneasler|spd|1\n|faint|p2a: Manectric\n|\n|upkeep\n|inactive|Gonquical has 120 seconds left.\n|\n|t:|1701029884\n|switch|p2a: Dachsbun|Dachsbun, F|100\/100\n|-start|p2a: Dachsbun|typechange|Steel|[silent]\n|turn|10\n|\n|t:|1701029892\n|move|p1a: Sneasler|Close Combat|p2a: Dachsbun\n|-supereffective|p2a: Dachsbun\n|-enditem|p2a: Dachsbun|Focus Sash\n|-damage|p2a: Dachsbun|1\/100\n|-unboost|p1a: Sneasler|def|1\n|-unboost|p1a: Sneasler|spd|1\n|replace|p2a: Herrera|Zoroark, M\n|-end|p2a: Herrera|Illusion\n|move|p2a: Herrera|Psychic|p1a: Sneasler\n|-supereffective|p1a: Sneasler\n|-damage|p1a: Sneasler|0 fnt\n|faint|p1a: Sneasler\n|\n|upkeep\n|\n|t:|1701029913\n|switch|p1a: Landorus|Landorus-Therian, M|100\/100\n|-ability|p1a: Landorus|Intimidate|boost\n|-unboost|p2a: Herrera|atk|1\n|turn|11\n|\n|t:|1701029929\n|switch|p2a: Ursaluna|Ursaluna, M|100\/100\n|move|p1a: Landorus|Earthquake|p2a: Ursaluna\n|-damage|p2a: Ursaluna|59\/100\n|\n|-status|p2a: Ursaluna|brn|[from] item: Flame Orb\n|upkeep\n|turn|12\n|\n|t:|1701029938\n|move|p1a: Landorus|Earthquake|p2a: Ursaluna\n|-damage|p2a: Ursaluna|16\/100 brn\n|move|p2a: Ursaluna|Facade|p1a: Landorus\n|-damage|p1a: Landorus|0 fnt\n|-damage|p2a: Ursaluna|0 fnt|[from] item: Rocky Helmet|[of] p1a: Landorus\n|faint|p1a: Landorus\n|faint|p2a: Ursaluna\n|\n|upkeep\n|\n|t:|1701029950\n|switch|p1a: Zeraora|Zeraora|100\/100\n|switch|p2a: Dachsbun|Dachsbun, F|1\/100\n|turn|13\n|\n|t:|1701029962\n|move|p1a: Zeraora|Close Combat|p2a: Dachsbun\n|-supereffective|p2a: Dachsbun\n|-damage|p2a: Dachsbun|0 fnt\n|-unboost|p1a: Zeraora|def|1\n|-unboost|p1a: Zeraora|spd|1\n|replace|p2a: Herrera|Zoroark, M\n|-end|p2a: Herrera|Illusion\n|faint|p2a: Herrera\n|\n|upkeep\n|\n|t:|1701029970\n|switch|p2a: Dachsbun|Dachsbun, F, tera:Steel|61\/100\n|turn|14\n|\n|t:|1701029982\n|move|p1a: Zeraora|Close Combat|p2a: Dachsbun\n|-supereffective|p2a: Dachsbun\n|-damage|p2a: Dachsbun|0 fnt\n|-unboost|p1a: Zeraora|def|1\n|-unboost|p1a: Zeraora|spd|1\n|faint|p2a: Dachsbun\n|\n|win|Ricardo2221\n|l|\u2606Ricardo2221\n","uploadtime":1701029987,"views":1,"p1id":"ricardo2221","p2id":"gonquical","formatid":"gen9nationaldex","rating":0,"private":0,"password":""}