{"id":"gen9nationaldex-1990825139","p1":"Chili D Dewd","p2":"passos_0","format":"[Gen 9] National Dex","log":"|j|\u2606Chili D Dewd\n|j|\u2606passos_0\n|t:|1700004692\n|gametype|singles\n|player|p1|Chili D Dewd|flint|1640\n|player|p2|passos_0|zinzolin|1541\n|teamsize|p1|6\n|teamsize|p2|6\n|gen|9\n|tier|[Gen 9] National Dex\n|rated|\n|rule|HP Percentage Mod: HP is shown in percentages\n|rule|Endless Battle Clause: Forcing endless battles is banned\n|rule|OHKO Clause: OHKO moves are banned\n|rule|Evasion Clause: Evasion abilities, items, and moves are banned\n|rule|Evasion Abilities Clause: Evasion abilities are banned\n|rule|Evasion Items Clause: Evasion items are banned\n|rule|Evasion Moves Clause: Evasion moves are banned\n|rule|Species Clause: Limit one of each Pok\u00e9mon\n|rule|Sleep Clause Mod: Limit one foe put to sleep\n|clearpoke\n|poke|p1|Scovillain, F|\n|poke|p1|Torkoal, F|\n|poke|p1|Great Tusk|\n|poke|p1|Houndoom, M|\n|poke|p1|Tapu Lele|\n|poke|p1|Rotom-Wash|\n|poke|p2|Volcanion|\n|poke|p2|Grafaiai, F|\n|poke|p2|Volcarona, F|\n|poke|p2|Mawile, F|\n|poke|p2|Maushold-Four|\n|poke|p2|Serperior, M|\n|teampreview\n|\n|t:|1700004715\n|start\n|switch|p1a: Torkoal|Torkoal, F|100\/100\n|switch|p2a: Volcanion|Volcanion|100\/100\n|-weather|SunnyDay|[from] ability: Drought|[of] p1a: Torkoal\n|turn|1\n|\n|t:|1700004722\n|switch|p1a: Rotom|Rotom-Wash|100\/100\n|-terastallize|p2a: Volcanion|Ground\n|move|p2a: Volcanion|Earth Power|p1a: Rotom\n|-immune|p1a: Rotom|[from] ability: Levitate\n|\n|-weather|SunnyDay|[upkeep]\n|upkeep\n|turn|2\n|\n|t:|1700004731\n|switch|p1a: Tapu Lele|Tapu Lele|100\/100\n|-fieldstart|move: Psychic Terrain|[from] ability: Psychic Surge|[of] p1a: Tapu Lele\n|move|p2a: Volcanion|Earth Power|p1a: Tapu Lele\n|-damage|p1a: Tapu Lele|41\/100\n|\n|-weather|SunnyDay|[upkeep]\n|upkeep\n|turn|3\n|\n|t:|1700004737\n|move|p1a: Tapu Lele|Psyshock|p2a: Volcanion\n|-damage|p2a: Volcanion|51\/100\n|move|p2a: Volcanion|Earth Power|p1a: Tapu Lele\n|-damage|p1a: Tapu Lele|0 fnt\n|faint|p1a: Tapu Lele\n|\n|-weather|SunnyDay|[upkeep]\n|upkeep\n|\n|t:|1700004745\n|switch|p1a: Scovillain|Scovillain, F|100\/100\n|turn|4\n|\n|t:|1700004750\n|switch|p2a: Volcarona|Volcarona, F|100\/100\n|move|p1a: Scovillain|Fire Blast|p2a: Volcarona\n|-damage|p2a: Volcarona|0 fnt\n|faint|p2a: Volcarona\n|-damage|p1a: Scovillain|91\/100|[from] item: Life Orb\n|\n|-weather|SunnyDay|[upkeep]\n|upkeep\n|\n|t:|1700004754\n|switch|p2a: Grafaiai|Grafaiai, F|100\/100\n|turn|5\n|\n|t:|1700004757\n|move|p1a: Scovillain|Fire Blast|p2a: Grafaiai\n|-enditem|p2a: Grafaiai|Focus Sash\n|-damage|p2a: Grafaiai|1\/100\n|-damage|p1a: Scovillain|81\/100|[from] item: Life Orb\n|move|p2a: Grafaiai|Poison Jab|p1a: Scovillain\n|-supereffective|p1a: Scovillain\n|-damage|p1a: Scovillain|0 fnt\n|faint|p1a: Scovillain\n|\n|-weather|SunnyDay|[upkeep]\n|upkeep\n|\n|t:|1700004761\n|switch|p1a: Houndoom|Houndoom, M|100\/100\n|turn|6\n|\n|t:|1700004766\n|move|p2a: Grafaiai|Poison Jab|p1a: Houndoom\n|-damage|p1a: Houndoom|27\/100\n|move|p1a: Houndoom|Flame Charge|p2a: Grafaiai\n|-damage|p2a: Grafaiai|0 fnt\n|-boost|p1a: Houndoom|spe|1\n|faint|p2a: Grafaiai\n|\n|-weather|SunnyDay|[upkeep]\n|-fieldend|move: Psychic Terrain\n|upkeep\n|inactive|Battle timer is ON: inactive players will automatically lose when time's up. (requested by Chili D Dewd)\n|\n|t:|1700004773\n|switch|p2a: Mawile|Mawile, F|100\/100\n|-ability|p2a: Mawile|Intimidate|boost\n|-unboost|p1a: Houndoom|atk|1\n|turn|7\n|\n|t:|1700004776\n|detailschange|p1a: Houndoom|Houndoom-Mega, M\n|-mega|p1a: Houndoom|Houndoom|Houndoominite\n|detailschange|p2a: Mawile|Mawile-Mega, F\n|-mega|p2a: Mawile|Mawile|Mawilite\n|move|p2a: Mawile|Sucker Punch||[still]\n|-fail|p2a: Mawile\n|move|p1a: Houndoom|Nasty Plot|p1a: Houndoom\n|-boost|p1a: Houndoom|spa|2\n|\n|-weather|SunnyDay|[upkeep]\n|-damage|p1a: Houndoom|15\/100|[from] ability: Solar Power|[of] p1a: Houndoom\n|upkeep\n|turn|8\n|\n|t:|1700004782\n|move|p2a: Mawile|Sucker Punch|p1a: Houndoom\n|-resisted|p1a: Houndoom\n|-damage|p1a: Houndoom|0 fnt\n|faint|p1a: Houndoom\n|\n|-weather|none\n|upkeep\n|\n|t:|1700004784\n|switch|p1a: Great Tusk|Great Tusk|100\/100\n|turn|9\n|inactive|passos_0 has 120 seconds left.\n|inactive|passos_0 has 90 seconds left.\n|inactive|passos_0 has 60 seconds left.\n|\n|t:|1700004874\n|switch|p2a: Volcanion|Volcanion, tera:Ground|51\/100\n|move|p1a: Great Tusk|Rapid Spin|p2a: Volcanion\n|-damage|p2a: Volcanion|33\/100\n|-boost|p1a: Great Tusk|spe|1\n|\n|upkeep\n|turn|10\n|\n|t:|1700004885\n|move|p1a: Great Tusk|Ice Spinner|p2a: Volcanion\n|-supereffective|p2a: Volcanion\n|-damage|p2a: Volcanion|0 fnt\n|faint|p2a: Volcanion\n|\n|upkeep\n|\n|t:|1700004891\n|switch|p2a: Mawile|Mawile-Mega, F|100\/100\n|turn|11\n|\n|t:|1700004895\n|move|p1a: Great Tusk|Headlong Rush|p2a: Mawile\n|-supereffective|p2a: Mawile\n|-damage|p2a: Mawile|0 fnt\n|-unboost|p1a: Great Tusk|def|1\n|-unboost|p1a: Great Tusk|spd|1\n|faint|p2a: Mawile\n|\n|upkeep\n|\n|t:|1700004915\n|switch|p2a: Serperior|Serperior, M|100\/100\n|turn|12\n|\n|t:|1700004921\n|-zpower|p1a: Great Tusk\n|move|p1a: Great Tusk|Subzero Slammer|p2a: Serperior|[zeffect]\n|-supereffective|p2a: Serperior\n|-damage|p2a: Serperior|0 fnt\n|faint|p2a: Serperior\n|\n|upkeep\n|-message|passos_0 forfeited.\n|\n|win|Chili D Dewd\n|raw|Chili D Dewd's rating: 1640 &rarr; <strong>1654<\/strong><br \/>(+14 for winning)\n|raw|passos_0's rating: 1541 &rarr; <strong>1527<\/strong><br \/>(-14 for losing)\n|l|\u2606passos_0\n|l|\u2606Chili D Dewd\n|j|\u2606Chili D Dewd\n|player|p1|Chili D Dewd|flint\n","uploadtime":1700004995,"views":4,"p1id":"chiliddewd","p2id":"passos0","formatid":"gen9nationaldex","rating":1527,"private":0,"password":""}