{"id":"gen9nationaldex-1994993802","p1":"AligningStars","p2":"Gen70","format":"[Gen 9] National Dex","log":"|html|<div class=\"broadcast-blue\"><strong>[Gen 9] National Dex is currently suspecting Sneasler! For information on how to participate check out the <a href=\"https:\/\/www.smogon.com\/forums\/threads\/sv-national-dex-suspect-8-just-dance.3731534\/\">suspect thread<\/a>.<\/strong><\/div>\n|j|\u2606AligningStars\n|j|\u2606Gen70\n|t:|1700511448\n|gametype|singles\n|player|p1|AligningStars|hilbert|1138\n|player|p2|Gen70|lance|1032\n|teamsize|p1|6\n|teamsize|p2|6\n|gen|9\n|tier|[Gen 9] National Dex\n|rated|\n|rule|HP Percentage Mod: HP is shown in percentages\n|rule|Endless Battle Clause: Forcing endless battles is banned\n|rule|OHKO Clause: OHKO moves are banned\n|rule|Evasion Clause: Evasion abilities, items, and moves are banned\n|rule|Evasion Abilities Clause: Evasion abilities are banned\n|rule|Evasion Items Clause: Evasion items are banned\n|rule|Evasion Moves Clause: Evasion moves are banned\n|rule|Species Clause: Limit one of each Pok\u00e9mon\n|rule|Sleep Clause Mod: Limit one foe put to sleep\n|clearpoke\n|poke|p1|Klefki, M|\n|poke|p1|Sableye, F|\n|poke|p1|Gengar, F|\n|poke|p1|Dunsparce, M|\n|poke|p1|Togekiss, F|\n|poke|p1|Lopunny, F|\n|poke|p2|Weavile, F|\n|poke|p2|Arcanine-Hisui, F|\n|poke|p2|Metagross|\n|poke|p2|Toxapex, F|\n|poke|p2|Ribombee, M|\n|poke|p2|Abomasnow, M|\n|teampreview\n|inactive|Battle timer is ON: inactive players will automatically lose when time's up. (requested by Gen70)\n|inactive|AligningStars also wants the timer to be on.\n|\n|t:|1700511482\n|start\n|switch|p1a: Klefki|Klefki, M|100\/100\n|switch|p2a: Arcanine|Arcanine-Hisui, F, shiny|100\/100\n|turn|1\n|\n|t:|1700511508\n|move|p1a: Klefki|Reflect|p1a: Klefki\n|-sidestart|p1: AligningStars|Reflect\n|move|p2a: Arcanine|Flare Blitz|p1a: Klefki\n|-supereffective|p1a: Klefki\n|-damage|p1a: Klefki|17\/100\n|\n|upkeep\n|turn|2\n|\n|t:|1700511516\n|move|p1a: Klefki|Thunder Wave|p2a: Arcanine\n|-status|p2a: Arcanine|par\n|move|p2a: Arcanine|Flare Blitz|p1a: Klefki\n|-supereffective|p1a: Klefki\n|-damage|p1a: Klefki|0 fnt\n|faint|p1a: Klefki\n|\n|upkeep\n|\n|t:|1700511527\n|switch|p1a: Sableye|Sableye, F|100\/100\n|turn|3\n|\n|t:|1700511531\n|switch|p2a: Ribombee|Ribombee, M, shiny|100\/100\n|move|p1a: Sableye|Foul Play|p2a: Ribombee\n|-resisted|p2a: Ribombee\n|-damage|p2a: Ribombee|88\/100\n|\n|upkeep\n|turn|4\n|\n|t:|1700511538\n|move|p1a: Sableye|Taunt|p2a: Ribombee\n|-start|p2a: Ribombee|move: Taunt\n|cant|p2a: Ribombee|move: Taunt|Aromatherapy\n|\n|upkeep\n|turn|5\n|\n|t:|1700511548\n|switch|p1a: Togekiss|Togekiss, F|100\/100\n|move|p2a: Ribombee|Bug Buzz|p1a: Togekiss\n|-resisted|p1a: Togekiss\n|-damage|p1a: Togekiss|94\/100\n|\n|-heal|p1a: Togekiss|99\/100|[from] item: Leftovers\n|upkeep\n|turn|6\n|\n|t:|1700511557\n|switch|p2a: Weavile|Weavile, F|100\/100\n|move|p1a: Togekiss|Thunder Wave|p2a: Weavile\n|-status|p2a: Weavile|par\n|\n|-heal|p1a: Togekiss|100\/100|[from] item: Leftovers\n|upkeep\n|turn|7\n|\n|t:|1700511561\n|cant|p2a: Weavile|par\n|move|p1a: Togekiss|Aura Sphere|p2a: Weavile\n|-supereffective|p2a: Weavile\n|-damage|p2a: Weavile|0 fnt\n|faint|p2a: Weavile\n|\n|upkeep\n|\n|t:|1700511567\n|switch|p2a: Ribombee|Ribombee, M, shiny|88\/100\n|turn|8\n|\n|t:|1700511581\n|switch|p1a: Sableye|Sableye, F|100\/100\n|move|p2a: Ribombee|Aromatherapy|p2a: Ribombee\n|-activate|p2a: Ribombee|move: Aromatherapy\n|-curestatus|p2: Arcanine|par|[msg]\n|\n|-sideend|p1: AligningStars|Reflect\n|upkeep\n|turn|9\n|\n|t:|1700511590\n|move|p1a: Sableye|Taunt|p2a: Ribombee\n|-start|p2a: Ribombee|move: Taunt\n|move|p2a: Ribombee|Dazzling Gleam|p1a: Sableye\n|-supereffective|p1a: Sableye\n|-damage|p1a: Sableye|29\/100\n|\n|-heal|p1a: Sableye|35\/100|[from] item: Leftovers\n|upkeep\n|turn|10\n|\n|t:|1700511596\n|switch|p1a: Gengar|Gengar, F|100\/100\n|move|p2a: Ribombee|Dazzling Gleam|p1a: Gengar\n|-resisted|p1a: Gengar\n|-damage|p1a: Gengar|78\/100\n|\n|-heal|p1a: Gengar|84\/100|[from] item: Black Sludge\n|upkeep\n|turn|11\n|c|\u2606Gen70|!weakness gengar\n|c| Gen70|\/raw <div class=\"infobox\">Gengar (ignoring abilities):<br \/><span class=\"message-effect-weak\">Weaknesses<\/span>: Dark, Ghost, Ground, Psychic<br \/><span class=\"message-effect-resist\">Resistances<\/span>: <b>Bug<\/b>, Fairy, Grass, <b>Poison<\/b><br \/><span class=\"message-effect-immune\">Immunities<\/span>: Fighting, Normal, Toxic, Trapping<\/div>\n|\n|t:|1700511621\n|switch|p2a: Metagross|Metagross, shiny|100\/100\n|move|p1a: Gengar|Toxic|p2a: Metagross\n|-immune|p2a: Metagross\n|\n|-heal|p1a: Gengar|90\/100|[from] item: Black Sludge\n|upkeep\n|turn|12\n|\n|t:|1700511627\n|move|p1a: Gengar|Will-O-Wisp|p2a: Metagross\n|-status|p2a: Metagross|brn\n|move|p2a: Metagross|Zen Headbutt|p1a: Gengar|[miss]\n|-miss|p2a: Metagross|p1a: Gengar\n|\n|-heal|p1a: Gengar|96\/100|[from] item: Black Sludge\n|-damage|p2a: Metagross|95\/100 brn|[from] brn\n|upkeep\n|turn|13\n|\n|t:|1700511634\n|move|p1a: Gengar|Disable|p2a: Metagross\n|-start|p2a: Metagross|Disable|Zen Headbutt\n|move|p2a: Metagross|Meteor Mash|p1a: Gengar\n|-damage|p1a: Gengar|51\/100\n|\n|-heal|p1a: Gengar|57\/100|[from] item: Black Sludge\n|-damage|p2a: Metagross|89\/100 brn|[from] brn\n|upkeep\n|turn|14\n|\n|t:|1700511658\n|switch|p2a: Ribombee|Ribombee, M, shiny|88\/100\n|move|p1a: Gengar|Toxic|p2a: Ribombee\n|-status|p2a: Ribombee|tox\n|\n|-heal|p1a: Gengar|63\/100|[from] item: Black Sludge\n|-damage|p2a: Ribombee|82\/100 tox|[from] psn\n|upkeep\n|turn|15\n|\n|t:|1700511667\n|move|p2a: Ribombee|Aromatherapy|p2a: Ribombee\n|-activate|p2a: Ribombee|move: Aromatherapy\n|-curestatus|p2a: Ribombee|tox|[msg]\n|-curestatus|p2: Metagross|brn|[msg]\n|move|p1a: Gengar|Substitute|p1a: Gengar\n|-start|p1a: Gengar|Substitute\n|-damage|p1a: Gengar|38\/100\n|\n|-heal|p1a: Gengar|44\/100|[from] item: Black Sludge\n|upkeep\n|turn|16\n|\n|t:|1700511676\n|move|p2a: Ribombee|Bug Buzz|p1a: Gengar\n|-resisted|p1a: Gengar\n|-damage|p1a: Gengar|33\/100\n|-start|p2a: Ribombee|Disable|Bug Buzz|[from] ability: Cursed Body|[of] p1a: Gengar\n|move|p1a: Gengar|Disable||[still]\n|-fail|p1a: Gengar\n|\n|-heal|p1a: Gengar|39\/100|[from] item: Black Sludge\n|upkeep\n|turn|17\n|\n|t:|1700511683\n|switch|p2a: Toxapex|Toxapex, F|100\/100\n|move|p1a: Gengar|Toxic|p2a: Toxapex\n|-immune|p2a: Toxapex\n|\n|-heal|p1a: Gengar|45\/100|[from] item: Black Sludge\n|upkeep\n|turn|18\n|\n|t:|1700511693\n|switch|p1a: Sableye|Sableye, F|35\/100\n|switch|p2a: Arcanine|Arcanine-Hisui, F, shiny|100\/100\n|\n|-heal|p1a: Sableye|41\/100|[from] item: Leftovers\n|upkeep\n|turn|19\n|\n|t:|1700511700\n|move|p1a: Sableye|Recover|p1a: Sableye\n|-heal|p1a: Sableye|91\/100\n|move|p2a: Arcanine|Head Smash|p1a: Sableye\n|-damage|p1a: Sableye|0 fnt\n|faint|p1a: Sableye\n|\n|upkeep\n|\n|t:|1700511714\n|switch|p1a: Dunsparce|Dunsparce, M|100\/100\n|turn|20\n|\n|t:|1700511721\n|move|p2a: Arcanine|Head Smash|p1a: Dunsparce|[miss]\n|-miss|p2a: Arcanine|p1a: Dunsparce\n|move|p1a: Dunsparce|Glare|p2a: Arcanine\n|-status|p2a: Arcanine|par\n|\n|upkeep\n|turn|21\n|\n|t:|1700511727\n|move|p2a: Arcanine|Head Smash|p1a: Dunsparce|[miss]\n|-miss|p2a: Arcanine|p1a: Dunsparce\n|move|p1a: Dunsparce|Coil|p1a: Dunsparce\n|-boost|p1a: Dunsparce|atk|1\n|-boost|p1a: Dunsparce|def|1\n|-boost|p1a: Dunsparce|accuracy|1\n|\n|upkeep\n|turn|22\n|\n|t:|1700511733\n|switch|p2a: Ribombee|Ribombee, M, shiny|82\/100\n|move|p1a: Dunsparce|Coil|p1a: Dunsparce\n|-boost|p1a: Dunsparce|atk|1\n|-boost|p1a: Dunsparce|def|1\n|-boost|p1a: Dunsparce|accuracy|1\n|\n|upkeep\n|turn|23\n|\n|t:|1700511743\n|move|p2a: Ribombee|Aromatherapy|p2a: Ribombee\n|-activate|p2a: Ribombee|move: Aromatherapy\n|-curestatus|p2: Arcanine|par|[msg]\n|move|p1a: Dunsparce|Glare|p2a: Ribombee\n|-status|p2a: Ribombee|par\n|\n|upkeep\n|turn|24\n|\n|t:|1700511750\n|switch|p2a: Toxapex|Toxapex, F|100\/100\n|move|p1a: Dunsparce|Coil|p1a: Dunsparce\n|-boost|p1a: Dunsparce|atk|1\n|-boost|p1a: Dunsparce|def|1\n|-boost|p1a: Dunsparce|accuracy|1\n|\n|upkeep\n|turn|25\n|\n|t:|1700511758\n|move|p1a: Dunsparce|Headbutt|p2a: Toxapex\n|-damage|p2a: Toxapex|73\/100\n|cant|p2a: Toxapex|flinch\n|\n|-heal|p2a: Toxapex|79\/100|[from] item: Leftovers\n|upkeep\n|turn|26\n|\n|t:|1700511766\n|move|p1a: Dunsparce|Headbutt|p2a: Toxapex\n|-damage|p2a: Toxapex|51\/100\n|cant|p2a: Toxapex|flinch\n|\n|-heal|p2a: Toxapex|57\/100|[from] item: Leftovers\n|upkeep\n|turn|27\n|\n|t:|1700511770\n|move|p1a: Dunsparce|Headbutt|p2a: Toxapex\n|-damage|p2a: Toxapex|30\/100\n|cant|p2a: Toxapex|flinch\n|\n|-heal|p2a: Toxapex|37\/100|[from] item: Leftovers\n|upkeep\n|turn|28\n|\n|t:|1700511776\n|move|p1a: Dunsparce|Headbutt|p2a: Toxapex\n|-damage|p2a: Toxapex|12\/100\n|cant|p2a: Toxapex|flinch\n|\n|-heal|p2a: Toxapex|18\/100|[from] item: Leftovers\n|upkeep\n|turn|29\n|c|\u2606Gen70|BRO\n|\n|t:|1700511783\n|move|p2a: Toxapex|Baneful Bunker|p2a: Toxapex\n|-singleturn|p2a: Toxapex|move: Protect\n|move|p1a: Dunsparce|Headbutt|p2a: Toxapex\n|-activate|p2a: Toxapex|move: Protect\n|-status|p1a: Dunsparce|psn\n|\n|-heal|p2a: Toxapex|24\/100|[from] item: Leftovers\n|-damage|p1a: Dunsparce|88\/100 psn|[from] psn\n|upkeep\n|turn|30\n|c|\u2606AligningStars|!dt serene grace\n|raw|<ul class=\"utilichart\"><li class=\"result\"><span class=\"col namecol\"><a href=\"https:\/\/dex.pokemonshowdown.com\/abilities\/serenegrace\">Serene Grace<\/a><\/span> <span class=\"col abilitydesccol\">This Pokemon's moves have their secondary effect chance doubled.<\/span> <\/li><li style=\"clear:both\"><\/li><\/ul>\n|raw|<font size=\"1\"><font color=\"#686868\">Gen:<\/font> 3<\/font>\n\n|c|\u2606Gen70|I know\n|c|\u2606Gen70|Still\n|\n|t:|1700511798\n|switch|p2a: Metagross|Metagross, shiny|89\/100\n|move|p1a: Dunsparce|Headbutt|p2a: Metagross\n|-resisted|p2a: Metagross\n|-crit|p2a: Metagross\n|-damage|p2a: Metagross|57\/100\n|\n|-damage|p1a: Dunsparce|76\/100 psn|[from] psn\n|upkeep\n|turn|31\n|\n|t:|1700511808\n|move|p2a: Metagross|Protect|p2a: Metagross\n|-singleturn|p2a: Metagross|Protect\n|move|p1a: Dunsparce|Coil|p1a: Dunsparce\n|-boost|p1a: Dunsparce|atk|1\n|-boost|p1a: Dunsparce|def|1\n|-boost|p1a: Dunsparce|accuracy|1\n|\n|-damage|p1a: Dunsparce|63\/100 psn|[from] psn\n|upkeep\n|turn|32\n|\n|t:|1700511818\n|switch|p2a: Ribombee|Ribombee, M, shiny|82\/100 par\n|move|p1a: Dunsparce|Glare|p2a: Ribombee\n|-fail|p2a: Ribombee|par\n|\n|-damage|p1a: Dunsparce|51\/100 psn|[from] psn\n|upkeep\n|turn|33\n|\n|t:|1700511821\n|move|p2a: Ribombee|Aromatherapy|p2a: Ribombee\n|-activate|p2a: Ribombee|move: Aromatherapy\n|-curestatus|p2a: Ribombee|par|[msg]\n|move|p1a: Dunsparce|Roost|p1a: Dunsparce\n|-heal|p1a: Dunsparce|100\/100 psn\n|-singleturn|p1a: Dunsparce|move: Roost\n|\n|-damage|p1a: Dunsparce|88\/100 psn|[from] psn\n|upkeep\n|turn|34\n|\n|t:|1700511826\n|switch|p2a: Toxapex|Toxapex, F|57\/100\n|move|p1a: Dunsparce|Coil|p1a: Dunsparce\n|-boost|p1a: Dunsparce|atk|1\n|-boost|p1a: Dunsparce|def|1\n|-boost|p1a: Dunsparce|accuracy|1\n|\n|-heal|p2a: Toxapex|64\/100|[from] item: Leftovers\n|-damage|p1a: Dunsparce|76\/100 psn|[from] psn\n|upkeep\n|turn|35\n|\n|t:|1700511829\n|move|p1a: Dunsparce|Headbutt|p2a: Toxapex\n|-damage|p2a: Toxapex|25\/100\n|move|p2a: Toxapex|Haze|p2a: Toxapex\n|-clearallboost\n|\n|-heal|p2a: Toxapex|31\/100|[from] item: Leftovers\n|-damage|p1a: Dunsparce|63\/100 psn|[from] psn\n|upkeep\n|turn|36\n|c|\u2606Gen70|JESUS\n|c|\u2606Gen70|FINALLY\n|\n|t:|1700511841\n|switch|p2a: Arcanine|Arcanine-Hisui, F, shiny|100\/100\n|move|p1a: Dunsparce|Glare|p2a: Arcanine\n|-status|p2a: Arcanine|par\n|\n|-damage|p1a: Dunsparce|51\/100 psn|[from] psn\n|upkeep\n|turn|37\n|\n|t:|1700511848\n|move|p2a: Arcanine|Head Smash|p1a: Dunsparce\n|-damage|p1a: Dunsparce|0 fnt\n|faint|p1a: Dunsparce\n|\n|upkeep\n|\n|t:|1700511855\n|switch|p1a: Togekiss|Togekiss, F|100\/100\n|turn|38\n|c|\u2606Gen70|God forsaken dunsparce\n|c|\u2606Gen70|Amazing start though\n|\n|t:|1700511874\n|-terastallize|p1a: Togekiss|Fairy\n|move|p1a: Togekiss|Aura Sphere|p2a: Arcanine\n|-supereffective|p2a: Arcanine\n|-damage|p2a: Arcanine|32\/100 par\n|cant|p2a: Arcanine|par\n|\n|upkeep\n|turn|39\n|\n|t:|1700511883\n|switch|p2a: Toxapex|Toxapex, F|65\/100\n|move|p1a: Togekiss|Aura Sphere|p2a: Toxapex\n|-resisted|p2a: Toxapex\n|-damage|p2a: Toxapex|53\/100\n|\n|-heal|p2a: Toxapex|59\/100|[from] item: Leftovers\n|upkeep\n|turn|40\n|\n|t:|1700511896\n|move|p2a: Toxapex|Baneful Bunker|p2a: Toxapex\n|-singleturn|p2a: Toxapex|move: Protect\n|move|p1a: Togekiss|Air Slash|p2a: Toxapex\n|-activate|p2a: Toxapex|move: Protect\n|\n|-heal|p2a: Toxapex|65\/100|[from] item: Leftovers\n|upkeep\n|turn|41\n|c|\u2606AligningStars|now its togekiss turn\n|\n|t:|1700511908\n|switch|p2a: Metagross|Metagross, shiny|57\/100\n|move|p1a: Togekiss|Air Slash|p2a: Metagross|[miss]\n|-miss|p1a: Togekiss|p2a: Metagross\n|\n|upkeep\n|turn|42\n|c|\u2606Gen70|Please God no\n|\n|t:|1700511916\n|move|p2a: Metagross|Bullet Punch|p1a: Togekiss\n|-supereffective|p1a: Togekiss\n|-damage|p1a: Togekiss|52\/100\n|move|p1a: Togekiss|Thunder Wave|p2a: Metagross\n|-status|p2a: Metagross|par\n|\n|-heal|p1a: Togekiss|59\/100|[from] item: Leftovers\n|upkeep\n|turn|43\n|\n|t:|1700511924\n|move|p2a: Metagross|Bullet Punch|p1a: Togekiss\n|-supereffective|p1a: Togekiss\n|-damage|p1a: Togekiss|11\/100\n|move|p1a: Togekiss|Air Slash|p2a: Metagross\n|-resisted|p2a: Metagross\n|-damage|p2a: Metagross|31\/100 par\n|\n|-heal|p1a: Togekiss|18\/100|[from] item: Leftovers\n|upkeep\n|turn|44\n|c|\u2606Gen70|Hehehehhe\n|\n|t:|1700511930\n|switch|p1a: Gengar|Gengar, F|45\/100\n|move|p2a: Metagross|Bullet Punch|p1a: Gengar\n|-damage|p1a: Gengar|7\/100\n|\n|-heal|p1a: Gengar|13\/100|[from] item: Black Sludge\n|upkeep\n|turn|45\n|c|\u2606Gen70|My turn\n|c|\u2606AligningStars|bruj chhat gpt sucks\n|\n|t:|1700511949\n|move|p2a: Metagross|Bullet Punch|p1a: Gengar\n|-damage|p1a: Gengar|0 fnt\n|faint|p1a: Gengar\n|\n|upkeep\n|\n|t:|1700511952\n|switch|p1a: Lopunny|Lopunny, F|100\/100\n|turn|46\n|c|\u2606Gen70|Ggs\n|\n|t:|1700511962\n|move|p2a: Metagross|Protect|p2a: Metagross\n|-singleturn|p2a: Metagross|Protect\n|move|p1a: Lopunny|Substitute|p1a: Lopunny\n|-start|p1a: Lopunny|Substitute\n|-damage|p1a: Lopunny|76\/100\n|\n|upkeep\n|turn|47\n|\n|t:|1700511970\n|switch|p2a: Toxapex|Toxapex, F|99\/100\n|move|p1a: Lopunny|Encore||[still]\n|-fail|p1a: Lopunny\n|\n|-heal|p2a: Toxapex|100\/100|[from] item: Leftovers\n|upkeep\n|turn|48\n|\n|t:|1700511979\n|move|p2a: Toxapex|Baneful Bunker|p2a: Toxapex\n|-singleturn|p2a: Toxapex|move: Protect\n|move|p1a: Lopunny|Thunder Wave|p2a: Toxapex\n|-activate|p2a: Toxapex|move: Protect\n|\n|upkeep\n|turn|49\n|\n|t:|1700511985\n|switch|p2a: Ribombee|Ribombee, M, shiny|82\/100\n|move|p1a: Lopunny|Thunder Wave|p2a: Ribombee\n|-status|p2a: Ribombee|par\n|\n|upkeep\n|turn|50\n|\n|t:|1700511990\n|switch|p1a: Togekiss|Togekiss, F, tera:Fairy|18\/100\n|move|p2a: Ribombee|Aromatherapy|p2a: Ribombee\n|-activate|p2a: Ribombee|move: Aromatherapy\n|-curestatus|p2a: Ribombee|par|[msg]\n|-curestatus|p2: Arcanine|par|[msg]\n|-curestatus|p2: Metagross|par|[msg]\n|\n|-heal|p1a: Togekiss|24\/100|[from] item: Leftovers\n|upkeep\n|turn|51\n|c|\u2606Gen70|The funny bee\n|c|\u2606AligningStars|pra pls\n|\n|t:|1700512005\n|switch|p2a: Arcanine|Arcanine-Hisui, F, shiny|32\/100\n|move|p1a: Togekiss|Thunder Wave|p2a: Arcanine|[miss]\n|-miss|p1a: Togekiss|p2a: Arcanine\n|\n|-heal|p1a: Togekiss|30\/100|[from] item: Leftovers\n|upkeep\n|turn|52\n|c|\u2606Gen70|HEHEHEHE\n|\n|t:|1700512014\n|move|p2a: Arcanine|Head Smash|p1a: Togekiss\n|-damage|p1a: Togekiss|0 fnt\n|faint|p1a: Togekiss\n|\n|upkeep\n|-message|AligningStars forfeited.\n|\n|win|Gen70\n|raw|AligningStars's rating: 1138 &rarr; <strong>1106<\/strong><br \/>(-32 for losing)\n|raw|Gen70's rating: 1032 &rarr; <strong>1078<\/strong><br \/>(+46 for winning)\n|l|\u2606AligningStars\n","uploadtime":1700511946,"views":2,"p1id":"aligningstars","p2id":"gen70","formatid":"gen9nationaldex","rating":1078,"private":0,"password":""}