{"id":"gen9nationaldex-1992128140","p1":"john55ar","p2":"NikDaStik","format":"[Gen 9] National Dex","log":"|j|\u2606john55ar\n|j|\u2606NikDaStik\n|t:|1700157372\n|gametype|singles\n|player|p1|john55ar|ash-kalos|1013\n|player|p2|NikDaStik|giovanni|1000\n|teamsize|p1|6\n|teamsize|p2|3\n|gen|9\n|tier|[Gen 9] National Dex\n|rated|\n|rule|HP Percentage Mod: HP is shown in percentages\n|rule|Endless Battle Clause: Forcing endless battles is banned\n|rule|OHKO Clause: OHKO moves are banned\n|rule|Evasion Clause: Evasion abilities, items, and moves are banned\n|rule|Evasion Abilities Clause: Evasion abilities are banned\n|rule|Evasion Items Clause: Evasion items are banned\n|rule|Evasion Moves Clause: Evasion moves are banned\n|rule|Species Clause: Limit one of each Pok\u00e9mon\n|rule|Sleep Clause Mod: Limit one foe put to sleep\n|clearpoke\n|poke|p1|Excadrill, F|\n|poke|p1|Volcarona, F|\n|poke|p1|Tyranitar, F|\n|poke|p1|Metagross|\n|poke|p1|Ampharos, M|\n|poke|p1|Feraligatr, M|\n|poke|p2|Galvantula, M|\n|poke|p2|Pikachu-Alola, M|\n|poke|p2|Slaking, M|\n|teampreview\n|c|\u2606john55ar|My Pikachu\n|c|\u2606john55ar|Why you\n|c|\u2606NikDaStik|\u2026\n|c|\u2606john55ar|Sorry Pikachu\n|\n|t:|1700157401\n|start\n|switch|p1a: Tyranitar|Tyranitar, F, shiny|100\/100\n|switch|p2a: Slaking|Slaking, M|100\/100\n|-weather|Sandstorm|[from] ability: Sand Stream|[of] p1a: Tyranitar\n|turn|1\n|\n|t:|1700157410\n|move|p2a: Slaking|Hammer Arm|p1a: Tyranitar\n|-supereffective|p1a: Tyranitar\n|-damage|p1a: Tyranitar|0 fnt\n|-unboost|p2a: Slaking|spe|1\n|faint|p1a: Tyranitar\n|\n|-weather|Sandstorm|[upkeep]\n|-damage|p2a: Slaking|94\/100|[from] Sandstorm\n|upkeep\n|\n|t:|1700157419\n|switch|p1a: Metagross|Metagross, shiny|100\/100\n|turn|2\n|\n|t:|1700157425\n|cant|p2a: Slaking|ability: Truant\n|move|p1a: Metagross|Meteor Mash|p2a: Slaking\n|-damage|p2a: Slaking|57\/100\n|-enditem|p2a: Slaking|Eject Button\n|\n|t:|1700157431\n|switch|p2a: Galvantula|Galvantula, M|100\/100\n|\n|-weather|Sandstorm|[upkeep]\n|-damage|p2a: Galvantula|94\/100|[from] Sandstorm\n|upkeep\n|turn|3\n|\n|t:|1700157441\n|move|p2a: Galvantula|Sticky Web|p1a: Metagross\n|-sidestart|p1: john55ar|move: Sticky Web\n|move|p1a: Metagross|Earthquake|p2a: Galvantula\n|-damage|p2a: Galvantula|39\/100\n|\n|-weather|Sandstorm|[upkeep]\n|-damage|p2a: Galvantula|33\/100|[from] Sandstorm\n|upkeep\n|turn|4\n|\n|t:|1700157448\n|move|p2a: Galvantula|Light Screen|p2a: Galvantula\n|-sidestart|p2: NikDaStik|move: Light Screen\n|move|p1a: Metagross|Earthquake|p2a: Galvantula\n|-damage|p2a: Galvantula|0 fnt\n|faint|p2a: Galvantula\n|\n|-weather|Sandstorm|[upkeep]\n|upkeep\n|\n|t:|1700157451\n|switch|p2a: Pikachu|Pikachu-Alola, M|100\/100\n|turn|5\n|\n|t:|1700157464\n|move|p2a: Pikachu|Nasty Plot|p2a: Pikachu\n|-boost|p2a: Pikachu|spa|2\n|move|p1a: Metagross|Earthquake|p2a: Pikachu\n|-supereffective|p2a: Pikachu\n|-damage|p2a: Pikachu|0 fnt\n|faint|p2a: Pikachu\n|\n|-weather|none\n|upkeep\n|c|\u2606NikDaStik|He\u2019s mine now\n|c|\u2606john55ar|Sorry Pikachu\n|c|\u2606NikDaStik|NOOOOOO\n|c|\u2606john55ar|No mine\n|\n|t:|1700157476\n|switch|p2a: Slaking|Slaking, M|57\/100\n|turn|6\n|\n|t:|1700157485\n|move|p2a: Slaking|Earthquake|p1a: Metagross\n|-supereffective|p1a: Metagross\n|-damage|p1a: Metagross|41\/100\n|move|p1a: Metagross|Meteor Mash|p2a: Slaking\n|-damage|p2a: Slaking|13\/100\n|\n|upkeep\n|turn|7\n|c|\u2606NikDaStik|Gg haha\n|\n|t:|1700157492\n|-terastallize|p2a: Slaking|Normal\n|cant|p2a: Slaking|ability: Truant\n|move|p1a: Metagross|Grass Knot|p2a: Slaking\n|-damage|p2a: Slaking|3\/100\n|\n|upkeep\n|turn|8\n|\n|t:|1700157501\n|move|p2a: Slaking|Hammer Arm|p1a: Metagross\n|-damage|p1a: Metagross|10\/100\n|-unboost|p2a: Slaking|spe|1\n|move|p1a: Metagross|Meteor Mash|p2a: Slaking\n|-crit|p2a: Slaking\n|-damage|p2a: Slaking|0 fnt\n|faint|p2a: Slaking\n|\n|win|john55ar\n|raw|john55ar's rating: 1013 &rarr; <strong>1050<\/strong><br \/>(+37 for winning)\n|raw|NikDaStik's rating: 1000 &rarr; <strong>1000<\/strong><br \/>(+0 for losing)\n","uploadtime":1700157513,"views":20,"p1id":"john55ar","p2id":"nikdastik","formatid":"gen9nationaldex","rating":1000,"private":0,"password":""}