{"id":"gen9nationaldex-1996488962","p1":"GreninjaFam","p2":"221savage","format":"[Gen 9] National Dex","log":"|html|<div class=\"broadcast-blue\"><strong>[Gen 9] National Dex is currently suspecting Sneasler! For information on how to participate check out the <a href=\"https:\/\/www.smogon.com\/forums\/threads\/sv-national-dex-suspect-8-just-dance.3731534\/\">suspect thread<\/a>.<\/strong><\/div>\n|j|\u2606GreninjaFam\n|j|\u2606221savage\n|t:|1700686945\n|gametype|singles\n|player|p1|GreninjaFam|hilda|1401\n|player|p2|221savage|266|1449\n|teamsize|p1|6\n|teamsize|p2|6\n|gen|9\n|tier|[Gen 9] National Dex\n|rated|\n|rule|HP Percentage Mod: HP is shown in percentages\n|rule|Endless Battle Clause: Forcing endless battles is banned\n|rule|OHKO Clause: OHKO moves are banned\n|rule|Evasion Clause: Evasion abilities, items, and moves are banned\n|rule|Evasion Abilities Clause: Evasion abilities are banned\n|rule|Evasion Items Clause: Evasion items are banned\n|rule|Evasion Moves Clause: Evasion moves are banned\n|rule|Species Clause: Limit one of each Pok\u00e9mon\n|rule|Sleep Clause Mod: Limit one foe put to sleep\n|clearpoke\n|poke|p1|Beedrill, M|\n|poke|p1|Samurott-Hisui, F|\n|poke|p1|Hatterene, F|\n|poke|p1|Garchomp, M|\n|poke|p1|Celesteela|\n|poke|p1|Zoroark-Hisui, F|\n|poke|p2|Blastoise, M|\n|poke|p2|Banette, F|\n|poke|p2|Machamp, F|\n|poke|p2|Darmanitan, M|\n|poke|p2|Tsareena, F|\n|poke|p2|Toxtricity, M|\n|teampreview\n|\n|t:|1700686961\n|start\n|switch|p1a: Garchomp|Garchomp, M|100\/100\n|switch|p2a: Tsareena|Tsareena, F|100\/100\n|turn|1\n|\n|t:|1700686970\n|replace|p1a: Zoroark|Zoroark-Hisui, F\n|-end|p1a: Zoroark|Illusion\n|-zpower|p1a: Zoroark\n|move|p1a: Zoroark|Breakneck Blitz|p2a: Tsareena|[zeffect]\n|-damage|p2a: Tsareena|33\/100\n|move|p2a: Tsareena|Triple Axel|p1a: Zoroark\n|-damage|p1a: Zoroark|84\/100\n|-damage|p1a: Zoroark|56\/100\n|-damage|p1a: Zoroark|13\/100\n|-hitcount|p1a: Zoroark|3\n|\n|upkeep\n|turn|2\n|c|\u2606221savage|bruh\n|\n|t:|1700686992\n|move|p1a: Zoroark|Bitter Malice|p2a: Tsareena\n|-damage|p2a: Tsareena|2\/100\n|-unboost|p2a: Tsareena|atk|1\n|move|p2a: Tsareena|Triple Axel|p1a: Zoroark\n|-damage|p1a: Zoroark|3\/100\n|-damage|p1a: Zoroark|0 fnt\n|faint|p1a: Zoroark\n|-hitcount|p1: Zoroark|2\n|\n|upkeep\n|c|\u2606221savage|double bruh\n|\n|t:|1700687004\n|switch|p1a: Beedrill|Beedrill, M|100\/100\n|turn|3\n|\n|t:|1700687027\n|switch|p2a: Banette|Banette, F|100\/100\n|detailschange|p1a: Beedrill|Beedrill-Mega, M\n|-mega|p1a: Beedrill|Beedrill|Beedrillite\n|move|p1a: Beedrill|Fell Stinger|p2a: Banette\n|-resisted|p2a: Banette\n|-damage|p2a: Banette|74\/100\n|\n|upkeep\n|turn|4\n|\n|t:|1700687036\n|-activate|p1a: Beedrill|move: Pursuit\n|detailschange|p2a: Banette|Banette-Mega, F\n|-mega|p2a: Banette|Banette|Banettite\n|move|p2a: Banette|Pursuit|p1a: Beedrill|[from]Pursuit\n|-crit|p1a: Beedrill\n|-damage|p1a: Beedrill|0 fnt\n|faint|p1a: Beedrill\n|-hint|A Pokemon can't switch between when it runs out of HP and when it faints\n|\n|upkeep\n|\n|t:|1700687043\n|switch|p1a: Celesteela|Celesteela|100\/100\n|turn|5\n|\n|t:|1700687058\n|move|p2a: Banette|Taunt|p1a: Celesteela\n|-start|p1a: Celesteela|move: Taunt\n|move|p1a: Celesteela|Meteor Beam||[still]\n|-prepare|p1a: Celesteela|Meteor Beam\n|-boost|p1a: Celesteela|spa|1\n|-enditem|p1a: Celesteela|Power Herb\n|-anim|p1a: Celesteela|Meteor Beam|p2a: Banette\n|-damage|p2a: Banette|5\/100\n|\n|upkeep\n|turn|6\n|c|\u2606221savage|YOUCH\n|\n|t:|1700687073\n|switch|p1a: Hatterene|Hatterene, F|100\/100\n|move|p2a: Banette|Destiny Bond|p2a: Banette\n|-singlemove|p2a: Banette|Destiny Bond\n|\n|upkeep\n|turn|7\n|\n|t:|1700687078\n|move|p2a: Banette|Poltergeist|p1a: Hatterene\n|-activate|p1a: Hatterene|move: Poltergeist|Leftovers\n|-supereffective|p1a: Hatterene\n|-damage|p1a: Hatterene|0 fnt\n|faint|p1a: Hatterene\n|\n|upkeep\n|\n|t:|1700687081\n|switch|p1a: Celesteela|Celesteela|100\/100\n|turn|8\n|\n|t:|1700687089\n|move|p2a: Banette|Destiny Bond|p2a: Banette\n|-singlemove|p2a: Banette|Destiny Bond\n|move|p1a: Celesteela|Leech Seed|p2a: Banette\n|-start|p2a: Banette|move: Leech Seed\n|\n|-damage|p2a: Banette|0 fnt|[from] Leech Seed|[of] p1a: Celesteela\n|faint|p2a: Banette\n|upkeep\n|c|\u2606221savage|ok\n|\n|t:|1700687100\n|switch|p2a: Darmanitan|Darmanitan, M|100\/100\n|turn|9\n|\n|t:|1700687107\n|switch|p1a: Garchomp|Garchomp, M|100\/100\n|-terastallize|p2a: Darmanitan|Fire\n|move|p2a: Darmanitan|Flare Blitz|p1a: Garchomp\n|-resisted|p1a: Garchomp\n|-damage|p1a: Garchomp|41\/100\n|-damage|p2a: Darmanitan|88\/100|[from] ability: Rough Skin|[of] p1a: Garchomp\n|-damage|p2a: Darmanitan|68\/100|[from] Recoil\n|\n|upkeep\n|turn|10\n|\n|t:|1700687116\n|move|p2a: Darmanitan|Flare Blitz|p1a: Garchomp\n|-resisted|p1a: Garchomp\n|-damage|p1a: Garchomp|0 fnt\n|-damage|p2a: Darmanitan|56\/100|[from] ability: Rough Skin|[of] p1a: Garchomp\n|faint|p1a: Garchomp\n|-damage|p2a: Darmanitan|42\/100|[from] Recoil\n|\n|upkeep\n|\n|t:|1700687119\n|switch|p1a: Samurott|Samurott-Hisui, F, shiny|100\/100\n|turn|11\n|\n|t:|1700687129\n|move|p1a: Samurott|Sucker Punch|p2a: Darmanitan\n|-damage|p2a: Darmanitan|0 fnt\n|faint|p2a: Darmanitan\n|\n|upkeep\n|\n|t:|1700687133\n|switch|p2a: Tsareena|Tsareena, F|2\/100\n|turn|12\n|\n|t:|1700687137\n|move|p1a: Samurott|Ceaseless Edge|p2a: Tsareena\n|-crit|p2a: Tsareena\n|-damage|p2a: Tsareena|0 fnt\n|-sidestart|p2: 221savage|Spikes\n|faint|p2a: Tsareena\n|\n|upkeep\n|\n|t:|1700687139\n|switch|p2a: Toxtricity|Toxtricity, M|100\/100\n|-damage|p2a: Toxtricity|88\/100|[from] Spikes\n|turn|13\n|\n|t:|1700687147\n|-terastallize|p1a: Samurott|Dark\n|move|p1a: Samurott|Ceaseless Edge|p2a: Toxtricity\n|-damage|p2a: Toxtricity|7\/100\n|-sidestart|p2: 221savage|Spikes\n|move|p2a: Toxtricity|Overdrive|p1a: Samurott\n|-enditem|p1a: Samurott|Focus Sash\n|-damage|p1a: Samurott|1\/100\n|\n|upkeep\n|turn|14\n|\n|t:|1700687156\n|move|p1a: Samurott|Aqua Cutter|p2a: Toxtricity\n|-crit|p2a: Toxtricity\n|-damage|p2a: Toxtricity|0 fnt\n|faint|p2a: Toxtricity\n|\n|upkeep\n|\n|t:|1700687161\n|switch|p2a: Machamp|Machamp, F|100\/100\n|-damage|p2a: Machamp|84\/100|[from] Spikes\n|turn|15\n|\n|t:|1700687163\n|move|p1a: Samurott|Sucker Punch|p2a: Machamp\n|-resisted|p2a: Machamp\n|-damage|p2a: Machamp|60\/100\n|move|p2a: Machamp|Bullet Punch|p1a: Samurott\n|-damage|p1a: Samurott|0 fnt\n|faint|p1a: Samurott\n|-damage|p2a: Machamp|50\/100|[from] item: Life Orb\n|\n|upkeep\n|\n|t:|1700687165\n|switch|p1a: Celesteela|Celesteela|100\/100\n|turn|16\n|\n|t:|1700687168\n|move|p2a: Machamp|Dynamic Punch|p1a: Celesteela\n|-damage|p1a: Celesteela|49\/100\n|-start|p1a: Celesteela|confusion\n|-damage|p2a: Machamp|41\/100|[from] item: Life Orb\n|-activate|p1a: Celesteela|confusion\n|move|p1a: Celesteela|Air Slash|p2a: Machamp\n|-supereffective|p2a: Machamp\n|-damage|p2a: Machamp|0 fnt\n|faint|p2a: Machamp\n|-ability|p1a: Celesteela|Beast Boost|boost\n|-boost|p1a: Celesteela|spa|1\n|\n|upkeep\n|\n|t:|1700687175\n|switch|p2a: Blastoise|Blastoise, M|100\/100\n|-damage|p2a: Blastoise|84\/100|[from] Spikes\n|turn|17\n|\n|t:|1700687178\n|move|p2a: Blastoise|Shell Smash|p2a: Blastoise\n|-unboost|p2a: Blastoise|def|1\n|-unboost|p2a: Blastoise|spd|1\n|-boost|p2a: Blastoise|atk|2\n|-boost|p2a: Blastoise|spa|2\n|-boost|p2a: Blastoise|spe|2\n|-activate|p1a: Celesteela|confusion\n|move|p1a: Celesteela|Air Slash|p2a: Blastoise\n|-damage|p2a: Blastoise|4\/100\n|\n|upkeep\n|turn|18\n|c|\u2606GreninjaFam|wowo\n|\n|t:|1700687186\n|-zpower|p2a: Blastoise\n|move|p2a: Blastoise|All-Out Pummeling|p1a: Celesteela|[zeffect]\n|-damage|p1a: Celesteela|0 fnt\n|faint|p1a: Celesteela\n|\n|win|221savage\n|raw|GreninjaFam's rating: 1401 &rarr; <strong>1385<\/strong><br \/>(-16 for losing)\n|raw|221savage's rating: 1472 &rarr; <strong>1488<\/strong><br \/>(+16 for winning)\n|c|\u2606GreninjaFam|gg wp\n|c|\u2606221savage|gg\n|c|\u2606221savage|that was crazy\n|l|\u2606GreninjaFam\n|j|\u2606GreninjaFam\n|player|p1|GreninjaFam|hilda\n|l|\u2606GreninjaFam\n|player|p1|\n","uploadtime":1700687205,"views":2,"p1id":"greninjafam","p2id":"221savage","formatid":"gen9nationaldex","rating":1385,"private":0,"password":""}