{"id":"gen9nationaldex-1997176934","p1":"AjoFC","p2":"insipido","format":"[Gen 9] National Dex","log":"|html|<div class=\"broadcast-blue\"><strong>[Gen 9] National Dex is currently suspecting Sneasler! For information on how to participate check out the <a href=\"https:\/\/www.smogon.com\/forums\/threads\/sv-national-dex-suspect-8-just-dance.3731534\/\">suspect thread<\/a>.<\/strong><\/div>\n|j|\u2606AjoFC\n|j|\u2606insipido\n|t:|1700772406\n|gametype|singles\n|player|p1|AjoFC|juggler|\n|player|p2|insipido|265|\n|teamsize|p1|6\n|teamsize|p2|6\n|gen|9\n|tier|[Gen 9] National Dex\n|rule|HP Percentage Mod: HP is shown in percentages\n|rule|Endless Battle Clause: Forcing endless battles is banned\n|rule|OHKO Clause: OHKO moves are banned\n|rule|Evasion Clause: Evasion abilities, items, and moves are banned\n|rule|Evasion Abilities Clause: Evasion abilities are banned\n|rule|Evasion Items Clause: Evasion items are banned\n|rule|Evasion Moves Clause: Evasion moves are banned\n|rule|Species Clause: Limit one of each Pok\u00e9mon\n|rule|Sleep Clause Mod: Limit one foe put to sleep\n|clearpoke\n|poke|p1|Maushold-Four|\n|poke|p1|Lopunny, M|\n|poke|p1|Ditto|\n|poke|p1|Porygon-Z|\n|poke|p1|Zoroark-Hisui, F|\n|poke|p1|Dondozo, M|\n|poke|p2|Gyarados, M|\n|poke|p2|Volcarona, F|\n|poke|p2|Chansey, F|\n|poke|p2|Corviknight, F|\n|poke|p2|Iron Valiant|\n|poke|p2|Garganacl, M|\n|teampreview\n|inactive|Battle timer is ON: inactive players will automatically lose when time's up. (requested by AjoFC)\n|inactive|AjoFC has 270 seconds left.\n|\n|t:|1700772445\n|start\n|switch|p1a: OwO|Lopunny, M|100\/100\n|switch|p2a: Chansey|Chansey, F|100\/100\n|turn|1\n|\n|t:|1700772452\n|switch|p2a: Corviknight|Corviknight, F, shiny|100\/100\n|-ability|p2a: Corviknight|Pressure\n|detailschange|p1a: OwO|Lopunny-Mega, M\n|-mega|p1a: OwO|Lopunny|Lopunnite\n|move|p1a: OwO|Fake Out|p2a: Corviknight\n|-resisted|p2a: Corviknight\n|-damage|p2a: Corviknight|92\/100\n|\n|-heal|p2a: Corviknight|98\/100|[from] item: Leftovers\n|upkeep\n|turn|2\n|inactive|AjoFC has 270 seconds left.\n|\n|t:|1700772484\n|switch|p1a: Hola|Dondozo, M|100\/100\n|move|p2a: Corviknight|Iron Defense|p2a: Corviknight\n|-boost|p2a: Corviknight|def|2\n|\n|-heal|p2a: Corviknight|100\/100|[from] item: Leftovers\n|upkeep\n|turn|3\n|inactive|AjoFC has 270 seconds left.\n|\n|t:|1700772494\n|move|p2a: Corviknight|Body Press|p1a: Hola\n|-damage|p1a: Hola|89\/100\n|move|p1a: Hola|Curse|p1a: Hola\n|-unboost|p1a: Hola|spe|1\n|-boost|p1a: Hola|atk|1\n|-boost|p1a: Hola|def|1\n|\n|-heal|p1a: Hola|95\/100|[from] item: Leftovers\n|upkeep\n|turn|4\n|inactive|AjoFC has 270 seconds left.\n|\n|t:|1700772506\n|move|p2a: Corviknight|Iron Defense|p2a: Corviknight\n|-boost|p2a: Corviknight|def|2\n|move|p1a: Hola|Curse|p1a: Hola\n|-unboost|p1a: Hola|spe|1\n|-boost|p1a: Hola|atk|1\n|-boost|p1a: Hola|def|1\n|\n|-heal|p1a: Hola|100\/100|[from] item: Leftovers\n|upkeep\n|turn|5\n|\n|t:|1700772516\n|move|p2a: Corviknight|Iron Defense|p2a: Corviknight\n|-boost|p2a: Corviknight|def|2\n|move|p1a: Hola|Curse|p1a: Hola\n|-unboost|p1a: Hola|spe|1\n|-boost|p1a: Hola|atk|1\n|-boost|p1a: Hola|def|1\n|\n|upkeep\n|turn|6\n|\n|t:|1700772525\n|move|p2a: Corviknight|Body Press|p1a: Hola\n|-damage|p1a: Hola|96\/100\n|move|p1a: Hola|Curse|p1a: Hola\n|-unboost|p1a: Hola|spe|1\n|-boost|p1a: Hola|atk|1\n|-boost|p1a: Hola|def|1\n|\n|-heal|p1a: Hola|100\/100|[from] item: Leftovers\n|upkeep\n|turn|7\n|\n|t:|1700772537\n|move|p2a: Corviknight|Body Press|p1a: Hola\n|-damage|p1a: Hola|96\/100\n|move|p1a: Hola|Aqua Tail|p2a: Corviknight\n|-damage|p2a: Corviknight|33\/100\n|\n|-heal|p2a: Corviknight|39\/100|[from] item: Leftovers\n|-heal|p1a: Hola|100\/100|[from] item: Leftovers\n|upkeep\n|turn|8\n|\n|t:|1700772547\n|move|p2a: Corviknight|Roost|p2a: Corviknight\n|-heal|p2a: Corviknight|89\/100\n|-singleturn|p2a: Corviknight|move: Roost\n|move|p1a: Hola|Curse|p1a: Hola\n|-unboost|p1a: Hola|spe|1\n|-boost|p1a: Hola|atk|1\n|-boost|p1a: Hola|def|1\n|\n|-heal|p2a: Corviknight|95\/100|[from] item: Leftovers\n|upkeep\n|turn|9\n|\n|t:|1700772558\n|move|p2a: Corviknight|Body Press|p1a: Hola\n|-damage|p1a: Hola|96\/100\n|move|p1a: Hola|Curse|p1a: Hola\n|-unboost|p1a: Hola|spe|1\n|-boost|p1a: Hola|atk|1\n|-boost|p1a: Hola|def|1\n|\n|-heal|p2a: Corviknight|100\/100|[from] item: Leftovers\n|-heal|p1a: Hola|100\/100|[from] item: Leftovers\n|upkeep\n|turn|10\n|\n|t:|1700772570\n|move|p2a: Corviknight|Body Press|p1a: Hola\n|-damage|p1a: Hola|97\/100\n|move|p1a: Hola|Aqua Tail|p2a: Corviknight\n|-damage|p2a: Corviknight|13\/100\n|\n|-heal|p2a: Corviknight|19\/100|[from] item: Leftovers\n|-heal|p1a: Hola|100\/100|[from] item: Leftovers\n|upkeep\n|turn|11\n|\n|t:|1700772580\n|move|p2a: Corviknight|Body Press|p1a: Hola\n|-damage|p1a: Hola|97\/100\n|move|p1a: Hola|Aqua Tail|p2a: Corviknight\n|-damage|p2a: Corviknight|0 fnt\n|faint|p2a: Corviknight\n|\n|-heal|p1a: Hola|100\/100|[from] item: Leftovers\n|upkeep\n|\n|t:|1700772582\n|switch|p2a: Chansey|Chansey, F|100\/100\n|turn|12\n|\n|t:|1700772592\n|move|p2a: Chansey|Toxic|p1a: Hola\n|-status|p1a: Hola|tox\n|move|p1a: Hola|Aqua Tail|p2a: Chansey\n|-damage|p2a: Chansey|20\/100\n|\n|-damage|p1a: Hola|94\/100 tox|[from] psn\n|upkeep\n|turn|13\n|\n|t:|1700772601\n|move|p2a: Chansey|Soft-Boiled|p2a: Chansey\n|-heal|p2a: Chansey|70\/100\n|move|p1a: Hola|Aqua Tail|p2a: Chansey\n|-damage|p2a: Chansey|0 fnt\n|faint|p2a: Chansey\n|\n|-heal|p1a: Hola|100\/100 tox|[from] item: Leftovers\n|-damage|p1a: Hola|88\/100 tox|[from] psn\n|upkeep\n|\n|t:|1700772620\n|switch|p2a: Garganacl|Garganacl, M, shiny|100\/100\n|turn|14\n|\n|t:|1700772628\n|-terastallize|p2a: Garganacl|Fairy\n|move|p2a: Garganacl|Iron Defense|p2a: Garganacl\n|-boost|p2a: Garganacl|def|2\n|move|p1a: Hola|Aqua Tail|p2a: Garganacl\n|-damage|p2a: Garganacl|14\/100\n|\n|-heal|p2a: Garganacl|21\/100|[from] item: Leftovers\n|-heal|p1a: Hola|94\/100 tox|[from] item: Leftovers\n|-damage|p1a: Hola|76\/100 tox|[from] psn\n|upkeep\n|turn|15\n|\n|t:|1700772641\n|move|p2a: Garganacl|Recover|p2a: Garganacl\n|-heal|p2a: Garganacl|71\/100\n|move|p1a: Hola|Aqua Tail|p2a: Garganacl\n|-damage|p2a: Garganacl|0 fnt\n|faint|p2a: Garganacl\n|\n|-heal|p1a: Hola|82\/100 tox|[from] item: Leftovers\n|-damage|p1a: Hola|57\/100 tox|[from] psn\n|upkeep\n|\n|t:|1700772648\n|switch|p2a: Volcarona|Volcarona, F, shiny|100\/100\n|turn|16\n|\n|t:|1700772659\n|move|p2a: Volcarona|Giga Drain|p1a: Hola\n|-supereffective|p1a: Hola\n|-damage|p1a: Hola|23\/100 tox\n|move|p1a: Hola|Aqua Tail|p2a: Volcarona\n|-supereffective|p2a: Volcarona\n|-damage|p2a: Volcarona|0 fnt\n|faint|p2a: Volcarona\n|\n|-heal|p1a: Hola|29\/100 tox|[from] item: Leftovers\n|-damage|p1a: Hola|0 fnt|[from] psn\n|faint|p1a: Hola\n|upkeep\n|\n|t:|1700772674\n|switch|p2a: Iron Valiant|Iron Valiant, shiny|100\/100\n|switch|p1a: OwO|Lopunny-Mega, M|100\/100\n|-enditem|p2a: Iron Valiant|Booster Energy\n|-activate|p2a: Iron Valiant|ability: Quark Drive|[fromitem]\n|-start|p2a: Iron Valiant|quarkdrivespe\n|turn|17\n|\n|t:|1700772683\n|move|p1a: OwO|Fake Out|p2a: Iron Valiant\n|-damage|p2a: Iron Valiant|74\/100\n|cant|p2a: Iron Valiant|flinch\n|\n|upkeep\n|turn|18\n|\n|t:|1700772693\n|switch|p1a: SOY TU XD|Ditto|100\/100\n|-transform|p1a: SOY TU XD|p2a: Iron Valiant|[from] ability: Imposter\n|move|p2a: Iron Valiant|Substitute|p2a: Iron Valiant\n|-start|p2a: Iron Valiant|Substitute\n|-damage|p2a: Iron Valiant|49\/100\n|\n|upkeep\n|turn|19\n|\n|t:|1700772708\n|move|p2a: Iron Valiant|Spirit Break|p1a: SOY TU XD\n|-supereffective|p1a: SOY TU XD\n|-enditem|p1a: SOY TU XD|Focus Sash\n|-damage|p1a: SOY TU XD|1\/100\n|-unboost|p1a: SOY TU XD|spa|1\n|move|p1a: SOY TU XD|Spirit Break|p2a: Iron Valiant\n|-supereffective|p2a: Iron Valiant\n|-crit|p2a: Iron Valiant\n|-end|p2a: Iron Valiant|Substitute\n|\n|upkeep\n|turn|20\n|\n|t:|1700772720\n|move|p2a: Iron Valiant|Knock Off|p1a: SOY TU XD\n|-resisted|p1a: SOY TU XD\n|-damage|p1a: SOY TU XD|0 fnt\n|faint|p1a: SOY TU XD\n|-end|p1a: SOY TU XD|Quark Drive|[silent]\n|\n|upkeep\n|\n|t:|1700772725\n|switch|p1a: OwO|Lopunny-Mega, M|100\/100\n|turn|21\n|\n|t:|1700772728\n|move|p1a: OwO|Fake Out|p2a: Iron Valiant\n|-damage|p2a: Iron Valiant|20\/100\n|cant|p2a: Iron Valiant|flinch\n|\n|upkeep\n|turn|22\n|j| Gamer00ooO\n|\n|t:|1700772738\n|move|p2a: Iron Valiant|Close Combat|p1a: OwO\n|-supereffective|p1a: OwO\n|-damage|p1a: OwO|0 fnt\n|-unboost|p2a: Iron Valiant|def|1\n|-unboost|p2a: Iron Valiant|spd|1\n|faint|p1a: OwO\n|\n|upkeep\n|c| Gamer00ooO|Hola\n|\n|t:|1700772745\n|switch|p1a: Harvest|Maushold-Four|100\/100\n|turn|23\n|\n|t:|1700772754\n|move|p2a: Iron Valiant|Close Combat|p1a: Harvest\n|-immune|p1a: Harvest\n|move|p1a: Harvest|Shadow Ball|p2a: Iron Valiant\n|-damage|p2a: Iron Valiant|0 fnt\n|faint|p2a: Iron Valiant\n|-end|p2a: Iron Valiant|Quark Drive|[silent]\n|\n|upkeep\n|\n|t:|1700772759\n|switch|p2a: Gyarados|Gyarados, M, shiny|100\/100\n|-ability|p2a: Gyarados|Intimidate|boost\n|-unboost|p1a: Harvest|atk|1\n|turn|24\n|\n|t:|1700772780\n|move|p1a: Harvest|Shadow Ball|p2a: Gyarados\n|-crit|p2a: Gyarados\n|-damage|p2a: Gyarados|35\/100\n|move|p2a: Gyarados|Dragon Dance|p2a: Gyarados\n|-boost|p2a: Gyarados|atk|1\n|-boost|p2a: Gyarados|spe|1\n|\n|upkeep\n|turn|25\n|\n|t:|1700772788\n|detailschange|p2a: Gyarados|Gyarados-Mega, M, shiny\n|-mega|p2a: Gyarados|Gyarados|Gyaradosite\n|-ability|p2a: Gyarados|Mold Breaker\n|move|p2a: Gyarados|Crunch|p1a: Harvest\n|-supereffective|p1a: Harvest\n|-enditem|p1a: Harvest|Focus Sash\n|-damage|p1a: Harvest|1\/100\n|replace|p1a: MONDONGO|Zoroark-Hisui, F\n|-end|p1a: MONDONGO|Illusion\n|move|p1a: MONDONGO|Shadow Ball|p2a: Gyarados\n|-resisted|p2a: Gyarados\n|-damage|p2a: Gyarados|18\/100\n|\n|upkeep\n|turn|26\n|\n|t:|1700772802\n|move|p2a: Gyarados|Crunch|p1a: MONDONGO\n|-supereffective|p1a: MONDONGO\n|-damage|p1a: MONDONGO|0 fnt\n|faint|p1a: MONDONGO\n|\n|upkeep\n|\n|t:|1700772812\n|switch|p1a: Harvest|Maushold-Four|100\/100\n|turn|27\n|\n|t:|1700772821\n|-terastallize|p1a: Harvest|Fairy\n|move|p2a: Gyarados|Waterfall|p1a: Harvest\n|-damage|p1a: Harvest|0 fnt\n|faint|p1a: Harvest\n|\n|upkeep\n|\n|t:|1700772831\n|switch|p1a: Spamton|Porygon-Z|100\/100\n|turn|28\n|\n|t:|1700772837\n|move|p2a: Gyarados|Waterfall|p1a: Spamton\n|-damage|p1a: Spamton|0 fnt\n|faint|p1a: Spamton\n|\n|win|insipido\n|c|\u2606AjoFC|GG\n|c|\u2606insipido|GG\n|l|\u2606AjoFC\n","uploadtime":1700772854,"views":11,"p1id":"ajofc","p2id":"insipido","formatid":"gen9nationaldex","rating":0,"private":0,"password":""}