{"id":"gen9nationaldex-1989593210","p1":"JWZ456","p2":"ACATM","format":"[Gen 9] National Dex","log":"|j|\u203dJWZ456\n|j|\u2606ACATM\n|t:|1699876197\n|gametype|singles\n|player|p1|JWZ456|102|1539\n|player|p2|ACATM|lillie|1674\n|teamsize|p1|6\n|teamsize|p2|6\n|gen|9\n|tier|[Gen 9] National Dex\n|rated|\n|rule|HP Percentage Mod: HP is shown in percentages\n|rule|Endless Battle Clause: Forcing endless battles is banned\n|rule|OHKO Clause: OHKO moves are banned\n|rule|Evasion Clause: Evasion abilities, items, and moves are banned\n|rule|Evasion Abilities Clause: Evasion abilities are banned\n|rule|Evasion Items Clause: Evasion items are banned\n|rule|Evasion Moves Clause: Evasion moves are banned\n|rule|Species Clause: Limit one of each Pok\u00e9mon\n|rule|Sleep Clause Mod: Limit one foe put to sleep\n|clearpoke\n|poke|p1|Alomomola, M|\n|poke|p1|Breloom, M|\n|poke|p1|Aegislash, M|\n|poke|p1|Rotom-Heat|\n|poke|p1|Enamorus, F|\n|poke|p1|Tyranitar, F|\n|poke|p2|Banette, F|\n|poke|p2|Heatran, F|\n|poke|p2|Tapu Lele|\n|poke|p2|Sneasler, M|\n|poke|p2|Ogerpon-Wellspring, F|\n|poke|p2|Great Tusk|\n|teampreview\n|\n|t:|1699876228\n|start\n|switch|p1a: Breloom|Breloom, M|100\/100\n|switch|p2a: Banette|Banette, F|100\/100\n|-item|p1a: Breloom|Focus Sash|[from] ability: Frisk|[of] p2a: Banette|[identify]\n|turn|1\n|\n|t:|1699876238\n|detailschange|p2a: Banette|Banette-Mega, F\n|-mega|p2a: Banette|Banette|Banettite\n|move|p2a: Banette|Taunt|p1a: Breloom\n|-start|p1a: Breloom|move: Taunt\n|move|p1a: Breloom|Bullet Seed|p2a: Banette\n|-damage|p2a: Banette|72\/100\n|-damage|p2a: Banette|44\/100\n|-hitcount|p2a: Banette|2\n|\n|upkeep\n|turn|2\n|\n|t:|1699876254\n|switch|p1a: Tyranitar|Tyranitar, F|100\/100\n|-weather|Sandstorm|[from] ability: Sand Stream|[of] p1a: Tyranitar\n|move|p2a: Banette|Will-O-Wisp|p1a: Tyranitar\n|-hint|Since gen 7, Dark is immune to Prankster moves.\n|-immune|p1a: Tyranitar\n|\n|-weather|Sandstorm|[upkeep]\n|-damage|p2a: Banette|38\/100|[from] Sandstorm\n|upkeep\n|turn|3\n|\n|t:|1699876264\n|switch|p1a: Rotom|Rotom-Heat|100\/100\n|move|p2a: Banette|Destiny Bond|p2a: Banette\n|-singlemove|p2a: Banette|Destiny Bond\n|\n|-weather|Sandstorm|[upkeep]\n|-damage|p1a: Rotom|95\/100|[from] Sandstorm\n|-damage|p2a: Banette|32\/100|[from] Sandstorm\n|upkeep\n|turn|4\n|\n|t:|1699876271\n|move|p1a: Rotom|Volt Switch|p2a: Banette\n|-damage|p2a: Banette|0 fnt\n|faint|p2a: Banette\n|-activate|p2a: Banette|move: Destiny Bond\n|faint|p1a: Rotom\n|\n|-weather|Sandstorm|[upkeep]\n|upkeep\n|\n|t:|1699876285\n|switch|p1a: Alomomola|Alomomola, M, shiny|100\/100\n|switch|p2a: Tapu Lele|Tapu Lele|100\/100\n|-fieldstart|move: Psychic Terrain|[from] ability: Psychic Surge|[of] p2a: Tapu Lele\n|turn|5\n|inactive|Battle timer is ON: inactive players will automatically lose when time's up. (requested by ACATM)\n|\n|t:|1699876291\n|switch|p1a: Aegislash|Aegislash, M|100\/100\n|move|p2a: Tapu Lele|Future Sight|p1a: Aegislash\n|-start|p2a: Tapu Lele|move: Future Sight\n|\n|-weather|Sandstorm|[upkeep]\n|-damage|p2a: Tapu Lele|94\/100|[from] Sandstorm\n|upkeep\n|turn|6\n|\n|t:|1699876300\n|switch|p2a: Ogerpon|Ogerpon-Wellspring, F|100\/100\n|move|p1a: Aegislash|Substitute|p1a: Aegislash\n|-start|p1a: Aegislash|Substitute\n|-damage|p1a: Aegislash|76\/100\n|\n|-weather|none\n|-heal|p1a: Aegislash|82\/100|[from] item: Leftovers\n|upkeep\n|turn|7\n|\n|t:|1699876305\n|move|p2a: Ogerpon|Knock Off|p1a: Aegislash\n|-supereffective|p1a: Aegislash\n|-end|p1a: Aegislash|Substitute\n|-formechange|p1a: Aegislash|Aegislash-Blade||[from] ability: Stance Change\n|move|p1a: Aegislash|Shadow Ball|p2a: Ogerpon\n|-damage|p2a: Ogerpon|54\/100\n|\n|-end|p1a: Aegislash|move: Future Sight\n|-resisted|p1a: Aegislash\n|-damage|p1a: Aegislash|34\/100\n|-heal|p1a: Aegislash|40\/100|[from] item: Leftovers\n|upkeep\n|turn|8\n|\n|t:|1699876318\n|-formechange|p1a: Aegislash|Aegislash||[from] ability: Stance Change\n|move|p1a: Aegislash|King's Shield|p1a: Aegislash\n|-singleturn|p1a: Aegislash|Protect\n|move|p2a: Ogerpon|Knock Off|p1a: Aegislash\n|-activate|p1a: Aegislash|move: Protect\n|-unboost|p2a: Ogerpon|atk|1\n|\n|-heal|p1a: Aegislash|47\/100|[from] item: Leftovers\n|upkeep\n|turn|9\n|\n|t:|1699876322\n|switch|p1a: Tyranitar|Tyranitar, F|100\/100\n|-weather|Sandstorm|[from] ability: Sand Stream|[of] p1a: Tyranitar\n|move|p2a: Ogerpon|Knock Off|p1a: Tyranitar\n|-resisted|p1a: Tyranitar\n|-damage|p1a: Tyranitar|93\/100\n|\n|-weather|Sandstorm|[upkeep]\n|-damage|p2a: Ogerpon|48\/100|[from] Sandstorm\n|-fieldend|move: Psychic Terrain\n|upkeep\n|turn|10\n|\n|t:|1699876327\n|detailschange|p1a: Tyranitar|Tyranitar-Mega, F\n|-mega|p1a: Tyranitar|Tyranitar|Tyranitarite\n|move|p2a: Ogerpon|Horn Leech|p1a: Tyranitar\n|-supereffective|p1a: Tyranitar\n|-damage|p1a: Tyranitar|56\/100\n|-heal|p2a: Ogerpon|73\/100|[from] drain|[of] p1a: Tyranitar\n|move|p1a: Tyranitar|Dragon Dance|p1a: Tyranitar\n|-boost|p1a: Tyranitar|atk|1\n|-boost|p1a: Tyranitar|spe|1\n|\n|-weather|Sandstorm|[upkeep]\n|-damage|p2a: Ogerpon|67\/100|[from] Sandstorm\n|upkeep\n|turn|11\n|\n|t:|1699876336\n|switch|p2a: Great Tusk|Great Tusk|100\/100\n|-enditem|p2a: Great Tusk|Booster Energy\n|-activate|p2a: Great Tusk|ability: Protosynthesis|[fromitem]\n|-start|p2a: Great Tusk|protosynthesisspe\n|move|p1a: Tyranitar|Knock Off|p2a: Great Tusk\n|-resisted|p2a: Great Tusk\n|-damage|p2a: Great Tusk|84\/100\n|\n|-weather|Sandstorm|[upkeep]\n|upkeep\n|turn|12\n|\n|t:|1699876350\n|switch|p1a: Alomomola|Alomomola, M, shiny|100\/100\n|move|p2a: Great Tusk|Bulk Up|p2a: Great Tusk\n|-boost|p2a: Great Tusk|atk|1\n|-boost|p2a: Great Tusk|def|1\n|\n|-weather|Sandstorm|[upkeep]\n|-damage|p1a: Alomomola|94\/100|[from] Sandstorm\n|upkeep\n|turn|13\n|\n|t:|1699876356\n|move|p2a: Great Tusk|Bulk Up|p2a: Great Tusk\n|-boost|p2a: Great Tusk|atk|1\n|-boost|p2a: Great Tusk|def|1\n|move|p1a: Alomomola|Toxic|p2a: Great Tusk\n|-status|p2a: Great Tusk|tox\n|\n|-weather|none\n|-damage|p2a: Great Tusk|78\/100 tox|[from] psn\n|upkeep\n|turn|14\n|\n|t:|1699876359\n|move|p2a: Great Tusk|Bulk Up|p2a: Great Tusk\n|-boost|p2a: Great Tusk|atk|1\n|-boost|p2a: Great Tusk|def|1\n|move|p1a: Alomomola|Wish|p1a: Alomomola\n|\n|-damage|p2a: Great Tusk|65\/100 tox|[from] psn\n|upkeep\n|turn|15\n|\n|t:|1699876365\n|move|p2a: Great Tusk|Bulk Up|p2a: Great Tusk\n|-boost|p2a: Great Tusk|atk|1\n|-boost|p2a: Great Tusk|def|1\n|move|p1a: Alomomola|Flip Turn|p2a: Great Tusk\n|-supereffective|p2a: Great Tusk\n|-damage|p2a: Great Tusk|58\/100 tox\n|\n|t:|1699876374\n|switch|p1a: Tyranitar|Tyranitar-Mega, F|56\/100|[from] Flip Turn\n|-weather|Sandstorm|[from] ability: Sand Stream|[of] p1a: Tyranitar\n|\n|-weather|Sandstorm|[upkeep]\n|-heal|p1a: Tyranitar|100\/100|[from] move: Wish|[wisher] Alomomola\n|-damage|p2a: Great Tusk|40\/100 tox|[from] psn\n|upkeep\n|turn|16\n|\n|t:|1699876387\n|switch|p1a: Enamorus|Enamorus, F|100\/100\n|move|p2a: Great Tusk|Ice Spinner|p1a: Enamorus\n|-supereffective|p1a: Enamorus\n|-damage|p1a: Enamorus|0 fnt\n|faint|p1a: Enamorus\n|\n|-weather|Sandstorm|[upkeep]\n|-damage|p2a: Great Tusk|15\/100 tox|[from] psn\n|upkeep\n|\n|t:|1699876394\n|switch|p1a: Alomomola|Alomomola, M, shiny|100\/100\n|turn|17\n|\n|t:|1699876406\n|-end|p2a: Great Tusk|Protosynthesis|[silent]\n|switch|p2a: Ogerpon|Ogerpon-Wellspring, F|67\/100\n|move|p1a: Alomomola|Protect||[still]\n|-fail|p1a: Alomomola\n|\n|-weather|Sandstorm|[upkeep]\n|-damage|p2a: Ogerpon|61\/100|[from] Sandstorm\n|-damage|p1a: Alomomola|94\/100|[from] Sandstorm\n|upkeep\n|turn|18\n|\n|t:|1699876412\n|move|p2a: Ogerpon|Swords Dance|p2a: Ogerpon\n|-boost|p2a: Ogerpon|atk|2\n|move|p1a: Alomomola|Toxic|p2a: Ogerpon\n|-status|p2a: Ogerpon|tox\n|\n|-weather|Sandstorm|[upkeep]\n|-damage|p2a: Ogerpon|55\/100 tox|[from] Sandstorm\n|-damage|p1a: Alomomola|88\/100|[from] Sandstorm\n|-damage|p2a: Ogerpon|49\/100 tox|[from] psn\n|upkeep\n|turn|19\n|\n|t:|1699876418\n|move|p2a: Ogerpon|Horn Leech|p1a: Alomomola\n|-supereffective|p1a: Alomomola\n|-damage|p1a: Alomomola|0 fnt\n|-heal|p2a: Ogerpon|100\/100 tox|[from] drain|[of] p1a: Alomomola\n|-damage|p2a: Ogerpon|84\/100 tox|[from] item: Rocky Helmet|[of] p1a: Alomomola\n|faint|p1a: Alomomola\n|\n|-weather|none\n|-damage|p2a: Ogerpon|72\/100 tox|[from] psn\n|upkeep\n|\n|t:|1699876422\n|switch|p1a: Breloom|Breloom, M|100\/100\n|turn|20\n|\n|t:|1699876428\n|move|p2a: Ogerpon|Ivy Cudgel|p1a: Breloom\n|-resisted|p1a: Breloom\n|-damage|p1a: Breloom|15\/100\n|move|p1a: Breloom|Bullet Seed|p2a: Ogerpon\n|-damage|p2a: Ogerpon|45\/100 tox\n|-damage|p2a: Ogerpon|15\/100 tox\n|-hitcount|p2a: Ogerpon|2\n|\n|-damage|p2a: Ogerpon|0 fnt|[from] psn\n|faint|p2a: Ogerpon\n|upkeep\n|\n|t:|1699876436\n|switch|p2a: Tapu Lele|Tapu Lele|94\/100\n|-fieldstart|move: Psychic Terrain|[from] ability: Psychic Surge|[of] p2a: Tapu Lele\n|turn|21\n|\n|t:|1699876441\n|switch|p1a: Aegislash|Aegislash, M|47\/100\n|move|p2a: Tapu Lele|Moonblast|p1a: Aegislash\n|-resisted|p1a: Aegislash\n|-damage|p1a: Aegislash|31\/100\n|\n|-heal|p1a: Aegislash|37\/100|[from] item: Leftovers\n|upkeep\n|turn|22\n|\n|t:|1699876452\n|switch|p2a: Great Tusk|Great Tusk|15\/100 tox\n|move|p1a: Aegislash|Substitute|p1a: Aegislash\n|-start|p1a: Aegislash|Substitute\n|-damage|p1a: Aegislash|12\/100\n|\n|-heal|p1a: Aegislash|18\/100|[from] item: Leftovers\n|-damage|p2a: Great Tusk|9\/100 tox|[from] psn\n|upkeep\n|turn|23\n|\n|t:|1699876458\n|move|p1a: Aegislash|King's Shield|p1a: Aegislash\n|-singleturn|p1a: Aegislash|Protect\n|move|p2a: Great Tusk|Headlong Rush|p1a: Aegislash\n|-activate|p1a: Aegislash|move: Protect\n|-unboost|p2a: Great Tusk|atk|1\n|\n|-heal|p1a: Aegislash|25\/100|[from] item: Leftovers\n|-damage|p2a: Great Tusk|0 fnt|[from] psn\n|faint|p2a: Great Tusk\n|-end|p2a: Great Tusk|Protosynthesis|[silent]\n|upkeep\n|\n|t:|1699876468\n|switch|p2a: Sneasler|Sneasler, M|100\/100\n|-enditem|p2a: Sneasler|Psychic Seed\n|-boost|p2a: Sneasler|spd|1|[from] item: Psychic Seed\n|turn|24\n|\n|t:|1699876489\n|move|p2a: Sneasler|Swords Dance|p2a: Sneasler\n|-boost|p2a: Sneasler|atk|2\n|-formechange|p1a: Aegislash|Aegislash-Blade||[from] ability: Stance Change\n|move|p1a: Aegislash|Iron Head|p2a: Sneasler\n|-damage|p2a: Sneasler|43\/100\n|\n|-heal|p1a: Aegislash|31\/100|[from] item: Leftovers\n|upkeep\n|turn|25\n|inactive|ACATM has 120 seconds left.\n|\n|t:|1699876533\n|-formechange|p1a: Aegislash|Aegislash||[from] ability: Stance Change\n|move|p1a: Aegislash|King's Shield|p1a: Aegislash\n|-singleturn|p1a: Aegislash|Protect\n|move|p2a: Sneasler|Acrobatics|p1a: Aegislash\n|-activate|p1a: Aegislash|move: Protect\n|-unboost|p2a: Sneasler|atk|1\n|\n|-heal|p1a: Aegislash|37\/100|[from] item: Leftovers\n|-fieldend|move: Psychic Terrain\n|upkeep\n|turn|26\n|\n|t:|1699876538\n|move|p2a: Sneasler|Acrobatics|p1a: Aegislash\n|-resisted|p1a: Aegislash\n|-activate|p1a: Aegislash|move: Substitute|[damage]\n|-formechange|p1a: Aegislash|Aegislash-Blade||[from] ability: Stance Change\n|move|p1a: Aegislash|Iron Head|p2a: Sneasler\n|-damage|p2a: Sneasler|0 fnt\n|faint|p2a: Sneasler\n|\n|-heal|p1a: Aegislash|43\/100|[from] item: Leftovers\n|upkeep\n|inactive|ACATM has 120 seconds left.\n|\n|t:|1699876546\n|switch|p2a: Heatran|Heatran, F|100\/100\n|-item|p2a: Heatran|Air Balloon\n|turn|27\n|\n|t:|1699876555\n|-formechange|p1a: Aegislash|Aegislash||[from] ability: Stance Change\n|move|p1a: Aegislash|King's Shield|p1a: Aegislash\n|-singleturn|p1a: Aegislash|Protect\n|move|p2a: Heatran|Magma Storm|p1a: Aegislash\n|-activate|p1a: Aegislash|move: Protect\n|\n|-heal|p1a: Aegislash|49\/100|[from] item: Leftovers\n|upkeep\n|turn|28\n|\n|t:|1699876559\n|move|p2a: Heatran|Magma Storm|p1a: Aegislash\n|-supereffective|p1a: Aegislash\n|-end|p1a: Aegislash|Substitute\n|-formechange|p1a: Aegislash|Aegislash-Blade||[from] ability: Stance Change\n|move|p1a: Aegislash|Shadow Ball|p2a: Heatran\n|-damage|p2a: Heatran|66\/100\n|-enditem|p2a: Heatran|Air Balloon\n|\n|-heal|p1a: Aegislash|56\/100|[from] item: Leftovers\n|upkeep\n|turn|29\n|\n|t:|1699876570\n|-formechange|p1a: Aegislash|Aegislash||[from] ability: Stance Change\n|move|p1a: Aegislash|King's Shield|p1a: Aegislash\n|-singleturn|p1a: Aegislash|Protect\n|move|p2a: Heatran|Magma Storm|p1a: Aegislash\n|-activate|p1a: Aegislash|move: Protect\n|\n|-heal|p1a: Aegislash|62\/100|[from] item: Leftovers\n|upkeep\n|turn|30\n|\n|t:|1699876572\n|switch|p1a: Tyranitar|Tyranitar-Mega, F|100\/100\n|-weather|Sandstorm|[from] ability: Sand Stream|[of] p1a: Tyranitar\n|move|p2a: Heatran|Magma Storm|p1a: Tyranitar\n|-resisted|p1a: Tyranitar\n|-damage|p1a: Tyranitar|89\/100\n|-activate|p1a: Tyranitar|move: Magma Storm|[of] p2a: Heatran\n|\n|-weather|Sandstorm|[upkeep]\n|-damage|p1a: Tyranitar|76\/100|[from] move: Magma Storm|[partiallytrapped]\n|upkeep\n|turn|31\n|\n|t:|1699876583\n|-terastallize|p2a: Heatran|Grass\n|move|p2a: Heatran|Tera Blast|p1a: Tyranitar|[anim] Tera Blast Grass\n|-supereffective|p1a: Tyranitar\n|-damage|p1a: Tyranitar|34\/100\n|move|p1a: Tyranitar|Stone Edge|p2a: Heatran\n|-damage|p2a: Heatran|4\/100\n|\n|-weather|Sandstorm|[upkeep]\n|-damage|p2a: Heatran|0 fnt|[from] Sandstorm\n|faint|p2a: Heatran\n|-end|p1a: Tyranitar|Magma Storm|[partiallytrapped]|[silent]\n|upkeep\n|\n|t:|1699876589\n|switch|p2a: Tapu Lele|Tapu Lele|94\/100\n|-fieldstart|move: Psychic Terrain|[from] ability: Psychic Surge|[of] p2a: Tapu Lele\n|turn|32\n|\n|t:|1699876605\n|move|p2a: Tapu Lele|Moonblast|p1a: Tyranitar\n|-supereffective|p1a: Tyranitar\n|-damage|p1a: Tyranitar|0 fnt\n|faint|p1a: Tyranitar\n|\n|-weather|Sandstorm|[upkeep]\n|-damage|p2a: Tapu Lele|88\/100|[from] Sandstorm\n|upkeep\n|\n|t:|1699876609\n|switch|p1a: Aegislash|Aegislash, M|62\/100\n|turn|33\n|\n|t:|1699876622\n|move|p1a: Aegislash|King's Shield|p1a: Aegislash\n|-singleturn|p1a: Aegislash|Protect\n|-zpower|p2a: Tapu Lele\n|move|p2a: Tapu Lele|Shattered Psyche|p1a: Aegislash|[zeffect]\n|-resisted|p1a: Aegislash\n|-zbroken|p1a: Aegislash\n|-damage|p1a: Aegislash|53\/100\n|\n|-weather|Sandstorm|[upkeep]\n|-damage|p2a: Tapu Lele|82\/100|[from] Sandstorm\n|-heal|p1a: Aegislash|59\/100|[from] item: Leftovers\n|upkeep\n|turn|34\n|-message|ACATM forfeited.\n|\n|win|JWZ456\n|raw|JWZ456's rating: 1539 &rarr; <strong>1566<\/strong><br \/>(+27 for winning)\n|raw|ACATM's rating: 1674 &rarr; <strong>1647<\/strong><br \/>(-27 for losing)\n|l|\u2606ACATM\n","uploadtime":1699876785,"views":4,"p1id":"jwz456","p2id":"acatm","formatid":"gen9nationaldex","rating":1566,"private":0,"password":""}