{"id":"gen9nationaldex-1988551092","p1":"SimeonPha","p2":"female charizard","format":"[Gen 9] National Dex","log":"|j|\u2606SimeonPha\n|j|\u2606female charizard\n|t:|1699735149\n|gametype|singles\n|player|p1|SimeonPha|giovanni|1086\n|player|p2|female charizard|170|1168\n|teamsize|p1|6\n|teamsize|p2|6\n|gen|9\n|tier|[Gen 9] National Dex\n|rated|\n|rule|HP Percentage Mod: HP is shown in percentages\n|rule|Endless Battle Clause: Forcing endless battles is banned\n|rule|OHKO Clause: OHKO moves are banned\n|rule|Evasion Clause: Evasion abilities, items, and moves are banned\n|rule|Evasion Abilities Clause: Evasion abilities are banned\n|rule|Evasion Items Clause: Evasion items are banned\n|rule|Evasion Moves Clause: Evasion moves are banned\n|rule|Species Clause: Limit one of each Pok\u00e9mon\n|rule|Sleep Clause Mod: Limit one foe put to sleep\n|clearpoke\n|poke|p1|Golisopod, M|\n|poke|p1|Ceruledge, M|\n|poke|p1|Ariados, F|\n|poke|p1|Manectric, M|\n|poke|p1|Tsareena, F|\n|poke|p1|Bronzong|\n|poke|p2|Rampardos, M|\n|poke|p2|Scream Tail|\n|poke|p2|Slowking, F|\n|poke|p2|Stakataka|\n|poke|p2|Gigalith, M|\n|poke|p2|Electrode-Hisui|\n|teampreview\n|\n|t:|1699735173\n|start\n|switch|p1a: Bronzong|Bronzong|100\/100\n|switch|p2a: fear and anger|Electrode-Hisui|100\/100\n|turn|1\n|\n|t:|1699735181\n|move|p2a: fear and anger|Substitute|p2a: fear and anger\n|-start|p2a: fear and anger|Substitute\n|-damage|p2a: fear and anger|76\/100\n|move|p1a: Bronzong|Calm Mind|p1a: Bronzong\n|-boost|p1a: Bronzong|spa|1\n|-boost|p1a: Bronzong|spd|1\n|\n|-heal|p2a: fear and anger|82\/100|[from] item: Leftovers\n|upkeep\n|turn|2\n|\n|t:|1699735190\n|move|p2a: fear and anger|Leech Seed|p1a: Bronzong\n|-start|p1a: Bronzong|move: Leech Seed\n|move|p1a: Bronzong|Stored Power|p2a: fear and anger\n|-end|p2a: fear and anger|Substitute\n|\n|-heal|p2a: fear and anger|88\/100|[from] item: Leftovers\n|-damage|p1a: Bronzong|88\/100|[from] Leech Seed|[of] p2a: fear and anger\n|-heal|p2a: fear and anger|100\/100|[silent]\n|upkeep\n|turn|3\n|\n|t:|1699735200\n|move|p2a: fear and anger|Substitute|p2a: fear and anger\n|-start|p2a: fear and anger|Substitute\n|-damage|p2a: fear and anger|76\/100\n|move|p1a: Bronzong|Stored Power|p2a: fear and anger\n|-end|p2a: fear and anger|Substitute\n|\n|-heal|p2a: fear and anger|82\/100|[from] item: Leftovers\n|-heal|p1a: Bronzong|94\/100|[from] item: Leftovers\n|-damage|p1a: Bronzong|82\/100|[from] Leech Seed|[of] p2a: fear and anger\n|-heal|p2a: fear and anger|98\/100|[silent]\n|upkeep\n|turn|4\n|j| Lonsol\n|j| imbleach\n|j| snugglesnfluff\n|\n|t:|1699735224\n|switch|p1a: Tsareena|Tsareena, F|100\/100\n|move|p2a: fear and anger|Substitute|p2a: fear and anger\n|-start|p2a: fear and anger|Substitute\n|-damage|p2a: fear and anger|73\/100\n|\n|-heal|p2a: fear and anger|79\/100|[from] item: Leftovers\n|upkeep\n|turn|5\n|\n|t:|1699735233\n|move|p2a: fear and anger|Thunderbolt|p1a: Tsareena\n|-resisted|p1a: Tsareena\n|-damage|p1a: Tsareena|81\/100\n|move|p1a: Tsareena|Triple Axel|p2a: fear and anger\n|-supereffective|p2a: fear and anger\n|-activate|p2a: fear and anger|move: Substitute|[damage]\n|-supereffective|p2a: fear and anger\n|-end|p2a: fear and anger|Substitute\n|-supereffective|p2a: fear and anger\n|-damage|p2a: fear and anger|0 fnt\n|faint|p2a: fear and anger\n|-hitcount|p2: fear and anger|3\n|\n|upkeep\n|j| kung fu pokechu\n|j| mistahmerrikuu\n|\n|t:|1699735263\n|switch|p2a: too anxious >.<|Stakataka|100\/100\n|turn|6\n|\n|t:|1699735275\n|switch|p1a: Bronzong|Bronzong|82\/100\n|move|p2a: too anxious >.<|Trick Room|p2a: too anxious >.<\n|-fieldstart|move: Trick Room|[of] p2a: too anxious >.<\n|\n|-heal|p1a: Bronzong|88\/100|[from] item: Leftovers\n|upkeep\n|turn|7\n|\n|t:|1699735284\n|switch|p2a: ur divorced uncle|Rampardos, M|100\/100\n|move|p1a: Bronzong|Iron Defense|p1a: Bronzong\n|-boost|p1a: Bronzong|def|2\n|\n|-heal|p1a: Bronzong|94\/100|[from] item: Leftovers\n|upkeep\n|turn|8\n|\n|t:|1699735292\n|move|p1a: Bronzong|Flash Cannon|p2a: ur divorced uncle\n|-supereffective|p2a: ur divorced uncle\n|-damage|p2a: ur divorced uncle|0 fnt\n|faint|p2a: ur divorced uncle\n|\n|-heal|p1a: Bronzong|100\/100|[from] item: Leftovers\n|upkeep\n|\n|t:|1699735303\n|switch|p2a: ROULETTE ROCK|Gigalith, M|100\/100\n|turn|9\n|\n|t:|1699735307\n|move|p2a: ROULETTE ROCK|Explosion|p1a: Bronzong\n|-resisted|p1a: Bronzong\n|-damage|p1a: Bronzong|78\/100\n|faint|p2a: ROULETTE ROCK\n|move|p1a: Bronzong|Calm Mind|p1a: Bronzong\n|-boost|p1a: Bronzong|spa|1\n|-boost|p1a: Bronzong|spd|1\n|\n|-heal|p1a: Bronzong|84\/100|[from] item: Leftovers\n|upkeep\n|\n|t:|1699735322\n|switch|p2a: it was this|Slowking, F|100\/100\n|turn|10\n|\n|t:|1699735326\n|move|p2a: it was this|Flamethrower|p1a: Bronzong\n|-supereffective|p1a: Bronzong\n|-damage|p1a: Bronzong|30\/100\n|move|p1a: Bronzong|Calm Mind|p1a: Bronzong\n|-boost|p1a: Bronzong|spa|1\n|-boost|p1a: Bronzong|spd|1\n|\n|-heal|p1a: Bronzong|36\/100|[from] item: Leftovers\n|-fieldend|move: Trick Room\n|upkeep\n|turn|11\n|\n|t:|1699735335\n|move|p1a: Bronzong|Stored Power|p2a: it was this\n|-resisted|p2a: it was this\n|-damage|p2a: it was this|57\/100\n|move|p2a: it was this|Flamethrower|p1a: Bronzong\n|-supereffective|p1a: Bronzong\n|-damage|p1a: Bronzong|0 fnt\n|faint|p1a: Bronzong\n|\n|upkeep\n|\n|t:|1699735344\n|switch|p1a: Manectric|Manectric, M|100\/100\n|turn|12\n|\n|t:|1699735349\n|switch|p2a: tay tay|Scream Tail|100\/100\n|move|p1a: Manectric|Thunderbolt|p2a: tay tay\n|-damage|p2a: tay tay|72\/100\n|\n|upkeep\n|turn|13\n|\n|t:|1699735357\n|detailschange|p1a: Manectric|Manectric-Mega, M\n|-mega|p1a: Manectric|Manectric|Manectite\n|-ability|p1a: Manectric|Intimidate|boost\n|-unboost|p2a: tay tay|atk|1\n|move|p1a: Manectric|Volt Switch|p2a: tay tay\n|-damage|p2a: tay tay|47\/100\n|\n|t:|1699735365\n|switch|p1a: Ariados|Ariados, F|100\/100|[from] Volt Switch\n|move|p2a: tay tay|Calm Mind|p2a: tay tay\n|-boost|p2a: tay tay|spa|1\n|-boost|p2a: tay tay|spd|1\n|\n|upkeep\n|turn|14\n|\n|t:|1699735373\n|move|p2a: tay tay|Flamethrower|p1a: Ariados\n|-supereffective|p1a: Ariados\n|-damage|p1a: Ariados|63\/100\n|move|p1a: Ariados|Night Shade|p2a: tay tay\n|-damage|p2a: tay tay|24\/100\n|\n|-heal|p1a: Ariados|69\/100|[from] item: Leftovers\n|upkeep\n|turn|15\n|\n|t:|1699735382\n|move|p2a: tay tay|Boomburst|p1a: Ariados\n|-damage|p1a: Ariados|41\/100\n|-enditem|p2a: tay tay|Throat Spray\n|-boost|p2a: tay tay|spa|1|[from] item: Throat Spray\n|move|p1a: Ariados|Night Shade|p2a: tay tay\n|-damage|p2a: tay tay|1\/100\n|\n|-heal|p1a: Ariados|47\/100|[from] item: Leftovers\n|upkeep\n|turn|16\n|\n|t:|1699735394\n|move|p2a: tay tay|Flamethrower|p1a: Ariados\n|-supereffective|p1a: Ariados\n|-damage|p1a: Ariados|0 fnt\n|faint|p1a: Ariados\n|\n|upkeep\n|\n|t:|1699735400\n|switch|p1a: Ceruledge|Ceruledge, M|100\/100\n|turn|17\n|\n|t:|1699735405\n|move|p1a: Ceruledge|Shadow Sneak|p2a: tay tay\n|-supereffective|p2a: tay tay\n|-damage|p2a: tay tay|0 fnt\n|faint|p2a: tay tay\n|-end|p2a: tay tay|Protosynthesis|[silent]\n|\n|upkeep\n|\n|t:|1699735411\n|switch|p2a: too anxious >.<|Stakataka|100\/100\n|turn|18\n|\n|t:|1699735418\n|switch|p1a: Manectric|Manectric-Mega, M|100\/100\n|-ability|p1a: Manectric|Intimidate|boost\n|-unboost|p2a: too anxious >.<|atk|1\n|-terastallize|p2a: too anxious >.<|Flying\n|move|p2a: too anxious >.<|Trick Room|p2a: too anxious >.<\n|-fieldstart|move: Trick Room|[of] p2a: too anxious >.<\n|\n|upkeep\n|turn|19\n|\n|t:|1699735426\n|move|p2a: too anxious >.<|Stone Edge|p1a: Manectric\n|-damage|p1a: Manectric|31\/100\n|-damage|p2a: too anxious >.<|91\/100|[from] item: Life Orb\n|move|p1a: Manectric|Thunderbolt|p2a: too anxious >.<\n|-supereffective|p2a: too anxious >.<\n|-damage|p2a: too anxious >.<|0 fnt\n|faint|p2a: too anxious >.<\n|\n|upkeep\n|\n|t:|1699735430\n|switch|p2a: it was this|Slowking, F|90\/100\n|turn|20\n|\n|t:|1699735438\n|switch|p1a: Tsareena|Tsareena, F|81\/100\n|move|p2a: it was this|Hydro Pump|p1a: Tsareena\n|-resisted|p1a: Tsareena\n|-damage|p1a: Tsareena|37\/100\n|\n|upkeep\n|turn|21\n|j| it's ogrepon\n|\n|t:|1699735445\n|move|p2a: it was this|Hydro Pump|p1a: Tsareena|[miss]\n|-miss|p2a: it was this|p1a: Tsareena\n|move|p1a: Tsareena|Trop Kick|p2a: it was this\n|-supereffective|p2a: it was this\n|-damage|p2a: it was this|10\/100\n|-unboost|p2a: it was this|atk|1\n|\n|upkeep\n|turn|22\n|\n|t:|1699735454\n|move|p2a: it was this|Hydro Pump|p1a: Tsareena\n|-resisted|p1a: Tsareena\n|-damage|p1a: Tsareena|0 fnt\n|faint|p1a: Tsareena\n|\n|-fieldend|move: Trick Room\n|upkeep\n|\n|t:|1699735462\n|switch|p1a: Golisopod|Golisopod, M|100\/100\n|turn|23\n|\n|t:|1699735465\n|move|p1a: Golisopod|First Impression|p2a: it was this\n|-supereffective|p2a: it was this\n|-damage|p2a: it was this|0 fnt\n|faint|p2a: it was this\n|\n|win|SimeonPha\n|raw|SimeonPha's rating: 1086 &rarr; <strong>1119<\/strong><br \/>(+33 for winning)\n|raw|female charizard's rating: 1168 &rarr; <strong>1137<\/strong><br \/>(-31 for losing)\n","uploadtime":1699735475,"views":5,"p1id":"simeonpha","p2id":"femalecharizard","formatid":"gen9nationaldex","rating":1119,"private":0,"password":""}