{"id":"gen9nationaldex-1994291015","p1":"DarmanitanDLuffy","p2":"Lu Lu Zhu","format":"[Gen 9] National Dex","log":"|j|\u2606DarmanitanDLuffy\n|j|\u2606Lu Lu Zhu\n|t:|1700427658\n|gametype|singles\n|player|p1|DarmanitanDLuffy|lusamine-nihilego|1593\n|player|p2|Lu Lu Zhu|elesa|1737\n|teamsize|p1|6\n|teamsize|p2|6\n|gen|9\n|tier|[Gen 9] National Dex\n|rated|\n|rule|HP Percentage Mod: HP is shown in percentages\n|rule|Endless Battle Clause: Forcing endless battles is banned\n|rule|OHKO Clause: OHKO moves are banned\n|rule|Evasion Clause: Evasion abilities, items, and moves are banned\n|rule|Evasion Abilities Clause: Evasion abilities are banned\n|rule|Evasion Items Clause: Evasion items are banned\n|rule|Evasion Moves Clause: Evasion moves are banned\n|rule|Species Clause: Limit one of each Pok\u00e9mon\n|rule|Sleep Clause Mod: Limit one foe put to sleep\n|clearpoke\n|poke|p1|Grimmsnarl, M|\n|poke|p1|Iron Hands|\n|poke|p1|Gyarados, F|\n|poke|p1|Cresselia, F|\n|poke|p1|Ursaluna, M|\n|poke|p1|Iron Valiant|\n|poke|p2|Scizor, M|\n|poke|p2|Iron Valiant|\n|poke|p2|Sneasler, F|\n|poke|p2|Ceruledge, M|\n|poke|p2|Gliscor, F|\n|poke|p2|Tapu Koko|\n|teampreview\n|inactive|Battle timer is ON: inactive players will automatically lose when time's up. (requested by Lu Lu Zhu)\n|inactive|DarmanitanDLuffy has 120 seconds left.\n|inactive|DarmanitanDLuffy has 90 seconds left.\n|\n|t:|1700427736\n|start\n|switch|p1a: SUS TERA DNB VOTER|Grimmsnarl, M, shiny|100\/100\n|switch|p2a: Gliscor|Gliscor, F|100\/100\n|turn|1\n|\n|t:|1700427742\n|move|p1a: SUS TERA DNB VOTER|Reflect|p1a: SUS TERA DNB VOTER\n|-sidestart|p1: DarmanitanDLuffy|Reflect\n|move|p2a: Gliscor|Earthquake|p1a: SUS TERA DNB VOTER\n|-damage|p1a: SUS TERA DNB VOTER|86\/100\n|\n|-status|p2a: Gliscor|tox|[from] item: Toxic Orb\n|upkeep\n|turn|2\n|\n|t:|1700427747\n|move|p1a: SUS TERA DNB VOTER|Light Screen|p1a: SUS TERA DNB VOTER\n|-sidestart|p1: DarmanitanDLuffy|move: Light Screen\n|move|p2a: Gliscor|Stealth Rock|p1a: SUS TERA DNB VOTER\n|-sidestart|p1: DarmanitanDLuffy|move: Stealth Rock\n|\n|upkeep\n|turn|3\n|\n|t:|1700427751\n|move|p2a: Gliscor|Defog|p1a: SUS TERA DNB VOTER\n|-unboost|p1a: SUS TERA DNB VOTER|evasion|1\n|-sideend|p1: DarmanitanDLuffy|Reflect\n|-sideend|p1: DarmanitanDLuffy|move: Light Screen\n|-sideend|p1: DarmanitanDLuffy|Stealth Rock|[from] move: Defog|[of] p2a: Gliscor\n|move|p1a: SUS TERA DNB VOTER|Foul Play|p2a: Gliscor\n|-damage|p2a: Gliscor|79\/100 tox\n|\n|-heal|p2a: Gliscor|91\/100 tox|[from] ability: Poison Heal\n|upkeep\n|turn|4\n|j| number bun\n|\n|t:|1700427760\n|move|p1a: SUS TERA DNB VOTER|Reflect|p1a: SUS TERA DNB VOTER\n|-sidestart|p1: DarmanitanDLuffy|Reflect\n|move|p2a: Gliscor|Stealth Rock|p1a: SUS TERA DNB VOTER\n|-sidestart|p1: DarmanitanDLuffy|move: Stealth Rock\n|\n|-heal|p2a: Gliscor|100\/100 tox|[from] ability: Poison Heal\n|upkeep\n|turn|5\n|\n|t:|1700427765\n|move|p1a: SUS TERA DNB VOTER|Light Screen|p1a: SUS TERA DNB VOTER\n|-sidestart|p1: DarmanitanDLuffy|move: Light Screen\n|move|p2a: Gliscor|Earthquake|p1a: SUS TERA DNB VOTER\n|-damage|p1a: SUS TERA DNB VOTER|73\/100\n|\n|upkeep\n|turn|6\n|\n|t:|1700427771\n|switch|p1a: YOGI BOPS|Ursaluna, M|100\/100\n|-damage|p1a: YOGI BOPS|94\/100|[from] Stealth Rock\n|move|p2a: Gliscor|Defog|p1a: YOGI BOPS\n|-unboost|p1a: YOGI BOPS|evasion|1\n|-sideend|p1: DarmanitanDLuffy|Reflect\n|-sideend|p1: DarmanitanDLuffy|move: Light Screen\n|-sideend|p1: DarmanitanDLuffy|Stealth Rock|[from] move: Defog|[of] p2a: Gliscor\n|\n|-status|p1a: YOGI BOPS|brn|[from] item: Flame Orb\n|upkeep\n|turn|7\n|\n|t:|1700427783\n|move|p2a: Gliscor|Stealth Rock|p1a: YOGI BOPS\n|-sidestart|p1: DarmanitanDLuffy|move: Stealth Rock\n|move|p1a: YOGI BOPS|Facade|p2a: Gliscor\n|-damage|p2a: Gliscor|18\/100 tox\n|\n|-heal|p2a: Gliscor|30\/100 tox|[from] ability: Poison Heal\n|-damage|p1a: YOGI BOPS|88\/100 brn|[from] brn\n|upkeep\n|turn|8\n|\n|t:|1700427791\n|switch|p2a: Ceruledge|Ceruledge, M|100\/100\n|move|p1a: YOGI BOPS|Facade|p2a: Ceruledge\n|-immune|p2a: Ceruledge\n|\n|-damage|p1a: YOGI BOPS|82\/100 brn|[from] brn\n|upkeep\n|turn|9\n|\n|t:|1700427801\n|switch|p2a: Gliscor|Gliscor, F|30\/100 tox\n|move|p1a: YOGI BOPS|Headlong Rush|p2a: Gliscor\n|-immune|p2a: Gliscor\n|\n|-heal|p2a: Gliscor|43\/100 tox|[from] ability: Poison Heal\n|-damage|p1a: YOGI BOPS|76\/100 brn|[from] brn\n|upkeep\n|turn|10\n|\n|t:|1700427809\n|move|p2a: Gliscor|Roost|p2a: Gliscor\n|-heal|p2a: Gliscor|93\/100 tox\n|-singleturn|p2a: Gliscor|move: Roost\n|move|p1a: YOGI BOPS|Fire Punch|p2a: Gliscor\n|-damage|p2a: Gliscor|60\/100 tox\n|\n|-heal|p2a: Gliscor|72\/100 tox|[from] ability: Poison Heal\n|-damage|p1a: YOGI BOPS|69\/100 brn|[from] brn\n|upkeep\n|turn|11\n|\n|t:|1700427819\n|switch|p2a: Ceruledge|Ceruledge, M|100\/100\n|move|p1a: YOGI BOPS|Swords Dance|p1a: YOGI BOPS\n|-boost|p1a: YOGI BOPS|atk|2\n|\n|-damage|p1a: YOGI BOPS|63\/100 brn|[from] brn\n|upkeep\n|turn|12\n|j| ooMIZUHASUoo\n|\n|t:|1700427831\n|move|p2a: Ceruledge|Bitter Blade|p1a: YOGI BOPS\n|-damage|p1a: YOGI BOPS|33\/100 brn\n|move|p1a: YOGI BOPS|Facade|p2a: Ceruledge\n|-immune|p2a: Ceruledge\n|\n|-damage|p1a: YOGI BOPS|26\/100 brn|[from] brn\n|upkeep\n|turn|13\n|\n|t:|1700427840\n|move|p2a: Ceruledge|Bitter Blade|p1a: YOGI BOPS\n|-damage|p1a: YOGI BOPS|0 fnt\n|faint|p1a: YOGI BOPS\n|\n|upkeep\n|c|\u2606DarmanitanDLuffy|man fuck\n|c|\u2606DarmanitanDLuffy|i don't like you\n|\n|t:|1700427849\n|switch|p1a: NO BOZOS|Gyarados, F, shiny|100\/100\n|-damage|p1a: NO BOZOS|75\/100|[from] Stealth Rock\n|-ability|p1a: NO BOZOS|Intimidate|boost\n|-unboost|p2a: Ceruledge|atk|1\n|turn|14\n|\n|t:|1700427855\n|switch|p2a: Tapu Koko|Tapu Koko|100\/100\n|-fieldstart|move: Electric Terrain|[from] ability: Electric Surge|[of] p2a: Tapu Koko\n|detailschange|p1a: NO BOZOS|Gyarados-Mega, F, shiny\n|-mega|p1a: NO BOZOS|Gyarados|Gyaradosite\n|-ability|p1a: NO BOZOS|Mold Breaker\n|move|p1a: NO BOZOS|Dragon Dance|p1a: NO BOZOS\n|-boost|p1a: NO BOZOS|atk|1\n|-boost|p1a: NO BOZOS|spe|1\n|\n|upkeep\n|turn|15\n|\n|t:|1700427865\n|switch|p1a: DJ KHALED|Cresselia, F, shiny|100\/100\n|-damage|p1a: DJ KHALED|88\/100|[from] Stealth Rock\n|move|p2a: Tapu Koko|Volt Switch|p1a: DJ KHALED\n|-damage|p1a: DJ KHALED|53\/100\n|\n|t:|1700427874\n|switch|p2a: Scizor|Scizor, M|100\/100|[from] Volt Switch\n|\n|upkeep\n|turn|16\n|\n|t:|1700427880\n|detailschange|p2a: Scizor|Scizor-Mega, M\n|-mega|p2a: Scizor|Scizor|Scizorite\n|-terastallize|p1a: DJ KHALED|Poison\n|move|p1a: DJ KHALED|Moonlight|p1a: DJ KHALED\n|-heal|p1a: DJ KHALED|100\/100\n|move|p2a: Scizor|U-turn|p1a: DJ KHALED\n|-resisted|p1a: DJ KHALED\n|-damage|p1a: DJ KHALED|91\/100\n|-enditem|p1a: DJ KHALED|Kee Berry|[eat]\n|-boost|p1a: DJ KHALED|def|1|[from] item: Kee Berry\n|\n|t:|1700427891\n|switch|p2a: Ceruledge|Ceruledge, M|100\/100|[from] U-turn\n|\n|upkeep\n|turn|17\n|\n|t:|1700427895\n|move|p1a: DJ KHALED|Calm Mind|p1a: DJ KHALED\n|-boost|p1a: DJ KHALED|spa|1\n|-boost|p1a: DJ KHALED|spd|1\n|move|p2a: Ceruledge|Taunt|p1a: DJ KHALED\n|-start|p1a: DJ KHALED|move: Taunt\n|\n|upkeep\n|turn|18\n|\n|t:|1700427900\n|move|p1a: DJ KHALED|Stored Power|p2a: Ceruledge\n|-damage|p2a: Ceruledge|77\/100\n|move|p2a: Ceruledge|Bulk Up|p2a: Ceruledge\n|-boost|p2a: Ceruledge|atk|1\n|-boost|p2a: Ceruledge|def|1\n|\n|-fieldend|move: Electric Terrain\n|upkeep\n|turn|19\n|\n|t:|1700427907\n|move|p1a: DJ KHALED|Stored Power|p2a: Ceruledge\n|-damage|p2a: Ceruledge|56\/100\n|move|p2a: Ceruledge|Bulk Up|p2a: Ceruledge\n|-boost|p2a: Ceruledge|atk|1\n|-boost|p2a: Ceruledge|def|1\n|\n|upkeep\n|turn|20\n|\n|t:|1700427913\n|move|p1a: DJ KHALED|Stored Power|p2a: Ceruledge\n|-damage|p2a: Ceruledge|33\/100\n|move|p2a: Ceruledge|Bitter Blade|p1a: DJ KHALED\n|-damage|p1a: DJ KHALED|62\/100\n|-heal|p2a: Ceruledge|51\/100|[from] drain|[of] p1a: DJ KHALED\n|\n|-end|p1a: DJ KHALED|move: Taunt\n|upkeep\n|turn|21\n|l| number bun\n|\n|t:|1700427921\n|move|p1a: DJ KHALED|Stored Power|p2a: Ceruledge\n|-damage|p2a: Ceruledge|27\/100\n|move|p2a: Ceruledge|Taunt|p1a: DJ KHALED\n|-start|p1a: DJ KHALED|move: Taunt\n|\n|upkeep\n|turn|22\n|\n|t:|1700427927\n|move|p1a: DJ KHALED|Stored Power|p2a: Ceruledge\n|-damage|p2a: Ceruledge|4\/100\n|move|p2a: Ceruledge|Bitter Blade|p1a: DJ KHALED\n|-damage|p1a: DJ KHALED|33\/100\n|-heal|p2a: Ceruledge|22\/100|[from] drain|[of] p1a: DJ KHALED\n|\n|upkeep\n|turn|23\n|\n|t:|1700427938\n|move|p1a: DJ KHALED|Stored Power|p2a: Ceruledge\n|-damage|p2a: Ceruledge|0 fnt\n|faint|p2a: Ceruledge\n|\n|upkeep\n|\n|t:|1700427943\n|switch|p2a: Iron Valiant|Iron Valiant|100\/100\n|turn|24\n|\n|t:|1700427946\n|move|p2a: Iron Valiant|Psyshock|p1a: DJ KHALED\n|-supereffective|p1a: DJ KHALED\n|-damage|p1a: DJ KHALED|7\/100\n|move|p1a: DJ KHALED|Stored Power|p2a: Iron Valiant\n|-supereffective|p2a: Iron Valiant\n|-damage|p2a: Iron Valiant|0 fnt\n|faint|p2a: Iron Valiant\n|-end|p2a: Iron Valiant|Quark Drive|[silent]\n|\n|-end|p1a: DJ KHALED|move: Taunt\n|upkeep\n|\n|t:|1700427952\n|switch|p2a: Tapu Koko|Tapu Koko|100\/100\n|-fieldstart|move: Electric Terrain|[from] ability: Electric Surge|[of] p2a: Tapu Koko\n|turn|25\n|\n|t:|1700427971\n|move|p2a: Tapu Koko|Volt Switch|p1a: DJ KHALED\n|-damage|p1a: DJ KHALED|0 fnt\n|faint|p1a: DJ KHALED\n|\n|t:|1700427980\n|switch|p2a: Gliscor|Gliscor, F|72\/100 tox|[from] Volt Switch\n|\n|-heal|p2a: Gliscor|85\/100 tox|[from] ability: Poison Heal\n|upkeep\n|\n|t:|1700427985\n|switch|p1a: NO BOZOS|Gyarados-Mega, F, shiny|75\/100\n|-damage|p1a: NO BOZOS|63\/100|[from] Stealth Rock\n|-ability|p1a: NO BOZOS|Mold Breaker\n|turn|26\n|\n|t:|1700428000\n|switch|p2a: Sneasler|Sneasler, F|100\/100\n|-enditem|p2a: Sneasler|Electric Seed\n|-boost|p2a: Sneasler|def|1|[from] item: Electric Seed\n|move|p1a: NO BOZOS|Waterfall|p2a: Sneasler\n|-damage|p2a: Sneasler|52\/100\n|\n|upkeep\n|turn|27\n|\n|t:|1700428009\n|switch|p1a: SUS TERA DNB VOTER|Grimmsnarl, M, shiny|73\/100\n|-damage|p1a: SUS TERA DNB VOTER|61\/100|[from] Stealth Rock\n|move|p2a: Sneasler|Close Combat|p1a: SUS TERA DNB VOTER\n|-damage|p1a: SUS TERA DNB VOTER|10\/100\n|-unboost|p2a: Sneasler|def|1\n|-unboost|p2a: Sneasler|spd|1\n|\n|upkeep\n|turn|28\n|\n|t:|1700428020\n|move|p1a: SUS TERA DNB VOTER|Reflect|p1a: SUS TERA DNB VOTER\n|-sidestart|p1: DarmanitanDLuffy|Reflect\n|move|p2a: Sneasler|Swords Dance|p2a: Sneasler\n|-boost|p2a: Sneasler|atk|2\n|\n|upkeep\n|turn|29\n|\n|t:|1700428026\n|move|p2a: Sneasler|Dire Claw|p1a: SUS TERA DNB VOTER\n|-supereffective|p1a: SUS TERA DNB VOTER\n|-damage|p1a: SUS TERA DNB VOTER|0 fnt\n|faint|p1a: SUS TERA DNB VOTER\n|\n|-fieldend|move: Electric Terrain\n|upkeep\n|\n|t:|1700428032\n|switch|p1a: HANDREW TATE|Iron Hands|100\/100\n|-damage|p1a: HANDREW TATE|94\/100|[from] Stealth Rock\n|turn|30\n|\n|t:|1700428059\n|move|p2a: Sneasler|Close Combat|p1a: HANDREW TATE\n|-damage|p1a: HANDREW TATE|50\/100\n|-unboost|p2a: Sneasler|def|1\n|-unboost|p2a: Sneasler|spd|1\n|move|p1a: HANDREW TATE|Thunder Punch|p2a: Sneasler\n|-damage|p2a: Sneasler|0 fnt\n|faint|p2a: Sneasler\n|\n|upkeep\n|j| Aziz Le Bledart\n|\n|t:|1700428063\n|switch|p2a: Tapu Koko|Tapu Koko|100\/100\n|-fieldstart|move: Electric Terrain|[from] ability: Electric Surge|[of] p2a: Tapu Koko\n|-activate|p1a: HANDREW TATE|ability: Quark Drive\n|-start|p1a: HANDREW TATE|quarkdriveatk\n|turn|31\n|\n|t:|1700428072\n|move|p2a: Tapu Koko|Dazzling Gleam|p1a: HANDREW TATE\n|-supereffective|p1a: HANDREW TATE\n|-damage|p1a: HANDREW TATE|0 fnt\n|faint|p1a: HANDREW TATE\n|-end|p1a: HANDREW TATE|Quark Drive|[silent]\n|\n|upkeep\n|\n|t:|1700428080\n|switch|p1a: GALLADEORADE|Iron Valiant|100\/100\n|-damage|p1a: GALLADEORADE|94\/100|[from] Stealth Rock\n|-activate|p1a: GALLADEORADE|ability: Quark Drive\n|-start|p1a: GALLADEORADE|quarkdrivespe\n|turn|32\n|\n|t:|1700428089\n|move|p1a: GALLADEORADE|Moonblast|p2a: Tapu Koko\n|-damage|p2a: Tapu Koko|25\/100\n|-unboost|p2a: Tapu Koko|spa|1\n|move|p2a: Tapu Koko|Dazzling Gleam|p1a: GALLADEORADE\n|-supereffective|p1a: GALLADEORADE\n|-damage|p1a: GALLADEORADE|0 fnt\n|faint|p1a: GALLADEORADE\n|-end|p1a: GALLADEORADE|Quark Drive|[silent]\n|\n|upkeep\n|\n|t:|1700428098\n|switch|p1a: NO BOZOS|Gyarados-Mega, F, shiny|63\/100\n|-damage|p1a: NO BOZOS|51\/100|[from] Stealth Rock\n|-ability|p1a: NO BOZOS|Mold Breaker\n|turn|33\n|\n|t:|1700428103\n|move|p2a: Tapu Koko|Dazzling Gleam|p1a: NO BOZOS\n|-supereffective|p1a: NO BOZOS\n|-damage|p1a: NO BOZOS|0 fnt\n|faint|p1a: NO BOZOS\n|\n|win|Lu Lu Zhu\n|raw|DarmanitanDLuffy's rating: 1593 &rarr; <strong>1581<\/strong><br \/>(-12 for losing)\n|raw|Lu Lu Zhu's rating: 1737 &rarr; <strong>1749<\/strong><br \/>(+12 for winning)\n|c|\u2606DarmanitanDLuffy|gg\n","uploadtime":1700428108,"views":4,"p1id":"darmanitandluffy","p2id":"luluzhu","formatid":"gen9nationaldex","rating":1581,"private":0,"password":""}