{"id":"gen9nationaldex-1986996514","p1":"yuchenflare","p2":"Wehoo12000","format":"[Gen 9] National Dex","log":"|j|\u2606yuchenflare\n|j|\u2606Wehoo12000\n|t:|1699547638\n|gametype|singles\n|player|p1|yuchenflare|266|1164\n|player|p2|Wehoo12000|pokemaniac|1191\n|teamsize|p1|6\n|teamsize|p2|6\n|gen|9\n|tier|[Gen 9] National Dex\n|rated|\n|rule|HP Percentage Mod: HP is shown in percentages\n|rule|Endless Battle Clause: Forcing endless battles is banned\n|rule|OHKO Clause: OHKO moves are banned\n|rule|Evasion Clause: Evasion abilities, items, and moves are banned\n|rule|Evasion Abilities Clause: Evasion abilities are banned\n|rule|Evasion Items Clause: Evasion items are banned\n|rule|Evasion Moves Clause: Evasion moves are banned\n|rule|Species Clause: Limit one of each Pok\u00e9mon\n|rule|Sleep Clause Mod: Limit one foe put to sleep\n|clearpoke\n|poke|p1|Ferrothorn, F|\n|poke|p1|Charizard, M|\n|poke|p1|Great Tusk|\n|poke|p1|Dondozo, M|\n|poke|p1|Tapu Koko|\n|poke|p1|Hawlucha, M|\n|poke|p2|Meowscarada, F|\n|poke|p2|Porygon-Z|\n|poke|p2|Jirachi|\n|poke|p2|Great Tusk|\n|poke|p2|Diancie|\n|poke|p2|Dondozo, M|\n|teampreview\n|\n|t:|1699547645\n|start\n|switch|p1a: Tapu Koko|Tapu Koko|100\/100\n|switch|p2a: Pink diamond|Diancie|100\/100\n|-fieldstart|move: Electric Terrain|[from] ability: Electric Surge|[of] p1a: Tapu Koko\n|turn|1\n|\n|t:|1699547664\n|move|p1a: Tapu Koko|Reflect|p1a: Tapu Koko\n|-sidestart|p1: yuchenflare|Reflect\n|move|p2a: Pink diamond|Stealth Rock|p1a: Tapu Koko\n|-sidestart|p1: yuchenflare|move: Stealth Rock\n|\n|upkeep\n|turn|2\n|\n|t:|1699547681\n|switch|p2a: Stewie Griffin|Jirachi|100\/100\n|move|p1a: Tapu Koko|Light Screen|p1a: Tapu Koko\n|-sidestart|p1: yuchenflare|move: Light Screen\n|\n|upkeep\n|turn|3\n|\n|t:|1699547691\n|move|p1a: Tapu Koko|Volt Switch|p2a: Stewie Griffin\n|-damage|p2a: Stewie Griffin|83\/100\n|\n|t:|1699547698\n|switch|p1a: Hawlucha|Hawlucha, M|100\/100|[from] Volt Switch\n|-damage|p1a: Hawlucha|88\/100|[from] Stealth Rock\n|-enditem|p1a: Hawlucha|Electric Seed\n|-boost|p1a: Hawlucha|def|1|[from] item: Electric Seed\n|move|p2a: Stewie Griffin|Ancient Power|p1a: Hawlucha\n|-damage|p1a: Hawlucha|77\/100\n|\n|upkeep\n|turn|4\n|inactive|Battle timer is ON: inactive players will automatically lose when time's up. (requested by Wehoo12000)\n|\n|t:|1699547746\n|move|p1a: Hawlucha|Swords Dance|p1a: Hawlucha\n|-boost|p1a: Hawlucha|atk|2\n|move|p2a: Stewie Griffin|Thunder Wave|p1a: Hawlucha\n|-status|p1a: Hawlucha|par\n|\n|upkeep\n|turn|5\n|\n|t:|1699547754\n|move|p1a: Hawlucha|Flying Press|p2a: Stewie Griffin\n|-resisted|p2a: Stewie Griffin\n|-crit|p2a: Stewie Griffin\n|-damage|p2a: Stewie Griffin|14\/100\n|move|p2a: Stewie Griffin|Iron Defense|p2a: Stewie Griffin\n|-boost|p2a: Stewie Griffin|def|2\n|\n|-fieldend|move: Electric Terrain\n|upkeep\n|turn|6\n|\n|t:|1699547767\n|switch|p2a: Piss fish|Dondozo, M, shiny|100\/100\n|cant|p1a: Hawlucha|par\n|\n|upkeep\n|turn|7\n|\n|t:|1699547797\n|switch|p1a: Tapu Koko|Tapu Koko|100\/100\n|-damage|p1a: Tapu Koko|88\/100|[from] Stealth Rock\n|-fieldstart|move: Electric Terrain|[from] ability: Electric Surge|[of] p1a: Tapu Koko\n|move|p2a: Piss fish|Curse|p2a: Piss fish\n|-unboost|p2a: Piss fish|spe|1\n|-boost|p2a: Piss fish|atk|1\n|-boost|p2a: Piss fish|def|1\n|\n|upkeep\n|turn|8\n|inactive|yuchenflare has 120 seconds left.\n|\n|t:|1699547824\n|-terastallize|p2a: Piss fish|Fairy\n|move|p1a: Tapu Koko|Volt Switch|p2a: Piss fish\n|-damage|p2a: Piss fish|72\/100\n|\n|t:|1699547835\n|switch|p1a: Ferrothorn|Ferrothorn, F, shiny|100\/100|[from] Volt Switch\n|-damage|p1a: Ferrothorn|94\/100|[from] Stealth Rock\n|move|p2a: Piss fish|Curse|p2a: Piss fish\n|-unboost|p2a: Piss fish|spe|1\n|-boost|p2a: Piss fish|atk|1\n|-boost|p2a: Piss fish|def|1\n|\n|-heal|p2a: Piss fish|78\/100|[from] item: Leftovers\n|-heal|p1a: Ferrothorn|100\/100|[from] item: Leftovers\n|-sideend|p1: yuchenflare|Reflect\n|upkeep\n|turn|9\n|\n|t:|1699547847\n|move|p2a: Piss fish|Curse|p2a: Piss fish\n|-unboost|p2a: Piss fish|spe|1\n|-boost|p2a: Piss fish|atk|1\n|-boost|p2a: Piss fish|def|1\n|move|p1a: Ferrothorn|Leech Seed|p2a: Piss fish\n|-start|p2a: Piss fish|move: Leech Seed\n|\n|-heal|p2a: Piss fish|84\/100|[from] item: Leftovers\n|-damage|p2a: Piss fish|72\/100|[from] Leech Seed|[of] p1a: Ferrothorn\n|-sideend|p1: yuchenflare|move: Light Screen\n|upkeep\n|turn|10\n|\n|t:|1699547859\n|move|p2a: Piss fish|Curse|p2a: Piss fish\n|-unboost|p2a: Piss fish|spe|1\n|-boost|p2a: Piss fish|atk|1\n|-boost|p2a: Piss fish|def|1\n|move|p1a: Ferrothorn|Stealth Rock|p2a: Piss fish\n|-sidestart|p2: Wehoo12000|move: Stealth Rock\n|\n|-heal|p2a: Piss fish|78\/100|[from] item: Leftovers\n|-damage|p2a: Piss fish|66\/100|[from] Leech Seed|[of] p1a: Ferrothorn\n|upkeep\n|turn|11\n|\n|t:|1699547872\n|move|p1a: Ferrothorn|Gyro Ball|p2a: Piss fish\n|-supereffective|p2a: Piss fish\n|-damage|p2a: Piss fish|63\/100\n|move|p2a: Piss fish|Curse|p2a: Piss fish\n|-unboost|p2a: Piss fish|spe|1\n|-boost|p2a: Piss fish|atk|1\n|-boost|p2a: Piss fish|def|1\n|\n|-heal|p2a: Piss fish|69\/100|[from] item: Leftovers\n|-damage|p2a: Piss fish|57\/100|[from] Leech Seed|[of] p1a: Ferrothorn\n|-fieldend|move: Electric Terrain\n|upkeep\n|turn|12\n|\n|t:|1699547889\n|move|p1a: Ferrothorn|Protect|p1a: Ferrothorn\n|-singleturn|p1a: Ferrothorn|Protect\n|move|p2a: Piss fish|Rest|p2a: Piss fish\n|-status|p2a: Piss fish|slp|[from] move: Rest\n|-heal|p2a: Piss fish|100\/100 slp|[silent]\n|\n|-damage|p2a: Piss fish|88\/100 slp|[from] Leech Seed|[of] p1a: Ferrothorn\n|upkeep\n|turn|13\n|\n|t:|1699547895\n|move|p1a: Ferrothorn|Gyro Ball|p2a: Piss fish\n|-supereffective|p2a: Piss fish\n|-damage|p2a: Piss fish|87\/100 slp\n|cant|p2a: Piss fish|slp\n|move|p2a: Piss fish|Sleep Talk|p2a: Piss fish\n|move|p2a: Piss fish|Curse|p2a: Piss fish|[from]move: Sleep Talk\n|-unboost|p2a: Piss fish|spe|1\n|-boost|p2a: Piss fish|atk|1\n|-boost|p2a: Piss fish|def|1\n|\n|-heal|p2a: Piss fish|93\/100 slp|[from] item: Leftovers\n|-damage|p2a: Piss fish|80\/100 slp|[from] Leech Seed|[of] p1a: Ferrothorn\n|upkeep\n|turn|14\n|\n|t:|1699547906\n|switch|p1a: Dondozo|Dondozo, M|100\/100\n|-damage|p1a: Dondozo|88\/100|[from] Stealth Rock\n|cant|p2a: Piss fish|slp\n|move|p2a: Piss fish|Sleep Talk|p2a: Piss fish\n|move|p2a: Piss fish|Curse|p2a: Piss fish|[from]move: Sleep Talk\n|\n|-heal|p1a: Dondozo|94\/100|[from] item: Leftovers\n|-heal|p2a: Piss fish|87\/100 slp|[from] item: Leftovers\n|-damage|p2a: Piss fish|74\/100 slp|[from] Leech Seed|[of] p1a: Dondozo\n|-heal|p1a: Dondozo|100\/100|[silent]\n|upkeep\n|turn|15\n|\n|t:|1699547919\n|move|p1a: Dondozo|Curse|p1a: Dondozo\n|-unboost|p1a: Dondozo|spe|1\n|-boost|p1a: Dondozo|atk|1\n|-boost|p1a: Dondozo|def|1\n|-curestatus|p2a: Piss fish|slp|[msg]\n|move|p2a: Piss fish|Wave Crash|p1a: Dondozo\n|-resisted|p1a: Dondozo\n|-crit|p1a: Dondozo\n|-damage|p1a: Dondozo|83\/100\n|-damage|p2a: Piss fish|68\/100|[from] Recoil\n|\n|-heal|p1a: Dondozo|89\/100|[from] item: Leftovers\n|-heal|p2a: Piss fish|75\/100|[from] item: Leftovers\n|-damage|p2a: Piss fish|62\/100|[from] Leech Seed|[of] p1a: Dondozo\n|-heal|p1a: Dondozo|100\/100|[silent]\n|upkeep\n|turn|16\n|\n|t:|1699547928\n|switch|p2a: Green catulon|Meowscarada, F, shiny|100\/100\n|-damage|p2a: Green catulon|88\/100|[from] Stealth Rock\n|move|p1a: Dondozo|Curse|p1a: Dondozo\n|-unboost|p1a: Dondozo|spe|1\n|-boost|p1a: Dondozo|atk|1\n|-boost|p1a: Dondozo|def|1\n|\n|upkeep\n|turn|17\n|inactive|yuchenflare has 120 seconds left.\n|inactive|yuchenflare has 90 seconds left.\n|\n|t:|1699547965\n|switch|p1a: Hawlucha|Hawlucha, M|77\/100 par\n|-damage|p1a: Hawlucha|65\/100 par|[from] Stealth Rock\n|move|p2a: Green catulon|Flower Trick|p1a: Hawlucha\n|-start|p2a: Green catulon|typechange|Grass|[from] ability: Protean\n|-resisted|p1a: Hawlucha\n|-crit|p1a: Hawlucha\n|-damage|p1a: Hawlucha|19\/100 par\n|-damage|p2a: Green catulon|78\/100|[from] item: Life Orb\n|\n|upkeep\n|turn|18\n|inactive|yuchenflare has 90 seconds left.\n|\n|t:|1699547996\n|move|p2a: Green catulon|Flower Trick|p1a: Hawlucha\n|-resisted|p1a: Hawlucha\n|-crit|p1a: Hawlucha\n|-damage|p1a: Hawlucha|0 fnt\n|faint|p1a: Hawlucha\n|-damage|p2a: Green catulon|68\/100|[from] item: Life Orb\n|\n|upkeep\n|\n|t:|1699548003\n|switch|p1a: Charizard|Charizard, M|100\/100\n|-damage|p1a: Charizard|50\/100|[from] Stealth Rock\n|turn|19\n|\n|t:|1699548010\n|detailschange|p1a: Charizard|Charizard-Mega-Y, M\n|-mega|p1a: Charizard|Charizard|Charizardite Y\n|-weather|SunnyDay|[from] ability: Drought|[of] p1a: Charizard\n|move|p2a: Green catulon|U-turn|p1a: Charizard\n|-resisted|p1a: Charizard\n|-damage|p1a: Charizard|41\/100\n|-damage|p2a: Green catulon|59\/100|[from] item: Life Orb\n|\n|t:|1699548015\n|switch|p2a: Pink diamond|Diancie|100\/100|[from] U-turn\n|-damage|p2a: Pink diamond|88\/100|[from] Stealth Rock\n|move|p1a: Charizard|Weather Ball|p2a: Pink diamond\n|-resisted|p2a: Pink diamond\n|-damage|p2a: Pink diamond|42\/100\n|\n|-weather|SunnyDay|[upkeep]\n|upkeep\n|turn|20\n|\n|t:|1699548030\n|detailschange|p2a: Pink diamond|Diancie-Mega\n|-mega|p2a: Pink diamond|Diancie|Diancite\n|move|p2a: Pink diamond|Diamond Storm|p1a: Charizard\n|-supereffective|p1a: Charizard\n|-damage|p1a: Charizard|0 fnt\n|-boost|p2a: Pink diamond|def|2\n|faint|p1a: Charizard\n|\n|-weather|SunnyDay|[upkeep]\n|upkeep\n|inactive|yuchenflare has 60 seconds left.\n|\n|t:|1699548072\n|switch|p1a: Dondozo|Dondozo, M|100\/100\n|-damage|p1a: Dondozo|88\/100|[from] Stealth Rock\n|turn|21\n|\n|t:|1699548095\n|move|p2a: Pink diamond|Explosion|p1a: Dondozo\n|-damage|p1a: Dondozo|31\/100\n|faint|p2a: Pink diamond\n|move|p1a: Dondozo|Wave Crash|p2: Pink diamond|[notarget]\n|-fail|p1a: Dondozo\n|\n|-weather|SunnyDay|[upkeep]\n|-heal|p1a: Dondozo|37\/100|[from] item: Leftovers\n|upkeep\n|\n|t:|1699548099\n|switch|p2a: Stewie Griffin|Jirachi|14\/100\n|-damage|p2a: Stewie Griffin|7\/100|[from] Stealth Rock\n|turn|22\n|inactive|yuchenflare has 30 seconds left.\n|\n|t:|1699548127\n|move|p2a: Stewie Griffin|Iron Head|p1a: Dondozo\n|-resisted|p1a: Dondozo\n|-damage|p1a: Dondozo|29\/100\n|move|p1a: Dondozo|Rest|p1a: Dondozo\n|-status|p1a: Dondozo|slp|[from] move: Rest\n|-heal|p1a: Dondozo|100\/100 slp|[silent]\n|\n|-weather|SunnyDay|[upkeep]\n|upkeep\n|turn|23\n|inactive|yuchenflare has 30 seconds left.\n|\n|t:|1699548136\n|move|p2a: Stewie Griffin|Iron Defense|p2a: Stewie Griffin\n|-boost|p2a: Stewie Griffin|def|2\n|cant|p1a: Dondozo|slp\n|move|p1a: Dondozo|Sleep Talk|p1a: Dondozo\n|move|p1a: Dondozo|Wave Crash|p2a: Stewie Griffin|[from]move: Sleep Talk\n|-damage|p2a: Stewie Griffin|0 fnt\n|faint|p2a: Stewie Griffin\n|-damage|p1a: Dondozo|99\/100 slp|[from] Recoil\n|\n|-weather|none\n|-heal|p1a: Dondozo|100\/100 slp|[from] item: Leftovers\n|upkeep\n|\n|t:|1699548138\n|switch|p2a: Green catulon|Meowscarada, F, shiny|59\/100\n|-damage|p2a: Green catulon|46\/100|[from] Stealth Rock\n|turn|24\n|inactive|yuchenflare has 30 seconds left.\n|inactive|yuchenflare has 20 seconds left.\n|\n|t:|1699548166\n|-terastallize|p1a: Dondozo|Steel\n|move|p2a: Green catulon|Flower Trick|p1a: Dondozo\n|-start|p2a: Green catulon|typechange|Grass|[from] ability: Protean\n|-resisted|p1a: Dondozo\n|-crit|p1a: Dondozo\n|-damage|p1a: Dondozo|83\/100 slp\n|-damage|p2a: Green catulon|36\/100|[from] item: Life Orb\n|cant|p1a: Dondozo|slp\n|move|p1a: Dondozo|Sleep Talk|p1a: Dondozo\n|move|p1a: Dondozo|Wave Crash|p2a: Green catulon|[from]move: Sleep Talk\n|-resisted|p2a: Green catulon\n|-damage|p2a: Green catulon|6\/100\n|-damage|p1a: Dondozo|77\/100 slp|[from] Recoil\n|\n|-heal|p1a: Dondozo|83\/100 slp|[from] item: Leftovers\n|upkeep\n|turn|25\n|inactive|yuchenflare has 30 seconds left this turn.\n|inactive|yuchenflare has 20 seconds left.\n|inactive|yuchenflare has 15 seconds left.\n|inactive|yuchenflare has 10 seconds left.\n|\n|t:|1699548187\n|move|p2a: Green catulon|Knock Off|p1a: Dondozo\n|-damage|p1a: Dondozo|63\/100 slp\n|-enditem|p1a: Dondozo|Leftovers|[from] move: Knock Off|[of] p2a: Green catulon\n|-damage|p2a: Green catulon|0 fnt|[from] item: Life Orb\n|faint|p2a: Green catulon\n|-curestatus|p1a: Dondozo|slp|[msg]\n|move|p1a: Dondozo|Wave Crash|p2: Green catulon|[notarget]\n|-fail|p1a: Dondozo\n|\n|upkeep\n|inactive|yuchenflare has 15 seconds left this turn.\n|\n|t:|1699548197\n|switch|p2a: Rose toy|Porygon-Z|100\/100\n|-damage|p2a: Rose toy|88\/100|[from] Stealth Rock\n|-ability|p2a: Rose toy|Download|boost\n|-boost|p2a: Rose toy|spa|1\n|turn|26\n|inactive|yuchenflare has 25 seconds left this turn.\n|inactive|yuchenflare has 20 seconds left.\n|inactive|yuchenflare has 15 seconds left.\n|inactive|yuchenflare has 10 seconds left.\n|\n|t:|1699548212\n|switch|p1a: Tapu Koko|Tapu Koko|88\/100\n|-damage|p1a: Tapu Koko|75\/100|[from] Stealth Rock\n|-fieldstart|move: Electric Terrain|[from] ability: Electric Surge|[of] p1a: Tapu Koko\n|move|p2a: Rose toy|Conversion 2||[still]\n|-fail|p2a: Rose toy\n|\n|upkeep\n|turn|27\n|inactive|yuchenflare has 20 seconds left this turn.\n|inactive|yuchenflare has 15 seconds left.\n|inactive|yuchenflare has 10 seconds left.\n|\n|t:|1699548223\n|move|p1a: Tapu Koko|Light Screen|p1a: Tapu Koko\n|-sidestart|p1: yuchenflare|move: Light Screen\n|-zpower|p2a: Rose toy\n|move|p2a: Rose toy|Z-Conversion|p2a: Rose toy|[anim]Conversion\n|-boost|p2a: Rose toy|atk|1|[zeffect]\n|-boost|p2a: Rose toy|def|1|[zeffect]\n|-boost|p2a: Rose toy|spa|1|[zeffect]\n|-boost|p2a: Rose toy|spd|1|[zeffect]\n|-boost|p2a: Rose toy|spe|1|[zeffect]\n|-start|p2a: Rose toy|typechange|Electric\n|\n|upkeep\n|turn|28\n|inactive|yuchenflare has 20 seconds left this turn.\n|inactive|yuchenflare has 15 seconds left.\n|inactive|yuchenflare has 10 seconds left.\n|\n|t:|1699548236\n|move|p2a: Rose toy|Tri Attack|p1a: Tapu Koko\n|-damage|p1a: Tapu Koko|42\/100\n|move|p1a: Tapu Koko|Reflect|p1a: Tapu Koko\n|-sidestart|p1: yuchenflare|Reflect\n|\n|upkeep\n|turn|29\n|inactive|yuchenflare has 20 seconds left this turn.\n|inactive|yuchenflare has 15 seconds left.\n|\n|t:|1699548242\n|move|p2a: Rose toy|Tri Attack|p1a: Tapu Koko\n|-damage|p1a: Tapu Koko|7\/100\n|move|p1a: Tapu Koko|Nature's Madness|p2a: Rose toy\n|-damage|p2a: Rose toy|45\/100\n|\n|upkeep\n|turn|30\n|inactive|yuchenflare has 25 seconds left this turn.\n|inactive|yuchenflare has 20 seconds left.\n|\n|t:|1699548248\n|move|p2a: Rose toy|Tri Attack|p1a: Tapu Koko\n|-crit|p1a: Tapu Koko\n|-damage|p1a: Tapu Koko|0 fnt\n|faint|p1a: Tapu Koko\n|\n|-fieldend|move: Electric Terrain\n|upkeep\n|inactive|yuchenflare has 25 seconds left this turn.\n|inactive|yuchenflare has 20 seconds left.\n|\n|t:|1699548257\n|switch|p1a: Great Tusk|Great Tusk|100\/100\n|-damage|p1a: Great Tusk|98\/100|[from] Stealth Rock\n|turn|31\n|inactive|yuchenflare has 30 seconds left this turn.\n|inactive|yuchenflare has 20 seconds left.\n|\n|t:|1699548268\n|move|p2a: Rose toy|Tri Attack|p1a: Great Tusk\n|-crit|p1a: Great Tusk\n|-damage|p1a: Great Tusk|0 fnt\n|faint|p1a: Great Tusk\n|-end|p1a: Great Tusk|Protosynthesis|[silent]\n|\n|upkeep\n|inactive|yuchenflare has 25 seconds left this turn.\n|inactive|yuchenflare has 20 seconds left.\n|\n|t:|1699548277\n|switch|p1a: Ferrothorn|Ferrothorn, F, shiny|100\/100\n|-damage|p1a: Ferrothorn|94\/100|[from] Stealth Rock\n|turn|32\n|inactive|yuchenflare has 30 seconds left this turn.\n|\n|t:|1699548284\n|move|p2a: Rose toy|Tri Attack|p1a: Ferrothorn\n|-resisted|p1a: Ferrothorn\n|-damage|p1a: Ferrothorn|85\/100\n|move|p1a: Ferrothorn|Gyro Ball|p2a: Rose toy\n|-resisted|p2a: Rose toy\n|-damage|p2a: Rose toy|23\/100\n|\n|-heal|p1a: Ferrothorn|91\/100|[from] item: Leftovers\n|upkeep\n|turn|33\n|inactive|yuchenflare has 30 seconds left.\n|\n|t:|1699548298\n|move|p2a: Rose toy|Conversion 2|p1a: Ferrothorn\n|-start|p2a: Rose toy|typechange|Fire\n|move|p1a: Ferrothorn|Gyro Ball|p2a: Rose toy\n|-resisted|p2a: Rose toy\n|-damage|p2a: Rose toy|0 fnt\n|faint|p2a: Rose toy\n|\n|-heal|p1a: Ferrothorn|97\/100|[from] item: Leftovers\n|upkeep\n|inactive|yuchenflare has 30 seconds left this turn.\n|\n|t:|1699548303\n|switch|p2a: Mastobate|Great Tusk|100\/100\n|turn|34\n|\n|t:|1699548312\n|move|p2a: Mastobate|Bulk Up|p2a: Mastobate\n|-boost|p2a: Mastobate|atk|1\n|-boost|p2a: Mastobate|def|1\n|move|p1a: Ferrothorn|Leech Seed|p2a: Mastobate\n|-start|p2a: Mastobate|move: Leech Seed\n|\n|-heal|p1a: Ferrothorn|100\/100|[from] item: Leftovers\n|-damage|p2a: Mastobate|88\/100|[from] Leech Seed|[of] p1a: Ferrothorn\n|-sideend|p1: yuchenflare|move: Light Screen\n|upkeep\n|turn|35\n|\n|t:|1699548317\n|switch|p1a: Dondozo|Dondozo, M, tera:Steel|63\/100\n|-damage|p1a: Dondozo|57\/100|[from] Stealth Rock\n|move|p2a: Mastobate|Bulk Up|p2a: Mastobate\n|-boost|p2a: Mastobate|atk|1\n|-boost|p2a: Mastobate|def|1\n|\n|-damage|p2a: Mastobate|76\/100|[from] Leech Seed|[of] p1a: Dondozo\n|-heal|p1a: Dondozo|68\/100|[silent]\n|-sideend|p1: yuchenflare|Reflect\n|upkeep\n|turn|36\n|\n|t:|1699548336\n|switch|p1a: Ferrothorn|Ferrothorn, F, shiny|100\/100\n|-damage|p1a: Ferrothorn|94\/100|[from] Stealth Rock\n|move|p2a: Mastobate|Body Press|p1a: Ferrothorn\n|-supereffective|p1a: Ferrothorn\n|-damage|p1a: Ferrothorn|0 fnt\n|-damage|p2a: Mastobate|63\/100|[from] ability: Iron Barbs|[of] p1a: Ferrothorn\n|faint|p1a: Ferrothorn\n|\n|upkeep\n|\n|t:|1699548344\n|switch|p1a: Dondozo|Dondozo, M, tera:Steel|68\/100\n|-damage|p1a: Dondozo|62\/100|[from] Stealth Rock\n|turn|37\n|\n|t:|1699548349\n|move|p2a: Mastobate|Body Press|p1a: Dondozo\n|-supereffective|p1a: Dondozo\n|-damage|p1a: Dondozo|19\/100\n|move|p1a: Dondozo|Wave Crash|p2a: Mastobate\n|-supereffective|p2a: Mastobate\n|-damage|p2a: Mastobate|21\/100\n|-damage|p1a: Dondozo|7\/100|[from] Recoil\n|\n|-damage|p2a: Mastobate|9\/100|[from] Leech Seed|[of] p1a: Dondozo\n|-heal|p1a: Dondozo|18\/100|[silent]\n|upkeep\n|turn|38\n|\n|t:|1699548361\n|move|p2a: Mastobate|Body Press|p1a: Dondozo\n|-supereffective|p1a: Dondozo\n|-damage|p1a: Dondozo|0 fnt\n|faint|p1a: Dondozo\n|\n|win|Wehoo12000\n|raw|yuchenflare's rating: 1164 &rarr; <strong>1141<\/strong><br \/>(-23 for losing)\n|raw|Wehoo12000's rating: 1191 &rarr; <strong>1214<\/strong><br \/>(+23 for winning)\n|l|\u2606yuchenflare\n","uploadtime":1699548370,"views":25,"p1id":"yuchenflare","p2id":"wehoo12000","formatid":"gen9nationaldex","rating":1141,"private":0,"password":""}