{"id":"gen9nationaldex-1998589532","p1":"Zersturer23","p2":"onoozononoz","format":"[Gen 9] National Dex","log":"|html|<div class=\"broadcast-blue\"><strong>[Gen 9] National Dex is currently suspecting Sneasler! For information on how to participate check out the <a href=\"https:\/\/www.smogon.com\/forums\/threads\/sv-national-dex-suspect-8-just-dance.3731534\/\">suspect thread<\/a>.<\/strong><\/div>\n|j|\u2606Zersturer23\n|j|\u2606onoozononoz\n|t:|1700960040\n|gametype|singles\n|player|p1|Zersturer23|169|1133\n|player|p2|onoozononoz|265|1044\n|teamsize|p1|6\n|teamsize|p2|6\n|gen|9\n|tier|[Gen 9] National Dex\n|rated|\n|rule|HP Percentage Mod: HP is shown in percentages\n|rule|Endless Battle Clause: Forcing endless battles is banned\n|rule|OHKO Clause: OHKO moves are banned\n|rule|Evasion Clause: Evasion abilities, items, and moves are banned\n|rule|Evasion Abilities Clause: Evasion abilities are banned\n|rule|Evasion Items Clause: Evasion items are banned\n|rule|Evasion Moves Clause: Evasion moves are banned\n|rule|Species Clause: Limit one of each Pok\u00e9mon\n|rule|Sleep Clause Mod: Limit one foe put to sleep\n|clearpoke\n|poke|p1|Torterra, F|\n|poke|p1|Garchomp, M|\n|poke|p1|Charizard, F|\n|poke|p1|Great Tusk|\n|poke|p1|Toxapex, M|\n|poke|p1|Tyranitar, M|\n|poke|p2|Centiskorch, F|\n|poke|p2|Gourgeist-*, M|\n|poke|p2|Steelix, M|\n|poke|p2|Wigglytuff, F|\n|poke|p2|Chesnaught, M|\n|poke|p2|Excadrill, M|\n|teampreview\n|\n|t:|1700960089\n|start\n|switch|p1a: Tyranitar|Tyranitar, M|100\/100\n|switch|p2a: Wigglytuff|Wigglytuff, F, shiny|100\/100\n|-weather|Sandstorm|[from] ability: Sand Stream|[of] p1a: Tyranitar\n|turn|1\n|\n|t:|1700960120\n|switch|p1a: Toxapex|Toxapex, M|100\/100\n|move|p2a: Wigglytuff|Ice Beam|p1a: Toxapex\n|-resisted|p1a: Toxapex\n|-damage|p1a: Toxapex|93\/100\n|\n|-weather|Sandstorm|[upkeep]\n|-damage|p2a: Wigglytuff|94\/100|[from] Sandstorm\n|-damage|p1a: Toxapex|86\/100|[from] Sandstorm\n|-heal|p1a: Toxapex|93\/100|[from] item: Black Sludge\n|upkeep\n|turn|2\n|\n|t:|1700960131\n|move|p2a: Wigglytuff|Thunderbolt|p1a: Toxapex\n|-supereffective|p1a: Toxapex\n|-damage|p1a: Toxapex|62\/100\n|move|p1a: Toxapex|Scald|p2a: Wigglytuff\n|-damage|p2a: Wigglytuff|80\/100\n|\n|-weather|Sandstorm|[upkeep]\n|-damage|p2a: Wigglytuff|74\/100|[from] Sandstorm\n|-damage|p1a: Toxapex|55\/100|[from] Sandstorm\n|-heal|p1a: Toxapex|62\/100|[from] item: Black Sludge\n|upkeep\n|turn|3\n|\n|t:|1700960142\n|move|p2a: Wigglytuff|Thunderbolt|p1a: Toxapex\n|-supereffective|p1a: Toxapex\n|-damage|p1a: Toxapex|30\/100\n|move|p1a: Toxapex|Recover|p1a: Toxapex\n|-heal|p1a: Toxapex|80\/100\n|\n|-weather|Sandstorm|[upkeep]\n|-damage|p2a: Wigglytuff|68\/100|[from] Sandstorm\n|-damage|p1a: Toxapex|74\/100|[from] Sandstorm\n|-heal|p1a: Toxapex|80\/100|[from] item: Black Sludge\n|upkeep\n|turn|4\n|\n|t:|1700960155\n|move|p2a: Wigglytuff|Thunderbolt|p1a: Toxapex\n|-supereffective|p1a: Toxapex\n|-damage|p1a: Toxapex|47\/100\n|move|p1a: Toxapex|Recover|p1a: Toxapex\n|-heal|p1a: Toxapex|97\/100\n|\n|-weather|Sandstorm|[upkeep]\n|-damage|p2a: Wigglytuff|62\/100|[from] Sandstorm\n|-damage|p1a: Toxapex|91\/100|[from] Sandstorm\n|-heal|p1a: Toxapex|97\/100|[from] item: Black Sludge\n|upkeep\n|turn|5\n|\n|t:|1700960175\n|move|p2a: Wigglytuff|Thunderbolt|p1a: Toxapex\n|-supereffective|p1a: Toxapex\n|-damage|p1a: Toxapex|66\/100\n|move|p1a: Toxapex|Scald|p2a: Wigglytuff\n|-damage|p2a: Wigglytuff|44\/100\n|\n|-weather|none\n|-heal|p1a: Toxapex|73\/100|[from] item: Black Sludge\n|upkeep\n|turn|6\n|\n|t:|1700960185\n|move|p2a: Wigglytuff|Thunderbolt|p1a: Toxapex\n|-supereffective|p1a: Toxapex\n|-damage|p1a: Toxapex|42\/100\n|move|p1a: Toxapex|Recover|p1a: Toxapex\n|-heal|p1a: Toxapex|92\/100\n|\n|-heal|p1a: Toxapex|98\/100|[from] item: Black Sludge\n|upkeep\n|turn|7\n|c|\u2606Zersturer23|You do know you're loosing this exchange right ?\n|c|\u2606Zersturer23|Unless you have heals on your wigglytuff, it's better to just switch\n|\n|t:|1700960263\n|move|p2a: Wigglytuff|Thunderbolt|p1a: Toxapex\n|-supereffective|p1a: Toxapex\n|-damage|p1a: Toxapex|68\/100\n|move|p1a: Toxapex|Scald|p2a: Wigglytuff\n|-damage|p2a: Wigglytuff|29\/100\n|\n|-heal|p1a: Toxapex|74\/100|[from] item: Black Sludge\n|upkeep\n|turn|8\n|\n|t:|1700960275\n|move|p2a: Wigglytuff|Thunderbolt|p1a: Toxapex\n|-supereffective|p1a: Toxapex\n|-damage|p1a: Toxapex|43\/100\n|move|p1a: Toxapex|Recover|p1a: Toxapex\n|-heal|p1a: Toxapex|93\/100\n|\n|-heal|p1a: Toxapex|99\/100|[from] item: Black Sludge\n|upkeep\n|turn|9\n|\n|t:|1700960296\n|move|p2a: Wigglytuff|Thunderbolt|p1a: Toxapex\n|-supereffective|p1a: Toxapex\n|-damage|p1a: Toxapex|70\/100\n|move|p1a: Toxapex|Scald|p2a: Wigglytuff\n|-damage|p2a: Wigglytuff|13\/100\n|\n|-heal|p1a: Toxapex|76\/100|[from] item: Black Sludge\n|upkeep\n|turn|10\n|\n|t:|1700960309\n|move|p2a: Wigglytuff|Thunderbolt|p1a: Toxapex\n|-supereffective|p1a: Toxapex\n|-damage|p1a: Toxapex|48\/100\n|move|p1a: Toxapex|Recover|p1a: Toxapex\n|-heal|p1a: Toxapex|98\/100\n|\n|-heal|p1a: Toxapex|100\/100|[from] item: Black Sludge\n|upkeep\n|turn|11\n|\n|t:|1700960322\n|move|p2a: Wigglytuff|Thunderbolt|p1a: Toxapex\n|-supereffective|p1a: Toxapex\n|-damage|p1a: Toxapex|70\/100\n|move|p1a: Toxapex|Scald|p2a: Wigglytuff\n|-damage|p2a: Wigglytuff|0 fnt\n|faint|p2a: Wigglytuff\n|\n|-heal|p1a: Toxapex|76\/100|[from] item: Black Sludge\n|upkeep\n|\n|t:|1700960337\n|switch|p2a: Gourgeist|Gourgeist-Super, M, shiny|100\/100\n|-item|p1a: Toxapex|Black Sludge|[from] ability: Frisk|[of] p2a: Gourgeist|[identify]\n|turn|12\n|\n|t:|1700960353\n|move|p1a: Toxapex|Baneful Bunker|p1a: Toxapex\n|-singleturn|p1a: Toxapex|move: Protect\n|move|p2a: Gourgeist|Phantom Force||[still]\n|-prepare|p2a: Gourgeist|Phantom Force\n|\n|-heal|p1a: Toxapex|83\/100|[from] item: Black Sludge\n|upkeep\n|turn|13\n|\n|t:|1700960392\n|move|p1a: Toxapex|Baneful Bunker||[still]\n|-fail|p1a: Toxapex\n|move|p2a: Gourgeist|Phantom Force|p1a: Toxapex|[from]lockedmove\n|-crit|p1a: Toxapex\n|-damage|p1a: Toxapex|44\/100\n|\n|-heal|p1a: Toxapex|50\/100|[from] item: Black Sludge\n|upkeep\n|turn|14\n|\n|t:|1700960406\n|move|p2a: Gourgeist|Leech Seed|p1a: Toxapex\n|-start|p1a: Toxapex|move: Leech Seed\n|move|p1a: Toxapex|Recover|p1a: Toxapex\n|-heal|p1a: Toxapex|99\/100\n|\n|-heal|p1a: Toxapex|100\/100|[from] item: Black Sludge\n|-damage|p1a: Toxapex|88\/100|[from] Leech Seed|[of] p2a: Gourgeist\n|upkeep\n|turn|15\n|l|\u2606onoozononoz\n|player|p2|\n|j|\u2606onoozononoz\n|player|p2|onoozononoz|265\n|\n|t:|1700960468\n|move|p2a: Gourgeist|Will-O-Wisp|p1a: Toxapex\n|-status|p1a: Toxapex|brn\n|move|p1a: Toxapex|Scald|p2a: Gourgeist\n|-resisted|p2a: Gourgeist\n|-damage|p2a: Gourgeist|92\/100\n|-status|p2a: Gourgeist|brn\n|\n|-heal|p2a: Gourgeist|98\/100 brn|[from] item: Leftovers\n|-heal|p1a: Toxapex|94\/100 brn|[from] item: Black Sludge\n|-damage|p1a: Toxapex|82\/100 brn|[from] Leech Seed|[of] p2a: Gourgeist\n|-heal|p2a: Gourgeist|100\/100 brn|[silent]\n|-damage|p2a: Gourgeist|94\/100 brn|[from] brn\n|-damage|p1a: Toxapex|75\/100 brn|[from] brn\n|upkeep\n|turn|16\n|\n|t:|1700960484\n|move|p2a: Gourgeist|Phantom Force||[still]\n|-prepare|p2a: Gourgeist|Phantom Force\n|move|p1a: Toxapex|Recover|p1a: Toxapex\n|-heal|p1a: Toxapex|100\/100 brn\n|\n|-heal|p2a: Gourgeist|100\/100 brn|[from] item: Leftovers\n|-damage|p1a: Toxapex|88\/100 brn|[from] Leech Seed|[of] p2a: Gourgeist\n|-damage|p2a: Gourgeist|94\/100 brn|[from] brn\n|-damage|p1a: Toxapex|82\/100 brn|[from] brn\n|upkeep\n|turn|17\n|\n|t:|1700960498\n|move|p1a: Toxapex|Baneful Bunker|p1a: Toxapex\n|-singleturn|p1a: Toxapex|move: Protect\n|move|p2a: Gourgeist|Phantom Force|p1a: Toxapex|[from]lockedmove\n|-activate|p1a: Toxapex|move: Phantom Force|[broken]\n|-damage|p1a: Toxapex|70\/100 brn\n|\n|-heal|p2a: Gourgeist|100\/100 brn|[from] item: Leftovers\n|-heal|p1a: Toxapex|76\/100 brn|[from] item: Black Sludge\n|-damage|p1a: Toxapex|64\/100 brn|[from] Leech Seed|[of] p2a: Gourgeist\n|-damage|p2a: Gourgeist|94\/100 brn|[from] brn\n|-damage|p1a: Toxapex|57\/100 brn|[from] brn\n|upkeep\n|turn|18\n|\n|t:|1700960523\n|move|p2a: Gourgeist|Synthesis|p2a: Gourgeist\n|-heal|p2a: Gourgeist|100\/100 brn\n|move|p1a: Toxapex|Recover|p1a: Toxapex\n|-heal|p1a: Toxapex|100\/100 brn\n|\n|-damage|p1a: Toxapex|88\/100 brn|[from] Leech Seed|[of] p2a: Gourgeist\n|-damage|p2a: Gourgeist|94\/100 brn|[from] brn\n|-damage|p1a: Toxapex|82\/100 brn|[from] brn\n|upkeep\n|turn|19\n|\n|t:|1700960539\n|move|p2a: Gourgeist|Phantom Force||[still]\n|-prepare|p2a: Gourgeist|Phantom Force\n|move|p1a: Toxapex|Scald|p2a: Gourgeist|[miss]\n|-miss|p1a: Toxapex|p2a: Gourgeist\n|\n|-heal|p2a: Gourgeist|100\/100 brn|[from] item: Leftovers\n|-heal|p1a: Toxapex|88\/100 brn|[from] item: Black Sludge\n|-damage|p1a: Toxapex|75\/100 brn|[from] Leech Seed|[of] p2a: Gourgeist\n|-damage|p2a: Gourgeist|94\/100 brn|[from] brn\n|-damage|p1a: Toxapex|69\/100 brn|[from] brn\n|upkeep\n|turn|20\n|\n|t:|1700960570\n|switch|p1a: Tyranitar|Tyranitar, M|100\/100\n|-weather|Sandstorm|[from] ability: Sand Stream|[of] p1a: Tyranitar\n|move|p2a: Gourgeist|Phantom Force|p1a: Tyranitar|[from]lockedmove\n|-resisted|p1a: Tyranitar\n|-damage|p1a: Tyranitar|95\/100\n|\n|-weather|Sandstorm|[upkeep]\n|-damage|p2a: Gourgeist|88\/100 brn|[from] Sandstorm\n|-heal|p2a: Gourgeist|94\/100 brn|[from] item: Leftovers\n|-damage|p2a: Gourgeist|88\/100 brn|[from] brn\n|upkeep\n|turn|21\n|\n|t:|1700960591\n|move|p1a: Tyranitar|Pursuit|p2a: Gourgeist\n|-supereffective|p2a: Gourgeist\n|-damage|p2a: Gourgeist|55\/100 brn\n|move|p2a: Gourgeist|Leech Seed|p1a: Tyranitar\n|-start|p1a: Tyranitar|move: Leech Seed\n|\n|-weather|Sandstorm|[upkeep]\n|-damage|p2a: Gourgeist|48\/100 brn|[from] Sandstorm\n|-heal|p2a: Gourgeist|55\/100 brn|[from] item: Leftovers\n|-damage|p1a: Tyranitar|82\/100|[from] Leech Seed|[of] p2a: Gourgeist\n|-heal|p2a: Gourgeist|68\/100 brn|[silent]\n|-damage|p2a: Gourgeist|62\/100 brn|[from] brn\n|upkeep\n|turn|22\n|\n|t:|1700960605\n|switch|p1a: Charizard|Charizard, F|100\/100\n|move|p2a: Gourgeist|Phantom Force||[still]\n|-prepare|p2a: Gourgeist|Phantom Force\n|\n|-weather|Sandstorm|[upkeep]\n|-damage|p1a: Charizard|94\/100|[from] Sandstorm\n|-damage|p2a: Gourgeist|56\/100 brn|[from] Sandstorm\n|-heal|p2a: Gourgeist|62\/100 brn|[from] item: Leftovers\n|-damage|p2a: Gourgeist|56\/100 brn|[from] brn\n|upkeep\n|turn|23\n|\n|t:|1700960648\n|detailschange|p1a: Charizard|Charizard-Mega-Y, F\n|-mega|p1a: Charizard|Charizard|Charizardite Y\n|-weather|SunnyDay|[from] ability: Drought|[of] p1a: Charizard\n|move|p1a: Charizard|Fire Blast|p2a: Gourgeist|[miss]\n|-miss|p1a: Charizard|p2a: Gourgeist\n|move|p2a: Gourgeist|Phantom Force|p1a: Charizard|[from]lockedmove\n|-damage|p1a: Charizard|73\/100\n|\n|-weather|SunnyDay|[upkeep]\n|-heal|p2a: Gourgeist|62\/100 brn|[from] item: Leftovers\n|-damage|p2a: Gourgeist|56\/100 brn|[from] brn\n|upkeep\n|turn|24\n|\n|t:|1700960663\n|move|p1a: Charizard|Fire Blast|p2a: Gourgeist\n|-supereffective|p2a: Gourgeist\n|-damage|p2a: Gourgeist|0 fnt\n|faint|p2a: Gourgeist\n|\n|-weather|SunnyDay|[upkeep]\n|upkeep\n|\n|t:|1700960680\n|switch|p2a: Steelix|Steelix, M, shiny|100\/100\n|turn|25\n|\n|t:|1700960686\n|move|p1a: Charizard|Fire Blast|p2a: Steelix\n|-supereffective|p2a: Steelix\n|-ability|p2a: Steelix|Sturdy\n|-damage|p2a: Steelix|1\/100\n|move|p2a: Steelix|Smack Down|p1a: Charizard\n|-supereffective|p1a: Charizard\n|-damage|p1a: Charizard|0 fnt\n|faint|p1a: Charizard\n|\n|-weather|SunnyDay|[upkeep]\n|upkeep\n|\n|t:|1700960708\n|switch|p1a: Great Tusk|Great Tusk|100\/100\n|-activate|p1a: Great Tusk|ability: Protosynthesis\n|-start|p1a: Great Tusk|protosynthesisdef\n|turn|26\n|\n|t:|1700960717\n|move|p1a: Great Tusk|Rapid Spin|p2a: Steelix\n|-resisted|p2a: Steelix\n|-damage|p2a: Steelix|0 fnt\n|-boost|p1a: Great Tusk|spe|1\n|faint|p2a: Steelix\n|\n|-weather|SunnyDay|[upkeep]\n|upkeep\n|\n|t:|1700960732\n|switch|p2a: Chesnaught|Chesnaught, M, shiny|100\/100\n|turn|27\n|\n|t:|1700960744\n|move|p1a: Great Tusk|Ice Spinner|p2a: Chesnaught\n|-supereffective|p2a: Chesnaught\n|-damage|p2a: Chesnaught|65\/100\n|move|p2a: Chesnaught|Seed Bomb|p1a: Great Tusk\n|-supereffective|p1a: Great Tusk\n|-damage|p1a: Great Tusk|72\/100\n|\n|-weather|none\n|-end|p1a: Great Tusk|Protosynthesis\n|upkeep\n|turn|28\n|\n|t:|1700960763\n|move|p1a: Great Tusk|Ice Spinner|p2a: Chesnaught\n|-supereffective|p2a: Chesnaught\n|-damage|p2a: Chesnaught|34\/100\n|move|p2a: Chesnaught|Seed Bomb|p1a: Great Tusk\n|-supereffective|p1a: Great Tusk\n|-damage|p1a: Great Tusk|38\/100\n|\n|upkeep\n|turn|29\n|\n|t:|1700960771\n|-terastallize|p1a: Great Tusk|Steel\n|move|p1a: Great Tusk|Ice Spinner|p2a: Chesnaught\n|-supereffective|p2a: Chesnaught\n|-damage|p2a: Chesnaught|4\/100\n|move|p2a: Chesnaught|Seed Bomb|p1a: Great Tusk\n|-resisted|p1a: Great Tusk\n|-damage|p1a: Great Tusk|24\/100\n|\n|upkeep\n|turn|30\n|\n|t:|1700960782\n|move|p1a: Great Tusk|Knock Off|p2a: Chesnaught\n|-resisted|p2a: Chesnaught\n|-damage|p2a: Chesnaught|0 fnt\n|-enditem|p2a: Chesnaught|Assault Vest|[from] move: Knock Off|[of] p1a: Great Tusk\n|faint|p2a: Chesnaught\n|\n|upkeep\n|\n|t:|1700960788\n|switch|p2a: Centiskorch|Centiskorch, F, shiny|100\/100\n|turn|31\n|\n|t:|1700960812\n|move|p1a: Great Tusk|Knock Off|p2a: Centiskorch\n|-damage|p2a: Centiskorch|75\/100\n|-enditem|p2a: Centiskorch|Sitrus Berry|[from] move: Knock Off|[of] p1a: Great Tusk\n|move|p2a: Centiskorch|Flamethrower|p1a: Great Tusk\n|-supereffective|p1a: Great Tusk\n|-damage|p1a: Great Tusk|0 fnt\n|faint|p1a: Great Tusk\n|-end|p1a: Great Tusk|Protosynthesis|[silent]\n|\n|upkeep\n|\n|t:|1700960827\n|switch|p1a: Garchomp|Garchomp, M|100\/100\n|turn|32\n|\n|t:|1700960833\n|move|p1a: Garchomp|Earthquake|p2a: Centiskorch\n|-damage|p2a: Centiskorch|32\/100\n|move|p2a: Centiskorch|Coil|p2a: Centiskorch\n|-boost|p2a: Centiskorch|atk|1\n|-boost|p2a: Centiskorch|def|1\n|-boost|p2a: Centiskorch|accuracy|1\n|\n|upkeep\n|turn|33\n|\n|t:|1700960842\n|move|p1a: Garchomp|Earthquake|p2a: Centiskorch\n|-damage|p2a: Centiskorch|1\/100\n|move|p2a: Centiskorch|Leech Life|p1a: Garchomp\n|-damage|p1a: Garchomp|50\/100\n|-heal|p2a: Centiskorch|23\/100|[from] drain|[of] p1a: Garchomp\n|-damage|p2a: Centiskorch|11\/100|[from] ability: Rough Skin|[of] p1a: Garchomp\n|\n|upkeep\n|turn|34\n|\n|t:|1700960851\n|move|p1a: Garchomp|Earthquake|p2a: Centiskorch\n|-damage|p2a: Centiskorch|0 fnt\n|faint|p2a: Centiskorch\n|\n|upkeep\n|\n|t:|1700960870\n|switch|p2a: Excadrill|Excadrill, M, shiny|100\/100\n|-ability|p2a: Excadrill|Mold Breaker\n|turn|35\n|\n|t:|1700960877\n|move|p1a: Garchomp|Earthquake|p2a: Excadrill\n|-supereffective|p2a: Excadrill\n|-enditem|p2a: Excadrill|Focus Sash\n|-damage|p2a: Excadrill|1\/100\n|move|p2a: Excadrill|Earthquake|p1a: Garchomp\n|-damage|p1a: Garchomp|0 fnt\n|faint|p1a: Garchomp\n|\n|upkeep\n|\n|t:|1700960885\n|switch|p1a: Torterra|Torterra, F|100\/100\n|turn|36\n|\n|t:|1700960890\n|move|p2a: Excadrill|X-Scissor|p1a: Torterra\n|-supereffective|p1a: Torterra\n|-damage|p1a: Torterra|46\/100\n|move|p1a: Torterra|Seed Bomb|p2a: Excadrill\n|-damage|p2a: Excadrill|0 fnt\n|faint|p2a: Excadrill\n|\n|win|Zersturer23\n|raw|Zersturer23's rating: 1133 &rarr; <strong>1152<\/strong><br \/>(+19 for winning)\n|raw|onoozononoz's rating: 1044 &rarr; <strong>1032<\/strong><br \/>(-12 for losing)\n|l|\u2606onoozononoz\n","uploadtime":1700960902,"views":2,"p1id":"zersturer23","p2id":"onoozononoz","formatid":"gen9nationaldex","rating":1032,"private":0,"password":""}