{"id":"gen9nationaldex-1998921793","p1":"lawrenceyu","p2":"wastedogg","format":"[Gen 9] National Dex","log":"|html|<div class=\"broadcast-blue\"><strong>[Gen 9] National Dex is currently suspecting Sneasler! For information on how to participate check out the <a href=\"https:\/\/www.smogon.com\/forums\/threads\/sv-national-dex-suspect-8-just-dance.3731534\/\">suspect thread<\/a>.<\/strong><\/div>\n|j|\u2606lawrenceyu\n|j|\u2606wastedogg\n|t:|1701013384\n|gametype|singles\n|player|p1|lawrenceyu|1|1598\n|player|p2|wastedogg|blackbelt-gen4dp|1667\n|teamsize|p1|6\n|teamsize|p2|6\n|gen|9\n|tier|[Gen 9] National Dex\n|rated|\n|rule|HP Percentage Mod: HP is shown in percentages\n|rule|Endless Battle Clause: Forcing endless battles is banned\n|rule|OHKO Clause: OHKO moves are banned\n|rule|Evasion Clause: Evasion abilities, items, and moves are banned\n|rule|Evasion Abilities Clause: Evasion abilities are banned\n|rule|Evasion Items Clause: Evasion items are banned\n|rule|Evasion Moves Clause: Evasion moves are banned\n|rule|Species Clause: Limit one of each Pok\u00e9mon\n|rule|Sleep Clause Mod: Limit one foe put to sleep\n|clearpoke\n|poke|p1|Toxapex, F|\n|poke|p1|Sirfetch\u2019d, F|\n|poke|p1|Tapu Lele|\n|poke|p1|Ferrothorn, M|\n|poke|p1|Landorus-Therian, M|\n|poke|p1|Diancie|\n|poke|p2|Tauros-Paldea-Blaze, M|\n|poke|p2|Ogerpon-Wellspring, F|\n|poke|p2|Corviknight, M|\n|poke|p2|Garchomp, M|\n|poke|p2|Diancie|\n|poke|p2|Lokix, M|\n|teampreview\n|j| ybbjj\n|j| leona misa\n|inactive|Battle timer is ON: inactive players will automatically lose when time's up. (requested by lawrenceyu)\n|\n|t:|1701013408\n|start\n|switch|p1a: Landorus|Landorus-Therian, M|100\/100\n|switch|p2a: Lokix|Lokix, M|100\/100\n|-ability|p1a: Landorus|Intimidate|boost\n|-unboost|p2a: Lokix|atk|1\n|turn|1\n|\n|t:|1701013419\n|switch|p1a: Toxapex|Toxapex, F|100\/100\n|move|p2a: Lokix|U-turn|p1a: Toxapex\n|-resisted|p1a: Toxapex\n|-damage|p1a: Toxapex|81\/100\n|-damage|p2a: Lokix|84\/100|[from] item: Rocky Helmet|[of] p1a: Toxapex\n|-damage|p2a: Lokix|74\/100|[from] item: Life Orb\n|\n|t:|1701013428\n|switch|p2a: Garchomp|Garchomp, M|100\/100|[from] U-turn\n|\n|upkeep\n|turn|2\n|j| NicksRokaya\n|\n|t:|1701013435\n|switch|p1a: Landorus|Landorus-Therian, M|100\/100\n|-ability|p1a: Landorus|Intimidate|boost\n|-unboost|p2a: Garchomp|atk|1\n|move|p2a: Garchomp|Swords Dance|p2a: Garchomp\n|-boost|p2a: Garchomp|atk|2\n|\n|upkeep\n|turn|3\n|\n|t:|1701013443\n|switch|p1a: Diancie|Diancie|100\/100\n|move|p2a: Garchomp|Scale Shot|p1a: Diancie\n|-immune|p1a: Diancie\n|\n|upkeep\n|turn|4\n|j| lingnabeier\n|\n|t:|1701013455\n|switch|p2a: Corviknight|Corviknight, M|100\/100\n|-ability|p2a: Corviknight|Pressure\n|detailschange|p1a: Diancie|Diancie-Mega\n|-mega|p1a: Diancie|Diancie|Diancite\n|move|p1a: Diancie|Moonblast|p2a: Corviknight\n|-resisted|p2a: Corviknight\n|-damage|p2a: Corviknight|81\/100\n|\n|upkeep\n|turn|5\n|\n|t:|1701013476\n|move|p1a: Diancie|Mystical Fire|p2a: Corviknight\n|-supereffective|p2a: Corviknight\n|-crit|p2a: Corviknight\n|-damage|p2a: Corviknight|17\/100\n|move|p2a: Corviknight|Body Press|p1a: Diancie\n|-damage|p1a: Diancie|75\/100\n|\n|upkeep\n|turn|6\n|\n|t:|1701013485\n|move|p1a: Diancie|Stealth Rock|p2a: Corviknight\n|-sidestart|p2: wastedogg|move: Stealth Rock\n|move|p2a: Corviknight|Roost|p2a: Corviknight\n|-heal|p2a: Corviknight|67\/100\n|-singleturn|p2a: Corviknight|move: Roost\n|\n|upkeep\n|turn|7\n|\n|t:|1701013491\n|move|p1a: Diancie|Mystical Fire|p2a: Corviknight\n|-supereffective|p2a: Corviknight\n|-damage|p2a: Corviknight|22\/100\n|move|p2a: Corviknight|Roost|p2a: Corviknight\n|-heal|p2a: Corviknight|72\/100\n|-singleturn|p2a: Corviknight|move: Roost\n|\n|upkeep\n|turn|8\n|\n|t:|1701013498\n|move|p1a: Diancie|Mystical Fire|p2a: Corviknight\n|-supereffective|p2a: Corviknight\n|-damage|p2a: Corviknight|33\/100\n|move|p2a: Corviknight|Defog|p1a: Diancie\n|move|p1a: Diancie|Defog|p2a: Corviknight|[from]ability: Magic Bounce\n|-unboost|p2a: Corviknight|evasion|1\n|-sideend|p2: wastedogg|Stealth Rock|[from] move: Defog|[of] p1a: Diancie\n|\n|upkeep\n|turn|9\n|\n|t:|1701013506\n|move|p1a: Diancie|Stealth Rock|p2a: Corviknight\n|-sidestart|p2: wastedogg|move: Stealth Rock\n|move|p2a: Corviknight|Body Press|p1a: Diancie\n|-damage|p1a: Diancie|49\/100\n|\n|upkeep\n|turn|10\n|\n|t:|1701013518\n|move|p1a: Diancie|Mystical Fire|p2a: Corviknight\n|-supereffective|p2a: Corviknight\n|-damage|p2a: Corviknight|0 fnt\n|faint|p2a: Corviknight\n|\n|upkeep\n|\n|t:|1701013528\n|switch|p2a: Ogerpon|Ogerpon-Wellspring, F|100\/100\n|-damage|p2a: Ogerpon|88\/100|[from] Stealth Rock\n|turn|11\n|\n|t:|1701013537\n|switch|p1a: Ferrothorn|Ferrothorn, M|100\/100\n|switch|p2a: Tauros|Tauros-Paldea-Blaze, M|100\/100\n|-damage|p2a: Tauros|88\/100|[from] Stealth Rock\n|-ability|p2a: Tauros|Intimidate|boost\n|-unboost|p1a: Ferrothorn|atk|1\n|\n|upkeep\n|turn|12\n|\n|t:|1701013551\n|switch|p2a: Garchomp|Garchomp, M|100\/100\n|-damage|p2a: Garchomp|94\/100|[from] Stealth Rock\n|switch|p1a: Toxapex|Toxapex, F|100\/100\n|\n|-heal|p2a: Garchomp|100\/100|[from] item: Leftovers\n|upkeep\n|turn|13\n|\n|t:|1701013559\n|switch|p1a: Tapu Lele|Tapu Lele|100\/100\n|-fieldstart|move: Psychic Terrain|[from] ability: Psychic Surge|[of] p1a: Tapu Lele\n|move|p2a: Garchomp|Swords Dance|p2a: Garchomp\n|-boost|p2a: Garchomp|atk|2\n|\n|upkeep\n|turn|14\n|\n|t:|1701013573\n|-terastallize|p2a: Garchomp|Fire\n|move|p1a: Tapu Lele|Moonblast|p2a: Garchomp\n|-resisted|p2a: Garchomp\n|-damage|p2a: Garchomp|73\/100\n|-unboost|p2a: Garchomp|spa|1\n|move|p2a: Garchomp|Tera Blast|p1a: Tapu Lele|[anim] Tera Blast Fire\n|-damage|p1a: Tapu Lele|0 fnt\n|faint|p1a: Tapu Lele\n|\n|-heal|p2a: Garchomp|79\/100|[from] item: Leftovers\n|upkeep\n|\n|t:|1701013586\n|switch|p1a: Diancie|Diancie-Mega|49\/100\n|turn|15\n|l| ybbjj\n|\n|t:|1701013601\n|move|p1a: Diancie|Earth Power|p2a: Garchomp\n|-supereffective|p2a: Garchomp\n|-damage|p2a: Garchomp|0 fnt\n|faint|p2a: Garchomp\n|\n|upkeep\n|\n|t:|1701013608\n|switch|p2a: Ogerpon|Ogerpon-Wellspring, F|88\/100\n|-damage|p2a: Ogerpon|76\/100|[from] Stealth Rock\n|turn|16\n|\n|t:|1701013614\n|switch|p1a: Ferrothorn|Ferrothorn, M|100\/100\n|move|p2a: Ogerpon|Swords Dance|p2a: Ogerpon\n|-boost|p2a: Ogerpon|atk|2\n|\n|upkeep\n|turn|17\n|\n|t:|1701013620\n|move|p2a: Ogerpon|Swords Dance|p2a: Ogerpon\n|-boost|p2a: Ogerpon|atk|2\n|move|p1a: Ferrothorn|Gyro Ball|p2a: Ogerpon\n|-resisted|p2a: Ogerpon\n|-damage|p2a: Ogerpon|46\/100\n|\n|-fieldend|move: Psychic Terrain\n|upkeep\n|turn|18\n|\n|t:|1701013629\n|move|p2a: Ogerpon|Ivy Cudgel|p1a: Ferrothorn|[anim] Ivy Cudgel Water\n|-resisted|p1a: Ferrothorn\n|-crit|p1a: Ferrothorn\n|-damage|p1a: Ferrothorn|0 fnt\n|faint|p1a: Ferrothorn\n|\n|upkeep\n|\n|t:|1701013634\n|switch|p1a: Sirfetch\u2019d|Sirfetch\u2019d, F|100\/100\n|turn|19\n|\n|t:|1701013640\n|move|p1a: Sirfetch\u2019d|First Impression|p2a: Ogerpon\n|-supereffective|p2a: Ogerpon\n|-crit|p2a: Ogerpon\n|-damage|p2a: Ogerpon|0 fnt\n|faint|p2a: Ogerpon\n|\n|upkeep\n|\n|t:|1701013651\n|switch|p2a: Tauros|Tauros-Paldea-Blaze, M|88\/100\n|-damage|p2a: Tauros|76\/100|[from] Stealth Rock\n|-ability|p2a: Tauros|Intimidate|boost\n|-fail|p1a: Sirfetch\u2019d|unboost|Attack|[from] ability: Scrappy|[of] p1a: Sirfetch\u2019d\n|turn|20\n|\n|t:|1701013656\n|switch|p1a: Toxapex|Toxapex, F|100\/100\n|move|p2a: Tauros|Bulk Up|p2a: Tauros\n|-boost|p2a: Tauros|atk|1\n|-boost|p2a: Tauros|def|1\n|\n|upkeep\n|turn|21\n|\n|t:|1701013665\n|-zpower|p2a: Tauros\n|move|p2a: Tauros|Inferno Overdrive|p1a: Toxapex|[zeffect]\n|-resisted|p1a: Toxapex\n|-damage|p1a: Toxapex|61\/100\n|move|p1a: Toxapex|Toxic|p2a: Tauros\n|-status|p2a: Tauros|tox\n|\n|-damage|p2a: Tauros|70\/100 tox|[from] psn\n|upkeep\n|turn|22\n|\n|t:|1701013675\n|move|p2a: Tauros|Stone Edge|p1a: Toxapex|[miss]\n|-miss|p2a: Tauros|p1a: Toxapex\n|move|p1a: Toxapex|Recover|p1a: Toxapex\n|-heal|p1a: Toxapex|100\/100\n|\n|-damage|p2a: Tauros|57\/100 tox|[from] psn\n|upkeep\n|turn|23\n|l| lingnabeier\n|\n|t:|1701013684\n|move|p2a: Tauros|Stone Edge|p1a: Toxapex\n|-damage|p1a: Toxapex|73\/100\n|move|p1a: Toxapex|Scald|p2a: Tauros\n|-supereffective|p2a: Tauros\n|-damage|p2a: Tauros|7\/100 tox\n|\n|-damage|p2a: Tauros|0 fnt|[from] psn\n|faint|p2a: Tauros\n|upkeep\n|\n|t:|1701013691\n|switch|p2a: Lokix|Lokix, M|74\/100\n|-damage|p2a: Lokix|49\/100|[from] Stealth Rock\n|turn|24\n|\n|t:|1701013697\n|switch|p1a: Landorus|Landorus-Therian, M|100\/100\n|-ability|p1a: Landorus|Intimidate|boost\n|-unboost|p2a: Lokix|atk|1\n|move|p2a: Lokix|First Impression|p1a: Landorus\n|-resisted|p1a: Landorus\n|-damage|p1a: Landorus|60\/100\n|-damage|p2a: Lokix|39\/100|[from] item: Life Orb\n|\n|upkeep\n|turn|25\n|\n|t:|1701013706\n|move|p2a: Lokix|Axe Kick|p1a: Landorus\n|-resisted|p1a: Landorus\n|-damage|p1a: Landorus|21\/100\n|-damage|p2a: Lokix|29\/100|[from] item: Life Orb\n|move|p1a: Landorus|Earthquake|p2a: Lokix\n|-resisted|p2a: Lokix\n|-damage|p2a: Lokix|0 fnt\n|faint|p2a: Lokix\n|\n|upkeep\n|\n|t:|1701013710\n|switch|p2a: Diancie|Diancie|100\/100\n|-damage|p2a: Diancie|88\/100|[from] Stealth Rock\n|turn|26\n|\n|t:|1701013717\n|detailschange|p2a: Diancie|Diancie-Mega\n|-mega|p2a: Diancie|Diancie|Diancite\n|move|p2a: Diancie|Moonblast|p1a: Landorus\n|-damage|p1a: Landorus|0 fnt\n|faint|p1a: Landorus\n|\n|upkeep\n|\n|t:|1701013724\n|switch|p1a: Toxapex|Toxapex, F|100\/100\n|turn|27\n|\n|t:|1701013728\n|move|p2a: Diancie|Earth Power|p1a: Toxapex\n|-supereffective|p1a: Toxapex\n|-damage|p1a: Toxapex|35\/100\n|move|p1a: Toxapex|Scald|p2a: Diancie\n|-supereffective|p2a: Diancie\n|-damage|p2a: Diancie|46\/100\n|\n|upkeep\n|turn|28\n|\n|t:|1701013739\n|move|p2a: Diancie|Earth Power|p1a: Toxapex\n|-supereffective|p1a: Toxapex\n|-damage|p1a: Toxapex|0 fnt\n|faint|p1a: Toxapex\n|\n|upkeep\n|\n|t:|1701013744\n|switch|p1a: Diancie|Diancie-Mega|49\/100\n|turn|29\n|\n|t:|1701013747\n|move|p1a: Diancie|Moonblast|p2a: Diancie\n|-damage|p2a: Diancie|0 fnt\n|faint|p2a: Diancie\n|\n|win|lawrenceyu\n|raw|lawrenceyu's rating: 1598 &rarr; <strong>1622<\/strong><br \/>(+24 for winning)\n|raw|wastedogg's rating: 1667 &rarr; <strong>1643<\/strong><br \/>(-24 for losing)\n|l|\u2606wastedogg\n","uploadtime":1701013754,"views":1,"p1id":"lawrenceyu","p2id":"wastedogg","formatid":"gen9nationaldex","rating":1622,"private":0,"password":""}