{"id":"gen9nationaldex-1988703078","p1":"biezouhaoma","p2":"Accelerater01","format":"[Gen 9] National Dex","log":"|j|\u203dbiezouhaoma\n|j|\u2606Accelerater01\n|t:|1699752612\n|gametype|singles\n|player|p1|biezouhaoma|bugcatcher-gen4dp|1835\n|player|p2|Accelerater01|101|1595\n|teamsize|p1|6\n|teamsize|p2|6\n|gen|9\n|tier|[Gen 9] National Dex\n|rated|\n|rule|HP Percentage Mod: HP is shown in percentages\n|rule|Endless Battle Clause: Forcing endless battles is banned\n|rule|OHKO Clause: OHKO moves are banned\n|rule|Evasion Clause: Evasion abilities, items, and moves are banned\n|rule|Evasion Abilities Clause: Evasion abilities are banned\n|rule|Evasion Items Clause: Evasion items are banned\n|rule|Evasion Moves Clause: Evasion moves are banned\n|rule|Species Clause: Limit one of each Pok\u00e9mon\n|rule|Sleep Clause Mod: Limit one foe put to sleep\n|clearpoke\n|poke|p1|Pelipper, M|\n|poke|p1|Barraskewda, F|\n|poke|p1|Garganacl, M|\n|poke|p1|Scizor, F|\n|poke|p1|Volcanion|\n|poke|p1|Iron Treads|\n|poke|p2|Lopunny, F|\n|poke|p2|Hoopa-Unbound|\n|poke|p2|Braviary-Hisui, M|\n|poke|p2|Tapu Lele|\n|poke|p2|Iron Treads|\n|poke|p2|Clodsire, M|\n|teampreview\n|inactive|Battle timer is ON: inactive players will automatically lose when time's up. (requested by biezouhaoma)\n|inactive|Accelerater01 has 120 seconds left.\n|\n|t:|1699752645\n|start\n|switch|p1a: Barraskewda|Barraskewda, F|100\/100\n|switch|p2a: Braviary|Braviary-Hisui, M, shiny|100\/100\n|turn|1\n|\n|t:|1699752651\n|switch|p2a: Clodsire|Clodsire, M|100\/100\n|move|p1a: Barraskewda|Flip Turn|p2a: Clodsire\n|-immune|p2a: Clodsire|[from] ability: Water Absorb\n|\n|upkeep\n|turn|2\n|\n|t:|1699752659\n|switch|p1a: Iron Treads|Iron Treads|100\/100\n|move|p2a: Clodsire|Yawn|p1a: Iron Treads\n|-start|p1a: Iron Treads|move: Yawn|[of] p2a: Clodsire\n|\n|upkeep\n|turn|3\n|\n|t:|1699752679\n|switch|p2a: Braviary|Braviary-Hisui, M, shiny|100\/100\n|move|p1a: Iron Treads|Stealth Rock|p2a: Braviary\n|-sidestart|p2: Accelerater01|move: Stealth Rock\n|\n|-end|p1a: Iron Treads|move: Yawn|[silent]\n|-status|p1a: Iron Treads|slp\n|upkeep\n|turn|4\n|j| YJLF2\n|inactive|biezouhaoma has 120 seconds left.\n|\n|t:|1699752726\n|-end|p1a: Iron Treads|Quark Drive|[silent]\n|switch|p1a: Garganacl|Garganacl, M|100\/100\n|move|p2a: Braviary|Esper Wing|p1a: Garganacl\n|-damage|p1a: Garganacl|76\/100\n|-boost|p2a: Braviary|spe|1\n|\n|-heal|p1a: Garganacl|82\/100|[from] item: Leftovers\n|upkeep\n|turn|5\n|\n|t:|1699752738\n|move|p2a: Braviary|Calm Mind|p2a: Braviary\n|-boost|p2a: Braviary|spa|1\n|-boost|p2a: Braviary|spd|1\n|move|p1a: Garganacl|Salt Cure|p2a: Braviary\n|-supereffective|p2a: Braviary\n|-damage|p2a: Braviary|62\/100\n|-start|p2a: Braviary|Salt Cure\n|\n|-heal|p1a: Garganacl|88\/100|[from] item: Leftovers\n|-damage|p2a: Braviary|50\/100|[from] Salt Cure\n|upkeep\n|turn|6\n|\n|t:|1699752742\n|move|p1a: Garganacl|Protect|p1a: Garganacl\n|-singleturn|p1a: Garganacl|Protect\n|-zpower|p2a: Braviary\n|move|p2a: Braviary|Supersonic Skystrike|p1a: Garganacl|[zeffect]\n|-resisted|p1a: Garganacl\n|-zbroken|p1a: Garganacl\n|-damage|p1a: Garganacl|67\/100\n|\n|-heal|p1a: Garganacl|73\/100|[from] item: Leftovers\n|-damage|p2a: Braviary|38\/100|[from] Salt Cure\n|upkeep\n|turn|7\n|inactive|biezouhaoma has 120 seconds left.\n|\n|t:|1699752756\n|move|p2a: Braviary|Hurricane|p1a: Garganacl\n|-resisted|p1a: Garganacl\n|-crit|p1a: Garganacl\n|-damage|p1a: Garganacl|0 fnt\n|faint|p1a: Garganacl\n|\n|-damage|p2a: Braviary|25\/100|[from] Salt Cure\n|upkeep\n|inactive|biezouhaoma has 120 seconds left.\n|\n|t:|1699752776\n|switch|p1a: Pelipper|Pelipper, M|100\/100\n|-weather|RainDance|[from] ability: Drizzle|[of] p1a: Pelipper\n|turn|8\n|\n|t:|1699752786\n|switch|p1a: Iron Treads|Iron Treads|100\/100 slp\n|move|p2a: Braviary|Hurricane|p1a: Iron Treads\n|-resisted|p1a: Iron Treads\n|-damage|p1a: Iron Treads|4\/100 slp\n|\n|-weather|RainDance|[upkeep]\n|-damage|p2a: Braviary|13\/100|[from] Salt Cure\n|upkeep\n|turn|9\n|\n|t:|1699752800\n|move|p2a: Braviary|Esper Wing|p1a: Iron Treads\n|-resisted|p1a: Iron Treads\n|-damage|p1a: Iron Treads|0 fnt\n|-boost|p2a: Braviary|spe|1\n|faint|p1a: Iron Treads\n|-end|p1a: Iron Treads|Quark Drive|[silent]\n|\n|-weather|RainDance|[upkeep]\n|-damage|p2a: Braviary|0 fnt|[from] Salt Cure\n|faint|p2a: Braviary\n|upkeep\n|\n|t:|1699752816\n|switch|p1a: Volcanion|Volcanion|100\/100\n|switch|p2a: Lopunny|Lopunny, F|100\/100\n|-damage|p2a: Lopunny|88\/100|[from] Stealth Rock\n|turn|10\n|\n|t:|1699752827\n|detailschange|p2a: Lopunny|Lopunny-Mega, F\n|-mega|p2a: Lopunny|Lopunny|Lopunnite\n|move|p2a: Lopunny|Fake Out|p1a: Volcanion\n|-damage|p1a: Volcanion|80\/100\n|cant|p1a: Volcanion|flinch\n|\n|-weather|RainDance|[upkeep]\n|upkeep\n|turn|11\n|\n|t:|1699752833\n|switch|p2a: Clodsire|Clodsire, M|100\/100\n|-damage|p2a: Clodsire|94\/100|[from] Stealth Rock\n|move|p1a: Volcanion|Steam Eruption|p2a: Clodsire\n|-heal|p2a: Clodsire|100\/100|[from] ability: Water Absorb|[of] p1a: Volcanion\n|\n|-weather|RainDance|[upkeep]\n|upkeep\n|turn|12\n|-message|biezouhaoma forfeited.\n|\n|win|Accelerater01\n|raw|biezouhaoma's rating: 1835 &rarr; <strong>1803<\/strong><br \/>(-32 for losing)\n|raw|Accelerater01's rating: 1595 &rarr; <strong>1627<\/strong><br \/>(+32 for winning)\n|l|\u203dbiezouhaoma\n|l| YJLF2\n","uploadtime":1699752944,"views":8,"p1id":"biezouhaoma","p2id":"accelerater01","formatid":"gen9nationaldex","rating":1627,"private":0,"password":""}