{"id":"gen9nationaldex-1987317775","p1":"bored chungus","p2":"FelpzDurant","format":"[Gen 9] National Dex","log":"|j|\u2606bored chungus\n|j|\u2606FelpzDurant\n|t:|1699576853\n|gametype|singles\n|player|p1|bored chungus|cheren-gen5bw2|1112\n|player|p2|FelpzDurant|101|1000\n|teamsize|p1|6\n|teamsize|p2|6\n|gen|9\n|tier|[Gen 9] National Dex\n|rated|\n|rule|HP Percentage Mod: HP is shown in percentages\n|rule|Endless Battle Clause: Forcing endless battles is banned\n|rule|OHKO Clause: OHKO moves are banned\n|rule|Evasion Clause: Evasion abilities, items, and moves are banned\n|rule|Evasion Abilities Clause: Evasion abilities are banned\n|rule|Evasion Items Clause: Evasion items are banned\n|rule|Evasion Moves Clause: Evasion moves are banned\n|rule|Species Clause: Limit one of each Pok\u00e9mon\n|rule|Sleep Clause Mod: Limit one foe put to sleep\n|clearpoke\n|poke|p1|Uxie|\n|poke|p1|Clefable, F|\n|poke|p1|Kyurem|\n|poke|p1|Serperior, F|\n|poke|p1|Banette, M|\n|poke|p1|Corviknight, M|\n|poke|p2|Garchomp, F|\n|poke|p2|Charizard, M|\n|poke|p2|Gengar, F|\n|poke|p2|Metagross|\n|poke|p2|Tapu Koko|\n|poke|p2|Quaquaval, F|\n|teampreview\n|\n|t:|1699576869\n|start\n|switch|p1a: -5IQ|Uxie|100\/100\n|switch|p2a: Charizard|Charizard, M|100\/100\n|turn|1\n|\n|t:|1699576878\n|detailschange|p2a: Charizard|Charizard-Mega-X, M\n|-mega|p2a: Charizard|Charizard|Charizardite X\n|move|p2a: Charizard|Dragon Claw|p1a: -5IQ\n|-damage|p1a: -5IQ|63\/100\n|move|p1a: -5IQ|Light Screen|p1a: -5IQ\n|-sidestart|p1: bored chungus|move: Light Screen\n|\n|upkeep\n|turn|2\n|\n|t:|1699576888\n|move|p2a: Charizard|Dragon Claw|p1a: -5IQ\n|-damage|p1a: -5IQ|22\/100\n|move|p1a: -5IQ|Reflect|p1a: -5IQ\n|-sidestart|p1: bored chungus|Reflect\n|\n|upkeep\n|turn|3\n|\n|t:|1699576895\n|move|p2a: Charizard|Dragon Claw|p1a: -5IQ\n|-damage|p1a: -5IQ|3\/100\n|move|p1a: -5IQ|Thunder Wave|p2a: Charizard|[miss]\n|-miss|p1a: -5IQ|p2a: Charizard\n|\n|upkeep\n|turn|4\n|\n|t:|1699576903\n|move|p2a: Charizard|Dragon Claw|p1a: -5IQ\n|-damage|p1a: -5IQ|0 fnt\n|faint|p1a: -5IQ\n|\n|upkeep\n|\n|t:|1699576908\n|switch|p1a: spooooooky|Banette, M|100\/100\n|-item|p2a: Charizard|Charizardite X|[from] ability: Frisk|[of] p1a: spooooooky|[identify]\n|turn|5\n|\n|t:|1699576915\n|detailschange|p1a: spooooooky|Banette-Mega, M\n|-mega|p1a: spooooooky|Banette|Banettite\n|move|p2a: Charizard|Fire Blast|p1a: spooooooky|[miss]\n|-miss|p2a: Charizard|p1a: spooooooky\n|move|p1a: spooooooky|Trick Room|p1a: spooooooky\n|-fieldstart|move: Trick Room|[of] p1a: spooooooky\n|\n|upkeep\n|turn|6\n|\n|t:|1699576925\n|switch|p1a: Thou Royal Bird|Corviknight, M|100\/100\n|move|p2a: Charizard|Fire Blast|p1a: Thou Royal Bird\n|-supereffective|p1a: Thou Royal Bird\n|-crit|p1a: Thou Royal Bird\n|-damage|p1a: Thou Royal Bird|0 fnt\n|faint|p1a: Thou Royal Bird\n|\n|upkeep\n|\n|t:|1699576934\n|switch|p1a: spooooooky|Banette-Mega, M|100\/100\n|turn|7\n|\n|t:|1699576939\n|move|p1a: spooooooky|Poltergeist|p2a: Charizard\n|-activate|p2a: Charizard|move: Poltergeist|Charizardite X\n|-damage|p2a: Charizard|46\/100\n|move|p2a: Charizard|Dragon Claw|p1a: spooooooky\n|-damage|p1a: spooooooky|67\/100\n|\n|upkeep\n|turn|8\n|\n|t:|1699576957\n|move|p1a: spooooooky|Poltergeist|p2a: Charizard|[miss]\n|-miss|p1a: spooooooky|p2a: Charizard\n|move|p2a: Charizard|Flare Blitz|p1a: spooooooky\n|-damage|p1a: spooooooky|16\/100\n|-status|p1a: spooooooky|brn\n|-damage|p2a: Charizard|29\/100|[from] Recoil\n|\n|-damage|p1a: spooooooky|10\/100 brn|[from] brn\n|-sideend|p1: bored chungus|move: Light Screen\n|upkeep\n|turn|9\n|\n|t:|1699576970\n|move|p1a: spooooooky|Poltergeist|p2a: Charizard\n|-activate|p2a: Charizard|move: Poltergeist|Charizardite X\n|-damage|p2a: Charizard|2\/100\n|move|p2a: Charizard|Dragon Claw|p1a: spooooooky\n|-damage|p1a: spooooooky|0 fnt\n|faint|p1a: spooooooky\n|\n|-sideend|p1: bored chungus|Reflect\n|-fieldend|move: Trick Room\n|upkeep\n|\n|t:|1699576979\n|switch|p1a: Meruyk|Kyurem|100\/100\n|-ability|p1a: Meruyk|Pressure\n|turn|10\n|\n|t:|1699576987\n|move|p2a: Charizard|Fire Blast|p1a: Meruyk\n|-damage|p1a: Meruyk|70\/100\n|move|p1a: Meruyk|Toxic|p2a: Charizard\n|-status|p2a: Charizard|tox\n|\n|-heal|p1a: Meruyk|76\/100|[from] item: Leftovers\n|-damage|p2a: Charizard|0 fnt|[from] psn\n|faint|p2a: Charizard\n|upkeep\n|\n|t:|1699576999\n|switch|p2a: Quaquaval|Quaquaval, F|100\/100\n|turn|11\n|\n|t:|1699577006\n|move|p2a: Quaquaval|Close Combat|p1a: Meruyk\n|-supereffective|p1a: Meruyk\n|-damage|p1a: Meruyk|0 fnt\n|-unboost|p2a: Quaquaval|def|1\n|-unboost|p2a: Quaquaval|spd|1\n|faint|p1a: Meruyk\n|\n|upkeep\n|\n|t:|1699577012\n|switch|p1a: danger noodle|Serperior, F|100\/100\n|turn|12\n|\n|t:|1699577019\n|move|p1a: danger noodle|Leaf Storm|p2a: Quaquaval\n|-supereffective|p2a: Quaquaval\n|-damage|p2a: Quaquaval|0 fnt\n|-boost|p1a: danger noodle|spa|2\n|faint|p2a: Quaquaval\n|\n|upkeep\n|\n|t:|1699577026\n|switch|p2a: Gengar|Gengar, F, shiny|100\/100\n|turn|13\n|\n|t:|1699577038\n|-terastallize|p2a: Gengar|Dragon\n|move|p1a: danger noodle|Leaf Storm|p2a: Gengar\n|-resisted|p2a: Gengar\n|-damage|p2a: Gengar|57\/100\n|-boost|p1a: danger noodle|spa|2\n|-start|p1a: danger noodle|Disable|Leaf Storm|[from] ability: Cursed Body|[of] p2a: Gengar\n|move|p2a: Gengar|Confuse Ray|p1a: danger noodle\n|-start|p1a: danger noodle|confusion\n|\n|upkeep\n|turn|14\n|\n|t:|1699577052\n|-activate|p1a: danger noodle|confusion\n|move|p1a: danger noodle|Glare|p2a: Gengar\n|-status|p2a: Gengar|par\n|move|p2a: Gengar|Poltergeist|p1a: danger noodle\n|-activate|p1a: danger noodle|move: Poltergeist|Leftovers\n|-damage|p1a: danger noodle|64\/100\n|\n|-heal|p1a: danger noodle|71\/100|[from] item: Leftovers\n|upkeep\n|turn|15\n|\n|t:|1699577064\n|-activate|p1a: danger noodle|confusion\n|-damage|p1a: danger noodle|65\/100|[from] confusion\n|cant|p2a: Gengar|par\n|\n|-heal|p1a: danger noodle|71\/100|[from] item: Leftovers\n|upkeep\n|turn|16\n|\n|t:|1699577072\n|-activate|p1a: danger noodle|confusion\n|move|p1a: danger noodle|Leech Seed|p2a: Gengar|[miss]\n|-miss|p1a: danger noodle|p2a: Gengar\n|move|p2a: Gengar|Psychic|p1a: danger noodle\n|-damage|p1a: danger noodle|41\/100\n|\n|-heal|p1a: danger noodle|47\/100|[from] item: Leftovers\n|-end|p1a: danger noodle|Disable\n|upkeep\n|turn|17\n|\n|t:|1699577083\n|-activate|p1a: danger noodle|confusion\n|move|p1a: danger noodle|Leaf Storm|p2a: Gengar\n|-resisted|p2a: Gengar\n|-damage|p2a: Gengar|0 fnt\n|-boost|p1a: danger noodle|spa|2\n|faint|p2a: Gengar\n|\n|-heal|p1a: danger noodle|53\/100|[from] item: Leftovers\n|upkeep\n|\n|t:|1699577096\n|switch|p2a: Tapu Koko|Tapu Koko|100\/100\n|-fieldstart|move: Electric Terrain|[from] ability: Electric Surge|[of] p2a: Tapu Koko\n|turn|18\n|\n|t:|1699577102\n|-end|p1a: danger noodle|confusion\n|move|p1a: danger noodle|Leaf Storm|p2a: Tapu Koko\n|-damage|p2a: Tapu Koko|0 fnt\n|faint|p2a: Tapu Koko\n|\n|-heal|p1a: danger noodle|60\/100|[from] item: Leftovers\n|upkeep\n|\n|t:|1699577113\n|switch|p2a: Garchomp|Garchomp, F|100\/100\n|turn|19\n|\n|t:|1699577121\n|move|p1a: danger noodle|Leaf Storm|p2a: Garchomp\n|-damage|p2a: Garchomp|0 fnt\n|faint|p2a: Garchomp\n|\n|-heal|p1a: danger noodle|66\/100|[from] item: Leftovers\n|upkeep\n|\n|t:|1699577128\n|switch|p2a: Metagross|Metagross|100\/100\n|turn|20\n|\n|t:|1699577134\n|move|p1a: danger noodle|Leaf Storm|p2a: Metagross\n|-resisted|p2a: Metagross\n|-damage|p2a: Metagross|22\/100\n|move|p2a: Metagross|Psychic|p1a: danger noodle\n|-damage|p1a: danger noodle|31\/100\n|\n|-heal|p1a: danger noodle|37\/100|[from] item: Leftovers\n|upkeep\n|turn|21\n|\n|t:|1699577143\n|move|p1a: danger noodle|Leaf Storm|p2a: Metagross\n|-resisted|p2a: Metagross\n|-damage|p2a: Metagross|0 fnt\n|faint|p2a: Metagross\n|\n|win|bored chungus\n|raw|bored chungus's rating: 1112 &rarr; <strong>1129<\/strong><br \/>(+17 for winning)\n|raw|FelpzDurant's rating: 1000 &rarr; <strong>1000<\/strong><br \/>(+0 for losing)\n|c|\u2606bored chungus|gg\n|l|\u2606FelpzDurant\n","uploadtime":1699577154,"views":21,"p1id":"boredchungus","p2id":"felpzdurant","formatid":"gen9nationaldex","rating":1000,"private":0,"password":""}