{"id":"gen9nationaldex-1994458424","p1":"DJRRRR","p2":"Snakeman24","format":"[Gen 9] National Dex","log":"|j|\u2606DJRRRR\n|j|\u2606Snakeman24\n|t:|1700446231\n|gametype|singles\n|player|p1|DJRRRR|roxie|1518\n|player|p2|Snakeman24|steven|1520\n|teamsize|p1|6\n|teamsize|p2|6\n|gen|9\n|tier|[Gen 9] National Dex\n|rated|\n|rule|HP Percentage Mod: HP is shown in percentages\n|rule|Endless Battle Clause: Forcing endless battles is banned\n|rule|OHKO Clause: OHKO moves are banned\n|rule|Evasion Clause: Evasion abilities, items, and moves are banned\n|rule|Evasion Abilities Clause: Evasion abilities are banned\n|rule|Evasion Items Clause: Evasion items are banned\n|rule|Evasion Moves Clause: Evasion moves are banned\n|rule|Species Clause: Limit one of each Pok\u00e9mon\n|rule|Sleep Clause Mod: Limit one foe put to sleep\n|clearpoke\n|poke|p1|Greninja-*, M|\n|poke|p1|Pelipper, M|\n|poke|p1|Barraskewda, M|\n|poke|p1|Scizor, M|\n|poke|p1|Dragonite, F|\n|poke|p1|Zapdos|\n|poke|p2|Pinsir, F|\n|poke|p2|Chansey, F|\n|poke|p2|Skarmory, F|\n|poke|p2|Hoopa-Unbound|\n|poke|p2|Greninja-*, M|\n|poke|p2|Dondozo, M|\n|teampreview\n|inactive|Battle timer is ON: inactive players will automatically lose when time's up. (requested by DJRRRR)\n|\n|t:|1700446246\n|start\n|switch|p1a: Zapdos|Zapdos|100\/100\n|switch|p2a: Greninja|Greninja, M|100\/100\n|turn|1\n|\n|t:|1700446253\n|switch|p1a: Scizor|Scizor, M|100\/100\n|move|p2a: Greninja|Ice Beam|p1a: Scizor\n|-start|p2a: Greninja|typechange|Ice|[from] ability: Protean\n|-resisted|p1a: Scizor\n|-damage|p1a: Scizor|82\/100\n|\n|upkeep\n|turn|2\n|\n|t:|1700446262\n|switch|p2a: Skarmory|Skarmory, F|100\/100\n|detailschange|p1a: Scizor|Scizor-Mega, M\n|-mega|p1a: Scizor|Scizor|Scizorite\n|move|p1a: Scizor|U-turn|p2a: Skarmory\n|-resisted|p2a: Skarmory\n|-damage|p2a: Skarmory|95\/100\n|-damage|p1a: Scizor|65\/100|[from] item: Rocky Helmet|[of] p2a: Skarmory\n|\n|t:|1700446270\n|switch|p1a: Zapdos|Zapdos|100\/100|[from] U-turn\n|\n|upkeep\n|turn|3\n|\n|t:|1700446276\n|switch|p2a: Chansey|Chansey, F|100\/100\n|move|p1a: Zapdos|Volt Switch|p2a: Chansey\n|-damage|p2a: Chansey|89\/100\n|\n|t:|1700446282\n|switch|p1a: Pelipper|Pelipper, M|100\/100|[from] Volt Switch\n|-weather|RainDance|[from] ability: Drizzle|[of] p1a: Pelipper\n|\n|-weather|RainDance|[upkeep]\n|upkeep\n|turn|4\n|\n|t:|1700446295\n|move|p1a: Pelipper|U-turn|p2a: Chansey\n|-damage|p2a: Chansey|83\/100\n|\n|t:|1700446298\n|switch|p1a: Barraskewda|Barraskewda, M|100\/100|[from] U-turn\n|move|p2a: Chansey|Teleport|p2a: Chansey\n|\n|t:|1700446309\n|switch|p2a: Dondozo|Dondozo, M|100\/100|[from] Teleport\n|\n|-weather|RainDance|[upkeep]\n|upkeep\n|turn|5\n|\n|t:|1700446317\n|move|p1a: Barraskewda|Flip Turn|p2a: Dondozo\n|-resisted|p2a: Dondozo\n|-damage|p2a: Dondozo|84\/100\n|\n|t:|1700446321\n|switch|p1a: Zapdos|Zapdos|100\/100|[from] Flip Turn\n|move|p2a: Dondozo|Wave Crash|p1a: Zapdos\n|-damage|p1a: Zapdos|24\/100\n|-damage|p2a: Dondozo|68\/100|[from] Recoil\n|\n|-weather|RainDance|[upkeep]\n|-heal|p2a: Dondozo|75\/100|[from] item: Leftovers\n|upkeep\n|turn|6\n|\n|t:|1700446333\n|switch|p2a: Chansey|Chansey, F|83\/100\n|move|p1a: Zapdos|Thunder|p2a: Chansey\n|-damage|p2a: Chansey|64\/100\n|\n|-weather|RainDance|[upkeep]\n|upkeep\n|turn|7\n|\n|t:|1700446356\n|move|p1a: Zapdos|Volt Switch|p2a: Chansey\n|-damage|p2a: Chansey|52\/100\n|\n|t:|1700446359\n|switch|p1a: Barraskewda|Barraskewda, M|100\/100|[from] Volt Switch\n|move|p2a: Chansey|Teleport|p2a: Chansey\n|\n|t:|1700446375\n|switch|p2a: Dondozo|Dondozo, M|75\/100|[from] Teleport\n|\n|-weather|RainDance|[upkeep]\n|-heal|p2a: Dondozo|81\/100|[from] item: Leftovers\n|upkeep\n|turn|8\n|inactive|Snakeman24 has 120 seconds left.\n|\n|t:|1700446395\n|move|p1a: Barraskewda|Flip Turn|p2a: Dondozo\n|-resisted|p2a: Dondozo\n|-damage|p2a: Dondozo|65\/100\n|\n|t:|1700446401\n|switch|p1a: Dragonite|Dragonite, F|100\/100|[from] Flip Turn\n|move|p2a: Dondozo|Wave Crash|p1a: Dragonite\n|-resisted|p1a: Dragonite\n|-damage|p1a: Dragonite|87\/100\n|-damage|p2a: Dondozo|62\/100|[from] Recoil\n|\n|-weather|RainDance|[upkeep]\n|-heal|p2a: Dondozo|68\/100|[from] item: Leftovers\n|upkeep\n|turn|9\n|-message|DJRRRR forfeited.\n|\n|win|Snakeman24\n|raw|DJRRRR's rating: 1518 &rarr; <strong>1498<\/strong><br \/>(-20 for losing)\n|raw|Snakeman24's rating: 1520 &rarr; <strong>1540<\/strong><br \/>(+20 for winning)\n|l|\u2606DJRRRR\n","uploadtime":1700446415,"views":17,"p1id":"djrrrr","p2id":"snakeman24","formatid":"gen9nationaldex","rating":1498,"private":0,"password":""}