{"id":"gen9nationaldex-1991929359","p1":"ninetyninena","p2":"jujibalaoshi001","format":"[Gen 9] National Dex","log":"|j|\u2606ninetyninena\n|j|\u2606jujibalaoshi001\n|t:|1700139374\n|gametype|singles\n|player|p1|ninetyninena|169|1499\n|player|p2|jujibalaoshi001|hexmaniac-gen6|1425\n|teamsize|p1|6\n|teamsize|p2|6\n|gen|9\n|tier|[Gen 9] National Dex\n|rated|\n|rule|HP Percentage Mod: HP is shown in percentages\n|rule|Endless Battle Clause: Forcing endless battles is banned\n|rule|OHKO Clause: OHKO moves are banned\n|rule|Evasion Clause: Evasion abilities, items, and moves are banned\n|rule|Evasion Abilities Clause: Evasion abilities are banned\n|rule|Evasion Items Clause: Evasion items are banned\n|rule|Evasion Moves Clause: Evasion moves are banned\n|rule|Species Clause: Limit one of each Pok\u00e9mon\n|rule|Sleep Clause Mod: Limit one foe put to sleep\n|clearpoke\n|poke|p1|Diancie|\n|poke|p1|Latias, F|\n|poke|p1|Ogerpon-Wellspring, F|\n|poke|p1|Dondozo, M|\n|poke|p1|Goodra-Hisui, M|\n|poke|p1|Arcanine-Hisui, F|\n|poke|p2|Scizor, F|\n|poke|p2|Cloyster, F|\n|poke|p2|Garchomp, F|\n|poke|p2|Zapdos|\n|poke|p2|Heatran, M|\n|poke|p2|Chansey, F|\n|teampreview\n|inactive|Battle timer is ON: inactive players will automatically lose when time's up. (requested by ninetyninena)\n|\n|t:|1700139389\n|start\n|switch|p1a: Diancie|Diancie|100\/100\n|switch|p2a: Cloyster|Cloyster, F|100\/100\n|turn|1\n|\n|t:|1700139398\n|detailschange|p1a: Diancie|Diancie-Mega\n|-mega|p1a: Diancie|Diancie|Diancite\n|move|p1a: Diancie|Power Gem|p2a: Cloyster\n|-supereffective|p2a: Cloyster\n|-enditem|p2a: Cloyster|Focus Sash\n|-damage|p2a: Cloyster|1\/100\n|move|p2a: Cloyster|Shell Smash|p2a: Cloyster\n|-unboost|p2a: Cloyster|def|1\n|-unboost|p2a: Cloyster|spd|1\n|-boost|p2a: Cloyster|atk|2\n|-boost|p2a: Cloyster|spa|2\n|-boost|p2a: Cloyster|spe|2\n|\n|upkeep\n|turn|2\n|\n|t:|1700139415\n|switch|p1a: Dondozo|Dondozo, M|100\/100\n|move|p2a: Cloyster|Icicle Spear|p1a: Dondozo\n|-resisted|p1a: Dondozo\n|-damage|p1a: Dondozo|97\/100\n|-resisted|p1a: Dondozo\n|-damage|p1a: Dondozo|94\/100\n|-resisted|p1a: Dondozo\n|-damage|p1a: Dondozo|90\/100\n|-resisted|p1a: Dondozo\n|-damage|p1a: Dondozo|87\/100\n|-resisted|p1a: Dondozo\n|-damage|p1a: Dondozo|83\/100\n|-hitcount|p1a: Dondozo|5\n|\n|-heal|p1a: Dondozo|90\/100|[from] item: Leftovers\n|upkeep\n|turn|3\n|\n|t:|1700139434\n|switch|p2a: Zapdos|Zapdos|100\/100\n|move|p1a: Dondozo|Wave Crash|p2a: Zapdos\n|-damage|p2a: Zapdos|61\/100\n|-damage|p1a: Dondozo|80\/100|[from] Recoil\n|\n|-heal|p1a: Dondozo|86\/100|[from] item: Leftovers\n|upkeep\n|turn|4\n|\n|t:|1700139444\n|switch|p1a: Goodra|Goodra-Hisui, M|100\/100\n|move|p2a: Zapdos|Volt Switch|p1a: Goodra\n|-resisted|p1a: Goodra\n|-damage|p1a: Goodra|94\/100\n|\n|t:|1700139453\n|switch|p2a: Heatran|Heatran, M|100\/100|[from] Volt Switch\n|\n|upkeep\n|turn|5\n|\n|t:|1700139470\n|switch|p1a: Arcanine|Arcanine-Hisui, F|100\/100\n|move|p2a: Heatran|Magma Storm|p1a: Arcanine\n|-resisted|p1a: Arcanine\n|-damage|p1a: Arcanine|88\/100\n|-activate|p1a: Arcanine|move: Magma Storm|[of] p2a: Heatran\n|\n|-damage|p1a: Arcanine|76\/100|[from] move: Magma Storm|[partiallytrapped]\n|upkeep\n|turn|6\n|\n|t:|1700139482\n|switch|p2a: Garchomp|Garchomp, F|100\/100\n|move|p1a: Arcanine|Close Combat|p2a: Garchomp\n|-damage|p2a: Garchomp|56\/100\n|-unboost|p1a: Arcanine|def|1\n|-unboost|p1a: Arcanine|spd|1\n|-damage|p1a: Arcanine|63\/100|[from] ability: Rough Skin|[of] p2a: Garchomp\n|\n|-end|p1a: Arcanine|Magma Storm|[partiallytrapped]|[silent]\n|upkeep\n|turn|7\n|\n|t:|1700139495\n|switch|p1a: Ogerpon|Ogerpon-Wellspring, F|100\/100\n|move|p2a: Garchomp|Earthquake|p1a: Ogerpon\n|-resisted|p1a: Ogerpon\n|-damage|p1a: Ogerpon|69\/100\n|\n|upkeep\n|turn|8\n|\n|t:|1700139503\n|move|p1a: Ogerpon|Ivy Cudgel|p2a: Garchomp|[anim] Ivy Cudgel Water\n|-damage|p2a: Garchomp|0 fnt\n|faint|p2a: Garchomp\n|\n|upkeep\n|\n|t:|1700139511\n|switch|p2a: Chansey|Chansey, F|100\/100\n|turn|9\n|\n|t:|1700139518\n|move|p1a: Ogerpon|Swords Dance|p1a: Ogerpon\n|-boost|p1a: Ogerpon|atk|2\n|move|p2a: Chansey|Toxic|p1a: Ogerpon\n|-status|p1a: Ogerpon|tox\n|\n|-damage|p1a: Ogerpon|63\/100 tox|[from] psn\n|upkeep\n|turn|10\n|\n|t:|1700139526\n|switch|p2a: Cloyster|Cloyster, F|1\/100\n|move|p1a: Ogerpon|Ivy Cudgel|p2a: Cloyster|[anim] Ivy Cudgel Water\n|-resisted|p2a: Cloyster\n|-crit|p2a: Cloyster\n|-damage|p2a: Cloyster|0 fnt\n|faint|p2a: Cloyster\n|\n|-damage|p1a: Ogerpon|51\/100 tox|[from] psn\n|upkeep\n|\n|t:|1700139549\n|switch|p2a: Chansey|Chansey, F|100\/100\n|turn|11\n|\n|t:|1700139568\n|move|p1a: Ogerpon|Ivy Cudgel|p2a: Chansey|[anim] Ivy Cudgel Water\n|-damage|p2a: Chansey|29\/100\n|move|p2a: Chansey|Counter|p1a: Ogerpon\n|-damage|p1a: Ogerpon|0 fnt\n|faint|p1a: Ogerpon\n|\n|upkeep\n|\n|t:|1700139579\n|switch|p1a: Arcanine|Arcanine-Hisui, F|63\/100\n|turn|12\n|\n|t:|1700139587\n|-terastallize|p2a: Chansey|Ghost\n|move|p1a: Arcanine|Flare Blitz|p2a: Chansey\n|-damage|p2a: Chansey|0 fnt\n|faint|p2a: Chansey\n|\n|upkeep\n|\n|t:|1700139593\n|switch|p2a: Heatran|Heatran, M|100\/100\n|turn|13\n|\n|t:|1700139601\n|switch|p1a: Diancie|Diancie-Mega|100\/100\n|move|p2a: Heatran|Earth Power|p1a: Diancie\n|-supereffective|p1a: Diancie\n|-damage|p1a: Diancie|28\/100\n|\n|upkeep\n|turn|14\n|\n|t:|1700139609\n|switch|p2a: Scizor|Scizor, F|100\/100\n|move|p1a: Diancie|Earth Power|p2a: Scizor\n|-damage|p2a: Scizor|65\/100\n|\n|upkeep\n|turn|15\n|\n|t:|1700139617\n|detailschange|p2a: Scizor|Scizor-Mega, F\n|-mega|p2a: Scizor|Scizor|Scizorite\n|move|p2a: Scizor|Bullet Punch|p1a: Diancie\n|-supereffective|p1a: Diancie\n|-damage|p1a: Diancie|0 fnt\n|faint|p1a: Diancie\n|\n|upkeep\n|\n|t:|1700139623\n|switch|p1a: Dondozo|Dondozo, M|86\/100\n|turn|16\n|\n|t:|1700139632\n|move|p2a: Scizor|U-turn|p1a: Dondozo\n|-damage|p1a: Dondozo|64\/100\n|\n|t:|1700139637\n|switch|p2a: Zapdos|Zapdos|61\/100|[from] U-turn\n|move|p1a: Dondozo|Wave Crash|p2a: Zapdos\n|-damage|p2a: Zapdos|20\/100\n|-status|p1a: Dondozo|par|[from] ability: Static|[of] p2a: Zapdos\n|-damage|p1a: Dondozo|54\/100 par|[from] Recoil\n|\n|-heal|p1a: Dondozo|60\/100 par|[from] item: Leftovers\n|upkeep\n|turn|17\n|\n|t:|1700139649\n|switch|p1a: Goodra|Goodra-Hisui, M|94\/100\n|move|p2a: Zapdos|Roost|p2a: Zapdos\n|-heal|p2a: Zapdos|70\/100\n|-singleturn|p2a: Zapdos|move: Roost\n|\n|upkeep\n|turn|18\n|j| XXMurdrXX\n|\n|t:|1700139671\n|move|p2a: Zapdos|Volt Switch|p1a: Goodra\n|-resisted|p1a: Goodra\n|-damage|p1a: Goodra|88\/100\n|\n|t:|1700139675\n|switch|p2a: Heatran|Heatran, M|100\/100|[from] Volt Switch\n|move|p1a: Goodra|Draco Meteor|p2a: Heatran\n|-resisted|p2a: Heatran\n|-damage|p2a: Heatran|80\/100\n|-unboost|p1a: Goodra|spa|2\n|\n|-heal|p2a: Heatran|86\/100|[from] item: Leftovers\n|upkeep\n|turn|19\n|\n|t:|1700139688\n|switch|p1a: Arcanine|Arcanine-Hisui, F|63\/100\n|move|p2a: Heatran|Earth Power|p1a: Arcanine\n|-supereffective|p1a: Arcanine\n|-crit|p1a: Arcanine\n|-damage|p1a: Arcanine|0 fnt\n|faint|p1a: Arcanine\n|\n|-heal|p2a: Heatran|92\/100|[from] item: Leftovers\n|upkeep\n|\n|t:|1700139697\n|switch|p1a: Latias|Latias, F|100\/100\n|turn|20\n|\n|t:|1700139704\n|move|p1a: Latias|Calm Mind|p1a: Latias\n|-boost|p1a: Latias|spa|1\n|-boost|p1a: Latias|spd|1\n|move|p2a: Heatran|Toxic|p1a: Latias\n|-status|p1a: Latias|tox\n|\n|-heal|p2a: Heatran|98\/100|[from] item: Leftovers\n|-damage|p1a: Latias|94\/100 tox|[from] psn\n|upkeep\n|turn|21\n|\n|t:|1700139714\n|move|p1a: Latias|Calm Mind|p1a: Latias\n|-boost|p1a: Latias|spa|1\n|-boost|p1a: Latias|spd|1\n|move|p2a: Heatran|Taunt|p1a: Latias\n|-start|p1a: Latias|move: Taunt\n|\n|-heal|p2a: Heatran|100\/100|[from] item: Leftovers\n|-damage|p1a: Latias|82\/100 tox|[from] psn\n|upkeep\n|turn|22\n|\n|t:|1700139727\n|switch|p1a: Dondozo|Dondozo, M|60\/100 par\n|move|p2a: Heatran|Magma Storm|p1a: Dondozo\n|-resisted|p1a: Dondozo\n|-damage|p1a: Dondozo|40\/100 par\n|-activate|p1a: Dondozo|move: Magma Storm|[of] p2a: Heatran\n|\n|-heal|p1a: Dondozo|46\/100 par|[from] item: Leftovers\n|-damage|p1a: Dondozo|34\/100 par|[from] move: Magma Storm|[partiallytrapped]\n|upkeep\n|turn|23\n|\n|t:|1700139739\n|switch|p2a: Zapdos|Zapdos|70\/100\n|cant|p1a: Dondozo|par\n|\n|-heal|p1a: Dondozo|40\/100 par|[from] item: Leftovers\n|-end|p1a: Dondozo|Magma Storm|[partiallytrapped]|[silent]\n|upkeep\n|turn|24\n|\n|t:|1700139748\n|switch|p1a: Latias|Latias, F|82\/100 tox\n|move|p2a: Zapdos|Volt Switch|p1a: Latias\n|-resisted|p1a: Latias\n|-damage|p1a: Latias|71\/100 tox\n|\n|t:|1700139754\n|switch|p2a: Heatran|Heatran, M|100\/100|[from] Volt Switch\n|\n|-damage|p1a: Latias|65\/100 tox|[from] psn\n|upkeep\n|turn|25\n|\n|t:|1700139774\n|move|p1a: Latias|Dragon Pulse|p2a: Heatran\n|-resisted|p2a: Heatran\n|-damage|p2a: Heatran|90\/100\n|move|p2a: Heatran|Magma Storm|p1a: Latias\n|-resisted|p1a: Latias\n|-damage|p1a: Latias|49\/100 tox\n|-activate|p1a: Latias|move: Magma Storm|[of] p2a: Heatran\n|\n|-heal|p2a: Heatran|96\/100|[from] item: Leftovers\n|-damage|p1a: Latias|37\/100 tox|[from] psn\n|-damage|p1a: Latias|24\/100 tox|[from] move: Magma Storm|[partiallytrapped]\n|upkeep\n|turn|26\n|\n|t:|1700139785\n|move|p1a: Latias|Roost|p1a: Latias\n|-heal|p1a: Latias|74\/100 tox\n|-singleturn|p1a: Latias|move: Roost\n|move|p2a: Heatran|Taunt|p1a: Latias\n|-start|p1a: Latias|move: Taunt\n|\n|-heal|p2a: Heatran|100\/100|[from] item: Leftovers\n|-damage|p1a: Latias|56\/100 tox|[from] psn\n|-damage|p1a: Latias|44\/100 tox|[from] move: Magma Storm|[partiallytrapped]\n|upkeep\n|turn|27\n|\n|t:|1700139796\n|move|p1a: Latias|Dragon Pulse|p2a: Heatran\n|-resisted|p2a: Heatran\n|-damage|p2a: Heatran|89\/100\n|move|p2a: Heatran|Magma Storm|p1a: Latias\n|-resisted|p1a: Latias\n|-damage|p1a: Latias|29\/100 tox\n|\n|-heal|p2a: Heatran|96\/100|[from] item: Leftovers\n|-damage|p1a: Latias|5\/100 tox|[from] psn\n|-damage|p1a: Latias|0 fnt|[from] move: Magma Storm|[partiallytrapped]\n|faint|p1a: Latias\n|upkeep\n|\n|t:|1700139807\n|switch|p1a: Dondozo|Dondozo, M|40\/100 par\n|turn|28\n|\n|t:|1700139821\n|switch|p2a: Zapdos|Zapdos|70\/100\n|cant|p1a: Dondozo|par\n|\n|-heal|p1a: Dondozo|46\/100 par|[from] item: Leftovers\n|upkeep\n|turn|29\n|\n|t:|1700139836\n|switch|p1a: Goodra|Goodra-Hisui, M|88\/100\n|move|p2a: Zapdos|Roost|p2a: Zapdos\n|-heal|p2a: Zapdos|100\/100\n|-singleturn|p2a: Zapdos|move: Roost\n|\n|upkeep\n|turn|30\n|\n|t:|1700139846\n|move|p2a: Zapdos|Volt Switch|p1a: Goodra\n|-resisted|p1a: Goodra\n|-damage|p1a: Goodra|82\/100\n|\n|t:|1700139850\n|switch|p2a: Heatran|Heatran, M|96\/100|[from] Volt Switch\n|move|p1a: Goodra|Thunderbolt|p2a: Heatran\n|-damage|p2a: Heatran|76\/100\n|\n|-heal|p2a: Heatran|82\/100|[from] item: Leftovers\n|upkeep\n|turn|31\n|\n|t:|1700139862\n|-terastallize|p1a: Goodra|Water\n|move|p2a: Heatran|Magma Storm|p1a: Goodra\n|-resisted|p1a: Goodra\n|-damage|p1a: Goodra|73\/100\n|-activate|p1a: Goodra|move: Magma Storm|[of] p2a: Heatran\n|move|p1a: Goodra|Thunderbolt|p2a: Heatran\n|-damage|p2a: Heatran|64\/100\n|\n|-heal|p2a: Heatran|70\/100|[from] item: Leftovers\n|-damage|p1a: Goodra|61\/100|[from] move: Magma Storm|[partiallytrapped]\n|upkeep\n|turn|32\n|\n|t:|1700139875\n|move|p2a: Heatran|Earth Power|p1a: Goodra\n|-damage|p1a: Goodra|50\/100\n|move|p1a: Goodra|Thunderbolt|p2a: Heatran\n|-damage|p2a: Heatran|52\/100\n|\n|-heal|p2a: Heatran|59\/100|[from] item: Leftovers\n|-damage|p1a: Goodra|38\/100|[from] move: Magma Storm|[partiallytrapped]\n|upkeep\n|turn|33\n|-message|ninetyninena forfeited.\n|\n|win|jujibalaoshi001\n|raw|ninetyninena's rating: 1499 &rarr; <strong>1475<\/strong><br \/>(-24 for losing)\n|raw|jujibalaoshi001's rating: 1425 &rarr; <strong>1449<\/strong><br \/>(+24 for winning)\n|l|\u2606ninetyninena\n","uploadtime":1700139888,"views":4,"p1id":"ninetyninena","p2id":"jujibalaoshi001","formatid":"gen9nationaldex","rating":1449,"private":0,"password":""}