{"id":"gen9nationaldex-1998991290","p1":"salpicadura","p2":"TPD JOHTO","format":"[Gen 9] National Dex","log":"|html|<div class=\"broadcast-blue\"><strong>[Gen 9] National Dex is currently suspecting Sneasler! For information on how to participate check out the <a href=\"https:\/\/www.smogon.com\/forums\/threads\/sv-national-dex-suspect-8-just-dance.3731534\/\">suspect thread<\/a>.<\/strong><\/div>\n|j|\u2606salpicadura\n|j|\u2606TPD JOHTO\n|t:|1701021500\n|gametype|singles\n|player|p1|salpicadura|fisherman-gen4|1572\n|player|p2|TPD JOHTO|drayden|1711\n|teamsize|p1|6\n|teamsize|p2|6\n|gen|9\n|tier|[Gen 9] National Dex\n|rated|\n|rule|HP Percentage Mod: HP is shown in percentages\n|rule|Endless Battle Clause: Forcing endless battles is banned\n|rule|OHKO Clause: OHKO moves are banned\n|rule|Evasion Clause: Evasion abilities, items, and moves are banned\n|rule|Evasion Abilities Clause: Evasion abilities are banned\n|rule|Evasion Items Clause: Evasion items are banned\n|rule|Evasion Moves Clause: Evasion moves are banned\n|rule|Species Clause: Limit one of each Pok\u00e9mon\n|rule|Sleep Clause Mod: Limit one foe put to sleep\n|clearpoke\n|poke|p1|Corviknight, M|\n|poke|p1|Hoopa-Unbound|\n|poke|p1|Alomomola, M|\n|poke|p1|Rillaboom, M|\n|poke|p1|Heatran, M|\n|poke|p1|Gardevoir, F|\n|poke|p2|Raikou|\n|poke|p2|Suicune|\n|poke|p2|Entei|\n|poke|p2|Tyranitar, F|\n|poke|p2|Celebi|\n|poke|p2|Skarmory, F|\n|teampreview\n|c|\u2606TPD JOHTO|Glhf\n|inactive|Battle timer is ON: inactive players will automatically lose when time's up. (requested by TPD JOHTO)\n|\n|t:|1701021561\n|start\n|switch|p1a: Gardevoir|Gardevoir, F|100\/100\n|switch|p2a: Rock|Tyranitar, F, shiny|100\/100\n|-weather|Sandstorm|[from] ability: Sand Stream|[of] p1a: Gardevoir\n|-ability|p1a: Gardevoir|Sand Stream|[from] ability: Trace|[of] p2a: Rock\n|turn|1\n|\n|t:|1701021571\n|switch|p2a: Simba|Entei, shiny|100\/100\n|-ability|p2a: Simba|Pressure\n|detailschange|p1a: Gardevoir|Gardevoir-Mega, F\n|-mega|p1a: Gardevoir|Gardevoir|Gardevoirite\n|move|p1a: Gardevoir|Focus Blast|p2a: Simba\n|-damage|p2a: Simba|64\/100\n|\n|-weather|Sandstorm|[upkeep]\n|-damage|p1a: Gardevoir|94\/100|[from] Sandstorm\n|-damage|p2a: Simba|57\/100|[from] Sandstorm\n|-heal|p2a: Simba|64\/100|[from] item: Leftovers\n|upkeep\n|turn|2\n|\n|t:|1701021598\n|switch|p1a: Alomomola|Alomomola, M|100\/100\n|switch|p2a: Moose|Suicune, shiny|100\/100\n|-ability|p2a: Moose|Pressure\n|\n|-weather|Sandstorm|[upkeep]\n|-damage|p2a: Moose|94\/100|[from] Sandstorm\n|-damage|p1a: Alomomola|94\/100|[from] Sandstorm\n|-heal|p2a: Moose|100\/100|[from] item: Leftovers\n|upkeep\n|turn|3\n|inactive|salpicadura has 120 seconds left.\n|\n|t:|1701021631\n|move|p2a: Moose|Substitute|p2a: Moose\n|-start|p2a: Moose|Substitute\n|-damage|p2a: Moose|75\/100\n|move|p1a: Alomomola|Toxic||[still]\n|-fail|p1a: Alomomola\n|\n|-weather|Sandstorm|[upkeep]\n|-damage|p2a: Moose|69\/100|[from] Sandstorm\n|-damage|p1a: Alomomola|88\/100|[from] Sandstorm\n|-heal|p2a: Moose|75\/100|[from] item: Leftovers\n|upkeep\n|turn|4\n|\n|t:|1701021639\n|move|p2a: Moose|Calm Mind|p2a: Moose\n|-boost|p2a: Moose|spa|1\n|-boost|p2a: Moose|spd|1\n|move|p1a: Alomomola|Flip Turn|p2a: Moose\n|-resisted|p2a: Moose\n|-activate|p2a: Moose|move: Substitute|[damage]\n|inactive|salpicadura has 120 seconds left.\n|\n|t:|1701021653\n|switch|p1a: Gardevoir|Gardevoir-Mega, F|94\/100|[from] Flip Turn\n|\n|-weather|Sandstorm|[upkeep]\n|-damage|p1a: Gardevoir|88\/100|[from] Sandstorm\n|-damage|p2a: Moose|69\/100|[from] Sandstorm\n|-heal|p2a: Moose|75\/100|[from] item: Leftovers\n|upkeep\n|turn|5\n|\n|t:|1701021672\n|move|p1a: Gardevoir|Calm Mind|p1a: Gardevoir\n|-boost|p1a: Gardevoir|spa|1\n|-boost|p1a: Gardevoir|spd|1\n|move|p2a: Moose|Scald|p1a: Gardevoir\n|-damage|p1a: Gardevoir|63\/100\n|\n|-weather|none\n|-heal|p2a: Moose|82\/100|[from] item: Leftovers\n|upkeep\n|turn|6\n|\n|t:|1701021685\n|move|p1a: Gardevoir|Calm Mind|p1a: Gardevoir\n|-boost|p1a: Gardevoir|spa|1\n|-boost|p1a: Gardevoir|spd|1\n|move|p2a: Moose|Calm Mind|p2a: Moose\n|-boost|p2a: Moose|spa|1\n|-boost|p2a: Moose|spd|1\n|\n|-heal|p2a: Moose|88\/100|[from] item: Leftovers\n|upkeep\n|turn|7\n|\n|t:|1701021704\n|move|p1a: Gardevoir|Calm Mind|p1a: Gardevoir\n|-boost|p1a: Gardevoir|spa|1\n|-boost|p1a: Gardevoir|spd|1\n|move|p2a: Moose|Calm Mind|p2a: Moose\n|-boost|p2a: Moose|spa|1\n|-boost|p2a: Moose|spd|1\n|\n|-heal|p2a: Moose|94\/100|[from] item: Leftovers\n|upkeep\n|turn|8\n|\n|t:|1701021706\n|move|p1a: Gardevoir|Calm Mind|p1a: Gardevoir\n|-boost|p1a: Gardevoir|spa|1\n|-boost|p1a: Gardevoir|spd|1\n|move|p2a: Moose|Scald|p1a: Gardevoir\n|-damage|p1a: Gardevoir|42\/100\n|\n|-heal|p2a: Moose|99\/100|[from] item: Leftovers\n|upkeep\n|turn|9\n|\n|t:|1701021711\n|move|p1a: Gardevoir|Calm Mind|p1a: Gardevoir\n|-boost|p1a: Gardevoir|spa|1\n|-boost|p1a: Gardevoir|spd|1\n|move|p2a: Moose|Scald|p1a: Gardevoir\n|-damage|p1a: Gardevoir|24\/100\n|-status|p1a: Gardevoir|brn\n|\n|-heal|p2a: Moose|100\/100|[from] item: Leftovers\n|-damage|p1a: Gardevoir|18\/100 brn|[from] brn\n|upkeep\n|turn|10\n|\n|t:|1701021728\n|move|p1a: Gardevoir|Hyper Voice|p2a: Moose\n|-damage|p2a: Moose|33\/100\n|move|p2a: Moose|Scald|p1a: Gardevoir\n|-damage|p1a: Gardevoir|0 fnt\n|faint|p1a: Gardevoir\n|\n|-heal|p2a: Moose|39\/100|[from] item: Leftovers\n|upkeep\n|\n|t:|1701021731\n|switch|p1a: Rillaboom|Rillaboom, M|100\/100\n|-fieldstart|move: Grassy Terrain|[from] ability: Grassy Surge|[of] p1a: Rillaboom\n|turn|11\n|\n|t:|1701021744\n|move|p1a: Rillaboom|Grassy Glide|p2a: Moose\n|-supereffective|p2a: Moose\n|-end|p2a: Moose|Substitute\n|move|p2a: Moose|Scald|p1a: Rillaboom\n|-resisted|p1a: Rillaboom\n|-damage|p1a: Rillaboom|56\/100\n|-status|p1a: Rillaboom|brn\n|\n|-heal|p1a: Rillaboom|62\/100 brn|[from] Grassy Terrain\n|-heal|p2a: Moose|45\/100|[from] Grassy Terrain\n|-heal|p2a: Moose|51\/100|[from] item: Leftovers\n|-damage|p1a: Rillaboom|56\/100 brn|[from] brn\n|upkeep\n|turn|12\n|\n|t:|1701021769\n|move|p1a: Rillaboom|Grassy Glide|p2a: Moose\n|-supereffective|p2a: Moose\n|-damage|p2a: Moose|30\/100\n|move|p2a: Moose|Substitute|p2a: Moose\n|-start|p2a: Moose|Substitute\n|-damage|p2a: Moose|5\/100\n|\n|-heal|p1a: Rillaboom|62\/100 brn|[from] Grassy Terrain\n|-heal|p2a: Moose|11\/100|[from] Grassy Terrain\n|-heal|p2a: Moose|17\/100|[from] item: Leftovers\n|-damage|p1a: Rillaboom|56\/100 brn|[from] brn\n|upkeep\n|turn|13\n|\n|t:|1701021779\n|move|p1a: Rillaboom|Grassy Glide|p2a: Moose\n|-supereffective|p2a: Moose\n|-activate|p2a: Moose|move: Substitute|[damage]\n|move|p2a: Moose|Rest|p2a: Moose\n|-status|p2a: Moose|slp|[from] move: Rest\n|-heal|p2a: Moose|100\/100 slp|[silent]\n|\n|-heal|p1a: Rillaboom|62\/100 brn|[from] Grassy Terrain\n|-damage|p1a: Rillaboom|56\/100 brn|[from] brn\n|upkeep\n|turn|14\n|-message|salpicadura forfeited.\n|\n|win|TPD JOHTO\n|raw|salpicadura's rating: 1572 &rarr; <strong>1560<\/strong><br \/>(-12 for losing)\n|raw|TPD JOHTO's rating: 1711 &rarr; <strong>1723<\/strong><br \/>(+12 for winning)\n|l|\u2606salpicadura\n","uploadtime":1701021840,"views":1,"p1id":"salpicadura","p2id":"tpdjohto","formatid":"gen9nationaldex","rating":1560,"private":0,"password":""}