{"id":"gen9nationaldex-1995381378","p1":"ProblyArijit._","p2":"Calmmind7543","format":"[Gen 9] National Dex","log":"|html|<div class=\"broadcast-blue\"><strong>[Gen 9] National Dex is currently suspecting Sneasler! For information on how to participate check out the <a href=\"https:\/\/www.smogon.com\/forums\/threads\/sv-national-dex-suspect-8-just-dance.3731534\/\">suspect thread<\/a>.<\/strong><\/div>\n|j|\u2606ProblyArijit._\n|j|\u2606Calmmind7543\n|t:|1700563015\n|gametype|singles\n|player|p1|ProblyArijit._|steven|1242\n|player|p2|Calmmind7543|acerola|1303\n|teamsize|p1|6\n|teamsize|p2|6\n|gen|9\n|tier|[Gen 9] National Dex\n|rated|\n|rule|HP Percentage Mod: HP is shown in percentages\n|rule|Endless Battle Clause: Forcing endless battles is banned\n|rule|OHKO Clause: OHKO moves are banned\n|rule|Evasion Clause: Evasion abilities, items, and moves are banned\n|rule|Evasion Abilities Clause: Evasion abilities are banned\n|rule|Evasion Items Clause: Evasion items are banned\n|rule|Evasion Moves Clause: Evasion moves are banned\n|rule|Species Clause: Limit one of each Pok\u00e9mon\n|rule|Sleep Clause Mod: Limit one foe put to sleep\n|clearpoke\n|poke|p1|Charizard, F|\n|poke|p1|Grimmsnarl, M|\n|poke|p1|Shuckle, F|\n|poke|p1|Dragonite, F|\n|poke|p1|Gliscor, F|\n|poke|p1|Sneasler, M|\n|poke|p2|Tapu Lele|\n|poke|p2|Sneasler, F|\n|poke|p2|Raikou|\n|poke|p2|Iron Valiant|\n|poke|p2|Corviknight, M|\n|poke|p2|Scizor, M|\n|teampreview\n|inactive|Battle timer is ON: inactive players will automatically lose when time's up. (requested by Calmmind7543)\n|inactive|ProblyArijit._ also wants the timer to be on.\n|c|\u2606Calmmind7543|Not another curse dragonite\n|\n|t:|1700563032\n|start\n|switch|p1a: Shuckle|Shuckle, F|100\/100\n|switch|p2a: Scizor|Scizor, M|100\/100\n|turn|1\n|inactive|ProblyArijit._ has 120 seconds left.\n|inactive|ProblyArijit._ has 90 seconds left.\n|\n|t:|1700563098\n|detailschange|p2a: Scizor|Scizor-Mega, M\n|-mega|p2a: Scizor|Scizor|Scizorite\n|move|p2a: Scizor|Swords Dance|p2a: Scizor\n|-boost|p2a: Scizor|atk|2\n|move|p1a: Shuckle|Stealth Rock|p2a: Scizor\n|-sidestart|p2: Calmmind7543|move: Stealth Rock\n|\n|upkeep\n|turn|2\n|\n|t:|1700563104\n|move|p2a: Scizor|Bullet Punch|p1a: Shuckle\n|-supereffective|p1a: Shuckle\n|-ability|p1a: Shuckle|Sturdy\n|-damage|p1a: Shuckle|1\/100\n|move|p1a: Shuckle|Sticky Web|p2a: Scizor\n|-sidestart|p2: Calmmind7543|move: Sticky Web\n|\n|-heal|p1a: Shuckle|7\/100|[from] item: Leftovers\n|upkeep\n|turn|3\n|\n|t:|1700563108\n|move|p2a: Scizor|Swords Dance|p2a: Scizor\n|-boost|p2a: Scizor|atk|2\n|move|p1a: Shuckle|Knock Off|p2a: Scizor\n|-damage|p2a: Scizor|98\/100\n|\n|-heal|p1a: Shuckle|13\/100|[from] item: Leftovers\n|upkeep\n|turn|4\n|\n|t:|1700563112\n|move|p2a: Scizor|Swords Dance|p2a: Scizor\n|-boost|p2a: Scizor|atk|2\n|move|p1a: Shuckle|Knock Off|p2a: Scizor\n|-crit|p2a: Scizor\n|-damage|p2a: Scizor|94\/100\n|\n|-heal|p1a: Shuckle|19\/100|[from] item: Leftovers\n|upkeep\n|turn|5\n|\n|t:|1700563114\n|move|p2a: Scizor|Bullet Punch|p1a: Shuckle\n|-supereffective|p1a: Shuckle\n|-damage|p1a: Shuckle|0 fnt\n|faint|p1a: Shuckle\n|\n|upkeep\n|\n|t:|1700563118\n|switch|p1a: Grimmsnarl|Grimmsnarl, M|100\/100\n|turn|6\n|\n|t:|1700563123\n|move|p1a: Grimmsnarl|Thunder Wave|p2a: Scizor\n|-status|p2a: Scizor|par\n|move|p2a: Scizor|Bullet Punch|p1a: Grimmsnarl\n|-supereffective|p1a: Grimmsnarl\n|-damage|p1a: Grimmsnarl|0 fnt\n|faint|p1a: Grimmsnarl\n|\n|upkeep\n|\n|t:|1700563130\n|switch|p1a: Charizard|Charizard, F|100\/100\n|turn|7\n|\n|t:|1700563135\n|detailschange|p1a: Charizard|Charizard-Mega-X, F\n|-mega|p1a: Charizard|Charizard|Charizardite X\n|move|p2a: Scizor|Bullet Punch|p1a: Charizard\n|-resisted|p1a: Charizard\n|-damage|p1a: Charizard|16\/100\n|move|p1a: Charizard|Dragon Dance|p1a: Charizard\n|-boost|p1a: Charizard|atk|1\n|-boost|p1a: Charizard|spe|1\n|\n|upkeep\n|turn|8\n|\n|t:|1700563144\n|move|p2a: Scizor|Bullet Punch|p1a: Charizard\n|-resisted|p1a: Charizard\n|-damage|p1a: Charizard|0 fnt\n|faint|p1a: Charizard\n|\n|upkeep\n|\n|t:|1700563149\n|switch|p1a: Gliscor|Gliscor, F|100\/100\n|turn|9\n|\n|t:|1700563151\n|cant|p2a: Scizor|par\n|move|p1a: Gliscor|Substitute|p1a: Gliscor\n|-start|p1a: Gliscor|Substitute\n|-damage|p1a: Gliscor|75\/100\n|\n|-status|p1a: Gliscor|tox|[from] item: Toxic Orb\n|upkeep\n|turn|10\n|\n|t:|1700563154\n|move|p1a: Gliscor|Protect|p1a: Gliscor\n|-singleturn|p1a: Gliscor|Protect\n|move|p2a: Scizor|Bullet Punch|p1a: Gliscor\n|-activate|p1a: Gliscor|move: Protect\n|\n|-heal|p1a: Gliscor|88\/100 tox|[from] ability: Poison Heal\n|upkeep\n|turn|11\n|\n|t:|1700563157\n|move|p2a: Scizor|Bullet Punch|p1a: Gliscor\n|-end|p1a: Gliscor|Substitute\n|move|p1a: Gliscor|Earthquake|p2a: Scizor\n|-damage|p2a: Scizor|62\/100 par\n|\n|-heal|p1a: Gliscor|99\/100 tox|[from] ability: Poison Heal\n|upkeep\n|turn|12\n|\n|t:|1700563171\n|cant|p2a: Scizor|par\n|move|p1a: Gliscor|Substitute|p1a: Gliscor\n|-start|p1a: Gliscor|Substitute\n|-damage|p1a: Gliscor|75\/100 tox\n|\n|-heal|p1a: Gliscor|87\/100 tox|[from] ability: Poison Heal\n|upkeep\n|turn|13\n|\n|t:|1700563174\n|move|p1a: Gliscor|Earthquake|p2a: Scizor\n|-damage|p2a: Scizor|31\/100 par\n|move|p2a: Scizor|Roost|p2a: Scizor\n|-heal|p2a: Scizor|81\/100 par\n|-singleturn|p2a: Scizor|move: Roost\n|\n|-heal|p1a: Gliscor|99\/100 tox|[from] ability: Poison Heal\n|upkeep\n|turn|14\n|\n|t:|1700563180\n|cant|p2a: Scizor|par\n|move|p1a: Gliscor|Earthquake|p2a: Scizor\n|-damage|p2a: Scizor|52\/100 par\n|\n|-heal|p1a: Gliscor|100\/100 tox|[from] ability: Poison Heal\n|upkeep\n|turn|15\n|\n|t:|1700563188\n|move|p1a: Gliscor|Earthquake|p2a: Scizor\n|-damage|p2a: Scizor|23\/100 par\n|move|p2a: Scizor|Roost|p2a: Scizor\n|-heal|p2a: Scizor|73\/100 par\n|-singleturn|p2a: Scizor|move: Roost\n|\n|upkeep\n|turn|16\n|inactive|ProblyArijit._ has 120 seconds left.\n|\n|t:|1700563230\n|move|p2a: Scizor|Bullet Punch|p1a: Gliscor\n|-end|p1a: Gliscor|Substitute\n|move|p1a: Gliscor|Earthquake|p2a: Scizor\n|-damage|p2a: Scizor|41\/100 par\n|\n|upkeep\n|turn|17\n|\n|t:|1700563238\n|move|p2a: Scizor|Bullet Punch|p1a: Gliscor\n|-damage|p1a: Gliscor|0 fnt\n|faint|p1a: Gliscor\n|\n|upkeep\n|inactive|ProblyArijit._ has 120 seconds left.\n|inactive|ProblyArijit._ has 90 seconds left.\n|inactive|ProblyArijit._ has 60 seconds left.\n|\n|t:|1700563305\n|switch|p1a: Dragonite|Dragonite, F|100\/100\n|turn|18\n|\n|t:|1700563309\n|move|p2a: Scizor|Bullet Punch|p1a: Dragonite\n|-damage|p1a: Dragonite|30\/100\n|move|p1a: Dragonite|Dragon Dance|p1a: Dragonite\n|-boost|p1a: Dragonite|atk|1\n|-boost|p1a: Dragonite|spe|1\n|\n|-heal|p1a: Dragonite|36\/100|[from] item: Leftovers\n|upkeep\n|turn|19\n|\n|t:|1700563313\n|-terastallize|p1a: Dragonite|Steel\n|move|p2a: Scizor|Bullet Punch|p1a: Dragonite\n|-resisted|p1a: Dragonite\n|-damage|p1a: Dragonite|0 fnt\n|faint|p1a: Dragonite\n|\n|upkeep\n|\n|t:|1700563317\n|switch|p1a: Sneasler|Sneasler, M|100\/100\n|turn|20\n|\n|t:|1700563320\n|move|p2a: Scizor|Bullet Punch|p1a: Sneasler\n|-damage|p1a: Sneasler|0 fnt\n|faint|p1a: Sneasler\n|\n|win|Calmmind7543\n|raw|ProblyArijit._'s rating: 1242 &rarr; <strong>1221<\/strong><br \/>(-21 for losing)\n|raw|Calmmind7543's rating: 1303 &rarr; <strong>1320<\/strong><br \/>(+17 for winning)\n|l|\u2606ProblyArijit._\n|c|\u2606Calmmind7543|ggs\n","uploadtime":1700563331,"views":4,"p1id":"problyarijit","p2id":"calmmind7543","formatid":"gen9nationaldex","rating":1221,"private":0,"password":""}