{"id":"gen9nationaldex-1996716937","p1":"terrysalt","p2":"TyrAlexander","format":"[Gen 9] National Dex","log":"|html|<div class=\"broadcast-blue\"><strong>[Gen 9] National Dex is currently suspecting Sneasler! For information on how to participate check out the <a href=\"https:\/\/www.smogon.com\/forums\/threads\/sv-national-dex-suspect-8-just-dance.3731534\/\">suspect thread<\/a>.<\/strong><\/div>\n|j|\u2606terrysalt\n|j|\u2606TyrAlexander\n|t:|1700713771\n|gametype|singles\n|player|p1|terrysalt|169|\n|player|p2|TyrAlexander|170|\n|teamsize|p1|6\n|teamsize|p2|6\n|gen|9\n|tier|[Gen 9] National Dex\n|rule|HP Percentage Mod: HP is shown in percentages\n|rule|Endless Battle Clause: Forcing endless battles is banned\n|rule|OHKO Clause: OHKO moves are banned\n|rule|Evasion Clause: Evasion abilities, items, and moves are banned\n|rule|Evasion Abilities Clause: Evasion abilities are banned\n|rule|Evasion Items Clause: Evasion items are banned\n|rule|Evasion Moves Clause: Evasion moves are banned\n|rule|Species Clause: Limit one of each Pok\u00e9mon\n|rule|Sleep Clause Mod: Limit one foe put to sleep\n|clearpoke\n|poke|p1|Kangaskhan, F|\n|poke|p1|Coalossal, M|\n|poke|p1|Persian-Alola, F|\n|poke|p1|Rotom|\n|poke|p1|Shiftry, M|\n|poke|p1|Jynx, F|\n|poke|p2|Meowscarada, F|\n|poke|p2|Dragonite, F|\n|poke|p2|Slowking, F|\n|poke|p2|Cinderace, M|\n|poke|p2|Great Tusk|\n|poke|p2|Gengar, F|\n|teampreview\n|\n|t:|1700713782\n|start\n|switch|p1a: Coalossal|Coalossal, M|100\/100\n|switch|p2a: Stalwart|Great Tusk|100\/100\n|turn|1\n|\n|t:|1700713796\n|switch|p1a: Rotom|Rotom|100\/100\n|move|p2a: Stalwart|Knock Off|p1a: Rotom\n|-supereffective|p1a: Rotom\n|-damage|p1a: Rotom|0 fnt\n|-enditem|p1a: Rotom|Choice Scarf|[from] move: Knock Off|[of] p2a: Stalwart\n|faint|p1a: Rotom\n|\n|upkeep\n|c|\u2606terrysalt|oops\n|\n|t:|1700713805\n|switch|p1a: Shiftry|Shiftry, M|100\/100\n|turn|2\n|c|\u2606TyrAlexander|Wow...\n|\n|t:|1700713814\n|move|p1a: Shiftry|Leaf Storm|p2a: Stalwart\n|-supereffective|p2a: Stalwart\n|-damage|p2a: Stalwart|0 fnt\n|-unboost|p1a: Shiftry|spa|2\n|faint|p2a: Stalwart\n|-end|p2a: Stalwart|Protosynthesis|[silent]\n|-damage|p1a: Shiftry|91\/100|[from] item: Life Orb\n|\n|upkeep\n|\n|t:|1700713821\n|switch|p2a: Engaged|Cinderace, M|100\/100\n|turn|3\n|\n|t:|1700713825\n|switch|p1a: Coalossal|Coalossal, M|100\/100\n|move|p2a: Engaged|Pyro Ball|p1a: Coalossal|[miss]\n|-miss|p2a: Engaged|p1a: Coalossal\n|\n|upkeep\n|turn|4\n|\n|t:|1700713836\n|switch|p2a: Oblivious|Slowking, F|100\/100\n|move|p1a: Coalossal|Power Gem|p2a: Oblivious\n|-damage|p2a: Oblivious|88\/100\n|\n|upkeep\n|turn|5\n|\n|t:|1700713851\n|switch|p1a: Shiftry|Shiftry, M|91\/100\n|move|p2a: Oblivious|Future Sight|p1a: Shiftry\n|-start|p2a: Oblivious|move: Future Sight\n|\n|upkeep\n|turn|6\n|\n|t:|1700713861\n|-terastallize|p2a: Oblivious|Fire\n|move|p1a: Shiftry|Knock Off|p2a: Oblivious\n|-damage|p2a: Oblivious|26\/100\n|-enditem|p2a: Oblivious|Heavy-Duty Boots|[from] move: Knock Off|[of] p1a: Shiftry\n|-damage|p1a: Shiftry|81\/100|[from] item: Life Orb\n|move|p2a: Oblivious|Psychic|p1a: Shiftry\n|-immune|p1a: Shiftry\n|\n|upkeep\n|turn|7\n|\n|t:|1700713873\n|switch|p2a: Friendly|Dragonite, F|100\/100\n|move|p1a: Shiftry|Knock Off|p2a: Friendly\n|-damage|p2a: Friendly|65\/100\n|-enditem|p2a: Friendly|Choice Band|[from] move: Knock Off|[of] p1a: Shiftry\n|-damage|p1a: Shiftry|71\/100|[from] item: Life Orb\n|\n|-end|p1a: Shiftry|move: Future Sight\n|-immune|p1a: Shiftry\n|upkeep\n|turn|8\n|\n|t:|1700713899\n|switch|p1a: Persian|Persian-Alola, F|100\/100\n|move|p2a: Friendly|Fire Punch|p1a: Persian\n|-damage|p1a: Persian|79\/100\n|\n|upkeep\n|turn|9\n|\n|t:|1700713910\n|move|p1a: Persian|Toxic|p2a: Friendly|[miss]\n|-miss|p1a: Persian|p2a: Friendly\n|move|p2a: Friendly|Earthquake|p1a: Persian\n|-damage|p1a: Persian|49\/100\n|\n|upkeep\n|turn|10\n|\n|t:|1700713916\n|move|p2a: Friendly|Extreme Speed|p1a: Persian\n|-damage|p1a: Persian|23\/100\n|move|p1a: Persian|Toxic|p2a: Friendly\n|-status|p2a: Friendly|tox\n|\n|-damage|p2a: Friendly|59\/100 tox|[from] psn\n|upkeep\n|turn|11\n|\n|t:|1700713926\n|move|p2a: Friendly|Extreme Speed|p1a: Persian\n|-damage|p1a: Persian|0 fnt\n|faint|p1a: Persian\n|\n|-damage|p2a: Friendly|47\/100 tox|[from] psn\n|upkeep\n|\n|t:|1700713935\n|switch|p1a: Jynx|Jynx, F|100\/100\n|turn|12\n|\n|t:|1700713949\n|switch|p2a: Gengar|Gengar, F, shiny|100\/100\n|move|p1a: Jynx|Psychic|p2a: Gengar\n|-supereffective|p2a: Gengar\n|-damage|p2a: Gengar|0 fnt\n|faint|p2a: Gengar\n|\n|upkeep\n|c|\u2606terrysalt|Bad day for ghosts!\n|c|\u2606TyrAlexander|i know\n|\n|t:|1700713970\n|switch|p2a: Catty|Meowscarada, F|100\/100\n|turn|13\n|c|\u2606terrysalt|My rotom and your Gengar both one shotted without doing anything. :P\n|\n|t:|1700713988\n|switch|p1a: Coalossal|Coalossal, M|100\/100\n|move|p2a: Catty|Knock Off|p1a: Coalossal\n|-start|p2a: Catty|typechange|Dark|[from] ability: Protean\n|-damage|p1a: Coalossal|71\/100\n|-enditem|p1a: Coalossal|Heavy-Duty Boots|[from] move: Knock Off|[of] p2a: Catty\n|\n|upkeep\n|turn|14\n|\n|t:|1700714006\n|move|p2a: Catty|Knock Off|p1a: Coalossal\n|-damage|p1a: Coalossal|49\/100\n|move|p1a: Coalossal|Power Gem|p2a: Catty\n|-damage|p2a: Catty|67\/100\n|\n|upkeep\n|turn|15\n|\n|t:|1700714023\n|move|p2a: Catty|Knock Off|p1a: Coalossal\n|-damage|p1a: Coalossal|27\/100\n|move|p1a: Coalossal|Stealth Rock|p2a: Catty\n|-sidestart|p2: TyrAlexander|move: Stealth Rock\n|\n|upkeep\n|turn|16\n|\n|t:|1700714039\n|switch|p1a: Kangaskhan|Kangaskhan, F|100\/100\n|move|p2a: Catty|Knock Off|p1a: Kangaskhan\n|-damage|p1a: Kangaskhan|47\/100\n|-enditem|p1a: Kangaskhan|Silk Scarf|[from] move: Knock Off|[of] p2a: Catty\n|\n|upkeep\n|turn|17\n|\n|t:|1700714047\n|move|p1a: Kangaskhan|Fake Out|p2a: Catty\n|-damage|p2a: Catty|41\/100\n|cant|p2a: Catty|flinch\n|\n|upkeep\n|turn|18\n|\n|t:|1700714052\n|move|p1a: Kangaskhan|Sucker Punch|p2a: Catty\n|-resisted|p2a: Catty\n|-damage|p2a: Catty|25\/100\n|move|p2a: Catty|Knock Off|p1a: Kangaskhan\n|-damage|p1a: Kangaskhan|9\/100\n|\n|upkeep\n|turn|19\n|\n|t:|1700714060\n|switch|p2a: Friendly|Dragonite, F|47\/100 tox\n|-damage|p2a: Friendly|22\/100 tox|[from] Stealth Rock\n|move|p1a: Kangaskhan|Sucker Punch||[still]\n|-fail|p1a: Kangaskhan\n|\n|-damage|p2a: Friendly|16\/100 tox|[from] psn\n|upkeep\n|turn|20\n|\n|t:|1700714071\n|move|p2a: Friendly|Extreme Speed|p1a: Kangaskhan\n|-damage|p1a: Kangaskhan|0 fnt\n|faint|p1a: Kangaskhan\n|\n|-damage|p2a: Friendly|3\/100 tox|[from] psn\n|upkeep\n|\n|t:|1700714088\n|switch|p1a: Shiftry|Shiftry, M|71\/100\n|turn|21\n|\n|t:|1700714101\n|move|p2a: Friendly|Extreme Speed|p1a: Shiftry\n|-crit|p1a: Shiftry\n|-damage|p1a: Shiftry|0 fnt\n|faint|p1a: Shiftry\n|\n|-damage|p2a: Friendly|0 fnt|[from] psn\n|faint|p2a: Friendly\n|upkeep\n|c|\u2606TyrAlexander|extreme speed for the win\n|c|\u2606terrysalt|oof\n|\n|t:|1700714120\n|switch|p1a: Jynx|Jynx, F|100\/100\n|switch|p2a: Oblivious|Slowking, F, tera:Fire|59\/100\n|-damage|p2a: Oblivious|34\/100|[from] Stealth Rock\n|turn|22\n|\n|t:|1700714137\n|switch|p2a: Engaged|Cinderace, M|100\/100\n|move|p1a: Jynx|Psychic|p2a: Engaged\n|-damage|p2a: Engaged|16\/100\n|\n|upkeep\n|turn|23\n|\n|t:|1700714158\n|switch|p1a: Coalossal|Coalossal, M|27\/100\n|move|p2a: Engaged|Pyro Ball|p1a: Coalossal\n|-resisted|p1a: Coalossal\n|-damage|p1a: Coalossal|14\/100\n|\n|upkeep\n|turn|24\n|\n|t:|1700714166\n|move|p2a: Engaged|U-turn|p1a: Coalossal\n|-resisted|p1a: Coalossal\n|-damage|p1a: Coalossal|8\/100\n|\n|t:|1700714170\n|switch|p2a: Oblivious|Slowking, F, tera:Fire|68\/100|[from] U-turn\n|-damage|p2a: Oblivious|43\/100|[from] Stealth Rock\n|move|p1a: Coalossal|Power Gem|p2a: Oblivious\n|-supereffective|p2a: Oblivious\n|-damage|p2a: Oblivious|15\/100\n|\n|upkeep\n|turn|25\n|\n|t:|1700714186\n|switch|p2a: Engaged|Cinderace, M|16\/100\n|move|p1a: Coalossal|Power Gem|p2a: Engaged\n|-supereffective|p2a: Engaged\n|-damage|p2a: Engaged|0 fnt\n|faint|p2a: Engaged\n|\n|upkeep\n|\n|t:|1700714196\n|switch|p2a: Oblivious|Slowking, F, tera:Fire|49\/100\n|-damage|p2a: Oblivious|24\/100|[from] Stealth Rock\n|turn|26\n|\n|t:|1700714203\n|move|p1a: Coalossal|Power Gem|p2a: Oblivious\n|-supereffective|p2a: Oblivious\n|-damage|p2a: Oblivious|0 fnt\n|faint|p2a: Oblivious\n|\n|upkeep\n|c|\u2606TyrAlexander|gg\n|\n|t:|1700714210\n|switch|p2a: Catty|Meowscarada, F|25\/100\n|-damage|p2a: Catty|13\/100|[from] Stealth Rock\n|turn|27\n|\n|t:|1700714215\n|move|p2a: Catty|Knock Off|p1a: Coalossal\n|-start|p2a: Catty|typechange|Dark|[from] ability: Protean\n|-damage|p1a: Coalossal|0 fnt\n|-status|p2a: Catty|brn|[from] ability: Flame Body|[of] p1a: Coalossal\n|faint|p1a: Coalossal\n|\n|-damage|p2a: Catty|7\/100 brn|[from] brn\n|upkeep\n|\n|t:|1700714223\n|switch|p1a: Jynx|Jynx, F|100\/100\n|turn|28\n|\n|t:|1700714229\n|move|p2a: Catty|Knock Off|p1a: Jynx\n|-supereffective|p1a: Jynx\n|-damage|p1a: Jynx|0 fnt\n|-enditem|p1a: Jynx|Choice Specs|[from] move: Knock Off|[of] p2a: Catty\n|faint|p1a: Jynx\n|\n|win|TyrAlexander\n|c|\u2606terrysalt|gg\n|c|\u2606terrysalt|That was crazy close.\n","uploadtime":1700714247,"views":2,"p1id":"terrysalt","p2id":"tyralexander","formatid":"gen9nationaldex","rating":0,"private":0,"password":""}