{"id":"gen9nationaldex-1993425035","p1":"Quik_pl","p2":"takoks","format":"[Gen 9] National Dex","log":"|j|\u2606Quik_pl\n|j|\u2606takoks\n|t:|1700316199\n|gametype|singles\n|player|p1|Quik_pl|guitarist-gen4|\n|player|p2|takoks|ethan|\n|teamsize|p1|6\n|teamsize|p2|6\n|gen|9\n|tier|[Gen 9] National Dex\n|rule|HP Percentage Mod: HP is shown in percentages\n|rule|Endless Battle Clause: Forcing endless battles is banned\n|rule|OHKO Clause: OHKO moves are banned\n|rule|Evasion Clause: Evasion abilities, items, and moves are banned\n|rule|Evasion Abilities Clause: Evasion abilities are banned\n|rule|Evasion Items Clause: Evasion items are banned\n|rule|Evasion Moves Clause: Evasion moves are banned\n|rule|Species Clause: Limit one of each Pok\u00e9mon\n|rule|Sleep Clause Mod: Limit one foe put to sleep\n|clearpoke\n|poke|p1|Bastiodon, F|\n|poke|p1|Bruxish, M|\n|poke|p1|Moltres|\n|poke|p1|Bellibolt, M|\n|poke|p1|Iron Valiant|\n|poke|p1|Conkeldurr, M|\n|poke|p2|Audino, M|\n|poke|p2|Staraptor, F|\n|poke|p2|Conkeldurr, M|\n|poke|p2|Meloetta|\n|poke|p2|Zoroark, M|\n|poke|p2|Muk, M|\n|teampreview\n|j| crosiv\n|c|\u2606takoks|Link na \u017cywo wys\u0142a\u0107?\n|c|\u2606Quik_pl|ta\n|\n|t:|1700316251\n|start\n|switch|p1a: Conkeldurr|Conkeldurr, M|100\/100\n|switch|p2a: Staraptor|Staraptor, F|100\/100\n|turn|1\n|j| Elite four lai\n|\n|t:|1700316287\n|switch|p1a: Bellibolt|Bellibolt, M|100\/100\n|move|p2a: Staraptor|U-turn|p1a: Bellibolt\n|-damage|p1a: Bellibolt|87\/100\n|-start|p1a: Bellibolt|Charge|U-turn|[from] ability: Electromorphosis\n|\n|t:|1700316298\n|switch|p2a: Conkeldurr|Conkeldurr, M|100\/100|[from] U-turn\n|\n|-heal|p1a: Bellibolt|93\/100|[from] item: Leftovers\n|-status|p2a: Conkeldurr|brn|[from] item: Flame Orb\n|upkeep\n|turn|2\n|c| Elite four lai|Dawaj Robak\n|\n|t:|1700316308\n|move|p2a: Conkeldurr|Drain Punch|p1a: Bellibolt\n|-damage|p1a: Bellibolt|51\/100\n|-start|p1a: Bellibolt|Charge|Drain Punch|[from] ability: Electromorphosis\n|move|p1a: Bellibolt|Soak|p2a: Conkeldurr\n|-start|p2a: Conkeldurr|typechange|Water\n|\n|-heal|p1a: Bellibolt|58\/100|[from] item: Leftovers\n|-damage|p2a: Conkeldurr|94\/100 brn|[from] brn\n|upkeep\n|turn|3\n|\n|t:|1700316322\n|switch|p2a: Audino|Audino, M|100\/100\n|move|p1a: Bellibolt|Thunderbolt|p2a: Audino\n|-damage|p2a: Audino|44\/100\n|-status|p2a: Audino|par\n|-end|p1a: Bellibolt|Charge|[silent]\n|\n|-heal|p1a: Bellibolt|64\/100|[from] item: Leftovers\n|upkeep\n|turn|4\n|\n|t:|1700316332\n|detailschange|p2a: Audino|Audino-Mega, M\n|-mega|p2a: Audino|Audino|Audinite\n|move|p1a: Bellibolt|Thunderbolt|p2a: Audino\n|-damage|p2a: Audino|22\/100 par\n|move|p2a: Audino|Wish|p2a: Audino\n|\n|-heal|p1a: Bellibolt|70\/100|[from] item: Leftovers\n|upkeep\n|turn|5\n|\n|t:|1700316348\n|move|p1a: Bellibolt|Thunderbolt|p2a: Audino\n|-damage|p2a: Audino|0 fnt\n|faint|p2a: Audino\n|\n|-heal|p1a: Bellibolt|76\/100|[from] item: Leftovers\n|upkeep\n|c|\u2606takoks|Jebane g\u00f3wno\n|c|\u2606takoks|Dobrze \u017ce si\u0119 tego pozby\u0142em\n|\n|t:|1700316373\n|switch|p2a: Staraptor|Staraptor, F|100\/100\n|turn|6\n|\n|t:|1700316380\n|-terastallize|p2a: Staraptor|Normal\n|move|p2a: Staraptor|Double-Edge|p1a: Bellibolt\n|-damage|p1a: Bellibolt|15\/100\n|-start|p1a: Bellibolt|Charge|Double-Edge|[from] ability: Electromorphosis\n|-damage|p2a: Staraptor|73\/100|[from] Recoil\n|move|p1a: Bellibolt|Thunderbolt|p2a: Staraptor\n|-damage|p2a: Staraptor|0 fnt\n|faint|p2a: Staraptor\n|-end|p1a: Bellibolt|Charge|[silent]\n|\n|-heal|p1a: Bellibolt|21\/100|[from] item: Leftovers\n|upkeep\n|c| Elite four lai|Kek\n|c|\u2606takoks|Dobra tego \u017ca\u0142uj\u0119 xd\n|\n|t:|1700316399\n|switch|p2a: Conkeldurr|Conkeldurr, M|94\/100 brn\n|turn|7\n|\n|t:|1700316415\n|switch|p1a: Moltres|Moltres|100\/100\n|move|p2a: Conkeldurr|Drain Punch|p1a: Moltres\n|-resisted|p1a: Moltres\n|-damage|p1a: Moltres|64\/100\n|-heal|p2a: Conkeldurr|100\/100 brn|[from] drain|[of] p1a: Moltres\n|\n|-damage|p2a: Conkeldurr|94\/100 brn|[from] brn\n|upkeep\n|turn|8\n|\n|t:|1700316421\n|move|p1a: Moltres|Air Slash|p2a: Conkeldurr\n|-supereffective|p2a: Conkeldurr\n|-damage|p2a: Conkeldurr|0 fnt\n|faint|p2a: Conkeldurr\n|\n|upkeep\n|\n|t:|1700316427\n|switch|p2a: Meloetta|Meloetta|100\/100\n|turn|9\n|c| Elite four lai|Towards the sun\n|\n|t:|1700316435\n|move|p2a: Meloetta|Calm Mind|p2a: Meloetta\n|-boost|p2a: Meloetta|spa|1\n|-boost|p2a: Meloetta|spd|1\n|move|p1a: Moltres|U-turn|p2a: Meloetta\n|-supereffective|p2a: Meloetta\n|-damage|p2a: Meloetta|63\/100\n|\n|t:|1700316444\n|switch|p1a: Bastiodon|Bastiodon, F|100\/100|[from] U-turn\n|\n|-heal|p2a: Meloetta|69\/100|[from] item: Leftovers\n|upkeep\n|turn|10\n|\n|t:|1700316453\n|move|p2a: Meloetta|Thunderbolt|p1a: Bastiodon\n|-damage|p1a: Bastiodon|63\/100\n|move|p1a: Bastiodon|Metal Burst|p2a: Meloetta\n|-damage|p2a: Meloetta|15\/100\n|-heal|p1a: Bastiodon|70\/100|[from] item: Shell Bell|[of] p2a: Meloetta\n|\n|-heal|p2a: Meloetta|22\/100|[from] item: Leftovers\n|upkeep\n|turn|11\n|c| Elite four lai|Najs\n|\n|t:|1700316471\n|switch|p2a: Muk|Muk, M|100\/100\n|move|p1a: Bastiodon|Heavy Slam|p2a: Muk\n|-damage|p2a: Muk|71\/100\n|-heal|p1a: Bastiodon|74\/100|[from] item: Shell Bell|[of] p2a: Muk\n|\n|-heal|p2a: Muk|77\/100|[from] item: Black Sludge\n|upkeep\n|turn|12\n|\n|t:|1700316477\n|move|p2a: Muk|Acid Armor|p2a: Muk\n|-boost|p2a: Muk|def|2\n|move|p1a: Bastiodon|Earthquake|p2a: Muk\n|-supereffective|p2a: Muk\n|-damage|p2a: Muk|56\/100\n|-heal|p1a: Bastiodon|76\/100|[from] item: Shell Bell|[of] p2a: Muk\n|\n|-heal|p2a: Muk|62\/100|[from] item: Black Sludge\n|upkeep\n|turn|13\n|\n|t:|1700316483\n|switch|p1a: Bruxish|Bruxish, M|100\/100\n|move|p2a: Muk|Acid Armor|p2a: Muk\n|-boost|p2a: Muk|def|2\n|\n|-heal|p2a: Muk|68\/100|[from] item: Black Sludge\n|upkeep\n|turn|14\n|\n|t:|1700316492\n|move|p1a: Bruxish|Psychic Fangs|p2a: Muk\n|-supereffective|p2a: Muk\n|-damage|p2a: Muk|25\/100\n|-damage|p1a: Bruxish|91\/100|[from] item: Life Orb\n|move|p2a: Muk|Poison Jab|p1a: Bruxish\n|-damage|p1a: Bruxish|28\/100\n|\n|-heal|p2a: Muk|32\/100|[from] item: Black Sludge\n|upkeep\n|turn|15\n|\n|t:|1700316498\n|move|p2a: Muk|Shadow Sneak|p1a: Bruxish\n|-supereffective|p1a: Bruxish\n|-damage|p1a: Bruxish|0 fnt\n|faint|p1a: Bruxish\n|\n|-heal|p2a: Muk|38\/100|[from] item: Black Sludge\n|upkeep\n|c| Elite four lai|Hah\n|c| Elite four lai|Brawo Takoks\n|\n|t:|1700316517\n|switch|p1a: Moltres|Moltres|64\/100\n|turn|16\n|\n|t:|1700316521\n|move|p2a: Muk|Shadow Sneak|p1a: Moltres\n|-damage|p1a: Moltres|49\/100\n|move|p1a: Moltres|Scorching Sands|p2a: Muk\n|-supereffective|p2a: Muk\n|-damage|p2a: Muk|0 fnt\n|faint|p2a: Muk\n|\n|upkeep\n|\n|t:|1700316525\n|switch|p2a: Meloetta|Meloetta|100\/100\n|turn|17\n|c|\u2606takoks|Wish od audio oczywi\u015bcie tu zadzia\u0142a\u0142\n|c|\u2606Quik_pl|serio my\u015blisz \u017ce nie pami\u0119tam \u017ce meloetta mia\u0142a o0bra\u017cenia?\n|\n|t:|1700316562\n|switch|p1a: Conkeldurr|Conkeldurr, M|100\/100\n|move|p2a: Meloetta|Dark Pulse|p1a: Conkeldurr\n|-resisted|p1a: Conkeldurr\n|-damage|p1a: Conkeldurr|77\/100\n|\n|-status|p1a: Conkeldurr|brn|[from] item: Flame Orb\n|upkeep\n|turn|18\n|\n|t:|1700316567\n|move|p1a: Conkeldurr|Mach Punch|p2a: Meloetta\n|-supereffective|p2a: Meloetta\n|-enditem|p2a: Meloetta|Focus Sash\n|-damage|p2a: Meloetta|1\/100\n|replace|p2a: Zoroark|Zoroark, M\n|-end|p2a: Zoroark|Illusion\n|move|p2a: Zoroark|Extrasensory|p1a: Conkeldurr\n|-supereffective|p1a: Conkeldurr\n|-damage|p1a: Conkeldurr|13\/100 brn\n|\n|-damage|p1a: Conkeldurr|7\/100 brn|[from] brn\n|upkeep\n|turn|19\n|c|\u2606takoks|No stary co mia\u0142em zrobi\u0107\n|\n|t:|1700316586\n|move|p1a: Conkeldurr|Mach Punch|p2a: Zoroark\n|-supereffective|p2a: Zoroark\n|-damage|p2a: Zoroark|0 fnt\n|faint|p2a: Zoroark\n|\n|-damage|p1a: Conkeldurr|1\/100 brn|[from] brn\n|upkeep\n|\n|t:|1700316588\n|switch|p2a: Meloetta|Meloetta|22\/100\n|turn|20\n|\n|t:|1700316592\n|switch|p1a: Bastiodon|Bastiodon, F|76\/100\n|move|p2a: Meloetta|Psychic|p1a: Bastiodon\n|-resisted|p1a: Bastiodon\n|-damage|p1a: Bastiodon|58\/100\n|-unboost|p1a: Bastiodon|spd|1\n|\n|-heal|p2a: Meloetta|28\/100|[from] item: Leftovers\n|upkeep\n|turn|21\n|j| RealZwyrol\n|\n|t:|1700316597\n|move|p2a: Meloetta|Thunderbolt|p1a: Bastiodon\n|-damage|p1a: Bastiodon|19\/100\n|move|p1a: Bastiodon|Heavy Slam|p2a: Meloetta\n|-damage|p2a: Meloetta|0 fnt\n|faint|p2a: Meloetta\n|-heal|p1a: Bastiodon|23\/100|[from] item: Shell Bell|[of] p2: Meloetta\n|\n|win|Quik_pl\n|c|\u2606Quik_pl|gg\n|l|\u2606takoks\n|l| Elite four lai\n","uploadtime":1700316620,"views":14,"p1id":"quikpl","p2id":"takoks","formatid":"gen9nationaldex","rating":0,"private":0,"password":""}