{"id":"gen9nationaldex-1991704170","p1":"ohio slayer","p2":"kes.pur","format":"[Gen 9] National Dex","log":"|j|\u2606ohio slayer\n|j|\u2606kes.pur\n|t:|1700104708\n|gametype|singles\n|player|p1|ohio slayer|169|1000\n|player|p2|kes.pur|170|1010\n|teamsize|p1|6\n|teamsize|p2|6\n|gen|9\n|tier|[Gen 9] National Dex\n|rated|\n|rule|HP Percentage Mod: HP is shown in percentages\n|rule|Endless Battle Clause: Forcing endless battles is banned\n|rule|OHKO Clause: OHKO moves are banned\n|rule|Evasion Clause: Evasion abilities, items, and moves are banned\n|rule|Evasion Abilities Clause: Evasion abilities are banned\n|rule|Evasion Items Clause: Evasion items are banned\n|rule|Evasion Moves Clause: Evasion moves are banned\n|rule|Species Clause: Limit one of each Pok\u00e9mon\n|rule|Sleep Clause Mod: Limit one foe put to sleep\n|clearpoke\n|poke|p1|Quagsire, M|\n|poke|p1|Heatran, M|\n|poke|p1|Ninetales-Alola, F|\n|poke|p1|Blaziken, F|\n|poke|p1|Tyranitar, M|\n|poke|p1|Thundurus-Therian, M|\n|poke|p2|Sawsbuck, F|\n|poke|p2|Arcanine, F|\n|poke|p2|Dugtrio-Alola, M|\n|poke|p2|Dedenne, F|\n|poke|p2|Bombirdier, F|\n|poke|p2|Crustle, M|\n|teampreview\n|\n|t:|1700104718\n|start\n|switch|p1a: Quagsire|Quagsire, M|100\/100\n|switch|p2a: Bombirdier|Bombirdier, F|100\/100\n|turn|1\n|\n|t:|1700104726\n|switch|p1a: Thundurus|Thundurus-Therian, M|100\/100\n|move|p2a: Bombirdier|Stealth Rock|p1a: Thundurus\n|-sidestart|p1: ohio slayer|move: Stealth Rock\n|\n|upkeep\n|turn|2\n|\n|t:|1700104742\n|switch|p2a: Dugtrio|Dugtrio-Alola, M|100\/100\n|move|p1a: Thundurus|Thunderbolt|p2a: Dugtrio\n|-immune|p2a: Dugtrio\n|\n|upkeep\n|turn|3\n|inactive|Battle timer is ON: inactive players will automatically lose when time's up. (requested by ohio slayer)\n|\n|t:|1700104773\n|switch|p2a: Bombirdier|Bombirdier, F|100\/100\n|move|p1a: Thundurus|Zen Headbutt|p2a: Bombirdier\n|-immune|p2a: Bombirdier\n|\n|upkeep\n|turn|4\n|\n|t:|1700104788\n|move|p1a: Thundurus|Flash Cannon|p2a: Bombirdier\n|-damage|p2a: Bombirdier|57\/100\n|move|p2a: Bombirdier|Knock Off|p1a: Thundurus\n|-damage|p1a: Thundurus|22\/100\n|-enditem|p1a: Thundurus|Wiki Berry|[from] move: Knock Off|[of] p2a: Bombirdier\n|\n|upkeep\n|turn|5\n|\n|t:|1700104796\n|move|p1a: Thundurus|Dark Pulse|p2a: Bombirdier\n|-resisted|p2a: Bombirdier\n|-damage|p2a: Bombirdier|35\/100\n|move|p2a: Bombirdier|Acrobatics|p1a: Thundurus\n|-resisted|p1a: Thundurus\n|-damage|p1a: Thundurus|0 fnt\n|faint|p1a: Thundurus\n|\n|upkeep\n|\n|t:|1700104803\n|switch|p1a: Tyranitar|Tyranitar, M|100\/100\n|-damage|p1a: Tyranitar|88\/100|[from] Stealth Rock\n|-weather|Sandstorm|[from] ability: Sand Stream|[of] p1a: Tyranitar\n|turn|6\n|inactive|kes.pur has 120 seconds left.\n|\n|t:|1700104836\n|move|p2a: Bombirdier|Knock Off|p1a: Tyranitar\n|-resisted|p1a: Tyranitar\n|-damage|p1a: Tyranitar|75\/100\n|move|p1a: Tyranitar|Dragon Dance|p1a: Tyranitar\n|-boost|p1a: Tyranitar|atk|1\n|-boost|p1a: Tyranitar|spe|1\n|\n|-weather|Sandstorm|[upkeep]\n|-damage|p2a: Bombirdier|29\/100|[from] Sandstorm\n|upkeep\n|turn|7\n|\n|t:|1700104846\n|move|p1a: Tyranitar|Brutal Swing|p2a: Bombirdier\n|-resisted|p2a: Bombirdier\n|-damage|p2a: Bombirdier|0 fnt\n|faint|p2a: Bombirdier\n|\n|-weather|Sandstorm|[upkeep]\n|upkeep\n|\n|t:|1700104851\n|switch|p2a: Arcanine|Arcanine, F|100\/100\n|turn|8\n|\n|t:|1700104856\n|move|p1a: Tyranitar|Hydro Pump|p2a: Arcanine\n|-supereffective|p2a: Arcanine\n|-damage|p2a: Arcanine|42\/100\n|move|p2a: Arcanine|Close Combat|p1a: Tyranitar\n|-supereffective|p1a: Tyranitar\n|-damage|p1a: Tyranitar|0 fnt\n|-unboost|p2a: Arcanine|def|1\n|-unboost|p2a: Arcanine|spd|1\n|faint|p1a: Tyranitar\n|\n|-weather|Sandstorm|[upkeep]\n|-damage|p2a: Arcanine|36\/100|[from] Sandstorm\n|-heal|p2a: Arcanine|42\/100|[from] item: Leftovers\n|upkeep\n|\n|t:|1700104863\n|switch|p1a: Quagsire|Quagsire, M|100\/100\n|-damage|p1a: Quagsire|94\/100|[from] Stealth Rock\n|turn|9\n|\n|t:|1700104886\n|switch|p2a: Dedenne|Dedenne, F|100\/100\n|move|p1a: Quagsire|Earthquake|p2a: Dedenne\n|-supereffective|p2a: Dedenne\n|-damage|p2a: Dedenne|0 fnt\n|faint|p2a: Dedenne\n|\n|-weather|Sandstorm|[upkeep]\n|-heal|p1a: Quagsire|100\/100|[from] item: Leftovers\n|upkeep\n|\n|t:|1700104892\n|switch|p2a: Sawsbuck|Sawsbuck, F|100\/100\n|turn|10\n|\n|t:|1700104900\n|switch|p1a: Blaziken|Blaziken, F|100\/100\n|-damage|p1a: Blaziken|88\/100|[from] Stealth Rock\n|move|p2a: Sawsbuck|Swords Dance|p2a: Sawsbuck\n|-boost|p2a: Sawsbuck|atk|2\n|\n|-weather|none\n|upkeep\n|turn|11\n|\n|t:|1700104917\n|-terastallize|p2a: Sawsbuck|Water\n|move|p2a: Sawsbuck|High Horsepower|p1a: Blaziken\n|-supereffective|p1a: Blaziken\n|-damage|p1a: Blaziken|0 fnt\n|faint|p1a: Blaziken\n|-damage|p2a: Sawsbuck|91\/100|[from] item: Life Orb\n|\n|upkeep\n|\n|t:|1700104931\n|switch|p1a: Quagsire|Quagsire, M|100\/100\n|-damage|p1a: Quagsire|94\/100|[from] Stealth Rock\n|turn|12\n|\n|t:|1700104946\n|switch|p1a: Ninetales|Ninetales-Alola, F|100\/100\n|-damage|p1a: Ninetales|76\/100|[from] Stealth Rock\n|-weather|Snow|[from] ability: Snow Warning|[of] p1a: Ninetales\n|move|p2a: Sawsbuck|Swords Dance|p2a: Sawsbuck\n|-boost|p2a: Sawsbuck|atk|2\n|\n|-weather|Snow|[upkeep]\n|upkeep\n|turn|13\n|\n|t:|1700104965\n|move|p1a: Ninetales|Blizzard|p2a: Sawsbuck\n|-resisted|p2a: Sawsbuck\n|-damage|p2a: Sawsbuck|54\/100\n|move|p2a: Sawsbuck|Horn Leech|p1a: Ninetales\n|-damage|p1a: Ninetales|0 fnt\n|-heal|p2a: Sawsbuck|90\/100|[from] drain|[of] p1a: Ninetales\n|-damage|p2a: Sawsbuck|74\/100|[from] item: Rocky Helmet|[of] p1a: Ninetales\n|faint|p1a: Ninetales\n|-damage|p2a: Sawsbuck|64\/100|[from] item: Life Orb\n|\n|-weather|Snow|[upkeep]\n|upkeep\n|\n|t:|1700104978\n|switch|p1a: Heatran|Heatran, M|100\/100\n|-damage|p1a: Heatran|88\/100|[from] Stealth Rock\n|turn|14\n|\n|t:|1700104986\n|move|p2a: Sawsbuck|High Horsepower|p1a: Heatran\n|-supereffective|p1a: Heatran\n|-damage|p1a: Heatran|0 fnt\n|faint|p1a: Heatran\n|-damage|p2a: Sawsbuck|54\/100|[from] item: Life Orb\n|\n|-weather|Snow|[upkeep]\n|upkeep\n|\n|t:|1700104990\n|switch|p1a: Quagsire|Quagsire, M|94\/100\n|-damage|p1a: Quagsire|88\/100|[from] Stealth Rock\n|turn|15\n|\n|t:|1700105007\n|move|p2a: Sawsbuck|Horn Leech|p1a: Quagsire\n|-supereffective|p1a: Quagsire\n|-damage|p1a: Quagsire|0 fnt\n|-heal|p2a: Sawsbuck|100\/100|[from] drain|[of] p1a: Quagsire\n|faint|p1a: Quagsire\n|-damage|p2a: Sawsbuck|91\/100|[from] item: Life Orb\n|\n|win|kes.pur\n|raw|ohio slayer's rating: 1000 &rarr; <strong>1000<\/strong><br \/>(+0 for losing)\n|raw|kes.pur's rating: 1010 &rarr; <strong>1047<\/strong><br \/>(+37 for winning)\n|l|\u2606ohio slayer\n","uploadtime":1700105019,"views":10,"p1id":"ohioslayer","p2id":"kespur","formatid":"gen9nationaldex","rating":1000,"private":0,"password":""}