{"id":"gen9nationaldex-1991030182","p1":"Kuzwa","p2":"CiaossAn","format":"[Gen 9] National Dex","log":"|j|\u2606Kuzwa\n|j|\u2606CiaossAn\n|t:|1700030996\n|gametype|singles\n|player|p1|Kuzwa|parasollady|1340\n|player|p2|CiaossAn|fisherman|1374\n|teamsize|p1|6\n|teamsize|p2|6\n|gen|9\n|tier|[Gen 9] National Dex\n|rated|\n|rule|HP Percentage Mod: HP is shown in percentages\n|rule|Endless Battle Clause: Forcing endless battles is banned\n|rule|OHKO Clause: OHKO moves are banned\n|rule|Evasion Clause: Evasion abilities, items, and moves are banned\n|rule|Evasion Abilities Clause: Evasion abilities are banned\n|rule|Evasion Items Clause: Evasion items are banned\n|rule|Evasion Moves Clause: Evasion moves are banned\n|rule|Species Clause: Limit one of each Pok\u00e9mon\n|rule|Sleep Clause Mod: Limit one foe put to sleep\n|clearpoke\n|poke|p1|Kartana|\n|poke|p1|Weavile, M|\n|poke|p1|Ogerpon-Wellspring, F|\n|poke|p1|Zeraora|\n|poke|p1|Glimmora, M|\n|poke|p1|Blaziken, M|\n|poke|p2|Cinderace, F|\n|poke|p2|Lopunny, F|\n|poke|p2|Aegislash, M|\n|poke|p2|Dragonite, F|\n|poke|p2|Thundurus-Therian, M|\n|poke|p2|Moltres|\n|teampreview\n|inactive|Battle timer is ON: inactive players will automatically lose when time's up. (requested by CiaossAn)\n|\n|t:|1700031007\n|start\n|switch|p1a: Akihiko Sanada|Blaziken, M, shiny|100\/100\n|switch|p2a: Thundurus|Thundurus-Therian, M|100\/100\n|turn|1\n|\n|t:|1700031014\n|-zpower|p2a: Thundurus\n|move|p2a: Thundurus|All-Out Pummeling|p1a: Akihiko Sanada|[zeffect]\n|-enditem|p1a: Akihiko Sanada|Focus Sash\n|-damage|p1a: Akihiko Sanada|1\/100\n|move|p1a: Akihiko Sanada|Swords Dance|p1a: Akihiko Sanada\n|-boost|p1a: Akihiko Sanada|atk|2\n|\n|-ability|p1a: Akihiko Sanada|Speed Boost|boost\n|-boost|p1a: Akihiko Sanada|spe|1\n|upkeep\n|turn|2\n|\n|t:|1700031020\n|move|p1a: Akihiko Sanada|Protect|p1a: Akihiko Sanada\n|-singleturn|p1a: Akihiko Sanada|Protect\n|move|p2a: Thundurus|Thunderbolt|p1a: Akihiko Sanada\n|-activate|p1a: Akihiko Sanada|move: Protect\n|\n|-ability|p1a: Akihiko Sanada|Speed Boost|boost\n|-boost|p1a: Akihiko Sanada|spe|1\n|upkeep\n|turn|3\n|\n|t:|1700031024\n|move|p1a: Akihiko Sanada|Fire Punch|p2a: Thundurus\n|-crit|p2a: Thundurus\n|-damage|p2a: Thundurus|0 fnt\n|faint|p2a: Thundurus\n|\n|-ability|p1a: Akihiko Sanada|Speed Boost|boost\n|-boost|p1a: Akihiko Sanada|spe|1\n|upkeep\n|\n|t:|1700031026\n|switch|p2a: Lopunny|Lopunny, F|100\/100\n|turn|4\n|\n|t:|1700031029\n|move|p1a: Akihiko Sanada|Protect|p1a: Akihiko Sanada\n|-singleturn|p1a: Akihiko Sanada|Protect\n|move|p2a: Lopunny|Fake Out|p1a: Akihiko Sanada\n|-activate|p1a: Akihiko Sanada|move: Protect\n|\n|-ability|p1a: Akihiko Sanada|Speed Boost|boost\n|-boost|p1a: Akihiko Sanada|spe|1\n|upkeep\n|turn|5\n|\n|t:|1700031044\n|move|p1a: Akihiko Sanada|Fire Punch|p2a: Lopunny\n|-damage|p2a: Lopunny|0 fnt\n|faint|p2a: Lopunny\n|\n|-ability|p1a: Akihiko Sanada|Speed Boost|boost\n|-boost|p1a: Akihiko Sanada|spe|1\n|upkeep\n|\n|t:|1700031048\n|switch|p2a: Dragonite|Dragonite, F|100\/100\n|turn|6\n|\n|t:|1700031051\n|move|p1a: Akihiko Sanada|Fire Punch|p2a: Dragonite\n|-resisted|p2a: Dragonite\n|-damage|p2a: Dragonite|76\/100\n|move|p2a: Dragonite|Earthquake|p1a: Akihiko Sanada\n|-supereffective|p1a: Akihiko Sanada\n|-crit|p1a: Akihiko Sanada\n|-damage|p1a: Akihiko Sanada|0 fnt\n|faint|p1a: Akihiko Sanada\n|\n|-heal|p2a: Dragonite|83\/100|[from] item: Leftovers\n|upkeep\n|\n|t:|1700031057\n|switch|p1a: thing|Glimmora, M|100\/100\n|-item|p1a: thing|Air Balloon\n|turn|7\n|\n|t:|1700031064\n|move|p1a: thing|Power Gem|p2a: Dragonite\n|-supereffective|p2a: Dragonite\n|-damage|p2a: Dragonite|0 fnt\n|faint|p2a: Dragonite\n|\n|upkeep\n|\n|t:|1700031069\n|switch|p2a: Cinderace|Cinderace, F|100\/100\n|turn|8\n|\n|t:|1700031072\n|move|p2a: Cinderace|Pyro Ball|p1a: thing\n|-resisted|p1a: thing\n|-damage|p1a: thing|63\/100\n|-activate|p1a: thing|ability: Toxic Debris\n|-sidestart|p2: CiaossAn|move: Toxic Spikes\n|-enditem|p1a: thing|Air Balloon\n|move|p1a: thing|Power Gem|p2a: Cinderace\n|-supereffective|p2a: Cinderace\n|-damage|p2a: Cinderace|0 fnt\n|faint|p2a: Cinderace\n|\n|upkeep\n|\n|t:|1700031079\n|switch|p2a: Aegislash|Aegislash, M|100\/100\n|turn|9\n|\n|t:|1700031081\n|move|p1a: thing|Earth Power|p2a: Aegislash\n|-supereffective|p2a: Aegislash\n|-damage|p2a: Aegislash|62\/100\n|-formechange|p2a: Aegislash|Aegislash-Blade||[from] ability: Stance Change\n|move|p2a: Aegislash|Iron Head|p1a: thing\n|-supereffective|p1a: thing\n|-damage|p1a: thing|0 fnt\n|-activate|p1a: thing|ability: Toxic Debris\n|-sidestart|p2: CiaossAn|move: Toxic Spikes\n|faint|p1a: thing\n|\n|-heal|p2a: Aegislash|68\/100|[from] item: Leftovers\n|upkeep\n|\n|t:|1700031090\n|switch|p1a: Junpei Iori|Weavile, M, shiny|100\/100\n|turn|10\n|\n|t:|1700031095\n|-terastallize|p2a: Aegislash|Water\n|move|p1a: Junpei Iori|Swords Dance|p1a: Junpei Iori\n|-boost|p1a: Junpei Iori|atk|2\n|move|p2a: Aegislash|Iron Head|p1a: Junpei Iori\n|-supereffective|p1a: Junpei Iori\n|-enditem|p1a: Junpei Iori|Focus Sash\n|-damage|p1a: Junpei Iori|1\/100\n|-enditem|p2a: Aegislash|Leftovers|[silent]|[from] ability: Pickpocket|[of] p2a: Aegislash\n|-item|p1a: Junpei Iori|Leftovers|[from] ability: Pickpocket|[of] p2a: Aegislash\n|\n|-heal|p1a: Junpei Iori|7\/100|[from] item: Leftovers\n|upkeep\n|turn|11\n|\n|t:|1700031098\n|-formechange|p2a: Aegislash|Aegislash||[from] ability: Stance Change\n|move|p2a: Aegislash|King's Shield|p2a: Aegislash\n|-singleturn|p2a: Aegislash|Protect\n|move|p1a: Junpei Iori|Knock Off|p2a: Aegislash\n|-activate|p2a: Aegislash|move: Protect\n|-unboost|p1a: Junpei Iori|atk|1\n|\n|-heal|p1a: Junpei Iori|13\/100|[from] item: Leftovers\n|upkeep\n|turn|12\n|\n|t:|1700031104\n|move|p1a: Junpei Iori|Knock Off|p2a: Aegislash\n|-damage|p2a: Aegislash|31\/100\n|-formechange|p2a: Aegislash|Aegislash-Blade||[from] ability: Stance Change\n|move|p2a: Aegislash|Iron Head|p1a: Junpei Iori\n|-supereffective|p1a: Junpei Iori\n|-damage|p1a: Junpei Iori|0 fnt\n|faint|p1a: Junpei Iori\n|\n|upkeep\n|\n|t:|1700031114\n|switch|p1a: Ken Amada|Zeraora|100\/100\n|turn|13\n|\n|t:|1700031117\n|move|p1a: Ken Amada|Fake Out|p2a: Aegislash\n|-damage|p2a: Aegislash|10\/100\n|cant|p2a: Aegislash|flinch\n|\n|upkeep\n|turn|14\n|\n|t:|1700031125\n|move|p1a: Ken Amada|Bulk Up|p1a: Ken Amada\n|-boost|p1a: Ken Amada|atk|1\n|-boost|p1a: Ken Amada|def|1\n|move|p2a: Aegislash|Toxic|p1a: Ken Amada\n|-status|p1a: Ken Amada|tox\n|\n|-damage|p1a: Ken Amada|95\/100 tox|[from] psn\n|upkeep\n|turn|15\n|\n|t:|1700031128\n|-formechange|p2a: Aegislash|Aegislash||[from] ability: Stance Change\n|move|p2a: Aegislash|King's Shield|p2a: Aegislash\n|-singleturn|p2a: Aegislash|Protect\n|move|p1a: Ken Amada|Plasma Fists|p2a: Aegislash\n|-activate|p2a: Aegislash|move: Protect\n|-unboost|p1a: Ken Amada|atk|1\n|\n|-damage|p1a: Ken Amada|83\/100 tox|[from] psn\n|upkeep\n|turn|16\n|\n|t:|1700031137\n|move|p2a: Aegislash|King's Shield||[still]\n|-fail|p2a: Aegislash\n|move|p1a: Ken Amada|Plasma Fists|p2a: Aegislash\n|-supereffective|p2a: Aegislash\n|-damage|p2a: Aegislash|0 fnt\n|-fieldactivate|move: Ion Deluge\n|-hint|Normal-type moves become Electric-type after using Plasma Fists.\n|faint|p2a: Aegislash\n|\n|-damage|p1a: Ken Amada|65\/100 tox|[from] psn\n|upkeep\n|\n|t:|1700031140\n|switch|p2a: Moltres|Moltres|100\/100\n|turn|17\n|\n|t:|1700031142\n|move|p1a: Ken Amada|Plasma Fists|p2a: Moltres\n|-supereffective|p2a: Moltres\n|-damage|p2a: Moltres|15\/100\n|-fieldactivate|move: Ion Deluge\n|-hint|Normal-type moves become Electric-type after using Plasma Fists.\n|move|p2a: Moltres|Scorching Sands|p1a: Ken Amada\n|-supereffective|p1a: Ken Amada\n|-damage|p1a: Ken Amada|0 fnt\n|faint|p1a: Ken Amada\n|\n|-heal|p2a: Moltres|21\/100|[from] item: Leftovers\n|upkeep\n|\n|t:|1700031148\n|switch|p1a: Aigis|Ogerpon-Wellspring, F|100\/100\n|turn|18\n|\n|t:|1700031150\n|move|p1a: Aigis|Ivy Cudgel|p2a: Moltres|[anim] Ivy Cudgel Water\n|-supereffective|p2a: Moltres\n|-damage|p2a: Moltres|0 fnt\n|faint|p2a: Moltres\n|\n|win|Kuzwa\n|raw|Kuzwa's rating: 1340 &rarr; <strong>1362<\/strong><br \/>(+22 for winning)\n|raw|CiaossAn's rating: 1374 &rarr; <strong>1352<\/strong><br \/>(-22 for losing)\n|l|\u2606CiaossAn\n","uploadtime":1700031155,"views":4,"p1id":"kuzwa","p2id":"ciaossan","formatid":"gen9nationaldex","rating":1352,"private":0,"password":""}