{"id":"gen9nationaldex-1994219210","p1":"Nigelious","p2":"hazzacav","format":"[Gen 9] National Dex","log":"|j|\u2606Nigelious\n|j|\u2606hazzacav\n|t:|1700420213\n|gametype|singles\n|player|p1|Nigelious|will|1088\n|player|p2|hazzacav|chuck|1095\n|teamsize|p1|6\n|teamsize|p2|6\n|gen|9\n|tier|[Gen 9] National Dex\n|rated|\n|rule|HP Percentage Mod: HP is shown in percentages\n|rule|Endless Battle Clause: Forcing endless battles is banned\n|rule|OHKO Clause: OHKO moves are banned\n|rule|Evasion Clause: Evasion abilities, items, and moves are banned\n|rule|Evasion Abilities Clause: Evasion abilities are banned\n|rule|Evasion Items Clause: Evasion items are banned\n|rule|Evasion Moves Clause: Evasion moves are banned\n|rule|Species Clause: Limit one of each Pok\u00e9mon\n|rule|Sleep Clause Mod: Limit one foe put to sleep\n|clearpoke\n|poke|p1|Samurott-Hisui, M|\n|poke|p1|Delphox, M|\n|poke|p1|Corviknight, M|\n|poke|p1|Garchomp, F|\n|poke|p1|Breloom, F|\n|poke|p1|Galvantula, F|\n|poke|p2|Arbok, F|\n|poke|p2|Victreebel, F|\n|poke|p2|Cloyster, F|\n|poke|p2|Gliscor, M|\n|poke|p2|Turtonator, F|\n|poke|p2|Slurpuff, F|\n|teampreview\n|j| ubujuba\n|\n|t:|1700420233\n|start\n|switch|p1a: Truffle|Breloom, F|100\/100\n|switch|p2a: Turtonator|Turtonator, F|100\/100\n|turn|1\n|\n|t:|1700420248\n|switch|p1a: Kin|Delphox, M|100\/100\n|move|p2a: Turtonator|Will-O-Wisp|p1a: Kin|[miss]\n|-miss|p2a: Turtonator|p1a: Kin\n|\n|upkeep\n|turn|2\n|\n|t:|1700420264\n|-terastallize|p1a: Kin|Fairy\n|move|p1a: Kin|Tera Blast|p2a: Turtonator|[anim] Tera Blast Fairy\n|-damage|p2a: Turtonator|63\/100\n|move|p2a: Turtonator|Dragon Tail|p1a: Kin\n|-immune|p1a: Kin\n|\n|-heal|p2a: Turtonator|70\/100|[from] item: Leftovers\n|upkeep\n|turn|3\n|\n|t:|1700420273\n|move|p1a: Kin|Tera Blast|p2a: Turtonator|[anim] Tera Blast Fairy\n|-damage|p2a: Turtonator|34\/100\n|move|p2a: Turtonator|Sunny Day|p2a: Turtonator\n|-weather|SunnyDay\n|\n|-weather|SunnyDay|[upkeep]\n|-heal|p2a: Turtonator|41\/100|[from] item: Leftovers\n|upkeep\n|turn|4\n|\n|t:|1700420284\n|switch|p2a: Slurpuff|Slurpuff, F|100\/100\n|move|p1a: Kin|Tera Blast|p2a: Slurpuff|[anim] Tera Blast Fairy\n|-damage|p2a: Slurpuff|48\/100\n|\n|-weather|SunnyDay|[upkeep]\n|upkeep\n|turn|5\n|l| ubujuba\n|\n|t:|1700420294\n|move|p1a: Kin|Flamethrower|p2a: Slurpuff\n|-damage|p2a: Slurpuff|0 fnt\n|faint|p2a: Slurpuff\n|\n|-weather|SunnyDay|[upkeep]\n|upkeep\n|inactive|Battle timer is ON: inactive players will automatically lose when time's up. (requested by Nigelious)\n|\n|t:|1700420310\n|switch|p2a: Cloyster|Cloyster, F|100\/100\n|turn|6\n|\n|t:|1700420319\n|switch|p1a: Truffle|Breloom, F|100\/100\n|move|p2a: Cloyster|Shell Smash|p2a: Cloyster\n|-unboost|p2a: Cloyster|def|1\n|-unboost|p2a: Cloyster|spd|1\n|-boost|p2a: Cloyster|atk|2\n|-boost|p2a: Cloyster|spa|2\n|-boost|p2a: Cloyster|spe|2\n|\n|-weather|SunnyDay|[upkeep]\n|-status|p1a: Truffle|tox|[from] item: Toxic Orb\n|upkeep\n|turn|7\n|\n|t:|1700420331\n|move|p1a: Truffle|Mach Punch|p2a: Cloyster\n|-supereffective|p2a: Cloyster\n|-damage|p2a: Cloyster|42\/100\n|move|p2a: Cloyster|Icicle Spear|p1a: Truffle\n|-supereffective|p1a: Truffle\n|-damage|p1a: Truffle|24\/100 tox\n|-supereffective|p1a: Truffle\n|-damage|p1a: Truffle|0 fnt\n|faint|p1a: Truffle\n|-hitcount|p1: Truffle|2\n|\n|-weather|none\n|upkeep\n|\n|t:|1700420348\n|switch|p1a: Ryoma|Samurott-Hisui, M, shiny|100\/100\n|turn|8\n|\n|t:|1700420353\n|move|p2a: Cloyster|Explosion|p1a: Ryoma\n|-damage|p1a: Ryoma|0 fnt\n|faint|p2a: Cloyster\n|faint|p1a: Ryoma\n|\n|upkeep\n|\n|t:|1700420371\n|switch|p1a: Calder|Galvantula, F|100\/100\n|switch|p2a: Arbok|Arbok, F|100\/100\n|-ability|p2a: Arbok|Intimidate|boost\n|-unboost|p1a: Calder|atk|1\n|turn|9\n|\n|t:|1700420390\n|-terastallize|p2a: Arbok|Dragon\n|move|p1a: Calder|Sticky Web|p2a: Arbok\n|-sidestart|p2: hazzacav|move: Sticky Web\n|move|p2a: Arbok|Scale Shot|p1a: Calder\n|-damage|p1a: Calder|80\/100\n|-damage|p1a: Calder|60\/100\n|-damage|p1a: Calder|39\/100\n|-damage|p1a: Calder|18\/100\n|-damage|p1a: Calder|0 fnt\n|faint|p1a: Calder\n|-hitcount|p1: Calder|5\n|-unboost|p2a: Arbok|def|1\n|-boost|p2a: Arbok|spe|1\n|\n|upkeep\n|\n|t:|1700420404\n|switch|p1a: Kin|Delphox, M, tera:Fairy|100\/100\n|turn|10\n|\n|t:|1700420427\n|switch|p2a: Gliscor|Gliscor, M|100\/100\n|move|p1a: Kin|Tera Blast|p2a: Gliscor|[anim] Tera Blast Fairy\n|-damage|p2a: Gliscor|46\/100\n|\n|-status|p2a: Gliscor|tox|[from] item: Toxic Orb\n|upkeep\n|turn|11\n|inactive|hazzacav has 120 seconds left.\n|\n|t:|1700420443\n|switch|p1a: Vespino|Corviknight, M|100\/100\n|move|p2a: Gliscor|Earthquake|p1a: Vespino\n|-immune|p1a: Vespino\n|\n|-heal|p2a: Gliscor|59\/100 tox|[from] ability: Poison Heal\n|upkeep\n|turn|12\n|\n|t:|1700420450\n|move|p2a: Gliscor|Knock Off|p1a: Vespino\n|-damage|p1a: Vespino|87\/100\n|-enditem|p1a: Vespino|Leftovers|[from] move: Knock Off|[of] p2a: Gliscor\n|move|p1a: Vespino|Body Press|p2a: Gliscor\n|-resisted|p2a: Gliscor\n|-damage|p2a: Gliscor|51\/100 tox\n|\n|-heal|p2a: Gliscor|63\/100 tox|[from] ability: Poison Heal\n|upkeep\n|turn|13\n|\n|t:|1700420461\n|move|p2a: Gliscor|Stealth Rock|p1a: Vespino\n|-sidestart|p1: Nigelious|move: Stealth Rock\n|move|p1a: Vespino|Body Press|p2a: Gliscor\n|-resisted|p2a: Gliscor\n|-damage|p2a: Gliscor|55\/100 tox\n|\n|-heal|p2a: Gliscor|67\/100 tox|[from] ability: Poison Heal\n|upkeep\n|turn|14\n|\n|t:|1700420472\n|move|p2a: Gliscor|Knock Off|p1a: Vespino\n|-damage|p1a: Vespino|79\/100\n|move|p1a: Vespino|Body Press|p2a: Gliscor\n|-resisted|p2a: Gliscor\n|-damage|p2a: Gliscor|59\/100 tox\n|\n|-heal|p2a: Gliscor|71\/100 tox|[from] ability: Poison Heal\n|upkeep\n|turn|15\n|\n|t:|1700420485\n|move|p2a: Gliscor|Knock Off|p1a: Vespino\n|-damage|p1a: Vespino|71\/100\n|move|p1a: Vespino|Body Press|p2a: Gliscor\n|-resisted|p2a: Gliscor\n|-damage|p2a: Gliscor|62\/100 tox\n|\n|-heal|p2a: Gliscor|75\/100 tox|[from] ability: Poison Heal\n|upkeep\n|turn|16\n|\n|t:|1700420501\n|move|p2a: Gliscor|Knock Off|p1a: Vespino\n|-damage|p1a: Vespino|62\/100\n|move|p1a: Vespino|Body Press|p2a: Gliscor\n|-resisted|p2a: Gliscor\n|-damage|p2a: Gliscor|66\/100 tox\n|\n|-heal|p2a: Gliscor|78\/100 tox|[from] ability: Poison Heal\n|upkeep\n|turn|17\n|\n|t:|1700420519\n|move|p2a: Gliscor|Knock Off|p1a: Vespino\n|-damage|p1a: Vespino|54\/100\n|move|p1a: Vespino|Defog|p2a: Gliscor\n|-unboost|p2a: Gliscor|evasion|1\n|-sideend|p2: hazzacav|Sticky Web|[from] move: Defog|[of] p1a: Vespino\n|-sideend|p1: Nigelious|Stealth Rock|[from] move: Defog|[of] p1a: Vespino\n|\n|-heal|p2a: Gliscor|91\/100 tox|[from] ability: Poison Heal\n|upkeep\n|turn|18\n|\n|t:|1700420537\n|switch|p1a: Azure|Garchomp, F, shiny|100\/100\n|move|p2a: Gliscor|Stealth Rock|p1a: Azure\n|-sidestart|p1: Nigelious|move: Stealth Rock\n|\n|-heal|p2a: Gliscor|100\/100 tox|[from] ability: Poison Heal\n|upkeep\n|turn|19\n|\n|t:|1700420546\n|move|p1a: Azure|Swords Dance|p1a: Azure\n|-boost|p1a: Azure|atk|2\n|move|p2a: Gliscor|Knock Off|p1a: Azure\n|-damage|p1a: Azure|78\/100\n|-damage|p2a: Gliscor|88\/100 tox|[from] ability: Rough Skin|[of] p1a: Azure\n|-enditem|p1a: Azure|Yache Berry|[from] move: Knock Off|[of] p2a: Gliscor\n|\n|-heal|p2a: Gliscor|100\/100 tox|[from] ability: Poison Heal\n|upkeep\n|turn|20\n|\n|t:|1700420566\n|move|p1a: Azure|Scale Shot|p2a: Gliscor\n|-damage|p2a: Gliscor|85\/100 tox\n|-damage|p2a: Gliscor|69\/100 tox\n|-damage|p2a: Gliscor|51\/100 tox\n|-hitcount|p2a: Gliscor|3\n|-unboost|p1a: Azure|def|1\n|-boost|p1a: Azure|spe|1\n|move|p2a: Gliscor|Earthquake|p1a: Azure\n|-damage|p1a: Azure|29\/100\n|\n|-heal|p2a: Gliscor|63\/100 tox|[from] ability: Poison Heal\n|upkeep\n|turn|21\n|\n|t:|1700420578\n|move|p1a: Azure|Scale Shot|p2a: Gliscor\n|-damage|p2a: Gliscor|47\/100 tox\n|-damage|p2a: Gliscor|30\/100 tox\n|-damage|p2a: Gliscor|14\/100 tox\n|-damage|p2a: Gliscor|0 fnt\n|faint|p2a: Gliscor\n|-hitcount|p2: Gliscor|4\n|-unboost|p1a: Azure|def|1\n|-boost|p1a: Azure|spe|1\n|\n|upkeep\n|\n|t:|1700420590\n|switch|p2a: Victreebel|Victreebel, F|100\/100\n|turn|22\n|\n|t:|1700420598\n|move|p1a: Azure|Iron Head|p2a: Victreebel\n|-damage|p2a: Victreebel|8\/100\n|move|p2a: Victreebel|Strength Sap|p1a: Azure\n|-unboost|p1a: Azure|atk|1\n|-heal|p2a: Victreebel|100\/100\n|\n|upkeep\n|turn|23\n|\n|t:|1700420608\n|move|p1a: Azure|Swords Dance|p1a: Azure\n|-boost|p1a: Azure|atk|2\n|move|p2a: Victreebel|Strength Sap|p1a: Azure\n|-unboost|p1a: Azure|atk|1\n|\n|upkeep\n|turn|24\n|\n|t:|1700420629\n|move|p1a: Azure|Swords Dance|p1a: Azure\n|-boost|p1a: Azure|atk|2\n|move|p2a: Victreebel|Sunny Day|p2a: Victreebel\n|-weather|SunnyDay\n|\n|-weather|SunnyDay|[upkeep]\n|upkeep\n|turn|25\n|\n|t:|1700420639\n|move|p1a: Azure|Scale Shot|p2a: Victreebel\n|-damage|p2a: Victreebel|38\/100\n|-damage|p2a: Victreebel|0 fnt\n|faint|p2a: Victreebel\n|-hitcount|p2: Victreebel|2\n|-unboost|p1a: Azure|def|1\n|-boost|p1a: Azure|spe|1\n|\n|-weather|SunnyDay|[upkeep]\n|upkeep\n|-message|hazzacav forfeited.\n|\n|win|Nigelious\n|raw|Nigelious's rating: 1088 &rarr; <strong>1117<\/strong><br \/>(+29 for winning)\n|raw|hazzacav's rating: 1114 &rarr; <strong>1087<\/strong><br \/>(-27 for losing)\n|l|\u2606hazzacav\n","uploadtime":1700420652,"views":12,"p1id":"nigelious","p2id":"hazzacav","formatid":"gen9nationaldex","rating":1087,"private":0,"password":""}