{"id":"gen9nationaldex-1988990968","p1":"CykesAl","p2":"TeamLeafter","format":"[Gen 9] National Dex","log":"|j|\u2606CykesAl\n|j|\u2606TeamLeafter\n|t:|1699799291\n|gametype|singles\n|player|p1|CykesAl|preschoolerf|1033\n|player|p2|TeamLeafter|whitney|1109\n|teamsize|p1|6\n|teamsize|p2|6\n|gen|9\n|tier|[Gen 9] National Dex\n|rated|\n|rule|HP Percentage Mod: HP is shown in percentages\n|rule|Endless Battle Clause: Forcing endless battles is banned\n|rule|OHKO Clause: OHKO moves are banned\n|rule|Evasion Clause: Evasion abilities, items, and moves are banned\n|rule|Evasion Abilities Clause: Evasion abilities are banned\n|rule|Evasion Items Clause: Evasion items are banned\n|rule|Evasion Moves Clause: Evasion moves are banned\n|rule|Species Clause: Limit one of each Pok\u00e9mon\n|rule|Sleep Clause Mod: Limit one foe put to sleep\n|clearpoke\n|poke|p1|Garchomp, F|\n|poke|p1|Sylveon, F|\n|poke|p1|Corviknight, F|\n|poke|p1|Rotom-Wash|\n|poke|p1|Blaziken, F|\n|poke|p1|Amoonguss, M|\n|poke|p2|Regigigas|\n|poke|p2|Jolteon, F|\n|poke|p2|Politoed, F|\n|poke|p2|Kingdra, M|\n|poke|p2|Scizor, F|\n|poke|p2|Claydol|\n|teampreview\n|inactive|Battle timer is ON: inactive players will automatically lose when time's up. (requested by TeamLeafter)\n|\n|t:|1699799297\n|start\n|switch|p1a: Rotom|Rotom-Wash|100\/100\n|switch|p2a: goal pin deez nuts|Claydol, shiny|100\/100\n|turn|1\n|\n|t:|1699799312\n|move|p1a: Rotom|Will-O-Wisp|p2a: goal pin deez nuts\n|-status|p2a: goal pin deez nuts|brn\n|move|p2a: goal pin deez nuts|Trick|p1a: Rotom\n|-activate|p2a: goal pin deez nuts|move: Trick|[of] p1a: Rotom\n|-item|p1a: Rotom|Sticky Barb|[from] move: Trick\n|-item|p2a: goal pin deez nuts|Leftovers|[from] move: Trick\n|\n|-damage|p2a: goal pin deez nuts|94\/100 brn|[from] brn\n|-damage|p1a: Rotom|88\/100|[from] item: Sticky Barb\n|upkeep\n|turn|2\n|\n|t:|1699799326\n|move|p1a: Rotom|Hydro Pump|p2a: goal pin deez nuts\n|-supereffective|p2a: goal pin deez nuts\n|-damage|p2a: goal pin deez nuts|40\/100 brn\n|move|p2a: goal pin deez nuts|Stealth Rock|p1a: Rotom\n|-sidestart|p1: CykesAl|move: Stealth Rock\n|\n|-heal|p2a: goal pin deez nuts|46\/100 brn|[from] item: Leftovers\n|-damage|p2a: goal pin deez nuts|40\/100 brn|[from] brn\n|-damage|p1a: Rotom|76\/100|[from] item: Sticky Barb\n|upkeep\n|turn|3\n|\n|t:|1699799341\n|move|p1a: Rotom|Hydro Pump|p2a: goal pin deez nuts\n|-supereffective|p2a: goal pin deez nuts\n|-damage|p2a: goal pin deez nuts|0 fnt\n|faint|p2a: goal pin deez nuts\n|\n|-damage|p1a: Rotom|64\/100|[from] item: Sticky Barb\n|upkeep\n|\n|t:|1699799345\n|switch|p2a: ur mom|Politoed, F, shiny|100\/100\n|-weather|RainDance|[from] ability: Drizzle|[of] p2a: ur mom\n|turn|4\n|\n|t:|1699799351\n|switch|p2a: distraction|Jolteon, F|100\/100\n|move|p1a: Rotom|Will-O-Wisp|p2a: distraction\n|-status|p2a: distraction|brn\n|\n|-weather|RainDance|[upkeep]\n|-damage|p2a: distraction|95\/100 brn|[from] brn\n|-damage|p1a: Rotom|52\/100|[from] item: Sticky Barb\n|upkeep\n|turn|5\n|\n|t:|1699799360\n|switch|p1a: Scourge|Garchomp, F|100\/100\n|-damage|p1a: Scourge|94\/100|[from] Stealth Rock\n|-terastallize|p2a: distraction|Electric\n|move|p2a: distraction|Thunder|p1a: Scourge\n|-immune|p1a: Scourge\n|\n|-weather|RainDance|[upkeep]\n|-damage|p2a: distraction|89\/100 brn|[from] brn\n|upkeep\n|turn|6\n|\n|t:|1699799367\n|switch|p2a: ur mom|Politoed, F, shiny|100\/100\n|move|p1a: Scourge|Earthquake|p2a: ur mom\n|-damage|p2a: ur mom|52\/100\n|\n|-weather|RainDance|[upkeep]\n|upkeep\n|turn|7\n|c|\u2606TeamLeafter|im an idiot\n|c|\u2606TeamLeafter|an idiot sandwich\n|\n|t:|1699799380\n|move|p1a: Scourge|Swords Dance|p1a: Scourge\n|-boost|p1a: Scourge|atk|2\n|move|p2a: ur mom|Dive||[still]\n|-prepare|p2a: ur mom|Dive\n|\n|-weather|RainDance|[upkeep]\n|upkeep\n|turn|8\n|c|\u2606CykesAl|why sandwich lol\n|\n|t:|1699799397\n|move|p1a: Scourge|Earthquake|p2a: ur mom|[miss]\n|-miss|p1a: Scourge|p2a: ur mom\n|move|p2a: ur mom|Dive|p1a: Scourge|[from]lockedmove\n|-damage|p1a: Scourge|71\/100\n|-damage|p2a: ur mom|39\/100|[from] ability: Rough Skin|[of] p1a: Scourge\n|\n|-weather|none\n|upkeep\n|turn|9\n|\n|t:|1699799414\n|move|p1a: Scourge|Earthquake|p2a: ur mom\n|-damage|p2a: ur mom|0 fnt\n|faint|p2a: ur mom\n|\n|upkeep\n|\n|t:|1699799418\n|switch|p2a: rain go brrrr|Kingdra, M|100\/100\n|turn|10\n|\n|t:|1699799439\n|-terastallize|p1a: Scourge|Fairy\n|move|p1a: Scourge|Outrage|p2a: rain go brrrr\n|-supereffective|p2a: rain go brrrr\n|-damage|p2a: rain go brrrr|0 fnt\n|faint|p2a: rain go brrrr\n|\n|upkeep\n|\n|t:|1699799445\n|switch|p2a: slicer|Scizor, F|100\/100\n|turn|11\n|\n|t:|1699799448\n|detailschange|p2a: slicer|Scizor-Mega, F\n|-mega|p2a: slicer|Scizor|Scizorite\n|move|p1a: Scourge|Outrage|p2a: slicer|[from]lockedmove\n|-resisted|p2a: slicer\n|-damage|p2a: slicer|67\/100\n|-start|p1a: Scourge|confusion|[fatigue]\n|move|p2a: slicer|Swords Dance|p2a: slicer\n|-boost|p2a: slicer|atk|2\n|\n|upkeep\n|turn|12\n|\n|t:|1699799460\n|-activate|p1a: Scourge|confusion\n|move|p1a: Scourge|Earthquake|p2a: slicer\n|-damage|p2a: slicer|10\/100\n|move|p2a: slicer|Roost|p2a: slicer\n|-heal|p2a: slicer|60\/100\n|-singleturn|p2a: slicer|move: Roost\n|\n|upkeep\n|turn|13\n|\n|t:|1699799465\n|-activate|p1a: Scourge|confusion\n|move|p1a: Scourge|Earthquake|p2a: slicer\n|-damage|p2a: slicer|3\/100\n|move|p2a: slicer|Knock Off|p1a: Scourge\n|-resisted|p1a: Scourge\n|-damage|p1a: Scourge|48\/100\n|-damage|p2a: slicer|0 fnt|[from] ability: Rough Skin|[of] p1a: Scourge\n|faint|p2a: slicer\n|\n|upkeep\n|\n|t:|1699799471\n|switch|p2a: distraction|Jolteon, F, tera:Electric|89\/100 brn\n|turn|14\n|\n|t:|1699799474\n|move|p2a: distraction|Hidden Power|p1a: Scourge\n|-damage|p1a: Scourge|15\/100\n|-enditem|p1a: Scourge|Salac Berry|[eat]\n|-boost|p1a: Scourge|spe|1|[from] item: Salac Berry\n|-end|p1a: Scourge|confusion\n|move|p1a: Scourge|Earthquake|p2a: distraction\n|-supereffective|p2a: distraction\n|-damage|p2a: distraction|0 fnt\n|faint|p2a: distraction\n|\n|upkeep\n|c|\u2606TeamLeafter|gg\n|\n|t:|1699799481\n|switch|p2a: best mon <3|Regigigas|100\/100\n|-start|p2a: best mon <3|ability: Slow Start\n|turn|15\n|c|\u2606CykesAl|gg\n|\n|t:|1699799486\n|move|p1a: Scourge|Earthquake|p2a: best mon <3\n|-damage|p2a: best mon <3|23\/100\n|move|p2a: best mon <3|Substitute|p2a: best mon <3\n|-fail|p2a: best mon <3|move: Substitute|[weak]\n|\n|-heal|p2a: best mon <3|29\/100|[from] item: Leftovers\n|upkeep\n|turn|16\n|\n|t:|1699799490\n|move|p2a: best mon <3|Protect|p2a: best mon <3\n|-singleturn|p2a: best mon <3|Protect\n|move|p1a: Scourge|Outrage|p2a: best mon <3\n|-activate|p2a: best mon <3|move: Protect\n|\n|-heal|p2a: best mon <3|35\/100|[from] item: Leftovers\n|upkeep\n|turn|17\n|c|\u2606TeamLeafter|triple protect lets go\n|\n|t:|1699799504\n|move|p2a: best mon <3|Protect|p2a: best mon <3\n|-singleturn|p2a: best mon <3|Protect\n|move|p1a: Scourge|Outrage|p2a: best mon <3\n|-activate|p2a: best mon <3|move: Protect\n|\n|-heal|p2a: best mon <3|41\/100|[from] item: Leftovers\n|upkeep\n|turn|18\n|\n|t:|1699799509\n|switch|p1a: Amoonguss|Amoonguss, M, shiny|100\/100\n|-damage|p1a: Amoonguss|88\/100|[from] Stealth Rock\n|move|p2a: best mon <3|Protect||[still]\n|-fail|p2a: best mon <3\n|\n|-heal|p2a: best mon <3|48\/100|[from] item: Leftovers\n|-heal|p1a: Amoonguss|94\/100|[from] item: Black Sludge\n|upkeep\n|turn|19\n|\n|t:|1699799516\n|move|p2a: best mon <3|Substitute|p2a: best mon <3\n|-start|p2a: best mon <3|Substitute\n|-damage|p2a: best mon <3|23\/100\n|move|p1a: Amoonguss|Toxic||[still]\n|-fail|p1a: Amoonguss\n|\n|-heal|p2a: best mon <3|29\/100|[from] item: Leftovers\n|-heal|p1a: Amoonguss|100\/100|[from] item: Black Sludge\n|-end|p2a: best mon <3|Slow Start\n|upkeep\n|turn|20\n|\n|t:|1699799522\n|move|p2a: best mon <3|Fire Punch|p1a: Amoonguss\n|-supereffective|p1a: Amoonguss\n|-damage|p1a: Amoonguss|42\/100\n|move|p1a: Amoonguss|Sludge Bomb|p2a: best mon <3\n|-activate|p2a: best mon <3|move: Substitute|[damage]\n|\n|-heal|p2a: best mon <3|35\/100|[from] item: Leftovers\n|-heal|p1a: Amoonguss|48\/100|[from] item: Black Sludge\n|upkeep\n|turn|21\n|\n|t:|1699799531\n|move|p2a: best mon <3|Fire Punch|p1a: Amoonguss\n|-supereffective|p1a: Amoonguss\n|-damage|p1a: Amoonguss|0 fnt\n|faint|p1a: Amoonguss\n|\n|-heal|p2a: best mon <3|41\/100|[from] item: Leftovers\n|upkeep\n|\n|t:|1699799534\n|switch|p1a: Blaziken|Blaziken, F, shiny|100\/100\n|-damage|p1a: Blaziken|88\/100|[from] Stealth Rock\n|turn|22\n|\n|t:|1699799541\n|move|p2a: best mon <3|Protect|p2a: best mon <3\n|-singleturn|p2a: best mon <3|Protect\n|move|p1a: Blaziken|Bulk Up|p1a: Blaziken\n|-boost|p1a: Blaziken|atk|1\n|-boost|p1a: Blaziken|def|1\n|\n|-heal|p2a: best mon <3|47\/100|[from] item: Leftovers\n|-ability|p1a: Blaziken|Speed Boost|boost\n|-boost|p1a: Blaziken|spe|1\n|upkeep\n|turn|23\n|\n|t:|1699799552\n|move|p1a: Blaziken|Bulk Up|p1a: Blaziken\n|-boost|p1a: Blaziken|atk|1\n|-boost|p1a: Blaziken|def|1\n|move|p2a: best mon <3|Return|p1a: Blaziken\n|-damage|p1a: Blaziken|41\/100\n|\n|-heal|p2a: best mon <3|53\/100|[from] item: Leftovers\n|-ability|p1a: Blaziken|Speed Boost|boost\n|-boost|p1a: Blaziken|spe|1\n|upkeep\n|turn|24\n|\n|t:|1699799562\n|move|p1a: Blaziken|Close Combat|p2a: best mon <3\n|-supereffective|p2a: best mon <3\n|-end|p2a: best mon <3|Substitute\n|-unboost|p1a: Blaziken|def|1\n|-unboost|p1a: Blaziken|spd|1\n|move|p2a: best mon <3|Return|p1a: Blaziken\n|-damage|p1a: Blaziken|0 fnt\n|faint|p1a: Blaziken\n|\n|-heal|p2a: best mon <3|59\/100|[from] item: Leftovers\n|upkeep\n|inactive|CykesAl has 120 seconds left.\n|\n|t:|1699799595\n|switch|p1a: Sylveon|Sylveon, F|100\/100\n|-damage|p1a: Sylveon|88\/100|[from] Stealth Rock\n|turn|25\n|\n|t:|1699799609\n|move|p2a: best mon <3|Protect|p2a: best mon <3\n|-singleturn|p2a: best mon <3|Protect\n|move|p1a: Sylveon|Yawn|p2a: best mon <3\n|-activate|p2a: best mon <3|move: Protect\n|\n|-heal|p2a: best mon <3|65\/100|[from] item: Leftovers\n|upkeep\n|turn|26\n|\n|t:|1699799614\n|move|p2a: best mon <3|Substitute|p2a: best mon <3\n|-start|p2a: best mon <3|Substitute\n|-damage|p2a: best mon <3|40\/100\n|move|p1a: Sylveon|Yawn||[still]\n|-fail|p1a: Sylveon\n|\n|-heal|p2a: best mon <3|46\/100|[from] item: Leftovers\n|upkeep\n|turn|27\n|\n|t:|1699799618\n|move|p2a: best mon <3|Protect|p2a: best mon <3\n|-singleturn|p2a: best mon <3|Protect\n|move|p1a: Sylveon|Hyper Voice|p2a: best mon <3\n|-activate|p2a: best mon <3|move: Protect\n|\n|-heal|p2a: best mon <3|53\/100|[from] item: Leftovers\n|upkeep\n|turn|28\n|\n|t:|1699799623\n|move|p2a: best mon <3|Return|p1a: Sylveon\n|-damage|p1a: Sylveon|22\/100\n|move|p1a: Sylveon|Hyper Voice|p2a: best mon <3\n|-damage|p2a: best mon <3|6\/100\n|\n|-heal|p2a: best mon <3|12\/100|[from] item: Leftovers\n|upkeep\n|turn|29\n|c|\u2606TeamLeafter|im just a regigias\n|c|\u2606TeamLeafter|im already crippled\n|\n|t:|1699799640\n|move|p2a: best mon <3|Return|p1a: Sylveon\n|-crit|p1a: Sylveon\n|-damage|p1a: Sylveon|0 fnt\n|faint|p1a: Sylveon\n|\n|-heal|p2a: best mon <3|18\/100|[from] item: Leftovers\n|upkeep\n|\n|t:|1699799650\n|switch|p1a: Rotom|Rotom-Wash|52\/100\n|-damage|p1a: Rotom|39\/100|[from] Stealth Rock\n|turn|30\n|\n|t:|1699799653\n|move|p2a: best mon <3|Protect|p2a: best mon <3\n|-singleturn|p2a: best mon <3|Protect\n|move|p1a: Rotom|Hydro Pump|p2a: best mon <3\n|-activate|p2a: best mon <3|move: Protect\n|\n|-heal|p2a: best mon <3|24\/100|[from] item: Leftovers\n|-damage|p1a: Rotom|27\/100|[from] item: Sticky Barb\n|upkeep\n|turn|31\n|\n|t:|1699799659\n|move|p2a: best mon <3|Return|p1a: Rotom\n|-damage|p1a: Rotom|0 fnt\n|faint|p1a: Rotom\n|\n|-heal|p2a: best mon <3|30\/100|[from] item: Leftovers\n|upkeep\n|\n|t:|1699799664\n|switch|p1a: Scourge|Garchomp, F, tera:Fairy|15\/100\n|-damage|p1a: Scourge|3\/100|[from] Stealth Rock\n|turn|32\n|\n|t:|1699799668\n|move|p2a: best mon <3|Fire Punch|p1a: Scourge\n|-damage|p1a: Scourge|0 fnt\n|-damage|p2a: best mon <3|18\/100|[from] ability: Rough Skin|[of] p1a: Scourge\n|faint|p1a: Scourge\n|\n|-heal|p2a: best mon <3|24\/100|[from] item: Leftovers\n|upkeep\n|\n|t:|1699799671\n|switch|p1a: Corviknight|Corviknight, F|100\/100\n|-damage|p1a: Corviknight|88\/100|[from] Stealth Rock\n|turn|33\n|\n|t:|1699799678\n|move|p2a: best mon <3|Protect|p2a: best mon <3\n|-singleturn|p2a: best mon <3|Protect\n|move|p1a: Corviknight|Bulk Up|p1a: Corviknight\n|-boost|p1a: Corviknight|atk|1\n|-boost|p1a: Corviknight|def|1\n|\n|-heal|p2a: best mon <3|30\/100|[from] item: Leftovers\n|-heal|p1a: Corviknight|94\/100|[from] item: Leftovers\n|upkeep\n|turn|34\n|\n|t:|1699799683\n|move|p2a: best mon <3|Fire Punch|p1a: Corviknight\n|-supereffective|p1a: Corviknight\n|-damage|p1a: Corviknight|62\/100\n|move|p1a: Corviknight|Bulk Up|p1a: Corviknight\n|-boost|p1a: Corviknight|atk|1\n|-boost|p1a: Corviknight|def|1\n|\n|-heal|p2a: best mon <3|36\/100|[from] item: Leftovers\n|-heal|p1a: Corviknight|68\/100|[from] item: Leftovers\n|upkeep\n|turn|35\n|\n|t:|1699799690\n|move|p2a: best mon <3|Fire Punch|p1a: Corviknight\n|-supereffective|p1a: Corviknight\n|-damage|p1a: Corviknight|45\/100\n|move|p1a: Corviknight|Bulk Up|p1a: Corviknight\n|-boost|p1a: Corviknight|atk|1\n|-boost|p1a: Corviknight|def|1\n|\n|-heal|p2a: best mon <3|42\/100|[from] item: Leftovers\n|-heal|p1a: Corviknight|51\/100|[from] item: Leftovers\n|upkeep\n|turn|36\n|\n|t:|1699799695\n|move|p2a: best mon <3|Fire Punch|p1a: Corviknight\n|-supereffective|p1a: Corviknight\n|-damage|p1a: Corviknight|29\/100\n|move|p1a: Corviknight|Roost|p1a: Corviknight\n|-heal|p1a: Corviknight|79\/100\n|-singleturn|p1a: Corviknight|move: Roost\n|\n|-heal|p2a: best mon <3|48\/100|[from] item: Leftovers\n|-heal|p1a: Corviknight|85\/100|[from] item: Leftovers\n|upkeep\n|turn|37\n|\n|t:|1699799704\n|move|p2a: best mon <3|Return|p1a: Corviknight\n|-resisted|p1a: Corviknight\n|-damage|p1a: Corviknight|74\/100\n|move|p1a: Corviknight|Bulk Up|p1a: Corviknight\n|-boost|p1a: Corviknight|atk|1\n|-boost|p1a: Corviknight|def|1\n|\n|-heal|p2a: best mon <3|55\/100|[from] item: Leftovers\n|-heal|p1a: Corviknight|80\/100|[from] item: Leftovers\n|upkeep\n|turn|38\n|\n|t:|1699799709\n|move|p2a: best mon <3|Fire Punch|p1a: Corviknight\n|-supereffective|p1a: Corviknight\n|-damage|p1a: Corviknight|62\/100\n|move|p1a: Corviknight|Bulk Up|p1a: Corviknight\n|-boost|p1a: Corviknight|atk|1\n|-boost|p1a: Corviknight|def|1\n|\n|-heal|p2a: best mon <3|61\/100|[from] item: Leftovers\n|-heal|p1a: Corviknight|68\/100|[from] item: Leftovers\n|upkeep\n|turn|39\n|\n|t:|1699799720\n|move|p2a: best mon <3|Fire Punch|p1a: Corviknight\n|-supereffective|p1a: Corviknight\n|-damage|p1a: Corviknight|53\/100\n|move|p1a: Corviknight|Bulk Up|p1a: Corviknight\n|-boost|p1a: Corviknight|atk|1\n|-boost|p1a: Corviknight|def|1\n|\n|-heal|p2a: best mon <3|67\/100|[from] item: Leftovers\n|-heal|p1a: Corviknight|59\/100|[from] item: Leftovers\n|upkeep\n|turn|40\n|\n|t:|1699799725\n|move|p2a: best mon <3|Fire Punch|p1a: Corviknight\n|-supereffective|p1a: Corviknight\n|-damage|p1a: Corviknight|46\/100\n|move|p1a: Corviknight|Body Press|p2a: best mon <3\n|-supereffective|p2a: best mon <3\n|-end|p2a: best mon <3|Substitute\n|\n|-heal|p2a: best mon <3|73\/100|[from] item: Leftovers\n|-heal|p1a: Corviknight|52\/100|[from] item: Leftovers\n|upkeep\n|turn|41\n|\n|t:|1699799734\n|move|p2a: best mon <3|Protect|p2a: best mon <3\n|-singleturn|p2a: best mon <3|Protect\n|move|p1a: Corviknight|Body Press|p2a: best mon <3\n|-activate|p2a: best mon <3|move: Protect\n|\n|-heal|p2a: best mon <3|79\/100|[from] item: Leftovers\n|-heal|p1a: Corviknight|58\/100|[from] item: Leftovers\n|upkeep\n|turn|42\n|c|\u2606TeamLeafter|gg\n|\n|t:|1699799755\n|move|p2a: best mon <3|Fire Punch|p1a: Corviknight\n|-supereffective|p1a: Corviknight\n|-damage|p1a: Corviknight|45\/100\n|-status|p1a: Corviknight|brn\n|move|p1a: Corviknight|Body Press|p2a: best mon <3\n|-supereffective|p2a: best mon <3\n|-damage|p2a: best mon <3|12\/100\n|\n|-heal|p2a: best mon <3|18\/100|[from] item: Leftovers\n|-heal|p1a: Corviknight|51\/100 brn|[from] item: Leftovers\n|-damage|p1a: Corviknight|45\/100 brn|[from] brn\n|upkeep\n|turn|43\n|\n|t:|1699799765\n|move|p2a: best mon <3|Protect|p2a: best mon <3\n|-singleturn|p2a: best mon <3|Protect\n|move|p1a: Corviknight|Body Press|p2a: best mon <3\n|-activate|p2a: best mon <3|move: Protect\n|\n|-heal|p2a: best mon <3|24\/100|[from] item: Leftovers\n|-heal|p1a: Corviknight|51\/100 brn|[from] item: Leftovers\n|-damage|p1a: Corviknight|45\/100 brn|[from] brn\n|upkeep\n|turn|44\n|\n|t:|1699799775\n|move|p2a: best mon <3|Protect||[still]\n|-fail|p2a: best mon <3\n|move|p1a: Corviknight|Body Press|p2a: best mon <3\n|-supereffective|p2a: best mon <3\n|-damage|p2a: best mon <3|0 fnt\n|faint|p2a: best mon <3\n|-end|p2a: best mon <3|Slow Start|[silent]\n|\n|win|CykesAl\n|raw|CykesAl's rating: 1033 &rarr; <strong>1076<\/strong><br \/>(+43 for winning)\n|raw|TeamLeafter's rating: 1109 &rarr; <strong>1079<\/strong><br \/>(-30 for losing)\n|c|\u2606CykesAl|ou\n|c|\u2606TeamLeafter|so close\n","uploadtime":1699799798,"views":22,"p1id":"cykesal","p2id":"teamleafter","formatid":"gen9nationaldex","rating":1076,"private":0,"password":""}