{"id":"gen9nationaldex-1991489015","p1":"TheTurtwigWrangler","p2":"Shgfx","format":"[Gen 9] National Dex","log":"|j|\u2606TheTurtwigWrangler\n|j|\u2606Shgfx\n|t:|1700081589\n|gametype|singles\n|player|p1|TheTurtwigWrangler|worker|1257\n|player|p2|Shgfx|102|1158\n|teamsize|p1|6\n|teamsize|p2|6\n|gen|9\n|tier|[Gen 9] National Dex\n|rated|\n|rule|HP Percentage Mod: HP is shown in percentages\n|rule|Endless Battle Clause: Forcing endless battles is banned\n|rule|OHKO Clause: OHKO moves are banned\n|rule|Evasion Clause: Evasion abilities, items, and moves are banned\n|rule|Evasion Abilities Clause: Evasion abilities are banned\n|rule|Evasion Items Clause: Evasion items are banned\n|rule|Evasion Moves Clause: Evasion moves are banned\n|rule|Species Clause: Limit one of each Pok\u00e9mon\n|rule|Sleep Clause Mod: Limit one foe put to sleep\n|clearpoke\n|poke|p1|Heracross, M|\n|poke|p1|Weavile, F|\n|poke|p1|Aggron, M|\n|poke|p1|Alakazam, M|\n|poke|p1|Haxorus, M|\n|poke|p1|Togekiss, F|\n|poke|p2|Arcanine-Hisui, F|\n|poke|p2|Urshifu-*, F|\n|poke|p2|Meowscarada, M|\n|poke|p2|Tapu Koko|\n|poke|p2|Hydreigon, F|\n|poke|p2|Scizor, M|\n|teampreview\n|c|\u2606TheTurtwigWrangler|yooo sick team my guy\n|\n|t:|1700081599\n|start\n|switch|p1a: Gremlin|Weavile, F|100\/100\n|switch|p2a: Scizor|Scizor, M|100\/100\n|-ability|p1a: Gremlin|Pressure\n|turn|1\n|\n|t:|1700081607\n|detailschange|p2a: Scizor|Scizor-Mega, M\n|-mega|p2a: Scizor|Scizor|Scizorite\n|move|p1a: Gremlin|Knock Off|p2a: Scizor\n|-damage|p2a: Scizor|72\/100\n|move|p2a: Scizor|Swords Dance|p2a: Scizor\n|-boost|p2a: Scizor|atk|2\n|\n|upkeep\n|turn|2\n|\n|t:|1700081616\n|switch|p1a: MUDDAFUGGA|Aggron, M|100\/100\n|move|p2a: Scizor|Bullet Punch|p1a: MUDDAFUGGA\n|-damage|p1a: MUDDAFUGGA|57\/100\n|\n|upkeep\n|turn|3\n|\n|t:|1700081623\n|detailschange|p1a: MUDDAFUGGA|Aggron-Mega, M\n|-mega|p1a: MUDDAFUGGA|Aggron|Aggronite\n|move|p2a: Scizor|Toxic|p1a: MUDDAFUGGA\n|-immune|p1a: MUDDAFUGGA\n|move|p1a: MUDDAFUGGA|Thunder Wave|p2a: Scizor\n|-status|p2a: Scizor|par\n|\n|upkeep\n|turn|4\n|\n|t:|1700081632\n|move|p1a: MUDDAFUGGA|Iron Defense|p1a: MUDDAFUGGA\n|-boost|p1a: MUDDAFUGGA|def|2\n|move|p2a: Scizor|Swords Dance|p2a: Scizor\n|-boost|p2a: Scizor|atk|2\n|\n|upkeep\n|turn|5\n|\n|t:|1700081639\n|move|p2a: Scizor|Bullet Punch|p1a: MUDDAFUGGA\n|-resisted|p1a: MUDDAFUGGA\n|-damage|p1a: MUDDAFUGGA|43\/100\n|move|p1a: MUDDAFUGGA|Iron Defense|p1a: MUDDAFUGGA\n|-boost|p1a: MUDDAFUGGA|def|2\n|\n|upkeep\n|turn|6\n|\n|t:|1700081646\n|move|p2a: Scizor|Bullet Punch|p1a: MUDDAFUGGA\n|-resisted|p1a: MUDDAFUGGA\n|-damage|p1a: MUDDAFUGGA|33\/100\n|move|p1a: MUDDAFUGGA|Body Press|p2a: Scizor\n|-damage|p2a: Scizor|0 fnt\n|faint|p2a: Scizor\n|\n|upkeep\n|\n|t:|1700081654\n|switch|p2a: Hydreigon|Hydreigon, F|100\/100\n|turn|7\n|\n|t:|1700081658\n|move|p2a: Hydreigon|Earth Power|p1a: MUDDAFUGGA\n|-supereffective|p1a: MUDDAFUGGA\n|-damage|p1a: MUDDAFUGGA|0 fnt\n|faint|p1a: MUDDAFUGGA\n|\n|upkeep\n|\n|t:|1700081670\n|switch|p1a: Gremlin|Weavile, F|100\/100\n|-ability|p1a: Gremlin|Pressure\n|turn|8\n|\n|t:|1700081677\n|switch|p2a: Tapu Koko|Tapu Koko|100\/100\n|-fieldstart|move: Electric Terrain|[from] ability: Electric Surge|[of] p2a: Tapu Koko\n|move|p1a: Gremlin|Triple Axel|p2a: Tapu Koko\n|-damage|p2a: Tapu Koko|86\/100\n|-damage|p2a: Tapu Koko|56\/100\n|-damage|p2a: Tapu Koko|17\/100\n|-hitcount|p2a: Tapu Koko|3\n|\n|upkeep\n|turn|9\n|\n|t:|1700081689\n|move|p2a: Tapu Koko|Thunderbolt|p1a: Gremlin\n|-damage|p1a: Gremlin|29\/100\n|move|p1a: Gremlin|Knock Off|p2a: Tapu Koko\n|-resisted|p2a: Tapu Koko\n|-damage|p2a: Tapu Koko|0 fnt\n|-enditem|p2a: Tapu Koko|Heavy-Duty Boots|[from] move: Knock Off|[of] p1a: Gremlin\n|faint|p2a: Tapu Koko\n|\n|upkeep\n|\n|t:|1700081699\n|switch|p2a: Arcanine|Arcanine-Hisui, F|100\/100\n|turn|10\n|\n|t:|1700081703\n|move|p2a: Arcanine|Extreme Speed|p1a: Gremlin\n|-damage|p1a: Gremlin|0 fnt\n|faint|p1a: Gremlin\n|\n|upkeep\n|\n|t:|1700081709\n|switch|p1a: War Criminal|Haxorus, M|100\/100\n|-ability|p1a: War Criminal|Mold Breaker\n|turn|11\n|\n|t:|1700081714\n|switch|p2a: Meowscarada|Meowscarada, M|100\/100\n|move|p1a: War Criminal|Scale Shot|p2a: Meowscarada\n|-damage|p2a: Meowscarada|77\/100\n|-damage|p2a: Meowscarada|53\/100\n|-damage|p2a: Meowscarada|32\/100\n|-damage|p2a: Meowscarada|8\/100\n|-hitcount|p2a: Meowscarada|4\n|-unboost|p1a: War Criminal|def|1\n|-boost|p1a: War Criminal|spe|1\n|\n|upkeep\n|turn|12\n|\n|t:|1700081726\n|move|p1a: War Criminal|Earthquake|p2a: Meowscarada\n|-resisted|p2a: Meowscarada\n|-damage|p2a: Meowscarada|0 fnt\n|faint|p2a: Meowscarada\n|\n|-fieldend|move: Electric Terrain\n|upkeep\n|\n|t:|1700081734\n|switch|p2a: Urshifu|Urshifu-Rapid-Strike, F|100\/100\n|turn|13\n|\n|t:|1700081740\n|move|p1a: War Criminal|Close Combat|p2a: Urshifu\n|-damage|p2a: Urshifu|56\/100\n|-unboost|p1a: War Criminal|def|1\n|-unboost|p1a: War Criminal|spd|1\n|move|p2a: Urshifu|Ice Spinner|p1a: War Criminal\n|-supereffective|p1a: War Criminal\n|-damage|p1a: War Criminal|0 fnt\n|faint|p1a: War Criminal\n|\n|upkeep\n|\n|t:|1700081754\n|switch|p1a: Cement Lover|Heracross, M|100\/100\n|turn|14\n|\n|t:|1700081759\n|switch|p2a: Arcanine|Arcanine-Hisui, F|100\/100\n|move|p1a: Cement Lover|Trailblaze|p2a: Arcanine\n|-damage|p2a: Arcanine|78\/100\n|-boost|p1a: Cement Lover|spe|1\n|\n|-status|p1a: Cement Lover|brn|[from] item: Flame Orb\n|upkeep\n|turn|15\n|\n|t:|1700081769\n|move|p1a: Cement Lover|Close Combat|p2a: Arcanine\n|-supereffective|p2a: Arcanine\n|-damage|p2a: Arcanine|0 fnt\n|-unboost|p1a: Cement Lover|def|1\n|-unboost|p1a: Cement Lover|spd|1\n|faint|p2a: Arcanine\n|\n|-damage|p1a: Cement Lover|95\/100 brn|[from] brn\n|upkeep\n|\n|t:|1700081778\n|switch|p2a: Hydreigon|Hydreigon, F|100\/100\n|turn|16\n|\n|t:|1700081782\n|-terastallize|p1a: Cement Lover|Normal\n|move|p1a: Cement Lover|Facade|p2a: Hydreigon\n|-damage|p2a: Hydreigon|0 fnt\n|faint|p2a: Hydreigon\n|\n|-damage|p1a: Cement Lover|89\/100 brn|[from] brn\n|upkeep\n|\n|t:|1700081791\n|switch|p2a: Urshifu|Urshifu-Rapid-Strike, F|56\/100\n|turn|17\n|\n|t:|1700081797\n|move|p1a: Cement Lover|Facade|p2a: Urshifu\n|-damage|p2a: Urshifu|0 fnt\n|faint|p2a: Urshifu\n|\n|win|TheTurtwigWrangler\n|raw|TheTurtwigWrangler's rating: 1257 &rarr; <strong>1275<\/strong><br \/>(+18 for winning)\n|raw|Shgfx's rating: 1158 &rarr; <strong>1140<\/strong><br \/>(-18 for losing)\n|c|\u2606TheTurtwigWrangler|gg\n","uploadtime":1700081809,"views":7,"p1id":"theturtwigwrangler","p2id":"shgfx","formatid":"gen9nationaldex","rating":1140,"private":0,"password":""}