{"id":"gen9nationaldex-1988849294","p1":"TeemothyTheTortles","p2":"sdruc","format":"[Gen 9] National Dex","log":"|j|\u2606TeemothyTheTortles\n|j|\u2606sdruc\n|t:|1699773380\n|gametype|singles\n|player|p1|TeemothyTheTortles|wallace|1045\n|player|p2|sdruc|102|1040\n|teamsize|p1|6\n|teamsize|p2|6\n|gen|9\n|tier|[Gen 9] National Dex\n|rated|\n|rule|HP Percentage Mod: HP is shown in percentages\n|rule|Endless Battle Clause: Forcing endless battles is banned\n|rule|OHKO Clause: OHKO moves are banned\n|rule|Evasion Clause: Evasion abilities, items, and moves are banned\n|rule|Evasion Abilities Clause: Evasion abilities are banned\n|rule|Evasion Items Clause: Evasion items are banned\n|rule|Evasion Moves Clause: Evasion moves are banned\n|rule|Species Clause: Limit one of each Pok\u00e9mon\n|rule|Sleep Clause Mod: Limit one foe put to sleep\n|clearpoke\n|poke|p1|Gallade, M|\n|poke|p1|Sableye, M|\n|poke|p1|Tapu Koko|\n|poke|p1|Clodsire, M|\n|poke|p1|Kartana|\n|poke|p1|Charizard, F|\n|poke|p2|Froslass, F|\n|poke|p2|Crawdaunt, M|\n|poke|p2|Jirachi|\n|poke|p2|Cloyster, M|\n|poke|p2|Milotic, F|\n|poke|p2|Spidops, M|\n|teampreview\n|inactive|Battle timer is ON: inactive players will automatically lose when time's up. (requested by TeemothyTheTortles)\n|\n|t:|1699773387\n|start\n|switch|p1a: Tapu Koko|Tapu Koko|100\/100\n|switch|p2a: Cloyster|Cloyster, M, shiny|100\/100\n|-fieldstart|move: Electric Terrain|[from] ability: Electric Surge|[of] p1a: Tapu Koko\n|turn|1\n|\n|t:|1699773397\n|-zpower|p1a: Tapu Koko\n|move|p1a: Tapu Koko|Gigavolt Havoc|p2a: Cloyster|[zeffect]\n|-supereffective|p2a: Cloyster\n|-enditem|p2a: Cloyster|Focus Sash\n|-damage|p2a: Cloyster|1\/100\n|move|p2a: Cloyster|Shell Smash|p2a: Cloyster\n|-unboost|p2a: Cloyster|def|1\n|-unboost|p2a: Cloyster|spd|1\n|-boost|p2a: Cloyster|atk|2\n|-boost|p2a: Cloyster|spa|2\n|-boost|p2a: Cloyster|spe|2\n|\n|upkeep\n|turn|2\n|\n|t:|1699773422\n|switch|p1a: Charizard|Charizard, F, shiny|100\/100\n|move|p2a: Cloyster|Liquidation|p1a: Charizard\n|-supereffective|p1a: Charizard\n|-damage|p1a: Charizard|0 fnt\n|faint|p1a: Charizard\n|\n|upkeep\n|inactive|TeemothyTheTortles has 120 seconds left.\n|\n|t:|1699773436\n|switch|p1a: Sableye|Sableye, M, shiny|100\/100\n|turn|3\n|\n|t:|1699773443\n|detailschange|p1a: Sableye|Sableye-Mega, M, shiny\n|-mega|p1a: Sableye|Sableye|Sablenite\n|move|p2a: Cloyster|Liquidation|p1a: Sableye\n|-damage|p1a: Sableye|32\/100\n|move|p1a: Sableye|Shadow Claw|p2a: Cloyster\n|-damage|p2a: Cloyster|0 fnt\n|faint|p2a: Cloyster\n|\n|upkeep\n|\n|t:|1699773457\n|switch|p2a: Crawdaunt|Crawdaunt, M|100\/100\n|turn|4\n|\n|t:|1699773461\n|move|p2a: Crawdaunt|Crabhammer|p1a: Sableye\n|-damage|p1a: Sableye|0 fnt\n|faint|p1a: Sableye\n|\n|upkeep\n|\n|t:|1699773466\n|switch|p1a: Kartana|Kartana|100\/100\n|turn|5\n|\n|t:|1699773481\n|-terastallize|p2a: Crawdaunt|Water\n|move|p1a: Kartana|Sacred Sword|p2a: Crawdaunt\n|-damage|p2a: Crawdaunt|37\/100\n|move|p2a: Crawdaunt|Crunch|p1a: Kartana\n|-damage|p1a: Kartana|54\/100\n|\n|-fieldend|move: Electric Terrain\n|upkeep\n|turn|6\n|inactive|TeemothyTheTortles has 120 seconds left.\n|\n|t:|1699773515\n|switch|p2a: Froslass|Froslass, F|100\/100\n|move|p1a: Kartana|Sacred Sword|p2a: Froslass\n|-immune|p2a: Froslass\n|\n|upkeep\n|turn|7\n|\n|t:|1699773522\n|move|p1a: Kartana|Knock Off|p2a: Froslass\n|-supereffective|p2a: Froslass\n|-enditem|p2a: Froslass|Focus Sash\n|-damage|p2a: Froslass|1\/100\n|move|p2a: Froslass|Frost Breath|p1a: Kartana\n|-crit|p1a: Kartana\n|-damage|p1a: Kartana|0 fnt\n|faint|p1a: Kartana\n|\n|upkeep\n|\n|t:|1699773531\n|switch|p1a: Gallade|Gallade, M, shiny|100\/100\n|turn|8\n|\n|t:|1699773535\n|move|p2a: Froslass|Shadow Ball|p1a: Gallade\n|-supereffective|p1a: Gallade\n|-damage|p1a: Gallade|25\/100\n|move|p1a: Gallade|Agility|p1a: Gallade\n|-boost|p1a: Gallade|spe|2\n|\n|upkeep\n|turn|9\n|\n|t:|1699773547\n|switch|p2a: Spidops|Spidops, M|100\/100\n|move|p1a: Gallade|Knock Off|p2a: Spidops\n|-damage|p2a: Spidops|56\/100\n|-enditem|p2a: Spidops|Focus Sash|[from] move: Knock Off|[of] p1a: Gallade\n|\n|upkeep\n|turn|10\n|\n|t:|1699773558\n|move|p1a: Gallade|Zen Headbutt|p2a: Spidops\n|-damage|p2a: Spidops|1\/100\n|move|p2a: Spidops|Lunge|p1a: Gallade\n|-damage|p1a: Gallade|0 fnt\n|faint|p1a: Gallade\n|\n|upkeep\n|\n|t:|1699773564\n|switch|p1a: Clodsire|Clodsire, M|100\/100\n|turn|11\n|\n|t:|1699773569\n|switch|p2a: Milotic|Milotic, F|100\/100\n|move|p1a: Clodsire|Surf|p2a: Milotic\n|-resisted|p2a: Milotic\n|-damage|p2a: Milotic|96\/100\n|\n|upkeep\n|turn|12\n|\n|t:|1699773576\n|move|p2a: Milotic|Hydro Pump|p1a: Clodsire\n|-immune|p1a: Clodsire|[from] ability: Water Absorb\n|move|p1a: Clodsire|Acid Spray|p2a: Milotic\n|-damage|p2a: Milotic|89\/100\n|-unboost|p2a: Milotic|spd|2\n|\n|upkeep\n|turn|13\n|\n|t:|1699773584\n|move|p2a: Milotic|Blizzard|p1a: Clodsire\n|-supereffective|p1a: Clodsire\n|-damage|p1a: Clodsire|69\/100\n|move|p1a: Clodsire|Acid Spray|p2a: Milotic\n|-damage|p2a: Milotic|77\/100\n|-unboost|p2a: Milotic|spd|2\n|\n|upkeep\n|turn|14\n|\n|t:|1699773594\n|move|p2a: Milotic|Blizzard|p1a: Clodsire\n|-supereffective|p1a: Clodsire\n|-damage|p1a: Clodsire|33\/100\n|move|p1a: Clodsire|Earth Power|p2a: Milotic\n|-damage|p2a: Milotic|35\/100\n|\n|upkeep\n|turn|15\n|\n|t:|1699773602\n|-terastallize|p1a: Clodsire|Poison\n|move|p2a: Milotic|Blizzard|p1a: Clodsire\n|-damage|p1a: Clodsire|17\/100\n|move|p1a: Clodsire|Earth Power|p2a: Milotic\n|-crit|p2a: Milotic\n|-damage|p2a: Milotic|0 fnt\n|faint|p2a: Milotic\n|\n|upkeep\n|\n|t:|1699773613\n|switch|p2a: Froslass|Froslass, F|1\/100\n|turn|16\n|\n|t:|1699773618\n|move|p2a: Froslass|Psychic|p1a: Clodsire\n|-supereffective|p1a: Clodsire\n|-damage|p1a: Clodsire|0 fnt\n|faint|p1a: Clodsire\n|\n|upkeep\n|\n|t:|1699773623\n|switch|p1a: Tapu Koko|Tapu Koko|100\/100\n|-fieldstart|move: Electric Terrain|[from] ability: Electric Surge|[of] p1a: Tapu Koko\n|turn|17\n|\n|t:|1699773628\n|move|p1a: Tapu Koko|U-turn|p2a: Froslass\n|-resisted|p2a: Froslass\n|-damage|p2a: Froslass|0 fnt\n|faint|p2a: Froslass\n|\n|upkeep\n|\n|t:|1699773638\n|switch|p2a: Crawdaunt|Crawdaunt, M, tera:Water|37\/100\n|turn|18\n|\n|t:|1699773660\n|move|p2a: Crawdaunt|Aqua Jet|p1a: Tapu Koko\n|-damage|p1a: Tapu Koko|52\/100\n|move|p1a: Tapu Koko|Wild Charge|p2a: Crawdaunt\n|-supereffective|p2a: Crawdaunt\n|-damage|p2a: Crawdaunt|0 fnt\n|faint|p2a: Crawdaunt\n|-damage|p1a: Tapu Koko|43\/100|[from] Recoil\n|\n|upkeep\n|\n|t:|1699773675\n|switch|p2a: Jirachi|Jirachi|100\/100\n|turn|19\n|\n|t:|1699773682\n|move|p1a: Tapu Koko|Wild Charge|p2a: Jirachi\n|-damage|p2a: Jirachi|36\/100\n|-damage|p1a: Tapu Koko|24\/100|[from] Recoil\n|move|p2a: Jirachi|Future Sight|p1a: Tapu Koko\n|-start|p2a: Jirachi|move: Future Sight\n|\n|upkeep\n|turn|20\n|\n|t:|1699773692\n|switch|p2a: Spidops|Spidops, M|1\/100\n|move|p1a: Tapu Koko|Wild Charge|p2a: Spidops\n|-damage|p2a: Spidops|0 fnt\n|faint|p2a: Spidops\n|-damage|p1a: Tapu Koko|23\/100|[from] Recoil\n|\n|upkeep\n|\n|t:|1699773701\n|switch|p2a: Jirachi|Jirachi|36\/100\n|turn|21\n|\n|t:|1699773709\n|move|p1a: Tapu Koko|U-turn|p2a: Jirachi\n|-damage|p2a: Jirachi|14\/100\n|move|p2a: Jirachi|Shadow Ball|p1a: Tapu Koko\n|-damage|p1a: Tapu Koko|0 fnt\n|faint|p1a: Tapu Koko\n|\n|win|sdruc\n|raw|TeemothyTheTortles's rating: 1045 &rarr; <strong>1028<\/strong><br \/>(-17 for losing)\n|raw|sdruc's rating: 1040 &rarr; <strong>1074<\/strong><br \/>(+34 for winning)\n","uploadtime":1699773719,"views":4,"p1id":"teemothythetortles","p2id":"sdruc","formatid":"gen9nationaldex","rating":1028,"private":0,"password":""}