{"id":"gen9nationaldex-1991147723","p1":"KFRecorder","p2":"mumux","format":"[Gen 9] National Dex","log":"|j|\u2606KFRecorder\n|j|\u2606mumux\n|t:|1700050114\n|gametype|singles\n|player|p1|KFRecorder|swimmerf|1234\n|player|p2|mumux|cynthia-gen4|1294\n|teamsize|p1|6\n|teamsize|p2|6\n|gen|9\n|tier|[Gen 9] National Dex\n|rated|\n|rule|HP Percentage Mod: HP is shown in percentages\n|rule|Endless Battle Clause: Forcing endless battles is banned\n|rule|OHKO Clause: OHKO moves are banned\n|rule|Evasion Clause: Evasion abilities, items, and moves are banned\n|rule|Evasion Abilities Clause: Evasion abilities are banned\n|rule|Evasion Items Clause: Evasion items are banned\n|rule|Evasion Moves Clause: Evasion moves are banned\n|rule|Species Clause: Limit one of each Pok\u00e9mon\n|rule|Sleep Clause Mod: Limit one foe put to sleep\n|clearpoke\n|poke|p1|Garchomp, F|\n|poke|p1|Kartana|\n|poke|p1|Glimmora, M|\n|poke|p1|Sneasler, F|\n|poke|p1|Tapu Koko|\n|poke|p1|Aegislash, M|\n|poke|p2|Rillaboom, F|\n|poke|p2|Heatran, M|\n|poke|p2|Urshifu-*, F|\n|poke|p2|Slowking-Galar, F|\n|poke|p2|Thundurus-Therian, M|\n|poke|p2|Weezing-Galar, F|\n|teampreview\n|inactive|Battle timer is ON: inactive players will automatically lose when time's up. (requested by mumux)\n|\n|t:|1700050124\n|start\n|switch|p1a: Kartana|Kartana|100\/100\n|switch|p2a: Weezing|Weezing-Galar, F|100\/100\n|-ability|p2a: Weezing|Neutralizing Gas\n|turn|1\n|\n|t:|1700050130\n|move|p1a: Kartana|Smart Strike|p2a: Weezing\n|-supereffective|p2a: Weezing\n|-damage|p2a: Weezing|44\/100\n|move|p2a: Weezing|Will-O-Wisp|p1a: Kartana\n|-status|p1a: Kartana|brn\n|\n|-heal|p2a: Weezing|50\/100|[from] item: Leftovers\n|-damage|p1a: Kartana|94\/100 brn|[from] brn\n|upkeep\n|turn|2\n|\n|t:|1700050160\n|switch|p1a: Glimmora|Glimmora, M|100\/100\n|-end|p2a: Weezing|ability: Neutralizing Gas\n|switch|p2a: Heatran|Heatran, M|100\/100\n|\n|upkeep\n|turn|3\n|\n|t:|1700050167\n|move|p1a: Glimmora|Earth Power|p2a: Heatran\n|-supereffective|p2a: Heatran\n|-damage|p2a: Heatran|17\/100\n|-unboost|p2a: Heatran|spd|1\n|move|p2a: Heatran|Magma Storm|p1a: Glimmora\n|-resisted|p1a: Glimmora\n|-damage|p1a: Glimmora|70\/100\n|-activate|p1a: Glimmora|move: Magma Storm|[of] p2a: Heatran\n|\n|-heal|p2a: Heatran|23\/100|[from] item: Leftovers\n|-damage|p1a: Glimmora|58\/100|[from] move: Magma Storm|[partiallytrapped]\n|upkeep\n|turn|4\n|\n|t:|1700050180\n|switch|p2a: Thundurus|Thundurus-Therian, M|100\/100\n|move|p1a: Glimmora|Power Gem|p2a: Thundurus\n|-supereffective|p2a: Thundurus\n|-damage|p2a: Thundurus|0 fnt\n|faint|p2a: Thundurus\n|\n|-end|p1a: Glimmora|Magma Storm|[partiallytrapped]|[silent]\n|upkeep\n|\n|t:|1700050188\n|switch|p2a: Rillaboom|Rillaboom, F|100\/100\n|-fieldstart|move: Grassy Terrain|[from] ability: Grassy Surge|[of] p2a: Rillaboom\n|turn|5\n|\n|t:|1700050193\n|switch|p1a: Kartana|Kartana|94\/100 brn\n|move|p2a: Rillaboom|Grassy Glide|p1a: Kartana\n|-resisted|p1a: Kartana\n|-damage|p1a: Kartana|79\/100 brn\n|\n|-heal|p1a: Kartana|85\/100 brn|[from] Grassy Terrain\n|-damage|p1a: Kartana|79\/100 brn|[from] brn\n|upkeep\n|turn|6\n|\n|t:|1700050211\n|switch|p2a: Slowking|Slowking-Galar, F|100\/100\n|move|p1a: Kartana|Knock Off|p2a: Slowking\n|-supereffective|p2a: Slowking\n|-damage|p2a: Slowking|65\/100\n|-enditem|p2a: Slowking|Heavy-Duty Boots|[from] move: Knock Off|[of] p1a: Kartana\n|\n|-heal|p1a: Kartana|85\/100 brn|[from] Grassy Terrain\n|-heal|p2a: Slowking|71\/100|[from] Grassy Terrain\n|-damage|p1a: Kartana|79\/100 brn|[from] brn\n|upkeep\n|turn|7\n|\n|t:|1700050224\n|switch|p1a: Garchomp|Garchomp, F|100\/100\n|move|p2a: Slowking|Future Sight|p1a: Garchomp\n|-start|p2a: Slowking|move: Future Sight\n|\n|-heal|p2a: Slowking|77\/100|[from] Grassy Terrain\n|upkeep\n|turn|8\n|\n|t:|1700050233\n|switch|p2a: Urshifu|Urshifu-Rapid-Strike, F|100\/100\n|move|p1a: Garchomp|Swords Dance|p1a: Garchomp\n|-boost|p1a: Garchomp|atk|2\n|\n|upkeep\n|turn|9\n|\n|t:|1700050246\n|switch|p1a: Glimmora|Glimmora, M|58\/100\n|move|p2a: Urshifu|Surging Strikes|p1a: Glimmora\n|-supereffective|p1a: Glimmora\n|-crit|p1a: Glimmora\n|-damage|p1a: Glimmora|0 fnt\n|-activate|p1a: Glimmora|ability: Toxic Debris\n|-sidestart|p2: mumux|move: Toxic Spikes\n|faint|p1a: Glimmora\n|-hitcount|p1: Glimmora|1\n|\n|-hint|Future Sight did not hit because the target is fainted.\n|-fieldend|move: Grassy Terrain\n|upkeep\n|\n|t:|1700050254\n|switch|p1a: Aegislash|Aegislash, M|100\/100\n|turn|10\n|\n|t:|1700050260\n|switch|p2a: Weezing|Weezing-Galar, F|50\/100\n|-ability|p2a: Weezing|Neutralizing Gas\n|-sideend|p2: mumux|move: Toxic Spikes|[of] p2a: Weezing\n|move|p1a: Aegislash|Toxic|p2a: Weezing\n|-immune|p2a: Weezing\n|\n|-heal|p2a: Weezing|56\/100|[from] item: Leftovers\n|upkeep\n|turn|11\n|\n|t:|1700050265\n|move|p2a: Weezing|Toxic Spikes|p1a: Aegislash\n|-sidestart|p1: KFRecorder|move: Toxic Spikes\n|-formechange|p1a: Aegislash|Aegislash-Blade||[from] ability: Stance Change\n|move|p1a: Aegislash|Shadow Ball|p2a: Weezing\n|-damage|p2a: Weezing|1\/100\n|\n|-heal|p2a: Weezing|7\/100|[from] item: Leftovers\n|upkeep\n|turn|12\n|\n|t:|1700050273\n|move|p2a: Weezing|Will-O-Wisp|p1a: Aegislash\n|-status|p1a: Aegislash|brn\n|move|p1a: Aegislash|Shadow Ball|p2a: Weezing\n|-damage|p2a: Weezing|0 fnt\n|faint|p2a: Weezing\n|-end|p2a: Weezing|ability: Neutralizing Gas\n|\n|-damage|p1a: Aegislash|94\/100 brn|[from] brn\n|upkeep\n|\n|t:|1700050281\n|switch|p2a: Rillaboom|Rillaboom, F|100\/100\n|-fieldstart|move: Grassy Terrain|[from] ability: Grassy Surge|[of] p2a: Rillaboom\n|turn|13\n|\n|t:|1700050291\n|-formechange|p1a: Aegislash|Aegislash||[from] ability: Stance Change\n|move|p1a: Aegislash|King's Shield|p1a: Aegislash\n|-singleturn|p1a: Aegislash|Protect\n|move|p2a: Rillaboom|Knock Off|p1a: Aegislash\n|-activate|p1a: Aegislash|move: Protect\n|-unboost|p2a: Rillaboom|atk|1\n|\n|-heal|p1a: Aegislash|100\/100 brn|[from] Grassy Terrain\n|-damage|p1a: Aegislash|94\/100 brn|[from] brn\n|upkeep\n|turn|14\n|\n|t:|1700050304\n|move|p2a: Rillaboom|Knock Off|p1a: Aegislash\n|-supereffective|p1a: Aegislash\n|-damage|p1a: Aegislash|40\/100 brn\n|-enditem|p1a: Aegislash|Leftovers|[from] move: Knock Off|[of] p2a: Rillaboom\n|move|p1a: Aegislash|Toxic|p2a: Rillaboom|[miss]\n|-miss|p1a: Aegislash|p2a: Rillaboom\n|\n|-heal|p1a: Aegislash|46\/100 brn|[from] Grassy Terrain\n|-damage|p1a: Aegislash|40\/100 brn|[from] brn\n|upkeep\n|turn|15\n|\n|t:|1700050317\n|move|p1a: Aegislash|King's Shield|p1a: Aegislash\n|-singleturn|p1a: Aegislash|Protect\n|move|p2a: Rillaboom|Knock Off|p1a: Aegislash\n|-activate|p1a: Aegislash|move: Protect\n|-unboost|p2a: Rillaboom|atk|1\n|\n|-heal|p1a: Aegislash|46\/100 brn|[from] Grassy Terrain\n|-damage|p1a: Aegislash|40\/100 brn|[from] brn\n|upkeep\n|turn|16\n|\n|t:|1700050330\n|switch|p2a: Slowking|Slowking-Galar, F|100\/100\n|move|p1a: Aegislash|Toxic|p2a: Slowking\n|-immune|p2a: Slowking\n|\n|-heal|p1a: Aegislash|46\/100 brn|[from] Grassy Terrain\n|-damage|p1a: Aegislash|40\/100 brn|[from] brn\n|upkeep\n|turn|17\n|\n|t:|1700050336\n|-formechange|p1a: Aegislash|Aegislash-Blade||[from] ability: Stance Change\n|move|p1a: Aegislash|Shadow Ball|p2a: Slowking\n|-supereffective|p2a: Slowking\n|-damage|p2a: Slowking|36\/100\n|move|p2a: Slowking|Future Sight|p1a: Aegislash\n|-start|p2a: Slowking|move: Future Sight\n|\n|-heal|p1a: Aegislash|46\/100 brn|[from] Grassy Terrain\n|-heal|p2a: Slowking|42\/100|[from] Grassy Terrain\n|-damage|p1a: Aegislash|40\/100 brn|[from] brn\n|-fieldend|move: Grassy Terrain\n|upkeep\n|turn|18\n|\n|t:|1700050350\n|switch|p2a: Heatran|Heatran, M|23\/100\n|move|p1a: Aegislash|Shadow Ball|p2a: Heatran\n|-damage|p2a: Heatran|0 fnt\n|faint|p2a: Heatran\n|\n|-damage|p1a: Aegislash|34\/100 brn|[from] brn\n|upkeep\n|\n|t:|1700050353\n|switch|p2a: Urshifu|Urshifu-Rapid-Strike, F|100\/100\n|turn|19\n|\n|t:|1700050359\n|switch|p1a: Kartana|Kartana|79\/100 brn\n|move|p2a: Urshifu|Surging Strikes|p1a: Kartana\n|-resisted|p1a: Kartana\n|-crit|p1a: Kartana\n|-damage|p1a: Kartana|64\/100 brn\n|-resisted|p1a: Kartana\n|-crit|p1a: Kartana\n|-damage|p1a: Kartana|48\/100 brn\n|-resisted|p1a: Kartana\n|-crit|p1a: Kartana\n|-damage|p1a: Kartana|33\/100 brn\n|-hitcount|p1a: Kartana|3\n|\n|-end|p1a: Kartana|move: Future Sight\n|-resisted|p1a: Kartana\n|-damage|p1a: Kartana|0 fnt\n|faint|p1a: Kartana\n|upkeep\n|\n|t:|1700050374\n|switch|p1a: Aegislash|Aegislash, M|34\/100 brn\n|turn|20\n|\n|t:|1700050378\n|move|p1a: Aegislash|King's Shield|p1a: Aegislash\n|-singleturn|p1a: Aegislash|Protect\n|move|p2a: Urshifu|Surging Strikes|p1a: Aegislash\n|-crit|p1a: Aegislash\n|-damage|p1a: Aegislash|10\/100 brn\n|-crit|p1a: Aegislash\n|-damage|p1a: Aegislash|0 fnt\n|faint|p1a: Aegislash\n|-hitcount|p1: Aegislash|2\n|\n|upkeep\n|\n|t:|1700050385\n|switch|p1a: Tapu Koko|Tapu Koko|100\/100\n|-fieldstart|move: Electric Terrain|[from] ability: Electric Surge|[of] p1a: Tapu Koko\n|turn|21\n|\n|t:|1700050390\n|switch|p2a: Rillaboom|Rillaboom, F|100\/100\n|-fieldstart|move: Grassy Terrain|[from] ability: Grassy Surge|[of] p2a: Rillaboom\n|-terastallize|p1a: Tapu Koko|Grass\n|move|p1a: Tapu Koko|Thunderbolt|p2a: Rillaboom\n|-resisted|p2a: Rillaboom\n|-damage|p2a: Rillaboom|77\/100\n|\n|-heal|p2a: Rillaboom|83\/100|[from] Grassy Terrain\n|upkeep\n|turn|22\n|\n|t:|1700050407\n|switch|p1a: Sneasler|Sneasler, F|100\/100\n|-sideend|p1: KFRecorder|move: Toxic Spikes|[of] p1a: Sneasler\n|move|p2a: Rillaboom|U-turn|p1a: Sneasler\n|-resisted|p1a: Sneasler\n|-damage|p1a: Sneasler|83\/100\n|\n|t:|1700050417\n|switch|p2a: Urshifu|Urshifu-Rapid-Strike, F|100\/100|[from] U-turn\n|\n|-heal|p1a: Sneasler|89\/100|[from] Grassy Terrain\n|upkeep\n|turn|23\n|\n|t:|1700050432\n|switch|p1a: Garchomp|Garchomp, F|100\/100\n|move|p2a: Urshifu|Close Combat|p1a: Garchomp\n|-damage|p1a: Garchomp|11\/100\n|-unboost|p2a: Urshifu|def|1\n|-unboost|p2a: Urshifu|spd|1\n|-damage|p2a: Urshifu|88\/100|[from] ability: Rough Skin|[of] p1a: Garchomp\n|\n|-heal|p1a: Garchomp|18\/100|[from] Grassy Terrain\n|-heal|p2a: Urshifu|94\/100|[from] Grassy Terrain\n|upkeep\n|turn|24\n|\n|t:|1700050443\n|-zpower|p1a: Garchomp\n|move|p1a: Garchomp|Devastating Drake|p2a: Urshifu|[zeffect]\n|-damage|p2a: Urshifu|0 fnt\n|faint|p2a: Urshifu\n|\n|-heal|p1a: Garchomp|24\/100|[from] Grassy Terrain\n|upkeep\n|\n|t:|1700050449\n|switch|p2a: Rillaboom|Rillaboom, F|83\/100\n|turn|25\n|\n|t:|1700050460\n|move|p1a: Garchomp|Outrage|p2a: Rillaboom\n|-damage|p2a: Rillaboom|19\/100\n|move|p2a: Rillaboom|U-turn|p1a: Garchomp\n|-damage|p1a: Garchomp|0 fnt\n|-damage|p2a: Rillaboom|6\/100|[from] ability: Rough Skin|[of] p1a: Garchomp\n|faint|p1a: Garchomp\n|\n|t:|1700050464\n|switch|p2a: Slowking|Slowking-Galar, F|76\/100|[from] U-turn\n|\n|-heal|p2a: Slowking|82\/100|[from] Grassy Terrain\n|-fieldend|move: Grassy Terrain\n|upkeep\n|\n|t:|1700050473\n|switch|p1a: Sneasler|Sneasler, F|89\/100\n|turn|26\n|\n|t:|1700050484\n|switch|p1a: Tapu Koko|Tapu Koko, tera:Grass|100\/100\n|-fieldstart|move: Electric Terrain|[from] ability: Electric Surge|[of] p1a: Tapu Koko\n|move|p2a: Slowking|Future Sight|p1a: Tapu Koko\n|-start|p2a: Slowking|move: Future Sight\n|\n|upkeep\n|turn|27\n|\n|t:|1700050494\n|move|p1a: Tapu Koko|Thunderbolt|p2a: Slowking\n|-damage|p2a: Slowking|44\/100\n|move|p2a: Slowking|Chilly Reception|p2a: Slowking\n|-weather|Snow\n|\n|t:|1700050497\n|switch|p2a: Rillaboom|Rillaboom, F|6\/100|[from] Chilly Reception\n|-fieldstart|move: Grassy Terrain|[from] ability: Grassy Surge|[of] p2a: Rillaboom\n|\n|-weather|Snow|[upkeep]\n|-heal|p2a: Rillaboom|13\/100|[from] Grassy Terrain\n|upkeep\n|turn|28\n|\n|t:|1700050507\n|-terastallize|p2a: Rillaboom|Grass\n|move|p2a: Rillaboom|Grassy Glide|p1a: Tapu Koko\n|-resisted|p1a: Tapu Koko\n|-damage|p1a: Tapu Koko|47\/100\n|move|p1a: Tapu Koko|Thunderbolt|p2a: Rillaboom\n|-resisted|p2a: Rillaboom\n|-damage|p2a: Rillaboom|0 fnt\n|faint|p2a: Rillaboom\n|\n|-weather|Snow|[upkeep]\n|-end|p1a: Tapu Koko|move: Future Sight\n|-damage|p1a: Tapu Koko|0 fnt\n|faint|p1a: Tapu Koko\n|upkeep\n|\n|t:|1700050513\n|switch|p1a: Sneasler|Sneasler, F|89\/100\n|switch|p2a: Slowking|Slowking-Galar, F|77\/100\n|turn|29\n|\n|t:|1700050535\n|move|p1a: Sneasler|Close Combat|p2a: Slowking\n|-resisted|p2a: Slowking\n|-damage|p2a: Slowking|63\/100\n|-unboost|p1a: Sneasler|def|1\n|-unboost|p1a: Sneasler|spd|1\n|move|p2a: Slowking|Sludge Bomb|p1a: Sneasler\n|-resisted|p1a: Sneasler\n|-damage|p1a: Sneasler|56\/100\n|\n|-weather|Snow|[upkeep]\n|-heal|p1a: Sneasler|62\/100|[from] Grassy Terrain\n|-heal|p2a: Slowking|69\/100|[from] Grassy Terrain\n|upkeep\n|turn|30\n|\n|t:|1700050548\n|move|p1a: Sneasler|Swords Dance|p1a: Sneasler\n|-boost|p1a: Sneasler|atk|2\n|move|p2a: Slowking|Sludge Bomb|p1a: Sneasler\n|-resisted|p1a: Sneasler\n|-damage|p1a: Sneasler|27\/100\n|\n|-weather|Snow|[upkeep]\n|-heal|p1a: Sneasler|33\/100|[from] Grassy Terrain\n|-heal|p2a: Slowking|75\/100|[from] Grassy Terrain\n|upkeep\n|turn|31\n|\n|t:|1700050565\n|move|p1a: Sneasler|Dire Claw|p2a: Slowking\n|-resisted|p2a: Slowking\n|-damage|p2a: Slowking|35\/100\n|-status|p2a: Slowking|slp\n|cant|p2a: Slowking|slp\n|\n|-weather|none\n|-heal|p1a: Sneasler|39\/100|[from] Grassy Terrain\n|-heal|p2a: Slowking|41\/100 slp|[from] Grassy Terrain\n|-fieldend|move: Grassy Terrain\n|upkeep\n|turn|32\n|c|\u2606mumux|\uff1f\n|c|\u2606KFRecorder|sorry\n|\n|t:|1700050580\n|move|p1a: Sneasler|Dire Claw|p2a: Slowking\n|-resisted|p2a: Slowking\n|-damage|p2a: Slowking|4\/100 slp\n|-curestatus|p2a: Slowking|slp|[msg]\n|move|p2a: Slowking|Sludge Bomb|p1a: Sneasler\n|-resisted|p1a: Sneasler\n|-damage|p1a: Sneasler|6\/100\n|\n|upkeep\n|turn|33\n|\n|t:|1700050587\n|move|p1a: Sneasler|Dire Claw|p2a: Slowking\n|-resisted|p2a: Slowking\n|-damage|p2a: Slowking|0 fnt\n|faint|p2a: Slowking\n|\n|win|KFRecorder\n|raw|KFRecorder's rating: 1234 &rarr; <strong>1263<\/strong><br \/>(+29 for winning)\n|raw|mumux's rating: 1294 &rarr; <strong>1265<\/strong><br \/>(-29 for losing)\n|l|\u2606mumux\n","uploadtime":1700050600,"views":4,"p1id":"kfrecorder","p2id":"mumux","formatid":"gen9nationaldex","rating":1263,"private":0,"password":""}