{"id":"gen9nationaldex-1991346857","p1":"cynt14","p2":"KyosukeKamijou","format":"[Gen 9] National Dex","log":"|j|\u2606cynt14\n|j|\u2606KyosukeKamijou\n|t:|1700069542\n|gametype|singles\n|player|p1|cynt14|cynthia-gen4|1244\n|player|p2|KyosukeKamijou|ghetsis|1218\n|teamsize|p1|6\n|teamsize|p2|6\n|gen|9\n|tier|[Gen 9] National Dex\n|rated|\n|rule|HP Percentage Mod: HP is shown in percentages\n|rule|Endless Battle Clause: Forcing endless battles is banned\n|rule|OHKO Clause: OHKO moves are banned\n|rule|Evasion Clause: Evasion abilities, items, and moves are banned\n|rule|Evasion Abilities Clause: Evasion abilities are banned\n|rule|Evasion Items Clause: Evasion items are banned\n|rule|Evasion Moves Clause: Evasion moves are banned\n|rule|Species Clause: Limit one of each Pok\u00e9mon\n|rule|Sleep Clause Mod: Limit one foe put to sleep\n|clearpoke\n|poke|p1|Torkoal, M|\n|poke|p1|Leafeon, F|\n|poke|p1|Dragonite, F|\n|poke|p1|Entei|\n|poke|p1|Lilligant, F|\n|poke|p1|Raikou|\n|poke|p2|Kommo-o, M|\n|poke|p2|Great Tusk|\n|poke|p2|Ogerpon-Cornerstone, F|\n|poke|p2|Charizard, M|\n|poke|p2|Greninja-*, M|\n|poke|p2|Volcarona, F|\n|teampreview\n|\n|t:|1700069558\n|start\n|switch|p1a: Raikou|Raikou|100\/100\n|switch|p2a: Onisister|Ogerpon-Cornerstone, F|100\/100\n|-ability|p1a: Raikou|Pressure\n|turn|1\n|inactive|Battle timer is ON: inactive players will automatically lose when time's up. (requested by cynt14)\n|\n|t:|1700069570\n|move|p1a: Raikou|Calm Mind|p1a: Raikou\n|-boost|p1a: Raikou|spa|1\n|-boost|p1a: Raikou|spd|1\n|move|p2a: Onisister|Ivy Cudgel|p1a: Raikou|[anim] Ivy Cudgel Rock\n|-damage|p1a: Raikou|35\/100\n|\n|-heal|p1a: Raikou|41\/100|[from] item: Leftovers\n|upkeep\n|turn|2\n|\n|t:|1700069580\n|move|p1a: Raikou|Discharge|p2a: Onisister\n|-resisted|p2a: Onisister\n|-damage|p2a: Onisister|73\/100\n|-status|p2a: Onisister|par\n|cant|p2a: Onisister|par\n|\n|-heal|p1a: Raikou|47\/100|[from] item: Leftovers\n|upkeep\n|turn|3\n|\n|t:|1700069590\n|move|p1a: Raikou|Discharge|p2a: Onisister\n|-resisted|p2a: Onisister\n|-damage|p2a: Onisister|45\/100 par\n|cant|p2a: Onisister|par\n|\n|-heal|p1a: Raikou|54\/100|[from] item: Leftovers\n|upkeep\n|turn|4\n|\n|t:|1700069603\n|move|p1a: Raikou|Discharge|p2a: Onisister\n|-resisted|p2a: Onisister\n|-damage|p2a: Onisister|18\/100 par\n|cant|p2a: Onisister|par\n|\n|-heal|p1a: Raikou|60\/100|[from] item: Leftovers\n|upkeep\n|turn|5\n|\n|t:|1700069613\n|switch|p2a: Mammothranger|Great Tusk|100\/100\n|move|p1a: Raikou|Discharge|p2a: Mammothranger\n|-immune|p2a: Mammothranger\n|\n|-heal|p1a: Raikou|66\/100|[from] item: Leftovers\n|upkeep\n|turn|6\n|\n|t:|1700069625\n|switch|p1a: Dragonite|Dragonite, F|100\/100\n|move|p2a: Mammothranger|Headlong Rush|p1a: Dragonite\n|-immune|p1a: Dragonite\n|\n|upkeep\n|turn|7\n|\n|t:|1700069635\n|-end|p2a: Mammothranger|Protosynthesis|[silent]\n|switch|p2a: Onisister|Ogerpon-Cornerstone, F|18\/100 par\n|-terastallize|p1a: Dragonite|Dragon\n|move|p1a: Dragonite|Dragon Claw|p2a: Onisister\n|-damage|p2a: Onisister|0 fnt\n|faint|p2a: Onisister\n|\n|upkeep\n|\n|t:|1700069645\n|switch|p2a: Mammothranger|Great Tusk|100\/100\n|turn|8\n|\n|t:|1700069648\n|move|p2a: Mammothranger|Headlong Rush|p1a: Dragonite\n|-damage|p1a: Dragonite|65\/100\n|-unboost|p2a: Mammothranger|def|1\n|-unboost|p2a: Mammothranger|spd|1\n|move|p1a: Dragonite|Dragon Claw|p2a: Mammothranger\n|-damage|p2a: Mammothranger|0 fnt\n|faint|p2a: Mammothranger\n|-end|p2a: Mammothranger|Protosynthesis|[silent]\n|\n|upkeep\n|\n|t:|1700069658\n|switch|p2a: Ninja Black|Greninja, M, shiny|100\/100\n|turn|9\n|\n|t:|1700069663\n|switch|p1a: Torkoal|Torkoal, M|100\/100\n|-weather|SunnyDay|[from] ability: Drought|[of] p1a: Torkoal\n|move|p2a: Ninja Black|Ice Beam|p1a: Torkoal\n|-start|p2a: Ninja Black|typechange|Ice|[from] ability: Protean\n|-resisted|p1a: Torkoal\n|-damage|p1a: Torkoal|60\/100\n|\n|-weather|SunnyDay|[upkeep]\n|upkeep\n|turn|10\n|\n|t:|1700069676\n|switch|p2a: Ryuranger|Kommo-o, M|100\/100\n|move|p1a: Torkoal|Stealth Rock|p2a: Ryuranger\n|-sidestart|p2: KyosukeKamijou|move: Stealth Rock\n|\n|-weather|SunnyDay|[upkeep]\n|upkeep\n|turn|11\n|\n|t:|1700069686\n|-zpower|p2a: Ryuranger\n|move|p2a: Ryuranger|Clangorous Soulblaze|p1a: Torkoal|[zeffect]\n|-damage|p1a: Torkoal|0 fnt\n|faint|p1a: Torkoal\n|-boost|p2a: Ryuranger|atk|1\n|-boost|p2a: Ryuranger|def|1\n|-boost|p2a: Ryuranger|spa|1\n|-boost|p2a: Ryuranger|spd|1\n|-boost|p2a: Ryuranger|spe|1\n|\n|-weather|SunnyDay|[upkeep]\n|upkeep\n|\n|t:|1700069708\n|switch|p1a: Lilligant|Lilligant, F|100\/100\n|turn|12\n|inactive|cynt14 has 120 seconds left.\n|inactive|cynt14 has 90 seconds left.\n|\n|t:|1700069758\n|move|p2a: Ryuranger|Flamethrower|p1a: Lilligant\n|-supereffective|p1a: Lilligant\n|-damage|p1a: Lilligant|0 fnt\n|faint|p1a: Lilligant\n|\n|-weather|SunnyDay|[upkeep]\n|upkeep\n|\n|t:|1700069765\n|switch|p1a: Entei|Entei|100\/100\n|-ability|p1a: Entei|Pressure\n|turn|13\n|inactive|cynt14 has 90 seconds left.\n|\n|t:|1700069773\n|move|p2a: Ryuranger|Aura Sphere|p1a: Entei\n|-damage|p1a: Entei|41\/100\n|move|p1a: Entei|Sacred Fire|p2a: Ryuranger\n|-resisted|p2a: Ryuranger\n|-damage|p2a: Ryuranger|64\/100\n|-status|p2a: Ryuranger|brn\n|\n|-weather|SunnyDay|[upkeep]\n|-damage|p2a: Ryuranger|58\/100 brn|[from] brn\n|upkeep\n|turn|14\n|inactive|cynt14 has 90 seconds left.\n|\n|t:|1700069784\n|move|p2a: Ryuranger|Aura Sphere|p1a: Entei\n|-damage|p1a: Entei|0 fnt\n|faint|p1a: Entei\n|\n|-weather|SunnyDay|[upkeep]\n|-damage|p2a: Ryuranger|52\/100 brn|[from] brn\n|upkeep\n|inactive|cynt14 has 90 seconds left.\n|\n|t:|1700069792\n|switch|p1a: Leafeon|Leafeon, F|100\/100\n|turn|15\n|inactive|cynt14 has 90 seconds left.\n|\n|t:|1700069802\n|move|p1a: Leafeon|Work Up|p1a: Leafeon\n|-boost|p1a: Leafeon|atk|1\n|-boost|p1a: Leafeon|spa|1\n|move|p2a: Ryuranger|Flamethrower|p1a: Leafeon\n|-supereffective|p1a: Leafeon\n|-damage|p1a: Leafeon|0 fnt\n|faint|p1a: Leafeon\n|\n|-weather|SunnyDay|[upkeep]\n|-damage|p2a: Ryuranger|46\/100 brn|[from] brn\n|upkeep\n|inactive|cynt14 has 90 seconds left.\n|\n|t:|1700069813\n|switch|p1a: Raikou|Raikou|66\/100\n|-ability|p1a: Raikou|Pressure\n|turn|16\n|\n|t:|1700069823\n|move|p2a: Ryuranger|Clanging Scales|p1a: Raikou\n|-damage|p1a: Raikou|0 fnt\n|faint|p1a: Raikou\n|-unboost|p2a: Ryuranger|def|1\n|\n|-weather|none\n|-damage|p2a: Ryuranger|39\/100 brn|[from] brn\n|upkeep\n|\n|t:|1700069831\n|switch|p1a: Dragonite|Dragonite, F, tera:Dragon|65\/100\n|turn|17\n|\n|t:|1700069843\n|move|p1a: Dragonite|Extreme Speed|p2a: Ryuranger\n|-damage|p2a: Ryuranger|0 fnt\n|faint|p2a: Ryuranger\n|\n|upkeep\n|\n|t:|1700069848\n|switch|p2a: PapillonOhger|Volcarona, F, shiny|100\/100\n|turn|18\n|\n|t:|1700069859\n|move|p1a: Dragonite|Extreme Speed|p2a: PapillonOhger\n|-damage|p2a: PapillonOhger|29\/100\n|move|p2a: PapillonOhger|Flamethrower|p1a: Dragonite\n|-resisted|p1a: Dragonite\n|-damage|p1a: Dragonite|36\/100\n|\n|upkeep\n|turn|19\n|\n|t:|1700069867\n|move|p1a: Dragonite|Extreme Speed|p2a: PapillonOhger\n|-crit|p2a: PapillonOhger\n|-damage|p2a: PapillonOhger|0 fnt\n|faint|p2a: PapillonOhger\n|\n|upkeep\n|\n|t:|1700069872\n|switch|p2a: Ninja Black|Greninja, M, shiny|100\/100\n|-damage|p2a: Ninja Black|88\/100|[from] Stealth Rock\n|turn|20\n|\n|t:|1700069877\n|move|p1a: Dragonite|Extreme Speed|p2a: Ninja Black\n|-damage|p2a: Ninja Black|14\/100\n|move|p2a: Ninja Black|Ice Beam|p1a: Dragonite\n|-start|p2a: Ninja Black|typechange|Ice|[from] ability: Protean\n|-supereffective|p1a: Dragonite\n|-damage|p1a: Dragonite|0 fnt\n|faint|p1a: Dragonite\n|\n|win|KyosukeKamijou\n|raw|cynt14's rating: 1244 &rarr; <strong>1217<\/strong><br \/>(-27 for losing)\n|raw|KyosukeKamijou's rating: 1218 &rarr; <strong>1245<\/strong><br \/>(+27 for winning)\n","uploadtime":1700069887,"views":5,"p1id":"cynt14","p2id":"kyosukekamijou","formatid":"gen9nationaldex","rating":1217,"private":0,"password":""}