{"id":"gen9nationaldex-1989229578","p1":"GameBored","p2":"Cjbrake","format":"[Gen 9] National Dex","log":"|j|\u203dGameBored\n|j|\u2606Cjbrake\n|t:|1699825798\n|gametype|singles\n|player|p1|GameBored|schoolkid-gen8|1380\n|player|p2|Cjbrake|silver|1302\n|teamsize|p1|6\n|teamsize|p2|6\n|gen|9\n|tier|[Gen 9] National Dex\n|rated|\n|rule|HP Percentage Mod: HP is shown in percentages\n|rule|Endless Battle Clause: Forcing endless battles is banned\n|rule|OHKO Clause: OHKO moves are banned\n|rule|Evasion Clause: Evasion abilities, items, and moves are banned\n|rule|Evasion Abilities Clause: Evasion abilities are banned\n|rule|Evasion Items Clause: Evasion items are banned\n|rule|Evasion Moves Clause: Evasion moves are banned\n|rule|Species Clause: Limit one of each Pok\u00e9mon\n|rule|Sleep Clause Mod: Limit one foe put to sleep\n|clearpoke\n|poke|p1|Grimmsnarl, M|\n|poke|p1|Toxtricity, M|\n|poke|p1|Turtonator, M|\n|poke|p1|Sharpedo, M|\n|poke|p1|Slowbro-Galar, M|\n|poke|p1|Cofagrigus, M|\n|poke|p2|Pelipper, M|\n|poke|p2|Swampert, M|\n|poke|p2|Tornadus-Therian, M|\n|poke|p2|Basculegion, M|\n|poke|p2|Zapdos|\n|poke|p2|Toxicroak, M|\n|teampreview\n|inactive|Battle timer is ON: inactive players will automatically lose when time's up. (requested by GameBored)\n|\n|t:|1699825805\n|start\n|switch|p1a: Grimmsnarl|Grimmsnarl, M, shiny|100\/100\n|switch|p2a: Pelipper|Pelipper, M|100\/100\n|-weather|RainDance|[from] ability: Drizzle|[of] p2a: Pelipper\n|turn|1\n|\n|t:|1699825809\n|move|p1a: Grimmsnarl|Light Screen|p1a: Grimmsnarl\n|-sidestart|p1: GameBored|move: Light Screen\n|move|p2a: Pelipper|U-turn|p1a: Grimmsnarl\n|-damage|p1a: Grimmsnarl|91\/100\n|\n|t:|1699825815\n|switch|p2a: Toxicroak|Toxicroak, M|100\/100|[from] U-turn\n|\n|-weather|RainDance|[upkeep]\n|upkeep\n|turn|2\n|\n|t:|1699825819\n|move|p1a: Grimmsnarl|Taunt|p2a: Toxicroak\n|-start|p2a: Toxicroak|move: Taunt\n|move|p2a: Toxicroak|Poison Jab|p1a: Grimmsnarl\n|-supereffective|p1a: Grimmsnarl\n|-damage|p1a: Grimmsnarl|0 fnt\n|faint|p1a: Grimmsnarl\n|\n|-weather|RainDance|[upkeep]\n|upkeep\n|\n|t:|1699825826\n|switch|p1a: Sharpedo|Sharpedo, M, shiny|100\/100\n|turn|3\n|\n|t:|1699825830\n|move|p1a: Sharpedo|Protect|p1a: Sharpedo\n|-singleturn|p1a: Sharpedo|Protect\n|move|p2a: Toxicroak|Knock Off|p1a: Sharpedo\n|-activate|p1a: Sharpedo|move: Protect\n|\n|-weather|RainDance|[upkeep]\n|-ability|p1a: Sharpedo|Speed Boost|boost\n|-boost|p1a: Sharpedo|spe|1\n|upkeep\n|turn|4\n|\n|t:|1699825834\n|move|p1a: Sharpedo|Psychic Fangs|p2a: Toxicroak\n|-supereffective|p2a: Toxicroak\n|-damage|p2a: Toxicroak|0 fnt\n|faint|p2a: Toxicroak\n|\n|-weather|RainDance|[upkeep]\n|-ability|p1a: Sharpedo|Speed Boost|boost\n|-boost|p1a: Sharpedo|spe|1\n|upkeep\n|\n|t:|1699825839\n|switch|p2a: Zapdos|Zapdos|100\/100\n|turn|5\n|\n|t:|1699825842\n|move|p1a: Sharpedo|Protect|p1a: Sharpedo\n|-singleturn|p1a: Sharpedo|Protect\n|move|p2a: Zapdos|Thunder|p1a: Sharpedo\n|-activate|p1a: Sharpedo|move: Protect\n|\n|-weather|RainDance|[upkeep]\n|-ability|p1a: Sharpedo|Speed Boost|boost\n|-boost|p1a: Sharpedo|spe|1\n|upkeep\n|turn|6\n|\n|t:|1699825850\n|detailschange|p1a: Sharpedo|Sharpedo-Mega, M, shiny\n|-mega|p1a: Sharpedo|Sharpedo|Sharpedonite\n|-terastallize|p2a: Zapdos|Electric\n|move|p1a: Sharpedo|Crunch|p2a: Zapdos\n|-damage|p2a: Zapdos|19\/100\n|-status|p1a: Sharpedo|par|[from] ability: Static|[of] p2a: Zapdos\n|move|p2a: Zapdos|Thunder|p1a: Sharpedo\n|-supereffective|p1a: Sharpedo\n|-damage|p1a: Sharpedo|0 fnt\n|faint|p1a: Sharpedo\n|\n|-weather|RainDance|[upkeep]\n|upkeep\n|\n|t:|1699825855\n|switch|p1a: Cofagrigus|Cofagrigus, M, shiny|100\/100\n|turn|7\n|\n|t:|1699825861\n|move|p2a: Zapdos|Volt Switch|p1a: Cofagrigus\n|-damage|p1a: Cofagrigus|78\/100\n|\n|t:|1699825865\n|switch|p2a: Basculegion|Basculegion, M|100\/100|[from] Volt Switch\n|move|p1a: Cofagrigus|Night Shade|p2a: Basculegion\n|-damage|p2a: Basculegion|74\/100\n|\n|-weather|RainDance|[upkeep]\n|upkeep\n|turn|8\n|\n|t:|1699825870\n|move|p2a: Basculegion|Crunch|p1a: Cofagrigus\n|-supereffective|p1a: Cofagrigus\n|-crit|p1a: Cofagrigus\n|-damage|p1a: Cofagrigus|2\/100\n|-activate|p1a: Cofagrigus|ability: Mummy|Swift Swim|[of] p2a: Basculegion\n|-damage|p2a: Basculegion|64\/100|[from] item: Life Orb\n|move|p1a: Cofagrigus|Will-O-Wisp|p2a: Basculegion\n|-status|p2a: Basculegion|brn\n|\n|-weather|none\n|-damage|p2a: Basculegion|58\/100 brn|[from] brn\n|-sideend|p1: GameBored|move: Light Screen\n|upkeep\n|turn|9\n|\n|t:|1699825876\n|move|p2a: Basculegion|Aqua Jet|p1a: Cofagrigus\n|-damage|p1a: Cofagrigus|0 fnt\n|faint|p1a: Cofagrigus\n|-damage|p2a: Basculegion|48\/100 brn|[from] item: Life Orb\n|\n|-damage|p2a: Basculegion|42\/100 brn|[from] brn\n|upkeep\n|\n|t:|1699825885\n|switch|p1a: Toxtricity|Toxtricity, M, shiny|100\/100\n|turn|10\n|\n|t:|1699825888\n|switch|p2a: Swampert|Swampert, M|100\/100\n|move|p1a: Toxtricity|Shift Gear|p1a: Toxtricity\n|-boost|p1a: Toxtricity|spe|2\n|-boost|p1a: Toxtricity|atk|1\n|\n|upkeep\n|turn|11\n|\n|t:|1699825894\n|detailschange|p2a: Swampert|Swampert-Mega, M\n|-mega|p2a: Swampert|Swampert|Swampertite\n|-terastallize|p1a: Toxtricity|Water\n|move|p1a: Toxtricity|Boomburst|p2a: Swampert\n|-damage|p2a: Swampert|52\/100\n|-enditem|p1a: Toxtricity|Throat Spray\n|-boost|p1a: Toxtricity|spa|1|[from] item: Throat Spray\n|move|p2a: Swampert|Earthquake|p1a: Toxtricity\n|-damage|p1a: Toxtricity|5\/100\n|\n|upkeep\n|turn|12\n|\n|t:|1699825904\n|move|p1a: Toxtricity|Boomburst|p2a: Swampert\n|-crit|p2a: Swampert\n|-damage|p2a: Swampert|0 fnt\n|faint|p2a: Swampert\n|\n|upkeep\n|\n|t:|1699825907\n|switch|p2a: Pelipper|Pelipper, M|100\/100\n|-weather|RainDance|[from] ability: Drizzle|[of] p2a: Pelipper\n|turn|13\n|\n|t:|1699825915\n|move|p1a: Toxtricity|Overdrive|p2a: Pelipper\n|-supereffective|p2a: Pelipper\n|-damage|p2a: Pelipper|0 fnt\n|faint|p2a: Pelipper\n|\n|-weather|RainDance|[upkeep]\n|upkeep\n|\n|t:|1699825918\n|switch|p2a: Basculegion|Basculegion, M|42\/100 brn\n|turn|14\n|\n|t:|1699825921\n|move|p2a: Basculegion|Crunch|p1a: Toxtricity\n|-damage|p1a: Toxtricity|0 fnt\n|faint|p1a: Toxtricity\n|-damage|p2a: Basculegion|32\/100 brn|[from] item: Life Orb\n|\n|-weather|RainDance|[upkeep]\n|-damage|p2a: Basculegion|26\/100 brn|[from] brn\n|upkeep\n|\n|t:|1699825925\n|switch|p1a: Turtonator|Turtonator, M, shiny|100\/100\n|turn|15\n|\n|t:|1699825941\n|move|p2a: Basculegion|Wave Crash|p1a: Turtonator\n|-damage|p1a: Turtonator|42\/100\n|-damage|p2a: Basculegion|13\/100 brn|[from] Recoil\n|-damage|p2a: Basculegion|3\/100 brn|[from] item: Life Orb\n|move|p1a: Turtonator|Shell Smash|p1a: Turtonator\n|-unboost|p1a: Turtonator|def|1\n|-unboost|p1a: Turtonator|spd|1\n|-boost|p1a: Turtonator|atk|2\n|-boost|p1a: Turtonator|spa|2\n|-boost|p1a: Turtonator|spe|2\n|\n|-weather|RainDance|[upkeep]\n|-damage|p2a: Basculegion|0 fnt|[from] brn\n|faint|p2a: Basculegion\n|upkeep\n|\n|t:|1699825953\n|switch|p2a: Tornadus|Tornadus-Therian, M|100\/100\n|turn|16\n|\n|t:|1699825956\n|move|p2a: Tornadus|Weather Ball|p1a: Turtonator\n|-damage|p1a: Turtonator|0 fnt\n|faint|p1a: Turtonator\n|\n|-weather|RainDance|[upkeep]\n|upkeep\n|\n|t:|1699825959\n|switch|p1a: Slowbro|Slowbro-Galar, M, shiny|100\/100\n|turn|17\n|\n|t:|1699825965\n|move|p2a: Tornadus|Hurricane|p1a: Slowbro\n|-damage|p1a: Slowbro|42\/100\n|-enditem|p1a: Slowbro|Sitrus Berry|[eat]\n|-heal|p1a: Slowbro|66\/100|[from] item: Sitrus Berry\n|move|p1a: Slowbro|Belly Drum|p1a: Slowbro\n|-damage|p1a: Slowbro|16\/100\n|-setboost|p1a: Slowbro|atk|6|[from] move: Belly Drum\n|\n|-weather|RainDance|[upkeep]\n|upkeep\n|turn|18\n|\n|t:|1699825969\n|move|p2a: Tornadus|Hurricane|p1a: Slowbro\n|-damage|p1a: Slowbro|0 fnt\n|faint|p1a: Slowbro\n|\n|win|Cjbrake\n|raw|GameBored's rating: 1380 &rarr; <strong>1356<\/strong><br \/>(-24 for losing)\n|raw|Cjbrake's rating: 1302 &rarr; <strong>1326<\/strong><br \/>(+24 for winning)\n|l|\u203dGameBored\n|c|\u2606Cjbrake|gg\n","uploadtime":1699825983,"views":5,"p1id":"gamebored","p2id":"cjbrake","formatid":"gen9nationaldex","rating":1326,"private":0,"password":""}