{"id":"gen9nationaldex-1988882954","p1":"Seidou1","p2":"red fintans","format":"[Gen 9] National Dex","log":"|j|\u2606Seidou1\n|j|\u2606red fintans\n|inactive|Battle timer is ON: inactive players will automatically lose when time's up.\n|t:|1699780508\n|gametype|singles\n|player|p1|Seidou1|265|\n|player|p2|red fintans|depotagent|\n|teamsize|p1|6\n|teamsize|p2|6\n|gen|9\n|tier|[Gen 9] National Dex\n|rated|Tournament battle\n|rule|HP Percentage Mod: HP is shown in percentages\n|rule|Endless Battle Clause: Forcing endless battles is banned\n|rule|OHKO Clause: OHKO moves are banned\n|rule|Evasion Clause: Evasion abilities, items, and moves are banned\n|rule|Evasion Abilities Clause: Evasion abilities are banned\n|rule|Evasion Items Clause: Evasion items are banned\n|rule|Evasion Moves Clause: Evasion moves are banned\n|rule|Species Clause: Limit one of each Pok\u00e9mon\n|rule|Sleep Clause Mod: Limit one foe put to sleep\n|clearpoke\n|poke|p1|Clefable, M|\n|poke|p1|Gliscor, F|\n|poke|p1|Skeledirge, F|\n|poke|p1|Maushold-Four|\n|poke|p1|Alomomola, F|\n|poke|p1|Slowking-Galar, F|\n|poke|p2|Slowking-Galar, M|\n|poke|p2|Alomomola, F|\n|poke|p2|Iron Valiant|\n|poke|p2|Ferrothorn, M|\n|poke|p2|Lopunny, M|\n|poke|p2|Landorus-Therian, M|\n|teampreview\n|inactive|red fintans also wants the timer to be on.\n|j| YJLF2\n|l| YJLF2\n|\n|t:|1699780518\n|start\n|switch|p1a: Gliscor|Gliscor, F|100\/100\n|switch|p2a: discord mod|Slowking-Galar, M|100\/100\n|turn|1\n|\n|t:|1699780526\n|move|p1a: Gliscor|Protect|p1a: Gliscor\n|-singleturn|p1a: Gliscor|Protect\n|move|p2a: discord mod|Chilly Reception|p2a: discord mod\n|-weather|Snow\n|\n|t:|1699780535\n|switch|p2a: midground: the mon|Alomomola, F|100\/100|[from] Chilly Reception\n|\n|-weather|Snow|[upkeep]\n|-status|p1a: Gliscor|tox|[from] item: Toxic Orb\n|upkeep\n|turn|2\n|\n|t:|1699780539\n|move|p1a: Gliscor|Toxic|p2a: midground: the mon\n|-status|p2a: midground: the mon|tox\n|move|p2a: midground: the mon|Flip Turn|p1a: Gliscor\n|-supereffective|p1a: Gliscor\n|-damage|p1a: Gliscor|76\/100 tox\n|\n|t:|1699780544\n|switch|p2a: on the RADAR??|Iron Valiant|100\/100|[from] Flip Turn\n|\n|-weather|Snow|[upkeep]\n|-heal|p1a: Gliscor|89\/100 tox|[from] ability: Poison Heal\n|upkeep\n|turn|3\n|\n|t:|1699780548\n|-terastallize|p2a: on the RADAR??|Fairy\n|move|p2a: on the RADAR??|Moonblast|p1a: Gliscor\n|-damage|p1a: Gliscor|1\/100 tox\n|move|p1a: Gliscor|Toxic|p2a: on the RADAR??\n|-status|p2a: on the RADAR??|tox\n|\n|-weather|Snow|[upkeep]\n|-damage|p2a: on the RADAR??|94\/100 tox|[from] psn\n|-heal|p1a: Gliscor|14\/100 tox|[from] ability: Poison Heal\n|upkeep\n|turn|4\n|\n|t:|1699780555\n|-end|p2a: on the RADAR??|Quark Drive|[silent]\n|switch|p2a: bunny wabbit|Lopunny, M|100\/100\n|move|p1a: Gliscor|Protect||[still]\n|-fail|p1a: Gliscor\n|\n|-weather|Snow|[upkeep]\n|-heal|p1a: Gliscor|26\/100 tox|[from] ability: Poison Heal\n|upkeep\n|turn|5\n|\n|t:|1699780558\n|switch|p1a: Alomomola|Alomomola, F|100\/100\n|detailschange|p2a: bunny wabbit|Lopunny-Mega, M\n|-mega|p2a: bunny wabbit|Lopunny|Lopunnite\n|move|p2a: bunny wabbit|Heal Bell|p2a: bunny wabbit\n|-activate|p2a: bunny wabbit|move: Heal Bell\n|-curestatus|p2: midground: the mon|tox|[msg]\n|-curestatus|p2: on the RADAR??|tox|[msg]\n|\n|-weather|none\n|upkeep\n|turn|6\n|\n|t:|1699780565\n|switch|p2a: dont touch dis|Ferrothorn, M|100\/100\n|move|p1a: Alomomola|Knock Off|p2a: dont touch dis\n|-damage|p2a: dont touch dis|90\/100\n|-damage|p1a: Alomomola|88\/100|[from] ability: Iron Barbs|[of] p2a: dont touch dis\n|-damage|p1a: Alomomola|72\/100|[from] item: Rocky Helmet|[of] p2a: dont touch dis\n|-enditem|p2a: dont touch dis|Rocky Helmet|[from] move: Knock Off|[of] p1a: Alomomola\n|\n|upkeep\n|turn|7\n|\n|t:|1699780574\n|switch|p1a: Gliscor|Gliscor, F|26\/100 tox\n|move|p2a: dont touch dis|Knock Off|p1a: Gliscor\n|-damage|p1a: Gliscor|10\/100 tox\n|-enditem|p1a: Gliscor|Toxic Orb|[from] move: Knock Off|[of] p2a: dont touch dis\n|\n|-heal|p1a: Gliscor|22\/100 tox|[from] ability: Poison Heal\n|upkeep\n|turn|8\n|\n|t:|1699780578\n|move|p1a: Gliscor|Protect|p1a: Gliscor\n|-singleturn|p1a: Gliscor|Protect\n|move|p2a: dont touch dis|Spikes|p1a: Gliscor\n|-sidestart|p1: Seidou1|Spikes\n|\n|-heal|p1a: Gliscor|35\/100 tox|[from] ability: Poison Heal\n|upkeep\n|turn|9\n|\n|t:|1699780581\n|move|p1a: Gliscor|Spikes|p2a: dont touch dis\n|-sidestart|p2: red fintans|Spikes\n|move|p2a: dont touch dis|Power Whip|p1a: Gliscor\n|-crit|p1a: Gliscor\n|-damage|p1a: Gliscor|0 fnt\n|faint|p1a: Gliscor\n|\n|upkeep\n|\n|t:|1699780586\n|switch|p1a: Skeledirge|Skeledirge, F|100\/100\n|turn|10\n|c|\u2606red fintans|oop\n|\n|t:|1699780590\n|switch|p2a: midground: the mon|Alomomola, F|100\/100\n|move|p1a: Skeledirge|Torch Song|p2a: midground: the mon\n|-resisted|p2a: midground: the mon\n|-damage|p2a: midground: the mon|86\/100\n|-boost|p1a: Skeledirge|spa|1\n|\n|upkeep\n|turn|11\n|\n|t:|1699780596\n|move|p1a: Skeledirge|Will-O-Wisp|p2a: midground: the mon\n|-status|p2a: midground: the mon|brn\n|move|p2a: midground: the mon|Flip Turn|p1a: Skeledirge\n|-supereffective|p1a: Skeledirge\n|-damage|p1a: Skeledirge|89\/100\n|\n|t:|1699780602\n|switch|p2a: face of smogon|Landorus-Therian, M|100\/100|[from] Flip Turn\n|-ability|p2a: face of smogon|Intimidate|boost\n|-unboost|p1a: Skeledirge|atk|1\n|\n|upkeep\n|turn|12\n|\n|t:|1699780606\n|move|p2a: face of smogon|Earthquake|p1a: Skeledirge\n|-supereffective|p1a: Skeledirge\n|-damage|p1a: Skeledirge|23\/100\n|move|p1a: Skeledirge|Will-O-Wisp|p2a: face of smogon\n|-status|p2a: face of smogon|brn\n|\n|-damage|p2a: face of smogon|94\/100 brn|[from] brn\n|upkeep\n|turn|13\n|\n|t:|1699780612\n|-terastallize|p1a: Skeledirge|Water\n|move|p2a: face of smogon|Earthquake|p1a: Skeledirge\n|-crit|p1a: Skeledirge\n|-damage|p1a: Skeledirge|0 fnt\n|faint|p1a: Skeledirge\n|\n|-heal|p2a: face of smogon|100\/100 brn|[from] item: Leftovers\n|-damage|p2a: face of smogon|94\/100 brn|[from] brn\n|upkeep\n|c|\u2606red fintans|sorry\n|c|\u2606red fintans|that crit mattered\n|\n|t:|1699780624\n|switch|p1a: Clefable|Clefable, M|100\/100\n|turn|14\n|\n|t:|1699780628\n|move|p2a: face of smogon|Taunt|p1a: Clefable\n|-start|p1a: Clefable|move: Taunt\n|cant|p1a: Clefable|move: Taunt|Stealth Rock\n|\n|-heal|p2a: face of smogon|100\/100 brn|[from] item: Leftovers\n|-damage|p2a: face of smogon|94\/100 brn|[from] brn\n|upkeep\n|turn|15\n|\n|t:|1699780638\n|move|p2a: face of smogon|U-turn|p1a: Clefable\n|-resisted|p1a: Clefable\n|-damage|p1a: Clefable|96\/100\n|\n|t:|1699780643\n|switch|p2a: discord mod|Slowking-Galar, M|100\/100|[from] U-turn\n|move|p1a: Clefable|Moonblast|p2a: discord mod\n|-resisted|p2a: discord mod\n|-damage|p2a: discord mod|91\/100\n|-unboost|p2a: discord mod|spa|1\n|\n|upkeep\n|turn|16\n|\n|t:|1699780648\n|switch|p1a: Slowking|Slowking-Galar, F|100\/100\n|-damage|p1a: Slowking|88\/100|[from] Spikes\n|move|p2a: discord mod|Future Sight|p1a: Slowking\n|-start|p2a: discord mod|move: Future Sight\n|\n|upkeep\n|turn|17\n|\n|t:|1699780655\n|move|p1a: Slowking|Sludge Bomb|p2a: discord mod\n|-resisted|p2a: discord mod\n|-damage|p2a: discord mod|77\/100\n|move|p2a: discord mod|Chilly Reception|p2a: discord mod\n|-weather|Snow\n|\n|t:|1699780673\n|switch|p2a: face of smogon|Landorus-Therian, M|94\/100 brn|[from] Chilly Reception\n|-ability|p2a: face of smogon|Intimidate|boost\n|-unboost|p1a: Slowking|atk|1\n|\n|-weather|Snow|[upkeep]\n|-heal|p2a: face of smogon|100\/100 brn|[from] item: Leftovers\n|-damage|p2a: face of smogon|94\/100 brn|[from] brn\n|upkeep\n|turn|18\n|\n|t:|1699780676\n|move|p2a: face of smogon|Earthquake|p1a: Slowking\n|-supereffective|p1a: Slowking\n|-damage|p1a: Slowking|34\/100\n|move|p1a: Slowking|Ice Beam|p2a: face of smogon\n|-supereffective|p2a: face of smogon\n|-damage|p2a: face of smogon|0 fnt\n|faint|p2a: face of smogon\n|\n|-weather|Snow|[upkeep]\n|-end|p1a: Slowking|move: Future Sight\n|-damage|p1a: Slowking|9\/100\n|upkeep\n|j| Domin0999\n|c|\u2606red fintans|oof\n|\n|t:|1699780688\n|switch|p2a: on the RADAR??|Iron Valiant, tera:Fairy|94\/100\n|-damage|p2a: on the RADAR??|82\/100|[from] Spikes\n|turn|19\n|\n|t:|1699780691\n|switch|p1a: Alomomola|Alomomola, F|100\/100\n|-damage|p1a: Alomomola|88\/100|[from] Spikes\n|move|p2a: on the RADAR??|Moonblast|p1a: Alomomola\n|-damage|p1a: Alomomola|36\/100\n|\n|-weather|Snow|[upkeep]\n|upkeep\n|turn|20\n|\n|t:|1699780699\n|switch|p1a: Clefable|Clefable, M|96\/100\n|move|p2a: on the RADAR??|Moonblast|p1a: Clefable\n|-damage|p1a: Clefable|9\/100\n|\n|-weather|Snow|[upkeep]\n|upkeep\n|turn|21\n|j| tsukishirohinami\u6708\u767d\n|\n|t:|1699780705\n|move|p2a: on the RADAR??|Moonblast|p1a: Clefable\n|-damage|p1a: Clefable|0 fnt\n|faint|p1a: Clefable\n|\n|-weather|none\n|upkeep\n|\n|t:|1699780707\n|switch|p1a: Slowking|Slowking-Galar, F|43\/100\n|-damage|p1a: Slowking|30\/100|[from] Spikes\n|turn|22\n|\n|t:|1699780712\n|-end|p2a: on the RADAR??|Quark Drive|[silent]\n|switch|p2a: discord mod|Slowking-Galar, M|100\/100\n|move|p1a: Slowking|Sludge Bomb|p2a: discord mod\n|-resisted|p2a: discord mod\n|-damage|p2a: discord mod|87\/100\n|\n|upkeep\n|turn|23\n|\n|t:|1699780716\n|switch|p1a: Alomomola|Alomomola, F|70\/100\n|-damage|p1a: Alomomola|57\/100|[from] Spikes\n|move|p2a: discord mod|Future Sight|p1a: Alomomola\n|-start|p2a: discord mod|move: Future Sight\n|\n|upkeep\n|turn|24\n|\n|t:|1699780720\n|move|p1a: Alomomola|Knock Off|p2a: discord mod\n|-supereffective|p2a: discord mod\n|-damage|p2a: discord mod|48\/100\n|-enditem|p2a: discord mod|Heavy-Duty Boots|[from] move: Knock Off|[of] p1a: Alomomola\n|move|p2a: discord mod|Chilly Reception|p2a: discord mod\n|-weather|Snow\n|\n|t:|1699780731\n|switch|p2a: bunny wabbit|Lopunny-Mega, M|100\/100|[from] Chilly Reception\n|-damage|p2a: bunny wabbit|88\/100|[from] Spikes\n|\n|-weather|Snow|[upkeep]\n|upkeep\n|turn|25\n|j| asoespresso\n|\n|t:|1699780736\n|move|p2a: bunny wabbit|Close Combat|p1a: Alomomola\n|-damage|p1a: Alomomola|14\/100\n|-unboost|p2a: bunny wabbit|def|1\n|-unboost|p2a: bunny wabbit|spd|1\n|move|p1a: Alomomola|Scald|p2a: bunny wabbit\n|-damage|p2a: bunny wabbit|63\/100\n|\n|-weather|Snow|[upkeep]\n|-end|p1a: Alomomola|move: Future Sight\n|-damage|p1a: Alomomola|0 fnt\n|faint|p1a: Alomomola\n|upkeep\n|\n|t:|1699780745\n|switch|p1a: Slowking|Slowking-Galar, F|63\/100\n|-damage|p1a: Slowking|51\/100|[from] Spikes\n|turn|26\n|l| asoespresso\n|\n|t:|1699780754\n|switch|p2a: discord mod|Slowking-Galar, M|82\/100\n|-damage|p2a: discord mod|69\/100|[from] Spikes\n|move|p1a: Slowking|Sludge Bomb|p2a: discord mod\n|-resisted|p2a: discord mod\n|-damage|p2a: discord mod|56\/100\n|\n|-weather|Snow|[upkeep]\n|upkeep\n|turn|27\n|\n|t:|1699780759\n|move|p1a: Slowking|Earthquake|p2a: discord mod\n|-supereffective|p2a: discord mod\n|-damage|p2a: discord mod|19\/100\n|move|p2a: discord mod|Future Sight|p1a: Slowking\n|-start|p2a: discord mod|move: Future Sight\n|\n|-weather|Snow|[upkeep]\n|upkeep\n|turn|28\n|\n|t:|1699780767\n|switch|p2a: midground: the mon|Alomomola, F|100\/100 brn\n|move|p1a: Slowking|Sludge Bomb|p2a: midground: the mon\n|-damage|p2a: midground: the mon|58\/100 brn\n|\n|-weather|none\n|-damage|p2a: midground: the mon|52\/100 brn|[from] brn\n|upkeep\n|turn|29\n|\n|t:|1699780771\n|switch|p2a: discord mod|Slowking-Galar, M|53\/100\n|-damage|p2a: discord mod|40\/100|[from] Spikes\n|move|p1a: Slowking|Sludge Bomb|p2a: discord mod\n|-resisted|p2a: discord mod\n|-damage|p2a: discord mod|26\/100\n|\n|-end|p1a: Slowking|move: Future Sight\n|-damage|p1a: Slowking|28\/100\n|upkeep\n|turn|30\n|\n|t:|1699780776\n|switch|p2a: midground: the mon|Alomomola, F|85\/100 brn\n|move|p1a: Slowking|Earthquake|p2a: midground: the mon\n|-damage|p2a: midground: the mon|74\/100 brn\n|\n|-damage|p2a: midground: the mon|68\/100 brn|[from] brn\n|upkeep\n|turn|31\n|\n|t:|1699780782\n|move|p2a: midground: the mon|Flip Turn|p1a: Slowking\n|-damage|p1a: Slowking|19\/100\n|\n|t:|1699780786\n|switch|p2a: dont touch dis|Ferrothorn, M|90\/100|[from] Flip Turn\n|-damage|p2a: dont touch dis|77\/100|[from] Spikes\n|move|p1a: Slowking|Sludge Bomb|p2a: dont touch dis\n|-immune|p2a: dont touch dis\n|\n|upkeep\n|turn|32\n|\n|t:|1699780794\n|move|p1a: Slowking|Fire Blast|p2a: dont touch dis\n|-supereffective|p2a: dont touch dis\n|-damage|p2a: dont touch dis|0 fnt\n|faint|p2a: dont touch dis\n|\n|upkeep\n|\n|t:|1699780798\n|switch|p2a: on the RADAR??|Iron Valiant, tera:Fairy|82\/100\n|-damage|p2a: on the RADAR??|69\/100|[from] Spikes\n|turn|33\n|\n|t:|1699780800\n|move|p2a: on the RADAR??|Moonblast|p1a: Slowking\n|-resisted|p1a: Slowking\n|-damage|p1a: Slowking|0 fnt\n|faint|p1a: Slowking\n|\n|upkeep\n|c|\u2606red fintans|gg\n|\n|t:|1699780803\n|switch|p1a: Maushold|Maushold-Four|100\/100\n|-damage|p1a: Maushold|88\/100|[from] Spikes\n|turn|34\n|\n|t:|1699780805\n|move|p2a: on the RADAR??|Moonblast|p1a: Maushold\n|-damage|p1a: Maushold|0 fnt\n|faint|p1a: Maushold\n|\n|win|red fintans\n|n|\u2606Seidou1|seidou1\n|n|\u2606red fintans|redfintans\n|n| Domin0999|domin0999\n|n| tsukishirohinami\u6708\u767d|tsukishirohinami\n","uploadtime":1699780806,"views":5,"p1id":"seidou1","p2id":"redfintans","formatid":"gen9nationaldex","rating":0,"private":0,"password":""}