{"id":"gen9nationaldex-1994355991","p1":"plague070","p2":"troubadour9","format":"[Gen 9] National Dex","log":"|j|\u2606plague070\n|j|\u2606troubadour9\n|t:|1700434580\n|gametype|singles\n|player|p1|plague070|allister|\n|player|p2|troubadour9|sage|\n|teamsize|p1|6\n|teamsize|p2|6\n|gen|9\n|tier|[Gen 9] National Dex\n|rule|HP Percentage Mod: HP is shown in percentages\n|rule|Endless Battle Clause: Forcing endless battles is banned\n|rule|OHKO Clause: OHKO moves are banned\n|rule|Evasion Clause: Evasion abilities, items, and moves are banned\n|rule|Evasion Abilities Clause: Evasion abilities are banned\n|rule|Evasion Items Clause: Evasion items are banned\n|rule|Evasion Moves Clause: Evasion moves are banned\n|rule|Species Clause: Limit one of each Pok\u00e9mon\n|rule|Sleep Clause Mod: Limit one foe put to sleep\n|clearpoke\n|poke|p1|Blacephalon|\n|poke|p1|Tapu Lele|\n|poke|p1|Manaphy|\n|poke|p1|Sneasler, F|\n|poke|p1|Tornadus-Therian, M|\n|poke|p1|Gallade, M|\n|poke|p2|Banette, M|\n|poke|p2|Bisharp, M|\n|poke|p2|Urshifu-*, F|\n|poke|p2|Amoonguss, M|\n|poke|p2|Thundurus-Therian, M|\n|poke|p2|Pawmot, F|\n|teampreview\n|\n|t:|1700434597\n|start\n|switch|p1a: Gallade|Gallade, M|100\/100\n|switch|p2a: Banette|Banette, M|100\/100\n|-item|p1a: Gallade|Galladite|[from] ability: Frisk|[of] p2a: Banette|[identify]\n|turn|1\n|\n|t:|1700434605\n|detailschange|p1a: Gallade|Gallade-Mega, M\n|-mega|p1a: Gallade|Gallade|Galladite\n|detailschange|p2a: Banette|Banette-Mega, M\n|-mega|p2a: Banette|Banette|Banettite\n|move|p2a: Banette|Destiny Bond|p2a: Banette\n|-singlemove|p2a: Banette|Destiny Bond\n|move|p1a: Gallade|Knock Off|p2a: Banette\n|-supereffective|p2a: Banette\n|-damage|p2a: Banette|11\/100\n|\n|upkeep\n|turn|2\n|\n|t:|1700434613\n|move|p1a: Gallade|Triple Axel|p2a: Banette\n|-damage|p2a: Banette|0 fnt\n|faint|p2a: Banette\n|-activate|p2a: Banette|move: Destiny Bond\n|faint|p1a: Gallade\n|-hitcount|p2: Banette|1\n|\n|upkeep\n|\n|t:|1700434660\n|switch|p1a: Manaphy|Manaphy|100\/100\n|switch|p2a: Pawmot|Pawmot, F|100\/100\n|turn|3\n|\n|t:|1700434678\n|move|p2a: Pawmot|Revival Blessing|p2a: Pawmot\n|-enditem|p2a: Pawmot|Leppa Berry|[eat]\n|-activate|p2a: Pawmot|item: Leppa Berry|Revival Blessing|[consumed]\n|\n|t:|1700434681\n|-heal|p2: Banette|50\/100|[from] move: Revival Blessing\n|move|p1a: Manaphy|Acid Armor|p1a: Manaphy\n|-boost|p1a: Manaphy|def|2\n|\n|upkeep\n|turn|4\n|\n|t:|1700434687\n|move|p2a: Pawmot|Double Shock|p1a: Manaphy\n|-supereffective|p1a: Manaphy\n|-damage|p1a: Manaphy|54\/100\n|-start|p2a: Pawmot|typechange|???\/Fighting|[from] move: Double Shock\n|move|p1a: Manaphy|Acid Armor|p1a: Manaphy\n|-boost|p1a: Manaphy|def|2\n|\n|-heal|p1a: Manaphy|60\/100|[from] item: Leftovers\n|upkeep\n|turn|5\n|\n|t:|1700434704\n|switch|p2a: Amoonguss|Amoonguss, M, shiny|100\/100\n|move|p1a: Manaphy|Stored Power|p2a: Amoonguss\n|-supereffective|p2a: Amoonguss\n|-damage|p2a: Amoonguss|45\/100\n|\n|-heal|p1a: Manaphy|66\/100|[from] item: Leftovers\n|upkeep\n|turn|6\n|\n|t:|1700434713\n|switch|p2a: Pawmot|Pawmot, F|100\/100\n|move|p1a: Manaphy|Stored Power|p2a: Pawmot\n|-supereffective|p2a: Pawmot\n|-damage|p2a: Pawmot|0 fnt\n|faint|p2a: Pawmot\n|\n|-heal|p1a: Manaphy|73\/100|[from] item: Leftovers\n|upkeep\n|\n|t:|1700434722\n|switch|p2a: Thundurus|Thundurus-Therian, M|100\/100\n|turn|7\n|\n|t:|1700434728\n|move|p2a: Thundurus|Thunderbolt|p1a: Manaphy\n|-supereffective|p1a: Manaphy\n|-damage|p1a: Manaphy|0 fnt\n|faint|p1a: Manaphy\n|\n|upkeep\n|\n|t:|1700434746\n|switch|p1a: Tapu Lele|Tapu Lele|100\/100\n|-fieldstart|move: Psychic Terrain|[from] ability: Psychic Surge|[of] p1a: Tapu Lele\n|turn|8\n|\n|t:|1700434759\n|switch|p2a: Amoonguss|Amoonguss, M, shiny|78\/100\n|move|p1a: Tapu Lele|Moonblast|p2a: Amoonguss\n|-resisted|p2a: Amoonguss\n|-damage|p2a: Amoonguss|55\/100\n|\n|upkeep\n|turn|9\n|\n|t:|1700434766\n|switch|p1a: Tornadus|Tornadus-Therian, M|100\/100\n|move|p2a: Amoonguss|Spore|p1a: Tornadus\n|-status|p1a: Tornadus|slp|[from] move: Spore\n|\n|upkeep\n|turn|10\n|\n|t:|1700434782\n|switch|p2a: Thundurus|Thundurus-Therian, M|100\/100\n|cant|p1a: Tornadus|slp\n|\n|upkeep\n|turn|11\n|\n|t:|1700434788\n|-curestatus|p1a: Tornadus|slp|[msg]\n|move|p1a: Tornadus|Knock Off|p2a: Thundurus\n|-damage|p2a: Thundurus|71\/100\n|-enditem|p2a: Thundurus|Choice Specs|[from] move: Knock Off|[of] p1a: Tornadus\n|move|p2a: Thundurus|Thunderbolt|p1a: Tornadus\n|-supereffective|p1a: Tornadus\n|-damage|p1a: Tornadus|0 fnt\n|faint|p1a: Tornadus\n|\n|upkeep\n|\n|t:|1700434792\n|switch|p1a: Blacephalon|Blacephalon|100\/100\n|turn|12\n|\n|t:|1700434811\n|-terastallize|p2a: Thundurus|Water\n|move|p1a: Blacephalon|Flamethrower|p2a: Thundurus\n|-resisted|p2a: Thundurus\n|-damage|p2a: Thundurus|34\/100\n|move|p2a: Thundurus|Volt Switch|p1a: Blacephalon\n|-damage|p1a: Blacephalon|39\/100\n|\n|t:|1700434818\n|switch|p2a: Banette|Banette-Mega, M|50\/100|[from] Volt Switch\n|\n|-fieldend|move: Psychic Terrain\n|upkeep\n|turn|13\n|\n|t:|1700434823\n|move|p2a: Banette|Destiny Bond|p2a: Banette\n|-singlemove|p2a: Banette|Destiny Bond\n|move|p1a: Blacephalon|Flamethrower|p2a: Banette\n|-damage|p2a: Banette|0 fnt\n|faint|p2a: Banette\n|-activate|p2a: Banette|move: Destiny Bond\n|faint|p1a: Blacephalon\n|\n|upkeep\n|\n|t:|1700434838\n|switch|p1a: Tapu Lele|Tapu Lele|100\/100\n|switch|p2a: Amoonguss|Amoonguss, M, shiny|88\/100\n|-fieldstart|move: Psychic Terrain|[from] ability: Psychic Surge|[of] p1a: Tapu Lele\n|turn|14\n|\n|t:|1700434853\n|move|p1a: Tapu Lele|Psychic|p2a: Amoonguss\n|-supereffective|p2a: Amoonguss\n|-damage|p2a: Amoonguss|0 fnt\n|faint|p2a: Amoonguss\n|\n|upkeep\n|\n|t:|1700434857\n|switch|p2a: Bisharp|Bisharp, M|100\/100\n|turn|15\n|\n|t:|1700434878\n|move|p1a: Tapu Lele|Psychic|p2a: Bisharp\n|-immune|p2a: Bisharp\n|move|p2a: Bisharp|Iron Head|p1a: Tapu Lele\n|-supereffective|p1a: Tapu Lele\n|-damage|p1a: Tapu Lele|0 fnt\n|faint|p1a: Tapu Lele\n|\n|upkeep\n|\n|t:|1700434882\n|switch|p1a: Sneasler|Sneasler, F|100\/100\n|-enditem|p1a: Sneasler|Psychic Seed\n|-boost|p1a: Sneasler|spd|1|[from] item: Psychic Seed\n|turn|16\n|\n|t:|1700434913\n|switch|p2a: Thundurus|Thundurus-Therian, M, tera:Water|34\/100\n|move|p1a: Sneasler|Close Combat|p2a: Thundurus\n|-damage|p2a: Thundurus|0 fnt\n|-unboost|p1a: Sneasler|def|1\n|-unboost|p1a: Sneasler|spd|1\n|faint|p2a: Thundurus\n|\n|upkeep\n|\n|t:|1700434996\n|switch|p2a: Bisharp|Bisharp, M|100\/100\n|turn|17\n|\n|t:|1700435005\n|switch|p2a: Urshifu|Urshifu-Rapid-Strike, F|100\/100\n|move|p1a: Sneasler|Close Combat|p2a: Urshifu\n|-damage|p2a: Urshifu|35\/100\n|-unboost|p1a: Sneasler|def|1\n|-unboost|p1a: Sneasler|spd|1\n|\n|upkeep\n|turn|18\n|\n|t:|1700435037\n|switch|p2a: Bisharp|Bisharp, M|100\/100\n|move|p1a: Sneasler|Acrobatics|p2a: Bisharp\n|-resisted|p2a: Bisharp\n|-damage|p2a: Bisharp|83\/100\n|\n|-fieldend|move: Psychic Terrain\n|upkeep\n|turn|19\n|\n|t:|1700435047\n|move|p2a: Bisharp|Sucker Punch|p1a: Sneasler\n|-resisted|p1a: Sneasler\n|-damage|p1a: Sneasler|36\/100\n|move|p1a: Sneasler|Close Combat|p2a: Bisharp\n|-supereffective|p2a: Bisharp\n|-damage|p2a: Bisharp|0 fnt\n|-unboost|p1a: Sneasler|def|1\n|-unboost|p1a: Sneasler|spd|1\n|faint|p2a: Bisharp\n|\n|upkeep\n|\n|t:|1700435056\n|switch|p2a: Urshifu|Urshifu-Rapid-Strike, F|35\/100\n|turn|20\n|\n|t:|1700435060\n|-terastallize|p1a: Sneasler|Flying\n|move|p2a: Urshifu|Aqua Jet|p1a: Sneasler\n|-damage|p1a: Sneasler|0 fnt\n|faint|p1a: Sneasler\n|\n|win|troubadour9\n|l|\u2606plague070\n","uploadtime":1700435075,"views":5,"p1id":"plague070","p2id":"troubadour9","formatid":"gen9nationaldex","rating":0,"private":0,"password":""}