{"id":"gen9nationaldex-1989078874","p1":"Kuhrrohsion","p2":"Alexander90281","format":"[Gen 9] National Dex","log":"|j|\u2606Kuhrrohsion\n|j|\u2606Alexander90281\n|t:|1699809860\n|gametype|singles\n|player|p1|Kuhrrohsion|hapu|1726\n|player|p2|Alexander90281|tateandliza-gen6|1757\n|teamsize|p1|6\n|teamsize|p2|6\n|gen|9\n|tier|[Gen 9] National Dex\n|rated|\n|rule|HP Percentage Mod: HP is shown in percentages\n|rule|Endless Battle Clause: Forcing endless battles is banned\n|rule|OHKO Clause: OHKO moves are banned\n|rule|Evasion Clause: Evasion abilities, items, and moves are banned\n|rule|Evasion Abilities Clause: Evasion abilities are banned\n|rule|Evasion Items Clause: Evasion items are banned\n|rule|Evasion Moves Clause: Evasion moves are banned\n|rule|Species Clause: Limit one of each Pok\u00e9mon\n|rule|Sleep Clause Mod: Limit one foe put to sleep\n|clearpoke\n|poke|p1|Kartana|\n|poke|p1|Rillaboom, F|\n|poke|p1|Heatran, M|\n|poke|p1|Landorus-Therian, M|\n|poke|p1|Rotom-Wash|\n|poke|p1|Xurkitree|\n|poke|p2|Mimikyu, M|\n|poke|p2|Hatterene, F|\n|poke|p2|Victini|\n|poke|p2|Ogerpon, F|\n|poke|p2|Marowak-Alola, M|\n|poke|p2|Charizard, M|\n|teampreview\n|inactive|Battle timer is ON: inactive players will automatically lose when time's up. (requested by Kuhrrohsion)\n|\n|t:|1699809865\n|start\n|switch|p1a: Bandorus-Beberian|Landorus-Therian, M|100\/100\n|switch|p2a: Victini|Victini|100\/100\n|-ability|p1a: Bandorus-Beberian|Intimidate|boost\n|-unboost|p2a: Victini|atk|1\n|turn|1\n|\n|t:|1699809875\n|switch|p1a: Rising-Edge|Rotom-Wash|100\/100\n|move|p2a: Victini|Final Gambit|p1a: Rising-Edge\n|-damage|p1a: Rising-Edge|0 fnt\n|faint|p2a: Victini\n|faint|p1a: Rising-Edge\n|\n|upkeep\n|\n|t:|1699809888\n|switch|p2a: Charizard|Charizard, M|100\/100\n|switch|p1a: Monostable Xurkit|Xurkitree, shiny|100\/100\n|turn|2\n|j| Ultramanball1\n|\n|t:|1699809893\n|detailschange|p2a: Charizard|Charizard-Mega-Y, M\n|-mega|p2a: Charizard|Charizard|Charizardite Y\n|-weather|SunnyDay|[from] ability: Drought|[of] p2a: Charizard\n|move|p1a: Monostable Xurkit|Volt Switch|p2a: Charizard\n|-supereffective|p2a: Charizard\n|-damage|p2a: Charizard|6\/100\n|\n|t:|1699809899\n|switch|p1a: Taxmaker|Heatran, M|100\/100|[from] Volt Switch\n|move|p2a: Charizard|Weather Ball|p1a: Taxmaker\n|-start|p1a: Taxmaker|ability: Flash Fire\n|\n|-weather|SunnyDay|[upkeep]\n|upkeep\n|turn|3\n|\n|t:|1699809905\n|move|p2a: Charizard|Scorching Sands|p1a: Taxmaker\n|-supereffective|p1a: Taxmaker\n|-damage|p1a: Taxmaker|23\/100\n|move|p1a: Taxmaker|Magma Storm|p2a: Charizard\n|-resisted|p2a: Charizard\n|-damage|p2a: Charizard|0 fnt\n|faint|p2a: Charizard\n|\n|-weather|SunnyDay|[upkeep]\n|-heal|p1a: Taxmaker|29\/100|[from] item: Leftovers\n|upkeep\n|\n|t:|1699809909\n|switch|p2a: Hatterene|Hatterene, F|100\/100\n|turn|4\n|\n|t:|1699809913\n|move|p1a: Taxmaker|Magma Storm|p2a: Hatterene|[miss]\n|-miss|p1a: Taxmaker|p2a: Hatterene\n|move|p2a: Hatterene|Trick Room|p2a: Hatterene\n|-fieldstart|move: Trick Room|[of] p2a: Hatterene\n|\n|-weather|SunnyDay|[upkeep]\n|-heal|p1a: Taxmaker|35\/100|[from] item: Leftovers\n|upkeep\n|turn|5\n|\n|t:|1699809917\n|move|p2a: Hatterene|Psychic|p1a: Taxmaker\n|-resisted|p1a: Taxmaker\n|-damage|p1a: Taxmaker|16\/100\n|move|p1a: Taxmaker|Magma Storm|p2a: Hatterene|[miss]\n|-miss|p1a: Taxmaker|p2a: Hatterene\n|\n|-weather|SunnyDay|[upkeep]\n|-heal|p1a: Taxmaker|22\/100|[from] item: Leftovers\n|upkeep\n|turn|6\n|\n|t:|1699809921\n|move|p1a: Taxmaker|Protect|p1a: Taxmaker\n|-singleturn|p1a: Taxmaker|Protect\n|move|p2a: Hatterene|Psychic|p1a: Taxmaker\n|-activate|p1a: Taxmaker|move: Protect\n|\n|-weather|none\n|-heal|p1a: Taxmaker|29\/100|[from] item: Leftovers\n|upkeep\n|turn|7\n|\n|t:|1699809924\n|move|p2a: Hatterene|Psychic|p1a: Taxmaker\n|-resisted|p1a: Taxmaker\n|-damage|p1a: Taxmaker|11\/100\n|move|p1a: Taxmaker|Magma Storm|p2a: Hatterene\n|-damage|p2a: Hatterene|30\/100\n|-activate|p2a: Hatterene|move: Magma Storm|[of] p1a: Taxmaker\n|\n|-heal|p1a: Taxmaker|17\/100|[from] item: Leftovers\n|-damage|p2a: Hatterene|18\/100|[from] move: Magma Storm|[partiallytrapped]\n|upkeep\n|turn|8\n|\n|t:|1699809930\n|move|p1a: Taxmaker|Protect|p1a: Taxmaker\n|-singleturn|p1a: Taxmaker|Protect\n|move|p2a: Hatterene|Healing Wish|p2a: Hatterene\n|faint|p2a: Hatterene\n|\n|-heal|p1a: Taxmaker|23\/100|[from] item: Leftovers\n|-fieldend|move: Trick Room\n|upkeep\n|\n|t:|1699809932\n|switch|p2a: Ogerpon|Ogerpon, F|100\/100\n|turn|9\n|\n|t:|1699809942\n|move|p2a: Ogerpon|Superpower|p1a: Taxmaker\n|-supereffective|p1a: Taxmaker\n|-damage|p1a: Taxmaker|0 fnt\n|-unboost|p2a: Ogerpon|atk|1\n|-unboost|p2a: Ogerpon|def|1\n|faint|p1a: Taxmaker\n|\n|upkeep\n|\n|t:|1699809945\n|switch|p1a: Perfect Pummelling|Rillaboom, F|100\/100\n|-fieldstart|move: Grassy Terrain|[from] ability: Grassy Surge|[of] p1a: Perfect Pummelling\n|turn|10\n|\n|t:|1699809959\n|switch|p2a: Mimikyu|Mimikyu, M|100\/100\n|move|p1a: Perfect Pummelling|Wood Hammer|p2a: Mimikyu\n|-activate|p2a: Mimikyu|ability: Disguise\n|-damage|p2a: Mimikyu|100\/100\n|detailschange|p2a: Mimikyu|Mimikyu-Busted, M\n|-damage|p2a: Mimikyu|88\/100|[from] pokemon: Mimikyu-Busted\n|\n|-heal|p2a: Mimikyu|94\/100|[from] Grassy Terrain\n|upkeep\n|turn|11\n|\n|t:|1699809975\n|-terastallize|p1a: Perfect Pummelling|Grass\n|move|p1a: Perfect Pummelling|Wood Hammer|p2a: Mimikyu\n|-damage|p2a: Mimikyu|0 fnt\n|faint|p2a: Mimikyu\n|-damage|p1a: Perfect Pummelling|76\/100|[from] Recoil\n|\n|-heal|p1a: Perfect Pummelling|83\/100|[from] Grassy Terrain\n|upkeep\n|\n|t:|1699809982\n|switch|p2a: Marowak|Marowak-Alola, M|100\/100\n|turn|12\n|\n|t:|1699809986\n|switch|p1a: Bandorus-Beberian|Landorus-Therian, M|100\/100\n|-ability|p1a: Bandorus-Beberian|Intimidate|boost\n|-unboost|p2a: Marowak|atk|1\n|move|p2a: Marowak|Flare Blitz|p1a: Bandorus-Beberian\n|-damage|p1a: Bandorus-Beberian|58\/100\n|-damage|p2a: Marowak|84\/100|[from] item: Rocky Helmet|[of] p1a: Bandorus-Beberian\n|\n|-heal|p2a: Marowak|90\/100|[from] Grassy Terrain\n|upkeep\n|turn|13\n|\n|t:|1699809999\n|move|p1a: Bandorus-Beberian|Earthquake|p2a: Marowak\n|-supereffective|p2a: Marowak\n|-damage|p2a: Marowak|45\/100\n|move|p2a: Marowak|Flare Blitz|p1a: Bandorus-Beberian\n|-damage|p1a: Bandorus-Beberian|10\/100\n|-damage|p2a: Marowak|29\/100|[from] item: Rocky Helmet|[of] p1a: Bandorus-Beberian\n|\n|-heal|p2a: Marowak|35\/100|[from] Grassy Terrain\n|upkeep\n|turn|14\n|\n|t:|1699810009\n|move|p1a: Bandorus-Beberian|Earthquake|p2a: Marowak\n|-supereffective|p2a: Marowak\n|-damage|p2a: Marowak|0 fnt\n|faint|p2a: Marowak\n|\n|-fieldend|move: Grassy Terrain\n|upkeep\n|\n|t:|1699810013\n|switch|p2a: Ogerpon|Ogerpon, F|100\/100\n|turn|15\n|\n|t:|1699810018\n|move|p2a: Ogerpon|Ivy Cudgel|p1a: Bandorus-Beberian\n|-crit|p1a: Bandorus-Beberian\n|-damage|p1a: Bandorus-Beberian|0 fnt\n|faint|p1a: Bandorus-Beberian\n|\n|upkeep\n|j| hameed425\n|\n|t:|1699810031\n|switch|p1a: Monostable Xurkit|Xurkitree, shiny|100\/100\n|turn|16\n|\n|t:|1699810034\n|-terastallize|p2a: Ogerpon|Grass\n|detailschange|p2a: Ogerpon|Ogerpon-Teal-Tera, F, tera:Grass\n|-ability|p2a: Ogerpon|Embody Aspect (Teal)|boost\n|-boost|p2a: Ogerpon|spe|1\n|move|p2a: Ogerpon|Ivy Cudgel|p1a: Monostable Xurkit\n|-damage|p1a: Monostable Xurkit|9\/100\n|move|p1a: Monostable Xurkit|Hidden Power|p2a: Ogerpon\n|-supereffective|p2a: Ogerpon\n|-damage|p2a: Ogerpon|35\/100\n|\n|upkeep\n|turn|17\n|\n|t:|1699810043\n|move|p2a: Ogerpon|Ivy Cudgel|p1a: Monostable Xurkit\n|-crit|p1a: Monostable Xurkit\n|-damage|p1a: Monostable Xurkit|0 fnt\n|faint|p1a: Monostable Xurkit\n|\n|upkeep\n|\n|t:|1699810045\n|switch|p1a: Perfect Pummelling|Rillaboom, F, tera:Grass|83\/100\n|-fieldstart|move: Grassy Terrain|[from] ability: Grassy Surge|[of] p1a: Perfect Pummelling\n|turn|18\n|\n|t:|1699810049\n|move|p1a: Perfect Pummelling|Grassy Glide|p2a: Ogerpon\n|-resisted|p2a: Ogerpon\n|-damage|p2a: Ogerpon|0 fnt\n|faint|p2a: Ogerpon\n|\n|win|Kuhrrohsion\n|raw|Kuhrrohsion's rating: 1726 &rarr; <strong>1748<\/strong><br \/>(+22 for winning)\n|raw|Alexander90281's rating: 1757 &rarr; <strong>1735<\/strong><br \/>(-22 for losing)\n|l|\u2606Kuhrrohsion\n|l|\u2606Alexander90281\n|j|\u2606Kuhrrohsion\n|player|p1|Kuhrrohsion|hapu\n","uploadtime":1699810070,"views":5,"p1id":"kuhrrohsion","p2id":"alexander90281","formatid":"gen9nationaldex","rating":1735,"private":0,"password":""}