{"id":"gen9nationaldex-1994235178","p1":"Inhaler1992","p2":"Silverblaze22oz","format":"[Gen 9] National Dex","log":"|j|\u2606Inhaler1992\n|j|\u2606Silverblaze22oz\n|inactive|Battle timer is ON: inactive players will automatically lose when time's up.\n|t:|1700421876\n|gametype|singles\n|player|p1|Inhaler1992|camper|\n|player|p2|Silverblaze22oz|alder|\n|teamsize|p1|6\n|teamsize|p2|6\n|gen|9\n|tier|[Gen 9] National Dex\n|rated|Tournament battle\n|rule|HP Percentage Mod: HP is shown in percentages\n|rule|Endless Battle Clause: Forcing endless battles is banned\n|rule|OHKO Clause: OHKO moves are banned\n|rule|Evasion Clause: Evasion abilities, items, and moves are banned\n|rule|Evasion Abilities Clause: Evasion abilities are banned\n|rule|Evasion Items Clause: Evasion items are banned\n|rule|Evasion Moves Clause: Evasion moves are banned\n|rule|Species Clause: Limit one of each Pok\u00e9mon\n|rule|Sleep Clause Mod: Limit one foe put to sleep\n|clearpoke\n|poke|p1|Zarude|\n|poke|p1|Heatran, M|\n|poke|p1|Alomomola, F|\n|poke|p1|Gliscor, F|\n|poke|p1|Lopunny, F|\n|poke|p1|Clefable, F|\n|poke|p2|Ninetales-Alola, M|\n|poke|p2|Kyurem|\n|poke|p2|Heatran, F|\n|poke|p2|Gyarados, M|\n|poke|p2|Gliscor, F|\n|poke|p2|Tapu Lele|\n|teampreview\n|inactive|Inhaler1992 also wants the timer to be on.\n|c|\u2606Inhaler1992|Glhf\n|\n|t:|1700421896\n|start\n|switch|p1a: Heatran|Heatran, M|100\/100\n|switch|p2a: Ninetales|Ninetales-Alola, M|100\/100\n|-weather|Snow|[from] ability: Snow Warning|[of] p2a: Ninetales\n|turn|1\n|\n|t:|1700421908\n|move|p2a: Ninetales|Safeguard|p2a: Ninetales\n|-sidestart|p2: Silverblaze22oz|Safeguard\n|move|p1a: Heatran|Stealth Rock|p2a: Ninetales\n|-sidestart|p2: Silverblaze22oz|move: Stealth Rock\n|\n|-weather|Snow|[upkeep]\n|upkeep\n|turn|2\n|\n|t:|1700421917\n|move|p2a: Ninetales|Aurora Veil|p2a: Ninetales\n|-sidestart|p2: Silverblaze22oz|move: Aurora Veil\n|move|p1a: Heatran|Magma Storm|p2a: Ninetales\n|-supereffective|p2a: Ninetales\n|-damage|p2a: Ninetales|60\/100\n|-activate|p2a: Ninetales|move: Magma Storm|[of] p1a: Heatran\n|\n|-weather|Snow|[upkeep]\n|-damage|p2a: Ninetales|48\/100|[from] move: Magma Storm|[partiallytrapped]\n|upkeep\n|turn|3\n|\n|t:|1700421925\n|move|p2a: Ninetales|Encore|p1a: Heatran\n|-start|p1a: Heatran|Encore\n|move|p1a: Heatran|Magma Storm|p2a: Ninetales\n|-supereffective|p2a: Ninetales\n|-damage|p2a: Ninetales|5\/100\n|\n|-weather|Snow|[upkeep]\n|-damage|p2a: Ninetales|0 fnt|[from] move: Magma Storm|[partiallytrapped]\n|faint|p2a: Ninetales\n|upkeep\n|\n|t:|1700421930\n|switch|p2a: Gliscor|Gliscor, F|100\/100\n|-damage|p2a: Gliscor|88\/100|[from] Stealth Rock\n|turn|4\n|\n|t:|1700421941\n|switch|p1a: Clefable|Clefable, F|100\/100\n|move|p2a: Gliscor|Defog|p1a: Clefable\n|-unboost|p1a: Clefable|evasion|1\n|-sideend|p2: Silverblaze22oz|Stealth Rock|[from] move: Defog|[of] p2a: Gliscor\n|\n|-weather|Snow|[upkeep]\n|-status|p2a: Gliscor|tox|[from] item: Toxic Orb\n|upkeep\n|turn|5\n|\n|t:|1700421954\n|switch|p2a: Tapu Lele|Tapu Lele|100\/100\n|-fieldstart|move: Psychic Terrain|[from] ability: Psychic Surge|[of] p2a: Tapu Lele\n|move|p1a: Clefable|Knock Off|p2a: Tapu Lele\n|-damage|p2a: Tapu Lele|87\/100\n|-enditem|p2a: Tapu Lele|Choice Scarf|[from] move: Knock Off|[of] p1a: Clefable\n|\n|-weather|none\n|-sideend|p2: Silverblaze22oz|Safeguard\n|upkeep\n|turn|6\n|\n|t:|1700421960\n|switch|p1a: Heatran|Heatran, M|100\/100\n|move|p2a: Tapu Lele|Psyshock|p1a: Heatran\n|-resisted|p1a: Heatran\n|-damage|p1a: Heatran|78\/100\n|\n|-heal|p1a: Heatran|84\/100|[from] item: Leftovers\n|upkeep\n|turn|7\n|\n|t:|1700421968\n|switch|p2a: Heatran|Heatran, F|100\/100\n|move|p1a: Heatran|Earth Power|p2a: Heatran\n|-supereffective|p2a: Heatran\n|-damage|p2a: Heatran|70\/100\n|\n|-heal|p1a: Heatran|90\/100|[from] item: Leftovers\n|-heal|p2a: Heatran|77\/100|[from] item: Leftovers\n|upkeep\n|turn|8\n|\n|t:|1700421973\n|switch|p1a: Gliscor|Gliscor, F|100\/100\n|move|p2a: Heatran|Protect||[still]\n|-fail|p2a: Heatran\n|\n|-heal|p2a: Heatran|83\/100|[from] item: Leftovers\n|-status|p1a: Gliscor|tox|[from] item: Toxic Orb\n|upkeep\n|turn|9\n|\n|t:|1700421983\n|switch|p1a: Alomomola|Alomomola, F|100\/100\n|switch|p2a: Gyarados|Gyarados, M|100\/100\n|-ability|p2a: Gyarados|Intimidate|boost\n|-unboost|p1a: Alomomola|atk|1\n|\n|-sideend|p2: Silverblaze22oz|move: Aurora Veil\n|-fieldend|move: Psychic Terrain\n|upkeep\n|turn|10\n|\n|t:|1700421987\n|move|p2a: Gyarados|Dragon Dance|p2a: Gyarados\n|-boost|p2a: Gyarados|atk|1\n|-boost|p2a: Gyarados|spe|1\n|move|p1a: Alomomola|Toxic|p2a: Gyarados\n|-status|p2a: Gyarados|tox\n|\n|-damage|p2a: Gyarados|94\/100 tox|[from] psn\n|upkeep\n|turn|11\n|\n|t:|1700421990\n|move|p2a: Gyarados|Dragon Dance|p2a: Gyarados\n|-boost|p2a: Gyarados|atk|1\n|-boost|p2a: Gyarados|spe|1\n|move|p1a: Alomomola|Wish|p1a: Alomomola\n|\n|-damage|p2a: Gyarados|82\/100 tox|[from] psn\n|upkeep\n|turn|12\n|\n|t:|1700421996\n|detailschange|p2a: Gyarados|Gyarados-Mega, M\n|-mega|p2a: Gyarados|Gyarados|Gyaradosite\n|-ability|p2a: Gyarados|Mold Breaker\n|move|p1a: Alomomola|Protect|p1a: Alomomola\n|-singleturn|p1a: Alomomola|Protect\n|move|p2a: Gyarados|Crunch|p1a: Alomomola\n|-activate|p1a: Alomomola|move: Protect\n|\n|-damage|p2a: Gyarados|64\/100 tox|[from] psn\n|upkeep\n|turn|13\n|\n|t:|1700422004\n|move|p2a: Gyarados|Crunch|p1a: Alomomola\n|-damage|p1a: Alomomola|37\/100\n|move|p1a: Alomomola|Flip Turn|p2a: Gyarados\n|-resisted|p2a: Gyarados\n|-damage|p2a: Gyarados|59\/100 tox\n|\n|t:|1700422007\n|switch|p1a: Lopunny|Lopunny, F|100\/100|[from] Flip Turn\n|\n|-damage|p2a: Gyarados|35\/100 tox|[from] psn\n|upkeep\n|turn|14\n|\n|t:|1700422010\n|detailschange|p1a: Lopunny|Lopunny-Mega, F\n|-mega|p1a: Lopunny|Lopunny|Lopunnite\n|move|p1a: Lopunny|Fake Out|p2a: Gyarados\n|-damage|p2a: Gyarados|14\/100 tox\n|cant|p2a: Gyarados|flinch\n|\n|-damage|p2a: Gyarados|0 fnt|[from] psn\n|faint|p2a: Gyarados\n|upkeep\n|\n|t:|1700422014\n|switch|p2a: Tapu Lele|Tapu Lele|87\/100\n|-fieldstart|move: Psychic Terrain|[from] ability: Psychic Surge|[of] p2a: Tapu Lele\n|turn|15\n|\n|t:|1700422020\n|move|p1a: Lopunny|U-turn|p2a: Tapu Lele\n|-damage|p2a: Tapu Lele|46\/100\n|\n|t:|1700422023\n|switch|p1a: Heatran|Heatran, M|90\/100|[from] U-turn\n|move|p2a: Tapu Lele|Hidden Power|p1a: Heatran\n|-supereffective|p1a: Heatran\n|-damage|p1a: Heatran|38\/100\n|\n|-heal|p1a: Heatran|44\/100|[from] item: Leftovers\n|upkeep\n|turn|16\n|\n|t:|1700422038\n|switch|p1a: Gliscor|Gliscor, F|100\/100 tox\n|move|p2a: Tapu Lele|Hidden Power|p1a: Gliscor\n|-immune|p1a: Gliscor\n|\n|upkeep\n|turn|17\n|\n|t:|1700422044\n|switch|p2a: Gliscor|Gliscor, F|88\/100 tox\n|move|p1a: Gliscor|Earthquake|p2a: Gliscor\n|-immune|p2a: Gliscor\n|\n|-heal|p2a: Gliscor|100\/100 tox|[from] ability: Poison Heal\n|upkeep\n|turn|18\n|\n|t:|1700422054\n|switch|p1a: Zarude|Zarude|100\/100\n|move|p2a: Gliscor|Roost||[still]\n|-fail|p2a: Gliscor|heal\n|\n|upkeep\n|turn|19\n|\n|t:|1700422060\n|switch|p2a: Heatran|Heatran, F|83\/100\n|move|p1a: Zarude|Bulk Up|p1a: Zarude\n|-boost|p1a: Zarude|atk|1\n|-boost|p1a: Zarude|def|1\n|\n|-heal|p2a: Heatran|89\/100|[from] item: Leftovers\n|-fieldend|move: Psychic Terrain\n|upkeep\n|turn|20\n|\n|t:|1700422064\n|-zpower|p1a: Zarude\n|move|p1a: Zarude|Black Hole Eclipse|p2a: Heatran|[zeffect]\n|-damage|p2a: Heatran|0 fnt\n|faint|p2a: Heatran\n|\n|upkeep\n|\n|t:|1700422068\n|switch|p2a: Kyurem|Kyurem|100\/100\n|-ability|p2a: Kyurem|Pressure\n|turn|21\n|\n|t:|1700422079\n|switch|p1a: Clefable|Clefable, F|100\/100\n|move|p2a: Kyurem|Dragon Dance|p2a: Kyurem\n|-boost|p2a: Kyurem|atk|1\n|-boost|p2a: Kyurem|spe|1\n|\n|upkeep\n|turn|22\n|\n|t:|1700422083\n|move|p2a: Kyurem|Substitute|p2a: Kyurem\n|-start|p2a: Kyurem|Substitute\n|-damage|p2a: Kyurem|75\/100\n|move|p1a: Clefable|Moonblast|p2a: Kyurem\n|-supereffective|p2a: Kyurem\n|-end|p2a: Kyurem|Substitute\n|\n|upkeep\n|turn|23\n|\n|t:|1700422089\n|move|p2a: Kyurem|Icicle Spear|p1a: Clefable\n|-damage|p1a: Clefable|83\/100\n|-damage|p1a: Clefable|67\/100\n|-damage|p1a: Clefable|50\/100\n|-damage|p1a: Clefable|35\/100\n|-damage|p1a: Clefable|17\/100\n|-hitcount|p1a: Clefable|5\n|move|p1a: Clefable|Moonblast|p2a: Kyurem\n|-supereffective|p2a: Kyurem\n|-damage|p2a: Kyurem|14\/100\n|-unboost|p2a: Kyurem|spa|1\n|\n|-heal|p1a: Clefable|23\/100|[from] item: Leftovers\n|upkeep\n|turn|24\n|\n|t:|1700422099\n|move|p2a: Kyurem|Icicle Spear|p1a: Clefable\n|-damage|p1a: Clefable|6\/100\n|-damage|p1a: Clefable|0 fnt\n|faint|p1a: Clefable\n|-hitcount|p1: Clefable|2\n|\n|upkeep\n|\n|t:|1700422101\n|switch|p1a: Lopunny|Lopunny-Mega, F|100\/100\n|turn|25\n|\n|t:|1700422106\n|move|p1a: Lopunny|Fake Out|p2a: Kyurem\n|-damage|p2a: Kyurem|0 fnt\n|faint|p2a: Kyurem\n|\n|upkeep\n|\n|t:|1700422111\n|switch|p2a: Gliscor|Gliscor, F|100\/100 tox\n|turn|26\n|\n|t:|1700422125\n|move|p1a: Lopunny|U-turn|p2a: Gliscor\n|-resisted|p2a: Gliscor\n|-damage|p2a: Gliscor|91\/100 tox\n|\n|t:|1700422128\n|switch|p1a: Zarude|Zarude|100\/100|[from] U-turn\n|move|p2a: Gliscor|Toxic|p1a: Zarude\n|-status|p1a: Zarude|tox\n|\n|-damage|p1a: Zarude|95\/100 tox|[from] psn\n|-heal|p2a: Gliscor|100\/100 tox|[from] ability: Poison Heal\n|upkeep\n|turn|27\n|\n|t:|1700422136\n|move|p1a: Zarude|Bulk Up|p1a: Zarude\n|-boost|p1a: Zarude|atk|1\n|-boost|p1a: Zarude|def|1\n|move|p2a: Gliscor|Earthquake|p1a: Zarude\n|-resisted|p1a: Zarude\n|-damage|p1a: Zarude|85\/100 tox\n|\n|-damage|p1a: Zarude|73\/100 tox|[from] psn\n|upkeep\n|turn|28\n|\n|t:|1700422141\n|move|p1a: Zarude|Jungle Healing|p1a: Zarude\n|-heal|p1a: Zarude|98\/100 tox\n|-curestatus|p1a: Zarude|tox|[msg]\n|move|p2a: Gliscor|Earthquake|p1a: Zarude\n|-resisted|p1a: Zarude\n|-damage|p1a: Zarude|89\/100\n|\n|upkeep\n|turn|29\n|\n|t:|1700422148\n|move|p1a: Zarude|Bulk Up|p1a: Zarude\n|-boost|p1a: Zarude|atk|1\n|-boost|p1a: Zarude|def|1\n|move|p2a: Gliscor|Defog|p1a: Zarude\n|-unboost|p1a: Zarude|evasion|1\n|\n|upkeep\n|turn|30\n|\n|t:|1700422157\n|move|p1a: Zarude|Bulk Up|p1a: Zarude\n|-boost|p1a: Zarude|atk|1\n|-boost|p1a: Zarude|def|1\n|move|p2a: Gliscor|Toxic|p1a: Zarude\n|-status|p1a: Zarude|tox\n|\n|-damage|p1a: Zarude|83\/100 tox|[from] psn\n|upkeep\n|turn|31\n|\n|t:|1700422162\n|switch|p2a: Tapu Lele|Tapu Lele|46\/100\n|-fieldstart|move: Psychic Terrain|[from] ability: Psychic Surge|[of] p2a: Tapu Lele\n|move|p1a: Zarude|Jungle Healing|p1a: Zarude\n|-heal|p1a: Zarude|100\/100 tox\n|-curestatus|p1a: Zarude|tox|[msg]\n|\n|upkeep\n|turn|32\n|\n|t:|1700422171\n|move|p1a: Zarude|Darkest Lariat|p2a: Tapu Lele\n|-damage|p2a: Tapu Lele|0 fnt\n|faint|p2a: Tapu Lele\n|\n|upkeep\n|\n|t:|1700422174\n|switch|p2a: Gliscor|Gliscor, F|100\/100 tox\n|turn|33\n|c|\u2606Inhaler1992|Gg\n|c|\u2606Silverblaze22oz|How\n|\n|t:|1700422193\n|move|p1a: Zarude|Power Whip|p2a: Gliscor|[miss]\n|-miss|p1a: Zarude|p2a: Gliscor\n|move|p2a: Gliscor|Earthquake|p1a: Zarude\n|-resisted|p1a: Zarude\n|-damage|p1a: Zarude|94\/100\n|\n|upkeep\n|turn|34\n|c|\u2606Inhaler1992|What do you mean\n|c|\u2606Silverblaze22oz|Sid you outspeed me\n|c|\u2606Silverblaze22oz|Did\n|inactive|Silverblaze22oz has 120 seconds left.\n|c|\u2606Inhaler1992|I knocked off the scarf\n|c|\u2606Inhaler1992|with clef\n|c|\u2606Silverblaze22oz|Oh\n|\n|t:|1700422231\n|move|p1a: Zarude|Power Whip|p2a: Gliscor\n|-damage|p2a: Gliscor|0 fnt\n|faint|p2a: Gliscor\n|\n|win|Inhaler1992\n|n|\u2606Inhaler1992|inhaler1992\n|n|\u2606Silverblaze22oz|silverblaze22oz\n","uploadtime":1700422232,"views":5,"p1id":"inhaler1992","p2id":"silverblaze22oz","formatid":"gen9nationaldex","rating":0,"private":0,"password":""}