{"id":"gen9nationaldex-1992803516","p1":"The power of ROCK","p2":"How To Beat Lance","format":"[Gen 9] National Dex","log":"|j|\u2606The power of ROCK\n|j|\u2606How To Beat Lance\n|t:|1700236833\n|gametype|singles\n|player|p1|The power of ROCK|roark|\n|player|p2|How To Beat Lance|lance|\n|teamsize|p1|6\n|teamsize|p2|6\n|gen|9\n|tier|[Gen 9] National Dex\n|rule|HP Percentage Mod: HP is shown in percentages\n|rule|Endless Battle Clause: Forcing endless battles is banned\n|rule|OHKO Clause: OHKO moves are banned\n|rule|Evasion Clause: Evasion abilities, items, and moves are banned\n|rule|Evasion Abilities Clause: Evasion abilities are banned\n|rule|Evasion Items Clause: Evasion items are banned\n|rule|Evasion Moves Clause: Evasion moves are banned\n|rule|Species Clause: Limit one of each Pok\u00e9mon\n|rule|Sleep Clause Mod: Limit one foe put to sleep\n|clearpoke\n|poke|p1|Tyranitar, M|\n|poke|p1|Garganacl, M|\n|poke|p1|Aggron, F|\n|poke|p1|Cradily, F|\n|poke|p1|Glimmora, M|\n|poke|p1|Avalugg-Hisui, F|\n|poke|p2|Dragonite, M|\n|poke|p2|Tyrantrum, M|\n|poke|p2|Duraludon, M|\n|poke|p2|Sceptile, M|\n|poke|p2|Dracozolt|\n|poke|p2|Zygarde-10%|\n|teampreview\n|c|\u2606The power of ROCK|Welcome to the ROCK gym\n|c|\u2606How To Beat Lance|\"I've been waiting for you. Power of Rock! I knew that you, with your skills, would eventually reach me here. There's no need for words now. We will battle to determine who is the stronger of the two of us. As the most powerful trainer and as the Pok\u00e9mon League Champion\u2026 I, Lance the dragon master, accept your challenge!\n|c|\u2606How To Beat Lance|lets see\n|c|\u2606How To Beat Lance|what your team is made of\n|j| pokemonamiright\n|c|\u2606How To Beat Lance|garganacl\n|\n|t:|1700236899\n|start\n|switch|p1a: Garganacl|Garganacl, M|100\/100\n|switch|p2a: funny tower|Duraludon, M|100\/100\n|turn|1\n|l| pokemonamiright\n|c|\u2606How To Beat Lance|not my favorite\n|\n|t:|1700236910\n|-terastallize|p1a: Garganacl|Ghost\n|move|p2a: funny tower|Stealth Rock|p1a: Garganacl\n|-sidestart|p1: The power of ROCK|move: Stealth Rock\n|move|p1a: Garganacl|Salt Cure|p2a: funny tower\n|-resisted|p2a: funny tower\n|-damage|p2a: funny tower|96\/100\n|-start|p2a: funny tower|Salt Cure\n|\n|-damage|p2a: funny tower|71\/100|[from] Salt Cure\n|upkeep\n|turn|2\n|\n|t:|1700236916\n|move|p2a: funny tower|Flash Cannon|p1a: Garganacl\n|-damage|p1a: Garganacl|81\/100\n|-enditem|p1a: Garganacl|Maranga Berry|[eat]\n|-boost|p1a: Garganacl|spd|1|[from] item: Maranga Berry\n|move|p1a: Garganacl|Iron Defense|p1a: Garganacl\n|-boost|p1a: Garganacl|def|2\n|\n|-damage|p2a: funny tower|46\/100|[from] Salt Cure\n|upkeep\n|turn|3\n|\n|t:|1700236922\n|move|p2a: funny tower|Flash Cannon|p1a: Garganacl\n|-damage|p1a: Garganacl|66\/100\n|move|p1a: Garganacl|Iron Defense|p1a: Garganacl\n|-boost|p1a: Garganacl|def|2\n|\n|-damage|p2a: funny tower|21\/100|[from] Salt Cure\n|upkeep\n|turn|4\n|\n|t:|1700236925\n|move|p2a: funny tower|Flash Cannon|p1a: Garganacl\n|-damage|p1a: Garganacl|51\/100\n|move|p1a: Garganacl|Recover|p1a: Garganacl\n|-heal|p1a: Garganacl|100\/100\n|\n|-damage|p2a: funny tower|0 fnt|[from] Salt Cure\n|faint|p2a: funny tower\n|upkeep\n|c|\u2606How To Beat Lance|:\n|c|\u2606How To Beat Lance|i see\n|c|\u2606How To Beat Lance|the rock gym is the 8th gym\n|\n|t:|1700236958\n|switch|p2a: Sectile-Mega|Sceptile, M|100\/100\n|turn|5\n|j| BeeZeeSD\n|c|\u2606How To Beat Lance|you are making me realise how to fix my team\n|\n|t:|1700236976\n|detailschange|p2a: Sectile-Mega|Sceptile-Mega, M\n|-mega|p2a: Sectile-Mega|Sceptile|Sceptilite\n|move|p2a: Sectile-Mega|Giga Drain|p1a: Garganacl\n|-damage|p1a: Garganacl|83\/100\n|move|p1a: Garganacl|Body Press|p2a: Sectile-Mega\n|-damage|p2a: Sectile-Mega|0 fnt\n|faint|p2a: Sectile-Mega\n|\n|upkeep\n|c|\u2606How To Beat Lance|would yo like to rematch my other teams after this\n|\n|t:|1700236999\n|switch|p2a: Darcozolt|Dracozolt|100\/100\n|turn|6\n|c|\u2606The power of ROCK|sure lol\n|\n|t:|1700237003\n|move|p2a: Darcozolt|Bolt Beak|p1a: Garganacl\n|-damage|p1a: Garganacl|65\/100\n|move|p1a: Garganacl|Body Press|p2a: Darcozolt\n|-damage|p2a: Darcozolt|14\/100\n|\n|upkeep\n|turn|7\n|c|\u2606How To Beat Lance|im kinda bad at pokemon\n|\n|t:|1700237012\n|move|p2a: Darcozolt|Bolt Beak|p1a: Garganacl\n|-crit|p1a: Garganacl\n|-damage|p1a: Garganacl|0 fnt\n|faint|p1a: Garganacl\n|\n|upkeep\n|c|\u2606How To Beat Lance|rip\n|c|\u2606The power of ROCK|NOOOOOOOOOOOOOOOOOOOO\n|\n|t:|1700237020\n|switch|p1a: Glimmora|Glimmora, M|100\/100\n|-damage|p1a: Glimmora|88\/100|[from] Stealth Rock\n|turn|8\n|\n|t:|1700237024\n|move|p1a: Glimmora|Mortal Spin|p2a: Darcozolt\n|-damage|p2a: Darcozolt|6\/100\n|-status|p2a: Darcozolt|psn\n|-sideend|p1: The power of ROCK|Stealth Rock|[from] move: Mortal Spin|[of] p1a: Glimmora\n|move|p2a: Darcozolt|Bolt Beak|p1a: Glimmora\n|-damage|p1a: Glimmora|41\/100\n|-activate|p1a: Glimmora|ability: Toxic Debris\n|-sidestart|p2: How To Beat Lance|move: Toxic Spikes\n|\n|-damage|p2a: Darcozolt|0 fnt|[from] psn\n|faint|p2a: Darcozolt\n|upkeep\n|j| AFTR_ShoCk\n|c|\u2606How To Beat Lance|also scarf?\n|\n|t:|1700237038\n|switch|p2a: Zygarde-11%|Zygarde-10%, shiny|100\/100\n|-status|p2a: Zygarde-11%|psn\n|-ability|p2a: Zygarde-11%|Aura Break\n|turn|9\n|c|\u2606The power of ROCK|YE\n|\n|t:|1700237048\n|switch|p1a: Cradily|Cradily, F|100\/100\n|move|p2a: Zygarde-11%|Thousand Arrows|p1a: Cradily\n|-damage|p1a: Cradily|75\/100\n|\n|-damage|p2a: Zygarde-11%|88\/100 psn|[from] psn\n|upkeep\n|turn|10\n|c|\u2606How To Beat Lance|scarf glim\n|c|\u2606How To Beat Lance|cool\n|c|\u2606How To Beat Lance|oh no\n|\n|t:|1700237060\n|move|p2a: Zygarde-11%|Outrage|p1a: Cradily\n|-damage|p1a: Cradily|41\/100\n|move|p1a: Cradily|Leech Seed|p2a: Zygarde-11%\n|-start|p2a: Zygarde-11%|move: Leech Seed\n|\n|-damage|p2a: Zygarde-11%|76\/100 psn|[from] Leech Seed|[of] p1a: Cradily\n|-heal|p1a: Cradily|50\/100|[silent]\n|-damage|p2a: Zygarde-11%|63\/100 psn|[from] psn\n|upkeep\n|turn|11\n|c|\u2606How To Beat Lance|34\n|\n|t:|1700237067\n|switch|p1a: Aggron|Aggron, F|100\/100\n|move|p2a: Zygarde-11%|Outrage|p1a: Aggron|[from]lockedmove\n|-resisted|p1a: Aggron\n|-damage|p1a: Aggron|89\/100\n|\n|-damage|p2a: Zygarde-11%|51\/100 psn|[from] Leech Seed|[of] p1a: Aggron\n|-heal|p1a: Aggron|98\/100|[silent]\n|-damage|p2a: Zygarde-11%|38\/100 psn|[from] psn\n|upkeep\n|turn|12\n|l| BeeZeeSD\n|\n|t:|1700237071\n|detailschange|p1a: Aggron|Aggron-Mega, F\n|-mega|p1a: Aggron|Aggron|Aggronite\n|move|p2a: Zygarde-11%|Outrage|p1a: Aggron|[from]lockedmove\n|-resisted|p1a: Aggron\n|-damage|p1a: Aggron|87\/100\n|-start|p2a: Zygarde-11%|confusion|[fatigue]\n|move|p1a: Aggron|Iron Defense|p1a: Aggron\n|-boost|p1a: Aggron|def|2\n|\n|-damage|p2a: Zygarde-11%|26\/100 psn|[from] Leech Seed|[of] p1a: Aggron\n|-heal|p1a: Aggron|96\/100|[silent]\n|-damage|p2a: Zygarde-11%|13\/100 psn|[from] psn\n|upkeep\n|turn|13\n|\n|t:|1700237077\n|-activate|p2a: Zygarde-11%|confusion\n|-damage|p2a: Zygarde-11%|0 fnt|[from] confusion\n|faint|p2a: Zygarde-11%\n|move|p1a: Aggron|Iron Defense|p1a: Aggron\n|-boost|p1a: Aggron|def|2\n|\n|upkeep\n|c|\u2606How To Beat Lance|i gtg\n|c|\u2606How To Beat Lance|brb\n|c|\u2606How To Beat Lance|sorry\n|c|\u2606The power of ROCK|ok\n|c|\u2606The power of ROCK|lol np\n|l| AFTR_ShoCk\n|c|\u2606How To Beat Lance|sorry\n|\n|t:|1700237264\n|switch|p2a: dianasaur|Tyrantrum, M|100\/100\n|-status|p2a: dianasaur|psn\n|turn|14\n|\n|t:|1700237276\n|move|p2a: dianasaur|Earthquake|p1a: Aggron\n|-supereffective|p1a: Aggron\n|-damage|p1a: Aggron|89\/100\n|move|p1a: Aggron|Body Press|p2a: dianasaur\n|-supereffective|p2a: dianasaur\n|-damage|p2a: dianasaur|0 fnt\n|faint|p2a: dianasaur\n|\n|upkeep\n|c|\u2606How To Beat Lance|oh no\n|c|\u2606How To Beat Lance|7\n|c|\u2606How To Beat Lance|lol\n|\n|t:|1700237284\n|switch|p2a: Dragapolt|Dragonite, M|100\/100\n|turn|15\n|c|\u2606How To Beat Lance|gg\n|\n|t:|1700237288\n|move|p2a: Dragapolt|Earthquake|p1a: Aggron\n|-supereffective|p1a: Aggron\n|-damage|p1a: Aggron|82\/100\n|move|p1a: Aggron|Body Press|p2a: Dragapolt\n|-resisted|p2a: Dragapolt\n|-damage|p2a: Dragapolt|64\/100\n|\n|upkeep\n|turn|16\n|c|\u2606How To Beat Lance|37\n|c|\u2606The power of ROCK|gg lol\n|c|\u2606How To Beat Lance|multiscale\n|c|\u2606How To Beat Lance|ig\n|c|\u2606How To Beat Lance|gg\n|c|\u2606The power of ROCK|xD\n|c|\u2606How To Beat Lance|powerfull gym\n|\n|t:|1700237310\n|move|p2a: Dragapolt|Earthquake|p1a: Aggron\n|-supereffective|p1a: Aggron\n|-damage|p1a: Aggron|73\/100\n|move|p1a: Aggron|Body Press|p2a: Dragapolt\n|-resisted|p2a: Dragapolt\n|-damage|p2a: Dragapolt|0 fnt\n|faint|p2a: Dragapolt\n|\n|win|The power of ROCK\n|c|\u2606The power of ROCK|thx\n|c|\u2606How To Beat Lance|you should be elite 4\n|c|\u2606The power of ROCK|i like being a gym leader more xD\n|c|\u2606The power of ROCK|elite 4 is boring\n","uploadtime":1700237320,"views":9,"p1id":"thepowerofrock","p2id":"howtobeatlance","formatid":"gen9nationaldex","rating":0,"private":0,"password":""}