{"id":"gen9nationaldex-1992696666","p1":"gshaogshao","p2":"Jinbishanshanshan","format":"[Gen 9] National Dex","log":"|j|\u2606gshaogshao\n|j|\u2606Jinbishanshanshan\n|t:|1700226381\n|gametype|singles\n|player|p1|gshaogshao|169|1505\n|player|p2|Jinbishanshanshan|lillie-z|1545\n|teamsize|p1|6\n|teamsize|p2|6\n|gen|9\n|tier|[Gen 9] National Dex\n|rated|\n|rule|HP Percentage Mod: HP is shown in percentages\n|rule|Endless Battle Clause: Forcing endless battles is banned\n|rule|OHKO Clause: OHKO moves are banned\n|rule|Evasion Clause: Evasion abilities, items, and moves are banned\n|rule|Evasion Abilities Clause: Evasion abilities are banned\n|rule|Evasion Items Clause: Evasion items are banned\n|rule|Evasion Moves Clause: Evasion moves are banned\n|rule|Species Clause: Limit one of each Pok\u00e9mon\n|rule|Sleep Clause Mod: Limit one foe put to sleep\n|clearpoke\n|poke|p1|Garganacl, F|\n|poke|p1|Rillaboom, F|\n|poke|p1|Gliscor, F|\n|poke|p1|Charizard, M|\n|poke|p1|Alomomola, F|\n|poke|p1|Greninja-*, M|\n|poke|p2|Rillaboom, F|\n|poke|p2|Heatran, M|\n|poke|p2|Urshifu-*, F|\n|poke|p2|Slowking-Galar, F|\n|poke|p2|Thundurus-Therian, M|\n|poke|p2|Weezing-Galar, F|\n|teampreview\n|inactive|Battle timer is ON: inactive players will automatically lose when time's up. (requested by gshaogshao)\n|\n|t:|1700226408\n|start\n|switch|p1a: Charizard|Charizard, M|100\/100\n|switch|p2a: Rillaboom|Rillaboom, F|100\/100\n|-fieldstart|move: Grassy Terrain|[from] ability: Grassy Surge|[of] p2a: Rillaboom\n|turn|1\n|\n|t:|1700226423\n|switch|p2a: Heatran|Heatran, M|100\/100\n|detailschange|p1a: Charizard|Charizard-Mega-X, M\n|-mega|p1a: Charizard|Charizard|Charizardite X\n|move|p1a: Charizard|Dragon Dance|p1a: Charizard\n|-boost|p1a: Charizard|atk|1\n|-boost|p1a: Charizard|spe|1\n|\n|upkeep\n|turn|2\n|\n|t:|1700226443\n|move|p1a: Charizard|Dragon Dance|p1a: Charizard\n|-boost|p1a: Charizard|atk|1\n|-boost|p1a: Charizard|spe|1\n|move|p2a: Heatran|Earth Power|p1a: Charizard\n|-supereffective|p1a: Charizard\n|-damage|p1a: Charizard|31\/100\n|\n|-heal|p1a: Charizard|37\/100|[from] Grassy Terrain\n|upkeep\n|turn|3\n|inactive|Jinbishanshanshan has 120 seconds left.\n|\n|t:|1700226473\n|switch|p2a: Weezing|Weezing-Galar, F|100\/100\n|move|p1a: Charizard|Roost|p1a: Charizard\n|-heal|p1a: Charizard|87\/100\n|-singleturn|p1a: Charizard|move: Roost\n|\n|-heal|p1a: Charizard|93\/100|[from] Grassy Terrain\n|upkeep\n|turn|4\n|inactive|Jinbishanshanshan has 120 seconds left.\n|\n|t:|1700226481\n|move|p1a: Charizard|Flare Blitz|p2a: Weezing\n|-damage|p2a: Weezing|0 fnt\n|faint|p2a: Weezing\n|-damage|p1a: Charizard|56\/100|[from] Recoil\n|\n|-heal|p1a: Charizard|62\/100|[from] Grassy Terrain\n|upkeep\n|inactive|Jinbishanshanshan has 120 seconds left.\n|\n|t:|1700226508\n|switch|p2a: Heatran|Heatran, M|100\/100\n|turn|5\n|\n|t:|1700226516\n|move|p1a: Charizard|Dragon Claw|p2a: Heatran\n|-resisted|p2a: Heatran\n|-damage|p2a: Heatran|54\/100\n|move|p2a: Heatran|Earth Power|p1a: Charizard\n|-supereffective|p1a: Charizard\n|-damage|p1a: Charizard|0 fnt\n|faint|p1a: Charizard\n|\n|-heal|p2a: Heatran|61\/100|[from] Grassy Terrain\n|-heal|p2a: Heatran|67\/100|[from] item: Leftovers\n|-fieldend|move: Grassy Terrain\n|upkeep\n|\n|t:|1700226538\n|switch|p1a: Greninja|Greninja, M|100\/100\n|turn|6\n|\n|t:|1700226560\n|move|p1a: Greninja|Surf|p2a: Heatran\n|-supereffective|p2a: Heatran\n|-damage|p2a: Heatran|0 fnt\n|faint|p2a: Heatran\n|-ability|p1a: Greninja|Battle Bond|boost\n|-boost|p1a: Greninja|atk|1\n|-boost|p1a: Greninja|spa|1\n|-boost|p1a: Greninja|spe|1\n|-activate|p1a: Greninja|ability: Battle Bond\n|\n|upkeep\n|\n|t:|1700226567\n|switch|p2a: Rillaboom|Rillaboom, F|100\/100\n|-fieldstart|move: Grassy Terrain|[from] ability: Grassy Surge|[of] p2a: Rillaboom\n|turn|7\n|\n|t:|1700226577\n|switch|p1a: Gliscor|Gliscor, F|100\/100\n|move|p2a: Rillaboom|Grassy Glide|p1a: Gliscor\n|-damage|p1a: Gliscor|62\/100\n|\n|-status|p1a: Gliscor|tox|[from] item: Toxic Orb\n|upkeep\n|turn|8\n|\n|t:|1700226593\n|-terastallize|p2a: Rillaboom|Grass\n|move|p2a: Rillaboom|Grassy Glide|p1a: Gliscor\n|-damage|p1a: Gliscor|13\/100 tox\n|move|p1a: Gliscor|Toxic|p2a: Rillaboom\n|-status|p2a: Rillaboom|tox\n|\n|-damage|p2a: Rillaboom|94\/100 tox|[from] psn\n|-heal|p1a: Gliscor|25\/100 tox|[from] ability: Poison Heal\n|upkeep\n|turn|9\n|inactive|Jinbishanshanshan has 90 seconds left.\n|\n|t:|1700226618\n|switch|p2a: Urshifu|Urshifu-Rapid-Strike, F|100\/100\n|switch|p1a: Rillaboom|Rillaboom, F|100\/100\n|\n|upkeep\n|turn|10\n|\n|t:|1700226625\n|switch|p2a: Slowking|Slowking-Galar, F|100\/100\n|move|p1a: Rillaboom|Drum Beating|p2a: Slowking\n|-resisted|p2a: Slowking\n|-damage|p2a: Slowking|66\/100\n|-unboost|p2a: Slowking|spe|1\n|\n|-heal|p2a: Slowking|72\/100|[from] Grassy Terrain\n|upkeep\n|turn|11\n|\n|t:|1700226634\n|switch|p1a: Alomomola|Alomomola, F|100\/100\n|move|p2a: Slowking|Chilly Reception|p2a: Slowking\n|-weather|Snow\n|inactive|Jinbishanshanshan has 90 seconds left.\n|\n|t:|1700226657\n|switch|p2a: Urshifu|Urshifu-Rapid-Strike, F|100\/100|[from] Chilly Reception\n|\n|-weather|Snow|[upkeep]\n|-fieldend|move: Grassy Terrain\n|upkeep\n|turn|12\n|inactive|Jinbishanshanshan has 90 seconds left.\n|\n|t:|1700226662\n|move|p2a: Urshifu|Close Combat|p1a: Alomomola\n|-damage|p1a: Alomomola|52\/100\n|-unboost|p2a: Urshifu|def|1\n|-unboost|p2a: Urshifu|spd|1\n|-damage|p2a: Urshifu|84\/100|[from] item: Rocky Helmet|[of] p1a: Alomomola\n|move|p1a: Alomomola|Toxic|p2a: Urshifu\n|-status|p2a: Urshifu|tox\n|\n|-weather|Snow|[upkeep]\n|-damage|p2a: Urshifu|78\/100 tox|[from] psn\n|upkeep\n|turn|13\n|\n|t:|1700226671\n|move|p2a: Urshifu|Close Combat|p1a: Alomomola\n|-damage|p1a: Alomomola|1\/100\n|-unboost|p2a: Urshifu|def|1\n|-unboost|p2a: Urshifu|spd|1\n|-damage|p2a: Urshifu|61\/100 tox|[from] item: Rocky Helmet|[of] p1a: Alomomola\n|move|p1a: Alomomola|Wish|p1a: Alomomola\n|\n|-weather|Snow|[upkeep]\n|-damage|p2a: Urshifu|49\/100 tox|[from] psn\n|upkeep\n|turn|14\n|inactive|Jinbishanshanshan has 90 seconds left.\n|\n|t:|1700226691\n|switch|p2a: Rillaboom|Rillaboom, F, tera:Grass|94\/100 tox\n|-fieldstart|move: Grassy Terrain|[from] ability: Grassy Surge|[of] p2a: Rillaboom\n|move|p1a: Alomomola|Wish||[still]\n|-fail|p1a: Alomomola\n|\n|-weather|Snow|[upkeep]\n|-heal|p1a: Alomomola|51\/100|[from] move: Wish|[wisher] Alomomola\n|-heal|p2a: Rillaboom|100\/100 tox|[from] Grassy Terrain\n|-heal|p1a: Alomomola|57\/100|[from] Grassy Terrain\n|-damage|p2a: Rillaboom|94\/100 tox|[from] psn\n|upkeep\n|turn|15\n|inactive|Jinbishanshanshan has 90 seconds left.\n|\n|t:|1700226710\n|move|p2a: Rillaboom|Wood Hammer|p1a: Alomomola\n|-supereffective|p1a: Alomomola\n|-damage|p1a: Alomomola|0 fnt\n|-damage|p2a: Rillaboom|78\/100 tox|[from] item: Rocky Helmet|[of] p1a: Alomomola\n|faint|p1a: Alomomola\n|-damage|p2a: Rillaboom|49\/100 tox|[from] Recoil\n|\n|-weather|none\n|-heal|p2a: Rillaboom|55\/100 tox|[from] Grassy Terrain\n|-damage|p2a: Rillaboom|42\/100 tox|[from] psn\n|upkeep\n|\n|t:|1700226719\n|switch|p1a: Rillaboom|Rillaboom, F|100\/100\n|turn|16\n|\n|t:|1700226724\n|switch|p2a: Slowking|Slowking-Galar, F|100\/100\n|move|p1a: Rillaboom|Grassy Glide|p2a: Slowking\n|-resisted|p2a: Slowking\n|-damage|p2a: Slowking|78\/100\n|\n|-heal|p2a: Slowking|84\/100|[from] Grassy Terrain\n|upkeep\n|turn|17\n|\n|t:|1700226733\n|move|p1a: Rillaboom|Grassy Glide|p2a: Slowking\n|-resisted|p2a: Slowking\n|-damage|p2a: Slowking|62\/100\n|move|p2a: Slowking|Thunder Wave|p1a: Rillaboom\n|-status|p1a: Rillaboom|par\n|\n|-heal|p2a: Slowking|68\/100|[from] Grassy Terrain\n|upkeep\n|turn|18\n|\n|t:|1700226742\n|switch|p1a: Garganacl|Garganacl, F|100\/100\n|move|p2a: Slowking|Sludge Bomb|p1a: Garganacl\n|-resisted|p1a: Garganacl\n|-damage|p1a: Garganacl|89\/100\n|\n|-heal|p1a: Garganacl|95\/100|[from] Grassy Terrain\n|-heal|p1a: Garganacl|100\/100|[from] item: Leftovers\n|-heal|p2a: Slowking|74\/100|[from] Grassy Terrain\n|-fieldend|move: Grassy Terrain\n|upkeep\n|turn|19\n|\n|t:|1700226753\n|move|p1a: Garganacl|Iron Defense|p1a: Garganacl\n|-boost|p1a: Garganacl|def|2\n|move|p2a: Slowking|Chilly Reception|p2a: Slowking\n|-weather|Snow\n|\n|t:|1700226759\n|switch|p2a: Urshifu|Urshifu-Rapid-Strike, F|49\/100 tox|[from] Chilly Reception\n|\n|-weather|Snow|[upkeep]\n|-damage|p2a: Urshifu|43\/100 tox|[from] psn\n|upkeep\n|turn|20\n|\n|t:|1700226766\n|-terastallize|p1a: Garganacl|Ghost\n|move|p2a: Urshifu|Surging Strikes|p1a: Garganacl\n|-crit|p1a: Garganacl\n|-damage|p1a: Garganacl|79\/100\n|-crit|p1a: Garganacl\n|-damage|p1a: Garganacl|59\/100\n|-crit|p1a: Garganacl\n|-damage|p1a: Garganacl|40\/100\n|-hitcount|p1a: Garganacl|3\n|move|p1a: Garganacl|Iron Defense|p1a: Garganacl\n|-boost|p1a: Garganacl|def|2\n|\n|-weather|Snow|[upkeep]\n|-heal|p1a: Garganacl|46\/100|[from] item: Leftovers\n|-damage|p2a: Urshifu|31\/100 tox|[from] psn\n|upkeep\n|turn|21\n|inactive|Jinbishanshanshan has 120 seconds left.\n|\n|t:|1700226775\n|move|p2a: Urshifu|Surging Strikes|p1a: Garganacl\n|-crit|p1a: Garganacl\n|-damage|p1a: Garganacl|27\/100\n|-crit|p1a: Garganacl\n|-damage|p1a: Garganacl|6\/100\n|-crit|p1a: Garganacl\n|-damage|p1a: Garganacl|0 fnt\n|faint|p1a: Garganacl\n|-hitcount|p1: Garganacl|3\n|\n|-weather|Snow|[upkeep]\n|-damage|p2a: Urshifu|12\/100 tox|[from] psn\n|upkeep\n|\n|t:|1700226783\n|switch|p1a: Rillaboom|Rillaboom, F|100\/100 par\n|-fieldstart|move: Grassy Terrain|[from] ability: Grassy Surge|[of] p1a: Rillaboom\n|turn|22\n|\n|t:|1700226787\n|switch|p2a: Slowking|Slowking-Galar, F|100\/100\n|move|p1a: Rillaboom|Grassy Glide|p2a: Slowking\n|-resisted|p2a: Slowking\n|-damage|p2a: Slowking|77\/100\n|\n|-weather|Snow|[upkeep]\n|-heal|p2a: Slowking|83\/100|[from] Grassy Terrain\n|upkeep\n|turn|23\n|\n|t:|1700226799\n|switch|p1a: Gliscor|Gliscor, F|25\/100 tox\n|move|p2a: Slowking|Sludge Bomb|p1a: Gliscor\n|-resisted|p1a: Gliscor\n|-damage|p1a: Gliscor|6\/100 tox\n|\n|-weather|none\n|-heal|p2a: Slowking|89\/100|[from] Grassy Terrain\n|-heal|p1a: Gliscor|18\/100 tox|[from] ability: Poison Heal\n|upkeep\n|turn|24\n|\n|t:|1700226809\n|move|p1a: Gliscor|Roost|p1a: Gliscor\n|-heal|p1a: Gliscor|68\/100 tox\n|-singleturn|p1a: Gliscor|move: Roost\n|move|p2a: Slowking|Chilly Reception|p2a: Slowking\n|-weather|Snow\n|\n|t:|1700226820\n|switch|p2a: Rillaboom|Rillaboom, F, tera:Grass|42\/100 tox|[from] Chilly Reception\n|\n|-weather|Snow|[upkeep]\n|-heal|p2a: Rillaboom|49\/100 tox|[from] Grassy Terrain\n|-heal|p1a: Gliscor|74\/100 tox|[from] Grassy Terrain\n|-damage|p2a: Rillaboom|42\/100 tox|[from] psn\n|-heal|p1a: Gliscor|87\/100 tox|[from] ability: Poison Heal\n|upkeep\n|turn|25\n|\n|t:|1700226827\n|switch|p1a: Rillaboom|Rillaboom, F|100\/100 par\n|move|p2a: Rillaboom|Wood Hammer|p1a: Rillaboom\n|-resisted|p1a: Rillaboom\n|-damage|p1a: Rillaboom|20\/100 par\n|-damage|p2a: Rillaboom|11\/100 tox|[from] Recoil\n|\n|-weather|Snow|[upkeep]\n|-heal|p2a: Rillaboom|17\/100 tox|[from] Grassy Terrain\n|-heal|p1a: Rillaboom|26\/100 par|[from] Grassy Terrain\n|-damage|p2a: Rillaboom|5\/100 tox|[from] psn\n|upkeep\n|turn|26\n|\n|t:|1700226834\n|switch|p2a: Slowking|Slowking-Galar, F|100\/100\n|move|p1a: Rillaboom|Grassy Glide|p2a: Slowking\n|-resisted|p2a: Slowking\n|-damage|p2a: Slowking|78\/100\n|\n|-weather|Snow|[upkeep]\n|-heal|p1a: Rillaboom|32\/100 par|[from] Grassy Terrain\n|-heal|p2a: Slowking|84\/100|[from] Grassy Terrain\n|-fieldend|move: Grassy Terrain\n|upkeep\n|turn|27\n|\n|t:|1700226843\n|switch|p1a: Greninja|Greninja, M|100\/100\n|move|p2a: Slowking|Future Sight|p1a: Greninja\n|-start|p2a: Slowking|move: Future Sight\n|\n|-weather|Snow|[upkeep]\n|upkeep\n|turn|28\n|inactive|Jinbishanshanshan has 120 seconds left.\n|\n|t:|1700226889\n|move|p1a: Greninja|Dark Pulse|p2a: Slowking\n|-supereffective|p2a: Slowking\n|-damage|p2a: Slowking|9\/100\n|move|p2a: Slowking|Sludge Bomb|p1a: Greninja\n|-damage|p1a: Greninja|49\/100\n|\n|-weather|none\n|upkeep\n|turn|29\n|\n|t:|1700226900\n|move|p1a: Greninja|Dark Pulse|p2a: Slowking\n|-supereffective|p2a: Slowking\n|-damage|p2a: Slowking|0 fnt\n|faint|p2a: Slowking\n|\n|-end|p1a: Greninja|move: Future Sight\n|-immune|p1a: Greninja\n|upkeep\n|\n|t:|1700226913\n|switch|p2a: Rillaboom|Rillaboom, F, tera:Grass|5\/100 tox\n|-fieldstart|move: Grassy Terrain|[from] ability: Grassy Surge|[of] p2a: Rillaboom\n|turn|30\n|\n|t:|1700226923\n|switch|p1a: Rillaboom|Rillaboom, F|32\/100 par\n|move|p2a: Rillaboom|Grassy Glide|p1a: Rillaboom\n|-resisted|p1a: Rillaboom\n|-damage|p1a: Rillaboom|0 fnt\n|faint|p1a: Rillaboom\n|\n|-heal|p2a: Rillaboom|11\/100 tox|[from] Grassy Terrain\n|-damage|p2a: Rillaboom|5\/100 tox|[from] psn\n|upkeep\n|\n|t:|1700226930\n|switch|p1a: Gliscor|Gliscor, F|87\/100 tox\n|turn|31\n|\n|t:|1700226942\n|switch|p2a: Thundurus|Thundurus-Therian, M|100\/100\n|move|p1a: Gliscor|Roost|p1a: Gliscor\n|-heal|p1a: Gliscor|100\/100 tox\n|-singleturn|p1a: Gliscor|move: Roost\n|\n|upkeep\n|turn|32\n|\n|t:|1700226947\n|move|p2a: Thundurus|Hidden Power|p1a: Gliscor\n|-supereffective|p1a: Gliscor\n|-damage|p1a: Gliscor|0 fnt\n|faint|p1a: Gliscor\n|\n|upkeep\n|\n|t:|1700226951\n|switch|p1a: Greninja|Greninja, M|49\/100\n|turn|33\n|inactive|Jinbishanshanshan has 120 seconds left.\n|\n|t:|1700226967\n|switch|p2a: Urshifu|Urshifu-Rapid-Strike, F|12\/100 tox\n|move|p1a: Greninja|Ice Beam|p2a: Urshifu\n|-resisted|p2a: Urshifu\n|-damage|p2a: Urshifu|0 fnt\n|faint|p2a: Urshifu\n|\n|-heal|p1a: Greninja|55\/100|[from] Grassy Terrain\n|upkeep\n|inactive|Jinbishanshanshan has 120 seconds left.\n|\n|t:|1700226973\n|switch|p2a: Thundurus|Thundurus-Therian, M|100\/100\n|turn|34\n|\n|t:|1700226977\n|move|p2a: Thundurus|Thunderbolt|p1a: Greninja\n|-supereffective|p1a: Greninja\n|-damage|p1a: Greninja|0 fnt\n|faint|p1a: Greninja\n|\n|win|Jinbishanshanshan\n|raw|gshaogshao's rating: 1505 &rarr; <strong>1487<\/strong><br \/>(-18 for losing)\n|raw|Jinbishanshanshan's rating: 1545 &rarr; <strong>1563<\/strong><br \/>(+18 for winning)\n|l|\u2606gshaogshao\n|c|\u2606Jinbishanshanshan|gg\n","uploadtime":1700226996,"views":5,"p1id":"gshaogshao","p2id":"jinbishanshanshan","formatid":"gen9nationaldex","rating":1487,"private":0,"password":""}