{"id":"gen9nationaldex-1999641093","p1":"khoi_3210","p2":"miserious","format":"[Gen 9] National Dex","log":"|html|<div class=\"broadcast-blue\"><strong>[Gen 9] National Dex is currently suspecting Sneasler! For information on how to participate check out the <a href=\"https:\/\/www.smogon.com\/forums\/threads\/sv-national-dex-suspect-8-just-dance.3731534\/\">suspect thread<\/a>.<\/strong><\/div>\n|j|\u2606khoi_3210\n|j|\u2606miserious\n|t:|1701103747\n|gametype|singles\n|player|p1|khoi_3210|clerkf|1335\n|player|p2|miserious|265|1410\n|teamsize|p1|6\n|teamsize|p2|6\n|gen|9\n|tier|[Gen 9] National Dex\n|rated|\n|rule|HP Percentage Mod: HP is shown in percentages\n|rule|Endless Battle Clause: Forcing endless battles is banned\n|rule|OHKO Clause: OHKO moves are banned\n|rule|Evasion Clause: Evasion abilities, items, and moves are banned\n|rule|Evasion Abilities Clause: Evasion abilities are banned\n|rule|Evasion Items Clause: Evasion items are banned\n|rule|Evasion Moves Clause: Evasion moves are banned\n|rule|Species Clause: Limit one of each Pok\u00e9mon\n|rule|Sleep Clause Mod: Limit one foe put to sleep\n|clearpoke\n|poke|p1|Gallade, M|\n|poke|p1|Ninetales-Alola, F|\n|poke|p1|Cinderace, M|\n|poke|p1|Zapdos|\n|poke|p1|Greninja-*, M|\n|poke|p1|Ferrothorn, M|\n|poke|p2|Barraskewda, F|\n|poke|p2|Pelipper, M|\n|poke|p2|Corviknight, M|\n|poke|p2|Azumarill, F|\n|poke|p2|Charizard, M|\n|poke|p2|Chansey, F|\n|teampreview\n|inactive|Battle timer is ON: inactive players will automatically lose when time's up. (requested by miserious)\n|inactive|khoi_3210 also wants the timer to be on.\n|\n|t:|1701103763\n|start\n|switch|p1a: Shiny?|Zapdos, shiny|100\/100\n|switch|p2a: Azumarill|Azumarill, F|100\/100\n|turn|1\n|\n|t:|1701103771\n|move|p2a: Azumarill|Protect|p2a: Azumarill\n|-singleturn|p2a: Azumarill|Protect\n|move|p1a: Shiny?|Thunder|p2a: Azumarill\n|-activate|p2a: Azumarill|move: Protect\n|\n|upkeep\n|turn|2\n|\n|t:|1701103776\n|switch|p2a: Chansey|Chansey, F|100\/100\n|move|p1a: Shiny?|Thunder|p2a: Chansey\n|-damage|p2a: Chansey|82\/100\n|-status|p2a: Chansey|par\n|\n|upkeep\n|turn|3\n|\n|t:|1701103781\n|switch|p1a: Ferrothorn|Ferrothorn, M|100\/100\n|move|p2a: Chansey|Teleport|p2a: Chansey\n|\n|t:|1701103784\n|-curestatus|p2a: Chansey|par|[from] ability: Natural Cure\n|switch|p2a: Azumarill|Azumarill, F|100\/100|[from] Teleport\n|\n|upkeep\n|turn|4\n|\n|t:|1701103787\n|move|p2a: Azumarill|Whirlpool|p1a: Ferrothorn\n|-resisted|p1a: Ferrothorn\n|-damage|p1a: Ferrothorn|97\/100\n|-activate|p1a: Ferrothorn|move: Whirlpool|[of] p2a: Azumarill\n|move|p1a: Ferrothorn|Leech Seed|p2a: Azumarill\n|-ability|p2a: Azumarill|Sap Sipper|boost\n|-boost|p2a: Azumarill|atk|1\n|\n|-heal|p1a: Ferrothorn|100\/100|[from] item: Leftovers\n|-damage|p1a: Ferrothorn|88\/100|[from] move: Whirlpool|[partiallytrapped]\n|upkeep\n|turn|5\n|\n|t:|1701103796\n|move|p2a: Azumarill|Perish Song|p2a: Azumarill\n|-start|p1a: Ferrothorn|perish3|[silent]\n|-start|p2a: Azumarill|perish3|[silent]\n|-fieldactivate|move: Perish Song\n|move|p1a: Ferrothorn|Gyro Ball|p2a: Azumarill\n|-damage|p2a: Azumarill|80\/100\n|\n|-heal|p2a: Azumarill|86\/100|[from] item: Leftovers\n|-heal|p1a: Ferrothorn|94\/100|[from] item: Leftovers\n|-damage|p1a: Ferrothorn|82\/100|[from] move: Whirlpool|[partiallytrapped]\n|-start|p2a: Azumarill|perish3\n|-start|p1a: Ferrothorn|perish3\n|upkeep\n|turn|6\n|\n|t:|1701103805\n|move|p2a: Azumarill|Protect|p2a: Azumarill\n|-singleturn|p2a: Azumarill|Protect\n|move|p1a: Ferrothorn|Gyro Ball|p2a: Azumarill\n|-activate|p2a: Azumarill|move: Protect\n|\n|-heal|p2a: Azumarill|92\/100|[from] item: Leftovers\n|-heal|p1a: Ferrothorn|88\/100|[from] item: Leftovers\n|-damage|p1a: Ferrothorn|76\/100|[from] move: Whirlpool|[partiallytrapped]\n|-start|p2a: Azumarill|perish2\n|-start|p1a: Ferrothorn|perish2\n|upkeep\n|turn|7\n|\n|t:|1701103808\n|move|p2a: Azumarill|Protect||[still]\n|-fail|p2a: Azumarill\n|move|p1a: Ferrothorn|Gyro Ball|p2a: Azumarill\n|-damage|p2a: Azumarill|73\/100\n|\n|-heal|p2a: Azumarill|79\/100|[from] item: Leftovers\n|-heal|p1a: Ferrothorn|82\/100|[from] item: Leftovers\n|-damage|p1a: Ferrothorn|69\/100|[from] move: Whirlpool|[partiallytrapped]\n|-start|p2a: Azumarill|perish1\n|-start|p1a: Ferrothorn|perish1\n|upkeep\n|turn|8\n|\n|t:|1701103813\n|switch|p2a: Corviknight|Corviknight, M|100\/100\n|-ability|p2a: Corviknight|Pressure\n|move|p1a: Ferrothorn|Gyro Ball|p2a: Corviknight\n|-resisted|p2a: Corviknight\n|-damage|p2a: Corviknight|90\/100\n|-damage|p1a: Ferrothorn|53\/100|[from] item: Rocky Helmet|[of] p2a: Corviknight\n|\n|-heal|p1a: Ferrothorn|59\/100|[from] item: Leftovers\n|-end|p1a: Ferrothorn|Whirlpool|[partiallytrapped]\n|-start|p1a: Ferrothorn|perish0\n|upkeep\n|faint|p1a: Ferrothorn\n|\n|t:|1701103822\n|switch|p1a: Shiny?|Zapdos, shiny|100\/100\n|turn|9\n|\n|t:|1701103827\n|switch|p2a: Chansey|Chansey, F|82\/100\n|move|p1a: Shiny?|Thunder|p2a: Chansey\n|-damage|p2a: Chansey|63\/100\n|\n|upkeep\n|turn|10\n|\n|t:|1701103834\n|move|p1a: Shiny?|Thunder|p2a: Chansey\n|-damage|p2a: Chansey|43\/100\n|move|p2a: Chansey|Soft-Boiled|p2a: Chansey\n|-heal|p2a: Chansey|93\/100\n|\n|upkeep\n|turn|11\n|\n|t:|1701103861\n|move|p1a: Shiny?|Thunder|p2a: Chansey\n|-damage|p2a: Chansey|75\/100\n|-status|p2a: Chansey|par\n|move|p2a: Chansey|Teleport|p2a: Chansey\n|\n|t:|1701103872\n|-curestatus|p2a: Chansey|par|[from] ability: Natural Cure\n|switch|p2a: Charizard|Charizard, M|100\/100|[from] Teleport\n|\n|upkeep\n|turn|12\n|\n|t:|1701103875\n|detailschange|p2a: Charizard|Charizard-Mega-X, M\n|-mega|p2a: Charizard|Charizard|Charizardite X\n|move|p2a: Charizard|Dragon Dance|p2a: Charizard\n|-boost|p2a: Charizard|atk|1\n|-boost|p2a: Charizard|spe|1\n|-zpower|p1a: Shiny?\n|move|p1a: Shiny?|Gigavolt Havoc|p2a: Charizard|[zeffect]\n|-resisted|p2a: Charizard\n|-damage|p2a: Charizard|28\/100\n|\n|upkeep\n|turn|13\n|\n|t:|1701103887\n|move|p2a: Charizard|Flare Blitz|p1a: Shiny?\n|-crit|p1a: Shiny?\n|-damage|p1a: Shiny?|0 fnt\n|faint|p1a: Shiny?\n|-damage|p2a: Charizard|0 fnt|[from] Recoil\n|faint|p2a: Charizard\n|\n|upkeep\n|\n|t:|1701103892\n|switch|p2a: Barraskewda|Barraskewda, F|100\/100\n|switch|p1a: Ninetales|Ninetales-Alola, F|100\/100\n|-weather|Snow|[from] ability: Snow Warning|[of] p1a: Ninetales\n|turn|14\n|\n|t:|1701103897\n|-terastallize|p2a: Barraskewda|Water\n|move|p2a: Barraskewda|Flip Turn|p1a: Ninetales\n|-damage|p1a: Ninetales|42\/100\n|\n|t:|1701103900\n|switch|p2a: Pelipper|Pelipper, M|100\/100|[from] Flip Turn\n|-weather|RainDance|[from] ability: Drizzle|[of] p2a: Pelipper\n|move|p1a: Ninetales|Blizzard|p2a: Pelipper\n|-damage|p2a: Pelipper|35\/100\n|\n|-weather|RainDance|[upkeep]\n|upkeep\n|turn|15\n|\n|t:|1701103908\n|switch|p1a: Greninja|Greninja, M|100\/100\n|move|p2a: Pelipper|Hurricane|p1a: Greninja\n|-damage|p1a: Greninja|26\/100\n|\n|-weather|RainDance|[upkeep]\n|upkeep\n|turn|16\n|\n|t:|1701103913\n|switch|p2a: Chansey|Chansey, F|75\/100\n|move|p1a: Greninja|Blizzard|p2a: Chansey\n|-damage|p2a: Chansey|66\/100\n|\n|-weather|RainDance|[upkeep]\n|upkeep\n|turn|17\n|\n|t:|1701103920\n|move|p1a: Greninja|Water Shuriken|p2a: Chansey\n|-damage|p2a: Chansey|63\/100\n|-damage|p2a: Chansey|59\/100\n|-damage|p2a: Chansey|56\/100\n|-damage|p2a: Chansey|52\/100\n|-damage|p2a: Chansey|49\/100\n|-hitcount|p2a: Chansey|5\n|move|p2a: Chansey|Teleport|p2a: Chansey\n|\n|t:|1701103923\n|switch|p2a: Barraskewda|Barraskewda, F, tera:Water|100\/100|[from] Teleport\n|\n|-weather|RainDance|[upkeep]\n|upkeep\n|turn|18\n|\n|t:|1701103928\n|move|p2a: Barraskewda|Flip Turn|p1a: Greninja\n|-resisted|p1a: Greninja\n|-damage|p1a: Greninja|0 fnt\n|faint|p1a: Greninja\n|\n|t:|1701103934\n|switch|p2a: Corviknight|Corviknight, M|90\/100|[from] Flip Turn\n|-ability|p2a: Corviknight|Pressure\n|\n|-weather|none\n|upkeep\n|\n|t:|1701103937\n|switch|p1a: Cinderace|Cinderace, M|100\/100\n|turn|19\n|\n|t:|1701103941\n|switch|p2a: Pelipper|Pelipper, M|35\/100\n|-weather|RainDance|[from] ability: Drizzle|[of] p2a: Pelipper\n|move|p1a: Cinderace|Pyro Ball|p2a: Pelipper|[miss]\n|-miss|p1a: Cinderace|p2a: Pelipper\n|\n|-weather|RainDance|[upkeep]\n|upkeep\n|turn|20\n|\n|t:|1701103949\n|switch|p1a: Ninetales|Ninetales-Alola, F|42\/100\n|-weather|Snow|[from] ability: Snow Warning|[of] p1a: Ninetales\n|move|p2a: Pelipper|Hurricane|p1a: Ninetales\n|-damage|p1a: Ninetales|0 fnt\n|faint|p1a: Ninetales\n|\n|-weather|Snow|[upkeep]\n|upkeep\n|\n|t:|1701103955\n|switch|p1a: Ace|Gallade, M|100\/100\n|turn|21\n|\n|t:|1701103959\n|switch|p2a: Corviknight|Corviknight, M|90\/100\n|-ability|p2a: Corviknight|Pressure\n|detailschange|p1a: Ace|Gallade-Mega, M\n|-mega|p1a: Ace|Gallade|Galladite\n|move|p1a: Ace|Swords Dance|p1a: Ace\n|-boost|p1a: Ace|atk|2\n|\n|-weather|Snow|[upkeep]\n|upkeep\n|turn|22\n|\n|t:|1701103964\n|move|p1a: Ace|Knock Off|p2a: Corviknight\n|-damage|p2a: Corviknight|42\/100\n|-damage|p1a: Ace|84\/100|[from] item: Rocky Helmet|[of] p2a: Corviknight\n|-enditem|p2a: Corviknight|Rocky Helmet|[from] move: Knock Off|[of] p1a: Ace\n|move|p2a: Corviknight|U-turn|p1a: Ace\n|-damage|p1a: Ace|66\/100\n|\n|t:|1701103967\n|switch|p2a: Pelipper|Pelipper, M|35\/100|[from] U-turn\n|-weather|RainDance|[from] ability: Drizzle|[of] p2a: Pelipper\n|\n|-weather|RainDance|[upkeep]\n|upkeep\n|turn|23\n|\n|t:|1701103971\n|move|p2a: Pelipper|Hurricane|p1a: Ace\n|-supereffective|p1a: Ace\n|-damage|p1a: Ace|0 fnt\n|faint|p1a: Ace\n|\n|-weather|RainDance|[upkeep]\n|upkeep\n|-message|khoi_3210 forfeited.\n|\n|win|miserious\n|raw|khoi_3210's rating: 1335 &rarr; <strong>1319<\/strong><br \/>(-16 for losing)\n|raw|miserious's rating: 1410 &rarr; <strong>1426<\/strong><br \/>(+16 for winning)\n|l|\u2606khoi_3210\n|c|\u2606miserious|gg\n","uploadtime":1701103984,"views":12,"p1id":"khoi3210","p2id":"miserious","formatid":"gen9nationaldex","rating":1319,"private":0,"password":""}