{"id":"gen9nationaldex-1991751214","p1":"TullAndTheArrow","p2":"SaltyOnionSalad","format":"[Gen 9] National Dex","log":"|j|\u2606TullAndTheArrow\n|j|\u2606SaltyOnionSalad\n|t:|1700111023\n|gametype|singles\n|player|p1|TullAndTheArrow|265|1000\n|player|p2|SaltyOnionSalad|whitney|1029\n|teamsize|p1|6\n|teamsize|p2|6\n|gen|9\n|tier|[Gen 9] National Dex\n|rated|\n|rule|HP Percentage Mod: HP is shown in percentages\n|rule|Endless Battle Clause: Forcing endless battles is banned\n|rule|OHKO Clause: OHKO moves are banned\n|rule|Evasion Clause: Evasion abilities, items, and moves are banned\n|rule|Evasion Abilities Clause: Evasion abilities are banned\n|rule|Evasion Items Clause: Evasion items are banned\n|rule|Evasion Moves Clause: Evasion moves are banned\n|rule|Species Clause: Limit one of each Pok\u00e9mon\n|rule|Sleep Clause Mod: Limit one foe put to sleep\n|clearpoke\n|poke|p1|Darmanitan, M|\n|poke|p1|Ferrothorn, F|\n|poke|p1|Samurott-Hisui, M|\n|poke|p1|Tapu Lele|\n|poke|p1|Tornadus-Therian, M|\n|poke|p1|Toxapex, F|\n|poke|p2|Clefable, F|\n|poke|p2|Miltank, F|\n|poke|p2|Farigiraf, F|\n|poke|p2|Delcatty, F|\n|poke|p2|Sawsbuck-Winter, F|\n|poke|p2|Oinkologne-F, F|\n|teampreview\n|\n|t:|1700111030\n|start\n|switch|p1a: Ferrothorn|Ferrothorn, F|100\/100\n|switch|p2a: Delcatty|Delcatty, F|100\/100\n|turn|1\n|\n|t:|1700111040\n|switch|p2a: Clefable|Clefable, F|100\/100\n|move|p1a: Ferrothorn|Toxic|p2a: Clefable\n|-status|p2a: Clefable|tox\n|\n|-damage|p2a: Clefable|94\/100 tox|[from] psn\n|upkeep\n|turn|2\n|\n|t:|1700111049\n|move|p1a: Ferrothorn|Protect|p1a: Ferrothorn\n|-singleturn|p1a: Ferrothorn|Protect\n|move|p2a: Clefable|Trick|p1a: Ferrothorn\n|-activate|p1a: Ferrothorn|move: Protect\n|\n|-damage|p2a: Clefable|82\/100 tox|[from] psn\n|upkeep\n|turn|3\n|\n|t:|1700111064\n|move|p2a: Clefable|Trick|p1a: Ferrothorn\n|-activate|p2a: Clefable|move: Trick|[of] p1a: Ferrothorn\n|-item|p1a: Ferrothorn|Choice Scarf|[from] move: Trick\n|-item|p2a: Clefable|Leftovers|[from] move: Trick\n|move|p1a: Ferrothorn|Leech Seed|p2a: Clefable\n|-start|p2a: Clefable|move: Leech Seed\n|\n|-heal|p2a: Clefable|88\/100 tox|[from] item: Leftovers\n|-damage|p2a: Clefable|76\/100 tox|[from] Leech Seed|[of] p1a: Ferrothorn\n|-damage|p2a: Clefable|58\/100 tox|[from] psn\n|upkeep\n|turn|4\n|\n|t:|1700111078\n|switch|p1a: Samurott|Samurott-Hisui, M|100\/100\n|move|p2a: Clefable|Flamethrower|p1a: Samurott\n|-resisted|p1a: Samurott\n|-damage|p1a: Samurott|85\/100\n|\n|-heal|p2a: Clefable|64\/100 tox|[from] item: Leftovers\n|-damage|p2a: Clefable|52\/100 tox|[from] Leech Seed|[of] p1a: Samurott\n|-heal|p1a: Samurott|98\/100|[silent]\n|-damage|p2a: Clefable|28\/100 tox|[from] psn\n|upkeep\n|turn|5\n|\n|t:|1700111093\n|switch|p2a: Sawsbuck|Sawsbuck-Winter, F|100\/100\n|move|p1a: Samurott|Swords Dance|p1a: Samurott\n|-boost|p1a: Samurott|atk|2\n|\n|upkeep\n|turn|6\n|\n|t:|1700111103\n|-terastallize|p2a: Sawsbuck|Water\n|move|p1a: Samurott|Ceaseless Edge|p2a: Sawsbuck\n|-damage|p2a: Sawsbuck|0 fnt\n|-sidestart|p2: SaltyOnionSalad|Spikes\n|faint|p2a: Sawsbuck\n|\n|upkeep\n|\n|t:|1700111109\n|switch|p2a: Oinkologne|Oinkologne-F, F|100\/100\n|-damage|p2a: Oinkologne|88\/100|[from] Spikes\n|turn|7\n|\n|t:|1700111116\n|-terastallize|p1a: Samurott|Water\n|move|p1a: Samurott|Ceaseless Edge|p2a: Oinkologne\n|-damage|p2a: Oinkologne|16\/100\n|-sidestart|p2: SaltyOnionSalad|Spikes\n|move|p2a: Oinkologne|Yawn|p1a: Samurott\n|-start|p1a: Samurott|move: Yawn|[of] p2a: Oinkologne\n|\n|-heal|p2a: Oinkologne|22\/100|[from] item: Leftovers\n|upkeep\n|turn|8\n|\n|t:|1700111139\n|switch|p2a: Miltank|Miltank, F|100\/100\n|-damage|p2a: Miltank|84\/100|[from] Spikes\n|move|p1a: Samurott|Razor Shell|p2a: Miltank\n|-damage|p2a: Miltank|0 fnt\n|faint|p2a: Miltank\n|\n|-end|p1a: Samurott|move: Yawn|[silent]\n|-status|p1a: Samurott|slp\n|upkeep\n|\n|t:|1700111148\n|switch|p2a: Clefable|Clefable, F|28\/100 tox\n|-damage|p2a: Clefable|11\/100 tox|[from] Spikes\n|turn|9\n|\n|t:|1700111153\n|switch|p1a: Tapu Lele|Tapu Lele|100\/100\n|-fieldstart|move: Psychic Terrain|[from] ability: Psychic Surge|[of] p1a: Tapu Lele\n|move|p2a: Clefable|Healing Wish|p2a: Clefable\n|faint|p2a: Clefable\n|\n|upkeep\n|\n|t:|1700111158\n|switch|p2a: Oinkologne|Oinkologne-F, F|22\/100\n|-heal|p2a: Oinkologne|100\/100|[from] move: Healing Wish\n|-damage|p2a: Oinkologne|84\/100|[from] Spikes\n|turn|10\n|\n|t:|1700111174\n|move|p1a: Tapu Lele|Psyshock|p2a: Oinkologne\n|-damage|p2a: Oinkologne|45\/100\n|move|p2a: Oinkologne|Yawn|p1a: Tapu Lele\n|-start|p1a: Tapu Lele|move: Yawn|[of] p2a: Oinkologne\n|\n|-heal|p2a: Oinkologne|51\/100|[from] item: Leftovers\n|upkeep\n|turn|11\n|\n|t:|1700111205\n|move|p1a: Tapu Lele|Psyshock|p2a: Oinkologne\n|-damage|p2a: Oinkologne|8\/100\n|move|p2a: Oinkologne|Super Fang|p1a: Tapu Lele\n|-damage|p1a: Tapu Lele|50\/100\n|\n|-heal|p1a: Tapu Lele|57\/100|[from] item: Leftovers\n|-heal|p2a: Oinkologne|14\/100|[from] item: Leftovers\n|-end|p1a: Tapu Lele|move: Yawn|[silent]\n|-message|Sleep Clause Mod activated.\n|-hint|Sleep Clause Mod prevents players from putting more than one of their opponent's Pok\u00e9mon to sleep at a time\n|upkeep\n|turn|12\n|\n|t:|1700111217\n|move|p1a: Tapu Lele|Psyshock|p2a: Oinkologne\n|-damage|p2a: Oinkologne|0 fnt\n|faint|p2a: Oinkologne\n|\n|-heal|p1a: Tapu Lele|63\/100|[from] item: Leftovers\n|upkeep\n|\n|t:|1700111224\n|switch|p2a: Farigiraf|Farigiraf, F|100\/100\n|-damage|p2a: Farigiraf|84\/100|[from] Spikes\n|turn|13\n|\n|t:|1700111231\n|move|p1a: Tapu Lele|Calm Mind|p1a: Tapu Lele\n|-boost|p1a: Tapu Lele|spa|1\n|-boost|p1a: Tapu Lele|spd|1\n|move|p2a: Farigiraf|Psychic|p1a: Tapu Lele\n|-resisted|p1a: Tapu Lele\n|-damage|p1a: Tapu Lele|40\/100\n|-unboost|p1a: Tapu Lele|spd|1\n|\n|-heal|p1a: Tapu Lele|46\/100|[from] item: Leftovers\n|-fieldend|move: Psychic Terrain\n|upkeep\n|turn|14\n|-message|SaltyOnionSalad forfeited.\n|\n|win|TullAndTheArrow\n|raw|TullAndTheArrow's rating: 1000 &rarr; <strong>1043<\/strong><br \/>(+43 for winning)\n|raw|SaltyOnionSalad's rating: 1029 &rarr; <strong>1013<\/strong><br \/>(-16 for losing)\n|l|\u2606SaltyOnionSalad\n","uploadtime":1700111253,"views":18,"p1id":"tullandthearrow","p2id":"saltyonionsalad","formatid":"gen9nationaldex","rating":1013,"private":0,"password":""}