{"id":"gen9nationaldex-1989728380","p1":"jayemfr","p2":"plague070","format":"[Gen 9] National Dex","log":"|j|\u2606jayemfr\n|j|\u2606plague070\n|t:|1699890650\n|gametype|singles\n|player|p1|jayemfr|shadowtriad|\n|player|p2|plague070|allister|\n|teamsize|p1|6\n|teamsize|p2|6\n|gen|9\n|tier|[Gen 9] National Dex\n|rule|HP Percentage Mod: HP is shown in percentages\n|rule|Endless Battle Clause: Forcing endless battles is banned\n|rule|OHKO Clause: OHKO moves are banned\n|rule|Evasion Clause: Evasion abilities, items, and moves are banned\n|rule|Evasion Abilities Clause: Evasion abilities are banned\n|rule|Evasion Items Clause: Evasion items are banned\n|rule|Evasion Moves Clause: Evasion moves are banned\n|rule|Species Clause: Limit one of each Pok\u00e9mon\n|rule|Sleep Clause Mod: Limit one foe put to sleep\n|clearpoke\n|poke|p1|Samurott-Hisui, M|\n|poke|p1|Landorus-Therian, M|\n|poke|p1|Dragonite, F|\n|poke|p1|Charizard, F|\n|poke|p1|Aegislash, M|\n|poke|p1|Gastrodon, F|\n|poke|p2|Blacephalon|\n|poke|p2|Tapu Lele|\n|poke|p2|Gliscor, F|\n|poke|p2|Hatterene, F|\n|poke|p2|Kyurem|\n|poke|p2|Buzzwole|\n|teampreview\n|\n|t:|1699890662\n|start\n|switch|p1a: Chari|Charizard, F, shiny|100\/100\n|switch|p2a: Gliscor|Gliscor, F|100\/100\n|turn|1\n|\n|t:|1699890673\n|detailschange|p1a: Chari|Charizard-Mega-Y, F, shiny\n|-mega|p1a: Chari|Charizard|Charizardite Y\n|-weather|SunnyDay|[from] ability: Drought|[of] p1a: Chari\n|move|p2a: Gliscor|Toxic|p1a: Chari|[miss]\n|-miss|p2a: Gliscor|p1a: Chari\n|move|p1a: Chari|Solar Beam||[still]\n|-prepare|p1a: Chari|Solar Beam\n|-anim|p1a: Chari|Solar Beam|p2a: Gliscor\n|-damage|p2a: Gliscor|35\/100\n|\n|-weather|SunnyDay|[upkeep]\n|-status|p2a: Gliscor|tox|[from] item: Toxic Orb\n|upkeep\n|turn|2\n|\n|t:|1699890706\n|move|p2a: Gliscor|Roost|p2a: Gliscor\n|-heal|p2a: Gliscor|85\/100 tox\n|-singleturn|p2a: Gliscor|move: Roost\n|move|p1a: Chari|Fire Blast|p2a: Gliscor\n|-damage|p2a: Gliscor|0 fnt\n|faint|p2a: Gliscor\n|\n|-weather|SunnyDay|[upkeep]\n|upkeep\n|\n|t:|1699890714\n|switch|p2a: Tapu Lele|Tapu Lele|100\/100\n|-fieldstart|move: Psychic Terrain|[from] ability: Psychic Surge|[of] p2a: Tapu Lele\n|turn|3\n|\n|t:|1699890723\n|move|p2a: Tapu Lele|Psychic|p1a: Chari\n|-damage|p1a: Chari|48\/100\n|move|p1a: Chari|Fire Blast|p2a: Tapu Lele\n|-damage|p2a: Tapu Lele|0 fnt\n|faint|p2a: Tapu Lele\n|\n|-weather|SunnyDay|[upkeep]\n|upkeep\n|\n|t:|1699890732\n|switch|p2a: Blacephalon|Blacephalon|100\/100\n|turn|4\n|\n|t:|1699890737\n|move|p2a: Blacephalon|Shadow Ball|p1a: Chari\n|-damage|p1a: Chari|11\/100\n|move|p1a: Chari|Scorching Sands|p2a: Blacephalon\n|-supereffective|p2a: Blacephalon\n|-damage|p2a: Blacephalon|3\/100\n|\n|-weather|SunnyDay|[upkeep]\n|upkeep\n|turn|5\n|\n|t:|1699890750\n|move|p2a: Blacephalon|Shadow Ball|p1a: Chari\n|-damage|p1a: Chari|0 fnt\n|faint|p1a: Chari\n|-ability|p2a: Blacephalon|Beast Boost|boost\n|-boost|p2a: Blacephalon|spa|1\n|\n|-weather|none\n|upkeep\n|\n|t:|1699890760\n|switch|p1a: Musashi|Samurott-Hisui, M, shiny|100\/100\n|turn|6\n|\n|t:|1699890767\n|switch|p2a: Buzzwole|Buzzwole|100\/100\n|move|p1a: Musashi|Razor Shell|p2a: Buzzwole\n|-damage|p2a: Buzzwole|77\/100\n|\n|upkeep\n|turn|7\n|\n|t:|1699890777\n|switch|p1a: Excal|Aegislash, M, shiny|100\/100\n|move|p2a: Buzzwole|Bulk Up|p2a: Buzzwole\n|-boost|p2a: Buzzwole|atk|1\n|-boost|p2a: Buzzwole|def|1\n|\n|-fieldend|move: Psychic Terrain\n|upkeep\n|turn|8\n|\n|t:|1699890786\n|move|p2a: Buzzwole|Ice Punch|p1a: Excal\n|-resisted|p1a: Excal\n|-damage|p1a: Excal|88\/100\n|-status|p1a: Excal|frz\n|cant|p1a: Excal|frz\n|\n|upkeep\n|turn|9\n|\n|t:|1699890793\n|move|p2a: Buzzwole|Bulk Up|p2a: Buzzwole\n|-boost|p2a: Buzzwole|atk|1\n|-boost|p2a: Buzzwole|def|1\n|cant|p1a: Excal|frz\n|\n|upkeep\n|turn|10\n|\n|t:|1699890796\n|move|p2a: Buzzwole|Bulk Up|p2a: Buzzwole\n|-boost|p2a: Buzzwole|atk|1\n|-boost|p2a: Buzzwole|def|1\n|cant|p1a: Excal|frz\n|\n|upkeep\n|turn|11\n|\n|t:|1699890799\n|move|p2a: Buzzwole|Ice Punch|p1a: Excal\n|-resisted|p1a: Excal\n|-damage|p1a: Excal|63\/100 frz\n|cant|p1a: Excal|frz\n|\n|upkeep\n|turn|12\n|\n|t:|1699890803\n|move|p2a: Buzzwole|Ice Punch|p1a: Excal\n|-resisted|p1a: Excal\n|-damage|p1a: Excal|43\/100 frz\n|-enditem|p1a: Excal|Sitrus Berry|[eat]\n|-heal|p1a: Excal|68\/100 frz|[from] item: Sitrus Berry\n|cant|p1a: Excal|frz\n|\n|upkeep\n|turn|13\n|\n|t:|1699890807\n|move|p2a: Buzzwole|Ice Punch|p1a: Excal\n|-resisted|p1a: Excal\n|-damage|p1a: Excal|46\/100 frz\n|cant|p1a: Excal|frz\n|\n|upkeep\n|turn|14\n|\n|t:|1699890811\n|move|p2a: Buzzwole|Ice Punch|p1a: Excal\n|-resisted|p1a: Excal\n|-damage|p1a: Excal|22\/100 frz\n|cant|p1a: Excal|frz\n|\n|upkeep\n|turn|15\n|\n|t:|1699890817\n|move|p2a: Buzzwole|Ice Punch|p1a: Excal\n|-resisted|p1a: Excal\n|-damage|p1a: Excal|1\/100 frz\n|cant|p1a: Excal|frz\n|\n|upkeep\n|turn|16\n|\n|t:|1699890823\n|move|p2a: Buzzwole|Ice Punch|p1a: Excal\n|-resisted|p1a: Excal\n|-damage|p1a: Excal|0 fnt\n|faint|p1a: Excal\n|-ability|p2a: Buzzwole|Beast Boost|boost\n|-boost|p2a: Buzzwole|def|1\n|\n|upkeep\n|\n|t:|1699890842\n|switch|p1a: GASTROWORLD|Gastrodon, F|100\/100\n|turn|17\n|\n|t:|1699890845\n|move|p2a: Buzzwole|Drain Punch|p1a: GASTROWORLD\n|-crit|p1a: GASTROWORLD\n|-damage|p1a: GASTROWORLD|7\/100\n|-heal|p2a: Buzzwole|100\/100|[from] drain|[of] p1a: GASTROWORLD\n|move|p1a: GASTROWORLD|Scald|p2a: Buzzwole\n|-damage|p2a: Buzzwole|65\/100\n|-status|p2a: Buzzwole|brn\n|\n|-heal|p1a: GASTROWORLD|13\/100|[from] item: Leftovers\n|-damage|p2a: Buzzwole|59\/100 brn|[from] brn\n|upkeep\n|turn|18\n|\n|t:|1699890853\n|move|p1a: GASTROWORLD|Protect|p1a: GASTROWORLD\n|-singleturn|p1a: GASTROWORLD|Protect\n|move|p2a: Buzzwole|Drain Punch|p1a: GASTROWORLD\n|-activate|p1a: GASTROWORLD|move: Protect\n|\n|-heal|p1a: GASTROWORLD|20\/100|[from] item: Leftovers\n|-damage|p2a: Buzzwole|53\/100 brn|[from] brn\n|upkeep\n|turn|19\n|\n|t:|1699890863\n|move|p2a: Buzzwole|Drain Punch|p1a: GASTROWORLD\n|-damage|p1a: GASTROWORLD|0 fnt\n|-heal|p2a: Buzzwole|62\/100 brn|[from] drain|[of] p1a: GASTROWORLD\n|faint|p1a: GASTROWORLD\n|-ability|p2a: Buzzwole|Beast Boost|boost\n|-boost|p2a: Buzzwole|def|1\n|\n|-damage|p2a: Buzzwole|56\/100 brn|[from] brn\n|upkeep\n|\n|t:|1699890867\n|switch|p1a: Lancey|Dragonite, F|100\/100\n|turn|20\n|\n|t:|1699890870\n|move|p1a: Lancey|Dragon Dance|p1a: Lancey\n|-boost|p1a: Lancey|atk|1\n|-boost|p1a: Lancey|spe|1\n|move|p2a: Buzzwole|Roost|p2a: Buzzwole\n|-heal|p2a: Buzzwole|100\/100 brn\n|-singleturn|p2a: Buzzwole|move: Roost\n|\n|-damage|p2a: Buzzwole|94\/100 brn|[from] brn\n|upkeep\n|turn|21\n|\n|t:|1699890877\n|move|p1a: Lancey|Dragon Dance|p1a: Lancey\n|-boost|p1a: Lancey|atk|1\n|-boost|p1a: Lancey|spe|1\n|move|p2a: Buzzwole|Ice Punch|p1a: Lancey\n|-supereffective|p1a: Lancey\n|-damage|p1a: Lancey|39\/100\n|\n|-damage|p2a: Buzzwole|88\/100 brn|[from] brn\n|upkeep\n|turn|22\n|\n|t:|1699890884\n|-terastallize|p1a: Lancey|Normal\n|move|p1a: Lancey|Extreme Speed|p2a: Buzzwole\n|-damage|p2a: Buzzwole|72\/100 brn\n|-damage|p1a: Lancey|29\/100|[from] item: Life Orb\n|move|p2a: Buzzwole|Ice Punch|p1a: Lancey\n|-damage|p1a: Lancey|0 fnt\n|faint|p1a: Lancey\n|-ability|p2a: Buzzwole|Beast Boost|boost\n|-boost|p2a: Buzzwole|def|1\n|\n|-damage|p2a: Buzzwole|66\/100 brn|[from] brn\n|upkeep\n|\n|t:|1699890892\n|switch|p1a: Senior T|Landorus-Therian, M|100\/100\n|-ability|p1a: Senior T|Intimidate|boost\n|-unboost|p2a: Buzzwole|atk|1\n|turn|23\n|\n|t:|1699890897\n|move|p1a: Senior T|Earthquake|p2a: Buzzwole\n|-resisted|p2a: Buzzwole\n|-damage|p2a: Buzzwole|63\/100 brn\n|move|p2a: Buzzwole|Ice Punch|p1a: Senior T\n|-supereffective|p1a: Senior T\n|-damage|p1a: Senior T|37\/100\n|-status|p1a: Senior T|frz\n|-damage|p2a: Buzzwole|46\/100 brn|[from] item: Rocky Helmet|[of] p1a: Senior T\n|\n|-damage|p2a: Buzzwole|40\/100 brn|[from] brn\n|upkeep\n|turn|24\n|\n|t:|1699890911\n|cant|p1a: Senior T|frz\n|move|p2a: Buzzwole|Ice Punch|p1a: Senior T\n|-supereffective|p1a: Senior T\n|-damage|p1a: Senior T|0 fnt\n|-damage|p2a: Buzzwole|23\/100 brn|[from] item: Rocky Helmet|[of] p1a: Senior T\n|faint|p1a: Senior T\n|\n|-damage|p2a: Buzzwole|17\/100 brn|[from] brn\n|upkeep\n|\n|t:|1699890920\n|switch|p1a: Musashi|Samurott-Hisui, M, shiny|100\/100\n|turn|25\n|\n|t:|1699890922\n|move|p1a: Musashi|Razor Shell|p2a: Buzzwole\n|-damage|p2a: Buzzwole|11\/100 brn\n|-unboost|p2a: Buzzwole|def|1\n|move|p2a: Buzzwole|Ice Punch|p1a: Musashi\n|-resisted|p1a: Musashi\n|-damage|p1a: Musashi|87\/100\n|-status|p1a: Musashi|frz\n|\n|-damage|p2a: Buzzwole|5\/100 brn|[from] brn\n|upkeep\n|turn|26\n|\n|t:|1699890928\n|-curestatus|p1a: Musashi|frz|[msg]\n|move|p1a: Musashi|Razor Shell|p2a: Buzzwole\n|-damage|p2a: Buzzwole|0 fnt\n|faint|p2a: Buzzwole\n|\n|upkeep\n|\n|t:|1699890932\n|switch|p2a: Kyurem|Kyurem|100\/100\n|-ability|p2a: Kyurem|Pressure\n|turn|27\n|\n|t:|1699890937\n|move|p1a: Musashi|Razor Shell|p2a: Kyurem\n|-resisted|p2a: Kyurem\n|-crit|p2a: Kyurem\n|-damage|p2a: Kyurem|64\/100\n|-unboost|p2a: Kyurem|def|1\n|move|p2a: Kyurem|Scale Shot|p1a: Musashi\n|-damage|p1a: Musashi|74\/100\n|-damage|p1a: Musashi|61\/100\n|-damage|p1a: Musashi|47\/100\n|-hitcount|p1a: Musashi|3\n|-unboost|p2a: Kyurem|def|1\n|-boost|p2a: Kyurem|spe|1\n|\n|upkeep\n|turn|28\n|\n|t:|1699890948\n|move|p1a: Musashi|Razor Shell|p2a: Kyurem\n|-resisted|p2a: Kyurem\n|-damage|p2a: Kyurem|14\/100\n|move|p2a: Kyurem|Scale Shot|p1a: Musashi\n|-damage|p1a: Musashi|33\/100\n|-damage|p1a: Musashi|20\/100\n|-hitcount|p1a: Musashi|2\n|-unboost|p2a: Kyurem|def|1\n|-boost|p2a: Kyurem|spe|1\n|\n|upkeep\n|turn|29\n|\n|t:|1699890953\n|move|p2a: Kyurem|Earth Power|p1a: Musashi\n|-damage|p1a: Musashi|0 fnt\n|faint|p1a: Musashi\n|\n|win|plague070\n","uploadtime":1699890962,"views":10,"p1id":"jayemfr","p2id":"plague070","formatid":"gen9nationaldex","rating":0,"private":0,"password":""}