{"id":"gen9nationaldex-1999299439","p1":"fldfsldfad","p2":"dontbeapussss","format":"[Gen 9] National Dex","log":"|html|<div class=\"broadcast-blue\"><strong>[Gen 9] National Dex is currently suspecting Sneasler! For information on how to participate check out the <a href=\"https:\/\/www.smogon.com\/forums\/threads\/sv-national-dex-suspect-8-just-dance.3731534\/\">suspect thread<\/a>.<\/strong><\/div>\n|j|\u2606fldfsldfad\n|j|\u2606dontbeapussss\n|t:|1701056914\n|gametype|singles\n|player|p1|fldfsldfad|265|1000\n|player|p2|dontbeapussss|102|1000\n|teamsize|p1|6\n|teamsize|p2|6\n|gen|9\n|tier|[Gen 9] National Dex\n|rated|\n|rule|HP Percentage Mod: HP is shown in percentages\n|rule|Endless Battle Clause: Forcing endless battles is banned\n|rule|OHKO Clause: OHKO moves are banned\n|rule|Evasion Clause: Evasion abilities, items, and moves are banned\n|rule|Evasion Abilities Clause: Evasion abilities are banned\n|rule|Evasion Items Clause: Evasion items are banned\n|rule|Evasion Moves Clause: Evasion moves are banned\n|rule|Species Clause: Limit one of each Pok\u00e9mon\n|rule|Sleep Clause Mod: Limit one foe put to sleep\n|clearpoke\n|poke|p1|Entei|\n|poke|p1|Spidops, M|\n|poke|p1|Torterra, F|\n|poke|p1|Haxorus, F|\n|poke|p1|Medicham, F|\n|poke|p1|Kingdra, M|\n|poke|p2|Spidops, M|\n|poke|p2|Banette, F|\n|poke|p2|Hoopa-Unbound|\n|poke|p2|Overqwil, M|\n|poke|p2|Dragonite, M|\n|poke|p2|Azumarill, F|\n|teampreview\n|\n|t:|1701056933\n|start\n|switch|p1a: Kingdra|Kingdra, M|100\/100\n|switch|p2a: Birsh|Overqwil, M, shiny|100\/100\n|-ability|p2a: Birsh|Intimidate|boost\n|-unboost|p1a: Kingdra|atk|1\n|turn|1\n|\n|t:|1701056942\n|move|p2a: Birsh|Toxic Spikes|p1a: Kingdra\n|-sidestart|p1: fldfsldfad|move: Toxic Spikes\n|move|p1a: Kingdra|Focus Energy|p1a: Kingdra\n|-start|p1a: Kingdra|move: Focus Energy\n|\n|upkeep\n|turn|2\n|\n|t:|1701056949\n|-terastallize|p2a: Birsh|Fairy\n|move|p2a: Birsh|Toxic Spikes|p1a: Kingdra\n|-sidestart|p1: fldfsldfad|move: Toxic Spikes\n|move|p1a: Kingdra|Surf|p2a: Birsh\n|-crit|p2a: Birsh\n|-damage|p2a: Birsh|0 fnt\n|faint|p2a: Birsh\n|\n|upkeep\n|\n|t:|1701056959\n|switch|p2a: Spidops|Spidops, M|100\/100\n|turn|3\n|\n|t:|1701056964\n|move|p1a: Kingdra|Surf|p2a: Spidops\n|-crit|p2a: Spidops\n|-enditem|p2a: Spidops|Focus Sash\n|-damage|p2a: Spidops|1\/100\n|move|p2a: Spidops|Sticky Web|p1a: Kingdra\n|-sidestart|p1: fldfsldfad|move: Sticky Web\n|\n|upkeep\n|turn|4\n|\n|t:|1701056972\n|move|p1a: Kingdra|Surf|p2a: Spidops\n|-crit|p2a: Spidops\n|-damage|p2a: Spidops|0 fnt\n|faint|p2a: Spidops\n|\n|upkeep\n|\n|t:|1701056979\n|switch|p2a: Hellus Mortus|Dragonite, M|100\/100\n|turn|5\n|\n|t:|1701056983\n|move|p1a: Kingdra|Ice Beam|p2a: Hellus Mortus\n|-supereffective|p2a: Hellus Mortus\n|-crit|p2a: Hellus Mortus\n|-damage|p2a: Hellus Mortus|0 fnt\n|faint|p2a: Hellus Mortus\n|\n|upkeep\n|\n|t:|1701056989\n|switch|p2a: Flower|Azumarill, F|100\/100\n|turn|6\n|\n|t:|1701056997\n|move|p1a: Kingdra|Flash Cannon|p2a: Flower\n|-crit|p2a: Flower\n|-damage|p2a: Flower|50\/100\n|move|p2a: Flower|Waterfall|p1a: Kingdra\n|-resisted|p1a: Kingdra\n|-damage|p1a: Kingdra|86\/100\n|\n|upkeep\n|turn|7\n|\n|t:|1701057005\n|move|p2a: Flower|Aqua Jet|p1a: Kingdra\n|-resisted|p1a: Kingdra\n|-damage|p1a: Kingdra|78\/100\n|move|p1a: Kingdra|Flash Cannon|p2a: Flower\n|-crit|p2a: Flower\n|-damage|p2a: Flower|0 fnt\n|faint|p2a: Flower\n|\n|upkeep\n|\n|t:|1701057015\n|switch|p2a: Banette|Banette, F|100\/100\n|turn|8\n|\n|t:|1701057019\n|detailschange|p2a: Banette|Banette-Mega, F\n|-mega|p2a: Banette|Banette|Banettite\n|move|p1a: Kingdra|Surf|p2a: Banette\n|-crit|p2a: Banette\n|-damage|p2a: Banette|2\/100\n|move|p2a: Banette|Poltergeist|p1a: Kingdra\n|-activate|p1a: Kingdra|move: Poltergeist|Scope Lens\n|-damage|p1a: Kingdra|5\/100\n|\n|upkeep\n|turn|9\n|\n|t:|1701057029\n|move|p2a: Banette|Shadow Sneak|p1a: Kingdra\n|-damage|p1a: Kingdra|0 fnt\n|faint|p1a: Kingdra\n|\n|upkeep\n|\n|t:|1701057033\n|switch|p1a: Medicham|Medicham, F|100\/100\n|-status|p1a: Medicham|tox\n|-activate|p1a: Medicham|move: Sticky Web\n|-unboost|p1a: Medicham|spe|1\n|turn|10\n|\n|t:|1701057040\n|detailschange|p1a: Medicham|Medicham-Mega, F\n|-mega|p1a: Medicham|Medicham|Medichamite\n|move|p1a: Medicham|Bullet Punch|p2a: Banette\n|-damage|p2a: Banette|0 fnt\n|faint|p2a: Banette\n|\n|-damage|p1a: Medicham|94\/100 tox|[from] psn\n|upkeep\n|\n|t:|1701057049\n|switch|p2a: Voyage|Hoopa-Unbound|100\/100\n|turn|11\n|\n|t:|1701057059\n|move|p2a: Voyage|Psychic|p1a: Medicham\n|-damage|p1a: Medicham|0 fnt\n|faint|p1a: Medicham\n|\n|upkeep\n|inactive|Battle timer is ON: inactive players will automatically lose when time's up. (requested by dontbeapussss)\n|\n|t:|1701057095\n|switch|p1a: Spidops|Spidops, M|100\/100\n|-status|p1a: Spidops|tox\n|-activate|p1a: Spidops|move: Sticky Web\n|-unboost|p1a: Spidops|spe|1\n|turn|12\n|\n|t:|1701057101\n|move|p2a: Voyage|Psychic|p1a: Spidops\n|-damage|p1a: Spidops|0 fnt\n|faint|p1a: Spidops\n|\n|upkeep\n|\n|t:|1701057109\n|switch|p1a: Haxorus|Haxorus, F|100\/100\n|-status|p1a: Haxorus|tox\n|-activate|p1a: Haxorus|move: Sticky Web\n|-unboost|p1a: Haxorus|spe|1\n|-ability|p1a: Haxorus|Mold Breaker\n|turn|13\n|\n|t:|1701057124\n|move|p2a: Voyage|Psychic|p1a: Haxorus\n|-damage|p1a: Haxorus|0 fnt\n|faint|p1a: Haxorus\n|\n|upkeep\n|\n|t:|1701057129\n|switch|p1a: Entei|Entei|100\/100\n|-status|p1a: Entei|tox\n|-activate|p1a: Entei|move: Sticky Web\n|-unboost|p1a: Entei|spe|1\n|turn|14\n|\n|t:|1701057135\n|move|p1a: Entei|Extreme Speed|p2a: Voyage\n|-damage|p2a: Voyage|41\/100\n|move|p2a: Voyage|Psychic|p1a: Entei\n|-damage|p1a: Entei|0 fnt\n|faint|p1a: Entei\n|\n|upkeep\n|\n|t:|1701057138\n|switch|p1a: Torterra|Torterra, F|100\/100\n|-status|p1a: Torterra|tox\n|-activate|p1a: Torterra|move: Sticky Web\n|-unboost|p1a: Torterra|spe|1\n|-enditem|p1a: Torterra|White Herb\n|-clearnegativeboost|p1a: Torterra|[silent]\n|turn|15\n|\n|t:|1701057153\n|move|p2a: Voyage|Psychic|p1a: Torterra\n|-damage|p1a: Torterra|0 fnt\n|faint|p1a: Torterra\n|\n|win|dontbeapussss\n|raw|fldfsldfad's rating: 1000 &rarr; <strong>1000<\/strong><br \/>(+0 for losing)\n|raw|dontbeapussss's rating: 1000 &rarr; <strong>1040<\/strong><br \/>(+40 for winning)\n","uploadtime":1701057161,"views":1,"p1id":"fldfsldfad","p2id":"dontbeapussss","formatid":"gen9nationaldex","rating":1000,"private":0,"password":""}