{"id":"gen9nationaldex-1999894627","p1":"daniel241595","p2":"Adiadimeter","format":"[Gen 9] National Dex","log":"|html|<div class=\"broadcast-blue\"><strong>[Gen 9] National Dex is currently suspecting Sneasler! For information on how to participate check out the <a href=\"https:\/\/www.smogon.com\/forums\/threads\/sv-national-dex-suspect-8-just-dance.3731534\/\">suspect thread<\/a>.<\/strong><\/div>\n|j|\u2606daniel241595\n|j|\u2606Adiadimeter\n|t:|1701127289\n|gametype|singles\n|player|p1|daniel241595|gambler|1560\n|player|p2|Adiadimeter|janitor|1500\n|teamsize|p1|6\n|teamsize|p2|6\n|gen|9\n|tier|[Gen 9] National Dex\n|rated|\n|rule|HP Percentage Mod: HP is shown in percentages\n|rule|Endless Battle Clause: Forcing endless battles is banned\n|rule|OHKO Clause: OHKO moves are banned\n|rule|Evasion Clause: Evasion abilities, items, and moves are banned\n|rule|Evasion Abilities Clause: Evasion abilities are banned\n|rule|Evasion Items Clause: Evasion items are banned\n|rule|Evasion Moves Clause: Evasion moves are banned\n|rule|Species Clause: Limit one of each Pok\u00e9mon\n|rule|Sleep Clause Mod: Limit one foe put to sleep\n|clearpoke\n|poke|p1|Arcanine, M|\n|poke|p1|Flygon, F|\n|poke|p1|Empoleon, M|\n|poke|p1|Eelektross, F|\n|poke|p1|Florges, F|\n|poke|p1|Kleavor, M|\n|poke|p2|Diancie|\n|poke|p2|Garchomp, F|\n|poke|p2|Landorus-Therian, M|\n|poke|p2|Heatran, F|\n|poke|p2|Ferrothorn, M|\n|poke|p2|Aegislash, M|\n|teampreview\n|inactive|Battle timer is ON: inactive players will automatically lose when time's up. (requested by Adiadimeter)\n|\n|t:|1701127302\n|start\n|switch|p1a: Eelektross|Eelektross, F|100\/100\n|switch|p2a: Diancie|Diancie|100\/100\n|turn|1\n|\n|t:|1701127306\n|detailschange|p2a: Diancie|Diancie-Mega\n|-mega|p2a: Diancie|Diancie|Diancite\n|move|p2a: Diancie|Moonblast|p1a: Eelektross\n|-damage|p1a: Eelektross|58\/100\n|-unboost|p1a: Eelektross|spa|1\n|move|p1a: Eelektross|Giga Drain|p2a: Diancie\n|-supereffective|p2a: Diancie\n|-damage|p2a: Diancie|48\/100\n|-heal|p1a: Eelektross|75\/100|[from] drain|[of] p2a: Diancie\n|\n|upkeep\n|turn|2\n|\n|t:|1701127313\n|move|p2a: Diancie|Moonblast|p1a: Eelektross\n|-damage|p1a: Eelektross|30\/100\n|move|p1a: Eelektross|Giga Drain|p2a: Diancie\n|-supereffective|p2a: Diancie\n|-damage|p2a: Diancie|1\/100\n|-heal|p1a: Eelektross|45\/100|[from] drain|[of] p2a: Diancie\n|\n|upkeep\n|turn|3\n|\n|t:|1701127328\n|move|p2a: Diancie|Diamond Storm|p1a: Eelektross\n|-damage|p1a: Eelektross|0 fnt\n|faint|p1a: Eelektross\n|\n|upkeep\n|\n|t:|1701127335\n|switch|p1a: Kleavor|Kleavor, M|100\/100\n|turn|4\n|\n|t:|1701127338\n|move|p1a: Kleavor|Stone Axe|p2a: Diancie\n|-damage|p2a: Diancie|0 fnt\n|-sidestart|p2: Adiadimeter|move: Stealth Rock\n|faint|p2a: Diancie\n|\n|upkeep\n|\n|t:|1701127343\n|switch|p2a: Garchomp|Garchomp, F|100\/100\n|-damage|p2a: Garchomp|94\/100|[from] Stealth Rock\n|turn|5\n|\n|t:|1701127349\n|switch|p1a: Florges|Florges, F|100\/100\n|move|p2a: Garchomp|Swords Dance|p2a: Garchomp\n|-boost|p2a: Garchomp|atk|2\n|\n|upkeep\n|turn|6\n|\n|t:|1701127355\n|move|p2a: Garchomp|Earthquake|p1a: Florges\n|-damage|p1a: Florges|15\/100\n|move|p1a: Florges|Moonblast|p2a: Garchomp\n|-supereffective|p2a: Garchomp\n|-damage|p2a: Garchomp|11\/100\n|-unboost|p2a: Garchomp|spa|1\n|\n|-heal|p1a: Florges|21\/100|[from] item: Leftovers\n|upkeep\n|turn|7\n|\n|t:|1701127361\n|move|p2a: Garchomp|Liquidation|p1a: Florges\n|-crit|p1a: Florges\n|-damage|p1a: Florges|0 fnt\n|faint|p1a: Florges\n|\n|upkeep\n|\n|t:|1701127370\n|switch|p1a: Kleavor|Kleavor, M|100\/100\n|turn|8\n|\n|t:|1701127377\n|move|p1a: Kleavor|Knock Off|p2a: Garchomp\n|-damage|p2a: Garchomp|0 fnt\n|-damage|p1a: Kleavor|88\/100|[from] ability: Rough Skin|[of] p2a: Garchomp\n|-enditem|p2a: Garchomp|Loaded Dice|[from] move: Knock Off|[of] p1a: Kleavor\n|faint|p2a: Garchomp\n|\n|upkeep\n|\n|t:|1701127382\n|switch|p2a: Landorus|Landorus-Therian, M|100\/100\n|-damage|p2a: Landorus|88\/100|[from] Stealth Rock\n|-ability|p2a: Landorus|Intimidate|boost\n|-unboost|p1a: Kleavor|atk|1\n|turn|9\n|\n|t:|1701127407\n|switch|p1a: Flygon|Flygon, F|100\/100\n|-zpower|p2a: Landorus\n|move|p2a: Landorus|Continental Crush|p1a: Flygon|[zeffect]\n|-resisted|p1a: Flygon\n|-damage|p1a: Flygon|54\/100\n|\n|upkeep\n|turn|10\n|\n|t:|1701127423\n|move|p1a: Flygon|Roost|p1a: Flygon\n|-heal|p1a: Flygon|100\/100\n|-singleturn|p1a: Flygon|move: Roost\n|move|p2a: Landorus|Knock Off|p1a: Flygon\n|-damage|p1a: Flygon|54\/100\n|-enditem|p1a: Flygon|Life Orb|[from] move: Knock Off|[of] p2a: Landorus\n|\n|upkeep\n|turn|11\n|\n|t:|1701127429\n|move|p1a: Flygon|Roost|p1a: Flygon\n|-heal|p1a: Flygon|100\/100\n|-singleturn|p1a: Flygon|move: Roost\n|move|p2a: Landorus|U-turn|p1a: Flygon\n|-damage|p1a: Flygon|61\/100\n|\n|t:|1701127432\n|switch|p2a: Aegislash|Aegislash, M|100\/100|[from] U-turn\n|-damage|p2a: Aegislash|94\/100|[from] Stealth Rock\n|\n|upkeep\n|turn|12\n|\n|t:|1701127447\n|move|p1a: Flygon|Earthquake|p2a: Aegislash\n|-supereffective|p2a: Aegislash\n|-crit|p2a: Aegislash\n|-damage|p2a: Aegislash|0 fnt\n|faint|p2a: Aegislash\n|\n|upkeep\n|\n|t:|1701127453\n|switch|p2a: Ferrothorn|Ferrothorn, M|100\/100\n|-damage|p2a: Ferrothorn|94\/100|[from] Stealth Rock\n|turn|13\n|\n|t:|1701127475\n|switch|p1a: Kleavor|Kleavor, M|88\/100\n|move|p2a: Ferrothorn|Gyro Ball|p1a: Kleavor\n|-supereffective|p1a: Kleavor\n|-damage|p1a: Kleavor|0 fnt\n|faint|p1a: Kleavor\n|\n|upkeep\n|\n|t:|1701127481\n|switch|p1a: Arcanine|Arcanine, M, shiny|100\/100\n|-ability|p1a: Arcanine|Intimidate|boost\n|-unboost|p2a: Ferrothorn|atk|1\n|turn|14\n|\n|t:|1701127488\n|-terastallize|p2a: Ferrothorn|Water\n|move|p1a: Arcanine|Close Combat|p2a: Ferrothorn\n|-damage|p2a: Ferrothorn|60\/100\n|-unboost|p1a: Arcanine|def|1\n|-unboost|p1a: Arcanine|spd|1\n|-damage|p1a: Arcanine|88\/100|[from] ability: Iron Barbs|[of] p2a: Ferrothorn\n|-damage|p1a: Arcanine|72\/100|[from] item: Rocky Helmet|[of] p2a: Ferrothorn\n|move|p2a: Ferrothorn|Leech Seed|p1a: Arcanine\n|-start|p1a: Arcanine|move: Leech Seed\n|\n|-damage|p1a: Arcanine|60\/100|[from] Leech Seed|[of] p2a: Ferrothorn\n|-heal|p2a: Ferrothorn|73\/100|[silent]\n|upkeep\n|turn|15\n|inactive|daniel241595 has 120 seconds left.\n|\n|t:|1701127517\n|switch|p1a: Empoleon|Empoleon, M|100\/100\n|move|p2a: Ferrothorn|Gyro Ball|p1a: Empoleon\n|-resisted|p1a: Empoleon\n|-damage|p1a: Empoleon|96\/100\n|\n|upkeep\n|turn|16\n|j| theviolator3000\n|l| theviolator3000\n|inactive|daniel241595 has 120 seconds left.\n|inactive|daniel241595 has 90 seconds left.\n|\n|t:|1701127560\n|switch|p1a: Flygon|Flygon, F|61\/100\n|move|p2a: Ferrothorn|Leech Seed|p1a: Flygon|[miss]\n|-miss|p2a: Ferrothorn|p1a: Flygon\n|\n|upkeep\n|turn|17\n|inactive|daniel241595 has 90 seconds left.\n|\n|t:|1701127572\n|move|p1a: Flygon|Earthquake|p2a: Ferrothorn\n|-damage|p2a: Ferrothorn|47\/100\n|move|p2a: Ferrothorn|Leech Seed|p1a: Flygon\n|-start|p1a: Flygon|move: Leech Seed\n|\n|-damage|p1a: Flygon|49\/100|[from] Leech Seed|[of] p2a: Ferrothorn\n|-heal|p2a: Ferrothorn|57\/100|[silent]\n|upkeep\n|turn|18\n|\n|t:|1701127578\n|switch|p1a: Arcanine|Arcanine, M, shiny|60\/100\n|-ability|p1a: Arcanine|Intimidate|boost\n|-unboost|p2a: Ferrothorn|atk|1\n|move|p2a: Ferrothorn|Stealth Rock|p1a: Arcanine\n|-sidestart|p1: daniel241595|move: Stealth Rock\n|\n|upkeep\n|turn|19\n|\n|t:|1701127581\n|move|p1a: Arcanine|Close Combat|p2a: Ferrothorn\n|-damage|p2a: Ferrothorn|20\/100\n|-unboost|p1a: Arcanine|def|1\n|-unboost|p1a: Arcanine|spd|1\n|-damage|p1a: Arcanine|47\/100|[from] ability: Iron Barbs|[of] p2a: Ferrothorn\n|-damage|p1a: Arcanine|31\/100|[from] item: Rocky Helmet|[of] p2a: Ferrothorn\n|move|p2a: Ferrothorn|Leech Seed|p1a: Arcanine\n|-start|p1a: Arcanine|move: Leech Seed\n|\n|-damage|p1a: Arcanine|19\/100|[from] Leech Seed|[of] p2a: Ferrothorn\n|-heal|p2a: Ferrothorn|33\/100|[silent]\n|upkeep\n|turn|20\n|j| NicksRokaya\n|\n|t:|1701127594\n|move|p1a: Arcanine|Close Combat|p2a: Ferrothorn\n|-damage|p2a: Ferrothorn|0 fnt\n|-unboost|p1a: Arcanine|def|1\n|-unboost|p1a: Arcanine|spd|1\n|-damage|p1a: Arcanine|6\/100|[from] ability: Iron Barbs|[of] p2a: Ferrothorn\n|-damage|p1a: Arcanine|0 fnt|[from] item: Rocky Helmet|[of] p2a: Ferrothorn\n|faint|p2a: Ferrothorn\n|faint|p1a: Arcanine\n|\n|upkeep\n|\n|t:|1701127603\n|switch|p1a: Empoleon|Empoleon, M|96\/100\n|switch|p2a: Landorus|Landorus-Therian, M|88\/100\n|-damage|p2a: Landorus|76\/100|[from] Stealth Rock\n|-ability|p2a: Landorus|Intimidate|boost\n|-unboost|p1a: Empoleon|atk|1\n|-ability|p1a: Empoleon|Competitive|boost\n|-boost|p1a: Empoleon|spa|2\n|-damage|p1a: Empoleon|90\/100|[from] Stealth Rock\n|turn|21\n|\n|t:|1701127608\n|-terastallize|p1a: Empoleon|Ghost\n|move|p2a: Landorus|Earthquake|p1a: Empoleon\n|-damage|p1a: Empoleon|51\/100\n|move|p1a: Empoleon|Ice Beam|p2a: Landorus\n|-supereffective|p2a: Landorus\n|-damage|p2a: Landorus|0 fnt\n|faint|p2a: Landorus\n|\n|upkeep\n|\n|t:|1701127611\n|switch|p2a: Heatran|Heatran, F|100\/100\n|-damage|p2a: Heatran|88\/100|[from] Stealth Rock\n|turn|22\n|\n|t:|1701127613\n|move|p2a: Heatran|Magma Storm|p1a: Empoleon\n|-damage|p1a: Empoleon|10\/100\n|-activate|p1a: Empoleon|move: Magma Storm|[of] p2a: Heatran\n|move|p1a: Empoleon|Scald|p2a: Heatran\n|-supereffective|p2a: Heatran\n|-damage|p2a: Heatran|17\/100\n|\n|-heal|p2a: Heatran|23\/100|[from] item: Leftovers\n|-damage|p1a: Empoleon|0 fnt|[from] move: Magma Storm|[partiallytrapped]\n|faint|p1a: Empoleon\n|upkeep\n|\n|t:|1701127617\n|switch|p1a: Flygon|Flygon, F|49\/100\n|-damage|p1a: Flygon|43\/100|[from] Stealth Rock\n|turn|23\n|\n|t:|1701127620\n|move|p1a: Flygon|Earthquake|p2a: Heatran\n|-supereffective|p2a: Heatran\n|-damage|p2a: Heatran|0 fnt\n|faint|p2a: Heatran\n|\n|win|daniel241595\n|raw|daniel241595's rating: 1560 &rarr; <strong>1577<\/strong><br \/>(+17 for winning)\n|raw|Adiadimeter's rating: 1500 &rarr; <strong>1483<\/strong><br \/>(-17 for losing)\n","uploadtime":1701127623,"views":9,"p1id":"daniel241595","p2id":"adiadimeter","formatid":"gen9nationaldex","rating":1483,"private":0,"password":""}