{"id":"gen9nationaldex-1997390045","p1":"staktaka_3030","p2":"Saltator","format":"[Gen 9] National Dex","log":"|html|<div class=\"broadcast-blue\"><strong>[Gen 9] National Dex is currently suspecting Sneasler! For information on how to participate check out the <a href=\"https:\/\/www.smogon.com\/forums\/threads\/sv-national-dex-suspect-8-just-dance.3731534\/\">suspect thread<\/a>.<\/strong><\/div>\n|j|\u2606staktaka_3030\n|j|\u2606Saltator\n|t:|1700797911\n|gametype|singles\n|player|p1|staktaka_3030|backersf|1382\n|player|p2|Saltator|ghetsis|1373\n|teamsize|p1|6\n|teamsize|p2|6\n|gen|9\n|tier|[Gen 9] National Dex\n|rated|\n|rule|HP Percentage Mod: HP is shown in percentages\n|rule|Endless Battle Clause: Forcing endless battles is banned\n|rule|OHKO Clause: OHKO moves are banned\n|rule|Evasion Clause: Evasion abilities, items, and moves are banned\n|rule|Evasion Abilities Clause: Evasion abilities are banned\n|rule|Evasion Items Clause: Evasion items are banned\n|rule|Evasion Moves Clause: Evasion moves are banned\n|rule|Species Clause: Limit one of each Pok\u00e9mon\n|rule|Sleep Clause Mod: Limit one foe put to sleep\n|clearpoke\n|poke|p1|Mawile, M|\n|poke|p1|Marowak-Alola, F|\n|poke|p1|Hatterene, F|\n|poke|p1|Cresselia, F|\n|poke|p1|Porygon2|\n|poke|p1|Ursaluna, F|\n|poke|p2|Salazzle, F|\n|poke|p2|Magnemite, L1|\n|poke|p2|Probopass, L2, M|\n|poke|p2|Mandibuzz, F|\n|poke|p2|Nosepass, L1, M|\n|poke|p2|Tentacruel, F|\n|teampreview\n|inactive|Battle timer is ON: inactive players will automatically lose when time's up. (requested by staktaka_3030)\n|inactive|Saltator has 120 seconds left.\n|\n|t:|1700797944\n|start\n|switch|p1a: Hatterene|Hatterene, F|100\/100\n|switch|p2a: Sh\ud83d\udca9tsquid|Tentacruel, F|100\/100\n|turn|1\n|\n|t:|1700797951\n|move|p2a: Sh\ud83d\udca9tsquid|Scald|p1a: Hatterene\n|-damage|p1a: Hatterene|76\/100\n|-status|p1a: Hatterene|brn\n|move|p1a: Hatterene|Trick Room|p1a: Hatterene\n|-fieldstart|move: Trick Room|[of] p1a: Hatterene\n|\n|-damage|p1a: Hatterene|70\/100 brn|[from] brn\n|upkeep\n|turn|2\n|\n|t:|1700797957\n|move|p1a: Hatterene|Healing Wish|p1a: Hatterene\n|faint|p1a: Hatterene\n|move|p2a: Sh\ud83d\udca9tsquid|Knock Off|p1: Hatterene|[notarget]\n|-fail|p2a: Sh\ud83d\udca9tsquid\n|\n|upkeep\n|\n|t:|1700797964\n|switch|p1a: Ursaluna|Ursaluna, F|100\/100\n|turn|3\n|\n|t:|1700797982\n|switch|p2a: Sh\ud83d\udca9tbird|Mandibuzz, F|100\/100\n|move|p1a: Ursaluna|Earthquake|p2a: Sh\ud83d\udca9tbird\n|-immune|p2a: Sh\ud83d\udca9tbird\n|\n|-status|p1a: Ursaluna|brn|[from] item: Flame Orb\n|upkeep\n|turn|4\n|\n|t:|1700797988\n|move|p1a: Ursaluna|Facade|p2a: Sh\ud83d\udca9tbird\n|-damage|p2a: Sh\ud83d\udca9tbird|28\/100\n|move|p2a: Sh\ud83d\udca9tbird|Roost|p2a: Sh\ud83d\udca9tbird\n|-heal|p2a: Sh\ud83d\udca9tbird|78\/100\n|-singleturn|p2a: Sh\ud83d\udca9tbird|move: Roost\n|\n|-damage|p1a: Ursaluna|94\/100 brn|[from] brn\n|upkeep\n|turn|5\n|\n|t:|1700797994\n|switch|p2a: Literally Level 1|Magnemite, L1|100\/100\n|-terastallize|p1a: Ursaluna|Normal\n|move|p1a: Ursaluna|Facade|p2a: Literally Level 1\n|-resisted|p2a: Literally Level 1\n|-ability|p2a: Literally Level 1|Sturdy\n|-damage|p2a: Literally Level 1|10\/100\n|-enditem|p2a: Literally Level 1|Berry Juice\n|-heal|p2a: Literally Level 1|100\/100|[from] item: Berry Juice\n|\n|-damage|p1a: Ursaluna|88\/100 brn|[from] brn\n|-fieldend|move: Trick Room\n|upkeep\n|turn|6\n|\n|t:|1700798002\n|move|p1a: Ursaluna|Fire Punch|p2a: Literally Level 1\n|-supereffective|p2a: Literally Level 1\n|-ability|p2a: Literally Level 1|Sturdy\n|-damage|p2a: Literally Level 1|10\/100\n|move|p2a: Literally Level 1|Recycle|p2a: Literally Level 1\n|-item|p2a: Literally Level 1|Berry Juice|[from] move: Recycle\n|-enditem|p2a: Literally Level 1|Berry Juice\n|-heal|p2a: Literally Level 1|100\/100|[from] item: Berry Juice\n|\n|-damage|p1a: Ursaluna|82\/100 brn|[from] brn\n|upkeep\n|turn|7\n|\n|t:|1700798011\n|move|p2a: Literally Level 1|Protect|p2a: Literally Level 1\n|-singleturn|p2a: Literally Level 1|Protect\n|move|p1a: Ursaluna|Fire Punch|p2a: Literally Level 1\n|-activate|p2a: Literally Level 1|move: Protect\n|\n|-damage|p1a: Ursaluna|76\/100 brn|[from] brn\n|upkeep\n|turn|8\n|\n|t:|1700798018\n|switch|p1a: Porygon2|Porygon2|100\/100\n|-ability|p1a: Porygon2|Sturdy|[from] ability: Trace|[of] p2a: Literally Level 1\n|move|p2a: Literally Level 1|Recycle|p2a: Literally Level 1\n|-item|p2a: Literally Level 1|Berry Juice|[from] move: Recycle\n|\n|upkeep\n|turn|9\n|\n|t:|1700798022\n|move|p1a: Porygon2|Thunderbolt|p2a: Literally Level 1\n|-resisted|p2a: Literally Level 1\n|-ability|p2a: Literally Level 1|Sturdy\n|-damage|p2a: Literally Level 1|10\/100\n|-enditem|p2a: Literally Level 1|Berry Juice\n|-heal|p2a: Literally Level 1|100\/100|[from] item: Berry Juice\n|move|p2a: Literally Level 1|Toxic|p1a: Porygon2\n|-status|p1a: Porygon2|tox\n|\n|-damage|p1a: Porygon2|94\/100 tox|[from] psn\n|upkeep\n|turn|10\n|\n|t:|1700798028\n|move|p1a: Porygon2|Thunderbolt|p2a: Literally Level 1\n|-resisted|p2a: Literally Level 1\n|-ability|p2a: Literally Level 1|Sturdy\n|-damage|p2a: Literally Level 1|10\/100\n|move|p2a: Literally Level 1|Recycle|p2a: Literally Level 1\n|-item|p2a: Literally Level 1|Berry Juice|[from] move: Recycle\n|-enditem|p2a: Literally Level 1|Berry Juice\n|-heal|p2a: Literally Level 1|100\/100|[from] item: Berry Juice\n|\n|-damage|p1a: Porygon2|82\/100 tox|[from] psn\n|upkeep\n|turn|11\n|\n|t:|1700798034\n|move|p1a: Porygon2|Thunderbolt|p2a: Literally Level 1\n|-resisted|p2a: Literally Level 1\n|-ability|p2a: Literally Level 1|Sturdy\n|-damage|p2a: Literally Level 1|10\/100\n|move|p2a: Literally Level 1|Recycle|p2a: Literally Level 1\n|-item|p2a: Literally Level 1|Berry Juice|[from] move: Recycle\n|-enditem|p2a: Literally Level 1|Berry Juice\n|-heal|p2a: Literally Level 1|100\/100|[from] item: Berry Juice\n|\n|-damage|p1a: Porygon2|64\/100 tox|[from] psn\n|upkeep\n|turn|12\n|\n|t:|1700798044\n|switch|p1a: Cresselia|Cresselia, F|100\/100\n|move|p2a: Literally Level 1|Recycle|p2a: Literally Level 1\n|-item|p2a: Literally Level 1|Berry Juice|[from] move: Recycle\n|\n|upkeep\n|turn|13\n|\n|t:|1700798047\n|move|p2a: Literally Level 1|Toxic|p1a: Cresselia\n|-status|p1a: Cresselia|tox\n|move|p1a: Cresselia|Trick Room|p1a: Cresselia\n|-fieldstart|move: Trick Room|[of] p1a: Cresselia\n|\n|-damage|p1a: Cresselia|94\/100 tox|[from] psn\n|upkeep\n|turn|14\n|\n|t:|1700798050\n|move|p2a: Literally Level 1|Protect|p2a: Literally Level 1\n|-singleturn|p2a: Literally Level 1|Protect\n|move|p1a: Cresselia|Psychic|p2a: Literally Level 1\n|-activate|p2a: Literally Level 1|move: Protect\n|\n|-damage|p1a: Cresselia|82\/100 tox|[from] psn\n|upkeep\n|turn|15\n|\n|t:|1700798054\n|switch|p2a: Sh\ud83d\udca9tbird|Mandibuzz, F|78\/100\n|move|p1a: Cresselia|Psychic|p2a: Sh\ud83d\udca9tbird\n|-immune|p2a: Sh\ud83d\udca9tbird\n|\n|-damage|p1a: Cresselia|64\/100 tox|[from] psn\n|upkeep\n|turn|16\n|\n|t:|1700798058\n|switch|p2a: Literally Level 1|Magnemite, L1|100\/100\n|move|p1a: Cresselia|Ice Beam|p2a: Literally Level 1\n|-resisted|p2a: Literally Level 1\n|-ability|p2a: Literally Level 1|Sturdy\n|-damage|p2a: Literally Level 1|10\/100\n|-enditem|p2a: Literally Level 1|Berry Juice\n|-heal|p2a: Literally Level 1|100\/100|[from] item: Berry Juice\n|\n|-damage|p1a: Cresselia|40\/100 tox|[from] psn\n|upkeep\n|turn|17\n|\n|t:|1700798061\n|move|p2a: Literally Level 1|Recycle|p2a: Literally Level 1\n|-item|p2a: Literally Level 1|Berry Juice|[from] move: Recycle\n|move|p1a: Cresselia|Psychic|p2a: Literally Level 1\n|-resisted|p2a: Literally Level 1\n|-ability|p2a: Literally Level 1|Sturdy\n|-damage|p2a: Literally Level 1|10\/100\n|-enditem|p2a: Literally Level 1|Berry Juice\n|-heal|p2a: Literally Level 1|100\/100|[from] item: Berry Juice\n|\n|-damage|p1a: Cresselia|9\/100 tox|[from] psn\n|-fieldend|move: Trick Room\n|upkeep\n|turn|18\n|\n|t:|1700798066\n|move|p1a: Cresselia|Psychic|p2a: Literally Level 1\n|-resisted|p2a: Literally Level 1\n|-ability|p2a: Literally Level 1|Sturdy\n|-damage|p2a: Literally Level 1|10\/100\n|move|p2a: Literally Level 1|Recycle|p2a: Literally Level 1\n|-item|p2a: Literally Level 1|Berry Juice|[from] move: Recycle\n|-enditem|p2a: Literally Level 1|Berry Juice\n|-heal|p2a: Literally Level 1|100\/100|[from] item: Berry Juice\n|\n|-damage|p1a: Cresselia|0 fnt|[from] psn\n|faint|p1a: Cresselia\n|upkeep\n|\n|t:|1700798081\n|switch|p1a: Mawile|Mawile, M|100\/100\n|-ability|p1a: Mawile|Intimidate|boost\n|-unboost|p2a: Literally Level 1|atk|1\n|turn|19\n|\n|t:|1700798096\n|detailschange|p1a: Mawile|Mawile-Mega, M\n|-mega|p1a: Mawile|Mawile|Mawilite\n|move|p2a: Literally Level 1|Protect|p2a: Literally Level 1\n|-singleturn|p2a: Literally Level 1|Protect\n|move|p1a: Mawile|Fire Fang|p2a: Literally Level 1\n|-activate|p2a: Literally Level 1|move: Protect\n|\n|upkeep\n|turn|20\n|\n|t:|1700798101\n|switch|p2a: Sh\ud83d\udca9tsquid|Tentacruel, F|100\/100\n|move|p1a: Mawile|Fire Fang|p2a: Sh\ud83d\udca9tsquid\n|-resisted|p2a: Sh\ud83d\udca9tsquid\n|-damage|p2a: Sh\ud83d\udca9tsquid|73\/100\n|\n|-heal|p2a: Sh\ud83d\udca9tsquid|79\/100|[from] item: Leftovers\n|upkeep\n|turn|21\n|\n|t:|1700798108\n|switch|p1a: Ursaluna|Ursaluna, F, tera:Normal|76\/100 brn\n|-heal|p1a: Ursaluna|100\/100|[from] move: Healing Wish\n|move|p2a: Sh\ud83d\udca9tsquid|Scald|p1a: Ursaluna\n|-damage|p1a: Ursaluna|80\/100\n|\n|-heal|p2a: Sh\ud83d\udca9tsquid|85\/100|[from] item: Leftovers\n|-status|p1a: Ursaluna|brn|[from] item: Flame Orb\n|upkeep\n|turn|22\n|\n|t:|1700798122\n|switch|p2a: Click the \u274c|Nosepass, L1, M, shiny|100\/100\n|move|p1a: Ursaluna|Facade|p2a: Click the \u274c\n|-resisted|p2a: Click the \u274c\n|-ability|p2a: Click the \u274c|Sturdy\n|-damage|p2a: Click the \u274c|10\/100\n|-enditem|p2a: Click the \u274c|Berry Juice\n|-heal|p2a: Click the \u274c|100\/100|[from] item: Berry Juice\n|\n|-damage|p1a: Ursaluna|74\/100 brn|[from] brn\n|upkeep\n|turn|23\n|\n|t:|1700798129\n|switch|p1a: Mawile|Mawile-Mega, M|100\/100\n|move|p2a: Click the \u274c|Pain Split|p1a: Mawile\n|-sethp|p1a: Mawile|52\/100|[from] move: Pain Split|[silent]\n|-sethp|p2a: Click the \u274c|100\/100|[from] move: Pain Split\n|\n|upkeep\n|turn|24\n|\n|t:|1700798133\n|move|p1a: Mawile|Fire Fang|p2a: Click the \u274c\n|-resisted|p2a: Click the \u274c\n|-ability|p2a: Click the \u274c|Sturdy\n|-damage|p2a: Click the \u274c|10\/100\n|move|p2a: Click the \u274c|Pain Split|p1a: Mawile\n|-sethp|p1a: Mawile|27\/100|[from] move: Pain Split|[silent]\n|-sethp|p2a: Click the \u274c|100\/100|[from] move: Pain Split\n|\n|upkeep\n|turn|25\n|\n|t:|1700798141\n|switch|p2a: Sh\ud83d\udca9tsquid|Tentacruel, F|85\/100\n|move|p1a: Mawile|Fire Fang|p2a: Sh\ud83d\udca9tsquid\n|-resisted|p2a: Sh\ud83d\udca9tsquid\n|-damage|p2a: Sh\ud83d\udca9tsquid|59\/100\n|\n|-heal|p2a: Sh\ud83d\udca9tsquid|65\/100|[from] item: Leftovers\n|upkeep\n|turn|26\n|\n|t:|1700798147\n|switch|p1a: Ursaluna|Ursaluna, F, tera:Normal|74\/100 brn\n|move|p2a: Sh\ud83d\udca9tsquid|Scald|p1a: Ursaluna\n|-damage|p1a: Ursaluna|53\/100 brn\n|\n|-heal|p2a: Sh\ud83d\udca9tsquid|71\/100|[from] item: Leftovers\n|-damage|p1a: Ursaluna|47\/100 brn|[from] brn\n|upkeep\n|turn|27\n|\n|t:|1700798154\n|switch|p2a: Sh\ud83d\udca9tbird|Mandibuzz, F|78\/100\n|move|p1a: Ursaluna|Earthquake|p2a: Sh\ud83d\udca9tbird\n|-immune|p2a: Sh\ud83d\udca9tbird\n|\n|-damage|p1a: Ursaluna|41\/100 brn|[from] brn\n|upkeep\n|turn|28\n|\n|t:|1700798160\n|move|p2a: Sh\ud83d\udca9tbird|Foul Play|p1a: Ursaluna\n|-damage|p1a: Ursaluna|0 fnt\n|faint|p1a: Ursaluna\n|\n|upkeep\n|\n|t:|1700798163\n|switch|p1a: Marowak|Marowak-Alola, F|100\/100\n|turn|29\n|\n|t:|1700798166\n|move|p2a: Sh\ud83d\udca9tbird|Foul Play|p1a: Marowak\n|-supereffective|p1a: Marowak\n|-damage|p1a: Marowak|28\/100\n|move|p1a: Marowak|Flare Blitz|p2a: Sh\ud83d\udca9tbird\n|-damage|p2a: Sh\ud83d\udca9tbird|27\/100\n|\n|upkeep\n|turn|30\n|c|\u2606Saltator|???\n|\n|t:|1700798172\n|switch|p1a: Porygon2|Porygon2|64\/100 tox\n|-ability|p1a: Porygon2|Overcoat|[from] ability: Trace|[of] p2a: Sh\ud83d\udca9tbird\n|move|p2a: Sh\ud83d\udca9tbird|Roost|p2a: Sh\ud83d\udca9tbird\n|-heal|p2a: Sh\ud83d\udca9tbird|77\/100\n|-singleturn|p2a: Sh\ud83d\udca9tbird|move: Roost\n|\n|-damage|p1a: Porygon2|57\/100 tox|[from] psn\n|upkeep\n|turn|31\n|\n|t:|1700798181\n|switch|p2a: Click the \u274c|Nosepass, L1, M, shiny|100\/100\n|move|p1a: Porygon2|Ice Beam|p2a: Click the \u274c\n|-ability|p2a: Click the \u274c|Sturdy\n|-damage|p2a: Click the \u274c|10\/100\n|\n|-damage|p1a: Porygon2|45\/100 tox|[from] psn\n|upkeep\n|turn|32\n|\n|t:|1700798189\n|switch|p1a: Mawile|Mawile-Mega, M|27\/100\n|switch|p2a: No Fun Allowed|Salazzle, F|100\/100\n|\n|upkeep\n|turn|33\n|\n|t:|1700798193\n|move|p1a: Mawile|Sucker Punch||[still]\n|-fail|p1a: Mawile\n|move|p2a: No Fun Allowed|Substitute|p2a: No Fun Allowed\n|-start|p2a: No Fun Allowed|Substitute\n|-damage|p2a: No Fun Allowed|76\/100\n|\n|-heal|p2a: No Fun Allowed|82\/100|[from] item: Leftovers\n|upkeep\n|turn|34\n|\n|t:|1700798203\n|move|p1a: Mawile|Sucker Punch|p2a: No Fun Allowed\n|-crit|p2a: No Fun Allowed\n|-end|p2a: No Fun Allowed|Substitute\n|move|p2a: No Fun Allowed|Flamethrower|p1a: Mawile\n|-supereffective|p1a: Mawile\n|-damage|p1a: Mawile|0 fnt\n|faint|p1a: Mawile\n|\n|-heal|p2a: No Fun Allowed|88\/100|[from] item: Leftovers\n|upkeep\n|-message|staktaka_3030 forfeited.\n|\n|win|Saltator\n|raw|staktaka_3030's rating: 1382 &rarr; <strong>1360<\/strong><br \/>(-22 for losing)\n|raw|Saltator's rating: 1339 &rarr; <strong>1361<\/strong><br \/>(+22 for winning)\n|l|\u2606staktaka_3030\n","uploadtime":1700798228,"views":4,"p1id":"staktaka3030","p2id":"saltator","formatid":"gen9nationaldex","rating":1360,"private":0,"password":""}