{"id":"gen9nationaldex-1997169156","p1":"IvanovStanislav21","p2":"NDSNEZ Jogo","format":"[Gen 9] National Dex","log":"|html|<div class=\"broadcast-blue\"><strong>[Gen 9] National Dex is currently suspecting Sneasler! For information on how to participate check out the <a href=\"https:\/\/www.smogon.com\/forums\/threads\/sv-national-dex-suspect-8-just-dance.3731534\/\">suspect thread<\/a>.<\/strong><\/div>\n|j|\u2606IvanovStanislav21\n|j|\u2606NDSNEZ Jogo\n|t:|1700771584\n|gametype|singles\n|player|p1|IvanovStanislav21|benga|1320\n|player|p2|NDSNEZ Jogo|allister|1422\n|teamsize|p1|6\n|teamsize|p2|6\n|gen|9\n|tier|[Gen 9] National Dex\n|rated|\n|rule|HP Percentage Mod: HP is shown in percentages\n|rule|Endless Battle Clause: Forcing endless battles is banned\n|rule|OHKO Clause: OHKO moves are banned\n|rule|Evasion Clause: Evasion abilities, items, and moves are banned\n|rule|Evasion Abilities Clause: Evasion abilities are banned\n|rule|Evasion Items Clause: Evasion items are banned\n|rule|Evasion Moves Clause: Evasion moves are banned\n|rule|Species Clause: Limit one of each Pok\u00e9mon\n|rule|Sleep Clause Mod: Limit one foe put to sleep\n|clearpoke\n|poke|p1|Landorus-Therian, M|\n|poke|p1|Sneasler, M|\n|poke|p1|Scizor, M|\n|poke|p1|Meowscarada, M|\n|poke|p1|Ceruledge, M|\n|poke|p1|Grimmsnarl, M|\n|poke|p2|Tapu Lele|\n|poke|p2|Sneasler, M|\n|poke|p2|Iron Valiant|\n|poke|p2|Alakazam, M|\n|poke|p2|Dragonite, F|\n|poke|p2|Kartana|\n|teampreview\n|inactive|Battle timer is ON: inactive players will automatically lose when time's up. (requested by IvanovStanislav21)\n|\n|t:|1700771598\n|start\n|switch|p1a: Gaxus|Grimmsnarl, M|100\/100\n|switch|p2a: Kartana|Kartana|100\/100\n|turn|1\n|\n|t:|1700771603\n|move|p1a: Gaxus|Reflect|p1a: Gaxus\n|-sidestart|p1: IvanovStanislav21|Reflect\n|move|p2a: Kartana|Smart Strike|p1a: Gaxus\n|-supereffective|p1a: Gaxus\n|-damage|p1a: Gaxus|47\/100\n|\n|upkeep\n|turn|2\n|\n|t:|1700771608\n|move|p1a: Gaxus|Parting Shot|p2a: Kartana\n|-unboost|p2a: Kartana|atk|1\n|-unboost|p2a: Kartana|spa|1\n|\n|t:|1700771612\n|switch|p1a: \u00cdcarus|Scizor, M|100\/100|[from] Parting Shot\n|move|p2a: Kartana|Smart Strike|p1a: \u00cdcarus\n|-resisted|p1a: \u00cdcarus\n|-damage|p1a: \u00cdcarus|93\/100\n|\n|upkeep\n|turn|3\n|\n|t:|1700771631\n|switch|p2a: Tapu Lele|Tapu Lele, shiny|100\/100\n|-fieldstart|move: Psychic Terrain|[from] ability: Psychic Surge|[of] p2a: Tapu Lele\n|move|p1a: \u00cdcarus|Swords Dance|p1a: \u00cdcarus\n|-boost|p1a: \u00cdcarus|atk|2\n|\n|upkeep\n|turn|4\n|\n|t:|1700771654\n|detailschange|p1a: \u00cdcarus|Scizor-Mega, M\n|-mega|p1a: \u00cdcarus|Scizor|Scizorite\n|move|p2a: Tapu Lele|Hidden Power|p1a: \u00cdcarus\n|-supereffective|p1a: \u00cdcarus\n|-damage|p1a: \u00cdcarus|3\/100\n|move|p1a: \u00cdcarus|Dual Wingbeat|p2a: Tapu Lele\n|-damage|p2a: Tapu Lele|18\/100\n|-damage|p2a: Tapu Lele|0 fnt\n|faint|p2a: Tapu Lele\n|-hitcount|p2: Tapu Lele|2\n|\n|upkeep\n|\n|t:|1700771664\n|switch|p2a: Sneasler|Sneasler, M, shiny|100\/100\n|-enditem|p2a: Sneasler|Psychic Seed\n|-boost|p2a: Sneasler|spd|1|[from] item: Psychic Seed\n|turn|5\n|\n|t:|1700771668\n|move|p2a: Sneasler|Acrobatics|p1a: \u00cdcarus\n|-damage|p1a: \u00cdcarus|0 fnt\n|faint|p1a: \u00cdcarus\n|\n|upkeep\n|\n|t:|1700771676\n|switch|p1a: Kotal|Ceruledge, M|100\/100\n|turn|6\n|\n|t:|1700771683\n|move|p2a: Sneasler|Dire Claw|p1a: Kotal\n|-resisted|p1a: Kotal\n|-damage|p1a: Kotal|85\/100\n|-status|p1a: Kotal|par\n|-ability|p1a: Kotal|Weak Armor|boost\n|-unboost|p1a: Kotal|def|1\n|-boost|p1a: Kotal|spe|2\n|cant|p1a: Kotal|par\n|\n|-heal|p1a: Kotal|91\/100 par|[from] item: Leftovers\n|upkeep\n|turn|7\n|\n|t:|1700771708\n|-terastallize|p2a: Sneasler|Flying\n|move|p2a: Sneasler|Acrobatics|p1a: Kotal\n|-damage|p1a: Kotal|28\/100 par\n|-ability|p1a: Kotal|Weak Armor|boost\n|-unboost|p1a: Kotal|def|1\n|-boost|p1a: Kotal|spe|2\n|cant|p1a: Kotal|par\n|\n|-heal|p1a: Kotal|34\/100 par|[from] item: Leftovers\n|-fieldend|move: Psychic Terrain\n|upkeep\n|turn|8\n|c|\u2606NDSNEZ Jogo|damn\n|\n|t:|1700771717\n|move|p2a: Sneasler|Acrobatics|p1a: Kotal\n|-damage|p1a: Kotal|0 fnt\n|faint|p1a: Kotal\n|\n|-sideend|p1: IvanovStanislav21|Reflect\n|upkeep\n|\n|t:|1700771723\n|switch|p1a: Gaxus|Grimmsnarl, M|47\/100\n|turn|9\n|\n|t:|1700771727\n|move|p1a: Gaxus|Reflect|p1a: Gaxus\n|-sidestart|p1: IvanovStanislav21|Reflect\n|move|p2a: Sneasler|Swords Dance|p2a: Sneasler\n|-boost|p2a: Sneasler|atk|2\n|\n|upkeep\n|turn|10\n|\n|t:|1700771755\n|move|p1a: Gaxus|Light Screen|p1a: Gaxus\n|-sidestart|p1: IvanovStanislav21|move: Light Screen\n|move|p2a: Sneasler|Swords Dance|p2a: Sneasler\n|-boost|p2a: Sneasler|atk|2\n|\n|upkeep\n|turn|11\n|\n|t:|1700771779\n|switch|p1a: Kyogai|Landorus-Therian, M|100\/100\n|-ability|p1a: Kyogai|Intimidate|boost\n|-unboost|p2a: Sneasler|atk|1\n|move|p2a: Sneasler|Acrobatics|p1a: Kyogai\n|-damage|p1a: Kyogai|12\/100\n|\n|-heal|p1a: Kyogai|18\/100|[from] item: Leftovers\n|upkeep\n|turn|12\n|\n|t:|1700771788\n|move|p2a: Sneasler|Acrobatics|p1a: Kyogai\n|-damage|p1a: Kyogai|0 fnt\n|faint|p1a: Kyogai\n|\n|upkeep\n|\n|t:|1700771797\n|switch|p1a: Megaro|Meowscarada, M|100\/100\n|turn|13\n|\n|t:|1700771800\n|move|p2a: Sneasler|Acrobatics|p1a: Megaro\n|-supereffective|p1a: Megaro\n|-damage|p1a: Megaro|0 fnt\n|faint|p1a: Megaro\n|\n|upkeep\n|c|\u2606NDSNEZ Jogo|gg\n|\n|t:|1700771805\n|switch|p1a: Gaxus|Grimmsnarl, M|47\/100\n|turn|14\n|\n|t:|1700771808\n|move|p1a: Gaxus|Sucker Punch|p2a: Sneasler\n|-damage|p2a: Sneasler|52\/100\n|move|p2a: Sneasler|Dire Claw|p1a: Gaxus\n|-supereffective|p1a: Gaxus\n|-damage|p1a: Gaxus|0 fnt\n|faint|p1a: Gaxus\n|\n|upkeep\n|\n|t:|1700771815\n|switch|p1a: Ezzio|Sneasler, M|100\/100\n|turn|15\n|\n|t:|1700771820\n|-terastallize|p1a: Ezzio|Flying\n|move|p2a: Sneasler|Acrobatics|p1a: Ezzio\n|-damage|p1a: Ezzio|0 fnt\n|faint|p1a: Ezzio\n|\n|win|NDSNEZ Jogo\n|raw|IvanovStanislav21's rating: 1320 &rarr; <strong>1306<\/strong><br \/>(-14 for losing)\n|raw|NDSNEZ Jogo's rating: 1422 &rarr; <strong>1436<\/strong><br \/>(+14 for winning)\n","uploadtime":1700771825,"views":4,"p1id":"ivanovstanislav21","p2id":"ndsnezjogo","formatid":"gen9nationaldex","rating":1306,"private":0,"password":""}