{"id":"gen9nationaldex-1987744498","p1":"asbejdjdjd","p2":"DerpyJolteon","format":"[Gen 9] National Dex","log":"|j|\u2606asbejdjdjd\n|j|\u203dDerpyJolteon\n|t:|1699633012\n|gametype|singles\n|player|p1|asbejdjdjd|266|1182\n|player|p2|DerpyJolteon|volkner|1237\n|teamsize|p1|6\n|teamsize|p2|6\n|gen|9\n|tier|[Gen 9] National Dex\n|rated|\n|rule|HP Percentage Mod: HP is shown in percentages\n|rule|Endless Battle Clause: Forcing endless battles is banned\n|rule|OHKO Clause: OHKO moves are banned\n|rule|Evasion Clause: Evasion abilities, items, and moves are banned\n|rule|Evasion Abilities Clause: Evasion abilities are banned\n|rule|Evasion Items Clause: Evasion items are banned\n|rule|Evasion Moves Clause: Evasion moves are banned\n|rule|Species Clause: Limit one of each Pok\u00e9mon\n|rule|Sleep Clause Mod: Limit one foe put to sleep\n|clearpoke\n|poke|p1|Pelipper, M|\n|poke|p1|Swampert, F|\n|poke|p1|Ferrothorn, M|\n|poke|p1|Tornadus-Therian, M|\n|poke|p1|Manaphy|\n|poke|p1|Zapdos|\n|poke|p2|Infernape, M|\n|poke|p2|Manectric, F|\n|poke|p2|Garchomp, M|\n|poke|p2|Mandibuzz, F|\n|poke|p2|Milotic, F|\n|poke|p2|Aegislash, M|\n|teampreview\n|inactive|Battle timer is ON: inactive players will automatically lose when time's up. (requested by DerpyJolteon)\n|\n|t:|1699633020\n|start\n|switch|p1a: Pelipper|Pelipper, M|100\/100\n|switch|p2a: Infernape|Infernape, M, shiny|100\/100\n|-weather|RainDance|[from] ability: Drizzle|[of] p1a: Pelipper\n|turn|1\n|\n|t:|1699633027\n|move|p2a: Infernape|Thunder Punch|p1a: Pelipper\n|-supereffective|p1a: Pelipper\n|-damage|p1a: Pelipper|0 fnt\n|faint|p1a: Pelipper\n|\n|-weather|RainDance|[upkeep]\n|upkeep\n|\n|t:|1699633031\n|switch|p1a: Swampert|Swampert, F, shiny|100\/100\n|turn|2\n|\n|t:|1699633035\n|switch|p2a: Mandibuzz|Mandibuzz, F, shiny|100\/100\n|detailschange|p1a: Swampert|Swampert-Mega, F, shiny\n|-mega|p1a: Swampert|Swampert|Swampertite\n|move|p1a: Swampert|Flip Turn|p2a: Mandibuzz\n|-damage|p2a: Mandibuzz|70\/100\n|-damage|p1a: Swampert|84\/100|[from] item: Rocky Helmet|[of] p2a: Mandibuzz\n|\n|t:|1699633047\n|switch|p1a: Zapdos|Zapdos|100\/100|[from] Flip Turn\n|\n|-weather|RainDance|[upkeep]\n|upkeep\n|turn|3\n|\n|t:|1699633065\n|-terastallize|p1a: Zapdos|Electric\n|move|p1a: Zapdos|Thunderbolt|p2a: Mandibuzz\n|-supereffective|p2a: Mandibuzz\n|-damage|p2a: Mandibuzz|0 fnt\n|faint|p2a: Mandibuzz\n|\n|-weather|RainDance|[upkeep]\n|upkeep\n|\n|t:|1699633070\n|switch|p2a: Milotic|Milotic, F, shiny|100\/100\n|turn|4\n|\n|t:|1699633076\n|switch|p2a: Garchomp|Garchomp, M, shiny|100\/100\n|move|p1a: Zapdos|Volt Switch|p2a: Garchomp\n|-immune|p2a: Garchomp\n|\n|-weather|RainDance|[upkeep]\n|upkeep\n|turn|5\n|\n|t:|1699633085\n|move|p2a: Garchomp|Swords Dance|p2a: Garchomp\n|-boost|p2a: Garchomp|atk|2\n|move|p1a: Zapdos|Hurricane|p2a: Garchomp\n|-damage|p2a: Garchomp|40\/100\n|\n|-weather|none\n|upkeep\n|turn|6\n|\n|t:|1699633093\n|switch|p1a: Tornadus|Tornadus-Therian, M, shiny|100\/100\n|move|p2a: Garchomp|Earthquake|p1a: Tornadus\n|-immune|p1a: Tornadus\n|\n|upkeep\n|turn|7\n|\n|t:|1699633101\n|-terastallize|p2a: Garchomp|Steel\n|move|p1a: Tornadus|U-turn|p2a: Garchomp\n|-resisted|p2a: Garchomp\n|-damage|p2a: Garchomp|33\/100\n|-damage|p1a: Tornadus|88\/100|[from] ability: Rough Skin|[of] p2a: Garchomp\n|\n|t:|1699633108\n|switch|p1a: Ferrothorn|Ferrothorn, M, shiny|100\/100|[from] U-turn\n|move|p2a: Garchomp|Scale Shot|p1a: Ferrothorn\n|-resisted|p1a: Ferrothorn\n|-damage|p1a: Ferrothorn|92\/100\n|-resisted|p1a: Ferrothorn\n|-damage|p1a: Ferrothorn|83\/100\n|-resisted|p1a: Ferrothorn\n|-damage|p1a: Ferrothorn|74\/100\n|-resisted|p1a: Ferrothorn\n|-damage|p1a: Ferrothorn|66\/100\n|-hitcount|p1a: Ferrothorn|4\n|-unboost|p2a: Garchomp|def|1\n|-boost|p2a: Garchomp|spe|1\n|\n|-heal|p1a: Ferrothorn|72\/100|[from] item: Leftovers\n|upkeep\n|turn|8\n|\n|t:|1699633123\n|move|p2a: Garchomp|Earthquake|p1a: Ferrothorn\n|-damage|p1a: Ferrothorn|0 fnt\n|faint|p1a: Ferrothorn\n|\n|upkeep\n|\n|t:|1699633132\n|switch|p1a: Zapdos|Zapdos, tera:Electric|100\/100\n|turn|9\n|\n|t:|1699633136\n|move|p2a: Garchomp|Scale Shot|p1a: Zapdos\n|-damage|p1a: Zapdos|67\/100\n|-crit|p1a: Zapdos\n|-damage|p1a: Zapdos|17\/100\n|-damage|p1a: Zapdos|0 fnt\n|faint|p1a: Zapdos\n|-hitcount|p1: Zapdos|3\n|-unboost|p2a: Garchomp|def|1\n|-boost|p2a: Garchomp|spe|1\n|\n|upkeep\n|\n|t:|1699633145\n|switch|p1a: Swampert|Swampert-Mega, F, shiny|84\/100\n|turn|10\n|\n|t:|1699633150\n|move|p2a: Garchomp|Scale Shot|p1a: Swampert\n|-damage|p1a: Swampert|60\/100\n|-damage|p1a: Swampert|37\/100\n|-damage|p1a: Swampert|11\/100\n|-damage|p1a: Swampert|0 fnt\n|faint|p1a: Swampert\n|-hitcount|p1: Swampert|4\n|-unboost|p2a: Garchomp|def|1\n|-boost|p2a: Garchomp|spe|1\n|\n|upkeep\n|-message|asbejdjdjd forfeited.\n|\n|win|DerpyJolteon\n|raw|asbejdjdjd's rating: 1182 &rarr; <strong>1161<\/strong><br \/>(-21 for losing)\n|raw|DerpyJolteon's rating: 1237 &rarr; <strong>1258<\/strong><br \/>(+21 for winning)\n|l|\u2606asbejdjdjd\n","uploadtime":1699633170,"views":5,"p1id":"asbejdjdjd","p2id":"derpyjolteon","formatid":"gen9nationaldex","rating":1161,"private":0,"password":""}