{"id":"gen9nationaldex-1987957864","p1":"UGotAwTysm!","p2":"Shiftryfishyy3","format":"[Gen 9] National Dex","log":"|j|\u2606UGotAwTysm!\n|j|\u2606Shiftryfishyy3\n|t:|1699653103\n|gametype|singles\n|player|p1|UGotAwTysm!|steven|1252\n|player|p2|Shiftryfishyy3|102|1342\n|teamsize|p1|6\n|teamsize|p2|6\n|gen|9\n|tier|[Gen 9] National Dex\n|rated|\n|rule|HP Percentage Mod: HP is shown in percentages\n|rule|Endless Battle Clause: Forcing endless battles is banned\n|rule|OHKO Clause: OHKO moves are banned\n|rule|Evasion Clause: Evasion abilities, items, and moves are banned\n|rule|Evasion Abilities Clause: Evasion abilities are banned\n|rule|Evasion Items Clause: Evasion items are banned\n|rule|Evasion Moves Clause: Evasion moves are banned\n|rule|Species Clause: Limit one of each Pok\u00e9mon\n|rule|Sleep Clause Mod: Limit one foe put to sleep\n|clearpoke\n|poke|p1|Ting-Lu|\n|poke|p1|Corviknight, F|\n|poke|p1|Mawile, F|\n|poke|p1|Toxapex, F|\n|poke|p1|Iron Valiant|\n|poke|p1|Great Tusk|\n|poke|p2|Gliscor, F|\n|poke|p2|Crawdaunt, M|\n|poke|p2|Iron Treads|\n|poke|p2|Volcarona, M|\n|poke|p2|Rotom-Mow|\n|poke|p2|Dragonite, F|\n|teampreview\n|\n|t:|1699653110\n|start\n|switch|p1a: Ting-Lu|Ting-Lu|100\/100\n|switch|p2a: Iron Treads|Iron Treads|100\/100\n|-ability|p1a: Ting-Lu|Vessel of Ruin\n|-enditem|p2a: Iron Treads|Booster Energy\n|-activate|p2a: Iron Treads|ability: Quark Drive|[fromitem]\n|-start|p2a: Iron Treads|quarkdrivespe\n|turn|1\n|inactive|Battle timer is ON: inactive players will automatically lose when time's up. (requested by UGotAwTysm!)\n|\n|t:|1699653150\n|move|p2a: Iron Treads|Stealth Rock|p1a: Ting-Lu\n|-sidestart|p1: UGotAwTysm!|move: Stealth Rock\n|move|p1a: Ting-Lu|Stealth Rock|p2a: Iron Treads\n|-sidestart|p2: Shiftryfishyy3|move: Stealth Rock\n|\n|upkeep\n|turn|2\n|\n|t:|1699653165\n|move|p2a: Iron Treads|Rapid Spin|p1a: Ting-Lu\n|-crit|p1a: Ting-Lu\n|-damage|p1a: Ting-Lu|88\/100\n|-boost|p2a: Iron Treads|spe|1\n|-sideend|p2: Shiftryfishyy3|Stealth Rock|[from] move: Rapid Spin|[of] p2a: Iron Treads\n|move|p1a: Ting-Lu|Earthquake|p2a: Iron Treads\n|-supereffective|p2a: Iron Treads\n|-damage|p2a: Iron Treads|28\/100\n|\n|-heal|p1a: Ting-Lu|94\/100|[from] item: Leftovers\n|upkeep\n|turn|3\n|inactive|Shiftryfishyy3 has 120 seconds left.\n|\n|t:|1699653203\n|move|p2a: Iron Treads|Knock Off|p1a: Ting-Lu\n|-resisted|p1a: Ting-Lu\n|-damage|p1a: Ting-Lu|87\/100\n|-enditem|p1a: Ting-Lu|Leftovers|[from] move: Knock Off|[of] p2a: Iron Treads\n|move|p1a: Ting-Lu|Stealth Rock|p2a: Iron Treads\n|-sidestart|p2: Shiftryfishyy3|move: Stealth Rock\n|\n|upkeep\n|turn|4\n|inactive|Shiftryfishyy3 has 120 seconds left.\n|\n|t:|1699653214\n|move|p2a: Iron Treads|Rapid Spin|p1a: Ting-Lu\n|-damage|p1a: Ting-Lu|79\/100\n|-boost|p2a: Iron Treads|spe|1\n|-sideend|p2: Shiftryfishyy3|Stealth Rock|[from] move: Rapid Spin|[of] p2a: Iron Treads\n|move|p1a: Ting-Lu|Earthquake|p2a: Iron Treads\n|-supereffective|p2a: Iron Treads\n|-damage|p2a: Iron Treads|0 fnt\n|faint|p2a: Iron Treads\n|-end|p2a: Iron Treads|Quark Drive|[silent]\n|\n|upkeep\n|inactive|Shiftryfishyy3 has 120 seconds left.\n|\n|t:|1699653243\n|switch|p2a: Crawdaunt|Crawdaunt, M|100\/100\n|turn|5\n|\n|t:|1699653248\n|move|p2a: Crawdaunt|Dragon Dance|p2a: Crawdaunt\n|-boost|p2a: Crawdaunt|atk|1\n|-boost|p2a: Crawdaunt|spe|1\n|move|p1a: Ting-Lu|Stealth Rock|p2a: Crawdaunt\n|-sidestart|p2: Shiftryfishyy3|move: Stealth Rock\n|\n|upkeep\n|turn|6\n|\n|t:|1699653257\n|move|p2a: Crawdaunt|Surf|p1a: Ting-Lu\n|-supereffective|p1a: Ting-Lu\n|-damage|p1a: Ting-Lu|8\/100\n|-damage|p2a: Crawdaunt|91\/100|[from] item: Life Orb\n|move|p1a: Ting-Lu|Earthquake|p2a: Crawdaunt\n|-crit|p2a: Crawdaunt\n|-damage|p2a: Crawdaunt|0 fnt\n|faint|p2a: Crawdaunt\n|\n|upkeep\n|\n|t:|1699653271\n|switch|p2a: Lugulabre|Volcarona, M|100\/100\n|turn|7\n|\n|t:|1699653286\n|move|p2a: Lugulabre|Fiery Dance|p1a: Ting-Lu\n|-damage|p1a: Ting-Lu|0 fnt\n|faint|p1a: Ting-Lu\n|\n|upkeep\n|c|\u2606UGotAwTysm!|MF WHY ARE YOU USING SURF\n|inactive|UGotAwTysm! has 120 seconds left.\n|\n|t:|1699653308\n|switch|p1a: Iron Valiant|Iron Valiant|100\/100\n|-damage|p1a: Iron Valiant|94\/100|[from] Stealth Rock\n|turn|8\n|c|\u2606Shiftryfishyy3|beat\n|inactive|Shiftryfishyy3 has 120 seconds left.\n|\n|t:|1699653340\n|switch|p2a: Drattak|Dragonite, F|100\/100\n|move|p1a: Iron Valiant|Shadow Claw|p2a: Drattak\n|-damage|p2a: Drattak|86\/100\n|-damage|p1a: Iron Valiant|85\/100|[from] item: Life Orb\n|\n|upkeep\n|turn|9\n|\n|t:|1699653350\n|move|p1a: Iron Valiant|Spirit Break|p2a: Drattak\n|-supereffective|p2a: Drattak\n|-damage|p2a: Drattak|0 fnt\n|faint|p2a: Drattak\n|-damage|p1a: Iron Valiant|75\/100|[from] item: Life Orb\n|\n|upkeep\n|inactive|Shiftryfishyy3 has 90 seconds left.\n|c|\u2606UGotAwTysm!|what would u do if I killed your family\n|inactive|Shiftryfishyy3 has 60 seconds left.\n|inactive|Shiftryfishyy3 has 30 seconds left.\n|c|\u2606Shiftryfishyy3|wtf\n|inactive|Shiftryfishyy3 has 20 seconds left.\n|inactive|Shiftryfishyy3 has 15 seconds left.\n|inactive|Shiftryfishyy3 has 10 seconds left.\n|\n|t:|1699653457\n|switch|p2a: Lugulabre|Volcarona, M|100\/100\n|turn|10\n|inactive|Shiftryfishyy3 has 20 seconds left this turn.\n|c|\u2606UGotAwTysm!|aight bet\n|\n|t:|1699653468\n|move|p1a: Iron Valiant|Shadow Claw|p2a: Lugulabre\n|-damage|p2a: Lugulabre|67\/100\n|-damage|p1a: Iron Valiant|65\/100|[from] item: Life Orb\n|move|p2a: Lugulabre|Quiver Dance|p2a: Lugulabre\n|-boost|p2a: Lugulabre|spa|1\n|-boost|p2a: Lugulabre|spd|1\n|-boost|p2a: Lugulabre|spe|1\n|\n|upkeep\n|turn|11\n|inactive|Shiftryfishyy3 has 30 seconds left this turn.\n|inactive|Shiftryfishyy3 has 20 seconds left.\n|inactive|Shiftryfishyy3 has 15 seconds left.\n|inactive|Shiftryfishyy3 has 10 seconds left.\n|\n|t:|1699653491\n|move|p2a: Lugulabre|Morning Sun|p2a: Lugulabre\n|-heal|p2a: Lugulabre|100\/100\n|move|p1a: Iron Valiant|Shadow Claw|p2a: Lugulabre\n|-damage|p2a: Lugulabre|66\/100\n|-status|p1a: Iron Valiant|brn|[from] ability: Flame Body|[of] p2a: Lugulabre\n|-damage|p1a: Iron Valiant|56\/100 brn|[from] item: Life Orb\n|\n|-damage|p1a: Iron Valiant|49\/100 brn|[from] brn\n|upkeep\n|turn|12\n|inactive|Shiftryfishyy3 has 20 seconds left this turn.\n|\n|t:|1699653496\n|move|p2a: Lugulabre|Morning Sun|p2a: Lugulabre\n|-heal|p2a: Lugulabre|100\/100\n|move|p1a: Iron Valiant|Shadow Claw|p2a: Lugulabre\n|-damage|p2a: Lugulabre|83\/100\n|-damage|p1a: Iron Valiant|40\/100 brn|[from] item: Life Orb\n|\n|-damage|p1a: Iron Valiant|33\/100 brn|[from] brn\n|upkeep\n|turn|13\n|inactive|Shiftryfishyy3 has 30 seconds left this turn.\n|\n|t:|1699653500\n|move|p2a: Lugulabre|Quiver Dance|p2a: Lugulabre\n|-boost|p2a: Lugulabre|spa|1\n|-boost|p2a: Lugulabre|spd|1\n|-boost|p2a: Lugulabre|spe|1\n|move|p1a: Iron Valiant|Shadow Claw|p2a: Lugulabre\n|-damage|p2a: Lugulabre|64\/100\n|-damage|p1a: Iron Valiant|24\/100 brn|[from] item: Life Orb\n|\n|-damage|p1a: Iron Valiant|17\/100 brn|[from] brn\n|upkeep\n|turn|14\n|\n|t:|1699653505\n|move|p2a: Lugulabre|Morning Sun|p2a: Lugulabre\n|-heal|p2a: Lugulabre|100\/100\n|move|p1a: Iron Valiant|Spirit Break|p2a: Lugulabre\n|-resisted|p2a: Lugulabre\n|-damage|p2a: Lugulabre|85\/100\n|-unboost|p2a: Lugulabre|spa|1\n|-damage|p1a: Iron Valiant|8\/100 brn|[from] item: Life Orb\n|\n|-damage|p1a: Iron Valiant|2\/100 brn|[from] brn\n|upkeep\n|turn|15\n|\n|t:|1699653512\n|move|p2a: Lugulabre|Quiver Dance|p2a: Lugulabre\n|-boost|p2a: Lugulabre|spa|1\n|-boost|p2a: Lugulabre|spd|1\n|-boost|p2a: Lugulabre|spe|1\n|move|p1a: Iron Valiant|Spirit Break|p2a: Lugulabre\n|-resisted|p2a: Lugulabre\n|-damage|p2a: Lugulabre|72\/100\n|-unboost|p2a: Lugulabre|spa|1\n|-damage|p1a: Iron Valiant|0 fnt|[from] item: Life Orb\n|faint|p1a: Iron Valiant\n|-end|p1a: Iron Valiant|Quark Drive|[silent]\n|\n|upkeep\n|\n|t:|1699653517\n|switch|p1a: Toxapex|Toxapex, F, shiny|100\/100\n|-damage|p1a: Toxapex|88\/100|[from] Stealth Rock\n|turn|16\n|\n|t:|1699653521\n|move|p2a: Lugulabre|Psychic|p1a: Toxapex\n|-supereffective|p1a: Toxapex\n|-damage|p1a: Toxapex|35\/100\n|move|p1a: Toxapex|Haze|p1a: Toxapex\n|-clearallboost\n|\n|-heal|p1a: Toxapex|42\/100|[from] item: Leftovers\n|upkeep\n|turn|17\n|\n|t:|1699653526\n|move|p2a: Lugulabre|Quiver Dance|p2a: Lugulabre\n|-boost|p2a: Lugulabre|spa|1\n|-boost|p2a: Lugulabre|spd|1\n|-boost|p2a: Lugulabre|spe|1\n|move|p1a: Toxapex|Recover|p1a: Toxapex\n|-heal|p1a: Toxapex|92\/100\n|\n|-heal|p1a: Toxapex|98\/100|[from] item: Leftovers\n|upkeep\n|turn|18\n|\n|t:|1699653541\n|move|p2a: Lugulabre|Psychic|p1a: Toxapex\n|-supereffective|p1a: Toxapex\n|-damage|p1a: Toxapex|43\/100\n|move|p1a: Toxapex|Haze|p1a: Toxapex\n|-clearallboost\n|\n|-heal|p1a: Toxapex|49\/100|[from] item: Leftovers\n|upkeep\n|turn|19\n|\n|t:|1699653552\n|move|p2a: Lugulabre|Quiver Dance|p2a: Lugulabre\n|-boost|p2a: Lugulabre|spa|1\n|-boost|p2a: Lugulabre|spd|1\n|-boost|p2a: Lugulabre|spe|1\n|move|p1a: Toxapex|Recover|p1a: Toxapex\n|-heal|p1a: Toxapex|99\/100\n|\n|-heal|p1a: Toxapex|100\/100|[from] item: Leftovers\n|upkeep\n|turn|20\n|inactive|Shiftryfishyy3 has 60 seconds left.\n|\n|t:|1699653587\n|move|p2a: Lugulabre|Psychic|p1a: Toxapex\n|-supereffective|p1a: Toxapex\n|-damage|p1a: Toxapex|43\/100\n|move|p1a: Toxapex|Haze|p1a: Toxapex\n|-clearallboost\n|\n|-heal|p1a: Toxapex|49\/100|[from] item: Leftovers\n|upkeep\n|turn|21\n|\n|t:|1699653597\n|move|p2a: Lugulabre|Quiver Dance|p2a: Lugulabre\n|-boost|p2a: Lugulabre|spa|1\n|-boost|p2a: Lugulabre|spd|1\n|-boost|p2a: Lugulabre|spe|1\n|move|p1a: Toxapex|Haze|p1a: Toxapex\n|-clearallboost\n|\n|-heal|p1a: Toxapex|55\/100|[from] item: Leftovers\n|upkeep\n|turn|22\n|inactive|Shiftryfishyy3 has 60 seconds left.\n|\n|t:|1699653617\n|move|p2a: Lugulabre|Quiver Dance|p2a: Lugulabre\n|-boost|p2a: Lugulabre|spa|1\n|-boost|p2a: Lugulabre|spd|1\n|-boost|p2a: Lugulabre|spe|1\n|move|p1a: Toxapex|Recover|p1a: Toxapex\n|-heal|p1a: Toxapex|100\/100\n|\n|upkeep\n|turn|23\n|\n|t:|1699653626\n|move|p2a: Lugulabre|Psychic|p1a: Toxapex\n|-supereffective|p1a: Toxapex\n|-damage|p1a: Toxapex|47\/100\n|move|p1a: Toxapex|Haze|p1a: Toxapex\n|-clearallboost\n|\n|-heal|p1a: Toxapex|53\/100|[from] item: Leftovers\n|upkeep\n|turn|24\n|c|\u2606UGotAwTysm!|can u stop\n|c|\u2606UGotAwTysm!|I am just going to stall u\n|inactive|Shiftryfishyy3 has 60 seconds left.\n|\n|t:|1699653649\n|move|p2a: Lugulabre|Morning Sun|p2a: Lugulabre\n|-heal|p2a: Lugulabre|100\/100\n|move|p1a: Toxapex|Recover|p1a: Toxapex\n|-heal|p1a: Toxapex|100\/100\n|\n|upkeep\n|turn|25\n|\n|t:|1699653663\n|move|p2a: Lugulabre|Quiver Dance|p2a: Lugulabre\n|-boost|p2a: Lugulabre|spa|1\n|-boost|p2a: Lugulabre|spd|1\n|-boost|p2a: Lugulabre|spe|1\n|move|p1a: Toxapex|Sludge Bomb|p2a: Lugulabre\n|-damage|p2a: Lugulabre|89\/100\n|\n|upkeep\n|turn|26\n|\n|t:|1699653671\n|move|p2a: Lugulabre|Psychic|p1a: Toxapex\n|-supereffective|p1a: Toxapex\n|-crit|p1a: Toxapex\n|-damage|p1a: Toxapex|15\/100\n|move|p1a: Toxapex|Haze|p1a: Toxapex\n|-clearallboost\n|\n|-heal|p1a: Toxapex|21\/100|[from] item: Leftovers\n|upkeep\n|turn|27\n|\n|t:|1699653675\n|switch|p1a: Mawile|Mawile, F, shiny|100\/100\n|-damage|p1a: Mawile|94\/100|[from] Stealth Rock\n|-ability|p1a: Mawile|Intimidate|boost\n|-unboost|p2a: Lugulabre|atk|1\n|move|p2a: Lugulabre|Psychic|p1a: Mawile\n|-resisted|p1a: Mawile\n|-damage|p1a: Mawile|70\/100\n|\n|upkeep\n|turn|28\n|\n|t:|1699653680\n|detailschange|p1a: Mawile|Mawile-Mega, F, shiny\n|-mega|p1a: Mawile|Mawile|Mawilite\n|move|p1a: Mawile|Sucker Punch|p2a: Lugulabre\n|-damage|p2a: Lugulabre|33\/100\n|move|p2a: Lugulabre|Fiery Dance|p1a: Mawile\n|-supereffective|p1a: Mawile\n|-damage|p1a: Mawile|0 fnt\n|faint|p1a: Mawile\n|\n|upkeep\n|\n|t:|1699653688\n|switch|p1a: Corviknight|Corviknight, F, shiny|100\/100\n|-damage|p1a: Corviknight|88\/100|[from] Stealth Rock\n|turn|29\n|\n|t:|1699653693\n|move|p2a: Lugulabre|Morning Sun|p2a: Lugulabre\n|-heal|p2a: Lugulabre|83\/100\n|move|p1a: Corviknight|Brave Bird|p2a: Lugulabre\n|-supereffective|p2a: Lugulabre\n|-damage|p2a: Lugulabre|0 fnt\n|-status|p1a: Corviknight|brn|[from] ability: Flame Body|[of] p2a: Lugulabre\n|faint|p2a: Lugulabre\n|-damage|p1a: Corviknight|60\/100 brn|[from] Recoil\n|\n|-heal|p1a: Corviknight|67\/100 brn|[from] item: Leftovers\n|-damage|p1a: Corviknight|60\/100 brn|[from] brn\n|upkeep\n|\n|t:|1699653704\n|switch|p2a: Rotom|Rotom-Mow|100\/100\n|-damage|p2a: Rotom|88\/100|[from] Stealth Rock\n|turn|30\n|\n|t:|1699653720\n|move|p2a: Rotom|Trick|p1a: Corviknight\n|-activate|p2a: Rotom|move: Trick|[of] p1a: Corviknight\n|-item|p1a: Corviknight|Choice Specs|[from] move: Trick\n|-item|p2a: Rotom|Leftovers|[from] move: Trick\n|move|p1a: Corviknight|Brave Bird|p2a: Rotom\n|-damage|p2a: Rotom|66\/100\n|-damage|p1a: Corviknight|55\/100 brn|[from] Recoil\n|\n|-heal|p2a: Rotom|73\/100|[from] item: Leftovers\n|-damage|p1a: Corviknight|48\/100 brn|[from] brn\n|upkeep\n|turn|31\n|\n|t:|1699653727\n|move|p2a: Rotom|Volt Switch|p1a: Corviknight\n|-supereffective|p1a: Corviknight\n|-damage|p1a: Corviknight|11\/100 brn\n|\n|t:|1699653731\n|switch|p2a: Gliscor|Gliscor, F|100\/100|[from] Volt Switch\n|-damage|p2a: Gliscor|88\/100|[from] Stealth Rock\n|move|p1a: Corviknight|Brave Bird|p2a: Gliscor\n|-damage|p2a: Gliscor|73\/100\n|-damage|p1a: Corviknight|6\/100 brn|[from] Recoil\n|\n|-damage|p1a: Corviknight|0 fnt|[from] brn\n|faint|p1a: Corviknight\n|-status|p2a: Gliscor|tox|[from] item: Toxic Orb\n|upkeep\n|\n|t:|1699653737\n|switch|p1a: Great Tusk|Great Tusk|100\/100\n|-damage|p1a: Great Tusk|98\/100|[from] Stealth Rock\n|turn|32\n|inactive|Shiftryfishyy3 has 120 seconds left.\n|\n|t:|1699653776\n|switch|p2a: Rotom|Rotom-Mow|73\/100\n|-damage|p2a: Rotom|60\/100|[from] Stealth Rock\n|move|p1a: Great Tusk|Rapid Spin|p2a: Rotom\n|-damage|p2a: Rotom|36\/100\n|-boost|p1a: Great Tusk|spe|1\n|-sideend|p1: UGotAwTysm!|Stealth Rock|[from] move: Rapid Spin|[of] p1a: Great Tusk\n|-damage|p1a: Great Tusk|88\/100|[from] item: Life Orb\n|\n|-heal|p2a: Rotom|42\/100|[from] item: Leftovers\n|upkeep\n|turn|33\n|n|\u203dUGotAwTysm!|ugotawtysm\n|\n|t:|1699653796\n|move|p1a: Great Tusk|Ice Spinner|p2a: Rotom\n|-supereffective|p2a: Rotom\n|-damage|p2a: Rotom|0 fnt\n|faint|p2a: Rotom\n|-damage|p1a: Great Tusk|78\/100|[from] item: Life Orb\n|\n|upkeep\n|\n|t:|1699653806\n|switch|p2a: Gliscor|Gliscor, F|73\/100 tox\n|-damage|p2a: Gliscor|60\/100 tox|[from] Stealth Rock\n|turn|34\n|\n|t:|1699653814\n|-terastallize|p2a: Gliscor|Water\n|move|p1a: Great Tusk|Close Combat|p2a: Gliscor\n|-damage|p2a: Gliscor|0 fnt\n|-unboost|p1a: Great Tusk|def|1\n|-unboost|p1a: Great Tusk|spd|1\n|faint|p2a: Gliscor\n|-damage|p1a: Great Tusk|68\/100|[from] item: Life Orb\n|\n|win|UGotAwTysm!\n|raw|UGotAwTysm!'s rating: 1312 &rarr; <strong>1335<\/strong><br \/>(+23 for winning)\n|raw|Shiftryfishyy3's rating: 1365 &rarr; <strong>1342<\/strong><br \/>(-23 for losing)\n","uploadtime":1699653644,"views":7,"p1id":"ugotawtysm","p2id":"shiftryfishyy3","formatid":"gen9nationaldex","rating":1335,"private":0,"password":""}