{"id":"gen9nationaldex-1995972199","p1":"Soupmoth_","p2":"FlyingSudowoodo","format":"[Gen 9] National Dex","log":"|html|<div class=\"broadcast-blue\"><strong>[Gen 9] National Dex is currently suspecting Sneasler! For information on how to participate check out the <a href=\"https:\/\/www.smogon.com\/forums\/threads\/sv-national-dex-suspect-8-just-dance.3731534\/\">suspect thread<\/a>.<\/strong><\/div>\n|j|\u2606Soupmoth_\n|j|\u2606FlyingSudowoodo\n|t:|1700623774\n|gametype|singles\n|player|p1|Soupmoth_|pokemonrangerf|1264\n|player|p2|FlyingSudowoodo|brock|1339\n|teamsize|p1|6\n|teamsize|p2|6\n|gen|9\n|tier|[Gen 9] National Dex\n|rated|\n|rule|HP Percentage Mod: HP is shown in percentages\n|rule|Endless Battle Clause: Forcing endless battles is banned\n|rule|OHKO Clause: OHKO moves are banned\n|rule|Evasion Clause: Evasion abilities, items, and moves are banned\n|rule|Evasion Abilities Clause: Evasion abilities are banned\n|rule|Evasion Items Clause: Evasion items are banned\n|rule|Evasion Moves Clause: Evasion moves are banned\n|rule|Species Clause: Limit one of each Pok\u00e9mon\n|rule|Sleep Clause Mod: Limit one foe put to sleep\n|clearpoke\n|poke|p1|Togekiss, F|\n|poke|p1|Tapu Koko|\n|poke|p1|Iron Treads|\n|poke|p1|Porygon-Z|\n|poke|p1|Lopunny, F|\n|poke|p1|Hypno, F|\n|poke|p2|Lopunny, F|\n|poke|p2|Glimmora, M|\n|poke|p2|Ferrothorn, F|\n|poke|p2|Hatterene, F|\n|poke|p2|Kartana|\n|poke|p2|Zapdos|\n|teampreview\n|inactive|Battle timer is ON: inactive players will automatically lose when time's up. (requested by Soupmoth_)\n|\n|t:|1700623783\n|start\n|switch|p1a: Togekiss|Togekiss, F|100\/100\n|switch|p2a: Glimmora|Glimmora, M|100\/100\n|turn|1\n|\n|t:|1700623789\n|move|p2a: Glimmora|Sludge Wave|p1a: Togekiss\n|-supereffective|p1a: Togekiss\n|-damage|p1a: Togekiss|48\/100\n|move|p1a: Togekiss|Psychic|p2a: Glimmora\n|-supereffective|p2a: Glimmora\n|-damage|p2a: Glimmora|17\/100\n|\n|upkeep\n|turn|2\n|\n|t:|1700623797\n|switch|p1a: Iron Treads|Iron Treads|100\/100\n|move|p2a: Glimmora|Sludge Wave|p1a: Iron Treads\n|-immune|p1a: Iron Treads\n|\n|upkeep\n|turn|3\n|\n|t:|1700623806\n|switch|p2a: Zapdos|Zapdos|100\/100\n|move|p1a: Iron Treads|Zen Headbutt|p2a: Zapdos\n|-damage|p2a: Zapdos|67\/100\n|-status|p1a: Iron Treads|par|[from] ability: Static|[of] p2a: Zapdos\n|\n|upkeep\n|turn|4\n|\n|t:|1700623818\n|-end|p1a: Iron Treads|Quark Drive|[silent]\n|switch|p1a: Togekiss|Togekiss, F|48\/100\n|move|p2a: Zapdos|Heat Wave|p1a: Togekiss\n|-damage|p1a: Togekiss|32\/100\n|-status|p1a: Togekiss|brn\n|\n|-damage|p1a: Togekiss|26\/100 brn|[from] brn\n|upkeep\n|turn|5\n|\n|t:|1700623832\n|switch|p2a: Ferrothorn|Ferrothorn, F, shiny|100\/100\n|-terastallize|p1a: Togekiss|Fairy\n|move|p1a: Togekiss|Draining Kiss|p2a: Ferrothorn\n|-resisted|p2a: Ferrothorn\n|-damage|p2a: Ferrothorn|84\/100\n|-heal|p1a: Togekiss|38\/100 brn|[from] drain|[of] p2a: Ferrothorn\n|-damage|p1a: Togekiss|26\/100 brn|[from] ability: Iron Barbs|[of] p2a: Ferrothorn\n|-damage|p1a: Togekiss|9\/100 brn|[from] item: Rocky Helmet|[of] p2a: Ferrothorn\n|\n|-damage|p1a: Togekiss|3\/100 brn|[from] brn\n|upkeep\n|turn|6\n|\n|t:|1700623848\n|move|p1a: Togekiss|Flamethrower|p2a: Ferrothorn\n|-supereffective|p2a: Ferrothorn\n|-damage|p2a: Ferrothorn|0 fnt\n|faint|p2a: Ferrothorn\n|\n|-damage|p1a: Togekiss|0 fnt|[from] brn\n|faint|p1a: Togekiss\n|upkeep\n|\n|t:|1700623858\n|switch|p1a: Porygon-Z|Porygon-Z|100\/100\n|switch|p2a: Glimmora|Glimmora, M|17\/100\n|-ability|p1a: Porygon-Z|Download|boost\n|-boost|p1a: Porygon-Z|spa|1\n|turn|7\n|\n|t:|1700623865\n|switch|p2a: Hatterene|Hatterene, F|100\/100\n|move|p1a: Porygon-Z|Agility|p1a: Porygon-Z\n|-boost|p1a: Porygon-Z|spe|2\n|\n|upkeep\n|turn|8\n|\n|t:|1700623875\n|move|p1a: Porygon-Z|Tri Attack|p2a: Hatterene\n|-damage|p2a: Hatterene|29\/100\n|-damage|p1a: Porygon-Z|91\/100|[from] item: Life Orb\n|move|p2a: Hatterene|Nuzzle|p1a: Porygon-Z\n|-damage|p1a: Porygon-Z|84\/100\n|-status|p1a: Porygon-Z|par\n|\n|-heal|p2a: Hatterene|35\/100|[from] item: Leftovers\n|upkeep\n|turn|9\n|\n|t:|1700623888\n|move|p2a: Hatterene|Protect|p2a: Hatterene\n|-singleturn|p2a: Hatterene|Protect\n|move|p1a: Porygon-Z|Agility|p1a: Porygon-Z\n|-boost|p1a: Porygon-Z|spe|2\n|\n|-heal|p2a: Hatterene|41\/100|[from] item: Leftovers\n|upkeep\n|turn|10\n|\n|t:|1700623897\n|move|p1a: Porygon-Z|Tri Attack|p2a: Hatterene\n|-damage|p2a: Hatterene|0 fnt\n|faint|p2a: Hatterene\n|-damage|p1a: Porygon-Z|74\/100 par|[from] item: Life Orb\n|\n|upkeep\n|\n|t:|1700623903\n|switch|p2a: Kartana|Kartana|100\/100\n|turn|11\n|\n|t:|1700623909\n|move|p2a: Kartana|Sacred Sword|p1a: Porygon-Z\n|-supereffective|p1a: Porygon-Z\n|-damage|p1a: Porygon-Z|0 fnt\n|faint|p1a: Porygon-Z\n|-ability|p2a: Kartana|Beast Boost|boost\n|-boost|p2a: Kartana|atk|1\n|\n|upkeep\n|\n|t:|1700623915\n|switch|p1a: Hypno|Hypno, F|100\/100\n|turn|12\n|\n|t:|1700623925\n|switch|p2a: Zapdos|Zapdos|67\/100\n|move|p1a: Hypno|Drain Punch|p2a: Zapdos\n|-resisted|p2a: Zapdos\n|-damage|p2a: Zapdos|59\/100\n|\n|upkeep\n|turn|13\n|\n|t:|1700623939\n|move|p2a: Zapdos|Volt Switch|p1a: Hypno\n|-damage|p1a: Hypno|75\/100\n|\n|t:|1700623947\n|switch|p2a: Glimmora|Glimmora, M|17\/100|[from] Volt Switch\n|move|p1a: Hypno|Knock Off|p2a: Glimmora\n|-damage|p2a: Glimmora|0 fnt\n|-activate|p2a: Glimmora|ability: Toxic Debris\n|-sidestart|p1: Soupmoth_|move: Toxic Spikes\n|-enditem|p2a: Glimmora|Choice Scarf|[from] move: Knock Off|[of] p1a: Hypno\n|faint|p2a: Glimmora\n|\n|-heal|p1a: Hypno|81\/100|[from] item: Leftovers\n|upkeep\n|\n|t:|1700623957\n|switch|p2a: Kartana|Kartana|100\/100\n|turn|14\n|\n|t:|1700623964\n|move|p2a: Kartana|Knock Off|p1a: Hypno\n|-supereffective|p1a: Hypno\n|-damage|p1a: Hypno|0 fnt\n|-enditem|p1a: Hypno|Leftovers|[from] move: Knock Off|[of] p2a: Kartana\n|faint|p1a: Hypno\n|-ability|p2a: Kartana|Beast Boost|boost\n|-boost|p2a: Kartana|atk|1\n|\n|upkeep\n|\n|t:|1700623967\n|switch|p1a: Tapu Koko|Tapu Koko|100\/100\n|-status|p1a: Tapu Koko|psn\n|-fieldstart|move: Electric Terrain|[from] ability: Electric Surge|[of] p1a: Tapu Koko\n|turn|15\n|\n|t:|1700623975\n|switch|p2a: Zapdos|Zapdos|59\/100\n|move|p1a: Tapu Koko|Discharge|p2a: Zapdos\n|-damage|p2a: Zapdos|20\/100\n|\n|-damage|p1a: Tapu Koko|88\/100 psn|[from] psn\n|upkeep\n|turn|16\n|\n|t:|1700623983\n|move|p1a: Tapu Koko|Discharge|p2a: Zapdos\n|-damage|p2a: Zapdos|0 fnt\n|faint|p2a: Zapdos\n|\n|-damage|p1a: Tapu Koko|76\/100 psn|[from] psn\n|upkeep\n|\n|t:|1700623991\n|switch|p2a: Kartana|Kartana|100\/100\n|turn|17\n|\n|t:|1700623995\n|move|p2a: Kartana|Smart Strike|p1a: Tapu Koko\n|-damage|p1a: Tapu Koko|5\/100 psn\n|move|p1a: Tapu Koko|Discharge|p2a: Kartana\n|-resisted|p2a: Kartana\n|-damage|p2a: Kartana|38\/100\n|\n|-damage|p1a: Tapu Koko|0 fnt|[from] psn\n|faint|p1a: Tapu Koko\n|upkeep\n|\n|t:|1700624002\n|switch|p1a: Iron Treads|Iron Treads|100\/100 par\n|-activate|p1a: Iron Treads|ability: Quark Drive\n|-start|p1a: Iron Treads|quarkdrivespe\n|turn|18\n|\n|t:|1700624009\n|move|p2a: Kartana|Smart Strike|p1a: Iron Treads\n|-resisted|p1a: Iron Treads\n|-damage|p1a: Iron Treads|78\/100 par\n|cant|p1a: Iron Treads|par\n|\n|upkeep\n|turn|19\n|\n|t:|1700624017\n|move|p2a: Kartana|Smart Strike|p1a: Iron Treads\n|-resisted|p1a: Iron Treads\n|-damage|p1a: Iron Treads|58\/100 par\n|move|p1a: Iron Treads|Earthquake|p2a: Kartana\n|-crit|p2a: Kartana\n|-damage|p2a: Kartana|0 fnt\n|faint|p2a: Kartana\n|\n|upkeep\n|\n|t:|1700624025\n|switch|p2a: Lopunny|Lopunny, F, shiny|100\/100\n|turn|20\n|\n|t:|1700624029\n|detailschange|p2a: Lopunny|Lopunny-Mega, F, shiny\n|-mega|p2a: Lopunny|Lopunny|Lopunnite\n|move|p2a: Lopunny|Fake Out|p1a: Iron Treads\n|-resisted|p1a: Iron Treads\n|-damage|p1a: Iron Treads|48\/100 par\n|cant|p1a: Iron Treads|flinch\n|\n|upkeep\n|turn|21\n|\n|t:|1700624035\n|move|p2a: Lopunny|Close Combat|p1a: Iron Treads\n|-supereffective|p1a: Iron Treads\n|-damage|p1a: Iron Treads|0 fnt\n|-unboost|p2a: Lopunny|def|1\n|-unboost|p2a: Lopunny|spd|1\n|faint|p1a: Iron Treads\n|-end|p1a: Iron Treads|Quark Drive|[silent]\n|\n|upkeep\n|\n|t:|1700624037\n|switch|p1a: Lopunny|Lopunny, F|100\/100\n|-status|p1a: Lopunny|psn\n|turn|22\n|\n|t:|1700624043\n|detailschange|p1a: Lopunny|Lopunny-Mega, F\n|-mega|p1a: Lopunny|Lopunny|Lopunnite\n|move|p2a: Lopunny|Close Combat|p1a: Lopunny\n|-supereffective|p1a: Lopunny\n|-damage|p1a: Lopunny|0 fnt\n|-unboost|p2a: Lopunny|def|1\n|-unboost|p2a: Lopunny|spd|1\n|faint|p1a: Lopunny\n|\n|win|FlyingSudowoodo\n|raw|Soupmoth_'s rating: 1264 &rarr; <strong>1244<\/strong><br \/>(-20 for losing)\n|raw|FlyingSudowoodo's rating: 1339 &rarr; <strong>1355<\/strong><br \/>(+16 for winning)\n","uploadtime":1700624052,"views":0,"p1id":"soupmoth","p2id":"flyingsudowoodo","formatid":"gen9nationaldex","rating":1244,"private":0,"password":""}