{"id":"gen9nationaldex-1991156592","p1":"chl158981215","p2":"Total Cojonasso","format":"[Gen 9] National Dex","log":"|j|\u2606chl158981215\n|j|\u2606Total Cojonasso\n|t:|1700051324\n|gametype|singles\n|player|p1|chl158981215|brycen|1268\n|player|p2|Total Cojonasso|shadowtriad|1213\n|teamsize|p1|6\n|teamsize|p2|6\n|gen|9\n|tier|[Gen 9] National Dex\n|rated|\n|rule|HP Percentage Mod: HP is shown in percentages\n|rule|Endless Battle Clause: Forcing endless battles is banned\n|rule|OHKO Clause: OHKO moves are banned\n|rule|Evasion Clause: Evasion abilities, items, and moves are banned\n|rule|Evasion Abilities Clause: Evasion abilities are banned\n|rule|Evasion Items Clause: Evasion items are banned\n|rule|Evasion Moves Clause: Evasion moves are banned\n|rule|Species Clause: Limit one of each Pok\u00e9mon\n|rule|Sleep Clause Mod: Limit one foe put to sleep\n|clearpoke\n|poke|p1|Urshifu-*, M|\n|poke|p1|Blaziken, F|\n|poke|p1|Tapu Lele|\n|poke|p1|Salamence, M|\n|poke|p1|Ursaluna, M|\n|poke|p1|Slowking-Galar, F|\n|poke|p2|Dusknoir, F|\n|poke|p2|Cursola, F|\n|poke|p2|Chandelure, M|\n|poke|p2|Runerigus, M|\n|poke|p2|Gengar, F|\n|poke|p2|Mimikyu, M|\n|teampreview\n|inactive|Battle timer is ON: inactive players will automatically lose when time's up. (requested by Total Cojonasso)\n|j| dcrownd\n|\n|t:|1700051348\n|start\n|switch|p1a: Tapu Lele|Tapu Lele, shiny|100\/100\n|switch|p2a: Cursola|Cursola, F|100\/100\n|-fieldstart|move: Psychic Terrain|[from] ability: Psychic Surge|[of] p1a: Tapu Lele\n|turn|1\n|\n|t:|1700051360\n|move|p1a: Tapu Lele|Moonblast|p2a: Cursola\n|-damage|p2a: Cursola|32\/100\n|move|p2a: Cursola|Will-O-Wisp|p1a: Tapu Lele\n|-status|p1a: Tapu Lele|brn\n|\n|-damage|p1a: Tapu Lele|94\/100 brn|[from] brn\n|upkeep\n|turn|2\n|\n|t:|1700051373\n|switch|p2a: Gengar|Gengar, F|100\/100\n|move|p1a: Tapu Lele|Moonblast|p2a: Gengar\n|-resisted|p2a: Gengar\n|-damage|p2a: Gengar|31\/100\n|\n|-damage|p1a: Tapu Lele|88\/100 brn|[from] brn\n|upkeep\n|turn|3\n|\n|t:|1700051387\n|switch|p1a: Slowking|Slowking-Galar, F|100\/100\n|move|p2a: Gengar|Sludge Wave|p1a: Slowking\n|-resisted|p1a: Slowking\n|-damage|p1a: Slowking|82\/100\n|\n|upkeep\n|turn|4\n|\n|t:|1700051398\n|move|p2a: Gengar|Hypnosis|p1a: Slowking|[miss]\n|-miss|p2a: Gengar|p1a: Slowking\n|move|p1a: Slowking|Toxic Spikes|p2a: Gengar\n|-sidestart|p2: Total Cojonasso|move: Toxic Spikes\n|\n|upkeep\n|turn|5\n|\n|t:|1700051408\n|move|p2a: Gengar|Hypnosis|p1a: Slowking\n|-status|p1a: Slowking|slp|[from] move: Hypnosis\n|cant|p1a: Slowking|slp\n|\n|-fieldend|move: Psychic Terrain\n|upkeep\n|turn|6\n|\n|t:|1700051415\n|move|p2a: Gengar|Shadow Ball|p1a: Slowking\n|-supereffective|p1a: Slowking\n|-damage|p1a: Slowking|15\/100 slp\n|cant|p1a: Slowking|slp\n|\n|upkeep\n|turn|7\n|\n|t:|1700051422\n|switch|p1a: Ursaluna|Ursaluna, M|100\/100\n|move|p2a: Gengar|Shadow Ball|p1a: Ursaluna\n|-immune|p1a: Ursaluna\n|\n|-status|p1a: Ursaluna|brn|[from] item: Flame Orb\n|upkeep\n|turn|8\n|\n|t:|1700051437\n|switch|p1a: Urshifu|Urshifu-Rapid-Strike, M|100\/100\n|move|p2a: Gengar|Focus Blast|p1a: Urshifu\n|-damage|p1a: Urshifu|42\/100\n|\n|upkeep\n|turn|9\n|\n|t:|1700051445\n|move|p2a: Gengar|Shadow Ball|p1a: Urshifu\n|-damage|p1a: Urshifu|0 fnt\n|faint|p1a: Urshifu\n|\n|upkeep\n|\n|t:|1700051452\n|switch|p1a: Blaziken|Blaziken, F|100\/100\n|turn|10\n|\n|t:|1700051457\n|switch|p2a: Cursola|Cursola, F|32\/100\n|-status|p2a: Cursola|psn\n|move|p1a: Blaziken|Protect||[still]\n|-fail|p1a: Blaziken\n|\n|-damage|p2a: Cursola|20\/100 psn|[from] psn\n|-ability|p1a: Blaziken|Speed Boost|boost\n|-boost|p1a: Blaziken|spe|1\n|upkeep\n|-enditem|p2a: Cursola|Aguav Berry|[eat]\n|-heal|p2a: Cursola|53\/100 psn|[from] item: Aguav Berry\n|turn|11\n|l| dcrownd\n|\n|t:|1700051474\n|move|p1a: Blaziken|Swords Dance|p1a: Blaziken\n|-boost|p1a: Blaziken|atk|2\n|move|p2a: Cursola|Strength Sap|p1a: Blaziken\n|-unboost|p1a: Blaziken|atk|1\n|-heal|p2a: Cursola|100\/100 psn\n|\n|-damage|p2a: Cursola|88\/100 psn|[from] psn\n|-ability|p1a: Blaziken|Speed Boost|boost\n|-boost|p1a: Blaziken|spe|1\n|upkeep\n|turn|12\n|\n|t:|1700051488\n|move|p1a: Blaziken|Protect|p1a: Blaziken\n|-singleturn|p1a: Blaziken|Protect\n|move|p2a: Cursola|Haze|p2a: Cursola\n|-clearallboost\n|\n|-damage|p2a: Cursola|75\/100 psn|[from] psn\n|-ability|p1a: Blaziken|Speed Boost|boost\n|-boost|p1a: Blaziken|spe|1\n|upkeep\n|turn|13\n|\n|t:|1700051508\n|switch|p1a: Salamence|Salamence, M|100\/100\n|move|p2a: Cursola|Strength Sap|p1a: Salamence\n|-unboost|p1a: Salamence|atk|1\n|-heal|p2a: Cursola|100\/100 psn\n|\n|-damage|p2a: Cursola|88\/100 psn|[from] psn\n|upkeep\n|turn|14\n|\n|t:|1700051519\n|move|p1a: Salamence|Substitute|p1a: Salamence\n|-start|p1a: Salamence|Substitute\n|-damage|p1a: Salamence|75\/100\n|move|p2a: Cursola|Will-O-Wisp||[still]\n|-fail|p2a: Cursola\n|\n|-damage|p2a: Cursola|75\/100 psn|[from] psn\n|upkeep\n|turn|15\n|\n|t:|1700051529\n|move|p1a: Salamence|Earthquake|p2a: Cursola\n|-damage|p2a: Cursola|30\/100 psn\n|move|p2a: Cursola|Hex|p1a: Salamence\n|-end|p1a: Salamence|Substitute\n|\n|-damage|p2a: Cursola|18\/100 psn|[from] psn\n|upkeep\n|turn|16\n|\n|t:|1700051539\n|move|p1a: Salamence|Earthquake|p2a: Cursola\n|-damage|p2a: Cursola|0 fnt\n|faint|p2a: Cursola\n|-ability|p1a: Salamence|Moxie|boost\n|-boost|p1a: Salamence|atk|1\n|\n|upkeep\n|\n|t:|1700051545\n|switch|p2a: Gengar|Gengar, F|31\/100\n|-sideend|p2: Total Cojonasso|move: Toxic Spikes|[of] p2a: Gengar\n|turn|17\n|\n|t:|1700051559\n|move|p2a: Gengar|Sludge Wave|p1a: Salamence\n|-damage|p1a: Salamence|10\/100\n|move|p1a: Salamence|Dragon Dance|p1a: Salamence\n|-boost|p1a: Salamence|atk|1\n|-boost|p1a: Salamence|spe|1\n|\n|upkeep\n|turn|18\n|\n|t:|1700051567\n|move|p1a: Salamence|Earthquake|p2a: Gengar\n|-supereffective|p2a: Gengar\n|-damage|p2a: Gengar|0 fnt\n|-start|p1a: Salamence|Disable|Earthquake|[from] ability: Cursed Body|[of] p2a: Gengar\n|faint|p2a: Gengar\n|-ability|p1a: Salamence|Moxie|boost\n|-boost|p1a: Salamence|atk|1\n|\n|upkeep\n|\n|t:|1700051574\n|switch|p2a: Mimikyu|Mimikyu, M, shiny|100\/100\n|turn|19\n|\n|t:|1700051579\n|switch|p1a: Slowking|Slowking-Galar, F|15\/100 slp\n|move|p2a: Mimikyu|Swords Dance|p2a: Mimikyu\n|-boost|p2a: Mimikyu|atk|2\n|\n|upkeep\n|turn|20\n|\n|t:|1700051591\n|move|p2a: Mimikyu|Swords Dance|p2a: Mimikyu\n|-boost|p2a: Mimikyu|atk|2\n|cant|p1a: Slowking|slp\n|\n|upkeep\n|turn|21\n|\n|t:|1700051597\n|move|p2a: Mimikyu|Shadow Sneak|p1a: Slowking\n|-supereffective|p1a: Slowking\n|-damage|p1a: Slowking|0 fnt\n|faint|p1a: Slowking\n|-damage|p2a: Mimikyu|91\/100|[from] item: Life Orb\n|\n|upkeep\n|-message|chl158981215 forfeited.\n|\n|win|Total Cojonasso\n|raw|chl158981215's rating: 1268 &rarr; <strong>1239<\/strong><br \/>(-29 for losing)\n|raw|Total Cojonasso's rating: 1213 &rarr; <strong>1242<\/strong><br \/>(+29 for winning)\n|l|\u2606chl158981215\n","uploadtime":1700051622,"views":4,"p1id":"chl158981215","p2id":"totalcojonasso","formatid":"gen9nationaldex","rating":1239,"private":0,"password":""}