{"id":"gen9nationaldex-1988938561","p1":"MoldyGG","p2":"AlastorTheOverlord","format":"[Gen 9] National Dex","log":"|j|\u2606MoldyGG\n|j|\u2606AlastorTheOverlord\n|t:|1699791287\n|gametype|singles\n|player|p1|MoldyGG|elesa-gen5bw2|1228\n|player|p2|AlastorTheOverlord|n|1215\n|teamsize|p1|6\n|teamsize|p2|6\n|gen|9\n|tier|[Gen 9] National Dex\n|rated|\n|rule|HP Percentage Mod: HP is shown in percentages\n|rule|Endless Battle Clause: Forcing endless battles is banned\n|rule|OHKO Clause: OHKO moves are banned\n|rule|Evasion Clause: Evasion abilities, items, and moves are banned\n|rule|Evasion Abilities Clause: Evasion abilities are banned\n|rule|Evasion Items Clause: Evasion items are banned\n|rule|Evasion Moves Clause: Evasion moves are banned\n|rule|Species Clause: Limit one of each Pok\u00e9mon\n|rule|Sleep Clause Mod: Limit one foe put to sleep\n|clearpoke\n|poke|p1|Samurott-Hisui, F|\n|poke|p1|Great Tusk|\n|poke|p1|Tapu Lele|\n|poke|p1|Sneasler, F|\n|poke|p1|Charizard, M|\n|poke|p1|Drifblim, M|\n|poke|p2|Greninja-*, M|\n|poke|p2|Garchomp, M|\n|poke|p2|Chandelure, M|\n|poke|p2|Azumarill, M|\n|poke|p2|Aegislash, M|\n|poke|p2|Talonflame, M|\n|teampreview\n|inactive|Battle timer is ON: inactive players will automatically lose when time's up. (requested by AlastorTheOverlord)\n|\n|t:|1699791307\n|start\n|switch|p1a: Drifblim|Drifblim, M|100\/100\n|switch|p2a: Chandelure|Chandelure, M|100\/100\n|turn|1\n|\n|t:|1699791322\n|move|p2a: Chandelure|Shadow Ball|p1a: Drifblim\n|-supereffective|p1a: Drifblim\n|-damage|p1a: Drifblim|6\/100\n|move|p1a: Drifblim|Calm Mind|p1a: Drifblim\n|-boost|p1a: Drifblim|spa|1\n|-boost|p1a: Drifblim|spd|1\n|\n|upkeep\n|turn|2\n|\n|t:|1699791349\n|move|p2a: Chandelure|Shadow Ball|p1a: Drifblim\n|-supereffective|p1a: Drifblim\n|-damage|p1a: Drifblim|0 fnt\n|faint|p1a: Drifblim\n|\n|upkeep\n|\n|t:|1699791352\n|switch|p1a: Samurott|Samurott-Hisui, F|100\/100\n|turn|3\n|\n|t:|1699791366\n|switch|p2a: Talonflame|Talonflame, M|100\/100\n|switch|p1a: Sneasler|Sneasler, F|100\/100\n|\n|upkeep\n|turn|4\n|\n|t:|1699791381\n|switch|p2a: Aegislash|Aegislash, M|100\/100\n|-terastallize|p1a: Sneasler|Flying\n|move|p1a: Sneasler|Swords Dance|p1a: Sneasler\n|-boost|p1a: Sneasler|atk|2\n|\n|upkeep\n|turn|5\n|\n|t:|1699791396\n|move|p1a: Sneasler|Acrobatics|p2a: Aegislash\n|-resisted|p2a: Aegislash\n|-damage|p2a: Aegislash|73\/100\n|move|p2a: Aegislash|Swords Dance|p2a: Aegislash\n|-boost|p2a: Aegislash|atk|2\n|\n|-heal|p2a: Aegislash|79\/100|[from] item: Leftovers\n|upkeep\n|turn|6\n|\n|t:|1699791401\n|move|p1a: Sneasler|Swords Dance|p1a: Sneasler\n|-boost|p1a: Sneasler|atk|2\n|move|p2a: Aegislash|Swords Dance|p2a: Aegislash\n|-boost|p2a: Aegislash|atk|2\n|\n|-heal|p2a: Aegislash|86\/100|[from] item: Leftovers\n|upkeep\n|turn|7\n|\n|t:|1699791409\n|-formechange|p2a: Aegislash|Aegislash-Blade||[from] ability: Stance Change\n|move|p2a: Aegislash|Shadow Sneak|p1a: Sneasler\n|-damage|p1a: Sneasler|0 fnt\n|faint|p1a: Sneasler\n|\n|-heal|p2a: Aegislash|92\/100|[from] item: Leftovers\n|upkeep\n|\n|t:|1699791416\n|switch|p1a: Charizard|Charizard, M|100\/100\n|turn|8\n|\n|t:|1699791422\n|detailschange|p1a: Charizard|Charizard-Mega-Y, M\n|-mega|p1a: Charizard|Charizard|Charizardite Y\n|-weather|SunnyDay|[from] ability: Drought|[of] p1a: Charizard\n|move|p2a: Aegislash|Shadow Sneak|p1a: Charizard\n|-damage|p1a: Charizard|0 fnt\n|faint|p1a: Charizard\n|\n|-weather|SunnyDay|[upkeep]\n|-heal|p2a: Aegislash|98\/100|[from] item: Leftovers\n|upkeep\n|-message|MoldyGG forfeited.\n|\n|win|AlastorTheOverlord\n|raw|MoldyGG's rating: 1228 &rarr; <strong>1202<\/strong><br \/>(-26 for losing)\n|raw|AlastorTheOverlord's rating: 1215 &rarr; <strong>1241<\/strong><br \/>(+26 for winning)\n|l|\u2606MoldyGG\n","uploadtime":1699791432,"views":10,"p1id":"moldygg","p2id":"alastortheoverlord","formatid":"gen9nationaldex","rating":1202,"private":0,"password":""}