{"id":"gen9nationaldex-1989788324","p1":"Velocitar32","p2":"king Bishop 5136","format":"[Gen 9] National Dex","log":"|j|\u2606Velocitar32\n|j|\u2606king Bishop 5136\n|t:|1699895804\n|gametype|singles\n|player|p1|Velocitar32|silver-masters|1000\n|player|p2|king Bishop 5136|drayden|1048\n|teamsize|p1|6\n|teamsize|p2|6\n|gen|9\n|tier|[Gen 9] National Dex\n|rated|\n|rule|HP Percentage Mod: HP is shown in percentages\n|rule|Endless Battle Clause: Forcing endless battles is banned\n|rule|OHKO Clause: OHKO moves are banned\n|rule|Evasion Clause: Evasion abilities, items, and moves are banned\n|rule|Evasion Abilities Clause: Evasion abilities are banned\n|rule|Evasion Items Clause: Evasion items are banned\n|rule|Evasion Moves Clause: Evasion moves are banned\n|rule|Species Clause: Limit one of each Pok\u00e9mon\n|rule|Sleep Clause Mod: Limit one foe put to sleep\n|clearpoke\n|poke|p1|Charizard, M|\n|poke|p1|Zoroark-Hisui, M|\n|poke|p1|Excadrill, F|\n|poke|p1|Meowscarada, F|\n|poke|p1|Sandslash-Alola, F|\n|poke|p1|Gengar, M|\n|poke|p2|Dusknoir, M|\n|poke|p2|Ceruledge, M|\n|poke|p2|Umbreon, F|\n|poke|p2|Garganacl, M|\n|poke|p2|Glalie, M|\n|poke|p2|Medicham, M|\n|teampreview\n|\n|t:|1699895844\n|start\n|switch|p1a: Excadrill|Excadrill, F, shiny|100\/100\n|switch|p2a: Umbreon|Umbreon, F|100\/100\n|-ability|p1a: Excadrill|Mold Breaker\n|turn|1\n|\n|t:|1699895852\n|move|p1a: Excadrill|Stealth Rock|p2a: Umbreon\n|-sidestart|p2: king Bishop 5136|move: Stealth Rock\n|move|p2a: Umbreon|Dark Pulse|p1a: Excadrill\n|-damage|p1a: Excadrill|83\/100\n|\n|-heal|p1a: Excadrill|89\/100|[from] item: Leftovers\n|upkeep\n|turn|2\n|\n|t:|1699895863\n|move|p1a: Excadrill|Iron Head|p2a: Umbreon\n|-damage|p2a: Umbreon|71\/100\n|cant|p2a: Umbreon|flinch\n|\n|-heal|p1a: Excadrill|95\/100|[from] item: Leftovers\n|upkeep\n|turn|3\n|\n|t:|1699895870\n|move|p1a: Excadrill|Iron Head|p2a: Umbreon\n|-damage|p2a: Umbreon|40\/100\n|move|p2a: Umbreon|Shadow Ball|p1a: Excadrill\n|-damage|p1a: Excadrill|82\/100\n|\n|-heal|p1a: Excadrill|89\/100|[from] item: Leftovers\n|upkeep\n|turn|4\n|\n|t:|1699895896\n|switch|p2a: Ceruledge|Ceruledge, M|100\/100\n|-damage|p2a: Ceruledge|76\/100|[from] Stealth Rock\n|move|p1a: Excadrill|Iron Head|p2a: Ceruledge\n|-resisted|p2a: Ceruledge\n|-damage|p2a: Ceruledge|45\/100\n|\n|-heal|p1a: Excadrill|95\/100|[from] item: Leftovers\n|upkeep\n|turn|5\n|\n|t:|1699895904\n|move|p1a: Excadrill|Earthquake|p2a: Ceruledge\n|-supereffective|p2a: Ceruledge\n|-damage|p2a: Ceruledge|0 fnt\n|faint|p2a: Ceruledge\n|\n|-heal|p1a: Excadrill|100\/100|[from] item: Leftovers\n|upkeep\n|\n|t:|1699895916\n|switch|p2a: Garganacl|Garganacl, M|100\/100\n|-damage|p2a: Garganacl|88\/100|[from] Stealth Rock\n|turn|6\n|\n|t:|1699895920\n|move|p2a: Garganacl|Protect|p2a: Garganacl\n|-singleturn|p2a: Garganacl|Protect\n|move|p1a: Excadrill|Earthquake|p2a: Garganacl\n|-activate|p2a: Garganacl|move: Protect\n|\n|upkeep\n|turn|7\n|\n|t:|1699895929\n|-terastallize|p2a: Garganacl|Ground\n|move|p1a: Excadrill|Iron Head|p2a: Garganacl\n|-damage|p2a: Garganacl|62\/100\n|-damage|p1a: Excadrill|84\/100|[from] item: Rocky Helmet|[of] p2a: Garganacl\n|move|p2a: Garganacl|Salt Cure|p1a: Excadrill\n|-resisted|p1a: Excadrill\n|-damage|p1a: Excadrill|79\/100\n|-start|p1a: Excadrill|Salt Cure\n|\n|-heal|p1a: Excadrill|85\/100|[from] item: Leftovers\n|-damage|p1a: Excadrill|60\/100|[from] Salt Cure\n|upkeep\n|turn|8\n|\n|t:|1699895943\n|move|p2a: Garganacl|Protect|p2a: Garganacl\n|-singleturn|p2a: Garganacl|Protect\n|move|p1a: Excadrill|Earthquake|p2a: Garganacl\n|-activate|p2a: Garganacl|move: Protect\n|\n|-heal|p1a: Excadrill|66\/100|[from] item: Leftovers\n|-damage|p1a: Excadrill|41\/100|[from] Salt Cure\n|upkeep\n|turn|9\n|\n|t:|1699895954\n|move|p1a: Excadrill|Earthquake|p2a: Garganacl\n|-crit|p2a: Garganacl\n|-damage|p2a: Garganacl|13\/100\n|move|p2a: Garganacl|Iron Defense|p2a: Garganacl\n|-boost|p2a: Garganacl|def|2\n|\n|-heal|p1a: Excadrill|47\/100|[from] item: Leftovers\n|-damage|p1a: Excadrill|22\/100|[from] Salt Cure\n|upkeep\n|turn|10\n|\n|t:|1699895963\n|move|p2a: Garganacl|Protect|p2a: Garganacl\n|-singleturn|p2a: Garganacl|Protect\n|move|p1a: Excadrill|Earthquake|p2a: Garganacl\n|-activate|p2a: Garganacl|move: Protect\n|\n|-heal|p1a: Excadrill|28\/100|[from] item: Leftovers\n|-damage|p1a: Excadrill|3\/100|[from] Salt Cure\n|upkeep\n|turn|11\n|\n|t:|1699895974\n|move|p1a: Excadrill|Earthquake|p2a: Garganacl\n|-damage|p2a: Garganacl|0 fnt\n|faint|p2a: Garganacl\n|\n|-heal|p1a: Excadrill|9\/100|[from] item: Leftovers\n|-damage|p1a: Excadrill|0 fnt|[from] Salt Cure\n|faint|p1a: Excadrill\n|upkeep\n|\n|t:|1699895991\n|switch|p1a: Charizard|Charizard, M, shiny|100\/100\n|switch|p2a: Dusknoir|Dusknoir, M|100\/100\n|-damage|p2a: Dusknoir|88\/100|[from] Stealth Rock\n|-ability|p2a: Dusknoir|Pressure\n|turn|12\n|\n|t:|1699896001\n|detailschange|p1a: Charizard|Charizard-Mega-X, M, shiny\n|-mega|p1a: Charizard|Charizard|Charizardite X\n|move|p1a: Charizard|Dragon Dance|p1a: Charizard\n|-boost|p1a: Charizard|atk|1\n|-boost|p1a: Charizard|spe|1\n|move|p2a: Dusknoir|Trick Room|p2a: Dusknoir\n|-fieldstart|move: Trick Room|[of] p2a: Dusknoir\n|\n|upkeep\n|turn|13\n|\n|t:|1699896010\n|move|p2a: Dusknoir|Phantom Force||[still]\n|-prepare|p2a: Dusknoir|Phantom Force\n|move|p1a: Charizard|Dragon Claw|p2a: Dusknoir|[miss]\n|-miss|p1a: Charizard|p2a: Dusknoir\n|\n|upkeep\n|turn|14\n|\n|t:|1699896016\n|move|p2a: Dusknoir|Phantom Force|p1a: Charizard|[from]lockedmove\n|-damage|p1a: Charizard|57\/100\n|move|p1a: Charizard|Dragon Claw|p2a: Dusknoir\n|-damage|p2a: Dusknoir|13\/100\n|\n|upkeep\n|turn|15\n|\n|t:|1699896023\n|move|p2a: Dusknoir|Poltergeist|p1a: Charizard\n|-activate|p1a: Charizard|move: Poltergeist|Charizardite X\n|-damage|p1a: Charizard|0 fnt\n|faint|p1a: Charizard\n|\n|upkeep\n|\n|t:|1699896032\n|switch|p1a: Meowscarada|Meowscarada, F|100\/100\n|turn|16\n|\n|t:|1699896046\n|move|p2a: Dusknoir|Thunder Punch|p1a: Meowscarada\n|-resisted|p1a: Meowscarada\n|-damage|p1a: Meowscarada|82\/100\n|move|p1a: Meowscarada|Knock Off|p2a: Dusknoir\n|-supereffective|p2a: Dusknoir\n|-damage|p2a: Dusknoir|0 fnt\n|-enditem|p2a: Dusknoir|Mental Herb|[from] move: Knock Off|[of] p1a: Meowscarada\n|faint|p2a: Dusknoir\n|\n|-fieldend|move: Trick Room\n|upkeep\n|\n|t:|1699896055\n|switch|p2a: Glalie|Glalie, M|100\/100\n|-damage|p2a: Glalie|75\/100|[from] Stealth Rock\n|turn|17\n|\n|t:|1699896064\n|switch|p1a: Sandslash|Sandslash-Alola, F, shiny|100\/100\n|move|p2a: Glalie|Hail|p2a: Glalie\n|-weather|Hail\n|\n|-weather|Hail|[upkeep]\n|-heal|p2a: Glalie|82\/100|[from] ability: Ice Body\n|-heal|p2a: Glalie|88\/100|[from] item: Leftovers\n|upkeep\n|turn|18\n|\n|t:|1699896078\n|move|p1a: Sandslash|Earthquake|p2a: Glalie\n|-damage|p2a: Glalie|57\/100\n|move|p2a: Glalie|Icicle Spear|p1a: Sandslash\n|-resisted|p1a: Sandslash\n|-damage|p1a: Sandslash|98\/100\n|-resisted|p1a: Sandslash\n|-damage|p1a: Sandslash|96\/100\n|-resisted|p1a: Sandslash\n|-crit|p1a: Sandslash\n|-damage|p1a: Sandslash|93\/100\n|-resisted|p1a: Sandslash\n|-damage|p1a: Sandslash|91\/100\n|-resisted|p1a: Sandslash\n|-damage|p1a: Sandslash|88\/100\n|-hitcount|p1a: Sandslash|5\n|\n|-weather|Hail|[upkeep]\n|-heal|p2a: Glalie|63\/100|[from] ability: Ice Body\n|-heal|p2a: Glalie|69\/100|[from] item: Leftovers\n|upkeep\n|turn|19\n|\n|t:|1699896095\n|move|p1a: Sandslash|Swords Dance|p1a: Sandslash\n|-boost|p1a: Sandslash|atk|2\n|move|p2a: Glalie|Blizzard|p1a: Sandslash\n|-resisted|p1a: Sandslash\n|-damage|p1a: Sandslash|75\/100\n|\n|-weather|Hail|[upkeep]\n|-heal|p2a: Glalie|75\/100|[from] ability: Ice Body\n|-heal|p2a: Glalie|81\/100|[from] item: Leftovers\n|upkeep\n|turn|20\n|\n|t:|1699896107\n|move|p1a: Sandslash|Knock Off|p2a: Glalie\n|-damage|p2a: Glalie|27\/100\n|-enditem|p2a: Glalie|Leftovers|[from] move: Knock Off|[of] p1a: Sandslash\n|move|p2a: Glalie|Blizzard|p1a: Sandslash\n|-resisted|p1a: Sandslash\n|-damage|p1a: Sandslash|62\/100\n|\n|-weather|Hail|[upkeep]\n|-heal|p2a: Glalie|33\/100|[from] ability: Ice Body\n|upkeep\n|turn|21\n|\n|t:|1699896119\n|move|p1a: Sandslash|Triple Axel|p2a: Glalie\n|-resisted|p2a: Glalie\n|-damage|p2a: Glalie|24\/100\n|-resisted|p2a: Glalie\n|-damage|p2a: Glalie|5\/100\n|-resisted|p2a: Glalie\n|-crit|p2a: Glalie\n|-damage|p2a: Glalie|0 fnt\n|faint|p2a: Glalie\n|-hitcount|p2: Glalie|3\n|\n|-weather|none\n|upkeep\n|\n|t:|1699896126\n|switch|p2a: Medicham|Medicham, M|100\/100\n|-damage|p2a: Medicham|94\/100|[from] Stealth Rock\n|turn|22\n|\n|t:|1699896136\n|switch|p1a: Gengar|Gengar, M|100\/100\n|move|p2a: Medicham|Drain Punch|p1a: Gengar\n|-immune|p1a: Gengar\n|\n|upkeep\n|turn|23\n|\n|t:|1699896143\n|move|p2a: Medicham|Detect|p2a: Medicham\n|-singleturn|p2a: Medicham|Protect\n|move|p1a: Gengar|Shadow Ball|p2a: Medicham\n|-activate|p2a: Medicham|move: Protect\n|\n|upkeep\n|turn|24\n|\n|t:|1699896149\n|detailschange|p2a: Medicham|Medicham-Mega, M\n|-mega|p2a: Medicham|Medicham|Medichamite\n|move|p1a: Gengar|Sludge Bomb|p2a: Medicham\n|-crit|p2a: Medicham\n|-damage|p2a: Medicham|0 fnt\n|faint|p2a: Medicham\n|\n|upkeep\n|\n|t:|1699896154\n|switch|p2a: Umbreon|Umbreon, F|40\/100\n|-damage|p2a: Umbreon|28\/100|[from] Stealth Rock\n|turn|25\n|\n|t:|1699896157\n|move|p2a: Umbreon|Sucker Punch|p1a: Gengar\n|-supereffective|p1a: Gengar\n|-damage|p1a: Gengar|35\/100\n|move|p1a: Gengar|Sludge Bomb|p2a: Umbreon\n|-damage|p2a: Umbreon|4\/100\n|-enditem|p2a: Umbreon|Aguav Berry|[eat]\n|-heal|p2a: Umbreon|38\/100|[from] item: Aguav Berry\n|\n|-heal|p1a: Gengar|41\/100|[from] item: Black Sludge\n|upkeep\n|turn|26\n|\n|t:|1699896167\n|move|p2a: Umbreon|Sucker Punch|p1a: Gengar\n|-supereffective|p1a: Gengar\n|-damage|p1a: Gengar|0 fnt\n|faint|p1a: Gengar\n|\n|upkeep\n|\n|t:|1699896175\n|switch|p1a: Meowscarada|Meowscarada, F|82\/100\n|turn|27\n|\n|t:|1699896179\n|move|p2a: Umbreon|Sucker Punch|p1a: Meowscarada\n|-resisted|p1a: Meowscarada\n|-damage|p1a: Meowscarada|71\/100\n|move|p1a: Meowscarada|Flower Trick|p2a: Umbreon\n|-crit|p2a: Umbreon\n|-damage|p2a: Umbreon|0 fnt\n|faint|p2a: Umbreon\n|\n|win|Velocitar32\n|raw|Velocitar32's rating: 1000 &rarr; <strong>1046<\/strong><br \/>(+46 for winning)\n|raw|king Bishop 5136's rating: 1050 &rarr; <strong>1030<\/strong><br \/>(-20 for losing)\n","uploadtime":1699896191,"views":9,"p1id":"velocitar32","p2id":"kingbishop5136","formatid":"gen9nationaldex","rating":1030,"private":0,"password":""}