{"id":"gen9nationaldex-2000681900","p1":"pablo ruiz pikachu","p2":"BrockleeKo","format":"[Gen 9] National Dex","log":"|html|<div class=\"broadcast-blue\"><strong>[Gen 9] National Dex is currently suspecting Sneasler! For information on how to participate check out the <a href=\"https:\/\/www.smogon.com\/forums\/threads\/sv-national-dex-suspect-8-just-dance.3731534\/\">suspect thread<\/a>.<\/strong><\/div>\n|j|\u2606pablo ruiz pikachu\n|j|\u2606BrockleeKo\n|t:|1701218217\n|gametype|singles\n|player|p1|pablo ruiz pikachu|artist|1183\n|player|p2|BrockleeKo|266|1164\n|teamsize|p1|6\n|teamsize|p2|6\n|gen|9\n|tier|[Gen 9] National Dex\n|rated|\n|rule|HP Percentage Mod: HP is shown in percentages\n|rule|Endless Battle Clause: Forcing endless battles is banned\n|rule|OHKO Clause: OHKO moves are banned\n|rule|Evasion Clause: Evasion abilities, items, and moves are banned\n|rule|Evasion Abilities Clause: Evasion abilities are banned\n|rule|Evasion Items Clause: Evasion items are banned\n|rule|Evasion Moves Clause: Evasion moves are banned\n|rule|Species Clause: Limit one of each Pok\u00e9mon\n|rule|Sleep Clause Mod: Limit one foe put to sleep\n|clearpoke\n|poke|p1|Hatterene, F|\n|poke|p1|Garganacl, M|\n|poke|p1|Grimmsnarl, M|\n|poke|p1|Ting-Lu|\n|poke|p1|Serperior, F|\n|poke|p1|Sinistcha-Masterpiece|\n|poke|p2|Smeargle, F|\n|poke|p2|Porygon2|\n|poke|p2|Ditto|\n|poke|p2|Kecleon, F|\n|poke|p2|Castform, M|\n|poke|p2|Chatot, M|\n|teampreview\n|inactive|Battle timer is ON: inactive players will automatically lose when time's up. (requested by pablo ruiz pikachu)\n|\n|t:|1701218230\n|start\n|switch|p1a: rebotitos|Hatterene, F, shiny|100\/100\n|switch|p2a: Chatot|Chatot, M|100\/100\n|turn|1\n|\n|t:|1701218238\n|move|p2a: Chatot|Nasty Plot|p2a: Chatot\n|-boost|p2a: Chatot|spa|2\n|move|p1a: rebotitos|Trick|p2a: Chatot\n|-activate|p1a: rebotitos|move: Trick|[of] p2a: Chatot\n|-item|p2a: Chatot|Choice Scarf|[from] move: Trick\n|-item|p1a: rebotitos|Metronome|[from] move: Trick\n|\n|upkeep\n|turn|2\n|\n|t:|1701218255\n|move|p2a: Chatot|Chatter|p1a: rebotitos\n|-damage|p1a: rebotitos|45\/100\n|-start|p1a: rebotitos|confusion\n|-activate|p1a: rebotitos|confusion\n|-damage|p1a: rebotitos|39\/100|[from] confusion\n|\n|upkeep\n|turn|3\n|\n|t:|1701218263\n|move|p2a: Chatot|Chatter|p1a: rebotitos\n|-crit|p1a: rebotitos\n|-damage|p1a: rebotitos|0 fnt\n|faint|p1a: rebotitos\n|\n|upkeep\n|\n|t:|1701218269\n|switch|p1a: molestio|Grimmsnarl, M, shiny|100\/100\n|turn|4\n|\n|t:|1701218274\n|move|p1a: molestio|Light Screen|p1a: molestio\n|-sidestart|p1: pablo ruiz pikachu|move: Light Screen\n|move|p2a: Chatot|Chatter|p1a: molestio\n|-damage|p1a: molestio|69\/100\n|-start|p1a: molestio|confusion\n|\n|upkeep\n|turn|5\n|\n|t:|1701218282\n|-activate|p1a: molestio|confusion\n|move|p1a: molestio|Parting Shot|p2a: Chatot\n|-unboost|p2a: Chatot|atk|1\n|-unboost|p2a: Chatot|spa|1\n|\n|t:|1701218287\n|switch|p1a: hada de la sal|Garganacl, M|100\/100|[from] Parting Shot\n|move|p2a: Chatot|Chatter|p1a: hada de la sal\n|-resisted|p1a: hada de la sal\n|-damage|p1a: hada de la sal|93\/100\n|-start|p1a: hada de la sal|confusion\n|\n|-heal|p1a: hada de la sal|99\/100|[from] item: Leftovers\n|upkeep\n|turn|6\n|\n|t:|1701218301\n|switch|p2a: Porygon2|Porygon2|100\/100\n|-activate|p1a: hada de la sal|confusion\n|move|p1a: hada de la sal|Salt Cure|p2a: Porygon2\n|-damage|p2a: Porygon2|93\/100\n|-start|p2a: Porygon2|Salt Cure\n|\n|-heal|p1a: hada de la sal|100\/100|[from] item: Leftovers\n|-damage|p2a: Porygon2|81\/100|[from] Salt Cure\n|upkeep\n|turn|7\n|\n|t:|1701218312\n|switch|p1a: molestio|Grimmsnarl, M, shiny|69\/100\n|move|p2a: Porygon2|Toxic|p1a: molestio\n|-status|p1a: molestio|tox\n|\n|-damage|p1a: molestio|63\/100 tox|[from] psn\n|-damage|p2a: Porygon2|69\/100|[from] Salt Cure\n|upkeep\n|turn|8\n|\n|t:|1701218326\n|switch|p2a: Castform|Castform, M|100\/100\n|move|p1a: molestio|Taunt|p2a: Castform\n|-start|p2a: Castform|move: Taunt\n|\n|-damage|p1a: molestio|51\/100 tox|[from] psn\n|upkeep\n|turn|9\n|\n|t:|1701218337\n|move|p1a: molestio|Parting Shot|p2a: Castform\n|-unboost|p2a: Castform|atk|1\n|-unboost|p2a: Castform|spa|1\n|\n|t:|1701218341\n|switch|p1a: la v\u00edbora de tu ex|Serperior, F|100\/100|[from] Parting Shot\n|move|p2a: Castform|Hurricane|p1a: la v\u00edbora de tu ex\n|-supereffective|p1a: la v\u00edbora de tu ex\n|-damage|p1a: la v\u00edbora de tu ex|73\/100\n|\n|-heal|p1a: la v\u00edbora de tu ex|79\/100|[from] item: Leftovers\n|upkeep\n|turn|10\n|\n|t:|1701218352\n|move|p1a: la v\u00edbora de tu ex|Leaf Storm|p2a: Castform\n|-damage|p2a: Castform|27\/100\n|-boost|p1a: la v\u00edbora de tu ex|spa|2\n|move|p2a: Castform|Hurricane|p1a: la v\u00edbora de tu ex\n|-supereffective|p1a: la v\u00edbora de tu ex\n|-damage|p1a: la v\u00edbora de tu ex|51\/100\n|\n|-heal|p1a: la v\u00edbora de tu ex|57\/100|[from] item: Leftovers\n|-end|p2a: Castform|move: Taunt\n|upkeep\n|turn|11\n|\n|t:|1701218364\n|-terastallize|p1a: la v\u00edbora de tu ex|Fire\n|move|p1a: la v\u00edbora de tu ex|Substitute|p1a: la v\u00edbora de tu ex\n|-start|p1a: la v\u00edbora de tu ex|Substitute\n|-damage|p1a: la v\u00edbora de tu ex|32\/100\n|move|p2a: Castform|Hurricane|p1a: la v\u00edbora de tu ex\n|-activate|p1a: la v\u00edbora de tu ex|move: Substitute|[damage]\n|\n|-heal|p1a: la v\u00edbora de tu ex|39\/100|[from] item: Leftovers\n|-sideend|p1: pablo ruiz pikachu|move: Light Screen\n|upkeep\n|turn|12\n|\n|t:|1701218375\n|move|p1a: la v\u00edbora de tu ex|Leaf Storm|p2a: Castform\n|-damage|p2a: Castform|0 fnt\n|-boost|p1a: la v\u00edbora de tu ex|spa|2\n|faint|p2a: Castform\n|\n|-heal|p1a: la v\u00edbora de tu ex|45\/100|[from] item: Leftovers\n|upkeep\n|\n|t:|1701218381\n|switch|p2a: Chatot|Chatot, M|100\/100\n|turn|13\n|\n|t:|1701218390\n|move|p2a: Chatot|Chatter|p1a: la v\u00edbora de tu ex\n|-damage|p1a: la v\u00edbora de tu ex|13\/100\n|-start|p1a: la v\u00edbora de tu ex|confusion\n|-activate|p1a: la v\u00edbora de tu ex|confusion\n|move|p1a: la v\u00edbora de tu ex|Hidden Power|p2a: Chatot\n|-damage|p2a: Chatot|0 fnt\n|faint|p2a: Chatot\n|\n|-heal|p1a: la v\u00edbora de tu ex|19\/100|[from] item: Leftovers\n|upkeep\n|\n|t:|1701218397\n|switch|p2a: Kecleon|Kecleon, F|100\/100\n|turn|14\n|\n|t:|1701218406\n|move|p2a: Kecleon|Fake Out|p1a: la v\u00edbora de tu ex\n|-end|p1a: la v\u00edbora de tu ex|Substitute\n|-activate|p1a: la v\u00edbora de tu ex|confusion\n|move|p1a: la v\u00edbora de tu ex|Leaf Storm|p2a: Kecleon\n|-damage|p2a: Kecleon|24\/100\n|-boost|p1a: la v\u00edbora de tu ex|spa|2\n|\n|-heal|p1a: la v\u00edbora de tu ex|25\/100|[from] item: Leftovers\n|upkeep\n|turn|15\n|\n|t:|1701218416\n|move|p2a: Kecleon|Sucker Punch|p1a: la v\u00edbora de tu ex\n|-start|p2a: Kecleon|typechange|Dark|[from] ability: Protean\n|-damage|p1a: la v\u00edbora de tu ex|0 fnt\n|faint|p1a: la v\u00edbora de tu ex\n|\n|upkeep\n|\n|t:|1701218424\n|switch|p1a: bicho de tierra|Ting-Lu|100\/100\n|-ability|p1a: bicho de tierra|Vessel of Ruin\n|turn|16\n|\n|t:|1701218431\n|move|p1a: bicho de tierra|Stealth Rock|p2a: Kecleon\n|-sidestart|p2: BrockleeKo|move: Stealth Rock\n|move|p2a: Kecleon|Power-Up Punch|p1a: bicho de tierra\n|-supereffective|p1a: bicho de tierra\n|-damage|p1a: bicho de tierra|88\/100\n|-boost|p2a: Kecleon|atk|1\n|\n|-heal|p1a: bicho de tierra|94\/100|[from] item: Leftovers\n|upkeep\n|turn|17\n|\n|t:|1701218440\n|move|p1a: bicho de tierra|Earthquake|p2a: Kecleon\n|-damage|p2a: Kecleon|0 fnt\n|faint|p2a: Kecleon\n|\n|-heal|p1a: bicho de tierra|99\/100|[from] item: Leftovers\n|upkeep\n|\n|t:|1701218444\n|switch|p2a: Porygon2|Porygon2|69\/100\n|-damage|p2a: Porygon2|56\/100|[from] Stealth Rock\n|turn|18\n|\n|t:|1701218453\n|move|p2a: Porygon2|Recover|p2a: Porygon2\n|-heal|p2a: Porygon2|100\/100\n|move|p1a: bicho de tierra|Whirlwind|p2a: Porygon2\n|drag|p2a: Ditto|Ditto|100\/100\n|-damage|p2a: Ditto|88\/100|[from] Stealth Rock\n|-transform|p2a: Ditto|p1a: bicho de tierra|[from] ability: Imposter\n|-ability|p2a: Ditto|Vessel of Ruin\n|\n|-heal|p1a: bicho de tierra|100\/100|[from] item: Leftovers\n|upkeep\n|turn|19\n|\n|t:|1701218475\n|move|p2a: Ditto|Stealth Rock|p1a: bicho de tierra\n|-sidestart|p1: pablo ruiz pikachu|move: Stealth Rock\n|move|p1a: bicho de tierra|Earthquake|p2a: Ditto\n|-damage|p2a: Ditto|51\/100\n|\n|upkeep\n|turn|20\n|\n|t:|1701218482\n|switch|p2a: Porygon2|Porygon2|100\/100\n|-damage|p2a: Porygon2|88\/100|[from] Stealth Rock\n|move|p1a: bicho de tierra|Earthquake|p2a: Porygon2\n|-damage|p2a: Porygon2|70\/100\n|\n|upkeep\n|turn|21\n|\n|t:|1701218489\n|move|p2a: Porygon2|Ice Beam|p1a: bicho de tierra\n|-supereffective|p1a: bicho de tierra\n|-damage|p1a: bicho de tierra|83\/100\n|move|p1a: bicho de tierra|Whirlwind|p2a: Porygon2\n|drag|p2a: Ditto|Ditto|51\/100\n|-damage|p2a: Ditto|38\/100|[from] Stealth Rock\n|-transform|p2a: Ditto|p1a: bicho de tierra|[from] ability: Imposter\n|-ability|p2a: Ditto|Vessel of Ruin\n|\n|-heal|p1a: bicho de tierra|89\/100|[from] item: Leftovers\n|upkeep\n|turn|22\n|\n|t:|1701218503\n|move|p1a: bicho de tierra|Ruination|p2a: Ditto\n|-damage|p2a: Ditto|20\/100\n|move|p2a: Ditto|Whirlwind|p1a: bicho de tierra\n|drag|p1a: hada de la sal|Garganacl, M|100\/100\n|-damage|p1a: hada de la sal|88\/100|[from] Stealth Rock\n|\n|-heal|p1a: hada de la sal|94\/100|[from] item: Leftovers\n|upkeep\n|turn|23\n|\n|t:|1701218515\n|move|p1a: hada de la sal|Salt Cure|p2a: Ditto\n|-resisted|p2a: Ditto\n|-damage|p2a: Ditto|13\/100\n|-start|p2a: Ditto|Salt Cure\n|move|p2a: Ditto|Whirlwind|p1a: hada de la sal\n|drag|p1a: bicho de tierra|Ting-Lu|89\/100\n|-damage|p1a: bicho de tierra|83\/100|[from] Stealth Rock\n|-ability|p1a: bicho de tierra|Vessel of Ruin\n|\n|-heal|p1a: bicho de tierra|89\/100|[from] item: Leftovers\n|-damage|p2a: Ditto|1\/100|[from] Salt Cure\n|upkeep\n|turn|24\n|\n|t:|1701218529\n|move|p1a: bicho de tierra|Ruination|p2a: Ditto\n|-damage|p2a: Ditto|0 fnt\n|faint|p2a: Ditto\n|\n|-heal|p1a: bicho de tierra|95\/100|[from] item: Leftovers\n|upkeep\n|\n|t:|1701218532\n|switch|p2a: Porygon2|Porygon2|70\/100\n|-damage|p2a: Porygon2|57\/100|[from] Stealth Rock\n|turn|25\n|\n|t:|1701218541\n|move|p2a: Porygon2|Toxic|p1a: bicho de tierra\n|-status|p1a: bicho de tierra|tox\n|move|p1a: bicho de tierra|Whirlwind|p2a: Porygon2\n|drag|p2a: Smeargle|Smeargle, F|100\/100\n|-damage|p2a: Smeargle|88\/100|[from] Stealth Rock\n|\n|-heal|p1a: bicho de tierra|100\/100 tox|[from] item: Leftovers\n|-damage|p1a: bicho de tierra|94\/100 tox|[from] psn\n|upkeep\n|turn|26\n|\n|t:|1701218562\n|move|p2a: Smeargle|Revival Blessing|p2a: Smeargle\n|\n|t:|1701218569\n|-heal|p2: Chatot|50\/100|[from] move: Revival Blessing\n|move|p1a: bicho de tierra|Earthquake|p2a: Smeargle\n|-damage|p2a: Smeargle|0 fnt\n|faint|p2a: Smeargle\n|\n|-heal|p1a: bicho de tierra|100\/100 tox|[from] item: Leftovers\n|-damage|p1a: bicho de tierra|88\/100 tox|[from] psn\n|upkeep\n|\n|t:|1701218576\n|switch|p2a: Porygon2|Porygon2|57\/100\n|-damage|p2a: Porygon2|45\/100|[from] Stealth Rock\n|turn|27\n|\n|t:|1701218585\n|move|p2a: Porygon2|Recover|p2a: Porygon2\n|-heal|p2a: Porygon2|95\/100\n|move|p1a: bicho de tierra|Whirlwind|p2a: Porygon2\n|drag|p2a: Chatot|Chatot, M|50\/100\n|-damage|p2a: Chatot|25\/100|[from] Stealth Rock\n|\n|-heal|p1a: bicho de tierra|94\/100 tox|[from] item: Leftovers\n|-damage|p1a: bicho de tierra|76\/100 tox|[from] psn\n|upkeep\n|turn|28\n|\n|t:|1701218598\n|-terastallize|p2a: Chatot|Normal\n|move|p2a: Chatot|Boomburst|p1a: bicho de tierra\n|-damage|p1a: bicho de tierra|47\/100 tox\n|move|p1a: bicho de tierra|Whirlwind|p2a: Chatot\n|drag|p2a: Porygon2|Porygon2|95\/100\n|-damage|p2a: Porygon2|83\/100|[from] Stealth Rock\n|\n|-heal|p1a: bicho de tierra|53\/100 tox|[from] item: Leftovers\n|-damage|p1a: bicho de tierra|29\/100 tox|[from] psn\n|upkeep\n|turn|29\n|\n|t:|1701218617\n|move|p2a: Porygon2|Ice Beam|p1a: bicho de tierra\n|-supereffective|p1a: bicho de tierra\n|-damage|p1a: bicho de tierra|10\/100 tox\n|move|p1a: bicho de tierra|Whirlwind|p2a: Porygon2\n|drag|p2a: Chatot|Chatot, M, tera:Normal|25\/100\n|-damage|p2a: Chatot|13\/100|[from] Stealth Rock\n|\n|-heal|p1a: bicho de tierra|16\/100 tox|[from] item: Leftovers\n|-damage|p1a: bicho de tierra|0 fnt|[from] psn\n|faint|p1a: bicho de tierra\n|upkeep\n|\n|t:|1701218629\n|switch|p1a: molestio|Grimmsnarl, M, shiny|51\/100 tox\n|-damage|p1a: molestio|39\/100 tox|[from] Stealth Rock\n|turn|30\n|\n|t:|1701218641\n|move|p1a: molestio|Light Screen|p1a: molestio\n|-sidestart|p1: pablo ruiz pikachu|move: Light Screen\n|move|p2a: Chatot|Nasty Plot|p2a: Chatot\n|-boost|p2a: Chatot|spa|2\n|\n|-damage|p1a: molestio|32\/100 tox|[from] psn\n|upkeep\n|turn|31\n|\n|t:|1701218649\n|move|p1a: molestio|Taunt|p2a: Chatot\n|-start|p2a: Chatot|move: Taunt\n|cant|p2a: Chatot|move: Taunt|Nasty Plot\n|\n|-damage|p1a: molestio|20\/100 tox|[from] psn\n|upkeep\n|turn|32\n|\n|t:|1701218662\n|move|p1a: molestio|Parting Shot|p2a: Chatot\n|-unboost|p2a: Chatot|atk|1\n|-unboost|p2a: Chatot|spa|1\n|\n|t:|1701218666\n|switch|p1a: hada de la sal|Garganacl, M|94\/100|[from] Parting Shot\n|-damage|p1a: hada de la sal|82\/100|[from] Stealth Rock\n|-activate|p2a: Chatot|move: Struggle\n|move|p2a: Chatot|Struggle|p1a: hada de la sal\n|-damage|p1a: hada de la sal|80\/100\n|-damage|p2a: Chatot|0 fnt|[from] recoil\n|faint|p2a: Chatot\n|\n|-heal|p1a: hada de la sal|86\/100|[from] item: Leftovers\n|upkeep\n|\n|t:|1701218672\n|switch|p2a: Porygon2|Porygon2|83\/100\n|-damage|p2a: Porygon2|71\/100|[from] Stealth Rock\n|turn|33\n|\n|t:|1701218682\n|move|p2a: Porygon2|Toxic|p1a: hada de la sal\n|-immune|p1a: hada de la sal|[from] ability: Purifying Salt\n|move|p1a: hada de la sal|Salt Cure|p2a: Porygon2\n|-damage|p2a: Porygon2|64\/100\n|-start|p2a: Porygon2|Salt Cure\n|\n|-heal|p1a: hada de la sal|92\/100|[from] item: Leftovers\n|-damage|p2a: Porygon2|52\/100|[from] Salt Cure\n|upkeep\n|turn|34\n|\n|t:|1701218692\n|move|p2a: Porygon2|Recover|p2a: Porygon2\n|-heal|p2a: Porygon2|100\/100\n|move|p1a: hada de la sal|Curse|p1a: hada de la sal\n|-unboost|p1a: hada de la sal|spe|1\n|-boost|p1a: hada de la sal|atk|1\n|-boost|p1a: hada de la sal|def|1\n|\n|-heal|p1a: hada de la sal|98\/100|[from] item: Leftovers\n|-damage|p2a: Porygon2|88\/100|[from] Salt Cure\n|upkeep\n|turn|35\n|\n|t:|1701218703\n|move|p2a: Porygon2|Ice Beam|p1a: hada de la sal\n|-damage|p1a: hada de la sal|90\/100\n|move|p1a: hada de la sal|Curse|p1a: hada de la sal\n|-unboost|p1a: hada de la sal|spe|1\n|-boost|p1a: hada de la sal|atk|1\n|-boost|p1a: hada de la sal|def|1\n|\n|-heal|p1a: hada de la sal|96\/100|[from] item: Leftovers\n|-damage|p2a: Porygon2|76\/100|[from] Salt Cure\n|upkeep\n|turn|36\n|-message|BrockleeKo forfeited.\n|\n|win|pablo ruiz pikachu\n|raw|pablo ruiz pikachu's rating: 1183 &rarr; <strong>1207<\/strong><br \/>(+24 for winning)\n|raw|BrockleeKo's rating: 1164 &rarr; <strong>1140<\/strong><br \/>(-24 for losing)\n|l|\u2606BrockleeKo\n|c|\u2606pablo ruiz pikachu|Gg\n","uploadtime":1701218722,"views":0,"p1id":"pabloruizpikachu","p2id":"brockleeko","formatid":"gen9nationaldex","rating":1140,"private":0,"password":""}