{"id":"gen9nationaldex-1997519039","p1":"Agency Employee","p2":"runeatest","format":"[Gen 9] National Dex","log":"|html|<div class=\"broadcast-blue\"><strong>[Gen 9] National Dex is currently suspecting Sneasler! For information on how to participate check out the <a href=\"https:\/\/www.smogon.com\/forums\/threads\/sv-national-dex-suspect-8-just-dance.3731534\/\">suspect thread<\/a>.<\/strong><\/div>\n|j|\u2606Agency Employee\n|j|\u2606runeatest\n|t:|1700819150\n|gametype|singles\n|player|p1|Agency Employee|102|1194\n|player|p2|runeatest|fisherman-gen4|1177\n|teamsize|p1|6\n|teamsize|p2|6\n|gen|9\n|tier|[Gen 9] National Dex\n|rated|\n|rule|HP Percentage Mod: HP is shown in percentages\n|rule|Endless Battle Clause: Forcing endless battles is banned\n|rule|OHKO Clause: OHKO moves are banned\n|rule|Evasion Clause: Evasion abilities, items, and moves are banned\n|rule|Evasion Abilities Clause: Evasion abilities are banned\n|rule|Evasion Items Clause: Evasion items are banned\n|rule|Evasion Moves Clause: Evasion moves are banned\n|rule|Species Clause: Limit one of each Pok\u00e9mon\n|rule|Sleep Clause Mod: Limit one foe put to sleep\n|clearpoke\n|poke|p1|Ribombee, M|\n|poke|p1|Skeledirge, M|\n|poke|p1|Kleavor, F|\n|poke|p1|Banette, F|\n|poke|p1|Greninja-*, M|\n|poke|p1|Ferrothorn, M|\n|poke|p2|Vaporeon, M|\n|poke|p2|Salamence, M|\n|poke|p2|Hitmontop, M|\n|poke|p2|Electivire, M|\n|poke|p2|Togekiss, M|\n|poke|p2|Houndoom, M|\n|teampreview\n|inactive|Battle timer is ON: inactive players will automatically lose when time's up. (requested by runeatest)\n|\n|t:|1700819175\n|start\n|switch|p1a: Ribombee|Ribombee, M, shiny|100\/100\n|switch|p2a: Salamence|Salamence, M|100\/100\n|-ability|p2a: Salamence|Intimidate|boost\n|-unboost|p1a: Ribombee|atk|1\n|turn|1\n|\n|t:|1700819183\n|move|p1a: Ribombee|Sticky Web|p2a: Salamence\n|-sidestart|p2: runeatest|move: Sticky Web\n|move|p2a: Salamence|Air Slash|p1a: Ribombee\n|-supereffective|p1a: Ribombee\n|-enditem|p1a: Ribombee|Focus Sash\n|-damage|p1a: Ribombee|1\/100\n|\n|upkeep\n|turn|2\n|\n|t:|1700819192\n|switch|p2a: Togekiss|Togekiss, M, shiny|100\/100\n|move|p1a: Ribombee|Moonblast|p2a: Togekiss\n|-damage|p2a: Togekiss|62\/100\n|\n|upkeep\n|turn|3\n|\n|t:|1700819198\n|move|p1a: Ribombee|Moonblast|p2a: Togekiss\n|-damage|p2a: Togekiss|21\/100\n|-unboost|p2a: Togekiss|spa|1\n|move|p2a: Togekiss|Thunder Wave|p1a: Ribombee\n|-status|p1a: Ribombee|par\n|\n|upkeep\n|turn|4\n|\n|t:|1700819205\n|switch|p1a: Kleavor|Kleavor, F|100\/100\n|move|p2a: Togekiss|Dazzling Gleam|p1a: Kleavor\n|-damage|p1a: Kleavor|60\/100\n|\n|upkeep\n|turn|5\n|\n|t:|1700819212\n|move|p2a: Togekiss|Air Slash|p1a: Kleavor\n|-damage|p1a: Kleavor|24\/100\n|cant|p1a: Kleavor|flinch\n|\n|upkeep\n|turn|6\n|\n|t:|1700819216\n|move|p2a: Togekiss|Air Slash|p1a: Kleavor\n|-damage|p1a: Kleavor|0 fnt\n|faint|p1a: Kleavor\n|\n|upkeep\n|\n|t:|1700819222\n|switch|p1a: Greninja|Greninja, M|100\/100\n|turn|7\n|\n|t:|1700819225\n|switch|p2a: Vaporeon|Vaporeon, M|100\/100\n|-activate|p2a: Vaporeon|move: Sticky Web\n|-unboost|p2a: Vaporeon|spe|1\n|move|p1a: Greninja|Ice Beam|p2a: Vaporeon\n|-resisted|p2a: Vaporeon\n|-damage|p2a: Vaporeon|83\/100\n|-damage|p1a: Greninja|91\/100|[from] item: Life Orb\n|\n|-heal|p2a: Vaporeon|90\/100|[from] item: Leftovers\n|upkeep\n|turn|8\n|\n|t:|1700819237\n|switch|p1a: Ferrothorn|Ferrothorn, M|100\/100\n|move|p2a: Vaporeon|Hidden Power|p1a: Ferrothorn\n|-resisted|p1a: Ferrothorn\n|-damage|p1a: Ferrothorn|93\/100\n|\n|-heal|p2a: Vaporeon|96\/100|[from] item: Leftovers\n|-heal|p1a: Ferrothorn|99\/100|[from] item: Leftovers\n|upkeep\n|turn|9\n|\n|t:|1700819245\n|switch|p2a: Salamence|Salamence, M|100\/100\n|-ability|p2a: Salamence|Intimidate|boost\n|-unboost|p1a: Ferrothorn|atk|1\n|move|p1a: Ferrothorn|Toxic|p2a: Salamence\n|-status|p2a: Salamence|tox\n|\n|-heal|p1a: Ferrothorn|100\/100|[from] item: Leftovers\n|-damage|p2a: Salamence|94\/100 tox|[from] psn\n|upkeep\n|turn|10\n|\n|t:|1700819255\n|move|p2a: Salamence|Flamethrower|p1a: Ferrothorn\n|-supereffective|p1a: Ferrothorn\n|-damage|p1a: Ferrothorn|0 fnt\n|faint|p1a: Ferrothorn\n|\n|-damage|p2a: Salamence|82\/100 tox|[from] psn\n|upkeep\n|\n|t:|1700819267\n|switch|p1a: Greninja|Greninja, M|91\/100\n|turn|11\n|\n|t:|1700819271\n|switch|p2a: Vaporeon|Vaporeon, M|96\/100\n|-activate|p2a: Vaporeon|move: Sticky Web\n|-unboost|p2a: Vaporeon|spe|1\n|move|p1a: Greninja|Grass Knot|p2a: Vaporeon\n|-supereffective|p2a: Vaporeon\n|-damage|p2a: Vaporeon|49\/100\n|-damage|p1a: Greninja|81\/100|[from] item: Life Orb\n|\n|-heal|p2a: Vaporeon|55\/100|[from] item: Leftovers\n|upkeep\n|turn|12\n|\n|t:|1700819285\n|move|p1a: Greninja|Dark Pulse|p2a: Vaporeon\n|-damage|p2a: Vaporeon|9\/100\n|-damage|p1a: Greninja|71\/100|[from] item: Life Orb\n|cant|p2a: Vaporeon|flinch\n|\n|-heal|p2a: Vaporeon|16\/100|[from] item: Leftovers\n|upkeep\n|turn|13\n|\n|t:|1700819300\n|switch|p2a: Salamence|Salamence, M|82\/100 tox\n|-ability|p2a: Salamence|Intimidate|boost\n|-unboost|p1a: Greninja|atk|1\n|move|p1a: Greninja|Ice Beam|p2a: Salamence\n|-supereffective|p2a: Salamence\n|-damage|p2a: Salamence|0 fnt\n|faint|p2a: Salamence\n|-ability|p1a: Greninja|Battle Bond|boost\n|-boost|p1a: Greninja|atk|1\n|-boost|p1a: Greninja|spa|1\n|-boost|p1a: Greninja|spe|1\n|-activate|p1a: Greninja|ability: Battle Bond\n|-damage|p1a: Greninja|61\/100|[from] item: Life Orb\n|\n|upkeep\n|\n|t:|1700819311\n|switch|p2a: Hitmontop|Hitmontop, M|100\/100\n|-activate|p2a: Hitmontop|move: Sticky Web\n|-unboost|p2a: Hitmontop|spe|1\n|turn|14\n|\n|t:|1700819316\n|move|p2a: Hitmontop|Fake Out|p1a: Greninja\n|-damage|p1a: Greninja|28\/100\n|cant|p1a: Greninja|flinch\n|\n|upkeep\n|turn|15\n|\n|t:|1700819320\n|move|p1a: Greninja|Hydro Pump|p2a: Hitmontop\n|-enditem|p2a: Hitmontop|Focus Sash\n|-damage|p2a: Hitmontop|1\/100\n|-damage|p1a: Greninja|19\/100|[from] item: Life Orb\n|move|p2a: Hitmontop|Rapid Spin|p1a: Greninja\n|-damage|p1a: Greninja|0 fnt\n|-boost|p2a: Hitmontop|spe|1\n|-sideend|p2: runeatest|Sticky Web|[from] move: Rapid Spin|[of] p2a: Hitmontop\n|faint|p1a: Greninja\n|\n|upkeep\n|\n|t:|1700819326\n|switch|p1a: Banette|Banette, F, shiny|100\/100\n|turn|16\n|\n|t:|1700819332\n|detailschange|p1a: Banette|Banette-Mega, F, shiny\n|-mega|p1a: Banette|Banette|Banettite\n|move|p2a: Hitmontop|Sucker Punch|p1a: Banette\n|-supereffective|p1a: Banette\n|-damage|p1a: Banette|31\/100\n|move|p1a: Banette|Shadow Claw|p2a: Hitmontop\n|-damage|p2a: Hitmontop|0 fnt\n|faint|p2a: Hitmontop\n|\n|upkeep\n|\n|t:|1700819343\n|switch|p2a: Togekiss|Togekiss, M, shiny|21\/100\n|turn|17\n|\n|t:|1700819348\n|switch|p1a: Skeledirge|Skeledirge, M|100\/100\n|move|p2a: Togekiss|Dazzling Gleam|p1a: Skeledirge\n|-resisted|p1a: Skeledirge\n|-damage|p1a: Skeledirge|80\/100\n|\n|upkeep\n|turn|18\n|\n|t:|1700819357\n|switch|p2a: Houndoom|Houndoom, M|100\/100\n|move|p1a: Skeledirge|Torch Song|p2a: Houndoom\n|-start|p2a: Houndoom|ability: Flash Fire\n|\n|upkeep\n|turn|19\n|\n|t:|1700819363\n|switch|p1a: Ribombee|Ribombee, M, shiny|1\/100 par\n|move|p2a: Houndoom|Dark Pulse|p1a: Ribombee\n|-resisted|p1a: Ribombee\n|-damage|p1a: Ribombee|0 fnt\n|faint|p1a: Ribombee\n|\n|upkeep\n|\n|t:|1700819365\n|switch|p1a: Banette|Banette-Mega, F, shiny|31\/100\n|turn|20\n|\n|t:|1700819371\n|-end|p2a: Houndoom|ability: Flash Fire|[silent]\n|switch|p2a: Togekiss|Togekiss, M, shiny|21\/100\n|move|p1a: Banette|Destiny Bond|p1a: Banette\n|-singlemove|p1a: Banette|Destiny Bond\n|\n|upkeep\n|turn|21\n|\n|t:|1700819376\n|switch|p1a: Skeledirge|Skeledirge, M|80\/100\n|move|p2a: Togekiss|Roost|p2a: Togekiss\n|-heal|p2a: Togekiss|71\/100\n|-singleturn|p2a: Togekiss|move: Roost\n|\n|upkeep\n|turn|22\n|\n|t:|1700819383\n|switch|p2a: Houndoom|Houndoom, M|100\/100\n|move|p1a: Skeledirge|Will-O-Wisp|p2a: Houndoom\n|-start|p2a: Houndoom|ability: Flash Fire\n|\n|upkeep\n|turn|23\n|\n|t:|1700819390\n|move|p2a: Houndoom|Dark Pulse|p1a: Skeledirge\n|-supereffective|p1a: Skeledirge\n|-damage|p1a: Skeledirge|0 fnt\n|faint|p1a: Skeledirge\n|\n|upkeep\n|\n|t:|1700819391\n|switch|p1a: Banette|Banette-Mega, F, shiny|31\/100\n|turn|24\n|-message|Agency Employee forfeited.\n|\n|win|runeatest\n|raw|Agency Employee's rating: 1194 &rarr; <strong>1168<\/strong><br \/>(-26 for losing)\n|raw|runeatest's rating: 1177 &rarr; <strong>1203<\/strong><br \/>(+26 for winning)\n|l|\u2606Agency Employee\n","uploadtime":1700819400,"views":4,"p1id":"agencyemployee","p2id":"runeatest","formatid":"gen9nationaldex","rating":1168,"private":0,"password":""}