{"id":"gen9nationaldex-1991332655","p1":"SnaZzyIsCool","p2":"ShadowRex727","format":"[Gen 9] National Dex","log":"|j|\u2606SnaZzyIsCool\n|j|\u2606ShadowRex727\n|t:|1700068360\n|gametype|singles\n|player|p1|SnaZzyIsCool|ethan|1225\n|player|p2|ShadowRex727|carmine|1276\n|teamsize|p1|6\n|teamsize|p2|6\n|gen|9\n|tier|[Gen 9] National Dex\n|rated|\n|rule|HP Percentage Mod: HP is shown in percentages\n|rule|Endless Battle Clause: Forcing endless battles is banned\n|rule|OHKO Clause: OHKO moves are banned\n|rule|Evasion Clause: Evasion abilities, items, and moves are banned\n|rule|Evasion Abilities Clause: Evasion abilities are banned\n|rule|Evasion Items Clause: Evasion items are banned\n|rule|Evasion Moves Clause: Evasion moves are banned\n|rule|Species Clause: Limit one of each Pok\u00e9mon\n|rule|Sleep Clause Mod: Limit one foe put to sleep\n|clearpoke\n|poke|p1|Ninetales, M|\n|poke|p1|Houndoom, F|\n|poke|p1|Venusaur, M|\n|poke|p1|Rotom-Wash|\n|poke|p1|Gliscor, F|\n|poke|p1|Kartana|\n|poke|p2|Tyrantrum, F|\n|poke|p2|Landorus-Therian, M|\n|poke|p2|Samurott-Hisui, F|\n|poke|p2|Starmie|\n|poke|p2|Enamorus, F|\n|poke|p2|Ninetales-Alola, F|\n|teampreview\n|inactive|Battle timer is ON: inactive players will automatically lose when time's up. (requested by ShadowRex727)\n|\n|t:|1700068369\n|start\n|switch|p1a: Ninetales|Ninetales, M, shiny|100\/100\n|switch|p2a: Samurott|Samurott-Hisui, F|100\/100\n|-weather|SunnyDay|[from] ability: Drought|[of] p1a: Ninetales\n|turn|1\n|\n|t:|1700068387\n|move|p1a: Ninetales|Solar Beam||[still]\n|-prepare|p1a: Ninetales|Solar Beam\n|-anim|p1a: Ninetales|Solar Beam|p2a: Samurott\n|-supereffective|p2a: Samurott\n|-damage|p2a: Samurott|18\/100\n|move|p2a: Samurott|Flip Turn|p1a: Ninetales\n|-supereffective|p1a: Ninetales\n|-damage|p1a: Ninetales|64\/100\n|\n|t:|1700068400\n|switch|p2a: Ninetales|Ninetales-Alola, F|100\/100|[from] Flip Turn\n|-weather|Snow|[from] ability: Snow Warning|[of] p2a: Ninetales\n|\n|-weather|Snow|[upkeep]\n|upkeep\n|turn|2\n|\n|t:|1700068406\n|switch|p1a: Rotom|Rotom-Wash|100\/100\n|move|p2a: Ninetales|Aurora Veil|p2a: Ninetales\n|-sidestart|p2: ShadowRex727|move: Aurora Veil\n|\n|-weather|Snow|[upkeep]\n|upkeep\n|turn|3\n|\n|t:|1700068430\n|move|p2a: Ninetales|Toxic|p1a: Rotom\n|-status|p1a: Rotom|tox\n|move|p1a: Rotom|Defog|p2a: Ninetales\n|-unboost|p2a: Ninetales|evasion|1\n|-sideend|p2: ShadowRex727|move: Aurora Veil\n|\n|-weather|Snow|[upkeep]\n|-damage|p1a: Rotom|95\/100 tox|[from] psn\n|upkeep\n|turn|4\n|\n|t:|1700068439\n|move|p2a: Ninetales|Moonblast|p1a: Rotom\n|-damage|p1a: Rotom|57\/100 tox\n|move|p1a: Rotom|Volt Switch|p2a: Ninetales\n|-damage|p2a: Ninetales|72\/100\n|\n|t:|1700068444\n|switch|p1a: Kartana|Kartana|100\/100|[from] Volt Switch\n|\n|-weather|Snow|[upkeep]\n|upkeep\n|turn|5\n|\n|t:|1700068448\n|move|p1a: Kartana|Smart Strike|p2a: Ninetales\n|-supereffective|p2a: Ninetales\n|-damage|p2a: Ninetales|0 fnt\n|faint|p2a: Ninetales\n|-ability|p1a: Kartana|Beast Boost|boost\n|-boost|p1a: Kartana|atk|1\n|\n|-weather|none\n|upkeep\n|\n|t:|1700068454\n|switch|p2a: Enamorus|Enamorus, F|100\/100\n|turn|6\n|\n|t:|1700068458\n|move|p1a: Kartana|Smart Strike|p2a: Enamorus\n|-supereffective|p2a: Enamorus\n|-damage|p2a: Enamorus|0 fnt\n|faint|p2a: Enamorus\n|-ability|p1a: Kartana|Beast Boost|boost\n|-boost|p1a: Kartana|atk|1\n|\n|upkeep\n|\n|t:|1700068462\n|switch|p2a: Landorus|Landorus-Therian, M|100\/100\n|-ability|p2a: Landorus|Intimidate|boost\n|-unboost|p1a: Kartana|atk|1\n|turn|7\n|\n|t:|1700068476\n|switch|p1a: Rotom|Rotom-Wash|57\/100 tox\n|move|p2a: Landorus|Earthquake|p1a: Rotom\n|-immune|p1a: Rotom|[from] ability: Levitate\n|\n|-heal|p1a: Rotom|63\/100 tox|[from] item: Leftovers\n|-damage|p1a: Rotom|57\/100 tox|[from] psn\n|upkeep\n|turn|8\n|\n|t:|1700068492\n|move|p2a: Landorus|Knock Off|p1a: Rotom\n|-damage|p1a: Rotom|29\/100 tox\n|-enditem|p1a: Rotom|Leftovers|[from] move: Knock Off|[of] p2a: Landorus\n|move|p1a: Rotom|Hydro Pump|p2a: Landorus\n|-supereffective|p2a: Landorus\n|-damage|p2a: Landorus|0 fnt\n|faint|p2a: Landorus\n|\n|-damage|p1a: Rotom|17\/100 tox|[from] psn\n|upkeep\n|\n|t:|1700068498\n|switch|p2a: Tyrantrum|Tyrantrum, F|100\/100\n|turn|9\n|\n|t:|1700068507\n|move|p2a: Tyrantrum|Scale Shot|p1a: Rotom\n|-damage|p1a: Rotom|6\/100 tox\n|-damage|p1a: Rotom|0 fnt\n|faint|p1a: Rotom\n|-hitcount|p1: Rotom|2\n|-unboost|p2a: Tyrantrum|def|1\n|-boost|p2a: Tyrantrum|spe|1\n|\n|upkeep\n|\n|t:|1700068516\n|switch|p1a: Kartana|Kartana|100\/100\n|turn|10\n|\n|t:|1700068520\n|move|p1a: Kartana|Smart Strike|p2a: Tyrantrum\n|-supereffective|p2a: Tyrantrum\n|-damage|p2a: Tyrantrum|0 fnt\n|faint|p2a: Tyrantrum\n|-ability|p1a: Kartana|Beast Boost|boost\n|-boost|p1a: Kartana|atk|1\n|\n|upkeep\n|\n|t:|1700068523\n|switch|p2a: Samurott|Samurott-Hisui, F|18\/100\n|turn|11\n|\n|t:|1700068528\n|move|p1a: Kartana|Smart Strike|p2a: Samurott\n|-resisted|p2a: Samurott\n|-damage|p2a: Samurott|0 fnt\n|faint|p2a: Samurott\n|-ability|p1a: Kartana|Beast Boost|boost\n|-boost|p1a: Kartana|atk|1\n|\n|upkeep\n|\n|t:|1700068529\n|switch|p2a: Starmie|Starmie|100\/100\n|turn|12\n|\n|t:|1700068535\n|move|p1a: Kartana|Smart Strike|p2a: Starmie\n|-resisted|p2a: Starmie\n|-crit|p2a: Starmie\n|-damage|p2a: Starmie|0 fnt\n|faint|p2a: Starmie\n|\n|win|SnaZzyIsCool\n|raw|SnaZzyIsCool's rating: 1225 &rarr; <strong>1254<\/strong><br \/>(+29 for winning)\n|raw|ShadowRex727's rating: 1276 &rarr; <strong>1247<\/strong><br \/>(-29 for losing)\n|l|\u2606ShadowRex727\n","uploadtime":1700068630,"views":13,"p1id":"snazzyiscool","p2id":"shadowrex727","formatid":"gen9nationaldex","rating":1247,"private":0,"password":""}