{"id":"gen9nationaldex-1988303360","p1":"Die Zahnfee","p2":"Da1ba Nana","format":"[Gen 9] National Dex","log":"|j|\u2606Die Zahnfee\n|j|\u2606Da1ba Nana\n|t:|1699705098\n|gametype|singles\n|player|p1|Die Zahnfee|blaine|1357\n|player|p2|Da1ba Nana|baker|1239\n|teamsize|p1|6\n|teamsize|p2|6\n|gen|9\n|tier|[Gen 9] National Dex\n|rated|\n|rule|HP Percentage Mod: HP is shown in percentages\n|rule|Endless Battle Clause: Forcing endless battles is banned\n|rule|OHKO Clause: OHKO moves are banned\n|rule|Evasion Clause: Evasion abilities, items, and moves are banned\n|rule|Evasion Abilities Clause: Evasion abilities are banned\n|rule|Evasion Items Clause: Evasion items are banned\n|rule|Evasion Moves Clause: Evasion moves are banned\n|rule|Species Clause: Limit one of each Pok\u00e9mon\n|rule|Sleep Clause Mod: Limit one foe put to sleep\n|clearpoke\n|poke|p1|Corviknight, M|\n|poke|p1|Slowking-Galar, M|\n|poke|p1|Clefable, F|\n|poke|p1|Sandy Shocks|\n|poke|p1|Meowscarada, F|\n|poke|p1|Cinderace, M|\n|poke|p2|Slurpuff, M|\n|poke|p2|Aegislash, F|\n|poke|p2|Charizard, M|\n|poke|p2|Flygon, F|\n|poke|p2|Nidoking, M|\n|poke|p2|Milotic, M|\n|teampreview\n|\n|t:|1699705114\n|start\n|switch|p1a: Meowscarada|Meowscarada, F|100\/100\n|switch|p2a: Slurpuff|Slurpuff, M|100\/100\n|turn|1\n|\n|t:|1699705123\n|move|p1a: Meowscarada|Flower Trick|p2a: Slurpuff\n|-start|p1a: Meowscarada|typechange|Grass|[from] ability: Protean\n|-crit|p2a: Slurpuff\n|-damage|p2a: Slurpuff|41\/100\n|move|p2a: Slurpuff|Sticky Web|p1a: Meowscarada\n|-sidestart|p1: Die Zahnfee|move: Sticky Web\n|\n|upkeep\n|turn|2\n|\n|t:|1699705142\n|switch|p2a: Aegislash|Aegislash, F|100\/100\n|move|p1a: Meowscarada|Flower Trick|p2a: Aegislash\n|-resisted|p2a: Aegislash\n|-crit|p2a: Aegislash\n|-damage|p2a: Aegislash|82\/100\n|\n|-heal|p2a: Aegislash|88\/100|[from] item: Leftovers\n|upkeep\n|turn|3\n|\n|t:|1699705152\n|-activate|p1a: Meowscarada|move: Pursuit\n|-formechange|p2a: Aegislash|Aegislash-Blade||[from] ability: Stance Change\n|move|p2a: Aegislash|Pursuit|p1a: Meowscarada|[from]Pursuit\n|-damage|p1a: Meowscarada|50\/100\n|switch|p1a: Sandy Shocks|Sandy Shocks|100\/100\n|-activate|p1a: Sandy Shocks|move: Sticky Web\n|-unboost|p1a: Sandy Shocks|spe|1\n|\n|-heal|p2a: Aegislash|94\/100|[from] item: Leftovers\n|upkeep\n|turn|4\n|\n|t:|1699705166\n|-formechange|p2a: Aegislash|Aegislash||[from] ability: Stance Change\n|move|p2a: Aegislash|King's Shield|p2a: Aegislash\n|-singleturn|p2a: Aegislash|Protect\n|move|p1a: Sandy Shocks|Earth Power|p2a: Aegislash\n|-activate|p2a: Aegislash|move: Protect\n|\n|-heal|p2a: Aegislash|100\/100|[from] item: Leftovers\n|upkeep\n|turn|5\n|\n|t:|1699705177\n|-end|p1a: Sandy Shocks|Protosynthesis|[silent]\n|switch|p1a: Slowking|Slowking-Galar, M|100\/100\n|-activate|p1a: Slowking|move: Sticky Web\n|-unboost|p1a: Slowking|spe|1\n|switch|p2a: Flygon|Flygon, F|100\/100\n|\n|upkeep\n|turn|6\n|\n|t:|1699705188\n|move|p2a: Flygon|U-turn|p1a: Slowking\n|-damage|p1a: Slowking|81\/100\n|\n|t:|1699705199\n|switch|p2a: Aegislash|Aegislash, F|100\/100|[from] U-turn\n|move|p1a: Slowking|Chilly Reception|p1a: Slowking\n|-weather|Snow\n|\n|t:|1699705214\n|switch|p1a: Cinderace|Cinderace, M|100\/100|[from] Chilly Reception\n|\n|-weather|Snow|[upkeep]\n|upkeep\n|turn|7\n|\n|t:|1699705220\n|move|p2a: Aegislash|King's Shield|p2a: Aegislash\n|-singleturn|p2a: Aegislash|Protect\n|move|p1a: Cinderace|Court Change|p1a: Cinderace\n|-start|p1a: Cinderace|typechange|Normal|[from] ability: Libero\n|-swapsideconditions\n|-activate|p1a: Cinderace|move: Court Change\n|\n|-weather|Snow|[upkeep]\n|upkeep\n|turn|8\n|\n|t:|1699705234\n|move|p1a: Cinderace|U-turn|p2a: Aegislash\n|-resisted|p2a: Aegislash\n|-damage|p2a: Aegislash|96\/100\n|\n|t:|1699705239\n|switch|p1a: Sandy Shocks|Sandy Shocks|100\/100|[from] U-turn\n|-formechange|p2a: Aegislash|Aegislash-Blade||[from] ability: Stance Change\n|move|p2a: Aegislash|Gyro Ball|p1a: Sandy Shocks\n|-resisted|p1a: Sandy Shocks\n|-damage|p1a: Sandy Shocks|76\/100\n|\n|-weather|Snow|[upkeep]\n|-heal|p2a: Aegislash|100\/100|[from] item: Leftovers\n|upkeep\n|turn|9\n|\n|t:|1699705253\n|-end|p1a: Sandy Shocks|Protosynthesis|[silent]\n|switch|p1a: Cinderace|Cinderace, M|100\/100\n|switch|p2a: Flygon|Flygon, F|100\/100\n|\n|-weather|Snow|[upkeep]\n|upkeep\n|turn|10\n|\n|t:|1699705264\n|move|p1a: Cinderace|U-turn|p2a: Flygon\n|-start|p1a: Cinderace|typechange|Bug|[from] ability: Libero\n|-damage|p2a: Flygon|54\/100\n|\n|t:|1699705269\n|switch|p1a: Corviknight|Corviknight, M|100\/100|[from] U-turn\n|move|p2a: Flygon|Defog|p1a: Corviknight\n|-ability|p1a: Corviknight|Mirror Armor\n|-unboost|p2a: Flygon|evasion|1\n|-sideend|p2: Da1ba Nana|Sticky Web|[from] move: Defog|[of] p2a: Flygon\n|\n|-weather|none\n|upkeep\n|turn|11\n|\n|t:|1699705280\n|move|p2a: Flygon|U-turn|p1a: Corviknight\n|-resisted|p1a: Corviknight\n|-damage|p1a: Corviknight|98\/100\n|-damage|p2a: Flygon|38\/100|[from] item: Rocky Helmet|[of] p1a: Corviknight\n|\n|t:|1699705285\n|switch|p2a: Nidoking|Nidoking, M|100\/100|[from] U-turn\n|move|p1a: Corviknight|U-turn|p2a: Nidoking\n|-resisted|p2a: Nidoking\n|-damage|p2a: Nidoking|90\/100\n|\n|t:|1699705304\n|switch|p1a: Sandy Shocks|Sandy Shocks|76\/100|[from] U-turn\n|\n|upkeep\n|turn|12\n|-message|Da1ba Nana forfeited.\n|\n|win|Die Zahnfee\n|raw|Die Zahnfee's rating: 1357 &rarr; <strong>1370<\/strong><br \/>(+13 for winning)\n|raw|Da1ba Nana's rating: 1239 &rarr; <strong>1222<\/strong><br \/>(-17 for losing)\n|l|\u2606Da1ba Nana\n","uploadtime":1699705323,"views":21,"p1id":"diezahnfee","p2id":"da1banana","formatid":"gen9nationaldex","rating":1222,"private":0,"password":""}