{"id":"gen9nationaldex-1988233863","p1":"Geats\u6025wu\u72d0\u4fa0","p2":"Blake-Mamba","format":"[Gen 9] National Dex","log":"|j|\u2606Geats\u6025wu\u72d0\u4fa0\n|j|\u2606Blake-Mamba\n|t:|1699690822\n|gametype|singles\n|player|p1|Geats\u6025wu\u72d0\u4fa0|teamrocket|1268\n|player|p2|Blake-Mamba|juan|1330\n|teamsize|p1|6\n|teamsize|p2|6\n|gen|9\n|tier|[Gen 9] National Dex\n|rated|\n|rule|HP Percentage Mod: HP is shown in percentages\n|rule|Endless Battle Clause: Forcing endless battles is banned\n|rule|OHKO Clause: OHKO moves are banned\n|rule|Evasion Clause: Evasion abilities, items, and moves are banned\n|rule|Evasion Abilities Clause: Evasion abilities are banned\n|rule|Evasion Items Clause: Evasion items are banned\n|rule|Evasion Moves Clause: Evasion moves are banned\n|rule|Species Clause: Limit one of each Pok\u00e9mon\n|rule|Sleep Clause Mod: Limit one foe put to sleep\n|clearpoke\n|poke|p1|Scizor, M|\n|poke|p1|Ceruledge, M|\n|poke|p1|Garchomp, M|\n|poke|p1|Empoleon, M|\n|poke|p1|Venusaur, M|\n|poke|p1|Blacephalon|\n|poke|p2|Cinccino, M|\n|poke|p2|Zebstrika, F|\n|poke|p2|Ferrothorn, F|\n|poke|p2|Seismitoad, F|\n|poke|p2|Krookodile, M|\n|poke|p2|Emboar, F|\n|teampreview\n|inactive|Battle timer is ON: inactive players will automatically lose when time's up. (requested by Geats\u6025wu\u72d0\u4fa0)\n|\n|t:|1699690851\n|start\n|switch|p1a: \u90aa\u5251\u4ed9|Ceruledge, M|100\/100\n|switch|p2a: Cinccino|Cinccino, M|100\/100\n|turn|1\n|\n|t:|1699690857\n|move|p2a: Cinccino|Rock Blast|p1a: \u90aa\u5251\u4ed9\n|-supereffective|p1a: \u90aa\u5251\u4ed9\n|-damage|p1a: \u90aa\u5251\u4ed9|66\/100\n|-ability|p1a: \u90aa\u5251\u4ed9|Weak Armor|boost\n|-unboost|p1a: \u90aa\u5251\u4ed9|def|1\n|-boost|p1a: \u90aa\u5251\u4ed9|spe|2\n|-enditem|p1a: \u90aa\u5251\u4ed9|Weakness Policy\n|-boost|p1a: \u90aa\u5251\u4ed9|atk|2|[from] item: Weakness Policy\n|-boost|p1a: \u90aa\u5251\u4ed9|spa|2|[from] item: Weakness Policy\n|-supereffective|p1a: \u90aa\u5251\u4ed9\n|-damage|p1a: \u90aa\u5251\u4ed9|12\/100\n|-ability|p1a: \u90aa\u5251\u4ed9|Weak Armor|boost\n|-unboost|p1a: \u90aa\u5251\u4ed9|def|1\n|-boost|p1a: \u90aa\u5251\u4ed9|spe|2\n|-supereffective|p1a: \u90aa\u5251\u4ed9\n|-damage|p1a: \u90aa\u5251\u4ed9|0 fnt\n|faint|p1a: \u90aa\u5251\u4ed9\n|-hitcount|p1: \u90aa\u5251\u4ed9|3\n|-damage|p2a: Cinccino|91\/100|[from] item: Life Orb\n|\n|upkeep\n|\n|t:|1699690865\n|switch|p1a: Blacephalon|Blacephalon|100\/100\n|turn|2\n|\n|t:|1699690881\n|switch|p2a: Emboar|Emboar, F, shiny|100\/100\n|move|p1a: Blacephalon|Flamethrower|p2a: Emboar\n|-resisted|p2a: Emboar\n|-damage|p2a: Emboar|60\/100\n|\n|upkeep\n|turn|3\n|\n|t:|1699690889\n|move|p2a: Emboar|Head Smash|p1a: Blacephalon\n|-supereffective|p1a: Blacephalon\n|-enditem|p1a: Blacephalon|Focus Sash\n|-damage|p1a: Blacephalon|1\/100\n|-damage|p2a: Emboar|26\/100|[from] Recoil\n|move|p1a: Blacephalon|Psyshock|p2a: Emboar\n|-supereffective|p2a: Emboar\n|-damage|p2a: Emboar|0 fnt\n|faint|p2a: Emboar\n|-ability|p1a: Blacephalon|Beast Boost|boost\n|-boost|p1a: Blacephalon|spa|1\n|\n|upkeep\n|\n|t:|1699690907\n|switch|p2a: Krookodile|Krookodile, M|100\/100\n|turn|4\n|\n|t:|1699690919\n|-terastallize|p2a: Krookodile|Dragon\n|move|p1a: Blacephalon|Flamethrower|p2a: Krookodile\n|-resisted|p2a: Krookodile\n|-damage|p2a: Krookodile|42\/100\n|move|p2a: Krookodile|Scale Shot|p1a: Blacephalon\n|-damage|p1a: Blacephalon|0 fnt\n|faint|p1a: Blacephalon\n|-ability|p2a: Krookodile|Moxie|boost\n|-boost|p2a: Krookodile|atk|1\n|-hitcount|p1: Blacephalon|1\n|-unboost|p2a: Krookodile|def|1\n|-boost|p2a: Krookodile|spe|1\n|\n|upkeep\n|\n|t:|1699690929\n|switch|p1a: \u5b50\u5f39\u62f3\u4ee3\u8a00\u4eba|Scizor, M|100\/100\n|turn|5\n|\n|t:|1699690936\n|switch|p2a: Ferrothorn|Ferrothorn, F|100\/100\n|detailschange|p1a: \u5b50\u5f39\u62f3\u4ee3\u8a00\u4eba|Scizor-Mega, M\n|-mega|p1a: \u5b50\u5f39\u62f3\u4ee3\u8a00\u4eba|Scizor|Scizorite\n|move|p1a: \u5b50\u5f39\u62f3\u4ee3\u8a00\u4eba|Bullet Punch|p2a: Ferrothorn\n|-resisted|p2a: Ferrothorn\n|-damage|p2a: Ferrothorn|90\/100\n|-damage|p1a: \u5b50\u5f39\u62f3\u4ee3\u8a00\u4eba|88\/100|[from] ability: Iron Barbs|[of] p2a: Ferrothorn\n|-damage|p1a: \u5b50\u5f39\u62f3\u4ee3\u8a00\u4eba|72\/100|[from] item: Rocky Helmet|[of] p2a: Ferrothorn\n|\n|upkeep\n|turn|6\n|\n|t:|1699690947\n|switch|p1a: \u5730\u9f99|Garchomp, M|100\/100\n|move|p2a: Ferrothorn|Leech Seed|p1a: \u5730\u9f99\n|-start|p1a: \u5730\u9f99|move: Leech Seed\n|\n|-damage|p1a: \u5730\u9f99|88\/100|[from] Leech Seed|[of] p2a: Ferrothorn\n|-heal|p2a: Ferrothorn|100\/100|[silent]\n|upkeep\n|turn|7\n|\n|t:|1699690962\n|switch|p2a: Krookodile|Krookodile, M, tera:Dragon|42\/100\n|-terastallize|p1a: \u5730\u9f99|Fire\n|move|p1a: \u5730\u9f99|Tera Blast|p2a: Krookodile|[anim] Tera Blast Fire\n|-resisted|p2a: Krookodile\n|-damage|p2a: Krookodile|12\/100\n|\n|-damage|p1a: \u5730\u9f99|76\/100|[from] Leech Seed|[of] p2a: Krookodile\n|-heal|p2a: Krookodile|25\/100|[silent]\n|upkeep\n|turn|8\n|\n|t:|1699690972\n|move|p1a: \u5730\u9f99|Dragon Claw|p2a: Krookodile\n|-supereffective|p2a: Krookodile\n|-damage|p2a: Krookodile|0 fnt\n|faint|p2a: Krookodile\n|\n|upkeep\n|\n|t:|1699690978\n|switch|p2a: Seismitoad|Seismitoad, F|100\/100\n|turn|9\n|\n|t:|1699690985\n|switch|p1a: \u849c\u74e3\u86e4\u87c6|Venusaur, M|100\/100\n|move|p2a: Seismitoad|Earth Power|p1a: \u849c\u74e3\u86e4\u87c6\n|-damage|p1a: \u849c\u74e3\u86e4\u87c6|52\/100\n|\n|-heal|p1a: \u849c\u74e3\u86e4\u87c6|58\/100|[from] item: Black Sludge\n|upkeep\n|turn|10\n|\n|t:|1699690996\n|switch|p2a: Zebstrika|Zebstrika, F, shiny|100\/100\n|move|p1a: \u849c\u74e3\u86e4\u87c6|Sleep Powder|p2a: Zebstrika\n|-ability|p2a: Zebstrika|Sap Sipper|boost\n|-boost|p2a: Zebstrika|atk|1\n|\n|-heal|p1a: \u849c\u74e3\u86e4\u87c6|64\/100|[from] item: Black Sludge\n|upkeep\n|turn|11\n|\n|t:|1699691011\n|switch|p1a: \u5730\u9f99|Garchomp, M, tera:Fire|76\/100\n|move|p2a: Zebstrika|Flame Charge|p1a: \u5730\u9f99\n|-resisted|p1a: \u5730\u9f99\n|-damage|p1a: \u5730\u9f99|63\/100\n|-boost|p2a: Zebstrika|spe|1\n|-damage|p2a: Zebstrika|88\/100|[from] ability: Rough Skin|[of] p1a: \u5730\u9f99\n|-damage|p2a: Zebstrika|72\/100|[from] item: Rocky Helmet|[of] p1a: \u5730\u9f99\n|\n|upkeep\n|turn|12\n|\n|t:|1699691022\n|-zpower|p2a: Zebstrika\n|move|p2a: Zebstrika|Gigavolt Havoc|p1a: \u5730\u9f99|[zeffect]\n|-damage|p1a: \u5730\u9f99|0 fnt\n|faint|p1a: \u5730\u9f99\n|\n|upkeep\n|-message|Geats\u6025wu\u72d0\u4fa0 forfeited.\n|\n|win|Blake-Mamba\n|raw|Geats\u6025wu\u72d0\u4fa0's rating: 1268 &rarr; <strong>1247<\/strong><br \/>(-21 for losing)\n|raw|Blake-Mamba's rating: 1330 &rarr; <strong>1346<\/strong><br \/>(+16 for winning)\n|l|\u2606Geats\u6025wu\u72d0\u4fa0\n","uploadtime":1699691037,"views":4,"p1id":"geatswu","p2id":"blakemamba","formatid":"gen9nationaldex","rating":1247,"private":0,"password":""}