{"id":"gen9nationaldex-1988327300","p1":"PestyPotato","p2":"13KStephen","format":"[Gen 9] National Dex","log":"|j|\u2606PestyPotato\n|j|\u260613KStephen\n|t:|1699709115\n|gametype|singles\n|player|p1|PestyPotato|pokemaniac|1058\n|player|p2|13KStephen|lucas|1044\n|teamsize|p1|6\n|teamsize|p2|6\n|gen|9\n|tier|[Gen 9] National Dex\n|rated|\n|rule|HP Percentage Mod: HP is shown in percentages\n|rule|Endless Battle Clause: Forcing endless battles is banned\n|rule|OHKO Clause: OHKO moves are banned\n|rule|Evasion Clause: Evasion abilities, items, and moves are banned\n|rule|Evasion Abilities Clause: Evasion abilities are banned\n|rule|Evasion Items Clause: Evasion items are banned\n|rule|Evasion Moves Clause: Evasion moves are banned\n|rule|Species Clause: Limit one of each Pok\u00e9mon\n|rule|Sleep Clause Mod: Limit one foe put to sleep\n|clearpoke\n|poke|p1|Cherrim, F|\n|poke|p1|Morpeko, F|\n|poke|p1|Castform, M|\n|poke|p1|Darmanitan, F|\n|poke|p1|Minior-Orange|\n|poke|p1|Aegislash, F|\n|poke|p2|Absol, F|\n|poke|p2|Magcargo, F|\n|poke|p2|Arbok, F|\n|poke|p2|Slowbro, M|\n|poke|p2|Gliscor, M|\n|poke|p2|Serperior, M|\n|teampreview\n|\n|t:|1699709145\n|start\n|switch|p1a: Bloom|Cherrim, F|100\/100\n|switch|p2a: Chloe|Absol, F|100\/100\n|-ability|p2a: Chloe|Pressure\n|turn|1\n|\n|t:|1699709164\n|detailschange|p2a: Chloe|Absol-Mega, F\n|-mega|p2a: Chloe|Absol|Absolite\n|move|p2a: Chloe|Taunt|p1a: Bloom\n|-start|p1a: Bloom|move: Taunt\n|move|p1a: Bloom|Dazzling Gleam|p2a: Chloe\n|-supereffective|p2a: Chloe\n|-damage|p2a: Chloe|16\/100\n|\n|upkeep\n|turn|2\n|\n|t:|1699709197\n|switch|p2a: Pebble|Magcargo, F|100\/100\n|move|p1a: Bloom|Dazzling Gleam|p2a: Pebble\n|-resisted|p2a: Pebble\n|-damage|p2a: Pebble|87\/100\n|\n|upkeep\n|turn|3\n|\n|t:|1699709207\n|switch|p1a: Eyebrows|Darmanitan, F|100\/100\n|move|p2a: Pebble|Stealth Rock|p1a: Eyebrows\n|-sidestart|p1: PestyPotato|move: Stealth Rock\n|\n|upkeep\n|turn|4\n|\n|t:|1699709216\n|-terastallize|p2a: Pebble|Ghost\n|move|p1a: Eyebrows|Earthquake|p2a: Pebble\n|-damage|p2a: Pebble|49\/100\n|-damage|p1a: Eyebrows|91\/100|[from] item: Life Orb\n|move|p2a: Pebble|Power Gem|p1a: Eyebrows\n|-supereffective|p1a: Eyebrows\n|-damage|p1a: Eyebrows|0 fnt\n|faint|p1a: Eyebrows\n|\n|upkeep\n|\n|t:|1699709231\n|switch|p1a: Hampter|Morpeko, F|100\/100\n|turn|5\n|\n|t:|1699709254\n|switch|p2a: Chloe|Absol-Mega, F|16\/100\n|move|p1a: Hampter|Knock Off|p2a: Chloe\n|-resisted|p2a: Chloe\n|-damage|p2a: Chloe|0 fnt\n|faint|p2a: Chloe\n|\n|-formechange|p1a: Hampter|Morpeko-Hangry||[from] ability: Hunger Switch\n|upkeep\n|\n|t:|1699709288\n|switch|p2a: Karen|Arbok, F|100\/100\n|-ability|p2a: Karen|Intimidate|boost\n|-unboost|p1a: Hampter|atk|1\n|turn|6\n|\n|t:|1699709294\n|move|p1a: Hampter|Rapid Spin|p2a: Karen\n|-damage|p2a: Karen|87\/100\n|-boost|p1a: Hampter|spe|1\n|-sideend|p1: PestyPotato|Stealth Rock|[from] move: Rapid Spin|[of] p1a: Hampter\n|move|p2a: Karen|Glare|p1a: Hampter\n|-immune|p1a: Hampter\n|\n|-heal|p2a: Karen|93\/100|[from] item: Black Sludge\n|-formechange|p1a: Hampter|Morpeko||[from] ability: Hunger Switch\n|upkeep\n|turn|7\n|\n|t:|1699709333\n|switch|p1a: Bloom|Cherrim, F|100\/100\n|move|p2a: Karen|Stockpile|p2a: Karen\n|-start|p2a: Karen|stockpile1\n|-boost|p2a: Karen|def|1\n|-boost|p2a: Karen|spd|1\n|\n|-heal|p2a: Karen|99\/100|[from] item: Black Sludge\n|upkeep\n|turn|8\n|\n|t:|1699709347\n|move|p1a: Bloom|Sunny Day|p1a: Bloom\n|-weather|SunnyDay\n|-formechange|p1a: Bloom|Cherrim-Sunshine|[msg]|[from] ability: Flower Gift\n|move|p2a: Karen|Glare|p1a: Bloom\n|-status|p1a: Bloom|par\n|\n|-weather|SunnyDay|[upkeep]\n|-heal|p2a: Karen|100\/100|[from] item: Black Sludge\n|upkeep\n|turn|9\n|\n|t:|1699709358\n|move|p2a: Karen|Poison Fang|p1a: Bloom\n|-supereffective|p1a: Bloom\n|-damage|p1a: Bloom|32\/100 par\n|move|p1a: Bloom|Weather Ball|p2a: Karen\n|-damage|p2a: Karen|62\/100\n|\n|-weather|SunnyDay|[upkeep]\n|-heal|p2a: Karen|68\/100|[from] item: Black Sludge\n|upkeep\n|turn|10\n|\n|t:|1699709367\n|move|p2a: Karen|Poison Fang|p1a: Bloom\n|-supereffective|p1a: Bloom\n|-damage|p1a: Bloom|0 fnt\n|faint|p1a: Bloom\n|\n|-weather|SunnyDay|[upkeep]\n|-heal|p2a: Karen|74\/100|[from] item: Black Sludge\n|upkeep\n|\n|t:|1699709386\n|switch|p1a: Orbitz|Minior-Orange|100\/100\n|-formechange|p1a: Orbitz|Minior-Meteor||[from] ability: Shields Down\n|turn|11\n|\n|t:|1699709395\n|move|p1a: Orbitz|Shell Smash|p1a: Orbitz\n|-unboost|p1a: Orbitz|def|1\n|-unboost|p1a: Orbitz|spd|1\n|-boost|p1a: Orbitz|atk|2\n|-boost|p1a: Orbitz|spa|2\n|-boost|p1a: Orbitz|spe|2\n|-enditem|p1a: Orbitz|White Herb\n|-clearnegativeboost|p1a: Orbitz|[silent]\n|move|p2a: Karen|Glare|p1a: Orbitz\n|-immune|p1a: Orbitz|[from] ability: Shields Down\n|\n|-weather|SunnyDay|[upkeep]\n|-heal|p2a: Karen|80\/100|[from] item: Black Sludge\n|upkeep\n|turn|12\n|\n|t:|1699709415\n|move|p1a: Orbitz|Earthquake|p2a: Karen\n|-supereffective|p2a: Karen\n|-damage|p2a: Karen|0 fnt\n|faint|p2a: Karen\n|\n|-weather|SunnyDay|[upkeep]\n|upkeep\n|\n|t:|1699709427\n|switch|p2a: Gliscor|Gliscor, M|100\/100\n|turn|13\n|\n|t:|1699709435\n|move|p2a: Gliscor|Protect|p2a: Gliscor\n|-singleturn|p2a: Gliscor|Protect\n|move|p1a: Orbitz|Acrobatics|p2a: Gliscor\n|-activate|p2a: Gliscor|move: Protect\n|\n|-weather|SunnyDay|[upkeep]\n|-status|p2a: Gliscor|tox|[from] item: Toxic Orb\n|upkeep\n|turn|14\n|\n|t:|1699709448\n|move|p1a: Orbitz|Acrobatics|p2a: Gliscor\n|-damage|p2a: Gliscor|31\/100 tox\n|move|p2a: Gliscor|Fling|p1a: Orbitz\n|-damage|p1a: Orbitz|88\/100\n|-enditem|p2a: Gliscor|Toxic Orb|[from] move: Fling\n|\n|-weather|SunnyDay|[upkeep]\n|-heal|p2a: Gliscor|44\/100 tox|[from] ability: Poison Heal\n|upkeep\n|turn|15\n|\n|t:|1699709459\n|move|p2a: Gliscor|Protect|p2a: Gliscor\n|-singleturn|p2a: Gliscor|Protect\n|move|p1a: Orbitz|Acrobatics|p2a: Gliscor\n|-activate|p2a: Gliscor|move: Protect\n|\n|-weather|none\n|-heal|p2a: Gliscor|56\/100 tox|[from] ability: Poison Heal\n|upkeep\n|turn|16\n|\n|t:|1699709468\n|switch|p2a: Pebble|Magcargo, F, tera:Ghost|49\/100\n|move|p1a: Orbitz|Acrobatics|p2a: Pebble\n|-damage|p2a: Pebble|0 fnt\n|-damage|p1a: Orbitz|72\/100|[from] item: Rocky Helmet|[of] p2a: Pebble\n|faint|p2a: Pebble\n|\n|upkeep\n|\n|t:|1699709483\n|switch|p2a: Ofie|Slowbro, M|100\/100\n|turn|17\n|\n|t:|1699709507\n|-terastallize|p1a: Orbitz|Water\n|move|p1a: Orbitz|Acrobatics|p2a: Ofie\n|-damage|p2a: Ofie|39\/100\n|move|p2a: Ofie|Scald|p1a: Orbitz\n|-resisted|p1a: Orbitz\n|-damage|p1a: Orbitz|53\/100\n|\n|-heal|p2a: Ofie|45\/100|[from] item: Leftovers\n|upkeep\n|turn|18\n|\n|t:|1699709521\n|move|p1a: Orbitz|Acrobatics|p2a: Ofie\n|-damage|p2a: Ofie|0 fnt\n|faint|p2a: Ofie\n|\n|upkeep\n|\n|t:|1699709526\n|switch|p2a: Gliscor|Gliscor, M|56\/100 tox\n|turn|19\n|\n|t:|1699709532\n|move|p2a: Gliscor|Protect|p2a: Gliscor\n|-singleturn|p2a: Gliscor|Protect\n|move|p1a: Orbitz|Acrobatics|p2a: Gliscor\n|-activate|p2a: Gliscor|move: Protect\n|\n|-heal|p2a: Gliscor|69\/100 tox|[from] ability: Poison Heal\n|upkeep\n|turn|20\n|\n|t:|1699709563\n|switch|p2a: Serperior|Serperior, M|100\/100\n|move|p1a: Orbitz|Acrobatics|p2a: Serperior\n|-supereffective|p2a: Serperior\n|-damage|p2a: Serperior|0 fnt\n|faint|p2a: Serperior\n|\n|upkeep\n|\n|t:|1699709571\n|switch|p2a: Gliscor|Gliscor, M|69\/100 tox\n|turn|21\n|\n|t:|1699709575\n|move|p2a: Gliscor|Protect|p2a: Gliscor\n|-singleturn|p2a: Gliscor|Protect\n|move|p1a: Orbitz|Shell Smash|p1a: Orbitz\n|-unboost|p1a: Orbitz|def|1\n|-unboost|p1a: Orbitz|spd|1\n|-boost|p1a: Orbitz|atk|2\n|-boost|p1a: Orbitz|spa|2\n|-boost|p1a: Orbitz|spe|2\n|\n|-heal|p2a: Gliscor|81\/100 tox|[from] ability: Poison Heal\n|upkeep\n|turn|22\n|c|\u260613KStephen|Gg\n|\n|t:|1699709588\n|move|p1a: Orbitz|Acrobatics|p2a: Gliscor\n|-damage|p2a: Gliscor|0 fnt\n|faint|p2a: Gliscor\n|\n|win|PestyPotato\n|raw|PestyPotato's rating: 1058 &rarr; <strong>1088<\/strong><br \/>(+30 for winning)\n|raw|13KStephen's rating: 1044 &rarr; <strong>1028<\/strong><br \/>(-16 for losing)\n|c|\u2606PestyPotato|Gg\n|c|\u260613KStephen|Drat\n|c|\u260613KStephen|You predicted\n|c|\u2606PestyPotato|Yeah, you kept protecting\n|l|\u260613KStephen\n|l|\u2606PestyPotato\n|j|\u2606PestyPotato\n|player|p1|PestyPotato|pokemaniac\n","uploadtime":1699709636,"views":9,"p1id":"pestypotato","p2id":"13kstephen","formatid":"gen9nationaldex","rating":1028,"private":0,"password":""}