{"id":"gen9nationaldex-1995514727","p1":"dragonmaster441","p2":"Clodmire85","format":"[Gen 9] National Dex","log":"|html|<div class=\"broadcast-blue\"><strong>[Gen 9] National Dex is currently suspecting Sneasler! For information on how to participate check out the <a href=\"https:\/\/www.smogon.com\/forums\/threads\/sv-national-dex-suspect-8-just-dance.3731534\/\">suspect thread<\/a>.<\/strong><\/div>\n|j|\u2606dragonmaster441\n|j|\u2606Clodmire85\n|t:|1700578828\n|gametype|singles\n|player|p1|dragonmaster441|bianca|1306\n|player|p2|Clodmire85|emmet|1348\n|teamsize|p1|6\n|teamsize|p2|6\n|gen|9\n|tier|[Gen 9] National Dex\n|rated|\n|rule|HP Percentage Mod: HP is shown in percentages\n|rule|Endless Battle Clause: Forcing endless battles is banned\n|rule|OHKO Clause: OHKO moves are banned\n|rule|Evasion Clause: Evasion abilities, items, and moves are banned\n|rule|Evasion Abilities Clause: Evasion abilities are banned\n|rule|Evasion Items Clause: Evasion items are banned\n|rule|Evasion Moves Clause: Evasion moves are banned\n|rule|Species Clause: Limit one of each Pok\u00e9mon\n|rule|Sleep Clause Mod: Limit one foe put to sleep\n|clearpoke\n|poke|p1|Gliscor, M|\n|poke|p1|Garchomp, M|\n|poke|p1|Ninetales-Alola, M|\n|poke|p1|Diancie|\n|poke|p1|Moltres|\n|poke|p1|Ogerpon-Wellspring, F|\n|poke|p2|Munkidori, M|\n|poke|p2|Great Tusk|\n|poke|p2|Alomomola, F|\n|poke|p2|Meowscarada, F|\n|poke|p2|Heatran, F|\n|poke|p2|Diancie|\n|teampreview\n|inactive|Battle timer is ON: inactive players will automatically lose when time's up. (requested by dragonmaster441)\n|c|\u2606dragonmaster441|hf\n|\n|t:|1700578852\n|start\n|switch|p1a: adopted gramps|Moltres|100\/100\n|switch|p2a: Diancie|Diancie|100\/100\n|turn|1\n|\n|t:|1700578863\n|switch|p1a: father|Garchomp, M|100\/100\n|detailschange|p2a: Diancie|Diancie-Mega\n|-mega|p2a: Diancie|Diancie|Diancite\n|move|p2a: Diancie|Diamond Storm|p1a: father\n|-resisted|p1a: father\n|-damage|p1a: father|76\/100\n|\n|upkeep\n|turn|2\n|\n|t:|1700578871\n|switch|p2a: Great Tusk|Great Tusk|100\/100\n|move|p1a: father|Earthquake|p2a: Great Tusk\n|-damage|p2a: Great Tusk|66\/100\n|\n|upkeep\n|turn|3\n|\n|t:|1700578890\n|detailschange|p1a: father|Garchomp-Mega, M\n|-mega|p1a: father|Garchomp|Garchompite\n|move|p1a: father|Swords Dance|p1a: father\n|-boost|p1a: father|atk|2\n|move|p2a: Great Tusk|Knock Off|p1a: father\n|-damage|p1a: father|52\/100\n|\n|upkeep\n|turn|4\n|\n|t:|1700578898\n|-end|p2a: Great Tusk|Protosynthesis|[silent]\n|switch|p2a: Diancie|Diancie-Mega|100\/100\n|move|p1a: father|Scale Shot|p2a: Diancie\n|-immune|p2a: Diancie\n|\n|upkeep\n|turn|5\n|\n|t:|1700578903\n|move|p2a: Diancie|Moonblast|p1a: father\n|-supereffective|p1a: father\n|-damage|p1a: father|0 fnt\n|faint|p1a: father\n|\n|upkeep\n|\n|t:|1700578908\n|switch|p1a: lil baby boy|Gliscor, M, shiny|100\/100\n|turn|6\n|\n|t:|1700578918\n|move|p2a: Diancie|Moonblast|p1a: lil baby boy\n|-damage|p1a: lil baby boy|13\/100\n|move|p1a: lil baby boy|Earthquake|p2a: Diancie\n|-supereffective|p2a: Diancie\n|-damage|p2a: Diancie|0 fnt\n|faint|p2a: Diancie\n|\n|upkeep\n|\n|t:|1700578941\n|switch|p2a: Meowscarada|Meowscarada, F|100\/100\n|turn|7\n|\n|t:|1700578951\n|move|p2a: Meowscarada|Knock Off|p1a: lil baby boy\n|-start|p2a: Meowscarada|typechange|Dark|[from] ability: Protean\n|-damage|p1a: lil baby boy|0 fnt\n|-enditem|p1a: lil baby boy|Loaded Dice|[from] move: Knock Off|[of] p2a: Meowscarada\n|faint|p1a: lil baby boy\n|\n|upkeep\n|\n|t:|1700578957\n|switch|p1a: adopted gramps|Moltres|100\/100\n|turn|8\n|\n|t:|1700578959\n|switch|p2a: Heatran|Heatran, F|100\/100\n|move|p1a: adopted gramps|Will-O-Wisp|p2a: Heatran\n|-start|p2a: Heatran|ability: Flash Fire\n|\n|upkeep\n|turn|9\n|\n|t:|1700578969\n|switch|p1a: SPONGUS THE DOG|Ogerpon-Wellspring, F|100\/100\n|move|p2a: Heatran|Stealth Rock|p1a: SPONGUS THE DOG\n|-sidestart|p1: dragonmaster441|move: Stealth Rock\n|\n|upkeep\n|turn|10\n|\n|t:|1700578980\n|-end|p2a: Heatran|ability: Flash Fire|[silent]\n|switch|p2a: Meowscarada|Meowscarada, F|100\/100\n|move|p1a: SPONGUS THE DOG|Swords Dance|p1a: SPONGUS THE DOG\n|-boost|p1a: SPONGUS THE DOG|atk|2\n|\n|upkeep\n|turn|11\n|\n|t:|1700578986\n|move|p2a: Meowscarada|U-turn|p1a: SPONGUS THE DOG\n|-start|p2a: Meowscarada|typechange|Bug|[from] ability: Protean\n|-supereffective|p1a: SPONGUS THE DOG\n|-damage|p1a: SPONGUS THE DOG|22\/100\n|\n|t:|1700578997\n|switch|p2a: Alomomola|Alomomola, F|100\/100|[from] U-turn\n|move|p1a: SPONGUS THE DOG|Ivy Cudgel|p2a: Alomomola|[anim] Ivy Cudgel Water\n|-resisted|p2a: Alomomola\n|-damage|p2a: Alomomola|69\/100\n|\n|upkeep\n|turn|12\n|\n|t:|1700579003\n|-terastallize|p2a: Alomomola|Flying\n|move|p1a: SPONGUS THE DOG|Power Whip|p2a: Alomomola\n|-resisted|p2a: Alomomola\n|-damage|p2a: Alomomola|33\/100\n|-damage|p1a: SPONGUS THE DOG|5\/100|[from] item: Rocky Helmet|[of] p2a: Alomomola\n|move|p2a: Alomomola|Acrobatics|p1a: SPONGUS THE DOG\n|-supereffective|p1a: SPONGUS THE DOG\n|-damage|p1a: SPONGUS THE DOG|0 fnt\n|faint|p1a: SPONGUS THE DOG\n|\n|upkeep\n|c|\u2606dragonmaster441|yo that goes hard af\n|\n|t:|1700579023\n|switch|p1a: mother (n-b woman)|Diancie|100\/100\n|-damage|p1a: mother (n-b woman)|88\/100|[from] Stealth Rock\n|turn|13\n|\n|t:|1700579035\n|switch|p2a: Meowscarada|Meowscarada, F|100\/100\n|move|p1a: mother (n-b woman)|Spikes|p2a: Meowscarada\n|-sidestart|p2: Clodmire85|Spikes\n|\n|upkeep\n|turn|14\n|\n|t:|1700579053\n|move|p2a: Meowscarada|Knock Off|p1a: mother (n-b woman)\n|-start|p2a: Meowscarada|typechange|Dark|[from] ability: Protean\n|-resisted|p1a: mother (n-b woman)\n|-damage|p1a: mother (n-b woman)|74\/100\n|move|p1a: mother (n-b woman)|Moonblast|p2a: Meowscarada\n|-supereffective|p2a: Meowscarada\n|-damage|p2a: Meowscarada|0 fnt\n|faint|p2a: Meowscarada\n|\n|upkeep\n|\n|t:|1700579062\n|switch|p2a: Great Tusk|Great Tusk|66\/100\n|-damage|p2a: Great Tusk|54\/100|[from] Spikes\n|turn|15\n|\n|t:|1700579067\n|move|p2a: Great Tusk|Rapid Spin|p1a: mother (n-b woman)\n|-resisted|p1a: mother (n-b woman)\n|-damage|p1a: mother (n-b woman)|66\/100\n|-boost|p2a: Great Tusk|spe|1\n|-sideend|p2: Clodmire85|Spikes|[from] move: Rapid Spin|[of] p2a: Great Tusk\n|move|p1a: mother (n-b woman)|Moonblast|p2a: Great Tusk\n|-supereffective|p2a: Great Tusk\n|-damage|p2a: Great Tusk|0 fnt\n|faint|p2a: Great Tusk\n|-end|p2a: Great Tusk|Protosynthesis|[silent]\n|\n|upkeep\n|\n|t:|1700579074\n|switch|p2a: Heatran|Heatran, F|100\/100\n|turn|16\n|\n|t:|1700579077\n|move|p1a: mother (n-b woman)|Spikes|p2a: Heatran\n|-sidestart|p2: Clodmire85|Spikes\n|move|p2a: Heatran|Earth Power|p1a: mother (n-b woman)\n|-supereffective|p1a: mother (n-b woman)\n|-damage|p1a: mother (n-b woman)|23\/100\n|\n|upkeep\n|turn|17\n|\n|t:|1700579082\n|move|p1a: mother (n-b woman)|Diamond Storm|p2a: Heatran\n|-damage|p2a: Heatran|71\/100\n|move|p2a: Heatran|Earth Power|p1a: mother (n-b woman)\n|-supereffective|p1a: mother (n-b woman)\n|-damage|p1a: mother (n-b woman)|0 fnt\n|faint|p1a: mother (n-b woman)\n|\n|-heal|p2a: Heatran|77\/100|[from] item: Leftovers\n|upkeep\n|\n|t:|1700579087\n|switch|p1a: jena|Ninetales-Alola, M|100\/100\n|-damage|p1a: jena|76\/100|[from] Stealth Rock\n|-weather|Snow|[from] ability: Snow Warning|[of] p1a: jena\n|turn|18\n|\n|t:|1700579090\n|move|p1a: jena|Aurora Veil|p1a: jena\n|-sidestart|p1: dragonmaster441|move: Aurora Veil\n|move|p2a: Heatran|Lava Plume|p1a: jena\n|-supereffective|p1a: jena\n|-damage|p1a: jena|31\/100\n|\n|-weather|Snow|[upkeep]\n|-heal|p2a: Heatran|83\/100|[from] item: Leftovers\n|upkeep\n|turn|19\n|\n|t:|1700579097\n|-terastallize|p1a: jena|Water\n|move|p1a: jena|Blizzard|p2a: Heatran\n|-resisted|p2a: Heatran\n|-damage|p2a: Heatran|77\/100\n|move|p2a: Heatran|Lava Plume|p1a: jena\n|-resisted|p1a: jena\n|-damage|p1a: jena|20\/100\n|-status|p1a: jena|brn\n|\n|-weather|Snow|[upkeep]\n|-heal|p2a: Heatran|83\/100|[from] item: Leftovers\n|-damage|p1a: jena|14\/100 brn|[from] brn\n|upkeep\n|turn|20\n|\n|t:|1700579108\n|move|p1a: jena|Blizzard|p2a: Heatran\n|-resisted|p2a: Heatran\n|-damage|p2a: Heatran|77\/100\n|move|p2a: Heatran|Earth Power|p1a: jena\n|-damage|p1a: jena|0 fnt\n|faint|p1a: jena\n|\n|-weather|Snow|[upkeep]\n|-heal|p2a: Heatran|83\/100|[from] item: Leftovers\n|upkeep\n|\n|t:|1700579113\n|switch|p1a: adopted gramps|Moltres|100\/100\n|turn|21\n|\n|t:|1700579117\n|move|p1a: adopted gramps|Roost||[still]\n|-fail|p1a: adopted gramps|heal\n|move|p2a: Heatran|Hidden Power|p1a: adopted gramps\n|-crit|p1a: adopted gramps\n|-damage|p1a: adopted gramps|81\/100\n|\n|-weather|Snow|[upkeep]\n|-heal|p2a: Heatran|89\/100|[from] item: Leftovers\n|upkeep\n|turn|22\n|\n|t:|1700579125\n|move|p1a: adopted gramps|Mystical Fire|p2a: Heatran\n|-start|p2a: Heatran|ability: Flash Fire\n|move|p2a: Heatran|Earth Power|p1a: adopted gramps\n|-immune|p1a: adopted gramps\n|\n|-weather|none\n|-heal|p2a: Heatran|96\/100|[from] item: Leftovers\n|upkeep\n|turn|23\n|\n|t:|1700579130\n|move|p1a: adopted gramps|Defog|p2a: Heatran\n|-unboost|p2a: Heatran|evasion|1\n|-sideend|p2: Clodmire85|Spikes|[from] move: Defog|[of] p1a: adopted gramps\n|-sideend|p1: dragonmaster441|Stealth Rock|[from] move: Defog|[of] p1a: adopted gramps\n|move|p2a: Heatran|Stealth Rock|p1a: adopted gramps\n|-sidestart|p1: dragonmaster441|move: Stealth Rock\n|\n|-heal|p2a: Heatran|100\/100|[from] item: Leftovers\n|upkeep\n|turn|24\n|\n|t:|1700579137\n|move|p1a: adopted gramps|Defog|p2a: Heatran\n|-unboost|p2a: Heatran|evasion|1\n|-sideend|p1: dragonmaster441|Stealth Rock|[from] move: Defog|[of] p1a: adopted gramps\n|move|p2a: Heatran|Stealth Rock|p1a: adopted gramps\n|-sidestart|p1: dragonmaster441|move: Stealth Rock\n|\n|upkeep\n|turn|25\n|\n|t:|1700579141\n|move|p1a: adopted gramps|Defog|p2a: Heatran\n|-unboost|p2a: Heatran|evasion|1\n|-sideend|p1: dragonmaster441|Stealth Rock|[from] move: Defog|[of] p1a: adopted gramps\n|move|p2a: Heatran|Stealth Rock|p1a: adopted gramps\n|-sidestart|p1: dragonmaster441|move: Stealth Rock\n|\n|-sideend|p1: dragonmaster441|move: Aurora Veil\n|upkeep\n|turn|26\n|\n|t:|1700579145\n|move|p1a: adopted gramps|Defog|p2a: Heatran\n|-unboost|p2a: Heatran|evasion|1\n|-sideend|p1: dragonmaster441|Stealth Rock|[from] move: Defog|[of] p1a: adopted gramps\n|move|p2a: Heatran|Stealth Rock|p1a: adopted gramps\n|-sidestart|p1: dragonmaster441|move: Stealth Rock\n|\n|upkeep\n|turn|27\n|\n|t:|1700579151\n|move|p1a: adopted gramps|Mystical Fire|p2a: Heatran\n|-immune|p2a: Heatran|[from] ability: Flash Fire\n|move|p2a: Heatran|Stealth Rock||[still]\n|-fail|p2a: Heatran\n|\n|upkeep\n|turn|28\n|\n|t:|1700579158\n|move|p1a: adopted gramps|Mystical Fire|p2a: Heatran\n|-immune|p2a: Heatran|[from] ability: Flash Fire\n|move|p2a: Heatran|Stealth Rock||[still]\n|-fail|p2a: Heatran\n|\n|upkeep\n|turn|29\n|\n|t:|1700579163\n|move|p1a: adopted gramps|Will-O-Wisp|p2a: Heatran\n|-immune|p2a: Heatran|[from] ability: Flash Fire\n|move|p2a: Heatran|Stealth Rock||[still]\n|-fail|p2a: Heatran\n|\n|upkeep\n|turn|30\n|\n|t:|1700579170\n|move|p1a: adopted gramps|Defog|p2a: Heatran\n|-unboost|p2a: Heatran|evasion|1\n|-sideend|p1: dragonmaster441|Stealth Rock|[from] move: Defog|[of] p1a: adopted gramps\n|move|p2a: Heatran|Stealth Rock|p1a: adopted gramps\n|-sidestart|p1: dragonmaster441|move: Stealth Rock\n|\n|upkeep\n|turn|31\n|\n|t:|1700579175\n|move|p1a: adopted gramps|Defog|p2a: Heatran\n|-unboost|p2a: Heatran|evasion|1\n|-sideend|p1: dragonmaster441|Stealth Rock|[from] move: Defog|[of] p1a: adopted gramps\n|move|p2a: Heatran|Stealth Rock|p1a: adopted gramps\n|-sidestart|p1: dragonmaster441|move: Stealth Rock\n|\n|upkeep\n|turn|32\n|\n|t:|1700579177\n|move|p1a: adopted gramps|Defog|p2a: Heatran\n|-unboost|p2a: Heatran|evasion|0\n|-sideend|p1: dragonmaster441|Stealth Rock|[from] move: Defog|[of] p1a: adopted gramps\n|move|p2a: Heatran|Stealth Rock|p1a: adopted gramps\n|-sidestart|p1: dragonmaster441|move: Stealth Rock\n|\n|upkeep\n|turn|33\n|\n|t:|1700579180\n|move|p1a: adopted gramps|Defog|p2a: Heatran\n|-unboost|p2a: Heatran|evasion|0\n|-sideend|p1: dragonmaster441|Stealth Rock|[from] move: Defog|[of] p1a: adopted gramps\n|move|p2a: Heatran|Stealth Rock|p1a: adopted gramps\n|-sidestart|p1: dragonmaster441|move: Stealth Rock\n|\n|upkeep\n|turn|34\n|\n|t:|1700579181\n|move|p1a: adopted gramps|Defog|p2a: Heatran\n|-unboost|p2a: Heatran|evasion|0\n|-sideend|p1: dragonmaster441|Stealth Rock|[from] move: Defog|[of] p1a: adopted gramps\n|move|p2a: Heatran|Stealth Rock|p1a: adopted gramps\n|-sidestart|p1: dragonmaster441|move: Stealth Rock\n|\n|upkeep\n|turn|35\n|\n|t:|1700579183\n|move|p1a: adopted gramps|Defog|p2a: Heatran\n|-unboost|p2a: Heatran|evasion|0\n|-sideend|p1: dragonmaster441|Stealth Rock|[from] move: Defog|[of] p1a: adopted gramps\n|move|p2a: Heatran|Stealth Rock|p1a: adopted gramps\n|-sidestart|p1: dragonmaster441|move: Stealth Rock\n|\n|upkeep\n|turn|36\n|\n|t:|1700579184\n|move|p1a: adopted gramps|Defog|p2a: Heatran\n|-unboost|p2a: Heatran|evasion|0\n|-sideend|p1: dragonmaster441|Stealth Rock|[from] move: Defog|[of] p1a: adopted gramps\n|move|p2a: Heatran|Stealth Rock|p1a: adopted gramps\n|-sidestart|p1: dragonmaster441|move: Stealth Rock\n|\n|upkeep\n|turn|37\n|\n|t:|1700579186\n|move|p1a: adopted gramps|Defog|p2a: Heatran\n|-unboost|p2a: Heatran|evasion|0\n|-sideend|p1: dragonmaster441|Stealth Rock|[from] move: Defog|[of] p1a: adopted gramps\n|move|p2a: Heatran|Stealth Rock|p1a: adopted gramps\n|-sidestart|p1: dragonmaster441|move: Stealth Rock\n|\n|upkeep\n|turn|38\n|\n|t:|1700579187\n|move|p1a: adopted gramps|Defog|p2a: Heatran\n|-unboost|p2a: Heatran|evasion|0\n|-sideend|p1: dragonmaster441|Stealth Rock|[from] move: Defog|[of] p1a: adopted gramps\n|move|p2a: Heatran|Stealth Rock|p1a: adopted gramps\n|-sidestart|p1: dragonmaster441|move: Stealth Rock\n|\n|upkeep\n|turn|39\n|\n|t:|1700579189\n|move|p1a: adopted gramps|Defog|p2a: Heatran\n|-unboost|p2a: Heatran|evasion|0\n|-sideend|p1: dragonmaster441|Stealth Rock|[from] move: Defog|[of] p1a: adopted gramps\n|move|p2a: Heatran|Stealth Rock|p1a: adopted gramps\n|-sidestart|p1: dragonmaster441|move: Stealth Rock\n|\n|upkeep\n|turn|40\n|\n|t:|1700579190\n|move|p1a: adopted gramps|Defog|p2a: Heatran\n|-unboost|p2a: Heatran|evasion|0\n|-sideend|p1: dragonmaster441|Stealth Rock|[from] move: Defog|[of] p1a: adopted gramps\n|move|p2a: Heatran|Stealth Rock|p1a: adopted gramps\n|-sidestart|p1: dragonmaster441|move: Stealth Rock\n|\n|upkeep\n|turn|41\n|\n|t:|1700579192\n|move|p1a: adopted gramps|Defog|p2a: Heatran\n|-unboost|p2a: Heatran|evasion|0\n|-sideend|p1: dragonmaster441|Stealth Rock|[from] move: Defog|[of] p1a: adopted gramps\n|move|p2a: Heatran|Stealth Rock|p1a: adopted gramps\n|-sidestart|p1: dragonmaster441|move: Stealth Rock\n|\n|upkeep\n|turn|42\n|\n|t:|1700579195\n|move|p1a: adopted gramps|Defog|p2a: Heatran\n|-unboost|p2a: Heatran|evasion|0\n|-sideend|p1: dragonmaster441|Stealth Rock|[from] move: Defog|[of] p1a: adopted gramps\n|move|p2a: Heatran|Stealth Rock|p1a: adopted gramps\n|-sidestart|p1: dragonmaster441|move: Stealth Rock\n|\n|upkeep\n|turn|43\n|\n|t:|1700579200\n|move|p1a: adopted gramps|Defog|p2a: Heatran\n|-unboost|p2a: Heatran|evasion|0\n|-sideend|p1: dragonmaster441|Stealth Rock|[from] move: Defog|[of] p1a: adopted gramps\n|move|p2a: Heatran|Stealth Rock|p1a: adopted gramps\n|-sidestart|p1: dragonmaster441|move: Stealth Rock\n|\n|upkeep\n|turn|44\n|\n|t:|1700579204\n|move|p1a: adopted gramps|Defog|p2a: Heatran\n|-unboost|p2a: Heatran|evasion|0\n|-sideend|p1: dragonmaster441|Stealth Rock|[from] move: Defog|[of] p1a: adopted gramps\n|move|p2a: Heatran|Stealth Rock|p1a: adopted gramps\n|-sidestart|p1: dragonmaster441|move: Stealth Rock\n|\n|upkeep\n|turn|45\n|\n|t:|1700579206\n|move|p1a: adopted gramps|Defog|p2a: Heatran\n|-unboost|p2a: Heatran|evasion|0\n|-sideend|p1: dragonmaster441|Stealth Rock|[from] move: Defog|[of] p1a: adopted gramps\n|move|p2a: Heatran|Stealth Rock|p1a: adopted gramps\n|-sidestart|p1: dragonmaster441|move: Stealth Rock\n|\n|upkeep\n|turn|46\n|\n|t:|1700579209\n|move|p1a: adopted gramps|Defog|p2a: Heatran\n|-unboost|p2a: Heatran|evasion|0\n|-sideend|p1: dragonmaster441|Stealth Rock|[from] move: Defog|[of] p1a: adopted gramps\n|move|p2a: Heatran|Stealth Rock|p1a: adopted gramps\n|-sidestart|p1: dragonmaster441|move: Stealth Rock\n|\n|upkeep\n|turn|47\n|\n|t:|1700579211\n|move|p1a: adopted gramps|Defog|p2a: Heatran\n|-unboost|p2a: Heatran|evasion|0\n|-sideend|p1: dragonmaster441|Stealth Rock|[from] move: Defog|[of] p1a: adopted gramps\n|move|p2a: Heatran|Stealth Rock|p1a: adopted gramps\n|-sidestart|p1: dragonmaster441|move: Stealth Rock\n|\n|upkeep\n|turn|48\n|\n|t:|1700579212\n|move|p1a: adopted gramps|Defog|p2a: Heatran\n|-unboost|p2a: Heatran|evasion|0\n|-sideend|p1: dragonmaster441|Stealth Rock|[from] move: Defog|[of] p1a: adopted gramps\n|move|p2a: Heatran|Stealth Rock|p1a: adopted gramps\n|-sidestart|p1: dragonmaster441|move: Stealth Rock\n|\n|upkeep\n|turn|49\n|\n|t:|1700579214\n|move|p1a: adopted gramps|Defog|p2a: Heatran\n|-unboost|p2a: Heatran|evasion|0\n|-sideend|p1: dragonmaster441|Stealth Rock|[from] move: Defog|[of] p1a: adopted gramps\n|move|p2a: Heatran|Stealth Rock|p1a: adopted gramps\n|-sidestart|p1: dragonmaster441|move: Stealth Rock\n|\n|upkeep\n|turn|50\n|\n|t:|1700579221\n|move|p1a: adopted gramps|Will-O-Wisp|p2a: Heatran\n|-immune|p2a: Heatran|[from] ability: Flash Fire\n|move|p2a: Heatran|Stealth Rock||[still]\n|-fail|p2a: Heatran\n|\n|upkeep\n|turn|51\n|\n|t:|1700579226\n|move|p1a: adopted gramps|Will-O-Wisp|p2a: Heatran\n|-immune|p2a: Heatran|[from] ability: Flash Fire\n|move|p2a: Heatran|Stealth Rock||[still]\n|-fail|p2a: Heatran\n|\n|upkeep\n|turn|52\n|\n|t:|1700579229\n|move|p1a: adopted gramps|Will-O-Wisp|p2a: Heatran\n|-immune|p2a: Heatran|[from] ability: Flash Fire\n|move|p2a: Heatran|Stealth Rock||[still]\n|-fail|p2a: Heatran\n|\n|upkeep\n|turn|53\n|\n|t:|1700579233\n|move|p1a: adopted gramps|Will-O-Wisp|p2a: Heatran\n|-immune|p2a: Heatran|[from] ability: Flash Fire\n|move|p2a: Heatran|Stealth Rock||[still]\n|-fail|p2a: Heatran\n|\n|upkeep\n|turn|54\n|\n|t:|1700579239\n|move|p1a: adopted gramps|Will-O-Wisp|p2a: Heatran\n|-immune|p2a: Heatran|[from] ability: Flash Fire\n|move|p2a: Heatran|Hidden Power|p1a: adopted gramps\n|-damage|p1a: adopted gramps|69\/100\n|\n|upkeep\n|turn|55\n|\n|t:|1700579247\n|move|p1a: adopted gramps|Will-O-Wisp|p2a: Heatran\n|-immune|p2a: Heatran|[from] ability: Flash Fire\n|move|p2a: Heatran|Lava Plume|p1a: adopted gramps\n|-resisted|p1a: adopted gramps\n|-damage|p1a: adopted gramps|51\/100\n|\n|upkeep\n|turn|56\n|\n|t:|1700579255\n|move|p1a: adopted gramps|Will-O-Wisp|p2a: Heatran\n|-immune|p2a: Heatran|[from] ability: Flash Fire\n|move|p2a: Heatran|Lava Plume|p1a: adopted gramps\n|-resisted|p1a: adopted gramps\n|-damage|p1a: adopted gramps|33\/100\n|\n|upkeep\n|turn|57\n|\n|t:|1700579261\n|move|p1a: adopted gramps|Roost|p1a: adopted gramps\n|-heal|p1a: adopted gramps|83\/100\n|-singleturn|p1a: adopted gramps|move: Roost\n|move|p2a: Heatran|Lava Plume|p1a: adopted gramps\n|-resisted|p1a: adopted gramps\n|-damage|p1a: adopted gramps|64\/100\n|\n|upkeep\n|turn|58\n|\n|t:|1700579264\n|move|p1a: adopted gramps|Mystical Fire|p2a: Heatran\n|-immune|p2a: Heatran|[from] ability: Flash Fire\n|move|p2a: Heatran|Lava Plume|p1a: adopted gramps\n|-resisted|p1a: adopted gramps\n|-damage|p1a: adopted gramps|46\/100\n|\n|upkeep\n|turn|59\n|\n|t:|1700579267\n|move|p1a: adopted gramps|Will-O-Wisp|p2a: Heatran\n|-immune|p2a: Heatran|[from] ability: Flash Fire\n|move|p2a: Heatran|Earth Power|p1a: adopted gramps\n|-immune|p1a: adopted gramps\n|\n|upkeep\n|turn|60\n|\n|t:|1700579274\n|move|p1a: adopted gramps|Will-O-Wisp|p2a: Heatran\n|-immune|p2a: Heatran|[from] ability: Flash Fire\n|move|p2a: Heatran|Earth Power|p1a: adopted gramps\n|-immune|p1a: adopted gramps\n|\n|upkeep\n|turn|61\n|\n|t:|1700579280\n|move|p1a: adopted gramps|Will-O-Wisp|p2a: Heatran\n|-immune|p2a: Heatran|[from] ability: Flash Fire\n|move|p2a: Heatran|Earth Power|p1a: adopted gramps\n|-immune|p1a: adopted gramps\n|\n|upkeep\n|turn|62\n|\n|t:|1700579288\n|move|p1a: adopted gramps|Will-O-Wisp|p2a: Heatran\n|-immune|p2a: Heatran|[from] ability: Flash Fire\n|move|p2a: Heatran|Earth Power|p1a: adopted gramps\n|-immune|p1a: adopted gramps\n|\n|upkeep\n|turn|63\n|\n|t:|1700579291\n|move|p1a: adopted gramps|Will-O-Wisp|p2a: Heatran\n|-immune|p2a: Heatran|[from] ability: Flash Fire\n|move|p2a: Heatran|Earth Power|p1a: adopted gramps\n|-immune|p1a: adopted gramps\n|\n|upkeep\n|turn|64\n|\n|t:|1700579293\n|move|p1a: adopted gramps|Will-O-Wisp|p2a: Heatran\n|-immune|p2a: Heatran|[from] ability: Flash Fire\n|move|p2a: Heatran|Earth Power|p1a: adopted gramps\n|-immune|p1a: adopted gramps\n|\n|upkeep\n|turn|65\n|\n|t:|1700579295\n|move|p1a: adopted gramps|Will-O-Wisp|p2a: Heatran\n|-immune|p2a: Heatran|[from] ability: Flash Fire\n|move|p2a: Heatran|Earth Power|p1a: adopted gramps\n|-immune|p1a: adopted gramps\n|\n|upkeep\n|turn|66\n|\n|t:|1700579297\n|move|p1a: adopted gramps|Will-O-Wisp|p2a: Heatran\n|-immune|p2a: Heatran|[from] ability: Flash Fire\n|move|p2a: Heatran|Earth Power|p1a: adopted gramps\n|-immune|p1a: adopted gramps\n|\n|upkeep\n|turn|67\n|\n|t:|1700579299\n|move|p1a: adopted gramps|Will-O-Wisp|p2a: Heatran\n|-immune|p2a: Heatran|[from] ability: Flash Fire\n|move|p2a: Heatran|Earth Power|p1a: adopted gramps\n|-immune|p1a: adopted gramps\n|\n|upkeep\n|turn|68\n|\n|t:|1700579300\n|move|p1a: adopted gramps|Will-O-Wisp|p2a: Heatran\n|-immune|p2a: Heatran|[from] ability: Flash Fire\n|move|p2a: Heatran|Earth Power|p1a: adopted gramps\n|-immune|p1a: adopted gramps\n|\n|upkeep\n|turn|69\n|\n|t:|1700579305\n|move|p1a: adopted gramps|Will-O-Wisp|p2a: Heatran\n|-immune|p2a: Heatran|[from] ability: Flash Fire\n|move|p2a: Heatran|Earth Power|p1a: adopted gramps\n|-immune|p1a: adopted gramps\n|\n|upkeep\n|turn|70\n|\n|t:|1700579307\n|move|p1a: adopted gramps|Will-O-Wisp|p2a: Heatran\n|-immune|p2a: Heatran|[from] ability: Flash Fire\n|move|p2a: Heatran|Earth Power|p1a: adopted gramps\n|-immune|p1a: adopted gramps\n|\n|upkeep\n|turn|71\n|\n|t:|1700579314\n|move|p1a: adopted gramps|Roost|p1a: adopted gramps\n|-heal|p1a: adopted gramps|97\/100\n|-singleturn|p1a: adopted gramps|move: Roost\n|move|p2a: Heatran|Lava Plume|p1a: adopted gramps\n|-resisted|p1a: adopted gramps\n|-damage|p1a: adopted gramps|78\/100\n|\n|upkeep\n|turn|72\n|\n|t:|1700579324\n|move|p1a: adopted gramps|Will-O-Wisp|p2a: Heatran\n|-immune|p2a: Heatran|[from] ability: Flash Fire\n|move|p2a: Heatran|Lava Plume|p1a: adopted gramps\n|-resisted|p1a: adopted gramps\n|-damage|p1a: adopted gramps|58\/100\n|\n|upkeep\n|turn|73\n|\n|t:|1700579328\n|move|p1a: adopted gramps|Will-O-Wisp|p2a: Heatran\n|-immune|p2a: Heatran|[from] ability: Flash Fire\n|move|p2a: Heatran|Lava Plume|p1a: adopted gramps\n|-resisted|p1a: adopted gramps\n|-damage|p1a: adopted gramps|40\/100\n|\n|upkeep\n|turn|74\n|\n|t:|1700579336\n|move|p1a: adopted gramps|Will-O-Wisp|p2a: Heatran\n|-immune|p2a: Heatran|[from] ability: Flash Fire\n|move|p2a: Heatran|Lava Plume|p1a: adopted gramps\n|-resisted|p1a: adopted gramps\n|-damage|p1a: adopted gramps|21\/100\n|\n|upkeep\n|turn|75\n|\n|t:|1700579341\n|move|p1a: adopted gramps|Roost|p1a: adopted gramps\n|-heal|p1a: adopted gramps|72\/100\n|-singleturn|p1a: adopted gramps|move: Roost\n|move|p2a: Heatran|Lava Plume|p1a: adopted gramps\n|-resisted|p1a: adopted gramps\n|-damage|p1a: adopted gramps|54\/100\n|\n|upkeep\n|turn|76\n|\n|t:|1700579346\n|move|p1a: adopted gramps|Mystical Fire|p2a: Heatran\n|-immune|p2a: Heatran|[from] ability: Flash Fire\n|move|p2a: Heatran|Lava Plume|p1a: adopted gramps\n|-resisted|p1a: adopted gramps\n|-damage|p1a: adopted gramps|36\/100\n|\n|upkeep\n|turn|77\n|\n|t:|1700579351\n|move|p1a: adopted gramps|Roost|p1a: adopted gramps\n|-heal|p1a: adopted gramps|86\/100\n|-singleturn|p1a: adopted gramps|move: Roost\n|move|p2a: Heatran|Lava Plume|p1a: adopted gramps\n|-resisted|p1a: adopted gramps\n|-damage|p1a: adopted gramps|69\/100\n|\n|upkeep\n|turn|78\n|\n|t:|1700579360\n|move|p1a: adopted gramps|Mystical Fire|p2a: Heatran\n|-immune|p2a: Heatran|[from] ability: Flash Fire\n|move|p2a: Heatran|Lava Plume|p1a: adopted gramps\n|-resisted|p1a: adopted gramps\n|-damage|p1a: adopted gramps|50\/100\n|\n|upkeep\n|turn|79\n|\n|t:|1700579365\n|move|p1a: adopted gramps|Mystical Fire|p2a: Heatran\n|-immune|p2a: Heatran|[from] ability: Flash Fire\n|move|p2a: Heatran|Hidden Power|p1a: adopted gramps\n|-damage|p1a: adopted gramps|38\/100\n|\n|upkeep\n|turn|80\n|\n|t:|1700579371\n|move|p1a: adopted gramps|Roost|p1a: adopted gramps\n|-heal|p1a: adopted gramps|88\/100\n|-singleturn|p1a: adopted gramps|move: Roost\n|move|p2a: Heatran|Hidden Power|p1a: adopted gramps\n|-resisted|p1a: adopted gramps\n|-damage|p1a: adopted gramps|82\/100\n|\n|upkeep\n|turn|81\n|\n|t:|1700579377\n|move|p1a: adopted gramps|Mystical Fire|p2a: Heatran\n|-immune|p2a: Heatran|[from] ability: Flash Fire\n|move|p2a: Heatran|Hidden Power|p1a: adopted gramps\n|-damage|p1a: adopted gramps|70\/100\n|\n|upkeep\n|turn|82\n|\n|t:|1700579383\n|move|p1a: adopted gramps|Mystical Fire|p2a: Heatran\n|-immune|p2a: Heatran|[from] ability: Flash Fire\n|move|p2a: Heatran|Hidden Power|p1a: adopted gramps\n|-damage|p1a: adopted gramps|57\/100\n|\n|upkeep\n|turn|83\n|\n|t:|1700579389\n|move|p1a: adopted gramps|Mystical Fire|p2a: Heatran\n|-immune|p2a: Heatran|[from] ability: Flash Fire\n|move|p2a: Heatran|Hidden Power|p1a: adopted gramps\n|-damage|p1a: adopted gramps|45\/100\n|\n|upkeep\n|turn|84\n|\n|t:|1700579395\n|move|p1a: adopted gramps|Mystical Fire|p2a: Heatran\n|-immune|p2a: Heatran|[from] ability: Flash Fire\n|move|p2a: Heatran|Hidden Power|p1a: adopted gramps\n|-damage|p1a: adopted gramps|32\/100\n|\n|upkeep\n|turn|85\n|\n|t:|1700579401\n|move|p1a: adopted gramps|Roost|p1a: adopted gramps\n|-heal|p1a: adopted gramps|82\/100\n|-singleturn|p1a: adopted gramps|move: Roost\n|move|p2a: Heatran|Hidden Power|p1a: adopted gramps\n|-resisted|p1a: adopted gramps\n|-damage|p1a: adopted gramps|75\/100\n|\n|upkeep\n|turn|86\n|\n|t:|1700579409\n|move|p1a: adopted gramps|Mystical Fire|p2a: Heatran\n|-immune|p2a: Heatran|[from] ability: Flash Fire\n|move|p2a: Heatran|Hidden Power|p1a: adopted gramps\n|-damage|p1a: adopted gramps|63\/100\n|\n|upkeep\n|turn|87\n|\n|t:|1700579417\n|move|p1a: adopted gramps|Mystical Fire|p2a: Heatran\n|-immune|p2a: Heatran|[from] ability: Flash Fire\n|move|p2a: Heatran|Hidden Power|p1a: adopted gramps\n|-damage|p1a: adopted gramps|50\/100\n|\n|upkeep\n|turn|88\n|\n|t:|1700579422\n|move|p1a: adopted gramps|Mystical Fire|p2a: Heatran\n|-immune|p2a: Heatran|[from] ability: Flash Fire\n|move|p2a: Heatran|Hidden Power|p1a: adopted gramps\n|-damage|p1a: adopted gramps|37\/100\n|\n|upkeep\n|turn|89\n|\n|t:|1700579429\n|move|p1a: adopted gramps|Roost|p1a: adopted gramps\n|-heal|p1a: adopted gramps|87\/100\n|-singleturn|p1a: adopted gramps|move: Roost\n|move|p2a: Heatran|Hidden Power|p1a: adopted gramps\n|-resisted|p1a: adopted gramps\n|-damage|p1a: adopted gramps|81\/100\n|\n|upkeep\n|turn|90\n|\n|t:|1700579435\n|move|p1a: adopted gramps|Mystical Fire|p2a: Heatran\n|-immune|p2a: Heatran|[from] ability: Flash Fire\n|move|p2a: Heatran|Lava Plume|p1a: adopted gramps\n|-resisted|p1a: adopted gramps\n|-damage|p1a: adopted gramps|63\/100\n|\n|upkeep\n|turn|91\n|\n|t:|1700579440\n|move|p1a: adopted gramps|Mystical Fire|p2a: Heatran\n|-immune|p2a: Heatran|[from] ability: Flash Fire\n|move|p2a: Heatran|Lava Plume|p1a: adopted gramps\n|-resisted|p1a: adopted gramps\n|-damage|p1a: adopted gramps|43\/100\n|\n|upkeep\n|turn|92\n|\n|t:|1700579446\n|-activate|p1a: adopted gramps|move: Struggle\n|move|p1a: adopted gramps|Struggle|p2a: Heatran\n|-damage|p2a: Heatran|93\/100\n|-damage|p1a: adopted gramps|17\/100|[from] recoil\n|move|p2a: Heatran|Lava Plume|p1a: adopted gramps\n|-resisted|p1a: adopted gramps\n|-damage|p1a: adopted gramps|0 fnt\n|faint|p1a: adopted gramps\n|\n|win|Clodmire85\n|raw|dragonmaster441's rating: 1306 &rarr; <strong>1288<\/strong><br \/>(-18 for losing)\n|raw|Clodmire85's rating: 1348 &rarr; <strong>1366<\/strong><br \/>(+18 for winning)\n|c|\u2606dragonmaster441|gg!\n|c|\u2606Clodmire85|gg\n","uploadtime":1700579458,"views":0,"p1id":"dragonmaster441","p2id":"clodmire85","formatid":"gen9nationaldex","rating":1288,"private":0,"password":""}