{"id":"gen9nationaldex-1993642182","p1":"Bumpers362","p2":"amos25","format":"[Gen 9] National Dex","log":"|j|\u2606Bumpers362\n|j|\u2606amos25\n|t:|1700340672\n|gametype|singles\n|player|p1|Bumpers362|steven|1281\n|player|p2|amos25|whitney|1338\n|teamsize|p1|6\n|teamsize|p2|6\n|gen|9\n|tier|[Gen 9] National Dex\n|rated|\n|rule|HP Percentage Mod: HP is shown in percentages\n|rule|Endless Battle Clause: Forcing endless battles is banned\n|rule|OHKO Clause: OHKO moves are banned\n|rule|Evasion Clause: Evasion abilities, items, and moves are banned\n|rule|Evasion Abilities Clause: Evasion abilities are banned\n|rule|Evasion Items Clause: Evasion items are banned\n|rule|Evasion Moves Clause: Evasion moves are banned\n|rule|Species Clause: Limit one of each Pok\u00e9mon\n|rule|Sleep Clause Mod: Limit one foe put to sleep\n|clearpoke\n|poke|p1|Beedrill, M|\n|poke|p1|Umbreon, M|\n|poke|p1|Grimmsnarl, M|\n|poke|p1|Garganacl, M|\n|poke|p1|Iron Moth|\n|poke|p1|Gliscor, M|\n|poke|p2|Ferrothorn, M|\n|poke|p2|Jellicent, F|\n|poke|p2|Lopunny, M|\n|poke|p2|Landorus-Therian, M|\n|poke|p2|Kyurem|\n|poke|p2|Heatran, M|\n|teampreview\n|inactive|Battle timer is ON: inactive players will automatically lose when time's up. (requested by Bumpers362)\n|\n|t:|1700340681\n|start\n|switch|p1a: Grimmsnarl|Grimmsnarl, M|100\/100\n|switch|p2a: Landorus|Landorus-Therian, M|100\/100\n|-ability|p2a: Landorus|Intimidate|boost\n|-unboost|p1a: Grimmsnarl|atk|1\n|turn|1\n|\n|t:|1700340694\n|move|p1a: Grimmsnarl|Reflect|p1a: Grimmsnarl\n|-sidestart|p1: Bumpers362|Reflect\n|move|p2a: Landorus|U-turn|p1a: Grimmsnarl\n|-damage|p1a: Grimmsnarl|87\/100\n|\n|t:|1700340697\n|switch|p2a: Lopunny|Lopunny, M, shiny|100\/100|[from] U-turn\n|\n|upkeep\n|turn|2\n|\n|t:|1700340704\n|detailschange|p2a: Lopunny|Lopunny-Mega, M, shiny\n|-mega|p2a: Lopunny|Lopunny|Lopunnite\n|move|p2a: Lopunny|Fake Out|p1a: Grimmsnarl\n|-damage|p1a: Grimmsnarl|73\/100\n|cant|p1a: Grimmsnarl|flinch\n|\n|upkeep\n|turn|3\n|\n|t:|1700340710\n|switch|p2a: Landorus|Landorus-Therian, M|100\/100\n|-ability|p2a: Landorus|Intimidate|boost\n|-unboost|p1a: Grimmsnarl|atk|1\n|move|p1a: Grimmsnarl|Thunder Wave|p2a: Landorus\n|-immune|p2a: Landorus\n|\n|upkeep\n|turn|4\n|\n|t:|1700340720\n|move|p2a: Landorus|Defog|p1a: Grimmsnarl\n|-unboost|p1a: Grimmsnarl|evasion|1\n|-sideend|p1: Bumpers362|Reflect\n|move|p1a: Grimmsnarl|Spirit Break|p2a: Landorus\n|-damage|p2a: Landorus|91\/100\n|-unboost|p2a: Landorus|spa|1\n|-damage|p1a: Grimmsnarl|57\/100|[from] item: Rocky Helmet|[of] p2a: Landorus\n|\n|upkeep\n|turn|5\n|\n|t:|1700340728\n|move|p1a: Grimmsnarl|Reflect|p1a: Grimmsnarl\n|-sidestart|p1: Bumpers362|Reflect\n|move|p2a: Landorus|Earthquake|p1a: Grimmsnarl\n|-damage|p1a: Grimmsnarl|29\/100\n|\n|upkeep\n|turn|6\n|\n|t:|1700340741\n|switch|p1a: Gliscor|Gliscor, M|100\/100\n|move|p2a: Landorus|Defog|p1a: Gliscor\n|-unboost|p1a: Gliscor|evasion|1\n|-sideend|p1: Bumpers362|Reflect\n|\n|-status|p1a: Gliscor|tox|[from] item: Toxic Orb\n|upkeep\n|turn|7\n|\n|t:|1700340749\n|switch|p2a: Ferrothorn|Ferrothorn, M|100\/100\n|move|p1a: Gliscor|Toxic|p2a: Ferrothorn\n|-immune|p2a: Ferrothorn\n|\n|upkeep\n|turn|8\n|\n|t:|1700340754\n|move|p1a: Gliscor|Taunt|p2a: Ferrothorn\n|-start|p2a: Ferrothorn|move: Taunt\n|cant|p2a: Ferrothorn|move: Taunt|Leech Seed\n|\n|upkeep\n|turn|9\n|\n|t:|1700340758\n|switch|p1a: Iron Moth|Iron Moth|100\/100\n|move|p2a: Ferrothorn|Knock Off|p1a: Iron Moth\n|-damage|p1a: Iron Moth|61\/100\n|-enditem|p1a: Iron Moth|Choice Specs|[from] move: Knock Off|[of] p2a: Ferrothorn\n|\n|upkeep\n|turn|10\n|\n|t:|1700340764\n|switch|p2a: Heatran|Heatran, M|100\/100\n|move|p1a: Iron Moth|Overheat|p2a: Heatran\n|-start|p2a: Heatran|ability: Flash Fire\n|\n|upkeep\n|turn|11\n|\n|t:|1700340769\n|-end|p1a: Iron Moth|Quark Drive|[silent]\n|switch|p1a: Gliscor|Gliscor, M|100\/100 tox\n|move|p2a: Heatran|Earth Power|p1a: Gliscor\n|-immune|p1a: Gliscor\n|\n|upkeep\n|turn|12\n|\n|t:|1700340779\n|-terastallize|p2a: Heatran|Grass\n|move|p1a: Gliscor|Toxic|p2a: Heatran\n|-status|p2a: Heatran|tox\n|move|p2a: Heatran|Magma Storm|p1a: Gliscor\n|-damage|p1a: Gliscor|41\/100 tox\n|-activate|p1a: Gliscor|move: Magma Storm|[of] p2a: Heatran\n|\n|-heal|p1a: Gliscor|54\/100 tox|[from] ability: Poison Heal\n|-damage|p2a: Heatran|94\/100 tox|[from] psn\n|-damage|p1a: Gliscor|41\/100 tox|[from] move: Magma Storm|[partiallytrapped]\n|upkeep\n|turn|13\n|\n|t:|1700340788\n|move|p1a: Gliscor|Protect|p1a: Gliscor\n|-singleturn|p1a: Gliscor|Protect\n|move|p2a: Heatran|Magma Storm|p1a: Gliscor\n|-activate|p1a: Gliscor|move: Protect\n|\n|-heal|p2a: Heatran|100\/100 tox|[from] item: Leftovers\n|-heal|p1a: Gliscor|54\/100 tox|[from] ability: Poison Heal\n|-damage|p2a: Heatran|88\/100 tox|[from] psn\n|-damage|p1a: Gliscor|41\/100 tox|[from] move: Magma Storm|[partiallytrapped]\n|upkeep\n|turn|14\n|\n|t:|1700340812\n|move|p1a: Gliscor|Protect||[still]\n|-fail|p1a: Gliscor\n|move|p2a: Heatran|Magma Storm|p1a: Gliscor\n|-damage|p1a: Gliscor|0 fnt\n|faint|p1a: Gliscor\n|\n|-heal|p2a: Heatran|94\/100 tox|[from] item: Leftovers\n|-damage|p2a: Heatran|76\/100 tox|[from] psn\n|upkeep\n|\n|t:|1700340821\n|switch|p1a: Iron Moth|Iron Moth|61\/100\n|turn|15\n|\n|t:|1700340825\n|move|p1a: Iron Moth|Sludge Wave|p2a: Heatran\n|-supereffective|p2a: Heatran\n|-damage|p2a: Heatran|13\/100 tox\n|move|p2a: Heatran|Earth Power|p1a: Iron Moth\n|-supereffective|p1a: Iron Moth\n|-damage|p1a: Iron Moth|0 fnt\n|faint|p1a: Iron Moth\n|-end|p1a: Iron Moth|Quark Drive|[silent]\n|\n|-heal|p2a: Heatran|20\/100 tox|[from] item: Leftovers\n|-damage|p2a: Heatran|0 fnt|[from] psn\n|faint|p2a: Heatran\n|upkeep\n|\n|t:|1700340833\n|switch|p1a: Grimmsnarl|Grimmsnarl, M|29\/100\n|switch|p2a: Lopunny|Lopunny-Mega, M, shiny|100\/100\n|turn|16\n|\n|t:|1700340846\n|switch|p1a: Garganacl|Garganacl, M|100\/100\n|move|p2a: Lopunny|Fake Out|p1a: Garganacl\n|-resisted|p1a: Garganacl\n|-damage|p1a: Garganacl|95\/100\n|\n|-heal|p1a: Garganacl|100\/100|[from] item: Leftovers\n|upkeep\n|turn|17\n|\n|t:|1700340851\n|-terastallize|p1a: Garganacl|Ghost\n|move|p2a: Lopunny|Close Combat|p1a: Garganacl\n|-damage|p1a: Garganacl|70\/100\n|-unboost|p2a: Lopunny|def|1\n|-unboost|p2a: Lopunny|spd|1\n|move|p1a: Garganacl|Iron Defense|p1a: Garganacl\n|-boost|p1a: Garganacl|def|2\n|\n|-heal|p1a: Garganacl|76\/100|[from] item: Leftovers\n|upkeep\n|turn|18\n|\n|t:|1700340865\n|move|p2a: Lopunny|U-turn|p1a: Garganacl\n|-resisted|p1a: Garganacl\n|-damage|p1a: Garganacl|73\/100\n|\n|t:|1700340871\n|switch|p2a: Jellicent|Jellicent, F, shiny|100\/100|[from] U-turn\n|move|p1a: Garganacl|Salt Cure|p2a: Jellicent\n|-damage|p2a: Jellicent|90\/100\n|-start|p2a: Jellicent|Salt Cure\n|\n|-heal|p2a: Jellicent|96\/100|[from] item: Leftovers\n|-heal|p1a: Garganacl|79\/100|[from] item: Leftovers\n|-damage|p2a: Jellicent|71\/100|[from] Salt Cure\n|upkeep\n|turn|19\n|\n|t:|1700340883\n|move|p2a: Jellicent|Will-O-Wisp|p1a: Garganacl\n|-immune|p1a: Garganacl|[from] ability: Purifying Salt\n|move|p1a: Garganacl|Recover|p1a: Garganacl\n|-heal|p1a: Garganacl|100\/100\n|\n|-heal|p2a: Jellicent|77\/100|[from] item: Leftovers\n|-damage|p2a: Jellicent|52\/100|[from] Salt Cure\n|upkeep\n|turn|20\n|\n|t:|1700340889\n|move|p2a: Jellicent|Strength Sap|p1a: Garganacl\n|-unboost|p1a: Garganacl|atk|1\n|-heal|p2a: Jellicent|100\/100\n|move|p1a: Garganacl|Iron Defense|p1a: Garganacl\n|-boost|p1a: Garganacl|def|2\n|\n|-damage|p2a: Jellicent|75\/100|[from] Salt Cure\n|upkeep\n|turn|21\n|\n|t:|1700340895\n|move|p2a: Jellicent|Scald|p1a: Garganacl\n|-damage|p1a: Garganacl|77\/100\n|move|p1a: Garganacl|Iron Defense|p1a: Garganacl\n|-boost|p1a: Garganacl|def|2\n|\n|-heal|p2a: Jellicent|82\/100|[from] item: Leftovers\n|-heal|p1a: Garganacl|83\/100|[from] item: Leftovers\n|-damage|p2a: Jellicent|57\/100|[from] Salt Cure\n|upkeep\n|turn|22\n|\n|t:|1700340899\n|move|p2a: Jellicent|Scald|p1a: Garganacl\n|-damage|p1a: Garganacl|59\/100\n|move|p1a: Garganacl|Recover|p1a: Garganacl\n|-heal|p1a: Garganacl|100\/100\n|\n|-heal|p2a: Jellicent|63\/100|[from] item: Leftovers\n|-damage|p2a: Jellicent|38\/100|[from] Salt Cure\n|upkeep\n|turn|23\n|\n|t:|1700340905\n|move|p2a: Jellicent|Strength Sap|p1a: Garganacl\n|-unboost|p1a: Garganacl|atk|1\n|-heal|p2a: Jellicent|77\/100\n|move|p1a: Garganacl|Salt Cure|p2a: Jellicent\n|-damage|p2a: Jellicent|71\/100\n|\n|-heal|p2a: Jellicent|77\/100|[from] item: Leftovers\n|-damage|p2a: Jellicent|52\/100|[from] Salt Cure\n|upkeep\n|turn|24\n|\n|t:|1700340919\n|switch|p2a: Ferrothorn|Ferrothorn, M|100\/100\n|move|p1a: Garganacl|Salt Cure|p2a: Ferrothorn\n|-resisted|p2a: Ferrothorn\n|-damage|p2a: Ferrothorn|98\/100\n|-start|p2a: Ferrothorn|Salt Cure\n|\n|-heal|p2a: Ferrothorn|100\/100|[from] item: Leftovers\n|-damage|p2a: Ferrothorn|75\/100|[from] Salt Cure\n|upkeep\n|turn|25\n|\n|t:|1700340925\n|move|p1a: Garganacl|Body Press|p2a: Ferrothorn\n|-supereffective|p2a: Ferrothorn\n|-damage|p2a: Ferrothorn|0 fnt\n|-damage|p1a: Garganacl|88\/100|[from] ability: Iron Barbs|[of] p2a: Ferrothorn\n|faint|p2a: Ferrothorn\n|\n|-heal|p1a: Garganacl|94\/100|[from] item: Leftovers\n|upkeep\n|\n|t:|1700340938\n|switch|p2a: Lopunny|Lopunny-Mega, M, shiny|100\/100\n|turn|26\n|\n|t:|1700340944\n|move|p2a: Lopunny|Fake Out|p1a: Garganacl\n|-damage|p1a: Garganacl|91\/100\n|cant|p1a: Garganacl|flinch\n|\n|-heal|p1a: Garganacl|98\/100|[from] item: Leftovers\n|upkeep\n|turn|27\n|\n|t:|1700340946\n|move|p2a: Lopunny|U-turn|p1a: Garganacl\n|-resisted|p1a: Garganacl\n|-damage|p1a: Garganacl|96\/100\n|\n|t:|1700340950\n|switch|p2a: Landorus|Landorus-Therian, M|91\/100|[from] U-turn\n|-ability|p2a: Landorus|Intimidate|boost\n|-unboost|p1a: Garganacl|atk|1\n|move|p1a: Garganacl|Salt Cure|p2a: Landorus\n|-damage|p2a: Landorus|87\/100\n|-start|p2a: Landorus|Salt Cure\n|\n|-heal|p1a: Garganacl|100\/100|[from] item: Leftovers\n|-damage|p2a: Landorus|74\/100|[from] Salt Cure\n|upkeep\n|turn|28\n|\n|t:|1700340957\n|move|p2a: Landorus|Earthquake|p1a: Garganacl\n|-damage|p1a: Garganacl|94\/100\n|move|p1a: Garganacl|Body Press|p2a: Landorus\n|-resisted|p2a: Landorus\n|-damage|p2a: Landorus|34\/100\n|-damage|p1a: Garganacl|77\/100|[from] item: Rocky Helmet|[of] p2a: Landorus\n|\n|-heal|p1a: Garganacl|83\/100|[from] item: Leftovers\n|-damage|p2a: Landorus|22\/100|[from] Salt Cure\n|upkeep\n|turn|29\n|\n|t:|1700340964\n|move|p2a: Landorus|U-turn|p1a: Garganacl\n|-resisted|p1a: Garganacl\n|-damage|p1a: Garganacl|82\/100\n|\n|t:|1700340969\n|switch|p2a: Jellicent|Jellicent, F, shiny|52\/100|[from] U-turn\n|move|p1a: Garganacl|Body Press|p2a: Jellicent\n|-immune|p2a: Jellicent\n|\n|-heal|p2a: Jellicent|59\/100|[from] item: Leftovers\n|-heal|p1a: Garganacl|88\/100|[from] item: Leftovers\n|upkeep\n|turn|30\n|\n|t:|1700340972\n|move|p2a: Jellicent|Scald|p1a: Garganacl\n|-damage|p1a: Garganacl|65\/100\n|move|p1a: Garganacl|Salt Cure|p2a: Jellicent\n|-damage|p2a: Jellicent|54\/100\n|-start|p2a: Jellicent|Salt Cure\n|\n|-heal|p2a: Jellicent|60\/100|[from] item: Leftovers\n|-heal|p1a: Garganacl|71\/100|[from] item: Leftovers\n|-damage|p2a: Jellicent|35\/100|[from] Salt Cure\n|upkeep\n|turn|31\n|\n|t:|1700340976\n|move|p2a: Jellicent|Scald|p1a: Garganacl\n|-damage|p1a: Garganacl|49\/100\n|move|p1a: Garganacl|Recover|p1a: Garganacl\n|-heal|p1a: Garganacl|99\/100\n|\n|-heal|p2a: Jellicent|42\/100|[from] item: Leftovers\n|-heal|p1a: Garganacl|100\/100|[from] item: Leftovers\n|-damage|p2a: Jellicent|17\/100|[from] Salt Cure\n|upkeep\n|turn|32\n|\n|t:|1700340983\n|move|p2a: Jellicent|Strength Sap|p1a: Garganacl\n|-unboost|p1a: Garganacl|atk|1\n|-heal|p2a: Jellicent|40\/100\n|move|p1a: Garganacl|Salt Cure|p2a: Jellicent\n|-damage|p2a: Jellicent|36\/100\n|\n|-heal|p2a: Jellicent|42\/100|[from] item: Leftovers\n|-damage|p2a: Jellicent|17\/100|[from] Salt Cure\n|upkeep\n|turn|33\n|\n|t:|1700340988\n|move|p2a: Jellicent|Scald|p1a: Garganacl\n|-damage|p1a: Garganacl|79\/100\n|move|p1a: Garganacl|Salt Cure|p2a: Jellicent\n|-damage|p2a: Jellicent|13\/100\n|\n|-heal|p2a: Jellicent|20\/100|[from] item: Leftovers\n|-heal|p1a: Garganacl|86\/100|[from] item: Leftovers\n|-damage|p2a: Jellicent|0 fnt|[from] Salt Cure\n|faint|p2a: Jellicent\n|upkeep\n|\n|t:|1700340994\n|switch|p2a: Lopunny|Lopunny-Mega, M, shiny|100\/100\n|turn|34\n|\n|t:|1700341001\n|move|p2a: Lopunny|Close Combat|p1a: Garganacl\n|-damage|p1a: Garganacl|77\/100\n|-unboost|p2a: Lopunny|def|1\n|-unboost|p2a: Lopunny|spd|1\n|move|p1a: Garganacl|Salt Cure|p2a: Lopunny\n|-resisted|p2a: Lopunny\n|-damage|p2a: Lopunny|96\/100\n|-start|p2a: Lopunny|Salt Cure\n|\n|-heal|p1a: Garganacl|83\/100|[from] item: Leftovers\n|-damage|p2a: Lopunny|84\/100|[from] Salt Cure\n|upkeep\n|turn|35\n|\n|t:|1700341011\n|move|p2a: Lopunny|Close Combat|p1a: Garganacl\n|-damage|p1a: Garganacl|75\/100\n|-unboost|p2a: Lopunny|def|1\n|-unboost|p2a: Lopunny|spd|1\n|move|p1a: Garganacl|Body Press|p2a: Lopunny\n|-supereffective|p2a: Lopunny\n|-damage|p2a: Lopunny|0 fnt\n|faint|p2a: Lopunny\n|\n|-heal|p1a: Garganacl|81\/100|[from] item: Leftovers\n|upkeep\n|\n|t:|1700341015\n|switch|p2a: Kyurem|Kyurem, shiny|100\/100\n|-ability|p2a: Kyurem|Pressure\n|turn|36\n|\n|t:|1700341020\n|move|p2a: Kyurem|Substitute|p2a: Kyurem\n|-start|p2a: Kyurem|Substitute\n|-damage|p2a: Kyurem|76\/100\n|move|p1a: Garganacl|Body Press|p2a: Kyurem\n|-supereffective|p2a: Kyurem\n|-end|p2a: Kyurem|Substitute\n|\n|-heal|p1a: Garganacl|87\/100|[from] item: Leftovers\n|upkeep\n|turn|37\n|\n|t:|1700341025\n|move|p2a: Kyurem|Freeze-Dry|p1a: Garganacl\n|-damage|p1a: Garganacl|55\/100\n|move|p1a: Garganacl|Body Press|p2a: Kyurem\n|-supereffective|p2a: Kyurem\n|-damage|p2a: Kyurem|0 fnt\n|faint|p2a: Kyurem\n|\n|-heal|p1a: Garganacl|62\/100|[from] item: Leftovers\n|upkeep\n|\n|t:|1700341029\n|switch|p2a: Landorus|Landorus-Therian, M|22\/100\n|-ability|p2a: Landorus|Intimidate|boost\n|-unboost|p1a: Garganacl|atk|1\n|turn|38\n|\n|t:|1700341031\n|move|p2a: Landorus|Toxic|p1a: Garganacl\n|-immune|p1a: Garganacl|[from] ability: Purifying Salt\n|move|p1a: Garganacl|Body Press|p2a: Landorus\n|-resisted|p2a: Landorus\n|-damage|p2a: Landorus|0 fnt\n|-damage|p1a: Garganacl|45\/100|[from] item: Rocky Helmet|[of] p2a: Landorus\n|faint|p2a: Landorus\n|\n|win|Bumpers362\n|raw|Bumpers362's rating: 1281 &rarr; <strong>1310<\/strong><br \/>(+29 for winning)\n|raw|amos25's rating: 1338 &rarr; <strong>1315<\/strong><br \/>(-23 for losing)\n|l|\u2606amos25\n","uploadtime":1700341036,"views":7,"p1id":"bumpers362","p2id":"amos25","formatid":"gen9nationaldex","rating":1310,"private":0,"password":""}