{"id":"gen9nationaldex-1995542028","p1":"BMCCC","p2":"wangxin666","format":"[Gen 9] National Dex","log":"|html|<div class=\"broadcast-blue\"><strong>[Gen 9] National Dex is currently suspecting Sneasler! For information on how to participate check out the <a href=\"https:\/\/www.smogon.com\/forums\/threads\/sv-national-dex-suspect-8-just-dance.3731534\/\">suspect thread<\/a>.<\/strong><\/div>\n|j|\u2606BMCCC\n|j|\u2606wangxin666\n|t:|1700581316\n|gametype|singles\n|player|p1|BMCCC|alder|1051\n|player|p2|wangxin666|marley|1000\n|teamsize|p1|6\n|teamsize|p2|6\n|gen|9\n|tier|[Gen 9] National Dex\n|rated|\n|rule|HP Percentage Mod: HP is shown in percentages\n|rule|Endless Battle Clause: Forcing endless battles is banned\n|rule|OHKO Clause: OHKO moves are banned\n|rule|Evasion Clause: Evasion abilities, items, and moves are banned\n|rule|Evasion Abilities Clause: Evasion abilities are banned\n|rule|Evasion Items Clause: Evasion items are banned\n|rule|Evasion Moves Clause: Evasion moves are banned\n|rule|Species Clause: Limit one of each Pok\u00e9mon\n|rule|Sleep Clause Mod: Limit one foe put to sleep\n|clearpoke\n|poke|p1|Alomomola, F|\n|poke|p1|Gliscor, M|\n|poke|p1|Sableye, M|\n|poke|p1|Heatran, F|\n|poke|p1|Urshifu-*, F|\n|poke|p1|Garganacl, M|\n|poke|p2|Machamp, M|\n|poke|p2|Bronzong|\n|poke|p2|Incineroar, M|\n|poke|p2|Toxapex, F|\n|poke|p2|Hatterene, F|\n|poke|p2|Kartana|\n|teampreview\n|\n|t:|1700581329\n|start\n|switch|p1a: Sableye|Sableye, M|100\/100\n|switch|p2a: Bronzong|Bronzong|100\/100\n|turn|1\n|inactive|Battle timer is ON: inactive players will automatically lose when time's up. (requested by BMCCC)\n|\n|t:|1700581343\n|detailschange|p1a: Sableye|Sableye-Mega, M\n|-mega|p1a: Sableye|Sableye|Sablenite\n|move|p1a: Sableye|Fake Out|p2a: Bronzong\n|-resisted|p2a: Bronzong\n|-damage|p2a: Bronzong|97\/100\n|cant|p2a: Bronzong|flinch\n|\n|-heal|p2a: Bronzong|100\/100|[from] item: Leftovers\n|upkeep\n|turn|2\n|\n|t:|1700581353\n|move|p1a: Sableye|Knock Off|p2a: Bronzong\n|-supereffective|p2a: Bronzong\n|-damage|p2a: Bronzong|51\/100\n|-enditem|p2a: Bronzong|Leftovers|[from] move: Knock Off|[of] p1a: Sableye\n|move|p2a: Bronzong|Trick Room|p2a: Bronzong\n|-fieldstart|move: Trick Room|[of] p2a: Bronzong\n|\n|upkeep\n|turn|3\n|inactive|wangxin666 has 120 seconds left.\n|\n|t:|1700581385\n|move|p2a: Bronzong|Flash Cannon|p1a: Sableye\n|-damage|p1a: Sableye|67\/100\n|move|p1a: Sableye|Knock Off|p2a: Bronzong\n|-supereffective|p2a: Bronzong\n|-damage|p2a: Bronzong|15\/100\n|\n|upkeep\n|turn|4\n|\n|t:|1700581395\n|move|p1a: Sableye|Protect|p1a: Sableye\n|-singleturn|p1a: Sableye|Protect\n|move|p2a: Bronzong|Flash Cannon|p1a: Sableye\n|-activate|p1a: Sableye|move: Protect\n|\n|upkeep\n|turn|5\n|\n|t:|1700581401\n|move|p2a: Bronzong|Flash Cannon|p1a: Sableye\n|-damage|p1a: Sableye|34\/100\n|move|p1a: Sableye|Recover|p1a: Sableye\n|-heal|p1a: Sableye|85\/100\n|\n|upkeep\n|turn|6\n|\n|t:|1700581411\n|move|p1a: Sableye|Knock Off|p2a: Bronzong\n|-supereffective|p2a: Bronzong\n|-damage|p2a: Bronzong|0 fnt\n|faint|p2a: Bronzong\n|\n|-fieldend|move: Trick Room\n|upkeep\n|\n|t:|1700581419\n|switch|p2a: Hatterene|Hatterene, F|100\/100\n|turn|7\n|\n|t:|1700581438\n|switch|p1a: Garganacl|Garganacl, M|100\/100\n|move|p2a: Hatterene|Dazzling Gleam|p1a: Garganacl\n|-damage|p1a: Garganacl|70\/100\n|\n|-heal|p1a: Garganacl|77\/100|[from] item: Leftovers\n|upkeep\n|turn|8\n|inactive|wangxin666 has 120 seconds left.\n|\n|t:|1700581458\n|move|p1a: Garganacl|Salt Cure|p2a: Hatterene\n|-damage|p2a: Hatterene|85\/100\n|-start|p2a: Hatterene|Salt Cure\n|move|p2a: Hatterene|Trick Room|p2a: Hatterene\n|-fieldstart|move: Trick Room|[of] p2a: Hatterene\n|\n|-heal|p1a: Garganacl|83\/100|[from] item: Leftovers\n|-damage|p2a: Hatterene|73\/100|[from] Salt Cure\n|upkeep\n|turn|9\n|inactive|wangxin666 has 120 seconds left.\n|\n|t:|1700581469\n|switch|p2a: Toxapex|Toxapex, F|100\/100\n|move|p1a: Garganacl|Iron Defense|p1a: Garganacl\n|-boost|p1a: Garganacl|def|2\n|\n|-heal|p1a: Garganacl|89\/100|[from] item: Leftovers\n|upkeep\n|turn|10\n|inactive|wangxin666 has 120 seconds left.\n|\n|t:|1700581481\n|-terastallize|p1a: Garganacl|Water\n|move|p2a: Toxapex|Infestation|p1a: Garganacl\n|-damage|p1a: Garganacl|87\/100\n|-activate|p1a: Garganacl|move: Infestation|[of] p2a: Toxapex\n|move|p1a: Garganacl|Salt Cure|p2a: Toxapex\n|-damage|p2a: Toxapex|91\/100\n|-start|p2a: Toxapex|Salt Cure\n|\n|-heal|p1a: Garganacl|94\/100|[from] item: Leftovers\n|-damage|p2a: Toxapex|66\/100|[from] Salt Cure\n|-damage|p1a: Garganacl|81\/100|[from] move: Infestation|[partiallytrapped]\n|upkeep\n|turn|11\n|inactive|wangxin666 has 120 seconds left.\n|\n|t:|1700581494\n|move|p2a: Toxapex|Haze|p2a: Toxapex\n|-clearallboost\n|move|p1a: Garganacl|Body Press|p2a: Toxapex\n|-resisted|p2a: Toxapex\n|-damage|p2a: Toxapex|57\/100\n|-damage|p1a: Garganacl|65\/100|[from] item: Rocky Helmet|[of] p2a: Toxapex\n|\n|-heal|p1a: Garganacl|71\/100|[from] item: Leftovers\n|-damage|p2a: Toxapex|32\/100|[from] Salt Cure\n|-damage|p1a: Garganacl|58\/100|[from] move: Infestation|[partiallytrapped]\n|upkeep\n|turn|12\n|inactive|wangxin666 has 120 seconds left.\n|\n|t:|1700581507\n|move|p2a: Toxapex|Recover|p2a: Toxapex\n|-heal|p2a: Toxapex|82\/100\n|move|p1a: Garganacl|Salt Cure|p2a: Toxapex\n|-damage|p2a: Toxapex|73\/100\n|\n|-heal|p1a: Garganacl|65\/100|[from] item: Leftovers\n|-damage|p2a: Toxapex|48\/100|[from] Salt Cure\n|-damage|p1a: Garganacl|52\/100|[from] move: Infestation|[partiallytrapped]\n|-fieldend|move: Trick Room\n|upkeep\n|turn|13\n|inactive|wangxin666 has 120 seconds left.\n|\n|t:|1700581520\n|move|p1a: Garganacl|Recover|p1a: Garganacl\n|-heal|p1a: Garganacl|100\/100\n|move|p2a: Toxapex|Recover|p2a: Toxapex\n|-heal|p2a: Toxapex|98\/100\n|\n|-damage|p1a: Garganacl|88\/100|[from] move: Infestation|[partiallytrapped]\n|-damage|p2a: Toxapex|73\/100|[from] Salt Cure\n|upkeep\n|turn|14\n|inactive|wangxin666 has 120 seconds left.\n|\n|t:|1700581532\n|move|p1a: Garganacl|Salt Cure|p2a: Toxapex\n|-damage|p2a: Toxapex|63\/100\n|move|p2a: Toxapex|Recover|p2a: Toxapex\n|-heal|p2a: Toxapex|100\/100\n|\n|-heal|p1a: Garganacl|94\/100|[from] item: Leftovers\n|-damage|p1a: Garganacl|82\/100|[from] move: Infestation|[partiallytrapped]\n|-damage|p2a: Toxapex|75\/100|[from] Salt Cure\n|upkeep\n|turn|15\n|inactive|wangxin666 has 120 seconds left.\n|\n|t:|1700581549\n|move|p2a: Toxapex|Baneful Bunker|p2a: Toxapex\n|-singleturn|p2a: Toxapex|move: Protect\n|move|p1a: Garganacl|Salt Cure|p2a: Toxapex\n|-activate|p2a: Toxapex|move: Protect\n|\n|-heal|p1a: Garganacl|88\/100|[from] item: Leftovers\n|-end|p1a: Garganacl|Infestation|[partiallytrapped]\n|-damage|p2a: Toxapex|50\/100|[from] Salt Cure\n|upkeep\n|turn|16\n|inactive|wangxin666 has 120 seconds left.\n|\n|t:|1700581566\n|switch|p1a: Sableye|Sableye-Mega, M|85\/100\n|move|p2a: Toxapex|Infestation|p1a: Sableye\n|-damage|p1a: Sableye|82\/100\n|-activate|p1a: Sableye|move: Infestation|[of] p2a: Toxapex\n|\n|-damage|p1a: Sableye|70\/100|[from] move: Infestation|[partiallytrapped]\n|-damage|p2a: Toxapex|25\/100|[from] Salt Cure\n|upkeep\n|turn|17\n|inactive|wangxin666 has 120 seconds left.\n|\n|t:|1700581578\n|move|p1a: Sableye|Fake Out|p2a: Toxapex\n|-damage|p2a: Toxapex|19\/100\n|-damage|p1a: Sableye|53\/100|[from] item: Rocky Helmet|[of] p2a: Toxapex\n|cant|p2a: Toxapex|flinch\n|\n|-damage|p1a: Sableye|41\/100|[from] move: Infestation|[partiallytrapped]\n|-damage|p2a: Toxapex|0 fnt|[from] Salt Cure\n|faint|p2a: Toxapex\n|upkeep\n|\n|t:|1700581586\n|switch|p2a: Kartana|Kartana|100\/100\n|turn|18\n|inactive|wangxin666 has 120 seconds left.\n|\n|t:|1700581598\n|switch|p1a: Heatran|Heatran, F|100\/100\n|move|p2a: Kartana|Leaf Blade|p1a: Heatran\n|-resisted|p1a: Heatran\n|-damage|p1a: Heatran|88\/100\n|\n|-heal|p1a: Heatran|94\/100|[from] item: Leftovers\n|upkeep\n|turn|19\n|inactive|wangxin666 has 120 seconds left.\n|\n|t:|1700581610\n|switch|p2a: Incineroar|Incineroar, M|100\/100\n|-ability|p2a: Incineroar|Intimidate|boost\n|-unboost|p1a: Heatran|atk|1\n|move|p1a: Heatran|Flamethrower|p2a: Incineroar\n|-resisted|p2a: Incineroar\n|-damage|p2a: Incineroar|82\/100\n|\n|-heal|p1a: Heatran|99\/100|[from] item: Leftovers\n|upkeep\n|turn|20\n|inactive|wangxin666 has 120 seconds left.\n|\n|t:|1700581622\n|switch|p1a: Alomomola|Alomomola, F|100\/100\n|move|p2a: Incineroar|Fake Out|p1a: Alomomola\n|-damage|p1a: Alomomola|89\/100\n|\n|upkeep\n|turn|21\n|inactive|wangxin666 has 120 seconds left.\n|\n|t:|1700581634\n|switch|p2a: Machamp|Machamp, M|100\/100\n|move|p1a: Alomomola|Toxic|p2a: Machamp\n|-status|p2a: Machamp|tox\n|\n|-damage|p2a: Machamp|94\/100 tox|[from] psn\n|upkeep\n|turn|22\n|inactive|wangxin666 has 120 seconds left.\n|\n|t:|1700581653\n|move|p1a: Alomomola|Protect|p1a: Alomomola\n|-singleturn|p1a: Alomomola|Protect\n|move|p2a: Machamp|Dynamic Punch|p1a: Alomomola\n|-activate|p1a: Alomomola|move: Protect\n|\n|-damage|p2a: Machamp|82\/100 tox|[from] psn\n|upkeep\n|turn|23\n|\n|t:|1700581664\n|move|p1a: Alomomola|Wish|p1a: Alomomola\n|move|p2a: Machamp|Stone Edge|p1a: Alomomola\n|-damage|p1a: Alomomola|64\/100\n|\n|-damage|p2a: Machamp|63\/100 tox|[from] psn\n|upkeep\n|turn|24\n|inactive|wangxin666 has 120 seconds left.\n|\n|t:|1700581675\n|switch|p2a: Hatterene|Hatterene, F|73\/100\n|move|p1a: Alomomola|Flip Turn|p2a: Hatterene\n|-damage|p2a: Hatterene|54\/100\n|\n|t:|1700581678\n|switch|p1a: Sableye|Sableye-Mega, M|41\/100|[from] Flip Turn\n|\n|-heal|p1a: Sableye|100\/100|[from] move: Wish|[wisher] Alomomola\n|upkeep\n|turn|25\n|\n|t:|1700581683\n|move|p1a: Sableye|Fake Out|p2a: Hatterene\n|-damage|p2a: Hatterene|45\/100\n|cant|p2a: Hatterene|flinch\n|\n|upkeep\n|turn|26\n|\n|t:|1700581686\n|move|p1a: Sableye|Knock Off|p2a: Hatterene\n|-damage|p2a: Hatterene|11\/100\n|-enditem|p2a: Hatterene|Focus Sash|[from] move: Knock Off|[of] p1a: Sableye\n|move|p2a: Hatterene|Trick Room|p2a: Hatterene\n|-fieldstart|move: Trick Room|[of] p2a: Hatterene\n|\n|upkeep\n|turn|27\n|\n|t:|1700581698\n|switch|p1a: Garganacl|Garganacl, M, tera:Water|88\/100\n|move|p2a: Hatterene|Dazzling Gleam|p1a: Garganacl\n|-damage|p1a: Garganacl|57\/100\n|\n|-heal|p1a: Garganacl|63\/100|[from] item: Leftovers\n|upkeep\n|turn|28\n|\n|t:|1700581723\n|switch|p2a: Machamp|Machamp, M|63\/100 tox\n|move|p1a: Garganacl|Salt Cure|p2a: Machamp\n|-resisted|p2a: Machamp\n|-damage|p2a: Machamp|56\/100 tox\n|-start|p2a: Machamp|Salt Cure\n|\n|-heal|p1a: Garganacl|69\/100|[from] item: Leftovers\n|-damage|p2a: Machamp|50\/100 tox|[from] psn\n|-damage|p2a: Machamp|37\/100 tox|[from] Salt Cure\n|upkeep\n|turn|29\n|\n|t:|1700581736\n|switch|p1a: Gliscor|Gliscor, M|100\/100\n|move|p2a: Machamp|Dynamic Punch|p1a: Gliscor\n|-resisted|p1a: Gliscor\n|-damage|p1a: Gliscor|78\/100\n|-start|p1a: Gliscor|confusion\n|\n|-damage|p2a: Machamp|25\/100 tox|[from] psn\n|-damage|p2a: Machamp|12\/100 tox|[from] Salt Cure\n|-status|p1a: Gliscor|tox|[from] item: Toxic Orb\n|upkeep\n|turn|30\n|inactive|wangxin666 has 120 seconds left.\n|\n|t:|1700581756\n|move|p2a: Machamp|Stone Edge|p1a: Gliscor\n|-damage|p1a: Gliscor|50\/100 tox\n|-activate|p1a: Gliscor|confusion\n|-damage|p1a: Gliscor|43\/100 tox|[from] confusion\n|\n|-damage|p2a: Machamp|0 fnt|[from] psn\n|faint|p2a: Machamp\n|-heal|p1a: Gliscor|55\/100 tox|[from] ability: Poison Heal\n|-fieldend|move: Trick Room\n|upkeep\n|\n|t:|1700581771\n|switch|p2a: Kartana|Kartana|100\/100\n|turn|31\n|\n|t:|1700581778\n|switch|p1a: Heatran|Heatran, F|99\/100\n|move|p2a: Kartana|Sacred Sword|p1a: Heatran\n|-supereffective|p1a: Heatran\n|-damage|p1a: Heatran|31\/100\n|\n|-heal|p1a: Heatran|37\/100|[from] item: Leftovers\n|upkeep\n|turn|32\n|inactive|wangxin666 has 120 seconds left.\n|\n|t:|1700581788\n|move|p1a: Heatran|Protect|p1a: Heatran\n|-singleturn|p1a: Heatran|Protect\n|move|p2a: Kartana|Sacred Sword|p1a: Heatran\n|-activate|p1a: Heatran|move: Protect\n|\n|-heal|p1a: Heatran|44\/100|[from] item: Leftovers\n|upkeep\n|turn|33\n|\n|t:|1700581802\n|switch|p2a: Incineroar|Incineroar, M|82\/100\n|-ability|p2a: Incineroar|Intimidate|boost\n|-unboost|p1a: Heatran|atk|1\n|switch|p1a: Sableye|Sableye-Mega, M|100\/100\n|\n|upkeep\n|turn|34\n|inactive|wangxin666 has 120 seconds left.\n|\n|t:|1700581818\n|-terastallize|p2a: Incineroar|Dark\n|move|p1a: Sableye|Fake Out|p2a: Incineroar\n|-damage|p2a: Incineroar|74\/100\n|cant|p2a: Incineroar|flinch\n|\n|upkeep\n|turn|35\n|\n|t:|1700581823\n|move|p2a: Incineroar|Knock Off|p1a: Sableye\n|-damage|p1a: Sableye|51\/100\n|move|p1a: Sableye|Knock Off|p2a: Incineroar\n|-resisted|p2a: Incineroar\n|-damage|p2a: Incineroar|61\/100\n|-enditem|p2a: Incineroar|Choice Band|[from] move: Knock Off|[of] p1a: Sableye\n|\n|upkeep\n|turn|36\n|\n|t:|1700581831\n|move|p1a: Sableye|Protect|p1a: Sableye\n|-singleturn|p1a: Sableye|Protect\n|move|p2a: Incineroar|Knock Off|p1a: Sableye\n|-activate|p1a: Sableye|move: Protect\n|\n|upkeep\n|turn|37\n|\n|t:|1700581837\n|switch|p1a: Urshifu|Urshifu-Rapid-Strike, F|100\/100\n|move|p2a: Incineroar|Knock Off|p1a: Urshifu\n|-resisted|p1a: Urshifu\n|-damage|p1a: Urshifu|68\/100\n|-enditem|p1a: Urshifu|Punching Glove|[from] move: Knock Off|[of] p2a: Incineroar\n|\n|upkeep\n|turn|38\n|\n|t:|1700581853\n|move|p1a: Urshifu|Surging Strikes|p2a: Incineroar\n|-crit|p2a: Incineroar\n|-damage|p2a: Incineroar|41\/100\n|-crit|p2a: Incineroar\n|-damage|p2a: Incineroar|22\/100\n|-crit|p2a: Incineroar\n|-damage|p2a: Incineroar|3\/100\n|-hitcount|p2a: Incineroar|3\n|move|p2a: Incineroar|Close Combat|p1a: Urshifu\n|-damage|p1a: Urshifu|24\/100\n|-unboost|p2a: Incineroar|def|1\n|-unboost|p2a: Incineroar|spd|1\n|\n|upkeep\n|turn|39\n|\n|t:|1700581864\n|move|p2a: Incineroar|Fake Out||[still]\n|-hint|Fake Out only works on your first turn out.\n|-fail|p2a: Incineroar\n|move|p1a: Urshifu|Surging Strikes|p2a: Incineroar\n|-crit|p2a: Incineroar\n|-damage|p2a: Incineroar|0 fnt\n|faint|p2a: Incineroar\n|-hitcount|p2: Incineroar|1\n|\n|upkeep\n|\n|t:|1700581872\n|switch|p2a: Kartana|Kartana|100\/100\n|turn|40\n|\n|t:|1700581889\n|switch|p1a: Heatran|Heatran, F|44\/100\n|move|p2a: Kartana|Sacred Sword|p1a: Heatran\n|-supereffective|p1a: Heatran\n|-damage|p1a: Heatran|0 fnt\n|faint|p1a: Heatran\n|-ability|p2a: Kartana|Beast Boost|boost\n|-boost|p2a: Kartana|atk|1\n|\n|upkeep\n|\n|t:|1700581901\n|switch|p1a: Sableye|Sableye-Mega, M|51\/100\n|turn|41\n|\n|t:|1700581905\n|switch|p2a: Hatterene|Hatterene, F|11\/100\n|move|p1a: Sableye|Fake Out|p2a: Hatterene\n|-damage|p2a: Hatterene|2\/100\n|\n|upkeep\n|turn|42\n|\n|t:|1700581915\n|switch|p1a: Garganacl|Garganacl, M, tera:Water|69\/100\n|move|p2a: Hatterene|Dazzling Gleam|p1a: Garganacl\n|-damage|p1a: Garganacl|39\/100\n|\n|-heal|p1a: Garganacl|46\/100|[from] item: Leftovers\n|upkeep\n|turn|43\n|\n|t:|1700581926\n|move|p1a: Garganacl|Salt Cure|p2a: Hatterene\n|-damage|p2a: Hatterene|0 fnt\n|faint|p2a: Hatterene\n|\n|-heal|p1a: Garganacl|52\/100|[from] item: Leftovers\n|upkeep\n|\n|t:|1700581929\n|switch|p2a: Kartana|Kartana|100\/100\n|turn|44\n|\n|t:|1700581939\n|move|p2a: Kartana|Leaf Blade|p1a: Garganacl\n|-supereffective|p1a: Garganacl\n|-damage|p1a: Garganacl|0 fnt\n|faint|p1a: Garganacl\n|-ability|p2a: Kartana|Beast Boost|boost\n|-boost|p2a: Kartana|atk|1\n|\n|upkeep\n|\n|t:|1700581946\n|switch|p1a: Sableye|Sableye-Mega, M|51\/100\n|turn|45\n|\n|t:|1700581949\n|move|p1a: Sableye|Fake Out|p2a: Kartana\n|-resisted|p2a: Kartana\n|-crit|p2a: Kartana\n|-damage|p2a: Kartana|94\/100\n|cant|p2a: Kartana|flinch\n|\n|upkeep\n|turn|46\n|\n|t:|1700581953\n|move|p2a: Kartana|Leaf Blade|p1a: Sableye\n|-damage|p1a: Sableye|0 fnt\n|faint|p1a: Sableye\n|-ability|p2a: Kartana|Beast Boost|boost\n|-boost|p2a: Kartana|atk|1\n|\n|upkeep\n|\n|t:|1700581961\n|switch|p1a: Gliscor|Gliscor, M|55\/100 tox\n|turn|47\n|\n|t:|1700581964\n|move|p2a: Kartana|Leaf Blade|p1a: Gliscor\n|-damage|p1a: Gliscor|0 fnt\n|faint|p1a: Gliscor\n|-ability|p2a: Kartana|Beast Boost|boost\n|-boost|p2a: Kartana|atk|1\n|\n|upkeep\n|\n|t:|1700581968\n|switch|p1a: Urshifu|Urshifu-Rapid-Strike, F|24\/100\n|turn|48\n|\n|t:|1700581973\n|move|p2a: Kartana|Leaf Blade|p1a: Urshifu\n|-supereffective|p1a: Urshifu\n|-damage|p1a: Urshifu|0 fnt\n|faint|p1a: Urshifu\n|-ability|p2a: Kartana|Beast Boost|boost\n|-boost|p2a: Kartana|atk|1\n|\n|upkeep\n|\n|t:|1700581976\n|switch|p1a: Alomomola|Alomomola, F|98\/100\n|turn|49\n|\n|t:|1700581983\n|move|p1a: Alomomola|Protect|p1a: Alomomola\n|-singleturn|p1a: Alomomola|Protect\n|move|p2a: Kartana|Leaf Blade|p1a: Alomomola\n|-activate|p1a: Alomomola|move: Protect\n|\n|upkeep\n|turn|50\n|\n|t:|1700581990\n|move|p2a: Kartana|Leaf Blade|p1a: Alomomola\n|-supereffective|p1a: Alomomola\n|-damage|p1a: Alomomola|0 fnt\n|faint|p1a: Alomomola\n|\n|win|wangxin666\n|raw|BMCCC's rating: 1051 &rarr; <strong>1031<\/strong><br \/>(-20 for losing)\n|raw|wangxin666's rating: 1000 &rarr; <strong>1046<\/strong><br \/>(+46 for winning)\n|l|\u2606BMCCC\n","uploadtime":1700582030,"views":1,"p1id":"bmccc","p2id":"wangxin666","formatid":"gen9nationaldex","rating":1031,"private":0,"password":""}