{"id":"gen9nationaldex-1997011493","p1":"PikaPlayer1001000","p2":"TheBattleBard","format":"[Gen 9] National Dex","log":"|html|<div class=\"broadcast-blue\"><strong>[Gen 9] National Dex is currently suspecting Sneasler! For information on how to participate check out the <a href=\"https:\/\/www.smogon.com\/forums\/threads\/sv-national-dex-suspect-8-just-dance.3731534\/\">suspect thread<\/a>.<\/strong><\/div>\n|j|\u2606PikaPlayer1001000\n|j|\u2606TheBattleBard\n|t:|1700755465\n|gametype|singles\n|player|p1|PikaPlayer1001000|102|1268\n|player|p2|TheBattleBard|petrel|1209\n|teamsize|p1|6\n|teamsize|p2|6\n|gen|9\n|tier|[Gen 9] National Dex\n|rated|\n|rule|HP Percentage Mod: HP is shown in percentages\n|rule|Endless Battle Clause: Forcing endless battles is banned\n|rule|OHKO Clause: OHKO moves are banned\n|rule|Evasion Clause: Evasion abilities, items, and moves are banned\n|rule|Evasion Abilities Clause: Evasion abilities are banned\n|rule|Evasion Items Clause: Evasion items are banned\n|rule|Evasion Moves Clause: Evasion moves are banned\n|rule|Species Clause: Limit one of each Pok\u00e9mon\n|rule|Sleep Clause Mod: Limit one foe put to sleep\n|clearpoke\n|poke|p1|Kricketune, M|\n|poke|p1|Mawile, M|\n|poke|p1|Ninetales-Alola, M|\n|poke|p1|Ribombee, F|\n|poke|p1|Pawmot, M|\n|poke|p1|Excadrill, F|\n|poke|p2|Chatot, M|\n|poke|p2|Kricketune, M|\n|poke|p2|Vanilluxe, M|\n|poke|p2|Simisear, M|\n|poke|p2|Torterra, M|\n|poke|p2|Kingler, M|\n|teampreview\n|inactive|Battle timer is ON: inactive players will automatically lose when time's up. (requested by TheBattleBard)\n|inactive|PikaPlayer1001000 has 120 seconds left.\n|inactive|PikaPlayer1001000 has 90 seconds left.\n|inactive|PikaPlayer1001000 has 60 seconds left.\n|\n|t:|1700755671\n|start\n|switch|p1a: Excadrill|Excadrill, F|100\/100\n|switch|p2a: Newgate|Torterra, M|100\/100\n|-ability|p1a: Excadrill|Mold Breaker\n|turn|1\n|\n|t:|1700755674\n|move|p1a: Excadrill|Stealth Rock|p2a: Newgate\n|-sidestart|p2: TheBattleBard|move: Stealth Rock\n|move|p2a: Newgate|Shell Smash|p2a: Newgate\n|-unboost|p2a: Newgate|def|1\n|-unboost|p2a: Newgate|spd|1\n|-boost|p2a: Newgate|atk|2\n|-boost|p2a: Newgate|spa|2\n|-boost|p2a: Newgate|spe|2\n|\n|upkeep\n|turn|2\n|\n|t:|1700755677\n|move|p2a: Newgate|Bullet Seed|p1a: Excadrill\n|-damage|p1a: Excadrill|62\/100\n|-damage|p1a: Excadrill|28\/100\n|-crit|p1a: Excadrill\n|-damage|p1a: Excadrill|0 fnt\n|faint|p1a: Excadrill\n|-hitcount|p1: Excadrill|3\n|\n|upkeep\n|inactive|PikaPlayer1001000 has 120 seconds left.\n|\n|t:|1700755686\n|switch|p1a: Mawile|Mawile, M|100\/100\n|turn|3\n|\n|t:|1700755690\n|detailschange|p1a: Mawile|Mawile-Mega, M\n|-mega|p1a: Mawile|Mawile|Mawilite\n|move|p1a: Mawile|Sucker Punch|p2a: Newgate\n|-damage|p2a: Newgate|30\/100\n|move|p2a: Newgate|Headlong Rush|p1a: Mawile\n|-supereffective|p1a: Mawile\n|-damage|p1a: Mawile|0 fnt\n|-unboost|p2a: Newgate|def|1\n|-unboost|p2a: Newgate|spd|1\n|faint|p1a: Mawile\n|\n|upkeep\n|\n|t:|1700755693\n|switch|p1a: Pawmot|Pawmot, M|100\/100\n|turn|4\n|\n|t:|1700755696\n|move|p1a: Pawmot|Mach Punch|p2a: Newgate\n|-damage|p2a: Newgate|0 fnt\n|faint|p2a: Newgate\n|\n|upkeep\n|\n|t:|1700755702\n|switch|p2a: Eugene|Kingler, M|100\/100\n|-damage|p2a: Eugene|88\/100|[from] Stealth Rock\n|turn|5\n|\n|t:|1700755715\n|-terastallize|p2a: Eugene|Ground\n|move|p1a: Pawmot|Double Shock|p2a: Eugene\n|-immune|p2a: Eugene\n|move|p2a: Eugene|High Horsepower|p1a: Pawmot\n|-supereffective|p1a: Pawmot\n|-damage|p1a: Pawmot|0 fnt\n|faint|p1a: Pawmot\n|\n|upkeep\n|\n|t:|1700755718\n|switch|p1a: Ninetales|Ninetales-Alola, M|100\/100\n|-weather|Snow|[from] ability: Snow Warning|[of] p1a: Ninetales\n|turn|6\n|\n|t:|1700755722\n|move|p1a: Ninetales|Aurora Veil|p1a: Ninetales\n|-sidestart|p1: PikaPlayer1001000|move: Aurora Veil\n|move|p2a: Eugene|High Horsepower|p1a: Ninetales\n|-damage|p1a: Ninetales|66\/100\n|\n|-weather|Snow|[upkeep]\n|upkeep\n|turn|7\n|\n|t:|1700755725\n|switch|p2a: Isaac|Vanilluxe, M|100\/100\n|-damage|p2a: Isaac|76\/100|[from] Stealth Rock\n|move|p1a: Ninetales|Blizzard|p2a: Isaac\n|-resisted|p2a: Isaac\n|-damage|p2a: Isaac|64\/100\n|\n|-weather|Snow|[upkeep]\n|upkeep\n|turn|8\n|\n|t:|1700755728\n|move|p1a: Ninetales|Hypnosis|p2a: Isaac|[miss]\n|-miss|p1a: Ninetales|p2a: Isaac\n|move|p2a: Isaac|Mirror Coat||[still]\n|-fail|p2a: Isaac\n|\n|-weather|Snow|[upkeep]\n|upkeep\n|turn|9\n|\n|t:|1700755732\n|move|p1a: Ninetales|Hypnosis|p2a: Isaac|[miss]\n|-miss|p1a: Ninetales|p2a: Isaac\n|move|p2a: Isaac|Blizzard|p1a: Ninetales\n|-resisted|p1a: Ninetales\n|-damage|p1a: Ninetales|51\/100\n|\n|-weather|Snow|[upkeep]\n|upkeep\n|turn|10\n|\n|t:|1700755735\n|move|p1a: Ninetales|Hypnosis|p2a: Isaac\n|-status|p2a: Isaac|slp|[from] move: Hypnosis\n|cant|p2a: Isaac|slp\n|\n|-weather|none\n|upkeep\n|turn|11\n|\n|t:|1700755738\n|switch|p1a: Kricketune|Kricketune, M|100\/100\n|switch|p2a: Brook|Kricketune, M|100\/100\n|-damage|p2a: Brook|75\/100|[from] Stealth Rock\n|\n|upkeep\n|turn|12\n|\n|t:|1700755742\n|move|p2a: Brook|Sticky Web|p1a: Kricketune\n|-sidestart|p1: PikaPlayer1001000|move: Sticky Web\n|move|p1a: Kricketune|Trailblaze|p2a: Brook\n|-resisted|p2a: Brook\n|-damage|p2a: Brook|58\/100\n|-boost|p1a: Kricketune|spe|1\n|\n|upkeep\n|turn|13\n|inactive|PikaPlayer1001000 has 120 seconds left.\n|\n|t:|1700755782\n|-terastallize|p1a: Kricketune|Bug\n|move|p1a: Kricketune|Fell Stinger|p2a: Brook\n|-damage|p2a: Brook|0 fnt\n|faint|p2a: Brook\n|-boost|p1a: Kricketune|atk|3\n|\n|-sideend|p1: PikaPlayer1001000|move: Aurora Veil\n|upkeep\n|\n|t:|1700755793\n|switch|p2a: Eugene|Kingler, M, tera:Ground|88\/100\n|-damage|p2a: Eugene|82\/100|[from] Stealth Rock\n|turn|14\n|inactive|PikaPlayer1001000 has 120 seconds left.\n|\n|t:|1700755810\n|move|p1a: Kricketune|Trailblaze|p2a: Eugene\n|-supereffective|p2a: Eugene\n|-damage|p2a: Eugene|0 fnt\n|-boost|p1a: Kricketune|spe|1\n|faint|p2a: Eugene\n|\n|upkeep\n|\n|t:|1700755814\n|switch|p2a: Present mic|Chatot, M|100\/100\n|-damage|p2a: Present mic|76\/100|[from] Stealth Rock\n|turn|15\n|\n|t:|1700755819\n|move|p1a: Kricketune|Knock Off|p2a: Present mic\n|-damage|p2a: Present mic|0 fnt\n|-enditem|p2a: Present mic|Throat Spray|[from] move: Knock Off|[of] p1a: Kricketune\n|faint|p2a: Present mic\n|\n|upkeep\n|\n|t:|1700755823\n|switch|p2a: Rengoku|Simisear, M|100\/100\n|-damage|p2a: Rengoku|76\/100|[from] Stealth Rock\n|turn|16\n|\n|t:|1700755833\n|move|p1a: Kricketune|Knock Off|p2a: Rengoku\n|-damage|p2a: Rengoku|0 fnt\n|-enditem|p2a: Rengoku|Choice Specs|[from] move: Knock Off|[of] p1a: Kricketune\n|faint|p2a: Rengoku\n|\n|upkeep\n|-message|TheBattleBard forfeited.\n|\n|win|PikaPlayer1001000\n|raw|PikaPlayer1001000's rating: 1249 &rarr; <strong>1271<\/strong><br \/>(+22 for winning)\n|raw|TheBattleBard's rating: 1209 &rarr; <strong>1187<\/strong><br \/>(-22 for losing)\n|l|\u2606TheBattleBard\n","uploadtime":1700755841,"views":13,"p1id":"pikaplayer1001000","p2id":"thebattlebard","formatid":"gen9nationaldex","rating":1187,"private":0,"password":""}