{"id":"gen9nationaldex-1989161795","p1":"JesusPizzaCrusher","p2":"N3ROZ3RO","format":"[Gen 9] National Dex","log":"|j|\u2606JesusPizzaCrusher\n|j|\u2606N3ROZ3RO\n|t:|1699818768\n|gametype|singles\n|player|p1|JesusPizzaCrusher|hugh|\n|player|p2|N3ROZ3RO|ninjaboy|\n|teamsize|p1|6\n|teamsize|p2|6\n|gen|9\n|tier|[Gen 9] National Dex\n|rule|HP Percentage Mod: HP is shown in percentages\n|rule|Endless Battle Clause: Forcing endless battles is banned\n|rule|OHKO Clause: OHKO moves are banned\n|rule|Evasion Clause: Evasion abilities, items, and moves are banned\n|rule|Evasion Abilities Clause: Evasion abilities are banned\n|rule|Evasion Items Clause: Evasion items are banned\n|rule|Evasion Moves Clause: Evasion moves are banned\n|rule|Species Clause: Limit one of each Pok\u00e9mon\n|rule|Sleep Clause Mod: Limit one foe put to sleep\n|clearpoke\n|poke|p1|Scizor, F|\n|poke|p1|Volcarona, F|\n|poke|p1|Pinsir, F|\n|poke|p1|Lokix, F|\n|poke|p1|Galvantula, F|\n|poke|p1|Araquanid, F|\n|poke|p2|Pelipper, M|\n|poke|p2|Ogerpon-Wellspring, F|\n|poke|p2|Rotom-Wash|\n|poke|p2|Samurott-Hisui, M|\n|poke|p2|Greninja-*, F|\n|poke|p2|Blastoise, M|\n|teampreview\n|\n|t:|1699818779\n|start\n|switch|p1a: Galvantula|Galvantula, F, shiny|100\/100\n|switch|p2a: Samurott|Samurott-Hisui, M|100\/100\n|turn|1\n|\n|t:|1699818794\n|move|p1a: Galvantula|Thunder Wave|p2a: Samurott\n|-status|p2a: Samurott|par\n|move|p2a: Samurott|Ceaseless Edge|p1a: Galvantula\n|-damage|p1a: Galvantula|18\/100\n|-sidestart|p1: JesusPizzaCrusher|Spikes\n|\n|upkeep\n|turn|2\n|\n|t:|1699818804\n|cant|p2a: Samurott|par\n|move|p1a: Galvantula|Sticky Web|p2a: Samurott\n|-sidestart|p2: N3ROZ3RO|move: Sticky Web\n|\n|upkeep\n|turn|3\n|j| Oxxo_ntsm\n|\n|t:|1699818809\n|move|p1a: Galvantula|Discharge|p2a: Samurott\n|-supereffective|p2a: Samurott\n|-damage|p2a: Samurott|5\/100 par\n|move|p2a: Samurott|Ceaseless Edge|p1a: Galvantula\n|-damage|p1a: Galvantula|0 fnt\n|-sidestart|p1: JesusPizzaCrusher|Spikes\n|faint|p1a: Galvantula\n|\n|upkeep\n|j| Jor99fran\n|c| Jor99fran|hola\n|c|\u2606JesusPizzaCrusher|helo\n|c| Jor99fran|vamos nero XD\n|\n|t:|1699818834\n|switch|p1a: Kamen Rider|Lokix, F|100\/100\n|-damage|p1a: Kamen Rider|84\/100|[from] Spikes\n|turn|4\n|\n|t:|1699818840\n|move|p1a: Kamen Rider|First Impression|p2a: Samurott\n|-supereffective|p2a: Samurott\n|-damage|p2a: Samurott|0 fnt\n|faint|p2a: Samurott\n|-damage|p1a: Kamen Rider|74\/100|[from] item: Life Orb\n|\n|upkeep\n|\n|t:|1699818847\n|switch|p2a: Rotom|Rotom-Wash|100\/100\n|turn|5\n|\n|t:|1699818867\n|move|p1a: Kamen Rider|Knock Off|p2a: Rotom\n|-damage|p2a: Rotom|55\/100\n|-enditem|p2a: Rotom|Leftovers|[from] move: Knock Off|[of] p1a: Kamen Rider\n|-damage|p1a: Kamen Rider|64\/100|[from] item: Life Orb\n|move|p2a: Rotom|Thunder Wave|p1a: Kamen Rider\n|-status|p1a: Kamen Rider|par\n|\n|upkeep\n|turn|6\n|c| Jor99fran|lol nero\n|c| Jor99fran|usando el del DLC\n|\n|t:|1699818875\n|move|p2a: Rotom|Defog|p1a: Kamen Rider\n|-unboost|p1a: Kamen Rider|evasion|1\n|-sideend|p1: JesusPizzaCrusher|Spikes|[from] move: Defog|[of] p2a: Rotom\n|-sideend|p2: N3ROZ3RO|Sticky Web|[from] move: Defog|[of] p2a: Rotom\n|move|p1a: Kamen Rider|Knock Off|p2a: Rotom\n|-damage|p2a: Rotom|24\/100\n|-damage|p1a: Kamen Rider|54\/100 par|[from] item: Life Orb\n|\n|upkeep\n|turn|7\n|c| Jor99fran|el ONI\n|\n|t:|1699818883\n|move|p2a: Rotom|Volt Switch|p1a: Kamen Rider\n|-damage|p1a: Kamen Rider|3\/100 par\n|\n|t:|1699818896\n|switch|p2a: Blastoise|Blastoise, M|100\/100|[from] Volt Switch\n|move|p1a: Kamen Rider|Knock Off|p2a: Blastoise\n|-damage|p2a: Blastoise|33\/100\n|-enditem|p2a: Blastoise|White Herb|[from] move: Knock Off|[of] p1a: Kamen Rider\n|-damage|p1a: Kamen Rider|0 fnt|[from] item: Life Orb\n|faint|p1a: Kamen Rider\n|\n|upkeep\n|c|\u2606JesusPizzaCrusher|bonk\n|\n|t:|1699818929\n|switch|p1a: Scizor|Scizor, F|100\/100\n|turn|8\n|\n|t:|1699818946\n|move|p2a: Blastoise|Surf|p1a: Scizor\n|-damage|p1a: Scizor|37\/100\n|move|p1a: Scizor|Swords Dance|p1a: Scizor\n|-boost|p1a: Scizor|atk|2\n|\n|-heal|p1a: Scizor|43\/100|[from] item: Leftovers\n|upkeep\n|turn|9\n|\n|t:|1699818956\n|move|p1a: Scizor|Bullet Punch|p2a: Blastoise\n|-resisted|p2a: Blastoise\n|-damage|p2a: Blastoise|0 fnt\n|faint|p2a: Blastoise\n|\n|-heal|p1a: Scizor|49\/100|[from] item: Leftovers\n|upkeep\n|\n|t:|1699818962\n|switch|p2a: Pelipper|Pelipper, M|100\/100\n|-weather|RainDance|[from] ability: Drizzle|[of] p2a: Pelipper\n|turn|10\n|c|\u2606JesusPizzaCrusher|ay no\n|c| Jor99fran|ay si\n|c|\u2606JesusPizzaCrusher|AY NO\n|\n|t:|1699818981\n|move|p1a: Scizor|Bullet Punch|p2a: Pelipper\n|-resisted|p2a: Pelipper\n|-damage|p2a: Pelipper|73\/100\n|move|p2a: Pelipper|Hurricane|p1a: Scizor\n|-damage|p1a: Scizor|5\/100\n|\n|-weather|RainDance|[upkeep]\n|-heal|p1a: Scizor|11\/100|[from] item: Leftovers\n|upkeep\n|turn|11\n|c| Jor99fran|AY SI\n|c|\u2606JesusPizzaCrusher|SIGUE VIVO\n|\n|t:|1699818995\n|move|p1a: Scizor|Bullet Punch|p2a: Pelipper\n|-resisted|p2a: Pelipper\n|-damage|p2a: Pelipper|45\/100\n|move|p2a: Pelipper|Roost|p2a: Pelipper\n|-heal|p2a: Pelipper|96\/100\n|-singleturn|p2a: Pelipper|move: Roost\n|\n|-weather|RainDance|[upkeep]\n|-heal|p1a: Scizor|17\/100|[from] item: Leftovers\n|upkeep\n|turn|12\n|c|\u2606JesusPizzaCrusher|ay no\n|\n|t:|1699819004\n|move|p1a: Scizor|Bullet Punch|p2a: Pelipper\n|-resisted|p2a: Pelipper\n|-damage|p2a: Pelipper|69\/100\n|move|p2a: Pelipper|Hurricane|p1a: Scizor\n|-damage|p1a: Scizor|0 fnt\n|faint|p1a: Scizor\n|\n|-weather|RainDance|[upkeep]\n|upkeep\n|c| Jor99fran|XDDDD\n|c|\u2606JesusPizzaCrusher|*seguia\n|\n|t:|1699819027\n|switch|p1a: Guilotine|Pinsir, F|100\/100\n|turn|13\n|c| Jor99fran|nero pq no usas a KINGDRA?\n|c| Jor99fran|ya que usas pelipper\n|c|\u2606N3ROZ3RO|Hay muchos agua para probar\n|c|\u2606JesusPizzaCrusher|es racista contra los dragones\n|c| Jor99fran|XDDDD\n|\n|t:|1699819051\n|detailschange|p1a: Guilotine|Pinsir-Mega, F\n|-mega|p1a: Guilotine|Pinsir|Pinsirite\n|move|p1a: Guilotine|Body Slam|p2a: Pelipper\n|-damage|p2a: Pelipper|27\/100\n|-status|p2a: Pelipper|par\n|move|p2a: Pelipper|Hurricane|p1a: Guilotine\n|-supereffective|p1a: Guilotine\n|-damage|p1a: Guilotine|0 fnt\n|faint|p1a: Guilotine\n|\n|-weather|RainDance|[upkeep]\n|upkeep\n|c|\u2606JesusPizzaCrusher|araquanid esta es la primera ez que te saco\n|c|\u2606JesusPizzaCrusher|no me falles\n|\n|t:|1699819074\n|switch|p1a: Araquanid|Araquanid, F, shiny|100\/100\n|turn|14\n|c| Jor99fran|pq shiny\n|\n|t:|1699819083\n|-terastallize|p1a: Araquanid|Water\n|move|p1a: Araquanid|Sticky Web|p2a: Pelipper\n|-sidestart|p2: N3ROZ3RO|move: Sticky Web\n|cant|p2a: Pelipper|par\n|\n|-weather|none\n|upkeep\n|turn|15\n|\n|t:|1699819090\n|move|p1a: Araquanid|Crunch|p2a: Pelipper\n|-damage|p2a: Pelipper|10\/100 par\n|move|p2a: Pelipper|Roost|p2a: Pelipper\n|-heal|p2a: Pelipper|61\/100 par\n|-singleturn|p2a: Pelipper|move: Roost\n|\n|upkeep\n|turn|16\n|\n|t:|1699819097\n|move|p1a: Araquanid|Liquidation|p2a: Pelipper\n|-resisted|p2a: Pelipper\n|-damage|p2a: Pelipper|25\/100 par\n|move|p2a: Pelipper|Roost|p2a: Pelipper\n|-heal|p2a: Pelipper|75\/100 par\n|-singleturn|p2a: Pelipper|move: Roost\n|\n|upkeep\n|turn|17\n|c| Jor99fran|en mi partida de pokemon sol llame a mi araquanid ''alien''\n|\n|t:|1699819114\n|move|p1a: Araquanid|Liquidation|p2a: Pelipper\n|-resisted|p2a: Pelipper\n|-damage|p2a: Pelipper|40\/100 par\n|move|p2a: Pelipper|U-turn|p1a: Araquanid\n|-damage|p1a: Araquanid|90\/100\n|\n|t:|1699819116\n|switch|p2a: Rotom|Rotom-Wash|24\/100|[from] U-turn\n|\n|upkeep\n|turn|18\n|c|\u2606JesusPizzaCrusher|shiny pq ta bonis\n|\n|t:|1699819127\n|move|p2a: Rotom|Defog|p1a: Araquanid\n|-unboost|p1a: Araquanid|evasion|1\n|-sideend|p2: N3ROZ3RO|Sticky Web|[from] move: Defog|[of] p2a: Rotom\n|move|p1a: Araquanid|Liquidation|p2a: Rotom\n|-resisted|p2a: Rotom\n|-damage|p2a: Rotom|0 fnt\n|faint|p2a: Rotom\n|\n|upkeep\n|\n|t:|1699819135\n|switch|p2a: Greninja|Greninja, F|100\/100\n|turn|19\n|\n|t:|1699819142\n|-terastallize|p2a: Greninja|Grass\n|move|p2a: Greninja|Grass Knot|p1a: Araquanid\n|-supereffective|p1a: Araquanid\n|-damage|p1a: Araquanid|19\/100\n|-damage|p2a: Greninja|91\/100|[from] item: Life Orb\n|move|p1a: Araquanid|Liquidation|p2a: Greninja\n|-resisted|p2a: Greninja\n|-damage|p2a: Greninja|24\/100\n|\n|upkeep\n|turn|20\n|c|\u2606JesusPizzaCrusher|me arrepiento de esta escojer cosa\n|c|\u2606JesusPizzaCrusher|NO ME ARREPIENTO TANTO\n|c| Jor99fran|XD\n|c|\u2606JesusPizzaCrusher|WOW\n|\n|t:|1699819160\n|move|p2a: Greninja|Grass Knot|p1a: Araquanid\n|-supereffective|p1a: Araquanid\n|-damage|p1a: Araquanid|0 fnt\n|faint|p1a: Araquanid\n|-damage|p2a: Greninja|15\/100|[from] item: Life Orb\n|\n|upkeep\n|\n|t:|1699819165\n|switch|p1a: Volcarona|Volcarona, F|100\/100\n|turn|21\n|c|\u2606JesusPizzaCrusher|mi az en la manga\n|\n|t:|1699819179\n|move|p2a: Greninja|Surf|p1a: Volcarona\n|-supereffective|p1a: Volcarona\n|-damage|p1a: Volcarona|17\/100\n|-damage|p2a: Greninja|5\/100|[from] item: Life Orb\n|move|p1a: Volcarona|Quiver Dance|p1a: Volcarona\n|-boost|p1a: Volcarona|spa|1\n|-boost|p1a: Volcarona|spd|1\n|-boost|p1a: Volcarona|spe|1\n|\n|upkeep\n|turn|22\n|c| Jor99fran|AJA\n|\n|t:|1699819188\n|move|p2a: Greninja|Surf|p1a: Volcarona\n|-supereffective|p1a: Volcarona\n|-damage|p1a: Volcarona|0 fnt\n|faint|p1a: Volcarona\n|-damage|p2a: Greninja|0 fnt|[from] item: Life Orb\n|faint|p2a: Greninja\n|\n|win|N3ROZ3RO\n|c|\u2606JesusPizzaCrusher|A\n|c| Jor99fran|gg\n|c|\u2606JesusPizzaCrusher|gg\n|c|\u2606JesusPizzaCrusher|tuvo bueno\n|c|\u2606N3ROZ3RO|gg\n|c|\u2606JesusPizzaCrusher|buen team\n|c| Jor99fran|nero ahora con oxxo\n|c| Jor99fran|XD\n|l| Jor99fran\n","uploadtime":1699819200,"views":12,"p1id":"jesuspizzacrusher","p2id":"n3roz3ro","formatid":"gen9nationaldex","rating":0,"private":0,"password":""}