{"id":"gen9nationaldex-1990097247","p1":"bananasinpajamas7","p2":"mannmilk","format":"[Gen 9] National Dex","log":"|j|\u2606bananasinpajamas7\n|j|\u2606mannmilk\n|t:|1699924217\n|gametype|singles\n|player|p1|bananasinpajamas7|brendan-gen3|1330\n|player|p2|mannmilk|clown|1307\n|teamsize|p1|6\n|teamsize|p2|6\n|gen|9\n|tier|[Gen 9] National Dex\n|rated|\n|rule|HP Percentage Mod: HP is shown in percentages\n|rule|Endless Battle Clause: Forcing endless battles is banned\n|rule|OHKO Clause: OHKO moves are banned\n|rule|Evasion Clause: Evasion abilities, items, and moves are banned\n|rule|Evasion Abilities Clause: Evasion abilities are banned\n|rule|Evasion Items Clause: Evasion items are banned\n|rule|Evasion Moves Clause: Evasion moves are banned\n|rule|Species Clause: Limit one of each Pok\u00e9mon\n|rule|Sleep Clause Mod: Limit one foe put to sleep\n|clearpoke\n|poke|p1|Sableye, M|\n|poke|p1|Clefable, F|\n|poke|p1|Toxapex, F|\n|poke|p1|Gliscor, M|\n|poke|p1|Rillaboom, M|\n|poke|p1|Heatran, M|\n|poke|p2|Togekiss, F|\n|poke|p2|Rabsca, M|\n|poke|p2|Banette, M|\n|poke|p2|Hoopa-Unbound|\n|poke|p2|Dusknoir, M|\n|poke|p2|Lickilicky, M|\n|teampreview\n|\n|t:|1699924225\n|start\n|switch|p1a: Sableye|Sableye, M|100\/100\n|switch|p2a: Magic Mike|Hoopa-Unbound|100\/100\n|turn|1\n|\n|t:|1699924230\n|detailschange|p1a: Sableye|Sableye-Mega, M\n|-mega|p1a: Sableye|Sableye|Sablenite\n|move|p2a: Magic Mike|Dark Pulse|p1a: Sableye\n|-damage|p1a: Sableye|59\/100\n|cant|p1a: Sableye|flinch\n|\n|upkeep\n|turn|2\n|\n|t:|1699924239\n|move|p2a: Magic Mike|Dark Pulse|p1a: Sableye\n|-damage|p1a: Sableye|16\/100\n|move|p1a: Sableye|Recover|p1a: Sableye\n|-heal|p1a: Sableye|66\/100\n|\n|upkeep\n|turn|3\n|\n|t:|1699924245\n|switch|p1a: Clefable|Clefable, F|100\/100\n|move|p2a: Magic Mike|Dark Pulse|p1a: Clefable\n|-resisted|p1a: Clefable\n|-damage|p1a: Clefable|79\/100\n|\n|-heal|p1a: Clefable|86\/100|[from] item: Leftovers\n|upkeep\n|turn|4\n|\n|t:|1699924254\n|switch|p2a: DOOMSDAY|Lickilicky, M, shiny|100\/100\n|-ability|p2a: DOOMSDAY|Cloud Nine\n|move|p1a: Clefable|Moonblast|p2a: DOOMSDAY\n|-damage|p2a: DOOMSDAY|72\/100\n|\n|-heal|p1a: Clefable|92\/100|[from] item: Leftovers\n|upkeep\n|turn|5\n|\n|t:|1699924263\n|switch|p1a: Sableye|Sableye-Mega, M|66\/100\n|move|p2a: DOOMSDAY|Explosion|p1a: Sableye\n|-immune|p1a: Sableye\n|faint|p2a: DOOMSDAY\n|\n|upkeep\n|\n|t:|1699924279\n|switch|p2a: Togepiss|Togekiss, F|100\/100\n|turn|6\n|\n|t:|1699924286\n|switch|p1a: Heatran|Heatran, M|100\/100\n|move|p2a: Togepiss|Air Slash|p1a: Heatran\n|-resisted|p1a: Heatran\n|-damage|p1a: Heatran|91\/100\n|\n|upkeep\n|turn|7\n|\n|t:|1699924297\n|switch|p2a: \ud83d\ude02\ud83d\ude02\ud83d\ude02|Dusknoir, M|100\/100\n|-item|p1a: Heatran|Heavy-Duty Boots|[from] ability: Frisk|[of] p2a: \ud83d\ude02\ud83d\ude02\ud83d\ude02|[identify]\n|move|p1a: Heatran|Stealth Rock|p2a: \ud83d\ude02\ud83d\ude02\ud83d\ude02\n|-sidestart|p2: mannmilk|move: Stealth Rock\n|\n|upkeep\n|turn|8\n|\n|t:|1699924303\n|move|p1a: Heatran|Roar|p2a: \ud83d\ude02\ud83d\ude02\ud83d\ude02\n|drag|p2a: Magic Mike|Hoopa-Unbound|100\/100\n|-damage|p2a: Magic Mike|88\/100|[from] Stealth Rock\n|\n|upkeep\n|turn|9\n|\n|t:|1699924309\n|move|p1a: Heatran|Flamethrower|p2a: Magic Mike\n|-damage|p2a: Magic Mike|57\/100\n|-enditem|p2a: Magic Mike|Red Card|[of] p1a: Heatran\n|drag|p1a: Gliscor|Gliscor, M|100\/100\n|move|p2a: Magic Mike|Dark Pulse|p1a: Gliscor\n|-damage|p1a: Gliscor|49\/100\n|-item|p2a: Magic Mike|Toxic Orb|[from] ability: Magician|[of] p1a: Gliscor\n|\n|-status|p2a: Magic Mike|tox|[from] item: Toxic Orb\n|upkeep\n|turn|10\n|\n|t:|1699924321\n|switch|p1a: Clefable|Clefable, F|92\/100\n|move|p2a: Magic Mike|Trick Room|p2a: Magic Mike\n|-fieldstart|move: Trick Room|[of] p2a: Magic Mike\n|\n|-heal|p1a: Clefable|98\/100|[from] item: Leftovers\n|-damage|p2a: Magic Mike|51\/100 tox|[from] psn\n|upkeep\n|turn|11\n|\n|t:|1699924325\n|move|p1a: Clefable|Moonblast|p2a: Magic Mike\n|-supereffective|p2a: Magic Mike\n|-damage|p2a: Magic Mike|1\/100 tox\n|move|p2a: Magic Mike|Destiny Bond|p2a: Magic Mike\n|-singlemove|p2a: Magic Mike|Destiny Bond\n|\n|-heal|p1a: Clefable|100\/100|[from] item: Leftovers\n|-damage|p2a: Magic Mike|0 fnt|[from] psn\n|faint|p2a: Magic Mike\n|upkeep\n|\n|t:|1699924329\n|switch|p2a: THANK U BASEDG\ud83e\udeb2D|Rabsca, M|100\/100\n|-damage|p2a: THANK U BASEDG\ud83e\udeb2D|76\/100|[from] Stealth Rock\n|turn|12\n|\n|t:|1699924337\n|switch|p1a: Sableye|Sableye-Mega, M|66\/100\n|move|p2a: THANK U BASEDG\ud83e\udeb2D|Revival Blessing|p2a: THANK U BASEDG\ud83e\udeb2D\n|-enditem|p2a: THANK U BASEDG\ud83e\udeb2D|Leppa Berry|[eat]\n|-activate|p2a: THANK U BASEDG\ud83e\udeb2D|item: Leppa Berry|Revival Blessing|[consumed]\n|\n|t:|1699924340\n|-heal|p2: DOOMSDAY|50\/100|[from] move: Revival Blessing\n|\n|upkeep\n|turn|13\n|\n|t:|1699924345\n|move|p1a: Sableye|Knock Off|p2a: THANK U BASEDG\ud83e\udeb2D\n|-supereffective|p2a: THANK U BASEDG\ud83e\udeb2D\n|-damage|p2a: THANK U BASEDG\ud83e\udeb2D|35\/100\n|move|p2a: THANK U BASEDG\ud83e\udeb2D|Revival Blessing|p2a: THANK U BASEDG\ud83e\udeb2D\n|\n|t:|1699924349\n|-heal|p2: Magic Mike|50\/100|[from] move: Revival Blessing\n|\n|upkeep\n|turn|14\n|\n|t:|1699924352\n|move|p1a: Sableye|Knock Off|p2a: THANK U BASEDG\ud83e\udeb2D\n|-supereffective|p2a: THANK U BASEDG\ud83e\udeb2D\n|-damage|p2a: THANK U BASEDG\ud83e\udeb2D|0 fnt\n|faint|p2a: THANK U BASEDG\ud83e\udeb2D\n|\n|-fieldend|move: Trick Room\n|upkeep\n|\n|t:|1699924361\n|switch|p2a: Togepiss|Togekiss, F|100\/100\n|-damage|p2a: Togepiss|76\/100|[from] Stealth Rock\n|turn|15\n|\n|t:|1699924367\n|switch|p1a: Heatran|Heatran, M|91\/100\n|move|p2a: Togepiss|Air Slash|p1a: Heatran\n|-resisted|p1a: Heatran\n|-damage|p1a: Heatran|80\/100\n|\n|upkeep\n|turn|16\n|\n|t:|1699924374\n|move|p2a: Togepiss|Light Screen|p2a: Togepiss\n|-sidestart|p2: mannmilk|move: Light Screen\n|move|p1a: Heatran|Flash Cannon|p2a: Togepiss\n|-supereffective|p2a: Togepiss\n|-damage|p2a: Togepiss|47\/100\n|\n|upkeep\n|turn|17\n|\n|t:|1699924377\n|move|p2a: Togepiss|Defog|p1a: Heatran\n|-unboost|p1a: Heatran|evasion|1\n|-sideend|p2: mannmilk|Stealth Rock|[from] move: Defog|[of] p2a: Togepiss\n|move|p1a: Heatran|Flamethrower|p2a: Togepiss\n|-damage|p2a: Togepiss|31\/100\n|\n|upkeep\n|turn|18\n|\n|t:|1699924382\n|move|p2a: Togepiss|Reflect|p2a: Togepiss\n|-sidestart|p2: mannmilk|Reflect\n|move|p1a: Heatran|Roar|p2a: Togepiss\n|drag|p2a: \ud83d\ude02\ud83d\ude02\ud83d\ude02|Dusknoir, M|100\/100\n|-item|p1a: Heatran|Heavy-Duty Boots|[from] ability: Frisk|[of] p2a: \ud83d\ude02\ud83d\ude02\ud83d\ude02|[identify]\n|\n|upkeep\n|turn|19\n|\n|t:|1699924386\n|move|p1a: Heatran|Stealth Rock|p2a: \ud83d\ude02\ud83d\ude02\ud83d\ude02\n|-sidestart|p2: mannmilk|move: Stealth Rock\n|move|p2a: \ud83d\ude02\ud83d\ude02\ud83d\ude02|Trick Room|p2a: \ud83d\ude02\ud83d\ude02\ud83d\ude02\n|-fieldstart|move: Trick Room|[of] p2a: \ud83d\ude02\ud83d\ude02\ud83d\ude02\n|\n|upkeep\n|turn|20\n|\n|t:|1699924391\n|switch|p1a: Sableye|Sableye-Mega, M|66\/100\n|move|p2a: \ud83d\ude02\ud83d\ude02\ud83d\ude02|Poltergeist|p1a: Sableye\n|-activate|p1a: Sableye|move: Poltergeist|Sablenite\n|-damage|p1a: Sableye|6\/100\n|-damage|p2a: \ud83d\ude02\ud83d\ude02\ud83d\ude02|91\/100|[from] item: Life Orb\n|\n|upkeep\n|turn|21\n|\n|t:|1699924400\n|move|p1a: Sableye|Recover|p1a: Sableye\n|-heal|p1a: Sableye|56\/100\n|move|p2a: \ud83d\ude02\ud83d\ude02\ud83d\ude02|Poltergeist|p1a: Sableye\n|-activate|p1a: Sableye|move: Poltergeist|Sablenite\n|-damage|p1a: Sableye|0 fnt\n|faint|p1a: Sableye\n|-damage|p2a: \ud83d\ude02\ud83d\ude02\ud83d\ude02|81\/100|[from] item: Life Orb\n|\n|upkeep\n|\n|t:|1699924406\n|switch|p1a: Toxapex|Toxapex, F|100\/100\n|turn|22\n|\n|t:|1699924409\n|move|p1a: Toxapex|Baneful Bunker|p1a: Toxapex\n|-singleturn|p1a: Toxapex|move: Protect\n|move|p2a: \ud83d\ude02\ud83d\ude02\ud83d\ude02|Poltergeist|p1a: Toxapex\n|-activate|p1a: Toxapex|move: Protect\n|\n|upkeep\n|turn|23\n|\n|t:|1699924415\n|move|p1a: Toxapex|Scald|p2a: \ud83d\ude02\ud83d\ude02\ud83d\ude02\n|-damage|p2a: \ud83d\ude02\ud83d\ude02\ud83d\ude02|72\/100\n|move|p2a: \ud83d\ude02\ud83d\ude02\ud83d\ude02|Poltergeist|p1a: Toxapex\n|-activate|p1a: Toxapex|move: Poltergeist|Leftovers\n|-damage|p1a: Toxapex|56\/100\n|-damage|p2a: \ud83d\ude02\ud83d\ude02\ud83d\ude02|62\/100|[from] item: Life Orb\n|\n|-heal|p1a: Toxapex|62\/100|[from] item: Leftovers\n|-sideend|p2: mannmilk|move: Light Screen\n|-fieldend|move: Trick Room\n|upkeep\n|turn|24\n|\n|t:|1699924419\n|move|p2a: \ud83d\ude02\ud83d\ude02\ud83d\ude02|Poltergeist|p1a: Toxapex\n|-activate|p1a: Toxapex|move: Poltergeist|Leftovers\n|-damage|p1a: Toxapex|15\/100\n|-damage|p2a: \ud83d\ude02\ud83d\ude02\ud83d\ude02|52\/100|[from] item: Life Orb\n|move|p1a: Toxapex|Scald|p2a: \ud83d\ude02\ud83d\ude02\ud83d\ude02\n|-damage|p2a: \ud83d\ude02\ud83d\ude02\ud83d\ude02|36\/100\n|\n|-heal|p1a: Toxapex|22\/100|[from] item: Leftovers\n|upkeep\n|turn|25\n|\n|t:|1699924422\n|move|p2a: \ud83d\ude02\ud83d\ude02\ud83d\ude02|Poltergeist|p1a: Toxapex\n|-activate|p1a: Toxapex|move: Poltergeist|Leftovers\n|-damage|p1a: Toxapex|0 fnt\n|faint|p1a: Toxapex\n|-damage|p2a: \ud83d\ude02\ud83d\ude02\ud83d\ude02|26\/100|[from] item: Life Orb\n|\n|-sideend|p2: mannmilk|Reflect\n|upkeep\n|\n|t:|1699924426\n|switch|p1a: Gliscor|Gliscor, M|49\/100\n|turn|26\n|\n|t:|1699924434\n|move|p1a: Gliscor|Earthquake|p2a: \ud83d\ude02\ud83d\ude02\ud83d\ude02\n|-damage|p2a: \ud83d\ude02\ud83d\ude02\ud83d\ude02|0 fnt\n|faint|p2a: \ud83d\ude02\ud83d\ude02\ud83d\ude02\n|\n|upkeep\n|\n|t:|1699924441\n|switch|p2a: Togepiss|Togekiss, F|31\/100\n|-damage|p2a: Togepiss|6\/100|[from] Stealth Rock\n|turn|27\n|\n|t:|1699924446\n|switch|p1a: Heatran|Heatran, M|80\/100\n|move|p2a: Togepiss|Defog|p1a: Heatran\n|-unboost|p1a: Heatran|evasion|1\n|-sideend|p2: mannmilk|Stealth Rock|[from] move: Defog|[of] p2a: Togepiss\n|\n|upkeep\n|turn|28\n|\n|t:|1699924452\n|move|p2a: Togepiss|Light Screen|p2a: Togepiss\n|-sidestart|p2: mannmilk|move: Light Screen\n|move|p1a: Heatran|Stealth Rock|p2a: Togepiss\n|-sidestart|p2: mannmilk|move: Stealth Rock\n|\n|upkeep\n|turn|29\n|\n|t:|1699924454\n|move|p2a: Togepiss|Reflect|p2a: Togepiss\n|-sidestart|p2: mannmilk|Reflect\n|move|p1a: Heatran|Flamethrower|p2a: Togepiss\n|-damage|p2a: Togepiss|0 fnt\n|faint|p2a: Togepiss\n|\n|upkeep\n|\n|t:|1699924459\n|switch|p2a: Magic Mike|Hoopa-Unbound|50\/100\n|-damage|p2a: Magic Mike|38\/100|[from] Stealth Rock\n|turn|30\n|\n|t:|1699924464\n|move|p1a: Heatran|Roar|p2a: Magic Mike\n|drag|p2a: DOOMSDAY|Lickilicky, M, shiny|50\/100\n|-damage|p2a: DOOMSDAY|38\/100|[from] Stealth Rock\n|-ability|p2a: DOOMSDAY|Cloud Nine\n|\n|upkeep\n|turn|31\n|\n|t:|1699924468\n|move|p2a: DOOMSDAY|Earthquake|p1a: Heatran\n|-supereffective|p1a: Heatran\n|-damage|p1a: Heatran|0 fnt\n|faint|p1a: Heatran\n|\n|upkeep\n|\n|t:|1699924472\n|switch|p1a: Rillaboom|Rillaboom, M|100\/100\n|-fieldstart|move: Grassy Terrain|[from] ability: Grassy Surge|[of] p1a: Rillaboom\n|turn|32\n|\n|t:|1699924485\n|switch|p2a: pooplover69|Banette, M|100\/100\n|-damage|p2a: pooplover69|88\/100|[from] Stealth Rock\n|-item|p1a: Rillaboom|Heavy-Duty Boots|[from] ability: Frisk|[of] p2a: pooplover69|[identify]\n|move|p1a: Rillaboom|Grassy Glide|p2a: pooplover69\n|-damage|p2a: pooplover69|59\/100\n|\n|-heal|p2a: pooplover69|65\/100|[from] Grassy Terrain\n|upkeep\n|turn|33\n|\n|t:|1699924495\n|switch|p1a: Clefable|Clefable, F|100\/100\n|detailschange|p2a: pooplover69|Banette-Mega, M\n|-mega|p2a: pooplover69|Banette|Banettite\n|move|p2a: pooplover69|Thunder Wave|p1a: Clefable\n|-status|p1a: Clefable|par\n|\n|-heal|p2a: pooplover69|71\/100|[from] Grassy Terrain\n|upkeep\n|turn|34\n|\n|t:|1699924504\n|move|p2a: pooplover69|Shadow Claw|p1a: Clefable\n|-damage|p1a: Clefable|56\/100 par\n|move|p1a: Clefable|Moonblast|p2a: pooplover69\n|-damage|p2a: pooplover69|52\/100\n|-unboost|p2a: pooplover69|spa|1\n|\n|-heal|p2a: pooplover69|58\/100|[from] Grassy Terrain\n|-heal|p1a: Clefable|62\/100 par|[from] Grassy Terrain\n|-heal|p1a: Clefable|69\/100 par|[from] item: Leftovers\n|upkeep\n|turn|35\n|\n|t:|1699924509\n|cant|p1a: Clefable|par\n|move|p2a: pooplover69|Shadow Claw|p1a: Clefable\n|-damage|p1a: Clefable|27\/100 par\n|\n|-heal|p2a: pooplover69|64\/100|[from] Grassy Terrain\n|-heal|p1a: Clefable|33\/100 par|[from] Grassy Terrain\n|-heal|p1a: Clefable|39\/100 par|[from] item: Leftovers\n|-sideend|p2: mannmilk|move: Light Screen\n|upkeep\n|turn|36\n|\n|t:|1699924512\n|move|p1a: Clefable|Protect|p1a: Clefable\n|-singleturn|p1a: Clefable|Protect\n|move|p2a: pooplover69|Shadow Claw|p1a: Clefable\n|-activate|p1a: Clefable|move: Protect\n|\n|-heal|p2a: pooplover69|70\/100|[from] Grassy Terrain\n|-heal|p1a: Clefable|45\/100 par|[from] Grassy Terrain\n|-heal|p1a: Clefable|51\/100 par|[from] item: Leftovers\n|-sideend|p2: mannmilk|Reflect\n|-fieldend|move: Grassy Terrain\n|upkeep\n|turn|37\n|\n|t:|1699924516\n|switch|p1a: Gliscor|Gliscor, M|49\/100\n|move|p2a: pooplover69|Shadow Claw|p1a: Gliscor\n|-damage|p1a: Gliscor|16\/100\n|\n|upkeep\n|turn|38\n|\n|t:|1699924519\n|move|p1a: Gliscor|Earthquake|p2a: pooplover69\n|-damage|p2a: pooplover69|24\/100\n|move|p2a: pooplover69|Shadow Claw|p1a: Gliscor\n|-damage|p1a: Gliscor|0 fnt\n|faint|p1a: Gliscor\n|\n|upkeep\n|\n|t:|1699924526\n|switch|p1a: Clefable|Clefable, F|51\/100 par\n|turn|39\n|\n|t:|1699924533\n|move|p2a: pooplover69|Shadow Claw|p1a: Clefable\n|-crit|p1a: Clefable\n|-damage|p1a: Clefable|0 fnt\n|faint|p1a: Clefable\n|\n|upkeep\n|\n|t:|1699924535\n|switch|p1a: Rillaboom|Rillaboom, M|100\/100\n|-fieldstart|move: Grassy Terrain|[from] ability: Grassy Surge|[of] p1a: Rillaboom\n|turn|40\n|\n|t:|1699924539\n|move|p1a: Rillaboom|Grassy Glide|p2a: pooplover69\n|-damage|p2a: pooplover69|0 fnt\n|faint|p2a: pooplover69\n|\n|upkeep\n|\n|t:|1699924543\n|switch|p2a: DOOMSDAY|Lickilicky, M, shiny|38\/100\n|-damage|p2a: DOOMSDAY|25\/100|[from] Stealth Rock\n|-ability|p2a: DOOMSDAY|Cloud Nine\n|turn|41\n|\n|t:|1699924557\n|-terastallize|p1a: Rillaboom|Grass\n|move|p1a: Rillaboom|Grassy Glide|p2a: DOOMSDAY\n|-damage|p2a: DOOMSDAY|0 fnt\n|faint|p2a: DOOMSDAY\n|\n|upkeep\n|\n|t:|1699924558\n|switch|p2a: Magic Mike|Hoopa-Unbound|38\/100\n|-damage|p2a: Magic Mike|26\/100|[from] Stealth Rock\n|turn|42\n|\n|t:|1699924562\n|-terastallize|p2a: Magic Mike|Steel\n|move|p1a: Rillaboom|Grassy Glide|p2a: Magic Mike\n|-resisted|p2a: Magic Mike\n|-damage|p2a: Magic Mike|0 fnt\n|faint|p2a: Magic Mike\n|\n|win|bananasinpajamas7\n|raw|bananasinpajamas7's rating: 1330 &rarr; <strong>1349<\/strong><br \/>(+19 for winning)\n|raw|mannmilk's rating: 1307 &rarr; <strong>1288<\/strong><br \/>(-19 for losing)\n|c|\u2606mannmilk|shucks\n|l|\u2606mannmilk\n|c|\u2606bananasinpajamas7|good nicknames btw lol\n","uploadtime":1699924575,"views":6,"p1id":"bananasinpajamas7","p2id":"mannmilk","formatid":"gen9nationaldex","rating":1288,"private":0,"password":""}