{"id":"gen9nationaldex-1997786107","p1":"Oliotus","p2":"NicoPapaya","format":"[Gen 9] National Dex","log":"|html|<div class=\"broadcast-blue\"><strong>[Gen 9] National Dex is currently suspecting Sneasler! For information on how to participate check out the <a href=\"https:\/\/www.smogon.com\/forums\/threads\/sv-national-dex-suspect-8-just-dance.3731534\/\">suspect thread<\/a>.<\/strong><\/div>\n|j|\u2606Oliotus\n|j|\u2606NicoPapaya\n|t:|1700852516\n|gametype|singles\n|player|p1|Oliotus|101|1261\n|player|p2|NicoPapaya|nate|1232\n|teamsize|p1|6\n|teamsize|p2|6\n|gen|9\n|tier|[Gen 9] National Dex\n|rated|\n|rule|HP Percentage Mod: HP is shown in percentages\n|rule|Endless Battle Clause: Forcing endless battles is banned\n|rule|OHKO Clause: OHKO moves are banned\n|rule|Evasion Clause: Evasion abilities, items, and moves are banned\n|rule|Evasion Abilities Clause: Evasion abilities are banned\n|rule|Evasion Items Clause: Evasion items are banned\n|rule|Evasion Moves Clause: Evasion moves are banned\n|rule|Species Clause: Limit one of each Pok\u00e9mon\n|rule|Sleep Clause Mod: Limit one foe put to sleep\n|clearpoke\n|poke|p1|Clefable, F|\n|poke|p1|Glimmora, M|\n|poke|p1|Ferrothorn, F|\n|poke|p1|Dragonite, M|\n|poke|p1|Greninja-*, M|\n|poke|p1|Tapu Koko|\n|poke|p2|Lopunny, M|\n|poke|p2|Rillaboom, M|\n|poke|p2|Blaziken, F|\n|poke|p2|Sneasler, F|\n|poke|p2|Zapdos|\n|poke|p2|Kartana|\n|teampreview\n|inactive|Battle timer is ON: inactive players will automatically lose when time's up. (requested by NicoPapaya)\n|\n|t:|1700852528\n|start\n|switch|p1a: Glimmora|Glimmora, M|100\/100\n|switch|p2a: Kartana|Kartana|100\/100\n|turn|1\n|\n|t:|1700852531\n|move|p2a: Kartana|Smart Strike|p1a: Glimmora\n|-supereffective|p1a: Glimmora\n|-damage|p1a: Glimmora|8\/100\n|-activate|p1a: Glimmora|ability: Toxic Debris\n|-sidestart|p2: NicoPapaya|move: Toxic Spikes\n|move|p1a: Glimmora|Stealth Rock|p2a: Kartana\n|-sidestart|p2: NicoPapaya|move: Stealth Rock\n|\n|upkeep\n|turn|2\n|\n|t:|1700852535\n|move|p2a: Kartana|Smart Strike|p1a: Glimmora\n|-supereffective|p1a: Glimmora\n|-damage|p1a: Glimmora|0 fnt\n|-activate|p1a: Glimmora|ability: Toxic Debris\n|-sidestart|p2: NicoPapaya|move: Toxic Spikes\n|faint|p1a: Glimmora\n|-ability|p2a: Kartana|Beast Boost|boost\n|-boost|p2a: Kartana|atk|1\n|\n|upkeep\n|\n|t:|1700852546\n|switch|p1a: Dragonite|Dragonite, M|100\/100\n|turn|3\n|\n|t:|1700852549\n|move|p2a: Kartana|Smart Strike|p1a: Dragonite\n|-damage|p1a: Dragonite|61\/100\n|move|p1a: Dragonite|Dragon Dance|p1a: Dragonite\n|-boost|p1a: Dragonite|atk|1\n|-boost|p1a: Dragonite|spe|1\n|\n|upkeep\n|turn|4\n|\n|t:|1700852553\n|move|p2a: Kartana|Smart Strike|p1a: Dragonite\n|-damage|p1a: Dragonite|0 fnt\n|faint|p1a: Dragonite\n|-ability|p2a: Kartana|Beast Boost|boost\n|-boost|p2a: Kartana|atk|1\n|\n|upkeep\n|\n|t:|1700852556\n|switch|p1a: Tapu Koko|Tapu Koko|100\/100\n|-fieldstart|move: Electric Terrain|[from] ability: Electric Surge|[of] p1a: Tapu Koko\n|-item|p1a: Tapu Koko|Air Balloon\n|turn|5\n|\n|t:|1700852557\n|move|p2a: Kartana|Smart Strike|p1a: Tapu Koko\n|-damage|p1a: Tapu Koko|0 fnt\n|-enditem|p1a: Tapu Koko|Air Balloon\n|faint|p1a: Tapu Koko\n|-ability|p2a: Kartana|Beast Boost|boost\n|-boost|p2a: Kartana|atk|1\n|\n|upkeep\n|\n|t:|1700852563\n|switch|p1a: Greninja|Greninja, M|100\/100\n|turn|6\n|\n|t:|1700852565\n|move|p2a: Kartana|Smart Strike|p1a: Greninja\n|-resisted|p1a: Greninja\n|-damage|p1a: Greninja|0 fnt\n|faint|p1a: Greninja\n|-ability|p2a: Kartana|Beast Boost|boost\n|-boost|p2a: Kartana|atk|1\n|\n|upkeep\n|\n|t:|1700852567\n|switch|p1a: Clefable|Clefable, F|100\/100\n|turn|7\n|\n|t:|1700852569\n|-terastallize|p1a: Clefable|Poison\n|move|p2a: Kartana|Smart Strike|p1a: Clefable\n|-damage|p1a: Clefable|45\/100\n|move|p1a: Clefable|Calm Mind|p1a: Clefable\n|-boost|p1a: Clefable|spa|1\n|-boost|p1a: Clefable|spd|1\n|\n|-heal|p1a: Clefable|51\/100|[from] item: Leftovers\n|upkeep\n|turn|8\n|\n|t:|1700852575\n|move|p2a: Kartana|Smart Strike|p1a: Clefable\n|-damage|p1a: Clefable|0 fnt\n|faint|p1a: Clefable\n|-ability|p2a: Kartana|Beast Boost|boost\n|-boost|p2a: Kartana|atk|1\n|\n|upkeep\n|-message|Oliotus forfeited.\n|\n|win|NicoPapaya\n|raw|Oliotus's rating: 1261 &rarr; <strong>1234<\/strong><br \/>(-27 for losing)\n|raw|NicoPapaya's rating: 1232 &rarr; <strong>1259<\/strong><br \/>(+27 for winning)\n|l|\u2606Oliotus\n","uploadtime":1700852584,"views":12,"p1id":"oliotus","p2id":"nicopapaya","formatid":"gen9nationaldex","rating":1234,"private":0,"password":""}