{"id":"gen9nationaldex-1990546769","p1":"The Wonder Guards","p2":"nman423","format":"[Gen 9] National Dex","log":"|j|\u2606The Wonder Guards\n|j|\u2606nman423\n|t:|1699980382\n|gametype|singles\n|player|p1|The Wonder Guards|cynthia-gen4|\n|player|p2|nman423|170|\n|teamsize|p1|6\n|teamsize|p2|6\n|gen|9\n|tier|[Gen 9] National Dex\n|rule|HP Percentage Mod: HP is shown in percentages\n|rule|Endless Battle Clause: Forcing endless battles is banned\n|rule|OHKO Clause: OHKO moves are banned\n|rule|Evasion Clause: Evasion abilities, items, and moves are banned\n|rule|Evasion Abilities Clause: Evasion abilities are banned\n|rule|Evasion Items Clause: Evasion items are banned\n|rule|Evasion Moves Clause: Evasion moves are banned\n|rule|Species Clause: Limit one of each Pok\u00e9mon\n|rule|Sleep Clause Mod: Limit one foe put to sleep\n|clearpoke\n|poke|p1|Ditto|\n|poke|p1|Sneasler, M|\n|poke|p1|Zapdos|\n|poke|p1|Toxapex, F|\n|poke|p1|Gliscor, F|\n|poke|p1|Grimmsnarl, M|\n|poke|p2|Arcanine-Hisui, M|\n|poke|p2|Gyarados, M|\n|poke|p2|Dragonite, F|\n|poke|p2|Mimikyu, F|\n|poke|p2|Dondozo, M|\n|poke|p2|Iron Hands|\n|teampreview\n|c|\u2606nman423|gl hf\n|c|\u2606The Wonder Guards|u2\n|c|\u2606nman423|do we have a watch-along set-up?\n|j| DuxPraetorRex\n|c| DuxPraetorRex|\ud83d\udc4d\n|\n|t:|1699980638\n|start\n|switch|p1a: Geela|Toxapex, F|100\/100\n|switch|p2a: Gyarados|Gyarados, M, shiny|100\/100\n|-ability|p2a: Gyarados|Intimidate|boost\n|-unboost|p1a: Geela|atk|1\n|turn|1\n|\n|t:|1699980654\n|move|p2a: Gyarados|Dragon Dance|p2a: Gyarados\n|-boost|p2a: Gyarados|atk|1\n|-boost|p2a: Gyarados|spe|1\n|move|p1a: Geela|Toxic|p2a: Gyarados\n|-status|p2a: Gyarados|tox\n|\n|-damage|p2a: Gyarados|94\/100 tox|[from] psn\n|upkeep\n|turn|2\n|\n|t:|1699980661\n|detailschange|p2a: Gyarados|Gyarados-Mega, M, shiny\n|-mega|p2a: Gyarados|Gyarados|Gyaradosite\n|-ability|p2a: Gyarados|Mold Breaker\n|move|p2a: Gyarados|Earthquake|p1a: Geela\n|-supereffective|p1a: Geela\n|-damage|p1a: Geela|30\/100\n|move|p1a: Geela|Haze|p1a: Geela\n|-clearallboost\n|\n|-heal|p1a: Geela|36\/100|[from] item: Leftovers\n|-damage|p2a: Gyarados|82\/100 tox|[from] psn\n|upkeep\n|turn|3\n|\n|t:|1699980673\n|move|p2a: Gyarados|Waterfall|p1a: Geela\n|-resisted|p1a: Geela\n|-damage|p1a: Geela|21\/100\n|move|p1a: Geela|Recover|p1a: Geela\n|-heal|p1a: Geela|71\/100\n|\n|-heal|p1a: Geela|77\/100|[from] item: Leftovers\n|-damage|p2a: Gyarados|64\/100 tox|[from] psn\n|upkeep\n|turn|4\n|\n|t:|1699980701\n|switch|p2a: Arcanine|Arcanine-Hisui, M, shiny|100\/100\n|move|p1a: Geela|Recover|p1a: Geela\n|-heal|p1a: Geela|100\/100\n|\n|upkeep\n|turn|5\n|\n|t:|1699980707\n|-terastallize|p2a: Arcanine|Psychic\n|move|p2a: Arcanine|Psychic Fangs|p1a: Geela\n|-supereffective|p1a: Geela\n|-damage|p1a: Geela|36\/100\n|-damage|p2a: Arcanine|91\/100|[from] item: Life Orb\n|move|p1a: Geela|Surf|p2a: Arcanine\n|-damage|p2a: Arcanine|69\/100\n|\n|-heal|p1a: Geela|43\/100|[from] item: Leftovers\n|upkeep\n|turn|6\n|\n|t:|1699980718\n|switch|p1a: FredFromAccounting|Grimmsnarl, M|100\/100\n|move|p2a: Arcanine|Psychic Fangs|p1a: FredFromAccounting\n|-immune|p1a: FredFromAccounting\n|\n|upkeep\n|turn|7\n|\n|t:|1699980751\n|switch|p2a: Gyarados|Gyarados-Mega, M, shiny|64\/100 tox\n|-ability|p2a: Gyarados|Mold Breaker\n|move|p1a: FredFromAccounting|Reflect|p1a: FredFromAccounting\n|-sidestart|p1: The Wonder Guards|Reflect\n|\n|-damage|p2a: Gyarados|58\/100 tox|[from] psn\n|upkeep\n|turn|8\n|\n|t:|1699980759\n|move|p2a: Gyarados|Dragon Dance|p2a: Gyarados\n|-boost|p2a: Gyarados|atk|1\n|-boost|p2a: Gyarados|spe|1\n|move|p1a: FredFromAccounting|Trailblaze|p2a: Gyarados\n|-supereffective|p2a: Gyarados\n|-damage|p2a: Gyarados|33\/100 tox\n|-boost|p1a: FredFromAccounting|spe|1\n|\n|-damage|p2a: Gyarados|21\/100 tox|[from] psn\n|upkeep\n|turn|9\n|\n|t:|1699980773\n|move|p2a: Gyarados|Waterfall|p1a: FredFromAccounting\n|-damage|p1a: FredFromAccounting|73\/100\n|move|p1a: FredFromAccounting|Trailblaze|p2a: Gyarados\n|-supereffective|p2a: Gyarados\n|-damage|p2a: Gyarados|0 fnt\n|-boost|p1a: FredFromAccounting|spe|1\n|faint|p2a: Gyarados\n|\n|upkeep\n|\n|t:|1699980801\n|switch|p2a: Dragonite|Dragonite, F, shiny|100\/100\n|turn|10\n|\n|t:|1699980810\n|move|p1a: FredFromAccounting|Thunder Wave|p2a: Dragonite\n|-status|p2a: Dragonite|par\n|move|p2a: Dragonite|Dragon Dance|p2a: Dragonite\n|-boost|p2a: Dragonite|atk|1\n|-boost|p2a: Dragonite|spe|1\n|\n|upkeep\n|turn|11\n|\n|t:|1699980823\n|cant|p2a: Dragonite|par\n|move|p1a: FredFromAccounting|Foul Play|p2a: Dragonite\n|-damage|p2a: Dragonite|63\/100 par\n|\n|upkeep\n|turn|12\n|\n|t:|1699980827\n|move|p2a: Dragonite|Extreme Speed|p1a: FredFromAccounting\n|-damage|p1a: FredFromAccounting|51\/100\n|move|p1a: FredFromAccounting|Foul Play|p2a: Dragonite\n|-damage|p2a: Dragonite|0 fnt\n|faint|p2a: Dragonite\n|\n|upkeep\n|\n|t:|1699980883\n|switch|p2a: Mimikyu|Mimikyu, F, shiny|100\/100\n|turn|13\n|\n|t:|1699980906\n|move|p1a: FredFromAccounting|Trailblaze|p2a: Mimikyu\n|-activate|p2a: Mimikyu|ability: Disguise\n|-damage|p2a: Mimikyu|100\/100\n|-boost|p1a: FredFromAccounting|spe|1\n|detailschange|p2a: Mimikyu|Mimikyu-Busted, F, shiny\n|-damage|p2a: Mimikyu|88\/100|[from] pokemon: Mimikyu-Busted\n|move|p2a: Mimikyu|Trick Room|p2a: Mimikyu\n|-fieldstart|move: Trick Room|[of] p2a: Mimikyu\n|\n|upkeep\n|turn|14\n|\n|t:|1699980919\n|-zpower|p2a: Mimikyu\n|move|p2a: Mimikyu|Let's Snuggle Forever|p1a: FredFromAccounting|[zeffect]\n|-supereffective|p1a: FredFromAccounting\n|-damage|p1a: FredFromAccounting|1\/100\n|move|p1a: FredFromAccounting|Foul Play|p2a: Mimikyu\n|-damage|p2a: Mimikyu|51\/100\n|\n|-sideend|p1: The Wonder Guards|Reflect\n|upkeep\n|turn|15\n|\n|t:|1699980933\n|move|p2a: Mimikyu|Shadow Sneak|p1a: FredFromAccounting\n|-resisted|p1a: FredFromAccounting\n|-damage|p1a: FredFromAccounting|0 fnt\n|faint|p1a: FredFromAccounting\n|\n|upkeep\n|\n|t:|1699980964\n|switch|p1a: True Nestra|Ditto|100\/100\n|-transform|p1a: True Nestra|p2a: Mimikyu|[from] ability: Imposter\n|turn|16\n|\n|t:|1699980998\n|move|p2a: Mimikyu|Shadow Sneak|p1a: True Nestra\n|-supereffective|p1a: True Nestra\n|-damage|p1a: True Nestra|72\/100\n|move|p1a: True Nestra|Shadow Sneak|p2a: Mimikyu\n|-supereffective|p2a: Mimikyu\n|-damage|p2a: Mimikyu|24\/100\n|\n|upkeep\n|turn|17\n|\n|t:|1699981015\n|switch|p2a: Dondozo|Dondozo, M, shiny|100\/100\n|switch|p1a: Struggle|Sneasler, M|100\/100\n|-item|p1a: Struggle|Air Balloon\n|\n|-fieldend|move: Trick Room\n|upkeep\n|turn|18\n|\n|t:|1699981030\n|move|p1a: Struggle|Swords Dance|p1a: Struggle\n|-boost|p1a: Struggle|atk|2\n|move|p2a: Dondozo|Curse|p2a: Dondozo\n|-unboost|p2a: Dondozo|spe|1\n|-boost|p2a: Dondozo|atk|1\n|-boost|p2a: Dondozo|def|1\n|\n|upkeep\n|turn|19\n|\n|t:|1699981038\n|move|p1a: Struggle|Trailblaze|p2a: Dondozo\n|-supereffective|p2a: Dondozo\n|-damage|p2a: Dondozo|86\/100\n|-boost|p1a: Struggle|spe|1\n|move|p2a: Dondozo|Liquidation|p1a: Struggle\n|-damage|p1a: Struggle|24\/100\n|-enditem|p1a: Struggle|Air Balloon\n|\n|-heal|p2a: Dondozo|92\/100|[from] item: Leftovers\n|upkeep\n|turn|20\n|\n|t:|1699981055\n|switch|p1a: Geela|Toxapex, F|76\/100\n|move|p2a: Dondozo|Earthquake|p1a: Geela\n|-supereffective|p1a: Geela\n|-damage|p1a: Geela|36\/100\n|\n|-heal|p1a: Geela|43\/100|[from] item: Leftovers\n|-heal|p2a: Dondozo|98\/100|[from] item: Leftovers\n|upkeep\n|turn|21\n|\n|t:|1699981064\n|move|p1a: Geela|Recover|p1a: Geela\n|-heal|p1a: Geela|93\/100\n|move|p2a: Dondozo|Curse|p2a: Dondozo\n|-unboost|p2a: Dondozo|spe|1\n|-boost|p2a: Dondozo|atk|1\n|-boost|p2a: Dondozo|def|1\n|\n|-heal|p1a: Geela|99\/100|[from] item: Leftovers\n|-heal|p2a: Dondozo|100\/100|[from] item: Leftovers\n|upkeep\n|turn|22\n|\n|t:|1699981073\n|move|p1a: Geela|Haze|p1a: Geela\n|-clearallboost\n|move|p2a: Dondozo|Earthquake|p1a: Geela\n|-supereffective|p1a: Geela\n|-damage|p1a: Geela|73\/100\n|\n|-heal|p1a: Geela|79\/100|[from] item: Leftovers\n|upkeep\n|turn|23\n|\n|t:|1699981119\n|switch|p2a: Mimikyu|Mimikyu-Busted, F, shiny|24\/100\n|move|p1a: Geela|Toxic|p2a: Mimikyu\n|-status|p2a: Mimikyu|tox\n|\n|-heal|p1a: Geela|85\/100|[from] item: Leftovers\n|-damage|p2a: Mimikyu|17\/100 tox|[from] psn\n|upkeep\n|turn|24\n|\n|t:|1699981139\n|move|p1a: Geela|Recover|p1a: Geela\n|-heal|p1a: Geela|100\/100\n|move|p2a: Mimikyu|Trick Room|p2a: Mimikyu\n|-fieldstart|move: Trick Room|[of] p2a: Mimikyu\n|\n|-damage|p2a: Mimikyu|5\/100 tox|[from] psn\n|upkeep\n|turn|25\n|\n|t:|1699981148\n|move|p1a: Geela|Recover||[still]\n|-fail|p1a: Geela|heal\n|move|p2a: Mimikyu|Curse|p1a: Geela\n|-start|p1a: Geela|Curse|[of] p2a: Mimikyu\n|-damage|p2a: Mimikyu|0 fnt\n|faint|p2a: Mimikyu\n|\n|-damage|p1a: Geela|75\/100|[from] Curse\n|upkeep\n|\n|t:|1699981153\n|switch|p2a: Iron Hands|Iron Hands, shiny|100\/100\n|turn|26\n|\n|t:|1699981161\n|switch|p1a: Anya|Gliscor, F|100\/100\n|move|p2a: Iron Hands|Swords Dance|p2a: Iron Hands\n|-boost|p2a: Iron Hands|atk|2\n|\n|-status|p1a: Anya|tox|[from] item: Toxic Orb\n|upkeep\n|turn|27\n|\n|t:|1699981169\n|move|p2a: Iron Hands|Ice Punch|p1a: Anya\n|-supereffective|p1a: Anya\n|-damage|p1a: Anya|0 fnt\n|faint|p1a: Anya\n|\n|upkeep\n|\n|t:|1699981179\n|switch|p1a: Geela|Toxapex, F|100\/100\n|turn|28\n|\n|t:|1699981184\n|move|p1a: Geela|Haze|p1a: Geela\n|-clearallboost\n|move|p2a: Iron Hands|Thunder Punch|p1a: Geela\n|-supereffective|p1a: Geela\n|-damage|p1a: Geela|50\/100\n|\n|-heal|p1a: Geela|57\/100|[from] item: Leftovers\n|-fieldend|move: Trick Room\n|upkeep\n|turn|29\n|\n|t:|1699981193\n|move|p2a: Iron Hands|Swords Dance|p2a: Iron Hands\n|-boost|p2a: Iron Hands|atk|2\n|move|p1a: Geela|Recover|p1a: Geela\n|-heal|p1a: Geela|100\/100\n|\n|upkeep\n|turn|30\n|\n|t:|1699981198\n|move|p2a: Iron Hands|Thunder Punch|p1a: Geela\n|-supereffective|p1a: Geela\n|-damage|p1a: Geela|0 fnt\n|faint|p1a: Geela\n|\n|upkeep\n|\n|t:|1699981208\n|switch|p1a: Esme|Zapdos|100\/100\n|turn|31\n|\n|t:|1699981211\n|move|p1a: Esme|Extrasensory|p2a: Iron Hands\n|-supereffective|p2a: Iron Hands\n|-damage|p2a: Iron Hands|47\/100\n|move|p2a: Iron Hands|Ice Punch|p1a: Esme\n|-supereffective|p1a: Esme\n|-damage|p1a: Esme|0 fnt\n|faint|p1a: Esme\n|\n|-heal|p2a: Iron Hands|53\/100|[from] item: Leftovers\n|upkeep\n|\n|t:|1699981220\n|switch|p1a: Struggle|Sneasler, M|24\/100\n|turn|32\n|\n|t:|1699981251\n|-terastallize|p1a: Struggle|Fairy\n|move|p1a: Struggle|Tera Blast|p2a: Iron Hands|[anim] Tera Blast Fairy\n|-supereffective|p2a: Iron Hands\n|-crit|p2a: Iron Hands\n|-damage|p2a: Iron Hands|0 fnt\n|faint|p2a: Iron Hands\n|-end|p2a: Iron Hands|Quark Drive|[silent]\n|\n|upkeep\n|\n|t:|1699981263\n|switch|p2a: Dondozo|Dondozo, M, shiny|100\/100\n|turn|33\n|\n|t:|1699981269\n|switch|p1a: True Nestra|Ditto|72\/100\n|-transform|p1a: True Nestra|p2a: Dondozo|[from] ability: Imposter\n|move|p2a: Dondozo|Curse|p2a: Dondozo\n|-unboost|p2a: Dondozo|spe|1\n|-boost|p2a: Dondozo|atk|1\n|-boost|p2a: Dondozo|def|1\n|\n|upkeep\n|turn|34\n|\n|t:|1699981288\n|move|p1a: True Nestra|Curse|p1a: True Nestra\n|-unboost|p1a: True Nestra|spe|1\n|-boost|p1a: True Nestra|atk|1\n|-boost|p1a: True Nestra|def|1\n|move|p2a: Dondozo|Earthquake|p1a: True Nestra\n|-damage|p1a: True Nestra|47\/100\n|\n|upkeep\n|turn|35\n|\n|t:|1699981296\n|switch|p1a: Struggle|Sneasler, M, tera:Fairy|24\/100\n|move|p2a: Dondozo|Liquidation|p1a: Struggle\n|-damage|p1a: Struggle|0 fnt\n|faint|p1a: Struggle\n|\n|upkeep\n|\n|t:|1699981302\n|switch|p1a: True Nestra|Ditto|47\/100\n|-transform|p1a: True Nestra|p2a: Dondozo|[from] ability: Imposter\n|turn|36\n|\n|t:|1699981307\n|move|p1a: True Nestra|Earthquake|p2a: Dondozo\n|-damage|p2a: Dondozo|88\/100\n|move|p2a: Dondozo|Curse|p2a: Dondozo\n|-unboost|p2a: Dondozo|spe|1\n|-boost|p2a: Dondozo|atk|1\n|-boost|p2a: Dondozo|def|1\n|\n|-heal|p2a: Dondozo|94\/100|[from] item: Leftovers\n|upkeep\n|turn|37\n|\n|t:|1699981315\n|move|p1a: True Nestra|Earthquake|p2a: Dondozo\n|-damage|p2a: Dondozo|79\/100\n|move|p2a: Dondozo|Liquidation|p1a: True Nestra\n|-resisted|p1a: True Nestra\n|-damage|p1a: True Nestra|32\/100\n|\n|-heal|p2a: Dondozo|86\/100|[from] item: Leftovers\n|upkeep\n|turn|38\n|\n|t:|1699981322\n|move|p1a: True Nestra|Earthquake|p2a: Dondozo\n|-damage|p2a: Dondozo|72\/100\n|move|p2a: Dondozo|Liquidation|p1a: True Nestra\n|-resisted|p1a: True Nestra\n|-damage|p1a: True Nestra|18\/100\n|\n|-heal|p2a: Dondozo|78\/100|[from] item: Leftovers\n|upkeep\n|turn|39\n|\n|t:|1699981329\n|move|p1a: True Nestra|Earthquake|p2a: Dondozo\n|-crit|p2a: Dondozo\n|-damage|p2a: Dondozo|56\/100\n|move|p2a: Dondozo|Liquidation|p1a: True Nestra\n|-resisted|p1a: True Nestra\n|-damage|p1a: True Nestra|4\/100\n|\n|-heal|p2a: Dondozo|63\/100|[from] item: Leftovers\n|upkeep\n|turn|40\n|\n|t:|1699981336\n|move|p1a: True Nestra|Earthquake|p2a: Dondozo\n|-damage|p2a: Dondozo|48\/100\n|move|p2a: Dondozo|Liquidation|p1a: True Nestra\n|-resisted|p1a: True Nestra\n|-damage|p1a: True Nestra|0 fnt\n|faint|p1a: True Nestra\n|\n|win|nman423\n|c|\u2606nman423|gg\n","uploadtime":1699981371,"views":52,"p1id":"thewonderguards","p2id":"nman423","formatid":"gen9nationaldex","rating":0,"private":0,"password":""}