{"id":"gen9nationaldex-1991655411","p1":"WalterHrtwellWhite","p2":"DracoAxel","format":"[Gen 9] National Dex","log":"|j|\u2606WalterHrtwellWhite\n|j|\u2606DracoAxel\n|t:|1700099045\n|gametype|singles\n|player|p1|WalterHrtwellWhite|gentleman|1201\n|player|p2|DracoAxel|nate|1133\n|teamsize|p1|6\n|teamsize|p2|6\n|gen|9\n|tier|[Gen 9] National Dex\n|rated|\n|rule|HP Percentage Mod: HP is shown in percentages\n|rule|Endless Battle Clause: Forcing endless battles is banned\n|rule|OHKO Clause: OHKO moves are banned\n|rule|Evasion Clause: Evasion abilities, items, and moves are banned\n|rule|Evasion Abilities Clause: Evasion abilities are banned\n|rule|Evasion Items Clause: Evasion items are banned\n|rule|Evasion Moves Clause: Evasion moves are banned\n|rule|Species Clause: Limit one of each Pok\u00e9mon\n|rule|Sleep Clause Mod: Limit one foe put to sleep\n|clearpoke\n|poke|p1|Toxapex, F|\n|poke|p1|Tornadus-Therian, M|\n|poke|p1|Scizor, M|\n|poke|p1|Volcarona, F|\n|poke|p1|Gliscor, F|\n|poke|p1|Heatran, F|\n|poke|p2|Garchomp, M|\n|poke|p2|Volcarona, M|\n|poke|p2|Sneasler, F|\n|poke|p2|Serperior, M|\n|poke|p2|Urshifu-*, F|\n|poke|p2|Pinsir, F|\n|teampreview\n|inactive|Battle timer is ON: inactive players will automatically lose when time's up. (requested by WalterHrtwellWhite)\n|\n|t:|1700099094\n|start\n|switch|p1a: THE WALL|Toxapex, F|100\/100\n|switch|p2a: Urshifu|Urshifu-Rapid-Strike, F|100\/100\n|turn|1\n|inactive|DracoAxel has 120 seconds left.\n|\n|t:|1700099142\n|-singleturn|p2a: Urshifu|move: Focus Punch\n|move|p1a: THE WALL|Toxic|p2a: Urshifu\n|-status|p2a: Urshifu|tox\n|move|p2a: Urshifu|Focus Punch|p1a: THE WALL\n|-resisted|p1a: THE WALL\n|-damage|p1a: THE WALL|62\/100\n|\n|-damage|p2a: Urshifu|94\/100 tox|[from] psn\n|upkeep\n|turn|2\n|\n|t:|1700099155\n|-singleturn|p2a: Urshifu|move: Focus Punch\n|move|p1a: THE WALL|Scald|p2a: Urshifu\n|-resisted|p2a: Urshifu\n|-damage|p2a: Urshifu|81\/100 tox\n|cant|p2a: Urshifu|Focus Punch|Focus Punch\n|\n|-damage|p2a: Urshifu|69\/100 tox|[from] psn\n|upkeep\n|turn|3\n|\n|t:|1700099168\n|switch|p2a: Serperior|Serperior, M|100\/100\n|move|p1a: THE WALL|Scald|p2a: Serperior\n|-resisted|p2a: Serperior\n|-damage|p2a: Serperior|89\/100\n|\n|upkeep\n|turn|4\n|\n|t:|1700099177\n|move|p2a: Serperior|Leaf Storm|p1a: THE WALL\n|-damage|p1a: THE WALL|0 fnt\n|-boost|p2a: Serperior|spa|2\n|faint|p1a: THE WALL\n|\n|upkeep\n|\n|t:|1700099183\n|switch|p1a: Flame Huffer|Heatran, F|100\/100\n|turn|5\n|inactive|DracoAxel has 120 seconds left.\n|\n|t:|1700099188\n|move|p2a: Serperior|Leaf Storm|p1a: Flame Huffer|[miss]\n|-miss|p2a: Serperior|p1a: Flame Huffer\n|move|p1a: Flame Huffer|Magma Storm|p2a: Serperior\n|-supereffective|p2a: Serperior\n|-damage|p2a: Serperior|0 fnt\n|faint|p2a: Serperior\n|\n|upkeep\n|inactive|DracoAxel has 120 seconds left.\n|\n|t:|1700099201\n|switch|p2a: Urshifu|Urshifu-Rapid-Strike, F|69\/100 tox\n|turn|6\n|\n|t:|1700099217\n|switch|p1a: Tornadus|Tornadus-Therian, M|100\/100\n|move|p2a: Urshifu|Surging Strikes|p1a: Tornadus\n|-crit|p1a: Tornadus\n|-damage|p1a: Tornadus|67\/100\n|-crit|p1a: Tornadus\n|-damage|p1a: Tornadus|36\/100\n|-crit|p1a: Tornadus\n|-damage|p1a: Tornadus|2\/100\n|-hitcount|p1a: Tornadus|3\n|\n|-damage|p2a: Urshifu|63\/100 tox|[from] psn\n|upkeep\n|turn|7\n|inactive|DracoAxel has 120 seconds left.\n|\n|t:|1700099241\n|move|p1a: Tornadus|U-turn|p2a: Urshifu\n|-resisted|p2a: Urshifu\n|-damage|p2a: Urshifu|55\/100 tox\n|\n|t:|1700099248\n|switch|p1a: Goon Commander|Gliscor, F|100\/100|[from] U-turn\n|move|p2a: Urshifu|Surging Strikes|p1a: Goon Commander\n|-supereffective|p1a: Goon Commander\n|-crit|p1a: Goon Commander\n|-damage|p1a: Goon Commander|57\/100\n|-supereffective|p1a: Goon Commander\n|-crit|p1a: Goon Commander\n|-damage|p1a: Goon Commander|12\/100\n|-supereffective|p1a: Goon Commander\n|-crit|p1a: Goon Commander\n|-damage|p1a: Goon Commander|0 fnt\n|faint|p1a: Goon Commander\n|-hitcount|p1: Goon Commander|3\n|\n|-damage|p2a: Urshifu|43\/100 tox|[from] psn\n|upkeep\n|\n|t:|1700099256\n|switch|p1a: Skyler White|Scizor, M|100\/100\n|turn|8\n|\n|t:|1700099267\n|detailschange|p1a: Skyler White|Scizor-Mega, M\n|-mega|p1a: Skyler White|Scizor|Scizorite\n|move|p2a: Urshifu|Surging Strikes|p1a: Skyler White\n|-crit|p1a: Skyler White\n|-damage|p1a: Skyler White|75\/100\n|-crit|p1a: Skyler White\n|-damage|p1a: Skyler White|52\/100\n|-crit|p1a: Skyler White\n|-damage|p1a: Skyler White|29\/100\n|-hitcount|p1a: Skyler White|3\n|move|p1a: Skyler White|Swords Dance|p1a: Skyler White\n|-boost|p1a: Skyler White|atk|2\n|\n|-damage|p2a: Urshifu|24\/100 tox|[from] psn\n|upkeep\n|turn|9\n|\n|t:|1700099276\n|move|p1a: Skyler White|Bullet Punch|p2a: Urshifu\n|-resisted|p2a: Urshifu\n|-damage|p2a: Urshifu|0 fnt\n|faint|p2a: Urshifu\n|\n|upkeep\n|\n|t:|1700099285\n|switch|p2a: Pinsir|Pinsir, F|100\/100\n|turn|10\n|\n|t:|1700099306\n|switch|p1a: Flame Huffer|Heatran, F|100\/100\n|detailschange|p2a: Pinsir|Pinsir-Mega, F\n|-mega|p2a: Pinsir|Pinsir|Pinsirite\n|move|p2a: Pinsir|Quick Attack|p1a: Flame Huffer\n|-resisted|p1a: Flame Huffer\n|-damage|p1a: Flame Huffer|87\/100\n|\n|-heal|p1a: Flame Huffer|93\/100|[from] item: Leftovers\n|upkeep\n|turn|11\n|\n|t:|1700099327\n|move|p2a: Pinsir|Close Combat|p1a: Flame Huffer\n|-supereffective|p1a: Flame Huffer\n|-damage|p1a: Flame Huffer|6\/100\n|-unboost|p2a: Pinsir|def|1\n|-unboost|p2a: Pinsir|spd|1\n|move|p1a: Flame Huffer|Magma Storm|p2a: Pinsir\n|-supereffective|p2a: Pinsir\n|-damage|p2a: Pinsir|0 fnt\n|faint|p2a: Pinsir\n|\n|-heal|p1a: Flame Huffer|12\/100|[from] item: Leftovers\n|upkeep\n|\n|t:|1700099332\n|switch|p2a: Sneasler|Sneasler, F|100\/100\n|turn|12\n|\n|t:|1700099343\n|move|p2a: Sneasler|Fake Out|p1a: Flame Huffer\n|-enditem|p2a: Sneasler|Normal Gem|[from] gem\n|-resisted|p1a: Flame Huffer\n|-damage|p1a: Flame Huffer|3\/100\n|cant|p1a: Flame Huffer|flinch\n|\n|-heal|p1a: Flame Huffer|10\/100|[from] item: Leftovers\n|upkeep\n|turn|13\n|\n|t:|1700099352\n|move|p2a: Sneasler|Acrobatics|p1a: Flame Huffer\n|-resisted|p1a: Flame Huffer\n|-damage|p1a: Flame Huffer|0 fnt\n|faint|p1a: Flame Huffer\n|\n|upkeep\n|\n|t:|1700099356\n|switch|p1a: Skyler White|Scizor-Mega, M|29\/100\n|turn|14\n|\n|t:|1700099365\n|move|p1a: Skyler White|Bullet Punch|p2a: Sneasler\n|-damage|p2a: Sneasler|33\/100\n|move|p2a: Sneasler|Close Combat|p1a: Skyler White\n|-damage|p1a: Skyler White|0 fnt\n|-unboost|p2a: Sneasler|def|1\n|-unboost|p2a: Sneasler|spd|1\n|faint|p1a: Skyler White\n|\n|upkeep\n|\n|t:|1700099380\n|switch|p1a: Tornadus|Tornadus-Therian, M|36\/100\n|turn|15\n|\n|t:|1700099400\n|switch|p2a: Garchomp|Garchomp, M|100\/100\n|move|p1a: Tornadus|Hurricane|p2a: Garchomp|[miss]\n|-miss|p1a: Tornadus|p2a: Garchomp\n|\n|upkeep\n|turn|16\n|\n|t:|1700099409\n|-terastallize|p2a: Garchomp|Steel\n|move|p1a: Tornadus|Hurricane|p2a: Garchomp|[miss]\n|-miss|p1a: Tornadus|p2a: Garchomp\n|move|p2a: Garchomp|Scale Shot|p1a: Tornadus|[miss]\n|-miss|p2a: Garchomp|p1a: Tornadus\n|\n|upkeep\n|turn|17\n|c|\u2606WalterHrtwellWhite|i hate tornadus\n|c|\u2606WalterHrtwellWhite|mf never hits his attacks\n|c|\u2606WalterHrtwellWhite|fat fucking birf\n|\n|t:|1700099435\n|move|p1a: Tornadus|Heat Wave|p2a: Garchomp\n|-supereffective|p2a: Garchomp\n|-damage|p2a: Garchomp|48\/100\n|-status|p2a: Garchomp|brn\n|move|p2a: Garchomp|Scale Shot|p1a: Tornadus\n|-damage|p1a: Tornadus|26\/100\n|-crit|p1a: Tornadus\n|-damage|p1a: Tornadus|10\/100\n|-hitcount|p1a: Tornadus|2\n|-unboost|p2a: Garchomp|def|1\n|-boost|p2a: Garchomp|spe|1\n|-damage|p2a: Garchomp|39\/100 brn|[from] item: Life Orb\n|\n|-damage|p2a: Garchomp|32\/100 brn|[from] brn\n|upkeep\n|turn|18\n|\n|t:|1700099456\n|move|p2a: Garchomp|Scale Shot|p1a: Tornadus\n|-damage|p1a: Tornadus|0 fnt\n|faint|p1a: Tornadus\n|-hitcount|p1: Tornadus|1\n|-unboost|p2a: Garchomp|def|1\n|-boost|p2a: Garchomp|spe|1\n|-damage|p2a: Garchomp|23\/100 brn|[from] item: Life Orb\n|\n|-damage|p2a: Garchomp|16\/100 brn|[from] brn\n|upkeep\n|\n|t:|1700099459\n|switch|p1a: Girlboss|Volcarona, F|100\/100\n|turn|19\n|\n|t:|1700099476\n|move|p2a: Garchomp|Earthquake|p1a: Girlboss\n|-damage|p1a: Girlboss|46\/100\n|-damage|p2a: Garchomp|7\/100 brn|[from] item: Life Orb\n|move|p1a: Girlboss|Quiver Dance|p1a: Girlboss\n|-boost|p1a: Girlboss|spa|1\n|-boost|p1a: Girlboss|spd|1\n|-boost|p1a: Girlboss|spe|1\n|\n|-damage|p2a: Garchomp|0 fnt|[from] brn\n|faint|p2a: Garchomp\n|upkeep\n|inactive|DracoAxel has 120 seconds left.\n|inactive|DracoAxel has 90 seconds left.\n|\n|t:|1700099543\n|switch|p2a: Volcarona|Volcarona, M|100\/100\n|turn|20\n|\n|t:|1700099550\n|move|p1a: Girlboss|Fiery Dance|p2a: Volcarona\n|-damage|p2a: Volcarona|37\/100\n|-boost|p1a: Girlboss|spa|1\n|move|p2a: Volcarona|Flamethrower|p1a: Girlboss\n|-damage|p1a: Girlboss|11\/100\n|\n|upkeep\n|turn|21\n|\n|t:|1700099555\n|move|p1a: Girlboss|Fiery Dance|p2a: Volcarona\n|-damage|p2a: Volcarona|0 fnt\n|faint|p2a: Volcarona\n|\n|upkeep\n|c|\u2606WalterHrtwellWhite|damn gg you won\n|inactive|DracoAxel has 90 seconds left.\n|c|\u2606WalterHrtwellWhite|wp tho\n|\n|t:|1700099581\n|switch|p2a: Sneasler|Sneasler, F|33\/100\n|turn|22\n|\n|t:|1700099584\n|move|p2a: Sneasler|Fake Out|p1a: Girlboss\n|-damage|p1a: Girlboss|0 fnt\n|faint|p1a: Girlboss\n|\n|win|DracoAxel\n|raw|WalterHrtwellWhite's rating: 1201 &rarr; <strong>1171<\/strong><br \/>(-30 for losing)\n|raw|DracoAxel's rating: 1133 &rarr; <strong>1163<\/strong><br \/>(+30 for winning)\n","uploadtime":1700099428,"views":4,"p1id":"walterhrtwellwhite","p2id":"dracoaxel","formatid":"gen9nationaldex","rating":1163,"private":0,"password":""}