{"id":"gen9nationaldex-1991213868","p1":"Souravgotthepkmn1","p2":"Dhaval101","format":"[Gen 9] National Dex","log":"|j|\u2606Souravgotthepkmn1\n|j|\u2606Dhaval101\n|t:|1700057846\n|gametype|singles\n|player|p1|Souravgotthepkmn1|gambler|\n|player|p2|Dhaval101|riley|\n|teamsize|p1|6\n|teamsize|p2|6\n|gen|9\n|tier|[Gen 9] National Dex\n|rule|HP Percentage Mod: HP is shown in percentages\n|rule|Endless Battle Clause: Forcing endless battles is banned\n|rule|OHKO Clause: OHKO moves are banned\n|rule|Evasion Clause: Evasion abilities, items, and moves are banned\n|rule|Evasion Abilities Clause: Evasion abilities are banned\n|rule|Evasion Items Clause: Evasion items are banned\n|rule|Evasion Moves Clause: Evasion moves are banned\n|rule|Species Clause: Limit one of each Pok\u00e9mon\n|rule|Sleep Clause Mod: Limit one foe put to sleep\n|clearpoke\n|poke|p1|Mawile, F|\n|poke|p1|Rillaboom, F|\n|poke|p1|Dracozolt|\n|poke|p1|Skeledirge, F|\n|poke|p1|Primarina, F|\n|poke|p1|Hawlucha, M|\n|poke|p2|Iron Jugulis|\n|poke|p2|Crobat, F|\n|poke|p2|Glimmora, F|\n|poke|p2|Lopunny, F|\n|poke|p2|Grimmsnarl, M|\n|poke|p2|Typhlosion, F|\n|teampreview\n|inactive|Battle timer is ON: inactive players will automatically lose when time's up. (requested by Souravgotthepkmn1)\n|\n|t:|1700057855\n|start\n|switch|p1a: Primarina|Primarina, F, shiny|100\/100\n|switch|p2a: Glimmora|Glimmora, F|100\/100\n|turn|1\n|\n|t:|1700057874\n|-terastallize|p1a: Primarina|Steel\n|move|p2a: Glimmora|Stealth Rock|p1a: Primarina\n|-sidestart|p1: Souravgotthepkmn1|move: Stealth Rock\n|move|p1a: Primarina|Hyper Voice|p2a: Glimmora\n|-supereffective|p2a: Glimmora\n|-enditem|p2a: Glimmora|Focus Sash\n|-damage|p2a: Glimmora|1\/100\n|-enditem|p1a: Primarina|Throat Spray\n|-boost|p1a: Primarina|spa|1|[from] item: Throat Spray\n|\n|upkeep\n|turn|2\n|\n|t:|1700057886\n|move|p2a: Glimmora|Earth Power|p1a: Primarina\n|-supereffective|p1a: Primarina\n|-damage|p1a: Primarina|44\/100\n|move|p1a: Primarina|Hyper Voice|p2a: Glimmora\n|-supereffective|p2a: Glimmora\n|-damage|p2a: Glimmora|0 fnt\n|faint|p2a: Glimmora\n|\n|upkeep\n|\n|t:|1700057895\n|switch|p2a: Grimmsnarl|Grimmsnarl, M|100\/100\n|turn|3\n|\n|t:|1700057901\n|move|p2a: Grimmsnarl|Fake Out|p1a: Primarina\n|-resisted|p1a: Primarina\n|-damage|p1a: Primarina|35\/100\n|cant|p1a: Primarina|flinch\n|\n|upkeep\n|turn|4\n|\n|t:|1700057908\n|move|p2a: Grimmsnarl|Bulk Up|p2a: Grimmsnarl\n|-boost|p2a: Grimmsnarl|atk|1\n|-boost|p2a: Grimmsnarl|def|1\n|move|p1a: Primarina|Moonblast|p2a: Grimmsnarl\n|-supereffective|p2a: Grimmsnarl\n|-enditem|p2a: Grimmsnarl|Focus Sash\n|-damage|p2a: Grimmsnarl|1\/100\n|\n|upkeep\n|turn|5\n|\n|t:|1700057918\n|move|p2a: Grimmsnarl|Sucker Punch|p1a: Primarina\n|-damage|p1a: Primarina|0 fnt\n|faint|p1a: Primarina\n|\n|upkeep\n|\n|t:|1700057929\n|switch|p1a: Rillaboom|Rillaboom, F|100\/100\n|-damage|p1a: Rillaboom|88\/100|[from] Stealth Rock\n|-fieldstart|move: Grassy Terrain|[from] ability: Grassy Surge|[of] p1a: Rillaboom\n|turn|6\n|\n|t:|1700057937\n|move|p1a: Rillaboom|Grassy Glide|p2a: Grimmsnarl\n|-damage|p2a: Grimmsnarl|0 fnt\n|faint|p2a: Grimmsnarl\n|\n|-heal|p1a: Rillaboom|94\/100|[from] Grassy Terrain\n|upkeep\n|\n|t:|1700057949\n|switch|p2a: Crobat|Crobat, F|100\/100\n|turn|7\n|\n|t:|1700057971\n|switch|p1a: Dracozolt|Dracozolt|100\/100\n|-damage|p1a: Dracozolt|88\/100|[from] Stealth Rock\n|move|p2a: Crobat|Brave Bird|p1a: Dracozolt\n|-resisted|p1a: Dracozolt\n|-damage|p1a: Dracozolt|49\/100\n|-damage|p2a: Crobat|87\/100|[from] Recoil\n|\n|-heal|p1a: Dracozolt|56\/100|[from] Grassy Terrain\n|upkeep\n|turn|8\n|\n|t:|1700057985\n|move|p1a: Dracozolt|Bolt Beak|p2a: Crobat\n|-supereffective|p2a: Crobat\n|-damage|p2a: Crobat|0 fnt\n|faint|p2a: Crobat\n|\n|-heal|p1a: Dracozolt|62\/100|[from] Grassy Terrain\n|upkeep\n|\n|t:|1700057993\n|switch|p2a: Iron Jugulis|Iron Jugulis|100\/100\n|-enditem|p2a: Iron Jugulis|Booster Energy\n|-activate|p2a: Iron Jugulis|ability: Quark Drive|[fromitem]\n|-start|p2a: Iron Jugulis|quarkdrivespe\n|turn|9\n|\n|t:|1700058007\n|-terastallize|p2a: Iron Jugulis|Ground\n|move|p2a: Iron Jugulis|Earth Power|p1a: Dracozolt\n|-supereffective|p1a: Dracozolt\n|-damage|p1a: Dracozolt|0 fnt\n|faint|p1a: Dracozolt\n|\n|upkeep\n|\n|t:|1700058015\n|switch|p1a: Rillaboom|Rillaboom, F|94\/100\n|-damage|p1a: Rillaboom|82\/100|[from] Stealth Rock\n|turn|10\n|\n|t:|1700058036\n|move|p1a: Rillaboom|Grassy Glide|p2a: Iron Jugulis\n|-supereffective|p2a: Iron Jugulis\n|-damage|p2a: Iron Jugulis|22\/100\n|move|p2a: Iron Jugulis|Hurricane|p1a: Rillaboom\n|-supereffective|p1a: Rillaboom\n|-damage|p1a: Rillaboom|0 fnt\n|faint|p1a: Rillaboom\n|\n|-heal|p2a: Iron Jugulis|28\/100|[from] Grassy Terrain\n|upkeep\n|\n|t:|1700058048\n|switch|p1a: Hawlucha|Hawlucha, M|100\/100\n|-damage|p1a: Hawlucha|88\/100|[from] Stealth Rock\n|turn|11\n|\n|t:|1700058055\n|move|p1a: Hawlucha|Endure|p1a: Hawlucha\n|-singleturn|p1a: Hawlucha|move: Endure\n|move|p2a: Iron Jugulis|Hurricane|p1a: Hawlucha\n|-supereffective|p1a: Hawlucha\n|-activate|p1a: Hawlucha|move: Endure\n|-damage|p1a: Hawlucha|1\/100\n|-enditem|p1a: Hawlucha|Weakness Policy\n|-boost|p1a: Hawlucha|atk|2|[from] item: Weakness Policy\n|-boost|p1a: Hawlucha|spa|2|[from] item: Weakness Policy\n|\n|-heal|p2a: Iron Jugulis|34\/100|[from] Grassy Terrain\n|upkeep\n|turn|12\n|\n|t:|1700058071\n|move|p1a: Hawlucha|Acrobatics|p2a: Iron Jugulis\n|-damage|p2a: Iron Jugulis|0 fnt\n|faint|p2a: Iron Jugulis\n|-end|p2a: Iron Jugulis|Quark Drive|[silent]\n|\n|upkeep\n|\n|t:|1700058077\n|switch|p2a: Lopunny|Lopunny, F|100\/100\n|turn|13\n|\n|t:|1700058084\n|detailschange|p2a: Lopunny|Lopunny-Mega, F\n|-mega|p2a: Lopunny|Lopunny|Lopunnite\n|move|p1a: Hawlucha|Endure|p1a: Hawlucha\n|-singleturn|p1a: Hawlucha|move: Endure\n|move|p2a: Lopunny|Fake Out|p1a: Hawlucha\n|-activate|p1a: Hawlucha|move: Endure\n|-damage|p1a: Hawlucha|1\/100\n|\n|-fieldend|move: Grassy Terrain\n|upkeep\n|turn|14\n|\n|t:|1700058102\n|move|p2a: Lopunny|Fake Out||[still]\n|-hint|Fake Out only works on your first turn out.\n|-fail|p2a: Lopunny\n|move|p1a: Hawlucha|Acrobatics|p2a: Lopunny\n|-supereffective|p2a: Lopunny\n|-damage|p2a: Lopunny|0 fnt\n|faint|p2a: Lopunny\n|\n|upkeep\n|inactive|Dhaval101 has 270 seconds left.\n|l|\u2606Dhaval101\n|inactive|Dhaval101 disconnected and has 300 seconds to reconnect!\n|player|p2|\n|inactive|Dhaval101 has 270 seconds to reconnect!\n|inactive|Dhaval101 has 240 seconds to reconnect!\n|inactive|Dhaval101 has 210 seconds to reconnect!\n|inactive|Dhaval101 has 180 seconds to reconnect!\n|inactive|Dhaval101 has 150 seconds to reconnect!\n|inactive|Dhaval101 has 120 seconds to reconnect!\n|inactive|Dhaval101 has 90 seconds to reconnect!\n|inactive|Dhaval101 has 60 seconds to reconnect!\n|inactive|Dhaval101 has 30 seconds to reconnect!\n|inactive|Dhaval101 has 20 seconds to reconnect!\n|inactive|Dhaval101 has 15 seconds to reconnect!\n|inactive|Dhaval101 has 10 seconds to reconnect!\n|inactive|Dhaval101 has 5 seconds to reconnect!\n|-message|Dhaval101 lost due to inactivity.\n|\n|win|Souravgotthepkmn1\n","uploadtime":1700058270,"views":9,"p1id":"souravgotthepkmn1","p2id":"dhaval101","formatid":"gen9nationaldex","rating":0,"private":0,"password":""}