{"id":"gen9nationaldex-1997727264","p1":"CHI balance builds","p2":"Chili90909","format":"[Gen 9] National Dex","log":"|html|<div class=\"broadcast-blue\"><strong>[Gen 9] National Dex is currently suspecting Sneasler! For information on how to participate check out the <a href=\"https:\/\/www.smogon.com\/forums\/threads\/sv-national-dex-suspect-8-just-dance.3731534\/\">suspect thread<\/a>.<\/strong><\/div>\n|j|\u2606CHI balance builds\n|j|\u2606Chili90909\n|t:|1700846232\n|gametype|singles\n|player|p1|CHI balance builds|ariana|1555\n|player|p2|Chili90909|caitlin|1555\n|teamsize|p1|6\n|teamsize|p2|6\n|gen|9\n|tier|[Gen 9] National Dex\n|rated|\n|rule|HP Percentage Mod: HP is shown in percentages\n|rule|Endless Battle Clause: Forcing endless battles is banned\n|rule|OHKO Clause: OHKO moves are banned\n|rule|Evasion Clause: Evasion abilities, items, and moves are banned\n|rule|Evasion Abilities Clause: Evasion abilities are banned\n|rule|Evasion Items Clause: Evasion items are banned\n|rule|Evasion Moves Clause: Evasion moves are banned\n|rule|Species Clause: Limit one of each Pok\u00e9mon\n|rule|Sleep Clause Mod: Limit one foe put to sleep\n|clearpoke\n|poke|p1|Scizor, M|\n|poke|p1|Garchomp, F|\n|poke|p1|Zeraora|\n|poke|p1|Skeledirge, F|\n|poke|p1|Slowking-Galar, F|\n|poke|p1|Samurott-Hisui, F|\n|poke|p2|Garganacl, M|\n|poke|p2|Zamazenta-*|\n|poke|p2|Charizard, M|\n|poke|p2|Sneasler, M|\n|poke|p2|Tapu Lele|\n|poke|p2|Corviknight, F|\n|teampreview\n|inactive|Battle timer is ON: inactive players will automatically lose when time's up. (requested by CHI balance builds)\n|\n|t:|1700846249\n|start\n|switch|p1a: Zeraora|Zeraora|100\/100\n|switch|p2a: Garganacl|Garganacl, M|100\/100\n|turn|1\n|l|\u2606CHI balance builds\n|inactive|CHI balance builds disconnected and has a minute to reconnect!\n|player|p1|\n|inactive|CHI balance builds has 30 seconds to reconnect!\n|inactive|CHI balance builds has 20 seconds to reconnect!\n|j|\u2606CHI balance builds\n|inactive|CHI balance builds reconnected and has 85 seconds left.\n|player|p1|CHI balance builds|ariana\n|\n|t:|1700846316\n|move|p1a: Zeraora|Close Combat|p2a: Garganacl\n|-supereffective|p2a: Garganacl\n|-damage|p2a: Garganacl|45\/100\n|-unboost|p1a: Zeraora|def|1\n|-unboost|p1a: Zeraora|spd|1\n|move|p2a: Garganacl|Salt Cure|p1a: Zeraora\n|-damage|p1a: Zeraora|71\/100\n|-start|p1a: Zeraora|Salt Cure\n|\n|-heal|p2a: Garganacl|51\/100|[from] item: Leftovers\n|-damage|p1a: Zeraora|59\/100|[from] Salt Cure\n|upkeep\n|turn|2\n|\n|t:|1700846325\n|-terastallize|p2a: Garganacl|Ghost\n|move|p1a: Zeraora|Volt Switch|p2a: Garganacl\n|-damage|p2a: Garganacl|35\/100\n|\n|t:|1700846331\n|switch|p1a: Samurott|Samurott-Hisui, F|100\/100|[from] Volt Switch\n|move|p2a: Garganacl|Salt Cure|p1a: Samurott\n|-damage|p1a: Samurott|82\/100\n|-start|p1a: Samurott|Salt Cure\n|\n|-heal|p2a: Garganacl|41\/100|[from] item: Leftovers\n|-damage|p1a: Samurott|57\/100|[from] Salt Cure\n|upkeep\n|turn|3\n|\n|t:|1700846335\n|move|p2a: Garganacl|Protect|p2a: Garganacl\n|-singleturn|p2a: Garganacl|Protect\n|move|p1a: Samurott|Ceaseless Edge|p2a: Garganacl\n|-activate|p2a: Garganacl|move: Protect\n|\n|-heal|p2a: Garganacl|47\/100|[from] item: Leftovers\n|-damage|p1a: Samurott|32\/100|[from] Salt Cure\n|upkeep\n|turn|4\n|\n|t:|1700846342\n|switch|p1a: Zeraora|Zeraora|59\/100\n|switch|p2a: Corviknight|Corviknight, F|100\/100\n|-ability|p2a: Corviknight|Pressure\n|\n|upkeep\n|turn|5\n|\n|t:|1700846353\n|move|p1a: Zeraora|Volt Switch|p2a: Corviknight\n|-supereffective|p2a: Corviknight\n|-damage|p2a: Corviknight|46\/100\n|\n|t:|1700846362\n|switch|p1a: Scizor|Scizor, M|100\/100|[from] Volt Switch\n|move|p2a: Corviknight|Roost|p2a: Corviknight\n|-heal|p2a: Corviknight|96\/100\n|-singleturn|p2a: Corviknight|move: Roost\n|\n|upkeep\n|turn|6\n|\n|t:|1700846370\n|switch|p1a: Garchomp|Garchomp, F|100\/100\n|move|p2a: Corviknight|U-turn|p1a: Garchomp\n|-damage|p1a: Garchomp|86\/100\n|-damage|p2a: Corviknight|84\/100|[from] ability: Rough Skin|[of] p1a: Garchomp\n|\n|t:|1700846390\n|switch|p2a: Tapu Lele|Tapu Lele|100\/100|[from] U-turn\n|-fieldstart|move: Psychic Terrain|[from] ability: Psychic Surge|[of] p2a: Tapu Lele\n|\n|upkeep\n|turn|7\n|\n|t:|1700846399\n|switch|p1a: Slowking|Slowking-Galar, F|100\/100\n|move|p2a: Tapu Lele|Future Sight|p1a: Slowking\n|-start|p2a: Tapu Lele|move: Future Sight\n|\n|upkeep\n|turn|8\n|\n|t:|1700846404\n|switch|p2a: Garganacl|Garganacl, M, tera:Ghost|47\/100\n|move|p1a: Slowking|Future Sight|p2a: Garganacl\n|-start|p1a: Slowking|move: Future Sight\n|\n|-heal|p2a: Garganacl|53\/100|[from] item: Leftovers\n|upkeep\n|turn|9\n|\n|t:|1700846408\n|move|p2a: Garganacl|Recover|p2a: Garganacl\n|-heal|p2a: Garganacl|100\/100\n|move|p1a: Slowking|Chilly Reception|p1a: Slowking\n|-weather|Snow\n|\n|t:|1700846413\n|switch|p1a: Samurott|Samurott-Hisui, F|32\/100|[from] Chilly Reception\n|\n|-weather|Snow|[upkeep]\n|-end|p1a: Samurott|move: Future Sight\n|-immune|p1a: Samurott\n|upkeep\n|turn|10\n|\n|t:|1700846420\n|move|p2a: Garganacl|Protect|p2a: Garganacl\n|-singleturn|p2a: Garganacl|Protect\n|move|p1a: Samurott|Flip Turn|p2a: Garganacl\n|-activate|p2a: Garganacl|move: Protect\n|\n|-weather|Snow|[upkeep]\n|-end|p2a: Garganacl|move: Future Sight\n|-damage|p2a: Garganacl|65\/100\n|-heal|p2a: Garganacl|71\/100|[from] item: Leftovers\n|-fieldend|move: Psychic Terrain\n|upkeep\n|turn|11\n|\n|t:|1700846432\n|switch|p1a: Slowking|Slowking-Galar, F|100\/100\n|switch|p2a: Corviknight|Corviknight, F|84\/100\n|-ability|p2a: Corviknight|Pressure\n|\n|-weather|Snow|[upkeep]\n|upkeep\n|turn|12\n|\n|t:|1700846444\n|move|p2a: Corviknight|U-turn|p1a: Slowking\n|-damage|p1a: Slowking|85\/100\n|\n|t:|1700846447\n|switch|p2a: Garganacl|Garganacl, M, tera:Ghost|71\/100|[from] U-turn\n|move|p1a: Slowking|Future Sight|p2a: Garganacl\n|-start|p1a: Slowking|move: Future Sight\n|\n|-weather|Snow|[upkeep]\n|-heal|p2a: Garganacl|77\/100|[from] item: Leftovers\n|upkeep\n|turn|13\n|\n|t:|1700846451\n|move|p2a: Garganacl|Stealth Rock|p1a: Slowking\n|-sidestart|p1: CHI balance builds|move: Stealth Rock\n|move|p1a: Slowking|Chilly Reception|p1a: Slowking\n|\n|t:|1700846473\n|switch|p1a: Skeledirge|Skeledirge, F|100\/100|[from] Chilly Reception\n|\n|-weather|none\n|-heal|p2a: Garganacl|83\/100|[from] item: Leftovers\n|upkeep\n|turn|14\n|\n|t:|1700846484\n|switch|p1a: Slowking|Slowking-Galar, F|100\/100\n|switch|p2a: Tapu Lele|Tapu Lele|100\/100\n|-fieldstart|move: Psychic Terrain|[from] ability: Psychic Surge|[of] p2a: Tapu Lele\n|\n|-end|p2a: Tapu Lele|move: Future Sight\n|-resisted|p2a: Tapu Lele\n|-damage|p2a: Tapu Lele|71\/100\n|upkeep\n|turn|15\n|\n|t:|1700846493\n|move|p2a: Tapu Lele|Shadow Ball|p1a: Slowking\n|-supereffective|p1a: Slowking\n|-damage|p1a: Slowking|66\/100\n|move|p1a: Slowking|Future Sight|p2a: Tapu Lele\n|-start|p1a: Slowking|move: Future Sight\n|\n|upkeep\n|turn|16\n|\n|t:|1700846499\n|move|p2a: Tapu Lele|Shadow Ball|p1a: Slowking\n|-supereffective|p1a: Slowking\n|-damage|p1a: Slowking|31\/100\n|move|p1a: Slowking|Slack Off|p1a: Slowking\n|-heal|p1a: Slowking|81\/100\n|\n|upkeep\n|turn|17\n|\n|t:|1700846507\n|switch|p2a: Zamazenta|Zamazenta|100\/100\n|-ability|p2a: Zamazenta|Dauntless Shield|boost\n|-boost|p2a: Zamazenta|def|1\n|move|p1a: Slowking|Flamethrower|p2a: Zamazenta\n|-damage|p2a: Zamazenta|80\/100\n|\n|-end|p2a: Zamazenta|move: Future Sight\n|-supereffective|p2a: Zamazenta\n|-damage|p2a: Zamazenta|0 fnt\n|faint|p2a: Zamazenta\n|upkeep\n|\n|t:|1700846514\n|switch|p2a: Sneasler|Sneasler, M|100\/100\n|-enditem|p2a: Sneasler|Psychic Seed\n|-boost|p2a: Sneasler|spd|1|[from] item: Psychic Seed\n|turn|18\n|\n|t:|1700846517\n|move|p2a: Sneasler|Swords Dance|p2a: Sneasler\n|-boost|p2a: Sneasler|atk|2\n|move|p1a: Slowking|Future Sight|p2a: Sneasler\n|-start|p1a: Slowking|move: Future Sight\n|\n|-fieldend|move: Psychic Terrain\n|upkeep\n|turn|19\n|\n|t:|1700846522\n|switch|p1a: Skeledirge|Skeledirge, F|100\/100\n|move|p2a: Sneasler|Acrobatics|p1a: Skeledirge\n|-damage|p1a: Skeledirge|77\/100\n|\n|upkeep\n|turn|20\n|\n|t:|1700846527\n|move|p2a: Sneasler|Dire Claw|p1a: Skeledirge\n|-resisted|p1a: Skeledirge\n|-damage|p1a: Skeledirge|63\/100\n|move|p1a: Skeledirge|Slack Off|p1a: Skeledirge\n|-heal|p1a: Skeledirge|100\/100\n|\n|-end|p2a: Sneasler|move: Future Sight\n|-supereffective|p2a: Sneasler\n|-damage|p2a: Sneasler|0 fnt\n|faint|p2a: Sneasler\n|upkeep\n|-message|Chili90909 forfeited.\n|\n|win|CHI balance builds\n|raw|CHI balance builds's rating: 1555 &rarr; <strong>1575<\/strong><br \/>(+20 for winning)\n|raw|Chili90909's rating: 1555 &rarr; <strong>1535<\/strong><br \/>(-20 for losing)\n|l|\u2606Chili90909\n","uploadtime":1700846544,"views":0,"p1id":"chibalancebuilds","p2id":"chili90909","formatid":"gen9nationaldex","rating":1535,"private":0,"password":""}