{"id":"gen9nationaldex-1993106484","p1":"tbor2002","p2":"Jam20Jam","format":"[Gen 9] National Dex","log":"|j|\u2606tbor2002\n|j|\u2606Jam20Jam\n|t:|1700265495\n|gametype|singles\n|player|p1|tbor2002|wattson|\n|player|p2|Jam20Jam|carmine|\n|teamsize|p1|6\n|teamsize|p2|6\n|gen|9\n|tier|[Gen 9] National Dex\n|rule|HP Percentage Mod: HP is shown in percentages\n|rule|Endless Battle Clause: Forcing endless battles is banned\n|rule|OHKO Clause: OHKO moves are banned\n|rule|Evasion Clause: Evasion abilities, items, and moves are banned\n|rule|Evasion Abilities Clause: Evasion abilities are banned\n|rule|Evasion Items Clause: Evasion items are banned\n|rule|Evasion Moves Clause: Evasion moves are banned\n|rule|Species Clause: Limit one of each Pok\u00e9mon\n|rule|Sleep Clause Mod: Limit one foe put to sleep\n|clearpoke\n|poke|p1|Zamazenta-*|\n|poke|p1|Muk-Alola, F|\n|poke|p1|Jolteon, F|\n|poke|p1|Eelektross, F|\n|poke|p1|Crabominable, F|\n|poke|p1|Glimmet, F|\n|poke|p2|Skeledirge, F|\n|poke|p2|Grimer-Alola, M|\n|poke|p2|Coalossal, M|\n|poke|p2|Veluza, M|\n|poke|p2|Cetitan, M|\n|poke|p2|Great Tusk|\n|teampreview\n|\n|t:|1700265519\n|start\n|switch|p1a: Eelektross|Eelektross, F|100\/100\n|switch|p2a: Grimer|Grimer-Alola, M|100\/100\n|turn|1\n|\n|t:|1700265535\n|-terastallize|p1a: Eelektross|Steel\n|move|p1a: Eelektross|Discharge|p2a: Grimer\n|-damage|p2a: Grimer|79\/100\n|-status|p2a: Grimer|par\n|move|p2a: Grimer|Toxic|p1a: Eelektross\n|-immune|p1a: Eelektross\n|\n|upkeep\n|turn|2\n|\n|t:|1700265548\n|move|p1a: Eelektross|Discharge|p2a: Grimer\n|-damage|p2a: Grimer|61\/100 par\n|move|p2a: Grimer|Knock Off|p1a: Eelektross\n|-damage|p1a: Eelektross|69\/100\n|-enditem|p1a: Eelektross|Assault Vest|[from] move: Knock Off|[of] p2a: Grimer\n|\n|upkeep\n|turn|3\n|\n|t:|1700265585\n|move|p2a: Grimer|Knock Off|p1a: Eelektross\n|-damage|p1a: Eelektross|48\/100\n|move|p1a: Eelektross|Dragon Tail|p2a: Grimer\n|-damage|p2a: Grimer|45\/100 par\n|drag|p2a: Veluza|Veluza, M|100\/100\n|-ability|p2a: Veluza|Mold Breaker\n|\n|upkeep\n|turn|4\n|\n|t:|1700265601\n|move|p2a: Veluza|Flip Turn|p1a: Eelektross\n|-damage|p1a: Eelektross|28\/100\n|\n|t:|1700265605\n|switch|p2a: Skeledirge|Skeledirge, F|100\/100|[from] Flip Turn\n|move|p1a: Eelektross|Discharge|p2a: Skeledirge\n|-damage|p2a: Skeledirge|79\/100\n|\n|-heal|p2a: Skeledirge|85\/100|[from] item: Leftovers\n|upkeep\n|turn|5\n|\n|t:|1700265624\n|switch|p1a: Muk|Muk-Alola, F|100\/100\n|move|p2a: Skeledirge|Torch Song|p1a: Muk\n|-damage|p1a: Muk|84\/100\n|-boost|p2a: Skeledirge|spa|1\n|\n|-heal|p2a: Skeledirge|91\/100|[from] item: Leftovers\n|upkeep\n|turn|6\n|\n|t:|1700265658\n|switch|p2a: Grimer|Grimer-Alola, M|45\/100 par\n|move|p1a: Muk|Clear Smog|p2a: Grimer\n|-resisted|p2a: Grimer\n|-damage|p2a: Grimer|41\/100 par\n|-clearboost|p2a: Grimer\n|\n|upkeep\n|turn|7\n|\n|t:|1700265670\n|move|p1a: Muk|Brick Break|p2a: Grimer\n|-damage|p2a: Grimer|14\/100 par\n|cant|p2a: Grimer|par\n|\n|upkeep\n|turn|8\n|\n|t:|1700265678\n|move|p1a: Muk|Brick Break|p2a: Grimer\n|-crit|p2a: Grimer\n|-damage|p2a: Grimer|0 fnt\n|faint|p2a: Grimer\n|\n|upkeep\n|\n|t:|1700265686\n|switch|p2a: SpanishInquisition|Coalossal, M|100\/100\n|turn|9\n|\n|t:|1700265693\n|switch|p1a: Glimmet|Glimmet, F|100\/100\n|move|p2a: SpanishInquisition|Stone Edge|p1a: Glimmet|[miss]\n|-miss|p2a: SpanishInquisition|p1a: Glimmet\n|\n|upkeep\n|turn|10\n|\n|t:|1700265711\n|switch|p1a: Eelektross|Eelektross, F, tera:Steel|28\/100\n|move|p2a: SpanishInquisition|Heat Crash|p1a: Eelektross\n|-supereffective|p1a: Eelektross\n|-damage|p1a: Eelektross|0 fnt\n|faint|p1a: Eelektross\n|\n|upkeep\n|\n|t:|1700265738\n|switch|p1a: Zamazenta|Zamazenta, shiny|100\/100\n|-ability|p1a: Zamazenta|Dauntless Shield|boost\n|-boost|p1a: Zamazenta|def|1\n|turn|11\n|\n|t:|1700265776\n|move|p1a: Zamazenta|Substitute|p1a: Zamazenta\n|-start|p1a: Zamazenta|Substitute\n|-damage|p1a: Zamazenta|75\/100\n|move|p2a: SpanishInquisition|Gyro Ball|p1a: Zamazenta\n|-activate|p1a: Zamazenta|move: Substitute|[damage]\n|\n|-heal|p1a: Zamazenta|82\/100|[from] item: Leftovers\n|upkeep\n|turn|12\n|\n|t:|1700265784\n|switch|p2a: Skeledirge|Skeledirge, F|91\/100\n|move|p1a: Zamazenta|Body Press|p2a: Skeledirge\n|-immune|p2a: Skeledirge\n|\n|-heal|p1a: Zamazenta|88\/100|[from] item: Leftovers\n|-heal|p2a: Skeledirge|97\/100|[from] item: Leftovers\n|upkeep\n|turn|13\n|\n|t:|1700265794\n|move|p1a: Zamazenta|Iron Defense|p1a: Zamazenta\n|-boost|p1a: Zamazenta|def|2\n|move|p2a: Skeledirge|Encore|p1a: Zamazenta\n|-start|p1a: Zamazenta|Encore\n|\n|-heal|p1a: Zamazenta|94\/100|[from] item: Leftovers\n|-heal|p2a: Skeledirge|100\/100|[from] item: Leftovers\n|upkeep\n|turn|14\n|\n|t:|1700265835\n|switch|p1a: Muk|Muk-Alola, F|84\/100\n|move|p2a: Skeledirge|Torch Song|p1a: Muk\n|-damage|p1a: Muk|68\/100\n|-boost|p2a: Skeledirge|spa|1\n|\n|upkeep\n|turn|15\n|\n|t:|1700265850\n|-terastallize|p2a: Skeledirge|Normal\n|move|p2a: Skeledirge|Torch Song|p1a: Muk\n|-damage|p1a: Muk|45\/100\n|-boost|p2a: Skeledirge|spa|1\n|move|p1a: Muk|Knock Off|p2a: Skeledirge\n|-damage|p2a: Skeledirge|58\/100\n|-enditem|p2a: Skeledirge|Leftovers|[from] move: Knock Off|[of] p1a: Muk\n|\n|upkeep\n|turn|16\n|\n|t:|1700265860\n|move|p2a: Skeledirge|Torch Song|p1a: Muk\n|-damage|p1a: Muk|16\/100\n|-boost|p2a: Skeledirge|spa|1\n|move|p1a: Muk|Clear Smog|p2a: Skeledirge\n|-damage|p2a: Skeledirge|49\/100\n|-clearboost|p2a: Skeledirge\n|\n|upkeep\n|turn|17\n|\n|t:|1700265870\n|move|p2a: Skeledirge|Slack Off|p2a: Skeledirge\n|-heal|p2a: Skeledirge|99\/100\n|move|p1a: Muk|Poison Jab|p2a: Skeledirge\n|-damage|p2a: Skeledirge|66\/100\n|-status|p2a: Skeledirge|psn|[from] ability: Poison Touch|[of] p1a: Muk\n|\n|-damage|p2a: Skeledirge|53\/100 psn|[from] psn\n|upkeep\n|turn|18\n|\n|t:|1700265879\n|move|p2a: Skeledirge|Torch Song|p1a: Muk\n|-damage|p1a: Muk|1\/100\n|-boost|p2a: Skeledirge|spa|1\n|move|p1a: Muk|Clear Smog|p2a: Skeledirge\n|-damage|p2a: Skeledirge|45\/100 psn\n|-clearboost|p2a: Skeledirge\n|\n|-damage|p2a: Skeledirge|32\/100 psn|[from] psn\n|upkeep\n|turn|19\n|\n|t:|1700265898\n|switch|p1a: Glimmet|Glimmet, F|100\/100\n|move|p2a: Skeledirge|Slack Off|p2a: Skeledirge\n|-heal|p2a: Skeledirge|82\/100 psn\n|\n|-damage|p2a: Skeledirge|70\/100 psn|[from] psn\n|upkeep\n|turn|20\n|\n|t:|1700265910\n|move|p1a: Glimmet|Power Gem|p2a: Skeledirge\n|-damage|p2a: Skeledirge|44\/100 psn\n|move|p2a: Skeledirge|Torch Song|p1a: Glimmet\n|-resisted|p1a: Glimmet\n|-damage|p1a: Glimmet|71\/100\n|-boost|p2a: Skeledirge|spa|1\n|\n|-damage|p2a: Skeledirge|32\/100 psn|[from] psn\n|upkeep\n|turn|21\n|\n|t:|1700265919\n|move|p1a: Glimmet|Stealth Rock|p2a: Skeledirge\n|-sidestart|p2: Jam20Jam|move: Stealth Rock\n|move|p2a: Skeledirge|Slack Off|p2a: Skeledirge\n|-heal|p2a: Skeledirge|82\/100 psn\n|\n|-damage|p2a: Skeledirge|70\/100 psn|[from] psn\n|upkeep\n|turn|22\n|\n|t:|1700265927\n|move|p1a: Glimmet|Spikes|p2a: Skeledirge\n|-sidestart|p2: Jam20Jam|Spikes\n|move|p2a: Skeledirge|Torch Song|p1a: Glimmet\n|-resisted|p1a: Glimmet\n|-damage|p1a: Glimmet|26\/100\n|-boost|p2a: Skeledirge|spa|1\n|\n|-damage|p2a: Skeledirge|57\/100 psn|[from] psn\n|upkeep\n|turn|23\n|\n|t:|1700265936\n|move|p1a: Glimmet|Power Gem|p2a: Skeledirge\n|-damage|p2a: Skeledirge|30\/100 psn\n|move|p2a: Skeledirge|Torch Song|p1a: Glimmet\n|-resisted|p1a: Glimmet\n|-damage|p1a: Glimmet|0 fnt\n|-boost|p2a: Skeledirge|spa|1\n|faint|p1a: Glimmet\n|\n|-damage|p2a: Skeledirge|18\/100 psn|[from] psn\n|upkeep\n|\n|t:|1700265945\n|switch|p1a: Jolteon|Jolteon, F|100\/100\n|turn|24\n|\n|t:|1700265955\n|move|p1a: Jolteon|Thunderbolt|p2a: Skeledirge\n|-damage|p2a: Skeledirge|0 fnt\n|faint|p2a: Skeledirge\n|\n|upkeep\n|\n|t:|1700265962\n|switch|p2a: Great Tusk|Great Tusk|100\/100\n|-damage|p2a: Great Tusk|98\/100|[from] Stealth Rock\n|-damage|p2a: Great Tusk|85\/100|[from] Spikes\n|-enditem|p2a: Great Tusk|Booster Energy\n|-activate|p2a: Great Tusk|ability: Protosynthesis|[fromitem]\n|-start|p2a: Great Tusk|protosynthesisatk\n|turn|25\n|\n|t:|1700265981\n|switch|p1a: Muk|Muk-Alola, F|1\/100\n|move|p2a: Great Tusk|Rapid Spin|p1a: Muk\n|-damage|p1a: Muk|0 fnt\n|-boost|p2a: Great Tusk|spe|1\n|-sideend|p2: Jam20Jam|Spikes|[from] move: Rapid Spin|[of] p2a: Great Tusk\n|-sideend|p2: Jam20Jam|Stealth Rock|[from] move: Rapid Spin|[of] p2a: Great Tusk\n|faint|p1a: Muk\n|\n|upkeep\n|\n|t:|1700266000\n|switch|p1a: Zamazenta|Zamazenta, shiny|94\/100\n|turn|26\n|\n|t:|1700266016\n|move|p2a: Great Tusk|Ice Spinner|p1a: Zamazenta\n|-damage|p1a: Zamazenta|67\/100\n|move|p1a: Zamazenta|Substitute|p1a: Zamazenta\n|-start|p1a: Zamazenta|Substitute\n|-damage|p1a: Zamazenta|42\/100\n|\n|-heal|p1a: Zamazenta|48\/100|[from] item: Leftovers\n|upkeep\n|turn|27\n|\n|t:|1700266025\n|move|p2a: Great Tusk|Close Combat|p1a: Zamazenta\n|-end|p1a: Zamazenta|Substitute\n|-unboost|p2a: Great Tusk|def|1\n|-unboost|p2a: Great Tusk|spd|1\n|move|p1a: Zamazenta|Iron Defense|p1a: Zamazenta\n|-boost|p1a: Zamazenta|def|2\n|\n|-heal|p1a: Zamazenta|54\/100|[from] item: Leftovers\n|upkeep\n|turn|28\n|\n|t:|1700266035\n|move|p2a: Great Tusk|Close Combat|p1a: Zamazenta\n|-damage|p1a: Zamazenta|25\/100\n|-unboost|p2a: Great Tusk|def|1\n|-unboost|p2a: Great Tusk|spd|1\n|move|p1a: Zamazenta|Body Press|p2a: Great Tusk\n|-damage|p2a: Great Tusk|0 fnt\n|faint|p2a: Great Tusk\n|-end|p2a: Great Tusk|Protosynthesis|[silent]\n|\n|-heal|p1a: Zamazenta|31\/100|[from] item: Leftovers\n|upkeep\n|\n|t:|1700266045\n|switch|p2a: Veluza|Veluza, M|100\/100\n|-ability|p2a: Veluza|Mold Breaker\n|turn|29\n|\n|t:|1700266051\n|move|p1a: Zamazenta|Crunch|p2a: Veluza\n|-supereffective|p2a: Veluza\n|-damage|p2a: Veluza|44\/100\n|move|p2a: Veluza|Psychic|p1a: Zamazenta\n|-supereffective|p1a: Zamazenta\n|-damage|p1a: Zamazenta|0 fnt\n|faint|p1a: Zamazenta\n|\n|upkeep\n|\n|t:|1700266059\n|switch|p1a: Jolteon|Jolteon, F|100\/100\n|turn|30\n|\n|t:|1700266063\n|switch|p2a: SpanishInquisition|Coalossal, M|100\/100\n|move|p1a: Jolteon|Thunderbolt|p2a: SpanishInquisition\n|-damage|p2a: SpanishInquisition|78\/100\n|\n|upkeep\n|turn|31\n|\n|t:|1700266079\n|move|p1a: Jolteon|Thunderbolt|p2a: SpanishInquisition\n|-damage|p2a: SpanishInquisition|53\/100\n|move|p2a: SpanishInquisition|Earthquake|p1a: Jolteon\n|-supereffective|p1a: Jolteon\n|-damage|p1a: Jolteon|0 fnt\n|faint|p1a: Jolteon\n|\n|upkeep\n|\n|t:|1700266086\n|switch|p1a: Crabominable|Crabominable, F|100\/100\n|turn|32\n|\n|t:|1700266095\n|move|p1a: Crabominable|Drain Punch|p2a: SpanishInquisition\n|-supereffective|p2a: SpanishInquisition\n|-damage|p2a: SpanishInquisition|0 fnt\n|-status|p1a: Crabominable|brn|[from] ability: Flame Body|[of] p2a: SpanishInquisition\n|faint|p2a: SpanishInquisition\n|\n|-damage|p1a: Crabominable|94\/100 brn|[from] brn\n|upkeep\n|\n|t:|1700266102\n|switch|p2a: Veluza|Veluza, M|44\/100\n|-ability|p2a: Veluza|Mold Breaker\n|turn|33\n|\n|t:|1700266123\n|move|p2a: Veluza|Psychic|p1a: Crabominable\n|-supereffective|p1a: Crabominable\n|-damage|p1a: Crabominable|43\/100 brn\n|move|p1a: Crabominable|Thunder Punch|p2a: Veluza\n|-supereffective|p2a: Veluza\n|-damage|p2a: Veluza|0 fnt\n|faint|p2a: Veluza\n|\n|-damage|p1a: Crabominable|37\/100 brn|[from] brn\n|upkeep\n|\n|t:|1700266131\n|switch|p2a: I BELIVE|Cetitan, M|100\/100\n|turn|34\n|\n|t:|1700266150\n|move|p2a: I BELIVE|Earthquake|p1a: Crabominable\n|-damage|p1a: Crabominable|3\/100 brn\n|move|p1a: Crabominable|Drain Punch|p2a: I BELIVE\n|-supereffective|p2a: I BELIVE\n|-damage|p2a: I BELIVE|51\/100\n|-heal|p1a: Crabominable|37\/100 brn|[from] drain|[of] p2a: I BELIVE\n|\n|-damage|p1a: Crabominable|31\/100 brn|[from] brn\n|upkeep\n|turn|35\n|\n|t:|1700266161\n|move|p2a: I BELIVE|Earthquake|p1a: Crabominable\n|-damage|p1a: Crabominable|0 fnt\n|faint|p1a: Crabominable\n|\n|win|Jam20Jam\n","uploadtime":1700266167,"views":6,"p1id":"tbor2002","p2id":"jam20jam","formatid":"gen9nationaldex","rating":0,"private":0,"password":""}