{"id":"gen9nationaldex-1992071366","p1":"dejotta","p2":"MajorHurricane","format":"[Gen 9] National Dex","log":"|j|\u2606dejotta\n|j|\u2606MajorHurricane\n|t:|1700152664\n|gametype|singles\n|player|p1|dejotta|2|1399\n|player|p2|MajorHurricane|emmet|1414\n|teamsize|p1|6\n|teamsize|p2|6\n|gen|9\n|tier|[Gen 9] National Dex\n|rated|\n|rule|HP Percentage Mod: HP is shown in percentages\n|rule|Endless Battle Clause: Forcing endless battles is banned\n|rule|OHKO Clause: OHKO moves are banned\n|rule|Evasion Clause: Evasion abilities, items, and moves are banned\n|rule|Evasion Abilities Clause: Evasion abilities are banned\n|rule|Evasion Items Clause: Evasion items are banned\n|rule|Evasion Moves Clause: Evasion moves are banned\n|rule|Species Clause: Limit one of each Pok\u00e9mon\n|rule|Sleep Clause Mod: Limit one foe put to sleep\n|clearpoke\n|poke|p1|Garganacl, M|\n|poke|p1|Chansey, F|\n|poke|p1|Zapdos|\n|poke|p1|Venusaur, F|\n|poke|p1|Great Tusk|\n|poke|p1|Torkoal, F|\n|poke|p2|Blaziken, F|\n|poke|p2|Tapu Lele|\n|poke|p2|Alomomola, F|\n|poke|p2|Zapdos|\n|poke|p2|Iron Treads|\n|poke|p2|Hydreigon, F|\n|teampreview\n|\n|t:|1700152680\n|start\n|switch|p1a: Torkoal|Torkoal, F|100\/100\n|switch|p2a: Alomomola|Alomomola, F|100\/100\n|-weather|SunnyDay|[from] ability: Drought|[of] p1a: Torkoal\n|turn|1\n|inactive|Battle timer is ON: inactive players will automatically lose when time's up. (requested by dejotta)\n|\n|t:|1700152689\n|move|p2a: Alomomola|Flip Turn|p1a: Torkoal\n|-supereffective|p1a: Torkoal\n|-damage|p1a: Torkoal|91\/100\n|\n|t:|1700152700\n|switch|p2a: Hydreigon|Hydreigon, F|100\/100|[from] Flip Turn\n|move|p1a: Torkoal|Stealth Rock|p2a: Hydreigon\n|-sidestart|p2: MajorHurricane|move: Stealth Rock\n|\n|-weather|SunnyDay|[upkeep]\n|upkeep\n|turn|2\n|\n|t:|1700152707\n|switch|p1a: Chansey|Chansey, F|100\/100\n|move|p2a: Hydreigon|Fire Spin|p1a: Chansey\n|-damage|p1a: Chansey|96\/100\n|-activate|p1a: Chansey|move: Fire Spin|[of] p2a: Hydreigon\n|\n|-weather|SunnyDay|[upkeep]\n|-damage|p1a: Chansey|84\/100|[from] move: Fire Spin|[partiallytrapped]\n|upkeep\n|turn|3\n|\n|t:|1700152710\n|move|p2a: Hydreigon|Taunt|p1a: Chansey\n|-start|p1a: Chansey|move: Taunt\n|move|p1a: Chansey|Seismic Toss|p2a: Hydreigon\n|-damage|p2a: Hydreigon|75\/100\n|\n|-weather|SunnyDay|[upkeep]\n|-heal|p2a: Hydreigon|81\/100|[from] item: Leftovers\n|-damage|p1a: Chansey|71\/100|[from] move: Fire Spin|[partiallytrapped]\n|upkeep\n|turn|4\n|\n|t:|1700152720\n|move|p2a: Hydreigon|Roost|p2a: Hydreigon\n|-heal|p2a: Hydreigon|100\/100\n|-singleturn|p2a: Hydreigon|move: Roost\n|move|p1a: Chansey|Seismic Toss|p2a: Hydreigon\n|-damage|p2a: Hydreigon|75\/100\n|\n|-weather|SunnyDay|[upkeep]\n|-heal|p2a: Hydreigon|81\/100|[from] item: Leftovers\n|-damage|p1a: Chansey|59\/100|[from] move: Fire Spin|[partiallytrapped]\n|upkeep\n|turn|5\n|\n|t:|1700152734\n|move|p2a: Hydreigon|Earth Power|p1a: Chansey\n|-damage|p1a: Chansey|51\/100\n|-unboost|p1a: Chansey|spd|1\n|move|p1a: Chansey|Seismic Toss|p2a: Hydreigon\n|-damage|p2a: Hydreigon|55\/100\n|\n|-weather|SunnyDay|[upkeep]\n|-heal|p2a: Hydreigon|61\/100|[from] item: Leftovers\n|-damage|p1a: Chansey|39\/100|[from] move: Fire Spin|[partiallytrapped]\n|-end|p1a: Chansey|move: Taunt\n|upkeep\n|turn|6\n|\n|t:|1700152738\n|move|p2a: Hydreigon|Taunt|p1a: Chansey\n|-start|p1a: Chansey|move: Taunt\n|cant|p1a: Chansey|move: Taunt|Soft-Boiled\n|\n|-weather|SunnyDay|[upkeep]\n|-heal|p2a: Hydreigon|68\/100|[from] item: Leftovers\n|-end|p1a: Chansey|Fire Spin|[partiallytrapped]\n|upkeep\n|turn|7\n|\n|t:|1700152754\n|switch|p1a: Garganacl|Garganacl, M|100\/100\n|move|p2a: Hydreigon|Fire Spin|p1a: Garganacl\n|-resisted|p1a: Garganacl\n|-damage|p1a: Garganacl|94\/100\n|-activate|p1a: Garganacl|move: Fire Spin|[of] p2a: Hydreigon\n|\n|-weather|SunnyDay|[upkeep]\n|-heal|p2a: Hydreigon|74\/100|[from] item: Leftovers\n|-heal|p1a: Garganacl|99\/100|[from] item: Leftovers\n|-damage|p1a: Garganacl|88\/100|[from] move: Fire Spin|[partiallytrapped]\n|upkeep\n|turn|8\n|\n|t:|1700152768\n|-terastallize|p1a: Garganacl|Ghost\n|move|p2a: Hydreigon|Taunt|p1a: Garganacl\n|-start|p1a: Garganacl|move: Taunt\n|move|p1a: Garganacl|Salt Cure|p2a: Hydreigon\n|-damage|p2a: Hydreigon|60\/100\n|-start|p2a: Hydreigon|Salt Cure\n|\n|-weather|none\n|-heal|p2a: Hydreigon|66\/100|[from] item: Leftovers\n|-heal|p1a: Garganacl|94\/100|[from] item: Leftovers\n|-damage|p2a: Hydreigon|54\/100|[from] Salt Cure\n|-damage|p1a: Garganacl|81\/100|[from] move: Fire Spin|[partiallytrapped]\n|upkeep\n|turn|9\n|\n|t:|1700152781\n|switch|p2a: Iron Treads|Iron Treads|100\/100\n|move|p1a: Garganacl|Body Press|p2a: Iron Treads\n|-supereffective|p2a: Iron Treads\n|-damage|p2a: Iron Treads|44\/100\n|\n|-heal|p1a: Garganacl|88\/100|[from] item: Leftovers\n|-end|p1a: Garganacl|Fire Spin|[partiallytrapped]|[silent]\n|upkeep\n|turn|10\n|\n|t:|1700152789\n|move|p2a: Iron Treads|Stealth Rock|p1a: Garganacl\n|-sidestart|p1: dejotta|move: Stealth Rock\n|move|p1a: Garganacl|Body Press|p2a: Iron Treads\n|-supereffective|p2a: Iron Treads\n|-damage|p2a: Iron Treads|0 fnt\n|faint|p2a: Iron Treads\n|-end|p2a: Iron Treads|Quark Drive|[silent]\n|\n|-heal|p1a: Garganacl|94\/100|[from] item: Leftovers\n|-end|p1a: Garganacl|move: Taunt\n|upkeep\n|\n|t:|1700152797\n|switch|p2a: Tapu Lele|Tapu Lele|100\/100\n|-damage|p2a: Tapu Lele|88\/100|[from] Stealth Rock\n|-fieldstart|move: Psychic Terrain|[from] ability: Psychic Surge|[of] p2a: Tapu Lele\n|turn|11\n|\n|t:|1700152805\n|switch|p1a: Torkoal|Torkoal, F|91\/100\n|-damage|p1a: Torkoal|66\/100|[from] Stealth Rock\n|-weather|SunnyDay|[from] ability: Drought|[of] p1a: Torkoal\n|-terastallize|p2a: Tapu Lele|Psychic\n|move|p2a: Tapu Lele|Psychic|p1a: Torkoal\n|-damage|p1a: Torkoal|0 fnt\n|faint|p1a: Torkoal\n|\n|-weather|SunnyDay|[upkeep]\n|upkeep\n|\n|t:|1700152820\n|switch|p1a: Venusaur|Venusaur, F|100\/100\n|-damage|p1a: Venusaur|88\/100|[from] Stealth Rock\n|turn|12\n|\n|t:|1700152825\n|move|p1a: Venusaur|Giga Drain|p2a: Tapu Lele\n|-damage|p2a: Tapu Lele|37\/100\n|-heal|p1a: Venusaur|100\/100|[from] drain|[of] p2a: Tapu Lele\n|-damage|p1a: Venusaur|91\/100|[from] item: Life Orb\n|move|p2a: Tapu Lele|Psychic|p1a: Venusaur\n|-supereffective|p1a: Venusaur\n|-damage|p1a: Venusaur|0 fnt\n|faint|p1a: Venusaur\n|\n|-weather|SunnyDay|[upkeep]\n|upkeep\n|\n|t:|1700152828\n|switch|p1a: Chansey|Chansey, F|39\/100\n|-damage|p1a: Chansey|27\/100|[from] Stealth Rock\n|turn|13\n|\n|t:|1700152839\n|switch|p2a: Blaziken|Blaziken, F|100\/100\n|-damage|p2a: Blaziken|88\/100|[from] Stealth Rock\n|move|p1a: Chansey|Soft-Boiled|p1a: Chansey\n|-heal|p1a: Chansey|77\/100\n|\n|-weather|SunnyDay|[upkeep]\n|upkeep\n|turn|14\n|\n|t:|1700152845\n|move|p2a: Blaziken|Swords Dance|p2a: Blaziken\n|-boost|p2a: Blaziken|atk|2\n|move|p1a: Chansey|Toxic|p2a: Blaziken\n|-status|p2a: Blaziken|tox\n|\n|-weather|SunnyDay|[upkeep]\n|-damage|p2a: Blaziken|82\/100 tox|[from] psn\n|-ability|p2a: Blaziken|Speed Boost|boost\n|-boost|p2a: Blaziken|spe|1\n|upkeep\n|turn|15\n|\n|t:|1700152852\n|switch|p1a: Zapdos|Zapdos|100\/100\n|-damage|p1a: Zapdos|75\/100|[from] Stealth Rock\n|-zpower|p2a: Blaziken\n|move|p2a: Blaziken|All-Out Pummeling|p1a: Zapdos|[zeffect]\n|-resisted|p1a: Zapdos\n|-damage|p1a: Zapdos|6\/100\n|\n|-weather|SunnyDay|[upkeep]\n|-heal|p1a: Zapdos|12\/100|[from] item: Leftovers\n|-damage|p2a: Blaziken|70\/100 tox|[from] psn\n|-fieldend|move: Psychic Terrain\n|-ability|p2a: Blaziken|Speed Boost|boost\n|-boost|p2a: Blaziken|spe|1\n|upkeep\n|turn|16\n|\n|t:|1700152857\n|move|p2a: Blaziken|Flare Blitz|p1a: Zapdos\n|-damage|p1a: Zapdos|0 fnt\n|faint|p1a: Zapdos\n|-damage|p2a: Blaziken|65\/100 tox|[from] Recoil\n|\n|-weather|SunnyDay|[upkeep]\n|-damage|p2a: Blaziken|47\/100 tox|[from] psn\n|-ability|p2a: Blaziken|Speed Boost|boost\n|-boost|p2a: Blaziken|spe|1\n|upkeep\n|\n|t:|1700152860\n|switch|p1a: Garganacl|Garganacl, M, tera:Ghost|94\/100\n|-damage|p1a: Garganacl|81\/100|[from] Stealth Rock\n|turn|17\n|\n|t:|1700152865\n|move|p1a: Garganacl|Protect|p1a: Garganacl\n|-singleturn|p1a: Garganacl|Protect\n|move|p2a: Blaziken|Flare Blitz|p1a: Garganacl\n|-activate|p1a: Garganacl|move: Protect\n|\n|-weather|SunnyDay|[upkeep]\n|-heal|p1a: Garganacl|88\/100|[from] item: Leftovers\n|-damage|p2a: Blaziken|23\/100 tox|[from] psn\n|-ability|p2a: Blaziken|Speed Boost|boost\n|-boost|p2a: Blaziken|spe|1\n|upkeep\n|turn|18\n|\n|t:|1700152870\n|move|p2a: Blaziken|Flare Blitz|p1a: Garganacl\n|-damage|p1a: Garganacl|0 fnt\n|faint|p1a: Garganacl\n|-damage|p2a: Blaziken|0 fnt|[from] Recoil\n|faint|p2a: Blaziken\n|\n|-weather|none\n|upkeep\n|\n|t:|1700152879\n|switch|p2a: Alomomola|Alomomola, F|100\/100\n|switch|p1a: Chansey|Chansey, F|77\/100\n|-damage|p1a: Chansey|64\/100|[from] Stealth Rock\n|turn|19\n|\n|t:|1700152882\n|move|p2a: Alomomola|Toxic|p1a: Chansey\n|-status|p1a: Chansey|tox\n|move|p1a: Chansey|Toxic|p2a: Alomomola\n|-status|p2a: Alomomola|tox\n|\n|-damage|p2a: Alomomola|94\/100 tox|[from] psn\n|-damage|p1a: Chansey|58\/100 tox|[from] psn\n|upkeep\n|turn|20\n|\n|t:|1700152886\n|move|p2a: Alomomola|Flip Turn|p1a: Chansey\n|-damage|p1a: Chansey|48\/100 tox\n|\n|t:|1700152890\n|switch|p2a: Hydreigon|Hydreigon, F|54\/100|[from] Flip Turn\n|-damage|p2a: Hydreigon|41\/100|[from] Stealth Rock\n|move|p1a: Chansey|Soft-Boiled|p1a: Chansey\n|-heal|p1a: Chansey|98\/100 tox\n|\n|-heal|p2a: Hydreigon|47\/100|[from] item: Leftovers\n|-damage|p1a: Chansey|86\/100 tox|[from] psn\n|upkeep\n|turn|21\n|\n|t:|1700152894\n|-curestatus|p1a: Chansey|tox|[from] ability: Natural Cure\n|switch|p1a: Great Tusk|Great Tusk|100\/100\n|-damage|p1a: Great Tusk|98\/100|[from] Stealth Rock\n|move|p2a: Hydreigon|Roost|p2a: Hydreigon\n|-heal|p2a: Hydreigon|97\/100\n|-singleturn|p2a: Hydreigon|move: Roost\n|\n|-heal|p1a: Great Tusk|100\/100|[from] item: Leftovers\n|-heal|p2a: Hydreigon|100\/100|[from] item: Leftovers\n|upkeep\n|turn|22\n|\n|t:|1700152899\n|switch|p2a: Zapdos|Zapdos|100\/100\n|move|p1a: Great Tusk|Close Combat|p2a: Zapdos\n|-resisted|p2a: Zapdos\n|-damage|p2a: Zapdos|73\/100\n|-unboost|p1a: Great Tusk|def|1\n|-unboost|p1a: Great Tusk|spd|1\n|\n|upkeep\n|turn|23\n|\n|t:|1700152907\n|-end|p1a: Great Tusk|Protosynthesis|[silent]\n|switch|p1a: Chansey|Chansey, F|86\/100\n|-damage|p1a: Chansey|74\/100|[from] Stealth Rock\n|move|p2a: Zapdos|Hurricane|p1a: Chansey|[miss]\n|-miss|p2a: Zapdos|p1a: Chansey\n|\n|upkeep\n|turn|24\n|\n|t:|1700152913\n|move|p2a: Zapdos|Defog|p1a: Chansey\n|-unboost|p1a: Chansey|evasion|1\n|-sideend|p1: dejotta|Stealth Rock|[from] move: Defog|[of] p2a: Zapdos\n|-sideend|p2: MajorHurricane|Stealth Rock|[from] move: Defog|[of] p2a: Zapdos\n|move|p1a: Chansey|Toxic|p2a: Zapdos\n|-status|p2a: Zapdos|tox\n|\n|-damage|p2a: Zapdos|67\/100 tox|[from] psn\n|upkeep\n|turn|25\n|\n|t:|1700152917\n|move|p2a: Zapdos|Volt Switch|p1a: Chansey\n|-damage|p1a: Chansey|64\/100\n|\n|t:|1700152922\n|switch|p2a: Hydreigon|Hydreigon, F|100\/100|[from] Volt Switch\n|move|p1a: Chansey|Seismic Toss|p2a: Hydreigon\n|-damage|p2a: Hydreigon|75\/100\n|\n|-heal|p2a: Hydreigon|81\/100|[from] item: Leftovers\n|upkeep\n|turn|26\n|\n|t:|1700152924\n|switch|p1a: Great Tusk|Great Tusk|100\/100\n|move|p2a: Hydreigon|Fire Spin|p1a: Great Tusk\n|-crit|p1a: Great Tusk\n|-damage|p1a: Great Tusk|77\/100\n|-activate|p1a: Great Tusk|move: Fire Spin|[of] p2a: Hydreigon\n|\n|-heal|p1a: Great Tusk|83\/100|[from] item: Leftovers\n|-heal|p2a: Hydreigon|87\/100|[from] item: Leftovers\n|-damage|p1a: Great Tusk|71\/100|[from] move: Fire Spin|[partiallytrapped]\n|upkeep\n|turn|27\n|\n|t:|1700152935\n|switch|p2a: Zapdos|Zapdos|67\/100 tox\n|move|p1a: Great Tusk|Stealth Rock|p2a: Zapdos\n|-sidestart|p2: MajorHurricane|move: Stealth Rock\n|\n|-heal|p1a: Great Tusk|77\/100|[from] item: Leftovers\n|-damage|p2a: Zapdos|61\/100 tox|[from] psn\n|-end|p1a: Great Tusk|Fire Spin|[partiallytrapped]|[silent]\n|upkeep\n|turn|28\n|\n|t:|1700152941\n|-end|p1a: Great Tusk|Protosynthesis|[silent]\n|switch|p1a: Chansey|Chansey, F|64\/100\n|move|p2a: Zapdos|Hurricane|p1a: Chansey|[miss]\n|-miss|p2a: Zapdos|p1a: Chansey\n|\n|-damage|p2a: Zapdos|49\/100 tox|[from] psn\n|upkeep\n|turn|29\n|\n|t:|1700152951\n|move|p2a: Zapdos|Defog|p1a: Chansey\n|-unboost|p1a: Chansey|evasion|1\n|-sideend|p2: MajorHurricane|Stealth Rock|[from] move: Defog|[of] p2a: Zapdos\n|move|p1a: Chansey|Soft-Boiled|p1a: Chansey\n|-heal|p1a: Chansey|100\/100\n|\n|-damage|p2a: Zapdos|31\/100 tox|[from] psn\n|upkeep\n|turn|30\n|\n|t:|1700152955\n|move|p2a: Zapdos|Volt Switch|p1a: Chansey\n|-damage|p1a: Chansey|92\/100\n|\n|t:|1700152957\n|switch|p2a: Hydreigon|Hydreigon, F|87\/100|[from] Volt Switch\n|move|p1a: Chansey|Seismic Toss|p2a: Hydreigon\n|-damage|p2a: Hydreigon|61\/100\n|\n|-heal|p2a: Hydreigon|68\/100|[from] item: Leftovers\n|upkeep\n|turn|31\n|\n|t:|1700152962\n|move|p2a: Hydreigon|Fire Spin|p1a: Chansey\n|-damage|p1a: Chansey|89\/100\n|-activate|p1a: Chansey|move: Fire Spin|[of] p2a: Hydreigon\n|move|p1a: Chansey|Toxic|p2a: Hydreigon\n|-status|p2a: Hydreigon|tox\n|\n|-heal|p2a: Hydreigon|74\/100 tox|[from] item: Leftovers\n|-damage|p2a: Hydreigon|68\/100 tox|[from] psn\n|-damage|p1a: Chansey|76\/100|[from] move: Fire Spin|[partiallytrapped]\n|upkeep\n|turn|32\n|\n|t:|1700152967\n|move|p2a: Hydreigon|Taunt|p1a: Chansey\n|-start|p1a: Chansey|move: Taunt\n|cant|p1a: Chansey|move: Taunt|Soft-Boiled\n|\n|-heal|p2a: Hydreigon|74\/100 tox|[from] item: Leftovers\n|-damage|p2a: Hydreigon|61\/100 tox|[from] psn\n|-damage|p1a: Chansey|64\/100|[from] move: Fire Spin|[partiallytrapped]\n|upkeep\n|turn|33\n|\n|t:|1700152972\n|move|p2a: Hydreigon|Roost|p2a: Hydreigon\n|-heal|p2a: Hydreigon|100\/100 tox\n|-singleturn|p2a: Hydreigon|move: Roost\n|move|p1a: Chansey|Seismic Toss|p2a: Hydreigon\n|-damage|p2a: Hydreigon|75\/100 tox\n|\n|-heal|p2a: Hydreigon|81\/100 tox|[from] item: Leftovers\n|-damage|p2a: Hydreigon|62\/100 tox|[from] psn\n|-damage|p1a: Chansey|52\/100|[from] move: Fire Spin|[partiallytrapped]\n|upkeep\n|turn|34\n|\n|t:|1700152989\n|move|p2a: Hydreigon|Fire Spin|p1a: Chansey\n|-damage|p1a: Chansey|49\/100\n|move|p1a: Chansey|Seismic Toss|p2a: Hydreigon\n|-damage|p2a: Hydreigon|37\/100 tox\n|\n|-heal|p2a: Hydreigon|43\/100 tox|[from] item: Leftovers\n|-damage|p2a: Hydreigon|18\/100 tox|[from] psn\n|-damage|p1a: Chansey|36\/100|[from] move: Fire Spin|[partiallytrapped]\n|-end|p1a: Chansey|move: Taunt\n|upkeep\n|turn|35\n|\n|t:|1700152999\n|move|p2a: Hydreigon|Taunt|p1a: Chansey\n|-start|p1a: Chansey|move: Taunt\n|cant|p1a: Chansey|move: Taunt|Soft-Boiled\n|\n|-heal|p2a: Hydreigon|24\/100 tox|[from] item: Leftovers\n|-damage|p2a: Hydreigon|0 fnt|[from] psn\n|faint|p2a: Hydreigon\n|-end|p1a: Chansey|Fire Spin|[partiallytrapped]|[silent]\n|upkeep\n|\n|t:|1700153005\n|switch|p2a: Tapu Lele|Tapu Lele, tera:Psychic|37\/100\n|-fieldstart|move: Psychic Terrain|[from] ability: Psychic Surge|[of] p2a: Tapu Lele\n|turn|36\n|\n|t:|1700153014\n|switch|p1a: Great Tusk|Great Tusk|77\/100\n|move|p2a: Tapu Lele|Psyshock|p1a: Great Tusk\n|-supereffective|p1a: Great Tusk\n|-damage|p1a: Great Tusk|0 fnt\n|faint|p1a: Great Tusk\n|-end|p1a: Great Tusk|Protosynthesis|[silent]\n|\n|upkeep\n|\n|t:|1700153016\n|switch|p1a: Chansey|Chansey, F|36\/100\n|turn|37\n|\n|t:|1700153022\n|move|p2a: Tapu Lele|Psyshock|p1a: Chansey\n|-damage|p1a: Chansey|0 fnt\n|faint|p1a: Chansey\n|\n|win|MajorHurricane\n|raw|dejotta's rating: 1399 &rarr; <strong>1380<\/strong><br \/>(-19 for losing)\n|raw|MajorHurricane's rating: 1414 &rarr; <strong>1433<\/strong><br \/>(+19 for winning)\n","uploadtime":1700153032,"views":4,"p1id":"dejotta","p2id":"majorhurricane","formatid":"gen9nationaldex","rating":1380,"private":0,"password":""}