{"id":"gen9nationaldex-1998022886","p1":"naidesu","p2":"FeelipeNS","format":"[Gen 9] National Dex","log":"|html|<div class=\"broadcast-blue\"><strong>[Gen 9] National Dex is currently suspecting Sneasler! For information on how to participate check out the <a href=\"https:\/\/www.smogon.com\/forums\/threads\/sv-national-dex-suspect-8-just-dance.3731534\/\">suspect thread<\/a>.<\/strong><\/div>\n|j|\u2606naidesu\n|j|\u2606FeelipeNS\n|t:|1700880187\n|gametype|singles\n|player|p1|naidesu|pokemonranger|1093\n|player|p2|FeelipeNS|ash-alola|1039\n|teamsize|p1|6\n|teamsize|p2|6\n|gen|9\n|tier|[Gen 9] National Dex\n|rated|\n|rule|HP Percentage Mod: HP is shown in percentages\n|rule|Endless Battle Clause: Forcing endless battles is banned\n|rule|OHKO Clause: OHKO moves are banned\n|rule|Evasion Clause: Evasion abilities, items, and moves are banned\n|rule|Evasion Abilities Clause: Evasion abilities are banned\n|rule|Evasion Items Clause: Evasion items are banned\n|rule|Evasion Moves Clause: Evasion moves are banned\n|rule|Species Clause: Limit one of each Pok\u00e9mon\n|rule|Sleep Clause Mod: Limit one foe put to sleep\n|clearpoke\n|poke|p1|Aegislash, M|\n|poke|p1|Ribombee, F|\n|poke|p1|Chandelure, F|\n|poke|p1|Banette, F|\n|poke|p1|Starmie|\n|poke|p1|Cinccino, M|\n|poke|p2|Venusaur, M|\n|poke|p2|Golisopod, M|\n|poke|p2|Lucario, M|\n|poke|p2|Tyranitar, M|\n|poke|p2|Sandslash, M|\n|poke|p2|Absol, M|\n|teampreview\n|inactive|Battle timer is ON: inactive players will automatically lose when time's up. (requested by naidesu)\n|\n|t:|1700880222\n|start\n|switch|p1a: Ribombee|Ribombee, F|100\/100\n|switch|p2a: Eclipse|Absol, M, shiny|100\/100\n|turn|1\n|\n|t:|1700880228\n|move|p2a: Eclipse|Iron Tail|p1a: Ribombee|[miss]\n|-miss|p2a: Eclipse|p1a: Ribombee\n|move|p1a: Ribombee|Sticky Web|p2a: Eclipse\n|-sidestart|p2: FeelipeNS|move: Sticky Web\n|\n|upkeep\n|turn|2\n|\n|t:|1700880238\n|move|p2a: Eclipse|Iron Tail|p1a: Ribombee\n|-supereffective|p1a: Ribombee\n|-enditem|p1a: Ribombee|Focus Sash\n|-damage|p1a: Ribombee|1\/100\n|-unboost|p1a: Ribombee|def|1\n|move|p1a: Ribombee|Moonblast|p2a: Eclipse\n|-supereffective|p2a: Eclipse\n|-damage|p2a: Eclipse|0 fnt\n|faint|p2a: Eclipse\n|\n|upkeep\n|\n|t:|1700880246\n|switch|p2a: Brutus|Golisopod, M|100\/100\n|-activate|p2a: Brutus|move: Sticky Web\n|-unboost|p2a: Brutus|spe|1\n|turn|3\n|\n|t:|1700880258\n|move|p2a: Brutus|Aqua Jet|p1a: Ribombee\n|-damage|p1a: Ribombee|0 fnt\n|faint|p1a: Ribombee\n|\n|upkeep\n|\n|t:|1700880264\n|switch|p1a: Starmie|Starmie|100\/100\n|turn|4\n|\n|t:|1700880269\n|move|p2a: Brutus|Sucker Punch|p1a: Starmie\n|-supereffective|p1a: Starmie\n|-damage|p1a: Starmie|23\/100\n|move|p1a: Starmie|Thunderbolt|p2a: Brutus\n|-supereffective|p2a: Brutus\n|-damage|p2a: Brutus|50\/100\n|-activate|p2a: Brutus|ability: Emergency Exit\n|-damage|p1a: Starmie|13\/100|[from] item: Life Orb\n|\n|t:|1700880277\n|switch|p2a: Gamabunta|Venusaur, M|100\/100\n|-activate|p2a: Gamabunta|move: Sticky Web\n|-unboost|p2a: Gamabunta|spe|1\n|\n|upkeep\n|turn|5\n|\n|t:|1700880284\n|move|p1a: Starmie|Psychic|p2a: Gamabunta\n|-supereffective|p2a: Gamabunta\n|-damage|p2a: Gamabunta|0 fnt\n|faint|p2a: Gamabunta\n|-damage|p1a: Starmie|3\/100|[from] item: Life Orb\n|\n|upkeep\n|\n|t:|1700880289\n|switch|p2a: Brutus|Golisopod, M|50\/100\n|-activate|p2a: Brutus|move: Sticky Web\n|-unboost|p2a: Brutus|spe|1\n|turn|6\n|\n|t:|1700880296\n|move|p2a: Brutus|Aqua Jet|p1a: Starmie\n|-resisted|p1a: Starmie\n|-damage|p1a: Starmie|0 fnt\n|faint|p1a: Starmie\n|\n|upkeep\n|\n|t:|1700880303\n|switch|p1a: Cinccino|Cinccino, M|100\/100\n|turn|7\n|\n|t:|1700880323\n|-terastallize|p1a: Cinccino|Grass\n|move|p1a: Cinccino|Bullet Seed|p2a: Brutus\n|-damage|p2a: Brutus|36\/100\n|-damage|p2a: Brutus|21\/100\n|-damage|p2a: Brutus|8\/100\n|-damage|p2a: Brutus|0 fnt\n|faint|p2a: Brutus\n|-hitcount|p2: Brutus|4\n|\n|upkeep\n|\n|t:|1700880335\n|switch|p2a: Lucas|Lucario, M, shiny|100\/100\n|-activate|p2a: Lucas|move: Sticky Web\n|-unboost|p2a: Lucas|spe|1\n|turn|8\n|\n|t:|1700880341\n|move|p1a: Cinccino|U-turn|p2a: Lucas\n|-resisted|p2a: Lucas\n|-damage|p2a: Lucas|92\/100\n|\n|t:|1700880352\n|switch|p1a: Banette|Banette, F|100\/100|[from] U-turn\n|move|p2a: Lucas|Hone Claws|p2a: Lucas\n|-boost|p2a: Lucas|atk|1\n|-boost|p2a: Lucas|accuracy|1\n|\n|upkeep\n|turn|9\n|\n|t:|1700880362\n|detailschange|p1a: Banette|Banette-Mega, F\n|-mega|p1a: Banette|Banette|Banettite\n|move|p1a: Banette|Destiny Bond|p1a: Banette\n|-singlemove|p1a: Banette|Destiny Bond\n|move|p2a: Lucas|Trailblaze|p1a: Banette\n|-damage|p1a: Banette|60\/100\n|-boost|p2a: Lucas|spe|1\n|-damage|p2a: Lucas|82\/100|[from] item: Life Orb\n|\n|upkeep\n|turn|10\n|\n|t:|1700880372\n|move|p1a: Banette|Taunt|p2a: Lucas\n|-start|p2a: Lucas|move: Taunt\n|move|p2a: Lucas|Stone Edge|p1a: Banette\n|-damage|p1a: Banette|0 fnt\n|faint|p1a: Banette\n|-damage|p2a: Lucas|72\/100|[from] item: Life Orb\n|\n|upkeep\n|\n|t:|1700880393\n|switch|p1a: Aegislash|Aegislash, M|100\/100\n|turn|11\n|\n|t:|1700880404\n|move|p2a: Lucas|Stone Edge|p1a: Aegislash\n|-resisted|p1a: Aegislash\n|-damage|p1a: Aegislash|70\/100\n|-damage|p2a: Lucas|62\/100|[from] item: Life Orb\n|move|p1a: Aegislash|Autotomize|p1a: Aegislash\n|-boost|p1a: Aegislash|spe|2\n|-start|p1a: Aegislash|Autotomize\n|\n|upkeep\n|turn|12\n|\n|t:|1700880415\n|-formechange|p1a: Aegislash|Aegislash-Blade||[from] ability: Stance Change\n|move|p1a: Aegislash|Close Combat|p2a: Lucas\n|-supereffective|p2a: Lucas\n|-damage|p2a: Lucas|0 fnt\n|-unboost|p1a: Aegislash|def|1\n|-unboost|p1a: Aegislash|spd|1\n|faint|p2a: Lucas\n|-damage|p1a: Aegislash|60\/100|[from] item: Life Orb\n|\n|upkeep\n|\n|t:|1700880420\n|switch|p2a: Godzilla|Tyranitar, M|100\/100\n|-activate|p2a: Godzilla|move: Sticky Web\n|-unboost|p2a: Godzilla|spe|1\n|-weather|Sandstorm|[from] ability: Sand Stream|[of] p2a: Godzilla\n|turn|13\n|\n|t:|1700880430\n|-terastallize|p2a: Godzilla|Fairy\n|move|p1a: Aegislash|Close Combat|p2a: Godzilla\n|-resisted|p2a: Godzilla\n|-crit|p2a: Godzilla\n|-damage|p2a: Godzilla|56\/100\n|-unboost|p1a: Aegislash|def|1\n|-unboost|p1a: Aegislash|spd|1\n|-damage|p1a: Aegislash|50\/100|[from] item: Life Orb\n|move|p2a: Godzilla|Dragon Dance|p2a: Godzilla\n|-boost|p2a: Godzilla|atk|1\n|-boost|p2a: Godzilla|spe|1\n|\n|-weather|Sandstorm|[upkeep]\n|-damage|p2a: Godzilla|50\/100|[from] Sandstorm\n|upkeep\n|turn|14\n|\n|t:|1700880444\n|move|p1a: Aegislash|Destiny Bond|p1a: Aegislash\n|-singlemove|p1a: Aegislash|Destiny Bond\n|move|p2a: Godzilla|Crunch|p1a: Aegislash\n|-supereffective|p1a: Aegislash\n|-damage|p1a: Aegislash|0 fnt\n|faint|p1a: Aegislash\n|-activate|p1a: Aegislash|move: Destiny Bond\n|faint|p2a: Godzilla\n|\n|-weather|Sandstorm|[upkeep]\n|upkeep\n|\n|t:|1700880454\n|switch|p2a: Spike|Sandslash, M, shiny|100\/100\n|switch|p1a: Cinccino|Cinccino, M, tera:Grass|100\/100\n|-activate|p2a: Spike|move: Sticky Web\n|-unboost|p2a: Spike|spe|1\n|turn|15\n|\n|t:|1700880461\n|move|p1a: Cinccino|Bullet Seed|p2a: Spike\n|-supereffective|p2a: Spike\n|-damage|p2a: Spike|68\/100\n|-supereffective|p2a: Spike\n|-damage|p2a: Spike|30\/100\n|-supereffective|p2a: Spike\n|-damage|p2a: Spike|0 fnt\n|faint|p2a: Spike\n|-hitcount|p2: Spike|3\n|\n|win|naidesu\n|raw|naidesu's rating: 1093 &rarr; <strong>1115<\/strong><br \/>(+22 for winning)\n|raw|FeelipeNS's rating: 1039 &rarr; <strong>1026<\/strong><br \/>(-13 for losing)\n|l|\u2606FeelipeNS\n|c|\u2606naidesu|gg\n","uploadtime":1700880474,"views":9,"p1id":"naidesu","p2id":"feelipens","formatid":"gen9nationaldex","rating":1026,"private":0,"password":""}