{"id":"gen9nationaldex-2000138891","p1":"Amos25","p2":"Krysta11","format":"[Gen 9] National Dex","log":"|html|<div class=\"broadcast-blue\"><strong>[Gen 9] National Dex is currently suspecting Sneasler! For information on how to participate check out the <a href=\"https:\/\/www.smogon.com\/forums\/threads\/sv-national-dex-suspect-8-just-dance.3731534\/\">suspect thread<\/a>.<\/strong><\/div>\n|j|\u2606Amos25\n|j|\u2606Krysta11\n|t:|1701161654\n|gametype|singles\n|player|p1|Amos25|whitney|1342\n|player|p2|Krysta11|bellelba|1274\n|teamsize|p1|6\n|teamsize|p2|6\n|gen|9\n|tier|[Gen 9] National Dex\n|rated|\n|rule|HP Percentage Mod: HP is shown in percentages\n|rule|Endless Battle Clause: Forcing endless battles is banned\n|rule|OHKO Clause: OHKO moves are banned\n|rule|Evasion Clause: Evasion abilities, items, and moves are banned\n|rule|Evasion Abilities Clause: Evasion abilities are banned\n|rule|Evasion Items Clause: Evasion items are banned\n|rule|Evasion Moves Clause: Evasion moves are banned\n|rule|Species Clause: Limit one of each Pok\u00e9mon\n|rule|Sleep Clause Mod: Limit one foe put to sleep\n|clearpoke\n|poke|p1|Ferrothorn, M|\n|poke|p1|Heatran, F|\n|poke|p1|Kyurem|\n|poke|p1|Jellicent, M|\n|poke|p1|Tapu Lele|\n|poke|p1|Sneasler, M|\n|poke|p2|Ferrothorn, F|\n|poke|p2|Swampert, M|\n|poke|p2|Pelipper, F|\n|poke|p2|Urshifu-*, F|\n|poke|p2|Landorus-Therian, M|\n|poke|p2|Nidoking, M|\n|teampreview\n|inactive|Battle timer is ON: inactive players will automatically lose when time's up. (requested by Krysta11)\n|\n|t:|1701161667\n|start\n|switch|p1a: Ferrothorn|Ferrothorn, M|100\/100\n|switch|p2a: Nidoking|Nidoking, M|100\/100\n|turn|1\n|\n|t:|1701161677\n|move|p2a: Nidoking|Earth Power|p1a: Ferrothorn\n|-damage|p1a: Ferrothorn|51\/100\n|move|p1a: Ferrothorn|Leech Seed|p2a: Nidoking\n|-start|p2a: Nidoking|move: Leech Seed\n|\n|-heal|p1a: Ferrothorn|57\/100|[from] item: Leftovers\n|-damage|p2a: Nidoking|88\/100|[from] Leech Seed|[of] p1a: Ferrothorn\n|-heal|p1a: Ferrothorn|68\/100|[silent]\n|upkeep\n|turn|2\n|\n|t:|1701161686\n|move|p2a: Nidoking|Earth Power|p1a: Ferrothorn\n|-damage|p1a: Ferrothorn|20\/100\n|move|p1a: Ferrothorn|Knock Off|p2a: Nidoking\n|-damage|p2a: Nidoking|60\/100\n|-enditem|p2a: Nidoking|Life Orb|[from] move: Knock Off|[of] p1a: Ferrothorn\n|\n|-heal|p1a: Ferrothorn|26\/100|[from] item: Leftovers\n|-damage|p2a: Nidoking|48\/100|[from] Leech Seed|[of] p1a: Ferrothorn\n|-heal|p1a: Ferrothorn|37\/100|[silent]\n|upkeep\n|turn|3\n|\n|t:|1701161697\n|switch|p1a: Jellicent|Jellicent, M, shiny|100\/100\n|move|p2a: Nidoking|Flamethrower|p1a: Jellicent\n|-resisted|p1a: Jellicent\n|-damage|p1a: Jellicent|88\/100\n|\n|-heal|p1a: Jellicent|94\/100|[from] item: Leftovers\n|-damage|p2a: Nidoking|35\/100|[from] Leech Seed|[of] p1a: Jellicent\n|-heal|p1a: Jellicent|100\/100|[silent]\n|upkeep\n|turn|4\n|\n|t:|1701161705\n|move|p2a: Nidoking|Thunderbolt|p1a: Jellicent\n|-supereffective|p1a: Jellicent\n|-damage|p1a: Jellicent|49\/100\n|move|p1a: Jellicent|Scald|p2a: Nidoking\n|-supereffective|p2a: Nidoking\n|-damage|p2a: Nidoking|0 fnt\n|faint|p2a: Nidoking\n|\n|-heal|p1a: Jellicent|55\/100|[from] item: Leftovers\n|upkeep\n|\n|t:|1701161713\n|switch|p2a: Ferrothorn|Ferrothorn, F, shiny|100\/100\n|turn|5\n|\n|t:|1701161721\n|switch|p1a: Ferrothorn|Ferrothorn, M|37\/100\n|move|p2a: Ferrothorn|Stealth Rock|p1a: Ferrothorn\n|-sidestart|p1: Amos25|move: Stealth Rock\n|\n|-heal|p1a: Ferrothorn|43\/100|[from] item: Leftovers\n|upkeep\n|turn|6\n|\n|t:|1701161745\n|switch|p2a: Pelipper|Pelipper, F|100\/100\n|-weather|RainDance|[from] ability: Drizzle|[of] p2a: Pelipper\n|move|p1a: Ferrothorn|Spikes|p2a: Pelipper\n|-sidestart|p2: Krysta11|Spikes\n|\n|-weather|RainDance|[upkeep]\n|-heal|p1a: Ferrothorn|49\/100|[from] item: Leftovers\n|upkeep\n|turn|7\n|\n|t:|1701161760\n|move|p2a: Pelipper|Hurricane|p1a: Ferrothorn\n|-damage|p1a: Ferrothorn|21\/100\n|move|p1a: Ferrothorn|Spikes|p2a: Pelipper\n|-sidestart|p2: Krysta11|Spikes\n|\n|-weather|RainDance|[upkeep]\n|-heal|p1a: Ferrothorn|27\/100|[from] item: Leftovers\n|upkeep\n|turn|8\n|\n|t:|1701161767\n|switch|p1a: Jellicent|Jellicent, M, shiny|55\/100\n|-damage|p1a: Jellicent|43\/100|[from] Stealth Rock\n|move|p2a: Pelipper|Hurricane|p1a: Jellicent\n|-damage|p1a: Jellicent|13\/100\n|\n|-weather|RainDance|[upkeep]\n|-heal|p1a: Jellicent|19\/100|[from] item: Leftovers\n|upkeep\n|turn|9\n|\n|t:|1701161775\n|move|p2a: Pelipper|Hurricane|p1a: Jellicent\n|-damage|p1a: Jellicent|0 fnt\n|faint|p1a: Jellicent\n|\n|-weather|RainDance|[upkeep]\n|upkeep\n|\n|t:|1701161785\n|switch|p1a: Tapu Lele|Tapu Lele, shiny|100\/100\n|-damage|p1a: Tapu Lele|88\/100|[from] Stealth Rock\n|-fieldstart|move: Psychic Terrain|[from] ability: Psychic Surge|[of] p1a: Tapu Lele\n|turn|10\n|\n|t:|1701161794\n|move|p1a: Tapu Lele|Thunderbolt|p2a: Pelipper\n|-supereffective|p2a: Pelipper\n|-enditem|p2a: Pelipper|Focus Sash\n|-damage|p2a: Pelipper|1\/100\n|move|p2a: Pelipper|U-turn|p1a: Tapu Lele\n|-damage|p1a: Tapu Lele|74\/100\n|\n|t:|1701161805\n|switch|p2a: Ferrothorn|Ferrothorn, F, shiny|100\/100|[from] U-turn\n|-damage|p2a: Ferrothorn|84\/100|[from] Spikes\n|\n|-weather|none\n|upkeep\n|turn|11\n|\n|t:|1701161819\n|switch|p1a: Heatran|Heatran, F|100\/100\n|-damage|p1a: Heatran|88\/100|[from] Stealth Rock\n|move|p2a: Ferrothorn|Gyro Ball|p1a: Heatran\n|-resisted|p1a: Heatran\n|-damage|p1a: Heatran|82\/100\n|\n|-heal|p1a: Heatran|88\/100|[from] item: Leftovers\n|upkeep\n|turn|12\n|\n|t:|1701161831\n|switch|p2a: Pelipper|Pelipper, F|1\/100\n|-weather|RainDance|[from] ability: Drizzle|[of] p2a: Pelipper\n|move|p1a: Heatran|Magma Storm|p2a: Pelipper\n|-resisted|p2a: Pelipper\n|-damage|p2a: Pelipper|0 fnt\n|faint|p2a: Pelipper\n|\n|-weather|RainDance|[upkeep]\n|-heal|p1a: Heatran|94\/100|[from] item: Leftovers\n|upkeep\n|\n|t:|1701161837\n|switch|p2a: Swampert|Swampert, M|100\/100\n|-damage|p2a: Swampert|84\/100|[from] Spikes\n|turn|13\n|\n|t:|1701161842\n|switch|p1a: Ferrothorn|Ferrothorn, M|27\/100\n|-damage|p1a: Ferrothorn|21\/100|[from] Stealth Rock\n|detailschange|p2a: Swampert|Swampert-Mega, M\n|-mega|p2a: Swampert|Swampert|Swampertite\n|move|p2a: Swampert|Earthquake|p1a: Ferrothorn\n|-damage|p1a: Ferrothorn|0 fnt\n|faint|p1a: Ferrothorn\n|\n|-weather|RainDance|[upkeep]\n|upkeep\n|\n|t:|1701161853\n|switch|p1a: Sneasler|Sneasler, M|100\/100\n|-damage|p1a: Sneasler|95\/100|[from] Stealth Rock\n|-enditem|p1a: Sneasler|Psychic Seed\n|-boost|p1a: Sneasler|spd|1|[from] item: Psychic Seed\n|turn|14\n|\n|t:|1701161861\n|-terastallize|p1a: Sneasler|Flying\n|move|p1a: Sneasler|Swords Dance|p1a: Sneasler\n|-boost|p1a: Sneasler|atk|2\n|move|p2a: Swampert|Earthquake|p1a: Sneasler\n|-immune|p1a: Sneasler\n|\n|-weather|RainDance|[upkeep]\n|-fieldend|move: Psychic Terrain\n|upkeep\n|turn|15\n|\n|t:|1701161871\n|move|p1a: Sneasler|Acrobatics|p2a: Swampert\n|-damage|p2a: Swampert|0 fnt\n|faint|p2a: Swampert\n|\n|-weather|RainDance|[upkeep]\n|upkeep\n|\n|t:|1701161876\n|switch|p2a: Landorus|Landorus-Therian, M|100\/100\n|-ability|p2a: Landorus|Intimidate|boost\n|-unboost|p1a: Sneasler|atk|1\n|turn|16\n|\n|t:|1701161880\n|move|p1a: Sneasler|Acrobatics|p2a: Landorus\n|-damage|p2a: Landorus|15\/100\n|-zpower|p2a: Landorus\n|move|p2a: Landorus|Continental Crush|p1a: Sneasler|[zeffect]\n|-supereffective|p1a: Sneasler\n|-damage|p1a: Sneasler|0 fnt\n|faint|p1a: Sneasler\n|\n|-weather|none\n|upkeep\n|\n|t:|1701161886\n|switch|p1a: Tapu Lele|Tapu Lele, shiny|74\/100\n|-damage|p1a: Tapu Lele|62\/100|[from] Stealth Rock\n|-fieldstart|move: Psychic Terrain|[from] ability: Psychic Surge|[of] p1a: Tapu Lele\n|turn|17\n|\n|t:|1701161892\n|switch|p2a: Ferrothorn|Ferrothorn, F, shiny|84\/100\n|-damage|p2a: Ferrothorn|68\/100|[from] Spikes\n|move|p1a: Tapu Lele|Psyshock|p2a: Ferrothorn\n|-resisted|p2a: Ferrothorn\n|-damage|p2a: Ferrothorn|50\/100\n|\n|upkeep\n|turn|18\n|\n|t:|1701161898\n|switch|p1a: Kyurem|Kyurem, shiny|100\/100\n|-ability|p1a: Kyurem|Pressure\n|move|p2a: Ferrothorn|Leech Seed|p1a: Kyurem|[miss]\n|-miss|p2a: Ferrothorn|p1a: Kyurem\n|\n|upkeep\n|turn|19\n|\n|t:|1701161905\n|move|p1a: Kyurem|Substitute|p1a: Kyurem\n|-start|p1a: Kyurem|Substitute\n|-damage|p1a: Kyurem|76\/100\n|move|p2a: Ferrothorn|Leech Seed||[still]\n|-fail|p2a: Ferrothorn\n|\n|upkeep\n|turn|20\n|\n|t:|1701161928\n|move|p1a: Kyurem|Earth Power|p2a: Ferrothorn\n|-damage|p2a: Ferrothorn|22\/100\n|move|p2a: Ferrothorn|Gyro Ball|p1a: Kyurem\n|-supereffective|p1a: Kyurem\n|-end|p1a: Kyurem|Substitute\n|\n|upkeep\n|turn|21\n|\n|t:|1701161935\n|move|p1a: Kyurem|Freeze-Dry|p2a: Ferrothorn\n|-damage|p2a: Ferrothorn|0 fnt\n|faint|p2a: Ferrothorn\n|\n|-fieldend|move: Psychic Terrain\n|upkeep\n|\n|t:|1701161944\n|switch|p2a: Urshifu|Urshifu-Rapid-Strike, F|100\/100\n|-damage|p2a: Urshifu|84\/100|[from] Spikes\n|turn|22\n|\n|t:|1701161949\n|-terastallize|p2a: Urshifu|Fighting\n|move|p2a: Urshifu|Close Combat|p1a: Kyurem\n|-supereffective|p1a: Kyurem\n|-damage|p1a: Kyurem|0 fnt\n|-unboost|p2a: Urshifu|def|1\n|-unboost|p2a: Urshifu|spd|1\n|faint|p1a: Kyurem\n|\n|upkeep\n|\n|t:|1701161953\n|switch|p1a: Tapu Lele|Tapu Lele, shiny|62\/100\n|-damage|p1a: Tapu Lele|49\/100|[from] Stealth Rock\n|-fieldstart|move: Psychic Terrain|[from] ability: Psychic Surge|[of] p1a: Tapu Lele\n|turn|23\n|\n|t:|1701161961\n|switch|p2a: Landorus|Landorus-Therian, M|15\/100\n|-ability|p2a: Landorus|Intimidate|boost\n|-unboost|p1a: Tapu Lele|atk|1\n|move|p1a: Tapu Lele|Moonblast|p2a: Landorus\n|-damage|p2a: Landorus|0 fnt\n|faint|p2a: Landorus\n|\n|upkeep\n|\n|t:|1701161968\n|switch|p2a: Urshifu|Urshifu-Rapid-Strike, F, tera:Fighting|84\/100\n|-damage|p2a: Urshifu|67\/100|[from] Spikes\n|turn|24\n|\n|t:|1701161973\n|move|p2a: Urshifu|Surging Strikes|p1a: Tapu Lele\n|-crit|p1a: Tapu Lele\n|-damage|p1a: Tapu Lele|17\/100\n|-crit|p1a: Tapu Lele\n|-damage|p1a: Tapu Lele|0 fnt\n|faint|p1a: Tapu Lele\n|-hitcount|p1: Tapu Lele|2\n|\n|upkeep\n|\n|t:|1701161975\n|switch|p1a: Heatran|Heatran, F|94\/100\n|-damage|p1a: Heatran|82\/100|[from] Stealth Rock\n|turn|25\n|\n|t:|1701161979\n|move|p2a: Urshifu|Surging Strikes|p1a: Heatran\n|-supereffective|p1a: Heatran\n|-crit|p1a: Heatran\n|-damage|p1a: Heatran|45\/100\n|-supereffective|p1a: Heatran\n|-crit|p1a: Heatran\n|-damage|p1a: Heatran|11\/100\n|-supereffective|p1a: Heatran\n|-crit|p1a: Heatran\n|-damage|p1a: Heatran|0 fnt\n|faint|p1a: Heatran\n|-hitcount|p1: Heatran|3\n|\n|win|Krysta11\n|raw|Amos25's rating: 1342 &rarr; <strong>1318<\/strong><br \/>(-24 for losing)\n|raw|Krysta11's rating: 1274 &rarr; <strong>1304<\/strong><br \/>(+30 for winning)\n|l|\u2606Amos25\n|c|\u2606Krysta11|gg\n","uploadtime":1701161994,"views":1,"p1id":"amos25","p2id":"krysta11","formatid":"gen9nationaldex","rating":1304,"private":0,"password":""}