{"id":"gen9nationaldex-1987377914","p1":"Jam20Jam","p2":"lunchbox5536","format":"[Gen 9] National Dex","log":"|j|\u2606Jam20Jam\n|j|\u2606lunchbox5536\n|t:|1699583745\n|gametype|singles\n|player|p1|Jam20Jam|carmine|\n|player|p2|lunchbox5536|ghetsis|\n|teamsize|p1|6\n|teamsize|p2|6\n|gen|9\n|tier|[Gen 9] National Dex\n|rule|HP Percentage Mod: HP is shown in percentages\n|rule|Endless Battle Clause: Forcing endless battles is banned\n|rule|OHKO Clause: OHKO moves are banned\n|rule|Evasion Clause: Evasion abilities, items, and moves are banned\n|rule|Evasion Abilities Clause: Evasion abilities are banned\n|rule|Evasion Items Clause: Evasion items are banned\n|rule|Evasion Moves Clause: Evasion moves are banned\n|rule|Species Clause: Limit one of each Pok\u00e9mon\n|rule|Sleep Clause Mod: Limit one foe put to sleep\n|clearpoke\n|poke|p1|Amoonguss, F|\n|poke|p1|Skeledirge, F|\n|poke|p1|Cetitan, M|\n|poke|p1|Grimer-Alola, M|\n|poke|p1|Coalossal, M|\n|poke|p1|Veluza, M|\n|poke|p2|Torkoal, M|\n|poke|p2|Zoroark-Hisui, F|\n|poke|p2|Grimmsnarl, M|\n|poke|p2|Articuno|\n|poke|p2|Klawf, F|\n|poke|p2|Shelgon, M|\n|teampreview\n|\n|t:|1699583756\n|start\n|switch|p1a: Grimer|Grimer-Alola, M|100\/100\n|switch|p2a: Krampus|Grimmsnarl, M|100\/100\n|turn|1\n|\n|t:|1699583777\n|-terastallize|p2a: Krampus|Steel\n|move|p2a: Krampus|Spirit Break|p1a: Grimer\n|-damage|p1a: Grimer|55\/100\n|-unboost|p1a: Grimer|spa|1\n|move|p1a: Grimer|Knock Off|p2a: Krampus\n|-damage|p2a: Krampus|51\/100\n|-enditem|p2a: Krampus|Mirror Herb|[from] move: Knock Off|[of] p1a: Grimer\n|-enditem|p1a: Grimer|Eviolite|[silent]|[from] ability: Pickpocket|[of] p1a: Grimer\n|-item|p2a: Krampus|Eviolite|[from] ability: Pickpocket|[of] p1a: Grimer\n|\n|upkeep\n|turn|2\n|j| HeirEhm\n|\n|t:|1699583802\n|move|p2a: Krampus|Spirit Break|p1a: Grimer\n|-damage|p1a: Grimer|0 fnt\n|faint|p1a: Grimer\n|\n|upkeep\n|\n|t:|1699583813\n|switch|p1a: Skeledirge|Skeledirge, F|100\/100\n|turn|3\n|\n|t:|1699583825\n|move|p1a: Skeledirge|Torch Song|p2a: Krampus\n|-supereffective|p2a: Krampus\n|-damage|p2a: Krampus|0 fnt\n|-boost|p1a: Skeledirge|spa|1\n|faint|p2a: Krampus\n|\n|upkeep\n|\n|t:|1699583850\n|switch|p2a: Klawf|Klawf, F|100\/100\n|turn|4\n|\n|t:|1699583877\n|-terastallize|p1a: Skeledirge|Fire\n|move|p2a: Klawf|Crabhammer|p1a: Skeledirge\n|-supereffective|p1a: Skeledirge\n|-damage|p1a: Skeledirge|54\/100\n|move|p1a: Skeledirge|Shadow Ball|p2a: Klawf\n|-damage|p2a: Klawf|0 fnt\n|faint|p2a: Klawf\n|\n|upkeep\n|\n|t:|1699583901\n|switch|p2a: Praise The Sun|Torkoal, M|100\/100\n|-weather|SunnyDay|[from] ability: Drought|[of] p2a: Praise The Sun\n|turn|5\n|\n|t:|1699583922\n|move|p1a: Skeledirge|Earth Power|p2a: Praise The Sun\n|-supereffective|p2a: Praise The Sun\n|-damage|p2a: Praise The Sun|22\/100\n|move|p2a: Praise The Sun|Earth Power|p1a: Skeledirge\n|-supereffective|p1a: Skeledirge\n|-damage|p1a: Skeledirge|21\/100\n|\n|-weather|SunnyDay|[upkeep]\n|upkeep\n|turn|6\n|\n|t:|1699583932\n|switch|p2a: Vanilla Ice|Articuno|100\/100\n|-ability|p2a: Vanilla Ice|Pressure\n|move|p1a: Skeledirge|Torch Song|p2a: Vanilla Ice\n|-supereffective|p2a: Vanilla Ice\n|-damage|p2a: Vanilla Ice|0 fnt\n|-boost|p1a: Skeledirge|spa|1\n|faint|p2a: Vanilla Ice\n|\n|-weather|SunnyDay|[upkeep]\n|upkeep\n|\n|t:|1699583942\n|switch|p2a: Praise The Sun|Torkoal, M|100\/100\n|turn|7\n|\n|t:|1699583960\n|move|p2a: Praise The Sun|Shadow Ball|p1a: Skeledirge\n|-damage|p1a: Skeledirge|0 fnt\n|faint|p1a: Skeledirge\n|-damage|p2a: Praise The Sun|91\/100|[from] item: Life Orb\n|\n|-weather|SunnyDay|[upkeep]\n|upkeep\n|\n|t:|1699583970\n|switch|p1a: Amoonguss|Amoonguss, F|100\/100\n|turn|8\n|\n|t:|1699583988\n|switch|p2a: Praise The Sun|Torkoal, M|22\/100\n|move|p1a: Amoonguss|Toxic|p2a: Praise The Sun\n|-status|p2a: Praise The Sun|tox\n|\n|-weather|SunnyDay|[upkeep]\n|-damage|p2a: Praise The Sun|16\/100 tox|[from] psn\n|upkeep\n|turn|9\n|\n|t:|1699583999\n|switch|p1a: Coalossal|Coalossal, M|100\/100\n|move|p2a: Praise The Sun|Overheat|p1a: Coalossal\n|-resisted|p1a: Coalossal\n|-damage|p1a: Coalossal|82\/100\n|-unboost|p2a: Praise The Sun|spa|2\n|-ability|p1a: Coalossal|Steam Engine|boost\n|-boost|p1a: Coalossal|spe|6\n|\n|-weather|none\n|-damage|p2a: Praise The Sun|3\/100 tox|[from] psn\n|upkeep\n|turn|10\n|\n|t:|1699584018\n|move|p1a: Coalossal|Power Gem|p2a: Praise The Sun\n|-supereffective|p2a: Praise The Sun\n|-damage|p2a: Praise The Sun|0 fnt\n|faint|p2a: Praise The Sun\n|-damage|p1a: Coalossal|72\/100|[from] item: Life Orb\n|\n|upkeep\n|\n|t:|1699584028\n|switch|p2a: Hello and Goodbye|Shelgon, M|100\/100\n|turn|11\n|\n|t:|1699584040\n|move|p1a: Coalossal|Earth Power|p2a: Hello and Goodbye\n|-damage|p2a: Hello and Goodbye|33\/100\n|-damage|p1a: Coalossal|62\/100|[from] item: Life Orb\n|move|p2a: Hello and Goodbye|Iron Head|p1a: Coalossal\n|-damage|p1a: Coalossal|46\/100\n|\n|upkeep\n|turn|12\n|\n|t:|1699584047\n|move|p1a: Coalossal|Earth Power|p2a: Hello and Goodbye\n|-damage|p2a: Hello and Goodbye|0 fnt\n|faint|p2a: Hello and Goodbye\n|-damage|p1a: Coalossal|36\/100|[from] item: Life Orb\n|\n|upkeep\n|\n|t:|1699584052\n|switch|p2a: Oh Hi There|Zoroark-Hisui, F, shiny|91\/100\n|turn|13\n|\n|t:|1699584057\n|move|p1a: Coalossal|Flamethrower|p2a: Oh Hi There\n|-damage|p2a: Oh Hi There|6\/100\n|-status|p2a: Oh Hi There|brn\n|-damage|p1a: Coalossal|26\/100|[from] item: Life Orb\n|move|p2a: Oh Hi There|Grass Knot|p1a: Coalossal\n|-damage|p1a: Coalossal|0 fnt\n|faint|p1a: Coalossal\n|-damage|p2a: Oh Hi There|0 fnt|[from] item: Life Orb\n|faint|p2a: Oh Hi There\n|\n|win|Jam20Jam\n","uploadtime":1699584070,"views":6,"p1id":"jam20jam","p2id":"lunchbox5536","formatid":"gen9nationaldex","rating":0,"private":0,"password":""}