{"id":"gen9nationaldex-1989151648","p1":"Azu_CriticalXD","p2":"Oxxo_ntsm","format":"[Gen 9] National Dex","log":"|j|\u2606Azu_CriticalXD\n|j|\u2606Oxxo_ntsm\n|t:|1699817718\n|gametype|singles\n|player|p1|Azu_CriticalXD|ltsurge|\n|player|p2|Oxxo_ntsm|hilbert-wonderlauncher|\n|teamsize|p1|6\n|teamsize|p2|6\n|gen|9\n|tier|[Gen 9] National Dex\n|rule|HP Percentage Mod: HP is shown in percentages\n|rule|Endless Battle Clause: Forcing endless battles is banned\n|rule|OHKO Clause: OHKO moves are banned\n|rule|Evasion Clause: Evasion abilities, items, and moves are banned\n|rule|Evasion Abilities Clause: Evasion abilities are banned\n|rule|Evasion Items Clause: Evasion items are banned\n|rule|Evasion Moves Clause: Evasion moves are banned\n|rule|Species Clause: Limit one of each Pok\u00e9mon\n|rule|Sleep Clause Mod: Limit one foe put to sleep\n|clearpoke\n|poke|p1|Regigigas|\n|poke|p1|Zoroark-Hisui, M|\n|poke|p1|Komala, F|\n|poke|p1|Ursaluna, F|\n|poke|p1|Pidgeot, F|\n|poke|p1|Porygon-Z|\n|poke|p2|Charizard, M|\n|poke|p2|Volcarona, F|\n|poke|p2|Victini|\n|poke|p2|Ceruledge, M|\n|poke|p2|Chandelure, F|\n|poke|p2|Flareon, M|\n|teampreview\n|inactive|Battle timer is ON: inactive players will automatically lose when time's up. (requested by Oxxo_ntsm)\n|c|\u2606Oxxo_ntsm|Buena suerte\n|\n|t:|1699817741\n|start\n|switch|p1a: Fancie|Ursaluna, F, shiny|100\/100\n|switch|p2a: Nacho|Flareon, M|100\/100\n|turn|1\n|c|\u2606Azu_CriticalXD|igual\n|\n|t:|1699817754\n|move|p2a: Nacho|Return|p1a: Fancie\n|-damage|p1a: Fancie|82\/100\n|move|p1a: Fancie|Earthquake|p2a: Nacho\n|-supereffective|p2a: Nacho\n|-damage|p2a: Nacho|0 fnt\n|faint|p2a: Nacho\n|\n|-status|p1a: Fancie|brn|[from] item: Flame Orb\n|upkeep\n|\n|t:|1699817773\n|switch|p2a: Destripachorizo|Charizard, M, shiny|100\/100\n|turn|2\n|\n|t:|1699817782\n|detailschange|p2a: Destripachorizo|Charizard-Mega-Y, M, shiny\n|-mega|p2a: Destripachorizo|Charizard|Charizardite Y\n|-weather|SunnyDay|[from] ability: Drought|[of] p2a: Destripachorizo\n|move|p2a: Destripachorizo|Solar Beam||[still]\n|-prepare|p2a: Destripachorizo|Solar Beam\n|-anim|p2a: Destripachorizo|Solar Beam|p1a: Fancie\n|-supereffective|p1a: Fancie\n|-damage|p1a: Fancie|0 fnt\n|faint|p1a: Fancie\n|\n|-weather|SunnyDay|[upkeep]\n|upkeep\n|\n|t:|1699817796\n|switch|p1a: Glitchy.exe|Porygon-Z, shiny|100\/100\n|-ability|p1a: Glitchy.exe|Download|boost\n|-boost|p1a: Glitchy.exe|atk|1\n|turn|3\n|\n|t:|1699817802\n|move|p1a: Glitchy.exe|Thunderbolt|p2a: Destripachorizo\n|-supereffective|p2a: Destripachorizo\n|-damage|p2a: Destripachorizo|38\/100\n|move|p2a: Destripachorizo|Ancient Power|p1a: Glitchy.exe\n|-damage|p1a: Glitchy.exe|69\/100\n|\n|-weather|SunnyDay|[upkeep]\n|upkeep\n|turn|4\n|\n|t:|1699817819\n|switch|p2a: Vic|Victini|100\/100\n|move|p1a: Glitchy.exe|Thunderbolt|p2a: Vic\n|-damage|p2a: Vic|83\/100\n|\n|-weather|SunnyDay|[upkeep]\n|upkeep\n|turn|5\n|\n|t:|1699817834\n|switch|p1a: Zigzag|Komala, F, shiny|100\/100\n|-ability|p1a: Zigzag|Comatose\n|move|p2a: Vic|V-create|p1a: Zigzag\n|-damage|p1a: Zigzag|0 fnt\n|-unboost|p2a: Vic|spe|1\n|-unboost|p2a: Vic|def|1\n|-unboost|p2a: Vic|spd|1\n|faint|p1a: Zigzag\n|\n|-weather|SunnyDay|[upkeep]\n|upkeep\n|inactive|Azu_CriticalXD has 270 seconds left.\n|\n|t:|1699817866\n|switch|p1a: Dashy|Pidgeot, F, shiny|100\/100\n|turn|6\n|inactive|Azu_CriticalXD has 270 seconds left.\n|\n|t:|1699817871\n|detailschange|p1a: Dashy|Pidgeot-Mega, F, shiny\n|-mega|p1a: Dashy|Pidgeot|Pidgeotite\n|move|p1a: Dashy|Hurricane|p2a: Vic\n|-damage|p2a: Vic|31\/100\n|-start|p2a: Vic|confusion\n|-activate|p2a: Vic|confusion\n|move|p2a: Vic|Fusion Bolt|p1a: Dashy\n|-supereffective|p1a: Dashy\n|-damage|p1a: Dashy|21\/100\n|\n|-weather|none\n|upkeep\n|turn|7\n|\n|t:|1699817890\n|switch|p2a: Shin Chan|Chandelure, F|100\/100\n|move|p1a: Dashy|Hurricane|p2a: Shin Chan\n|-crit|p2a: Shin Chan\n|-damage|p2a: Shin Chan|7\/100\n|\n|-heal|p2a: Shin Chan|13\/100|[from] item: Leftovers\n|upkeep\n|turn|8\n|\n|t:|1699817904\n|move|p1a: Dashy|Hurricane|p2a: Shin Chan\n|-damage|p2a: Shin Chan|0 fnt\n|faint|p2a: Shin Chan\n|\n|upkeep\n|\n|t:|1699817915\n|switch|p2a: Destripachorizo|Charizard-Mega-Y, M, shiny|38\/100\n|-weather|SunnyDay|[from] ability: Drought|[of] p2a: Destripachorizo\n|turn|9\n|\n|t:|1699817924\n|move|p1a: Dashy|Hurricane|p2a: Destripachorizo\n|-damage|p2a: Destripachorizo|0 fnt\n|faint|p2a: Destripachorizo\n|\n|-weather|SunnyDay|[upkeep]\n|upkeep\n|\n|t:|1699817931\n|switch|p2a: Anakin|Ceruledge, M|100\/100\n|turn|10\n|\n|t:|1699817941\n|move|p1a: Dashy|Hurricane|p2a: Anakin\n|-damage|p2a: Anakin|27\/100\n|move|p2a: Anakin|Bitter Blade|p1a: Dashy\n|-damage|p1a: Dashy|0 fnt\n|-heal|p2a: Anakin|38\/100|[from] drain|[of] p1a: Dashy\n|faint|p1a: Dashy\n|\n|-weather|SunnyDay|[upkeep]\n|upkeep\n|\n|t:|1699817955\n|switch|p1a: Glitchy.exe|Porygon-Z, shiny|69\/100\n|-ability|p1a: Glitchy.exe|Download|boost\n|-boost|p1a: Glitchy.exe|atk|1\n|turn|11\n|\n|t:|1699817965\n|move|p1a: Glitchy.exe|Shadow Ball|p2a: Anakin\n|-supereffective|p2a: Anakin\n|-damage|p2a: Anakin|0 fnt\n|faint|p2a: Anakin\n|\n|-weather|SunnyDay|[upkeep]\n|upkeep\n|\n|t:|1699817978\n|switch|p2a: Mothra|Volcarona, F|100\/100\n|turn|12\n|\n|t:|1699817988\n|switch|p1a: Mecha|Regigigas, shiny|100\/100\n|-start|p1a: Mecha|ability: Slow Start\n|-terastallize|p2a: Mothra|Ground\n|move|p2a: Mothra|Bug Buzz|p1a: Mecha\n|-damage|p1a: Mecha|52\/100\n|\n|-weather|SunnyDay|[upkeep]\n|-heal|p1a: Mecha|58\/100|[from] item: Leftovers\n|upkeep\n|turn|13\n|\n|t:|1699818004\n|move|p2a: Mothra|Quiver Dance|p2a: Mothra\n|-boost|p2a: Mothra|spa|1\n|-boost|p2a: Mothra|spd|1\n|-boost|p2a: Mothra|spe|1\n|move|p1a: Mecha|Thunder Wave|p2a: Mothra\n|-immune|p2a: Mothra\n|\n|-weather|none\n|-heal|p1a: Mecha|64\/100|[from] item: Leftovers\n|upkeep\n|turn|14\n|\n|t:|1699818018\n|move|p2a: Mothra|Tera Blast|p1a: Mecha|[anim] Tera Blast Ground\n|-damage|p1a: Mecha|6\/100\n|move|p1a: Mecha|Avalanche|p2a: Mothra\n|-supereffective|p2a: Mothra\n|-damage|p2a: Mothra|18\/100\n|\n|-heal|p1a: Mecha|12\/100|[from] item: Leftovers\n|upkeep\n|turn|15\n|c|\u2606Azu_CriticalXD|tamadre lo vi el icono de tierra jaja\n|\n|t:|1699818035\n|move|p2a: Mothra|Fiery Dance|p1a: Mecha\n|-damage|p1a: Mecha|0 fnt\n|faint|p1a: Mecha\n|-end|p1a: Mecha|Slow Start|[silent]\n|\n|upkeep\n|\n|t:|1699818052\n|switch|p1a: Glitchy.exe|Porygon-Z, shiny|69\/100\n|-ability|p1a: Glitchy.exe|Download|boost\n|-boost|p1a: Glitchy.exe|atk|1\n|turn|16\n|\n|t:|1699818060\n|move|p1a: Glitchy.exe|Ice Beam|p2a: Mothra\n|-supereffective|p2a: Mothra\n|-damage|p2a: Mothra|0 fnt\n|faint|p2a: Mothra\n|\n|upkeep\n|\n|t:|1699818065\n|switch|p2a: Vic|Victini|31\/100\n|turn|17\n|\n|t:|1699818073\n|move|p1a: Glitchy.exe|Ice Beam|p2a: Vic\n|-resisted|p2a: Vic\n|-damage|p2a: Vic|22\/100\n|move|p2a: Vic|V-create|p1a: Glitchy.exe\n|-damage|p1a: Glitchy.exe|0 fnt\n|-unboost|p2a: Vic|spe|1\n|-unboost|p2a: Vic|def|1\n|-unboost|p2a: Vic|spd|1\n|faint|p1a: Glitchy.exe\n|\n|upkeep\n|\n|t:|1699818082\n|switch|p1a: Zero|Zoroark-Hisui, M, shiny|100\/100\n|turn|18\n|\n|t:|1699818094\n|move|p1a: Zero|Hyper Voice|p2a: Vic\n|-damage|p2a: Vic|0 fnt\n|faint|p2a: Vic\n|\n|win|Azu_CriticalXD\n|c|\u2606Oxxo_ntsm|gg\n|c|\u2606Azu_CriticalXD|wenarda\n|c|\u2606Azu_CriticalXD|gg\n","uploadtime":1699818104,"views":8,"p1id":"azucriticalxd","p2id":"oxxontsm","formatid":"gen9nationaldex","rating":0,"private":0,"password":""}