{"id":"gen9nationaldex-1987633290","p1":"LIBIBI233","p2":"fluffersmcsheep","format":"[Gen 9] National Dex","log":"|j|\u2606LIBIBI233\n|j|\u2606fluffersmcsheep\n|t:|1699622085\n|gametype|singles\n|player|p1|LIBIBI233|red|1792\n|player|p2|fluffersmcsheep|scientistf|1685\n|teamsize|p1|6\n|teamsize|p2|6\n|gen|9\n|tier|[Gen 9] National Dex\n|rated|\n|rule|HP Percentage Mod: HP is shown in percentages\n|rule|Endless Battle Clause: Forcing endless battles is banned\n|rule|OHKO Clause: OHKO moves are banned\n|rule|Evasion Clause: Evasion abilities, items, and moves are banned\n|rule|Evasion Abilities Clause: Evasion abilities are banned\n|rule|Evasion Items Clause: Evasion items are banned\n|rule|Evasion Moves Clause: Evasion moves are banned\n|rule|Species Clause: Limit one of each Pok\u00e9mon\n|rule|Sleep Clause Mod: Limit one foe put to sleep\n|clearpoke\n|poke|p1|Tapu Koko|\n|poke|p1|Iron Valiant|\n|poke|p1|Iron Moth|\n|poke|p1|Excadrill, F|\n|poke|p1|Rotom-Wash|\n|poke|p1|Dragonite, F|\n|poke|p2|Ceruledge, F|\n|poke|p2|Kommo-o, M|\n|poke|p2|Urshifu-*, F|\n|poke|p2|Xurkitree|\n|poke|p2|Cinderace, F|\n|poke|p2|Polteageist|\n|teampreview\n|inactive|Battle timer is ON: inactive players will automatically lose when time's up. (requested by fluffersmcsheep)\n|\n|t:|1699622110\n|start\n|switch|p1a: Tapu Koko|Tapu Koko|100\/100\n|switch|p2a: Ceruledge|Ceruledge, F|100\/100\n|-fieldstart|move: Electric Terrain|[from] ability: Electric Surge|[of] p1a: Tapu Koko\n|turn|1\n|\n|t:|1699622119\n|move|p1a: Tapu Koko|Thunderbolt|p2a: Ceruledge\n|-damage|p2a: Ceruledge|46\/100\n|move|p2a: Ceruledge|Swords Dance|p2a: Ceruledge\n|-boost|p2a: Ceruledge|atk|2\n|\n|upkeep\n|turn|2\n|\n|t:|1699622124\n|move|p1a: Tapu Koko|Thunderbolt|p2a: Ceruledge\n|-damage|p2a: Ceruledge|0 fnt\n|faint|p2a: Ceruledge\n|\n|upkeep\n|\n|t:|1699622131\n|switch|p2a: Polteageist|Polteageist|100\/100\n|turn|3\n|\n|t:|1699622144\n|move|p1a: Tapu Koko|U-turn|p2a: Polteageist\n|-resisted|p2a: Polteageist\n|-damage|p2a: Polteageist|86\/100\n|-ability|p2a: Polteageist|Weak Armor|boost\n|-unboost|p2a: Polteageist|def|1\n|-boost|p2a: Polteageist|spe|2\n|\n|t:|1699622156\n|switch|p1a: Excadrill|Excadrill, F|100\/100|[from] U-turn\n|-ability|p1a: Excadrill|Mold Breaker\n|move|p2a: Polteageist|Shell Smash|p2a: Polteageist\n|-unboost|p2a: Polteageist|def|1\n|-unboost|p2a: Polteageist|spd|1\n|-boost|p2a: Polteageist|atk|2\n|-boost|p2a: Polteageist|spa|2\n|-boost|p2a: Polteageist|spe|2\n|\n|upkeep\n|turn|4\n|\n|t:|1699622162\n|move|p2a: Polteageist|Shadow Ball|p1a: Excadrill\n|-damage|p1a: Excadrill|33\/100\n|move|p1a: Excadrill|Earthquake|p2a: Polteageist\n|-damage|p2a: Polteageist|0 fnt\n|faint|p2a: Polteageist\n|\n|-heal|p1a: Excadrill|39\/100|[from] item: Leftovers\n|upkeep\n|\n|t:|1699622173\n|switch|p2a: Cinderace|Cinderace, F|100\/100\n|turn|5\n|l|\u2606LIBIBI233\n|inactive|LIBIBI233 disconnected and has a minute to reconnect!\n|player|p1|\n|j|\u2606LIBIBI233\n|inactive|LIBIBI233 reconnected and has 130 seconds left.\n|player|p1|LIBIBI233|red\n|\n|t:|1699622201\n|switch|p1a: Rotom|Rotom-Wash|100\/100\n|move|p2a: Cinderace|Pyro Ball|p1a: Rotom\n|-resisted|p1a: Rotom\n|-damage|p1a: Rotom|77\/100\n|\n|-heal|p1a: Rotom|83\/100|[from] item: Leftovers\n|upkeep\n|turn|6\n|\n|t:|1699622210\n|switch|p2a: Urshifu|Urshifu-Rapid-Strike, F|100\/100\n|move|p1a: Rotom|Volt Switch|p2a: Urshifu\n|-supereffective|p2a: Urshifu\n|-damage|p2a: Urshifu|25\/100\n|\n|t:|1699622215\n|switch|p1a: Iron Valiant|Iron Valiant|100\/100|[from] Volt Switch\n|-activate|p1a: Iron Valiant|ability: Quark Drive\n|-start|p1a: Iron Valiant|quarkdrivespe\n|\n|upkeep\n|turn|7\n|\n|t:|1699622225\n|move|p1a: Iron Valiant|Moonblast|p2a: Urshifu\n|-supereffective|p2a: Urshifu\n|-damage|p2a: Urshifu|0 fnt\n|faint|p2a: Urshifu\n|\n|upkeep\n|\n|t:|1699622237\n|switch|p2a: Kommo-o|Kommo-o, M|100\/100\n|turn|8\n|\n|t:|1699622261\n|-terastallize|p2a: Kommo-o|Steel\n|move|p1a: Iron Valiant|Close Combat|p2a: Kommo-o\n|-supereffective|p2a: Kommo-o\n|-damage|p2a: Kommo-o|8\/100\n|-unboost|p1a: Iron Valiant|def|1\n|-unboost|p1a: Iron Valiant|spd|1\n|-enditem|p2a: Kommo-o|Salac Berry|[eat]\n|-boost|p2a: Kommo-o|spe|1|[from] item: Salac Berry\n|move|p2a: Kommo-o|Substitute|p2a: Kommo-o\n|-fail|p2a: Kommo-o|move: Substitute|[weak]\n|\n|-fieldend|move: Electric Terrain\n|-end|p1a: Iron Valiant|Quark Drive\n|upkeep\n|turn|9\n|-message|fluffersmcsheep forfeited.\n|\n|win|LIBIBI233\n|raw|LIBIBI233's rating: 1792 &rarr; <strong>1806<\/strong><br \/>(+14 for winning)\n|raw|fluffersmcsheep's rating: 1685 &rarr; <strong>1671<\/strong><br \/>(-14 for losing)\n|l|\u2606fluffersmcsheep\n","uploadtime":1699622277,"views":4,"p1id":"libibi233","p2id":"fluffersmcsheep","formatid":"gen9nationaldex","rating":1671,"private":0,"password":""}