{"id":"gen9nationaldex-1998488966","p1":"mrstiffnipleton","p2":"Reine Booette","format":"[Gen 9] National Dex","log":"|html|<div class=\"broadcast-blue\"><strong>[Gen 9] National Dex is currently suspecting Sneasler! For information on how to participate check out the <a href=\"https:\/\/www.smogon.com\/forums\/threads\/sv-national-dex-suspect-8-just-dance.3731534\/\">suspect thread<\/a>.<\/strong><\/div>\n|j|\u2606mrstiffnipleton\n|j|\u2606Reine Booette\n|t:|1700948070\n|gametype|singles\n|player|p1|mrstiffnipleton|brock|1190\n|player|p2|Reine Booette|maid|1199\n|teamsize|p1|6\n|teamsize|p2|6\n|gen|9\n|tier|[Gen 9] National Dex\n|rated|\n|rule|HP Percentage Mod: HP is shown in percentages\n|rule|Endless Battle Clause: Forcing endless battles is banned\n|rule|OHKO Clause: OHKO moves are banned\n|rule|Evasion Clause: Evasion abilities, items, and moves are banned\n|rule|Evasion Abilities Clause: Evasion abilities are banned\n|rule|Evasion Items Clause: Evasion items are banned\n|rule|Evasion Moves Clause: Evasion moves are banned\n|rule|Species Clause: Limit one of each Pok\u00e9mon\n|rule|Sleep Clause Mod: Limit one foe put to sleep\n|clearpoke\n|poke|p1|Volcarona, M|\n|poke|p1|Pelipper, M|\n|poke|p1|Swampert, F|\n|poke|p1|Blastoise, M|\n|poke|p1|Magnezone|\n|poke|p1|Urshifu-*, M|\n|poke|p2|Gardevoir, F|\n|poke|p2|Garchomp, F|\n|poke|p2|Corviknight, F|\n|poke|p2|Urshifu-*, F|\n|poke|p2|Tapu Fini|\n|poke|p2|Tapu Lele|\n|teampreview\n|inactive|Battle timer is ON: inactive players will automatically lose when time's up. (requested by Reine Booette)\n|\n|t:|1700948094\n|start\n|switch|p1a: Pelipper|Pelipper, M|100\/100\n|switch|p2a: Tapu Fini|Tapu Fini, shiny|100\/100\n|-fieldstart|move: Misty Terrain|[from] ability: Misty Surge|[of] p2a: Tapu Fini\n|-weather|RainDance|[from] ability: Drizzle|[of] p1a: Pelipper\n|turn|1\n|\n|t:|1700948103\n|move|p2a: Tapu Fini|Iron Defense|p2a: Tapu Fini\n|-boost|p2a: Tapu Fini|def|2\n|move|p1a: Pelipper|Hurricane|p2a: Tapu Fini\n|-damage|p2a: Tapu Fini|68\/100\n|\n|-weather|RainDance|[upkeep]\n|upkeep\n|turn|2\n|\n|t:|1700948114\n|-terastallize|p2a: Tapu Fini|Steel\n|move|p2a: Tapu Fini|Draining Kiss|p1a: Pelipper\n|-damage|p1a: Pelipper|78\/100\n|-heal|p2a: Tapu Fini|84\/100|[from] drain|[of] p1a: Pelipper\n|-damage|p2a: Tapu Fini|67\/100|[from] item: Rocky Helmet|[of] p1a: Pelipper\n|move|p1a: Pelipper|Hurricane|p2a: Tapu Fini\n|-resisted|p2a: Tapu Fini\n|-damage|p2a: Tapu Fini|51\/100\n|\n|-weather|RainDance|[upkeep]\n|upkeep\n|turn|3\n|\n|t:|1700948128\n|move|p2a: Tapu Fini|Surf|p1a: Pelipper\n|-resisted|p1a: Pelipper\n|-damage|p1a: Pelipper|48\/100\n|move|p1a: Pelipper|Hydro Pump|p2a: Tapu Fini\n|-damage|p2a: Tapu Fini|1\/100\n|\n|-weather|RainDance|[upkeep]\n|upkeep\n|turn|4\n|\n|t:|1700948154\n|move|p2a: Tapu Fini|Surf|p1a: Pelipper\n|-resisted|p1a: Pelipper\n|-damage|p1a: Pelipper|17\/100\n|move|p1a: Pelipper|Roost|p1a: Pelipper\n|-heal|p1a: Pelipper|67\/100\n|-singleturn|p1a: Pelipper|move: Roost\n|\n|-weather|RainDance|[upkeep]\n|upkeep\n|turn|5\n|\n|t:|1700948162\n|move|p2a: Tapu Fini|Surf|p1a: Pelipper\n|-resisted|p1a: Pelipper\n|-damage|p1a: Pelipper|34\/100\n|move|p1a: Pelipper|Hurricane|p2a: Tapu Fini\n|-resisted|p2a: Tapu Fini\n|-damage|p2a: Tapu Fini|0 fnt\n|faint|p2a: Tapu Fini\n|\n|-weather|none\n|-fieldend|Misty Terrain\n|upkeep\n|\n|t:|1700948170\n|switch|p2a: Tapu Lele|Tapu Lele, shiny|100\/100\n|-fieldstart|move: Psychic Terrain|[from] ability: Psychic Surge|[of] p2a: Tapu Lele\n|turn|6\n|\n|t:|1700948178\n|move|p2a: Tapu Lele|Psyshock|p1a: Pelipper\n|-damage|p1a: Pelipper|0 fnt\n|faint|p1a: Pelipper\n|\n|upkeep\n|\n|t:|1700948186\n|switch|p1a: Magnezone|Magnezone|100\/100\n|turn|7\n|\n|t:|1700948205\n|switch|p2a: Garchomp|Garchomp, F|100\/100\n|switch|p1a: Swampert|Swampert, F|100\/100\n|\n|upkeep\n|turn|8\n|\n|t:|1700948213\n|detailschange|p1a: Swampert|Swampert-Mega, F\n|-mega|p1a: Swampert|Swampert|Swampertite\n|move|p1a: Swampert|Bulk Up|p1a: Swampert\n|-boost|p1a: Swampert|atk|1\n|-boost|p1a: Swampert|def|1\n|move|p2a: Garchomp|Dragon Tail|p1a: Swampert\n|-damage|p1a: Swampert|86\/100\n|drag|p1a: Magnezone|Magnezone|100\/100\n|\n|upkeep\n|turn|9\n|\n|t:|1700948229\n|switch|p1a: Blastoise|Blastoise, M|100\/100\n|move|p2a: Garchomp|Earthquake|p1a: Blastoise\n|-damage|p1a: Blastoise|62\/100\n|\n|-heal|p1a: Blastoise|68\/100|[from] item: Leftovers\n|upkeep\n|turn|10\n|\n|t:|1700948237\n|move|p1a: Blastoise|Scald|p2a: Garchomp\n|-damage|p2a: Garchomp|75\/100\n|move|p2a: Garchomp|Dragon Tail|p1a: Blastoise\n|-damage|p1a: Blastoise|46\/100\n|drag|p1a: Urshifu|Urshifu-Rapid-Strike, M|100\/100\n|\n|-fieldend|move: Psychic Terrain\n|upkeep\n|turn|11\n|\n|t:|1700948248\n|move|p1a: Urshifu|Drain Punch|p2a: Garchomp\n|-damage|p2a: Garchomp|52\/100\n|-damage|p1a: Urshifu|88\/100|[from] ability: Rough Skin|[of] p2a: Garchomp\n|-damage|p1a: Urshifu|72\/100|[from] item: Rocky Helmet|[of] p2a: Garchomp\n|move|p2a: Garchomp|Earthquake|p1a: Urshifu\n|-damage|p1a: Urshifu|29\/100\n|\n|upkeep\n|turn|12\n|\n|t:|1700948258\n|switch|p1a: Swampert|Swampert-Mega, F|86\/100\n|move|p2a: Garchomp|Dragon Tail|p1a: Swampert\n|-damage|p1a: Swampert|64\/100\n|drag|p1a: Magnezone|Magnezone|100\/100\n|\n|upkeep\n|turn|13\n|\n|t:|1700948266\n|switch|p1a: Swampert|Swampert-Mega, F|64\/100\n|move|p2a: Garchomp|Stealth Rock|p1a: Swampert\n|-sidestart|p1: mrstiffnipleton|move: Stealth Rock\n|\n|upkeep\n|turn|14\n|\n|t:|1700948272\n|move|p1a: Swampert|Ice Punch|p2a: Garchomp\n|-supereffective|p2a: Garchomp\n|-damage|p2a: Garchomp|0 fnt\n|-damage|p1a: Swampert|52\/100|[from] ability: Rough Skin|[of] p2a: Garchomp\n|-damage|p1a: Swampert|35\/100|[from] item: Rocky Helmet|[of] p2a: Garchomp\n|faint|p2a: Garchomp\n|\n|upkeep\n|\n|t:|1700948279\n|switch|p2a: Gardevoir|Gardevoir, F, shiny|100\/100\n|turn|15\n|\n|t:|1700948287\n|detailschange|p2a: Gardevoir|Gardevoir-Mega, F, shiny\n|-mega|p2a: Gardevoir|Gardevoir|Gardevoirite\n|move|p2a: Gardevoir|Psychic|p1a: Swampert\n|-damage|p1a: Swampert|0 fnt\n|faint|p1a: Swampert\n|\n|upkeep\n|\n|t:|1700948298\n|switch|p1a: Magnezone|Magnezone|100\/100\n|-damage|p1a: Magnezone|94\/100|[from] Stealth Rock\n|turn|16\n|\n|t:|1700948306\n|switch|p2a: Corviknight|Corviknight, F|100\/100\n|-ability|p2a: Corviknight|Pressure\n|move|p1a: Magnezone|Flash Cannon|p2a: Corviknight\n|-resisted|p2a: Corviknight\n|-damage|p2a: Corviknight|74\/100\n|\n|upkeep\n|turn|17\n|\n|t:|1700948315\n|move|p1a: Magnezone|Discharge|p2a: Corviknight\n|-supereffective|p2a: Corviknight\n|-damage|p2a: Corviknight|0 fnt\n|faint|p2a: Corviknight\n|\n|upkeep\n|\n|t:|1700948320\n|switch|p2a: Urshifu|Urshifu-Rapid-Strike, F|100\/100\n|turn|18\n|\n|t:|1700948333\n|move|p2a: Urshifu|Surging Strikes|p1a: Magnezone\n|-crit|p1a: Magnezone\n|-damage|p1a: Magnezone|76\/100\n|-crit|p1a: Magnezone\n|-damage|p1a: Magnezone|59\/100\n|-crit|p1a: Magnezone\n|-damage|p1a: Magnezone|41\/100\n|-hitcount|p1a: Magnezone|3\n|move|p1a: Magnezone|Volt Switch|p2a: Urshifu\n|-supereffective|p2a: Urshifu\n|-damage|p2a: Urshifu|0 fnt\n|faint|p2a: Urshifu\n|\n|t:|1700948350\n|switch|p1a: Urshifu|Urshifu-Rapid-Strike, M|29\/100|[from] Volt Switch\n|-damage|p1a: Urshifu|23\/100|[from] Stealth Rock\n|\n|upkeep\n|c|\u2606Reine Booette|how\n|\n|t:|1700948355\n|switch|p2a: Tapu Lele|Tapu Lele, shiny|100\/100\n|-fieldstart|move: Psychic Terrain|[from] ability: Psychic Surge|[of] p2a: Tapu Lele\n|turn|19\n|\n|t:|1700948364\n|-terastallize|p1a: Urshifu|Steel\n|move|p2a: Tapu Lele|Psyshock|p1a: Urshifu\n|-resisted|p1a: Urshifu\n|-damage|p1a: Urshifu|0 fnt\n|faint|p1a: Urshifu\n|\n|upkeep\n|\n|t:|1700948371\n|switch|p1a: Magnezone|Magnezone|41\/100\n|-damage|p1a: Magnezone|35\/100|[from] Stealth Rock\n|turn|20\n|\n|t:|1700948377\n|move|p2a: Tapu Lele|Psyshock|p1a: Magnezone\n|-resisted|p1a: Magnezone\n|-damage|p1a: Magnezone|10\/100\n|move|p1a: Magnezone|Flash Cannon|p2a: Tapu Lele\n|-supereffective|p2a: Tapu Lele\n|-damage|p2a: Tapu Lele|0 fnt\n|faint|p2a: Tapu Lele\n|\n|upkeep\n|\n|t:|1700948385\n|switch|p2a: Gardevoir|Gardevoir-Mega, F, shiny|100\/100\n|turn|21\n|\n|t:|1700948392\n|move|p2a: Gardevoir|Psychic|p1a: Magnezone\n|-resisted|p1a: Magnezone\n|-damage|p1a: Magnezone|0 fnt\n|faint|p1a: Magnezone\n|\n|upkeep\n|\n|t:|1700948401\n|switch|p1a: Blastoise|Blastoise, M|46\/100\n|-damage|p1a: Blastoise|34\/100|[from] Stealth Rock\n|turn|22\n|\n|t:|1700948410\n|move|p2a: Gardevoir|Calm Mind|p2a: Gardevoir\n|-boost|p2a: Gardevoir|spa|1\n|-boost|p2a: Gardevoir|spd|1\n|move|p1a: Blastoise|Rapid Spin|p2a: Gardevoir\n|-damage|p2a: Gardevoir|86\/100\n|-boost|p1a: Blastoise|spe|1\n|-sideend|p1: mrstiffnipleton|Stealth Rock|[from] move: Rapid Spin|[of] p1a: Blastoise\n|\n|-heal|p1a: Blastoise|40\/100|[from] item: Leftovers\n|upkeep\n|turn|23\n|\n|t:|1700948419\n|move|p2a: Gardevoir|Psychic|p1a: Blastoise\n|-damage|p1a: Blastoise|0 fnt\n|faint|p1a: Blastoise\n|\n|-fieldend|move: Psychic Terrain\n|upkeep\n|\n|t:|1700948424\n|switch|p1a: Volcarona|Volcarona, M, shiny|100\/100\n|turn|24\n|\n|t:|1700948430\n|move|p2a: Gardevoir|Psychic|p1a: Volcarona\n|-damage|p1a: Volcarona|11\/100\n|move|p1a: Volcarona|Quiver Dance|p1a: Volcarona\n|-boost|p1a: Volcarona|spa|1\n|-boost|p1a: Volcarona|spd|1\n|-boost|p1a: Volcarona|spe|1\n|\n|upkeep\n|turn|25\n|\n|t:|1700948439\n|move|p1a: Volcarona|Bug Buzz|p2a: Gardevoir\n|-damage|p2a: Gardevoir|33\/100\n|-unboost|p2a: Gardevoir|spd|1\n|move|p2a: Gardevoir|Psychic|p1a: Volcarona\n|-damage|p1a: Volcarona|0 fnt\n|faint|p1a: Volcarona\n|\n|win|Reine Booette\n|raw|mrstiffnipleton's rating: 1190 &rarr; <strong>1166<\/strong><br \/>(-24 for losing)\n|raw|Reine Booette's rating: 1199 &rarr; <strong>1223<\/strong><br \/>(+24 for winning)\n|c|\u2606mrstiffnipleton|gg\n|c|\u2606Reine Booette|gg\n","uploadtime":1700948451,"views":3,"p1id":"mrstiffnipleton","p2id":"reinebooette","formatid":"gen9nationaldex","rating":1166,"private":0,"password":""}