{"id":"gen9nationaldex-1997047908","p1":"Lucky_ducky64","p2":"trix_n_trsh","format":"[Gen 9] National Dex","log":"|html|<div class=\"broadcast-blue\"><strong>[Gen 9] National Dex is currently suspecting Sneasler! For information on how to participate check out the <a href=\"https:\/\/www.smogon.com\/forums\/threads\/sv-national-dex-suspect-8-just-dance.3731534\/\">suspect thread<\/a>.<\/strong><\/div>\n|j|\u2606Lucky_ducky64\n|j|\u2606trix_n_trsh\n|t:|1700759252\n|gametype|singles\n|player|p1|Lucky_ducky64|burglar|1149\n|player|p2|trix_n_trsh|pokemonbreeder-gen4|1332\n|teamsize|p1|6\n|teamsize|p2|6\n|gen|9\n|tier|[Gen 9] National Dex\n|rated|\n|rule|HP Percentage Mod: HP is shown in percentages\n|rule|Endless Battle Clause: Forcing endless battles is banned\n|rule|OHKO Clause: OHKO moves are banned\n|rule|Evasion Clause: Evasion abilities, items, and moves are banned\n|rule|Evasion Abilities Clause: Evasion abilities are banned\n|rule|Evasion Items Clause: Evasion items are banned\n|rule|Evasion Moves Clause: Evasion moves are banned\n|rule|Species Clause: Limit one of each Pok\u00e9mon\n|rule|Sleep Clause Mod: Limit one foe put to sleep\n|clearpoke\n|poke|p1|Charizard, F|\n|poke|p1|Meowscarada, F|\n|poke|p1|Toxtricity, M|\n|poke|p1|Falinks|\n|poke|p1|Cloyster, M|\n|poke|p1|Kartana|\n|poke|p2|Tapu Fini|\n|poke|p2|Sneasler, M|\n|poke|p2|Sandy Shocks|\n|poke|p2|Swoobat, M|\n|poke|p2|Lokix, F|\n|poke|p2|Cryogonal|\n|teampreview\n|inactive|Battle timer is ON: inactive players will automatically lose when time's up. (requested by Lucky_ducky64)\n|inactive|trix_n_trsh also wants the timer to be on.\n|\n|t:|1700759257\n|start\n|switch|p1a: Cloyster|Cloyster, M, shiny|100\/100\n|switch|p2a: Sandy Shocks|Sandy Shocks|100\/100\n|turn|1\n|\n|t:|1700759264\n|move|p2a: Sandy Shocks|Discharge|p1a: Cloyster\n|-supereffective|p1a: Cloyster\n|-enditem|p1a: Cloyster|Focus Sash\n|-damage|p1a: Cloyster|1\/100\n|move|p1a: Cloyster|Shell Smash|p1a: Cloyster\n|-unboost|p1a: Cloyster|def|1\n|-unboost|p1a: Cloyster|spd|1\n|-boost|p1a: Cloyster|atk|2\n|-boost|p1a: Cloyster|spa|2\n|-boost|p1a: Cloyster|spe|2\n|\n|upkeep\n|turn|2\n|inactive|Lucky_ducky64 has 120 seconds left.\n|\n|t:|1700759297\n|-end|p2a: Sandy Shocks|Protosynthesis|[silent]\n|switch|p2a: Cryogonal|Cryogonal|100\/100\n|move|p1a: Cloyster|Liquidation|p2a: Cryogonal\n|-damage|p2a: Cryogonal|0 fnt\n|faint|p2a: Cryogonal\n|\n|upkeep\n|\n|t:|1700759303\n|switch|p2a: Lokix|Lokix, F|100\/100\n|turn|3\n|\n|t:|1700759306\n|move|p2a: Lokix|First Impression|p1a: Cloyster\n|-damage|p1a: Cloyster|0 fnt\n|faint|p1a: Cloyster\n|\n|upkeep\n|l|\u2606Lucky_ducky64\n|inactive|Lucky_ducky64 disconnected and has a minute to reconnect!\n|player|p1|\n|j|\u2606Lucky_ducky64\n|inactive|Lucky_ducky64 reconnected and has 105 seconds left.\n|player|p1|Lucky_ducky64|burglar\n|\n|t:|1700759345\n|switch|p1a: Charizard|Charizard, F, shiny|100\/100\n|turn|4\n|\n|t:|1700759358\n|detailschange|p1a: Charizard|Charizard-Mega-Y, F, shiny\n|-mega|p1a: Charizard|Charizard|Charizardite Y\n|-weather|SunnyDay|[from] ability: Drought|[of] p1a: Charizard\n|move|p1a: Charizard|Flamethrower|p2a: Lokix\n|-supereffective|p2a: Lokix\n|-damage|p2a: Lokix|0 fnt\n|faint|p2a: Lokix\n|\n|-weather|SunnyDay|[upkeep]\n|upkeep\n|\n|t:|1700759363\n|switch|p2a: Sandy Shocks|Sandy Shocks|100\/100\n|-activate|p2a: Sandy Shocks|ability: Protosynthesis\n|-start|p2a: Sandy Shocks|protosynthesisspe\n|turn|5\n|\n|t:|1700759370\n|move|p2a: Sandy Shocks|Light Screen|p2a: Sandy Shocks\n|-sidestart|p2: trix_n_trsh|move: Light Screen\n|move|p1a: Charizard|Solar Beam||[still]\n|-prepare|p1a: Charizard|Solar Beam\n|-anim|p1a: Charizard|Solar Beam|p2a: Sandy Shocks\n|-supereffective|p2a: Sandy Shocks\n|-damage|p2a: Sandy Shocks|47\/100\n|\n|-weather|SunnyDay|[upkeep]\n|upkeep\n|turn|6\n|\n|t:|1700759375\n|move|p2a: Sandy Shocks|Discharge|p1a: Charizard\n|-supereffective|p1a: Charizard\n|-damage|p1a: Charizard|34\/100\n|move|p1a: Charizard|Solar Beam||[still]\n|-prepare|p1a: Charizard|Solar Beam\n|-anim|p1a: Charizard|Solar Beam|p2a: Sandy Shocks\n|-supereffective|p2a: Sandy Shocks\n|-damage|p2a: Sandy Shocks|0 fnt\n|faint|p2a: Sandy Shocks\n|-end|p2a: Sandy Shocks|Protosynthesis|[silent]\n|\n|-weather|SunnyDay|[upkeep]\n|upkeep\n|\n|t:|1700759383\n|switch|p2a: Tapu Fini|Tapu Fini|100\/100\n|-fieldstart|move: Misty Terrain|[from] ability: Misty Surge|[of] p2a: Tapu Fini\n|turn|7\n|\n|t:|1700759388\n|move|p1a: Charizard|Solar Beam||[still]\n|-prepare|p1a: Charizard|Solar Beam\n|-anim|p1a: Charizard|Solar Beam|p2a: Tapu Fini\n|-supereffective|p2a: Tapu Fini\n|-damage|p2a: Tapu Fini|67\/100\n|move|p2a: Tapu Fini|Calm Mind|p2a: Tapu Fini\n|-boost|p2a: Tapu Fini|spa|1\n|-boost|p2a: Tapu Fini|spd|1\n|\n|-weather|SunnyDay|[upkeep]\n|-heal|p2a: Tapu Fini|73\/100|[from] item: Leftovers\n|upkeep\n|turn|8\n|\n|t:|1700759393\n|move|p2a: Tapu Fini|Scald|p1a: Charizard\n|-supereffective|p1a: Charizard\n|-damage|p1a: Charizard|0 fnt\n|faint|p1a: Charizard\n|\n|-weather|none\n|-heal|p2a: Tapu Fini|79\/100|[from] item: Leftovers\n|upkeep\n|\n|t:|1700759397\n|switch|p1a: Toxtricity|Toxtricity, M|100\/100\n|turn|9\n|\n|t:|1700759420\n|move|p1a: Toxtricity|Sludge Bomb|p2a: Tapu Fini\n|-supereffective|p2a: Tapu Fini\n|-damage|p2a: Tapu Fini|55\/100\n|move|p2a: Tapu Fini|Moonblast|p1a: Toxtricity\n|-resisted|p1a: Toxtricity\n|-damage|p1a: Toxtricity|63\/100\n|\n|-heal|p2a: Tapu Fini|61\/100|[from] item: Leftovers\n|upkeep\n|turn|10\n|\n|t:|1700759435\n|switch|p2a: Swoobat|Swoobat, M|100\/100\n|-enditem|p2a: Swoobat|Misty Seed\n|-boost|p2a: Swoobat|spd|2|[from] item: Misty Seed\n|move|p1a: Toxtricity|Toxic Spikes|p2a: Swoobat\n|-sidestart|p2: trix_n_trsh|move: Toxic Spikes\n|\n|upkeep\n|turn|11\n|\n|t:|1700759443\n|move|p2a: Swoobat|Calm Mind|p2a: Swoobat\n|-boost|p2a: Swoobat|spa|2\n|-boost|p2a: Swoobat|spd|2\n|move|p1a: Toxtricity|Discharge|p2a: Swoobat\n|-supereffective|p2a: Swoobat\n|-damage|p2a: Swoobat|68\/100\n|-status|p2a: Swoobat|par\n|\n|-fieldend|Misty Terrain\n|upkeep\n|turn|12\n|\n|t:|1700759452\n|move|p1a: Toxtricity|Boomburst|p2a: Swoobat\n|-damage|p2a: Swoobat|46\/100 par\n|move|p2a: Swoobat|Stored Power|p1a: Toxtricity\n|-supereffective|p1a: Toxtricity\n|-damage|p1a: Toxtricity|0 fnt\n|faint|p1a: Toxtricity\n|\n|-sideend|p2: trix_n_trsh|move: Light Screen\n|upkeep\n|\n|t:|1700759460\n|switch|p1a: Falinks|Falinks|100\/100\n|turn|13\n|\n|t:|1700759472\n|-terastallize|p1a: Falinks|Electric\n|move|p1a: Falinks|Rock Slide|p2a: Swoobat\n|-supereffective|p2a: Swoobat\n|-damage|p2a: Swoobat|0 fnt\n|faint|p2a: Swoobat\n|\n|upkeep\n|\n|t:|1700759478\n|switch|p2a: Tapu Fini|Tapu Fini|61\/100\n|-status|p2a: Tapu Fini|psn\n|-fieldstart|move: Misty Terrain|[from] ability: Misty Surge|[of] p2a: Tapu Fini\n|turn|14\n|\n|t:|1700759486\n|move|p2a: Tapu Fini|Moonblast|p1a: Falinks\n|-damage|p1a: Falinks|43\/100\n|move|p1a: Falinks|Trailblaze|p2a: Tapu Fini\n|-supereffective|p2a: Tapu Fini\n|-damage|p2a: Tapu Fini|29\/100 psn\n|-boost|p1a: Falinks|spe|1\n|\n|-heal|p2a: Tapu Fini|35\/100 psn|[from] item: Leftovers\n|-damage|p2a: Tapu Fini|22\/100 psn|[from] psn\n|upkeep\n|turn|15\n|\n|t:|1700759492\n|move|p1a: Falinks|Close Combat|p2a: Tapu Fini\n|-resisted|p2a: Tapu Fini\n|-damage|p2a: Tapu Fini|0 fnt\n|-unboost|p1a: Falinks|def|1\n|-unboost|p1a: Falinks|spd|1\n|faint|p2a: Tapu Fini\n|\n|upkeep\n|\n|t:|1700759494\n|switch|p2a: Sneasler|Sneasler, M|100\/100\n|-sideend|p2: trix_n_trsh|move: Toxic Spikes|[of] p2a: Sneasler\n|-enditem|p2a: Sneasler|Misty Seed\n|-boost|p2a: Sneasler|spd|1|[from] item: Misty Seed\n|turn|16\n|\n|t:|1700759507\n|move|p2a: Sneasler|Dire Claw|p1a: Falinks\n|-damage|p1a: Falinks|0 fnt\n|faint|p1a: Falinks\n|\n|upkeep\n|\n|t:|1700759510\n|switch|p1a: Kartana|Kartana|100\/100\n|turn|17\n|\n|t:|1700759516\n|move|p2a: Sneasler|Close Combat|p1a: Kartana\n|-supereffective|p1a: Kartana\n|-damage|p1a: Kartana|0 fnt\n|-unboost|p2a: Sneasler|def|1\n|-unboost|p2a: Sneasler|spd|1\n|faint|p1a: Kartana\n|\n|upkeep\n|\n|t:|1700759519\n|switch|p1a: Meowscarada|Meowscarada, F|100\/100\n|turn|18\n|\n|t:|1700759528\n|move|p2a: Sneasler|Close Combat|p1a: Meowscarada\n|-supereffective|p1a: Meowscarada\n|-damage|p1a: Meowscarada|0 fnt\n|-unboost|p2a: Sneasler|def|1\n|-unboost|p2a: Sneasler|spd|1\n|faint|p1a: Meowscarada\n|\n|win|trix_n_trsh\n|raw|Lucky_ducky64's rating: 1149 &rarr; <strong>1136<\/strong><br \/>(-13 for losing)\n|raw|trix_n_trsh's rating: 1332 &rarr; <strong>1342<\/strong><br \/>(+10 for winning)\n|c|\u2606Lucky_ducky64|GG\n|l|\u2606Lucky_ducky64\n|c|\u2606trix_n_trsh|gg\n","uploadtime":1700759543,"views":1,"p1id":"luckyducky64","p2id":"trixntrsh","formatid":"gen9nationaldex","rating":1136,"private":0,"password":""}