{"id":"gen9nationaldex-1991594108","p1":"Nemasilla","p2":"MagicMushroomish","format":"[Gen 9] National Dex","log":"|j|\u2606Nemasilla\n|j|\u2606MagicMushroomish\n|t:|1700092098\n|gametype|singles\n|player|p1|Nemasilla|irida|1199\n|player|p2|MagicMushroomish|red|1271\n|teamsize|p1|6\n|teamsize|p2|6\n|gen|9\n|tier|[Gen 9] National Dex\n|rated|\n|rule|HP Percentage Mod: HP is shown in percentages\n|rule|Endless Battle Clause: Forcing endless battles is banned\n|rule|OHKO Clause: OHKO moves are banned\n|rule|Evasion Clause: Evasion abilities, items, and moves are banned\n|rule|Evasion Abilities Clause: Evasion abilities are banned\n|rule|Evasion Items Clause: Evasion items are banned\n|rule|Evasion Moves Clause: Evasion moves are banned\n|rule|Species Clause: Limit one of each Pok\u00e9mon\n|rule|Sleep Clause Mod: Limit one foe put to sleep\n|clearpoke\n|poke|p1|Ribombee, M|\n|poke|p1|Scizor, F|\n|poke|p1|Volcarona, F|\n|poke|p1|Beedrill, M|\n|poke|p1|Buzzwole|\n|poke|p1|Vikavolt, F|\n|poke|p2|Samurott, F|\n|poke|p2|Volcarona, F|\n|poke|p2|Hydreigon, M|\n|poke|p2|Zoroark, F|\n|poke|p2|Haxorus, M|\n|poke|p2|Sigilyph, M|\n|teampreview\n|inactive|Battle timer is ON: inactive players will automatically lose when time's up. (requested by Nemasilla)\n|inactive|MagicMushroomish has 120 seconds left.\n|\n|t:|1700092149\n|start\n|switch|p1a: Vikavolt|Vikavolt, F, shiny|100\/100\n|switch|p2a: Samurott|Samurott, F|100\/100\n|turn|1\n|\n|t:|1700092160\n|move|p2a: Samurott|Liquidation|p1a: Vikavolt\n|-damage|p1a: Vikavolt|38\/100\n|move|p1a: Vikavolt|Volt Switch|p2a: Samurott\n|-supereffective|p2a: Samurott\n|-damage|p2a: Samurott|12\/100\n|\n|t:|1700092167\n|switch|p1a: Beedrill|Beedrill, M|100\/100|[from] Volt Switch\n|\n|upkeep\n|turn|2\n|\n|t:|1700092174\n|switch|p2a: Volcarona|Volcarona, F|100\/100\n|detailschange|p1a: Beedrill|Beedrill-Mega, M\n|-mega|p1a: Beedrill|Beedrill|Beedrillite\n|move|p1a: Beedrill|Fell Stinger|p2a: Volcarona\n|-resisted|p2a: Volcarona\n|-damage|p2a: Volcarona|72\/100\n|\n|upkeep\n|turn|3\n|\n|t:|1700092183\n|move|p1a: Beedrill|Poison Jab|p2a: Volcarona\n|-damage|p2a: Volcarona|0 fnt\n|-status|p1a: Beedrill|brn|[from] ability: Flame Body|[of] p2a: Volcarona\n|faint|p2a: Volcarona\n|\n|-damage|p1a: Beedrill|95\/100 brn|[from] brn\n|upkeep\n|\n|t:|1700092208\n|switch|p2a: Sigilyph|Sigilyph, M|100\/100\n|turn|4\n|\n|t:|1700092217\n|move|p1a: Beedrill|U-turn|p2a: Sigilyph\n|-damage|p2a: Sigilyph|73\/100\n|\n|t:|1700092219\n|switch|p1a: Vikavolt|Vikavolt, F, shiny|38\/100|[from] U-turn\n|move|p2a: Sigilyph|Cosmic Power|p2a: Sigilyph\n|-boost|p2a: Sigilyph|def|1\n|-boost|p2a: Sigilyph|spd|1\n|\n|upkeep\n|turn|5\n|\n|t:|1700092228\n|move|p2a: Sigilyph|Heat Wave|p1a: Vikavolt\n|-supereffective|p1a: Vikavolt\n|-damage|p1a: Vikavolt|9\/100\n|move|p1a: Vikavolt|Volt Switch|p2a: Sigilyph\n|-supereffective|p2a: Sigilyph\n|-damage|p2a: Sigilyph|28\/100\n|-enditem|p2a: Sigilyph|Weakness Policy\n|-boost|p2a: Sigilyph|atk|2|[from] item: Weakness Policy\n|-boost|p2a: Sigilyph|spa|2|[from] item: Weakness Policy\n|\n|t:|1700092238\n|switch|p1a: Buzzwole|Buzzwole, shiny|100\/100|[from] Volt Switch\n|\n|upkeep\n|turn|6\n|\n|t:|1700092242\n|move|p1a: Buzzwole|Ice Punch|p2a: Sigilyph\n|-supereffective|p2a: Sigilyph\n|-damage|p2a: Sigilyph|0 fnt\n|faint|p2a: Sigilyph\n|-ability|p1a: Buzzwole|Beast Boost|boost\n|-boost|p1a: Buzzwole|atk|1\n|\n|upkeep\n|\n|t:|1700092253\n|switch|p2a: Samurott|Samurott, F|100\/100\n|turn|7\n|\n|t:|1700092273\n|switch|p1a: Beedrill|Beedrill-Mega, M|95\/100 brn\n|move|p2a: Samurott|Flamethrower|p1a: Beedrill\n|-supereffective|p1a: Beedrill\n|-damage|p1a: Beedrill|2\/100 brn\n|\n|-damage|p1a: Beedrill|0 fnt|[from] brn\n|faint|p1a: Beedrill\n|upkeep\n|\n|t:|1700092285\n|switch|p1a: Buzzwole|Buzzwole, shiny|100\/100\n|turn|8\n|\n|t:|1700092290\n|move|p2a: Samurott|Flamethrower|p1a: Buzzwole\n|-supereffective|p1a: Buzzwole\n|-damage|p1a: Buzzwole|13\/100\n|-status|p1a: Buzzwole|brn\n|move|p1a: Buzzwole|Leech Life|p2a: Samurott\n|-supereffective|p2a: Samurott\n|-damage|p2a: Samurott|13\/100\n|-heal|p1a: Buzzwole|46\/100 brn|[from] drain|[of] p2a: Samurott\n|replace|p2a: Zoroark|Zoroark, F\n|-end|p2a: Zoroark|Illusion\n|\n|-damage|p1a: Buzzwole|39\/100 brn|[from] brn\n|upkeep\n|turn|9\n|\n|t:|1700092309\n|switch|p1a: Vikavolt|Vikavolt, F, shiny|9\/100\n|move|p2a: Zoroark|Flamethrower|p1a: Vikavolt\n|-supereffective|p1a: Vikavolt\n|-damage|p1a: Vikavolt|0 fnt\n|faint|p1a: Vikavolt\n|\n|upkeep\n|\n|t:|1700092318\n|switch|p1a: Scizor|Scizor, F|100\/100\n|turn|10\n|\n|t:|1700092324\n|switch|p2a: Samurott|Samurott, F|12\/100\n|move|p1a: Scizor|Bullet Punch|p2a: Samurott\n|-resisted|p2a: Samurott\n|-damage|p2a: Samurott|0 fnt\n|faint|p2a: Samurott\n|\n|upkeep\n|\n|t:|1700092344\n|switch|p2a: Hydreigon|Hydreigon, M|100\/100\n|turn|11\n|\n|t:|1700092355\n|-terastallize|p1a: Scizor|Fire\n|move|p2a: Hydreigon|Dark Pulse|p1a: Scizor\n|-damage|p1a: Scizor|48\/100\n|cant|p1a: Scizor|flinch\n|\n|upkeep\n|turn|12\n|\n|t:|1700092366\n|move|p1a: Scizor|Bullet Punch|p2a: Hydreigon\n|-crit|p2a: Hydreigon\n|-damage|p2a: Hydreigon|53\/100\n|move|p2a: Hydreigon|Dark Pulse|p1a: Scizor\n|-damage|p1a: Scizor|0 fnt\n|faint|p1a: Scizor\n|\n|upkeep\n|\n|t:|1700092372\n|switch|p1a: Ribombee|Ribombee, M, shiny|100\/100\n|turn|13\n|inactive|MagicMushroomish has 120 seconds left.\n|\n|t:|1700092406\n|move|p1a: Ribombee|Moonblast|p2a: Hydreigon\n|-supereffective|p2a: Hydreigon\n|-damage|p2a: Hydreigon|0 fnt\n|faint|p2a: Hydreigon\n|\n|upkeep\n|inactive|MagicMushroomish has 120 seconds left.\n|\n|t:|1700092425\n|switch|p2a: Haxorus|Haxorus, M, shiny|13\/100\n|turn|14\n|\n|t:|1700092429\n|move|p2a: Haxorus|Flamethrower|p1a: Ribombee\n|-supereffective|p1a: Ribombee\n|-damage|p1a: Ribombee|0 fnt\n|faint|p1a: Ribombee\n|\n|upkeep\n|\n|t:|1700092433\n|switch|p1a: Volcarona|Volcarona, F, shiny|100\/100\n|turn|15\n|\n|t:|1700092442\n|move|p2a: Haxorus|Flamethrower|p1a: Volcarona\n|-crit|p1a: Volcarona\n|-damage|p1a: Volcarona|53\/100\n|move|p1a: Volcarona|Quiver Dance|p1a: Volcarona\n|-boost|p1a: Volcarona|spa|1\n|-boost|p1a: Volcarona|spd|1\n|-boost|p1a: Volcarona|spe|1\n|\n|upkeep\n|turn|16\n|\n|t:|1700092448\n|move|p2a: Haxorus|Flamethrower|p1a: Volcarona\n|-damage|p1a: Volcarona|33\/100\n|move|p1a: Volcarona|Bug Buzz|p2a: Haxorus\n|-supereffective|p2a: Haxorus\n|-damage|p2a: Haxorus|0 fnt\n|replace|p2a: Zoroark|Zoroark, F\n|-end|p2a: Zoroark|Illusion\n|faint|p2a: Zoroark\n|\n|upkeep\n|\n|t:|1700092454\n|switch|p2a: Haxorus|Haxorus, M, shiny|100\/100\n|-ability|p2a: Haxorus|Mold Breaker\n|turn|17\n|\n|t:|1700092473\n|move|p1a: Volcarona|Bug Buzz|p2a: Haxorus\n|-crit|p2a: Haxorus\n|-enditem|p2a: Haxorus|Focus Sash\n|-damage|p2a: Haxorus|1\/100\n|move|p2a: Haxorus|Dragon Claw|p1a: Volcarona\n|-damage|p1a: Volcarona|0 fnt\n|faint|p1a: Volcarona\n|\n|upkeep\n|\n|t:|1700092479\n|switch|p1a: Buzzwole|Buzzwole, shiny|39\/100 brn\n|turn|18\n|\n|t:|1700092482\n|move|p1a: Buzzwole|Ice Punch|p2a: Haxorus\n|-supereffective|p2a: Haxorus\n|-damage|p2a: Haxorus|0 fnt\n|faint|p2a: Haxorus\n|\n|win|Nemasilla\n|raw|Nemasilla's rating: 1199 &rarr; <strong>1229<\/strong><br \/>(+30 for winning)\n|raw|MagicMushroomish's rating: 1271 &rarr; <strong>1241<\/strong><br \/>(-30 for losing)\n|l|\u2606MagicMushroomish\n","uploadtime":1700092491,"views":4,"p1id":"nemasilla","p2id":"magicmushroomish","formatid":"gen9nationaldex","rating":1229,"private":0,"password":""}