{"id":"gen9nationaldex-1993800529","p1":"weiwoduzun\u696a\u7948","p2":"akxhdwy","format":"[Gen 9] National Dex","log":"|j|\u2606weiwoduzun\u696a\u7948\n|j|\u2606akxhdwy\n|t:|1700358833\n|gametype|singles\n|player|p1|weiwoduzun\u696a\u7948|169|1628\n|player|p2|akxhdwy|swimmerf|1569\n|teamsize|p1|6\n|teamsize|p2|6\n|gen|9\n|tier|[Gen 9] National Dex\n|rated|\n|rule|HP Percentage Mod: HP is shown in percentages\n|rule|Endless Battle Clause: Forcing endless battles is banned\n|rule|OHKO Clause: OHKO moves are banned\n|rule|Evasion Clause: Evasion abilities, items, and moves are banned\n|rule|Evasion Abilities Clause: Evasion abilities are banned\n|rule|Evasion Items Clause: Evasion items are banned\n|rule|Evasion Moves Clause: Evasion moves are banned\n|rule|Species Clause: Limit one of each Pok\u00e9mon\n|rule|Sleep Clause Mod: Limit one foe put to sleep\n|clearpoke\n|poke|p1|Tapu Lele|\n|poke|p1|Armarouge, M|\n|poke|p1|Ceruledge, M|\n|poke|p1|Zapdos|\n|poke|p1|Hatterene, F|\n|poke|p1|Polteageist-Antique|\n|poke|p2|Weavile, M|\n|poke|p2|Landorus-Therian, M|\n|poke|p2|Zapdos|\n|poke|p2|Volcanion|\n|poke|p2|Ursaluna, M|\n|poke|p2|Kartana|\n|teampreview\n|inactive|Battle timer is ON: inactive players will automatically lose when time's up. (requested by akxhdwy)\n|\n|t:|1700358840\n|start\n|switch|p1a: Tapu Lele|Tapu Lele|100\/100\n|switch|p2a: Zapdos|Zapdos|100\/100\n|-fieldstart|move: Psychic Terrain|[from] ability: Psychic Surge|[of] p1a: Tapu Lele\n|turn|1\n|\n|t:|1700358844\n|switch|p1a: Hatterene|Hatterene, F|100\/100\n|move|p2a: Zapdos|U-turn|p1a: Hatterene\n|-damage|p1a: Hatterene|85\/100\n|\n|t:|1700358852\n|switch|p2a: Kartana|Kartana|100\/100|[from] U-turn\n|\n|upkeep\n|turn|2\n|\n|t:|1700358856\n|move|p2a: Kartana|Smart Strike|p1a: Hatterene\n|-supereffective|p1a: Hatterene\n|-damage|p1a: Hatterene|0 fnt\n|faint|p1a: Hatterene\n|-ability|p2a: Kartana|Beast Boost|boost\n|-boost|p2a: Kartana|atk|1\n|\n|upkeep\n|\n|t:|1700358860\n|switch|p1a: Ceruledge|Ceruledge, M|100\/100\n|turn|3\n|\n|t:|1700358866\n|switch|p2a: Volcanion|Volcanion|100\/100\n|move|p1a: Ceruledge|Swords Dance|p1a: Ceruledge\n|-boost|p1a: Ceruledge|atk|2\n|\n|upkeep\n|turn|4\n|\n|t:|1700358869\n|move|p1a: Ceruledge|Poltergeist|p2a: Volcanion|[miss]\n|-miss|p1a: Ceruledge|p2a: Volcanion\n|move|p2a: Volcanion|Steam Eruption|p1a: Ceruledge\n|-supereffective|p1a: Ceruledge\n|-enditem|p1a: Ceruledge|Focus Sash\n|-damage|p1a: Ceruledge|1\/100\n|\n|upkeep\n|turn|5\n|\n|t:|1700358878\n|move|p1a: Ceruledge|Poltergeist|p2a: Volcanion\n|-activate|p2a: Volcanion|move: Poltergeist|Heavy-Duty Boots\n|-damage|p2a: Volcanion|31\/100\n|move|p2a: Volcanion|Steam Eruption|p1a: Ceruledge\n|-supereffective|p1a: Ceruledge\n|-damage|p1a: Ceruledge|0 fnt\n|faint|p1a: Ceruledge\n|\n|upkeep\n|\n|t:|1700358888\n|switch|p1a: Tapu Lele|Tapu Lele|100\/100\n|turn|6\n|\n|t:|1700358893\n|move|p1a: Tapu Lele|Psychic|p2a: Volcanion\n|-damage|p2a: Volcanion|0 fnt\n|faint|p2a: Volcanion\n|\n|upkeep\n|\n|t:|1700358896\n|switch|p2a: Weavile|Weavile, M|100\/100\n|-ability|p2a: Weavile|Pressure\n|turn|7\n|inactive|akxhdwy has 120 seconds left.\n|\n|t:|1700358930\n|switch|p1a: Zapdos|Zapdos|100\/100\n|-terastallize|p2a: Weavile|Dark\n|move|p2a: Weavile|Beat Up|p1a: Zapdos\n|-damage|p1a: Zapdos|88\/100\n|-damage|p1a: Zapdos|74\/100\n|-damage|p1a: Zapdos|58\/100\n|-damage|p1a: Zapdos|43\/100\n|-damage|p1a: Zapdos|32\/100\n|-hitcount|p1a: Zapdos|5\n|\n|upkeep\n|turn|8\n|inactive|akxhdwy has 120 seconds left.\n|\n|t:|1700358953\n|move|p2a: Weavile|Beat Up|p1a: Zapdos\n|-damage|p1a: Zapdos|19\/100\n|-damage|p1a: Zapdos|6\/100\n|-damage|p1a: Zapdos|0 fnt\n|faint|p1a: Zapdos\n|-hitcount|p1: Zapdos|3\n|\n|-fieldend|move: Psychic Terrain\n|upkeep\n|\n|t:|1700358956\n|switch|p1a: Tapu Lele|Tapu Lele|100\/100\n|-fieldstart|move: Psychic Terrain|[from] ability: Psychic Surge|[of] p1a: Tapu Lele\n|turn|9\n|\n|t:|1700358958\n|move|p2a: Weavile|Beat Up|p1a: Tapu Lele\n|-damage|p1a: Tapu Lele|74\/100\n|-damage|p1a: Tapu Lele|45\/100\n|-damage|p1a: Tapu Lele|9\/100\n|-damage|p1a: Tapu Lele|0 fnt\n|faint|p1a: Tapu Lele\n|-hitcount|p1: Tapu Lele|4\n|\n|upkeep\n|\n|t:|1700358961\n|switch|p1a: Armarouge|Armarouge, M|100\/100\n|turn|10\n|\n|t:|1700358969\n|move|p1a: Armarouge|Endure|p1a: Armarouge\n|-singleturn|p1a: Armarouge|move: Endure\n|move|p2a: Weavile|Beat Up|p1a: Armarouge\n|-supereffective|p1a: Armarouge\n|-damage|p1a: Armarouge|62\/100\n|-ability|p1a: Armarouge|Weak Armor|boost\n|-unboost|p1a: Armarouge|def|1\n|-boost|p1a: Armarouge|spe|2\n|-enditem|p1a: Armarouge|Weakness Policy\n|-boost|p1a: Armarouge|atk|2|[from] item: Weakness Policy\n|-boost|p1a: Armarouge|spa|2|[from] item: Weakness Policy\n|-supereffective|p1a: Armarouge\n|-damage|p1a: Armarouge|4\/100\n|-ability|p1a: Armarouge|Weak Armor|boost\n|-unboost|p1a: Armarouge|def|1\n|-boost|p1a: Armarouge|spe|2\n|-supereffective|p1a: Armarouge\n|-activate|p1a: Armarouge|move: Endure\n|-damage|p1a: Armarouge|1\/100\n|-ability|p1a: Armarouge|Weak Armor|boost\n|-unboost|p1a: Armarouge|def|1\n|-boost|p1a: Armarouge|spe|2\n|-supereffective|p1a: Armarouge\n|-activate|p1a: Armarouge|move: Endure\n|-damage|p1a: Armarouge|1\/100\n|-ability|p1a: Armarouge|Weak Armor|boost\n|-unboost|p1a: Armarouge|def|1\n|-supereffective|p1a: Armarouge\n|-activate|p1a: Armarouge|move: Endure\n|-damage|p1a: Armarouge|1\/100\n|-ability|p1a: Armarouge|Weak Armor|boost\n|-unboost|p1a: Armarouge|def|1\n|-hitcount|p1a: Armarouge|5\n|\n|upkeep\n|turn|11\n|\n|t:|1700358982\n|switch|p2a: Landorus|Landorus-Therian, M|100\/100\n|-ability|p2a: Landorus|Intimidate|boost\n|-unboost|p1a: Armarouge|atk|1\n|move|p1a: Armarouge|Armor Cannon|p2a: Landorus\n|-damage|p2a: Landorus|12\/100\n|-unboost|p1a: Armarouge|def|1\n|-unboost|p1a: Armarouge|spd|1\n|\n|-heal|p2a: Landorus|18\/100|[from] item: Leftovers\n|upkeep\n|turn|12\n|\n|t:|1700358986\n|move|p1a: Armarouge|Armor Cannon|p2a: Landorus\n|-damage|p2a: Landorus|0 fnt\n|-unboost|p1a: Armarouge|spd|1\n|faint|p2a: Landorus\n|\n|upkeep\n|\n|t:|1700358990\n|switch|p2a: Zapdos|Zapdos|100\/100\n|turn|13\n|\n|t:|1700358993\n|move|p1a: Armarouge|Expanding Force|p2a: Zapdos\n|-damage|p2a: Zapdos|0 fnt\n|faint|p2a: Zapdos\n|\n|upkeep\n|\n|t:|1700358998\n|switch|p2a: Ursaluna|Ursaluna, M|100\/100\n|turn|14\n|\n|t:|1700359002\n|move|p1a: Armarouge|Armor Cannon|p2a: Ursaluna\n|-damage|p2a: Ursaluna|0 fnt\n|-unboost|p1a: Armarouge|spd|1\n|faint|p2a: Ursaluna\n|\n|upkeep\n|\n|t:|1700359009\n|switch|p2a: Kartana|Kartana|100\/100\n|turn|15\n|\n|t:|1700359011\n|move|p1a: Armarouge|Armor Cannon|p2a: Kartana\n|-supereffective|p2a: Kartana\n|-damage|p2a: Kartana|0 fnt\n|-unboost|p1a: Armarouge|spd|1\n|faint|p2a: Kartana\n|\n|upkeep\n|\n|t:|1700359013\n|switch|p2a: Weavile|Weavile, M, tera:Dark|100\/100\n|-ability|p2a: Weavile|Pressure\n|turn|16\n|\n|t:|1700359017\n|move|p1a: Armarouge|Armor Cannon|p2a: Weavile\n|-damage|p2a: Weavile|0 fnt\n|-unboost|p1a: Armarouge|spd|1\n|faint|p2a: Weavile\n|\n|win|weiwoduzun\u696a\u7948\n|raw|weiwoduzun\u696a\u7948's rating: 1628 &rarr; <strong>1645<\/strong><br \/>(+17 for winning)\n|raw|akxhdwy's rating: 1569 &rarr; <strong>1552<\/strong><br \/>(-17 for losing)\n|l|\u2606akxhdwy\n","uploadtime":1700359022,"views":8,"p1id":"weiwoduzun","p2id":"akxhdwy","formatid":"gen9nationaldex","rating":1552,"private":0,"password":""}