{"id":"gen9nationaldex-1995235964","p1":"powerme","p2":"FlyingSudowoodo","format":"[Gen 9] National Dex","log":"|html|<div class=\"broadcast-blue\"><strong>[Gen 9] National Dex is currently suspecting Sneasler! For information on how to participate check out the <a href=\"https:\/\/www.smogon.com\/forums\/threads\/sv-national-dex-suspect-8-just-dance.3731534\/\">suspect thread<\/a>.<\/strong><\/div>\n|j|\u2606powerme\n|j|\u2606FlyingSudowoodo\n|t:|1700538191\n|gametype|singles\n|player|p1|powerme|101|1322\n|player|p2|FlyingSudowoodo|brock|1386\n|teamsize|p1|6\n|teamsize|p2|6\n|gen|9\n|tier|[Gen 9] National Dex\n|rated|\n|rule|HP Percentage Mod: HP is shown in percentages\n|rule|Endless Battle Clause: Forcing endless battles is banned\n|rule|OHKO Clause: OHKO moves are banned\n|rule|Evasion Clause: Evasion abilities, items, and moves are banned\n|rule|Evasion Abilities Clause: Evasion abilities are banned\n|rule|Evasion Items Clause: Evasion items are banned\n|rule|Evasion Moves Clause: Evasion moves are banned\n|rule|Species Clause: Limit one of each Pok\u00e9mon\n|rule|Sleep Clause Mod: Limit one foe put to sleep\n|clearpoke\n|poke|p1|Greninja-*, M|\n|poke|p1|Ogerpon-Wellspring, F|\n|poke|p1|Basculegion, M|\n|poke|p1|Pelipper, F|\n|poke|p1|Scizor, M|\n|poke|p1|Zapdos|\n|poke|p2|Garganacl, M|\n|poke|p2|Diancie|\n|poke|p2|Glimmora, M|\n|poke|p2|Ogerpon-Cornerstone, F|\n|poke|p2|Golem-Alola, M|\n|poke|p2|Tyranitar, F|\n|teampreview\n|inactive|Battle timer is ON: inactive players will automatically lose when time's up. (requested by FlyingSudowoodo)\n|\n|t:|1700538205\n|start\n|switch|p1a: Ogerpon|Ogerpon-Wellspring, F|100\/100\n|switch|p2a: Glimmora|Glimmora, M|100\/100\n|-item|p2a: Glimmora|Air Balloon\n|turn|1\n|\n|t:|1700538217\n|move|p1a: Ogerpon|Trailblaze|p2a: Glimmora\n|-damage|p2a: Glimmora|65\/100\n|-boost|p1a: Ogerpon|spe|1\n|-activate|p2a: Glimmora|ability: Toxic Debris\n|-sidestart|p1: powerme|move: Toxic Spikes\n|-enditem|p2a: Glimmora|Air Balloon\n|move|p2a: Glimmora|Sludge Wave|p1a: Ogerpon\n|-supereffective|p1a: Ogerpon\n|-damage|p1a: Ogerpon|0 fnt\n|faint|p1a: Ogerpon\n|\n|upkeep\n|\n|t:|1700538232\n|switch|p1a: Scizor|Scizor, M|100\/100\n|turn|2\n|\n|t:|1700538250\n|move|p2a: Glimmora|Power Gem|p1a: Scizor\n|-damage|p1a: Scizor|47\/100\n|move|p1a: Scizor|Close Combat|p2a: Glimmora\n|-damage|p2a: Glimmora|14\/100\n|-unboost|p1a: Scizor|def|1\n|-unboost|p1a: Scizor|spd|1\n|-activate|p2a: Glimmora|ability: Toxic Debris\n|-sidestart|p1: powerme|move: Toxic Spikes\n|\n|upkeep\n|turn|3\n|\n|t:|1700538259\n|switch|p2a: Tyranitar|Tyranitar, F|100\/100\n|-weather|Sandstorm|[from] ability: Sand Stream|[of] p2a: Tyranitar\n|move|p1a: Scizor|Bullet Punch|p2a: Tyranitar\n|-supereffective|p2a: Tyranitar\n|-damage|p2a: Tyranitar|36\/100\n|\n|-weather|Sandstorm|[upkeep]\n|upkeep\n|turn|4\n|\n|t:|1700538272\n|move|p1a: Scizor|Bullet Punch|p2a: Tyranitar\n|-supereffective|p2a: Tyranitar\n|-damage|p2a: Tyranitar|0 fnt\n|faint|p2a: Tyranitar\n|\n|-weather|Sandstorm|[upkeep]\n|upkeep\n|\n|t:|1700538280\n|switch|p2a: Garganacl|Garganacl, M|100\/100\n|turn|5\n|\n|t:|1700538284\n|switch|p1a: Zapdos|Zapdos|100\/100\n|move|p2a: Garganacl|Salt Cure|p1a: Zapdos\n|-supereffective|p1a: Zapdos\n|-damage|p1a: Zapdos|69\/100\n|-start|p1a: Zapdos|Salt Cure\n|\n|-weather|Sandstorm|[upkeep]\n|-damage|p1a: Zapdos|63\/100|[from] Sandstorm\n|-damage|p1a: Zapdos|51\/100|[from] Salt Cure\n|upkeep\n|turn|6\n|\n|t:|1700538295\n|move|p2a: Garganacl|Protect|p2a: Garganacl\n|-singleturn|p2a: Garganacl|Protect\n|move|p1a: Zapdos|Defog|p2a: Garganacl\n|-activate|p2a: Garganacl|move: Protect\n|\n|-weather|Sandstorm|[upkeep]\n|-damage|p1a: Zapdos|45\/100|[from] Sandstorm\n|-damage|p1a: Zapdos|32\/100|[from] Salt Cure\n|upkeep\n|turn|7\n|\n|t:|1700538306\n|move|p1a: Zapdos|Defog|p2a: Garganacl\n|-unboost|p2a: Garganacl|evasion|1\n|-sideend|p1: powerme|Toxic Spikes|[from] move: Defog|[of] p1a: Zapdos\n|move|p2a: Garganacl|Salt Cure|p1a: Zapdos\n|-supereffective|p1a: Zapdos\n|-crit|p1a: Zapdos\n|-damage|p1a: Zapdos|0 fnt\n|faint|p1a: Zapdos\n|\n|-weather|none\n|upkeep\n|\n|t:|1700538316\n|switch|p1a: Pelipper|Pelipper, F|100\/100\n|-weather|RainDance|[from] ability: Drizzle|[of] p1a: Pelipper\n|turn|8\n|\n|t:|1700538321\n|-terastallize|p2a: Garganacl|Ghost\n|move|p1a: Pelipper|Weather Ball|p2a: Garganacl\n|-damage|p2a: Garganacl|63\/100\n|move|p2a: Garganacl|Stealth Rock|p1a: Pelipper\n|-sidestart|p1: powerme|move: Stealth Rock\n|\n|-weather|RainDance|[upkeep]\n|-heal|p2a: Garganacl|69\/100|[from] item: Leftovers\n|upkeep\n|turn|9\n|\n|t:|1700538338\n|move|p1a: Pelipper|Weather Ball|p2a: Garganacl\n|-damage|p2a: Garganacl|31\/100\n|move|p2a: Garganacl|Salt Cure|p1a: Pelipper\n|-supereffective|p1a: Pelipper\n|-damage|p1a: Pelipper|71\/100\n|-start|p1a: Pelipper|Salt Cure\n|\n|-weather|RainDance|[upkeep]\n|-heal|p2a: Garganacl|37\/100|[from] item: Leftovers\n|-damage|p1a: Pelipper|46\/100|[from] Salt Cure\n|upkeep\n|turn|10\n|\n|t:|1700538348\n|switch|p1a: Basculegion|Basculegion, M|100\/100\n|-damage|p1a: Basculegion|88\/100|[from] Stealth Rock\n|move|p2a: Garganacl|Protect||[still]\n|-fail|p2a: Garganacl\n|\n|-weather|RainDance|[upkeep]\n|-heal|p2a: Garganacl|43\/100|[from] item: Leftovers\n|upkeep\n|turn|11\n|\n|t:|1700538357\n|switch|p2a: Glimmora|Glimmora, M|14\/100\n|move|p1a: Basculegion|Wave Crash|p2a: Glimmora\n|-supereffective|p2a: Glimmora\n|-damage|p2a: Glimmora|0 fnt\n|-activate|p2a: Glimmora|ability: Toxic Debris\n|-sidestart|p1: powerme|move: Toxic Spikes\n|faint|p2a: Glimmora\n|-damage|p1a: Basculegion|85\/100|[from] Recoil\n|\n|-weather|RainDance|[upkeep]\n|upkeep\n|\n|t:|1700538367\n|switch|p2a: Golem|Golem-Alola, M|100\/100\n|turn|12\n|\n|t:|1700538372\n|-terastallize|p1a: Basculegion|Water\n|move|p2a: Golem|Endure|p2a: Golem\n|-singleturn|p2a: Golem|move: Endure\n|move|p1a: Basculegion|Wave Crash|p2a: Golem\n|-supereffective|p2a: Golem\n|-activate|p2a: Golem|move: Endure\n|-damage|p2a: Golem|1\/100\n|-damage|p1a: Basculegion|59\/100|[from] Recoil\n|\n|-weather|RainDance|[upkeep]\n|upkeep\n|turn|13\n|-enditem|p2a: Golem|Custap Berry|[eat]\n|-activate|p2a: Golem|item: Custap Berry|[consumed]\n|\n|t:|1700538387\n|switch|p1a: Scizor|Scizor, M|47\/100\n|-damage|p1a: Scizor|35\/100|[from] Stealth Rock\n|move|p2a: Golem|Explosion|p1a: Scizor\n|-damage|p1a: Scizor|0 fnt\n|faint|p2a: Golem\n|faint|p1a: Scizor\n|\n|-weather|RainDance|[upkeep]\n|upkeep\n|\n|t:|1700538404\n|switch|p2a: Ogerpon|Ogerpon-Cornerstone, F|100\/100\n|switch|p1a: Basculegion|Basculegion, M, tera:Water|59\/100\n|-damage|p1a: Basculegion|47\/100|[from] Stealth Rock\n|-status|p1a: Basculegion|psn\n|turn|14\n|\n|t:|1700538415\n|move|p1a: Basculegion|Aqua Jet|p2a: Ogerpon\n|-damage|p2a: Ogerpon|17\/100\n|move|p2a: Ogerpon|Horn Leech|p1a: Basculegion\n|-supereffective|p1a: Basculegion\n|-damage|p1a: Basculegion|0 fnt\n|-heal|p2a: Ogerpon|47\/100|[from] drain|[of] p1a: Basculegion\n|faint|p1a: Basculegion\n|\n|-weather|RainDance|[upkeep]\n|upkeep\n|\n|t:|1700538424\n|switch|p1a: Greninja|Greninja, M|100\/100\n|-damage|p1a: Greninja|88\/100|[from] Stealth Rock\n|-status|p1a: Greninja|psn\n|turn|15\n|\n|t:|1700538433\n|move|p1a: Greninja|Ice Beam|p2a: Ogerpon\n|-supereffective|p2a: Ogerpon\n|-damage|p2a: Ogerpon|0 fnt\n|faint|p2a: Ogerpon\n|-ability|p1a: Greninja|Battle Bond|boost\n|-boost|p1a: Greninja|atk|1\n|-boost|p1a: Greninja|spa|1\n|-boost|p1a: Greninja|spe|1\n|-activate|p1a: Greninja|ability: Battle Bond\n|-damage|p1a: Greninja|78\/100 psn|[from] item: Life Orb\n|\n|-weather|none\n|-damage|p1a: Greninja|66\/100 psn|[from] psn\n|upkeep\n|\n|t:|1700538446\n|switch|p2a: Garganacl|Garganacl, M, tera:Ghost|43\/100\n|turn|16\n|\n|t:|1700538450\n|move|p2a: Garganacl|Protect|p2a: Garganacl\n|-singleturn|p2a: Garganacl|Protect\n|move|p1a: Greninja|Dark Pulse|p2a: Garganacl\n|-activate|p2a: Garganacl|move: Protect\n|\n|-heal|p2a: Garganacl|49\/100|[from] item: Leftovers\n|-damage|p1a: Greninja|54\/100 psn|[from] psn\n|upkeep\n|turn|17\n|\n|t:|1700538459\n|switch|p2a: Diancie|Diancie|100\/100\n|move|p1a: Greninja|Dark Pulse|p2a: Diancie\n|-resisted|p2a: Diancie\n|-damage|p2a: Diancie|65\/100\n|-damage|p1a: Greninja|44\/100 psn|[from] item: Life Orb\n|\n|-damage|p1a: Greninja|32\/100 psn|[from] psn\n|upkeep\n|turn|18\n|\n|t:|1700538469\n|move|p1a: Greninja|Surf|p2a: Diancie\n|-supereffective|p2a: Diancie\n|-damage|p2a: Diancie|0 fnt\n|faint|p2a: Diancie\n|-damage|p1a: Greninja|22\/100 psn|[from] item: Life Orb\n|\n|-damage|p1a: Greninja|10\/100 psn|[from] psn\n|upkeep\n|\n|t:|1700538476\n|switch|p2a: Garganacl|Garganacl, M, tera:Ghost|49\/100\n|turn|19\n|\n|t:|1700538480\n|move|p2a: Garganacl|Protect|p2a: Garganacl\n|-singleturn|p2a: Garganacl|Protect\n|move|p1a: Greninja|Water Shuriken|p2a: Garganacl\n|-activate|p2a: Garganacl|move: Protect\n|\n|-heal|p2a: Garganacl|56\/100|[from] item: Leftovers\n|-damage|p1a: Greninja|0 fnt|[from] psn\n|faint|p1a: Greninja\n|upkeep\n|\n|t:|1700538482\n|switch|p1a: Pelipper|Pelipper, F|46\/100\n|-damage|p1a: Pelipper|21\/100|[from] Stealth Rock\n|-weather|RainDance|[from] ability: Drizzle|[of] p1a: Pelipper\n|turn|20\n|\n|t:|1700538492\n|move|p1a: Pelipper|Hurricane|p2a: Garganacl\n|-damage|p2a: Garganacl|29\/100\n|move|p2a: Garganacl|Salt Cure|p1a: Pelipper\n|-supereffective|p1a: Pelipper\n|-damage|p1a: Pelipper|0 fnt\n|faint|p1a: Pelipper\n|\n|win|FlyingSudowoodo\n|raw|powerme's rating: 1322 &rarr; <strong>1306<\/strong><br \/>(-16 for losing)\n|raw|FlyingSudowoodo's rating: 1386 &rarr; <strong>1402<\/strong><br \/>(+16 for winning)\n|l|\u2606powerme\n","uploadtime":1700538502,"views":4,"p1id":"powerme","p2id":"flyingsudowoodo","formatid":"gen9nationaldex","rating":1306,"private":0,"password":""}