{"id":"gen9nationaldex-1990977375","p1":"ElSarabambiche777","p2":"cuitkkl","format":"[Gen 9] National Dex","log":"|j|\u2606ElSarabambiche777\n|j|\u2606cuitkkl\n|t:|1700022353\n|gametype|singles\n|player|p1|ElSarabambiche777|red|1138\n|player|p2|cuitkkl|ingo|1178\n|teamsize|p1|6\n|teamsize|p2|6\n|gen|9\n|tier|[Gen 9] National Dex\n|rated|\n|rule|HP Percentage Mod: HP is shown in percentages\n|rule|Endless Battle Clause: Forcing endless battles is banned\n|rule|OHKO Clause: OHKO moves are banned\n|rule|Evasion Clause: Evasion abilities, items, and moves are banned\n|rule|Evasion Abilities Clause: Evasion abilities are banned\n|rule|Evasion Items Clause: Evasion items are banned\n|rule|Evasion Moves Clause: Evasion moves are banned\n|rule|Species Clause: Limit one of each Pok\u00e9mon\n|rule|Sleep Clause Mod: Limit one foe put to sleep\n|clearpoke\n|poke|p1|Braviary-Hisui, M|\n|poke|p1|Torterra, F|\n|poke|p1|Swellow, M|\n|poke|p1|Kricketune, M|\n|poke|p1|Shuckle, F|\n|poke|p1|Sceptile, M|\n|poke|p2|Weezing-Galar, F|\n|poke|p2|Mew|\n|poke|p2|Gyarados, M|\n|poke|p2|Tapu Koko|\n|poke|p2|Zamazenta-*|\n|poke|p2|Aegislash, M|\n|teampreview\n|\n|t:|1700022383\n|start\n|switch|p1a: Shuckle|Shuckle, F|100\/100\n|switch|p2a: Mew|Mew|100\/100\n|turn|1\n|inactive|Battle timer is ON: inactive players will automatically lose when time's up. (requested by ElSarabambiche777)\n|\n|t:|1700022387\n|move|p2a: Mew|Taunt|p1a: Shuckle\n|-start|p1a: Shuckle|move: Taunt\n|cant|p1a: Shuckle|move: Taunt|Sticky Web\n|\n|upkeep\n|turn|2\n|\n|t:|1700022395\n|move|p2a: Mew|Icicle Spear|p1a: Shuckle\n|-damage|p1a: Shuckle|96\/100\n|-damage|p1a: Shuckle|91\/100\n|-damage|p1a: Shuckle|87\/100\n|-damage|p1a: Shuckle|82\/100\n|-damage|p1a: Shuckle|77\/100\n|-hitcount|p1a: Shuckle|5\n|move|p1a: Shuckle|Infestation|p2a: Mew\n|-supereffective|p2a: Mew\n|-damage|p2a: Mew|97\/100\n|-activate|p2a: Mew|move: Infestation|[of] p1a: Shuckle\n|\n|-heal|p1a: Shuckle|83\/100|[from] item: Leftovers\n|-damage|p2a: Mew|84\/100|[from] move: Infestation|[partiallytrapped]\n|upkeep\n|turn|3\n|\n|t:|1700022407\n|move|p2a: Mew|Stealth Rock|p1a: Shuckle\n|-sidestart|p1: ElSarabambiche777|move: Stealth Rock\n|move|p1a: Shuckle|Knock Off|p2a: Mew\n|-supereffective|p2a: Mew\n|-damage|p2a: Mew|75\/100\n|-enditem|p2a: Mew|Focus Sash|[from] move: Knock Off|[of] p1a: Shuckle\n|\n|-heal|p1a: Shuckle|89\/100|[from] item: Leftovers\n|-damage|p2a: Mew|62\/100|[from] move: Infestation|[partiallytrapped]\n|-end|p1a: Shuckle|move: Taunt\n|upkeep\n|turn|4\n|\n|t:|1700022415\n|switch|p1a: Sceptile|Sceptile, M|100\/100\n|-damage|p1a: Sceptile|88\/100|[from] Stealth Rock\n|move|p2a: Mew|Taunt|p1a: Sceptile\n|-start|p1a: Sceptile|move: Taunt\n|\n|-end|p2a: Mew|Infestation|[partiallytrapped]|[silent]\n|upkeep\n|turn|5\n|\n|t:|1700022421\n|move|p1a: Sceptile|Scale Shot|p2a: Mew\n|-damage|p2a: Mew|56\/100\n|-damage|p2a: Mew|50\/100\n|-crit|p2a: Mew\n|-damage|p2a: Mew|40\/100\n|-crit|p2a: Mew\n|-damage|p2a: Mew|30\/100\n|-damage|p2a: Mew|24\/100\n|-hitcount|p2a: Mew|5\n|-unboost|p1a: Sceptile|def|1\n|-boost|p1a: Sceptile|spe|1\n|move|p2a: Mew|Icicle Spear|p1a: Sceptile\n|-supereffective|p1a: Sceptile\n|-damage|p1a: Sceptile|53\/100\n|-supereffective|p1a: Sceptile\n|-damage|p1a: Sceptile|20\/100\n|-supereffective|p1a: Sceptile\n|-damage|p1a: Sceptile|0 fnt\n|faint|p1a: Sceptile\n|-hitcount|p1: Sceptile|3\n|\n|upkeep\n|\n|t:|1700022433\n|switch|p1a: Kricketune|Kricketune, M|100\/100\n|-damage|p1a: Kricketune|76\/100|[from] Stealth Rock\n|turn|6\n|\n|t:|1700022436\n|move|p2a: Mew|Taunt|p1a: Kricketune\n|-start|p1a: Kricketune|move: Taunt\n|move|p1a: Kricketune|Fell Stinger|p2a: Mew\n|-supereffective|p2a: Mew\n|-damage|p2a: Mew|0 fnt\n|faint|p2a: Mew\n|-boost|p1a: Kricketune|atk|3\n|-damage|p1a: Kricketune|66\/100|[from] item: Life Orb\n|\n|upkeep\n|\n|t:|1700022447\n|switch|p2a: Weezing|Weezing-Galar, F|100\/100\n|-ability|p2a: Weezing|Neutralizing Gas\n|turn|7\n|\n|t:|1700022453\n|move|p1a: Kricketune|Trailblaze|p2a: Weezing\n|-resisted|p2a: Weezing\n|-crit|p2a: Weezing\n|-damage|p2a: Weezing|74\/100\n|-boost|p1a: Kricketune|spe|1\n|-damage|p1a: Kricketune|56\/100|[from] item: Life Orb\n|move|p2a: Weezing|Heat Wave|p1a: Kricketune\n|-supereffective|p1a: Kricketune\n|-damage|p1a: Kricketune|0 fnt\n|faint|p1a: Kricketune\n|\n|-heal|p2a: Weezing|80\/100|[from] item: Leftovers\n|upkeep\n|\n|t:|1700022457\n|switch|p1a: Torterra|Torterra, F|100\/100\n|-damage|p1a: Torterra|94\/100|[from] Stealth Rock\n|turn|8\n|\n|t:|1700022460\n|move|p1a: Torterra|Shell Smash|p1a: Torterra\n|-unboost|p1a: Torterra|def|1\n|-unboost|p1a: Torterra|spd|1\n|-boost|p1a: Torterra|atk|2\n|-boost|p1a: Torterra|spa|2\n|-boost|p1a: Torterra|spe|2\n|move|p2a: Weezing|Heat Wave|p1a: Torterra\n|-supereffective|p1a: Torterra\n|-damage|p1a: Torterra|9\/100\n|\n|-heal|p2a: Weezing|86\/100|[from] item: Leftovers\n|upkeep\n|turn|9\n|\n|t:|1700022464\n|move|p1a: Torterra|Earthquake|p2a: Weezing\n|-supereffective|p2a: Weezing\n|-damage|p2a: Weezing|0 fnt\n|faint|p2a: Weezing\n|-end|p2a: Weezing|ability: Neutralizing Gas\n|\n|upkeep\n|\n|t:|1700022473\n|switch|p2a: Zamazenta|Zamazenta|100\/100\n|-ability|p2a: Zamazenta|Dauntless Shield|boost\n|-boost|p2a: Zamazenta|def|1\n|turn|10\n|\n|t:|1700022480\n|move|p1a: Torterra|Bullet Seed|p2a: Zamazenta\n|-damage|p2a: Zamazenta|79\/100\n|-damage|p2a: Zamazenta|57\/100\n|-damage|p2a: Zamazenta|37\/100\n|-damage|p2a: Zamazenta|13\/100\n|-hitcount|p2a: Zamazenta|4\n|move|p2a: Zamazenta|Crunch|p1a: Torterra\n|-damage|p1a: Torterra|0 fnt\n|faint|p1a: Torterra\n|\n|upkeep\n|\n|t:|1700022488\n|switch|p1a: Braviary|Braviary-Hisui, M|100\/100\n|-damage|p1a: Braviary|76\/100|[from] Stealth Rock\n|turn|11\n|\n|t:|1700022492\n|move|p2a: Zamazenta|Crunch|p1a: Braviary\n|-supereffective|p1a: Braviary\n|-damage|p1a: Braviary|0 fnt\n|faint|p1a: Braviary\n|\n|upkeep\n|\n|t:|1700022497\n|switch|p1a: Shuckle|Shuckle, F|89\/100\n|-damage|p1a: Shuckle|64\/100|[from] Stealth Rock\n|turn|12\n|\n|t:|1700022501\n|move|p2a: Zamazenta|Crunch|p1a: Shuckle\n|-damage|p1a: Shuckle|37\/100\n|move|p1a: Shuckle|Infestation|p2a: Zamazenta\n|-resisted|p2a: Zamazenta\n|-damage|p2a: Zamazenta|12\/100\n|-activate|p2a: Zamazenta|move: Infestation|[of] p1a: Shuckle\n|\n|-heal|p1a: Shuckle|44\/100|[from] item: Leftovers\n|-damage|p2a: Zamazenta|0 fnt|[from] move: Infestation|[partiallytrapped]\n|faint|p2a: Zamazenta\n|upkeep\n|\n|t:|1700022504\n|switch|p2a: Gyarados|Gyarados, M|100\/100\n|-ability|p2a: Gyarados|Intimidate|boost\n|-unboost|p1a: Shuckle|atk|1\n|turn|13\n|\n|t:|1700022511\n|move|p2a: Gyarados|Dragon Dance|p2a: Gyarados\n|-boost|p2a: Gyarados|atk|1\n|-boost|p2a: Gyarados|spe|1\n|move|p1a: Shuckle|Infestation|p2a: Gyarados\n|-resisted|p2a: Gyarados\n|-damage|p2a: Gyarados|99\/100\n|-activate|p2a: Gyarados|move: Infestation|[of] p1a: Shuckle\n|\n|-heal|p1a: Shuckle|50\/100|[from] item: Leftovers\n|-damage|p2a: Gyarados|87\/100|[from] move: Infestation|[partiallytrapped]\n|upkeep\n|turn|14\n|\n|t:|1700022514\n|move|p2a: Gyarados|Dragon Dance|p2a: Gyarados\n|-boost|p2a: Gyarados|atk|1\n|-boost|p2a: Gyarados|spe|1\n|move|p1a: Shuckle|Knock Off|p2a: Gyarados\n|-damage|p2a: Gyarados|84\/100\n|\n|-heal|p1a: Shuckle|56\/100|[from] item: Leftovers\n|-damage|p2a: Gyarados|72\/100|[from] move: Infestation|[partiallytrapped]\n|upkeep\n|turn|15\n|\n|t:|1700022520\n|detailschange|p2a: Gyarados|Gyarados-Mega, M\n|-mega|p2a: Gyarados|Gyarados|Gyaradosite\n|-ability|p2a: Gyarados|Mold Breaker\n|-terastallize|p1a: Shuckle|Bug\n|move|p2a: Gyarados|Waterfall|p1a: Shuckle\n|-damage|p1a: Shuckle|0 fnt\n|faint|p1a: Shuckle\n|\n|-end|p2a: Gyarados|Infestation|[partiallytrapped]|[silent]\n|upkeep\n|\n|t:|1700022523\n|switch|p1a: Swellow|Swellow, M|100\/100\n|-damage|p1a: Swellow|76\/100|[from] Stealth Rock\n|turn|16\n|\n|t:|1700022530\n|move|p2a: Gyarados|Waterfall|p1a: Swellow\n|-damage|p1a: Swellow|0 fnt\n|faint|p1a: Swellow\n|\n|win|cuitkkl\n|raw|ElSarabambiche777's rating: 1138 &rarr; <strong>1116<\/strong><br \/>(-22 for losing)\n|raw|cuitkkl's rating: 1178 &rarr; <strong>1200<\/strong><br \/>(+22 for winning)\n|l|\u2606ElSarabambiche777\n","uploadtime":1700022583,"views":5,"p1id":"elsarabambiche777","p2id":"cuitkkl","formatid":"gen9nationaldex","rating":1116,"private":0,"password":""}