{"id":"gen9nationaldex-1993902385","p1":"CosmicTaiyo","p2":"Yuanshen61\u6211\u8981\u73a9\u539f\u795e","format":"[Gen 9] National Dex","log":"|j|\u2606CosmicTaiyo\n|j|\u2606Yuanshen61\u6211\u8981\u73a9\u539f\u795e\n|t:|1700372636\n|gametype|singles\n|player|p1|CosmicTaiyo|elio|1569\n|player|p2|Yuanshen61\u6211\u8981\u73a9\u539f\u795e|dawn-contest|1510\n|teamsize|p1|6\n|teamsize|p2|6\n|gen|9\n|tier|[Gen 9] National Dex\n|rated|\n|rule|HP Percentage Mod: HP is shown in percentages\n|rule|Endless Battle Clause: Forcing endless battles is banned\n|rule|OHKO Clause: OHKO moves are banned\n|rule|Evasion Clause: Evasion abilities, items, and moves are banned\n|rule|Evasion Abilities Clause: Evasion abilities are banned\n|rule|Evasion Items Clause: Evasion items are banned\n|rule|Evasion Moves Clause: Evasion moves are banned\n|rule|Species Clause: Limit one of each Pok\u00e9mon\n|rule|Sleep Clause Mod: Limit one foe put to sleep\n|clearpoke\n|poke|p1|Clawitzer, M|\n|poke|p1|Grimmsnarl, M|\n|poke|p1|Corviknight, M|\n|poke|p1|Charizard, M|\n|poke|p1|Glimmora, M|\n|poke|p1|Rillaboom, F|\n|poke|p2|Zoroark-Hisui, M|\n|poke|p2|Cresselia, F|\n|poke|p2|Heatran, F|\n|poke|p2|Tapu Koko|\n|poke|p2|Lopunny, F|\n|poke|p2|Great Tusk|\n|teampreview\n|inactive|Battle timer is ON: inactive players will automatically lose when time's up. (requested by Yuanshen61\u6211\u8981\u73a9\u539f\u795e)\n|\n|t:|1700372653\n|start\n|switch|p1a: Grimmsnarl|Grimmsnarl, M|100\/100\n|switch|p2a: Lopunny|Lopunny, F|100\/100\n|turn|1\n|\n|t:|1700372659\n|move|p1a: Grimmsnarl|Reflect|p1a: Grimmsnarl\n|-sidestart|p1: CosmicTaiyo|Reflect\n|move|p2a: Lopunny|Taunt|p1a: Grimmsnarl\n|-start|p1a: Grimmsnarl|move: Taunt\n|\n|upkeep\n|turn|2\n|\n|t:|1700372664\n|move|p2a: Lopunny|Nasty Plot|p2a: Lopunny\n|-boost|p2a: Lopunny|spa|2\n|move|p1a: Grimmsnarl|Spirit Break|p2a: Lopunny\n|-damage|p2a: Lopunny|42\/100\n|-unboost|p2a: Lopunny|spa|1\n|replace|p2a: Zoroark|Zoroark-Hisui, M\n|-end|p2a: Zoroark|Illusion\n|\n|upkeep\n|turn|3\n|\n|t:|1700372676\n|move|p2a: Zoroark|Hyper Voice|p1a: Grimmsnarl\n|-damage|p1a: Grimmsnarl|40\/100\n|move|p1a: Grimmsnarl|Spirit Break|p2a: Zoroark\n|-damage|p2a: Zoroark|0 fnt\n|faint|p2a: Zoroark\n|\n|upkeep\n|\n|t:|1700372680\n|switch|p2a: Tapu Koko|Tapu Koko|100\/100\n|-fieldstart|move: Electric Terrain|[from] ability: Electric Surge|[of] p2a: Tapu Koko\n|turn|4\n|\n|t:|1700372686\n|switch|p1a: Rillaboom|Rillaboom, F|100\/100\n|-fieldstart|move: Grassy Terrain|[from] ability: Grassy Surge|[of] p1a: Rillaboom\n|move|p2a: Tapu Koko|Volt Switch|p1a: Rillaboom\n|-resisted|p1a: Rillaboom\n|-damage|p1a: Rillaboom|75\/100\n|\n|t:|1700372691\n|switch|p2a: Heatran|Heatran, F|100\/100|[from] Volt Switch\n|\n|-heal|p1a: Rillaboom|81\/100|[from] Grassy Terrain\n|upkeep\n|turn|5\n|\n|t:|1700372709\n|switch|p1a: Clawitzer|Clawitzer, M|100\/100\n|move|p2a: Heatran|Stealth Rock|p1a: Clawitzer\n|-sidestart|p1: CosmicTaiyo|move: Stealth Rock\n|\n|upkeep\n|turn|6\n|\n|t:|1700372717\n|switch|p2a: Tapu Koko|Tapu Koko|100\/100\n|-fieldstart|move: Electric Terrain|[from] ability: Electric Surge|[of] p2a: Tapu Koko\n|move|p1a: Clawitzer|Water Pulse|p2a: Tapu Koko\n|-crit|p2a: Tapu Koko\n|-damage|p2a: Tapu Koko|0 fnt\n|faint|p2a: Tapu Koko\n|\n|upkeep\n|\n|t:|1700372729\n|switch|p2a: Cresselia|Cresselia, F|100\/100\n|-enditem|p2a: Cresselia|Electric Seed\n|-boost|p2a: Cresselia|def|1|[from] item: Electric Seed\n|turn|7\n|\n|t:|1700372741\n|switch|p1a: Grimmsnarl|Grimmsnarl, M|40\/100\n|-damage|p1a: Grimmsnarl|28\/100|[from] Stealth Rock\n|move|p2a: Cresselia|Calm Mind|p2a: Cresselia\n|-boost|p2a: Cresselia|spa|1\n|-boost|p2a: Cresselia|spd|1\n|\n|upkeep\n|turn|8\n|\n|t:|1700372749\n|-terastallize|p2a: Cresselia|Poison\n|move|p1a: Grimmsnarl|Light Screen|p1a: Grimmsnarl\n|-sidestart|p1: CosmicTaiyo|move: Light Screen\n|move|p2a: Cresselia|Moonblast|p1a: Grimmsnarl\n|-supereffective|p1a: Grimmsnarl\n|-damage|p1a: Grimmsnarl|3\/100\n|\n|-sideend|p1: CosmicTaiyo|Reflect\n|upkeep\n|turn|9\n|\n|t:|1700372753\n|move|p1a: Grimmsnarl|Reflect|p1a: Grimmsnarl\n|-sidestart|p1: CosmicTaiyo|Reflect\n|move|p2a: Cresselia|Calm Mind|p2a: Cresselia\n|-boost|p2a: Cresselia|spa|1\n|-boost|p2a: Cresselia|spd|1\n|\n|upkeep\n|turn|10\n|\n|t:|1700372758\n|move|p1a: Grimmsnarl|Parting Shot|p2a: Cresselia\n|-unboost|p2a: Cresselia|atk|1\n|-unboost|p2a: Cresselia|spa|1\n|\n|t:|1700372771\n|switch|p1a: Corviknight|Corviknight, M|100\/100|[from] Parting Shot\n|-damage|p1a: Corviknight|88\/100|[from] Stealth Rock\n|-ability|p1a: Corviknight|Pressure\n|move|p2a: Cresselia|Calm Mind|p2a: Cresselia\n|-boost|p2a: Cresselia|spa|1\n|-boost|p2a: Cresselia|spd|1\n|\n|-fieldend|move: Electric Terrain\n|upkeep\n|turn|11\n|\n|t:|1700372774\n|move|p2a: Cresselia|Calm Mind|p2a: Cresselia\n|-boost|p2a: Cresselia|spa|1\n|-boost|p2a: Cresselia|spd|1\n|move|p1a: Corviknight|Defog|p2a: Cresselia\n|-unboost|p2a: Cresselia|evasion|1\n|-sideend|p1: CosmicTaiyo|Stealth Rock|[from] move: Defog|[of] p1a: Corviknight\n|\n|upkeep\n|turn|12\n|\n|t:|1700372783\n|move|p2a: Cresselia|Stored Power|p1a: Corviknight\n|-resisted|p1a: Corviknight\n|-damage|p1a: Corviknight|57\/100\n|move|p1a: Corviknight|U-turn|p2a: Cresselia\n|-resisted|p2a: Cresselia\n|-damage|p2a: Cresselia|98\/100\n|\n|t:|1700372795\n|switch|p1a: Charizard|Charizard, M|100\/100|[from] U-turn\n|\n|upkeep\n|turn|13\n|\n|t:|1700372803\n|detailschange|p1a: Charizard|Charizard-Mega-X, M\n|-mega|p1a: Charizard|Charizard|Charizardite X\n|move|p1a: Charizard|Dragon Dance|p1a: Charizard\n|-boost|p1a: Charizard|atk|1\n|-boost|p1a: Charizard|spe|1\n|move|p2a: Cresselia|Stored Power|p1a: Charizard\n|-damage|p1a: Charizard|25\/100\n|\n|upkeep\n|turn|14\n|\n|t:|1700372811\n|move|p1a: Charizard|Flare Blitz|p2a: Cresselia\n|-damage|p2a: Cresselia|58\/100\n|-damage|p1a: Charizard|6\/100|[from] Recoil\n|move|p2a: Cresselia|Stored Power|p1a: Charizard\n|-damage|p1a: Charizard|0 fnt\n|faint|p1a: Charizard\n|\n|upkeep\n|inactive|CosmicTaiyo has 120 seconds left.\n|\n|t:|1700372841\n|switch|p1a: Rillaboom|Rillaboom, F|81\/100\n|-fieldstart|move: Grassy Terrain|[from] ability: Grassy Surge|[of] p1a: Rillaboom\n|turn|15\n|\n|t:|1700372846\n|-terastallize|p1a: Rillaboom|Grass\n|move|p2a: Cresselia|Moonlight|p2a: Cresselia\n|-heal|p2a: Cresselia|100\/100\n|move|p1a: Rillaboom|Wood Hammer|p2a: Cresselia\n|-resisted|p2a: Cresselia\n|-damage|p2a: Cresselia|71\/100\n|-damage|p1a: Rillaboom|70\/100|[from] Recoil\n|\n|-heal|p1a: Rillaboom|76\/100|[from] Grassy Terrain\n|-sideend|p1: CosmicTaiyo|move: Light Screen\n|upkeep\n|turn|16\n|\n|t:|1700372856\n|move|p2a: Cresselia|Stored Power|p1a: Rillaboom\n|-damage|p1a: Rillaboom|0 fnt\n|faint|p1a: Rillaboom\n|\n|-sideend|p1: CosmicTaiyo|Reflect\n|upkeep\n|\n|t:|1700372861\n|switch|p1a: Grimmsnarl|Grimmsnarl, M|3\/100\n|turn|17\n|\n|t:|1700372863\n|move|p1a: Grimmsnarl|Light Screen|p1a: Grimmsnarl\n|-sidestart|p1: CosmicTaiyo|move: Light Screen\n|move|p2a: Cresselia|Moonblast|p1a: Grimmsnarl\n|-supereffective|p1a: Grimmsnarl\n|-damage|p1a: Grimmsnarl|0 fnt\n|faint|p1a: Grimmsnarl\n|\n|upkeep\n|\n|t:|1700372866\n|switch|p1a: Clawitzer|Clawitzer, M|100\/100\n|turn|18\n|\n|t:|1700372870\n|move|p2a: Cresselia|Stored Power|p1a: Clawitzer\n|-damage|p1a: Clawitzer|37\/100\n|move|p1a: Clawitzer|Dark Pulse|p2a: Cresselia\n|-damage|p2a: Cresselia|58\/100\n|\n|-heal|p1a: Clawitzer|43\/100|[from] Grassy Terrain\n|upkeep\n|turn|19\n|\n|t:|1700372873\n|move|p2a: Cresselia|Stored Power|p1a: Clawitzer\n|-damage|p1a: Clawitzer|0 fnt\n|faint|p1a: Clawitzer\n|\n|-fieldend|move: Grassy Terrain\n|upkeep\n|\n|t:|1700372874\n|switch|p1a: Glimmora|Glimmora, M|100\/100\n|turn|20\n|\n|t:|1700372876\n|move|p1a: Glimmora|Power Gem|p2a: Cresselia\n|-damage|p2a: Cresselia|48\/100\n|move|p2a: Cresselia|Moonlight|p2a: Cresselia\n|-heal|p2a: Cresselia|98\/100\n|\n|upkeep\n|turn|21\n|\n|t:|1700372880\n|move|p1a: Glimmora|Power Gem|p2a: Cresselia\n|-damage|p2a: Cresselia|88\/100\n|move|p2a: Cresselia|Calm Mind|p2a: Cresselia\n|-boost|p2a: Cresselia|spa|1\n|-boost|p2a: Cresselia|spd|1\n|\n|upkeep\n|turn|22\n|\n|t:|1700372881\n|move|p1a: Glimmora|Power Gem|p2a: Cresselia\n|-damage|p2a: Cresselia|80\/100\n|move|p2a: Cresselia|Stored Power|p1a: Glimmora\n|-supereffective|p1a: Glimmora\n|-damage|p1a: Glimmora|0 fnt\n|faint|p1a: Glimmora\n|\n|upkeep\n|\n|t:|1700372883\n|switch|p1a: Corviknight|Corviknight, M|57\/100\n|-ability|p1a: Corviknight|Pressure\n|turn|23\n|\n|t:|1700372885\n|move|p2a: Cresselia|Stored Power|p1a: Corviknight\n|-resisted|p1a: Corviknight\n|-damage|p1a: Corviknight|13\/100\n|move|p1a: Corviknight|Iron Head|p2a: Cresselia\n|-damage|p2a: Cresselia|71\/100\n|\n|upkeep\n|turn|24\n|\n|t:|1700372887\n|move|p2a: Cresselia|Stored Power|p1a: Corviknight\n|-resisted|p1a: Corviknight\n|-damage|p1a: Corviknight|0 fnt\n|faint|p1a: Corviknight\n|\n|win|Yuanshen61\u6211\u8981\u73a9\u539f\u795e\n|raw|CosmicTaiyo's rating: 1569 &rarr; <strong>1546<\/strong><br \/>(-23 for losing)\n|raw|Yuanshen61\u6211\u8981\u73a9\u539f\u795e's rating: 1510 &rarr; <strong>1533<\/strong><br \/>(+23 for winning)\n","uploadtime":1700372890,"views":8,"p1id":"cosmictaiyo","p2id":"yuanshen61","formatid":"gen9nationaldex","rating":1533,"private":0,"password":""}