{"id":"gen9nationaldex-1991013878","p1":"Gomaito","p2":"mtyqjltz5","format":"[Gen 9] National Dex","log":"|j|\u2606Gomaito\n|j|\u2606mtyqjltz5\n|t:|1700028065\n|gametype|singles\n|player|p1|Gomaito|rocketgrunt|1346\n|player|p2|mtyqjltz5|elesa|1388\n|teamsize|p1|6\n|teamsize|p2|6\n|gen|9\n|tier|[Gen 9] National Dex\n|rated|\n|rule|HP Percentage Mod: HP is shown in percentages\n|rule|Endless Battle Clause: Forcing endless battles is banned\n|rule|OHKO Clause: OHKO moves are banned\n|rule|Evasion Clause: Evasion abilities, items, and moves are banned\n|rule|Evasion Abilities Clause: Evasion abilities are banned\n|rule|Evasion Items Clause: Evasion items are banned\n|rule|Evasion Moves Clause: Evasion moves are banned\n|rule|Species Clause: Limit one of each Pok\u00e9mon\n|rule|Sleep Clause Mod: Limit one foe put to sleep\n|clearpoke\n|poke|p1|Great Tusk|\n|poke|p1|Porygon2|\n|poke|p1|Hydreigon, M|\n|poke|p1|Aegislash, M|\n|poke|p1|Cinderace, F|\n|poke|p1|Galvantula, F|\n|poke|p2|Pidgeot, M|\n|poke|p2|Weezing-Galar, M|\n|poke|p2|Heatran, M|\n|poke|p2|Rillaboom, M|\n|poke|p2|Urshifu-*, M|\n|poke|p2|Slowking-Galar, M|\n|teampreview\n|inactive|Battle timer is ON: inactive players will automatically lose when time's up. (requested by Gomaito)\n|\n|t:|1700028081\n|start\n|switch|p1a: Hydreigon|Hydreigon, M|100\/100\n|switch|p2a: Urshifu|Urshifu-Rapid-Strike, M|100\/100\n|turn|1\n|\n|t:|1700028091\n|move|p2a: Urshifu|U-turn|p1a: Hydreigon\n|-supereffective|p1a: Hydreigon\n|-damage|p1a: Hydreigon|46\/100\n|\n|t:|1700028104\n|switch|p2a: Heatran|Heatran, M|100\/100|[from] U-turn\n|move|p1a: Hydreigon|Draco Meteor|p2a: Heatran\n|-resisted|p2a: Heatran\n|-damage|p2a: Heatran|77\/100\n|-unboost|p1a: Hydreigon|spa|2\n|\n|-heal|p2a: Heatran|83\/100|[from] item: Leftovers\n|upkeep\n|turn|2\n|\n|t:|1700028114\n|switch|p1a: Porygon2|Porygon2|100\/100\n|-ability|p1a: Porygon2|Flash Fire|[from] ability: Trace|[of] p2a: Heatran\n|move|p2a: Heatran|Stealth Rock|p1a: Porygon2\n|-sidestart|p1: Gomaito|move: Stealth Rock\n|\n|-heal|p2a: Heatran|90\/100|[from] item: Leftovers\n|upkeep\n|turn|3\n|\n|t:|1700028131\n|switch|p1a: Hydreigon|Hydreigon, M|46\/100\n|-damage|p1a: Hydreigon|34\/100|[from] Stealth Rock\n|move|p2a: Heatran|Magma Storm|p1a: Hydreigon|[miss]\n|-miss|p2a: Heatran|p1a: Hydreigon\n|\n|-heal|p2a: Heatran|96\/100|[from] item: Leftovers\n|upkeep\n|turn|4\n|\n|t:|1700028139\n|switch|p2a: Pidgeot|Pidgeot, M, shiny|100\/100\n|move|p1a: Hydreigon|Earth Power|p2a: Pidgeot\n|-immune|p2a: Pidgeot\n|\n|upkeep\n|turn|5\n|\n|t:|1700028152\n|switch|p1a: Porygon2|Porygon2|100\/100\n|-damage|p1a: Porygon2|88\/100|[from] Stealth Rock\n|-ability|p1a: Porygon2|Big Pecks|[from] ability: Trace|[of] p2a: Pidgeot\n|detailschange|p2a: Pidgeot|Pidgeot-Mega, M, shiny\n|-mega|p2a: Pidgeot|Pidgeot|Pidgeotite\n|move|p2a: Pidgeot|Hurricane|p1a: Porygon2\n|-damage|p1a: Porygon2|62\/100\n|\n|upkeep\n|turn|6\n|\n|t:|1700028165\n|move|p2a: Pidgeot|U-turn|p1a: Porygon2\n|-damage|p1a: Porygon2|54\/100\n|\n|t:|1700028175\n|switch|p2a: Slowking|Slowking-Galar, M, shiny|100\/100|[from] U-turn\n|move|p1a: Porygon2|Recover|p1a: Porygon2\n|-heal|p1a: Porygon2|100\/100\n|\n|upkeep\n|turn|7\n|\n|t:|1700028184\n|switch|p1a: Colmilargo|Great Tusk|100\/100\n|-damage|p1a: Colmilargo|98\/100|[from] Stealth Rock\n|move|p2a: Slowking|Future Sight|p1a: Colmilargo\n|-start|p2a: Slowking|move: Future Sight\n|\n|-heal|p1a: Colmilargo|100\/100|[from] item: Leftovers\n|upkeep\n|turn|8\n|\n|t:|1700028203\n|switch|p2a: Weezing|Weezing-Galar, M|100\/100\n|move|p1a: Colmilargo|Rapid Spin|p2a: Weezing\n|-damage|p2a: Weezing|91\/100\n|-boost|p1a: Colmilargo|spe|1\n|-sideend|p1: Gomaito|Stealth Rock|[from] move: Rapid Spin|[of] p1a: Colmilargo\n|\n|-heal|p2a: Weezing|97\/100|[from] item: Leftovers\n|upkeep\n|turn|9\n|\n|t:|1700028222\n|move|p1a: Colmilargo|Knock Off|p2a: Weezing\n|-resisted|p2a: Weezing\n|-damage|p2a: Weezing|88\/100\n|-enditem|p2a: Weezing|Leftovers|[from] move: Knock Off|[of] p1a: Colmilargo\n|move|p2a: Weezing|Will-O-Wisp|p1a: Colmilargo|[miss]\n|-miss|p2a: Weezing|p1a: Colmilargo\n|\n|-end|p1a: Colmilargo|move: Future Sight\n|-supereffective|p1a: Colmilargo\n|-damage|p1a: Colmilargo|0 fnt\n|faint|p1a: Colmilargo\n|-end|p1a: Colmilargo|Protosynthesis|[silent]\n|upkeep\n|\n|t:|1700028230\n|switch|p1a: Cinderace|Cinderace, F|100\/100\n|turn|10\n|\n|t:|1700028239\n|move|p1a: Cinderace|Pyro Ball|p2a: Weezing\n|-crit|p2a: Weezing\n|-damage|p2a: Weezing|20\/100\n|-damage|p1a: Cinderace|91\/100|[from] item: Life Orb\n|move|p2a: Weezing|Toxic Spikes|p1a: Cinderace\n|-sidestart|p1: Gomaito|move: Toxic Spikes\n|\n|upkeep\n|turn|11\n|\n|t:|1700028251\n|move|p1a: Cinderace|Pyro Ball|p2a: Weezing\n|-damage|p2a: Weezing|0 fnt\n|faint|p2a: Weezing\n|-damage|p1a: Cinderace|81\/100|[from] item: Life Orb\n|\n|upkeep\n|inactive|mtyqjltz5 has 120 seconds left.\n|\n|t:|1700028277\n|switch|p2a: Slowking|Slowking-Galar, M, shiny|100\/100\n|turn|12\n|inactive|Gomaito has 120 seconds left.\n|c|\u2606mtyqjltz5|\u3002\n|\n|t:|1700028333\n|move|p1a: Cinderace|U-turn|p2a: Slowking\n|-start|p1a: Cinderace|typechange|Bug|[from] ability: Libero\n|-damage|p2a: Slowking|64\/100\n|-damage|p1a: Cinderace|71\/100|[from] item: Life Orb\n|\n|t:|1700028339\n|switch|p1a: Hydreigon|Hydreigon, M|34\/100|[from] U-turn\n|move|p2a: Slowking|Future Sight|p1a: Hydreigon\n|-start|p2a: Slowking|move: Future Sight\n|\n|upkeep\n|turn|13\n|inactive|Gomaito has 90 seconds left.\n|inactive|mtyqjltz5 has 120 seconds left.\n|\n|t:|1700028369\n|switch|p2a: Pidgeot|Pidgeot-Mega, M, shiny|100\/100\n|move|p1a: Hydreigon|Draco Meteor|p2a: Pidgeot\n|-damage|p2a: Pidgeot|1\/100\n|-unboost|p1a: Hydreigon|spa|2\n|\n|upkeep\n|turn|14\n|inactive|Gomaito has 90 seconds left.\n|inactive|mtyqjltz5 has 120 seconds left.\n|\n|t:|1700028384\n|move|p1a: Hydreigon|Draco Meteor|p2a: Pidgeot\n|-damage|p2a: Pidgeot|0 fnt\n|-unboost|p1a: Hydreigon|spa|2\n|faint|p2a: Pidgeot\n|\n|-end|p1a: Hydreigon|move: Future Sight\n|-immune|p1a: Hydreigon\n|upkeep\n|inactive|mtyqjltz5 has 120 seconds left.\n|inactive|mtyqjltz5 has 90 seconds left.\n|\n|t:|1700028438\n|switch|p2a: Rillaboom|Rillaboom, M|100\/100\n|-fieldstart|move: Grassy Terrain|[from] ability: Grassy Surge|[of] p2a: Rillaboom\n|turn|15\n|inactive|Gomaito has 90 seconds left.\n|\n|t:|1700028449\n|switch|p1a: Galvantula|Galvantula, F|100\/100\n|-status|p1a: Galvantula|psn\n|move|p2a: Rillaboom|U-turn|p1a: Galvantula\n|-damage|p1a: Galvantula|39\/100 psn\n|\n|t:|1700028460\n|switch|p2a: Urshifu|Urshifu-Rapid-Strike, M|100\/100|[from] U-turn\n|\n|-heal|p1a: Galvantula|45\/100 psn|[from] Grassy Terrain\n|-damage|p1a: Galvantula|33\/100 psn|[from] psn\n|upkeep\n|turn|16\n|\n|t:|1700028465\n|move|p2a: Urshifu|U-turn|p1a: Galvantula\n|-damage|p1a: Galvantula|0 fnt\n|faint|p1a: Galvantula\n|inactive|mtyqjltz5 has 90 seconds left.\n|\n|t:|1700028479\n|switch|p2a: Slowking|Slowking-Galar, M, shiny|97\/100|[from] U-turn\n|\n|-heal|p2a: Slowking|100\/100|[from] Grassy Terrain\n|upkeep\n|\n|t:|1700028488\n|switch|p1a: Hydreigon|Hydreigon, M|34\/100\n|turn|17\n|\n|t:|1700028492\n|move|p1a: Hydreigon|Earth Power|p2a: Slowking\n|-supereffective|p2a: Slowking\n|-damage|p2a: Slowking|55\/100\n|move|p2a: Slowking|Thunder Wave|p1a: Hydreigon\n|-status|p1a: Hydreigon|par\n|\n|-heal|p2a: Slowking|61\/100|[from] Grassy Terrain\n|upkeep\n|turn|18\n|\n|t:|1700028500\n|move|p1a: Hydreigon|Earth Power|p2a: Slowking\n|-supereffective|p2a: Slowking\n|-damage|p2a: Slowking|11\/100\n|move|p2a: Slowking|Chilly Reception|p2a: Slowking\n|-weather|Snow\n|\n|t:|1700028508\n|switch|p2a: Rillaboom|Rillaboom, M|100\/100|[from] Chilly Reception\n|\n|-weather|Snow|[upkeep]\n|upkeep\n|turn|19\n|inactive|Gomaito has 120 seconds left.\n|\n|t:|1700028534\n|move|p2a: Rillaboom|U-turn|p1a: Hydreigon\n|-supereffective|p1a: Hydreigon\n|-damage|p1a: Hydreigon|0 fnt\n|faint|p1a: Hydreigon\n|\n|t:|1700028550\n|switch|p2a: Urshifu|Urshifu-Rapid-Strike, M|100\/100|[from] U-turn\n|\n|-weather|Snow|[upkeep]\n|-fieldend|move: Grassy Terrain\n|upkeep\n|inactive|Gomaito has 120 seconds left.\n|\n|t:|1700028558\n|switch|p1a: Aegislash|Aegislash, M|100\/100\n|turn|20\n|\n|t:|1700028563\n|-terastallize|p2a: Urshifu|Water\n|move|p2a: Urshifu|Surging Strikes|p1a: Aegislash\n|-crit|p1a: Aegislash\n|-damage|p1a: Aegislash|80\/100\n|-crit|p1a: Aegislash\n|-damage|p1a: Aegislash|59\/100\n|-crit|p1a: Aegislash\n|-damage|p1a: Aegislash|38\/100\n|-hitcount|p1a: Aegislash|3\n|move|p1a: Aegislash|Swords Dance|p1a: Aegislash\n|-boost|p1a: Aegislash|atk|2\n|\n|-weather|Snow|[upkeep]\n|upkeep\n|turn|21\n|inactive|mtyqjltz5 has 120 seconds left.\n|\n|t:|1700028576\n|-terastallize|p1a: Aegislash|Ghost\n|-formechange|p1a: Aegislash|Aegislash-Blade||[from] ability: Stance Change\n|move|p1a: Aegislash|Shadow Sneak|p2a: Urshifu\n|-damage|p2a: Urshifu|24\/100\n|move|p2a: Urshifu|Surging Strikes|p1a: Aegislash\n|-crit|p1a: Aegislash\n|-damage|p1a: Aegislash|0 fnt\n|faint|p1a: Aegislash\n|-hitcount|p1: Aegislash|1\n|\n|-weather|Snow|[upkeep]\n|upkeep\n|\n|t:|1700028586\n|switch|p1a: Porygon2|Porygon2|100\/100\n|-status|p1a: Porygon2|psn\n|-ability|p1a: Porygon2|Unseen Fist|[from] ability: Trace|[of] p2a: Urshifu\n|turn|22\n|\n|t:|1700028593\n|switch|p2a: Heatran|Heatran, M|96\/100\n|move|p1a: Porygon2|Discharge|p2a: Heatran\n|-crit|p2a: Heatran\n|-damage|p2a: Heatran|78\/100\n|\n|-weather|none\n|-heal|p2a: Heatran|84\/100|[from] item: Leftovers\n|-damage|p1a: Porygon2|88\/100 psn|[from] psn\n|upkeep\n|turn|23\n|-message|Gomaito forfeited.\n|\n|win|mtyqjltz5\n|raw|Gomaito's rating: 1346 &rarr; <strong>1328<\/strong><br \/>(-18 for losing)\n|raw|mtyqjltz5's rating: 1388 &rarr; <strong>1406<\/strong><br \/>(+18 for winning)\n|l|\u2606Gomaito\n","uploadtime":1700028601,"views":4,"p1id":"gomaito","p2id":"mtyqjltz5","formatid":"gen9nationaldex","rating":1328,"private":0,"password":""}