{"id":"gen9nationaldex-1998527065","p1":"ringuwu","p2":"IamVirius","format":"[Gen 9] National Dex","log":"|html|<div class=\"broadcast-blue\"><strong>[Gen 9] National Dex is currently suspecting Sneasler! For information on how to participate check out the <a href=\"https:\/\/www.smogon.com\/forums\/threads\/sv-national-dex-suspect-8-just-dance.3731534\/\">suspect thread<\/a>.<\/strong><\/div>\n|j|\u2606ringuwu\n|j|\u2606IamVirius\n|t:|1700952450\n|gametype|singles\n|player|p1|ringuwu|larry|\n|player|p2|IamVirius|marlon|\n|teamsize|p1|6\n|teamsize|p2|6\n|gen|9\n|tier|[Gen 9] National Dex\n|rule|HP Percentage Mod: HP is shown in percentages\n|rule|Endless Battle Clause: Forcing endless battles is banned\n|rule|OHKO Clause: OHKO moves are banned\n|rule|Evasion Clause: Evasion abilities, items, and moves are banned\n|rule|Evasion Abilities Clause: Evasion abilities are banned\n|rule|Evasion Items Clause: Evasion items are banned\n|rule|Evasion Moves Clause: Evasion moves are banned\n|rule|Species Clause: Limit one of each Pok\u00e9mon\n|rule|Sleep Clause Mod: Limit one foe put to sleep\n|clearpoke\n|poke|p1|Toxapex, F|\n|poke|p1|Muk-Alola, M|\n|poke|p1|Nidoking, M|\n|poke|p1|Glimmora, F|\n|poke|p1|Crobat, M|\n|poke|p1|Overqwil, M|\n|poke|p2|Greninja-*, M|\n|poke|p2|Politoed, M|\n|poke|p2|Poliwrath, M|\n|poke|p2|Seismitoad, F|\n|poke|p2|Empoleon, F|\n|poke|p2|Pelipper, M|\n|teampreview\n|j| LazuIi\n|\n|t:|1700952494\n|start\n|switch|p1a: Circus Baby|Glimmora, F|100\/100\n|switch|p2a: Pelipper|Pelipper, M|100\/100\n|-item|p1a: Circus Baby|Air Balloon\n|-weather|RainDance|[from] ability: Drizzle|[of] p2a: Pelipper\n|turn|1\n|\n|t:|1700952518\n|switch|p2a: Poliwrath|Poliwrath, M|100\/100\n|move|p1a: Circus Baby|Power Gem|p2a: Poliwrath\n|-resisted|p2a: Poliwrath\n|-damage|p2a: Poliwrath|78\/100\n|\n|-weather|RainDance|[upkeep]\n|upkeep\n|turn|2\n|\n|t:|1700952528\n|move|p2a: Poliwrath|Earthquake|p1a: Circus Baby\n|-immune|p1a: Circus Baby\n|move|p1a: Circus Baby|Energy Ball|p2a: Poliwrath\n|-supereffective|p2a: Poliwrath\n|-damage|p2a: Poliwrath|10\/100\n|\n|-weather|RainDance|[upkeep]\n|upkeep\n|turn|3\n|\n|t:|1700952543\n|switch|p2a: Pelipper|Pelipper, M|100\/100\n|move|p1a: Circus Baby|Energy Ball|p2a: Pelipper\n|-damage|p2a: Pelipper|58\/100\n|-unboost|p2a: Pelipper|spd|1\n|\n|-weather|RainDance|[upkeep]\n|upkeep\n|turn|4\n|\n|t:|1700952554\n|move|p1a: Circus Baby|Energy Ball|p2a: Pelipper\n|-damage|p2a: Pelipper|0 fnt\n|faint|p2a: Pelipper\n|\n|-weather|RainDance|[upkeep]\n|upkeep\n|\n|t:|1700952568\n|switch|p2a: Greninja|Greninja, M, shiny|100\/100\n|turn|5\n|\n|t:|1700952574\n|move|p2a: Greninja|Surf|p1a: Circus Baby\n|-start|p2a: Greninja|typechange|Water|[from] ability: Protean\n|-supereffective|p1a: Circus Baby\n|-damage|p1a: Circus Baby|0 fnt\n|-enditem|p1a: Circus Baby|Air Balloon\n|faint|p1a: Circus Baby\n|-damage|p2a: Greninja|91\/100|[from] item: Life Orb\n|\n|-weather|none\n|upkeep\n|\n|t:|1700952593\n|switch|p1a: Brian Quinn|Overqwil, M|100\/100\n|-ability|p1a: Brian Quinn|Intimidate|boost\n|-unboost|p2a: Greninja|atk|1\n|turn|6\n|\n|t:|1700952607\n|move|p2a: Greninja|Surf|p1a: Brian Quinn\n|-damage|p1a: Brian Quinn|15\/100\n|-damage|p2a: Greninja|81\/100|[from] item: Life Orb\n|move|p1a: Brian Quinn|Toxic Spikes|p2a: Greninja\n|-sidestart|p2: IamVirius|move: Toxic Spikes\n|\n|upkeep\n|turn|7\n|\n|t:|1700952635\n|switch|p2a: Empoleon|Empoleon, F|100\/100\n|move|p1a: Brian Quinn|Barb Barrage|p2a: Empoleon\n|-immune|p2a: Empoleon\n|\n|upkeep\n|turn|8\n|\n|t:|1700952655\n|switch|p1a: ThatWretchedThing|Toxapex, F|100\/100\n|move|p2a: Empoleon|Flash Cannon|p1a: ThatWretchedThing\n|-resisted|p1a: ThatWretchedThing\n|-damage|p1a: ThatWretchedThing|92\/100\n|\n|upkeep\n|turn|9\n|\n|t:|1700952679\n|move|p1a: ThatWretchedThing|Infestation|p2a: Empoleon\n|-resisted|p2a: Empoleon\n|-crit|p2a: Empoleon\n|-damage|p2a: Empoleon|98\/100\n|-activate|p2a: Empoleon|move: Infestation|[of] p1a: ThatWretchedThing\n|move|p2a: Empoleon|Roar|p1a: ThatWretchedThing\n|drag|p1a: The Big Mammal|Crobat, M|100\/100\n|\n|-end|p2a: Empoleon|Infestation|[partiallytrapped]|[silent]\n|upkeep\n|turn|10\n|\n|t:|1700952711\n|-terastallize|p1a: The Big Mammal|Grass\n|move|p1a: The Big Mammal|Giga Drain|p2a: Empoleon\n|-damage|p2a: Empoleon|81\/100\n|move|p2a: Empoleon|Flash Cannon|p1a: The Big Mammal\n|-damage|p1a: The Big Mammal|62\/100\n|\n|upkeep\n|turn|11\n|\n|t:|1700952731\n|switch|p1a: ThatWretchedThing|Toxapex, F|92\/100\n|move|p2a: Empoleon|Flash Cannon|p1a: ThatWretchedThing\n|-resisted|p1a: ThatWretchedThing\n|-damage|p1a: ThatWretchedThing|83\/100\n|\n|upkeep\n|turn|12\n|\n|t:|1700952747\n|move|p2a: Empoleon|Flip Turn|p1a: ThatWretchedThing\n|-resisted|p1a: ThatWretchedThing\n|-damage|p1a: ThatWretchedThing|77\/100\n|\n|t:|1700952750\n|switch|p2a: Politoed|Politoed, M|100\/100|[from] Flip Turn\n|-weather|RainDance|[from] ability: Drizzle|[of] p2a: Politoed\n|move|p1a: ThatWretchedThing|Infestation|p2a: Politoed\n|-damage|p2a: Politoed|97\/100\n|-activate|p2a: Politoed|move: Infestation|[of] p1a: ThatWretchedThing\n|\n|-weather|RainDance|[upkeep]\n|-damage|p2a: Politoed|84\/100|[from] move: Infestation|[partiallytrapped]\n|upkeep\n|turn|13\n|\n|t:|1700952763\n|move|p2a: Politoed|Psychic|p1a: ThatWretchedThing\n|-supereffective|p1a: ThatWretchedThing\n|-damage|p1a: ThatWretchedThing|57\/100\n|move|p1a: ThatWretchedThing|Venoshock|p2a: Politoed\n|-damage|p2a: Politoed|68\/100\n|\n|-weather|RainDance|[upkeep]\n|-damage|p2a: Politoed|56\/100|[from] move: Infestation|[partiallytrapped]\n|upkeep\n|turn|14\n|\n|t:|1700952781\n|move|p2a: Politoed|Psychic|p1a: ThatWretchedThing\n|-supereffective|p1a: ThatWretchedThing\n|-damage|p1a: ThatWretchedThing|34\/100\n|move|p1a: ThatWretchedThing|Venoshock|p2a: Politoed\n|-damage|p2a: Politoed|40\/100\n|\n|-weather|RainDance|[upkeep]\n|-damage|p2a: Politoed|28\/100|[from] move: Infestation|[partiallytrapped]\n|upkeep\n|turn|15\n|\n|t:|1700952796\n|move|p2a: Politoed|Psychic|p1a: ThatWretchedThing\n|-supereffective|p1a: ThatWretchedThing\n|-damage|p1a: ThatWretchedThing|12\/100\n|move|p1a: ThatWretchedThing|Venoshock|p2a: Politoed\n|-damage|p2a: Politoed|12\/100\n|\n|-weather|RainDance|[upkeep]\n|-damage|p2a: Politoed|0 fnt|[from] move: Infestation|[partiallytrapped]\n|faint|p2a: Politoed\n|upkeep\n|\n|t:|1700952815\n|switch|p2a: Poliwrath|Poliwrath, M|10\/100\n|-status|p2a: Poliwrath|psn\n|turn|16\n|\n|t:|1700952838\n|move|p2a: Poliwrath|Earthquake|p1a: ThatWretchedThing\n|-supereffective|p1a: ThatWretchedThing\n|-crit|p1a: ThatWretchedThing\n|-damage|p1a: ThatWretchedThing|0 fnt\n|faint|p1a: ThatWretchedThing\n|\n|-weather|none\n|-damage|p2a: Poliwrath|0 fnt|[from] psn\n|faint|p2a: Poliwrath\n|upkeep\n|\n|t:|1700952860\n|switch|p2a: Seismitoad|Seismitoad, F|100\/100\n|switch|p1a: THE BLOB|Muk-Alola, M|100\/100\n|-status|p2a: Seismitoad|psn\n|turn|17\n|\n|t:|1700952871\n|move|p2a: Seismitoad|Earthquake|p1a: THE BLOB\n|-supereffective|p1a: THE BLOB\n|-crit|p1a: THE BLOB\n|-damage|p1a: THE BLOB|0 fnt\n|faint|p1a: THE BLOB\n|\n|-damage|p2a: Seismitoad|88\/100 psn|[from] psn\n|upkeep\n|\n|t:|1700952885\n|switch|p1a: The Big Mammal|Crobat, M, tera:Grass|62\/100\n|turn|18\n|\n|t:|1700952893\n|-terastallize|p2a: Seismitoad|Fire\n|move|p1a: The Big Mammal|Nasty Plot|p1a: The Big Mammal\n|-boost|p1a: The Big Mammal|spa|2\n|move|p2a: Seismitoad|Ice Punch|p1a: The Big Mammal\n|-supereffective|p1a: The Big Mammal\n|-damage|p1a: The Big Mammal|26\/100\n|\n|-heal|p2a: Seismitoad|94\/100 psn|[from] item: Leftovers\n|-damage|p2a: Seismitoad|82\/100 psn|[from] psn\n|upkeep\n|turn|19\n|\n|t:|1700952904\n|move|p1a: The Big Mammal|Sludge Bomb|p2a: Seismitoad\n|-damage|p2a: Seismitoad|39\/100 psn\n|move|p2a: Seismitoad|Ice Punch|p1a: The Big Mammal\n|-supereffective|p1a: The Big Mammal\n|-damage|p1a: The Big Mammal|0 fnt\n|faint|p1a: The Big Mammal\n|\n|-heal|p2a: Seismitoad|45\/100 psn|[from] item: Leftovers\n|-damage|p2a: Seismitoad|33\/100 psn|[from] psn\n|upkeep\n|\n|t:|1700952917\n|switch|p1a: Mr.KingsportKaiju|Nidoking, M|100\/100\n|turn|20\n|\n|t:|1700952924\n|move|p1a: Mr.KingsportKaiju|Earth Power|p2a: Seismitoad\n|-supereffective|p2a: Seismitoad\n|-crit|p2a: Seismitoad\n|-damage|p2a: Seismitoad|0 fnt\n|faint|p2a: Seismitoad\n|\n|upkeep\n|\n|t:|1700952931\n|switch|p2a: Greninja|Greninja, M, shiny|81\/100\n|-status|p2a: Greninja|psn\n|turn|21\n|\n|t:|1700952949\n|switch|p1a: Brian Quinn|Overqwil, M|15\/100\n|-ability|p1a: Brian Quinn|Intimidate|boost\n|-unboost|p2a: Greninja|atk|1\n|move|p2a: Greninja|Surf|p1a: Brian Quinn\n|-start|p2a: Greninja|typechange|Water|[from] ability: Protean\n|-damage|p1a: Brian Quinn|0 fnt\n|faint|p1a: Brian Quinn\n|-damage|p2a: Greninja|71\/100 psn|[from] item: Life Orb\n|\n|-damage|p2a: Greninja|59\/100 psn|[from] psn\n|upkeep\n|\n|t:|1700952959\n|switch|p1a: Mr.KingsportKaiju|Nidoking, M|100\/100\n|turn|22\n|\n|t:|1700952967\n|move|p2a: Greninja|Surf|p1a: Mr.KingsportKaiju\n|-supereffective|p1a: Mr.KingsportKaiju\n|-damage|p1a: Mr.KingsportKaiju|0 fnt\n|faint|p1a: Mr.KingsportKaiju\n|-damage|p2a: Greninja|49\/100 psn|[from] item: Life Orb\n|\n|win|IamVirius\n|l|\u2606IamVirius\n","uploadtime":1700953008,"views":5,"p1id":"ringuwu","p2id":"iamvirius","formatid":"gen9nationaldex","rating":0,"private":0,"password":""}