{"id":"gen9nationaldex-1991766107","p1":"Rinoss","p2":"Glass101","format":"[Gen 9] National Dex","log":"|j|\u2606Rinoss\n|j|\u2606Glass101\n|t:|1700113441\n|gametype|singles\n|player|p1|Rinoss|veteranf|1339\n|player|p2|Glass101|265|1471\n|teamsize|p1|6\n|teamsize|p2|6\n|gen|9\n|tier|[Gen 9] National Dex\n|rated|\n|rule|HP Percentage Mod: HP is shown in percentages\n|rule|Endless Battle Clause: Forcing endless battles is banned\n|rule|OHKO Clause: OHKO moves are banned\n|rule|Evasion Clause: Evasion abilities, items, and moves are banned\n|rule|Evasion Abilities Clause: Evasion abilities are banned\n|rule|Evasion Items Clause: Evasion items are banned\n|rule|Evasion Moves Clause: Evasion moves are banned\n|rule|Species Clause: Limit one of each Pok\u00e9mon\n|rule|Sleep Clause Mod: Limit one foe put to sleep\n|clearpoke\n|poke|p1|Scizor, F|\n|poke|p1|Heatran, F|\n|poke|p1|Rillaboom, F|\n|poke|p1|Iron Valiant|\n|poke|p1|Rotom-Wash|\n|poke|p1|Great Tusk|\n|poke|p2|Bellossom, M|\n|poke|p2|Ceruledge, M|\n|poke|p2|Toxapex, F|\n|poke|p2|Cresselia, F|\n|poke|p2|Haxorus, M|\n|poke|p2|Clodsire, M|\n|teampreview\n|\n|t:|1700113451\n|start\n|switch|p1a: Rotom|Rotom-Wash|100\/100\n|switch|p2a: Ceruledge|Ceruledge, M|100\/100\n|turn|1\n|\n|t:|1700113454\n|switch|p2a: Clodsire|Clodsire, M|100\/100\n|move|p1a: Rotom|Thunder Wave|p2a: Clodsire\n|-immune|p2a: Clodsire\n|\n|upkeep\n|turn|2\n|\n|t:|1700113457\n|move|p1a: Rotom|Hydro Pump|p2a: Clodsire\n|-supereffective|p2a: Clodsire\n|-damage|p2a: Clodsire|37\/100\n|move|p2a: Clodsire|Toxic|p1a: Rotom\n|-status|p1a: Rotom|tox\n|\n|-damage|p1a: Rotom|94\/100 tox|[from] psn\n|upkeep\n|turn|3\n|\n|t:|1700113460\n|move|p1a: Rotom|Hydro Pump|p2a: Clodsire\n|-supereffective|p2a: Clodsire\n|-damage|p2a: Clodsire|0 fnt\n|faint|p2a: Clodsire\n|\n|-damage|p1a: Rotom|82\/100 tox|[from] psn\n|upkeep\n|\n|t:|1700113462\n|switch|p2a: Bellossom|Bellossom, M|100\/100\n|turn|4\n|\n|t:|1700113468\n|move|p1a: Rotom|Thunder Wave|p2a: Bellossom\n|-status|p2a: Bellossom|par\n|move|p2a: Bellossom|Quiver Dance|p2a: Bellossom\n|-boost|p2a: Bellossom|spa|1\n|-boost|p2a: Bellossom|spd|1\n|-boost|p2a: Bellossom|spe|1\n|\n|-damage|p1a: Rotom|63\/100 tox|[from] psn\n|upkeep\n|turn|5\n|\n|t:|1700113472\n|move|p1a: Rotom|Volt Switch|p2a: Bellossom\n|-resisted|p2a: Bellossom\n|-crit|p2a: Bellossom\n|-damage|p2a: Bellossom|81\/100 par\n|inactive|Battle timer is ON: inactive players will automatically lose when time's up. (requested by Glass101)\n|\n|t:|1700113475\n|switch|p1a: Heatran|Heatran, F|100\/100|[from] Volt Switch\n|move|p2a: Bellossom|Quiver Dance|p2a: Bellossom\n|-boost|p2a: Bellossom|spa|1\n|-boost|p2a: Bellossom|spd|1\n|-boost|p2a: Bellossom|spe|1\n|\n|-heal|p2a: Bellossom|87\/100 par|[from] item: Leftovers\n|upkeep\n|turn|6\n|\n|t:|1700113478\n|switch|p2a: Ceruledge|Ceruledge, M|100\/100\n|move|p1a: Heatran|Magma Storm|p2a: Ceruledge\n|-start|p2a: Ceruledge|ability: Flash Fire\n|\n|upkeep\n|turn|7\n|\n|t:|1700113489\n|switch|p1a: Great Tusk|Great Tusk|100\/100\n|move|p2a: Ceruledge|Substitute|p2a: Ceruledge\n|-start|p2a: Ceruledge|Substitute\n|-damage|p2a: Ceruledge|76\/100\n|\n|upkeep\n|turn|8\n|\n|t:|1700113492\n|move|p1a: Great Tusk|Headlong Rush|p2a: Ceruledge\n|-supereffective|p2a: Ceruledge\n|-end|p2a: Ceruledge|Substitute\n|-unboost|p1a: Great Tusk|def|1\n|-unboost|p1a: Great Tusk|spd|1\n|move|p2a: Ceruledge|Swords Dance|p2a: Ceruledge\n|-boost|p2a: Ceruledge|atk|2\n|\n|upkeep\n|turn|9\n|\n|t:|1700113495\n|-terastallize|p2a: Ceruledge|Grass\n|move|p1a: Great Tusk|Headlong Rush|p2a: Ceruledge\n|-resisted|p2a: Ceruledge\n|-damage|p2a: Ceruledge|33\/100\n|-unboost|p1a: Great Tusk|def|1\n|-unboost|p1a: Great Tusk|spd|1\n|move|p2a: Ceruledge|Bitter Blade|p1a: Great Tusk\n|-damage|p1a: Great Tusk|0 fnt\n|-heal|p2a: Ceruledge|97\/100|[from] drain|[of] p1a: Great Tusk\n|faint|p1a: Great Tusk\n|-end|p1a: Great Tusk|Protosynthesis|[silent]\n|\n|upkeep\n|\n|t:|1700113501\n|switch|p1a: Heatran|Heatran, F|100\/100\n|turn|10\n|\n|t:|1700113503\n|move|p2a: Ceruledge|Substitute|p2a: Ceruledge\n|-start|p2a: Ceruledge|Substitute\n|-damage|p2a: Ceruledge|72\/100\n|move|p1a: Heatran|Magma Storm|p2a: Ceruledge\n|-immune|p2a: Ceruledge|[from] ability: Flash Fire\n|\n|upkeep\n|turn|11\n|c|\u2606Glass101|Bro\n|\n|t:|1700113511\n|switch|p1a: Iron Valiant|Iron Valiant|100\/100\n|move|p2a: Ceruledge|Poltergeist|p1a: Iron Valiant\n|-activate|p1a: Iron Valiant|move: Poltergeist|Expert Belt\n|-damage|p1a: Iron Valiant|0 fnt\n|faint|p1a: Iron Valiant\n|-end|p1a: Iron Valiant|Quark Drive|[silent]\n|\n|upkeep\n|-message|Rinoss forfeited.\n|\n|win|Glass101\n|raw|Rinoss's rating: 1339 &rarr; <strong>1326<\/strong><br \/>(-13 for losing)\n|raw|Glass101's rating: 1471 &rarr; <strong>1484<\/strong><br \/>(+13 for winning)\n|l|\u2606Rinoss\n|c|\u2606Glass101|The ability doesn't change-\n","uploadtime":1700113524,"views":32,"p1id":"rinoss","p2id":"glass101","formatid":"gen9nationaldex","rating":1326,"private":0,"password":""}