{"id":"gen9nationaldex-1990575924","p1":"elvisma","p2":"xyf13511744988","format":"[Gen 9] National Dex","log":"|j|\u2606elvisma\n|j|\u2606xyf13511744988\n|t:|1699982753\n|gametype|singles\n|player|p1|elvisma|red-masters|1758\n|player|p2|xyf13511744988|1|1829\n|teamsize|p1|6\n|teamsize|p2|6\n|gen|9\n|tier|[Gen 9] National Dex\n|rated|\n|rule|HP Percentage Mod: HP is shown in percentages\n|rule|Endless Battle Clause: Forcing endless battles is banned\n|rule|OHKO Clause: OHKO moves are banned\n|rule|Evasion Clause: Evasion abilities, items, and moves are banned\n|rule|Evasion Abilities Clause: Evasion abilities are banned\n|rule|Evasion Items Clause: Evasion items are banned\n|rule|Evasion Moves Clause: Evasion moves are banned\n|rule|Species Clause: Limit one of each Pok\u00e9mon\n|rule|Sleep Clause Mod: Limit one foe put to sleep\n|clearpoke\n|poke|p1|Azelf|\n|poke|p1|Charizard, M|\n|poke|p1|Ribombee, M|\n|poke|p1|Great Tusk|\n|poke|p1|Ogerpon-Wellspring, F|\n|poke|p1|Victini|\n|poke|p2|Weavile, M|\n|poke|p2|Landorus-Therian, M|\n|poke|p2|Zapdos|\n|poke|p2|Volcanion|\n|poke|p2|Ursaluna, M|\n|poke|p2|Kartana|\n|teampreview\n|\n|t:|1699982771\n|start\n|switch|p1a: TUSK SWEEP|Great Tusk|100\/100\n|switch|p2a: Weavile|Weavile, M|100\/100\n|-ability|p2a: Weavile|Pressure\n|-enditem|p1a: TUSK SWEEP|Booster Energy\n|-activate|p1a: TUSK SWEEP|ability: Protosynthesis|[fromitem]\n|-start|p1a: TUSK SWEEP|protosynthesisatk\n|turn|1\n|\n|t:|1699982781\n|-terastallize|p1a: TUSK SWEEP|Ice\n|move|p2a: Weavile|Triple Axel|p1a: TUSK SWEEP\n|-resisted|p1a: TUSK SWEEP\n|-damage|p1a: TUSK SWEEP|95\/100\n|-resisted|p1a: TUSK SWEEP\n|-damage|p1a: TUSK SWEEP|84\/100\n|-resisted|p1a: TUSK SWEEP\n|-damage|p1a: TUSK SWEEP|67\/100\n|-hitcount|p1a: TUSK SWEEP|3\n|move|p1a: TUSK SWEEP|Rapid Spin|p2a: Weavile\n|-damage|p2a: Weavile|59\/100\n|-boost|p1a: TUSK SWEEP|spe|1\n|\n|upkeep\n|turn|2\n|\n|t:|1699982794\n|switch|p2a: Zapdos|Zapdos|100\/100\n|move|p1a: TUSK SWEEP|Ice Spinner|p2a: Zapdos\n|-supereffective|p2a: Zapdos\n|-damage|p2a: Zapdos|28\/100\n|\n|upkeep\n|turn|3\n|\n|t:|1699982805\n|move|p1a: TUSK SWEEP|Ice Spinner|p2a: Zapdos\n|-supereffective|p2a: Zapdos\n|-damage|p2a: Zapdos|0 fnt\n|-status|p1a: TUSK SWEEP|par|[from] ability: Static|[of] p2a: Zapdos\n|faint|p2a: Zapdos\n|\n|upkeep\n|c|\u2606elvisma|FU-\n|c|\u2606elvisma|n\n|c|\u2606elvisma|fun\n|\n|t:|1699982823\n|switch|p2a: Kartana|Kartana|100\/100\n|turn|4\n|\n|t:|1699982828\n|move|p2a: Kartana|Smart Strike|p1a: TUSK SWEEP\n|-supereffective|p1a: TUSK SWEEP\n|-damage|p1a: TUSK SWEEP|2\/100 par\n|move|p1a: TUSK SWEEP|Close Combat|p2a: Kartana\n|-supereffective|p2a: Kartana\n|-damage|p2a: Kartana|0 fnt\n|-unboost|p1a: TUSK SWEEP|def|1\n|-unboost|p1a: TUSK SWEEP|spd|1\n|faint|p2a: Kartana\n|\n|upkeep\n|\n|t:|1699982834\n|switch|p2a: Weavile|Weavile, M|59\/100\n|-ability|p2a: Weavile|Pressure\n|turn|5\n|\n|t:|1699982838\n|move|p2a: Weavile|Triple Axel|p1a: TUSK SWEEP\n|-resisted|p1a: TUSK SWEEP\n|-damage|p1a: TUSK SWEEP|0 fnt\n|faint|p1a: TUSK SWEEP\n|-end|p1a: TUSK SWEEP|Protosynthesis|[silent]\n|-hitcount|p1: TUSK SWEEP|1\n|\n|upkeep\n|\n|t:|1699982840\n|switch|p1a: V create spam|Victini|100\/100\n|turn|6\n|\n|t:|1699982852\n|move|p2a: Weavile|Triple Axel|p1a: V create spam\n|-resisted|p1a: V create spam\n|-damage|p1a: V create spam|93\/100\n|-resisted|p1a: V create spam\n|-damage|p1a: V create spam|79\/100\n|-resisted|p1a: V create spam\n|-damage|p1a: V create spam|56\/100\n|-hitcount|p1a: V create spam|3\n|-zpower|p1a: V create spam\n|move|p1a: V create spam|Z-Celebrate|p1a: V create spam|[anim]Celebrate\n|-boost|p1a: V create spam|atk|1|[zeffect]\n|-boost|p1a: V create spam|def|1|[zeffect]\n|-boost|p1a: V create spam|spa|1|[zeffect]\n|-boost|p1a: V create spam|spd|1|[zeffect]\n|-boost|p1a: V create spam|spe|1|[zeffect]\n|-activate|p1a: V create spam|move: Celebrate\n|\n|upkeep\n|turn|7\n|\n|t:|1699982863\n|switch|p2a: Volcanion|Volcanion|100\/100\n|move|p1a: V create spam|Searing Shot|p2a: Volcanion\n|-resisted|p2a: Volcanion\n|-damage|p2a: Volcanion|83\/100\n|\n|upkeep\n|turn|8\n|\n|t:|1699982869\n|move|p1a: V create spam|Searing Shot|p2a: Volcanion\n|-resisted|p2a: Volcanion\n|-damage|p2a: Volcanion|67\/100\n|move|p2a: Volcanion|Steam Eruption|p1a: V create spam\n|-supereffective|p1a: V create spam\n|-damage|p1a: V create spam|0 fnt\n|faint|p1a: V create spam\n|\n|upkeep\n|\n|t:|1699982872\n|switch|p1a: ampheros|Charizard, M|100\/100\n|turn|9\n|\n|t:|1699982878\n|switch|p1a: touchgrassdrinkH2O|Ogerpon-Wellspring, F|100\/100\n|move|p2a: Volcanion|Steam Eruption|p1a: touchgrassdrinkH2O\n|-immune|p1a: touchgrassdrinkH2O|[from] ability: Water Absorb\n|\n|upkeep\n|turn|10\n|\n|t:|1699982881\n|move|p1a: touchgrassdrinkH2O|Swords Dance|p1a: touchgrassdrinkH2O\n|-boost|p1a: touchgrassdrinkH2O|atk|2\n|move|p2a: Volcanion|Toxic|p1a: touchgrassdrinkH2O\n|-status|p1a: touchgrassdrinkH2O|tox\n|\n|-damage|p1a: touchgrassdrinkH2O|95\/100 tox|[from] psn\n|upkeep\n|turn|11\n|\n|t:|1699982885\n|move|p1a: touchgrassdrinkH2O|Horn Leech|p2a: Volcanion\n|-damage|p2a: Volcanion|14\/100\n|-heal|p1a: touchgrassdrinkH2O|100\/100 tox|[from] drain|[of] p2a: Volcanion\n|move|p2a: Volcanion|Body Press|p1a: touchgrassdrinkH2O\n|-damage|p1a: touchgrassdrinkH2O|62\/100 tox\n|\n|-damage|p1a: touchgrassdrinkH2O|50\/100 tox|[from] psn\n|upkeep\n|turn|12\n|\n|t:|1699982889\n|move|p1a: touchgrassdrinkH2O|Horn Leech|p2a: Volcanion\n|-damage|p2a: Volcanion|0 fnt\n|-heal|p1a: touchgrassdrinkH2O|58\/100 tox|[from] drain|[of] p2a: Volcanion\n|faint|p2a: Volcanion\n|\n|-damage|p1a: touchgrassdrinkH2O|40\/100 tox|[from] psn\n|upkeep\n|\n|t:|1699982891\n|switch|p2a: Weavile|Weavile, M|59\/100\n|-ability|p2a: Weavile|Pressure\n|turn|13\n|\n|t:|1699982897\n|move|p2a: Weavile|Triple Axel|p1a: touchgrassdrinkH2O\n|-damage|p1a: touchgrassdrinkH2O|20\/100 tox\n|-damage|p1a: touchgrassdrinkH2O|0 fnt\n|faint|p1a: touchgrassdrinkH2O\n|-hitcount|p1: touchgrassdrinkH2O|2\n|\n|upkeep\n|\n|t:|1699982902\n|switch|p1a: ampheros|Charizard, M|100\/100\n|turn|14\n|c|\u2606elvisma|i can pray\n|\n|t:|1699982907\n|move|p2a: Weavile|Triple Axel|p1a: ampheros|[miss]\n|-miss|p2a: Weavile|p1a: ampheros\n|move|p1a: ampheros|Fire Punch|p2a: Weavile\n|-supereffective|p2a: Weavile\n|-damage|p2a: Weavile|0 fnt\n|faint|p2a: Weavile\n|\n|upkeep\n|c|\u2606elvisma|easy pray\n|c|\u2606elvisma|praying\n|\n|t:|1699982924\n|switch|p2a: Landorus|Landorus-Therian, M|100\/100\n|-ability|p2a: Landorus|Intimidate|boost\n|-unboost|p1a: ampheros|atk|1\n|turn|15\n|\n|t:|1699982929\n|switch|p1a: ZA BEE|Ribombee, M|100\/100\n|move|p2a: Landorus|U-turn|p1a: ZA BEE\n|-resisted|p1a: ZA BEE\n|-damage|p1a: ZA BEE|79\/100\n|\n|t:|1699982932\n|switch|p2a: Ursaluna|Ursaluna, M|100\/100|[from] U-turn\n|\n|-status|p2a: Ursaluna|brn|[from] item: Flame Orb\n|upkeep\n|turn|16\n|\n|t:|1699982935\n|move|p1a: ZA BEE|Moonblast|p2a: Ursaluna\n|-damage|p2a: Ursaluna|55\/100 brn\n|move|p2a: Ursaluna|Facade|p1a: ZA BEE\n|-damage|p1a: ZA BEE|0 fnt\n|faint|p1a: ZA BEE\n|\n|-damage|p2a: Ursaluna|49\/100 brn|[from] brn\n|upkeep\n|\n|t:|1699982940\n|switch|p1a: ampheros|Charizard, M|100\/100\n|turn|17\n|\n|t:|1699982955\n|detailschange|p1a: ampheros|Charizard-Mega-X, M\n|-mega|p1a: ampheros|Charizard|Charizardite X\n|move|p1a: ampheros|Dragon Claw|p2a: Ursaluna\n|-damage|p2a: Ursaluna|8\/100 brn\n|move|p2a: Ursaluna|Facade|p1a: ampheros\n|-damage|p1a: ampheros|0 fnt\n|faint|p1a: ampheros\n|\n|-damage|p2a: Ursaluna|2\/100 brn|[from] brn\n|upkeep\n|\n|t:|1699982957\n|switch|p1a: pls dont u-turn|Azelf|100\/100\n|turn|18\n|c|\u2606elvisma|plss\n|c|\u2606elvisma|dont miss\n|\n|t:|1699982962\n|move|p1a: pls dont u-turn|Mystical Power|p2a: Ursaluna\n|-damage|p2a: Ursaluna|0 fnt\n|-boost|p1a: pls dont u-turn|spa|1\n|faint|p2a: Ursaluna\n|\n|upkeep\n|\n|t:|1699982965\n|switch|p2a: Landorus|Landorus-Therian, M|100\/100\n|-ability|p2a: Landorus|Intimidate|boost\n|-unboost|p1a: pls dont u-turn|atk|1\n|turn|19\n|\n|t:|1699982973\n|-terastallize|p2a: Landorus|Ghost\n|move|p1a: pls dont u-turn|Mystical Power|p2a: Landorus\n|-damage|p2a: Landorus|63\/100\n|-boost|p1a: pls dont u-turn|spa|1\n|move|p2a: Landorus|U-turn|p1a: pls dont u-turn\n|-supereffective|p1a: pls dont u-turn\n|-damage|p1a: pls dont u-turn|30\/100\n|\n|-heal|p2a: Landorus|70\/100|[from] item: Leftovers\n|upkeep\n|turn|20\n|c|\u2606elvisma|MAN\n|c|\u2606elvisma|IM DEAD\n|inactive|Battle timer is ON: inactive players will automatically lose when time's up. (requested by xyf13511744988)\n|inactive|elvisma has 120 seconds left.\n|c|\u2606elvisma|i have a idea\n|c|\u2606elvisma|para\n|c|\u2606elvisma|pls\n|\n|t:|1699983037\n|move|p1a: pls dont u-turn|Thunderbolt|p2a: Landorus\n|-damage|p2a: Landorus|25\/100\n|-status|p2a: Landorus|par\n|move|p2a: Landorus|U-turn|p1a: pls dont u-turn\n|-supereffective|p1a: pls dont u-turn\n|-damage|p1a: pls dont u-turn|0 fnt\n|faint|p1a: pls dont u-turn\n|\n|win|xyf13511744988\n|raw|elvisma's rating: 1758 &rarr; <strong>1742<\/strong><br \/>(-16 for losing)\n|raw|xyf13511744988's rating: 1829 &rarr; <strong>1845<\/strong><br \/>(+16 for winning)\n|c|\u2606elvisma|aw ma n\n|c|\u2606elvisma|gg\n","uploadtime":1699983044,"views":4,"p1id":"elvisma","p2id":"xyf13511744988","formatid":"gen9nationaldex","rating":1742,"private":0,"password":""}