{"id":"gen9nationaldex-1997919457","p1":"jaredbibelboy","p2":"Aedfyh","format":"[Gen 9] National Dex","log":"|html|<div class=\"broadcast-blue\"><strong>[Gen 9] National Dex is currently suspecting Sneasler! For information on how to participate check out the <a href=\"https:\/\/www.smogon.com\/forums\/threads\/sv-national-dex-suspect-8-just-dance.3731534\/\">suspect thread<\/a>.<\/strong><\/div>\n|j|\u2606jaredbibelboy\n|j|\u2606Aedfyh\n|t:|1700867471\n|gametype|singles\n|player|p1|jaredbibelboy|2|1293\n|player|p2|Aedfyh|170|1361\n|teamsize|p1|6\n|teamsize|p2|6\n|gen|9\n|tier|[Gen 9] National Dex\n|rated|\n|rule|HP Percentage Mod: HP is shown in percentages\n|rule|Endless Battle Clause: Forcing endless battles is banned\n|rule|OHKO Clause: OHKO moves are banned\n|rule|Evasion Clause: Evasion abilities, items, and moves are banned\n|rule|Evasion Abilities Clause: Evasion abilities are banned\n|rule|Evasion Items Clause: Evasion items are banned\n|rule|Evasion Moves Clause: Evasion moves are banned\n|rule|Species Clause: Limit one of each Pok\u00e9mon\n|rule|Sleep Clause Mod: Limit one foe put to sleep\n|clearpoke\n|poke|p1|Scizor, F|\n|poke|p1|Zapdos|\n|poke|p1|Gengar, M|\n|poke|p1|Blaziken, F|\n|poke|p1|Gyarados, M|\n|poke|p1|Greninja-*, M|\n|poke|p2|Absol, M|\n|poke|p2|Lycanroc-Midnight, M|\n|poke|p2|Salazzle, F|\n|poke|p2|Great Tusk|\n|poke|p2|Lilligant-Hisui, F|\n|poke|p2|Galvantula, M|\n|teampreview\n|inactive|Battle timer is ON: inactive players will automatically lose when time's up. (requested by Aedfyh)\n|\n|t:|1700867499\n|start\n|switch|p1a: Isabella|Scizor, F, shiny|100\/100\n|switch|p2a: Galvantula|Galvantula, M|100\/100\n|turn|1\n|\n|t:|1700867507\n|detailschange|p1a: Isabella|Scizor-Mega, F, shiny\n|-mega|p1a: Isabella|Scizor|Scizorite\n|move|p2a: Galvantula|Sticky Web|p1a: Isabella\n|-sidestart|p1: jaredbibelboy|move: Sticky Web\n|move|p1a: Isabella|Swords Dance|p1a: Isabella\n|-boost|p1a: Isabella|atk|2\n|\n|upkeep\n|turn|2\n|\n|t:|1700867515\n|move|p2a: Galvantula|Volt Switch|p1a: Isabella\n|-damage|p1a: Isabella|73\/100\n|\n|t:|1700867524\n|switch|p2a: Salazzle|Salazzle, F|100\/100|[from] Volt Switch\n|move|p1a: Isabella|Aerial Ace|p2a: Salazzle\n|-damage|p2a: Salazzle|0 fnt\n|faint|p2a: Salazzle\n|\n|upkeep\n|\n|t:|1700867536\n|switch|p2a: Galvantula|Galvantula, M|100\/100\n|turn|3\n|\n|t:|1700867543\n|move|p2a: Galvantula|Thunder Wave|p1a: Isabella\n|-status|p1a: Isabella|par\n|cant|p1a: Isabella|par\n|\n|upkeep\n|turn|4\n|\n|t:|1700867549\n|move|p2a: Galvantula|Volt Switch|p1a: Isabella\n|-damage|p1a: Isabella|42\/100 par\n|\n|t:|1700867554\n|switch|p2a: Lycanroc|Lycanroc-Midnight, M|100\/100|[from] Volt Switch\n|move|p1a: Isabella|Aerial Ace|p2a: Lycanroc\n|-resisted|p2a: Lycanroc\n|-damage|p2a: Lycanroc|48\/100\n|\n|upkeep\n|turn|5\n|\n|t:|1700867565\n|move|p1a: Isabella|Bullet Punch|p2a: Lycanroc\n|-supereffective|p2a: Lycanroc\n|-damage|p2a: Lycanroc|0 fnt\n|faint|p2a: Lycanroc\n|\n|upkeep\n|\n|t:|1700867579\n|switch|p2a: Absol|Absol, M|100\/100\n|-ability|p2a: Absol|Pressure\n|turn|6\n|\n|t:|1700867583\n|detailschange|p2a: Absol|Absol-Mega, M\n|-mega|p2a: Absol|Absol|Absolite\n|move|p1a: Isabella|Bullet Punch|p2a: Absol\n|-damage|p2a: Absol|0 fnt\n|faint|p2a: Absol\n|\n|upkeep\n|\n|t:|1700867594\n|switch|p2a: Great Tusk|Great Tusk|100\/100\n|-enditem|p2a: Great Tusk|Booster Energy\n|-activate|p2a: Great Tusk|ability: Protosynthesis|[fromitem]\n|-start|p2a: Great Tusk|protosynthesisspe\n|turn|7\n|\n|t:|1700867602\n|-terastallize|p2a: Great Tusk|Fire\n|move|p1a: Isabella|Bullet Punch|p2a: Great Tusk\n|-resisted|p2a: Great Tusk\n|-damage|p2a: Great Tusk|75\/100\n|move|p2a: Great Tusk|Bulk Up|p2a: Great Tusk\n|-boost|p2a: Great Tusk|atk|1\n|-boost|p2a: Great Tusk|def|1\n|\n|upkeep\n|turn|8\n|\n|t:|1700867610\n|move|p2a: Great Tusk|Bulk Up|p2a: Great Tusk\n|-boost|p2a: Great Tusk|atk|1\n|-boost|p2a: Great Tusk|def|1\n|cant|p1a: Isabella|par\n|\n|upkeep\n|turn|9\n|\n|t:|1700867615\n|move|p2a: Great Tusk|Bulk Up|p2a: Great Tusk\n|-boost|p2a: Great Tusk|atk|1\n|-boost|p2a: Great Tusk|def|1\n|cant|p1a: Isabella|par\n|\n|upkeep\n|turn|10\n|\n|t:|1700867619\n|move|p2a: Great Tusk|Bulk Up|p2a: Great Tusk\n|-boost|p2a: Great Tusk|atk|1\n|-boost|p2a: Great Tusk|def|1\n|move|p1a: Isabella|Aerial Ace|p2a: Great Tusk\n|-damage|p2a: Great Tusk|58\/100\n|\n|upkeep\n|turn|11\n|\n|t:|1700867624\n|move|p2a: Great Tusk|Bulk Up|p2a: Great Tusk\n|-boost|p2a: Great Tusk|atk|1\n|-boost|p2a: Great Tusk|def|1\n|move|p1a: Isabella|Aerial Ace|p2a: Great Tusk\n|-damage|p2a: Great Tusk|44\/100\n|\n|upkeep\n|turn|12\n|\n|t:|1700867628\n|move|p2a: Great Tusk|Bulk Up|p2a: Great Tusk\n|-boost|p2a: Great Tusk|atk|1\n|-boost|p2a: Great Tusk|def|1\n|move|p1a: Isabella|Aerial Ace|p2a: Great Tusk\n|-damage|p2a: Great Tusk|31\/100\n|\n|upkeep\n|turn|13\n|\n|t:|1700867631\n|move|p1a: Isabella|Bullet Punch|p2a: Great Tusk\n|-resisted|p2a: Great Tusk\n|-damage|p2a: Great Tusk|25\/100\n|move|p2a: Great Tusk|Close Combat|p1a: Isabella\n|-damage|p1a: Isabella|0 fnt\n|-unboost|p2a: Great Tusk|def|1\n|-unboost|p2a: Great Tusk|spd|1\n|faint|p1a: Isabella\n|\n|upkeep\n|\n|t:|1700867636\n|switch|p1a: Greninja|Greninja, M|100\/100\n|-activate|p1a: Greninja|move: Sticky Web\n|-unboost|p1a: Greninja|spe|1\n|turn|14\n|\n|t:|1700867643\n|move|p2a: Great Tusk|Close Combat|p1a: Greninja\n|-supereffective|p1a: Greninja\n|-enditem|p1a: Greninja|Focus Sash\n|-damage|p1a: Greninja|1\/100\n|-unboost|p2a: Great Tusk|def|1\n|-unboost|p2a: Great Tusk|spd|1\n|move|p1a: Greninja|Scald|p2a: Great Tusk\n|-supereffective|p2a: Great Tusk\n|-damage|p2a: Great Tusk|0 fnt\n|faint|p2a: Great Tusk\n|-end|p2a: Great Tusk|Protosynthesis|[silent]\n|-ability|p1a: Greninja|Battle Bond|boost\n|-boost|p1a: Greninja|atk|1\n|-boost|p1a: Greninja|spa|1\n|-boost|p1a: Greninja|spe|1\n|-activate|p1a: Greninja|ability: Battle Bond\n|\n|upkeep\n|\n|t:|1700867650\n|switch|p2a: Lilligant|Lilligant-Hisui, F|100\/100\n|turn|15\n|\n|t:|1700867665\n|-terastallize|p1a: Greninja|Fire\n|move|p1a: Greninja|Tera Blast|p2a: Lilligant|[anim] Tera Blast Fire\n|-supereffective|p2a: Lilligant\n|-damage|p2a: Lilligant|0 fnt\n|faint|p2a: Lilligant\n|\n|upkeep\n|\n|t:|1700867669\n|switch|p2a: Galvantula|Galvantula, M|100\/100\n|turn|16\n|-message|Aedfyh forfeited.\n|\n|win|jaredbibelboy\n|raw|jaredbibelboy's rating: 1293 &rarr; <strong>1323<\/strong><br \/>(+30 for winning)\n|raw|Aedfyh's rating: 1361 &rarr; <strong>1337<\/strong><br \/>(-24 for losing)\n|l|\u2606Aedfyh\n","uploadtime":1700867679,"views":1,"p1id":"jaredbibelboy","p2id":"aedfyh","formatid":"gen9nationaldex","rating":1323,"private":0,"password":""}