{"id":"gen9nationaldex-1995936219","p1":"eduelena","p2":"Georgek239","format":"[Gen 9] National Dex","log":"|html|<div class=\"broadcast-blue\"><strong>[Gen 9] National Dex is currently suspecting Sneasler! For information on how to participate check out the <a href=\"https:\/\/www.smogon.com\/forums\/threads\/sv-national-dex-suspect-8-just-dance.3731534\/\">suspect thread<\/a>.<\/strong><\/div>\n|j|\u2606eduelena\n|j|\u203dGeorgek239\n|t:|1700619374\n|gametype|singles\n|player|p1|eduelena|twins|1111\n|player|p2|Georgek239|170|1079\n|teamsize|p1|6\n|teamsize|p2|6\n|gen|9\n|tier|[Gen 9] National Dex\n|rated|\n|rule|HP Percentage Mod: HP is shown in percentages\n|rule|Endless Battle Clause: Forcing endless battles is banned\n|rule|OHKO Clause: OHKO moves are banned\n|rule|Evasion Clause: Evasion abilities, items, and moves are banned\n|rule|Evasion Abilities Clause: Evasion abilities are banned\n|rule|Evasion Items Clause: Evasion items are banned\n|rule|Evasion Moves Clause: Evasion moves are banned\n|rule|Species Clause: Limit one of each Pok\u00e9mon\n|rule|Sleep Clause Mod: Limit one foe put to sleep\n|clearpoke\n|poke|p1|Bellossom, M|\n|poke|p1|Zygarde-10%|\n|poke|p1|Lopunny, M|\n|poke|p1|Iron Valiant|\n|poke|p1|Dragonite, M|\n|poke|p1|Bisharp, F|\n|poke|p2|Hatterene, F|\n|poke|p2|Skeledirge, F|\n|poke|p2|Reuniclus, M|\n|poke|p2|Conkeldurr, F|\n|poke|p2|Snorlax, M|\n|poke|p2|Araquanid, F|\n|teampreview\n|inactive|Battle timer is ON: inactive players will automatically lose when time's up. (requested by eduelena)\n|\n|t:|1700619397\n|start\n|switch|p1a: Fus\u00e3o|Iron Valiant|100\/100\n|switch|p2a: Hatterene|Hatterene, F|100\/100\n|-enditem|p1a: Fus\u00e3o|Booster Energy\n|-activate|p1a: Fus\u00e3o|ability: Quark Drive|[fromitem]\n|-start|p1a: Fus\u00e3o|quarkdrivespe\n|turn|1\n|\n|t:|1700619406\n|move|p1a: Fus\u00e3o|Thunderbolt|p2a: Hatterene\n|-damage|p2a: Hatterene|72\/100\n|move|p2a: Hatterene|Trick Room|p2a: Hatterene\n|-fieldstart|move: Trick Room|[of] p2a: Hatterene\n|\n|-heal|p2a: Hatterene|78\/100|[from] item: Leftovers\n|upkeep\n|turn|2\n|\n|t:|1700619413\n|move|p2a: Hatterene|Calm Mind|p2a: Hatterene\n|-boost|p2a: Hatterene|spa|1\n|-boost|p2a: Hatterene|spd|1\n|move|p1a: Fus\u00e3o|Destiny Bond|p1a: Fus\u00e3o\n|-singlemove|p1a: Fus\u00e3o|Destiny Bond\n|\n|-heal|p2a: Hatterene|84\/100|[from] item: Leftovers\n|upkeep\n|turn|3\n|\n|t:|1700619421\n|move|p2a: Hatterene|Calm Mind|p2a: Hatterene\n|-boost|p2a: Hatterene|spa|1\n|-boost|p2a: Hatterene|spd|1\n|move|p1a: Fus\u00e3o|Thunderbolt|p2a: Hatterene\n|-damage|p2a: Hatterene|68\/100\n|\n|-heal|p2a: Hatterene|74\/100|[from] item: Leftovers\n|upkeep\n|turn|4\n|\n|t:|1700619434\n|-end|p1a: Fus\u00e3o|Quark Drive|[silent]\n|switch|p1a: Bisharp|Bisharp, F|100\/100\n|move|p2a: Hatterene|Dazzling Gleam|p1a: Bisharp\n|-damage|p1a: Bisharp|37\/100\n|\n|-heal|p2a: Hatterene|80\/100|[from] item: Leftovers\n|upkeep\n|turn|5\n|\n|t:|1700619442\n|move|p2a: Hatterene|Dazzling Gleam|p1a: Bisharp\n|-damage|p1a: Bisharp|0 fnt\n|faint|p1a: Bisharp\n|\n|-heal|p2a: Hatterene|86\/100|[from] item: Leftovers\n|-fieldend|move: Trick Room\n|upkeep\n|\n|t:|1700619447\n|switch|p1a: Lopunny|Lopunny, M|100\/100\n|turn|6\n|\n|t:|1700619451\n|detailschange|p1a: Lopunny|Lopunny-Mega, M\n|-mega|p1a: Lopunny|Lopunny|Lopunnite\n|move|p1a: Lopunny|Fake Out|p2a: Hatterene\n|-damage|p2a: Hatterene|67\/100\n|cant|p2a: Hatterene|flinch\n|\n|-heal|p2a: Hatterene|73\/100|[from] item: Leftovers\n|upkeep\n|turn|7\n|\n|t:|1700619459\n|move|p1a: Lopunny|Return|p2a: Hatterene\n|-damage|p2a: Hatterene|29\/100\n|move|p2a: Hatterene|Trick Room|p2a: Hatterene\n|-fieldstart|move: Trick Room|[of] p2a: Hatterene\n|\n|-heal|p2a: Hatterene|35\/100|[from] item: Leftovers\n|upkeep\n|turn|8\n|\n|t:|1700619469\n|switch|p1a: Bellossom|Bellossom, M|100\/100\n|move|p2a: Hatterene|Dazzling Gleam|p1a: Bellossom\n|-damage|p1a: Bellossom|23\/100\n|\n|-heal|p2a: Hatterene|41\/100|[from] item: Leftovers\n|-heal|p1a: Bellossom|29\/100|[from] item: Leftovers\n|upkeep\n|turn|9\n|\n|t:|1700619479\n|move|p2a: Hatterene|Dark Pulse|p1a: Bellossom\n|-damage|p1a: Bellossom|0 fnt\n|faint|p1a: Bellossom\n|\n|-heal|p2a: Hatterene|47\/100|[from] item: Leftovers\n|upkeep\n|\n|t:|1700619488\n|switch|p1a: Dragonite|Dragonite, M|100\/100\n|turn|10\n|\n|t:|1700619493\n|move|p1a: Dragonite|Extreme Speed|p2a: Hatterene\n|-damage|p2a: Hatterene|15\/100\n|-damage|p1a: Dragonite|91\/100|[from] item: Life Orb\n|move|p2a: Hatterene|Dazzling Gleam|p1a: Dragonite\n|-supereffective|p1a: Dragonite\n|-damage|p1a: Dragonite|0 fnt\n|faint|p1a: Dragonite\n|\n|-heal|p2a: Hatterene|21\/100|[from] item: Leftovers\n|upkeep\n|\n|t:|1700619497\n|switch|p1a: Zygarde|Zygarde-10%|100\/100\n|-ability|p1a: Zygarde|Aura Break\n|turn|11\n|\n|t:|1700619506\n|move|p1a: Zygarde|Extreme Speed|p2a: Hatterene\n|-damage|p2a: Hatterene|1\/100\n|move|p2a: Hatterene|Dazzling Gleam|p1a: Zygarde\n|-supereffective|p1a: Zygarde\n|-damage|p1a: Zygarde|0 fnt\n|faint|p1a: Zygarde\n|\n|-heal|p2a: Hatterene|7\/100|[from] item: Leftovers\n|-fieldend|move: Trick Room\n|upkeep\n|\n|t:|1700619511\n|switch|p1a: Lopunny|Lopunny-Mega, M|100\/100\n|turn|12\n|-message|eduelena forfeited.\n|\n|win|Georgek239\n|raw|eduelena's rating: 1111 &rarr; <strong>1084<\/strong><br \/>(-27 for losing)\n|raw|Georgek239's rating: 1079 &rarr; <strong>1110<\/strong><br \/>(+31 for winning)\n|l|\u2606eduelena\n","uploadtime":1700619539,"views":0,"p1id":"eduelena","p2id":"georgek239","formatid":"gen9nationaldex","rating":1084,"private":0,"password":""}