{"id":"gen9nationaldex-1988904612","p1":"Fealieya","p2":"Nimezin","format":"[Gen 9] National Dex","log":"|j|\u2606Fealieya\n|j|\u2606Nimezin\n|t:|1699784927\n|gametype|singles\n|player|p1|Fealieya|102|1161\n|player|p2|Nimezin|pokemonbreederf-gen4|1086\n|teamsize|p1|6\n|teamsize|p2|6\n|gen|9\n|tier|[Gen 9] National Dex\n|rated|\n|rule|HP Percentage Mod: HP is shown in percentages\n|rule|Endless Battle Clause: Forcing endless battles is banned\n|rule|OHKO Clause: OHKO moves are banned\n|rule|Evasion Clause: Evasion abilities, items, and moves are banned\n|rule|Evasion Abilities Clause: Evasion abilities are banned\n|rule|Evasion Items Clause: Evasion items are banned\n|rule|Evasion Moves Clause: Evasion moves are banned\n|rule|Species Clause: Limit one of each Pok\u00e9mon\n|rule|Sleep Clause Mod: Limit one foe put to sleep\n|clearpoke\n|poke|p1|Banette, F|\n|poke|p1|Zapdos|\n|poke|p1|Nihilego|\n|poke|p1|Kartana|\n|poke|p1|Celesteela|\n|poke|p1|Entei|\n|poke|p2|Dhelmise|\n|poke|p2|Lycanroc-Dusk, F|\n|poke|p2|Cinderace, F|\n|poke|p2|Ditto|\n|poke|p2|Serperior, M|\n|poke|p2|Mew|\n|teampreview\n|inactive|Battle timer is ON: inactive players will automatically lose when time's up. (requested by Fealieya)\n|\n|t:|1699784940\n|start\n|switch|p1a: Nihilego|Nihilego|100\/100\n|switch|p2a: Dhelmise|Dhelmise|100\/100\n|turn|1\n|\n|t:|1699784947\n|move|p1a: Nihilego|Stealth Rock|p2a: Dhelmise\n|-sidestart|p2: Nimezin|move: Stealth Rock\n|move|p2a: Dhelmise|Anchor Shot|p1a: Nihilego\n|-supereffective|p1a: Nihilego\n|-damage|p1a: Nihilego|0 fnt\n|faint|p1a: Nihilego\n|\n|upkeep\n|\n|t:|1699784962\n|switch|p1a: Entei|Entei|100\/100\n|turn|2\n|\n|t:|1699784969\n|move|p1a: Entei|Curse|p1a: Entei\n|-unboost|p1a: Entei|spe|1\n|-boost|p1a: Entei|atk|1\n|-boost|p1a: Entei|def|1\n|move|p2a: Dhelmise|Anchor Shot|p1a: Entei\n|-resisted|p1a: Entei\n|-damage|p1a: Entei|86\/100\n|-activate|p1a: Entei|trapped\n|\n|-heal|p1a: Entei|92\/100|[from] item: Leftovers\n|upkeep\n|turn|3\n|\n|t:|1699784984\n|move|p1a: Entei|Curse|p1a: Entei\n|-unboost|p1a: Entei|spe|1\n|-boost|p1a: Entei|atk|1\n|-boost|p1a: Entei|def|1\n|move|p2a: Dhelmise|Rapid Spin|p1a: Entei\n|-damage|p1a: Entei|82\/100\n|-boost|p2a: Dhelmise|spe|1\n|-sideend|p2: Nimezin|Stealth Rock|[from] move: Rapid Spin|[of] p2a: Dhelmise\n|\n|-heal|p1a: Entei|89\/100|[from] item: Leftovers\n|upkeep\n|turn|4\n|\n|t:|1699784993\n|move|p2a: Dhelmise|Swords Dance|p2a: Dhelmise\n|-boost|p2a: Dhelmise|atk|2\n|move|p1a: Entei|Substitute|p1a: Entei\n|-start|p1a: Entei|Substitute\n|-damage|p1a: Entei|64\/100\n|\n|-heal|p1a: Entei|70\/100|[from] item: Leftovers\n|upkeep\n|turn|5\n|\n|t:|1699784998\n|move|p2a: Dhelmise|Anchor Shot|p1a: Entei\n|-resisted|p1a: Entei\n|-activate|p1a: Entei|move: Substitute|[damage]\n|move|p1a: Entei|Curse|p1a: Entei\n|-unboost|p1a: Entei|spe|1\n|-boost|p1a: Entei|atk|1\n|-boost|p1a: Entei|def|1\n|\n|-heal|p1a: Entei|76\/100|[from] item: Leftovers\n|upkeep\n|turn|6\n|\n|t:|1699785001\n|move|p2a: Dhelmise|Anchor Shot|p1a: Entei\n|-resisted|p1a: Entei\n|-end|p1a: Entei|Substitute\n|move|p1a: Entei|Sacred Fire|p2a: Dhelmise\n|-supereffective|p2a: Dhelmise\n|-damage|p2a: Dhelmise|0 fnt\n|faint|p2a: Dhelmise\n|\n|-heal|p1a: Entei|82\/100|[from] item: Leftovers\n|upkeep\n|\n|t:|1699785017\n|switch|p2a: Mew|Mew|100\/100\n|turn|7\n|\n|t:|1699785024\n|-terastallize|p1a: Entei|Normal\n|move|p1a: Entei|Extreme Speed|p2a: Mew\n|-crit|p2a: Mew\n|-damage|p2a: Mew|0 fnt\n|faint|p2a: Mew\n|\n|-heal|p1a: Entei|88\/100|[from] item: Leftovers\n|upkeep\n|\n|t:|1699785037\n|switch|p2a: Ditto|Ditto, shiny|100\/100\n|-transform|p2a: Ditto|p1a: Entei|[from] ability: Imposter\n|-start|p2a: Ditto|typechange|Fire|[silent]\n|turn|8\n|\n|t:|1699785047\n|move|p1a: Entei|Extreme Speed|p2a: Ditto\n|-damage|p2a: Ditto|57\/100\n|move|p2a: Ditto|Sacred Fire|p1a: Entei\n|-damage|p1a: Entei|44\/100\n|-status|p1a: Entei|brn\n|\n|-heal|p1a: Entei|50\/100 brn|[from] item: Leftovers\n|-damage|p1a: Entei|44\/100 brn|[from] brn\n|upkeep\n|turn|9\n|\n|t:|1699785063\n|move|p1a: Entei|Extreme Speed|p2a: Ditto\n|-damage|p2a: Ditto|35\/100\n|move|p2a: Ditto|Sacred Fire|p1a: Entei\n|-damage|p1a: Entei|0 fnt\n|faint|p1a: Entei\n|\n|upkeep\n|\n|t:|1699785078\n|switch|p1a: Celesteela|Celesteela|100\/100\n|turn|10\n|inactive|Nimezin has 120 seconds left.\n|\n|t:|1699785112\n|switch|p2a: Serperior|Serperior, M|100\/100\n|move|p1a: Celesteela|Meteor Beam||[still]\n|-prepare|p1a: Celesteela|Meteor Beam\n|-boost|p1a: Celesteela|spa|1\n|-enditem|p1a: Celesteela|Power Herb\n|-anim|p1a: Celesteela|Meteor Beam|p2a: Serperior\n|-damage|p2a: Serperior|29\/100\n|\n|upkeep\n|turn|11\n|inactive|Nimezin has 120 seconds left.\n|\n|t:|1699785130\n|move|p2a: Serperior|Hidden Power|p1a: Celesteela\n|-damage|p1a: Celesteela|90\/100\n|move|p1a: Celesteela|Air Slash|p2a: Serperior\n|-supereffective|p2a: Serperior\n|-damage|p2a: Serperior|0 fnt\n|faint|p2a: Serperior\n|-ability|p1a: Celesteela|Beast Boost|boost\n|-boost|p1a: Celesteela|spa|1\n|\n|upkeep\n|\n|t:|1699785133\n|switch|p2a: Cinderace|Cinderace, F|100\/100\n|turn|12\n|\n|t:|1699785148\n|move|p2a: Cinderace|Pyro Ball|p1a: Celesteela\n|-supereffective|p1a: Celesteela\n|-damage|p1a: Celesteela|0 fnt\n|faint|p1a: Celesteela\n|\n|upkeep\n|\n|t:|1699785154\n|switch|p1a: Banette|Banette, F|100\/100\n|-item|p2a: Cinderace|Heavy-Duty Boots|[from] ability: Frisk|[of] p1a: Banette|[identify]\n|turn|13\n|\n|t:|1699785165\n|detailschange|p1a: Banette|Banette-Mega, F\n|-mega|p1a: Banette|Banette|Banettite\n|move|p2a: Cinderace|U-turn|p1a: Banette\n|-start|p2a: Cinderace|typechange|Bug|[from] ability: Libero\n|-resisted|p1a: Banette\n|-damage|p1a: Banette|75\/100\n|\n|t:|1699785172\n|switch|p2a: Ditto|Ditto, shiny|35\/100|[from] U-turn\n|-transform|p2a: Ditto|p1a: Banette|[from] ability: Imposter\n|move|p1a: Banette|Poltergeist|p2a: Ditto\n|-activate|p2a: Ditto|move: Poltergeist|Choice Scarf\n|-supereffective|p2a: Ditto\n|-damage|p2a: Ditto|0 fnt\n|faint|p2a: Ditto\n|\n|upkeep\n|\n|t:|1699785182\n|switch|p2a: Cinderace|Cinderace, F|100\/100\n|turn|14\n|\n|t:|1699785189\n|move|p1a: Banette|Sucker Punch|p2a: Cinderace\n|-damage|p2a: Cinderace|51\/100\n|move|p2a: Cinderace|Pyro Ball|p1a: Banette\n|-damage|p1a: Banette|0 fnt\n|faint|p1a: Banette\n|\n|upkeep\n|\n|t:|1699785198\n|switch|p1a: Zapdos|Zapdos|100\/100\n|turn|15\n|\n|t:|1699785204\n|switch|p2a: Lycanroc|Lycanroc-Dusk, F|100\/100\n|move|p1a: Zapdos|Volt Switch|p2a: Lycanroc\n|-damage|p2a: Lycanroc|45\/100\n|\n|t:|1699785210\n|switch|p1a: Kartana|Kartana|100\/100|[from] Volt Switch\n|\n|upkeep\n|turn|16\n|\n|t:|1699785223\n|move|p2a: Lycanroc|Stealth Rock|p1a: Kartana\n|-sidestart|p1: Fealieya|move: Stealth Rock\n|move|p1a: Kartana|Leaf Blade|p2a: Lycanroc\n|-supereffective|p2a: Lycanroc\n|-damage|p2a: Lycanroc|0 fnt\n|faint|p2a: Lycanroc\n|-ability|p1a: Kartana|Beast Boost|boost\n|-boost|p1a: Kartana|atk|1\n|\n|upkeep\n|\n|t:|1699785227\n|switch|p2a: Cinderace|Cinderace, F|51\/100\n|turn|17\n|\n|t:|1699785234\n|move|p2a: Cinderace|Pyro Ball|p1a: Kartana\n|-supereffective|p1a: Kartana\n|-enditem|p1a: Kartana|Focus Sash\n|-damage|p1a: Kartana|1\/100\n|move|p1a: Kartana|Sacred Sword|p2a: Cinderace\n|-damage|p2a: Cinderace|0 fnt\n|faint|p2a: Cinderace\n|\n|win|Fealieya\n|raw|Fealieya's rating: 1161 &rarr; <strong>1181<\/strong><br \/>(+20 for winning)\n|raw|Nimezin's rating: 1086 &rarr; <strong>1068<\/strong><br \/>(-18 for losing)\n","uploadtime":1699785242,"views":4,"p1id":"fealieya","p2id":"nimezin","formatid":"gen9nationaldex","rating":1068,"private":0,"password":""}