{"id":"gen9nationaldex-1990702552","p1":"josecmp","p2":"CharonsFerry596","format":"[Gen 9] National Dex","log":"|j|\u2606josecmp\n|j|\u2606CharonsFerry596\n|t:|1699993119\n|gametype|singles\n|player|p1|josecmp|169|1246\n|player|p2|CharonsFerry596|veteran|1348\n|teamsize|p1|6\n|teamsize|p2|6\n|gen|9\n|tier|[Gen 9] National Dex\n|rated|\n|rule|HP Percentage Mod: HP is shown in percentages\n|rule|Endless Battle Clause: Forcing endless battles is banned\n|rule|OHKO Clause: OHKO moves are banned\n|rule|Evasion Clause: Evasion abilities, items, and moves are banned\n|rule|Evasion Abilities Clause: Evasion abilities are banned\n|rule|Evasion Items Clause: Evasion items are banned\n|rule|Evasion Moves Clause: Evasion moves are banned\n|rule|Species Clause: Limit one of each Pok\u00e9mon\n|rule|Sleep Clause Mod: Limit one foe put to sleep\n|clearpoke\n|poke|p1|Hoopa-Unbound|\n|poke|p1|Ditto|\n|poke|p1|Zoroark-Hisui, F|\n|poke|p1|Pidgeot, M|\n|poke|p1|Heatran, M|\n|poke|p1|Cinccino, F|\n|poke|p2|Toxapex, M|\n|poke|p2|Ferrothorn, M|\n|poke|p2|Zapdos|\n|poke|p2|Barraskewda, F|\n|poke|p2|Chandelure, M|\n|poke|p2|Bisharp, M|\n|teampreview\n|\n|t:|1699993151\n|start\n|switch|p1a: Pidgeot|Pidgeot, M|100\/100\n|switch|p2a: Javelina|Barraskewda, F|100\/100\n|turn|1\n|inactive|Battle timer is ON: inactive players will automatically lose when time's up. (requested by CharonsFerry596)\n|\n|t:|1699993160\n|detailschange|p1a: Pidgeot|Pidgeot-Mega, M\n|-mega|p1a: Pidgeot|Pidgeot|Pidgeotite\n|move|p2a: Javelina|Flip Turn|p1a: Pidgeot\n|-damage|p1a: Pidgeot|40\/100\n|\n|t:|1699993166\n|switch|p2a: Oroku Saki|Bisharp, M|100\/100|[from] Flip Turn\n|move|p1a: Pidgeot|Hurricane|p2a: Oroku Saki\n|-resisted|p2a: Oroku Saki\n|-damage|p2a: Oroku Saki|56\/100\n|-start|p2a: Oroku Saki|confusion\n|\n|upkeep\n|turn|2\n|\n|t:|1699993179\n|-activate|p2a: Oroku Saki|confusion\n|move|p2a: Oroku Saki|Sucker Punch||[still]\n|-fail|p2a: Oroku Saki\n|move|p1a: Pidgeot|Roost|p1a: Pidgeot\n|-heal|p1a: Pidgeot|90\/100\n|-singleturn|p1a: Pidgeot|move: Roost\n|\n|upkeep\n|turn|3\n|\n|t:|1699993186\n|switch|p2a: Chuck|Zapdos, shiny|100\/100\n|move|p1a: Pidgeot|Heat Wave|p2a: Chuck\n|-damage|p2a: Chuck|75\/100\n|\n|upkeep\n|turn|4\n|\n|t:|1699993212\n|switch|p1a: Hoopa|Hoopa-Unbound|100\/100\n|move|p2a: Chuck|Hurricane|p1a: Hoopa\n|-damage|p1a: Hoopa|56\/100\n|\n|upkeep\n|turn|5\n|\n|t:|1699993222\n|move|p1a: Hoopa|Dark Pulse|p2a: Chuck\n|-damage|p2a: Chuck|38\/100\n|cant|p2a: Chuck|flinch\n|\n|upkeep\n|turn|6\n|\n|t:|1699993231\n|switch|p2a: Oroku Saki|Bisharp, M|56\/100\n|move|p1a: Hoopa|Dark Pulse|p2a: Oroku Saki\n|-resisted|p2a: Oroku Saki\n|-damage|p2a: Oroku Saki|16\/100\n|\n|upkeep\n|turn|7\n|\n|t:|1699993249\n|switch|p1a: Heatran|Heatran, M|100\/100\n|move|p2a: Oroku Saki|Sucker Punch||[still]\n|-fail|p2a: Oroku Saki\n|\n|upkeep\n|turn|8\n|\n|t:|1699993255\n|move|p1a: Heatran|Nasty Plot|p1a: Heatran\n|-boost|p1a: Heatran|spa|2\n|move|p2a: Oroku Saki|Knock Off|p1a: Heatran\n|-supereffective|p1a: Heatran\n|-enditem|p1a: Heatran|Focus Sash\n|-damage|p1a: Heatran|1\/100\n|replace|p1a: Zoroark|Zoroark-Hisui, F\n|-end|p1a: Zoroark|Illusion\n|\n|upkeep\n|turn|9\n|\n|t:|1699993274\n|switch|p1a: Ditto|Ditto|100\/100\n|-transform|p1a: Ditto|p2a: Oroku Saki|[from] ability: Imposter\n|move|p2a: Oroku Saki|Sucker Punch||[still]\n|-fail|p2a: Oroku Saki\n|\n|upkeep\n|turn|10\n|\n|t:|1699993287\n|switch|p2a: Chuck|Zapdos, shiny|38\/100\n|move|p1a: Ditto|Sucker Punch||[still]\n|-fail|p1a: Ditto\n|\n|upkeep\n|turn|11\n|inactive|josecmp has 120 seconds left.\n|inactive|CharonsFerry596 has 120 seconds left.\n|\n|t:|1699993328\n|switch|p1a: Heatran|Heatran, M|100\/100\n|move|p2a: Chuck|Volt Switch|p1a: Heatran\n|-damage|p1a: Heatran|77\/100\n|\n|t:|1699993333\n|switch|p2a: Javelina|Barraskewda, F|100\/100|[from] Volt Switch\n|\n|-heal|p1a: Heatran|83\/100|[from] item: Leftovers\n|upkeep\n|turn|12\n|\n|t:|1699993346\n|switch|p1a: Ditto|Ditto|100\/100\n|-transform|p1a: Ditto|p2a: Javelina|[from] ability: Imposter\n|-terastallize|p2a: Javelina|Water\n|move|p2a: Javelina|Flip Turn|p1a: Ditto\n|-resisted|p1a: Ditto\n|-damage|p1a: Ditto|46\/100\n|\n|t:|1699993353\n|switch|p2a: Dingus|Ferrothorn, M|100\/100|[from] Flip Turn\n|\n|upkeep\n|turn|13\n|\n|t:|1699993361\n|switch|p2a: Piton|Toxapex, M|100\/100\n|move|p1a: Ditto|Close Combat|p2a: Piton\n|-resisted|p2a: Piton\n|-damage|p2a: Piton|88\/100\n|-unboost|p1a: Ditto|def|1\n|-unboost|p1a: Ditto|spd|1\n|-damage|p1a: Ditto|29\/100|[from] item: Rocky Helmet|[of] p2a: Piton\n|\n|upkeep\n|turn|14\n|\n|t:|1699993378\n|switch|p1a: Hoopa|Hoopa-Unbound|56\/100\n|move|p2a: Piton|Scald|p1a: Hoopa\n|-damage|p1a: Hoopa|41\/100\n|\n|upkeep\n|turn|15\n|\n|t:|1699993387\n|switch|p2a: Oroku Saki|Bisharp, M|16\/100\n|move|p1a: Hoopa|Psyshock|p2a: Oroku Saki\n|-immune|p2a: Oroku Saki\n|\n|upkeep\n|turn|16\n|\n|t:|1699993401\n|switch|p1a: Ditto|Ditto|29\/100\n|-transform|p1a: Ditto|p2a: Oroku Saki|[from] ability: Imposter\n|move|p2a: Oroku Saki|Knock Off|p1a: Ditto\n|-resisted|p1a: Ditto\n|-damage|p1a: Ditto|0 fnt\n|-enditem|p1a: Ditto|Choice Scarf|[from] move: Knock Off|[of] p2a: Oroku Saki\n|faint|p1a: Ditto\n|\n|upkeep\n|inactive|josecmp has 120 seconds left.\n|\n|t:|1699993424\n|switch|p1a: Cinccino|Cinccino, F|100\/100\n|turn|17\n|\n|t:|1699993433\n|move|p1a: Cinccino|Tail Slap|p2a: Oroku Saki|[miss]\n|-miss|p1a: Cinccino|p2a: Oroku Saki\n|move|p2a: Oroku Saki|Knock Off|p1a: Cinccino\n|-damage|p1a: Cinccino|0 fnt\n|-enditem|p1a: Cinccino|Choice Band|[from] move: Knock Off|[of] p2a: Oroku Saki\n|faint|p1a: Cinccino\n|\n|upkeep\n|\n|t:|1699993443\n|switch|p1a: Pidgeot|Pidgeot-Mega, M|90\/100\n|turn|18\n|\n|t:|1699993447\n|move|p2a: Oroku Saki|Sucker Punch|p1a: Pidgeot\n|-damage|p1a: Pidgeot|29\/100\n|move|p1a: Pidgeot|Hurricane|p2a: Oroku Saki\n|-resisted|p2a: Oroku Saki\n|-damage|p2a: Oroku Saki|0 fnt\n|faint|p2a: Oroku Saki\n|\n|upkeep\n|\n|t:|1699993451\n|switch|p2a: Javelina|Barraskewda, F, tera:Water|100\/100\n|turn|19\n|c|\u2606CharonsFerry596|gg\n|\n|t:|1699993462\n|move|p2a: Javelina|Liquidation|p1a: Pidgeot\n|-damage|p1a: Pidgeot|0 fnt\n|faint|p1a: Pidgeot\n|\n|upkeep\n|\n|t:|1699993476\n|switch|p1a: Hoopa|Hoopa-Unbound|41\/100\n|turn|20\n|\n|t:|1699993484\n|move|p1a: Hoopa|Dark Pulse|p2a: Javelina\n|-damage|p2a: Javelina|0 fnt\n|faint|p2a: Javelina\n|\n|upkeep\n|c|\u2606CharonsFerry596|ok\n|\n|t:|1699993492\n|switch|p2a: Dingus|Ferrothorn, M|100\/100\n|turn|21\n|\n|t:|1699993507\n|switch|p1a: Heatran|Heatran, M|83\/100\n|move|p2a: Dingus|Stealth Rock|p1a: Heatran\n|-sidestart|p1: josecmp|move: Stealth Rock\n|\n|-heal|p1a: Heatran|90\/100|[from] item: Leftovers\n|upkeep\n|turn|22\n|\n|t:|1699993520\n|switch|p2a: Crisp|Chandelure, M|100\/100\n|move|p1a: Heatran|Stealth Rock|p2a: Crisp\n|-sidestart|p2: CharonsFerry596|move: Stealth Rock\n|\n|-heal|p1a: Heatran|96\/100|[from] item: Leftovers\n|upkeep\n|turn|23\n|\n|t:|1699993531\n|move|p2a: Crisp|Shadow Ball|p1a: Heatran\n|-damage|p1a: Heatran|56\/100\n|move|p1a: Heatran|Earth Power|p2a: Crisp\n|-supereffective|p2a: Crisp\n|-damage|p2a: Crisp|0 fnt\n|faint|p2a: Crisp\n|\n|-heal|p1a: Heatran|62\/100|[from] item: Leftovers\n|upkeep\n|\n|t:|1699993538\n|switch|p2a: Chuck|Zapdos, shiny|38\/100\n|turn|24\n|\n|t:|1699993546\n|move|p2a: Chuck|Roost|p2a: Chuck\n|-heal|p2a: Chuck|88\/100\n|-singleturn|p2a: Chuck|move: Roost\n|move|p1a: Heatran|Magma Storm|p2a: Chuck|[miss]\n|-miss|p1a: Heatran|p2a: Chuck\n|\n|-heal|p1a: Heatran|68\/100|[from] item: Leftovers\n|upkeep\n|turn|25\n|\n|t:|1699993562\n|move|p2a: Chuck|Volt Switch|p1a: Heatran\n|-damage|p1a: Heatran|42\/100\n|\n|t:|1699993565\n|switch|p2a: Piton|Toxapex, M|100\/100|[from] Volt Switch\n|-damage|p2a: Piton|88\/100|[from] Stealth Rock\n|move|p1a: Heatran|Magma Storm|p2a: Piton\n|-resisted|p2a: Piton\n|-damage|p2a: Piton|65\/100\n|-activate|p2a: Piton|move: Magma Storm|[of] p1a: Heatran\n|\n|-heal|p1a: Heatran|48\/100|[from] item: Leftovers\n|-damage|p2a: Piton|53\/100|[from] move: Magma Storm|[partiallytrapped]\n|upkeep\n|turn|26\n|\n|t:|1699993578\n|move|p1a: Heatran|Magma Storm|p2a: Piton\n|-resisted|p2a: Piton\n|-damage|p2a: Piton|31\/100\n|move|p2a: Piton|Scald|p1a: Heatran\n|-supereffective|p1a: Heatran\n|-damage|p1a: Heatran|20\/100\n|\n|-heal|p1a: Heatran|26\/100|[from] item: Leftovers\n|-damage|p2a: Piton|19\/100|[from] move: Magma Storm|[partiallytrapped]\n|upkeep\n|turn|27\n|\n|t:|1699993600\n|move|p1a: Heatran|Flash Cannon|p2a: Piton\n|-resisted|p2a: Piton\n|-damage|p2a: Piton|2\/100\n|move|p2a: Piton|Recover|p2a: Piton\n|-heal|p2a: Piton|52\/100\n|\n|-heal|p1a: Heatran|32\/100|[from] item: Leftovers\n|-damage|p2a: Piton|40\/100|[from] move: Magma Storm|[partiallytrapped]\n|upkeep\n|turn|28\n|\n|t:|1699993609\n|move|p1a: Heatran|Earth Power|p2a: Piton\n|-supereffective|p2a: Piton\n|-damage|p2a: Piton|0 fnt\n|faint|p2a: Piton\n|\n|-heal|p1a: Heatran|39\/100|[from] item: Leftovers\n|upkeep\n|\n|t:|1699993613\n|switch|p2a: Chuck|Zapdos, shiny|88\/100\n|turn|29\n|\n|t:|1699993623\n|move|p2a: Chuck|Volt Switch|p1a: Heatran\n|-damage|p1a: Heatran|14\/100\n|\n|t:|1699993628\n|switch|p2a: Dingus|Ferrothorn, M|100\/100|[from] Volt Switch\n|-damage|p2a: Dingus|94\/100|[from] Stealth Rock\n|move|p1a: Heatran|Magma Storm|p2a: Dingus|[miss]\n|-miss|p1a: Heatran|p2a: Dingus\n|\n|-heal|p1a: Heatran|21\/100|[from] item: Leftovers\n|upkeep\n|turn|30\n|\n|t:|1699993636\n|switch|p2a: Chuck|Zapdos, shiny|88\/100\n|move|p1a: Heatran|Magma Storm|p2a: Chuck\n|-damage|p2a: Chuck|47\/100\n|-activate|p2a: Chuck|move: Magma Storm|[of] p1a: Heatran\n|\n|-heal|p1a: Heatran|27\/100|[from] item: Leftovers\n|-damage|p2a: Chuck|34\/100|[from] move: Magma Storm|[partiallytrapped]\n|upkeep\n|turn|31\n|\n|t:|1699993650\n|switch|p1a: Hoopa|Hoopa-Unbound|1\/100\n|-damage|p1a: Hoopa|0 fnt|[from] Stealth Rock\n|faint|p1a: Hoopa\n|move|p2a: Chuck|Volt Switch|p1: Zoroark|[notarget]\n|-fail|p2a: Chuck\n|\n|-end|p2a: Chuck|Magma Storm|[partiallytrapped]|[silent]\n|upkeep\n|\n|t:|1699993670\n|switch|p1a: Hoopa|Hoopa-Unbound|41\/100\n|-damage|p1a: Hoopa|29\/100|[from] Stealth Rock\n|turn|32\n|\n|t:|1699993678\n|switch|p2a: Dingus|Ferrothorn, M|94\/100\n|-damage|p2a: Dingus|88\/100|[from] Stealth Rock\n|move|p1a: Hoopa|Dark Pulse|p2a: Dingus\n|-damage|p2a: Dingus|44\/100\n|\n|upkeep\n|turn|33\n|\n|t:|1699993684\n|move|p1a: Hoopa|Dark Pulse|p2a: Dingus\n|-damage|p2a: Dingus|3\/100\n|move|p2a: Dingus|Power Whip|p1a: Hoopa|[miss]\n|-miss|p2a: Dingus|p1a: Hoopa\n|\n|upkeep\n|turn|34\n|-message|CharonsFerry596 forfeited.\n|\n|win|josecmp\n|raw|josecmp's rating: 1246 &rarr; <strong>1278<\/strong><br \/>(+32 for winning)\n|raw|CharonsFerry596's rating: 1348 &rarr; <strong>1322<\/strong><br \/>(-26 for losing)\n|l|\u2606CharonsFerry596\n|c|\u2606josecmp|gg\n","uploadtime":1699993733,"views":4,"p1id":"josecmp","p2id":"charonsferry596","formatid":"gen9nationaldex","rating":1278,"private":0,"password":""}