{"id":"gen9nationaldex-1995530367","p1":"etherlords","p2":"Najirs","format":"[Gen 9] National Dex","log":"|html|<div class=\"broadcast-blue\"><strong>[Gen 9] National Dex is currently suspecting Sneasler! For information on how to participate check out the <a href=\"https:\/\/www.smogon.com\/forums\/threads\/sv-national-dex-suspect-8-just-dance.3731534\/\">suspect thread<\/a>.<\/strong><\/div>\n|j|\u2606etherlords\n|j|\u2606Najirs\n|t:|1700580271\n|gametype|singles\n|player|p1|etherlords|gambler|\n|player|p2|Najirs|grimsley-masters|\n|teamsize|p1|6\n|teamsize|p2|6\n|gen|9\n|tier|[Gen 9] National Dex\n|rule|HP Percentage Mod: HP is shown in percentages\n|rule|Endless Battle Clause: Forcing endless battles is banned\n|rule|OHKO Clause: OHKO moves are banned\n|rule|Evasion Clause: Evasion abilities, items, and moves are banned\n|rule|Evasion Abilities Clause: Evasion abilities are banned\n|rule|Evasion Items Clause: Evasion items are banned\n|rule|Evasion Moves Clause: Evasion moves are banned\n|rule|Species Clause: Limit one of each Pok\u00e9mon\n|rule|Sleep Clause Mod: Limit one foe put to sleep\n|clearpoke\n|poke|p1|Venusaur, M|\n|poke|p1|Kyurem|\n|poke|p1|Excadrill, M|\n|poke|p1|Torkoal, F|\n|poke|p1|Volcanion|\n|poke|p1|Kartana|\n|poke|p2|Okidogi, M|\n|poke|p2|Weezing-Galar, M|\n|poke|p2|Iron Moth|\n|poke|p2|Skuntank, M|\n|poke|p2|Sneasler, F|\n|poke|p2|Glimmora, F|\n|teampreview\n|inactive|Battle timer is ON: inactive players will automatically lose when time's up. (requested by etherlords)\n|inactive|etherlords has 270 seconds left.\n|\n|t:|1700580313\n|start\n|switch|p1a: sunny boi|Torkoal, F|100\/100\n|switch|p2a: Okidogi|Okidogi, M|100\/100\n|-weather|SunnyDay|[from] ability: Drought|[of] p1a: sunny boi\n|turn|1\n|c|\u2606Najirs|Damn natdex is suspecting sneasler too\n|j| Psvishal\n|c|\u2606etherlords|oof\n|\n|t:|1700580326\n|move|p2a: Okidogi|Bulk Up|p2a: Okidogi\n|-boost|p2a: Okidogi|atk|1\n|-boost|p2a: Okidogi|def|1\n|move|p1a: sunny boi|Yawn|p2a: Okidogi\n|-start|p2a: Okidogi|move: Yawn|[of] p1a: sunny boi\n|\n|-weather|SunnyDay|[upkeep]\n|upkeep\n|turn|2\n|c| Psvishal|tf is okidogi\n|\n|t:|1700580335\n|move|p2a: Okidogi|Knock Off|p1a: sunny boi\n|-damage|p1a: sunny boi|75\/100\n|-status|p1a: sunny boi|tox|[from] ability: Toxic Chain|[of] p2a: Okidogi\n|-enditem|p1a: sunny boi|Heat Rock|[from] move: Knock Off|[of] p2a: Okidogi\n|move|p1a: sunny boi|Stealth Rock|p2a: Okidogi\n|-sidestart|p2: Najirs|move: Stealth Rock\n|\n|-weather|SunnyDay|[upkeep]\n|-damage|p1a: sunny boi|69\/100 tox|[from] psn\n|-end|p2a: Okidogi|move: Yawn|[silent]\n|-status|p2a: Okidogi|slp\n|upkeep\n|turn|3\n|c|\u2606Najirs|Sweet\n|c|\u2606Najirs|Dlc mon @Psvishal\n|inactive|Najirs has 270 seconds left.\n|\n|t:|1700580377\n|switch|p2a: Iron Moth|Iron Moth|100\/100\n|-damage|p2a: Iron Moth|76\/100|[from] Stealth Rock\n|-enditem|p2a: Iron Moth|Booster Energy\n|-activate|p2a: Iron Moth|ability: Quark Drive|[fromitem]\n|-start|p2a: Iron Moth|quarkdrivespe\n|switch|p1a: Kyu:3|Kyurem|100\/100\n|-ability|p1a: Kyu:3|Pressure\n|\n|-weather|SunnyDay|[upkeep]\n|upkeep\n|turn|4\n|c| Psvishal|giving you toxic chain is too much\n|\n|t:|1700580397\n|-terastallize|p2a: Iron Moth|Grass\n|move|p2a: Iron Moth|Fiery Dance|p1a: Kyu:3\n|-damage|p1a: Kyu:3|47\/100\n|-boost|p2a: Iron Moth|spa|1\n|move|p1a: Kyu:3|Psychic|p2a: Iron Moth\n|-damage|p2a: Iron Moth|43\/100\n|\n|-weather|SunnyDay|[upkeep]\n|upkeep\n|turn|5\n|c|\u2606etherlords|nice\n|inactive|etherlords has 270 seconds left.\n|c|\u2606Najirs|Lmao\n|c|\u2606etherlords|sun fucking me over\n|c| Psvishal|how is srijan the speedy one here\n|c|\u2606Najirs|Lol\n|j| DracoShivam\n|inactive|etherlords has 240 seconds left.\n|c|\u2606Najirs|Protosynthesis was an accident that I forgot about\n|\n|t:|1700580452\n|switch|p1a: arson|Volcanion|100\/100\n|move|p2a: Iron Moth|Fiery Dance|p1a: arson\n|-resisted|p1a: arson\n|-damage|p1a: arson|86\/100\n|\n|-weather|SunnyDay|[upkeep]\n|upkeep\n|turn|6\n|\n|t:|1700580462\n|move|p2a: Iron Moth|Discharge|p1a: arson\n|-supereffective|p1a: arson\n|-damage|p1a: arson|31\/100\n|move|p1a: arson|Steam Eruption|p2a: Iron Moth\n|-resisted|p2a: Iron Moth\n|-damage|p2a: Iron Moth|30\/100\n|\n|-weather|SunnyDay|[upkeep]\n|upkeep\n|turn|7\n|c| Psvishal|ooooof\n|c| Psvishal|why\n|c|\u2606etherlords|bruh tf was i thinking\n|inactive|etherlords has 240 seconds left.\n|c|\u2606Najirs|Lol\n|c| Psvishal|me moment\n|c|\u2606etherlords|i forgot tera\n|c|\u2606etherlords|fml\n|c|\u2606Najirs|Lmfao\n|inactive|Najirs has 240 seconds left.\n|\n|t:|1700580496\n|move|p2a: Iron Moth|Discharge|p1a: arson\n|-supereffective|p1a: arson\n|-damage|p1a: arson|0 fnt\n|faint|p1a: arson\n|\n|-weather|SunnyDay|[upkeep]\n|upkeep\n|c| Psvishal|me moment again\n|c| Psvishal|that might've just fucked your match up\n|inactive|etherlords has 210 seconds left.\n|c| Psvishal|unless torkoal clutches it\n|c| DracoShivam|Nah\n|\n|t:|1700580535\n|switch|p1a: Sir chonk|Venusaur, M|100\/100\n|turn|8\n|c| DracoShivam|Yes as I thought\n|c|\u2606Najirs|Ah frickin mega\n|inactive|Najirs has 240 seconds left.\n|c|\u2606Najirs|Ah damn 284*2\n|c| Psvishal|oh yeah forgor\n|c|\u2606Najirs|Let's see\n|\n|t:|1700580565\n|detailschange|p1a: Sir chonk|Venusaur-Mega, M\n|-mega|p1a: Sir chonk|Venusaur|Venusaurite\n|move|p2a: Iron Moth|Fiery Dance|p1a: Sir chonk\n|-supereffective|p1a: Sir chonk\n|-crit|p1a: Sir chonk\n|-damage|p1a: Sir chonk|0 fnt\n|-boost|p2a: Iron Moth|spa|1\n|faint|p1a: Sir chonk\n|\n|-weather|none\n|upkeep\n|c| Psvishal|chlorofphyll\n|c| Psvishal|dayumm\n|c|\u2606Najirs|Lmfao\n|c|\u2606etherlords|sadge\n|c| DracoShivam|OF FUCKING COURSE\n|c|\u2606Najirs|He lost the chlorophyll\n|inactive|etherlords has 180 seconds left.\n|c|\u2606etherlords|wait quark drive remains?\n|c|\u2606Najirs|Thick fat fail\n|c| Psvishal|How....\n|c| DracoShivam|Quark drive is terrain\n|c|\u2606etherlords|booster energy\n|c| DracoShivam|Not proto\n|c|\u2606Najirs|Yup\n|c|\u2606etherlords|mb\n|c|\u2606Najirs|Lmao\n|inactive|etherlords has 150 seconds left.\n|\n|t:|1700580612\n|switch|p1a: Papercut|Kartana|100\/100\n|turn|9\n|c|\u2606Najirs|Quark drive was activated by booster energy only\n|inactive|etherlords has 150 seconds left.\n|c|\u2606etherlords|whelp I threw with that 1 volc turn\n|c|\u2606Najirs|Lol\n|c| Psvishal|yup\n|\n|t:|1700580636\n|move|p2a: Iron Moth|Fiery Dance|p1a: Papercut\n|-supereffective|p1a: Papercut\n|-enditem|p1a: Papercut|Focus Sash\n|-damage|p1a: Papercut|1\/100\n|move|p1a: Papercut|Psycho Cut|p2a: Iron Moth\n|-damage|p2a: Iron Moth|0 fnt\n|faint|p2a: Iron Moth\n|-end|p2a: Iron Moth|Quark Drive|[silent]\n|-ability|p1a: Papercut|Beast Boost|boost\n|-boost|p1a: Papercut|atk|1\n|\n|upkeep\n|\n|t:|1700580648\n|switch|p2a: Skuntank|Skuntank, M|100\/100\n|-damage|p2a: Skuntank|88\/100|[from] Stealth Rock\n|turn|10\n|c| Psvishal|sash to beat the sash\n|c| Psvishal|Oooh niceee\n|\n|t:|1700580661\n|switch|p1a: Kyu:3|Kyurem|47\/100\n|-ability|p1a: Kyu:3|Pressure\n|move|p2a: Skuntank|Sucker Punch||[still]\n|-fail|p2a: Skuntank\n|\n|upkeep\n|turn|11\n|\n|t:|1700580674\n|move|p1a: Kyu:3|Earth Power|p2a: Skuntank\n|-supereffective|p2a: Skuntank\n|-damage|p2a: Skuntank|0 fnt\n|faint|p2a: Skuntank\n|\n|upkeep\n|inactive|Najirs has 210 seconds left.\n|c| Psvishal|aftermath bait was cool\n|c|\u2606Najirs|Ah damn\n|c|\u2606Najirs|Aftermath bait was unintentional\n|c| Psvishal|aah\n|inactive|Najirs has 180 seconds left.\n|c| Psvishal|Just sucker eh\n|inactive|Najirs has 150 seconds left.\n|\n|t:|1700580754\n|switch|p2a: Weezing|Weezing-Galar, M|100\/100\n|-damage|p2a: Weezing|88\/100|[from] Stealth Rock\n|-fieldstart|move: Misty Terrain|[from] ability: Misty Surge|[of] p2a: Weezing\n|turn|12\n|j| nepherae\n|c|\u2606etherlords|wait y no levitate?\n|c|\u2606Najirs|True\n|inactive|etherlords has 150 seconds left.\n|c|\u2606Najirs|Should have\n|c|\u2606etherlords|that is objectively better in poi teams\n|\n|t:|1700580779\n|move|p1a: Kyu:3|Earth Power|p2a: Weezing\n|-supereffective|p2a: Weezing\n|-damage|p2a: Weezing|0 fnt\n|faint|p2a: Weezing\n|\n|upkeep\n|c|\u2606Najirs|Fr\n|\n|t:|1700580786\n|switch|p2a: Sneasler|Sneasler, F|100\/100\n|-damage|p2a: Sneasler|95\/100|[from] Stealth Rock\n|-enditem|p2a: Sneasler|Misty Seed\n|-boost|p2a: Sneasler|spd|1|[from] item: Misty Seed\n|turn|13\n|c|\u2606etherlords|ahh\n|inactive|etherlords has 150 seconds left.\n|\n|t:|1700580798\n|move|p2a: Sneasler|Acrobatics|p1a: Kyu:3\n|-damage|p1a: Kyu:3|10\/100\n|move|p1a: Kyu:3|Earth Power|p2a: Sneasler\n|-supereffective|p2a: Sneasler\n|-damage|p2a: Sneasler|28\/100\n|\n|upkeep\n|turn|14\n|c|\u2606Najirs|Lol committed a trashman\n|\n|t:|1700580812\n|move|p2a: Sneasler|Acrobatics|p1a: Kyu:3\n|-damage|p1a: Kyu:3|0 fnt\n|faint|p1a: Kyu:3\n|\n|upkeep\n|c| nepherae|sd would have gone hard\n|inactive|etherlords has 150 seconds left.\n|c|\u2606Najirs|Fr\n|\n|t:|1700580824\n|switch|p1a: sunny boi|Torkoal, F|69\/100 tox\n|-weather|SunnyDay|[from] ability: Drought|[of] p1a: sunny boi\n|turn|15\n|c|\u2606Najirs|Miscalc\n|\n|t:|1700580833\n|move|p2a: Sneasler|Close Combat|p1a: sunny boi\n|-damage|p1a: sunny boi|30\/100 tox\n|-unboost|p2a: Sneasler|def|1\n|-unboost|p2a: Sneasler|spd|1\n|move|p1a: sunny boi|Earth Power|p2a: Sneasler\n|-supereffective|p2a: Sneasler\n|-damage|p2a: Sneasler|0 fnt\n|faint|p2a: Sneasler\n|\n|-weather|SunnyDay|[upkeep]\n|-damage|p1a: sunny boi|24\/100 tox|[from] psn\n|upkeep\n|c| Psvishal|what sd\n|c| Psvishal|what's sd*\n|\n|t:|1700580846\n|switch|p2a: Okidogi|Okidogi, M|100\/100 slp\n|-damage|p2a: Okidogi|94\/100 slp|[from] Stealth Rock\n|turn|16\n|c| nepherae|swords dance\n|c| Psvishal|aah\n|c|\u2606Najirs|Fuck I threw\n|\n|t:|1700580864\n|cant|p2a: Okidogi|slp\n|move|p1a: sunny boi|Earth Power|p2a: Okidogi\n|-supereffective|p2a: Okidogi\n|-damage|p2a: Okidogi|59\/100 slp\n|\n|-weather|SunnyDay|[upkeep]\n|-damage|p1a: sunny boi|12\/100 tox|[from] psn\n|-fieldend|Misty Terrain\n|upkeep\n|turn|17\n|c|\u2606etherlords|i threw first\n|\n|t:|1700580874\n|cant|p2a: Okidogi|slp\n|move|p1a: sunny boi|Earth Power|p2a: Okidogi\n|-supereffective|p2a: Okidogi\n|-damage|p2a: Okidogi|27\/100 slp\n|\n|-weather|SunnyDay|[upkeep]\n|-damage|p1a: sunny boi|0 fnt|[from] psn\n|faint|p1a: sunny boi\n|upkeep\n|\n|t:|1700580886\n|switch|p1a: Papercut|Kartana|1\/100\n|turn|18\n|\n|t:|1700580890\n|move|p1a: Papercut|Knock Off|p2a: Okidogi\n|-resisted|p2a: Okidogi\n|-damage|p2a: Okidogi|11\/100 slp\n|-damage|p1a: Papercut|0 fnt|[from] item: Rocky Helmet|[of] p2a: Okidogi\n|faint|p1a: Papercut\n|-curestatus|p2a: Okidogi|slp|[msg]\n|move|p2a: Okidogi|Drain Punch|p1: Papercut|[notarget]\n|-fail|p2a: Okidogi\n|\n|-weather|SunnyDay|[upkeep]\n|upkeep\n|c| Psvishal|people be playing volleyball in pokemon\n|\n|t:|1700580896\n|switch|p1a: Naked mole rat|Excadrill, M|100\/100\n|-ability|p1a: Naked mole rat|Mold Breaker\n|turn|19\n|c|\u2606Najirs|Lessgoo\n|c|\u2606Najirs|Fml\n|inactive|etherlords has 180 seconds left.\n|inactive|Najirs has 180 seconds left.\n|c| Psvishal|lol\n|c| Psvishal|that switch\n|\n|t:|1700580910\n|move|p1a: Naked mole rat|Earthquake|p2a: Okidogi\n|-supereffective|p2a: Okidogi\n|-damage|p2a: Okidogi|0 fnt\n|faint|p2a: Okidogi\n|\n|-weather|none\n|upkeep\n|c|\u2606etherlords|another misclick\n|c|\u2606Najirs|Fuck man\n|\n|t:|1700580920\n|switch|p2a: Glimmora|Glimmora, F|100\/100\n|-damage|p2a: Glimmora|88\/100|[from] Stealth Rock\n|turn|20\n|c| DracoShivam|Hmm\n|inactive|Najirs has 180 seconds left.\n|c|\u2606Najirs|I wanna kms\n|\n|t:|1700580929\n|move|p1a: Naked mole rat|Earthquake|p2a: Glimmora\n|-supereffective|p2a: Glimmora\n|-damage|p2a: Glimmora|0 fnt\n|-activate|p2a: Glimmora|ability: Toxic Debris\n|-sidestart|p1: etherlords|move: Toxic Spikes\n|faint|p2a: Glimmora\n|\n|win|etherlords\n|c|\u2606etherlords|same\n|c| nepherae|20 turns only\n|c| DracoShivam|No earth power\n|c| nepherae|weak\n|c|\u2606Najirs|I wanted to put scarf\n|c| DracoShivam|Nvm\n|c|\u2606Najirs|Yes earth power\n|c|\u2606etherlords|I played so badly\n|c|\u2606Najirs|Lol\n|c| DracoShivam|I'm next\n|c|\u2606etherlords|cool\n|c|\u2606Najirs|I wish I had taken you down\n|l|\u2606etherlords\n","uploadtime":1700580963,"views":8,"p1id":"etherlords","p2id":"najirs","formatid":"gen9nationaldex","rating":0,"private":0,"password":""}