{"id":"gen9nationaldex-1997841632","p1":"Reivya","p2":"quagteleon","format":"[Gen 9] National Dex","log":"|html|<div class=\"broadcast-blue\"><strong>[Gen 9] National Dex is currently suspecting Sneasler! For information on how to participate check out the <a href=\"https:\/\/www.smogon.com\/forums\/threads\/sv-national-dex-suspect-8-just-dance.3731534\/\">suspect thread<\/a>.<\/strong><\/div>\n|j|\u2606Reivya\n|j|\u2606quagteleon\n|t:|1700858589\n|gametype|singles\n|player|p1|Reivya|jupiter|1116\n|player|p2|quagteleon|cilan|1049\n|teamsize|p1|6\n|teamsize|p2|6\n|gen|9\n|tier|[Gen 9] National Dex\n|rated|\n|rule|HP Percentage Mod: HP is shown in percentages\n|rule|Endless Battle Clause: Forcing endless battles is banned\n|rule|OHKO Clause: OHKO moves are banned\n|rule|Evasion Clause: Evasion abilities, items, and moves are banned\n|rule|Evasion Abilities Clause: Evasion abilities are banned\n|rule|Evasion Items Clause: Evasion items are banned\n|rule|Evasion Moves Clause: Evasion moves are banned\n|rule|Species Clause: Limit one of each Pok\u00e9mon\n|rule|Sleep Clause Mod: Limit one foe put to sleep\n|clearpoke\n|poke|p1|Gardevoir, F|\n|poke|p1|Lopunny, F|\n|poke|p1|Tsareena, F|\n|poke|p1|Gothitelle, F|\n|poke|p1|Ribombee, M|\n|poke|p1|Vaporeon, F|\n|poke|p2|Altaria, M|\n|poke|p2|Primarina, M|\n|poke|p2|Golem-Alola, F|\n|poke|p2|Aurorus, F|\n|poke|p2|Delcatty, F|\n|poke|p2|Sylveon, F|\n|teampreview\n|c|\u2606Reivya|glhf\n|c|\u2606quagteleon|glhf\n|c|\u2606Reivya|that golem scares me\n|c|\u2606Reivya|i know what that is\n|\n|t:|1700858616\n|start\n|switch|p1a: Ribombee|Ribombee, M|100\/100\n|switch|p2a: Golem|Golem-Alola, F|100\/100\n|turn|1\n|\n|t:|1700858623\n|move|p1a: Ribombee|Sticky Web|p2a: Golem\n|-sidestart|p2: quagteleon|move: Sticky Web\n|move|p2a: Golem|Stone Edge|p1a: Ribombee\n|-supereffective|p1a: Ribombee\n|-damage|p1a: Ribombee|0 fnt\n|faint|p1a: Ribombee\n|\n|upkeep\n|\n|t:|1700858640\n|switch|p1a: Lopunny|Lopunny, F|100\/100\n|turn|2\n|\n|t:|1700858648\n|switch|p2a: Altaria|Altaria, M|100\/100\n|detailschange|p1a: Lopunny|Lopunny-Mega, F\n|-mega|p1a: Lopunny|Lopunny|Lopunnite\n|move|p1a: Lopunny|Encore||[still]\n|-fail|p1a: Lopunny\n|\n|upkeep\n|turn|3\n|\n|t:|1700858658\n|switch|p1a: Vaporeon|Vaporeon, F|100\/100\n|detailschange|p2a: Altaria|Altaria-Mega, M\n|-mega|p2a: Altaria|Altaria|Altarianite\n|move|p2a: Altaria|Return|p1a: Vaporeon\n|-damage|p1a: Vaporeon|62\/100\n|\n|-heal|p1a: Vaporeon|68\/100|[from] item: Leftovers\n|upkeep\n|turn|4\n|\n|t:|1700858668\n|move|p2a: Altaria|Dragon Dance|p2a: Altaria\n|-boost|p2a: Altaria|atk|1\n|-boost|p2a: Altaria|spe|1\n|move|p1a: Vaporeon|Wish|p1a: Vaporeon\n|\n|-heal|p1a: Vaporeon|74\/100|[from] item: Leftovers\n|upkeep\n|turn|5\n|\n|t:|1700858676\n|move|p2a: Altaria|Dragon Dance|p2a: Altaria\n|-boost|p2a: Altaria|atk|1\n|-boost|p2a: Altaria|spe|1\n|move|p1a: Vaporeon|Haze|p1a: Vaporeon\n|-clearallboost\n|\n|-heal|p1a: Vaporeon|100\/100|[from] move: Wish|[wisher] Vaporeon\n|upkeep\n|turn|6\n|\n|t:|1700858693\n|switch|p2a: Sylveon|Sylveon, F|100\/100\n|-activate|p2a: Sylveon|move: Sticky Web\n|-unboost|p2a: Sylveon|spe|1\n|move|p1a: Vaporeon|Wish|p1a: Vaporeon\n|\n|upkeep\n|turn|7\n|\n|t:|1700858706\n|switch|p1a: Tsareena|Tsareena, F|100\/100\n|move|p2a: Sylveon|Yawn|p1a: Tsareena\n|-start|p1a: Tsareena|move: Yawn|[of] p2a: Sylveon\n|\n|upkeep\n|turn|8\n|\n|t:|1700858715\n|move|p2a: Sylveon|Protect|p2a: Sylveon\n|-singleturn|p2a: Sylveon|Protect\n|move|p1a: Tsareena|Taunt|p2a: Sylveon\n|-activate|p2a: Sylveon|move: Protect\n|\n|-end|p1a: Tsareena|move: Yawn|[silent]\n|-status|p1a: Tsareena|slp\n|upkeep\n|turn|9\n|\n|t:|1700858727\n|switch|p2a: Altaria|Altaria-Mega, M|100\/100\n|-activate|p2a: Altaria|move: Sticky Web\n|-unboost|p2a: Altaria|spe|1\n|cant|p1a: Tsareena|slp\n|\n|upkeep\n|turn|10\n|\n|t:|1700858735\n|switch|p1a: Vaporeon|Vaporeon, F|100\/100\n|move|p2a: Altaria|Dragon Dance|p2a: Altaria\n|-boost|p2a: Altaria|atk|1\n|-boost|p2a: Altaria|spe|1\n|\n|upkeep\n|turn|11\n|\n|t:|1700858743\n|move|p2a: Altaria|Return|p1a: Vaporeon\n|-damage|p1a: Vaporeon|37\/100\n|move|p1a: Vaporeon|Haze|p1a: Vaporeon\n|-clearallboost\n|\n|-heal|p1a: Vaporeon|43\/100|[from] item: Leftovers\n|upkeep\n|turn|12\n|\n|t:|1700858754\n|switch|p1a: Gothitelle|Gothitelle, F|100\/100\n|move|p2a: Altaria|Dragon Dance|p2a: Altaria\n|-boost|p2a: Altaria|atk|1\n|-boost|p2a: Altaria|spe|1\n|\n|upkeep\n|turn|13\n|\n|t:|1700858762\n|move|p2a: Altaria|Return|p1a: Gothitelle\n|-damage|p1a: Gothitelle|9\/100\n|move|p1a: Gothitelle|Thunder Wave|p2a: Altaria\n|-status|p2a: Altaria|par\n|\n|-heal|p1a: Gothitelle|15\/100|[from] item: Leftovers\n|upkeep\n|turn|14\n|\n|t:|1700858775\n|move|p2a: Altaria|Return|p1a: Gothitelle\n|-damage|p1a: Gothitelle|0 fnt\n|faint|p1a: Gothitelle\n|\n|upkeep\n|\n|t:|1700858781\n|switch|p1a: Vaporeon|Vaporeon, F|43\/100\n|turn|15\n|\n|t:|1700858789\n|cant|p2a: Altaria|par\n|move|p1a: Vaporeon|Wish|p1a: Vaporeon\n|\n|-heal|p1a: Vaporeon|49\/100|[from] item: Leftovers\n|upkeep\n|turn|16\n|\n|t:|1700858796\n|move|p2a: Altaria|Return|p1a: Vaporeon\n|-damage|p1a: Vaporeon|0 fnt\n|faint|p1a: Vaporeon\n|\n|upkeep\n|\n|t:|1700858802\n|switch|p1a: Gardevoir|Gardevoir, F|100\/100\n|turn|17\n|\n|t:|1700858809\n|switch|p2a: Sylveon|Sylveon, F|100\/100\n|-activate|p2a: Sylveon|move: Sticky Web\n|-unboost|p2a: Sylveon|spe|1\n|move|p1a: Gardevoir|Calm Mind|p1a: Gardevoir\n|-boost|p1a: Gardevoir|spa|1\n|-boost|p1a: Gardevoir|spd|1\n|\n|upkeep\n|turn|18\n|\n|t:|1700858823\n|move|p1a: Gardevoir|Calm Mind|p1a: Gardevoir\n|-boost|p1a: Gardevoir|spa|1\n|-boost|p1a: Gardevoir|spd|1\n|move|p2a: Sylveon|Yawn|p1a: Gardevoir\n|-start|p1a: Gardevoir|move: Yawn|[of] p2a: Sylveon\n|\n|upkeep\n|turn|19\n|\n|t:|1700858833\n|switch|p1a: Lopunny|Lopunny-Mega, F|100\/100\n|move|p2a: Sylveon|Hyper Voice|p1a: Lopunny\n|-supereffective|p1a: Lopunny\n|-damage|p1a: Lopunny|0 fnt\n|faint|p1a: Lopunny\n|\n|upkeep\n|\n|t:|1700858840\n|switch|p1a: Tsareena|Tsareena, F|100\/100 slp\n|turn|20\n|\n|t:|1700858853\n|-curestatus|p1a: Tsareena|slp|[msg]\n|move|p1a: Tsareena|Knock Off|p2a: Sylveon\n|-resisted|p2a: Sylveon\n|-damage|p2a: Sylveon|74\/100\n|-enditem|p2a: Sylveon|Leftovers|[from] move: Knock Off|[of] p1a: Tsareena\n|move|p2a: Sylveon|Hyper Voice|p1a: Tsareena\n|-damage|p1a: Tsareena|46\/100\n|\n|upkeep\n|turn|21\n|\n|t:|1700858864\n|move|p1a: Tsareena|Power Whip|p2a: Sylveon\n|-damage|p2a: Sylveon|0 fnt\n|faint|p2a: Sylveon\n|\n|upkeep\n|\n|t:|1700858875\n|switch|p2a: Delcatty|Delcatty, F|100\/100\n|-activate|p2a: Delcatty|move: Sticky Web\n|-unboost|p2a: Delcatty|spe|1\n|turn|22\n|\n|t:|1700858883\n|move|p2a: Delcatty|Sucker Punch||[still]\n|cant|p1a: Tsareena|ability: Queenly Majesty|Sucker Punch|[of] p2a: Delcatty\n|move|p1a: Tsareena|Knock Off|p2a: Delcatty\n|-damage|p2a: Delcatty|48\/100\n|-enditem|p2a: Delcatty|Silk Scarf|[from] move: Knock Off|[of] p1a: Tsareena\n|\n|upkeep\n|turn|23\n|\n|t:|1700858890\n|move|p2a: Delcatty|Protect|p2a: Delcatty\n|-singleturn|p2a: Delcatty|Protect\n|move|p1a: Tsareena|Power Whip|p2a: Delcatty\n|-activate|p2a: Delcatty|move: Protect\n|\n|upkeep\n|turn|24\n|\n|t:|1700858898\n|move|p1a: Tsareena|Power Whip|p2a: Delcatty\n|-damage|p2a: Delcatty|0 fnt\n|faint|p2a: Delcatty\n|\n|upkeep\n|\n|t:|1700858905\n|switch|p2a: Altaria|Altaria-Mega, M|100\/100 par\n|-activate|p2a: Altaria|move: Sticky Web\n|-unboost|p2a: Altaria|spe|1\n|turn|25\n|\n|t:|1700858911\n|move|p1a: Tsareena|Taunt|p2a: Altaria\n|-start|p2a: Altaria|move: Taunt\n|move|p2a: Altaria|Return|p1a: Tsareena\n|-damage|p1a: Tsareena|0 fnt\n|faint|p1a: Tsareena\n|\n|upkeep\n|\n|t:|1700858919\n|switch|p1a: Gardevoir|Gardevoir, F|100\/100\n|turn|26\n|c|\u2606quagteleon|gg\n|\n|t:|1700858927\n|move|p1a: Gardevoir|Calm Mind|p1a: Gardevoir\n|-boost|p1a: Gardevoir|spa|1\n|-boost|p1a: Gardevoir|spd|1\n|move|p2a: Altaria|Return|p1a: Gardevoir\n|-damage|p1a: Gardevoir|10\/100\n|-enditem|p1a: Gardevoir|Salac Berry|[eat]\n|-boost|p1a: Gardevoir|spe|1|[from] item: Salac Berry\n|\n|upkeep\n|turn|27\n|c|\u2606Reivya|gg\n|\n|t:|1700858938\n|-terastallize|p1a: Gardevoir|Electric\n|move|p1a: Gardevoir|Draining Kiss|p2a: Altaria\n|-supereffective|p2a: Altaria\n|-damage|p2a: Altaria|21\/100 par\n|-heal|p1a: Gardevoir|72\/100|[from] drain|[of] p2a: Altaria\n|cant|p2a: Altaria|par\n|\n|-end|p2a: Altaria|move: Taunt\n|upkeep\n|turn|28\n|\n|t:|1700858948\n|move|p1a: Gardevoir|Draining Kiss|p2a: Altaria\n|-supereffective|p2a: Altaria\n|-damage|p2a: Altaria|0 fnt\n|-heal|p1a: Gardevoir|89\/100|[from] drain|[of] p2a: Altaria\n|faint|p2a: Altaria\n|\n|upkeep\n|\n|t:|1700858954\n|switch|p2a: Golem|Golem-Alola, F|100\/100\n|-activate|p2a: Golem|move: Sticky Web\n|-unboost|p2a: Golem|spe|1\n|turn|29\n|\n|t:|1700858960\n|-terastallize|p2a: Golem|Electric\n|move|p1a: Gardevoir|Endure|p1a: Gardevoir\n|-singleturn|p1a: Gardevoir|move: Endure\n|move|p2a: Golem|Explosion|p1a: Gardevoir\n|-resisted|p1a: Gardevoir\n|-activate|p1a: Gardevoir|move: Endure\n|-damage|p1a: Gardevoir|1\/100\n|faint|p2a: Golem\n|\n|upkeep\n|\n|t:|1700858969\n|switch|p2a: Primarina|Primarina, M|100\/100\n|-activate|p2a: Primarina|move: Sticky Web\n|-unboost|p2a: Primarina|spe|1\n|turn|30\n|\n|t:|1700858979\n|move|p1a: Gardevoir|Thunderbolt|p2a: Primarina\n|-supereffective|p2a: Primarina\n|-damage|p2a: Primarina|0 fnt\n|faint|p2a: Primarina\n|\n|upkeep\n|\n|t:|1700858986\n|switch|p2a: Aurorus|Aurorus, F|100\/100\n|-activate|p2a: Aurorus|move: Sticky Web\n|-unboost|p2a: Aurorus|spe|1\n|turn|31\n|\n|t:|1700858991\n|move|p1a: Gardevoir|Draining Kiss|p2a: Aurorus\n|-damage|p2a: Aurorus|69\/100\n|-heal|p1a: Gardevoir|39\/100|[from] drain|[of] p2a: Aurorus\n|move|p2a: Aurorus|Earth Power|p1a: Gardevoir\n|-supereffective|p1a: Gardevoir\n|-crit|p1a: Gardevoir\n|-damage|p1a: Gardevoir|0 fnt\n|faint|p1a: Gardevoir\n|\n|win|quagteleon\n|raw|Reivya's rating: 1116 &rarr; <strong>1086<\/strong><br \/>(-30 for losing)\n|raw|quagteleon's rating: 1049 &rarr; <strong>1088<\/strong><br \/>(+39 for winning)\n","uploadtime":1700859002,"views":2,"p1id":"reivya","p2id":"quagteleon","formatid":"gen9nationaldex","rating":1086,"private":0,"password":""}