{"id":"gen9nationaldex-1994316462","p1":"Leviatan4","p2":"Fabrizio8","format":"[Gen 9] National Dex","log":"|j|\u2606Leviatan4\n|j|\u2606Fabrizio8\n|t:|1700430348\n|gametype|singles\n|player|p1|Leviatan4|scientist-gen4dp|\n|player|p2|Fabrizio8|blue|\n|teamsize|p1|6\n|teamsize|p2|6\n|gen|9\n|tier|[Gen 9] National Dex\n|rule|HP Percentage Mod: HP is shown in percentages\n|rule|Endless Battle Clause: Forcing endless battles is banned\n|rule|OHKO Clause: OHKO moves are banned\n|rule|Evasion Clause: Evasion abilities, items, and moves are banned\n|rule|Evasion Abilities Clause: Evasion abilities are banned\n|rule|Evasion Items Clause: Evasion items are banned\n|rule|Evasion Moves Clause: Evasion moves are banned\n|rule|Species Clause: Limit one of each Pok\u00e9mon\n|rule|Sleep Clause Mod: Limit one foe put to sleep\n|clearpoke\n|poke|p1|Scizor, F|\n|poke|p1|Lokix, M|\n|poke|p1|Volcarona, M|\n|poke|p1|Forretress, F|\n|poke|p1|Heracross, F|\n|poke|p1|Yanmega, F|\n|poke|p2|Glimmora, F|\n|poke|p2|Okidogi, M|\n|poke|p2|Hydreigon, F|\n|poke|p2|Toxtricity, M|\n|poke|p2|Beedrill, F|\n|poke|p2|Slowbro-Galar, M|\n|teampreview\n|c|\u2606Fabrizio8|que sea rapido\n|c|\u2606Leviatan4|Ok\n|\n|t:|1700430371\n|start\n|switch|p1a: Flash|Lokix, M|100\/100\n|switch|p2a: cummora|Glimmora, F, shiny|100\/100\n|turn|1\n|\n|t:|1700430378\n|move|p1a: Flash|First Impression|p2a: cummora\n|-resisted|p2a: cummora\n|-damage|p2a: cummora|55\/100\n|-damage|p1a: Flash|84\/100|[from] item: Rocky Helmet|[of] p2a: cummora\n|-damage|p1a: Flash|74\/100|[from] item: Life Orb\n|move|p2a: cummora|Toxic Spikes|p1a: Flash\n|-sidestart|p1: Leviatan4|move: Toxic Spikes\n|\n|upkeep\n|turn|2\n|\n|t:|1700430395\n|move|p1a: Flash|Knock Off|p2a: cummora\n|-damage|p2a: cummora|5\/100\n|-damage|p1a: Flash|57\/100|[from] item: Rocky Helmet|[of] p2a: cummora\n|-enditem|p2a: cummora|Rocky Helmet|[from] move: Knock Off|[of] p1a: Flash\n|-damage|p1a: Flash|47\/100|[from] item: Life Orb\n|move|p2a: cummora|Toxic Spikes|p1a: Flash\n|-sidestart|p1: Leviatan4|move: Toxic Spikes\n|\n|upkeep\n|turn|3\n|\n|t:|1700430413\n|switch|p2a: todo bien|Okidogi, M|100\/100\n|move|p1a: Flash|U-turn|p2a: todo bien\n|-resisted|p2a: todo bien\n|-damage|p2a: todo bien|86\/100\n|-damage|p1a: Flash|38\/100|[from] item: Life Orb\n|\n|t:|1700430422\n|switch|p1a: Cannonball|Forretress, F|100\/100|[from] U-turn\n|\n|upkeep\n|turn|4\n|\n|t:|1700430429\n|move|p2a: todo bien|Knock Off|p1a: Cannonball\n|-damage|p1a: Cannonball|78\/100\n|-enditem|p1a: Cannonball|Custap Berry|[from] move: Knock Off|[of] p2a: todo bien\n|move|p1a: Cannonball|Spikes|p2a: todo bien\n|-sidestart|p2: Fabrizio8|Spikes\n|\n|upkeep\n|turn|5\n|\n|t:|1700430436\n|move|p2a: todo bien|Drain Punch|p1a: Cannonball\n|-damage|p1a: Cannonball|52\/100\n|-heal|p2a: todo bien|99\/100|[from] drain|[of] p1a: Cannonball\n|move|p1a: Cannonball|Spikes|p2a: todo bien\n|-sidestart|p2: Fabrizio8|Spikes\n|\n|upkeep\n|turn|6\n|\n|t:|1700430446\n|move|p2a: todo bien|Close Combat|p1a: Cannonball\n|-damage|p1a: Cannonball|13\/100\n|-unboost|p2a: todo bien|def|1\n|-unboost|p2a: todo bien|spd|1\n|move|p1a: Cannonball|Spikes|p2a: todo bien\n|-sidestart|p2: Fabrizio8|Spikes\n|\n|upkeep\n|turn|7\n|\n|t:|1700430454\n|move|p2a: todo bien|Drain Punch|p1a: Cannonball\n|-damage|p1a: Cannonball|0 fnt\n|-heal|p2a: todo bien|100\/100|[from] drain|[of] p1a: Cannonball\n|faint|p1a: Cannonball\n|\n|upkeep\n|\n|t:|1700430469\n|switch|p1a: Flash|Lokix, M|38\/100\n|-status|p1a: Flash|tox\n|turn|8\n|\n|t:|1700430482\n|move|p1a: Flash|First Impression|p2a: todo bien\n|-resisted|p2a: todo bien\n|-damage|p2a: todo bien|76\/100\n|-damage|p1a: Flash|28\/100 tox|[from] item: Life Orb\n|move|p2a: todo bien|Drain Punch|p1a: Flash\n|-damage|p1a: Flash|0 fnt\n|-heal|p2a: todo bien|88\/100|[from] drain|[of] p1a: Flash\n|faint|p1a: Flash\n|\n|upkeep\n|j| Sylveon(404)\n|\n|t:|1700430504\n|switch|p1a: Yanmega|Yanmega, F|100\/100\n|turn|9\n|c| Sylveon(404)|pasen link mamones\n|\n|t:|1700430518\n|switch|p2a: toxico|Toxtricity, M|100\/100\n|-damage|p2a: toxico|76\/100|[from] Spikes\n|move|p1a: Yanmega|Psychic|p2a: toxico\n|-supereffective|p2a: toxico\n|-damage|p2a: toxico|0 fnt\n|faint|p2a: toxico\n|\n|-ability|p1a: Yanmega|Speed Boost|boost\n|-boost|p1a: Yanmega|spe|1\n|upkeep\n|c|\u2606Fabrizio8|lol\n|\n|t:|1700430532\n|switch|p2a: todo bien|Okidogi, M|88\/100\n|-damage|p2a: todo bien|63\/100|[from] Spikes\n|turn|10\n|\n|t:|1700430540\n|-terastallize|p2a: todo bien|Dark\n|move|p1a: Yanmega|Psychic|p2a: todo bien\n|-immune|p2a: todo bien\n|move|p2a: todo bien|Gunk Shot|p1a: Yanmega\n|-damage|p1a: Yanmega|21\/100\n|-status|p1a: Yanmega|psn\n|\n|-heal|p1a: Yanmega|27\/100 psn|[from] item: Leftovers\n|-damage|p1a: Yanmega|14\/100 psn|[from] psn\n|-ability|p1a: Yanmega|Speed Boost|boost\n|-boost|p1a: Yanmega|spe|1\n|upkeep\n|turn|11\n|\n|t:|1700430559\n|move|p1a: Yanmega|Roost|p1a: Yanmega\n|-heal|p1a: Yanmega|64\/100 psn\n|-singleturn|p1a: Yanmega|move: Roost\n|move|p2a: todo bien|Drain Punch|p1a: Yanmega\n|-resisted|p1a: Yanmega\n|-damage|p1a: Yanmega|40\/100 psn\n|-heal|p2a: todo bien|76\/100|[from] drain|[of] p1a: Yanmega\n|\n|-heal|p1a: Yanmega|46\/100 psn|[from] item: Leftovers\n|-damage|p1a: Yanmega|33\/100 psn|[from] psn\n|-ability|p1a: Yanmega|Speed Boost|boost\n|-boost|p1a: Yanmega|spe|1\n|upkeep\n|turn|12\n|\n|t:|1700430572\n|move|p1a: Yanmega|Ancient Power|p2a: todo bien\n|-damage|p2a: todo bien|58\/100\n|move|p2a: todo bien|Drain Punch|p1a: Yanmega\n|-resisted|p1a: Yanmega\n|-damage|p1a: Yanmega|21\/100 psn\n|-heal|p2a: todo bien|64\/100|[from] drain|[of] p1a: Yanmega\n|\n|-heal|p1a: Yanmega|27\/100 psn|[from] item: Leftovers\n|-damage|p1a: Yanmega|15\/100 psn|[from] psn\n|-ability|p1a: Yanmega|Speed Boost|boost\n|-boost|p1a: Yanmega|spe|1\n|upkeep\n|turn|13\n|\n|t:|1700430585\n|move|p1a: Yanmega|Ancient Power|p2a: todo bien\n|-damage|p2a: todo bien|48\/100\n|move|p2a: todo bien|Drain Punch|p1a: Yanmega\n|-resisted|p1a: Yanmega\n|-damage|p1a: Yanmega|3\/100 psn\n|-heal|p2a: todo bien|53\/100|[from] drain|[of] p1a: Yanmega\n|\n|-heal|p1a: Yanmega|9\/100 psn|[from] item: Leftovers\n|-damage|p1a: Yanmega|0 fnt|[from] psn\n|faint|p1a: Yanmega\n|upkeep\n|\n|t:|1700430602\n|switch|p1a: Strength|Heracross, F|100\/100\n|-status|p1a: Strength|tox\n|turn|14\n|\n|t:|1700430610\n|move|p1a: Strength|Megahorn|p2a: todo bien\n|-supereffective|p2a: todo bien\n|-damage|p2a: todo bien|0 fnt\n|faint|p2a: todo bien\n|-ability|p1a: Strength|Moxie|boost\n|-boost|p1a: Strength|atk|1\n|\n|-damage|p1a: Strength|95\/100 tox|[from] psn\n|upkeep\n|\n|t:|1700430623\n|switch|p2a: Slowbro|Slowbro-Galar, M|100\/100\n|-damage|p2a: Slowbro|76\/100|[from] Spikes\n|turn|15\n|\n|t:|1700430628\n|move|p1a: Strength|Megahorn|p2a: Slowbro\n|-damage|p2a: Slowbro|0 fnt\n|faint|p2a: Slowbro\n|-ability|p1a: Strength|Moxie|boost\n|-boost|p1a: Strength|atk|1\n|\n|-damage|p1a: Strength|83\/100 tox|[from] psn\n|upkeep\n|c|\u2606Fabrizio8|lol\n|\n|t:|1700430636\n|switch|p2a: Beedrill|Beedrill, F|100\/100\n|-damage|p2a: Beedrill|75\/100|[from] Spikes\n|turn|16\n|\n|t:|1700430641\n|detailschange|p2a: Beedrill|Beedrill-Mega, F\n|-mega|p2a: Beedrill|Beedrill|Beedrillite\n|move|p1a: Strength|Megahorn|p2a: Beedrill\n|-resisted|p2a: Beedrill\n|-damage|p2a: Beedrill|0 fnt\n|faint|p2a: Beedrill\n|-ability|p1a: Strength|Moxie|boost\n|-boost|p1a: Strength|atk|1\n|\n|-damage|p1a: Strength|65\/100 tox|[from] psn\n|upkeep\n|\n|t:|1700430652\n|switch|p2a: tsohg olra|Hydreigon, F|100\/100\n|turn|17\n|\n|t:|1700430657\n|move|p1a: Strength|Megahorn|p2a: tsohg olra\n|-supereffective|p2a: tsohg olra\n|-damage|p2a: tsohg olra|0 fnt\n|faint|p2a: tsohg olra\n|-ability|p1a: Strength|Moxie|boost\n|-boost|p1a: Strength|atk|1\n|\n|-damage|p1a: Strength|41\/100 tox|[from] psn\n|upkeep\n|c|\u2606Fabrizio8|lol\n|c| Sylveon(404)|gg\n|\n|t:|1700430666\n|switch|p2a: cummora|Glimmora, F, shiny|5\/100\n|-damage|p2a: cummora|0 fnt|[from] Spikes\n|faint|p2a: cummora\n|\n|win|Leviatan4\n|l| Sylveon(404)\n|c|\u2606Leviatan4|gg\n","uploadtime":1700430677,"views":17,"p1id":"leviatan4","p2id":"fabrizio8","formatid":"gen9nationaldex","rating":0,"private":0,"password":""}