{"id":"gen9nationaldex-1990211269","p1":"IceBerryCoffee","p2":"clairisyourmother","format":"[Gen 9] National Dex","log":"|j|\u2606IceBerryCoffee\n|j|\u2606clairisyourmother\n|t:|1699938023\n|gametype|singles\n|player|p1|IceBerryCoffee|266|1342\n|player|p2|clairisyourmother|clair|1289\n|teamsize|p1|6\n|teamsize|p2|6\n|gen|9\n|tier|[Gen 9] National Dex\n|rated|\n|rule|HP Percentage Mod: HP is shown in percentages\n|rule|Endless Battle Clause: Forcing endless battles is banned\n|rule|OHKO Clause: OHKO moves are banned\n|rule|Evasion Clause: Evasion abilities, items, and moves are banned\n|rule|Evasion Abilities Clause: Evasion abilities are banned\n|rule|Evasion Items Clause: Evasion items are banned\n|rule|Evasion Moves Clause: Evasion moves are banned\n|rule|Species Clause: Limit one of each Pok\u00e9mon\n|rule|Sleep Clause Mod: Limit one foe put to sleep\n|clearpoke\n|poke|p1|Skeledirge, F|\n|poke|p1|Inteleon, M|\n|poke|p1|Torterra, F|\n|poke|p1|Quaquaval, M|\n|poke|p1|Corviknight, F|\n|poke|p1|Manectric, M|\n|poke|p2|Azumarill, F|\n|poke|p2|Kommo-o, M|\n|poke|p2|Zapdos|\n|poke|p2|Ninetales-Alola, F|\n|poke|p2|Scizor, M|\n|poke|p2|Ting-Lu|\n|teampreview\n|inactive|Battle timer is ON: inactive players will automatically lose when time's up. (requested by clairisyourmother)\n|\n|t:|1699938044\n|start\n|switch|p1a: Torterra|Torterra, F|100\/100\n|switch|p2a: Zoomer Ill|Azumarill, F|100\/100\n|turn|1\n|\n|t:|1699938052\n|switch|p1a: Corviknight|Corviknight, F|100\/100\n|-ability|p1a: Corviknight|Pressure\n|move|p2a: Zoomer Ill|Ice Spinner|p1a: Corviknight\n|-damage|p1a: Corviknight|67\/100\n|-damage|p2a: Zoomer Ill|84\/100|[from] item: Rocky Helmet|[of] p1a: Corviknight\n|\n|upkeep\n|turn|2\n|\n|t:|1699938068\n|switch|p2a: Bird or bee?|Zapdos|100\/100\n|-ability|p2a: Bird or bee?|Pressure\n|move|p1a: Corviknight|U-turn|p2a: Bird or bee?\n|-resisted|p2a: Bird or bee?\n|-damage|p2a: Bird or bee?|96\/100\n|\n|t:|1699938079\n|switch|p1a: Torterra|Torterra, F|100\/100|[from] U-turn\n|\n|-heal|p2a: Bird or bee?|100\/100|[from] item: Leftovers\n|upkeep\n|turn|3\n|\n|t:|1699938086\n|switch|p2a: Beautiful<3|Ninetales-Alola, F, shiny|100\/100\n|-weather|Snow|[from] ability: Snow Warning|[of] p2a: Beautiful<3\n|move|p1a: Torterra|Shell Smash|p1a: Torterra\n|-unboost|p1a: Torterra|def|1\n|-unboost|p1a: Torterra|spd|1\n|-boost|p1a: Torterra|atk|2\n|-boost|p1a: Torterra|spa|2\n|-boost|p1a: Torterra|spe|2\n|-enditem|p1a: Torterra|White Herb\n|-clearnegativeboost|p1a: Torterra|[silent]\n|\n|-weather|Snow|[upkeep]\n|upkeep\n|turn|4\n|\n|t:|1699938099\n|move|p2a: Beautiful<3|Freeze-Dry|p1a: Torterra\n|-supereffective|p1a: Torterra\n|-damage|p1a: Torterra|0 fnt\n|faint|p1a: Torterra\n|\n|-weather|Snow|[upkeep]\n|upkeep\n|\n|t:|1699938110\n|switch|p1a: Quaquaval|Quaquaval, M|100\/100\n|turn|5\n|\n|t:|1699938118\n|switch|p2a: Bird or bee?|Zapdos|100\/100\n|-ability|p2a: Bird or bee?|Pressure\n|-terastallize|p1a: Quaquaval|Steel\n|move|p1a: Quaquaval|Swords Dance|p1a: Quaquaval\n|-boost|p1a: Quaquaval|atk|2\n|\n|-weather|Snow|[upkeep]\n|upkeep\n|turn|6\n|\n|t:|1699938128\n|move|p1a: Quaquaval|Aqua Step|p2a: Bird or bee?\n|-damage|p2a: Bird or bee?|47\/100\n|-boost|p1a: Quaquaval|spe|1\n|move|p2a: Bird or bee?|Volt Switch|p1a: Quaquaval\n|-crit|p1a: Quaquaval\n|-damage|p1a: Quaquaval|43\/100\n|\n|t:|1699938136\n|switch|p2a: The Conkster|Kommo-o, M, shiny|100\/100|[from] Volt Switch\n|\n|-weather|Snow|[upkeep]\n|-heal|p1a: Quaquaval|49\/100|[from] item: Leftovers\n|upkeep\n|turn|7\n|\n|t:|1699938144\n|move|p1a: Quaquaval|Close Combat|p2a: The Conkster\n|-damage|p2a: The Conkster|0 fnt\n|-unboost|p1a: Quaquaval|def|1\n|-unboost|p1a: Quaquaval|spd|1\n|faint|p2a: The Conkster\n|-ability|p1a: Quaquaval|Moxie|boost\n|-boost|p1a: Quaquaval|atk|1\n|\n|-weather|none\n|-heal|p1a: Quaquaval|55\/100|[from] item: Leftovers\n|upkeep\n|\n|t:|1699938148\n|switch|p2a: Zoomer Ill|Azumarill, F|84\/100\n|turn|8\n|\n|t:|1699938163\n|switch|p1a: Corviknight|Corviknight, F|67\/100\n|-ability|p1a: Corviknight|Pressure\n|-terastallize|p2a: Zoomer Ill|Water\n|move|p2a: Zoomer Ill|Aqua Jet|p1a: Corviknight\n|-crit|p1a: Corviknight\n|-damage|p1a: Corviknight|17\/100\n|-damage|p2a: Zoomer Ill|67\/100|[from] item: Rocky Helmet|[of] p1a: Corviknight\n|\n|upkeep\n|turn|9\n|\n|t:|1699938173\n|move|p2a: Zoomer Ill|Aqua Jet|p1a: Corviknight\n|-damage|p1a: Corviknight|0 fnt\n|-damage|p2a: Zoomer Ill|51\/100|[from] item: Rocky Helmet|[of] p1a: Corviknight\n|faint|p1a: Corviknight\n|\n|upkeep\n|\n|t:|1699938179\n|switch|p1a: Manectric|Manectric, M|100\/100\n|turn|10\n|\n|t:|1699938186\n|switch|p2a: Ting-Lu|Ting-Lu|100\/100\n|-ability|p2a: Ting-Lu|Vessel of Ruin\n|detailschange|p1a: Manectric|Manectric-Mega, M\n|-mega|p1a: Manectric|Manectric|Manectite\n|-ability|p1a: Manectric|Intimidate|boost\n|-unboost|p2a: Ting-Lu|atk|1\n|move|p1a: Manectric|Volt Switch|p2a: Ting-Lu\n|-immune|p2a: Ting-Lu\n|\n|upkeep\n|turn|11\n|\n|t:|1699938198\n|switch|p1a: Quaquaval|Quaquaval, M, tera:Steel|55\/100\n|move|p2a: Ting-Lu|Stealth Rock|p1a: Quaquaval\n|-sidestart|p1: IceBerryCoffee|move: Stealth Rock\n|\n|-heal|p1a: Quaquaval|62\/100|[from] item: Leftovers\n|upkeep\n|turn|12\n|\n|t:|1699938206\n|move|p1a: Quaquaval|Aqua Step|p2a: Ting-Lu\n|-supereffective|p2a: Ting-Lu\n|-damage|p2a: Ting-Lu|66\/100\n|-boost|p1a: Quaquaval|spe|1\n|-enditem|p2a: Ting-Lu|Luminous Moss\n|-boost|p2a: Ting-Lu|spd|1|[from] item: Luminous Moss\n|move|p2a: Ting-Lu|Whirlwind|p1a: Quaquaval\n|drag|p1a: Inteleon|Inteleon, M|100\/100\n|-damage|p1a: Inteleon|88\/100|[from] Stealth Rock\n|\n|upkeep\n|turn|13\n|\n|t:|1699938220\n|move|p1a: Inteleon|Snipe Shot|p2a: Ting-Lu\n|-supereffective|p2a: Ting-Lu\n|-damage|p2a: Ting-Lu|20\/100\n|move|p2a: Ting-Lu|Ruination|p1a: Inteleon\n|-damage|p1a: Inteleon|44\/100\n|\n|upkeep\n|turn|14\n|\n|t:|1699938228\n|move|p1a: Inteleon|Snipe Shot|p2a: Ting-Lu\n|-supereffective|p2a: Ting-Lu\n|-damage|p2a: Ting-Lu|0 fnt\n|faint|p2a: Ting-Lu\n|\n|upkeep\n|\n|t:|1699938231\n|switch|p2a: Bird or bee?|Zapdos|47\/100\n|-ability|p2a: Bird or bee?|Pressure\n|turn|15\n|\n|t:|1699938235\n|move|p1a: Inteleon|Snipe Shot|p2a: Bird or bee?\n|-damage|p2a: Bird or bee?|0 fnt\n|faint|p2a: Bird or bee?\n|\n|upkeep\n|\n|t:|1699938239\n|switch|p2a: Beautiful<3|Ninetales-Alola, F, shiny|100\/100\n|-weather|Snow|[from] ability: Snow Warning|[of] p2a: Beautiful<3\n|turn|16\n|\n|t:|1699938244\n|switch|p1a: Skeledirge|Skeledirge, F|100\/100\n|move|p2a: Beautiful<3|Freeze-Dry|p1a: Skeledirge\n|-resisted|p1a: Skeledirge\n|-damage|p1a: Skeledirge|87\/100\n|\n|-weather|Snow|[upkeep]\n|upkeep\n|turn|17\n|\n|t:|1699938251\n|switch|p2a: Zoomer Ill|Azumarill, F, tera:Water|51\/100\n|move|p1a: Skeledirge|Will-O-Wisp|p2a: Zoomer Ill|[miss]\n|-miss|p1a: Skeledirge|p2a: Zoomer Ill\n|\n|-weather|Snow|[upkeep]\n|upkeep\n|turn|18\n|\n|t:|1699938266\n|switch|p1a: Inteleon|Inteleon, M|44\/100\n|-damage|p1a: Inteleon|32\/100|[from] Stealth Rock\n|move|p2a: Zoomer Ill|Liquidation|p1a: Inteleon\n|-resisted|p1a: Inteleon\n|-damage|p1a: Inteleon|0 fnt\n|faint|p1a: Inteleon\n|\n|-weather|Snow|[upkeep]\n|upkeep\n|\n|t:|1699938274\n|switch|p1a: Manectric|Manectric-Mega, M|100\/100\n|-damage|p1a: Manectric|88\/100|[from] Stealth Rock\n|-ability|p1a: Manectric|Intimidate|boost\n|-unboost|p2a: Zoomer Ill|atk|1\n|turn|19\n|\n|t:|1699938280\n|switch|p2a: buge :)|Scizor, M|100\/100\n|move|p1a: Manectric|Thunderbolt|p2a: buge :)\n|-damage|p2a: buge :)|46\/100\n|-status|p2a: buge :)|par\n|\n|-weather|Snow|[upkeep]\n|upkeep\n|turn|20\n|\n|t:|1699938291\n|detailschange|p2a: buge :)|Scizor-Mega, M\n|-mega|p2a: buge :)|Scizor|Scizorite\n|move|p2a: buge :)|Bullet Punch|p1a: Manectric\n|-resisted|p1a: Manectric\n|-damage|p1a: Manectric|62\/100\n|move|p1a: Manectric|Thunderbolt|p2a: buge :)\n|-damage|p2a: buge :)|0 fnt\n|faint|p2a: buge :)\n|\n|-weather|none\n|upkeep\n|\n|t:|1699938295\n|switch|p2a: Beautiful<3|Ninetales-Alola, F, shiny|100\/100\n|-weather|Snow|[from] ability: Snow Warning|[of] p2a: Beautiful<3\n|turn|21\n|\n|t:|1699938302\n|switch|p1a: Skeledirge|Skeledirge, F|87\/100\n|move|p2a: Beautiful<3|Toxic|p1a: Skeledirge\n|-status|p1a: Skeledirge|tox\n|\n|-weather|Snow|[upkeep]\n|-damage|p1a: Skeledirge|81\/100 tox|[from] psn\n|upkeep\n|turn|22\n|\n|t:|1699938309\n|switch|p2a: Zoomer Ill|Azumarill, F, tera:Water|51\/100\n|move|p1a: Skeledirge|Will-O-Wisp|p2a: Zoomer Ill\n|-status|p2a: Zoomer Ill|brn\n|\n|-weather|Snow|[upkeep]\n|-damage|p1a: Skeledirge|69\/100 tox|[from] psn\n|-damage|p2a: Zoomer Ill|45\/100 brn|[from] brn\n|upkeep\n|turn|23\n|\n|t:|1699938318\n|move|p1a: Skeledirge|Hex|p2a: Zoomer Ill\n|-damage|p2a: Zoomer Ill|0 fnt\n|faint|p2a: Zoomer Ill\n|\n|-weather|Snow|[upkeep]\n|-damage|p1a: Skeledirge|51\/100 tox|[from] psn\n|upkeep\n|\n|t:|1699938321\n|switch|p2a: Beautiful<3|Ninetales-Alola, F, shiny|100\/100\n|turn|24\n|\n|t:|1699938328\n|move|p2a: Beautiful<3|Freeze-Dry|p1a: Skeledirge\n|-resisted|p1a: Skeledirge\n|-damage|p1a: Skeledirge|38\/100 tox\n|move|p1a: Skeledirge|Torch Song|p2a: Beautiful<3\n|-supereffective|p2a: Beautiful<3\n|-damage|p2a: Beautiful<3|36\/100\n|-boost|p1a: Skeledirge|spa|1\n|\n|-weather|Snow|[upkeep]\n|-damage|p1a: Skeledirge|13\/100 tox|[from] psn\n|upkeep\n|turn|25\n|\n|t:|1699938337\n|move|p2a: Beautiful<3|Freeze-Dry|p1a: Skeledirge\n|-resisted|p1a: Skeledirge\n|-damage|p1a: Skeledirge|0 fnt\n|faint|p1a: Skeledirge\n|\n|-weather|none\n|upkeep\n|\n|t:|1699938345\n|switch|p1a: Quaquaval|Quaquaval, M, tera:Steel|62\/100\n|-damage|p1a: Quaquaval|55\/100|[from] Stealth Rock\n|turn|26\n|\n|t:|1699938350\n|move|p2a: Beautiful<3|Freeze-Dry|p1a: Quaquaval\n|-resisted|p1a: Quaquaval\n|-damage|p1a: Quaquaval|38\/100\n|move|p1a: Quaquaval|Aqua Step|p2a: Beautiful<3\n|-damage|p2a: Beautiful<3|0 fnt\n|-boost|p1a: Quaquaval|spe|1\n|faint|p2a: Beautiful<3\n|\n|win|IceBerryCoffee\n|raw|IceBerryCoffee's rating: 1342 &rarr; <strong>1359<\/strong><br \/>(+17 for winning)\n|raw|clairisyourmother's rating: 1289 &rarr; <strong>1268<\/strong><br \/>(-21 for losing)\n|l|\u2606clairisyourmother\n","uploadtime":1699938359,"views":4,"p1id":"iceberrycoffee","p2id":"clairisyourmother","formatid":"gen9nationaldex","rating":1268,"private":0,"password":""}