{"id":"gen9nationaldex-1992314357","p1":"AesirEcho","p2":"akyraaiko","format":"[Gen 9] National Dex","log":"|j|\u2606AesirEcho\n|j|\u2606akyraaiko\n|t:|1700173758\n|gametype|singles\n|player|p1|AesirEcho|ethan-masters|\n|player|p2|akyraaiko|266|\n|teamsize|p1|6\n|teamsize|p2|6\n|gen|9\n|tier|[Gen 9] National Dex\n|rule|HP Percentage Mod: HP is shown in percentages\n|rule|Endless Battle Clause: Forcing endless battles is banned\n|rule|OHKO Clause: OHKO moves are banned\n|rule|Evasion Clause: Evasion abilities, items, and moves are banned\n|rule|Evasion Abilities Clause: Evasion abilities are banned\n|rule|Evasion Items Clause: Evasion items are banned\n|rule|Evasion Moves Clause: Evasion moves are banned\n|rule|Species Clause: Limit one of each Pok\u00e9mon\n|rule|Sleep Clause Mod: Limit one foe put to sleep\n|clearpoke\n|poke|p1|Kyurem|\n|poke|p1|Lopunny, F|\n|poke|p1|Tapu Lele|\n|poke|p1|Moltres|\n|poke|p1|Ting-Lu|\n|poke|p1|Landorus-Therian, M|\n|poke|p2|Iron Moth|\n|poke|p2|Kleavor, M|\n|poke|p2|Zoroark-Hisui, M|\n|poke|p2|Garchomp, M|\n|poke|p2|Lycanroc-Dusk, M|\n|poke|p2|Urshifu-*, M|\n|teampreview\n|c|\u2606akyraaiko|pera\n|c|\u2606akyraaiko|vou terminar a otta aq\n|c|\u2606akyraaiko|se n fodeu\n|\n|t:|1700173994\n|start\n|switch|p1a: Alces|Ting-Lu|100\/100\n|switch|p2a: el lobo|Lycanroc-Dusk, M, shiny|100\/100\n|-ability|p1a: Alces|Vessel of Ruin\n|turn|1\n|\n|t:|1700174014\n|move|p2a: el lobo|Focus Blast|p1a: Alces|[miss]\n|-miss|p2a: el lobo|p1a: Alces\n|move|p1a: Alces|Stealth Rock|p2a: el lobo\n|-sidestart|p2: akyraaiko|move: Stealth Rock\n|\n|upkeep\n|turn|2\n|\n|t:|1700174023\n|move|p2a: el lobo|Nasty Plot|p2a: el lobo\n|-boost|p2a: el lobo|spa|2\n|move|p1a: Alces|Whirlwind|p2a: el lobo\n|drag|p2a: sol|Iron Moth|100\/100\n|-damage|p2a: sol|76\/100|[from] Stealth Rock\n|\n|-heal|p2a: sol|82\/100|[from] item: Leftovers\n|upkeep\n|turn|3\n|\n|t:|1700174037\n|move|p2a: sol|Toxic Spikes|p1a: Alces\n|-sidestart|p1: AesirEcho|move: Toxic Spikes\n|move|p1a: Alces|Whirlwind|p2a: sol\n|-end|p2a: sol|Quark Drive|[silent]\n|drag|p2a: el lobo|Lycanroc-Dusk, M, shiny|100\/100\n|-damage|p2a: el lobo|88\/100|[from] Stealth Rock\n|\n|upkeep\n|turn|4\n|c|\u2606akyraaiko|o pior q n era o zoroark\n|c|\u2606AesirEcho|era sim porra\n|c|\u2606AesirEcho|nasty plot e focus blast\n|\n|t:|1700174057\n|move|p2a: el lobo|Focus Blast|p1a: Alces\n|-supereffective|p1a: Alces\n|-damage|p1a: Alces|64\/100\n|move|p1a: Alces|Earthquake|p2a: el lobo\n|-damage|p2a: el lobo|9\/100\n|replace|p2a: who?|Zoroark-Hisui, M\n|-end|p2a: who?|Illusion\n|\n|-heal|p1a: Alces|71\/100|[from] item: Leftovers\n|upkeep\n|turn|5\n|c|\u2606AesirEcho|ala fdp\n|\n|t:|1700174071\n|move|p2a: who?|Focus Blast|p1a: Alces|[miss]\n|-miss|p2a: who?|p1a: Alces\n|move|p1a: Alces|Whirlwind|p2a: who?\n|drag|p2a: machada|Kleavor, M, shiny|100\/100\n|-damage|p2a: machada|76\/100|[from] Stealth Rock\n|\n|-heal|p1a: Alces|77\/100|[from] item: Leftovers\n|upkeep\n|turn|6\n|\n|t:|1700174096\n|move|p2a: machada|Stone Axe|p1a: Alces\n|-resisted|p1a: Alces\n|-crit|p1a: Alces\n|-damage|p1a: Alces|51\/100\n|-sidestart|p1: AesirEcho|move: Stealth Rock\n|move|p1a: Alces|Whirlwind|p2a: machada\n|drag|p2a: el lobo|Lycanroc-Dusk, M, shiny|9\/100\n|-damage|p2a: el lobo|0 fnt|[from] Stealth Rock\n|faint|p2a: el lobo\n|\n|-heal|p1a: Alces|58\/100|[from] item: Leftovers\n|upkeep\n|\n|t:|1700174100\n|switch|p2a: Garchomp|Garchomp, M|100\/100\n|-damage|p2a: Garchomp|94\/100|[from] Stealth Rock\n|turn|7\n|\n|t:|1700174108\n|switch|p1a: Vultur Volans|Moltres|100\/100\n|detailschange|p2a: Garchomp|Garchomp-Mega, M\n|-mega|p2a: Garchomp|Garchomp|Garchompite\n|move|p2a: Garchomp|Aqua Tail|p1a: Vultur Volans|[miss]\n|-miss|p2a: Garchomp|p1a: Vultur Volans\n|\n|upkeep\n|turn|8\n|c|\u2606akyraaiko|NF\n|\n|t:|1700174130\n|move|p2a: Garchomp|Swords Dance|p2a: Garchomp\n|-boost|p2a: Garchomp|atk|2\n|move|p1a: Vultur Volans|U-turn|p2a: Garchomp\n|-damage|p2a: Garchomp|81\/100\n|\n|t:|1700174133\n|switch|p1a: Terra Tigris|Landorus-Therian, M|100\/100|[from] U-turn\n|-damage|p1a: Terra Tigris|88\/100|[from] Stealth Rock\n|-ability|p1a: Terra Tigris|Intimidate|boost\n|-unboost|p2a: Garchomp|atk|1\n|\n|upkeep\n|turn|9\n|\n|t:|1700174141\n|-terastallize|p1a: Terra Tigris|Water\n|move|p2a: Garchomp|Aqua Tail|p1a: Terra Tigris\n|-resisted|p1a: Terra Tigris\n|-damage|p1a: Terra Tigris|65\/100\n|-damage|p2a: Garchomp|64\/100|[from] item: Rocky Helmet|[of] p1a: Terra Tigris\n|move|p1a: Terra Tigris|Defog|p2a: Garchomp\n|-unboost|p2a: Garchomp|evasion|1\n|-sideend|p2: akyraaiko|Stealth Rock|[from] move: Defog|[of] p1a: Terra Tigris\n|-sideend|p1: AesirEcho|Toxic Spikes|[from] move: Defog|[of] p1a: Terra Tigris\n|-sideend|p1: AesirEcho|Stealth Rock|[from] move: Defog|[of] p1a: Terra Tigris\n|\n|upkeep\n|turn|10\n|\n|t:|1700174148\n|move|p2a: Garchomp|Scale Shot|p1a: Terra Tigris\n|-damage|p1a: Terra Tigris|45\/100\n|-damage|p1a: Terra Tigris|27\/100\n|-damage|p1a: Terra Tigris|8\/100\n|-hitcount|p1a: Terra Tigris|3\n|-unboost|p2a: Garchomp|def|1\n|-boost|p2a: Garchomp|spe|1\n|move|p1a: Terra Tigris|Toxic|p2a: Garchomp\n|-status|p2a: Garchomp|tox\n|\n|-damage|p2a: Garchomp|58\/100 tox|[from] psn\n|upkeep\n|turn|11\n|\n|t:|1700174158\n|switch|p1a: Vultur Volans|Moltres|100\/100\n|move|p2a: Garchomp|Scale Shot|p1a: Vultur Volans\n|-damage|p1a: Vultur Volans|77\/100\n|-damage|p1a: Vultur Volans|54\/100\n|-hitcount|p1a: Vultur Volans|2\n|-unboost|p2a: Garchomp|def|1\n|-boost|p2a: Garchomp|spe|1\n|\n|-damage|p2a: Garchomp|46\/100 tox|[from] psn\n|upkeep\n|turn|12\n|\n|t:|1700174172\n|move|p2a: Garchomp|Aqua Tail|p1a: Vultur Volans\n|-supereffective|p1a: Vultur Volans\n|-damage|p1a: Vultur Volans|0 fnt\n|faint|p1a: Vultur Volans\n|\n|-damage|p2a: Garchomp|27\/100 tox|[from] psn\n|upkeep\n|\n|t:|1700174176\n|switch|p1a: Luna Cantor|Tapu Lele, shiny|100\/100\n|-fieldstart|move: Psychic Terrain|[from] ability: Psychic Surge|[of] p1a: Luna Cantor\n|turn|13\n|c|\u2606AesirEcho|acho q mamei\n|c|\u2606akyraaiko|sera q eu acerto?\n|\n|t:|1700174213\n|move|p2a: Garchomp|Aqua Tail|p1a: Luna Cantor\n|-damage|p1a: Luna Cantor|4\/100\n|move|p1a: Luna Cantor|Moonblast|p2a: Garchomp\n|-supereffective|p2a: Garchomp\n|-damage|p2a: Garchomp|0 fnt\n|faint|p2a: Garchomp\n|\n|upkeep\n|c|\u2606akyraaiko|porra\n|c|\u2606AesirEcho|simplesmente\n|c|\u2606AesirEcho|o melhor\n|c|\u2606akyraaiko|devia ter ido no earthquake\n|c|\u2606akyraaiko|mas fiquei com medo\n|c|\u2606akyraaiko|pq essa puita voa\n|c|\u2606AesirEcho|pq tu ta usando aqua tail sendo que garchomp usa liquidation\n|c|\u2606AesirEcho|aprende*\n|c|\u2606akyraaiko|calma\n|c|\u2606akyraaiko|esse time eu fiz pro bacci kakadksakdaskdas\n|c|\u2606akyraaiko|eu n uso ele\n|c|\u2606AesirEcho|boa\n|c|\u2606akyraaiko|era p ser o com o aerodactile\n|c|\u2606AesirEcho|perae q meu hamburguer ta pronto pra virar\n|\n|t:|1700174279\n|switch|p2a: machada|Kleavor, M, shiny|76\/100\n|turn|14\n|c|\u2606akyraaiko|KKKKKKKKKK\n|c|\u2606akyraaiko|vai la\n|c|\u2606AesirEcho|na real ele ta pronto msm\n|c|\u2606AesirEcho|ent vamo logo\n|\n|t:|1700174308\n|move|p1a: Luna Cantor|Moonblast|p2a: machada\n|-damage|p2a: machada|0 fnt\n|faint|p2a: machada\n|\n|upkeep\n|\n|t:|1700174316\n|switch|p2a: el lobo|Lycanroc-Dusk, M, shiny|100\/100\n|turn|15\n|\n|t:|1700174326\n|move|p2a: el lobo|Accelerock|p1a: Luna Cantor\n|-activate|p1a: Luna Cantor|move: Psychic Terrain\n|move|p1a: Luna Cantor|Moonblast|p2a: el lobo\n|-damage|p2a: el lobo|22\/100\n|\n|upkeep\n|turn|16\n|c|\u2606AesirEcho|L\n|c|\u2606AesirEcho|como tu tankou\n|c|\u2606akyraaiko|qq \u00e9 isso\n|c|\u2606akyraaiko|explica\n|\n|t:|1700174342\n|move|p1a: Luna Cantor|Moonblast|p2a: el lobo\n|-damage|p2a: el lobo|0 fnt\n|faint|p2a: el lobo\n|\n|upkeep\n|c|\u2606AesirEcho|terreno psiquico bloqueia ataque de prioridade\n|c|\u2606akyraaiko|aaaaaaa\n|c|\u2606akyraaiko|mt foda\n|c|\u2606akyraaiko|n sabia\n|\n|t:|1700174357\n|switch|p2a: roger guedes|Urshifu-Rapid-Strike, M|100\/100\n|turn|17\n|c|\u2606AesirEcho|oq tu ta fazendo porra\n|\n|t:|1700174373\n|switch|p2a: sol|Iron Moth|82\/100\n|move|p1a: Luna Cantor|Moonblast|p2a: sol\n|-resisted|p2a: sol\n|-damage|p2a: sol|69\/100\n|\n|-heal|p2a: sol|75\/100|[from] item: Leftovers\n|-fieldend|move: Psychic Terrain\n|upkeep\n|turn|18\n|c|\u2606AesirEcho|finalmente krl\n|\n|t:|1700174383\n|switch|p1a: Alces|Ting-Lu|58\/100\n|-ability|p1a: Alces|Vessel of Ruin\n|move|p2a: sol|Toxic Spikes|p1a: Alces\n|-sidestart|p1: AesirEcho|move: Toxic Spikes\n|\n|-heal|p2a: sol|81\/100|[from] item: Leftovers\n|-heal|p1a: Alces|64\/100|[from] item: Leftovers\n|upkeep\n|turn|19\n|\n|t:|1700174394\n|move|p2a: sol|Bug Buzz|p1a: Alces\n|-supereffective|p1a: Alces\n|-damage|p1a: Alces|34\/100\n|move|p1a: Alces|Stealth Rock|p2a: sol\n|-sidestart|p2: akyraaiko|move: Stealth Rock\n|\n|-heal|p2a: sol|87\/100|[from] item: Leftovers\n|-heal|p1a: Alces|40\/100|[from] item: Leftovers\n|upkeep\n|turn|20\n|\n|t:|1700174410\n|-terastallize|p2a: sol|Fire\n|move|p2a: sol|Bug Buzz|p1a: Alces\n|-supereffective|p1a: Alces\n|-crit|p1a: Alces\n|-damage|p1a: Alces|0 fnt\n|faint|p1a: Alces\n|\n|-heal|p2a: sol|93\/100|[from] item: Leftovers\n|upkeep\n|c|\u2606AesirEcho|claro q \u00e9 cr\u00edtico quando precisa\n|\n|t:|1700174442\n|switch|p1a: Terra Tigris|Landorus-Therian, M, tera:Water|8\/100\n|-status|p1a: Terra Tigris|psn\n|-ability|p1a: Terra Tigris|Intimidate|boost\n|-unboost|p2a: sol|atk|1\n|turn|21\n|\n|t:|1700174454\n|move|p2a: sol|Bug Buzz|p1a: Terra Tigris\n|-damage|p1a: Terra Tigris|0 fnt\n|faint|p1a: Terra Tigris\n|\n|-heal|p2a: sol|99\/100|[from] item: Leftovers\n|upkeep\n|\n|t:|1700174460\n|switch|p1a: Luna Cantor|Tapu Lele, shiny|4\/100\n|-status|p1a: Luna Cantor|psn\n|-fieldstart|move: Psychic Terrain|[from] ability: Psychic Surge|[of] p1a: Luna Cantor\n|turn|22\n|\n|t:|1700174468\n|move|p1a: Luna Cantor|Psychic|p2a: sol\n|-damage|p2a: sol|39\/100\n|-unboost|p2a: sol|spd|1\n|move|p2a: sol|Bug Buzz|p1a: Luna Cantor\n|-damage|p1a: Luna Cantor|0 fnt\n|faint|p1a: Luna Cantor\n|\n|-heal|p2a: sol|45\/100|[from] item: Leftovers\n|upkeep\n|c|\u2606akyraaiko|oh nao\n|c|\u2606akyraaiko|mega lopunny\n|\n|t:|1700174482\n|switch|p1a: Gelida Vagus|Kyurem, shiny|100\/100\n|-ability|p1a: Gelida Vagus|Pressure\n|turn|23\n|\n|t:|1700174490\n|move|p2a: sol|Fire Blast|p1a: Gelida Vagus\n|-damage|p1a: Gelida Vagus|16\/100\n|move|p1a: Gelida Vagus|Substitute|p1a: Gelida Vagus\n|-fail|p1a: Gelida Vagus|move: Substitute|[weak]\n|\n|-heal|p2a: sol|51\/100|[from] item: Leftovers\n|upkeep\n|turn|24\n|c|\u2606AesirEcho|vtnc\n|\n|t:|1700174499\n|move|p2a: sol|Bug Buzz|p1a: Gelida Vagus\n|-damage|p1a: Gelida Vagus|0 fnt\n|faint|p1a: Gelida Vagus\n|\n|-heal|p2a: sol|57\/100|[from] item: Leftovers\n|upkeep\n|\n|t:|1700174501\n|switch|p1a: Rixator|Lopunny, F|100\/100\n|-status|p1a: Rixator|psn\n|turn|25\n|c|\u2606AesirEcho|que critico filho da puta\n|\n|t:|1700174514\n|detailschange|p1a: Rixator|Lopunny-Mega, F\n|-mega|p1a: Rixator|Lopunny|Lopunnite\n|move|p1a: Rixator|Frustration|p2a: sol\n|-damage|p2a: sol|0 fnt\n|faint|p2a: sol\n|-end|p2a: sol|Quark Drive|[silent]\n|\n|-damage|p1a: Rixator|88\/100 psn|[from] psn\n|upkeep\n|c|\u2606akyraaiko|n foi critico n kkakakdask\n|\n|t:|1700174523\n|switch|p2a: roger guedes|Urshifu-Rapid-Strike, M|100\/100\n|-damage|p2a: roger guedes|94\/100|[from] Stealth Rock\n|turn|26\n|c|\u2606AesirEcho|no ting lu\n|c|\u2606akyraaiko|ataaa\n|c|\u2606akyraaiko|ss\n|c|\u2606AesirEcho|gg\n|c|\u2606AesirEcho|algum de nos ganha\n|\n|t:|1700174544\n|move|p1a: Rixator|Close Combat|p2a: roger guedes\n|-crit|p2a: roger guedes\n|-damage|p2a: roger guedes|4\/100\n|-unboost|p1a: Rixator|def|1\n|-unboost|p1a: Rixator|spd|1\n|move|p2a: roger guedes|Close Combat|p1a: Rixator\n|-supereffective|p1a: Rixator\n|-damage|p1a: Rixator|0 fnt\n|-unboost|p2a: roger guedes|def|1\n|-unboost|p2a: roger guedes|spd|1\n|faint|p1a: Rixator\n|\n|win|akyraaiko\n|c|\u2606AesirEcho|n sei quem\n|c|\u2606AesirEcho|ala\n|c|\u2606akyraaiko|GG\n|c|\u2606akyraaiko|KALDKSAKDASKDASKD\n|c|\u2606AesirEcho|sfd\n","uploadtime":1700174558,"views":5,"p1id":"aesirecho","p2id":"akyraaiko","formatid":"gen9nationaldex","rating":0,"private":0,"password":""}