{"id":"gen9nationaldex-1990894963","p1":"ALostSoul123","p2":"geckoman34","format":"[Gen 9] National Dex","log":"|j|\u2606ALostSoul123\n|j|\u2606geckoman34\n|t:|1700012397\n|gametype|singles\n|player|p1|ALostSoul123|iris-gen5bw2|1237\n|player|p2|geckoman34|ingo|1174\n|teamsize|p1|6\n|teamsize|p2|6\n|gen|9\n|tier|[Gen 9] National Dex\n|rated|\n|rule|HP Percentage Mod: HP is shown in percentages\n|rule|Endless Battle Clause: Forcing endless battles is banned\n|rule|OHKO Clause: OHKO moves are banned\n|rule|Evasion Clause: Evasion abilities, items, and moves are banned\n|rule|Evasion Abilities Clause: Evasion abilities are banned\n|rule|Evasion Items Clause: Evasion items are banned\n|rule|Evasion Moves Clause: Evasion moves are banned\n|rule|Species Clause: Limit one of each Pok\u00e9mon\n|rule|Sleep Clause Mod: Limit one foe put to sleep\n|clearpoke\n|poke|p1|Flareon, F|\n|poke|p1|Hatterene, F|\n|poke|p1|Beedrill, F|\n|poke|p1|Swellow, M|\n|poke|p1|Dragonite, F|\n|poke|p1|Blaziken, M|\n|poke|p2|Meloetta|\n|poke|p2|Jolteon, M|\n|poke|p2|Noivern, F|\n|poke|p2|Metagross|\n|poke|p2|Armarouge, F|\n|poke|p2|Magnezone|\n|teampreview\n|\n|t:|1700012411\n|start\n|switch|p1a: Beedrill|Beedrill, F|100\/100\n|switch|p2a: Metagross|Metagross|100\/100\n|turn|1\n|\n|t:|1700012423\n|detailschange|p1a: Beedrill|Beedrill-Mega, F\n|-mega|p1a: Beedrill|Beedrill|Beedrillite\n|move|p1a: Beedrill|U-turn|p2a: Metagross\n|-damage|p2a: Metagross|59\/100\n|\n|t:|1700012429\n|switch|p1a: Swellow|Swellow, M|100\/100|[from] U-turn\n|move|p2a: Metagross|Stealth Rock|p1a: Swellow\n|-sidestart|p1: ALostSoul123|move: Stealth Rock\n|\n|-heal|p2a: Metagross|65\/100|[from] item: Leftovers\n|upkeep\n|turn|2\n|inactive|Battle timer is ON: inactive players will automatically lose when time's up. (requested by geckoman34)\n|\n|t:|1700012456\n|move|p1a: Swellow|Heat Wave|p2a: Metagross\n|-supereffective|p2a: Metagross\n|-damage|p2a: Metagross|0 fnt\n|faint|p2a: Metagross\n|\n|upkeep\n|\n|t:|1700012476\n|switch|p2a: Jolteon|Jolteon, M|100\/100\n|turn|3\n|\n|t:|1700012485\n|switch|p1a: Hatterene|Hatterene, F|100\/100\n|-damage|p1a: Hatterene|88\/100|[from] Stealth Rock\n|move|p2a: Jolteon|Volt Switch|p1a: Hatterene\n|-damage|p1a: Hatterene|53\/100\n|\n|t:|1700012495\n|switch|p2a: Magnezone|Magnezone|100\/100|[from] Volt Switch\n|\n|-heal|p1a: Hatterene|59\/100|[from] item: Leftovers\n|upkeep\n|turn|4\n|\n|t:|1700012501\n|move|p1a: Hatterene|Protect|p1a: Hatterene\n|-singleturn|p1a: Hatterene|Protect\n|move|p2a: Magnezone|Flash Cannon|p1a: Hatterene\n|-activate|p1a: Hatterene|move: Protect\n|\n|-heal|p1a: Hatterene|65\/100|[from] item: Leftovers\n|upkeep\n|turn|5\n|\n|t:|1700012508\n|move|p2a: Magnezone|Flash Cannon|p1a: Hatterene\n|-supereffective|p1a: Hatterene\n|-damage|p1a: Hatterene|0 fnt\n|faint|p1a: Hatterene\n|\n|upkeep\n|\n|t:|1700012513\n|switch|p1a: Blaziken|Blaziken, M|100\/100\n|-damage|p1a: Blaziken|88\/100|[from] Stealth Rock\n|turn|6\n|\n|t:|1700012528\n|switch|p2a: Noivern|Noivern, F|100\/100\n|move|p1a: Blaziken|Focus Energy|p1a: Blaziken\n|-start|p1a: Blaziken|move: Focus Energy\n|\n|-ability|p1a: Blaziken|Speed Boost|boost\n|-boost|p1a: Blaziken|spe|1\n|upkeep\n|turn|7\n|\n|t:|1700012546\n|move|p1a: Blaziken|Close Combat|p2a: Noivern\n|-resisted|p2a: Noivern\n|-crit|p2a: Noivern\n|-damage|p2a: Noivern|49\/100\n|-unboost|p1a: Blaziken|def|1\n|-unboost|p1a: Blaziken|spd|1\n|move|p2a: Noivern|Draco Meteor|p1a: Blaziken\n|-damage|p1a: Blaziken|0 fnt\n|-unboost|p2a: Noivern|spa|2\n|faint|p1a: Blaziken\n|\n|upkeep\n|\n|t:|1700012550\n|switch|p1a: Flareon|Flareon, F|100\/100\n|-damage|p1a: Flareon|76\/100|[from] Stealth Rock\n|turn|8\n|\n|t:|1700012569\n|switch|p2a: Jolteon|Jolteon, M|100\/100\n|-terastallize|p1a: Flareon|Normal\n|move|p1a: Flareon|Flame Charge|p2a: Jolteon\n|-crit|p2a: Jolteon\n|-damage|p2a: Jolteon|15\/100\n|-boost|p1a: Flareon|spe|1\n|\n|-heal|p2a: Jolteon|21\/100|[from] item: Leftovers\n|-status|p1a: Flareon|brn|[from] item: Flame Orb\n|upkeep\n|turn|9\n|\n|t:|1700012590\n|move|p1a: Flareon|Quick Attack|p2a: Jolteon\n|-damage|p2a: Jolteon|0 fnt\n|faint|p2a: Jolteon\n|\n|-damage|p1a: Flareon|70\/100 brn|[from] brn\n|upkeep\n|inactive|geckoman34 has 120 seconds left.\n|\n|t:|1700012618\n|switch|p2a: Magnezone|Magnezone|100\/100\n|turn|10\n|\n|t:|1700012626\n|move|p2a: Magnezone|Thunderbolt|p1a: Flareon\n|-damage|p1a: Flareon|11\/100 brn\n|move|p1a: Flareon|Flare Blitz|p2a: Magnezone\n|-supereffective|p2a: Magnezone\n|-damage|p2a: Magnezone|0 fnt\n|faint|p2a: Magnezone\n|-damage|p1a: Flareon|0 fnt|[from] Recoil\n|faint|p1a: Flareon\n|\n|upkeep\n|\n|t:|1700012653\n|switch|p2a: Noivern|Noivern, F|49\/100\n|switch|p1a: Swellow|Swellow, M|100\/100\n|-damage|p1a: Swellow|76\/100|[from] Stealth Rock\n|turn|11\n|\n|t:|1700012663\n|move|p1a: Swellow|Boomburst|p2a: Noivern\n|-damage|p2a: Noivern|0 fnt\n|faint|p2a: Noivern\n|\n|upkeep\n|inactive|geckoman34 has 90 seconds left.\n|\n|t:|1700012682\n|switch|p2a: Armarouge|Armarouge, F|100\/100\n|turn|12\n|inactive|geckoman34 has 90 seconds left.\n|\n|t:|1700012692\n|move|p1a: Swellow|Boomburst|p2a: Armarouge\n|-damage|p2a: Armarouge|0 fnt\n|faint|p2a: Armarouge\n|\n|upkeep\n|inactive|geckoman34 has 90 seconds left.\n|\n|t:|1700012698\n|switch|p2a: Meloetta|Meloetta|100\/100\n|turn|13\n|inactive|geckoman34 has 90 seconds left.\n|\n|t:|1700012716\n|-terastallize|p2a: Meloetta|Ghost\n|move|p1a: Swellow|Boomburst|p2a: Meloetta\n|-damage|p2a: Meloetta|36\/100\n|move|p2a: Meloetta|Psychic|p1a: Swellow\n|-damage|p1a: Swellow|0 fnt\n|faint|p1a: Swellow\n|\n|upkeep\n|\n|t:|1700012723\n|switch|p1a: Beedrill|Beedrill-Mega, F|100\/100\n|-damage|p1a: Beedrill|76\/100|[from] Stealth Rock\n|turn|14\n|\n|t:|1700012730\n|move|p1a: Beedrill|U-turn|p2a: Meloetta\n|-resisted|p2a: Meloetta\n|-damage|p2a: Meloetta|0 fnt\n|faint|p2a: Meloetta\n|\n|win|ALostSoul123\n|raw|ALostSoul123's rating: 1237 &rarr; <strong>1258<\/strong><br \/>(+21 for winning)\n|raw|geckoman34's rating: 1174 &rarr; <strong>1153<\/strong><br \/>(-21 for losing)\n|l|\u2606geckoman34\n","uploadtime":1700012737,"views":8,"p1id":"alostsoul123","p2id":"geckoman34","formatid":"gen9nationaldex","rating":1153,"private":0,"password":""}