{"id":"gen9nationaldex-1991708750","p1":"beckhazel","p2":"AliceWolfx","format":"[Gen 9] National Dex","log":"|j|\u2606beckhazel\n|j|\u2606AliceWolfx\n|t:|1700105273\n|gametype|singles\n|player|p1|beckhazel|lyra|\n|player|p2|AliceWolfx|cynthia-gen4|\n|teamsize|p1|6\n|teamsize|p2|6\n|gen|9\n|tier|[Gen 9] National Dex\n|rule|HP Percentage Mod: HP is shown in percentages\n|rule|Endless Battle Clause: Forcing endless battles is banned\n|rule|OHKO Clause: OHKO moves are banned\n|rule|Evasion Clause: Evasion abilities, items, and moves are banned\n|rule|Evasion Abilities Clause: Evasion abilities are banned\n|rule|Evasion Items Clause: Evasion items are banned\n|rule|Evasion Moves Clause: Evasion moves are banned\n|rule|Species Clause: Limit one of each Pok\u00e9mon\n|rule|Sleep Clause Mod: Limit one foe put to sleep\n|clearpoke\n|poke|p1|Indeedee-F, F|\n|poke|p1|Farigiraf, F|\n|poke|p1|Raticate-Alola, F|\n|poke|p1|Cinccino, F|\n|poke|p1|Stoutland, F|\n|poke|p1|Zoroark-Hisui, F|\n|poke|p2|Jirachi|\n|poke|p2|Slowking-Galar, F|\n|poke|p2|Espeon, F|\n|poke|p2|Mew|\n|poke|p2|Gallade, M|\n|poke|p2|Braviary-Hisui, M|\n|teampreview\n|j| Myrgetabrakke\n|\n|t:|1700105299\n|start\n|switch|p1a: fat ass rat|Raticate-Alola, F|100\/100\n|switch|p2a: Jirachi|Jirachi, shiny|100\/100\n|turn|1\n|\n|t:|1700105328\n|move|p2a: Jirachi|U-turn|p1a: fat ass rat\n|-supereffective|p1a: fat ass rat\n|-damage|p1a: fat ass rat|49\/100\n|\n|t:|1700105332\n|switch|p2a: Gallade|Gallade, M|100\/100|[from] U-turn\n|move|p1a: fat ass rat|Knock Off|p2a: Gallade\n|-damage|p2a: Gallade|34\/100\n|-enditem|p2a: Gallade|Choice Scarf|[from] move: Knock Off|[of] p1a: fat ass rat\n|\n|-heal|p1a: fat ass rat|55\/100|[from] item: Leftovers\n|upkeep\n|turn|2\n|\n|t:|1700105342\n|move|p2a: Gallade|Sacred Sword|p1a: fat ass rat\n|-supereffective|p1a: fat ass rat\n|-damage|p1a: fat ass rat|0 fnt\n|faint|p1a: fat ass rat\n|\n|upkeep\n|\n|t:|1700105349\n|switch|p1a: Swiss Army Knife\u2122|Cinccino, F|100\/100\n|turn|3\n|\n|t:|1700105361\n|move|p1a: Swiss Army Knife\u2122|Shadow Ball|p2a: Gallade\n|-supereffective|p2a: Gallade\n|-damage|p2a: Gallade|0 fnt\n|faint|p2a: Gallade\n|\n|upkeep\n|\n|t:|1700105382\n|switch|p2a: Mew|Mew|100\/100\n|turn|4\n|\n|t:|1700105406\n|move|p1a: Swiss Army Knife\u2122|Shadow Ball|p2a: Mew\n|-supereffective|p2a: Mew\n|-damage|p2a: Mew|0 fnt\n|faint|p2a: Mew\n|\n|upkeep\n|\n|t:|1700105426\n|switch|p2a: Jirachi|Jirachi, shiny|100\/100\n|turn|5\n|\n|t:|1700105431\n|-terastallize|p2a: Jirachi|Steel\n|move|p2a: Jirachi|Ice Punch|p1a: Swiss Army Knife\u2122\n|-damage|p1a: Swiss Army Knife\u2122|55\/100\n|replace|p1a: Zoroark|Zoroark-Hisui, F, shiny\n|-end|p1a: Zoroark|Illusion\n|move|p1a: Zoroark|Shadow Ball|p2a: Jirachi\n|-damage|p2a: Jirachi|35\/100\n|\n|upkeep\n|turn|6\n|\n|t:|1700105445\n|switch|p1a: that dawg in em|Stoutland, F|100\/100\n|move|p2a: Jirachi|Ice Punch|p1a: that dawg in em\n|-damage|p1a: that dawg in em|74\/100\n|-status|p1a: that dawg in em|frz\n|\n|upkeep\n|turn|7\n|\n|t:|1700105466\n|move|p2a: Jirachi|Ice Punch|p1a: that dawg in em\n|-damage|p1a: that dawg in em|50\/100 frz\n|cant|p1a: that dawg in em|frz\n|\n|upkeep\n|turn|8\n|c| Myrgetabrakke|my dawgs are cold\n|\n|t:|1700105480\n|move|p2a: Jirachi|Ice Punch|p1a: that dawg in em\n|-damage|p1a: that dawg in em|24\/100 frz\n|cant|p1a: that dawg in em|frz\n|\n|upkeep\n|turn|9\n|\n|t:|1700105486\n|move|p2a: Jirachi|Ice Punch|p1a: that dawg in em\n|-damage|p1a: that dawg in em|0 fnt\n|faint|p1a: that dawg in em\n|\n|upkeep\n|\n|t:|1700105498\n|switch|p1a: stan loona|Indeedee-F, F|100\/100\n|-fieldstart|move: Psychic Terrain|[from] ability: Psychic Surge|[of] p1a: stan loona\n|turn|10\n|\n|t:|1700105534\n|switch|p2a: Espeon|Espeon, F|100\/100\n|move|p1a: stan loona|Light Screen|p1a: stan loona\n|-sidestart|p1: beckhazel|move: Light Screen\n|\n|upkeep\n|turn|11\n|\n|t:|1700105542\n|move|p2a: Espeon|Shadow Ball|p1a: stan loona\n|-immune|p1a: stan loona\n|move|p1a: stan loona|Trick Room|p1a: stan loona\n|-fieldstart|move: Trick Room|[of] p1a: stan loona\n|\n|upkeep\n|turn|12\n|\n|t:|1700105562\n|switch|p1a: oogi|Farigiraf, F|100\/100\n|move|p2a: Espeon|Psyshock|p1a: oogi\n|-resisted|p1a: oogi\n|-damage|p1a: oogi|86\/100\n|\n|-heal|p1a: oogi|92\/100|[from] item: Leftovers\n|upkeep\n|turn|13\n|\n|t:|1700105578\n|move|p1a: oogi|Psychic|p2a: Espeon\n|-resisted|p2a: Espeon\n|-damage|p2a: Espeon|65\/100\n|move|p2a: Espeon|Tera Blast|p1a: oogi\n|-damage|p1a: oogi|78\/100\n|\n|-heal|p1a: oogi|84\/100|[from] item: Leftovers\n|-heal|p2a: Espeon|71\/100|[from] item: Leftovers\n|upkeep\n|turn|14\n|\n|t:|1700105597\n|-terastallize|p1a: oogi|Fire\n|move|p1a: oogi|Tera Blast|p2a: Espeon|[anim] Tera Blast Fire\n|-damage|p2a: Espeon|20\/100\n|move|p2a: Espeon|Calm Mind|p2a: Espeon\n|-boost|p2a: Espeon|spa|1\n|-boost|p2a: Espeon|spd|1\n|\n|-heal|p1a: oogi|90\/100|[from] item: Leftovers\n|-heal|p2a: Espeon|26\/100|[from] item: Leftovers\n|-sideend|p1: beckhazel|move: Light Screen\n|upkeep\n|turn|15\n|\n|t:|1700105611\n|move|p1a: oogi|Hyper Voice|p2a: Espeon\n|-damage|p2a: Espeon|0 fnt\n|faint|p2a: Espeon\n|\n|-heal|p1a: oogi|96\/100|[from] item: Leftovers\n|-fieldend|move: Trick Room\n|upkeep\n|\n|t:|1700105627\n|switch|p2a: Jirachi|Jirachi, shiny, tera:Steel|35\/100\n|turn|16\n|\n|t:|1700105632\n|move|p2a: Jirachi|Ice Punch|p1a: oogi\n|-resisted|p1a: oogi\n|-damage|p1a: oogi|85\/100\n|-status|p1a: oogi|frz\n|cant|p1a: oogi|frz\n|\n|-heal|p1a: oogi|91\/100 frz|[from] item: Leftovers\n|upkeep\n|turn|17\n|\n|t:|1700105651\n|switch|p2a: Slowking|Slowking-Galar, F, shiny|100\/100\n|cant|p1a: oogi|frz\n|\n|-heal|p1a: oogi|98\/100 frz|[from] item: Leftovers\n|-fieldend|move: Psychic Terrain\n|upkeep\n|turn|18\n|\n|t:|1700105711\n|switch|p1a: Swiss Army Knife\u2122|Cinccino, F|100\/100\n|move|p2a: Slowking|Earthquake|p1a: Swiss Army Knife\u2122\n|-damage|p1a: Swiss Army Knife\u2122|73\/100\n|\n|upkeep\n|turn|19\n|\n|t:|1700105759\n|move|p1a: Swiss Army Knife\u2122|Triple Axel|p2a: Slowking\n|-damage|p2a: Slowking|92\/100\n|-damage|p2a: Slowking|75\/100\n|-damage|p2a: Slowking|48\/100\n|-hitcount|p2a: Slowking|3\n|move|p2a: Slowking|Future Sight|p1a: Swiss Army Knife\u2122\n|-start|p2a: Slowking|move: Future Sight\n|\n|upkeep\n|turn|20\n|\n|t:|1700105769\n|move|p1a: Swiss Army Knife\u2122|Triple Axel|p2a: Slowking\n|-damage|p2a: Slowking|39\/100\n|-damage|p2a: Slowking|23\/100\n|-damage|p2a: Slowking|0 fnt\n|faint|p2a: Slowking\n|-hitcount|p2: Slowking|3\n|\n|upkeep\n|\n|t:|1700105785\n|switch|p2a: Braviary|Braviary-Hisui, M|100\/100\n|turn|21\n|\n|t:|1700105796\n|switch|p2a: Jirachi|Jirachi, shiny, tera:Steel|35\/100\n|move|p1a: Swiss Army Knife\u2122|Triple Axel|p2a: Jirachi|[miss]\n|-miss|p1a: Swiss Army Knife\u2122|p2a: Jirachi\n|\n|-end|p1a: Swiss Army Knife\u2122|move: Future Sight\n|-damage|p1a: Swiss Army Knife\u2122|0 fnt\n|faint|p1a: Swiss Army Knife\u2122\n|upkeep\n|\n|t:|1700105807\n|switch|p1a: oogi|Farigiraf, F|55\/100\n|-start|p1a: oogi|typechange|Fire|[silent]\n|turn|22\n|\n|t:|1700105856\n|move|p2a: Jirachi|Trick|p1a: oogi\n|-activate|p2a: Jirachi|move: Trick|[of] p1a: oogi\n|-item|p1a: oogi|Choice Scarf|[from] move: Trick\n|-item|p2a: Jirachi|Choice Specs|[from] move: Trick\n|move|p1a: oogi|Flamethrower|p2a: Jirachi\n|-supereffective|p2a: Jirachi\n|-damage|p2a: Jirachi|0 fnt\n|faint|p2a: Jirachi\n|\n|upkeep\n|\n|t:|1700105863\n|switch|p2a: Braviary|Braviary-Hisui, M|100\/100\n|turn|23\n|\n|t:|1700105880\n|move|p1a: oogi|Flamethrower|p2a: Braviary\n|-damage|p2a: Braviary|62\/100\n|move|p2a: Braviary|Esper Wing|p1a: oogi\n|-damage|p1a: oogi|0 fnt\n|-boost|p2a: Braviary|spe|1\n|replace|p1a: Zoroark|Zoroark-Hisui, F, shiny\n|-end|p1a: Zoroark|Illusion\n|faint|p1a: Zoroark\n|\n|upkeep\n|\n|t:|1700105894\n|switch|p1a: stan loona|Indeedee-F, F|100\/100\n|-fieldstart|move: Psychic Terrain|[from] ability: Psychic Surge|[of] p1a: stan loona\n|turn|24\n|\n|t:|1700105911\n|move|p2a: Braviary|Esper Wing|p1a: stan loona\n|-resisted|p1a: stan loona\n|-damage|p1a: stan loona|74\/100\n|-boost|p2a: Braviary|spe|1\n|move|p1a: stan loona|Expanding Force|p2a: Braviary\n|-resisted|p2a: Braviary\n|-damage|p2a: Braviary|31\/100\n|\n|upkeep\n|turn|25\n|\n|t:|1700105920\n|move|p2a: Braviary|Roost|p2a: Braviary\n|-heal|p2a: Braviary|81\/100\n|-singleturn|p2a: Braviary|move: Roost\n|move|p1a: stan loona|Trick Room|p1a: stan loona\n|-fieldstart|move: Trick Room|[of] p1a: stan loona\n|\n|upkeep\n|turn|26\n|\n|t:|1700105930\n|switch|p1a: oogi|Farigiraf, F, tera:Fire|98\/100 frz\n|move|p2a: Braviary|Hurricane|p1a: oogi|[miss]\n|-miss|p2a: Braviary|p1a: oogi\n|\n|-heal|p1a: oogi|100\/100 frz|[from] item: Leftovers\n|upkeep\n|turn|27\n|\n|t:|1700105938\n|cant|p1a: oogi|frz\n|move|p2a: Braviary|Hurricane|p1a: oogi|[miss]\n|-miss|p2a: Braviary|p1a: oogi\n|\n|upkeep\n|turn|28\n|\n|t:|1700105944\n|-curestatus|p1a: oogi|frz|[msg]\n|move|p1a: oogi|Tera Blast|p2a: Braviary|[anim] Tera Blast Fire\n|-damage|p2a: Braviary|27\/100\n|move|p2a: Braviary|Hurricane|p1a: oogi\n|-damage|p1a: oogi|46\/100\n|\n|-heal|p1a: oogi|52\/100|[from] item: Leftovers\n|upkeep\n|turn|29\n|\n|t:|1700105952\n|move|p1a: oogi|Tera Blast|p2a: Braviary|[anim] Tera Blast Fire\n|-damage|p2a: Braviary|0 fnt\n|faint|p2a: Braviary\n|\n|win|beckhazel\n|l|\u2606AliceWolfx\n","uploadtime":1700106174,"views":4,"p1id":"beckhazel","p2id":"alicewolfx","formatid":"gen9nationaldex","rating":0,"private":0,"password":""}