{"id":"gen9nationaldex-1998653951","p1":"RKN3522","p2":"qazserfvgyujnko","format":"[Gen 9] National Dex","log":"|html|<div class=\"broadcast-blue\"><strong>[Gen 9] National Dex is currently suspecting Sneasler! For information on how to participate check out the <a href=\"https:\/\/www.smogon.com\/forums\/threads\/sv-national-dex-suspect-8-just-dance.3731534\/\">suspect thread<\/a>.<\/strong><\/div>\n|j|\u2606RKN3522\n|j|\u2606qazserfvgyujnko\n|t:|1700968094\n|gametype|singles\n|player|p1|RKN3522|101|1351\n|player|p2|qazserfvgyujnko|benga|1251\n|teamsize|p1|6\n|teamsize|p2|6\n|gen|9\n|tier|[Gen 9] National Dex\n|rated|\n|rule|HP Percentage Mod: HP is shown in percentages\n|rule|Endless Battle Clause: Forcing endless battles is banned\n|rule|OHKO Clause: OHKO moves are banned\n|rule|Evasion Clause: Evasion abilities, items, and moves are banned\n|rule|Evasion Abilities Clause: Evasion abilities are banned\n|rule|Evasion Items Clause: Evasion items are banned\n|rule|Evasion Moves Clause: Evasion moves are banned\n|rule|Species Clause: Limit one of each Pok\u00e9mon\n|rule|Sleep Clause Mod: Limit one foe put to sleep\n|clearpoke\n|poke|p1|Jynx, F|\n|poke|p1|Ferrothorn, F|\n|poke|p1|Maushold|\n|poke|p1|Toxapex, F|\n|poke|p1|Heatran, M|\n|poke|p1|Sableye, M|\n|poke|p2|Hoopa-Unbound|\n|poke|p2|Comfey, F|\n|poke|p2|Lopunny, F|\n|poke|p2|Moltres|\n|poke|p2|Ninetales-Alola, F|\n|poke|p2|Urshifu-*, M|\n|teampreview\n|\n|t:|1700968144\n|start\n|switch|p1a: Ferrothorn|Ferrothorn, F|100\/100\n|switch|p2a: \u6211\u8981\u6740\u4e86\u592a\u8349\u6676\u5149\u82b1|Urshifu-Rapid-Strike, M|100\/100\n|turn|1\n|\n|t:|1700968149\n|switch|p2a: Moltres|Moltres|100\/100\n|move|p1a: Ferrothorn|Stealth Rock|p2a: Moltres\n|-sidestart|p2: qazserfvgyujnko|move: Stealth Rock\n|\n|upkeep\n|turn|2\n|\n|t:|1700968153\n|switch|p1a: Heatran|Heatran, M|100\/100\n|move|p2a: Moltres|Flamethrower|p1a: Heatran\n|-start|p1a: Heatran|ability: Flash Fire\n|\n|upkeep\n|turn|3\n|\n|t:|1700968160\n|move|p1a: Heatran|Eruption|p2a: Moltres\n|-resisted|p2a: Moltres\n|-damage|p2a: Moltres|29\/100\n|move|p2a: Moltres|Defog|p1a: Heatran\n|-unboost|p1a: Heatran|evasion|1\n|-sideend|p2: qazserfvgyujnko|Stealth Rock|[from] move: Defog|[of] p2a: Moltres\n|\n|upkeep\n|turn|4\n|\n|t:|1700968167\n|move|p1a: Heatran|Eruption|p2a: Moltres\n|-resisted|p2a: Moltres\n|-damage|p2a: Moltres|0 fnt\n|faint|p2a: Moltres\n|\n|upkeep\n|\n|t:|1700968201\n|switch|p2a: \u6211\u8981\u6740\u4e86\u592a\u8349\u6676\u5149\u82b1|Urshifu-Rapid-Strike, M|100\/100\n|turn|5\n|\n|t:|1700968214\n|-end|p1a: Heatran|ability: Flash Fire|[silent]\n|switch|p1a: Ferrothorn|Ferrothorn, F|100\/100\n|move|p2a: \u6211\u8981\u6740\u4e86\u592a\u8349\u6676\u5149\u82b1|Close Combat|p1a: Ferrothorn\n|-supereffective|p1a: Ferrothorn\n|-damage|p1a: Ferrothorn|22\/100\n|-unboost|p2a: \u6211\u8981\u6740\u4e86\u592a\u8349\u6676\u5149\u82b1|def|1\n|-unboost|p2a: \u6211\u8981\u6740\u4e86\u592a\u8349\u6676\u5149\u82b1|spd|1\n|-damage|p2a: \u6211\u8981\u6740\u4e86\u592a\u8349\u6676\u5149\u82b1|88\/100|[from] ability: Iron Barbs|[of] p1a: Ferrothorn\n|\n|-heal|p1a: Ferrothorn|28\/100|[from] item: Leftovers\n|upkeep\n|turn|6\n|\n|t:|1700968220\n|move|p1a: Ferrothorn|Protect|p1a: Ferrothorn\n|-singleturn|p1a: Ferrothorn|Protect\n|move|p2a: \u6211\u8981\u6740\u4e86\u592a\u8349\u6676\u5149\u82b1|Close Combat|p1a: Ferrothorn\n|-supereffective|p1a: Ferrothorn\n|-damage|p1a: Ferrothorn|0 fnt\n|-unboost|p2a: \u6211\u8981\u6740\u4e86\u592a\u8349\u6676\u5149\u82b1|def|1\n|-unboost|p2a: \u6211\u8981\u6740\u4e86\u592a\u8349\u6676\u5149\u82b1|spd|1\n|-damage|p2a: \u6211\u8981\u6740\u4e86\u592a\u8349\u6676\u5149\u82b1|76\/100|[from] ability: Iron Barbs|[of] p1a: Ferrothorn\n|faint|p1a: Ferrothorn\n|\n|upkeep\n|\n|t:|1700968233\n|switch|p1a: Maushold|Maushold|100\/100\n|turn|7\n|\n|t:|1700968237\n|move|p2a: \u6211\u8981\u6740\u4e86\u592a\u8349\u6676\u5149\u82b1|Close Combat|p1a: Maushold\n|-supereffective|p1a: Maushold\n|-damage|p1a: Maushold|0 fnt\n|-unboost|p2a: \u6211\u8981\u6740\u4e86\u592a\u8349\u6676\u5149\u82b1|def|1\n|-unboost|p2a: \u6211\u8981\u6740\u4e86\u592a\u8349\u6676\u5149\u82b1|spd|1\n|faint|p1a: Maushold\n|\n|upkeep\n|\n|t:|1700968244\n|switch|p1a: Sableye|Sableye, M|100\/100\n|turn|8\n|\n|t:|1700968251\n|switch|p2a: Ninetales|Ninetales-Alola, F|100\/100\n|-weather|Snow|[from] ability: Snow Warning|[of] p2a: Ninetales\n|detailschange|p1a: Sableye|Sableye-Mega, M\n|-mega|p1a: Sableye|Sableye|Sablenite\n|move|p1a: Sableye|Will-O-Wisp|p2a: Ninetales\n|-status|p2a: Ninetales|brn\n|\n|-weather|Snow|[upkeep]\n|-damage|p2a: Ninetales|94\/100 brn|[from] brn\n|upkeep\n|turn|9\n|\n|t:|1700968257\n|move|p2a: Ninetales|Moonblast|p1a: Sableye\n|-supereffective|p1a: Sableye\n|-damage|p1a: Sableye|23\/100\n|move|p1a: Sableye|Knock Off|p2a: Ninetales\n|-resisted|p2a: Ninetales\n|-damage|p2a: Ninetales|73\/100 brn\n|-enditem|p2a: Ninetales|Light Clay|[from] move: Knock Off|[of] p1a: Sableye\n|\n|-weather|Snow|[upkeep]\n|-damage|p2a: Ninetales|67\/100 brn|[from] brn\n|upkeep\n|turn|10\n|\n|t:|1700968265\n|switch|p1a: Toxapex|Toxapex, F|100\/100\n|move|p2a: Ninetales|Moonblast|p1a: Toxapex\n|-resisted|p1a: Toxapex\n|-damage|p1a: Toxapex|85\/100\n|\n|-weather|Snow|[upkeep]\n|-heal|p1a: Toxapex|91\/100|[from] item: Leftovers\n|-damage|p2a: Ninetales|61\/100 brn|[from] brn\n|upkeep\n|turn|11\n|\n|t:|1700968270\n|move|p2a: Ninetales|Aurora Veil|p2a: Ninetales\n|-sidestart|p2: qazserfvgyujnko|move: Aurora Veil\n|move|p1a: Toxapex|Toxic||[still]\n|-fail|p1a: Toxapex\n|\n|-weather|Snow|[upkeep]\n|-heal|p1a: Toxapex|97\/100|[from] item: Leftovers\n|-damage|p2a: Ninetales|54\/100 brn|[from] brn\n|upkeep\n|turn|12\n|\n|t:|1700968275\n|move|p2a: Ninetales|Encore|p1a: Toxapex\n|-start|p1a: Toxapex|Encore\n|move|p1a: Toxapex|Toxic||[still]\n|-fail|p1a: Toxapex\n|\n|-weather|none\n|-heal|p1a: Toxapex|100\/100|[from] item: Leftovers\n|-damage|p2a: Ninetales|48\/100 brn|[from] brn\n|upkeep\n|turn|13\n|\n|t:|1700968282\n|switch|p1a: Sableye|Sableye-Mega, M|23\/100\n|move|p2a: Ninetales|Blizzard|p1a: Sableye|[miss]\n|-miss|p2a: Ninetales|p1a: Sableye\n|\n|-damage|p2a: Ninetales|42\/100 brn|[from] brn\n|upkeep\n|turn|14\n|\n|t:|1700968288\n|move|p2a: Ninetales|Moonblast|p1a: Sableye\n|-supereffective|p1a: Sableye\n|-damage|p1a: Sableye|0 fnt\n|faint|p1a: Sableye\n|\n|-damage|p2a: Ninetales|36\/100 brn|[from] brn\n|upkeep\n|\n|t:|1700968294\n|switch|p1a: Heatran|Heatran, M|100\/100\n|turn|15\n|\n|t:|1700968314\n|move|p1a: Heatran|Eruption|p2a: Ninetales\n|-supereffective|p2a: Ninetales\n|-damage|p2a: Ninetales|0 fnt\n|faint|p2a: Ninetales\n|\n|-sideend|p2: qazserfvgyujnko|move: Aurora Veil\n|upkeep\n|\n|t:|1700968318\n|switch|p2a: \u6211\u8981\u6740\u4e86\u592a\u8349\u6676\u5149\u82b1|Urshifu-Rapid-Strike, M|76\/100\n|turn|16\n|inactive|Battle timer is ON: inactive players will automatically lose when time's up. (requested by qazserfvgyujnko)\n|\n|t:|1700968365\n|switch|p1a: Toxapex|Toxapex, F|100\/100\n|move|p2a: \u6211\u8981\u6740\u4e86\u592a\u8349\u6676\u5149\u82b1|Surging Strikes|p1a: Toxapex\n|-resisted|p1a: Toxapex\n|-crit|p1a: Toxapex\n|-damage|p1a: Toxapex|94\/100\n|-resisted|p1a: Toxapex\n|-crit|p1a: Toxapex\n|-damage|p1a: Toxapex|88\/100\n|-resisted|p1a: Toxapex\n|-crit|p1a: Toxapex\n|-damage|p1a: Toxapex|82\/100\n|-hitcount|p1a: Toxapex|3\n|\n|-heal|p1a: Toxapex|88\/100|[from] item: Leftovers\n|upkeep\n|turn|17\n|\n|t:|1700968373\n|switch|p2a: \u592a\u533b|Comfey, F|100\/100\n|move|p1a: Toxapex|Toxic|p2a: \u592a\u533b\n|-status|p2a: \u592a\u533b|tox\n|\n|-heal|p1a: Toxapex|94\/100|[from] item: Leftovers\n|-damage|p2a: \u592a\u533b|94\/100 tox|[from] psn\n|upkeep\n|turn|18\n|\n|t:|1700968380\n|move|p1a: Toxapex|Baneful Bunker|p1a: Toxapex\n|-singleturn|p1a: Toxapex|move: Protect\n|move|p2a: \u592a\u533b|Hidden Power|p1a: Toxapex\n|-activate|p1a: Toxapex|move: Protect\n|\n|-heal|p1a: Toxapex|100\/100|[from] item: Leftovers\n|-damage|p2a: \u592a\u533b|82\/100 tox|[from] psn\n|upkeep\n|turn|19\n|\n|t:|1700968388\n|move|p2a: \u592a\u533b|Hidden Power|p1a: Toxapex\n|-supereffective|p1a: Toxapex\n|-crit|p1a: Toxapex\n|-damage|p1a: Toxapex|48\/100\n|-damage|p2a: \u592a\u533b|72\/100 tox|[from] item: Life Orb\n|move|p1a: Toxapex|Scald|p2a: \u592a\u533b\n|-damage|p2a: \u592a\u533b|51\/100 tox\n|\n|-heal|p1a: Toxapex|54\/100|[from] item: Leftovers\n|-damage|p2a: \u592a\u533b|32\/100 tox|[from] psn\n|upkeep\n|turn|20\n|\n|t:|1700968393\n|move|p2a: \u592a\u533b|Hidden Power|p1a: Toxapex\n|-supereffective|p1a: Toxapex\n|-damage|p1a: Toxapex|17\/100\n|-damage|p2a: \u592a\u533b|22\/100 tox|[from] item: Life Orb\n|move|p1a: Toxapex|Recover|p1a: Toxapex\n|-heal|p1a: Toxapex|67\/100\n|\n|-heal|p1a: Toxapex|73\/100|[from] item: Leftovers\n|-damage|p2a: \u592a\u533b|0 fnt|[from] psn\n|faint|p2a: \u592a\u533b\n|upkeep\n|\n|t:|1700968402\n|switch|p2a: \u62a4\u56fd\u5927\u5c06\u519b|Hoopa-Unbound|100\/100\n|turn|21\n|\n|t:|1700968406\n|move|p1a: Toxapex|Baneful Bunker|p1a: Toxapex\n|-singleturn|p1a: Toxapex|move: Protect\n|move|p2a: \u62a4\u56fd\u5927\u5c06\u519b|Hyperspace Fury|p1a: Toxapex\n|-activate|p1a: Toxapex|move: Hyperspace Fury|[broken]\n|-damage|p1a: Toxapex|21\/100\n|-unboost|p2a: \u62a4\u56fd\u5927\u5c06\u519b|def|1\n|\n|-heal|p1a: Toxapex|27\/100|[from] item: Leftovers\n|upkeep\n|turn|22\n|\n|t:|1700968420\n|switch|p1a: Jynx|Jynx, F|100\/100\n|move|p2a: \u62a4\u56fd\u5927\u5c06\u519b|Hyperspace Fury|p1a: Jynx\n|-supereffective|p1a: Jynx\n|-damage|p1a: Jynx|0 fnt\n|-unboost|p2a: \u62a4\u56fd\u5927\u5c06\u519b|def|1\n|faint|p1a: Jynx\n|\n|upkeep\n|\n|t:|1700968422\n|switch|p1a: Heatran|Heatran, M|100\/100\n|turn|23\n|\n|t:|1700968432\n|switch|p2a: \u6715\u7684\u4fa7\u5983|Lopunny, F|100\/100\n|move|p1a: Heatran|Eruption|p2a: \u6715\u7684\u4fa7\u5983\n|-damage|p2a: \u6715\u7684\u4fa7\u5983|0 fnt\n|faint|p2a: \u6715\u7684\u4fa7\u5983\n|\n|upkeep\n|\n|t:|1700968437\n|switch|p2a: \u6211\u8981\u6740\u4e86\u592a\u8349\u6676\u5149\u82b1|Urshifu-Rapid-Strike, M|76\/100\n|turn|24\n|inactive|RKN3522 has 120 seconds left.\n|\n|t:|1700968480\n|switch|p1a: Toxapex|Toxapex, F|60\/100\n|move|p2a: \u6211\u8981\u6740\u4e86\u592a\u8349\u6676\u5149\u82b1|Surging Strikes|p1a: Toxapex\n|-resisted|p1a: Toxapex\n|-crit|p1a: Toxapex\n|-damage|p1a: Toxapex|54\/100\n|-resisted|p1a: Toxapex\n|-crit|p1a: Toxapex\n|-damage|p1a: Toxapex|48\/100\n|-resisted|p1a: Toxapex\n|-crit|p1a: Toxapex\n|-damage|p1a: Toxapex|42\/100\n|-hitcount|p1a: Toxapex|3\n|\n|-heal|p1a: Toxapex|48\/100|[from] item: Leftovers\n|upkeep\n|turn|25\n|\n|t:|1700968490\n|switch|p2a: \u62a4\u56fd\u5927\u5c06\u519b|Hoopa-Unbound|100\/100\n|move|p1a: Toxapex|Toxic|p2a: \u62a4\u56fd\u5927\u5c06\u519b\n|-status|p2a: \u62a4\u56fd\u5927\u5c06\u519b|tox\n|\n|-heal|p1a: Toxapex|54\/100|[from] item: Leftovers\n|-damage|p2a: \u62a4\u56fd\u5927\u5c06\u519b|95\/100 tox|[from] psn\n|upkeep\n|turn|26\n|\n|t:|1700968497\n|switch|p1a: Heatran|Heatran, M|100\/100\n|move|p2a: \u62a4\u56fd\u5927\u5c06\u519b|Hyperspace Fury|p1a: Heatran\n|-damage|p1a: Heatran|5\/100\n|-unboost|p2a: \u62a4\u56fd\u5927\u5c06\u519b|def|1\n|\n|-damage|p2a: \u62a4\u56fd\u5927\u5c06\u519b|83\/100 tox|[from] psn\n|upkeep\n|turn|27\n|\n|t:|1700968506\n|move|p1a: Heatran|Earth Power|p2a: \u62a4\u56fd\u5927\u5c06\u519b\n|-damage|p2a: \u62a4\u56fd\u5927\u5c06\u519b|53\/100 tox\n|move|p2a: \u62a4\u56fd\u5927\u5c06\u519b|Hyperspace Fury|p1a: Heatran\n|-damage|p1a: Heatran|0 fnt\n|-unboost|p2a: \u62a4\u56fd\u5927\u5c06\u519b|def|1\n|faint|p1a: Heatran\n|\n|-damage|p2a: \u62a4\u56fd\u5927\u5c06\u519b|35\/100 tox|[from] psn\n|upkeep\n|\n|t:|1700968509\n|switch|p1a: Toxapex|Toxapex, F|87\/100\n|turn|28\n|\n|t:|1700968518\n|switch|p2a: \u6211\u8981\u6740\u4e86\u592a\u8349\u6676\u5149\u82b1|Urshifu-Rapid-Strike, M|76\/100\n|move|p1a: Toxapex|Recover|p1a: Toxapex\n|-heal|p1a: Toxapex|100\/100\n|\n|upkeep\n|turn|29\n|\n|t:|1700968523\n|move|p2a: \u6211\u8981\u6740\u4e86\u592a\u8349\u6676\u5149\u82b1|Close Combat|p1a: Toxapex\n|-resisted|p1a: Toxapex\n|-damage|p1a: Toxapex|81\/100\n|-unboost|p2a: \u6211\u8981\u6740\u4e86\u592a\u8349\u6676\u5149\u82b1|def|1\n|-unboost|p2a: \u6211\u8981\u6740\u4e86\u592a\u8349\u6676\u5149\u82b1|spd|1\n|move|p1a: Toxapex|Toxic|p2a: \u6211\u8981\u6740\u4e86\u592a\u8349\u6676\u5149\u82b1\n|-status|p2a: \u6211\u8981\u6740\u4e86\u592a\u8349\u6676\u5149\u82b1|tox\n|\n|-heal|p1a: Toxapex|87\/100|[from] item: Leftovers\n|-damage|p2a: \u6211\u8981\u6740\u4e86\u592a\u8349\u6676\u5149\u82b1|70\/100 tox|[from] psn\n|upkeep\n|turn|30\n|\n|t:|1700968528\n|move|p2a: \u6211\u8981\u6740\u4e86\u592a\u8349\u6676\u5149\u82b1|Close Combat|p1a: Toxapex\n|-resisted|p1a: Toxapex\n|-damage|p1a: Toxapex|67\/100\n|-unboost|p2a: \u6211\u8981\u6740\u4e86\u592a\u8349\u6676\u5149\u82b1|def|1\n|-unboost|p2a: \u6211\u8981\u6740\u4e86\u592a\u8349\u6676\u5149\u82b1|spd|1\n|move|p1a: Toxapex|Scald|p2a: \u6211\u8981\u6740\u4e86\u592a\u8349\u6676\u5149\u82b1\n|-resisted|p2a: \u6211\u8981\u6740\u4e86\u592a\u8349\u6676\u5149\u82b1\n|-damage|p2a: \u6211\u8981\u6740\u4e86\u592a\u8349\u6676\u5149\u82b1|44\/100 tox\n|\n|-heal|p1a: Toxapex|74\/100|[from] item: Leftovers\n|-damage|p2a: \u6211\u8981\u6740\u4e86\u592a\u8349\u6676\u5149\u82b1|32\/100 tox|[from] psn\n|upkeep\n|turn|31\n|\n|t:|1700968531\n|move|p2a: \u6211\u8981\u6740\u4e86\u592a\u8349\u6676\u5149\u82b1|Close Combat|p1a: Toxapex\n|-resisted|p1a: Toxapex\n|-damage|p1a: Toxapex|54\/100\n|-unboost|p2a: \u6211\u8981\u6740\u4e86\u592a\u8349\u6676\u5149\u82b1|def|1\n|-unboost|p2a: \u6211\u8981\u6740\u4e86\u592a\u8349\u6676\u5149\u82b1|spd|1\n|move|p1a: Toxapex|Recover|p1a: Toxapex\n|-heal|p1a: Toxapex|100\/100\n|\n|-damage|p2a: \u6211\u8981\u6740\u4e86\u592a\u8349\u6676\u5149\u82b1|13\/100 tox|[from] psn\n|upkeep\n|turn|32\n|\n|t:|1700968537\n|move|p2a: \u6211\u8981\u6740\u4e86\u592a\u8349\u6676\u5149\u82b1|Close Combat|p1a: Toxapex\n|-resisted|p1a: Toxapex\n|-damage|p1a: Toxapex|82\/100\n|-unboost|p2a: \u6211\u8981\u6740\u4e86\u592a\u8349\u6676\u5149\u82b1|def|1\n|-unboost|p2a: \u6211\u8981\u6740\u4e86\u592a\u8349\u6676\u5149\u82b1|spd|1\n|move|p1a: Toxapex|Recover|p1a: Toxapex\n|-heal|p1a: Toxapex|100\/100\n|\n|-damage|p2a: \u6211\u8981\u6740\u4e86\u592a\u8349\u6676\u5149\u82b1|0 fnt|[from] psn\n|faint|p2a: \u6211\u8981\u6740\u4e86\u592a\u8349\u6676\u5149\u82b1\n|upkeep\n|\n|t:|1700968539\n|switch|p2a: \u62a4\u56fd\u5927\u5c06\u519b|Hoopa-Unbound|35\/100 tox\n|turn|33\n|\n|t:|1700968543\n|move|p1a: Toxapex|Baneful Bunker|p1a: Toxapex\n|-singleturn|p1a: Toxapex|move: Protect\n|move|p2a: \u62a4\u56fd\u5927\u5c06\u519b|Hyperspace Fury|p1a: Toxapex\n|-activate|p1a: Toxapex|move: Hyperspace Fury|[broken]\n|-damage|p1a: Toxapex|44\/100\n|-unboost|p2a: \u62a4\u56fd\u5927\u5c06\u519b|def|1\n|\n|-heal|p1a: Toxapex|50\/100|[from] item: Leftovers\n|-damage|p2a: \u62a4\u56fd\u5927\u5c06\u519b|29\/100 tox|[from] psn\n|upkeep\n|turn|34\n|\n|t:|1700968548\n|move|p2a: \u62a4\u56fd\u5927\u5c06\u519b|Hyperspace Fury|p1a: Toxapex\n|-damage|p1a: Toxapex|0 fnt\n|-unboost|p2a: \u62a4\u56fd\u5927\u5c06\u519b|def|1\n|faint|p1a: Toxapex\n|\n|win|qazserfvgyujnko\n|raw|RKN3522's rating: 1351 &rarr; <strong>1325<\/strong><br \/>(-26 for losing)\n|raw|qazserfvgyujnko's rating: 1251 &rarr; <strong>1283<\/strong><br \/>(+32 for winning)\n|l|\u2606RKN3522\n","uploadtime":1700968559,"views":1,"p1id":"rkn3522","p2id":"qazserfvgyujnko","formatid":"gen9nationaldex","rating":1283,"private":0,"password":""}