{"id":"gen9nationaldex-2000440276","p1":"Laidla\u2764","p2":"Akiboy","format":"[Gen 9] National Dex","log":"|html|<div class=\"broadcast-blue\"><strong>[Gen 9] National Dex is currently suspecting Sneasler! For information on how to participate check out the <a href=\"https:\/\/www.smogon.com\/forums\/threads\/sv-national-dex-suspect-8-just-dance.3731534\/\">suspect thread<\/a>.<\/strong><\/div>\n|j|\u203dLaidla\u2764\n|j|\u2606Akiboy\n|t:|1701194994\n|gametype|singles\n|player|p1|Laidla\u2764|lady-gen4|1202\n|player|p2|Akiboy|acetrainer-gen4dp|1243\n|teamsize|p1|6\n|teamsize|p2|6\n|gen|9\n|tier|[Gen 9] National Dex\n|rated|\n|rule|HP Percentage Mod: HP is shown in percentages\n|rule|Endless Battle Clause: Forcing endless battles is banned\n|rule|OHKO Clause: OHKO moves are banned\n|rule|Evasion Clause: Evasion abilities, items, and moves are banned\n|rule|Evasion Abilities Clause: Evasion abilities are banned\n|rule|Evasion Items Clause: Evasion items are banned\n|rule|Evasion Moves Clause: Evasion moves are banned\n|rule|Species Clause: Limit one of each Pok\u00e9mon\n|rule|Sleep Clause Mod: Limit one foe put to sleep\n|clearpoke\n|poke|p1|Pikachu, F|\n|poke|p1|Venusaur, F|\n|poke|p1|Charizard, F|\n|poke|p1|Blastoise, F|\n|poke|p1|Espeon, F|\n|poke|p1|Snorlax, F|\n|poke|p2|Steelix, F|\n|poke|p2|Tyranitar, M|\n|poke|p2|Rillaboom, M|\n|poke|p2|Sneasler, M|\n|poke|p2|Rotom-Wash|\n|poke|p2|Kartana|\n|teampreview\n|inactive|Battle timer is ON: inactive players will automatically lose when time's up. (requested by Laidla\u2764)\n|\n|t:|1701195016\n|start\n|switch|p1a: Venusaur|Venusaur, F|100\/100\n|switch|p2a: Tyranitar|Tyranitar, M|100\/100\n|-weather|Sandstorm|[from] ability: Sand Stream|[of] p2a: Tyranitar\n|turn|1\n|\n|t:|1701195030\n|move|p1a: Venusaur|Giga Drain|p2a: Tyranitar\n|-supereffective|p2a: Tyranitar\n|-damage|p2a: Tyranitar|65\/100\n|-damage|p1a: Venusaur|91\/100|[from] item: Life Orb\n|move|p2a: Tyranitar|Dragon Tail|p1a: Venusaur|[miss]\n|-miss|p2a: Tyranitar|p1a: Venusaur\n|\n|-weather|Sandstorm|[upkeep]\n|-damage|p1a: Venusaur|85\/100|[from] Sandstorm\n|upkeep\n|turn|2\n|\n|t:|1701195047\n|move|p1a: Venusaur|Earth Power|p2a: Tyranitar\n|-supereffective|p2a: Tyranitar\n|-damage|p2a: Tyranitar|40\/100\n|-damage|p1a: Venusaur|75\/100|[from] item: Life Orb\n|move|p2a: Tyranitar|Knock Off|p1a: Venusaur\n|-damage|p1a: Venusaur|17\/100\n|-enditem|p1a: Venusaur|Life Orb|[from] move: Knock Off|[of] p2a: Tyranitar\n|\n|-weather|Sandstorm|[upkeep]\n|-damage|p1a: Venusaur|11\/100|[from] Sandstorm\n|upkeep\n|turn|3\n|\n|t:|1701195064\n|move|p1a: Venusaur|Earth Power|p2a: Tyranitar\n|-supereffective|p2a: Tyranitar\n|-damage|p2a: Tyranitar|21\/100\n|move|p2a: Tyranitar|Knock Off|p1a: Venusaur\n|-damage|p1a: Venusaur|0 fnt\n|faint|p1a: Venusaur\n|\n|-weather|Sandstorm|[upkeep]\n|upkeep\n|inactive|Laidla\u2764 has 120 seconds left.\n|\n|t:|1701195096\n|switch|p1a: Charizard|Charizard, F|100\/100\n|turn|4\n|\n|t:|1701195101\n|switch|p2a: Rotom|Rotom-Wash|100\/100\n|move|p1a: Charizard|Scorching Sands|p2a: Rotom\n|-immune|p2a: Rotom|[from] ability: Levitate\n|\n|-weather|Sandstorm|[upkeep]\n|-damage|p1a: Charizard|94\/100|[from] Sandstorm\n|-damage|p2a: Rotom|95\/100|[from] Sandstorm\n|upkeep\n|turn|5\n|inactive|Laidla\u2764 has 120 seconds left.\n|\n|t:|1701195120\n|move|p1a: Charizard|Focus Blast|p2a: Rotom|[miss]\n|-miss|p1a: Charizard|p2a: Rotom\n|-zpower|p2a: Rotom\n|move|p2a: Rotom|Hydro Vortex|p1a: Charizard|[zeffect]\n|-supereffective|p1a: Charizard\n|-damage|p1a: Charizard|0 fnt\n|faint|p1a: Charizard\n|\n|-weather|none\n|upkeep\n|\n|t:|1701195135\n|switch|p1a: Pikachu|Pikachu, F|100\/100\n|turn|6\n|\n|t:|1701195151\n|move|p1a: Pikachu|Brick Break|p2a: Rotom\n|-damage|p2a: Rotom|68\/100\n|move|p2a: Rotom|Hydro Pump|p1a: Pikachu\n|-damage|p1a: Pikachu|0 fnt\n|faint|p1a: Pikachu\n|\n|upkeep\n|\n|t:|1701195165\n|switch|p1a: Blastoise|Blastoise, F|100\/100\n|turn|7\n|\n|t:|1701195170\n|move|p2a: Rotom|Volt Switch|p1a: Blastoise\n|-supereffective|p1a: Blastoise\n|-damage|p1a: Blastoise|52\/100\n|\n|t:|1701195172\n|switch|p2a: Rillaboom|Rillaboom, M|100\/100|[from] Volt Switch\n|-fieldstart|move: Grassy Terrain|[from] ability: Grassy Surge|[of] p2a: Rillaboom\n|move|p1a: Blastoise|Seismic Toss|p2a: Rillaboom\n|-damage|p2a: Rillaboom|71\/100\n|\n|-heal|p2a: Rillaboom|77\/100|[from] Grassy Terrain\n|-heal|p1a: Blastoise|59\/100|[from] Grassy Terrain\n|-heal|p1a: Blastoise|65\/100|[from] item: Leftovers\n|upkeep\n|turn|8\n|inactive|Laidla\u2764 has 120 seconds left.\n|\n|t:|1701195184\n|move|p2a: Rillaboom|Grassy Glide|p1a: Blastoise\n|-supereffective|p1a: Blastoise\n|-damage|p1a: Blastoise|0 fnt\n|faint|p1a: Blastoise\n|\n|-heal|p2a: Rillaboom|83\/100|[from] Grassy Terrain\n|upkeep\n|\n|t:|1701195192\n|switch|p1a: Espeon|Espeon, F|100\/100\n|turn|9\n|\n|t:|1701195204\n|switch|p2a: Tyranitar|Tyranitar, M|21\/100\n|-weather|Sandstorm|[from] ability: Sand Stream|[of] p2a: Tyranitar\n|-terastallize|p1a: Espeon|Fire\n|move|p1a: Espeon|Tera Blast|p2a: Tyranitar|[anim] Tera Blast Fire\n|-resisted|p2a: Tyranitar\n|-damage|p2a: Tyranitar|10\/100\n|\n|-weather|Sandstorm|[upkeep]\n|-damage|p1a: Espeon|94\/100|[from] Sandstorm\n|-heal|p1a: Espeon|100\/100|[from] Grassy Terrain\n|-heal|p2a: Tyranitar|16\/100|[from] Grassy Terrain\n|upkeep\n|turn|10\n|\n|t:|1701195218\n|switch|p1a: Snorlax|Snorlax, F|100\/100\n|move|p2a: Tyranitar|Rock Blast|p1a: Snorlax\n|-damage|p1a: Snorlax|91\/100\n|-damage|p1a: Snorlax|80\/100\n|-damage|p1a: Snorlax|70\/100\n|-hitcount|p1a: Snorlax|3\n|\n|-weather|Sandstorm|[upkeep]\n|-damage|p1a: Snorlax|64\/100|[from] Sandstorm\n|-heal|p2a: Tyranitar|22\/100|[from] Grassy Terrain\n|-heal|p1a: Snorlax|70\/100|[from] Grassy Terrain\n|-heal|p1a: Snorlax|77\/100|[from] item: Leftovers\n|upkeep\n|turn|11\n|\n|t:|1701195231\n|move|p2a: Tyranitar|Knock Off|p1a: Snorlax\n|-damage|p1a: Snorlax|32\/100\n|-enditem|p1a: Snorlax|Leftovers|[from] move: Knock Off|[of] p2a: Tyranitar\n|move|p1a: Snorlax|Earthquake|p2a: Tyranitar\n|-supereffective|p2a: Tyranitar\n|-damage|p2a: Tyranitar|3\/100\n|\n|-weather|Sandstorm|[upkeep]\n|-damage|p1a: Snorlax|26\/100|[from] Sandstorm\n|-heal|p2a: Tyranitar|9\/100|[from] Grassy Terrain\n|-heal|p1a: Snorlax|32\/100|[from] Grassy Terrain\n|-fieldend|move: Grassy Terrain\n|upkeep\n|turn|12\n|\n|t:|1701195244\n|switch|p2a: Rillaboom|Rillaboom, M|83\/100\n|-fieldstart|move: Grassy Terrain|[from] ability: Grassy Surge|[of] p2a: Rillaboom\n|move|p1a: Snorlax|Earthquake|p2a: Rillaboom\n|-resisted|p2a: Rillaboom\n|-damage|p2a: Rillaboom|77\/100\n|\n|-weather|Sandstorm|[upkeep]\n|-damage|p2a: Rillaboom|71\/100|[from] Sandstorm\n|-damage|p1a: Snorlax|26\/100|[from] Sandstorm\n|-heal|p2a: Rillaboom|77\/100|[from] Grassy Terrain\n|-heal|p1a: Snorlax|32\/100|[from] Grassy Terrain\n|upkeep\n|turn|13\n|\n|t:|1701195256\n|move|p2a: Rillaboom|Wood Hammer|p1a: Snorlax\n|-damage|p1a: Snorlax|0 fnt\n|faint|p1a: Snorlax\n|-damage|p2a: Rillaboom|63\/100|[from] Recoil\n|\n|-weather|none\n|-heal|p2a: Rillaboom|69\/100|[from] Grassy Terrain\n|upkeep\n|\n|t:|1701195263\n|switch|p1a: Espeon|Espeon, F, tera:Fire|100\/100\n|turn|14\n|\n|t:|1701195272\n|switch|p2a: Tyranitar|Tyranitar, M|9\/100\n|-weather|Sandstorm|[from] ability: Sand Stream|[of] p2a: Tyranitar\n|move|p1a: Espeon|Tera Blast|p2a: Tyranitar|[anim] Tera Blast Fire\n|-resisted|p2a: Tyranitar\n|-damage|p2a: Tyranitar|0 fnt\n|faint|p2a: Tyranitar\n|\n|-weather|Sandstorm|[upkeep]\n|-damage|p1a: Espeon|94\/100|[from] Sandstorm\n|-heal|p1a: Espeon|100\/100|[from] Grassy Terrain\n|upkeep\n|\n|t:|1701195275\n|switch|p2a: Kartana|Kartana|100\/100\n|turn|15\n|\n|t:|1701195287\n|move|p2a: Kartana|Knock Off|p1a: Espeon\n|-damage|p1a: Espeon|17\/100\n|-enditem|p1a: Espeon|Choice Specs|[from] move: Knock Off|[of] p2a: Kartana\n|move|p1a: Espeon|Tera Blast|p2a: Kartana|[anim] Tera Blast Fire\n|-supereffective|p2a: Kartana\n|-damage|p2a: Kartana|0 fnt\n|faint|p2a: Kartana\n|\n|-weather|Sandstorm|[upkeep]\n|-damage|p1a: Espeon|11\/100|[from] Sandstorm\n|-heal|p1a: Espeon|17\/100|[from] Grassy Terrain\n|upkeep\n|\n|t:|1701195290\n|switch|p2a: Sneasler|Sneasler, M|100\/100\n|-enditem|p2a: Sneasler|Grassy Seed\n|-boost|p2a: Sneasler|def|1|[from] item: Grassy Seed\n|turn|16\n|inactive|Laidla\u2764 has 120 seconds left.\n|inactive|Laidla\u2764 has 90 seconds left.\n|inactive|Laidla\u2764 has 60 seconds left.\n|inactive|Laidla\u2764 has 30 seconds left.\n|l|\u2606Akiboy\n|inactive|Akiboy disconnected and has a minute to reconnect!\n|player|p2|\n|inactive|Laidla\u2764 has 20 seconds left.\n|inactive|Laidla\u2764 has 15 seconds left.\n|inactive|Laidla\u2764 has 10 seconds left.\n|inactive|Laidla\u2764 has 5 seconds left.\n|-message|Laidla\u2764 lost due to inactivity.\n|\n|win|Akiboy\n|raw|Laidla\u2764's rating: 1202 &rarr; <strong>1180<\/strong><br \/>(-22 for losing)\n|raw|Akiboy's rating: 1243 &rarr; <strong>1265<\/strong><br \/>(+22 for winning)\n","uploadtime":1701195450,"views":0,"p1id":"laidla","p2id":"akiboy","formatid":"gen9nationaldex","rating":1180,"private":0,"password":""}