{"id":"gen9nationaldex-1994324242","p1":"SwiftyTheStaraptor","p2":"sunnytrolly","format":"[Gen 9] National Dex","log":"|j|\u2606SwiftyTheStaraptor\n|j|\u2606sunnytrolly\n|t:|1700431166\n|gametype|singles\n|player|p1|SwiftyTheStaraptor|169|\n|player|p2|sunnytrolly|ash|\n|teamsize|p1|6\n|teamsize|p2|6\n|gen|9\n|tier|[Gen 9] National Dex\n|rule|HP Percentage Mod: HP is shown in percentages\n|rule|Endless Battle Clause: Forcing endless battles is banned\n|rule|OHKO Clause: OHKO moves are banned\n|rule|Evasion Clause: Evasion abilities, items, and moves are banned\n|rule|Evasion Abilities Clause: Evasion abilities are banned\n|rule|Evasion Items Clause: Evasion items are banned\n|rule|Evasion Moves Clause: Evasion moves are banned\n|rule|Species Clause: Limit one of each Pok\u00e9mon\n|rule|Sleep Clause Mod: Limit one foe put to sleep\n|clearpoke\n|poke|p1|Venusaur, F|\n|poke|p1|Charizard, F|\n|poke|p1|Blastoise, F|\n|poke|p1|Pikachu, M|\n|poke|p1|Snorlax, M|\n|poke|p1|Clefable, M|\n|poke|p2|Infernape, M|\n|poke|p2|Gliscor, M|\n|poke|p2|Sceptile, M|\n|poke|p2|Snorlax, M|\n|poke|p2|Charizard, M|\n|poke|p2|Heracross, M|\n|teampreview\n|c|\u2606sunnytrolly|alr\n|j| prince5\n|\n|t:|1700431179\n|start\n|switch|p1a: Clefable|Clefable, M|100\/100\n|switch|p2a: Gliscor|Gliscor, M|100\/100\n|turn|1\n|\n|t:|1700431212\n|move|p2a: Gliscor|Protect|p2a: Gliscor\n|-singleturn|p2a: Gliscor|Protect\n|move|p1a: Clefable|Stealth Rock|p2a: Gliscor\n|-sidestart|p2: sunnytrolly|move: Stealth Rock\n|\n|-status|p2a: Gliscor|tox|[from] item: Toxic Orb\n|upkeep\n|turn|2\n|\n|t:|1700431225\n|switch|p1a: Blastoise|Blastoise, F|100\/100\n|move|p2a: Gliscor|Toxic|p1a: Blastoise\n|-status|p1a: Blastoise|tox\n|\n|-damage|p1a: Blastoise|94\/100 tox|[from] psn\n|upkeep\n|turn|3\n|\n|t:|1700431240\n|-terastallize|p2a: Gliscor|Fairy\n|move|p2a: Gliscor|Protect|p2a: Gliscor\n|-singleturn|p2a: Gliscor|Protect\n|move|p1a: Blastoise|Shell Smash|p1a: Blastoise\n|-unboost|p1a: Blastoise|def|1\n|-unboost|p1a: Blastoise|spd|1\n|-boost|p1a: Blastoise|atk|2\n|-boost|p1a: Blastoise|spa|2\n|-boost|p1a: Blastoise|spe|2\n|-enditem|p1a: Blastoise|White Herb\n|-clearnegativeboost|p1a: Blastoise|[silent]\n|\n|-damage|p1a: Blastoise|82\/100 tox|[from] psn\n|upkeep\n|turn|4\n|\n|t:|1700431263\n|move|p2a: Gliscor|Protect||[still]\n|-fail|p2a: Gliscor\n|move|p1a: Blastoise|Hydro Pump|p2a: Gliscor\n|-damage|p2a: Gliscor|17\/100 tox\n|\n|-damage|p1a: Blastoise|64\/100 tox|[from] psn\n|-heal|p2a: Gliscor|30\/100 tox|[from] ability: Poison Heal\n|upkeep\n|turn|5\n|\n|t:|1700431287\n|move|p2a: Gliscor|Protect|p2a: Gliscor\n|-singleturn|p2a: Gliscor|Protect\n|move|p1a: Blastoise|Hydro Pump|p2a: Gliscor\n|-activate|p2a: Gliscor|move: Protect\n|\n|-damage|p1a: Blastoise|40\/100 tox|[from] psn\n|-heal|p2a: Gliscor|42\/100 tox|[from] ability: Poison Heal\n|upkeep\n|turn|6\n|\n|t:|1700431304\n|switch|p2a: Snorlax|Snorlax, M|100\/100\n|-damage|p2a: Snorlax|88\/100|[from] Stealth Rock\n|move|p1a: Blastoise|Hydro Pump|p2a: Snorlax|[miss]\n|-miss|p1a: Blastoise|p2a: Snorlax\n|\n|-heal|p2a: Snorlax|94\/100|[from] item: Leftovers\n|-damage|p1a: Blastoise|10\/100 tox|[from] psn\n|upkeep\n|turn|7\n|\n|t:|1700431324\n|move|p1a: Blastoise|Hydro Pump|p2a: Snorlax\n|-damage|p2a: Snorlax|22\/100\n|move|p2a: Snorlax|Body Slam|p1a: Blastoise\n|-damage|p1a: Blastoise|0 fnt\n|faint|p1a: Blastoise\n|\n|-heal|p2a: Snorlax|28\/100|[from] item: Leftovers\n|upkeep\n|\n|t:|1700431347\n|switch|p1a: Charizard|Charizard, F|100\/100\n|turn|8\n|\n|t:|1700431371\n|detailschange|p1a: Charizard|Charizard-Mega-Y, F\n|-mega|p1a: Charizard|Charizard|Charizardite Y\n|-weather|SunnyDay|[from] ability: Drought|[of] p1a: Charizard\n|move|p1a: Charizard|Flamethrower|p2a: Snorlax\n|-damage|p2a: Snorlax|3\/100\n|move|p2a: Snorlax|Curse|p2a: Snorlax\n|-unboost|p2a: Snorlax|spe|1\n|-boost|p2a: Snorlax|atk|1\n|-boost|p2a: Snorlax|def|1\n|\n|-weather|SunnyDay|[upkeep]\n|-heal|p2a: Snorlax|9\/100|[from] item: Leftovers\n|upkeep\n|turn|9\n|\n|t:|1700431400\n|move|p1a: Charizard|Flamethrower|p2a: Snorlax\n|-damage|p2a: Snorlax|0 fnt\n|faint|p2a: Snorlax\n|\n|-weather|SunnyDay|[upkeep]\n|upkeep\n|\n|t:|1700431410\n|switch|p2a: Heracross|Heracross, M|100\/100\n|-damage|p2a: Heracross|88\/100|[from] Stealth Rock\n|turn|10\n|\n|t:|1700431418\n|switch|p2a: Charizard|Charizard, M|100\/100\n|-damage|p2a: Charizard|51\/100|[from] Stealth Rock\n|move|p1a: Charizard|Flamethrower|p2a: Charizard\n|-resisted|p2a: Charizard\n|-damage|p2a: Charizard|0 fnt\n|faint|p2a: Charizard\n|\n|-weather|SunnyDay|[upkeep]\n|upkeep\n|\n|t:|1700431427\n|switch|p2a: Infernape|Infernape, M|100\/100\n|-damage|p2a: Infernape|88\/100|[from] Stealth Rock\n|turn|11\n|\n|t:|1700431436\n|move|p2a: Infernape|Switcheroo||[still]\n|-fail|p2a: Infernape\n|move|p1a: Charizard|Scorching Sands|p2a: Infernape\n|-supereffective|p2a: Infernape\n|-damage|p2a: Infernape|5\/100\n|\n|-weather|SunnyDay|[upkeep]\n|upkeep\n|turn|12\n|\n|t:|1700431451\n|switch|p2a: Sceptile|Sceptile, M|100\/100\n|-damage|p2a: Sceptile|88\/100|[from] Stealth Rock\n|move|p1a: Charizard|Air Slash|p2a: Sceptile\n|-supereffective|p2a: Sceptile\n|-damage|p2a: Sceptile|0 fnt\n|faint|p2a: Sceptile\n|\n|-weather|none\n|upkeep\n|l| prince5\n|\n|t:|1700431486\n|switch|p2a: Heracross|Heracross, M|88\/100\n|-damage|p2a: Heracross|76\/100|[from] Stealth Rock\n|turn|13\n|\n|t:|1700431493\n|move|p1a: Charizard|Air Slash|p2a: Heracross\n|-supereffective|p2a: Heracross\n|-damage|p2a: Heracross|0 fnt\n|faint|p2a: Heracross\n|\n|upkeep\n|\n|t:|1700431497\n|switch|p2a: Gliscor|Gliscor, M, tera:Fairy|42\/100 tox\n|-damage|p2a: Gliscor|30\/100 tox|[from] Stealth Rock\n|turn|14\n|\n|t:|1700431510\n|switch|p1a: Clefable|Clefable, M|100\/100\n|move|p2a: Gliscor|Protect||[still]\n|-fail|p2a: Gliscor\n|\n|-heal|p2a: Gliscor|42\/100 tox|[from] ability: Poison Heal\n|upkeep\n|turn|15\n|\n|t:|1700431519\n|move|p2a: Gliscor|Toxic|p1a: Clefable\n|-status|p1a: Clefable|tox\n|move|p1a: Clefable|Moonblast|p2a: Gliscor\n|-damage|p2a: Gliscor|15\/100 tox\n|\n|-heal|p2a: Gliscor|27\/100 tox|[from] ability: Poison Heal\n|upkeep\n|turn|16\n|\n|t:|1700431549\n|move|p2a: Gliscor|Protect|p2a: Gliscor\n|-singleturn|p2a: Gliscor|Protect\n|move|p1a: Clefable|Moonblast|p2a: Gliscor\n|-activate|p2a: Gliscor|move: Protect\n|\n|-heal|p2a: Gliscor|40\/100 tox|[from] ability: Poison Heal\n|upkeep\n|turn|17\n|c|\u2606sunnytrolly|ima toxic\n|\n|t:|1700431559\n|move|p2a: Gliscor|Defog|p1a: Clefable\n|-unboost|p1a: Clefable|evasion|1\n|-sideend|p2: sunnytrolly|Stealth Rock|[from] move: Defog|[of] p2a: Gliscor\n|move|p1a: Clefable|Moonblast|p2a: Gliscor\n|-damage|p2a: Gliscor|14\/100 tox\n|\n|-heal|p2a: Gliscor|27\/100 tox|[from] ability: Poison Heal\n|upkeep\n|turn|18\n|\n|t:|1700431569\n|switch|p1a: Pikachu|Pikachu, M|100\/100\n|move|p2a: Gliscor|Protect||[still]\n|-fail|p2a: Gliscor\n|\n|-heal|p2a: Gliscor|39\/100 tox|[from] ability: Poison Heal\n|upkeep\n|turn|19\n|\n|t:|1700431576\n|-terastallize|p1a: Pikachu|Ice\n|move|p1a: Pikachu|Tera Blast|p2a: Gliscor|[anim] Tera Blast Ice\n|-damage|p2a: Gliscor|0 fnt\n|faint|p2a: Gliscor\n|\n|upkeep\n|\n|t:|1700431582\n|switch|p2a: Infernape|Infernape, M|5\/100\n|turn|20\n|\n|t:|1700431589\n|move|p2a: Infernape|Flamethrower|p1a: Pikachu\n|-supereffective|p1a: Pikachu\n|-damage|p1a: Pikachu|0 fnt\n|faint|p1a: Pikachu\n|\n|upkeep\n|\n|t:|1700431596\n|switch|p1a: Charizard|Charizard-Mega-Y, F|100\/100\n|-weather|SunnyDay|[from] ability: Drought|[of] p1a: Charizard\n|turn|21\n|\n|t:|1700431600\n|move|p2a: Infernape|Flamethrower|p1a: Charizard\n|-resisted|p1a: Charizard\n|-damage|p1a: Charizard|55\/100\n|move|p1a: Charizard|Air Slash|p2a: Infernape\n|-supereffective|p2a: Infernape\n|-damage|p2a: Infernape|0 fnt\n|faint|p2a: Infernape\n|\n|win|SwiftyTheStaraptor\n|c|\u2606SwiftyTheStaraptor|gg\n|l|\u2606SwiftyTheStaraptor\n|j| prince5\n|c|\u2606sunnytrolly|wanna\n|l|\u2606sunnytrolly\n|l| prince5\n|j| prince5\n","uploadtime":1700431707,"views":4,"p1id":"swiftythestaraptor","p2id":"sunnytrolly","formatid":"gen9nationaldex","rating":0,"private":0,"password":""}