{"id":"gen9nationaldex-1991443438","p1":"Tremendo97","p2":"CrackKen","format":"[Gen 9] National Dex","log":"|j|\u2606Tremendo97\n|j|\u2606CrackKen\n|t:|1700077548\n|gametype|singles\n|player|p1|Tremendo97|clown|\n|player|p2|CrackKen|1|\n|teamsize|p1|6\n|teamsize|p2|6\n|gen|9\n|tier|[Gen 9] National Dex\n|rule|HP Percentage Mod: HP is shown in percentages\n|rule|Endless Battle Clause: Forcing endless battles is banned\n|rule|OHKO Clause: OHKO moves are banned\n|rule|Evasion Clause: Evasion abilities, items, and moves are banned\n|rule|Evasion Abilities Clause: Evasion abilities are banned\n|rule|Evasion Items Clause: Evasion items are banned\n|rule|Evasion Moves Clause: Evasion moves are banned\n|rule|Species Clause: Limit one of each Pok\u00e9mon\n|rule|Sleep Clause Mod: Limit one foe put to sleep\n|clearpoke\n|poke|p1|Zapdos|\n|poke|p1|Venusaur, F|\n|poke|p1|Gliscor, F|\n|poke|p1|Infernape, F|\n|poke|p1|Grimmsnarl, M|\n|poke|p1|Volcarona, F|\n|poke|p2|Iron Moth|\n|poke|p2|Klefki, M|\n|poke|p2|Greninja-*, F|\n|poke|p2|Venusaur, F|\n|poke|p2|Jirachi|\n|poke|p2|Snorlax, M|\n|teampreview\n|j| Guillarco28\n|\n|t:|1700077565\n|start\n|switch|p1a: CieloNepe|Infernape, F|100\/100\n|switch|p2a: Iron Moth|Iron Moth|100\/100\n|-enditem|p2a: Iron Moth|Booster Energy\n|-activate|p2a: Iron Moth|ability: Quark Drive|[fromitem]\n|-start|p2a: Iron Moth|quarkdrivespa\n|turn|1\n|\n|t:|1700077612\n|move|p1a: CieloNepe|U-turn|p2a: Iron Moth\n|-resisted|p2a: Iron Moth\n|-damage|p2a: Iron Moth|91\/100\n|\n|t:|1700077615\n|switch|p1a: Mr.Fumeta|Gliscor, F|100\/100|[from] U-turn\n|move|p2a: Iron Moth|Sludge Wave|p1a: Mr.Fumeta\n|-resisted|p1a: Mr.Fumeta\n|-damage|p1a: Mr.Fumeta|56\/100\n|\n|-status|p1a: Mr.Fumeta|tox|[from] item: Toxic Orb\n|upkeep\n|turn|2\n|\n|t:|1700077639\n|move|p2a: Iron Moth|Fiery Dance|p1a: Mr.Fumeta\n|-damage|p1a: Mr.Fumeta|0 fnt\n|faint|p1a: Mr.Fumeta\n|\n|upkeep\n|\n|t:|1700077656\n|switch|p1a: Cosquillas|Grimmsnarl, M, shiny|100\/100\n|turn|3\n|\n|t:|1700077672\n|move|p1a: Cosquillas|Fake Out|p2a: Iron Moth\n|-damage|p2a: Iron Moth|74\/100\n|cant|p2a: Iron Moth|flinch\n|\n|upkeep\n|turn|4\n|\n|t:|1700077679\n|move|p1a: Cosquillas|Light Screen|p1a: Cosquillas\n|-sidestart|p1: Tremendo97|move: Light Screen\n|move|p2a: Iron Moth|Sludge Wave|p1a: Cosquillas\n|-supereffective|p1a: Cosquillas\n|-damage|p1a: Cosquillas|33\/100\n|\n|-heal|p1a: Cosquillas|39\/100|[from] item: Leftovers\n|upkeep\n|turn|5\n|\n|t:|1700077703\n|switch|p1a: KfC|Zapdos, shiny|100\/100\n|move|p2a: Iron Moth|Fiery Dance|p1a: KfC\n|-damage|p1a: KfC|73\/100\n|-boost|p2a: Iron Moth|spa|1\n|\n|upkeep\n|turn|6\n|\n|t:|1700077740\n|move|p2a: Iron Moth|Protect|p2a: Iron Moth\n|-singleturn|p2a: Iron Moth|Protect\n|move|p1a: KfC|Volt Switch|p2a: Iron Moth\n|-activate|p2a: Iron Moth|move: Protect\n|\n|upkeep\n|turn|7\n|\n|t:|1700077749\n|move|p2a: Iron Moth|Sludge Wave|p1a: KfC\n|-damage|p1a: KfC|24\/100\n|move|p1a: KfC|Toxic|p2a: Iron Moth\n|-immune|p2a: Iron Moth\n|\n|upkeep\n|turn|8\n|\n|t:|1700077757\n|move|p2a: Iron Moth|Sludge Wave|p1a: KfC\n|-damage|p1a: KfC|0 fnt\n|faint|p1a: KfC\n|\n|-sideend|p1: Tremendo97|move: Light Screen\n|upkeep\n|\n|t:|1700077764\n|switch|p1a: CieloNepe|Infernape, F|100\/100\n|turn|9\n|\n|t:|1700077780\n|move|p1a: CieloNepe|Thunder Punch|p2a: Iron Moth\n|-damage|p2a: Iron Moth|22\/100\n|move|p2a: Iron Moth|Sludge Wave|p1a: CieloNepe\n|-damage|p1a: CieloNepe|0 fnt\n|faint|p1a: CieloNepe\n|\n|upkeep\n|\n|t:|1700077788\n|switch|p1a: Volcarona|Volcarona, F|100\/100\n|turn|10\n|\n|t:|1700077792\n|move|p2a: Iron Moth|Fiery Dance|p1a: Volcarona\n|-damage|p1a: Volcarona|18\/100\n|-boost|p2a: Iron Moth|spa|1\n|move|p1a: Volcarona|Air Slash|p2a: Iron Moth\n|-damage|p2a: Iron Moth|0 fnt\n|faint|p2a: Iron Moth\n|-end|p2a: Iron Moth|Quark Drive|[silent]\n|\n|upkeep\n|\n|t:|1700077799\n|switch|p2a: Greninja|Greninja, F|100\/100\n|turn|11\n|\n|t:|1700077806\n|switch|p1a: Strawberry|Venusaur, F|100\/100\n|move|p2a: Greninja|Ice Beam|p1a: Strawberry\n|-start|p2a: Greninja|typechange|Ice|[from] ability: Protean\n|-supereffective|p1a: Strawberry\n|-damage|p1a: Strawberry|8\/100\n|\n|upkeep\n|turn|12\n|\n|t:|1700077844\n|detailschange|p1a: Strawberry|Venusaur-Mega, F\n|-mega|p1a: Strawberry|Venusaur|Venusaurite\n|move|p2a: Greninja|Ice Beam|p1a: Strawberry\n|-supereffective|p1a: Strawberry\n|-damage|p1a: Strawberry|0 fnt\n|faint|p1a: Strawberry\n|\n|upkeep\n|\n|t:|1700077850\n|switch|p1a: Cosquillas|Grimmsnarl, M, shiny|39\/100\n|turn|13\n|\n|t:|1700077870\n|move|p1a: Cosquillas|Fake Out|p2a: Greninja\n|-damage|p2a: Greninja|82\/100\n|cant|p2a: Greninja|flinch\n|\n|-heal|p1a: Cosquillas|45\/100|[from] item: Leftovers\n|upkeep\n|turn|14\n|\n|t:|1700077881\n|move|p1a: Cosquillas|Light Screen|p1a: Cosquillas\n|-sidestart|p1: Tremendo97|move: Light Screen\n|move|p2a: Greninja|Ice Beam|p1a: Cosquillas\n|-damage|p1a: Cosquillas|16\/100\n|\n|-heal|p1a: Cosquillas|22\/100|[from] item: Leftovers\n|upkeep\n|turn|15\n|\n|t:|1700077889\n|move|p1a: Cosquillas|Parting Shot|p2a: Greninja\n|-unboost|p2a: Greninja|atk|1\n|-unboost|p2a: Greninja|spa|1\n|\n|t:|1700077893\n|switch|p1a: Volcarona|Volcarona, F|18\/100|[from] Parting Shot\n|move|p2a: Greninja|Ice Beam|p1a: Volcarona\n|-resisted|p1a: Volcarona\n|-damage|p1a: Volcarona|8\/100\n|\n|upkeep\n|turn|16\n|\n|t:|1700077931\n|-terastallize|p2a: Greninja|Dark\n|move|p2a: Greninja|Ice Beam|p1a: Volcarona\n|-resisted|p1a: Volcarona\n|-damage|p1a: Volcarona|0 fnt\n|faint|p1a: Volcarona\n|\n|upkeep\n|\n|t:|1700077936\n|switch|p1a: Cosquillas|Grimmsnarl, M, shiny|22\/100\n|turn|17\n|\n|t:|1700077942\n|move|p1a: Cosquillas|Fake Out|p2a: Greninja\n|-damage|p2a: Greninja|63\/100\n|cant|p2a: Greninja|flinch\n|\n|-heal|p1a: Cosquillas|28\/100|[from] item: Leftovers\n|upkeep\n|turn|18\n|\n|t:|1700077951\n|move|p1a: Cosquillas|Light Screen||[still]\n|-fail|p1a: Cosquillas\n|move|p2a: Greninja|Ice Beam|p1a: Cosquillas\n|-damage|p1a: Cosquillas|10\/100\n|\n|-heal|p1a: Cosquillas|16\/100|[from] item: Leftovers\n|-sideend|p1: Tremendo97|move: Light Screen\n|upkeep\n|turn|19\n|\n|t:|1700077962\n|move|p1a: Cosquillas|Taunt|p2a: Greninja\n|-hint|Since gen 7, Dark is immune to Prankster moves.\n|-immune|p2a: Greninja\n|move|p2a: Greninja|Ice Beam|p1a: Cosquillas\n|-damage|p1a: Cosquillas|0 fnt\n|faint|p1a: Cosquillas\n|\n|win|CrackKen\n|l|\u2606CrackKen\n","uploadtime":1700077983,"views":8,"p1id":"tremendo97","p2id":"crackken","formatid":"gen9nationaldex","rating":0,"private":0,"password":""}