{"id":"gen9nationaldex-1986994545","p1":"TiPiscioInCulo","p2":"spacofamilia","format":"[Gen 9] National Dex","log":"|j|\u2606TiPiscioInCulo\n|j|\u2606spacofamilia\n|t:|1699547475\n|gametype|singles\n|player|p1|TiPiscioInCulo|hero2-conquest|\n|player|p2|spacofamilia|rood|\n|teamsize|p1|6\n|teamsize|p2|6\n|gen|9\n|tier|[Gen 9] National Dex\n|rule|HP Percentage Mod: HP is shown in percentages\n|rule|Endless Battle Clause: Forcing endless battles is banned\n|rule|OHKO Clause: OHKO moves are banned\n|rule|Evasion Clause: Evasion abilities, items, and moves are banned\n|rule|Evasion Abilities Clause: Evasion abilities are banned\n|rule|Evasion Items Clause: Evasion items are banned\n|rule|Evasion Moves Clause: Evasion moves are banned\n|rule|Species Clause: Limit one of each Pok\u00e9mon\n|rule|Sleep Clause Mod: Limit one foe put to sleep\n|clearpoke\n|poke|p1|Lopunny, F|\n|poke|p1|Scream Tail|\n|poke|p1|Dondozo, F|\n|poke|p1|Gliscor, M|\n|poke|p1|Toxapex, F|\n|poke|p1|Great Tusk|\n|poke|p2|Typhlosion-Hisui, M|\n|poke|p2|Slowking, F|\n|poke|p2|Baxcalibur, M|\n|poke|p2|Zapdos|\n|poke|p2|Glimmora, F|\n|poke|p2|Great Tusk|\n|teampreview\n|c|\u2606TiPiscioInCulo|HO SBAGLIATO TEAM\n|c|\u2606TiPiscioInCulo|Vabbe\n|c|\u2606spacofamilia|rimanda se vuoi\n|\n|t:|1699547560\n|start\n|switch|p1a: Lopunny|Lopunny, F|100\/100\n|switch|p2a: Glimmora|Glimmora, F|100\/100\n|turn|1\n|\n|t:|1699547594\n|detailschange|p1a: Lopunny|Lopunny-Mega, F\n|-mega|p1a: Lopunny|Lopunny|Lopunnite\n|move|p1a: Lopunny|Fake Out|p2a: Glimmora\n|-resisted|p2a: Glimmora\n|-damage|p2a: Glimmora|89\/100\n|-activate|p2a: Glimmora|ability: Toxic Debris\n|-sidestart|p1: TiPiscioInCulo|move: Toxic Spikes\n|cant|p2a: Glimmora|flinch\n|\n|upkeep\n|turn|2\n|\n|t:|1699547605\n|move|p1a: Lopunny|Close Combat|p2a: Glimmora\n|-damage|p2a: Glimmora|28\/100\n|-unboost|p1a: Lopunny|def|1\n|-unboost|p1a: Lopunny|spd|1\n|-activate|p2a: Glimmora|ability: Toxic Debris\n|-sidestart|p1: TiPiscioInCulo|move: Toxic Spikes\n|move|p2a: Glimmora|Spikes|p1a: Lopunny\n|-sidestart|p1: TiPiscioInCulo|Spikes\n|\n|upkeep\n|turn|3\n|l|\u2606spacofamilia\n|player|p2|\n|j|\u2606spacofamilia\n|player|p2|spacofamilia|rood\n|\n|t:|1699547650\n|move|p1a: Lopunny|Close Combat|p2a: Glimmora\n|-damage|p2a: Glimmora|0 fnt\n|-unboost|p1a: Lopunny|def|1\n|-unboost|p1a: Lopunny|spd|1\n|faint|p2a: Glimmora\n|\n|upkeep\n|\n|t:|1699547664\n|switch|p2a: Great Tusk|Great Tusk|100\/100\n|turn|4\n|\n|t:|1699547685\n|switch|p1a: Gliscor|Gliscor, M|100\/100\n|move|p2a: Great Tusk|Stealth Rock|p1a: Gliscor\n|-sidestart|p1: TiPiscioInCulo|move: Stealth Rock\n|\n|-status|p1a: Gliscor|tox|[from] item: Toxic Orb\n|upkeep\n|turn|5\n|\n|t:|1699547693\n|-end|p2a: Great Tusk|Protosynthesis|[silent]\n|switch|p2a: Baxcalibur|Baxcalibur, M, shiny|100\/100\n|switch|p1a: Toxapex|Toxapex, F|100\/100\n|-sideend|p1: TiPiscioInCulo|move: Toxic Spikes|[of] p1a: Toxapex\n|-damage|p1a: Toxapex|88\/100|[from] Spikes\n|-damage|p1a: Toxapex|76\/100|[from] Stealth Rock\n|\n|upkeep\n|turn|6\n|\n|t:|1699547708\n|move|p2a: Baxcalibur|Swords Dance|p2a: Baxcalibur\n|-boost|p2a: Baxcalibur|atk|2\n|move|p1a: Toxapex|Scald|p2a: Baxcalibur\n|-resisted|p2a: Baxcalibur\n|-damage|p2a: Baxcalibur|88\/100\n|\n|upkeep\n|turn|7\n|\n|t:|1699547716\n|move|p2a: Baxcalibur|Earthquake|p1a: Toxapex\n|-supereffective|p1a: Toxapex\n|-damage|p1a: Toxapex|0 fnt\n|faint|p1a: Toxapex\n|\n|upkeep\n|\n|t:|1699547725\n|switch|p1a: Lopunny|Lopunny-Mega, F|100\/100\n|-damage|p1a: Lopunny|88\/100|[from] Spikes\n|-damage|p1a: Lopunny|82\/100|[from] Stealth Rock\n|turn|8\n|\n|t:|1699547734\n|switch|p2a: Great Tusk|Great Tusk|100\/100\n|move|p1a: Lopunny|Fake Out|p2a: Great Tusk\n|-damage|p2a: Great Tusk|88\/100\n|\n|-heal|p2a: Great Tusk|94\/100|[from] item: Leftovers\n|upkeep\n|turn|9\n|\n|t:|1699547749\n|switch|p1a: Great Tusk|Great Tusk|100\/100\n|-damage|p1a: Great Tusk|88\/100|[from] Spikes\n|-damage|p1a: Great Tusk|85\/100|[from] Stealth Rock\n|move|p2a: Great Tusk|Close Combat|p1a: Great Tusk\n|-damage|p1a: Great Tusk|62\/100\n|-unboost|p2a: Great Tusk|def|1\n|-unboost|p2a: Great Tusk|spd|1\n|\n|-heal|p2a: Great Tusk|100\/100|[from] item: Leftovers\n|-heal|p1a: Great Tusk|68\/100|[from] item: Leftovers\n|upkeep\n|turn|10\n|\n|t:|1699547772\n|-end|p2a: Great Tusk|Protosynthesis|[silent]\n|switch|p2a: Typhlosion|Typhlosion-Hisui, M, shiny|100\/100\n|move|p1a: Great Tusk|Rapid Spin|p2a: Typhlosion\n|-immune|p2a: Typhlosion\n|\n|-heal|p1a: Great Tusk|74\/100|[from] item: Leftovers\n|upkeep\n|turn|11\n|\n|t:|1699547790\n|-end|p1a: Great Tusk|Protosynthesis|[silent]\n|switch|p1a: Gliscor|Gliscor, M|100\/100 tox\n|-damage|p1a: Gliscor|88\/100 tox|[from] Stealth Rock\n|move|p2a: Typhlosion|Eruption|p1a: Gliscor\n|-damage|p1a: Gliscor|0 fnt\n|faint|p1a: Gliscor\n|\n|upkeep\n|\n|t:|1699547801\n|switch|p1a: Dondozo|Dondozo, F|100\/100\n|-damage|p1a: Dondozo|88\/100|[from] Spikes\n|-damage|p1a: Dondozo|76\/100|[from] Stealth Rock\n|turn|12\n|c|\u2606TiPiscioInCulo|Shitteroni\n|\n|t:|1699547861\n|switch|p2a: Zapdos|Zapdos|100\/100\n|move|p1a: Dondozo|Liquidation|p2a: Zapdos\n|-damage|p2a: Zapdos|74\/100\n|\n|-heal|p1a: Dondozo|82\/100|[from] item: Leftovers\n|upkeep\n|turn|13\n|\n|t:|1699547903\n|-terastallize|p1a: Dondozo|Dragon\n|move|p2a: Zapdos|Hidden Power|p1a: Dondozo\n|-supereffective|p1a: Dondozo\n|-damage|p1a: Dondozo|59\/100\n|move|p1a: Dondozo|Liquidation|p2a: Zapdos\n|-damage|p2a: Zapdos|50\/100\n|\n|-heal|p1a: Dondozo|65\/100|[from] item: Leftovers\n|upkeep\n|turn|14\n|c|\u2606TiPiscioInCulo|Hp?\n|\n|t:|1699547923\n|move|p2a: Zapdos|Roost|p2a: Zapdos\n|-heal|p2a: Zapdos|99\/100\n|-singleturn|p2a: Zapdos|move: Roost\n|move|p1a: Dondozo|Curse|p1a: Dondozo\n|-unboost|p1a: Dondozo|spe|1\n|-boost|p1a: Dondozo|atk|1\n|-boost|p1a: Dondozo|def|1\n|\n|-heal|p1a: Dondozo|71\/100|[from] item: Leftovers\n|upkeep\n|turn|15\n|\n|t:|1699547935\n|move|p2a: Zapdos|Volt Switch|p1a: Dondozo\n|-resisted|p1a: Dondozo\n|-damage|p1a: Dondozo|60\/100\n|\n|t:|1699547946\n|switch|p2a: Baxcalibur|Baxcalibur, M, shiny|88\/100|[from] Volt Switch\n|move|p1a: Dondozo|Curse|p1a: Dondozo\n|-unboost|p1a: Dondozo|spe|1\n|-boost|p1a: Dondozo|atk|1\n|-boost|p1a: Dondozo|def|1\n|\n|-heal|p1a: Dondozo|66\/100|[from] item: Leftovers\n|upkeep\n|turn|16\n|\n|t:|1699547958\n|move|p2a: Baxcalibur|Icicle Spear|p1a: Dondozo\n|-supereffective|p1a: Dondozo\n|-damage|p1a: Dondozo|57\/100\n|-supereffective|p1a: Dondozo\n|-damage|p1a: Dondozo|48\/100\n|-supereffective|p1a: Dondozo\n|-damage|p1a: Dondozo|40\/100\n|-supereffective|p1a: Dondozo\n|-damage|p1a: Dondozo|31\/100\n|-hitcount|p1a: Dondozo|4\n|move|p1a: Dondozo|Liquidation|p2a: Baxcalibur\n|-resisted|p2a: Baxcalibur\n|-damage|p2a: Baxcalibur|60\/100\n|-unboost|p2a: Baxcalibur|def|1\n|\n|-heal|p1a: Dondozo|37\/100|[from] item: Leftovers\n|upkeep\n|turn|17\n|\n|t:|1699547984\n|move|p2a: Baxcalibur|Icicle Spear|p1a: Dondozo\n|-supereffective|p1a: Dondozo\n|-damage|p1a: Dondozo|28\/100\n|-supereffective|p1a: Dondozo\n|-damage|p1a: Dondozo|18\/100\n|-supereffective|p1a: Dondozo\n|-damage|p1a: Dondozo|10\/100\n|-supereffective|p1a: Dondozo\n|-damage|p1a: Dondozo|1\/100\n|-hitcount|p1a: Dondozo|4\n|move|p1a: Dondozo|Rest|p1a: Dondozo\n|-status|p1a: Dondozo|slp|[from] move: Rest\n|-heal|p1a: Dondozo|100\/100 slp|[silent]\n|\n|upkeep\n|turn|18\n|c|\u2606spacofamilia|dio cane\n|\n|t:|1699547999\n|move|p2a: Baxcalibur|Swords Dance|p2a: Baxcalibur\n|-boost|p2a: Baxcalibur|atk|2\n|cant|p1a: Dondozo|slp\n|\n|upkeep\n|turn|19\n|c|\u2606TiPiscioInCulo|Ses\n|c|\u2606TiPiscioInCulo|Bro\n|c|\u2606TiPiscioInCulo|ho protect invece di sleep talk\n|\n|t:|1699548018\n|move|p2a: Baxcalibur|Icicle Spear|p1a: Dondozo\n|-supereffective|p1a: Dondozo\n|-damage|p1a: Dondozo|91\/100 slp\n|-supereffective|p1a: Dondozo\n|-damage|p1a: Dondozo|82\/100 slp\n|-supereffective|p1a: Dondozo\n|-damage|p1a: Dondozo|73\/100 slp\n|-supereffective|p1a: Dondozo\n|-crit|p1a: Dondozo\n|-damage|p1a: Dondozo|47\/100 slp\n|-supereffective|p1a: Dondozo\n|-damage|p1a: Dondozo|38\/100 slp\n|-hitcount|p1a: Dondozo|5\n|cant|p1a: Dondozo|slp\n|\n|-heal|p1a: Dondozo|45\/100 slp|[from] item: Leftovers\n|upkeep\n|turn|20\n|c|\u2606spacofamilia|ti proteggi nel sonno\n|\n|t:|1699548030\n|move|p2a: Baxcalibur|Icicle Spear|p1a: Dondozo\n|-supereffective|p1a: Dondozo\n|-damage|p1a: Dondozo|35\/100 slp\n|-supereffective|p1a: Dondozo\n|-damage|p1a: Dondozo|26\/100 slp\n|-supereffective|p1a: Dondozo\n|-damage|p1a: Dondozo|17\/100 slp\n|-supereffective|p1a: Dondozo\n|-damage|p1a: Dondozo|9\/100 slp\n|-supereffective|p1a: Dondozo\n|-damage|p1a: Dondozo|0 fnt\n|faint|p1a: Dondozo\n|-hitcount|p1: Dondozo|5\n|\n|upkeep\n|\n|t:|1699548034\n|switch|p1a: Lopunny|Lopunny-Mega, F|82\/100\n|-damage|p1a: Lopunny|70\/100|[from] Spikes\n|-damage|p1a: Lopunny|64\/100|[from] Stealth Rock\n|turn|21\n|\n|t:|1699548044\n|switch|p2a: Great Tusk|Great Tusk|100\/100\n|move|p1a: Lopunny|Return|p2a: Great Tusk\n|-damage|p2a: Great Tusk|66\/100\n|\n|-heal|p2a: Great Tusk|72\/100|[from] item: Leftovers\n|upkeep\n|turn|22\n|\n|t:|1699548067\n|switch|p1a: Scream Tail|Scream Tail|100\/100\n|-damage|p1a: Scream Tail|88\/100|[from] Spikes\n|-damage|p1a: Scream Tail|76\/100|[from] Stealth Rock\n|move|p2a: Great Tusk|Headlong Rush|p1a: Scream Tail\n|-damage|p1a: Scream Tail|37\/100\n|-unboost|p2a: Great Tusk|def|1\n|-unboost|p2a: Great Tusk|spd|1\n|\n|-heal|p1a: Scream Tail|44\/100|[from] item: Leftovers\n|-heal|p2a: Great Tusk|78\/100|[from] item: Leftovers\n|upkeep\n|turn|23\n|\n|t:|1699548107\n|move|p1a: Scream Tail|Wish|p1a: Scream Tail\n|move|p2a: Great Tusk|Headlong Rush|p1a: Scream Tail\n|-damage|p1a: Scream Tail|1\/100\n|-unboost|p2a: Great Tusk|def|1\n|-unboost|p2a: Great Tusk|spd|1\n|\n|-heal|p1a: Scream Tail|7\/100|[from] item: Leftovers\n|-heal|p2a: Great Tusk|84\/100|[from] item: Leftovers\n|upkeep\n|turn|24\n|\n|t:|1699548118\n|move|p1a: Scream Tail|Protect|p1a: Scream Tail\n|-singleturn|p1a: Scream Tail|Protect\n|move|p2a: Great Tusk|Headlong Rush|p1a: Scream Tail\n|-activate|p1a: Scream Tail|move: Protect\n|\n|-heal|p1a: Scream Tail|57\/100|[from] move: Wish|[wisher] Scream Tail\n|-heal|p1a: Scream Tail|64\/100|[from] item: Leftovers\n|-heal|p2a: Great Tusk|91\/100|[from] item: Leftovers\n|upkeep\n|turn|25\n|\n|t:|1699548130\n|-end|p2a: Great Tusk|Protosynthesis|[silent]\n|switch|p2a: Zapdos|Zapdos|99\/100\n|move|p1a: Scream Tail|Dazzling Gleam|p2a: Zapdos\n|-damage|p2a: Zapdos|81\/100\n|\n|-heal|p1a: Scream Tail|70\/100|[from] item: Leftovers\n|upkeep\n|turn|26\n|\n|t:|1699548146\n|move|p1a: Scream Tail|Encore||[still]\n|-fail|p1a: Scream Tail\n|move|p2a: Zapdos|Volt Switch|p1a: Scream Tail\n|-crit|p1a: Scream Tail\n|-damage|p1a: Scream Tail|38\/100\n|\n|t:|1699548152\n|switch|p2a: Typhlosion|Typhlosion-Hisui, M, shiny|100\/100|[from] Volt Switch\n|\n|-heal|p1a: Scream Tail|44\/100|[from] item: Leftovers\n|upkeep\n|turn|27\n|c|\u2606TiPiscioInCulo|Rip\n|\n|t:|1699548157\n|move|p1a: Scream Tail|Wish|p1a: Scream Tail\n|move|p2a: Typhlosion|Infernal Parade|p1a: Scream Tail\n|-supereffective|p1a: Scream Tail\n|-damage|p1a: Scream Tail|0 fnt\n|faint|p1a: Scream Tail\n|-end|p1a: Scream Tail|Protosynthesis|[silent]\n|\n|upkeep\n|c|\u2606spacofamilia|bella predict\n|\n|t:|1699548176\n|switch|p1a: Lopunny|Lopunny-Mega, F|64\/100\n|-damage|p1a: Lopunny|52\/100|[from] Spikes\n|-damage|p1a: Lopunny|46\/100|[from] Stealth Rock\n|turn|28\n|\n|t:|1699548186\n|switch|p2a: Zapdos|Zapdos|81\/100\n|move|p1a: Lopunny|Fake Out|p2a: Zapdos\n|-damage|p2a: Zapdos|61\/100\n|\n|-heal|p1a: Lopunny|100\/100|[from] move: Wish|[wisher] Scream Tail\n|upkeep\n|turn|29\n|\n|t:|1699548196\n|move|p1a: Lopunny|Return|p2a: Zapdos\n|-damage|p2a: Zapdos|12\/100\n|move|p2a: Zapdos|Thunderbolt|p1a: Lopunny\n|-damage|p1a: Lopunny|44\/100\n|\n|upkeep\n|turn|30\n|\n|t:|1699548203\n|move|p1a: Lopunny|Return|p2a: Zapdos\n|-damage|p2a: Zapdos|0 fnt\n|faint|p2a: Zapdos\n|\n|upkeep\n|\n|t:|1699548208\n|switch|p2a: Great Tusk|Great Tusk|91\/100\n|turn|31\n|\n|t:|1699548228\n|move|p1a: Lopunny|Close Combat|p2a: Great Tusk\n|-damage|p2a: Great Tusk|52\/100\n|-unboost|p1a: Lopunny|def|1\n|-unboost|p1a: Lopunny|spd|1\n|move|p2a: Great Tusk|Close Combat|p1a: Lopunny\n|-supereffective|p1a: Lopunny\n|-damage|p1a: Lopunny|0 fnt\n|-unboost|p2a: Great Tusk|def|1\n|-unboost|p2a: Great Tusk|spd|1\n|faint|p1a: Lopunny\n|\n|-heal|p2a: Great Tusk|59\/100|[from] item: Leftovers\n|upkeep\n|\n|t:|1699548231\n|switch|p1a: Great Tusk|Great Tusk|74\/100\n|-damage|p1a: Great Tusk|62\/100|[from] Spikes\n|-damage|p1a: Great Tusk|59\/100|[from] Stealth Rock\n|turn|32\n|\n|t:|1699548250\n|move|p2a: Great Tusk|Close Combat|p1a: Great Tusk\n|-damage|p1a: Great Tusk|33\/100\n|-unboost|p2a: Great Tusk|def|1\n|-unboost|p2a: Great Tusk|spd|1\n|move|p1a: Great Tusk|Rapid Spin|p2a: Great Tusk\n|-damage|p2a: Great Tusk|41\/100\n|-boost|p1a: Great Tusk|spe|1\n|-sideend|p1: TiPiscioInCulo|Spikes|[from] move: Rapid Spin|[of] p1a: Great Tusk\n|-sideend|p1: TiPiscioInCulo|Stealth Rock|[from] move: Rapid Spin|[of] p1a: Great Tusk\n|\n|-heal|p1a: Great Tusk|40\/100|[from] item: Leftovers\n|-heal|p2a: Great Tusk|47\/100|[from] item: Leftovers\n|upkeep\n|turn|33\n|\n|t:|1699548269\n|move|p1a: Great Tusk|Earthquake|p2a: Great Tusk\n|-damage|p2a: Great Tusk|0 fnt\n|faint|p2a: Great Tusk\n|-end|p2a: Great Tusk|Protosynthesis|[silent]\n|\n|-heal|p1a: Great Tusk|46\/100|[from] item: Leftovers\n|upkeep\n|\n|t:|1699548290\n|switch|p2a: Slowking|Slowking, F|100\/100\n|turn|34\n|\n|t:|1699548297\n|move|p1a: Great Tusk|Knock Off|p2a: Slowking\n|-supereffective|p2a: Slowking\n|-damage|p2a: Slowking|39\/100\n|-enditem|p2a: Slowking|Heavy-Duty Boots|[from] move: Knock Off|[of] p1a: Great Tusk\n|move|p2a: Slowking|Scald|p1a: Great Tusk\n|-supereffective|p1a: Great Tusk\n|-damage|p1a: Great Tusk|0 fnt\n|faint|p1a: Great Tusk\n|-end|p1a: Great Tusk|Protosynthesis|[silent]\n|\n|win|spacofamilia\n|c|\u2606TiPiscioInCulo|gg\n","uploadtime":1699548306,"views":4,"p1id":"tipiscioinculo","p2id":"spacofamilia","formatid":"gen9nationaldex","rating":0,"private":0,"password":""}