{"id":"gen9nationaldex-1989712698","p1":"mannmilk","p2":"EvelynIsBased","format":"[Gen 9] National Dex","log":"|j|\u2606mannmilk\n|j|\u2606EvelynIsBased\n|t:|1699889249\n|gametype|singles\n|player|p1|mannmilk|clown|1264\n|player|p2|EvelynIsBased|guitarist|1173\n|teamsize|p1|6\n|teamsize|p2|6\n|gen|9\n|tier|[Gen 9] National Dex\n|rated|\n|rule|HP Percentage Mod: HP is shown in percentages\n|rule|Endless Battle Clause: Forcing endless battles is banned\n|rule|OHKO Clause: OHKO moves are banned\n|rule|Evasion Clause: Evasion abilities, items, and moves are banned\n|rule|Evasion Abilities Clause: Evasion abilities are banned\n|rule|Evasion Items Clause: Evasion items are banned\n|rule|Evasion Moves Clause: Evasion moves are banned\n|rule|Species Clause: Limit one of each Pok\u00e9mon\n|rule|Sleep Clause Mod: Limit one foe put to sleep\n|clearpoke\n|poke|p1|Togekiss, F|\n|poke|p1|Rabsca, M|\n|poke|p1|Banette, M|\n|poke|p1|Hoopa-Unbound|\n|poke|p1|Dusknoir, M|\n|poke|p1|Lickilicky, M|\n|poke|p2|Cloyster, F|\n|poke|p2|Ambipom, M|\n|poke|p2|Basculegion, M|\n|poke|p2|Ribombee, F|\n|poke|p2|Heracross, M|\n|poke|p2|Haxorus, M|\n|teampreview\n|\n|t:|1699889255\n|start\n|switch|p1a: pooplover69|Banette, M|100\/100\n|switch|p2a: Cloyster|Cloyster, F|100\/100\n|-item|p2a: Cloyster|White Herb|[from] ability: Frisk|[of] p1a: pooplover69|[identify]\n|turn|1\n|\n|t:|1699889264\n|detailschange|p1a: pooplover69|Banette-Mega, M\n|-mega|p1a: pooplover69|Banette|Banettite\n|move|p2a: Cloyster|Icicle Spear|p1a: pooplover69\n|-damage|p1a: pooplover69|83\/100\n|-damage|p1a: pooplover69|67\/100\n|-damage|p1a: pooplover69|50\/100\n|-damage|p1a: pooplover69|34\/100\n|-damage|p1a: pooplover69|18\/100\n|-hitcount|p1a: pooplover69|5\n|move|p1a: pooplover69|Shadow Claw|p2a: Cloyster\n|-damage|p2a: Cloyster|60\/100\n|\n|upkeep\n|turn|2\n|\n|t:|1699889273\n|move|p1a: pooplover69|Destiny Bond|p1a: pooplover69\n|-singlemove|p1a: pooplover69|Destiny Bond\n|move|p2a: Cloyster|Shell Smash|p2a: Cloyster\n|-unboost|p2a: Cloyster|def|1\n|-unboost|p2a: Cloyster|spd|1\n|-boost|p2a: Cloyster|atk|2\n|-boost|p2a: Cloyster|spa|2\n|-boost|p2a: Cloyster|spe|2\n|-enditem|p2a: Cloyster|White Herb\n|-clearnegativeboost|p2a: Cloyster|[silent]\n|\n|upkeep\n|turn|3\n|\n|t:|1699889277\n|move|p1a: pooplover69|Encore|p2a: Cloyster\n|-start|p2a: Cloyster|Encore\n|move|p2a: Cloyster|Shell Smash|p2a: Cloyster\n|-unboost|p2a: Cloyster|def|1\n|-unboost|p2a: Cloyster|spd|1\n|-boost|p2a: Cloyster|atk|2\n|-boost|p2a: Cloyster|spa|2\n|-boost|p2a: Cloyster|spe|2\n|\n|upkeep\n|turn|4\n|\n|t:|1699889285\n|switch|p2a: Ribombee|Ribombee, F|100\/100\n|move|p1a: pooplover69|Thunder Wave|p2a: Ribombee\n|-status|p2a: Ribombee|par\n|\n|upkeep\n|turn|5\n|\n|t:|1699889290\n|move|p1a: pooplover69|Destiny Bond|p1a: pooplover69\n|-singlemove|p1a: pooplover69|Destiny Bond\n|move|p2a: Ribombee|Moonblast|p1a: pooplover69\n|-damage|p1a: pooplover69|0 fnt\n|faint|p1a: pooplover69\n|-activate|p1a: pooplover69|move: Destiny Bond\n|faint|p2a: Ribombee\n|\n|upkeep\n|\n|t:|1699889298\n|switch|p2a: Cloyster|Cloyster, F|60\/100\n|switch|p1a: \ud83d\ude02\ud83d\ude02\ud83d\ude02|Dusknoir, M|100\/100\n|turn|6\n|\n|t:|1699889304\n|move|p2a: Cloyster|Shell Smash|p2a: Cloyster\n|-unboost|p2a: Cloyster|def|1\n|-unboost|p2a: Cloyster|spd|1\n|-boost|p2a: Cloyster|atk|2\n|-boost|p2a: Cloyster|spa|2\n|-boost|p2a: Cloyster|spe|2\n|move|p1a: \ud83d\ude02\ud83d\ude02\ud83d\ude02|Trick Room|p1a: \ud83d\ude02\ud83d\ude02\ud83d\ude02\n|-fieldstart|move: Trick Room|[of] p1a: \ud83d\ude02\ud83d\ude02\ud83d\ude02\n|\n|upkeep\n|turn|7\n|\n|t:|1699889315\n|move|p1a: \ud83d\ude02\ud83d\ude02\ud83d\ude02|Power-Up Punch|p2a: Cloyster\n|-supereffective|p2a: Cloyster\n|-damage|p2a: Cloyster|14\/100\n|-boost|p1a: \ud83d\ude02\ud83d\ude02\ud83d\ude02|atk|1\n|-damage|p1a: \ud83d\ude02\ud83d\ude02\ud83d\ude02|91\/100|[from] item: Life Orb\n|move|p2a: Cloyster|Icicle Spear|p1a: \ud83d\ude02\ud83d\ude02\ud83d\ude02\n|-damage|p1a: \ud83d\ude02\ud83d\ude02\ud83d\ude02|66\/100\n|-damage|p1a: \ud83d\ude02\ud83d\ude02\ud83d\ude02|40\/100\n|-damage|p1a: \ud83d\ude02\ud83d\ude02\ud83d\ude02|15\/100\n|-damage|p1a: \ud83d\ude02\ud83d\ude02\ud83d\ude02|0 fnt\n|faint|p1a: \ud83d\ude02\ud83d\ude02\ud83d\ude02\n|-hitcount|p1: \ud83d\ude02\ud83d\ude02\ud83d\ude02|4\n|\n|upkeep\n|\n|t:|1699889320\n|switch|p1a: Magic Mike|Hoopa-Unbound|100\/100\n|turn|8\n|\n|t:|1699889329\n|move|p1a: Magic Mike|Dark Pulse|p2a: Cloyster\n|-damage|p2a: Cloyster|0 fnt\n|faint|p2a: Cloyster\n|\n|upkeep\n|\n|t:|1699889335\n|switch|p2a: Ambipom|Ambipom, M|100\/100\n|turn|9\n|\n|t:|1699889355\n|switch|p1a: DOOMSDAY|Lickilicky, M, shiny|100\/100\n|-ability|p1a: DOOMSDAY|Cloud Nine\n|move|p2a: Ambipom|Fake Out|p1a: DOOMSDAY\n|-damage|p1a: DOOMSDAY|77\/100\n|\n|upkeep\n|turn|10\n|\n|t:|1699889363\n|switch|p2a: Basculegion|Basculegion, M|100\/100\n|move|p1a: DOOMSDAY|Explosion|p2a: Basculegion\n|-immune|p2a: Basculegion\n|faint|p1a: DOOMSDAY\n|\n|-fieldend|move: Trick Room\n|upkeep\n|\n|t:|1699889369\n|switch|p1a: Togepiss|Togekiss, F|100\/100\n|turn|11\n|\n|t:|1699889376\n|move|p2a: Basculegion|Phantom Force||[still]\n|-prepare|p2a: Basculegion|Phantom Force\n|move|p1a: Togepiss|Reflect|p1a: Togepiss\n|-sidestart|p1: mannmilk|Reflect\n|\n|upkeep\n|turn|12\n|\n|t:|1699889380\n|move|p2a: Basculegion|Phantom Force|p1a: Togepiss|[from]lockedmove\n|-damage|p1a: Togepiss|72\/100\n|move|p1a: Togepiss|Light Screen|p1a: Togepiss\n|-sidestart|p1: mannmilk|move: Light Screen\n|\n|upkeep\n|turn|13\n|\n|t:|1699889391\n|move|p2a: Basculegion|Phantom Force||[still]\n|-prepare|p2a: Basculegion|Phantom Force\n|move|p1a: Togepiss|Air Slash|p2a: Basculegion|[miss]\n|-miss|p1a: Togepiss|p2a: Basculegion\n|\n|upkeep\n|turn|14\n|\n|t:|1699889394\n|move|p2a: Basculegion|Phantom Force|p1a: Togepiss|[from]lockedmove\n|-damage|p1a: Togepiss|47\/100\n|move|p1a: Togepiss|Air Slash|p2a: Basculegion\n|-damage|p2a: Basculegion|57\/100\n|\n|upkeep\n|turn|15\n|\n|t:|1699889405\n|switch|p1a: THANK U BASEDG\ud83e\udeb2D|Rabsca, M|100\/100\n|move|p2a: Basculegion|Liquidation|p1a: THANK U BASEDG\ud83e\udeb2D\n|-crit|p1a: THANK U BASEDG\ud83e\udeb2D\n|-damage|p1a: THANK U BASEDG\ud83e\udeb2D|8\/100\n|\n|upkeep\n|turn|16\n|c|\u2606mannmilk|bruh\n|\n|t:|1699889418\n|move|p2a: Basculegion|Scale Shot|p1a: THANK U BASEDG\ud83e\udeb2D\n|-damage|p1a: THANK U BASEDG\ud83e\udeb2D|4\/100\n|-damage|p1a: THANK U BASEDG\ud83e\udeb2D|0 fnt\n|faint|p1a: THANK U BASEDG\ud83e\udeb2D\n|-hitcount|p1: THANK U BASEDG\ud83e\udeb2D|2\n|-unboost|p2a: Basculegion|def|1\n|-boost|p2a: Basculegion|spe|1\n|\n|upkeep\n|\n|t:|1699889420\n|switch|p1a: Magic Mike|Hoopa-Unbound|100\/100\n|turn|17\n|\n|t:|1699889427\n|-terastallize|p1a: Magic Mike|Steel\n|move|p2a: Basculegion|Liquidation|p1a: Magic Mike\n|-damage|p1a: Magic Mike|74\/100\n|-enditem|p1a: Magic Mike|Red Card|[of] p2a: Basculegion\n|drag|p2a: Ambipom|Ambipom, M|100\/100\n|move|p1a: Magic Mike|Trick Room|p1a: Magic Mike\n|-fieldstart|move: Trick Room|[of] p1a: Magic Mike\n|\n|upkeep\n|turn|18\n|\n|t:|1699889436\n|move|p2a: Ambipom|Fake Out|p1a: Magic Mike\n|-resisted|p1a: Magic Mike\n|-damage|p1a: Magic Mike|67\/100\n|cant|p1a: Magic Mike|flinch\n|\n|-sideend|p1: mannmilk|Reflect\n|upkeep\n|turn|19\n|\n|t:|1699889448\n|switch|p2a: Basculegion|Basculegion, M|57\/100\n|move|p1a: Magic Mike|Psychic|p2a: Basculegion\n|-damage|p2a: Basculegion|0 fnt\n|faint|p2a: Basculegion\n|\n|-sideend|p1: mannmilk|move: Light Screen\n|upkeep\n|\n|t:|1699889457\n|switch|p2a: Haxorus|Haxorus, M|100\/100\n|-ability|p2a: Haxorus|Mold Breaker\n|turn|20\n|\n|t:|1699889472\n|-terastallize|p2a: Haxorus|Steel\n|move|p1a: Magic Mike|Dark Pulse|p2a: Haxorus\n|-damage|p2a: Haxorus|27\/100\n|-item|p1a: Magic Mike|Loaded Dice|[from] ability: Magician|[of] p2a: Haxorus\n|cant|p2a: Haxorus|flinch\n|\n|upkeep\n|turn|21\n|\n|t:|1699889482\n|move|p1a: Magic Mike|Dark Pulse|p2a: Haxorus\n|-damage|p2a: Haxorus|0 fnt\n|faint|p2a: Haxorus\n|\n|-fieldend|move: Trick Room\n|upkeep\n|\n|t:|1699889484\n|switch|p2a: Heracross|Heracross, M|100\/100\n|turn|22\n|\n|t:|1699889486\n|detailschange|p2a: Heracross|Heracross-Mega, M\n|-mega|p2a: Heracross|Heracross|Heracronite\n|move|p2a: Heracross|Arm Thrust|p1a: Magic Mike\n|-supereffective|p1a: Magic Mike\n|-damage|p1a: Magic Mike|46\/100\n|-supereffective|p1a: Magic Mike\n|-crit|p1a: Magic Mike\n|-damage|p1a: Magic Mike|17\/100\n|-supereffective|p1a: Magic Mike\n|-damage|p1a: Magic Mike|0 fnt\n|faint|p1a: Magic Mike\n|-hitcount|p1: Magic Mike|3\n|\n|upkeep\n|\n|t:|1699889491\n|switch|p1a: Togepiss|Togekiss, F|47\/100\n|turn|23\n|\n|t:|1699889495\n|move|p1a: Togepiss|Air Slash|p2a: Heracross\n|-supereffective|p2a: Heracross\n|-damage|p2a: Heracross|0 fnt\n|faint|p2a: Heracross\n|\n|upkeep\n|\n|t:|1699889497\n|switch|p2a: Ambipom|Ambipom, M|100\/100\n|turn|24\n|\n|t:|1699889502\n|move|p2a: Ambipom|Fake Out|p1a: Togepiss\n|-damage|p1a: Togepiss|21\/100\n|cant|p1a: Togepiss|flinch\n|\n|upkeep\n|turn|25\n|\n|t:|1699889506\n|move|p2a: Ambipom|Tail Slap|p1a: Togepiss\n|-damage|p1a: Togepiss|4\/100\n|-damage|p1a: Togepiss|0 fnt\n|faint|p1a: Togepiss\n|-hitcount|p1: Togepiss|2\n|\n|win|EvelynIsBased\n|raw|mannmilk's rating: 1264 &rarr; <strong>1233<\/strong><br \/>(-31 for losing)\n|raw|EvelynIsBased's rating: 1173 &rarr; <strong>1204<\/strong><br \/>(+31 for winning)\n|l|\u2606mannmilk\n","uploadtime":1699889519,"views":4,"p1id":"mannmilk","p2id":"evelynisbased","formatid":"gen9nationaldex","rating":1204,"private":0,"password":""}