{"id":"gen9nationaldex-1989258885","p1":"I am Useless Meta","p2":"devious fearvg","format":"[Gen 9] National Dex","log":"|j|\u2606I am Useless Meta\n|j|\u2606devious fearvg\n|t:|1699828942\n|gametype|singles\n|player|p1|I am Useless Meta|kieran-festival|\n|player|p2|devious fearvg|alec-anime|\n|teamsize|p1|6\n|teamsize|p2|6\n|gen|9\n|tier|[Gen 9] National Dex\n|rule|HP Percentage Mod: HP is shown in percentages\n|rule|Endless Battle Clause: Forcing endless battles is banned\n|rule|OHKO Clause: OHKO moves are banned\n|rule|Evasion Clause: Evasion abilities, items, and moves are banned\n|rule|Evasion Abilities Clause: Evasion abilities are banned\n|rule|Evasion Items Clause: Evasion items are banned\n|rule|Evasion Moves Clause: Evasion moves are banned\n|rule|Species Clause: Limit one of each Pok\u00e9mon\n|rule|Sleep Clause Mod: Limit one foe put to sleep\n|clearpoke\n|poke|p1|Celesteela|\n|poke|p1|Hariyama, M|\n|poke|p1|Altaria, F|\n|poke|p1|Toxtricity, M|\n|poke|p1|Crawdaunt, F|\n|poke|p1|Jynx, F|\n|poke|p2|Manaphy|\n|poke|p2|Skeledirge, M|\n|poke|p2|Iron Treads|\n|poke|p2|Pidgeot, F|\n|poke|p2|Gallade, M|\n|poke|p2|Sableye, M|\n|teampreview\n|inactive|Battle timer is ON: inactive players will automatically lose when time's up. (requested by I am Useless Meta)\n|c|\u2606I am Useless Meta|glhf\n|c|\u2606devious fearvg|hai\n|c|\u2606devious fearvg|oh boi\n|c|\u2606I am Useless Meta|hai\n|c|\u2606devious fearvg|hf\n|c|\u2606devious fearvg|uhh wait\n|c|\u2606devious fearvg|hold on\n|c|\u2606devious fearvg|lag\n|inactive|I am Useless Meta has 270 seconds left.\n|inactive|devious fearvg has 270 seconds left.\n|inactiveoff|Battle timer is now OFF.\n|c|\u2606devious fearvg|ok we good now\n|c|\u2606devious fearvg|sorry about that\n|c|\u2606devious fearvg|my showdown always takes like 5 mins to load\n|c|\u2606I am Useless Meta|it's all g\n|\n|t:|1699829045\n|start\n|switch|p1a: Hariyama|Hariyama, M|100\/100\n|switch|p2a: Sableye|Sableye, M|100\/100\n|turn|1\n|\n|t:|1699829096\n|switch|p1a: Altaria|Altaria, F|100\/100\n|move|p2a: Sableye|Bulk Up|p2a: Sableye\n|-boost|p2a: Sableye|atk|1\n|-boost|p2a: Sableye|def|1\n|\n|upkeep\n|turn|2\n|c|\u2606I am Useless Meta|sorry mb\n|c|\u2606I am Useless Meta|so I'm doing 2 battles rn\n|c|\u2606devious fearvg|its all g\n|c|\u2606devious fearvg|oh then I wait u finish then\n|c|\u2606I am Useless Meta|nah nah it's good\n|c|\u2606devious fearvg|wouldn't want to battle an opp that isn't into it\n|c|\u2606devious fearvg|so am gonna wait\n|c|\u2606I am Useless Meta|ok back\n|\n|t:|1699830387\n|switch|p2a: Iron Treads|Iron Treads|100\/100\n|move|p1a: Altaria|Roar|p2a: Iron Treads\n|-end|p2a: Iron Treads|Quark Drive|[silent]\n|drag|p2a: Gallade|Gallade, M|100\/100\n|\n|upkeep\n|turn|3\n|c|\u2606devious fearvg|woah wat\n|c|\u2606devious fearvg|r u a support set\n|c|\u2606I am Useless Meta|nuh uh\n|c|\u2606devious fearvg|am willing to bet u are\n|\n|t:|1699830489\n|switch|p2a: Skeledirge|Skeledirge, M|100\/100\n|move|p1a: Altaria|Hurricane|p2a: Skeledirge\n|-damage|p2a: Skeledirge|79\/100\n|\n|-heal|p2a: Skeledirge|85\/100|[from] item: Leftovers\n|upkeep\n|turn|4\n|\n|t:|1699830513\n|move|p2a: Skeledirge|Will-O-Wisp|p1a: Altaria\n|-status|p1a: Altaria|brn\n|move|p1a: Altaria|Roar|p2a: Skeledirge\n|drag|p2a: Gallade|Gallade, M|100\/100\n|\n|-damage|p1a: Altaria|94\/100 brn|[from] brn\n|upkeep\n|turn|5\n|c|\u2606devious fearvg|how the heck\n|\n|t:|1699830527\n|switch|p2a: Iron Treads|Iron Treads|100\/100\n|move|p1a: Altaria|Hurricane|p2a: Iron Treads\n|-resisted|p2a: Iron Treads\n|-damage|p2a: Iron Treads|87\/100\n|-start|p2a: Iron Treads|confusion\n|\n|-heal|p1a: Altaria|100\/100 brn|[from] item: Leftovers\n|-damage|p1a: Altaria|94\/100 brn|[from] brn\n|upkeep\n|turn|6\n|\n|t:|1699830549\n|-curestatus|p1a: Altaria|brn|[from] ability: Natural Cure\n|switch|p1a: Celesteela|Celesteela|100\/100\n|-activate|p2a: Iron Treads|confusion\n|move|p2a: Iron Treads|Volt Switch|p1a: Celesteela\n|-supereffective|p1a: Celesteela\n|-damage|p1a: Celesteela|79\/100\n|\n|t:|1699830581\n|-end|p2a: Iron Treads|Quark Drive|[silent]\n|switch|p2a: Gallade|Gallade, M|100\/100|[from] Volt Switch\n|\n|-heal|p1a: Celesteela|85\/100|[from] item: Leftovers\n|upkeep\n|turn|7\n|\n|t:|1699830607\n|move|p1a: Celesteela|Protect|p1a: Celesteela\n|-singleturn|p1a: Celesteela|Protect\n|move|p2a: Gallade|Swords Dance|p2a: Gallade\n|-boost|p2a: Gallade|atk|2\n|\n|-heal|p1a: Celesteela|91\/100|[from] item: Leftovers\n|upkeep\n|turn|8\n|\n|t:|1699830629\n|switch|p1a: Altaria|Altaria, F|94\/100\n|move|p2a: Gallade|Sacred Sword|p1a: Altaria\n|-resisted|p1a: Altaria\n|-damage|p1a: Altaria|45\/100\n|\n|-heal|p1a: Altaria|51\/100|[from] item: Leftovers\n|upkeep\n|turn|9\n|\n|t:|1699830648\n|move|p2a: Gallade|Psycho Cut|p1a: Altaria\n|-damage|p1a: Altaria|0 fnt\n|faint|p1a: Altaria\n|\n|upkeep\n|c|\u2606devious fearvg|gallade strong\n|\n|t:|1699830720\n|switch|p1a: Toxtricity|Toxtricity, M|100\/100\n|turn|10\n|\n|t:|1699830757\n|move|p1a: Toxtricity|Volt Switch|p2a: Gallade\n|-crit|p2a: Gallade\n|-damage|p2a: Gallade|50\/100\n|c|\u2606devious fearvg|zamn the crit\n|\n|t:|1699830791\n|switch|p1a: Crawdaunt|Crawdaunt, F|100\/100|[from] Volt Switch\n|move|p2a: Gallade|Psycho Cut|p1a: Crawdaunt\n|-immune|p1a: Crawdaunt\n|\n|upkeep\n|turn|11\n|\n|t:|1699830825\n|switch|p2a: Manaphy|Manaphy|100\/100\n|move|p1a: Crawdaunt|Aqua Jet|p2a: Manaphy\n|-resisted|p2a: Manaphy\n|-damage|p2a: Manaphy|86\/100\n|\n|-heal|p2a: Manaphy|93\/100|[from] item: Leftovers\n|upkeep\n|turn|12\n|\n|t:|1699830869\n|switch|p1a: Jynx|Jynx, F|100\/100\n|move|p2a: Manaphy|Energy Ball|p1a: Jynx\n|-damage|p1a: Jynx|78\/100\n|\n|-heal|p2a: Manaphy|99\/100|[from] item: Leftovers\n|upkeep\n|turn|13\n|\n|t:|1699830895\n|switch|p2a: Iron Treads|Iron Treads|87\/100\n|move|p1a: Jynx|Light Screen|p1a: Jynx\n|-sidestart|p1: I am Useless Meta|move: Light Screen\n|\n|upkeep\n|turn|14\n|c|\u2606devious fearvg|ah yes\n|c|\u2606devious fearvg|screens\n|\n|t:|1699830910\n|switch|p1a: Celesteela|Celesteela|91\/100\n|move|p2a: Iron Treads|Iron Head|p1a: Celesteela\n|-resisted|p1a: Celesteela\n|-damage|p1a: Celesteela|79\/100\n|\n|-heal|p1a: Celesteela|85\/100|[from] item: Leftovers\n|upkeep\n|turn|15\n|\n|t:|1699830925\n|move|p2a: Iron Treads|Volt Switch|p1a: Celesteela\n|-supereffective|p1a: Celesteela\n|-damage|p1a: Celesteela|74\/100\n|\n|t:|1699830944\n|-end|p2a: Iron Treads|Quark Drive|[silent]\n|switch|p2a: Pidgeot|Pidgeot, F|100\/100|[from] Volt Switch\n|move|p1a: Celesteela|Toxic|p2a: Pidgeot\n|-status|p2a: Pidgeot|tox\n|\n|-heal|p1a: Celesteela|80\/100|[from] item: Leftovers\n|-damage|p2a: Pidgeot|94\/100 tox|[from] psn\n|upkeep\n|turn|16\n|\n|t:|1699830957\n|switch|p1a: Toxtricity|Toxtricity, M|100\/100\n|move|p2a: Pidgeot|Defog|p1a: Toxtricity\n|-unboost|p1a: Toxtricity|evasion|1\n|-sideend|p1: I am Useless Meta|move: Light Screen\n|\n|-damage|p2a: Pidgeot|82\/100 tox|[from] psn\n|upkeep\n|turn|17\n|\n|t:|1699830978\n|switch|p2a: Iron Treads|Iron Treads|87\/100\n|move|p1a: Toxtricity|Boomburst|p2a: Iron Treads\n|-resisted|p2a: Iron Treads\n|-damage|p2a: Iron Treads|60\/100\n|\n|upkeep\n|turn|18\n|\n|t:|1699830990\n|switch|p1a: Celesteela|Celesteela|80\/100\n|move|p2a: Iron Treads|Volt Switch|p1a: Celesteela\n|-supereffective|p1a: Celesteela\n|-damage|p1a: Celesteela|59\/100\n|\n|t:|1699831023\n|-end|p2a: Iron Treads|Quark Drive|[silent]\n|switch|p2a: Sableye|Sableye, M|100\/100|[from] Volt Switch\n|\n|-heal|p1a: Celesteela|65\/100|[from] item: Leftovers\n|upkeep\n|turn|19\n|\n|t:|1699831052\n|switch|p1a: Jynx|Jynx, F|78\/100\n|detailschange|p2a: Sableye|Sableye-Mega, M\n|-mega|p2a: Sableye|Sableye|Sablenite\n|move|p2a: Sableye|Bulk Up|p2a: Sableye\n|-boost|p2a: Sableye|atk|1\n|-boost|p2a: Sableye|def|1\n|\n|upkeep\n|turn|20\n|\n|t:|1699831060\n|-terastallize|p1a: Jynx|Fairy\n|move|p2a: Sableye|Shadow Sneak|p1a: Jynx\n|-damage|p1a: Jynx|38\/100\n|move|p1a: Jynx|Draining Kiss|p2a: Sableye\n|-supereffective|p2a: Sableye\n|-damage|p2a: Sableye|64\/100\n|-heal|p1a: Jynx|62\/100|[from] drain|[of] p2a: Sableye\n|\n|upkeep\n|turn|21\n|\n|t:|1699831075\n|switch|p2a: Skeledirge|Skeledirge, M|85\/100\n|move|p1a: Jynx|Reflect|p1a: Jynx\n|-sidestart|p1: I am Useless Meta|Reflect\n|\n|-heal|p2a: Skeledirge|91\/100|[from] item: Leftovers\n|upkeep\n|turn|22\n|\n|t:|1699831080\n|move|p1a: Jynx|Light Screen|p1a: Jynx\n|-sidestart|p1: I am Useless Meta|move: Light Screen\n|move|p2a: Skeledirge|Torch Song|p1a: Jynx\n|-damage|p1a: Jynx|48\/100\n|-boost|p2a: Skeledirge|spa|1\n|\n|-heal|p2a: Skeledirge|97\/100|[from] item: Leftovers\n|upkeep\n|turn|23\n|\n|t:|1699831086\n|move|p1a: Jynx|Lovely Kiss|p2a: Skeledirge\n|-status|p2a: Skeledirge|slp|[from] move: Lovely Kiss\n|cant|p2a: Skeledirge|slp\n|\n|-heal|p2a: Skeledirge|100\/100 slp|[from] item: Leftovers\n|upkeep\n|turn|24\n|c|\u2606devious fearvg|insane\n|\n|t:|1699831098\n|switch|p1a: Hariyama|Hariyama, M|100\/100\n|switch|p2a: Pidgeot|Pidgeot, F|82\/100 tox\n|\n|-damage|p2a: Pidgeot|76\/100 tox|[from] psn\n|upkeep\n|turn|25\n|\n|t:|1699831132\n|move|p2a: Pidgeot|Defog|p1a: Hariyama\n|-unboost|p1a: Hariyama|evasion|1\n|-sideend|p1: I am Useless Meta|Reflect\n|-sideend|p1: I am Useless Meta|move: Light Screen\n|move|p1a: Hariyama|Belly Drum|p1a: Hariyama\n|-damage|p1a: Hariyama|51\/100\n|-setboost|p1a: Hariyama|atk|6|[from] move: Belly Drum\n|\n|-damage|p2a: Pidgeot|63\/100 tox|[from] psn\n|upkeep\n|turn|26\n|\n|t:|1699831150\n|move|p1a: Hariyama|Bullet Punch|p2a: Pidgeot\n|-damage|p2a: Pidgeot|22\/100 tox\n|-enditem|p2a: Pidgeot|Red Card|[of] p1a: Hariyama\n|drag|p1a: Celesteela|Celesteela|65\/100\n|move|p2a: Pidgeot|Roost|p2a: Pidgeot\n|-heal|p2a: Pidgeot|72\/100 tox\n|-singleturn|p2a: Pidgeot|move: Roost\n|\n|-heal|p1a: Celesteela|71\/100|[from] item: Leftovers\n|-damage|p2a: Pidgeot|53\/100 tox|[from] psn\n|upkeep\n|turn|27\n|c|\u2606I am Useless Meta|ZERO?\n|c|\u2606devious fearvg|poor guy\n|\n|t:|1699831181\n|switch|p2a: Sableye|Sableye-Mega, M|64\/100\n|switch|p1a: Jynx|Jynx, F, tera:Fairy|48\/100\n|\n|upkeep\n|turn|28\n|\n|t:|1699831194\n|switch|p2a: Skeledirge|Skeledirge, M|100\/100 slp\n|move|p1a: Jynx|Draining Kiss|p2a: Skeledirge\n|-resisted|p2a: Skeledirge\n|-damage|p2a: Skeledirge|92\/100 slp\n|-heal|p1a: Jynx|56\/100|[from] drain|[of] p2a: Skeledirge\n|\n|-heal|p2a: Skeledirge|98\/100 slp|[from] item: Leftovers\n|upkeep\n|turn|29\n|\n|t:|1699831204\n|move|p1a: Jynx|Light Screen|p1a: Jynx\n|-sidestart|p1: I am Useless Meta|move: Light Screen\n|cant|p2a: Skeledirge|slp\n|\n|-heal|p2a: Skeledirge|100\/100 slp|[from] item: Leftovers\n|upkeep\n|turn|30\n|\n|t:|1699831205\n|switch|p1a: Crawdaunt|Crawdaunt, F|100\/100\n|cant|p2a: Skeledirge|slp\n|\n|upkeep\n|turn|31\n|\n|t:|1699831229\n|switch|p2a: Pidgeot|Pidgeot, F|53\/100 tox\n|move|p1a: Crawdaunt|Knock Off|p2a: Pidgeot\n|-damage|p2a: Pidgeot|20\/100 tox\n|\n|-damage|p2a: Pidgeot|14\/100 tox|[from] psn\n|upkeep\n|turn|32\n|\n|t:|1699831236\n|switch|p2a: Manaphy|Manaphy|99\/100\n|move|p1a: Crawdaunt|Aqua Jet|p2a: Manaphy\n|-resisted|p2a: Manaphy\n|-damage|p2a: Manaphy|85\/100\n|\n|-heal|p2a: Manaphy|91\/100|[from] item: Leftovers\n|upkeep\n|turn|33\n|\n|t:|1699831261\n|switch|p1a: Hariyama|Hariyama, M|51\/100\n|move|p2a: Manaphy|Tail Glow|p2a: Manaphy\n|-boost|p2a: Manaphy|spa|3\n|\n|-heal|p2a: Manaphy|98\/100|[from] item: Leftovers\n|upkeep\n|turn|34\n|\n|t:|1699831267\n|move|p2a: Manaphy|Scald|p1a: Hariyama\n|-damage|p1a: Hariyama|25\/100\n|-enditem|p1a: Hariyama|Sitrus Berry|[eat]\n|-heal|p1a: Hariyama|50\/100|[from] item: Sitrus Berry\n|move|p1a: Hariyama|Drain Punch|p2a: Manaphy\n|-damage|p2a: Manaphy|68\/100\n|-heal|p1a: Hariyama|62\/100|[from] drain|[of] p2a: Manaphy\n|\n|-heal|p2a: Manaphy|74\/100|[from] item: Leftovers\n|upkeep\n|turn|35\n|\n|t:|1699831279\n|move|p2a: Manaphy|Scald|p1a: Hariyama\n|-damage|p1a: Hariyama|36\/100\n|move|p1a: Hariyama|Drain Punch|p2a: Manaphy\n|-damage|p2a: Manaphy|45\/100\n|-heal|p1a: Hariyama|48\/100|[from] drain|[of] p2a: Manaphy\n|\n|-heal|p2a: Manaphy|51\/100|[from] item: Leftovers\n|upkeep\n|turn|36\n|\n|t:|1699831287\n|switch|p2a: Skeledirge|Skeledirge, M|100\/100 slp\n|move|p1a: Hariyama|Drain Punch|p2a: Skeledirge\n|-immune|p2a: Skeledirge\n|\n|-sideend|p1: I am Useless Meta|move: Light Screen\n|upkeep\n|turn|37\n|\n|t:|1699831291\n|-curestatus|p2a: Skeledirge|slp|[msg]\n|move|p2a: Skeledirge|Will-O-Wisp|p1a: Hariyama\n|-status|p1a: Hariyama|brn\n|move|p1a: Hariyama|Earthquake|p2a: Skeledirge\n|-supereffective|p2a: Skeledirge\n|-damage|p2a: Skeledirge|79\/100\n|\n|-heal|p2a: Skeledirge|85\/100|[from] item: Leftovers\n|-damage|p1a: Hariyama|41\/100 brn|[from] brn\n|upkeep\n|turn|38\n|\n|t:|1699831312\n|move|p2a: Skeledirge|Will-O-Wisp|p1a: Hariyama\n|-fail|p1a: Hariyama|brn\n|move|p1a: Hariyama|Earthquake|p2a: Skeledirge\n|-supereffective|p2a: Skeledirge\n|-damage|p2a: Skeledirge|59\/100\n|\n|-heal|p2a: Skeledirge|65\/100|[from] item: Leftovers\n|-damage|p1a: Hariyama|35\/100 brn|[from] brn\n|upkeep\n|turn|39\n|\n|t:|1699831318\n|move|p2a: Skeledirge|Torch Song|p1a: Hariyama\n|-damage|p1a: Hariyama|24\/100 brn\n|-boost|p2a: Skeledirge|spa|1\n|move|p1a: Hariyama|Earthquake|p2a: Skeledirge\n|-supereffective|p2a: Skeledirge\n|-damage|p2a: Skeledirge|42\/100\n|\n|-heal|p2a: Skeledirge|48\/100|[from] item: Leftovers\n|-damage|p1a: Hariyama|17\/100 brn|[from] brn\n|upkeep\n|turn|40\n|c|\u2606I am Useless Meta|so thankful I clicked off crawdaunt in time\n|c|\u2606I am Useless Meta|LOL\n|\n|t:|1699831330\n|move|p1a: Hariyama|Bullet Punch|p2a: Skeledirge\n|-resisted|p2a: Skeledirge\n|-damage|p2a: Skeledirge|46\/100\n|move|p2a: Skeledirge|Slack Off|p2a: Skeledirge\n|-heal|p2a: Skeledirge|96\/100\n|\n|-heal|p2a: Skeledirge|100\/100|[from] item: Leftovers\n|-damage|p1a: Hariyama|11\/100 brn|[from] brn\n|upkeep\n|turn|41\n|c|\u2606devious fearvg|man\n|\n|t:|1699831346\n|move|p2a: Skeledirge|Torch Song|p1a: Hariyama\n|-damage|p1a: Hariyama|0 fnt\n|-boost|p2a: Skeledirge|spa|1\n|faint|p1a: Hariyama\n|\n|upkeep\n|\n|t:|1699831386\n|switch|p1a: Crawdaunt|Crawdaunt, F|100\/100\n|turn|42\n|\n|t:|1699831414\n|-terastallize|p2a: Skeledirge|Water\n|move|p1a: Crawdaunt|Crabhammer|p2a: Skeledirge\n|-resisted|p2a: Skeledirge\n|-damage|p2a: Skeledirge|72\/100\n|move|p2a: Skeledirge|Slack Off|p2a: Skeledirge\n|-heal|p2a: Skeledirge|100\/100\n|\n|upkeep\n|turn|43\n|\n|t:|1699831434\n|switch|p1a: Celesteela|Celesteela|71\/100\n|move|p2a: Skeledirge|Will-O-Wisp|p1a: Celesteela\n|-status|p1a: Celesteela|brn\n|\n|-heal|p1a: Celesteela|77\/100 brn|[from] item: Leftovers\n|-damage|p1a: Celesteela|71\/100 brn|[from] brn\n|upkeep\n|turn|44\n|c|\u2606devious fearvg|expected a knock\n|\n|t:|1699831455\n|switch|p2a: Iron Treads|Iron Treads|60\/100\n|move|p1a: Celesteela|Toxic|p2a: Iron Treads\n|-immune|p2a: Iron Treads\n|\n|-heal|p1a: Celesteela|77\/100 brn|[from] item: Leftovers\n|-damage|p1a: Celesteela|71\/100 brn|[from] brn\n|upkeep\n|turn|45\n|\n|t:|1699831465\n|move|p1a: Celesteela|Protect|p1a: Celesteela\n|-singleturn|p1a: Celesteela|Protect\n|move|p2a: Iron Treads|Volt Switch|p1a: Celesteela\n|-activate|p1a: Celesteela|move: Protect\n|\n|-heal|p1a: Celesteela|77\/100 brn|[from] item: Leftovers\n|-damage|p1a: Celesteela|71\/100 brn|[from] brn\n|upkeep\n|turn|46\n|\n|t:|1699831474\n|move|p2a: Iron Treads|Iron Head|p1a: Celesteela\n|-resisted|p1a: Celesteela\n|-damage|p1a: Celesteela|61\/100 brn\n|move|p1a: Celesteela|Air Slash|p2a: Iron Treads\n|-resisted|p2a: Iron Treads\n|-damage|p2a: Iron Treads|47\/100\n|\n|-heal|p1a: Celesteela|67\/100 brn|[from] item: Leftovers\n|-damage|p1a: Celesteela|61\/100 brn|[from] brn\n|upkeep\n|turn|47\n|\n|t:|1699831490\n|move|p1a: Celesteela|Protect|p1a: Celesteela\n|-singleturn|p1a: Celesteela|Protect\n|move|p2a: Iron Treads|Iron Head|p1a: Celesteela\n|-activate|p1a: Celesteela|move: Protect\n|\n|-heal|p1a: Celesteela|67\/100 brn|[from] item: Leftovers\n|-damage|p1a: Celesteela|61\/100 brn|[from] brn\n|upkeep\n|turn|48\n|\n|t:|1699831495\n|move|p2a: Iron Treads|Volt Switch|p1a: Celesteela\n|-supereffective|p1a: Celesteela\n|-damage|p1a: Celesteela|36\/100 brn\n|\n|t:|1699831513\n|-end|p2a: Iron Treads|Quark Drive|[silent]\n|switch|p2a: Sableye|Sableye-Mega, M|64\/100|[from] Volt Switch\n|move|p1a: Celesteela|Flamethrower|p2a: Sableye\n|-damage|p2a: Sableye|48\/100\n|\n|-heal|p1a: Celesteela|42\/100 brn|[from] item: Leftovers\n|-damage|p1a: Celesteela|36\/100 brn|[from] brn\n|upkeep\n|turn|49\n|\n|t:|1699831546\n|move|p2a: Sableye|Shadow Sneak|p1a: Celesteela\n|-damage|p1a: Celesteela|26\/100 brn\n|move|p1a: Celesteela|Air Slash|p2a: Sableye\n|-damage|p2a: Sableye|27\/100\n|\n|-heal|p1a: Celesteela|32\/100 brn|[from] item: Leftovers\n|-damage|p1a: Celesteela|26\/100 brn|[from] brn\n|upkeep\n|turn|50\n|\n|t:|1699831557\n|switch|p1a: Crawdaunt|Crawdaunt, F|100\/100\n|move|p2a: Sableye|Recover|p2a: Sableye\n|-heal|p2a: Sableye|77\/100\n|\n|upkeep\n|turn|51\n|\n|t:|1699831566\n|switch|p2a: Skeledirge|Skeledirge, M, tera:Water|100\/100\n|move|p1a: Crawdaunt|Dragon Dance|p1a: Crawdaunt\n|-boost|p1a: Crawdaunt|atk|1\n|-boost|p1a: Crawdaunt|spe|1\n|\n|upkeep\n|turn|52\n|c|\u2606devious fearvg|ain't no way\n|c|\u2606devious fearvg|ddance\n|\n|t:|1699831608\n|switch|p1a: Toxtricity|Toxtricity, M|100\/100\n|move|p2a: Skeledirge|Will-O-Wisp|p1a: Toxtricity\n|-status|p1a: Toxtricity|brn\n|\n|-damage|p1a: Toxtricity|94\/100 brn|[from] brn\n|upkeep\n|turn|53\n|\n|t:|1699831616\n|switch|p2a: Iron Treads|Iron Treads|47\/100\n|move|p1a: Toxtricity|Boomburst|p2a: Iron Treads\n|-resisted|p2a: Iron Treads\n|-damage|p2a: Iron Treads|21\/100\n|\n|-damage|p1a: Toxtricity|88\/100 brn|[from] brn\n|upkeep\n|turn|54\n|\n|t:|1699831649\n|-end|p2a: Iron Treads|Quark Drive|[silent]\n|switch|p2a: Sableye|Sableye-Mega, M|77\/100\n|move|p1a: Toxtricity|Boomburst|p2a: Sableye\n|-immune|p2a: Sableye\n|\n|-damage|p1a: Toxtricity|82\/100 brn|[from] brn\n|upkeep\n|turn|55\n|inactive|Battle timer is ON: inactive players will automatically lose when time's up. (requested by devious fearvg)\n|\n|t:|1699831725\n|switch|p1a: Jynx|Jynx, F, tera:Fairy|56\/100\n|move|p2a: Sableye|Drain Punch|p1a: Jynx\n|-resisted|p1a: Jynx\n|-damage|p1a: Jynx|39\/100\n|-heal|p2a: Sableye|87\/100|[from] drain|[of] p1a: Jynx\n|\n|upkeep\n|turn|56\n|inactive|devious fearvg has 270 seconds left.\n|\n|t:|1699831758\n|switch|p2a: Iron Treads|Iron Treads|21\/100\n|move|p1a: Jynx|Reflect|p1a: Jynx\n|-sidestart|p1: I am Useless Meta|Reflect\n|\n|upkeep\n|turn|57\n|inactive|devious fearvg has 270 seconds left.\n|\n|t:|1699831788\n|switch|p1a: Celesteela|Celesteela|26\/100 brn\n|move|p2a: Iron Treads|Iron Head|p1a: Celesteela\n|-resisted|p1a: Celesteela\n|-damage|p1a: Celesteela|21\/100 brn\n|\n|-heal|p1a: Celesteela|27\/100 brn|[from] item: Leftovers\n|-damage|p1a: Celesteela|21\/100 brn|[from] brn\n|upkeep\n|turn|58\n|inactive|devious fearvg has 270 seconds left.\n|inactive|I am Useless Meta has 270 seconds left.\n|\n|t:|1699831808\n|move|p2a: Iron Treads|Volt Switch|p1a: Celesteela\n|-supereffective|p1a: Celesteela\n|-damage|p1a: Celesteela|0 fnt\n|faint|p1a: Celesteela\n|\n|t:|1699831833\n|-end|p2a: Iron Treads|Quark Drive|[silent]\n|switch|p2a: Pidgeot|Pidgeot, F|14\/100 tox|[from] Volt Switch\n|\n|-damage|p2a: Pidgeot|8\/100 tox|[from] psn\n|upkeep\n|inactive|I am Useless Meta has 270 seconds left.\n|\n|t:|1699831851\n|switch|p1a: Toxtricity|Toxtricity, M|82\/100 brn\n|turn|59\n|\n|t:|1699831858\n|move|p1a: Toxtricity|Boomburst|p2a: Pidgeot\n|-damage|p2a: Pidgeot|0 fnt\n|faint|p2a: Pidgeot\n|\n|-damage|p1a: Toxtricity|76\/100 brn|[from] brn\n|upkeep\n|\n|t:|1699831863\n|switch|p2a: Sableye|Sableye-Mega, M|87\/100\n|turn|60\n|inactive|I am Useless Meta has 270 seconds left.\n|inactive|devious fearvg has 240 seconds left.\n|inactive|I am Useless Meta has 240 seconds left.\n|inactive|devious fearvg has 210 seconds left.\n|\n|t:|1699831931\n|switch|p1a: Crawdaunt|Crawdaunt, F|100\/100\n|switch|p2a: Gallade|Gallade, M|50\/100\n|\n|upkeep\n|turn|61\n|inactive|devious fearvg has 210 seconds left.\n|\n|t:|1699831941\n|switch|p2a: Skeledirge|Skeledirge, M, tera:Water|100\/100\n|move|p1a: Crawdaunt|Aqua Jet|p2a: Skeledirge\n|-resisted|p2a: Skeledirge\n|-damage|p2a: Skeledirge|89\/100\n|\n|-heal|p2a: Skeledirge|95\/100|[from] item: Leftovers\n|upkeep\n|turn|62\n|inactive|devious fearvg has 210 seconds left.\n|\n|t:|1699831966\n|switch|p1a: Toxtricity|Toxtricity, M|76\/100 brn\n|move|p2a: Skeledirge|Earth Power|p1a: Toxtricity\n|-supereffective|p1a: Toxtricity\n|-damage|p1a: Toxtricity|0 fnt\n|faint|p1a: Toxtricity\n|\n|-heal|p2a: Skeledirge|100\/100|[from] item: Leftovers\n|upkeep\n|inactive|I am Useless Meta has 240 seconds left.\n|\n|t:|1699831976\n|switch|p1a: Jynx|Jynx, F, tera:Fairy|39\/100\n|turn|63\n|\n|t:|1699831984\n|move|p1a: Jynx|Lovely Kiss|p2a: Skeledirge\n|-status|p2a: Skeledirge|slp|[from] move: Lovely Kiss\n|cant|p2a: Skeledirge|slp\n|\n|-sideend|p1: I am Useless Meta|Reflect\n|upkeep\n|turn|64\n|\n|t:|1699831991\n|switch|p1a: Crawdaunt|Crawdaunt, F|100\/100\n|cant|p2a: Skeledirge|slp\n|\n|upkeep\n|turn|65\n|\n|t:|1699832004\n|switch|p2a: Iron Treads|Iron Treads|21\/100\n|move|p1a: Crawdaunt|Dragon Dance|p1a: Crawdaunt\n|-boost|p1a: Crawdaunt|atk|1\n|-boost|p1a: Crawdaunt|spe|1\n|\n|upkeep\n|turn|66\n|inactive|I am Useless Meta has 270 seconds left.\n|\n|t:|1699832039\n|move|p1a: Crawdaunt|Dragon Dance|p1a: Crawdaunt\n|-boost|p1a: Crawdaunt|atk|1\n|-boost|p1a: Crawdaunt|spe|1\n|move|p2a: Iron Treads|Earth Power|p1a: Crawdaunt\n|-crit|p1a: Crawdaunt\n|-damage|p1a: Crawdaunt|2\/100\n|\n|upkeep\n|turn|67\n|c|\u2606devious fearvg|zamn\n|\n|t:|1699832052\n|move|p1a: Crawdaunt|Knock Off|p2a: Iron Treads\n|-damage|p2a: Iron Treads|0 fnt\n|-enditem|p2a: Iron Treads|Assault Vest|[from] move: Knock Off|[of] p1a: Crawdaunt\n|faint|p2a: Iron Treads\n|-end|p2a: Iron Treads|Quark Drive|[silent]\n|\n|upkeep\n|c|\u2606I am Useless Meta|it's over\n|\n|t:|1699832065\n|switch|p2a: Sableye|Sableye-Mega, M|87\/100\n|turn|68\n|\n|t:|1699832070\n|move|p1a: Crawdaunt|Aqua Jet|p2a: Sableye\n|-damage|p2a: Sableye|26\/100\n|move|p2a: Sableye|Shadow Sneak|p1a: Crawdaunt\n|-resisted|p1a: Crawdaunt\n|-damage|p1a: Crawdaunt|0 fnt\n|faint|p1a: Crawdaunt\n|\n|upkeep\n|\n|t:|1699832073\n|switch|p1a: Jynx|Jynx, F, tera:Fairy|39\/100\n|turn|69\n|inactive|I am Useless Meta has 270 seconds left.\n|\n|t:|1699832084\n|move|p2a: Sableye|Shadow Sneak|p1a: Jynx\n|-damage|p1a: Jynx|9\/100\n|move|p1a: Jynx|Draining Kiss|p2a: Sableye\n|-supereffective|p2a: Sableye\n|-damage|p2a: Sableye|0 fnt\n|-heal|p1a: Jynx|27\/100|[from] drain|[of] p2a: Sableye\n|faint|p2a: Sableye\n|\n|upkeep\n|\n|t:|1699832091\n|switch|p2a: Gallade|Gallade, M|50\/100\n|turn|70\n|\n|t:|1699832095\n|move|p1a: Jynx|Draining Kiss|p2a: Gallade\n|-supereffective|p2a: Gallade\n|-damage|p2a: Gallade|0 fnt\n|-heal|p1a: Jynx|57\/100|[from] drain|[of] p2a: Gallade\n|faint|p2a: Gallade\n|\n|upkeep\n|c|\u2606devious fearvg|oh yea\n|inactive|devious fearvg has 240 seconds left.\n|c|\u2606devious fearvg|forgot\n|\n|t:|1699832112\n|switch|p2a: Manaphy|Manaphy|51\/100\n|turn|71\n|inactive|devious fearvg has 240 seconds left.\n|\n|t:|1699832139\n|move|p1a: Jynx|Light Screen|p1a: Jynx\n|-sidestart|p1: I am Useless Meta|move: Light Screen\n|move|p2a: Manaphy|Scald|p1a: Jynx\n|-damage|p1a: Jynx|43\/100\n|\n|-heal|p2a: Manaphy|57\/100|[from] item: Leftovers\n|upkeep\n|turn|72\n|inactive|devious fearvg has 240 seconds left.\n|\n|t:|1699832151\n|move|p1a: Jynx|Draining Kiss|p2a: Manaphy\n|-damage|p2a: Manaphy|39\/100\n|-heal|p1a: Jynx|59\/100|[from] drain|[of] p2a: Manaphy\n|move|p2a: Manaphy|Tail Glow|p2a: Manaphy\n|-boost|p2a: Manaphy|spa|3\n|\n|-heal|p2a: Manaphy|45\/100|[from] item: Leftovers\n|upkeep\n|turn|73\n|\n|t:|1699832155\n|move|p1a: Jynx|Draining Kiss|p2a: Manaphy\n|-damage|p2a: Manaphy|26\/100\n|-heal|p1a: Jynx|74\/100|[from] drain|[of] p2a: Manaphy\n|move|p2a: Manaphy|Scald|p1a: Jynx\n|-damage|p1a: Jynx|41\/100\n|-status|p1a: Jynx|brn\n|\n|-heal|p2a: Manaphy|32\/100|[from] item: Leftovers\n|-damage|p1a: Jynx|35\/100 brn|[from] brn\n|upkeep\n|turn|74\n|\n|t:|1699832162\n|move|p1a: Jynx|Draining Kiss|p2a: Manaphy\n|-damage|p2a: Manaphy|14\/100\n|-heal|p1a: Jynx|50\/100 brn|[from] drain|[of] p2a: Manaphy\n|move|p2a: Manaphy|Scald|p1a: Jynx\n|-damage|p1a: Jynx|17\/100 brn\n|\n|-heal|p2a: Manaphy|20\/100|[from] item: Leftovers\n|-damage|p1a: Jynx|11\/100 brn|[from] brn\n|upkeep\n|turn|75\n|\n|t:|1699832165\n|move|p1a: Jynx|Draining Kiss|p2a: Manaphy\n|-damage|p2a: Manaphy|2\/100\n|-heal|p1a: Jynx|26\/100 brn|[from] drain|[of] p2a: Manaphy\n|move|p2a: Manaphy|Scald|p1a: Jynx\n|-damage|p1a: Jynx|0 fnt\n|faint|p1a: Jynx\n|\n|win|devious fearvg\n|c|\u2606I am Useless Meta|gg\n|c|\u2606devious fearvg|ggs\n|c|\u2606I am Useless Meta|1-0\n|c|\u2606devious fearvg|ye\n|c|\u2606devious fearvg|dear god\n|c|\u2606devious fearvg|74 turns\n|l|\u2606devious fearvg\n|l|iamuselessmeta\n|j|\u2606I am Useless Meta\n","uploadtime":1699832197,"views":21,"p1id":"iamuselessmeta","p2id":"deviousfearvg","formatid":"gen9nationaldex","rating":0,"private":0,"password":""}