{"id":"gen9nationaldex-1992055569","p1":"nice ct","p2":"elvisma","format":"[Gen 9] National Dex","log":"|j|\u2606nice ct\n|j|\u2606elvisma\n|t:|1700151350\n|gametype|singles\n|player|p1|nice ct|dawn|1699\n|player|p2|elvisma|red-masters|1743\n|teamsize|p1|6\n|teamsize|p2|6\n|gen|9\n|tier|[Gen 9] National Dex\n|rated|\n|rule|HP Percentage Mod: HP is shown in percentages\n|rule|Endless Battle Clause: Forcing endless battles is banned\n|rule|OHKO Clause: OHKO moves are banned\n|rule|Evasion Clause: Evasion abilities, items, and moves are banned\n|rule|Evasion Abilities Clause: Evasion abilities are banned\n|rule|Evasion Items Clause: Evasion items are banned\n|rule|Evasion Moves Clause: Evasion moves are banned\n|rule|Species Clause: Limit one of each Pok\u00e9mon\n|rule|Sleep Clause Mod: Limit one foe put to sleep\n|clearpoke\n|poke|p1|Banette, M|\n|poke|p1|Clefable, M|\n|poke|p1|Ting-Lu|\n|poke|p1|Cresselia, F|\n|poke|p1|Tangrowth, F|\n|poke|p1|Alomomola, M|\n|poke|p2|Azelf|\n|poke|p2|Charizard, F|\n|poke|p2|Ribombee, M|\n|poke|p2|Great Tusk|\n|poke|p2|Ogerpon-Wellspring, F|\n|poke|p2|Victini|\n|teampreview\n|inactive|Battle timer is ON: inactive players will automatically lose when time's up. (requested by nice ct)\n|c|\u2606elvisma|MAN\n|\n|t:|1700151366\n|start\n|switch|p1a: Ting-Lu|Ting-Lu|100\/100\n|switch|p2a: ampheros|Charizard, F|100\/100\n|-ability|p1a: Ting-Lu|Vessel of Ruin\n|turn|1\n|\n|t:|1700151372\n|move|p2a: ampheros|Dragon Dance|p2a: ampheros\n|-boost|p2a: ampheros|atk|1\n|-boost|p2a: ampheros|spe|1\n|move|p1a: Ting-Lu|Stealth Rock|p2a: ampheros\n|-sidestart|p2: elvisma|move: Stealth Rock\n|\n|upkeep\n|turn|2\n|\n|t:|1700151376\n|detailschange|p2a: ampheros|Charizard-Mega-X, F\n|-mega|p2a: ampheros|Charizard|Charizardite X\n|move|p2a: ampheros|Dragon Claw|p1a: Ting-Lu\n|-damage|p1a: Ting-Lu|57\/100\n|move|p1a: Ting-Lu|Whirlwind|p2a: ampheros\n|drag|p2a: pls dont u-turn|Azelf|100\/100\n|-damage|p2a: pls dont u-turn|88\/100|[from] Stealth Rock\n|\n|-heal|p1a: Ting-Lu|63\/100|[from] item: Leftovers\n|upkeep\n|turn|3\n|\n|t:|1700151383\n|move|p2a: pls dont u-turn|Dazzling Gleam|p1a: Ting-Lu\n|-supereffective|p1a: Ting-Lu\n|-damage|p1a: Ting-Lu|40\/100\n|move|p1a: Ting-Lu|Spikes|p2a: pls dont u-turn\n|-sidestart|p2: elvisma|Spikes\n|\n|-heal|p1a: Ting-Lu|47\/100|[from] item: Leftovers\n|upkeep\n|turn|4\n|\n|t:|1700151387\n|move|p2a: pls dont u-turn|Dazzling Gleam|p1a: Ting-Lu\n|-supereffective|p1a: Ting-Lu\n|-damage|p1a: Ting-Lu|24\/100\n|move|p1a: Ting-Lu|Spikes|p2a: pls dont u-turn\n|-sidestart|p2: elvisma|Spikes\n|\n|-heal|p1a: Ting-Lu|31\/100|[from] item: Leftovers\n|upkeep\n|turn|5\n|\n|t:|1700151390\n|move|p2a: pls dont u-turn|Dazzling Gleam|p1a: Ting-Lu\n|-supereffective|p1a: Ting-Lu\n|-damage|p1a: Ting-Lu|9\/100\n|move|p1a: Ting-Lu|Spikes|p2a: pls dont u-turn\n|-sidestart|p2: elvisma|Spikes\n|\n|-heal|p1a: Ting-Lu|15\/100|[from] item: Leftovers\n|upkeep\n|turn|6\n|\n|t:|1700151394\n|switch|p1a: Cresselia|Cresselia, F|100\/100\n|move|p2a: pls dont u-turn|Dazzling Gleam|p1a: Cresselia\n|-damage|p1a: Cresselia|85\/100\n|\n|-heal|p1a: Cresselia|92\/100|[from] item: Leftovers\n|upkeep\n|turn|7\n|\n|t:|1700151397\n|switch|p2a: TUSK SWEEP|Great Tusk|100\/100\n|-damage|p2a: TUSK SWEEP|98\/100|[from] Stealth Rock\n|-damage|p2a: TUSK SWEEP|73\/100|[from] Spikes\n|-enditem|p2a: TUSK SWEEP|Booster Energy\n|-activate|p2a: TUSK SWEEP|ability: Protosynthesis|[fromitem]\n|-start|p2a: TUSK SWEEP|protosynthesisatk\n|move|p1a: Cresselia|Calm Mind|p1a: Cresselia\n|-boost|p1a: Cresselia|spa|1\n|-boost|p1a: Cresselia|spd|1\n|\n|-heal|p1a: Cresselia|98\/100|[from] item: Leftovers\n|upkeep\n|turn|8\n|\n|t:|1700151405\n|switch|p1a: Alomomola|Alomomola, M|100\/100\n|move|p2a: TUSK SWEEP|Headlong Rush|p1a: Alomomola\n|-damage|p1a: Alomomola|59\/100\n|-unboost|p2a: TUSK SWEEP|def|1\n|-unboost|p2a: TUSK SWEEP|spd|1\n|-damage|p2a: TUSK SWEEP|56\/100|[from] item: Rocky Helmet|[of] p1a: Alomomola\n|\n|upkeep\n|turn|9\n|\n|t:|1700151411\n|move|p2a: TUSK SWEEP|Rapid Spin|p1a: Alomomola\n|-damage|p1a: Alomomola|46\/100\n|-boost|p2a: TUSK SWEEP|spe|1\n|-damage|p2a: TUSK SWEEP|40\/100|[from] item: Rocky Helmet|[of] p1a: Alomomola\n|-sideend|p2: elvisma|Spikes|[from] move: Rapid Spin|[of] p2a: TUSK SWEEP\n|-sideend|p2: elvisma|Stealth Rock|[from] move: Rapid Spin|[of] p2a: TUSK SWEEP\n|move|p1a: Alomomola|Flip Turn|p2a: TUSK SWEEP\n|-supereffective|p2a: TUSK SWEEP\n|-damage|p2a: TUSK SWEEP|4\/100\n|\n|t:|1700151415\n|switch|p1a: Tangrowth|Tangrowth, F|100\/100|[from] Flip Turn\n|\n|upkeep\n|turn|10\n|\n|t:|1700151419\n|move|p2a: TUSK SWEEP|Close Combat|p1a: Tangrowth\n|-damage|p1a: Tangrowth|55\/100\n|-unboost|p2a: TUSK SWEEP|def|1\n|-unboost|p2a: TUSK SWEEP|spd|1\n|-damage|p2a: TUSK SWEEP|0 fnt|[from] item: Rocky Helmet|[of] p1a: Tangrowth\n|faint|p2a: TUSK SWEEP\n|-end|p2a: TUSK SWEEP|Protosynthesis|[silent]\n|move|p1a: Tangrowth|Giga Drain|p2: TUSK SWEEP|[notarget]\n|-fail|p1a: Tangrowth\n|\n|upkeep\n|\n|t:|1700151425\n|switch|p2a: V create spam|Victini|100\/100\n|turn|11\n|\n|t:|1700151431\n|switch|p1a: Alomomola|Alomomola, M|80\/100\n|-zpower|p2a: V create spam\n|move|p2a: V create spam|Z-Celebrate|p2a: V create spam|[anim]Celebrate\n|-boost|p2a: V create spam|atk|1|[zeffect]\n|-boost|p2a: V create spam|def|1|[zeffect]\n|-boost|p2a: V create spam|spa|1|[zeffect]\n|-boost|p2a: V create spam|spd|1|[zeffect]\n|-boost|p2a: V create spam|spe|1|[zeffect]\n|-activate|p2a: V create spam|move: Celebrate\n|\n|upkeep\n|turn|12\n|\n|t:|1700151441\n|move|p2a: V create spam|Energy Ball|p1a: Alomomola\n|-supereffective|p1a: Alomomola\n|-damage|p1a: Alomomola|0 fnt\n|faint|p1a: Alomomola\n|\n|upkeep\n|\n|t:|1700151446\n|switch|p1a: Cresselia|Cresselia, F|98\/100\n|turn|13\n|\n|t:|1700151448\n|move|p2a: V create spam|Searing Shot|p1a: Cresselia\n|-damage|p1a: Cresselia|63\/100\n|move|p1a: Cresselia|Calm Mind|p1a: Cresselia\n|-boost|p1a: Cresselia|spa|1\n|-boost|p1a: Cresselia|spd|1\n|\n|-heal|p1a: Cresselia|69\/100|[from] item: Leftovers\n|upkeep\n|turn|14\n|\n|t:|1700151456\n|switch|p2a: touchgrassdrinkH2O|Ogerpon-Wellspring, F|100\/100\n|move|p1a: Cresselia|Moonlight|p1a: Cresselia\n|-heal|p1a: Cresselia|100\/100\n|\n|upkeep\n|turn|15\n|\n|t:|1700151461\n|switch|p1a: Tangrowth|Tangrowth, F|88\/100\n|move|p2a: touchgrassdrinkH2O|Swords Dance|p2a: touchgrassdrinkH2O\n|-boost|p2a: touchgrassdrinkH2O|atk|2\n|\n|upkeep\n|turn|16\n|\n|t:|1700151472\n|move|p2a: touchgrassdrinkH2O|Play Rough|p1a: Tangrowth\n|-damage|p1a: Tangrowth|48\/100\n|-damage|p2a: touchgrassdrinkH2O|84\/100|[from] item: Rocky Helmet|[of] p1a: Tangrowth\n|move|p1a: Tangrowth|Sludge Bomb|p2a: touchgrassdrinkH2O\n|-supereffective|p2a: touchgrassdrinkH2O\n|-damage|p2a: touchgrassdrinkH2O|33\/100\n|\n|upkeep\n|turn|17\n|\n|t:|1700151489\n|-terastallize|p2a: touchgrassdrinkH2O|Water\n|detailschange|p2a: touchgrassdrinkH2O|Ogerpon-Wellspring-Tera, F, tera:Water\n|-ability|p2a: touchgrassdrinkH2O|Embody Aspect (Wellspring)|boost\n|-boost|p2a: touchgrassdrinkH2O|spd|1\n|move|p2a: touchgrassdrinkH2O|Ivy Cudgel|p1a: Tangrowth|[anim] Ivy Cudgel Water\n|-resisted|p1a: Tangrowth\n|-damage|p1a: Tangrowth|10\/100\n|move|p1a: Tangrowth|Morning Sun|p1a: Tangrowth\n|-heal|p1a: Tangrowth|60\/100\n|\n|upkeep\n|turn|18\n|\n|t:|1700151500\n|switch|p2a: ampheros|Charizard-Mega-X, F|100\/100\n|move|p1a: Tangrowth|Morning Sun|p1a: Tangrowth\n|-heal|p1a: Tangrowth|100\/100\n|\n|upkeep\n|turn|19\n|\n|t:|1700151519\n|switch|p1a: Banette|Banette, M|100\/100\n|-item|p2a: ampheros|Charizardite X|[from] ability: Frisk|[of] p1a: Banette|[identify]\n|move|p2a: ampheros|Dragon Dance|p2a: ampheros\n|-boost|p2a: ampheros|atk|1\n|-boost|p2a: ampheros|spe|1\n|\n|upkeep\n|turn|20\n|\n|t:|1700151522\n|switch|p2a: ZA BEE|Ribombee, M|100\/100\n|detailschange|p1a: Banette|Banette-Mega, M\n|-mega|p1a: Banette|Banette|Banettite\n|move|p1a: Banette|Destiny Bond|p1a: Banette\n|-singlemove|p1a: Banette|Destiny Bond\n|\n|upkeep\n|turn|21\n|\n|t:|1700151529\n|switch|p1a: Ting-Lu|Ting-Lu|15\/100\n|-ability|p1a: Ting-Lu|Vessel of Ruin\n|move|p2a: ZA BEE|Moonblast|p1a: Ting-Lu\n|-supereffective|p1a: Ting-Lu\n|-damage|p1a: Ting-Lu|0 fnt\n|faint|p1a: Ting-Lu\n|\n|upkeep\n|\n|t:|1700151532\n|switch|p1a: Clefable|Clefable, M|100\/100\n|turn|22\n|\n|t:|1700151539\n|move|p2a: ZA BEE|Moonblast|p1a: Clefable\n|-damage|p1a: Clefable|62\/100\n|move|p1a: Clefable|Cosmic Power|p1a: Clefable\n|-boost|p1a: Clefable|def|1\n|-boost|p1a: Clefable|spd|1\n|\n|-heal|p1a: Clefable|69\/100|[from] item: Leftovers\n|upkeep\n|turn|23\n|\n|t:|1700151544\n|switch|p2a: pls dont u-turn|Azelf|88\/100\n|move|p1a: Clefable|Cosmic Power|p1a: Clefable\n|-boost|p1a: Clefable|def|1\n|-boost|p1a: Clefable|spd|1\n|\n|-heal|p1a: Clefable|75\/100|[from] item: Leftovers\n|upkeep\n|turn|24\n|\n|t:|1700151550\n|move|p2a: pls dont u-turn|Mystical Power|p1a: Clefable\n|-damage|p1a: Clefable|59\/100\n|-boost|p2a: pls dont u-turn|spa|1\n|move|p1a: Clefable|Cosmic Power|p1a: Clefable\n|-boost|p1a: Clefable|def|1\n|-boost|p1a: Clefable|spd|1\n|\n|-heal|p1a: Clefable|65\/100|[from] item: Leftovers\n|upkeep\n|turn|25\n|\n|t:|1700151555\n|move|p2a: pls dont u-turn|Mystical Power|p1a: Clefable\n|-damage|p1a: Clefable|45\/100\n|-boost|p2a: pls dont u-turn|spa|1\n|move|p1a: Clefable|Cosmic Power|p1a: Clefable\n|-boost|p1a: Clefable|def|1\n|-boost|p1a: Clefable|spd|1\n|\n|-heal|p1a: Clefable|52\/100|[from] item: Leftovers\n|upkeep\n|turn|26\n|\n|t:|1700151563\n|move|p2a: pls dont u-turn|Mystical Power|p1a: Clefable\n|-damage|p1a: Clefable|28\/100\n|-boost|p2a: pls dont u-turn|spa|1\n|move|p1a: Clefable|Cosmic Power|p1a: Clefable\n|-boost|p1a: Clefable|def|1\n|-boost|p1a: Clefable|spd|1\n|\n|-heal|p1a: Clefable|34\/100|[from] item: Leftovers\n|upkeep\n|turn|27\n|\n|t:|1700151565\n|move|p2a: pls dont u-turn|Mystical Power|p1a: Clefable\n|-damage|p1a: Clefable|10\/100\n|-boost|p2a: pls dont u-turn|spa|1\n|move|p1a: Clefable|Soft-Boiled|p1a: Clefable\n|-heal|p1a: Clefable|60\/100\n|\n|-heal|p1a: Clefable|66\/100|[from] item: Leftovers\n|upkeep\n|turn|28\n|\n|t:|1700151570\n|move|p2a: pls dont u-turn|Mystical Power|p1a: Clefable|[miss]\n|-miss|p2a: pls dont u-turn|p1a: Clefable\n|move|p1a: Clefable|Cosmic Power|p1a: Clefable\n|-boost|p1a: Clefable|def|1\n|-boost|p1a: Clefable|spd|1\n|\n|-heal|p1a: Clefable|72\/100|[from] item: Leftovers\n|upkeep\n|turn|29\n|c|\u2606elvisma|crit\n|c|\u2606elvisma|COME ON\n|\n|t:|1700151575\n|move|p2a: pls dont u-turn|Mystical Power|p1a: Clefable\n|-damage|p1a: Clefable|46\/100\n|-boost|p2a: pls dont u-turn|spa|1\n|move|p1a: Clefable|Stored Power|p2a: pls dont u-turn\n|-resisted|p2a: pls dont u-turn\n|-damage|p2a: pls dont u-turn|60\/100\n|\n|-heal|p1a: Clefable|52\/100|[from] item: Leftovers\n|upkeep\n|turn|30\n|\n|t:|1700151579\n|move|p2a: pls dont u-turn|Mystical Power|p1a: Clefable\n|-damage|p1a: Clefable|22\/100\n|-boost|p2a: pls dont u-turn|spa|1\n|move|p1a: Clefable|Soft-Boiled|p1a: Clefable\n|-heal|p1a: Clefable|72\/100\n|\n|-heal|p1a: Clefable|78\/100|[from] item: Leftovers\n|upkeep\n|turn|31\n|\n|t:|1700151584\n|move|p2a: pls dont u-turn|Mystical Power|p1a: Clefable\n|-crit|p1a: Clefable\n|-damage|p1a: Clefable|0 fnt\n|faint|p1a: Clefable\n|\n|upkeep\n|\n|t:|1700151588\n|switch|p1a: Banette|Banette-Mega, M|100\/100\n|turn|32\n|\n|t:|1700151592\n|switch|p2a: ZA BEE|Ribombee, M|100\/100\n|move|p1a: Banette|Destiny Bond|p1a: Banette\n|-singlemove|p1a: Banette|Destiny Bond\n|\n|upkeep\n|turn|33\n|\n|t:|1700151595\n|switch|p1a: Cresselia|Cresselia, F|100\/100\n|move|p2a: ZA BEE|Bug Buzz|p1a: Cresselia\n|-supereffective|p1a: Cresselia\n|-damage|p1a: Cresselia|61\/100\n|-unboost|p1a: Cresselia|spd|1\n|\n|-heal|p1a: Cresselia|67\/100|[from] item: Leftovers\n|upkeep\n|turn|34\n|\n|t:|1700151599\n|-terastallize|p1a: Cresselia|Poison\n|move|p2a: ZA BEE|Bug Buzz|p1a: Cresselia\n|-resisted|p1a: Cresselia\n|-damage|p1a: Cresselia|51\/100\n|move|p1a: Cresselia|Calm Mind|p1a: Cresselia\n|-boost|p1a: Cresselia|spa|1\n|-boost|p1a: Cresselia|spd|1\n|\n|-heal|p1a: Cresselia|57\/100|[from] item: Leftovers\n|upkeep\n|turn|35\n|\n|t:|1700151603\n|switch|p2a: pls dont u-turn|Azelf|60\/100\n|move|p1a: Cresselia|Calm Mind|p1a: Cresselia\n|-boost|p1a: Cresselia|spa|1\n|-boost|p1a: Cresselia|spd|1\n|\n|-heal|p1a: Cresselia|64\/100|[from] item: Leftovers\n|upkeep\n|turn|36\n|\n|t:|1700151610\n|move|p2a: pls dont u-turn|Mystical Power|p1a: Cresselia\n|-supereffective|p1a: Cresselia\n|-damage|p1a: Cresselia|38\/100\n|-boost|p2a: pls dont u-turn|spa|1\n|move|p1a: Cresselia|Calm Mind|p1a: Cresselia\n|-boost|p1a: Cresselia|spa|1\n|-boost|p1a: Cresselia|spd|1\n|\n|-heal|p1a: Cresselia|44\/100|[from] item: Leftovers\n|upkeep\n|turn|37\n|\n|t:|1700151615\n|move|p2a: pls dont u-turn|Mystical Power|p1a: Cresselia\n|-supereffective|p1a: Cresselia\n|-damage|p1a: Cresselia|19\/100\n|-boost|p2a: pls dont u-turn|spa|1\n|move|p1a: Cresselia|Moonlight|p1a: Cresselia\n|-heal|p1a: Cresselia|69\/100\n|\n|-heal|p1a: Cresselia|76\/100|[from] item: Leftovers\n|upkeep\n|turn|38\n|c|\u2606elvisma|crit\n|c|\u2606elvisma|crit\n|\n|t:|1700151620\n|move|p2a: pls dont u-turn|Mystical Power|p1a: Cresselia\n|-supereffective|p1a: Cresselia\n|-damage|p1a: Cresselia|41\/100\n|-boost|p2a: pls dont u-turn|spa|1\n|move|p1a: Cresselia|Stored Power|p2a: pls dont u-turn\n|-resisted|p2a: pls dont u-turn\n|-damage|p2a: pls dont u-turn|16\/100\n|\n|-heal|p1a: Cresselia|47\/100|[from] item: Leftovers\n|upkeep\n|turn|39\n|c|\u2606elvisma|crit\n|\n|t:|1700151627\n|move|p2a: pls dont u-turn|Mystical Power|p1a: Cresselia|[miss]\n|-miss|p2a: pls dont u-turn|p1a: Cresselia\n|move|p1a: Cresselia|Moonlight|p1a: Cresselia\n|-heal|p1a: Cresselia|97\/100\n|\n|-heal|p1a: Cresselia|100\/100|[from] item: Leftovers\n|upkeep\n|turn|40\n|\n|t:|1700151631\n|move|p2a: pls dont u-turn|Mystical Power|p1a: Cresselia\n|-supereffective|p1a: Cresselia\n|-damage|p1a: Cresselia|57\/100\n|-boost|p2a: pls dont u-turn|spa|1\n|move|p1a: Cresselia|Stored Power|p2a: pls dont u-turn\n|-resisted|p2a: pls dont u-turn\n|-damage|p2a: pls dont u-turn|0 fnt\n|faint|p2a: pls dont u-turn\n|\n|-heal|p1a: Cresselia|63\/100|[from] item: Leftovers\n|upkeep\n|\n|t:|1700151637\n|switch|p2a: touchgrassdrinkH2O|Ogerpon-Wellspring-Tera, F, tera:Water|33\/100\n|-ability|p2a: touchgrassdrinkH2O|Embody Aspect (Wellspring)|boost\n|-boost|p2a: touchgrassdrinkH2O|spd|1\n|turn|41\n|\n|t:|1700151647\n|switch|p1a: Tangrowth|Tangrowth, F|100\/100\n|move|p2a: touchgrassdrinkH2O|Ivy Cudgel|p1a: Tangrowth|[anim] Ivy Cudgel Water\n|-resisted|p1a: Tangrowth\n|-damage|p1a: Tangrowth|80\/100\n|\n|upkeep\n|turn|42\n|\n|t:|1700151654\n|switch|p2a: ZA BEE|Ribombee, M|100\/100\n|move|p1a: Tangrowth|Sludge Bomb|p2a: ZA BEE\n|-supereffective|p2a: ZA BEE\n|-damage|p2a: ZA BEE|21\/100\n|\n|upkeep\n|turn|43\n|\n|t:|1700151661\n|switch|p1a: Cresselia|Cresselia, F, tera:Poison|63\/100\n|move|p2a: ZA BEE|Moonblast|p1a: Cresselia\n|-resisted|p1a: Cresselia\n|-damage|p1a: Cresselia|52\/100\n|\n|-heal|p1a: Cresselia|58\/100|[from] item: Leftovers\n|upkeep\n|turn|44\n|\n|t:|1700151665\n|switch|p2a: ampheros|Charizard-Mega-X, F|100\/100\n|move|p1a: Cresselia|Moonlight|p1a: Cresselia\n|-heal|p1a: Cresselia|100\/100\n|\n|upkeep\n|turn|45\n|\n|t:|1700151668\n|switch|p1a: Tangrowth|Tangrowth, F|100\/100\n|move|p2a: ampheros|Dragon Dance|p2a: ampheros\n|-boost|p2a: ampheros|atk|1\n|-boost|p2a: ampheros|spe|1\n|\n|upkeep\n|turn|46\n|\n|t:|1700151672\n|move|p2a: ampheros|Dragon Dance|p2a: ampheros\n|-boost|p2a: ampheros|atk|1\n|-boost|p2a: ampheros|spe|1\n|move|p1a: Tangrowth|Sludge Bomb|p2a: ampheros\n|-damage|p2a: ampheros|71\/100\n|\n|upkeep\n|turn|47\n|\n|t:|1700151675\n|move|p2a: ampheros|Fire Punch|p1a: Tangrowth\n|-supereffective|p1a: Tangrowth\n|-damage|p1a: Tangrowth|0 fnt\n|-damage|p2a: ampheros|54\/100|[from] item: Rocky Helmet|[of] p1a: Tangrowth\n|faint|p1a: Tangrowth\n|\n|upkeep\n|\n|t:|1700151678\n|switch|p1a: Banette|Banette-Mega, M|100\/100\n|turn|48\n|\n|t:|1700151681\n|switch|p2a: ZA BEE|Ribombee, M|21\/100\n|move|p1a: Banette|Destiny Bond|p1a: Banette\n|-singlemove|p1a: Banette|Destiny Bond\n|\n|upkeep\n|turn|49\n|\n|t:|1700151689\n|switch|p2a: ampheros|Charizard-Mega-X, F|54\/100\n|switch|p1a: Cresselia|Cresselia, F, tera:Poison|100\/100\n|\n|upkeep\n|turn|50\n|\n|t:|1700151694\n|move|p2a: ampheros|Dragon Claw|p1a: Cresselia\n|-damage|p1a: Cresselia|60\/100\n|move|p1a: Cresselia|Moonblast|p2a: ampheros\n|-damage|p2a: ampheros|31\/100\n|-unboost|p2a: ampheros|spa|1\n|\n|-heal|p1a: Cresselia|66\/100|[from] item: Leftovers\n|upkeep\n|turn|51\n|j| steelix my fav\n|\n|t:|1700151701\n|move|p2a: ampheros|Dragon Dance|p2a: ampheros\n|-boost|p2a: ampheros|atk|1\n|-boost|p2a: ampheros|spe|1\n|move|p1a: Cresselia|Moonblast|p2a: ampheros\n|-damage|p2a: ampheros|8\/100\n|\n|-heal|p1a: Cresselia|72\/100|[from] item: Leftovers\n|upkeep\n|turn|52\n|\n|t:|1700151714\n|move|p2a: ampheros|Dragon Claw|p1a: Cresselia\n|-damage|p1a: Cresselia|16\/100\n|move|p1a: Cresselia|Moonblast|p2a: ampheros\n|-damage|p2a: ampheros|0 fnt\n|faint|p2a: ampheros\n|\n|-heal|p1a: Cresselia|22\/100|[from] item: Leftovers\n|upkeep\n|\n|t:|1700151725\n|switch|p2a: touchgrassdrinkH2O|Ogerpon-Wellspring-Tera, F, tera:Water|33\/100\n|-ability|p2a: touchgrassdrinkH2O|Embody Aspect (Wellspring)|boost\n|-boost|p2a: touchgrassdrinkH2O|spd|1\n|turn|53\n|\n|t:|1700151730\n|switch|p1a: Banette|Banette-Mega, M|100\/100\n|move|p2a: touchgrassdrinkH2O|Ivy Cudgel|p1a: Banette|[anim] Ivy Cudgel Water\n|-damage|p1a: Banette|4\/100\n|\n|upkeep\n|turn|54\n|\n|t:|1700151740\n|move|p1a: Banette|Destiny Bond|p1a: Banette\n|-singlemove|p1a: Banette|Destiny Bond\n|move|p2a: touchgrassdrinkH2O|Horn Leech|p1a: Banette\n|-damage|p1a: Banette|0 fnt\n|-heal|p2a: touchgrassdrinkH2O|35\/100|[from] drain|[of] p1a: Banette\n|faint|p1a: Banette\n|-activate|p1a: Banette|move: Destiny Bond\n|faint|p2a: touchgrassdrinkH2O\n|\n|upkeep\n|\n|t:|1700151743\n|switch|p2a: V create spam|Victini|100\/100\n|switch|p1a: Cresselia|Cresselia, F, tera:Poison|22\/100\n|turn|55\n|\n|t:|1700151745\n|move|p2a: V create spam|Searing Shot|p1a: Cresselia\n|-damage|p1a: Cresselia|0 fnt\n|faint|p1a: Cresselia\n|\n|win|elvisma\n|raw|nice ct's rating: 1699 &rarr; <strong>1682<\/strong><br \/>(-17 for losing)\n|raw|elvisma's rating: 1743 &rarr; <strong>1760<\/strong><br \/>(+17 for winning)\n|c|\u2606elvisma|gg\n|l|\u2606nice ct\n","uploadtime":1700151750,"views":11,"p1id":"nicect","p2id":"elvisma","formatid":"gen9nationaldex","rating":1682,"private":0,"password":""}