{"id":"gen9nationaldex-1999758304","p1":"Detingbuffalo06","p2":"jkljlkh","format":"[Gen 9] National Dex","log":"|html|<div class=\"broadcast-blue\"><strong>[Gen 9] National Dex is currently suspecting Sneasler! For information on how to participate check out the <a href=\"https:\/\/www.smogon.com\/forums\/threads\/sv-national-dex-suspect-8-just-dance.3731534\/\">suspect thread<\/a>.<\/strong><\/div>\n|j|\u2606Detingbuffalo06\n|j|\u2606jkljlkh\n|t:|1701114064\n|gametype|singles\n|player|p1|Detingbuffalo06|flint|1597\n|player|p2|jkljlkh|cyrus|1880\n|teamsize|p1|6\n|teamsize|p2|6\n|gen|9\n|tier|[Gen 9] National Dex\n|rated|\n|rule|HP Percentage Mod: HP is shown in percentages\n|rule|Endless Battle Clause: Forcing endless battles is banned\n|rule|OHKO Clause: OHKO moves are banned\n|rule|Evasion Clause: Evasion abilities, items, and moves are banned\n|rule|Evasion Abilities Clause: Evasion abilities are banned\n|rule|Evasion Items Clause: Evasion items are banned\n|rule|Evasion Moves Clause: Evasion moves are banned\n|rule|Species Clause: Limit one of each Pok\u00e9mon\n|rule|Sleep Clause Mod: Limit one foe put to sleep\n|clearpoke\n|poke|p1|Sharpedo, F|\n|poke|p1|Crawdaunt, F|\n|poke|p1|Hatterene, F|\n|poke|p1|Absol, F|\n|poke|p1|Froslass, F|\n|poke|p1|Manaphy|\n|poke|p2|Toxapex, F|\n|poke|p2|Dondozo, M|\n|poke|p2|Gliscor, M|\n|poke|p2|Blissey, F|\n|poke|p2|Corviknight, F|\n|poke|p2|Tyranitar, F|\n|teampreview\n|inactive|Battle timer is ON: inactive players will automatically lose when time's up. (requested by Detingbuffalo06)\n|\n|t:|1701114082\n|start\n|switch|p1a: Froslass|Froslass, F|100\/100\n|switch|p2a: corvifaifjlkdsfj|Corviknight, F|100\/100\n|-ability|p2a: corvifaifjlkdsfj|Pressure\n|turn|1\n|\n|t:|1701114088\n|move|p1a: Froslass|Taunt|p2a: corvifaifjlkdsfj\n|-start|p2a: corvifaifjlkdsfj|move: Taunt\n|move|p2a: corvifaifjlkdsfj|Iron Head|p1a: Froslass\n|-supereffective|p1a: Froslass\n|-damage|p1a: Froslass|25\/100\n|-start|p2a: corvifaifjlkdsfj|Disable|Iron Head|[from] ability: Cursed Body|[of] p1a: Froslass\n|\n|upkeep\n|turn|2\n|\n|t:|1701114094\n|move|p1a: Froslass|Frost Breath|p2a: corvifaifjlkdsfj\n|-crit|p2a: corvifaifjlkdsfj\n|-damage|p2a: corvifaifjlkdsfj|75\/100\n|-activate|p2a: corvifaifjlkdsfj|move: Struggle\n|move|p2a: corvifaifjlkdsfj|Struggle|p1a: Froslass\n|-damage|p1a: Froslass|8\/100\n|-damage|p2a: corvifaifjlkdsfj|50\/100|[from] recoil\n|\n|-heal|p2a: corvifaifjlkdsfj|57\/100|[from] item: Leftovers\n|upkeep\n|turn|3\n|\n|t:|1701114099\n|switch|p2a: hi6|Tyranitar, F|100\/100\n|-weather|Sandstorm|[from] ability: Sand Stream|[of] p2a: hi6\n|move|p1a: Froslass|Destiny Bond|p1a: Froslass\n|-singlemove|p1a: Froslass|Destiny Bond\n|\n|-weather|Sandstorm|[upkeep]\n|-damage|p1a: Froslass|2\/100|[from] Sandstorm\n|upkeep\n|turn|4\n|\n|t:|1701114106\n|switch|p2a: hi|Toxapex, F|100\/100\n|move|p1a: Froslass|Taunt|p2a: hi\n|-start|p2a: hi|move: Taunt\n|\n|-weather|Sandstorm|[upkeep]\n|-damage|p1a: Froslass|0 fnt|[from] Sandstorm\n|-damage|p2a: hi|95\/100|[from] Sandstorm\n|faint|p1a: Froslass\n|upkeep\n|\n|t:|1701114112\n|switch|p1a: Hatterene|Hatterene, F|100\/100\n|turn|5\n|\n|t:|1701114114\n|switch|p2a: corvifaifjlkdsfj|Corviknight, F|57\/100\n|-ability|p2a: corvifaifjlkdsfj|Pressure\n|move|p1a: Hatterene|Dazzling Gleam|p2a: corvifaifjlkdsfj\n|-resisted|p2a: corvifaifjlkdsfj\n|-damage|p2a: corvifaifjlkdsfj|36\/100\n|-damage|p1a: Hatterene|91\/100|[from] item: Life Orb\n|\n|-weather|Sandstorm|[upkeep]\n|-damage|p1a: Hatterene|85\/100|[from] Sandstorm\n|-heal|p2a: corvifaifjlkdsfj|42\/100|[from] item: Leftovers\n|upkeep\n|turn|6\n|\n|t:|1701114118\n|move|p2a: corvifaifjlkdsfj|Iron Head|p1a: Hatterene\n|-supereffective|p1a: Hatterene\n|-damage|p1a: Hatterene|32\/100\n|move|p1a: Hatterene|Mystical Fire|p2a: corvifaifjlkdsfj\n|-supereffective|p2a: corvifaifjlkdsfj\n|-damage|p2a: corvifaifjlkdsfj|0 fnt\n|faint|p2a: corvifaifjlkdsfj\n|-damage|p1a: Hatterene|22\/100|[from] item: Life Orb\n|\n|-weather|Sandstorm|[upkeep]\n|-damage|p1a: Hatterene|16\/100|[from] Sandstorm\n|upkeep\n|\n|t:|1701114121\n|switch|p2a: hi6|Tyranitar, F|100\/100\n|turn|7\n|\n|t:|1701114125\n|detailschange|p2a: hi6|Tyranitar-Mega, F\n|-mega|p2a: hi6|Tyranitar|Tyranitarite\n|move|p2a: hi6|Pursuit|p1a: Hatterene\n|-damage|p1a: Hatterene|0 fnt\n|faint|p1a: Hatterene\n|\n|-weather|none\n|upkeep\n|\n|t:|1701114127\n|switch|p1a: Sharpedo|Sharpedo, F|100\/100\n|turn|8\n|\n|t:|1701114130\n|switch|p2a: hi|Toxapex, F|100\/100\n|move|p1a: Sharpedo|Close Combat|p2a: hi\n|-resisted|p2a: hi\n|-damage|p2a: hi|86\/100\n|-unboost|p1a: Sharpedo|def|1\n|-unboost|p1a: Sharpedo|spd|1\n|\n|-ability|p1a: Sharpedo|Speed Boost|boost\n|-boost|p1a: Sharpedo|spe|1\n|upkeep\n|turn|9\n|\n|t:|1701114133\n|move|p1a: Sharpedo|Flip Turn|p2a: hi\n|-resisted|p2a: hi\n|-damage|p2a: hi|76\/100\n|\n|t:|1701114136\n|switch|p1a: Absol|Absol, F|100\/100|[from] Flip Turn\n|-ability|p1a: Absol|Pressure\n|move|p2a: hi|Toxic|p1a: Absol\n|-status|p1a: Absol|tox\n|\n|-damage|p1a: Absol|95\/100 tox|[from] psn\n|upkeep\n|turn|10\n|\n|t:|1701114143\n|detailschange|p1a: Absol|Absol-Mega, F\n|-mega|p1a: Absol|Absol|Absolite\n|move|p2a: hi|Baneful Bunker|p2a: hi\n|-singleturn|p2a: hi|move: Protect\n|move|p1a: Absol|Sucker Punch||[still]\n|-fail|p1a: Absol\n|\n|-damage|p1a: Absol|83\/100 tox|[from] psn\n|upkeep\n|turn|11\n|\n|t:|1701114152\n|switch|p1a: Crawdaunt|Crawdaunt, F|100\/100\n|switch|p2a: hi22|Gliscor, M|100\/100\n|\n|-status|p2a: hi22|tox|[from] item: Toxic Orb\n|upkeep\n|turn|12\n|\n|t:|1701114156\n|move|p2a: hi22|Protect|p2a: hi22\n|-singleturn|p2a: hi22|Protect\n|move|p1a: Crawdaunt|Knock Off|p2a: hi22\n|-activate|p2a: hi22|move: Protect\n|\n|upkeep\n|turn|13\n|\n|t:|1701114159\n|move|p2a: hi22|Toxic|p1a: Crawdaunt\n|-status|p1a: Crawdaunt|tox\n|move|p1a: Crawdaunt|Liquidation|p2a: hi22\n|-supereffective|p2a: hi22\n|-damage|p2a: hi22|19\/100 tox\n|-unboost|p2a: hi22|def|1\n|\n|-heal|p2a: hi22|32\/100 tox|[from] ability: Poison Heal\n|-damage|p1a: Crawdaunt|94\/100 tox|[from] psn\n|upkeep\n|turn|14\n|\n|t:|1701114162\n|move|p2a: hi22|Protect|p2a: hi22\n|-singleturn|p2a: hi22|Protect\n|move|p1a: Crawdaunt|Knock Off|p2a: hi22\n|-activate|p2a: hi22|move: Protect\n|\n|-heal|p2a: hi22|44\/100 tox|[from] ability: Poison Heal\n|-damage|p1a: Crawdaunt|82\/100 tox|[from] psn\n|upkeep\n|turn|15\n|\n|t:|1701114164\n|switch|p2a: hi|Toxapex, F|100\/100\n|move|p1a: Crawdaunt|Knock Off|p2a: hi\n|-damage|p2a: hi|59\/100\n|-enditem|p2a: hi|Heavy-Duty Boots|[from] move: Knock Off|[of] p1a: Crawdaunt\n|\n|-damage|p1a: Crawdaunt|64\/100 tox|[from] psn\n|upkeep\n|turn|16\n|\n|t:|1701114168\n|move|p1a: Crawdaunt|Liquidation|p2a: hi\n|-resisted|p2a: hi\n|-damage|p2a: hi|40\/100\n|move|p2a: hi|Recover|p2a: hi\n|-heal|p2a: hi|90\/100\n|\n|-damage|p1a: Crawdaunt|40\/100 tox|[from] psn\n|upkeep\n|turn|17\n|\n|t:|1701114175\n|move|p1a: Crawdaunt|Liquidation|p2a: hi\n|-resisted|p2a: hi\n|-damage|p2a: hi|70\/100\n|move|p2a: hi|Recover|p2a: hi\n|-heal|p2a: hi|100\/100\n|\n|-damage|p1a: Crawdaunt|10\/100 tox|[from] psn\n|upkeep\n|turn|18\n|\n|t:|1701114177\n|move|p2a: hi|Baneful Bunker|p2a: hi\n|-singleturn|p2a: hi|move: Protect\n|move|p1a: Crawdaunt|Endeavor|p2a: hi\n|-activate|p2a: hi|move: Protect\n|\n|-damage|p1a: Crawdaunt|0 fnt|[from] psn\n|faint|p1a: Crawdaunt\n|upkeep\n|\n|t:|1701114179\n|switch|p1a: Manaphy|Manaphy|100\/100\n|turn|19\n|\n|t:|1701114181\n|move|p1a: Manaphy|Tail Glow|p1a: Manaphy\n|-boost|p1a: Manaphy|spa|3\n|move|p2a: hi|Toxic|p1a: Manaphy\n|-status|p1a: Manaphy|tox\n|\n|-damage|p1a: Manaphy|94\/100 tox|[from] psn\n|upkeep\n|turn|20\n|\n|t:|1701114188\n|switch|p2a: hi22|Gliscor, M|44\/100 tox\n|-terastallize|p1a: Manaphy|Grass\n|move|p1a: Manaphy|Energy Ball|p2a: hi22\n|-damage|p2a: hi22|0 fnt\n|faint|p2a: hi22\n|\n|-heal|p1a: Manaphy|100\/100 tox|[from] item: Leftovers\n|-damage|p1a: Manaphy|88\/100 tox|[from] psn\n|upkeep\n|\n|t:|1701114191\n|switch|p2a: hi6|Tyranitar-Mega, F|100\/100\n|-weather|Sandstorm|[from] ability: Sand Stream|[of] p2a: hi6\n|turn|21\n|\n|t:|1701114200\n|move|p1a: Manaphy|Scald|p2a: hi6\n|-supereffective|p2a: hi6\n|-damage|p2a: hi6|32\/100\n|-status|p2a: hi6|brn\n|move|p2a: hi6|Ice Punch|p1a: Manaphy\n|-supereffective|p1a: Manaphy\n|-damage|p1a: Manaphy|66\/100 tox\n|\n|-weather|Sandstorm|[upkeep]\n|-damage|p1a: Manaphy|60\/100 tox|[from] Sandstorm\n|-heal|p1a: Manaphy|66\/100 tox|[from] item: Leftovers\n|-damage|p1a: Manaphy|47\/100 tox|[from] psn\n|-damage|p2a: hi6|25\/100 brn|[from] brn\n|upkeep\n|turn|22\n|\n|t:|1701114207\n|move|p1a: Manaphy|Energy Ball|p2a: hi6\n|-supereffective|p2a: hi6\n|-damage|p2a: hi6|0 fnt\n|faint|p2a: hi6\n|\n|-weather|Sandstorm|[upkeep]\n|-damage|p1a: Manaphy|41\/100 tox|[from] Sandstorm\n|-heal|p1a: Manaphy|47\/100 tox|[from] item: Leftovers\n|-damage|p1a: Manaphy|23\/100 tox|[from] psn\n|upkeep\n|\n|t:|1701114216\n|switch|p2a: hi|Toxapex, F|100\/100\n|turn|23\n|\n|t:|1701114219\n|move|p2a: hi|Baneful Bunker|p2a: hi\n|-singleturn|p2a: hi|move: Protect\n|move|p1a: Manaphy|Energy Ball|p2a: hi\n|-activate|p2a: hi|move: Protect\n|\n|-weather|Sandstorm|[upkeep]\n|-damage|p1a: Manaphy|16\/100 tox|[from] Sandstorm\n|-damage|p2a: hi|95\/100|[from] Sandstorm\n|-heal|p1a: Manaphy|23\/100 tox|[from] item: Leftovers\n|-damage|p1a: Manaphy|0 fnt|[from] psn\n|faint|p1a: Manaphy\n|upkeep\n|\n|t:|1701114221\n|switch|p1a: Sharpedo|Sharpedo, F|100\/100\n|turn|24\n|\n|t:|1701114224\n|switch|p1a: Absol|Absol-Mega, F|83\/100 tox\n|move|p2a: hi|Toxic|p1a: Absol\n|move|p1a: Absol|Toxic|p2a: hi|[from]ability: Magic Bounce|[miss]\n|-miss|p1a: Absol|p2a: hi\n|\n|-weather|Sandstorm|[upkeep]\n|-damage|p1a: Absol|77\/100 tox|[from] Sandstorm\n|-damage|p2a: hi|89\/100|[from] Sandstorm\n|-damage|p1a: Absol|71\/100 tox|[from] psn\n|upkeep\n|turn|25\n|\n|t:|1701114227\n|move|p2a: hi|Baneful Bunker|p2a: hi\n|-singleturn|p2a: hi|move: Protect\n|move|p1a: Absol|Swords Dance|p1a: Absol\n|-boost|p1a: Absol|atk|2\n|\n|-weather|none\n|-damage|p1a: Absol|59\/100 tox|[from] psn\n|upkeep\n|turn|26\n|\n|t:|1701114231\n|switch|p2a: hi2|Dondozo, M|100\/100\n|move|p1a: Absol|Play Rough|p2a: hi2\n|-damage|p2a: hi2|86\/100\n|\n|-damage|p1a: Absol|41\/100 tox|[from] psn\n|upkeep\n|turn|27\n|\n|t:|1701114233\n|move|p1a: Absol|Flamethrower|p2a: hi2\n|-resisted|p2a: hi2\n|-crit|p2a: hi2\n|-damage|p2a: hi2|69\/100\n|move|p2a: hi2|Curse|p2a: hi2\n|-unboost|p2a: hi2|spe|1\n|-boost|p2a: hi2|atk|1\n|-boost|p2a: hi2|def|1\n|\n|-damage|p1a: Absol|18\/100 tox|[from] psn\n|upkeep\n|turn|28\n|\n|t:|1701114237\n|move|p1a: Absol|Flamethrower|p2a: hi2\n|-resisted|p2a: hi2\n|-damage|p2a: hi2|57\/100\n|move|p2a: hi2|Curse|p2a: hi2\n|-unboost|p2a: hi2|spe|1\n|-boost|p2a: hi2|atk|1\n|-boost|p2a: hi2|def|1\n|\n|-damage|p1a: Absol|0 fnt|[from] psn\n|faint|p1a: Absol\n|upkeep\n|\n|t:|1701114238\n|switch|p1a: Sharpedo|Sharpedo, F|100\/100\n|turn|29\n|\n|t:|1701114240\n|move|p1a: Sharpedo|Close Combat|p2a: hi2\n|-damage|p2a: hi2|48\/100\n|-unboost|p1a: Sharpedo|def|1\n|-unboost|p1a: Sharpedo|spd|1\n|move|p2a: hi2|Body Press|p1a: Sharpedo\n|-supereffective|p1a: Sharpedo\n|-enditem|p1a: Sharpedo|Focus Sash\n|-damage|p1a: Sharpedo|1\/100\n|\n|-ability|p1a: Sharpedo|Speed Boost|boost\n|-boost|p1a: Sharpedo|spe|1\n|upkeep\n|turn|30\n|\n|t:|1701114254\n|move|p1a: Sharpedo|Destiny Bond|p1a: Sharpedo\n|-singlemove|p1a: Sharpedo|Destiny Bond\n|move|p2a: hi2|Body Press|p1a: Sharpedo\n|-supereffective|p1a: Sharpedo\n|-damage|p1a: Sharpedo|0 fnt\n|faint|p1a: Sharpedo\n|-activate|p1a: Sharpedo|move: Destiny Bond\n|faint|p2a: hi2\n|\n|win|jkljlkh\n|raw|Detingbuffalo06's rating: 1597 &rarr; <strong>1590<\/strong><br \/>(-7 for losing)\n|raw|jkljlkh's rating: 1880 &rarr; <strong>1887<\/strong><br \/>(+7 for winning)\n|l|\u2606Detingbuffalo06\n","uploadtime":1701114263,"views":19,"p1id":"detingbuffalo06","p2id":"jkljlkh","formatid":"gen9nationaldex","rating":1590,"private":0,"password":""}