{"id":"gen9nationaldex-1988490488","p1":"Gotham Pokemon","p2":"Maxer59","format":"[Gen 9] National Dex","log":"|j|\u2606Gotham Pokemon\n|j|\u2606Maxer59\n|t:|1699728550\n|gametype|singles\n|player|p1|Gotham Pokemon|101|1223\n|player|p2|Maxer59|lucas|1191\n|teamsize|p1|6\n|teamsize|p2|6\n|gen|9\n|tier|[Gen 9] National Dex\n|rated|\n|rule|HP Percentage Mod: HP is shown in percentages\n|rule|Endless Battle Clause: Forcing endless battles is banned\n|rule|OHKO Clause: OHKO moves are banned\n|rule|Evasion Clause: Evasion abilities, items, and moves are banned\n|rule|Evasion Abilities Clause: Evasion abilities are banned\n|rule|Evasion Items Clause: Evasion items are banned\n|rule|Evasion Moves Clause: Evasion moves are banned\n|rule|Species Clause: Limit one of each Pok\u00e9mon\n|rule|Sleep Clause Mod: Limit one foe put to sleep\n|clearpoke\n|poke|p1|Tyranitar, F|\n|poke|p1|Excadrill, F|\n|poke|p1|Hippowdon, M|\n|poke|p1|Mandibuzz, F|\n|poke|p1|Enamorus-Therian, F|\n|poke|p1|Diancie|\n|poke|p2|Pelipper, F|\n|poke|p2|Floatzel, M|\n|poke|p2|Samurott-Hisui, M|\n|poke|p2|Politoed, M|\n|poke|p2|Bruxish, M|\n|poke|p2|Armaldo, F|\n|teampreview\n|inactive|Battle timer is ON: inactive players will automatically lose when time's up. (requested by Maxer59)\n|\n|t:|1699728563\n|start\n|switch|p1a: Tyranitar|Tyranitar, F, shiny|100\/100\n|switch|p2a: Samurott|Samurott-Hisui, M|100\/100\n|-weather|Sandstorm|[from] ability: Sand Stream|[of] p1a: Tyranitar\n|turn|1\n|c|\u2606Gotham Pokemon|Rain Vs Sandstorm\n|\n|t:|1699728584\n|move|p2a: Samurott|Sacred Sword|p1a: Tyranitar\n|-supereffective|p1a: Tyranitar\n|-damage|p1a: Tyranitar|0 fnt\n|faint|p1a: Tyranitar\n|\n|-weather|Sandstorm|[upkeep]\n|-damage|p2a: Samurott|94\/100|[from] Sandstorm\n|upkeep\n|\n|t:|1699728593\n|switch|p1a: Mandibuzz|Mandibuzz, F|100\/100\n|turn|2\n|\n|t:|1699728605\n|switch|p2a: Pelipper|Pelipper, F|100\/100\n|-weather|RainDance|[from] ability: Drizzle|[of] p2a: Pelipper\n|move|p1a: Mandibuzz|Toxic|p2a: Pelipper|[miss]\n|-miss|p1a: Mandibuzz|p2a: Pelipper\n|\n|-weather|RainDance|[upkeep]\n|upkeep\n|turn|3\n|\n|t:|1699728617\n|move|p1a: Mandibuzz|Toxic|p2a: Pelipper\n|-status|p2a: Pelipper|tox\n|move|p2a: Pelipper|Tailwind|p2a: Pelipper\n|-sidestart|p2: Maxer59|move: Tailwind\n|\n|-weather|RainDance|[upkeep]\n|-damage|p2a: Pelipper|94\/100 tox|[from] psn\n|upkeep\n|turn|4\n|\n|t:|1699728628\n|switch|p1a: Hippowdon|Hippowdon, M|100\/100\n|-weather|Sandstorm|[from] ability: Sand Stream|[of] p1a: Hippowdon\n|move|p2a: Pelipper|Weather Ball|p1a: Hippowdon\n|-resisted|p1a: Hippowdon\n|-damage|p1a: Hippowdon|83\/100\n|\n|-weather|Sandstorm|[upkeep]\n|-damage|p2a: Pelipper|88\/100 tox|[from] Sandstorm\n|-heal|p1a: Hippowdon|90\/100|[from] item: Leftovers\n|-damage|p2a: Pelipper|76\/100 tox|[from] psn\n|upkeep\n|turn|5\n|\n|t:|1699728641\n|switch|p2a: Politoed|Politoed, M|100\/100\n|-weather|RainDance|[from] ability: Drizzle|[of] p2a: Politoed\n|switch|p1a: Mandibuzz|Mandibuzz, F|100\/100\n|\n|-weather|RainDance|[upkeep]\n|upkeep\n|turn|6\n|\n|t:|1699728654\n|move|p2a: Politoed|Weather Ball|p1a: Mandibuzz\n|-damage|p1a: Mandibuzz|43\/100\n|move|p1a: Mandibuzz|Foul Play|p2a: Politoed\n|-damage|p2a: Politoed|80\/100\n|\n|-weather|RainDance|[upkeep]\n|-sideend|p2: Maxer59|move: Tailwind\n|upkeep\n|turn|7\n|\n|t:|1699728665\n|switch|p1a: Hippowdon|Hippowdon, M|90\/100\n|-weather|Sandstorm|[from] ability: Sand Stream|[of] p1a: Hippowdon\n|move|p2a: Politoed|Weather Ball|p1a: Hippowdon\n|-resisted|p1a: Hippowdon\n|-damage|p1a: Hippowdon|73\/100\n|\n|-weather|Sandstorm|[upkeep]\n|-damage|p2a: Politoed|74\/100|[from] Sandstorm\n|-heal|p1a: Hippowdon|79\/100|[from] item: Leftovers\n|upkeep\n|turn|8\n|\n|t:|1699728683\n|switch|p2a: Pelipper|Pelipper, F|76\/100 tox\n|-weather|RainDance|[from] ability: Drizzle|[of] p2a: Pelipper\n|switch|p1a: Enamorus|Enamorus-Therian, F|100\/100\n|\n|-weather|RainDance|[upkeep]\n|-damage|p2a: Pelipper|70\/100 tox|[from] psn\n|upkeep\n|turn|9\n|\n|t:|1699728690\n|move|p1a: Enamorus|Draining Kiss|p2a: Pelipper\n|-crit|p2a: Pelipper\n|-damage|p2a: Pelipper|0 fnt\n|faint|p2a: Pelipper\n|\n|-weather|RainDance|[upkeep]\n|upkeep\n|\n|t:|1699728697\n|switch|p2a: Floatzel|Floatzel, M|100\/100\n|turn|10\n|\n|t:|1699728705\n|-terastallize|p2a: Floatzel|Water\n|move|p2a: Floatzel|Wave Crash|p1a: Enamorus\n|-damage|p1a: Enamorus|0 fnt\n|faint|p1a: Enamorus\n|-damage|p2a: Floatzel|69\/100|[from] Recoil\n|\n|-weather|RainDance|[upkeep]\n|upkeep\n|\n|t:|1699728715\n|switch|p1a: Mandibuzz|Mandibuzz, F|43\/100\n|turn|11\n|\n|t:|1699728719\n|move|p2a: Floatzel|Wave Crash|p1a: Mandibuzz\n|-damage|p1a: Mandibuzz|0 fnt\n|faint|p1a: Mandibuzz\n|-damage|p2a: Floatzel|54\/100|[from] Recoil\n|\n|-weather|RainDance|[upkeep]\n|upkeep\n|\n|t:|1699728722\n|switch|p1a: Hippowdon|Hippowdon, M|79\/100\n|-weather|Sandstorm|[from] ability: Sand Stream|[of] p1a: Hippowdon\n|turn|12\n|\n|t:|1699728738\n|switch|p2a: Politoed|Politoed, M|74\/100\n|-weather|RainDance|[from] ability: Drizzle|[of] p2a: Politoed\n|move|p1a: Hippowdon|Stealth Rock|p2a: Politoed\n|-sidestart|p2: Maxer59|move: Stealth Rock\n|\n|-weather|RainDance|[upkeep]\n|-heal|p1a: Hippowdon|85\/100|[from] item: Leftovers\n|upkeep\n|turn|13\n|\n|t:|1699728748\n|switch|p1a: Diancie|Diancie|100\/100\n|move|p2a: Politoed|Weather Ball|p1a: Diancie\n|-supereffective|p1a: Diancie\n|-damage|p1a: Diancie|0 fnt\n|faint|p1a: Diancie\n|\n|-weather|RainDance|[upkeep]\n|upkeep\n|\n|t:|1699728753\n|switch|p1a: Excadrill|Excadrill, F|100\/100\n|turn|14\n|-message|Gotham Pokemon forfeited.\n|\n|win|Maxer59\n|raw|Gotham Pokemon's rating: 1223 &rarr; <strong>1196<\/strong><br \/>(-27 for losing)\n|raw|Maxer59's rating: 1191 &rarr; <strong>1218<\/strong><br \/>(+27 for winning)\n|l|\u2606Gotham Pokemon\n","uploadtime":1699728767,"views":6,"p1id":"gothampokemon","p2id":"maxer59","formatid":"gen9nationaldex","rating":1196,"private":0,"password":""}