{"id":"gen9nationaldex-1993312111","p1":"As cheu","p2":"xiaoqing three","format":"[Gen 9] National Dex","log":"|j|\u2606As cheu\n|j|\u2606xiaoqing three\n|t:|1700295872\n|gametype|singles\n|player|p1|As cheu|officeworker|1461\n|player|p2|xiaoqing three|grusha|1475\n|teamsize|p1|6\n|teamsize|p2|6\n|gen|9\n|tier|[Gen 9] National Dex\n|rated|\n|rule|HP Percentage Mod: HP is shown in percentages\n|rule|Endless Battle Clause: Forcing endless battles is banned\n|rule|OHKO Clause: OHKO moves are banned\n|rule|Evasion Clause: Evasion abilities, items, and moves are banned\n|rule|Evasion Abilities Clause: Evasion abilities are banned\n|rule|Evasion Items Clause: Evasion items are banned\n|rule|Evasion Moves Clause: Evasion moves are banned\n|rule|Species Clause: Limit one of each Pok\u00e9mon\n|rule|Sleep Clause Mod: Limit one foe put to sleep\n|clearpoke\n|poke|p1|Cloyster, M|\n|poke|p1|Umbreon, F|\n|poke|p1|Gardevoir, F|\n|poke|p1|Forretress, M|\n|poke|p1|Thundurus-Therian, M|\n|poke|p1|Sneasler, M|\n|poke|p2|Weavile, M|\n|poke|p2|Landorus-Therian, M|\n|poke|p2|Zapdos|\n|poke|p2|Volcanion|\n|poke|p2|Ursaluna, F|\n|poke|p2|Kartana|\n|teampreview\n|inactive|Battle timer is ON: inactive players will automatically lose when time's up. (requested by As cheu)\n|\n|t:|1700295897\n|start\n|switch|p1a: Thundurus|Thundurus-Therian, M|100\/100\n|switch|p2a: Weavile|Weavile, M|100\/100\n|-ability|p2a: Weavile|Pressure\n|turn|1\n|\n|t:|1700295908\n|-terastallize|p1a: Thundurus|Water\n|move|p2a: Weavile|Beat Up|p1a: Thundurus\n|-crit|p1a: Thundurus\n|-damage|p1a: Thundurus|73\/100\n|-damage|p1a: Thundurus|51\/100\n|-damage|p1a: Thundurus|36\/100\n|-damage|p1a: Thundurus|19\/100\n|-damage|p1a: Thundurus|0 fnt\n|faint|p1a: Thundurus\n|-hitcount|p1: Thundurus|5\n|\n|upkeep\n|\n|t:|1700295913\n|switch|p1a: Sneasler|Sneasler, M|100\/100\n|turn|2\n|\n|t:|1700295932\n|switch|p2a: Landorus|Landorus-Therian, M|100\/100\n|-ability|p2a: Landorus|Intimidate|boost\n|-unboost|p1a: Sneasler|atk|1\n|move|p1a: Sneasler|Close Combat|p2a: Landorus\n|-resisted|p2a: Landorus\n|-damage|p2a: Landorus|80\/100\n|-unboost|p1a: Sneasler|def|1\n|-unboost|p1a: Sneasler|spd|1\n|\n|-heal|p2a: Landorus|86\/100|[from] item: Leftovers\n|upkeep\n|turn|3\n|\n|t:|1700295936\n|switch|p1a: Forretress|Forretress, M|100\/100\n|move|p2a: Landorus|Earthquake|p1a: Forretress\n|-damage|p1a: Forretress|72\/100\n|\n|-heal|p2a: Landorus|92\/100|[from] item: Leftovers\n|upkeep\n|turn|4\n|\n|t:|1700295940\n|move|p2a: Landorus|U-turn|p1a: Forretress\n|-resisted|p1a: Forretress\n|-damage|p1a: Forretress|66\/100\n|-damage|p2a: Landorus|76\/100|[from] item: Rocky Helmet|[of] p1a: Forretress\n|\n|t:|1700295944\n|switch|p2a: Weavile|Weavile, M|100\/100|[from] U-turn\n|-ability|p2a: Weavile|Pressure\n|move|p1a: Forretress|Toxic|p2a: Weavile\n|-status|p2a: Weavile|tox\n|\n|-damage|p2a: Weavile|94\/100 tox|[from] psn\n|upkeep\n|turn|5\n|\n|t:|1700295948\n|-terastallize|p2a: Weavile|Dark\n|move|p2a: Weavile|Beat Up|p1a: Forretress\n|-damage|p1a: Forretress|55\/100\n|-damage|p1a: Forretress|43\/100\n|-damage|p1a: Forretress|34\/100\n|-damage|p1a: Forretress|23\/100\n|-damage|p1a: Forretress|11\/100\n|-damage|p1a: Forretress|0 fnt\n|faint|p1a: Forretress\n|-hitcount|p1: Forretress|6\n|\n|-damage|p2a: Weavile|82\/100 tox|[from] psn\n|upkeep\n|\n|t:|1700295960\n|switch|p1a: Sneasler|Sneasler, M|100\/100\n|turn|6\n|\n|t:|1700295965\n|switch|p2a: Landorus|Landorus-Therian, M|76\/100\n|-ability|p2a: Landorus|Intimidate|boost\n|-unboost|p1a: Sneasler|atk|1\n|move|p1a: Sneasler|U-turn|p2a: Landorus\n|-resisted|p2a: Landorus\n|-damage|p2a: Landorus|68\/100\n|\n|t:|1700295969\n|switch|p1a: \u88d9\u4e0b\u4e4b\u81e3|Gardevoir, F, shiny|100\/100|[from] U-turn\n|-ability|p1a: \u88d9\u4e0b\u4e4b\u81e3|Intimidate|boost\n|-unboost|p2a: Landorus|atk|1\n|-ability|p1a: \u88d9\u4e0b\u4e4b\u81e3|Intimidate|[from] ability: Trace|[of] p2a: Landorus\n|\n|-heal|p2a: Landorus|74\/100|[from] item: Leftovers\n|upkeep\n|turn|7\n|\n|t:|1700295980\n|detailschange|p1a: \u88d9\u4e0b\u4e4b\u81e3|Gardevoir-Mega, F, shiny\n|-mega|p1a: \u88d9\u4e0b\u4e4b\u81e3|Gardevoir|Gardevoirite\n|move|p1a: \u88d9\u4e0b\u4e4b\u81e3|Hyper Voice|p2a: Landorus\n|-damage|p2a: Landorus|31\/100\n|move|p2a: Landorus|Stealth Rock|p1a: \u88d9\u4e0b\u4e4b\u81e3\n|-sidestart|p1: As cheu|move: Stealth Rock\n|\n|-heal|p2a: Landorus|37\/100|[from] item: Leftovers\n|upkeep\n|turn|8\n|\n|t:|1700295984\n|move|p1a: \u88d9\u4e0b\u4e4b\u81e3|Hyper Voice|p2a: Landorus\n|-damage|p2a: Landorus|0 fnt\n|faint|p2a: Landorus\n|\n|upkeep\n|\n|t:|1700295989\n|switch|p2a: Volcanion|Volcanion|100\/100\n|turn|9\n|\n|t:|1700295993\n|move|p1a: \u88d9\u4e0b\u4e4b\u81e3|Calm Mind|p1a: \u88d9\u4e0b\u4e4b\u81e3\n|-boost|p1a: \u88d9\u4e0b\u4e4b\u81e3|spa|1\n|-boost|p1a: \u88d9\u4e0b\u4e4b\u81e3|spd|1\n|move|p2a: Volcanion|Toxic|p1a: \u88d9\u4e0b\u4e4b\u81e3\n|-status|p1a: \u88d9\u4e0b\u4e4b\u81e3|tox\n|\n|-damage|p1a: \u88d9\u4e0b\u4e4b\u81e3|94\/100 tox|[from] psn\n|upkeep\n|turn|10\n|\n|t:|1700295999\n|move|p1a: \u88d9\u4e0b\u4e4b\u81e3|Psyshock|p2a: Volcanion\n|-crit|p2a: Volcanion\n|-damage|p2a: Volcanion|38\/100\n|move|p2a: Volcanion|Steam Eruption|p1a: \u88d9\u4e0b\u4e4b\u81e3\n|-damage|p1a: \u88d9\u4e0b\u4e4b\u81e3|69\/100 tox\n|\n|-damage|p1a: \u88d9\u4e0b\u4e4b\u81e3|57\/100 tox|[from] psn\n|upkeep\n|turn|11\n|\n|t:|1700296006\n|move|p1a: \u88d9\u4e0b\u4e4b\u81e3|Hyper Voice|p2a: Volcanion\n|-resisted|p2a: Volcanion\n|-damage|p2a: Volcanion|0 fnt\n|faint|p2a: Volcanion\n|\n|-damage|p1a: \u88d9\u4e0b\u4e4b\u81e3|38\/100 tox|[from] psn\n|upkeep\n|\n|t:|1700296011\n|switch|p2a: Kartana|Kartana|100\/100\n|turn|12\n|\n|t:|1700296017\n|switch|p1a: \u56e1\u56e1|Umbreon, F|100\/100\n|-damage|p1a: \u56e1\u56e1|88\/100|[from] Stealth Rock\n|move|p2a: Kartana|Smart Strike|p1a: \u56e1\u56e1\n|-damage|p1a: \u56e1\u56e1|62\/100\n|\n|-heal|p1a: \u56e1\u56e1|68\/100|[from] item: Leftovers\n|upkeep\n|turn|13\n|\n|t:|1700296026\n|switch|p2a: Weavile|Weavile, M, tera:Dark|82\/100 tox\n|-ability|p2a: Weavile|Pressure\n|move|p1a: \u56e1\u56e1|Wish|p1a: \u56e1\u56e1\n|\n|-heal|p1a: \u56e1\u56e1|74\/100|[from] item: Leftovers\n|-damage|p2a: Weavile|76\/100 tox|[from] psn\n|upkeep\n|turn|14\n|\n|t:|1700296036\n|move|p1a: \u56e1\u56e1|Protect|p1a: \u56e1\u56e1\n|-singleturn|p1a: \u56e1\u56e1|Protect\n|move|p2a: Weavile|Triple Axel|p1a: \u56e1\u56e1\n|-activate|p1a: \u56e1\u56e1|move: Protect\n|\n|-heal|p1a: \u56e1\u56e1|100\/100|[from] move: Wish|[wisher] \u56e1\u56e1\n|-damage|p2a: Weavile|64\/100 tox|[from] psn\n|upkeep\n|turn|15\n|\n|t:|1700296040\n|move|p2a: Weavile|Triple Axel|p1a: \u56e1\u56e1\n|-damage|p1a: \u56e1\u56e1|92\/100\n|-damage|p1a: \u56e1\u56e1|76\/100\n|-damage|p1a: \u56e1\u56e1|49\/100\n|-hitcount|p1a: \u56e1\u56e1|3\n|move|p1a: \u56e1\u56e1|Wish|p1a: \u56e1\u56e1\n|\n|-heal|p1a: \u56e1\u56e1|55\/100|[from] item: Leftovers\n|-damage|p2a: Weavile|46\/100 tox|[from] psn\n|upkeep\n|turn|16\n|\n|t:|1700296048\n|switch|p2a: Ursaluna|Ursaluna, F|100\/100\n|switch|p1a: \u9b3c\u65af|Cloyster, M|100\/100\n|-damage|p1a: \u9b3c\u65af|76\/100|[from] Stealth Rock\n|\n|-heal|p1a: \u9b3c\u65af|100\/100|[from] move: Wish|[wisher] \u56e1\u56e1\n|-status|p2a: Ursaluna|brn|[from] item: Flame Orb\n|upkeep\n|turn|17\n|\n|t:|1700296063\n|move|p1a: \u9b3c\u65af|Shell Smash|p1a: \u9b3c\u65af\n|-unboost|p1a: \u9b3c\u65af|def|1\n|-unboost|p1a: \u9b3c\u65af|spd|1\n|-boost|p1a: \u9b3c\u65af|atk|2\n|-boost|p1a: \u9b3c\u65af|spa|2\n|-boost|p1a: \u9b3c\u65af|spe|2\n|move|p2a: Ursaluna|Facade|p1a: \u9b3c\u65af\n|-enditem|p1a: \u9b3c\u65af|Focus Sash\n|-damage|p1a: \u9b3c\u65af|1\/100\n|\n|-damage|p2a: Ursaluna|94\/100 brn|[from] brn\n|upkeep\n|turn|18\n|\n|t:|1700296070\n|switch|p2a: Zapdos|Zapdos|100\/100\n|move|p1a: \u9b3c\u65af|Icicle Spear|p2a: Zapdos\n|-supereffective|p2a: Zapdos\n|-damage|p2a: Zapdos|68\/100\n|-supereffective|p2a: Zapdos\n|-damage|p2a: Zapdos|33\/100\n|-supereffective|p2a: Zapdos\n|-damage|p2a: Zapdos|0 fnt\n|faint|p2a: Zapdos\n|-hitcount|p2: Zapdos|3\n|\n|upkeep\n|\n|t:|1700296089\n|switch|p2a: Weavile|Weavile, M, tera:Dark|46\/100 tox\n|-ability|p2a: Weavile|Pressure\n|turn|19\n|\n|t:|1700296093\n|move|p1a: \u9b3c\u65af|Ice Shard|p2a: Weavile\n|-damage|p2a: Weavile|0 fnt\n|faint|p2a: Weavile\n|\n|upkeep\n|\n|t:|1700296096\n|switch|p2a: Kartana|Kartana|100\/100\n|turn|20\n|\n|t:|1700296105\n|move|p2a: Kartana|Leaf Blade|p1a: \u9b3c\u65af\n|-supereffective|p1a: \u9b3c\u65af\n|-damage|p1a: \u9b3c\u65af|0 fnt\n|faint|p1a: \u9b3c\u65af\n|-ability|p2a: Kartana|Beast Boost|boost\n|-boost|p2a: Kartana|atk|1\n|\n|upkeep\n|\n|t:|1700296109\n|switch|p1a: Sneasler|Sneasler, M|100\/100\n|-damage|p1a: Sneasler|95\/100|[from] Stealth Rock\n|turn|21\n|\n|t:|1700296113\n|move|p1a: Sneasler|Close Combat|p2a: Kartana\n|-supereffective|p2a: Kartana\n|-damage|p2a: Kartana|0 fnt\n|-unboost|p1a: Sneasler|def|1\n|-unboost|p1a: Sneasler|spd|1\n|faint|p2a: Kartana\n|\n|upkeep\n|\n|t:|1700296116\n|switch|p2a: Ursaluna|Ursaluna, F|94\/100 brn\n|turn|22\n|\n|t:|1700296121\n|move|p1a: Sneasler|Close Combat|p2a: Ursaluna\n|-supereffective|p2a: Ursaluna\n|-damage|p2a: Ursaluna|0 fnt\n|-unboost|p1a: Sneasler|def|1\n|-unboost|p1a: Sneasler|spd|1\n|faint|p2a: Ursaluna\n|\n|win|As cheu\n|raw|As cheu's rating: 1461 &rarr; <strong>1482<\/strong><br \/>(+21 for winning)\n|raw|xiaoqing three's rating: 1475 &rarr; <strong>1454<\/strong><br \/>(-21 for losing)\n|l|\u2606xiaoqing three\n","uploadtime":1700296130,"views":22,"p1id":"ascheu","p2id":"xiaoqingthree","formatid":"gen9nationaldex","rating":1454,"private":0,"password":""}