{"id":"gen9nationaldex-1993517341","p1":"hhhhhh111111","p2":"grass knot zygarde","format":"[Gen 9] National Dex","log":"|j|\u2606hhhhhh111111\n|j|\u2606grass knot zygarde\n|t:|1700327142\n|gametype|singles\n|player|p1|hhhhhh111111|steven|1763\n|player|p2|grass knot zygarde|dawn|1675\n|teamsize|p1|6\n|teamsize|p2|6\n|gen|9\n|tier|[Gen 9] National Dex\n|rated|\n|rule|HP Percentage Mod: HP is shown in percentages\n|rule|Endless Battle Clause: Forcing endless battles is banned\n|rule|OHKO Clause: OHKO moves are banned\n|rule|Evasion Clause: Evasion abilities, items, and moves are banned\n|rule|Evasion Abilities Clause: Evasion abilities are banned\n|rule|Evasion Items Clause: Evasion items are banned\n|rule|Evasion Moves Clause: Evasion moves are banned\n|rule|Species Clause: Limit one of each Pok\u00e9mon\n|rule|Sleep Clause Mod: Limit one foe put to sleep\n|clearpoke\n|poke|p1|Garganacl, F|\n|poke|p1|Great Tusk|\n|poke|p1|Charizard, M|\n|poke|p1|Tapu Lele|\n|poke|p1|Urshifu-*, F|\n|poke|p1|Heatran, M|\n|poke|p2|Clodsire, M|\n|poke|p2|Ogerpon, F|\n|poke|p2|Magnezone|\n|poke|p2|Charizard, F|\n|poke|p2|Gliscor, F|\n|poke|p2|Slowking, M|\n|teampreview\n|inactive|Battle timer is ON: inactive players will automatically lose when time's up. (requested by grass knot zygarde)\n|\n|t:|1700327164\n|start\n|switch|p1a: Urshifu|Urshifu-Rapid-Strike, F|100\/100\n|switch|p2a: ma|Magnezone|100\/100\n|turn|1\n|\n|t:|1700327173\n|switch|p1a: Great Tusk|Great Tusk|100\/100\n|move|p2a: ma|Volt Switch|p1a: Great Tusk\n|-immune|p1a: Great Tusk\n|\n|upkeep\n|turn|2\n|\n|t:|1700327184\n|switch|p2a: agony|Slowking, M|100\/100\n|-end|p1a: Great Tusk|Protosynthesis|[silent]\n|switch|p1a: Urshifu|Urshifu-Rapid-Strike, F|100\/100\n|\n|upkeep\n|turn|3\n|\n|t:|1700327190\n|move|p1a: Urshifu|U-turn|p2a: agony\n|-supereffective|p2a: agony\n|-damage|p2a: agony|38\/100\n|\n|t:|1700327197\n|switch|p1a: Garganacl|Garganacl, F|100\/100|[from] U-turn\n|move|p2a: agony|Future Sight|p1a: Garganacl\n|-start|p2a: agony|move: Future Sight\n|\n|upkeep\n|turn|4\n|\n|t:|1700327206\n|move|p1a: Garganacl|Stealth Rock|p2a: agony\n|-sidestart|p2: grass knot zygarde|move: Stealth Rock\n|move|p2a: agony|Chilly Reception|p2a: agony\n|-weather|Snow\n|\n|t:|1700327217\n|switch|p2a: ma|Magnezone|100\/100|[from] Chilly Reception\n|-damage|p2a: ma|94\/100|[from] Stealth Rock\n|\n|-weather|Snow|[upkeep]\n|upkeep\n|turn|5\n|\n|t:|1700327224\n|move|p1a: Garganacl|Protect|p1a: Garganacl\n|-singleturn|p1a: Garganacl|Protect\n|move|p2a: ma|Volt Switch|p1a: Garganacl\n|-activate|p1a: Garganacl|move: Protect\n|\n|-weather|Snow|[upkeep]\n|-end|p1a: Garganacl|move: Future Sight\n|-damage|p1a: Garganacl|72\/100\n|-heal|p1a: Garganacl|78\/100|[from] item: Leftovers\n|upkeep\n|turn|6\n|\n|t:|1700327232\n|switch|p1a: Great Tusk|Great Tusk|100\/100\n|move|p2a: ma|Volt Switch|p1a: Great Tusk\n|-immune|p1a: Great Tusk\n|\n|-weather|Snow|[upkeep]\n|upkeep\n|turn|7\n|\n|t:|1700327245\n|switch|p2a: ye|Gliscor, F, shiny|100\/100\n|-damage|p2a: ye|88\/100|[from] Stealth Rock\n|move|p1a: Great Tusk|Bulk Up|p1a: Great Tusk\n|-boost|p1a: Great Tusk|atk|1\n|-boost|p1a: Great Tusk|def|1\n|\n|-weather|Snow|[upkeep]\n|-status|p2a: ye|tox|[from] item: Toxic Orb\n|upkeep\n|turn|8\n|j| iliveinohiorizz\n|\n|t:|1700327257\n|move|p2a: ye|Protect|p2a: ye\n|-singleturn|p2a: ye|Protect\n|move|p1a: Great Tusk|Ice Spinner|p2a: ye\n|-activate|p2a: ye|move: Protect\n|\n|-weather|none\n|-heal|p2a: ye|100\/100 tox|[from] ability: Poison Heal\n|upkeep\n|turn|9\n|\n|t:|1700327267\n|move|p2a: ye|Toxic|p1a: Great Tusk\n|-status|p1a: Great Tusk|tox\n|move|p1a: Great Tusk|Bulk Up|p1a: Great Tusk\n|-boost|p1a: Great Tusk|atk|1\n|-boost|p1a: Great Tusk|def|1\n|\n|-damage|p1a: Great Tusk|94\/100 tox|[from] psn\n|upkeep\n|turn|10\n|\n|t:|1700327284\n|switch|p2a: agony|Slowking, M|71\/100\n|move|p1a: Great Tusk|Rapid Spin|p2a: agony\n|-damage|p2a: agony|50\/100\n|-boost|p1a: Great Tusk|spe|1\n|\n|-heal|p1a: Great Tusk|100\/100 tox|[from] item: Leftovers\n|-damage|p1a: Great Tusk|88\/100 tox|[from] psn\n|upkeep\n|turn|11\n|\n|t:|1700327295\n|switch|p2a: motorcycle|Charizard, F, shiny|100\/100\n|-damage|p2a: motorcycle|50\/100|[from] Stealth Rock\n|move|p1a: Great Tusk|Earthquake|p2a: motorcycle\n|-immune|p2a: motorcycle\n|\n|-heal|p1a: Great Tusk|94\/100 tox|[from] item: Leftovers\n|-damage|p1a: Great Tusk|76\/100 tox|[from] psn\n|upkeep\n|turn|12\n|\n|t:|1700327308\n|detailschange|p2a: motorcycle|Charizard-Mega-Y, F, shiny\n|-mega|p2a: motorcycle|Charizard|Charizardite Y\n|-weather|SunnyDay|[from] ability: Drought|[of] p2a: motorcycle\n|-activate|p1a: Great Tusk|ability: Protosynthesis\n|-start|p1a: Great Tusk|protosynthesisdef\n|move|p1a: Great Tusk|Ice Spinner|p2a: motorcycle\n|-crit|p2a: motorcycle\n|-damage|p2a: motorcycle|0 fnt\n|faint|p2a: motorcycle\n|\n|-weather|SunnyDay|[upkeep]\n|-heal|p1a: Great Tusk|82\/100 tox|[from] item: Leftovers\n|-damage|p1a: Great Tusk|57\/100 tox|[from] psn\n|upkeep\n|\n|t:|1700327325\n|switch|p2a: agony|Slowking, M|83\/100\n|turn|13\n|\n|t:|1700327331\n|move|p1a: Great Tusk|Earthquake|p2a: agony\n|-damage|p2a: agony|24\/100\n|move|p2a: agony|Slack Off|p2a: agony\n|-heal|p2a: agony|74\/100\n|\n|-weather|SunnyDay|[upkeep]\n|-heal|p1a: Great Tusk|63\/100 tox|[from] item: Leftovers\n|-damage|p1a: Great Tusk|32\/100 tox|[from] psn\n|upkeep\n|turn|14\n|\n|t:|1700327341\n|move|p1a: Great Tusk|Earthquake|p2a: agony\n|-damage|p2a: agony|7\/100\n|move|p2a: agony|Future Sight|p1a: Great Tusk\n|-start|p2a: agony|move: Future Sight\n|\n|-weather|SunnyDay|[upkeep]\n|-heal|p1a: Great Tusk|38\/100 tox|[from] item: Leftovers\n|-damage|p1a: Great Tusk|1\/100 tox|[from] psn\n|upkeep\n|turn|15\n|\n|t:|1700327346\n|move|p1a: Great Tusk|Ice Spinner|p2a: agony\n|-resisted|p2a: agony\n|-damage|p2a: agony|0 fnt\n|faint|p2a: agony\n|\n|-weather|SunnyDay|[upkeep]\n|-heal|p1a: Great Tusk|7\/100 tox|[from] item: Leftovers\n|-damage|p1a: Great Tusk|0 fnt|[from] psn\n|faint|p1a: Great Tusk\n|-end|p1a: Great Tusk|Protosynthesis|[silent]\n|upkeep\n|\n|t:|1700327355\n|switch|p1a: Heatran|Heatran, M|100\/100\n|switch|p2a: ma|Magnezone|94\/100\n|-damage|p2a: ma|88\/100|[from] Stealth Rock\n|turn|16\n|\n|t:|1700327364\n|move|p1a: Heatran|Eruption|p2a: ma\n|-supereffective|p2a: ma\n|-damage|p2a: ma|0 fnt\n|faint|p2a: ma\n|\n|-weather|none\n|-end|p1a: Heatran|move: Future Sight\n|-resisted|p1a: Heatran\n|-damage|p1a: Heatran|79\/100\n|upkeep\n|\n|t:|1700327378\n|switch|p2a: idk who this is|Clodsire, M|100\/100\n|turn|17\n|\n|t:|1700327395\n|move|p1a: Heatran|Eruption|p2a: idk who this is\n|-damage|p2a: idk who this is|71\/100\n|move|p2a: idk who this is|Stealth Rock|p1a: Heatran\n|-sidestart|p1: hhhhhh111111|move: Stealth Rock\n|\n|upkeep\n|turn|18\n|\n|t:|1700327402\n|switch|p1a: Urshifu|Urshifu-Rapid-Strike, F|100\/100\n|-damage|p1a: Urshifu|94\/100|[from] Stealth Rock\n|move|p2a: idk who this is|Poison Jab|p1a: Urshifu\n|-damage|p1a: Urshifu|72\/100\n|\n|upkeep\n|turn|19\n|c| iliveinohiorizz|u do know\n|c| iliveinohiorizz|u do know who that is\n|\n|t:|1700327416\n|move|p1a: Urshifu|Zen Headbutt|p2a: idk who this is\n|-supereffective|p2a: idk who this is\n|-damage|p2a: idk who this is|0 fnt\n|faint|p2a: idk who this is\n|\n|upkeep\n|c|\u2606hhhhhh111111|hhhh\n|\n|t:|1700327421\n|switch|p2a: doublade guy|Ogerpon, F|100\/100\n|turn|20\n|c| iliveinohiorizz|ur true\n|\n|t:|1700327429\n|move|p2a: doublade guy|Swords Dance|p2a: doublade guy\n|-boost|p2a: doublade guy|atk|2\n|move|p1a: Urshifu|Zen Headbutt|p2a: doublade guy\n|-damage|p2a: doublade guy|40\/100\n|\n|upkeep\n|turn|21\n|\n|t:|1700327439\n|-terastallize|p2a: doublade guy|Grass\n|detailschange|p2a: doublade guy|Ogerpon-Teal-Tera, F, tera:Grass\n|-ability|p2a: doublade guy|Embody Aspect (Teal)|boost\n|-boost|p2a: doublade guy|spe|1\n|move|p2a: doublade guy|Ivy Cudgel|p1a: Urshifu\n|-supereffective|p1a: Urshifu\n|-damage|p1a: Urshifu|0 fnt\n|faint|p1a: Urshifu\n|\n|upkeep\n|\n|t:|1700327447\n|switch|p1a: Heatran|Heatran, M|79\/100\n|-damage|p1a: Heatran|66\/100|[from] Stealth Rock\n|turn|22\n|\n|t:|1700327452\n|move|p2a: doublade guy|Knock Off|p1a: Heatran\n|-damage|p1a: Heatran|0 fnt\n|-enditem|p1a: Heatran|Choice Scarf|[from] move: Knock Off|[of] p2a: doublade guy\n|faint|p1a: Heatran\n|\n|upkeep\n|\n|t:|1700327459\n|switch|p1a: Tapu Lele|Tapu Lele|100\/100\n|-damage|p1a: Tapu Lele|88\/100|[from] Stealth Rock\n|-fieldstart|move: Psychic Terrain|[from] ability: Psychic Surge|[of] p1a: Tapu Lele\n|turn|23\n|\n|t:|1700327468\n|move|p2a: doublade guy|Ivy Cudgel|p1a: Tapu Lele\n|-crit|p1a: Tapu Lele\n|-damage|p1a: Tapu Lele|0 fnt\n|faint|p1a: Tapu Lele\n|\n|upkeep\n|-message|hhhhhh111111 forfeited.\n|\n|win|grass knot zygarde\n|raw|hhhhhh111111's rating: 1763 &rarr; <strong>1738<\/strong><br \/>(-25 for losing)\n|raw|grass knot zygarde's rating: 1675 &rarr; <strong>1700<\/strong><br \/>(+25 for winning)\n|l|\u2606hhhhhh111111\n|l| iliveinohiorizz\n","uploadtime":1700327482,"views":7,"p1id":"hhhhhh111111","p2id":"grassknotzygarde","formatid":"gen9nationaldex","rating":1700,"private":0,"password":""}