{"id":"gen9nationaldex-1995591037","p1":"Shay ObsidianEW","p2":"johnspicy8","format":"[Gen 9] National Dex","log":"|html|<div class=\"broadcast-blue\"><strong>[Gen 9] National Dex is currently suspecting Sneasler! For information on how to participate check out the <a href=\"https:\/\/www.smogon.com\/forums\/threads\/sv-national-dex-suspect-8-just-dance.3731534\/\">suspect thread<\/a>.<\/strong><\/div>\n|j|\u2606Shay ObsidianEW\n|j|\u2606johnspicy8\n|t:|1700585575\n|gametype|singles\n|player|p1|Shay ObsidianEW|n|1700\n|player|p2|johnspicy8|emmet|1607\n|teamsize|p1|6\n|teamsize|p2|6\n|gen|9\n|tier|[Gen 9] National Dex\n|rated|\n|rule|HP Percentage Mod: HP is shown in percentages\n|rule|Endless Battle Clause: Forcing endless battles is banned\n|rule|OHKO Clause: OHKO moves are banned\n|rule|Evasion Clause: Evasion abilities, items, and moves are banned\n|rule|Evasion Abilities Clause: Evasion abilities are banned\n|rule|Evasion Items Clause: Evasion items are banned\n|rule|Evasion Moves Clause: Evasion moves are banned\n|rule|Species Clause: Limit one of each Pok\u00e9mon\n|rule|Sleep Clause Mod: Limit one foe put to sleep\n|clearpoke\n|poke|p1|Samurott-Hisui, F|\n|poke|p1|Volcarona, F|\n|poke|p1|Diancie|\n|poke|p1|Zapdos-Galar|\n|poke|p1|Rillaboom, F|\n|poke|p1|Nidoking, M|\n|poke|p2|Gardevoir, F|\n|poke|p2|Garchomp, F|\n|poke|p2|Bisharp, F|\n|poke|p2|Serperior, F|\n|poke|p2|Ribombee, M|\n|poke|p2|Ditto|\n|teampreview\n|inactive|Battle timer is ON: inactive players will automatically lose when time's up. (requested by johnspicy8)\n|c|\u2606johnspicy8|glhf\n|\n|t:|1700585599\n|start\n|switch|p1a: Diancie|Diancie|100\/100\n|switch|p2a: Frank|Serperior, F, shiny|100\/100\n|turn|1\n|\n|t:|1700585608\n|switch|p1a: Zapdos|Zapdos-Galar, shiny|100\/100\n|move|p2a: Frank|Leaf Storm|p1a: Zapdos\n|-resisted|p1a: Zapdos\n|-damage|p1a: Zapdos|79\/100\n|-boost|p2a: Frank|spa|2\n|\n|upkeep\n|turn|2\n|\n|t:|1700585617\n|move|p2a: Frank|Leaf Storm|p1a: Zapdos\n|-resisted|p1a: Zapdos\n|-damage|p1a: Zapdos|34\/100\n|-boost|p2a: Frank|spa|2\n|move|p1a: Zapdos|U-turn|p2a: Frank\n|-supereffective|p2a: Frank\n|-damage|p2a: Frank|21\/100\n|\n|t:|1700585625\n|switch|p1a: Samurott|Samurott-Hisui, F, shiny|100\/100|[from] U-turn\n|\n|-heal|p2a: Frank|27\/100|[from] item: Leftovers\n|upkeep\n|turn|3\n|\n|t:|1700585629\n|move|p1a: Samurott|Ceaseless Edge|p2a: Frank\n|-damage|p2a: Frank|0 fnt\n|-sidestart|p2: johnspicy8|Spikes\n|faint|p2a: Frank\n|\n|upkeep\n|\n|t:|1700585632\n|switch|p2a: Beezilla|Ribombee, M, shiny|100\/100\n|-damage|p2a: Beezilla|88\/100|[from] Spikes\n|turn|4\n|\n|t:|1700585635\n|move|p1a: Samurott|Ceaseless Edge|p2a: Beezilla\n|-resisted|p2a: Beezilla\n|-damage|p2a: Beezilla|42\/100\n|-sidestart|p2: johnspicy8|Spikes\n|move|p2a: Beezilla|Sticky Web|p1a: Samurott\n|-sidestart|p1: Shay ObsidianEW|move: Sticky Web\n|\n|upkeep\n|turn|5\n|\n|t:|1700585638\n|move|p1a: Samurott|Ceaseless Edge|p2a: Beezilla\n|-resisted|p2a: Beezilla\n|-damage|p2a: Beezilla|2\/100\n|-sidestart|p2: johnspicy8|Spikes\n|move|p2a: Beezilla|Moonblast|p1a: Samurott\n|-supereffective|p1a: Samurott\n|-damage|p1a: Samurott|0 fnt\n|faint|p1a: Samurott\n|\n|upkeep\n|\n|t:|1700585646\n|switch|p1a: Diancie|Diancie|100\/100\n|-activate|p1a: Diancie|move: Sticky Web\n|-fail|p1a: Diancie|unboost|[from] ability: Clear Body|[of] p1a: Diancie\n|turn|6\n|\n|t:|1700585655\n|move|p2a: Beezilla|Moonblast|p1a: Diancie\n|-damage|p1a: Diancie|61\/100\n|move|p1a: Diancie|Mystical Fire|p2a: Beezilla\n|-supereffective|p2a: Beezilla\n|-damage|p2a: Beezilla|0 fnt\n|faint|p2a: Beezilla\n|\n|upkeep\n|\n|t:|1700585667\n|switch|p2a: Hurtcore|Garchomp, F, shiny|100\/100\n|-damage|p2a: Hurtcore|76\/100|[from] Spikes\n|turn|7\n|\n|t:|1700585670\n|detailschange|p1a: Diancie|Diancie-Mega\n|-mega|p1a: Diancie|Diancie|Diancite\n|-terastallize|p2a: Hurtcore|Fire\n|move|p1a: Diancie|Moonblast|p2a: Hurtcore\n|-resisted|p2a: Hurtcore\n|-damage|p2a: Hurtcore|46\/100\n|move|p2a: Hurtcore|Earthquake|p1a: Diancie\n|-supereffective|p1a: Diancie\n|-damage|p1a: Diancie|0 fnt\n|faint|p1a: Diancie\n|\n|upkeep\n|\n|t:|1700585680\n|switch|p1a: Zapdos|Zapdos-Galar, shiny|34\/100\n|turn|8\n|\n|t:|1700585685\n|move|p2a: Hurtcore|Fire Fang|p1a: Zapdos\n|-damage|p1a: Zapdos|0 fnt\n|faint|p1a: Zapdos\n|\n|upkeep\n|\n|t:|1700585696\n|switch|p1a: Volcarona|Volcarona, F|100\/100\n|turn|9\n|\n|t:|1700585700\n|move|p2a: Hurtcore|Scale Shot|p1a: Volcarona\n|-damage|p1a: Volcarona|81\/100\n|-damage|p1a: Volcarona|62\/100\n|-damage|p1a: Volcarona|40\/100\n|-damage|p1a: Volcarona|20\/100\n|-damage|p1a: Volcarona|1\/100\n|-hitcount|p1a: Volcarona|5\n|-unboost|p2a: Hurtcore|def|1\n|-boost|p2a: Hurtcore|spe|1\n|move|p1a: Volcarona|Quiver Dance|p1a: Volcarona\n|-boost|p1a: Volcarona|spa|1\n|-boost|p1a: Volcarona|spd|1\n|-boost|p1a: Volcarona|spe|1\n|\n|upkeep\n|turn|10\n|-message|Shay ObsidianEW forfeited.\n|\n|win|johnspicy8\n|raw|Shay ObsidianEW's rating: 1700 &rarr; <strong>1675<\/strong><br \/>(-25 for losing)\n|raw|johnspicy8's rating: 1607 &rarr; <strong>1632<\/strong><br \/>(+25 for winning)\n|l|\u2606Shay ObsidianEW\n","uploadtime":1700585717,"views":7,"p1id":"shayobsidianew","p2id":"johnspicy8","formatid":"gen9nationaldex","rating":1632,"private":0,"password":""}