{"id":"gen9nationaldex-1988698782","p1":"lYLxuanxuan","p2":"weiwoduzun\u696a\u7948","format":"[Gen 9] National Dex","log":"|j|\u2606lYLxuanxuan\n|j|\u2606weiwoduzun\u696a\u7948\n|t:|1699752103\n|gametype|singles\n|player|p1|lYLxuanxuan|dawn|1433\n|player|p2|weiwoduzun\u696a\u7948|170|1359\n|teamsize|p1|6\n|teamsize|p2|6\n|gen|9\n|tier|[Gen 9] National Dex\n|rated|\n|rule|HP Percentage Mod: HP is shown in percentages\n|rule|Endless Battle Clause: Forcing endless battles is banned\n|rule|OHKO Clause: OHKO moves are banned\n|rule|Evasion Clause: Evasion abilities, items, and moves are banned\n|rule|Evasion Abilities Clause: Evasion abilities are banned\n|rule|Evasion Items Clause: Evasion items are banned\n|rule|Evasion Moves Clause: Evasion moves are banned\n|rule|Species Clause: Limit one of each Pok\u00e9mon\n|rule|Sleep Clause Mod: Limit one foe put to sleep\n|clearpoke\n|poke|p1|Landorus-Therian, M|\n|poke|p1|Kartana|\n|poke|p1|Hawlucha, M|\n|poke|p1|Tapu Koko|\n|poke|p1|Gardevoir, F|\n|poke|p1|Jirachi|\n|poke|p2|Charizard, F|\n|poke|p2|Glimmora, F|\n|poke|p2|Dragonite, F|\n|poke|p2|Ogerpon-Cornerstone, F|\n|poke|p2|Hatterene, F|\n|poke|p2|Zapdos|\n|teampreview\n|inactive|Battle timer is ON: inactive players will automatically lose when time's up. (requested by lYLxuanxuan)\n|\n|t:|1699752108\n|start\n|switch|p1a: Landorus|Landorus-Therian, M, shiny|100\/100\n|switch|p2a: Glimmora|Glimmora, F|100\/100\n|-ability|p1a: Landorus|Intimidate|boost\n|-unboost|p2a: Glimmora|atk|1\n|turn|1\n|\n|t:|1699752119\n|switch|p2a: Hatterene|Hatterene, F|100\/100\n|move|p1a: Landorus|Earthquake|p2a: Hatterene\n|-damage|p2a: Hatterene|59\/100\n|-enditem|p2a: Hatterene|Red Card|[of] p1a: Landorus\n|drag|p1a: Jirachi|Jirachi, shiny|100\/100\n|\n|upkeep\n|turn|2\n|\n|t:|1699752126\n|move|p1a: Jirachi|Iron Head|p2a: Hatterene\n|-supereffective|p2a: Hatterene\n|-damage|p2a: Hatterene|7\/100\n|move|p2a: Hatterene|Mystical Fire|p1a: Jirachi\n|-supereffective|p1a: Jirachi\n|-damage|p1a: Jirachi|58\/100\n|-unboost|p1a: Jirachi|spa|1\n|\n|upkeep\n|turn|3\n|\n|t:|1699752136\n|move|p1a: Jirachi|Iron Head|p2a: Hatterene\n|-supereffective|p2a: Hatterene\n|-damage|p2a: Hatterene|0 fnt\n|faint|p2a: Hatterene\n|\n|upkeep\n|\n|t:|1699752140\n|switch|p2a: Glimmora|Glimmora, F|100\/100\n|turn|4\n|\n|t:|1699752145\n|switch|p1a: Landorus|Landorus-Therian, M, shiny|100\/100\n|-ability|p1a: Landorus|Intimidate|boost\n|-unboost|p2a: Glimmora|atk|1\n|move|p2a: Glimmora|Earth Power|p1a: Landorus\n|-immune|p1a: Landorus\n|\n|upkeep\n|turn|5\n|\n|t:|1699752150\n|switch|p2a: Charizard|Charizard, F|100\/100\n|move|p1a: Landorus|Earthquake|p2a: Charizard\n|-immune|p2a: Charizard\n|\n|upkeep\n|turn|6\n|\n|t:|1699752154\n|detailschange|p2a: Charizard|Charizard-Mega-Y, F\n|-mega|p2a: Charizard|Charizard|Charizardite Y\n|-weather|SunnyDay|[from] ability: Drought|[of] p2a: Charizard\n|move|p1a: Landorus|Stealth Rock|p2a: Charizard\n|-sidestart|p2: weiwoduzun\u696a\u7948|move: Stealth Rock\n|move|p2a: Charizard|Weather Ball|p1a: Landorus\n|-enditem|p1a: Landorus|Focus Sash\n|-damage|p1a: Landorus|1\/100\n|\n|-weather|SunnyDay|[upkeep]\n|upkeep\n|turn|7\n|\n|t:|1699752164\n|switch|p1a: Tapu Koko|Tapu Koko, shiny|100\/100\n|-fieldstart|move: Electric Terrain|[from] ability: Electric Surge|[of] p1a: Tapu Koko\n|move|p2a: Charizard|Weather Ball|p1a: Tapu Koko\n|-damage|p1a: Tapu Koko|0 fnt\n|faint|p1a: Tapu Koko\n|\n|-weather|SunnyDay|[upkeep]\n|upkeep\n|\n|t:|1699752167\n|switch|p1a: Hawlucha|Hawlucha, M, shiny|100\/100\n|-enditem|p1a: Hawlucha|Electric Seed\n|-boost|p1a: Hawlucha|def|1|[from] item: Electric Seed\n|turn|8\n|\n|t:|1699752173\n|-terastallize|p1a: Hawlucha|Fighting\n|move|p1a: Hawlucha|Stone Edge|p2a: Charizard|[miss]\n|-miss|p1a: Hawlucha|p2a: Charizard\n|move|p2a: Charizard|Weather Ball|p1a: Hawlucha\n|-damage|p1a: Hawlucha|0 fnt\n|faint|p1a: Hawlucha\n|\n|-weather|SunnyDay|[upkeep]\n|upkeep\n|\n|t:|1699752181\n|switch|p1a: Landorus|Landorus-Therian, M, shiny|1\/100\n|-ability|p1a: Landorus|Intimidate|boost\n|-unboost|p2a: Charizard|atk|1\n|turn|9\n|\n|t:|1699752189\n|switch|p2a: Zapdos|Zapdos|100\/100\n|move|p1a: Landorus|Explosion|p2a: Zapdos\n|-damage|p2a: Zapdos|31\/100\n|faint|p1a: Landorus\n|\n|-weather|SunnyDay|[upkeep]\n|upkeep\n|\n|t:|1699752194\n|switch|p1a: Kartana|Kartana, shiny|100\/100\n|turn|10\n|\n|t:|1699752200\n|move|p1a: Kartana|Frustration|p2a: Zapdos\n|-damage|p2a: Zapdos|0 fnt\n|-status|p1a: Kartana|par|[from] ability: Static|[of] p2a: Zapdos\n|faint|p2a: Zapdos\n|-ability|p1a: Kartana|Beast Boost|boost\n|-boost|p1a: Kartana|atk|1\n|\n|-weather|none\n|upkeep\n|\n|t:|1699752209\n|switch|p2a: Charizard|Charizard-Mega-Y, F|100\/100\n|-damage|p2a: Charizard|50\/100|[from] Stealth Rock\n|-weather|SunnyDay|[from] ability: Drought|[of] p2a: Charizard\n|turn|11\n|\n|t:|1699752212\n|move|p2a: Charizard|Weather Ball|p1a: Kartana\n|-supereffective|p1a: Kartana\n|-damage|p1a: Kartana|0 fnt\n|faint|p1a: Kartana\n|\n|-weather|SunnyDay|[upkeep]\n|-fieldend|move: Electric Terrain\n|upkeep\n|\n|t:|1699752216\n|switch|p1a: Gardevoir|Gardevoir, F, shiny|100\/100\n|-ability|p1a: Gardevoir|Drought|[from] ability: Trace|[of] p2a: Charizard\n|turn|12\n|\n|t:|1699752220\n|detailschange|p1a: Gardevoir|Gardevoir-Mega, F, shiny\n|-mega|p1a: Gardevoir|Gardevoir|Gardevoirite\n|move|p1a: Gardevoir|Thunderbolt|p2a: Charizard\n|-supereffective|p2a: Charizard\n|-damage|p2a: Charizard|0 fnt\n|faint|p2a: Charizard\n|\n|-weather|SunnyDay|[upkeep]\n|upkeep\n|\n|t:|1699752225\n|switch|p2a: Glimmora|Glimmora, F|100\/100\n|-damage|p2a: Glimmora|88\/100|[from] Stealth Rock\n|turn|13\n|\n|t:|1699752232\n|move|p2a: Glimmora|Sludge Wave|p1a: Gardevoir\n|-supereffective|p1a: Gardevoir\n|-damage|p1a: Gardevoir|12\/100\n|move|p1a: Gardevoir|Taunt|p2a: Glimmora\n|-start|p2a: Glimmora|move: Taunt\n|\n|-weather|SunnyDay|[upkeep]\n|upkeep\n|turn|14\n|\n|t:|1699752235\n|move|p2a: Glimmora|Sludge Wave|p1a: Gardevoir\n|-supereffective|p1a: Gardevoir\n|-damage|p1a: Gardevoir|0 fnt\n|faint|p1a: Gardevoir\n|\n|-weather|SunnyDay|[upkeep]\n|upkeep\n|\n|t:|1699752238\n|switch|p1a: Jirachi|Jirachi, shiny|58\/100\n|turn|15\n|\n|t:|1699752245\n|switch|p2a: Dragonite|Dragonite, F|100\/100\n|-zpower|p1a: Jirachi\n|move|p1a: Jirachi|Z-Happy Hour|p1a: Jirachi|[anim]Happy Hour\n|-boost|p1a: Jirachi|atk|1|[zeffect]\n|-boost|p1a: Jirachi|def|1|[zeffect]\n|-boost|p1a: Jirachi|spa|1|[zeffect]\n|-boost|p1a: Jirachi|spd|1|[zeffect]\n|-boost|p1a: Jirachi|spe|1|[zeffect]\n|\n|-weather|none\n|upkeep\n|turn|16\n|\n|t:|1699752252\n|move|p1a: Jirachi|Iron Head|p2a: Dragonite\n|-damage|p2a: Dragonite|70\/100\n|cant|p2a: Dragonite|flinch\n|\n|upkeep\n|turn|17\n|\n|t:|1699752259\n|move|p1a: Jirachi|Iron Head|p2a: Dragonite\n|-damage|p2a: Dragonite|12\/100\n|move|p2a: Dragonite|Earthquake|p1a: Jirachi\n|-supereffective|p1a: Jirachi\n|-damage|p1a: Jirachi|7\/100\n|\n|upkeep\n|turn|18\n|\n|t:|1699752265\n|move|p1a: Jirachi|Iron Head|p2a: Dragonite\n|-damage|p2a: Dragonite|0 fnt\n|faint|p2a: Dragonite\n|\n|upkeep\n|\n|t:|1699752271\n|switch|p2a: Glimmora|Glimmora, F|88\/100\n|-damage|p2a: Glimmora|76\/100|[from] Stealth Rock\n|turn|19\n|\n|t:|1699752275\n|-terastallize|p2a: Glimmora|Grass\n|move|p1a: Jirachi|Iron Head|p2a: Glimmora\n|-damage|p2a: Glimmora|15\/100\n|-activate|p2a: Glimmora|ability: Toxic Debris\n|-sidestart|p1: lYLxuanxuan|move: Toxic Spikes\n|cant|p2a: Glimmora|flinch\n|\n|upkeep\n|turn|20\n|\n|t:|1699752281\n|move|p1a: Jirachi|Iron Head|p2a: Glimmora\n|-damage|p2a: Glimmora|0 fnt\n|-activate|p2a: Glimmora|ability: Toxic Debris\n|-sidestart|p1: lYLxuanxuan|move: Toxic Spikes\n|faint|p2a: Glimmora\n|\n|upkeep\n|\n|t:|1699752283\n|switch|p2a: Ogerpon|Ogerpon-Cornerstone, F|100\/100\n|-damage|p2a: Ogerpon|88\/100|[from] Stealth Rock\n|turn|21\n|\n|t:|1699752288\n|move|p1a: Jirachi|Iron Head|p2a: Ogerpon\n|-supereffective|p2a: Ogerpon\n|-damage|p2a: Ogerpon|0 fnt\n|faint|p2a: Ogerpon\n|\n|win|lYLxuanxuan\n|raw|lYLxuanxuan's rating: 1433 &rarr; <strong>1449<\/strong><br \/>(+16 for winning)\n|raw|weiwoduzun\u696a\u7948's rating: 1359 &rarr; <strong>1343<\/strong><br \/>(-16 for losing)\n|l|\u2606weiwoduzun\u696a\u7948\n","uploadtime":1699752295,"views":4,"p1id":"lylxuanxuan","p2id":"weiwoduzun","formatid":"gen9nationaldex","rating":1343,"private":0,"password":""}