{"id":"gen9nationaldex-1999409481","p1":"Charizardmaster45","p2":"RinVer","format":"[Gen 9] National Dex","log":"|html|<div class=\"broadcast-blue\"><strong>[Gen 9] National Dex is currently suspecting Sneasler! For information on how to participate check out the <a href=\"https:\/\/www.smogon.com\/forums\/threads\/sv-national-dex-suspect-8-just-dance.3731534\/\">suspect thread<\/a>.<\/strong><\/div>\n|j|\u2606Charizardmaster45\n|j|\u2606RinVer\n|t:|1701075688\n|gametype|singles\n|player|p1|Charizardmaster45|skyla|\n|player|p2|RinVer|101|\n|teamsize|p1|6\n|teamsize|p2|6\n|gen|9\n|tier|[Gen 9] National Dex\n|rule|HP Percentage Mod: HP is shown in percentages\n|rule|Endless Battle Clause: Forcing endless battles is banned\n|rule|OHKO Clause: OHKO moves are banned\n|rule|Evasion Clause: Evasion abilities, items, and moves are banned\n|rule|Evasion Abilities Clause: Evasion abilities are banned\n|rule|Evasion Items Clause: Evasion items are banned\n|rule|Evasion Moves Clause: Evasion moves are banned\n|rule|Species Clause: Limit one of each Pok\u00e9mon\n|rule|Sleep Clause Mod: Limit one foe put to sleep\n|clearpoke\n|poke|p1|Charizard, M|\n|poke|p1|Heatran, M|\n|poke|p1|Typhlosion-Hisui, M|\n|poke|p1|Volcarona, F|\n|poke|p1|Torkoal, M|\n|poke|p1|Rotom-Heat|\n|poke|p2|Lilligant-Hisui, F|\n|poke|p2|Venusaur, M|\n|poke|p2|Ogerpon-Wellspring, F|\n|poke|p2|Meowscarada, M|\n|poke|p2|Torterra, M|\n|poke|p2|Ferrothorn, M|\n|teampreview\n|l|\u2606Charizardmaster45\n|player|p1|\n|j|\u2606Charizardmaster45\n|player|p1|Charizardmaster45|skyla\n|inactive|Battle timer is ON: inactive players will automatically lose when time's up. (requested by RinVer)\n|\n|t:|1701075716\n|start\n|switch|p1a: Typhlosion|Typhlosion-Hisui, M|100\/100\n|switch|p2a: Onion|Ogerpon-Wellspring, F|100\/100\n|turn|1\n|\n|t:|1701075730\n|-terastallize|p2a: Onion|Water\n|detailschange|p2a: Onion|Ogerpon-Wellspring-Tera, F, tera:Water\n|-ability|p2a: Onion|Embody Aspect (Wellspring)|boost\n|-boost|p2a: Onion|spd|1\n|move|p1a: Typhlosion|Eruption|p2a: Onion\n|-resisted|p2a: Onion\n|-damage|p2a: Onion|71\/100\n|move|p2a: Onion|Ivy Cudgel|p1a: Typhlosion|[anim] Ivy Cudgel Water\n|-supereffective|p1a: Typhlosion\n|-damage|p1a: Typhlosion|0 fnt\n|faint|p1a: Typhlosion\n|\n|upkeep\n|j| ido1234567890\n|\n|t:|1701075743\n|switch|p1a: Heatran|Heatran, M|100\/100\n|turn|2\n|\n|t:|1701075756\n|switch|p2a: Jiraya|Venusaur, M|100\/100\n|-terastallize|p1a: Heatran|Grass\n|move|p1a: Heatran|Tera Blast|p2a: Jiraya|[anim] Tera Blast Grass\n|-resisted|p2a: Jiraya\n|-damage|p2a: Jiraya|89\/100\n|\n|upkeep\n|turn|3\n|\n|t:|1701075767\n|detailschange|p2a: Jiraya|Venusaur-Mega, M\n|-mega|p2a: Jiraya|Venusaur|Venusaurite\n|move|p2a: Jiraya|Sludge Bomb|p1a: Heatran\n|-supereffective|p1a: Heatran\n|-damage|p1a: Heatran|41\/100\n|move|p1a: Heatran|Magma Storm|p2a: Jiraya\n|-supereffective|p2a: Jiraya\n|-damage|p2a: Jiraya|42\/100\n|-activate|p2a: Jiraya|move: Magma Storm|[of] p1a: Heatran\n|\n|-heal|p1a: Heatran|48\/100|[from] item: Leftovers\n|-damage|p2a: Jiraya|30\/100|[from] move: Magma Storm|[partiallytrapped]\n|upkeep\n|turn|4\n|\n|t:|1701075780\n|switch|p1a: Rotom|Rotom-Heat|100\/100\n|move|p2a: Jiraya|Sludge Bomb|p1a: Rotom\n|-damage|p1a: Rotom|55\/100\n|\n|-end|p2a: Jiraya|Magma Storm|[partiallytrapped]|[silent]\n|upkeep\n|turn|5\n|\n|t:|1701075800\n|switch|p2a: Onion|Ogerpon-Wellspring-Tera, F, tera:Water|71\/100\n|-ability|p2a: Onion|Embody Aspect (Wellspring)|boost\n|-boost|p2a: Onion|spd|1\n|move|p1a: Rotom|Overheat|p2a: Onion\n|-resisted|p2a: Onion\n|-damage|p2a: Onion|48\/100\n|-unboost|p1a: Rotom|spa|2\n|\n|upkeep\n|turn|6\n|\n|t:|1701075811\n|move|p2a: Onion|Ivy Cudgel|p1a: Rotom|[anim] Ivy Cudgel Water\n|-supereffective|p1a: Rotom\n|-damage|p1a: Rotom|0 fnt\n|faint|p1a: Rotom\n|\n|upkeep\n|\n|t:|1701075815\n|switch|p1a: Charizard|Charizard, M|100\/100\n|turn|7\n|\n|t:|1701075821\n|detailschange|p1a: Charizard|Charizard-Mega-Y, M\n|-mega|p1a: Charizard|Charizard|Charizardite Y\n|-weather|SunnyDay|[from] ability: Drought|[of] p1a: Charizard\n|move|p2a: Onion|Ivy Cudgel|p1a: Charizard|[anim] Ivy Cudgel Water\n|-supereffective|p1a: Charizard\n|-damage|p1a: Charizard|0 fnt\n|faint|p1a: Charizard\n|\n|-weather|SunnyDay|[upkeep]\n|upkeep\n|\n|t:|1701075826\n|switch|p1a: Volcarona|Volcarona, F|100\/100\n|turn|8\n|\n|t:|1701075835\n|move|p2a: Onion|Ivy Cudgel|p1a: Volcarona|[anim] Ivy Cudgel Water\n|-supereffective|p1a: Volcarona\n|-damage|p1a: Volcarona|0 fnt\n|faint|p1a: Volcarona\n|\n|-weather|SunnyDay|[upkeep]\n|upkeep\n|\n|t:|1701075838\n|switch|p1a: Heatran|Heatran, M, tera:Grass|48\/100\n|turn|9\n|\n|t:|1701075847\n|move|p2a: Onion|Ivy Cudgel|p1a: Heatran|[anim] Ivy Cudgel Water\n|-resisted|p1a: Heatran\n|-damage|p1a: Heatran|31\/100\n|move|p1a: Heatran|Magma Storm|p2a: Onion\n|-resisted|p2a: Onion\n|-damage|p2a: Onion|15\/100\n|-activate|p2a: Onion|move: Magma Storm|[of] p1a: Heatran\n|\n|-weather|SunnyDay|[upkeep]\n|-heal|p1a: Heatran|37\/100|[from] item: Leftovers\n|-damage|p2a: Onion|2\/100|[from] move: Magma Storm|[partiallytrapped]\n|upkeep\n|turn|10\n|\n|t:|1701075860\n|move|p2a: Onion|Ivy Cudgel|p1a: Heatran|[anim] Ivy Cudgel Water\n|-resisted|p1a: Heatran\n|-damage|p1a: Heatran|22\/100\n|move|p1a: Heatran|Magma Storm|p2a: Onion\n|-resisted|p2a: Onion\n|-damage|p2a: Onion|0 fnt\n|faint|p2a: Onion\n|\n|-weather|SunnyDay|[upkeep]\n|-heal|p1a: Heatran|28\/100|[from] item: Leftovers\n|upkeep\n|\n|t:|1701075874\n|switch|p2a: Jiraya|Venusaur-Mega, M|30\/100\n|turn|11\n|\n|t:|1701075878\n|move|p2a: Jiraya|Sludge Bomb|p1a: Heatran\n|-supereffective|p1a: Heatran\n|-damage|p1a: Heatran|0 fnt\n|faint|p1a: Heatran\n|\n|-weather|none\n|upkeep\n|\n|t:|1701075880\n|switch|p1a: Torkoal|Torkoal, M|100\/100\n|-weather|SunnyDay|[from] ability: Drought|[of] p1a: Torkoal\n|turn|12\n|\n|t:|1701075889\n|move|p2a: Jiraya|Leech Seed|p1a: Torkoal\n|-start|p1a: Torkoal|move: Leech Seed\n|move|p1a: Torkoal|Fire Blast|p2a: Jiraya\n|-supereffective|p2a: Jiraya\n|-damage|p2a: Jiraya|0 fnt\n|faint|p2a: Jiraya\n|\n|-weather|SunnyDay|[upkeep]\n|upkeep\n|\n|t:|1701075893\n|switch|p2a: Grassnyas|Meowscarada, M|100\/100\n|turn|13\n|\n|t:|1701075897\n|move|p2a: Grassnyas|Knock Off|p1a: Torkoal\n|-start|p2a: Grassnyas|typechange|Dark|[from] ability: Protean\n|-damage|p1a: Torkoal|69\/100\n|-enditem|p1a: Torkoal|Heat Rock|[from] move: Knock Off|[of] p2a: Grassnyas\n|move|p1a: Torkoal|Fire Blast|p2a: Grassnyas|[miss]\n|-miss|p1a: Torkoal|p2a: Grassnyas\n|\n|-weather|SunnyDay|[upkeep]\n|-damage|p1a: Torkoal|56\/100|[from] Leech Seed|[of] p2a: Grassnyas\n|upkeep\n|turn|14\n|\n|t:|1701075905\n|move|p2a: Grassnyas|Knock Off|p1a: Torkoal\n|-damage|p1a: Torkoal|33\/100\n|move|p1a: Torkoal|Fire Blast|p2a: Grassnyas\n|-damage|p2a: Grassnyas|0 fnt\n|faint|p2a: Grassnyas\n|\n|-weather|SunnyDay|[upkeep]\n|upkeep\n|\n|t:|1701075915\n|switch|p2a: Sora|Lilligant-Hisui, F, shiny|100\/100\n|turn|15\n|\n|t:|1701075919\n|move|p2a: Sora|Close Combat|p1a: Torkoal\n|-damage|p1a: Torkoal|0 fnt\n|-unboost|p2a: Sora|def|1\n|-unboost|p2a: Sora|spd|1\n|faint|p1a: Torkoal\n|\n|win|RinVer\n|l|\u2606Charizardmaster45\n|l| ido1234567890\n|l|\u2606RinVer\n|j| Lightning emolga\n","uploadtime":1701076561,"views":19,"p1id":"charizardmaster45","p2id":"rinver","formatid":"gen9nationaldex","rating":0,"private":0,"password":""}