{"id":"gen9nationaldex-1997269943","p1":"RendingScizor","p2":"Player 723456","format":"[Gen 9] National Dex","log":"|html|<div class=\"broadcast-blue\"><strong>[Gen 9] National Dex is currently suspecting Sneasler! For information on how to participate check out the <a href=\"https:\/\/www.smogon.com\/forums\/threads\/sv-national-dex-suspect-8-just-dance.3731534\/\">suspect thread<\/a>.<\/strong><\/div>\n|j|\u2606RendingScizor\n|j|\u2606Player 723456\n|t:|1700782766\n|gametype|singles\n|player|p1|RendingScizor|kieran-festival|1136\n|player|p2|Player 723456|lucas|1129\n|teamsize|p1|6\n|teamsize|p2|6\n|gen|9\n|tier|[Gen 9] National Dex\n|rated|\n|rule|HP Percentage Mod: HP is shown in percentages\n|rule|Endless Battle Clause: Forcing endless battles is banned\n|rule|OHKO Clause: OHKO moves are banned\n|rule|Evasion Clause: Evasion abilities, items, and moves are banned\n|rule|Evasion Abilities Clause: Evasion abilities are banned\n|rule|Evasion Items Clause: Evasion items are banned\n|rule|Evasion Moves Clause: Evasion moves are banned\n|rule|Species Clause: Limit one of each Pok\u00e9mon\n|rule|Sleep Clause Mod: Limit one foe put to sleep\n|clearpoke\n|poke|p1|Tapu Koko|\n|poke|p1|Iron Valiant|\n|poke|p1|Kartana|\n|poke|p1|Sneasler, M|\n|poke|p1|Rotom-Wash|\n|poke|p1|Chansey, F|\n|poke|p2|Glimmora, M|\n|poke|p2|Basculegion, M|\n|poke|p2|Kricketune, F|\n|poke|p2|Jolteon, F|\n|poke|p2|Darmanitan, M|\n|poke|p2|Torterra, F|\n|teampreview\n|\n|t:|1700782775\n|start\n|switch|p1a: Tapu Koko|Tapu Koko, shiny|100\/100\n|switch|p2a: Glimmora|Glimmora, M|100\/100\n|-fieldstart|move: Electric Terrain|[from] ability: Electric Surge|[of] p1a: Tapu Koko\n|turn|1\n|inactive|Battle timer is ON: inactive players will automatically lose when time's up. (requested by RendingScizor)\n|\n|t:|1700782792\n|move|p1a: Tapu Koko|U-turn|p2a: Glimmora\n|-resisted|p2a: Glimmora\n|-damage|p2a: Glimmora|92\/100\n|-activate|p2a: Glimmora|ability: Toxic Debris\n|-sidestart|p1: RendingScizor|move: Toxic Spikes\n|\n|t:|1700782796\n|switch|p1a: Sneasler|Sneasler, M|100\/100|[from] U-turn\n|-sideend|p1: RendingScizor|move: Toxic Spikes|[of] p1a: Sneasler\n|-enditem|p1a: Sneasler|Electric Seed\n|-boost|p1a: Sneasler|def|1|[from] item: Electric Seed\n|move|p2a: Glimmora|Mortal Spin|p1a: Sneasler\n|-resisted|p1a: Sneasler\n|-damage|p1a: Sneasler|97\/100\n|\n|upkeep\n|turn|2\n|\n|t:|1700782810\n|move|p1a: Sneasler|Swords Dance|p1a: Sneasler\n|-boost|p1a: Sneasler|atk|2\n|move|p2a: Glimmora|Stealth Rock|p1a: Sneasler\n|-sidestart|p1: RendingScizor|move: Stealth Rock\n|\n|upkeep\n|turn|3\n|\n|t:|1700782823\n|switch|p2a: Torterra|Torterra, F|100\/100\n|move|p1a: Sneasler|Close Combat|p2a: Torterra\n|-damage|p2a: Torterra|0 fnt\n|-unboost|p1a: Sneasler|def|1\n|-unboost|p1a: Sneasler|spd|1\n|faint|p2a: Torterra\n|\n|upkeep\n|\n|t:|1700782834\n|switch|p2a: Kricketune|Kricketune, F|100\/100\n|turn|4\n|\n|t:|1700782844\n|move|p1a: Sneasler|Acrobatics|p2a: Kricketune\n|-supereffective|p2a: Kricketune\n|-damage|p2a: Kricketune|0 fnt\n|faint|p2a: Kricketune\n|\n|upkeep\n|\n|t:|1700782853\n|switch|p2a: Basculegion|Basculegion, M|100\/100\n|turn|5\n|\n|t:|1700782863\n|-terastallize|p1a: Sneasler|Flying\n|move|p1a: Sneasler|Acrobatics|p2a: Basculegion\n|-damage|p2a: Basculegion|0 fnt\n|faint|p2a: Basculegion\n|\n|-fieldend|move: Electric Terrain\n|upkeep\n|\n|t:|1700782875\n|switch|p2a: Jolteon|Jolteon, F|100\/100\n|turn|6\n|\n|t:|1700782882\n|move|p1a: Sneasler|Close Combat|p2a: Jolteon\n|-damage|p2a: Jolteon|0 fnt\n|-unboost|p1a: Sneasler|def|1\n|-unboost|p1a: Sneasler|spd|1\n|faint|p2a: Jolteon\n|\n|upkeep\n|\n|t:|1700782891\n|switch|p2a: Darmanitan|Darmanitan, M|100\/100\n|turn|7\n|\n|t:|1700782901\n|move|p1a: Sneasler|Close Combat|p2a: Darmanitan\n|-damage|p2a: Darmanitan|0 fnt\n|-unboost|p1a: Sneasler|def|1\n|-unboost|p1a: Sneasler|spd|1\n|faint|p2a: Darmanitan\n|\n|upkeep\n|\n|t:|1700782908\n|switch|p2a: Glimmora|Glimmora, M|92\/100\n|turn|8\n|\n|t:|1700782912\n|move|p1a: Sneasler|Close Combat|p2a: Glimmora\n|-damage|p2a: Glimmora|0 fnt\n|-unboost|p1a: Sneasler|def|1\n|-unboost|p1a: Sneasler|spd|1\n|-activate|p2a: Glimmora|ability: Toxic Debris\n|-sidestart|p1: RendingScizor|move: Toxic Spikes\n|faint|p2a: Glimmora\n|\n|win|RendingScizor\n|raw|RendingScizor's rating: 1136 &rarr; <strong>1160<\/strong><br \/>(+24 for winning)\n|raw|Player 723456's rating: 1129 &rarr; <strong>1105<\/strong><br \/>(-24 for losing)\n|l|\u2606Player 723456\n|c|\u2606RendingScizor|Oof\n","uploadtime":1700782930,"views":4,"p1id":"rendingscizor","p2id":"player723456","formatid":"gen9nationaldex","rating":1105,"private":0,"password":""}