{"id":"gen9nationaldex-1990747650","p1":"learning guy alt","p2":"ElSarabambiche777","format":"[Gen 9] National Dex","log":"|j|\u2606learning guy alt\n|j|\u2606ElSarabambiche777\n|t:|1699997083\n|gametype|singles\n|player|p1|learning guy alt|acetrainer|1146\n|player|p2|ElSarabambiche777|red|1123\n|teamsize|p1|6\n|teamsize|p2|6\n|gen|9\n|tier|[Gen 9] National Dex\n|rated|\n|rule|HP Percentage Mod: HP is shown in percentages\n|rule|Endless Battle Clause: Forcing endless battles is banned\n|rule|OHKO Clause: OHKO moves are banned\n|rule|Evasion Clause: Evasion abilities, items, and moves are banned\n|rule|Evasion Abilities Clause: Evasion abilities are banned\n|rule|Evasion Items Clause: Evasion items are banned\n|rule|Evasion Moves Clause: Evasion moves are banned\n|rule|Species Clause: Limit one of each Pok\u00e9mon\n|rule|Sleep Clause Mod: Limit one foe put to sleep\n|clearpoke\n|poke|p1|Gligar, M|\n|poke|p1|Brionne, F|\n|poke|p1|Doublade, F|\n|poke|p1|Scyther, M|\n|poke|p1|Gloom, M|\n|poke|p1|Flittle, F|\n|poke|p2|Braviary-Hisui, M|\n|poke|p2|Torterra, F|\n|poke|p2|Swellow, M|\n|poke|p2|Kricketune, M|\n|poke|p2|Shuckle, F|\n|poke|p2|Sceptile, M|\n|teampreview\n|inactive|Battle timer is ON: inactive players will automatically lose when time's up. (requested by learning guy alt)\n|c|\u2606learning guy alt|glhf\n|\n|t:|1699997095\n|start\n|switch|p1a: Floaty Ostrich|Flittle, F|100\/100\n|switch|p2a: Shuckle|Shuckle, F|100\/100\n|turn|1\n|\n|t:|1699997100\n|move|p1a: Floaty Ostrich|Substitute|p1a: Floaty Ostrich\n|-start|p1a: Floaty Ostrich|Substitute\n|-damage|p1a: Floaty Ostrich|76\/100\n|move|p2a: Shuckle|Infestation|p1a: Floaty Ostrich\n|-supereffective|p1a: Floaty Ostrich\n|-activate|p1a: Floaty Ostrich|move: Substitute|[damage]\n|\n|-heal|p1a: Floaty Ostrich|82\/100|[from] item: Leftovers\n|-ability|p1a: Floaty Ostrich|Speed Boost|boost\n|-boost|p1a: Floaty Ostrich|spe|1\n|upkeep\n|turn|2\n|\n|t:|1699997111\n|move|p1a: Floaty Ostrich|Calm Mind|p1a: Floaty Ostrich\n|-boost|p1a: Floaty Ostrich|spa|1\n|-boost|p1a: Floaty Ostrich|spd|1\n|move|p2a: Shuckle|Stealth Rock|p1a: Floaty Ostrich\n|-sidestart|p1: learning guy alt|move: Stealth Rock\n|\n|-heal|p1a: Floaty Ostrich|88\/100|[from] item: Leftovers\n|-ability|p1a: Floaty Ostrich|Speed Boost|boost\n|-boost|p1a: Floaty Ostrich|spe|1\n|upkeep\n|turn|3\n|\n|t:|1699997119\n|move|p1a: Floaty Ostrich|Calm Mind|p1a: Floaty Ostrich\n|-boost|p1a: Floaty Ostrich|spa|1\n|-boost|p1a: Floaty Ostrich|spd|1\n|move|p2a: Shuckle|Sticky Web|p1a: Floaty Ostrich\n|-sidestart|p1: learning guy alt|move: Sticky Web\n|\n|-heal|p1a: Floaty Ostrich|94\/100|[from] item: Leftovers\n|-ability|p1a: Floaty Ostrich|Speed Boost|boost\n|-boost|p1a: Floaty Ostrich|spe|1\n|upkeep\n|turn|4\n|\n|t:|1699997126\n|move|p1a: Floaty Ostrich|Calm Mind|p1a: Floaty Ostrich\n|-boost|p1a: Floaty Ostrich|spa|1\n|-boost|p1a: Floaty Ostrich|spd|1\n|move|p2a: Shuckle|Knock Off|p1a: Floaty Ostrich\n|-supereffective|p1a: Floaty Ostrich\n|-end|p1a: Floaty Ostrich|Substitute\n|\n|-heal|p1a: Floaty Ostrich|99\/100|[from] item: Leftovers\n|-ability|p1a: Floaty Ostrich|Speed Boost|boost\n|-boost|p1a: Floaty Ostrich|spe|1\n|upkeep\n|turn|5\n|\n|t:|1699997135\n|switch|p2a: Torterra|Torterra, F|100\/100\n|move|p1a: Floaty Ostrich|Substitute|p1a: Floaty Ostrich\n|-start|p1a: Floaty Ostrich|Substitute\n|-damage|p1a: Floaty Ostrich|75\/100\n|\n|-heal|p1a: Floaty Ostrich|81\/100|[from] item: Leftovers\n|-ability|p1a: Floaty Ostrich|Speed Boost|boost\n|-boost|p1a: Floaty Ostrich|spe|1\n|upkeep\n|turn|6\n|\n|t:|1699997143\n|move|p1a: Floaty Ostrich|Stored Power|p2a: Torterra\n|-damage|p2a: Torterra|0 fnt\n|faint|p2a: Torterra\n|\n|-heal|p1a: Floaty Ostrich|87\/100|[from] item: Leftovers\n|-ability|p1a: Floaty Ostrich|Speed Boost|boost\n|-boost|p1a: Floaty Ostrich|spe|1\n|upkeep\n|\n|t:|1699997148\n|switch|p2a: Kricketune|Kricketune, M|100\/100\n|turn|7\n|\n|t:|1699997156\n|move|p1a: Floaty Ostrich|Stored Power|p2a: Kricketune\n|-damage|p2a: Kricketune|0 fnt\n|faint|p2a: Kricketune\n|\n|-heal|p1a: Floaty Ostrich|93\/100|[from] item: Leftovers\n|upkeep\n|\n|t:|1699997163\n|switch|p2a: Swellow|Swellow, M|100\/100\n|turn|8\n|\n|t:|1699997166\n|move|p1a: Floaty Ostrich|Stored Power|p2a: Swellow\n|-crit|p2a: Swellow\n|-damage|p2a: Swellow|0 fnt\n|faint|p2a: Swellow\n|\n|-heal|p1a: Floaty Ostrich|99\/100|[from] item: Leftovers\n|upkeep\n|-message|ElSarabambiche777 forfeited.\n|\n|win|learning guy alt\n|raw|learning guy alt's rating: 1146 &rarr; <strong>1169<\/strong><br \/>(+23 for winning)\n|raw|ElSarabambiche777's rating: 1123 &rarr; <strong>1100<\/strong><br \/>(-23 for losing)\n|c|\u2606learning guy alt|lol\n|l|\u2606ElSarabambiche777\n","uploadtime":1699997186,"views":5,"p1id":"learningguyalt","p2id":"elsarabambiche777","formatid":"gen9nationaldex","rating":1100,"private":0,"password":""}