{"id":"gen9nationaldex-1989089357","p1":"Victinus","p2":"Masorad","format":"[Gen 9] National Dex","log":"|j|\u2606Victinus\n|j|\u2606Masorad\n|t:|1699810978\n|gametype|singles\n|player|p1|Victinus|rosa|1113\n|player|p2|Masorad|hugh|1214\n|teamsize|p1|6\n|teamsize|p2|6\n|gen|9\n|tier|[Gen 9] National Dex\n|rated|\n|rule|HP Percentage Mod: HP is shown in percentages\n|rule|Endless Battle Clause: Forcing endless battles is banned\n|rule|OHKO Clause: OHKO moves are banned\n|rule|Evasion Clause: Evasion abilities, items, and moves are banned\n|rule|Evasion Abilities Clause: Evasion abilities are banned\n|rule|Evasion Items Clause: Evasion items are banned\n|rule|Evasion Moves Clause: Evasion moves are banned\n|rule|Species Clause: Limit one of each Pok\u00e9mon\n|rule|Sleep Clause Mod: Limit one foe put to sleep\n|clearpoke\n|poke|p1|Medicham, M|\n|poke|p1|Victini|\n|poke|p1|Samurott-Hisui, M|\n|poke|p1|Decidueye-Hisui, M|\n|poke|p1|Chatot, F|\n|poke|p1|Gourgeist-*, F|\n|poke|p2|Hoopa|\n|poke|p2|Sableye, F|\n|poke|p2|Garchomp, M|\n|poke|p2|Swellow, M|\n|poke|p2|Volcarona, F|\n|poke|p2|Registeel|\n|teampreview\n|\n|t:|1699810982\n|start\n|switch|p1a: Smol Birb|Chatot, F, shiny|100\/100\n|switch|p2a: Greta|Hoopa|100\/100\n|turn|1\n|inactive|Battle timer is ON: inactive players will automatically lose when time's up. (requested by Victinus)\n|c|\u2606Victinus|glhf\n|\n|t:|1699810991\n|switch|p2a: 5ushi|Registeel|100\/100\n|move|p1a: Smol Birb|Tailwind|p1a: Smol Birb\n|-sidestart|p1: Victinus|move: Tailwind\n|\n|upkeep\n|turn|2\n|\n|t:|1699810997\n|move|p1a: Smol Birb|Chatter|p2a: 5ushi\n|-resisted|p2a: 5ushi\n|-damage|p2a: 5ushi|94\/100\n|-start|p2a: 5ushi|confusion\n|-activate|p2a: 5ushi|confusion\n|move|p2a: 5ushi|Curse|p2a: 5ushi\n|-unboost|p2a: 5ushi|spe|1\n|-boost|p2a: 5ushi|atk|1\n|-boost|p2a: 5ushi|def|1\n|\n|-heal|p2a: 5ushi|99\/100|[from] item: Leftovers\n|upkeep\n|turn|3\n|\n|t:|1699811009\n|move|p1a: Smol Birb|Heat Wave|p2a: 5ushi\n|-supereffective|p2a: 5ushi\n|-damage|p2a: 5ushi|73\/100\n|-end|p2a: 5ushi|confusion\n|move|p2a: 5ushi|Curse|p2a: 5ushi\n|-unboost|p2a: 5ushi|spe|1\n|-boost|p2a: 5ushi|atk|1\n|-boost|p2a: 5ushi|def|1\n|\n|-heal|p2a: 5ushi|79\/100|[from] item: Leftovers\n|upkeep\n|turn|4\n|\n|t:|1699811018\n|move|p1a: Smol Birb|Chatter|p2a: 5ushi\n|-resisted|p2a: 5ushi\n|-damage|p2a: 5ushi|73\/100\n|-start|p2a: 5ushi|confusion\n|-activate|p2a: 5ushi|confusion\n|move|p2a: 5ushi|Curse|p2a: 5ushi\n|-unboost|p2a: 5ushi|spe|1\n|-boost|p2a: 5ushi|atk|1\n|-boost|p2a: 5ushi|def|1\n|\n|-heal|p2a: 5ushi|79\/100|[from] item: Leftovers\n|-sideend|p1: Victinus|move: Tailwind\n|upkeep\n|turn|5\n|\n|t:|1699811030\n|move|p1a: Smol Birb|Heat Wave|p2a: 5ushi\n|-supereffective|p2a: 5ushi\n|-damage|p2a: 5ushi|54\/100\n|-activate|p2a: 5ushi|confusion\n|-damage|p2a: 5ushi|50\/100|[from] confusion\n|\n|-heal|p2a: 5ushi|56\/100|[from] item: Leftovers\n|upkeep\n|turn|6\n|\n|t:|1699811037\n|move|p1a: Smol Birb|Heat Wave|p2a: 5ushi\n|-supereffective|p2a: 5ushi\n|-damage|p2a: 5ushi|30\/100\n|-end|p2a: 5ushi|confusion\n|move|p2a: 5ushi|Rest|p2a: 5ushi\n|-status|p2a: 5ushi|slp|[from] move: Rest\n|-heal|p2a: 5ushi|100\/100 slp|[silent]\n|\n|upkeep\n|turn|7\n|-message|Victinus forfeited.\n|\n|win|Masorad\n|raw|Victinus's rating: 1113 &rarr; <strong>1095<\/strong><br \/>(-18 for losing)\n|raw|Masorad's rating: 1214 &rarr; <strong>1232<\/strong><br \/>(+18 for winning)\n|l|\u2606Victinus\n","uploadtime":1699811065,"views":6,"p1id":"victinus","p2id":"masorad","formatid":"gen9nationaldex","rating":1095,"private":0,"password":""}