{"id":"gen9nationaldex-1999277944","p1":"wwwkp","p2":"abigolname","format":"[Gen 9] National Dex","log":"|html|<div class=\"broadcast-blue\"><strong>[Gen 9] National Dex is currently suspecting Sneasler! For information on how to participate check out the <a href=\"https:\/\/www.smogon.com\/forums\/threads\/sv-national-dex-suspect-8-just-dance.3731534\/\">suspect thread<\/a>.<\/strong><\/div>\n|j|\u2606wwwkp\n|j|\u2606abigolname\n|t:|1701054155\n|gametype|singles\n|player|p1|wwwkp|bugcatcher-gen4dp|1459\n|player|p2|abigolname|ingo|1466\n|teamsize|p1|6\n|teamsize|p2|6\n|gen|9\n|tier|[Gen 9] National Dex\n|rated|\n|rule|HP Percentage Mod: HP is shown in percentages\n|rule|Endless Battle Clause: Forcing endless battles is banned\n|rule|OHKO Clause: OHKO moves are banned\n|rule|Evasion Clause: Evasion abilities, items, and moves are banned\n|rule|Evasion Abilities Clause: Evasion abilities are banned\n|rule|Evasion Items Clause: Evasion items are banned\n|rule|Evasion Moves Clause: Evasion moves are banned\n|rule|Species Clause: Limit one of each Pok\u00e9mon\n|rule|Sleep Clause Mod: Limit one foe put to sleep\n|clearpoke\n|poke|p1|Toxapex, M|\n|poke|p1|Dondozo, M|\n|poke|p1|Garganacl, M|\n|poke|p1|Sableye, M|\n|poke|p1|Gliscor, M|\n|poke|p1|Mew|\n|poke|p2|Aggron, F|\n|poke|p2|Latios, M|\n|poke|p2|Gardevoir, M|\n|poke|p2|Gliscor, M|\n|poke|p2|Urshifu-*, F|\n|poke|p2|Heatran, M|\n|teampreview\n|\n|t:|1701054165\n|start\n|switch|p1a: Sableye|Sableye, M|100\/100\n|switch|p2a: Gliscor|Gliscor, M|100\/100\n|turn|1\n|\n|t:|1701054174\n|switch|p2a: Heatran|Heatran, M|100\/100\n|detailschange|p1a: Sableye|Sableye-Mega, M\n|-mega|p1a: Sableye|Sableye|Sablenite\n|move|p1a: Sableye|Knock Off|p2a: Heatran\n|-damage|p2a: Heatran|76\/100\n|-enditem|p2a: Heatran|Leftovers|[from] move: Knock Off|[of] p1a: Sableye\n|\n|upkeep\n|turn|2\n|\n|t:|1701054191\n|move|p1a: Sableye|Protect|p1a: Sableye\n|-singleturn|p1a: Sableye|Protect\n|move|p2a: Heatran|Magma Storm|p1a: Sableye\n|-activate|p1a: Sableye|move: Protect\n|\n|upkeep\n|turn|3\n|\n|t:|1701054199\n|switch|p1a: Garganacl|Garganacl, M|100\/100\n|move|p2a: Heatran|Magma Storm|p1a: Garganacl|[miss]\n|-miss|p2a: Heatran|p1a: Garganacl\n|\n|upkeep\n|turn|4\n|\n|t:|1701054208\n|move|p2a: Heatran|Stealth Rock|p1a: Garganacl\n|-sidestart|p1: wwwkp|move: Stealth Rock\n|move|p1a: Garganacl|Salt Cure|p2a: Heatran\n|-damage|p2a: Heatran|65\/100\n|-start|p2a: Heatran|Salt Cure\n|\n|-damage|p2a: Heatran|40\/100|[from] Salt Cure\n|upkeep\n|turn|5\n|\n|t:|1701054217\n|switch|p2a: Gliscor|Gliscor, M|100\/100\n|move|p1a: Garganacl|Protect||[still]\n|-fail|p1a: Garganacl\n|\n|-status|p2a: Gliscor|tox|[from] item: Toxic Orb\n|upkeep\n|turn|6\n|\n|t:|1701054224\n|switch|p1a: Gliscor|Gliscor, M|100\/100\n|-damage|p1a: Gliscor|88\/100|[from] Stealth Rock\n|move|p2a: Gliscor|Knock Off|p1a: Gliscor\n|-damage|p1a: Gliscor|76\/100\n|-enditem|p1a: Gliscor|Toxic Orb|[from] move: Knock Off|[of] p2a: Gliscor\n|\n|upkeep\n|turn|7\n|\n|t:|1701054242\n|move|p2a: Gliscor|U-turn|p1a: Gliscor\n|-resisted|p1a: Gliscor\n|-crit|p1a: Gliscor\n|-damage|p1a: Gliscor|68\/100\n|\n|t:|1701054245\n|switch|p2a: Latios|Latios, M|100\/100|[from] U-turn\n|move|p1a: Gliscor|Defog|p2a: Latios\n|-unboost|p2a: Latios|evasion|1\n|-sideend|p1: wwwkp|Stealth Rock|[from] move: Defog|[of] p1a: Gliscor\n|\n|upkeep\n|turn|8\n|\n|t:|1701054260\n|switch|p1a: Toxapex|Toxapex, M|100\/100\n|move|p2a: Latios|Ice Beam|p1a: Toxapex\n|-resisted|p1a: Toxapex\n|-damage|p1a: Toxapex|86\/100\n|\n|upkeep\n|turn|9\n|\n|t:|1701054266\n|switch|p2a: Heatran|Heatran, M|40\/100\n|move|p1a: Toxapex|Scald|p2a: Heatran\n|-supereffective|p2a: Heatran\n|-damage|p2a: Heatran|19\/100\n|\n|upkeep\n|turn|10\n|\n|t:|1701054288\n|move|p2a: Heatran|Earth Power|p1a: Toxapex\n|-supereffective|p1a: Toxapex\n|-damage|p1a: Toxapex|54\/100\n|move|p1a: Toxapex|Toxic|p2a: Heatran\n|-immune|p2a: Heatran\n|\n|upkeep\n|turn|11\n|\n|t:|1701054299\n|move|p2a: Heatran|Earth Power|p1a: Toxapex\n|-supereffective|p1a: Toxapex\n|-damage|p1a: Toxapex|23\/100\n|move|p1a: Toxapex|Recover|p1a: Toxapex\n|-heal|p1a: Toxapex|73\/100\n|\n|upkeep\n|turn|12\n|inactive|Battle timer is ON: inactive players will automatically lose when time's up. (requested by abigolname)\n|\n|t:|1701054314\n|switch|p1a: Mew|Mew|100\/100\n|move|p2a: Heatran|Stealth Rock|p1a: Mew\n|-sidestart|p1: wwwkp|move: Stealth Rock\n|\n|upkeep\n|turn|13\n|\n|t:|1701054319\n|move|p1a: Mew|Cosmic Power|p1a: Mew\n|-boost|p1a: Mew|def|1\n|-boost|p1a: Mew|spd|1\n|move|p2a: Heatran|Taunt|p1a: Mew\n|-start|p1a: Mew|move: Taunt\n|\n|upkeep\n|turn|14\n|\n|t:|1701054334\n|switch|p1a: Toxapex|Toxapex, M|100\/100\n|move|p2a: Heatran|Magma Storm|p1a: Toxapex|[miss]\n|-miss|p2a: Heatran|p1a: Toxapex\n|\n|upkeep\n|turn|15\n|\n|t:|1701054340\n|move|p2a: Heatran|Magma Storm|p1a: Toxapex|[miss]\n|-miss|p2a: Heatran|p1a: Toxapex\n|move|p1a: Toxapex|Scald|p2a: Heatran\n|-supereffective|p2a: Heatran\n|-damage|p2a: Heatran|0 fnt\n|faint|p2a: Heatran\n|\n|upkeep\n|\n|t:|1701054345\n|switch|p2a: Latios|Latios, M|100\/100\n|turn|16\n|\n|t:|1701054352\n|move|p2a: Latios|Psyshock|p1a: Toxapex\n|-supereffective|p1a: Toxapex\n|-damage|p1a: Toxapex|2\/100\n|move|p1a: Toxapex|Toxic|p2a: Latios\n|-status|p2a: Latios|tox\n|\n|-damage|p2a: Latios|95\/100 tox|[from] psn\n|upkeep\n|turn|17\n|\n|t:|1701054362\n|switch|p1a: Garganacl|Garganacl, M|100\/100\n|-damage|p1a: Garganacl|88\/100|[from] Stealth Rock\n|move|p2a: Latios|Psyshock|p1a: Garganacl\n|-damage|p1a: Garganacl|49\/100\n|\n|-heal|p1a: Garganacl|55\/100|[from] item: Leftovers\n|-damage|p2a: Latios|83\/100 tox|[from] psn\n|upkeep\n|turn|18\n|\n|t:|1701054374\n|move|p2a: Latios|Psyshock|p1a: Garganacl\n|-damage|p1a: Garganacl|10\/100\n|move|p1a: Garganacl|Recover|p1a: Garganacl\n|-heal|p1a: Garganacl|61\/100\n|\n|-heal|p1a: Garganacl|67\/100|[from] item: Leftovers\n|-damage|p2a: Latios|65\/100 tox|[from] psn\n|upkeep\n|turn|19\n|\n|t:|1701054382\n|switch|p2a: Gliscor|Gliscor, M|100\/100 tox\n|move|p1a: Garganacl|Stealth Rock|p2a: Gliscor\n|-sidestart|p2: abigolname|move: Stealth Rock\n|\n|-heal|p1a: Garganacl|73\/100|[from] item: Leftovers\n|upkeep\n|turn|20\n|\n|t:|1701054389\n|move|p1a: Garganacl|Protect|p1a: Garganacl\n|-singleturn|p1a: Garganacl|Protect\n|move|p2a: Gliscor|U-turn|p1a: Garganacl\n|-activate|p1a: Garganacl|move: Protect\n|\n|-heal|p1a: Garganacl|79\/100|[from] item: Leftovers\n|upkeep\n|turn|21\n|\n|t:|1701054400\n|switch|p1a: Gliscor|Gliscor, M|68\/100\n|-damage|p1a: Gliscor|56\/100|[from] Stealth Rock\n|move|p2a: Gliscor|Knock Off|p1a: Gliscor\n|-damage|p1a: Gliscor|47\/100\n|\n|upkeep\n|turn|22\n|\n|t:|1701054408\n|move|p2a: Gliscor|U-turn|p1a: Gliscor\n|-resisted|p1a: Gliscor\n|-damage|p1a: Gliscor|42\/100\n|\n|t:|1701054411\n|switch|p2a: Latios|Latios, M|65\/100 tox|[from] U-turn\n|-damage|p2a: Latios|52\/100 tox|[from] Stealth Rock\n|move|p1a: Gliscor|Toxic|p2a: Latios\n|-fail|p2a: Latios|tox\n|\n|-damage|p2a: Latios|46\/100 tox|[from] psn\n|upkeep\n|turn|23\n|\n|t:|1701054425\n|switch|p1a: Mew|Mew|100\/100\n|-damage|p1a: Mew|88\/100|[from] Stealth Rock\n|move|p2a: Latios|Simple Beam|p1a: Mew\n|-endability|p1a: Mew|Synchronize|[from] move: Simple Beam\n|-ability|p1a: Mew|Simple|[from] move: Simple Beam\n|\n|-damage|p2a: Latios|34\/100 tox|[from] psn\n|upkeep\n|turn|24\n|\n|t:|1701054433\n|switch|p2a: Gardevoir|Gardevoir, M|100\/100\n|-damage|p2a: Gardevoir|88\/100|[from] Stealth Rock\n|-ability|p2a: Gardevoir|Simple|[from] ability: Trace|[of] p1a: Mew\n|move|p1a: Mew|Cosmic Power|p1a: Mew\n|-boost|p1a: Mew|def|2\n|-boost|p1a: Mew|spd|2\n|\n|upkeep\n|turn|25\n|\n|t:|1701054449\n|move|p1a: Mew|Cosmic Power|p1a: Mew\n|-boost|p1a: Mew|def|2\n|-boost|p1a: Mew|spd|2\n|move|p2a: Gardevoir|Calm Mind|p2a: Gardevoir\n|-boost|p2a: Gardevoir|spa|2\n|-boost|p2a: Gardevoir|spd|2\n|\n|upkeep\n|turn|26\n|\n|t:|1701054465\n|move|p1a: Mew|Cosmic Power|p1a: Mew\n|-boost|p1a: Mew|def|2\n|-boost|p1a: Mew|spd|2\n|move|p2a: Gardevoir|Calm Mind|p2a: Gardevoir\n|-boost|p2a: Gardevoir|spa|2\n|-boost|p2a: Gardevoir|spd|2\n|\n|upkeep\n|turn|27\n|\n|t:|1701054483\n|detailschange|p2a: Gardevoir|Gardevoir-Mega, M\n|-mega|p2a: Gardevoir|Gardevoir|Gardevoirite\n|move|p2a: Gardevoir|Calm Mind|p2a: Gardevoir\n|-boost|p2a: Gardevoir|spa|1\n|-boost|p2a: Gardevoir|spd|1\n|move|p1a: Mew|Stored Power|p2a: Gardevoir\n|-resisted|p2a: Gardevoir\n|-damage|p2a: Gardevoir|76\/100\n|\n|upkeep\n|turn|28\n|\n|t:|1701054496\n|move|p2a: Gardevoir|Draining Kiss|p1a: Mew\n|-damage|p1a: Mew|66\/100\n|-heal|p2a: Gardevoir|99\/100|[from] drain|[of] p1a: Mew\n|move|p1a: Mew|Roost|p1a: Mew\n|-heal|p1a: Mew|100\/100\n|-singleturn|p1a: Mew|move: Roost\n|\n|upkeep\n|turn|29\n|\n|t:|1701054518\n|move|p2a: Gardevoir|Stored Power|p1a: Mew\n|-resisted|p1a: Mew\n|-damage|p1a: Mew|50\/100\n|move|p1a: Mew|Body Press|p2a: Gardevoir\n|-resisted|p2a: Gardevoir\n|-damage|p2a: Gardevoir|68\/100\n|\n|upkeep\n|turn|30\n|\n|t:|1701054532\n|switch|p1a: Sableye|Sableye-Mega, M|100\/100\n|-damage|p1a: Sableye|88\/100|[from] Stealth Rock\n|move|p2a: Gardevoir|Stored Power|p1a: Sableye\n|-immune|p1a: Sableye\n|\n|upkeep\n|turn|31\n|inactive|wwwkp has 120 seconds left.\n|\n|t:|1701054548\n|switch|p1a: Toxapex|Toxapex, M|35\/100\n|move|p2a: Gardevoir|Draining Kiss|p1a: Toxapex\n|-resisted|p1a: Toxapex\n|-damage|p1a: Toxapex|3\/100\n|-heal|p2a: Gardevoir|95\/100|[from] drain|[of] p1a: Toxapex\n|\n|upkeep\n|turn|32\n|-message|wwwkp forfeited.\n|\n|win|abigolname\n|raw|wwwkp's rating: 1459 &rarr; <strong>1439<\/strong><br \/>(-20 for losing)\n|raw|abigolname's rating: 1466 &rarr; <strong>1486<\/strong><br \/>(+20 for winning)\n|l|\u2606wwwkp\n","uploadtime":1701054563,"views":4,"p1id":"wwwkp","p2id":"abigolname","formatid":"gen9nationaldex","rating":1439,"private":0,"password":""}