{"id":"gen9nationaldex-1993708973","p1":"Fallout 3 Enjoyer","p2":"JudgeOfAsh","format":"[Gen 9] National Dex","log":"|j|\u2606Fallout 3 Enjoyer\n|j|\u2606JudgeOfAsh\n|t:|1700348006\n|gametype|singles\n|player|p1|Fallout 3 Enjoyer|acetrainerf|1286\n|player|p2|JudgeOfAsh|cynthia-gen4|1296\n|teamsize|p1|6\n|teamsize|p2|6\n|gen|9\n|tier|[Gen 9] National Dex\n|rated|\n|rule|HP Percentage Mod: HP is shown in percentages\n|rule|Endless Battle Clause: Forcing endless battles is banned\n|rule|OHKO Clause: OHKO moves are banned\n|rule|Evasion Clause: Evasion abilities, items, and moves are banned\n|rule|Evasion Abilities Clause: Evasion abilities are banned\n|rule|Evasion Items Clause: Evasion items are banned\n|rule|Evasion Moves Clause: Evasion moves are banned\n|rule|Species Clause: Limit one of each Pok\u00e9mon\n|rule|Sleep Clause Mod: Limit one foe put to sleep\n|clearpoke\n|poke|p1|Slurpuff, F|\n|poke|p1|Samurott-Hisui, F|\n|poke|p1|Incineroar, F|\n|poke|p1|Mawile, M|\n|poke|p1|Iron Valiant|\n|poke|p1|Sableye, M|\n|poke|p2|Banette, M|\n|poke|p2|Glimmora, F|\n|poke|p2|Rotom-Wash|\n|poke|p2|Great Tusk|\n|poke|p2|Hoopa-Unbound|\n|poke|p2|Heatran, M|\n|teampreview\n|inactive|Battle timer is ON: inactive players will automatically lose when time's up. (requested by Fallout 3 Enjoyer)\n|\n|t:|1700348019\n|start\n|switch|p1a: Cherry|Slurpuff, F|100\/100\n|switch|p2a: Glimmora|Glimmora, F|100\/100\n|turn|1\n|\n|t:|1700348024\n|move|p2a: Glimmora|Stealth Rock|p1a: Cherry\n|-sidestart|p1: Fallout 3 Enjoyer|move: Stealth Rock\n|move|p1a: Cherry|Sticky Web|p2a: Glimmora\n|-sidestart|p2: JudgeOfAsh|move: Sticky Web\n|\n|upkeep\n|turn|2\n|\n|t:|1700348031\n|switch|p2a: Great Tusk|Great Tusk|100\/100\n|-activate|p2a: Great Tusk|move: Sticky Web\n|-unboost|p2a: Great Tusk|spe|1\n|switch|p1a: Biggie Sipps|Mawile, M|100\/100\n|-damage|p1a: Biggie Sipps|94\/100|[from] Stealth Rock\n|-ability|p1a: Biggie Sipps|Intimidate|boost\n|-unboost|p2a: Great Tusk|atk|1\n|\n|upkeep\n|turn|3\n|\n|t:|1700348037\n|detailschange|p1a: Biggie Sipps|Mawile-Mega, M\n|-mega|p1a: Biggie Sipps|Mawile|Mawilite\n|move|p2a: Great Tusk|Earthquake|p1a: Biggie Sipps\n|-supereffective|p1a: Biggie Sipps\n|-damage|p1a: Biggie Sipps|28\/100\n|move|p1a: Biggie Sipps|Play Rough|p2a: Great Tusk|[miss]\n|-miss|p1a: Biggie Sipps|p2a: Great Tusk\n|\n|upkeep\n|turn|4\n|\n|t:|1700348058\n|switch|p1a: Cherry|Slurpuff, F|100\/100\n|-damage|p1a: Cherry|88\/100|[from] Stealth Rock\n|move|p2a: Great Tusk|Rapid Spin|p1a: Cherry\n|-crit|p1a: Cherry\n|-damage|p1a: Cherry|70\/100\n|-boost|p2a: Great Tusk|spe|1\n|-sideend|p2: JudgeOfAsh|Sticky Web|[from] move: Rapid Spin|[of] p2a: Great Tusk\n|\n|upkeep\n|turn|5\n|\n|t:|1700348070\n|-end|p2a: Great Tusk|Protosynthesis|[silent]\n|switch|p2a: Heatran|Heatran, M|100\/100\n|move|p1a: Cherry|Draining Kiss|p2a: Heatran\n|-resisted|p2a: Heatran\n|-damage|p2a: Heatran|97\/100\n|-heal|p1a: Cherry|72\/100|[from] drain|[of] p2a: Heatran\n|\n|upkeep\n|turn|6\n|\n|t:|1700348082\n|switch|p1a: Biggie Sipps|Mawile-Mega, M|28\/100\n|-damage|p1a: Biggie Sipps|22\/100|[from] Stealth Rock\n|-zpower|p2a: Heatran\n|move|p2a: Heatran|Bloom Doom|p1a: Biggie Sipps|[zeffect]\n|-resisted|p1a: Biggie Sipps\n|-damage|p1a: Biggie Sipps|0 fnt\n|faint|p1a: Biggie Sipps\n|\n|upkeep\n|\n|t:|1700348085\n|switch|p1a: Cream|Samurott-Hisui, F, shiny|100\/100\n|-damage|p1a: Cream|88\/100|[from] Stealth Rock\n|turn|7\n|\n|t:|1700348101\n|switch|p2a: Rotom|Rotom-Wash|100\/100\n|move|p1a: Cream|Sacred Sword|p2a: Rotom\n|-damage|p2a: Rotom|46\/100\n|-damage|p1a: Cream|78\/100|[from] item: Life Orb\n|\n|-heal|p2a: Rotom|52\/100|[from] item: Leftovers\n|upkeep\n|turn|8\n|\n|t:|1700348107\n|switch|p2a: Banette|Banette, M|100\/100\n|move|p1a: Cream|Ceaseless Edge|p2a: Banette\n|-supereffective|p2a: Banette\n|-damage|p2a: Banette|0 fnt\n|-sidestart|p2: JudgeOfAsh|Spikes\n|faint|p2a: Banette\n|-damage|p1a: Cream|68\/100|[from] item: Life Orb\n|\n|upkeep\n|\n|t:|1700348124\n|switch|p2a: Glimmora|Glimmora, F|100\/100\n|-damage|p2a: Glimmora|88\/100|[from] Spikes\n|turn|9\n|\n|t:|1700348128\n|move|p2a: Glimmora|Energy Ball|p1a: Cream\n|-supereffective|p1a: Cream\n|-damage|p1a: Cream|0 fnt\n|faint|p1a: Cream\n|\n|upkeep\n|\n|t:|1700348135\n|switch|p1a: Lemon-Lime|Iron Valiant|100\/100\n|-damage|p1a: Lemon-Lime|94\/100|[from] Stealth Rock\n|-enditem|p1a: Lemon-Lime|Booster Energy\n|-activate|p1a: Lemon-Lime|ability: Quark Drive|[fromitem]\n|-start|p1a: Lemon-Lime|quarkdrivespa\n|turn|10\n|\n|t:|1700348155\n|move|p1a: Lemon-Lime|Psychic|p2a: Glimmora\n|-supereffective|p2a: Glimmora\n|-damage|p2a: Glimmora|0 fnt\n|faint|p2a: Glimmora\n|\n|upkeep\n|\n|t:|1700348172\n|switch|p2a: Great Tusk|Great Tusk|100\/100\n|-damage|p2a: Great Tusk|88\/100|[from] Spikes\n|turn|11\n|\n|t:|1700348175\n|-terastallize|p2a: Great Tusk|Water\n|move|p1a: Lemon-Lime|Moonblast|p2a: Great Tusk\n|-damage|p2a: Great Tusk|0 fnt\n|faint|p2a: Great Tusk\n|-end|p2a: Great Tusk|Protosynthesis|[silent]\n|\n|upkeep\n|\n|t:|1700348183\n|switch|p2a: Hoopa|Hoopa-Unbound|100\/100\n|-damage|p2a: Hoopa|88\/100|[from] Spikes\n|turn|12\n|\n|t:|1700348189\n|-terastallize|p1a: Lemon-Lime|Psychic\n|move|p2a: Hoopa|Psychic|p1a: Lemon-Lime\n|-resisted|p1a: Lemon-Lime\n|-damage|p1a: Lemon-Lime|49\/100\n|move|p1a: Lemon-Lime|Moonblast|p2a: Hoopa\n|-supereffective|p2a: Hoopa\n|-crit|p2a: Hoopa\n|-damage|p2a: Hoopa|0 fnt\n|faint|p2a: Hoopa\n|\n|upkeep\n|\n|t:|1700348193\n|switch|p2a: Heatran|Heatran, M|97\/100\n|-damage|p2a: Heatran|84\/100|[from] Spikes\n|turn|13\n|\n|t:|1700348194\n|move|p1a: Lemon-Lime|Aura Sphere|p2a: Heatran\n|-supereffective|p2a: Heatran\n|-damage|p2a: Heatran|0 fnt\n|faint|p2a: Heatran\n|\n|upkeep\n|-message|JudgeOfAsh forfeited.\n|\n|win|Fallout 3 Enjoyer\n|raw|Fallout 3 Enjoyer's rating: 1286 &rarr; <strong>1312<\/strong><br \/>(+26 for winning)\n|raw|JudgeOfAsh's rating: 1296 &rarr; <strong>1270<\/strong><br \/>(-26 for losing)\n|l|\u2606JudgeOfAsh\n","uploadtime":1700348199,"views":6,"p1id":"fallout3enjoyer","p2id":"judgeofash","formatid":"gen9nationaldex","rating":1270,"private":0,"password":""}