{"id":"gen9nationaldex-2000589134","p1":"Koketsu_Dono","p2":"Mistery Gold","format":"[Gen 9] National Dex","log":"|html|<div class=\"broadcast-blue\"><strong>[Gen 9] National Dex is currently suspecting Sneasler! For information on how to participate check out the <a href=\"https:\/\/www.smogon.com\/forums\/threads\/sv-national-dex-suspect-8-just-dance.3731534\/\">suspect thread<\/a>.<\/strong><\/div>\n|j|\u2606Koketsu_Dono\n|j|\u2606Mistery Gold\n|t:|1701208116\n|gametype|singles\n|player|p1|Koketsu_Dono|blackbelt-gen4dp|\n|player|p2|Mistery Gold|tate|\n|teamsize|p1|6\n|teamsize|p2|6\n|gen|9\n|tier|[Gen 9] National Dex\n|rule|HP Percentage Mod: HP is shown in percentages\n|rule|Endless Battle Clause: Forcing endless battles is banned\n|rule|OHKO Clause: OHKO moves are banned\n|rule|Evasion Clause: Evasion abilities, items, and moves are banned\n|rule|Evasion Abilities Clause: Evasion abilities are banned\n|rule|Evasion Items Clause: Evasion items are banned\n|rule|Evasion Moves Clause: Evasion moves are banned\n|rule|Species Clause: Limit one of each Pok\u00e9mon\n|rule|Sleep Clause Mod: Limit one foe put to sleep\n|clearpoke\n|poke|p1|Emolga, F|\n|poke|p1|Ditto|\n|poke|p1|Maushold|\n|poke|p1|Urshifu-*, F|\n|poke|p1|Jynx, F|\n|poke|p1|Clefable, F|\n|poke|p2|Talonflame, F|\n|poke|p2|Florges-Blue, F|\n|poke|p2|Sinistcha|\n|poke|p2|Mandibuzz, F|\n|poke|p2|Dragonite, F|\n|poke|p2|Iron Hands|\n|teampreview\n|l|\u2606Koketsu_Dono\n|player|p1|\n|j|\u2606Koketsu_Dono\n|player|p1|Koketsu_Dono|blackbelt-gen4dp\n|\n|t:|1701208141\n|start\n|switch|p1a: Emolga|Emolga, F|100\/100\n|switch|p2a: Aika|Iron Hands|100\/100\n|turn|1\n|\n|t:|1701208161\n|move|p2a: Aika|Fake Out|p1a: Emolga\n|-damage|p1a: Emolga|70\/100\n|-damage|p2a: Aika|91\/100|[from] item: Life Orb\n|cant|p1a: Emolga|flinch\n|\n|upkeep\n|turn|2\n|\n|t:|1701208167\n|move|p1a: Emolga|Taunt|p2a: Aika\n|-start|p2a: Aika|move: Taunt\n|move|p2a: Aika|Ice Punch|p1a: Emolga\n|-supereffective|p1a: Emolga\n|-damage|p1a: Emolga|0 fnt\n|faint|p1a: Emolga\n|-damage|p2a: Aika|81\/100|[from] item: Life Orb\n|\n|upkeep\n|\n|t:|1701208176\n|switch|p1a: Maushold|Maushold|100\/100\n|turn|3\n|\n|t:|1701208190\n|-terastallize|p1a: Maushold|Ghost\n|move|p1a: Maushold|Tidy Up|p1a: Maushold\n|-boost|p1a: Maushold|atk|1\n|-boost|p1a: Maushold|spe|1\n|move|p2a: Aika|Drain Punch|p1a: Maushold\n|-immune|p1a: Maushold\n|\n|upkeep\n|turn|4\n|\n|t:|1701208198\n|move|p1a: Maushold|Population Bomb|p2a: Aika\n|-damage|p2a: Aika|72\/100\n|-damage|p2a: Aika|62\/100\n|-crit|p2a: Aika\n|-damage|p2a: Aika|49\/100\n|-damage|p2a: Aika|39\/100\n|-crit|p2a: Aika\n|-damage|p2a: Aika|24\/100\n|-damage|p2a: Aika|15\/100\n|-damage|p2a: Aika|7\/100\n|-damage|p2a: Aika|0 fnt\n|faint|p2a: Aika\n|-end|p2a: Aika|Quark Drive|[silent]\n|-hitcount|p2: Aika|8\n|\n|upkeep\n|\n|t:|1701208217\n|switch|p2a: Pou sensei|Sinistcha|100\/100\n|turn|5\n|\n|t:|1701208225\n|move|p1a: Maushold|Bite|p2a: Pou sensei\n|-supereffective|p2a: Pou sensei\n|-damage|p2a: Pou sensei|37\/100\n|cant|p2a: Pou sensei|flinch\n|\n|-heal|p2a: Pou sensei|43\/100|[from] item: Leftovers\n|upkeep\n|turn|6\n|\n|t:|1701208233\n|move|p1a: Maushold|Bite|p2a: Pou sensei\n|-supereffective|p2a: Pou sensei\n|-damage|p2a: Pou sensei|0 fnt\n|faint|p2a: Pou sensei\n|\n|upkeep\n|\n|t:|1701208237\n|switch|p2a: Leonel|Mandibuzz, F|100\/100\n|turn|7\n|\n|t:|1701208242\n|move|p1a: Maushold|Population Bomb|p2a: Leonel\n|-damage|p2a: Leonel|90\/100\n|-damage|p2a: Leonel|78\/100\n|-damage|p2a: Leonel|67\/100\n|-damage|p2a: Leonel|56\/100\n|-damage|p2a: Leonel|45\/100\n|-damage|p2a: Leonel|34\/100\n|-damage|p2a: Leonel|23\/100\n|-damage|p2a: Leonel|13\/100\n|-damage|p2a: Leonel|3\/100\n|-damage|p2a: Leonel|0 fnt\n|faint|p2a: Leonel\n|-hitcount|p2: Leonel|10\n|\n|upkeep\n|\n|t:|1701208260\n|switch|p2a: Melekee|Talonflame, F|100\/100\n|turn|8\n|\n|t:|1701208265\n|-terastallize|p2a: Melekee|Flying\n|move|p2a: Melekee|Dual Wingbeat|p1a: Maushold\n|-damage|p1a: Maushold|53\/100\n|-damage|p1a: Maushold|9\/100\n|-hitcount|p1a: Maushold|2\n|-damage|p2a: Melekee|91\/100|[from] item: Life Orb\n|move|p1a: Maushold|Population Bomb|p2a: Melekee\n|-damage|p2a: Melekee|67\/100\n|-damage|p2a: Melekee|42\/100\n|-damage|p2a: Melekee|18\/100\n|-damage|p2a: Melekee|0 fnt\n|faint|p2a: Melekee\n|-hitcount|p2: Melekee|4\n|\n|upkeep\n|\n|t:|1701208271\n|switch|p2a: Dino agente|Dragonite, F|100\/100\n|turn|9\n|\n|t:|1701208283\n|move|p2a: Dino agente|Aqua Jet|p1a: Maushold\n|-damage|p1a: Maushold|0 fnt\n|faint|p1a: Maushold\n|\n|upkeep\n|\n|t:|1701208289\n|switch|p1a: Ditto|Ditto|100\/100\n|-transform|p1a: Ditto|p2a: Dino agente|[from] ability: Imposter\n|turn|10\n|\n|t:|1701208300\n|move|p1a: Ditto|Extreme Speed|p2a: Dino agente\n|-damage|p2a: Dino agente|82\/100\n|move|p2a: Dino agente|Dragon Dance|p2a: Dino agente\n|-boost|p2a: Dino agente|atk|1\n|-boost|p2a: Dino agente|spe|1\n|\n|upkeep\n|turn|11\n|\n|t:|1701208307\n|move|p1a: Ditto|Extreme Speed|p2a: Dino agente\n|-damage|p2a: Dino agente|48\/100\n|move|p2a: Dino agente|Extreme Speed|p1a: Ditto\n|-damage|p1a: Ditto|74\/100\n|\n|upkeep\n|turn|12\n|\n|t:|1701208315\n|move|p1a: Ditto|Extreme Speed|p2a: Dino agente\n|-damage|p2a: Dino agente|14\/100\n|move|p2a: Dino agente|Dragon Dance|p2a: Dino agente\n|-boost|p2a: Dino agente|atk|1\n|-boost|p2a: Dino agente|spe|1\n|\n|upkeep\n|turn|13\n|\n|t:|1701208322\n|move|p2a: Dino agente|Extreme Speed|p1a: Ditto\n|-damage|p1a: Ditto|5\/100\n|move|p1a: Ditto|Extreme Speed|p2a: Dino agente\n|-damage|p2a: Dino agente|0 fnt\n|faint|p2a: Dino agente\n|\n|upkeep\n|\n|t:|1701208326\n|switch|p2a: Darkoir|Florges-Blue, F|100\/100\n|turn|14\n|\n|t:|1701208332\n|move|p1a: Ditto|Extreme Speed|p2a: Darkoir\n|-damage|p2a: Darkoir|60\/100\n|move|p2a: Darkoir|Draining Kiss|p1a: Ditto\n|-supereffective|p1a: Ditto\n|-crit|p1a: Ditto\n|-damage|p1a: Ditto|0 fnt\n|-heal|p2a: Darkoir|64\/100|[from] drain|[of] p1a: Ditto\n|faint|p1a: Ditto\n|\n|-heal|p2a: Darkoir|70\/100|[from] item: Leftovers\n|upkeep\n|\n|t:|1701208343\n|switch|p1a: Urshifu|Urshifu-Rapid-Strike, F|100\/100\n|turn|15\n|\n|t:|1701208347\n|move|p1a: Urshifu|Surging Strikes|p2a: Darkoir\n|-crit|p2a: Darkoir\n|-damage|p2a: Darkoir|45\/100\n|-crit|p2a: Darkoir\n|-damage|p2a: Darkoir|19\/100\n|-crit|p2a: Darkoir\n|-damage|p2a: Darkoir|0 fnt\n|faint|p2a: Darkoir\n|-hitcount|p2: Darkoir|3\n|\n|win|Koketsu_Dono\n|l|\u2606Mistery Gold\n","uploadtime":1701208375,"views":9,"p1id":"koketsudono","p2id":"misterygold","formatid":"gen9nationaldex","rating":0,"private":0,"password":""}