{"id":"gen9nationaldex-1988358438","p1":"pikaplayer1001000","p2":"EABL XD","format":"[Gen 9] National Dex","log":"|j|\u2606pikaplayer1001000\n|j|\u2606EABL XD\n|t:|1699713556\n|gametype|singles\n|player|p1|pikaplayer1001000|red-gen2|1276\n|player|p2|EABL XD|gambler|1353\n|teamsize|p1|6\n|teamsize|p2|6\n|gen|9\n|tier|[Gen 9] National Dex\n|rated|\n|rule|HP Percentage Mod: HP is shown in percentages\n|rule|Endless Battle Clause: Forcing endless battles is banned\n|rule|OHKO Clause: OHKO moves are banned\n|rule|Evasion Clause: Evasion abilities, items, and moves are banned\n|rule|Evasion Abilities Clause: Evasion abilities are banned\n|rule|Evasion Items Clause: Evasion items are banned\n|rule|Evasion Moves Clause: Evasion moves are banned\n|rule|Species Clause: Limit one of each Pok\u00e9mon\n|rule|Sleep Clause Mod: Limit one foe put to sleep\n|clearpoke\n|poke|p1|Kricketune, M|\n|poke|p1|Mawile, F|\n|poke|p1|Ninetales-Alola, M|\n|poke|p1|Ribombee, F|\n|poke|p1|Pawmot, M|\n|poke|p1|Tsareena, F|\n|poke|p2|Garganacl, F|\n|poke|p2|Galvantula, M|\n|poke|p2|Great Tusk|\n|poke|p2|Greninja-*, M|\n|poke|p2|Maushold-Four|\n|poke|p2|Blastoise, M|\n|teampreview\n|inactive|Battle timer is ON: inactive players will automatically lose when time's up. (requested by EABL XD)\n|\n|t:|1699713677\n|start\n|switch|p1a: Ribombee|Ribombee, F|100\/100\n|switch|p2a: La Gran Tula|Galvantula, M, shiny|100\/100\n|turn|1\n|\n|t:|1699713691\n|move|p1a: Ribombee|Sticky Web|p2a: La Gran Tula\n|-sidestart|p2: EABL XD|move: Sticky Web\n|move|p2a: La Gran Tula|Thunder Wave|p1a: Ribombee\n|-status|p1a: Ribombee|par\n|\n|upkeep\n|turn|2\n|inactive|pikaplayer1001000 has 120 seconds left.\n|\n|t:|1699713736\n|move|p2a: La Gran Tula|Sticky Web|p1a: Ribombee\n|-sidestart|p1: pikaplayer1001000|move: Sticky Web\n|move|p1a: Ribombee|Moonblast|p2a: La Gran Tula\n|-damage|p2a: La Gran Tula|39\/100\n|\n|upkeep\n|turn|3\n|\n|t:|1699713749\n|switch|p2a: Manny|Great Tusk, shiny|100\/100\n|-activate|p2a: Manny|move: Sticky Web\n|-unboost|p2a: Manny|spe|1\n|-enditem|p2a: Manny|Booster Energy\n|-activate|p2a: Manny|ability: Protosynthesis|[fromitem]\n|-start|p2a: Manny|protosynthesisatk\n|move|p1a: Ribombee|Moonblast|p2a: Manny\n|-supereffective|p2a: Manny\n|-crit|p2a: Manny\n|-damage|p2a: Manny|0 fnt\n|faint|p2a: Manny\n|-end|p2a: Manny|Protosynthesis|[silent]\n|\n|upkeep\n|\n|t:|1699713755\n|switch|p2a: Blastoise|Blastoise, M|100\/100\n|-activate|p2a: Blastoise|move: Sticky Web\n|-unboost|p2a: Blastoise|spe|1\n|turn|4\n|inactive|pikaplayer1001000 has 120 seconds left.\n|\n|t:|1699713773\n|move|p1a: Ribombee|Moonblast|p2a: Blastoise\n|-damage|p2a: Blastoise|66\/100\n|-zpower|p2a: Blastoise\n|move|p2a: Blastoise|Z-Celebrate|p2a: Blastoise|[anim]Celebrate\n|-boost|p2a: Blastoise|atk|1|[zeffect]\n|-boost|p2a: Blastoise|def|1|[zeffect]\n|-boost|p2a: Blastoise|spa|1|[zeffect]\n|-boost|p2a: Blastoise|spd|1|[zeffect]\n|-boost|p2a: Blastoise|spe|1|[zeffect]\n|-activate|p2a: Blastoise|move: Celebrate\n|\n|upkeep\n|turn|5\n|\n|t:|1699713780\n|move|p2a: Blastoise|Skull Bash||[still]\n|-prepare|p2a: Blastoise|Skull Bash\n|-boost|p2a: Blastoise|def|1\n|move|p1a: Ribombee|Moonblast|p2a: Blastoise\n|-crit|p2a: Blastoise\n|-damage|p2a: Blastoise|17\/100\n|\n|upkeep\n|turn|6\n|\n|t:|1699713786\n|move|p2a: Blastoise|Skull Bash|p1a: Ribombee|[from]lockedmove\n|-damage|p1a: Ribombee|11\/100 par\n|cant|p1a: Ribombee|par\n|\n|upkeep\n|turn|7\n|\n|t:|1699713793\n|move|p2a: Blastoise|Waterfall|p1a: Ribombee\n|-damage|p1a: Ribombee|0 fnt\n|faint|p1a: Ribombee\n|\n|upkeep\n|\n|t:|1699713796\n|switch|p1a: Mawile|Mawile, F|100\/100\n|-activate|p1a: Mawile|move: Sticky Web\n|-unboost|p1a: Mawile|spe|1\n|turn|8\n|\n|t:|1699713804\n|detailschange|p1a: Mawile|Mawile-Mega, F\n|-mega|p1a: Mawile|Mawile|Mawilite\n|move|p1a: Mawile|Sucker Punch|p2a: Blastoise\n|-damage|p2a: Blastoise|0 fnt\n|faint|p2a: Blastoise\n|\n|upkeep\n|\n|t:|1699713809\n|switch|p2a: La Gran Tula|Galvantula, M, shiny|39\/100\n|-activate|p2a: La Gran Tula|move: Sticky Web\n|-unboost|p2a: La Gran Tula|spe|1\n|turn|9\n|inactive|pikaplayer1001000 has 120 seconds left.\n|inactive|pikaplayer1001000 has 90 seconds left.\n|inactive|pikaplayer1001000 has 60 seconds left.\n|\n|t:|1699713909\n|move|p2a: La Gran Tula|Thunder Wave|p1a: Mawile\n|-status|p1a: Mawile|par\n|move|p1a: Mawile|Play Rough|p2a: La Gran Tula|[miss]\n|-miss|p1a: Mawile|p2a: La Gran Tula\n|\n|upkeep\n|turn|10\n|\n|t:|1699713922\n|move|p1a: Mawile|Sucker Punch|p2a: La Gran Tula\n|-damage|p2a: La Gran Tula|0 fnt\n|faint|p2a: La Gran Tula\n|\n|upkeep\n|\n|t:|1699713926\n|switch|p2a: Golem del Maincra|Garganacl, F|100\/100\n|-activate|p2a: Golem del Maincra|move: Sticky Web\n|-unboost|p2a: Golem del Maincra|spe|1\n|turn|11\n|\n|t:|1699713932\n|move|p2a: Golem del Maincra|Salt Cure|p1a: Mawile\n|-resisted|p1a: Mawile\n|-damage|p1a: Mawile|94\/100 par\n|-start|p1a: Mawile|Salt Cure\n|move|p1a: Mawile|Iron Head|p2a: Golem del Maincra\n|-supereffective|p2a: Golem del Maincra\n|-damage|p2a: Golem del Maincra|6\/100\n|\n|-damage|p1a: Mawile|69\/100 par|[from] Salt Cure\n|upkeep\n|turn|12\n|\n|t:|1699713943\n|move|p2a: Golem del Maincra|Explosion|p1a: Mawile\n|-resisted|p1a: Mawile\n|-damage|p1a: Mawile|40\/100 par\n|faint|p2a: Golem del Maincra\n|cant|p1a: Mawile|par\n|\n|-damage|p1a: Mawile|16\/100 par|[from] Salt Cure\n|upkeep\n|\n|t:|1699713950\n|switch|p2a: El Ninja|Greninja, M|100\/100\n|-activate|p2a: El Ninja|move: Sticky Web\n|-unboost|p2a: El Ninja|spe|1\n|turn|13\n|\n|t:|1699713954\n|move|p2a: El Ninja|Water Shuriken|p1a: Mawile\n|-damage|p1a: Mawile|4\/100 par\n|-damage|p1a: Mawile|0 fnt\n|faint|p1a: Mawile\n|-ability|p2a: El Ninja|Battle Bond|boost\n|-boost|p2a: El Ninja|atk|1\n|-boost|p2a: El Ninja|spa|1\n|-boost|p2a: El Ninja|spe|1\n|-activate|p2a: El Ninja|ability: Battle Bond\n|-hitcount|p1: Mawile|2\n|-damage|p2a: El Ninja|91\/100|[from] item: Life Orb\n|\n|upkeep\n|\n|t:|1699713958\n|switch|p1a: Ninetales|Ninetales-Alola, M|100\/100\n|-activate|p1a: Ninetales|move: Sticky Web\n|-unboost|p1a: Ninetales|spe|1\n|-weather|Snow|[from] ability: Snow Warning|[of] p1a: Ninetales\n|turn|14\n|l|\u2606EABL XD\n|inactive|EABL XD disconnected and has a minute to reconnect!\n|player|p2|\n|inactive|EABL XD has 30 seconds to reconnect!\n|inactive|EABL XD has 20 seconds to reconnect!\n|inactive|EABL XD has 15 seconds to reconnect!\n|inactive|EABL XD has 10 seconds to reconnect!\n|inactive|EABL XD has 5 seconds to reconnect!\n|-message|EABL XD lost due to inactivity.\n|\n|win|pikaplayer1001000\n|raw|pikaplayer1001000's rating: 1294 &rarr; <strong>1323<\/strong><br \/>(+29 for winning)\n|raw|EABL XD's rating: 1353 &rarr; <strong>1330<\/strong><br \/>(-23 for losing)\n","uploadtime":1699714040,"views":5,"p1id":"pikaplayer1001000","p2id":"eablxd","formatid":"gen9nationaldex","rating":1323,"private":0,"password":""}