{"id":"gen9nationaldex-1996859350","p1":"Binbomrom123","p2":"yzsddd","format":"[Gen 9] National Dex","log":"|html|<div class=\"broadcast-blue\"><strong>[Gen 9] National Dex is currently suspecting Sneasler! For information on how to participate check out the <a href=\"https:\/\/www.smogon.com\/forums\/threads\/sv-national-dex-suspect-8-just-dance.3731534\/\">suspect thread<\/a>.<\/strong><\/div>\n|j|\u2606Binbomrom123\n|j|\u2606yzsddd\n|t:|1700736561\n|gametype|singles\n|player|p1|Binbomrom123|101|1166\n|player|p2|yzsddd|dawn|1130\n|teamsize|p1|6\n|teamsize|p2|6\n|gen|9\n|tier|[Gen 9] National Dex\n|rated|\n|rule|HP Percentage Mod: HP is shown in percentages\n|rule|Endless Battle Clause: Forcing endless battles is banned\n|rule|OHKO Clause: OHKO moves are banned\n|rule|Evasion Clause: Evasion abilities, items, and moves are banned\n|rule|Evasion Abilities Clause: Evasion abilities are banned\n|rule|Evasion Items Clause: Evasion items are banned\n|rule|Evasion Moves Clause: Evasion moves are banned\n|rule|Species Clause: Limit one of each Pok\u00e9mon\n|rule|Sleep Clause Mod: Limit one foe put to sleep\n|clearpoke\n|poke|p1|Azumarill, M|\n|poke|p1|Polteageist-Antique|\n|poke|p1|Blissey, F|\n|poke|p1|Urshifu-*, F|\n|poke|p1|Great Tusk|\n|poke|p1|Cinderace, F|\n|poke|p2|Sceptile, M|\n|poke|p2|Flygon, F|\n|poke|p2|Heracross, F|\n|poke|p2|Probopass, M|\n|poke|p2|Gallade, M|\n|poke|p2|Vikavolt, F|\n|teampreview\n|inactive|Battle timer is ON: inactive players will automatically lose when time's up. (requested by Binbomrom123)\n|\n|t:|1700736582\n|start\n|switch|p1a: Cinderace|Cinderace, F|100\/100\n|switch|p2a: Gallade|Gallade, M, shiny|100\/100\n|turn|1\n|\n|t:|1700736589\n|move|p2a: Gallade|Sacred Sword|p1a: Cinderace\n|-damage|p1a: Cinderace|0 fnt\n|faint|p1a: Cinderace\n|\n|upkeep\n|\n|t:|1700736603\n|switch|p1a: Polteageist|Polteageist-Antique|100\/100\n|turn|2\n|\n|t:|1700736615\n|switch|p2a: Vikavolt|Vikavolt, F|100\/100\n|move|p1a: Polteageist|Shell Smash|p1a: Polteageist\n|-unboost|p1a: Polteageist|def|1\n|-unboost|p1a: Polteageist|spd|1\n|-boost|p1a: Polteageist|atk|2\n|-boost|p1a: Polteageist|spa|2\n|-boost|p1a: Polteageist|spe|2\n|\n|upkeep\n|turn|3\n|\n|t:|1700736638\n|move|p1a: Polteageist|Stored Power|p2a: Vikavolt\n|-damage|p2a: Vikavolt|0 fnt\n|faint|p2a: Vikavolt\n|\n|upkeep\n|\n|t:|1700736644\n|switch|p2a: Probopass|Probopass, M, shiny|100\/100\n|turn|4\n|\n|t:|1700736654\n|-terastallize|p1a: Polteageist|Fighting\n|move|p1a: Polteageist|Shell Smash|p1a: Polteageist\n|-unboost|p1a: Polteageist|def|1\n|-unboost|p1a: Polteageist|spd|1\n|-boost|p1a: Polteageist|atk|2\n|-boost|p1a: Polteageist|spa|2\n|-boost|p1a: Polteageist|spe|2\n|move|p2a: Probopass|Thunder Wave|p1a: Polteageist|[miss]\n|-miss|p2a: Probopass|p1a: Polteageist\n|\n|upkeep\n|turn|5\n|\n|t:|1700736664\n|move|p1a: Polteageist|Tera Blast|p2a: Probopass|[anim] Tera Blast Fighting\n|-supereffective|p2a: Probopass\n|-ability|p2a: Probopass|Sturdy\n|-damage|p2a: Probopass|1\/100\n|move|p2a: Probopass|Flash Cannon|p1a: Polteageist\n|-damage|p1a: Polteageist|51\/100\n|-start|p2a: Probopass|Disable|Flash Cannon|[from] ability: Cursed Body|[of] p1a: Polteageist\n|\n|upkeep\n|turn|6\n|-enditem|p2a: Probopass|Custap Berry|[eat]\n|-activate|p2a: Probopass|item: Custap Berry|[consumed]\n|\n|t:|1700736675\n|move|p2a: Probopass|Volt Switch|p1a: Polteageist\n|-damage|p1a: Polteageist|20\/100\n|\n|t:|1700736683\n|switch|p2a: Sceptile|Sceptile, M|100\/100|[from] Volt Switch\n|move|p1a: Polteageist|Tera Blast|p2a: Sceptile|[anim] Tera Blast Fighting\n|-enditem|p2a: Sceptile|Focus Sash\n|-damage|p2a: Sceptile|1\/100\n|\n|upkeep\n|turn|7\n|\n|t:|1700736687\n|move|p2a: Sceptile|Leaf Blade|p1a: Polteageist\n|-damage|p1a: Polteageist|0 fnt\n|faint|p1a: Polteageist\n|\n|upkeep\n|\n|t:|1700736706\n|switch|p1a: Azumarill|Azumarill, M|100\/100\n|turn|8\n|\n|t:|1700736711\n|switch|p2a: Probopass|Probopass, M, shiny|1\/100\n|move|p1a: Azumarill|Aqua Jet|p2a: Probopass\n|-supereffective|p2a: Probopass\n|-damage|p2a: Probopass|0 fnt\n|faint|p2a: Probopass\n|\n|upkeep\n|\n|t:|1700736715\n|switch|p2a: Gallade|Gallade, M, shiny|100\/100\n|turn|9\n|\n|t:|1700736720\n|move|p2a: Gallade|Leaf Blade|p1a: Azumarill\n|-supereffective|p1a: Azumarill\n|-damage|p1a: Azumarill|3\/100\n|-enditem|p1a: Azumarill|Sitrus Berry|[eat]\n|-heal|p1a: Azumarill|28\/100|[from] item: Sitrus Berry\n|move|p1a: Azumarill|Belly Drum||[still]\n|-fail|p1a: Azumarill\n|\n|upkeep\n|turn|10\n|-message|Binbomrom123 forfeited.\n|\n|win|yzsddd\n|raw|Binbomrom123's rating: 1166 &rarr; <strong>1138<\/strong><br \/>(-28 for losing)\n|raw|yzsddd's rating: 1130 &rarr; <strong>1158<\/strong><br \/>(+28 for winning)\n|l|\u2606Binbomrom123\n","uploadtime":1700736752,"views":7,"p1id":"binbomrom123","p2id":"yzsddd","formatid":"gen9nationaldex","rating":1138,"private":0,"password":""}