{"id":"gen9nationaldex-1998564893","p1":"xxangelgamingg","p2":"theNugget5","format":"[Gen 9] National Dex","log":"|html|<div class=\"broadcast-blue\"><strong>[Gen 9] National Dex is currently suspecting Sneasler! For information on how to participate check out the <a href=\"https:\/\/www.smogon.com\/forums\/threads\/sv-national-dex-suspect-8-just-dance.3731534\/\">suspect thread<\/a>.<\/strong><\/div>\n|j|\u2606xxangelgamingg\n|j|\u2606theNugget5\n|t:|1700956985\n|gametype|singles\n|player|p1|xxangelgamingg|ash|1092\n|player|p2|theNugget5|265|1089\n|teamsize|p1|6\n|teamsize|p2|6\n|gen|9\n|tier|[Gen 9] National Dex\n|rated|\n|rule|HP Percentage Mod: HP is shown in percentages\n|rule|Endless Battle Clause: Forcing endless battles is banned\n|rule|OHKO Clause: OHKO moves are banned\n|rule|Evasion Clause: Evasion abilities, items, and moves are banned\n|rule|Evasion Abilities Clause: Evasion abilities are banned\n|rule|Evasion Items Clause: Evasion items are banned\n|rule|Evasion Moves Clause: Evasion moves are banned\n|rule|Species Clause: Limit one of each Pok\u00e9mon\n|rule|Sleep Clause Mod: Limit one foe put to sleep\n|clearpoke\n|poke|p1|Gliscor, M|\n|poke|p1|Pangoro, F|\n|poke|p1|Greninja-*, F|\n|poke|p1|Charizard, M|\n|poke|p1|Mismagius, F|\n|poke|p1|Sigilyph, M|\n|poke|p2|Slowking-Galar, M|\n|poke|p2|Corviknight, F|\n|poke|p2|Clefable, M|\n|poke|p2|Latias, F|\n|poke|p2|Gastrodon, F|\n|poke|p2|Weavile, F|\n|teampreview\n|\n|t:|1700956992\n|start\n|switch|p1a: Pangoro|Pangoro, F|100\/100\n|switch|p2a: Slowking|Slowking-Galar, M|100\/100\n|turn|1\n|inactive|Battle timer is ON: inactive players will automatically lose when time's up. (requested by xxangelgamingg)\n|\n|t:|1700956999\n|move|p1a: Pangoro|Crunch|p2a: Slowking\n|-supereffective|p2a: Slowking\n|-damage|p2a: Slowking|21\/100\n|-unboost|p2a: Slowking|def|1\n|-damage|p1a: Pangoro|91\/100|[from] item: Life Orb\n|move|p2a: Slowking|Calm Mind|p2a: Slowking\n|-boost|p2a: Slowking|spa|1\n|-boost|p2a: Slowking|spd|1\n|\n|upkeep\n|turn|2\n|\n|t:|1700957012\n|switch|p2a: Clefable|Clefable, M|100\/100\n|move|p1a: Pangoro|Crunch|p2a: Clefable\n|-resisted|p2a: Clefable\n|-damage|p2a: Clefable|68\/100\n|-unboost|p2a: Clefable|def|1\n|-damage|p1a: Pangoro|81\/100|[from] item: Life Orb\n|\n|upkeep\n|turn|3\n|\n|t:|1700957024\n|switch|p1a: Sigilyph|Sigilyph, M|100\/100\n|move|p2a: Clefable|Moonblast|p1a: Sigilyph\n|-damage|p1a: Sigilyph|77\/100\n|-unboost|p1a: Sigilyph|spa|1\n|\n|-status|p1a: Sigilyph|brn|[from] item: Flame Orb\n|upkeep\n|turn|4\n|\n|t:|1700957033\n|move|p1a: Sigilyph|Cosmic Power|p1a: Sigilyph\n|-boost|p1a: Sigilyph|def|1\n|-boost|p1a: Sigilyph|spd|1\n|move|p2a: Clefable|Stealth Rock|p1a: Sigilyph\n|-sidestart|p1: xxangelgamingg|move: Stealth Rock\n|\n|upkeep\n|turn|5\n|\n|t:|1700957049\n|move|p1a: Sigilyph|Cosmic Power|p1a: Sigilyph\n|-boost|p1a: Sigilyph|def|1\n|-boost|p1a: Sigilyph|spd|1\n|move|p2a: Clefable|Moonblast|p1a: Sigilyph\n|-damage|p1a: Sigilyph|65\/100 brn\n|\n|upkeep\n|turn|6\n|\n|t:|1700957062\n|move|p1a: Sigilyph|Cosmic Power|p1a: Sigilyph\n|-boost|p1a: Sigilyph|def|1\n|-boost|p1a: Sigilyph|spd|1\n|move|p2a: Clefable|Moonblast|p1a: Sigilyph\n|-damage|p1a: Sigilyph|54\/100 brn\n|-unboost|p1a: Sigilyph|spa|1\n|\n|upkeep\n|turn|7\n|\n|t:|1700957069\n|move|p1a: Sigilyph|Roost|p1a: Sigilyph\n|-heal|p1a: Sigilyph|100\/100 brn\n|-singleturn|p1a: Sigilyph|move: Roost\n|move|p2a: Clefable|Moonblast|p1a: Sigilyph\n|-damage|p1a: Sigilyph|90\/100 brn\n|-unboost|p1a: Sigilyph|spa|1\n|\n|upkeep\n|turn|8\n|\n|t:|1700957078\n|switch|p2a: Latias|Latias, F|100\/100\n|move|p1a: Sigilyph|Cosmic Power|p1a: Sigilyph\n|-boost|p1a: Sigilyph|def|1\n|-boost|p1a: Sigilyph|spd|1\n|\n|upkeep\n|turn|9\n|\n|t:|1700957086\n|move|p2a: Latias|Mystical Fire|p1a: Sigilyph\n|-damage|p1a: Sigilyph|84\/100 brn\n|-unboost|p1a: Sigilyph|spa|1\n|move|p1a: Sigilyph|Psycho Shift|p2a: Latias\n|-status|p2a: Latias|brn\n|-curestatus|p1a: Sigilyph|brn|[msg]\n|\n|-damage|p2a: Latias|94\/100 brn|[from] brn\n|-status|p1a: Sigilyph|brn|[from] item: Flame Orb\n|upkeep\n|turn|10\n|\n|t:|1700957101\n|move|p2a: Latias|Psyshock|p1a: Sigilyph\n|-resisted|p1a: Sigilyph\n|-damage|p1a: Sigilyph|79\/100 brn\n|move|p1a: Sigilyph|Cosmic Power|p1a: Sigilyph\n|-boost|p1a: Sigilyph|def|1\n|-boost|p1a: Sigilyph|spd|1\n|\n|-damage|p2a: Latias|88\/100 brn|[from] brn\n|upkeep\n|turn|11\n|n|!theNugget5|thenugget5\n|-message|theNugget5 forfeited.\n|\n|win|xxangelgamingg\n|raw|xxangelgamingg's rating: 1092 &rarr; <strong>1118<\/strong><br \/>(+26 for winning)\n|raw|theNugget5's rating: 1089 &rarr; <strong>1066<\/strong><br \/>(-23 for losing)\n","uploadtime":1700957114,"views":1,"p1id":"xxangelgamingg","p2id":"thenugget5","formatid":"gen9nationaldex","rating":1066,"private":0,"password":""}