{"id":"gen9nationaldex-1997673085","p1":"shfeha","p2":"hgtuy","format":"[Gen 9] National Dex","log":"|html|<div class=\"broadcast-blue\"><strong>[Gen 9] National Dex is currently suspecting Sneasler! For information on how to participate check out the <a href=\"https:\/\/www.smogon.com\/forums\/threads\/sv-national-dex-suspect-8-just-dance.3731534\/\">suspect thread<\/a>.<\/strong><\/div>\n|j|\u2606shfeha\n|j|\u2606hgtuy\n|t:|1700840233\n|gametype|singles\n|player|p1|shfeha|li|1204\n|player|p2|hgtuy|102|1191\n|teamsize|p1|6\n|teamsize|p2|6\n|gen|9\n|tier|[Gen 9] National Dex\n|rated|\n|rule|HP Percentage Mod: HP is shown in percentages\n|rule|Endless Battle Clause: Forcing endless battles is banned\n|rule|OHKO Clause: OHKO moves are banned\n|rule|Evasion Clause: Evasion abilities, items, and moves are banned\n|rule|Evasion Abilities Clause: Evasion abilities are banned\n|rule|Evasion Items Clause: Evasion items are banned\n|rule|Evasion Moves Clause: Evasion moves are banned\n|rule|Species Clause: Limit one of each Pok\u00e9mon\n|rule|Sleep Clause Mod: Limit one foe put to sleep\n|clearpoke\n|poke|p1|Abomasnow, F|\n|poke|p1|Glastrier|\n|poke|p1|Hydreigon, F|\n|poke|p1|Beartic, M|\n|poke|p1|Arctovish|\n|poke|p1|Lilligant-Hisui, F|\n|poke|p2|Gliscor, F|\n|poke|p2|Kommo-o, F|\n|poke|p2|Ferrothorn, F|\n|poke|p2|Pelipper, F|\n|poke|p2|Swampert, M|\n|poke|p2|Corviknight, M|\n|teampreview\n|inactive|Battle timer is ON: inactive players will automatically lose when time's up. (requested by shfeha)\n|\n|t:|1700840244\n|start\n|switch|p1a: Abomasnow|Abomasnow, F|100\/100\n|switch|p2a: Kommo-o|Kommo-o, F, shiny|100\/100\n|-weather|Snow|[from] ability: Snow Warning|[of] p1a: Abomasnow\n|turn|1\n|\n|t:|1700840261\n|switch|p1a: Glastrier|Glastrier|100\/100\n|-zpower|p2a: Kommo-o\n|move|p2a: Kommo-o|Clangorous Soulblaze|p1a: Glastrier|[zeffect]\n|-damage|p1a: Glastrier|60\/100\n|-boost|p2a: Kommo-o|atk|1\n|-boost|p2a: Kommo-o|def|1\n|-boost|p2a: Kommo-o|spa|1\n|-boost|p2a: Kommo-o|spd|1\n|-boost|p2a: Kommo-o|spe|1\n|\n|-weather|Snow|[upkeep]\n|upkeep\n|turn|2\n|\n|t:|1700840274\n|move|p2a: Kommo-o|Aura Sphere|p1a: Glastrier\n|-supereffective|p1a: Glastrier\n|-damage|p1a: Glastrier|7\/100\n|move|p1a: Glastrier|Avalanche|p2a: Kommo-o\n|-supereffective|p2a: Kommo-o\n|-damage|p2a: Kommo-o|0 fnt\n|faint|p2a: Kommo-o\n|-ability|p1a: Glastrier|Chilling Neigh|boost\n|-boost|p1a: Glastrier|atk|1\n|\n|-weather|Snow|[upkeep]\n|upkeep\n|\n|t:|1700840287\n|switch|p2a: Pelipper|Pelipper, F|100\/100\n|-weather|RainDance|[from] ability: Drizzle|[of] p2a: Pelipper\n|turn|3\n|\n|t:|1700840296\n|move|p2a: Pelipper|Scald|p1a: Glastrier\n|-damage|p1a: Glastrier|0 fnt\n|faint|p1a: Glastrier\n|\n|-weather|RainDance|[upkeep]\n|upkeep\n|\n|t:|1700840299\n|switch|p1a: Abomasnow|Abomasnow, F|100\/100\n|-weather|Snow|[from] ability: Snow Warning|[of] p1a: Abomasnow\n|turn|4\n|\n|t:|1700840307\n|detailschange|p1a: Abomasnow|Abomasnow-Mega, F\n|-mega|p1a: Abomasnow|Abomasnow|Abomasite\n|move|p2a: Pelipper|U-turn|p1a: Abomasnow\n|-supereffective|p1a: Abomasnow\n|-damage|p1a: Abomasnow|92\/100\n|\n|t:|1700840312\n|switch|p2a: Ferrothorn|Ferrothorn, F, shiny|100\/100|[from] U-turn\n|move|p1a: Abomasnow|Aurora Veil|p1a: Abomasnow\n|-sidestart|p1: shfeha|move: Aurora Veil\n|\n|-weather|Snow|[upkeep]\n|upkeep\n|turn|5\n|\n|t:|1700840318\n|switch|p1a: Hydreigon|Hydreigon, F, shiny|100\/100\n|move|p2a: Ferrothorn|Leech Seed|p1a: Hydreigon\n|-start|p1a: Hydreigon|move: Leech Seed\n|\n|-weather|Snow|[upkeep]\n|-damage|p1a: Hydreigon|88\/100|[from] Leech Seed|[of] p2a: Ferrothorn\n|upkeep\n|turn|6\n|\n|t:|1700840323\n|move|p2a: Ferrothorn|Protect|p2a: Ferrothorn\n|-singleturn|p2a: Ferrothorn|Protect\n|move|p1a: Hydreigon|Tailwind|p1a: Hydreigon\n|-sidestart|p1: shfeha|move: Tailwind\n|\n|-weather|Snow|[upkeep]\n|-heal|p1a: Hydreigon|94\/100|[from] item: Leftovers\n|-damage|p1a: Hydreigon|82\/100|[from] Leech Seed|[of] p2a: Ferrothorn\n|upkeep\n|turn|7\n|\n|t:|1700840328\n|switch|p1a: Beartic|Beartic, M, shiny|100\/100\n|move|p2a: Ferrothorn|Substitute|p2a: Ferrothorn\n|-start|p2a: Ferrothorn|Substitute\n|-damage|p2a: Ferrothorn|76\/100\n|\n|-weather|Snow|[upkeep]\n|-heal|p2a: Ferrothorn|82\/100|[from] item: Leftovers\n|upkeep\n|turn|8\n|\n|t:|1700840335\n|move|p1a: Beartic|Icicle Crash|p2a: Ferrothorn\n|-end|p2a: Ferrothorn|Substitute\n|move|p2a: Ferrothorn|Leech Seed|p1a: Beartic\n|-start|p1a: Beartic|move: Leech Seed\n|\n|-weather|none\n|-heal|p2a: Ferrothorn|88\/100|[from] item: Leftovers\n|-damage|p1a: Beartic|88\/100|[from] Leech Seed|[of] p2a: Ferrothorn\n|-heal|p2a: Ferrothorn|99\/100|[silent]\n|-sideend|p1: shfeha|move: Aurora Veil\n|upkeep\n|turn|9\n|\n|t:|1700840343\n|switch|p1a: Hydreigon|Hydreigon, F, shiny|82\/100\n|move|p2a: Ferrothorn|Substitute|p2a: Ferrothorn\n|-start|p2a: Ferrothorn|Substitute\n|-damage|p2a: Ferrothorn|75\/100\n|\n|-heal|p1a: Hydreigon|88\/100|[from] item: Leftovers\n|-heal|p2a: Ferrothorn|81\/100|[from] item: Leftovers\n|-sideend|p1: shfeha|move: Tailwind\n|upkeep\n|turn|10\n|\n|t:|1700840349\n|move|p1a: Hydreigon|Dark Pulse|p2a: Ferrothorn\n|-end|p2a: Ferrothorn|Substitute\n|move|p2a: Ferrothorn|Leech Seed|p1a: Hydreigon\n|-start|p1a: Hydreigon|move: Leech Seed\n|\n|-heal|p1a: Hydreigon|94\/100|[from] item: Leftovers\n|-heal|p2a: Ferrothorn|87\/100|[from] item: Leftovers\n|-damage|p1a: Hydreigon|82\/100|[from] Leech Seed|[of] p2a: Ferrothorn\n|-heal|p2a: Ferrothorn|98\/100|[silent]\n|upkeep\n|turn|11\n|\n|t:|1700840354\n|move|p1a: Hydreigon|Tailwind|p1a: Hydreigon\n|-sidestart|p1: shfeha|move: Tailwind\n|move|p2a: Ferrothorn|Substitute|p2a: Ferrothorn\n|-start|p2a: Ferrothorn|Substitute\n|-damage|p2a: Ferrothorn|73\/100\n|\n|-heal|p1a: Hydreigon|88\/100|[from] item: Leftovers\n|-heal|p2a: Ferrothorn|79\/100|[from] item: Leftovers\n|-damage|p1a: Hydreigon|76\/100|[from] Leech Seed|[of] p2a: Ferrothorn\n|-heal|p2a: Ferrothorn|91\/100|[silent]\n|upkeep\n|turn|12\n|\n|t:|1700840358\n|move|p1a: Hydreigon|Dark Pulse|p2a: Ferrothorn\n|-end|p2a: Ferrothorn|Substitute\n|move|p2a: Ferrothorn|Gyro Ball|p1a: Hydreigon\n|-damage|p1a: Hydreigon|18\/100\n|\n|-heal|p1a: Hydreigon|24\/100|[from] item: Leftovers\n|-heal|p2a: Ferrothorn|97\/100|[from] item: Leftovers\n|-damage|p1a: Hydreigon|12\/100|[from] Leech Seed|[of] p2a: Ferrothorn\n|-heal|p2a: Ferrothorn|100\/100|[silent]\n|upkeep\n|turn|13\n|\n|t:|1700840367\n|switch|p1a: Beartic|Beartic, M, shiny|88\/100\n|move|p2a: Ferrothorn|Substitute|p2a: Ferrothorn\n|-start|p2a: Ferrothorn|Substitute\n|-damage|p2a: Ferrothorn|76\/100\n|\n|-heal|p2a: Ferrothorn|82\/100|[from] item: Leftovers\n|upkeep\n|turn|14\n|\n|t:|1700840373\n|move|p1a: Beartic|Icicle Crash|p2a: Ferrothorn\n|-end|p2a: Ferrothorn|Substitute\n|move|p2a: Ferrothorn|Gyro Ball|p1a: Beartic\n|-supereffective|p1a: Beartic\n|-damage|p1a: Beartic|0 fnt\n|faint|p1a: Beartic\n|\n|-heal|p2a: Ferrothorn|88\/100|[from] item: Leftovers\n|-sideend|p1: shfeha|move: Tailwind\n|upkeep\n|\n|t:|1700840378\n|switch|p1a: Lilligant|Lilligant-Hisui, F, shiny|100\/100\n|turn|15\n|\n|t:|1700840384\n|move|p2a: Ferrothorn|Protect|p2a: Ferrothorn\n|-singleturn|p2a: Ferrothorn|Protect\n|move|p1a: Lilligant|Victory Dance|p1a: Lilligant\n|-boost|p1a: Lilligant|atk|1\n|-boost|p1a: Lilligant|def|1\n|-boost|p1a: Lilligant|spe|1\n|\n|-heal|p2a: Ferrothorn|94\/100|[from] item: Leftovers\n|upkeep\n|turn|16\n|\n|t:|1700840390\n|switch|p2a: Gliscor|Gliscor, F, shiny|100\/100\n|move|p1a: Lilligant|Close Combat|p2a: Gliscor\n|-resisted|p2a: Gliscor\n|-damage|p2a: Gliscor|66\/100\n|-unboost|p1a: Lilligant|def|1\n|-unboost|p1a: Lilligant|spd|1\n|\n|-status|p2a: Gliscor|tox|[from] item: Toxic Orb\n|upkeep\n|turn|17\n|\n|t:|1700840399\n|move|p1a: Lilligant|Ice Spinner|p2a: Gliscor\n|-supereffective|p2a: Gliscor\n|-damage|p2a: Gliscor|0 fnt\n|faint|p2a: Gliscor\n|\n|upkeep\n|\n|t:|1700840404\n|switch|p2a: Pelipper|Pelipper, F|100\/100\n|-weather|RainDance|[from] ability: Drizzle|[of] p2a: Pelipper\n|turn|18\n|\n|t:|1700840408\n|move|p1a: Lilligant|Leaf Blade|p2a: Pelipper\n|-damage|p2a: Pelipper|31\/100\n|move|p2a: Pelipper|Hurricane|p1a: Lilligant\n|-supereffective|p1a: Lilligant\n|-enditem|p1a: Lilligant|Focus Sash\n|-damage|p1a: Lilligant|1\/100\n|-start|p1a: Lilligant|confusion\n|\n|-weather|RainDance|[upkeep]\n|upkeep\n|turn|19\n|\n|t:|1700840417\n|-activate|p1a: Lilligant|confusion\n|move|p1a: Lilligant|Leaf Blade|p2a: Pelipper\n|-damage|p2a: Pelipper|0 fnt\n|faint|p2a: Pelipper\n|\n|-weather|RainDance|[upkeep]\n|upkeep\n|\n|t:|1700840426\n|switch|p2a: Corviknight|Corviknight, M, shiny|100\/100\n|turn|20\n|\n|t:|1700840429\n|-activate|p1a: Lilligant|confusion\n|move|p1a: Lilligant|Close Combat|p2a: Corviknight\n|-damage|p2a: Corviknight|27\/100\n|-unboost|p1a: Lilligant|def|1\n|-unboost|p1a: Lilligant|spd|1\n|move|p2a: Corviknight|Brave Bird|p1a: Lilligant\n|-supereffective|p1a: Lilligant\n|-damage|p1a: Lilligant|0 fnt\n|faint|p1a: Lilligant\n|-damage|p2a: Corviknight|26\/100|[from] Recoil\n|\n|-weather|RainDance|[upkeep]\n|-heal|p2a: Corviknight|33\/100|[from] item: Leftovers\n|upkeep\n|\n|t:|1700840438\n|switch|p1a: Hydreigon|Hydreigon, F, shiny|12\/100\n|turn|21\n|\n|t:|1700840443\n|move|p1a: Hydreigon|Dark Pulse|p2a: Corviknight\n|-damage|p2a: Corviknight|0 fnt\n|faint|p2a: Corviknight\n|\n|-weather|RainDance|[upkeep]\n|-heal|p1a: Hydreigon|18\/100|[from] item: Leftovers\n|upkeep\n|\n|t:|1700840447\n|switch|p2a: Swampert|Swampert, M|100\/100\n|turn|22\n|\n|t:|1700840451\n|detailschange|p2a: Swampert|Swampert-Mega, M\n|-mega|p2a: Swampert|Swampert|Swampertite\n|move|p2a: Swampert|Ice Punch|p1a: Hydreigon\n|-supereffective|p1a: Hydreigon\n|-damage|p1a: Hydreigon|0 fnt\n|faint|p1a: Hydreigon\n|\n|-weather|RainDance|[upkeep]\n|upkeep\n|\n|t:|1700840457\n|switch|p1a: Arctovish|Arctovish, shiny|100\/100\n|turn|23\n|\n|t:|1700840461\n|move|p2a: Swampert|Bulk Up|p2a: Swampert\n|-boost|p2a: Swampert|atk|1\n|-boost|p2a: Swampert|def|1\n|move|p1a: Arctovish|Fishious Rend|p2a: Swampert\n|-damage|p2a: Swampert|58\/100\n|-damage|p1a: Arctovish|91\/100|[from] item: Life Orb\n|\n|-weather|RainDance|[upkeep]\n|upkeep\n|turn|24\n|\n|t:|1700840467\n|-terastallize|p1a: Arctovish|Water\n|move|p2a: Swampert|Earthquake|p1a: Arctovish\n|-damage|p1a: Arctovish|0 fnt\n|faint|p1a: Arctovish\n|\n|-weather|RainDance|[upkeep]\n|upkeep\n|\n|t:|1700840470\n|switch|p1a: Abomasnow|Abomasnow-Mega, F|92\/100\n|-weather|Snow|[from] ability: Snow Warning|[of] p1a: Abomasnow\n|turn|25\n|\n|t:|1700840473\n|move|p2a: Swampert|Ice Punch|p1a: Abomasnow\n|-damage|p1a: Abomasnow|67\/100\n|move|p1a: Abomasnow|Aurora Veil|p1a: Abomasnow\n|-sidestart|p1: shfeha|move: Aurora Veil\n|\n|-weather|Snow|[upkeep]\n|upkeep\n|turn|26\n|\n|t:|1700840480\n|move|p2a: Swampert|Ice Punch|p1a: Abomasnow\n|-damage|p1a: Abomasnow|54\/100\n|move|p1a: Abomasnow|Giga Drain|p2a: Swampert\n|-supereffective|p2a: Swampert\n|-damage|p2a: Swampert|0 fnt\n|-heal|p1a: Abomasnow|80\/100|[from] drain|[of] p2a: Swampert\n|faint|p2a: Swampert\n|\n|-weather|Snow|[upkeep]\n|upkeep\n|\n|t:|1700840486\n|switch|p2a: Ferrothorn|Ferrothorn, F, shiny|94\/100\n|turn|27\n|\n|t:|1700840488\n|move|p1a: Abomasnow|Blizzard|p2a: Ferrothorn\n|-damage|p2a: Ferrothorn|34\/100\n|-status|p2a: Ferrothorn|frz\n|-curestatus|p2a: Ferrothorn|frz|[msg]\n|move|p2a: Ferrothorn|Substitute|p2a: Ferrothorn\n|-start|p2a: Ferrothorn|Substitute\n|-damage|p2a: Ferrothorn|10\/100\n|\n|-weather|Snow|[upkeep]\n|-heal|p2a: Ferrothorn|16\/100|[from] item: Leftovers\n|upkeep\n|turn|28\n|\n|t:|1700840499\n|move|p1a: Abomasnow|Blizzard|p2a: Ferrothorn\n|-end|p2a: Ferrothorn|Substitute\n|move|p2a: Ferrothorn|Leech Seed|p1a: Abomasnow\n|-immune|p1a: Abomasnow\n|\n|-weather|Snow|[upkeep]\n|-heal|p2a: Ferrothorn|22\/100|[from] item: Leftovers\n|upkeep\n|turn|29\n|\n|t:|1700840515\n|move|p2a: Ferrothorn|Protect|p2a: Ferrothorn\n|-singleturn|p2a: Ferrothorn|Protect\n|move|p1a: Abomasnow|Blizzard|p2a: Ferrothorn\n|-activate|p2a: Ferrothorn|move: Protect\n|\n|-weather|none\n|-heal|p2a: Ferrothorn|28\/100|[from] item: Leftovers\n|-sideend|p1: shfeha|move: Aurora Veil\n|upkeep\n|turn|30\n|\n|t:|1700840528\n|-terastallize|p2a: Ferrothorn|Water\n|move|p1a: Abomasnow|Blizzard|p2a: Ferrothorn\n|-resisted|p2a: Ferrothorn\n|-damage|p2a: Ferrothorn|2\/100\n|move|p2a: Ferrothorn|Gyro Ball|p1a: Abomasnow\n|-supereffective|p1a: Abomasnow\n|-damage|p1a: Abomasnow|43\/100\n|\n|-heal|p2a: Ferrothorn|8\/100|[from] item: Leftovers\n|upkeep\n|turn|31\n|\n|t:|1700840536\n|move|p2a: Ferrothorn|Protect|p2a: Ferrothorn\n|-singleturn|p2a: Ferrothorn|Protect\n|move|p1a: Abomasnow|Giga Drain|p2a: Ferrothorn\n|-activate|p2a: Ferrothorn|move: Protect\n|\n|-heal|p2a: Ferrothorn|14\/100|[from] item: Leftovers\n|upkeep\n|turn|32\n|\n|t:|1700840542\n|move|p2a: Ferrothorn|Protect||[still]\n|-fail|p2a: Ferrothorn\n|move|p1a: Abomasnow|Giga Drain|p2a: Ferrothorn\n|-supereffective|p2a: Ferrothorn\n|-damage|p2a: Ferrothorn|0 fnt\n|-heal|p1a: Abomasnow|49\/100|[from] drain|[of] p2a: Ferrothorn\n|faint|p2a: Ferrothorn\n|\n|win|shfeha\n|raw|shfeha's rating: 1204 &rarr; <strong>1228<\/strong><br \/>(+24 for winning)\n|raw|hgtuy's rating: 1191 &rarr; <strong>1167<\/strong><br \/>(-24 for losing)\n|l|\u2606hgtuy\n","uploadtime":1700840548,"views":0,"p1id":"shfeha","p2id":"hgtuy","formatid":"gen9nationaldex","rating":1167,"private":0,"password":""}