{"id":"gen9nationaldex-1996489627","p1":"PikaTheRat","p2":"KaneWritez","format":"[Gen 9] National Dex","log":"|html|<div class=\"broadcast-blue\"><strong>[Gen 9] National Dex is currently suspecting Sneasler! For information on how to participate check out the <a href=\"https:\/\/www.smogon.com\/forums\/threads\/sv-national-dex-suspect-8-just-dance.3731534\/\">suspect thread<\/a>.<\/strong><\/div>\n|j|\u2606PikaTheRat\n|j|\u2606KaneWritez\n|t:|1700687011\n|gametype|singles\n|player|p1|PikaTheRat|lucas|\n|player|p2|KaneWritez|ethan|\n|teamsize|p1|6\n|teamsize|p2|4\n|gen|9\n|tier|[Gen 9] National Dex\n|rule|HP Percentage Mod: HP is shown in percentages\n|rule|Endless Battle Clause: Forcing endless battles is banned\n|rule|OHKO Clause: OHKO moves are banned\n|rule|Evasion Clause: Evasion abilities, items, and moves are banned\n|rule|Evasion Abilities Clause: Evasion abilities are banned\n|rule|Evasion Items Clause: Evasion items are banned\n|rule|Evasion Moves Clause: Evasion moves are banned\n|rule|Species Clause: Limit one of each Pok\u00e9mon\n|rule|Sleep Clause Mod: Limit one foe put to sleep\n|clearpoke\n|poke|p1|Shelgon, L42, M|\n|poke|p1|Lycanroc-Midnight, L42, F|\n|poke|p1|Ludicolo, L42, M|\n|poke|p1|Typhlosion-Hisui, L42, M|\n|poke|p1|Orbeetle, L42, F|\n|poke|p1|Toxtricity, L42, M|\n|poke|p2|Camerupt, L44, M|\n|poke|p2|Houndoom, L42, F|\n|poke|p2|Oricorio, L42, F|\n|poke|p2|Torkoal, L40, M|\n|teampreview\n|\n|t:|1700687095\n|start\n|switch|p1a: Lycanroc|Lycanroc-Midnight, L42, F|100\/100\n|switch|p2a: Torkoal|Torkoal, L40, M|100\/100\n|-weather|SunnyDay|[from] ability: Drought|[of] p2a: Torkoal\n|turn|1\n|\n|t:|1700687107\n|move|p2a: Torkoal|Protect|p2a: Torkoal\n|-singleturn|p2a: Torkoal|Protect\n|move|p1a: Lycanroc|Bulldoze|p2a: Torkoal\n|-activate|p2a: Torkoal|move: Protect\n|\n|-weather|SunnyDay|[upkeep]\n|upkeep\n|turn|2\n|\n|t:|1700687124\n|move|p1a: Lycanroc|Rock Slide|p2a: Torkoal\n|-supereffective|p2a: Torkoal\n|-damage|p2a: Torkoal|54\/100\n|move|p2a: Torkoal|Stealth Rock|p1a: Lycanroc\n|-sidestart|p1: PikaTheRat|move: Stealth Rock\n|\n|-weather|SunnyDay|[upkeep]\n|upkeep\n|turn|3\n|\n|t:|1700687135\n|move|p2a: Torkoal|Protect|p2a: Torkoal\n|-singleturn|p2a: Torkoal|Protect\n|move|p1a: Lycanroc|Rock Slide|p2a: Torkoal\n|-activate|p2a: Torkoal|move: Protect\n|\n|-weather|SunnyDay|[upkeep]\n|upkeep\n|turn|4\n|\n|t:|1700687142\n|move|p1a: Lycanroc|Rock Slide|p2a: Torkoal\n|-supereffective|p2a: Torkoal\n|-damage|p2a: Torkoal|8\/100\n|move|p2a: Torkoal|Curse|p2a: Torkoal\n|-unboost|p2a: Torkoal|spe|1\n|-boost|p2a: Torkoal|atk|1\n|-boost|p2a: Torkoal|def|1\n|\n|-weather|SunnyDay|[upkeep]\n|upkeep\n|turn|5\n|\n|t:|1700687152\n|move|p2a: Torkoal|Protect|p2a: Torkoal\n|-singleturn|p2a: Torkoal|Protect\n|move|p1a: Lycanroc|Rock Slide|p2a: Torkoal\n|-activate|p2a: Torkoal|move: Protect\n|\n|-weather|SunnyDay|[upkeep]\n|upkeep\n|turn|6\n|\n|t:|1700687160\n|move|p1a: Lycanroc|Rock Slide|p2a: Torkoal\n|-supereffective|p2a: Torkoal\n|-damage|p2a: Torkoal|0 fnt\n|faint|p2a: Torkoal\n|\n|-weather|SunnyDay|[upkeep]\n|upkeep\n|\n|t:|1700687168\n|switch|p2a: Oricorio|Oricorio, L42, F|100\/100\n|turn|7\n|\n|t:|1700687173\n|move|p1a: Lycanroc|Rock Slide|p2a: Oricorio\n|-supereffective|p2a: Oricorio\n|-damage|p2a: Oricorio|0 fnt\n|faint|p2a: Oricorio\n|\n|-weather|SunnyDay|[upkeep]\n|upkeep\n|\n|t:|1700687179\n|switch|p2a: Houndoom|Houndoom, L42, F|100\/100\n|turn|8\n|\n|t:|1700687184\n|move|p1a: Lycanroc|Rock Slide|p2a: Houndoom\n|-supereffective|p2a: Houndoom\n|-damage|p2a: Houndoom|0 fnt\n|faint|p2a: Houndoom\n|\n|-weather|none\n|upkeep\n|\n|t:|1700687189\n|switch|p2a: Camerupt|Camerupt, L44, M|100\/100\n|turn|9\n|\n|t:|1700687206\n|detailschange|p2a: Camerupt|Camerupt-Mega, L44, M\n|-mega|p2a: Camerupt|Camerupt|Cameruptite\n|move|p1a: Lycanroc|Rock Slide|p2a: Camerupt\n|-damage|p2a: Camerupt|67\/100\n|cant|p2a: Camerupt|flinch\n|\n|upkeep\n|turn|10\n|\n|t:|1700687214\n|move|p1a: Lycanroc|Rock Slide|p2a: Camerupt\n|-damage|p2a: Camerupt|36\/100\n|move|p2a: Camerupt|Earth Power|p1a: Lycanroc\n|-supereffective|p1a: Lycanroc\n|-damage|p1a: Lycanroc|0 fnt\n|faint|p1a: Lycanroc\n|\n|upkeep\n|\n|t:|1700687223\n|switch|p1a: Ludicolo|Ludicolo, L42, M|100\/100\n|-damage|p1a: Ludicolo|88\/100|[from] Stealth Rock\n|turn|11\n|\n|t:|1700687234\n|move|p1a: Ludicolo|Bubble Beam|p2a: Camerupt\n|-supereffective|p2a: Camerupt\n|-crit|p2a: Camerupt\n|-damage|p2a: Camerupt|0 fnt\n|faint|p2a: Camerupt\n|\n|win|PikaTheRat\n|l|\u2606KaneWritez\n","uploadtime":1700687243,"views":3,"p1id":"pikatherat","p2id":"kanewritez","formatid":"gen9nationaldex","rating":0,"private":0,"password":""}