{"id":"gen9nationaldex-1989996952","p1":"lolowtf09","p2":"Danwine","format":"[Gen 9] National Dex","log":"|j|\u2606lolowtf09\n|j|\u2606Danwine\n|t:|1699913772\n|gametype|singles\n|player|p1|lolowtf09|burgh|\n|player|p2|Danwine|brycen|\n|teamsize|p1|6\n|teamsize|p2|6\n|gen|9\n|tier|[Gen 9] National Dex\n|rule|HP Percentage Mod: HP is shown in percentages\n|rule|Endless Battle Clause: Forcing endless battles is banned\n|rule|OHKO Clause: OHKO moves are banned\n|rule|Evasion Clause: Evasion abilities, items, and moves are banned\n|rule|Evasion Abilities Clause: Evasion abilities are banned\n|rule|Evasion Items Clause: Evasion items are banned\n|rule|Evasion Moves Clause: Evasion moves are banned\n|rule|Species Clause: Limit one of each Pok\u00e9mon\n|rule|Sleep Clause Mod: Limit one foe put to sleep\n|clearpoke\n|poke|p1|Dipplin, F|\n|poke|p1|Forretress, M|\n|poke|p1|Pinsir, F|\n|poke|p1|Heracross, M|\n|poke|p1|Rabsca, M|\n|poke|p1|Galvantula, F|\n|poke|p2|Clodsire, F|\n|poke|p2|Volcarona, M|\n|poke|p2|Pelipper, M|\n|poke|p2|Bellibolt, F|\n|poke|p2|Sinistcha|\n|poke|p2|Garganacl, F|\n|teampreview\n|c|\u2606lolowtf09|otra vez tu? no llevas como 5 veces viniendo ya?\n|c|\u2606Danwine|es que me gustas\n|c|\u2606lolowtf09|y es el mismo team de antes\n|c|\u2606lolowtf09|uy\n|c|\u2606lolowtf09|me too\n|c|\u2606Danwine|claro que no\n|c|\u2606lolowtf09|digo que\n|c|\u2606Danwine|ahora tengo a una sal\n|c|\u2606lolowtf09|puta madre\n|j| Void280\n|c|\u2606lolowtf09|mi counter\n|\n|t:|1699913845\n|start\n|switch|p1a: ManoloPajitas|Forretress, M|100\/100\n|switch|p2a: Papu|Pelipper, M, shiny|100\/100\n|-weather|RainDance|[from] ability: Drizzle|[of] p2a: Papu\n|turn|1\n|c|\u2606Danwine|cuanto y que aun asi pierdo\n|\n|t:|1699913852\n|move|p2a: Papu|U-turn|p1a: ManoloPajitas\n|-resisted|p1a: ManoloPajitas\n|-damage|p1a: ManoloPajitas|98\/100\n|-damage|p2a: Papu|84\/100|[from] item: Rocky Helmet|[of] p1a: ManoloPajitas\n|\n|t:|1699913857\n|switch|p2a: Barb|Volcarona, M, shiny|100\/100|[from] U-turn\n|move|p1a: ManoloPajitas|Stealth Rock|p2a: Barb\n|-sidestart|p2: Danwine|move: Stealth Rock\n|\n|-weather|RainDance|[upkeep]\n|upkeep\n|turn|2\n|c|\u2606lolowtf09|no creo\n|\n|t:|1699913863\n|move|p2a: Barb|Fiery Dance|p1a: ManoloPajitas\n|-supereffective|p1a: ManoloPajitas\n|-damage|p1a: ManoloPajitas|0 fnt\n|-boost|p2a: Barb|spa|1\n|faint|p1a: ManoloPajitas\n|\n|-weather|RainDance|[upkeep]\n|upkeep\n|c|\u2606lolowtf09|fuego bajo lluvia?\n|\n|t:|1699913870\n|switch|p1a: Galvantula|Galvantula, F, shiny|100\/100\n|turn|3\n|c|\u2606Danwine|solo era para que no sirva la habilidad de tu forretres\n|c| Void280|XD?\n|c|\u2606lolowtf09|terrible\n|c| Void280|Terrible counter\n|c|\u2606Danwine|funciono :(\n|c|\u2606lolowtf09|hare trueno o cambiare\n|c|\u2606lolowtf09|cual es la cuestion\n|c|\u2606Danwine|yaaaa mueve\n|\n|t:|1699913928\n|-terastallize|p1a: Galvantula|Electric\n|move|p1a: Galvantula|Thunder|p2a: Barb\n|-damage|p2a: Barb|42\/100\n|move|p2a: Barb|Fiery Dance|p1a: Galvantula\n|-damage|p1a: Galvantula|42\/100\n|-boost|p2a: Barb|spa|1\n|\n|-weather|RainDance|[upkeep]\n|upkeep\n|turn|4\n|c| Void280|Tira una moneda\n|\n|t:|1699913940\n|switch|p1a: \u00d1ami|Pinsir, F|100\/100\n|switch|p2a: Nito|Clodsire, F, shiny|100\/100\n|-damage|p2a: Nito|94\/100|[from] Stealth Rock\n|\n|-weather|RainDance|[upkeep]\n|-heal|p2a: Nito|100\/100|[from] item: Black Sludge\n|upkeep\n|turn|5\n|\n|t:|1699913948\n|detailschange|p1a: \u00d1ami|Pinsir-Mega, F\n|-mega|p1a: \u00d1ami|Pinsir|Pinsirite\n|move|p1a: \u00d1ami|Swords Dance|p1a: \u00d1ami\n|-boost|p1a: \u00d1ami|atk|2\n|move|p2a: Nito|Toxic|p1a: \u00d1ami\n|-status|p1a: \u00d1ami|tox\n|\n|-weather|none\n|-damage|p1a: \u00d1ami|95\/100 tox|[from] psn\n|upkeep\n|turn|6\n|\n|t:|1699913958\n|move|p1a: \u00d1ami|Frustration|p2a: Nito\n|-damage|p2a: Nito|0 fnt\n|faint|p2a: Nito\n|\n|-damage|p1a: \u00d1ami|83\/100 tox|[from] psn\n|upkeep\n|\n|t:|1699913965\n|switch|p2a: Garganacl|Garganacl, F|100\/100\n|-damage|p2a: Garganacl|88\/100|[from] Stealth Rock\n|turn|7\n|c|\u2606lolowtf09|tera volador?\n|c|\u2606lolowtf09|mmm\n|c|\u2606Danwine|yaa lolo\n|\n|t:|1699913988\n|-terastallize|p2a: Garganacl|Ghost\n|move|p1a: \u00d1ami|Earthquake|p2a: Garganacl\n|-damage|p2a: Garganacl|39\/100\n|move|p2a: Garganacl|Salt Cure|p1a: \u00d1ami\n|-supereffective|p1a: \u00d1ami\n|-damage|p1a: \u00d1ami|16\/100 tox\n|-start|p1a: \u00d1ami|Salt Cure\n|\n|-heal|p2a: Garganacl|45\/100|[from] item: Leftovers\n|-damage|p1a: \u00d1ami|0 fnt|[from] psn\n|faint|p1a: \u00d1ami\n|upkeep\n|c|\u2606Danwine|me pones nervioso\n|\n|t:|1699913995\n|switch|p1a: Galvantula|Galvantula, F, shiny, tera:Electric|42\/100\n|turn|8\n|\n|t:|1699914002\n|move|p1a: Galvantula|Thunder|p2a: Garganacl\n|-damage|p2a: Garganacl|2\/100\n|move|p2a: Garganacl|Recover|p2a: Garganacl\n|-heal|p2a: Garganacl|52\/100\n|\n|-heal|p2a: Garganacl|58\/100|[from] item: Leftovers\n|upkeep\n|turn|9\n|\n|t:|1699914010\n|move|p1a: Galvantula|Thunder|p2a: Garganacl\n|-damage|p2a: Garganacl|18\/100\n|move|p2a: Garganacl|Recover|p2a: Garganacl\n|-heal|p2a: Garganacl|68\/100\n|\n|-heal|p2a: Garganacl|74\/100|[from] item: Leftovers\n|upkeep\n|turn|10\n|c| Void280|Ish que asco\n|c|\u2606lolowtf09|paralizate\n|\n|t:|1699914019\n|move|p1a: Galvantula|Thunder|p2a: Garganacl\n|-damage|p2a: Garganacl|32\/100\n|move|p2a: Garganacl|Salt Cure|p1a: Galvantula\n|-damage|p1a: Galvantula|17\/100\n|-start|p1a: Galvantula|Salt Cure\n|\n|-heal|p2a: Garganacl|39\/100|[from] item: Leftovers\n|-damage|p1a: Galvantula|5\/100|[from] Salt Cure\n|upkeep\n|turn|11\n|\n|t:|1699914030\n|move|p1a: Galvantula|Thunder|p2a: Garganacl\n|-damage|p2a: Garganacl|0 fnt\n|faint|p2a: Garganacl\n|\n|-damage|p1a: Galvantula|0 fnt|[from] Salt Cure\n|faint|p1a: Galvantula\n|upkeep\n|c| Void280|Grande, ni un Trueno fall\u00f3\n|c|\u2606Danwine|ya vali\n|\n|t:|1699914047\n|switch|p1a: Rasca|Rabsca, M|100\/100\n|switch|p2a: Papu|Pelipper, M, shiny|84\/100\n|-weather|RainDance|[from] ability: Drizzle|[of] p2a: Papu\n|turn|12\n|c|\u2606Danwine|nooooo\n|c|\u2606Danwine|no revivas a pinsir\n|c| Void280|Quiero ver ese Dipplin\n|c|\u2606Danwine|te lo ruego\n|c|\u2606lolowtf09|que no dice\n|\n|t:|1699914066\n|move|p2a: Papu|Defog|p1a: Rasca\n|-unboost|p1a: Rasca|evasion|1\n|-sideend|p2: Danwine|Stealth Rock|[from] move: Defog|[of] p2a: Papu\n|move|p1a: Rasca|Revival Blessing|p1a: Rasca\n|c|\u2606lolowtf09|ja\n|\n|t:|1699914070\n|-heal|p1: \u00d1ami|50\/100|[from] move: Revival Blessing\n|\n|-weather|RainDance|[upkeep]\n|upkeep\n|turn|13\n|c|\u2606Danwine|noooooooo\n|c| Void280|XD\n|\n|t:|1699914078\n|move|p2a: Papu|Hurricane|p1a: Rasca\n|-supereffective|p1a: Rasca\n|-damage|p1a: Rasca|41\/100\n|move|p1a: Rasca|Light Screen|p1a: Rasca\n|-sidestart|p1: lolowtf09|move: Light Screen\n|\n|-weather|RainDance|[upkeep]\n|upkeep\n|turn|14\n|\n|t:|1699914085\n|move|p2a: Papu|Defog|p1a: Rasca\n|-unboost|p1a: Rasca|evasion|1\n|-sideend|p1: lolowtf09|move: Light Screen\n|move|p1a: Rasca|Psychic|p2a: Papu\n|-damage|p2a: Papu|19\/100\n|\n|-weather|RainDance|[upkeep]\n|upkeep\n|turn|15\n|\n|t:|1699914091\n|move|p2a: Papu|Hurricane|p1a: Rasca\n|-supereffective|p1a: Rasca\n|-damage|p1a: Rasca|0 fnt\n|faint|p1a: Rasca\n|\n|-weather|RainDance|[upkeep]\n|upkeep\n|\n|t:|1699914095\n|switch|p1a: \u00d1ami|Pinsir-Mega, F|50\/100\n|turn|16\n|\n|t:|1699914099\n|move|p1a: \u00d1ami|Quick Attack|p2a: Papu\n|-damage|p2a: Papu|0 fnt\n|faint|p2a: Papu\n|\n|-weather|none\n|upkeep\n|\n|t:|1699914105\n|switch|p2a: Aguadios|Bellibolt, F|100\/100\n|turn|17\n|j| Sylveon(404)\n|c|\u2606lolowtf09|mi manzana esta esperando su momento\n|\n|t:|1699914112\n|move|p1a: \u00d1ami|Earthquake|p2a: Aguadios\n|-supereffective|p2a: Aguadios\n|-damage|p2a: Aguadios|18\/100\n|-start|p2a: Aguadios|Charge|Earthquake|[from] ability: Electromorphosis\n|move|p2a: Aguadios|Thunderbolt|p1a: \u00d1ami\n|-supereffective|p1a: \u00d1ami\n|-damage|p1a: \u00d1ami|0 fnt\n|faint|p1a: \u00d1ami\n|-end|p2a: Aguadios|Charge|[silent]\n|\n|-heal|p2a: Aguadios|24\/100|[from] item: Leftovers\n|upkeep\n|\n|t:|1699914119\n|switch|p1a: CHUPA BULBAS|Heracross, M|100\/100\n|turn|18\n|\n|t:|1699914125\n|move|p1a: CHUPA BULBAS|Trailblaze|p2a: Aguadios\n|-damage|p2a: Aguadios|6\/100\n|-boost|p1a: CHUPA BULBAS|spe|1\n|-start|p2a: Aguadios|Charge|Trailblaze|[from] ability: Electromorphosis\n|move|p2a: Aguadios|Thunder Wave|p1a: CHUPA BULBAS\n|-status|p1a: CHUPA BULBAS|par\n|-end|p2a: Aguadios|Charge|[silent]\n|\n|-heal|p2a: Aguadios|12\/100|[from] item: Leftovers\n|upkeep\n|turn|19\n|\n|t:|1699914135\n|move|p1a: CHUPA BULBAS|Trailblaze|p2a: Aguadios\n|-damage|p2a: Aguadios|0 fnt\n|-boost|p1a: CHUPA BULBAS|spe|1\n|faint|p2a: Aguadios\n|\n|upkeep\n|\n|t:|1699914144\n|switch|p2a: Barb|Volcarona, M, shiny|42\/100\n|turn|20\n|\n|t:|1699914148\n|cant|p1a: CHUPA BULBAS|par\n|move|p2a: Barb|Fiery Dance|p1a: CHUPA BULBAS\n|-supereffective|p1a: CHUPA BULBAS\n|-damage|p1a: CHUPA BULBAS|0 fnt\n|-boost|p2a: Barb|spa|1\n|faint|p1a: CHUPA BULBAS\n|\n|upkeep\n|\n|t:|1699914153\n|switch|p1a: Manzaneta|Dipplin, F, shiny|100\/100\n|turn|21\n|c|\u2606lolowtf09|eso\n|c| Sylveon(404)|otia\n|c|\u2606Danwine|vamo\n|c|\u2606lolowtf09|matame\n|c|\u2606lolowtf09|hazlo\n|c| Sylveon(404)|dan va ganando?\n|c|\u2606Danwine|esta es la buena\n|c| Sylveon(404)|imposible\n|\n|t:|1699914170\n|move|p2a: Barb|Fiery Dance|p1a: Manzaneta\n|-damage|p1a: Manzaneta|56\/100\n|move|p1a: Manzaneta|Draco Meteor|p2a: Barb\n|-damage|p2a: Barb|5\/100\n|-unboost|p1a: Manzaneta|spa|2\n|\n|upkeep\n|turn|22\n|c| Void280|Con ese equipo deber\u00eda XD\n|\n|t:|1699914178\n|move|p2a: Barb|Fiery Dance|p1a: Manzaneta\n|-damage|p1a: Manzaneta|8\/100\n|move|p1a: Manzaneta|Recover|p1a: Manzaneta\n|-heal|p1a: Manzaneta|58\/100\n|\n|upkeep\n|turn|23\n|\n|t:|1699914183\n|move|p2a: Barb|Fiery Dance|p1a: Manzaneta\n|-damage|p1a: Manzaneta|10\/100\n|-boost|p2a: Barb|spa|1\n|move|p1a: Manzaneta|Recover|p1a: Manzaneta\n|-heal|p1a: Manzaneta|60\/100\n|\n|upkeep\n|turn|24\n|c| Sylveon(404)|GGS\n|\n|t:|1699914189\n|move|p2a: Barb|Fiery Dance|p1a: Manzaneta\n|-damage|p1a: Manzaneta|4\/100\n|move|p1a: Manzaneta|Recover|p1a: Manzaneta\n|-heal|p1a: Manzaneta|54\/100\n|\n|upkeep\n|turn|25\n|c| Void280|ggs\n|c| Sylveon(404)|GGS\n|\n|t:|1699914199\n|move|p2a: Barb|Fiery Dance|p1a: Manzaneta\n|-damage|p1a: Manzaneta|0 fnt\n|-boost|p2a: Barb|spa|1\n|faint|p1a: Manzaneta\n|\n|win|Danwine\n|c|\u2606lolowtf09|GGGGGGGGGGGGGGG\n|c|\u2606Danwine|siiiiii\n|l| Sylveon(404)\n|c|\u2606lolowtf09|ES00000000000\n|c|\u2606lolowtf09|PERRRRRRRRAAAAAAAAAAAA\n|c|\u2606Danwine|hijo de puta\n|c|\u2606lolowtf09|WAAAAAAAAAAPAAAAAAAAAA\n|c|\u2606lolowtf09|OLE TU CO\u00d1O\n|c|\u2606lolowtf09|SIIIII\n|l|\u2606Danwine\n|l| Void280\n|l|\u2606lolowtf09\n|j|\u2606lolowtf09\n|player|p1|lolowtf09|burgh\n","uploadtime":1699914206,"views":12,"p1id":"lolowtf09","p2id":"danwine","formatid":"gen9nationaldex","rating":0,"private":0,"password":""}