{"id":"gen9nationaldex-1996182561","p1":"qisama","p2":"just watch jojo","format":"[Gen 9] National Dex","log":"|html|<div class=\"broadcast-blue\"><strong>[Gen 9] National Dex is currently suspecting Sneasler! For information on how to participate check out the <a href=\"https:\/\/www.smogon.com\/forums\/threads\/sv-national-dex-suspect-8-just-dance.3731534\/\">suspect thread<\/a>.<\/strong><\/div>\n|j|\u2606qisama\n|j|\u2606just watch jojo\n|t:|1700656124\n|gametype|singles\n|player|p1|qisama|winona|1518\n|player|p2|just watch jojo|169|1755\n|teamsize|p1|6\n|teamsize|p2|6\n|gen|9\n|tier|[Gen 9] National Dex\n|rated|\n|rule|HP Percentage Mod: HP is shown in percentages\n|rule|Endless Battle Clause: Forcing endless battles is banned\n|rule|OHKO Clause: OHKO moves are banned\n|rule|Evasion Clause: Evasion abilities, items, and moves are banned\n|rule|Evasion Abilities Clause: Evasion abilities are banned\n|rule|Evasion Items Clause: Evasion items are banned\n|rule|Evasion Moves Clause: Evasion moves are banned\n|rule|Species Clause: Limit one of each Pok\u00e9mon\n|rule|Sleep Clause Mod: Limit one foe put to sleep\n|clearpoke\n|poke|p1|Iron Valiant|\n|poke|p1|Pinsir, F|\n|poke|p1|Ogerpon-Wellspring, F|\n|poke|p1|Tapu Lele|\n|poke|p1|Zapdos-Galar|\n|poke|p1|Iron Treads|\n|poke|p2|Alomomola, F|\n|poke|p2|Slowking-Galar, M|\n|poke|p2|Gliscor, M|\n|poke|p2|Tyranitar, F|\n|poke|p2|Ferrothorn, M|\n|poke|p2|Tornadus-Therian, M|\n|teampreview\n|inactive|Battle timer is ON: inactive players will automatically lose when time's up. (requested by qisama)\n|\n|t:|1700656140\n|start\n|switch|p1a: Ogerpon|Ogerpon-Wellspring, F|100\/100\n|switch|p2a: Tornadus|Tornadus-Therian, M|100\/100\n|turn|1\n|\n|t:|1700656149\n|switch|p1a: Iron Treads|Iron Treads|100\/100\n|move|p2a: Tornadus|Hurricane|p1a: Iron Treads|[miss]\n|-miss|p2a: Tornadus|p1a: Iron Treads\n|\n|upkeep\n|turn|2\n|\n|t:|1700656154\n|move|p2a: Tornadus|Focus Blast|p1a: Iron Treads|[miss]\n|-miss|p2a: Tornadus|p1a: Iron Treads\n|move|p1a: Iron Treads|Stealth Rock|p2a: Tornadus\n|-sidestart|p2: just watch jojo|move: Stealth Rock\n|\n|upkeep\n|turn|3\n|\n|t:|1700656157\n|move|p2a: Tornadus|Focus Blast|p1a: Iron Treads\n|-supereffective|p1a: Iron Treads\n|-damage|p1a: Iron Treads|3\/100\n|move|p1a: Iron Treads|Rapid Spin|p2a: Tornadus\n|-damage|p2a: Tornadus|82\/100\n|-boost|p1a: Iron Treads|spe|1\n|\n|upkeep\n|turn|4\n|\n|t:|1700656164\n|move|p1a: Iron Treads|Endeavor|p2a: Tornadus\n|-damage|p2a: Tornadus|3\/100\n|move|p2a: Tornadus|Defog|p1a: Iron Treads\n|-unboost|p1a: Iron Treads|evasion|1\n|-sideend|p2: just watch jojo|Stealth Rock|[from] move: Defog|[of] p2a: Tornadus\n|\n|upkeep\n|turn|5\n|\n|t:|1700656173\n|move|p1a: Iron Treads|Rapid Spin|p2a: Tornadus\n|-damage|p2a: Tornadus|0 fnt\n|-boost|p1a: Iron Treads|spe|1\n|faint|p2a: Tornadus\n|\n|upkeep\n|\n|t:|1700656179\n|switch|p2a: Alomomola|Alomomola, F|100\/100\n|turn|6\n|\n|t:|1700656187\n|move|p1a: Iron Treads|Endeavor|p2a: Alomomola\n|-damage|p2a: Alomomola|2\/100\n|move|p2a: Alomomola|Flip Turn|p1a: Iron Treads\n|-supereffective|p1a: Iron Treads\n|-damage|p1a: Iron Treads|0 fnt\n|faint|p1a: Iron Treads\n|-end|p1a: Iron Treads|Quark Drive|[silent]\n|\n|t:|1700656191\n|switch|p2a: Gliscor|Gliscor, M|100\/100|[from] Flip Turn\n|\n|-status|p2a: Gliscor|tox|[from] item: Toxic Orb\n|upkeep\n|\n|t:|1700656195\n|switch|p1a: Ogerpon|Ogerpon-Wellspring, F|100\/100\n|turn|7\n|\n|t:|1700656197\n|switch|p2a: Ferrothorn|Ferrothorn, M|100\/100\n|move|p1a: Ogerpon|Taunt|p2a: Ferrothorn\n|-start|p2a: Ferrothorn|move: Taunt\n|\n|upkeep\n|turn|8\n|\n|t:|1700656205\n|switch|p1a: Zapdos|Zapdos-Galar|100\/100\n|move|p2a: Ferrothorn|Power Whip|p1a: Zapdos|[miss]\n|-miss|p2a: Ferrothorn|p1a: Zapdos\n|\n|upkeep\n|turn|9\n|\n|t:|1700656213\n|switch|p2a: Slowking|Slowking-Galar, M|100\/100\n|move|p1a: Zapdos|Knock Off|p2a: Slowking\n|-supereffective|p2a: Slowking\n|-damage|p2a: Slowking|0 fnt\n|-enditem|p2a: Slowking|Heavy-Duty Boots|[from] move: Knock Off|[of] p1a: Zapdos\n|faint|p2a: Slowking\n|\n|upkeep\n|\n|t:|1700656216\n|switch|p2a: Tyranitar|Tyranitar, F|100\/100\n|-weather|Sandstorm|[from] ability: Sand Stream|[of] p2a: Tyranitar\n|turn|10\n|\n|t:|1700656223\n|switch|p1a: Iron Valiant|Iron Valiant|100\/100\n|-enditem|p1a: Iron Valiant|Booster Energy\n|-activate|p1a: Iron Valiant|ability: Quark Drive|[fromitem]\n|-start|p1a: Iron Valiant|quarkdrivespe\n|detailschange|p2a: Tyranitar|Tyranitar-Mega, F\n|-mega|p2a: Tyranitar|Tyranitar|Tyranitarite\n|move|p2a: Tyranitar|Stealth Rock|p1a: Iron Valiant\n|-sidestart|p1: qisama|move: Stealth Rock\n|\n|-weather|Sandstorm|[upkeep]\n|-damage|p1a: Iron Valiant|94\/100|[from] Sandstorm\n|upkeep\n|turn|11\n|\n|t:|1700656231\n|switch|p2a: Gliscor|Gliscor, M|100\/100 tox\n|move|p1a: Iron Valiant|Moonblast|p2a: Gliscor\n|-damage|p2a: Gliscor|58\/100 tox\n|-unboost|p2a: Gliscor|spa|1\n|\n|-weather|Sandstorm|[upkeep]\n|-damage|p1a: Iron Valiant|88\/100|[from] Sandstorm\n|-heal|p2a: Gliscor|71\/100 tox|[from] ability: Poison Heal\n|upkeep\n|turn|12\n|\n|t:|1700656244\n|move|p1a: Iron Valiant|Moonblast|p2a: Gliscor\n|-damage|p2a: Gliscor|34\/100 tox\n|move|p2a: Gliscor|Roost|p2a: Gliscor\n|-heal|p2a: Gliscor|84\/100 tox\n|-singleturn|p2a: Gliscor|move: Roost\n|\n|-weather|Sandstorm|[upkeep]\n|-damage|p1a: Iron Valiant|82\/100|[from] Sandstorm\n|-heal|p2a: Gliscor|97\/100 tox|[from] ability: Poison Heal\n|upkeep\n|turn|13\n|\n|t:|1700656250\n|-end|p1a: Iron Valiant|Quark Drive|[silent]\n|switch|p1a: Ogerpon|Ogerpon-Wellspring, F|100\/100\n|-damage|p1a: Ogerpon|88\/100|[from] Stealth Rock\n|move|p2a: Gliscor|Facade|p1a: Ogerpon\n|-damage|p1a: Ogerpon|48\/100\n|\n|-weather|Sandstorm|[upkeep]\n|-damage|p1a: Ogerpon|42\/100|[from] Sandstorm\n|-heal|p2a: Gliscor|100\/100 tox|[from] ability: Poison Heal\n|upkeep\n|turn|14\n|\n|t:|1700656255\n|switch|p2a: Ferrothorn|Ferrothorn, M|100\/100\n|move|p1a: Ogerpon|Taunt|p2a: Ferrothorn\n|-start|p2a: Ferrothorn|move: Taunt\n|\n|-weather|none\n|upkeep\n|turn|15\n|\n|t:|1700656261\n|switch|p1a: Zapdos|Zapdos-Galar|100\/100\n|-damage|p1a: Zapdos|88\/100|[from] Stealth Rock\n|move|p2a: Ferrothorn|Knock Off|p1a: Zapdos\n|-resisted|p1a: Zapdos\n|-damage|p1a: Zapdos|76\/100\n|-enditem|p1a: Zapdos|Choice Band|[from] move: Knock Off|[of] p2a: Ferrothorn\n|\n|upkeep\n|turn|16\n|\n|t:|1700656264\n|switch|p2a: Gliscor|Gliscor, M|100\/100 tox\n|move|p1a: Zapdos|Thunderous Kick|p2a: Gliscor\n|-resisted|p2a: Gliscor\n|-crit|p2a: Gliscor\n|-damage|p2a: Gliscor|71\/100 tox\n|-unboost|p2a: Gliscor|def|1\n|\n|-heal|p2a: Gliscor|84\/100 tox|[from] ability: Poison Heal\n|upkeep\n|turn|17\n|\n|t:|1700656274\n|move|p1a: Zapdos|Thunderous Kick|p2a: Gliscor\n|-resisted|p2a: Gliscor\n|-damage|p2a: Gliscor|55\/100 tox\n|-unboost|p2a: Gliscor|def|1\n|move|p2a: Gliscor|Roost|p2a: Gliscor\n|-heal|p2a: Gliscor|100\/100 tox\n|-singleturn|p2a: Gliscor|move: Roost\n|\n|upkeep\n|turn|18\n|\n|t:|1700656279\n|switch|p2a: Ferrothorn|Ferrothorn, M|100\/100\n|move|p1a: Zapdos|Thunderous Kick|p2a: Ferrothorn\n|-supereffective|p2a: Ferrothorn\n|-damage|p2a: Ferrothorn|33\/100\n|-unboost|p2a: Ferrothorn|def|1\n|-damage|p1a: Zapdos|63\/100|[from] ability: Iron Barbs|[of] p2a: Ferrothorn\n|\n|-heal|p2a: Ferrothorn|40\/100|[from] item: Leftovers\n|upkeep\n|turn|19\n|\n|t:|1700656285\n|switch|p2a: Gliscor|Gliscor, M|100\/100 tox\n|move|p1a: Zapdos|Thunderous Kick|p2a: Gliscor\n|-resisted|p2a: Gliscor\n|-damage|p2a: Gliscor|80\/100 tox\n|-unboost|p2a: Gliscor|def|1\n|\n|-heal|p2a: Gliscor|93\/100 tox|[from] ability: Poison Heal\n|upkeep\n|turn|20\n|\n|t:|1700656288\n|move|p1a: Zapdos|Thunderous Kick|p2a: Gliscor\n|-resisted|p2a: Gliscor\n|-damage|p2a: Gliscor|61\/100 tox\n|-unboost|p2a: Gliscor|def|1\n|move|p2a: Gliscor|Facade|p1a: Zapdos\n|-damage|p1a: Zapdos|30\/100\n|\n|-heal|p2a: Gliscor|74\/100 tox|[from] ability: Poison Heal\n|upkeep\n|turn|21\n|\n|t:|1700656291\n|move|p1a: Zapdos|Thunderous Kick|p2a: Gliscor\n|-resisted|p2a: Gliscor\n|-damage|p2a: Gliscor|35\/100 tox\n|-unboost|p2a: Gliscor|def|1\n|move|p2a: Gliscor|Facade|p1a: Zapdos\n|-damage|p1a: Zapdos|0 fnt\n|faint|p1a: Zapdos\n|\n|-heal|p2a: Gliscor|47\/100 tox|[from] ability: Poison Heal\n|upkeep\n|\n|t:|1700656300\n|switch|p1a: Pinsir|Pinsir, F|100\/100\n|-damage|p1a: Pinsir|76\/100|[from] Stealth Rock\n|turn|22\n|\n|t:|1700656303\n|switch|p2a: Tyranitar|Tyranitar-Mega, F|100\/100\n|-weather|Sandstorm|[from] ability: Sand Stream|[of] p2a: Tyranitar\n|detailschange|p1a: Pinsir|Pinsir-Mega, F\n|-mega|p1a: Pinsir|Pinsir|Pinsirite\n|move|p1a: Pinsir|Swords Dance|p1a: Pinsir\n|-boost|p1a: Pinsir|atk|2\n|\n|-weather|Sandstorm|[upkeep]\n|-damage|p1a: Pinsir|70\/100|[from] Sandstorm\n|upkeep\n|turn|23\n|\n|t:|1700656307\n|move|p1a: Pinsir|Close Combat|p2a: Tyranitar\n|-supereffective|p2a: Tyranitar\n|-damage|p2a: Tyranitar|0 fnt\n|-unboost|p1a: Pinsir|def|1\n|-unboost|p1a: Pinsir|spd|1\n|faint|p2a: Tyranitar\n|\n|-weather|Sandstorm|[upkeep]\n|-damage|p1a: Pinsir|64\/100|[from] Sandstorm\n|upkeep\n|-message|just watch jojo forfeited.\n|\n|win|qisama\n|raw|qisama's rating: 1518 &rarr; <strong>1550<\/strong><br \/>(+32 for winning)\n|raw|just watch jojo's rating: 1755 &rarr; <strong>1723<\/strong><br \/>(-32 for losing)\n|l|\u2606just watch jojo\n","uploadtime":1700656316,"views":0,"p1id":"qisama","p2id":"justwatchjojo","formatid":"gen9nationaldex","rating":1550,"private":0,"password":""}