{"id":"gen9nationaldex-2000065667","p1":"turtle lover 069","p2":"Nigg4Gamer","format":"[Gen 9] National Dex","log":"|html|<div class=\"broadcast-blue\"><strong>[Gen 9] National Dex is currently suspecting Sneasler! For information on how to participate check out the <a href=\"https:\/\/www.smogon.com\/forums\/threads\/sv-national-dex-suspect-8-just-dance.3731534\/\">suspect thread<\/a>.<\/strong><\/div>\n|j|\u2606turtle lover 069\n|j|\u2606Nigg4Gamer\n|t:|1701148588\n|gametype|singles\n|player|p1|turtle lover 069|cheryl|\n|player|p2|Nigg4Gamer|artist|\n|teamsize|p1|6\n|teamsize|p2|6\n|gen|9\n|tier|[Gen 9] National Dex\n|rule|HP Percentage Mod: HP is shown in percentages\n|rule|Endless Battle Clause: Forcing endless battles is banned\n|rule|OHKO Clause: OHKO moves are banned\n|rule|Evasion Clause: Evasion abilities, items, and moves are banned\n|rule|Evasion Abilities Clause: Evasion abilities are banned\n|rule|Evasion Items Clause: Evasion items are banned\n|rule|Evasion Moves Clause: Evasion moves are banned\n|rule|Species Clause: Limit one of each Pok\u00e9mon\n|rule|Sleep Clause Mod: Limit one foe put to sleep\n|clearpoke\n|poke|p1|Charizard, F|\n|poke|p1|Hatterene, F|\n|poke|p1|Great Tusk|\n|poke|p1|Venusaur, M|\n|poke|p1|Heatran, M|\n|poke|p1|Ninetales, F|\n|poke|p2|Heatran, M|\n|poke|p2|Keldeo|\n|poke|p2|Rotom-Wash|\n|poke|p2|Zamazenta-*|\n|poke|p2|Venusaur, F|\n|poke|p2|Articuno|\n|teampreview\n|inactive|Battle timer is ON: inactive players will automatically lose when time's up. (requested by turtle lover 069)\n|\n|t:|1701148612\n|start\n|switch|p1a: Charizard|Charizard, F|100\/100\n|switch|p2a: Venusaur|Venusaur, F|100\/100\n|turn|1\n|\n|t:|1701148632\n|switch|p2a: Keldeo|Keldeo|100\/100\n|detailschange|p1a: Charizard|Charizard-Mega-Y, F\n|-mega|p1a: Charizard|Charizard|Charizardite Y\n|-weather|SunnyDay|[from] ability: Drought|[of] p1a: Charizard\n|move|p1a: Charizard|Flamethrower|p2a: Keldeo\n|-resisted|p2a: Keldeo\n|-damage|p2a: Keldeo|61\/100\n|\n|-weather|SunnyDay|[upkeep]\n|upkeep\n|turn|2\n|\n|t:|1701148643\n|-terastallize|p2a: Keldeo|Water\n|move|p1a: Charizard|Solar Beam||[still]\n|-prepare|p1a: Charizard|Solar Beam\n|-anim|p1a: Charizard|Solar Beam|p2a: Keldeo\n|-supereffective|p2a: Keldeo\n|-damage|p2a: Keldeo|0 fnt\n|faint|p2a: Keldeo\n|\n|-weather|SunnyDay|[upkeep]\n|upkeep\n|\n|t:|1701148658\n|switch|p2a: Zamazenta|Zamazenta|100\/100\n|-ability|p2a: Zamazenta|Dauntless Shield|boost\n|-boost|p2a: Zamazenta|def|1\n|turn|3\n|\n|t:|1701148663\n|move|p1a: Charizard|Flamethrower|p2a: Zamazenta\n|-damage|p2a: Zamazenta|26\/100\n|move|p2a: Zamazenta|Body Press|p1a: Charizard\n|-resisted|p1a: Charizard\n|-damage|p1a: Charizard|62\/100\n|\n|-weather|SunnyDay|[upkeep]\n|upkeep\n|turn|4\n|\n|t:|1701148669\n|move|p1a: Charizard|Flamethrower|p2a: Zamazenta\n|-damage|p2a: Zamazenta|0 fnt\n|faint|p2a: Zamazenta\n|\n|-weather|SunnyDay|[upkeep]\n|upkeep\n|\n|t:|1701148675\n|switch|p2a: Rotom|Rotom-Wash|100\/100\n|turn|5\n|\n|t:|1701148681\n|move|p1a: Charizard|Solar Beam||[still]\n|-prepare|p1a: Charizard|Solar Beam\n|-anim|p1a: Charizard|Solar Beam|p2a: Rotom\n|-supereffective|p2a: Rotom\n|-damage|p2a: Rotom|0 fnt\n|faint|p2a: Rotom\n|\n|-weather|none\n|upkeep\n|\n|t:|1701148686\n|switch|p2a: Venusaur|Venusaur, F|100\/100\n|turn|6\n|\n|t:|1701148690\n|switch|p1a: Ninetales|Ninetales, F|100\/100\n|-weather|SunnyDay|[from] ability: Drought|[of] p1a: Ninetales\n|move|p2a: Venusaur|Body Slam|p1a: Ninetales\n|-damage|p1a: Ninetales|76\/100\n|\n|-weather|SunnyDay|[upkeep]\n|upkeep\n|turn|7\n|\n|t:|1701148706\n|detailschange|p2a: Venusaur|Venusaur-Mega, F\n|-mega|p2a: Venusaur|Venusaur|Venusaurite\n|move|p1a: Ninetales|Flamethrower|p2a: Venusaur\n|-supereffective|p2a: Venusaur\n|-damage|p2a: Venusaur|68\/100\n|move|p2a: Venusaur|Earthquake|p1a: Ninetales\n|-supereffective|p1a: Ninetales\n|-damage|p1a: Ninetales|18\/100\n|\n|-weather|SunnyDay|[upkeep]\n|upkeep\n|turn|8\n|\n|t:|1701148716\n|move|p1a: Ninetales|Memento|p2a: Venusaur\n|-unboost|p2a: Venusaur|atk|2\n|-unboost|p2a: Venusaur|spa|2\n|faint|p1a: Ninetales\n|move|p2a: Venusaur|Earthquake|p1: Ninetales|[notarget]\n|-fail|p2a: Venusaur\n|\n|-weather|SunnyDay|[upkeep]\n|upkeep\n|\n|t:|1701148733\n|switch|p1a: Venusaur|Venusaur, M|100\/100\n|turn|9\n|\n|t:|1701148740\n|move|p1a: Venusaur|Weather Ball|p2a: Venusaur\n|-supereffective|p2a: Venusaur\n|-damage|p2a: Venusaur|20\/100\n|-damage|p1a: Venusaur|91\/100|[from] item: Life Orb\n|move|p2a: Venusaur|Earthquake|p1a: Venusaur\n|-damage|p1a: Venusaur|73\/100\n|\n|-weather|SunnyDay|[upkeep]\n|upkeep\n|turn|10\n|\n|t:|1701148745\n|switch|p2a: Heatran|Heatran, M|100\/100\n|move|p1a: Venusaur|Weather Ball|p2a: Heatran\n|-start|p2a: Heatran|ability: Flash Fire\n|\n|-weather|SunnyDay|[upkeep]\n|upkeep\n|turn|11\n|\n|t:|1701148757\n|switch|p1a: Hatterene|Hatterene, F|100\/100\n|move|p2a: Heatran|Eruption|p1a: Hatterene\n|-damage|p1a: Hatterene|0 fnt\n|faint|p1a: Hatterene\n|\n|-weather|SunnyDay|[upkeep]\n|upkeep\n|\n|t:|1701148762\n|switch|p1a: Great Tusk|Great Tusk|100\/100\n|-activate|p1a: Great Tusk|ability: Protosynthesis\n|-start|p1a: Great Tusk|protosynthesisdef\n|turn|12\n|\n|t:|1701148781\n|move|p1a: Great Tusk|Earthquake|p2a: Heatran\n|-supereffective|p2a: Heatran\n|-damage|p2a: Heatran|0 fnt\n|faint|p2a: Heatran\n|\n|-weather|SunnyDay|[upkeep]\n|upkeep\n|\n|t:|1701148787\n|switch|p2a: Articuno|Articuno|100\/100\n|-ability|p2a: Articuno|Pressure\n|turn|13\n|\n|t:|1701148803\n|-terastallize|p1a: Great Tusk|Steel\n|move|p2a: Articuno|Blizzard|p1a: Great Tusk|[miss]\n|-miss|p2a: Articuno|p1a: Great Tusk\n|move|p1a: Great Tusk|Body Press|p2a: Articuno\n|-damage|p2a: Articuno|58\/100\n|\n|-weather|none\n|-end|p1a: Great Tusk|Protosynthesis\n|upkeep\n|turn|14\n|\n|t:|1701148811\n|move|p2a: Articuno|Air Slash|p1a: Great Tusk\n|-resisted|p1a: Great Tusk\n|-damage|p1a: Great Tusk|84\/100\n|move|p1a: Great Tusk|Bulk Up|p1a: Great Tusk\n|-boost|p1a: Great Tusk|atk|1\n|-boost|p1a: Great Tusk|def|1\n|\n|upkeep\n|turn|15\n|\n|t:|1701148816\n|move|p2a: Articuno|Air Slash|p1a: Great Tusk\n|-resisted|p1a: Great Tusk\n|-damage|p1a: Great Tusk|65\/100\n|cant|p1a: Great Tusk|flinch\n|\n|upkeep\n|turn|16\n|\n|t:|1701148821\n|move|p2a: Articuno|Blizzard|p1a: Great Tusk\n|-resisted|p1a: Great Tusk\n|-damage|p1a: Great Tusk|41\/100\n|move|p1a: Great Tusk|Rapid Spin|p2a: Articuno\n|-damage|p2a: Articuno|40\/100\n|-boost|p1a: Great Tusk|spe|1\n|\n|upkeep\n|turn|17\n|\n|t:|1701148828\n|move|p1a: Great Tusk|Bulk Up|p1a: Great Tusk\n|-boost|p1a: Great Tusk|atk|1\n|-boost|p1a: Great Tusk|def|1\n|move|p2a: Articuno|Avalanche|p1a: Great Tusk\n|-resisted|p1a: Great Tusk\n|-damage|p1a: Great Tusk|39\/100\n|\n|upkeep\n|turn|18\n|\n|t:|1701148832\n|move|p1a: Great Tusk|Bulk Up|p1a: Great Tusk\n|-boost|p1a: Great Tusk|atk|1\n|-boost|p1a: Great Tusk|def|1\n|move|p2a: Articuno|Air Slash|p1a: Great Tusk\n|-resisted|p1a: Great Tusk\n|-damage|p1a: Great Tusk|21\/100\n|\n|upkeep\n|turn|19\n|\n|t:|1701148838\n|move|p1a: Great Tusk|Body Press|p2a: Articuno\n|-damage|p2a: Articuno|0 fnt\n|faint|p2a: Articuno\n|\n|upkeep\n|\n|t:|1701148842\n|switch|p2a: Venusaur|Venusaur-Mega, F|20\/100\n|turn|20\n|\n|t:|1701148850\n|move|p1a: Great Tusk|Earthquake|p2a: Venusaur\n|-damage|p2a: Venusaur|0 fnt\n|faint|p2a: Venusaur\n|\n|win|turtle lover 069\n","uploadtime":1701148857,"views":1,"p1id":"turtlelover069","p2id":"nigg4gamer","formatid":"gen9nationaldex","rating":0,"private":0,"password":""}