{"id":"gen9nationaldex-1996020747","p1":"Viruskilleryt2","p2":"DARK03_YT","format":"[Gen 9] National Dex","log":"|html|<div class=\"broadcast-blue\"><strong>[Gen 9] National Dex is currently suspecting Sneasler! For information on how to participate check out the <a href=\"https:\/\/www.smogon.com\/forums\/threads\/sv-national-dex-suspect-8-just-dance.3731534\/\">suspect thread<\/a>.<\/strong><\/div>\n|j|\u2606Viruskilleryt2\n|j|\u2606DARK03_YT\n|t:|1700630504\n|gametype|singles\n|player|p1|Viruskilleryt2|red|1077\n|player|p2|DARK03_YT|101|1154\n|teamsize|p1|6\n|teamsize|p2|6\n|gen|9\n|tier|[Gen 9] National Dex\n|rated|\n|rule|HP Percentage Mod: HP is shown in percentages\n|rule|Endless Battle Clause: Forcing endless battles is banned\n|rule|OHKO Clause: OHKO moves are banned\n|rule|Evasion Clause: Evasion abilities, items, and moves are banned\n|rule|Evasion Abilities Clause: Evasion abilities are banned\n|rule|Evasion Items Clause: Evasion items are banned\n|rule|Evasion Moves Clause: Evasion moves are banned\n|rule|Species Clause: Limit one of each Pok\u00e9mon\n|rule|Sleep Clause Mod: Limit one foe put to sleep\n|clearpoke\n|poke|p1|Krookodile, F|\n|poke|p1|Greninja-*, F|\n|poke|p1|Charizard, F|\n|poke|p1|Kleavor, F|\n|poke|p1|Sceptile, F|\n|poke|p1|Toxtricity, F|\n|poke|p2|Pikachu-Kalos, M|\n|poke|p2|Dragonite, M|\n|poke|p2|Gengar, F|\n|poke|p2|Lucario, M|\n|poke|p2|Sirfetch\u2019d, M|\n|poke|p2|Greninja-*, M|\n|teampreview\n|c|\u2606Viruskilleryt2|Ash\u2019s team?\n|inactive|Battle timer is ON: inactive players will automatically lose when time's up. (requested by DARK03_YT)\n|\n|t:|1700630528\n|start\n|switch|p1a: the rockler|Kleavor, F|100\/100\n|switch|p2a: Greninja|Greninja, M|100\/100\n|turn|1\n|c|\u2606DARK03_YT|yes\n|c|\u2606Viruskilleryt2|nice\n|\n|t:|1700630549\n|move|p2a: Greninja|Hydro Pump|p1a: the rockler\n|-start|p2a: Greninja|typechange|Water|[from] ability: Protean\n|-supereffective|p1a: the rockler\n|-damage|p1a: the rockler|0 fnt\n|faint|p1a: the rockler\n|-damage|p2a: Greninja|91\/100|[from] item: Life Orb\n|\n|upkeep\n|\n|t:|1700630556\n|switch|p1a: Staticuranium|Toxtricity, F, shiny|100\/100\n|turn|2\n|\n|t:|1700630574\n|switch|p2a: Dragonite|Dragonite, M|100\/100\n|move|p1a: Staticuranium|Shift Gear|p1a: Staticuranium\n|-boost|p1a: Staticuranium|spe|2\n|-boost|p1a: Staticuranium|atk|1\n|\n|upkeep\n|turn|3\n|\n|t:|1700630583\n|-terastallize|p1a: Staticuranium|Normal\n|-terastallize|p2a: Dragonite|Ground\n|move|p1a: Staticuranium|Boomburst|p2a: Dragonite\n|-damage|p2a: Dragonite|64\/100\n|-enditem|p1a: Staticuranium|Throat Spray\n|-boost|p1a: Staticuranium|spa|1|[from] item: Throat Spray\n|move|p2a: Dragonite|Earthquake|p1a: Staticuranium\n|-damage|p1a: Staticuranium|41\/100\n|\n|upkeep\n|turn|4\n|\n|t:|1700630594\n|move|p1a: Staticuranium|Boomburst|p2a: Dragonite\n|-damage|p2a: Dragonite|0 fnt\n|faint|p2a: Dragonite\n|\n|upkeep\n|inactive|DARK03_YT has 120 seconds left.\n|\n|t:|1700630621\n|switch|p2a: Sirfetch\u2019d|Sirfetch\u2019d, M|100\/100\n|turn|5\n|inactive|DARK03_YT has 120 seconds left.\n|\n|t:|1700630626\n|move|p1a: Staticuranium|Boomburst|p2a: Sirfetch\u2019d\n|-damage|p2a: Sirfetch\u2019d|0 fnt\n|faint|p2a: Sirfetch\u2019d\n|\n|upkeep\n|\n|t:|1700630630\n|switch|p2a: Gengar|Gengar, F, shiny|100\/100\n|turn|6\n|c|\u2606Viruskilleryt2|You could\u2019ve used gengar first\n|\n|t:|1700630643\n|move|p1a: Staticuranium|Discharge|p2a: Gengar\n|-damage|p2a: Gengar|13\/100\n|move|p2a: Gengar|Sludge Wave|p1a: Staticuranium\n|-damage|p1a: Staticuranium|0 fnt\n|faint|p1a: Staticuranium\n|\n|-heal|p2a: Gengar|19\/100|[from] item: Leftovers\n|upkeep\n|\n|t:|1700630650\n|switch|p1a: slash|Sceptile, F|100\/100\n|turn|7\n|\n|t:|1700630664\n|move|p1a: slash|Endure|p1a: slash\n|-singleturn|p1a: slash|move: Endure\n|move|p2a: Gengar|Sludge Wave|p1a: slash\n|-supereffective|p1a: slash\n|-activate|p1a: slash|move: Endure\n|-damage|p1a: slash|1\/100\n|-status|p1a: slash|psn\n|-enditem|p1a: slash|Weakness Policy\n|-boost|p1a: slash|atk|2|[from] item: Weakness Policy\n|-boost|p1a: slash|spa|2|[from] item: Weakness Policy\n|\n|-heal|p2a: Gengar|25\/100|[from] item: Leftovers\n|-damage|p1a: slash|0 fnt|[from] psn\n|faint|p1a: slash\n|upkeep\n|c|\u2606Viruskilleryt2|Bro it\u2019s always burn or posion\n|c|\u2606Viruskilleryt2|and again my ability didn\u2019t activate?\n|\n|t:|1700630691\n|switch|p1a: raxter|Krookodile, F|100\/100\n|turn|8\n|c|\u2606DARK03_YT|if I thought about it late\n|inactive|DARK03_YT has 120 seconds left.\n|\n|t:|1700630734\n|move|p2a: Gengar|Focus Blast|p1a: raxter\n|-supereffective|p1a: raxter\n|-damage|p1a: raxter|0 fnt\n|faint|p1a: raxter\n|\n|-heal|p2a: Gengar|31\/100|[from] item: Leftovers\n|upkeep\n|\n|t:|1700630743\n|switch|p1a: Charcoal|Charizard, F|100\/100\n|turn|9\n|c|\u2606Viruskilleryt2|That was a fast Chonky ghost\n|inactive|Viruskilleryt2 has 120 seconds left.\n|\n|t:|1700630766\n|detailschange|p1a: Charcoal|Charizard-Mega-Y, F\n|-mega|p1a: Charcoal|Charizard|Charizardite Y\n|-weather|SunnyDay|[from] ability: Drought|[of] p1a: Charcoal\n|move|p2a: Gengar|Thunderbolt|p1a: Charcoal\n|-supereffective|p1a: Charcoal\n|-damage|p1a: Charcoal|48\/100\n|move|p1a: Charcoal|Flamethrower|p2a: Gengar\n|-damage|p2a: Gengar|0 fnt\n|-start|p1a: Charcoal|Disable|Flamethrower|[from] ability: Cursed Body|[of] p2a: Gengar\n|faint|p2a: Gengar\n|\n|-weather|SunnyDay|[upkeep]\n|upkeep\n|c|\u2606DARK03_YT|kssksksksks\n|c|\u2606Viruskilleryt2|U win I believe so gg\n|inactive|DARK03_YT has 90 seconds left.\n|\n|t:|1700630797\n|switch|p2a: Pikachu|Pikachu-Kalos, M|100\/100\n|turn|10\n|inactive|DARK03_YT has 90 seconds left.\n|c|\u2606DARK03_YT|apparently but you never know\n|\n|t:|1700630827\n|move|p2a: Pikachu|Thunderbolt|p1a: Charcoal\n|-supereffective|p1a: Charcoal\n|-damage|p1a: Charcoal|0 fnt\n|faint|p1a: Charcoal\n|\n|-weather|SunnyDay|[upkeep]\n|upkeep\n|\n|t:|1700630832\n|switch|p1a: storm|Greninja, F|100\/100\n|turn|11\n|c|\u2606Viruskilleryt2|Lol\n|c|\u2606Viruskilleryt2|i still think I\u2019m losing\n|\n|t:|1700630852\n|move|p1a: storm|Surf|p2a: Pikachu\n|-start|p1a: storm|typechange|Water|[from] ability: Protean\n|-damage|p2a: Pikachu|52\/100\n|move|p2a: Pikachu|Thunderbolt|p1a: storm\n|-supereffective|p1a: storm\n|-damage|p1a: storm|0 fnt\n|faint|p1a: storm\n|\n|win|DARK03_YT\n|raw|Viruskilleryt2's rating: 1077 &rarr; <strong>1060<\/strong><br \/>(-17 for losing)\n|raw|DARK03_YT's rating: 1154 &rarr; <strong>1174<\/strong><br \/>(+20 for winning)\n|c|\u2606Viruskilleryt2|Yeah fg\n|c|\u2606Viruskilleryt2|gg\n","uploadtime":1700630863,"views":0,"p1id":"viruskilleryt2","p2id":"dark03yt","formatid":"gen9nationaldex","rating":1060,"private":0,"password":""}