{"id":"gen9nationaldex-1996123012","p1":"Super Chinois","p2":"BigG5","format":"[Gen 9] National Dex","log":"|html|<div class=\"broadcast-blue\"><strong>[Gen 9] National Dex is currently suspecting Sneasler! For information on how to participate check out the <a href=\"https:\/\/www.smogon.com\/forums\/threads\/sv-national-dex-suspect-8-just-dance.3731534\/\">suspect thread<\/a>.<\/strong><\/div>\n|j|\u2606Super Chinois\n|j|\u2606BigG5\n|t:|1700647640\n|gametype|singles\n|player|p1|Super Chinois|alec-anime|1627\n|player|p2|BigG5|170|1596\n|teamsize|p1|6\n|teamsize|p2|6\n|gen|9\n|tier|[Gen 9] National Dex\n|rated|\n|rule|HP Percentage Mod: HP is shown in percentages\n|rule|Endless Battle Clause: Forcing endless battles is banned\n|rule|OHKO Clause: OHKO moves are banned\n|rule|Evasion Clause: Evasion abilities, items, and moves are banned\n|rule|Evasion Abilities Clause: Evasion abilities are banned\n|rule|Evasion Items Clause: Evasion items are banned\n|rule|Evasion Moves Clause: Evasion moves are banned\n|rule|Species Clause: Limit one of each Pok\u00e9mon\n|rule|Sleep Clause Mod: Limit one foe put to sleep\n|clearpoke\n|poke|p1|Ribombee, M|\n|poke|p1|Banette, M|\n|poke|p1|Sneasler, F|\n|poke|p1|Tapu Lele|\n|poke|p1|Ogerpon-Wellspring, F|\n|poke|p1|Landorus-Therian, M|\n|poke|p2|Tyranitar, M|\n|poke|p2|Alomomola, M|\n|poke|p2|Landorus-Therian, M|\n|poke|p2|Dracozolt|\n|poke|p2|Tapu Lele|\n|poke|p2|Scizor, M|\n|teampreview\n|inactive|Battle timer is ON: inactive players will automatically lose when time's up. (requested by BigG5)\n|\n|t:|1700647656\n|start\n|switch|p1a: Landorus|Landorus-Therian, M|100\/100\n|switch|p2a: Scizor|Scizor, M|100\/100\n|-ability|p1a: Landorus|Intimidate|boost\n|-unboost|p2a: Scizor|atk|1\n|turn|1\n|\n|t:|1700647665\n|switch|p2a: Landorus|Landorus-Therian, M|100\/100\n|-ability|p2a: Landorus|Intimidate|boost\n|-unboost|p1a: Landorus|atk|1\n|move|p1a: Landorus|Earthquake|p2a: Landorus\n|-immune|p2a: Landorus\n|\n|upkeep\n|turn|2\n|\n|t:|1700647674\n|switch|p1a: Ribombee|Ribombee, M|100\/100\n|move|p2a: Landorus|Stealth Rock|p1a: Ribombee\n|-sidestart|p1: Super Chinois|move: Stealth Rock\n|\n|upkeep\n|turn|3\n|\n|t:|1700647692\n|move|p1a: Ribombee|Sticky Web|p2a: Landorus\n|-sidestart|p2: BigG5|move: Sticky Web\n|move|p2a: Landorus|U-turn|p1a: Ribombee\n|-resisted|p1a: Ribombee\n|-damage|p1a: Ribombee|79\/100\n|\n|t:|1700647697\n|switch|p2a: Scizor|Scizor, M|100\/100|[from] U-turn\n|-activate|p2a: Scizor|move: Sticky Web\n|-unboost|p2a: Scizor|spe|1\n|\n|upkeep\n|turn|4\n|\n|t:|1700647704\n|detailschange|p2a: Scizor|Scizor-Mega, M\n|-mega|p2a: Scizor|Scizor|Scizorite\n|move|p1a: Ribombee|Stun Spore|p2a: Scizor\n|-status|p2a: Scizor|par\n|move|p2a: Scizor|Swords Dance|p2a: Scizor\n|-boost|p2a: Scizor|atk|2\n|\n|upkeep\n|turn|5\n|\n|t:|1700647711\n|move|p2a: Scizor|Bullet Punch|p1a: Ribombee\n|-supereffective|p1a: Ribombee\n|-damage|p1a: Ribombee|0 fnt\n|faint|p1a: Ribombee\n|\n|upkeep\n|\n|t:|1700647713\n|switch|p1a: Tapu Lele|Tapu Lele|100\/100\n|-damage|p1a: Tapu Lele|88\/100|[from] Stealth Rock\n|-fieldstart|move: Psychic Terrain|[from] ability: Psychic Surge|[of] p1a: Tapu Lele\n|turn|6\n|\n|t:|1700647719\n|move|p1a: Tapu Lele|Iron Defense|p1a: Tapu Lele\n|-boost|p1a: Tapu Lele|def|2\n|move|p2a: Scizor|U-turn|p1a: Tapu Lele\n|-damage|p1a: Tapu Lele|43\/100\n|\n|t:|1700647735\n|switch|p2a: Tapu Lele|Tapu Lele|100\/100|[from] U-turn\n|-activate|p2a: Tapu Lele|move: Sticky Web\n|-unboost|p2a: Tapu Lele|spe|1\n|\n|-heal|p1a: Tapu Lele|49\/100|[from] item: Leftovers\n|upkeep\n|turn|7\n|\n|t:|1700647742\n|move|p1a: Tapu Lele|Draining Kiss|p2a: Tapu Lele\n|-damage|p2a: Tapu Lele|76\/100\n|-heal|p1a: Tapu Lele|66\/100|[from] drain|[of] p2a: Tapu Lele\n|move|p2a: Tapu Lele|Moonblast|p1a: Tapu Lele\n|-damage|p1a: Tapu Lele|0 fnt\n|faint|p1a: Tapu Lele\n|\n|upkeep\n|\n|t:|1700647745\n|switch|p1a: Landorus|Landorus-Therian, M|100\/100\n|-damage|p1a: Landorus|88\/100|[from] Stealth Rock\n|-ability|p1a: Landorus|Intimidate|boost\n|-unboost|p2a: Tapu Lele|atk|1\n|turn|8\n|\n|t:|1700647753\n|switch|p2a: Landorus|Landorus-Therian, M|100\/100\n|-ability|p2a: Landorus|Intimidate|boost\n|-unboost|p1a: Landorus|atk|1\n|move|p1a: Landorus|Explosion|p2a: Landorus\n|-damage|p2a: Landorus|58\/100\n|faint|p1a: Landorus\n|\n|upkeep\n|\n|t:|1700647759\n|switch|p1a: Ogerpon|Ogerpon-Wellspring, F|100\/100\n|-damage|p1a: Ogerpon|88\/100|[from] Stealth Rock\n|turn|9\n|\n|t:|1700647770\n|-terastallize|p2a: Landorus|Water\n|move|p1a: Ogerpon|Swords Dance|p1a: Ogerpon\n|-boost|p1a: Ogerpon|atk|2\n|move|p2a: Landorus|Defog|p1a: Ogerpon\n|-unboost|p1a: Ogerpon|evasion|1\n|-sideend|p1: Super Chinois|Stealth Rock|[from] move: Defog|[of] p2a: Landorus\n|-sideend|p2: BigG5|Sticky Web|[from] move: Defog|[of] p2a: Landorus\n|-fieldend|move: Psychic Terrain\n|\n|upkeep\n|turn|10\n|\n|t:|1700647780\n|move|p1a: Ogerpon|Trailblaze|p2a: Landorus\n|-supereffective|p2a: Landorus\n|-damage|p2a: Landorus|0 fnt\n|-boost|p1a: Ogerpon|spe|1\n|-damage|p1a: Ogerpon|72\/100|[from] item: Rocky Helmet|[of] p2a: Landorus\n|faint|p2a: Landorus\n|\n|upkeep\n|\n|t:|1700647787\n|switch|p2a: Alomomola|Alomomola, M|100\/100\n|turn|11\n|\n|t:|1700647793\n|move|p1a: Ogerpon|Trailblaze|p2a: Alomomola\n|-supereffective|p2a: Alomomola\n|-damage|p2a: Alomomola|32\/100\n|-boost|p1a: Ogerpon|spe|1\n|move|p2a: Alomomola|Toxic|p1a: Ogerpon\n|-status|p1a: Ogerpon|tox\n|\n|-damage|p1a: Ogerpon|66\/100 tox|[from] psn\n|upkeep\n|turn|12\n|\n|t:|1700647802\n|switch|p2a: Scizor|Scizor-Mega, M|100\/100 par\n|move|p1a: Ogerpon|Ivy Cudgel|p2a: Scizor|[anim] Ivy Cudgel Water\n|-crit|p2a: Scizor\n|-damage|p2a: Scizor|0 fnt\n|faint|p2a: Scizor\n|\n|-damage|p1a: Ogerpon|54\/100 tox|[from] psn\n|upkeep\n|\n|t:|1700647815\n|switch|p2a: Alomomola|Alomomola, M|65\/100\n|turn|13\n|\n|t:|1700647825\n|move|p2a: Alomomola|Protect|p2a: Alomomola\n|-singleturn|p2a: Alomomola|Protect\n|move|p1a: Ogerpon|Trailblaze|p2a: Alomomola\n|-activate|p2a: Alomomola|move: Protect\n|\n|-damage|p1a: Ogerpon|36\/100 tox|[from] psn\n|upkeep\n|turn|14\n|\n|t:|1700647833\n|switch|p2a: Tyranitar|Tyranitar, M, shiny|100\/100\n|-weather|Sandstorm|[from] ability: Sand Stream|[of] p2a: Tyranitar\n|move|p1a: Ogerpon|Encore||[still]\n|-fail|p1a: Ogerpon\n|\n|-weather|Sandstorm|[upkeep]\n|-damage|p1a: Ogerpon|30\/100 tox|[from] Sandstorm\n|-damage|p1a: Ogerpon|6\/100 tox|[from] psn\n|upkeep\n|turn|15\n|\n|t:|1700647845\n|switch|p2a: Alomomola|Alomomola, M|98\/100\n|move|p1a: Ogerpon|Swords Dance|p1a: Ogerpon\n|-boost|p1a: Ogerpon|atk|2\n|\n|-weather|Sandstorm|[upkeep]\n|-damage|p1a: Ogerpon|0 fnt|[from] Sandstorm\n|-damage|p2a: Alomomola|92\/100|[from] Sandstorm\n|faint|p1a: Ogerpon\n|upkeep\n|\n|t:|1700647848\n|switch|p1a: Sneasler|Sneasler, F|100\/100\n|-item|p1a: Sneasler|Air Balloon\n|turn|16\n|\n|t:|1700647856\n|move|p1a: Sneasler|Swords Dance|p1a: Sneasler\n|-boost|p1a: Sneasler|atk|2\n|move|p2a: Alomomola|Flip Turn|p1a: Sneasler\n|-damage|p1a: Sneasler|74\/100\n|-enditem|p1a: Sneasler|Air Balloon\n|c|\u2606Super Chinois|gg\n|\n|t:|1700647867\n|switch|p2a: Dracozolt|Dracozolt, shiny|100\/100|[from] Flip Turn\n|\n|-weather|Sandstorm|[upkeep]\n|-damage|p1a: Sneasler|68\/100|[from] Sandstorm\n|upkeep\n|turn|17\n|\n|t:|1700647874\n|move|p1a: Sneasler|Close Combat|p2a: Dracozolt\n|-damage|p2a: Dracozolt|0 fnt\n|-unboost|p1a: Sneasler|def|1\n|-unboost|p1a: Sneasler|spd|1\n|faint|p2a: Dracozolt\n|\n|-weather|Sandstorm|[upkeep]\n|-damage|p1a: Sneasler|62\/100|[from] Sandstorm\n|upkeep\n|\n|t:|1700647893\n|switch|p2a: Alomomola|Alomomola, M|100\/100\n|turn|18\n|\n|t:|1700647904\n|-terastallize|p1a: Sneasler|Poison\n|move|p2a: Alomomola|Protect|p2a: Alomomola\n|-singleturn|p2a: Alomomola|Protect\n|move|p1a: Sneasler|Dire Claw|p2a: Alomomola\n|-activate|p2a: Alomomola|move: Protect\n|\n|-weather|none\n|upkeep\n|turn|19\n|\n|t:|1700647913\n|move|p1a: Sneasler|Dire Claw|p2a: Alomomola\n|-damage|p2a: Alomomola|23\/100\n|-status|p2a: Alomomola|par\n|move|p2a: Alomomola|Flip Turn|p1a: Sneasler\n|-damage|p1a: Sneasler|16\/100\n|\n|t:|1700647920\n|switch|p2a: Tyranitar|Tyranitar, M, shiny|100\/100|[from] Flip Turn\n|-weather|Sandstorm|[from] ability: Sand Stream|[of] p2a: Tyranitar\n|\n|-weather|Sandstorm|[upkeep]\n|-damage|p1a: Sneasler|10\/100|[from] Sandstorm\n|upkeep\n|turn|20\n|\n|t:|1700647937\n|move|p1a: Sneasler|Close Combat|p2a: Tyranitar\n|-supereffective|p2a: Tyranitar\n|-damage|p2a: Tyranitar|0 fnt\n|-unboost|p1a: Sneasler|def|1\n|-unboost|p1a: Sneasler|spd|1\n|faint|p2a: Tyranitar\n|\n|-weather|Sandstorm|[upkeep]\n|-damage|p1a: Sneasler|4\/100|[from] Sandstorm\n|upkeep\n|\n|t:|1700647945\n|switch|p2a: Alomomola|Alomomola, M|57\/100 par\n|turn|21\n|\n|t:|1700647949\n|switch|p1a: Banette|Banette, M|100\/100\n|-item|p2a: Alomomola|Heavy-Duty Boots|[from] ability: Frisk|[of] p1a: Banette|[identify]\n|move|p2a: Alomomola|Protect||[still]\n|-fail|p2a: Alomomola\n|\n|-weather|Sandstorm|[upkeep]\n|-damage|p1a: Banette|95\/100|[from] Sandstorm\n|-damage|p2a: Alomomola|50\/100 par|[from] Sandstorm\n|upkeep\n|turn|22\n|\n|t:|1700647960\n|switch|p2a: Tapu Lele|Tapu Lele|76\/100\n|-fieldstart|move: Psychic Terrain|[from] ability: Psychic Surge|[of] p2a: Tapu Lele\n|detailschange|p1a: Banette|Banette-Mega, M\n|-mega|p1a: Banette|Banette|Banettite\n|move|p1a: Banette|Swords Dance|p1a: Banette\n|-boost|p1a: Banette|atk|2\n|\n|-weather|Sandstorm|[upkeep]\n|-damage|p2a: Tapu Lele|70\/100|[from] Sandstorm\n|-damage|p1a: Banette|89\/100|[from] Sandstorm\n|upkeep\n|turn|23\n|\n|t:|1700647983\n|move|p1a: Banette|Destiny Bond|p1a: Banette\n|-singlemove|p1a: Banette|Destiny Bond\n|move|p2a: Tapu Lele|Psychic|p1a: Banette\n|-damage|p1a: Banette|0 fnt\n|faint|p1a: Banette\n|-activate|p1a: Banette|move: Destiny Bond\n|faint|p2a: Tapu Lele\n|\n|-weather|none\n|upkeep\n|\n|t:|1700647990\n|switch|p2a: Alomomola|Alomomola, M|84\/100 par\n|switch|p1a: Sneasler|Sneasler, F, tera:Poison|4\/100\n|turn|24\n|\n|t:|1700648012\n|move|p1a: Sneasler|Close Combat|p2a: Alomomola\n|-damage|p2a: Alomomola|44\/100 par\n|-unboost|p1a: Sneasler|def|1\n|-unboost|p1a: Sneasler|spd|1\n|move|p2a: Alomomola|Flip Turn|p1a: Sneasler\n|-damage|p1a: Sneasler|0 fnt\n|faint|p1a: Sneasler\n|\n|win|BigG5\n|raw|Super Chinois's rating: 1627 &rarr; <strong>1605<\/strong><br \/>(-22 for losing)\n|raw|BigG5's rating: 1596 &rarr; <strong>1618<\/strong><br \/>(+22 for winning)\n|l|\u2606Super Chinois\n","uploadtime":1700648030,"views":0,"p1id":"superchinois","p2id":"bigg5","formatid":"gen9nationaldex","rating":1605,"private":0,"password":""}