{"id":"gen9nationaldex-1992408538","p1":"might dragon","p2":"biezouhaoma","format":"[Gen 9] National Dex","log":"|j|\u2606might dragon\n|j|\u203dbiezouhaoma\n|t:|1700184126\n|gametype|singles\n|player|p1|might dragon|sada-ai|1633\n|player|p2|biezouhaoma|bugcatcher-gen4dp|1776\n|teamsize|p1|6\n|teamsize|p2|6\n|gen|9\n|tier|[Gen 9] National Dex\n|rated|\n|rule|HP Percentage Mod: HP is shown in percentages\n|rule|Endless Battle Clause: Forcing endless battles is banned\n|rule|OHKO Clause: OHKO moves are banned\n|rule|Evasion Clause: Evasion abilities, items, and moves are banned\n|rule|Evasion Abilities Clause: Evasion abilities are banned\n|rule|Evasion Items Clause: Evasion items are banned\n|rule|Evasion Moves Clause: Evasion moves are banned\n|rule|Species Clause: Limit one of each Pok\u00e9mon\n|rule|Sleep Clause Mod: Limit one foe put to sleep\n|clearpoke\n|poke|p1|Tyranitar, M|\n|poke|p1|Tapu Lele|\n|poke|p1|Samurott-Hisui, F|\n|poke|p1|Landorus-Therian, M|\n|poke|p1|Sneasler, F|\n|poke|p1|Zapdos|\n|poke|p2|Pelipper, F|\n|poke|p2|Barraskewda, M|\n|poke|p2|Garganacl, M|\n|poke|p2|Scizor, F|\n|poke|p2|Volcanion|\n|poke|p2|Iron Treads|\n|teampreview\n|inactive|Battle timer is ON: inactive players will automatically lose when time's up. (requested by biezouhaoma)\n|inactive|might dragon has 120 seconds left.\n|\n|t:|1700184167\n|start\n|switch|p1a: Tyranitar|Tyranitar, M|100\/100\n|switch|p2a: Scizor|Scizor, F|100\/100\n|-weather|Sandstorm|[from] ability: Sand Stream|[of] p1a: Tyranitar\n|turn|1\n|\n|t:|1700184170\n|switch|p1a: Zapdos|Zapdos|100\/100\n|detailschange|p2a: Scizor|Scizor-Mega, F\n|-mega|p2a: Scizor|Scizor|Scizorite\n|move|p2a: Scizor|U-turn|p1a: Zapdos\n|-resisted|p1a: Zapdos\n|-damage|p1a: Zapdos|80\/100\n|-status|p2a: Scizor|par|[from] ability: Static|[of] p1a: Zapdos\n|\n|t:|1700184174\n|switch|p2a: Garganacl|Garganacl, M|100\/100|[from] U-turn\n|\n|-weather|Sandstorm|[upkeep]\n|-damage|p1a: Zapdos|73\/100|[from] Sandstorm\n|upkeep\n|turn|2\n|\n|t:|1700184179\n|move|p1a: Zapdos|Volt Switch|p2a: Garganacl\n|-damage|p2a: Garganacl|86\/100\n|inactive|might dragon has 120 seconds left.\n|\n|t:|1700184211\n|switch|p1a: Samurott|Samurott-Hisui, F|100\/100|[from] Volt Switch\n|move|p2a: Garganacl|Salt Cure|p1a: Samurott\n|-crit|p1a: Samurott\n|-damage|p1a: Samurott|79\/100\n|-start|p1a: Samurott|Salt Cure\n|\n|-weather|Sandstorm|[upkeep]\n|-damage|p1a: Samurott|73\/100|[from] Sandstorm\n|-heal|p2a: Garganacl|92\/100|[from] item: Leftovers\n|-damage|p1a: Samurott|48\/100|[from] Salt Cure\n|upkeep\n|turn|3\n|\n|t:|1700184216\n|move|p2a: Garganacl|Protect|p2a: Garganacl\n|-singleturn|p2a: Garganacl|Protect\n|move|p1a: Samurott|Flip Turn|p2a: Garganacl\n|-activate|p2a: Garganacl|move: Protect\n|\n|-weather|Sandstorm|[upkeep]\n|-damage|p1a: Samurott|42\/100|[from] Sandstorm\n|-heal|p2a: Garganacl|99\/100|[from] item: Leftovers\n|-damage|p1a: Samurott|17\/100|[from] Salt Cure\n|upkeep\n|turn|4\n|\n|t:|1700184225\n|move|p2a: Garganacl|Protect|p2a: Garganacl\n|-singleturn|p2a: Garganacl|Protect\n|move|p1a: Samurott|Ceaseless Edge|p2a: Garganacl\n|-activate|p2a: Garganacl|move: Protect\n|\n|-weather|Sandstorm|[upkeep]\n|-damage|p1a: Samurott|11\/100|[from] Sandstorm\n|-heal|p2a: Garganacl|100\/100|[from] item: Leftovers\n|-damage|p1a: Samurott|0 fnt|[from] Salt Cure\n|faint|p1a: Samurott\n|upkeep\n|\n|t:|1700184232\n|switch|p1a: Landorus|Landorus-Therian, M|100\/100\n|-ability|p1a: Landorus|Intimidate|boost\n|-unboost|p2a: Garganacl|atk|1\n|turn|5\n|\n|t:|1700184238\n|switch|p2a: Pelipper|Pelipper, F|100\/100\n|-weather|RainDance|[from] ability: Drizzle|[of] p2a: Pelipper\n|move|p1a: Landorus|U-turn|p2a: Pelipper\n|-resisted|p2a: Pelipper\n|-damage|p2a: Pelipper|92\/100\n|\n|t:|1700184240\n|switch|p1a: Tyranitar|Tyranitar, M|100\/100|[from] U-turn\n|-weather|Sandstorm|[from] ability: Sand Stream|[of] p1a: Tyranitar\n|\n|-weather|Sandstorm|[upkeep]\n|-damage|p2a: Pelipper|86\/100|[from] Sandstorm\n|upkeep\n|turn|6\n|\n|t:|1700184249\n|switch|p2a: Iron Treads|Iron Treads|100\/100\n|move|p1a: Tyranitar|Stone Edge|p2a: Iron Treads|[miss]\n|-miss|p1a: Tyranitar|p2a: Iron Treads\n|\n|-weather|Sandstorm|[upkeep]\n|upkeep\n|turn|7\n|\n|t:|1700184254\n|switch|p1a: Landorus|Landorus-Therian, M|100\/100\n|-ability|p1a: Landorus|Intimidate|boost\n|-unboost|p2a: Iron Treads|atk|1\n|move|p2a: Iron Treads|Stealth Rock|p1a: Landorus\n|-sidestart|p1: might dragon|move: Stealth Rock\n|\n|-weather|Sandstorm|[upkeep]\n|upkeep\n|turn|8\n|\n|t:|1700184259\n|-zpower|p2a: Iron Treads\n|move|p2a: Iron Treads|Subzero Slammer|p1a: Landorus|[zeffect]\n|-supereffective|p1a: Landorus\n|-damage|p1a: Landorus|18\/100\n|move|p1a: Landorus|Defog|p2a: Iron Treads\n|-unboost|p2a: Iron Treads|evasion|1\n|-sideend|p1: might dragon|Stealth Rock|[from] move: Defog|[of] p1a: Landorus\n|\n|-weather|Sandstorm|[upkeep]\n|upkeep\n|turn|9\n|\n|t:|1700184265\n|move|p2a: Iron Treads|Stealth Rock|p1a: Landorus\n|-sidestart|p1: might dragon|move: Stealth Rock\n|move|p1a: Landorus|Earthquake|p2a: Iron Treads\n|-supereffective|p2a: Iron Treads\n|-damage|p2a: Iron Treads|27\/100\n|\n|-weather|none\n|upkeep\n|turn|10\n|\n|t:|1700184271\n|move|p2a: Iron Treads|Ice Spinner|p1a: Landorus\n|-supereffective|p1a: Landorus\n|-damage|p1a: Landorus|0 fnt\n|-damage|p2a: Iron Treads|11\/100|[from] item: Rocky Helmet|[of] p1a: Landorus\n|faint|p1a: Landorus\n|\n|upkeep\n|\n|t:|1700184275\n|switch|p1a: Tapu Lele|Tapu Lele|100\/100\n|-damage|p1a: Tapu Lele|88\/100|[from] Stealth Rock\n|-fieldstart|move: Psychic Terrain|[from] ability: Psychic Surge|[of] p1a: Tapu Lele\n|turn|11\n|\n|t:|1700184278\n|move|p1a: Tapu Lele|Psychic|p2a: Iron Treads\n|-resisted|p2a: Iron Treads\n|-damage|p2a: Iron Treads|0 fnt\n|faint|p2a: Iron Treads\n|-end|p2a: Iron Treads|Quark Drive|[silent]\n|\n|upkeep\n|\n|t:|1700184281\n|switch|p2a: Pelipper|Pelipper, F|86\/100\n|-weather|RainDance|[from] ability: Drizzle|[of] p2a: Pelipper\n|turn|12\n|\n|t:|1700184287\n|switch|p1a: Tyranitar|Tyranitar, M|100\/100\n|-damage|p1a: Tyranitar|88\/100|[from] Stealth Rock\n|-weather|Sandstorm|[from] ability: Sand Stream|[of] p1a: Tyranitar\n|switch|p2a: Scizor|Scizor-Mega, F|100\/100 par\n|\n|-weather|Sandstorm|[upkeep]\n|upkeep\n|turn|13\n|\n|t:|1700184292\n|switch|p1a: Zapdos|Zapdos|73\/100\n|-damage|p1a: Zapdos|49\/100|[from] Stealth Rock\n|move|p2a: Scizor|U-turn|p1a: Zapdos\n|-resisted|p1a: Zapdos\n|-damage|p1a: Zapdos|28\/100\n|\n|t:|1700184295\n|switch|p2a: Garganacl|Garganacl, M|100\/100|[from] U-turn\n|\n|-weather|Sandstorm|[upkeep]\n|-damage|p1a: Zapdos|21\/100|[from] Sandstorm\n|upkeep\n|turn|14\n|\n|t:|1700184305\n|move|p1a: Zapdos|Roost|p1a: Zapdos\n|-heal|p1a: Zapdos|72\/100\n|-singleturn|p1a: Zapdos|move: Roost\n|move|p2a: Garganacl|Salt Cure|p1a: Zapdos\n|-damage|p1a: Zapdos|57\/100\n|-start|p1a: Zapdos|Salt Cure\n|\n|-weather|Sandstorm|[upkeep]\n|-damage|p1a: Zapdos|51\/100|[from] Sandstorm\n|-damage|p1a: Zapdos|38\/100|[from] Salt Cure\n|upkeep\n|turn|15\n|\n|t:|1700184309\n|move|p2a: Garganacl|Protect|p2a: Garganacl\n|-singleturn|p2a: Garganacl|Protect\n|move|p1a: Zapdos|Roost|p1a: Zapdos\n|-heal|p1a: Zapdos|89\/100\n|-singleturn|p1a: Zapdos|move: Roost\n|\n|-weather|Sandstorm|[upkeep]\n|-damage|p1a: Zapdos|82\/100|[from] Sandstorm\n|-damage|p1a: Zapdos|70\/100|[from] Salt Cure\n|-fieldend|move: Psychic Terrain\n|upkeep\n|turn|16\n|\n|t:|1700184317\n|move|p1a: Zapdos|Volt Switch|p2a: Garganacl\n|-damage|p2a: Garganacl|86\/100\n|\n|t:|1700184322\n|switch|p1a: Tyranitar|Tyranitar, M|88\/100|[from] Volt Switch\n|-damage|p1a: Tyranitar|76\/100|[from] Stealth Rock\n|move|p2a: Garganacl|Iron Defense|p2a: Garganacl\n|-boost|p2a: Garganacl|def|2\n|\n|-weather|none\n|-heal|p2a: Garganacl|92\/100|[from] item: Leftovers\n|upkeep\n|turn|17\n|-message|might dragon forfeited.\n|\n|win|biezouhaoma\n|raw|might dragon's rating: 1633 &rarr; <strong>1621<\/strong><br \/>(-12 for losing)\n|raw|biezouhaoma's rating: 1776 &rarr; <strong>1788<\/strong><br \/>(+12 for winning)\n|l|\u2606might dragon\n","uploadtime":1700184347,"views":4,"p1id":"mightdragon","p2id":"biezouhaoma","formatid":"gen9nationaldex","rating":1621,"private":0,"password":""}