{"id":"gen9nationaldex-1987523770","p1":"arachnidsgripag","p2":"Danimc_theniceguy","format":"[Gen 9] National Dex","log":"|j|\u2606arachnidsgripag\n|j|\u2606Danimc_theniceguy\n|t:|1699606289\n|gametype|singles\n|player|p1|arachnidsgripag|n|1000\n|player|p2|Danimc_theniceguy|1|1000\n|teamsize|p1|6\n|teamsize|p2|2\n|gen|9\n|tier|[Gen 9] National Dex\n|rated|\n|rule|HP Percentage Mod: HP is shown in percentages\n|rule|Endless Battle Clause: Forcing endless battles is banned\n|rule|OHKO Clause: OHKO moves are banned\n|rule|Evasion Clause: Evasion abilities, items, and moves are banned\n|rule|Evasion Abilities Clause: Evasion abilities are banned\n|rule|Evasion Items Clause: Evasion items are banned\n|rule|Evasion Moves Clause: Evasion moves are banned\n|rule|Species Clause: Limit one of each Pok\u00e9mon\n|rule|Sleep Clause Mod: Limit one foe put to sleep\n|clearpoke\n|poke|p1|Volcarona, F|\n|poke|p1|Steelix, F|\n|poke|p1|Lanturn, M|\n|poke|p1|Umbreon, M|\n|poke|p1|Landorus-Therian, M|\n|poke|p1|Gothitelle, F|\n|poke|p2|Kommo-o, M|\n|poke|p2|Uxie|\n|teampreview\n|\n|t:|1699606307\n|start\n|switch|p1a: Landorus|Landorus-Therian, M|100\/100\n|switch|p2a: Uxie|Uxie|100\/100\n|-ability|p1a: Landorus|Intimidate|boost\n|-unboost|p2a: Uxie|atk|1\n|turn|1\n|\n|t:|1699606316\n|move|p2a: Uxie|Magic Coat|p2a: Uxie\n|-singleturn|p2a: Uxie|move: Magic Coat\n|move|p1a: Landorus|U-turn|p2a: Uxie\n|-supereffective|p2a: Uxie\n|-damage|p2a: Uxie|43\/100\n|-enditem|p2a: Uxie|Sitrus Berry|[eat]\n|-heal|p2a: Uxie|68\/100|[from] item: Sitrus Berry\n|-damage|p1a: Landorus|91\/100|[from] item: Life Orb\n|\n|t:|1699606325\n|switch|p1a: Volcarona|Volcarona, F|100\/100|[from] U-turn\n|\n|upkeep\n|turn|2\n|\n|t:|1699606331\n|move|p2a: Uxie|Yawn|p1a: Volcarona\n|-start|p1a: Volcarona|move: Yawn|[of] p2a: Uxie\n|move|p1a: Volcarona|Bug Buzz|p2a: Uxie\n|-supereffective|p2a: Uxie\n|-damage|p2a: Uxie|0 fnt\n|faint|p2a: Uxie\n|\n|upkeep\n|\n|t:|1699606333\n|switch|p2a: Kommo-o|Kommo-o, M|100\/100\n|turn|3\n|\n|t:|1699606336\n|-terastallize|p2a: Kommo-o|Fighting\n|move|p1a: Volcarona|Quiver Dance|p1a: Volcarona\n|-boost|p1a: Volcarona|spa|1\n|-boost|p1a: Volcarona|spd|1\n|-boost|p1a: Volcarona|spe|1\n|move|p2a: Kommo-o|Substitute|p2a: Kommo-o\n|-start|p2a: Kommo-o|Substitute\n|-damage|p2a: Kommo-o|75\/100\n|\n|-end|p1a: Volcarona|move: Yawn|[silent]\n|-status|p1a: Volcarona|slp\n|upkeep\n|turn|4\n|\n|t:|1699606341\n|cant|p1a: Volcarona|slp\n|move|p2a: Kommo-o|Belly Drum|p2a: Kommo-o\n|-damage|p2a: Kommo-o|25\/100\n|-setboost|p2a: Kommo-o|atk|6|[from] move: Belly Drum\n|-enditem|p2a: Kommo-o|Salac Berry|[eat]\n|-boost|p2a: Kommo-o|spe|1|[from] item: Salac Berry\n|\n|upkeep\n|turn|5\n|c|\u2606Danimc_theniceguy|gg\n|\n|t:|1699606347\n|-curestatus|p1a: Volcarona|slp|[msg]\n|move|p1a: Volcarona|Bug Buzz|p2a: Kommo-o\n|-immune|p2a: Kommo-o|[from] ability: Soundproof\n|move|p2a: Kommo-o|Drain Punch|p1a: Volcarona\n|-resisted|p1a: Volcarona\n|-damage|p1a: Volcarona|0 fnt\n|-heal|p2a: Kommo-o|77\/100|[from] drain|[of] p1a: Volcarona\n|-status|p2a: Kommo-o|brn|[from] ability: Flame Body|[of] p1a: Volcarona\n|faint|p1a: Volcarona\n|\n|-damage|p2a: Kommo-o|71\/100 brn|[from] brn\n|upkeep\n|inactive|Battle timer is ON: inactive players will automatically lose when time's up. (requested by Danimc_theniceguy)\n|c|\u2606Danimc_theniceguy|bruh\n|\n|t:|1699606359\n|switch|p1a: Gothitelle|Gothitelle, F|100\/100\n|turn|6\n|\n|t:|1699606362\n|-terastallize|p1a: Gothitelle|Psychic\n|move|p2a: Kommo-o|Drain Punch|p1a: Gothitelle\n|-resisted|p1a: Gothitelle\n|-damage|p1a: Gothitelle|40\/100\n|-heal|p2a: Kommo-o|99\/100 brn|[from] drain|[of] p1a: Gothitelle\n|move|p1a: Gothitelle|Psyshock|p2a: Kommo-o\n|-supereffective|p2a: Kommo-o\n|-end|p2a: Kommo-o|Substitute\n|\n|-damage|p2a: Kommo-o|94\/100 brn|[from] brn\n|upkeep\n|turn|7\n|\n|t:|1699606373\n|move|p2a: Kommo-o|Drain Punch|p1a: Gothitelle\n|-resisted|p1a: Gothitelle\n|-damage|p1a: Gothitelle|0 fnt\n|-heal|p2a: Kommo-o|100\/100 brn|[from] drain|[of] p1a: Gothitelle\n|faint|p1a: Gothitelle\n|\n|-damage|p2a: Kommo-o|94\/100 brn|[from] brn\n|upkeep\n|\n|t:|1699606378\n|switch|p1a: Steelix|Steelix, F|100\/100\n|turn|8\n|\n|t:|1699606387\n|detailschange|p1a: Steelix|Steelix-Mega, F\n|-mega|p1a: Steelix|Steelix|Steelixite\n|move|p2a: Kommo-o|Substitute|p2a: Kommo-o\n|-start|p2a: Kommo-o|Substitute\n|-damage|p2a: Kommo-o|69\/100 brn\n|move|p1a: Steelix|Earthquake|p2a: Kommo-o\n|-end|p2a: Kommo-o|Substitute\n|\n|-damage|p2a: Kommo-o|63\/100 brn|[from] brn\n|upkeep\n|turn|9\n|\n|t:|1699606397\n|move|p2a: Kommo-o|Drain Punch|p1a: Steelix\n|-supereffective|p1a: Steelix\n|-damage|p1a: Steelix|12\/100\n|-heal|p2a: Kommo-o|100\/100 brn|[from] drain|[of] p1a: Steelix\n|move|p1a: Steelix|Earthquake|p2a: Kommo-o\n|-damage|p2a: Kommo-o|49\/100 brn\n|\n|-damage|p2a: Kommo-o|43\/100 brn|[from] brn\n|upkeep\n|turn|10\n|\n|t:|1699606407\n|move|p2a: Kommo-o|Drain Punch|p1a: Steelix\n|-supereffective|p1a: Steelix\n|-damage|p1a: Steelix|0 fnt\n|-heal|p2a: Kommo-o|49\/100 brn|[from] drain|[of] p1a: Steelix\n|faint|p1a: Steelix\n|\n|-damage|p2a: Kommo-o|43\/100 brn|[from] brn\n|upkeep\n|\n|t:|1699606413\n|switch|p1a: Landorus|Landorus-Therian, M|91\/100\n|-ability|p1a: Landorus|Intimidate|boost\n|-unboost|p2a: Kommo-o|atk|1\n|turn|11\n|inactive|Danimc_theniceguy has 120 seconds left.\n|inactive|Danimc_theniceguy has 90 seconds left.\n|inactive|Danimc_theniceguy has 60 seconds left.\n|inactive|Danimc_theniceguy has 30 seconds left.\n|inactive|Danimc_theniceguy has 20 seconds left.\n|inactive|Danimc_theniceguy has 15 seconds left.\n|inactive|Danimc_theniceguy has 10 seconds left.\n|inactive|Danimc_theniceguy has 5 seconds left.\n|-message|Danimc_theniceguy lost due to inactivity.\n|\n|win|arachnidsgripag\n|raw|arachnidsgripag's rating: 1000 &rarr; <strong>1040<\/strong><br \/>(+40 for winning)\n|raw|Danimc_theniceguy's rating: 1000 &rarr; <strong>1000<\/strong><br \/>(+0 for losing)\n","uploadtime":1699606570,"views":4,"p1id":"arachnidsgripag","p2id":"danimctheniceguy","formatid":"gen9nationaldex","rating":1000,"private":0,"password":""}