{"id":"gen9nationaldex-1999449450","p1":"TheSunKing1","p2":"Yalpur","format":"[Gen 9] National Dex","log":"|html|<div class=\"broadcast-blue\"><strong>[Gen 9] National Dex is currently suspecting Sneasler! For information on how to participate check out the <a href=\"https:\/\/www.smogon.com\/forums\/threads\/sv-national-dex-suspect-8-just-dance.3731534\/\">suspect thread<\/a>.<\/strong><\/div>\n|j|\u2606TheSunKing1\n|j|\u2606Yalpur\n|t:|1701082331\n|gametype|singles\n|player|p1|TheSunKing1|silver-masters|1646\n|player|p2|Yalpur|170|1688\n|teamsize|p1|6\n|teamsize|p2|6\n|gen|9\n|tier|[Gen 9] National Dex\n|rated|\n|rule|HP Percentage Mod: HP is shown in percentages\n|rule|Endless Battle Clause: Forcing endless battles is banned\n|rule|OHKO Clause: OHKO moves are banned\n|rule|Evasion Clause: Evasion abilities, items, and moves are banned\n|rule|Evasion Abilities Clause: Evasion abilities are banned\n|rule|Evasion Items Clause: Evasion items are banned\n|rule|Evasion Moves Clause: Evasion moves are banned\n|rule|Species Clause: Limit one of each Pok\u00e9mon\n|rule|Sleep Clause Mod: Limit one foe put to sleep\n|clearpoke\n|poke|p1|Torkoal, M|\n|poke|p1|Leafeon, F|\n|poke|p1|Landorus-Therian, M|\n|poke|p1|Heatran, F|\n|poke|p1|Scizor, M|\n|poke|p1|Victini|\n|poke|p2|Tapu Koko|\n|poke|p2|Iron Hands|\n|poke|p2|Iron Valiant|\n|poke|p2|Hatterene, F|\n|poke|p2|Medicham, F|\n|poke|p2|Raichu-Alola, M|\n|teampreview\n|\n|t:|1701082345\n|start\n|switch|p1a: Landorus|Landorus-Therian, M|100\/100\n|switch|p2a: Tapu Koko|Tapu Koko|100\/100\n|-fieldstart|move: Electric Terrain|[from] ability: Electric Surge|[of] p2a: Tapu Koko\n|-ability|p1a: Landorus|Intimidate|boost\n|-unboost|p2a: Tapu Koko|atk|1\n|turn|1\n|inactive|Battle timer is ON: inactive players will automatically lose when time's up. (requested by TheSunKing1)\n|\n|t:|1701082352\n|switch|p1a: Torkoal|Torkoal, M|100\/100\n|-weather|SunnyDay|[from] ability: Drought|[of] p1a: Torkoal\n|move|p2a: Tapu Koko|U-turn|p1a: Torkoal\n|-resisted|p1a: Torkoal\n|-damage|p1a: Torkoal|95\/100\n|j| huangrice\n|\n|t:|1701082360\n|switch|p2a: Raichu|Raichu-Alola, M|100\/100|[from] U-turn\n|\n|-weather|SunnyDay|[upkeep]\n|upkeep\n|turn|2\n|inactive|Yalpur has 120 seconds left.\n|\n|t:|1701082398\n|move|p2a: Raichu|Rising Voltage|p1a: Torkoal\n|-hint|Rising Voltage's BP doubled on grounded target.\n|-damage|p1a: Torkoal|0 fnt\n|faint|p1a: Torkoal\n|-damage|p2a: Raichu|91\/100|[from] item: Life Orb\n|\n|-weather|SunnyDay|[upkeep]\n|upkeep\n|\n|t:|1701082405\n|switch|p1a: Landorus|Landorus-Therian, M|100\/100\n|-ability|p1a: Landorus|Intimidate|boost\n|-unboost|p2a: Raichu|atk|1\n|turn|3\n|\n|t:|1701082410\n|move|p2a: Raichu|Hidden Power|p1a: Landorus\n|-supereffective|p1a: Landorus\n|-crit|p1a: Landorus\n|-damage|p1a: Landorus|0 fnt\n|faint|p1a: Landorus\n|-damage|p2a: Raichu|81\/100|[from] item: Life Orb\n|\n|-weather|SunnyDay|[upkeep]\n|upkeep\n|\n|t:|1701082417\n|switch|p1a: Heatran|Heatran, F|100\/100\n|-item|p1a: Heatran|Air Balloon\n|turn|4\n|\n|t:|1701082423\n|-terastallize|p2a: Raichu|Electric\n|move|p2a: Raichu|Rising Voltage|p1a: Heatran\n|-damage|p1a: Heatran|27\/100\n|-enditem|p1a: Heatran|Air Balloon\n|-damage|p2a: Raichu|72\/100|[from] item: Life Orb\n|move|p1a: Heatran|Earth Power|p2a: Raichu\n|-supereffective|p2a: Raichu\n|-damage|p2a: Raichu|0 fnt\n|faint|p2a: Raichu\n|\n|-weather|SunnyDay|[upkeep]\n|upkeep\n|inactive|Yalpur has 120 seconds left.\n|\n|t:|1701082465\n|switch|p2a: Medicham|Medicham, F|100\/100\n|turn|5\n|\n|t:|1701082484\n|detailschange|p2a: Medicham|Medicham-Mega, F\n|-mega|p2a: Medicham|Medicham|Medichamite\n|move|p2a: Medicham|Close Combat|p1a: Heatran\n|-supereffective|p1a: Heatran\n|-damage|p1a: Heatran|0 fnt\n|-unboost|p2a: Medicham|def|1\n|-unboost|p2a: Medicham|spd|1\n|faint|p1a: Heatran\n|\n|-weather|SunnyDay|[upkeep]\n|upkeep\n|\n|t:|1701082488\n|switch|p1a: Victini|Victini|100\/100\n|turn|6\n|\n|t:|1701082502\n|move|p2a: Medicham|Close Combat|p1a: Victini\n|-resisted|p1a: Victini\n|-damage|p1a: Victini|53\/100\n|-unboost|p2a: Medicham|def|1\n|-unboost|p2a: Medicham|spd|1\n|move|p1a: Victini|V-create|p2a: Medicham\n|-damage|p2a: Medicham|0 fnt\n|-unboost|p1a: Victini|spe|1\n|-unboost|p1a: Victini|def|1\n|-unboost|p1a: Victini|spd|1\n|faint|p2a: Medicham\n|\n|-weather|SunnyDay|[upkeep]\n|upkeep\n|\n|t:|1701082514\n|switch|p2a: Tapu Koko|Tapu Koko|100\/100\n|turn|7\n|inactive|Yalpur has 90 seconds left.\n|\n|t:|1701082531\n|switch|p1a: Leafeon|Leafeon, F|100\/100\n|move|p2a: Tapu Koko|Brave Bird|p1a: Leafeon\n|-supereffective|p1a: Leafeon\n|-damage|p1a: Leafeon|19\/100\n|-damage|p2a: Tapu Koko|75\/100|[from] Recoil\n|\n|-weather|SunnyDay|[upkeep]\n|upkeep\n|turn|8\n|\n|t:|1701082541\n|switch|p2a: Hatterene|Hatterene, F|100\/100\n|move|p1a: Leafeon|Solar Blade||[still]\n|-prepare|p1a: Leafeon|Solar Blade\n|-anim|p1a: Leafeon|Solar Blade|p2a: Hatterene\n|-damage|p2a: Hatterene|14\/100\n|-enditem|p2a: Hatterene|Eject Button\n|-damage|p1a: Leafeon|9\/100|[from] item: Life Orb\n|\n|t:|1701082549\n|switch|p2a: Tapu Koko|Tapu Koko|75\/100\n|\n|-weather|none\n|-fieldend|move: Electric Terrain\n|upkeep\n|turn|9\n|\n|t:|1701082555\n|move|p2a: Tapu Koko|U-turn|p1a: Leafeon\n|-supereffective|p1a: Leafeon\n|-damage|p1a: Leafeon|0 fnt\n|faint|p1a: Leafeon\n|\n|t:|1701082567\n|switch|p2a: Iron Hands|Iron Hands|100\/100|[from] U-turn\n|\n|upkeep\n|\n|t:|1701082570\n|switch|p1a: Victini|Victini|53\/100\n|turn|10\n|\n|t:|1701082577\n|-end|p2a: Iron Hands|Quark Drive|[silent]\n|switch|p2a: Hatterene|Hatterene, F|14\/100\n|move|p1a: Victini|V-create|p2a: Hatterene\n|-damage|p2a: Hatterene|0 fnt\n|-unboost|p1a: Victini|spe|1\n|-unboost|p1a: Victini|def|1\n|-unboost|p1a: Victini|spd|1\n|faint|p2a: Hatterene\n|\n|upkeep\n|\n|t:|1701082582\n|switch|p2a: Tapu Koko|Tapu Koko|75\/100\n|-fieldstart|move: Electric Terrain|[from] ability: Electric Surge|[of] p2a: Tapu Koko\n|turn|11\n|\n|t:|1701082599\n|move|p2a: Tapu Koko|Wild Charge|p1a: Victini\n|-damage|p1a: Victini|0 fnt\n|faint|p1a: Victini\n|-damage|p2a: Tapu Koko|59\/100|[from] Recoil\n|\n|upkeep\n|\n|t:|1701082602\n|switch|p1a: Scizor|Scizor, M|100\/100\n|turn|12\n|\n|t:|1701082605\n|detailschange|p1a: Scizor|Scizor-Mega, M\n|-mega|p1a: Scizor|Scizor|Scizorite\n|move|p2a: Tapu Koko|U-turn|p1a: Scizor\n|-resisted|p1a: Scizor\n|-damage|p1a: Scizor|93\/100\n|\n|t:|1701082610\n|switch|p2a: Iron Hands|Iron Hands|100\/100|[from] U-turn\n|-activate|p2a: Iron Hands|ability: Quark Drive\n|-start|p2a: Iron Hands|quarkdriveatk\n|move|p1a: Scizor|Swords Dance|p1a: Scizor\n|-boost|p1a: Scizor|atk|2\n|\n|upkeep\n|turn|13\n|inactive|Yalpur has 120 seconds left.\n|j| Atomic Maracatu\n|l| huangrice\n|\n|t:|1701082662\n|move|p1a: Scizor|U-turn|p2a: Iron Hands\n|-resisted|p2a: Iron Hands\n|-damage|p2a: Iron Hands|78\/100\n|-zpower|p2a: Iron Hands\n|move|p2a: Iron Hands|Gigavolt Havoc|p1a: Scizor|[zeffect]\n|-damage|p1a: Scizor|0 fnt\n|faint|p1a: Scizor\n|\n|win|Yalpur\n|raw|TheSunKing1's rating: 1646 &rarr; <strong>1628<\/strong><br \/>(-18 for losing)\n|raw|Yalpur's rating: 1688 &rarr; <strong>1706<\/strong><br \/>(+18 for winning)\n|l|\u2606TheSunKing1\n","uploadtime":1701082673,"views":18,"p1id":"thesunking1","p2id":"yalpur","formatid":"gen9nationaldex","rating":1628,"private":0,"password":""}