{"id":"gen9nationaldex-1991111804","p1":"AlanoMestrePokemon","p2":"zoxii","format":"[Gen 9] National Dex","log":"|j|\u2606AlanoMestrePokemon\n|j|\u2606zoxii\n|t:|1700044721\n|gametype|singles\n|player|p1|AlanoMestrePokemon|dawn-masters3|1100\n|player|p2|zoxii|lana|1217\n|teamsize|p1|6\n|teamsize|p2|6\n|gen|9\n|tier|[Gen 9] National Dex\n|rated|\n|rule|HP Percentage Mod: HP is shown in percentages\n|rule|Endless Battle Clause: Forcing endless battles is banned\n|rule|OHKO Clause: OHKO moves are banned\n|rule|Evasion Clause: Evasion abilities, items, and moves are banned\n|rule|Evasion Abilities Clause: Evasion abilities are banned\n|rule|Evasion Items Clause: Evasion items are banned\n|rule|Evasion Moves Clause: Evasion moves are banned\n|rule|Species Clause: Limit one of each Pok\u00e9mon\n|rule|Sleep Clause Mod: Limit one foe put to sleep\n|clearpoke\n|poke|p1|Lairon, F|\n|poke|p1|Masquerain, F|\n|poke|p1|Banette, M|\n|poke|p1|Thievul, F|\n|poke|p1|Tapu Koko|\n|poke|p1|Zapdos|\n|poke|p2|Garchomp, F|\n|poke|p2|Mismagius, F|\n|poke|p2|Marowak-Alola, M|\n|poke|p2|Golisopod, M|\n|poke|p2|Primarina, F|\n|poke|p2|Crobat, F|\n|teampreview\n|\n|t:|1700044730\n|start\n|switch|p1a: Masquerain|Masquerain, F|100\/100\n|switch|p2a: australia's rat|Crobat, F|100\/100\n|-ability|p1a: Masquerain|Intimidate|boost\n|-unboost|p2a: australia's rat|atk|1\n|turn|1\n|inactive|Battle timer is ON: inactive players will automatically lose when time's up. (requested by AlanoMestrePokemon)\n|\n|t:|1700044741\n|move|p2a: australia's rat|Brave Bird|p1a: Masquerain\n|-supereffective|p1a: Masquerain\n|-damage|p1a: Masquerain|13\/100\n|-damage|p2a: australia's rat|68\/100|[from] Recoil\n|move|p1a: Masquerain|Sticky Web|p2a: australia's rat\n|-sidestart|p2: zoxii|move: Sticky Web\n|\n|-heal|p2a: australia's rat|75\/100|[from] item: Black Sludge\n|upkeep\n|turn|2\n|\n|t:|1700044751\n|move|p2a: australia's rat|Dual Wingbeat|p1a: Masquerain\n|-supereffective|p1a: Masquerain\n|-damage|p1a: Masquerain|0 fnt\n|faint|p1a: Masquerain\n|-hitcount|p1: Masquerain|1\n|\n|-heal|p2a: australia's rat|81\/100|[from] item: Black Sludge\n|upkeep\n|\n|t:|1700044757\n|switch|p1a: Tapu Koko|Tapu Koko|100\/100\n|-fieldstart|move: Electric Terrain|[from] ability: Electric Surge|[of] p1a: Tapu Koko\n|turn|3\n|\n|t:|1700044777\n|move|p1a: Tapu Koko|Wild Charge|p2a: australia's rat\n|-supereffective|p2a: australia's rat\n|-damage|p2a: australia's rat|0 fnt\n|faint|p2a: australia's rat\n|-damage|p1a: Tapu Koko|78\/100|[from] Recoil\n|-damage|p1a: Tapu Koko|68\/100|[from] item: Life Orb\n|\n|upkeep\n|inactive|zoxii has 120 seconds left.\n|\n|t:|1700044798\n|switch|p2a: fartskull|Marowak-Alola, M, shiny|100\/100\n|-activate|p2a: fartskull|move: Sticky Web\n|-unboost|p2a: fartskull|spe|1\n|turn|4\n|\n|t:|1700044807\n|move|p1a: Tapu Koko|U-turn|p2a: fartskull\n|-resisted|p2a: fartskull\n|-damage|p2a: fartskull|92\/100\n|-damage|p1a: Tapu Koko|58\/100|[from] item: Life Orb\n|\n|t:|1700044809\n|switch|p1a: Thievul|Thievul, F|100\/100|[from] U-turn\n|-enditem|p1a: Thievul|Electric Seed\n|-boost|p1a: Thievul|def|1|[from] item: Electric Seed\n|move|p2a: fartskull|Flare Blitz|p1a: Thievul\n|-damage|p1a: Thievul|0 fnt\n|faint|p1a: Thievul\n|\n|upkeep\n|\n|t:|1700044815\n|switch|p1a: Banette|Banette, M|100\/100\n|turn|5\n|\n|t:|1700044836\n|detailschange|p1a: Banette|Banette-Mega, M\n|-mega|p1a: Banette|Banette|Banettite\n|move|p1a: Banette|Sucker Punch|p2a: fartskull\n|-supereffective|p2a: fartskull\n|-damage|p2a: fartskull|11\/100\n|move|p2a: fartskull|Flare Blitz|p1a: Banette\n|-damage|p1a: Banette|0 fnt\n|faint|p1a: Banette\n|\n|upkeep\n|\n|t:|1700044846\n|switch|p1a: Tapu Koko|Tapu Koko|58\/100\n|turn|6\n|\n|t:|1700044849\n|move|p1a: Tapu Koko|U-turn|p2a: fartskull\n|-resisted|p2a: fartskull\n|-damage|p2a: fartskull|2\/100\n|-damage|p1a: Tapu Koko|48\/100|[from] item: Life Orb\n|\n|t:|1700044854\n|switch|p1a: Zapdos|Zapdos|100\/100|[from] U-turn\n|-ability|p1a: Zapdos|Pressure\n|move|p2a: fartskull|Flare Blitz|p1a: Zapdos\n|-damage|p1a: Zapdos|0 fnt\n|faint|p1a: Zapdos\n|\n|upkeep\n|\n|t:|1700044855\n|switch|p1a: Tapu Koko|Tapu Koko|48\/100\n|turn|7\n|\n|t:|1700044863\n|move|p1a: Tapu Koko|U-turn|p2a: fartskull\n|-resisted|p2a: fartskull\n|-damage|p2a: fartskull|0 fnt\n|faint|p2a: fartskull\n|-damage|p1a: Tapu Koko|38\/100|[from] item: Life Orb\n|c|\u2606AlanoMestrePokemon|The hell\n|\n|t:|1700044872\n|switch|p1a: Lairon|Lairon, F|100\/100|[from] U-turn\n|\n|-fieldend|move: Electric Terrain\n|upkeep\n|\n|t:|1700044882\n|switch|p2a: sandeater|Garchomp, F|100\/100\n|-activate|p2a: sandeater|move: Sticky Web\n|-unboost|p2a: sandeater|spe|1\n|turn|8\n|\n|t:|1700044887\n|-terastallize|p1a: Lairon|Fighting\n|move|p2a: sandeater|Earthquake|p1a: Lairon\n|-damage|p1a: Lairon|67\/100\n|move|p1a: Lairon|Iron Defense|p1a: Lairon\n|-boost|p1a: Lairon|def|2\n|\n|upkeep\n|turn|9\n|\n|t:|1700044892\n|switch|p2a: plinkydoowimpy|Mismagius, F|100\/100\n|move|p1a: Lairon|Body Press|p2a: plinkydoowimpy\n|-immune|p2a: plinkydoowimpy\n|\n|upkeep\n|turn|10\n|\n|t:|1700044895\n|move|p2a: plinkydoowimpy|Psychic|p1a: Lairon\n|-supereffective|p1a: Lairon\n|-crit|p1a: Lairon\n|-damage|p1a: Lairon|0 fnt\n|faint|p1a: Lairon\n|-damage|p2a: plinkydoowimpy|91\/100|[from] item: Life Orb\n|\n|upkeep\n|\n|t:|1700044897\n|switch|p1a: Tapu Koko|Tapu Koko|38\/100\n|-fieldstart|move: Electric Terrain|[from] ability: Electric Surge|[of] p1a: Tapu Koko\n|turn|11\n|\n|t:|1700044903\n|move|p1a: Tapu Koko|Wild Charge|p2a: plinkydoowimpy\n|-damage|p2a: plinkydoowimpy|0 fnt\n|faint|p2a: plinkydoowimpy\n|-damage|p1a: Tapu Koko|18\/100|[from] Recoil\n|-damage|p1a: Tapu Koko|8\/100|[from] item: Life Orb\n|\n|upkeep\n|\n|t:|1700044907\n|switch|p2a: first impression\ud83e\udd24|Golisopod, M, shiny|100\/100\n|-activate|p2a: first impression\ud83e\udd24|move: Sticky Web\n|-unboost|p2a: first impression\ud83e\udd24|spe|1\n|turn|12\n|\n|t:|1700044913\n|-terastallize|p2a: first impression\ud83e\udd24|Bug\n|move|p2a: first impression\ud83e\udd24|First Impression|p1a: Tapu Koko\n|-resisted|p1a: Tapu Koko\n|-damage|p1a: Tapu Koko|0 fnt\n|faint|p1a: Tapu Koko\n|\n|win|zoxii\n|raw|AlanoMestrePokemon's rating: 1100 &rarr; <strong>1083<\/strong><br \/>(-17 for losing)\n|raw|zoxii's rating: 1217 &rarr; <strong>1234<\/strong><br \/>(+17 for winning)\n|c|\u2606zoxii|gg\n|l|\u2606AlanoMestrePokemon\n","uploadtime":1700044925,"views":6,"p1id":"alanomestrepokemon","p2id":"zoxii","formatid":"gen9nationaldex","rating":1083,"private":0,"password":""}