{"id":"gen9nationaldex-1995248327","p1":"jpgab2016","p2":"bighabibi1629","format":"[Gen 9] National Dex","log":"|html|<div class=\"broadcast-blue\"><strong>[Gen 9] National Dex is currently suspecting Sneasler! For information on how to participate check out the <a href=\"https:\/\/www.smogon.com\/forums\/threads\/sv-national-dex-suspect-8-just-dance.3731534\/\">suspect thread<\/a>.<\/strong><\/div>\n|j|\u2606jpgab2016\n|j|\u2606bighabibi1629\n|t:|1700539900\n|gametype|singles\n|player|p1|jpgab2016|265|1553\n|player|p2|bighabibi1629|2|1592\n|teamsize|p1|6\n|teamsize|p2|6\n|gen|9\n|tier|[Gen 9] National Dex\n|rated|\n|rule|HP Percentage Mod: HP is shown in percentages\n|rule|Endless Battle Clause: Forcing endless battles is banned\n|rule|OHKO Clause: OHKO moves are banned\n|rule|Evasion Clause: Evasion abilities, items, and moves are banned\n|rule|Evasion Abilities Clause: Evasion abilities are banned\n|rule|Evasion Items Clause: Evasion items are banned\n|rule|Evasion Moves Clause: Evasion moves are banned\n|rule|Species Clause: Limit one of each Pok\u00e9mon\n|rule|Sleep Clause Mod: Limit one foe put to sleep\n|clearpoke\n|poke|p1|Charizard, F|\n|poke|p1|Blissey, F|\n|poke|p1|Corviknight, F|\n|poke|p1|Garchomp, F|\n|poke|p1|Tapu Lele|\n|poke|p1|Mew|\n|poke|p2|Xurkitree|\n|poke|p2|Hatterene, F|\n|poke|p2|Ursaluna, M|\n|poke|p2|Porygon2|\n|poke|p2|Crawdaunt, M|\n|poke|p2|Diancie|\n|teampreview\n|inactive|Battle timer is ON: inactive players will automatically lose when time's up. (requested by jpgab2016)\n|\n|t:|1700539917\n|start\n|switch|p1a: Garchomp|Garchomp, F|100\/100\n|switch|p2a: Xurkitree|Xurkitree|100\/100\n|turn|1\n|\n|t:|1700539924\n|-terastallize|p2a: Xurkitree|Grass\n|move|p1a: Garchomp|Earthquake|p2a: Xurkitree\n|-resisted|p2a: Xurkitree\n|-crit|p2a: Xurkitree\n|-damage|p2a: Xurkitree|49\/100\n|move|p2a: Xurkitree|Energy Ball|p1a: Garchomp\n|-damage|p1a: Garchomp|20\/100\n|\n|upkeep\n|turn|2\n|\n|t:|1700539932\n|switch|p1a: Blissey|Blissey, F|100\/100\n|move|p2a: Xurkitree|Energy Ball|p1a: Blissey\n|-damage|p1a: Blissey|76\/100\n|\n|-heal|p1a: Blissey|83\/100|[from] item: Leftovers\n|upkeep\n|turn|3\n|\n|t:|1700539939\n|switch|p2a: Hatterene|Hatterene, F|100\/100\n|move|p1a: Blissey|Toxic|p2a: Hatterene\n|move|p2a: Hatterene|Toxic|p1a: Blissey|[from]ability: Magic Bounce\n|-status|p1a: Blissey|tox\n|\n|-heal|p1a: Blissey|89\/100 tox|[from] item: Leftovers\n|-damage|p1a: Blissey|83\/100 tox|[from] psn\n|upkeep\n|turn|4\n|\n|t:|1700539950\n|move|p1a: Blissey|Wish|p1a: Blissey\n|move|p2a: Hatterene|Light Screen|p2a: Hatterene\n|-sidestart|p2: bighabibi1629|move: Light Screen\n|\n|-heal|p1a: Blissey|89\/100 tox|[from] item: Leftovers\n|-damage|p1a: Blissey|76\/100 tox|[from] psn\n|upkeep\n|turn|5\n|\n|t:|1700539954\n|-curestatus|p1a: Blissey|tox|[from] ability: Natural Cure\n|switch|p1a: Mew|Mew|100\/100\n|move|p2a: Hatterene|Trick Room|p2a: Hatterene\n|-fieldstart|move: Trick Room|[of] p2a: Hatterene\n|\n|upkeep\n|turn|6\n|\n|t:|1700539961\n|move|p2a: Hatterene|Misty Explosion|p1a: Mew\n|-damage|p1a: Mew|53\/100\n|faint|p2a: Hatterene\n|move|p1a: Mew|Imprison|p1a: Mew\n|-start|p1a: Mew|move: Imprison\n|\n|-heal|p1a: Mew|60\/100|[from] item: Leftovers\n|upkeep\n|\n|t:|1700539970\n|switch|p2a: Crawdaunt|Crawdaunt, M|100\/100\n|turn|7\n|\n|t:|1700539979\n|switch|p1a: Corviknight|Corviknight, F|100\/100\n|-ability|p1a: Corviknight|Pressure\n|move|p2a: Crawdaunt|Knock Off|p1a: Corviknight\n|-damage|p1a: Corviknight|37\/100\n|-damage|p2a: Crawdaunt|84\/100|[from] item: Rocky Helmet|[of] p1a: Corviknight\n|-enditem|p1a: Corviknight|Rocky Helmet|[from] move: Knock Off|[of] p2a: Crawdaunt\n|\n|upkeep\n|turn|8\n|\n|t:|1700539989\n|move|p2a: Crawdaunt|Knock Off|p1a: Corviknight\n|-damage|p1a: Corviknight|0 fnt\n|faint|p1a: Corviknight\n|\n|-sideend|p2: bighabibi1629|move: Light Screen\n|upkeep\n|\n|t:|1700540000\n|switch|p1a: Garchomp|Garchomp, F|20\/100\n|turn|9\n|\n|t:|1700540003\n|move|p2a: Crawdaunt|Knock Off|p1a: Garchomp\n|-damage|p1a: Garchomp|0 fnt\n|-damage|p2a: Crawdaunt|71\/100|[from] ability: Rough Skin|[of] p1a: Garchomp\n|-enditem|p1a: Garchomp|Choice Scarf|[from] move: Knock Off|[of] p2a: Crawdaunt\n|faint|p1a: Garchomp\n|\n|-fieldend|move: Trick Room\n|upkeep\n|\n|t:|1700540005\n|switch|p1a: Charizard|Charizard, F|100\/100\n|turn|10\n|\n|t:|1700540030\n|switch|p2a: Porygon2|Porygon2|100\/100\n|-ability|p2a: Porygon2|Download|boost\n|-boost|p2a: Porygon2|atk|1\n|detailschange|p1a: Charizard|Charizard-Mega-Y, F\n|-mega|p1a: Charizard|Charizard|Charizardite Y\n|-weather|SunnyDay|[from] ability: Drought|[of] p1a: Charizard\n|move|p1a: Charizard|Solar Beam||[still]\n|-prepare|p1a: Charizard|Solar Beam\n|-anim|p1a: Charizard|Solar Beam|p2a: Porygon2\n|-damage|p2a: Porygon2|64\/100\n|\n|-weather|SunnyDay|[upkeep]\n|upkeep\n|turn|11\n|\n|t:|1700540039\n|move|p1a: Charizard|Flamethrower|p2a: Porygon2\n|-damage|p2a: Porygon2|5\/100\n|move|p2a: Porygon2|Trick Room|p2a: Porygon2\n|-fieldstart|move: Trick Room|[of] p2a: Porygon2\n|\n|-weather|SunnyDay|[upkeep]\n|upkeep\n|turn|12\n|\n|t:|1700540051\n|move|p2a: Porygon2|Toxic|p1a: Charizard\n|-status|p1a: Charizard|tox\n|move|p1a: Charizard|Flamethrower|p2a: Porygon2\n|-damage|p2a: Porygon2|0 fnt\n|faint|p2a: Porygon2\n|\n|-weather|SunnyDay|[upkeep]\n|-damage|p1a: Charizard|94\/100 tox|[from] psn\n|upkeep\n|\n|t:|1700540054\n|switch|p2a: Diancie|Diancie|100\/100\n|turn|13\n|\n|t:|1700540058\n|switch|p1a: Mew|Mew|60\/100\n|move|p2a: Diancie|Diamond Storm|p1a: Mew\n|-damage|p1a: Mew|33\/100\n|-boost|p2a: Diancie|def|2\n|\n|-weather|SunnyDay|[upkeep]\n|-heal|p1a: Mew|39\/100|[from] item: Leftovers\n|upkeep\n|turn|14\n|\n|t:|1700540065\n|move|p2a: Diancie|Diamond Storm|p1a: Mew\n|-damage|p1a: Mew|12\/100\n|-boost|p2a: Diancie|def|2\n|move|p1a: Mew|Transform|p2a: Diancie\n|-transform|p1a: Mew|p2a: Diancie\n|\n|-weather|none\n|-heal|p1a: Mew|19\/100|[from] item: Leftovers\n|upkeep\n|turn|15\n|\n|t:|1700540079\n|move|p2a: Diancie|Diamond Storm|p1a: Mew|[miss]\n|-miss|p2a: Diancie|p1a: Mew\n|move|p1a: Mew|Moonblast|p2a: Diancie\n|-damage|p2a: Diancie|74\/100\n|\n|-heal|p1a: Mew|25\/100|[from] item: Leftovers\n|-fieldend|move: Trick Room\n|upkeep\n|turn|16\n|\n|t:|1700540090\n|move|p2a: Diancie|Moonblast|p1a: Mew\n|-damage|p1a: Mew|5\/100\n|move|p1a: Mew|Moonblast|p2a: Diancie\n|-damage|p2a: Diancie|45\/100\n|\n|-heal|p1a: Mew|11\/100|[from] item: Leftovers\n|upkeep\n|turn|17\n|\n|t:|1700540098\n|move|p1a: Mew|Moonblast|p2a: Diancie\n|-damage|p2a: Diancie|14\/100\n|move|p2a: Diancie|Moonblast|p1a: Mew\n|-damage|p1a: Mew|0 fnt\n|faint|p1a: Mew\n|\n|upkeep\n|\n|t:|1700540104\n|switch|p1a: Charizard|Charizard-Mega-Y, F|94\/100 tox\n|-weather|SunnyDay|[from] ability: Drought|[of] p1a: Charizard\n|turn|18\n|\n|t:|1700540109\n|move|p1a: Charizard|Flamethrower|p2a: Diancie\n|-resisted|p2a: Diancie\n|-damage|p2a: Diancie|0 fnt\n|faint|p2a: Diancie\n|\n|-weather|SunnyDay|[upkeep]\n|-damage|p1a: Charizard|88\/100 tox|[from] psn\n|upkeep\n|\n|t:|1700540117\n|switch|p2a: Ursaluna|Ursaluna, M, shiny|100\/100\n|turn|19\n|\n|t:|1700540120\n|switch|p1a: Blissey|Blissey, F|76\/100\n|move|p2a: Ursaluna|Protect||[still]\n|-fail|p2a: Ursaluna\n|\n|-weather|SunnyDay|[upkeep]\n|-heal|p1a: Blissey|83\/100|[from] item: Leftovers\n|-status|p2a: Ursaluna|brn|[from] item: Flame Orb\n|upkeep\n|turn|20\n|\n|t:|1700540127\n|move|p1a: Blissey|Wish|p1a: Blissey\n|move|p2a: Ursaluna|Facade|p1a: Blissey\n|-damage|p1a: Blissey|0 fnt\n|faint|p1a: Blissey\n|\n|-weather|SunnyDay|[upkeep]\n|-damage|p2a: Ursaluna|94\/100 brn|[from] brn\n|upkeep\n|\n|t:|1700540131\n|switch|p1a: Tapu Lele|Tapu Lele|100\/100\n|-fieldstart|move: Psychic Terrain|[from] ability: Psychic Surge|[of] p1a: Tapu Lele\n|turn|21\n|\n|t:|1700540137\n|move|p1a: Tapu Lele|Moonblast|p2a: Ursaluna\n|-damage|p2a: Ursaluna|32\/100 brn\n|-unboost|p2a: Ursaluna|spa|1\n|move|p2a: Ursaluna|Facade|p1a: Tapu Lele\n|-damage|p1a: Tapu Lele|0 fnt\n|faint|p1a: Tapu Lele\n|\n|-weather|SunnyDay|[upkeep]\n|-damage|p2a: Ursaluna|26\/100 brn|[from] brn\n|upkeep\n|\n|t:|1700540141\n|switch|p1a: Charizard|Charizard-Mega-Y, F|88\/100 tox\n|turn|22\n|\n|t:|1700540148\n|move|p1a: Charizard|Flamethrower|p2a: Ursaluna\n|-damage|p2a: Ursaluna|0 fnt\n|faint|p2a: Ursaluna\n|\n|-weather|none\n|-damage|p1a: Charizard|82\/100 tox|[from] psn\n|upkeep\n|\n|t:|1700540151\n|switch|p2a: Crawdaunt|Crawdaunt, M|71\/100\n|turn|23\n|\n|t:|1700540157\n|move|p2a: Crawdaunt|Aqua Jet|p1a: Charizard\n|-hint|Psychic Terrain doesn't affect Pok\u00e9mon immune to Ground.\n|-supereffective|p1a: Charizard\n|-damage|p1a: Charizard|0 fnt\n|faint|p1a: Charizard\n|\n|win|bighabibi1629\n|raw|jpgab2016's rating: 1553 &rarr; <strong>1535<\/strong><br \/>(-18 for losing)\n|raw|bighabibi1629's rating: 1592 &rarr; <strong>1610<\/strong><br \/>(+18 for winning)\n|l|\u2606jpgab2016\n","uploadtime":1700540268,"views":2,"p1id":"jpgab2016","p2id":"bighabibi1629","formatid":"gen9nationaldex","rating":1535,"private":0,"password":""}