{"id":"gen9nationaldex-1990916111","p1":"GABRIEL_HU","p2":"Shino1127","format":"[Gen 9] National Dex","log":"|j|\u2606GABRIEL_HU\n|j|\u2606Shino1127\n|t:|1700014774\n|gametype|singles\n|player|p1|GABRIEL_HU|guitarist|1318\n|player|p2|Shino1127|169|1324\n|teamsize|p1|6\n|teamsize|p2|6\n|gen|9\n|tier|[Gen 9] National Dex\n|rated|\n|rule|HP Percentage Mod: HP is shown in percentages\n|rule|Endless Battle Clause: Forcing endless battles is banned\n|rule|OHKO Clause: OHKO moves are banned\n|rule|Evasion Clause: Evasion abilities, items, and moves are banned\n|rule|Evasion Abilities Clause: Evasion abilities are banned\n|rule|Evasion Items Clause: Evasion items are banned\n|rule|Evasion Moves Clause: Evasion moves are banned\n|rule|Species Clause: Limit one of each Pok\u00e9mon\n|rule|Sleep Clause Mod: Limit one foe put to sleep\n|clearpoke\n|poke|p1|Garganacl, F|\n|poke|p1|Greninja-*, M|\n|poke|p1|Zapdos|\n|poke|p1|Great Tusk|\n|poke|p1|Heatran, F|\n|poke|p1|Scizor, M|\n|poke|p2|Ferrothorn, F|\n|poke|p2|Arcanine-Hisui, M|\n|poke|p2|Iron Valiant|\n|poke|p2|Iron Moth|\n|poke|p2|Rotom-Wash|\n|poke|p2|Tyranitar, M|\n|teampreview\n|inactive|Battle timer is ON: inactive players will automatically lose when time's up. (requested by Shino1127)\n|\n|t:|1700014788\n|start\n|switch|p1a: Great Tusk|Great Tusk|100\/100\n|switch|p2a: Rotom|Rotom-Wash|100\/100\n|turn|1\n|\n|t:|1700014794\n|-end|p1a: Great Tusk|Protosynthesis|[silent]\n|switch|p1a: Garganacl|Garganacl, F, shiny|100\/100\n|move|p2a: Rotom|Hydro Pump|p1a: Garganacl\n|-supereffective|p1a: Garganacl\n|-damage|p1a: Garganacl|38\/100\n|\n|-heal|p1a: Garganacl|44\/100|[from] item: Leftovers\n|upkeep\n|turn|2\n|\n|t:|1700014797\n|-terastallize|p1a: Garganacl|Water\n|move|p2a: Rotom|Hydro Pump|p1a: Garganacl\n|-resisted|p1a: Garganacl\n|-damage|p1a: Garganacl|29\/100\n|move|p1a: Garganacl|Salt Cure|p2a: Rotom\n|-damage|p2a: Rotom|82\/100\n|-start|p2a: Rotom|Salt Cure\n|\n|-heal|p1a: Garganacl|36\/100|[from] item: Leftovers\n|-damage|p2a: Rotom|57\/100|[from] Salt Cure\n|upkeep\n|turn|3\n|\n|t:|1700014802\n|switch|p2a: Ferrothorn|Ferrothorn, F|100\/100\n|move|p1a: Garganacl|Recover|p1a: Garganacl\n|-heal|p1a: Garganacl|86\/100\n|\n|-heal|p1a: Garganacl|92\/100|[from] item: Leftovers\n|upkeep\n|turn|4\n|\n|t:|1700014804\n|move|p1a: Garganacl|Salt Cure|p2a: Ferrothorn\n|-resisted|p2a: Ferrothorn\n|-damage|p2a: Ferrothorn|97\/100\n|-start|p2a: Ferrothorn|Salt Cure\n|move|p2a: Ferrothorn|Leech Seed|p1a: Garganacl\n|-start|p1a: Garganacl|move: Leech Seed\n|\n|-heal|p1a: Garganacl|98\/100|[from] item: Leftovers\n|-damage|p1a: Garganacl|86\/100|[from] Leech Seed|[of] p2a: Ferrothorn\n|-heal|p2a: Ferrothorn|100\/100|[silent]\n|-damage|p2a: Ferrothorn|76\/100|[from] Salt Cure\n|upkeep\n|turn|5\n|\n|t:|1700014808\n|switch|p1a: Heatran|Heatran, F|100\/100\n|move|p2a: Ferrothorn|Stealth Rock|p1a: Heatran\n|-sidestart|p1: GABRIEL_HU|move: Stealth Rock\n|\n|-damage|p2a: Ferrothorn|51\/100|[from] Salt Cure\n|upkeep\n|turn|6\n|\n|t:|1700014811\n|switch|p2a: Tyranitar|Tyranitar, M|100\/100\n|-weather|Sandstorm|[from] ability: Sand Stream|[of] p2a: Tyranitar\n|move|p1a: Heatran|Magma Storm|p2a: Tyranitar\n|-resisted|p2a: Tyranitar\n|-damage|p2a: Tyranitar|92\/100\n|-activate|p2a: Tyranitar|move: Magma Storm|[of] p1a: Heatran\n|\n|-weather|Sandstorm|[upkeep]\n|-damage|p2a: Tyranitar|80\/100|[from] move: Magma Storm|[partiallytrapped]\n|upkeep\n|turn|7\n|\n|t:|1700014815\n|switch|p1a: Great Tusk|Great Tusk|100\/100\n|-damage|p1a: Great Tusk|98\/100|[from] Stealth Rock\n|move|p2a: Tyranitar|Earthquake|p1a: Great Tusk\n|-damage|p1a: Great Tusk|68\/100\n|\n|-weather|Sandstorm|[upkeep]\n|-end|p2a: Tyranitar|Magma Storm|[partiallytrapped]|[silent]\n|upkeep\n|turn|8\n|\n|t:|1700014817\n|switch|p2a: Ferrothorn|Ferrothorn, F|51\/100\n|move|p1a: Great Tusk|Rapid Spin|p2a: Ferrothorn\n|-resisted|p2a: Ferrothorn\n|-damage|p2a: Ferrothorn|46\/100\n|-boost|p1a: Great Tusk|spe|1\n|-damage|p1a: Great Tusk|55\/100|[from] ability: Iron Barbs|[of] p2a: Ferrothorn\n|-damage|p1a: Great Tusk|39\/100|[from] item: Rocky Helmet|[of] p2a: Ferrothorn\n|-sideend|p1: GABRIEL_HU|Stealth Rock|[from] move: Rapid Spin|[of] p1a: Great Tusk\n|\n|-weather|Sandstorm|[upkeep]\n|upkeep\n|turn|9\n|\n|t:|1700014824\n|move|p1a: Great Tusk|Close Combat|p2a: Ferrothorn\n|-supereffective|p2a: Ferrothorn\n|-damage|p2a: Ferrothorn|0 fnt\n|-unboost|p1a: Great Tusk|def|1\n|-unboost|p1a: Great Tusk|spd|1\n|-damage|p1a: Great Tusk|26\/100|[from] ability: Iron Barbs|[of] p2a: Ferrothorn\n|-damage|p1a: Great Tusk|10\/100|[from] item: Rocky Helmet|[of] p2a: Ferrothorn\n|faint|p2a: Ferrothorn\n|\n|-weather|Sandstorm|[upkeep]\n|upkeep\n|\n|t:|1700014830\n|switch|p2a: Arcanine|Arcanine-Hisui, M|100\/100\n|turn|10\n|\n|t:|1700014836\n|move|p1a: Great Tusk|Headlong Rush|p2a: Arcanine\n|-supereffective|p2a: Arcanine\n|-damage|p2a: Arcanine|0 fnt\n|-unboost|p1a: Great Tusk|def|1\n|-unboost|p1a: Great Tusk|spd|1\n|faint|p2a: Arcanine\n|\n|-weather|none\n|upkeep\n|\n|t:|1700014840\n|switch|p2a: Rotom|Rotom-Wash|57\/100\n|turn|11\n|\n|t:|1700014845\n|-end|p1a: Great Tusk|Protosynthesis|[silent]\n|switch|p1a: Garganacl|Garganacl, F, shiny, tera:Water|86\/100\n|move|p2a: Rotom|Hydro Pump|p1a: Garganacl\n|-resisted|p1a: Garganacl\n|-damage|p1a: Garganacl|70\/100\n|\n|-heal|p1a: Garganacl|76\/100|[from] item: Leftovers\n|upkeep\n|turn|12\n|\n|t:|1700014849\n|switch|p2a: Iron Moth|Iron Moth|100\/100\n|-enditem|p2a: Iron Moth|Booster Energy\n|-activate|p2a: Iron Moth|ability: Quark Drive|[fromitem]\n|-start|p2a: Iron Moth|quarkdrivespa\n|move|p1a: Garganacl|Salt Cure|p2a: Iron Moth\n|-supereffective|p2a: Iron Moth\n|-damage|p2a: Iron Moth|54\/100\n|-start|p2a: Iron Moth|Salt Cure\n|\n|-heal|p1a: Garganacl|82\/100|[from] item: Leftovers\n|-damage|p2a: Iron Moth|42\/100|[from] Salt Cure\n|upkeep\n|turn|13\n|\n|t:|1700014854\n|switch|p1a: Zapdos|Zapdos|100\/100\n|move|p2a: Iron Moth|Energy Ball|p1a: Zapdos\n|-resisted|p1a: Zapdos\n|-damage|p1a: Zapdos|79\/100\n|\n|-damage|p2a: Iron Moth|29\/100|[from] Salt Cure\n|upkeep\n|turn|14\n|\n|t:|1700014859\n|move|p2a: Iron Moth|Sludge Wave|p1a: Zapdos\n|-damage|p1a: Zapdos|11\/100\n|move|p1a: Zapdos|Discharge|p2a: Iron Moth\n|-damage|p2a: Iron Moth|0 fnt\n|faint|p2a: Iron Moth\n|-end|p2a: Iron Moth|Quark Drive|[silent]\n|\n|upkeep\n|\n|t:|1700014862\n|switch|p2a: Rotom|Rotom-Wash|57\/100\n|turn|15\n|\n|t:|1700014868\n|switch|p1a: Garganacl|Garganacl, F, shiny, tera:Water|82\/100\n|move|p2a: Rotom|Volt Switch|p1a: Garganacl\n|-supereffective|p1a: Garganacl\n|-damage|p1a: Garganacl|38\/100\n|\n|t:|1700014875\n|switch|p2a: Tyranitar|Tyranitar, M|80\/100|[from] Volt Switch\n|-weather|Sandstorm|[from] ability: Sand Stream|[of] p2a: Tyranitar\n|\n|-weather|Sandstorm|[upkeep]\n|-damage|p1a: Garganacl|32\/100|[from] Sandstorm\n|-heal|p1a: Garganacl|38\/100|[from] item: Leftovers\n|upkeep\n|turn|16\n|\n|t:|1700014880\n|move|p2a: Tyranitar|Crunch|p1a: Garganacl\n|-damage|p1a: Garganacl|7\/100\n|move|p1a: Garganacl|Recover|p1a: Garganacl\n|-heal|p1a: Garganacl|57\/100\n|\n|-weather|Sandstorm|[upkeep]\n|-damage|p1a: Garganacl|50\/100|[from] Sandstorm\n|-heal|p1a: Garganacl|57\/100|[from] item: Leftovers\n|upkeep\n|turn|17\n|\n|t:|1700014886\n|move|p2a: Tyranitar|Crunch|p1a: Garganacl\n|-damage|p1a: Garganacl|24\/100\n|-unboost|p1a: Garganacl|def|1\n|move|p1a: Garganacl|Iron Defense|p1a: Garganacl\n|-boost|p1a: Garganacl|def|2\n|\n|-weather|Sandstorm|[upkeep]\n|-damage|p1a: Garganacl|18\/100|[from] Sandstorm\n|-heal|p1a: Garganacl|24\/100|[from] item: Leftovers\n|upkeep\n|turn|18\n|\n|t:|1700014888\n|move|p2a: Tyranitar|Crunch|p1a: Garganacl\n|-damage|p1a: Garganacl|5\/100\n|move|p1a: Garganacl|Recover|p1a: Garganacl\n|-heal|p1a: Garganacl|55\/100\n|\n|-weather|Sandstorm|[upkeep]\n|-damage|p1a: Garganacl|49\/100|[from] Sandstorm\n|-heal|p1a: Garganacl|55\/100|[from] item: Leftovers\n|upkeep\n|turn|19\n|\n|t:|1700014892\n|move|p2a: Tyranitar|Crunch|p1a: Garganacl\n|-damage|p1a: Garganacl|35\/100\n|move|p1a: Garganacl|Recover|p1a: Garganacl\n|-heal|p1a: Garganacl|85\/100\n|\n|-weather|none\n|-heal|p1a: Garganacl|91\/100|[from] item: Leftovers\n|upkeep\n|turn|20\n|\n|t:|1700014894\n|switch|p2a: Rotom|Rotom-Wash|57\/100\n|move|p1a: Garganacl|Iron Defense|p1a: Garganacl\n|-boost|p1a: Garganacl|def|2\n|\n|-heal|p1a: Garganacl|98\/100|[from] item: Leftovers\n|upkeep\n|turn|21\n|\n|t:|1700014896\n|move|p2a: Rotom|Volt Switch|p1a: Garganacl\n|-supereffective|p1a: Garganacl\n|-damage|p1a: Garganacl|57\/100\n|\n|t:|1700014898\n|switch|p2a: Tyranitar|Tyranitar, M|80\/100|[from] Volt Switch\n|-weather|Sandstorm|[from] ability: Sand Stream|[of] p2a: Tyranitar\n|move|p1a: Garganacl|Salt Cure|p2a: Tyranitar\n|-damage|p2a: Tyranitar|70\/100\n|-start|p2a: Tyranitar|Salt Cure\n|\n|-weather|Sandstorm|[upkeep]\n|-damage|p1a: Garganacl|51\/100|[from] Sandstorm\n|-heal|p1a: Garganacl|57\/100|[from] item: Leftovers\n|-damage|p2a: Tyranitar|57\/100|[from] Salt Cure\n|upkeep\n|turn|22\n|\n|t:|1700014901\n|move|p2a: Tyranitar|Crunch|p1a: Garganacl\n|-damage|p1a: Garganacl|44\/100\n|-unboost|p1a: Garganacl|def|1\n|move|p1a: Garganacl|Recover|p1a: Garganacl\n|-heal|p1a: Garganacl|94\/100\n|\n|-weather|Sandstorm|[upkeep]\n|-damage|p1a: Garganacl|88\/100|[from] Sandstorm\n|-heal|p1a: Garganacl|94\/100|[from] item: Leftovers\n|-damage|p2a: Tyranitar|45\/100|[from] Salt Cure\n|upkeep\n|turn|23\n|-message|Shino1127 forfeited.\n|\n|win|GABRIEL_HU\n|raw|GABRIEL_HU's rating: 1318 &rarr; <strong>1338<\/strong><br \/>(+20 for winning)\n|raw|Shino1127's rating: 1324 &rarr; <strong>1304<\/strong><br \/>(-20 for losing)\n|l|\u2606Shino1127\n","uploadtime":1700014912,"views":4,"p1id":"gabrielhu","p2id":"shino1127","formatid":"gen9nationaldex","rating":1304,"private":0,"password":""}