{"id":"gen9nationaldex-1991609490","p1":"system27","p2":"Garry97","format":"[Gen 9] National Dex","log":"|j|\u2606system27\n|j|\u203dGarry97\n|t:|1700093841\n|gametype|singles\n|player|p1|system27|blue|1345\n|player|p2|Garry97|eri|1464\n|teamsize|p1|6\n|teamsize|p2|6\n|gen|9\n|tier|[Gen 9] National Dex\n|rated|\n|rule|HP Percentage Mod: HP is shown in percentages\n|rule|Endless Battle Clause: Forcing endless battles is banned\n|rule|OHKO Clause: OHKO moves are banned\n|rule|Evasion Clause: Evasion abilities, items, and moves are banned\n|rule|Evasion Abilities Clause: Evasion abilities are banned\n|rule|Evasion Items Clause: Evasion items are banned\n|rule|Evasion Moves Clause: Evasion moves are banned\n|rule|Species Clause: Limit one of each Pok\u00e9mon\n|rule|Sleep Clause Mod: Limit one foe put to sleep\n|clearpoke\n|poke|p1|Tapu Koko|\n|poke|p1|Scizor, F|\n|poke|p1|Hoopa-Unbound|\n|poke|p1|Rotom-Wash|\n|poke|p1|Landorus-Therian, M|\n|poke|p1|Iron Valiant|\n|poke|p2|Bewear, M|\n|poke|p2|Hariyama, M|\n|poke|p2|Kommo-o, M|\n|poke|p2|Gallade, M|\n|poke|p2|Lucario, M|\n|poke|p2|Blaziken, M|\n|teampreview\n|inactive|Battle timer is ON: inactive players will automatically lose when time's up. (requested by system27)\n|\n|t:|1700093862\n|start\n|switch|p1a: Tapu Koko|Tapu Koko|100\/100\n|switch|p2a: Hariyama|Hariyama, M, shiny|100\/100\n|-fieldstart|move: Electric Terrain|[from] ability: Electric Surge|[of] p1a: Tapu Koko\n|turn|1\n|\n|t:|1700093870\n|move|p2a: Hariyama|Fake Out|p1a: Tapu Koko\n|-damage|p1a: Tapu Koko|78\/100\n|cant|p1a: Tapu Koko|flinch\n|\n|upkeep\n|turn|2\n|\n|t:|1700093877\n|move|p1a: Tapu Koko|Volt Switch|p2a: Hariyama\n|-damage|p2a: Hariyama|66\/100\n|\n|t:|1700093881\n|switch|p1a: Landorus|Landorus-Therian, M|100\/100|[from] Volt Switch\n|-ability|p1a: Landorus|Intimidate|boost\n|-unboost|p2a: Hariyama|atk|1\n|move|p2a: Hariyama|Stone Edge|p1a: Landorus\n|-damage|p1a: Landorus|85\/100\n|\n|upkeep\n|turn|3\n|\n|t:|1700093891\n|move|p1a: Landorus|Stealth Rock|p2a: Hariyama\n|-sidestart|p2: Garry97|move: Stealth Rock\n|move|p2a: Hariyama|Knock Off|p1a: Landorus\n|-damage|p1a: Landorus|69\/100\n|-damage|p2a: Hariyama|49\/100|[from] item: Rocky Helmet|[of] p1a: Landorus\n|-enditem|p1a: Landorus|Rocky Helmet|[from] move: Knock Off|[of] p2a: Hariyama\n|\n|upkeep\n|turn|4\n|\n|t:|1700093902\n|switch|p2a: Bewear|Bewear, M|100\/100\n|-damage|p2a: Bewear|94\/100|[from] Stealth Rock\n|move|p1a: Landorus|Toxic|p2a: Bewear\n|-status|p2a: Bewear|tox\n|\n|-damage|p2a: Bewear|88\/100 tox|[from] psn\n|upkeep\n|turn|5\n|\n|t:|1700093911\n|switch|p1a: Scizor|Scizor, F|100\/100\n|move|p2a: Bewear|Ice Punch|p1a: Scizor\n|-resisted|p1a: Scizor\n|-damage|p1a: Scizor|89\/100\n|\n|-damage|p2a: Bewear|76\/100 tox|[from] psn\n|-fieldend|move: Electric Terrain\n|upkeep\n|turn|6\n|\n|t:|1700093924\n|switch|p1a: Landorus|Landorus-Therian, M|69\/100\n|-ability|p1a: Landorus|Intimidate|boost\n|-unboost|p2a: Bewear|atk|1\n|switch|p2a: Kommo-o|Kommo-o, M|100\/100\n|-damage|p2a: Kommo-o|94\/100|[from] Stealth Rock\n|\n|upkeep\n|turn|7\n|\n|t:|1700093936\n|switch|p1a: Tapu Koko|Tapu Koko|78\/100\n|-fieldstart|move: Electric Terrain|[from] ability: Electric Surge|[of] p1a: Tapu Koko\n|move|p2a: Kommo-o|Flash Cannon|p1a: Tapu Koko\n|-damage|p1a: Tapu Koko|45\/100\n|\n|upkeep\n|turn|8\n|\n|t:|1700093948\n|switch|p2a: Hariyama|Hariyama, M, shiny|49\/100\n|-damage|p2a: Hariyama|43\/100|[from] Stealth Rock\n|move|p1a: Tapu Koko|Dazzling Gleam|p2a: Hariyama\n|-supereffective|p2a: Hariyama\n|-damage|p2a: Hariyama|0 fnt\n|faint|p2a: Hariyama\n|\n|upkeep\n|\n|t:|1700093960\n|switch|p2a: Blaziken|Blaziken, M|100\/100\n|-damage|p2a: Blaziken|88\/100|[from] Stealth Rock\n|turn|9\n|\n|t:|1700093963\n|switch|p1a: Iron Valiant|Iron Valiant|100\/100\n|-activate|p1a: Iron Valiant|ability: Quark Drive\n|-start|p1a: Iron Valiant|quarkdrivespe\n|move|p2a: Blaziken|Protect||[still]\n|-fail|p2a: Blaziken\n|\n|-ability|p2a: Blaziken|Speed Boost|boost\n|-boost|p2a: Blaziken|spe|1\n|upkeep\n|turn|10\n|\n|t:|1700093973\n|move|p2a: Blaziken|Protect|p2a: Blaziken\n|-singleturn|p2a: Blaziken|Protect\n|move|p1a: Iron Valiant|Moonblast|p2a: Blaziken\n|-activate|p2a: Blaziken|move: Protect\n|\n|-ability|p2a: Blaziken|Speed Boost|boost\n|-boost|p2a: Blaziken|spe|1\n|upkeep\n|turn|11\n|\n|t:|1700093981\n|-end|p1a: Iron Valiant|Quark Drive|[silent]\n|switch|p1a: Landorus|Landorus-Therian, M|69\/100\n|-ability|p1a: Landorus|Intimidate|boost\n|-unboost|p2a: Blaziken|atk|1\n|move|p2a: Blaziken|Fire Blast|p1a: Landorus\n|-damage|p1a: Landorus|0 fnt\n|faint|p1a: Landorus\n|-damage|p2a: Blaziken|78\/100|[from] item: Life Orb\n|\n|-fieldend|move: Electric Terrain\n|-ability|p2a: Blaziken|Speed Boost|boost\n|-boost|p2a: Blaziken|spe|1\n|upkeep\n|\n|t:|1700093993\n|switch|p1a: Rotom|Rotom-Wash|100\/100\n|turn|12\n|\n|t:|1700094000\n|move|p2a: Blaziken|Protect|p2a: Blaziken\n|-singleturn|p2a: Blaziken|Protect\n|move|p1a: Rotom|Hydro Pump|p2a: Blaziken\n|-activate|p2a: Blaziken|move: Protect\n|\n|-ability|p2a: Blaziken|Speed Boost|boost\n|-boost|p2a: Blaziken|spe|1\n|upkeep\n|turn|13\n|\n|t:|1700094009\n|switch|p2a: Gallade|Gallade, M|100\/100\n|-damage|p2a: Gallade|94\/100|[from] Stealth Rock\n|move|p1a: Rotom|Hydro Pump|p2a: Gallade|[miss]\n|-miss|p1a: Rotom|p2a: Gallade\n|\n|upkeep\n|turn|14\n|\n|t:|1700094022\n|detailschange|p2a: Gallade|Gallade-Mega, M\n|-mega|p2a: Gallade|Gallade|Galladite\n|move|p2a: Gallade|Leaf Blade|p1a: Rotom\n|-supereffective|p1a: Rotom\n|-damage|p1a: Rotom|47\/100\n|move|p1a: Rotom|Volt Switch|p2a: Gallade\n|-damage|p2a: Gallade|68\/100\n|\n|t:|1700094028\n|switch|p1a: Tapu Koko|Tapu Koko|45\/100|[from] Volt Switch\n|-fieldstart|move: Electric Terrain|[from] ability: Electric Surge|[of] p1a: Tapu Koko\n|\n|upkeep\n|turn|15\n|\n|t:|1700094044\n|switch|p2a: Bewear|Bewear, M|76\/100 tox\n|-damage|p2a: Bewear|70\/100 tox|[from] Stealth Rock\n|move|p1a: Tapu Koko|Dazzling Gleam|p2a: Bewear\n|-supereffective|p2a: Bewear\n|-damage|p2a: Bewear|0 fnt\n|faint|p2a: Bewear\n|\n|upkeep\n|\n|t:|1700094056\n|switch|p2a: Lucario|Lucario, M|100\/100\n|-damage|p2a: Lucario|98\/100|[from] Stealth Rock\n|turn|16\n|\n|t:|1700094069\n|-terastallize|p2a: Lucario|Normal\n|move|p2a: Lucario|Extreme Speed|p1a: Tapu Koko\n|-damage|p1a: Tapu Koko|0 fnt\n|faint|p1a: Tapu Koko\n|\n|upkeep\n|\n|t:|1700094076\n|switch|p1a: Iron Valiant|Iron Valiant|100\/100\n|-activate|p1a: Iron Valiant|ability: Quark Drive\n|-start|p1a: Iron Valiant|quarkdrivespe\n|turn|17\n|\n|t:|1700094089\n|switch|p2a: Gallade|Gallade-Mega, M|68\/100\n|-damage|p2a: Gallade|62\/100|[from] Stealth Rock\n|move|p1a: Iron Valiant|Focus Blast|p2a: Gallade\n|-resisted|p2a: Gallade\n|-damage|p2a: Gallade|21\/100\n|-unboost|p2a: Gallade|spd|1\n|-damage|p1a: Iron Valiant|91\/100|[from] item: Life Orb\n|\n|upkeep\n|turn|18\n|\n|t:|1700094099\n|move|p1a: Iron Valiant|Moonblast|p2a: Gallade\n|-supereffective|p2a: Gallade\n|-damage|p2a: Gallade|0 fnt\n|faint|p2a: Gallade\n|-damage|p1a: Iron Valiant|81\/100|[from] item: Life Orb\n|\n|-fieldend|move: Electric Terrain\n|-end|p1a: Iron Valiant|Quark Drive\n|upkeep\n|\n|t:|1700094109\n|switch|p2a: Blaziken|Blaziken, M|78\/100\n|-damage|p2a: Blaziken|66\/100|[from] Stealth Rock\n|turn|19\n|\n|t:|1700094116\n|move|p2a: Blaziken|Protect|p2a: Blaziken\n|-singleturn|p2a: Blaziken|Protect\n|move|p1a: Iron Valiant|Moonblast|p2a: Blaziken\n|-activate|p2a: Blaziken|move: Protect\n|\n|-ability|p2a: Blaziken|Speed Boost|boost\n|-boost|p2a: Blaziken|spe|1\n|upkeep\n|turn|20\n|\n|t:|1700094134\n|move|p2a: Blaziken|Fire Blast|p1a: Iron Valiant\n|-damage|p1a: Iron Valiant|0 fnt\n|faint|p1a: Iron Valiant\n|-end|p1a: Iron Valiant|Quark Drive|[silent]\n|-damage|p2a: Blaziken|56\/100|[from] item: Life Orb\n|\n|-ability|p2a: Blaziken|Speed Boost|boost\n|-boost|p2a: Blaziken|spe|1\n|upkeep\n|\n|t:|1700094141\n|switch|p1a: Hoopa|Hoopa-Unbound|100\/100\n|turn|21\n|\n|t:|1700094157\n|move|p2a: Blaziken|Fire Blast|p1a: Hoopa\n|-damage|p1a: Hoopa|45\/100\n|-status|p1a: Hoopa|brn\n|-damage|p2a: Blaziken|46\/100|[from] item: Life Orb\n|move|p1a: Hoopa|Hyperspace Fury|p2a: Blaziken\n|-resisted|p2a: Blaziken\n|-damage|p2a: Blaziken|11\/100\n|-unboost|p1a: Hoopa|def|1\n|\n|-damage|p1a: Hoopa|39\/100 brn|[from] brn\n|-ability|p2a: Blaziken|Speed Boost|boost\n|-boost|p2a: Blaziken|spe|1\n|upkeep\n|turn|22\n|\n|t:|1700094179\n|move|p2a: Blaziken|Fire Blast|p1a: Hoopa\n|-damage|p1a: Hoopa|0 fnt\n|faint|p1a: Hoopa\n|-damage|p2a: Blaziken|1\/100|[from] item: Life Orb\n|\n|-ability|p2a: Blaziken|Speed Boost|boost\n|-boost|p2a: Blaziken|spe|1\n|upkeep\n|\n|t:|1700094182\n|switch|p1a: Scizor|Scizor, F|89\/100\n|turn|23\n|\n|t:|1700094189\n|detailschange|p1a: Scizor|Scizor-Mega, F\n|-mega|p1a: Scizor|Scizor|Scizorite\n|move|p1a: Scizor|Bullet Punch|p2a: Blaziken\n|-resisted|p2a: Blaziken\n|-damage|p2a: Blaziken|0 fnt\n|faint|p2a: Blaziken\n|\n|upkeep\n|\n|t:|1700094196\n|switch|p2a: Kommo-o|Kommo-o, M|94\/100\n|-damage|p2a: Kommo-o|88\/100|[from] Stealth Rock\n|turn|24\n|\n|t:|1700094202\n|move|p2a: Kommo-o|Flamethrower|p1a: Scizor\n|-supereffective|p1a: Scizor\n|-damage|p1a: Scizor|9\/100\n|move|p1a: Scizor|Toxic|p2a: Kommo-o\n|-status|p2a: Kommo-o|tox\n|\n|-damage|p2a: Kommo-o|82\/100 tox|[from] psn\n|upkeep\n|turn|25\n|\n|t:|1700094211\n|move|p1a: Scizor|Bullet Punch|p2a: Kommo-o\n|-damage|p2a: Kommo-o|55\/100 tox\n|-zpower|p2a: Kommo-o\n|move|p2a: Kommo-o|Clangorous Soulblaze|p1a: Scizor|[zeffect]\n|-resisted|p1a: Scizor\n|-damage|p1a: Scizor|0 fnt\n|faint|p1a: Scizor\n|-boost|p2a: Kommo-o|atk|1\n|-boost|p2a: Kommo-o|def|1\n|-boost|p2a: Kommo-o|spa|1\n|-boost|p2a: Kommo-o|spd|1\n|-boost|p2a: Kommo-o|spe|1\n|\n|-damage|p2a: Kommo-o|42\/100 tox|[from] psn\n|upkeep\n|-message|system27 forfeited.\n|\n|win|Garry97\n|raw|system27's rating: 1345 &rarr; <strong>1332<\/strong><br \/>(-13 for losing)\n|raw|Garry97's rating: 1464 &rarr; <strong>1477<\/strong><br \/>(+13 for winning)\n|l|\u2606system27\n","uploadtime":1700094233,"views":4,"p1id":"system27","p2id":"garry97","formatid":"gen9nationaldex","rating":1332,"private":0,"password":""}