{"id":"gen9nationaldex-1998370379","p1":"thepirkachu","p2":"My170.TTV","format":"[Gen 9] National Dex","log":"|html|<div class=\"broadcast-blue\"><strong>[Gen 9] National Dex is currently suspecting Sneasler! For information on how to participate check out the <a href=\"https:\/\/www.smogon.com\/forums\/threads\/sv-national-dex-suspect-8-just-dance.3731534\/\">suspect thread<\/a>.<\/strong><\/div>\n|j|\u2606thepirkachu\n|j|\u2606My170.TTV\n|t:|1700934769\n|gametype|singles\n|player|p1|thepirkachu|ethan|\n|player|p2|My170.TTV|2|\n|teamsize|p1|6\n|teamsize|p2|6\n|gen|9\n|tier|[Gen 9] National Dex\n|rule|HP Percentage Mod: HP is shown in percentages\n|rule|Endless Battle Clause: Forcing endless battles is banned\n|rule|OHKO Clause: OHKO moves are banned\n|rule|Evasion Clause: Evasion abilities, items, and moves are banned\n|rule|Evasion Abilities Clause: Evasion abilities are banned\n|rule|Evasion Items Clause: Evasion items are banned\n|rule|Evasion Moves Clause: Evasion moves are banned\n|rule|Species Clause: Limit one of each Pok\u00e9mon\n|rule|Sleep Clause Mod: Limit one foe put to sleep\n|clearpoke\n|poke|p1|Blaziken, M|\n|poke|p1|Tatsugiri-Droopy, F|\n|poke|p1|Sinistcha-Masterpiece|\n|poke|p1|Slowking-Galar, M|\n|poke|p1|Garganacl, M|\n|poke|p1|Alcremie-Rainbow-Swirl, F|\n|poke|p2|Tatsugiri, F|\n|poke|p2|Blaziken, F|\n|poke|p2|Breloom, F|\n|poke|p2|Miltank, F|\n|poke|p2|Slurpuff, M|\n|poke|p2|Slowking-Galar, F|\n|teampreview\n|c|\u2606My170.TTV|+\n|c|\u2606My170.TTV|lol physics had almost the same team as me\n|c|\u2606My170.TTV|instead of breloom he used toedscruel\n|c|\u2606thepirkachu|yeah didnt want anyn overlapping types\n|\n|t:|1700934835\n|start\n|switch|p1a: Salt Block|Garganacl, M, shiny|100\/100\n|switch|p2a: Slurpuff|Slurpuff, M|100\/100\n|turn|1\n|\n|t:|1700934842\n|move|p2a: Slurpuff|Sticky Web|p1a: Salt Block\n|-sidestart|p1: thepirkachu|move: Sticky Web\n|move|p1a: Salt Block|Stealth Rock|p2a: Slurpuff\n|-sidestart|p2: My170.TTV|move: Stealth Rock\n|\n|upkeep\n|turn|2\n|\n|t:|1700934858\n|switch|p1a: Slurp|Tatsugiri-Droopy, F, shiny|100\/100\n|move|p2a: Slurpuff|Yawn|p1a: Slurp\n|-start|p1a: Slurp|move: Yawn|[of] p2a: Slurpuff\n|\n|upkeep\n|turn|3\n|\n|t:|1700934985\n|switch|p2a: Tatsugiri|Tatsugiri, F|100\/100\n|move|p1a: Slurp|Rapid Spin|p2a: Tatsugiri\n|-damage|p2a: Tatsugiri|90\/100\n|-boost|p1a: Slurp|spe|1\n|-sideend|p1: thepirkachu|Sticky Web|[from] move: Rapid Spin|[of] p1a: Slurp\n|\n|-end|p1a: Slurp|move: Yawn|[silent]\n|-status|p1a: Slurp|slp\n|upkeep\n|turn|4\n|\n|t:|1700935002\n|switch|p1a: Salt Block|Garganacl, M, shiny|100\/100\n|move|p2a: Tatsugiri|Rapid Spin|p1a: Salt Block\n|-resisted|p1a: Salt Block\n|-damage|p1a: Salt Block|98\/100\n|-boost|p2a: Tatsugiri|spe|1\n|-sideend|p2: My170.TTV|Stealth Rock|[from] move: Rapid Spin|[of] p2a: Tatsugiri\n|\n|-heal|p1a: Salt Block|100\/100|[from] item: Leftovers\n|upkeep\n|turn|5\n|\n|t:|1700935017\n|move|p2a: Tatsugiri|Surf|p1a: Salt Block\n|-supereffective|p1a: Salt Block\n|-damage|p1a: Salt Block|42\/100\n|move|p1a: Salt Block|Salt Cure|p2a: Tatsugiri\n|-damage|p2a: Tatsugiri|63\/100\n|-start|p2a: Tatsugiri|Salt Cure\n|\n|-heal|p1a: Salt Block|48\/100|[from] item: Leftovers\n|-damage|p2a: Tatsugiri|38\/100|[from] Salt Cure\n|upkeep\n|turn|6\n|\n|t:|1700935027\n|move|p1a: Salt Block|Protect|p1a: Salt Block\n|-singleturn|p1a: Salt Block|Protect\n|move|p2a: Tatsugiri|Surf|p1a: Salt Block\n|-activate|p1a: Salt Block|move: Protect\n|\n|-heal|p1a: Salt Block|54\/100|[from] item: Leftovers\n|-damage|p2a: Tatsugiri|13\/100|[from] Salt Cure\n|upkeep\n|turn|7\n|\n|t:|1700935046\n|switch|p2a: Breloom|Breloom, F|100\/100\n|move|p1a: Salt Block|Recover|p1a: Salt Block\n|-heal|p1a: Salt Block|100\/100\n|\n|upkeep\n|turn|8\n|\n|t:|1700935060\n|switch|p1a: Royal Adviser|Slowking-Galar, M|100\/100\n|move|p2a: Breloom|Bullet Seed|p1a: Royal Adviser\n|-resisted|p1a: Royal Adviser\n|-damage|p1a: Royal Adviser|91\/100\n|-resisted|p1a: Royal Adviser\n|-damage|p1a: Royal Adviser|82\/100\n|-resisted|p1a: Royal Adviser\n|-damage|p1a: Royal Adviser|72\/100\n|-resisted|p1a: Royal Adviser\n|-damage|p1a: Royal Adviser|62\/100\n|-resisted|p1a: Royal Adviser\n|-damage|p1a: Royal Adviser|51\/100\n|-hitcount|p1a: Royal Adviser|5\n|\n|upkeep\n|turn|9\n|\n|t:|1700935114\n|switch|p2a: Slowking|Slowking-Galar, F|100\/100\n|move|p1a: Royal Adviser|Sludge Bomb|p2a: Slowking\n|-resisted|p2a: Slowking\n|-damage|p2a: Slowking|91\/100\n|\n|upkeep\n|turn|10\n|\n|t:|1700935176\n|switch|p1a: Matcha Soul|Sinistcha-Masterpiece, shiny|100\/100\n|move|p2a: Slowking|Future Sight|p1a: Matcha Soul\n|-start|p2a: Slowking|move: Future Sight\n|\n|upkeep\n|turn|11\n|\n|t:|1700935207\n|move|p1a: Matcha Soul|Calm Mind|p1a: Matcha Soul\n|-boost|p1a: Matcha Soul|spa|1\n|-boost|p1a: Matcha Soul|spd|1\n|move|p2a: Slowking|Sludge Bomb|p1a: Matcha Soul\n|-damage|p1a: Matcha Soul|64\/100\n|-status|p1a: Matcha Soul|psn\n|\n|-heal|p1a: Matcha Soul|70\/100 psn|[from] item: Leftovers\n|-damage|p1a: Matcha Soul|58\/100 psn|[from] psn\n|upkeep\n|turn|12\n|\n|t:|1700935234\n|move|p1a: Matcha Soul|Strength Sap|p2a: Slowking\n|-unboost|p2a: Slowking|atk|1\n|-heal|p1a: Matcha Soul|93\/100 psn\n|move|p2a: Slowking|Sludge Bomb|p1a: Matcha Soul\n|-damage|p1a: Matcha Soul|54\/100 psn\n|\n|-end|p1a: Matcha Soul|move: Future Sight\n|-damage|p1a: Matcha Soul|6\/100 psn\n|-heal|p1a: Matcha Soul|12\/100 psn|[from] item: Leftovers\n|-damage|p1a: Matcha Soul|0 fnt|[from] psn\n|faint|p1a: Matcha Soul\n|upkeep\n|\n|t:|1700935263\n|switch|p1a: Royal Adviser|Slowking-Galar, M|84\/100\n|turn|13\n|\n|t:|1700935267\n|move|p2a: Slowking|Future Sight|p1a: Royal Adviser\n|-start|p2a: Slowking|move: Future Sight\n|move|p1a: Royal Adviser|Psychic|p2a: Slowking\n|-damage|p2a: Slowking|71\/100\n|\n|upkeep\n|turn|14\n|\n|t:|1700935276\n|move|p2a: Slowking|Surf|p1a: Royal Adviser\n|-damage|p1a: Royal Adviser|70\/100\n|move|p1a: Royal Adviser|Ice Beam|p2a: Slowking\n|-damage|p2a: Slowking|57\/100\n|\n|upkeep\n|turn|15\n|\n|t:|1700935302\n|switch|p2a: Miltank|Miltank, F|100\/100\n|move|p1a: Royal Adviser|Psychic|p2a: Miltank\n|-damage|p2a: Miltank|58\/100\n|\n|-end|p1a: Royal Adviser|move: Future Sight\n|-damage|p1a: Royal Adviser|42\/100\n|upkeep\n|turn|16\n|\n|t:|1700935320\n|move|p2a: Miltank|Body Slam|p1a: Royal Adviser\n|-damage|p1a: Royal Adviser|18\/100\n|move|p1a: Royal Adviser|Ice Beam|p2a: Miltank\n|-damage|p2a: Miltank|31\/100\n|\n|upkeep\n|turn|17\n|\n|t:|1700935338\n|switch|p1a: Salt Block|Garganacl, M, shiny|100\/100\n|move|p2a: Miltank|Milk Drink|p2a: Miltank\n|-heal|p2a: Miltank|81\/100\n|\n|upkeep\n|turn|18\n|\n|t:|1700935344\n|move|p2a: Miltank|Toxic|p1a: Salt Block\n|-immune|p1a: Salt Block|[from] ability: Purifying Salt\n|move|p1a: Salt Block|Salt Cure|p2a: Miltank\n|-damage|p2a: Miltank|72\/100\n|-start|p2a: Miltank|Salt Cure\n|\n|-damage|p2a: Miltank|59\/100|[from] Salt Cure\n|upkeep\n|turn|19\n|\n|t:|1700935354\n|switch|p2a: Breloom|Breloom, F|100\/100\n|move|p1a: Salt Block|Stealth Rock|p2a: Breloom\n|-sidestart|p2: My170.TTV|move: Stealth Rock\n|\n|upkeep\n|turn|20\n|\n|t:|1700935383\n|switch|p1a: Royal Adviser|Slowking-Galar, M|51\/100\n|move|p2a: Breloom|Rock Tomb|p1a: Royal Adviser\n|-damage|p1a: Royal Adviser|17\/100\n|-unboost|p1a: Royal Adviser|spe|1\n|\n|upkeep\n|turn|21\n|\n|t:|1700935395\n|switch|p1a: Salt Block|Garganacl, M, shiny|100\/100\n|move|p2a: Breloom|Rock Tomb|p1a: Salt Block\n|-damage|p1a: Salt Block|80\/100\n|-unboost|p1a: Salt Block|spe|1\n|\n|-heal|p1a: Salt Block|86\/100|[from] item: Leftovers\n|upkeep\n|turn|22\n|\n|t:|1700935404\n|move|p2a: Breloom|Bullet Seed|p1a: Salt Block\n|-supereffective|p1a: Salt Block\n|-damage|p1a: Salt Block|60\/100\n|-supereffective|p1a: Salt Block\n|-damage|p1a: Salt Block|34\/100\n|-supereffective|p1a: Salt Block\n|-damage|p1a: Salt Block|6\/100\n|-supereffective|p1a: Salt Block\n|-damage|p1a: Salt Block|0 fnt\n|faint|p1a: Salt Block\n|-hitcount|p1: Salt Block|4\n|\n|upkeep\n|\n|t:|1700935412\n|switch|p1a: Whipped|Alcremie-Rainbow-Swirl, F, shiny|100\/100\n|turn|23\n|\n|t:|1700935422\n|switch|p2a: Slowking|Slowking-Galar, F|90\/100\n|-damage|p2a: Slowking|78\/100|[from] Stealth Rock\n|move|p1a: Whipped|Aromatherapy|p1a: Whipped\n|-activate|p1a: Whipped|move: Aromatherapy\n|-curestatus|p1: Slurp|slp|[msg]\n|\n|upkeep\n|turn|24\n|\n|t:|1700935486\n|move|p1a: Whipped|Mystical Fire|p2a: Slowking\n|-damage|p2a: Slowking|68\/100\n|-unboost|p2a: Slowking|spa|1\n|move|p2a: Slowking|Future Sight|p1a: Whipped\n|-start|p2a: Slowking|move: Future Sight\n|\n|upkeep\n|turn|25\n|\n|t:|1700935532\n|switch|p1a: Slurp|Tatsugiri-Droopy, F, shiny|100\/100\n|move|p2a: Slowking|Sludge Bomb|p1a: Slurp\n|-damage|p1a: Slurp|62\/100\n|\n|upkeep\n|turn|26\n|\n|t:|1700935563\n|move|p1a: Slurp|Rapid Spin|p2a: Slowking\n|-damage|p2a: Slowking|62\/100\n|-boost|p1a: Slurp|spe|1\n|move|p2a: Slowking|Sludge Bomb|p1a: Slurp\n|-damage|p1a: Slurp|23\/100\n|\n|-end|p1a: Slurp|move: Future Sight\n|-damage|p1a: Slurp|0 fnt\n|faint|p1a: Slurp\n|upkeep\n|\n|t:|1700935593\n|switch|p1a: Spicy Chicken|Blaziken, M|100\/100\n|turn|27\n|\n|t:|1700935598\n|move|p1a: Spicy Chicken|Flare Blitz|p2a: Slowking\n|-damage|p2a: Slowking|0 fnt\n|faint|p2a: Slowking\n|-damage|p1a: Spicy Chicken|74\/100|[from] Recoil\n|-damage|p1a: Spicy Chicken|64\/100|[from] item: Life Orb\n|\n|-ability|p1a: Spicy Chicken|Speed Boost|boost\n|-boost|p1a: Spicy Chicken|spe|1\n|upkeep\n|\n|t:|1700935612\n|switch|p2a: Blaziken|Blaziken, F|100\/100\n|-damage|p2a: Blaziken|88\/100|[from] Stealth Rock\n|turn|28\n|\n|t:|1700935628\n|move|p1a: Spicy Chicken|Close Combat|p2a: Blaziken\n|-damage|p2a: Blaziken|0 fnt\n|-unboost|p1a: Spicy Chicken|def|1\n|-unboost|p1a: Spicy Chicken|spd|1\n|faint|p2a: Blaziken\n|-damage|p1a: Spicy Chicken|54\/100|[from] item: Life Orb\n|\n|-ability|p1a: Spicy Chicken|Speed Boost|boost\n|-boost|p1a: Spicy Chicken|spe|1\n|upkeep\n|\n|t:|1700935637\n|switch|p2a: Breloom|Breloom, F|100\/100\n|-damage|p2a: Breloom|94\/100|[from] Stealth Rock\n|turn|29\n|\n|t:|1700935703\n|-terastallize|p2a: Breloom|Fighting\n|move|p2a: Breloom|Mach Punch|p1a: Spicy Chicken\n|-damage|p1a: Spicy Chicken|0 fnt\n|faint|p1a: Spicy Chicken\n|\n|upkeep\n|\n|t:|1700935710\n|switch|p1a: Whipped|Alcremie-Rainbow-Swirl, F, shiny|100\/100\n|turn|30\n|\n|t:|1700935715\n|move|p2a: Breloom|Bullet Seed|p1a: Whipped\n|-damage|p1a: Whipped|84\/100\n|-damage|p1a: Whipped|68\/100\n|-damage|p1a: Whipped|49\/100\n|-damage|p1a: Whipped|31\/100\n|-hitcount|p1a: Whipped|4\n|move|p1a: Whipped|Calm Mind|p1a: Whipped\n|-boost|p1a: Whipped|spa|1\n|-boost|p1a: Whipped|spd|1\n|\n|-heal|p1a: Whipped|37\/100|[from] item: Leftovers\n|upkeep\n|turn|31\n|\n|t:|1700935725\n|move|p2a: Breloom|Spore|p1a: Whipped\n|-block|p1a: Whipped|ability: Sweet Veil|[of] p1a: Whipped\n|move|p1a: Whipped|Dazzling Gleam|p2a: Breloom\n|-supereffective|p2a: Breloom\n|-crit|p2a: Breloom\n|-damage|p2a: Breloom|0 fnt\n|faint|p2a: Breloom\n|\n|-heal|p1a: Whipped|43\/100|[from] item: Leftovers\n|upkeep\n|\n|t:|1700935737\n|switch|p2a: Slurpuff|Slurpuff, M|100\/100\n|-damage|p2a: Slurpuff|88\/100|[from] Stealth Rock\n|turn|32\n|\n|t:|1700935819\n|move|p2a: Slurpuff|Misty Explosion|p1a: Whipped\n|-damage|p1a: Whipped|26\/100\n|faint|p2a: Slurpuff\n|move|p1a: Whipped|Mystical Fire|p2: Slurpuff|[notarget]\n|-fail|p1a: Whipped\n|\n|-heal|p1a: Whipped|32\/100|[from] item: Leftovers\n|upkeep\n|\n|t:|1700935829\n|switch|p2a: Tatsugiri|Tatsugiri, F|13\/100\n|turn|33\n|\n|t:|1700935839\n|move|p2a: Tatsugiri|Rapid Spin|p1a: Whipped\n|-damage|p1a: Whipped|27\/100\n|-boost|p2a: Tatsugiri|spe|1\n|-sideend|p2: My170.TTV|Stealth Rock|[from] move: Rapid Spin|[of] p2a: Tatsugiri\n|move|p1a: Whipped|Dazzling Gleam|p2a: Tatsugiri\n|-supereffective|p2a: Tatsugiri\n|-damage|p2a: Tatsugiri|0 fnt\n|faint|p2a: Tatsugiri\n|\n|-heal|p1a: Whipped|33\/100|[from] item: Leftovers\n|upkeep\n|\n|t:|1700935847\n|switch|p2a: Miltank|Miltank, F|59\/100\n|turn|34\n|\n|t:|1700935991\n|move|p2a: Miltank|Body Slam|p1a: Whipped\n|-damage|p1a: Whipped|9\/100\n|-status|p1a: Whipped|par\n|move|p1a: Whipped|Dazzling Gleam|p2a: Miltank\n|-damage|p2a: Miltank|7\/100\n|\n|-heal|p1a: Whipped|15\/100 par|[from] item: Leftovers\n|upkeep\n|turn|35\n|\n|t:|1700936012\n|move|p2a: Miltank|Body Slam|p1a: Whipped\n|-damage|p1a: Whipped|0 fnt\n|faint|p1a: Whipped\n|\n|upkeep\n|\n|t:|1700936015\n|switch|p1a: Royal Adviser|Slowking-Galar, M|50\/100\n|turn|36\n|\n|t:|1700936047\n|move|p2a: Miltank|Milk Drink|p2a: Miltank\n|-heal|p2a: Miltank|57\/100\n|move|p1a: Royal Adviser|Sludge Bomb|p2a: Miltank\n|-damage|p2a: Miltank|12\/100\n|\n|upkeep\n|turn|37\n|\n|t:|1700936068\n|move|p2a: Miltank|Body Slam|p1a: Royal Adviser\n|-damage|p1a: Royal Adviser|27\/100\n|move|p1a: Royal Adviser|Sludge Bomb|p2a: Miltank\n|-damage|p2a: Miltank|0 fnt\n|faint|p2a: Miltank\n|\n|win|thepirkachu\n|c|\u2606My170.TTV|ugh\n|c|\u2606thepirkachu|gg\n|c|\u2606My170.TTV|shouldn't have used spore\n|c|\u2606My170.TTV|forgot it coudn't be put to sleep\n|c|\u2606My170.TTV|STUPID STUPID STUPID\n","uploadtime":1700936112,"views":1,"p1id":"thepirkachu","p2id":"my170ttv","formatid":"gen9nationaldex","rating":0,"private":0,"password":""}