{"id":"gen9nationaldex-1993752211","p1":"Feuertraene","p2":"Red Vs Showdown","format":"[Gen 9] National Dex","log":"|j|\u2606Feuertraene\n|j|\u2606Red Vs Showdown\n|inactive|Battle timer is ON: inactive players will automatically lose when time's up.\n|t:|1700353037\n|gametype|singles\n|player|p1|Feuertraene|cynthia-gen4|\n|player|p2|Red Vs Showdown|red-gen2|\n|teamsize|p1|6\n|teamsize|p2|6\n|gen|9\n|tier|[Gen 9] National Dex\n|rated|Tournament battle\n|rule|HP Percentage Mod: HP is shown in percentages\n|rule|Endless Battle Clause: Forcing endless battles is banned\n|rule|OHKO Clause: OHKO moves are banned\n|rule|Evasion Clause: Evasion abilities, items, and moves are banned\n|rule|Evasion Abilities Clause: Evasion abilities are banned\n|rule|Evasion Items Clause: Evasion items are banned\n|rule|Evasion Moves Clause: Evasion moves are banned\n|rule|Species Clause: Limit one of each Pok\u00e9mon\n|rule|Sleep Clause Mod: Limit one foe put to sleep\n|clearpoke\n|poke|p1|Tapu Koko|\n|poke|p1|Sneasler, M|\n|poke|p1|Cloyster, F|\n|poke|p1|Landorus-Therian, M|\n|poke|p1|Jirachi|\n|poke|p1|Dragonite, F|\n|poke|p2|Pikachu, F|\n|poke|p2|Charizard, M|\n|poke|p2|Blastoise, M|\n|poke|p2|Venusaur, F|\n|poke|p2|Snorlax, M|\n|poke|p2|Espeon, F|\n|teampreview\n|inactive|Feuertraene also wants the timer to be on.\n|c|\u2606Red Vs Showdown|...\n|c|\u2606Feuertraene|...\n|\n|t:|1700353044\n|start\n|switch|p1a: Landorus|Landorus-Therian, M, shiny|100\/100\n|switch|p2a: Pikachu|Pikachu, F|100\/100\n|-ability|p1a: Landorus|Intimidate|boost\n|-unboost|p2a: Pikachu|atk|1\n|turn|1\n|\n|t:|1700353048\n|move|p2a: Pikachu|Fake Out|p1a: Landorus\n|-damage|p1a: Landorus|86\/100\n|cant|p1a: Landorus|flinch\n|\n|upkeep\n|turn|2\n|\n|t:|1700353063\n|switch|p2a: Espeon|Espeon, F|100\/100\n|move|p1a: Landorus|Earthquake|p2a: Espeon\n|-damage|p2a: Espeon|0 fnt\n|faint|p2a: Espeon\n|\n|upkeep\n|\n|t:|1700353065\n|switch|p2a: Charizard|Charizard, M|100\/100\n|turn|3\n|\n|t:|1700353071\n|detailschange|p2a: Charizard|Charizard-Mega-Y, M\n|-mega|p2a: Charizard|Charizard|Charizardite Y\n|-weather|SunnyDay|[from] ability: Drought|[of] p2a: Charizard\n|move|p2a: Charizard|Fire Blast|p1a: Landorus\n|-damage|p1a: Landorus|0 fnt\n|faint|p1a: Landorus\n|\n|-weather|SunnyDay|[upkeep]\n|upkeep\n|\n|t:|1700353074\n|switch|p1a: Tapu Koko|Tapu Koko, shiny|100\/100\n|-fieldstart|move: Electric Terrain|[from] ability: Electric Surge|[of] p1a: Tapu Koko\n|turn|4\n|\n|t:|1700353084\n|switch|p1a: Jirachi|Jirachi, shiny|100\/100\n|switch|p2a: Pikachu|Pikachu, F|100\/100\n|\n|-weather|SunnyDay|[upkeep]\n|upkeep\n|turn|5\n|\n|t:|1700353095\n|move|p2a: Pikachu|Fake Out|p1a: Jirachi\n|-resisted|p1a: Jirachi\n|-damage|p1a: Jirachi|91\/100\n|cant|p1a: Jirachi|flinch\n|\n|-weather|SunnyDay|[upkeep]\n|upkeep\n|turn|6\n|\n|t:|1700353098\n|switch|p2a: Snorlax|Snorlax, M|100\/100\n|-zpower|p1a: Jirachi\n|move|p1a: Jirachi|Z-Happy Hour|p1a: Jirachi|[anim]Happy Hour\n|-boost|p1a: Jirachi|atk|1|[zeffect]\n|-boost|p1a: Jirachi|def|1|[zeffect]\n|-boost|p1a: Jirachi|spa|1|[zeffect]\n|-boost|p1a: Jirachi|spd|1|[zeffect]\n|-boost|p1a: Jirachi|spe|1|[zeffect]\n|\n|-weather|SunnyDay|[upkeep]\n|upkeep\n|turn|7\n|\n|t:|1700353109\n|move|p1a: Jirachi|Stored Power|p2a: Snorlax\n|-damage|p2a: Snorlax|54\/100\n|move|p2a: Snorlax|Heat Crash|p1a: Jirachi\n|-supereffective|p1a: Jirachi\n|-damage|p1a: Jirachi|0 fnt\n|faint|p1a: Jirachi\n|\n|-weather|none\n|upkeep\n|\n|t:|1700353125\n|switch|p1a: Cloyster|Cloyster, F, shiny|100\/100\n|turn|8\n|\n|t:|1700353128\n|move|p1a: Cloyster|Shell Smash|p1a: Cloyster\n|-unboost|p1a: Cloyster|def|1\n|-unboost|p1a: Cloyster|spd|1\n|-boost|p1a: Cloyster|atk|2\n|-boost|p1a: Cloyster|spa|2\n|-boost|p1a: Cloyster|spe|2\n|move|p2a: Snorlax|Heat Crash|p1a: Cloyster\n|-damage|p1a: Cloyster|47\/100\n|\n|-fieldend|move: Electric Terrain\n|upkeep\n|turn|9\n|\n|t:|1700353134\n|move|p1a: Cloyster|Icicle Spear|p2a: Snorlax\n|-damage|p2a: Snorlax|41\/100\n|-damage|p2a: Snorlax|30\/100\n|-damage|p2a: Snorlax|16\/100\n|-damage|p2a: Snorlax|4\/100\n|-damage|p2a: Snorlax|0 fnt\n|faint|p2a: Snorlax\n|-hitcount|p2: Snorlax|5\n|\n|upkeep\n|\n|t:|1700353138\n|switch|p2a: Pikachu|Pikachu, F|100\/100\n|turn|10\n|\n|t:|1700353147\n|move|p2a: Pikachu|Fake Out|p1a: Cloyster\n|-damage|p1a: Cloyster|25\/100\n|cant|p1a: Cloyster|flinch\n|\n|upkeep\n|turn|11\n|\n|t:|1700353149\n|move|p2a: Pikachu|Extreme Speed|p1a: Cloyster\n|-damage|p1a: Cloyster|0 fnt\n|faint|p1a: Cloyster\n|\n|upkeep\n|\n|t:|1700353154\n|switch|p1a: Dragonite|Dragonite, F, shiny|100\/100\n|turn|12\n|\n|t:|1700353163\n|switch|p2a: Blastoise|Blastoise, M|100\/100\n|move|p1a: Dragonite|Dragon Dance|p1a: Dragonite\n|-boost|p1a: Dragonite|atk|1\n|-boost|p1a: Dragonite|spe|1\n|\n|upkeep\n|turn|13\n|\n|t:|1700353167\n|-terastallize|p1a: Dragonite|Normal\n|move|p1a: Dragonite|Extreme Speed|p2a: Blastoise\n|-damage|p2a: Blastoise|54\/100\n|move|p2a: Blastoise|Ice Beam|p1a: Dragonite\n|-damage|p1a: Dragonite|91\/100\n|\n|-heal|p2a: Blastoise|60\/100|[from] item: Leftovers\n|upkeep\n|turn|14\n|j| Potatofromsinnoh\n|\n|t:|1700353173\n|move|p1a: Dragonite|Extreme Speed|p2a: Blastoise\n|-damage|p2a: Blastoise|15\/100\n|move|p2a: Blastoise|Roar|p1a: Dragonite\n|drag|p1a: Tapu Koko|Tapu Koko, shiny|100\/100\n|-fieldstart|move: Electric Terrain|[from] ability: Electric Surge|[of] p1a: Tapu Koko\n|\n|-heal|p2a: Blastoise|21\/100|[from] item: Leftovers\n|upkeep\n|turn|15\n|\n|t:|1700353184\n|move|p1a: Tapu Koko|Dazzling Gleam|p2a: Blastoise\n|-damage|p2a: Blastoise|0 fnt\n|faint|p2a: Blastoise\n|\n|upkeep\n|\n|t:|1700353185\n|switch|p2a: Charizard|Charizard-Mega-Y, M|100\/100\n|-weather|SunnyDay|[from] ability: Drought|[of] p2a: Charizard\n|turn|16\n|\n|t:|1700353191\n|move|p1a: Tapu Koko|Volt Switch|p2a: Charizard\n|-supereffective|p2a: Charizard\n|-damage|p2a: Charizard|23\/100\n|\n|t:|1700353195\n|switch|p1a: Dragonite|Dragonite, F, shiny, tera:Normal|91\/100|[from] Volt Switch\n|move|p2a: Charizard|Fire Blast|p1a: Dragonite\n|-damage|p1a: Dragonite|0 fnt\n|faint|p1a: Dragonite\n|\n|-weather|SunnyDay|[upkeep]\n|upkeep\n|\n|t:|1700353197\n|switch|p1a: Sneasler|Sneasler, M, shiny|100\/100\n|-enditem|p1a: Sneasler|Electric Seed\n|-boost|p1a: Sneasler|def|1|[from] item: Electric Seed\n|turn|17\n|\n|t:|1700353216\n|move|p1a: Sneasler|Acrobatics|p2a: Charizard\n|-damage|p2a: Charizard|0 fnt\n|faint|p2a: Charizard\n|\n|-weather|SunnyDay|[upkeep]\n|upkeep\n|\n|t:|1700353218\n|switch|p2a: Pikachu|Pikachu, F|100\/100\n|turn|18\n|\n|t:|1700353224\n|-terastallize|p2a: Pikachu|Normal\n|move|p2a: Pikachu|Fake Out|p1a: Sneasler\n|-damage|p1a: Sneasler|70\/100\n|cant|p1a: Sneasler|flinch\n|\n|-weather|SunnyDay|[upkeep]\n|-fieldend|move: Electric Terrain\n|upkeep\n|turn|19\n|\n|t:|1700353238\n|switch|p2a: Venusaur|Venusaur, F|100\/100\n|move|p1a: Sneasler|Close Combat|p2a: Venusaur\n|-resisted|p2a: Venusaur\n|-damage|p2a: Venusaur|56\/100\n|-unboost|p1a: Sneasler|def|1\n|-unboost|p1a: Sneasler|spd|1\n|\n|-weather|SunnyDay|[upkeep]\n|upkeep\n|turn|20\n|\n|t:|1700353245\n|move|p1a: Sneasler|Acrobatics|p2a: Venusaur\n|-supereffective|p2a: Venusaur\n|-damage|p2a: Venusaur|0 fnt\n|faint|p2a: Venusaur\n|\n|-weather|none\n|upkeep\n|\n|t:|1700353246\n|switch|p2a: Pikachu|Pikachu, F, tera:Normal|100\/100\n|turn|21\n|\n|t:|1700353249\n|move|p2a: Pikachu|Extreme Speed|p1a: Sneasler\n|-damage|p1a: Sneasler|0 fnt\n|faint|p1a: Sneasler\n|\n|upkeep\n|\n|t:|1700353252\n|switch|p1a: Tapu Koko|Tapu Koko, shiny|100\/100\n|-fieldstart|move: Electric Terrain|[from] ability: Electric Surge|[of] p1a: Tapu Koko\n|turn|22\n|\n|t:|1700353254\n|move|p2a: Pikachu|Extreme Speed|p1a: Tapu Koko\n|-damage|p1a: Tapu Koko|25\/100\n|move|p1a: Tapu Koko|Dazzling Gleam|p2a: Pikachu\n|-damage|p2a: Pikachu|9\/100\n|\n|upkeep\n|turn|23\n|c|\u2606Red Vs Showdown|...\n|\n|t:|1700353258\n|move|p2a: Pikachu|Extreme Speed|p1a: Tapu Koko\n|-damage|p1a: Tapu Koko|0 fnt\n|faint|p1a: Tapu Koko\n|\n|win|Red Vs Showdown\n|n|\u2606Feuertraene|feuertraene\n|n|\u2606Red Vs Showdown|redvsshowdown\n|n| Potatofromsinnoh|potatofromsinnoh\n","uploadtime":1700353263,"views":7,"p1id":"feuertraene","p2id":"redvsshowdown","formatid":"gen9nationaldex","rating":0,"private":0,"password":""}