{"id":"gen9nationaldex-1990006048","p1":"I like bug alots","p2":"metaAndLose","format":"[Gen 9] National Dex","log":"|j|\u2606I like bug alots\n|j|\u2606metaAndLose\n|t:|1699914653\n|gametype|singles\n|player|p1|I like bug alots|elesa|1251\n|player|p2|metaAndLose|giovanni|1359\n|teamsize|p1|6\n|teamsize|p2|6\n|gen|9\n|tier|[Gen 9] National Dex\n|rated|\n|rule|HP Percentage Mod: HP is shown in percentages\n|rule|Endless Battle Clause: Forcing endless battles is banned\n|rule|OHKO Clause: OHKO moves are banned\n|rule|Evasion Clause: Evasion abilities, items, and moves are banned\n|rule|Evasion Abilities Clause: Evasion abilities are banned\n|rule|Evasion Items Clause: Evasion items are banned\n|rule|Evasion Moves Clause: Evasion moves are banned\n|rule|Species Clause: Limit one of each Pok\u00e9mon\n|rule|Sleep Clause Mod: Limit one foe put to sleep\n|clearpoke\n|poke|p1|Kleavor, M|\n|poke|p1|Volcarona, M|\n|poke|p1|Araquanid, F|\n|poke|p1|Pinsir, F|\n|poke|p1|Yanmega, M|\n|poke|p1|Rabsca, M|\n|poke|p2|Slurpuff, F|\n|poke|p2|Tapu Lele|\n|poke|p2|Minior-Violet|\n|poke|p2|Absol, F|\n|poke|p2|Zygarde-10%|\n|poke|p2|Torkoal, F|\n|teampreview\n|inactive|Battle timer is ON: inactive players will automatically lose when time's up. (requested by metaAndLose)\n|\n|t:|1699914679\n|start\n|switch|p1a: Araquanid|Araquanid, F|100\/100\n|switch|p2a: Slurpuff|Slurpuff, F|100\/100\n|turn|1\n|\n|t:|1699914683\n|move|p2a: Slurpuff|Belly Drum|p2a: Slurpuff\n|-damage|p2a: Slurpuff|50\/100\n|-setboost|p2a: Slurpuff|atk|6|[from] move: Belly Drum\n|-enditem|p1a: Araquanid|Mirror Herb\n|-boost|p1a: Araquanid|atk|6|[from] item: Mirror Herb\n|-enditem|p2a: Slurpuff|Sitrus Berry|[eat]\n|-heal|p2a: Slurpuff|75\/100|[from] item: Sitrus Berry\n|move|p1a: Araquanid|Liquidation|p2a: Slurpuff\n|-damage|p2a: Slurpuff|0 fnt\n|faint|p2a: Slurpuff\n|\n|upkeep\n|\n|t:|1699914696\n|switch|p2a: Minior|Minior-Violet|100\/100\n|-formechange|p2a: Minior|Minior-Meteor||[from] ability: Shields Down\n|turn|2\n|c|\u2606I like bug alots|\ud83d\ude4f\n|c|\u2606metaAndLose|Ngl that was sick\n|\n|t:|1699914713\n|-terastallize|p1a: Araquanid|Water\n|move|p2a: Minior|Shell Smash|p2a: Minior\n|-unboost|p2a: Minior|def|1\n|-unboost|p2a: Minior|spd|1\n|-boost|p2a: Minior|atk|2\n|-boost|p2a: Minior|spa|2\n|-boost|p2a: Minior|spe|2\n|move|p1a: Araquanid|Liquidation|p2a: Minior\n|-supereffective|p2a: Minior\n|-enditem|p2a: Minior|Focus Sash\n|-damage|p2a: Minior|1\/100\n|\n|-formechange|p2a: Minior|Minior-Violet||[from] ability: Shields Down\n|upkeep\n|turn|3\n|\n|t:|1699914725\n|move|p2a: Minior|Earthquake|p1a: Araquanid\n|-damage|p1a: Araquanid|45\/100\n|move|p1a: Araquanid|Liquidation|p2a: Minior\n|-supereffective|p2a: Minior\n|-damage|p2a: Minior|0 fnt\n|faint|p2a: Minior\n|\n|upkeep\n|\n|t:|1699914729\n|switch|p2a: Absol|Absol, F|100\/100\n|-ability|p2a: Absol|Pressure\n|turn|4\n|c|\u2606I like bug alots|swagger mirror heb funny\n|\n|t:|1699914746\n|detailschange|p2a: Absol|Absol-Mega, F\n|-mega|p2a: Absol|Absol|Absolite\n|move|p2a: Absol|Thunderbolt|p1a: Araquanid\n|-supereffective|p1a: Araquanid\n|-damage|p1a: Araquanid|0 fnt\n|faint|p1a: Araquanid\n|\n|upkeep\n|\n|t:|1699914751\n|switch|p1a: Volcarona|Volcarona, M|100\/100\n|turn|5\n|\n|t:|1699914756\n|switch|p2a: Torkoal|Torkoal, F|100\/100\n|-weather|SunnyDay|[from] ability: Drought|[of] p2a: Torkoal\n|move|p1a: Volcarona|Quiver Dance|p1a: Volcarona\n|-boost|p1a: Volcarona|spa|1\n|-boost|p1a: Volcarona|spd|1\n|-boost|p1a: Volcarona|spe|1\n|\n|-weather|SunnyDay|[upkeep]\n|upkeep\n|turn|6\n|\n|t:|1699914762\n|move|p1a: Volcarona|Quiver Dance|p1a: Volcarona\n|-boost|p1a: Volcarona|spa|1\n|-boost|p1a: Volcarona|spd|1\n|-boost|p1a: Volcarona|spe|1\n|move|p2a: Torkoal|Toxic|p1a: Volcarona\n|-status|p1a: Volcarona|tox\n|\n|-weather|SunnyDay|[upkeep]\n|-damage|p1a: Volcarona|94\/100 tox|[from] psn\n|upkeep\n|turn|7\n|\n|t:|1699914771\n|move|p1a: Volcarona|Flamethrower|p2a: Torkoal\n|-resisted|p2a: Torkoal\n|-crit|p2a: Torkoal\n|-damage|p2a: Torkoal|0 fnt\n|faint|p2a: Torkoal\n|\n|-weather|SunnyDay|[upkeep]\n|-damage|p1a: Volcarona|82\/100 tox|[from] psn\n|upkeep\n|\n|t:|1699914777\n|switch|p2a: Zygarde|Zygarde-10%|100\/100\n|-ability|p2a: Zygarde|Aura Break\n|turn|8\n|\n|t:|1699914785\n|switch|p2a: Tapu Lele|Tapu Lele|100\/100\n|-fieldstart|move: Psychic Terrain|[from] ability: Psychic Surge|[of] p2a: Tapu Lele\n|move|p1a: Volcarona|Bug Buzz|p2a: Tapu Lele\n|-damage|p2a: Tapu Lele|14\/100\n|\n|-weather|SunnyDay|[upkeep]\n|-damage|p1a: Volcarona|64\/100 tox|[from] psn\n|upkeep\n|turn|9\n|\n|t:|1699914789\n|move|p1a: Volcarona|Bug Buzz|p2a: Tapu Lele\n|-damage|p2a: Tapu Lele|0 fnt\n|faint|p2a: Tapu Lele\n|\n|-weather|none\n|-damage|p1a: Volcarona|39\/100 tox|[from] psn\n|upkeep\n|\n|t:|1699914793\n|switch|p2a: Zygarde|Zygarde-10%|100\/100\n|-ability|p2a: Zygarde|Aura Break\n|turn|10\n|\n|t:|1699914798\n|move|p1a: Volcarona|Bug Buzz|p2a: Zygarde\n|-enditem|p2a: Zygarde|Focus Sash\n|-damage|p2a: Zygarde|1\/100\n|move|p2a: Zygarde|Thousand Arrows|p1a: Volcarona\n|-damage|p1a: Volcarona|0 fnt\n|faint|p1a: Volcarona\n|\n|upkeep\n|\n|t:|1699914805\n|switch|p1a: Yanmega|Yanmega, M|100\/100\n|turn|11\n|\n|t:|1699914808\n|move|p1a: Yanmega|Detect|p1a: Yanmega\n|-singleturn|p1a: Yanmega|Protect\n|move|p2a: Zygarde|Thousand Arrows|p1a: Yanmega\n|-activate|p1a: Yanmega|move: Protect\n|\n|-ability|p1a: Yanmega|Speed Boost|boost\n|-boost|p1a: Yanmega|spe|1\n|upkeep\n|turn|12\n|\n|t:|1699914810\n|move|p1a: Yanmega|Bug Buzz|p2a: Zygarde\n|-damage|p2a: Zygarde|0 fnt\n|faint|p2a: Zygarde\n|-enditem|p1a: Yanmega|Throat Spray\n|-boost|p1a: Yanmega|spa|1|[from] item: Throat Spray\n|\n|-ability|p1a: Yanmega|Speed Boost|boost\n|-boost|p1a: Yanmega|spe|1\n|upkeep\n|\n|t:|1699914812\n|switch|p2a: Absol|Absol-Mega, F|100\/100\n|turn|13\n|\n|t:|1699914815\n|move|p1a: Yanmega|Bug Buzz|p2a: Absol\n|-supereffective|p2a: Absol\n|-crit|p2a: Absol\n|-damage|p2a: Absol|0 fnt\n|faint|p2a: Absol\n|\n|win|I like bug alots\n|raw|I like bug alots's rating: 1251 &rarr; <strong>1284<\/strong><br \/>(+33 for winning)\n|raw|metaAndLose's rating: 1359 &rarr; <strong>1333<\/strong><br \/>(-26 for losing)\n|l|\u2606metaAndLose\n|c|\u2606I like bug alots|gg\n","uploadtime":1699914827,"views":33,"p1id":"ilikebugalots","p2id":"metaandlose","formatid":"gen9nationaldex","rating":1284,"private":0,"password":""}