{"id":"gen9nationaldex-1988746330","p1":"dratini1yt","p2":"shiyv","format":"[Gen 9] National Dex","log":"|j|\u2606dratini1yt\n|j|\u2606shiyv\n|t:|1699757853\n|gametype|singles\n|player|p1|dratini1yt|clair|1624\n|player|p2|shiyv|wallace|1490\n|teamsize|p1|6\n|teamsize|p2|6\n|gen|9\n|tier|[Gen 9] National Dex\n|rated|\n|rule|HP Percentage Mod: HP is shown in percentages\n|rule|Endless Battle Clause: Forcing endless battles is banned\n|rule|OHKO Clause: OHKO moves are banned\n|rule|Evasion Clause: Evasion abilities, items, and moves are banned\n|rule|Evasion Abilities Clause: Evasion abilities are banned\n|rule|Evasion Items Clause: Evasion items are banned\n|rule|Evasion Moves Clause: Evasion moves are banned\n|rule|Species Clause: Limit one of each Pok\u00e9mon\n|rule|Sleep Clause Mod: Limit one foe put to sleep\n|clearpoke\n|poke|p1|Serperior, F|\n|poke|p1|Heatran, M|\n|poke|p1|Alomomola, F|\n|poke|p1|Latias, F|\n|poke|p1|Ursaluna, F|\n|poke|p1|Samurott-Hisui, M|\n|poke|p2|Tapu Koko|\n|poke|p2|Raichu-Alola, F|\n|poke|p2|Iron Valiant|\n|poke|p2|Corviknight, F|\n|poke|p2|Iron Treads|\n|poke|p2|Tyranitar, M|\n|teampreview\n|inactive|Battle timer is ON: inactive players will automatically lose when time's up. (requested by shiyv)\n|c|\u2606dratini1yt|glhf\n|\n|t:|1699757861\n|start\n|switch|p1a: Serperior|Serperior, F|100\/100\n|switch|p2a: Tapu Koko|Tapu Koko|100\/100\n|-fieldstart|move: Electric Terrain|[from] ability: Electric Surge|[of] p2a: Tapu Koko\n|turn|1\n|\n|t:|1699757872\n|move|p2a: Tapu Koko|U-turn|p1a: Serperior\n|-supereffective|p1a: Serperior\n|-damage|p1a: Serperior|58\/100\n|\n|t:|1699757875\n|switch|p2a: Corviknight|Corviknight, F|100\/100|[from] U-turn\n|move|p1a: Serperior|Substitute|p1a: Serperior\n|-start|p1a: Serperior|Substitute\n|-damage|p1a: Serperior|33\/100\n|\n|-heal|p1a: Serperior|39\/100|[from] item: Leftovers\n|upkeep\n|turn|2\n|\n|t:|1699757882\n|move|p1a: Serperior|Glare|p2a: Corviknight\n|-status|p2a: Corviknight|par\n|move|p2a: Corviknight|U-turn|p1a: Serperior\n|-supereffective|p1a: Serperior\n|-end|p1a: Serperior|Substitute\n|\n|t:|1699757886\n|switch|p2a: Tapu Koko|Tapu Koko|100\/100|[from] U-turn\n|\n|-heal|p1a: Serperior|46\/100|[from] item: Leftovers\n|upkeep\n|turn|3\n|\n|t:|1699757893\n|switch|p1a: Alomomola|Alomomola, F|100\/100\n|move|p2a: Tapu Koko|U-turn|p1a: Alomomola\n|-damage|p1a: Alomomola|89\/100\n|-damage|p2a: Tapu Koko|84\/100|[from] item: Rocky Helmet|[of] p1a: Alomomola\n|\n|t:|1699757896\n|switch|p2a: Raichu|Raichu-Alola, F|100\/100|[from] U-turn\n|\n|upkeep\n|turn|4\n|\n|t:|1699757902\n|switch|p1a: Ursaluna|Ursaluna, F|100\/100\n|move|p2a: Raichu|Rising Voltage|p1a: Ursaluna\n|-immune|p1a: Ursaluna\n|\n|-status|p1a: Ursaluna|brn|[from] item: Flame Orb\n|upkeep\n|turn|5\n|\n|t:|1699757912\n|switch|p2a: Corviknight|Corviknight, F|100\/100 par\n|move|p1a: Ursaluna|Facade|p2a: Corviknight\n|-resisted|p2a: Corviknight\n|-damage|p2a: Corviknight|52\/100 par\n|\n|-heal|p2a: Corviknight|58\/100 par|[from] item: Leftovers\n|-damage|p1a: Ursaluna|94\/100 brn|[from] brn\n|upkeep\n|turn|6\n|\n|t:|1699757921\n|move|p1a: Ursaluna|Facade|p2a: Corviknight\n|-resisted|p2a: Corviknight\n|-damage|p2a: Corviknight|10\/100 par\n|cant|p2a: Corviknight|par\n|\n|-heal|p2a: Corviknight|16\/100 par|[from] item: Leftovers\n|-damage|p1a: Ursaluna|88\/100 brn|[from] brn\n|upkeep\n|turn|7\n|\n|t:|1699757928\n|move|p1a: Ursaluna|Facade|p2a: Corviknight\n|-resisted|p2a: Corviknight\n|-damage|p2a: Corviknight|0 fnt\n|faint|p2a: Corviknight\n|\n|-damage|p1a: Ursaluna|82\/100 brn|[from] brn\n|upkeep\n|\n|t:|1699757931\n|switch|p2a: Iron Valiant|Iron Valiant|100\/100\n|-activate|p2a: Iron Valiant|ability: Quark Drive\n|-start|p2a: Iron Valiant|quarkdrivespe\n|turn|8\n|\n|t:|1699757944\n|switch|p1a: Serperior|Serperior, F|46\/100\n|move|p2a: Iron Valiant|Close Combat|p1a: Serperior\n|-damage|p1a: Serperior|0 fnt\n|-unboost|p2a: Iron Valiant|def|1\n|-unboost|p2a: Iron Valiant|spd|1\n|faint|p1a: Serperior\n|\n|-fieldend|move: Electric Terrain\n|-end|p2a: Iron Valiant|Quark Drive\n|upkeep\n|\n|t:|1699757956\n|switch|p1a: Latias|Latias, F|100\/100\n|turn|9\n|\n|t:|1699757963\n|-end|p2a: Iron Valiant|Quark Drive|[silent]\n|switch|p2a: Tyranitar|Tyranitar, M|100\/100\n|-weather|Sandstorm|[from] ability: Sand Stream|[of] p2a: Tyranitar\n|detailschange|p1a: Latias|Latias-Mega, F\n|-mega|p1a: Latias|Latias|Latiasite\n|move|p1a: Latias|Calm Mind|p1a: Latias\n|-boost|p1a: Latias|spa|1\n|-boost|p1a: Latias|spd|1\n|\n|-weather|Sandstorm|[upkeep]\n|-damage|p1a: Latias|94\/100|[from] Sandstorm\n|upkeep\n|turn|10\n|\n|t:|1699757972\n|detailschange|p2a: Tyranitar|Tyranitar-Mega, M\n|-mega|p2a: Tyranitar|Tyranitar|Tyranitarite\n|move|p1a: Latias|Mystical Fire|p2a: Tyranitar\n|-resisted|p2a: Tyranitar\n|-damage|p2a: Tyranitar|91\/100\n|-unboost|p2a: Tyranitar|spa|1\n|move|p2a: Tyranitar|Knock Off|p1a: Latias\n|-supereffective|p1a: Latias\n|-damage|p1a: Latias|26\/100\n|\n|-weather|Sandstorm|[upkeep]\n|-damage|p1a: Latias|20\/100|[from] Sandstorm\n|upkeep\n|turn|11\n|\n|t:|1699757982\n|-activate|p1a: Latias|move: Pursuit\n|move|p2a: Tyranitar|Pursuit|p1a: Latias|[from]Pursuit\n|-supereffective|p1a: Latias\n|-damage|p1a: Latias|0 fnt\n|faint|p1a: Latias\n|-hint|A Pokemon can't switch between when it runs out of HP and when it faints\n|\n|-weather|Sandstorm|[upkeep]\n|upkeep\n|-message|dratini1yt forfeited.\n|\n|win|shiyv\n|raw|dratini1yt's rating: 1624 &rarr; <strong>1597<\/strong><br \/>(-27 for losing)\n|raw|shiyv's rating: 1490 &rarr; <strong>1517<\/strong><br \/>(+27 for winning)\n|l|\u2606dratini1yt\n|l|\u2606shiyv\n|j|\u2606shiyv\n|player|p2|shiyv|wallace\n","uploadtime":1699758016,"views":4,"p1id":"dratini1yt","p2id":"shiyv","formatid":"gen9nationaldex","rating":1517,"private":0,"password":""}