{"id":"gen9nationaldex-1991835058","p1":"Shuvam124","p2":"Andolic 47","format":"[Gen 9] National Dex","log":"|j|\u2606Shuvam124\n|j|\u2606Andolic 47\n|t:|1700125691\n|gametype|singles\n|player|p1|Shuvam124|steven|\n|player|p2|Andolic 47|acetrainer|\n|teamsize|p1|6\n|teamsize|p2|6\n|gen|9\n|tier|[Gen 9] National Dex\n|rule|HP Percentage Mod: HP is shown in percentages\n|rule|Endless Battle Clause: Forcing endless battles is banned\n|rule|OHKO Clause: OHKO moves are banned\n|rule|Evasion Clause: Evasion abilities, items, and moves are banned\n|rule|Evasion Abilities Clause: Evasion abilities are banned\n|rule|Evasion Items Clause: Evasion items are banned\n|rule|Evasion Moves Clause: Evasion moves are banned\n|rule|Species Clause: Limit one of each Pok\u00e9mon\n|rule|Sleep Clause Mod: Limit one foe put to sleep\n|clearpoke\n|poke|p1|Ninetales-Alola, M|\n|poke|p1|Arctozolt|\n|poke|p1|Walrein, F|\n|poke|p1|Garganacl, M|\n|poke|p1|Kyurem|\n|poke|p1|Sandslash-Alola, M|\n|poke|p2|Iron Leaves|\n|poke|p2|Tapu Koko|\n|poke|p2|Aegislash, M|\n|poke|p2|Hawlucha, M|\n|poke|p2|Greninja-*, M|\n|poke|p2|Altaria, F|\n|teampreview\n|\n|t:|1700125703\n|start\n|switch|p1a: Garganacl|Garganacl, M|100\/100\n|switch|p2a: Tapu Koko|Tapu Koko|100\/100\n|-fieldstart|move: Electric Terrain|[from] ability: Electric Surge|[of] p2a: Tapu Koko\n|turn|1\n|\n|t:|1700125713\n|move|p2a: Tapu Koko|Discharge|p1a: Garganacl\n|-damage|p1a: Garganacl|61\/100\n|move|p1a: Garganacl|Salt Cure|p2a: Tapu Koko\n|-damage|p2a: Tapu Koko|80\/100\n|-start|p2a: Tapu Koko|Salt Cure\n|\n|-damage|p2a: Tapu Koko|68\/100|[from] Salt Cure\n|upkeep\n|turn|2\n|\n|t:|1700125732\n|move|p2a: Tapu Koko|Discharge|p1a: Garganacl\n|-damage|p1a: Garganacl|19\/100\n|-enditem|p1a: Garganacl|Aguav Berry|[eat]\n|-heal|p1a: Garganacl|52\/100|[from] item: Aguav Berry\n|move|p1a: Garganacl|Stealth Rock|p2a: Tapu Koko\n|-sidestart|p2: Andolic 47|move: Stealth Rock\n|\n|-damage|p2a: Tapu Koko|55\/100|[from] Salt Cure\n|upkeep\n|turn|3\n|c|\u2606Andolic 47|!data salt cure\n|raw|<ul class=\"utilichart\"><li class=\"result\"><span class=\"col movenamecol\"><a href=\"https:\/\/dex.pokemonshowdown.com\/moves\/saltcure\">Salt Cure<\/a><\/span> <span class=\"col typecol\"><img src=\"\/\/play.pokemonshowdown.com\/sprites\/types\/Rock.png\" alt=\"Rock\" width=\"32\" height=\"14\"><img src=\"\/\/play.pokemonshowdown.com\/sprites\/categories\/Physical.png\" alt=\"Physical\" width=\"32\" height=\"14\"><\/span> <span class=\"col labelcol\"><em>Power<\/em><br>40<\/span> <span class=\"col widelabelcol\"><em>Accuracy<\/em><br>100%<\/span> <span class=\"col pplabelcol\"><em>PP<\/em><br>24<\/span> <span class=\"col movedesccol\">Deals 1\/8 max HP each turn; 1\/4 on Steel, Water.<\/span> <\/li><li style=\"clear:both\"><\/li><\/ul>\n\n|\n|t:|1700125762\n|move|p2a: Tapu Koko|Discharge|p1a: Garganacl\n|-damage|p1a: Garganacl|10\/100\n|move|p1a: Garganacl|Earth Power|p2a: Tapu Koko\n|-supereffective|p2a: Tapu Koko\n|-damage|p2a: Tapu Koko|19\/100\n|\n|-damage|p2a: Tapu Koko|7\/100|[from] Salt Cure\n|upkeep\n|turn|4\n|\n|t:|1700125774\n|move|p2a: Tapu Koko|Discharge|p1a: Garganacl\n|-damage|p1a: Garganacl|0 fnt\n|faint|p1a: Garganacl\n|\n|-damage|p2a: Tapu Koko|0 fnt|[from] Salt Cure\n|faint|p2a: Tapu Koko\n|upkeep\n|\n|t:|1700125788\n|switch|p2a: Hawlucha|Hawlucha, M|100\/100\n|switch|p1a: Ninetales|Ninetales-Alola, M|100\/100\n|-damage|p2a: Hawlucha|88\/100|[from] Stealth Rock\n|-enditem|p2a: Hawlucha|Electric Seed\n|-boost|p2a: Hawlucha|def|1|[from] item: Electric Seed\n|-weather|Snow|[from] ability: Snow Warning|[of] p1a: Ninetales\n|turn|5\n|c|\u2606Andolic 47|!data slush rush\n|raw|<ul class=\"utilichart\"><li class=\"result\"><span class=\"col namecol\"><a href=\"https:\/\/dex.pokemonshowdown.com\/abilities\/slushrush\">Slush Rush<\/a><\/span> <span class=\"col abilitydesccol\">If Snow is active, this Pokemon's Speed is doubled.<\/span> <\/li><li style=\"clear:both\"><\/li><\/ul>\n\n|\n|t:|1700125829\n|-terastallize|p2a: Hawlucha|Fighting\n|move|p2a: Hawlucha|Close Combat|p1a: Ninetales\n|-damage|p1a: Ninetales|43\/100\n|-unboost|p2a: Hawlucha|def|1\n|-unboost|p2a: Hawlucha|spd|1\n|move|p1a: Ninetales|Freeze-Dry|p2a: Hawlucha\n|-damage|p2a: Hawlucha|37\/100\n|\n|-weather|Snow|[upkeep]\n|upkeep\n|turn|6\n|\n|t:|1700125844\n|move|p2a: Hawlucha|Close Combat|p1a: Ninetales\n|-damage|p1a: Ninetales|0 fnt\n|-unboost|p2a: Hawlucha|def|1\n|-unboost|p2a: Hawlucha|spd|1\n|faint|p1a: Ninetales\n|\n|-weather|Snow|[upkeep]\n|upkeep\n|\n|t:|1700125851\n|switch|p1a: Arctozolt|Arctozolt|100\/100\n|turn|7\n|\n|t:|1700125858\n|move|p2a: Hawlucha|Close Combat|p1a: Arctozolt\n|-supereffective|p1a: Arctozolt\n|-damage|p1a: Arctozolt|5\/100\n|-unboost|p2a: Hawlucha|def|1\n|-unboost|p2a: Hawlucha|spd|1\n|move|p1a: Arctozolt|Bolt Beak|p2a: Hawlucha\n|-damage|p2a: Hawlucha|0 fnt\n|faint|p2a: Hawlucha\n|\n|-weather|Snow|[upkeep]\n|upkeep\n|\n|t:|1700125897\n|switch|p2a: Aegislash|Aegislash, M|100\/100\n|-damage|p2a: Aegislash|94\/100|[from] Stealth Rock\n|turn|8\n|\n|t:|1700125904\n|move|p1a: Arctozolt|Bolt Beak|p2a: Aegislash\n|-damage|p2a: Aegislash|23\/100\n|-formechange|p2a: Aegislash|Aegislash-Blade||[from] ability: Stance Change\n|move|p2a: Aegislash|Iron Head|p1a: Arctozolt\n|-damage|p1a: Arctozolt|0 fnt\n|faint|p1a: Arctozolt\n|\n|-weather|Snow|[upkeep]\n|-fieldend|move: Electric Terrain\n|upkeep\n|\n|t:|1700125918\n|switch|p1a: Sandslash|Sandslash-Alola, M|100\/100\n|turn|9\n|\n|t:|1700125930\n|-formechange|p2a: Aegislash|Aegislash||[from] ability: Stance Change\n|move|p2a: Aegislash|King's Shield|p2a: Aegislash\n|-singleturn|p2a: Aegislash|Protect\n|move|p1a: Sandslash|Knock Off|p2a: Aegislash\n|-activate|p2a: Aegislash|move: Protect\n|-unboost|p1a: Sandslash|atk|1\n|\n|-weather|Snow|[upkeep]\n|upkeep\n|turn|10\n|\n|t:|1700125948\n|move|p1a: Sandslash|Knock Off|p2a: Aegislash\n|-supereffective|p2a: Aegislash\n|-damage|p2a: Aegislash|2\/100\n|-formechange|p2a: Aegislash|Aegislash-Blade||[from] ability: Stance Change\n|move|p2a: Aegislash|Brick Break|p1a: Sandslash\n|-supereffective|p1a: Sandslash\n|-damage|p1a: Sandslash|45\/100\n|\n|-weather|Snow|[upkeep]\n|-heal|p1a: Sandslash|51\/100|[from] item: Leftovers\n|upkeep\n|turn|11\n|\n|t:|1700125965\n|switch|p1a: Walrein|Walrein, F|100\/100\n|-formechange|p2a: Aegislash|Aegislash||[from] ability: Stance Change\n|move|p2a: Aegislash|King's Shield||[still]\n|-fail|p2a: Aegislash\n|\n|-weather|Snow|[upkeep]\n|upkeep\n|turn|12\n|\n|t:|1700125980\n|move|p1a: Walrein|Ice Beam|p2a: Aegislash\n|-resisted|p2a: Aegislash\n|-damage|p2a: Aegislash|0 fnt\n|faint|p2a: Aegislash\n|\n|-weather|none\n|upkeep\n|\n|t:|1700125988\n|switch|p2a: Iron Leaves|Iron Leaves|100\/100\n|-damage|p2a: Iron Leaves|88\/100|[from] Stealth Rock\n|-enditem|p2a: Iron Leaves|Booster Energy\n|-activate|p2a: Iron Leaves|ability: Quark Drive|[fromitem]\n|-start|p2a: Iron Leaves|quarkdriveatk\n|turn|13\n|\n|t:|1700125997\n|move|p2a: Iron Leaves|Leaf Blade|p1a: Walrein\n|-supereffective|p1a: Walrein\n|-damage|p1a: Walrein|0 fnt\n|faint|p1a: Walrein\n|\n|upkeep\n|\n|t:|1700126002\n|switch|p1a: Kyurem|Kyurem|100\/100\n|-ability|p1a: Kyurem|Pressure\n|turn|14\n|\n|t:|1700126008\n|move|p2a: Iron Leaves|Sacred Sword|p1a: Kyurem\n|-supereffective|p1a: Kyurem\n|-damage|p1a: Kyurem|38\/100\n|move|p1a: Kyurem|Blizzard|p2a: Iron Leaves\n|-supereffective|p2a: Iron Leaves\n|-damage|p2a: Iron Leaves|0 fnt\n|faint|p2a: Iron Leaves\n|-end|p2a: Iron Leaves|Quark Drive|[silent]\n|\n|-heal|p1a: Kyurem|45\/100|[from] item: Leftovers\n|upkeep\n|\n|t:|1700126019\n|switch|p2a: Greninja|Greninja, M|100\/100\n|-damage|p2a: Greninja|88\/100|[from] Stealth Rock\n|turn|15\n|\n|t:|1700126028\n|move|p2a: Greninja|Ice Beam|p1a: Kyurem\n|-damage|p1a: Kyurem|28\/100\n|move|p1a: Kyurem|Dragon Pulse|p2a: Greninja\n|-damage|p2a: Greninja|23\/100\n|\n|-heal|p1a: Kyurem|34\/100|[from] item: Leftovers\n|upkeep\n|turn|16\n|\n|t:|1700126036\n|move|p2a: Greninja|Scald|p1a: Kyurem\n|-resisted|p1a: Kyurem\n|-damage|p1a: Kyurem|23\/100\n|move|p1a: Kyurem|Roost|p1a: Kyurem\n|-heal|p1a: Kyurem|73\/100\n|-singleturn|p1a: Kyurem|move: Roost\n|\n|-heal|p1a: Kyurem|79\/100|[from] item: Leftovers\n|upkeep\n|turn|17\n|\n|t:|1700126046\n|move|p2a: Greninja|Dark Pulse|p1a: Kyurem\n|-damage|p1a: Kyurem|57\/100\n|cant|p1a: Kyurem|flinch\n|\n|-heal|p1a: Kyurem|63\/100|[from] item: Leftovers\n|upkeep\n|turn|18\n|\n|t:|1700126054\n|move|p2a: Greninja|Dark Pulse|p1a: Kyurem\n|-damage|p1a: Kyurem|42\/100\n|move|p1a: Kyurem|Roost|p1a: Kyurem\n|-heal|p1a: Kyurem|92\/100\n|-singleturn|p1a: Kyurem|move: Roost\n|\n|-heal|p1a: Kyurem|99\/100|[from] item: Leftovers\n|upkeep\n|turn|19\n|\n|t:|1700126063\n|move|p2a: Greninja|Dark Pulse|p1a: Kyurem\n|-damage|p1a: Kyurem|79\/100\n|cant|p1a: Kyurem|flinch\n|\n|-heal|p1a: Kyurem|86\/100|[from] item: Leftovers\n|upkeep\n|turn|20\n|\n|t:|1700126070\n|move|p2a: Greninja|Dark Pulse|p1a: Kyurem\n|-damage|p1a: Kyurem|67\/100\n|move|p1a: Kyurem|Dragon Pulse|p2a: Greninja\n|-damage|p2a: Greninja|0 fnt\n|faint|p2a: Greninja\n|\n|-heal|p1a: Kyurem|73\/100|[from] item: Leftovers\n|upkeep\n|\n|t:|1700126080\n|switch|p2a: Altaria|Altaria, F|100\/100\n|-damage|p2a: Altaria|76\/100|[from] Stealth Rock\n|turn|21\n|\n|t:|1700126088\n|detailschange|p2a: Altaria|Altaria-Mega, F\n|-mega|p2a: Altaria|Altaria|Altarianite\n|move|p2a: Altaria|Protect|p2a: Altaria\n|-singleturn|p2a: Altaria|Protect\n|move|p1a: Kyurem|Blizzard|p2a: Altaria\n|-activate|p2a: Altaria|move: Protect\n|\n|-heal|p1a: Kyurem|79\/100|[from] item: Leftovers\n|upkeep\n|turn|22\n|\n|t:|1700126100\n|move|p2a: Altaria|Moonblast|p1a: Kyurem\n|-supereffective|p1a: Kyurem\n|-crit|p1a: Kyurem\n|-damage|p1a: Kyurem|0 fnt\n|faint|p1a: Kyurem\n|\n|upkeep\n|\n|t:|1700126102\n|switch|p1a: Sandslash|Sandslash-Alola, M|51\/100\n|turn|23\n|\n|t:|1700126108\n|move|p2a: Altaria|Flamethrower|p1a: Sandslash\n|-supereffective|p1a: Sandslash\n|-damage|p1a: Sandslash|0 fnt\n|faint|p1a: Sandslash\n|\n|win|Andolic 47\n|l|\u2606Shuvam124\n","uploadtime":1700126179,"views":10,"p1id":"shuvam124","p2id":"andolic47","formatid":"gen9nationaldex","rating":0,"private":0,"password":""}