{"id":"gen9nationaldex-1988118144","p1":"JogadorCaro","p2":"shuaibi Banette","format":"[Gen 9] National Dex","log":"|j|\u2606JogadorCaro\n|j|\u2606shuaibi Banette\n|t:|1699671770\n|gametype|singles\n|player|p1|JogadorCaro|tate|1789\n|player|p2|shuaibi Banette|elaine|1917\n|teamsize|p1|6\n|teamsize|p2|6\n|gen|9\n|tier|[Gen 9] National Dex\n|rated|\n|rule|HP Percentage Mod: HP is shown in percentages\n|rule|Endless Battle Clause: Forcing endless battles is banned\n|rule|OHKO Clause: OHKO moves are banned\n|rule|Evasion Clause: Evasion abilities, items, and moves are banned\n|rule|Evasion Abilities Clause: Evasion abilities are banned\n|rule|Evasion Items Clause: Evasion items are banned\n|rule|Evasion Moves Clause: Evasion moves are banned\n|rule|Species Clause: Limit one of each Pok\u00e9mon\n|rule|Sleep Clause Mod: Limit one foe put to sleep\n|clearpoke\n|poke|p1|Garganacl, F|\n|poke|p1|Zamazenta-*|\n|poke|p1|Volcarona, M|\n|poke|p1|Hoopa-Unbound|\n|poke|p1|Dondozo, M|\n|poke|p1|Rotom-Wash|\n|poke|p2|Glimmora, M|\n|poke|p2|Ogerpon-Wellspring, F|\n|poke|p2|Ceruledge, M|\n|poke|p2|Scizor, M|\n|poke|p2|Iron Valiant|\n|poke|p2|Dragonite, F|\n|teampreview\n|inactive|Battle timer is ON: inactive players will automatically lose when time's up. (requested by shuaibi Banette)\n|\n|t:|1699671777\n|start\n|switch|p1a: mulher|Rotom-Wash|100\/100\n|switch|p2a: Glimmora|Glimmora, M, shiny|100\/100\n|turn|1\n|\n|t:|1699671781\n|move|p2a: Glimmora|Stealth Rock|p1a: mulher\n|-sidestart|p1: JogadorCaro|move: Stealth Rock\n|move|p1a: mulher|Hydro Pump|p2a: Glimmora\n|-supereffective|p2a: Glimmora\n|-enditem|p2a: Glimmora|Focus Sash\n|-damage|p2a: Glimmora|1\/100\n|\n|upkeep\n|turn|2\n|\n|t:|1699671786\n|move|p2a: Glimmora|Energy Ball|p1a: mulher\n|-supereffective|p1a: mulher\n|-damage|p1a: mulher|52\/100\n|move|p1a: mulher|Hydro Pump|p2a: Glimmora\n|-supereffective|p2a: Glimmora\n|-damage|p2a: Glimmora|0 fnt\n|faint|p2a: Glimmora\n|\n|-heal|p1a: mulher|58\/100|[from] item: Leftovers\n|upkeep\n|j| thebestever543\n|\n|t:|1699671797\n|switch|p2a: Ogerpon|Ogerpon-Wellspring, F|100\/100\n|turn|3\n|\n|t:|1699671800\n|switch|p1a: Toji|Zamazenta|100\/100\n|-damage|p1a: Toji|94\/100|[from] Stealth Rock\n|-ability|p1a: Toji|Dauntless Shield|boost\n|-boost|p1a: Toji|def|1\n|move|p2a: Ogerpon|Swords Dance|p2a: Ogerpon\n|-boost|p2a: Ogerpon|atk|2\n|\n|upkeep\n|turn|4\n|\n|t:|1699671804\n|move|p1a: Toji|Close Combat|p2a: Ogerpon\n|-damage|p2a: Ogerpon|0 fnt\n|-unboost|p1a: Toji|def|1\n|-unboost|p1a: Toji|spd|1\n|faint|p2a: Ogerpon\n|\n|upkeep\n|l| thebestever543\n|\n|t:|1699671813\n|switch|p2a: Iron Valiant|Iron Valiant, shiny|100\/100\n|-enditem|p2a: Iron Valiant|Booster Energy\n|-activate|p2a: Iron Valiant|ability: Quark Drive|[fromitem]\n|-start|p2a: Iron Valiant|quarkdrivespe\n|turn|5\n|\n|t:|1699671818\n|switch|p1a: Endeavor|Volcarona, M|100\/100\n|move|p2a: Iron Valiant|Calm Mind|p2a: Iron Valiant\n|-boost|p2a: Iron Valiant|spa|1\n|-boost|p2a: Iron Valiant|spd|1\n|\n|upkeep\n|turn|6\n|\n|t:|1699671823\n|move|p2a: Iron Valiant|Shadow Ball|p1a: Endeavor\n|-damage|p1a: Endeavor|60\/100\n|move|p1a: Endeavor|Fiery Dance|p2a: Iron Valiant\n|-damage|p2a: Iron Valiant|54\/100\n|\n|upkeep\n|turn|7\n|\n|t:|1699671829\n|-terastallize|p2a: Iron Valiant|Ghost\n|move|p2a: Iron Valiant|Shadow Ball|p1a: Endeavor\n|-damage|p1a: Endeavor|0 fnt\n|faint|p1a: Endeavor\n|\n|upkeep\n|\n|t:|1699671835\n|switch|p1a: Bale\u00e3o|Dondozo, M|100\/100\n|-damage|p1a: Bale\u00e3o|88\/100|[from] Stealth Rock\n|turn|8\n|j| went to the \u516d\u82b1\n|l| went to the \u516d\u82b1\n|\n|t:|1699671854\n|move|p2a: Iron Valiant|Moonblast|p1a: Bale\u00e3o\n|-damage|p1a: Bale\u00e3o|57\/100\n|-unboost|p1a: Bale\u00e3o|spa|1\n|move|p1a: Bale\u00e3o|Wave Crash|p2a: Iron Valiant\n|-damage|p2a: Iron Valiant|3\/100\n|-damage|p1a: Bale\u00e3o|48\/100|[from] Recoil\n|\n|-heal|p1a: Bale\u00e3o|54\/100|[from] item: Leftovers\n|upkeep\n|turn|9\n|\n|t:|1699671861\n|move|p2a: Iron Valiant|Moonblast|p1a: Bale\u00e3o\n|-damage|p1a: Bale\u00e3o|22\/100\n|-unboost|p1a: Bale\u00e3o|spa|1\n|move|p1a: Bale\u00e3o|Wave Crash|p2a: Iron Valiant\n|-damage|p2a: Iron Valiant|0 fnt\n|faint|p2a: Iron Valiant\n|-end|p2a: Iron Valiant|Quark Drive|[silent]\n|-damage|p1a: Bale\u00e3o|22\/100|[from] Recoil\n|\n|-heal|p1a: Bale\u00e3o|28\/100|[from] item: Leftovers\n|upkeep\n|\n|t:|1699671875\n|switch|p2a: Dragonite|Dragonite, F|100\/100\n|turn|10\n|\n|t:|1699671877\n|-zpower|p2a: Dragonite\n|move|p2a: Dragonite|Devastating Drake|p1a: Bale\u00e3o|[zeffect]\n|-damage|p1a: Bale\u00e3o|0 fnt\n|faint|p1a: Bale\u00e3o\n|\n|upkeep\n|\n|t:|1699671887\n|switch|p1a: Mahoraga|Garganacl, F|100\/100\n|-damage|p1a: Mahoraga|88\/100|[from] Stealth Rock\n|turn|11\n|\n|t:|1699671892\n|-terastallize|p1a: Mahoraga|Ghost\n|move|p2a: Dragonite|Dragon Dance|p2a: Dragonite\n|-boost|p2a: Dragonite|atk|1\n|-boost|p2a: Dragonite|spe|1\n|move|p1a: Mahoraga|Iron Defense|p1a: Mahoraga\n|-boost|p1a: Mahoraga|def|2\n|\n|-heal|p1a: Mahoraga|94\/100|[from] item: Leftovers\n|upkeep\n|turn|12\n|\n|t:|1699671896\n|move|p2a: Dragonite|Outrage|p1a: Mahoraga\n|-crit|p1a: Mahoraga\n|-damage|p1a: Mahoraga|21\/100\n|move|p1a: Mahoraga|Iron Defense|p1a: Mahoraga\n|-boost|p1a: Mahoraga|def|2\n|\n|-heal|p1a: Mahoraga|27\/100|[from] item: Leftovers\n|upkeep\n|turn|13\n|\n|t:|1699671900\n|move|p2a: Dragonite|Outrage|p1a: Mahoraga|[from]lockedmove\n|-damage|p1a: Mahoraga|10\/100\n|move|p1a: Mahoraga|Recover|p1a: Mahoraga\n|-heal|p1a: Mahoraga|60\/100\n|\n|-heal|p1a: Mahoraga|66\/100|[from] item: Leftovers\n|upkeep\n|turn|14\n|j| Ghowex\n|c|\u2606JogadorCaro|my heart stopped from 1,5 seconds\n|c|\u2606JogadorCaro|oh my god\n|\n|t:|1699671922\n|move|p2a: Dragonite|Outrage|p1a: Mahoraga|[from]lockedmove\n|-crit|p1a: Mahoraga\n|-damage|p1a: Mahoraga|0 fnt\n|faint|p1a: Mahoraga\n|-start|p2a: Dragonite|confusion|[fatigue]\n|\n|upkeep\n|c|\u2606JogadorCaro|AGAIN????\n|\n|t:|1699671929\n|switch|p1a: Toji|Zamazenta|94\/100\n|-damage|p1a: Toji|88\/100|[from] Stealth Rock\n|turn|15\n|\n|t:|1699671940\n|move|p1a: Toji|Ice Fang|p2a: Dragonite\n|-supereffective|p2a: Dragonite\n|-damage|p2a: Dragonite|33\/100\n|-activate|p2a: Dragonite|confusion\n|move|p2a: Dragonite|Outrage|p1a: Toji\n|-damage|p1a: Toji|0 fnt\n|faint|p1a: Toji\n|\n|upkeep\n|c|\u2606shuaibi Banette|sry\n|\n|t:|1699671948\n|switch|p1a: Agito|Hoopa-Unbound|100\/100\n|-damage|p1a: Agito|88\/100|[from] Stealth Rock\n|turn|16\n|\n|t:|1699671955\n|-end|p2a: Dragonite|confusion\n|move|p2a: Dragonite|Outrage|p1a: Agito|[from]lockedmove\n|-damage|p1a: Agito|0 fnt\n|faint|p1a: Agito\n|\n|upkeep\n|\n|t:|1699671960\n|switch|p1a: mulher|Rotom-Wash|58\/100\n|-damage|p1a: mulher|46\/100|[from] Stealth Rock\n|turn|17\n|c|\u2606JogadorCaro|oh my god\n|\n|t:|1699671964\n|move|p2a: Dragonite|Outrage|p1a: mulher|[from]lockedmove\n|-damage|p1a: mulher|0 fnt\n|faint|p1a: mulher\n|-start|p2a: Dragonite|confusion|[fatigue]\n|\n|win|shuaibi Banette\n|raw|JogadorCaro's rating: 1789 &rarr; <strong>1776<\/strong><br \/>(-13 for losing)\n|raw|shuaibi Banette's rating: 1917 &rarr; <strong>1930<\/strong><br \/>(+13 for winning)\n","uploadtime":1699671971,"views":10,"p1id":"jogadorcaro","p2id":"shuaibibanette","formatid":"gen9nationaldex","rating":1776,"private":0,"password":""}