{"id":"gen9nationaldex-1992062161","p1":"Ricardo2221","p2":"Juan13pro","format":"[Gen 9] National Dex","log":"|j|\u2606Ricardo2221\n|j|\u2606Juan13pro\n|t:|1700151899\n|gametype|singles\n|player|p1|Ricardo2221|benga|\n|player|p2|Juan13pro|iono|\n|teamsize|p1|6\n|teamsize|p2|6\n|gen|9\n|tier|[Gen 9] National Dex\n|rule|HP Percentage Mod: HP is shown in percentages\n|rule|Endless Battle Clause: Forcing endless battles is banned\n|rule|OHKO Clause: OHKO moves are banned\n|rule|Evasion Clause: Evasion abilities, items, and moves are banned\n|rule|Evasion Abilities Clause: Evasion abilities are banned\n|rule|Evasion Items Clause: Evasion items are banned\n|rule|Evasion Moves Clause: Evasion moves are banned\n|rule|Species Clause: Limit one of each Pok\u00e9mon\n|rule|Sleep Clause Mod: Limit one foe put to sleep\n|clearpoke\n|poke|p1|Sneasler, M|\n|poke|p1|Iron Valiant|\n|poke|p1|Zapdos|\n|poke|p1|Pinsir, M|\n|poke|p1|Landorus-Therian, M|\n|poke|p1|Garganacl, F|\n|poke|p2|Volcarona, M|\n|poke|p2|Iron Valiant|\n|poke|p2|Glimmora, M|\n|poke|p2|Kommo-o, F|\n|poke|p2|Rillaboom, M|\n|poke|p2|Sneasler, F|\n|teampreview\n|inactive|Battle timer is ON: inactive players will automatically lose when time's up. (requested by Ricardo2221)\n|inactive|Ricardo2221 has 270 seconds left.\n|\n|t:|1700151929\n|start\n|switch|p1a: Landorus|Landorus-Therian, M|100\/100\n|switch|p2a: Glimmora|Glimmora, M|100\/100\n|-ability|p1a: Landorus|Intimidate|boost\n|-unboost|p2a: Glimmora|atk|1\n|turn|1\n|\n|t:|1700151934\n|move|p1a: Landorus|Earthquake|p2a: Glimmora\n|-supereffective|p2a: Glimmora\n|-enditem|p2a: Glimmora|Focus Sash\n|-damage|p2a: Glimmora|1\/100\n|-activate|p2a: Glimmora|ability: Toxic Debris\n|-sidestart|p1: Ricardo2221|move: Toxic Spikes\n|move|p2a: Glimmora|Stealth Rock|p1a: Landorus\n|-sidestart|p1: Ricardo2221|move: Stealth Rock\n|\n|upkeep\n|turn|2\n|\n|t:|1700151938\n|move|p1a: Landorus|Earthquake|p2a: Glimmora\n|-supereffective|p2a: Glimmora\n|-damage|p2a: Glimmora|0 fnt\n|-activate|p2a: Glimmora|ability: Toxic Debris\n|-sidestart|p1: Ricardo2221|move: Toxic Spikes\n|faint|p2a: Glimmora\n|\n|upkeep\n|\n|t:|1700151949\n|switch|p2a: Rillaboom|Rillaboom, M|100\/100\n|-fieldstart|move: Grassy Terrain|[from] ability: Grassy Surge|[of] p2a: Rillaboom\n|turn|3\n|\n|t:|1700151957\n|switch|p1a: Zapdos|Zapdos|100\/100\n|move|p2a: Rillaboom|Knock Off|p1a: Zapdos\n|-damage|p1a: Zapdos|57\/100\n|-enditem|p1a: Zapdos|Heavy-Duty Boots|[from] move: Knock Off|[of] p2a: Rillaboom\n|\n|upkeep\n|turn|4\n|\n|t:|1700151975\n|switch|p2a: Kommo-o|Kommo-o, F|100\/100\n|move|p1a: Zapdos|Defog|p2a: Kommo-o\n|-unboost|p2a: Kommo-o|evasion|1\n|-sideend|p1: Ricardo2221|Toxic Spikes|[from] move: Defog|[of] p1a: Zapdos\n|-sideend|p1: Ricardo2221|Stealth Rock|[from] move: Defog|[of] p1a: Zapdos\n|-fieldend|move: Grassy Terrain\n|\n|upkeep\n|turn|5\n|\n|t:|1700151983\n|move|p1a: Zapdos|Hurricane|p2a: Kommo-o\n|-supereffective|p2a: Kommo-o\n|-damage|p2a: Kommo-o|0 fnt\n|faint|p2a: Kommo-o\n|\n|upkeep\n|inactive|Juan13pro has 270 seconds left.\n|\n|t:|1700152033\n|switch|p2a: Volcarona|Volcarona, M|100\/100\n|turn|6\n|inactive|Juan13pro has 240 seconds left.\n|\n|t:|1700152061\n|-terastallize|p2a: Volcarona|Ground\n|move|p2a: Volcarona|Quiver Dance|p2a: Volcarona\n|-boost|p2a: Volcarona|spa|1\n|-boost|p2a: Volcarona|spd|1\n|-boost|p2a: Volcarona|spe|1\n|move|p1a: Zapdos|Thunderbolt|p2a: Volcarona\n|-immune|p2a: Volcarona\n|\n|upkeep\n|turn|7\n|\n|t:|1700152067\n|move|p2a: Volcarona|Quiver Dance|p2a: Volcarona\n|-boost|p2a: Volcarona|spa|1\n|-boost|p2a: Volcarona|spd|1\n|-boost|p2a: Volcarona|spe|1\n|move|p1a: Zapdos|Hurricane|p2a: Volcarona\n|-damage|p2a: Volcarona|68\/100\n|\n|upkeep\n|turn|8\n|inactive|Juan13pro has 240 seconds left.\n|\n|t:|1700152099\n|move|p2a: Volcarona|Fiery Dance|p1a: Zapdos\n|-damage|p1a: Zapdos|0 fnt\n|faint|p1a: Zapdos\n|\n|upkeep\n|\n|t:|1700152113\n|switch|p1a: Garganacl|Garganacl, F|100\/100\n|turn|9\n|\n|t:|1700152119\n|-terastallize|p1a: Garganacl|Ghost\n|move|p2a: Volcarona|Tera Blast|p1a: Garganacl|[anim] Tera Blast Ground\n|-damage|p1a: Garganacl|40\/100\n|move|p1a: Garganacl|Salt Cure|p2a: Volcarona\n|-resisted|p2a: Volcarona\n|-damage|p2a: Volcarona|56\/100\n|-start|p2a: Volcarona|Salt Cure\n|\n|-heal|p1a: Garganacl|47\/100|[from] item: Leftovers\n|-damage|p2a: Volcarona|44\/100|[from] Salt Cure\n|upkeep\n|turn|10\n|\n|t:|1700152124\n|move|p2a: Volcarona|Fiery Dance|p1a: Garganacl\n|-damage|p1a: Garganacl|0 fnt\n|-boost|p2a: Volcarona|spa|1\n|faint|p1a: Garganacl\n|\n|-damage|p2a: Volcarona|32\/100|[from] Salt Cure\n|upkeep\n|\n|t:|1700152127\n|switch|p1a: Pinsir|Pinsir, M|100\/100\n|turn|11\n|\n|t:|1700152132\n|detailschange|p1a: Pinsir|Pinsir-Mega, M\n|-mega|p1a: Pinsir|Pinsir|Pinsirite\n|move|p1a: Pinsir|Quick Attack|p2a: Volcarona\n|-damage|p2a: Volcarona|0 fnt\n|faint|p2a: Volcarona\n|\n|upkeep\n|\n|t:|1700152138\n|switch|p2a: Iron Valiant|Iron Valiant|100\/100\n|-enditem|p2a: Iron Valiant|Booster Energy\n|-activate|p2a: Iron Valiant|ability: Quark Drive|[fromitem]\n|-start|p2a: Iron Valiant|quarkdrivespe\n|turn|12\n|\n|t:|1700152141\n|switch|p1a: Landorus|Landorus-Therian, M|100\/100\n|-ability|p1a: Landorus|Intimidate|boost\n|-unboost|p2a: Iron Valiant|atk|1\n|move|p2a: Iron Valiant|Thunderbolt|p1a: Landorus\n|-immune|p1a: Landorus\n|\n|upkeep\n|turn|13\n|\n|t:|1700152147\n|-end|p2a: Iron Valiant|Quark Drive|[silent]\n|switch|p2a: Rillaboom|Rillaboom, M|100\/100\n|-fieldstart|move: Grassy Terrain|[from] ability: Grassy Surge|[of] p2a: Rillaboom\n|move|p1a: Landorus|Toxic|p2a: Rillaboom\n|-status|p2a: Rillaboom|tox\n|\n|-damage|p2a: Rillaboom|94\/100 tox|[from] psn\n|upkeep\n|turn|14\n|\n|t:|1700152157\n|switch|p2a: Sneasler|Sneasler, F|100\/100\n|-enditem|p2a: Sneasler|Grassy Seed\n|-boost|p2a: Sneasler|def|1|[from] item: Grassy Seed\n|move|p1a: Landorus|Stone Edge|p2a: Sneasler\n|-resisted|p2a: Sneasler\n|-damage|p2a: Sneasler|78\/100\n|\n|-heal|p2a: Sneasler|84\/100|[from] Grassy Terrain\n|upkeep\n|turn|15\n|\n|t:|1700152165\n|move|p2a: Sneasler|Acrobatics|p1a: Landorus\n|-damage|p1a: Landorus|47\/100\n|-damage|p2a: Sneasler|67\/100|[from] item: Rocky Helmet|[of] p1a: Landorus\n|move|p1a: Landorus|Earthquake|p2a: Sneasler\n|-supereffective|p2a: Sneasler\n|-damage|p2a: Sneasler|6\/100\n|\n|-heal|p2a: Sneasler|12\/100|[from] Grassy Terrain\n|upkeep\n|turn|16\n|\n|t:|1700152169\n|move|p2a: Sneasler|Acrobatics|p1a: Landorus\n|-damage|p1a: Landorus|0 fnt\n|-damage|p2a: Sneasler|0 fnt|[from] item: Rocky Helmet|[of] p1a: Landorus\n|faint|p1a: Landorus\n|faint|p2a: Sneasler\n|\n|upkeep\n|\n|t:|1700152176\n|switch|p2a: Iron Valiant|Iron Valiant|100\/100\n|switch|p1a: Sneasler|Sneasler, M|100\/100\n|turn|17\n|\n|t:|1700152180\n|move|p2a: Iron Valiant|Moonblast|p1a: Sneasler\n|-damage|p1a: Sneasler|38\/100\n|-unboost|p1a: Sneasler|spa|1\n|-enditem|p1a: Sneasler|White Herb\n|-clearnegativeboost|p1a: Sneasler|[silent]\n|move|p1a: Sneasler|Dire Claw|p2a: Iron Valiant\n|-supereffective|p2a: Iron Valiant\n|-damage|p2a: Iron Valiant|0 fnt\n|faint|p2a: Iron Valiant\n|-end|p2a: Iron Valiant|Quark Drive|[silent]\n|\n|-heal|p1a: Sneasler|44\/100|[from] Grassy Terrain\n|-fieldend|move: Grassy Terrain\n|upkeep\n|\n|t:|1700152183\n|switch|p2a: Rillaboom|Rillaboom, M|94\/100 tox\n|-fieldstart|move: Grassy Terrain|[from] ability: Grassy Surge|[of] p2a: Rillaboom\n|turn|18\n|\n|t:|1700152185\n|move|p1a: Sneasler|Dire Claw|p2a: Rillaboom\n|-supereffective|p2a: Rillaboom\n|-damage|p2a: Rillaboom|0 fnt\n|faint|p2a: Rillaboom\n|\n|win|Ricardo2221\n|c|\u2606Juan13pro|gg\n","uploadtime":1700152191,"views":14,"p1id":"ricardo2221","p2id":"juan13pro","formatid":"gen9nationaldex","rating":0,"private":0,"password":""}