{"id":"gen9nationaldex-1990277046","p1":"Dregone","p2":"XX_1nfinity_XX","format":"[Gen 9] National Dex","log":"|j|\u2606Dregone\n|j|\u2606XX_1nfinity_XX\n|inactive|Battle timer is ON: inactive players will automatically lose when time's up.\n|t:|1699949360\n|gametype|singles\n|player|p1|Dregone|cynthia-masters|\n|player|p2|XX_1nfinity_XX|steven|\n|teamsize|p1|6\n|teamsize|p2|6\n|gen|9\n|tier|[Gen 9] National Dex\n|rated|Tournament battle\n|rule|HP Percentage Mod: HP is shown in percentages\n|rule|Endless Battle Clause: Forcing endless battles is banned\n|rule|OHKO Clause: OHKO moves are banned\n|rule|Evasion Clause: Evasion abilities, items, and moves are banned\n|rule|Evasion Abilities Clause: Evasion abilities are banned\n|rule|Evasion Items Clause: Evasion items are banned\n|rule|Evasion Moves Clause: Evasion moves are banned\n|rule|Species Clause: Limit one of each Pok\u00e9mon\n|rule|Sleep Clause Mod: Limit one foe put to sleep\n|rule|No Switching: All Pok\u00e9mon are trapped\n|clearpoke\n|poke|p1|Dragonite, M|\n|poke|p1|Smeargle, M|\n|poke|p1|Gyarados, M|\n|poke|p1|Iron Valiant|\n|poke|p1|Corviknight, F|\n|poke|p1|Garchomp, M|\n|poke|p2|Banette, F|\n|poke|p2|Toxapex, M|\n|poke|p2|Zamazenta-*|\n|poke|p2|Ting-Lu|\n|poke|p2|Kartana|\n|poke|p2|Weavile, F|\n|teampreview\n|j|*Lady Monita \u2746\n|inactive|Dregone also wants the timer to be on.\n|inactive|XX_1nfinity_XX also wants the timer to be on.\n|c|\u2606Dregone|glhf\n|c|\u2606XX_1nfinity_XX|u2\n|j| Big Rayquaza\n|\n|t:|1699949381\n|start\n|switch|p1a: Iron Valiant|Iron Valiant|100\/100\n|switch|p2a: Kartana|Kartana|100\/100\n|-enditem|p1a: Iron Valiant|Booster Energy\n|-activate|p1a: Iron Valiant|ability: Quark Drive|[fromitem]\n|-start|p1a: Iron Valiant|quarkdrivespe\n|turn|1\n|\n|t:|1699949392\n|move|p1a: Iron Valiant|Protect|p1a: Iron Valiant\n|-singleturn|p1a: Iron Valiant|Protect\n|-zpower|p2a: Kartana\n|move|p2a: Kartana|Z-Tailwind|p2a: Kartana|[anim]Tailwind\n|-start|p2a: Kartana|move: Focus Energy|[zeffect]\n|-sidestart|p2: XX_1nfinity_XX|move: Tailwind\n|\n|upkeep\n|turn|2\n|\n|t:|1699949400\n|move|p2a: Kartana|Leaf Blade|p1a: Iron Valiant\n|-crit|p1a: Iron Valiant\n|-damage|p1a: Iron Valiant|10\/100\n|move|p1a: Iron Valiant|Moonblast|p2a: Kartana\n|-resisted|p2a: Kartana\n|-damage|p2a: Kartana|39\/100\n|\n|upkeep\n|turn|3\n|j|^RUMYMOME\n|\n|t:|1699949411\n|move|p2a: Kartana|Leaf Blade|p1a: Iron Valiant\n|-crit|p1a: Iron Valiant\n|-damage|p1a: Iron Valiant|0 fnt\n|faint|p1a: Iron Valiant\n|-end|p1a: Iron Valiant|Quark Drive|[silent]\n|-ability|p2a: Kartana|Beast Boost|boost\n|-boost|p2a: Kartana|atk|1\n|\n|upkeep\n|inactive|Dregone has 120 seconds left.\n|\n|t:|1699949444\n|switch|p1a: Corviknight|Corviknight, F|100\/100\n|-ability|p1a: Corviknight|Pressure\n|turn|4\n|\n|t:|1699949448\n|move|p2a: Kartana|Knock Off|p1a: Corviknight\n|-crit|p1a: Corviknight\n|-damage|p1a: Corviknight|22\/100\n|-enditem|p1a: Corviknight|Maranga Berry|[from] move: Knock Off|[of] p2a: Kartana\n|move|p1a: Corviknight|Body Press|p2a: Kartana\n|-supereffective|p2a: Kartana\n|-damage|p2a: Kartana|0 fnt\n|faint|p2a: Kartana\n|\n|-sideend|p2: XX_1nfinity_XX|move: Tailwind\n|upkeep\n|\n|t:|1699949462\n|switch|p2a: Ting-Lu|Ting-Lu|100\/100\n|-ability|p2a: Ting-Lu|Vessel of Ruin\n|turn|5\n|\n|t:|1699949469\n|move|p1a: Corviknight|Taunt|p2a: Ting-Lu\n|-start|p2a: Ting-Lu|move: Taunt\n|cant|p2a: Ting-Lu|move: Taunt|Stealth Rock\n|\n|upkeep\n|turn|6\n|\n|t:|1699949474\n|move|p1a: Corviknight|Roost|p1a: Corviknight\n|-heal|p1a: Corviknight|72\/100\n|-singleturn|p1a: Corviknight|move: Roost\n|move|p2a: Ting-Lu|Ruination|p1a: Corviknight\n|-damage|p1a: Corviknight|36\/100\n|\n|upkeep\n|turn|7\n|\n|t:|1699949481\n|move|p1a: Corviknight|Iron Defense|p1a: Corviknight\n|-boost|p1a: Corviknight|def|2\n|move|p2a: Ting-Lu|Ruination|p1a: Corviknight\n|-damage|p1a: Corviknight|18\/100\n|\n|-end|p2a: Ting-Lu|move: Taunt\n|upkeep\n|turn|8\n|\n|t:|1699949492\n|move|p1a: Corviknight|Taunt|p2a: Ting-Lu\n|-start|p2a: Ting-Lu|move: Taunt\n|move|p2a: Ting-Lu|Ruination|p1a: Corviknight|[miss]\n|-miss|p2a: Ting-Lu|p1a: Corviknight\n|\n|upkeep\n|turn|9\n|\n|t:|1699949497\n|move|p1a: Corviknight|Roost|p1a: Corviknight\n|-heal|p1a: Corviknight|68\/100\n|-singleturn|p1a: Corviknight|move: Roost\n|move|p2a: Ting-Lu|Ruination|p1a: Corviknight\n|-damage|p1a: Corviknight|34\/100\n|\n|upkeep\n|turn|10\n|\n|t:|1699949503\n|move|p1a: Corviknight|Iron Defense|p1a: Corviknight\n|-boost|p1a: Corviknight|def|2\n|move|p2a: Ting-Lu|Ruination|p1a: Corviknight\n|-damage|p1a: Corviknight|17\/100\n|\n|-end|p2a: Ting-Lu|move: Taunt\n|upkeep\n|turn|11\n|\n|t:|1699949506\n|move|p1a: Corviknight|Taunt|p2a: Ting-Lu\n|-start|p2a: Ting-Lu|move: Taunt\n|move|p2a: Ting-Lu|Ruination|p1a: Corviknight\n|-damage|p1a: Corviknight|9\/100\n|\n|upkeep\n|turn|12\n|\n|t:|1699949510\n|move|p1a: Corviknight|Roost|p1a: Corviknight\n|-heal|p1a: Corviknight|59\/100\n|-singleturn|p1a: Corviknight|move: Roost\n|move|p2a: Ting-Lu|Ruination|p1a: Corviknight\n|-damage|p1a: Corviknight|30\/100\n|\n|upkeep\n|turn|13\n|\n|t:|1699949525\n|move|p1a: Corviknight|Iron Defense|p1a: Corviknight\n|-boost|p1a: Corviknight|def|2\n|move|p2a: Ting-Lu|Ruination|p1a: Corviknight\n|-damage|p1a: Corviknight|15\/100\n|\n|-end|p2a: Ting-Lu|move: Taunt\n|upkeep\n|turn|14\n|\n|t:|1699949531\n|move|p1a: Corviknight|Taunt|p2a: Ting-Lu\n|-start|p2a: Ting-Lu|move: Taunt\n|cant|p2a: Ting-Lu|move: Taunt|Stealth Rock\n|\n|upkeep\n|turn|15\n|\n|t:|1699949541\n|move|p1a: Corviknight|Body Press|p2a: Ting-Lu\n|-supereffective|p2a: Ting-Lu\n|-damage|p2a: Ting-Lu|30\/100\n|-activate|p2a: Ting-Lu|move: Struggle\n|move|p2a: Ting-Lu|Struggle|p1a: Corviknight\n|-damage|p1a: Corviknight|13\/100\n|-damage|p2a: Ting-Lu|5\/100|[from] recoil\n|\n|-heal|p2a: Ting-Lu|11\/100|[from] item: Leftovers\n|upkeep\n|turn|16\n|\n|t:|1699949554\n|move|p1a: Corviknight|Roost|p1a: Corviknight\n|-heal|p1a: Corviknight|63\/100\n|-singleturn|p1a: Corviknight|move: Roost\n|-activate|p2a: Ting-Lu|move: Struggle\n|move|p2a: Ting-Lu|Struggle|p1a: Corviknight\n|-damage|p1a: Corviknight|61\/100\n|-damage|p2a: Ting-Lu|0 fnt|[from] recoil\n|faint|p2a: Ting-Lu\n|\n|upkeep\n|\n|t:|1699949569\n|switch|p2a: Banette|Banette, F|100\/100\n|turn|17\n|\n|t:|1699949574\n|detailschange|p2a: Banette|Banette-Mega, F\n|-mega|p2a: Banette|Banette|Banettite\n|move|p2a: Banette|Swords Dance|p2a: Banette\n|-boost|p2a: Banette|atk|2\n|move|p1a: Corviknight|Taunt|p2a: Banette\n|-start|p2a: Banette|move: Taunt\n|\n|upkeep\n|turn|18\n|\n|t:|1699949581\n|move|p2a: Banette|Shadow Sneak|p1a: Corviknight\n|-damage|p1a: Corviknight|50\/100\n|move|p1a: Corviknight|Body Press|p2a: Banette\n|-immune|p2a: Banette\n|\n|upkeep\n|turn|19\n|\n|t:|1699949586\n|move|p2a: Banette|Shadow Sneak|p1a: Corviknight\n|-damage|p1a: Corviknight|39\/100\n|move|p1a: Corviknight|Body Press|p2a: Banette\n|-immune|p2a: Banette\n|\n|upkeep\n|turn|20\n|\n|t:|1699949590\n|move|p2a: Banette|Shadow Sneak|p1a: Corviknight\n|-damage|p1a: Corviknight|27\/100\n|move|p1a: Corviknight|Taunt||[still]\n|-fail|p1a: Corviknight\n|\n|-end|p2a: Banette|move: Taunt\n|upkeep\n|turn|21\n|\n|t:|1699949593\n|move|p2a: Banette|Swords Dance|p2a: Banette\n|-boost|p2a: Banette|atk|2\n|move|p1a: Corviknight|Taunt|p2a: Banette\n|-start|p2a: Banette|move: Taunt\n|\n|upkeep\n|turn|22\n|\n|t:|1699949596\n|move|p1a: Corviknight|Body Press|p2a: Banette\n|-immune|p2a: Banette\n|move|p2a: Banette|Poltergeist||[still]\n|-fail|p2a: Banette\n|\n|upkeep\n|turn|23\n|\n|t:|1699949600\n|move|p1a: Corviknight|Body Press|p2a: Banette\n|-immune|p2a: Banette\n|move|p2a: Banette|Poltergeist||[still]\n|-fail|p2a: Banette\n|\n|upkeep\n|turn|24\n|\n|t:|1699949606\n|move|p2a: Banette|Shadow Sneak|p1a: Corviknight\n|-crit|p1a: Corviknight\n|-damage|p1a: Corviknight|0 fnt\n|faint|p1a: Corviknight\n|\n|-end|p2a: Banette|move: Taunt\n|upkeep\n|\n|t:|1699949619\n|switch|p1a: Smeargle|Smeargle, M|100\/100\n|turn|25\n|\n|t:|1699949629\n|move|p2a: Banette|Swords Dance|p2a: Banette\n|-boost|p2a: Banette|atk|2\n|move|p1a: Smeargle|Trick||[still]\n|-fail|p1a: Smeargle\n|\n|upkeep\n|turn|26\n|c| Big Rayquaza|bro\n|c|\u2606Dregone|bruh\n|c|\u2606XX_1nfinity_XX|bro fr?\n|\n|t:|1699949645\n|move|p2a: Banette|Swords Dance|p2a: Banette\n|-boost|p2a: Banette|atk|0\n|move|p1a: Smeargle|Trick||[still]\n|-fail|p1a: Smeargle\n|\n|upkeep\n|turn|27\n|\n|t:|1699949647\n|move|p2a: Banette|Swords Dance|p2a: Banette\n|-boost|p2a: Banette|atk|0\n|move|p1a: Smeargle|Trick||[still]\n|-fail|p1a: Smeargle\n|\n|upkeep\n|turn|28\n|\n|t:|1699949649\n|move|p2a: Banette|Swords Dance|p2a: Banette\n|-boost|p2a: Banette|atk|0\n|move|p1a: Smeargle|Trick||[still]\n|-fail|p1a: Smeargle\n|\n|upkeep\n|turn|29\n|\n|t:|1699949652\n|move|p2a: Banette|Swords Dance|p2a: Banette\n|-boost|p2a: Banette|atk|0\n|move|p1a: Smeargle|Trick||[still]\n|-fail|p1a: Smeargle\n|\n|upkeep\n|turn|30\n|\n|t:|1699949654\n|move|p2a: Banette|Swords Dance|p2a: Banette\n|-boost|p2a: Banette|atk|0\n|move|p1a: Smeargle|Trick||[still]\n|-fail|p1a: Smeargle\n|\n|upkeep\n|turn|31\n|c| Big Rayquaza|\ud83d\udc80\n|\n|t:|1699949660\n|move|p2a: Banette|Swords Dance|p2a: Banette\n|-boost|p2a: Banette|atk|0\n|move|p1a: Smeargle|Trick||[still]\n|-fail|p1a: Smeargle\n|\n|upkeep\n|turn|32\n|\n|t:|1699949662\n|move|p2a: Banette|Swords Dance|p2a: Banette\n|-boost|p2a: Banette|atk|0\n|move|p1a: Smeargle|Trick||[still]\n|-fail|p1a: Smeargle\n|\n|upkeep\n|turn|33\n|\n|t:|1699949664\n|move|p2a: Banette|Swords Dance|p2a: Banette\n|-boost|p2a: Banette|atk|0\n|move|p1a: Smeargle|Trick||[still]\n|-fail|p1a: Smeargle\n|\n|upkeep\n|turn|34\n|\n|t:|1699949668\n|move|p2a: Banette|Swords Dance|p2a: Banette\n|-boost|p2a: Banette|atk|0\n|move|p1a: Smeargle|Trick||[still]\n|-fail|p1a: Smeargle\n|\n|upkeep\n|turn|35\n|\n|t:|1699949671\n|move|p2a: Banette|Swords Dance|p2a: Banette\n|-boost|p2a: Banette|atk|0\n|move|p1a: Smeargle|Trick||[still]\n|-fail|p1a: Smeargle\n|\n|upkeep\n|turn|36\n|\n|t:|1699949676\n|move|p2a: Banette|Swords Dance|p2a: Banette\n|-boost|p2a: Banette|atk|0\n|move|p1a: Smeargle|Trick||[still]\n|-fail|p1a: Smeargle\n|\n|upkeep\n|turn|37\n|\n|t:|1699949678\n|move|p2a: Banette|Swords Dance|p2a: Banette\n|-boost|p2a: Banette|atk|0\n|move|p1a: Smeargle|Trick||[still]\n|-fail|p1a: Smeargle\n|\n|upkeep\n|turn|38\n|\n|t:|1699949683\n|move|p2a: Banette|Swords Dance|p2a: Banette\n|-boost|p2a: Banette|atk|0\n|move|p1a: Smeargle|Trick||[still]\n|-fail|p1a: Smeargle\n|\n|upkeep\n|turn|39\n|c|\u2606Dregone|u cant kill me ? lol\n|\n|t:|1699949690\n|move|p2a: Banette|Swords Dance|p2a: Banette\n|-boost|p2a: Banette|atk|0\n|move|p1a: Smeargle|Trick||[still]\n|-fail|p1a: Smeargle\n|\n|upkeep\n|turn|40\n|c|\u2606XX_1nfinity_XX|i only have ghost  moves\n|\n|t:|1699949705\n|move|p2a: Banette|Destiny Bond|p2a: Banette\n|-singlemove|p2a: Banette|Destiny Bond\n|move|p1a: Smeargle|Trick||[still]\n|-fail|p1a: Smeargle\n|\n|upkeep\n|turn|41\n|\n|t:|1699949709\n|move|p2a: Banette|Swords Dance|p2a: Banette\n|-boost|p2a: Banette|atk|0\n|-activate|p1a: Smeargle|move: Struggle\n|move|p1a: Smeargle|Struggle|p2a: Banette\n|-damage|p2a: Banette|94\/100\n|-damage|p1a: Smeargle|75\/100|[from] recoil\n|\n|upkeep\n|turn|42\n|\n|t:|1699949712\n|move|p2a: Banette|Swords Dance|p2a: Banette\n|-boost|p2a: Banette|atk|0\n|-activate|p1a: Smeargle|move: Struggle\n|move|p1a: Smeargle|Struggle|p2a: Banette\n|-damage|p2a: Banette|87\/100\n|-damage|p1a: Smeargle|50\/100|[from] recoil\n|\n|upkeep\n|turn|43\n|\n|t:|1699949716\n|move|p2a: Banette|Swords Dance|p2a: Banette\n|-boost|p2a: Banette|atk|0\n|-activate|p1a: Smeargle|move: Struggle\n|move|p1a: Smeargle|Struggle|p2a: Banette\n|-damage|p2a: Banette|80\/100\n|-damage|p1a: Smeargle|25\/100|[from] recoil\n|\n|upkeep\n|turn|44\n|\n|t:|1699949718\n|move|p2a: Banette|Swords Dance|p2a: Banette\n|-boost|p2a: Banette|atk|0\n|-activate|p1a: Smeargle|move: Struggle\n|move|p1a: Smeargle|Struggle|p2a: Banette\n|-damage|p2a: Banette|73\/100\n|-damage|p1a: Smeargle|0 fnt|[from] recoil\n|faint|p1a: Smeargle\n|\n|upkeep\n|\n|t:|1699949724\n|switch|p1a: Dragonite|Dragonite, M|100\/100\n|turn|45\n|\n|t:|1699949731\n|-terastallize|p1a: Dragonite|Normal\n|move|p2a: Banette|Destiny Bond|p2a: Banette\n|-singlemove|p2a: Banette|Destiny Bond\n|move|p1a: Dragonite|Dragon Dance|p1a: Dragonite\n|-boost|p1a: Dragonite|atk|1\n|-boost|p1a: Dragonite|spe|1\n|\n|upkeep\n|turn|46\n|\n|t:|1699949738\n|move|p2a: Banette|Swords Dance|p2a: Banette\n|-boost|p2a: Banette|atk|0\n|move|p1a: Dragonite|Dragon Dance|p1a: Dragonite\n|-boost|p1a: Dragonite|atk|1\n|-boost|p1a: Dragonite|spe|1\n|\n|upkeep\n|turn|47\n|\n|t:|1699949742\n|move|p1a: Dragonite|Dragon Dance|p1a: Dragonite\n|-boost|p1a: Dragonite|atk|1\n|-boost|p1a: Dragonite|spe|1\n|move|p2a: Banette|Poltergeist|p1a: Dragonite\n|-immune|p1a: Dragonite\n|\n|upkeep\n|turn|48\n|c|\u2606XX_1nfinity_XX|ggs it seems\n|\n|t:|1699949752\n|move|p1a: Dragonite|Dragon Dance|p1a: Dragonite\n|-boost|p1a: Dragonite|atk|1\n|-boost|p1a: Dragonite|spe|1\n|move|p2a: Banette|Poltergeist|p1a: Dragonite\n|-immune|p1a: Dragonite\n|\n|upkeep\n|turn|49\n|\n|t:|1699949756\n|move|p2a: Banette|Destiny Bond|p2a: Banette\n|-singlemove|p2a: Banette|Destiny Bond\n|move|p1a: Dragonite|Dragon Dance|p1a: Dragonite\n|-boost|p1a: Dragonite|atk|1\n|-boost|p1a: Dragonite|spe|1\n|\n|upkeep\n|turn|50\n|c|\u2606Dregone|does it die if i kill it now\n|c|\u2606XX_1nfinity_XX|maybe\n|c|\u2606Dregone|i never understand thsi move\n|inactive|Dregone has 120 seconds left.\n|inactive|Dregone has 90 seconds left.\n|\n|t:|1699949821\n|move|p1a: Dragonite|Dragon Dance|p1a: Dragonite\n|-boost|p1a: Dragonite|atk|1\n|-boost|p1a: Dragonite|spe|1\n|move|p2a: Banette|Poltergeist|p1a: Dragonite\n|-immune|p1a: Dragonite\n|\n|upkeep\n|turn|51\n|inactive|Dregone has 90 seconds left.\n|\n|t:|1699949833\n|move|p2a: Banette|Destiny Bond|p2a: Banette\n|-singlemove|p2a: Banette|Destiny Bond\n|move|p1a: Dragonite|Dragon Dance|p1a: Dragonite\n|-boost|p1a: Dragonite|atk|0\n|-boost|p1a: Dragonite|spe|0\n|\n|upkeep\n|turn|52\n|c|\u2606XX_1nfinity_XX|i wish i had knock off\n|\n|t:|1699949855\n|move|p2a: Banette|Swords Dance|p2a: Banette\n|-boost|p2a: Banette|atk|0\n|move|p1a: Dragonite|Dragon Dance|p1a: Dragonite\n|-boost|p1a: Dragonite|atk|0\n|-boost|p1a: Dragonite|spe|0\n|\n|upkeep\n|turn|53\n|\n|t:|1699949862\n|move|p2a: Banette|Destiny Bond|p2a: Banette\n|-singlemove|p2a: Banette|Destiny Bond\n|move|p1a: Dragonite|Dragon Dance|p1a: Dragonite\n|-boost|p1a: Dragonite|atk|0\n|-boost|p1a: Dragonite|spe|0\n|\n|upkeep\n|turn|54\n|\n|t:|1699949868\n|move|p1a: Dragonite|Dragon Dance|p1a: Dragonite\n|-boost|p1a: Dragonite|atk|0\n|-boost|p1a: Dragonite|spe|0\n|move|p2a: Banette|Poltergeist|p1a: Dragonite\n|-immune|p1a: Dragonite\n|\n|upkeep\n|turn|55\n|\n|t:|1699949876\n|move|p2a: Banette|Destiny Bond|p2a: Banette\n|-singlemove|p2a: Banette|Destiny Bond\n|move|p1a: Dragonite|Dragon Dance|p1a: Dragonite\n|-boost|p1a: Dragonite|atk|0\n|-boost|p1a: Dragonite|spe|0\n|\n|upkeep\n|turn|56\n|\n|t:|1699949880\n|move|p2a: Banette|Shadow Sneak|p1a: Dragonite\n|-immune|p1a: Dragonite\n|move|p1a: Dragonite|Dragon Dance|p1a: Dragonite\n|-boost|p1a: Dragonite|atk|0\n|-boost|p1a: Dragonite|spe|0\n|\n|upkeep\n|turn|57\n|\n|t:|1699949884\n|move|p2a: Banette|Destiny Bond|p2a: Banette\n|-singlemove|p2a: Banette|Destiny Bond\n|move|p1a: Dragonite|Dragon Dance|p1a: Dragonite\n|-boost|p1a: Dragonite|atk|0\n|-boost|p1a: Dragonite|spe|0\n|\n|upkeep\n|turn|58\n|\n|t:|1699949887\n|move|p2a: Banette|Swords Dance|p2a: Banette\n|-boost|p2a: Banette|atk|0\n|move|p1a: Dragonite|Dragon Dance|p1a: Dragonite\n|-boost|p1a: Dragonite|atk|0\n|-boost|p1a: Dragonite|spe|0\n|\n|upkeep\n|turn|59\n|\n|t:|1699949890\n|move|p2a: Banette|Destiny Bond|p2a: Banette\n|-singlemove|p2a: Banette|Destiny Bond\n|move|p1a: Dragonite|Dragon Dance|p1a: Dragonite\n|-boost|p1a: Dragonite|atk|0\n|-boost|p1a: Dragonite|spe|0\n|\n|upkeep\n|turn|60\n|\n|t:|1699949893\n|move|p2a: Banette|Swords Dance|p2a: Banette\n|-boost|p2a: Banette|atk|0\n|move|p1a: Dragonite|Dragon Dance|p1a: Dragonite\n|-boost|p1a: Dragonite|atk|0\n|-boost|p1a: Dragonite|spe|0\n|\n|upkeep\n|turn|61\n|\n|t:|1699949900\n|move|p2a: Banette|Shadow Sneak|p1a: Dragonite\n|-immune|p1a: Dragonite\n|move|p1a: Dragonite|Dragon Dance|p1a: Dragonite\n|-boost|p1a: Dragonite|atk|0\n|-boost|p1a: Dragonite|spe|0\n|\n|upkeep\n|turn|62\n|\n|t:|1699949903\n|move|p2a: Banette|Swords Dance|p2a: Banette\n|-boost|p2a: Banette|atk|0\n|move|p1a: Dragonite|Earthquake|p2a: Banette\n|-damage|p2a: Banette|0 fnt\n|faint|p2a: Banette\n|-damage|p1a: Dragonite|91\/100|[from] item: Life Orb\n|\n|upkeep\n|\n|t:|1699949907\n|switch|p2a: Toxapex|Toxapex, M|100\/100\n|turn|63\n|\n|t:|1699949914\n|move|p2a: Toxapex|Baneful Bunker|p2a: Toxapex\n|-singleturn|p2a: Toxapex|move: Protect\n|move|p1a: Dragonite|Earthquake|p2a: Toxapex\n|-activate|p2a: Toxapex|move: Protect\n|\n|upkeep\n|turn|64\n|\n|t:|1699949918\n|move|p1a: Dragonite|Earthquake|p2a: Toxapex\n|-supereffective|p2a: Toxapex\n|-damage|p2a: Toxapex|0 fnt\n|faint|p2a: Toxapex\n|-damage|p1a: Dragonite|81\/100|[from] item: Life Orb\n|\n|upkeep\n|\n|t:|1699949921\n|switch|p2a: Zamazenta|Zamazenta|100\/100\n|-ability|p2a: Zamazenta|Dauntless Shield|boost\n|-boost|p2a: Zamazenta|def|1\n|turn|65\n|\n|t:|1699949928\n|move|p1a: Dragonite|Extreme Speed|p2a: Zamazenta\n|-damage|p2a: Zamazenta|0 fnt\n|faint|p2a: Zamazenta\n|-damage|p1a: Dragonite|71\/100|[from] item: Life Orb\n|\n|upkeep\n|\n|t:|1699949931\n|switch|p2a: Weavile|Weavile, F|100\/100\n|turn|66\n|\n|t:|1699949934\n|move|p1a: Dragonite|Extreme Speed|p2a: Weavile\n|-enditem|p2a: Weavile|Focus Sash\n|-damage|p2a: Weavile|1\/100\n|-enditem|p1a: Dragonite|Life Orb|[silent]|[from] ability: Pickpocket|[of] p1a: Dragonite\n|-item|p2a: Weavile|Life Orb|[from] ability: Pickpocket|[of] p1a: Dragonite\n|move|p2a: Weavile|Ice Shard|p1a: Dragonite\n|-damage|p1a: Dragonite|44\/100\n|-damage|p2a: Weavile|0 fnt|[from] item: Life Orb\n|faint|p2a: Weavile\n|\n|win|Dregone\n|n|\u2606Dregone|dregone\n|n|\u2606XX_1nfinity_XX|xx1nfinityxx\n|n|*Lady Monita \u2746|ladymonita\n|n| Big Rayquaza|bigrayquaza\n|n| RUMYMOME|rumymome\n|l|*Lady Monita \u2746\n|l|\u2606XX_1nfinity_XX\n|c|\u2606Dregone|gg\n","uploadtime":1699949936,"views":13,"p1id":"dregone","p2id":"xx1nfinityxx","formatid":"gen9nationaldex","rating":0,"private":0,"password":""}