{"id":"gen9nationaldex-1998084560","p1":"SpecsGastr0","p2":"Glonxxu","format":"[Gen 9] National Dex","log":"|html|<div class=\"broadcast-blue\"><strong>[Gen 9] National Dex is currently suspecting Sneasler! For information on how to participate check out the <a href=\"https:\/\/www.smogon.com\/forums\/threads\/sv-national-dex-suspect-8-just-dance.3731534\/\">suspect thread<\/a>.<\/strong><\/div>\n|j|\u2606SpecsGastr0\n|j|\u2606Glonxxu\n|t:|1700888738\n|gametype|singles\n|player|p1|SpecsGastr0|colress|1309\n|player|p2|Glonxxu|candice|1267\n|teamsize|p1|6\n|teamsize|p2|6\n|gen|9\n|tier|[Gen 9] National Dex\n|rated|\n|rule|HP Percentage Mod: HP is shown in percentages\n|rule|Endless Battle Clause: Forcing endless battles is banned\n|rule|OHKO Clause: OHKO moves are banned\n|rule|Evasion Clause: Evasion abilities, items, and moves are banned\n|rule|Evasion Abilities Clause: Evasion abilities are banned\n|rule|Evasion Items Clause: Evasion items are banned\n|rule|Evasion Moves Clause: Evasion moves are banned\n|rule|Species Clause: Limit one of each Pok\u00e9mon\n|rule|Sleep Clause Mod: Limit one foe put to sleep\n|clearpoke\n|poke|p1|Ninjask, M|\n|poke|p1|Mawile, F|\n|poke|p1|Minior|\n|poke|p1|Tapu Lele|\n|poke|p1|Armarouge, F|\n|poke|p1|Toedscruel, M|\n|poke|p2|Ninetales-Alola, F|\n|poke|p2|Arctozolt|\n|poke|p2|Weavile, F|\n|poke|p2|Froslass, F|\n|poke|p2|Lapras, M|\n|poke|p2|Frosmoth, M|\n|teampreview\n|inactive|Battle timer is ON: inactive players will automatically lose when time's up. (requested by Glonxxu)\n|\n|t:|1700888759\n|start\n|switch|p1a: One Summer|Mawile, F|100\/100\n|switch|p2a: Ninetales|Ninetales-Alola, F|100\/100\n|-weather|Snow|[from] ability: Snow Warning|[of] p2a: Ninetales\n|-ability|p1a: One Summer|Intimidate|boost\n|-unboost|p2a: Ninetales|atk|1\n|turn|1\n|c|\u2606SpecsGastr0|oh a gym leader\n|c|\u2606SpecsGastr0|respect\n|\n|t:|1700888773\n|detailschange|p1a: One Summer|Mawile-Mega, F\n|-mega|p1a: One Summer|Mawile|Mawilite\n|-terastallize|p2a: Ninetales|Fire\n|move|p2a: Ninetales|Hidden Power|p1a: One Summer\n|-supereffective|p1a: One Summer\n|-damage|p1a: One Summer|39\/100\n|move|p1a: One Summer|Iron Head|p2a: Ninetales\n|-resisted|p2a: Ninetales\n|-damage|p2a: Ninetales|44\/100\n|\n|-weather|Snow|[upkeep]\n|upkeep\n|turn|2\n|\n|t:|1700888787\n|switch|p1a: Girlgamesh|Armarouge, F|100\/100\n|move|p2a: Ninetales|Hidden Power|p1a: Girlgamesh\n|-start|p1a: Girlgamesh|ability: Flash Fire\n|\n|-weather|Snow|[upkeep]\n|upkeep\n|turn|3\n|\n|t:|1700888806\n|switch|p2a: Weavile|Weavile, F|100\/100\n|-ability|p2a: Weavile|Pressure\n|move|p1a: Girlgamesh|Armor Cannon|p2a: Weavile\n|-supereffective|p2a: Weavile\n|-damage|p2a: Weavile|0 fnt\n|-unboost|p1a: Girlgamesh|def|1\n|-unboost|p1a: Girlgamesh|spd|1\n|faint|p2a: Weavile\n|\n|-weather|Snow|[upkeep]\n|upkeep\n|\n|t:|1700888816\n|switch|p2a: Froslass|Froslass, F|100\/100\n|turn|4\n|\n|t:|1700888825\n|move|p1a: Girlgamesh|Armor Cannon|p2a: Froslass\n|-supereffective|p2a: Froslass\n|-damage|p2a: Froslass|0 fnt\n|-unboost|p1a: Girlgamesh|def|1\n|-unboost|p1a: Girlgamesh|spd|1\n|faint|p2a: Froslass\n|\n|-weather|Snow|[upkeep]\n|upkeep\n|\n|t:|1700888848\n|switch|p2a: Lapras|Lapras, M|100\/100\n|turn|5\n|\n|t:|1700888861\n|-end|p1a: Girlgamesh|ability: Flash Fire|[silent]\n|switch|p1a: Potato|Tapu Lele|100\/100\n|-fieldstart|move: Psychic Terrain|[from] ability: Psychic Surge|[of] p1a: Potato\n|move|p2a: Lapras|Liquidation|p1a: Potato\n|-damage|p1a: Potato|50\/100\n|-unboost|p1a: Potato|def|1\n|\n|-weather|Snow|[upkeep]\n|upkeep\n|turn|6\n|\n|t:|1700888874\n|move|p1a: Potato|Focus Blast|p2a: Lapras|[miss]\n|-miss|p1a: Potato|p2a: Lapras\n|move|p2a: Lapras|Liquidation|p1a: Potato\n|-damage|p1a: Potato|0 fnt\n|faint|p1a: Potato\n|\n|-weather|Snow|[upkeep]\n|upkeep\n|\n|t:|1700888893\n|switch|p1a: One Summer|Mawile-Mega, F|39\/100\n|turn|7\n|\n|t:|1700888905\n|move|p1a: One Summer|Stealth Rock|p2a: Lapras\n|-sidestart|p2: Glonxxu|move: Stealth Rock\n|move|p2a: Lapras|Drill Run|p1a: One Summer\n|-supereffective|p1a: One Summer\n|-crit|p1a: One Summer\n|-damage|p1a: One Summer|0 fnt\n|faint|p1a: One Summer\n|\n|-weather|Snow|[upkeep]\n|upkeep\n|\n|t:|1700888917\n|switch|p1a: SPIRE 16|Toedscruel, M|100\/100\n|turn|8\n|\n|t:|1700888928\n|move|p1a: SPIRE 16|Giga Drain|p2a: Lapras\n|-supereffective|p2a: Lapras\n|-damage|p2a: Lapras|56\/100\n|move|p2a: Lapras|Megahorn|p1a: SPIRE 16\n|-supereffective|p1a: SPIRE 16\n|-damage|p1a: SPIRE 16|2\/100\n|\n|-weather|none\n|-heal|p2a: Lapras|62\/100|[from] item: Leftovers\n|upkeep\n|turn|9\n|\n|t:|1700888939\n|move|p2a: Lapras|Ice Shard|p1a: SPIRE 16\n|-activate|p1a: SPIRE 16|move: Psychic Terrain\n|move|p1a: SPIRE 16|Giga Drain|p2a: Lapras\n|-supereffective|p2a: Lapras\n|-damage|p2a: Lapras|23\/100\n|-heal|p1a: SPIRE 16|32\/100|[from] drain|[of] p2a: Lapras\n|\n|-heal|p2a: Lapras|29\/100|[from] item: Leftovers\n|upkeep\n|turn|10\n|\n|t:|1700888967\n|switch|p2a: Ninetales|Ninetales-Alola, F, tera:Fire|44\/100\n|-damage|p2a: Ninetales|19\/100|[from] Stealth Rock\n|-weather|Snow|[from] ability: Snow Warning|[of] p2a: Ninetales\n|move|p1a: SPIRE 16|Giga Drain|p2a: Ninetales\n|-resisted|p2a: Ninetales\n|-damage|p2a: Ninetales|1\/100\n|-heal|p1a: SPIRE 16|41\/100|[from] drain|[of] p2a: Ninetales\n|\n|-weather|Snow|[upkeep]\n|upkeep\n|turn|11\n|\n|t:|1700888979\n|switch|p1a: Girlgamesh|Armarouge, F|100\/100\n|move|p2a: Ninetales|Blizzard|p1a: Girlgamesh\n|-resisted|p1a: Girlgamesh\n|-damage|p1a: Girlgamesh|72\/100\n|\n|-weather|Snow|[upkeep]\n|upkeep\n|turn|12\n|inactive|Glonxxu has 120 seconds left.\n|\n|t:|1700888997\n|move|p1a: Girlgamesh|Armor Cannon|p2a: Ninetales\n|-resisted|p2a: Ninetales\n|-damage|p2a: Ninetales|0 fnt\n|-unboost|p1a: Girlgamesh|def|1\n|-unboost|p1a: Girlgamesh|spd|1\n|faint|p2a: Ninetales\n|\n|-weather|Snow|[upkeep]\n|-fieldend|move: Psychic Terrain\n|upkeep\n|inactive|Glonxxu has 120 seconds left.\n|\n|t:|1700889005\n|switch|p2a: Arctozolt|Arctozolt|100\/100\n|-damage|p2a: Arctozolt|76\/100|[from] Stealth Rock\n|turn|13\n|inactive|Glonxxu has 120 seconds left.\n|\n|t:|1700889024\n|move|p2a: Arctozolt|Stomping Tantrum|p1a: Girlgamesh\n|-supereffective|p1a: Girlgamesh\n|-damage|p1a: Girlgamesh|0 fnt\n|faint|p1a: Girlgamesh\n|-damage|p2a: Arctozolt|66\/100|[from] item: Life Orb\n|\n|-weather|Snow|[upkeep]\n|upkeep\n|inactive|SpecsGastr0 has 120 seconds left.\n|\n|t:|1700889049\n|switch|p1a: Red Alert!|Minior|100\/100\n|-formechange|p1a: Red Alert!|Minior-Meteor||[from] ability: Shields Down\n|turn|14\n|\n|t:|1700889063\n|move|p2a: Arctozolt|Bolt Beak|p1a: Red Alert!\n|-supereffective|p1a: Red Alert!\n|-damage|p1a: Red Alert!|0 fnt\n|faint|p1a: Red Alert!\n|-damage|p2a: Arctozolt|56\/100|[from] item: Life Orb\n|\n|-weather|Snow|[upkeep]\n|upkeep\n|\n|t:|1700889069\n|switch|p1a: SPIRE 16|Toedscruel, M|41\/100\n|turn|15\n|\n|t:|1700889074\n|move|p2a: Arctozolt|Blizzard|p1a: SPIRE 16\n|-supereffective|p1a: SPIRE 16\n|-damage|p1a: SPIRE 16|0 fnt\n|faint|p1a: SPIRE 16\n|-damage|p2a: Arctozolt|46\/100|[from] item: Life Orb\n|\n|-weather|Snow|[upkeep]\n|upkeep\n|\n|t:|1700889079\n|switch|p1a: When They Cry|Ninjask, M|100\/100\n|turn|16\n|\n|t:|1700889082\n|move|p2a: Arctozolt|Bolt Beak|p1a: When They Cry\n|-supereffective|p1a: When They Cry\n|-damage|p1a: When They Cry|0 fnt\n|faint|p1a: When They Cry\n|-damage|p2a: Arctozolt|36\/100|[from] item: Life Orb\n|\n|win|Glonxxu\n|raw|SpecsGastr0's rating: 1309 &rarr; <strong>1287<\/strong><br \/>(-22 for losing)\n|raw|Glonxxu's rating: 1267 &rarr; <strong>1295<\/strong><br \/>(+28 for winning)\n|c|\u2606Glonxxu|gg\n|c|\u2606SpecsGastr0|gg\n","uploadtime":1700889092,"views":1,"p1id":"specsgastr0","p2id":"glonxxu","formatid":"gen9nationaldex","rating":1287,"private":0,"password":""}