{"id":"gen9nationaldex-1999370645","p1":"Ackesh","p2":"UrBeardsWeird","format":"[Gen 9] National Dex","log":"|html|<div class=\"broadcast-blue\"><strong>[Gen 9] National Dex is currently suspecting Sneasler! For information on how to participate check out the <a href=\"https:\/\/www.smogon.com\/forums\/threads\/sv-national-dex-suspect-8-just-dance.3731534\/\">suspect thread<\/a>.<\/strong><\/div>\n|j|\u2606Ackesh\n|j|\u2606UrBeardsWeird\n|t:|1701068586\n|gametype|singles\n|player|p1|Ackesh|silver|1759\n|player|p2|UrBeardsWeird|266|1672\n|teamsize|p1|6\n|teamsize|p2|6\n|gen|9\n|tier|[Gen 9] National Dex\n|rated|\n|rule|HP Percentage Mod: HP is shown in percentages\n|rule|Endless Battle Clause: Forcing endless battles is banned\n|rule|OHKO Clause: OHKO moves are banned\n|rule|Evasion Clause: Evasion abilities, items, and moves are banned\n|rule|Evasion Abilities Clause: Evasion abilities are banned\n|rule|Evasion Items Clause: Evasion items are banned\n|rule|Evasion Moves Clause: Evasion moves are banned\n|rule|Species Clause: Limit one of each Pok\u00e9mon\n|rule|Sleep Clause Mod: Limit one foe put to sleep\n|clearpoke\n|poke|p1|Venusaur, F|\n|poke|p1|Kyurem|\n|poke|p1|Torkoal, M|\n|poke|p1|Landorus-Therian, M|\n|poke|p1|Heatran, M|\n|poke|p1|Victini|\n|poke|p2|Pelipper, M|\n|poke|p2|Swampert, M|\n|poke|p2|Tornadus-Therian, M|\n|poke|p2|Ferrothorn, F|\n|poke|p2|Urshifu-*, M|\n|poke|p2|Tapu Koko|\n|teampreview\n|\n|t:|1701068598\n|start\n|switch|p1a: Victini|Victini|100\/100\n|switch|p2a: Tapu Koko|Tapu Koko|100\/100\n|-fieldstart|move: Electric Terrain|[from] ability: Electric Surge|[of] p2a: Tapu Koko\n|turn|1\n|inactive|Battle timer is ON: inactive players will automatically lose when time's up. (requested by UrBeardsWeird)\n|j| yuzhibo\n|\n|t:|1701068616\n|switch|p2a: Swampert|Swampert, M|100\/100\n|move|p1a: Victini|U-turn|p2a: Swampert\n|-damage|p2a: Swampert|79\/100\n|\n|t:|1701068623\n|switch|p1a: Kyurem|Kyurem|100\/100|[from] U-turn\n|-ability|p1a: Kyurem|Pressure\n|\n|upkeep\n|turn|2\n|\n|t:|1701068627\n|switch|p2a: Ferrothorn|Ferrothorn, F|100\/100\n|move|p1a: Kyurem|Freeze-Dry|p2a: Ferrothorn\n|-damage|p2a: Ferrothorn|71\/100\n|-status|p2a: Ferrothorn|frz\n|-damage|p1a: Kyurem|91\/100|[from] item: Life Orb\n|\n|-heal|p2a: Ferrothorn|77\/100 frz|[from] item: Leftovers\n|upkeep\n|turn|3\n|\n|t:|1701068631\n|switch|p1a: Torkoal|Torkoal, M|100\/100\n|-weather|SunnyDay|[from] ability: Drought|[of] p1a: Torkoal\n|cant|p2a: Ferrothorn|frz\n|\n|-weather|SunnyDay|[upkeep]\n|-heal|p2a: Ferrothorn|83\/100 frz|[from] item: Leftovers\n|upkeep\n|turn|4\n|\n|t:|1701068646\n|switch|p2a: Pelipper|Pelipper, M|100\/100\n|-weather|RainDance|[from] ability: Drizzle|[of] p2a: Pelipper\n|move|p1a: Torkoal|Stealth Rock|p2a: Pelipper\n|-sidestart|p2: UrBeardsWeird|move: Stealth Rock\n|\n|-weather|RainDance|[upkeep]\n|upkeep\n|turn|5\n|\n|t:|1701068651\n|switch|p1a: Kyurem|Kyurem|91\/100\n|-ability|p1a: Kyurem|Pressure\n|move|p2a: Pelipper|Defog|p1a: Kyurem\n|-unboost|p1a: Kyurem|evasion|1\n|-sideend|p2: UrBeardsWeird|Stealth Rock|[from] move: Defog|[of] p2a: Pelipper\n|-fieldend|move: Electric Terrain\n|\n|-weather|RainDance|[upkeep]\n|upkeep\n|turn|6\n|\n|t:|1701068657\n|switch|p2a: Ferrothorn|Ferrothorn, F|83\/100 frz\n|move|p1a: Kyurem|Ice Beam|p2a: Ferrothorn\n|-damage|p2a: Ferrothorn|44\/100 frz\n|-damage|p1a: Kyurem|81\/100|[from] item: Life Orb\n|\n|-weather|RainDance|[upkeep]\n|-heal|p2a: Ferrothorn|50\/100 frz|[from] item: Leftovers\n|upkeep\n|turn|7\n|\n|t:|1701068663\n|switch|p1a: Torkoal|Torkoal, M|100\/100\n|-weather|SunnyDay|[from] ability: Drought|[of] p1a: Torkoal\n|switch|p2a: Tornadus|Tornadus-Therian, M|100\/100\n|\n|-weather|SunnyDay|[upkeep]\n|upkeep\n|turn|8\n|\n|t:|1701068669\n|switch|p1a: Heatran|Heatran, M|100\/100\n|move|p2a: Tornadus|Substitute|p2a: Tornadus\n|-start|p2a: Tornadus|Substitute\n|-damage|p2a: Tornadus|75\/100\n|\n|-weather|SunnyDay|[upkeep]\n|upkeep\n|turn|9\n|\n|t:|1701068684\n|move|p2a: Tornadus|Nasty Plot|p2a: Tornadus\n|-boost|p2a: Tornadus|spa|2\n|move|p1a: Heatran|Flamethrower|p2a: Tornadus\n|-end|p2a: Tornadus|Substitute\n|\n|-weather|SunnyDay|[upkeep]\n|upkeep\n|turn|10\n|\n|t:|1701068689\n|-zpower|p2a: Tornadus\n|move|p2a: Tornadus|All-Out Pummeling|p1a: Heatran|[zeffect]\n|-supereffective|p1a: Heatran\n|-damage|p1a: Heatran|0 fnt\n|faint|p1a: Heatran\n|\n|-weather|SunnyDay|[upkeep]\n|upkeep\n|\n|t:|1701068698\n|switch|p1a: Victini|Victini|100\/100\n|turn|11\n|\n|t:|1701068707\n|switch|p2a: Pelipper|Pelipper, M|100\/100\n|-weather|RainDance|[from] ability: Drizzle|[of] p2a: Pelipper\n|move|p1a: Victini|V-create|p2a: Pelipper\n|-resisted|p2a: Pelipper\n|-damage|p2a: Pelipper|85\/100\n|-unboost|p1a: Victini|spe|1\n|-unboost|p1a: Victini|def|1\n|-unboost|p1a: Victini|spd|1\n|\n|-weather|RainDance|[upkeep]\n|upkeep\n|turn|12\n|\n|t:|1701068710\n|switch|p1a: Torkoal|Torkoal, M|100\/100\n|-weather|SunnyDay|[from] ability: Drought|[of] p1a: Torkoal\n|switch|p2a: Swampert|Swampert, M|79\/100\n|\n|-weather|SunnyDay|[upkeep]\n|upkeep\n|turn|13\n|\n|t:|1701068713\n|detailschange|p2a: Swampert|Swampert-Mega, M\n|-mega|p2a: Swampert|Swampert|Swampertite\n|move|p2a: Swampert|Earthquake|p1a: Torkoal\n|-supereffective|p1a: Torkoal\n|-damage|p1a: Torkoal|37\/100\n|move|p1a: Torkoal|Stealth Rock|p2a: Swampert\n|-sidestart|p2: UrBeardsWeird|move: Stealth Rock\n|\n|-weather|SunnyDay|[upkeep]\n|upkeep\n|turn|14\n|\n|t:|1701068720\n|switch|p1a: Venusaur|Venusaur, F|100\/100\n|move|p2a: Swampert|Flip Turn|p1a: Venusaur\n|-resisted|p1a: Venusaur\n|-damage|p1a: Venusaur|89\/100\n|\n|t:|1701068723\n|switch|p2a: Pelipper|Pelipper, M|85\/100|[from] Flip Turn\n|-damage|p2a: Pelipper|60\/100|[from] Stealth Rock\n|-weather|RainDance|[from] ability: Drizzle|[of] p2a: Pelipper\n|\n|-weather|RainDance|[upkeep]\n|upkeep\n|turn|15\n|\n|t:|1701068727\n|move|p1a: Venusaur|Giga Drain|p2a: Pelipper\n|-damage|p2a: Pelipper|0 fnt\n|-heal|p1a: Venusaur|100\/100|[from] drain|[of] p2a: Pelipper\n|faint|p2a: Pelipper\n|-damage|p1a: Venusaur|91\/100|[from] item: Life Orb\n|\n|-weather|RainDance|[upkeep]\n|upkeep\n|\n|t:|1701068730\n|switch|p2a: Tapu Koko|Tapu Koko|100\/100\n|-damage|p2a: Tapu Koko|88\/100|[from] Stealth Rock\n|-fieldstart|move: Electric Terrain|[from] ability: Electric Surge|[of] p2a: Tapu Koko\n|turn|16\n|\n|t:|1701068733\n|switch|p1a: Torkoal|Torkoal, M|37\/100\n|-weather|SunnyDay|[from] ability: Drought|[of] p1a: Torkoal\n|move|p2a: Tapu Koko|Volt Switch|p1a: Torkoal\n|-damage|p1a: Torkoal|0 fnt\n|faint|p1a: Torkoal\n|\n|t:|1701068741\n|switch|p2a: Tornadus|Tornadus-Therian, M|100\/100|[from] Volt Switch\n|-damage|p2a: Tornadus|75\/100|[from] Stealth Rock\n|\n|-weather|SunnyDay|[upkeep]\n|upkeep\n|\n|t:|1701068745\n|switch|p1a: Venusaur|Venusaur, F|91\/100\n|turn|17\n|\n|t:|1701068749\n|-terastallize|p1a: Venusaur|Fire\n|move|p1a: Venusaur|Weather Ball|p2a: Tornadus\n|-damage|p2a: Tornadus|0 fnt\n|faint|p2a: Tornadus\n|-damage|p1a: Venusaur|81\/100|[from] item: Life Orb\n|\n|-weather|SunnyDay|[upkeep]\n|upkeep\n|\n|t:|1701068754\n|switch|p2a: Ferrothorn|Ferrothorn, F|50\/100 frz\n|-damage|p2a: Ferrothorn|44\/100 frz|[from] Stealth Rock\n|turn|18\n|\n|t:|1701068757\n|move|p1a: Venusaur|Weather Ball|p2a: Ferrothorn\n|-supereffective|p2a: Ferrothorn\n|-damage|p2a: Ferrothorn|0 fnt\n|faint|p2a: Ferrothorn\n|-damage|p1a: Venusaur|71\/100|[from] item: Life Orb\n|\n|-weather|SunnyDay|[upkeep]\n|upkeep\n|-message|UrBeardsWeird forfeited.\n|\n|win|Ackesh\n|raw|Ackesh's rating: 1759 &rarr; <strong>1774<\/strong><br \/>(+15 for winning)\n|raw|UrBeardsWeird's rating: 1672 &rarr; <strong>1657<\/strong><br \/>(-15 for losing)\n|l|\u2606UrBeardsWeird\n","uploadtime":1701068763,"views":5,"p1id":"ackesh","p2id":"urbeardsweird","formatid":"gen9nationaldex","rating":1657,"private":0,"password":""}