{"id":"gen9nationaldex-1998687113","p1":"expensivecharizard","p2":"Young Girl Klara","format":"[Gen 9] National Dex","log":"|html|<div class=\"broadcast-blue\"><strong>[Gen 9] National Dex is currently suspecting Sneasler! For information on how to participate check out the <a href=\"https:\/\/www.smogon.com\/forums\/threads\/sv-national-dex-suspect-8-just-dance.3731534\/\">suspect thread<\/a>.<\/strong><\/div>\n|j|\u2606expensivecharizard\n|j|\u203dYoung Girl Klara\n|t:|1700972563\n|gametype|singles\n|player|p1|expensivecharizard|169|1092\n|player|p2|Young Girl Klara|klara|1136\n|teamsize|p1|6\n|teamsize|p2|6\n|gen|9\n|tier|[Gen 9] National Dex\n|rated|\n|rule|HP Percentage Mod: HP is shown in percentages\n|rule|Endless Battle Clause: Forcing endless battles is banned\n|rule|OHKO Clause: OHKO moves are banned\n|rule|Evasion Clause: Evasion abilities, items, and moves are banned\n|rule|Evasion Abilities Clause: Evasion abilities are banned\n|rule|Evasion Items Clause: Evasion items are banned\n|rule|Evasion Moves Clause: Evasion moves are banned\n|rule|Species Clause: Limit one of each Pok\u00e9mon\n|rule|Sleep Clause Mod: Limit one foe put to sleep\n|clearpoke\n|poke|p1|Ribombee, F|\n|poke|p1|Cetitan, F|\n|poke|p1|Aerodactyl, F|\n|poke|p1|Clodsire, F|\n|poke|p1|Kyurem|\n|poke|p1|Porygon-Z|\n|poke|p2|Reuniclus, M|\n|poke|p2|Clefable, F|\n|poke|p2|Gliscor, F|\n|poke|p2|Aggron, F|\n|poke|p2|Vileplume, M|\n|poke|p2|Luxray, F|\n|teampreview\n|\n|t:|1700972572\n|start\n|switch|p1a: Clodsire|Clodsire, F|100\/100\n|switch|p2a: Aggron|Aggron, F|100\/100\n|turn|1\n|inactive|Battle timer is ON: inactive players will automatically lose when time's up. (requested by expensivecharizard)\n|\n|t:|1700972596\n|detailschange|p2a: Aggron|Aggron-Mega, F\n|-mega|p2a: Aggron|Aggron|Aggronite\n|move|p2a: Aggron|Stealth Rock|p1a: Clodsire\n|-sidestart|p1: expensivecharizard|move: Stealth Rock\n|move|p1a: Clodsire|Stealth Rock|p2a: Aggron\n|-sidestart|p2: Young Girl Klara|move: Stealth Rock\n|\n|upkeep\n|turn|2\n|\n|t:|1700972606\n|switch|p1a: Porygon-Z|Porygon-Z|100\/100\n|-damage|p1a: Porygon-Z|88\/100|[from] Stealth Rock\n|move|p2a: Aggron|Heavy Slam|p1a: Porygon-Z\n|-damage|p1a: Porygon-Z|11\/100\n|\n|upkeep\n|turn|3\n|\n|t:|1700972617\n|-zpower|p1a: Porygon-Z\n|move|p1a: Porygon-Z|Breakneck Blitz|p2a: Aggron|[zeffect]\n|-resisted|p2a: Aggron\n|-damage|p2a: Aggron|49\/100\n|move|p2a: Aggron|Heavy Slam|p1a: Porygon-Z\n|-damage|p1a: Porygon-Z|0 fnt\n|faint|p1a: Porygon-Z\n|\n|upkeep\n|\n|t:|1700972634\n|switch|p1a: Cetitan|Cetitan, F|100\/100\n|turn|4\n|\n|t:|1700972648\n|move|p1a: Cetitan|Earthquake|p2a: Aggron\n|-supereffective|p2a: Aggron\n|-damage|p2a: Aggron|25\/100\n|move|p2a: Aggron|Heavy Slam|p1a: Cetitan\n|-supereffective|p1a: Cetitan\n|-damage|p1a: Cetitan|68\/100\n|\n|upkeep\n|turn|5\n|\n|t:|1700972654\n|switch|p2a: Clefable|Clefable, F|100\/100\n|-damage|p2a: Clefable|88\/100|[from] Stealth Rock\n|move|p1a: Cetitan|Earthquake|p2a: Clefable\n|-damage|p2a: Clefable|58\/100\n|\n|-heal|p2a: Clefable|64\/100|[from] item: Leftovers\n|upkeep\n|turn|6\n|\n|t:|1700972681\n|move|p1a: Cetitan|Icicle Crash|p2a: Clefable\n|-damage|p2a: Clefable|28\/100\n|move|p2a: Clefable|Wish|p2a: Clefable\n|\n|-heal|p2a: Clefable|34\/100|[from] item: Leftovers\n|upkeep\n|turn|7\n|\n|t:|1700972685\n|move|p2a: Clefable|Protect|p2a: Clefable\n|-singleturn|p2a: Clefable|Protect\n|move|p1a: Cetitan|Icicle Crash|p2a: Clefable\n|-activate|p2a: Clefable|move: Protect\n|\n|-heal|p2a: Clefable|84\/100|[from] move: Wish|[wisher] Clefable\n|-heal|p2a: Clefable|90\/100|[from] item: Leftovers\n|upkeep\n|turn|8\n|inactive|Young Girl Klara has 120 seconds left.\n|\n|t:|1700972711\n|move|p1a: Cetitan|Icicle Crash|p2a: Clefable\n|-crit|p2a: Clefable\n|-damage|p2a: Clefable|35\/100\n|cant|p2a: Clefable|flinch\n|\n|-heal|p2a: Clefable|41\/100|[from] item: Leftovers\n|upkeep\n|turn|9\n|\n|t:|1700972717\n|move|p2a: Clefable|Protect|p2a: Clefable\n|-singleturn|p2a: Clefable|Protect\n|move|p1a: Cetitan|Icicle Crash|p2a: Clefable\n|-activate|p2a: Clefable|move: Protect\n|\n|-heal|p2a: Clefable|47\/100|[from] item: Leftovers\n|upkeep\n|turn|10\n|inactive|Young Girl Klara has 120 seconds left.\n|\n|t:|1700972761\n|move|p1a: Cetitan|Icicle Crash|p2a: Clefable\n|-damage|p2a: Clefable|12\/100\n|move|p2a: Clefable|Wish|p2a: Clefable\n|\n|-heal|p2a: Clefable|18\/100|[from] item: Leftovers\n|upkeep\n|turn|11\n|\n|t:|1700972767\n|move|p2a: Clefable|Protect|p2a: Clefable\n|-singleturn|p2a: Clefable|Protect\n|move|p1a: Cetitan|Icicle Crash|p2a: Clefable\n|-activate|p2a: Clefable|move: Protect\n|\n|-heal|p2a: Clefable|68\/100|[from] move: Wish|[wisher] Clefable\n|-heal|p2a: Clefable|74\/100|[from] item: Leftovers\n|upkeep\n|turn|12\n|inactive|Young Girl Klara has 90 seconds left.\n|\n|t:|1700972811\n|move|p1a: Cetitan|Liquidation|p2a: Clefable\n|-damage|p2a: Clefable|50\/100\n|-unboost|p2a: Clefable|def|1\n|move|p2a: Clefable|Moonblast|p1a: Cetitan\n|-damage|p1a: Cetitan|37\/100\n|\n|-heal|p2a: Clefable|56\/100|[from] item: Leftovers\n|upkeep\n|turn|13\n|\n|t:|1700972815\n|move|p1a: Cetitan|Icicle Crash|p2a: Clefable\n|-damage|p2a: Clefable|0 fnt\n|faint|p2a: Clefable\n|\n|upkeep\n|\n|t:|1700972818\n|switch|p2a: Luxray|Luxray, F|100\/100\n|-damage|p2a: Luxray|88\/100|[from] Stealth Rock\n|turn|14\n|\n|t:|1700972820\n|-terastallize|p2a: Luxray|Electric\n|move|p2a: Luxray|Wild Charge|p1a: Cetitan\n|-damage|p1a: Cetitan|0 fnt\n|faint|p1a: Cetitan\n|-damage|p2a: Luxray|72\/100|[from] Recoil\n|\n|-status|p2a: Luxray|brn|[from] item: Flame Orb\n|upkeep\n|\n|t:|1700972828\n|switch|p1a: Ribombee|Ribombee, F|100\/100\n|-damage|p1a: Ribombee|76\/100|[from] Stealth Rock\n|turn|15\n|inactive|Young Girl Klara has 90 seconds left.\n|\n|t:|1700972885\n|move|p1a: Ribombee|Moonblast|p2a: Luxray\n|-damage|p2a: Luxray|16\/100 brn\n|move|p2a: Luxray|Facade|p1a: Ribombee\n|-damage|p1a: Ribombee|0 fnt\n|faint|p1a: Ribombee\n|\n|-damage|p2a: Luxray|10\/100 brn|[from] brn\n|upkeep\n|\n|t:|1700972901\n|switch|p1a: Aerodactyl|Aerodactyl, F|100\/100\n|-damage|p1a: Aerodactyl|76\/100|[from] Stealth Rock\n|turn|16\n|inactive|Young Girl Klara has 60 seconds left.\n|\n|t:|1700972923\n|switch|p2a: Gliscor|Gliscor, F|100\/100\n|-damage|p2a: Gliscor|88\/100|[from] Stealth Rock\n|detailschange|p1a: Aerodactyl|Aerodactyl-Mega, F\n|-mega|p1a: Aerodactyl|Aerodactyl|Aerodactylite\n|move|p1a: Aerodactyl|Earthquake|p2a: Gliscor\n|-immune|p2a: Gliscor\n|\n|-status|p2a: Gliscor|tox|[from] item: Toxic Orb\n|upkeep\n|turn|17\n|\n|t:|1700972931\n|move|p1a: Aerodactyl|Dragon Dance|p1a: Aerodactyl\n|-boost|p1a: Aerodactyl|atk|1\n|-boost|p1a: Aerodactyl|spe|1\n|move|p2a: Gliscor|U-turn|p1a: Aerodactyl\n|-resisted|p1a: Aerodactyl\n|-damage|p1a: Aerodactyl|66\/100\n|inactive|Young Girl Klara has 60 seconds left.\n|\n|t:|1700972956\n|switch|p2a: Reuniclus|Reuniclus, M|100\/100|[from] U-turn\n|\n|upkeep\n|turn|18\n|\n|t:|1700972964\n|move|p1a: Aerodactyl|Stone Edge|p2a: Reuniclus\n|-damage|p2a: Reuniclus|39\/100\n|move|p2a: Reuniclus|Psyshock|p1a: Aerodactyl\n|-damage|p1a: Aerodactyl|19\/100\n|\n|-heal|p2a: Reuniclus|45\/100|[from] item: Leftovers\n|upkeep\n|turn|19\n|\n|t:|1700972975\n|move|p1a: Aerodactyl|Stone Edge|p2a: Reuniclus|[miss]\n|-miss|p1a: Aerodactyl|p2a: Reuniclus\n|move|p2a: Reuniclus|Psyshock|p1a: Aerodactyl\n|-damage|p1a: Aerodactyl|0 fnt\n|faint|p1a: Aerodactyl\n|\n|-heal|p2a: Reuniclus|51\/100|[from] item: Leftovers\n|upkeep\n|\n|t:|1700972993\n|switch|p1a: Clodsire|Clodsire, F|100\/100\n|-damage|p1a: Clodsire|94\/100|[from] Stealth Rock\n|turn|20\n|\n|t:|1700972999\n|move|p2a: Reuniclus|Psyshock|p1a: Clodsire\n|-supereffective|p1a: Clodsire\n|-damage|p1a: Clodsire|19\/100\n|move|p1a: Clodsire|Toxic|p2a: Reuniclus\n|-status|p2a: Reuniclus|tox\n|\n|-heal|p2a: Reuniclus|57\/100 tox|[from] item: Leftovers\n|-heal|p1a: Clodsire|25\/100|[from] item: Leftovers\n|upkeep\n|turn|21\n|\n|t:|1700973005\n|move|p1a: Clodsire|Protect|p1a: Clodsire\n|-singleturn|p1a: Clodsire|Protect\n|move|p2a: Reuniclus|Recover|p2a: Reuniclus\n|-heal|p2a: Reuniclus|100\/100 tox\n|\n|-heal|p1a: Clodsire|32\/100|[from] item: Leftovers\n|upkeep\n|turn|22\n|inactive|Young Girl Klara has 90 seconds left.\n|\n|t:|1700973031\n|move|p2a: Reuniclus|Calm Mind|p2a: Reuniclus\n|-boost|p2a: Reuniclus|spa|1\n|-boost|p2a: Reuniclus|spd|1\n|move|p1a: Clodsire|Recover|p1a: Clodsire\n|-heal|p1a: Clodsire|82\/100\n|\n|-heal|p1a: Clodsire|88\/100|[from] item: Leftovers\n|upkeep\n|turn|23\n|\n|t:|1700973039\n|move|p2a: Reuniclus|Calm Mind|p2a: Reuniclus\n|-boost|p2a: Reuniclus|spa|1\n|-boost|p2a: Reuniclus|spd|1\n|move|p1a: Clodsire|Stealth Rock||[still]\n|-fail|p1a: Clodsire\n|\n|-heal|p1a: Clodsire|94\/100|[from] item: Leftovers\n|upkeep\n|turn|24\n|-message|expensivecharizard forfeited.\n|\n|win|Young Girl Klara\n|raw|expensivecharizard's rating: 1092 &rarr; <strong>1073<\/strong><br \/>(-19 for losing)\n|raw|Young Girl Klara's rating: 1169 &rarr; <strong>1189<\/strong><br \/>(+20 for winning)\n|l|\u2606expensivecharizard\n","uploadtime":1700973052,"views":1,"p1id":"expensivecharizard","p2id":"younggirlklara","formatid":"gen9nationaldex","rating":1073,"private":0,"password":""}