{"id":"gen9nationaldex-1993140488","p1":"tbor2002","p2":"HeirEhm","format":"[Gen 9] National Dex","log":"|j|\u2606tbor2002\n|j|\u2606HeirEhm\n|t:|1700269593\n|gametype|singles\n|player|p1|tbor2002|wattson|\n|player|p2|HeirEhm|cynthia-gen7|\n|teamsize|p1|6\n|teamsize|p2|6\n|gen|9\n|tier|[Gen 9] National Dex\n|rule|HP Percentage Mod: HP is shown in percentages\n|rule|Endless Battle Clause: Forcing endless battles is banned\n|rule|OHKO Clause: OHKO moves are banned\n|rule|Evasion Clause: Evasion abilities, items, and moves are banned\n|rule|Evasion Abilities Clause: Evasion abilities are banned\n|rule|Evasion Items Clause: Evasion items are banned\n|rule|Evasion Moves Clause: Evasion moves are banned\n|rule|Species Clause: Limit one of each Pok\u00e9mon\n|rule|Sleep Clause Mod: Limit one foe put to sleep\n|clearpoke\n|poke|p1|Zamazenta-*|\n|poke|p1|Muk-Alola, M|\n|poke|p1|Jolteon, M|\n|poke|p1|Eelektross, F|\n|poke|p1|Crabominable, M|\n|poke|p1|Glimmet, F|\n|poke|p2|Clodsire, M|\n|poke|p2|Ceruledge, F|\n|poke|p2|Klefki, M|\n|poke|p2|Orthworm, M|\n|poke|p2|Chansey, F|\n|poke|p2|Murkrow, M|\n|teampreview\n|j| lunchbox5536\n|\n|t:|1700269628\n|start\n|switch|p1a: Crabominable|Crabominable, M|100\/100\n|switch|p2a: Jingle Jingle|Klefki, M|100\/100\n|turn|1\n|\n|t:|1700269643\n|move|p2a: Jingle Jingle|Spikes|p1a: Crabominable\n|-sidestart|p1: tbor2002|Spikes\n|move|p1a: Crabominable|Thunder Punch|p2a: Jingle Jingle\n|-damage|p2a: Jingle Jingle|73\/100\n|\n|upkeep\n|turn|2\n|\n|t:|1700269647\n|move|p2a: Jingle Jingle|Draining Kiss|p1a: Crabominable\n|-supereffective|p1a: Crabominable\n|-damage|p1a: Crabominable|79\/100\n|-heal|p2a: Jingle Jingle|93\/100|[from] drain|[of] p1a: Crabominable\n|move|p1a: Crabominable|Earthquake|p2a: Jingle Jingle\n|-supereffective|p2a: Jingle Jingle\n|-damage|p2a: Jingle Jingle|30\/100\n|\n|upkeep\n|turn|3\n|\n|t:|1700269655\n|move|p2a: Jingle Jingle|Spikes|p1a: Crabominable\n|-sidestart|p1: tbor2002|Spikes\n|move|p1a: Crabominable|Earthquake|p2a: Jingle Jingle\n|-supereffective|p2a: Jingle Jingle\n|-damage|p2a: Jingle Jingle|0 fnt\n|faint|p2a: Jingle Jingle\n|\n|upkeep\n|\n|t:|1700269676\n|switch|p2a: SWORDSFORHANDS|Ceruledge, F|100\/100\n|turn|4\n|\n|t:|1700269693\n|switch|p1a: Glimmet|Glimmet, F|100\/100\n|-damage|p1a: Glimmet|84\/100|[from] Spikes\n|move|p2a: SWORDSFORHANDS|Bulk Up|p2a: SWORDSFORHANDS\n|-boost|p2a: SWORDSFORHANDS|atk|1\n|-boost|p2a: SWORDSFORHANDS|def|1\n|\n|upkeep\n|turn|5\n|\n|t:|1700269710\n|-terastallize|p2a: SWORDSFORHANDS|Dark\n|move|p2a: SWORDSFORHANDS|Night Slash|p1a: Glimmet\n|-crit|p1a: Glimmet\n|-damage|p1a: Glimmet|0 fnt\n|-activate|p1a: Glimmet|ability: Toxic Debris\n|-sidestart|p2: HeirEhm|move: Toxic Spikes\n|faint|p1a: Glimmet\n|\n|upkeep\n|\n|t:|1700269737\n|switch|p1a: Muk|Muk-Alola, M|100\/100\n|-damage|p1a: Muk|84\/100|[from] Spikes\n|turn|6\n|\n|t:|1700269746\n|move|p2a: SWORDSFORHANDS|Bitter Blade|p1a: Muk\n|-damage|p1a: Muk|10\/100\n|move|p1a: Muk|Clear Smog|p2a: SWORDSFORHANDS\n|-damage|p2a: SWORDSFORHANDS|85\/100\n|-clearboost|p2a: SWORDSFORHANDS\n|\n|upkeep\n|turn|7\n|\n|t:|1700269753\n|move|p2a: SWORDSFORHANDS|Bitter Blade|p1a: Muk\n|-damage|p1a: Muk|0 fnt\n|-heal|p2a: SWORDSFORHANDS|92\/100|[from] drain|[of] p1a: Muk\n|faint|p1a: Muk\n|\n|upkeep\n|\n|t:|1700269760\n|switch|p1a: Zamazenta|Zamazenta, shiny|100\/100\n|-damage|p1a: Zamazenta|84\/100|[from] Spikes\n|-ability|p1a: Zamazenta|Dauntless Shield|boost\n|-boost|p1a: Zamazenta|def|1\n|turn|8\n|\n|t:|1700269779\n|move|p2a: SWORDSFORHANDS|Shadow Sneak|p1a: Zamazenta\n|-damage|p1a: Zamazenta|74\/100\n|move|p1a: Zamazenta|Body Press|p2a: SWORDSFORHANDS\n|-supereffective|p2a: SWORDSFORHANDS\n|-damage|p2a: SWORDSFORHANDS|0 fnt\n|faint|p2a: SWORDSFORHANDS\n|\n|-heal|p1a: Zamazenta|80\/100|[from] item: Leftovers\n|upkeep\n|\n|t:|1700269784\n|switch|p2a: Murder|Murkrow, M|100\/100\n|turn|9\n|\n|t:|1700269795\n|move|p1a: Zamazenta|Substitute|p1a: Zamazenta\n|-start|p1a: Zamazenta|Substitute\n|-damage|p1a: Zamazenta|55\/100\n|move|p2a: Murder|Sky Attack||[still]\n|-prepare|p2a: Murder|Sky Attack\n|\n|-heal|p1a: Zamazenta|61\/100|[from] item: Leftovers\n|upkeep\n|turn|10\n|\n|t:|1700269801\n|move|p1a: Zamazenta|Iron Defense|p1a: Zamazenta\n|-boost|p1a: Zamazenta|def|2\n|move|p2a: Murder|Sky Attack|p1a: Zamazenta|[from]lockedmove\n|-supereffective|p1a: Zamazenta\n|-end|p1a: Zamazenta|Substitute\n|\n|-heal|p1a: Zamazenta|67\/100|[from] item: Leftovers\n|upkeep\n|turn|11\n|\n|t:|1700269815\n|move|p1a: Zamazenta|Body Press|p2a: Murder\n|-crit|p2a: Murder\n|-damage|p2a: Murder|0 fnt\n|faint|p2a: Murder\n|\n|-heal|p1a: Zamazenta|73\/100|[from] item: Leftovers\n|upkeep\n|\n|t:|1700269819\n|switch|p2a: Angy Boi|Clodsire, M|100\/100\n|-sideend|p2: HeirEhm|move: Toxic Spikes|[of] p2a: Angy Boi\n|turn|12\n|\n|t:|1700269842\n|move|p1a: Zamazenta|Body Press|p2a: Angy Boi\n|-resisted|p2a: Angy Boi\n|-damage|p2a: Angy Boi|81\/100\n|-damage|p1a: Zamazenta|57\/100|[from] item: Rocky Helmet|[of] p2a: Angy Boi\n|move|p2a: Angy Boi|Earthquake|p1a: Zamazenta\n|-damage|p1a: Zamazenta|30\/100\n|\n|-heal|p1a: Zamazenta|36\/100|[from] item: Leftovers\n|upkeep\n|turn|13\n|\n|t:|1700269858\n|move|p1a: Zamazenta|Iron Defense|p1a: Zamazenta\n|-boost|p1a: Zamazenta|def|2\n|move|p2a: Angy Boi|Gunk Shot|p1a: Zamazenta\n|-damage|p1a: Zamazenta|4\/100\n|\n|-heal|p1a: Zamazenta|10\/100|[from] item: Leftovers\n|upkeep\n|turn|14\n|\n|t:|1700269877\n|move|p1a: Zamazenta|Crunch|p2a: Angy Boi\n|-crit|p2a: Angy Boi\n|-damage|p2a: Angy Boi|45\/100\n|-damage|p1a: Zamazenta|0 fnt|[from] item: Rocky Helmet|[of] p2a: Angy Boi\n|faint|p1a: Zamazenta\n|move|p2a: Angy Boi|Liquidation|p1: Zamazenta|[notarget]\n|-fail|p2a: Angy Boi\n|\n|upkeep\n|\n|t:|1700269896\n|switch|p1a: Crabominable|Crabominable, M|79\/100\n|-damage|p1a: Crabominable|62\/100|[from] Spikes\n|turn|15\n|\n|t:|1700269911\n|move|p1a: Crabominable|Earthquake|p2a: Angy Boi\n|-supereffective|p2a: Angy Boi\n|-damage|p2a: Angy Boi|0 fnt\n|faint|p2a: Angy Boi\n|\n|upkeep\n|\n|t:|1700269914\n|switch|p2a: GirthWorm|Orthworm, M|100\/100\n|turn|16\n|\n|t:|1700269920\n|move|p2a: GirthWorm|Heavy Slam|p1a: Crabominable\n|-supereffective|p1a: Crabominable\n|-damage|p1a: Crabominable|26\/100\n|move|p1a: Crabominable|Drain Punch|p2a: GirthWorm\n|-supereffective|p2a: GirthWorm\n|-damage|p2a: GirthWorm|22\/100\n|-heal|p1a: Crabominable|60\/100|[from] drain|[of] p2a: GirthWorm\n|\n|-status|p2a: GirthWorm|brn|[from] item: Flame Orb\n|upkeep\n|turn|17\n|\n|t:|1700269941\n|move|p2a: GirthWorm|Facade|p1a: Crabominable\n|-crit|p1a: Crabominable\n|-damage|p1a: Crabominable|0 fnt\n|faint|p1a: Crabominable\n|\n|-damage|p2a: GirthWorm|16\/100 brn|[from] brn\n|upkeep\n|\n|t:|1700269951\n|switch|p1a: Jolteon|Jolteon, M|100\/100\n|turn|18\n|\n|t:|1700269962\n|move|p1a: Jolteon|Volt Switch|p2a: GirthWorm\n|-damage|p2a: GirthWorm|0 fnt\n|faint|p2a: GirthWorm\n|\n|t:|1700269966\n|switch|p1a: Eelektross|Eelektross, F|100\/100|[from] Volt Switch\n|\n|upkeep\n|\n|t:|1700269968\n|switch|p2a: Wambulance|Chansey, F|100\/100\n|turn|19\n|\n|t:|1700269985\n|move|p2a: Wambulance|Tri Attack|p1a: Eelektross\n|-damage|p1a: Eelektross|91\/100\n|move|p1a: Eelektross|Discharge|p2a: Wambulance\n|-damage|p2a: Wambulance|85\/100\n|-status|p2a: Wambulance|par\n|\n|upkeep\n|turn|20\n|\n|t:|1700270013\n|move|p1a: Eelektross|Giga Drain|p2a: Wambulance\n|-damage|p2a: Wambulance|75\/100 par\n|-heal|p1a: Eelektross|99\/100|[from] drain|[of] p2a: Wambulance\n|move|p2a: Wambulance|Tri Attack|p1a: Eelektross\n|-crit|p1a: Eelektross\n|-damage|p1a: Eelektross|84\/100\n|\n|upkeep\n|turn|21\n|\n|t:|1700270028\n|move|p2a: Wambulance|Tri Attack|p1a: Eelektross\n|-crit|p1a: Eelektross\n|-damage|p1a: Eelektross|68\/100\n|-status|p1a: Eelektross|brn\n|move|p1a: Eelektross|Dragon Tail|p2a: Wambulance\n|-damage|p2a: Wambulance|67\/100 par\n|\n|-damage|p1a: Eelektross|62\/100 brn|[from] brn\n|upkeep\n|turn|22\n|\n|t:|1700270037\n|move|p1a: Eelektross|Giga Drain|p2a: Wambulance\n|-damage|p2a: Wambulance|58\/100 par\n|-heal|p1a: Eelektross|70\/100 brn|[from] drain|[of] p2a: Wambulance\n|move|p2a: Wambulance|Water Pulse|p1a: Eelektross\n|-damage|p1a: Eelektross|65\/100 brn\n|\n|-damage|p1a: Eelektross|59\/100 brn|[from] brn\n|upkeep\n|turn|23\n|\n|t:|1700270062\n|move|p1a: Eelektross|U-turn|p2a: Wambulance\n|-damage|p2a: Wambulance|49\/100 par\n|\n|t:|1700270065\n|switch|p1a: Jolteon|Jolteon, M|100\/100|[from] U-turn\n|move|p2a: Wambulance|Soft-Boiled|p2a: Wambulance\n|-heal|p2a: Wambulance|99\/100 par\n|\n|upkeep\n|turn|24\n|\n|t:|1700270077\n|move|p1a: Jolteon|Thunderbolt|p2a: Wambulance\n|-damage|p2a: Wambulance|78\/100 par\n|cant|p2a: Wambulance|par\n|\n|upkeep\n|turn|25\n|\n|t:|1700270083\n|move|p1a: Jolteon|Thunderbolt|p2a: Wambulance\n|-damage|p2a: Wambulance|58\/100 par\n|move|p2a: Wambulance|Tri Attack|p1a: Jolteon\n|-crit|p1a: Jolteon\n|-damage|p1a: Jolteon|64\/100\n|\n|upkeep\n|turn|26\n|\n|t:|1700270092\n|move|p1a: Jolteon|Thunderbolt|p2a: Wambulance\n|-damage|p2a: Wambulance|35\/100 par\n|move|p2a: Wambulance|Tri Attack|p1a: Jolteon\n|-damage|p1a: Jolteon|38\/100\n|\n|upkeep\n|turn|27\n|\n|t:|1700270098\n|move|p1a: Jolteon|Thunderbolt|p2a: Wambulance\n|-damage|p2a: Wambulance|15\/100 par\n|move|p2a: Wambulance|Soft-Boiled|p2a: Wambulance\n|-heal|p2a: Wambulance|65\/100 par\n|\n|upkeep\n|turn|28\n|\n|t:|1700270109\n|move|p1a: Jolteon|Thunderbolt|p2a: Wambulance\n|-damage|p2a: Wambulance|43\/100 par\n|move|p2a: Wambulance|Tri Attack|p1a: Jolteon\n|-damage|p1a: Jolteon|12\/100\n|\n|upkeep\n|turn|29\n|\n|t:|1700270116\n|move|p1a: Jolteon|Thunderbolt|p2a: Wambulance\n|-damage|p2a: Wambulance|20\/100 par\n|move|p2a: Wambulance|Tri Attack|p1a: Jolteon\n|-damage|p1a: Jolteon|0 fnt\n|faint|p1a: Jolteon\n|\n|upkeep\n|\n|t:|1700270122\n|switch|p1a: Eelektross|Eelektross, F|59\/100 brn\n|turn|30\n|\n|t:|1700270128\n|move|p1a: Eelektross|Discharge|p2a: Wambulance\n|-damage|p2a: Wambulance|5\/100 par\n|cant|p2a: Wambulance|par\n|\n|-damage|p1a: Eelektross|53\/100 brn|[from] brn\n|upkeep\n|turn|31\n|\n|t:|1700270135\n|move|p1a: Eelektross|Discharge|p2a: Wambulance\n|-damage|p2a: Wambulance|0 fnt\n|faint|p2a: Wambulance\n|\n|win|tbor2002\n|l|\u2606HeirEhm\n","uploadtime":1700270141,"views":6,"p1id":"tbor2002","p2id":"heirehm","formatid":"gen9nationaldex","rating":0,"private":0,"password":""}