{"id":"gen9nationaldex-1989132218","p1":"ZapBolt8","p2":"TeaZin90","format":"[Gen 9] National Dex","log":"|j|\u2606ZapBolt8\n|j|\u2606TeaZin90\n|t:|1699815672\n|gametype|singles\n|player|p1|ZapBolt8|170|1042\n|player|p2|TeaZin90|169|1000\n|teamsize|p1|6\n|teamsize|p2|6\n|gen|9\n|tier|[Gen 9] National Dex\n|rated|\n|rule|HP Percentage Mod: HP is shown in percentages\n|rule|Endless Battle Clause: Forcing endless battles is banned\n|rule|OHKO Clause: OHKO moves are banned\n|rule|Evasion Clause: Evasion abilities, items, and moves are banned\n|rule|Evasion Abilities Clause: Evasion abilities are banned\n|rule|Evasion Items Clause: Evasion items are banned\n|rule|Evasion Moves Clause: Evasion moves are banned\n|rule|Species Clause: Limit one of each Pok\u00e9mon\n|rule|Sleep Clause Mod: Limit one foe put to sleep\n|clearpoke\n|poke|p1|Samurott-Hisui, F|\n|poke|p1|Ferrothorn, M|\n|poke|p1|Zapdos|\n|poke|p1|Slowking-Galar, F|\n|poke|p1|Lilligant-Hisui, F|\n|poke|p1|Gardevoir, F|\n|poke|p2|Raikou|\n|poke|p2|Volbeat, M|\n|poke|p2|Jirachi|\n|poke|p2|Kingdra, M|\n|poke|p2|Poliwrath, F|\n|poke|p2|Crawdaunt, M|\n|teampreview\n|\n|t:|1699815679\n|start\n|switch|p1a: Zapdos|Zapdos, shiny|100\/100\n|switch|p2a: Raikou|Raikou|100\/100\n|turn|1\n|\n|t:|1699815687\n|move|p2a: Raikou|Rain Dance|p2a: Raikou\n|-weather|RainDance\n|move|p1a: Zapdos|Volt Switch|p2a: Raikou\n|-resisted|p2a: Raikou\n|-damage|p2a: Raikou|82\/100\n|\n|t:|1699815694\n|switch|p1a: Lilligant|Lilligant-Hisui, F|100\/100|[from] Volt Switch\n|\n|-weather|RainDance|[upkeep]\n|upkeep\n|turn|2\n|\n|t:|1699815701\n|move|p2a: Raikou|Volt Switch|p1a: Lilligant\n|-resisted|p1a: Lilligant\n|-damage|p1a: Lilligant|77\/100\n|\n|t:|1699815706\n|switch|p2a: Jirachi|Jirachi|100\/100|[from] Volt Switch\n|move|p1a: Lilligant|Victory Dance|p1a: Lilligant\n|-boost|p1a: Lilligant|atk|1\n|-boost|p1a: Lilligant|def|1\n|-boost|p1a: Lilligant|spe|1\n|\n|-weather|RainDance|[upkeep]\n|upkeep\n|turn|3\n|inactive|Battle timer is ON: inactive players will automatically lose when time's up. (requested by TeaZin90)\n|\n|t:|1699815725\n|move|p1a: Lilligant|Close Combat|p2a: Jirachi\n|-damage|p2a: Jirachi|25\/100\n|-unboost|p1a: Lilligant|def|1\n|-unboost|p1a: Lilligant|spd|1\n|move|p2a: Jirachi|Stealth Rock|p1a: Lilligant\n|-sidestart|p1: ZapBolt8|move: Stealth Rock\n|\n|-weather|RainDance|[upkeep]\n|upkeep\n|turn|4\n|\n|t:|1699815739\n|switch|p2a: Poliwrath|Poliwrath, F, shiny|100\/100\n|move|p1a: Lilligant|Close Combat|p2a: Poliwrath\n|-damage|p2a: Poliwrath|0 fnt\n|-unboost|p1a: Lilligant|def|1\n|-unboost|p1a: Lilligant|spd|1\n|faint|p2a: Poliwrath\n|\n|-weather|RainDance|[upkeep]\n|upkeep\n|\n|t:|1699815750\n|switch|p2a: Volbeat|Volbeat, M|100\/100\n|turn|5\n|\n|t:|1699815764\n|move|p1a: Lilligant|Victory Dance|p1a: Lilligant\n|-boost|p1a: Lilligant|atk|1\n|-boost|p1a: Lilligant|def|1\n|-boost|p1a: Lilligant|spe|1\n|move|p2a: Volbeat|U-turn|p1a: Lilligant\n|-damage|p1a: Lilligant|49\/100\n|\n|t:|1699815771\n|switch|p2a: Raikou|Raikou|82\/100|[from] U-turn\n|\n|-weather|RainDance|[upkeep]\n|upkeep\n|turn|6\n|\n|t:|1699815779\n|move|p1a: Lilligant|Leaf Blade|p2a: Raikou\n|-crit|p2a: Raikou\n|-damage|p2a: Raikou|0 fnt\n|faint|p2a: Raikou\n|\n|-weather|RainDance|[upkeep]\n|upkeep\n|\n|t:|1699815787\n|switch|p2a: Crawdaunt|Crawdaunt, M|100\/100\n|turn|7\n|\n|t:|1699815799\n|move|p1a: Lilligant|Leaf Blade|p2a: Crawdaunt\n|-supereffective|p2a: Crawdaunt\n|-damage|p2a: Crawdaunt|0 fnt\n|faint|p2a: Crawdaunt\n|\n|-weather|RainDance|[upkeep]\n|upkeep\n|\n|t:|1699815806\n|switch|p2a: Kingdra|Kingdra, M|100\/100\n|turn|8\n|\n|t:|1699815823\n|move|p1a: Lilligant|Close Combat|p2a: Kingdra\n|-damage|p2a: Kingdra|0 fnt\n|-unboost|p1a: Lilligant|def|1\n|-unboost|p1a: Lilligant|spd|1\n|faint|p2a: Kingdra\n|\n|-weather|none\n|upkeep\n|\n|t:|1699815829\n|switch|p2a: Volbeat|Volbeat, M|100\/100\n|turn|9\n|\n|t:|1699815840\n|move|p2a: Volbeat|Encore|p1a: Lilligant\n|-start|p1a: Lilligant|Encore\n|move|p1a: Lilligant|Close Combat|p2a: Volbeat\n|-resisted|p2a: Volbeat\n|-damage|p2a: Volbeat|50\/100\n|-unboost|p1a: Lilligant|def|1\n|-unboost|p1a: Lilligant|spd|1\n|\n|upkeep\n|turn|10\n|\n|t:|1699815850\n|move|p1a: Lilligant|Close Combat|p2a: Volbeat\n|-resisted|p2a: Volbeat\n|-damage|p2a: Volbeat|0 fnt\n|-unboost|p1a: Lilligant|def|1\n|-unboost|p1a: Lilligant|spd|1\n|faint|p2a: Volbeat\n|\n|upkeep\n|-message|TeaZin90 forfeited.\n|\n|win|ZapBolt8\n|raw|ZapBolt8's rating: 1042 &rarr; <strong>1072<\/strong><br \/>(+30 for winning)\n|raw|TeaZin90's rating: 1000 &rarr; <strong>1000<\/strong><br \/>(+0 for losing)\n|l|\u2606TeaZin90\n","uploadtime":1699815858,"views":14,"p1id":"zapbolt8","p2id":"teazin90","formatid":"gen9nationaldex","rating":1000,"private":0,"password":""}