{"id":"gen9nationaldex-1994454682","p1":"Hihiddlyho","p2":"ReptileMedias","format":"[Gen 9] National Dex","log":"|j|\u2606Hihiddlyho\n|j|\u2606ReptileMedias\n|t:|1700445802\n|gametype|singles\n|player|p1|Hihiddlyho|flannery|1187\n|player|p2|ReptileMedias|may|1213\n|teamsize|p1|6\n|teamsize|p2|6\n|gen|9\n|tier|[Gen 9] National Dex\n|rated|\n|rule|HP Percentage Mod: HP is shown in percentages\n|rule|Endless Battle Clause: Forcing endless battles is banned\n|rule|OHKO Clause: OHKO moves are banned\n|rule|Evasion Clause: Evasion abilities, items, and moves are banned\n|rule|Evasion Abilities Clause: Evasion abilities are banned\n|rule|Evasion Items Clause: Evasion items are banned\n|rule|Evasion Moves Clause: Evasion moves are banned\n|rule|Species Clause: Limit one of each Pok\u00e9mon\n|rule|Sleep Clause Mod: Limit one foe put to sleep\n|clearpoke\n|poke|p1|Blaziken, M|\n|poke|p1|Garganacl, M|\n|poke|p1|Porygon-Z|\n|poke|p1|Sableye, F|\n|poke|p1|Great Tusk|\n|poke|p1|Milotic, F|\n|poke|p2|Scizor, M|\n|poke|p2|Venusaur, M|\n|poke|p2|Arcanine, F|\n|poke|p2|Crawdaunt, M|\n|poke|p2|Jolteon, M|\n|poke|p2|Crobat, M|\n|teampreview\n|\n|t:|1700445812\n|start\n|switch|p1a: Garganacl|Garganacl, M|100\/100\n|switch|p2a: Lobstarno|Crawdaunt, M|100\/100\n|turn|1\n|\n|t:|1700445817\n|move|p2a: Lobstarno|Crabhammer|p1a: Garganacl\n|-supereffective|p1a: Garganacl\n|-damage|p1a: Garganacl|0 fnt\n|faint|p1a: Garganacl\n|\n|upkeep\n|\n|t:|1700445827\n|switch|p1a: Sableye|Sableye, F|100\/100\n|turn|2\n|\n|t:|1700445852\n|switch|p2a: Adult|Arcanine, F|100\/100\n|detailschange|p1a: Sableye|Sableye-Mega, F\n|-mega|p1a: Sableye|Sableye|Sablenite\n|move|p1a: Sableye|Will-O-Wisp|p2a: Adult\n|-start|p2a: Adult|ability: Flash Fire\n|\n|upkeep\n|turn|3\n|\n|t:|1700445862\n|move|p2a: Adult|Flare Blitz|p1a: Sableye\n|-damage|p1a: Sableye|29\/100\n|-status|p1a: Sableye|brn\n|-damage|p2a: Adult|78\/100|[from] Recoil\n|move|p1a: Sableye|Foul Play|p2a: Adult\n|-damage|p2a: Adult|48\/100\n|\n|-heal|p2a: Adult|55\/100|[from] item: Leftovers\n|-damage|p1a: Sableye|23\/100 brn|[from] brn\n|upkeep\n|turn|4\n|\n|t:|1700445874\n|move|p2a: Adult|Play Rough|p1a: Sableye\n|-supereffective|p1a: Sableye\n|-damage|p1a: Sableye|0 fnt\n|faint|p1a: Sableye\n|\n|-heal|p2a: Adult|61\/100|[from] item: Leftovers\n|upkeep\n|\n|t:|1700445888\n|switch|p1a: Great Tusk|Great Tusk|100\/100\n|-enditem|p1a: Great Tusk|Booster Energy\n|-activate|p1a: Great Tusk|ability: Protosynthesis|[fromitem]\n|-start|p1a: Great Tusk|protosynthesisatk\n|turn|5\n|\n|t:|1700445901\n|-end|p2a: Adult|ability: Flash Fire|[silent]\n|switch|p2a: COw bat (lol)|Crobat, M|100\/100\n|move|p1a: Great Tusk|Stealth Rock|p2a: COw bat (lol)\n|-sidestart|p2: ReptileMedias|move: Stealth Rock\n|\n|upkeep\n|turn|6\n|\n|t:|1700445911\n|move|p2a: COw bat (lol)|Air Slash|p1a: Great Tusk\n|-supereffective|p1a: Great Tusk\n|-damage|p1a: Great Tusk|14\/100\n|cant|p1a: Great Tusk|flinch\n|\n|upkeep\n|turn|7\n|\n|t:|1700445919\n|move|p2a: COw bat (lol)|Air Slash|p1a: Great Tusk\n|-supereffective|p1a: Great Tusk\n|-damage|p1a: Great Tusk|0 fnt\n|faint|p1a: Great Tusk\n|-end|p1a: Great Tusk|Protosynthesis|[silent]\n|\n|upkeep\n|\n|t:|1700445921\n|switch|p1a: Blaziken|Blaziken, M, shiny|100\/100\n|turn|8\n|\n|t:|1700445934\n|move|p1a: Blaziken|Protect|p1a: Blaziken\n|-singleturn|p1a: Blaziken|Protect\n|move|p2a: COw bat (lol)|Air Slash|p1a: Blaziken\n|-activate|p1a: Blaziken|move: Protect\n|\n|-ability|p1a: Blaziken|Speed Boost|boost\n|-boost|p1a: Blaziken|spe|1\n|upkeep\n|turn|9\n|l|\u2606Hihiddlyho\n|player|p1|\n|j|\u2606Hihiddlyho\n|player|p1|Hihiddlyho|flannery\n|\n|t:|1700445959\n|-terastallize|p1a: Blaziken|Water\n|move|p1a: Blaziken|Swords Dance|p1a: Blaziken\n|-boost|p1a: Blaziken|atk|2\n|move|p2a: COw bat (lol)|Air Slash|p1a: Blaziken\n|-damage|p1a: Blaziken|60\/100\n|\n|-ability|p1a: Blaziken|Speed Boost|boost\n|-boost|p1a: Blaziken|spe|1\n|upkeep\n|turn|10\n|\n|t:|1700445978\n|move|p1a: Blaziken|Protect|p1a: Blaziken\n|-singleturn|p1a: Blaziken|Protect\n|move|p2a: COw bat (lol)|Defog|p1a: Blaziken\n|-activate|p1a: Blaziken|move: Protect\n|\n|-ability|p1a: Blaziken|Speed Boost|boost\n|-boost|p1a: Blaziken|spe|1\n|upkeep\n|turn|11\n|\n|t:|1700445987\n|move|p1a: Blaziken|Swords Dance|p1a: Blaziken\n|-boost|p1a: Blaziken|atk|2\n|move|p2a: COw bat (lol)|Defog|p1a: Blaziken\n|-unboost|p1a: Blaziken|evasion|1\n|-sideend|p2: ReptileMedias|Stealth Rock|[from] move: Defog|[of] p2a: COw bat (lol)\n|\n|-ability|p1a: Blaziken|Speed Boost|boost\n|-boost|p1a: Blaziken|spe|1\n|upkeep\n|turn|12\n|\n|t:|1700445994\n|move|p1a: Blaziken|Protect|p1a: Blaziken\n|-singleturn|p1a: Blaziken|Protect\n|move|p2a: COw bat (lol)|Air Slash|p1a: Blaziken\n|-activate|p1a: Blaziken|move: Protect\n|\n|-ability|p1a: Blaziken|Speed Boost|boost\n|-boost|p1a: Blaziken|spe|1\n|upkeep\n|turn|13\n|inactive|Battle timer is ON: inactive players will automatically lose when time's up. (requested by Hihiddlyho)\n|\n|t:|1700446028\n|move|p1a: Blaziken|Brave Bird|p2a: COw bat (lol)\n|-crit|p2a: COw bat (lol)\n|-damage|p2a: COw bat (lol)|0 fnt\n|faint|p2a: COw bat (lol)\n|-damage|p1a: Blaziken|25\/100|[from] Recoil\n|-enditem|p1a: Blaziken|Sitrus Berry|[eat]\n|-heal|p1a: Blaziken|50\/100|[from] item: Sitrus Berry\n|\n|-ability|p1a: Blaziken|Speed Boost|boost\n|-boost|p1a: Blaziken|spe|1\n|upkeep\n|\n|t:|1700446043\n|switch|p2a: Bullet Ant|Scizor, M|100\/100\n|turn|14\n|\n|t:|1700446055\n|move|p2a: Bullet Ant|Bullet Punch|p1a: Blaziken\n|-resisted|p1a: Blaziken\n|-damage|p1a: Blaziken|28\/100\n|move|p1a: Blaziken|Close Combat|p2a: Bullet Ant\n|-damage|p2a: Bullet Ant|0 fnt\n|-unboost|p1a: Blaziken|def|1\n|-unboost|p1a: Blaziken|spd|1\n|-damage|p1a: Blaziken|12\/100|[from] item: Rocky Helmet|[of] p2a: Bullet Ant\n|faint|p2a: Bullet Ant\n|\n|upkeep\n|\n|t:|1700446066\n|switch|p2a: Lobstarno|Crawdaunt, M|100\/100\n|turn|15\n|\n|t:|1700446070\n|move|p1a: Blaziken|Protect|p1a: Blaziken\n|-singleturn|p1a: Blaziken|Protect\n|move|p2a: Lobstarno|Aqua Jet|p1a: Blaziken\n|-activate|p1a: Blaziken|move: Protect\n|\n|upkeep\n|turn|16\n|\n|t:|1700446085\n|move|p2a: Lobstarno|Aqua Jet|p1a: Blaziken\n|-resisted|p1a: Blaziken\n|-damage|p1a: Blaziken|0 fnt\n|faint|p1a: Blaziken\n|\n|upkeep\n|\n|t:|1700446089\n|switch|p1a: Porygon-Z|Porygon-Z|100\/100\n|turn|17\n|\n|t:|1700446098\n|move|p2a: Lobstarno|Aqua Jet|p1a: Porygon-Z\n|-damage|p1a: Porygon-Z|42\/100\n|-zpower|p1a: Porygon-Z\n|move|p1a: Porygon-Z|Z-Conversion|p1a: Porygon-Z|[anim]Conversion\n|-boost|p1a: Porygon-Z|atk|1|[zeffect]\n|-boost|p1a: Porygon-Z|def|1|[zeffect]\n|-boost|p1a: Porygon-Z|spa|1|[zeffect]\n|-boost|p1a: Porygon-Z|spd|1|[zeffect]\n|-boost|p1a: Porygon-Z|spe|1|[zeffect]\n|-start|p1a: Porygon-Z|typechange|Electric\n|\n|upkeep\n|turn|18\n|\n|t:|1700446104\n|move|p2a: Lobstarno|Aqua Jet|p1a: Porygon-Z\n|-damage|p1a: Porygon-Z|0 fnt\n|faint|p1a: Porygon-Z\n|\n|upkeep\n|\n|t:|1700446119\n|switch|p1a: Milotic|Milotic, F|100\/100\n|turn|19\n|\n|t:|1700446122\n|switch|p2a: Penusaur|Venusaur, M|100\/100\n|move|p1a: Milotic|Toxic|p2a: Penusaur|[miss]\n|-miss|p1a: Milotic|p2a: Penusaur\n|\n|-status|p1a: Milotic|brn|[from] item: Flame Orb\n|upkeep\n|turn|20\n|\n|t:|1700446128\n|detailschange|p2a: Penusaur|Venusaur-Mega, M\n|-mega|p2a: Penusaur|Venusaur|Venusaurite\n|move|p1a: Milotic|Scald|p2a: Penusaur\n|-resisted|p2a: Penusaur\n|-damage|p2a: Penusaur|91\/100\n|move|p2a: Penusaur|Leech Seed|p1a: Milotic\n|-start|p1a: Milotic|move: Leech Seed\n|\n|-damage|p1a: Milotic|88\/100 brn|[from] Leech Seed|[of] p2a: Penusaur\n|-heal|p2a: Penusaur|100\/100|[silent]\n|-damage|p1a: Milotic|82\/100 brn|[from] brn\n|upkeep\n|turn|21\n|-message|Hihiddlyho forfeited.\n|\n|win|ReptileMedias\n|raw|Hihiddlyho's rating: 1187 &rarr; <strong>1164<\/strong><br \/>(-23 for losing)\n|raw|ReptileMedias's rating: 1213 &rarr; <strong>1236<\/strong><br \/>(+23 for winning)\n|l|\u2606Hihiddlyho\n","uploadtime":1700446140,"views":4,"p1id":"hihiddlyho","p2id":"reptilemedias","formatid":"gen9nationaldex","rating":1164,"private":0,"password":""}