{"id":"gen9nationaldex-1990449630","p1":"ashzzz","p2":"Vismay21","format":"[Gen 9] National Dex","log":"|j|\u2606ashzzz\n|j|\u2606Vismay21\n|t:|1699972066\n|gametype|singles\n|player|p1|ashzzz|2|1283\n|player|p2|Vismay21|102|1358\n|teamsize|p1|6\n|teamsize|p2|6\n|gen|9\n|tier|[Gen 9] National Dex\n|rated|\n|rule|HP Percentage Mod: HP is shown in percentages\n|rule|Endless Battle Clause: Forcing endless battles is banned\n|rule|OHKO Clause: OHKO moves are banned\n|rule|Evasion Clause: Evasion abilities, items, and moves are banned\n|rule|Evasion Abilities Clause: Evasion abilities are banned\n|rule|Evasion Items Clause: Evasion items are banned\n|rule|Evasion Moves Clause: Evasion moves are banned\n|rule|Species Clause: Limit one of each Pok\u00e9mon\n|rule|Sleep Clause Mod: Limit one foe put to sleep\n|clearpoke\n|poke|p1|Clodsire, F|\n|poke|p1|Corviknight, F|\n|poke|p1|Skeledirge, M|\n|poke|p1|Medicham, M|\n|poke|p1|Bisharp, F|\n|poke|p1|Dragonite, M|\n|poke|p2|Excadrill, F|\n|poke|p2|Inteleon, F|\n|poke|p2|Ribombee, F|\n|poke|p2|Venusaur, F|\n|poke|p2|Pawmot, F|\n|poke|p2|Munkidori, M|\n|teampreview\n|inactive|Battle timer is ON: inactive players will automatically lose when time's up. (requested by Vismay21)\n|inactive|ashzzz has 120 seconds left.\n|\n|t:|1699972104\n|start\n|switch|p1a: Skeledirge|Skeledirge, M|100\/100\n|switch|p2a: Ribombee|Ribombee, F|100\/100\n|turn|1\n|\n|t:|1699972113\n|move|p2a: Ribombee|Stun Spore|p1a: Skeledirge|[miss]\n|-miss|p2a: Ribombee|p1a: Skeledirge\n|move|p1a: Skeledirge|Torch Song|p2a: Ribombee\n|-supereffective|p2a: Ribombee\n|-enditem|p2a: Ribombee|Focus Sash\n|-damage|p2a: Ribombee|1\/100\n|-boost|p1a: Skeledirge|spa|1\n|\n|upkeep\n|turn|2\n|\n|t:|1699972140\n|switch|p1a: Clodsire|Clodsire, F|100\/100\n|move|p2a: Ribombee|Sticky Web|p1a: Clodsire\n|-sidestart|p1: ashzzz|move: Sticky Web\n|\n|upkeep\n|turn|3\n|\n|t:|1699972146\n|move|p2a: Ribombee|Stun Spore|p1a: Clodsire\n|-status|p1a: Clodsire|par\n|cant|p1a: Clodsire|par\n|\n|upkeep\n|turn|4\n|\n|t:|1699972152\n|switch|p2a: Excadrill|Excadrill, F|100\/100\n|-ability|p2a: Excadrill|Mold Breaker\n|move|p1a: Clodsire|Stealth Rock|p2a: Excadrill\n|-sidestart|p2: Vismay21|move: Stealth Rock\n|\n|upkeep\n|turn|5\n|\n|t:|1699972158\n|switch|p1a: Corviknight|Corviknight, F|100\/100\n|-ability|p1a: Corviknight|Pressure\n|move|p2a: Excadrill|Rapid Spin|p1a: Corviknight\n|-resisted|p1a: Corviknight\n|-damage|p1a: Corviknight|94\/100\n|-boost|p2a: Excadrill|spe|1\n|-sideend|p2: Vismay21|Stealth Rock|[from] move: Rapid Spin|[of] p2a: Excadrill\n|\n|-heal|p1a: Corviknight|100\/100|[from] item: Leftovers\n|upkeep\n|turn|6\n|\n|t:|1699972166\n|switch|p2a: Pawmot|Pawmot, F|100\/100\n|move|p1a: Corviknight|Iron Defense|p1a: Corviknight\n|-boost|p1a: Corviknight|def|2\n|\n|upkeep\n|turn|7\n|\n|t:|1699972175\n|move|p2a: Pawmot|Thunder Punch|p1a: Corviknight\n|-supereffective|p1a: Corviknight\n|-damage|p1a: Corviknight|72\/100\n|move|p1a: Corviknight|Roost|p1a: Corviknight\n|-heal|p1a: Corviknight|100\/100\n|-singleturn|p1a: Corviknight|move: Roost\n|\n|upkeep\n|turn|8\n|\n|t:|1699972181\n|switch|p2a: Inteleon|Inteleon, F|100\/100\n|move|p1a: Corviknight|Iron Defense|p1a: Corviknight\n|-boost|p1a: Corviknight|def|2\n|\n|upkeep\n|turn|9\n|inactive|ashzzz has 120 seconds left.\n|\n|t:|1699972211\n|switch|p1a: Clodsire|Clodsire, F|100\/100 par\n|move|p2a: Inteleon|Snipe Shot|p1a: Clodsire\n|-immune|p1a: Clodsire|[from] ability: Water Absorb\n|\n|upkeep\n|turn|10\n|\n|t:|1699972218\n|move|p2a: Inteleon|Focus Energy|p2a: Inteleon\n|-start|p2a: Inteleon|move: Focus Energy\n|move|p1a: Clodsire|Toxic|p2a: Inteleon\n|-status|p2a: Inteleon|tox\n|\n|-damage|p2a: Inteleon|94\/100 tox|[from] psn\n|upkeep\n|turn|11\n|\n|t:|1699972226\n|move|p2a: Inteleon|Ice Beam|p1a: Clodsire\n|-supereffective|p1a: Clodsire\n|-crit|p1a: Clodsire\n|-damage|p1a: Clodsire|21\/100 par\n|move|p1a: Clodsire|Stealth Rock|p2a: Inteleon\n|-sidestart|p2: Vismay21|move: Stealth Rock\n|\n|-damage|p2a: Inteleon|82\/100 tox|[from] psn\n|upkeep\n|turn|12\n|\n|t:|1699972243\n|switch|p1a: Bisharp|Bisharp, F|100\/100\n|-activate|p1a: Bisharp|move: Sticky Web\n|-unboost|p1a: Bisharp|spe|1\n|-ability|p1a: Bisharp|Defiant|boost\n|-boost|p1a: Bisharp|atk|2\n|move|p2a: Inteleon|Ice Beam|p1a: Bisharp\n|-resisted|p1a: Bisharp\n|-crit|p1a: Bisharp\n|-damage|p1a: Bisharp|70\/100\n|\n|-damage|p2a: Inteleon|64\/100 tox|[from] psn\n|upkeep\n|turn|13\n|\n|t:|1699972253\n|move|p1a: Bisharp|Sucker Punch|p2a: Inteleon\n|-damage|p2a: Inteleon|0 fnt\n|faint|p2a: Inteleon\n|\n|upkeep\n|\n|t:|1699972259\n|switch|p2a: Excadrill|Excadrill, F|100\/100\n|-damage|p2a: Excadrill|97\/100|[from] Stealth Rock\n|-ability|p2a: Excadrill|Mold Breaker\n|turn|14\n|\n|t:|1699972267\n|move|p2a: Excadrill|Rapid Spin|p1a: Bisharp\n|-resisted|p1a: Bisharp\n|-damage|p1a: Bisharp|64\/100\n|-boost|p2a: Excadrill|spe|1\n|-sideend|p2: Vismay21|Stealth Rock|[from] move: Rapid Spin|[of] p2a: Excadrill\n|move|p1a: Bisharp|Knock Off|p2a: Excadrill\n|-damage|p2a: Excadrill|0 fnt\n|-enditem|p2a: Excadrill|Focus Sash|[from] move: Knock Off|[of] p1a: Bisharp\n|faint|p2a: Excadrill\n|\n|upkeep\n|\n|t:|1699972274\n|switch|p2a: Pawmot|Pawmot, F|100\/100\n|turn|15\n|\n|t:|1699972286\n|move|p2a: Pawmot|Mach Punch|p1a: Bisharp\n|-supereffective|p1a: Bisharp\n|-damage|p1a: Bisharp|0 fnt\n|faint|p1a: Bisharp\n|\n|upkeep\n|\n|t:|1699972295\n|switch|p1a: Skeledirge|Skeledirge, M|100\/100\n|turn|16\n|\n|t:|1699972299\n|move|p2a: Pawmot|Revival Blessing|p2a: Pawmot\n|-enditem|p2a: Pawmot|Leppa Berry|[eat]\n|-activate|p2a: Pawmot|item: Leppa Berry|Revival Blessing|[consumed]\n|\n|t:|1699972301\n|-heal|p2: Inteleon|50\/100|[from] move: Revival Blessing\n|move|p1a: Skeledirge|Will-O-Wisp|p2a: Pawmot|[miss]\n|-miss|p1a: Skeledirge|p2a: Pawmot\n|\n|upkeep\n|turn|17\n|\n|t:|1699972308\n|switch|p2a: Ribombee|Ribombee, F|1\/100\n|move|p1a: Skeledirge|Will-O-Wisp|p2a: Ribombee\n|-status|p2a: Ribombee|brn\n|\n|-damage|p2a: Ribombee|0 fnt|[from] brn\n|faint|p2a: Ribombee\n|upkeep\n|\n|t:|1699972319\n|switch|p2a: Inteleon|Inteleon, F|50\/100\n|turn|18\n|\n|t:|1699972324\n|move|p2a: Inteleon|Ice Beam|p1a: Skeledirge\n|-resisted|p1a: Skeledirge\n|-damage|p1a: Skeledirge|85\/100\n|move|p1a: Skeledirge|Hex|p2a: Inteleon\n|-damage|p2a: Inteleon|7\/100\n|\n|upkeep\n|turn|19\n|\n|t:|1699972332\n|-terastallize|p1a: Skeledirge|Water\n|move|p2a: Inteleon|Ice Beam|p1a: Skeledirge\n|-resisted|p1a: Skeledirge\n|-damage|p1a: Skeledirge|69\/100\n|move|p1a: Skeledirge|Torch Song|p2a: Inteleon\n|-resisted|p2a: Inteleon\n|-damage|p2a: Inteleon|0 fnt\n|-boost|p1a: Skeledirge|spa|1\n|faint|p2a: Inteleon\n|\n|upkeep\n|\n|t:|1699972344\n|switch|p2a: Venusaur|Venusaur, F|100\/100\n|turn|20\n|\n|t:|1699972347\n|detailschange|p2a: Venusaur|Venusaur-Mega, F\n|-mega|p2a: Venusaur|Venusaur|Venusaurite\n|move|p2a: Venusaur|Giga Drain|p1a: Skeledirge\n|-supereffective|p1a: Skeledirge\n|-damage|p1a: Skeledirge|0 fnt\n|faint|p1a: Skeledirge\n|\n|upkeep\n|\n|t:|1699972358\n|switch|p1a: Dragonite|Dragonite, M|100\/100\n|turn|21\n|\n|t:|1699972377\n|move|p2a: Venusaur|Toxic|p1a: Dragonite\n|-status|p1a: Dragonite|tox\n|move|p1a: Dragonite|Earthquake|p2a: Venusaur\n|-damage|p2a: Venusaur|67\/100\n|\n|-damage|p1a: Dragonite|94\/100 tox|[from] psn\n|upkeep\n|turn|22\n|\n|t:|1699972389\n|move|p2a: Venusaur|Leech Seed|p1a: Dragonite\n|-start|p1a: Dragonite|move: Leech Seed\n|move|p1a: Dragonite|Earthquake|p2a: Venusaur\n|-damage|p2a: Venusaur|33\/100\n|\n|-damage|p1a: Dragonite|82\/100 tox|[from] Leech Seed|[of] p2a: Venusaur\n|-heal|p2a: Venusaur|49\/100|[silent]\n|-damage|p1a: Dragonite|69\/100 tox|[from] psn\n|upkeep\n|turn|23\n|\n|t:|1699972398\n|switch|p1a: Corviknight|Corviknight, F|100\/100\n|-ability|p1a: Corviknight|Pressure\n|move|p2a: Venusaur|Sludge Bomb|p1a: Corviknight\n|-immune|p1a: Corviknight\n|\n|upkeep\n|turn|24\n|\n|t:|1699972404\n|move|p2a: Venusaur|Leech Seed|p1a: Corviknight\n|-start|p1a: Corviknight|move: Leech Seed\n|move|p1a: Corviknight|Taunt|p2a: Venusaur\n|-start|p2a: Venusaur|move: Taunt\n|\n|-damage|p1a: Corviknight|88\/100|[from] Leech Seed|[of] p2a: Venusaur\n|-heal|p2a: Venusaur|65\/100|[silent]\n|upkeep\n|turn|25\n|\n|t:|1699972412\n|switch|p2a: Munkidori|Munkidori, M|100\/100\n|switch|p1a: Dragonite|Dragonite, M|69\/100 tox\n|\n|-damage|p1a: Dragonite|63\/100 tox|[from] psn\n|upkeep\n|turn|26\n|\n|t:|1699972420\n|move|p2a: Munkidori|Psychic|p1a: Dragonite\n|-damage|p1a: Dragonite|20\/100 tox\n|move|p1a: Dragonite|Earthquake|p2a: Munkidori\n|-supereffective|p2a: Munkidori\n|-enditem|p2a: Munkidori|Focus Sash\n|-damage|p2a: Munkidori|1\/100\n|\n|-damage|p1a: Dragonite|7\/100 tox|[from] psn\n|upkeep\n|turn|27\n|\n|t:|1699972430\n|move|p1a: Dragonite|Extreme Speed|p2a: Munkidori\n|-damage|p2a: Munkidori|0 fnt\n|faint|p2a: Munkidori\n|\n|-damage|p1a: Dragonite|0 fnt|[from] psn\n|faint|p1a: Dragonite\n|upkeep\n|\n|t:|1699972452\n|switch|p2a: Pawmot|Pawmot, F|100\/100\n|switch|p1a: Medicham|Medicham, M|100\/100\n|-activate|p1a: Medicham|move: Sticky Web\n|-unboost|p1a: Medicham|spe|1\n|turn|28\n|\n|t:|1699972458\n|detailschange|p1a: Medicham|Medicham-Mega, M\n|-mega|p1a: Medicham|Medicham|Medichamite\n|move|p1a: Medicham|Fake Out|p2a: Pawmot\n|-damage|p2a: Pawmot|64\/100\n|cant|p2a: Pawmot|flinch\n|\n|upkeep\n|turn|29\n|\n|t:|1699972464\n|switch|p1a: Clodsire|Clodsire, F|21\/100 par\n|move|p2a: Pawmot|Revival Blessing|p2a: Pawmot\n|\n|t:|1699972469\n|-heal|p2: Ribombee|50\/100|[from] move: Revival Blessing\n|\n|upkeep\n|turn|30\n|\n|t:|1699972479\n|move|p2a: Pawmot|Close Combat|p1a: Clodsire\n|-resisted|p1a: Clodsire\n|-damage|p1a: Clodsire|0 fnt\n|-unboost|p2a: Pawmot|def|1\n|-unboost|p2a: Pawmot|spd|1\n|faint|p1a: Clodsire\n|\n|upkeep\n|\n|t:|1699972487\n|switch|p1a: Medicham|Medicham-Mega, M|100\/100\n|-activate|p1a: Medicham|move: Sticky Web\n|-unboost|p1a: Medicham|spe|1\n|turn|31\n|\n|t:|1699972495\n|switch|p2a: Venusaur|Venusaur-Mega, F|65\/100\n|move|p1a: Medicham|Fake Out|p2a: Venusaur\n|-damage|p2a: Venusaur|41\/100\n|\n|upkeep\n|turn|32\n|\n|t:|1699972503\n|move|p1a: Medicham|Zen Headbutt|p2a: Venusaur\n|-supereffective|p2a: Venusaur\n|-damage|p2a: Venusaur|0 fnt\n|faint|p2a: Venusaur\n|\n|upkeep\n|\n|t:|1699972507\n|switch|p2a: Ribombee|Ribombee, F|50\/100\n|turn|33\n|\n|t:|1699972512\n|switch|p1a: Corviknight|Corviknight, F|88\/100\n|-ability|p1a: Corviknight|Pressure\n|move|p2a: Ribombee|Moonblast|p1a: Corviknight\n|-resisted|p1a: Corviknight\n|-damage|p1a: Corviknight|72\/100\n|\n|-heal|p1a: Corviknight|78\/100|[from] item: Leftovers\n|upkeep\n|turn|34\n|\n|t:|1699972519\n|move|p2a: Ribombee|Stun Spore|p1a: Corviknight|[miss]\n|-miss|p2a: Ribombee|p1a: Corviknight\n|move|p1a: Corviknight|Iron Defense|p1a: Corviknight\n|-boost|p1a: Corviknight|def|2\n|\n|-heal|p1a: Corviknight|84\/100|[from] item: Leftovers\n|upkeep\n|turn|35\n|-message|Vismay21 forfeited.\n|\n|win|ashzzz\n|raw|ashzzz's rating: 1283 &rarr; <strong>1313<\/strong><br \/>(+30 for winning)\n|raw|Vismay21's rating: 1358 &rarr; <strong>1334<\/strong><br \/>(-24 for losing)\n|l|\u2606Vismay21\n","uploadtime":1699972530,"views":4,"p1id":"ashzzz","p2id":"vismay21","formatid":"gen9nationaldex","rating":1313,"private":0,"password":""}