{"id":"gen9nationaldex-1998691331","p1":"Serena1111\u805a\u6c14\u5384\u9b3c\u692a","p2":"xiao_qi_awa","format":"[Gen 9] National Dex","log":"|html|<div class=\"broadcast-blue\"><strong>[Gen 9] National Dex is currently suspecting Sneasler! For information on how to participate check out the <a href=\"https:\/\/www.smogon.com\/forums\/threads\/sv-national-dex-suspect-8-just-dance.3731534\/\">suspect thread<\/a>.<\/strong><\/div>\n|j|\u2606Serena1111\u805a\u6c14\u5384\u9b3c\u692a\n|j|\u2606xiao_qi_awa\n|t:|1700973174\n|gametype|singles\n|player|p1|Serena1111\u805a\u6c14\u5384\u9b3c\u692a|serena|1212\n|player|p2|xiao_qi_awa|dawn|1132\n|teamsize|p1|6\n|teamsize|p2|6\n|gen|9\n|tier|[Gen 9] National Dex\n|rated|\n|rule|HP Percentage Mod: HP is shown in percentages\n|rule|Endless Battle Clause: Forcing endless battles is banned\n|rule|OHKO Clause: OHKO moves are banned\n|rule|Evasion Clause: Evasion abilities, items, and moves are banned\n|rule|Evasion Abilities Clause: Evasion abilities are banned\n|rule|Evasion Items Clause: Evasion items are banned\n|rule|Evasion Moves Clause: Evasion moves are banned\n|rule|Species Clause: Limit one of each Pok\u00e9mon\n|rule|Sleep Clause Mod: Limit one foe put to sleep\n|clearpoke\n|poke|p1|Chansey, F|\n|poke|p1|Dondozo, F|\n|poke|p1|Ditto|\n|poke|p1|Alomomola, M|\n|poke|p1|Corsola-Galar, F|\n|poke|p1|Gliscor, F|\n|poke|p2|Banette, M|\n|poke|p2|Alomomola, M|\n|poke|p2|Landorus-Therian, M|\n|poke|p2|Heatran, M|\n|poke|p2|Aegislash, M|\n|poke|p2|Ursaluna, M|\n|teampreview\n|inactive|Battle timer is ON: inactive players will automatically lose when time's up. (requested by Serena1111\u805a\u6c14\u5384\u9b3c\u692a)\n|j| noob3322 1\n|inactive|Serena1111\u805a\u6c14\u5384\u9b3c\u692a has 120 seconds left.\n|l| noob3322 1\n|\n|t:|1700973211\n|start\n|switch|p1a: #222|Corsola-Galar, F|100\/100\n|switch|p2a: Aegislash|Aegislash, M, shiny|100\/100\n|turn|1\n|\n|t:|1700973223\n|-formechange|p2a: Aegislash|Aegislash-Blade||[from] ability: Stance Change\n|move|p2a: Aegislash|Shadow Ball|p1a: #222\n|-supereffective|p1a: #222\n|-damage|p1a: #222|57\/100\n|-unboost|p1a: #222|spd|1\n|move|p1a: #222|Will-O-Wisp|p2a: Aegislash|[miss]\n|-miss|p1a: #222|p2a: Aegislash\n|\n|upkeep\n|turn|2\n|\n|t:|1700973234\n|switch|p1a: \u6e05\u6f88\u7684\u53cc\u773c \u53ef\u7231\u7684\u8138\u5e9e|Chansey, F|100\/100\n|move|p2a: Aegislash|Shadow Ball|p1a: \u6e05\u6f88\u7684\u53cc\u773c \u53ef\u7231\u7684\u8138\u5e9e\n|-immune|p1a: \u6e05\u6f88\u7684\u53cc\u773c \u53ef\u7231\u7684\u8138\u5e9e\n|\n|upkeep\n|turn|3\n|\n|t:|1700973249\n|switch|p2a: Alomomola|Alomomola, M, shiny|100\/100\n|move|p1a: \u6e05\u6f88\u7684\u53cc\u773c \u53ef\u7231\u7684\u8138\u5e9e|Thunder Wave|p2a: Alomomola\n|-status|p2a: Alomomola|par\n|\n|upkeep\n|turn|4\n|\n|t:|1700973258\n|switch|p1a: #222|Corsola-Galar, F|57\/100\n|move|p2a: Alomomola|Flip Turn|p1a: #222\n|-damage|p1a: #222|45\/100\n|-start|p2a: Alomomola|Disable|Flip Turn|[from] ability: Cursed Body|[of] p1a: #222\n|\n|t:|1700973268\n|switch|p2a: Banette|Banette, M|100\/100|[from] Flip Turn\n|-item|p1a: #222|Eviolite|[from] ability: Frisk|[of] p2a: Banette|[identify]\n|\n|upkeep\n|turn|5\n|\n|t:|1700973281\n|switch|p1a: \u6e05\u6f88\u7684\u53cc\u773c \u53ef\u7231\u7684\u8138\u5e9e|Chansey, F|100\/100\n|detailschange|p2a: Banette|Banette-Mega, M\n|-mega|p2a: Banette|Banette|Banettite\n|move|p2a: Banette|Poltergeist|p1a: \u6e05\u6f88\u7684\u53cc\u773c \u53ef\u7231\u7684\u8138\u5e9e\n|-immune|p1a: \u6e05\u6f88\u7684\u53cc\u773c \u53ef\u7231\u7684\u8138\u5e9e\n|\n|upkeep\n|turn|6\n|\n|t:|1700973291\n|move|p2a: Banette|Encore||[still]\n|-fail|p2a: Banette\n|move|p1a: \u6e05\u6f88\u7684\u53cc\u773c \u53ef\u7231\u7684\u8138\u5e9e|Thunder Wave|p2a: Banette\n|-status|p2a: Banette|par\n|\n|upkeep\n|turn|7\n|\n|t:|1700973301\n|switch|p1a: \u5c0f\u667a\u518d\u4e5f\u4e0d\u7528\u62c5\u5fc3\u6211\u4e0d\u77e5\u9053\u5bf9\u65b9\u62db\u5f0f\u4e86|Ditto|100\/100\n|-transform|p1a: \u5c0f\u667a\u518d\u4e5f\u4e0d\u7528\u62c5\u5fc3\u6211\u4e0d\u77e5\u9053\u5bf9\u65b9\u62db\u5f0f\u4e86|p2a: Banette|[from] ability: Imposter\n|cant|p2a: Banette|par\n|\n|upkeep\n|turn|8\n|\n|t:|1700973320\n|switch|p1a: \u6e05\u6f88\u7684\u53cc\u773c \u53ef\u7231\u7684\u8138\u5e9e|Chansey, F|100\/100\n|move|p2a: Banette|Destiny Bond|p2a: Banette\n|-singlemove|p2a: Banette|Destiny Bond\n|\n|upkeep\n|turn|9\n|\n|t:|1700973330\n|switch|p1a: \u5c0f\u667a\u518d\u4e5f\u4e0d\u7528\u62c5\u5fc3\u6211\u4e0d\u77e5\u9053\u5bf9\u65b9\u62db\u5f0f\u4e86|Ditto|100\/100\n|-transform|p1a: \u5c0f\u667a\u518d\u4e5f\u4e0d\u7528\u62c5\u5fc3\u6211\u4e0d\u77e5\u9053\u5bf9\u65b9\u62db\u5f0f\u4e86|p2a: Banette|[from] ability: Imposter\n|cant|p2a: Banette|par\n|\n|upkeep\n|turn|10\n|\n|t:|1700973342\n|move|p1a: \u5c0f\u667a\u518d\u4e5f\u4e0d\u7528\u62c5\u5fc3\u6211\u4e0d\u77e5\u9053\u5bf9\u65b9\u62db\u5f0f\u4e86|Encore|p2a: Banette\n|-start|p2a: Banette|Encore\n|cant|p2a: Banette|par\n|\n|upkeep\n|turn|11\n|\n|t:|1700973348\n|switch|p1a: #222|Corsola-Galar, F|45\/100\n|move|p2a: Banette|Destiny Bond|p2a: Banette\n|-singlemove|p2a: Banette|Destiny Bond\n|\n|upkeep\n|turn|12\n|\n|t:|1700973357\n|switch|p2a: Ursaluna|Ursaluna, M|100\/100\n|move|p1a: #222|Strength Sap|p2a: Ursaluna\n|-unboost|p2a: Ursaluna|atk|1\n|-heal|p1a: #222|100\/100\n|\n|-status|p2a: Ursaluna|brn|[from] item: Flame Orb\n|upkeep\n|turn|13\n|\n|t:|1700973375\n|move|p2a: Ursaluna|Facade|p1a: #222\n|-immune|p1a: #222\n|move|p1a: #222|Whirlpool|p2a: Ursaluna\n|-supereffective|p2a: Ursaluna\n|-damage|p2a: Ursaluna|90\/100 brn\n|-activate|p2a: Ursaluna|move: Whirlpool|[of] p1a: #222\n|\n|-damage|p2a: Ursaluna|84\/100 brn|[from] brn\n|-damage|p2a: Ursaluna|71\/100 brn|[from] move: Whirlpool|[partiallytrapped]\n|upkeep\n|turn|14\n|\n|t:|1700973388\n|move|p2a: Ursaluna|Earthquake|p1a: #222\n|-damage|p1a: #222|59\/100\n|move|p1a: #222|Strength Sap|p2a: Ursaluna\n|-unboost|p2a: Ursaluna|atk|1\n|-heal|p1a: #222|100\/100\n|\n|-damage|p2a: Ursaluna|65\/100 brn|[from] brn\n|-damage|p2a: Ursaluna|53\/100 brn|[from] move: Whirlpool|[partiallytrapped]\n|upkeep\n|turn|15\n|\n|t:|1700973398\n|move|p2a: Ursaluna|Earthquake|p1a: #222\n|-damage|p1a: #222|69\/100\n|-start|p2a: Ursaluna|Disable|Earthquake|[from] ability: Cursed Body|[of] p1a: #222\n|move|p1a: #222|Strength Sap|p2a: Ursaluna\n|-unboost|p2a: Ursaluna|atk|1\n|-heal|p1a: #222|100\/100\n|\n|-damage|p2a: Ursaluna|47\/100 brn|[from] brn\n|-damage|p2a: Ursaluna|35\/100 brn|[from] move: Whirlpool|[partiallytrapped]\n|upkeep\n|turn|16\n|\n|t:|1700973420\n|move|p2a: Ursaluna|Facade|p1a: #222\n|-immune|p1a: #222\n|move|p1a: #222|Whirlpool|p2a: Ursaluna\n|-supereffective|p2a: Ursaluna\n|-damage|p2a: Ursaluna|25\/100 brn\n|\n|-damage|p2a: Ursaluna|19\/100 brn|[from] brn\n|-damage|p2a: Ursaluna|6\/100 brn|[from] move: Whirlpool|[partiallytrapped]\n|upkeep\n|turn|17\n|\n|t:|1700973430\n|move|p2a: Ursaluna|Headlong Rush|p1a: #222\n|-damage|p1a: #222|70\/100\n|-unboost|p2a: Ursaluna|def|1\n|-unboost|p2a: Ursaluna|spd|1\n|move|p1a: #222|Whirlpool|p2a: Ursaluna\n|-supereffective|p2a: Ursaluna\n|-damage|p2a: Ursaluna|0 fnt\n|faint|p2a: Ursaluna\n|\n|upkeep\n|\n|t:|1700973441\n|switch|p2a: Aegislash|Aegislash, M, shiny|100\/100\n|turn|18\n|\n|t:|1700973453\n|switch|p2a: Landorus|Landorus-Therian, M|100\/100\n|-ability|p2a: Landorus|Intimidate|boost\n|-unboost|p1a: #222|atk|1\n|switch|p1a: \u6e05\u6f88\u7684\u53cc\u773c \u53ef\u7231\u7684\u8138\u5e9e|Chansey, F|100\/100\n|\n|upkeep\n|turn|19\n|\n|t:|1700973475\n|switch|p1a: \u5403\u543c\u9738\u7684\u53cd\u5f3a\u5316\u7269\u8bed|Dondozo, F|100\/100\n|move|p2a: Landorus|Earthquake|p1a: \u5403\u543c\u9738\u7684\u53cd\u5f3a\u5316\u7269\u8bed\n|-damage|p1a: \u5403\u543c\u9738\u7684\u53cd\u5f3a\u5316\u7269\u8bed|76\/100\n|\n|-heal|p1a: \u5403\u543c\u9738\u7684\u53cd\u5f3a\u5316\u7269\u8bed|83\/100|[from] item: Leftovers\n|upkeep\n|turn|20\n|\n|t:|1700973483\n|move|p2a: Landorus|Stealth Rock|p1a: \u5403\u543c\u9738\u7684\u53cd\u5f3a\u5316\u7269\u8bed\n|-sidestart|p1: Serena1111\u805a\u6c14\u5384\u9b3c\u692a|move: Stealth Rock\n|move|p1a: \u5403\u543c\u9738\u7684\u53cd\u5f3a\u5316\u7269\u8bed|Curse|p1a: \u5403\u543c\u9738\u7684\u53cd\u5f3a\u5316\u7269\u8bed\n|-unboost|p1a: \u5403\u543c\u9738\u7684\u53cd\u5f3a\u5316\u7269\u8bed|spe|1\n|-boost|p1a: \u5403\u543c\u9738\u7684\u53cd\u5f3a\u5316\u7269\u8bed|atk|1\n|-boost|p1a: \u5403\u543c\u9738\u7684\u53cd\u5f3a\u5316\u7269\u8bed|def|1\n|\n|-heal|p1a: \u5403\u543c\u9738\u7684\u53cd\u5f3a\u5316\u7269\u8bed|89\/100|[from] item: Leftovers\n|upkeep\n|turn|21\n|\n|t:|1700973486\n|move|p2a: Landorus|Defog|p1a: \u5403\u543c\u9738\u7684\u53cd\u5f3a\u5316\u7269\u8bed\n|-unboost|p1a: \u5403\u543c\u9738\u7684\u53cd\u5f3a\u5316\u7269\u8bed|evasion|1\n|-sideend|p1: Serena1111\u805a\u6c14\u5384\u9b3c\u692a|Stealth Rock|[from] move: Defog|[of] p2a: Landorus\n|move|p1a: \u5403\u543c\u9738\u7684\u53cd\u5f3a\u5316\u7269\u8bed|Wave Crash|p2a: Landorus\n|-supereffective|p2a: Landorus\n|-damage|p2a: Landorus|0 fnt\n|faint|p2a: Landorus\n|-damage|p1a: \u5403\u543c\u9738\u7684\u53cd\u5f3a\u5316\u7269\u8bed|68\/100|[from] Recoil\n|\n|-heal|p1a: \u5403\u543c\u9738\u7684\u53cd\u5f3a\u5316\u7269\u8bed|74\/100|[from] item: Leftovers\n|upkeep\n|\n|t:|1700973496\n|switch|p2a: Heatran|Heatran, M|100\/100\n|turn|22\n|\n|t:|1700973499\n|-terastallize|p2a: Heatran|Grass\n|move|p2a: Heatran|Toxic|p1a: \u5403\u543c\u9738\u7684\u53cd\u5f3a\u5316\u7269\u8bed\n|-status|p1a: \u5403\u543c\u9738\u7684\u53cd\u5f3a\u5316\u7269\u8bed|tox\n|move|p1a: \u5403\u543c\u9738\u7684\u53cd\u5f3a\u5316\u7269\u8bed|Wave Crash|p2a: Heatran\n|-resisted|p2a: Heatran\n|-damage|p2a: Heatran|74\/100\n|-damage|p1a: \u5403\u543c\u9738\u7684\u53cd\u5f3a\u5316\u7269\u8bed|67\/100 tox|[from] Recoil\n|\n|-heal|p2a: Heatran|80\/100|[from] item: Leftovers\n|-heal|p1a: \u5403\u543c\u9738\u7684\u53cd\u5f3a\u5316\u7269\u8bed|74\/100 tox|[from] item: Leftovers\n|-damage|p1a: \u5403\u543c\u9738\u7684\u53cd\u5f3a\u5316\u7269\u8bed|67\/100 tox|[from] psn\n|upkeep\n|turn|23\n|\n|t:|1700973508\n|switch|p1a: \u5c0f\u667a\u518d\u4e5f\u4e0d\u7528\u62c5\u5fc3\u6211\u4e0d\u77e5\u9053\u5bf9\u65b9\u62db\u5f0f\u4e86|Ditto|100\/100\n|-transform|p1a: \u5c0f\u667a\u518d\u4e5f\u4e0d\u7528\u62c5\u5fc3\u6211\u4e0d\u77e5\u9053\u5bf9\u65b9\u62db\u5f0f\u4e86|p2a: Heatran|[from] ability: Imposter\n|move|p2a: Heatran|Magma Storm|p1a: \u5c0f\u667a\u518d\u4e5f\u4e0d\u7528\u62c5\u5fc3\u6211\u4e0d\u77e5\u9053\u5bf9\u65b9\u62db\u5f0f\u4e86\n|-start|p1a: \u5c0f\u667a\u518d\u4e5f\u4e0d\u7528\u62c5\u5fc3\u6211\u4e0d\u77e5\u9053\u5bf9\u65b9\u62db\u5f0f\u4e86|ability: Flash Fire\n|\n|-heal|p2a: Heatran|86\/100|[from] item: Leftovers\n|upkeep\n|-start|p1a: \u5c0f\u667a\u518d\u4e5f\u4e0d\u7528\u62c5\u5fc3\u6211\u4e0d\u77e5\u9053\u5bf9\u65b9\u62db\u5f0f\u4e86|typechange|Fire\/Steel|[silent]\n|turn|24\n|\n|t:|1700973522\n|switch|p2a: Alomomola|Alomomola, M, shiny|100\/100 par\n|move|p1a: \u5c0f\u667a\u518d\u4e5f\u4e0d\u7528\u62c5\u5fc3\u6211\u4e0d\u77e5\u9053\u5bf9\u65b9\u62db\u5f0f\u4e86|Toxic||[still]\n|-fail|p1a: \u5c0f\u667a\u518d\u4e5f\u4e0d\u7528\u62c5\u5fc3\u6211\u4e0d\u77e5\u9053\u5bf9\u65b9\u62db\u5f0f\u4e86\n|\n|upkeep\n|turn|25\n|\n|t:|1700973534\n|-end|p1a: \u5c0f\u667a\u518d\u4e5f\u4e0d\u7528\u62c5\u5fc3\u6211\u4e0d\u77e5\u9053\u5bf9\u65b9\u62db\u5f0f\u4e86|ability: Flash Fire|[silent]\n|switch|p1a: #222|Corsola-Galar, F|70\/100\n|move|p2a: Alomomola|Toxic|p1a: #222\n|-status|p1a: #222|tox\n|\n|-damage|p1a: #222|63\/100 tox|[from] psn\n|upkeep\n|turn|26\n|\n|t:|1700973544\n|switch|p1a: \u6635\u79f0\u6211\u4e0d\u4f1a\u8d77\u5440|Gliscor, F|100\/100\n|move|p2a: Alomomola|Flip Turn|p1a: \u6635\u79f0\u6211\u4e0d\u4f1a\u8d77\u5440\n|-supereffective|p1a: \u6635\u79f0\u6211\u4e0d\u4f1a\u8d77\u5440\n|-damage|p1a: \u6635\u79f0\u6211\u4e0d\u4f1a\u8d77\u5440|82\/100\n|\n|t:|1700973549\n|switch|p2a: Banette|Banette-Mega, M|100\/100 par|[from] Flip Turn\n|\n|-status|p1a: \u6635\u79f0\u6211\u4e0d\u4f1a\u8d77\u5440|tox|[from] item: Toxic Orb\n|upkeep\n|turn|27\n|\n|t:|1700973559\n|move|p1a: \u6635\u79f0\u6211\u4e0d\u4f1a\u8d77\u5440|Protect|p1a: \u6635\u79f0\u6211\u4e0d\u4f1a\u8d77\u5440\n|-singleturn|p1a: \u6635\u79f0\u6211\u4e0d\u4f1a\u8d77\u5440|Protect\n|move|p2a: Banette|Encore|p1a: \u6635\u79f0\u6211\u4e0d\u4f1a\u8d77\u5440\n|-activate|p1a: \u6635\u79f0\u6211\u4e0d\u4f1a\u8d77\u5440|move: Protect\n|\n|-heal|p1a: \u6635\u79f0\u6211\u4e0d\u4f1a\u8d77\u5440|94\/100 tox|[from] ability: Poison Heal\n|upkeep\n|turn|28\n|\n|t:|1700973568\n|switch|p1a: \u4fdd\u59c6\u9c7c|Alomomola, M|100\/100\n|move|p2a: Banette|Poltergeist|p1a: \u4fdd\u59c6\u9c7c\n|-activate|p1a: \u4fdd\u59c6\u9c7c|move: Poltergeist|Heavy-Duty Boots\n|-damage|p1a: \u4fdd\u59c6\u9c7c|64\/100\n|\n|upkeep\n|turn|29\n|\n|t:|1700973581\n|move|p1a: \u4fdd\u59c6\u9c7c|Wish|p1a: \u4fdd\u59c6\u9c7c\n|cant|p2a: Banette|par\n|\n|upkeep\n|turn|30\n|\n|t:|1700973588\n|move|p1a: \u4fdd\u59c6\u9c7c|Flip Turn|p2a: Banette\n|-damage|p2a: Banette|77\/100 par\n|\n|t:|1700973598\n|switch|p1a: #222|Corsola-Galar, F|63\/100 tox|[from] Flip Turn\n|move|p2a: Banette|Infestation|p1a: #222\n|-resisted|p1a: #222\n|-damage|p1a: #222|63\/100 tox\n|-activate|p1a: #222|move: Infestation|[of] p2a: Banette\n|\n|-heal|p1a: #222|100\/100 tox|[from] move: Wish|[wisher] \u4fdd\u59c6\u9c7c\n|-damage|p1a: #222|94\/100 tox|[from] psn\n|-damage|p1a: #222|82\/100 tox|[from] move: Infestation|[partiallytrapped]\n|upkeep\n|turn|31\n|\n|t:|1700973617\n|switch|p1a: \u6e05\u6f88\u7684\u53cc\u773c \u53ef\u7231\u7684\u8138\u5e9e|Chansey, F|100\/100\n|cant|p2a: Banette|par\n|\n|upkeep\n|turn|32\n|\n|t:|1700973625\n|switch|p1a: \u5403\u543c\u9738\u7684\u53cd\u5f3a\u5316\u7269\u8bed|Dondozo, F|67\/100 tox\n|move|p2a: Banette|Infestation|p1a: \u5403\u543c\u9738\u7684\u53cd\u5f3a\u5316\u7269\u8bed\n|-damage|p1a: \u5403\u543c\u9738\u7684\u53cd\u5f3a\u5316\u7269\u8bed|63\/100 tox\n|-activate|p1a: \u5403\u543c\u9738\u7684\u53cd\u5f3a\u5316\u7269\u8bed|move: Infestation|[of] p2a: Banette\n|\n|-heal|p1a: \u5403\u543c\u9738\u7684\u53cd\u5f3a\u5316\u7269\u8bed|69\/100 tox|[from] item: Leftovers\n|-damage|p1a: \u5403\u543c\u9738\u7684\u53cd\u5f3a\u5316\u7269\u8bed|63\/100 tox|[from] psn\n|-damage|p1a: \u5403\u543c\u9738\u7684\u53cd\u5f3a\u5316\u7269\u8bed|51\/100 tox|[from] move: Infestation|[partiallytrapped]\n|upkeep\n|turn|33\n|\n|t:|1700973632\n|move|p2a: Banette|Poltergeist|p1a: \u5403\u543c\u9738\u7684\u53cd\u5f3a\u5316\u7269\u8bed\n|-activate|p1a: \u5403\u543c\u9738\u7684\u53cd\u5f3a\u5316\u7269\u8bed|move: Poltergeist|Leftovers\n|-damage|p1a: \u5403\u543c\u9738\u7684\u53cd\u5f3a\u5316\u7269\u8bed|19\/100 tox\n|move|p1a: \u5403\u543c\u9738\u7684\u53cd\u5f3a\u5316\u7269\u8bed|Rest|p1a: \u5403\u543c\u9738\u7684\u53cd\u5f3a\u5316\u7269\u8bed\n|-status|p1a: \u5403\u543c\u9738\u7684\u53cd\u5f3a\u5316\u7269\u8bed|slp|[from] move: Rest\n|-heal|p1a: \u5403\u543c\u9738\u7684\u53cd\u5f3a\u5316\u7269\u8bed|100\/100 slp|[silent]\n|\n|-damage|p1a: \u5403\u543c\u9738\u7684\u53cd\u5f3a\u5316\u7269\u8bed|88\/100 slp|[from] move: Infestation|[partiallytrapped]\n|upkeep\n|turn|34\n|\n|t:|1700973640\n|move|p2a: Banette|Encore|p1a: \u5403\u543c\u9738\u7684\u53cd\u5f3a\u5316\u7269\u8bed\n|-start|p1a: \u5403\u543c\u9738\u7684\u53cd\u5f3a\u5316\u7269\u8bed|Encore\n|cant|p1a: \u5403\u543c\u9738\u7684\u53cd\u5f3a\u5316\u7269\u8bed|slp\n|\n|-heal|p1a: \u5403\u543c\u9738\u7684\u53cd\u5f3a\u5316\u7269\u8bed|94\/100 slp|[from] item: Leftovers\n|-damage|p1a: \u5403\u543c\u9738\u7684\u53cd\u5f3a\u5316\u7269\u8bed|82\/100 slp|[from] move: Infestation|[partiallytrapped]\n|upkeep\n|turn|35\n|\n|t:|1700973648\n|move|p2a: Banette|Infestation|p1a: \u5403\u543c\u9738\u7684\u53cd\u5f3a\u5316\u7269\u8bed\n|-crit|p1a: \u5403\u543c\u9738\u7684\u53cd\u5f3a\u5316\u7269\u8bed\n|-damage|p1a: \u5403\u543c\u9738\u7684\u53cd\u5f3a\u5316\u7269\u8bed|75\/100 slp\n|cant|p1a: \u5403\u543c\u9738\u7684\u53cd\u5f3a\u5316\u7269\u8bed|slp\n|\n|-heal|p1a: \u5403\u543c\u9738\u7684\u53cd\u5f3a\u5316\u7269\u8bed|81\/100 slp|[from] item: Leftovers\n|-damage|p1a: \u5403\u543c\u9738\u7684\u53cd\u5f3a\u5316\u7269\u8bed|69\/100 slp|[from] move: Infestation|[partiallytrapped]\n|upkeep\n|turn|36\n|\n|t:|1700973657\n|move|p2a: Banette|Infestation|p1a: \u5403\u543c\u9738\u7684\u53cd\u5f3a\u5316\u7269\u8bed\n|-damage|p1a: \u5403\u543c\u9738\u7684\u53cd\u5f3a\u5316\u7269\u8bed|65\/100 slp\n|-curestatus|p1a: \u5403\u543c\u9738\u7684\u53cd\u5f3a\u5316\u7269\u8bed|slp|[msg]\n|move|p1a: \u5403\u543c\u9738\u7684\u53cd\u5f3a\u5316\u7269\u8bed|Rest|p1a: \u5403\u543c\u9738\u7684\u53cd\u5f3a\u5316\u7269\u8bed\n|-status|p1a: \u5403\u543c\u9738\u7684\u53cd\u5f3a\u5316\u7269\u8bed|slp|[from] move: Rest\n|-heal|p1a: \u5403\u543c\u9738\u7684\u53cd\u5f3a\u5316\u7269\u8bed|100\/100 slp|[silent]\n|\n|-end|p1a: \u5403\u543c\u9738\u7684\u53cd\u5f3a\u5316\u7269\u8bed|Infestation|[partiallytrapped]\n|-end|p1a: \u5403\u543c\u9738\u7684\u53cd\u5f3a\u5316\u7269\u8bed|Encore\n|upkeep\n|turn|37\n|\n|t:|1700973679\n|switch|p1a: \u6e05\u6f88\u7684\u53cc\u773c \u53ef\u7231\u7684\u8138\u5e9e|Chansey, F|100\/100\n|move|p2a: Banette|Infestation|p1a: \u6e05\u6f88\u7684\u53cc\u773c \u53ef\u7231\u7684\u8138\u5e9e\n|-damage|p1a: \u6e05\u6f88\u7684\u53cc\u773c \u53ef\u7231\u7684\u8138\u5e9e|99\/100\n|-activate|p1a: \u6e05\u6f88\u7684\u53cc\u773c \u53ef\u7231\u7684\u8138\u5e9e|move: Infestation|[of] p2a: Banette\n|\n|-damage|p1a: \u6e05\u6f88\u7684\u53cc\u773c \u53ef\u7231\u7684\u8138\u5e9e|87\/100|[from] move: Infestation|[partiallytrapped]\n|upkeep\n|turn|38\n|\n|t:|1700973688\n|cant|p2a: Banette|par\n|move|p1a: \u6e05\u6f88\u7684\u53cc\u773c \u53ef\u7231\u7684\u8138\u5e9e|Aromatherapy|p1a: \u6e05\u6f88\u7684\u53cc\u773c \u53ef\u7231\u7684\u8138\u5e9e\n|-activate|p1a: \u6e05\u6f88\u7684\u53cc\u773c \u53ef\u7231\u7684\u8138\u5e9e|move: Aromatherapy\n|-curestatus|p1: #222|tox|[msg]\n|-curestatus|p1: \u6635\u79f0\u6211\u4e0d\u4f1a\u8d77\u5440|tox|[msg]\n|-curestatus|p1: \u5403\u543c\u9738\u7684\u53cd\u5f3a\u5316\u7269\u8bed|slp|[msg]\n|\n|-damage|p1a: \u6e05\u6f88\u7684\u53cc\u773c \u53ef\u7231\u7684\u8138\u5e9e|74\/100|[from] move: Infestation|[partiallytrapped]\n|upkeep\n|turn|39\n|\n|t:|1700973698\n|move|p2a: Banette|Encore|p1a: \u6e05\u6f88\u7684\u53cc\u773c \u53ef\u7231\u7684\u8138\u5e9e\n|-start|p1a: \u6e05\u6f88\u7684\u53cc\u773c \u53ef\u7231\u7684\u8138\u5e9e|Encore\n|move|p1a: \u6e05\u6f88\u7684\u53cc\u773c \u53ef\u7231\u7684\u8138\u5e9e|Aromatherapy||[still]\n|-activate|p1a: \u6e05\u6f88\u7684\u53cc\u773c \u53ef\u7231\u7684\u8138\u5e9e|move: Aromatherapy\n|-fail|p1a: \u6e05\u6f88\u7684\u53cc\u773c \u53ef\u7231\u7684\u8138\u5e9e\n|\n|-damage|p1a: \u6e05\u6f88\u7684\u53cc\u773c \u53ef\u7231\u7684\u8138\u5e9e|62\/100|[from] move: Infestation|[partiallytrapped]\n|upkeep\n|turn|40\n|\n|t:|1700973711\n|switch|p2a: Alomomola|Alomomola, M, shiny|100\/100 par\n|move|p1a: \u6e05\u6f88\u7684\u53cc\u773c \u53ef\u7231\u7684\u8138\u5e9e|Aromatherapy||[still]\n|-activate|p1a: \u6e05\u6f88\u7684\u53cc\u773c \u53ef\u7231\u7684\u8138\u5e9e|move: Aromatherapy\n|-fail|p1a: \u6e05\u6f88\u7684\u53cc\u773c \u53ef\u7231\u7684\u8138\u5e9e\n|\n|-end|p1a: \u6e05\u6f88\u7684\u53cc\u773c \u53ef\u7231\u7684\u8138\u5e9e|Infestation|[partiallytrapped]|[silent]\n|upkeep\n|turn|41\n|\n|t:|1700973721\n|switch|p1a: #222|Corsola-Galar, F|82\/100\n|move|p2a: Alomomola|Flip Turn|p1a: #222\n|-damage|p1a: #222|70\/100\n|-start|p2a: Alomomola|Disable|Flip Turn|[from] ability: Cursed Body|[of] p1a: #222\n|\n|t:|1700973729\n|switch|p2a: Aegislash|Aegislash, M, shiny|100\/100|[from] Flip Turn\n|\n|upkeep\n|turn|42\n|\n|t:|1700973735\n|-formechange|p2a: Aegislash|Aegislash-Blade||[from] ability: Stance Change\n|move|p2a: Aegislash|Air Slash|p1a: #222\n|-damage|p1a: #222|55\/100\n|move|p1a: #222|Strength Sap|p2a: Aegislash\n|-unboost|p2a: Aegislash|atk|1\n|-heal|p1a: #222|100\/100\n|\n|upkeep\n|turn|43\n|\n|t:|1700973746\n|move|p2a: Aegislash|Shadow Ball|p1a: #222\n|-supereffective|p1a: #222\n|-damage|p1a: #222|57\/100\n|move|p1a: #222|Whirlpool|p2a: Aegislash|[miss]\n|-miss|p1a: #222|p2a: Aegislash\n|\n|upkeep\n|turn|44\n|\n|t:|1700973753\n|move|p2a: Aegislash|Shadow Ball|p1a: #222\n|-supereffective|p1a: #222\n|-damage|p1a: #222|13\/100\n|-unboost|p1a: #222|spd|1\n|move|p1a: #222|Strength Sap|p2a: Aegislash\n|-unboost|p2a: Aegislash|atk|1\n|-heal|p1a: #222|71\/100\n|\n|upkeep\n|turn|45\n|\n|t:|1700973762\n|switch|p1a: \u6e05\u6f88\u7684\u53cc\u773c \u53ef\u7231\u7684\u8138\u5e9e|Chansey, F|62\/100\n|move|p2a: Aegislash|Shadow Ball|p1a: \u6e05\u6f88\u7684\u53cc\u773c \u53ef\u7231\u7684\u8138\u5e9e\n|-immune|p1a: \u6e05\u6f88\u7684\u53cc\u773c \u53ef\u7231\u7684\u8138\u5e9e\n|\n|upkeep\n|turn|46\n|\n|t:|1700973773\n|switch|p1a: #222|Corsola-Galar, F|71\/100\n|move|p2a: Aegislash|Air Slash|p1a: #222\n|-damage|p1a: #222|58\/100\n|\n|upkeep\n|turn|47\n|\n|t:|1700973780\n|move|p2a: Aegislash|Shadow Ball|p1a: #222\n|-supereffective|p1a: #222\n|-damage|p1a: #222|9\/100\n|-unboost|p1a: #222|spd|1\n|move|p1a: #222|Strength Sap|p2a: Aegislash\n|-unboost|p2a: Aegislash|atk|1\n|-heal|p1a: #222|53\/100\n|\n|upkeep\n|turn|48\n|\n|t:|1700973792\n|switch|p1a: \u6e05\u6f88\u7684\u53cc\u773c \u53ef\u7231\u7684\u8138\u5e9e|Chansey, F|62\/100\n|move|p2a: Aegislash|Shadow Ball|p1a: \u6e05\u6f88\u7684\u53cc\u773c \u53ef\u7231\u7684\u8138\u5e9e\n|-immune|p1a: \u6e05\u6f88\u7684\u53cc\u773c \u53ef\u7231\u7684\u8138\u5e9e\n|\n|upkeep\n|turn|49\n|\n|t:|1700973798\n|switch|p1a: \u5c0f\u667a\u518d\u4e5f\u4e0d\u7528\u62c5\u5fc3\u6211\u4e0d\u77e5\u9053\u5bf9\u65b9\u62db\u5f0f\u4e86|Ditto|100\/100\n|-transform|p1a: \u5c0f\u667a\u518d\u4e5f\u4e0d\u7528\u62c5\u5fc3\u6211\u4e0d\u77e5\u9053\u5bf9\u65b9\u62db\u5f0f\u4e86|p2a: Aegislash|[from] ability: Imposter\n|move|p2a: Aegislash|Flash Cannon|p1a: \u5c0f\u667a\u518d\u4e5f\u4e0d\u7528\u62c5\u5fc3\u6211\u4e0d\u77e5\u9053\u5bf9\u65b9\u62db\u5f0f\u4e86\n|-resisted|p1a: \u5c0f\u667a\u518d\u4e5f\u4e0d\u7528\u62c5\u5fc3\u6211\u4e0d\u77e5\u9053\u5bf9\u65b9\u62db\u5f0f\u4e86\n|-damage|p1a: \u5c0f\u667a\u518d\u4e5f\u4e0d\u7528\u62c5\u5fc3\u6211\u4e0d\u77e5\u9053\u5bf9\u65b9\u62db\u5f0f\u4e86|61\/100\n|\n|upkeep\n|turn|50\n|\n|t:|1700973804\n|-terastallize|p1a: \u5c0f\u667a\u518d\u4e5f\u4e0d\u7528\u62c5\u5fc3\u6211\u4e0d\u77e5\u9053\u5bf9\u65b9\u62db\u5f0f\u4e86|Normal\n|move|p1a: \u5c0f\u667a\u518d\u4e5f\u4e0d\u7528\u62c5\u5fc3\u6211\u4e0d\u77e5\u9053\u5bf9\u65b9\u62db\u5f0f\u4e86|Shadow Ball|p2a: Aegislash\n|-supereffective|p2a: Aegislash\n|-crit|p2a: Aegislash\n|-damage|p2a: Aegislash|0 fnt\n|faint|p2a: Aegislash\n|\n|upkeep\n|\n|t:|1700973809\n|switch|p2a: Heatran|Heatran, M, tera:Grass|86\/100\n|turn|51\n|\n|t:|1700973817\n|move|p1a: \u5c0f\u667a\u518d\u4e5f\u4e0d\u7528\u62c5\u5fc3\u6211\u4e0d\u77e5\u9053\u5bf9\u65b9\u62db\u5f0f\u4e86|Shadow Ball|p2a: Heatran\n|-damage|p2a: Heatran|60\/100\n|move|p2a: Heatran|Toxic|p1a: \u5c0f\u667a\u518d\u4e5f\u4e0d\u7528\u62c5\u5fc3\u6211\u4e0d\u77e5\u9053\u5bf9\u65b9\u62db\u5f0f\u4e86\n|-status|p1a: \u5c0f\u667a\u518d\u4e5f\u4e0d\u7528\u62c5\u5fc3\u6211\u4e0d\u77e5\u9053\u5bf9\u65b9\u62db\u5f0f\u4e86|tox\n|\n|-heal|p2a: Heatran|67\/100|[from] item: Leftovers\n|-damage|p1a: \u5c0f\u667a\u518d\u4e5f\u4e0d\u7528\u62c5\u5fc3\u6211\u4e0d\u77e5\u9053\u5bf9\u65b9\u62db\u5f0f\u4e86|55\/100 tox|[from] psn\n|upkeep\n|turn|52\n|\n|t:|1700973825\n|switch|p1a: \u6e05\u6f88\u7684\u53cc\u773c \u53ef\u7231\u7684\u8138\u5e9e|Chansey, F|62\/100\n|move|p2a: Heatran|Magma Storm|p1a: \u6e05\u6f88\u7684\u53cc\u773c \u53ef\u7231\u7684\u8138\u5e9e\n|-damage|p1a: \u6e05\u6f88\u7684\u53cc\u773c \u53ef\u7231\u7684\u8138\u5e9e|49\/100\n|-activate|p1a: \u6e05\u6f88\u7684\u53cc\u773c \u53ef\u7231\u7684\u8138\u5e9e|move: Magma Storm|[of] p2a: Heatran\n|\n|-heal|p2a: Heatran|73\/100|[from] item: Leftovers\n|-damage|p1a: \u6e05\u6f88\u7684\u53cc\u773c \u53ef\u7231\u7684\u8138\u5e9e|36\/100|[from] move: Magma Storm|[partiallytrapped]\n|upkeep\n|turn|53\n|\n|t:|1700973835\n|move|p2a: Heatran|Protect|p2a: Heatran\n|-singleturn|p2a: Heatran|Protect\n|move|p1a: \u6e05\u6f88\u7684\u53cc\u773c \u53ef\u7231\u7684\u8138\u5e9e|Soft-Boiled|p1a: \u6e05\u6f88\u7684\u53cc\u773c \u53ef\u7231\u7684\u8138\u5e9e\n|-heal|p1a: \u6e05\u6f88\u7684\u53cc\u773c \u53ef\u7231\u7684\u8138\u5e9e|86\/100\n|\n|-heal|p2a: Heatran|79\/100|[from] item: Leftovers\n|-damage|p1a: \u6e05\u6f88\u7684\u53cc\u773c \u53ef\u7231\u7684\u8138\u5e9e|74\/100|[from] move: Magma Storm|[partiallytrapped]\n|upkeep\n|turn|54\n|\n|t:|1700973843\n|move|p2a: Heatran|Toxic|p1a: \u6e05\u6f88\u7684\u53cc\u773c \u53ef\u7231\u7684\u8138\u5e9e\n|-status|p1a: \u6e05\u6f88\u7684\u53cc\u773c \u53ef\u7231\u7684\u8138\u5e9e|tox\n|move|p1a: \u6e05\u6f88\u7684\u53cc\u773c \u53ef\u7231\u7684\u8138\u5e9e|Thunder Wave|p2a: Heatran\n|-status|p2a: Heatran|par\n|\n|-heal|p2a: Heatran|85\/100 par|[from] item: Leftovers\n|-damage|p1a: \u6e05\u6f88\u7684\u53cc\u773c \u53ef\u7231\u7684\u8138\u5e9e|68\/100 tox|[from] psn\n|-damage|p1a: \u6e05\u6f88\u7684\u53cc\u773c \u53ef\u7231\u7684\u8138\u5e9e|56\/100 tox|[from] move: Magma Storm|[partiallytrapped]\n|upkeep\n|turn|55\n|\n|t:|1700973848\n|move|p1a: \u6e05\u6f88\u7684\u53cc\u773c \u53ef\u7231\u7684\u8138\u5e9e|Seismic Toss|p2a: Heatran\n|-damage|p2a: Heatran|59\/100 par\n|move|p2a: Heatran|Earth Power|p1a: \u6e05\u6f88\u7684\u53cc\u773c \u53ef\u7231\u7684\u8138\u5e9e\n|-damage|p1a: \u6e05\u6f88\u7684\u53cc\u773c \u53ef\u7231\u7684\u8138\u5e9e|48\/100 tox\n|\n|-heal|p2a: Heatran|66\/100 par|[from] item: Leftovers\n|-damage|p1a: \u6e05\u6f88\u7684\u53cc\u773c \u53ef\u7231\u7684\u8138\u5e9e|35\/100 tox|[from] psn\n|-damage|p1a: \u6e05\u6f88\u7684\u53cc\u773c \u53ef\u7231\u7684\u8138\u5e9e|23\/100 tox|[from] move: Magma Storm|[partiallytrapped]\n|upkeep\n|turn|56\n|\n|t:|1700973853\n|move|p2a: Heatran|Protect|p2a: Heatran\n|-singleturn|p2a: Heatran|Protect\n|move|p1a: \u6e05\u6f88\u7684\u53cc\u773c \u53ef\u7231\u7684\u8138\u5e9e|Soft-Boiled|p1a: \u6e05\u6f88\u7684\u53cc\u773c \u53ef\u7231\u7684\u8138\u5e9e\n|-heal|p1a: \u6e05\u6f88\u7684\u53cc\u773c \u53ef\u7231\u7684\u8138\u5e9e|73\/100 tox\n|\n|-heal|p2a: Heatran|72\/100 par|[from] item: Leftovers\n|-damage|p1a: \u6e05\u6f88\u7684\u53cc\u773c \u53ef\u7231\u7684\u8138\u5e9e|55\/100 tox|[from] psn\n|-damage|p1a: \u6e05\u6f88\u7684\u53cc\u773c \u53ef\u7231\u7684\u8138\u5e9e|42\/100 tox|[from] move: Magma Storm|[partiallytrapped]\n|upkeep\n|turn|57\n|\n|t:|1700973863\n|move|p1a: \u6e05\u6f88\u7684\u53cc\u773c \u53ef\u7231\u7684\u8138\u5e9e|Soft-Boiled|p1a: \u6e05\u6f88\u7684\u53cc\u773c \u53ef\u7231\u7684\u8138\u5e9e\n|-heal|p1a: \u6e05\u6f88\u7684\u53cc\u773c \u53ef\u7231\u7684\u8138\u5e9e|93\/100 tox\n|move|p2a: Heatran|Earth Power|p1a: \u6e05\u6f88\u7684\u53cc\u773c \u53ef\u7231\u7684\u8138\u5e9e\n|-damage|p1a: \u6e05\u6f88\u7684\u53cc\u773c \u53ef\u7231\u7684\u8138\u5e9e|84\/100 tox\n|\n|-heal|p2a: Heatran|78\/100 par|[from] item: Leftovers\n|-damage|p1a: \u6e05\u6f88\u7684\u53cc\u773c \u53ef\u7231\u7684\u8138\u5e9e|60\/100 tox|[from] psn\n|-end|p1a: \u6e05\u6f88\u7684\u53cc\u773c \u53ef\u7231\u7684\u8138\u5e9e|Magma Storm|[partiallytrapped]\n|upkeep\n|turn|58\n|\n|t:|1700973873\n|-curestatus|p1a: \u6e05\u6f88\u7684\u53cc\u773c \u53ef\u7231\u7684\u8138\u5e9e|tox|[from] ability: Natural Cure\n|switch|p1a: \u4fdd\u59c6\u9c7c|Alomomola, M|97\/100\n|move|p2a: Heatran|Magma Storm|p1a: \u4fdd\u59c6\u9c7c\n|-resisted|p1a: \u4fdd\u59c6\u9c7c\n|-damage|p1a: \u4fdd\u59c6\u9c7c|70\/100\n|-activate|p1a: \u4fdd\u59c6\u9c7c|move: Magma Storm|[of] p2a: Heatran\n|\n|-heal|p2a: Heatran|84\/100 par|[from] item: Leftovers\n|-damage|p1a: \u4fdd\u59c6\u9c7c|57\/100|[from] move: Magma Storm|[partiallytrapped]\n|upkeep\n|turn|59\n|\n|t:|1700973881\n|move|p1a: \u4fdd\u59c6\u9c7c|Wish|p1a: \u4fdd\u59c6\u9c7c\n|move|p2a: Heatran|Toxic|p1a: \u4fdd\u59c6\u9c7c|[miss]\n|-miss|p2a: Heatran|p1a: \u4fdd\u59c6\u9c7c\n|\n|-heal|p2a: Heatran|91\/100 par|[from] item: Leftovers\n|-damage|p1a: \u4fdd\u59c6\u9c7c|45\/100|[from] move: Magma Storm|[partiallytrapped]\n|upkeep\n|turn|60\n|\n|t:|1700973888\n|move|p1a: \u4fdd\u59c6\u9c7c|Flip Turn|p2a: Heatran\n|-resisted|p2a: Heatran\n|-damage|p2a: Heatran|84\/100 par\n|\n|t:|1700973895\n|switch|p1a: \u5c0f\u667a\u518d\u4e5f\u4e0d\u7528\u62c5\u5fc3\u6211\u4e0d\u77e5\u9053\u5bf9\u65b9\u62db\u5f0f\u4e86|Ditto, tera:Normal|55\/100 tox|[from] Flip Turn\n|-transform|p1a: \u5c0f\u667a\u518d\u4e5f\u4e0d\u7528\u62c5\u5fc3\u6211\u4e0d\u77e5\u9053\u5bf9\u65b9\u62db\u5f0f\u4e86|p2a: Heatran|[from] ability: Imposter\n|cant|p2a: Heatran|par\n|\n|-heal|p1a: \u5c0f\u667a\u518d\u4e5f\u4e0d\u7528\u62c5\u5fc3\u6211\u4e0d\u77e5\u9053\u5bf9\u65b9\u62db\u5f0f\u4e86|100\/100 tox|[from] move: Wish|[wisher] \u4fdd\u59c6\u9c7c\n|-heal|p2a: Heatran|90\/100 par|[from] item: Leftovers\n|-damage|p1a: \u5c0f\u667a\u518d\u4e5f\u4e0d\u7528\u62c5\u5fc3\u6211\u4e0d\u77e5\u9053\u5bf9\u65b9\u62db\u5f0f\u4e86|94\/100 tox|[from] psn\n|upkeep\n|turn|61\n|\n|t:|1700973908\n|move|p2a: Heatran|Protect|p2a: Heatran\n|-singleturn|p2a: Heatran|Protect\n|move|p1a: \u5c0f\u667a\u518d\u4e5f\u4e0d\u7528\u62c5\u5fc3\u6211\u4e0d\u77e5\u9053\u5bf9\u65b9\u62db\u5f0f\u4e86|Magma Storm|p2a: Heatran\n|-activate|p2a: Heatran|move: Protect\n|\n|-heal|p2a: Heatran|96\/100 par|[from] item: Leftovers\n|-damage|p1a: \u5c0f\u667a\u518d\u4e5f\u4e0d\u7528\u62c5\u5fc3\u6211\u4e0d\u77e5\u9053\u5bf9\u65b9\u62db\u5f0f\u4e86|82\/100 tox|[from] psn\n|upkeep\n|turn|62\n|\n|t:|1700973919\n|switch|p1a: \u4fdd\u59c6\u9c7c|Alomomola, M|78\/100\n|switch|p2a: Banette|Banette-Mega, M|77\/100 par\n|\n|upkeep\n|turn|63\n|\n|t:|1700973924\n|move|p1a: \u4fdd\u59c6\u9c7c|Wish|p1a: \u4fdd\u59c6\u9c7c\n|move|p2a: Banette|Infestation|p1a: \u4fdd\u59c6\u9c7c\n|-damage|p1a: \u4fdd\u59c6\u9c7c|73\/100\n|-activate|p1a: \u4fdd\u59c6\u9c7c|move: Infestation|[of] p2a: Banette\n|\n|-damage|p1a: \u4fdd\u59c6\u9c7c|61\/100|[from] move: Infestation|[partiallytrapped]\n|upkeep\n|turn|64\n|\n|t:|1700973928\n|move|p2a: Banette|Encore|p1a: \u4fdd\u59c6\u9c7c\n|-start|p1a: \u4fdd\u59c6\u9c7c|Encore\n|move|p1a: \u4fdd\u59c6\u9c7c|Wish||[still]\n|-fail|p1a: \u4fdd\u59c6\u9c7c\n|\n|-heal|p1a: \u4fdd\u59c6\u9c7c|100\/100|[from] move: Wish|[wisher] \u4fdd\u59c6\u9c7c\n|-damage|p1a: \u4fdd\u59c6\u9c7c|88\/100|[from] move: Infestation|[partiallytrapped]\n|upkeep\n|turn|65\n|\n|t:|1700973949\n|move|p1a: \u4fdd\u59c6\u9c7c|Wish|p1a: \u4fdd\u59c6\u9c7c\n|move|p2a: Banette|Infestation|p1a: \u4fdd\u59c6\u9c7c\n|-damage|p1a: \u4fdd\u59c6\u9c7c|84\/100\n|\n|-damage|p1a: \u4fdd\u59c6\u9c7c|71\/100|[from] move: Infestation|[partiallytrapped]\n|upkeep\n|turn|66\n|\n|t:|1700973955\n|move|p1a: \u4fdd\u59c6\u9c7c|Wish||[still]\n|-fail|p1a: \u4fdd\u59c6\u9c7c\n|move|p2a: Banette|Infestation|p1a: \u4fdd\u59c6\u9c7c\n|-damage|p1a: \u4fdd\u59c6\u9c7c|67\/100\n|\n|-heal|p1a: \u4fdd\u59c6\u9c7c|100\/100|[from] move: Wish|[wisher] \u4fdd\u59c6\u9c7c\n|-damage|p1a: \u4fdd\u59c6\u9c7c|88\/100|[from] move: Infestation|[partiallytrapped]\n|-end|p1a: \u4fdd\u59c6\u9c7c|Encore\n|upkeep\n|turn|67\n|\n|t:|1700973962\n|move|p2a: Banette|Encore|p1a: \u4fdd\u59c6\u9c7c\n|-start|p1a: \u4fdd\u59c6\u9c7c|Encore\n|move|p1a: \u4fdd\u59c6\u9c7c|Wish|p1a: \u4fdd\u59c6\u9c7c\n|\n|-end|p1a: \u4fdd\u59c6\u9c7c|Infestation|[partiallytrapped]\n|upkeep\n|turn|68\n|\n|t:|1700973968\n|switch|p1a: #222|Corsola-Galar, F|53\/100\n|move|p2a: Banette|Infestation|p1a: #222\n|-resisted|p1a: #222\n|-damage|p1a: #222|52\/100\n|-activate|p1a: #222|move: Infestation|[of] p2a: Banette\n|\n|-heal|p1a: #222|100\/100|[from] move: Wish|[wisher] \u4fdd\u59c6\u9c7c\n|-damage|p1a: #222|88\/100|[from] move: Infestation|[partiallytrapped]\n|upkeep\n|turn|69\n|\n|t:|1700973993\n|switch|p1a: \u6635\u79f0\u6211\u4e0d\u4f1a\u8d77\u5440|Gliscor, F|94\/100\n|cant|p2a: Banette|par\n|\n|-status|p1a: \u6635\u79f0\u6211\u4e0d\u4f1a\u8d77\u5440|tox|[from] item: Toxic Orb\n|upkeep\n|turn|70\n|\n|t:|1700974001\n|move|p1a: \u6635\u79f0\u6211\u4e0d\u4f1a\u8d77\u5440|Earthquake|p2a: Banette\n|-damage|p2a: Banette|28\/100 par\n|move|p2a: Banette|Poltergeist|p1a: \u6635\u79f0\u6211\u4e0d\u4f1a\u8d77\u5440|[miss]\n|-miss|p2a: Banette|p1a: \u6635\u79f0\u6211\u4e0d\u4f1a\u8d77\u5440\n|\n|-heal|p1a: \u6635\u79f0\u6211\u4e0d\u4f1a\u8d77\u5440|100\/100 tox|[from] ability: Poison Heal\n|upkeep\n|turn|71\n|\n|t:|1700974012\n|switch|p2a: Alomomola|Alomomola, M, shiny|100\/100 par\n|move|p1a: \u6635\u79f0\u6211\u4e0d\u4f1a\u8d77\u5440|Earthquake|p2a: Alomomola\n|-damage|p2a: Alomomola|83\/100 par\n|\n|upkeep\n|turn|72\n|\n|t:|1700974030\n|switch|p1a: #222|Corsola-Galar, F|88\/100\n|cant|p2a: Alomomola|par\n|\n|upkeep\n|turn|73\n|\n|t:|1700974040\n|move|p1a: #222|Whirlpool|p2a: Alomomola\n|-resisted|p2a: Alomomola\n|-damage|p2a: Alomomola|80\/100 par\n|-activate|p2a: Alomomola|move: Whirlpool|[of] p1a: #222\n|move|p2a: Alomomola|Wish|p2a: Alomomola\n|\n|-damage|p2a: Alomomola|68\/100 par|[from] move: Whirlpool|[partiallytrapped]\n|upkeep\n|turn|74\n|\n|t:|1700974045\n|move|p1a: #222|Night Shade|p2a: Alomomola\n|-damage|p2a: Alomomola|49\/100 par\n|move|p2a: Alomomola|Toxic|p1a: #222\n|-status|p1a: #222|tox\n|\n|-heal|p2a: Alomomola|99\/100 par|[from] move: Wish|[wisher] Alomomola\n|-damage|p1a: #222|82\/100 tox|[from] psn\n|-damage|p2a: Alomomola|87\/100 par|[from] move: Whirlpool|[partiallytrapped]\n|upkeep\n|turn|75\n|\n|t:|1700974057\n|move|p1a: #222|Night Shade|p2a: Alomomola\n|-damage|p2a: Alomomola|68\/100 par\n|move|p2a: Alomomola|Wish|p2a: Alomomola\n|\n|-damage|p1a: #222|70\/100 tox|[from] psn\n|-damage|p2a: Alomomola|56\/100 par|[from] move: Whirlpool|[partiallytrapped]\n|upkeep\n|turn|76\n|\n|t:|1700974076\n|cant|p2a: Alomomola|par\n|move|p1a: #222|Night Shade|p2a: Alomomola\n|-damage|p2a: Alomomola|37\/100 par\n|\n|-heal|p2a: Alomomola|87\/100 par|[from] move: Wish|[wisher] Alomomola\n|-damage|p1a: #222|51\/100 tox|[from] psn\n|-damage|p2a: Alomomola|74\/100 par|[from] move: Whirlpool|[partiallytrapped]\n|upkeep\n|turn|77\n|\n|t:|1700974084\n|switch|p1a: \u4fdd\u59c6\u9c7c|Alomomola, M|100\/100\n|move|p2a: Alomomola|Wish|p2a: Alomomola\n|\n|-end|p2a: Alomomola|Whirlpool|[partiallytrapped]\n|upkeep\n|turn|78\n|\n|t:|1700974094\n|switch|p2a: Banette|Banette-Mega, M|28\/100 par\n|move|p1a: \u4fdd\u59c6\u9c7c|Wish|p1a: \u4fdd\u59c6\u9c7c\n|\n|-heal|p2a: Banette|100\/100 par|[from] move: Wish|[wisher] Alomomola\n|upkeep\n|turn|79\n|\n|t:|1700974104\n|move|p1a: \u4fdd\u59c6\u9c7c|Flip Turn|p2a: Banette\n|-damage|p2a: Banette|78\/100 par\n|\n|t:|1700974108\n|switch|p1a: \u6e05\u6f88\u7684\u53cc\u773c \u53ef\u7231\u7684\u8138\u5e9e|Chansey, F|60\/100|[from] Flip Turn\n|move|p2a: Banette|Infestation|p1a: \u6e05\u6f88\u7684\u53cc\u773c \u53ef\u7231\u7684\u8138\u5e9e\n|-damage|p1a: \u6e05\u6f88\u7684\u53cc\u773c \u53ef\u7231\u7684\u8138\u5e9e|59\/100\n|-activate|p1a: \u6e05\u6f88\u7684\u53cc\u773c \u53ef\u7231\u7684\u8138\u5e9e|move: Infestation|[of] p2a: Banette\n|\n|-heal|p1a: \u6e05\u6f88\u7684\u53cc\u773c \u53ef\u7231\u7684\u8138\u5e9e|97\/100|[from] move: Wish|[wisher] \u4fdd\u59c6\u9c7c\n|-damage|p1a: \u6e05\u6f88\u7684\u53cc\u773c \u53ef\u7231\u7684\u8138\u5e9e|84\/100|[from] move: Infestation|[partiallytrapped]\n|upkeep\n|turn|80\n|\n|t:|1700974116\n|move|p1a: \u6e05\u6f88\u7684\u53cc\u773c \u53ef\u7231\u7684\u8138\u5e9e|Seismic Toss|p2a: Banette\n|-immune|p2a: Banette\n|cant|p2a: Banette|par\n|\n|-damage|p1a: \u6e05\u6f88\u7684\u53cc\u773c \u53ef\u7231\u7684\u8138\u5e9e|72\/100|[from] move: Infestation|[partiallytrapped]\n|upkeep\n|turn|81\n|\n|t:|1700974121\n|move|p1a: \u6e05\u6f88\u7684\u53cc\u773c \u53ef\u7231\u7684\u8138\u5e9e|Seismic Toss|p2a: Banette\n|-immune|p2a: Banette\n|move|p2a: Banette|Infestation|p1a: \u6e05\u6f88\u7684\u53cc\u773c \u53ef\u7231\u7684\u8138\u5e9e\n|-damage|p1a: \u6e05\u6f88\u7684\u53cc\u773c \u53ef\u7231\u7684\u8138\u5e9e|71\/100\n|\n|-damage|p1a: \u6e05\u6f88\u7684\u53cc\u773c \u53ef\u7231\u7684\u8138\u5e9e|59\/100|[from] move: Infestation|[partiallytrapped]\n|upkeep\n|turn|82\n|\n|t:|1700974142\n|move|p2a: Banette|Encore|p1a: \u6e05\u6f88\u7684\u53cc\u773c \u53ef\u7231\u7684\u8138\u5e9e\n|-start|p1a: \u6e05\u6f88\u7684\u53cc\u773c \u53ef\u7231\u7684\u8138\u5e9e|Encore\n|move|p1a: \u6e05\u6f88\u7684\u53cc\u773c \u53ef\u7231\u7684\u8138\u5e9e|Seismic Toss|p2a: Banette\n|-immune|p2a: Banette\n|\n|-damage|p1a: \u6e05\u6f88\u7684\u53cc\u773c \u53ef\u7231\u7684\u8138\u5e9e|46\/100|[from] move: Infestation|[partiallytrapped]\n|upkeep\n|turn|83\n|\n|t:|1700974149\n|move|p1a: \u6e05\u6f88\u7684\u53cc\u773c \u53ef\u7231\u7684\u8138\u5e9e|Seismic Toss|p2a: Banette\n|-immune|p2a: Banette\n|cant|p2a: Banette|par\n|\n|-end|p1a: \u6e05\u6f88\u7684\u53cc\u773c \u53ef\u7231\u7684\u8138\u5e9e|Infestation|[partiallytrapped]\n|upkeep\n|turn|84\n|\n|t:|1700974155\n|switch|p1a: \u4fdd\u59c6\u9c7c|Alomomola, M|100\/100\n|move|p2a: Banette|Infestation|p1a: \u4fdd\u59c6\u9c7c\n|-damage|p1a: \u4fdd\u59c6\u9c7c|96\/100\n|-activate|p1a: \u4fdd\u59c6\u9c7c|move: Infestation|[of] p2a: Banette\n|\n|-damage|p1a: \u4fdd\u59c6\u9c7c|83\/100|[from] move: Infestation|[partiallytrapped]\n|upkeep\n|turn|85\n|\n|t:|1700974170\n|switch|p2a: Heatran|Heatran, M, tera:Grass|96\/100 par\n|move|p1a: \u4fdd\u59c6\u9c7c|Flip Turn|p2a: Heatran\n|-resisted|p2a: Heatran\n|-damage|p2a: Heatran|89\/100 par\n|\n|t:|1700974176\n|switch|p1a: \u6635\u79f0\u6211\u4e0d\u4f1a\u8d77\u5440|Gliscor, F|100\/100 tox|[from] Flip Turn\n|\n|-heal|p2a: Heatran|96\/100 par|[from] item: Leftovers\n|upkeep\n|turn|86\n|\n|t:|1700974187\n|switch|p1a: \u5c0f\u667a\u518d\u4e5f\u4e0d\u7528\u62c5\u5fc3\u6211\u4e0d\u77e5\u9053\u5bf9\u65b9\u62db\u5f0f\u4e86|Ditto, tera:Normal|82\/100 tox\n|-transform|p1a: \u5c0f\u667a\u518d\u4e5f\u4e0d\u7528\u62c5\u5fc3\u6211\u4e0d\u77e5\u9053\u5bf9\u65b9\u62db\u5f0f\u4e86|p2a: Heatran|[from] ability: Imposter\n|move|p2a: Heatran|Magma Storm|p1a: \u5c0f\u667a\u518d\u4e5f\u4e0d\u7528\u62c5\u5fc3\u6211\u4e0d\u77e5\u9053\u5bf9\u65b9\u62db\u5f0f\u4e86\n|-start|p1a: \u5c0f\u667a\u518d\u4e5f\u4e0d\u7528\u62c5\u5fc3\u6211\u4e0d\u77e5\u9053\u5bf9\u65b9\u62db\u5f0f\u4e86|ability: Flash Fire\n|\n|-heal|p2a: Heatran|100\/100 par|[from] item: Leftovers\n|-damage|p1a: \u5c0f\u667a\u518d\u4e5f\u4e0d\u7528\u62c5\u5fc3\u6211\u4e0d\u77e5\u9053\u5bf9\u65b9\u62db\u5f0f\u4e86|76\/100 tox|[from] psn\n|upkeep\n|turn|87\n|\n|t:|1700974199\n|switch|p2a: Alomomola|Alomomola, M, shiny|100\/100 par\n|move|p1a: \u5c0f\u667a\u518d\u4e5f\u4e0d\u7528\u62c5\u5fc3\u6211\u4e0d\u77e5\u9053\u5bf9\u65b9\u62db\u5f0f\u4e86|Magma Storm|p2a: Alomomola\n|-resisted|p2a: Alomomola\n|-damage|p2a: Alomomola|63\/100 par\n|-activate|p2a: Alomomola|move: Magma Storm|[of] p1a: \u5c0f\u667a\u518d\u4e5f\u4e0d\u7528\u62c5\u5fc3\u6211\u4e0d\u77e5\u9053\u5bf9\u65b9\u62db\u5f0f\u4e86\n|\n|-damage|p1a: \u5c0f\u667a\u518d\u4e5f\u4e0d\u7528\u62c5\u5fc3\u6211\u4e0d\u77e5\u9053\u5bf9\u65b9\u62db\u5f0f\u4e86|64\/100 tox|[from] psn\n|-damage|p2a: Alomomola|51\/100 par|[from] move: Magma Storm|[partiallytrapped]\n|upkeep\n|turn|88\n|\n|t:|1700974206\n|move|p1a: \u5c0f\u667a\u518d\u4e5f\u4e0d\u7528\u62c5\u5fc3\u6211\u4e0d\u77e5\u9053\u5bf9\u65b9\u62db\u5f0f\u4e86|Magma Storm|p2a: Alomomola|[miss]\n|-miss|p1a: \u5c0f\u667a\u518d\u4e5f\u4e0d\u7528\u62c5\u5fc3\u6211\u4e0d\u77e5\u9053\u5bf9\u65b9\u62db\u5f0f\u4e86|p2a: Alomomola\n|move|p2a: Alomomola|Wish|p2a: Alomomola\n|\n|-damage|p1a: \u5c0f\u667a\u518d\u4e5f\u4e0d\u7528\u62c5\u5fc3\u6211\u4e0d\u77e5\u9053\u5bf9\u65b9\u62db\u5f0f\u4e86|46\/100 tox|[from] psn\n|-damage|p2a: Alomomola|39\/100 par|[from] move: Magma Storm|[partiallytrapped]\n|upkeep\n|turn|89\n|\n|t:|1700974215\n|move|p2a: Alomomola|Protect|p2a: Alomomola\n|-singleturn|p2a: Alomomola|Protect\n|move|p1a: \u5c0f\u667a\u518d\u4e5f\u4e0d\u7528\u62c5\u5fc3\u6211\u4e0d\u77e5\u9053\u5bf9\u65b9\u62db\u5f0f\u4e86|Magma Storm|p2a: Alomomola\n|-activate|p2a: Alomomola|move: Protect\n|\n|-heal|p2a: Alomomola|89\/100 par|[from] move: Wish|[wisher] Alomomola\n|-damage|p1a: \u5c0f\u667a\u518d\u4e5f\u4e0d\u7528\u62c5\u5fc3\u6211\u4e0d\u77e5\u9053\u5bf9\u65b9\u62db\u5f0f\u4e86|22\/100 tox|[from] psn\n|-damage|p2a: Alomomola|76\/100 par|[from] move: Magma Storm|[partiallytrapped]\n|upkeep\n|turn|90\n|\n|t:|1700974220\n|-end|p1a: \u5c0f\u667a\u518d\u4e5f\u4e0d\u7528\u62c5\u5fc3\u6211\u4e0d\u77e5\u9053\u5bf9\u65b9\u62db\u5f0f\u4e86|ability: Flash Fire|[silent]\n|switch|p1a: \u4fdd\u59c6\u9c7c|Alomomola, M|100\/100\n|move|p2a: Alomomola|Flip Turn|p1a: \u4fdd\u59c6\u9c7c\n|-resisted|p1a: \u4fdd\u59c6\u9c7c\n|-damage|p1a: \u4fdd\u59c6\u9c7c|96\/100\n|\n|t:|1700974232\n|switch|p2a: Heatran|Heatran, M, tera:Grass|100\/100 par|[from] Flip Turn\n|\n|upkeep\n|turn|91\n|\n|t:|1700974236\n|move|p1a: \u4fdd\u59c6\u9c7c|Wish|p1a: \u4fdd\u59c6\u9c7c\n|move|p2a: Heatran|Earth Power|p1a: \u4fdd\u59c6\u9c7c\n|-damage|p1a: \u4fdd\u59c6\u9c7c|67\/100\n|\n|upkeep\n|turn|92\n|\n|t:|1700974239\n|move|p1a: \u4fdd\u59c6\u9c7c|Flip Turn|p2a: Heatran\n|-resisted|p2a: Heatran\n|-damage|p2a: Heatran|94\/100 par\n|\n|t:|1700974243\n|switch|p1a: \u5c0f\u667a\u518d\u4e5f\u4e0d\u7528\u62c5\u5fc3\u6211\u4e0d\u77e5\u9053\u5bf9\u65b9\u62db\u5f0f\u4e86|Ditto, tera:Normal|22\/100 tox|[from] Flip Turn\n|-transform|p1a: \u5c0f\u667a\u518d\u4e5f\u4e0d\u7528\u62c5\u5fc3\u6211\u4e0d\u77e5\u9053\u5bf9\u65b9\u62db\u5f0f\u4e86|p2a: Heatran|[from] ability: Imposter\n|move|p2a: Heatran|Toxic|p1a: \u5c0f\u667a\u518d\u4e5f\u4e0d\u7528\u62c5\u5fc3\u6211\u4e0d\u77e5\u9053\u5bf9\u65b9\u62db\u5f0f\u4e86\n|-fail|p1a: \u5c0f\u667a\u518d\u4e5f\u4e0d\u7528\u62c5\u5fc3\u6211\u4e0d\u77e5\u9053\u5bf9\u65b9\u62db\u5f0f\u4e86|tox\n|\n|-heal|p1a: \u5c0f\u667a\u518d\u4e5f\u4e0d\u7528\u62c5\u5fc3\u6211\u4e0d\u77e5\u9053\u5bf9\u65b9\u62db\u5f0f\u4e86|100\/100 tox|[from] move: Wish|[wisher] \u4fdd\u59c6\u9c7c\n|-heal|p2a: Heatran|99\/100 par|[from] item: Leftovers\n|-damage|p1a: \u5c0f\u667a\u518d\u4e5f\u4e0d\u7528\u62c5\u5fc3\u6211\u4e0d\u77e5\u9053\u5bf9\u65b9\u62db\u5f0f\u4e86|94\/100 tox|[from] psn\n|upkeep\n|turn|93\n|\n|t:|1700974250\n|switch|p2a: Banette|Banette-Mega, M|78\/100 par\n|move|p1a: \u5c0f\u667a\u518d\u4e5f\u4e0d\u7528\u62c5\u5fc3\u6211\u4e0d\u77e5\u9053\u5bf9\u65b9\u62db\u5f0f\u4e86|Magma Storm|p2a: Banette\n|-damage|p2a: Banette|25\/100 par\n|-activate|p2a: Banette|move: Magma Storm|[of] p1a: \u5c0f\u667a\u518d\u4e5f\u4e0d\u7528\u62c5\u5fc3\u6211\u4e0d\u77e5\u9053\u5bf9\u65b9\u62db\u5f0f\u4e86\n|\n|-damage|p1a: \u5c0f\u667a\u518d\u4e5f\u4e0d\u7528\u62c5\u5fc3\u6211\u4e0d\u77e5\u9053\u5bf9\u65b9\u62db\u5f0f\u4e86|82\/100 tox|[from] psn\n|-damage|p2a: Banette|13\/100 par|[from] move: Magma Storm|[partiallytrapped]\n|upkeep\n|turn|94\n|\n|t:|1700974257\n|cant|p2a: Banette|par\n|move|p1a: \u5c0f\u667a\u518d\u4e5f\u4e0d\u7528\u62c5\u5fc3\u6211\u4e0d\u77e5\u9053\u5bf9\u65b9\u62db\u5f0f\u4e86|Magma Storm|p2a: Banette\n|-damage|p2a: Banette|0 fnt\n|faint|p2a: Banette\n|\n|-damage|p1a: \u5c0f\u667a\u518d\u4e5f\u4e0d\u7528\u62c5\u5fc3\u6211\u4e0d\u77e5\u9053\u5bf9\u65b9\u62db\u5f0f\u4e86|64\/100 tox|[from] psn\n|upkeep\n|\n|t:|1700974262\n|switch|p2a: Heatran|Heatran, M, tera:Grass|99\/100 par\n|turn|95\n|\n|t:|1700974267\n|switch|p1a: \u6635\u79f0\u6211\u4e0d\u4f1a\u8d77\u5440|Gliscor, F|100\/100 tox\n|move|p2a: Heatran|Protect||[still]\n|-fail|p2a: Heatran\n|\n|-heal|p2a: Heatran|100\/100 par|[from] item: Leftovers\n|upkeep\n|turn|96\n|\n|t:|1700974276\n|switch|p1a: \u4fdd\u59c6\u9c7c|Alomomola, M|99\/100\n|cant|p2a: Heatran|par\n|\n|upkeep\n|turn|97\n|\n|t:|1700974280\n|move|p1a: \u4fdd\u59c6\u9c7c|Wish|p1a: \u4fdd\u59c6\u9c7c\n|cant|p2a: Heatran|par\n|\n|upkeep\n|turn|98\n|\n|t:|1700974284\n|move|p1a: \u4fdd\u59c6\u9c7c|Flip Turn|p2a: Heatran\n|-resisted|p2a: Heatran\n|-damage|p2a: Heatran|94\/100 par\n|\n|t:|1700974287\n|switch|p1a: \u5c0f\u667a\u518d\u4e5f\u4e0d\u7528\u62c5\u5fc3\u6211\u4e0d\u77e5\u9053\u5bf9\u65b9\u62db\u5f0f\u4e86|Ditto, tera:Normal|64\/100 tox|[from] Flip Turn\n|-transform|p1a: \u5c0f\u667a\u518d\u4e5f\u4e0d\u7528\u62c5\u5fc3\u6211\u4e0d\u77e5\u9053\u5bf9\u65b9\u62db\u5f0f\u4e86|p2a: Heatran|[from] ability: Imposter\n|move|p2a: Heatran|Magma Storm|p1a: \u5c0f\u667a\u518d\u4e5f\u4e0d\u7528\u62c5\u5fc3\u6211\u4e0d\u77e5\u9053\u5bf9\u65b9\u62db\u5f0f\u4e86\n|-start|p1a: \u5c0f\u667a\u518d\u4e5f\u4e0d\u7528\u62c5\u5fc3\u6211\u4e0d\u77e5\u9053\u5bf9\u65b9\u62db\u5f0f\u4e86|ability: Flash Fire\n|\n|-heal|p1a: \u5c0f\u667a\u518d\u4e5f\u4e0d\u7528\u62c5\u5fc3\u6211\u4e0d\u77e5\u9053\u5bf9\u65b9\u62db\u5f0f\u4e86|100\/100 tox|[from] move: Wish|[wisher] \u4fdd\u59c6\u9c7c\n|-heal|p2a: Heatran|99\/100 par|[from] item: Leftovers\n|-damage|p1a: \u5c0f\u667a\u518d\u4e5f\u4e0d\u7528\u62c5\u5fc3\u6211\u4e0d\u77e5\u9053\u5bf9\u65b9\u62db\u5f0f\u4e86|94\/100 tox|[from] psn\n|upkeep\n|turn|99\n|\n|t:|1700974294\n|move|p1a: \u5c0f\u667a\u518d\u4e5f\u4e0d\u7528\u62c5\u5fc3\u6211\u4e0d\u77e5\u9053\u5bf9\u65b9\u62db\u5f0f\u4e86|Magma Storm|p2a: Heatran\n|-start|p2a: Heatran|ability: Flash Fire\n|move|p2a: Heatran|Earth Power|p1a: \u5c0f\u667a\u518d\u4e5f\u4e0d\u7528\u62c5\u5fc3\u6211\u4e0d\u77e5\u9053\u5bf9\u65b9\u62db\u5f0f\u4e86\n|-damage|p1a: \u5c0f\u667a\u518d\u4e5f\u4e0d\u7528\u62c5\u5fc3\u6211\u4e0d\u77e5\u9053\u5bf9\u65b9\u62db\u5f0f\u4e86|74\/100 tox\n|\n|-heal|p2a: Heatran|100\/100 par|[from] item: Leftovers\n|-damage|p1a: \u5c0f\u667a\u518d\u4e5f\u4e0d\u7528\u62c5\u5fc3\u6211\u4e0d\u77e5\u9053\u5bf9\u65b9\u62db\u5f0f\u4e86|62\/100 tox|[from] psn\n|upkeep\n|turn|100\n|\n|t:|1700974300\n|move|p1a: \u5c0f\u667a\u518d\u4e5f\u4e0d\u7528\u62c5\u5fc3\u6211\u4e0d\u77e5\u9053\u5bf9\u65b9\u62db\u5f0f\u4e86|Magma Storm|p2a: Heatran\n|-immune|p2a: Heatran|[from] ability: Flash Fire\n|move|p2a: Heatran|Earth Power|p1a: \u5c0f\u667a\u518d\u4e5f\u4e0d\u7528\u62c5\u5fc3\u6211\u4e0d\u77e5\u9053\u5bf9\u65b9\u62db\u5f0f\u4e86\n|-damage|p1a: \u5c0f\u667a\u518d\u4e5f\u4e0d\u7528\u62c5\u5fc3\u6211\u4e0d\u77e5\u9053\u5bf9\u65b9\u62db\u5f0f\u4e86|43\/100 tox\n|\n|-damage|p1a: \u5c0f\u667a\u518d\u4e5f\u4e0d\u7528\u62c5\u5fc3\u6211\u4e0d\u77e5\u9053\u5bf9\u65b9\u62db\u5f0f\u4e86|25\/100 tox|[from] psn\n|upkeep\n|turn|101\n|\n|t:|1700974307\n|-end|p1a: \u5c0f\u667a\u518d\u4e5f\u4e0d\u7528\u62c5\u5fc3\u6211\u4e0d\u77e5\u9053\u5bf9\u65b9\u62db\u5f0f\u4e86|ability: Flash Fire|[silent]\n|switch|p1a: \u4fdd\u59c6\u9c7c|Alomomola, M|100\/100\n|move|p2a: Heatran|Earth Power|p1a: \u4fdd\u59c6\u9c7c\n|-damage|p1a: \u4fdd\u59c6\u9c7c|69\/100\n|\n|upkeep\n|turn|102\n|\n|t:|1700974312\n|move|p1a: \u4fdd\u59c6\u9c7c|Wish|p1a: \u4fdd\u59c6\u9c7c\n|move|p2a: Heatran|Magma Storm|p1a: \u4fdd\u59c6\u9c7c|[miss]\n|-miss|p2a: Heatran|p1a: \u4fdd\u59c6\u9c7c\n|\n|upkeep\n|turn|103\n|\n|t:|1700974316\n|move|p1a: \u4fdd\u59c6\u9c7c|Flip Turn|p2a: Heatran\n|-resisted|p2a: Heatran\n|-damage|p2a: Heatran|94\/100 par\n|\n|t:|1700974319\n|switch|p1a: #222|Corsola-Galar, F|51\/100 tox|[from] Flip Turn\n|move|p2a: Heatran|Earth Power|p1a: #222\n|-damage|p1a: #222|37\/100 tox\n|\n|-heal|p1a: #222|100\/100 tox|[from] move: Wish|[wisher] \u4fdd\u59c6\u9c7c\n|-heal|p2a: Heatran|99\/100 par|[from] item: Leftovers\n|-damage|p1a: #222|94\/100 tox|[from] psn\n|upkeep\n|turn|104\n|\n|t:|1700974330\n|move|p1a: #222|Whirlpool|p2a: Heatran\n|-resisted|p2a: Heatran\n|-damage|p2a: Heatran|98\/100 par\n|-activate|p2a: Heatran|move: Whirlpool|[of] p1a: #222\n|move|p2a: Heatran|Magma Storm|p1a: #222\n|-damage|p1a: #222|62\/100 tox\n|-activate|p1a: #222|move: Magma Storm|[of] p2a: Heatran\n|\n|-heal|p2a: Heatran|100\/100 par|[from] item: Leftovers\n|-damage|p1a: #222|49\/100 tox|[from] psn\n|-damage|p2a: Heatran|88\/100 par|[from] move: Whirlpool|[partiallytrapped]\n|-damage|p1a: #222|37\/100 tox|[from] move: Magma Storm|[partiallytrapped]\n|upkeep\n|turn|105\n|\n|t:|1700974342\n|move|p2a: Heatran|Earth Power|p1a: #222\n|-damage|p1a: #222|23\/100 tox\n|-unboost|p1a: #222|spd|1\n|-start|p2a: Heatran|Disable|Earth Power|[from] ability: Cursed Body|[of] p1a: #222\n|move|p1a: #222|Strength Sap|p2a: Heatran\n|-unboost|p2a: Heatran|atk|1\n|-heal|p1a: #222|75\/100 tox\n|\n|-heal|p2a: Heatran|94\/100 par|[from] item: Leftovers\n|-damage|p1a: #222|56\/100 tox|[from] psn\n|-damage|p1a: #222|44\/100 tox|[from] move: Magma Storm|[partiallytrapped]\n|-damage|p2a: Heatran|82\/100 par|[from] move: Whirlpool|[partiallytrapped]\n|upkeep\n|turn|106\n|inactive|Serena1111\u805a\u6c14\u5384\u9b3c\u692a has 120 seconds left.\n|\n|t:|1700974362\n|switch|p1a: \u4fdd\u59c6\u9c7c|Alomomola, M|100\/100\n|move|p2a: Heatran|Protect||[still]\n|-fail|p2a: Heatran\n|\n|-heal|p2a: Heatran|88\/100 par|[from] item: Leftovers\n|-end|p2a: Heatran|Whirlpool|[partiallytrapped]|[silent]\n|upkeep\n|turn|107\n|inactive|Serena1111\u805a\u6c14\u5384\u9b3c\u692a has 120 seconds left.\n|\n|t:|1700974373\n|-end|p2a: Heatran|ability: Flash Fire|[silent]\n|switch|p2a: Alomomola|Alomomola, M, shiny|100\/100 par\n|move|p1a: \u4fdd\u59c6\u9c7c|Wish|p1a: \u4fdd\u59c6\u9c7c\n|\n|upkeep\n|turn|108\n|\n|t:|1700974381\n|move|p1a: \u4fdd\u59c6\u9c7c|Flip Turn|p2a: Alomomola\n|-resisted|p2a: Alomomola\n|-damage|p2a: Alomomola|96\/100 par\n|\n|t:|1700974385\n|switch|p1a: \u6e05\u6f88\u7684\u53cc\u773c \u53ef\u7231\u7684\u8138\u5e9e|Chansey, F|46\/100|[from] Flip Turn\n|move|p2a: Alomomola|Toxic|p1a: \u6e05\u6f88\u7684\u53cc\u773c \u53ef\u7231\u7684\u8138\u5e9e\n|-status|p1a: \u6e05\u6f88\u7684\u53cc\u773c \u53ef\u7231\u7684\u8138\u5e9e|tox\n|\n|-heal|p1a: \u6e05\u6f88\u7684\u53cc\u773c \u53ef\u7231\u7684\u8138\u5e9e|84\/100 tox|[from] move: Wish|[wisher] \u4fdd\u59c6\u9c7c\n|-damage|p1a: \u6e05\u6f88\u7684\u53cc\u773c \u53ef\u7231\u7684\u8138\u5e9e|78\/100 tox|[from] psn\n|upkeep\n|turn|109\n|\n|t:|1700974388\n|move|p1a: \u6e05\u6f88\u7684\u53cc\u773c \u53ef\u7231\u7684\u8138\u5e9e|Aromatherapy|p1a: \u6e05\u6f88\u7684\u53cc\u773c \u53ef\u7231\u7684\u8138\u5e9e\n|-activate|p1a: \u6e05\u6f88\u7684\u53cc\u773c \u53ef\u7231\u7684\u8138\u5e9e|move: Aromatherapy\n|-curestatus|p1a: \u6e05\u6f88\u7684\u53cc\u773c \u53ef\u7231\u7684\u8138\u5e9e|tox|[msg]\n|-curestatus|p1: #222|tox|[msg]\n|-curestatus|p1: \u5c0f\u667a\u518d\u4e5f\u4e0d\u7528\u62c5\u5fc3\u6211\u4e0d\u77e5\u9053\u5bf9\u65b9\u62db\u5f0f\u4e86|tox|[msg]\n|-curestatus|p1: \u6635\u79f0\u6211\u4e0d\u4f1a\u8d77\u5440|tox|[msg]\n|move|p2a: Alomomola|Flip Turn|p1a: \u6e05\u6f88\u7684\u53cc\u773c \u53ef\u7231\u7684\u8138\u5e9e\n|-damage|p1a: \u6e05\u6f88\u7684\u53cc\u773c \u53ef\u7231\u7684\u8138\u5e9e|68\/100\n|\n|t:|1700974398\n|switch|p2a: Heatran|Heatran, M, tera:Grass|88\/100 par|[from] Flip Turn\n|\n|-heal|p2a: Heatran|94\/100 par|[from] item: Leftovers\n|upkeep\n|turn|110\n|\n|t:|1700974406\n|switch|p1a: \u4fdd\u59c6\u9c7c|Alomomola, M|100\/100\n|move|p2a: Heatran|Toxic|p1a: \u4fdd\u59c6\u9c7c\n|-status|p1a: \u4fdd\u59c6\u9c7c|tox\n|\n|-heal|p2a: Heatran|100\/100 par|[from] item: Leftovers\n|-damage|p1a: \u4fdd\u59c6\u9c7c|94\/100 tox|[from] psn\n|upkeep\n|turn|111\n|\n|t:|1700974417\n|move|p2a: Heatran|Protect|p2a: Heatran\n|-singleturn|p2a: Heatran|Protect\n|move|p1a: \u4fdd\u59c6\u9c7c|Wish|p1a: \u4fdd\u59c6\u9c7c\n|\n|-damage|p1a: \u4fdd\u59c6\u9c7c|82\/100 tox|[from] psn\n|upkeep\n|turn|112\n|\n|t:|1700974423\n|move|p1a: \u4fdd\u59c6\u9c7c|Flip Turn|p2a: Heatran\n|-resisted|p2a: Heatran\n|-crit|p2a: Heatran\n|-damage|p2a: Heatran|90\/100 par\n|\n|t:|1700974429\n|switch|p1a: #222|Corsola-Galar, F|44\/100|[from] Flip Turn\n|move|p2a: Heatran|Magma Storm|p1a: #222\n|-damage|p1a: #222|22\/100\n|-activate|p1a: #222|move: Magma Storm|[of] p2a: Heatran\n|\n|-heal|p1a: #222|100\/100|[from] move: Wish|[wisher] \u4fdd\u59c6\u9c7c\n|-heal|p2a: Heatran|96\/100 par|[from] item: Leftovers\n|-damage|p1a: #222|88\/100|[from] move: Magma Storm|[partiallytrapped]\n|upkeep\n|turn|113\n|\n|t:|1700974434\n|move|p1a: #222|Whirlpool|p2a: Heatran\n|-resisted|p2a: Heatran\n|-damage|p2a: Heatran|94\/100 par\n|-activate|p2a: Heatran|move: Whirlpool|[of] p1a: #222\n|move|p2a: Heatran|Earth Power|p1a: #222\n|-damage|p1a: #222|74\/100\n|\n|-heal|p2a: Heatran|99\/100 par|[from] item: Leftovers\n|-damage|p1a: #222|62\/100|[from] move: Magma Storm|[partiallytrapped]\n|-damage|p2a: Heatran|88\/100 par|[from] move: Whirlpool|[partiallytrapped]\n|upkeep\n|turn|114\n|\n|t:|1700974440\n|move|p2a: Heatran|Toxic|p1a: #222\n|-status|p1a: #222|tox\n|move|p1a: #222|Night Shade|p2a: Heatran\n|-damage|p2a: Heatran|62\/100 par\n|\n|-heal|p2a: Heatran|68\/100 par|[from] item: Leftovers\n|-damage|p1a: #222|55\/100 tox|[from] psn\n|-damage|p2a: Heatran|55\/100 par|[from] move: Whirlpool|[partiallytrapped]\n|-damage|p1a: #222|43\/100 tox|[from] move: Magma Storm|[partiallytrapped]\n|upkeep\n|turn|115\n|\n|t:|1700974452\n|move|p2a: Heatran|Earth Power|p1a: #222\n|-damage|p1a: #222|30\/100 tox\n|-start|p2a: Heatran|Disable|Earth Power|[from] ability: Cursed Body|[of] p1a: #222\n|move|p1a: #222|Strength Sap|p2a: Heatran\n|-unboost|p2a: Heatran|atk|1\n|-heal|p1a: #222|81\/100 tox\n|\n|-heal|p2a: Heatran|62\/100 par|[from] item: Leftovers\n|-damage|p1a: #222|68\/100 tox|[from] psn\n|-damage|p1a: #222|56\/100 tox|[from] move: Magma Storm|[partiallytrapped]\n|-damage|p2a: Heatran|49\/100 par|[from] move: Whirlpool|[partiallytrapped]\n|upkeep\n|turn|116\n|\n|t:|1700974459\n|move|p2a: Heatran|Protect|p2a: Heatran\n|-singleturn|p2a: Heatran|Protect\n|move|p1a: #222|Night Shade|p2a: Heatran\n|-activate|p2a: Heatran|move: Protect\n|\n|-heal|p2a: Heatran|55\/100 par|[from] item: Leftovers\n|-damage|p1a: #222|38\/100 tox|[from] psn\n|-damage|p2a: Heatran|43\/100 par|[from] move: Whirlpool|[partiallytrapped]\n|-end|p1a: #222|Magma Storm|[partiallytrapped]\n|upkeep\n|turn|117\n|\n|t:|1700974465\n|move|p2a: Heatran|Protect||[still]\n|-fail|p2a: Heatran\n|move|p1a: #222|Night Shade|p2a: Heatran\n|-damage|p2a: Heatran|17\/100 par\n|\n|-heal|p2a: Heatran|23\/100 par|[from] item: Leftovers\n|-damage|p1a: #222|13\/100 tox|[from] psn\n|-damage|p2a: Heatran|11\/100 par|[from] move: Whirlpool|[partiallytrapped]\n|upkeep\n|turn|118\n|\n|t:|1700974470\n|switch|p1a: \u4fdd\u59c6\u9c7c|Alomomola, M|100\/100 tox\n|move|p2a: Heatran|Protect||[still]\n|-fail|p2a: Heatran\n|\n|-heal|p2a: Heatran|17\/100 par|[from] item: Leftovers\n|-damage|p1a: \u4fdd\u59c6\u9c7c|94\/100 tox|[from] psn\n|-end|p2a: Heatran|Whirlpool|[partiallytrapped]\n|-end|p2a: Heatran|Disable\n|upkeep\n|turn|119\n|\n|t:|1700974477\n|switch|p2a: Alomomola|Alomomola, M, shiny|100\/100 par\n|move|p1a: \u4fdd\u59c6\u9c7c|Wish|p1a: \u4fdd\u59c6\u9c7c\n|\n|-damage|p1a: \u4fdd\u59c6\u9c7c|82\/100 tox|[from] psn\n|upkeep\n|turn|120\n|\n|t:|1700974483\n|move|p1a: \u4fdd\u59c6\u9c7c|Flip Turn|p2a: Alomomola\n|-resisted|p2a: Alomomola\n|-damage|p2a: Alomomola|96\/100 par\n|\n|t:|1700974489\n|switch|p1a: #222|Corsola-Galar, F|13\/100 tox|[from] Flip Turn\n|move|p2a: Alomomola|Wish|p2a: Alomomola\n|\n|-heal|p1a: #222|95\/100 tox|[from] move: Wish|[wisher] \u4fdd\u59c6\u9c7c\n|-damage|p1a: #222|89\/100 tox|[from] psn\n|upkeep\n|turn|121\n|\n|t:|1700974500\n|switch|p2a: Heatran|Heatran, M, tera:Grass|17\/100 par\n|move|p1a: #222|Whirlpool|p2a: Heatran\n|-resisted|p2a: Heatran\n|-damage|p2a: Heatran|15\/100 par\n|-activate|p2a: Heatran|move: Whirlpool|[of] p1a: #222\n|\n|-heal|p2a: Heatran|84\/100 par|[from] move: Wish|[wisher] Alomomola\n|-heal|p2a: Heatran|91\/100 par|[from] item: Leftovers\n|-damage|p1a: #222|77\/100 tox|[from] psn\n|-damage|p2a: Heatran|78\/100 par|[from] move: Whirlpool|[partiallytrapped]\n|upkeep\n|turn|122\n|\n|t:|1700974510\n|cant|p2a: Heatran|par\n|move|p1a: #222|Night Shade|p2a: Heatran\n|-damage|p2a: Heatran|52\/100 par\n|\n|-heal|p2a: Heatran|58\/100 par|[from] item: Leftovers\n|-damage|p1a: #222|58\/100 tox|[from] psn\n|-damage|p2a: Heatran|46\/100 par|[from] move: Whirlpool|[partiallytrapped]\n|upkeep\n|turn|123\n|\n|t:|1700974518\n|move|p2a: Heatran|Protect|p2a: Heatran\n|-singleturn|p2a: Heatran|Protect\n|move|p1a: #222|Night Shade|p2a: Heatran\n|-activate|p2a: Heatran|move: Protect\n|\n|-heal|p2a: Heatran|52\/100 par|[from] item: Leftovers\n|-damage|p1a: #222|34\/100 tox|[from] psn\n|-damage|p2a: Heatran|40\/100 par|[from] move: Whirlpool|[partiallytrapped]\n|upkeep\n|turn|124\n|\n|t:|1700974524\n|move|p1a: #222|Strength Sap|p2a: Heatran\n|-unboost|p2a: Heatran|atk|1\n|-heal|p1a: #222|85\/100 tox\n|move|p2a: Heatran|Earth Power|p1a: #222\n|-damage|p1a: #222|71\/100 tox\n|-start|p2a: Heatran|Disable|Earth Power|[from] ability: Cursed Body|[of] p1a: #222\n|\n|-heal|p2a: Heatran|46\/100 par|[from] item: Leftovers\n|-damage|p1a: #222|40\/100 tox|[from] psn\n|-damage|p2a: Heatran|33\/100 par|[from] move: Whirlpool|[partiallytrapped]\n|upkeep\n|turn|125\n|\n|t:|1700974532\n|move|p2a: Heatran|Protect|p2a: Heatran\n|-singleturn|p2a: Heatran|Protect\n|move|p1a: #222|Night Shade|p2a: Heatran\n|-activate|p2a: Heatran|move: Protect\n|\n|-heal|p2a: Heatran|40\/100 par|[from] item: Leftovers\n|-damage|p1a: #222|3\/100 tox|[from] psn\n|-damage|p2a: Heatran|27\/100 par|[from] move: Whirlpool|[partiallytrapped]\n|upkeep\n|turn|126\n|\n|t:|1700974540\n|switch|p1a: \u4fdd\u59c6\u9c7c|Alomomola, M|100\/100 tox\n|move|p2a: Heatran|Toxic|p1a: \u4fdd\u59c6\u9c7c\n|-fail|p1a: \u4fdd\u59c6\u9c7c|tox\n|\n|-heal|p2a: Heatran|33\/100 par|[from] item: Leftovers\n|-damage|p1a: \u4fdd\u59c6\u9c7c|94\/100 tox|[from] psn\n|-end|p2a: Heatran|Whirlpool|[partiallytrapped]\n|upkeep\n|turn|127\n|\n|t:|1700974545\n|switch|p2a: Alomomola|Alomomola, M, shiny|100\/100 par\n|move|p1a: \u4fdd\u59c6\u9c7c|Wish|p1a: \u4fdd\u59c6\u9c7c\n|\n|-damage|p1a: \u4fdd\u59c6\u9c7c|82\/100 tox|[from] psn\n|upkeep\n|turn|128\n|\n|t:|1700974554\n|move|p1a: \u4fdd\u59c6\u9c7c|Flip Turn|p2a: Alomomola\n|-resisted|p2a: Alomomola\n|-damage|p2a: Alomomola|96\/100 par\n|\n|t:|1700974562\n|switch|p1a: \u5c0f\u667a\u518d\u4e5f\u4e0d\u7528\u62c5\u5fc3\u6211\u4e0d\u77e5\u9053\u5bf9\u65b9\u62db\u5f0f\u4e86|Ditto, tera:Normal|25\/100|[from] Flip Turn\n|-transform|p1a: \u5c0f\u667a\u518d\u4e5f\u4e0d\u7528\u62c5\u5fc3\u6211\u4e0d\u77e5\u9053\u5bf9\u65b9\u62db\u5f0f\u4e86|p2a: Alomomola|[from] ability: Imposter\n|move|p2a: Alomomola|Wish|p2a: Alomomola\n|\n|-heal|p1a: \u5c0f\u667a\u518d\u4e5f\u4e0d\u7528\u62c5\u5fc3\u6211\u4e0d\u77e5\u9053\u5bf9\u65b9\u62db\u5f0f\u4e86|100\/100|[from] move: Wish|[wisher] \u4fdd\u59c6\u9c7c\n|upkeep\n|turn|129\n|\n|t:|1700974569\n|move|p1a: \u5c0f\u667a\u518d\u4e5f\u4e0d\u7528\u62c5\u5fc3\u6211\u4e0d\u77e5\u9053\u5bf9\u65b9\u62db\u5f0f\u4e86|Wish|p1a: \u5c0f\u667a\u518d\u4e5f\u4e0d\u7528\u62c5\u5fc3\u6211\u4e0d\u77e5\u9053\u5bf9\u65b9\u62db\u5f0f\u4e86\n|move|p2a: Alomomola|Flip Turn|p1a: \u5c0f\u667a\u518d\u4e5f\u4e0d\u7528\u62c5\u5fc3\u6211\u4e0d\u77e5\u9053\u5bf9\u65b9\u62db\u5f0f\u4e86\n|-damage|p1a: \u5c0f\u667a\u518d\u4e5f\u4e0d\u7528\u62c5\u5fc3\u6211\u4e0d\u77e5\u9053\u5bf9\u65b9\u62db\u5f0f\u4e86|85\/100\n|\n|t:|1700974574\n|switch|p2a: Heatran|Heatran, M, tera:Grass|33\/100 par|[from] Flip Turn\n|\n|-heal|p2a: Heatran|100\/100 par|[from] move: Wish|[wisher] Alomomola\n|upkeep\n|turn|130\n|\n|t:|1700974584\n|switch|p1a: \u6e05\u6f88\u7684\u53cc\u773c \u53ef\u7231\u7684\u8138\u5e9e|Chansey, F|68\/100\n|move|p2a: Heatran|Toxic|p1a: \u6e05\u6f88\u7684\u53cc\u773c \u53ef\u7231\u7684\u8138\u5e9e\n|-status|p1a: \u6e05\u6f88\u7684\u53cc\u773c \u53ef\u7231\u7684\u8138\u5e9e|tox\n|\n|-heal|p1a: \u6e05\u6f88\u7684\u53cc\u773c \u53ef\u7231\u7684\u8138\u5e9e|90\/100 tox|[from] move: Wish|[wisher] \u5c0f\u667a\u518d\u4e5f\u4e0d\u7528\u62c5\u5fc3\u6211\u4e0d\u77e5\u9053\u5bf9\u65b9\u62db\u5f0f\u4e86\n|-damage|p1a: \u6e05\u6f88\u7684\u53cc\u773c \u53ef\u7231\u7684\u8138\u5e9e|84\/100 tox|[from] psn\n|upkeep\n|turn|131\n|j| cresecent moon\n|\n|t:|1700974590\n|-curestatus|p1a: \u6e05\u6f88\u7684\u53cc\u773c \u53ef\u7231\u7684\u8138\u5e9e|tox|[from] ability: Natural Cure\n|switch|p1a: \u5c0f\u667a\u518d\u4e5f\u4e0d\u7528\u62c5\u5fc3\u6211\u4e0d\u77e5\u9053\u5bf9\u65b9\u62db\u5f0f\u4e86|Ditto, tera:Normal|100\/100\n|-transform|p1a: \u5c0f\u667a\u518d\u4e5f\u4e0d\u7528\u62c5\u5fc3\u6211\u4e0d\u77e5\u9053\u5bf9\u65b9\u62db\u5f0f\u4e86|p2a: Heatran|[from] ability: Imposter\n|move|p2a: Heatran|Earth Power|p1a: \u5c0f\u667a\u518d\u4e5f\u4e0d\u7528\u62c5\u5fc3\u6211\u4e0d\u77e5\u9053\u5bf9\u65b9\u62db\u5f0f\u4e86\n|-damage|p1a: \u5c0f\u667a\u518d\u4e5f\u4e0d\u7528\u62c5\u5fc3\u6211\u4e0d\u77e5\u9053\u5bf9\u65b9\u62db\u5f0f\u4e86|79\/100\n|\n|upkeep\n|turn|132\n|\n|t:|1700974595\n|switch|p1a: \u6e05\u6f88\u7684\u53cc\u773c \u53ef\u7231\u7684\u8138\u5e9e|Chansey, F|84\/100\n|cant|p2a: Heatran|par\n|\n|upkeep\n|turn|133\n|\n|t:|1700974601\n|switch|p1a: \u5c0f\u667a\u518d\u4e5f\u4e0d\u7528\u62c5\u5fc3\u6211\u4e0d\u77e5\u9053\u5bf9\u65b9\u62db\u5f0f\u4e86|Ditto, tera:Normal|79\/100\n|-transform|p1a: \u5c0f\u667a\u518d\u4e5f\u4e0d\u7528\u62c5\u5fc3\u6211\u4e0d\u77e5\u9053\u5bf9\u65b9\u62db\u5f0f\u4e86|p2a: Heatran|[from] ability: Imposter\n|cant|p2a: Heatran|par\n|\n|upkeep\n|turn|134\n|\n|t:|1700974615\n|switch|p1a: \u6e05\u6f88\u7684\u53cc\u773c \u53ef\u7231\u7684\u8138\u5e9e|Chansey, F|84\/100\n|move|p2a: Heatran|Toxic|p1a: \u6e05\u6f88\u7684\u53cc\u773c \u53ef\u7231\u7684\u8138\u5e9e\n|-status|p1a: \u6e05\u6f88\u7684\u53cc\u773c \u53ef\u7231\u7684\u8138\u5e9e|tox\n|\n|-damage|p1a: \u6e05\u6f88\u7684\u53cc\u773c \u53ef\u7231\u7684\u8138\u5e9e|78\/100 tox|[from] psn\n|upkeep\n|turn|135\n|l| cresecent moon\n|\n|t:|1700974619\n|-curestatus|p1a: \u6e05\u6f88\u7684\u53cc\u773c \u53ef\u7231\u7684\u8138\u5e9e|tox|[from] ability: Natural Cure\n|switch|p1a: \u5c0f\u667a\u518d\u4e5f\u4e0d\u7528\u62c5\u5fc3\u6211\u4e0d\u77e5\u9053\u5bf9\u65b9\u62db\u5f0f\u4e86|Ditto, tera:Normal|79\/100\n|-transform|p1a: \u5c0f\u667a\u518d\u4e5f\u4e0d\u7528\u62c5\u5fc3\u6211\u4e0d\u77e5\u9053\u5bf9\u65b9\u62db\u5f0f\u4e86|p2a: Heatran|[from] ability: Imposter\n|move|p2a: Heatran|Protect||[still]\n|-fail|p2a: Heatran\n|\n|upkeep\n|turn|136\n|\n|t:|1700974627\n|switch|p1a: \u6e05\u6f88\u7684\u53cc\u773c \u53ef\u7231\u7684\u8138\u5e9e|Chansey, F|78\/100\n|switch|p2a: Alomomola|Alomomola, M, shiny|100\/100 par\n|\n|upkeep\n|turn|137\n|\n|t:|1700974633\n|switch|p1a: \u5c0f\u667a\u518d\u4e5f\u4e0d\u7528\u62c5\u5fc3\u6211\u4e0d\u77e5\u9053\u5bf9\u65b9\u62db\u5f0f\u4e86|Ditto, tera:Normal|79\/100\n|-transform|p1a: \u5c0f\u667a\u518d\u4e5f\u4e0d\u7528\u62c5\u5fc3\u6211\u4e0d\u77e5\u9053\u5bf9\u65b9\u62db\u5f0f\u4e86|p2a: Alomomola|[from] ability: Imposter\n|move|p2a: Alomomola|Flip Turn|p1a: \u5c0f\u667a\u518d\u4e5f\u4e0d\u7528\u62c5\u5fc3\u6211\u4e0d\u77e5\u9053\u5bf9\u65b9\u62db\u5f0f\u4e86\n|-damage|p1a: \u5c0f\u667a\u518d\u4e5f\u4e0d\u7528\u62c5\u5fc3\u6211\u4e0d\u77e5\u9053\u5bf9\u65b9\u62db\u5f0f\u4e86|63\/100\n|\n|t:|1700974636\n|switch|p2a: Heatran|Heatran, M, tera:Grass|100\/100 par|[from] Flip Turn\n|\n|upkeep\n|turn|138\n|\n|t:|1700974649\n|switch|p2a: Alomomola|Alomomola, M, shiny|100\/100 par\n|move|p1a: \u5c0f\u667a\u518d\u4e5f\u4e0d\u7528\u62c5\u5fc3\u6211\u4e0d\u77e5\u9053\u5bf9\u65b9\u62db\u5f0f\u4e86|Wish|p1a: \u5c0f\u667a\u518d\u4e5f\u4e0d\u7528\u62c5\u5fc3\u6211\u4e0d\u77e5\u9053\u5bf9\u65b9\u62db\u5f0f\u4e86\n|\n|upkeep\n|turn|139\n|\n|t:|1700974655\n|switch|p1a: #222|Corsola-Galar, F|3\/100 tox\n|switch|p2a: Heatran|Heatran, M, tera:Grass|100\/100 par\n|\n|-heal|p1a: #222|49\/100 tox|[from] move: Wish|[wisher] \u5c0f\u667a\u518d\u4e5f\u4e0d\u7528\u62c5\u5fc3\u6211\u4e0d\u77e5\u9053\u5bf9\u65b9\u62db\u5f0f\u4e86\n|-damage|p1a: #222|43\/100 tox|[from] psn\n|upkeep\n|turn|140\n|j| A3322\n|j| Forever1507\n|j| XYStarshine.\u661f\u8000\n|j| cookingAbC\n|\n|t:|1700974677\n|switch|p1a: \u4fdd\u59c6\u9c7c|Alomomola, M|100\/100 tox\n|move|p2a: Heatran|Earth Power|p1a: \u4fdd\u59c6\u9c7c\n|-damage|p1a: \u4fdd\u59c6\u9c7c|68\/100 tox\n|-unboost|p1a: \u4fdd\u59c6\u9c7c|spd|1\n|\n|-damage|p1a: \u4fdd\u59c6\u9c7c|62\/100 tox|[from] psn\n|upkeep\n|turn|141\n|\n|t:|1700974694\n|switch|p2a: Alomomola|Alomomola, M, shiny|100\/100 par\n|move|p1a: \u4fdd\u59c6\u9c7c|Wish|p1a: \u4fdd\u59c6\u9c7c\n|\n|-damage|p1a: \u4fdd\u59c6\u9c7c|49\/100 tox|[from] psn\n|upkeep\n|turn|142\n|\n|t:|1700974706\n|switch|p2a: Heatran|Heatran, M, tera:Grass|100\/100 par\n|move|p1a: \u4fdd\u59c6\u9c7c|Flip Turn|p2a: Heatran\n|-resisted|p2a: Heatran\n|-damage|p2a: Heatran|93\/100 par\n|l| A3322\n|\n|t:|1700974709\n|switch|p1a: #222|Corsola-Galar, F|43\/100 tox|[from] Flip Turn\n|\n|-heal|p1a: #222|100\/100 tox|[from] move: Wish|[wisher] \u4fdd\u59c6\u9c7c\n|-heal|p2a: Heatran|99\/100 par|[from] item: Leftovers\n|-damage|p1a: #222|94\/100 tox|[from] psn\n|upkeep\n|turn|143\n|\n|t:|1700974713\n|switch|p2a: Alomomola|Alomomola, M, shiny|100\/100 par\n|switch|p1a: \u6e05\u6f88\u7684\u53cc\u773c \u53ef\u7231\u7684\u8138\u5e9e|Chansey, F|78\/100\n|\n|upkeep\n|turn|144\n|\n|t:|1700974721\n|switch|p1a: \u6635\u79f0\u6211\u4e0d\u4f1a\u8d77\u5440|Gliscor, F|100\/100\n|move|p2a: Alomomola|Toxic|p1a: \u6635\u79f0\u6211\u4e0d\u4f1a\u8d77\u5440|[miss]\n|-miss|p2a: Alomomola|p1a: \u6635\u79f0\u6211\u4e0d\u4f1a\u8d77\u5440\n|\n|-status|p1a: \u6635\u79f0\u6211\u4e0d\u4f1a\u8d77\u5440|tox|[from] item: Toxic Orb\n|upkeep\n|turn|145\n|l| XYStarshine.\u661f\u8000\n|\n|t:|1700974726\n|switch|p1a: \u6e05\u6f88\u7684\u53cc\u773c \u53ef\u7231\u7684\u8138\u5e9e|Chansey, F|78\/100\n|move|p2a: Alomomola|Flip Turn|p1a: \u6e05\u6f88\u7684\u53cc\u773c \u53ef\u7231\u7684\u8138\u5e9e\n|-damage|p1a: \u6e05\u6f88\u7684\u53cc\u773c \u53ef\u7231\u7684\u8138\u5e9e|68\/100\n|\n|t:|1700974728\n|switch|p2a: Heatran|Heatran, M, tera:Grass|99\/100 par|[from] Flip Turn\n|\n|-heal|p2a: Heatran|100\/100 par|[from] item: Leftovers\n|upkeep\n|turn|146\n|\n|t:|1700974735\n|switch|p1a: \u6635\u79f0\u6211\u4e0d\u4f1a\u8d77\u5440|Gliscor, F|100\/100 tox\n|switch|p2a: Alomomola|Alomomola, M, shiny|100\/100 par\n|\n|upkeep\n|turn|147\n|\n|t:|1700974739\n|switch|p1a: \u6e05\u6f88\u7684\u53cc\u773c \u53ef\u7231\u7684\u8138\u5e9e|Chansey, F|68\/100\n|move|p2a: Alomomola|Flip Turn|p1a: \u6e05\u6f88\u7684\u53cc\u773c \u53ef\u7231\u7684\u8138\u5e9e\n|-damage|p1a: \u6e05\u6f88\u7684\u53cc\u773c \u53ef\u7231\u7684\u8138\u5e9e|57\/100\n|\n|t:|1700974741\n|switch|p2a: Heatran|Heatran, M, tera:Grass|100\/100 par|[from] Flip Turn\n|\n|upkeep\n|turn|148\n|\n|t:|1700974744\n|switch|p1a: \u6635\u79f0\u6211\u4e0d\u4f1a\u8d77\u5440|Gliscor, F|100\/100 tox\n|move|p2a: Heatran|Toxic|p1a: \u6635\u79f0\u6211\u4e0d\u4f1a\u8d77\u5440\n|-fail|p1a: \u6635\u79f0\u6211\u4e0d\u4f1a\u8d77\u5440|tox\n|\n|upkeep\n|turn|149\n|\n|t:|1700974749\n|switch|p1a: \u6e05\u6f88\u7684\u53cc\u773c \u53ef\u7231\u7684\u8138\u5e9e|Chansey, F|57\/100\n|cant|p2a: Heatran|par\n|\n|upkeep\n|turn|150\n|\n|t:|1700974753\n|switch|p1a: \u6635\u79f0\u6211\u4e0d\u4f1a\u8d77\u5440|Gliscor, F|100\/100 tox\n|switch|p2a: Alomomola|Alomomola, M, shiny|100\/100 par\n|\n|upkeep\n|turn|151\n|j| wppoprpo\n|j| qz123456\n|\n|t:|1700974759\n|switch|p1a: \u6e05\u6f88\u7684\u53cc\u773c \u53ef\u7231\u7684\u8138\u5e9e|Chansey, F|57\/100\n|move|p2a: Alomomola|Flip Turn|p1a: \u6e05\u6f88\u7684\u53cc\u773c \u53ef\u7231\u7684\u8138\u5e9e\n|-damage|p1a: \u6e05\u6f88\u7684\u53cc\u773c \u53ef\u7231\u7684\u8138\u5e9e|46\/100\n|\n|t:|1700974762\n|switch|p2a: Heatran|Heatran, M, tera:Grass|100\/100 par|[from] Flip Turn\n|\n|upkeep\n|turn|152\n|\n|t:|1700974769\n|switch|p1a: \u6635\u79f0\u6211\u4e0d\u4f1a\u8d77\u5440|Gliscor, F|100\/100 tox\n|move|p2a: Heatran|Earth Power|p1a: \u6635\u79f0\u6211\u4e0d\u4f1a\u8d77\u5440\n|-immune|p1a: \u6635\u79f0\u6211\u4e0d\u4f1a\u8d77\u5440\n|\n|upkeep\n|turn|153\n|l| qz123456\n|\n|t:|1700974783\n|switch|p1a: \u6e05\u6f88\u7684\u53cc\u773c \u53ef\u7231\u7684\u8138\u5e9e|Chansey, F|46\/100\n|move|p2a: Heatran|Protect||[still]\n|-fail|p2a: Heatran\n|\n|upkeep\n|turn|154\n|\n|t:|1700974786\n|switch|p2a: Alomomola|Alomomola, M, shiny|100\/100 par\n|move|p1a: \u6e05\u6f88\u7684\u53cc\u773c \u53ef\u7231\u7684\u8138\u5e9e|Soft-Boiled|p1a: \u6e05\u6f88\u7684\u53cc\u773c \u53ef\u7231\u7684\u8138\u5e9e\n|-heal|p1a: \u6e05\u6f88\u7684\u53cc\u773c \u53ef\u7231\u7684\u8138\u5e9e|96\/100\n|\n|upkeep\n|turn|155\n|\n|t:|1700974790\n|switch|p1a: \u6635\u79f0\u6211\u4e0d\u4f1a\u8d77\u5440|Gliscor, F|100\/100 tox\n|move|p2a: Alomomola|Toxic|p1a: \u6635\u79f0\u6211\u4e0d\u4f1a\u8d77\u5440\n|-fail|p1a: \u6635\u79f0\u6211\u4e0d\u4f1a\u8d77\u5440|tox\n|\n|upkeep\n|turn|156\n|\n|t:|1700974793\n|switch|p1a: \u6e05\u6f88\u7684\u53cc\u773c \u53ef\u7231\u7684\u8138\u5e9e|Chansey, F|96\/100\n|cant|p2a: Alomomola|par\n|\n|upkeep\n|turn|157\n|\n|t:|1700974797\n|switch|p1a: \u6635\u79f0\u6211\u4e0d\u4f1a\u8d77\u5440|Gliscor, F|100\/100 tox\n|move|p2a: Alomomola|Flip Turn|p1a: \u6635\u79f0\u6211\u4e0d\u4f1a\u8d77\u5440\n|-supereffective|p1a: \u6635\u79f0\u6211\u4e0d\u4f1a\u8d77\u5440\n|-damage|p1a: \u6635\u79f0\u6211\u4e0d\u4f1a\u8d77\u5440|78\/100 tox\n|\n|t:|1700974804\n|switch|p2a: Heatran|Heatran, M, tera:Grass|100\/100 par|[from] Flip Turn\n|\n|-heal|p1a: \u6635\u79f0\u6211\u4e0d\u4f1a\u8d77\u5440|91\/100 tox|[from] ability: Poison Heal\n|upkeep\n|turn|158\n|\n|t:|1700974808\n|switch|p1a: \u6e05\u6f88\u7684\u53cc\u773c \u53ef\u7231\u7684\u8138\u5e9e|Chansey, F|96\/100\n|move|p2a: Heatran|Earth Power|p1a: \u6e05\u6f88\u7684\u53cc\u773c \u53ef\u7231\u7684\u8138\u5e9e\n|-damage|p1a: \u6e05\u6f88\u7684\u53cc\u773c \u53ef\u7231\u7684\u8138\u5e9e|88\/100\n|\n|upkeep\n|turn|159\n|\n|t:|1700974810\n|switch|p1a: \u6635\u79f0\u6211\u4e0d\u4f1a\u8d77\u5440|Gliscor, F|91\/100 tox\n|move|p2a: Heatran|Protect||[still]\n|-fail|p2a: Heatran\n|\n|-heal|p1a: \u6635\u79f0\u6211\u4e0d\u4f1a\u8d77\u5440|100\/100 tox|[from] ability: Poison Heal\n|upkeep\n|turn|160\n|\n|t:|1700974814\n|switch|p1a: \u6e05\u6f88\u7684\u53cc\u773c \u53ef\u7231\u7684\u8138\u5e9e|Chansey, F|88\/100\n|move|p2a: Heatran|Earth Power|p1a: \u6e05\u6f88\u7684\u53cc\u773c \u53ef\u7231\u7684\u8138\u5e9e\n|-damage|p1a: \u6e05\u6f88\u7684\u53cc\u773c \u53ef\u7231\u7684\u8138\u5e9e|80\/100\n|\n|upkeep\n|turn|161\n|\n|t:|1700974818\n|switch|p1a: \u6635\u79f0\u6211\u4e0d\u4f1a\u8d77\u5440|Gliscor, F|100\/100 tox\n|move|p2a: Heatran|Protect||[still]\n|-fail|p2a: Heatran\n|\n|upkeep\n|turn|162\n|\n|t:|1700974836\n|switch|p1a: \u6e05\u6f88\u7684\u53cc\u773c \u53ef\u7231\u7684\u8138\u5e9e|Chansey, F|80\/100\n|move|p2a: Heatran|Protect||[still]\n|-fail|p2a: Heatran\n|\n|upkeep\n|turn|163\n|\n|t:|1700974845\n|switch|p1a: \u6635\u79f0\u6211\u4e0d\u4f1a\u8d77\u5440|Gliscor, F|100\/100 tox\n|move|p2a: Heatran|Toxic|p1a: \u6635\u79f0\u6211\u4e0d\u4f1a\u8d77\u5440\n|-fail|p1a: \u6635\u79f0\u6211\u4e0d\u4f1a\u8d77\u5440|tox\n|\n|upkeep\n|turn|164\n|\n|t:|1700974853\n|switch|p1a: \u6e05\u6f88\u7684\u53cc\u773c \u53ef\u7231\u7684\u8138\u5e9e|Chansey, F|80\/100\n|cant|p2a: Heatran|par\n|\n|upkeep\n|turn|165\n|\n|t:|1700974861\n|switch|p1a: \u6635\u79f0\u6211\u4e0d\u4f1a\u8d77\u5440|Gliscor, F|100\/100 tox\n|move|p2a: Heatran|Toxic|p1a: \u6635\u79f0\u6211\u4e0d\u4f1a\u8d77\u5440|[miss]\n|-miss|p2a: Heatran|p1a: \u6635\u79f0\u6211\u4e0d\u4f1a\u8d77\u5440\n|\n|upkeep\n|turn|166\n|\n|t:|1700974866\n|switch|p1a: \u6e05\u6f88\u7684\u53cc\u773c \u53ef\u7231\u7684\u8138\u5e9e|Chansey, F|80\/100\n|cant|p2a: Heatran|par\n|\n|upkeep\n|turn|167\n|\n|t:|1700974874\n|switch|p1a: \u6635\u79f0\u6211\u4e0d\u4f1a\u8d77\u5440|Gliscor, F|100\/100 tox\n|cant|p2a: Heatran|par\n|\n|upkeep\n|turn|168\n|\n|t:|1700974881\n|switch|p1a: \u6e05\u6f88\u7684\u53cc\u773c \u53ef\u7231\u7684\u8138\u5e9e|Chansey, F|80\/100\n|move|p2a: Heatran|Toxic|p1a: \u6e05\u6f88\u7684\u53cc\u773c \u53ef\u7231\u7684\u8138\u5e9e\n|-status|p1a: \u6e05\u6f88\u7684\u53cc\u773c \u53ef\u7231\u7684\u8138\u5e9e|tox\n|\n|-damage|p1a: \u6e05\u6f88\u7684\u53cc\u773c \u53ef\u7231\u7684\u8138\u5e9e|74\/100 tox|[from] psn\n|upkeep\n|turn|169\n|\n|t:|1700974890\n|-curestatus|p1a: \u6e05\u6f88\u7684\u53cc\u773c \u53ef\u7231\u7684\u8138\u5e9e|tox|[from] ability: Natural Cure\n|switch|p1a: \u6635\u79f0\u6211\u4e0d\u4f1a\u8d77\u5440|Gliscor, F|100\/100 tox\n|move|p2a: Heatran|Toxic|p1a: \u6635\u79f0\u6211\u4e0d\u4f1a\u8d77\u5440\n|-fail|p1a: \u6635\u79f0\u6211\u4e0d\u4f1a\u8d77\u5440|tox\n|\n|upkeep\n|turn|170\n|\n|t:|1700974897\n|switch|p1a: \u6e05\u6f88\u7684\u53cc\u773c \u53ef\u7231\u7684\u8138\u5e9e|Chansey, F|74\/100\n|cant|p2a: Heatran|par\n|\n|upkeep\n|turn|171\n|j| qazserfvgyujnko\n|\n|t:|1700974902\n|switch|p1a: \u6635\u79f0\u6211\u4e0d\u4f1a\u8d77\u5440|Gliscor, F|100\/100 tox\n|move|p2a: Heatran|Toxic|p1a: \u6635\u79f0\u6211\u4e0d\u4f1a\u8d77\u5440\n|-fail|p1a: \u6635\u79f0\u6211\u4e0d\u4f1a\u8d77\u5440|tox\n|\n|upkeep\n|turn|172\n|\n|t:|1700974907\n|switch|p1a: \u6e05\u6f88\u7684\u53cc\u773c \u53ef\u7231\u7684\u8138\u5e9e|Chansey, F|74\/100\n|-activate|p2a: Heatran|move: Struggle\n|move|p2a: Heatran|Struggle|p1a: \u6e05\u6f88\u7684\u53cc\u773c \u53ef\u7231\u7684\u8138\u5e9e\n|-damage|p1a: \u6e05\u6f88\u7684\u53cc\u773c \u53ef\u7231\u7684\u8138\u5e9e|68\/100\n|-damage|p2a: Heatran|76\/100 par|[from] recoil\n|\n|-heal|p2a: Heatran|82\/100 par|[from] item: Leftovers\n|upkeep\n|turn|173\n|\n|t:|1700974917\n|switch|p1a: \u6635\u79f0\u6211\u4e0d\u4f1a\u8d77\u5440|Gliscor, F|100\/100 tox\n|cant|p2a: Heatran|par\n|\n|-heal|p2a: Heatran|88\/100 par|[from] item: Leftovers\n|upkeep\n|turn|174\n|\n|t:|1700974923\n|switch|p1a: \u6e05\u6f88\u7684\u53cc\u773c \u53ef\u7231\u7684\u8138\u5e9e|Chansey, F|68\/100\n|cant|p2a: Heatran|par\n|\n|-heal|p2a: Heatran|94\/100 par|[from] item: Leftovers\n|upkeep\n|turn|175\n|\n|t:|1700974929\n|switch|p1a: \u6635\u79f0\u6211\u4e0d\u4f1a\u8d77\u5440|Gliscor, F|100\/100 tox\n|switch|p2a: Alomomola|Alomomola, M, shiny|100\/100 par\n|\n|upkeep\n|turn|176\n|l| cookingAbC\n|j| Rovecy\n|c|\u2606Serena1111\u805a\u6c14\u5384\u9b3c\u692a|\u8fd8\u6709\u4e00\u5806pp\u7b49\u6211\u8017\u5462\n|\n|t:|1700974942\n|switch|p1a: \u5403\u543c\u9738\u7684\u53cd\u5f3a\u5316\u7269\u8bed|Dondozo, F|100\/100\n|switch|p2a: Heatran|Heatran, M, tera:Grass|94\/100 par\n|\n|-heal|p2a: Heatran|100\/100 par|[from] item: Leftovers\n|upkeep\n|turn|177\n|l| qazserfvgyujnko\n|\n|t:|1700974951\n|switch|p1a: \u6e05\u6f88\u7684\u53cc\u773c \u53ef\u7231\u7684\u8138\u5e9e|Chansey, F|68\/100\n|switch|p2a: Alomomola|Alomomola, M, shiny|100\/100 par\n|\n|upkeep\n|turn|178\n|inactive|xiao_qi_awa has 120 seconds left.\n|\n|t:|1700974967\n|switch|p1a: \u6635\u79f0\u6211\u4e0d\u4f1a\u8d77\u5440|Gliscor, F|100\/100 tox\n|move|p2a: Alomomola|Flip Turn|p1a: \u6635\u79f0\u6211\u4e0d\u4f1a\u8d77\u5440\n|-supereffective|p1a: \u6635\u79f0\u6211\u4e0d\u4f1a\u8d77\u5440\n|-damage|p1a: \u6635\u79f0\u6211\u4e0d\u4f1a\u8d77\u5440|78\/100 tox\n|\n|t:|1700974973\n|switch|p2a: Heatran|Heatran, M, tera:Grass|100\/100 par|[from] Flip Turn\n|\n|-heal|p1a: \u6635\u79f0\u6211\u4e0d\u4f1a\u8d77\u5440|90\/100 tox|[from] ability: Poison Heal\n|upkeep\n|turn|179\n|\n|t:|1700974977\n|switch|p2a: Alomomola|Alomomola, M, shiny|100\/100 par\n|move|p1a: \u6635\u79f0\u6211\u4e0d\u4f1a\u8d77\u5440|Earthquake|p2a: Alomomola\n|-damage|p2a: Alomomola|85\/100 par\n|\n|-heal|p1a: \u6635\u79f0\u6211\u4e0d\u4f1a\u8d77\u5440|100\/100 tox|[from] ability: Poison Heal\n|upkeep\n|turn|180\n|\n|t:|1700974983\n|switch|p1a: \u6e05\u6f88\u7684\u53cc\u773c \u53ef\u7231\u7684\u8138\u5e9e|Chansey, F|68\/100\n|move|p2a: Alomomola|Flip Turn|p1a: \u6e05\u6f88\u7684\u53cc\u773c \u53ef\u7231\u7684\u8138\u5e9e\n|-damage|p1a: \u6e05\u6f88\u7684\u53cc\u773c \u53ef\u7231\u7684\u8138\u5e9e|58\/100\n|\n|t:|1700974991\n|switch|p2a: Heatran|Heatran, M, tera:Grass|100\/100 par|[from] Flip Turn\n|\n|upkeep\n|turn|181\n|\n|t:|1700974993\n|switch|p1a: \u6635\u79f0\u6211\u4e0d\u4f1a\u8d77\u5440|Gliscor, F|100\/100 tox\n|-activate|p2a: Heatran|move: Struggle\n|move|p2a: Heatran|Struggle|p1a: \u6635\u79f0\u6211\u4e0d\u4f1a\u8d77\u5440\n|-damage|p1a: \u6635\u79f0\u6211\u4e0d\u4f1a\u8d77\u5440|95\/100 tox\n|-damage|p2a: Heatran|76\/100 par|[from] recoil\n|\n|-heal|p2a: Heatran|82\/100 par|[from] item: Leftovers\n|-heal|p1a: \u6635\u79f0\u6211\u4e0d\u4f1a\u8d77\u5440|100\/100 tox|[from] ability: Poison Heal\n|upkeep\n|turn|182\n|\n|t:|1700974997\n|switch|p1a: \u6e05\u6f88\u7684\u53cc\u773c \u53ef\u7231\u7684\u8138\u5e9e|Chansey, F|58\/100\n|switch|p2a: Alomomola|Alomomola, M, shiny|100\/100 par\n|\n|upkeep\n|turn|183\n|\n|t:|1700975005\n|switch|p1a: \u6635\u79f0\u6211\u4e0d\u4f1a\u8d77\u5440|Gliscor, F|100\/100 tox\n|cant|p2a: Alomomola|par\n|\n|upkeep\n|turn|184\n|l| Forever1507\n|\n|t:|1700975010\n|switch|p1a: \u6e05\u6f88\u7684\u53cc\u773c \u53ef\u7231\u7684\u8138\u5e9e|Chansey, F|58\/100\n|move|p2a: Alomomola|Flip Turn|p1a: \u6e05\u6f88\u7684\u53cc\u773c \u53ef\u7231\u7684\u8138\u5e9e\n|-damage|p1a: \u6e05\u6f88\u7684\u53cc\u773c \u53ef\u7231\u7684\u8138\u5e9e|47\/100\n|\n|t:|1700975013\n|switch|p2a: Heatran|Heatran, M, tera:Grass|82\/100 par|[from] Flip Turn\n|\n|-heal|p2a: Heatran|88\/100 par|[from] item: Leftovers\n|upkeep\n|turn|185\n|\n|t:|1700975016\n|move|p1a: \u6e05\u6f88\u7684\u53cc\u773c \u53ef\u7231\u7684\u8138\u5e9e|Soft-Boiled|p1a: \u6e05\u6f88\u7684\u53cc\u773c \u53ef\u7231\u7684\u8138\u5e9e\n|-heal|p1a: \u6e05\u6f88\u7684\u53cc\u773c \u53ef\u7231\u7684\u8138\u5e9e|97\/100\n|cant|p2a: Heatran|par\n|\n|-heal|p2a: Heatran|94\/100 par|[from] item: Leftovers\n|upkeep\n|turn|186\n|\n|t:|1700975019\n|switch|p1a: \u6635\u79f0\u6211\u4e0d\u4f1a\u8d77\u5440|Gliscor, F|100\/100 tox\n|switch|p2a: Alomomola|Alomomola, M, shiny|100\/100 par\n|\n|upkeep\n|turn|187\n|\n|t:|1700975024\n|switch|p1a: \u6e05\u6f88\u7684\u53cc\u773c \u53ef\u7231\u7684\u8138\u5e9e|Chansey, F|97\/100\n|move|p2a: Alomomola|Flip Turn|p1a: \u6e05\u6f88\u7684\u53cc\u773c \u53ef\u7231\u7684\u8138\u5e9e\n|-damage|p1a: \u6e05\u6f88\u7684\u53cc\u773c \u53ef\u7231\u7684\u8138\u5e9e|87\/100\n|\n|t:|1700975026\n|switch|p2a: Heatran|Heatran, M, tera:Grass|94\/100 par|[from] Flip Turn\n|\n|-heal|p2a: Heatran|100\/100 par|[from] item: Leftovers\n|upkeep\n|turn|188\n|inactive|xiao_qi_awa has 120 seconds left.\n|\n|t:|1700975037\n|switch|p1a: \u6635\u79f0\u6211\u4e0d\u4f1a\u8d77\u5440|Gliscor, F|100\/100 tox\n|switch|p2a: Alomomola|Alomomola, M, shiny|100\/100 par\n|\n|upkeep\n|turn|189\n|\n|t:|1700975045\n|switch|p1a: \u6e05\u6f88\u7684\u53cc\u773c \u53ef\u7231\u7684\u8138\u5e9e|Chansey, F|87\/100\n|cant|p2a: Alomomola|par\n|\n|upkeep\n|turn|190\n|\n|t:|1700975053\n|switch|p1a: \u6635\u79f0\u6211\u4e0d\u4f1a\u8d77\u5440|Gliscor, F|100\/100 tox\n|move|p2a: Alomomola|Flip Turn|p1a: \u6635\u79f0\u6211\u4e0d\u4f1a\u8d77\u5440\n|-supereffective|p1a: \u6635\u79f0\u6211\u4e0d\u4f1a\u8d77\u5440\n|-damage|p1a: \u6635\u79f0\u6211\u4e0d\u4f1a\u8d77\u5440|80\/100 tox\n|\n|t:|1700975064\n|switch|p2a: Heatran|Heatran, M, tera:Grass|100\/100 par|[from] Flip Turn\n|\n|-heal|p1a: \u6635\u79f0\u6211\u4e0d\u4f1a\u8d77\u5440|92\/100 tox|[from] ability: Poison Heal\n|upkeep\n|turn|191\n|\n|t:|1700975072\n|switch|p1a: \u6e05\u6f88\u7684\u53cc\u773c \u53ef\u7231\u7684\u8138\u5e9e|Chansey, F|87\/100\n|switch|p2a: Alomomola|Alomomola, M, shiny|100\/100 par\n|\n|upkeep\n|turn|192\n|\n|t:|1700975077\n|switch|p1a: \u6635\u79f0\u6211\u4e0d\u4f1a\u8d77\u5440|Gliscor, F|92\/100 tox\n|move|p2a: Alomomola|Flip Turn|p1a: \u6635\u79f0\u6211\u4e0d\u4f1a\u8d77\u5440\n|-supereffective|p1a: \u6635\u79f0\u6211\u4e0d\u4f1a\u8d77\u5440\n|-damage|p1a: \u6635\u79f0\u6211\u4e0d\u4f1a\u8d77\u5440|71\/100 tox\n|\n|t:|1700975083\n|switch|p2a: Heatran|Heatran, M, tera:Grass|100\/100 par|[from] Flip Turn\n|\n|-heal|p1a: \u6635\u79f0\u6211\u4e0d\u4f1a\u8d77\u5440|84\/100 tox|[from] ability: Poison Heal\n|upkeep\n|turn|193\n|\n|t:|1700975091\n|switch|p1a: #222|Corsola-Galar, F|94\/100 tox\n|switch|p2a: Alomomola|Alomomola, M, shiny|100\/100 par\n|\n|-damage|p1a: #222|88\/100 tox|[from] psn\n|upkeep\n|turn|194\n|\n|t:|1700975103\n|move|p1a: #222|Whirlpool|p2a: Alomomola|[miss]\n|-miss|p1a: #222|p2a: Alomomola\n|move|p2a: Alomomola|Flip Turn|p1a: #222\n|-damage|p1a: #222|77\/100 tox\n|\n|t:|1700975108\n|switch|p2a: Heatran|Heatran, M, tera:Grass|100\/100 par|[from] Flip Turn\n|\n|-damage|p1a: #222|65\/100 tox|[from] psn\n|upkeep\n|turn|195\n|\n|t:|1700975116\n|switch|p2a: Alomomola|Alomomola, M, shiny|100\/100 par\n|move|p1a: #222|Whirlpool|p2a: Alomomola\n|-resisted|p2a: Alomomola\n|-damage|p2a: Alomomola|97\/100 par\n|-activate|p2a: Alomomola|move: Whirlpool|[of] p1a: #222\n|\n|-damage|p1a: #222|46\/100 tox|[from] psn\n|-damage|p2a: Alomomola|85\/100 par|[from] move: Whirlpool|[partiallytrapped]\n|upkeep\n|turn|196\n|inactive|xiao_qi_awa has 90 seconds left.\n|\n|t:|1700975133\n|move|p1a: #222|Strength Sap|p2a: Alomomola\n|-unboost|p2a: Alomomola|atk|1\n|-heal|p1a: #222|100\/100 tox\n|cant|p2a: Alomomola|par\n|\n|-damage|p1a: #222|76\/100 tox|[from] psn\n|-damage|p2a: Alomomola|72\/100 par|[from] move: Whirlpool|[partiallytrapped]\n|upkeep\n|turn|197\n|\n|t:|1700975147\n|switch|p1a: \u6e05\u6f88\u7684\u53cc\u773c \u53ef\u7231\u7684\u8138\u5e9e|Chansey, F|87\/100\n|move|p2a: Alomomola|Toxic|p1a: \u6e05\u6f88\u7684\u53cc\u773c \u53ef\u7231\u7684\u8138\u5e9e\n|-status|p1a: \u6e05\u6f88\u7684\u53cc\u773c \u53ef\u7231\u7684\u8138\u5e9e|tox\n|\n|-damage|p1a: \u6e05\u6f88\u7684\u53cc\u773c \u53ef\u7231\u7684\u8138\u5e9e|81\/100 tox|[from] psn\n|-end|p2a: Alomomola|Whirlpool|[partiallytrapped]|[silent]\n|upkeep\n|turn|198\n|\n|t:|1700975158\n|-curestatus|p1a: \u6e05\u6f88\u7684\u53cc\u773c \u53ef\u7231\u7684\u8138\u5e9e|tox|[from] ability: Natural Cure\n|switch|p1a: \u6635\u79f0\u6211\u4e0d\u4f1a\u8d77\u5440|Gliscor, F|84\/100 tox\n|cant|p2a: Alomomola|par\n|\n|-heal|p1a: \u6635\u79f0\u6211\u4e0d\u4f1a\u8d77\u5440|96\/100 tox|[from] ability: Poison Heal\n|upkeep\n|turn|199\n|inactive|xiao_qi_awa has 60 seconds left.\n|\n|t:|1700975170\n|switch|p1a: \u6e05\u6f88\u7684\u53cc\u773c \u53ef\u7231\u7684\u8138\u5e9e|Chansey, F|81\/100\n|move|p2a: Alomomola|Flip Turn|p1a: \u6e05\u6f88\u7684\u53cc\u773c \u53ef\u7231\u7684\u8138\u5e9e\n|-damage|p1a: \u6e05\u6f88\u7684\u53cc\u773c \u53ef\u7231\u7684\u8138\u5e9e|74\/100\n|\n|t:|1700975180\n|switch|p2a: Heatran|Heatran, M, tera:Grass|100\/100 par|[from] Flip Turn\n|\n|upkeep\n|turn|200\n|j| ch1437\n|\n|t:|1700975186\n|switch|p1a: \u6635\u79f0\u6211\u4e0d\u4f1a\u8d77\u5440|Gliscor, F|96\/100 tox\n|switch|p2a: Alomomola|Alomomola, M, shiny|100\/100 par\n|\n|-heal|p1a: \u6635\u79f0\u6211\u4e0d\u4f1a\u8d77\u5440|100\/100 tox|[from] ability: Poison Heal\n|upkeep\n|turn|201\n|\n|t:|1700975194\n|switch|p1a: \u6e05\u6f88\u7684\u53cc\u773c \u53ef\u7231\u7684\u8138\u5e9e|Chansey, F|74\/100\n|move|p2a: Alomomola|Flip Turn|p1a: \u6e05\u6f88\u7684\u53cc\u773c \u53ef\u7231\u7684\u8138\u5e9e\n|-damage|p1a: \u6e05\u6f88\u7684\u53cc\u773c \u53ef\u7231\u7684\u8138\u5e9e|64\/100\n|\n|t:|1700975197\n|switch|p2a: Heatran|Heatran, M, tera:Grass|100\/100 par|[from] Flip Turn\n|\n|upkeep\n|turn|202\n|\n|t:|1700975201\n|switch|p1a: \u6635\u79f0\u6211\u4e0d\u4f1a\u8d77\u5440|Gliscor, F|100\/100 tox\n|switch|p2a: Alomomola|Alomomola, M, shiny|100\/100 par\n|\n|upkeep\n|turn|203\n|\n|t:|1700975208\n|switch|p1a: \u6e05\u6f88\u7684\u53cc\u773c \u53ef\u7231\u7684\u8138\u5e9e|Chansey, F|64\/100\n|move|p2a: Alomomola|Flip Turn|p1a: \u6e05\u6f88\u7684\u53cc\u773c \u53ef\u7231\u7684\u8138\u5e9e\n|-damage|p1a: \u6e05\u6f88\u7684\u53cc\u773c \u53ef\u7231\u7684\u8138\u5e9e|53\/100\n|\n|t:|1700975211\n|switch|p2a: Heatran|Heatran, M, tera:Grass|100\/100 par|[from] Flip Turn\n|\n|upkeep\n|turn|204\n|l| ch1437\n|j| qazserfvgyujnko\n|\n|t:|1700975215\n|switch|p1a: \u6635\u79f0\u6211\u4e0d\u4f1a\u8d77\u5440|Gliscor, F|100\/100 tox\n|-activate|p2a: Heatran|move: Struggle\n|move|p2a: Heatran|Struggle|p1a: \u6635\u79f0\u6211\u4e0d\u4f1a\u8d77\u5440\n|-damage|p1a: \u6635\u79f0\u6211\u4e0d\u4f1a\u8d77\u5440|95\/100 tox\n|-damage|p2a: Heatran|76\/100 par|[from] recoil\n|\n|-heal|p2a: Heatran|82\/100 par|[from] item: Leftovers\n|-heal|p1a: \u6635\u79f0\u6211\u4e0d\u4f1a\u8d77\u5440|100\/100 tox|[from] ability: Poison Heal\n|upkeep\n|turn|205\n|\n|t:|1700975218\n|switch|p1a: \u6e05\u6f88\u7684\u53cc\u773c \u53ef\u7231\u7684\u8138\u5e9e|Chansey, F|53\/100\n|-activate|p2a: Heatran|move: Struggle\n|move|p2a: Heatran|Struggle|p1a: \u6e05\u6f88\u7684\u53cc\u773c \u53ef\u7231\u7684\u8138\u5e9e\n|-damage|p1a: \u6e05\u6f88\u7684\u53cc\u773c \u53ef\u7231\u7684\u8138\u5e9e|47\/100\n|-damage|p2a: Heatran|57\/100 par|[from] recoil\n|\n|-heal|p2a: Heatran|63\/100 par|[from] item: Leftovers\n|upkeep\n|turn|206\n|c| qazserfvgyujnko|\u516d\n|\n|t:|1700975221\n|move|p1a: \u6e05\u6f88\u7684\u53cc\u773c \u53ef\u7231\u7684\u8138\u5e9e|Soft-Boiled|p1a: \u6e05\u6f88\u7684\u53cc\u773c \u53ef\u7231\u7684\u8138\u5e9e\n|-heal|p1a: \u6e05\u6f88\u7684\u53cc\u773c \u53ef\u7231\u7684\u8138\u5e9e|97\/100\n|-activate|p2a: Heatran|move: Struggle\n|move|p2a: Heatran|Struggle|p1a: \u6e05\u6f88\u7684\u53cc\u773c \u53ef\u7231\u7684\u8138\u5e9e\n|-damage|p1a: \u6e05\u6f88\u7684\u53cc\u773c \u53ef\u7231\u7684\u8138\u5e9e|92\/100\n|-damage|p2a: Heatran|38\/100 par|[from] recoil\n|\n|-heal|p2a: Heatran|44\/100 par|[from] item: Leftovers\n|upkeep\n|turn|207\n|\n|t:|1700975226\n|switch|p1a: #222|Corsola-Galar, F|76\/100 tox\n|cant|p2a: Heatran|par\n|\n|-heal|p2a: Heatran|51\/100 par|[from] item: Leftovers\n|-damage|p1a: #222|70\/100 tox|[from] psn\n|upkeep\n|turn|208\n|\n|t:|1700975232\n|move|p1a: #222|Whirlpool|p2a: Heatran\n|-resisted|p2a: Heatran\n|-damage|p2a: Heatran|49\/100 par\n|-activate|p2a: Heatran|move: Whirlpool|[of] p1a: #222\n|-activate|p2a: Heatran|move: Struggle\n|move|p2a: Heatran|Struggle|p1a: #222\n|-damage|p1a: #222|64\/100 tox\n|-damage|p2a: Heatran|24\/100 par|[from] recoil\n|\n|-heal|p2a: Heatran|30\/100 par|[from] item: Leftovers\n|-damage|p1a: #222|52\/100 tox|[from] psn\n|-damage|p2a: Heatran|18\/100 par|[from] move: Whirlpool|[partiallytrapped]\n|upkeep\n|turn|209\n|\n|t:|1700975239\n|-activate|p2a: Heatran|move: Struggle\n|move|p2a: Heatran|Struggle|p1a: #222\n|-damage|p1a: #222|46\/100 tox\n|-damage|p2a: Heatran|0 fnt|[from] recoil\n|faint|p2a: Heatran\n|move|p1a: #222|Night Shade|p2: Heatran|[notarget]\n|-fail|p1a: #222\n|\n|-damage|p1a: #222|27\/100 tox|[from] psn\n|upkeep\n|\n|t:|1700975244\n|switch|p2a: Alomomola|Alomomola, M, shiny|100\/100 par\n|turn|210\n|\n|t:|1700975250\n|move|p1a: #222|Strength Sap|p2a: Alomomola\n|-unboost|p2a: Alomomola|atk|1\n|-heal|p1a: #222|85\/100 tox\n|move|p2a: Alomomola|Flip Turn|p1a: #222\n|-damage|p1a: #222|76\/100 tox\n|-start|p2a: Alomomola|Disable|Flip Turn|[from] ability: Cursed Body|[of] p1a: #222\n|\n|-damage|p1a: #222|52\/100 tox|[from] psn\n|upkeep\n|turn|211\n|\n|t:|1700975258\n|switch|p1a: \u6e05\u6f88\u7684\u53cc\u773c \u53ef\u7231\u7684\u8138\u5e9e|Chansey, F|92\/100\n|move|p2a: Alomomola|Toxic|p1a: \u6e05\u6f88\u7684\u53cc\u773c \u53ef\u7231\u7684\u8138\u5e9e\n|-status|p1a: \u6e05\u6f88\u7684\u53cc\u773c \u53ef\u7231\u7684\u8138\u5e9e|tox\n|\n|-damage|p1a: \u6e05\u6f88\u7684\u53cc\u773c \u53ef\u7231\u7684\u8138\u5e9e|86\/100 tox|[from] psn\n|upkeep\n|turn|212\n|\n|t:|1700975268\n|-curestatus|p1a: \u6e05\u6f88\u7684\u53cc\u773c \u53ef\u7231\u7684\u8138\u5e9e|tox|[from] ability: Natural Cure\n|switch|p1a: \u6635\u79f0\u6211\u4e0d\u4f1a\u8d77\u5440|Gliscor, F|100\/100 tox\n|cant|p2a: Alomomola|par\n|\n|upkeep\n|turn|213\n|\n|t:|1700975274\n|switch|p1a: \u6e05\u6f88\u7684\u53cc\u773c \u53ef\u7231\u7684\u8138\u5e9e|Chansey, F|86\/100\n|move|p2a: Alomomola|Protect||[still]\n|-fail|p2a: Alomomola\n|\n|-end|p2a: Alomomola|Disable\n|upkeep\n|turn|214\n|\n|t:|1700975286\n|switch|p1a: \u6635\u79f0\u6211\u4e0d\u4f1a\u8d77\u5440|Gliscor, F|100\/100 tox\n|move|p2a: Alomomola|Flip Turn|p1a: \u6635\u79f0\u6211\u4e0d\u4f1a\u8d77\u5440\n|-supereffective|p1a: \u6635\u79f0\u6211\u4e0d\u4f1a\u8d77\u5440\n|-damage|p1a: \u6635\u79f0\u6211\u4e0d\u4f1a\u8d77\u5440|87\/100 tox\n|\n|-heal|p1a: \u6635\u79f0\u6211\u4e0d\u4f1a\u8d77\u5440|99\/100 tox|[from] ability: Poison Heal\n|upkeep\n|turn|215\n|\n|t:|1700975296\n|switch|p1a: \u6e05\u6f88\u7684\u53cc\u773c \u53ef\u7231\u7684\u8138\u5e9e|Chansey, F|86\/100\n|move|p2a: Alomomola|Flip Turn|p1a: \u6e05\u6f88\u7684\u53cc\u773c \u53ef\u7231\u7684\u8138\u5e9e\n|-damage|p1a: \u6e05\u6f88\u7684\u53cc\u773c \u53ef\u7231\u7684\u8138\u5e9e|78\/100\n|\n|upkeep\n|turn|216\n|inactive|xiao_qi_awa has 60 seconds left.\n|\n|t:|1700975304\n|switch|p1a: \u6635\u79f0\u6211\u4e0d\u4f1a\u8d77\u5440|Gliscor, F|99\/100 tox\n|cant|p2a: Alomomola|par\n|\n|-heal|p1a: \u6635\u79f0\u6211\u4e0d\u4f1a\u8d77\u5440|100\/100 tox|[from] ability: Poison Heal\n|upkeep\n|turn|217\n|l| wppoprpo\n|\n|t:|1700975308\n|switch|p1a: \u6e05\u6f88\u7684\u53cc\u773c \u53ef\u7231\u7684\u8138\u5e9e|Chansey, F|78\/100\n|cant|p2a: Alomomola|par\n|\n|upkeep\n|turn|218\n|\n|t:|1700975313\n|switch|p1a: \u6635\u79f0\u6211\u4e0d\u4f1a\u8d77\u5440|Gliscor, F|100\/100 tox\n|cant|p2a: Alomomola|par\n|\n|upkeep\n|turn|219\n|\n|t:|1700975315\n|switch|p1a: \u6e05\u6f88\u7684\u53cc\u773c \u53ef\u7231\u7684\u8138\u5e9e|Chansey, F|78\/100\n|move|p2a: Alomomola|Wish|p2a: Alomomola\n|\n|upkeep\n|turn|220\n|c| qazserfvgyujnko|\u6253\u4e86\u6709\u534a\u5c0f\u65f6\u4e86\u5427\n|\n|t:|1700975318\n|switch|p1a: \u6635\u79f0\u6211\u4e0d\u4f1a\u8d77\u5440|Gliscor, F|100\/100 tox\n|move|p2a: Alomomola|Flip Turn|p1a: \u6635\u79f0\u6211\u4e0d\u4f1a\u8d77\u5440\n|-supereffective|p1a: \u6635\u79f0\u6211\u4e0d\u4f1a\u8d77\u5440\n|-damage|p1a: \u6635\u79f0\u6211\u4e0d\u4f1a\u8d77\u5440|87\/100 tox\n|\n|-heal|p1a: \u6635\u79f0\u6211\u4e0d\u4f1a\u8d77\u5440|99\/100 tox|[from] ability: Poison Heal\n|upkeep\n|turn|221\n|c|\u2606Serena1111\u805a\u6c14\u5384\u9b3c\u692a|\u5f88\u4e45\n|\n|t:|1700975325\n|switch|p1a: \u6e05\u6f88\u7684\u53cc\u773c \u53ef\u7231\u7684\u8138\u5e9e|Chansey, F|78\/100\n|move|p2a: Alomomola|Flip Turn|p1a: \u6e05\u6f88\u7684\u53cc\u773c \u53ef\u7231\u7684\u8138\u5e9e\n|-damage|p1a: \u6e05\u6f88\u7684\u53cc\u773c \u53ef\u7231\u7684\u8138\u5e9e|70\/100\n|\n|upkeep\n|turn|222\n|\n|t:|1700975329\n|switch|p1a: \u6635\u79f0\u6211\u4e0d\u4f1a\u8d77\u5440|Gliscor, F|99\/100 tox\n|move|p2a: Alomomola|Flip Turn|p1a: \u6635\u79f0\u6211\u4e0d\u4f1a\u8d77\u5440\n|-supereffective|p1a: \u6635\u79f0\u6211\u4e0d\u4f1a\u8d77\u5440\n|-damage|p1a: \u6635\u79f0\u6211\u4e0d\u4f1a\u8d77\u5440|85\/100 tox\n|\n|-heal|p1a: \u6635\u79f0\u6211\u4e0d\u4f1a\u8d77\u5440|98\/100 tox|[from] ability: Poison Heal\n|upkeep\n|turn|223\n|\n|t:|1700975336\n|switch|p1a: \u6e05\u6f88\u7684\u53cc\u773c \u53ef\u7231\u7684\u8138\u5e9e|Chansey, F|70\/100\n|move|p2a: Alomomola|Flip Turn|p1a: \u6e05\u6f88\u7684\u53cc\u773c \u53ef\u7231\u7684\u8138\u5e9e\n|-damage|p1a: \u6e05\u6f88\u7684\u53cc\u773c \u53ef\u7231\u7684\u8138\u5e9e|63\/100\n|\n|upkeep\n|turn|224\n|\n|t:|1700975341\n|switch|p1a: \u6635\u79f0\u6211\u4e0d\u4f1a\u8d77\u5440|Gliscor, F|98\/100 tox\n|move|p2a: Alomomola|Flip Turn|p1a: \u6635\u79f0\u6211\u4e0d\u4f1a\u8d77\u5440\n|-supereffective|p1a: \u6635\u79f0\u6211\u4e0d\u4f1a\u8d77\u5440\n|-damage|p1a: \u6635\u79f0\u6211\u4e0d\u4f1a\u8d77\u5440|82\/100 tox\n|\n|-heal|p1a: \u6635\u79f0\u6211\u4e0d\u4f1a\u8d77\u5440|95\/100 tox|[from] ability: Poison Heal\n|upkeep\n|turn|225\n|\n|t:|1700975344\n|switch|p1a: \u6e05\u6f88\u7684\u53cc\u773c \u53ef\u7231\u7684\u8138\u5e9e|Chansey, F|63\/100\n|move|p2a: Alomomola|Flip Turn|p1a: \u6e05\u6f88\u7684\u53cc\u773c \u53ef\u7231\u7684\u8138\u5e9e\n|-damage|p1a: \u6e05\u6f88\u7684\u53cc\u773c \u53ef\u7231\u7684\u8138\u5e9e|56\/100\n|\n|upkeep\n|turn|226\n|\n|t:|1700975349\n|switch|p1a: \u6635\u79f0\u6211\u4e0d\u4f1a\u8d77\u5440|Gliscor, F|95\/100 tox\n|cant|p2a: Alomomola|par\n|\n|-heal|p1a: \u6635\u79f0\u6211\u4e0d\u4f1a\u8d77\u5440|100\/100 tox|[from] ability: Poison Heal\n|upkeep\n|turn|227\n|\n|t:|1700975352\n|switch|p1a: \u6e05\u6f88\u7684\u53cc\u773c \u53ef\u7231\u7684\u8138\u5e9e|Chansey, F|56\/100\n|cant|p2a: Alomomola|par\n|\n|upkeep\n|turn|228\n|\n|t:|1700975355\n|switch|p1a: \u6635\u79f0\u6211\u4e0d\u4f1a\u8d77\u5440|Gliscor, F|100\/100 tox\n|move|p2a: Alomomola|Wish|p2a: Alomomola\n|\n|upkeep\n|turn|229\n|\n|t:|1700975359\n|switch|p1a: \u6e05\u6f88\u7684\u53cc\u773c \u53ef\u7231\u7684\u8138\u5e9e|Chansey, F|56\/100\n|cant|p2a: Alomomola|par\n|\n|upkeep\n|turn|230\n|\n|t:|1700975361\n|switch|p1a: \u6635\u79f0\u6211\u4e0d\u4f1a\u8d77\u5440|Gliscor, F|100\/100 tox\n|move|p2a: Alomomola|Toxic|p1a: \u6635\u79f0\u6211\u4e0d\u4f1a\u8d77\u5440\n|-fail|p1a: \u6635\u79f0\u6211\u4e0d\u4f1a\u8d77\u5440|tox\n|\n|upkeep\n|turn|231\n|\n|t:|1700975366\n|switch|p1a: \u6e05\u6f88\u7684\u53cc\u773c \u53ef\u7231\u7684\u8138\u5e9e|Chansey, F|56\/100\n|move|p2a: Alomomola|Toxic|p1a: \u6e05\u6f88\u7684\u53cc\u773c \u53ef\u7231\u7684\u8138\u5e9e|[miss]\n|-miss|p2a: Alomomola|p1a: \u6e05\u6f88\u7684\u53cc\u773c \u53ef\u7231\u7684\u8138\u5e9e\n|\n|upkeep\n|turn|232\n|\n|t:|1700975369\n|switch|p1a: \u6635\u79f0\u6211\u4e0d\u4f1a\u8d77\u5440|Gliscor, F|100\/100 tox\n|move|p2a: Alomomola|Toxic|p1a: \u6635\u79f0\u6211\u4e0d\u4f1a\u8d77\u5440\n|-fail|p1a: \u6635\u79f0\u6211\u4e0d\u4f1a\u8d77\u5440|tox\n|\n|upkeep\n|turn|233\n|\n|t:|1700975377\n|switch|p1a: \u6e05\u6f88\u7684\u53cc\u773c \u53ef\u7231\u7684\u8138\u5e9e|Chansey, F|56\/100\n|move|p2a: Alomomola|Toxic|p1a: \u6e05\u6f88\u7684\u53cc\u773c \u53ef\u7231\u7684\u8138\u5e9e\n|-status|p1a: \u6e05\u6f88\u7684\u53cc\u773c \u53ef\u7231\u7684\u8138\u5e9e|tox\n|\n|-damage|p1a: \u6e05\u6f88\u7684\u53cc\u773c \u53ef\u7231\u7684\u8138\u5e9e|50\/100 tox|[from] psn\n|upkeep\n|turn|234\n|inactive|xiao_qi_awa has 90 seconds left.\n|\n|t:|1700975389\n|-curestatus|p1a: \u6e05\u6f88\u7684\u53cc\u773c \u53ef\u7231\u7684\u8138\u5e9e|tox|[from] ability: Natural Cure\n|switch|p1a: \u6635\u79f0\u6211\u4e0d\u4f1a\u8d77\u5440|Gliscor, F|100\/100 tox\n|move|p2a: Alomomola|Protect||[still]\n|-fail|p2a: Alomomola\n|\n|upkeep\n|turn|235\n|\n|t:|1700975402\n|switch|p1a: \u6e05\u6f88\u7684\u53cc\u773c \u53ef\u7231\u7684\u8138\u5e9e|Chansey, F|50\/100\n|cant|p2a: Alomomola|par\n|\n|upkeep\n|turn|236\n|\n|t:|1700975410\n|switch|p1a: \u6635\u79f0\u6211\u4e0d\u4f1a\u8d77\u5440|Gliscor, F|100\/100 tox\n|cant|p2a: Alomomola|par\n|\n|upkeep\n|turn|237\n|\n|t:|1700975418\n|switch|p1a: \u6e05\u6f88\u7684\u53cc\u773c \u53ef\u7231\u7684\u8138\u5e9e|Chansey, F|50\/100\n|move|p2a: Alomomola|Flip Turn|p1a: \u6e05\u6f88\u7684\u53cc\u773c \u53ef\u7231\u7684\u8138\u5e9e\n|-damage|p1a: \u6e05\u6f88\u7684\u53cc\u773c \u53ef\u7231\u7684\u8138\u5e9e|43\/100\n|\n|upkeep\n|turn|238\n|\n|t:|1700975430\n|move|p1a: \u6e05\u6f88\u7684\u53cc\u773c \u53ef\u7231\u7684\u8138\u5e9e|Soft-Boiled|p1a: \u6e05\u6f88\u7684\u53cc\u773c \u53ef\u7231\u7684\u8138\u5e9e\n|-heal|p1a: \u6e05\u6f88\u7684\u53cc\u773c \u53ef\u7231\u7684\u8138\u5e9e|93\/100\n|cant|p2a: Alomomola|par\n|\n|upkeep\n|turn|239\n|\n|t:|1700975436\n|switch|p1a: \u6635\u79f0\u6211\u4e0d\u4f1a\u8d77\u5440|Gliscor, F|100\/100 tox\n|move|p2a: Alomomola|Toxic|p1a: \u6635\u79f0\u6211\u4e0d\u4f1a\u8d77\u5440\n|-fail|p1a: \u6635\u79f0\u6211\u4e0d\u4f1a\u8d77\u5440|tox\n|\n|upkeep\n|turn|240\n|inactive|xiao_qi_awa has 60 seconds left.\n|\n|t:|1700975444\n|switch|p1a: \u6e05\u6f88\u7684\u53cc\u773c \u53ef\u7231\u7684\u8138\u5e9e|Chansey, F|93\/100\n|move|p2a: Alomomola|Wish|p2a: Alomomola\n|\n|upkeep\n|turn|241\n|inactive|xiao_qi_awa has 60 seconds left.\n|\n|t:|1700975450\n|switch|p1a: \u6635\u79f0\u6211\u4e0d\u4f1a\u8d77\u5440|Gliscor, F|100\/100 tox\n|move|p2a: Alomomola|Wish||[still]\n|-fail|p2a: Alomomola\n|\n|upkeep\n|turn|242\n|\n|t:|1700975455\n|switch|p1a: \u6e05\u6f88\u7684\u53cc\u773c \u53ef\u7231\u7684\u8138\u5e9e|Chansey, F|93\/100\n|move|p2a: Alomomola|Flip Turn|p1a: \u6e05\u6f88\u7684\u53cc\u773c \u53ef\u7231\u7684\u8138\u5e9e\n|-damage|p1a: \u6e05\u6f88\u7684\u53cc\u773c \u53ef\u7231\u7684\u8138\u5e9e|86\/100\n|\n|upkeep\n|turn|243\n|\n|t:|1700975464\n|switch|p1a: \u6635\u79f0\u6211\u4e0d\u4f1a\u8d77\u5440|Gliscor, F|100\/100 tox\n|move|p2a: Alomomola|Toxic|p1a: \u6635\u79f0\u6211\u4e0d\u4f1a\u8d77\u5440\n|-fail|p1a: \u6635\u79f0\u6211\u4e0d\u4f1a\u8d77\u5440|tox\n|\n|upkeep\n|turn|244\n|c| qazserfvgyujnko|\u8017\u5230250\n|-message|xiao_qi_awa forfeited.\n|\n|win|Serena1111\u805a\u6c14\u5384\u9b3c\u692a\n|raw|Serena1111\u805a\u6c14\u5384\u9b3c\u692a's rating: 1212 &rarr; <strong>1231<\/strong><br \/>(+19 for winning)\n|raw|xiao_qi_awa's rating: 1132 &rarr; <strong>1113<\/strong><br \/>(-19 for losing)\n|l|\u2606xiao_qi_awa\n|j|\u2606xiao_qi_awa\n|player|p2|xiao_qi_awa|dawn\n|l|\u2606xiao_qi_awa\n|player|p2|\n|j| XYStarshine.\u661f\u8000\n|j| 514\u00b7koishi\u00b7lian\n|l| qazserfvgyujnko\n|j| PassingAbC\n|l| PassingAbC\n|l|\u2606Serena1111\u805a\u6c14\u5384\u9b3c\u692a\n|j| RGB Lamp strip\n|l| XYStarshine.\u661f\u8000\n|l| 514\u00b7koishi\u00b7lian\n|j| ghhggh\n|j| xiaoheizi114514\n|j| A3322\n|l| A3322\n|l| xiaoheizi114514\n|j|\u2606xiao_qi_awa\n|player|p2|xiao_qi_awa|dawn\n|j| XYStarshine.\u661f\u8000\n|l|\u2606xiao_qi_awa\n|player|p2|\n|l| XYStarshine.\u661f\u8000\n|l| Rovecy\n|l| ghhggh\n|j|\u2606xiao_qi_awa\n|player|p2|xiao_qi_awa|dawn\n","uploadtime":1700975505,"views":30,"p1id":"serena1111","p2id":"xiaoqiawa","formatid":"gen9nationaldex","rating":1113,"private":0,"password":""}