{"id":"gen9nationaldex-1992668040","p1":"RoadPizza","p2":"Jude Belligol","format":"[Gen 9] National Dex","log":"|j|\u2606RoadPizza\n|j|\u2606Jude Belligol\n|t:|1700222857\n|gametype|singles\n|player|p1|RoadPizza|gambler|1160\n|player|p2|Jude Belligol|psychicf-gen4|1112\n|teamsize|p1|6\n|teamsize|p2|6\n|gen|9\n|tier|[Gen 9] National Dex\n|rated|\n|rule|HP Percentage Mod: HP is shown in percentages\n|rule|Endless Battle Clause: Forcing endless battles is banned\n|rule|OHKO Clause: OHKO moves are banned\n|rule|Evasion Clause: Evasion abilities, items, and moves are banned\n|rule|Evasion Abilities Clause: Evasion abilities are banned\n|rule|Evasion Items Clause: Evasion items are banned\n|rule|Evasion Moves Clause: Evasion moves are banned\n|rule|Species Clause: Limit one of each Pok\u00e9mon\n|rule|Sleep Clause Mod: Limit one foe put to sleep\n|clearpoke\n|poke|p1|Hatterene, F|\n|poke|p1|Scizor, F|\n|poke|p1|Typhlosion, M|\n|poke|p1|Landorus-Therian, M|\n|poke|p1|Ogerpon-Wellspring, F|\n|poke|p1|Glimmora, M|\n|poke|p2|Gliscor, F|\n|poke|p2|Banette, F|\n|poke|p2|Tapu Koko|\n|poke|p2|Iron Valiant|\n|poke|p2|Iron Thorns|\n|poke|p2|Sneasler, F|\n|teampreview\n|inactive|Battle timer is ON: inactive players will automatically lose when time's up. (requested by Jude Belligol)\n|inactive|RoadPizza also wants the timer to be on.\n|j| Abatea\n|\n|t:|1700222865\n|start\n|switch|p1a: Ogerpon|Ogerpon-Wellspring, F|100\/100\n|switch|p2a: Tapu Koko|Tapu Koko|100\/100\n|-fieldstart|move: Electric Terrain|[from] ability: Electric Surge|[of] p2a: Tapu Koko\n|turn|1\n|\n|t:|1700222877\n|switch|p1a: Landorus|Landorus-Therian, M|100\/100\n|-ability|p1a: Landorus|Intimidate|boost\n|-unboost|p2a: Tapu Koko|atk|1\n|move|p2a: Tapu Koko|Volt Switch|p1a: Landorus\n|-immune|p1a: Landorus\n|\n|upkeep\n|turn|2\n|\n|t:|1700222883\n|switch|p2a: Gliscor|Gliscor, F|100\/100\n|move|p1a: Landorus|Stealth Rock|p2a: Gliscor\n|-sidestart|p2: Jude Belligol|move: Stealth Rock\n|\n|-status|p2a: Gliscor|tox|[from] item: Toxic Orb\n|upkeep\n|turn|3\n|l| Abatea\n|\n|t:|1700222895\n|move|p1a: Landorus|U-turn|p2a: Gliscor\n|-resisted|p2a: Gliscor\n|-damage|p2a: Gliscor|92\/100 tox\n|\n|t:|1700222904\n|switch|p1a: Ogerpon|Ogerpon-Wellspring, F|100\/100|[from] U-turn\n|move|p2a: Gliscor|Knock Off|p1a: Ogerpon\n|-damage|p1a: Ogerpon|82\/100\n|\n|-heal|p2a: Gliscor|100\/100 tox|[from] ability: Poison Heal\n|upkeep\n|turn|4\n|\n|t:|1700222928\n|switch|p2a: Tapu Koko|Tapu Koko|100\/100\n|-damage|p2a: Tapu Koko|88\/100|[from] Stealth Rock\n|move|p1a: Ogerpon|Ivy Cudgel|p2a: Tapu Koko|[anim] Ivy Cudgel Water\n|-damage|p2a: Tapu Koko|5\/100\n|\n|upkeep\n|turn|5\n|l|\u2606RoadPizza\n|inactive|RoadPizza disconnected and has a minute to reconnect!\n|player|p1|\n|j|\u2606RoadPizza\n|inactive|RoadPizza reconnected and has 125 seconds left.\n|player|p1|RoadPizza|gambler\n|inactive|RoadPizza has 120 seconds left.\n|\n|t:|1700222962\n|switch|p1a: Scizor|Scizor, F|100\/100\n|move|p2a: Tapu Koko|Defog|p1a: Scizor\n|-unboost|p1a: Scizor|evasion|1\n|-sideend|p2: Jude Belligol|Stealth Rock|[from] move: Defog|[of] p2a: Tapu Koko\n|-fieldend|move: Electric Terrain\n|\n|upkeep\n|turn|6\n|\n|t:|1700222967\n|switch|p2a: Gliscor|Gliscor, F|100\/100 tox\n|detailschange|p1a: Scizor|Scizor-Mega, F\n|-mega|p1a: Scizor|Scizor|Scizorite\n|move|p1a: Scizor|Bullet Punch|p2a: Gliscor\n|-damage|p2a: Gliscor|79\/100 tox\n|\n|-heal|p2a: Gliscor|91\/100 tox|[from] ability: Poison Heal\n|upkeep\n|turn|7\n|\n|t:|1700222977\n|switch|p1a: Landorus|Landorus-Therian, M|100\/100\n|-ability|p1a: Landorus|Intimidate|boost\n|-unboost|p2a: Gliscor|atk|1\n|move|p2a: Gliscor|Swords Dance|p2a: Gliscor\n|-boost|p2a: Gliscor|atk|2\n|\n|-heal|p2a: Gliscor|100\/100 tox|[from] ability: Poison Heal\n|upkeep\n|turn|8\n|\n|t:|1700222989\n|move|p1a: Landorus|Stealth Rock|p2a: Gliscor\n|-sidestart|p2: Jude Belligol|move: Stealth Rock\n|move|p2a: Gliscor|Knock Off|p1a: Landorus\n|-damage|p1a: Landorus|61\/100\n|-enditem|p1a: Landorus|Leftovers|[from] move: Knock Off|[of] p2a: Gliscor\n|\n|upkeep\n|turn|9\n|\n|t:|1700223000\n|move|p1a: Landorus|U-turn|p2a: Gliscor\n|-resisted|p2a: Gliscor\n|-damage|p2a: Gliscor|93\/100 tox\n|\n|t:|1700223010\n|switch|p1a: Scizor|Scizor-Mega, F|100\/100|[from] U-turn\n|move|p2a: Gliscor|Earthquake|p1a: Scizor\n|-damage|p1a: Scizor|64\/100\n|\n|-heal|p2a: Gliscor|100\/100 tox|[from] ability: Poison Heal\n|upkeep\n|turn|10\n|\n|t:|1700223019\n|move|p2a: Gliscor|Swords Dance|p2a: Gliscor\n|-boost|p2a: Gliscor|atk|2\n|move|p1a: Scizor|Swords Dance|p1a: Scizor\n|-boost|p1a: Scizor|atk|2\n|\n|upkeep\n|turn|11\n|\n|t:|1700223031\n|switch|p1a: Landorus|Landorus-Therian, M|61\/100\n|-ability|p1a: Landorus|Intimidate|boost\n|-unboost|p2a: Gliscor|atk|1\n|move|p2a: Gliscor|Earthquake|p1a: Landorus\n|-immune|p1a: Landorus\n|\n|upkeep\n|turn|12\n|\n|t:|1700223037\n|move|p1a: Landorus|Knock Off|p2a: Gliscor\n|-damage|p2a: Gliscor|78\/100 tox\n|-enditem|p2a: Gliscor|Toxic Orb|[from] move: Knock Off|[of] p1a: Landorus\n|move|p2a: Gliscor|Earthquake|p1a: Landorus\n|-immune|p1a: Landorus\n|\n|-heal|p2a: Gliscor|90\/100 tox|[from] ability: Poison Heal\n|upkeep\n|turn|13\n|\n|t:|1700223047\n|move|p1a: Landorus|Knock Off|p2a: Gliscor\n|-damage|p2a: Gliscor|75\/100 tox\n|move|p2a: Gliscor|Earthquake|p1a: Landorus\n|-immune|p1a: Landorus\n|\n|-heal|p2a: Gliscor|88\/100 tox|[from] ability: Poison Heal\n|upkeep\n|turn|14\n|\n|t:|1700223058\n|move|p1a: Landorus|Knock Off|p2a: Gliscor\n|-damage|p2a: Gliscor|73\/100 tox\n|move|p2a: Gliscor|Earthquake|p1a: Landorus\n|-immune|p1a: Landorus\n|\n|-heal|p2a: Gliscor|86\/100 tox|[from] ability: Poison Heal\n|upkeep\n|turn|15\n|\n|t:|1700223069\n|move|p1a: Landorus|Knock Off|p2a: Gliscor\n|-damage|p2a: Gliscor|70\/100 tox\n|move|p2a: Gliscor|Swords Dance|p2a: Gliscor\n|-boost|p2a: Gliscor|atk|2\n|\n|-heal|p2a: Gliscor|82\/100 tox|[from] ability: Poison Heal\n|upkeep\n|turn|16\n|\n|t:|1700223074\n|move|p1a: Landorus|Knock Off|p2a: Gliscor\n|-damage|p2a: Gliscor|67\/100 tox\n|move|p2a: Gliscor|Earthquake|p1a: Landorus\n|-immune|p1a: Landorus\n|\n|-heal|p2a: Gliscor|79\/100 tox|[from] ability: Poison Heal\n|upkeep\n|turn|17\n|\n|t:|1700223080\n|move|p1a: Landorus|Knock Off|p2a: Gliscor\n|-damage|p2a: Gliscor|63\/100 tox\n|move|p2a: Gliscor|Earthquake|p1a: Landorus\n|-immune|p1a: Landorus\n|\n|-heal|p2a: Gliscor|75\/100 tox|[from] ability: Poison Heal\n|upkeep\n|turn|18\n|\n|t:|1700223090\n|move|p1a: Landorus|Knock Off|p2a: Gliscor\n|-damage|p2a: Gliscor|61\/100 tox\n|move|p2a: Gliscor|Earthquake|p1a: Landorus\n|-immune|p1a: Landorus\n|\n|-heal|p2a: Gliscor|74\/100 tox|[from] ability: Poison Heal\n|upkeep\n|turn|19\n|\n|t:|1700223095\n|move|p1a: Landorus|Knock Off|p2a: Gliscor\n|-damage|p2a: Gliscor|59\/100 tox\n|move|p2a: Gliscor|Earthquake|p1a: Landorus\n|-immune|p1a: Landorus\n|\n|-heal|p2a: Gliscor|72\/100 tox|[from] ability: Poison Heal\n|upkeep\n|turn|20\n|\n|t:|1700223099\n|move|p1a: Landorus|Knock Off|p2a: Gliscor\n|-damage|p2a: Gliscor|58\/100 tox\n|move|p2a: Gliscor|Swords Dance|p2a: Gliscor\n|-boost|p2a: Gliscor|atk|2\n|\n|-heal|p2a: Gliscor|70\/100 tox|[from] ability: Poison Heal\n|upkeep\n|turn|21\n|\n|t:|1700223104\n|move|p1a: Landorus|Knock Off|p2a: Gliscor\n|-damage|p2a: Gliscor|54\/100 tox\n|move|p2a: Gliscor|Knock Off|p1a: Landorus\n|-damage|p1a: Landorus|0 fnt\n|faint|p1a: Landorus\n|\n|-heal|p2a: Gliscor|67\/100 tox|[from] ability: Poison Heal\n|upkeep\n|\n|t:|1700223109\n|switch|p1a: Ogerpon|Ogerpon-Wellspring, F|82\/100\n|turn|22\n|\n|t:|1700223113\n|switch|p2a: Tapu Koko|Tapu Koko|5\/100\n|-damage|p2a: Tapu Koko|0 fnt|[from] Stealth Rock\n|faint|p2a: Tapu Koko\n|move|p1a: Ogerpon|Ivy Cudgel|p2: Tapu Koko|[notarget]\n|-fail|p1a: Ogerpon\n|\n|upkeep\n|\n|t:|1700223129\n|switch|p2a: Iron Valiant|Iron Valiant|100\/100\n|-damage|p2a: Iron Valiant|94\/100|[from] Stealth Rock\n|turn|23\n|\n|t:|1700223134\n|switch|p1a: Glimmora|Glimmora, M|100\/100\n|move|p2a: Iron Valiant|Moonblast|p1a: Glimmora\n|-resisted|p1a: Glimmora\n|-damage|p1a: Glimmora|54\/100\n|\n|-heal|p1a: Glimmora|60\/100|[from] item: Black Sludge\n|upkeep\n|turn|24\n|\n|t:|1700223141\n|move|p2a: Iron Valiant|Moonblast|p1a: Glimmora\n|-resisted|p1a: Glimmora\n|-crit|p1a: Glimmora\n|-damage|p1a: Glimmora|0 fnt\n|faint|p1a: Glimmora\n|\n|upkeep\n|\n|t:|1700223150\n|switch|p1a: Scizor|Scizor-Mega, F|64\/100\n|turn|25\n|\n|t:|1700223154\n|-end|p2a: Iron Valiant|Quark Drive|[silent]\n|switch|p2a: Gliscor|Gliscor, F|67\/100 tox\n|-damage|p2a: Gliscor|54\/100 tox|[from] Stealth Rock\n|move|p1a: Scizor|Roost|p1a: Scizor\n|-heal|p1a: Scizor|100\/100\n|-singleturn|p1a: Scizor|move: Roost\n|\n|-heal|p2a: Gliscor|67\/100 tox|[from] ability: Poison Heal\n|upkeep\n|turn|26\n|\n|t:|1700223157\n|switch|p1a: Ogerpon|Ogerpon-Wellspring, F|82\/100\n|move|p2a: Gliscor|Roost|p2a: Gliscor\n|-heal|p2a: Gliscor|100\/100 tox\n|-singleturn|p2a: Gliscor|move: Roost\n|\n|upkeep\n|turn|27\n|\n|t:|1700223164\n|switch|p2a: Iron Thorns|Iron Thorns|100\/100\n|-damage|p2a: Iron Thorns|88\/100|[from] Stealth Rock\n|move|p1a: Ogerpon|Ivy Cudgel|p2a: Iron Thorns|[anim] Ivy Cudgel Water\n|-supereffective|p2a: Iron Thorns\n|-damage|p2a: Iron Thorns|0 fnt\n|faint|p2a: Iron Thorns\n|-end|p2a: Iron Thorns|Quark Drive|[silent]\n|\n|upkeep\n|\n|t:|1700223174\n|switch|p2a: Iron Valiant|Iron Valiant|94\/100\n|-damage|p2a: Iron Valiant|88\/100|[from] Stealth Rock\n|turn|28\n|\n|t:|1700223186\n|switch|p1a: Scizor|Scizor-Mega, F|100\/100\n|move|p2a: Iron Valiant|Thunderbolt|p1a: Scizor\n|-damage|p1a: Scizor|66\/100\n|\n|upkeep\n|turn|29\n|\n|t:|1700223193\n|move|p1a: Scizor|Bullet Punch|p2a: Iron Valiant\n|-supereffective|p2a: Iron Valiant\n|-damage|p2a: Iron Valiant|15\/100\n|move|p2a: Iron Valiant|Thunderbolt|p1a: Scizor\n|-damage|p1a: Scizor|32\/100\n|\n|upkeep\n|turn|30\n|\n|t:|1700223199\n|-end|p2a: Iron Valiant|Quark Drive|[silent]\n|switch|p2a: Gliscor|Gliscor, F|100\/100 tox\n|-damage|p2a: Gliscor|88\/100 tox|[from] Stealth Rock\n|move|p1a: Scizor|Bullet Punch|p2a: Gliscor\n|-damage|p2a: Gliscor|68\/100 tox\n|\n|-heal|p2a: Gliscor|81\/100 tox|[from] ability: Poison Heal\n|upkeep\n|turn|31\n|\n|t:|1700223211\n|switch|p1a: Ogerpon|Ogerpon-Wellspring, F|82\/100\n|move|p2a: Gliscor|Swords Dance|p2a: Gliscor\n|-boost|p2a: Gliscor|atk|2\n|\n|-heal|p2a: Gliscor|93\/100 tox|[from] ability: Poison Heal\n|upkeep\n|turn|32\n|\n|t:|1700223221\n|switch|p2a: Iron Valiant|Iron Valiant|15\/100\n|-damage|p2a: Iron Valiant|8\/100|[from] Stealth Rock\n|move|p1a: Ogerpon|Ivy Cudgel|p2a: Iron Valiant|[anim] Ivy Cudgel Water\n|-damage|p2a: Iron Valiant|0 fnt\n|faint|p2a: Iron Valiant\n|-end|p2a: Iron Valiant|Quark Drive|[silent]\n|\n|upkeep\n|\n|t:|1700223228\n|switch|p2a: Sneasler|Sneasler, F|100\/100\n|-damage|p2a: Sneasler|95\/100|[from] Stealth Rock\n|turn|33\n|\n|t:|1700223241\n|switch|p1a: Scizor|Scizor-Mega, F|32\/100\n|move|p2a: Sneasler|Swords Dance|p2a: Sneasler\n|-boost|p2a: Sneasler|atk|2\n|\n|upkeep\n|turn|34\n|\n|t:|1700223249\n|move|p1a: Scizor|Bullet Punch|p2a: Sneasler\n|-damage|p2a: Sneasler|46\/100\n|move|p2a: Sneasler|Close Combat|p1a: Scizor\n|-damage|p1a: Scizor|0 fnt\n|-unboost|p2a: Sneasler|def|1\n|-unboost|p2a: Sneasler|spd|1\n|faint|p1a: Scizor\n|\n|upkeep\n|\n|t:|1700223259\n|switch|p1a: Hatterene|Hatterene, F|100\/100\n|turn|35\n|\n|t:|1700223263\n|-terastallize|p1a: Hatterene|Steel\n|move|p2a: Sneasler|Dire Claw|p1a: Hatterene\n|-immune|p1a: Hatterene\n|move|p1a: Hatterene|Psyshock|p2a: Sneasler\n|-supereffective|p2a: Sneasler\n|-damage|p2a: Sneasler|0 fnt\n|faint|p2a: Sneasler\n|\n|upkeep\n|\n|t:|1700223267\n|switch|p2a: Gliscor|Gliscor, F|93\/100 tox\n|-damage|p2a: Gliscor|81\/100 tox|[from] Stealth Rock\n|turn|36\n|\n|t:|1700223281\n|switch|p2a: Banette|Banette, F, shiny|100\/100\n|-damage|p2a: Banette|88\/100|[from] Stealth Rock\n|switch|p1a: Ogerpon|Ogerpon-Wellspring, F|82\/100\n|\n|upkeep\n|turn|37\n|\n|t:|1700223285\n|detailschange|p2a: Banette|Banette-Mega, F, shiny\n|-mega|p2a: Banette|Banette|Banettite\n|move|p2a: Banette|Destiny Bond|p2a: Banette\n|-singlemove|p2a: Banette|Destiny Bond\n|move|p1a: Ogerpon|U-turn|p2a: Banette\n|-resisted|p2a: Banette\n|-damage|p2a: Banette|68\/100\n|\n|t:|1700223294\n|switch|p1a: Typhlosion|Typhlosion, M|100\/100|[from] U-turn\n|\n|upkeep\n|turn|38\n|\n|t:|1700223298\n|move|p1a: Typhlosion|Eruption|p2a: Banette\n|-damage|p2a: Banette|0 fnt\n|faint|p2a: Banette\n|-activate|p2a: Banette|move: Destiny Bond\n|faint|p1a: Typhlosion\n|\n|upkeep\n|\n|t:|1700223313\n|switch|p1a: Ogerpon|Ogerpon-Wellspring, F|82\/100\n|switch|p2a: Gliscor|Gliscor, F|81\/100 tox\n|-damage|p2a: Gliscor|68\/100 tox|[from] Stealth Rock\n|turn|39\n|\n|t:|1700223320\n|-terastallize|p2a: Gliscor|Water\n|move|p1a: Ogerpon|Ivy Cudgel|p2a: Gliscor|[anim] Ivy Cudgel Water\n|-resisted|p2a: Gliscor\n|-damage|p2a: Gliscor|48\/100 tox\n|move|p2a: Gliscor|Roost|p2a: Gliscor\n|-heal|p2a: Gliscor|98\/100 tox\n|\n|-heal|p2a: Gliscor|100\/100 tox|[from] ability: Poison Heal\n|upkeep\n|turn|40\n|\n|t:|1700223327\n|move|p1a: Ogerpon|Horn Leech|p2a: Gliscor\n|-supereffective|p2a: Gliscor\n|-damage|p2a: Gliscor|38\/100 tox\n|-heal|p1a: Ogerpon|100\/100|[from] drain|[of] p2a: Gliscor\n|move|p2a: Gliscor|Swords Dance|p2a: Gliscor\n|-boost|p2a: Gliscor|atk|2\n|\n|-heal|p2a: Gliscor|50\/100 tox|[from] ability: Poison Heal\n|upkeep\n|turn|41\n|\n|t:|1700223333\n|move|p1a: Ogerpon|Horn Leech|p2a: Gliscor\n|-supereffective|p2a: Gliscor\n|-damage|p2a: Gliscor|0 fnt\n|faint|p2a: Gliscor\n|\n|win|RoadPizza\n|raw|RoadPizza's rating: 1160 &rarr; <strong>1182<\/strong><br \/>(+22 for winning)\n|raw|Jude Belligol's rating: 1112 &rarr; <strong>1090<\/strong><br \/>(-22 for losing)\n|l|\u2606Jude Belligol\n","uploadtime":1700223338,"views":13,"p1id":"roadpizza","p2id":"judebelligol","formatid":"gen9nationaldex","rating":1090,"private":0,"password":""}