{"id":"gen9nationaldex-1991602765","p1":"jewzzcluezz","p2":"Chili D Dewd","format":"[Gen 9] National Dex","log":"|j|\u2606jewzzcluezz\n|j|\u2606Chili D Dewd\n|t:|1700093073\n|gametype|singles\n|player|p1|jewzzcluezz|giovanni|1735\n|player|p2|Chili D Dewd|flint|1614\n|teamsize|p1|6\n|teamsize|p2|6\n|gen|9\n|tier|[Gen 9] National Dex\n|rated|\n|rule|HP Percentage Mod: HP is shown in percentages\n|rule|Endless Battle Clause: Forcing endless battles is banned\n|rule|OHKO Clause: OHKO moves are banned\n|rule|Evasion Clause: Evasion abilities, items, and moves are banned\n|rule|Evasion Abilities Clause: Evasion abilities are banned\n|rule|Evasion Items Clause: Evasion items are banned\n|rule|Evasion Moves Clause: Evasion moves are banned\n|rule|Species Clause: Limit one of each Pok\u00e9mon\n|rule|Sleep Clause Mod: Limit one foe put to sleep\n|clearpoke\n|poke|p1|Zoroark-Hisui, M|\n|poke|p1|Corviknight, M|\n|poke|p1|Samurott-Hisui, M|\n|poke|p1|Slowking-Galar, M|\n|poke|p1|Beedrill, M|\n|poke|p1|Diggersby, M|\n|poke|p2|Scovillain, M|\n|poke|p2|Torkoal, M|\n|poke|p2|Great Tusk|\n|poke|p2|Houndoom, F|\n|poke|p2|Tapu Lele|\n|poke|p2|Rotom-Wash|\n|teampreview\n|inactive|Battle timer is ON: inactive players will automatically lose when time's up. (requested by Chili D Dewd)\n|\n|t:|1700093100\n|start\n|switch|p1a: Diggersby|Diggersby, M, shiny|100\/100\n|switch|p2a: Rotom|Rotom-Wash|100\/100\n|turn|1\n|\n|t:|1700093107\n|move|p1a: Diggersby|U-turn|p2a: Rotom\n|-damage|p2a: Rotom|51\/100\n|\n|t:|1700093110\n|switch|p1a: Slowking|Slowking-Galar, M, shiny|100\/100|[from] U-turn\n|move|p2a: Rotom|Hydro Pump|p1a: Slowking\n|-damage|p1a: Slowking|67\/100\n|\n|-heal|p2a: Rotom|57\/100|[from] item: Leftovers\n|upkeep\n|turn|2\n|\n|t:|1700093118\n|move|p2a: Rotom|Defog|p1a: Slowking\n|-unboost|p1a: Slowking|evasion|1\n|move|p1a: Slowking|Future Sight|p2a: Rotom\n|-start|p1a: Slowking|move: Future Sight\n|\n|-heal|p2a: Rotom|63\/100|[from] item: Leftovers\n|upkeep\n|turn|3\n|\n|t:|1700093125\n|move|p2a: Rotom|Volt Switch|p1a: Slowking\n|-damage|p1a: Slowking|46\/100\n|\n|t:|1700093127\n|switch|p2a: Torkoal|Torkoal, M|100\/100|[from] Volt Switch\n|-weather|SunnyDay|[from] ability: Drought|[of] p2a: Torkoal\n|move|p1a: Slowking|Chilly Reception|p1a: Slowking\n|-weather|Snow\n|\n|t:|1700093134\n|switch|p1a: Diggersby|Diggersby, M, shiny|100\/100|[from] Chilly Reception\n|\n|-weather|Snow|[upkeep]\n|upkeep\n|turn|4\n|\n|t:|1700093140\n|switch|p2a: Great Tusk|Great Tusk|100\/100\n|move|p1a: Diggersby|Earthquake|p2a: Great Tusk\n|-damage|p2a: Great Tusk|32\/100\n|\n|-weather|Snow|[upkeep]\n|-end|p2a: Great Tusk|move: Future Sight\n|-supereffective|p2a: Great Tusk\n|-crit|p2a: Great Tusk\n|-damage|p2a: Great Tusk|0 fnt\n|faint|p2a: Great Tusk\n|-end|p2a: Great Tusk|Protosynthesis|[silent]\n|upkeep\n|\n|t:|1700093144\n|switch|p2a: Torkoal|Torkoal, M|100\/100\n|-weather|SunnyDay|[from] ability: Drought|[of] p2a: Torkoal\n|turn|5\n|\n|t:|1700093152\n|switch|p2a: Rotom|Rotom-Wash|63\/100\n|move|p1a: Diggersby|Earthquake|p2a: Rotom\n|-immune|p2a: Rotom|[from] ability: Levitate\n|\n|-weather|SunnyDay|[upkeep]\n|-heal|p2a: Rotom|68\/100|[from] item: Leftovers\n|upkeep\n|turn|6\n|\n|t:|1700093161\n|switch|p1a: Slowking|Slowking-Galar, M, shiny|79\/100\n|move|p2a: Rotom|Volt Switch|p1a: Slowking\n|-damage|p1a: Slowking|61\/100\n|\n|t:|1700093164\n|switch|p2a: Houndoom|Houndoom, F|100\/100|[from] Volt Switch\n|\n|-weather|SunnyDay|[upkeep]\n|upkeep\n|turn|7\n|\n|t:|1700093174\n|detailschange|p2a: Houndoom|Houndoom-Mega, F\n|-mega|p2a: Houndoom|Houndoom|Houndoominite\n|move|p2a: Houndoom|Dark Pulse|p1a: Slowking\n|-supereffective|p1a: Slowking\n|-damage|p1a: Slowking|0 fnt\n|faint|p1a: Slowking\n|\n|-weather|SunnyDay|[upkeep]\n|-damage|p2a: Houndoom|88\/100|[from] ability: Solar Power|[of] p2a: Houndoom\n|upkeep\n|\n|t:|1700093185\n|switch|p1a: Beedrill|Beedrill, M, shiny|100\/100\n|turn|8\n|\n|t:|1700093191\n|switch|p2a: Rotom|Rotom-Wash|68\/100\n|detailschange|p1a: Beedrill|Beedrill-Mega, M, shiny\n|-mega|p1a: Beedrill|Beedrill|Beedrillite\n|move|p1a: Beedrill|U-turn|p2a: Rotom\n|-damage|p2a: Rotom|9\/100\n|\n|t:|1700093198\n|switch|p1a: Samurott|Samurott-Hisui, M|100\/100|[from] U-turn\n|\n|-weather|SunnyDay|[upkeep]\n|-heal|p2a: Rotom|15\/100|[from] item: Leftovers\n|upkeep\n|turn|9\n|\n|t:|1700093204\n|switch|p2a: Houndoom|Houndoom-Mega, F|88\/100\n|move|p1a: Samurott|Ceaseless Edge|p2a: Houndoom\n|-resisted|p2a: Houndoom\n|-damage|p2a: Houndoom|55\/100\n|-sidestart|p2: Chili D Dewd|Spikes\n|\n|-weather|SunnyDay|[upkeep]\n|-damage|p2a: Houndoom|43\/100|[from] ability: Solar Power|[of] p2a: Houndoom\n|upkeep\n|turn|10\n|j| ndtester2\n|\n|t:|1700093217\n|move|p2a: Houndoom|Flame Charge|p1a: Samurott\n|-resisted|p1a: Samurott\n|-damage|p1a: Samurott|85\/100\n|-boost|p2a: Houndoom|spe|1\n|move|p1a: Samurott|Sacred Sword|p2a: Houndoom\n|-supereffective|p2a: Houndoom\n|-damage|p2a: Houndoom|0 fnt\n|faint|p2a: Houndoom\n|\n|-weather|SunnyDay|[upkeep]\n|upkeep\n|\n|t:|1700093220\n|switch|p2a: Scovillain|Scovillain, M|100\/100\n|-damage|p2a: Scovillain|88\/100|[from] Spikes\n|turn|11\n|\n|t:|1700093232\n|move|p2a: Scovillain|Giga Drain|p1a: Samurott\n|-supereffective|p1a: Samurott\n|-damage|p1a: Samurott|0 fnt\n|-heal|p2a: Scovillain|100\/100|[from] drain|[of] p1a: Samurott\n|faint|p1a: Samurott\n|-damage|p2a: Scovillain|91\/100|[from] item: Life Orb\n|\n|-weather|SunnyDay|[upkeep]\n|upkeep\n|\n|t:|1700093242\n|switch|p1a: Diggersby|Diggersby, M, shiny|100\/100\n|turn|12\n|\n|t:|1700093248\n|switch|p2a: Rotom|Rotom-Wash|15\/100\n|-terastallize|p1a: Diggersby|Normal\n|move|p1a: Diggersby|Frustration|p2a: Rotom\n|-damage|p2a: Rotom|0 fnt\n|faint|p2a: Rotom\n|\n|-weather|none\n|upkeep\n|\n|t:|1700093253\n|switch|p2a: Torkoal|Torkoal, M|100\/100\n|-damage|p2a: Torkoal|88\/100|[from] Spikes\n|-weather|SunnyDay|[from] ability: Drought|[of] p2a: Torkoal\n|turn|13\n|\n|t:|1700093260\n|move|p1a: Diggersby|Frustration|p2a: Torkoal\n|-damage|p2a: Torkoal|8\/100\n|move|p2a: Torkoal|Body Press|p1a: Diggersby\n|-supereffective|p1a: Diggersby\n|-crit|p1a: Diggersby\n|-damage|p1a: Diggersby|0 fnt\n|faint|p1a: Diggersby\n|\n|-weather|SunnyDay|[upkeep]\n|upkeep\n|\n|t:|1700093270\n|switch|p1a: Beedrill|Beedrill-Mega, M, shiny|100\/100\n|turn|14\n|\n|t:|1700093273\n|switch|p2a: Tapu Lele|Tapu Lele|100\/100\n|-damage|p2a: Tapu Lele|88\/100|[from] Spikes\n|-fieldstart|move: Psychic Terrain|[from] ability: Psychic Surge|[of] p2a: Tapu Lele\n|move|p1a: Beedrill|Fell Stinger|p2a: Tapu Lele\n|-damage|p2a: Tapu Lele|31\/100\n|\n|-weather|SunnyDay|[upkeep]\n|upkeep\n|turn|15\n|\n|t:|1700093283\n|switch|p1a: Beedrill|Beedrill-Mega, M, shiny|100\/100\n|move|p2a: Tapu Lele|Hidden Power|p1a: Beedrill\n|-damage|p1a: Beedrill|41\/100\n|replace|p1a: Zoroark|Zoroark-Hisui, M\n|-end|p1a: Zoroark|Illusion\n|\n|-weather|SunnyDay|[upkeep]\n|upkeep\n|turn|16\n|\n|t:|1700093291\n|move|p2a: Tapu Lele|Hidden Power|p1a: Zoroark\n|-damage|p1a: Zoroark|0 fnt\n|faint|p1a: Zoroark\n|\n|-weather|SunnyDay|[upkeep]\n|upkeep\n|\n|t:|1700093295\n|switch|p1a: Corviknight|Corviknight, M, shiny|100\/100\n|-ability|p1a: Corviknight|Pressure\n|turn|17\n|\n|t:|1700093300\n|move|p2a: Tapu Lele|Hidden Power|p1a: Corviknight\n|-supereffective|p1a: Corviknight\n|-damage|p1a: Corviknight|41\/100\n|move|p1a: Corviknight|Brave Bird|p2a: Tapu Lele\n|-damage|p2a: Tapu Lele|0 fnt\n|faint|p2a: Tapu Lele\n|-damage|p1a: Corviknight|34\/100|[from] Recoil\n|\n|-weather|SunnyDay|[upkeep]\n|upkeep\n|\n|t:|1700093302\n|switch|p2a: Scovillain|Scovillain, M|91\/100\n|-damage|p2a: Scovillain|78\/100|[from] Spikes\n|turn|18\n|\n|t:|1700093312\n|move|p2a: Scovillain|Fire Blast|p1a: Corviknight\n|-supereffective|p1a: Corviknight\n|-damage|p1a: Corviknight|0 fnt\n|faint|p1a: Corviknight\n|-damage|p2a: Scovillain|68\/100|[from] item: Life Orb\n|\n|-weather|SunnyDay|[upkeep]\n|-fieldend|move: Psychic Terrain\n|upkeep\n|\n|t:|1700093318\n|switch|p1a: Beedrill|Beedrill-Mega, M, shiny|100\/100\n|turn|19\n|\n|t:|1700093322\n|-terastallize|p2a: Scovillain|Fire\n|move|p2a: Scovillain|Fire Blast|p1a: Beedrill\n|-supereffective|p1a: Beedrill\n|-damage|p1a: Beedrill|0 fnt\n|faint|p1a: Beedrill\n|-damage|p2a: Scovillain|58\/100|[from] item: Life Orb\n|\n|win|Chili D Dewd\n|raw|jewzzcluezz's rating: 1735 &rarr; <strong>1708<\/strong><br \/>(-27 for losing)\n|raw|Chili D Dewd's rating: 1614 &rarr; <strong>1641<\/strong><br \/>(+27 for winning)\n|l|\u2606jewzzcluezz\n","uploadtime":1700093336,"views":9,"p1id":"jewzzcluezz","p2id":"chiliddewd","formatid":"gen9nationaldex","rating":1641,"private":0,"password":""}