{"id":"gen9nationaldex-1992597720","p1":"troubler","p2":"Tokiwakano","format":"[Gen 9] National Dex","log":"|j|\u2606troubler\n|j|\u203dTokiwakano\n|t:|1700212269\n|gametype|singles\n|player|p1|troubler|266|1445\n|player|p2|Tokiwakano|caitlin|1670\n|teamsize|p1|6\n|teamsize|p2|6\n|gen|9\n|tier|[Gen 9] National Dex\n|rated|\n|rule|HP Percentage Mod: HP is shown in percentages\n|rule|Endless Battle Clause: Forcing endless battles is banned\n|rule|OHKO Clause: OHKO moves are banned\n|rule|Evasion Clause: Evasion abilities, items, and moves are banned\n|rule|Evasion Abilities Clause: Evasion abilities are banned\n|rule|Evasion Items Clause: Evasion items are banned\n|rule|Evasion Moves Clause: Evasion moves are banned\n|rule|Species Clause: Limit one of each Pok\u00e9mon\n|rule|Sleep Clause Mod: Limit one foe put to sleep\n|clearpoke\n|poke|p1|Moltres|\n|poke|p1|Landorus-Therian, M|\n|poke|p1|Slowking-Galar, F|\n|poke|p1|Hoopa-Unbound|\n|poke|p1|Lopunny, F|\n|poke|p1|Urshifu-*, F|\n|poke|p2|Diancie|\n|poke|p2|Clodsire, F|\n|poke|p2|Urshifu-*, M|\n|poke|p2|Corviknight, M|\n|poke|p2|Ogerpon-Wellspring, F|\n|poke|p2|Heatran, M|\n|teampreview\n|inactive|Battle timer is ON: inactive players will automatically lose when time's up. (requested by troubler)\n|\n|t:|1700212292\n|start\n|switch|p1a: Landorus|Landorus-Therian, M|100\/100\n|switch|p2a: Urshifu|Urshifu-Rapid-Strike, M|100\/100\n|-ability|p1a: Landorus|Intimidate|boost\n|-unboost|p2a: Urshifu|atk|1\n|turn|1\n|\n|t:|1700212300\n|-terastallize|p1a: Landorus|Water\n|move|p2a: Urshifu|Surging Strikes|p1a: Landorus\n|-resisted|p1a: Landorus\n|-crit|p1a: Landorus\n|-damage|p1a: Landorus|93\/100\n|-resisted|p1a: Landorus\n|-crit|p1a: Landorus\n|-damage|p1a: Landorus|86\/100\n|-resisted|p1a: Landorus\n|-crit|p1a: Landorus\n|-damage|p1a: Landorus|79\/100\n|-hitcount|p1a: Landorus|3\n|move|p1a: Landorus|Earthquake|p2a: Urshifu\n|-damage|p2a: Urshifu|49\/100\n|\n|-heal|p1a: Landorus|85\/100|[from] item: Leftovers\n|upkeep\n|turn|2\n|\n|t:|1700212316\n|switch|p2a: Corviknight|Corviknight, M|100\/100\n|-ability|p2a: Corviknight|Pressure\n|move|p1a: Landorus|U-turn|p2a: Corviknight\n|-resisted|p2a: Corviknight\n|-damage|p2a: Corviknight|97\/100\n|-damage|p1a: Landorus|68\/100|[from] item: Rocky Helmet|[of] p2a: Corviknight\n|\n|t:|1700212322\n|switch|p1a: Moltres|Moltres|100\/100|[from] U-turn\n|\n|upkeep\n|turn|3\n|\n|t:|1700212339\n|switch|p1a: Hoopa|Hoopa-Unbound|100\/100\n|switch|p2a: Heatran|Heatran, M|100\/100\n|-item|p2a: Heatran|Air Balloon\n|\n|upkeep\n|turn|4\n|\n|t:|1700212345\n|switch|p2a: Diancie|Diancie|100\/100\n|move|p1a: Hoopa|Hyperspace Fury|p2a: Diancie\n|-resisted|p2a: Diancie\n|-damage|p2a: Diancie|49\/100\n|-unboost|p1a: Hoopa|def|1\n|\n|upkeep\n|turn|5\n|\n|t:|1700212356\n|switch|p1a: Slowking|Slowking-Galar, F|100\/100\n|detailschange|p2a: Diancie|Diancie-Mega\n|-mega|p2a: Diancie|Diancie|Diancite\n|move|p2a: Diancie|Diamond Storm|p1a: Slowking\n|-damage|p1a: Slowking|45\/100\n|-boost|p2a: Diancie|def|2\n|\n|upkeep\n|turn|6\n|\n|t:|1700212381\n|switch|p1a: Landorus|Landorus-Therian, M, tera:Water|68\/100\n|-ability|p1a: Landorus|Intimidate|boost\n|-unboost|p2a: Diancie|atk|1\n|move|p2a: Diancie|Diamond Storm|p1a: Landorus\n|-damage|p1a: Landorus|43\/100\n|-boost|p2a: Diancie|def|2\n|\n|-heal|p1a: Landorus|49\/100|[from] item: Leftovers\n|upkeep\n|turn|7\n|\n|t:|1700212394\n|move|p2a: Diancie|Moonblast|p1a: Landorus\n|-damage|p1a: Landorus|0 fnt\n|faint|p1a: Landorus\n|\n|upkeep\n|\n|t:|1700212400\n|switch|p1a: Urshifu|Urshifu-Rapid-Strike, F|100\/100\n|turn|8\n|inactive|troubler has 120 seconds left.\n|l|\u2606troubler\n|inactive|troubler disconnected and has a minute to reconnect!\n|player|p1|\n|j|\u2606troubler\n|inactive|troubler reconnected and has 90 seconds left.\n|player|p1|troubler|266\n|\n|t:|1700212451\n|switch|p2a: Corviknight|Corviknight, M|97\/100\n|-ability|p2a: Corviknight|Pressure\n|move|p1a: Urshifu|Surging Strikes|p2a: Corviknight\n|-crit|p2a: Corviknight\n|-damage|p2a: Corviknight|84\/100\n|-damage|p1a: Urshifu|84\/100|[from] item: Rocky Helmet|[of] p2a: Corviknight\n|-crit|p2a: Corviknight\n|-damage|p2a: Corviknight|72\/100\n|-damage|p1a: Urshifu|68\/100|[from] item: Rocky Helmet|[of] p2a: Corviknight\n|-crit|p2a: Corviknight\n|-damage|p2a: Corviknight|59\/100\n|-damage|p1a: Urshifu|51\/100|[from] item: Rocky Helmet|[of] p2a: Corviknight\n|-hitcount|p2a: Corviknight|3\n|\n|upkeep\n|turn|9\n|inactive|troubler has 90 seconds left.\n|\n|t:|1700212462\n|switch|p1a: Moltres|Moltres|100\/100\n|move|p2a: Corviknight|U-turn|p1a: Moltres\n|-resisted|p1a: Moltres\n|-damage|p1a: Moltres|98\/100\n|\n|t:|1700212467\n|switch|p2a: Diancie|Diancie-Mega|49\/100|[from] U-turn\n|\n|upkeep\n|turn|10\n|inactive|troubler has 90 seconds left.\n|\n|t:|1700212495\n|move|p2a: Diancie|Diamond Storm|p1a: Moltres\n|-supereffective|p1a: Moltres\n|-damage|p1a: Moltres|0 fnt\n|faint|p1a: Moltres\n|\n|upkeep\n|\n|t:|1700212499\n|switch|p1a: Lopunny|Lopunny, F, shiny|100\/100\n|turn|11\n|\n|t:|1700212521\n|switch|p2a: Urshifu|Urshifu-Rapid-Strike, M|49\/100\n|detailschange|p1a: Lopunny|Lopunny-Mega, F, shiny\n|-mega|p1a: Lopunny|Lopunny|Lopunnite\n|move|p1a: Lopunny|Fake Out|p2a: Urshifu\n|-damage|p2a: Urshifu|27\/100\n|\n|upkeep\n|turn|12\n|\n|t:|1700212532\n|switch|p1a: Slowking|Slowking-Galar, F|78\/100\n|move|p2a: Urshifu|U-turn|p1a: Slowking\n|-damage|p1a: Slowking|51\/100\n|\n|t:|1700212538\n|switch|p2a: Diancie|Diancie-Mega|49\/100|[from] U-turn\n|\n|upkeep\n|turn|13\n|inactive|troubler has 90 seconds left.\n|\n|t:|1700212544\n|move|p2a: Diancie|Earth Power|p1a: Slowking\n|-supereffective|p1a: Slowking\n|-damage|p1a: Slowking|7\/100\n|move|p1a: Slowking|Chilly Reception|p1a: Slowking\n|-weather|Snow\n|inactive|troubler has 90 seconds left.\n|\n|t:|1700212550\n|switch|p1a: Lopunny|Lopunny-Mega, F, shiny|100\/100|[from] Chilly Reception\n|\n|-weather|Snow|[upkeep]\n|upkeep\n|turn|14\n|\n|t:|1700212559\n|switch|p2a: Clodsire|Clodsire, F|100\/100\n|move|p1a: Lopunny|Close Combat|p2a: Clodsire\n|-resisted|p2a: Clodsire\n|-damage|p2a: Clodsire|66\/100\n|-unboost|p1a: Lopunny|def|1\n|-unboost|p1a: Lopunny|spd|1\n|\n|-weather|Snow|[upkeep]\n|upkeep\n|turn|15\n|inactive|troubler has 90 seconds left.\n|\n|t:|1700212585\n|move|p1a: Lopunny|Frustration|p2a: Clodsire\n|-damage|p2a: Clodsire|2\/100\n|move|p2a: Clodsire|Earthquake|p1a: Lopunny\n|-damage|p1a: Lopunny|63\/100\n|\n|-weather|Snow|[upkeep]\n|upkeep\n|turn|16\n|\n|t:|1700212593\n|move|p1a: Lopunny|U-turn|p2a: Clodsire\n|-resisted|p2a: Clodsire\n|-damage|p2a: Clodsire|0 fnt\n|faint|p2a: Clodsire\n|\n|t:|1700212599\n|switch|p1a: Urshifu|Urshifu-Rapid-Strike, F|51\/100|[from] U-turn\n|\n|-weather|Snow|[upkeep]\n|upkeep\n|\n|t:|1700212608\n|switch|p2a: Corviknight|Corviknight, M|59\/100\n|-ability|p2a: Corviknight|Pressure\n|turn|17\n|\n|t:|1700212613\n|move|p1a: Urshifu|Close Combat|p2a: Corviknight\n|-damage|p2a: Corviknight|21\/100\n|-unboost|p1a: Urshifu|def|1\n|-unboost|p1a: Urshifu|spd|1\n|-damage|p1a: Urshifu|35\/100|[from] item: Rocky Helmet|[of] p2a: Corviknight\n|move|p2a: Corviknight|Roost|p2a: Corviknight\n|-heal|p2a: Corviknight|71\/100\n|-singleturn|p2a: Corviknight|move: Roost\n|\n|-weather|none\n|upkeep\n|turn|18\n|\n|t:|1700212629\n|switch|p1a: Slowking|Slowking-Galar, F|40\/100\n|move|p2a: Corviknight|Roost|p2a: Corviknight\n|-heal|p2a: Corviknight|100\/100\n|-singleturn|p2a: Corviknight|move: Roost\n|\n|upkeep\n|turn|19\n|\n|t:|1700212635\n|move|p2a: Corviknight|U-turn|p1a: Slowking\n|-damage|p1a: Slowking|26\/100\n|\n|t:|1700212639\n|switch|p2a: Diancie|Diancie-Mega|49\/100|[from] U-turn\n|move|p1a: Slowking|Future Sight|p2a: Diancie\n|-start|p1a: Slowking|move: Future Sight\n|\n|upkeep\n|turn|20\n|inactive|troubler has 120 seconds left.\n|\n|t:|1700212650\n|move|p2a: Diancie|Earth Power|p1a: Slowking\n|-supereffective|p1a: Slowking\n|-damage|p1a: Slowking|0 fnt\n|faint|p1a: Slowking\n|\n|upkeep\n|\n|t:|1700212664\n|switch|p1a: Lopunny|Lopunny-Mega, F, shiny|63\/100\n|turn|21\n|\n|t:|1700212667\n|move|p1a: Lopunny|Close Combat|p2a: Diancie\n|-damage|p2a: Diancie|0 fnt\n|-unboost|p1a: Lopunny|def|1\n|-unboost|p1a: Lopunny|spd|1\n|faint|p2a: Diancie\n|\n|-hint|Future Sight did not hit because the target is fainted.\n|upkeep\n|\n|t:|1700212673\n|switch|p2a: Urshifu|Urshifu-Rapid-Strike, M|27\/100\n|turn|22\n|inactive|troubler has 120 seconds left.\n|\n|t:|1700212705\n|move|p2a: Urshifu|Close Combat|p1a: Lopunny\n|-supereffective|p1a: Lopunny\n|-damage|p1a: Lopunny|0 fnt\n|-unboost|p2a: Urshifu|def|1\n|-unboost|p2a: Urshifu|spd|1\n|faint|p1a: Lopunny\n|\n|upkeep\n|\n|t:|1700212708\n|switch|p1a: Urshifu|Urshifu-Rapid-Strike, F|35\/100\n|turn|23\n|\n|t:|1700212713\n|move|p2a: Urshifu|Close Combat|p1a: Urshifu\n|-damage|p1a: Urshifu|0 fnt\n|-unboost|p2a: Urshifu|def|1\n|-unboost|p2a: Urshifu|spd|1\n|faint|p1a: Urshifu\n|\n|upkeep\n|inactive|troubler has 120 seconds left.\n|-message|troubler forfeited.\n|\n|win|Tokiwakano\n|raw|troubler's rating: 1445 &rarr; <strong>1436<\/strong><br \/>(-9 for losing)\n|raw|Tokiwakano's rating: 1670 &rarr; <strong>1679<\/strong><br \/>(+9 for winning)\n|l|\u2606troubler\n","uploadtime":1700212723,"views":4,"p1id":"troubler","p2id":"tokiwakano","formatid":"gen9nationaldex","rating":1436,"private":0,"password":""}