{"id":"gen9nationaldex-1993441579","p1":"shfeha","p2":"ninjatime678","format":"[Gen 9] National Dex","log":"|j|\u2606shfeha\n|j|\u2606ninjatime678\n|t:|1700318346\n|gametype|singles\n|player|p1|shfeha|cyclist|1168\n|player|p2|ninjatime678|265|1232\n|teamsize|p1|6\n|teamsize|p2|6\n|gen|9\n|tier|[Gen 9] National Dex\n|rated|\n|rule|HP Percentage Mod: HP is shown in percentages\n|rule|Endless Battle Clause: Forcing endless battles is banned\n|rule|OHKO Clause: OHKO moves are banned\n|rule|Evasion Clause: Evasion abilities, items, and moves are banned\n|rule|Evasion Abilities Clause: Evasion abilities are banned\n|rule|Evasion Items Clause: Evasion items are banned\n|rule|Evasion Moves Clause: Evasion moves are banned\n|rule|Species Clause: Limit one of each Pok\u00e9mon\n|rule|Sleep Clause Mod: Limit one foe put to sleep\n|clearpoke\n|poke|p1|Greninja-*, M|\n|poke|p1|Scizor, M|\n|poke|p1|Skeledirge, M|\n|poke|p1|Ting-Lu|\n|poke|p1|Corviknight, M|\n|poke|p1|Clodsire, F|\n|poke|p2|Samurott, M|\n|poke|p2|Sigilyph, F|\n|poke|p2|Volcarona, F|\n|poke|p2|Krookodile, M|\n|poke|p2|Haxorus, M|\n|poke|p2|Eelektross, M|\n|teampreview\n|inactive|Battle timer is ON: inactive players will automatically lose when time's up. (requested by shfeha)\n|\n|t:|1700318353\n|start\n|switch|p1a: Clodsire|Clodsire, F, shiny|100\/100\n|switch|p2a: Samurott|Samurott, M|100\/100\n|turn|1\n|\n|t:|1700318359\n|move|p2a: Samurott|Drill Run|p1a: Clodsire\n|-supereffective|p1a: Clodsire\n|-damage|p1a: Clodsire|44\/100\n|move|p1a: Clodsire|Toxic|p2a: Samurott\n|-status|p2a: Samurott|tox\n|\n|-heal|p1a: Clodsire|50\/100|[from] item: Black Sludge\n|-damage|p2a: Samurott|94\/100 tox|[from] psn\n|upkeep\n|turn|2\n|\n|t:|1700318363\n|switch|p1a: Corviknight|Corviknight, M, shiny|100\/100\n|move|p2a: Samurott|Drill Run|p1a: Corviknight\n|-immune|p1a: Corviknight\n|\n|-damage|p2a: Samurott|82\/100 tox|[from] psn\n|upkeep\n|turn|3\n|\n|t:|1700318372\n|move|p2a: Samurott|Liquidation|p1a: Corviknight\n|-damage|p1a: Corviknight|70\/100\n|-ability|p1a: Corviknight|Mirror Armor\n|-unboost|p2a: Samurott|def|1\n|-damage|p2a: Samurott|66\/100 tox|[from] item: Rocky Helmet|[of] p1a: Corviknight\n|move|p1a: Corviknight|Brave Bird|p2a: Samurott\n|-damage|p2a: Samurott|7\/100 tox\n|-damage|p1a: Corviknight|50\/100|[from] Recoil\n|\n|-damage|p2a: Samurott|0 fnt|[from] psn\n|faint|p2a: Samurott\n|upkeep\n|\n|t:|1700318391\n|switch|p2a: Volcarona|Volcarona, F|100\/100\n|turn|4\n|\n|t:|1700318411\n|switch|p1a: Skeledirge|Skeledirge, M, shiny|100\/100\n|move|p2a: Volcarona|Quiver Dance|p2a: Volcarona\n|-boost|p2a: Volcarona|spa|1\n|-boost|p2a: Volcarona|spd|1\n|-boost|p2a: Volcarona|spe|1\n|\n|upkeep\n|turn|5\n|\n|t:|1700318427\n|move|p2a: Volcarona|Bug Buzz|p1a: Skeledirge\n|-resisted|p1a: Skeledirge\n|-damage|p1a: Skeledirge|86\/100\n|move|p1a: Skeledirge|Torch Song|p2a: Volcarona\n|-damage|p2a: Volcarona|70\/100\n|-boost|p1a: Skeledirge|spa|1\n|\n|-heal|p1a: Skeledirge|92\/100|[from] item: Leftovers\n|upkeep\n|turn|6\n|\n|t:|1700318439\n|switch|p2a: Haxorus|Haxorus, M, shiny|100\/100\n|-ability|p2a: Haxorus|Mold Breaker\n|move|p1a: Skeledirge|Torch Song|p2a: Haxorus\n|-resisted|p2a: Haxorus\n|-damage|p2a: Haxorus|67\/100\n|-boost|p1a: Skeledirge|spa|1\n|\n|-heal|p1a: Skeledirge|98\/100|[from] item: Leftovers\n|upkeep\n|turn|7\n|\n|t:|1700318447\n|move|p2a: Haxorus|Swords Dance|p2a: Haxorus\n|-boost|p2a: Haxorus|atk|2\n|move|p1a: Skeledirge|Yawn|p2a: Haxorus\n|-start|p2a: Haxorus|move: Yawn|[of] p1a: Skeledirge\n|\n|-heal|p1a: Skeledirge|100\/100|[from] item: Leftovers\n|upkeep\n|turn|8\n|\n|t:|1700318454\n|move|p2a: Haxorus|Scale Shot|p1a: Skeledirge|[miss]\n|-miss|p2a: Haxorus|p1a: Skeledirge\n|move|p1a: Skeledirge|Shadow Ball|p2a: Haxorus\n|-crit|p2a: Haxorus\n|-damage|p2a: Haxorus|0 fnt\n|faint|p2a: Haxorus\n|\n|upkeep\n|\n|t:|1700318462\n|switch|p2a: Krookodile|Krookodile, M|100\/100\n|turn|9\n|\n|t:|1700318468\n|move|p2a: Krookodile|Earthquake|p1a: Skeledirge\n|-supereffective|p1a: Skeledirge\n|-damage|p1a: Skeledirge|42\/100\n|move|p1a: Skeledirge|Torch Song|p2a: Krookodile\n|-damage|p2a: Krookodile|25\/100\n|-boost|p1a: Skeledirge|spa|1\n|\n|-heal|p2a: Krookodile|31\/100|[from] item: Leftovers\n|-heal|p1a: Skeledirge|48\/100|[from] item: Leftovers\n|upkeep\n|turn|10\n|\n|t:|1700318473\n|switch|p1a: Corviknight|Corviknight, M, shiny|50\/100\n|move|p2a: Krookodile|Earthquake|p1a: Corviknight\n|-immune|p1a: Corviknight\n|\n|-heal|p2a: Krookodile|37\/100|[from] item: Leftovers\n|upkeep\n|turn|11\n|\n|t:|1700318478\n|move|p2a: Krookodile|Fire Fang|p1a: Corviknight\n|-supereffective|p1a: Corviknight\n|-damage|p1a: Corviknight|15\/100\n|-damage|p2a: Krookodile|20\/100|[from] item: Rocky Helmet|[of] p1a: Corviknight\n|move|p1a: Corviknight|Roost|p1a: Corviknight\n|-heal|p1a: Corviknight|65\/100\n|-singleturn|p1a: Corviknight|move: Roost\n|\n|-heal|p2a: Krookodile|26\/100|[from] item: Leftovers\n|upkeep\n|turn|12\n|\n|t:|1700318482\n|move|p2a: Krookodile|Fire Fang|p1a: Corviknight\n|-supereffective|p1a: Corviknight\n|-damage|p1a: Corviknight|33\/100\n|-damage|p2a: Krookodile|10\/100|[from] item: Rocky Helmet|[of] p1a: Corviknight\n|move|p1a: Corviknight|Roost|p1a: Corviknight\n|-heal|p1a: Corviknight|83\/100\n|-singleturn|p1a: Corviknight|move: Roost\n|\n|-heal|p2a: Krookodile|16\/100|[from] item: Leftovers\n|upkeep\n|turn|13\n|\n|t:|1700318498\n|switch|p2a: Eelektross|Eelektross, M|100\/100\n|move|p1a: Corviknight|Roost|p1a: Corviknight\n|-heal|p1a: Corviknight|100\/100\n|-singleturn|p1a: Corviknight|move: Roost\n|\n|upkeep\n|turn|14\n|\n|t:|1700318505\n|switch|p1a: Clodsire|Clodsire, F, shiny|50\/100\n|move|p2a: Eelektross|Coil|p2a: Eelektross\n|-boost|p2a: Eelektross|atk|1\n|-boost|p2a: Eelektross|def|1\n|-boost|p2a: Eelektross|accuracy|1\n|\n|-heal|p1a: Clodsire|57\/100|[from] item: Black Sludge\n|upkeep\n|turn|15\n|\n|t:|1700318511\n|-zpower|p2a: Eelektross\n|move|p2a: Eelektross|Devastating Drake|p1a: Clodsire|[zeffect]\n|-damage|p1a: Clodsire|0 fnt\n|faint|p1a: Clodsire\n|\n|upkeep\n|\n|t:|1700318526\n|switch|p1a: Ting-Lu|Ting-Lu|100\/100\n|-ability|p1a: Ting-Lu|Vessel of Ruin\n|turn|16\n|\n|t:|1700318529\n|move|p2a: Eelektross|Liquidation|p1a: Ting-Lu\n|-supereffective|p1a: Ting-Lu\n|-damage|p1a: Ting-Lu|63\/100\n|move|p1a: Ting-Lu|Whirlwind|p2a: Eelektross\n|drag|p2a: Krookodile|Krookodile, M|16\/100\n|\n|-heal|p2a: Krookodile|22\/100|[from] item: Leftovers\n|-heal|p1a: Ting-Lu|69\/100|[from] item: Leftovers\n|upkeep\n|turn|17\n|\n|t:|1700318542\n|move|p2a: Krookodile|Earthquake|p1a: Ting-Lu\n|-damage|p1a: Ting-Lu|48\/100\n|move|p1a: Ting-Lu|Body Press|p2a: Krookodile\n|-supereffective|p2a: Krookodile\n|-damage|p2a: Krookodile|0 fnt\n|faint|p2a: Krookodile\n|\n|-heal|p1a: Ting-Lu|54\/100|[from] item: Leftovers\n|upkeep\n|\n|t:|1700318549\n|switch|p2a: Sigilyph|Sigilyph, F, shiny|100\/100\n|turn|18\n|\n|t:|1700318552\n|move|p2a: Sigilyph|Psychic|p1a: Ting-Lu\n|-immune|p1a: Ting-Lu\n|move|p1a: Ting-Lu|Whirlwind|p2a: Sigilyph\n|drag|p2a: Volcarona|Volcarona, F|70\/100\n|\n|-heal|p1a: Ting-Lu|60\/100|[from] item: Leftovers\n|upkeep\n|turn|19\n|l|\u2606ninjatime678\n|inactive|ninjatime678 disconnected and has a minute to reconnect!\n|player|p2|\n|j|\u2606ninjatime678\n|inactive|ninjatime678 reconnected and has 135 seconds left.\n|player|p2|ninjatime678|265\n|inactive|ninjatime678 has 120 seconds left.\n|l|\u2606ninjatime678\n|inactive|ninjatime678 disconnected and has a minute to reconnect!\n|player|p2|\n|l|\u2606shfeha\n|inactive|shfeha disconnected and has a minute to reconnect!\n|player|p1|\n|j|\u2606ninjatime678\n|inactive|ninjatime678 reconnected and has 110 seconds left.\n|player|p2|ninjatime678|265\n|\n|t:|1700318608\n|move|p2a: Volcarona|Giga Drain|p1a: Ting-Lu\n|-supereffective|p1a: Ting-Lu\n|-damage|p1a: Ting-Lu|28\/100\n|-heal|p2a: Volcarona|97\/100|[from] drain|[of] p1a: Ting-Lu\n|move|p1a: Ting-Lu|Whirlwind|p2a: Volcarona\n|drag|p2a: Eelektross|Eelektross, M|100\/100\n|\n|-heal|p1a: Ting-Lu|34\/100|[from] item: Leftovers\n|upkeep\n|turn|20\n|inactive|shfeha has 30 seconds to reconnect!\n|c|\u2606ninjatime678|Wtf is happening to my internet\n|inactive|shfeha has 20 seconds to reconnect!\n|j|\u2606shfeha\n|inactive|shfeha reconnected and has 110 seconds left.\n|player|p1|shfeha|cyclist\n|\n|t:|1700318661\n|move|p2a: Eelektross|Liquidation|p1a: Ting-Lu\n|-supereffective|p1a: Ting-Lu\n|-damage|p1a: Ting-Lu|9\/100\n|move|p1a: Ting-Lu|Ruination|p2a: Eelektross\n|-damage|p2a: Eelektross|50\/100\n|\n|-heal|p1a: Ting-Lu|15\/100|[from] item: Leftovers\n|upkeep\n|turn|21\n|\n|t:|1700318670\n|switch|p1a: Greninja|Greninja, M|100\/100\n|move|p2a: Eelektross|Liquidation|p1a: Greninja\n|-resisted|p1a: Greninja\n|-damage|p1a: Greninja|75\/100\n|\n|upkeep\n|turn|22\n|\n|t:|1700318675\n|move|p1a: Greninja|Hydro Pump|p2a: Eelektross\n|-damage|p2a: Eelektross|0 fnt\n|faint|p2a: Eelektross\n|-ability|p1a: Greninja|Battle Bond|boost\n|-boost|p1a: Greninja|atk|1\n|-boost|p1a: Greninja|spa|1\n|-boost|p1a: Greninja|spe|1\n|-activate|p1a: Greninja|ability: Battle Bond\n|-damage|p1a: Greninja|65\/100|[from] item: Life Orb\n|\n|upkeep\n|\n|t:|1700318682\n|switch|p2a: Sigilyph|Sigilyph, F, shiny|100\/100\n|turn|23\n|inactive|shfeha has 120 seconds left.\n|\n|t:|1700318687\n|move|p1a: Greninja|Dark Pulse|p2a: Sigilyph\n|-supereffective|p2a: Sigilyph\n|-damage|p2a: Sigilyph|0 fnt\n|faint|p2a: Sigilyph\n|-damage|p1a: Greninja|55\/100|[from] item: Life Orb\n|\n|upkeep\n|\n|t:|1700318690\n|switch|p2a: Volcarona|Volcarona, F|97\/100\n|turn|24\n|\n|t:|1700318695\n|move|p1a: Greninja|Hydro Pump|p2a: Volcarona|[miss]\n|-miss|p1a: Greninja|p2a: Volcarona\n|move|p2a: Volcarona|Bug Buzz|p1a: Greninja\n|-supereffective|p1a: Greninja\n|-damage|p1a: Greninja|0 fnt\n|faint|p1a: Greninja\n|\n|upkeep\n|\n|t:|1700318698\n|switch|p1a: Skeledirge|Skeledirge, M, shiny|48\/100\n|turn|25\n|\n|t:|1700318707\n|-terastallize|p1a: Skeledirge|Fire\n|move|p2a: Volcarona|Bug Buzz|p1a: Skeledirge\n|-resisted|p1a: Skeledirge\n|-damage|p1a: Skeledirge|19\/100\n|move|p1a: Skeledirge|Torch Song|p2a: Volcarona\n|-damage|p2a: Volcarona|59\/100\n|-boost|p1a: Skeledirge|spa|1\n|\n|-heal|p1a: Skeledirge|25\/100|[from] item: Leftovers\n|upkeep\n|turn|26\n|\n|t:|1700318712\n|move|p2a: Volcarona|Bug Buzz|p1a: Skeledirge\n|-resisted|p1a: Skeledirge\n|-damage|p1a: Skeledirge|0 fnt\n|faint|p1a: Skeledirge\n|\n|upkeep\n|\n|t:|1700318716\n|switch|p1a: Ting-Lu|Ting-Lu|15\/100\n|-ability|p1a: Ting-Lu|Vessel of Ruin\n|turn|27\n|\n|t:|1700318719\n|move|p2a: Volcarona|Giga Drain|p1a: Ting-Lu\n|-supereffective|p1a: Ting-Lu\n|-damage|p1a: Ting-Lu|0 fnt\n|-heal|p2a: Volcarona|71\/100|[from] drain|[of] p1a: Ting-Lu\n|faint|p1a: Ting-Lu\n|\n|upkeep\n|\n|t:|1700318722\n|switch|p1a: Scizor|Scizor, M|100\/100\n|turn|28\n|\n|t:|1700318724\n|detailschange|p1a: Scizor|Scizor-Mega, M\n|-mega|p1a: Scizor|Scizor|Scizorite\n|move|p1a: Scizor|Bullet Punch|p2a: Volcarona\n|-resisted|p2a: Volcarona\n|-damage|p2a: Volcarona|42\/100\n|move|p2a: Volcarona|Fiery Dance|p1a: Scizor\n|-supereffective|p1a: Scizor\n|-damage|p1a: Scizor|0 fnt\n|-boost|p2a: Volcarona|spa|1\n|faint|p1a: Scizor\n|\n|upkeep\n|\n|t:|1700318727\n|switch|p1a: Corviknight|Corviknight, M, shiny|100\/100\n|turn|29\n|\n|t:|1700318730\n|move|p2a: Volcarona|Fiery Dance|p1a: Corviknight\n|-supereffective|p1a: Corviknight\n|-damage|p1a: Corviknight|5\/100\n|-boost|p2a: Volcarona|spa|1\n|move|p1a: Corviknight|Brave Bird|p2a: Volcarona\n|-supereffective|p2a: Volcarona\n|-damage|p2a: Volcarona|0 fnt\n|faint|p2a: Volcarona\n|-damage|p1a: Corviknight|0 fnt|[from] Recoil\n|faint|p1a: Corviknight\n|\n|win|shfeha\n|raw|shfeha's rating: 1168 &rarr; <strong>1198<\/strong><br \/>(+30 for winning)\n|raw|ninjatime678's rating: 1232 &rarr; <strong>1202<\/strong><br \/>(-30 for losing)\n","uploadtime":1700318734,"views":6,"p1id":"shfeha","p2id":"ninjatime678","formatid":"gen9nationaldex","rating":1198,"private":0,"password":""}