{"id":"gen9nationaldex-1993753105","p1":"steannm","p2":"NotAmazingYT","format":"[Gen 9] National Dex","log":"|j|\u2606steannm\n|j|\u2606NotAmazingYT\n|t:|1700353145\n|gametype|singles\n|player|p1|steannm|bugcatcher-gen4dp|1186\n|player|p2|NotAmazingYT|170|1148\n|teamsize|p1|6\n|teamsize|p2|6\n|gen|9\n|tier|[Gen 9] National Dex\n|rated|\n|rule|HP Percentage Mod: HP is shown in percentages\n|rule|Endless Battle Clause: Forcing endless battles is banned\n|rule|OHKO Clause: OHKO moves are banned\n|rule|Evasion Clause: Evasion abilities, items, and moves are banned\n|rule|Evasion Abilities Clause: Evasion abilities are banned\n|rule|Evasion Items Clause: Evasion items are banned\n|rule|Evasion Moves Clause: Evasion moves are banned\n|rule|Species Clause: Limit one of each Pok\u00e9mon\n|rule|Sleep Clause Mod: Limit one foe put to sleep\n|clearpoke\n|poke|p1|Banette, F|\n|poke|p1|Garganacl, F|\n|poke|p1|Zapdos|\n|poke|p1|Urshifu-*, M|\n|poke|p1|Landorus-Therian, M|\n|poke|p1|Blacephalon|\n|poke|p2|Garchomp, F|\n|poke|p2|Gliscor, M|\n|poke|p2|Zoroark-Hisui, M|\n|poke|p2|Weavile, M|\n|poke|p2|Heatran, M|\n|poke|p2|Manaphy|\n|teampreview\n|c|\u2606NotAmazingYT|gl\n|\n|t:|1700353160\n|start\n|switch|p1a: \u9b3c\u738b\u306e\ud83d\udc31|Landorus-Therian, M, shiny|100\/100\n|switch|p2a: Heatran|Heatran, M|100\/100\n|-ability|p1a: \u9b3c\u738b\u306e\ud83d\udc31|Intimidate|boost\n|-unboost|p2a: Heatran|atk|1\n|turn|1\n|\n|t:|1700353174\n|switch|p2a: Gliscor|Gliscor, M|100\/100\n|move|p1a: \u9b3c\u738b\u306e\ud83d\udc31|Swords Dance|p1a: \u9b3c\u738b\u306e\ud83d\udc31\n|-boost|p1a: \u9b3c\u738b\u306e\ud83d\udc31|atk|2\n|\n|-status|p2a: Gliscor|tox|[from] item: Toxic Orb\n|upkeep\n|turn|2\n|\n|t:|1700353180\n|-zpower|p1a: \u9b3c\u738b\u306e\ud83d\udc31\n|move|p1a: \u9b3c\u738b\u306e\ud83d\udc31|Supersonic Skystrike|p2a: Gliscor|[zeffect]\n|-crit|p2a: Gliscor\n|-damage|p2a: Gliscor|0 fnt\n|faint|p2a: Gliscor\n|\n|upkeep\n|\n|t:|1700353196\n|switch|p2a: Weavile|Weavile, M|100\/100\n|-ability|p2a: Weavile|Pressure\n|turn|3\n|\n|t:|1700353211\n|switch|p1a: \u9b3c\u738b\u306e\ud83e\udd21|Blacephalon|100\/100\n|move|p2a: Weavile|Triple Axel|p1a: \u9b3c\u738b\u306e\ud83e\udd21\n|-resisted|p1a: \u9b3c\u738b\u306e\ud83e\udd21\n|-damage|p1a: \u9b3c\u738b\u306e\ud83e\udd21|83\/100\n|-resisted|p1a: \u9b3c\u738b\u306e\ud83e\udd21\n|-damage|p1a: \u9b3c\u738b\u306e\ud83e\udd21|46\/100\n|-resisted|p1a: \u9b3c\u738b\u306e\ud83e\udd21\n|-damage|p1a: \u9b3c\u738b\u306e\ud83e\udd21|0 fnt\n|faint|p1a: \u9b3c\u738b\u306e\ud83e\udd21\n|-hitcount|p1: \u9b3c\u738b\u306e\ud83e\udd21|3\n|\n|upkeep\n|\n|t:|1700353223\n|switch|p1a: \u9b3c\u738b\u306e\ud83d\udc3b|Urshifu-Rapid-Strike, M|100\/100\n|turn|4\n|\n|t:|1700353231\n|switch|p2a: Garchomp|Garchomp, F|100\/100\n|move|p1a: \u9b3c\u738b\u306e\ud83d\udc3b|Close Combat|p2a: Garchomp\n|-immune|p2a: Garchomp\n|\n|upkeep\n|turn|5\n|\n|t:|1700353251\n|switch|p1a: \u9b3c\u738b\u306e\ud83d\udc51|Garganacl, F|100\/100\n|move|p2a: Garchomp|Grass Knot|p1a: \u9b3c\u738b\u306e\ud83d\udc51\n|-supereffective|p1a: \u9b3c\u738b\u306e\ud83d\udc51\n|-damage|p1a: \u9b3c\u738b\u306e\ud83d\udc51|45\/100\n|\n|-heal|p1a: \u9b3c\u738b\u306e\ud83d\udc51|51\/100|[from] item: Leftovers\n|upkeep\n|turn|6\n|\n|t:|1700353265\n|move|p2a: Garchomp|Grass Knot|p1a: \u9b3c\u738b\u306e\ud83d\udc51\n|-supereffective|p1a: \u9b3c\u738b\u306e\ud83d\udc51\n|-damage|p1a: \u9b3c\u738b\u306e\ud83d\udc51|0 fnt\n|faint|p1a: \u9b3c\u738b\u306e\ud83d\udc51\n|\n|upkeep\n|\n|t:|1700353269\n|switch|p1a: \u9b3c\u738b\u306e\ud83d\udc3b|Urshifu-Rapid-Strike, M|100\/100\n|turn|7\n|\n|t:|1700353272\n|move|p2a: Garchomp|Grass Knot|p1a: \u9b3c\u738b\u306e\ud83d\udc3b\n|-supereffective|p1a: \u9b3c\u738b\u306e\ud83d\udc3b\n|-crit|p1a: \u9b3c\u738b\u306e\ud83d\udc3b\n|-damage|p1a: \u9b3c\u738b\u306e\ud83d\udc3b|0 fnt\n|faint|p1a: \u9b3c\u738b\u306e\ud83d\udc3b\n|\n|upkeep\n|\n|t:|1700353281\n|switch|p1a: \u9b3c\u738b\u306e\ud83d\udc31|Landorus-Therian, M, shiny|100\/100\n|-ability|p1a: \u9b3c\u738b\u306e\ud83d\udc31|Intimidate|boost\n|-unboost|p2a: Garchomp|atk|1\n|turn|8\n|\n|t:|1700353295\n|move|p2a: Garchomp|Grass Knot|p1a: \u9b3c\u738b\u306e\ud83d\udc31\n|-damage|p1a: \u9b3c\u738b\u306e\ud83d\udc31|65\/100\n|move|p1a: \u9b3c\u738b\u306e\ud83d\udc31|Earthquake|p2a: Garchomp\n|-damage|p2a: Garchomp|0 fnt\n|replace|p2a: Zoroark|Zoroark-Hisui, M\n|-end|p2a: Zoroark|Illusion\n|faint|p2a: Zoroark\n|\n|upkeep\n|\n|t:|1700353304\n|switch|p2a: Weavile|Weavile, M|100\/100\n|-ability|p2a: Weavile|Pressure\n|turn|9\n|\n|t:|1700353310\n|switch|p1a: \u9b3c\u738b\u306e\ud83d\udc26|Zapdos|100\/100\n|move|p2a: Weavile|Triple Axel|p1a: \u9b3c\u738b\u306e\ud83d\udc26\n|-supereffective|p1a: \u9b3c\u738b\u306e\ud83d\udc26\n|-damage|p1a: \u9b3c\u738b\u306e\ud83d\udc26|81\/100\n|-status|p2a: Weavile|par|[from] ability: Static|[of] p1a: \u9b3c\u738b\u306e\ud83d\udc26\n|-supereffective|p1a: \u9b3c\u738b\u306e\ud83d\udc26\n|-damage|p1a: \u9b3c\u738b\u306e\ud83d\udc26|40\/100\n|-supereffective|p1a: \u9b3c\u738b\u306e\ud83d\udc26\n|-damage|p1a: \u9b3c\u738b\u306e\ud83d\udc26|0 fnt\n|faint|p1a: \u9b3c\u738b\u306e\ud83d\udc26\n|-hitcount|p1: \u9b3c\u738b\u306e\ud83d\udc26|3\n|\n|upkeep\n|\n|t:|1700353321\n|switch|p1a: \u9b3c\u738b\u306e\ud83d\udc7b|Banette, F, shiny|100\/100\n|turn|10\n|\n|t:|1700353344\n|detailschange|p1a: \u9b3c\u738b\u306e\ud83d\udc7b|Banette-Mega, F, shiny\n|-mega|p1a: \u9b3c\u738b\u306e\ud83d\udc7b|Banette|Banettite\n|move|p1a: \u9b3c\u738b\u306e\ud83d\udc7b|Poltergeist|p2a: Weavile\n|-activate|p2a: Weavile|move: Poltergeist|Choice Band\n|-resisted|p2a: Weavile\n|-damage|p2a: Weavile|38\/100 par\n|move|p2a: Weavile|Triple Axel|p1a: \u9b3c\u738b\u306e\ud83d\udc7b\n|-damage|p1a: \u9b3c\u738b\u306e\ud83d\udc7b|80\/100\n|-damage|p1a: \u9b3c\u738b\u306e\ud83d\udc7b|39\/100\n|-damage|p1a: \u9b3c\u738b\u306e\ud83d\udc7b|0 fnt\n|faint|p1a: \u9b3c\u738b\u306e\ud83d\udc7b\n|-hitcount|p1: \u9b3c\u738b\u306e\ud83d\udc7b|3\n|\n|upkeep\n|-message|steannm forfeited.\n|\n|win|NotAmazingYT\n|raw|steannm's rating: 1186 &rarr; <strong>1158<\/strong><br \/>(-28 for losing)\n|raw|NotAmazingYT's rating: 1148 &rarr; <strong>1176<\/strong><br \/>(+28 for winning)\n|l|\u2606steannm\n","uploadtime":1700353374,"views":7,"p1id":"steannm","p2id":"notamazingyt","formatid":"gen9nationaldex","rating":1158,"private":0,"password":""}