{"id":"gen9nationaldex-1999796960","p1":"Robinsintherain","p2":"vheneko","format":"[Gen 9] National Dex","log":"|html|<div class=\"broadcast-blue\"><strong>[Gen 9] National Dex is currently suspecting Sneasler! For information on how to participate check out the <a href=\"https:\/\/www.smogon.com\/forums\/threads\/sv-national-dex-suspect-8-just-dance.3731534\/\">suspect thread<\/a>.<\/strong><\/div>\n|j|\u2606Robinsintherain\n|j|\u2606vheneko\n|t:|1701117549\n|gametype|singles\n|player|p1|Robinsintherain|blackbelt|1179\n|player|p2|vheneko|depotagent|1224\n|teamsize|p1|6\n|teamsize|p2|6\n|gen|9\n|tier|[Gen 9] National Dex\n|rated|\n|rule|HP Percentage Mod: HP is shown in percentages\n|rule|Endless Battle Clause: Forcing endless battles is banned\n|rule|OHKO Clause: OHKO moves are banned\n|rule|Evasion Clause: Evasion abilities, items, and moves are banned\n|rule|Evasion Abilities Clause: Evasion abilities are banned\n|rule|Evasion Items Clause: Evasion items are banned\n|rule|Evasion Moves Clause: Evasion moves are banned\n|rule|Species Clause: Limit one of each Pok\u00e9mon\n|rule|Sleep Clause Mod: Limit one foe put to sleep\n|clearpoke\n|poke|p1|Riolu, M|\n|poke|p1|Donphan, L1, F|\n|poke|p1|Salazzle, F|\n|poke|p1|Jirachi|\n|poke|p1|Linoone, M|\n|poke|p1|Empoleon, F|\n|poke|p2|Iron Valiant|\n|poke|p2|Mew|\n|poke|p2|Lokix, M|\n|poke|p2|Kyurem|\n|poke|p2|Skeledirge, F|\n|poke|p2|Ribombee, F|\n|teampreview\n|j| SamFuraxy\n|c| SamFuraxy|CURIOSO\n|c| SamFuraxy|also que buena pelea la anterior panita\n|c|\u2606vheneko|sus\n|\n|t:|1701117571\n|start\n|switch|p1a: Jirachi|Jirachi|100\/100\n|switch|p2a: Ribombee|Ribombee, F|100\/100\n|turn|1\n|c|\u2606vheneko|y si\n|c| SamFuraxy|:D\n|\n|t:|1701117579\n|move|p1a: Jirachi|Iron Head|p2a: Ribombee\n|-supereffective|p2a: Ribombee\n|-enditem|p2a: Ribombee|Focus Sash\n|-damage|p2a: Ribombee|1\/100\n|move|p2a: Ribombee|Stun Spore|p1a: Jirachi\n|-status|p1a: Jirachi|par\n|\n|upkeep\n|turn|2\n|\n|t:|1701117586\n|move|p2a: Ribombee|Sticky Web|p1a: Jirachi\n|-sidestart|p1: Robinsintherain|move: Sticky Web\n|cant|p1a: Jirachi|par\n|\n|upkeep\n|turn|3\n|\n|t:|1701117589\n|move|p2a: Ribombee|Bug Buzz|p1a: Jirachi\n|-damage|p1a: Jirachi|60\/100 par\n|move|p1a: Jirachi|Iron Head|p2a: Ribombee\n|-supereffective|p2a: Ribombee\n|-damage|p2a: Ribombee|0 fnt\n|faint|p2a: Ribombee\n|\n|upkeep\n|\n|t:|1701117597\n|switch|p2a: Mew|Mew, shiny|100\/100\n|turn|4\n|\n|t:|1701117600\n|move|p1a: Jirachi|Iron Head|p2a: Mew\n|-damage|p2a: Mew|73\/100\n|cant|p2a: Mew|flinch\n|\n|-heal|p2a: Mew|79\/100|[from] item: Leftovers\n|upkeep\n|turn|5\n|c| SamFuraxy|pol cielto andas en la canaima? :3\n|\n|t:|1701117606\n|move|p1a: Jirachi|Iron Head|p2a: Mew\n|-damage|p2a: Mew|49\/100\n|cant|p2a: Mew|flinch\n|\n|-heal|p2a: Mew|55\/100|[from] item: Leftovers\n|upkeep\n|turn|6\n|\n|t:|1701117612\n|switch|p2a: Lokix|Lokix, M|100\/100\n|move|p1a: Jirachi|Iron Head|p2a: Lokix\n|-damage|p2a: Lokix|52\/100\n|\n|upkeep\n|turn|7\n|\n|t:|1701117618\n|move|p2a: Lokix|First Impression|p1a: Jirachi\n|-damage|p1a: Jirachi|19\/100 par\n|move|p1a: Jirachi|Iron Head|p2a: Lokix\n|-damage|p2a: Lokix|2\/100\n|\n|upkeep\n|turn|8\n|\n|t:|1701117624\n|move|p2a: Lokix|Sucker Punch|p1a: Jirachi\n|-supereffective|p1a: Jirachi\n|-damage|p1a: Jirachi|0 fnt\n|faint|p1a: Jirachi\n|\n|upkeep\n|\n|t:|1701117629\n|switch|p1a: Linoone|Linoone, M|100\/100\n|-activate|p1a: Linoone|move: Sticky Web\n|-unboost|p1a: Linoone|spe|1\n|turn|9\n|\n|t:|1701117634\n|switch|p2a: Skeledirge|Skeledirge, F|100\/100\n|move|p1a: Linoone|Extreme Speed|p2a: Skeledirge\n|-immune|p2a: Skeledirge\n|\n|upkeep\n|turn|10\n|\n|t:|1701117641\n|switch|p1a: Empoleon|Empoleon, F|100\/100\n|-activate|p1a: Empoleon|move: Sticky Web\n|-unboost|p1a: Empoleon|spe|1\n|-ability|p1a: Empoleon|Competitive|boost\n|-boost|p1a: Empoleon|spa|2\n|move|p2a: Skeledirge|Will-O-Wisp|p1a: Empoleon|[miss]\n|-miss|p2a: Skeledirge|p1a: Empoleon\n|\n|upkeep\n|turn|11\n|\n|t:|1701117650\n|-terastallize|p2a: Skeledirge|Fairy\n|move|p2a: Skeledirge|Torch Song|p1a: Empoleon\n|-damage|p1a: Empoleon|71\/100\n|-boost|p2a: Skeledirge|spa|1\n|move|p1a: Empoleon|Whirlpool|p2a: Skeledirge\n|-damage|p2a: Skeledirge|91\/100\n|-activate|p2a: Skeledirge|move: Whirlpool|[of] p1a: Empoleon\n|\n|-heal|p2a: Skeledirge|97\/100|[from] item: Leftovers\n|-damage|p2a: Skeledirge|84\/100|[from] move: Whirlpool|[partiallytrapped]\n|upkeep\n|turn|12\n|\n|t:|1701117661\n|move|p2a: Skeledirge|Torch Song|p1a: Empoleon\n|-damage|p1a: Empoleon|29\/100\n|-boost|p2a: Skeledirge|spa|1\n|-enditem|p1a: Empoleon|Sitrus Berry|[eat]\n|-heal|p1a: Empoleon|54\/100|[from] item: Sitrus Berry\n|move|p1a: Empoleon|Yawn|p2a: Skeledirge\n|-start|p2a: Skeledirge|move: Yawn|[of] p1a: Empoleon\n|\n|-heal|p2a: Skeledirge|91\/100|[from] item: Leftovers\n|-damage|p2a: Skeledirge|78\/100|[from] move: Whirlpool|[partiallytrapped]\n|upkeep\n|turn|13\n|\n|t:|1701117672\n|move|p2a: Skeledirge|Torch Song|p1a: Empoleon\n|-damage|p1a: Empoleon|0 fnt\n|-boost|p2a: Skeledirge|spa|1\n|faint|p1a: Empoleon\n|\n|-heal|p2a: Skeledirge|84\/100|[from] item: Leftovers\n|-end|p2a: Skeledirge|Whirlpool|[partiallytrapped]|[silent]\n|-end|p2a: Skeledirge|move: Yawn|[silent]\n|-status|p2a: Skeledirge|slp\n|upkeep\n|\n|t:|1701117673\n|switch|p1a: Linoone|Linoone, M|100\/100\n|-activate|p1a: Linoone|move: Sticky Web\n|-unboost|p1a: Linoone|spe|1\n|turn|14\n|\n|t:|1701117683\n|-terastallize|p1a: Linoone|Normal\n|move|p1a: Linoone|Belly Drum|p1a: Linoone\n|-damage|p1a: Linoone|50\/100\n|-setboost|p1a: Linoone|atk|6|[from] move: Belly Drum\n|cant|p2a: Skeledirge|slp\n|\n|-heal|p2a: Skeledirge|90\/100 slp|[from] item: Leftovers\n|upkeep\n|turn|15\n|\n|t:|1701117691\n|move|p1a: Linoone|Extreme Speed|p2a: Skeledirge\n|-damage|p2a: Skeledirge|47\/100 slp\n|-damage|p1a: Linoone|41\/100|[from] item: Life Orb\n|-curestatus|p2a: Skeledirge|slp|[msg]\n|move|p2a: Skeledirge|Will-O-Wisp|p1a: Linoone|[miss]\n|-miss|p2a: Skeledirge|p1a: Linoone\n|\n|-heal|p2a: Skeledirge|53\/100|[from] item: Leftovers\n|upkeep\n|turn|16\n|\n|t:|1701117701\n|move|p1a: Linoone|Extreme Speed|p2a: Skeledirge\n|-damage|p2a: Skeledirge|8\/100\n|-damage|p1a: Linoone|31\/100|[from] item: Life Orb\n|move|p2a: Skeledirge|Slack Off|p2a: Skeledirge\n|-heal|p2a: Skeledirge|58\/100\n|\n|-heal|p2a: Skeledirge|64\/100|[from] item: Leftovers\n|upkeep\n|turn|17\n|c| SamFuraxy|hermanoo\n|\n|t:|1701117709\n|move|p1a: Linoone|Giga Impact|p2a: Skeledirge\n|-damage|p2a: Skeledirge|0 fnt\n|-mustrecharge|p1a: Linoone\n|faint|p2a: Skeledirge\n|-damage|p1a: Linoone|21\/100|[from] item: Life Orb\n|\n|upkeep\n|\n|t:|1701117715\n|switch|p2a: Lokix|Lokix, M|2\/100\n|turn|18\n|\n|t:|1701117717\n|move|p2a: Lokix|U-turn|p1a: Linoone\n|-damage|p1a: Linoone|0 fnt\n|faint|p1a: Linoone\n|\n|t:|1701117721\n|switch|p2a: Kyurem|Kyurem|100\/100|[from] U-turn\n|-ability|p2a: Kyurem|Pressure\n|\n|upkeep\n|\n|t:|1701117726\n|switch|p1a: Donphan|Donphan, L1, F|100\/100\n|-activate|p1a: Donphan|move: Sticky Web\n|-unboost|p1a: Donphan|spe|1\n|turn|19\n|\n|t:|1701117733\n|switch|p2a: Lokix|Lokix, M|2\/100\n|move|p1a: Donphan|Endeavor|p2a: Lokix\n|-immune|p2a: Lokix\n|\n|upkeep\n|turn|20\n|\n|t:|1701117748\n|move|p2a: Lokix|First Impression|p1a: Donphan\n|-ability|p1a: Donphan|Sturdy\n|-damage|p1a: Donphan|9\/100\n|move|p1a: Donphan|Endeavor|p2a: Lokix\n|-damage|p2a: Lokix|1\/100\n|-heal|p1a: Donphan|17\/100|[from] item: Shell Bell|[of] p2a: Lokix\n|\n|upkeep\n|turn|21\n|\n|t:|1701117757\n|move|p1a: Donphan|Ice Shard|p2a: Lokix\n|-damage|p2a: Lokix|0 fnt\n|faint|p2a: Lokix\n|-heal|p1a: Donphan|25\/100|[from] item: Shell Bell|[of] p2: Lokix\n|\n|upkeep\n|c| SamFuraxy|JKDJK\n|\n|t:|1701117763\n|switch|p2a: Iron Valiant|Iron Valiant|100\/100\n|-enditem|p2a: Iron Valiant|Booster Energy\n|-activate|p2a: Iron Valiant|ability: Quark Drive|[fromitem]\n|-start|p2a: Iron Valiant|quarkdrivespe\n|turn|22\n|\n|t:|1701117767\n|move|p2a: Iron Valiant|Aura Sphere|p1a: Donphan\n|-damage|p1a: Donphan|0 fnt\n|faint|p1a: Donphan\n|\n|upkeep\n|\n|t:|1701117779\n|switch|p1a: Riolu|Riolu, M|100\/100\n|-activate|p1a: Riolu|move: Sticky Web\n|-unboost|p1a: Riolu|spe|1\n|turn|23\n|\n|t:|1701117786\n|move|p2a: Iron Valiant|Aura Sphere|p1a: Riolu\n|-enditem|p1a: Riolu|Focus Sash\n|-damage|p1a: Riolu|1\/100\n|move|p1a: Riolu|Dig||[still]\n|-prepare|p1a: Riolu|Dig\n|\n|upkeep\n|turn|24\n|\n|t:|1701117794\n|move|p2a: Iron Valiant|Knock Off|p1a: Riolu|[miss]\n|-miss|p2a: Iron Valiant|p1a: Riolu\n|move|p1a: Riolu|Dig|p2a: Iron Valiant|[from]lockedmove\n|-damage|p2a: Iron Valiant|74\/100\n|\n|upkeep\n|turn|25\n|\n|t:|1701117799\n|move|p1a: Riolu|Copycat|p1a: Riolu\n|move|p1a: Riolu|Dig||[from]move: Copycat|[still]\n|-prepare|p1a: Riolu|Dig\n|move|p2a: Iron Valiant|Encore|p1a: Riolu|[miss]\n|-miss|p2a: Iron Valiant|p1a: Riolu\n|\n|upkeep\n|turn|26\n|\n|t:|1701117806\n|-end|p2a: Iron Valiant|Quark Drive|[silent]\n|switch|p2a: Mew|Mew, shiny|55\/100\n|move|p1a: Riolu|Dig|p2a: Mew|[from]lockedmove\n|-damage|p2a: Mew|37\/100\n|\n|-heal|p2a: Mew|44\/100|[from] item: Leftovers\n|upkeep\n|turn|27\n|\n|t:|1701117813\n|move|p1a: Riolu|Copycat|p1a: Riolu\n|move|p1a: Riolu|Dig||[from]move: Copycat|[still]\n|-prepare|p1a: Riolu|Dig\n|move|p2a: Mew|Roost|p2a: Mew\n|-heal|p2a: Mew|94\/100\n|-singleturn|p2a: Mew|move: Roost\n|\n|-heal|p2a: Mew|99\/100|[from] item: Leftovers\n|upkeep\n|turn|28\n|\n|t:|1701117819\n|move|p2a: Mew|Cosmic Power|p2a: Mew\n|-boost|p2a: Mew|def|1\n|-boost|p2a: Mew|spd|1\n|move|p1a: Riolu|Dig|p2a: Mew|[from]lockedmove\n|-damage|p2a: Mew|89\/100\n|\n|-heal|p2a: Mew|95\/100|[from] item: Leftovers\n|upkeep\n|turn|29\n|\n|t:|1701117826\n|move|p1a: Riolu|Toxic|p2a: Mew|[miss]\n|-miss|p1a: Riolu|p2a: Mew\n|move|p2a: Mew|Cosmic Power|p2a: Mew\n|-boost|p2a: Mew|def|1\n|-boost|p2a: Mew|spd|1\n|\n|-heal|p2a: Mew|100\/100|[from] item: Leftovers\n|upkeep\n|turn|30\n|\n|t:|1701117834\n|move|p1a: Riolu|Copycat|p1a: Riolu\n|move|p1a: Riolu|Cosmic Power|p1a: Riolu|[from]move: Copycat\n|-boost|p1a: Riolu|def|1\n|-boost|p1a: Riolu|spd|1\n|move|p2a: Mew|Stored Power|p1a: Riolu\n|-supereffective|p1a: Riolu\n|-damage|p1a: Riolu|0 fnt\n|faint|p1a: Riolu\n|\n|upkeep\n|\n|t:|1701117837\n|switch|p1a: Salazzle|Salazzle, F|100\/100\n|-activate|p1a: Salazzle|move: Sticky Web\n|-unboost|p1a: Salazzle|spe|1\n|turn|31\n|\n|t:|1701117844\n|move|p1a: Salazzle|Toxic|p2a: Mew\n|-status|p2a: Mew|tox\n|-activate|p2a: Mew|ability: Synchronize\n|-immune|p1a: Salazzle\n|move|p2a: Mew|Stored Power|p1a: Salazzle\n|-supereffective|p1a: Salazzle\n|-damage|p1a: Salazzle|0 fnt\n|faint|p1a: Salazzle\n|\n|win|vheneko\n|raw|Robinsintherain's rating: 1179 &rarr; <strong>1157<\/strong><br \/>(-22 for losing)\n|raw|vheneko's rating: 1224 &rarr; <strong>1246<\/strong><br \/>(+22 for winning)\n|c|\u2606vheneko|wii\n|c| SamFuraxy|SABROSITO\n|c|\u2606vheneko|A LA SIGUIENTE BATALLAA\n","uploadtime":1701117858,"views":2,"p1id":"robinsintherain","p2id":"vheneko","formatid":"gen9nationaldex","rating":1157,"private":0,"password":""}