{"id":"gen9nationaldex-1999561531","p1":"Shamoneamola\u2655","p2":"RunicPower419","format":"[Gen 9] National Dex","log":"|j|\u2606Shamoneamola\u2655\n|j|\u2606RunicPower419\n|inactive|Battle timer is ON: inactive players will automatically lose when time's up.\n|t:|1701096320\n|gametype|singles\n|player|p1|Shamoneamola\u2655|lusamine-nihilego|\n|player|p2|RunicPower419|red-masters|\n|teamsize|p1|6\n|teamsize|p2|6\n|gen|9\n|tier|[Gen 9] National Dex\n|rated|Tournament battle\n|rule|HP Percentage Mod: HP is shown in percentages\n|rule|Endless Battle Clause: Forcing endless battles is banned\n|rule|OHKO Clause: OHKO moves are banned\n|rule|Evasion Clause: Evasion abilities, items, and moves are banned\n|rule|Evasion Abilities Clause: Evasion abilities are banned\n|rule|Evasion Items Clause: Evasion items are banned\n|rule|Evasion Moves Clause: Evasion moves are banned\n|rule|Species Clause: Limit one of each Pok\u00e9mon\n|rule|Sleep Clause Mod: Limit one foe put to sleep\n|clearpoke\n|poke|p1|Regieleki|\n|poke|p1|Tapu Koko|\n|poke|p1|Shedinja|\n|poke|p1|Urshifu-*, F|\n|poke|p1|Druddigon, M|\n|poke|p1|Dragonite, F|\n|poke|p2|Zapdos|\n|poke|p2|Ting-Lu|\n|poke|p2|Alomomola, F|\n|poke|p2|Heatran, F|\n|poke|p2|Lopunny, F|\n|poke|p2|Slowking-Galar, M|\n|teampreview\n|inactive|RunicPower419 also wants the timer to be on.\n|c|\u2606RunicPower419|Glhf\n|j| primataNoCompuiter\n|c|\u2606Shamoneamola\u2655|bruh why does this team look  like a regular decent team\n|\n|t:|1701096346\n|start\n|switch|p1a: Urshifu|Urshifu-Rapid-Strike, F|100\/100\n|switch|p2a: Heatran|Heatran, F|100\/100\n|turn|1\n|c|\u2606RunicPower419|Mine?\n|c|\u2606RunicPower419|or yours?\n|\n|t:|1701096367\n|switch|p2a: Zapdos|Zapdos, shiny|100\/100\n|move|p1a: Urshifu|Surging Strikes|p2a: Zapdos\n|-crit|p2a: Zapdos\n|-damage|p2a: Zapdos|79\/100\n|-crit|p2a: Zapdos\n|-damage|p2a: Zapdos|53\/100\n|-status|p1a: Urshifu|par|[from] ability: Static|[of] p2a: Zapdos\n|-crit|p2a: Zapdos\n|-damage|p2a: Zapdos|28\/100\n|-hitcount|p2a: Zapdos|3\n|\n|upkeep\n|turn|2\n|c|\u2606Shamoneamola\u2655|yours\n|c|\u2606Shamoneamola\u2655|reeee zapdos\n|\n|t:|1701096382\n|switch|p2a: Alomomola|Alomomola, F, shiny|100\/100\n|switch|p1a: Tapu Koko|Tapu Koko|100\/100\n|-fieldstart|move: Electric Terrain|[from] ability: Electric Surge|[of] p1a: Tapu Koko\n|\n|upkeep\n|turn|3\n|c|\u2606RunicPower419|Whats wrong with me havin a decent team?\n|\n|t:|1701096393\n|switch|p2a: Slowking|Slowking-Galar, M|100\/100\n|move|p1a: Tapu Koko|Dazzling Gleam|p2a: Slowking\n|-resisted|p2a: Slowking\n|-damage|p2a: Slowking|90\/100\n|\n|upkeep\n|turn|4\n|c|\u2606Shamoneamola\u2655|its shedinja unban tour\n|\n|t:|1701096400\n|switch|p1a: Druddigon|Druddigon, M|100\/100\n|-ability|p1a: Druddigon|Mold Breaker\n|move|p2a: Slowking|Future Sight|p1a: Druddigon\n|-start|p2a: Slowking|move: Future Sight\n|\n|upkeep\n|turn|5\n|\n|t:|1701096407\n|switch|p2a: Alomomola|Alomomola, F, shiny|100\/100\n|move|p1a: Druddigon|Stealth Rock|p2a: Alomomola\n|-sidestart|p2: RunicPower419|move: Stealth Rock\n|\n|upkeep\n|turn|6\n|\n|t:|1701096412\n|move|p1a: Druddigon|Glare|p2a: Alomomola\n|-status|p2a: Alomomola|par\n|cant|p2a: Alomomola|par\n|\n|-end|p1a: Druddigon|move: Future Sight\n|-damage|p1a: Druddigon|54\/100\n|upkeep\n|turn|7\n|\n|t:|1701096416\n|move|p2a: Alomomola|Toxic|p1a: Druddigon\n|-status|p1a: Druddigon|tox\n|move|p1a: Druddigon|Dragon Tail|p2a: Alomomola|[miss]\n|-miss|p1a: Druddigon|p2a: Alomomola\n|\n|-damage|p1a: Druddigon|48\/100 tox|[from] psn\n|upkeep\n|turn|8\n|\n|t:|1701096422\n|move|p2a: Alomomola|Wish|p2a: Alomomola\n|move|p1a: Druddigon|Dragon Tail|p2a: Alomomola|[miss]\n|-miss|p1a: Druddigon|p2a: Alomomola\n|\n|-damage|p1a: Druddigon|36\/100 tox|[from] psn\n|upkeep\n|turn|9\n|c|\u2606Shamoneamola\u2655|bro im shamoneamola\n|c|\u2606Shamoneamola\u2655|u dont get to bring it\n|\n|t:|1701096433\n|move|p2a: Alomomola|Flip Turn|p1a: Druddigon\n|-resisted|p1a: Druddigon\n|-damage|p1a: Druddigon|28\/100 tox\n|-damage|p2a: Alomomola|84\/100 par|[from] item: Rocky Helmet|[of] p1a: Druddigon\n|\n|t:|1701096436\n|switch|p2a: Zapdos|Zapdos, shiny|28\/100|[from] Flip Turn\n|move|p1a: Druddigon|Dragon Tail|p2a: Zapdos\n|-damage|p2a: Zapdos|10\/100\n|drag|p2a: Lopunny|Lopunny, F|100\/100\n|-damage|p2a: Lopunny|88\/100|[from] Stealth Rock\n|\n|-heal|p2a: Lopunny|100\/100|[from] move: Wish|[wisher] Alomomola\n|-damage|p1a: Druddigon|10\/100 tox|[from] psn\n|-fieldend|move: Electric Terrain\n|upkeep\n|turn|10\n|\n|t:|1701096447\n|detailschange|p2a: Lopunny|Lopunny-Mega, F\n|-mega|p2a: Lopunny|Lopunny|Lopunnite\n|move|p2a: Lopunny|U-turn|p1a: Druddigon\n|-damage|p1a: Druddigon|0 fnt\n|-damage|p2a: Lopunny|84\/100|[from] item: Rocky Helmet|[of] p1a: Druddigon\n|faint|p1a: Druddigon\n|\n|t:|1701096452\n|switch|p2a: Heatran|Heatran, F|100\/100|[from] U-turn\n|-damage|p2a: Heatran|88\/100|[from] Stealth Rock\n|\n|-heal|p2a: Heatran|94\/100|[from] item: Leftovers\n|upkeep\n|\n|t:|1701096458\n|switch|p1a: Urshifu|Urshifu-Rapid-Strike, F|100\/100 par\n|turn|11\n|\n|t:|1701096462\n|switch|p2a: Alomomola|Alomomola, F, shiny|100\/100 par\n|move|p1a: Urshifu|Close Combat|p2a: Alomomola\n|-damage|p2a: Alomomola|45\/100 par\n|-unboost|p1a: Urshifu|def|1\n|-unboost|p1a: Urshifu|spd|1\n|\n|upkeep\n|turn|12\n|\n|t:|1701096470\n|switch|p1a: Dragonite|Dragonite, F|100\/100\n|move|p2a: Alomomola|Wish|p2a: Alomomola\n|\n|upkeep\n|turn|13\n|\n|t:|1701096475\n|move|p1a: Dragonite|Dual Wingbeat|p2a: Alomomola\n|-damage|p2a: Alomomola|25\/100 par\n|-damage|p2a: Alomomola|4\/100 par\n|-hitcount|p2a: Alomomola|2\n|move|p2a: Alomomola|Flip Turn|p1a: Dragonite\n|-resisted|p1a: Dragonite\n|-damage|p1a: Dragonite|96\/100\n|\n|t:|1701096481\n|switch|p2a: Zapdos|Zapdos, shiny|10\/100|[from] Flip Turn\n|\n|-heal|p2a: Zapdos|72\/100|[from] move: Wish|[wisher] Alomomola\n|upkeep\n|turn|14\n|\n|t:|1701096488\n|switch|p1a: Tapu Koko|Tapu Koko|100\/100\n|-fieldstart|move: Electric Terrain|[from] ability: Electric Surge|[of] p1a: Tapu Koko\n|move|p2a: Zapdos|Volt Switch|p1a: Tapu Koko\n|-resisted|p1a: Tapu Koko\n|-damage|p1a: Tapu Koko|76\/100\n|\n|t:|1701096491\n|switch|p2a: Slowking|Slowking-Galar, M|100\/100|[from] Volt Switch\n|\n|upkeep\n|turn|15\n|\n|t:|1701096497\n|switch|p1a: Shedinja|Shedinja|100\/100\n|move|p2a: Slowking|Future Sight|p1a: Shedinja\n|-start|p2a: Slowking|move: Future Sight\n|\n|upkeep\n|turn|16\n|\n|t:|1701096501\n|move|p1a: Shedinja|Swords Dance|p1a: Shedinja\n|-boost|p1a: Shedinja|atk|2\n|move|p2a: Slowking|Chilly Reception|p2a: Slowking\n|-weather|Snow\n|\n|t:|1701096504\n|switch|p2a: Ting-Lu|Ting-Lu|100\/100|[from] Chilly Reception\n|-damage|p2a: Ting-Lu|94\/100|[from] Stealth Rock\n|-ability|p2a: Ting-Lu|Vessel of Ruin\n|\n|-weather|Snow|[upkeep]\n|-heal|p2a: Ting-Lu|100\/100|[from] item: Leftovers\n|upkeep\n|turn|17\n|\n|t:|1701096515\n|-terastallize|p2a: Ting-Lu|Poison\n|move|p1a: Shedinja|Leech Life|p2a: Ting-Lu\n|-resisted|p2a: Ting-Lu\n|-damage|p2a: Ting-Lu|83\/100\n|move|p2a: Ting-Lu|Whirlwind|p1a: Shedinja\n|drag|p1a: Regieleki|Regieleki|100\/100\n|\n|-weather|Snow|[upkeep]\n|-end|p1a: Regieleki|move: Future Sight\n|-damage|p1a: Regieleki|35\/100\n|-heal|p2a: Ting-Lu|89\/100|[from] item: Leftovers\n|upkeep\n|turn|18\n|\n|t:|1701096525\n|move|p1a: Regieleki|Volt Switch|p2a: Ting-Lu\n|-damage|p2a: Ting-Lu|67\/100\n|\n|t:|1701096529\n|switch|p1a: Shedinja|Shedinja|100\/100|[from] Volt Switch\n|move|p2a: Ting-Lu|Earthquake|p1a: Shedinja\n|-immune|p1a: Shedinja|[from] ability: Wonder Guard\n|\n|-weather|Snow|[upkeep]\n|-heal|p2a: Ting-Lu|73\/100|[from] item: Leftovers\n|upkeep\n|turn|19\n|\n|t:|1701096536\n|move|p1a: Shedinja|Will-O-Wisp|p2a: Ting-Lu\n|-status|p2a: Ting-Lu|brn\n|move|p2a: Ting-Lu|Whirlwind|p1a: Shedinja\n|drag|p1a: Urshifu|Urshifu-Rapid-Strike, F|100\/100 par\n|\n|-weather|Snow|[upkeep]\n|-heal|p2a: Ting-Lu|79\/100 brn|[from] item: Leftovers\n|-damage|p2a: Ting-Lu|73\/100 brn|[from] brn\n|upkeep\n|turn|20\n|\n|t:|1701096549\n|switch|p2a: Zapdos|Zapdos, shiny|72\/100\n|-terastallize|p1a: Urshifu|Water\n|move|p1a: Urshifu|Surging Strikes|p2a: Zapdos\n|-crit|p2a: Zapdos\n|-damage|p2a: Zapdos|37\/100\n|-crit|p2a: Zapdos\n|-damage|p2a: Zapdos|4\/100\n|-crit|p2a: Zapdos\n|-damage|p2a: Zapdos|0 fnt\n|faint|p2a: Zapdos\n|-hitcount|p2: Zapdos|3\n|\n|-weather|none\n|upkeep\n|inactive|RunicPower419 has 120 seconds left.\n|\n|t:|1701096582\n|switch|p2a: Lopunny|Lopunny-Mega, F|84\/100\n|-damage|p2a: Lopunny|78\/100|[from] Stealth Rock\n|turn|21\n|\n|t:|1701096588\n|switch|p1a: Shedinja|Shedinja|100\/100\n|move|p2a: Lopunny|Fake Out|p1a: Shedinja\n|-immune|p1a: Shedinja|[from] ability: Wonder Guard\n|\n|-fieldend|move: Electric Terrain\n|upkeep\n|turn|22\n|\n|t:|1701096596\n|switch|p2a: Heatran|Heatran, F|94\/100\n|-damage|p2a: Heatran|82\/100|[from] Stealth Rock\n|switch|p1a: Urshifu|Urshifu-Rapid-Strike, F, tera:Water|100\/100 par\n|\n|-heal|p2a: Heatran|88\/100|[from] item: Leftovers\n|upkeep\n|turn|23\n|\n|t:|1701096607\n|switch|p2a: Alomomola|Alomomola, F, shiny|38\/100 par\n|cant|p1a: Urshifu|par\n|\n|upkeep\n|turn|24\n|c|\u2606Shamoneamola\u2655|REEEEEEEEEEE\n|\n|t:|1701096614\n|move|p1a: Urshifu|Close Combat|p2a: Alomomola\n|-damage|p2a: Alomomola|0 fnt\n|-unboost|p1a: Urshifu|def|1\n|-unboost|p1a: Urshifu|spd|1\n|faint|p2a: Alomomola\n|\n|upkeep\n|\n|t:|1701096620\n|switch|p2a: Slowking|Slowking-Galar, M|100\/100\n|turn|25\n|c|\u2606Shamoneamola\u2655|ok nvm all good\n|\n|t:|1701096626\n|switch|p1a: Tapu Koko|Tapu Koko|76\/100\n|-fieldstart|move: Electric Terrain|[from] ability: Electric Surge|[of] p1a: Tapu Koko\n|move|p2a: Slowking|Future Sight|p1a: Tapu Koko\n|-start|p2a: Slowking|move: Future Sight\n|\n|upkeep\n|turn|26\n|\n|t:|1701096630\n|move|p1a: Tapu Koko|Thunderbolt|p2a: Slowking\n|-damage|p2a: Slowking|70\/100\n|move|p2a: Slowking|Sludge Bomb|p1a: Tapu Koko\n|-supereffective|p1a: Tapu Koko\n|-damage|p1a: Tapu Koko|0 fnt\n|faint|p1a: Tapu Koko\n|\n|upkeep\n|\n|t:|1701096633\n|switch|p1a: Regieleki|Regieleki|35\/100\n|turn|27\n|\n|t:|1701096637\n|move|p1a: Regieleki|Volt Switch|p2a: Slowking\n|-damage|p2a: Slowking|36\/100\n|\n|t:|1701096642\n|switch|p1a: Shedinja|Shedinja|100\/100|[from] Volt Switch\n|move|p2a: Slowking|Chilly Reception|p2a: Slowking\n|-weather|Snow\n|\n|t:|1701096646\n|switch|p2a: Ting-Lu|Ting-Lu, tera:Poison|73\/100 brn|[from] Chilly Reception\n|-damage|p2a: Ting-Lu|60\/100 brn|[from] Stealth Rock\n|-ability|p2a: Ting-Lu|Vessel of Ruin\n|\n|-weather|Snow|[upkeep]\n|-end|p1a: Shedinja|move: Future Sight\n|-immune|p1a: Shedinja|[from] ability: Wonder Guard\n|-heal|p2a: Ting-Lu|67\/100 brn|[from] item: Leftovers\n|-damage|p2a: Ting-Lu|60\/100 brn|[from] brn\n|upkeep\n|turn|28\n|\n|t:|1701096651\n|move|p1a: Shedinja|Poltergeist|p2a: Ting-Lu\n|-activate|p2a: Ting-Lu|move: Poltergeist|Leftovers\n|-damage|p2a: Ting-Lu|32\/100 brn\n|move|p2a: Ting-Lu|Whirlwind|p1a: Shedinja\n|drag|p1a: Regieleki|Regieleki|35\/100\n|\n|-weather|Snow|[upkeep]\n|-heal|p2a: Ting-Lu|39\/100 brn|[from] item: Leftovers\n|-damage|p2a: Ting-Lu|32\/100 brn|[from] brn\n|upkeep\n|turn|29\n|\n|t:|1701096662\n|move|p1a: Regieleki|Rising Voltage|p2a: Ting-Lu\n|-hint|Rising Voltage's BP doubled on grounded target.\n|-crit|p2a: Ting-Lu\n|-damage|p2a: Ting-Lu|0 fnt\n|faint|p2a: Ting-Lu\n|\n|-weather|Snow|[upkeep]\n|upkeep\n|\n|t:|1701096666\n|switch|p2a: Heatran|Heatran, F|88\/100\n|-damage|p2a: Heatran|76\/100|[from] Stealth Rock\n|turn|30\n|\n|t:|1701096672\n|move|p1a: Regieleki|Volt Switch|p2a: Heatran\n|-damage|p2a: Heatran|41\/100\n|\n|t:|1701096676\n|switch|p1a: Urshifu|Urshifu-Rapid-Strike, F, tera:Water|100\/100 par|[from] Volt Switch\n|move|p2a: Heatran|Magma Storm|p1a: Urshifu\n|-resisted|p1a: Urshifu\n|-damage|p1a: Urshifu|71\/100 par\n|-activate|p1a: Urshifu|move: Magma Storm|[of] p2a: Heatran\n|\n|-weather|Snow|[upkeep]\n|-heal|p2a: Heatran|47\/100|[from] item: Leftovers\n|-damage|p1a: Urshifu|58\/100 par|[from] move: Magma Storm|[partiallytrapped]\n|upkeep\n|turn|31\n|\n|t:|1701096698\n|switch|p2a: Slowking|Slowking-Galar, M|69\/100\n|move|p1a: Urshifu|Surging Strikes|p2a: Slowking\n|-crit|p2a: Slowking\n|-damage|p2a: Slowking|34\/100\n|-crit|p2a: Slowking\n|-damage|p2a: Slowking|0 fnt\n|faint|p2a: Slowking\n|-hitcount|p2: Slowking|2\n|\n|-weather|none\n|-end|p1a: Urshifu|Magma Storm|[partiallytrapped]|[silent]\n|upkeep\n|\n|t:|1701096703\n|switch|p2a: Lopunny|Lopunny-Mega, F|78\/100\n|-damage|p2a: Lopunny|72\/100|[from] Stealth Rock\n|turn|32\n|\n|t:|1701096710\n|switch|p1a: Shedinja|Shedinja|100\/100\n|move|p2a: Lopunny|U-turn|p1a: Shedinja\n|-immune|p1a: Shedinja|[from] ability: Wonder Guard\n|\n|-fieldend|move: Electric Terrain\n|upkeep\n|turn|33\n|\n|t:|1701096715\n|switch|p2a: Heatran|Heatran, F|47\/100\n|-damage|p2a: Heatran|35\/100|[from] Stealth Rock\n|move|p1a: Shedinja|Poltergeist|p2a: Heatran\n|-activate|p2a: Heatran|move: Poltergeist|Leftovers\n|-damage|p2a: Heatran|0 fnt\n|faint|p2a: Heatran\n|\n|upkeep\n|\n|t:|1701096717\n|switch|p2a: Lopunny|Lopunny-Mega, F|72\/100\n|-damage|p2a: Lopunny|66\/100|[from] Stealth Rock\n|turn|34\n|\n|t:|1701096720\n|move|p2a: Lopunny|Close Combat|p1a: Shedinja\n|-immune|p1a: Shedinja|[from] ability: Wonder Guard\n|move|p1a: Shedinja|Will-O-Wisp|p2a: Lopunny\n|-status|p2a: Lopunny|brn\n|\n|-damage|p2a: Lopunny|60\/100 brn|[from] brn\n|upkeep\n|turn|35\n|c|\u2606RunicPower419|gg\n|c|\u2606Shamoneamola\u2655|gg\n|\n|t:|1701096732\n|move|p2a: Lopunny|Close Combat|p1a: Shedinja\n|-immune|p1a: Shedinja|[from] ability: Wonder Guard\n|move|p1a: Shedinja|Leech Life|p2a: Lopunny\n|-resisted|p2a: Lopunny\n|-damage|p2a: Lopunny|36\/100 brn\n|\n|-damage|p2a: Lopunny|30\/100 brn|[from] brn\n|upkeep\n|turn|36\n|\n|t:|1701096735\n|move|p2a: Lopunny|Close Combat|p1a: Shedinja\n|-immune|p1a: Shedinja|[from] ability: Wonder Guard\n|move|p1a: Shedinja|Leech Life|p2a: Lopunny\n|-resisted|p2a: Lopunny\n|-damage|p2a: Lopunny|5\/100 brn\n|\n|-damage|p2a: Lopunny|0 fnt|[from] brn\n|faint|p2a: Lopunny\n|\n|win|Shamoneamola\u2655\n|upkeep\n|n|\u2606Shamoneamola\u2655|shamoneamola\n|n|\u2606RunicPower419|runicpower419\n|n| primataNoCompuiter|primatanocompuiter\n","uploadtime":1701096736,"views":2,"p1id":"shamoneamola","p2id":"runicpower419","formatid":"gen9nationaldex","rating":0,"private":0,"password":""}