{"id":"gen9nationaldex-1996767522","p1":"mujiangge","p2":"Aragmar","format":"[Gen 9] National Dex","log":"|html|<div class=\"broadcast-blue\"><strong>[Gen 9] National Dex is currently suspecting Sneasler! For information on how to participate check out the <a href=\"https:\/\/www.smogon.com\/forums\/threads\/sv-national-dex-suspect-8-just-dance.3731534\/\">suspect thread<\/a>.<\/strong><\/div>\n|j|\u2606mujiangge\n|j|\u2606Aragmar\n|t:|1700721872\n|gametype|singles\n|player|p1|mujiangge|clair|1192\n|player|p2|Aragmar|red|1148\n|teamsize|p1|6\n|teamsize|p2|6\n|gen|9\n|tier|[Gen 9] National Dex\n|rated|\n|rule|HP Percentage Mod: HP is shown in percentages\n|rule|Endless Battle Clause: Forcing endless battles is banned\n|rule|OHKO Clause: OHKO moves are banned\n|rule|Evasion Clause: Evasion abilities, items, and moves are banned\n|rule|Evasion Abilities Clause: Evasion abilities are banned\n|rule|Evasion Items Clause: Evasion items are banned\n|rule|Evasion Moves Clause: Evasion moves are banned\n|rule|Species Clause: Limit one of each Pok\u00e9mon\n|rule|Sleep Clause Mod: Limit one foe put to sleep\n|clearpoke\n|poke|p1|Dracozolt|\n|poke|p1|Scizor, F|\n|poke|p1|Heatran, M|\n|poke|p1|Tyranitar, M|\n|poke|p1|Rillaboom, F|\n|poke|p1|Tornadus-Therian, M|\n|poke|p2|Glimmora, M|\n|poke|p2|Iron Moth|\n|poke|p2|Garganacl, M|\n|poke|p2|Aggron, M|\n|poke|p2|Mismagius, F|\n|poke|p2|Rotom-Wash|\n|teampreview\n|\n|t:|1700721889\n|start\n|switch|p1a: Tyranitar|Tyranitar, M|100\/100\n|switch|p2a: Glimmora|Glimmora, M|100\/100\n|-weather|Sandstorm|[from] ability: Sand Stream|[of] p1a: Tyranitar\n|turn|1\n|\n|t:|1700721898\n|move|p2a: Glimmora|Toxic Spikes|p1a: Tyranitar\n|-sidestart|p1: mujiangge|move: Toxic Spikes\n|move|p1a: Tyranitar|Thunderbolt|p2a: Glimmora\n|-damage|p2a: Glimmora|83\/100\n|\n|-weather|Sandstorm|[upkeep]\n|upkeep\n|turn|2\n|\n|t:|1700721915\n|move|p2a: Glimmora|Mortal Spin|p1a: Tyranitar\n|-resisted|p1a: Tyranitar\n|-damage|p1a: Tyranitar|97\/100\n|-status|p1a: Tyranitar|psn\n|move|p1a: Tyranitar|Stealth Rock|p2a: Glimmora\n|-sidestart|p2: Aragmar|move: Stealth Rock\n|\n|-weather|Sandstorm|[upkeep]\n|-damage|p1a: Tyranitar|85\/100 psn|[from] psn\n|upkeep\n|turn|3\n|\n|t:|1700721925\n|move|p2a: Glimmora|Spikes|p1a: Tyranitar\n|-sidestart|p1: mujiangge|Spikes\n|move|p1a: Tyranitar|Earth Power|p2a: Glimmora\n|-supereffective|p2a: Glimmora\n|-damage|p2a: Glimmora|0 fnt\n|faint|p2a: Glimmora\n|\n|-weather|Sandstorm|[upkeep]\n|-damage|p1a: Tyranitar|73\/100 psn|[from] psn\n|upkeep\n|\n|t:|1700721939\n|switch|p2a: Rotom|Rotom-Wash|100\/100\n|-damage|p2a: Rotom|88\/100|[from] Stealth Rock\n|turn|4\n|\n|t:|1700721950\n|switch|p1a: Tornadus|Tornadus-Therian, M|100\/100\n|move|p2a: Rotom|Volt Switch|p1a: Tornadus\n|-supereffective|p1a: Tornadus\n|-damage|p1a: Tornadus|34\/100\n|\n|t:|1700721956\n|switch|p2a: Aggron|Aggron, M|100\/100|[from] Volt Switch\n|-damage|p2a: Aggron|94\/100|[from] Stealth Rock\n|\n|-weather|Sandstorm|[upkeep]\n|-damage|p1a: Tornadus|28\/100|[from] Sandstorm\n|upkeep\n|turn|5\n|\n|t:|1700721966\n|detailschange|p2a: Aggron|Aggron-Mega, M\n|-mega|p2a: Aggron|Aggron|Aggronite\n|move|p1a: Tornadus|Defog|p2a: Aggron\n|-unboost|p2a: Aggron|evasion|1\n|-sideend|p2: Aragmar|Stealth Rock|[from] move: Defog|[of] p1a: Tornadus\n|-sideend|p1: mujiangge|Spikes|[from] move: Defog|[of] p1a: Tornadus\n|-sideend|p1: mujiangge|Toxic Spikes|[from] move: Defog|[of] p1a: Tornadus\n|move|p2a: Aggron|Dragon Tail|p1a: Tornadus\n|-damage|p1a: Tornadus|9\/100\n|drag|p1a: Scizor|Scizor, F|100\/100\n|\n|-weather|none\n|upkeep\n|turn|6\n|\n|t:|1700721986\n|detailschange|p1a: Scizor|Scizor-Mega, F\n|-mega|p1a: Scizor|Scizor|Scizorite\n|move|p1a: Scizor|Swords Dance|p1a: Scizor\n|-boost|p1a: Scizor|atk|2\n|move|p2a: Aggron|Seismic Toss|p1a: Scizor\n|-damage|p1a: Scizor|71\/100\n|\n|upkeep\n|turn|7\n|\n|t:|1700721995\n|move|p1a: Scizor|Swords Dance|p1a: Scizor\n|-boost|p1a: Scizor|atk|2\n|move|p2a: Aggron|Dragon Tail|p1a: Scizor\n|-resisted|p1a: Scizor\n|-damage|p1a: Scizor|65\/100\n|drag|p1a: Tyranitar|Tyranitar, M|73\/100 psn\n|-weather|Sandstorm|[from] ability: Sand Stream|[of] p1a: Tyranitar\n|\n|-weather|Sandstorm|[upkeep]\n|-damage|p1a: Tyranitar|60\/100 psn|[from] psn\n|upkeep\n|turn|8\n|\n|t:|1700722008\n|switch|p2a: Rotom|Rotom-Wash|88\/100\n|move|p1a: Tyranitar|Earth Power|p2a: Rotom\n|-immune|p2a: Rotom|[from] ability: Levitate\n|\n|-weather|Sandstorm|[upkeep]\n|-damage|p2a: Rotom|82\/100|[from] Sandstorm\n|-damage|p1a: Tyranitar|48\/100 psn|[from] psn\n|upkeep\n|turn|9\n|\n|t:|1700722019\n|switch|p1a: Dracozolt|Dracozolt|100\/100\n|move|p2a: Rotom|Trick|p1a: Dracozolt\n|-activate|p2a: Rotom|move: Trick|[of] p1a: Dracozolt\n|-item|p1a: Dracozolt|Choice Scarf|[from] move: Trick\n|-item|p2a: Rotom|Assault Vest|[from] move: Trick\n|\n|-weather|Sandstorm|[upkeep]\n|-damage|p2a: Rotom|76\/100|[from] Sandstorm\n|upkeep\n|turn|10\n|\n|t:|1700722041\n|switch|p2a: Aggron|Aggron-Mega, M|94\/100\n|-terastallize|p1a: Dracozolt|Electric\n|move|p1a: Dracozolt|Bolt Beak|p2a: Aggron\n|-damage|p2a: Aggron|48\/100\n|\n|-weather|Sandstorm|[upkeep]\n|upkeep\n|turn|11\n|\n|t:|1700722050\n|move|p1a: Dracozolt|Bolt Beak|p2a: Aggron\n|-damage|p2a: Aggron|1\/100\n|move|p2a: Aggron|Rest|p2a: Aggron\n|-status|p2a: Aggron|slp|[from] move: Rest\n|-heal|p2a: Aggron|100\/100 slp|[silent]\n|\n|-weather|none\n|upkeep\n|turn|12\n|\n|t:|1700722059\n|move|p1a: Dracozolt|Bolt Beak|p2a: Aggron\n|-damage|p2a: Aggron|56\/100 slp\n|cant|p2a: Aggron|slp\n|move|p2a: Aggron|Sleep Talk|p2a: Aggron\n|move|p2a: Aggron|Seismic Toss|p1a: Dracozolt|[from]move: Sleep Talk\n|-damage|p1a: Dracozolt|69\/100\n|\n|upkeep\n|turn|13\n|\n|t:|1700722069\n|move|p1a: Dracozolt|Bolt Beak|p2a: Aggron\n|-damage|p2a: Aggron|8\/100 slp\n|cant|p2a: Aggron|slp\n|move|p2a: Aggron|Sleep Talk|p2a: Aggron\n|move|p2a: Aggron|Seismic Toss|p1a: Dracozolt|[from]move: Sleep Talk\n|-damage|p1a: Dracozolt|38\/100\n|\n|upkeep\n|turn|14\n|\n|t:|1700722079\n|move|p1a: Dracozolt|Bolt Beak|p2a: Aggron\n|-damage|p2a: Aggron|0 fnt\n|faint|p2a: Aggron\n|\n|upkeep\n|\n|t:|1700722085\n|switch|p2a: Garganacl|Garganacl, M|100\/100\n|turn|15\n|\n|t:|1700722094\n|switch|p1a: Scizor|Scizor-Mega, F|65\/100\n|move|p2a: Garganacl|Salt Cure|p1a: Scizor\n|-damage|p1a: Scizor|55\/100\n|-start|p1a: Scizor|Salt Cure\n|\n|-damage|p1a: Scizor|30\/100|[from] Salt Cure\n|upkeep\n|turn|16\n|\n|t:|1700722106\n|-terastallize|p2a: Garganacl|Ghost\n|move|p1a: Scizor|Roost|p1a: Scizor\n|-heal|p1a: Scizor|80\/100\n|-singleturn|p1a: Scizor|move: Roost\n|move|p2a: Garganacl|Stealth Rock|p1a: Scizor\n|-sidestart|p1: mujiangge|move: Stealth Rock\n|\n|-damage|p1a: Scizor|55\/100|[from] Salt Cure\n|upkeep\n|turn|17\n|\n|t:|1700722137\n|move|p1a: Scizor|Roost|p1a: Scizor\n|-heal|p1a: Scizor|100\/100\n|-singleturn|p1a: Scizor|move: Roost\n|move|p2a: Garganacl|Curse|p1a: Scizor\n|-start|p1a: Scizor|Curse|[of] p2a: Garganacl\n|-damage|p2a: Garganacl|50\/100\n|\n|-heal|p2a: Garganacl|57\/100|[from] item: Leftovers\n|-damage|p1a: Scizor|75\/100|[from] Curse\n|-damage|p1a: Scizor|50\/100|[from] Salt Cure\n|upkeep\n|turn|18\n|\n|t:|1700722152\n|switch|p1a: Heatran|Heatran, M|100\/100\n|-damage|p1a: Heatran|88\/100|[from] Stealth Rock\n|move|p2a: Garganacl|Recover|p2a: Garganacl\n|-heal|p2a: Garganacl|100\/100\n|\n|-heal|p1a: Heatran|94\/100|[from] item: Leftovers\n|upkeep\n|turn|19\n|\n|t:|1700722164\n|move|p1a: Heatran|Will-O-Wisp|p2a: Garganacl\n|-immune|p2a: Garganacl|[from] ability: Purifying Salt\n|move|p2a: Garganacl|Salt Cure|p1a: Heatran\n|-damage|p1a: Heatran|85\/100\n|-start|p1a: Heatran|Salt Cure\n|\n|-heal|p1a: Heatran|92\/100|[from] item: Leftovers\n|-damage|p1a: Heatran|67\/100|[from] Salt Cure\n|upkeep\n|turn|20\n|\n|t:|1700722176\n|move|p1a: Heatran|Magma Storm|p2a: Garganacl\n|-damage|p2a: Garganacl|74\/100\n|-activate|p2a: Garganacl|move: Magma Storm|[of] p1a: Heatran\n|move|p2a: Garganacl|Curse|p1a: Heatran\n|-start|p1a: Heatran|Curse|[of] p2a: Garganacl\n|-damage|p2a: Garganacl|24\/100\n|\n|-heal|p1a: Heatran|73\/100|[from] item: Leftovers\n|-heal|p2a: Garganacl|30\/100|[from] item: Leftovers\n|-damage|p1a: Heatran|48\/100|[from] Curse\n|-damage|p1a: Heatran|23\/100|[from] Salt Cure\n|-damage|p2a: Garganacl|18\/100|[from] move: Magma Storm|[partiallytrapped]\n|upkeep\n|turn|21\n|\n|t:|1700722190\n|switch|p1a: Rillaboom|Rillaboom, F|100\/100\n|-damage|p1a: Rillaboom|88\/100|[from] Stealth Rock\n|-fieldstart|move: Grassy Terrain|[from] ability: Grassy Surge|[of] p1a: Rillaboom\n|move|p2a: Garganacl|Recover|p2a: Garganacl\n|-heal|p2a: Garganacl|68\/100\n|\n|-heal|p1a: Rillaboom|94\/100|[from] Grassy Terrain\n|-heal|p1a: Rillaboom|100\/100|[from] item: Leftovers\n|-heal|p2a: Garganacl|74\/100|[from] Grassy Terrain\n|-heal|p2a: Garganacl|80\/100|[from] item: Leftovers\n|-end|p2a: Garganacl|Magma Storm|[partiallytrapped]|[silent]\n|upkeep\n|turn|22\n|\n|t:|1700722206\n|move|p1a: Rillaboom|Knock Off|p2a: Garganacl\n|-supereffective|p2a: Garganacl\n|-damage|p2a: Garganacl|44\/100\n|-enditem|p2a: Garganacl|Leftovers|[from] move: Knock Off|[of] p1a: Rillaboom\n|move|p2a: Garganacl|Curse|p1a: Rillaboom\n|-start|p1a: Rillaboom|Curse|[of] p2a: Garganacl\n|-damage|p2a: Garganacl|0 fnt\n|faint|p2a: Garganacl\n|\n|-damage|p1a: Rillaboom|75\/100|[from] Curse\n|upkeep\n|\n|t:|1700722218\n|switch|p2a: Rotom|Rotom-Wash|76\/100\n|turn|23\n|\n|t:|1700722227\n|switch|p2a: Iron Moth|Iron Moth|100\/100\n|move|p1a: Rillaboom|Grassy Glide|p2a: Iron Moth\n|-resisted|p2a: Iron Moth\n|-damage|p2a: Iron Moth|86\/100\n|\n|-heal|p2a: Iron Moth|92\/100|[from] Grassy Terrain\n|-heal|p1a: Rillaboom|82\/100|[from] Grassy Terrain\n|-heal|p1a: Rillaboom|88\/100|[from] item: Leftovers\n|-damage|p1a: Rillaboom|63\/100|[from] Curse\n|upkeep\n|turn|24\n|\n|t:|1700722241\n|switch|p1a: Tyranitar|Tyranitar, M|48\/100 psn\n|-damage|p1a: Tyranitar|36\/100 psn|[from] Stealth Rock\n|-weather|Sandstorm|[from] ability: Sand Stream|[of] p1a: Tyranitar\n|move|p2a: Iron Moth|Fiery Dance|p1a: Tyranitar\n|-resisted|p1a: Tyranitar\n|-crit|p1a: Tyranitar\n|-damage|p1a: Tyranitar|9\/100 psn\n|\n|-weather|Sandstorm|[upkeep]\n|-damage|p2a: Iron Moth|86\/100|[from] Sandstorm\n|-heal|p2a: Iron Moth|92\/100|[from] Grassy Terrain\n|-heal|p1a: Tyranitar|15\/100 psn|[from] Grassy Terrain\n|-damage|p1a: Tyranitar|3\/100 psn|[from] psn\n|upkeep\n|turn|25\n|\n|t:|1700722264\n|move|p2a: Iron Moth|Fiery Dance|p1a: Tyranitar\n|-resisted|p1a: Tyranitar\n|-damage|p1a: Tyranitar|0 fnt\n|faint|p1a: Tyranitar\n|\n|-weather|Sandstorm|[upkeep]\n|-damage|p2a: Iron Moth|86\/100|[from] Sandstorm\n|-heal|p2a: Iron Moth|92\/100|[from] Grassy Terrain\n|-fieldend|move: Grassy Terrain\n|upkeep\n|\n|t:|1700722276\n|switch|p1a: Dracozolt|Dracozolt, tera:Electric|38\/100\n|-damage|p1a: Dracozolt|26\/100|[from] Stealth Rock\n|turn|26\n|\n|t:|1700722287\n|move|p1a: Dracozolt|Bolt Beak|p2a: Iron Moth\n|-damage|p2a: Iron Moth|0 fnt\n|faint|p2a: Iron Moth\n|-end|p2a: Iron Moth|Quark Drive|[silent]\n|\n|-weather|Sandstorm|[upkeep]\n|upkeep\n|\n|t:|1700722299\n|switch|p2a: Mismagius|Mismagius, F|100\/100\n|turn|27\n|\n|t:|1700722306\n|move|p1a: Dracozolt|Bolt Beak|p2a: Mismagius\n|-damage|p2a: Mismagius|0 fnt\n|faint|p2a: Mismagius\n|\n|-weather|Sandstorm|[upkeep]\n|upkeep\n|\n|t:|1700722312\n|switch|p2a: Rotom|Rotom-Wash|76\/100\n|turn|28\n|\n|t:|1700722316\n|move|p1a: Dracozolt|Bolt Beak|p2a: Rotom\n|-damage|p2a: Rotom|0 fnt\n|faint|p2a: Rotom\n|\n|win|mujiangge\n|raw|mujiangge's rating: 1192 &rarr; <strong>1214<\/strong><br \/>(+22 for winning)\n|raw|Aragmar's rating: 1148 &rarr; <strong>1126<\/strong><br \/>(-22 for losing)\n|l|\u2606Aragmar\n","uploadtime":1700722601,"views":1,"p1id":"mujiangge","p2id":"aragmar","formatid":"gen9nationaldex","rating":1126,"private":0,"password":""}