{"id":"gen9nationaldex-1991257555","p1":"SSSSSSlizard","p2":"yunhaiyue","format":"[Gen 9] National Dex","log":"|j|\u2606SSSSSSlizard\n|j|\u2606yunhaiyue\n|t:|1700061911\n|gametype|singles\n|player|p1|SSSSSSlizard|irida|1549\n|player|p2|yunhaiyue|ghetsis-gen5bw|1585\n|teamsize|p1|6\n|teamsize|p2|6\n|gen|9\n|tier|[Gen 9] National Dex\n|rated|\n|rule|HP Percentage Mod: HP is shown in percentages\n|rule|Endless Battle Clause: Forcing endless battles is banned\n|rule|OHKO Clause: OHKO moves are banned\n|rule|Evasion Clause: Evasion abilities, items, and moves are banned\n|rule|Evasion Abilities Clause: Evasion abilities are banned\n|rule|Evasion Items Clause: Evasion items are banned\n|rule|Evasion Moves Clause: Evasion moves are banned\n|rule|Species Clause: Limit one of each Pok\u00e9mon\n|rule|Sleep Clause Mod: Limit one foe put to sleep\n|clearpoke\n|poke|p1|Rillaboom, F|\n|poke|p1|Heatran, M|\n|poke|p1|Urshifu-*, M|\n|poke|p1|Slowking-Galar, F|\n|poke|p1|Thundurus-Therian, M|\n|poke|p1|Weezing-Galar, M|\n|poke|p2|Alomomola, F|\n|poke|p2|Chansey, F|\n|poke|p2|Sableye, M|\n|poke|p2|Garganacl, F|\n|poke|p2|Dondozo, F|\n|poke|p2|Gliscor, M|\n|teampreview\n|inactive|Battle timer is ON: inactive players will automatically lose when time's up. (requested by yunhaiyue)\n|\n|t:|1700061922\n|start\n|switch|p1a: Weezing|Weezing-Galar, M|100\/100\n|switch|p2a: Sableye|Sableye, M|100\/100\n|-ability|p1a: Weezing|Neutralizing Gas\n|turn|1\n|\n|t:|1700061932\n|detailschange|p2a: Sableye|Sableye-Mega, M\n|-mega|p2a: Sableye|Sableye|Sablenite\n|move|p1a: Weezing|Toxic Spikes|p2a: Sableye\n|-sidestart|p2: yunhaiyue|move: Toxic Spikes\n|move|p2a: Sableye|Knock Off|p1a: Weezing\n|-resisted|p1a: Weezing\n|-damage|p1a: Weezing|91\/100\n|-enditem|p1a: Weezing|Leftovers|[from] move: Knock Off|[of] p2a: Sableye\n|\n|upkeep\n|turn|2\n|\n|t:|1700061947\n|move|p1a: Weezing|Will-O-Wisp|p2a: Sableye\n|-status|p2a: Sableye|brn\n|move|p2a: Sableye|Encore|p1a: Weezing\n|-start|p1a: Weezing|Encore\n|\n|-damage|p2a: Sableye|95\/100 brn|[from] brn\n|upkeep\n|turn|3\n|\n|t:|1700061954\n|-end|p1a: Weezing|ability: Neutralizing Gas\n|switch|p1a: Thundurus|Thundurus-Therian, M|100\/100\n|switch|p2a: Garganacl|Garganacl, F|100\/100\n|\n|upkeep\n|turn|4\n|\n|t:|1700061961\n|switch|p2a: Chansey|Chansey, F|100\/100\n|-status|p2a: Chansey|psn\n|move|p1a: Thundurus|Volt Switch|p2a: Chansey\n|-damage|p2a: Chansey|89\/100 psn\n|\n|t:|1700061971\n|switch|p1a: Urshifu|Urshifu-Rapid-Strike, M|100\/100|[from] Volt Switch\n|\n|-damage|p2a: Chansey|77\/100 psn|[from] psn\n|upkeep\n|turn|5\n|\n|t:|1700061978\n|-curestatus|p2a: Chansey|psn|[from] ability: Natural Cure\n|switch|p2a: Alomomola|Alomomola, F|100\/100\n|-status|p2a: Alomomola|psn\n|-terastallize|p1a: Urshifu|Water\n|move|p1a: Urshifu|Close Combat|p2a: Alomomola\n|-damage|p2a: Alomomola|48\/100 psn\n|-unboost|p1a: Urshifu|def|1\n|-unboost|p1a: Urshifu|spd|1\n|-damage|p1a: Urshifu|84\/100|[from] item: Rocky Helmet|[of] p2a: Alomomola\n|\n|-damage|p2a: Alomomola|35\/100 psn|[from] psn\n|upkeep\n|turn|6\n|\n|t:|1700061993\n|switch|p1a: Weezing|Weezing-Galar, M|91\/100\n|-ability|p1a: Weezing|Neutralizing Gas\n|move|p2a: Alomomola|Protect||[still]\n|-fail|p2a: Alomomola\n|\n|-damage|p2a: Alomomola|23\/100 psn|[from] psn\n|upkeep\n|turn|7\n|\n|t:|1700062004\n|switch|p2a: Chansey|Chansey, F|77\/100\n|-status|p2a: Chansey|psn\n|move|p1a: Weezing|Strange Steam|p2a: Chansey\n|-crit|p2a: Chansey\n|-damage|p2a: Chansey|65\/100 psn\n|-start|p2a: Chansey|confusion\n|\n|-damage|p2a: Chansey|53\/100 psn|[from] psn\n|upkeep\n|turn|8\n|\n|t:|1700062021\n|move|p1a: Weezing|Toxic Spikes|p2a: Chansey\n|-sidestart|p2: yunhaiyue|move: Toxic Spikes\n|-activate|p2a: Chansey|confusion\n|move|p2a: Chansey|Heal Bell|p2a: Chansey\n|-activate|p2a: Chansey|move: Heal Bell\n|-curestatus|p2a: Chansey|psn|[msg]\n|-curestatus|p2: Alomomola|psn|[msg]\n|-curestatus|p2: Sableye|brn|[msg]\n|\n|upkeep\n|turn|9\n|\n|t:|1700062031\n|-end|p1a: Weezing|ability: Neutralizing Gas\n|switch|p1a: Urshifu|Urshifu-Rapid-Strike, M, tera:Water|84\/100\n|-activate|p2a: Chansey|confusion\n|-damage|p2a: Chansey|52\/100|[from] confusion\n|\n|upkeep\n|turn|10\n|\n|t:|1700062041\n|switch|p2a: Sableye|Sableye-Mega, M|95\/100\n|-status|p2a: Sableye|tox\n|move|p1a: Urshifu|Surging Strikes|p2a: Sableye\n|-crit|p2a: Sableye\n|-damage|p2a: Sableye|66\/100 tox\n|-crit|p2a: Sableye\n|-damage|p2a: Sableye|39\/100 tox\n|-crit|p2a: Sableye\n|-damage|p2a: Sableye|11\/100 tox\n|-hitcount|p2a: Sableye|3\n|\n|-damage|p2a: Sableye|5\/100 tox|[from] psn\n|upkeep\n|turn|11\n|\n|t:|1700062049\n|switch|p2a: Alomomola|Alomomola, F|23\/100\n|-status|p2a: Alomomola|tox\n|move|p1a: Urshifu|Surging Strikes|p2a: Alomomola\n|-resisted|p2a: Alomomola\n|-crit|p2a: Alomomola\n|-damage|p2a: Alomomola|13\/100 tox\n|-damage|p1a: Urshifu|68\/100|[from] item: Rocky Helmet|[of] p2a: Alomomola\n|-resisted|p2a: Alomomola\n|-crit|p2a: Alomomola\n|-damage|p2a: Alomomola|3\/100 tox\n|-damage|p1a: Urshifu|51\/100|[from] item: Rocky Helmet|[of] p2a: Alomomola\n|-resisted|p2a: Alomomola\n|-crit|p2a: Alomomola\n|-damage|p2a: Alomomola|0 fnt\n|-damage|p1a: Urshifu|35\/100|[from] item: Rocky Helmet|[of] p2a: Alomomola\n|faint|p2a: Alomomola\n|-hitcount|p2: Alomomola|3\n|\n|upkeep\n|\n|t:|1700062060\n|switch|p2a: Gliscor|Gliscor, M|100\/100\n|turn|12\n|\n|t:|1700062064\n|-terastallize|p2a: Gliscor|Water\n|move|p1a: Urshifu|Surging Strikes|p2a: Gliscor\n|-resisted|p2a: Gliscor\n|-crit|p2a: Gliscor\n|-damage|p2a: Gliscor|88\/100\n|-resisted|p2a: Gliscor\n|-crit|p2a: Gliscor\n|-damage|p2a: Gliscor|77\/100\n|-resisted|p2a: Gliscor\n|-crit|p2a: Gliscor\n|-damage|p2a: Gliscor|65\/100\n|-hitcount|p2a: Gliscor|3\n|move|p2a: Gliscor|Defog|p1a: Urshifu\n|-unboost|p1a: Urshifu|evasion|1\n|-sideend|p2: yunhaiyue|Toxic Spikes|[from] move: Defog|[of] p2a: Gliscor\n|\n|-status|p2a: Gliscor|tox|[from] item: Toxic Orb\n|upkeep\n|turn|13\n|\n|t:|1700062073\n|switch|p1a: Thundurus|Thundurus-Therian, M|100\/100\n|move|p2a: Gliscor|Spikes|p1a: Thundurus\n|-sidestart|p1: SSSSSSlizard|Spikes\n|\n|-heal|p2a: Gliscor|78\/100 tox|[from] ability: Poison Heal\n|upkeep\n|turn|14\n|\n|t:|1700062078\n|switch|p2a: Sableye|Sableye-Mega, M|5\/100 tox\n|move|p1a: Thundurus|Volt Switch|p2a: Sableye\n|-crit|p2a: Sableye\n|-damage|p2a: Sableye|0 fnt\n|faint|p2a: Sableye\n|\n|t:|1700062088\n|switch|p1a: Rillaboom|Rillaboom, F|100\/100|[from] Volt Switch\n|-damage|p1a: Rillaboom|88\/100|[from] Spikes\n|-fieldstart|move: Grassy Terrain|[from] ability: Grassy Surge|[of] p1a: Rillaboom\n|\n|-heal|p1a: Rillaboom|94\/100|[from] Grassy Terrain\n|upkeep\n|-message|yunhaiyue forfeited.\n|\n|win|SSSSSSlizard\n|raw|SSSSSSlizard's rating: 1549 &rarr; <strong>1571<\/strong><br \/>(+22 for winning)\n|raw|yunhaiyue's rating: 1585 &rarr; <strong>1563<\/strong><br \/>(-22 for losing)\n|l|\u2606yunhaiyue\n","uploadtime":1700062131,"views":3,"p1id":"sssssslizard","p2id":"yunhaiyue","formatid":"gen9nationaldex","rating":1563,"private":0,"password":""}