{"id":"gen9nationaldex-2000668791","p1":"Bh100%","p2":"TheStroker","format":"[Gen 9] National Dex","log":"|html|<div class=\"broadcast-blue\"><strong>[Gen 9] National Dex is currently suspecting Sneasler! For information on how to participate check out the <a href=\"https:\/\/www.smogon.com\/forums\/threads\/sv-national-dex-suspect-8-just-dance.3731534\/\">suspect thread<\/a>.<\/strong><\/div>\n|j|\u2606Bh100%\n|j|\u2606TheStroker\n|t:|1701216703\n|gametype|singles\n|player|p1|Bh100%|lusamine-nihilego|1416\n|player|p2|TheStroker|janitor|1654\n|teamsize|p1|6\n|teamsize|p2|6\n|gen|9\n|tier|[Gen 9] National Dex\n|rated|\n|rule|HP Percentage Mod: HP is shown in percentages\n|rule|Endless Battle Clause: Forcing endless battles is banned\n|rule|OHKO Clause: OHKO moves are banned\n|rule|Evasion Clause: Evasion abilities, items, and moves are banned\n|rule|Evasion Abilities Clause: Evasion abilities are banned\n|rule|Evasion Items Clause: Evasion items are banned\n|rule|Evasion Moves Clause: Evasion moves are banned\n|rule|Species Clause: Limit one of each Pok\u00e9mon\n|rule|Sleep Clause Mod: Limit one foe put to sleep\n|clearpoke\n|poke|p1|Magnezone|\n|poke|p1|Rillaboom, F|\n|poke|p1|Sneasler, M|\n|poke|p1|Iron Valiant|\n|poke|p1|Diancie|\n|poke|p1|Landorus-Therian, M|\n|poke|p2|Meloetta|\n|poke|p2|Weavile, F|\n|poke|p2|Sneasler, F|\n|poke|p2|Goodra-Hisui, F|\n|poke|p2|Heatran, M|\n|poke|p2|Mew|\n|teampreview\n|inactive|Battle timer is ON: inactive players will automatically lose when time's up. (requested by Bh100%)\n|j| errantgamer\n|inactive|TheStroker has 120 seconds left.\n|\n|t:|1701216735\n|start\n|switch|p1a: Magnezone|Magnezone|100\/100\n|switch|p2a: Noobler|Sneasler, F|100\/100\n|turn|1\n|j| Zangoosefriend96\n|\n|t:|1701216744\n|switch|p1a: Landorus|Landorus-Therian, M|100\/100\n|-ability|p1a: Landorus|Intimidate|boost\n|-unboost|p2a: Noobler|atk|1\n|move|p2a: Noobler|Close Combat|p1a: Landorus\n|-resisted|p1a: Landorus\n|-crit|p1a: Landorus\n|-damage|p1a: Landorus|42\/100\n|-unboost|p2a: Noobler|def|1\n|-unboost|p2a: Noobler|spd|1\n|\n|upkeep\n|turn|2\n|\n|t:|1701216751\n|switch|p2a: 8 moves|Meloetta|100\/100\n|move|p1a: Landorus|Earthquake|p2a: 8 moves\n|-damage|p2a: 8 moves|27\/100\n|\n|upkeep\n|turn|3\n|\n|t:|1701216756\n|move|p1a: Landorus|Earthquake|p2a: 8 moves\n|-damage|p2a: 8 moves|0 fnt\n|faint|p2a: 8 moves\n|\n|upkeep\n|\n|t:|1701216761\n|switch|p2a: Name my|Weavile, F|100\/100\n|-ability|p2a: Name my|Pressure\n|turn|4\n|\n|t:|1701216765\n|-activate|p1a: Landorus|move: Pursuit\n|move|p2a: Name my|Pursuit|p1a: Landorus|[from]Pursuit\n|-damage|p1a: Landorus|0 fnt\n|faint|p1a: Landorus\n|-hint|A Pokemon can't switch between when it runs out of HP and when it faints\n|\n|upkeep\n|\n|t:|1701216772\n|switch|p1a: Magnezone|Magnezone|100\/100\n|turn|5\n|\n|t:|1701216782\n|switch|p2a: Goob|Goodra-Hisui, F|100\/100\n|move|p1a: Magnezone|Flash Cannon|p2a: Goob\n|-resisted|p2a: Goob\n|-damage|p2a: Goob|87\/100\n|\n|upkeep\n|turn|6\n|\n|t:|1701216794\n|switch|p1a: Rillaboom|Rillaboom, F|100\/100\n|-fieldstart|move: Grassy Terrain|[from] ability: Grassy Surge|[of] p1a: Rillaboom\n|move|p2a: Goob|Flash Cannon|p1a: Rillaboom\n|-damage|p1a: Rillaboom|55\/100\n|\n|-heal|p1a: Rillaboom|62\/100|[from] Grassy Terrain\n|-heal|p1a: Rillaboom|68\/100|[from] item: Leftovers\n|-heal|p2a: Goob|93\/100|[from] Grassy Terrain\n|upkeep\n|turn|7\n|\n|t:|1701216803\n|move|p1a: Rillaboom|Swords Dance|p1a: Rillaboom\n|-boost|p1a: Rillaboom|atk|2\n|move|p2a: Goob|Ice Beam|p1a: Rillaboom\n|-supereffective|p1a: Rillaboom\n|-damage|p1a: Rillaboom|0 fnt\n|faint|p1a: Rillaboom\n|\n|-heal|p2a: Goob|99\/100|[from] Grassy Terrain\n|upkeep\n|\n|t:|1701216810\n|switch|p1a: Sneasler|Sneasler, M|100\/100\n|-enditem|p1a: Sneasler|Grassy Seed\n|-boost|p1a: Sneasler|def|1|[from] item: Grassy Seed\n|turn|8\n|\n|t:|1701216817\n|move|p1a: Sneasler|Close Combat|p2a: Goob\n|-supereffective|p2a: Goob\n|-damage|p2a: Goob|0 fnt\n|-unboost|p1a: Sneasler|def|1\n|-unboost|p1a: Sneasler|spd|1\n|faint|p2a: Goob\n|\n|upkeep\n|j| less might be more\n|\n|t:|1701216828\n|switch|p2a: Noobler|Sneasler, F|100\/100\n|turn|9\n|n| errantgamer|errantgamer\n|\n|t:|1701216833\n|move|p1a: Sneasler|Acrobatics|p2a: Noobler\n|-supereffective|p2a: Noobler\n|-damage|p2a: Noobler|0 fnt\n|faint|p2a: Noobler\n|\n|upkeep\n|\n|t:|1701216838\n|switch|p2a: If legal|Mew|100\/100\n|turn|10\n|\n|t:|1701216847\n|switch|p1a: Magnezone|Magnezone|100\/100\n|-terastallize|p2a: If legal|Poison\n|move|p2a: If legal|Cosmic Power|p2a: If legal\n|-boost|p2a: If legal|def|1\n|-boost|p2a: If legal|spd|1\n|\n|-fieldend|move: Grassy Terrain\n|upkeep\n|turn|11\n|\n|t:|1701216857\n|switch|p1a: Sneasler|Sneasler, M|100\/100\n|move|p2a: If legal|Cosmic Power|p2a: If legal\n|-boost|p2a: If legal|def|1\n|-boost|p2a: If legal|spd|1\n|\n|upkeep\n|turn|12\n|\n|t:|1701216864\n|move|p1a: Sneasler|Swords Dance|p1a: Sneasler\n|-boost|p1a: Sneasler|atk|2\n|move|p2a: If legal|Stored Power|p1a: Sneasler\n|-supereffective|p1a: Sneasler\n|-damage|p1a: Sneasler|0 fnt\n|faint|p1a: Sneasler\n|\n|upkeep\n|\n|t:|1701216870\n|switch|p1a: Iron Valiant|Iron Valiant|100\/100\n|-enditem|p1a: Iron Valiant|Booster Energy\n|-activate|p1a: Iron Valiant|ability: Quark Drive|[fromitem]\n|-start|p1a: Iron Valiant|quarkdrivespe\n|turn|13\n|\n|t:|1701216874\n|-terastallize|p1a: Iron Valiant|Steel\n|move|p1a: Iron Valiant|Calm Mind|p1a: Iron Valiant\n|-boost|p1a: Iron Valiant|spa|1\n|-boost|p1a: Iron Valiant|spd|1\n|move|p2a: If legal|Stored Power|p1a: Iron Valiant\n|-resisted|p1a: Iron Valiant\n|-damage|p1a: Iron Valiant|79\/100\n|\n|upkeep\n|turn|14\n|\n|t:|1701216881\n|move|p1a: Iron Valiant|Calm Mind|p1a: Iron Valiant\n|-boost|p1a: Iron Valiant|spa|1\n|-boost|p1a: Iron Valiant|spd|1\n|move|p2a: If legal|Body Press|p1a: Iron Valiant\n|-supereffective|p1a: Iron Valiant\n|-damage|p1a: Iron Valiant|0 fnt\n|faint|p1a: Iron Valiant\n|-end|p1a: Iron Valiant|Quark Drive|[silent]\n|\n|upkeep\n|\n|t:|1701216887\n|switch|p1a: Magnezone|Magnezone|100\/100\n|turn|15\n|\n|t:|1701216891\n|move|p2a: If legal|Cosmic Power|p2a: If legal\n|-boost|p2a: If legal|def|1\n|-boost|p2a: If legal|spd|1\n|move|p1a: Magnezone|Thunderbolt|p2a: If legal\n|-damage|p2a: If legal|79\/100\n|\n|-heal|p2a: If legal|85\/100|[from] item: Leftovers\n|upkeep\n|turn|16\n|\n|t:|1701216893\n|move|p2a: If legal|Cosmic Power|p2a: If legal\n|-boost|p2a: If legal|def|1\n|-boost|p2a: If legal|spd|1\n|move|p1a: Magnezone|Thunderbolt|p2a: If legal\n|-damage|p2a: If legal|63\/100\n|\n|-heal|p2a: If legal|70\/100|[from] item: Leftovers\n|upkeep\n|turn|17\n|\n|t:|1701216895\n|move|p2a: If legal|Roost|p2a: If legal\n|-heal|p2a: If legal|100\/100\n|move|p1a: Magnezone|Thunderbolt|p2a: If legal\n|-damage|p2a: If legal|79\/100\n|\n|-heal|p2a: If legal|85\/100|[from] item: Leftovers\n|upkeep\n|turn|18\n|\n|t:|1701216898\n|switch|p1a: Diancie|Diancie|100\/100\n|move|p2a: If legal|Cosmic Power|p2a: If legal\n|-boost|p2a: If legal|def|1\n|-boost|p2a: If legal|spd|1\n|\n|-heal|p2a: If legal|91\/100|[from] item: Leftovers\n|upkeep\n|turn|19\n|\n|t:|1701216901\n|detailschange|p1a: Diancie|Diancie-Mega\n|-mega|p1a: Diancie|Diancie|Diancite\n|move|p1a: Diancie|Earth Power|p2a: If legal\n|-supereffective|p2a: If legal\n|-crit|p2a: If legal\n|-damage|p2a: If legal|1\/100\n|move|p2a: If legal|Cosmic Power|p2a: If legal\n|-boost|p2a: If legal|def|1\n|-boost|p2a: If legal|spd|1\n|\n|-heal|p2a: If legal|8\/100|[from] item: Leftovers\n|upkeep\n|turn|20\n|\n|t:|1701216907\n|move|p1a: Diancie|Earth Power|p2a: If legal\n|-supereffective|p2a: If legal\n|-damage|p2a: If legal|0 fnt\n|faint|p2a: If legal\n|\n|upkeep\n|\n|t:|1701216911\n|switch|p2a: Name my|Weavile, F|100\/100\n|-ability|p2a: Name my|Pressure\n|turn|21\n|\n|t:|1701216913\n|switch|p1a: Magnezone|Magnezone|100\/100\n|move|p2a: Name my|Icicle Crash|p1a: Magnezone\n|-resisted|p1a: Magnezone\n|-damage|p1a: Magnezone|68\/100\n|\n|upkeep\n|turn|22\n|\n|t:|1701216923\n|switch|p2a: hellfrog|Heatran, M|100\/100\n|move|p1a: Magnezone|Thunderbolt|p2a: hellfrog\n|-damage|p2a: hellfrog|50\/100\n|\n|-heal|p2a: hellfrog|57\/100|[from] item: Leftovers\n|upkeep\n|turn|23\n|\n|t:|1701216933\n|move|p1a: Magnezone|Thunderbolt|p2a: hellfrog\n|-damage|p2a: hellfrog|10\/100\n|-status|p2a: hellfrog|par\n|move|p2a: hellfrog|Lava Plume|p1a: Magnezone\n|-supereffective|p1a: Magnezone\n|-damage|p1a: Magnezone|0 fnt\n|faint|p1a: Magnezone\n|\n|-heal|p2a: hellfrog|16\/100 par|[from] item: Leftovers\n|upkeep\n|\n|t:|1701216939\n|switch|p1a: Diancie|Diancie-Mega|100\/100\n|turn|24\n|\n|t:|1701216941\n|move|p1a: Diancie|Diamond Storm|p2a: hellfrog\n|-damage|p2a: hellfrog|0 fnt\n|faint|p2a: hellfrog\n|\n|upkeep\n|\n|t:|1701216943\n|switch|p2a: Name my|Weavile, F|100\/100\n|-ability|p2a: Name my|Pressure\n|turn|25\n|\n|t:|1701216948\n|move|p2a: Name my|Icicle Crash|p1a: Diancie\n|-damage|p1a: Diancie|20\/100\n|cant|p1a: Diancie|flinch\n|\n|upkeep\n|turn|26\n|c|\u2606Bh100%|that mattered\n|c|\u2606TheStroker|No shit\n|c|\u2606Bh100%|skill issue\n|-message|Bh100% forfeited.\n|\n|win|TheStroker\n|raw|Bh100%'s rating: 1416 &rarr; <strong>1408<\/strong><br \/>(-8 for losing)\n|raw|TheStroker's rating: 1654 &rarr; <strong>1662<\/strong><br \/>(+8 for winning)\n|l|\u2606Bh100%\n","uploadtime":1701217005,"views":0,"p1id":"bh100","p2id":"thestroker","formatid":"gen9nationaldex","rating":1408,"private":0,"password":""}