{"id":"gen9nationaldex-1996807090","p1":"kingski438","p2":"Luccalol","format":"[Gen 9] National Dex","log":"|html|<div class=\"broadcast-blue\"><strong>[Gen 9] National Dex is currently suspecting Sneasler! For information on how to participate check out the <a href=\"https:\/\/www.smogon.com\/forums\/threads\/sv-national-dex-suspect-8-just-dance.3731534\/\">suspect thread<\/a>.<\/strong><\/div>\n|j|\u2606kingski438\n|j|\u2606Luccalol\n|t:|1700728511\n|gametype|singles\n|player|p1|kingski438|camper|1203\n|player|p2|Luccalol|psychic-gen4|1116\n|teamsize|p1|6\n|teamsize|p2|6\n|gen|9\n|tier|[Gen 9] National Dex\n|rated|\n|rule|HP Percentage Mod: HP is shown in percentages\n|rule|Endless Battle Clause: Forcing endless battles is banned\n|rule|OHKO Clause: OHKO moves are banned\n|rule|Evasion Clause: Evasion abilities, items, and moves are banned\n|rule|Evasion Abilities Clause: Evasion abilities are banned\n|rule|Evasion Items Clause: Evasion items are banned\n|rule|Evasion Moves Clause: Evasion moves are banned\n|rule|Species Clause: Limit one of each Pok\u00e9mon\n|rule|Sleep Clause Mod: Limit one foe put to sleep\n|clearpoke\n|poke|p1|Toxapex, F|\n|poke|p1|Serperior, M|\n|poke|p1|Ferrothorn, M|\n|poke|p1|Charizard, M|\n|poke|p1|Samurott-Hisui, M|\n|poke|p1|Grimmsnarl, M|\n|poke|p2|Inteleon, M|\n|poke|p2|Greninja-*, M|\n|poke|p2|Chandelure, M|\n|poke|p2|Aegislash, M|\n|poke|p2|Serperior, F|\n|poke|p2|Umbreon, M|\n|teampreview\n|\n|t:|1700728522\n|start\n|switch|p1a: Samurott|Samurott-Hisui, M|100\/100\n|switch|p2a: Inteleon|Inteleon, M|100\/100\n|turn|1\n|\n|t:|1700728544\n|switch|p2a: Aegislash|Aegislash, M, shiny|100\/100\n|move|p1a: Samurott|Ceaseless Edge|p2a: Aegislash\n|-supereffective|p2a: Aegislash\n|-damage|p2a: Aegislash|30\/100\n|-sidestart|p2: Luccalol|Spikes\n|\n|upkeep\n|turn|2\n|\n|t:|1700728553\n|move|p2a: Aegislash|King's Shield|p2a: Aegislash\n|-singleturn|p2a: Aegislash|Protect\n|move|p1a: Samurott|Ceaseless Edge|p2a: Aegislash\n|-activate|p2a: Aegislash|move: Protect\n|-unboost|p1a: Samurott|atk|1\n|\n|upkeep\n|turn|3\n|\n|t:|1700728561\n|switch|p2a: Umbreon|Umbreon, M, shiny|100\/100\n|-damage|p2a: Umbreon|88\/100|[from] Spikes\n|move|p1a: Samurott|Ceaseless Edge|p2a: Umbreon|[miss]\n|-miss|p1a: Samurott|p2a: Umbreon\n|\n|-heal|p2a: Umbreon|94\/100|[from] item: Leftovers\n|upkeep\n|turn|4\n|\n|t:|1700728572\n|switch|p1a: Ferrothorn|Ferrothorn, M|100\/100\n|move|p2a: Umbreon|Toxic|p1a: Ferrothorn\n|-immune|p1a: Ferrothorn\n|\n|-heal|p2a: Umbreon|99\/100|[from] item: Leftovers\n|upkeep\n|turn|5\n|\n|t:|1700728578\n|move|p2a: Umbreon|Mean Look|p1a: Ferrothorn\n|-activate|p1a: Ferrothorn|trapped\n|move|p1a: Ferrothorn|Leech Seed|p2a: Umbreon\n|-start|p2a: Umbreon|move: Leech Seed\n|\n|-heal|p2a: Umbreon|100\/100|[from] item: Leftovers\n|-damage|p2a: Umbreon|88\/100|[from] Leech Seed|[of] p1a: Ferrothorn\n|upkeep\n|turn|6\n|\n|t:|1700728587\n|switch|p2a: Chandelure|Chandelure, M|100\/100\n|-damage|p2a: Chandelure|88\/100|[from] Spikes\n|move|p1a: Ferrothorn|Knock Off|p2a: Chandelure\n|-supereffective|p2a: Chandelure\n|-damage|p2a: Chandelure|26\/100\n|-enditem|p2a: Chandelure|Choice Scarf|[from] move: Knock Off|[of] p1a: Ferrothorn\n|\n|upkeep\n|turn|7\n|\n|t:|1700728598\n|switch|p1a: Samurott|Samurott-Hisui, M|100\/100\n|move|p2a: Chandelure|Flamethrower|p1a: Samurott\n|-resisted|p1a: Samurott\n|-damage|p1a: Samurott|59\/100\n|\n|-heal|p1a: Samurott|66\/100|[from] item: Leftovers\n|upkeep\n|turn|8\n|c|\u2606Luccalol|what\n|inactive|Battle timer is ON: inactive players will automatically lose when time's up. (requested by kingski438)\n|c|\u2606kingski438|come on\n|c|\u2606Luccalol|but I mean looked\n|inactive|Luccalol has 120 seconds left.\n|c|\u2606kingski438|so\uff1f\n|\n|t:|1700728652\n|switch|p2a: Serperior|Serperior, F|100\/100\n|-damage|p2a: Serperior|88\/100|[from] Spikes\n|move|p1a: Samurott|Ceaseless Edge|p2a: Serperior\n|-damage|p2a: Serperior|39\/100\n|-sidestart|p2: Luccalol|Spikes\n|\n|-heal|p1a: Samurott|72\/100|[from] item: Leftovers\n|upkeep\n|turn|9\n|\n|t:|1700728665\n|switch|p1a: Charizard|Charizard, M|100\/100\n|move|p2a: Serperior|Leaf Storm|p1a: Charizard\n|-resisted|p1a: Charizard\n|-damage|p1a: Charizard|85\/100\n|-boost|p2a: Serperior|spa|2\n|\n|upkeep\n|turn|10\n|c|\u2606Luccalol|\u201cferrothorn can no longer escape\u201d\n|c|\u2606Luccalol|*escapes*\n|c|\u2606Luccalol|wtv\n|\n|t:|1700728691\n|detailschange|p1a: Charizard|Charizard-Mega-Y, M\n|-mega|p1a: Charizard|Charizard|Charizardite Y\n|-weather|SunnyDay|[from] ability: Drought|[of] p1a: Charizard\n|move|p2a: Serperior|Leaf Storm|p1a: Charizard\n|-resisted|p1a: Charizard\n|-damage|p1a: Charizard|62\/100\n|-boost|p2a: Serperior|spa|2\n|move|p1a: Charizard|Weather Ball|p2a: Serperior\n|-supereffective|p2a: Serperior\n|-damage|p2a: Serperior|0 fnt\n|faint|p2a: Serperior\n|\n|-weather|SunnyDay|[upkeep]\n|upkeep\n|\n|t:|1700728697\n|switch|p2a: Inteleon|Inteleon, M|100\/100\n|-damage|p2a: Inteleon|84\/100|[from] Spikes\n|turn|11\n|c|\u2606Luccalol|I give up\n|c|\u2606kingski438|LOLOLOLOL\n|-message|Luccalol forfeited.\n|\n|win|kingski438\n|raw|kingski438's rating: 1203 &rarr; <strong>1222<\/strong><br \/>(+19 for winning)\n|raw|Luccalol's rating: 1116 &rarr; <strong>1097<\/strong><br \/>(-19 for losing)\n|l|\u2606Luccalol\n","uploadtime":1700728726,"views":13,"p1id":"kingski438","p2id":"luccalol","formatid":"gen9nationaldex","rating":1097,"private":0,"password":""}