{"id":"gen9nationaldex-1998614729","p1":"bzjnb2333","p2":"Market4444","format":"[Gen 9] National Dex","log":"|html|<div class=\"broadcast-blue\"><strong>[Gen 9] National Dex is currently suspecting Sneasler! For information on how to participate check out the <a href=\"https:\/\/www.smogon.com\/forums\/threads\/sv-national-dex-suspect-8-just-dance.3731534\/\">suspect thread<\/a>.<\/strong><\/div>\n|j|\u2606bzjnb2333\n|j|\u2606Market4444\n|t:|1700963181\n|gametype|singles\n|player|p1|bzjnb2333|red|1114\n|player|p2|Market4444|roxie|1000\n|teamsize|p1|6\n|teamsize|p2|6\n|gen|9\n|tier|[Gen 9] National Dex\n|rated|\n|rule|HP Percentage Mod: HP is shown in percentages\n|rule|Endless Battle Clause: Forcing endless battles is banned\n|rule|OHKO Clause: OHKO moves are banned\n|rule|Evasion Clause: Evasion abilities, items, and moves are banned\n|rule|Evasion Abilities Clause: Evasion abilities are banned\n|rule|Evasion Items Clause: Evasion items are banned\n|rule|Evasion Moves Clause: Evasion moves are banned\n|rule|Species Clause: Limit one of each Pok\u00e9mon\n|rule|Sleep Clause Mod: Limit one foe put to sleep\n|clearpoke\n|poke|p1|Meganium, M|\n|poke|p1|Garchomp, F|\n|poke|p1|Scizor, M|\n|poke|p1|Swampert, F|\n|poke|p1|Zapdos|\n|poke|p1|Tapu Fini|\n|poke|p2|Whimsicott, M|\n|poke|p2|Eldegoss, M|\n|poke|p2|Volcarona, M|\n|poke|p2|Ribombee, M|\n|poke|p2|Venusaur, M|\n|poke|p2|Toxicroak, M|\n|teampreview\n|inactive|Battle timer is ON: inactive players will automatically lose when time's up. (requested by bzjnb2333)\n|\n|t:|1700963202\n|start\n|switch|p1a: Garchomp|Garchomp, F, shiny|100\/100\n|switch|p2a: Whimsicott|Whimsicott, M, shiny|100\/100\n|turn|1\n|\n|t:|1700963212\n|move|p1a: Garchomp|Earthquake|p2a: Whimsicott\n|-resisted|p2a: Whimsicott\n|-damage|p2a: Whimsicott|73\/100\n|move|p2a: Whimsicott|Sunny Day|p2a: Whimsicott\n|-weather|SunnyDay\n|\n|-weather|SunnyDay|[upkeep]\n|upkeep\n|turn|2\n|\n|t:|1700963224\n|move|p2a: Whimsicott|Leech Seed|p1a: Garchomp\n|-start|p1a: Garchomp|move: Leech Seed\n|-zpower|p1a: Garchomp\n|move|p1a: Garchomp|Continental Crush|p2a: Whimsicott|[zeffect]\n|-damage|p2a: Whimsicott|9\/100\n|\n|-weather|SunnyDay|[upkeep]\n|-damage|p1a: Garchomp|88\/100|[from] Leech Seed|[of] p2a: Whimsicott\n|-heal|p2a: Whimsicott|25\/100|[silent]\n|upkeep\n|turn|3\n|\n|t:|1700963236\n|move|p2a: Whimsicott|Moonblast|p1a: Garchomp\n|-supereffective|p1a: Garchomp\n|-damage|p1a: Garchomp|29\/100\n|-heal|p2a: Whimsicott|35\/100|[from] item: Shell Bell|[of] p1a: Garchomp\n|move|p1a: Garchomp|Earthquake|p2a: Whimsicott\n|-resisted|p2a: Whimsicott\n|-damage|p2a: Whimsicott|5\/100\n|\n|-weather|SunnyDay|[upkeep]\n|-damage|p1a: Garchomp|16\/100|[from] Leech Seed|[of] p2a: Whimsicott\n|-heal|p2a: Whimsicott|22\/100|[silent]\n|upkeep\n|turn|4\n|\n|t:|1700963253\n|move|p2a: Whimsicott|U-turn|p1a: Garchomp\n|-damage|p1a: Garchomp|5\/100\n|-damage|p2a: Whimsicott|9\/100|[from] ability: Rough Skin|[of] p1a: Garchomp\n|-heal|p2a: Whimsicott|11\/100|[from] item: Shell Bell|[of] p1a: Garchomp\n|\n|t:|1700963265\n|switch|p2a: Volcarona|Volcarona, M, shiny|100\/100|[from] U-turn\n|move|p1a: Garchomp|Stealth Rock|p2a: Volcarona\n|-sidestart|p2: Market4444|move: Stealth Rock\n|\n|-weather|SunnyDay|[upkeep]\n|-damage|p1a: Garchomp|0 fnt|[from] Leech Seed|[of] p2a: Volcarona\n|faint|p1a: Garchomp\n|upkeep\n|\n|t:|1700963275\n|switch|p1a: Swampert|Swampert, F|100\/100\n|turn|5\n|\n|t:|1700963286\n|switch|p1a: Tapu Fini|Tapu Fini, shiny|100\/100\n|-fieldstart|move: Misty Terrain|[from] ability: Misty Surge|[of] p1a: Tapu Fini\n|move|p2a: Volcarona|Quiver Dance|p2a: Volcarona\n|-boost|p2a: Volcarona|spa|1\n|-boost|p2a: Volcarona|spd|1\n|-boost|p2a: Volcarona|spe|1\n|\n|-weather|none\n|upkeep\n|turn|6\n|\n|t:|1700963295\n|move|p2a: Volcarona|Quiver Dance|p2a: Volcarona\n|-boost|p2a: Volcarona|spa|1\n|-boost|p2a: Volcarona|spd|1\n|-boost|p2a: Volcarona|spe|1\n|move|p1a: Tapu Fini|Trick|p2a: Volcarona\n|-activate|p1a: Tapu Fini|move: Trick|[of] p2a: Volcarona\n|-item|p2a: Volcarona|Choice Scarf|[from] move: Trick\n|-item|p1a: Tapu Fini|Focus Sash|[from] move: Trick\n|\n|upkeep\n|turn|7\n|\n|t:|1700963303\n|move|p2a: Volcarona|Giga Drain|p1a: Tapu Fini\n|-supereffective|p1a: Tapu Fini\n|-damage|p1a: Tapu Fini|10\/100\n|move|p1a: Tapu Fini|Scald|p2a: Volcarona\n|-supereffective|p2a: Volcarona\n|-damage|p2a: Volcarona|74\/100\n|\n|upkeep\n|turn|8\n|\n|t:|1700963317\n|switch|p1a: Scizor|Scizor, M|100\/100\n|move|p2a: Volcarona|Giga Drain|p1a: Scizor\n|-resisted|p1a: Scizor\n|-damage|p1a: Scizor|87\/100\n|-heal|p2a: Volcarona|82\/100|[from] drain|[of] p1a: Scizor\n|\n|upkeep\n|turn|9\n|\n|t:|1700963326\n|detailschange|p1a: Scizor|Scizor-Mega, M\n|-mega|p1a: Scizor|Scizor|Scizorite\n|move|p2a: Volcarona|Giga Drain|p1a: Scizor\n|-resisted|p1a: Scizor\n|-damage|p1a: Scizor|76\/100\n|-heal|p2a: Volcarona|88\/100|[from] drain|[of] p1a: Scizor\n|move|p1a: Scizor|Swords Dance|p1a: Scizor\n|-boost|p1a: Scizor|atk|2\n|\n|-fieldend|Misty Terrain\n|upkeep\n|turn|10\n|\n|t:|1700963332\n|switch|p2a: Eldegoss|Eldegoss, M, shiny|100\/100\n|-damage|p2a: Eldegoss|88\/100|[from] Stealth Rock\n|move|p1a: Scizor|Swords Dance|p1a: Scizor\n|-boost|p1a: Scizor|atk|2\n|\n|upkeep\n|turn|11\n|\n|t:|1700963340\n|move|p1a: Scizor|Bullet Punch|p2a: Eldegoss\n|-crit|p2a: Eldegoss\n|-damage|p2a: Eldegoss|0 fnt\n|faint|p2a: Eldegoss\n|\n|upkeep\n|\n|t:|1700963345\n|switch|p2a: Ribombee|Ribombee, M, shiny|100\/100\n|turn|12\n|\n|t:|1700963352\n|move|p1a: Scizor|Bullet Punch|p2a: Ribombee\n|-supereffective|p2a: Ribombee\n|-damage|p2a: Ribombee|0 fnt\n|faint|p2a: Ribombee\n|\n|upkeep\n|\n|t:|1700963354\n|switch|p2a: Toxicroak|Toxicroak, M, shiny|100\/100\n|-damage|p2a: Toxicroak|94\/100|[from] Stealth Rock\n|turn|13\n|\n|t:|1700963364\n|-terastallize|p2a: Toxicroak|Dark\n|move|p1a: Scizor|Bullet Punch|p2a: Toxicroak\n|-damage|p2a: Toxicroak|0 fnt\n|-damage|p1a: Scizor|60\/100|[from] item: Rocky Helmet|[of] p2a: Toxicroak\n|faint|p2a: Toxicroak\n|\n|upkeep\n|\n|t:|1700963368\n|switch|p2a: Whimsicott|Whimsicott, M, shiny|11\/100\n|-damage|p2a: Whimsicott|0 fnt|[from] Stealth Rock\n|faint|p2a: Whimsicott\n|\n|t:|1700963370\n|switch|p2a: Volcarona|Volcarona, M, shiny|88\/100\n|-damage|p2a: Volcarona|38\/100|[from] Stealth Rock\n|turn|14\n|\n|t:|1700963377\n|move|p1a: Scizor|Bullet Punch|p2a: Volcarona\n|-resisted|p2a: Volcarona\n|-damage|p2a: Volcarona|0 fnt\n|faint|p2a: Volcarona\n|\n|upkeep\n|\n|t:|1700963379\n|switch|p2a: Venusaur|Venusaur, M, shiny|100\/100\n|-damage|p2a: Venusaur|88\/100|[from] Stealth Rock\n|turn|15\n|\n|t:|1700963382\n|detailschange|p2a: Venusaur|Venusaur-Mega, M, shiny\n|-mega|p2a: Venusaur|Venusaur|Venusaurite\n|move|p1a: Scizor|Bullet Punch|p2a: Venusaur\n|-damage|p2a: Venusaur|19\/100\n|move|p2a: Venusaur|Return|p1a: Scizor\n|-resisted|p1a: Scizor\n|-damage|p1a: Scizor|51\/100\n|\n|upkeep\n|turn|16\n|\n|t:|1700963389\n|move|p1a: Scizor|Bullet Punch|p2a: Venusaur\n|-damage|p2a: Venusaur|0 fnt\n|faint|p2a: Venusaur\n|\n|win|bzjnb2333\n|raw|bzjnb2333's rating: 1114 &rarr; <strong>1131<\/strong><br \/>(+17 for winning)\n|raw|Market4444's rating: 1000 &rarr; <strong>1000<\/strong><br \/>(+0 for losing)\n","uploadtime":1700963396,"views":2,"p1id":"bzjnb2333","p2id":"market4444","formatid":"gen9nationaldex","rating":1000,"private":0,"password":""}