{"id":"gen9nationaldex-1988794266","p1":"tdd20070515\u5179\u4f0f\u5947\u5927\u543e","p2":"Josd1","format":"[Gen 9] National Dex","log":"|j|\u2606tdd20070515\u5179\u4f0f\u5947\u5927\u543e\n|j|\u2606Josd1\n|t:|1699764108\n|gametype|singles\n|player|p1|tdd20070515\u5179\u4f0f\u5947\u5927\u543e|steven|1262\n|player|p2|Josd1|lady|1330\n|teamsize|p1|6\n|teamsize|p2|6\n|gen|9\n|tier|[Gen 9] National Dex\n|rated|\n|rule|HP Percentage Mod: HP is shown in percentages\n|rule|Endless Battle Clause: Forcing endless battles is banned\n|rule|OHKO Clause: OHKO moves are banned\n|rule|Evasion Clause: Evasion abilities, items, and moves are banned\n|rule|Evasion Abilities Clause: Evasion abilities are banned\n|rule|Evasion Items Clause: Evasion items are banned\n|rule|Evasion Moves Clause: Evasion moves are banned\n|rule|Species Clause: Limit one of each Pok\u00e9mon\n|rule|Sleep Clause Mod: Limit one foe put to sleep\n|clearpoke\n|poke|p1|Golisopod, M|\n|poke|p1|Hoopa-Unbound|\n|poke|p1|Zapdos|\n|poke|p1|Landorus-Therian, M|\n|poke|p1|Heatran, F|\n|poke|p1|Scizor, F|\n|poke|p2|Landorus-Therian, M|\n|poke|p2|Gallade, M|\n|poke|p2|Sneasler, F|\n|poke|p2|Rillaboom, M|\n|poke|p2|Zapdos|\n|poke|p2|Heatran, F|\n|teampreview\n|inactive|Battle timer is ON: inactive players will automatically lose when time's up. (requested by Josd1)\n|\n|t:|1699764124\n|start\n|switch|p1a: Scizor|Scizor, F|100\/100\n|switch|p2a: Landorus|Landorus-Therian, M|100\/100\n|-ability|p2a: Landorus|Intimidate|boost\n|-unboost|p1a: Scizor|atk|1\n|turn|1\n|\n|t:|1699764135\n|detailschange|p1a: Scizor|Scizor-Mega, F\n|-mega|p1a: Scizor|Scizor|Scizorite\n|move|p2a: Landorus|U-turn|p1a: Scizor\n|-resisted|p1a: Scizor\n|-damage|p1a: Scizor|93\/100\n|\n|t:|1699764138\n|switch|p2a: Heatran|Heatran, F|100\/100|[from] U-turn\n|move|p1a: Scizor|U-turn|p2a: Heatran\n|-resisted|p2a: Heatran\n|-damage|p2a: Heatran|95\/100\n|\n|t:|1699764142\n|switch|p1a: Landorus|Landorus-Therian, M, shiny|100\/100|[from] U-turn\n|-ability|p1a: Landorus|Intimidate|boost\n|-unboost|p2a: Heatran|atk|1\n|\n|-heal|p2a: Heatran|100\/100|[from] item: Leftovers\n|upkeep\n|turn|2\n|\n|t:|1699764148\n|switch|p2a: Rillaboom|Rillaboom, M|100\/100\n|-fieldstart|move: Grassy Terrain|[from] ability: Grassy Surge|[of] p2a: Rillaboom\n|move|p1a: Landorus|Smack Down|p2a: Rillaboom\n|-damage|p2a: Rillaboom|81\/100\n|\n|-heal|p2a: Rillaboom|87\/100|[from] Grassy Terrain\n|upkeep\n|turn|3\n|\n|t:|1699764155\n|move|p1a: Landorus|U-turn|p2a: Rillaboom\n|-supereffective|p2a: Rillaboom\n|-damage|p2a: Rillaboom|36\/100\n|\n|t:|1699764162\n|switch|p1a: Zapdos|Zapdos|100\/100|[from] U-turn\n|move|p2a: Rillaboom|Knock Off|p1a: Zapdos\n|-damage|p1a: Zapdos|64\/100\n|-status|p2a: Rillaboom|par|[from] ability: Static|[of] p1a: Zapdos\n|-enditem|p1a: Zapdos|Heavy-Duty Boots|[from] move: Knock Off|[of] p2a: Rillaboom\n|\n|-heal|p2a: Rillaboom|42\/100 par|[from] Grassy Terrain\n|upkeep\n|turn|4\n|\n|t:|1699764172\n|switch|p2a: Landorus|Landorus-Therian, M|100\/100\n|-ability|p2a: Landorus|Intimidate|boost\n|-unboost|p1a: Zapdos|atk|1\n|move|p1a: Zapdos|Volt Switch|p2a: Landorus\n|-immune|p2a: Landorus\n|\n|upkeep\n|turn|5\n|\n|t:|1699764175\n|move|p1a: Zapdos|Hidden Power|p2a: Landorus\n|-supereffective|p2a: Landorus\n|-damage|p2a: Landorus|23\/100\n|move|p2a: Landorus|Stealth Rock|p1a: Zapdos\n|-sidestart|p1: tdd20070515\u5179\u4f0f\u5947\u5927\u543e|move: Stealth Rock\n|\n|upkeep\n|turn|6\n|\n|t:|1699764183\n|switch|p2a: Sneasler|Sneasler, F|100\/100\n|-enditem|p2a: Sneasler|Grassy Seed\n|-boost|p2a: Sneasler|def|1|[from] item: Grassy Seed\n|move|p1a: Zapdos|Defog|p2a: Sneasler\n|-unboost|p2a: Sneasler|evasion|1\n|-sideend|p1: tdd20070515\u5179\u4f0f\u5947\u5927\u543e|Stealth Rock|[from] move: Defog|[of] p1a: Zapdos\n|-fieldend|move: Grassy Terrain\n|\n|upkeep\n|turn|7\n|\n|t:|1699764209\n|move|p2a: Sneasler|Night Slash|p1a: Zapdos\n|-damage|p1a: Zapdos|44\/100\n|move|p1a: Zapdos|Volt Switch|p2a: Sneasler\n|-damage|p2a: Sneasler|64\/100\n|\n|t:|1699764228\n|switch|p1a: Golisopod|Golisopod, M, shiny|100\/100|[from] Volt Switch\n|\n|upkeep\n|turn|8\n|\n|t:|1699764234\n|move|p1a: Golisopod|First Impression|p2a: Sneasler\n|-resisted|p2a: Sneasler\n|-damage|p2a: Sneasler|51\/100\n|move|p2a: Sneasler|Swords Dance|p2a: Sneasler\n|-boost|p2a: Sneasler|atk|2\n|\n|upkeep\n|turn|9\n|\n|t:|1699764241\n|switch|p1a: Landorus|Landorus-Therian, M, shiny|100\/100\n|-ability|p1a: Landorus|Intimidate|boost\n|-unboost|p2a: Sneasler|atk|1\n|move|p2a: Sneasler|Acrobatics|p1a: Landorus\n|-damage|p1a: Landorus|40\/100\n|\n|upkeep\n|turn|10\n|\n|t:|1699764246\n|switch|p1a: Zapdos|Zapdos|44\/100\n|move|p2a: Sneasler|Acrobatics|p1a: Zapdos\n|-resisted|p1a: Zapdos\n|-damage|p1a: Zapdos|20\/100\n|\n|upkeep\n|turn|11\n|\n|t:|1699764255\n|move|p2a: Sneasler|Swords Dance|p2a: Sneasler\n|-boost|p2a: Sneasler|atk|2\n|move|p1a: Zapdos|Roost|p1a: Zapdos\n|-heal|p1a: Zapdos|70\/100\n|-singleturn|p1a: Zapdos|move: Roost\n|\n|upkeep\n|turn|12\n|\n|t:|1699764265\n|move|p2a: Sneasler|Acrobatics|p1a: Zapdos\n|-resisted|p1a: Zapdos\n|-damage|p1a: Zapdos|35\/100\n|move|p1a: Zapdos|Volt Switch|p2a: Sneasler\n|-damage|p2a: Sneasler|13\/100\n|\n|t:|1699764273\n|switch|p1a: Scizor|Scizor-Mega, F|93\/100|[from] Volt Switch\n|\n|upkeep\n|turn|13\n|\n|t:|1699764276\n|move|p1a: Scizor|Bullet Punch|p2a: Sneasler\n|-damage|p2a: Sneasler|0 fnt\n|faint|p2a: Sneasler\n|\n|upkeep\n|\n|t:|1699764279\n|switch|p2a: Heatran|Heatran, F|100\/100\n|turn|14\n|inactive|tdd20070515\u5179\u4f0f\u5947\u5927\u543e has 120 seconds left.\n|\n|t:|1699764312\n|move|p2a: Heatran|Earth Power|p1a: Scizor\n|-damage|p1a: Scizor|65\/100\n|move|p1a: Scizor|Close Combat|p2a: Heatran\n|-supereffective|p2a: Heatran\n|-damage|p2a: Heatran|21\/100\n|-unboost|p1a: Scizor|def|1\n|-unboost|p1a: Scizor|spd|1\n|\n|-heal|p2a: Heatran|27\/100|[from] item: Leftovers\n|upkeep\n|turn|15\n|inactive|tdd20070515\u5179\u4f0f\u5947\u5927\u543e has 120 seconds left.\n|\n|t:|1699764329\n|switch|p2a: Zapdos|Zapdos|100\/100\n|switch|p1a: Zapdos|Zapdos|35\/100\n|\n|upkeep\n|turn|16\n|\n|t:|1699764336\n|move|p2a: Zapdos|Hidden Power|p1a: Zapdos\n|-supereffective|p1a: Zapdos\n|-damage|p1a: Zapdos|4\/100\n|move|p1a: Zapdos|Roost|p1a: Zapdos\n|-heal|p1a: Zapdos|54\/100\n|-singleturn|p1a: Zapdos|move: Roost\n|\n|upkeep\n|turn|17\n|\n|t:|1699764342\n|move|p1a: Zapdos|Roost|p1a: Zapdos\n|-heal|p1a: Zapdos|100\/100\n|-singleturn|p1a: Zapdos|move: Roost\n|move|p2a: Zapdos|Hidden Power|p1a: Zapdos\n|-damage|p1a: Zapdos|85\/100\n|\n|upkeep\n|turn|18\n|\n|t:|1699764348\n|move|p2a: Zapdos|Volt Switch|p1a: Zapdos\n|-crit|p1a: Zapdos\n|-damage|p1a: Zapdos|46\/100\n|\n|t:|1699764353\n|switch|p2a: Landorus|Landorus-Therian, M|23\/100|[from] Volt Switch\n|-ability|p2a: Landorus|Intimidate|boost\n|-unboost|p1a: Zapdos|atk|1\n|move|p1a: Zapdos|Volt Switch|p2a: Landorus\n|-immune|p2a: Landorus\n|\n|upkeep\n|turn|19\n|\n|t:|1699764361\n|move|p1a: Zapdos|Hidden Power|p2a: Landorus\n|-supereffective|p2a: Landorus\n|-damage|p2a: Landorus|0 fnt\n|faint|p2a: Landorus\n|\n|upkeep\n|\n|t:|1699764364\n|switch|p2a: Gallade|Gallade, M|100\/100\n|turn|20\n|\n|t:|1699764370\n|detailschange|p2a: Gallade|Gallade-Mega, M\n|-mega|p2a: Gallade|Gallade|Galladite\n|move|p2a: Gallade|Swords Dance|p2a: Gallade\n|-boost|p2a: Gallade|atk|2\n|move|p1a: Zapdos|Roost|p1a: Zapdos\n|-heal|p1a: Zapdos|96\/100\n|-singleturn|p1a: Zapdos|move: Roost\n|\n|upkeep\n|turn|21\n|\n|t:|1699764375\n|move|p2a: Gallade|Triple Axel|p1a: Zapdos|[miss]\n|-miss|p2a: Gallade|p1a: Zapdos\n|move|p1a: Zapdos|Volt Switch|p2a: Gallade\n|-crit|p2a: Gallade\n|-damage|p2a: Gallade|49\/100\n|\n|t:|1699764384\n|switch|p1a: Golisopod|Golisopod, M, shiny|100\/100|[from] Volt Switch\n|\n|upkeep\n|turn|22\n|\n|t:|1699764392\n|move|p1a: Golisopod|First Impression|p2a: Gallade\n|-crit|p2a: Gallade\n|-damage|p2a: Gallade|0 fnt\n|faint|p2a: Gallade\n|\n|upkeep\n|-message|Josd1 forfeited.\n|\n|win|tdd20070515\u5179\u4f0f\u5947\u5927\u543e\n|raw|tdd20070515\u5179\u4f0f\u5947\u5927\u543e's rating: 1262 &rarr; <strong>1292<\/strong><br \/>(+30 for winning)\n|raw|Josd1's rating: 1330 &rarr; <strong>1306<\/strong><br \/>(-24 for losing)\n|l|\u2606Josd1\n","uploadtime":1699764401,"views":8,"p1id":"tdd20070515","p2id":"josd1","formatid":"gen9nationaldex","rating":1292,"private":0,"password":""}