{"id":"gen9nationaldex-1994857782","p1":"KaputtMacher","p2":"Maxer59","format":"[Gen 9] National Dex","log":"|html|<div class=\"broadcast-blue\"><strong>[Gen 9] National Dex is currently suspecting Sneasler! For information on how to participate check out the <a href=\"https:\/\/www.smogon.com\/forums\/threads\/sv-national-dex-suspect-8-just-dance.3731534\/\">suspect thread<\/a>.<\/strong><\/div>\n|j|\u2606KaputtMacher\n|j|\u2606Maxer59\n|t:|1700499175\n|gametype|singles\n|player|p1|KaputtMacher|riley|1130\n|player|p2|Maxer59|lucas|1130\n|teamsize|p1|6\n|teamsize|p2|6\n|gen|9\n|tier|[Gen 9] National Dex\n|rated|\n|rule|HP Percentage Mod: HP is shown in percentages\n|rule|Endless Battle Clause: Forcing endless battles is banned\n|rule|OHKO Clause: OHKO moves are banned\n|rule|Evasion Clause: Evasion abilities, items, and moves are banned\n|rule|Evasion Abilities Clause: Evasion abilities are banned\n|rule|Evasion Items Clause: Evasion items are banned\n|rule|Evasion Moves Clause: Evasion moves are banned\n|rule|Species Clause: Limit one of each Pok\u00e9mon\n|rule|Sleep Clause Mod: Limit one foe put to sleep\n|clearpoke\n|poke|p1|Tyranitar, F|\n|poke|p1|Excadrill, M|\n|poke|p1|Gigalith, F|\n|poke|p1|Lycanroc, F|\n|poke|p1|Ferrothorn, M|\n|poke|p1|Ogerpon-Cornerstone, F|\n|poke|p2|Pikachu, F|\n|poke|p2|Kleavor, F|\n|poke|p2|Dragonite, F|\n|poke|p2|Aerodactyl, F|\n|poke|p2|Gallade, M|\n|poke|p2|Persian, M|\n|teampreview\n|inactive|Battle timer is ON: inactive players will automatically lose when time's up. (requested by Maxer59)\n|\n|t:|1700499199\n|start\n|switch|p1a: Tyranitar|Tyranitar, F|100\/100\n|switch|p2a: Kleavor|Kleavor, F|100\/100\n|-weather|Sandstorm|[from] ability: Sand Stream|[of] p1a: Tyranitar\n|turn|1\n|\n|t:|1700499211\n|switch|p1a: Excadrill|Excadrill, M|100\/100\n|move|p2a: Kleavor|Brick Break|p1a: Excadrill\n|-supereffective|p1a: Excadrill\n|-damage|p1a: Excadrill|17\/100\n|\n|-weather|Sandstorm|[upkeep]\n|upkeep\n|turn|2\n|\n|t:|1700499216\n|move|p1a: Excadrill|Iron Head|p2a: Kleavor\n|-supereffective|p2a: Kleavor\n|-damage|p2a: Kleavor|0 fnt\n|faint|p2a: Kleavor\n|\n|-weather|Sandstorm|[upkeep]\n|upkeep\n|\n|t:|1700499227\n|switch|p2a: Pikachu|Pikachu, F|100\/100\n|turn|3\n|\n|t:|1700499231\n|-terastallize|p2a: Pikachu|Normal\n|move|p2a: Pikachu|Fake Out|p1a: Excadrill\n|-resisted|p1a: Excadrill\n|-damage|p1a: Excadrill|0 fnt\n|faint|p1a: Excadrill\n|\n|-weather|Sandstorm|[upkeep]\n|-damage|p2a: Pikachu|94\/100|[from] Sandstorm\n|upkeep\n|\n|t:|1700499251\n|switch|p1a: Lycanroc|Lycanroc, F|100\/100\n|turn|4\n|\n|t:|1700499257\n|switch|p2a: Aerodactyl|Aerodactyl, F|100\/100\n|move|p1a: Lycanroc|Crunch|p2a: Aerodactyl\n|-damage|p2a: Aerodactyl|39\/100\n|-damage|p1a: Lycanroc|91\/100|[from] item: Life Orb\n|\n|-weather|Sandstorm|[upkeep]\n|upkeep\n|turn|5\n|\n|t:|1700499268\n|move|p1a: Lycanroc|Crunch|p2a: Aerodactyl\n|-damage|p2a: Aerodactyl|0 fnt\n|faint|p2a: Aerodactyl\n|-damage|p1a: Lycanroc|81\/100|[from] item: Life Orb\n|\n|-weather|none\n|upkeep\n|\n|t:|1700499276\n|switch|p2a: Gallade|Gallade, M|100\/100\n|turn|6\n|\n|t:|1700499280\n|move|p2a: Gallade|Sacred Sword|p1a: Lycanroc\n|-supereffective|p1a: Lycanroc\n|-damage|p1a: Lycanroc|0 fnt\n|faint|p1a: Lycanroc\n|\n|upkeep\n|\n|t:|1700499295\n|switch|p1a: Ogerpon|Ogerpon-Cornerstone, F|100\/100\n|turn|7\n|\n|t:|1700499303\n|switch|p2a: Dragonite|Dragonite, F|100\/100\n|-terastallize|p1a: Ogerpon|Rock\n|detailschange|p1a: Ogerpon|Ogerpon-Cornerstone-Tera, F, tera:Rock\n|-ability|p1a: Ogerpon|Embody Aspect (Cornerstone)|boost\n|-boost|p1a: Ogerpon|def|1\n|move|p1a: Ogerpon|Knock Off|p2a: Dragonite\n|-damage|p2a: Dragonite|82\/100\n|-enditem|p2a: Dragonite|Weakness Policy|[from] move: Knock Off|[of] p1a: Ogerpon\n|\n|upkeep\n|turn|8\n|\n|t:|1700499314\n|move|p2a: Dragonite|Extreme Speed|p1a: Ogerpon\n|-resisted|p1a: Ogerpon\n|-damage|p1a: Ogerpon|88\/100\n|move|p1a: Ogerpon|Ivy Cudgel|p2a: Dragonite|[anim] Ivy Cudgel Rock\n|-supereffective|p2a: Dragonite\n|-damage|p2a: Dragonite|0 fnt\n|faint|p2a: Dragonite\n|\n|upkeep\n|\n|t:|1700499322\n|switch|p2a: Gallade|Gallade, M|100\/100\n|turn|9\n|\n|t:|1700499325\n|move|p2a: Gallade|Sacred Sword|p1a: Ogerpon\n|-supereffective|p1a: Ogerpon\n|-damage|p1a: Ogerpon|0 fnt\n|faint|p1a: Ogerpon\n|\n|upkeep\n|\n|t:|1700499330\n|switch|p1a: Ferrothorn|Ferrothorn, M|100\/100\n|turn|10\n|\n|t:|1700499335\n|move|p2a: Gallade|Sacred Sword|p1a: Ferrothorn\n|-supereffective|p1a: Ferrothorn\n|-damage|p1a: Ferrothorn|12\/100\n|-damage|p2a: Gallade|88\/100|[from] ability: Iron Barbs|[of] p1a: Ferrothorn\n|move|p1a: Ferrothorn|Knock Off|p2a: Gallade\n|-damage|p2a: Gallade|52\/100\n|-enditem|p2a: Gallade|Choice Scarf|[from] move: Knock Off|[of] p1a: Ferrothorn\n|\n|-heal|p1a: Ferrothorn|18\/100|[from] item: Leftovers\n|upkeep\n|turn|11\n|\n|t:|1700499345\n|move|p2a: Gallade|Sacred Sword|p1a: Ferrothorn\n|-supereffective|p1a: Ferrothorn\n|-damage|p1a: Ferrothorn|0 fnt\n|-damage|p2a: Gallade|39\/100|[from] ability: Iron Barbs|[of] p1a: Ferrothorn\n|faint|p1a: Ferrothorn\n|\n|upkeep\n|\n|t:|1700499350\n|switch|p1a: Tyranitar|Tyranitar, F|100\/100\n|-weather|Sandstorm|[from] ability: Sand Stream|[of] p1a: Tyranitar\n|turn|12\n|\n|t:|1700499364\n|detailschange|p1a: Tyranitar|Tyranitar-Mega, F\n|-mega|p1a: Tyranitar|Tyranitar|Tyranitarite\n|move|p2a: Gallade|Sacred Sword|p1a: Tyranitar\n|-supereffective|p1a: Tyranitar\n|-damage|p1a: Tyranitar|0 fnt\n|faint|p1a: Tyranitar\n|\n|-weather|Sandstorm|[upkeep]\n|-damage|p2a: Gallade|33\/100|[from] Sandstorm\n|upkeep\n|\n|t:|1700499368\n|switch|p1a: Gigalith|Gigalith, F|100\/100\n|turn|13\n|\n|t:|1700499371\n|move|p2a: Gallade|Sacred Sword|p1a: Gigalith\n|-supereffective|p1a: Gigalith\n|-damage|p1a: Gigalith|0 fnt\n|faint|p1a: Gigalith\n|\n|win|Maxer59\n|raw|KaputtMacher's rating: 1130 &rarr; <strong>1105<\/strong><br \/>(-25 for losing)\n|raw|Maxer59's rating: 1130 &rarr; <strong>1155<\/strong><br \/>(+25 for winning)\n|c|\u2606KaputtMacher|gg\n|l|\u2606KaputtMacher\n","uploadtime":1700499379,"views":2,"p1id":"kaputtmacher","p2id":"maxer59","formatid":"gen9nationaldex","rating":1105,"private":0,"password":""}