{"id":"gen9nationaldex-1992868318","p1":"Railgun_Rival","p2":"erc7instinct","format":"[Gen 9] National Dex","log":"|j|\u2606Railgun_Rival\n|j|\u203derc7instinct\n|t:|1700242411\n|gametype|singles\n|player|p1|Railgun_Rival|2|1000\n|player|p2|erc7instinct|dawn|1049\n|teamsize|p1|6\n|teamsize|p2|6\n|gen|9\n|tier|[Gen 9] National Dex\n|rated|\n|rule|HP Percentage Mod: HP is shown in percentages\n|rule|Endless Battle Clause: Forcing endless battles is banned\n|rule|OHKO Clause: OHKO moves are banned\n|rule|Evasion Clause: Evasion abilities, items, and moves are banned\n|rule|Evasion Abilities Clause: Evasion abilities are banned\n|rule|Evasion Items Clause: Evasion items are banned\n|rule|Evasion Moves Clause: Evasion moves are banned\n|rule|Species Clause: Limit one of each Pok\u00e9mon\n|rule|Sleep Clause Mod: Limit one foe put to sleep\n|clearpoke\n|poke|p1|Volcarona, M|\n|poke|p1|Ferrothorn, M|\n|poke|p1|Great Tusk|\n|poke|p1|Rotom-Wash|\n|poke|p1|Dragonite, F|\n|poke|p1|Tapu Koko|\n|poke|p2|Delphox, F|\n|poke|p2|Meowscarada, F|\n|poke|p2|Ninetales-Alola, F|\n|poke|p2|Lopunny, F|\n|poke|p2|Aegislash, M|\n|poke|p2|Greninja-*, M|\n|teampreview\n|c|\u2606Railgun_Rival|glhf\n|\n|t:|1700242434\n|start\n|switch|p1a: Icarus|Volcarona, M|100\/100\n|switch|p2a: Ninetales|Ninetales-Alola, F|100\/100\n|-weather|Snow|[from] ability: Snow Warning|[of] p2a: Ninetales\n|turn|1\n|\n|t:|1700242442\n|move|p2a: Ninetales|Aurora Veil|p2a: Ninetales\n|-sidestart|p2: erc7instinct|move: Aurora Veil\n|move|p1a: Icarus|Fiery Dance|p2a: Ninetales\n|-supereffective|p2a: Ninetales\n|-damage|p2a: Ninetales|57\/100\n|-boost|p1a: Icarus|spa|1\n|\n|-weather|Snow|[upkeep]\n|upkeep\n|turn|2\n|\n|t:|1700242450\n|switch|p2a: Greninja|Greninja, M|100\/100\n|move|p1a: Icarus|Quiver Dance|p1a: Icarus\n|-boost|p1a: Icarus|spa|1\n|-boost|p1a: Icarus|spd|1\n|-boost|p1a: Icarus|spe|1\n|\n|-weather|Snow|[upkeep]\n|upkeep\n|turn|3\n|\n|t:|1700242468\n|switch|p1a: Cetus|Rotom-Wash|100\/100\n|move|p2a: Greninja|Hydro Pump|p1a: Cetus\n|-resisted|p1a: Cetus\n|-damage|p1a: Cetus|76\/100\n|\n|-weather|Snow|[upkeep]\n|-heal|p1a: Cetus|82\/100|[from] item: Leftovers\n|upkeep\n|turn|4\n|\n|t:|1700242478\n|switch|p2a: Lopunny|Lopunny, F|100\/100\n|move|p1a: Cetus|Thunder Wave|p2a: Lopunny\n|-status|p2a: Lopunny|par\n|\n|-weather|Snow|[upkeep]\n|-heal|p1a: Cetus|88\/100|[from] item: Leftovers\n|upkeep\n|turn|5\n|\n|t:|1700242495\n|detailschange|p2a: Lopunny|Lopunny-Mega, F\n|-mega|p2a: Lopunny|Lopunny|Lopunnite\n|move|p1a: Cetus|Volt Switch|p2a: Lopunny\n|-damage|p2a: Lopunny|84\/100 par\n|\n|t:|1700242525\n|switch|p1a: Typhon|Dragonite, F|100\/100|[from] Volt Switch\n|move|p2a: Lopunny|Focus Blast|p1a: Typhon|[miss]\n|-miss|p2a: Lopunny|p1a: Typhon\n|\n|-weather|none\n|-sideend|p2: erc7instinct|move: Aurora Veil\n|upkeep\n|turn|6\n|\n|t:|1700242535\n|move|p1a: Typhon|Dragon Dance|p1a: Typhon\n|-boost|p1a: Typhon|atk|1\n|-boost|p1a: Typhon|spe|1\n|move|p2a: Lopunny|Focus Blast|p1a: Typhon\n|-resisted|p1a: Typhon\n|-crit|p1a: Typhon\n|-damage|p1a: Typhon|92\/100\n|\n|upkeep\n|turn|7\n|\n|t:|1700242552\n|switch|p2a: Meowscarada|Meowscarada, F|100\/100\n|move|p1a: Typhon|Dragon Dance|p1a: Typhon\n|-boost|p1a: Typhon|atk|1\n|-boost|p1a: Typhon|spe|1\n|\n|upkeep\n|turn|8\n|\n|t:|1700242563\n|move|p2a: Meowscarada|Leech Seed|p1a: Typhon\n|-start|p2a: Meowscarada|typechange|Grass|[from] ability: Protean\n|-start|p1a: Typhon|move: Leech Seed\n|move|p1a: Typhon|Fire Punch|p2a: Meowscarada\n|-supereffective|p2a: Meowscarada\n|-damage|p2a: Meowscarada|0 fnt\n|faint|p2a: Meowscarada\n|\n|upkeep\n|\n|t:|1700242570\n|switch|p2a: Greninja|Greninja, M|100\/100\n|turn|9\n|\n|t:|1700242575\n|move|p1a: Typhon|Extreme Speed|p2a: Greninja\n|-damage|p2a: Greninja|2\/100\n|move|p2a: Greninja|Switcheroo|p1a: Typhon\n|-activate|p2a: Greninja|move: Trick|[of] p1a: Typhon\n|-item|p1a: Typhon|Choice Scarf|[from] move: Switcheroo\n|-item|p2a: Greninja|Heavy-Duty Boots|[from] move: Switcheroo\n|\n|-damage|p1a: Typhon|79\/100|[from] Leech Seed|[of] p2a: Greninja\n|-heal|p2a: Greninja|16\/100|[silent]\n|upkeep\n|turn|10\n|\n|t:|1700242591\n|move|p1a: Typhon|Earthquake|p2a: Greninja\n|-damage|p2a: Greninja|0 fnt\n|faint|p2a: Greninja\n|\n|upkeep\n|\n|t:|1700242600\n|switch|p2a: Aegislash|Aegislash, M|100\/100\n|turn|11\n|\n|t:|1700242606\n|move|p1a: Typhon|Earthquake|p2a: Aegislash\n|-supereffective|p2a: Aegislash\n|-damage|p2a: Aegislash|0 fnt\n|faint|p2a: Aegislash\n|\n|upkeep\n|\n|t:|1700242612\n|switch|p2a: Delphox|Delphox, F, shiny|100\/100\n|turn|12\n|\n|t:|1700242619\n|move|p1a: Typhon|Earthquake|p2a: Delphox\n|-supereffective|p2a: Delphox\n|-damage|p2a: Delphox|0 fnt\n|faint|p2a: Delphox\n|\n|upkeep\n|\n|t:|1700242627\n|switch|p2a: Lopunny|Lopunny-Mega, F|84\/100 par\n|turn|13\n|\n|t:|1700242634\n|move|p1a: Typhon|Earthquake|p2a: Lopunny\n|-damage|p2a: Lopunny|0 fnt\n|faint|p2a: Lopunny\n|\n|upkeep\n|\n|t:|1700242640\n|switch|p2a: Ninetales|Ninetales-Alola, F|57\/100\n|-weather|Snow|[from] ability: Snow Warning|[of] p2a: Ninetales\n|turn|14\n|\n|t:|1700242643\n|move|p1a: Typhon|Earthquake|p2a: Ninetales\n|-damage|p2a: Ninetales|0 fnt\n|faint|p2a: Ninetales\n|\n|win|Railgun_Rival\n|raw|Railgun_Rival's rating: 1000 &rarr; <strong>1046<\/strong><br \/>(+46 for winning)\n|raw|erc7instinct's rating: 1049 &rarr; <strong>1029<\/strong><br \/>(-20 for losing)\n|l|\u203derc7instinct\n|c|\u2606Railgun_Rival|gg\n","uploadtime":1700242664,"views":7,"p1id":"railgunrival","p2id":"erc7instinct","formatid":"gen9nationaldex","rating":1029,"private":0,"password":""}