{"id":"gen9nationaldex-1989799372","p1":"akyraaiko","p2":"Ekkogandr","format":"[Gen 9] National Dex","log":"|j|\u2606akyraaiko\n|j|\u2606Ekkogandr\n|t:|1699896731\n|gametype|singles\n|player|p1|akyraaiko|265|\n|player|p2|Ekkogandr|turo-ai|\n|teamsize|p1|6\n|teamsize|p2|6\n|gen|9\n|tier|[Gen 9] National Dex\n|rule|HP Percentage Mod: HP is shown in percentages\n|rule|Endless Battle Clause: Forcing endless battles is banned\n|rule|OHKO Clause: OHKO moves are banned\n|rule|Evasion Clause: Evasion abilities, items, and moves are banned\n|rule|Evasion Abilities Clause: Evasion abilities are banned\n|rule|Evasion Items Clause: Evasion items are banned\n|rule|Evasion Moves Clause: Evasion moves are banned\n|rule|Species Clause: Limit one of each Pok\u00e9mon\n|rule|Sleep Clause Mod: Limit one foe put to sleep\n|clearpoke\n|poke|p1|Iron Moth|\n|poke|p1|Kleavor, M|\n|poke|p1|Zoroark-Hisui, F|\n|poke|p1|Kyurem|\n|poke|p1|Lycanroc-Dusk, M|\n|poke|p1|Urshifu-*, M|\n|poke|p2|Garchomp, F|\n|poke|p2|Scizor, M|\n|poke|p2|Iron Valiant|\n|poke|p2|Tornadus-Therian, M|\n|poke|p2|Heatran, M|\n|poke|p2|Rotom-Wash|\n|teampreview\n|c|\u2606Ekkogandr|vou fazer minha comida e j\u00e1 volto\n|c|\u2606akyraaiko|ta\n|\n|t:|1699896830\n|start\n|switch|p1a: el lobo|Lycanroc-Dusk, M, shiny|100\/100\n|switch|p2a: Tornadus|Tornadus-Therian, M|100\/100\n|turn|1\n|\n|t:|1699896840\n|move|p2a: Tornadus|U-turn|p1a: el lobo\n|-resisted|p1a: el lobo\n|-damage|p1a: el lobo|86\/100\n|replace|p1a: who?|Zoroark-Hisui, F\n|-end|p1a: who?|Illusion\n|\n|t:|1699896850\n|switch|p2a: Heatran|Heatran, M|100\/100|[from] U-turn\n|move|p1a: who?|Nasty Plot|p1a: who?\n|-boost|p1a: who?|spa|2\n|\n|upkeep\n|turn|2\n|\n|t:|1699896857\n|move|p1a: who?|Focus Blast|p2a: Heatran|[miss]\n|-miss|p1a: who?|p2a: Heatran\n|move|p2a: Heatran|Magma Storm|p1a: who?\n|-damage|p1a: who?|0 fnt\n|faint|p1a: who?\n|\n|upkeep\n|c|\u2606akyraaiko|NAOOO\n|\n|t:|1699896863\n|switch|p1a: roger guedes|Urshifu-Rapid-Strike, M|100\/100\n|turn|3\n|c|\u2606Ekkogandr|AEEEEEEEEE\n|\n|t:|1699896875\n|switch|p2a: Rotom|Rotom-Wash|100\/100\n|move|p1a: roger guedes|Close Combat|p2a: Rotom\n|-damage|p2a: Rotom|15\/100\n|-unboost|p1a: roger guedes|def|1\n|-unboost|p1a: roger guedes|spd|1\n|\n|-heal|p2a: Rotom|22\/100|[from] item: Leftovers\n|upkeep\n|turn|4\n|c|\u2606Ekkogandr|eeee caralho\n|\n|t:|1699896899\n|move|p1a: roger guedes|Close Combat|p2a: Rotom\n|-damage|p2a: Rotom|0 fnt\n|-unboost|p1a: roger guedes|def|1\n|-unboost|p1a: roger guedes|spd|1\n|faint|p2a: Rotom\n|\n|upkeep\n|\n|t:|1699896903\n|switch|p2a: Iron Valiant|Iron Valiant|100\/100\n|-enditem|p2a: Iron Valiant|Booster Energy\n|-activate|p2a: Iron Valiant|ability: Quark Drive|[fromitem]\n|-start|p2a: Iron Valiant|quarkdrivespe\n|turn|5\n|\n|t:|1699896910\n|switch|p1a: machada|Kleavor, M, shiny|100\/100\n|move|p2a: Iron Valiant|Thunderbolt|p1a: machada\n|-damage|p1a: machada|53\/100\n|\n|upkeep\n|turn|6\n|\n|t:|1699896921\n|move|p2a: Iron Valiant|Moonblast|p1a: machada\n|-crit|p1a: machada\n|-damage|p1a: machada|0 fnt\n|faint|p1a: machada\n|\n|upkeep\n|\n|t:|1699896936\n|switch|p1a: roger guedes|Urshifu-Rapid-Strike, M|100\/100\n|turn|7\n|\n|t:|1699896940\n|move|p2a: Iron Valiant|Moonblast|p1a: roger guedes\n|-supereffective|p1a: roger guedes\n|-damage|p1a: roger guedes|0 fnt\n|faint|p1a: roger guedes\n|\n|upkeep\n|\n|t:|1699896943\n|switch|p1a: sol|Iron Moth|100\/100\n|turn|8\n|\n|t:|1699896955\n|-terastallize|p2a: Iron Valiant|Steel\n|move|p2a: Iron Valiant|Thunderbolt|p1a: sol\n|-damage|p1a: sol|70\/100\n|move|p1a: sol|Hurricane|p2a: Iron Valiant\n|-resisted|p2a: Iron Valiant\n|-damage|p2a: Iron Valiant|62\/100\n|\n|-heal|p1a: sol|76\/100|[from] item: Leftovers\n|upkeep\n|turn|9\n|\n|t:|1699896963\n|move|p2a: Iron Valiant|Thunderbolt|p1a: sol\n|-damage|p1a: sol|43\/100\n|move|p1a: sol|Fire Blast|p2a: Iron Valiant\n|-supereffective|p2a: Iron Valiant\n|-damage|p2a: Iron Valiant|0 fnt\n|faint|p2a: Iron Valiant\n|-end|p2a: Iron Valiant|Quark Drive|[silent]\n|\n|-heal|p1a: sol|49\/100|[from] item: Leftovers\n|upkeep\n|\n|t:|1699896967\n|switch|p2a: Garchomp|Garchomp, F|100\/100\n|turn|10\n|c|\u2606Ekkogandr|chegou o astro\n|\n|t:|1699896978\n|move|p2a: Garchomp|Swords Dance|p2a: Garchomp\n|-boost|p2a: Garchomp|atk|2\n|move|p1a: sol|Toxic Spikes|p2a: Garchomp\n|-sidestart|p2: Ekkogandr|move: Toxic Spikes\n|\n|-heal|p1a: sol|55\/100|[from] item: Leftovers\n|upkeep\n|turn|11\n|\n|t:|1699896981\n|move|p2a: Garchomp|Earthquake|p1a: sol\n|-supereffective|p1a: sol\n|-damage|p1a: sol|0 fnt\n|faint|p1a: sol\n|-end|p1a: sol|Quark Drive|[silent]\n|\n|upkeep\n|\n|t:|1699896988\n|switch|p1a: demogorga|Kyurem|100\/100\n|-ability|p1a: demogorga|Pressure\n|turn|12\n|\n|t:|1699896994\n|move|p2a: Garchomp|Scale Shot|p1a: demogorga\n|-supereffective|p1a: demogorga\n|-crit|p1a: demogorga\n|-damage|p1a: demogorga|24\/100\n|-supereffective|p1a: demogorga\n|-damage|p1a: demogorga|0 fnt\n|faint|p1a: demogorga\n|-hitcount|p1: demogorga|2\n|-unboost|p2a: Garchomp|def|1\n|-boost|p2a: Garchomp|spe|1\n|\n|upkeep\n|\n|t:|1699897000\n|switch|p1a: el lobo|Lycanroc-Dusk, M, shiny|100\/100\n|turn|13\n|c|\u2606akyraaiko|sua puta\n|c|\u2606akyraaiko|do krl\n|c|\u2606Ekkogandr|sou\n|\n|t:|1699897008\n|move|p2a: Garchomp|Earthquake|p1a: el lobo\n|-supereffective|p1a: el lobo\n|-damage|p1a: el lobo|0 fnt\n|faint|p1a: el lobo\n|\n|win|Ekkogandr\n","uploadtime":1699897013,"views":3,"p1id":"akyraaiko","p2id":"ekkogandr","formatid":"gen9nationaldex","rating":0,"private":0,"password":""}