{"id":"gen9nationaldex-1989075018","p1":"sandworst","p2":"Gtarcade","format":"[Gen 9] National Dex","log":"|j|\u2606sandworst\n|j|\u2606Gtarcade\n|t:|1699809437\n|gametype|singles\n|player|p1|sandworst|hilbert|1157\n|player|p2|Gtarcade|hugh|1138\n|teamsize|p1|6\n|teamsize|p2|6\n|gen|9\n|tier|[Gen 9] National Dex\n|rated|\n|rule|HP Percentage Mod: HP is shown in percentages\n|rule|Endless Battle Clause: Forcing endless battles is banned\n|rule|OHKO Clause: OHKO moves are banned\n|rule|Evasion Clause: Evasion abilities, items, and moves are banned\n|rule|Evasion Abilities Clause: Evasion abilities are banned\n|rule|Evasion Items Clause: Evasion items are banned\n|rule|Evasion Moves Clause: Evasion moves are banned\n|rule|Species Clause: Limit one of each Pok\u00e9mon\n|rule|Sleep Clause Mod: Limit one foe put to sleep\n|clearpoke\n|poke|p1|Heracross, M|\n|poke|p1|Pachirisu, M|\n|poke|p1|Azumarill, M|\n|poke|p1|Mudkip, M|\n|poke|p1|Incineroar, M|\n|poke|p1|Chatot, F|\n|poke|p2|Charizard, M|\n|poke|p2|Blaziken, M|\n|poke|p2|Incineroar, F|\n|poke|p2|Infernape, F|\n|poke|p2|Delphox, M|\n|poke|p2|Arcanine-Hisui, M|\n|teampreview\n|\n|t:|1699809444\n|start\n|switch|p1a: Mudkip|Mudkip, M, shiny|100\/100\n|switch|p2a: Infernape|Infernape, F|100\/100\n|turn|1\n|\n|t:|1699809452\n|move|p2a: Infernape|Thunder Punch|p1a: Mudkip\n|-supereffective|p1a: Mudkip\n|-damage|p1a: Mudkip|58\/100\n|move|p1a: Mudkip|Toxic|p2a: Infernape\n|-status|p2a: Infernape|tox\n|\n|-damage|p2a: Infernape|94\/100 tox|[from] psn\n|upkeep\n|turn|2\n|\n|t:|1699809460\n|move|p1a: Mudkip|Protect|p1a: Mudkip\n|-singleturn|p1a: Mudkip|Protect\n|move|p2a: Infernape|Thunder Punch|p1a: Mudkip\n|-activate|p1a: Mudkip|move: Protect\n|\n|-damage|p2a: Infernape|82\/100 tox|[from] psn\n|upkeep\n|turn|3\n|\n|t:|1699809469\n|move|p2a: Infernape|Thunder Punch|p1a: Mudkip\n|-supereffective|p1a: Mudkip\n|-damage|p1a: Mudkip|17\/100\n|move|p1a: Mudkip|Endeavor|p2a: Infernape\n|-damage|p2a: Infernape|18\/100 tox\n|-enditem|p2a: Infernape|Aguav Berry|[eat]\n|-heal|p2a: Infernape|51\/100 tox|[from] item: Aguav Berry\n|\n|-damage|p2a: Infernape|33\/100 tox|[from] psn\n|upkeep\n|turn|4\n|\n|t:|1699809483\n|move|p1a: Mudkip|Protect|p1a: Mudkip\n|-singleturn|p1a: Mudkip|Protect\n|move|p2a: Infernape|Thunder Punch|p1a: Mudkip\n|-activate|p1a: Mudkip|move: Protect\n|\n|-damage|p2a: Infernape|8\/100 tox|[from] psn\n|upkeep\n|turn|5\n|\n|t:|1699809491\n|move|p1a: Mudkip|Protect|p1a: Mudkip\n|-singleturn|p1a: Mudkip|Protect\n|move|p2a: Infernape|Thunder Punch|p1a: Mudkip\n|-activate|p1a: Mudkip|move: Protect\n|\n|-damage|p2a: Infernape|0 fnt|[from] psn\n|faint|p2a: Infernape\n|upkeep\n|\n|t:|1699809503\n|switch|p2a: Blaziken|Blaziken, M|100\/100\n|turn|6\n|\n|t:|1699809510\n|move|p2a: Blaziken|Brick Break|p1a: Mudkip\n|-damage|p1a: Mudkip|0 fnt\n|faint|p1a: Mudkip\n|\n|-ability|p2a: Blaziken|Speed Boost|boost\n|-boost|p2a: Blaziken|spe|1\n|upkeep\n|\n|t:|1699809516\n|switch|p1a: Incineroar|Incineroar, M, shiny|100\/100\n|-ability|p1a: Incineroar|Intimidate|boost\n|-unboost|p2a: Blaziken|atk|1\n|turn|7\n|\n|t:|1699809522\n|move|p2a: Blaziken|Power-Up Punch|p1a: Incineroar\n|-supereffective|p1a: Incineroar\n|-damage|p1a: Incineroar|75\/100\n|-boost|p2a: Blaziken|atk|1\n|move|p1a: Incineroar|Parting Shot|p2a: Blaziken\n|-unboost|p2a: Blaziken|atk|1\n|-unboost|p2a: Blaziken|spa|1\n|\n|t:|1699809529\n|switch|p1a: Azumarill|Azumarill, M, shiny|100\/100|[from] Parting Shot\n|\n|-ability|p2a: Blaziken|Speed Boost|boost\n|-boost|p2a: Blaziken|spe|1\n|upkeep\n|turn|8\n|\n|t:|1699809536\n|move|p2a: Blaziken|Brick Break|p1a: Azumarill\n|-resisted|p1a: Azumarill\n|-damage|p1a: Azumarill|89\/100\n|move|p1a: Azumarill|Liquidation|p2a: Blaziken\n|-supereffective|p2a: Blaziken\n|-damage|p2a: Blaziken|0 fnt\n|faint|p2a: Blaziken\n|\n|upkeep\n|\n|t:|1699809544\n|switch|p2a: Delphox|Delphox, M|100\/100\n|turn|9\n|\n|t:|1699809549\n|-terastallize|p1a: Azumarill|Water\n|move|p1a: Azumarill|Aqua Jet|p2a: Delphox\n|-supereffective|p2a: Delphox\n|-damage|p2a: Delphox|11\/100\n|-enditem|p2a: Delphox|Aguav Berry|[eat]\n|-heal|p2a: Delphox|44\/100|[from] item: Aguav Berry\n|move|p2a: Delphox|Calm Mind|p2a: Delphox\n|-boost|p2a: Delphox|spa|1\n|-boost|p2a: Delphox|spd|1\n|\n|upkeep\n|turn|10\n|\n|t:|1699809560\n|move|p1a: Azumarill|Aqua Jet|p2a: Delphox\n|-supereffective|p2a: Delphox\n|-damage|p2a: Delphox|0 fnt\n|faint|p2a: Delphox\n|\n|upkeep\n|-message|Gtarcade forfeited.\n|\n|win|sandworst\n|raw|sandworst's rating: 1157 &rarr; <strong>1181<\/strong><br \/>(+24 for winning)\n|raw|Gtarcade's rating: 1138 &rarr; <strong>1114<\/strong><br \/>(-24 for losing)\n|l|\u2606Gtarcade\n","uploadtime":1699809575,"views":6,"p1id":"sandworst","p2id":"gtarcade","formatid":"gen9nationaldex","rating":1114,"private":0,"password":""}