{"id":"gen9nationaldex-1990328300","p1":"DJRRRR","p2":"dabdo","format":"[Gen 9] National Dex","log":"|j|\u2606DJRRRR\n|j|\u2606dabdo\n|t:|1699957467\n|gametype|singles\n|player|p1|DJRRRR|roxie|1323\n|player|p2|dabdo|colress|1283\n|teamsize|p1|6\n|teamsize|p2|6\n|gen|9\n|tier|[Gen 9] National Dex\n|rated|\n|rule|HP Percentage Mod: HP is shown in percentages\n|rule|Endless Battle Clause: Forcing endless battles is banned\n|rule|OHKO Clause: OHKO moves are banned\n|rule|Evasion Clause: Evasion abilities, items, and moves are banned\n|rule|Evasion Abilities Clause: Evasion abilities are banned\n|rule|Evasion Items Clause: Evasion items are banned\n|rule|Evasion Moves Clause: Evasion moves are banned\n|rule|Species Clause: Limit one of each Pok\u00e9mon\n|rule|Sleep Clause Mod: Limit one foe put to sleep\n|clearpoke\n|poke|p1|Zeraora|\n|poke|p1|Greninja-*, M|\n|poke|p1|Kartana|\n|poke|p1|Nidoking, M|\n|poke|p1|Dragonite, M|\n|poke|p1|Banette, F|\n|poke|p2|Tyrantrum, M|\n|poke|p2|Samurott-Hisui, F|\n|poke|p2|Kleavor, M|\n|poke|p2|Sneasler, M|\n|poke|p2|Tapu Lele|\n|poke|p2|Lokix, F|\n|teampreview\n|\n|t:|1699957481\n|start\n|switch|p1a: Greninja|Greninja, M|100\/100\n|switch|p2a: Lokix|Lokix, F, shiny|100\/100\n|turn|1\n|\n|t:|1699957485\n|move|p1a: Greninja|Protect|p1a: Greninja\n|-singleturn|p1a: Greninja|Protect\n|move|p2a: Lokix|First Impression|p1a: Greninja\n|-activate|p1a: Greninja|move: Protect\n|\n|upkeep\n|turn|2\n|\n|t:|1699957491\n|-terastallize|p1a: Greninja|Water\n|move|p2a: Lokix|Sucker Punch|p1a: Greninja\n|-damage|p1a: Greninja|29\/100\n|-damage|p2a: Lokix|91\/100|[from] item: Life Orb\n|move|p1a: Greninja|Surf|p2a: Lokix\n|-damage|p2a: Lokix|0 fnt\n|faint|p2a: Lokix\n|-ability|p1a: Greninja|Battle Bond|boost\n|-boost|p1a: Greninja|atk|1\n|-boost|p1a: Greninja|spa|1\n|-boost|p1a: Greninja|spe|1\n|-activate|p1a: Greninja|ability: Battle Bond\n|-damage|p1a: Greninja|19\/100|[from] item: Life Orb\n|\n|upkeep\n|\n|t:|1699957498\n|switch|p2a: Tapu Lele|Tapu Lele, shiny|100\/100\n|-fieldstart|move: Psychic Terrain|[from] ability: Psychic Surge|[of] p2a: Tapu Lele\n|turn|3\n|\n|t:|1699957504\n|move|p1a: Greninja|Protect|p1a: Greninja\n|-singleturn|p1a: Greninja|Protect\n|move|p2a: Tapu Lele|Focus Blast|p1a: Greninja\n|-activate|p1a: Greninja|move: Protect\n|\n|upkeep\n|turn|4\n|\n|t:|1699957509\n|move|p1a: Greninja|Surf|p2a: Tapu Lele\n|-damage|p2a: Tapu Lele|0 fnt\n|faint|p2a: Tapu Lele\n|-damage|p1a: Greninja|10\/100|[from] item: Life Orb\n|\n|upkeep\n|\n|t:|1699957517\n|switch|p2a: Sneasler|Sneasler, M|100\/100\n|-enditem|p2a: Sneasler|Psychic Seed\n|-boost|p2a: Sneasler|spd|1|[from] item: Psychic Seed\n|turn|5\n|\n|t:|1699957530\n|switch|p1a: Kartana|Kartana|100\/100\n|move|p2a: Sneasler|Close Combat|p1a: Kartana\n|-supereffective|p1a: Kartana\n|-damage|p1a: Kartana|0 fnt\n|-unboost|p2a: Sneasler|def|1\n|-unboost|p2a: Sneasler|spd|1\n|faint|p1a: Kartana\n|\n|upkeep\n|\n|t:|1699957544\n|switch|p1a: Zeraora|Zeraora|100\/100\n|turn|6\n|\n|t:|1699957549\n|-terastallize|p2a: Sneasler|Flying\n|move|p2a: Sneasler|Acrobatics|p1a: Zeraora\n|-resisted|p1a: Zeraora\n|-crit|p1a: Zeraora\n|-damage|p1a: Zeraora|3\/100\n|move|p1a: Zeraora|Endeavor|p2a: Sneasler\n|-damage|p2a: Sneasler|2\/100\n|\n|upkeep\n|turn|7\n|\n|t:|1699957559\n|move|p2a: Sneasler|Acrobatics|p1a: Zeraora\n|-resisted|p1a: Zeraora\n|-damage|p1a: Zeraora|0 fnt\n|faint|p1a: Zeraora\n|\n|-fieldend|move: Psychic Terrain\n|upkeep\n|\n|t:|1699957567\n|switch|p1a: Dragonite|Dragonite, M|100\/100\n|turn|8\n|\n|t:|1699957572\n|move|p1a: Dragonite|Extreme Speed|p2a: Sneasler\n|-damage|p2a: Sneasler|0 fnt\n|faint|p2a: Sneasler\n|\n|upkeep\n|\n|t:|1699957575\n|switch|p2a: Tyrantrum|Tyrantrum, M, shiny|100\/100\n|turn|9\n|inactive|Battle timer is ON: inactive players will automatically lose when time's up. (requested by dabdo)\n|\n|t:|1699957591\n|move|p2a: Tyrantrum|Head Smash|p1a: Dragonite\n|-supereffective|p1a: Dragonite\n|-damage|p1a: Dragonite|39\/100\n|move|p1a: Dragonite|Earthquake|p2a: Tyrantrum\n|-supereffective|p2a: Tyrantrum\n|-damage|p2a: Tyrantrum|35\/100\n|\n|upkeep\n|turn|10\n|\n|t:|1699957608\n|switch|p1a: Nidoking|Nidoking, M|100\/100\n|move|p2a: Tyrantrum|Head Smash|p1a: Nidoking|[miss]\n|-miss|p2a: Tyrantrum|p1a: Nidoking\n|\n|upkeep\n|turn|11\n|\n|t:|1699957617\n|move|p2a: Tyrantrum|Head Smash|p1a: Nidoking|[miss]\n|-miss|p2a: Tyrantrum|p1a: Nidoking\n|move|p1a: Nidoking|Earth Power|p2a: Tyrantrum\n|-supereffective|p2a: Tyrantrum\n|-damage|p2a: Tyrantrum|0 fnt\n|faint|p2a: Tyrantrum\n|\n|upkeep\n|\n|t:|1699957625\n|switch|p2a: Samurott|Samurott-Hisui, F, shiny|100\/100\n|turn|12\n|\n|t:|1699957629\n|switch|p1a: Dragonite|Dragonite, M|39\/100\n|move|p2a: Samurott|Aqua Cutter|p1a: Dragonite\n|-resisted|p1a: Dragonite\n|-damage|p1a: Dragonite|14\/100\n|\n|upkeep\n|turn|13\n|\n|t:|1699957639\n|move|p1a: Dragonite|Extreme Speed|p2a: Samurott\n|-damage|p2a: Samurott|69\/100\n|move|p2a: Samurott|Ceaseless Edge|p1a: Dragonite\n|-damage|p1a: Dragonite|0 fnt\n|-sidestart|p1: DJRRRR|Spikes\n|faint|p1a: Dragonite\n|\n|upkeep\n|\n|t:|1699957652\n|switch|p1a: Banette|Banette, F|100\/100\n|-damage|p1a: Banette|88\/100|[from] Spikes\n|-item|p2a: Samurott|Focus Sash|[from] ability: Frisk|[of] p1a: Banette|[identify]\n|turn|14\n|\n|t:|1699957659\n|switch|p2a: Kleavor|Kleavor, M|100\/100\n|detailschange|p1a: Banette|Banette-Mega, F\n|-mega|p1a: Banette|Banette|Banettite\n|move|p1a: Banette|Destiny Bond|p1a: Banette\n|-singlemove|p1a: Banette|Destiny Bond\n|\n|upkeep\n|turn|15\n|\n|t:|1699957665\n|switch|p1a: Greninja|Greninja, M, tera:Water|10\/100\n|-damage|p1a: Greninja|0 fnt|[from] Spikes\n|faint|p1a: Greninja\n|move|p2a: Kleavor|Stone Axe|p1: Greninja|[notarget]\n|-fail|p2a: Kleavor\n|\n|upkeep\n|\n|t:|1699957672\n|switch|p1a: Nidoking|Nidoking, M|100\/100\n|-damage|p1a: Nidoking|88\/100|[from] Spikes\n|turn|16\n|\n|t:|1699957682\n|move|p1a: Nidoking|Sludge Wave|p2a: Kleavor\n|-resisted|p2a: Kleavor\n|-damage|p2a: Kleavor|54\/100\n|move|p2a: Kleavor|Tailwind|p2a: Kleavor\n|-sidestart|p2: dabdo|move: Tailwind\n|\n|upkeep\n|turn|17\n|\n|t:|1699957692\n|move|p2a: Kleavor|Stone Axe|p1a: Nidoking\n|-resisted|p1a: Nidoking\n|-damage|p1a: Nidoking|52\/100\n|-sidestart|p1: DJRRRR|move: Stealth Rock\n|move|p1a: Nidoking|Earth Power|p2a: Kleavor\n|-damage|p2a: Kleavor|0 fnt\n|faint|p2a: Kleavor\n|\n|upkeep\n|\n|t:|1699957698\n|switch|p2a: Samurott|Samurott-Hisui, F, shiny|69\/100\n|turn|18\n|\n|t:|1699957705\n|move|p2a: Samurott|Aqua Cutter|p1a: Nidoking\n|-supereffective|p1a: Nidoking\n|-damage|p1a: Nidoking|0 fnt\n|faint|p1a: Nidoking\n|\n|upkeep\n|\n|t:|1699957707\n|switch|p1a: Banette|Banette-Mega, F|88\/100\n|-damage|p1a: Banette|76\/100|[from] Spikes\n|-damage|p1a: Banette|64\/100|[from] Stealth Rock\n|turn|19\n|\n|t:|1699957711\n|move|p2a: Samurott|Aqua Jet|p1a: Banette\n|-damage|p1a: Banette|30\/100\n|move|p1a: Banette|Destiny Bond|p1a: Banette\n|-singlemove|p1a: Banette|Destiny Bond\n|\n|-sideend|p2: dabdo|move: Tailwind\n|upkeep\n|turn|20\n|\n|t:|1699957733\n|move|p2a: Samurott|Sucker Punch|p1a: Banette\n|-supereffective|p1a: Banette\n|-damage|p1a: Banette|0 fnt\n|faint|p1a: Banette\n|-activate|p1a: Banette|move: Destiny Bond\n|faint|p2a: Samurott\n|\n|win|dabdo\n|raw|DJRRRR's rating: 1323 &rarr; <strong>1301<\/strong><br \/>(-22 for losing)\n|raw|dabdo's rating: 1283 &rarr; <strong>1311<\/strong><br \/>(+28 for winning)\n|l|\u2606dabdo\n","uploadtime":1699957749,"views":5,"p1id":"djrrrr","p2id":"dabdo","formatid":"gen9nationaldex","rating":1301,"private":0,"password":""}