{"id":"gen9nationaldex-1991656357","p1":"RivalTeams","p2":"AquaWaves","format":"[Gen 9] National Dex","log":"|j|\u2606RivalTeams\n|j|\u2606AquaWaves\n|t:|1700099150\n|gametype|singles\n|player|p1|RivalTeams|265|1193\n|player|p2|AquaWaves|nessa-masters|1284\n|teamsize|p1|6\n|teamsize|p2|6\n|gen|9\n|tier|[Gen 9] National Dex\n|rated|\n|rule|HP Percentage Mod: HP is shown in percentages\n|rule|Endless Battle Clause: Forcing endless battles is banned\n|rule|OHKO Clause: OHKO moves are banned\n|rule|Evasion Clause: Evasion abilities, items, and moves are banned\n|rule|Evasion Abilities Clause: Evasion abilities are banned\n|rule|Evasion Items Clause: Evasion items are banned\n|rule|Evasion Moves Clause: Evasion moves are banned\n|rule|Species Clause: Limit one of each Pok\u00e9mon\n|rule|Sleep Clause Mod: Limit one foe put to sleep\n|clearpoke\n|poke|p1|Comfey, M|\n|poke|p1|Serperior, F|\n|poke|p1|Gliscor, F|\n|poke|p1|Milotic, F|\n|poke|p1|Skeledirge, M|\n|poke|p1|Charizard, F|\n|poke|p2|Corviknight, F|\n|poke|p2|Ribombee, F|\n|poke|p2|Ceruledge, F|\n|poke|p2|Great Tusk|\n|poke|p2|Tapu Lele|\n|poke|p2|Moltres|\n|teampreview\n|inactive|Battle timer is ON: inactive players will automatically lose when time's up. (requested by AquaWaves)\n|\n|t:|1700099167\n|start\n|switch|p1a: Gliscor|Gliscor, F, shiny|100\/100\n|switch|p2a: Keep Me Movin'|Corviknight, F, shiny|100\/100\n|turn|1\n|\n|t:|1700099173\n|move|p2a: Keep Me Movin'|U-turn|p1a: Gliscor\n|-resisted|p1a: Gliscor\n|-damage|p1a: Gliscor|89\/100\n|\n|t:|1700099194\n|switch|p2a: Funkytown!|Moltres, shiny|100\/100|[from] U-turn\n|move|p1a: Gliscor|Stealth Rock|p2a: Funkytown!\n|-sidestart|p2: AquaWaves|move: Stealth Rock\n|\n|-status|p1a: Gliscor|tox|[from] item: Toxic Orb\n|upkeep\n|turn|2\n|\n|t:|1700099211\n|move|p2a: Funkytown!|Fire Blast|p1a: Gliscor\n|-damage|p1a: Gliscor|35\/100 tox\n|move|p1a: Gliscor|Toxic|p2a: Funkytown!\n|-status|p2a: Funkytown!|tox\n|\n|-damage|p2a: Funkytown!|94\/100 tox|[from] psn\n|-heal|p1a: Gliscor|48\/100 tox|[from] ability: Poison Heal\n|upkeep\n|turn|3\n|inactive|AquaWaves has 120 seconds left.\n|\n|t:|1700099231\n|switch|p1a: Charizard|Charizard, F|100\/100\n|move|p2a: Funkytown!|Hurricane|p1a: Charizard\n|-damage|p1a: Charizard|26\/100\n|\n|-damage|p2a: Funkytown!|82\/100 tox|[from] psn\n|upkeep\n|turn|4\n|inactive|AquaWaves has 120 seconds left.\n|\n|t:|1700099271\n|switch|p2a: Reverb|Tapu Lele, shiny|100\/100\n|-damage|p2a: Reverb|88\/100|[from] Stealth Rock\n|-fieldstart|move: Psychic Terrain|[from] ability: Psychic Surge|[of] p2a: Reverb\n|detailschange|p1a: Charizard|Charizard-Mega-X, F\n|-mega|p1a: Charizard|Charizard|Charizardite X\n|move|p1a: Charizard|Dragon Claw|p2a: Reverb\n|-immune|p2a: Reverb\n|\n|upkeep\n|turn|5\n|inactive|AquaWaves has 90 seconds left.\n|\n|t:|1700099286\n|switch|p1a: Ribbit|Comfey, M|100\/100\n|move|p2a: Reverb|Psyshock|p1a: Ribbit\n|-damage|p1a: Ribbit|0 fnt\n|faint|p1a: Ribbit\n|\n|upkeep\n|\n|t:|1700099294\n|switch|p1a: Milotic|Milotic, F|100\/100\n|turn|6\n|\n|t:|1700099300\n|move|p2a: Reverb|Psyshock|p1a: Milotic\n|-damage|p1a: Milotic|21\/100\n|move|p1a: Milotic|Mirror Coat|p2a: Reverb\n|-damage|p2a: Reverb|0 fnt\n|faint|p2a: Reverb\n|\n|-status|p1a: Milotic|brn|[from] item: Flame Orb\n|upkeep\n|inactive|AquaWaves has 90 seconds left.\n|inactive|AquaWaves has 60 seconds left.\n|\n|t:|1700099346\n|switch|p2a: Keep Me Movin'|Corviknight, F, shiny|100\/100\n|-damage|p2a: Keep Me Movin'|88\/100|[from] Stealth Rock\n|turn|7\n|\n|t:|1700099353\n|switch|p1a: Serperior|Serperior, F, shiny|100\/100\n|move|p2a: Keep Me Movin'|U-turn|p1a: Serperior\n|-supereffective|p1a: Serperior\n|-damage|p1a: Serperior|28\/100\n|\n|t:|1700099359\n|switch|p2a: Honeymoon|Ribombee, F, shiny|100\/100|[from] U-turn\n|\n|-heal|p1a: Serperior|35\/100|[from] item: Leftovers\n|upkeep\n|turn|8\n|\n|t:|1700099369\n|move|p2a: Honeymoon|Sticky Web|p1a: Serperior\n|-sidestart|p1: RivalTeams|move: Sticky Web\n|move|p1a: Serperior|Glare|p2a: Honeymoon\n|-status|p2a: Honeymoon|par\n|\n|-heal|p1a: Serperior|41\/100|[from] item: Leftovers\n|-fieldend|move: Psychic Terrain\n|upkeep\n|turn|9\n|\n|t:|1700099376\n|switch|p1a: Gliscor|Gliscor, F, shiny|48\/100 tox\n|cant|p2a: Honeymoon|par\n|\n|-heal|p1a: Gliscor|60\/100 tox|[from] ability: Poison Heal\n|upkeep\n|turn|10\n|\n|t:|1700099391\n|move|p1a: Gliscor|Knock Off|p2a: Honeymoon\n|-resisted|p2a: Honeymoon\n|-damage|p2a: Honeymoon|80\/100 par\n|-enditem|p2a: Honeymoon|Heavy-Duty Boots|[from] move: Knock Off|[of] p1a: Gliscor\n|move|p2a: Honeymoon|Moonblast|p1a: Gliscor\n|-damage|p1a: Gliscor|27\/100 tox\n|\n|-heal|p1a: Gliscor|39\/100 tox|[from] ability: Poison Heal\n|upkeep\n|turn|11\n|\n|t:|1700099406\n|move|p1a: Gliscor|U-turn|p2a: Honeymoon\n|-resisted|p2a: Honeymoon\n|-damage|p2a: Honeymoon|66\/100 par\n|\n|t:|1700099410\n|switch|p1a: Skeledirge|Skeledirge, M|100\/100|[from] U-turn\n|-activate|p1a: Skeledirge|move: Sticky Web\n|-unboost|p1a: Skeledirge|spe|1\n|cant|p2a: Honeymoon|par\n|\n|upkeep\n|turn|12\n|\n|t:|1700099420\n|move|p2a: Honeymoon|Hidden Power|p1a: Skeledirge\n|-supereffective|p1a: Skeledirge\n|-damage|p1a: Skeledirge|77\/100\n|move|p1a: Skeledirge|Torch Song|p2a: Honeymoon\n|-supereffective|p2a: Honeymoon\n|-damage|p2a: Honeymoon|0 fnt\n|-boost|p1a: Skeledirge|spa|1\n|faint|p2a: Honeymoon\n|\n|-heal|p1a: Skeledirge|83\/100|[from] item: Leftovers\n|upkeep\n|\n|t:|1700099429\n|switch|p2a: Urban Risks|Great Tusk|100\/100\n|-damage|p2a: Urban Risks|98\/100|[from] Stealth Rock\n|-enditem|p2a: Urban Risks|Booster Energy\n|-activate|p2a: Urban Risks|ability: Protosynthesis|[fromitem]\n|-start|p2a: Urban Risks|protosynthesisatk\n|turn|13\n|inactive|AquaWaves has 90 seconds left.\n|\n|t:|1700099444\n|-terastallize|p1a: Skeledirge|Fairy\n|move|p2a: Urban Risks|Headlong Rush|p1a: Skeledirge\n|-damage|p1a: Skeledirge|14\/100\n|-unboost|p2a: Urban Risks|def|1\n|-unboost|p2a: Urban Risks|spd|1\n|move|p1a: Skeledirge|Will-O-Wisp|p2a: Urban Risks|[miss]\n|-miss|p1a: Skeledirge|p2a: Urban Risks\n|\n|-heal|p1a: Skeledirge|20\/100|[from] item: Leftovers\n|upkeep\n|turn|14\n|inactive|AquaWaves has 90 seconds left.\n|\n|t:|1700099465\n|move|p2a: Urban Risks|Close Combat|p1a: Skeledirge\n|-resisted|p1a: Skeledirge\n|-damage|p1a: Skeledirge|0 fnt\n|-unboost|p2a: Urban Risks|def|1\n|-unboost|p2a: Urban Risks|spd|1\n|faint|p1a: Skeledirge\n|\n|upkeep\n|\n|t:|1700099469\n|switch|p1a: Serperior|Serperior, F, shiny|41\/100\n|-activate|p1a: Serperior|move: Sticky Web\n|-boost|p1a: Serperior|spe|1\n|turn|15\n|inactive|AquaWaves has 90 seconds left.\n|\n|t:|1700099480\n|-end|p2a: Urban Risks|Protosynthesis|[silent]\n|switch|p2a: Funkytown!|Moltres, shiny|82\/100 tox\n|move|p1a: Serperior|Leaf Storm|p2a: Funkytown!\n|-resisted|p2a: Funkytown!\n|-damage|p2a: Funkytown!|70\/100 tox\n|-boost|p1a: Serperior|spa|2\n|\n|-heal|p1a: Serperior|47\/100|[from] item: Leftovers\n|-damage|p2a: Funkytown!|63\/100 tox|[from] psn\n|upkeep\n|turn|16\n|inactive|AquaWaves has 90 seconds left.\n|\n|t:|1700099509\n|move|p1a: Serperior|Hidden Power|p2a: Funkytown!\n|-resisted|p2a: Funkytown!\n|-damage|p2a: Funkytown!|48\/100 tox\n|move|p2a: Funkytown!|Fire Blast|p1a: Serperior\n|-supereffective|p1a: Serperior\n|-damage|p1a: Serperior|0 fnt\n|faint|p1a: Serperior\n|\n|-damage|p2a: Funkytown!|35\/100 tox|[from] psn\n|upkeep\n|\n|t:|1700099517\n|switch|p1a: Milotic|Milotic, F|21\/100 brn\n|-activate|p1a: Milotic|move: Sticky Web\n|-unboost|p1a: Milotic|spe|1\n|turn|17\n|inactive|AquaWaves has 90 seconds left.\n|\n|t:|1700099524\n|move|p2a: Funkytown!|Hurricane|p1a: Milotic\n|-damage|p1a: Milotic|0 fnt\n|faint|p1a: Milotic\n|\n|-damage|p2a: Funkytown!|17\/100 tox|[from] psn\n|upkeep\n|-message|RivalTeams forfeited.\n|\n|win|AquaWaves\n|raw|RivalTeams's rating: 1193 &rarr; <strong>1174<\/strong><br \/>(-19 for losing)\n|raw|AquaWaves's rating: 1284 &rarr; <strong>1303<\/strong><br \/>(+19 for winning)\n|l|\u2606RivalTeams\n","uploadtime":1700099531,"views":4,"p1id":"rivalteams","p2id":"aquawaves","formatid":"gen9nationaldex","rating":1174,"private":0,"password":""}