{"id":"gen9nationaldex-1997100184","p1":"Lunarxd123","p2":"Thogai","format":"[Gen 9] National Dex","log":"|html|<div class=\"broadcast-blue\"><strong>[Gen 9] National Dex is currently suspecting Sneasler! For information on how to participate check out the <a href=\"https:\/\/www.smogon.com\/forums\/threads\/sv-national-dex-suspect-8-just-dance.3731534\/\">suspect thread<\/a>.<\/strong><\/div>\n|j|\u2606Lunarxd123\n|j|\u2606Thogai\n|t:|1700764511\n|gametype|singles\n|player|p1|Lunarxd123|flint|1058\n|player|p2|Thogai|2|1094\n|teamsize|p1|6\n|teamsize|p2|6\n|gen|9\n|tier|[Gen 9] National Dex\n|rated|\n|rule|HP Percentage Mod: HP is shown in percentages\n|rule|Endless Battle Clause: Forcing endless battles is banned\n|rule|OHKO Clause: OHKO moves are banned\n|rule|Evasion Clause: Evasion abilities, items, and moves are banned\n|rule|Evasion Abilities Clause: Evasion abilities are banned\n|rule|Evasion Items Clause: Evasion items are banned\n|rule|Evasion Moves Clause: Evasion moves are banned\n|rule|Species Clause: Limit one of each Pok\u00e9mon\n|rule|Sleep Clause Mod: Limit one foe put to sleep\n|clearpoke\n|poke|p1|Exeggutor, M|\n|poke|p1|Typhlosion, M|\n|poke|p1|Milotic, M|\n|poke|p1|Iron Valiant|\n|poke|p1|Dragonite, F|\n|poke|p1|Excadrill, F|\n|poke|p2|Donphan, M|\n|poke|p2|Ninetales, F|\n|poke|p2|Leafeon, M|\n|poke|p2|Cloyster, M|\n|poke|p2|Electivire, M|\n|poke|p2|Dragonite, M|\n|teampreview\n|\n|t:|1700764515\n|start\n|switch|p1a: Excadrill|Excadrill, F, shiny|100\/100\n|switch|p2a: Donphan|Donphan, M|100\/100\n|-item|p1a: Excadrill|Air Balloon\n|turn|1\n|inactive|Battle timer is ON: inactive players will automatically lose when time's up. (requested by Thogai)\n|c|\u2606Thogai|nice team\n|\n|t:|1700764524\n|switch|p1a: Exeggutor|Exeggutor, M, shiny|100\/100\n|move|p2a: Donphan|Stealth Rock|p1a: Exeggutor\n|-sidestart|p1: Lunarxd123|move: Stealth Rock\n|\n|upkeep\n|turn|2\n|\n|t:|1700764532\n|move|p2a: Donphan|Ice Shard|p1a: Exeggutor\n|-supereffective|p1a: Exeggutor\n|-damage|p1a: Exeggutor|74\/100\n|move|p1a: Exeggutor|Substitute|p1a: Exeggutor\n|-start|p1a: Exeggutor|Substitute\n|-damage|p1a: Exeggutor|49\/100\n|-enditem|p1a: Exeggutor|Sitrus Berry|[eat]\n|-heal|p1a: Exeggutor|74\/100|[from] item: Sitrus Berry\n|\n|upkeep\n|turn|3\n|\n|t:|1700764539\n|move|p2a: Donphan|Ice Shard|p1a: Exeggutor\n|-supereffective|p1a: Exeggutor\n|-end|p1a: Exeggutor|Substitute\n|move|p1a: Exeggutor|Leaf Storm|p2a: Donphan\n|-supereffective|p2a: Donphan\n|-ability|p2a: Donphan|Sturdy\n|-damage|p2a: Donphan|1\/100\n|-unboost|p1a: Exeggutor|spa|2\n|-enditem|p2a: Donphan|Red Card|[of] p1a: Exeggutor\n|drag|p1a: Iron Valiant|Iron Valiant, shiny|100\/100\n|-damage|p1a: Iron Valiant|94\/100|[from] Stealth Rock\n|-enditem|p1a: Iron Valiant|Booster Energy\n|-activate|p1a: Iron Valiant|ability: Quark Drive|[fromitem]\n|-start|p1a: Iron Valiant|quarkdrivespe\n|\n|upkeep\n|turn|4\n|\n|t:|1700764554\n|move|p2a: Donphan|Ice Shard|p1a: Iron Valiant\n|-damage|p1a: Iron Valiant|78\/100\n|move|p1a: Iron Valiant|Spirit Break|p2a: Donphan\n|-damage|p2a: Donphan|0 fnt\n|faint|p2a: Donphan\n|\n|upkeep\n|\n|t:|1700764564\n|switch|p2a: Ninetales|Ninetales, F|100\/100\n|-weather|SunnyDay|[from] ability: Drought|[of] p2a: Ninetales\n|turn|5\n|\n|t:|1700764571\n|move|p1a: Iron Valiant|Close Combat|p2a: Ninetales\n|-damage|p2a: Ninetales|4\/100\n|-unboost|p1a: Iron Valiant|def|1\n|-unboost|p1a: Iron Valiant|spd|1\n|move|p2a: Ninetales|Will-O-Wisp|p1a: Iron Valiant\n|-status|p1a: Iron Valiant|brn\n|\n|-weather|SunnyDay|[upkeep]\n|-damage|p1a: Iron Valiant|71\/100 brn|[from] brn\n|upkeep\n|turn|6\n|\n|t:|1700764581\n|move|p1a: Iron Valiant|Close Combat|p2a: Ninetales\n|-damage|p2a: Ninetales|0 fnt\n|-unboost|p1a: Iron Valiant|def|1\n|-unboost|p1a: Iron Valiant|spd|1\n|faint|p2a: Ninetales\n|\n|-weather|SunnyDay|[upkeep]\n|-damage|p1a: Iron Valiant|65\/100 brn|[from] brn\n|upkeep\n|\n|t:|1700764589\n|switch|p2a: Leafeon|Leafeon, M|100\/100\n|turn|7\n|l|\u2606Lunarxd123\n|inactive|Lunarxd123 disconnected and has a minute to reconnect!\n|player|p1|\n|j|\u2606Lunarxd123\n|inactive|Lunarxd123 reconnected and has 145 seconds left.\n|player|p1|Lunarxd123|flint\n|\n|t:|1700764601\n|move|p2a: Leafeon|Swords Dance|p2a: Leafeon\n|-boost|p2a: Leafeon|atk|2\n|move|p1a: Iron Valiant|Knock Off|p2a: Leafeon\n|-crit|p2a: Leafeon\n|-damage|p2a: Leafeon|74\/100\n|-enditem|p2a: Leafeon|Scope Lens|[from] move: Knock Off|[of] p1a: Iron Valiant\n|\n|-weather|SunnyDay|[upkeep]\n|-damage|p1a: Iron Valiant|59\/100 brn|[from] brn\n|upkeep\n|turn|8\n|\n|t:|1700764610\n|move|p2a: Leafeon|Leaf Blade|p1a: Iron Valiant\n|-damage|p1a: Iron Valiant|0 fnt\n|faint|p1a: Iron Valiant\n|-end|p1a: Iron Valiant|Quark Drive|[silent]\n|\n|-weather|SunnyDay|[upkeep]\n|upkeep\n|l|\u2606Lunarxd123\n|inactive|Lunarxd123 disconnected and has a minute to reconnect!\n|player|p1|\n|j|\u2606Lunarxd123\n|inactive|Lunarxd123 reconnected and has 145 seconds left.\n|player|p1|Lunarxd123|flint\n|\n|t:|1700764630\n|switch|p1a: Dragonite|Dragonite, F, shiny|100\/100\n|-damage|p1a: Dragonite|76\/100|[from] Stealth Rock\n|turn|9\n|\n|t:|1700764635\n|-terastallize|p2a: Leafeon|Rock\n|move|p2a: Leafeon|Tera Blast|p1a: Dragonite|[anim] Tera Blast Rock\n|-supereffective|p1a: Dragonite\n|-damage|p1a: Dragonite|0 fnt\n|faint|p1a: Dragonite\n|\n|-weather|SunnyDay|[upkeep]\n|upkeep\n|\n|t:|1700764656\n|switch|p1a: Exeggutor|Exeggutor, M, shiny|74\/100\n|-damage|p1a: Exeggutor|62\/100|[from] Stealth Rock\n|turn|10\n|\n|t:|1700764661\n|move|p2a: Leafeon|Aerial Ace|p1a: Exeggutor\n|-supereffective|p1a: Exeggutor\n|-damage|p1a: Exeggutor|0 fnt\n|faint|p1a: Exeggutor\n|\n|-weather|SunnyDay|[upkeep]\n|upkeep\n|\n|t:|1700764668\n|switch|p1a: Excadrill|Excadrill, F, shiny|100\/100\n|-damage|p1a: Excadrill|97\/100|[from] Stealth Rock\n|-item|p1a: Excadrill|Air Balloon\n|turn|11\n|\n|t:|1700764672\n|move|p2a: Leafeon|Leaf Blade|p1a: Excadrill\n|-crit|p1a: Excadrill\n|-damage|p1a: Excadrill|0 fnt\n|-enditem|p1a: Excadrill|Air Balloon\n|faint|p1a: Excadrill\n|\n|-weather|SunnyDay|[upkeep]\n|upkeep\n|-message|Lunarxd123 forfeited.\n|\n|win|Thogai\n|raw|Lunarxd123's rating: 1058 &rarr; <strong>1041<\/strong><br \/>(-17 for losing)\n|raw|Thogai's rating: 1094 &rarr; <strong>1117<\/strong><br \/>(+23 for winning)\n|l|\u2606Lunarxd123\n","uploadtime":1700764683,"views":7,"p1id":"lunarxd123","p2id":"thogai","formatid":"gen9nationaldex","rating":1041,"private":0,"password":""}