{"id":"gen9nationaldex-1996304394","p1":"chema778","p2":"DUTT0708","format":"[Gen 9] National Dex","log":"|html|<div class=\"broadcast-blue\"><strong>[Gen 9] National Dex is currently suspecting Sneasler! For information on how to participate check out the <a href=\"https:\/\/www.smogon.com\/forums\/threads\/sv-national-dex-suspect-8-just-dance.3731534\/\">suspect thread<\/a>.<\/strong><\/div>\n|j|\u2606chema778\n|j|\u2606DUTT0708\n|t:|1700669354\n|gametype|singles\n|player|p1|chema778|veteran|\n|player|p2|DUTT0708|265|\n|teamsize|p1|6\n|teamsize|p2|6\n|gen|9\n|tier|[Gen 9] National Dex\n|rule|HP Percentage Mod: HP is shown in percentages\n|rule|Endless Battle Clause: Forcing endless battles is banned\n|rule|OHKO Clause: OHKO moves are banned\n|rule|Evasion Clause: Evasion abilities, items, and moves are banned\n|rule|Evasion Abilities Clause: Evasion abilities are banned\n|rule|Evasion Items Clause: Evasion items are banned\n|rule|Evasion Moves Clause: Evasion moves are banned\n|rule|Species Clause: Limit one of each Pok\u00e9mon\n|rule|Sleep Clause Mod: Limit one foe put to sleep\n|clearpoke\n|poke|p1|Amoonguss, M|\n|poke|p1|Volcarona, M|\n|poke|p1|Tornadus, M|\n|poke|p1|Gurdurr, F|\n|poke|p1|Haxorus, M|\n|poke|p1|Mandibuzz, F|\n|poke|p2|Pelipper, M|\n|poke|p2|Swampert, F|\n|poke|p2|Ludicolo, M|\n|poke|p2|Manectric, F|\n|poke|p2|Vigoroth, M|\n|poke|p2|Metagross|\n|teampreview\n|j| Neitor el 08\n|j| F 137\n|\n|t:|1700669380\n|start\n|switch|p1a: Tornadus|Tornadus, M|100\/100\n|switch|p2a: P\u00e1\u00e1\u00e1\u00e1\u00e1jaro|Pelipper, M|100\/100\n|-weather|RainDance|[from] ability: Drizzle|[of] p2a: P\u00e1\u00e1\u00e1\u00e1\u00e1jaro\n|turn|1\n|c| Neitor el 08|suerte\n|\n|t:|1700669391\n|switch|p2a: Troncoso|Manectric, F|100\/100\n|move|p1a: Tornadus|Taunt|p2a: Troncoso\n|-start|p2a: Troncoso|move: Taunt\n|\n|-weather|RainDance|[upkeep]\n|upkeep\n|turn|2\n|\n|t:|1700669406\n|switch|p1a: Amoonguss|Amoonguss, M|100\/100\n|move|p2a: Troncoso|Thunder|p1a: Amoonguss\n|-resisted|p1a: Amoonguss\n|-damage|p1a: Amoonguss|73\/100\n|\n|-weather|RainDance|[upkeep]\n|-heal|p1a: Amoonguss|79\/100|[from] item: Black Sludge\n|upkeep\n|turn|3\n|\n|t:|1700669420\n|switch|p2a: Trae paca el orto|Swampert, F|100\/100\n|move|p1a: Amoonguss|Giga Drain|p2a: Trae paca el orto\n|-supereffective|p2a: Trae paca el orto\n|-damage|p2a: Trae paca el orto|4\/100\n|-heal|p1a: Amoonguss|100\/100|[from] drain|[of] p2a: Trae paca el orto\n|\n|-weather|RainDance|[upkeep]\n|upkeep\n|turn|4\n|j| Erloko5\n|\n|t:|1700669429\n|switch|p2a: Manos pajeras|Metagross|100\/100\n|move|p1a: Amoonguss|Giga Drain|p2a: Manos pajeras\n|-resisted|p2a: Manos pajeras\n|-damage|p2a: Manos pajeras|94\/100\n|\n|-weather|RainDance|[upkeep]\n|upkeep\n|turn|5\n|c| Neitor el 08|jajaja cuiado hombre\n|\n|t:|1700669446\n|move|p2a: Manos pajeras|Hammer Arm|p1a: Amoonguss\n|-resisted|p1a: Amoonguss\n|-damage|p1a: Amoonguss|85\/100\n|-unboost|p2a: Manos pajeras|spe|1\n|move|p1a: Amoonguss|Spore|p2a: Manos pajeras\n|-status|p2a: Manos pajeras|slp|[from] move: Spore\n|\n|-weather|RainDance|[upkeep]\n|-heal|p1a: Amoonguss|92\/100|[from] item: Black Sludge\n|upkeep\n|turn|6\n|\n|t:|1700669458\n|switch|p2a: W.W.|Ludicolo, M|100\/100\n|move|p1a: Amoonguss|Giga Drain|p2a: W.W.\n|-damage|p2a: W.W.|76\/100\n|-heal|p1a: Amoonguss|100\/100|[from] drain|[of] p2a: W.W.\n|\n|-weather|RainDance|[upkeep]\n|upkeep\n|turn|7\n|\n|t:|1700669468\n|move|p2a: W.W.|Scald|p1a: Amoonguss\n|-resisted|p1a: Amoonguss\n|-damage|p1a: Amoonguss|75\/100\n|-damage|p2a: W.W.|66\/100|[from] item: Life Orb\n|move|p1a: Amoonguss|Sludge Bomb|p2a: W.W.\n|-supereffective|p2a: W.W.\n|-crit|p2a: W.W.\n|-damage|p2a: W.W.|0 fnt\n|faint|p2a: W.W.\n|\n|-weather|RainDance|[upkeep]\n|-heal|p1a: Amoonguss|81\/100|[from] item: Black Sludge\n|upkeep\n|\n|t:|1700669482\n|switch|p2a: Dani\u00b4s mun|Vigoroth, M|100\/100\n|turn|8\n|\n|t:|1700669486\n|move|p2a: Dani\u00b4s mun|Thunder Wave|p1a: Amoonguss|[miss]\n|-miss|p2a: Dani\u00b4s mun|p1a: Amoonguss\n|move|p1a: Amoonguss|Giga Drain|p2a: Dani\u00b4s mun\n|-damage|p2a: Dani\u00b4s mun|78\/100\n|-heal|p1a: Amoonguss|91\/100|[from] drain|[of] p2a: Dani\u00b4s mun\n|\n|-weather|none\n|-heal|p1a: Amoonguss|97\/100|[from] item: Black Sludge\n|upkeep\n|turn|9\n|\n|t:|1700669501\n|move|p2a: Dani\u00b4s mun|Return|p1a: Amoonguss\n|-damage|p1a: Amoonguss|69\/100\n|move|p1a: Amoonguss|Giga Drain|p2a: Dani\u00b4s mun\n|-damage|p2a: Dani\u00b4s mun|56\/100\n|-heal|p1a: Amoonguss|79\/100|[from] drain|[of] p2a: Dani\u00b4s mun\n|\n|-heal|p1a: Amoonguss|85\/100|[from] item: Black Sludge\n|upkeep\n|turn|10\n|\n|t:|1700669511\n|move|p2a: Dani\u00b4s mun|Knock Off|p1a: Amoonguss\n|-damage|p1a: Amoonguss|69\/100\n|-enditem|p1a: Amoonguss|Black Sludge|[from] move: Knock Off|[of] p2a: Dani\u00b4s mun\n|move|p1a: Amoonguss|Giga Drain|p2a: Dani\u00b4s mun\n|-damage|p2a: Dani\u00b4s mun|33\/100\n|-heal|p1a: Amoonguss|79\/100|[from] drain|[of] p2a: Dani\u00b4s mun\n|\n|upkeep\n|turn|11\n|\n|t:|1700669525\n|switch|p2a: P\u00e1\u00e1\u00e1\u00e1\u00e1jaro|Pelipper, M|100\/100\n|-weather|RainDance|[from] ability: Drizzle|[of] p2a: P\u00e1\u00e1\u00e1\u00e1\u00e1jaro\n|move|p1a: Amoonguss|Giga Drain|p2a: P\u00e1\u00e1\u00e1\u00e1\u00e1jaro\n|-damage|p2a: P\u00e1\u00e1\u00e1\u00e1\u00e1jaro|69\/100\n|-heal|p1a: Amoonguss|91\/100|[from] drain|[of] p2a: P\u00e1\u00e1\u00e1\u00e1\u00e1jaro\n|\n|-weather|RainDance|[upkeep]\n|upkeep\n|turn|12\n|\n|t:|1700669538\n|move|p2a: P\u00e1\u00e1\u00e1\u00e1\u00e1jaro|U-turn|p1a: Amoonguss\n|-damage|p1a: Amoonguss|83\/100\n|\n|t:|1700669556\n|switch|p2a: Manos pajeras|Metagross|94\/100 slp|[from] U-turn\n|move|p1a: Amoonguss|Giga Drain|p2a: Manos pajeras\n|-resisted|p2a: Manos pajeras\n|-damage|p2a: Manos pajeras|88\/100 slp\n|-heal|p1a: Amoonguss|86\/100|[from] drain|[of] p2a: Manos pajeras\n|\n|-weather|RainDance|[upkeep]\n|upkeep\n|turn|13\n|\n|t:|1700669566\n|switch|p1a: Gurdurr|Gurdurr, F|100\/100\n|cant|p2a: Manos pajeras|slp\n|\n|-weather|RainDance|[upkeep]\n|upkeep\n|turn|14\n|\n|t:|1700669580\n|switch|p2a: Troncoso|Manectric, F|100\/100\n|move|p1a: Gurdurr|Knock Off|p2a: Troncoso\n|-damage|p2a: Troncoso|40\/100\n|-enditem|p2a: Troncoso|Choice Specs|[from] move: Knock Off|[of] p1a: Gurdurr\n|\n|-weather|RainDance|[upkeep]\n|upkeep\n|turn|15\n|\n|t:|1700669589\n|move|p2a: Troncoso|Overheat|p1a: Gurdurr\n|-damage|p1a: Gurdurr|85\/100\n|-unboost|p2a: Troncoso|spa|2\n|move|p1a: Gurdurr|Rock Slide|p2a: Troncoso\n|-damage|p2a: Troncoso|0 fnt\n|faint|p2a: Troncoso\n|\n|-weather|RainDance|[upkeep]\n|upkeep\n|\n|t:|1700669602\n|switch|p2a: Dani\u00b4s mun|Vigoroth, M|33\/100\n|turn|16\n|\n|t:|1700669609\n|move|p2a: Dani\u00b4s mun|Thunder Wave|p1a: Gurdurr\n|-status|p1a: Gurdurr|par\n|move|p1a: Gurdurr|Drain Punch|p2a: Dani\u00b4s mun\n|-supereffective|p2a: Dani\u00b4s mun\n|-damage|p2a: Dani\u00b4s mun|0 fnt\n|-heal|p1a: Gurdurr|100\/100 par|[from] drain|[of] p2a: Dani\u00b4s mun\n|faint|p2a: Dani\u00b4s mun\n|\n|-weather|RainDance|[upkeep]\n|upkeep\n|\n|t:|1700669620\n|switch|p2a: Manos pajeras|Metagross|88\/100 slp\n|turn|17\n|\n|t:|1700669624\n|cant|p2a: Manos pajeras|slp\n|move|p1a: Gurdurr|Knock Off|p2a: Manos pajeras\n|-supereffective|p2a: Manos pajeras\n|-damage|p2a: Manos pajeras|17\/100 slp\n|-enditem|p2a: Manos pajeras|Assault Vest|[from] move: Knock Off|[of] p1a: Gurdurr\n|\n|-weather|RainDance|[upkeep]\n|upkeep\n|turn|18\n|\n|t:|1700669644\n|switch|p2a: Trae paca el orto|Swampert, F|4\/100\n|move|p1a: Gurdurr|Knock Off|p2a: Trae paca el orto\n|-damage|p2a: Trae paca el orto|0 fnt\n|faint|p2a: Trae paca el orto\n|\n|-weather|none\n|upkeep\n|\n|t:|1700669653\n|switch|p2a: P\u00e1\u00e1\u00e1\u00e1\u00e1jaro|Pelipper, M|69\/100\n|-weather|RainDance|[from] ability: Drizzle|[of] p2a: P\u00e1\u00e1\u00e1\u00e1\u00e1jaro\n|turn|19\n|\n|t:|1700669658\n|move|p2a: P\u00e1\u00e1\u00e1\u00e1\u00e1jaro|Roost|p2a: P\u00e1\u00e1\u00e1\u00e1\u00e1jaro\n|-heal|p2a: P\u00e1\u00e1\u00e1\u00e1\u00e1jaro|100\/100\n|-singleturn|p2a: P\u00e1\u00e1\u00e1\u00e1\u00e1jaro|move: Roost\n|move|p1a: Gurdurr|Knock Off|p2a: P\u00e1\u00e1\u00e1\u00e1\u00e1jaro\n|-damage|p2a: P\u00e1\u00e1\u00e1\u00e1\u00e1jaro|63\/100\n|-enditem|p2a: P\u00e1\u00e1\u00e1\u00e1\u00e1jaro|Damp Rock|[from] move: Knock Off|[of] p1a: Gurdurr\n|\n|-weather|RainDance|[upkeep]\n|upkeep\n|turn|20\n|\n|t:|1700669668\n|move|p2a: P\u00e1\u00e1\u00e1\u00e1\u00e1jaro|Hurricane|p1a: Gurdurr\n|-supereffective|p1a: Gurdurr\n|-damage|p1a: Gurdurr|37\/100 par\n|move|p1a: Gurdurr|Knock Off|p2a: P\u00e1\u00e1\u00e1\u00e1\u00e1jaro\n|-damage|p2a: P\u00e1\u00e1\u00e1\u00e1\u00e1jaro|38\/100\n|\n|-weather|RainDance|[upkeep]\n|upkeep\n|turn|21\n|\n|t:|1700669676\n|switch|p1a: Haxorus|Haxorus, M|100\/100\n|-ability|p1a: Haxorus|Unnerve\n|move|p2a: P\u00e1\u00e1\u00e1\u00e1\u00e1jaro|Hurricane|p1a: Haxorus\n|-damage|p1a: Haxorus|43\/100\n|-start|p1a: Haxorus|confusion\n|\n|-weather|RainDance|[upkeep]\n|upkeep\n|turn|22\n|\n|t:|1700669692\n|-terastallize|p1a: Haxorus|Dragon\n|-activate|p1a: Haxorus|confusion\n|-damage|p1a: Haxorus|25\/100|[from] confusion\n|move|p2a: P\u00e1\u00e1\u00e1\u00e1\u00e1jaro|Roost|p2a: P\u00e1\u00e1\u00e1\u00e1\u00e1jaro\n|-heal|p2a: P\u00e1\u00e1\u00e1\u00e1\u00e1jaro|88\/100\n|-singleturn|p2a: P\u00e1\u00e1\u00e1\u00e1\u00e1jaro|move: Roost\n|\n|-weather|RainDance|[upkeep]\n|upkeep\n|turn|23\n|\n|t:|1700669707\n|-end|p1a: Haxorus|confusion\n|move|p1a: Haxorus|Outrage|p2a: P\u00e1\u00e1\u00e1\u00e1\u00e1jaro\n|-damage|p2a: P\u00e1\u00e1\u00e1\u00e1\u00e1jaro|0 fnt\n|faint|p2a: P\u00e1\u00e1\u00e1\u00e1\u00e1jaro\n|\n|-weather|RainDance|[upkeep]\n|upkeep\n|\n|t:|1700669717\n|switch|p2a: Manos pajeras|Metagross|17\/100 slp\n|turn|24\n|\n|t:|1700669725\n|-terastallize|p2a: Manos pajeras|Steel\n|move|p1a: Haxorus|Outrage|p2a: Manos pajeras|[from]lockedmove\n|-resisted|p2a: Manos pajeras\n|-damage|p2a: Manos pajeras|0 fnt\n|faint|p2a: Manos pajeras\n|-start|p1a: Haxorus|confusion|[fatigue]\n|\n|win|chema778\n|c|\u2606chema778|gg\n|l| Erloko5\n","uploadtime":1700669745,"views":1,"p1id":"chema778","p2id":"dutt0708","formatid":"gen9nationaldex","rating":0,"private":0,"password":""}