{"id":"gen9nationaldex-1988655456","p1":"larsonshark","p2":"Tashibaa","format":"[Gen 9] National Dex","log":"|j|\u2606larsonshark\n|j|\u2606Tashibaa\n|t:|1699746841\n|gametype|singles\n|player|p1|larsonshark|caitlin|1385\n|player|p2|Tashibaa|101|1287\n|teamsize|p1|6\n|teamsize|p2|6\n|gen|9\n|tier|[Gen 9] National Dex\n|rated|\n|rule|HP Percentage Mod: HP is shown in percentages\n|rule|Endless Battle Clause: Forcing endless battles is banned\n|rule|OHKO Clause: OHKO moves are banned\n|rule|Evasion Clause: Evasion abilities, items, and moves are banned\n|rule|Evasion Abilities Clause: Evasion abilities are banned\n|rule|Evasion Items Clause: Evasion items are banned\n|rule|Evasion Moves Clause: Evasion moves are banned\n|rule|Species Clause: Limit one of each Pok\u00e9mon\n|rule|Sleep Clause Mod: Limit one foe put to sleep\n|clearpoke\n|poke|p1|Smeargle, M|\n|poke|p1|Aggron, F|\n|poke|p1|Terrakion|\n|poke|p1|Scolipede, M|\n|poke|p1|Tapu Koko|\n|poke|p1|Iron Valiant|\n|poke|p2|Porygon2|\n|poke|p2|Chansey, F|\n|poke|p2|Staraptor, M|\n|poke|p2|Meowscarada, F|\n|poke|p2|Charizard, M|\n|poke|p2|Conkeldurr, F|\n|teampreview\n|inactive|Battle timer is ON: inactive players will automatically lose when time's up. (requested by larsonshark)\n|\n|t:|1699746859\n|start\n|switch|p1a: Aggron|Aggron, F|100\/100\n|switch|p2a: Porygon2|Porygon2|100\/100\n|-ability|p2a: Porygon2|Sturdy|[from] ability: Trace|[of] p1a: Aggron\n|turn|1\n|inactive|Tashibaa has 120 seconds left.\n|\n|t:|1699746891\n|move|p1a: Aggron|Stealth Rock|p2a: Porygon2\n|-sidestart|p2: Tashibaa|move: Stealth Rock\n|move|p2a: Porygon2|Ice Beam|p1a: Aggron\n|-resisted|p1a: Aggron\n|-damage|p1a: Aggron|83\/100\n|\n|upkeep\n|turn|2\n|inactive|Tashibaa has 120 seconds left.\n|\n|t:|1699746903\n|switch|p1a: Tapu Koko|Tapu Koko|100\/100\n|-fieldstart|move: Electric Terrain|[from] ability: Electric Surge|[of] p1a: Tapu Koko\n|move|p2a: Porygon2|Ice Beam|p1a: Tapu Koko\n|-damage|p1a: Tapu Koko|69\/100\n|\n|upkeep\n|turn|3\n|\n|t:|1699746915\n|move|p1a: Tapu Koko|U-turn|p2a: Porygon2\n|-damage|p2a: Porygon2|85\/100\n|\n|t:|1699746917\n|switch|p1a: Iron Valiant|Iron Valiant|100\/100|[from] U-turn\n|-activate|p1a: Iron Valiant|ability: Quark Drive\n|-start|p1a: Iron Valiant|quarkdrivespe\n|move|p2a: Porygon2|Toxic|p1a: Iron Valiant\n|-status|p1a: Iron Valiant|tox\n|\n|-damage|p1a: Iron Valiant|94\/100 tox|[from] psn\n|upkeep\n|turn|4\n|\n|t:|1699746928\n|-terastallize|p2a: Porygon2|Ghost\n|move|p1a: Iron Valiant|Calm Mind|p1a: Iron Valiant\n|-boost|p1a: Iron Valiant|spa|1\n|-boost|p1a: Iron Valiant|spd|1\n|move|p2a: Porygon2|Ice Beam|p1a: Iron Valiant\n|-damage|p1a: Iron Valiant|68\/100 tox\n|\n|-damage|p1a: Iron Valiant|56\/100 tox|[from] psn\n|upkeep\n|turn|5\n|\n|t:|1699746938\n|move|p1a: Iron Valiant|Aura Sphere|p2a: Porygon2\n|-immune|p2a: Porygon2\n|move|p2a: Porygon2|Ice Beam|p1a: Iron Valiant\n|-damage|p1a: Iron Valiant|28\/100 tox\n|\n|-damage|p1a: Iron Valiant|9\/100 tox|[from] psn\n|upkeep\n|turn|6\n|\n|t:|1699746943\n|move|p1a: Iron Valiant|Moonblast|p2a: Porygon2\n|-damage|p2a: Porygon2|40\/100\n|-damage|p1a: Iron Valiant|0 fnt|[from] item: Life Orb\n|faint|p1a: Iron Valiant\n|-end|p1a: Iron Valiant|Quark Drive|[silent]\n|move|p2a: Porygon2|Recover|p2a: Porygon2\n|-heal|p2a: Porygon2|90\/100\n|\n|-fieldend|move: Electric Terrain\n|upkeep\n|\n|t:|1699746948\n|switch|p1a: Scolipede|Scolipede, M|100\/100\n|turn|7\n|\n|t:|1699746958\n|move|p1a: Scolipede|Swords Dance|p1a: Scolipede\n|-boost|p1a: Scolipede|atk|2\n|move|p2a: Porygon2|Ice Beam|p1a: Scolipede\n|-damage|p1a: Scolipede|69\/100\n|\n|-ability|p1a: Scolipede|Speed Boost|boost\n|-boost|p1a: Scolipede|spe|1\n|upkeep\n|turn|8\n|\n|t:|1699746979\n|move|p1a: Scolipede|Swords Dance|p1a: Scolipede\n|-boost|p1a: Scolipede|atk|2\n|move|p2a: Porygon2|Ice Beam|p1a: Scolipede\n|-damage|p1a: Scolipede|32\/100\n|\n|-ability|p1a: Scolipede|Speed Boost|boost\n|-boost|p1a: Scolipede|spe|1\n|upkeep\n|turn|9\n|\n|t:|1699746986\n|move|p1a: Scolipede|Earthquake|p2a: Porygon2\n|-damage|p2a: Porygon2|30\/100\n|move|p2a: Porygon2|Ice Beam|p1a: Scolipede\n|-damage|p1a: Scolipede|0 fnt\n|faint|p1a: Scolipede\n|\n|upkeep\n|\n|t:|1699746994\n|switch|p1a: Tapu Koko|Tapu Koko|69\/100\n|-fieldstart|move: Electric Terrain|[from] ability: Electric Surge|[of] p1a: Tapu Koko\n|turn|10\n|\n|t:|1699746997\n|move|p1a: Tapu Koko|Wild Charge|p2a: Porygon2\n|-damage|p2a: Porygon2|0 fnt\n|faint|p2a: Porygon2\n|-damage|p1a: Tapu Koko|59\/100|[from] Recoil\n|\n|upkeep\n|\n|t:|1699747012\n|switch|p2a: Chansey|Chansey, F|100\/100\n|-damage|p2a: Chansey|88\/100|[from] Stealth Rock\n|turn|11\n|\n|t:|1699747025\n|move|p1a: Tapu Koko|U-turn|p2a: Chansey\n|-damage|p2a: Chansey|74\/100\n|\n|t:|1699747032\n|switch|p1a: Aggron|Aggron, F|83\/100|[from] U-turn\n|move|p2a: Chansey|Toxic|p1a: Aggron\n|-immune|p1a: Aggron\n|\n|upkeep\n|turn|12\n|\n|t:|1699747037\n|detailschange|p1a: Aggron|Aggron-Mega, F\n|-mega|p1a: Aggron|Aggron|Aggronite\n|move|p1a: Aggron|Autotomize|p1a: Aggron\n|-boost|p1a: Aggron|spe|2\n|-start|p1a: Aggron|Autotomize\n|move|p2a: Chansey|Seismic Toss|p1a: Aggron\n|-damage|p1a: Aggron|50\/100\n|\n|upkeep\n|turn|13\n|\n|t:|1699747044\n|move|p1a: Aggron|Iron Defense|p1a: Aggron\n|-boost|p1a: Aggron|def|2\n|move|p2a: Chansey|Stealth Rock|p1a: Aggron\n|-sidestart|p1: larsonshark|move: Stealth Rock\n|\n|upkeep\n|turn|14\n|\n|t:|1699747065\n|move|p1a: Aggron|Iron Defense|p1a: Aggron\n|-boost|p1a: Aggron|def|2\n|move|p2a: Chansey|Seismic Toss|p1a: Aggron\n|-damage|p1a: Aggron|16\/100\n|\n|-fieldend|move: Electric Terrain\n|upkeep\n|turn|15\n|\n|t:|1699747068\n|move|p1a: Aggron|Body Press|p2a: Chansey\n|-supereffective|p2a: Chansey\n|-damage|p2a: Chansey|0 fnt\n|faint|p2a: Chansey\n|\n|upkeep\n|\n|t:|1699747076\n|switch|p2a: Staraptor|Staraptor, M|100\/100\n|-damage|p2a: Staraptor|76\/100|[from] Stealth Rock\n|-ability|p2a: Staraptor|Intimidate|boost\n|-unboost|p1a: Aggron|atk|1\n|turn|16\n|\n|t:|1699747081\n|move|p1a: Aggron|Body Press|p2a: Staraptor\n|-damage|p2a: Staraptor|0 fnt\n|faint|p2a: Staraptor\n|\n|upkeep\n|\n|t:|1699747084\n|switch|p2a: Conkeldurr|Conkeldurr, F|100\/100\n|-damage|p2a: Conkeldurr|94\/100|[from] Stealth Rock\n|turn|17\n|\n|t:|1699747089\n|move|p2a: Conkeldurr|Mach Punch|p1a: Aggron\n|-supereffective|p1a: Aggron\n|-damage|p1a: Aggron|10\/100\n|move|p1a: Aggron|Body Press|p2a: Conkeldurr\n|-damage|p2a: Conkeldurr|0 fnt\n|faint|p2a: Conkeldurr\n|\n|upkeep\n|\n|t:|1699747096\n|switch|p2a: Charizard|Charizard, M|100\/100\n|-damage|p2a: Charizard|51\/100|[from] Stealth Rock\n|turn|18\n|c|\u2606larsonshark|cant stop the a train\n|\n|t:|1699747102\n|detailschange|p2a: Charizard|Charizard-Mega-Y, M\n|-mega|p2a: Charizard|Charizard|Charizardite Y\n|-weather|SunnyDay|[from] ability: Drought|[of] p2a: Charizard\n|move|p1a: Aggron|Body Press|p2a: Charizard\n|-resisted|p2a: Charizard\n|-damage|p2a: Charizard|0 fnt\n|faint|p2a: Charizard\n|\n|-weather|SunnyDay|[upkeep]\n|upkeep\n|-message|Tashibaa forfeited.\n|\n|win|larsonshark\n|raw|larsonshark's rating: 1385 &rarr; <strong>1400<\/strong><br \/>(+15 for winning)\n|raw|Tashibaa's rating: 1287 &rarr; <strong>1269<\/strong><br \/>(-18 for losing)\n|l|\u2606Tashibaa\n","uploadtime":1699747115,"views":8,"p1id":"larsonshark","p2id":"tashibaa","formatid":"gen9nationaldex","rating":1269,"private":0,"password":""}