{"id":"gen9nationaldex-1996856776","p1":"MoraKun","p2":"adrianmeisg","format":"[Gen 9] National Dex","log":"|html|<div class=\"broadcast-blue\"><strong>[Gen 9] National Dex is currently suspecting Sneasler! For information on how to participate check out the <a href=\"https:\/\/www.smogon.com\/forums\/threads\/sv-national-dex-suspect-8-just-dance.3731534\/\">suspect thread<\/a>.<\/strong><\/div>\n|j|\u2606MoraKun\n|j|\u2606adrianmeisg\n|t:|1700736188\n|gametype|singles\n|player|p1|MoraKun|n|1217\n|player|p2|adrianmeisg|benga|1200\n|teamsize|p1|6\n|teamsize|p2|6\n|gen|9\n|tier|[Gen 9] National Dex\n|rated|\n|rule|HP Percentage Mod: HP is shown in percentages\n|rule|Endless Battle Clause: Forcing endless battles is banned\n|rule|OHKO Clause: OHKO moves are banned\n|rule|Evasion Clause: Evasion abilities, items, and moves are banned\n|rule|Evasion Abilities Clause: Evasion abilities are banned\n|rule|Evasion Items Clause: Evasion items are banned\n|rule|Evasion Moves Clause: Evasion moves are banned\n|rule|Species Clause: Limit one of each Pok\u00e9mon\n|rule|Sleep Clause Mod: Limit one foe put to sleep\n|clearpoke\n|poke|p1|Quagsire, F|\n|poke|p1|Typhlosion, F|\n|poke|p1|Crobat, F|\n|poke|p1|Emboar, F|\n|poke|p1|Raticate, F|\n|poke|p1|Cryogonal|\n|poke|p2|Pelipper, M|\n|poke|p2|Kingdra, F|\n|poke|p2|Barraskewda, M|\n|poke|p2|Toxapex, M|\n|poke|p2|Ferrothorn, F|\n|poke|p2|Tapu Koko|\n|teampreview\n|\n|t:|1700736197\n|start\n|switch|p1a: Crabar\u00e1n|Crobat, F, shiny|100\/100\n|switch|p2a: Pelipper|Pelipper, M|100\/100\n|-weather|RainDance|[from] ability: Drizzle|[of] p2a: Pelipper\n|turn|1\n|\n|t:|1700736220\n|move|p1a: Crabar\u00e1n|Toxic|p2a: Pelipper\n|-status|p2a: Pelipper|tox\n|move|p2a: Pelipper|Scald|p1a: Crabar\u00e1n\n|-crit|p1a: Crabar\u00e1n\n|-damage|p1a: Crabar\u00e1n|22\/100\n|\n|-weather|RainDance|[upkeep]\n|-heal|p1a: Crabar\u00e1n|28\/100|[from] item: Black Sludge\n|-damage|p2a: Pelipper|94\/100 tox|[from] psn\n|upkeep\n|turn|2\n|\n|t:|1700736231\n|move|p1a: Crabar\u00e1n|U-turn|p2a: Pelipper\n|-resisted|p2a: Pelipper\n|-damage|p2a: Pelipper|87\/100 tox\n|\n|t:|1700736235\n|switch|p1a: Balanga|Quagsire, F, shiny|100\/100|[from] U-turn\n|move|p2a: Pelipper|Scald|p1a: Balanga\n|-immune|p1a: Balanga|[from] ability: Water Absorb\n|\n|-weather|RainDance|[upkeep]\n|-damage|p2a: Pelipper|75\/100 tox|[from] psn\n|upkeep\n|turn|3\n|\n|t:|1700736258\n|switch|p2a: Toxapex|Toxapex, M|100\/100\n|move|p1a: Balanga|Waterfall|p2a: Toxapex\n|-resisted|p2a: Toxapex\n|-damage|p2a: Toxapex|80\/100\n|\n|-weather|RainDance|[upkeep]\n|upkeep\n|turn|4\n|\n|t:|1700736269\n|move|p1a: Balanga|Earthquake|p2a: Toxapex\n|-supereffective|p2a: Toxapex\n|-damage|p2a: Toxapex|13\/100\n|move|p2a: Toxapex|Toxic|p1a: Balanga\n|-status|p1a: Balanga|tox\n|\n|-weather|RainDance|[upkeep]\n|-damage|p1a: Balanga|94\/100 tox|[from] psn\n|upkeep\n|turn|5\n|\n|t:|1700736284\n|switch|p2a: Pelipper|Pelipper, M|75\/100 tox\n|move|p1a: Balanga|Waterfall|p2a: Pelipper\n|-resisted|p2a: Pelipper\n|-damage|p2a: Pelipper|55\/100 tox\n|\n|-weather|RainDance|[upkeep]\n|-heal|p1a: Balanga|100\/100 tox|[from] item: Leftovers\n|-damage|p2a: Pelipper|49\/100 tox|[from] psn\n|-damage|p1a: Balanga|88\/100 tox|[from] psn\n|upkeep\n|turn|6\n|\n|t:|1700736300\n|move|p2a: Pelipper|Roost|p2a: Pelipper\n|-heal|p2a: Pelipper|99\/100 tox\n|-singleturn|p2a: Pelipper|move: Roost\n|move|p1a: Balanga|Ice Punch|p2a: Pelipper\n|-resisted|p2a: Pelipper\n|-damage|p2a: Pelipper|89\/100 tox\n|\n|-weather|RainDance|[upkeep]\n|-heal|p1a: Balanga|94\/100 tox|[from] item: Leftovers\n|-damage|p2a: Pelipper|77\/100 tox|[from] psn\n|-damage|p1a: Balanga|76\/100 tox|[from] psn\n|upkeep\n|turn|7\n|\n|t:|1700736327\n|switch|p1a: Charanga|Raticate, F, shiny|100\/100\n|move|p2a: Pelipper|Hurricane|p1a: Charanga\n|-damage|p1a: Charanga|31\/100\n|\n|-weather|RainDance|[upkeep]\n|-damage|p2a: Pelipper|59\/100 tox|[from] psn\n|-status|p1a: Charanga|brn|[from] item: Flame Orb\n|upkeep\n|turn|8\n|inactive|Battle timer is ON: inactive players will automatically lose when time's up. (requested by MoraKun)\n|\n|t:|1700736344\n|switch|p2a: Ferrothorn|Ferrothorn, F|100\/100\n|move|p1a: Charanga|Facade|p2a: Ferrothorn\n|-resisted|p2a: Ferrothorn\n|-damage|p2a: Ferrothorn|74\/100\n|-damage|p1a: Charanga|19\/100 brn|[from] ability: Iron Barbs|[of] p2a: Ferrothorn\n|-damage|p1a: Charanga|2\/100 brn|[from] item: Rocky Helmet|[of] p2a: Ferrothorn\n|\n|-weather|none\n|-damage|p1a: Charanga|0 fnt|[from] brn\n|faint|p1a: Charanga\n|upkeep\n|\n|t:|1700736363\n|switch|p1a: Salas|Typhlosion, F, shiny|100\/100\n|turn|9\n|\n|t:|1700736373\n|switch|p2a: Toxapex|Toxapex, M|47\/100\n|move|p1a: Salas|Flamethrower|p2a: Toxapex\n|-resisted|p2a: Toxapex\n|-crit|p2a: Toxapex\n|-damage|p2a: Toxapex|18\/100\n|\n|upkeep\n|turn|10\n|\n|t:|1700736386\n|switch|p2a: Pelipper|Pelipper, M|59\/100 tox\n|-weather|RainDance|[from] ability: Drizzle|[of] p2a: Pelipper\n|move|p1a: Salas|Flamethrower|p2a: Pelipper\n|-resisted|p2a: Pelipper\n|-damage|p2a: Pelipper|38\/100 tox\n|\n|-weather|RainDance|[upkeep]\n|-damage|p2a: Pelipper|32\/100 tox|[from] psn\n|upkeep\n|turn|11\n|\n|t:|1700736401\n|switch|p1a: Balanga|Quagsire, F, shiny|76\/100 tox\n|switch|p2a: Toxapex|Toxapex, M|51\/100\n|\n|-weather|RainDance|[upkeep]\n|-heal|p1a: Balanga|82\/100 tox|[from] item: Leftovers\n|-damage|p1a: Balanga|76\/100 tox|[from] psn\n|upkeep\n|turn|12\n|\n|t:|1700736416\n|switch|p2a: Pelipper|Pelipper, M|32\/100 tox\n|move|p1a: Balanga|Recover|p1a: Balanga\n|-heal|p1a: Balanga|100\/100 tox\n|\n|-weather|RainDance|[upkeep]\n|-damage|p2a: Pelipper|26\/100 tox|[from] psn\n|-damage|p1a: Balanga|88\/100 tox|[from] psn\n|upkeep\n|turn|13\n|\n|t:|1700736431\n|switch|p1a: Baltharia|Emboar, F, shiny|100\/100\n|move|p2a: Pelipper|Roost|p2a: Pelipper\n|-heal|p2a: Pelipper|76\/100 tox\n|-singleturn|p2a: Pelipper|move: Roost\n|\n|-weather|RainDance|[upkeep]\n|-damage|p2a: Pelipper|64\/100 tox|[from] psn\n|upkeep\n|turn|14\n|\n|t:|1700736446\n|switch|p2a: Toxapex|Toxapex, M|84\/100\n|switch|p1a: Balanga|Quagsire, F, shiny|88\/100 tox\n|\n|-weather|RainDance|[upkeep]\n|-heal|p1a: Balanga|94\/100 tox|[from] item: Leftovers\n|-damage|p1a: Balanga|88\/100 tox|[from] psn\n|upkeep\n|turn|15\n|\n|t:|1700736465\n|switch|p2a: Pelipper|Pelipper, M|64\/100 tox\n|move|p1a: Balanga|Waterfall|p2a: Pelipper\n|-resisted|p2a: Pelipper\n|-damage|p2a: Pelipper|44\/100 tox\n|\n|-weather|RainDance|[upkeep]\n|-heal|p1a: Balanga|94\/100 tox|[from] item: Leftovers\n|-damage|p2a: Pelipper|38\/100 tox|[from] psn\n|-damage|p1a: Balanga|82\/100 tox|[from] psn\n|upkeep\n|turn|16\n|\n|t:|1700736478\n|move|p2a: Pelipper|Roost|p2a: Pelipper\n|-heal|p2a: Pelipper|88\/100 tox\n|-singleturn|p2a: Pelipper|move: Roost\n|move|p1a: Balanga|Waterfall|p2a: Pelipper\n|-resisted|p2a: Pelipper\n|-damage|p2a: Pelipper|69\/100 tox\n|\n|-weather|RainDance|[upkeep]\n|-heal|p1a: Balanga|88\/100 tox|[from] item: Leftovers\n|-damage|p2a: Pelipper|56\/100 tox|[from] psn\n|-damage|p1a: Balanga|70\/100 tox|[from] psn\n|upkeep\n|turn|17\n|\n|t:|1700736490\n|move|p2a: Pelipper|Roost|p2a: Pelipper\n|-heal|p2a: Pelipper|100\/100 tox\n|-singleturn|p2a: Pelipper|move: Roost\n|move|p1a: Balanga|Waterfall|p2a: Pelipper\n|-resisted|p2a: Pelipper\n|-damage|p2a: Pelipper|81\/100 tox\n|\n|-weather|none\n|-heal|p1a: Balanga|76\/100 tox|[from] item: Leftovers\n|-damage|p2a: Pelipper|63\/100 tox|[from] psn\n|-damage|p1a: Balanga|52\/100 tox|[from] psn\n|upkeep\n|turn|18\n|inactive|adrianmeisg has 120 seconds left.\n|\n|t:|1700736522\n|switch|p1a: Infernusgirl|Cryogonal, shiny|100\/100\n|move|p2a: Pelipper|Roost|p2a: Pelipper\n|-heal|p2a: Pelipper|100\/100 tox\n|-singleturn|p2a: Pelipper|move: Roost\n|\n|-damage|p2a: Pelipper|76\/100 tox|[from] psn\n|upkeep\n|turn|19\n|inactive|adrianmeisg has 120 seconds left.\n|\n|t:|1700736539\n|switch|p2a: Barraskewda|Barraskewda, M|100\/100\n|move|p1a: Infernusgirl|Freeze-Dry|p2a: Barraskewda\n|-supereffective|p2a: Barraskewda\n|-damage|p2a: Barraskewda|0 fnt\n|faint|p2a: Barraskewda\n|\n|upkeep\n|\n|t:|1700736552\n|switch|p2a: Pelipper|Pelipper, M|76\/100 tox\n|-weather|RainDance|[from] ability: Drizzle|[of] p2a: Pelipper\n|turn|20\n|\n|t:|1700736568\n|switch|p2a: Ferrothorn|Ferrothorn, F|74\/100\n|move|p1a: Infernusgirl|Freeze-Dry|p2a: Ferrothorn\n|-damage|p2a: Ferrothorn|52\/100\n|\n|-weather|RainDance|[upkeep]\n|upkeep\n|turn|21\n|\n|t:|1700736582\n|switch|p1a: Salas|Typhlosion, F, shiny|100\/100\n|move|p2a: Ferrothorn|Leech Seed|p1a: Salas\n|-start|p1a: Salas|move: Leech Seed\n|\n|-weather|RainDance|[upkeep]\n|-damage|p1a: Salas|88\/100|[from] Leech Seed|[of] p2a: Ferrothorn\n|-heal|p2a: Ferrothorn|62\/100|[silent]\n|upkeep\n|turn|22\n|\n|t:|1700736592\n|move|p2a: Ferrothorn|Protect|p2a: Ferrothorn\n|-singleturn|p2a: Ferrothorn|Protect\n|move|p1a: Salas|Flamethrower|p2a: Ferrothorn\n|-activate|p2a: Ferrothorn|move: Protect\n|\n|-weather|RainDance|[upkeep]\n|-damage|p1a: Salas|76\/100|[from] Leech Seed|[of] p2a: Ferrothorn\n|-heal|p2a: Ferrothorn|73\/100|[silent]\n|upkeep\n|turn|23\n|\n|t:|1700736603\n|switch|p1a: Baltharia|Emboar, F, shiny|100\/100\n|switch|p2a: Toxapex|Toxapex, M|100\/100\n|\n|-weather|RainDance|[upkeep]\n|upkeep\n|turn|24\n|\n|t:|1700736615\n|switch|p2a: Pelipper|Pelipper, M|76\/100 tox\n|move|p1a: Baltharia|Earthquake|p2a: Pelipper\n|-immune|p2a: Pelipper\n|\n|-weather|RainDance|[upkeep]\n|-damage|p2a: Pelipper|70\/100 tox|[from] psn\n|upkeep\n|turn|25\n|\n|t:|1700736627\n|switch|p1a: Balanga|Quagsire, F, shiny|52\/100 tox\n|move|p2a: Pelipper|Scald|p1a: Balanga\n|-heal|p1a: Balanga|77\/100 tox|[from] ability: Water Absorb|[of] p2a: Pelipper\n|\n|-weather|RainDance|[upkeep]\n|-heal|p1a: Balanga|83\/100 tox|[from] item: Leftovers\n|-damage|p2a: Pelipper|57\/100 tox|[from] psn\n|-damage|p1a: Balanga|77\/100 tox|[from] psn\n|upkeep\n|turn|26\n|\n|t:|1700736640\n|move|p2a: Pelipper|Roost|p2a: Pelipper\n|-heal|p2a: Pelipper|100\/100 tox\n|-singleturn|p2a: Pelipper|move: Roost\n|move|p1a: Balanga|Recover|p1a: Balanga\n|-heal|p1a: Balanga|100\/100 tox\n|\n|-weather|RainDance|[upkeep]\n|-damage|p2a: Pelipper|82\/100 tox|[from] psn\n|-damage|p1a: Balanga|88\/100 tox|[from] psn\n|upkeep\n|turn|27\n|\n|t:|1700736662\n|switch|p1a: Infernusgirl|Cryogonal, shiny|100\/100\n|move|p2a: Pelipper|U-turn|p1a: Infernusgirl\n|-crit|p1a: Infernusgirl\n|-damage|p1a: Infernusgirl|72\/100\n|\n|t:|1700736676\n|switch|p2a: Ferrothorn|Ferrothorn, F|73\/100|[from] U-turn\n|\n|-weather|none\n|upkeep\n|turn|28\n|inactive|adrianmeisg has 90 seconds left.\n|\n|t:|1700736696\n|switch|p1a: Salas|Typhlosion, F, shiny|76\/100\n|move|p2a: Ferrothorn|Gyro Ball|p1a: Salas\n|-resisted|p1a: Salas\n|-damage|p1a: Salas|51\/100\n|\n|upkeep\n|turn|29\n|inactive|adrianmeisg has 90 seconds left.\n|inactive|MoraKun has 120 seconds left.\n|\n|t:|1700736718\n|switch|p2a: Toxapex|Toxapex, M|100\/100\n|move|p1a: Salas|Flamethrower|p2a: Toxapex\n|-resisted|p2a: Toxapex\n|-damage|p2a: Toxapex|83\/100\n|\n|upkeep\n|turn|30\n|inactive|MoraKun has 120 seconds left.\n|inactive|adrianmeisg has 90 seconds left.\n|\n|t:|1700736730\n|switch|p1a: Balanga|Quagsire, F, shiny|88\/100 tox\n|move|p2a: Toxapex|Toxic|p1a: Balanga\n|-fail|p1a: Balanga|tox\n|\n|-heal|p1a: Balanga|94\/100 tox|[from] item: Leftovers\n|-damage|p1a: Balanga|88\/100 tox|[from] psn\n|upkeep\n|turn|31\n|inactive|adrianmeisg has 90 seconds left.\n|\n|t:|1700736744\n|switch|p2a: Pelipper|Pelipper, M|82\/100 tox\n|-weather|RainDance|[from] ability: Drizzle|[of] p2a: Pelipper\n|move|p1a: Balanga|Ice Punch|p2a: Pelipper\n|-damage|p2a: Pelipper|63\/100 tox\n|\n|-weather|RainDance|[upkeep]\n|-heal|p1a: Balanga|94\/100 tox|[from] item: Leftovers\n|-damage|p2a: Pelipper|57\/100 tox|[from] psn\n|-damage|p1a: Balanga|82\/100 tox|[from] psn\n|upkeep\n|turn|32\n|\n|t:|1700736759\n|move|p2a: Pelipper|Roost|p2a: Pelipper\n|-heal|p2a: Pelipper|100\/100 tox\n|-singleturn|p2a: Pelipper|move: Roost\n|move|p1a: Balanga|Recover|p1a: Balanga\n|-heal|p1a: Balanga|100\/100 tox\n|\n|-weather|RainDance|[upkeep]\n|-damage|p2a: Pelipper|88\/100 tox|[from] psn\n|-damage|p1a: Balanga|82\/100 tox|[from] psn\n|upkeep\n|turn|33\n|\n|t:|1700736774\n|switch|p1a: Crabar\u00e1n|Crobat, F, shiny|28\/100\n|move|p2a: Pelipper|Hurricane|p1a: Crabar\u00e1n\n|-damage|p1a: Crabar\u00e1n|0 fnt\n|faint|p1a: Crabar\u00e1n\n|\n|-weather|RainDance|[upkeep]\n|-damage|p2a: Pelipper|70\/100 tox|[from] psn\n|upkeep\n|inactive|MoraKun has 120 seconds left.\n|\n|t:|1700736785\n|switch|p1a: Baltharia|Emboar, F, shiny|100\/100\n|turn|34\n|\n|t:|1700736792\n|-terastallize|p1a: Baltharia|Ground\n|move|p1a: Baltharia|Head Smash|p2a: Pelipper\n|-supereffective|p2a: Pelipper\n|-damage|p2a: Pelipper|0 fnt\n|faint|p2a: Pelipper\n|-damage|p1a: Baltharia|74\/100|[from] Recoil\n|\n|-weather|RainDance|[upkeep]\n|upkeep\n|\n|t:|1700736799\n|switch|p2a: Kingdra|Kingdra, F, shiny|100\/100\n|turn|35\n|\n|t:|1700736806\n|switch|p1a: Balanga|Quagsire, F, shiny|82\/100 tox\n|move|p2a: Kingdra|Surf|p1a: Balanga\n|-heal|p1a: Balanga|100\/100 tox|[from] ability: Water Absorb|[of] p2a: Kingdra\n|\n|-weather|RainDance|[upkeep]\n|-damage|p1a: Balanga|94\/100 tox|[from] psn\n|upkeep\n|turn|36\n|inactive|adrianmeisg has 120 seconds left.\n|\n|t:|1700736832\n|switch|p2a: Ferrothorn|Ferrothorn, F|73\/100\n|move|p1a: Balanga|Ice Punch|p2a: Ferrothorn\n|-damage|p2a: Ferrothorn|59\/100\n|-damage|p1a: Balanga|82\/100 tox|[from] ability: Iron Barbs|[of] p2a: Ferrothorn\n|-damage|p1a: Balanga|65\/100 tox|[from] item: Rocky Helmet|[of] p2a: Ferrothorn\n|\n|-weather|RainDance|[upkeep]\n|-heal|p1a: Balanga|72\/100 tox|[from] item: Leftovers\n|-damage|p1a: Balanga|59\/100 tox|[from] psn\n|upkeep\n|turn|37\n|inactive|adrianmeisg has 120 seconds left.\n|inactive|MoraKun has 120 seconds left.\n|\n|t:|1700736853\n|switch|p1a: Salas|Typhlosion, F, shiny|51\/100\n|move|p2a: Ferrothorn|Protect||[still]\n|-fail|p2a: Ferrothorn\n|\n|-weather|RainDance|[upkeep]\n|upkeep\n|turn|38\n|inactive|MoraKun has 120 seconds left.\n|\n|t:|1700736862\n|switch|p2a: Toxapex|Toxapex, M|100\/100\n|move|p1a: Salas|Flamethrower|p2a: Toxapex\n|-resisted|p2a: Toxapex\n|-crit|p2a: Toxapex\n|-damage|p2a: Toxapex|86\/100\n|\n|-weather|none\n|upkeep\n|turn|39\n|inactive|adrianmeisg has 120 seconds left.\n|inactive|MoraKun has 120 seconds left.\n|\n|t:|1700736889\n|switch|p1a: Infernusgirl|Cryogonal, shiny|72\/100\n|switch|p2a: Ferrothorn|Ferrothorn, F|59\/100\n|\n|upkeep\n|turn|40\n|\n|t:|1700736916\n|switch|p1a: Baltharia|Emboar, F, shiny, tera:Ground|74\/100\n|move|p2a: Ferrothorn|Stealth Rock|p1a: Baltharia\n|-sidestart|p1: MoraKun|move: Stealth Rock\n|\n|upkeep\n|turn|41\n|\n|t:|1700736926\n|move|p2a: Ferrothorn|Protect|p2a: Ferrothorn\n|-singleturn|p2a: Ferrothorn|Protect\n|move|p1a: Baltharia|Flare Blitz|p2a: Ferrothorn\n|-activate|p2a: Ferrothorn|move: Protect\n|\n|upkeep\n|turn|42\n|inactive|MoraKun has 90 seconds left.\n|\n|t:|1700736951\n|switch|p2a: Toxapex|Toxapex, M|100\/100\n|move|p1a: Baltharia|Flare Blitz|p2a: Toxapex\n|-resisted|p2a: Toxapex\n|-damage|p2a: Toxapex|70\/100\n|-damage|p1a: Baltharia|67\/100|[from] Recoil\n|\n|upkeep\n|turn|43\n|inactive|MoraKun has 90 seconds left.\n|\n|t:|1700736965\n|move|p1a: Baltharia|Earthquake|p2a: Toxapex\n|-supereffective|p2a: Toxapex\n|-damage|p2a: Toxapex|0 fnt\n|faint|p2a: Toxapex\n|\n|upkeep\n|\n|t:|1700736978\n|switch|p2a: Kingdra|Kingdra, F, shiny|100\/100\n|turn|44\n|\n|t:|1700736986\n|switch|p1a: Balanga|Quagsire, F, shiny|59\/100 tox\n|-damage|p1a: Balanga|53\/100 tox|[from] Stealth Rock\n|move|p2a: Kingdra|Ice Beam|p1a: Balanga\n|-damage|p1a: Balanga|4\/100 tox\n|\n|-heal|p1a: Balanga|10\/100 tox|[from] item: Leftovers\n|-damage|p1a: Balanga|4\/100 tox|[from] psn\n|upkeep\n|turn|45\n|\n|t:|1700736998\n|switch|p1a: Infernusgirl|Cryogonal, shiny|72\/100\n|move|p2a: Kingdra|Ice Beam|p1a: Infernusgirl\n|-resisted|p1a: Infernusgirl\n|-damage|p1a: Infernusgirl|54\/100\n|\n|upkeep\n|turn|46\n|\n|t:|1700737006\n|switch|p2a: Ferrothorn|Ferrothorn, F|59\/100\n|move|p1a: Infernusgirl|Freeze-Dry|p2a: Ferrothorn\n|-damage|p2a: Ferrothorn|34\/100\n|-status|p2a: Ferrothorn|frz\n|\n|upkeep\n|turn|47\n|\n|t:|1700737022\n|switch|p1a: Baltharia|Emboar, F, shiny, tera:Ground|67\/100\n|-damage|p1a: Baltharia|61\/100|[from] Stealth Rock\n|cant|p2a: Ferrothorn|frz\n|\n|upkeep\n|turn|48\n|\n|t:|1700737045\n|cant|p2a: Ferrothorn|frz\n|move|p1a: Baltharia|Earthquake|p2a: Ferrothorn\n|-damage|p2a: Ferrothorn|0 fnt\n|faint|p2a: Ferrothorn\n|\n|upkeep\n|\n|t:|1700737050\n|switch|p2a: Tapu Koko|Tapu Koko, shiny|100\/100\n|-fieldstart|move: Electric Terrain|[from] ability: Electric Surge|[of] p2a: Tapu Koko\n|turn|49\n|\n|t:|1700737061\n|move|p2a: Tapu Koko|Hidden Power|p1a: Baltharia\n|-supereffective|p1a: Baltharia\n|-damage|p1a: Baltharia|26\/100\n|move|p1a: Baltharia|Earthquake|p2a: Tapu Koko\n|-supereffective|p2a: Tapu Koko\n|-damage|p2a: Tapu Koko|0 fnt\n|faint|p2a: Tapu Koko\n|\n|upkeep\n|\n|t:|1700737070\n|switch|p2a: Kingdra|Kingdra, F, shiny|100\/100\n|turn|50\n|\n|t:|1700737083\n|move|p2a: Kingdra|Surf|p1a: Baltharia\n|-supereffective|p1a: Baltharia\n|-damage|p1a: Baltharia|0 fnt\n|faint|p1a: Baltharia\n|\n|upkeep\n|\n|t:|1700737088\n|switch|p1a: Infernusgirl|Cryogonal, shiny|54\/100\n|turn|51\n|\n|t:|1700737092\n|move|p1a: Infernusgirl|Freeze-Dry|p2a: Kingdra\n|-supereffective|p2a: Kingdra\n|-damage|p2a: Kingdra|0 fnt\n|faint|p2a: Kingdra\n|\n|win|MoraKun\n|raw|MoraKun's rating: 1217 &rarr; <strong>1241<\/strong><br \/>(+24 for winning)\n|raw|adrianmeisg's rating: 1200 &rarr; <strong>1176<\/strong><br \/>(-24 for losing)\n|l|\u2606adrianmeisg\n","uploadtime":1700737099,"views":3,"p1id":"morakun","p2id":"adrianmeisg","formatid":"gen9nationaldex","rating":1176,"private":0,"password":""}