{"id":"gen9nationaldex-1989084085","p1":"AlvinElias","p2":"yangelxx","format":"[Gen 9] National Dex","log":"|j|\u2606AlvinElias\n|j|\u2606yangelxx\n|t:|1699810418\n|gametype|singles\n|player|p1|AlvinElias|n|\n|player|p2|yangelxx|266|\n|teamsize|p1|4\n|teamsize|p2|4\n|gen|9\n|tier|[Gen 9] National Dex\n|rule|HP Percentage Mod: HP is shown in percentages\n|rule|Endless Battle Clause: Forcing endless battles is banned\n|rule|OHKO Clause: OHKO moves are banned\n|rule|Evasion Clause: Evasion abilities, items, and moves are banned\n|rule|Evasion Abilities Clause: Evasion abilities are banned\n|rule|Evasion Items Clause: Evasion items are banned\n|rule|Evasion Moves Clause: Evasion moves are banned\n|rule|Species Clause: Limit one of each Pok\u00e9mon\n|rule|Sleep Clause Mod: Limit one foe put to sleep\n|clearpoke\n|poke|p1|Marshtomp, L19, M|\n|poke|p1|Ralts, L19, M|\n|poke|p1|Makuhita, L19, F|\n|poke|p1|Taillow, L19, M|\n|poke|p2|Marill, L19, M|\n|poke|p2|Combusken, L19, M|\n|poke|p2|Shroomish, L19, F|\n|poke|p2|Nincada, L19, M|\n|teampreview\n|\n|t:|1699810459\n|start\n|switch|p1a: Marshtomp|Marshtomp, L19, M|100\/100\n|switch|p2a: Combusken|Combusken, L19, M|100\/100\n|turn|1\n|\n|t:|1699810474\n|move|p2a: Combusken|Rock Tomb|p1a: Marshtomp\n|-resisted|p1a: Marshtomp\n|-damage|p1a: Marshtomp|90\/100\n|-unboost|p1a: Marshtomp|spe|1\n|move|p1a: Marshtomp|Mud Shot|p2a: Combusken\n|-supereffective|p2a: Combusken\n|-damage|p2a: Combusken|50\/100\n|-unboost|p2a: Combusken|spe|1\n|\n|upkeep\n|turn|2\n|\n|t:|1699810489\n|switch|p2a: Shroomish|Shroomish, L19, F|100\/100\n|move|p1a: Marshtomp|Water Gun|p2a: Shroomish\n|-resisted|p2a: Shroomish\n|-crit|p2a: Shroomish\n|-damage|p2a: Shroomish|85\/100\n|\n|upkeep\n|turn|3\n|\n|t:|1699810500\n|switch|p1a: Taillow|Taillow, L19, M|100\/100\n|move|p2a: Shroomish|Mega Drain|p1a: Taillow\n|-resisted|p1a: Taillow\n|-damage|p1a: Taillow|89\/100\n|-heal|p2a: Shroomish|90\/100|[from] drain|[of] p1a: Taillow\n|\n|upkeep\n|turn|4\n|\n|t:|1699810511\n|switch|p2a: Marill|Marill, L19, M|100\/100\n|move|p1a: Taillow|Wing Attack|p2a: Marill\n|-damage|p2a: Marill|72\/100\n|\n|upkeep\n|turn|5\n|\n|t:|1699810521\n|switch|p1a: Makuhita|Makuhita, L19, F|100\/100\n|move|p2a: Marill|Water Gun|p1a: Makuhita\n|-damage|p1a: Makuhita|87\/100\n|\n|upkeep\n|turn|6\n|\n|t:|1699810530\n|switch|p2a: Combusken|Combusken, L19, M|50\/100\n|move|p1a: Makuhita|Fake Out|p2a: Combusken\n|-damage|p2a: Combusken|37\/100\n|\n|upkeep\n|turn|7\n|\n|t:|1699810540\n|move|p2a: Combusken|Peck|p1a: Makuhita\n|-supereffective|p1a: Makuhita\n|-damage|p1a: Makuhita|47\/100\n|move|p1a: Makuhita|Vital Throw|p2a: Combusken\n|-damage|p2a: Combusken|7\/100\n|\n|upkeep\n|turn|8\n|\n|t:|1699810549\n|switch|p1a: Taillow|Taillow, L19, M|89\/100\n|move|p2a: Combusken|Peck|p1a: Taillow\n|-damage|p1a: Taillow|62\/100\n|\n|upkeep\n|turn|9\n|\n|t:|1699810556\n|switch|p2a: Shroomish|Shroomish, L19, F|90\/100\n|move|p1a: Taillow|Wing Attack|p2a: Shroomish\n|-supereffective|p2a: Shroomish\n|-damage|p2a: Shroomish|37\/100\n|-status|p1a: Taillow|slp|[from] ability: Effect Spore|[of] p2a: Shroomish\n|\n|upkeep\n|turn|10\n|\n|t:|1699810571\n|switch|p1a: Ralts|Ralts, L19, M|100\/100\n|switch|p2a: Combusken|Combusken, L19, M|7\/100\n|\n|upkeep\n|turn|11\n|\n|t:|1699810579\n|move|p2a: Combusken|Ember|p1a: Ralts\n|-damage|p1a: Ralts|47\/100\n|move|p1a: Ralts|Confusion|p2a: Combusken\n|-supereffective|p2a: Combusken\n|-damage|p2a: Combusken|0 fnt\n|faint|p2a: Combusken\n|\n|upkeep\n|\n|t:|1699810589\n|switch|p2a: Marill|Marill, L19, M|72\/100\n|turn|12\n|\n|t:|1699810595\n|move|p2a: Marill|Rollout|p1a: Ralts\n|-damage|p1a: Ralts|37\/100\n|move|p1a: Ralts|Confusion|p2a: Marill\n|-damage|p2a: Marill|53\/100\n|\n|upkeep\n|turn|13\n|\n|t:|1699810607\n|switch|p1a: Taillow|Taillow, L19, M|62\/100 slp\n|move|p2a: Marill|Rollout|p1a: Taillow|[from]lockedmove\n|-supereffective|p1a: Taillow\n|-damage|p1a: Taillow|31\/100 slp\n|\n|upkeep\n|turn|14\n|\n|t:|1699810618\n|switch|p1a: Makuhita|Makuhita, L19, F|47\/100\n|move|p2a: Marill|Rollout|p1a: Makuhita|[from]lockedmove\n|-resisted|p1a: Makuhita\n|-damage|p1a: Makuhita|34\/100\n|\n|upkeep\n|turn|15\n|\n|t:|1699810626\n|move|p2a: Marill|Rollout|p1a: Makuhita|[from]lockedmove\n|-resisted|p1a: Makuhita\n|-damage|p1a: Makuhita|7\/100\n|move|p1a: Makuhita|Arm Thrust|p2a: Marill\n|-resisted|p2a: Marill\n|-damage|p2a: Marill|48\/100\n|-resisted|p2a: Marill\n|-damage|p2a: Marill|43\/100\n|-resisted|p2a: Marill\n|-damage|p2a: Marill|39\/100\n|-hitcount|p2a: Marill|3\n|\n|upkeep\n|turn|16\n|\n|t:|1699810639\n|move|p2a: Marill|Rollout|p1a: Makuhita|[from]lockedmove\n|-resisted|p1a: Makuhita\n|-damage|p1a: Makuhita|0 fnt\n|faint|p1a: Makuhita\n|\n|upkeep\n|\n|t:|1699810646\n|switch|p1a: Marshtomp|Marshtomp, L19, M|90\/100\n|turn|17\n|\n|t:|1699810652\n|move|p1a: Marshtomp|Water Gun|p2a: Marill\n|-resisted|p2a: Marill\n|-damage|p2a: Marill|29\/100\n|move|p2a: Marill|Rollout|p1a: Marshtomp\n|-resisted|p1a: Marshtomp\n|-damage|p1a: Marshtomp|88\/100\n|\n|upkeep\n|turn|18\n|\n|t:|1699810664\n|move|p1a: Marshtomp|Headbutt|p2a: Marill\n|-damage|p2a: Marill|2\/100\n|cant|p2a: Marill|flinch\n|\n|upkeep\n|turn|19\n|\n|t:|1699810671\n|move|p1a: Marshtomp|Headbutt|p2a: Marill\n|-damage|p2a: Marill|0 fnt\n|faint|p2a: Marill\n|\n|upkeep\n|\n|t:|1699810677\n|switch|p2a: Nincada|Nincada, L19, M|100\/100\n|turn|20\n|\n|t:|1699810683\n|move|p1a: Marshtomp|Mud Shot|p2a: Nincada\n|-resisted|p2a: Nincada\n|-damage|p2a: Nincada|78\/100\n|-unboost|p2a: Nincada|spe|1\n|move|p2a: Nincada|Bug Bite|p1a: Marshtomp\n|-damage|p1a: Marshtomp|69\/100\n|\n|upkeep\n|turn|21\n|\n|t:|1699810695\n|move|p1a: Marshtomp|Headbutt|p2a: Nincada\n|-damage|p2a: Nincada|54\/100\n|cant|p2a: Nincada|flinch\n|\n|upkeep\n|turn|22\n|\n|t:|1699810702\n|move|p1a: Marshtomp|Water Gun|p2a: Nincada\n|-supereffective|p2a: Nincada\n|-damage|p2a: Nincada|0 fnt\n|faint|p2a: Nincada\n|\n|upkeep\n|\n|t:|1699810709\n|switch|p2a: Shroomish|Shroomish, L19, F|37\/100\n|turn|23\n|\n|t:|1699810714\n|move|p1a: Marshtomp|Headbutt|p2a: Shroomish\n|-damage|p2a: Shroomish|9\/100\n|-status|p1a: Marshtomp|psn|[from] ability: Effect Spore|[of] p2a: Shroomish\n|cant|p2a: Shroomish|flinch\n|\n|-damage|p1a: Marshtomp|57\/100 psn|[from] psn\n|upkeep\n|turn|24\n|\n|t:|1699810725\n|move|p1a: Marshtomp|Headbutt|p2a: Shroomish\n|-damage|p2a: Shroomish|0 fnt\n|faint|p2a: Shroomish\n|\n|win|AlvinElias\n","uploadtime":1699810739,"views":5,"p1id":"alvinelias","p2id":"yangelxx","formatid":"gen9nationaldex","rating":0,"private":0,"password":""}