{"id":"gen9nationaldex-2000608555","p1":"Endicurus Rage","p2":"BrrFrostbyte","format":"[Gen 9] National Dex","log":"|html|<div class=\"broadcast-blue\"><strong>[Gen 9] National Dex is currently suspecting Sneasler! For information on how to participate check out the <a href=\"https:\/\/www.smogon.com\/forums\/threads\/sv-national-dex-suspect-8-just-dance.3731534\/\">suspect thread<\/a>.<\/strong><\/div>\n|j|\u2606Endicurus Rage\n|j|\u2606BrrFrostbyte\n|t:|1701210087\n|gametype|singles\n|player|p1|Endicurus Rage|veteran|1133\n|player|p2|BrrFrostbyte|lucas|1076\n|teamsize|p1|6\n|teamsize|p2|6\n|gen|9\n|tier|[Gen 9] National Dex\n|rated|\n|rule|HP Percentage Mod: HP is shown in percentages\n|rule|Endless Battle Clause: Forcing endless battles is banned\n|rule|OHKO Clause: OHKO moves are banned\n|rule|Evasion Clause: Evasion abilities, items, and moves are banned\n|rule|Evasion Abilities Clause: Evasion abilities are banned\n|rule|Evasion Items Clause: Evasion items are banned\n|rule|Evasion Moves Clause: Evasion moves are banned\n|rule|Species Clause: Limit one of each Pok\u00e9mon\n|rule|Sleep Clause Mod: Limit one foe put to sleep\n|clearpoke\n|poke|p1|Blaziken, F|\n|poke|p1|Kommo-o, F|\n|poke|p1|Aron, L1, F|\n|poke|p1|Glimmora, M|\n|poke|p1|Ninetales-Alola, M|\n|poke|p1|Cetitan, M|\n|poke|p2|Venusaur, M|\n|poke|p2|Raichu, M|\n|poke|p2|Nidoking, M|\n|poke|p2|Arcanine, M|\n|poke|p2|Lapras, F|\n|poke|p2|Dragonite, M|\n|teampreview\n|\n|t:|1701210094\n|start\n|switch|p1a: Glimmora|Glimmora, M|100\/100\n|switch|p2a: Lapras|Lapras, F|100\/100\n|turn|1\n|\n|t:|1701210098\n|switch|p1a: Blaziken|Blaziken, F|100\/100\n|move|p2a: Lapras|Psychic|p1a: Blaziken\n|-supereffective|p1a: Blaziken\n|-damage|p1a: Blaziken|27\/100\n|\n|upkeep\n|turn|2\n|c|\u2606Endicurus Rage|fuck misclick lmao\n|c|\u2606Endicurus Rage|trying to get this epic games store thing off my screen\n|\n|t:|1701210128\n|move|p1a: Blaziken|Protect|p1a: Blaziken\n|-singleturn|p1a: Blaziken|Protect\n|move|p2a: Lapras|Liquidation|p1a: Blaziken\n|-activate|p1a: Blaziken|move: Protect\n|\n|-ability|p1a: Blaziken|Speed Boost|boost\n|-boost|p1a: Blaziken|spe|1\n|upkeep\n|turn|3\n|\n|t:|1701210135\n|move|p1a: Blaziken|Close Combat|p2a: Lapras\n|-supereffective|p2a: Lapras\n|-damage|p2a: Lapras|0 fnt\n|-unboost|p1a: Blaziken|def|1\n|-unboost|p1a: Blaziken|spd|1\n|faint|p2a: Lapras\n|\n|-ability|p1a: Blaziken|Speed Boost|boost\n|-boost|p1a: Blaziken|spe|1\n|upkeep\n|\n|t:|1701210141\n|switch|p2a: Raichu|Raichu, M|100\/100\n|turn|4\n|\n|t:|1701210147\n|move|p1a: Blaziken|Flare Blitz|p2a: Raichu\n|-damage|p2a: Raichu|0 fnt\n|-status|p1a: Blaziken|par|[from] ability: Static|[of] p2a: Raichu\n|faint|p2a: Raichu\n|-damage|p1a: Blaziken|0 fnt|[from] Recoil\n|faint|p1a: Blaziken\n|\n|upkeep\n|\n|t:|1701210154\n|switch|p2a: Nidoking|Nidoking, M|100\/100\n|switch|p1a: Glimmora|Glimmora, M|100\/100\n|turn|5\n|\n|t:|1701210160\n|move|p1a: Glimmora|Spiky Shield|p1a: Glimmora\n|-singleturn|p1a: Glimmora|move: Protect\n|move|p2a: Nidoking|Drill Run|p1a: Glimmora\n|-activate|p1a: Glimmora|move: Protect\n|-damage|p2a: Nidoking|88\/100|[from] Spiky Shield|[of] p1a: Glimmora\n|\n|upkeep\n|turn|6\n|\n|t:|1701210175\n|switch|p1a: Ninetales|Ninetales-Alola, M|100\/100\n|-weather|Snow|[from] ability: Snow Warning|[of] p1a: Ninetales\n|move|p2a: Nidoking|Drill Run|p1a: Ninetales\n|-damage|p1a: Ninetales|71\/100\n|\n|-weather|Snow|[upkeep]\n|upkeep\n|turn|7\n|\n|t:|1701210183\n|move|p1a: Ninetales|Aurora Veil|p1a: Ninetales\n|-sidestart|p1: Endicurus Rage|move: Aurora Veil\n|move|p2a: Nidoking|Poison Jab|p1a: Ninetales\n|-supereffective|p1a: Ninetales\n|-damage|p1a: Ninetales|44\/100\n|-status|p1a: Ninetales|psn\n|\n|-weather|Snow|[upkeep]\n|-damage|p1a: Ninetales|32\/100 psn|[from] psn\n|upkeep\n|turn|8\n|\n|t:|1701210190\n|move|p1a: Ninetales|Freeze-Dry|p2a: Nidoking\n|-supereffective|p2a: Nidoking\n|-damage|p2a: Nidoking|28\/100\n|move|p2a: Nidoking|Poison Jab|p1a: Ninetales\n|-supereffective|p1a: Ninetales\n|-damage|p1a: Ninetales|4\/100 psn\n|\n|-weather|Snow|[upkeep]\n|-damage|p1a: Ninetales|0 fnt|[from] psn\n|faint|p1a: Ninetales\n|upkeep\n|\n|t:|1701210198\n|switch|p1a: Cetitan|Cetitan, M|100\/100\n|turn|9\n|\n|t:|1701210215\n|move|p1a: Cetitan|Belly Drum|p1a: Cetitan\n|-damage|p1a: Cetitan|51\/100\n|-setboost|p1a: Cetitan|atk|6|[from] move: Belly Drum\n|move|p2a: Nidoking|Stone Edge|p1a: Cetitan\n|-supereffective|p1a: Cetitan\n|-damage|p1a: Cetitan|30\/100\n|\n|-weather|Snow|[upkeep]\n|upkeep\n|turn|10\n|\n|t:|1701210226\n|move|p1a: Cetitan|Icicle Spear|p2a: Nidoking\n|-supereffective|p2a: Nidoking\n|-damage|p2a: Nidoking|0 fnt\n|faint|p2a: Nidoking\n|-hitcount|p2: Nidoking|1\n|\n|-weather|Snow|[upkeep]\n|upkeep\n|\n|t:|1701210230\n|switch|p2a: Arcanine|Arcanine, M|100\/100\n|-ability|p2a: Arcanine|Intimidate|boost\n|-unboost|p1a: Cetitan|atk|1\n|turn|11\n|\n|t:|1701210236\n|-terastallize|p1a: Cetitan|Water\n|-terastallize|p2a: Arcanine|Fire\n|move|p1a: Cetitan|Tera Blast|p2a: Arcanine|[anim] Tera Blast Water\n|-supereffective|p2a: Arcanine\n|-damage|p2a: Arcanine|0 fnt\n|faint|p2a: Arcanine\n|\n|-weather|Snow|[upkeep]\n|-sideend|p1: Endicurus Rage|move: Aurora Veil\n|upkeep\n|\n|t:|1701210241\n|switch|p2a: Venusaur|Venusaur, M|100\/100\n|turn|12\n|\n|t:|1701210246\n|detailschange|p2a: Venusaur|Venusaur-Mega, M\n|-mega|p2a: Venusaur|Venusaur|Venusaurite\n|move|p1a: Cetitan|Icicle Spear|p2a: Venusaur\n|-supereffective|p2a: Venusaur\n|-damage|p2a: Venusaur|59\/100\n|-supereffective|p2a: Venusaur\n|-damage|p2a: Venusaur|14\/100\n|-supereffective|p2a: Venusaur\n|-damage|p2a: Venusaur|0 fnt\n|faint|p2a: Venusaur\n|-hitcount|p2: Venusaur|3\n|\n|-weather|Snow|[upkeep]\n|upkeep\n|\n|t:|1701210265\n|switch|p2a: Dragonite|Dragonite, M|100\/100\n|turn|13\n|\n|t:|1701210270\n|move|p1a: Cetitan|Icicle Spear|p2a: Dragonite\n|-supereffective|p2a: Dragonite\n|-damage|p2a: Dragonite|0 fnt\n|faint|p2a: Dragonite\n|-hitcount|p2: Dragonite|1\n|\n|win|Endicurus Rage\n|raw|Endicurus Rage's rating: 1133 &rarr; <strong>1154<\/strong><br \/>(+21 for winning)\n|raw|BrrFrostbyte's rating: 1076 &rarr; <strong>1058<\/strong><br \/>(-18 for losing)\n","uploadtime":1701210113,"views":0,"p1id":"endicurusrage","p2id":"brrfrostbyte","formatid":"gen9nationaldex","rating":1058,"private":0,"password":""}