{"id":"gen9nationaldex-1994225551","p1":"eghsehnah","p2":"Herengay","format":"[Gen 9] National Dex","log":"|j|\u2606eghsehnah\n|j|\u2606Herengay\n|t:|1700420877\n|gametype|singles\n|player|p1|eghsehnah|roark|1330\n|player|p2|Herengay|allister|1393\n|teamsize|p1|6\n|teamsize|p2|6\n|gen|9\n|tier|[Gen 9] National Dex\n|rated|\n|rule|HP Percentage Mod: HP is shown in percentages\n|rule|Endless Battle Clause: Forcing endless battles is banned\n|rule|OHKO Clause: OHKO moves are banned\n|rule|Evasion Clause: Evasion abilities, items, and moves are banned\n|rule|Evasion Abilities Clause: Evasion abilities are banned\n|rule|Evasion Items Clause: Evasion items are banned\n|rule|Evasion Moves Clause: Evasion moves are banned\n|rule|Species Clause: Limit one of each Pok\u00e9mon\n|rule|Sleep Clause Mod: Limit one foe put to sleep\n|clearpoke\n|poke|p1|Tyranitar, F|\n|poke|p1|Garganacl, M|\n|poke|p1|Aggron, F|\n|poke|p1|Cradily, M|\n|poke|p1|Glimmora, F|\n|poke|p1|Ogerpon-Cornerstone, F|\n|poke|p2|Banette, F|\n|poke|p2|Pawmot, F|\n|poke|p2|Alomomola, F|\n|poke|p2|Landorus-Therian, M|\n|poke|p2|Moltres|\n|poke|p2|Bisharp, M|\n|teampreview\n|inactive|Battle timer is ON: inactive players will automatically lose when time's up. (requested by Herengay)\n|\n|t:|1700420892\n|start\n|switch|p1a: Ogerpon|Ogerpon-Cornerstone, F|100\/100\n|switch|p2a: Banette|Banette, F|100\/100\n|-item|p1a: Ogerpon|Cornerstone Mask|[from] ability: Frisk|[of] p2a: Banette|[identify]\n|turn|1\n|\n|t:|1700420897\n|switch|p1a: Tyranitar|Tyranitar, F|100\/100\n|-weather|Sandstorm|[from] ability: Sand Stream|[of] p1a: Tyranitar\n|detailschange|p2a: Banette|Banette-Mega, F\n|-mega|p2a: Banette|Banette|Banettite\n|move|p2a: Banette|Infestation|p1a: Tyranitar\n|-supereffective|p1a: Tyranitar\n|-damage|p1a: Tyranitar|98\/100\n|-activate|p1a: Tyranitar|move: Infestation|[of] p2a: Banette\n|\n|-weather|Sandstorm|[upkeep]\n|-damage|p2a: Banette|94\/100|[from] Sandstorm\n|-damage|p1a: Tyranitar|85\/100|[from] move: Infestation|[partiallytrapped]\n|upkeep\n|turn|2\n|\n|t:|1700420903\n|move|p2a: Banette|Destiny Bond|p2a: Banette\n|-singlemove|p2a: Banette|Destiny Bond\n|move|p1a: Tyranitar|Pursuit|p2a: Banette\n|-supereffective|p2a: Banette\n|-damage|p2a: Banette|49\/100\n|\n|-weather|Sandstorm|[upkeep]\n|-damage|p2a: Banette|43\/100|[from] Sandstorm\n|-damage|p1a: Tyranitar|73\/100|[from] move: Infestation|[partiallytrapped]\n|upkeep\n|turn|3\n|\n|t:|1700420909\n|move|p2a: Banette|Knock Off|p1a: Tyranitar\n|-resisted|p1a: Tyranitar\n|-damage|p1a: Tyranitar|59\/100\n|-enditem|p1a: Tyranitar|Assault Vest|[from] move: Knock Off|[of] p2a: Banette\n|move|p1a: Tyranitar|Dragon Tail|p2a: Banette\n|-damage|p2a: Banette|20\/100\n|drag|p2a: Pawmot|Pawmot, F|100\/100\n|\n|-weather|Sandstorm|[upkeep]\n|-damage|p2a: Pawmot|94\/100|[from] Sandstorm\n|-end|p1a: Tyranitar|Infestation|[partiallytrapped]|[silent]\n|upkeep\n|turn|4\n|\n|t:|1700420921\n|switch|p1a: Glimmora|Glimmora, F|100\/100\n|move|p2a: Pawmot|Double Shock|p1a: Glimmora\n|-damage|p1a: Glimmora|35\/100\n|-start|p2a: Pawmot|typechange|???\/Fighting|[from] move: Double Shock\n|-activate|p1a: Glimmora|ability: Toxic Debris\n|-sidestart|p2: Herengay|move: Toxic Spikes\n|\n|-weather|Sandstorm|[upkeep]\n|-damage|p2a: Pawmot|88\/100|[from] Sandstorm\n|upkeep\n|turn|5\n|\n|t:|1700420928\n|move|p1a: Glimmora|Sludge Wave|p2a: Pawmot\n|-damage|p2a: Pawmot|0 fnt\n|faint|p2a: Pawmot\n|\n|-weather|none\n|upkeep\n|c|\u2606eghsehnah|no revival 4 u\n|\n|t:|1700420936\n|switch|p2a: Banette|Banette-Mega, F|20\/100\n|-status|p2a: Banette|psn\n|turn|6\n|\n|t:|1700420941\n|switch|p1a: Tyranitar|Tyranitar, F|59\/100\n|-weather|Sandstorm|[from] ability: Sand Stream|[of] p1a: Tyranitar\n|move|p2a: Banette|Destiny Bond|p2a: Banette\n|-singlemove|p2a: Banette|Destiny Bond\n|\n|-weather|Sandstorm|[upkeep]\n|-damage|p2a: Banette|14\/100 psn|[from] Sandstorm\n|-damage|p2a: Banette|1\/100 psn|[from] psn\n|upkeep\n|turn|7\n|c|\u2606eghsehnah|no destiny 4 u\n|c|\u2606Herengay|literal sadness\n|inactive|eghsehnah has 120 seconds left.\n|\n|t:|1700420974\n|switch|p1a: Ogerpon|Ogerpon-Cornerstone, F|100\/100\n|switch|p2a: Bisharp|Bisharp, M|100\/100\n|\n|-weather|Sandstorm|[upkeep]\n|upkeep\n|turn|8\n|\n|t:|1700420978\n|move|p1a: Ogerpon|Leech Seed|p2a: Bisharp\n|-start|p2a: Bisharp|move: Leech Seed\n|move|p2a: Bisharp|Low Kick|p1a: Ogerpon\n|-supereffective|p1a: Ogerpon\n|-damage|p1a: Ogerpon|68\/100\n|\n|-weather|Sandstorm|[upkeep]\n|-damage|p2a: Bisharp|88\/100|[from] Leech Seed|[of] p1a: Ogerpon\n|-heal|p1a: Ogerpon|79\/100|[silent]\n|upkeep\n|turn|9\n|\n|t:|1700420987\n|switch|p2a: Banette|Banette-Mega, F|1\/100 psn\n|move|p1a: Ogerpon|Spikes|p2a: Banette\n|-sidestart|p2: Herengay|Spikes\n|\n|-weather|Sandstorm|[upkeep]\n|-damage|p2a: Banette|0 fnt|[from] Sandstorm\n|faint|p2a: Banette\n|upkeep\n|\n|t:|1700420993\n|switch|p2a: Landorus|Landorus-Therian, M|100\/100\n|-ability|p2a: Landorus|Intimidate|boost\n|-unboost|p1a: Ogerpon|atk|1\n|turn|10\n|\n|t:|1700420998\n|move|p1a: Ogerpon|Leech Seed|p2a: Landorus\n|-start|p2a: Landorus|move: Leech Seed\n|move|p2a: Landorus|Earthquake|p1a: Ogerpon\n|-crit|p1a: Ogerpon\n|-damage|p1a: Ogerpon|27\/100\n|\n|-weather|none\n|-damage|p2a: Landorus|88\/100|[from] Leech Seed|[of] p1a: Ogerpon\n|-heal|p1a: Ogerpon|40\/100|[silent]\n|upkeep\n|turn|11\n|\n|t:|1700421007\n|switch|p1a: Cradily|Cradily, M|100\/100\n|move|p2a: Landorus|U-turn|p1a: Cradily\n|-supereffective|p1a: Cradily\n|-damage|p1a: Cradily|71\/100\n|\n|t:|1700421011\n|switch|p2a: Moltres|Moltres|100\/100|[from] U-turn\n|\n|upkeep\n|turn|12\n|\n|t:|1700421014\n|switch|p1a: Garganacl|Garganacl, M|100\/100\n|move|p2a: Moltres|Defog|p1a: Garganacl\n|-unboost|p1a: Garganacl|evasion|1\n|-sideend|p2: Herengay|Spikes|[from] move: Defog|[of] p2a: Moltres\n|-sideend|p2: Herengay|Toxic Spikes|[from] move: Defog|[of] p2a: Moltres\n|\n|upkeep\n|turn|13\n|\n|t:|1700421021\n|switch|p2a: Landorus|Landorus-Therian, M|88\/100\n|-ability|p2a: Landorus|Intimidate|boost\n|-unboost|p1a: Garganacl|atk|1\n|move|p1a: Garganacl|Iron Defense|p1a: Garganacl\n|-boost|p1a: Garganacl|def|2\n|\n|upkeep\n|turn|14\n|\n|t:|1700421028\n|-terastallize|p1a: Garganacl|Ghost\n|move|p2a: Landorus|Taunt|p1a: Garganacl\n|-start|p1a: Garganacl|move: Taunt\n|cant|p1a: Garganacl|move: Taunt|Iron Defense\n|\n|upkeep\n|turn|15\n|\n|t:|1700421038\n|move|p2a: Landorus|Earthquake|p1a: Garganacl\n|-damage|p1a: Garganacl|84\/100\n|move|p1a: Garganacl|Salt Cure|p2a: Landorus\n|-damage|p2a: Landorus|82\/100\n|-start|p2a: Landorus|Salt Cure\n|\n|-damage|p2a: Landorus|70\/100|[from] Salt Cure\n|upkeep\n|turn|16\n|\n|t:|1700421043\n|switch|p2a: Moltres|Moltres|100\/100\n|move|p1a: Garganacl|Salt Cure|p2a: Moltres\n|-supereffective|p2a: Moltres\n|-damage|p2a: Moltres|69\/100\n|-start|p2a: Moltres|Salt Cure\n|\n|-damage|p2a: Moltres|57\/100|[from] Salt Cure\n|-end|p1a: Garganacl|move: Taunt\n|upkeep\n|turn|17\n|\n|t:|1700421047\n|move|p2a: Moltres|Hurricane|p1a: Garganacl\n|-damage|p1a: Garganacl|54\/100\n|-enditem|p1a: Garganacl|Maranga Berry|[eat]\n|-boost|p1a: Garganacl|spd|1|[from] item: Maranga Berry\n|move|p1a: Garganacl|Salt Cure|p2a: Moltres\n|-supereffective|p2a: Moltres\n|-damage|p2a: Moltres|26\/100\n|\n|-damage|p2a: Moltres|13\/100|[from] Salt Cure\n|upkeep\n|turn|18\n|\n|t:|1700421053\n|move|p2a: Moltres|Hurricane|p1a: Garganacl\n|-damage|p1a: Garganacl|35\/100\n|-start|p1a: Garganacl|confusion\n|-activate|p1a: Garganacl|confusion\n|-damage|p1a: Garganacl|33\/100|[from] confusion\n|\n|-damage|p2a: Moltres|1\/100|[from] Salt Cure\n|upkeep\n|turn|19\n|c|\u2606Herengay|yay\n|\n|t:|1700421063\n|move|p2a: Moltres|Hurricane|p1a: Garganacl\n|-damage|p1a: Garganacl|11\/100\n|-activate|p1a: Garganacl|confusion\n|-damage|p1a: Garganacl|9\/100|[from] confusion\n|\n|-damage|p2a: Moltres|0 fnt|[from] Salt Cure\n|faint|p2a: Moltres\n|upkeep\n|c|\u2606Herengay|yay\n|\n|t:|1700421072\n|switch|p2a: Landorus|Landorus-Therian, M|70\/100\n|-ability|p2a: Landorus|Intimidate|boost\n|-unboost|p1a: Garganacl|atk|1\n|turn|20\n|\n|t:|1700421076\n|move|p2a: Landorus|Earthquake|p1a: Garganacl\n|-damage|p1a: Garganacl|0 fnt\n|faint|p1a: Garganacl\n|\n|upkeep\n|c|\u2606Herengay|literally no luck involved\n|\n|t:|1700421085\n|switch|p1a: Aggron|Aggron, F|100\/100\n|turn|21\n|\n|t:|1700421104\n|detailschange|p1a: Aggron|Aggron-Mega, F\n|-mega|p1a: Aggron|Aggron|Aggronite\n|move|p2a: Landorus|U-turn|p1a: Aggron\n|-resisted|p1a: Aggron\n|-damage|p1a: Aggron|96\/100\n|\n|t:|1700421107\n|switch|p2a: Alomomola|Alomomola, F|100\/100|[from] U-turn\n|move|p1a: Aggron|Iron Defense|p1a: Aggron\n|-boost|p1a: Aggron|def|2\n|\n|upkeep\n|turn|22\n|\n|t:|1700421110\n|switch|p1a: Cradily|Cradily, M|71\/100\n|move|p2a: Alomomola|Scald|p1a: Cradily\n|-ability|p1a: Cradily|Storm Drain|boost\n|-boost|p1a: Cradily|spa|1\n|\n|upkeep\n|turn|23\n|\n|t:|1700421116\n|move|p2a: Alomomola|Toxic|p1a: Cradily\n|-status|p1a: Cradily|tox\n|move|p1a: Cradily|Infestation|p2a: Alomomola\n|-damage|p2a: Alomomola|96\/100\n|-activate|p2a: Alomomola|move: Infestation|[of] p1a: Cradily\n|-damage|p1a: Cradily|54\/100 tox|[from] item: Rocky Helmet|[of] p2a: Alomomola\n|\n|-damage|p1a: Cradily|48\/100 tox|[from] psn\n|-damage|p2a: Alomomola|80\/100|[from] move: Infestation|[partiallytrapped]\n|upkeep\n|turn|24\n|\n|t:|1700421121\n|move|p2a: Alomomola|Wish|p2a: Alomomola\n|move|p1a: Cradily|Block|p2a: Alomomola\n|-activate|p2a: Alomomola|trapped\n|\n|-damage|p1a: Cradily|36\/100 tox|[from] psn\n|-damage|p2a: Alomomola|63\/100|[from] move: Infestation|[partiallytrapped]\n|upkeep\n|turn|25\n|\n|t:|1700421127\n|move|p2a: Alomomola|Protect|p2a: Alomomola\n|-singleturn|p2a: Alomomola|Protect\n|move|p1a: Cradily|Rest|p1a: Cradily\n|-status|p1a: Cradily|slp|[from] move: Rest\n|-heal|p1a: Cradily|100\/100 slp|[silent]\n|\n|-heal|p2a: Alomomola|100\/100|[from] move: Wish|[wisher] Alomomola\n|-damage|p2a: Alomomola|84\/100|[from] move: Infestation|[partiallytrapped]\n|upkeep\n|turn|26\n|\n|t:|1700421134\n|move|p2a: Alomomola|Wish|p2a: Alomomola\n|cant|p1a: Cradily|slp\n|\n|-damage|p2a: Alomomola|67\/100|[from] move: Infestation|[partiallytrapped]\n|upkeep\n|turn|27\n|\n|t:|1700421139\n|move|p2a: Alomomola|Scald|p1a: Cradily\n|-ability|p1a: Cradily|Storm Drain|boost\n|-boost|p1a: Cradily|spa|1\n|cant|p1a: Cradily|slp\n|\n|-heal|p2a: Alomomola|100\/100|[from] move: Wish|[wisher] Alomomola\n|-damage|p2a: Alomomola|84\/100|[from] move: Infestation|[partiallytrapped]\n|upkeep\n|turn|28\n|\n|t:|1700421142\n|move|p2a: Alomomola|Toxic||[still]\n|-fail|p2a: Alomomola\n|-curestatus|p1a: Cradily|slp|[msg]\n|move|p1a: Cradily|Leech Seed|p2a: Alomomola\n|-start|p2a: Alomomola|move: Leech Seed\n|\n|-damage|p2a: Alomomola|71\/100|[from] Leech Seed|[of] p1a: Cradily\n|-end|p2a: Alomomola|Infestation|[partiallytrapped]\n|upkeep\n|turn|29\n|\n|t:|1700421146\n|move|p2a: Alomomola|Toxic|p1a: Cradily\n|-status|p1a: Cradily|tox\n|move|p1a: Cradily|Infestation|p2a: Alomomola\n|-damage|p2a: Alomomola|65\/100\n|-activate|p2a: Alomomola|move: Infestation|[of] p1a: Cradily\n|-damage|p1a: Cradily|84\/100 tox|[from] item: Rocky Helmet|[of] p2a: Alomomola\n|\n|-damage|p2a: Alomomola|53\/100|[from] Leech Seed|[of] p1a: Cradily\n|-heal|p1a: Cradily|99\/100 tox|[silent]\n|-damage|p1a: Cradily|94\/100 tox|[from] psn\n|-damage|p2a: Alomomola|36\/100|[from] move: Infestation|[partiallytrapped]\n|upkeep\n|turn|30\n|c|\u2606eghsehnah|you're fighting a gym leader\n|c|\u2606Herengay|ok\n|c|\u2606eghsehnah|u'll need more than luck to beat me\n|\n|t:|1700421164\n|move|p2a: Alomomola|Wish|p2a: Alomomola\n|move|p1a: Cradily|Infestation|p2a: Alomomola\n|-damage|p2a: Alomomola|30\/100\n|-damage|p1a: Cradily|77\/100 tox|[from] item: Rocky Helmet|[of] p2a: Alomomola\n|\n|-damage|p2a: Alomomola|18\/100|[from] Leech Seed|[of] p1a: Cradily\n|-heal|p1a: Cradily|93\/100 tox|[silent]\n|-damage|p1a: Cradily|81\/100 tox|[from] psn\n|-damage|p2a: Alomomola|1\/100|[from] move: Infestation|[partiallytrapped]\n|upkeep\n|turn|31\n|c|\u2606Herengay|roleplay goes hard\n|\n|t:|1700421177\n|move|p2a: Alomomola|Protect|p2a: Alomomola\n|-singleturn|p2a: Alomomola|Protect\n|move|p1a: Cradily|Rest|p1a: Cradily\n|-status|p1a: Cradily|slp|[from] move: Rest\n|-heal|p1a: Cradily|100\/100 slp|[silent]\n|\n|-heal|p2a: Alomomola|51\/100|[from] move: Wish|[wisher] Alomomola\n|-damage|p2a: Alomomola|38\/100|[from] Leech Seed|[of] p1a: Cradily\n|-damage|p2a: Alomomola|22\/100|[from] move: Infestation|[partiallytrapped]\n|upkeep\n|turn|32\n|\n|t:|1700421186\n|move|p2a: Alomomola|Wish|p2a: Alomomola\n|cant|p1a: Cradily|slp\n|\n|-damage|p2a: Alomomola|9\/100|[from] Leech Seed|[of] p1a: Cradily\n|-damage|p2a: Alomomola|0 fnt|[from] move: Infestation|[partiallytrapped]\n|faint|p2a: Alomomola\n|upkeep\n|\n|t:|1700421193\n|switch|p2a: Bisharp|Bisharp, M|88\/100\n|turn|33\n|\n|t:|1700421203\n|switch|p1a: Ogerpon|Ogerpon-Cornerstone, F|40\/100\n|move|p2a: Bisharp|Low Kick|p1a: Ogerpon\n|-supereffective|p1a: Ogerpon\n|-damage|p1a: Ogerpon|3\/100\n|\n|-heal|p2a: Bisharp|100\/100|[from] move: Wish|[wisher] Alomomola\n|upkeep\n|turn|34\n|\n|t:|1700421218\n|switch|p1a: Tyranitar|Tyranitar, F|59\/100\n|-weather|Sandstorm|[from] ability: Sand Stream|[of] p1a: Tyranitar\n|move|p2a: Bisharp|Low Kick|p1a: Tyranitar\n|-supereffective|p1a: Tyranitar\n|-damage|p1a: Tyranitar|0 fnt\n|faint|p1a: Tyranitar\n|\n|-weather|Sandstorm|[upkeep]\n|upkeep\n|\n|t:|1700421220\n|switch|p1a: Aggron|Aggron-Mega, F|96\/100\n|turn|35\n|\n|t:|1700421224\n|move|p2a: Bisharp|Low Kick|p1a: Aggron\n|-supereffective|p1a: Aggron\n|-damage|p1a: Aggron|71\/100\n|move|p1a: Aggron|Iron Defense|p1a: Aggron\n|-boost|p1a: Aggron|def|2\n|\n|-weather|Sandstorm|[upkeep]\n|upkeep\n|turn|36\n|\n|t:|1700421230\n|switch|p2a: Landorus|Landorus-Therian, M|70\/100\n|-ability|p2a: Landorus|Intimidate|boost\n|-unboost|p1a: Aggron|atk|1\n|move|p1a: Aggron|Body Press|p2a: Landorus\n|-resisted|p2a: Landorus\n|-damage|p2a: Landorus|38\/100\n|-damage|p1a: Aggron|54\/100|[from] item: Rocky Helmet|[of] p2a: Landorus\n|\n|-weather|Sandstorm|[upkeep]\n|upkeep\n|turn|37\n|\n|t:|1700421247\n|move|p2a: Landorus|Taunt|p1a: Aggron\n|-start|p1a: Aggron|move: Taunt\n|cant|p1a: Aggron|move: Taunt|Rest\n|\n|-weather|Sandstorm|[upkeep]\n|upkeep\n|turn|38\n|inactive|eghsehnah has 120 seconds left.\n|\n|t:|1700421277\n|switch|p1a: Ogerpon|Ogerpon-Cornerstone, F|3\/100\n|move|p2a: Landorus|Earthquake|p1a: Ogerpon\n|-damage|p1a: Ogerpon|0 fnt\n|faint|p1a: Ogerpon\n|\n|-weather|none\n|upkeep\n|\n|t:|1700421284\n|switch|p1a: Cradily|Cradily, M|100\/100 slp\n|turn|39\n|\n|t:|1700421289\n|move|p2a: Landorus|Taunt|p1a: Cradily\n|-start|p1a: Cradily|move: Taunt\n|cant|p1a: Cradily|slp\n|\n|upkeep\n|turn|40\n|\n|t:|1700421297\n|move|p2a: Landorus|Earthquake|p1a: Cradily\n|-damage|p1a: Cradily|67\/100 slp\n|-curestatus|p1a: Cradily|slp|[msg]\n|move|p1a: Cradily|Infestation|p2a: Landorus\n|-resisted|p2a: Landorus\n|-damage|p2a: Landorus|36\/100\n|-activate|p2a: Landorus|move: Infestation|[of] p1a: Cradily\n|-damage|p1a: Cradily|50\/100|[from] item: Rocky Helmet|[of] p2a: Landorus\n|\n|-damage|p2a: Landorus|20\/100|[from] move: Infestation|[partiallytrapped]\n|upkeep\n|turn|41\n|\n|t:|1700421303\n|move|p2a: Landorus|U-turn|p1a: Cradily\n|-supereffective|p1a: Cradily\n|-damage|p1a: Cradily|21\/100\n|\n|t:|1700421305\n|switch|p2a: Bisharp|Bisharp, M|100\/100|[from] U-turn\n|move|p1a: Cradily|Infestation|p2a: Bisharp\n|-damage|p2a: Bisharp|95\/100\n|-activate|p2a: Bisharp|move: Infestation|[of] p1a: Cradily\n|\n|-damage|p2a: Bisharp|79\/100|[from] move: Infestation|[partiallytrapped]\n|-end|p1a: Cradily|move: Taunt\n|upkeep\n|turn|42\n|\n|t:|1700421309\n|move|p2a: Bisharp|Pursuit|p1a: Cradily\n|-damage|p1a: Cradily|2\/100\n|move|p1a: Cradily|Leech Seed|p2a: Bisharp\n|-start|p2a: Bisharp|move: Leech Seed\n|\n|-damage|p2a: Bisharp|66\/100|[from] Leech Seed|[of] p1a: Cradily\n|-heal|p1a: Cradily|13\/100|[silent]\n|-damage|p2a: Bisharp|50\/100|[from] move: Infestation|[partiallytrapped]\n|upkeep\n|turn|43\n|\n|t:|1700421316\n|move|p2a: Bisharp|Pursuit|p1a: Cradily\n|-damage|p1a: Cradily|0 fnt\n|faint|p1a: Cradily\n|\n|-end|p2a: Bisharp|Infestation|[partiallytrapped]|[silent]\n|upkeep\n|\n|t:|1700421319\n|switch|p1a: Aggron|Aggron-Mega, F|54\/100\n|turn|44\n|\n|t:|1700421324\n|switch|p2a: Landorus|Landorus-Therian, M|20\/100\n|-ability|p2a: Landorus|Intimidate|boost\n|-unboost|p1a: Aggron|atk|1\n|move|p1a: Aggron|Iron Defense|p1a: Aggron\n|-boost|p1a: Aggron|def|2\n|\n|upkeep\n|turn|45\n|\n|t:|1700421328\n|move|p2a: Landorus|Earthquake|p1a: Aggron\n|-supereffective|p1a: Aggron\n|-damage|p1a: Aggron|40\/100\n|move|p1a: Aggron|Body Press|p2a: Landorus\n|-resisted|p2a: Landorus\n|-damage|p2a: Landorus|0 fnt\n|-damage|p1a: Aggron|23\/100|[from] item: Rocky Helmet|[of] p2a: Landorus\n|faint|p2a: Landorus\n|\n|upkeep\n|\n|t:|1700421333\n|switch|p2a: Bisharp|Bisharp, M|50\/100\n|turn|46\n|\n|t:|1700421337\n|-terastallize|p2a: Bisharp|Dark\n|move|p2a: Bisharp|Low Kick|p1a: Aggron\n|-supereffective|p1a: Aggron\n|-damage|p1a: Aggron|11\/100\n|move|p1a: Aggron|Rest|p1a: Aggron\n|-status|p1a: Aggron|slp|[from] move: Rest\n|-heal|p1a: Aggron|100\/100 slp|[silent]\n|\n|upkeep\n|turn|47\n|\n|t:|1700421345\n|move|p2a: Bisharp|Low Kick|p1a: Aggron\n|-supereffective|p1a: Aggron\n|-damage|p1a: Aggron|87\/100 slp\n|cant|p1a: Aggron|slp\n|move|p1a: Aggron|Sleep Talk|p1a: Aggron\n|move|p1a: Aggron|Iron Defense|p1a: Aggron|[from]move: Sleep Talk\n|-boost|p1a: Aggron|def|2\n|\n|upkeep\n|turn|48\n|\n|t:|1700421348\n|move|p2a: Bisharp|Low Kick|p1a: Aggron\n|-supereffective|p1a: Aggron\n|-damage|p1a: Aggron|79\/100 slp\n|cant|p1a: Aggron|slp\n|move|p1a: Aggron|Sleep Talk|p1a: Aggron\n|move|p1a: Aggron|Iron Defense|p1a: Aggron|[from]move: Sleep Talk\n|-boost|p1a: Aggron|def|2\n|\n|upkeep\n|turn|49\n|\n|t:|1700421350\n|move|p2a: Bisharp|Low Kick|p1a: Aggron\n|-supereffective|p1a: Aggron\n|-damage|p1a: Aggron|72\/100 slp\n|-curestatus|p1a: Aggron|slp|[msg]\n|move|p1a: Aggron|Body Press|p2a: Bisharp\n|-supereffective|p2a: Bisharp\n|-damage|p2a: Bisharp|0 fnt\n|faint|p2a: Bisharp\n|\n|win|eghsehnah\n|raw|eghsehnah's rating: 1330 &rarr; <strong>1354<\/strong><br \/>(+24 for winning)\n|raw|Herengay's rating: 1393 &rarr; <strong>1369<\/strong><br \/>(-24 for losing)\n|l|\u2606Herengay\n","uploadtime":1700421364,"views":4,"p1id":"eghsehnah","p2id":"herengay","formatid":"gen9nationaldex","rating":1354,"private":0,"password":""}