{"id":"gen9nationaldex-1992933867","p1":"bunniiiiiis","p2":"Danish1526","format":"[Gen 9] National Dex","log":"|j|\u2606bunniiiiiis\n|j|\u2606Danish1526\n|t:|1700248118\n|gametype|singles\n|player|p1|bunniiiiiis|lady|1336\n|player|p2|Danish1526|wattson|1378\n|teamsize|p1|6\n|teamsize|p2|6\n|gen|9\n|tier|[Gen 9] National Dex\n|rated|\n|rule|HP Percentage Mod: HP is shown in percentages\n|rule|Endless Battle Clause: Forcing endless battles is banned\n|rule|OHKO Clause: OHKO moves are banned\n|rule|Evasion Clause: Evasion abilities, items, and moves are banned\n|rule|Evasion Abilities Clause: Evasion abilities are banned\n|rule|Evasion Items Clause: Evasion items are banned\n|rule|Evasion Moves Clause: Evasion moves are banned\n|rule|Species Clause: Limit one of each Pok\u00e9mon\n|rule|Sleep Clause Mod: Limit one foe put to sleep\n|clearpoke\n|poke|p1|Victini|\n|poke|p1|Tapu Lele|\n|poke|p1|Alakazam, F|\n|poke|p1|Blacephalon|\n|poke|p1|Slowbro, F|\n|poke|p1|Meowscarada, F|\n|poke|p2|Grimmsnarl, M|\n|poke|p2|Steelix, F|\n|poke|p2|Latios, M|\n|poke|p2|Meowscarada, F|\n|poke|p2|Garchomp, M|\n|poke|p2|Zoroark-Hisui, F|\n|teampreview\n|\n|t:|1700248126\n|start\n|switch|p1a: Meowscarada|Meowscarada, F|100\/100\n|switch|p2a: Garchomp|Garchomp, M|100\/100\n|turn|1\n|c|\u2606bunniiiiiis|glhf\n|\n|t:|1700248132\n|move|p1a: Meowscarada|Flower Trick|p2a: Garchomp\n|-start|p1a: Meowscarada|typechange|Grass|[from] ability: Protean\n|-crit|p2a: Garchomp\n|-damage|p2a: Garchomp|39\/100\n|move|p2a: Garchomp|Stealth Rock|p1a: Meowscarada\n|-sidestart|p1: bunniiiiiis|move: Stealth Rock\n|\n|upkeep\n|turn|2\n|\n|t:|1700248141\n|move|p1a: Meowscarada|Flower Trick|p2a: Garchomp\n|-crit|p2a: Garchomp\n|-damage|p2a: Garchomp|0 fnt\n|faint|p2a: Garchomp\n|\n|upkeep\n|\n|t:|1700248147\n|switch|p2a: Latios|Latios, M|100\/100\n|turn|3\n|\n|t:|1700248162\n|switch|p1a: Slowbro|Slowbro, F|100\/100\n|-damage|p1a: Slowbro|88\/100|[from] Stealth Rock\n|move|p2a: Latios|Mystical Fire|p1a: Slowbro\n|-resisted|p1a: Slowbro\n|-damage|p1a: Slowbro|72\/100\n|-unboost|p1a: Slowbro|spa|1\n|\n|upkeep\n|turn|4\n|\n|t:|1700248169\n|detailschange|p1a: Slowbro|Slowbro-Mega, F\n|-mega|p1a: Slowbro|Slowbro|Slowbronite\n|move|p2a: Latios|Mystical Fire|p1a: Slowbro\n|-resisted|p1a: Slowbro\n|-damage|p1a: Slowbro|56\/100\n|-unboost|p1a: Slowbro|spa|1\n|move|p1a: Slowbro|Ice Beam|p2a: Latios\n|-supereffective|p2a: Latios\n|-damage|p2a: Latios|73\/100\n|\n|upkeep\n|turn|5\n|\n|t:|1700248178\n|switch|p2a: Grimmsnarl|Grimmsnarl, M|100\/100\n|move|p1a: Slowbro|Slack Off|p1a: Slowbro\n|-heal|p1a: Slowbro|100\/100\n|\n|upkeep\n|turn|6\n|\n|t:|1700248182\n|switch|p1a: Tapu Lele|Tapu Lele|100\/100\n|-damage|p1a: Tapu Lele|88\/100|[from] Stealth Rock\n|-fieldstart|move: Psychic Terrain|[from] ability: Psychic Surge|[of] p1a: Tapu Lele\n|move|p2a: Grimmsnarl|Light Screen|p2a: Grimmsnarl\n|-sidestart|p2: Danish1526|move: Light Screen\n|\n|upkeep\n|turn|7\n|\n|t:|1700248190\n|move|p2a: Grimmsnarl|Reflect|p2a: Grimmsnarl\n|-sidestart|p2: Danish1526|Reflect\n|move|p1a: Tapu Lele|Moonblast|p2a: Grimmsnarl\n|-supereffective|p2a: Grimmsnarl\n|-crit|p2a: Grimmsnarl\n|-damage|p2a: Grimmsnarl|0 fnt\n|faint|p2a: Grimmsnarl\n|\n|upkeep\n|\n|t:|1700248194\n|switch|p2a: Steelix|Steelix, F|100\/100\n|turn|8\n|l|\u2606bunniiiiiis\n|player|p1|\n|inactive|Battle timer is ON: inactive players will automatically lose when time's up. (requested by Danish1526)\n|j|\u2606bunniiiiiis\n|inactive|bunniiiiiis reconnected and has 145 seconds left.\n|player|p1|bunniiiiiis|lady\n|\n|t:|1700248236\n|switch|p1a: Victini|Victini|100\/100\n|-damage|p1a: Victini|76\/100|[from] Stealth Rock\n|detailschange|p2a: Steelix|Steelix-Mega, F\n|-mega|p2a: Steelix|Steelix|Steelixite\n|move|p2a: Steelix|Curse|p2a: Steelix\n|-unboost|p2a: Steelix|spe|1\n|-boost|p2a: Steelix|atk|1\n|-boost|p2a: Steelix|def|1\n|\n|upkeep\n|turn|9\n|inactive|Danish1526 has 120 seconds left.\n|\n|t:|1700248289\n|-zpower|p1a: Victini\n|move|p1a: Victini|Z-Celebrate|p1a: Victini|[anim]Celebrate\n|-boost|p1a: Victini|atk|1|[zeffect]\n|-boost|p1a: Victini|def|1|[zeffect]\n|-boost|p1a: Victini|spa|1|[zeffect]\n|-boost|p1a: Victini|spd|1|[zeffect]\n|-boost|p1a: Victini|spe|1|[zeffect]\n|-activate|p1a: Victini|move: Celebrate\n|move|p2a: Steelix|Earthquake|p1a: Victini\n|-supereffective|p1a: Victini\n|-damage|p1a: Victini|0 fnt\n|faint|p1a: Victini\n|\n|upkeep\n|\n|t:|1700248296\n|switch|p1a: Slowbro|Slowbro-Mega, F|100\/100\n|-damage|p1a: Slowbro|88\/100|[from] Stealth Rock\n|turn|10\n|\n|t:|1700248300\n|move|p1a: Slowbro|Scald|p2a: Steelix\n|-supereffective|p2a: Steelix\n|-damage|p2a: Steelix|74\/100\n|-status|p2a: Steelix|brn\n|move|p2a: Steelix|Gyro Ball|p1a: Slowbro\n|-resisted|p1a: Slowbro\n|-damage|p1a: Slowbro|83\/100\n|\n|-damage|p2a: Steelix|68\/100 brn|[from] brn\n|upkeep\n|turn|11\n|inactive|Danish1526 has 120 seconds left.\n|\n|t:|1700248305\n|move|p1a: Slowbro|Scald|p2a: Steelix\n|-supereffective|p2a: Steelix\n|-damage|p2a: Steelix|42\/100 brn\n|move|p2a: Steelix|Curse|p2a: Steelix\n|-unboost|p2a: Steelix|spe|1\n|-boost|p2a: Steelix|atk|1\n|-boost|p2a: Steelix|def|1\n|\n|-damage|p2a: Steelix|36\/100 brn|[from] brn\n|upkeep\n|turn|12\n|\n|t:|1700248308\n|move|p1a: Slowbro|Scald|p2a: Steelix\n|-supereffective|p2a: Steelix\n|-damage|p2a: Steelix|12\/100 brn\n|move|p2a: Steelix|Earthquake|p1a: Slowbro\n|-damage|p1a: Slowbro|65\/100\n|\n|-damage|p2a: Steelix|6\/100 brn|[from] brn\n|upkeep\n|turn|13\n|\n|t:|1700248314\n|move|p1a: Slowbro|Slack Off|p1a: Slowbro\n|-heal|p1a: Slowbro|100\/100\n|move|p2a: Steelix|Earthquake|p1a: Slowbro\n|-damage|p1a: Slowbro|81\/100\n|\n|-damage|p2a: Steelix|0 fnt|[from] brn\n|faint|p2a: Steelix\n|-sideend|p2: Danish1526|move: Light Screen\n|-fieldend|move: Psychic Terrain\n|upkeep\n|\n|t:|1700248321\n|switch|p2a: Meowscarada|Meowscarada, F|100\/100\n|turn|14\n|\n|t:|1700248325\n|move|p2a: Meowscarada|U-turn|p1a: Slowbro\n|-start|p2a: Meowscarada|typechange|Bug|[from] ability: Protean\n|-supereffective|p1a: Slowbro\n|-damage|p1a: Slowbro|41\/100\n|-damage|p2a: Meowscarada|91\/100|[from] item: Life Orb\n|\n|t:|1700248330\n|switch|p2a: Latios|Latios, M|73\/100|[from] U-turn\n|move|p1a: Slowbro|Ice Beam|p2a: Latios\n|-supereffective|p2a: Latios\n|-damage|p2a: Latios|17\/100\n|\n|-sideend|p2: Danish1526|Reflect\n|upkeep\n|turn|15\n|\n|t:|1700248333\n|move|p2a: Latios|Draco Meteor|p1a: Slowbro\n|-damage|p1a: Slowbro|0 fnt\n|-unboost|p2a: Latios|spa|2\n|faint|p1a: Slowbro\n|\n|upkeep\n|\n|t:|1700248337\n|switch|p1a: Meowscarada|Meowscarada, F|100\/100\n|-damage|p1a: Meowscarada|88\/100|[from] Stealth Rock\n|turn|16\n|\n|t:|1700248340\n|move|p1a: Meowscarada|Knock Off|p2a: Latios\n|-start|p1a: Meowscarada|typechange|Dark|[from] ability: Protean\n|-supereffective|p2a: Latios\n|-damage|p2a: Latios|0 fnt\n|-enditem|p2a: Latios|Choice Specs|[from] move: Knock Off|[of] p1a: Meowscarada\n|faint|p2a: Latios\n|\n|upkeep\n|\n|t:|1700248344\n|switch|p2a: Meowscarada|Meowscarada, F|91\/100\n|turn|17\n|\n|t:|1700248347\n|switch|p1a: Tapu Lele|Tapu Lele|88\/100\n|-damage|p1a: Tapu Lele|76\/100|[from] Stealth Rock\n|-fieldstart|move: Psychic Terrain|[from] ability: Psychic Surge|[of] p1a: Tapu Lele\n|move|p2a: Meowscarada|Play Rough|p1a: Tapu Lele\n|-start|p2a: Meowscarada|typechange|Fairy|[from] ability: Protean\n|-damage|p1a: Tapu Lele|0 fnt\n|faint|p1a: Tapu Lele\n|-damage|p2a: Meowscarada|81\/100|[from] item: Life Orb\n|\n|upkeep\n|\n|t:|1700248350\n|switch|p1a: Alakazam|Alakazam, F|100\/100\n|turn|18\n|\n|t:|1700248361\n|-terastallize|p2a: Meowscarada|Grass\n|-terastallize|p1a: Alakazam|Psychic\n|move|p2a: Meowscarada|Flower Trick|p1a: Alakazam\n|-crit|p1a: Alakazam\n|-enditem|p1a: Alakazam|Focus Sash\n|-damage|p1a: Alakazam|1\/100\n|-damage|p2a: Meowscarada|71\/100|[from] item: Life Orb\n|move|p1a: Alakazam|Expanding Force|p2a: Meowscarada\n|-damage|p2a: Meowscarada|0 fnt\n|faint|p2a: Meowscarada\n|\n|upkeep\n|\n|t:|1700248369\n|switch|p2a: Zoroark|Zoroark-Hisui, F|100\/100\n|turn|19\n|\n|t:|1700248380\n|move|p1a: Alakazam|Expanding Force|p2a: Zoroark\n|-damage|p2a: Zoroark|0 fnt\n|faint|p2a: Zoroark\n|\n|win|bunniiiiiis\n|raw|bunniiiiiis's rating: 1336 &rarr; <strong>1358<\/strong><br \/>(+22 for winning)\n|raw|Danish1526's rating: 1378 &rarr; <strong>1356<\/strong><br \/>(-22 for losing)\n|l|\u2606Danish1526\n|c|\u2606bunniiiiiis|ggs\n|l|\u2606bunniiiiiis\n|j|\u2606bunniiiiiis\n|player|p1|bunniiiiiis|lady\n","uploadtime":1700248528,"views":23,"p1id":"bunniiiiiis","p2id":"danish1526","formatid":"gen9nationaldex","rating":1356,"private":0,"password":""}