{"id":"gen9nationaldex-1999179351","p1":"Viiego","p2":"lucario de ash","format":"[Gen 9] National Dex","log":"|html|<div class=\"broadcast-blue\"><strong>[Gen 9] National Dex is currently suspecting Sneasler! For information on how to participate check out the <a href=\"https:\/\/www.smogon.com\/forums\/threads\/sv-national-dex-suspect-8-just-dance.3731534\/\">suspect thread<\/a>.<\/strong><\/div>\n|j|\u2606Viiego\n|j|\u2606lucario de ash\n|t:|1701042048\n|gametype|singles\n|player|p1|Viiego|cynthia-gen4|1221\n|player|p2|lucario de ash|pokemonranger-gen4|1198\n|teamsize|p1|6\n|teamsize|p2|6\n|gen|9\n|tier|[Gen 9] National Dex\n|rated|\n|rule|HP Percentage Mod: HP is shown in percentages\n|rule|Endless Battle Clause: Forcing endless battles is banned\n|rule|OHKO Clause: OHKO moves are banned\n|rule|Evasion Clause: Evasion abilities, items, and moves are banned\n|rule|Evasion Abilities Clause: Evasion abilities are banned\n|rule|Evasion Items Clause: Evasion items are banned\n|rule|Evasion Moves Clause: Evasion moves are banned\n|rule|Species Clause: Limit one of each Pok\u00e9mon\n|rule|Sleep Clause Mod: Limit one foe put to sleep\n|clearpoke\n|poke|p1|Tyranitar, M|\n|poke|p1|Garchomp, M|\n|poke|p1|Zeraora|\n|poke|p1|Urshifu-*, F|\n|poke|p1|Aegislash, F|\n|poke|p1|Scream Tail|\n|poke|p2|Alomomola, M|\n|poke|p2|Garganacl, F|\n|poke|p2|Ferrothorn, M|\n|poke|p2|Garchomp, F|\n|poke|p2|Volcarona, F|\n|poke|p2|Ogerpon, F|\n|teampreview\n|inactive|Battle timer is ON: inactive players will automatically lose when time's up. (requested by Viiego)\n|\n|t:|1701042063\n|start\n|switch|p1a: Scream Tail|Scream Tail|100\/100\n|switch|p2a: Ferrothorn|Ferrothorn, M|100\/100\n|turn|1\n|\n|t:|1701042072\n|move|p1a: Scream Tail|Reflect|p1a: Scream Tail\n|-sidestart|p1: Viiego|Reflect\n|move|p2a: Ferrothorn|Stealth Rock|p1a: Scream Tail\n|-sidestart|p1: Viiego|move: Stealth Rock\n|\n|upkeep\n|turn|2\n|\n|t:|1701042078\n|move|p1a: Scream Tail|Light Screen|p1a: Scream Tail\n|-sidestart|p1: Viiego|move: Light Screen\n|move|p2a: Ferrothorn|Leech Seed|p1a: Scream Tail\n|-start|p1a: Scream Tail|move: Leech Seed\n|\n|-damage|p1a: Scream Tail|88\/100|[from] Leech Seed|[of] p2a: Ferrothorn\n|upkeep\n|turn|3\n|\n|t:|1701042092\n|-end|p1a: Scream Tail|Protosynthesis|[silent]\n|switch|p1a: Tyranitar|Tyranitar, M, shiny|100\/100\n|-damage|p1a: Tyranitar|88\/100|[from] Stealth Rock\n|-weather|Sandstorm|[from] ability: Sand Stream|[of] p1a: Tyranitar\n|move|p2a: Ferrothorn|Knock Off|p1a: Tyranitar\n|-resisted|p1a: Tyranitar\n|-damage|p1a: Tyranitar|84\/100\n|-enditem|p1a: Tyranitar|Smooth Rock|[from] move: Knock Off|[of] p2a: Ferrothorn\n|\n|-weather|Sandstorm|[upkeep]\n|upkeep\n|turn|4\n|\n|t:|1701042106\n|switch|p1a: Garchomp|Garchomp, M, shiny|100\/100\n|-damage|p1a: Garchomp|94\/100|[from] Stealth Rock\n|move|p2a: Ferrothorn|Leech Seed|p1a: Garchomp\n|-start|p1a: Garchomp|move: Leech Seed\n|\n|-weather|Sandstorm|[upkeep]\n|-damage|p1a: Garchomp|82\/100|[from] Leech Seed|[of] p2a: Ferrothorn\n|upkeep\n|turn|5\n|\n|t:|1701042131\n|switch|p1a: Urshifu|Urshifu-Rapid-Strike, F|100\/100\n|-damage|p1a: Urshifu|94\/100|[from] Stealth Rock\n|move|p2a: Ferrothorn|Knock Off|p1a: Urshifu\n|-resisted|p1a: Urshifu\n|-damage|p1a: Urshifu|89\/100\n|-enditem|p1a: Urshifu|Choice Scarf|[from] move: Knock Off|[of] p2a: Ferrothorn\n|\n|-weather|Sandstorm|[upkeep]\n|-damage|p1a: Urshifu|83\/100|[from] Sandstorm\n|-sideend|p1: Viiego|Reflect\n|upkeep\n|turn|6\n|\n|t:|1701042143\n|move|p1a: Urshifu|Close Combat|p2a: Ferrothorn\n|-supereffective|p2a: Ferrothorn\n|-damage|p2a: Ferrothorn|33\/100\n|-unboost|p1a: Urshifu|def|1\n|-unboost|p1a: Urshifu|spd|1\n|-damage|p1a: Urshifu|70\/100|[from] ability: Iron Barbs|[of] p2a: Ferrothorn\n|move|p2a: Ferrothorn|Leech Seed|p1a: Urshifu\n|-start|p1a: Urshifu|move: Leech Seed\n|\n|-weather|Sandstorm|[upkeep]\n|-damage|p1a: Urshifu|64\/100|[from] Sandstorm\n|-heal|p2a: Ferrothorn|40\/100|[from] item: Leftovers\n|-damage|p1a: Urshifu|52\/100|[from] Leech Seed|[of] p2a: Ferrothorn\n|-heal|p2a: Ferrothorn|52\/100|[silent]\n|-sideend|p1: Viiego|move: Light Screen\n|upkeep\n|turn|7\n|\n|t:|1701042159\n|switch|p2a: Garchomp|Garchomp, F|100\/100\n|move|p1a: Urshifu|Close Combat|p2a: Garchomp\n|-damage|p2a: Garchomp|35\/100\n|-unboost|p1a: Urshifu|def|1\n|-unboost|p1a: Urshifu|spd|1\n|-damage|p1a: Urshifu|40\/100|[from] ability: Rough Skin|[of] p2a: Garchomp\n|-damage|p1a: Urshifu|23\/100|[from] item: Rocky Helmet|[of] p2a: Garchomp\n|\n|-weather|Sandstorm|[upkeep]\n|-damage|p1a: Urshifu|17\/100|[from] Sandstorm\n|-damage|p1a: Urshifu|5\/100|[from] Leech Seed|[of] p2a: Garchomp\n|-heal|p2a: Garchomp|46\/100|[silent]\n|upkeep\n|turn|8\n|inactive|Viiego has 120 seconds left.\n|\n|t:|1701042175\n|switch|p2a: Volcarona|Volcarona, F|100\/100\n|move|p1a: Urshifu|Surging Strikes|p2a: Volcarona\n|-supereffective|p2a: Volcarona\n|-crit|p2a: Volcarona\n|-damage|p2a: Volcarona|38\/100\n|-supereffective|p2a: Volcarona\n|-crit|p2a: Volcarona\n|-damage|p2a: Volcarona|0 fnt\n|faint|p2a: Volcarona\n|-hitcount|p2: Volcarona|2\n|\n|-weather|Sandstorm|[upkeep]\n|-damage|p1a: Urshifu|0 fnt|[from] Sandstorm\n|faint|p1a: Urshifu\n|upkeep\n|inactive|Viiego has 120 seconds left.\n|inactive|lucario de ash has 120 seconds left.\n|inactive|lucario de ash has 90 seconds left.\n|\n|t:|1701042249\n|switch|p1a: Garchomp|Garchomp, M, shiny|82\/100\n|switch|p2a: Ogerpon|Ogerpon, F|100\/100\n|-damage|p1a: Garchomp|76\/100|[from] Stealth Rock\n|turn|9\n|inactive|Viiego has 120 seconds left.\n|\n|t:|1701042262\n|detailschange|p1a: Garchomp|Garchomp-Mega, M, shiny\n|-mega|p1a: Garchomp|Garchomp|Garchompite\n|move|p2a: Ogerpon|Swords Dance|p2a: Ogerpon\n|-boost|p2a: Ogerpon|atk|2\n|move|p1a: Garchomp|Scale Shot|p2a: Ogerpon\n|-damage|p2a: Ogerpon|78\/100\n|-damage|p2a: Ogerpon|56\/100\n|-damage|p2a: Ogerpon|34\/100\n|-hitcount|p2a: Ogerpon|3\n|-unboost|p1a: Garchomp|def|1\n|-boost|p1a: Garchomp|spe|1\n|\n|-weather|Sandstorm|[upkeep]\n|-damage|p2a: Ogerpon|28\/100|[from] Sandstorm\n|upkeep\n|turn|10\n|inactive|Viiego has 120 seconds left.\n|\n|t:|1701042280\n|move|p1a: Garchomp|Scale Shot|p2a: Ogerpon\n|-damage|p2a: Ogerpon|7\/100\n|-damage|p2a: Ogerpon|0 fnt\n|faint|p2a: Ogerpon\n|-hitcount|p2: Ogerpon|2\n|-unboost|p1a: Garchomp|def|1\n|-boost|p1a: Garchomp|spe|1\n|\n|-weather|none\n|upkeep\n|\n|t:|1701042283\n|switch|p2a: Alomomola|Alomomola, M|100\/100\n|turn|11\n|inactive|Viiego has 120 seconds left.\n|\n|t:|1701042297\n|move|p1a: Garchomp|Iron Head|p2a: Alomomola\n|-resisted|p2a: Alomomola\n|-damage|p2a: Alomomola|92\/100\n|-damage|p1a: Garchomp|59\/100|[from] item: Rocky Helmet|[of] p2a: Alomomola\n|cant|p2a: Alomomola|flinch\n|\n|upkeep\n|turn|12\n|inactive|Viiego has 120 seconds left.\n|\n|t:|1701042306\n|switch|p1a: Scream Tail|Scream Tail|88\/100\n|-damage|p1a: Scream Tail|76\/100|[from] Stealth Rock\n|move|p2a: Alomomola|Toxic|p1a: Scream Tail\n|-status|p1a: Scream Tail|tox\n|\n|-heal|p1a: Scream Tail|82\/100 tox|[from] item: Leftovers\n|-damage|p1a: Scream Tail|76\/100 tox|[from] psn\n|upkeep\n|turn|13\n|inactive|Viiego has 120 seconds left.\n|\n|t:|1701042319\n|move|p1a: Scream Tail|Reflect|p1a: Scream Tail\n|-sidestart|p1: Viiego|Reflect\n|move|p2a: Alomomola|Flip Turn|p1a: Scream Tail\n|-damage|p1a: Scream Tail|69\/100 tox\n|\n|t:|1701042328\n|switch|p2a: Garchomp|Garchomp, F|46\/100|[from] Flip Turn\n|\n|-heal|p1a: Scream Tail|76\/100 tox|[from] item: Leftovers\n|-damage|p1a: Scream Tail|63\/100 tox|[from] psn\n|upkeep\n|turn|14\n|\n|t:|1701042336\n|move|p1a: Scream Tail|Wish|p1a: Scream Tail\n|move|p2a: Garchomp|Swords Dance|p2a: Garchomp\n|-boost|p2a: Garchomp|atk|2\n|\n|-heal|p1a: Scream Tail|69\/100 tox|[from] item: Leftovers\n|-damage|p1a: Scream Tail|51\/100 tox|[from] psn\n|upkeep\n|turn|15\n|\n|t:|1701042345\n|move|p1a: Scream Tail|Dazzling Gleam|p2a: Garchomp\n|-supereffective|p2a: Garchomp\n|-damage|p2a: Garchomp|4\/100\n|move|p2a: Garchomp|Earthquake|p1a: Scream Tail\n|-crit|p1a: Scream Tail\n|-damage|p1a: Scream Tail|0 fnt\n|faint|p1a: Scream Tail\n|-end|p1a: Scream Tail|Protosynthesis|[silent]\n|\n|upkeep\n|\n|t:|1701042355\n|switch|p1a: Garchomp|Garchomp-Mega, M, shiny|59\/100\n|-damage|p1a: Garchomp|53\/100|[from] Stealth Rock\n|turn|16\n|\n|t:|1701042360\n|move|p2a: Garchomp|Scale Shot|p1a: Garchomp|[miss]\n|-miss|p2a: Garchomp|p1a: Garchomp\n|move|p1a: Garchomp|Scale Shot|p2a: Garchomp\n|-supereffective|p2a: Garchomp\n|-damage|p2a: Garchomp|0 fnt\n|faint|p2a: Garchomp\n|-hitcount|p2: Garchomp|1\n|-unboost|p1a: Garchomp|def|1\n|-boost|p1a: Garchomp|spe|1\n|\n|upkeep\n|\n|t:|1701042364\n|switch|p2a: Garganacl|Garganacl, F|100\/100\n|turn|17\n|\n|t:|1701042374\n|move|p1a: Garchomp|Earthquake|p2a: Garganacl\n|-supereffective|p2a: Garganacl\n|-damage|p2a: Garganacl|22\/100\n|move|p2a: Garganacl|Salt Cure|p1a: Garchomp\n|-resisted|p1a: Garchomp\n|-damage|p1a: Garchomp|49\/100\n|-start|p1a: Garchomp|Salt Cure\n|\n|-heal|p2a: Garganacl|28\/100|[from] item: Leftovers\n|-damage|p1a: Garchomp|37\/100|[from] Salt Cure\n|-sideend|p1: Viiego|Reflect\n|upkeep\n|turn|18\n|\n|t:|1701042386\n|switch|p2a: Ferrothorn|Ferrothorn, M|52\/100\n|move|p1a: Garchomp|Earthquake|p2a: Ferrothorn\n|-damage|p2a: Ferrothorn|12\/100\n|\n|-heal|p2a: Ferrothorn|18\/100|[from] item: Leftovers\n|-damage|p1a: Garchomp|24\/100|[from] Salt Cure\n|upkeep\n|turn|19\n|\n|t:|1701042397\n|switch|p2a: Alomomola|Alomomola, M|100\/100\n|move|p1a: Garchomp|Earthquake|p2a: Alomomola\n|-damage|p2a: Alomomola|66\/100\n|\n|-damage|p1a: Garchomp|12\/100|[from] Salt Cure\n|upkeep\n|turn|20\n|\n|t:|1701042406\n|move|p1a: Garchomp|Earthquake|p2a: Alomomola\n|-damage|p2a: Alomomola|31\/100\n|move|p2a: Alomomola|Wish|p2a: Alomomola\n|\n|-damage|p1a: Garchomp|0 fnt|[from] Salt Cure\n|faint|p1a: Garchomp\n|upkeep\n|\n|t:|1701042414\n|switch|p1a: Zeraora|Zeraora|100\/100\n|turn|21\n|\n|t:|1701042418\n|move|p2a: Alomomola|Protect|p2a: Alomomola\n|-singleturn|p2a: Alomomola|Protect\n|move|p1a: Zeraora|Plasma Fists|p2a: Alomomola\n|-activate|p2a: Alomomola|move: Protect\n|\n|-heal|p2a: Alomomola|81\/100|[from] move: Wish|[wisher] Alomomola\n|upkeep\n|turn|22\n|\n|t:|1701042429\n|move|p1a: Zeraora|Plasma Fists|p2a: Alomomola\n|-supereffective|p2a: Alomomola\n|-damage|p2a: Alomomola|34\/100\n|-fieldactivate|move: Ion Deluge\n|-hint|Normal-type moves become Electric-type after using Plasma Fists.\n|-damage|p1a: Zeraora|84\/100|[from] item: Rocky Helmet|[of] p2a: Alomomola\n|move|p2a: Alomomola|Toxic|p1a: Zeraora\n|-status|p1a: Zeraora|tox\n|\n|-damage|p1a: Zeraora|78\/100 tox|[from] psn\n|upkeep\n|turn|23\n|\n|t:|1701042443\n|move|p2a: Alomomola|Protect|p2a: Alomomola\n|-singleturn|p2a: Alomomola|Protect\n|move|p1a: Zeraora|Plasma Fists|p2a: Alomomola\n|-activate|p2a: Alomomola|move: Protect\n|\n|-damage|p1a: Zeraora|66\/100 tox|[from] psn\n|upkeep\n|turn|24\n|\n|t:|1701042453\n|switch|p2a: Garganacl|Garganacl, F|28\/100\n|move|p1a: Zeraora|Plasma Fists|p2a: Garganacl\n|-damage|p2a: Garganacl|0 fnt\n|-fieldactivate|move: Ion Deluge\n|-hint|Normal-type moves become Electric-type after using Plasma Fists.\n|faint|p2a: Garganacl\n|\n|-damage|p1a: Zeraora|48\/100 tox|[from] psn\n|upkeep\n|\n|t:|1701042461\n|switch|p2a: Ferrothorn|Ferrothorn, M|18\/100\n|turn|25\n|\n|t:|1701042471\n|-terastallize|p1a: Zeraora|Flying\n|move|p1a: Zeraora|Close Combat|p2a: Ferrothorn\n|-supereffective|p2a: Ferrothorn\n|-damage|p2a: Ferrothorn|0 fnt\n|-unboost|p1a: Zeraora|def|1\n|-unboost|p1a: Zeraora|spd|1\n|-damage|p1a: Zeraora|36\/100 tox|[from] ability: Iron Barbs|[of] p2a: Ferrothorn\n|faint|p2a: Ferrothorn\n|\n|-damage|p1a: Zeraora|12\/100 tox|[from] psn\n|upkeep\n|\n|t:|1701042476\n|switch|p2a: Alomomola|Alomomola, M|67\/100\n|turn|26\n|\n|t:|1701042487\n|move|p2a: Alomomola|Protect|p2a: Alomomola\n|-singleturn|p2a: Alomomola|Protect\n|move|p1a: Zeraora|Plasma Fists|p2a: Alomomola\n|-activate|p2a: Alomomola|move: Protect\n|\n|-damage|p1a: Zeraora|0 fnt|[from] psn\n|faint|p1a: Zeraora\n|upkeep\n|\n|t:|1701042497\n|switch|p1a: Tyranitar|Tyranitar, M, shiny|84\/100\n|-damage|p1a: Tyranitar|71\/100|[from] Stealth Rock\n|-weather|Sandstorm|[from] ability: Sand Stream|[of] p1a: Tyranitar\n|turn|27\n|\n|t:|1701042506\n|move|p2a: Alomomola|Toxic|p1a: Tyranitar\n|-status|p1a: Tyranitar|tox\n|move|p1a: Tyranitar|Earthquake|p2a: Alomomola\n|-damage|p2a: Alomomola|49\/100\n|\n|-weather|Sandstorm|[upkeep]\n|-damage|p2a: Alomomola|43\/100|[from] Sandstorm\n|-damage|p1a: Tyranitar|65\/100 tox|[from] psn\n|upkeep\n|turn|28\n|\n|t:|1701042524\n|move|p2a: Alomomola|Wish|p2a: Alomomola\n|move|p1a: Tyranitar|Crunch|p2a: Alomomola\n|-damage|p2a: Alomomola|21\/100\n|-damage|p1a: Tyranitar|49\/100 tox|[from] item: Rocky Helmet|[of] p2a: Alomomola\n|\n|-weather|Sandstorm|[upkeep]\n|-damage|p2a: Alomomola|14\/100|[from] Sandstorm\n|-damage|p1a: Tyranitar|36\/100 tox|[from] psn\n|upkeep\n|turn|29\n|\n|t:|1701042534\n|move|p2a: Alomomola|Protect|p2a: Alomomola\n|-singleturn|p2a: Alomomola|Protect\n|move|p1a: Tyranitar|Crunch|p2a: Alomomola\n|-activate|p2a: Alomomola|move: Protect\n|\n|-weather|Sandstorm|[upkeep]\n|-damage|p2a: Alomomola|8\/100|[from] Sandstorm\n|-heal|p2a: Alomomola|58\/100|[from] move: Wish|[wisher] Alomomola\n|-damage|p1a: Tyranitar|18\/100 tox|[from] psn\n|upkeep\n|turn|30\n|\n|t:|1701042548\n|move|p2a: Alomomola|Wish|p2a: Alomomola\n|move|p1a: Tyranitar|Crunch|p2a: Alomomola\n|-damage|p2a: Alomomola|36\/100\n|-damage|p1a: Tyranitar|1\/100 tox|[from] item: Rocky Helmet|[of] p2a: Alomomola\n|\n|-weather|Sandstorm|[upkeep]\n|-damage|p2a: Alomomola|30\/100|[from] Sandstorm\n|-damage|p1a: Tyranitar|0 fnt|[from] psn\n|faint|p1a: Tyranitar\n|upkeep\n|\n|t:|1701042558\n|switch|p1a: Aegislash|Aegislash, F, shiny|100\/100\n|-damage|p1a: Aegislash|94\/100|[from] Stealth Rock\n|turn|31\n|\n|t:|1701042566\n|move|p2a: Alomomola|Protect|p2a: Alomomola\n|-singleturn|p2a: Alomomola|Protect\n|-formechange|p1a: Aegislash|Aegislash-Blade||[from] ability: Stance Change\n|move|p1a: Aegislash|Head Smash|p2a: Alomomola\n|-activate|p2a: Alomomola|move: Protect\n|\n|-weather|none\n|-heal|p2a: Alomomola|80\/100|[from] move: Wish|[wisher] Alomomola\n|upkeep\n|turn|32\n|\n|t:|1701042577\n|move|p2a: Alomomola|Flip Turn|p1a: Aegislash\n|-damage|p1a: Aegislash|64\/100\n|move|p1a: Aegislash|Head Smash|p2a: Alomomola\n|-damage|p2a: Alomomola|33\/100\n|-damage|p1a: Aegislash|48\/100|[from] item: Rocky Helmet|[of] p2a: Alomomola\n|-damage|p1a: Aegislash|9\/100|[from] Recoil\n|\n|upkeep\n|turn|33\n|\n|t:|1701042587\n|move|p2a: Alomomola|Protect|p2a: Alomomola\n|-singleturn|p2a: Alomomola|Protect\n|move|p1a: Aegislash|Head Smash|p2a: Alomomola\n|-activate|p2a: Alomomola|move: Protect\n|\n|upkeep\n|turn|34\n|-message|Viiego forfeited.\n|\n|win|lucario de ash\n|raw|Viiego's rating: 1221 &rarr; <strong>1194<\/strong><br \/>(-27 for losing)\n|raw|lucario de ash's rating: 1198 &rarr; <strong>1225<\/strong><br \/>(+27 for winning)\n|l|\u2606Viiego\n","uploadtime":1701042596,"views":3,"p1id":"viiego","p2id":"lucariodeash","formatid":"gen9nationaldex","rating":1194,"private":0,"password":""}