{"id":"gen9nationaldex-1988298088","p1":"XYStarshone.\u6c34\u706b\u4fa0\u661f\u8000","p2":"CheezeyMemes","format":"[Gen 9] National Dex","log":"|j|\u2606XYStarshone.\u6c34\u706b\u4fa0\u661f\u8000\n|j|\u2606CheezeyMemes\n|t:|1699704121\n|gametype|singles\n|player|p1|XYStarshone.\u6c34\u706b\u4fa0\u661f\u8000|psychic-lgpe|1447\n|player|p2|CheezeyMemes|fantina|1499\n|teamsize|p1|6\n|teamsize|p2|6\n|gen|9\n|tier|[Gen 9] National Dex\n|rated|\n|rule|HP Percentage Mod: HP is shown in percentages\n|rule|Endless Battle Clause: Forcing endless battles is banned\n|rule|OHKO Clause: OHKO moves are banned\n|rule|Evasion Clause: Evasion abilities, items, and moves are banned\n|rule|Evasion Abilities Clause: Evasion abilities are banned\n|rule|Evasion Items Clause: Evasion items are banned\n|rule|Evasion Moves Clause: Evasion moves are banned\n|rule|Species Clause: Limit one of each Pok\u00e9mon\n|rule|Sleep Clause Mod: Limit one foe put to sleep\n|clearpoke\n|poke|p1|Ceruledge, F|\n|poke|p1|Great Tusk|\n|poke|p1|Iron Valiant|\n|poke|p1|Banette, F|\n|poke|p1|Volcanion|\n|poke|p1|Serperior, F|\n|poke|p2|Dondozo, M|\n|poke|p2|Clodsire, F|\n|poke|p2|Hatterene, F|\n|poke|p2|Corviknight, M|\n|poke|p2|Blissey, F|\n|poke|p2|Pyukumuku, M|\n|teampreview\n|inactive|Battle timer is ON: inactive players will automatically lose when time's up. (requested by CheezeyMemes)\n|\n|t:|1699704135\n|start\n|switch|p1a: \u518dmiss\u8ba9\u4f60\u5403\u7206\u70b8\u70c8\u7130|Serperior, F, shiny|100\/100\n|switch|p2a: Dondozo|Dondozo, M|100\/100\n|turn|1\n|\n|t:|1699704140\n|switch|p2a: Corviknight|Corviknight, M|100\/100\n|move|p1a: \u518dmiss\u8ba9\u4f60\u5403\u7206\u70b8\u70c8\u7130|Substitute|p1a: \u518dmiss\u8ba9\u4f60\u5403\u7206\u70b8\u70c8\u7130\n|-start|p1a: \u518dmiss\u8ba9\u4f60\u5403\u7206\u70b8\u70c8\u7130|Substitute\n|-damage|p1a: \u518dmiss\u8ba9\u4f60\u5403\u7206\u70b8\u70c8\u7130|76\/100\n|\n|-heal|p1a: \u518dmiss\u8ba9\u4f60\u5403\u7206\u70b8\u70c8\u7130|82\/100|[from] item: Leftovers\n|upkeep\n|turn|2\n|\n|t:|1699704147\n|switch|p2a: Blissey|Blissey, F|100\/100\n|move|p1a: \u518dmiss\u8ba9\u4f60\u5403\u7206\u70b8\u70c8\u7130|Glare|p2a: Blissey\n|-status|p2a: Blissey|par\n|\n|-heal|p1a: \u518dmiss\u8ba9\u4f60\u5403\u7206\u70b8\u70c8\u7130|88\/100|[from] item: Leftovers\n|upkeep\n|turn|3\n|\n|t:|1699704150\n|move|p1a: \u518dmiss\u8ba9\u4f60\u5403\u7206\u70b8\u70c8\u7130|Leaf Storm|p2a: Blissey\n|-damage|p2a: Blissey|86\/100 par\n|-boost|p1a: \u518dmiss\u8ba9\u4f60\u5403\u7206\u70b8\u70c8\u7130|spa|2\n|move|p2a: Blissey|Seismic Toss|p1a: \u518dmiss\u8ba9\u4f60\u5403\u7206\u70b8\u70c8\u7130\n|-end|p1a: \u518dmiss\u8ba9\u4f60\u5403\u7206\u70b8\u70c8\u7130|Substitute\n|\n|-heal|p1a: \u518dmiss\u8ba9\u4f60\u5403\u7206\u70b8\u70c8\u7130|94\/100|[from] item: Leftovers\n|-heal|p2a: Blissey|92\/100 par|[from] item: Leftovers\n|upkeep\n|turn|4\n|\n|t:|1699704154\n|-curestatus|p2a: Blissey|par|[from] ability: Natural Cure\n|switch|p2a: Clodsire|Clodsire, F|100\/100\n|move|p1a: \u518dmiss\u8ba9\u4f60\u5403\u7206\u70b8\u70c8\u7130|Leaf Storm|p2a: Clodsire\n|-damage|p2a: Clodsire|76\/100\n|-boost|p1a: \u518dmiss\u8ba9\u4f60\u5403\u7206\u70b8\u70c8\u7130|spa|2\n|\n|-heal|p1a: \u518dmiss\u8ba9\u4f60\u5403\u7206\u70b8\u70c8\u7130|100\/100|[from] item: Leftovers\n|-heal|p2a: Clodsire|82\/100|[from] item: Leftovers\n|upkeep\n|turn|5\n|\n|t:|1699704158\n|move|p1a: \u518dmiss\u8ba9\u4f60\u5403\u7206\u70b8\u70c8\u7130|Substitute|p1a: \u518dmiss\u8ba9\u4f60\u5403\u7206\u70b8\u70c8\u7130\n|-start|p1a: \u518dmiss\u8ba9\u4f60\u5403\u7206\u70b8\u70c8\u7130|Substitute\n|-damage|p1a: \u518dmiss\u8ba9\u4f60\u5403\u7206\u70b8\u70c8\u7130|76\/100\n|move|p2a: Clodsire|Toxic||[still]\n|-fail|p2a: Clodsire\n|\n|-heal|p1a: \u518dmiss\u8ba9\u4f60\u5403\u7206\u70b8\u70c8\u7130|82\/100|[from] item: Leftovers\n|-heal|p2a: Clodsire|88\/100|[from] item: Leftovers\n|upkeep\n|turn|6\n|\n|t:|1699704160\n|move|p1a: \u518dmiss\u8ba9\u4f60\u5403\u7206\u70b8\u70c8\u7130|Leaf Storm|p2a: Clodsire\n|-damage|p2a: Clodsire|64\/100\n|-boost|p1a: \u518dmiss\u8ba9\u4f60\u5403\u7206\u70b8\u70c8\u7130|spa|2\n|move|p2a: Clodsire|Stealth Rock|p1a: \u518dmiss\u8ba9\u4f60\u5403\u7206\u70b8\u70c8\u7130\n|-sidestart|p1: XYStarshone.\u6c34\u706b\u4fa0\u661f\u8000|move: Stealth Rock\n|\n|-heal|p1a: \u518dmiss\u8ba9\u4f60\u5403\u7206\u70b8\u70c8\u7130|88\/100|[from] item: Leftovers\n|-heal|p2a: Clodsire|70\/100|[from] item: Leftovers\n|upkeep\n|turn|7\n|\n|t:|1699704163\n|move|p1a: \u518dmiss\u8ba9\u4f60\u5403\u7206\u70b8\u70c8\u7130|Leaf Storm|p2a: Clodsire\n|-damage|p2a: Clodsire|45\/100\n|move|p2a: Clodsire|Earthquake|p1a: \u518dmiss\u8ba9\u4f60\u5403\u7206\u70b8\u70c8\u7130\n|-resisted|p1a: \u518dmiss\u8ba9\u4f60\u5403\u7206\u70b8\u70c8\u7130\n|-activate|p1a: \u518dmiss\u8ba9\u4f60\u5403\u7206\u70b8\u70c8\u7130|move: Substitute|[damage]\n|\n|-heal|p1a: \u518dmiss\u8ba9\u4f60\u5403\u7206\u70b8\u70c8\u7130|94\/100|[from] item: Leftovers\n|-heal|p2a: Clodsire|51\/100|[from] item: Leftovers\n|upkeep\n|turn|8\n|\n|t:|1699704166\n|move|p1a: \u518dmiss\u8ba9\u4f60\u5403\u7206\u70b8\u70c8\u7130|Hidden Power|p2a: Clodsire\n|-damage|p2a: Clodsire|44\/100\n|move|p2a: Clodsire|Recover|p2a: Clodsire\n|-heal|p2a: Clodsire|94\/100\n|\n|-heal|p1a: \u518dmiss\u8ba9\u4f60\u5403\u7206\u70b8\u70c8\u7130|100\/100|[from] item: Leftovers\n|-heal|p2a: Clodsire|99\/100|[from] item: Leftovers\n|upkeep\n|turn|9\n|\n|t:|1699704170\n|move|p1a: \u518dmiss\u8ba9\u4f60\u5403\u7206\u70b8\u70c8\u7130|Glare|p2a: Clodsire\n|-status|p2a: Clodsire|par\n|move|p2a: Clodsire|Earthquake|p1a: \u518dmiss\u8ba9\u4f60\u5403\u7206\u70b8\u70c8\u7130\n|-resisted|p1a: \u518dmiss\u8ba9\u4f60\u5403\u7206\u70b8\u70c8\u7130\n|-end|p1a: \u518dmiss\u8ba9\u4f60\u5403\u7206\u70b8\u70c8\u7130|Substitute\n|\n|-heal|p2a: Clodsire|100\/100 par|[from] item: Leftovers\n|upkeep\n|turn|10\n|\n|t:|1699704182\n|move|p1a: \u518dmiss\u8ba9\u4f60\u5403\u7206\u70b8\u70c8\u7130|Substitute|p1a: \u518dmiss\u8ba9\u4f60\u5403\u7206\u70b8\u70c8\u7130\n|-start|p1a: \u518dmiss\u8ba9\u4f60\u5403\u7206\u70b8\u70c8\u7130|Substitute\n|-damage|p1a: \u518dmiss\u8ba9\u4f60\u5403\u7206\u70b8\u70c8\u7130|76\/100\n|move|p2a: Clodsire|Toxic||[still]\n|-fail|p2a: Clodsire\n|\n|-heal|p1a: \u518dmiss\u8ba9\u4f60\u5403\u7206\u70b8\u70c8\u7130|82\/100|[from] item: Leftovers\n|upkeep\n|turn|11\n|\n|t:|1699704185\n|switch|p2a: Pyukumuku|Pyukumuku, M|100\/100\n|move|p1a: \u518dmiss\u8ba9\u4f60\u5403\u7206\u70b8\u70c8\u7130|Hidden Power|p2a: Pyukumuku\n|-resisted|p2a: Pyukumuku\n|-damage|p2a: Pyukumuku|94\/100\n|\n|-heal|p1a: \u518dmiss\u8ba9\u4f60\u5403\u7206\u70b8\u70c8\u7130|88\/100|[from] item: Leftovers\n|-heal|p2a: Pyukumuku|100\/100|[from] item: Leftovers\n|upkeep\n|turn|12\n|\n|t:|1699704191\n|-terastallize|p2a: Pyukumuku|Poison\n|move|p1a: \u518dmiss\u8ba9\u4f60\u5403\u7206\u70b8\u70c8\u7130|Glare|p2a: Pyukumuku\n|-status|p2a: Pyukumuku|par\n|move|p2a: Pyukumuku|Taunt|p1a: \u518dmiss\u8ba9\u4f60\u5403\u7206\u70b8\u70c8\u7130\n|-start|p1a: \u518dmiss\u8ba9\u4f60\u5403\u7206\u70b8\u70c8\u7130|move: Taunt\n|\n|-heal|p1a: \u518dmiss\u8ba9\u4f60\u5403\u7206\u70b8\u70c8\u7130|94\/100|[from] item: Leftovers\n|upkeep\n|turn|13\n|\n|t:|1699704196\n|move|p1a: \u518dmiss\u8ba9\u4f60\u5403\u7206\u70b8\u70c8\u7130|Hidden Power|p2a: Pyukumuku\n|-damage|p2a: Pyukumuku|90\/100 par\n|cant|p2a: Pyukumuku|par\n|\n|-heal|p1a: \u518dmiss\u8ba9\u4f60\u5403\u7206\u70b8\u70c8\u7130|100\/100|[from] item: Leftovers\n|-heal|p2a: Pyukumuku|96\/100 par|[from] item: Leftovers\n|upkeep\n|turn|14\n|\n|t:|1699704201\n|switch|p1a: \u7259\u5723\uff01|Great Tusk|100\/100\n|-damage|p1a: \u7259\u5723\uff01|98\/100|[from] Stealth Rock\n|-enditem|p1a: \u7259\u5723\uff01|Booster Energy\n|-activate|p1a: \u7259\u5723\uff01|ability: Protosynthesis|[fromitem]\n|-start|p1a: \u7259\u5723\uff01|protosynthesisspe\n|move|p2a: Pyukumuku|Mirror Coat||[still]\n|-fail|p2a: Pyukumuku\n|\n|-heal|p2a: Pyukumuku|100\/100 par|[from] item: Leftovers\n|upkeep\n|turn|15\n|\n|t:|1699704206\n|switch|p2a: Corviknight|Corviknight, M|100\/100\n|move|p1a: \u7259\u5723\uff01|Rapid Spin|p2a: Corviknight\n|-resisted|p2a: Corviknight\n|-damage|p2a: Corviknight|95\/100\n|-boost|p1a: \u7259\u5723\uff01|spe|1\n|-damage|p1a: \u7259\u5723\uff01|81\/100|[from] item: Rocky Helmet|[of] p2a: Corviknight\n|-sideend|p1: XYStarshone.\u6c34\u706b\u4fa0\u661f\u8000|Stealth Rock|[from] move: Rapid Spin|[of] p1a: \u7259\u5723\uff01\n|\n|upkeep\n|turn|16\n|\n|t:|1699704210\n|move|p1a: \u7259\u5723\uff01|Stealth Rock|p2a: Corviknight\n|-sidestart|p2: CheezeyMemes|move: Stealth Rock\n|move|p2a: Corviknight|Iron Defense|p2a: Corviknight\n|-boost|p2a: Corviknight|def|2\n|\n|upkeep\n|turn|17\n|\n|t:|1699704213\n|-end|p1a: \u7259\u5723\uff01|Protosynthesis|[silent]\n|switch|p1a: \u600e\u4e48\u6709\u6c34\u706b\u8fd9\u4e48\u5e05\u7684\u5b9d\u53ef\u68a6|Volcanion|100\/100\n|move|p2a: Corviknight|Defog|p1a: \u600e\u4e48\u6709\u6c34\u706b\u8fd9\u4e48\u5e05\u7684\u5b9d\u53ef\u68a6\n|-unboost|p1a: \u600e\u4e48\u6709\u6c34\u706b\u8fd9\u4e48\u5e05\u7684\u5b9d\u53ef\u68a6|evasion|1\n|-sideend|p2: CheezeyMemes|Stealth Rock|[from] move: Defog|[of] p2a: Corviknight\n|\n|upkeep\n|turn|18\n|\n|t:|1699704218\n|switch|p2a: Blissey|Blissey, F|92\/100\n|move|p1a: \u600e\u4e48\u6709\u6c34\u706b\u8fd9\u4e48\u5e05\u7684\u5b9d\u53ef\u68a6|Taunt|p2a: Blissey\n|-start|p2a: Blissey|move: Taunt\n|\n|-heal|p2a: Blissey|98\/100|[from] item: Leftovers\n|upkeep\n|turn|19\n|inactive|XYStarshone.\u6c34\u706b\u4fa0\u661f\u8000 has 120 seconds left.\n|\n|t:|1699704266\n|switch|p1a: \u518dmiss\u8ba9\u4f60\u5403\u6c34\u6d41\u8fde\u6253|Ceruledge, F|100\/100\n|switch|p2a: Pyukumuku|Pyukumuku, M, tera:Poison|100\/100 par\n|\n|upkeep\n|turn|20\n|\n|t:|1699704272\n|switch|p2a: Dondozo|Dondozo, M|100\/100\n|move|p1a: \u518dmiss\u8ba9\u4f60\u5403\u6c34\u6d41\u8fde\u6253|Poltergeist|p2a: Dondozo\n|-activate|p2a: Dondozo|move: Poltergeist|Covert Cloak\n|-damage|p2a: Dondozo|71\/100\n|\n|upkeep\n|turn|21\n|\n|t:|1699704282\n|switch|p1a: \u600e\u4e48\u6709\u6c34\u706b\u8fd9\u4e48\u5e05\u7684\u5b9d\u53ef\u68a6|Volcanion|100\/100\n|move|p2a: Dondozo|Curse|p2a: Dondozo\n|-unboost|p2a: Dondozo|spe|1\n|-boost|p2a: Dondozo|atk|1\n|-boost|p2a: Dondozo|def|1\n|\n|upkeep\n|turn|22\n|\n|t:|1699704286\n|move|p1a: \u600e\u4e48\u6709\u6c34\u706b\u8fd9\u4e48\u5e05\u7684\u5b9d\u53ef\u68a6|Earth Power|p2a: Dondozo\n|-damage|p2a: Dondozo|42\/100\n|move|p2a: Dondozo|Body Press|p1a: \u600e\u4e48\u6709\u6c34\u706b\u8fd9\u4e48\u5e05\u7684\u5b9d\u53ef\u68a6\n|-damage|p1a: \u600e\u4e48\u6709\u6c34\u706b\u8fd9\u4e48\u5e05\u7684\u5b9d\u53ef\u68a6|69\/100\n|\n|upkeep\n|turn|23\n|\n|t:|1699704292\n|switch|p2a: Blissey|Blissey, F|98\/100\n|move|p1a: \u600e\u4e48\u6709\u6c34\u706b\u8fd9\u4e48\u5e05\u7684\u5b9d\u53ef\u68a6|Earth Power|p2a: Blissey\n|-damage|p2a: Blissey|87\/100\n|\n|-heal|p2a: Blissey|93\/100|[from] item: Leftovers\n|upkeep\n|turn|24\n|\n|t:|1699704294\n|switch|p2a: Hatterene|Hatterene, F|100\/100\n|move|p1a: \u600e\u4e48\u6709\u6c34\u706b\u8fd9\u4e48\u5e05\u7684\u5b9d\u53ef\u68a6|Taunt|p2a: Hatterene\n|move|p2a: Hatterene|Taunt|p1a: \u600e\u4e48\u6709\u6c34\u706b\u8fd9\u4e48\u5e05\u7684\u5b9d\u53ef\u68a6|[from]ability: Magic Bounce\n|-start|p1a: \u600e\u4e48\u6709\u6c34\u706b\u8fd9\u4e48\u5e05\u7684\u5b9d\u53ef\u68a6|move: Taunt\n|\n|upkeep\n|turn|25\n|\n|t:|1699704297\n|switch|p2a: Blissey|Blissey, F|93\/100\n|move|p1a: \u600e\u4e48\u6709\u6c34\u706b\u8fd9\u4e48\u5e05\u7684\u5b9d\u53ef\u68a6|Steam Eruption|p2a: Blissey\n|-damage|p2a: Blissey|72\/100\n|\n|-heal|p2a: Blissey|79\/100|[from] item: Leftovers\n|upkeep\n|turn|26\n|\n|t:|1699704313\n|switch|p1a: \u7259\u5723\uff01|Great Tusk|81\/100\n|move|p2a: Blissey|Heal Bell|p2a: Blissey\n|-activate|p2a: Blissey|move: Heal Bell\n|-curestatus|p2: Pyukumuku|par|[msg]\n|-curestatus|p2: Clodsire|par|[msg]\n|\n|-heal|p2a: Blissey|85\/100|[from] item: Leftovers\n|upkeep\n|turn|27\n|\n|t:|1699704326\n|switch|p2a: Corviknight|Corviknight, M|95\/100\n|move|p1a: \u7259\u5723\uff01|Headlong Rush|p2a: Corviknight\n|-immune|p2a: Corviknight\n|\n|upkeep\n|turn|28\n|\n|t:|1699704337\n|-end|p1a: \u7259\u5723\uff01|Protosynthesis|[silent]\n|switch|p1a: \u600e\u4e48\u6709\u6c34\u706b\u8fd9\u4e48\u5e05\u7684\u5b9d\u53ef\u68a6|Volcanion|69\/100\n|move|p2a: Corviknight|Iron Defense|p2a: Corviknight\n|-boost|p2a: Corviknight|def|2\n|\n|upkeep\n|turn|29\n|\n|t:|1699704345\n|switch|p2a: Blissey|Blissey, F|85\/100\n|move|p1a: \u600e\u4e48\u6709\u6c34\u706b\u8fd9\u4e48\u5e05\u7684\u5b9d\u53ef\u68a6|Flamethrower|p2a: Blissey\n|-damage|p2a: Blissey|70\/100\n|\n|-heal|p2a: Blissey|76\/100|[from] item: Leftovers\n|upkeep\n|turn|30\n|\n|t:|1699704351\n|move|p1a: \u600e\u4e48\u6709\u6c34\u706b\u8fd9\u4e48\u5e05\u7684\u5b9d\u53ef\u68a6|Taunt|p2a: Blissey\n|-start|p2a: Blissey|move: Taunt\n|move|p2a: Blissey|Seismic Toss|p1a: \u600e\u4e48\u6709\u6c34\u706b\u8fd9\u4e48\u5e05\u7684\u5b9d\u53ef\u68a6\n|-damage|p1a: \u600e\u4e48\u6709\u6c34\u706b\u8fd9\u4e48\u5e05\u7684\u5b9d\u53ef\u68a6|38\/100\n|\n|-heal|p2a: Blissey|82\/100|[from] item: Leftovers\n|upkeep\n|turn|31\n|\n|t:|1699704370\n|move|p1a: \u600e\u4e48\u6709\u6c34\u706b\u8fd9\u4e48\u5e05\u7684\u5b9d\u53ef\u68a6|Earth Power|p2a: Blissey\n|-damage|p2a: Blissey|71\/100\n|move|p2a: Blissey|Seismic Toss|p1a: \u600e\u4e48\u6709\u6c34\u706b\u8fd9\u4e48\u5e05\u7684\u5b9d\u53ef\u68a6\n|-damage|p1a: \u600e\u4e48\u6709\u6c34\u706b\u8fd9\u4e48\u5e05\u7684\u5b9d\u53ef\u68a6|7\/100\n|\n|-heal|p2a: Blissey|77\/100|[from] item: Leftovers\n|upkeep\n|turn|32\n|\n|t:|1699704381\n|switch|p1a: \u518dmiss\u8ba9\u4f60\u5403\u661f\u788e|Banette, F, shiny|100\/100\n|-item|p2a: Blissey|Leftovers|[from] ability: Frisk|[of] p1a: \u518dmiss\u8ba9\u4f60\u5403\u661f\u788e|[identify]\n|move|p2a: Blissey|Seismic Toss|p1a: \u518dmiss\u8ba9\u4f60\u5403\u661f\u788e\n|-immune|p1a: \u518dmiss\u8ba9\u4f60\u5403\u661f\u788e\n|\n|-heal|p2a: Blissey|83\/100|[from] item: Leftovers\n|-end|p2a: Blissey|move: Taunt\n|upkeep\n|turn|33\n|\n|t:|1699704388\n|switch|p2a: Hatterene|Hatterene, F|100\/100\n|detailschange|p1a: \u518dmiss\u8ba9\u4f60\u5403\u661f\u788e|Banette-Mega, F, shiny\n|-mega|p1a: \u518dmiss\u8ba9\u4f60\u5403\u661f\u788e|Banette|Banettite\n|move|p1a: \u518dmiss\u8ba9\u4f60\u5403\u661f\u788e|Encore|p2a: Hatterene\n|move|p2a: Hatterene|Encore||[from]ability: Magic Bounce|[still]\n|-fail|p2a: Hatterene\n|\n|upkeep\n|turn|34\n|\n|t:|1699704396\n|switch|p2a: Dondozo|Dondozo, M|42\/100\n|move|p1a: \u518dmiss\u8ba9\u4f60\u5403\u661f\u788e|Poltergeist|p2a: Dondozo\n|-activate|p2a: Dondozo|move: Poltergeist|Covert Cloak\n|-damage|p2a: Dondozo|1\/100\n|\n|upkeep\n|turn|35\n|\n|t:|1699704400\n|move|p1a: \u518dmiss\u8ba9\u4f60\u5403\u661f\u788e|Shadow Sneak|p2a: Dondozo\n|-damage|p2a: Dondozo|0 fnt\n|faint|p2a: Dondozo\n|\n|upkeep\n|\n|t:|1699704405\n|switch|p2a: Clodsire|Clodsire, F|100\/100\n|turn|36\n|\n|t:|1699704409\n|move|p1a: \u518dmiss\u8ba9\u4f60\u5403\u661f\u788e|Poltergeist|p2a: Clodsire\n|-activate|p2a: Clodsire|move: Poltergeist|Leftovers\n|-damage|p2a: Clodsire|20\/100\n|move|p2a: Clodsire|Toxic|p1a: \u518dmiss\u8ba9\u4f60\u5403\u661f\u788e\n|-status|p1a: \u518dmiss\u8ba9\u4f60\u5403\u661f\u788e|tox\n|\n|-heal|p2a: Clodsire|27\/100|[from] item: Leftovers\n|-damage|p1a: \u518dmiss\u8ba9\u4f60\u5403\u661f\u788e|94\/100 tox|[from] psn\n|upkeep\n|turn|37\n|\n|t:|1699704421\n|switch|p1a: \u518d\u9ebb\u8ba9\u4f60\u5403\u5de8\u517d\u65a9|Iron Valiant, shiny|100\/100\n|-enditem|p1a: \u518d\u9ebb\u8ba9\u4f60\u5403\u5de8\u517d\u65a9|Booster Energy\n|-activate|p1a: \u518d\u9ebb\u8ba9\u4f60\u5403\u5de8\u517d\u65a9|ability: Quark Drive|[fromitem]\n|-start|p1a: \u518d\u9ebb\u8ba9\u4f60\u5403\u5de8\u517d\u65a9|quarkdrivespe\n|switch|p2a: Blissey|Blissey, F|83\/100\n|\n|-heal|p2a: Blissey|89\/100|[from] item: Leftovers\n|upkeep\n|turn|38\n|\n|t:|1699704430\n|switch|p2a: Pyukumuku|Pyukumuku, M, tera:Poison|100\/100\n|-terastallize|p1a: \u518d\u9ebb\u8ba9\u4f60\u5403\u5de8\u517d\u65a9|Steel\n|move|p1a: \u518d\u9ebb\u8ba9\u4f60\u5403\u5de8\u517d\u65a9|Swords Dance|p1a: \u518d\u9ebb\u8ba9\u4f60\u5403\u5de8\u517d\u65a9\n|-boost|p1a: \u518d\u9ebb\u8ba9\u4f60\u5403\u5de8\u517d\u65a9|atk|2\n|\n|upkeep\n|turn|39\n|\n|t:|1699704440\n|move|p1a: \u518d\u9ebb\u8ba9\u4f60\u5403\u5de8\u517d\u65a9|Knock Off|p2a: Pyukumuku\n|-damage|p2a: Pyukumuku|75\/100\n|-enditem|p2a: Pyukumuku|Leftovers|[from] move: Knock Off|[of] p1a: \u518d\u9ebb\u8ba9\u4f60\u5403\u5de8\u517d\u65a9\n|move|p2a: Pyukumuku|Counter|p1a: \u518d\u9ebb\u8ba9\u4f60\u5403\u5de8\u517d\u65a9\n|-damage|p1a: \u518d\u9ebb\u8ba9\u4f60\u5403\u5de8\u517d\u65a9|44\/100\n|\n|upkeep\n|turn|40\n|\n|t:|1699704446\n|move|p1a: \u518d\u9ebb\u8ba9\u4f60\u5403\u5de8\u517d\u65a9|Encore|p2a: Pyukumuku\n|-start|p2a: Pyukumuku|Encore\n|move|p2a: Pyukumuku|Counter||[still]\n|-fail|p2a: Pyukumuku\n|\n|upkeep\n|turn|41\n|\n|t:|1699704458\n|-end|p1a: \u518d\u9ebb\u8ba9\u4f60\u5403\u5de8\u517d\u65a9|Quark Drive|[silent]\n|switch|p1a: \u518dmiss\u8ba9\u4f60\u5403\u6c34\u6d41\u8fde\u6253|Ceruledge, F|100\/100\n|switch|p2a: Clodsire|Clodsire, F|27\/100\n|\n|-heal|p2a: Clodsire|33\/100|[from] item: Leftovers\n|upkeep\n|turn|42\n|\n|t:|1699704465\n|move|p1a: \u518dmiss\u8ba9\u4f60\u5403\u6c34\u6d41\u8fde\u6253|Poltergeist|p2a: Clodsire\n|-activate|p2a: Clodsire|move: Poltergeist|Leftovers\n|-damage|p2a: Clodsire|0 fnt\n|faint|p2a: Clodsire\n|\n|upkeep\n|\n|t:|1699704471\n|switch|p2a: Hatterene|Hatterene, F|100\/100\n|turn|43\n|\n|t:|1699704479\n|move|p1a: \u518dmiss\u8ba9\u4f60\u5403\u6c34\u6d41\u8fde\u6253|Poltergeist|p2a: Hatterene\n|-activate|p2a: Hatterene|move: Poltergeist|Leftovers\n|-supereffective|p2a: Hatterene\n|-damage|p2a: Hatterene|9\/100\n|move|p2a: Hatterene|Psyshock|p1a: \u518dmiss\u8ba9\u4f60\u5403\u6c34\u6d41\u8fde\u6253\n|-damage|p1a: \u518dmiss\u8ba9\u4f60\u5403\u6c34\u6d41\u8fde\u6253|50\/100\n|\n|-heal|p2a: Hatterene|15\/100|[from] item: Leftovers\n|upkeep\n|turn|44\n|-message|CheezeyMemes forfeited.\n|\n|win|XYStarshone.\u6c34\u706b\u4fa0\u661f\u8000\n|raw|XYStarshone.\u6c34\u706b\u4fa0\u661f\u8000's rating: 1447 &rarr; <strong>1470<\/strong><br \/>(+23 for winning)\n|raw|CheezeyMemes's rating: 1499 &rarr; <strong>1476<\/strong><br \/>(-23 for losing)\n|l|\u2606CheezeyMemes\n","uploadtime":1699704488,"views":8,"p1id":"xystarshone","p2id":"cheezeymemes","formatid":"gen9nationaldex","rating":1470,"private":0,"password":""}