{"id":"gen9nationaldex-1996055068","p1":"Wonderboye","p2":"Bekie","format":"[Gen 9] National Dex","log":"|html|<div class=\"broadcast-blue\"><strong>[Gen 9] National Dex is currently suspecting Sneasler! For information on how to participate check out the <a href=\"https:\/\/www.smogon.com\/forums\/threads\/sv-national-dex-suspect-8-just-dance.3731534\/\">suspect thread<\/a>.<\/strong><\/div>\n|j|\u2606Wonderboye\n|j|\u2606Bekie\n|t:|1700636417\n|gametype|singles\n|player|p1|Wonderboye|ethan|1290\n|player|p2|Bekie|preschooler|1319\n|teamsize|p1|6\n|teamsize|p2|6\n|gen|9\n|tier|[Gen 9] National Dex\n|rated|\n|rule|HP Percentage Mod: HP is shown in percentages\n|rule|Endless Battle Clause: Forcing endless battles is banned\n|rule|OHKO Clause: OHKO moves are banned\n|rule|Evasion Clause: Evasion abilities, items, and moves are banned\n|rule|Evasion Abilities Clause: Evasion abilities are banned\n|rule|Evasion Items Clause: Evasion items are banned\n|rule|Evasion Moves Clause: Evasion moves are banned\n|rule|Species Clause: Limit one of each Pok\u00e9mon\n|rule|Sleep Clause Mod: Limit one foe put to sleep\n|clearpoke\n|poke|p1|Pelipper, F|\n|poke|p1|Swampert, M|\n|poke|p1|Ferrothorn, F|\n|poke|p1|Urshifu-*, M|\n|poke|p1|Tapu Koko|\n|poke|p1|Iron Jugulis|\n|poke|p2|Lopunny, F|\n|poke|p2|Dragonite, F|\n|poke|p2|Glimmora, F|\n|poke|p2|Empoleon, M|\n|poke|p2|Landorus-Therian, M|\n|poke|p2|Heatran, F|\n|teampreview\n|\n|t:|1700636427\n|start\n|switch|p1a: Pelipper|Pelipper, F|100\/100\n|switch|p2a: Lopunny|Lopunny, F, shiny|100\/100\n|-weather|RainDance|[from] ability: Drizzle|[of] p1a: Pelipper\n|turn|1\n|\n|t:|1700636440\n|detailschange|p2a: Lopunny|Lopunny-Mega, F, shiny\n|-mega|p2a: Lopunny|Lopunny|Lopunnite\n|move|p2a: Lopunny|Fake Out|p1a: Pelipper\n|-damage|p1a: Pelipper|84\/100\n|cant|p1a: Pelipper|flinch\n|\n|-weather|RainDance|[upkeep]\n|upkeep\n|turn|2\n|\n|t:|1700636452\n|move|p2a: Lopunny|Protect|p2a: Lopunny\n|-singleturn|p2a: Lopunny|Protect\n|move|p1a: Pelipper|Scald|p2a: Lopunny\n|-activate|p2a: Lopunny|move: Protect\n|\n|-weather|RainDance|[upkeep]\n|upkeep\n|turn|3\n|\n|t:|1700636460\n|move|p2a: Lopunny|U-turn|p1a: Pelipper\n|-resisted|p1a: Pelipper\n|-damage|p1a: Pelipper|75\/100\n|\n|t:|1700636465\n|switch|p2a: Dragonite|Dragonite, F, shiny|100\/100|[from] U-turn\n|move|p1a: Pelipper|U-turn|p2a: Dragonite\n|-resisted|p2a: Dragonite\n|-damage|p2a: Dragonite|98\/100\n|\n|t:|1700636477\n|switch|p1a: Tapu Koko|Tapu Koko|100\/100|[from] U-turn\n|-fieldstart|move: Electric Terrain|[from] ability: Electric Surge|[of] p1a: Tapu Koko\n|\n|-weather|RainDance|[upkeep]\n|-heal|p2a: Dragonite|100\/100|[from] item: Leftovers\n|upkeep\n|turn|4\n|\n|t:|1700636495\n|move|p2a: Dragonite|Protect|p2a: Dragonite\n|-singleturn|p2a: Dragonite|Protect\n|move|p1a: Tapu Koko|Thunder|p2a: Dragonite\n|-activate|p2a: Dragonite|move: Protect\n|\n|-weather|RainDance|[upkeep]\n|upkeep\n|turn|5\n|\n|t:|1700636505\n|switch|p2a: Landorus|Landorus-Therian, M|100\/100\n|-ability|p2a: Landorus|Intimidate|boost\n|-unboost|p1a: Tapu Koko|atk|1\n|move|p1a: Tapu Koko|U-turn|p2a: Landorus\n|-resisted|p2a: Landorus\n|-crit|p2a: Landorus\n|-damage|p2a: Landorus|87\/100\n|\n|t:|1700636516\n|switch|p1a: Swampert|Swampert, M|100\/100|[from] U-turn\n|\n|-weather|RainDance|[upkeep]\n|upkeep\n|turn|6\n|\n|t:|1700636526\n|switch|p2a: Empoleon|Empoleon, M, shiny|100\/100\n|detailschange|p1a: Swampert|Swampert-Mega, M\n|-mega|p1a: Swampert|Swampert|Swampertite\n|move|p1a: Swampert|Liquidation|p2a: Empoleon\n|-resisted|p2a: Empoleon\n|-damage|p2a: Empoleon|68\/100\n|-damage|p1a: Swampert|84\/100|[from] item: Rocky Helmet|[of] p2a: Empoleon\n|\n|-weather|RainDance|[upkeep]\n|upkeep\n|turn|7\n|\n|t:|1700636552\n|-terastallize|p2a: Empoleon|Flying\n|move|p1a: Swampert|Earthquake|p2a: Empoleon\n|-immune|p2a: Empoleon\n|move|p2a: Empoleon|Ice Beam|p1a: Swampert\n|-damage|p1a: Swampert|60\/100\n|\n|-weather|RainDance|[upkeep]\n|-fieldend|move: Electric Terrain\n|upkeep\n|turn|8\n|\n|t:|1700636565\n|switch|p2a: Glimmora|Glimmora, F, shiny|100\/100\n|move|p1a: Swampert|Stealth Rock|p2a: Glimmora\n|-sidestart|p2: Bekie|move: Stealth Rock\n|\n|-weather|none\n|upkeep\n|turn|9\n|\n|t:|1700636573\n|move|p2a: Glimmora|Mortal Spin|p1a: Swampert\n|-resisted|p1a: Swampert\n|-damage|p1a: Swampert|57\/100\n|-status|p1a: Swampert|psn\n|-sideend|p2: Bekie|Stealth Rock|[from] move: Mortal Spin|[of] p2a: Glimmora\n|move|p1a: Swampert|Flip Turn|p2a: Glimmora\n|-supereffective|p2a: Glimmora\n|-damage|p2a: Glimmora|22\/100\n|-activate|p2a: Glimmora|ability: Toxic Debris\n|-sidestart|p1: Wonderboye|move: Toxic Spikes\n|\n|t:|1700636585\n|switch|p1a: Pelipper|Pelipper, F|75\/100|[from] Flip Turn\n|-weather|RainDance|[from] ability: Drizzle|[of] p1a: Pelipper\n|\n|-weather|RainDance|[upkeep]\n|upkeep\n|turn|10\n|\n|t:|1700636598\n|move|p2a: Glimmora|Stealth Rock|p1a: Pelipper\n|-sidestart|p1: Wonderboye|move: Stealth Rock\n|move|p1a: Pelipper|Scald|p2a: Glimmora\n|-supereffective|p2a: Glimmora\n|-damage|p2a: Glimmora|0 fnt\n|faint|p2a: Glimmora\n|\n|-weather|RainDance|[upkeep]\n|upkeep\n|\n|t:|1700636605\n|switch|p2a: Lopunny|Lopunny-Mega, F, shiny|100\/100\n|turn|11\n|\n|t:|1700636613\n|switch|p1a: Swampert|Swampert-Mega, M|57\/100 psn\n|-damage|p1a: Swampert|51\/100 psn|[from] Stealth Rock\n|move|p2a: Lopunny|Fake Out|p1a: Swampert\n|-damage|p1a: Swampert|29\/100 psn\n|\n|-weather|RainDance|[upkeep]\n|-damage|p1a: Swampert|17\/100 psn|[from] psn\n|upkeep\n|turn|12\n|\n|t:|1700636626\n|switch|p1a: Tapu Koko|Tapu Koko|100\/100\n|-fieldstart|move: Electric Terrain|[from] ability: Electric Surge|[of] p1a: Tapu Koko\n|move|p2a: Lopunny|Protect||[still]\n|-fail|p2a: Lopunny\n|\n|-weather|RainDance|[upkeep]\n|upkeep\n|turn|13\n|\n|t:|1700636639\n|switch|p2a: Heatran|Heatran, F|100\/100\n|move|p1a: Tapu Koko|U-turn|p2a: Heatran\n|-resisted|p2a: Heatran\n|-damage|p2a: Heatran|97\/100\n|\n|t:|1700636645\n|switch|p1a: THE|Iron Jugulis|100\/100|[from] U-turn\n|-damage|p1a: THE|76\/100|[from] Stealth Rock\n|-activate|p1a: THE|ability: Quark Drive\n|-start|p1a: THE|quarkdrivespe\n|\n|-weather|RainDance|[upkeep]\n|upkeep\n|turn|14\n|\n|t:|1700636662\n|-terastallize|p1a: THE|Water\n|move|p1a: THE|Hydro Pump|p2a: Heatran\n|-supereffective|p2a: Heatran\n|-damage|p2a: Heatran|0 fnt\n|faint|p2a: Heatran\n|\n|-weather|RainDance|[upkeep]\n|upkeep\n|\n|t:|1700636672\n|switch|p2a: Dragonite|Dragonite, F, shiny|100\/100\n|turn|15\n|\n|t:|1700636685\n|move|p1a: THE|Hydro Pump|p2a: Dragonite\n|-resisted|p2a: Dragonite\n|-damage|p2a: Dragonite|72\/100\n|move|p2a: Dragonite|Fire Spin|p1a: THE\n|-resisted|p1a: THE\n|-damage|p1a: THE|73\/100\n|-activate|p1a: THE|move: Fire Spin|[of] p2a: Dragonite\n|\n|-weather|RainDance|[upkeep]\n|-heal|p2a: Dragonite|78\/100|[from] item: Leftovers\n|-damage|p1a: THE|61\/100|[from] move: Fire Spin|[partiallytrapped]\n|upkeep\n|turn|16\n|\n|t:|1700636698\n|move|p2a: Dragonite|Protect|p2a: Dragonite\n|-singleturn|p2a: Dragonite|Protect\n|move|p1a: THE|Hydro Pump|p2a: Dragonite\n|-activate|p2a: Dragonite|move: Protect\n|\n|-weather|none\n|-heal|p2a: Dragonite|84\/100|[from] item: Leftovers\n|-damage|p1a: THE|48\/100|[from] move: Fire Spin|[partiallytrapped]\n|-fieldend|move: Electric Terrain\n|-end|p1a: THE|Quark Drive\n|upkeep\n|turn|17\n|\n|t:|1700636710\n|move|p1a: THE|Hydro Pump|p2a: Dragonite|[miss]\n|-miss|p1a: THE|p2a: Dragonite\n|move|p2a: Dragonite|Air Slash|p1a: THE\n|-damage|p1a: THE|14\/100\n|\n|-heal|p2a: Dragonite|91\/100|[from] item: Leftovers\n|-damage|p1a: THE|1\/100|[from] move: Fire Spin|[partiallytrapped]\n|upkeep\n|turn|18\n|\n|t:|1700636721\n|move|p2a: Dragonite|Protect|p2a: Dragonite\n|-singleturn|p2a: Dragonite|Protect\n|move|p1a: THE|Hydro Pump|p2a: Dragonite\n|-activate|p2a: Dragonite|move: Protect\n|\n|-heal|p2a: Dragonite|97\/100|[from] item: Leftovers\n|-damage|p1a: THE|0 fnt|[from] move: Fire Spin|[partiallytrapped]\n|faint|p1a: THE\n|-end|p1a: THE|Quark Drive|[silent]\n|upkeep\n|inactive|Battle timer is ON: inactive players will automatically lose when time's up. (requested by Bekie)\n|\n|t:|1700636777\n|switch|p1a: Ferrothorn|Ferrothorn, F|100\/100\n|-damage|p1a: Ferrothorn|94\/100|[from] Stealth Rock\n|turn|19\n|\n|t:|1700636787\n|move|p2a: Dragonite|Protect|p2a: Dragonite\n|-singleturn|p2a: Dragonite|Protect\n|move|p1a: Ferrothorn|Toxic|p2a: Dragonite\n|-activate|p2a: Dragonite|move: Protect\n|\n|-heal|p2a: Dragonite|100\/100|[from] item: Leftovers\n|-heal|p1a: Ferrothorn|100\/100|[from] item: Leftovers\n|upkeep\n|turn|20\n|\n|t:|1700636801\n|move|p2a: Dragonite|Fire Spin|p1a: Ferrothorn\n|-supereffective|p1a: Ferrothorn\n|-damage|p1a: Ferrothorn|70\/100\n|-activate|p1a: Ferrothorn|move: Fire Spin|[of] p2a: Dragonite\n|move|p1a: Ferrothorn|Iron Defense|p1a: Ferrothorn\n|-boost|p1a: Ferrothorn|def|2\n|\n|-heal|p1a: Ferrothorn|76\/100|[from] item: Leftovers\n|-damage|p1a: Ferrothorn|64\/100|[from] move: Fire Spin|[partiallytrapped]\n|upkeep\n|turn|21\n|\n|t:|1700636814\n|move|p2a: Dragonite|Fire Spin|p1a: Ferrothorn\n|-supereffective|p1a: Ferrothorn\n|-damage|p1a: Ferrothorn|33\/100\n|move|p1a: Ferrothorn|Iron Defense|p1a: Ferrothorn\n|-boost|p1a: Ferrothorn|def|2\n|\n|-heal|p1a: Ferrothorn|39\/100|[from] item: Leftovers\n|-damage|p1a: Ferrothorn|27\/100|[from] move: Fire Spin|[partiallytrapped]\n|upkeep\n|turn|22\n|\n|t:|1700636825\n|move|p2a: Dragonite|Fire Spin|p1a: Ferrothorn\n|-supereffective|p1a: Ferrothorn\n|-damage|p1a: Ferrothorn|0 fnt\n|faint|p1a: Ferrothorn\n|\n|upkeep\n|\n|t:|1700636836\n|switch|p1a: Pelipper|Pelipper, F|75\/100\n|-damage|p1a: Pelipper|50\/100|[from] Stealth Rock\n|-weather|RainDance|[from] ability: Drizzle|[of] p1a: Pelipper\n|turn|23\n|\n|t:|1700636849\n|switch|p1a: Urshifu|Urshifu-Rapid-Strike, M|100\/100\n|-status|p1a: Urshifu|psn\n|-damage|p1a: Urshifu|94\/100 psn|[from] Stealth Rock\n|move|p2a: Dragonite|Protect||[still]\n|-fail|p2a: Dragonite\n|\n|-weather|RainDance|[upkeep]\n|-damage|p1a: Urshifu|82\/100 psn|[from] psn\n|upkeep\n|turn|24\n|\n|t:|1700636860\n|move|p1a: Urshifu|Swords Dance|p1a: Urshifu\n|-boost|p1a: Urshifu|atk|2\n|move|p2a: Dragonite|Air Slash|p1a: Urshifu\n|-supereffective|p1a: Urshifu\n|-damage|p1a: Urshifu|8\/100 psn\n|\n|-weather|RainDance|[upkeep]\n|-damage|p1a: Urshifu|0 fnt|[from] psn\n|faint|p1a: Urshifu\n|upkeep\n|-message|Wonderboye forfeited.\n|\n|win|Bekie\n|raw|Wonderboye's rating: 1290 &rarr; <strong>1267<\/strong><br \/>(-23 for losing)\n|raw|Bekie's rating: 1319 &rarr; <strong>1337<\/strong><br \/>(+18 for winning)\n|l|\u2606Wonderboye\n","uploadtime":1700636880,"views":0,"p1id":"wonderboye","p2id":"bekie","formatid":"gen9nationaldex","rating":1267,"private":0,"password":""}