{"id":"gen9nationaldex-1992067939","p1":"Jadii_Xii","p2":"Luffyfou","format":"[Gen 9] National Dex","log":"|j|\u2606Jadii_Xii\n|j|\u2606Luffyfou\n|t:|1700152384\n|gametype|singles\n|player|p1|Jadii_Xii|aaron|1360\n|player|p2|Luffyfou|ingo|1372\n|teamsize|p1|6\n|teamsize|p2|6\n|gen|9\n|tier|[Gen 9] National Dex\n|rated|\n|rule|HP Percentage Mod: HP is shown in percentages\n|rule|Endless Battle Clause: Forcing endless battles is banned\n|rule|OHKO Clause: OHKO moves are banned\n|rule|Evasion Clause: Evasion abilities, items, and moves are banned\n|rule|Evasion Abilities Clause: Evasion abilities are banned\n|rule|Evasion Items Clause: Evasion items are banned\n|rule|Evasion Moves Clause: Evasion moves are banned\n|rule|Species Clause: Limit one of each Pok\u00e9mon\n|rule|Sleep Clause Mod: Limit one foe put to sleep\n|clearpoke\n|poke|p1|Urshifu-*, M|\n|poke|p1|Togekiss, F|\n|poke|p1|Porygon-Z|\n|poke|p1|Gengar, F|\n|poke|p1|Garchomp, M|\n|poke|p1|Volcarona, M|\n|poke|p2|Landorus-Therian, M|\n|poke|p2|Kommo-o, F|\n|poke|p2|Victini|\n|poke|p2|Slowking, F|\n|poke|p2|Amoonguss, F|\n|poke|p2|Lopunny, F|\n|teampreview\n|inactive|Battle timer is ON: inactive players will automatically lose when time's up. (requested by Jadii_Xii)\n|\n|t:|1700152402\n|start\n|switch|p1a: Garchomp|Garchomp, M|100\/100\n|switch|p2a: Lopunny|Lopunny, F|100\/100\n|turn|1\n|\n|t:|1700152405\n|switch|p1a: Volcarona|Volcarona, M|100\/100\n|detailschange|p2a: Lopunny|Lopunny-Mega, F\n|-mega|p2a: Lopunny|Lopunny|Lopunnite\n|move|p2a: Lopunny|Triple Axel|p1a: Volcarona|[miss]\n|-miss|p2a: Lopunny|p1a: Volcarona\n|\n|upkeep\n|turn|2\n|\n|t:|1700152415\n|move|p2a: Lopunny|Return|p1a: Volcarona\n|-damage|p1a: Volcarona|24\/100\n|-status|p2a: Lopunny|brn|[from] ability: Flame Body|[of] p1a: Volcarona\n|move|p1a: Volcarona|Quiver Dance|p1a: Volcarona\n|-boost|p1a: Volcarona|spa|1\n|-boost|p1a: Volcarona|spd|1\n|-boost|p1a: Volcarona|spe|1\n|\n|-damage|p2a: Lopunny|94\/100 brn|[from] brn\n|upkeep\n|turn|3\n|\n|t:|1700152426\n|switch|p2a: Landorus|Landorus-Therian, M|100\/100\n|-ability|p2a: Landorus|Intimidate|boost\n|-unboost|p1a: Volcarona|atk|1\n|move|p1a: Volcarona|Fiery Dance|p2a: Landorus\n|-damage|p2a: Landorus|32\/100\n|\n|upkeep\n|turn|4\n|\n|t:|1700152436\n|move|p1a: Volcarona|Fiery Dance|p2a: Landorus\n|-damage|p2a: Landorus|0 fnt\n|-boost|p1a: Volcarona|spa|1\n|faint|p2a: Landorus\n|\n|upkeep\n|\n|t:|1700152438\n|switch|p2a: Lopunny|Lopunny-Mega, F|94\/100 brn\n|turn|5\n|\n|t:|1700152440\n|move|p2a: Lopunny|Fake Out|p1a: Volcarona\n|-damage|p1a: Volcarona|10\/100\n|cant|p1a: Volcarona|flinch\n|\n|-damage|p2a: Lopunny|88\/100 brn|[from] brn\n|upkeep\n|turn|6\n|j| Mixlus pi\n|\n|t:|1700152451\n|switch|p2a: Slowking|Slowking, F|100\/100\n|move|p1a: Volcarona|Roost|p1a: Volcarona\n|-heal|p1a: Volcarona|60\/100\n|-singleturn|p1a: Volcarona|move: Roost\n|\n|upkeep\n|turn|7\n|\n|t:|1700152455\n|move|p1a: Volcarona|Bug Buzz|p2a: Slowking\n|-supereffective|p2a: Slowking\n|-damage|p2a: Slowking|3\/100\n|move|p2a: Slowking|Trick|p1a: Volcarona\n|-activate|p2a: Slowking|move: Trick|[of] p1a: Volcarona\n|-item|p1a: Volcarona|Choice Specs|[from] move: Trick\n|-item|p2a: Slowking|Heavy-Duty Boots|[from] move: Trick\n|\n|upkeep\n|turn|8\n|\n|t:|1700152467\n|switch|p2a: Amoonguss|Amoonguss, F|100\/100\n|move|p1a: Volcarona|Fiery Dance|p2a: Amoonguss\n|-supereffective|p2a: Amoonguss\n|-damage|p2a: Amoonguss|0 fnt\n|-boost|p1a: Volcarona|spa|1\n|faint|p2a: Amoonguss\n|\n|upkeep\n|-message|Luffyfou forfeited.\n|\n|win|Jadii_Xii\n|raw|Jadii_Xii's rating: 1360 &rarr; <strong>1381<\/strong><br \/>(+21 for winning)\n|raw|Luffyfou's rating: 1372 &rarr; <strong>1351<\/strong><br \/>(-21 for losing)\n|l|\u2606Luffyfou\n|c|\u2606Jadii_Xii|nice\n","uploadtime":1700152493,"views":5,"p1id":"jadiixii","p2id":"luffyfou","formatid":"gen9nationaldex","rating":1351,"private":0,"password":""}