{"id":"gen9nationaldex-1995549131","p1":"kingcow_thegoat","p2":"YaBoiCrim","format":"[Gen 9] National Dex","log":"|html|<div class=\"broadcast-blue\"><strong>[Gen 9] National Dex is currently suspecting Sneasler! For information on how to participate check out the <a href=\"https:\/\/www.smogon.com\/forums\/threads\/sv-national-dex-suspect-8-just-dance.3731534\/\">suspect thread<\/a>.<\/strong><\/div>\n|j|\u2606kingcow_thegoat\n|j|\u2606YaBoiCrim\n|t:|1700581935\n|gametype|singles\n|player|p1|kingcow_thegoat|1|\n|player|p2|YaBoiCrim|riley|\n|teamsize|p1|6\n|teamsize|p2|6\n|gen|9\n|tier|[Gen 9] National Dex\n|rule|HP Percentage Mod: HP is shown in percentages\n|rule|Endless Battle Clause: Forcing endless battles is banned\n|rule|OHKO Clause: OHKO moves are banned\n|rule|Evasion Clause: Evasion abilities, items, and moves are banned\n|rule|Evasion Abilities Clause: Evasion abilities are banned\n|rule|Evasion Items Clause: Evasion items are banned\n|rule|Evasion Moves Clause: Evasion moves are banned\n|rule|Species Clause: Limit one of each Pok\u00e9mon\n|rule|Sleep Clause Mod: Limit one foe put to sleep\n|clearpoke\n|poke|p1|Tapu Bulu|\n|poke|p1|Sneasler, M|\n|poke|p1|Milotic, M|\n|poke|p1|Ninetales-Alola, F|\n|poke|p1|Toxapex, M|\n|poke|p1|Lopunny, M|\n|poke|p2|Sableye, M|\n|poke|p2|Froslass, F|\n|poke|p2|Oricorio-Sensu, F|\n|poke|p2|Gengar, M|\n|poke|p2|Zoroark-Hisui, M|\n|poke|p2|Banette, F|\n|teampreview\n|c|\u2606kingcow_thegoat|glhf\n|\n|t:|1700581946\n|start\n|switch|p1a: Tapu Bulu|Tapu Bulu|100\/100\n|switch|p2a: Froslass|Froslass, F|100\/100\n|-fieldstart|move: Grassy Terrain|[from] ability: Grassy Surge|[of] p1a: Tapu Bulu\n|turn|1\n|c|\u2606YaBoiCrim|u 2\n|\n|t:|1700581955\n|move|p2a: Froslass|Taunt|p1a: Tapu Bulu\n|-start|p1a: Tapu Bulu|move: Taunt\n|move|p1a: Tapu Bulu|Horn Leech|p2a: Froslass\n|-enditem|p2a: Froslass|Focus Sash\n|-damage|p2a: Froslass|1\/100\n|-start|p1a: Tapu Bulu|Disable|Horn Leech|[from] ability: Cursed Body|[of] p2a: Froslass\n|\n|-heal|p2a: Froslass|7\/100|[from] Grassy Terrain\n|upkeep\n|turn|2\n|c|\u2606kingcow_thegoat|really?\n|\n|t:|1700581964\n|move|p2a: Froslass|Destiny Bond|p2a: Froslass\n|-singlemove|p2a: Froslass|Destiny Bond\n|-activate|p1a: Tapu Bulu|move: Struggle\n|move|p1a: Tapu Bulu|Struggle|p2a: Froslass\n|-damage|p2a: Froslass|0 fnt\n|faint|p2a: Froslass\n|-activate|p2a: Froslass|move: Destiny Bond\n|faint|p1a: Tapu Bulu\n|\n|upkeep\n|\n|t:|1700582002\n|switch|p2a: Oricorio|Oricorio-Sensu, F, shiny|100\/100\n|switch|p1a: Milotic|Milotic, M|100\/100\n|turn|3\n|\n|t:|1700582008\n|move|p2a: Oricorio|Quiver Dance|p2a: Oricorio\n|-boost|p2a: Oricorio|spa|1\n|-boost|p2a: Oricorio|spd|1\n|-boost|p2a: Oricorio|spe|1\n|move|p1a: Milotic|Toxic|p2a: Oricorio|[miss]\n|-miss|p1a: Milotic|p2a: Oricorio\n|\n|-status|p1a: Milotic|brn|[from] item: Flame Orb\n|upkeep\n|turn|4\n|c|\u2606kingcow_thegoat|why?\n|\n|t:|1700582017\n|move|p2a: Oricorio|Quiver Dance|p2a: Oricorio\n|-boost|p2a: Oricorio|spa|1\n|-boost|p2a: Oricorio|spd|1\n|-boost|p2a: Oricorio|spe|1\n|move|p1a: Milotic|Toxic|p2a: Oricorio\n|-status|p2a: Oricorio|tox\n|\n|-damage|p2a: Oricorio|94\/100 tox|[from] psn\n|-damage|p1a: Milotic|94\/100 brn|[from] brn\n|upkeep\n|turn|5\n|\n|t:|1700582030\n|move|p2a: Oricorio|Revelation Dance|p1a: Milotic\n|-damage|p1a: Milotic|37\/100 brn\n|move|p1a: Milotic|Recover|p1a: Milotic\n|-heal|p1a: Milotic|87\/100 brn\n|\n|-heal|p1a: Milotic|93\/100 brn|[from] Grassy Terrain\n|-damage|p2a: Oricorio|82\/100 tox|[from] psn\n|-damage|p1a: Milotic|87\/100 brn|[from] brn\n|-fieldend|move: Grassy Terrain\n|upkeep\n|turn|6\n|\n|t:|1700582038\n|move|p2a: Oricorio|Revelation Dance|p1a: Milotic\n|-damage|p1a: Milotic|31\/100 brn\n|move|p1a: Milotic|Scald|p2a: Oricorio\n|-damage|p2a: Oricorio|55\/100 tox\n|\n|-damage|p2a: Oricorio|37\/100 tox|[from] psn\n|-damage|p1a: Milotic|25\/100 brn|[from] brn\n|upkeep\n|turn|7\n|\n|t:|1700582042\n|move|p2a: Oricorio|Revelation Dance|p1a: Milotic\n|-damage|p1a: Milotic|0 fnt\n|faint|p1a: Milotic\n|\n|-damage|p2a: Oricorio|12\/100 tox|[from] psn\n|upkeep\n|\n|t:|1700582047\n|switch|p1a: Toxapex|Toxapex, M|100\/100\n|turn|8\n|\n|t:|1700582054\n|move|p1a: Toxapex|Baneful Bunker|p1a: Toxapex\n|-singleturn|p1a: Toxapex|move: Protect\n|move|p2a: Oricorio|Hurricane|p1a: Toxapex\n|-activate|p1a: Toxapex|move: Protect\n|\n|-damage|p2a: Oricorio|0 fnt|[from] psn\n|faint|p2a: Oricorio\n|upkeep\n|\n|t:|1700582069\n|switch|p2a: Sableye|Sableye, M, shiny|100\/100\n|turn|9\n|\n|t:|1700582074\n|move|p2a: Sableye|Thunder Wave|p1a: Toxapex\n|-status|p1a: Toxapex|par\n|cant|p1a: Toxapex|par\n|\n|upkeep\n|turn|10\n|\n|t:|1700582082\n|switch|p2a: Banette|Banette, F, shiny|100\/100\n|-item|p1a: Toxapex|Leftovers|[from] ability: Frisk|[of] p2a: Banette|[identify]\n|move|p1a: Toxapex|Toxic|p2a: Banette\n|-status|p2a: Banette|tox\n|\n|-damage|p2a: Banette|94\/100 tox|[from] psn\n|upkeep\n|turn|11\n|\n|t:|1700582088\n|detailschange|p2a: Banette|Banette-Mega, F, shiny\n|-mega|p2a: Banette|Banette|Banettite\n|move|p2a: Banette|Encore|p1a: Toxapex\n|-start|p1a: Toxapex|Encore\n|move|p1a: Toxapex|Toxic|p2a: Banette\n|-fail|p2a: Banette|tox\n|\n|-damage|p2a: Banette|82\/100 tox|[from] psn\n|upkeep\n|turn|12\n|\n|t:|1700582097\n|switch|p1a: Lopunny|Lopunny, M|100\/100\n|move|p2a: Banette|Poltergeist|p1a: Lopunny\n|-immune|p1a: Lopunny\n|\n|-damage|p2a: Banette|64\/100 tox|[from] psn\n|upkeep\n|turn|13\n|c|\u2606YaBoiCrim|im an idiot\n|c|\u2606YaBoiCrim|i called it\n|c|\u2606YaBoiCrim|lol\n|\n|t:|1700582108\n|detailschange|p1a: Lopunny|Lopunny-Mega, M\n|-mega|p1a: Lopunny|Lopunny|Lopunnite\n|move|p1a: Lopunny|Fake Out|p2a: Banette\n|-damage|p2a: Banette|38\/100 tox\n|cant|p2a: Banette|flinch\n|\n|-damage|p2a: Banette|14\/100 tox|[from] psn\n|upkeep\n|turn|14\n|\n|t:|1700582120\n|switch|p1a: Toxapex|Toxapex, M|100\/100 par\n|move|p2a: Banette|Destiny Bond|p2a: Banette\n|-singlemove|p2a: Banette|Destiny Bond\n|\n|-damage|p2a: Banette|0 fnt|[from] psn\n|faint|p2a: Banette\n|upkeep\n|\n|t:|1700582130\n|switch|p2a: Sableye|Sableye, M, shiny|100\/100\n|turn|15\n|c|\u2606kingcow_thegoat|prankster destiny bond\n|\n|t:|1700582142\n|move|p2a: Sableye|Shadow Ball|p1a: Toxapex\n|-damage|p1a: Toxapex|68\/100 par\n|move|p1a: Toxapex|Toxic|p2a: Sableye\n|-status|p2a: Sableye|tox\n|\n|-heal|p1a: Toxapex|74\/100 par|[from] item: Leftovers\n|-damage|p2a: Sableye|95\/100 tox|[from] psn\n|upkeep\n|turn|16\n|\n|t:|1700582147\n|move|p1a: Toxapex|Baneful Bunker|p1a: Toxapex\n|-singleturn|p1a: Toxapex|move: Protect\n|move|p2a: Sableye|Shadow Ball|p1a: Toxapex\n|-activate|p1a: Toxapex|move: Protect\n|\n|-heal|p1a: Toxapex|80\/100 par|[from] item: Leftovers\n|-damage|p2a: Sableye|83\/100 tox|[from] psn\n|upkeep\n|turn|17\n|\n|t:|1700582150\n|replace|p2a: Zoroark|Zoroark-Hisui, M, shiny\n|-end|p2a: Zoroark|Illusion\n|-zpower|p2a: Zoroark\n|move|p2a: Zoroark|Breakneck Blitz|p1a: Toxapex|[zeffect]\n|-damage|p1a: Toxapex|12\/100 par\n|cant|p1a: Toxapex|par\n|\n|-heal|p1a: Toxapex|18\/100 par|[from] item: Leftovers\n|-damage|p2a: Zoroark|65\/100 tox|[from] psn\n|upkeep\n|turn|18\n|\n|t:|1700582161\n|move|p2a: Zoroark|Shadow Ball|p1a: Toxapex\n|-crit|p1a: Toxapex\n|-damage|p1a: Toxapex|0 fnt\n|faint|p1a: Toxapex\n|\n|-damage|p2a: Zoroark|41\/100 tox|[from] psn\n|upkeep\n|\n|t:|1700582167\n|switch|p1a: Lopunny|Lopunny-Mega, M|100\/100\n|turn|19\n|\n|t:|1700582171\n|switch|p2a: Sableye|Sableye, M, shiny|100\/100\n|move|p1a: Lopunny|Fake Out|p2a: Sableye\n|-crit|p2a: Sableye\n|-damage|p2a: Sableye|58\/100\n|\n|upkeep\n|turn|20\n|\n|t:|1700582174\n|move|p2a: Sableye|Recover|p2a: Sableye\n|-heal|p2a: Sableye|100\/100\n|move|p1a: Lopunny|Close Combat|p2a: Sableye\n|-supereffective|p2a: Sableye\n|-enditem|p2a: Sableye|Focus Sash\n|-damage|p2a: Sableye|1\/100\n|-unboost|p1a: Lopunny|def|1\n|-unboost|p1a: Lopunny|spd|1\n|\n|upkeep\n|turn|21\n|\n|t:|1700582178\n|move|p2a: Sableye|Will-O-Wisp|p1a: Lopunny\n|-status|p1a: Lopunny|brn\n|move|p1a: Lopunny|Close Combat|p2a: Sableye\n|-supereffective|p2a: Sableye\n|-damage|p2a: Sableye|0 fnt\n|-unboost|p1a: Lopunny|def|1\n|-unboost|p1a: Lopunny|spd|1\n|faint|p2a: Sableye\n|\n|-damage|p1a: Lopunny|95\/100 brn|[from] brn\n|upkeep\n|\n|t:|1700582182\n|switch|p2a: Gengar|Gengar, M, shiny|100\/100\n|turn|22\n|\n|t:|1700582193\n|switch|p1a: Ninetales|Ninetales-Alola, F|100\/100\n|-weather|Snow|[from] ability: Snow Warning|[of] p1a: Ninetales\n|move|p2a: Gengar|Sludge Wave|p1a: Ninetales\n|-supereffective|p1a: Ninetales\n|-damage|p1a: Ninetales|0 fnt\n|faint|p1a: Ninetales\n|\n|-weather|Snow|[upkeep]\n|upkeep\n|\n|t:|1700582195\n|switch|p1a: Sneasler|Sneasler, M|100\/100\n|turn|23\n|\n|t:|1700582214\n|switch|p2a: Gengar|Gengar, M, shiny|41\/100 tox\n|move|p1a: Sneasler|Swords Dance|p1a: Sneasler\n|-boost|p1a: Sneasler|atk|2\n|\n|-weather|Snow|[upkeep]\n|-damage|p2a: Gengar|35\/100 tox|[from] psn\n|upkeep\n|turn|24\n|\n|t:|1700582227\n|move|p2a: Gengar|Hyper Voice|p1a: Sneasler\n|-damage|p1a: Sneasler|41\/100\n|move|p1a: Sneasler|Acrobatics|p2a: Gengar\n|-damage|p2a: Gengar|0 fnt\n|replace|p2a: Zoroark|Zoroark-Hisui, M, shiny\n|-end|p2a: Zoroark|Illusion\n|faint|p2a: Zoroark\n|\n|-weather|Snow|[upkeep]\n|upkeep\n|\n|t:|1700582230\n|switch|p2a: Gengar|Gengar, M, shiny|100\/100\n|turn|25\n|\n|t:|1700582236\n|move|p2a: Gengar|Focus Blast|p1a: Sneasler\n|-resisted|p1a: Sneasler\n|-damage|p1a: Sneasler|10\/100\n|move|p1a: Sneasler|Acrobatics|p2a: Gengar\n|-damage|p2a: Gengar|16\/100\n|-start|p1a: Sneasler|Disable|Acrobatics|[from] ability: Cursed Body|[of] p2a: Gengar\n|\n|-weather|Snow|[upkeep]\n|upkeep\n|turn|26\n|\n|t:|1700582241\n|move|p2a: Gengar|Focus Blast|p1a: Sneasler\n|-resisted|p1a: Sneasler\n|-damage|p1a: Sneasler|0 fnt\n|faint|p1a: Sneasler\n|\n|-weather|Snow|[upkeep]\n|upkeep\n|\n|t:|1700582242\n|switch|p1a: Lopunny|Lopunny-Mega, M|95\/100 brn\n|turn|27\n|\n|t:|1700582248\n|move|p1a: Lopunny|Fake Out|p2a: Gengar\n|-damage|p2a: Gengar|0 fnt\n|faint|p2a: Gengar\n|\n|win|kingcow_thegoat\n|c|\u2606YaBoiCrim|gg\n|c|\u2606kingcow_thegoat|gg\n|c|\u2606YaBoiCrim|messed up once\n|c|\u2606YaBoiCrim|but that was fun\n|c|\u2606kingcow_thegoat|fr\n","uploadtime":1700582264,"views":8,"p1id":"kingcowthegoat","p2id":"yaboicrim","formatid":"gen9nationaldex","rating":0,"private":0,"password":""}