{"id":"gen9nationaldex-1989518119","p1":"Butterone","p2":"ogerponice","format":"[Gen 9] National Dex","log":"|j|\u2606Butterone\n|j|\u2606ogerponice\n|t:|1699864408\n|gametype|singles\n|player|p1|Butterone|170|1220\n|player|p2|ogerponice|nurse|1213\n|teamsize|p1|6\n|teamsize|p2|6\n|gen|9\n|tier|[Gen 9] National Dex\n|rated|\n|rule|HP Percentage Mod: HP is shown in percentages\n|rule|Endless Battle Clause: Forcing endless battles is banned\n|rule|OHKO Clause: OHKO moves are banned\n|rule|Evasion Clause: Evasion abilities, items, and moves are banned\n|rule|Evasion Abilities Clause: Evasion abilities are banned\n|rule|Evasion Items Clause: Evasion items are banned\n|rule|Evasion Moves Clause: Evasion moves are banned\n|rule|Species Clause: Limit one of each Pok\u00e9mon\n|rule|Sleep Clause Mod: Limit one foe put to sleep\n|clearpoke\n|poke|p1|Cresselia, F|\n|poke|p1|Hatterene, F|\n|poke|p1|Greninja-*, M|\n|poke|p1|Ursaluna, M|\n|poke|p1|Heracross, F|\n|poke|p1|Porygon2|\n|poke|p2|Nidoking, M|\n|poke|p2|Corviknight, M|\n|poke|p2|Mew|\n|poke|p2|Pinsir, M|\n|poke|p2|Ribombee, F|\n|poke|p2|Bisharp, F|\n|teampreview\n|inactive|Battle timer is ON: inactive players will automatically lose when time's up. (requested by ogerponice)\n|\n|t:|1699864426\n|start\n|switch|p1a: Cresselia|Cresselia, F, shiny|100\/100\n|switch|p2a: Mew|Mew, shiny|100\/100\n|turn|1\n|\n|t:|1699864435\n|move|p2a: Mew|Cosmic Power|p2a: Mew\n|-boost|p2a: Mew|def|1\n|-boost|p2a: Mew|spd|1\n|move|p1a: Cresselia|Trick Room|p1a: Cresselia\n|-fieldstart|move: Trick Room|[of] p1a: Cresselia\n|\n|upkeep\n|turn|2\n|\n|t:|1699864451\n|switch|p1a: Heracross|Heracross, F|100\/100\n|move|p2a: Mew|Cosmic Power|p2a: Mew\n|-boost|p2a: Mew|def|1\n|-boost|p2a: Mew|spd|1\n|\n|upkeep\n|turn|3\n|\n|t:|1699864460\n|detailschange|p1a: Heracross|Heracross-Mega, F\n|-mega|p1a: Heracross|Heracross|Heracronite\n|-terastallize|p2a: Mew|Poison\n|move|p1a: Heracross|Bulk Up|p1a: Heracross\n|-boost|p1a: Heracross|atk|1\n|-boost|p1a: Heracross|def|1\n|move|p2a: Mew|Cosmic Power|p2a: Mew\n|-boost|p2a: Mew|def|1\n|-boost|p2a: Mew|spd|1\n|\n|upkeep\n|turn|4\n|\n|t:|1699864480\n|move|p1a: Heracross|Bulk Up|p1a: Heracross\n|-boost|p1a: Heracross|atk|1\n|-boost|p1a: Heracross|def|1\n|move|p2a: Mew|Cosmic Power|p2a: Mew\n|-boost|p2a: Mew|def|1\n|-boost|p2a: Mew|spd|1\n|\n|upkeep\n|turn|5\n|\n|t:|1699864490\n|move|p1a: Heracross|Rock Blast|p2a: Mew\n|-damage|p2a: Mew|94\/100\n|-damage|p2a: Mew|87\/100\n|-damage|p2a: Mew|79\/100\n|-damage|p2a: Mew|72\/100\n|-damage|p2a: Mew|65\/100\n|-hitcount|p2a: Mew|5\n|move|p2a: Mew|Cosmic Power|p2a: Mew\n|-boost|p2a: Mew|def|1\n|-boost|p2a: Mew|spd|1\n|\n|-fieldend|move: Trick Room\n|upkeep\n|turn|6\n|\n|t:|1699864518\n|move|p2a: Mew|Cosmic Power|p2a: Mew\n|-boost|p2a: Mew|def|1\n|-boost|p2a: Mew|spd|1\n|move|p1a: Heracross|Rock Blast|p2a: Mew|[miss]\n|-miss|p1a: Heracross|p2a: Mew\n|\n|upkeep\n|turn|7\n|\n|t:|1699864532\n|move|p2a: Mew|Roost|p2a: Mew\n|-heal|p2a: Mew|100\/100\n|move|p1a: Heracross|Rock Blast|p2a: Mew\n|-damage|p2a: Mew|95\/100\n|-damage|p2a: Mew|90\/100\n|-damage|p2a: Mew|85\/100\n|-damage|p2a: Mew|79\/100\n|-damage|p2a: Mew|74\/100\n|-hitcount|p2a: Mew|5\n|\n|upkeep\n|turn|8\n|\n|t:|1699864543\n|move|p2a: Mew|Stored Power|p1a: Heracross\n|-supereffective|p1a: Heracross\n|-damage|p1a: Heracross|0 fnt\n|faint|p1a: Heracross\n|\n|upkeep\n|inactive|Butterone has 120 seconds left.\n|-message|Butterone forfeited.\n|\n|win|ogerponice\n|raw|Butterone's rating: 1220 &rarr; <strong>1194<\/strong><br \/>(-26 for losing)\n|raw|ogerponice's rating: 1213 &rarr; <strong>1239<\/strong><br \/>(+26 for winning)\n|l|\u2606Butterone\n","uploadtime":1699864569,"views":4,"p1id":"butterone","p2id":"ogerponice","formatid":"gen9nationaldex","rating":1194,"private":0,"password":""}