{"id":"gen9nationaldex-1992774341","p1":"manu333","p2":"testing a funni3","format":"[Gen 9] National Dex","log":"|j|\u2606manu333\n|j|\u2606testing a funni3\n|t:|1700234285\n|gametype|singles\n|player|p1|manu333|wallace|1389\n|player|p2|testing a funni3|unknownf|1459\n|teamsize|p1|6\n|teamsize|p2|6\n|gen|9\n|tier|[Gen 9] National Dex\n|rated|\n|rule|HP Percentage Mod: HP is shown in percentages\n|rule|Endless Battle Clause: Forcing endless battles is banned\n|rule|OHKO Clause: OHKO moves are banned\n|rule|Evasion Clause: Evasion abilities, items, and moves are banned\n|rule|Evasion Abilities Clause: Evasion abilities are banned\n|rule|Evasion Items Clause: Evasion items are banned\n|rule|Evasion Moves Clause: Evasion moves are banned\n|rule|Species Clause: Limit one of each Pok\u00e9mon\n|rule|Sleep Clause Mod: Limit one foe put to sleep\n|clearpoke\n|poke|p1|Tornadus-Therian, M|\n|poke|p1|Skeledirge, M|\n|poke|p1|Ferrothorn, M|\n|poke|p1|Alomomola, F|\n|poke|p1|Urshifu-*, M|\n|poke|p1|Great Tusk|\n|poke|p2|Latios, M|\n|poke|p2|Buzzwole|\n|poke|p2|Gliscor, F|\n|poke|p2|Weavile, F|\n|poke|p2|Heatran, M|\n|poke|p2|Ogerpon-Wellspring, F|\n|teampreview\n|inactive|Battle timer is ON: inactive players will automatically lose when time's up. (requested by manu333)\n|\n|t:|1700234308\n|start\n|switch|p1a: Urshifu|Urshifu-Rapid-Strike, M|100\/100\n|switch|p2a: Weavile|Weavile, F|100\/100\n|-ability|p2a: Weavile|Pressure\n|turn|1\n|\n|t:|1700234319\n|switch|p2a: Latios|Latios, M|100\/100\n|move|p1a: Urshifu|U-turn|p2a: Latios\n|-supereffective|p2a: Latios\n|-damage|p2a: Latios|23\/100\n|\n|t:|1700234325\n|switch|p1a: Ferrothorn|Ferrothorn, M|100\/100|[from] U-turn\n|\n|upkeep\n|turn|2\n|\n|t:|1700234328\n|detailschange|p2a: Latios|Latios-Mega, M\n|-mega|p2a: Latios|Latios|Latiosite\n|move|p2a: Latios|Mystical Fire|p1a: Ferrothorn\n|-supereffective|p1a: Ferrothorn\n|-damage|p1a: Ferrothorn|21\/100\n|-unboost|p1a: Ferrothorn|spa|1\n|move|p1a: Ferrothorn|Leech Seed|p2a: Latios\n|-start|p2a: Latios|move: Leech Seed\n|\n|-heal|p1a: Ferrothorn|27\/100|[from] item: Leftovers\n|-damage|p2a: Latios|10\/100|[from] Leech Seed|[of] p1a: Ferrothorn\n|-heal|p1a: Ferrothorn|38\/100|[silent]\n|upkeep\n|turn|3\n|\n|t:|1700234333\n|switch|p1a: Skeledirge|Skeledirge, M|100\/100\n|move|p2a: Latios|Roost|p2a: Latios\n|-heal|p2a: Latios|61\/100\n|-singleturn|p2a: Latios|move: Roost\n|\n|-damage|p2a: Latios|48\/100|[from] Leech Seed|[of] p1a: Skeledirge\n|upkeep\n|turn|4\n|\n|t:|1700234340\n|switch|p2a: Gliscor|Gliscor, F|100\/100\n|move|p1a: Skeledirge|Hex|p2a: Gliscor\n|-damage|p2a: Gliscor|78\/100\n|\n|-status|p2a: Gliscor|tox|[from] item: Toxic Orb\n|upkeep\n|turn|5\n|\n|t:|1700234345\n|move|p2a: Gliscor|Toxic|p1a: Skeledirge\n|-status|p1a: Skeledirge|tox\n|move|p1a: Skeledirge|Torch Song|p2a: Gliscor\n|-damage|p2a: Gliscor|52\/100 tox\n|-boost|p1a: Skeledirge|spa|1\n|\n|-heal|p2a: Gliscor|65\/100 tox|[from] ability: Poison Heal\n|-damage|p1a: Skeledirge|94\/100 tox|[from] psn\n|upkeep\n|turn|6\n|\n|t:|1700234353\n|switch|p1a: Tornadus|Tornadus-Therian, M|100\/100\n|move|p2a: Gliscor|Earthquake|p1a: Tornadus\n|-immune|p1a: Tornadus\n|\n|-heal|p2a: Gliscor|77\/100 tox|[from] ability: Poison Heal\n|upkeep\n|turn|7\n|\n|t:|1700234360\n|move|p1a: Tornadus|Bleakwind Storm|p2a: Gliscor\n|-damage|p2a: Gliscor|45\/100 tox\n|move|p2a: Gliscor|Toxic|p1a: Tornadus\n|-status|p1a: Tornadus|tox\n|\n|-damage|p1a: Tornadus|95\/100 tox|[from] psn\n|-heal|p2a: Gliscor|57\/100 tox|[from] ability: Poison Heal\n|upkeep\n|turn|8\n|inactive|manu333 has 120 seconds left.\n|\n|t:|1700234398\n|move|p1a: Tornadus|Bleakwind Storm|p2a: Gliscor\n|-damage|p2a: Gliscor|27\/100 tox\n|-unboost|p2a: Gliscor|spe|1\n|move|p2a: Gliscor|Roost|p2a: Gliscor\n|-heal|p2a: Gliscor|77\/100 tox\n|-singleturn|p2a: Gliscor|move: Roost\n|\n|-damage|p1a: Tornadus|83\/100 tox|[from] psn\n|-heal|p2a: Gliscor|89\/100 tox|[from] ability: Poison Heal\n|upkeep\n|turn|9\n|inactive|manu333 has 120 seconds left.\n|\n|t:|1700234432\n|switch|p1a: Urshifu|Urshifu-Rapid-Strike, M|100\/100\n|move|p2a: Gliscor|Toxic|p1a: Urshifu|[miss]\n|-miss|p2a: Gliscor|p1a: Urshifu\n|\n|-heal|p2a: Gliscor|100\/100 tox|[from] ability: Poison Heal\n|upkeep\n|turn|10\n|\n|t:|1700234444\n|move|p1a: Urshifu|Ice Spinner|p2a: Gliscor\n|-supereffective|p2a: Gliscor\n|-damage|p2a: Gliscor|0 fnt\n|faint|p2a: Gliscor\n|\n|upkeep\n|\n|t:|1700234451\n|switch|p2a: Buzzwole|Buzzwole|100\/100\n|turn|11\n|\n|t:|1700234454\n|switch|p1a: Tornadus|Tornadus-Therian, M|100\/100 tox\n|move|p2a: Buzzwole|Bulk Up|p2a: Buzzwole\n|-boost|p2a: Buzzwole|atk|1\n|-boost|p2a: Buzzwole|def|1\n|\n|-damage|p1a: Tornadus|95\/100 tox|[from] psn\n|upkeep\n|turn|12\n|\n|t:|1700234458\n|-terastallize|p2a: Buzzwole|Water\n|move|p1a: Tornadus|Bleakwind Storm|p2a: Buzzwole\n|-damage|p2a: Buzzwole|47\/100\n|move|p2a: Buzzwole|Ice Punch|p1a: Tornadus\n|-supereffective|p1a: Tornadus\n|-damage|p1a: Tornadus|11\/100 tox\n|\n|-damage|p1a: Tornadus|0 fnt|[from] psn\n|faint|p1a: Tornadus\n|upkeep\n|\n|t:|1700234464\n|switch|p1a: Urshifu|Urshifu-Rapid-Strike, M|100\/100\n|turn|13\n|\n|t:|1700234469\n|move|p1a: Urshifu|Close Combat|p2a: Buzzwole\n|-damage|p2a: Buzzwole|26\/100\n|-unboost|p1a: Urshifu|def|1\n|-unboost|p1a: Urshifu|spd|1\n|move|p2a: Buzzwole|Roost|p2a: Buzzwole\n|-heal|p2a: Buzzwole|76\/100\n|\n|upkeep\n|turn|14\n|\n|t:|1700234475\n|switch|p1a: Alomomola|Alomomola, F|100\/100\n|move|p2a: Buzzwole|Drain Punch|p1a: Alomomola\n|-damage|p1a: Alomomola|75\/100\n|-heal|p2a: Buzzwole|93\/100|[from] drain|[of] p1a: Alomomola\n|-enditem|p1a: Alomomola|Red Card|[of] p2a: Buzzwole\n|drag|p2a: Latios|Latios-Mega, M|48\/100\n|\n|upkeep\n|turn|15\n|\n|t:|1700234483\n|move|p2a: Latios|Psychic|p1a: Alomomola\n|-damage|p1a: Alomomola|12\/100\n|-unboost|p1a: Alomomola|spd|1\n|move|p1a: Alomomola|Toxic|p2a: Latios\n|-status|p2a: Latios|tox\n|\n|-damage|p2a: Latios|42\/100 tox|[from] psn\n|upkeep\n|turn|16\n|\n|t:|1700234489\n|switch|p1a: Ferrothorn|Ferrothorn, M|38\/100\n|move|p2a: Latios|Psychic|p1a: Ferrothorn\n|-resisted|p1a: Ferrothorn\n|-damage|p1a: Ferrothorn|19\/100\n|\n|-heal|p1a: Ferrothorn|25\/100|[from] item: Leftovers\n|-damage|p2a: Latios|30\/100 tox|[from] psn\n|upkeep\n|turn|17\n|\n|t:|1700234496\n|move|p2a: Latios|Roost|p2a: Latios\n|-heal|p2a: Latios|81\/100 tox\n|-singleturn|p2a: Latios|move: Roost\n|move|p1a: Ferrothorn|Leech Seed|p2a: Latios\n|-start|p2a: Latios|move: Leech Seed\n|\n|-heal|p1a: Ferrothorn|32\/100|[from] item: Leftovers\n|-damage|p2a: Latios|68\/100 tox|[from] Leech Seed|[of] p1a: Ferrothorn\n|-heal|p1a: Ferrothorn|42\/100|[silent]\n|-damage|p2a: Latios|50\/100 tox|[from] psn\n|upkeep\n|turn|18\n|\n|t:|1700234502\n|move|p2a: Latios|Mystical Fire|p1a: Ferrothorn\n|-supereffective|p1a: Ferrothorn\n|-damage|p1a: Ferrothorn|0 fnt\n|faint|p1a: Ferrothorn\n|\n|-damage|p2a: Latios|26\/100 tox|[from] psn\n|upkeep\n|\n|t:|1700234512\n|switch|p1a: Urshifu|Urshifu-Rapid-Strike, M|100\/100\n|turn|19\n|\n|t:|1700234517\n|move|p1a: Urshifu|Surging Strikes|p2a: Latios\n|-resisted|p2a: Latios\n|-crit|p2a: Latios\n|-damage|p2a: Latios|15\/100 tox\n|-resisted|p2a: Latios\n|-crit|p2a: Latios\n|-damage|p2a: Latios|2\/100 tox\n|-resisted|p2a: Latios\n|-crit|p2a: Latios\n|-damage|p2a: Latios|0 fnt\n|faint|p2a: Latios\n|-hitcount|p2: Latios|3\n|\n|upkeep\n|\n|t:|1700234526\n|switch|p2a: Ogerpon|Ogerpon-Wellspring, F|100\/100\n|turn|20\n|\n|t:|1700234534\n|switch|p1a: Alomomola|Alomomola, F|45\/100\n|move|p2a: Ogerpon|Power Whip|p1a: Alomomola\n|-supereffective|p1a: Alomomola\n|-damage|p1a: Alomomola|0 fnt\n|faint|p1a: Alomomola\n|\n|upkeep\n|-message|manu333 forfeited.\n|\n|win|testing a funni3\n|raw|manu333's rating: 1389 &rarr; <strong>1373<\/strong><br \/>(-16 for losing)\n|raw|testing a funni3's rating: 1459 &rarr; <strong>1475<\/strong><br \/>(+16 for winning)\n|l|\u2606manu333\n","uploadtime":1700234540,"views":7,"p1id":"manu333","p2id":"testingafunni3","formatid":"gen9nationaldex","rating":1373,"private":0,"password":""}