{"id":"gen9nationaldex-1989289644","p1":"potw13 Never Lucky","p2":"bruhhzapdos","format":"[Gen 9] National Dex","log":"|j|\u2606potw13 Never Lucky\n|j|\u2606bruhhzapdos\n|t:|1699832403\n|gametype|singles\n|player|p1|potw13 Never Lucky|steven|1071\n|player|p2|bruhhzapdos|102|1150\n|teamsize|p1|6\n|teamsize|p2|6\n|gen|9\n|tier|[Gen 9] National Dex\n|rated|\n|rule|HP Percentage Mod: HP is shown in percentages\n|rule|Endless Battle Clause: Forcing endless battles is banned\n|rule|OHKO Clause: OHKO moves are banned\n|rule|Evasion Clause: Evasion abilities, items, and moves are banned\n|rule|Evasion Abilities Clause: Evasion abilities are banned\n|rule|Evasion Items Clause: Evasion items are banned\n|rule|Evasion Moves Clause: Evasion moves are banned\n|rule|Species Clause: Limit one of each Pok\u00e9mon\n|rule|Sleep Clause Mod: Limit one foe put to sleep\n|clearpoke\n|poke|p1|Ogerpon-Cornerstone, F|\n|poke|p1|Perrserker, M|\n|poke|p1|Kommo-o, F|\n|poke|p1|Rotom-Wash|\n|poke|p1|Scizor, M|\n|poke|p1|Blacephalon|\n|poke|p2|Salamence, F|\n|poke|p2|Galvantula, F|\n|poke|p2|Diancie|\n|poke|p2|Milotic, M|\n|poke|p2|Zoroark-Hisui, F|\n|poke|p2|Zapdos-Galar|\n|teampreview\n|\n|t:|1699832420\n|start\n|switch|p1a: Blacephalon|Blacephalon|100\/100\n|switch|p2a: Galvantula|Galvantula, F|100\/100\n|turn|1\n|\n|t:|1699832425\n|move|p1a: Blacephalon|Flamethrower|p2a: Galvantula\n|-supereffective|p2a: Galvantula\n|-enditem|p2a: Galvantula|Focus Sash\n|-damage|p2a: Galvantula|1\/100\n|-status|p2a: Galvantula|brn\n|move|p2a: Galvantula|Sticky Web|p1a: Blacephalon\n|-sidestart|p1: potw13 Never Lucky|move: Sticky Web\n|\n|-damage|p2a: Galvantula|0 fnt|[from] brn\n|faint|p2a: Galvantula\n|upkeep\n|\n|t:|1699832435\n|switch|p2a: Zapdos|Zapdos-Galar|100\/100\n|turn|2\n|\n|t:|1699832439\n|move|p1a: Blacephalon|Flamethrower|p2a: Zapdos\n|-enditem|p2a: Zapdos|Focus Sash\n|-damage|p2a: Zapdos|1\/100\n|replace|p2a: Zoroark|Zoroark-Hisui, F\n|-end|p2a: Zoroark|Illusion\n|move|p2a: Zoroark|Shadow Ball|p1a: Blacephalon\n|-supereffective|p1a: Blacephalon\n|-damage|p1a: Blacephalon|0 fnt\n|faint|p1a: Blacephalon\n|\n|upkeep\n|\n|t:|1699832445\n|switch|p1a: Rotom|Rotom-Wash|100\/100\n|turn|3\n|inactive|Battle timer is ON: inactive players will automatically lose when time's up. (requested by potw13 Never Lucky)\n|\n|t:|1699832463\n|move|p2a: Zoroark|Shadow Ball|p1a: Rotom\n|-damage|p1a: Rotom|58\/100\n|move|p1a: Rotom|Defog|p2a: Zoroark\n|-unboost|p2a: Zoroark|evasion|1\n|-sideend|p1: potw13 Never Lucky|Sticky Web|[from] move: Defog|[of] p1a: Rotom\n|\n|-heal|p1a: Rotom|64\/100|[from] item: Leftovers\n|upkeep\n|turn|4\n|\n|t:|1699832471\n|move|p2a: Zoroark|Shadow Ball|p1a: Rotom\n|-damage|p1a: Rotom|24\/100\n|move|p1a: Rotom|Volt Switch|p2a: Zoroark\n|-damage|p2a: Zoroark|0 fnt\n|faint|p2a: Zoroark\n|\n|t:|1699832480\n|switch|p1a: Perrserker|Perrserker, M|100\/100|[from] Volt Switch\n|\n|upkeep\n|\n|t:|1699832487\n|switch|p2a: Zapdos|Zapdos-Galar|100\/100\n|turn|5\n|\n|t:|1699832499\n|move|p1a: Perrserker|Fake Out|p2a: Zapdos\n|-damage|p2a: Zapdos|85\/100\n|cant|p2a: Zapdos|flinch\n|\n|upkeep\n|turn|6\n|\n|t:|1699832503\n|-terastallize|p1a: Perrserker|Ghost\n|move|p2a: Zapdos|Close Combat|p1a: Perrserker\n|-immune|p1a: Perrserker\n|move|p1a: Perrserker|Iron Head|p2a: Zapdos\n|-damage|p2a: Zapdos|11\/100\n|\n|upkeep\n|turn|7\n|\n|t:|1699832511\n|move|p2a: Zapdos|Throat Chop|p1a: Perrserker\n|-supereffective|p1a: Perrserker\n|-damage|p1a: Perrserker|43\/100\n|-start|p1a: Perrserker|Throat Chop|[silent]\n|move|p1a: Perrserker|Iron Head|p2a: Zapdos\n|-damage|p2a: Zapdos|0 fnt\n|faint|p2a: Zapdos\n|\n|upkeep\n|\n|t:|1699832519\n|switch|p2a: Diancie|Diancie|100\/100\n|turn|8\n|\n|t:|1699832524\n|detailschange|p2a: Diancie|Diancie-Mega\n|-mega|p2a: Diancie|Diancie|Diancite\n|move|p2a: Diancie|Moonblast|p1a: Perrserker\n|-damage|p1a: Perrserker|0 fnt\n|faint|p1a: Perrserker\n|\n|upkeep\n|\n|t:|1699832528\n|switch|p1a: Scizor|Scizor, M|100\/100\n|turn|9\n|\n|t:|1699832538\n|switch|p2a: Milotic|Milotic, M|100\/100\n|detailschange|p1a: Scizor|Scizor-Mega, M\n|-mega|p1a: Scizor|Scizor|Scizorite\n|move|p1a: Scizor|Swords Dance|p1a: Scizor\n|-boost|p1a: Scizor|atk|2\n|\n|upkeep\n|turn|10\n|\n|t:|1699832550\n|move|p2a: Milotic|Light Screen|p2a: Milotic\n|-sidestart|p2: bruhhzapdos|move: Light Screen\n|move|p1a: Scizor|U-turn|p2a: Milotic\n|-damage|p2a: Milotic|24\/100\n|\n|t:|1699832552\n|switch|p1a: Ogerpon|Ogerpon-Cornerstone, F|100\/100|[from] U-turn\n|\n|-heal|p2a: Milotic|30\/100|[from] item: Leftovers\n|upkeep\n|turn|11\n|\n|t:|1699832558\n|move|p1a: Ogerpon|Horn Leech|p2a: Milotic\n|-supereffective|p2a: Milotic\n|-damage|p2a: Milotic|0 fnt\n|faint|p2a: Milotic\n|\n|upkeep\n|\n|t:|1699832565\n|switch|p2a: Salamence|Salamence, F|100\/100\n|turn|12\n|\n|t:|1699832568\n|move|p2a: Salamence|Dual Wingbeat|p1a: Ogerpon\n|-crit|p1a: Ogerpon\n|-damage|p1a: Ogerpon|57\/100\n|-damage|p1a: Ogerpon|31\/100\n|-hitcount|p1a: Ogerpon|2\n|move|p1a: Ogerpon|Ivy Cudgel|p2a: Salamence\n|-supereffective|p2a: Salamence\n|-damage|p2a: Salamence|0 fnt\n|faint|p2a: Salamence\n|\n|upkeep\n|\n|t:|1699832578\n|switch|p2a: Diancie|Diancie-Mega|100\/100\n|turn|13\n|\n|t:|1699832584\n|move|p1a: Ogerpon|Horn Leech|p2a: Diancie\n|-supereffective|p2a: Diancie\n|-damage|p2a: Diancie|0 fnt\n|-heal|p1a: Ogerpon|71\/100|[from] drain|[of] p2a: Diancie\n|faint|p2a: Diancie\n|\n|win|potw13 Never Lucky\n|raw|potw13 Never Lucky's rating: 1108 &rarr; <strong>1136<\/strong><br \/>(+28 for winning)\n|raw|bruhhzapdos's rating: 1150 &rarr; <strong>1122<\/strong><br \/>(-28 for losing)\n|l|\u2606bruhhzapdos\n","uploadtime":1699832590,"views":11,"p1id":"potw13neverlucky","p2id":"bruhhzapdos","formatid":"gen9nationaldex","rating":1122,"private":0,"password":""}