{"id":"gen9nationaldex-1989220637","p1":"akakPUMPKIN","p2":"85792195wwww","format":"[Gen 9] National Dex","log":"|j|\u2606akakPUMPKIN\n|j|\u260685792195wwww\n|t:|1699824856\n|gametype|singles\n|player|p1|akakPUMPKIN|heroine-conquest|1501\n|player|p2|85792195wwww|mira|1645\n|teamsize|p1|6\n|teamsize|p2|6\n|gen|9\n|tier|[Gen 9] National Dex\n|rated|\n|rule|HP Percentage Mod: HP is shown in percentages\n|rule|Endless Battle Clause: Forcing endless battles is banned\n|rule|OHKO Clause: OHKO moves are banned\n|rule|Evasion Clause: Evasion abilities, items, and moves are banned\n|rule|Evasion Abilities Clause: Evasion abilities are banned\n|rule|Evasion Items Clause: Evasion items are banned\n|rule|Evasion Moves Clause: Evasion moves are banned\n|rule|Species Clause: Limit one of each Pok\u00e9mon\n|rule|Sleep Clause Mod: Limit one foe put to sleep\n|clearpoke\n|poke|p1|Clefable, F|\n|poke|p1|Tornadus-Therian, M|\n|poke|p1|Ferrothorn, M|\n|poke|p1|Samurott-Hisui, F|\n|poke|p1|Gliscor, M|\n|poke|p1|Garganacl, F|\n|poke|p2|Ogerpon-Cornerstone, F|\n|poke|p2|Garchomp, F|\n|poke|p2|Medicham, M|\n|poke|p2|Tapu Lele|\n|poke|p2|Cinderace, F|\n|poke|p2|Ursaluna, M|\n|teampreview\n|inactive|Battle timer is ON: inactive players will automatically lose when time's up. (requested by akakPUMPKIN)\n|\n|t:|1699824871\n|start\n|switch|p1a: Samurott|Samurott-Hisui, F|100\/100\n|switch|p2a: Medicham|Medicham, M|100\/100\n|turn|1\n|\n|t:|1699824880\n|switch|p1a: Clefable|Clefable, F|100\/100\n|detailschange|p2a: Medicham|Medicham-Mega, M\n|-mega|p2a: Medicham|Medicham|Medichamite\n|move|p2a: Medicham|Fake Out|p1a: Clefable\n|-damage|p1a: Clefable|83\/100\n|\n|-heal|p1a: Clefable|89\/100|[from] item: Leftovers\n|upkeep\n|turn|2\n|\n|t:|1699824895\n|switch|p2a: Garchomp|Garchomp, F|100\/100\n|move|p1a: Clefable|Moonblast|p2a: Garchomp\n|-supereffective|p2a: Garchomp\n|-damage|p2a: Garchomp|33\/100\n|\n|-heal|p1a: Clefable|95\/100|[from] item: Leftovers\n|upkeep\n|turn|3\n|\n|t:|1699824906\n|move|p2a: Garchomp|Stealth Rock|p1a: Clefable\n|-sidestart|p1: akakPUMPKIN|move: Stealth Rock\n|move|p1a: Clefable|Moonblast|p2a: Garchomp\n|-supereffective|p2a: Garchomp\n|-damage|p2a: Garchomp|0 fnt\n|faint|p2a: Garchomp\n|\n|-heal|p1a: Clefable|100\/100|[from] item: Leftovers\n|upkeep\n|\n|t:|1699824917\n|switch|p2a: Tapu Lele|Tapu Lele|100\/100\n|-fieldstart|move: Psychic Terrain|[from] ability: Psychic Surge|[of] p2a: Tapu Lele\n|turn|4\n|j| Destiny400\n|\n|t:|1699824923\n|move|p2a: Tapu Lele|Psyshock|p1a: Clefable\n|-damage|p1a: Clefable|53\/100\n|move|p1a: Clefable|Knock Off|p2a: Tapu Lele\n|-damage|p2a: Tapu Lele|77\/100\n|-enditem|p2a: Tapu Lele|Choice Scarf|[from] move: Knock Off|[of] p1a: Clefable\n|\n|-heal|p1a: Clefable|59\/100|[from] item: Leftovers\n|upkeep\n|turn|5\n|\n|t:|1699824935\n|switch|p2a: Ursaluna|Ursaluna, M|100\/100\n|-terastallize|p1a: Clefable|Steel\n|move|p1a: Clefable|Calm Mind|p1a: Clefable\n|-boost|p1a: Clefable|spa|1\n|-boost|p1a: Clefable|spd|1\n|\n|-heal|p1a: Clefable|65\/100|[from] item: Leftovers\n|-status|p2a: Ursaluna|brn|[from] item: Flame Orb\n|upkeep\n|turn|6\n|\n|t:|1699824947\n|switch|p1a: Tornadus|Tornadus-Therian, M|100\/100\n|-damage|p1a: Tornadus|75\/100|[from] Stealth Rock\n|-terastallize|p2a: Ursaluna|Normal\n|move|p2a: Ursaluna|Facade|p1a: Tornadus\n|-damage|p1a: Tornadus|0 fnt\n|faint|p1a: Tornadus\n|\n|-damage|p2a: Ursaluna|94\/100 brn|[from] brn\n|upkeep\n|\n|t:|1699824961\n|switch|p1a: Garganacl|Garganacl, F|100\/100\n|-damage|p1a: Garganacl|88\/100|[from] Stealth Rock\n|turn|7\n|\n|t:|1699824966\n|move|p2a: Ursaluna|Headlong Rush|p1a: Garganacl\n|-supereffective|p1a: Garganacl\n|-damage|p1a: Garganacl|0 fnt\n|-unboost|p2a: Ursaluna|def|1\n|-unboost|p2a: Ursaluna|spd|1\n|faint|p1a: Garganacl\n|\n|-damage|p2a: Ursaluna|88\/100 brn|[from] brn\n|upkeep\n|\n|t:|1699824970\n|switch|p1a: Samurott|Samurott-Hisui, F|100\/100\n|-damage|p1a: Samurott|88\/100|[from] Stealth Rock\n|turn|8\n|\n|t:|1699824990\n|switch|p2a: Ogerpon|Ogerpon-Cornerstone, F|100\/100\n|move|p1a: Samurott|Aqua Cutter|p2a: Ogerpon\n|-damage|p2a: Ogerpon|35\/100\n|\n|-fieldend|move: Psychic Terrain\n|upkeep\n|turn|9\n|\n|t:|1699825010\n|move|p1a: Samurott|Aqua Cutter|p2a: Ogerpon\n|-crit|p2a: Ogerpon\n|-damage|p2a: Ogerpon|0 fnt\n|faint|p2a: Ogerpon\n|\n|upkeep\n|\n|t:|1699825025\n|switch|p2a: Medicham|Medicham-Mega, M|100\/100\n|turn|10\n|\n|t:|1699825030\n|switch|p1a: Ferrothorn|Ferrothorn, M|100\/100\n|-damage|p1a: Ferrothorn|94\/100|[from] Stealth Rock\n|move|p2a: Medicham|Close Combat|p1a: Ferrothorn\n|-supereffective|p1a: Ferrothorn\n|-damage|p1a: Ferrothorn|0 fnt\n|-unboost|p2a: Medicham|def|1\n|-unboost|p2a: Medicham|spd|1\n|-damage|p2a: Medicham|88\/100|[from] ability: Iron Barbs|[of] p1a: Ferrothorn\n|faint|p1a: Ferrothorn\n|\n|upkeep\n|\n|t:|1699825037\n|switch|p1a: Samurott|Samurott-Hisui, F|88\/100\n|-damage|p1a: Samurott|76\/100|[from] Stealth Rock\n|turn|11\n|\n|t:|1699825059\n|switch|p2a: Cinderace|Cinderace, F|100\/100\n|move|p1a: Samurott|Aqua Cutter|p2a: Cinderace\n|-supereffective|p2a: Cinderace\n|-damage|p2a: Cinderace|0 fnt\n|faint|p2a: Cinderace\n|\n|upkeep\n|inactive|85792195wwww has 120 seconds left.\n|\n|t:|1699825071\n|switch|p2a: Tapu Lele|Tapu Lele|77\/100\n|-fieldstart|move: Psychic Terrain|[from] ability: Psychic Surge|[of] p2a: Tapu Lele\n|turn|12\n|inactive|akakPUMPKIN has 120 seconds left.\n|\n|t:|1699825125\n|switch|p1a: Gliscor|Gliscor, M|100\/100\n|-damage|p1a: Gliscor|88\/100|[from] Stealth Rock\n|move|p2a: Tapu Lele|Moonblast|p1a: Gliscor\n|-damage|p1a: Gliscor|45\/100\n|-unboost|p1a: Gliscor|spa|1\n|\n|-status|p1a: Gliscor|tox|[from] item: Toxic Orb\n|upkeep\n|turn|13\n|\n|t:|1699825138\n|switch|p2a: Medicham|Medicham-Mega, M|88\/100\n|move|p1a: Gliscor|Earthquake|p2a: Medicham\n|-damage|p2a: Medicham|36\/100\n|\n|-heal|p1a: Gliscor|58\/100 tox|[from] ability: Poison Heal\n|upkeep\n|turn|14\n|\n|t:|1699825147\n|move|p2a: Medicham|Zen Headbutt|p1a: Gliscor\n|-damage|p1a: Gliscor|0 fnt\n|faint|p1a: Gliscor\n|\n|upkeep\n|\n|t:|1699825149\n|switch|p1a: Samurott|Samurott-Hisui, F|76\/100\n|-damage|p1a: Samurott|63\/100|[from] Stealth Rock\n|turn|15\n|\n|t:|1699825164\n|switch|p2a: Tapu Lele|Tapu Lele|77\/100\n|move|p1a: Samurott|Aqua Cutter|p2a: Tapu Lele\n|-damage|p2a: Tapu Lele|0 fnt\n|faint|p2a: Tapu Lele\n|\n|upkeep\n|\n|t:|1699825172\n|switch|p2a: Ursaluna|Ursaluna, M, tera:Normal|88\/100 brn\n|turn|16\n|\n|t:|1699825183\n|switch|p1a: Clefable|Clefable, F, tera:Steel|65\/100\n|move|p2a: Ursaluna|Headlong Rush|p1a: Clefable\n|-supereffective|p1a: Clefable\n|-damage|p1a: Clefable|0 fnt\n|-unboost|p2a: Ursaluna|def|1\n|-unboost|p2a: Ursaluna|spd|1\n|faint|p1a: Clefable\n|\n|-damage|p2a: Ursaluna|82\/100 brn|[from] brn\n|-fieldend|move: Psychic Terrain\n|upkeep\n|\n|t:|1699825185\n|switch|p1a: Samurott|Samurott-Hisui, F|63\/100\n|-damage|p1a: Samurott|51\/100|[from] Stealth Rock\n|turn|17\n|inactive|akakPUMPKIN has 120 seconds left.\n|\n|t:|1699825214\n|switch|p2a: Medicham|Medicham-Mega, M|36\/100\n|move|p1a: Samurott|Aqua Cutter|p2a: Medicham\n|-damage|p2a: Medicham|0 fnt\n|faint|p2a: Medicham\n|\n|upkeep\n|\n|t:|1699825222\n|switch|p2a: Ursaluna|Ursaluna, M, tera:Normal|82\/100 brn\n|turn|18\n|\n|t:|1699825226\n|move|p1a: Samurott|Aqua Cutter|p2a: Ursaluna\n|-damage|p2a: Ursaluna|47\/100 brn\n|move|p2a: Ursaluna|Facade|p1a: Samurott\n|-damage|p1a: Samurott|0 fnt\n|faint|p1a: Samurott\n|\n|win|85792195wwww\n|raw|akakPUMPKIN's rating: 1501 &rarr; <strong>1489<\/strong><br \/>(-12 for losing)\n|raw|85792195wwww's rating: 1645 &rarr; <strong>1657<\/strong><br \/>(+12 for winning)\n|l|\u2606akakPUMPKIN\n","uploadtime":1699825237,"views":4,"p1id":"akakpumpkin","p2id":"85792195wwww","formatid":"gen9nationaldex","rating":1489,"private":0,"password":""}