{"id":"gen9nationaldex-1990969621","p1":"gliscorforuu","p2":"bazhuyu","format":"[Gen 9] National Dex","log":"|j|\u2606gliscorforuu\n|j|\u2606bazhuyu\n|t:|1700021296\n|gametype|singles\n|player|p1|gliscorforuu|ingo|1387\n|player|p2|bazhuyu|1|1542\n|teamsize|p1|6\n|teamsize|p2|6\n|gen|9\n|tier|[Gen 9] National Dex\n|rated|\n|rule|HP Percentage Mod: HP is shown in percentages\n|rule|Endless Battle Clause: Forcing endless battles is banned\n|rule|OHKO Clause: OHKO moves are banned\n|rule|Evasion Clause: Evasion abilities, items, and moves are banned\n|rule|Evasion Abilities Clause: Evasion abilities are banned\n|rule|Evasion Items Clause: Evasion items are banned\n|rule|Evasion Moves Clause: Evasion moves are banned\n|rule|Species Clause: Limit one of each Pok\u00e9mon\n|rule|Sleep Clause Mod: Limit one foe put to sleep\n|clearpoke\n|poke|p1|Terrakion|\n|poke|p1|Gliscor, F|\n|poke|p1|Scizor, M|\n|poke|p1|Garganacl, M|\n|poke|p1|Ogerpon-Wellspring, F|\n|poke|p1|Tornadus-Therian, M|\n|poke|p2|Gliscor, M|\n|poke|p2|Sableye, M|\n|poke|p2|Celesteela|\n|poke|p2|Dondozo, F|\n|poke|p2|Clodsire, F|\n|poke|p2|Blissey, F|\n|teampreview\n|inactive|Battle timer is ON: inactive players will automatically lose when time's up. (requested by gliscorforuu)\n|\n|t:|1700021306\n|start\n|switch|p1a: Garganacl|Garganacl, M|100\/100\n|switch|p2a: Sableye|Sableye, M|100\/100\n|turn|1\n|\n|t:|1700021312\n|detailschange|p2a: Sableye|Sableye-Mega, M\n|-mega|p2a: Sableye|Sableye|Sablenite\n|move|p1a: Garganacl|Salt Cure|p2a: Sableye\n|-damage|p2a: Sableye|91\/100\n|-start|p2a: Sableye|Salt Cure\n|move|p2a: Sableye|Knock Off|p1a: Garganacl\n|-damage|p1a: Garganacl|81\/100\n|-enditem|p1a: Garganacl|Leftovers|[from] move: Knock Off|[of] p2a: Sableye\n|\n|-damage|p2a: Sableye|79\/100|[from] Salt Cure\n|upkeep\n|turn|2\n|\n|t:|1700021326\n|move|p1a: Garganacl|Salt Cure|p2a: Sableye\n|-damage|p2a: Sableye|70\/100\n|move|p2a: Sableye|Knock Off|p1a: Garganacl\n|-damage|p1a: Garganacl|69\/100\n|\n|-damage|p2a: Sableye|57\/100|[from] Salt Cure\n|upkeep\n|turn|3\n|\n|t:|1700021330\n|switch|p1a: Gliscor|Gliscor, F, shiny|100\/100\n|move|p2a: Sableye|Recover|p2a: Sableye\n|-heal|p2a: Sableye|100\/100\n|\n|-damage|p2a: Sableye|88\/100|[from] Salt Cure\n|-status|p1a: Gliscor|tox|[from] item: Toxic Orb\n|upkeep\n|turn|4\n|\n|t:|1700021341\n|switch|p2a: Gliscor|Gliscor, M|100\/100\n|move|p1a: Gliscor|Knock Off|p2a: Gliscor\n|-damage|p2a: Gliscor|87\/100\n|-enditem|p2a: Gliscor|Toxic Orb|[from] move: Knock Off|[of] p1a: Gliscor\n|\n|upkeep\n|turn|5\n|\n|t:|1700021348\n|switch|p1a: Tornadus|Tornadus-Therian, M|100\/100\n|move|p2a: Gliscor|Spikes|p1a: Tornadus\n|-sidestart|p1: gliscorforuu|Spikes\n|\n|upkeep\n|turn|6\n|\n|t:|1700021350\n|move|p1a: Tornadus|Taunt|p2a: Gliscor\n|-start|p2a: Gliscor|move: Taunt\n|move|p2a: Gliscor|Knock Off|p1a: Tornadus\n|-damage|p1a: Tornadus|78\/100\n|-enditem|p1a: Tornadus|Heavy-Duty Boots|[from] move: Knock Off|[of] p2a: Gliscor\n|\n|upkeep\n|turn|7\n|\n|t:|1700021367\n|move|p1a: Tornadus|Defog|p2a: Gliscor\n|-unboost|p2a: Gliscor|evasion|1\n|-sideend|p1: gliscorforuu|Spikes|[from] move: Defog|[of] p1a: Tornadus\n|move|p2a: Gliscor|Knock Off|p1a: Tornadus\n|-damage|p1a: Tornadus|62\/100\n|\n|upkeep\n|turn|8\n|\n|t:|1700021371\n|move|p1a: Tornadus|U-turn|p2a: Gliscor\n|-resisted|p2a: Gliscor\n|-damage|p2a: Gliscor|83\/100\n|\n|t:|1700021372\n|switch|p1a: Garganacl|Garganacl, M|69\/100|[from] U-turn\n|move|p2a: Gliscor|Knock Off|p1a: Garganacl\n|-damage|p1a: Garganacl|59\/100\n|\n|-end|p2a: Gliscor|move: Taunt\n|upkeep\n|turn|9\n|\n|t:|1700021380\n|switch|p2a: Clodsire|Clodsire, F|100\/100\n|move|p1a: Garganacl|Salt Cure|p2a: Clodsire\n|-resisted|p2a: Clodsire\n|-damage|p2a: Clodsire|94\/100\n|-start|p2a: Clodsire|Salt Cure\n|\n|-heal|p2a: Clodsire|99\/100|[from] item: Leftovers\n|-damage|p2a: Clodsire|88\/100|[from] Salt Cure\n|upkeep\n|turn|10\n|\n|t:|1700021389\n|switch|p1a: Gliscor|Gliscor, F, shiny|100\/100 tox\n|move|p2a: Clodsire|Stealth Rock|p1a: Gliscor\n|-sidestart|p1: gliscorforuu|move: Stealth Rock\n|\n|-heal|p2a: Clodsire|94\/100|[from] item: Leftovers\n|-damage|p2a: Clodsire|82\/100|[from] Salt Cure\n|upkeep\n|turn|11\n|\n|t:|1700021397\n|switch|p2a: Gliscor|Gliscor, M|83\/100\n|move|p1a: Gliscor|Knock Off|p2a: Gliscor\n|-damage|p2a: Gliscor|74\/100\n|\n|upkeep\n|turn|12\n|\n|t:|1700021403\n|move|p1a: Gliscor|Spikes|p2a: Gliscor\n|-sidestart|p2: bazhuyu|Spikes\n|move|p2a: Gliscor|Spikes|p1a: Gliscor\n|-sidestart|p1: gliscorforuu|Spikes\n|\n|upkeep\n|turn|13\n|\n|t:|1700021411\n|move|p1a: Gliscor|Spikes|p2a: Gliscor\n|-sidestart|p2: bazhuyu|Spikes\n|move|p2a: Gliscor|Spikes|p1a: Gliscor\n|-sidestart|p1: gliscorforuu|Spikes\n|\n|upkeep\n|turn|14\n|\n|t:|1700021414\n|move|p2a: Gliscor|Spikes|p1a: Gliscor\n|-sidestart|p1: gliscorforuu|Spikes\n|move|p1a: Gliscor|Spikes|p2a: Gliscor\n|-sidestart|p2: bazhuyu|Spikes\n|\n|upkeep\n|turn|15\n|\n|t:|1700021424\n|move|p2a: Gliscor|Knock Off|p1a: Gliscor\n|-damage|p1a: Gliscor|87\/100 tox\n|-enditem|p1a: Gliscor|Toxic Orb|[from] move: Knock Off|[of] p2a: Gliscor\n|move|p1a: Gliscor|Knock Off|p2a: Gliscor\n|-damage|p2a: Gliscor|66\/100\n|\n|-heal|p1a: Gliscor|99\/100 tox|[from] ability: Poison Heal\n|upkeep\n|turn|16\n|\n|t:|1700021433\n|move|p1a: Gliscor|Knock Off|p2a: Gliscor\n|-damage|p2a: Gliscor|57\/100\n|move|p2a: Gliscor|Spikes||[still]\n|-fail|p2a: Gliscor\n|\n|-heal|p1a: Gliscor|100\/100 tox|[from] ability: Poison Heal\n|upkeep\n|turn|17\n|\n|t:|1700021436\n|move|p1a: Gliscor|Knock Off|p2a: Gliscor\n|-damage|p2a: Gliscor|47\/100\n|move|p2a: Gliscor|Knock Off|p1a: Gliscor\n|-damage|p1a: Gliscor|91\/100 tox\n|\n|-heal|p1a: Gliscor|100\/100 tox|[from] ability: Poison Heal\n|upkeep\n|turn|18\n|\n|t:|1700021439\n|move|p1a: Gliscor|Knock Off|p2a: Gliscor\n|-damage|p2a: Gliscor|38\/100\n|move|p2a: Gliscor|Roost|p2a: Gliscor\n|-heal|p2a: Gliscor|88\/100\n|-singleturn|p2a: Gliscor|move: Roost\n|\n|upkeep\n|turn|19\n|\n|t:|1700021448\n|move|p1a: Gliscor|Knock Off|p2a: Gliscor\n|-damage|p2a: Gliscor|80\/100\n|move|p2a: Gliscor|Knock Off|p1a: Gliscor\n|-damage|p1a: Gliscor|93\/100 tox\n|\n|-heal|p1a: Gliscor|100\/100 tox|[from] ability: Poison Heal\n|upkeep\n|turn|20\n|\n|t:|1700021450\n|move|p1a: Gliscor|Knock Off|p2a: Gliscor\n|-damage|p2a: Gliscor|71\/100\n|move|p2a: Gliscor|Knock Off|p1a: Gliscor\n|-damage|p1a: Gliscor|92\/100 tox\n|\n|-heal|p1a: Gliscor|100\/100 tox|[from] ability: Poison Heal\n|upkeep\n|turn|21\n|\n|t:|1700021455\n|move|p1a: Gliscor|Knock Off|p2a: Gliscor\n|-damage|p2a: Gliscor|62\/100\n|move|p2a: Gliscor|Knock Off|p1a: Gliscor\n|-damage|p1a: Gliscor|92\/100 tox\n|\n|-heal|p1a: Gliscor|100\/100 tox|[from] ability: Poison Heal\n|upkeep\n|turn|22\n|\n|t:|1700021459\n|move|p2a: Gliscor|Spikes||[still]\n|-fail|p2a: Gliscor\n|move|p1a: Gliscor|Spikes||[still]\n|-fail|p1a: Gliscor\n|\n|upkeep\n|turn|23\n|\n|t:|1700021464\n|move|p2a: Gliscor|Spikes||[still]\n|-fail|p2a: Gliscor\n|move|p1a: Gliscor|Spikes||[still]\n|-fail|p1a: Gliscor\n|\n|upkeep\n|turn|24\n|\n|t:|1700021468\n|move|p1a: Gliscor|Spikes||[still]\n|-fail|p1a: Gliscor\n|move|p2a: Gliscor|Spikes||[still]\n|-fail|p2a: Gliscor\n|\n|upkeep\n|turn|25\n|\n|t:|1700021483\n|move|p1a: Gliscor|Spikes||[still]\n|-fail|p1a: Gliscor\n|move|p2a: Gliscor|Spikes||[still]\n|-fail|p2a: Gliscor\n|\n|upkeep\n|turn|26\n|\n|t:|1700021495\n|move|p2a: Gliscor|Knock Off|p1a: Gliscor\n|-damage|p1a: Gliscor|92\/100 tox\n|move|p1a: Gliscor|Spikes||[still]\n|-fail|p1a: Gliscor\n|\n|-heal|p1a: Gliscor|100\/100 tox|[from] ability: Poison Heal\n|upkeep\n|turn|27\n|\n|t:|1700021503\n|move|p2a: Gliscor|Protect|p2a: Gliscor\n|-singleturn|p2a: Gliscor|Protect\n|move|p1a: Gliscor|Spikes||[still]\n|-fail|p1a: Gliscor\n|\n|upkeep\n|turn|28\n|\n|t:|1700021511\n|switch|p1a: Ogerpon|Ogerpon-Wellspring, F|100\/100\n|-damage|p1a: Ogerpon|88\/100|[from] Stealth Rock\n|-damage|p1a: Ogerpon|63\/100|[from] Spikes\n|move|p2a: Gliscor|Knock Off|p1a: Ogerpon\n|-damage|p1a: Ogerpon|44\/100\n|\n|upkeep\n|turn|29\n|\n|t:|1700021522\n|switch|p2a: Celesteela|Celesteela|100\/100\n|move|p1a: Ogerpon|Swords Dance|p1a: Ogerpon\n|-boost|p1a: Ogerpon|atk|2\n|\n|upkeep\n|turn|30\n|\n|t:|1700021535\n|-terastallize|p1a: Ogerpon|Water\n|detailschange|p1a: Ogerpon|Ogerpon-Wellspring-Tera, F, tera:Water\n|-ability|p1a: Ogerpon|Embody Aspect (Wellspring)|boost\n|-boost|p1a: Ogerpon|spd|1\n|move|p1a: Ogerpon|Ivy Cudgel|p2a: Celesteela|[anim] Ivy Cudgel Water\n|-damage|p2a: Celesteela|13\/100\n|move|p2a: Celesteela|Toxic|p1a: Ogerpon\n|-status|p1a: Ogerpon|tox\n|\n|-heal|p2a: Celesteela|19\/100|[from] item: Leftovers\n|-damage|p1a: Ogerpon|38\/100 tox|[from] psn\n|upkeep\n|turn|31\n|\n|t:|1700021542\n|move|p2a: Celesteela|Protect|p2a: Celesteela\n|-singleturn|p2a: Celesteela|Protect\n|move|p1a: Ogerpon|Ivy Cudgel|p2a: Celesteela|[anim] Ivy Cudgel Water\n|-activate|p2a: Celesteela|move: Protect\n|\n|-heal|p2a: Celesteela|25\/100|[from] item: Leftovers\n|-damage|p1a: Ogerpon|26\/100 tox|[from] psn\n|upkeep\n|turn|32\n|\n|t:|1700021545\n|switch|p2a: Dondozo|Dondozo, F|100\/100\n|-damage|p2a: Dondozo|75\/100|[from] Spikes\n|move|p1a: Ogerpon|Ivy Cudgel|p2a: Dondozo|[anim] Ivy Cudgel Water\n|-resisted|p2a: Dondozo\n|-damage|p2a: Dondozo|59\/100\n|\n|-damage|p1a: Ogerpon|8\/100 tox|[from] psn\n|upkeep\n|turn|33\n|\n|t:|1700021549\n|move|p1a: Ogerpon|Horn Leech|p2a: Dondozo\n|-supereffective|p2a: Dondozo\n|-damage|p2a: Dondozo|22\/100\n|-heal|p1a: Ogerpon|39\/100 tox|[from] drain|[of] p2a: Dondozo\n|-damage|p1a: Ogerpon|22\/100 tox|[from] item: Rocky Helmet|[of] p2a: Dondozo\n|move|p2a: Dondozo|Rest|p2a: Dondozo\n|-status|p2a: Dondozo|slp|[from] move: Rest\n|-heal|p2a: Dondozo|100\/100 slp|[silent]\n|\n|-damage|p1a: Ogerpon|0 fnt|[from] psn\n|faint|p1a: Ogerpon\n|upkeep\n|\n|t:|1700021555\n|switch|p1a: Garganacl|Garganacl, M|59\/100\n|-damage|p1a: Garganacl|47\/100|[from] Stealth Rock\n|-damage|p1a: Garganacl|22\/100|[from] Spikes\n|turn|34\n|\n|t:|1700021567\n|cant|p2a: Dondozo|slp\n|move|p2a: Dondozo|Sleep Talk|p2a: Dondozo\n|move|p2a: Dondozo|Rest||[from]move: Sleep Talk|[still]\n|-fail|p2a: Dondozo\n|move|p1a: Garganacl|Salt Cure|p2a: Dondozo\n|-damage|p2a: Dondozo|94\/100 slp\n|-start|p2a: Dondozo|Salt Cure\n|\n|-damage|p2a: Dondozo|69\/100 slp|[from] Salt Cure\n|upkeep\n|turn|35\n|\n|t:|1700021577\n|switch|p2a: Clodsire|Clodsire, F|82\/100\n|-damage|p2a: Clodsire|57\/100|[from] Spikes\n|move|p1a: Garganacl|Stealth Rock|p2a: Clodsire\n|-sidestart|p2: bazhuyu|move: Stealth Rock\n|\n|-heal|p2a: Clodsire|63\/100|[from] item: Leftovers\n|upkeep\n|turn|36\n|\n|t:|1700021584\n|move|p1a: Garganacl|Recover|p1a: Garganacl\n|-heal|p1a: Garganacl|72\/100\n|move|p2a: Clodsire|Earthquake|p1a: Garganacl\n|-supereffective|p1a: Garganacl\n|-damage|p1a: Garganacl|39\/100\n|\n|-heal|p2a: Clodsire|69\/100|[from] item: Leftovers\n|upkeep\n|turn|37\n|\n|t:|1700021588\n|move|p1a: Garganacl|Recover|p1a: Garganacl\n|-heal|p1a: Garganacl|89\/100\n|move|p2a: Clodsire|Earthquake|p1a: Garganacl\n|-supereffective|p1a: Garganacl\n|-damage|p1a: Garganacl|53\/100\n|\n|-heal|p2a: Clodsire|75\/100|[from] item: Leftovers\n|upkeep\n|turn|38\n|\n|t:|1700021591\n|move|p1a: Garganacl|Salt Cure|p2a: Clodsire\n|-resisted|p2a: Clodsire\n|-damage|p2a: Clodsire|68\/100\n|-start|p2a: Clodsire|Salt Cure\n|move|p2a: Clodsire|Earthquake|p1a: Garganacl\n|-supereffective|p1a: Garganacl\n|-damage|p1a: Garganacl|17\/100\n|\n|-heal|p2a: Clodsire|74\/100|[from] item: Leftovers\n|-damage|p2a: Clodsire|61\/100|[from] Salt Cure\n|upkeep\n|turn|39\n|\n|t:|1700021595\n|move|p1a: Garganacl|Recover|p1a: Garganacl\n|-heal|p1a: Garganacl|67\/100\n|move|p2a: Clodsire|Earthquake|p1a: Garganacl\n|-supereffective|p1a: Garganacl\n|-damage|p1a: Garganacl|32\/100\n|\n|-heal|p2a: Clodsire|68\/100|[from] item: Leftovers\n|-damage|p2a: Clodsire|55\/100|[from] Salt Cure\n|upkeep\n|turn|40\n|\n|t:|1700021599\n|move|p1a: Garganacl|Recover|p1a: Garganacl\n|-heal|p1a: Garganacl|82\/100\n|move|p2a: Clodsire|Earthquake|p1a: Garganacl\n|-supereffective|p1a: Garganacl\n|-damage|p1a: Garganacl|45\/100\n|\n|-heal|p2a: Clodsire|61\/100|[from] item: Leftovers\n|-damage|p2a: Clodsire|49\/100|[from] Salt Cure\n|upkeep\n|turn|41\n|\n|t:|1700021602\n|move|p1a: Garganacl|Protect|p1a: Garganacl\n|-singleturn|p1a: Garganacl|Protect\n|move|p2a: Clodsire|Recover|p2a: Clodsire\n|-heal|p2a: Clodsire|99\/100\n|\n|-heal|p2a: Clodsire|100\/100|[from] item: Leftovers\n|-damage|p2a: Clodsire|88\/100|[from] Salt Cure\n|upkeep\n|turn|42\n|\n|t:|1700021605\n|move|p1a: Garganacl|Recover|p1a: Garganacl\n|-heal|p1a: Garganacl|95\/100\n|move|p2a: Clodsire|Earthquake|p1a: Garganacl\n|-supereffective|p1a: Garganacl\n|-damage|p1a: Garganacl|59\/100\n|\n|-heal|p2a: Clodsire|94\/100|[from] item: Leftovers\n|-damage|p2a: Clodsire|82\/100|[from] Salt Cure\n|upkeep\n|turn|43\n|\n|t:|1700021610\n|move|p1a: Garganacl|Protect|p1a: Garganacl\n|-singleturn|p1a: Garganacl|Protect\n|move|p2a: Clodsire|Earthquake|p1a: Garganacl\n|-activate|p1a: Garganacl|move: Protect\n|\n|-heal|p2a: Clodsire|88\/100|[from] item: Leftovers\n|-damage|p2a: Clodsire|75\/100|[from] Salt Cure\n|upkeep\n|turn|44\n|\n|t:|1700021615\n|switch|p1a: Gliscor|Gliscor, F, shiny|100\/100 tox\n|-damage|p1a: Gliscor|88\/100 tox|[from] Stealth Rock\n|move|p2a: Clodsire|Earthquake|p1a: Gliscor\n|-immune|p1a: Gliscor\n|\n|-heal|p2a: Clodsire|82\/100|[from] item: Leftovers\n|-heal|p1a: Gliscor|100\/100 tox|[from] ability: Poison Heal\n|-damage|p2a: Clodsire|69\/100|[from] Salt Cure\n|upkeep\n|turn|45\n|\n|t:|1700021620\n|switch|p2a: Gliscor|Gliscor, M|62\/100\n|-damage|p2a: Gliscor|49\/100|[from] Stealth Rock\n|move|p1a: Gliscor|Knock Off|p2a: Gliscor\n|-damage|p2a: Gliscor|41\/100\n|\n|upkeep\n|turn|46\n|\n|t:|1700021625\n|switch|p1a: Garganacl|Garganacl, M|59\/100\n|-damage|p1a: Garganacl|46\/100|[from] Stealth Rock\n|-damage|p1a: Garganacl|21\/100|[from] Spikes\n|move|p2a: Gliscor|Roost|p2a: Gliscor\n|-heal|p2a: Gliscor|91\/100\n|-singleturn|p2a: Gliscor|move: Roost\n|\n|upkeep\n|turn|47\n|\n|t:|1700021634\n|switch|p2a: Celesteela|Celesteela|25\/100\n|-damage|p2a: Celesteela|12\/100|[from] Stealth Rock\n|move|p1a: Garganacl|Recover|p1a: Garganacl\n|-heal|p1a: Garganacl|71\/100\n|\n|-heal|p2a: Celesteela|18\/100|[from] item: Leftovers\n|upkeep\n|turn|48\n|\n|t:|1700021638\n|move|p2a: Celesteela|Protect|p2a: Celesteela\n|-singleturn|p2a: Celesteela|Protect\n|move|p1a: Garganacl|Salt Cure|p2a: Celesteela\n|-activate|p2a: Celesteela|move: Protect\n|\n|-heal|p2a: Celesteela|24\/100|[from] item: Leftovers\n|upkeep\n|turn|49\n|\n|t:|1700021652\n|-terastallize|p2a: Celesteela|Ghost\n|move|p2a: Celesteela|Leech Seed|p1a: Garganacl\n|-start|p1a: Garganacl|move: Leech Seed\n|move|p1a: Garganacl|Salt Cure|p2a: Celesteela\n|-damage|p2a: Celesteela|16\/100\n|-start|p2a: Celesteela|Salt Cure\n|\n|-heal|p2a: Celesteela|22\/100|[from] item: Leftovers\n|-damage|p1a: Garganacl|59\/100|[from] Leech Seed|[of] p2a: Celesteela\n|-heal|p2a: Celesteela|34\/100|[silent]\n|-damage|p2a: Celesteela|22\/100|[from] Salt Cure\n|upkeep\n|turn|50\n|\n|t:|1700021661\n|switch|p1a: Tornadus|Tornadus-Therian, M|96\/100\n|-damage|p1a: Tornadus|71\/100|[from] Stealth Rock\n|move|p2a: Celesteela|Leech Seed|p1a: Tornadus\n|-start|p1a: Tornadus|move: Leech Seed\n|\n|-heal|p2a: Celesteela|28\/100|[from] item: Leftovers\n|-damage|p1a: Tornadus|58\/100|[from] Leech Seed|[of] p2a: Celesteela\n|-heal|p2a: Celesteela|39\/100|[silent]\n|-damage|p2a: Celesteela|27\/100|[from] Salt Cure\n|upkeep\n|turn|51\n|\n|t:|1700021666\n|move|p2a: Celesteela|Protect|p2a: Celesteela\n|-singleturn|p2a: Celesteela|Protect\n|move|p1a: Tornadus|U-turn|p2a: Celesteela\n|-activate|p2a: Celesteela|move: Protect\n|\n|-heal|p2a: Celesteela|33\/100|[from] item: Leftovers\n|-damage|p1a: Tornadus|46\/100|[from] Leech Seed|[of] p2a: Celesteela\n|-heal|p2a: Celesteela|44\/100|[silent]\n|-damage|p2a: Celesteela|32\/100|[from] Salt Cure\n|upkeep\n|turn|52\n|\n|t:|1700021676\n|switch|p2a: Gliscor|Gliscor, M|91\/100\n|-damage|p2a: Gliscor|78\/100|[from] Stealth Rock\n|move|p1a: Tornadus|Bleakwind Storm|p2a: Gliscor\n|-damage|p2a: Gliscor|34\/100\n|\n|-damage|p1a: Tornadus|33\/100|[from] Leech Seed|[of] p2a: Gliscor\n|-heal|p2a: Gliscor|47\/100|[silent]\n|upkeep\n|turn|53\n|\n|t:|1700021685\n|move|p2a: Gliscor|Protect|p2a: Gliscor\n|-singleturn|p2a: Gliscor|Protect\n|move|p1a: Tornadus|Taunt|p2a: Gliscor\n|-activate|p2a: Gliscor|move: Protect\n|\n|-damage|p1a: Tornadus|21\/100|[from] Leech Seed|[of] p2a: Gliscor\n|-heal|p2a: Gliscor|60\/100|[silent]\n|upkeep\n|turn|54\n|\n|t:|1700021690\n|move|p1a: Tornadus|Bleakwind Storm|p2a: Gliscor\n|-damage|p2a: Gliscor|15\/100\n|-unboost|p2a: Gliscor|spe|1\n|move|p2a: Gliscor|Knock Off|p1a: Tornadus\n|-damage|p1a: Tornadus|7\/100\n|\n|-damage|p1a: Tornadus|0 fnt|[from] Leech Seed|[of] p2a: Gliscor\n|-heal|p2a: Gliscor|21\/100|[silent]\n|faint|p1a: Tornadus\n|upkeep\n|\n|t:|1700021695\n|switch|p1a: Scizor|Scizor, M|100\/100\n|-damage|p1a: Scizor|88\/100|[from] Stealth Rock\n|-damage|p1a: Scizor|63\/100|[from] Spikes\n|turn|55\n|\n|t:|1700021701\n|detailschange|p1a: Scizor|Scizor-Mega, M\n|-mega|p1a: Scizor|Scizor|Scizorite\n|move|p1a: Scizor|Bullet Punch|p2a: Gliscor\n|-damage|p2a: Gliscor|4\/100\n|move|p2a: Gliscor|Roost|p2a: Gliscor\n|-heal|p2a: Gliscor|54\/100\n|-singleturn|p2a: Gliscor|move: Roost\n|\n|upkeep\n|turn|56\n|\n|t:|1700021707\n|move|p1a: Scizor|Swords Dance|p1a: Scizor\n|-boost|p1a: Scizor|atk|2\n|move|p2a: Gliscor|Roost|p2a: Gliscor\n|-heal|p2a: Gliscor|100\/100\n|-singleturn|p2a: Gliscor|move: Roost\n|\n|upkeep\n|turn|57\n|\n|t:|1700021714\n|switch|p2a: Celesteela|Celesteela, tera:Ghost|32\/100\n|-damage|p2a: Celesteela|7\/100|[from] Spikes\n|-damage|p2a: Celesteela|0 fnt|[from] Stealth Rock\n|faint|p2a: Celesteela\n|move|p1a: Scizor|U-turn|p2: Celesteela|[notarget]\n|-fail|p1a: Scizor\n|\n|upkeep\n|\n|t:|1700021716\n|switch|p2a: Dondozo|Dondozo, F|69\/100 slp\n|-damage|p2a: Dondozo|44\/100 slp|[from] Spikes\n|-damage|p2a: Dondozo|31\/100 slp|[from] Stealth Rock\n|turn|58\n|\n|t:|1700021729\n|move|p1a: Scizor|U-turn|p2a: Dondozo\n|-damage|p2a: Dondozo|15\/100 slp\n|-damage|p1a: Scizor|47\/100|[from] item: Rocky Helmet|[of] p2a: Dondozo\n|\n|t:|1700021732\n|switch|p1a: Garganacl|Garganacl, M|59\/100|[from] U-turn\n|-damage|p1a: Garganacl|47\/100|[from] Stealth Rock\n|-damage|p1a: Garganacl|22\/100|[from] Spikes\n|cant|p2a: Dondozo|slp\n|move|p2a: Dondozo|Sleep Talk|p2a: Dondozo\n|move|p2a: Dondozo|Rest||[from]move: Sleep Talk|[still]\n|-fail|p2a: Dondozo\n|\n|upkeep\n|turn|59\n|\n|t:|1700021738\n|-curestatus|p2a: Dondozo|slp|[msg]\n|move|p2a: Dondozo|Rest|p2a: Dondozo\n|-status|p2a: Dondozo|slp|[from] move: Rest\n|-heal|p2a: Dondozo|100\/100 slp|[silent]\n|move|p1a: Garganacl|Salt Cure|p2a: Dondozo\n|-damage|p2a: Dondozo|95\/100 slp\n|-start|p2a: Dondozo|Salt Cure\n|\n|-damage|p2a: Dondozo|70\/100 slp|[from] Salt Cure\n|upkeep\n|turn|60\n|\n|t:|1700021754\n|switch|p2a: Gliscor|Gliscor, M|100\/100\n|-damage|p2a: Gliscor|88\/100|[from] Stealth Rock\n|move|p1a: Garganacl|Salt Cure|p2a: Gliscor\n|-damage|p2a: Gliscor|80\/100\n|-start|p2a: Gliscor|Salt Cure\n|\n|-damage|p2a: Gliscor|67\/100|[from] Salt Cure\n|upkeep\n|turn|61\n|\n|t:|1700021758\n|move|p2a: Gliscor|Knock Off|p1a: Garganacl\n|-damage|p1a: Garganacl|11\/100\n|move|p1a: Garganacl|Recover|p1a: Garganacl\n|-heal|p1a: Garganacl|61\/100\n|\n|-damage|p2a: Gliscor|55\/100|[from] Salt Cure\n|upkeep\n|turn|62\n|\n|t:|1700021764\n|move|p2a: Gliscor|Knock Off|p1a: Garganacl\n|-damage|p1a: Garganacl|51\/100\n|move|p1a: Garganacl|Salt Cure|p2a: Gliscor\n|-damage|p2a: Gliscor|45\/100\n|\n|-damage|p2a: Gliscor|33\/100|[from] Salt Cure\n|upkeep\n|turn|63\n|\n|t:|1700021769\n|move|p2a: Gliscor|Roost|p2a: Gliscor\n|-heal|p2a: Gliscor|83\/100\n|-singleturn|p2a: Gliscor|move: Roost\n|move|p1a: Garganacl|Salt Cure|p2a: Gliscor\n|-resisted|p2a: Gliscor\n|-damage|p2a: Gliscor|79\/100\n|\n|-damage|p2a: Gliscor|66\/100|[from] Salt Cure\n|upkeep\n|turn|64\n|\n|t:|1700021776\n|move|p1a: Garganacl|Protect|p1a: Garganacl\n|-singleturn|p1a: Garganacl|Protect\n|move|p2a: Gliscor|Knock Off|p1a: Garganacl\n|-activate|p1a: Garganacl|move: Protect\n|\n|-damage|p2a: Gliscor|54\/100|[from] Salt Cure\n|upkeep\n|turn|65\n|\n|t:|1700021780\n|move|p2a: Gliscor|Knock Off|p1a: Garganacl\n|-damage|p1a: Garganacl|42\/100\n|move|p1a: Garganacl|Salt Cure|p2a: Gliscor\n|-damage|p2a: Gliscor|45\/100\n|\n|-damage|p2a: Gliscor|33\/100|[from] Salt Cure\n|upkeep\n|turn|66\n|\n|t:|1700021784\n|move|p2a: Gliscor|Roost|p2a: Gliscor\n|-heal|p2a: Gliscor|83\/100\n|-singleturn|p2a: Gliscor|move: Roost\n|move|p1a: Garganacl|Salt Cure|p2a: Gliscor\n|-resisted|p2a: Gliscor\n|-crit|p2a: Gliscor\n|-damage|p2a: Gliscor|77\/100\n|\n|-damage|p2a: Gliscor|65\/100|[from] Salt Cure\n|upkeep\n|turn|67\n|\n|t:|1700021794\n|move|p2a: Gliscor|Spikes||[still]\n|-fail|p2a: Gliscor\n|move|p1a: Garganacl|Salt Cure|p2a: Gliscor\n|-damage|p2a: Gliscor|56\/100\n|\n|-damage|p2a: Gliscor|44\/100|[from] Salt Cure\n|upkeep\n|turn|68\n|\n|t:|1700021798\n|move|p2a: Gliscor|Roost|p2a: Gliscor\n|-heal|p2a: Gliscor|94\/100\n|-singleturn|p2a: Gliscor|move: Roost\n|move|p1a: Garganacl|Salt Cure|p2a: Gliscor\n|-resisted|p2a: Gliscor\n|-damage|p2a: Gliscor|90\/100\n|\n|-damage|p2a: Gliscor|77\/100|[from] Salt Cure\n|upkeep\n|turn|69\n|\n|t:|1700021802\n|move|p1a: Garganacl|Protect|p1a: Garganacl\n|-singleturn|p1a: Garganacl|Protect\n|move|p2a: Gliscor|Knock Off|p1a: Garganacl\n|-activate|p1a: Garganacl|move: Protect\n|\n|-damage|p2a: Gliscor|65\/100|[from] Salt Cure\n|upkeep\n|turn|70\n|\n|t:|1700021805\n|move|p2a: Gliscor|Knock Off|p1a: Garganacl\n|-damage|p1a: Garganacl|32\/100\n|move|p1a: Garganacl|Salt Cure|p2a: Gliscor\n|-damage|p2a: Gliscor|56\/100\n|\n|-damage|p2a: Gliscor|44\/100|[from] Salt Cure\n|upkeep\n|turn|71\n|\n|t:|1700021813\n|move|p2a: Gliscor|Knock Off|p1a: Garganacl\n|-damage|p1a: Garganacl|22\/100\n|move|p1a: Garganacl|Salt Cure|p2a: Gliscor\n|-damage|p2a: Gliscor|35\/100\n|\n|-damage|p2a: Gliscor|23\/100|[from] Salt Cure\n|upkeep\n|turn|72\n|\n|t:|1700021816\n|move|p2a: Gliscor|Roost|p2a: Gliscor\n|-heal|p2a: Gliscor|73\/100\n|-singleturn|p2a: Gliscor|move: Roost\n|move|p1a: Garganacl|Recover|p1a: Garganacl\n|-heal|p1a: Garganacl|72\/100\n|\n|-damage|p2a: Gliscor|60\/100|[from] Salt Cure\n|upkeep\n|turn|73\n|\n|t:|1700021821\n|switch|p2a: Clodsire|Clodsire, F|69\/100\n|-damage|p2a: Clodsire|44\/100|[from] Spikes\n|-damage|p2a: Clodsire|38\/100|[from] Stealth Rock\n|move|p1a: Garganacl|Protect||[still]\n|-fail|p1a: Garganacl\n|\n|-heal|p2a: Clodsire|44\/100|[from] item: Leftovers\n|upkeep\n|turn|74\n|\n|t:|1700021824\n|move|p1a: Garganacl|Salt Cure|p2a: Clodsire\n|-resisted|p2a: Clodsire\n|-damage|p2a: Clodsire|37\/100\n|-start|p2a: Clodsire|Salt Cure\n|move|p2a: Clodsire|Recover|p2a: Clodsire\n|-heal|p2a: Clodsire|87\/100\n|\n|-heal|p2a: Clodsire|94\/100|[from] item: Leftovers\n|-damage|p2a: Clodsire|81\/100|[from] Salt Cure\n|upkeep\n|turn|75\n|\n|t:|1700021834\n|switch|p1a: Gliscor|Gliscor, F, shiny|100\/100 tox\n|-damage|p1a: Gliscor|88\/100 tox|[from] Stealth Rock\n|switch|p2a: Sableye|Sableye-Mega, M|88\/100\n|-damage|p2a: Sableye|63\/100|[from] Spikes\n|-damage|p2a: Sableye|50\/100|[from] Stealth Rock\n|\n|-heal|p1a: Gliscor|100\/100 tox|[from] ability: Poison Heal\n|upkeep\n|turn|76\n|\n|t:|1700021838\n|move|p2a: Sableye|Protect|p2a: Sableye\n|-singleturn|p2a: Sableye|Protect\n|move|p1a: Gliscor|Knock Off|p2a: Sableye\n|-activate|p2a: Sableye|move: Protect\n|\n|upkeep\n|turn|77\n|\n|t:|1700021845\n|switch|p1a: Scizor|Scizor-Mega, M|47\/100\n|-damage|p1a: Scizor|35\/100|[from] Stealth Rock\n|-damage|p1a: Scizor|10\/100|[from] Spikes\n|move|p2a: Sableye|Recover|p2a: Sableye\n|-heal|p2a: Sableye|100\/100\n|\n|upkeep\n|turn|78\n|\n|t:|1700021849\n|move|p1a: Scizor|Roost|p1a: Scizor\n|-heal|p1a: Scizor|60\/100\n|-singleturn|p1a: Scizor|move: Roost\n|move|p2a: Sableye|Will-O-Wisp|p1a: Scizor|[miss]\n|-miss|p2a: Sableye|p1a: Scizor\n|\n|upkeep\n|turn|79\n|\n|t:|1700021863\n|switch|p1a: Garganacl|Garganacl, M|72\/100\n|-damage|p1a: Garganacl|59\/100|[from] Stealth Rock\n|-damage|p1a: Garganacl|34\/100|[from] Spikes\n|move|p2a: Sableye|Knock Off|p1a: Garganacl\n|-damage|p1a: Garganacl|21\/100\n|\n|upkeep\n|turn|80\n|\n|t:|1700021868\n|move|p1a: Garganacl|Salt Cure|p2a: Sableye\n|-damage|p2a: Sableye|90\/100\n|-start|p2a: Sableye|Salt Cure\n|move|p2a: Sableye|Knock Off|p1a: Garganacl\n|-damage|p1a: Garganacl|8\/100\n|\n|-damage|p2a: Sableye|78\/100|[from] Salt Cure\n|upkeep\n|turn|81\n|\n|t:|1700021871\n|switch|p2a: Clodsire|Clodsire, F|81\/100\n|-damage|p2a: Clodsire|56\/100|[from] Spikes\n|-damage|p2a: Clodsire|50\/100|[from] Stealth Rock\n|move|p1a: Garganacl|Protect||[still]\n|-fail|p1a: Garganacl\n|\n|-heal|p2a: Clodsire|56\/100|[from] item: Leftovers\n|upkeep\n|turn|82\n|\n|t:|1700021873\n|move|p1a: Garganacl|Salt Cure|p2a: Clodsire\n|-resisted|p2a: Clodsire\n|-damage|p2a: Clodsire|49\/100\n|-start|p2a: Clodsire|Salt Cure\n|move|p2a: Clodsire|Recover|p2a: Clodsire\n|-heal|p2a: Clodsire|99\/100\n|\n|-heal|p2a: Clodsire|100\/100|[from] item: Leftovers\n|-damage|p2a: Clodsire|88\/100|[from] Salt Cure\n|upkeep\n|turn|83\n|\n|t:|1700021876\n|move|p1a: Garganacl|Protect|p1a: Garganacl\n|-singleturn|p1a: Garganacl|Protect\n|move|p2a: Clodsire|Earthquake|p1a: Garganacl\n|-activate|p1a: Garganacl|move: Protect\n|\n|-heal|p2a: Clodsire|94\/100|[from] item: Leftovers\n|-damage|p2a: Clodsire|82\/100|[from] Salt Cure\n|upkeep\n|turn|84\n|\n|t:|1700021882\n|move|p1a: Garganacl|Salt Cure|p2a: Clodsire\n|-resisted|p2a: Clodsire\n|-damage|p2a: Clodsire|74\/100\n|move|p2a: Clodsire|Earthquake|p1a: Garganacl\n|-supereffective|p1a: Garganacl\n|-damage|p1a: Garganacl|0 fnt\n|faint|p1a: Garganacl\n|\n|-heal|p2a: Clodsire|80\/100|[from] item: Leftovers\n|-damage|p2a: Clodsire|68\/100|[from] Salt Cure\n|upkeep\n|\n|t:|1700021891\n|switch|p1a: Scizor|Scizor-Mega, M|60\/100\n|-damage|p1a: Scizor|48\/100|[from] Stealth Rock\n|-damage|p1a: Scizor|23\/100|[from] Spikes\n|turn|85\n|\n|t:|1700021909\n|switch|p2a: Sableye|Sableye-Mega, M|78\/100\n|-damage|p2a: Sableye|53\/100|[from] Spikes\n|-damage|p2a: Sableye|40\/100|[from] Stealth Rock\n|move|p1a: Scizor|Roost|p1a: Scizor\n|-heal|p1a: Scizor|73\/100\n|-singleturn|p1a: Scizor|move: Roost\n|\n|upkeep\n|turn|86\n|\n|t:|1700021913\n|move|p1a: Scizor|U-turn|p2a: Sableye\n|-damage|p2a: Sableye|17\/100\n|\n|t:|1700021915\n|switch|p1a: Gliscor|Gliscor, F, shiny|100\/100 tox|[from] U-turn\n|-damage|p1a: Gliscor|88\/100 tox|[from] Stealth Rock\n|move|p2a: Sableye|Recover|p2a: Sableye\n|-heal|p2a: Sableye|67\/100\n|\n|-heal|p1a: Gliscor|100\/100 tox|[from] ability: Poison Heal\n|upkeep\n|turn|87\n|\n|t:|1700021919\n|move|p2a: Sableye|Protect|p2a: Sableye\n|-singleturn|p2a: Sableye|Protect\n|move|p1a: Gliscor|Knock Off|p2a: Sableye\n|-activate|p2a: Sableye|move: Protect\n|\n|upkeep\n|turn|88\n|\n|t:|1700021923\n|move|p1a: Gliscor|Knock Off|p2a: Sableye\n|-damage|p2a: Sableye|57\/100\n|move|p2a: Sableye|Recover|p2a: Sableye\n|-heal|p2a: Sableye|100\/100\n|\n|upkeep\n|turn|89\n|\n|t:|1700021927\n|switch|p1a: Scizor|Scizor-Mega, M|73\/100\n|-damage|p1a: Scizor|61\/100|[from] Stealth Rock\n|-damage|p1a: Scizor|36\/100|[from] Spikes\n|move|p2a: Sableye|Protect||[still]\n|-fail|p2a: Sableye\n|\n|upkeep\n|turn|90\n|\n|t:|1700021944\n|switch|p2a: Gliscor|Gliscor, M|60\/100\n|-damage|p2a: Gliscor|48\/100|[from] Stealth Rock\n|move|p1a: Scizor|Roost|p1a: Scizor\n|-heal|p1a: Scizor|86\/100\n|-singleturn|p1a: Scizor|move: Roost\n|\n|upkeep\n|turn|91\n|\n|t:|1700021949\n|move|p2a: Gliscor|Knock Off|p1a: Scizor\n|-damage|p1a: Scizor|76\/100\n|move|p1a: Scizor|Swords Dance|p1a: Scizor\n|-boost|p1a: Scizor|atk|2\n|\n|upkeep\n|turn|92\n|\n|t:|1700021958\n|move|p2a: Gliscor|Knock Off|p1a: Scizor\n|-damage|p1a: Scizor|68\/100\n|move|p1a: Scizor|U-turn|p2a: Gliscor\n|-resisted|p2a: Gliscor\n|-damage|p2a: Gliscor|29\/100\n|\n|t:|1700021965\n|switch|p1a: Gliscor|Gliscor, F, shiny|100\/100 tox|[from] U-turn\n|-damage|p1a: Gliscor|88\/100 tox|[from] Stealth Rock\n|\n|-heal|p1a: Gliscor|100\/100 tox|[from] ability: Poison Heal\n|upkeep\n|turn|93\n|\n|t:|1700021971\n|move|p2a: Gliscor|Protect|p2a: Gliscor\n|-singleturn|p2a: Gliscor|Protect\n|move|p1a: Gliscor|Knock Off|p2a: Gliscor\n|-activate|p2a: Gliscor|move: Protect\n|\n|upkeep\n|turn|94\n|\n|t:|1700021988\n|switch|p1a: Scizor|Scizor-Mega, M|68\/100\n|-damage|p1a: Scizor|56\/100|[from] Stealth Rock\n|-damage|p1a: Scizor|31\/100|[from] Spikes\n|move|p2a: Gliscor|Knock Off|p1a: Scizor\n|-damage|p1a: Scizor|21\/100\n|\n|upkeep\n|turn|95\n|\n|t:|1700021993\n|move|p2a: Gliscor|Knock Off|p1a: Scizor\n|-damage|p1a: Scizor|12\/100\n|move|p1a: Scizor|Roost|p1a: Scizor\n|-heal|p1a: Scizor|62\/100\n|-singleturn|p1a: Scizor|move: Roost\n|\n|upkeep\n|turn|96\n|\n|t:|1700021996\n|move|p2a: Gliscor|Knock Off|p1a: Scizor\n|-damage|p1a: Scizor|54\/100\n|move|p1a: Scizor|Swords Dance|p1a: Scizor\n|-boost|p1a: Scizor|atk|2\n|\n|upkeep\n|turn|97\n|\n|t:|1700021999\n|move|p2a: Gliscor|Knock Off|p1a: Scizor\n|-damage|p1a: Scizor|45\/100\n|move|p1a: Scizor|Swords Dance|p1a: Scizor\n|-boost|p1a: Scizor|atk|2\n|\n|upkeep\n|turn|98\n|\n|t:|1700022001\n|move|p2a: Gliscor|Knock Off|p1a: Scizor\n|-damage|p1a: Scizor|36\/100\n|move|p1a: Scizor|Roost|p1a: Scizor\n|-heal|p1a: Scizor|87\/100\n|-singleturn|p1a: Scizor|move: Roost\n|\n|upkeep\n|turn|99\n|\n|t:|1700022005\n|move|p1a: Scizor|Bullet Punch|p2a: Gliscor\n|-damage|p2a: Gliscor|0 fnt\n|faint|p2a: Gliscor\n|\n|upkeep\n|\n|t:|1700022007\n|switch|p2a: Dondozo|Dondozo, F|70\/100 slp\n|-damage|p2a: Dondozo|45\/100 slp|[from] Spikes\n|-damage|p2a: Dondozo|32\/100 slp|[from] Stealth Rock\n|turn|100\n|\n|t:|1700022010\n|move|p1a: Scizor|U-turn|p2a: Dondozo\n|-damage|p2a: Dondozo|17\/100 slp\n|-damage|p1a: Scizor|70\/100|[from] item: Rocky Helmet|[of] p2a: Dondozo\n|\n|t:|1700022012\n|switch|p1a: Terrakion|Terrakion|100\/100|[from] U-turn\n|-damage|p1a: Terrakion|94\/100|[from] Stealth Rock\n|-damage|p1a: Terrakion|69\/100|[from] Spikes\n|cant|p2a: Dondozo|slp\n|move|p2a: Dondozo|Sleep Talk|p2a: Dondozo\n|move|p2a: Dondozo|Rest||[from]move: Sleep Talk|[still]\n|-fail|p2a: Dondozo\n|\n|upkeep\n|turn|101\n|\n|t:|1700022027\n|move|p1a: Terrakion|Swords Dance|p1a: Terrakion\n|-boost|p1a: Terrakion|atk|2\n|cant|p2a: Dondozo|slp\n|move|p2a: Dondozo|Sleep Talk|p2a: Dondozo\n|move|p2a: Dondozo|Rest||[from]move: Sleep Talk|[still]\n|-fail|p2a: Dondozo\n|\n|upkeep\n|turn|102\n|\n|t:|1700022033\n|move|p1a: Terrakion|Close Combat|p2a: Dondozo\n|-damage|p2a: Dondozo|0 fnt\n|-unboost|p1a: Terrakion|def|1\n|-unboost|p1a: Terrakion|spd|1\n|-damage|p1a: Terrakion|53\/100|[from] item: Rocky Helmet|[of] p2a: Dondozo\n|faint|p2a: Dondozo\n|\n|upkeep\n|\n|t:|1700022039\n|switch|p2a: Sableye|Sableye-Mega, M|100\/100\n|-damage|p2a: Sableye|75\/100|[from] Spikes\n|-damage|p2a: Sableye|63\/100|[from] Stealth Rock\n|turn|103\n|\n|t:|1700022041\n|move|p1a: Terrakion|Stone Edge|p2a: Sableye\n|-damage|p2a: Sableye|0 fnt\n|faint|p2a: Sableye\n|\n|upkeep\n|-message|bazhuyu forfeited.\n|\n|win|gliscorforuu\n|raw|gliscorforuu's rating: 1387 &rarr; <strong>1415<\/strong><br \/>(+28 for winning)\n|raw|bazhuyu's rating: 1542 &rarr; <strong>1514<\/strong><br \/>(-28 for losing)\n|l|\u2606bazhuyu\n|n| Repeater211|gliscorforuu\n|j| abbabareal2\n|j| EclipseWave\n|l| EclipseWave\n|j| psychedreammachine\n","uploadtime":1700022234,"views":22,"p1id":"gliscorforuu","p2id":"bazhuyu","formatid":"gen9nationaldex","rating":1415,"private":0,"password":""}