{"id":"gen9nationaldex-1998533749","p1":"apheliodiomycota","p2":"OkcThunder0","format":"[Gen 9] National Dex","log":"|html|<div class=\"broadcast-blue\"><strong>[Gen 9] National Dex is currently suspecting Sneasler! For information on how to participate check out the <a href=\"https:\/\/www.smogon.com\/forums\/threads\/sv-national-dex-suspect-8-just-dance.3731534\/\">suspect thread<\/a>.<\/strong><\/div>\n|j|\u2606apheliodiomycota\n|j|\u2606OkcThunder0\n|t:|1700953231\n|gametype|singles\n|player|p1|apheliodiomycota|1|1598\n|player|p2|OkcThunder0|1|1679\n|teamsize|p1|6\n|teamsize|p2|6\n|gen|9\n|tier|[Gen 9] National Dex\n|rated|\n|rule|HP Percentage Mod: HP is shown in percentages\n|rule|Endless Battle Clause: Forcing endless battles is banned\n|rule|OHKO Clause: OHKO moves are banned\n|rule|Evasion Clause: Evasion abilities, items, and moves are banned\n|rule|Evasion Abilities Clause: Evasion abilities are banned\n|rule|Evasion Items Clause: Evasion items are banned\n|rule|Evasion Moves Clause: Evasion moves are banned\n|rule|Species Clause: Limit one of each Pok\u00e9mon\n|rule|Sleep Clause Mod: Limit one foe put to sleep\n|clearpoke\n|poke|p1|Tapu Lele|\n|poke|p1|Garchomp, M|\n|poke|p1|Corviknight, F|\n|poke|p1|Skeledirge, F|\n|poke|p1|Samurott-Hisui, F|\n|poke|p1|Venusaur, F|\n|poke|p2|Diancie|\n|poke|p2|Clodsire, F|\n|poke|p2|Corviknight, F|\n|poke|p2|Meowscarada, M|\n|poke|p2|Kommo-o, M|\n|poke|p2|Rotom-Wash|\n|teampreview\n|inactive|Battle timer is ON: inactive players will automatically lose when time's up. (requested by apheliodiomycota)\n|\n|t:|1700953239\n|start\n|switch|p1a: Tapu Lele|Tapu Lele|100\/100\n|switch|p2a: Diancie|Diancie|100\/100\n|-fieldstart|move: Psychic Terrain|[from] ability: Psychic Surge|[of] p1a: Tapu Lele\n|turn|1\n|\n|t:|1700953242\n|switch|p2a: Corviknight|Corviknight, F|100\/100\n|-ability|p2a: Corviknight|Pressure\n|move|p1a: Tapu Lele|Psychic|p2a: Corviknight\n|-resisted|p2a: Corviknight\n|-damage|p2a: Corviknight|57\/100\n|\n|-heal|p2a: Corviknight|63\/100|[from] item: Leftovers\n|upkeep\n|turn|2\n|\n|t:|1700953249\n|switch|p1a: Corviknight|Corviknight, F|100\/100\n|-ability|p1a: Corviknight|Pressure\n|switch|p2a: Meowscarada|Meowscarada, M|100\/100\n|\n|upkeep\n|turn|3\n|\n|t:|1700953255\n|switch|p2a: Kommo-o|Kommo-o, M|100\/100\n|move|p1a: Corviknight|U-turn|p2a: Kommo-o\n|-resisted|p2a: Kommo-o\n|-damage|p2a: Kommo-o|96\/100\n|-damage|p1a: Corviknight|84\/100|[from] item: Rocky Helmet|[of] p2a: Kommo-o\n|\n|t:|1700953256\n|switch|p1a: Tapu Lele|Tapu Lele|100\/100|[from] U-turn\n|\n|upkeep\n|turn|4\n|\n|t:|1700953260\n|switch|p2a: Clodsire|Clodsire, F|100\/100\n|move|p1a: Tapu Lele|Moonblast|p2a: Clodsire\n|-resisted|p2a: Clodsire\n|-damage|p2a: Clodsire|82\/100\n|\n|upkeep\n|turn|5\n|\n|t:|1700953264\n|switch|p1a: Venusaur|Venusaur, F|100\/100\n|move|p2a: Clodsire|Spikes|p1a: Venusaur\n|-sidestart|p1: apheliodiomycota|Spikes\n|\n|-fieldend|move: Psychic Terrain\n|upkeep\n|turn|6\n|\n|t:|1700953269\n|switch|p2a: Corviknight|Corviknight, F|63\/100\n|-ability|p2a: Corviknight|Pressure\n|detailschange|p1a: Venusaur|Venusaur-Mega, F\n|-mega|p1a: Venusaur|Venusaur|Venusaurite\n|move|p1a: Venusaur|Leech Seed|p2a: Corviknight\n|-start|p2a: Corviknight|move: Leech Seed\n|\n|-heal|p2a: Corviknight|69\/100|[from] item: Leftovers\n|-damage|p2a: Corviknight|57\/100|[from] Leech Seed|[of] p1a: Venusaur\n|upkeep\n|turn|7\n|\n|t:|1700953274\n|switch|p1a: Corviknight|Corviknight, F|84\/100\n|-ability|p1a: Corviknight|Pressure\n|move|p2a: Corviknight|U-turn|p1a: Corviknight\n|-resisted|p1a: Corviknight\n|-damage|p1a: Corviknight|81\/100\n|-damage|p2a: Corviknight|40\/100|[from] item: Rocky Helmet|[of] p1a: Corviknight\n|\n|t:|1700953279\n|switch|p2a: Rotom|Rotom-Wash|100\/100|[from] U-turn\n|\n|upkeep\n|turn|8\n|\n|t:|1700953282\n|switch|p2a: Diancie|Diancie|100\/100\n|switch|p1a: Garchomp|Garchomp, M|100\/100\n|-damage|p1a: Garchomp|88\/100|[from] Spikes\n|\n|upkeep\n|turn|9\n|\n|t:|1700953287\n|switch|p1a: Venusaur|Venusaur-Mega, F|100\/100\n|-damage|p1a: Venusaur|88\/100|[from] Spikes\n|detailschange|p2a: Diancie|Diancie-Mega\n|-mega|p2a: Diancie|Diancie|Diancite\n|move|p2a: Diancie|Mystical Fire|p1a: Venusaur\n|-supereffective|p1a: Venusaur\n|-damage|p1a: Venusaur|66\/100\n|-unboost|p1a: Venusaur|spa|1\n|\n|upkeep\n|turn|10\n|\n|t:|1700953293\n|move|p2a: Diancie|Diamond Storm|p1a: Venusaur\n|-damage|p1a: Venusaur|31\/100\n|move|p1a: Venusaur|Synthesis|p1a: Venusaur\n|-heal|p1a: Venusaur|81\/100\n|\n|upkeep\n|turn|11\n|\n|t:|1700953300\n|switch|p2a: Corviknight|Corviknight, F|40\/100\n|-ability|p2a: Corviknight|Pressure\n|move|p1a: Venusaur|Earth Power|p2a: Corviknight\n|-immune|p2a: Corviknight\n|\n|-heal|p2a: Corviknight|46\/100|[from] item: Leftovers\n|upkeep\n|turn|12\n|\n|t:|1700953302\n|move|p1a: Venusaur|Leech Seed|p2a: Corviknight\n|-start|p2a: Corviknight|move: Leech Seed\n|move|p2a: Corviknight|Roost|p2a: Corviknight\n|-heal|p2a: Corviknight|96\/100\n|-singleturn|p2a: Corviknight|move: Roost\n|\n|-heal|p2a: Corviknight|100\/100|[from] item: Leftovers\n|-damage|p2a: Corviknight|88\/100|[from] Leech Seed|[of] p1a: Venusaur\n|-heal|p1a: Venusaur|94\/100|[silent]\n|upkeep\n|turn|13\n|\n|t:|1700953306\n|switch|p1a: Corviknight|Corviknight, F|81\/100\n|-ability|p1a: Corviknight|Pressure\n|move|p2a: Corviknight|U-turn|p1a: Corviknight\n|-resisted|p1a: Corviknight\n|-damage|p1a: Corviknight|79\/100\n|-damage|p2a: Corviknight|71\/100|[from] item: Rocky Helmet|[of] p1a: Corviknight\n|\n|t:|1700953309\n|switch|p2a: Rotom|Rotom-Wash|100\/100|[from] U-turn\n|\n|upkeep\n|turn|14\n|\n|t:|1700953311\n|switch|p1a: Venusaur|Venusaur-Mega, F|94\/100\n|-damage|p1a: Venusaur|82\/100|[from] Spikes\n|move|p2a: Rotom|Volt Switch|p1a: Venusaur\n|-resisted|p1a: Venusaur\n|-damage|p1a: Venusaur|73\/100\n|\n|t:|1700953316\n|switch|p2a: Corviknight|Corviknight, F|71\/100|[from] Volt Switch\n|-ability|p2a: Corviknight|Pressure\n|\n|-heal|p2a: Corviknight|78\/100|[from] item: Leftovers\n|upkeep\n|turn|15\n|\n|t:|1700953319\n|switch|p2a: Kommo-o|Kommo-o, M|96\/100\n|move|p1a: Venusaur|Leech Seed|p2a: Kommo-o\n|-start|p2a: Kommo-o|move: Leech Seed\n|\n|-damage|p2a: Kommo-o|84\/100|[from] Leech Seed|[of] p1a: Venusaur\n|-heal|p1a: Venusaur|85\/100|[silent]\n|upkeep\n|turn|16\n|\n|t:|1700953325\n|move|p2a: Kommo-o|Stealth Rock|p1a: Venusaur\n|-sidestart|p1: apheliodiomycota|move: Stealth Rock\n|move|p1a: Venusaur|Sludge Bomb|p2a: Kommo-o\n|-immune|p2a: Kommo-o|[from] ability: Bulletproof\n|\n|-damage|p2a: Kommo-o|71\/100|[from] Leech Seed|[of] p1a: Venusaur\n|-heal|p1a: Venusaur|97\/100|[silent]\n|upkeep\n|turn|17\n|\n|t:|1700953330\n|switch|p2a: Corviknight|Corviknight, F|78\/100\n|-ability|p2a: Corviknight|Pressure\n|move|p1a: Venusaur|Earth Power|p2a: Corviknight\n|-immune|p2a: Corviknight\n|\n|-heal|p2a: Corviknight|84\/100|[from] item: Leftovers\n|upkeep\n|turn|18\n|\n|t:|1700953333\n|move|p1a: Venusaur|Leech Seed|p2a: Corviknight|[miss]\n|-miss|p1a: Venusaur|p2a: Corviknight\n|move|p2a: Corviknight|U-turn|p1a: Venusaur\n|-damage|p1a: Venusaur|88\/100\n|\n|t:|1700953337\n|switch|p2a: Meowscarada|Meowscarada, M|100\/100|[from] U-turn\n|\n|upkeep\n|turn|19\n|\n|t:|1700953341\n|move|p2a: Meowscarada|U-turn|p1a: Venusaur\n|-start|p2a: Meowscarada|typechange|Bug|[from] ability: Protean\n|-crit|p1a: Venusaur\n|-damage|p1a: Venusaur|40\/100\n|\n|t:|1700953345\n|switch|p2a: Corviknight|Corviknight, F|84\/100|[from] U-turn\n|-ability|p2a: Corviknight|Pressure\n|move|p1a: Venusaur|Synthesis|p1a: Venusaur\n|-heal|p1a: Venusaur|90\/100\n|\n|-heal|p2a: Corviknight|90\/100|[from] item: Leftovers\n|upkeep\n|turn|20\n|\n|t:|1700953350\n|move|p1a: Venusaur|Leech Seed|p2a: Corviknight\n|-start|p2a: Corviknight|move: Leech Seed\n|move|p2a: Corviknight|Brave Bird|p1a: Venusaur\n|-supereffective|p1a: Venusaur\n|-damage|p1a: Venusaur|44\/100\n|-damage|p2a: Corviknight|76\/100|[from] Recoil\n|\n|-heal|p2a: Corviknight|83\/100|[from] item: Leftovers\n|-damage|p2a: Corviknight|70\/100|[from] Leech Seed|[of] p1a: Venusaur\n|-heal|p1a: Venusaur|57\/100|[silent]\n|upkeep\n|turn|21\n|\n|t:|1700953354\n|move|p1a: Venusaur|Synthesis|p1a: Venusaur\n|-heal|p1a: Venusaur|100\/100\n|move|p2a: Corviknight|U-turn|p1a: Venusaur\n|-damage|p1a: Venusaur|92\/100\n|\n|t:|1700953360\n|switch|p2a: Meowscarada|Meowscarada, M|100\/100|[from] U-turn\n|\n|upkeep\n|turn|22\n|\n|t:|1700953364\n|move|p2a: Meowscarada|U-turn|p1a: Venusaur\n|-start|p2a: Meowscarada|typechange|Bug|[from] ability: Protean\n|-damage|p1a: Venusaur|61\/100\n|\n|t:|1700953367\n|switch|p2a: Corviknight|Corviknight, F|70\/100|[from] U-turn\n|-ability|p2a: Corviknight|Pressure\n|move|p1a: Venusaur|Sludge Bomb|p2a: Corviknight\n|-immune|p2a: Corviknight\n|\n|-heal|p2a: Corviknight|76\/100|[from] item: Leftovers\n|upkeep\n|turn|23\n|\n|t:|1700953370\n|move|p1a: Venusaur|Synthesis|p1a: Venusaur\n|-heal|p1a: Venusaur|100\/100\n|move|p2a: Corviknight|U-turn|p1a: Venusaur\n|-damage|p1a: Venusaur|91\/100\n|\n|t:|1700953377\n|switch|p2a: Meowscarada|Meowscarada, M|100\/100|[from] U-turn\n|\n|upkeep\n|turn|24\n|\n|t:|1700953381\n|switch|p1a: Corviknight|Corviknight, F|79\/100\n|-damage|p1a: Corviknight|67\/100|[from] Stealth Rock\n|-ability|p1a: Corviknight|Pressure\n|move|p2a: Meowscarada|U-turn|p1a: Corviknight\n|-start|p2a: Meowscarada|typechange|Bug|[from] ability: Protean\n|-resisted|p1a: Corviknight\n|-damage|p1a: Corviknight|58\/100\n|-damage|p2a: Meowscarada|84\/100|[from] item: Rocky Helmet|[of] p1a: Corviknight\n|\n|t:|1700953384\n|switch|p2a: Rotom|Rotom-Wash|100\/100|[from] U-turn\n|\n|upkeep\n|turn|25\n|\n|t:|1700953393\n|move|p2a: Rotom|Trick|p1a: Corviknight\n|-activate|p2a: Rotom|move: Trick|[of] p1a: Corviknight\n|-item|p1a: Corviknight|Choice Scarf|[from] move: Trick\n|-item|p2a: Rotom|Rocky Helmet|[from] move: Trick\n|move|p1a: Corviknight|Defog|p2a: Rotom\n|-unboost|p2a: Rotom|evasion|1\n|-sideend|p1: apheliodiomycota|Spikes|[from] move: Defog|[of] p1a: Corviknight\n|-sideend|p1: apheliodiomycota|Stealth Rock|[from] move: Defog|[of] p1a: Corviknight\n|\n|upkeep\n|turn|26\n|\n|t:|1700953403\n|switch|p2a: Diancie|Diancie-Mega|100\/100\n|switch|p1a: Garchomp|Garchomp, M|88\/100\n|\n|upkeep\n|turn|27\n|\n|t:|1700953406\n|switch|p1a: Venusaur|Venusaur-Mega, F|91\/100\n|move|p2a: Diancie|Moonblast|p1a: Venusaur\n|-resisted|p1a: Venusaur\n|-damage|p1a: Venusaur|67\/100\n|-unboost|p1a: Venusaur|spa|1\n|\n|upkeep\n|turn|28\n|\n|t:|1700953411\n|switch|p2a: Corviknight|Corviknight, F|76\/100\n|-ability|p2a: Corviknight|Pressure\n|switch|p1a: Skeledirge|Skeledirge, F|100\/100\n|\n|-heal|p2a: Corviknight|83\/100|[from] item: Leftovers\n|upkeep\n|turn|29\n|\n|t:|1700953415\n|switch|p2a: Clodsire|Clodsire, F|82\/100\n|move|p1a: Skeledirge|Torch Song|p2a: Clodsire\n|-damage|p2a: Clodsire|66\/100\n|-boost|p1a: Skeledirge|spa|1\n|\n|upkeep\n|turn|30\n|\n|t:|1700953418\n|move|p1a: Skeledirge|Will-O-Wisp|p2a: Clodsire\n|-status|p2a: Clodsire|brn\n|move|p2a: Clodsire|Poison Jab|p1a: Skeledirge\n|-resisted|p1a: Skeledirge\n|-damage|p1a: Skeledirge|96\/100\n|\n|-damage|p2a: Clodsire|60\/100 brn|[from] brn\n|upkeep\n|turn|31\n|\n|t:|1700953421\n|move|p1a: Skeledirge|Hex|p2a: Clodsire\n|-damage|p2a: Clodsire|34\/100 brn\n|move|p2a: Clodsire|Recover|p2a: Clodsire\n|-heal|p2a: Clodsire|84\/100 brn\n|\n|-damage|p2a: Clodsire|78\/100 brn|[from] brn\n|upkeep\n|turn|32\n|\n|t:|1700953424\n|move|p1a: Skeledirge|Torch Song|p2a: Clodsire\n|-damage|p2a: Clodsire|62\/100 brn\n|-boost|p1a: Skeledirge|spa|1\n|move|p2a: Clodsire|Poison Jab|p1a: Skeledirge\n|-resisted|p1a: Skeledirge\n|-damage|p1a: Skeledirge|92\/100\n|\n|-damage|p2a: Clodsire|56\/100 brn|[from] brn\n|upkeep\n|turn|33\n|\n|t:|1700953427\n|move|p1a: Skeledirge|Torch Song|p2a: Clodsire\n|-damage|p2a: Clodsire|40\/100 brn\n|-boost|p1a: Skeledirge|spa|1\n|move|p2a: Clodsire|Poison Jab|p1a: Skeledirge\n|-resisted|p1a: Skeledirge\n|-damage|p1a: Skeledirge|88\/100\n|-status|p1a: Skeledirge|psn\n|\n|-damage|p1a: Skeledirge|75\/100 psn|[from] psn\n|-damage|p2a: Clodsire|33\/100 brn|[from] brn\n|upkeep\n|turn|34\n|\n|t:|1700953430\n|move|p1a: Skeledirge|Hex|p2a: Clodsire\n|-damage|p2a: Clodsire|9\/100 brn\n|move|p2a: Clodsire|Recover|p2a: Clodsire\n|-heal|p2a: Clodsire|59\/100 brn\n|\n|-damage|p1a: Skeledirge|63\/100 psn|[from] psn\n|-damage|p2a: Clodsire|53\/100 brn|[from] brn\n|upkeep\n|turn|35\n|\n|t:|1700953435\n|move|p1a: Skeledirge|Slack Off|p1a: Skeledirge\n|-heal|p1a: Skeledirge|100\/100 psn\n|move|p2a: Clodsire|Spikes|p1a: Skeledirge\n|-sidestart|p1: apheliodiomycota|Spikes\n|\n|-damage|p1a: Skeledirge|88\/100 psn|[from] psn\n|-damage|p2a: Clodsire|47\/100 brn|[from] brn\n|upkeep\n|turn|36\n|\n|t:|1700953445\n|switch|p1a: Samurott|Samurott-Hisui, F|100\/100\n|-damage|p1a: Samurott|88\/100|[from] Spikes\n|move|p2a: Clodsire|Recover|p2a: Clodsire\n|-heal|p2a: Clodsire|97\/100 brn\n|\n|-damage|p2a: Clodsire|91\/100 brn|[from] brn\n|upkeep\n|turn|37\n|\n|t:|1700953448\n|switch|p2a: Meowscarada|Meowscarada, M|84\/100\n|move|p1a: Samurott|Razor Shell|p2a: Meowscarada\n|-resisted|p2a: Meowscarada\n|-damage|p2a: Meowscarada|44\/100\n|\n|upkeep\n|turn|38\n|\n|t:|1700953454\n|switch|p1a: Corviknight|Corviknight, F|58\/100\n|-ability|p1a: Corviknight|Pressure\n|move|p2a: Meowscarada|U-turn|p1a: Corviknight\n|-start|p2a: Meowscarada|typechange|Bug|[from] ability: Protean\n|-resisted|p1a: Corviknight\n|-damage|p1a: Corviknight|49\/100\n|\n|t:|1700953461\n|switch|p2a: Corviknight|Corviknight, F|83\/100|[from] U-turn\n|-ability|p2a: Corviknight|Pressure\n|\n|-heal|p2a: Corviknight|89\/100|[from] item: Leftovers\n|upkeep\n|turn|39\n|\n|t:|1700953463\n|move|p1a: Corviknight|Roost|p1a: Corviknight\n|-heal|p1a: Corviknight|99\/100\n|-singleturn|p1a: Corviknight|move: Roost\n|move|p2a: Corviknight|U-turn|p1a: Corviknight\n|-resisted|p1a: Corviknight\n|-damage|p1a: Corviknight|93\/100\n|\n|t:|1700953474\n|switch|p2a: Meowscarada|Meowscarada, M|44\/100|[from] U-turn\n|\n|upkeep\n|turn|40\n|\n|t:|1700953479\n|move|p2a: Meowscarada|Flower Trick|p1a: Corviknight\n|-start|p2a: Meowscarada|typechange|Grass|[from] ability: Protean\n|-resisted|p1a: Corviknight\n|-crit|p1a: Corviknight\n|-damage|p1a: Corviknight|80\/100\n|move|p1a: Corviknight|Roost|p1a: Corviknight\n|-heal|p1a: Corviknight|100\/100\n|-singleturn|p1a: Corviknight|move: Roost\n|\n|upkeep\n|turn|41\n|\n|t:|1700953485\n|switch|p2a: Corviknight|Corviknight, F|89\/100\n|-ability|p2a: Corviknight|Pressure\n|switch|p1a: Venusaur|Venusaur-Mega, F|67\/100\n|-damage|p1a: Venusaur|54\/100|[from] Spikes\n|\n|-heal|p2a: Corviknight|95\/100|[from] item: Leftovers\n|upkeep\n|turn|42\n|\n|t:|1700953491\n|move|p1a: Venusaur|Synthesis|p1a: Venusaur\n|-heal|p1a: Venusaur|100\/100\n|move|p2a: Corviknight|Brave Bird|p1a: Venusaur\n|-supereffective|p1a: Venusaur\n|-damage|p1a: Venusaur|50\/100\n|-damage|p2a: Corviknight|80\/100|[from] Recoil\n|\n|-heal|p2a: Corviknight|86\/100|[from] item: Leftovers\n|upkeep\n|turn|43\n|\n|t:|1700953496\n|switch|p1a: Corviknight|Corviknight, F|100\/100\n|-ability|p1a: Corviknight|Pressure\n|move|p2a: Corviknight|U-turn|p1a: Corviknight\n|-resisted|p1a: Corviknight\n|-damage|p1a: Corviknight|98\/100\n|\n|t:|1700953506\n|switch|p2a: Meowscarada|Meowscarada, M|44\/100|[from] U-turn\n|\n|upkeep\n|turn|44\n|\n|t:|1700953511\n|move|p2a: Meowscarada|U-turn|p1a: Corviknight\n|-start|p2a: Meowscarada|typechange|Bug|[from] ability: Protean\n|-resisted|p1a: Corviknight\n|-damage|p1a: Corviknight|90\/100\n|\n|t:|1700953515\n|switch|p2a: Kommo-o|Kommo-o, M|71\/100|[from] U-turn\n|move|p1a: Corviknight|U-turn|p2a: Kommo-o\n|-resisted|p2a: Kommo-o\n|-damage|p2a: Kommo-o|67\/100\n|-damage|p1a: Corviknight|73\/100|[from] item: Rocky Helmet|[of] p2a: Kommo-o\n|\n|t:|1700953517\n|switch|p1a: Tapu Lele|Tapu Lele|100\/100|[from] U-turn\n|-damage|p1a: Tapu Lele|88\/100|[from] Spikes\n|-fieldstart|move: Psychic Terrain|[from] ability: Psychic Surge|[of] p1a: Tapu Lele\n|\n|upkeep\n|turn|45\n|\n|t:|1700953522\n|switch|p2a: Corviknight|Corviknight, F|86\/100\n|-ability|p2a: Corviknight|Pressure\n|move|p1a: Tapu Lele|Psychic|p2a: Corviknight\n|-resisted|p2a: Corviknight\n|-damage|p2a: Corviknight|48\/100\n|\n|-heal|p2a: Corviknight|54\/100|[from] item: Leftovers\n|upkeep\n|turn|46\n|\n|t:|1700953527\n|switch|p1a: Corviknight|Corviknight, F|73\/100\n|-ability|p1a: Corviknight|Pressure\n|move|p2a: Corviknight|Roost|p2a: Corviknight\n|-heal|p2a: Corviknight|100\/100\n|-singleturn|p2a: Corviknight|move: Roost\n|\n|upkeep\n|turn|47\n|\n|t:|1700953530\n|move|p1a: Corviknight|Defog|p2a: Corviknight\n|-unboost|p2a: Corviknight|evasion|1\n|-sideend|p1: apheliodiomycota|Spikes|[from] move: Defog|[of] p1a: Corviknight\n|-fieldend|move: Psychic Terrain\n|move|p2a: Corviknight|U-turn|p1a: Corviknight\n|-resisted|p1a: Corviknight\n|-damage|p1a: Corviknight|71\/100\n|\n|t:|1700953536\n|switch|p2a: Meowscarada|Meowscarada, M|44\/100|[from] U-turn\n|\n|upkeep\n|turn|48\n|\n|t:|1700953539\n|switch|p1a: Skeledirge|Skeledirge, F|88\/100 psn\n|move|p2a: Meowscarada|Flower Trick|p1a: Skeledirge\n|-start|p2a: Meowscarada|typechange|Grass|[from] ability: Protean\n|-resisted|p1a: Skeledirge\n|-crit|p1a: Skeledirge\n|-damage|p1a: Skeledirge|59\/100 psn\n|\n|-damage|p1a: Skeledirge|46\/100 psn|[from] psn\n|upkeep\n|turn|49\n|\n|t:|1700953548\n|switch|p2a: Rotom|Rotom-Wash|100\/100\n|move|p1a: Skeledirge|Slack Off|p1a: Skeledirge\n|-heal|p1a: Skeledirge|97\/100 psn\n|\n|-damage|p1a: Skeledirge|84\/100 psn|[from] psn\n|upkeep\n|turn|50\n|\n|t:|1700953553\n|move|p2a: Rotom|Hydro Pump|p1a: Skeledirge|[miss]\n|-miss|p2a: Rotom|p1a: Skeledirge\n|move|p1a: Skeledirge|Will-O-Wisp|p2a: Rotom\n|-status|p2a: Rotom|brn\n|\n|-damage|p1a: Skeledirge|72\/100 psn|[from] psn\n|-damage|p2a: Rotom|94\/100 brn|[from] brn\n|upkeep\n|turn|51\n|\n|t:|1700953556\n|switch|p1a: Venusaur|Venusaur-Mega, F|50\/100\n|move|p2a: Rotom|Volt Switch|p1a: Venusaur\n|-resisted|p1a: Venusaur\n|-damage|p1a: Venusaur|41\/100\n|\n|t:|1700953561\n|switch|p2a: Corviknight|Corviknight, F|100\/100|[from] Volt Switch\n|-ability|p2a: Corviknight|Pressure\n|\n|upkeep\n|turn|52\n|\n|t:|1700953564\n|switch|p1a: Corviknight|Corviknight, F|71\/100\n|-ability|p1a: Corviknight|Pressure\n|move|p2a: Corviknight|U-turn|p1a: Corviknight\n|-resisted|p1a: Corviknight\n|-damage|p1a: Corviknight|68\/100\n|\n|t:|1700953569\n|switch|p2a: Meowscarada|Meowscarada, M|44\/100|[from] U-turn\n|\n|upkeep\n|turn|53\n|\n|t:|1700953572\n|move|p2a: Meowscarada|U-turn|p1a: Corviknight\n|-start|p2a: Meowscarada|typechange|Bug|[from] ability: Protean\n|-resisted|p1a: Corviknight\n|-damage|p1a: Corviknight|60\/100\n|\n|t:|1700953578\n|switch|p2a: Rotom|Rotom-Wash|94\/100 brn|[from] U-turn\n|move|p1a: Corviknight|U-turn|p2a: Rotom\n|-damage|p2a: Rotom|78\/100 brn\n|-damage|p1a: Corviknight|43\/100|[from] item: Rocky Helmet|[of] p2a: Rotom\n|\n|t:|1700953581\n|switch|p1a: Tapu Lele|Tapu Lele|88\/100|[from] U-turn\n|-fieldstart|move: Psychic Terrain|[from] ability: Psychic Surge|[of] p1a: Tapu Lele\n|\n|-damage|p2a: Rotom|72\/100 brn|[from] brn\n|upkeep\n|turn|54\n|\n|t:|1700953586\n|switch|p2a: Clodsire|Clodsire, F|91\/100 brn\n|move|p1a: Tapu Lele|Moonblast|p2a: Clodsire\n|-resisted|p2a: Clodsire\n|-damage|p2a: Clodsire|72\/100 brn\n|\n|-damage|p2a: Clodsire|66\/100 brn|[from] brn\n|upkeep\n|turn|55\n|\n|t:|1700953591\n|switch|p1a: Corviknight|Corviknight, F|43\/100\n|-ability|p1a: Corviknight|Pressure\n|move|p2a: Clodsire|Spikes|p1a: Corviknight\n|-sidestart|p1: apheliodiomycota|Spikes\n|\n|-damage|p2a: Clodsire|60\/100 brn|[from] brn\n|upkeep\n|turn|56\n|\n|t:|1700953594\n|switch|p2a: Kommo-o|Kommo-o, M|67\/100\n|move|p1a: Corviknight|Roost|p1a: Corviknight\n|-heal|p1a: Corviknight|93\/100\n|-singleturn|p1a: Corviknight|move: Roost\n|\n|upkeep\n|turn|57\n|\n|t:|1700953603\n|switch|p1a: Venusaur|Venusaur-Mega, F|41\/100\n|-damage|p1a: Venusaur|29\/100|[from] Spikes\n|move|p2a: Kommo-o|Stealth Rock|p1a: Venusaur\n|-sidestart|p1: apheliodiomycota|move: Stealth Rock\n|\n|-fieldend|move: Psychic Terrain\n|upkeep\n|turn|58\n|\n|t:|1700953608\n|switch|p2a: Corviknight|Corviknight, F|100\/100\n|-ability|p2a: Corviknight|Pressure\n|move|p1a: Venusaur|Synthesis|p1a: Venusaur\n|-heal|p1a: Venusaur|79\/100\n|\n|upkeep\n|turn|59\n|\n|t:|1700953614\n|switch|p1a: Corviknight|Corviknight, F|93\/100\n|-damage|p1a: Corviknight|81\/100|[from] Stealth Rock\n|-ability|p1a: Corviknight|Pressure\n|move|p2a: Corviknight|U-turn|p1a: Corviknight\n|-resisted|p1a: Corviknight\n|-damage|p1a: Corviknight|79\/100\n|\n|t:|1700953622\n|switch|p2a: Diancie|Diancie-Mega|100\/100|[from] U-turn\n|\n|upkeep\n|turn|60\n|\n|t:|1700953627\n|move|p2a: Diancie|Mystical Fire|p1a: Corviknight\n|-supereffective|p1a: Corviknight\n|-damage|p1a: Corviknight|31\/100\n|-unboost|p1a: Corviknight|spa|1\n|move|p1a: Corviknight|Defog|p2a: Diancie\n|move|p2a: Diancie|Defog|p1a: Corviknight|[from]ability: Magic Bounce\n|-unboost|p1a: Corviknight|evasion|1\n|-sideend|p1: apheliodiomycota|Spikes|[from] move: Defog|[of] p2a: Diancie\n|-sideend|p1: apheliodiomycota|Stealth Rock|[from] move: Defog|[of] p2a: Diancie\n|\n|upkeep\n|turn|61\n|\n|t:|1700953637\n|switch|p2a: Meowscarada|Meowscarada, M|44\/100\n|switch|p1a: Venusaur|Venusaur-Mega, F|79\/100\n|\n|upkeep\n|turn|62\n|\n|t:|1700953643\n|move|p2a: Meowscarada|U-turn|p1a: Venusaur\n|-start|p2a: Meowscarada|typechange|Bug|[from] ability: Protean\n|-damage|p1a: Venusaur|49\/100\n|\n|t:|1700953648\n|switch|p2a: Corviknight|Corviknight, F|100\/100|[from] U-turn\n|-ability|p2a: Corviknight|Pressure\n|move|p1a: Venusaur|Synthesis|p1a: Venusaur\n|-heal|p1a: Venusaur|99\/100\n|\n|upkeep\n|turn|63\n|\n|t:|1700953652\n|switch|p1a: Corviknight|Corviknight, F|31\/100\n|-ability|p1a: Corviknight|Pressure\n|move|p2a: Corviknight|U-turn|p1a: Corviknight\n|-resisted|p1a: Corviknight\n|-damage|p1a: Corviknight|28\/100\n|\n|t:|1700953656\n|switch|p2a: Diancie|Diancie-Mega|100\/100|[from] U-turn\n|\n|upkeep\n|turn|64\n|\n|t:|1700953659\n|switch|p1a: Venusaur|Venusaur-Mega, F|99\/100\n|move|p2a: Diancie|Mystical Fire|p1a: Venusaur\n|-supereffective|p1a: Venusaur\n|-damage|p1a: Venusaur|77\/100\n|-unboost|p1a: Venusaur|spa|1\n|\n|upkeep\n|turn|65\n|\n|t:|1700953663\n|switch|p2a: Corviknight|Corviknight, F|100\/100\n|-ability|p2a: Corviknight|Pressure\n|switch|p1a: Skeledirge|Skeledirge, F|72\/100 psn\n|\n|-damage|p1a: Skeledirge|59\/100 psn|[from] psn\n|upkeep\n|turn|66\n|\n|t:|1700953670\n|switch|p2a: Rotom|Rotom-Wash|72\/100 brn\n|move|p1a: Skeledirge|Slack Off|p1a: Skeledirge\n|-heal|p1a: Skeledirge|100\/100 psn\n|\n|-damage|p1a: Skeledirge|88\/100 psn|[from] psn\n|-damage|p2a: Rotom|66\/100 brn|[from] brn\n|upkeep\n|turn|67\n|\n|t:|1700953674\n|move|p2a: Rotom|Hydro Pump|p1a: Skeledirge\n|-supereffective|p1a: Skeledirge\n|-damage|p1a: Skeledirge|33\/100 psn\n|move|p1a: Skeledirge|Hex|p2a: Rotom\n|-damage|p2a: Rotom|10\/100 brn\n|\n|-damage|p1a: Skeledirge|20\/100 psn|[from] psn\n|-damage|p2a: Rotom|3\/100 brn|[from] brn\n|upkeep\n|turn|68\n|\n|t:|1700953680\n|move|p2a: Rotom|Volt Switch|p1a: Skeledirge\n|-damage|p1a: Skeledirge|1\/100 psn\n|\n|t:|1700953683\n|switch|p2a: Meowscarada|Meowscarada, M|44\/100|[from] Volt Switch\n|move|p1a: Skeledirge|Slack Off|p1a: Skeledirge\n|-heal|p1a: Skeledirge|51\/100 psn\n|\n|-damage|p1a: Skeledirge|39\/100 psn|[from] psn\n|upkeep\n|turn|69\n|\n|t:|1700953692\n|move|p2a: Meowscarada|Knock Off|p1a: Skeledirge\n|-start|p2a: Meowscarada|typechange|Dark|[from] ability: Protean\n|-supereffective|p1a: Skeledirge\n|-damage|p1a: Skeledirge|0 fnt\n|-enditem|p1a: Skeledirge|Heavy-Duty Boots|[from] move: Knock Off|[of] p2a: Meowscarada\n|faint|p1a: Skeledirge\n|\n|upkeep\n|\n|t:|1700953696\n|switch|p1a: Samurott|Samurott-Hisui, F|88\/100\n|turn|70\n|\n|t:|1700953705\n|switch|p2a: Kommo-o|Kommo-o, M|67\/100\n|move|p1a: Samurott|Razor Shell|p2a: Kommo-o\n|-resisted|p2a: Kommo-o\n|-damage|p2a: Kommo-o|52\/100\n|-unboost|p2a: Kommo-o|def|1\n|-damage|p1a: Samurott|72\/100|[from] item: Rocky Helmet|[of] p2a: Kommo-o\n|\n|upkeep\n|turn|71\n|\n|t:|1700953710\n|switch|p1a: Corviknight|Corviknight, F|28\/100\n|-ability|p1a: Corviknight|Pressure\n|move|p2a: Kommo-o|Stealth Rock|p1a: Corviknight\n|-sidestart|p1: apheliodiomycota|move: Stealth Rock\n|\n|upkeep\n|turn|72\n|\n|t:|1700953714\n|move|p1a: Corviknight|Roost|p1a: Corviknight\n|-heal|p1a: Corviknight|78\/100\n|-singleturn|p1a: Corviknight|move: Roost\n|move|p2a: Kommo-o|Flamethrower|p1a: Corviknight\n|-supereffective|p1a: Corviknight\n|-damage|p1a: Corviknight|47\/100\n|\n|upkeep\n|turn|73\n|\n|t:|1700953722\n|move|p1a: Corviknight|Roost|p1a: Corviknight\n|-heal|p1a: Corviknight|97\/100\n|-singleturn|p1a: Corviknight|move: Roost\n|move|p2a: Kommo-o|Body Press|p1a: Corviknight\n|-supereffective|p1a: Corviknight\n|-damage|p1a: Corviknight|55\/100\n|\n|upkeep\n|turn|74\n|\n|t:|1700953732\n|switch|p1a: Venusaur|Venusaur-Mega, F|77\/100\n|-damage|p1a: Venusaur|65\/100|[from] Stealth Rock\n|move|p2a: Kommo-o|Toxic|p1a: Venusaur\n|-immune|p1a: Venusaur\n|\n|upkeep\n|turn|75\n|\n|t:|1700953738\n|switch|p2a: Corviknight|Corviknight, F|100\/100\n|-ability|p2a: Corviknight|Pressure\n|switch|p1a: Tapu Lele|Tapu Lele|88\/100\n|-damage|p1a: Tapu Lele|76\/100|[from] Stealth Rock\n|-fieldstart|move: Psychic Terrain|[from] ability: Psychic Surge|[of] p1a: Tapu Lele\n|\n|upkeep\n|turn|76\n|\n|t:|1700953742\n|move|p1a: Tapu Lele|Hidden Power|p2a: Corviknight\n|-supereffective|p2a: Corviknight\n|-damage|p2a: Corviknight|43\/100\n|move|p2a: Corviknight|U-turn|p1a: Tapu Lele\n|-damage|p1a: Tapu Lele|52\/100\n|\n|t:|1700953748\n|switch|p2a: Meowscarada|Meowscarada, M|44\/100|[from] U-turn\n|\n|upkeep\n|turn|77\n|\n|t:|1700953755\n|switch|p1a: Corviknight|Corviknight, F|55\/100\n|-damage|p1a: Corviknight|43\/100|[from] Stealth Rock\n|-ability|p1a: Corviknight|Pressure\n|move|p2a: Meowscarada|U-turn|p1a: Corviknight\n|-start|p2a: Meowscarada|typechange|Bug|[from] ability: Protean\n|-resisted|p1a: Corviknight\n|-damage|p1a: Corviknight|35\/100\n|\n|t:|1700953759\n|switch|p2a: Diancie|Diancie-Mega|100\/100|[from] U-turn\n|\n|upkeep\n|turn|78\n|\n|t:|1700953762\n|move|p2a: Diancie|Mystical Fire|p1a: Corviknight\n|-supereffective|p1a: Corviknight\n|-damage|p1a: Corviknight|0 fnt\n|faint|p1a: Corviknight\n|\n|upkeep\n|\n|t:|1700953763\n|switch|p1a: Samurott|Samurott-Hisui, F|72\/100\n|-damage|p1a: Samurott|59\/100|[from] Stealth Rock\n|turn|79\n|\n|t:|1700953769\n|switch|p2a: Kommo-o|Kommo-o, M|52\/100\n|move|p1a: Samurott|Sacred Sword|p2a: Kommo-o\n|-damage|p2a: Kommo-o|27\/100\n|-damage|p1a: Samurott|43\/100|[from] item: Rocky Helmet|[of] p2a: Kommo-o\n|\n|-fieldend|move: Psychic Terrain\n|upkeep\n|turn|80\n|\n|t:|1700953776\n|move|p1a: Samurott|Sacred Sword|p2a: Kommo-o\n|-damage|p2a: Kommo-o|4\/100\n|-damage|p1a: Samurott|26\/100|[from] item: Rocky Helmet|[of] p2a: Kommo-o\n|move|p2a: Kommo-o|Body Press|p1a: Samurott\n|-supereffective|p1a: Samurott\n|-damage|p1a: Samurott|0 fnt\n|faint|p1a: Samurott\n|\n|upkeep\n|-message|apheliodiomycota forfeited.\n|\n|win|OkcThunder0\n|raw|apheliodiomycota's rating: 1598 &rarr; <strong>1583<\/strong><br \/>(-15 for losing)\n|raw|OkcThunder0's rating: 1679 &rarr; <strong>1694<\/strong><br \/>(+15 for winning)\n|c|\u2606OkcThunder0|gg\n|n|!apheliodiomycota|apheliodiomycota\n|l|!apheliodiomycota\n","uploadtime":1700953785,"views":2,"p1id":"apheliodiomycota","p2id":"okcthunder0","formatid":"gen9nationaldex","rating":1583,"private":0,"password":""}