{"id":"gen9nationaldex-1998860733","p1":"Amber-acid","p2":"Gustavopenaa","format":"[Gen 9] National Dex","log":"|html|<div class=\"broadcast-blue\"><strong>[Gen 9] National Dex is currently suspecting Sneasler! For information on how to participate check out the <a href=\"https:\/\/www.smogon.com\/forums\/threads\/sv-national-dex-suspect-8-just-dance.3731534\/\">suspect thread<\/a>.<\/strong><\/div>\n|j|\u2606Amber-acid\n|j|\u2606Gustavopenaa\n|t:|1701004687\n|gametype|singles\n|player|p1|Amber-acid|170|1492\n|player|p2|Gustavopenaa|ethan|1383\n|teamsize|p1|6\n|teamsize|p2|6\n|gen|9\n|tier|[Gen 9] National Dex\n|rated|\n|rule|HP Percentage Mod: HP is shown in percentages\n|rule|Endless Battle Clause: Forcing endless battles is banned\n|rule|OHKO Clause: OHKO moves are banned\n|rule|Evasion Clause: Evasion abilities, items, and moves are banned\n|rule|Evasion Abilities Clause: Evasion abilities are banned\n|rule|Evasion Items Clause: Evasion items are banned\n|rule|Evasion Moves Clause: Evasion moves are banned\n|rule|Species Clause: Limit one of each Pok\u00e9mon\n|rule|Sleep Clause Mod: Limit one foe put to sleep\n|clearpoke\n|poke|p1|Pelipper, M|\n|poke|p1|Barraskewda, M|\n|poke|p1|Swampert, M|\n|poke|p1|Kingdra, M|\n|poke|p1|Ferrothorn, F|\n|poke|p1|Moltres|\n|poke|p2|Haxorus, M|\n|poke|p2|Volcarona, M|\n|poke|p2|Blastoise, M|\n|poke|p2|Nidoking, M|\n|poke|p2|Gengar, M|\n|poke|p2|Scizor, M|\n|teampreview\n|inactive|Battle timer is ON: inactive players will automatically lose when time's up. (requested by Gustavopenaa)\n|\n|t:|1701004702\n|start\n|switch|p1a: Pelipper|Pelipper, M|100\/100\n|switch|p2a: Nidoking|Nidoking, M|100\/100\n|-weather|RainDance|[from] ability: Drizzle|[of] p1a: Pelipper\n|turn|1\n|c|\u2606Amber-acid|glhf\n|\n|t:|1701004708\n|move|p2a: Nidoking|Thunderbolt|p1a: Pelipper\n|-supereffective|p1a: Pelipper\n|-damage|p1a: Pelipper|0 fnt\n|faint|p1a: Pelipper\n|\n|-weather|RainDance|[upkeep]\n|upkeep\n|\n|t:|1701004714\n|switch|p1a: Barraskewda|Barraskewda, M, shiny|100\/100\n|turn|2\n|\n|t:|1701004718\n|switch|p2a: Blastoise|Blastoise, M|100\/100\n|-terastallize|p1a: Barraskewda|Water\n|move|p1a: Barraskewda|Liquidation|p2a: Blastoise\n|-resisted|p2a: Blastoise\n|-damage|p2a: Blastoise|58\/100\n|\n|-weather|RainDance|[upkeep]\n|-heal|p2a: Blastoise|64\/100|[from] ability: Rain Dish\n|-heal|p2a: Blastoise|70\/100|[from] item: Leftovers\n|upkeep\n|turn|3\n|\n|t:|1701004730\n|switch|p1a: Swampert|Swampert, M|100\/100\n|move|p2a: Blastoise|Toxic|p1a: Swampert\n|-status|p1a: Swampert|tox\n|\n|-weather|RainDance|[upkeep]\n|-heal|p2a: Blastoise|76\/100|[from] ability: Rain Dish\n|-heal|p2a: Blastoise|83\/100|[from] item: Leftovers\n|-damage|p1a: Swampert|94\/100 tox|[from] psn\n|upkeep\n|turn|4\n|\n|t:|1701004739\n|switch|p2a: Scizor|Scizor, M|100\/100\n|detailschange|p1a: Swampert|Swampert-Mega, M\n|-mega|p1a: Swampert|Swampert|Swampertite\n|move|p1a: Swampert|Earthquake|p2a: Scizor\n|-damage|p2a: Scizor|60\/100\n|\n|-weather|RainDance|[upkeep]\n|-damage|p1a: Swampert|82\/100 tox|[from] psn\n|upkeep\n|turn|5\n|\n|t:|1701004747\n|detailschange|p2a: Scizor|Scizor-Mega, M\n|-mega|p2a: Scizor|Scizor|Scizorite\n|move|p1a: Swampert|Flip Turn|p2a: Scizor\n|-damage|p2a: Scizor|29\/100\n|\n|t:|1701004752\n|switch|p1a: Ferrothorn|Ferrothorn, F|100\/100|[from] Flip Turn\n|move|p2a: Scizor|Roost|p2a: Scizor\n|-heal|p2a: Scizor|79\/100\n|-singleturn|p2a: Scizor|move: Roost\n|\n|-weather|RainDance|[upkeep]\n|upkeep\n|turn|6\n|\n|t:|1701004759\n|move|p2a: Scizor|Roost|p2a: Scizor\n|-heal|p2a: Scizor|100\/100\n|-singleturn|p2a: Scizor|move: Roost\n|move|p1a: Ferrothorn|Leech Seed|p2a: Scizor|[miss]\n|-miss|p1a: Ferrothorn|p2a: Scizor\n|\n|-weather|RainDance|[upkeep]\n|upkeep\n|turn|7\n|\n|t:|1701004765\n|move|p2a: Scizor|U-turn|p1a: Ferrothorn\n|-damage|p1a: Ferrothorn|75\/100\n|-damage|p2a: Scizor|88\/100|[from] ability: Iron Barbs|[of] p1a: Ferrothorn\n|-damage|p2a: Scizor|71\/100|[from] item: Rocky Helmet|[of] p1a: Ferrothorn\n|\n|t:|1701004777\n|switch|p2a: Volcarona|Volcarona, M|100\/100|[from] U-turn\n|move|p1a: Ferrothorn|Leech Seed|p2a: Volcarona\n|-start|p2a: Volcarona|move: Leech Seed\n|\n|-weather|RainDance|[upkeep]\n|-damage|p2a: Volcarona|88\/100|[from] Leech Seed|[of] p1a: Ferrothorn\n|-heal|p1a: Ferrothorn|86\/100|[silent]\n|upkeep\n|turn|8\n|\n|t:|1701004784\n|switch|p1a: Kingdra|Kingdra, M|100\/100\n|move|p2a: Volcarona|Quiver Dance|p2a: Volcarona\n|-boost|p2a: Volcarona|spa|1\n|-boost|p2a: Volcarona|spd|1\n|-boost|p2a: Volcarona|spe|1\n|\n|-weather|none\n|-damage|p2a: Volcarona|76\/100|[from] Leech Seed|[of] p1a: Kingdra\n|upkeep\n|turn|9\n|\n|t:|1701004797\n|switch|p2a: Blastoise|Blastoise, M|83\/100\n|move|p1a: Kingdra|Draco Meteor|p2a: Blastoise\n|-damage|p2a: Blastoise|11\/100\n|-unboost|p1a: Kingdra|spa|2\n|\n|-heal|p2a: Blastoise|17\/100|[from] item: Leftovers\n|upkeep\n|turn|10\n|\n|t:|1701004805\n|move|p1a: Kingdra|Draco Meteor|p2a: Blastoise\n|-damage|p2a: Blastoise|0 fnt\n|-unboost|p1a: Kingdra|spa|2\n|faint|p2a: Blastoise\n|\n|upkeep\n|\n|t:|1701004809\n|switch|p2a: Volcarona|Volcarona, M|76\/100\n|turn|11\n|\n|t:|1701004815\n|switch|p1a: Swampert|Swampert-Mega, M|82\/100 tox\n|move|p2a: Volcarona|Quiver Dance|p2a: Volcarona\n|-boost|p2a: Volcarona|spa|1\n|-boost|p2a: Volcarona|spd|1\n|-boost|p2a: Volcarona|spe|1\n|\n|-damage|p1a: Swampert|76\/100 tox|[from] psn\n|upkeep\n|turn|12\n|\n|t:|1701004823\n|-terastallize|p2a: Volcarona|Psychic\n|move|p2a: Volcarona|Psychic|p1a: Swampert\n|-damage|p1a: Swampert|8\/100 tox\n|move|p1a: Swampert|Flip Turn|p2a: Volcarona\n|-damage|p2a: Volcarona|26\/100\n|\n|t:|1701004829\n|switch|p1a: Barraskewda|Barraskewda, M, shiny, tera:Water|100\/100|[from] Flip Turn\n|\n|upkeep\n|turn|13\n|\n|t:|1701004835\n|move|p1a: Barraskewda|Aqua Jet|p2a: Volcarona\n|-damage|p2a: Volcarona|0 fnt\n|-status|p1a: Barraskewda|brn|[from] ability: Flame Body|[of] p2a: Volcarona\n|faint|p2a: Volcarona\n|\n|-damage|p1a: Barraskewda|94\/100 brn|[from] brn\n|upkeep\n|\n|t:|1701004839\n|switch|p2a: Haxorus|Haxorus, M, shiny|100\/100\n|-ability|p2a: Haxorus|Mold Breaker\n|turn|14\n|\n|t:|1701004846\n|switch|p1a: Ferrothorn|Ferrothorn, F|86\/100\n|move|p2a: Haxorus|Dragon Dance|p2a: Haxorus\n|-boost|p2a: Haxorus|atk|1\n|-boost|p2a: Haxorus|spe|1\n|\n|upkeep\n|turn|15\n|c|\u2606Amber-acid|wtf\n|\n|t:|1701004855\n|move|p2a: Haxorus|Dragon Dance|p2a: Haxorus\n|-boost|p2a: Haxorus|atk|1\n|-boost|p2a: Haxorus|spe|1\n|move|p1a: Ferrothorn|Leech Seed|p2a: Haxorus\n|-start|p2a: Haxorus|move: Leech Seed\n|\n|-damage|p2a: Haxorus|88\/100|[from] Leech Seed|[of] p1a: Ferrothorn\n|-heal|p1a: Ferrothorn|96\/100|[silent]\n|upkeep\n|turn|16\n|\n|t:|1701004863\n|move|p2a: Haxorus|Earthquake|p1a: Ferrothorn\n|-damage|p1a: Ferrothorn|31\/100\n|-damage|p2a: Haxorus|78\/100|[from] item: Life Orb\n|move|p1a: Ferrothorn|Toxic|p2a: Haxorus\n|-status|p2a: Haxorus|tox\n|\n|-damage|p2a: Haxorus|66\/100 tox|[from] Leech Seed|[of] p1a: Ferrothorn\n|-heal|p1a: Ferrothorn|41\/100|[silent]\n|-damage|p2a: Haxorus|60\/100 tox|[from] psn\n|upkeep\n|turn|17\n|\n|t:|1701004876\n|switch|p1a: Moltres|Moltres|100\/100\n|move|p2a: Haxorus|Dragon Dance|p2a: Haxorus\n|-boost|p2a: Haxorus|atk|1\n|-boost|p2a: Haxorus|spe|1\n|\n|-damage|p2a: Haxorus|48\/100 tox|[from] Leech Seed|[of] p1a: Moltres\n|-damage|p2a: Haxorus|35\/100 tox|[from] psn\n|upkeep\n|turn|18\n|\n|t:|1701004886\n|move|p2a: Haxorus|Dragon Claw|p1a: Moltres\n|-damage|p1a: Moltres|0 fnt\n|faint|p1a: Moltres\n|-damage|p2a: Haxorus|25\/100 tox|[from] item: Life Orb\n|\n|-damage|p2a: Haxorus|7\/100 tox|[from] psn\n|upkeep\n|\n|t:|1701004898\n|switch|p1a: Ferrothorn|Ferrothorn, F|41\/100\n|turn|19\n|\n|t:|1701004901\n|move|p2a: Haxorus|Earthquake|p1a: Ferrothorn\n|-damage|p1a: Ferrothorn|0 fnt\n|faint|p1a: Ferrothorn\n|-damage|p2a: Haxorus|0 fnt|[from] item: Life Orb\n|faint|p2a: Haxorus\n|\n|upkeep\n|\n|t:|1701004908\n|switch|p2a: Scizor|Scizor-Mega, M|71\/100\n|switch|p1a: Barraskewda|Barraskewda, M, shiny, tera:Water|94\/100 brn\n|turn|20\n|\n|t:|1701004917\n|move|p1a: Barraskewda|Flip Turn|p2a: Scizor\n|-damage|p2a: Scizor|54\/100\n|\n|t:|1701004921\n|switch|p1a: Kingdra|Kingdra, M|100\/100|[from] Flip Turn\n|move|p2a: Scizor|Swords Dance|p2a: Scizor\n|-boost|p2a: Scizor|atk|2\n|\n|upkeep\n|turn|21\n|\n|t:|1701004928\n|move|p1a: Kingdra|Surf|p2a: Scizor\n|-damage|p2a: Scizor|0 fnt\n|faint|p2a: Scizor\n|\n|upkeep\n|\n|t:|1701004939\n|switch|p2a: Gengar|Gengar, M|100\/100\n|turn|22\n|\n|t:|1701004950\n|move|p2a: Gengar|Destiny Bond|p2a: Gengar\n|-singlemove|p2a: Gengar|Destiny Bond\n|move|p1a: Kingdra|Surf|p2a: Gengar\n|-damage|p2a: Gengar|8\/100\n|\n|upkeep\n|turn|23\n|\n|t:|1701004960\n|move|p2a: Gengar|Destiny Bond||[still]\n|-fail|p2a: Gengar\n|move|p1a: Kingdra|Surf|p2a: Gengar\n|-damage|p2a: Gengar|0 fnt\n|faint|p2a: Gengar\n|\n|upkeep\n|\n|t:|1701004962\n|switch|p2a: Nidoking|Nidoking, M|100\/100\n|turn|24\n|\n|t:|1701004968\n|move|p1a: Kingdra|Surf|p2a: Nidoking\n|-supereffective|p2a: Nidoking\n|-damage|p2a: Nidoking|0 fnt\n|faint|p2a: Nidoking\n|\n|win|Amber-acid\n|raw|Amber-acid's rating: 1492 &rarr; <strong>1506<\/strong><br \/>(+14 for winning)\n|raw|Gustavopenaa's rating: 1383 &rarr; <strong>1369<\/strong><br \/>(-14 for losing)\n|l|\u2606Gustavopenaa\n|c|\u2606Amber-acid|ggwp\n","uploadtime":1701004976,"views":6,"p1id":"amberacid","p2id":"gustavopenaa","formatid":"gen9nationaldex","rating":1369,"private":0,"password":""}