{"id":"gen9nationaldex-1992676279","p1":"DreamFreedom","p2":"QAQ QAQ QAQ QAQ","format":"[Gen 9] National Dex","log":"|j|\u2606DreamFreedom\n|j|\u2606QAQ QAQ QAQ QAQ\n|t:|1700223934\n|gametype|singles\n|player|p1|DreamFreedom|bianca|1520\n|player|p2|QAQ QAQ QAQ QAQ|lass-gen4dp|1663\n|teamsize|p1|6\n|teamsize|p2|6\n|gen|9\n|tier|[Gen 9] National Dex\n|rated|\n|rule|HP Percentage Mod: HP is shown in percentages\n|rule|Endless Battle Clause: Forcing endless battles is banned\n|rule|OHKO Clause: OHKO moves are banned\n|rule|Evasion Clause: Evasion abilities, items, and moves are banned\n|rule|Evasion Abilities Clause: Evasion abilities are banned\n|rule|Evasion Items Clause: Evasion items are banned\n|rule|Evasion Moves Clause: Evasion moves are banned\n|rule|Species Clause: Limit one of each Pok\u00e9mon\n|rule|Sleep Clause Mod: Limit one foe put to sleep\n|clearpoke\n|poke|p1|Kyurem|\n|poke|p1|Moltres|\n|poke|p1|Garchomp, M|\n|poke|p1|Tapu Lele|\n|poke|p1|Sneasler, F|\n|poke|p1|Ogerpon-Wellspring, F|\n|poke|p2|Tornadus-Therian, M|\n|poke|p2|Clefable, M|\n|poke|p2|Gliscor, F|\n|poke|p2|Skeledirge, M|\n|poke|p2|Tangrowth, F|\n|poke|p2|Mew|\n|teampreview\n|\n|t:|1700223944\n|start\n|switch|p1a: Kyurem|Kyurem|100\/100\n|switch|p2a: Clefable|Clefable, M|100\/100\n|-ability|p1a: Kyurem|Pressure\n|turn|1\n|\n|t:|1700223953\n|switch|p1a: Moltres|Moltres|100\/100\n|move|p2a: Clefable|Stealth Rock|p1a: Moltres\n|-sidestart|p1: DreamFreedom|move: Stealth Rock\n|\n|upkeep\n|turn|2\n|j| Jinbishanshanshan\n|\n|t:|1700223958\n|move|p1a: Moltres|Defog|p2a: Clefable\n|-unboost|p2a: Clefable|evasion|1\n|-sideend|p1: DreamFreedom|Stealth Rock|[from] move: Defog|[of] p1a: Moltres\n|move|p2a: Clefable|Knock Off|p1a: Moltres\n|-damage|p1a: Moltres|90\/100\n|-enditem|p1a: Moltres|Heavy-Duty Boots|[from] move: Knock Off|[of] p2a: Clefable\n|\n|upkeep\n|turn|3\n|\n|t:|1700223968\n|move|p1a: Moltres|U-turn|p2a: Clefable\n|-resisted|p2a: Clefable\n|-damage|p2a: Clefable|95\/100\n|-damage|p1a: Moltres|74\/100|[from] item: Rocky Helmet|[of] p2a: Clefable\n|\n|t:|1700223971\n|switch|p1a: Sneasler|Sneasler, F|100\/100|[from] U-turn\n|move|p2a: Clefable|Stealth Rock|p1a: Sneasler\n|-sidestart|p1: DreamFreedom|move: Stealth Rock\n|\n|upkeep\n|turn|4\n|\n|t:|1700223975\n|switch|p2a: Skeledirge|Skeledirge, M|100\/100\n|move|p1a: Sneasler|Dire Claw|p2a: Skeledirge\n|-resisted|p2a: Skeledirge\n|-damage|p2a: Skeledirge|84\/100\n|\n|upkeep\n|turn|5\n|\n|t:|1700223986\n|switch|p1a: Garchomp|Garchomp, M|100\/100\n|-damage|p1a: Garchomp|94\/100|[from] Stealth Rock\n|move|p2a: Skeledirge|Torch Song|p1a: Garchomp\n|-resisted|p1a: Garchomp\n|-damage|p1a: Garchomp|80\/100\n|-boost|p2a: Skeledirge|spa|1\n|\n|upkeep\n|turn|6\n|\n|t:|1700223994\n|switch|p2a: Tangrowth|Tangrowth, F, shiny|100\/100\n|move|p1a: Garchomp|Stealth Rock|p2a: Tangrowth\n|-sidestart|p2: QAQ QAQ QAQ QAQ|move: Stealth Rock\n|\n|upkeep\n|turn|7\n|\n|t:|1700223998\n|move|p1a: Garchomp|Toxic|p2a: Tangrowth\n|-status|p2a: Tangrowth|tox\n|move|p2a: Tangrowth|Toxic|p1a: Garchomp\n|-status|p1a: Garchomp|tox\n|\n|-damage|p1a: Garchomp|74\/100 tox|[from] psn\n|-damage|p2a: Tangrowth|94\/100 tox|[from] psn\n|upkeep\n|turn|8\n|\n|t:|1700224008\n|switch|p1a: Moltres|Moltres|74\/100\n|-damage|p1a: Moltres|24\/100|[from] Stealth Rock\n|move|p2a: Tangrowth|Giga Drain|p1a: Moltres\n|-resisted|p1a: Moltres\n|-damage|p1a: Moltres|16\/100\n|-heal|p2a: Tangrowth|98\/100 tox|[from] drain|[of] p1a: Moltres\n|\n|-damage|p2a: Tangrowth|85\/100 tox|[from] psn\n|upkeep\n|turn|9\n|\n|t:|1700224016\n|switch|p2a: Tornadus|Tornadus-Therian, M|100\/100\n|move|p1a: Moltres|Mystical Fire|p2a: Tornadus\n|-damage|p2a: Tornadus|65\/100\n|-unboost|p2a: Tornadus|spa|1\n|\n|upkeep\n|turn|10\n|\n|t:|1700224022\n|move|p2a: Tornadus|Hurricane|p1a: Moltres\n|-damage|p1a: Moltres|0 fnt\n|faint|p1a: Moltres\n|\n|upkeep\n|\n|t:|1700224025\n|switch|p1a: Tapu Lele|Tapu Lele|100\/100\n|-damage|p1a: Tapu Lele|88\/100|[from] Stealth Rock\n|-fieldstart|move: Psychic Terrain|[from] ability: Psychic Surge|[of] p1a: Tapu Lele\n|turn|11\n|\n|t:|1700224046\n|move|p2a: Tornadus|Knock Off|p1a: Tapu Lele\n|-damage|p1a: Tapu Lele|57\/100\n|-enditem|p1a: Tapu Lele|Choice Specs|[from] move: Knock Off|[of] p2a: Tornadus\n|move|p1a: Tapu Lele|Psychic|p2a: Tornadus\n|-damage|p2a: Tornadus|4\/100\n|\n|upkeep\n|turn|12\n|\n|t:|1700224053\n|switch|p1a: Garchomp|Garchomp, M|74\/100 tox\n|-damage|p1a: Garchomp|68\/100 tox|[from] Stealth Rock\n|move|p2a: Tornadus|U-turn|p1a: Garchomp\n|-damage|p1a: Garchomp|59\/100 tox\n|-damage|p2a: Tornadus|0 fnt|[from] ability: Rough Skin|[of] p1a: Garchomp\n|faint|p2a: Tornadus\n|\n|-damage|p1a: Garchomp|52\/100 tox|[from] psn\n|upkeep\n|\n|t:|1700224058\n|switch|p2a: Clefable|Clefable, M|95\/100\n|turn|13\n|\n|t:|1700224061\n|move|p1a: Garchomp|Toxic|p2a: Clefable\n|-status|p2a: Clefable|tox\n|move|p2a: Clefable|Moonblast|p1a: Garchomp\n|-supereffective|p1a: Garchomp\n|-damage|p1a: Garchomp|0 fnt\n|faint|p1a: Garchomp\n|\n|upkeep\n|\n|t:|1700224066\n|switch|p1a: Kyurem|Kyurem|100\/100\n|-damage|p1a: Kyurem|76\/100|[from] Stealth Rock\n|-ability|p1a: Kyurem|Pressure\n|turn|14\n|\n|t:|1700224080\n|-terastallize|p1a: Kyurem|Steel\n|move|p1a: Kyurem|Freeze-Dry|p2a: Clefable\n|-damage|p2a: Clefable|51\/100 tox\n|-damage|p1a: Kyurem|66\/100|[from] item: Life Orb\n|move|p2a: Clefable|Moonblast|p1a: Kyurem\n|-resisted|p1a: Kyurem\n|-damage|p1a: Kyurem|52\/100\n|\n|upkeep\n|turn|15\n|\n|t:|1700224089\n|move|p1a: Kyurem|Earth Power|p2a: Clefable\n|-damage|p2a: Clefable|14\/100 tox\n|-damage|p1a: Kyurem|42\/100|[from] item: Life Orb\n|move|p2a: Clefable|Soft-Boiled|p2a: Clefable\n|-heal|p2a: Clefable|64\/100 tox\n|\n|-fieldend|move: Psychic Terrain\n|upkeep\n|turn|16\n|\n|t:|1700224094\n|move|p1a: Kyurem|Roost|p1a: Kyurem\n|-heal|p1a: Kyurem|92\/100\n|move|p2a: Clefable|Knock Off|p1a: Kyurem\n|-damage|p1a: Kyurem|77\/100\n|-enditem|p1a: Kyurem|Life Orb|[from] move: Knock Off|[of] p2a: Clefable\n|\n|upkeep\n|turn|17\n|\n|t:|1700224099\n|move|p1a: Kyurem|Freeze-Dry|p2a: Clefable\n|-damage|p2a: Clefable|28\/100 tox\n|move|p2a: Clefable|Soft-Boiled|p2a: Clefable\n|-heal|p2a: Clefable|78\/100 tox\n|\n|upkeep\n|turn|18\n|\n|t:|1700224107\n|move|p1a: Kyurem|Freeze-Dry|p2a: Clefable\n|-crit|p2a: Clefable\n|-damage|p2a: Clefable|26\/100 tox\n|move|p2a: Clefable|Moonblast|p1a: Kyurem\n|-resisted|p1a: Kyurem\n|-damage|p1a: Kyurem|62\/100\n|\n|upkeep\n|turn|19\n|\n|t:|1700224111\n|move|p1a: Kyurem|Freeze-Dry|p2a: Clefable\n|-damage|p2a: Clefable|0 fnt\n|faint|p2a: Clefable\n|\n|upkeep\n|\n|t:|1700224115\n|switch|p2a: Mew|Mew, shiny|100\/100\n|-damage|p2a: Mew|88\/100|[from] Stealth Rock\n|turn|20\n|\n|t:|1700224122\n|move|p1a: Kyurem|Draco Meteor|p2a: Mew\n|-damage|p2a: Mew|45\/100\n|-unboost|p1a: Kyurem|spa|2\n|move|p2a: Mew|Night Shade|p1a: Kyurem\n|-damage|p1a: Kyurem|36\/100\n|\n|-heal|p2a: Mew|51\/100|[from] item: Leftovers\n|upkeep\n|turn|21\n|\n|t:|1700224131\n|move|p1a: Kyurem|Roost|p1a: Kyurem\n|-heal|p1a: Kyurem|86\/100\n|move|p2a: Mew|Roost|p2a: Mew\n|-heal|p2a: Mew|100\/100\n|-singleturn|p2a: Mew|move: Roost\n|\n|upkeep\n|turn|22\n|\n|t:|1700224136\n|move|p1a: Kyurem|Freeze-Dry|p2a: Mew\n|-damage|p2a: Mew|90\/100\n|move|p2a: Mew|Night Shade|p1a: Kyurem\n|-damage|p1a: Kyurem|61\/100\n|\n|-heal|p2a: Mew|96\/100|[from] item: Leftovers\n|upkeep\n|turn|23\n|l| Jinbishanshanshan\n|\n|t:|1700224148\n|move|p1a: Kyurem|Freeze-Dry|p2a: Mew\n|-damage|p2a: Mew|85\/100\n|move|p2a: Mew|Night Shade|p1a: Kyurem\n|-damage|p1a: Kyurem|35\/100\n|\n|-heal|p2a: Mew|92\/100|[from] item: Leftovers\n|upkeep\n|turn|24\n|\n|t:|1700224151\n|move|p1a: Kyurem|Roost|p1a: Kyurem\n|-heal|p1a: Kyurem|85\/100\n|move|p2a: Mew|Taunt|p1a: Kyurem\n|-start|p1a: Kyurem|move: Taunt\n|\n|-heal|p2a: Mew|98\/100|[from] item: Leftovers\n|upkeep\n|turn|25\n|\n|t:|1700224155\n|move|p1a: Kyurem|Freeze-Dry|p2a: Mew\n|-damage|p2a: Mew|87\/100\n|-status|p2a: Mew|frz\n|cant|p2a: Mew|frz\n|\n|-heal|p2a: Mew|93\/100 frz|[from] item: Leftovers\n|upkeep\n|turn|26\n|\n|t:|1700224159\n|switch|p1a: Ogerpon|Ogerpon-Wellspring, F|100\/100\n|-damage|p1a: Ogerpon|88\/100|[from] Stealth Rock\n|cant|p2a: Mew|frz\n|\n|-heal|p2a: Mew|99\/100 frz|[from] item: Leftovers\n|upkeep\n|turn|27\n|\n|t:|1700224174\n|switch|p2a: Tangrowth|Tangrowth, F, shiny|100\/100 tox\n|-damage|p2a: Tangrowth|88\/100 tox|[from] Stealth Rock\n|move|p1a: Ogerpon|Swords Dance|p1a: Ogerpon\n|-boost|p1a: Ogerpon|atk|2\n|\n|-damage|p2a: Tangrowth|82\/100 tox|[from] psn\n|upkeep\n|turn|28\n|inactive|Battle timer is ON: inactive players will automatically lose when time's up. (requested by DreamFreedom)\n|\n|t:|1700224190\n|move|p1a: Ogerpon|U-turn|p2a: Tangrowth\n|-supereffective|p2a: Tangrowth\n|-crit|p2a: Tangrowth\n|-damage|p2a: Tangrowth|0 fnt\n|-damage|p1a: Ogerpon|72\/100|[from] item: Rocky Helmet|[of] p2a: Tangrowth\n|faint|p2a: Tangrowth\n|\n|t:|1700224194\n|switch|p1a: Kyurem|Kyurem, tera:Steel|85\/100|[from] U-turn\n|-damage|p1a: Kyurem|79\/100|[from] Stealth Rock\n|-ability|p1a: Kyurem|Pressure\n|\n|upkeep\n|\n|t:|1700224207\n|switch|p2a: Skeledirge|Skeledirge, M|84\/100\n|turn|29\n|\n|t:|1700224214\n|move|p1a: Kyurem|Draco Meteor|p2a: Skeledirge\n|-damage|p2a: Skeledirge|33\/100\n|-unboost|p1a: Kyurem|spa|2\n|move|p2a: Skeledirge|Torch Song|p1a: Kyurem\n|-supereffective|p1a: Kyurem\n|-damage|p1a: Kyurem|22\/100\n|-boost|p2a: Skeledirge|spa|1\n|\n|upkeep\n|turn|30\n|\n|t:|1700224219\n|move|p1a: Kyurem|Draco Meteor|p2a: Skeledirge\n|-damage|p2a: Skeledirge|0 fnt\n|-unboost|p1a: Kyurem|spa|2\n|faint|p2a: Skeledirge\n|\n|upkeep\n|\n|t:|1700224221\n|switch|p2a: Gliscor|Gliscor, F, shiny|100\/100\n|-damage|p2a: Gliscor|88\/100|[from] Stealth Rock\n|turn|31\n|\n|t:|1700224228\n|switch|p1a: Tapu Lele|Tapu Lele|57\/100\n|-damage|p1a: Tapu Lele|44\/100|[from] Stealth Rock\n|-fieldstart|move: Psychic Terrain|[from] ability: Psychic Surge|[of] p1a: Tapu Lele\n|move|p2a: Gliscor|Earthquake|p1a: Tapu Lele\n|-damage|p1a: Tapu Lele|0 fnt\n|faint|p1a: Tapu Lele\n|\n|-status|p2a: Gliscor|tox|[from] item: Toxic Orb\n|upkeep\n|\n|t:|1700224232\n|switch|p1a: Kyurem|Kyurem, tera:Steel|22\/100\n|-damage|p1a: Kyurem|16\/100|[from] Stealth Rock\n|-ability|p1a: Kyurem|Pressure\n|turn|32\n|\n|t:|1700224236\n|switch|p2a: Mew|Mew, shiny|99\/100 frz\n|-damage|p2a: Mew|87\/100 frz|[from] Stealth Rock\n|move|p1a: Kyurem|Freeze-Dry|p2a: Mew\n|-damage|p2a: Mew|63\/100 frz\n|\n|-heal|p2a: Mew|69\/100 frz|[from] item: Leftovers\n|upkeep\n|turn|33\n|\n|t:|1700224239\n|move|p1a: Kyurem|Roost|p1a: Kyurem\n|-heal|p1a: Kyurem|66\/100\n|-curestatus|p2a: Mew|frz|[msg]\n|move|p2a: Mew|Night Shade|p1a: Kyurem\n|-damage|p1a: Kyurem|40\/100\n|\n|-heal|p2a: Mew|75\/100|[from] item: Leftovers\n|upkeep\n|turn|34\n|\n|t:|1700224244\n|move|p1a: Kyurem|Roost|p1a: Kyurem\n|-heal|p1a: Kyurem|90\/100\n|move|p2a: Mew|Night Shade|p1a: Kyurem\n|-damage|p1a: Kyurem|65\/100\n|\n|-heal|p2a: Mew|82\/100|[from] item: Leftovers\n|upkeep\n|turn|35\n|\n|t:|1700224247\n|move|p1a: Kyurem|Freeze-Dry|p2a: Mew\n|-damage|p2a: Mew|59\/100\n|move|p2a: Mew|Taunt|p1a: Kyurem\n|-start|p1a: Kyurem|move: Taunt\n|\n|-heal|p2a: Mew|66\/100|[from] item: Leftovers\n|-fieldend|move: Psychic Terrain\n|upkeep\n|turn|36\n|\n|t:|1700224251\n|move|p1a: Kyurem|Freeze-Dry|p2a: Mew\n|-damage|p2a: Mew|44\/100\n|move|p2a: Mew|Roost|p2a: Mew\n|-heal|p2a: Mew|94\/100\n|-singleturn|p2a: Mew|move: Roost\n|\n|-heal|p2a: Mew|99\/100|[from] item: Leftovers\n|upkeep\n|turn|37\n|\n|t:|1700224254\n|move|p1a: Kyurem|Freeze-Dry|p2a: Mew\n|-damage|p2a: Mew|78\/100\n|-status|p2a: Mew|frz\n|cant|p2a: Mew|frz\n|\n|-heal|p2a: Mew|84\/100 frz|[from] item: Leftovers\n|upkeep\n|turn|38\n|\n|t:|1700224258\n|switch|p1a: Ogerpon|Ogerpon-Wellspring, F|72\/100\n|-damage|p1a: Ogerpon|59\/100|[from] Stealth Rock\n|cant|p2a: Mew|frz\n|\n|-heal|p2a: Mew|90\/100 frz|[from] item: Leftovers\n|upkeep\n|turn|39\n|\n|t:|1700224262\n|move|p1a: Ogerpon|Swords Dance|p1a: Ogerpon\n|-boost|p1a: Ogerpon|atk|2\n|cant|p2a: Mew|frz\n|\n|-heal|p2a: Mew|96\/100 frz|[from] item: Leftovers\n|upkeep\n|turn|40\n|-message|QAQ QAQ QAQ QAQ forfeited.\n|\n|win|DreamFreedom\n|raw|DreamFreedom's rating: 1520 &rarr; <strong>1548<\/strong><br \/>(+28 for winning)\n|raw|QAQ QAQ QAQ QAQ's rating: 1663 &rarr; <strong>1635<\/strong><br \/>(-28 for losing)\n|l|\u2606QAQ QAQ QAQ QAQ\n","uploadtime":1700224276,"views":9,"p1id":"dreamfreedom","p2id":"qaqqaqqaqqaq","formatid":"gen9nationaldex","rating":1548,"private":0,"password":""}