{"id":"gen9nationaldex-1996041681","p1":"Dk Zay","p2":"shampawn","format":"[Gen 9] National Dex","log":"|html|<div class=\"broadcast-blue\"><strong>[Gen 9] National Dex is currently suspecting Sneasler! For information on how to participate check out the <a href=\"https:\/\/www.smogon.com\/forums\/threads\/sv-national-dex-suspect-8-just-dance.3731534\/\">suspect thread<\/a>.<\/strong><\/div>\n|j|\u203dDk Zay\n|j|\u2606shampawn\n|t:|1700634023\n|gametype|singles\n|player|p1|Dk Zay|2|1306\n|player|p2|shampawn|grimsley|1405\n|teamsize|p1|6\n|teamsize|p2|6\n|gen|9\n|tier|[Gen 9] National Dex\n|rated|\n|rule|HP Percentage Mod: HP is shown in percentages\n|rule|Endless Battle Clause: Forcing endless battles is banned\n|rule|OHKO Clause: OHKO moves are banned\n|rule|Evasion Clause: Evasion abilities, items, and moves are banned\n|rule|Evasion Abilities Clause: Evasion abilities are banned\n|rule|Evasion Items Clause: Evasion items are banned\n|rule|Evasion Moves Clause: Evasion moves are banned\n|rule|Species Clause: Limit one of each Pok\u00e9mon\n|rule|Sleep Clause Mod: Limit one foe put to sleep\n|clearpoke\n|poke|p1|Tapu Lele|\n|poke|p1|Sneasler, M|\n|poke|p1|Hoopa-Unbound|\n|poke|p1|Zapdos|\n|poke|p1|Urshifu-*, M|\n|poke|p1|Banette, F|\n|poke|p2|Diancie|\n|poke|p2|Dragonite, M|\n|poke|p2|Eiscue, F|\n|poke|p2|Galvantula, F|\n|poke|p2|Volcarona, M|\n|poke|p2|Great Tusk|\n|teampreview\n|inactive|Battle timer is ON: inactive players will automatically lose when time's up. (requested by Dk Zay)\n|\n|t:|1700634037\n|start\n|switch|p1a: Urshifu|Urshifu-Rapid-Strike, M|100\/100\n|switch|p2a: Diancie|Diancie|100\/100\n|turn|1\n|\n|t:|1700634043\n|detailschange|p2a: Diancie|Diancie-Mega\n|-mega|p2a: Diancie|Diancie|Diancite\n|move|p1a: Urshifu|Surging Strikes|p2a: Diancie\n|-supereffective|p2a: Diancie\n|-crit|p2a: Diancie\n|-damage|p2a: Diancie|45\/100\n|-supereffective|p2a: Diancie\n|-crit|p2a: Diancie\n|-damage|p2a: Diancie|0 fnt\n|faint|p2a: Diancie\n|-hitcount|p2: Diancie|2\n|\n|upkeep\n|\n|t:|1700634052\n|switch|p2a: Dragonite|Dragonite, M|100\/100\n|turn|2\n|\n|t:|1700634057\n|switch|p1a: Zapdos|Zapdos|100\/100\n|move|p2a: Dragonite|Dragon Dance|p2a: Dragonite\n|-boost|p2a: Dragonite|atk|1\n|-boost|p2a: Dragonite|spe|1\n|\n|upkeep\n|turn|3\n|\n|t:|1700634060\n|move|p2a: Dragonite|Dragon Dance|p2a: Dragonite\n|-boost|p2a: Dragonite|atk|1\n|-boost|p2a: Dragonite|spe|1\n|move|p1a: Zapdos|Volt Switch|p2a: Dragonite\n|-damage|p2a: Dragonite|81\/100\n|\n|t:|1700634068\n|switch|p1a: Tapu Lele|Tapu Lele, shiny|100\/100|[from] Volt Switch\n|-fieldstart|move: Psychic Terrain|[from] ability: Psychic Surge|[of] p1a: Tapu Lele\n|\n|upkeep\n|turn|4\n|\n|t:|1700634075\n|move|p2a: Dragonite|Earthquake|p1a: Tapu Lele\n|-damage|p1a: Tapu Lele|0 fnt\n|faint|p1a: Tapu Lele\n|\n|upkeep\n|\n|t:|1700634081\n|switch|p1a: Sneasler|Sneasler, M, shiny|100\/100\n|-enditem|p1a: Sneasler|Psychic Seed\n|-boost|p1a: Sneasler|spd|1|[from] item: Psychic Seed\n|turn|5\n|\n|t:|1700634090\n|-terastallize|p1a: Sneasler|Flying\n|move|p1a: Sneasler|Swords Dance|p1a: Sneasler\n|-boost|p1a: Sneasler|atk|2\n|move|p2a: Dragonite|Earthquake|p1a: Sneasler\n|-immune|p1a: Sneasler\n|\n|upkeep\n|turn|6\n|\n|t:|1700634094\n|move|p1a: Sneasler|Acrobatics|p2a: Dragonite\n|-damage|p2a: Dragonite|0 fnt\n|faint|p2a: Dragonite\n|\n|upkeep\n|\n|t:|1700634107\n|switch|p2a: Eiscue|Eiscue, F|100\/100\n|turn|7\n|\n|t:|1700634116\n|move|p1a: Sneasler|Dire Claw|p2a: Eiscue\n|-activate|p2a: Eiscue|ability: Ice Face\n|-damage|p2a: Eiscue|100\/100\n|detailschange|p2a: Eiscue|Eiscue-Noice, F\n|move|p2a: Eiscue|Belly Drum|p2a: Eiscue\n|-damage|p2a: Eiscue|51\/100\n|-setboost|p2a: Eiscue|atk|6|[from] move: Belly Drum\n|\n|-fieldend|move: Psychic Terrain\n|upkeep\n|turn|8\n|\n|t:|1700634126\n|move|p1a: Sneasler|Dire Claw|p2a: Eiscue\n|-damage|p2a: Eiscue|0 fnt\n|faint|p2a: Eiscue\n|\n|upkeep\n|\n|t:|1700634131\n|switch|p2a: Volcarona|Volcarona, M|100\/100\n|turn|9\n|\n|t:|1700634135\n|move|p1a: Sneasler|Acrobatics|p2a: Volcarona\n|-supereffective|p2a: Volcarona\n|-damage|p2a: Volcarona|0 fnt\n|faint|p2a: Volcarona\n|\n|upkeep\n|\n|t:|1700634138\n|switch|p2a: Galvantula|Galvantula, F|100\/100\n|-ability|p2a: Galvantula|Unnerve\n|turn|10\n|\n|t:|1700634157\n|move|p1a: Sneasler|Dire Claw|p2a: Galvantula\n|-enditem|p2a: Galvantula|Focus Sash\n|-damage|p2a: Galvantula|1\/100\n|move|p2a: Galvantula|Thunder Wave|p1a: Sneasler|[miss]\n|-miss|p2a: Galvantula|p1a: Sneasler\n|\n|upkeep\n|turn|11\n|\n|t:|1700634164\n|move|p1a: Sneasler|Dire Claw|p2a: Galvantula\n|-damage|p2a: Galvantula|0 fnt\n|faint|p2a: Galvantula\n|\n|upkeep\n|\n|t:|1700634166\n|switch|p2a: Great Tusk|Great Tusk|100\/100\n|turn|12\n|n|!shampawn|shampawn\n|-message|shampawn forfeited.\n|\n|win|Dk Zay\n|raw|Dk Zay's rating: 1306 &rarr; <strong>1332<\/strong><br \/>(+26 for winning)\n|raw|shampawn's rating: 1405 &rarr; <strong>1379<\/strong><br \/>(-26 for losing)\n|l|!shampawn\n","uploadtime":1700634176,"views":0,"p1id":"dkzay","p2id":"shampawn","formatid":"gen9nationaldex","rating":1332,"private":0,"password":""}