{"id":"gen9nationaldex-1998569823","p1":"iamjustanillusion","p2":"Jack the Ripper21","format":"[Gen 9] National Dex","log":"|html|<div class=\"broadcast-blue\"><strong>[Gen 9] National Dex is currently suspecting Sneasler! For information on how to participate check out the <a href=\"https:\/\/www.smogon.com\/forums\/threads\/sv-national-dex-suspect-8-just-dance.3731534\/\">suspect thread<\/a>.<\/strong><\/div>\n|j|\u2606iamjustanillusion\n|j|\u2606Jack the Ripper21\n|t:|1700957590\n|gametype|singles\n|player|p1|iamjustanillusion|winona|\n|player|p2|Jack the Ripper21|gentleman-gen4dp|\n|teamsize|p1|6\n|teamsize|p2|6\n|gen|9\n|tier|[Gen 9] National Dex\n|rule|HP Percentage Mod: HP is shown in percentages\n|rule|Endless Battle Clause: Forcing endless battles is banned\n|rule|OHKO Clause: OHKO moves are banned\n|rule|Evasion Clause: Evasion abilities, items, and moves are banned\n|rule|Evasion Abilities Clause: Evasion abilities are banned\n|rule|Evasion Items Clause: Evasion items are banned\n|rule|Evasion Moves Clause: Evasion moves are banned\n|rule|Species Clause: Limit one of each Pok\u00e9mon\n|rule|Sleep Clause Mod: Limit one foe put to sleep\n|clearpoke\n|poke|p1|Minior|\n|poke|p1|Flygon, F|\n|poke|p1|Gliscor, F|\n|poke|p1|Aerodactyl, F|\n|poke|p1|Latios, M|\n|poke|p1|Dragonite, M|\n|poke|p2|Sneasler, F|\n|poke|p2|Glimmora, F|\n|poke|p2|Clodsire, F|\n|poke|p2|Iron Moth|\n|poke|p2|Venusaur, M|\n|poke|p2|Nihilego|\n|teampreview\n|c|\u2606Jack the Ripper21|hola\n|c|\u2606iamjustanillusion|hola\n|\n|t:|1700957617\n|start\n|switch|p1a: Gliscor|Gliscor, F|100\/100\n|switch|p2a: Mutated ball sack|Glimmora, F|100\/100\n|-item|p2a: Mutated ball sack|Air Balloon\n|turn|1\n|\n|t:|1700957625\n|move|p2a: Mutated ball sack|Stealth Rock|p1a: Gliscor\n|-sidestart|p1: iamjustanillusion|move: Stealth Rock\n|move|p1a: Gliscor|Earthquake|p2a: Mutated ball sack\n|-immune|p2a: Mutated ball sack\n|\n|-status|p1a: Gliscor|tox|[from] item: Toxic Orb\n|upkeep\n|turn|2\n|c|\u2606iamjustanillusion|oh yeah\n|\n|t:|1700957638\n|switch|p1a: Latios|Latios, M|100\/100\n|-damage|p1a: Latios|88\/100|[from] Stealth Rock\n|move|p2a: Mutated ball sack|Spikes|p1a: Latios\n|-sidestart|p1: iamjustanillusion|Spikes\n|\n|upkeep\n|turn|3\n|c|\u2606Jack the Ripper21|i like turtles\n|\n|t:|1700957644\n|move|p1a: Latios|Psychic|p2a: Mutated ball sack\n|-supereffective|p2a: Mutated ball sack\n|-damage|p2a: Mutated ball sack|0 fnt\n|-enditem|p2a: Mutated ball sack|Air Balloon\n|faint|p2a: Mutated ball sack\n|\n|upkeep\n|c|\u2606iamjustanillusion|ball sack died\n|c|\u2606iamjustanillusion|unfortunate\n|\n|t:|1700957655\n|switch|p2a: Ripper|Sneasler, F|100\/100\n|turn|4\n|c|\u2606Jack the Ripper21|its fine\n|\n|t:|1700957662\n|switch|p1a: Minior|Minior|100\/100\n|-damage|p1a: Minior|76\/100|[from] Stealth Rock\n|-formechange|p1a: Minior|Minior-Meteor||[from] ability: Shields Down\n|move|p2a: Ripper|Fake Out|p1a: Minior\n|-enditem|p2a: Ripper|Normal Gem|[from] gem\n|-resisted|p1a: Minior\n|-damage|p1a: Minior|60\/100\n|\n|upkeep\n|turn|5\n|\n|t:|1700957672\n|move|p2a: Ripper|Close Combat|p1a: Minior\n|-damage|p1a: Minior|0 fnt\n|-unboost|p2a: Ripper|def|1\n|-unboost|p2a: Ripper|spd|1\n|faint|p1a: Minior\n|\n|upkeep\n|c|\u2606Jack the Ripper21|donk\n|\n|t:|1700957677\n|switch|p1a: Dragonite|Dragonite, M|100\/100\n|turn|6\n|\n|t:|1700957687\n|-terastallize|p1a: Dragonite|Normal\n|move|p1a: Dragonite|Extreme Speed|p2a: Ripper\n|-damage|p2a: Ripper|0 fnt\n|faint|p2a: Ripper\n|\n|upkeep\n|\n|t:|1700957696\n|switch|p2a: Frogs|Venusaur, M|100\/100\n|turn|7\n|\n|t:|1700957699\n|detailschange|p2a: Frogs|Venusaur-Mega, M\n|-mega|p2a: Frogs|Venusaur|Venusaurite\n|move|p1a: Dragonite|Extreme Speed|p2a: Frogs\n|-damage|p2a: Frogs|72\/100\n|move|p2a: Frogs|Sludge Bomb|p1a: Dragonite\n|-damage|p1a: Dragonite|82\/100\n|\n|upkeep\n|turn|8\n|\n|t:|1700957710\n|move|p1a: Dragonite|Extreme Speed|p2a: Frogs\n|-damage|p2a: Frogs|47\/100\n|move|p2a: Frogs|Leech Seed|p1a: Dragonite\n|-start|p1a: Dragonite|move: Leech Seed\n|\n|-damage|p1a: Dragonite|70\/100|[from] Leech Seed|[of] p2a: Frogs\n|-heal|p2a: Frogs|58\/100|[silent]\n|upkeep\n|turn|9\n|\n|t:|1700957729\n|move|p1a: Dragonite|Extreme Speed|p2a: Frogs\n|-damage|p2a: Frogs|32\/100\n|move|p2a: Frogs|Synthesis|p2a: Frogs\n|-heal|p2a: Frogs|82\/100\n|\n|-damage|p1a: Dragonite|57\/100|[from] Leech Seed|[of] p2a: Frogs\n|-heal|p2a: Frogs|93\/100|[silent]\n|upkeep\n|turn|10\n|\n|t:|1700957740\n|move|p1a: Dragonite|Extreme Speed|p2a: Frogs\n|-damage|p2a: Frogs|64\/100\n|move|p2a: Frogs|Sludge Bomb|p1a: Dragonite\n|-damage|p1a: Dragonite|21\/100\n|\n|-damage|p1a: Dragonite|9\/100|[from] Leech Seed|[of] p2a: Frogs\n|-heal|p2a: Frogs|75\/100|[silent]\n|upkeep\n|turn|11\n|\n|t:|1700957748\n|move|p1a: Dragonite|Extreme Speed|p2a: Frogs\n|-damage|p2a: Frogs|48\/100\n|move|p2a: Frogs|Synthesis|p2a: Frogs\n|-heal|p2a: Frogs|98\/100\n|\n|-damage|p1a: Dragonite|0 fnt|[from] Leech Seed|[of] p2a: Frogs\n|-heal|p2a: Frogs|100\/100|[silent]\n|faint|p1a: Dragonite\n|upkeep\n|\n|t:|1700957757\n|switch|p1a: Latios|Latios, M|88\/100\n|-damage|p1a: Latios|76\/100|[from] Stealth Rock\n|turn|12\n|\n|t:|1700957768\n|move|p1a: Latios|Psychic|p2a: Frogs\n|-supereffective|p2a: Frogs\n|-damage|p2a: Frogs|9\/100\n|move|p2a: Frogs|Sludge Bomb|p1a: Latios\n|-damage|p1a: Latios|36\/100\n|-status|p1a: Latios|psn\n|\n|-damage|p1a: Latios|23\/100 psn|[from] psn\n|upkeep\n|turn|13\n|\n|t:|1700957778\n|move|p1a: Latios|Psychic|p2a: Frogs\n|-supereffective|p2a: Frogs\n|-damage|p2a: Frogs|0 fnt\n|faint|p2a: Frogs\n|\n|-damage|p1a: Latios|11\/100 psn|[from] psn\n|upkeep\n|\n|t:|1700957787\n|switch|p2a: YOHOHOHOHO|Nihilego|100\/100\n|turn|14\n|\n|t:|1700957792\n|-terastallize|p2a: YOHOHOHOHO|Ice\n|move|p2a: YOHOHOHOHO|Hidden Power|p1a: Latios\n|-supereffective|p1a: Latios\n|-damage|p1a: Latios|0 fnt\n|faint|p1a: Latios\n|-ability|p2a: YOHOHOHOHO|Beast Boost|boost\n|-boost|p2a: YOHOHOHOHO|spa|1\n|\n|upkeep\n|\n|t:|1700957802\n|switch|p1a: Aerodactyl|Aerodactyl, F|100\/100\n|-ability|p1a: Aerodactyl|Unnerve\n|-damage|p1a: Aerodactyl|76\/100|[from] Stealth Rock\n|turn|15\n|\n|t:|1700957809\n|detailschange|p1a: Aerodactyl|Aerodactyl-Mega, F\n|-mega|p1a: Aerodactyl|Aerodactyl|Aerodactylite\n|move|p2a: YOHOHOHOHO|Hidden Power|p1a: Aerodactyl\n|-supereffective|p1a: Aerodactyl\n|-damage|p1a: Aerodactyl|0 fnt\n|faint|p1a: Aerodactyl\n|-ability|p2a: YOHOHOHOHO|Beast Boost|boost\n|-boost|p2a: YOHOHOHOHO|spa|1\n|\n|upkeep\n|c|\u2606iamjustanillusion|oh great\n|c|\u2606iamjustanillusion|its scarfed\n|c|\u2606Jack the Ripper21|donk\n|\n|t:|1700957823\n|switch|p1a: Gliscor|Gliscor, F|100\/100 tox\n|-damage|p1a: Gliscor|88\/100 tox|[from] Stealth Rock\n|turn|16\n|c|\u2606iamjustanillusion|let gliscor cool 1 turn\n|\n|t:|1700957835\n|move|p2a: YOHOHOHOHO|Hidden Power|p1a: Gliscor\n|-supereffective|p1a: Gliscor\n|-damage|p1a: Gliscor|0 fnt\n|faint|p1a: Gliscor\n|-ability|p2a: YOHOHOHOHO|Beast Boost|boost\n|-boost|p2a: YOHOHOHOHO|spa|1\n|\n|upkeep\n|c|\u2606iamjustanillusion|uncool\n|\n|t:|1700957839\n|switch|p1a: Flygon|Flygon, F|100\/100\n|-damage|p1a: Flygon|95\/100|[from] Stealth Rock\n|turn|17\n|c|\u2606iamjustanillusion|lemme cook 1 turn\n|c|\u2606Jack the Ripper21|well i got shit to do im making this fast\n|c|\u2606Jack the Ripper21|and sure\n|\n|t:|1700957862\n|switch|p2a: Its a Moth|Iron Moth|100\/100\n|-enditem|p2a: Its a Moth|Booster Energy\n|-activate|p2a: Its a Moth|ability: Quark Drive|[fromitem]\n|-start|p2a: Its a Moth|quarkdrivespa\n|move|p1a: Flygon|Rock Slide|p2a: Its a Moth\n|-supereffective|p2a: Its a Moth\n|-damage|p2a: Its a Moth|8\/100\n|-damage|p1a: Flygon|85\/100|[from] item: Life Orb\n|\n|upkeep\n|turn|18\n|c|\u2606Jack the Ripper21|you can cook\n|c|\u2606iamjustanillusion|cooking\n|c|\u2606iamjustanillusion|le monke\n|\n|t:|1700957875\n|move|p2a: Its a Moth|Dazzling Gleam|p1a: Flygon\n|-supereffective|p1a: Flygon\n|-damage|p1a: Flygon|0 fnt\n|faint|p1a: Flygon\n|\n|win|Jack the Ripper21\n|c|\u2606iamjustanillusion|not cooking :(\n|c|\u2606Jack the Ripper21|gg\n|c|\u2606iamjustanillusion|aw\n|c|\u2606iamjustanillusion|:(\n|c|\u2606iamjustanillusion|gg\n|c|\u2606iamjustanillusion|i sucky :(\n","uploadtime":1700958507,"views":13,"p1id":"iamjustanillusion","p2id":"jacktheripper21","formatid":"gen9nationaldex","rating":0,"private":0,"password":""}