{"id":"gen9nationaldex-1989874220","p1":"Azu_CriticalXD","p2":"RiouruK","format":"[Gen 9] National Dex","log":"|j|\u2606Azu_CriticalXD\n|j|\u2606RiouruK\n|t:|1699902928\n|gametype|singles\n|player|p1|Azu_CriticalXD|ltsurge|\n|player|p2|RiouruK|ghetsis|\n|teamsize|p1|6\n|teamsize|p2|6\n|gen|9\n|tier|[Gen 9] National Dex\n|rule|HP Percentage Mod: HP is shown in percentages\n|rule|Endless Battle Clause: Forcing endless battles is banned\n|rule|OHKO Clause: OHKO moves are banned\n|rule|Evasion Clause: Evasion abilities, items, and moves are banned\n|rule|Evasion Abilities Clause: Evasion abilities are banned\n|rule|Evasion Items Clause: Evasion items are banned\n|rule|Evasion Moves Clause: Evasion moves are banned\n|rule|Species Clause: Limit one of each Pok\u00e9mon\n|rule|Sleep Clause Mod: Limit one foe put to sleep\n|clearpoke\n|poke|p1|Regigigas|\n|poke|p1|Zoroark-Hisui, M|\n|poke|p1|Grafaiai, M|\n|poke|p1|Ursaluna, F|\n|poke|p1|Pidgeot, F|\n|poke|p1|Porygon-Z|\n|poke|p2|Lucario, M|\n|poke|p2|Iron Valiant|\n|poke|p2|Lopunny, F|\n|poke|p2|Blaziken, F|\n|poke|p2|Urshifu-*, M|\n|poke|p2|Great Tusk|\n|teampreview\n|\n|t:|1699902949\n|start\n|switch|p1a: Urbeman|Grafaiai, M, shiny|100\/100\n|switch|p2a: We|Iron Valiant|100\/100\n|turn|1\n|j| Oxxo_ntsm\n|\n|t:|1699902959\n|move|p1a: Urbeman|Switcheroo|p2a: We\n|-activate|p1a: Urbeman|move: Trick|[of] p2a: We\n|-item|p2a: We|Choice Scarf|[from] move: Switcheroo\n|-item|p1a: Urbeman|Choice Specs|[from] move: Switcheroo\n|move|p2a: We|Knock Off|p1a: Urbeman\n|-damage|p1a: Urbeman|56\/100\n|-enditem|p1a: Urbeman|Choice Specs|[from] move: Knock Off|[of] p2a: We\n|\n|upkeep\n|turn|2\n|\n|t:|1699902972\n|move|p1a: Urbeman|Acrobatics|p2a: We\n|-supereffective|p2a: We\n|-crit|p2a: We\n|-damage|p2a: We|0 fnt\n|faint|p2a: We\n|-end|p2a: We|Quark Drive|[silent]\n|\n|upkeep\n|c| Oxxo_ntsm|Suerte a ambos\n|\n|t:|1699902996\n|switch|p2a: Great Tusk|Great Tusk|100\/100\n|turn|3\n|\n|t:|1699903003\n|move|p1a: Urbeman|Acrobatics|p2a: Great Tusk\n|-supereffective|p2a: Great Tusk\n|-damage|p2a: Great Tusk|55\/100\n|move|p2a: Great Tusk|Headlong Rush|p1a: Urbeman\n|-supereffective|p1a: Urbeman\n|-damage|p1a: Urbeman|0 fnt\n|-unboost|p2a: Great Tusk|def|1\n|-unboost|p2a: Great Tusk|spd|1\n|faint|p1a: Urbeman\n|\n|-heal|p2a: Great Tusk|61\/100|[from] item: Leftovers\n|upkeep\n|\n|t:|1699903024\n|switch|p1a: Dashy|Pidgeot, F, shiny|100\/100\n|turn|4\n|\n|t:|1699903030\n|detailschange|p1a: Dashy|Pidgeot-Mega, F, shiny\n|-mega|p1a: Dashy|Pidgeot|Pidgeotite\n|move|p1a: Dashy|Hurricane|p2a: Great Tusk\n|-supereffective|p2a: Great Tusk\n|-damage|p2a: Great Tusk|0 fnt\n|faint|p2a: Great Tusk\n|-end|p2a: Great Tusk|Protosynthesis|[silent]\n|\n|upkeep\n|\n|t:|1699903044\n|switch|p2a: Lopunny|Lopunny, F|100\/100\n|turn|5\n|\n|t:|1699903061\n|switch|p1a: Mecha|Regigigas, shiny|100\/100\n|move|p2a: Lopunny|Fake Out|p1a: Mecha\n|-immune|p1a: Mecha\n|\n|upkeep\n|turn|6\n|\n|t:|1699903075\n|move|p2a: Lopunny|Fake Out||[still]\n|-hint|Fake Out only works on your first turn out.\n|-fail|p2a: Lopunny\n|move|p1a: Mecha|Nasty Plot|p1a: Mecha\n|-boost|p1a: Mecha|spa|2\n|\n|upkeep\n|turn|7\n|\n|t:|1699903088\n|detailschange|p2a: Lopunny|Lopunny-Mega, F\n|-mega|p2a: Lopunny|Lopunny|Lopunnite\n|move|p2a: Lopunny|Close Combat|p1a: Mecha\n|-supereffective|p1a: Mecha\n|-enditem|p1a: Mecha|Focus Sash\n|-damage|p1a: Mecha|1\/100\n|-unboost|p2a: Lopunny|def|1\n|-unboost|p2a: Lopunny|spd|1\n|replace|p1a: Zero|Zoroark-Hisui, M, shiny\n|-end|p1a: Zero|Illusion\n|move|p1a: Zero|Hyper Voice|p2a: Lopunny\n|-damage|p2a: Lopunny|0 fnt\n|faint|p2a: Lopunny\n|\n|upkeep\n|\n|t:|1699903101\n|switch|p2a: Lucario|Lucario, M, shiny|100\/100\n|turn|8\n|\n|t:|1699903107\n|move|p2a: Lucario|Bullet Punch|p1a: Zero\n|-damage|p1a: Zero|0 fnt\n|faint|p1a: Zero\n|-damage|p2a: Lucario|91\/100|[from] item: Life Orb\n|\n|upkeep\n|\n|t:|1699903115\n|switch|p1a: Dashy|Pidgeot-Mega, F, shiny|100\/100\n|turn|9\n|\n|t:|1699903122\n|-terastallize|p2a: Lucario|Steel\n|move|p1a: Dashy|Hurricane|p2a: Lucario\n|-resisted|p2a: Lucario\n|-damage|p2a: Lucario|40\/100\n|move|p2a: Lucario|Swords Dance|p2a: Lucario\n|-boost|p2a: Lucario|atk|2\n|\n|upkeep\n|turn|10\n|\n|t:|1699903133\n|move|p1a: Dashy|Heat Wave|p2a: Lucario\n|-supereffective|p2a: Lucario\n|-damage|p2a: Lucario|0 fnt\n|faint|p2a: Lucario\n|\n|upkeep\n|\n|t:|1699903140\n|switch|p2a: Urshifu|Urshifu-Rapid-Strike, M|100\/100\n|turn|11\n|c|\u2606Azu_CriticalXD|crei que no tenia mega la coneja xd\n|\n|t:|1699903150\n|move|p1a: Dashy|Hurricane|p2a: Urshifu\n|-supereffective|p2a: Urshifu\n|-damage|p2a: Urshifu|0 fnt\n|faint|p2a: Urshifu\n|\n|upkeep\n|\n|t:|1699903153\n|switch|p2a: Blaziken|Blaziken, F|100\/100\n|turn|12\n|\n|t:|1699903168\n|switch|p1a: Glitchy.exe|Porygon-Z, shiny|100\/100\n|-ability|p1a: Glitchy.exe|Download|boost\n|-boost|p1a: Glitchy.exe|atk|1\n|move|p2a: Blaziken|Protect||[still]\n|-fail|p2a: Blaziken\n|\n|-ability|p2a: Blaziken|Speed Boost|boost\n|-boost|p2a: Blaziken|spe|1\n|upkeep\n|turn|13\n|\n|t:|1699903176\n|move|p1a: Glitchy.exe|Thunder Wave|p2a: Blaziken\n|-status|p2a: Blaziken|par\n|-zpower|p2a: Blaziken\n|move|p2a: Blaziken|Inferno Overdrive|p1a: Glitchy.exe|[zeffect]\n|-damage|p1a: Glitchy.exe|0 fnt\n|faint|p1a: Glitchy.exe\n|\n|-ability|p2a: Blaziken|Speed Boost|boost\n|-boost|p2a: Blaziken|spe|1\n|upkeep\n|\n|t:|1699903191\n|switch|p1a: Dashy|Pidgeot-Mega, F, shiny|100\/100\n|turn|14\n|\n|t:|1699903196\n|move|p2a: Blaziken|Protect|p2a: Blaziken\n|-singleturn|p2a: Blaziken|Protect\n|move|p1a: Dashy|Hurricane|p2a: Blaziken\n|-activate|p2a: Blaziken|move: Protect\n|\n|-ability|p2a: Blaziken|Speed Boost|boost\n|-boost|p2a: Blaziken|spe|1\n|upkeep\n|turn|15\n|\n|t:|1699903208\n|cant|p2a: Blaziken|par\n|move|p1a: Dashy|Hurricane|p2a: Blaziken\n|-supereffective|p2a: Blaziken\n|-damage|p2a: Blaziken|0 fnt\n|faint|p2a: Blaziken\n|\n|win|Azu_CriticalXD\n|c|\u2606Azu_CriticalXD|uy\n|c|\u2606Azu_CriticalXD|me la jugue feo\n|c|\u2606Azu_CriticalXD|gg\n","uploadtime":1699903228,"views":7,"p1id":"azucriticalxd","p2id":"riouruk","formatid":"gen9nationaldex","rating":0,"private":0,"password":""}