{"id":"gen9nationaldex-1998423632","p1":"ITS EDOT BABY","p2":"jkljlkh","format":"[Gen 9] National Dex","log":"|html|<div class=\"broadcast-blue\"><strong>[Gen 9] National Dex is currently suspecting Sneasler! For information on how to participate check out the <a href=\"https:\/\/www.smogon.com\/forums\/threads\/sv-national-dex-suspect-8-just-dance.3731534\/\">suspect thread<\/a>.<\/strong><\/div>\n|j|\u2606ITS EDOT BABY\n|j|\u2606jkljlkh\n|t:|1700940704\n|gametype|singles\n|player|p1|ITS EDOT BABY|ariana|1776\n|player|p2|jkljlkh|266|1881\n|teamsize|p1|6\n|teamsize|p2|6\n|gen|9\n|tier|[Gen 9] National Dex\n|rated|\n|rule|HP Percentage Mod: HP is shown in percentages\n|rule|Endless Battle Clause: Forcing endless battles is banned\n|rule|OHKO Clause: OHKO moves are banned\n|rule|Evasion Clause: Evasion abilities, items, and moves are banned\n|rule|Evasion Abilities Clause: Evasion abilities are banned\n|rule|Evasion Items Clause: Evasion items are banned\n|rule|Evasion Moves Clause: Evasion moves are banned\n|rule|Species Clause: Limit one of each Pok\u00e9mon\n|rule|Sleep Clause Mod: Limit one foe put to sleep\n|clearpoke\n|poke|p1|Scizor, M|\n|poke|p1|Garchomp, M|\n|poke|p1|Zeraora|\n|poke|p1|Skeledirge, F|\n|poke|p1|Slowking-Galar, M|\n|poke|p1|Samurott-Hisui, M|\n|poke|p2|Toxapex, F|\n|poke|p2|Dondozo, F|\n|poke|p2|Gliscor, M|\n|poke|p2|Blissey, F|\n|poke|p2|Corviknight, M|\n|poke|p2|Tyranitar, F|\n|teampreview\n|\n|t:|1700940727\n|start\n|switch|p1a: blove|Slowking-Galar, M|100\/100\n|switch|p2a: Toxapex|Toxapex, F|100\/100\n|turn|1\n|\n|t:|1700940730\n|move|p2a: Toxapex|Knock Off|p1a: blove\n|-supereffective|p1a: blove\n|-damage|p1a: blove|72\/100\n|-enditem|p1a: blove|Heavy-Duty Boots|[from] move: Knock Off|[of] p2a: Toxapex\n|move|p1a: blove|Chilly Reception|p1a: blove\n|-weather|Snow\n|\n|t:|1700940732\n|switch|p1a: reyway anthem|Zeraora|100\/100|[from] Chilly Reception\n|\n|-weather|Snow|[upkeep]\n|upkeep\n|turn|2\n|\n|t:|1700940736\n|move|p2a: Toxapex|Baneful Bunker|p2a: Toxapex\n|-singleturn|p2a: Toxapex|move: Protect\n|move|p1a: reyway anthem|Plasma Fists|p2a: Toxapex\n|-activate|p2a: Toxapex|move: Protect\n|-status|p1a: reyway anthem|psn\n|\n|-weather|Snow|[upkeep]\n|-damage|p1a: reyway anthem|88\/100 psn|[from] psn\n|upkeep\n|turn|3\n|\n|t:|1700940741\n|switch|p2a: Gliscor|Gliscor, M|100\/100\n|move|p1a: reyway anthem|Hidden Power|p2a: Gliscor\n|-supereffective|p2a: Gliscor\n|-damage|p2a: Gliscor|25\/100\n|\n|-weather|Snow|[upkeep]\n|-damage|p1a: reyway anthem|76\/100 psn|[from] psn\n|-status|p2a: Gliscor|tox|[from] item: Toxic Orb\n|upkeep\n|turn|4\n|\n|t:|1700940749\n|move|p2a: Gliscor|Protect|p2a: Gliscor\n|-singleturn|p2a: Gliscor|Protect\n|move|p1a: reyway anthem|Plasma Fists|p2a: Gliscor\n|-activate|p2a: Gliscor|move: Protect\n|\n|-weather|Snow|[upkeep]\n|-damage|p1a: reyway anthem|64\/100 psn|[from] psn\n|-heal|p2a: Gliscor|37\/100 tox|[from] ability: Poison Heal\n|upkeep\n|turn|5\n|\n|t:|1700940751\n|switch|p2a: Toxapex|Toxapex, F|100\/100\n|move|p1a: reyway anthem|Plasma Fists|p2a: Toxapex\n|-supereffective|p2a: Toxapex\n|-damage|p2a: Toxapex|29\/100\n|-fieldactivate|move: Ion Deluge\n|-hint|Normal-type moves become Electric-type after using Plasma Fists.\n|\n|-weather|none\n|-damage|p1a: reyway anthem|51\/100 psn|[from] psn\n|upkeep\n|turn|6\n|\n|t:|1700940756\n|switch|p1a: extended da clip|Garchomp, M|100\/100\n|move|p2a: Toxapex|Baneful Bunker||[still]\n|-fail|p2a: Toxapex\n|\n|upkeep\n|turn|7\n|\n|t:|1700940761\n|move|p1a: extended da clip|Stealth Rock|p2a: Toxapex\n|-sidestart|p2: jkljlkh|move: Stealth Rock\n|move|p2a: Toxapex|Toxic|p1a: extended da clip\n|-status|p1a: extended da clip|tox\n|\n|-damage|p1a: extended da clip|94\/100 tox|[from] psn\n|upkeep\n|turn|8\n|\n|t:|1700940765\n|switch|p2a: Corviknight|Corviknight, M|100\/100\n|-damage|p2a: Corviknight|88\/100|[from] Stealth Rock\n|-ability|p2a: Corviknight|Pressure\n|move|p1a: extended da clip|Swords Dance|p1a: extended da clip\n|-boost|p1a: extended da clip|atk|2\n|\n|-heal|p2a: Corviknight|94\/100|[from] item: Leftovers\n|-damage|p1a: extended da clip|82\/100 tox|[from] psn\n|upkeep\n|turn|9\n|\n|t:|1700940781\n|switch|p1a: blove|Slowking-Galar, M|100\/100\n|move|p2a: Corviknight|Protect||[still]\n|-fail|p2a: Corviknight\n|\n|-heal|p2a: Corviknight|100\/100|[from] item: Leftovers\n|upkeep\n|turn|10\n|\n|t:|1700940787\n|move|p2a: Corviknight|Defog|p1a: blove\n|-unboost|p1a: blove|evasion|1\n|-sideend|p2: jkljlkh|Stealth Rock|[from] move: Defog|[of] p2a: Corviknight\n|move|p1a: blove|Future Sight|p2a: Corviknight\n|-start|p1a: blove|move: Future Sight\n|\n|upkeep\n|turn|11\n|inactive|Battle timer is ON: inactive players will automatically lose when time's up. (requested by ITS EDOT BABY)\n|\n|t:|1700940790\n|switch|p2a: Toxapex|Toxapex, F|63\/100\n|move|p1a: blove|Chilly Reception|p1a: blove\n|-weather|Snow\n|\n|t:|1700940798\n|switch|p1a: reyway anthem|Zeraora|51\/100 psn|[from] Chilly Reception\n|\n|-weather|Snow|[upkeep]\n|-damage|p1a: reyway anthem|39\/100 psn|[from] psn\n|upkeep\n|turn|12\n|\n|t:|1700940804\n|switch|p2a: Tyranitar|Tyranitar, F|100\/100\n|-weather|Sandstorm|[from] ability: Sand Stream|[of] p2a: Tyranitar\n|move|p1a: reyway anthem|Plasma Fists|p2a: Tyranitar\n|-damage|p2a: Tyranitar|63\/100\n|-fieldactivate|move: Ion Deluge\n|-hint|Normal-type moves become Electric-type after using Plasma Fists.\n|\n|-weather|Sandstorm|[upkeep]\n|-damage|p1a: reyway anthem|33\/100 psn|[from] Sandstorm\n|-end|p2a: Tyranitar|move: Future Sight\n|-immune|p2a: Tyranitar\n|-damage|p1a: reyway anthem|21\/100 psn|[from] psn\n|upkeep\n|turn|13\n|\n|t:|1700940811\n|switch|p2a: Gliscor|Gliscor, M|37\/100 tox\n|move|p1a: reyway anthem|Close Combat|p2a: Gliscor\n|-resisted|p2a: Gliscor\n|-damage|p2a: Gliscor|25\/100 tox\n|-unboost|p1a: reyway anthem|def|1\n|-unboost|p1a: reyway anthem|spd|1\n|\n|-weather|Sandstorm|[upkeep]\n|-damage|p1a: reyway anthem|15\/100 psn|[from] Sandstorm\n|-damage|p1a: reyway anthem|2\/100 psn|[from] psn\n|-heal|p2a: Gliscor|38\/100 tox|[from] ability: Poison Heal\n|upkeep\n|turn|14\n|\n|t:|1700940818\n|switch|p1a: JIGGY IN JERSEY|Scizor, M|100\/100\n|move|p2a: Gliscor|Protect||[still]\n|-fail|p2a: Gliscor\n|\n|-weather|Sandstorm|[upkeep]\n|-heal|p2a: Gliscor|50\/100 tox|[from] ability: Poison Heal\n|upkeep\n|turn|15\n|\n|t:|1700940823\n|detailschange|p1a: JIGGY IN JERSEY|Scizor-Mega, M\n|-mega|p1a: JIGGY IN JERSEY|Scizor|Scizorite\n|move|p2a: Gliscor|Protect|p2a: Gliscor\n|-singleturn|p2a: Gliscor|Protect\n|move|p1a: JIGGY IN JERSEY|U-turn|p2a: Gliscor\n|-activate|p2a: Gliscor|move: Protect\n|\n|-weather|Sandstorm|[upkeep]\n|-heal|p2a: Gliscor|63\/100 tox|[from] ability: Poison Heal\n|upkeep\n|turn|16\n|\n|t:|1700940826\n|move|p1a: JIGGY IN JERSEY|Bullet Punch|p2a: Gliscor\n|-damage|p2a: Gliscor|46\/100 tox\n|move|p2a: Gliscor|Spikes|p1a: JIGGY IN JERSEY\n|-sidestart|p1: ITS EDOT BABY|Spikes\n|\n|-weather|none\n|-heal|p2a: Gliscor|59\/100 tox|[from] ability: Poison Heal\n|upkeep\n|turn|17\n|\n|t:|1700940828\n|move|p1a: JIGGY IN JERSEY|Bullet Punch|p2a: Gliscor\n|-damage|p2a: Gliscor|41\/100 tox\n|move|p2a: Gliscor|Earthquake|p1a: JIGGY IN JERSEY\n|-damage|p1a: JIGGY IN JERSEY|79\/100\n|\n|-heal|p2a: Gliscor|53\/100 tox|[from] ability: Poison Heal\n|upkeep\n|turn|18\n|\n|t:|1700940830\n|move|p2a: Gliscor|Protect|p2a: Gliscor\n|-singleturn|p2a: Gliscor|Protect\n|move|p1a: JIGGY IN JERSEY|Bullet Punch|p2a: Gliscor\n|-activate|p2a: Gliscor|move: Protect\n|\n|-heal|p2a: Gliscor|66\/100 tox|[from] ability: Poison Heal\n|upkeep\n|turn|19\n|\n|t:|1700940833\n|move|p1a: JIGGY IN JERSEY|Bullet Punch|p2a: Gliscor\n|-damage|p2a: Gliscor|48\/100 tox\n|move|p2a: Gliscor|Earthquake|p1a: JIGGY IN JERSEY\n|-damage|p1a: JIGGY IN JERSEY|62\/100\n|\n|-heal|p2a: Gliscor|60\/100 tox|[from] ability: Poison Heal\n|upkeep\n|turn|20\n|\n|t:|1700940835\n|move|p2a: Gliscor|Protect|p2a: Gliscor\n|-singleturn|p2a: Gliscor|Protect\n|move|p1a: JIGGY IN JERSEY|Bullet Punch|p2a: Gliscor\n|-activate|p2a: Gliscor|move: Protect\n|\n|-heal|p2a: Gliscor|73\/100 tox|[from] ability: Poison Heal\n|upkeep\n|turn|21\n|\n|t:|1700940837\n|move|p1a: JIGGY IN JERSEY|Bullet Punch|p2a: Gliscor\n|-damage|p2a: Gliscor|55\/100 tox\n|move|p2a: Gliscor|Earthquake|p1a: JIGGY IN JERSEY\n|-damage|p1a: JIGGY IN JERSEY|41\/100\n|\n|-heal|p2a: Gliscor|68\/100 tox|[from] ability: Poison Heal\n|upkeep\n|turn|22\n|\n|t:|1700940840\n|move|p2a: Gliscor|Earthquake|p1a: JIGGY IN JERSEY\n|-damage|p1a: JIGGY IN JERSEY|23\/100\n|move|p1a: JIGGY IN JERSEY|Roost|p1a: JIGGY IN JERSEY\n|-heal|p1a: JIGGY IN JERSEY|73\/100\n|-singleturn|p1a: JIGGY IN JERSEY|move: Roost\n|\n|-heal|p2a: Gliscor|80\/100 tox|[from] ability: Poison Heal\n|upkeep\n|turn|23\n|\n|t:|1700940842\n|move|p1a: JIGGY IN JERSEY|Bullet Punch|p2a: Gliscor\n|-damage|p2a: Gliscor|61\/100 tox\n|move|p2a: Gliscor|Spikes|p1a: JIGGY IN JERSEY\n|-sidestart|p1: ITS EDOT BABY|Spikes\n|\n|-heal|p2a: Gliscor|74\/100 tox|[from] ability: Poison Heal\n|upkeep\n|turn|24\n|\n|t:|1700940845\n|move|p2a: Gliscor|Protect|p2a: Gliscor\n|-singleturn|p2a: Gliscor|Protect\n|move|p1a: JIGGY IN JERSEY|Bullet Punch|p2a: Gliscor\n|-activate|p2a: Gliscor|move: Protect\n|\n|-heal|p2a: Gliscor|86\/100 tox|[from] ability: Poison Heal\n|upkeep\n|turn|25\n|\n|t:|1700940848\n|move|p1a: JIGGY IN JERSEY|Bullet Punch|p2a: Gliscor\n|-damage|p2a: Gliscor|68\/100 tox\n|move|p2a: Gliscor|Spikes|p1a: JIGGY IN JERSEY\n|-sidestart|p1: ITS EDOT BABY|Spikes\n|\n|-heal|p2a: Gliscor|80\/100 tox|[from] ability: Poison Heal\n|upkeep\n|turn|26\n|\n|t:|1700940850\n|switch|p2a: Toxapex|Toxapex, F|96\/100\n|move|p1a: JIGGY IN JERSEY|Bullet Punch|p2a: Toxapex\n|-resisted|p2a: Toxapex\n|-damage|p2a: Toxapex|87\/100\n|\n|upkeep\n|turn|27\n|\n|t:|1700940855\n|move|p1a: JIGGY IN JERSEY|Defog|p2a: Toxapex\n|-unboost|p2a: Toxapex|evasion|1\n|-sideend|p1: ITS EDOT BABY|Spikes|[from] move: Defog|[of] p1a: JIGGY IN JERSEY\n|move|p2a: Toxapex|Knock Off|p1a: JIGGY IN JERSEY\n|-damage|p1a: JIGGY IN JERSEY|66\/100\n|\n|upkeep\n|turn|28\n|\n|t:|1700940859\n|switch|p1a: blove|Slowking-Galar, M|100\/100\n|move|p2a: Toxapex|Knock Off|p1a: blove\n|-supereffective|p1a: blove\n|-damage|p1a: blove|77\/100\n|\n|upkeep\n|turn|29\n|\n|t:|1700940862\n|switch|p2a: Tyranitar|Tyranitar, F|63\/100\n|-weather|Sandstorm|[from] ability: Sand Stream|[of] p2a: Tyranitar\n|move|p1a: blove|Chilly Reception|p1a: blove\n|-weather|Snow\n|\n|t:|1700940865\n|switch|p1a: OPP SPOTTER|Samurott-Hisui, M|100\/100|[from] Chilly Reception\n|\n|-weather|Snow|[upkeep]\n|upkeep\n|turn|30\n|\n|t:|1700940869\n|switch|p2a: Toxapex|Toxapex, F|100\/100\n|move|p1a: OPP SPOTTER|Ceaseless Edge|p2a: Toxapex\n|-damage|p2a: Toxapex|73\/100\n|-sidestart|p2: jkljlkh|Spikes\n|\n|-weather|Snow|[upkeep]\n|upkeep\n|turn|31\n|\n|t:|1700940874\n|switch|p1a: blove|Slowking-Galar, M|100\/100\n|move|p2a: Toxapex|Toxic|p1a: blove\n|-immune|p1a: blove\n|\n|-weather|Snow|[upkeep]\n|upkeep\n|turn|32\n|\n|t:|1700940877\n|switch|p2a: Corviknight|Corviknight, M|100\/100\n|-ability|p2a: Corviknight|Pressure\n|move|p1a: blove|Chilly Reception|p1a: blove\n|\n|t:|1700940880\n|switch|p1a: when kayflock free|Skeledirge, F|100\/100|[from] Chilly Reception\n|\n|-weather|Snow|[upkeep]\n|upkeep\n|turn|33\n|\n|t:|1700940882\n|switch|p2a: Toxapex|Toxapex, F|100\/100\n|move|p1a: when kayflock free|Will-O-Wisp|p2a: Toxapex\n|-status|p2a: Toxapex|brn\n|\n|-weather|none\n|-damage|p2a: Toxapex|95\/100 brn|[from] brn\n|upkeep\n|turn|34\n|\n|t:|1700940885\n|switch|p1a: blove|Slowking-Galar, M|100\/100\n|move|p2a: Toxapex|Toxic|p1a: blove\n|-immune|p1a: blove\n|\n|-damage|p2a: Toxapex|89\/100 brn|[from] brn\n|upkeep\n|turn|35\n|\n|t:|1700940887\n|switch|p2a: Corviknight|Corviknight, M|100\/100\n|-ability|p2a: Corviknight|Pressure\n|move|p1a: blove|Chilly Reception|p1a: blove\n|-weather|Snow\n|\n|t:|1700940891\n|switch|p1a: when kayflock free|Skeledirge, F|100\/100|[from] Chilly Reception\n|\n|-weather|Snow|[upkeep]\n|upkeep\n|turn|36\n|\n|t:|1700940893\n|switch|p2a: Toxapex|Toxapex, F|100\/100 brn\n|move|p1a: when kayflock free|Torch Song|p2a: Toxapex\n|-resisted|p2a: Toxapex\n|-damage|p2a: Toxapex|89\/100 brn\n|-boost|p1a: when kayflock free|spa|1\n|\n|-weather|Snow|[upkeep]\n|-damage|p2a: Toxapex|83\/100 brn|[from] brn\n|upkeep\n|turn|37\n|\n|t:|1700940895\n|switch|p1a: blove|Slowking-Galar, M|100\/100\n|move|p2a: Toxapex|Knock Off|p1a: blove\n|-supereffective|p1a: blove\n|-damage|p1a: blove|90\/100\n|\n|-weather|Snow|[upkeep]\n|-damage|p2a: Toxapex|77\/100 brn|[from] brn\n|upkeep\n|turn|38\n|\n|t:|1700940897\n|switch|p2a: Corviknight|Corviknight, M|100\/100\n|-ability|p2a: Corviknight|Pressure\n|move|p1a: blove|Chilly Reception|p1a: blove\n|\n|t:|1700940899\n|switch|p1a: when kayflock free|Skeledirge, F|100\/100|[from] Chilly Reception\n|\n|-weather|Snow|[upkeep]\n|upkeep\n|turn|39\n|\n|t:|1700940906\n|switch|p1a: blove|Slowking-Galar, M|100\/100\n|move|p2a: Corviknight|Protect||[still]\n|-fail|p2a: Corviknight\n|\n|-weather|none\n|upkeep\n|turn|40\n|\n|t:|1700940910\n|move|p2a: Corviknight|Defog|p1a: blove\n|-unboost|p1a: blove|evasion|1\n|-sideend|p2: jkljlkh|Spikes|[from] move: Defog|[of] p2a: Corviknight\n|move|p1a: blove|Flamethrower|p2a: Corviknight\n|-supereffective|p2a: Corviknight\n|-damage|p2a: Corviknight|70\/100\n|\n|-heal|p2a: Corviknight|76\/100|[from] item: Leftovers\n|upkeep\n|turn|41\n|\n|t:|1700940914\n|switch|p2a: Tyranitar|Tyranitar, F|63\/100\n|-weather|Sandstorm|[from] ability: Sand Stream|[of] p2a: Tyranitar\n|move|p1a: blove|Chilly Reception|p1a: blove\n|-weather|Snow\n|\n|t:|1700940916\n|switch|p1a: OPP SPOTTER|Samurott-Hisui, M|100\/100|[from] Chilly Reception\n|\n|-weather|Snow|[upkeep]\n|upkeep\n|turn|42\n|\n|t:|1700940919\n|switch|p2a: Toxapex|Toxapex, F|100\/100 brn\n|move|p1a: OPP SPOTTER|Flip Turn|p2a: Toxapex\n|-resisted|p2a: Toxapex\n|-damage|p2a: Toxapex|92\/100 brn\n|\n|t:|1700940923\n|switch|p1a: blove|Slowking-Galar, M|100\/100|[from] Flip Turn\n|\n|-weather|Snow|[upkeep]\n|-damage|p2a: Toxapex|86\/100 brn|[from] brn\n|upkeep\n|turn|43\n|\n|t:|1700940926\n|switch|p2a: Corviknight|Corviknight, M|76\/100\n|-ability|p2a: Corviknight|Pressure\n|move|p1a: blove|Chilly Reception|p1a: blove\n|\n|t:|1700940929\n|switch|p1a: when kayflock free|Skeledirge, F|100\/100|[from] Chilly Reception\n|\n|-weather|Snow|[upkeep]\n|-heal|p2a: Corviknight|82\/100|[from] item: Leftovers\n|upkeep\n|turn|44\n|\n|t:|1700940933\n|move|p2a: Corviknight|Protect|p2a: Corviknight\n|-singleturn|p2a: Corviknight|Protect\n|move|p1a: when kayflock free|Will-O-Wisp|p2a: Corviknight\n|-activate|p2a: Corviknight|move: Protect\n|\n|-weather|Snow|[upkeep]\n|-heal|p2a: Corviknight|89\/100|[from] item: Leftovers\n|upkeep\n|turn|45\n|\n|t:|1700940936\n|switch|p2a: Toxapex|Toxapex, F|100\/100 brn\n|move|p1a: when kayflock free|Will-O-Wisp|p2a: Toxapex\n|-fail|p2a: Toxapex|brn\n|\n|-weather|none\n|-damage|p2a: Toxapex|95\/100 brn|[from] brn\n|upkeep\n|turn|46\n|\n|t:|1700940941\n|switch|p1a: JIGGY IN JERSEY|Scizor-Mega, M|66\/100\n|switch|p2a: Tyranitar|Tyranitar, F|63\/100\n|-weather|Sandstorm|[from] ability: Sand Stream|[of] p2a: Tyranitar\n|\n|-weather|Sandstorm|[upkeep]\n|upkeep\n|turn|47\n|\n|t:|1700940944\n|switch|p2a: Gliscor|Gliscor, M|80\/100 tox\n|move|p1a: JIGGY IN JERSEY|U-turn|p2a: Gliscor\n|-resisted|p2a: Gliscor\n|-damage|p2a: Gliscor|70\/100 tox\n|\n|t:|1700940947\n|switch|p1a: OPP SPOTTER|Samurott-Hisui, M|100\/100|[from] U-turn\n|\n|-weather|Sandstorm|[upkeep]\n|-damage|p1a: OPP SPOTTER|94\/100|[from] Sandstorm\n|-heal|p2a: Gliscor|82\/100 tox|[from] ability: Poison Heal\n|upkeep\n|turn|48\n|\n|t:|1700940950\n|move|p1a: OPP SPOTTER|Razor Shell|p2a: Gliscor\n|-supereffective|p2a: Gliscor\n|-damage|p2a: Gliscor|23\/100 tox\n|-unboost|p2a: Gliscor|def|1\n|move|p2a: Gliscor|Toxic|p1a: OPP SPOTTER\n|-status|p1a: OPP SPOTTER|tox\n|\n|-weather|Sandstorm|[upkeep]\n|-damage|p1a: OPP SPOTTER|88\/100 tox|[from] Sandstorm\n|-damage|p1a: OPP SPOTTER|82\/100 tox|[from] psn\n|-heal|p2a: Gliscor|35\/100 tox|[from] ability: Poison Heal\n|upkeep\n|turn|49\n|\n|t:|1700940955\n|switch|p1a: extended da clip|Garchomp, M|82\/100 tox\n|move|p2a: Gliscor|Protect||[still]\n|-fail|p2a: Gliscor\n|\n|-weather|Sandstorm|[upkeep]\n|-damage|p1a: extended da clip|76\/100 tox|[from] psn\n|-heal|p2a: Gliscor|48\/100 tox|[from] ability: Poison Heal\n|upkeep\n|turn|50\n|\n|t:|1700940959\n|move|p2a: Gliscor|Protect|p2a: Gliscor\n|-singleturn|p2a: Gliscor|Protect\n|-zpower|p1a: extended da clip\n|move|p1a: extended da clip|Devastating Drake|p2a: Gliscor|[zeffect]\n|-zbroken|p2a: Gliscor\n|-damage|p2a: Gliscor|25\/100 tox\n|\n|-weather|none\n|-damage|p1a: extended da clip|64\/100 tox|[from] psn\n|-heal|p2a: Gliscor|38\/100 tox|[from] ability: Poison Heal\n|upkeep\n|turn|51\n|\n|t:|1700940961\n|switch|p2a: Corviknight|Corviknight, M|89\/100\n|-ability|p2a: Corviknight|Pressure\n|move|p1a: extended da clip|Stealth Rock|p2a: Corviknight\n|-sidestart|p2: jkljlkh|move: Stealth Rock\n|\n|-heal|p2a: Corviknight|95\/100|[from] item: Leftovers\n|-damage|p1a: extended da clip|45\/100 tox|[from] psn\n|upkeep\n|turn|52\n|\n|t:|1700940966\n|switch|p1a: when kayflock free|Skeledirge, F|100\/100\n|move|p2a: Corviknight|Defog|p1a: when kayflock free\n|-unboost|p1a: when kayflock free|evasion|1\n|-sideend|p2: jkljlkh|Stealth Rock|[from] move: Defog|[of] p2a: Corviknight\n|\n|-heal|p2a: Corviknight|100\/100|[from] item: Leftovers\n|upkeep\n|turn|53\n|\n|t:|1700940976\n|switch|p2a: Toxapex|Toxapex, F|100\/100 brn\n|move|p1a: when kayflock free|Will-O-Wisp|p2a: Toxapex\n|-fail|p2a: Toxapex|brn\n|\n|-damage|p2a: Toxapex|95\/100 brn|[from] brn\n|upkeep\n|turn|54\n|\n|t:|1700940980\n|switch|p1a: blove|Slowking-Galar, M|100\/100\n|move|p2a: Toxapex|Knock Off|p1a: blove\n|-supereffective|p1a: blove\n|-damage|p1a: blove|91\/100\n|\n|-damage|p2a: Toxapex|89\/100 brn|[from] brn\n|upkeep\n|turn|55\n|\n|t:|1700940983\n|switch|p2a: Corviknight|Corviknight, M|100\/100\n|-ability|p2a: Corviknight|Pressure\n|move|p1a: blove|Future Sight|p2a: Corviknight\n|-start|p1a: blove|move: Future Sight\n|\n|upkeep\n|turn|56\n|\n|t:|1700940987\n|move|p2a: Corviknight|Iron Head|p1a: blove\n|-damage|p1a: blove|63\/100\n|cant|p1a: blove|flinch\n|\n|upkeep\n|turn|57\n|\n|t:|1700940990\n|move|p2a: Corviknight|Protect|p2a: Corviknight\n|-singleturn|p2a: Corviknight|Protect\n|move|p1a: blove|Flamethrower|p2a: Corviknight\n|-activate|p2a: Corviknight|move: Protect\n|\n|-end|p2a: Corviknight|move: Future Sight\n|-resisted|p2a: Corviknight\n|-damage|p2a: Corviknight|84\/100\n|-heal|p2a: Corviknight|90\/100|[from] item: Leftovers\n|upkeep\n|turn|58\n|\n|t:|1700940994\n|switch|p2a: Tyranitar|Tyranitar, F|63\/100\n|-weather|Sandstorm|[from] ability: Sand Stream|[of] p2a: Tyranitar\n|move|p1a: blove|Chilly Reception|p1a: blove\n|-weather|Snow\n|\n|t:|1700941001\n|switch|p1a: JIGGY IN JERSEY|Scizor-Mega, M|66\/100|[from] Chilly Reception\n|\n|-weather|Snow|[upkeep]\n|upkeep\n|turn|59\n|\n|t:|1700941004\n|switch|p2a: Toxapex|Toxapex, F|100\/100 brn\n|move|p1a: JIGGY IN JERSEY|U-turn|p2a: Toxapex\n|-resisted|p2a: Toxapex\n|-damage|p2a: Toxapex|90\/100 brn\n|\n|t:|1700941008\n|switch|p1a: blove|Slowking-Galar, M|97\/100|[from] U-turn\n|\n|-weather|Snow|[upkeep]\n|-damage|p2a: Toxapex|84\/100 brn|[from] brn\n|upkeep\n|turn|60\n|\n|t:|1700941010\n|switch|p2a: Tyranitar|Tyranitar, F|63\/100\n|-weather|Sandstorm|[from] ability: Sand Stream|[of] p2a: Tyranitar\n|move|p1a: blove|Future Sight|p2a: Tyranitar\n|-start|p1a: blove|move: Future Sight\n|\n|-weather|Sandstorm|[upkeep]\n|-damage|p1a: blove|91\/100|[from] Sandstorm\n|upkeep\n|turn|61\n|\n|t:|1700941015\n|switch|p1a: JIGGY IN JERSEY|Scizor-Mega, M|66\/100\n|detailschange|p2a: Tyranitar|Tyranitar-Mega, F\n|-mega|p2a: Tyranitar|Tyranitar|Tyranitarite\n|move|p2a: Tyranitar|Knock Off|p1a: JIGGY IN JERSEY\n|-damage|p1a: JIGGY IN JERSEY|44\/100\n|\n|-weather|Sandstorm|[upkeep]\n|upkeep\n|turn|62\n|\n|t:|1700941022\n|switch|p2a: Corviknight|Corviknight, M|90\/100\n|-ability|p2a: Corviknight|Pressure\n|move|p1a: JIGGY IN JERSEY|U-turn|p2a: Corviknight\n|-resisted|p2a: Corviknight\n|-damage|p2a: Corviknight|83\/100\n|\n|t:|1700941024\n|switch|p1a: when kayflock free|Skeledirge, F|100\/100|[from] U-turn\n|\n|-weather|Sandstorm|[upkeep]\n|-damage|p1a: when kayflock free|94\/100|[from] Sandstorm\n|-end|p2a: Corviknight|move: Future Sight\n|-resisted|p2a: Corviknight\n|-damage|p2a: Corviknight|69\/100\n|-heal|p2a: Corviknight|75\/100|[from] item: Leftovers\n|upkeep\n|turn|63\n|\n|t:|1700941032\n|switch|p1a: JIGGY IN JERSEY|Scizor-Mega, M|44\/100\n|move|p2a: Corviknight|Protect||[still]\n|-fail|p2a: Corviknight\n|\n|-weather|Sandstorm|[upkeep]\n|-heal|p2a: Corviknight|81\/100|[from] item: Leftovers\n|upkeep\n|turn|64\n|\n|t:|1700941035\n|switch|p2a: Gliscor|Gliscor, M|38\/100 tox\n|move|p1a: JIGGY IN JERSEY|Roost|p1a: JIGGY IN JERSEY\n|-heal|p1a: JIGGY IN JERSEY|94\/100\n|-singleturn|p1a: JIGGY IN JERSEY|move: Roost\n|\n|-weather|none\n|-heal|p2a: Gliscor|50\/100 tox|[from] ability: Poison Heal\n|upkeep\n|turn|65\n|\n|t:|1700941038\n|move|p2a: Gliscor|Protect|p2a: Gliscor\n|-singleturn|p2a: Gliscor|Protect\n|move|p1a: JIGGY IN JERSEY|Bullet Punch|p2a: Gliscor\n|-activate|p2a: Gliscor|move: Protect\n|\n|-heal|p2a: Gliscor|63\/100 tox|[from] ability: Poison Heal\n|upkeep\n|turn|66\n|\n|t:|1700941040\n|switch|p2a: Toxapex|Toxapex, F|100\/100 brn\n|move|p1a: JIGGY IN JERSEY|Bullet Punch|p2a: Toxapex\n|-resisted|p2a: Toxapex\n|-damage|p2a: Toxapex|92\/100 brn\n|\n|-damage|p2a: Toxapex|86\/100 brn|[from] brn\n|upkeep\n|turn|67\n|\n|t:|1700941043\n|switch|p2a: Dondozo|Dondozo, F|100\/100\n|move|p1a: JIGGY IN JERSEY|U-turn|p2a: Dondozo\n|-damage|p2a: Dondozo|86\/100\n|\n|t:|1700941046\n|switch|p1a: blove|Slowking-Galar, M|100\/100|[from] U-turn\n|\n|upkeep\n|turn|68\n|\n|t:|1700941048\n|switch|p2a: Tyranitar|Tyranitar-Mega, F|63\/100\n|-weather|Sandstorm|[from] ability: Sand Stream|[of] p2a: Tyranitar\n|move|p1a: blove|Chilly Reception|p1a: blove\n|-weather|Snow\n|\n|t:|1700941052\n|switch|p1a: JIGGY IN JERSEY|Scizor-Mega, M|94\/100|[from] Chilly Reception\n|\n|-weather|Snow|[upkeep]\n|upkeep\n|turn|69\n|\n|t:|1700941055\n|switch|p2a: Toxapex|Toxapex, F|100\/100 brn\n|move|p1a: JIGGY IN JERSEY|U-turn|p2a: Toxapex\n|-resisted|p2a: Toxapex\n|-damage|p2a: Toxapex|90\/100 brn\n|\n|t:|1700941066\n|switch|p1a: extended da clip|Garchomp, M|45\/100 tox|[from] U-turn\n|\n|-weather|Snow|[upkeep]\n|-damage|p1a: extended da clip|39\/100 tox|[from] psn\n|-damage|p2a: Toxapex|84\/100 brn|[from] brn\n|upkeep\n|turn|70\n|\n|t:|1700941077\n|switch|p2a: Corviknight|Corviknight, M|81\/100\n|-ability|p2a: Corviknight|Pressure\n|move|p1a: extended da clip|Swords Dance|p1a: extended da clip\n|-boost|p1a: extended da clip|atk|2\n|\n|-weather|Snow|[upkeep]\n|-heal|p2a: Corviknight|88\/100|[from] item: Leftovers\n|-damage|p1a: extended da clip|27\/100 tox|[from] psn\n|upkeep\n|turn|71\n|\n|t:|1700941080\n|move|p2a: Corviknight|Protect|p2a: Corviknight\n|-singleturn|p2a: Corviknight|Protect\n|move|p1a: extended da clip|Stealth Rock|p2a: Corviknight\n|-sidestart|p2: jkljlkh|move: Stealth Rock\n|\n|-weather|Snow|[upkeep]\n|-heal|p2a: Corviknight|94\/100|[from] item: Leftovers\n|-damage|p1a: extended da clip|8\/100 tox|[from] psn\n|upkeep\n|turn|72\n|\n|t:|1700941086\n|move|p1a: extended da clip|Outrage|p2a: Corviknight\n|-resisted|p2a: Corviknight\n|-damage|p2a: Corviknight|46\/100\n|move|p2a: Corviknight|Defog|p1a: extended da clip\n|-unboost|p1a: extended da clip|evasion|1\n|-sideend|p2: jkljlkh|Stealth Rock|[from] move: Defog|[of] p2a: Corviknight\n|\n|-weather|none\n|-heal|p2a: Corviknight|52\/100|[from] item: Leftovers\n|-damage|p1a: extended da clip|0 fnt|[from] psn\n|faint|p1a: extended da clip\n|upkeep\n|\n|t:|1700941090\n|switch|p1a: OPP SPOTTER|Samurott-Hisui, M|82\/100 tox\n|turn|73\n|\n|t:|1700941096\n|-terastallize|p1a: OPP SPOTTER|Dark\n|move|p2a: Corviknight|Protect|p2a: Corviknight\n|-singleturn|p2a: Corviknight|Protect\n|move|p1a: OPP SPOTTER|Ceaseless Edge|p2a: Corviknight\n|-activate|p2a: Corviknight|move: Protect\n|\n|-heal|p2a: Corviknight|58\/100|[from] item: Leftovers\n|-damage|p1a: OPP SPOTTER|76\/100 tox|[from] psn\n|upkeep\n|turn|74\n|\n|t:|1700941107\n|switch|p2a: Dondozo|Dondozo, F|86\/100\n|move|p1a: OPP SPOTTER|Ceaseless Edge|p2a: Dondozo\n|-damage|p2a: Dondozo|58\/100\n|-sidestart|p2: jkljlkh|Spikes\n|\n|-damage|p1a: OPP SPOTTER|63\/100 tox|[from] psn\n|upkeep\n|turn|75\n|\n|t:|1700941113\n|switch|p1a: blove|Slowking-Galar, M|100\/100\n|move|p2a: Dondozo|Curse|p2a: Dondozo\n|-unboost|p2a: Dondozo|spe|1\n|-boost|p2a: Dondozo|atk|1\n|-boost|p2a: Dondozo|def|1\n|\n|upkeep\n|turn|76\n|\n|t:|1700941115\n|move|p1a: blove|Future Sight|p2a: Dondozo\n|-start|p1a: blove|move: Future Sight\n|move|p2a: Dondozo|Rest|p2a: Dondozo\n|-status|p2a: Dondozo|slp|[from] move: Rest\n|-heal|p2a: Dondozo|100\/100 slp|[silent]\n|\n|upkeep\n|turn|77\n|\n|t:|1700941119\n|switch|p2a: Corviknight|Corviknight, M|58\/100\n|-ability|p2a: Corviknight|Pressure\n|move|p1a: blove|Chilly Reception|p1a: blove\n|-weather|Snow\n|\n|t:|1700941126\n|switch|p1a: when kayflock free|Skeledirge, F|94\/100|[from] Chilly Reception\n|\n|-weather|Snow|[upkeep]\n|-heal|p2a: Corviknight|64\/100|[from] item: Leftovers\n|upkeep\n|turn|78\n|\n|t:|1700941129\n|move|p2a: Corviknight|Protect|p2a: Corviknight\n|-singleturn|p2a: Corviknight|Protect\n|move|p1a: when kayflock free|Torch Song|p2a: Corviknight\n|-activate|p2a: Corviknight|move: Protect\n|\n|-weather|Snow|[upkeep]\n|-end|p2a: Corviknight|move: Future Sight\n|-resisted|p2a: Corviknight\n|-damage|p2a: Corviknight|48\/100\n|-heal|p2a: Corviknight|55\/100|[from] item: Leftovers\n|upkeep\n|turn|79\n|\n|t:|1700941142\n|switch|p2a: Toxapex|Toxapex, F|100\/100 brn\n|move|p1a: when kayflock free|Torch Song|p2a: Toxapex\n|-resisted|p2a: Toxapex\n|-damage|p2a: Toxapex|88\/100 brn\n|-boost|p1a: when kayflock free|spa|1\n|\n|-weather|Snow|[upkeep]\n|-damage|p2a: Toxapex|82\/100 brn|[from] brn\n|upkeep\n|turn|80\n|\n|t:|1700941150\n|switch|p2a: Tyranitar|Tyranitar-Mega, F|63\/100\n|-damage|p2a: Tyranitar|51\/100|[from] Spikes\n|-weather|Sandstorm|[from] ability: Sand Stream|[of] p2a: Tyranitar\n|move|p1a: when kayflock free|Shadow Ball|p2a: Tyranitar\n|-resisted|p2a: Tyranitar\n|-damage|p2a: Tyranitar|42\/100\n|\n|-weather|Sandstorm|[upkeep]\n|-damage|p1a: when kayflock free|88\/100|[from] Sandstorm\n|upkeep\n|turn|81\n|\n|t:|1700941152\n|move|p2a: Tyranitar|Knock Off|p1a: when kayflock free\n|-supereffective|p1a: when kayflock free\n|-damage|p1a: when kayflock free|23\/100\n|-enditem|p1a: when kayflock free|Heavy-Duty Boots|[from] move: Knock Off|[of] p2a: Tyranitar\n|move|p1a: when kayflock free|Will-O-Wisp|p2a: Tyranitar\n|-status|p2a: Tyranitar|brn\n|\n|-weather|Sandstorm|[upkeep]\n|-damage|p1a: when kayflock free|17\/100|[from] Sandstorm\n|-damage|p2a: Tyranitar|36\/100 brn|[from] brn\n|upkeep\n|turn|82\n|\n|t:|1700941159\n|-activate|p1a: when kayflock free|move: Pursuit\n|move|p2a: Tyranitar|Pursuit|p1a: when kayflock free|[from]Pursuit\n|-supereffective|p1a: when kayflock free\n|-damage|p1a: when kayflock free|0 fnt\n|faint|p1a: when kayflock free\n|-hint|A Pokemon can't switch between when it runs out of HP and when it faints\n|\n|-weather|Sandstorm|[upkeep]\n|-damage|p2a: Tyranitar|29\/100 brn|[from] brn\n|upkeep\n|\n|t:|1700941164\n|switch|p1a: OPP SPOTTER|Samurott-Hisui, M, tera:Dark|63\/100 tox\n|turn|83\n|\n|t:|1700941166\n|move|p1a: OPP SPOTTER|Flip Turn|p2a: Tyranitar\n|-supereffective|p2a: Tyranitar\n|-damage|p2a: Tyranitar|0 fnt\n|faint|p2a: Tyranitar\n|\n|t:|1700941169\n|switch|p1a: JIGGY IN JERSEY|Scizor-Mega, M|94\/100|[from] Flip Turn\n|\n|-weather|Sandstorm|[upkeep]\n|upkeep\n|\n|t:|1700941171\n|switch|p2a: Corviknight|Corviknight, M|55\/100\n|-ability|p2a: Corviknight|Pressure\n|turn|84\n|\n|t:|1700941174\n|move|p1a: JIGGY IN JERSEY|U-turn|p2a: Corviknight\n|-resisted|p2a: Corviknight\n|-damage|p2a: Corviknight|48\/100\n|\n|t:|1700941176\n|switch|p1a: blove|Slowking-Galar, M|100\/100|[from] U-turn\n|move|p2a: Corviknight|Defog|p1a: blove\n|-unboost|p1a: blove|evasion|1\n|-sideend|p2: jkljlkh|Spikes|[from] move: Defog|[of] p2a: Corviknight\n|\n|-weather|none\n|-heal|p2a: Corviknight|54\/100|[from] item: Leftovers\n|upkeep\n|turn|85\n|\n|t:|1700941180\n|switch|p2a: Gliscor|Gliscor, M|63\/100 tox\n|move|p1a: blove|Flamethrower|p2a: Gliscor\n|-damage|p2a: Gliscor|38\/100 tox\n|\n|-heal|p2a: Gliscor|50\/100 tox|[from] ability: Poison Heal\n|upkeep\n|turn|86\n|\n|t:|1700941182\n|move|p2a: Gliscor|Earthquake|p1a: blove\n|-supereffective|p1a: blove\n|-damage|p1a: blove|39\/100\n|move|p1a: blove|Future Sight|p2a: Gliscor\n|-start|p1a: blove|move: Future Sight\n|\n|-heal|p2a: Gliscor|62\/100 tox|[from] ability: Poison Heal\n|upkeep\n|turn|87\n|\n|t:|1700941186\n|switch|p1a: JIGGY IN JERSEY|Scizor-Mega, M|94\/100\n|move|p2a: Gliscor|Spikes|p1a: JIGGY IN JERSEY\n|-sidestart|p1: ITS EDOT BABY|Spikes\n|\n|-heal|p2a: Gliscor|75\/100 tox|[from] ability: Poison Heal\n|upkeep\n|turn|88\n|\n|t:|1700941189\n|switch|p2a: Corviknight|Corviknight, M|54\/100\n|-ability|p2a: Corviknight|Pressure\n|move|p1a: JIGGY IN JERSEY|Bullet Punch|p2a: Corviknight\n|-resisted|p2a: Corviknight\n|-damage|p2a: Corviknight|43\/100\n|\n|-end|p2a: Corviknight|move: Future Sight\n|-resisted|p2a: Corviknight\n|-damage|p2a: Corviknight|27\/100\n|-heal|p2a: Corviknight|33\/100|[from] item: Leftovers\n|upkeep\n|turn|89\n|\n|t:|1700941192\n|move|p1a: JIGGY IN JERSEY|Defog|p2a: Corviknight\n|-unboost|p2a: Corviknight|evasion|1\n|-sideend|p1: ITS EDOT BABY|Spikes|[from] move: Defog|[of] p1a: JIGGY IN JERSEY\n|move|p2a: Corviknight|Roost|p2a: Corviknight\n|-heal|p2a: Corviknight|83\/100\n|-singleturn|p2a: Corviknight|move: Roost\n|\n|-heal|p2a: Corviknight|89\/100|[from] item: Leftovers\n|upkeep\n|turn|90\n|\n|t:|1700941196\n|switch|p1a: blove|Slowking-Galar, M|72\/100\n|switch|p2a: Gliscor|Gliscor, M|75\/100 tox\n|\n|-heal|p2a: Gliscor|87\/100 tox|[from] ability: Poison Heal\n|upkeep\n|turn|91\n|\n|t:|1700941199\n|switch|p1a: JIGGY IN JERSEY|Scizor-Mega, M|94\/100\n|move|p2a: Gliscor|Earthquake|p1a: JIGGY IN JERSEY\n|-damage|p1a: JIGGY IN JERSEY|74\/100\n|\n|-heal|p2a: Gliscor|99\/100 tox|[from] ability: Poison Heal\n|upkeep\n|turn|92\n|\n|t:|1700941205\n|move|p2a: Gliscor|Spikes|p1a: JIGGY IN JERSEY\n|-sidestart|p1: ITS EDOT BABY|Spikes\n|move|p1a: JIGGY IN JERSEY|U-turn|p2a: Gliscor\n|-resisted|p2a: Gliscor\n|-damage|p2a: Gliscor|89\/100 tox\n|\n|t:|1700941209\n|switch|p1a: blove|Slowking-Galar, M|100\/100|[from] U-turn\n|-damage|p1a: blove|88\/100|[from] Spikes\n|\n|-heal|p2a: Gliscor|100\/100 tox|[from] ability: Poison Heal\n|upkeep\n|turn|93\n|\n|t:|1700941211\n|switch|p1a: JIGGY IN JERSEY|Scizor-Mega, M|74\/100\n|-damage|p1a: JIGGY IN JERSEY|62\/100|[from] Spikes\n|move|p2a: Gliscor|Spikes|p1a: JIGGY IN JERSEY\n|-sidestart|p1: ITS EDOT BABY|Spikes\n|\n|upkeep\n|turn|94\n|\n|t:|1700941213\n|switch|p2a: Corviknight|Corviknight, M|89\/100\n|-ability|p2a: Corviknight|Pressure\n|move|p1a: JIGGY IN JERSEY|Defog|p2a: Corviknight\n|-unboost|p2a: Corviknight|evasion|1\n|-sideend|p1: ITS EDOT BABY|Spikes|[from] move: Defog|[of] p1a: JIGGY IN JERSEY\n|\n|-heal|p2a: Corviknight|96\/100|[from] item: Leftovers\n|upkeep\n|turn|95\n|\n|t:|1700941217\n|switch|p2a: Gliscor|Gliscor, M|100\/100 tox\n|move|p1a: JIGGY IN JERSEY|Bullet Punch|p2a: Gliscor\n|-damage|p2a: Gliscor|83\/100 tox\n|\n|-heal|p2a: Gliscor|95\/100 tox|[from] ability: Poison Heal\n|upkeep\n|turn|96\n|\n|t:|1700941220\n|move|p1a: JIGGY IN JERSEY|Bullet Punch|p2a: Gliscor\n|-damage|p2a: Gliscor|76\/100 tox\n|move|p2a: Gliscor|Spikes|p1a: JIGGY IN JERSEY\n|-sidestart|p1: ITS EDOT BABY|Spikes\n|\n|-heal|p2a: Gliscor|89\/100 tox|[from] ability: Poison Heal\n|upkeep\n|turn|97\n|\n|t:|1700941223\n|switch|p2a: Corviknight|Corviknight, M|96\/100\n|-ability|p2a: Corviknight|Pressure\n|move|p1a: JIGGY IN JERSEY|Defog|p2a: Corviknight\n|-unboost|p2a: Corviknight|evasion|1\n|-sideend|p1: ITS EDOT BABY|Spikes|[from] move: Defog|[of] p1a: JIGGY IN JERSEY\n|\n|-heal|p2a: Corviknight|100\/100|[from] item: Leftovers\n|upkeep\n|turn|98\n|\n|t:|1700941226\n|switch|p2a: Gliscor|Gliscor, M|89\/100 tox\n|move|p1a: JIGGY IN JERSEY|Bullet Punch|p2a: Gliscor\n|-damage|p2a: Gliscor|70\/100 tox\n|\n|-heal|p2a: Gliscor|83\/100 tox|[from] ability: Poison Heal\n|upkeep\n|turn|99\n|\n|t:|1700941232\n|move|p2a: Gliscor|Spikes|p1a: JIGGY IN JERSEY\n|-sidestart|p1: ITS EDOT BABY|Spikes\n|move|p1a: JIGGY IN JERSEY|Roost|p1a: JIGGY IN JERSEY\n|-heal|p1a: JIGGY IN JERSEY|100\/100\n|-singleturn|p1a: JIGGY IN JERSEY|move: Roost\n|\n|-heal|p2a: Gliscor|95\/100 tox|[from] ability: Poison Heal\n|upkeep\n|turn|100\n|\n|t:|1700941236\n|switch|p2a: Corviknight|Corviknight, M|100\/100\n|-ability|p2a: Corviknight|Pressure\n|move|p1a: JIGGY IN JERSEY|Defog|p2a: Corviknight\n|-unboost|p2a: Corviknight|evasion|1\n|-sideend|p1: ITS EDOT BABY|Spikes|[from] move: Defog|[of] p1a: JIGGY IN JERSEY\n|\n|upkeep\n|turn|101\n|\n|t:|1700941238\n|switch|p1a: blove|Slowking-Galar, M|100\/100\n|switch|p2a: Gliscor|Gliscor, M|95\/100 tox\n|\n|-heal|p2a: Gliscor|100\/100 tox|[from] ability: Poison Heal\n|upkeep\n|turn|102\n|\n|t:|1700941240\n|switch|p1a: JIGGY IN JERSEY|Scizor-Mega, M|100\/100\n|move|p2a: Gliscor|Spikes|p1a: JIGGY IN JERSEY\n|-sidestart|p1: ITS EDOT BABY|Spikes\n|\n|upkeep\n|turn|103\n|\n|t:|1700941244\n|switch|p2a: Corviknight|Corviknight, M|100\/100\n|-ability|p2a: Corviknight|Pressure\n|move|p1a: JIGGY IN JERSEY|Bullet Punch|p2a: Corviknight\n|-resisted|p2a: Corviknight\n|-damage|p2a: Corviknight|88\/100\n|\n|-heal|p2a: Corviknight|94\/100|[from] item: Leftovers\n|upkeep\n|turn|104\n|\n|t:|1700941247\n|move|p1a: JIGGY IN JERSEY|Defog|p2a: Corviknight\n|-unboost|p2a: Corviknight|evasion|1\n|-sideend|p1: ITS EDOT BABY|Spikes|[from] move: Defog|[of] p1a: JIGGY IN JERSEY\n|move|p2a: Corviknight|Iron Head|p1a: JIGGY IN JERSEY\n|-resisted|p1a: JIGGY IN JERSEY\n|-damage|p1a: JIGGY IN JERSEY|93\/100\n|\n|-heal|p2a: Corviknight|100\/100|[from] item: Leftovers\n|upkeep\n|turn|105\n|\n|t:|1700941253\n|switch|p1a: blove|Slowking-Galar, M|100\/100\n|switch|p2a: Gliscor|Gliscor, M|100\/100 tox\n|\n|upkeep\n|turn|106\n|\n|t:|1700941255\n|switch|p1a: JIGGY IN JERSEY|Scizor-Mega, M|93\/100\n|move|p2a: Gliscor|Spikes|p1a: JIGGY IN JERSEY\n|-sidestart|p1: ITS EDOT BABY|Spikes\n|\n|upkeep\n|turn|107\n|\n|t:|1700941257\n|switch|p1a: blove|Slowking-Galar, M|100\/100\n|-damage|p1a: blove|88\/100|[from] Spikes\n|move|p2a: Gliscor|Spikes|p1a: blove\n|-sidestart|p1: ITS EDOT BABY|Spikes\n|\n|upkeep\n|turn|108\n|\n|t:|1700941260\n|switch|p2a: Corviknight|Corviknight, M|100\/100\n|-ability|p2a: Corviknight|Pressure\n|move|p1a: blove|Future Sight|p2a: Corviknight\n|-start|p1a: blove|move: Future Sight\n|\n|upkeep\n|turn|109\n|\n|t:|1700941262\n|move|p2a: Corviknight|Iron Head|p1a: blove\n|-damage|p1a: blove|63\/100\n|move|p1a: blove|Flamethrower|p2a: Corviknight\n|-supereffective|p2a: Corviknight\n|-damage|p2a: Corviknight|68\/100\n|\n|-heal|p2a: Corviknight|74\/100|[from] item: Leftovers\n|upkeep\n|turn|110\n|\n|t:|1700941266\n|move|p2a: Corviknight|Protect|p2a: Corviknight\n|-singleturn|p2a: Corviknight|Protect\n|move|p1a: blove|Flamethrower|p2a: Corviknight\n|-activate|p2a: Corviknight|move: Protect\n|\n|-end|p2a: Corviknight|move: Future Sight\n|-resisted|p2a: Corviknight\n|-damage|p2a: Corviknight|58\/100\n|-heal|p2a: Corviknight|64\/100|[from] item: Leftovers\n|upkeep\n|turn|111\n|\n|t:|1700941269\n|switch|p2a: Gliscor|Gliscor, M|100\/100 tox\n|move|p1a: blove|Slack Off|p1a: blove\n|-heal|p1a: blove|100\/100\n|\n|upkeep\n|turn|112\n|\n|t:|1700941274\n|switch|p2a: Corviknight|Corviknight, M|64\/100\n|-ability|p2a: Corviknight|Pressure\n|move|p1a: blove|Future Sight|p2a: Corviknight\n|-start|p1a: blove|move: Future Sight\n|\n|-heal|p2a: Corviknight|70\/100|[from] item: Leftovers\n|upkeep\n|turn|113\n|\n|t:|1700941276\n|move|p2a: Corviknight|Protect|p2a: Corviknight\n|-singleturn|p2a: Corviknight|Protect\n|move|p1a: blove|Flamethrower|p2a: Corviknight\n|-activate|p2a: Corviknight|move: Protect\n|\n|-heal|p2a: Corviknight|76\/100|[from] item: Leftovers\n|upkeep\n|turn|114\n|\n|t:|1700941279\n|switch|p2a: Blissey|Blissey, F|100\/100\n|move|p1a: blove|Flamethrower|p2a: Blissey\n|-damage|p2a: Blissey|94\/100\n|\n|-end|p2a: Blissey|move: Future Sight\n|-damage|p2a: Blissey|80\/100\n|upkeep\n|turn|115\n|\n|t:|1700941282\n|switch|p1a: JIGGY IN JERSEY|Scizor-Mega, M|93\/100\n|-damage|p1a: JIGGY IN JERSEY|76\/100|[from] Spikes\n|move|p2a: Blissey|Stealth Rock|p1a: JIGGY IN JERSEY\n|-sidestart|p1: ITS EDOT BABY|move: Stealth Rock\n|\n|upkeep\n|turn|116\n|\n|t:|1700941284\n|switch|p2a: Corviknight|Corviknight, M|76\/100\n|-ability|p2a: Corviknight|Pressure\n|move|p1a: JIGGY IN JERSEY|Defog|p2a: Corviknight\n|-unboost|p2a: Corviknight|evasion|1\n|-sideend|p1: ITS EDOT BABY|Spikes|[from] move: Defog|[of] p1a: JIGGY IN JERSEY\n|-sideend|p1: ITS EDOT BABY|Stealth Rock|[from] move: Defog|[of] p1a: JIGGY IN JERSEY\n|\n|-heal|p2a: Corviknight|83\/100|[from] item: Leftovers\n|upkeep\n|turn|117\n|\n|t:|1700941289\n|switch|p2a: Gliscor|Gliscor, M|100\/100 tox\n|move|p1a: JIGGY IN JERSEY|Bullet Punch|p2a: Gliscor\n|-damage|p2a: Gliscor|84\/100 tox\n|\n|-heal|p2a: Gliscor|97\/100 tox|[from] ability: Poison Heal\n|upkeep\n|turn|118\n|\n|t:|1700941292\n|move|p1a: JIGGY IN JERSEY|Bullet Punch|p2a: Gliscor\n|-damage|p2a: Gliscor|79\/100 tox\n|move|p2a: Gliscor|Spikes|p1a: JIGGY IN JERSEY\n|-sidestart|p1: ITS EDOT BABY|Spikes\n|\n|-heal|p2a: Gliscor|92\/100 tox|[from] ability: Poison Heal\n|upkeep\n|turn|119\n|\n|t:|1700941295\n|switch|p2a: Corviknight|Corviknight, M|83\/100\n|-ability|p2a: Corviknight|Pressure\n|move|p1a: JIGGY IN JERSEY|Defog|p2a: Corviknight\n|-unboost|p2a: Corviknight|evasion|1\n|-sideend|p1: ITS EDOT BABY|Spikes|[from] move: Defog|[of] p1a: JIGGY IN JERSEY\n|\n|-heal|p2a: Corviknight|89\/100|[from] item: Leftovers\n|upkeep\n|turn|120\n|c|\u2606jkljlkh|go\n|inactive|ITS EDOT BABY has 120 seconds left.\n|\n|t:|1700941333\n|switch|p1a: blove|Slowking-Galar, M|100\/100\n|switch|p2a: Gliscor|Gliscor, M|92\/100 tox\n|\n|-heal|p2a: Gliscor|100\/100 tox|[from] ability: Poison Heal\n|upkeep\n|turn|121\n|\n|t:|1700941336\n|switch|p1a: JIGGY IN JERSEY|Scizor-Mega, M|76\/100\n|move|p2a: Gliscor|Spikes|p1a: JIGGY IN JERSEY\n|-sidestart|p1: ITS EDOT BABY|Spikes\n|\n|upkeep\n|turn|122\n|\n|t:|1700941340\n|move|p2a: Gliscor|Protect|p2a: Gliscor\n|-singleturn|p2a: Gliscor|Protect\n|move|p1a: JIGGY IN JERSEY|Bullet Punch|p2a: Gliscor\n|-activate|p2a: Gliscor|move: Protect\n|\n|upkeep\n|turn|123\n|\n|t:|1700941342\n|switch|p2a: Corviknight|Corviknight, M|89\/100\n|-ability|p2a: Corviknight|Pressure\n|move|p1a: JIGGY IN JERSEY|Bullet Punch|p2a: Corviknight\n|-resisted|p2a: Corviknight\n|-damage|p2a: Corviknight|77\/100\n|\n|-heal|p2a: Corviknight|84\/100|[from] item: Leftovers\n|upkeep\n|turn|124\n|\n|t:|1700941344\n|move|p1a: JIGGY IN JERSEY|Bullet Punch|p2a: Corviknight\n|-resisted|p2a: Corviknight\n|-damage|p2a: Corviknight|73\/100\n|move|p2a: Corviknight|Iron Head|p1a: JIGGY IN JERSEY\n|-resisted|p1a: JIGGY IN JERSEY\n|-damage|p1a: JIGGY IN JERSEY|70\/100\n|\n|-heal|p2a: Corviknight|79\/100|[from] item: Leftovers\n|upkeep\n|turn|125\n|\n|t:|1700941347\n|move|p2a: Corviknight|Protect|p2a: Corviknight\n|-singleturn|p2a: Corviknight|Protect\n|move|p1a: JIGGY IN JERSEY|Bullet Punch|p2a: Corviknight\n|-activate|p2a: Corviknight|move: Protect\n|\n|-heal|p2a: Corviknight|85\/100|[from] item: Leftovers\n|upkeep\n|turn|126\n|\n|t:|1700941351\n|move|p1a: JIGGY IN JERSEY|Bullet Punch|p2a: Corviknight\n|-resisted|p2a: Corviknight\n|-damage|p2a: Corviknight|72\/100\n|move|p2a: Corviknight|Iron Head|p1a: JIGGY IN JERSEY\n|-resisted|p1a: JIGGY IN JERSEY\n|-damage|p1a: JIGGY IN JERSEY|62\/100\n|\n|-heal|p2a: Corviknight|79\/100|[from] item: Leftovers\n|upkeep\n|turn|127\n|\n|t:|1700941353\n|move|p2a: Corviknight|Protect|p2a: Corviknight\n|-singleturn|p2a: Corviknight|Protect\n|move|p1a: JIGGY IN JERSEY|Bullet Punch|p2a: Corviknight\n|-activate|p2a: Corviknight|move: Protect\n|\n|-heal|p2a: Corviknight|85\/100|[from] item: Leftovers\n|upkeep\n|turn|128\n|\n|t:|1700941356\n|move|p1a: JIGGY IN JERSEY|Roost|p1a: JIGGY IN JERSEY\n|-heal|p1a: JIGGY IN JERSEY|100\/100\n|-singleturn|p1a: JIGGY IN JERSEY|move: Roost\n|move|p2a: Corviknight|Iron Head|p1a: JIGGY IN JERSEY\n|-resisted|p1a: JIGGY IN JERSEY\n|-damage|p1a: JIGGY IN JERSEY|94\/100\n|\n|-heal|p2a: Corviknight|91\/100|[from] item: Leftovers\n|upkeep\n|turn|129\n|\n|t:|1700941360\n|switch|p2a: Gliscor|Gliscor, M|100\/100 tox\n|move|p1a: JIGGY IN JERSEY|Defog|p2a: Gliscor\n|-unboost|p2a: Gliscor|evasion|1\n|-sideend|p1: ITS EDOT BABY|Spikes|[from] move: Defog|[of] p1a: JIGGY IN JERSEY\n|\n|upkeep\n|turn|130\n|\n|t:|1700941364\n|move|p1a: JIGGY IN JERSEY|Bullet Punch|p2a: Gliscor\n|-damage|p2a: Gliscor|81\/100 tox\n|move|p2a: Gliscor|Spikes|p1a: JIGGY IN JERSEY\n|-sidestart|p1: ITS EDOT BABY|Spikes\n|\n|-heal|p2a: Gliscor|93\/100 tox|[from] ability: Poison Heal\n|upkeep\n|turn|131\n|\n|t:|1700941367\n|move|p2a: Gliscor|Spikes|p1a: JIGGY IN JERSEY\n|-sidestart|p1: ITS EDOT BABY|Spikes\n|move|p1a: JIGGY IN JERSEY|U-turn|p2a: Gliscor\n|-resisted|p2a: Gliscor\n|-damage|p2a: Gliscor|82\/100 tox\n|\n|t:|1700941371\n|switch|p1a: blove|Slowking-Galar, M|100\/100|[from] U-turn\n|-damage|p1a: blove|84\/100|[from] Spikes\n|\n|-heal|p2a: Gliscor|95\/100 tox|[from] ability: Poison Heal\n|upkeep\n|turn|132\n|\n|t:|1700941375\n|move|p2a: Gliscor|Earthquake|p1a: blove\n|-supereffective|p1a: blove\n|-damage|p1a: blove|16\/100\n|move|p1a: blove|Slack Off|p1a: blove\n|-heal|p1a: blove|66\/100\n|\n|-heal|p2a: Gliscor|100\/100 tox|[from] ability: Poison Heal\n|upkeep\n|turn|133\n|\n|t:|1700941379\n|switch|p1a: JIGGY IN JERSEY|Scizor-Mega, M|94\/100\n|-damage|p1a: JIGGY IN JERSEY|77\/100|[from] Spikes\n|move|p2a: Gliscor|Spikes|p1a: JIGGY IN JERSEY\n|-sidestart|p1: ITS EDOT BABY|Spikes\n|\n|upkeep\n|turn|134\n|\n|t:|1700941384\n|switch|p2a: Corviknight|Corviknight, M|91\/100\n|-ability|p2a: Corviknight|Pressure\n|move|p1a: JIGGY IN JERSEY|Defog|p2a: Corviknight\n|-unboost|p2a: Corviknight|evasion|1\n|-sideend|p1: ITS EDOT BABY|Spikes|[from] move: Defog|[of] p1a: JIGGY IN JERSEY\n|\n|-heal|p2a: Corviknight|97\/100|[from] item: Leftovers\n|upkeep\n|turn|135\n|\n|t:|1700941387\n|switch|p1a: blove|Slowking-Galar, M|99\/100\n|switch|p2a: Gliscor|Gliscor, M|100\/100 tox\n|\n|upkeep\n|turn|136\n|\n|t:|1700941389\n|switch|p1a: JIGGY IN JERSEY|Scizor-Mega, M|77\/100\n|move|p2a: Gliscor|Spikes|p1a: JIGGY IN JERSEY\n|-sidestart|p1: ITS EDOT BABY|Spikes\n|\n|upkeep\n|turn|137\n|\n|t:|1700941393\n|switch|p1a: blove|Slowking-Galar, M|100\/100\n|-damage|p1a: blove|88\/100|[from] Spikes\n|move|p2a: Gliscor|Spikes|p1a: blove\n|-sidestart|p1: ITS EDOT BABY|Spikes\n|\n|upkeep\n|turn|138\n|\n|t:|1700941395\n|switch|p2a: Corviknight|Corviknight, M|97\/100\n|-ability|p2a: Corviknight|Pressure\n|move|p1a: blove|Slack Off|p1a: blove\n|-heal|p1a: blove|100\/100\n|\n|-heal|p2a: Corviknight|100\/100|[from] item: Leftovers\n|upkeep\n|turn|139\n|\n|t:|1700941399\n|switch|p2a: Blissey|Blissey, F|80\/100\n|move|p1a: blove|Flamethrower|p2a: Blissey\n|-damage|p2a: Blissey|73\/100\n|\n|upkeep\n|turn|140\n|\n|t:|1700941405\n|move|p2a: Blissey|Stealth Rock|p1a: blove\n|-sidestart|p1: ITS EDOT BABY|move: Stealth Rock\n|move|p1a: blove|Future Sight|p2a: Blissey\n|-start|p1a: blove|move: Future Sight\n|\n|upkeep\n|turn|141\n|\n|t:|1700941409\n|switch|p1a: JIGGY IN JERSEY|Scizor-Mega, M|77\/100\n|-damage|p1a: JIGGY IN JERSEY|60\/100|[from] Spikes\n|-damage|p1a: JIGGY IN JERSEY|48\/100|[from] Stealth Rock\n|move|p2a: Blissey|Soft-Boiled|p2a: Blissey\n|-heal|p2a: Blissey|100\/100\n|\n|upkeep\n|turn|142\n|\n|t:|1700941412\n|switch|p2a: Corviknight|Corviknight, M|100\/100\n|-ability|p2a: Corviknight|Pressure\n|move|p1a: JIGGY IN JERSEY|Defog|p2a: Corviknight\n|-unboost|p2a: Corviknight|evasion|1\n|-sideend|p1: ITS EDOT BABY|Spikes|[from] move: Defog|[of] p1a: JIGGY IN JERSEY\n|-sideend|p1: ITS EDOT BABY|Stealth Rock|[from] move: Defog|[of] p1a: JIGGY IN JERSEY\n|\n|-end|p2a: Corviknight|move: Future Sight\n|-resisted|p2a: Corviknight\n|-damage|p2a: Corviknight|85\/100\n|-heal|p2a: Corviknight|92\/100|[from] item: Leftovers\n|upkeep\n|turn|143\n|\n|t:|1700941416\n|switch|p2a: Gliscor|Gliscor, M|100\/100 tox\n|move|p1a: JIGGY IN JERSEY|Roost|p1a: JIGGY IN JERSEY\n|-heal|p1a: JIGGY IN JERSEY|98\/100\n|-singleturn|p1a: JIGGY IN JERSEY|move: Roost\n|\n|upkeep\n|turn|144\n|\n|t:|1700941418\n|move|p1a: JIGGY IN JERSEY|Bullet Punch|p2a: Gliscor\n|-damage|p2a: Gliscor|81\/100 tox\n|move|p2a: Gliscor|Spikes|p1a: JIGGY IN JERSEY\n|-sidestart|p1: ITS EDOT BABY|Spikes\n|\n|-heal|p2a: Gliscor|93\/100 tox|[from] ability: Poison Heal\n|upkeep\n|turn|145\n|\n|t:|1700941420\n|move|p1a: JIGGY IN JERSEY|Bullet Punch|p2a: Gliscor\n|-damage|p2a: Gliscor|74\/100 tox\n|move|p2a: Gliscor|Spikes|p1a: JIGGY IN JERSEY\n|-sidestart|p1: ITS EDOT BABY|Spikes\n|\n|-heal|p2a: Gliscor|86\/100 tox|[from] ability: Poison Heal\n|upkeep\n|turn|146\n|\n|t:|1700941423\n|switch|p2a: Corviknight|Corviknight, M|92\/100\n|-ability|p2a: Corviknight|Pressure\n|move|p1a: JIGGY IN JERSEY|Defog|p2a: Corviknight\n|-unboost|p2a: Corviknight|evasion|1\n|-sideend|p1: ITS EDOT BABY|Spikes|[from] move: Defog|[of] p1a: JIGGY IN JERSEY\n|\n|-heal|p2a: Corviknight|98\/100|[from] item: Leftovers\n|upkeep\n|turn|147\n|\n|t:|1700941426\n|switch|p1a: blove|Slowking-Galar, M|100\/100\n|switch|p2a: Gliscor|Gliscor, M|86\/100 tox\n|\n|-heal|p2a: Gliscor|99\/100 tox|[from] ability: Poison Heal\n|upkeep\n|turn|148\n|\n|t:|1700941428\n|move|p2a: Gliscor|Spikes|p1a: blove\n|-sidestart|p1: ITS EDOT BABY|Spikes\n|move|p1a: blove|Future Sight|p2a: Gliscor\n|-start|p1a: blove|move: Future Sight\n|\n|-heal|p2a: Gliscor|100\/100 tox|[from] ability: Poison Heal\n|upkeep\n|turn|149\n|\n|t:|1700941431\n|switch|p1a: JIGGY IN JERSEY|Scizor-Mega, M|98\/100\n|-damage|p1a: JIGGY IN JERSEY|85\/100|[from] Spikes\n|move|p2a: Gliscor|Spikes|p1a: JIGGY IN JERSEY\n|-sidestart|p1: ITS EDOT BABY|Spikes\n|\n|upkeep\n|turn|150\n|\n|t:|1700941433\n|switch|p2a: Corviknight|Corviknight, M|98\/100\n|-ability|p2a: Corviknight|Pressure\n|move|p1a: JIGGY IN JERSEY|Defog|p2a: Corviknight\n|-unboost|p2a: Corviknight|evasion|1\n|-sideend|p1: ITS EDOT BABY|Spikes|[from] move: Defog|[of] p1a: JIGGY IN JERSEY\n|\n|-end|p2a: Corviknight|move: Future Sight\n|-resisted|p2a: Corviknight\n|-damage|p2a: Corviknight|82\/100\n|-heal|p2a: Corviknight|88\/100|[from] item: Leftovers\n|upkeep\n|turn|151\n|\n|t:|1700941442\n|switch|p2a: Gliscor|Gliscor, M|100\/100 tox\n|move|p1a: JIGGY IN JERSEY|Bullet Punch|p2a: Gliscor\n|-damage|p2a: Gliscor|82\/100 tox\n|\n|-heal|p2a: Gliscor|94\/100 tox|[from] ability: Poison Heal\n|upkeep\n|turn|152\n|\n|t:|1700941448\n|move|p1a: JIGGY IN JERSEY|Bullet Punch|p2a: Gliscor\n|-damage|p2a: Gliscor|75\/100 tox\n|move|p2a: Gliscor|Spikes|p1a: JIGGY IN JERSEY\n|-sidestart|p1: ITS EDOT BABY|Spikes\n|\n|-heal|p2a: Gliscor|87\/100 tox|[from] ability: Poison Heal\n|upkeep\n|turn|153\n|\n|t:|1700941451\n|move|p2a: Gliscor|Spikes|p1a: JIGGY IN JERSEY\n|-sidestart|p1: ITS EDOT BABY|Spikes\n|move|p1a: JIGGY IN JERSEY|U-turn|p2a: Gliscor\n|-resisted|p2a: Gliscor\n|-damage|p2a: Gliscor|77\/100 tox\n|\n|t:|1700941452\n|switch|p1a: OPP SPOTTER|Samurott-Hisui, M, tera:Dark|63\/100 tox|[from] U-turn\n|-damage|p1a: OPP SPOTTER|47\/100 tox|[from] Spikes\n|\n|-damage|p1a: OPP SPOTTER|40\/100 tox|[from] psn\n|-heal|p2a: Gliscor|89\/100 tox|[from] ability: Poison Heal\n|upkeep\n|turn|154\n|\n|t:|1700941455\n|move|p2a: Gliscor|Protect|p2a: Gliscor\n|-singleturn|p2a: Gliscor|Protect\n|move|p1a: OPP SPOTTER|Razor Shell|p2a: Gliscor\n|-activate|p2a: Gliscor|move: Protect\n|\n|-damage|p1a: OPP SPOTTER|28\/100 tox|[from] psn\n|-heal|p2a: Gliscor|100\/100 tox|[from] ability: Poison Heal\n|upkeep\n|turn|155\n|\n|t:|1700941458\n|switch|p2a: Toxapex|Toxapex, F|100\/100 brn\n|move|p1a: OPP SPOTTER|Razor Shell|p2a: Toxapex\n|-resisted|p2a: Toxapex\n|-damage|p2a: Toxapex|85\/100 brn\n|-unboost|p2a: Toxapex|def|1\n|\n|-damage|p1a: OPP SPOTTER|9\/100 tox|[from] psn\n|-damage|p2a: Toxapex|79\/100 brn|[from] brn\n|upkeep\n|turn|156\n|\n|t:|1700941461\n|move|p2a: Toxapex|Baneful Bunker|p2a: Toxapex\n|-singleturn|p2a: Toxapex|move: Protect\n|move|p1a: OPP SPOTTER|Razor Shell|p2a: Toxapex\n|-activate|p2a: Toxapex|move: Protect\n|\n|-damage|p1a: OPP SPOTTER|0 fnt|[from] psn\n|faint|p1a: OPP SPOTTER\n|-damage|p2a: Toxapex|73\/100 brn|[from] brn\n|upkeep\n|\n|t:|1700941463\n|switch|p1a: reyway anthem|Zeraora|2\/100 psn\n|-damage|p1a: reyway anthem|0 fnt|[from] Spikes\n|faint|p1a: reyway anthem\n|c|\u2606jkljlkh|go\nITS EDOT BABY is offering a tie.\n|inactive|ITS EDOT BABY has 120 seconds left.\n|\n|t:|1700941497\n|switch|p1a: blove|Slowking-Galar, M|100\/100\n|-damage|p1a: blove|84\/100|[from] Spikes\n|turn|157\n|j| OuterDreams\n|\n|t:|1700941505\n|switch|p2a: Gliscor|Gliscor, M|100\/100 tox\n|move|p1a: blove|Future Sight|p2a: Gliscor\n|-start|p1a: blove|move: Future Sight\n|\n|upkeep\n|turn|158\n|\n|t:|1700941515\n|switch|p1a: JIGGY IN JERSEY|Scizor-Mega, M|85\/100\n|-damage|p1a: JIGGY IN JERSEY|69\/100|[from] Spikes\n|move|p2a: Gliscor|Spikes|p1a: JIGGY IN JERSEY\n|-sidestart|p1: ITS EDOT BABY|Spikes\n|\n|upkeep\n|turn|159\n|\n|t:|1700941525\n|switch|p2a: Blissey|Blissey, F|100\/100\n|move|p1a: JIGGY IN JERSEY|Bullet Punch|p2a: Blissey\n|-damage|p2a: Blissey|48\/100\n|\n|-end|p2a: Blissey|move: Future Sight\n|-damage|p2a: Blissey|35\/100\n|upkeep\n|turn|160\n|inactive|ITS EDOT BABY has 120 seconds left.\n|c|\u2606jkljlkh|why would i tie when i can pp stall you\n|\n|t:|1700941547\n|switch|p2a: Corviknight|Corviknight, M|88\/100\n|-ability|p2a: Corviknight|Pressure\n|move|p1a: JIGGY IN JERSEY|U-turn|p2a: Corviknight\n|-resisted|p2a: Corviknight\n|-damage|p2a: Corviknight|80\/100\n|\n|t:|1700941549\n|switch|p1a: blove|Slowking-Galar, M|100\/100|[from] U-turn\n|-damage|p1a: blove|76\/100|[from] Spikes\n|\n|-heal|p2a: Corviknight|87\/100|[from] item: Leftovers\n|upkeep\n|turn|161\n|\n|t:|1700941552\n|switch|p2a: Blissey|Blissey, F|35\/100\n|move|p1a: blove|Flamethrower|p2a: Blissey\n|-damage|p2a: Blissey|29\/100\n|\n|upkeep\n|turn|162\n|\n|t:|1700941555\n|move|p2a: Blissey|Stealth Rock|p1a: blove\n|-sidestart|p1: ITS EDOT BABY|move: Stealth Rock\n|move|p1a: blove|Future Sight|p2a: Blissey\n|-start|p1a: blove|move: Future Sight\n|\n|upkeep\n|turn|163\n|\n|t:|1700941557\n|switch|p1a: JIGGY IN JERSEY|Scizor-Mega, M|69\/100\n|-damage|p1a: JIGGY IN JERSEY|44\/100|[from] Spikes\n|-damage|p1a: JIGGY IN JERSEY|31\/100|[from] Stealth Rock\n|move|p2a: Blissey|Soft-Boiled|p2a: Blissey\n|-heal|p2a: Blissey|79\/100\n|\n|upkeep\n|turn|164\n|\n|t:|1700941559\n|switch|p2a: Gliscor|Gliscor, M|100\/100 tox\n|move|p1a: JIGGY IN JERSEY|Roost|p1a: JIGGY IN JERSEY\n|-heal|p1a: JIGGY IN JERSEY|81\/100\n|-singleturn|p1a: JIGGY IN JERSEY|move: Roost\n|\n|-end|p2a: Gliscor|move: Future Sight\n|-damage|p2a: Gliscor|49\/100 tox\n|-heal|p2a: Gliscor|61\/100 tox|[from] ability: Poison Heal\n|upkeep\n|turn|165\n|inactive|ITS EDOT BABY has 120 seconds left.\n|c|\u2606jkljlkh|go\n|inactive|ITS EDOT BABY has 90 seconds left.\n|\n|t:|1700941630\n|move|p2a: Gliscor|Protect|p2a: Gliscor\n|-singleturn|p2a: Gliscor|Protect\n|move|p1a: JIGGY IN JERSEY|Bullet Punch|p2a: Gliscor\n|-activate|p2a: Gliscor|move: Protect\n|\n|-heal|p2a: Gliscor|73\/100 tox|[from] ability: Poison Heal\n|upkeep\n|turn|166\n|\n|t:|1700941635\n|switch|p2a: Corviknight|Corviknight, M|87\/100\n|-ability|p2a: Corviknight|Pressure\n|move|p1a: JIGGY IN JERSEY|Bullet Punch|p2a: Corviknight\n|-resisted|p2a: Corviknight\n|-damage|p2a: Corviknight|75\/100\n|\n|-heal|p2a: Corviknight|81\/100|[from] item: Leftovers\n|upkeep\n|turn|167\n|\n|t:|1700941654\n|switch|p2a: Toxapex|Toxapex, F|100\/100 brn\n|move|p1a: JIGGY IN JERSEY|Bullet Punch|p2a: Toxapex\n|-resisted|p2a: Toxapex\n|-damage|p2a: Toxapex|92\/100 brn\n|\n|-damage|p2a: Toxapex|86\/100 brn|[from] brn\n|upkeep\n|turn|168\n|\n|t:|1700941658\n|switch|p2a: Corviknight|Corviknight, M|81\/100\n|-ability|p2a: Corviknight|Pressure\n|move|p1a: JIGGY IN JERSEY|Bullet Punch|p2a: Corviknight\n|-resisted|p2a: Corviknight\n|-crit|p2a: Corviknight\n|-damage|p2a: Corviknight|63\/100\n|\n|-heal|p2a: Corviknight|69\/100|[from] item: Leftovers\n|upkeep\n|turn|169\n|\n|t:|1700941661\n|switch|p2a: Toxapex|Toxapex, F|100\/100 brn\n|move|p1a: JIGGY IN JERSEY|Bullet Punch|p2a: Toxapex\n|-resisted|p2a: Toxapex\n|-damage|p2a: Toxapex|91\/100 brn\n|\n|-damage|p2a: Toxapex|85\/100 brn|[from] brn\n|upkeep\n|turn|170\n|\n|t:|1700941663\n|switch|p2a: Corviknight|Corviknight, M|69\/100\n|-ability|p2a: Corviknight|Pressure\n|move|p1a: JIGGY IN JERSEY|Bullet Punch|p2a: Corviknight\n|-resisted|p2a: Corviknight\n|-damage|p2a: Corviknight|57\/100\n|\n|-heal|p2a: Corviknight|63\/100|[from] item: Leftovers\n|upkeep\n|turn|171\n|\n|t:|1700941666\n|move|p1a: JIGGY IN JERSEY|Bullet Punch|p2a: Corviknight\n|-resisted|p2a: Corviknight\n|-crit|p2a: Corviknight\n|-damage|p2a: Corviknight|47\/100\n|move|p2a: Corviknight|Roost|p2a: Corviknight\n|-heal|p2a: Corviknight|97\/100\n|-singleturn|p2a: Corviknight|move: Roost\n|\n|-heal|p2a: Corviknight|100\/100|[from] item: Leftovers\n|upkeep\n|turn|172\n|c|\u2606jkljlkh|...\n|inactive|ITS EDOT BABY has 60 seconds left.\n|\n|t:|1700941713\n|switch|p2a: Gliscor|Gliscor, M|73\/100 tox\n|move|p1a: JIGGY IN JERSEY|U-turn|p2a: Gliscor\n|-resisted|p2a: Gliscor\n|-damage|p2a: Gliscor|62\/100 tox\n|\n|t:|1700941715\n|switch|p1a: blove|Slowking-Galar, M|100\/100|[from] U-turn\n|-damage|p1a: blove|76\/100|[from] Spikes\n|-damage|p1a: blove|63\/100|[from] Stealth Rock\n|\n|-heal|p2a: Gliscor|75\/100 tox|[from] ability: Poison Heal\n|upkeep\n|turn|173\n|\n|t:|1700941717\n|move|p2a: Gliscor|Earthquake|p1a: blove\n|-supereffective|p1a: blove\n|-damage|p1a: blove|0 fnt\n|faint|p1a: blove\n|\n|-heal|p2a: Gliscor|87\/100 tox|[from] ability: Poison Heal\n|upkeep\n|\n|t:|1700941719\n|switch|p1a: JIGGY IN JERSEY|Scizor-Mega, M|81\/100\n|-damage|p1a: JIGGY IN JERSEY|56\/100|[from] Spikes\n|-damage|p1a: JIGGY IN JERSEY|44\/100|[from] Stealth Rock\n|turn|174\n|\n|t:|1700941722\n|switch|p2a: Corviknight|Corviknight, M|100\/100\n|-ability|p2a: Corviknight|Pressure\n|move|p1a: JIGGY IN JERSEY|Roost|p1a: JIGGY IN JERSEY\n|-heal|p1a: JIGGY IN JERSEY|94\/100\n|-singleturn|p1a: JIGGY IN JERSEY|move: Roost\n|\n|upkeep\n|turn|175\n|\n|t:|1700941725\n|switch|p2a: Gliscor|Gliscor, M|87\/100 tox\n|move|p1a: JIGGY IN JERSEY|U-turn|p2a: Gliscor\n|-resisted|p2a: Gliscor\n|-damage|p2a: Gliscor|76\/100 tox\n|\n|-heal|p2a: Gliscor|89\/100 tox|[from] ability: Poison Heal\n|upkeep\n|turn|176\n|j| rickzkk8\n|\n|t:|1700941742\n|switch|p2a: Corviknight|Corviknight, M|100\/100\n|-ability|p2a: Corviknight|Pressure\n|move|p1a: JIGGY IN JERSEY|U-turn|p2a: Corviknight\n|-resisted|p2a: Corviknight\n|-damage|p2a: Corviknight|94\/100\n|\n|-heal|p2a: Corviknight|99\/100|[from] item: Leftovers\n|upkeep\n|turn|177\n|\n|t:|1700941746\n|switch|p2a: Gliscor|Gliscor, M|89\/100 tox\n|move|p1a: JIGGY IN JERSEY|U-turn|p2a: Gliscor\n|-resisted|p2a: Gliscor\n|-damage|p2a: Gliscor|78\/100 tox\n|\n|-heal|p2a: Gliscor|91\/100 tox|[from] ability: Poison Heal\n|upkeep\n|turn|178\n|\n|t:|1700941748\n|switch|p2a: Corviknight|Corviknight, M|99\/100\n|-ability|p2a: Corviknight|Pressure\n|move|p1a: JIGGY IN JERSEY|U-turn|p2a: Corviknight\n|-resisted|p2a: Corviknight\n|-damage|p2a: Corviknight|93\/100\n|\n|-heal|p2a: Corviknight|99\/100|[from] item: Leftovers\n|upkeep\n|turn|179\n|inactive|ITS EDOT BABY has 60 seconds left.\n|inactive|ITS EDOT BABY has 30 seconds left.\n|inactive|ITS EDOT BABY has 20 seconds left.\n|inactive|ITS EDOT BABY has 15 seconds left.\n|inactive|ITS EDOT BABY has 10 seconds left.\n|inactive|ITS EDOT BABY has 5 seconds left.\n|c|\u2606jkljlkh|...\n|-message|ITS EDOT BABY lost due to inactivity.\n|\n|win|jkljlkh\n|raw|ITS EDOT BABY's rating: 1776 &rarr; <strong>1762<\/strong><br \/>(-14 for losing)\n|raw|jkljlkh's rating: 1881 &rarr; <strong>1895<\/strong><br \/>(+14 for winning)\n","uploadtime":1700941822,"views":9,"p1id":"itsedotbaby","p2id":"jkljlkh","formatid":"gen9nationaldex","rating":1762,"private":0,"password":""}