{"id":"gen9nationaldex-1990979429","p1":"PeculiarPossum","p2":"Forbidden_Child-","format":"[Gen 9] National Dex","log":"|j|\u2606PeculiarPossum\n|j|\u2606Forbidden_Child-\n|t:|1700022638\n|gametype|singles\n|player|p1|PeculiarPossum|harlequin|1198\n|player|p2|Forbidden_Child-|plasmagrunt-gen5bw|1244\n|teamsize|p1|6\n|teamsize|p2|6\n|gen|9\n|tier|[Gen 9] National Dex\n|rated|\n|rule|HP Percentage Mod: HP is shown in percentages\n|rule|Endless Battle Clause: Forcing endless battles is banned\n|rule|OHKO Clause: OHKO moves are banned\n|rule|Evasion Clause: Evasion abilities, items, and moves are banned\n|rule|Evasion Abilities Clause: Evasion abilities are banned\n|rule|Evasion Items Clause: Evasion items are banned\n|rule|Evasion Moves Clause: Evasion moves are banned\n|rule|Species Clause: Limit one of each Pok\u00e9mon\n|rule|Sleep Clause Mod: Limit one foe put to sleep\n|clearpoke\n|poke|p1|Mawile, M|\n|poke|p1|Blacephalon|\n|poke|p1|Venusaur, F|\n|poke|p1|Cramorant, F|\n|poke|p1|Gliscor, F|\n|poke|p1|Garganacl, F|\n|poke|p2|Ferrothorn, F|\n|poke|p2|Goodra-Hisui, F|\n|poke|p2|Tangrowth, M|\n|poke|p2|Nidoking, M|\n|poke|p2|Sneasler, F|\n|poke|p2|Pinsir, F|\n|teampreview\n|inactive|Battle timer is ON: inactive players will automatically lose when time's up. (requested by PeculiarPossum)\n|\n|t:|1700022649\n|start\n|switch|p1a: Cacophony|Blacephalon|100\/100\n|switch|p2a: Goodra|Goodra-Hisui, F|100\/100\n|turn|1\n|\n|t:|1700022659\n|-zpower|p1a: Cacophony\n|move|p1a: Cacophony|Never-Ending Nightmare|p2a: Goodra|[zeffect]\n|-damage|p2a: Goodra|55\/100\n|move|p2a: Goodra|Hydro Pump|p1a: Cacophony|[miss]\n|-miss|p2a: Goodra|p1a: Cacophony\n|\n|upkeep\n|turn|2\n|\n|t:|1700022678\n|switch|p1a: Discordance|Mawile, M, shiny|100\/100\n|move|p2a: Goodra|Hydro Pump|p1a: Discordance\n|-damage|p1a: Discordance|19\/100\n|\n|upkeep\n|turn|3\n|\n|t:|1700022686\n|switch|p2a: Ferrothorn|Ferrothorn, F|100\/100\n|detailschange|p1a: Discordance|Mawile-Mega, M, shiny\n|-mega|p1a: Discordance|Mawile|Mawilite\n|move|p1a: Discordance|Play Rough|p2a: Ferrothorn\n|-resisted|p2a: Ferrothorn\n|-damage|p2a: Ferrothorn|72\/100\n|-damage|p1a: Discordance|7\/100|[from] ability: Iron Barbs|[of] p2a: Ferrothorn\n|-damage|p1a: Discordance|0 fnt|[from] item: Rocky Helmet|[of] p2a: Ferrothorn\n|faint|p1a: Discordance\n|\n|upkeep\n|\n|t:|1700022689\n|switch|p1a: Cacophony|Blacephalon|100\/100\n|turn|4\n|\n|t:|1700022712\n|move|p2a: Ferrothorn|Protect|p2a: Ferrothorn\n|-singleturn|p2a: Ferrothorn|Protect\n|move|p1a: Cacophony|Flamethrower|p2a: Ferrothorn\n|-activate|p2a: Ferrothorn|move: Protect\n|\n|upkeep\n|turn|5\n|\n|t:|1700022717\n|switch|p2a: Goodra|Goodra-Hisui, F|55\/100\n|move|p1a: Cacophony|Flamethrower|p2a: Goodra\n|-damage|p2a: Goodra|29\/100\n|\n|upkeep\n|turn|6\n|\n|t:|1700022721\n|move|p1a: Cacophony|Shadow Ball|p2a: Goodra\n|-damage|p2a: Goodra|8\/100\n|move|p2a: Goodra|Hydro Pump|p1a: Cacophony\n|-supereffective|p1a: Cacophony\n|-damage|p1a: Cacophony|0 fnt\n|faint|p1a: Cacophony\n|\n|upkeep\n|\n|t:|1700022730\n|switch|p1a: Gulpy|Cramorant, F|100\/100\n|turn|7\n|\n|t:|1700022740\n|move|p1a: Gulpy|Surf|p2a: Goodra\n|-formechange|p1a: Gulpy|Cramorant-Gulping|\n|-resisted|p2a: Goodra\n|-damage|p2a: Goodra|1\/100\n|move|p2a: Goodra|Thunderbolt|p1a: Gulpy\n|-supereffective|p1a: Gulpy\n|-damage|p1a: Gulpy|0 fnt\n|-damage|p2a: Goodra|0 fnt|[from] ability: Gulp Missile|[of] p1a: Gulpy\n|-formechange|p1a: Gulpy|Cramorant|\n|faint|p1a: Gulpy\n|faint|p2a: Goodra\n|\n|upkeep\n|\n|t:|1700022752\n|switch|p1a: AHHH STAIRS|Garganacl, F|100\/100\n|switch|p2a: Nidoking|Nidoking, M|100\/100\n|turn|8\n|\n|t:|1700022766\n|-terastallize|p1a: AHHH STAIRS|Flying\n|move|p2a: Nidoking|Earth Power|p1a: AHHH STAIRS\n|-immune|p1a: AHHH STAIRS\n|move|p1a: AHHH STAIRS|Earthquake|p2a: Nidoking\n|-supereffective|p2a: Nidoking\n|-damage|p2a: Nidoking|31\/100\n|\n|upkeep\n|turn|9\n|\n|t:|1700022772\n|move|p2a: Nidoking|Ice Beam|p1a: AHHH STAIRS\n|-supereffective|p1a: AHHH STAIRS\n|-damage|p1a: AHHH STAIRS|47\/100\n|move|p1a: AHHH STAIRS|Earthquake|p2a: Nidoking\n|-supereffective|p2a: Nidoking\n|-damage|p2a: Nidoking|0 fnt\n|faint|p2a: Nidoking\n|\n|-heal|p1a: AHHH STAIRS|53\/100|[from] item: Leftovers\n|upkeep\n|\n|t:|1700022788\n|switch|p2a: Pinsir|Pinsir, F|100\/100\n|turn|10\n|\n|t:|1700022794\n|move|p2a: Pinsir|Swords Dance|p2a: Pinsir\n|-boost|p2a: Pinsir|atk|2\n|move|p1a: AHHH STAIRS|Iron Defense|p1a: AHHH STAIRS\n|-boost|p1a: AHHH STAIRS|def|2\n|\n|-heal|p1a: AHHH STAIRS|59\/100|[from] item: Leftovers\n|upkeep\n|turn|11\n|\n|t:|1700022805\n|detailschange|p2a: Pinsir|Pinsir-Mega, F\n|-mega|p2a: Pinsir|Pinsir|Pinsirite\n|move|p2a: Pinsir|Return|p1a: AHHH STAIRS\n|-damage|p1a: AHHH STAIRS|12\/100\n|move|p1a: AHHH STAIRS|Iron Defense|p1a: AHHH STAIRS\n|-boost|p1a: AHHH STAIRS|def|2\n|\n|-heal|p1a: AHHH STAIRS|18\/100|[from] item: Leftovers\n|upkeep\n|turn|12\n|\n|t:|1700022818\n|move|p2a: Pinsir|Return|p1a: AHHH STAIRS\n|-damage|p1a: AHHH STAIRS|0 fnt\n|faint|p1a: AHHH STAIRS\n|\n|upkeep\n|\n|t:|1700022823\n|switch|p1a: Meaty Claws|Gliscor, F|100\/100\n|turn|13\n|\n|t:|1700022826\n|move|p2a: Pinsir|Return|p1a: Meaty Claws\n|-damage|p1a: Meaty Claws|0 fnt\n|faint|p1a: Meaty Claws\n|\n|upkeep\n|\n|t:|1700022834\n|switch|p1a: The plug|Venusaur, F|100\/100\n|turn|14\n|\n|t:|1700022838\n|move|p2a: Pinsir|Return|p1a: The plug\n|-supereffective|p1a: The plug\n|-damage|p1a: The plug|0 fnt\n|faint|p1a: The plug\n|\n|win|Forbidden_Child-\n|raw|PeculiarPossum's rating: 1198 &rarr; <strong>1176<\/strong><br \/>(-22 for losing)\n|raw|Forbidden_Child-'s rating: 1244 &rarr; <strong>1266<\/strong><br \/>(+22 for winning)\n|l|\u2606PeculiarPossum\n","uploadtime":1700022848,"views":4,"p1id":"peculiarpossum","p2id":"forbiddenchild","formatid":"gen9nationaldex","rating":1176,"private":0,"password":""}