{"id":"gen9nationaldex-1993316997","p1":"monkey kkk","p2":"LVGLO","format":"[Gen 9] National Dex","log":"|j|\u2606monkey kkk\n|j|\u2606LVGLO\n|t:|1700296925\n|gametype|singles\n|player|p1|monkey kkk|twins-gen4dp|1402\n|player|p2|LVGLO|169|1481\n|teamsize|p1|6\n|teamsize|p2|6\n|gen|9\n|tier|[Gen 9] National Dex\n|rated|\n|rule|HP Percentage Mod: HP is shown in percentages\n|rule|Endless Battle Clause: Forcing endless battles is banned\n|rule|OHKO Clause: OHKO moves are banned\n|rule|Evasion Clause: Evasion abilities, items, and moves are banned\n|rule|Evasion Abilities Clause: Evasion abilities are banned\n|rule|Evasion Items Clause: Evasion items are banned\n|rule|Evasion Moves Clause: Evasion moves are banned\n|rule|Species Clause: Limit one of each Pok\u00e9mon\n|rule|Sleep Clause Mod: Limit one foe put to sleep\n|clearpoke\n|poke|p1|Tapu Koko|\n|poke|p1|Gliscor, F|\n|poke|p1|Ceruledge, M|\n|poke|p1|Serperior, F|\n|poke|p1|Clodsire, F|\n|poke|p1|Celesteela|\n|poke|p2|Mew|\n|poke|p2|Victini|\n|poke|p2|Xatu, F|\n|poke|p2|Togekiss, F|\n|poke|p2|Tapu Fini|\n|poke|p2|Grimmsnarl, M|\n|teampreview\n|inactive|Battle timer is ON: inactive players will automatically lose when time's up. (requested by monkey kkk)\n|\n|t:|1700296948\n|start\n|switch|p1a: Tapu Koko|Tapu Koko, shiny|100\/100\n|switch|p2a: Victini|Victini|100\/100\n|-fieldstart|move: Electric Terrain|[from] ability: Electric Surge|[of] p1a: Tapu Koko\n|turn|1\n|\n|t:|1700296963\n|switch|p2a: Grimmsnarl|Grimmsnarl, M|100\/100\n|switch|p1a: Clodsire|Clodsire, F|100\/100\n|\n|upkeep\n|turn|2\n|\n|t:|1700296986\n|move|p2a: Grimmsnarl|Reflect|p2a: Grimmsnarl\n|-sidestart|p2: LVGLO|Reflect\n|move|p1a: Clodsire|Stealth Rock|p2a: Grimmsnarl\n|-sidestart|p2: LVGLO|move: Stealth Rock\n|\n|upkeep\n|turn|3\n|inactive|monkey kkk has 120 seconds left.\n|inactive|monkey kkk has 90 seconds left.\n|\n|t:|1700297039\n|switch|p1a: Serperior|Serperior, F|100\/100\n|move|p2a: Grimmsnarl|Light Screen|p2a: Grimmsnarl\n|-sidestart|p2: LVGLO|move: Light Screen\n|\n|upkeep\n|turn|4\n|\n|t:|1700297048\n|switch|p2a: Togekiss|Togekiss, F|100\/100\n|-damage|p2a: Togekiss|76\/100|[from] Stealth Rock\n|move|p1a: Serperior|Substitute|p1a: Serperior\n|-start|p1a: Serperior|Substitute\n|-damage|p1a: Serperior|75\/100\n|\n|-heal|p1a: Serperior|82\/100|[from] item: Leftovers\n|upkeep\n|turn|5\n|\n|t:|1700297057\n|move|p2a: Togekiss|Air Slash|p1a: Serperior\n|-supereffective|p1a: Serperior\n|-end|p1a: Serperior|Substitute\n|move|p1a: Serperior|Glare|p2a: Togekiss\n|-status|p2a: Togekiss|par\n|\n|-heal|p1a: Serperior|88\/100|[from] item: Leftovers\n|-fieldend|move: Electric Terrain\n|upkeep\n|turn|6\n|\n|t:|1700297070\n|move|p1a: Serperior|Substitute|p1a: Serperior\n|-start|p1a: Serperior|Substitute\n|-damage|p1a: Serperior|63\/100\n|move|p2a: Togekiss|Air Slash|p1a: Serperior\n|-supereffective|p1a: Serperior\n|-end|p1a: Serperior|Substitute\n|\n|-heal|p1a: Serperior|69\/100|[from] item: Leftovers\n|upkeep\n|turn|7\n|\n|t:|1700297084\n|move|p1a: Serperior|Substitute|p1a: Serperior\n|-start|p1a: Serperior|Substitute\n|-damage|p1a: Serperior|44\/100\n|move|p2a: Togekiss|Air Slash|p1a: Serperior\n|-supereffective|p1a: Serperior\n|-crit|p1a: Serperior\n|-end|p1a: Serperior|Substitute\n|\n|-heal|p1a: Serperior|50\/100|[from] item: Leftovers\n|upkeep\n|turn|8\n|\n|t:|1700297089\n|move|p1a: Serperior|Substitute|p1a: Serperior\n|-start|p1a: Serperior|Substitute\n|-damage|p1a: Serperior|25\/100\n|cant|p2a: Togekiss|par\n|\n|-heal|p1a: Serperior|31\/100|[from] item: Leftovers\n|upkeep\n|turn|9\n|inactive|monkey kkk has 120 seconds left.\n|\n|t:|1700297097\n|move|p1a: Serperior|Leaf Storm|p2a: Togekiss\n|-resisted|p2a: Togekiss\n|-damage|p2a: Togekiss|64\/100 par\n|-boost|p1a: Serperior|spa|2\n|move|p2a: Togekiss|Air Slash|p1a: Serperior\n|-supereffective|p1a: Serperior\n|-end|p1a: Serperior|Substitute\n|\n|-heal|p1a: Serperior|37\/100|[from] item: Leftovers\n|-sideend|p2: LVGLO|Reflect\n|upkeep\n|turn|10\n|\n|t:|1700297103\n|move|p1a: Serperior|Substitute|p1a: Serperior\n|-start|p1a: Serperior|Substitute\n|-damage|p1a: Serperior|12\/100\n|move|p2a: Togekiss|Air Slash|p1a: Serperior\n|-supereffective|p1a: Serperior\n|-end|p1a: Serperior|Substitute\n|\n|-heal|p1a: Serperior|19\/100|[from] item: Leftovers\n|-sideend|p2: LVGLO|move: Light Screen\n|upkeep\n|turn|11\n|\n|t:|1700297110\n|switch|p1a: Celesteela|Celesteela, shiny|100\/100\n|cant|p2a: Togekiss|par\n|\n|upkeep\n|turn|12\n|\n|t:|1700297121\n|switch|p2a: Xatu|Xatu, F|100\/100\n|-damage|p2a: Xatu|76\/100|[from] Stealth Rock\n|move|p1a: Celesteela|Autotomize|p1a: Celesteela\n|-boost|p1a: Celesteela|spe|2\n|-enditem|p2a: Xatu|Mirror Herb\n|-boost|p2a: Xatu|spe|2|[from] item: Mirror Herb\n|-start|p1a: Celesteela|Autotomize\n|\n|upkeep\n|turn|13\n|\n|t:|1700297134\n|-terastallize|p2a: Xatu|Normal\n|move|p2a: Xatu|Cosmic Power|p2a: Xatu\n|-boost|p2a: Xatu|def|1\n|-boost|p2a: Xatu|spd|1\n|move|p1a: Celesteela|Meteor Beam||[still]\n|-prepare|p1a: Celesteela|Meteor Beam\n|-boost|p1a: Celesteela|spa|1\n|-enditem|p1a: Celesteela|Power Herb\n|-anim|p1a: Celesteela|Meteor Beam|p2a: Xatu\n|-damage|p2a: Xatu|34\/100\n|\n|upkeep\n|turn|14\n|\n|t:|1700297148\n|move|p2a: Xatu|Roost|p2a: Xatu\n|-heal|p2a: Xatu|84\/100\n|move|p1a: Celesteela|Air Slash|p2a: Xatu\n|-damage|p2a: Xatu|45\/100\n|\n|upkeep\n|turn|15\n|\n|t:|1700297176\n|move|p2a: Xatu|Roost|p2a: Xatu\n|-heal|p2a: Xatu|95\/100\n|move|p1a: Celesteela|Autotomize|p1a: Celesteela\n|-boost|p1a: Celesteela|spe|2\n|-start|p1a: Celesteela|Autotomize\n|\n|upkeep\n|turn|16\n|\n|t:|1700297181\n|move|p1a: Celesteela|Air Slash|p2a: Xatu\n|-damage|p2a: Xatu|51\/100\n|move|p2a: Xatu|Cosmic Power|p2a: Xatu\n|-boost|p2a: Xatu|def|1\n|-boost|p2a: Xatu|spd|1\n|\n|upkeep\n|turn|17\n|\n|t:|1700297188\n|move|p1a: Celesteela|Air Slash|p2a: Xatu\n|-damage|p2a: Xatu|22\/100\n|move|p2a: Xatu|Roost|p2a: Xatu\n|-heal|p2a: Xatu|72\/100\n|\n|upkeep\n|turn|18\n|inactive|LVGLO has 120 seconds left.\n|c|\u2606LVGLO|I gotta ask you, does this strategy produce a lot of flinches?\n|\n|t:|1700297247\n|move|p1a: Celesteela|Air Slash|p2a: Xatu\n|-damage|p2a: Xatu|39\/100\n|cant|p2a: Xatu|flinch\n|\n|upkeep\n|turn|19\n|\n|t:|1700297252\n|move|p1a: Celesteela|Air Slash|p2a: Xatu\n|-damage|p2a: Xatu|9\/100\n|cant|p2a: Xatu|flinch\n|\n|upkeep\n|turn|20\n|\n|t:|1700297257\n|move|p1a: Celesteela|Air Slash|p2a: Xatu|[miss]\n|-miss|p1a: Celesteela|p2a: Xatu\n|move|p2a: Xatu|Roost|p2a: Xatu\n|-heal|p2a: Xatu|59\/100\n|\n|upkeep\n|turn|21\n|\n|t:|1700297265\n|move|p1a: Celesteela|Air Slash|p2a: Xatu\n|-damage|p2a: Xatu|30\/100\n|cant|p2a: Xatu|flinch\n|\n|upkeep\n|turn|22\n|\n|t:|1700297269\n|move|p1a: Celesteela|Air Slash|p2a: Xatu\n|-damage|p2a: Xatu|0 fnt\n|faint|p2a: Xatu\n|-ability|p1a: Celesteela|Beast Boost|boost\n|-boost|p1a: Celesteela|spa|1\n|\n|upkeep\n|inactive|LVGLO has 120 seconds left.\n|c|\u2606LVGLO|Cause it seems to be 5050\n|\n|t:|1700297291\n|switch|p2a: Togekiss|Togekiss, F|64\/100 par\n|-damage|p2a: Togekiss|39\/100 par|[from] Stealth Rock\n|turn|23\n|\n|t:|1700297297\n|move|p1a: Celesteela|Air Slash|p2a: Togekiss\n|-damage|p2a: Togekiss|0 fnt\n|faint|p2a: Togekiss\n|-ability|p1a: Celesteela|Beast Boost|boost\n|-boost|p1a: Celesteela|spa|1\n|\n|upkeep\n|inactive|LVGLO has 120 seconds left.\n|\n|t:|1700297303\n|switch|p2a: Grimmsnarl|Grimmsnarl, M|100\/100\n|-damage|p2a: Grimmsnarl|88\/100|[from] Stealth Rock\n|turn|24\n|\n|t:|1700297312\n|move|p2a: Grimmsnarl|Light Screen|p2a: Grimmsnarl\n|-sidestart|p2: LVGLO|move: Light Screen\n|move|p1a: Celesteela|Air Slash|p2a: Grimmsnarl\n|-damage|p2a: Grimmsnarl|33\/100\n|\n|upkeep\n|turn|25\n|\n|t:|1700297321\n|move|p2a: Grimmsnarl|Reflect|p2a: Grimmsnarl\n|-sidestart|p2: LVGLO|Reflect\n|move|p1a: Celesteela|Air Slash|p2a: Grimmsnarl\n|-damage|p2a: Grimmsnarl|0 fnt\n|faint|p2a: Grimmsnarl\n|-ability|p1a: Celesteela|Beast Boost|boost\n|-boost|p1a: Celesteela|spa|1\n|\n|upkeep\n|\n|t:|1700297323\n|switch|p2a: Mew|Mew|100\/100\n|-damage|p2a: Mew|88\/100|[from] Stealth Rock\n|turn|26\n|\n|t:|1700297333\n|move|p1a: Celesteela|Air Slash|p2a: Mew\n|-damage|p2a: Mew|52\/100\n|cant|p2a: Mew|flinch\n|\n|-heal|p2a: Mew|58\/100|[from] item: Leftovers\n|upkeep\n|turn|27\n|\n|t:|1700297339\n|move|p1a: Celesteela|Air Slash|p2a: Mew\n|-damage|p2a: Mew|23\/100\n|move|p2a: Mew|Roost|p2a: Mew\n|-heal|p2a: Mew|73\/100\n|-singleturn|p2a: Mew|move: Roost\n|\n|-heal|p2a: Mew|79\/100|[from] item: Leftovers\n|upkeep\n|turn|28\n|\n|t:|1700297344\n|move|p1a: Celesteela|Air Slash|p2a: Mew\n|-damage|p2a: Mew|45\/100\n|move|p2a: Mew|Roost|p2a: Mew\n|-heal|p2a: Mew|95\/100\n|-singleturn|p2a: Mew|move: Roost\n|\n|-heal|p2a: Mew|100\/100|[from] item: Leftovers\n|upkeep\n|turn|29\n|\n|t:|1700297349\n|move|p1a: Celesteela|Air Slash|p2a: Mew\n|-crit|p2a: Mew\n|-damage|p2a: Mew|6\/100\n|move|p2a: Mew|Imprison|p2a: Mew\n|-start|p2a: Mew|move: Imprison\n|\n|-heal|p2a: Mew|12\/100|[from] item: Leftovers\n|upkeep\n|turn|30\n|\n|t:|1700297359\n|move|p1a: Celesteela|Flamethrower|p2a: Mew\n|-damage|p2a: Mew|0 fnt\n|faint|p2a: Mew\n|-ability|p1a: Celesteela|Beast Boost|boost\n|-boost|p1a: Celesteela|spa|1\n|\n|upkeep\n|\n|t:|1700297367\n|switch|p2a: Victini|Victini|100\/100\n|-damage|p2a: Victini|75\/100|[from] Stealth Rock\n|turn|31\n|\n|t:|1700297372\n|move|p1a: Celesteela|Air Slash|p2a: Victini\n|-damage|p2a: Victini|24\/100\n|move|p2a: Victini|Thunder Wave|p1a: Celesteela\n|-status|p1a: Celesteela|par\n|\n|-sideend|p2: LVGLO|move: Light Screen\n|upkeep\n|turn|32\n|\n|t:|1700297383\n|move|p2a: Victini|Thunder Wave|p1a: Celesteela\n|-fail|p1a: Celesteela|par\n|move|p1a: Celesteela|Air Slash|p2a: Victini\n|-damage|p2a: Victini|0 fnt\n|faint|p2a: Victini\n|-ability|p1a: Celesteela|Beast Boost|boost\n|-boost|p1a: Celesteela|spa|1\n|\n|-sideend|p2: LVGLO|Reflect\n|upkeep\n|\n|t:|1700297386\n|switch|p2a: Tapu Fini|Tapu Fini|100\/100\n|-damage|p2a: Tapu Fini|88\/100|[from] Stealth Rock\n|-fieldstart|move: Misty Terrain|[from] ability: Misty Surge|[of] p2a: Tapu Fini\n|turn|33\n|\n|t:|1700297394\n|cant|p1a: Celesteela|par\n|move|p2a: Tapu Fini|Calm Mind|p2a: Tapu Fini\n|-boost|p2a: Tapu Fini|spa|1\n|-boost|p2a: Tapu Fini|spd|1\n|\n|-heal|p2a: Tapu Fini|94\/100|[from] item: Leftovers\n|upkeep\n|turn|34\n|\n|t:|1700297397\n|cant|p1a: Celesteela|par\n|move|p2a: Tapu Fini|Calm Mind|p2a: Tapu Fini\n|-boost|p2a: Tapu Fini|spa|1\n|-boost|p2a: Tapu Fini|spd|1\n|\n|-heal|p2a: Tapu Fini|99\/100|[from] item: Leftovers\n|upkeep\n|turn|35\n|\n|t:|1700297400\n|move|p1a: Celesteela|Air Slash|p2a: Tapu Fini\n|-damage|p2a: Tapu Fini|41\/100\n|cant|p2a: Tapu Fini|flinch\n|\n|-heal|p2a: Tapu Fini|47\/100|[from] item: Leftovers\n|upkeep\n|turn|36\n|\n|t:|1700297403\n|move|p1a: Celesteela|Air Slash|p2a: Tapu Fini\n|-damage|p2a: Tapu Fini|0 fnt\n|faint|p2a: Tapu Fini\n|\n|win|monkey kkk\n|raw|monkey kkk's rating: 1402 &rarr; <strong>1426<\/strong><br \/>(+24 for winning)\n|raw|LVGLO's rating: 1481 &rarr; <strong>1457<\/strong><br \/>(-24 for losing)\n|c|\u2606LVGLO|Gg\n|c|\u2606LVGLO|Wp\n","uploadtime":1700297414,"views":8,"p1id":"monkeykkk","p2id":"lvglo","formatid":"gen9nationaldex","rating":1426,"private":0,"password":""}