{"id":"gen9nationaldex-1998098678","p1":"The Critical God","p2":"sighz 0-0","format":"[Gen 9] National Dex","log":"|j|\u2606The Critical God\n|j|\u2606sighz 0-0\n|inactive|Battle timer is ON: inactive players will automatically lose when time's up.\n|t:|1700891041\n|gametype|singles\n|player|p1|The Critical God|102|\n|player|p2|sighz 0-0|may-contest|\n|teamsize|p1|6\n|teamsize|p2|6\n|gen|9\n|tier|[Gen 9] National Dex\n|rated|Tournament battle\n|rule|HP Percentage Mod: HP is shown in percentages\n|rule|Endless Battle Clause: Forcing endless battles is banned\n|rule|OHKO Clause: OHKO moves are banned\n|rule|Evasion Clause: Evasion abilities, items, and moves are banned\n|rule|Evasion Abilities Clause: Evasion abilities are banned\n|rule|Evasion Items Clause: Evasion items are banned\n|rule|Evasion Moves Clause: Evasion moves are banned\n|rule|Species Clause: Limit one of each Pok\u00e9mon\n|rule|Sleep Clause Mod: Limit one foe put to sleep\n|clearpoke\n|poke|p1|Kommo-o, M|\n|poke|p1|Sneasler, F|\n|poke|p1|Ogerpon-Wellspring, F|\n|poke|p1|Tapu Koko|\n|poke|p1|Landorus-Therian, M|\n|poke|p1|Iron Moth|\n|poke|p2|Blacephalon|\n|poke|p2|Snorlax, M|\n|poke|p2|Landorus-Therian, M|\n|poke|p2|Victini|\n|poke|p2|Bisharp, M|\n|poke|p2|Diancie|\n|teampreview\n|inactive|The Critical God has 120 seconds left.\n|j| Ineros\n|l| Ineros\n|c|\u2606The Critical God|glhf\n|\n|t:|1700891079\n|start\n|switch|p1a: Tapu Koko|Tapu Koko|100\/100\n|switch|p2a: Landorus|Landorus-Therian, M|100\/100\n|-fieldstart|move: Electric Terrain|[from] ability: Electric Surge|[of] p1a: Tapu Koko\n|-ability|p2a: Landorus|Intimidate|boost\n|-unboost|p1a: Tapu Koko|atk|1\n|turn|1\n|\n|t:|1700891095\n|move|p1a: Tapu Koko|U-turn|p2a: Landorus\n|-resisted|p2a: Landorus\n|-damage|p2a: Landorus|97\/100\n|\n|t:|1700891107\n|switch|p1a: Landorus|Landorus-Therian, M|100\/100|[from] U-turn\n|-ability|p1a: Landorus|Intimidate|boost\n|-unboost|p2a: Landorus|atk|1\n|move|p2a: Landorus|Stealth Rock|p1a: Landorus\n|-sidestart|p1: The Critical God|move: Stealth Rock\n|\n|upkeep\n|turn|2\n|\n|t:|1700891113\n|move|p1a: Landorus|Stealth Rock|p2a: Landorus\n|-sidestart|p2: sighz 0-0|move: Stealth Rock\n|move|p2a: Landorus|Explosion|p1a: Landorus\n|-enditem|p2a: Landorus|Normal Gem|[from] gem\n|-damage|p1a: Landorus|24\/100\n|faint|p2a: Landorus\n|-enditem|p1a: Landorus|Kee Berry|[eat]\n|-boost|p1a: Landorus|def|1|[from] item: Kee Berry\n|\n|upkeep\n|\n|t:|1700891121\n|switch|p2a: Blacephalon|Blacephalon|100\/100\n|-damage|p2a: Blacephalon|76\/100|[from] Stealth Rock\n|turn|3\n|\n|t:|1700891127\n|move|p2a: Blacephalon|Shadow Ball|p1a: Landorus\n|-damage|p1a: Landorus|0 fnt\n|faint|p1a: Landorus\n|-ability|p2a: Blacephalon|Beast Boost|boost\n|-boost|p2a: Blacephalon|spa|1\n|\n|upkeep\n|\n|t:|1700891138\n|switch|p1a: Ogerpon|Ogerpon-Wellspring, F|100\/100\n|-damage|p1a: Ogerpon|88\/100|[from] Stealth Rock\n|turn|4\n|\n|t:|1700891149\n|move|p2a: Blacephalon|Shadow Ball|p1a: Ogerpon\n|-damage|p1a: Ogerpon|3\/100\n|move|p1a: Ogerpon|Ivy Cudgel|p2a: Blacephalon|[anim] Ivy Cudgel Water\n|-supereffective|p2a: Blacephalon\n|-damage|p2a: Blacephalon|0 fnt\n|faint|p2a: Blacephalon\n|\n|upkeep\n|\n|t:|1700891158\n|switch|p2a: Victini|Victini|100\/100\n|-damage|p2a: Victini|75\/100|[from] Stealth Rock\n|turn|5\n|\n|t:|1700891177\n|move|p2a: Victini|U-turn|p1a: Ogerpon\n|-supereffective|p1a: Ogerpon\n|-damage|p1a: Ogerpon|0 fnt\n|faint|p1a: Ogerpon\n|\n|t:|1700891179\n|switch|p2a: Diancie|Diancie|100\/100|[from] U-turn\n|-damage|p2a: Diancie|88\/100|[from] Stealth Rock\n|\n|-fieldend|move: Electric Terrain\n|upkeep\n|c|\u2606The Critical God|he deserved better\n|\n|t:|1700891190\n|switch|p1a: Kommo-o|Kommo-o, M|100\/100\n|-damage|p1a: Kommo-o|94\/100|[from] Stealth Rock\n|turn|6\n|\n|t:|1700891194\n|detailschange|p2a: Diancie|Diancie-Mega\n|-mega|p2a: Diancie|Diancie|Diancite\n|move|p2a: Diancie|Moonblast|p1a: Kommo-o\n|-supereffective|p1a: Kommo-o\n|-damage|p1a: Kommo-o|0 fnt\n|faint|p1a: Kommo-o\n|\n|upkeep\n|c|\u2606sighz 0-0|rip\n|j| bingo bronson\n|inactive|The Critical God has 120 seconds left.\n|\n|t:|1700891229\n|switch|p1a: Tapu Koko|Tapu Koko|100\/100\n|-damage|p1a: Tapu Koko|88\/100|[from] Stealth Rock\n|-fieldstart|move: Electric Terrain|[from] ability: Electric Surge|[of] p1a: Tapu Koko\n|turn|7\n|\n|t:|1700891233\n|move|p1a: Tapu Koko|Volt Switch|p2a: Diancie\n|-damage|p2a: Diancie|45\/100\n|\n|t:|1700891237\n|switch|p1a: Sneasler|Sneasler, F|100\/100|[from] Volt Switch\n|-damage|p1a: Sneasler|95\/100|[from] Stealth Rock\n|-enditem|p1a: Sneasler|Electric Seed\n|-boost|p1a: Sneasler|def|1|[from] item: Electric Seed\n|move|p2a: Diancie|Earth Power|p1a: Sneasler\n|-supereffective|p1a: Sneasler\n|-damage|p1a: Sneasler|0 fnt\n|faint|p1a: Sneasler\n|\n|upkeep\n|\n|t:|1700891240\n|switch|p1a: Iron Moth|Iron Moth|100\/100\n|-damage|p1a: Iron Moth|76\/100|[from] Stealth Rock\n|-activate|p1a: Iron Moth|ability: Quark Drive\n|-start|p1a: Iron Moth|quarkdrivespa\n|-item|p1a: Iron Moth|Air Balloon\n|turn|8\n|\n|t:|1700891244\n|move|p2a: Diancie|Diamond Storm|p1a: Iron Moth\n|-supereffective|p1a: Iron Moth\n|-damage|p1a: Iron Moth|0 fnt\n|-boost|p2a: Diancie|def|2\n|-enditem|p1a: Iron Moth|Air Balloon\n|faint|p1a: Iron Moth\n|-end|p1a: Iron Moth|Quark Drive|[silent]\n|\n|upkeep\n|c|\u2606The Critical God|gg\n|-message|The Critical God forfeited.\n|\n|win|sighz 0-0\n|n|\u2606The Critical God|thecriticalgod\n|n|\u2606sighz 0-0|sighz00\n|n| bingo bronson|bingobronson\n|l|\u2606The Critical God\n|c|\u2606sighz 0-0|gg\n","uploadtime":1700891257,"views":4,"p1id":"thecriticalgod","p2id":"sighz00","formatid":"gen9nationaldex","rating":0,"private":0,"password":""}