{"id":"gen9nationaldex-1995696485","p1":"t2r natdex","p2":"LELELEIOIOIO","format":"[Gen 9] National Dex","log":"|html|<div class=\"broadcast-blue\"><strong>[Gen 9] National Dex is currently suspecting Sneasler! For information on how to participate check out the <a href=\"https:\/\/www.smogon.com\/forums\/threads\/sv-national-dex-suspect-8-just-dance.3731534\/\">suspect thread<\/a>.<\/strong><\/div>\n|j|\u2606t2r natdex\n|j|\u2606LELELEIOIOIO\n|t:|1700594792\n|gametype|singles\n|player|p1|t2r natdex|fisherman|1486\n|player|p2|LELELEIOIOIO|101|1419\n|teamsize|p1|6\n|teamsize|p2|6\n|gen|9\n|tier|[Gen 9] National Dex\n|rated|\n|rule|HP Percentage Mod: HP is shown in percentages\n|rule|Endless Battle Clause: Forcing endless battles is banned\n|rule|OHKO Clause: OHKO moves are banned\n|rule|Evasion Clause: Evasion abilities, items, and moves are banned\n|rule|Evasion Abilities Clause: Evasion abilities are banned\n|rule|Evasion Items Clause: Evasion items are banned\n|rule|Evasion Moves Clause: Evasion moves are banned\n|rule|Species Clause: Limit one of each Pok\u00e9mon\n|rule|Sleep Clause Mod: Limit one foe put to sleep\n|clearpoke\n|poke|p1|Exeggutor-Alola, F|\n|poke|p1|Rillaboom, M|\n|poke|p1|Sneasler, F|\n|poke|p1|Heatran, F|\n|poke|p1|Mantine, F|\n|poke|p1|Gliscor, F|\n|poke|p2|Pelipper, M|\n|poke|p2|Barraskewda, M|\n|poke|p2|Crawdaunt, M|\n|poke|p2|Ferrothorn, M|\n|poke|p2|Latias, F|\n|poke|p2|Zapdos|\n|teampreview\n|inactive|Battle timer is ON: inactive players will automatically lose when time's up. (requested by t2r natdex)\n|\n|t:|1700594803\n|start\n|switch|p1a: Exeggutor|Exeggutor-Alola, F|100\/100\n|switch|p2a: Latias|Latias, F|100\/100\n|turn|1\n|\n|t:|1700594811\n|switch|p2a: Ferrothorn|Ferrothorn, M|100\/100\n|switch|p1a: Heatran|Heatran, F|100\/100\n|\n|upkeep\n|turn|2\n|\n|t:|1700594817\n|switch|p2a: Latias|Latias, F|100\/100\n|move|p1a: Heatran|Stealth Rock|p2a: Latias\n|-sidestart|p2: LELELEIOIOIO|move: Stealth Rock\n|\n|upkeep\n|turn|3\n|\n|t:|1700594827\n|switch|p1a: Mantine|Mantine, F|100\/100\n|move|p2a: Latias|Calm Mind|p2a: Latias\n|-boost|p2a: Latias|spa|1\n|-boost|p2a: Latias|spd|1\n|\n|upkeep\n|turn|4\n|\n|t:|1700594839\n|detailschange|p2a: Latias|Latias-Mega, F\n|-mega|p2a: Latias|Latias|Latiasite\n|move|p2a: Latias|Psyshock|p1a: Mantine\n|-damage|p1a: Mantine|39\/100\n|move|p1a: Mantine|Toxic|p2a: Latias\n|-status|p2a: Latias|tox\n|\n|-damage|p2a: Latias|94\/100 tox|[from] psn\n|upkeep\n|turn|5\n|\n|t:|1700594846\n|switch|p1a: Heatran|Heatran, F|100\/100\n|move|p2a: Latias|Psyshock|p1a: Heatran\n|-resisted|p1a: Heatran\n|-damage|p1a: Heatran|76\/100\n|\n|-damage|p2a: Latias|82\/100 tox|[from] psn\n|upkeep\n|turn|6\n|\n|t:|1700594850\n|move|p2a: Latias|Aura Sphere|p1a: Heatran\n|-supereffective|p1a: Heatran\n|-damage|p1a: Heatran|18\/100\n|move|p1a: Heatran|Taunt|p2a: Latias\n|-start|p2a: Latias|move: Taunt\n|\n|-damage|p2a: Latias|64\/100 tox|[from] psn\n|upkeep\n|turn|7\n|\n|t:|1700594855\n|switch|p1a: Gliscor|Gliscor, F|100\/100\n|move|p2a: Latias|Aura Sphere|p1a: Gliscor\n|-resisted|p1a: Gliscor\n|-damage|p1a: Gliscor|77\/100\n|\n|-damage|p2a: Latias|40\/100 tox|[from] psn\n|-status|p1a: Gliscor|tox|[from] item: Toxic Orb\n|upkeep\n|turn|8\n|\n|t:|1700594863\n|move|p2a: Latias|Psyshock|p1a: Gliscor\n|-damage|p1a: Gliscor|43\/100 tox\n|move|p1a: Gliscor|Spikes|p2a: Latias\n|-sidestart|p2: LELELEIOIOIO|Spikes\n|\n|-damage|p2a: Latias|10\/100 tox|[from] psn\n|-heal|p1a: Gliscor|56\/100 tox|[from] ability: Poison Heal\n|upkeep\n|turn|9\n|\n|t:|1700594870\n|switch|p2a: Zapdos|Zapdos|100\/100\n|move|p1a: Gliscor|Protect||[still]\n|-fail|p1a: Gliscor\n|\n|-heal|p1a: Gliscor|68\/100 tox|[from] ability: Poison Heal\n|upkeep\n|turn|10\n|\n|t:|1700594872\n|move|p1a: Gliscor|Protect|p1a: Gliscor\n|-singleturn|p1a: Gliscor|Protect\n|move|p2a: Zapdos|Defog|p1a: Gliscor\n|-activate|p1a: Gliscor|move: Protect\n|\n|-heal|p1a: Gliscor|81\/100 tox|[from] ability: Poison Heal\n|upkeep\n|turn|11\n|\n|t:|1700594887\n|move|p2a: Zapdos|Defog|p1a: Gliscor\n|-unboost|p1a: Gliscor|evasion|1\n|-sideend|p2: LELELEIOIOIO|Spikes|[from] move: Defog|[of] p2a: Zapdos\n|-sideend|p2: LELELEIOIOIO|Stealth Rock|[from] move: Defog|[of] p2a: Zapdos\n|move|p1a: Gliscor|Knock Off|p2a: Zapdos\n|-damage|p2a: Zapdos|85\/100\n|-enditem|p2a: Zapdos|Heavy-Duty Boots|[from] move: Knock Off|[of] p1a: Gliscor\n|\n|-heal|p1a: Gliscor|93\/100 tox|[from] ability: Poison Heal\n|upkeep\n|turn|12\n|\n|t:|1700594894\n|move|p2a: Zapdos|Hurricane|p1a: Gliscor\n|-damage|p1a: Gliscor|39\/100 tox\n|move|p1a: Gliscor|Toxic|p2a: Zapdos\n|-status|p2a: Zapdos|tox\n|\n|-damage|p2a: Zapdos|79\/100 tox|[from] psn\n|-heal|p1a: Gliscor|51\/100 tox|[from] ability: Poison Heal\n|upkeep\n|turn|13\n|\n|t:|1700594899\n|move|p1a: Gliscor|Protect|p1a: Gliscor\n|-singleturn|p1a: Gliscor|Protect\n|move|p2a: Zapdos|Hurricane|p1a: Gliscor\n|-activate|p1a: Gliscor|move: Protect\n|\n|-damage|p2a: Zapdos|67\/100 tox|[from] psn\n|-heal|p1a: Gliscor|63\/100 tox|[from] ability: Poison Heal\n|upkeep\n|turn|14\n|\n|t:|1700594914\n|switch|p2a: Pelipper|Pelipper, M|100\/100\n|-weather|RainDance|[from] ability: Drizzle|[of] p2a: Pelipper\n|switch|p1a: Heatran|Heatran, F|18\/100\n|\n|-weather|RainDance|[upkeep]\n|upkeep\n|turn|15\n|\n|t:|1700594920\n|move|p1a: Heatran|Stealth Rock|p2a: Pelipper\n|-sidestart|p2: LELELEIOIOIO|move: Stealth Rock\n|move|p2a: Pelipper|Scald|p1a: Heatran\n|-supereffective|p1a: Heatran\n|-damage|p1a: Heatran|0 fnt\n|faint|p1a: Heatran\n|\n|-weather|RainDance|[upkeep]\n|upkeep\n|\n|t:|1700594924\n|switch|p1a: Mantine|Mantine, F|39\/100\n|turn|16\n|\n|t:|1700594932\n|move|p1a: Mantine|Roost|p1a: Mantine\n|-heal|p1a: Mantine|89\/100\n|-singleturn|p1a: Mantine|move: Roost\n|move|p2a: Pelipper|Hurricane|p1a: Mantine\n|-damage|p1a: Mantine|70\/100\n|-start|p1a: Mantine|confusion\n|\n|-weather|RainDance|[upkeep]\n|upkeep\n|turn|17\n|\n|t:|1700594939\n|-activate|p1a: Mantine|confusion\n|move|p1a: Mantine|Scald|p2a: Pelipper\n|-resisted|p2a: Pelipper\n|-crit|p2a: Pelipper\n|-damage|p2a: Pelipper|67\/100\n|move|p2a: Pelipper|U-turn|p1a: Mantine\n|-resisted|p1a: Mantine\n|-damage|p1a: Mantine|65\/100\n|\n|t:|1700594942\n|switch|p2a: Crawdaunt|Crawdaunt, M|100\/100|[from] U-turn\n|-damage|p2a: Crawdaunt|88\/100|[from] Stealth Rock\n|\n|-weather|RainDance|[upkeep]\n|upkeep\n|turn|18\n|\n|t:|1700594953\n|switch|p1a: Gliscor|Gliscor, F|63\/100 tox\n|move|p2a: Crawdaunt|Knock Off|p1a: Gliscor\n|-damage|p1a: Gliscor|10\/100 tox\n|-enditem|p1a: Gliscor|Toxic Orb|[from] move: Knock Off|[of] p2a: Crawdaunt\n|-damage|p2a: Crawdaunt|78\/100|[from] item: Life Orb\n|\n|-weather|RainDance|[upkeep]\n|-heal|p1a: Gliscor|22\/100 tox|[from] ability: Poison Heal\n|upkeep\n|turn|19\n|\n|t:|1700594961\n|switch|p1a: Mantine|Mantine, F|65\/100\n|move|p2a: Crawdaunt|Aqua Jet|p1a: Mantine\n|-heal|p1a: Mantine|90\/100|[from] ability: Water Absorb|[of] p2a: Crawdaunt\n|\n|-weather|RainDance|[upkeep]\n|upkeep\n|turn|20\n|\n|t:|1700594964\n|move|p2a: Crawdaunt|Knock Off|p1a: Mantine\n|-damage|p1a: Mantine|0 fnt\n|-enditem|p1a: Mantine|Heavy-Duty Boots|[from] move: Knock Off|[of] p2a: Crawdaunt\n|faint|p1a: Mantine\n|-damage|p2a: Crawdaunt|69\/100|[from] item: Life Orb\n|\n|-weather|RainDance|[upkeep]\n|upkeep\n|\n|t:|1700594969\n|switch|p1a: Rillaboom|Rillaboom, M|100\/100\n|-fieldstart|move: Grassy Terrain|[from] ability: Grassy Surge|[of] p1a: Rillaboom\n|turn|21\n|\n|t:|1700594973\n|switch|p1a: Exeggutor|Exeggutor-Alola, F|100\/100\n|switch|p2a: Ferrothorn|Ferrothorn, M|100\/100\n|-damage|p2a: Ferrothorn|94\/100|[from] Stealth Rock\n|\n|-weather|none\n|-heal|p2a: Ferrothorn|100\/100|[from] Grassy Terrain\n|upkeep\n|turn|22\n|\n|t:|1700594978\n|move|p1a: Exeggutor|Flamethrower|p2a: Ferrothorn\n|-supereffective|p2a: Ferrothorn\n|-damage|p2a: Ferrothorn|0 fnt\n|faint|p2a: Ferrothorn\n|\n|upkeep\n|\n|t:|1700594983\n|switch|p2a: Zapdos|Zapdos|67\/100 tox\n|-damage|p2a: Zapdos|42\/100 tox|[from] Stealth Rock\n|turn|23\n|\n|t:|1700594990\n|move|p1a: Exeggutor|Endure|p1a: Exeggutor\n|-singleturn|p1a: Exeggutor|move: Endure\n|move|p2a: Zapdos|Roost|p2a: Zapdos\n|-heal|p2a: Zapdos|92\/100 tox\n|-singleturn|p2a: Zapdos|move: Roost\n|\n|-heal|p2a: Zapdos|98\/100 tox|[from] Grassy Terrain\n|-damage|p2a: Zapdos|92\/100 tox|[from] psn\n|upkeep\n|turn|24\n|\n|t:|1700594994\n|switch|p1a: Gliscor|Gliscor, F|22\/100 tox\n|move|p2a: Zapdos|Defog|p1a: Gliscor\n|-unboost|p1a: Gliscor|evasion|1\n|-sideend|p2: LELELEIOIOIO|Stealth Rock|[from] move: Defog|[of] p2a: Zapdos\n|-fieldend|move: Grassy Terrain\n|\n|-damage|p2a: Zapdos|80\/100 tox|[from] psn\n|-heal|p1a: Gliscor|35\/100 tox|[from] ability: Poison Heal\n|upkeep\n|turn|25\n|\n|t:|1700594999\n|move|p1a: Gliscor|Protect|p1a: Gliscor\n|-singleturn|p1a: Gliscor|Protect\n|move|p2a: Zapdos|Hurricane|p1a: Gliscor\n|-activate|p1a: Gliscor|move: Protect\n|\n|-damage|p2a: Zapdos|62\/100 tox|[from] psn\n|-heal|p1a: Gliscor|47\/100 tox|[from] ability: Poison Heal\n|upkeep\n|turn|26\n|\n|t:|1700595006\n|move|p2a: Zapdos|Hurricane|p1a: Gliscor\n|-damage|p1a: Gliscor|0 fnt\n|faint|p1a: Gliscor\n|\n|-damage|p2a: Zapdos|38\/100 tox|[from] psn\n|upkeep\n|\n|t:|1700595015\n|switch|p1a: Rillaboom|Rillaboom, M|100\/100\n|-fieldstart|move: Grassy Terrain|[from] ability: Grassy Surge|[of] p1a: Rillaboom\n|turn|27\n|\n|t:|1700595019\n|move|p1a: Rillaboom|Knock Off|p2a: Zapdos\n|-damage|p2a: Zapdos|9\/100 tox\n|move|p2a: Zapdos|Volt Switch|p1a: Rillaboom\n|-resisted|p1a: Rillaboom\n|-damage|p1a: Rillaboom|81\/100\n|\n|t:|1700595023\n|switch|p2a: Pelipper|Pelipper, M|67\/100|[from] Volt Switch\n|-weather|RainDance|[from] ability: Drizzle|[of] p2a: Pelipper\n|\n|-weather|RainDance|[upkeep]\n|-heal|p1a: Rillaboom|88\/100|[from] Grassy Terrain\n|upkeep\n|turn|28\n|\n|t:|1700595028\n|move|p1a: Rillaboom|Knock Off|p2a: Pelipper\n|-damage|p2a: Pelipper|28\/100\n|-enditem|p2a: Pelipper|Damp Rock|[from] move: Knock Off|[of] p1a: Rillaboom\n|move|p2a: Pelipper|Hurricane|p1a: Rillaboom\n|-supereffective|p1a: Rillaboom\n|-damage|p1a: Rillaboom|0 fnt\n|faint|p1a: Rillaboom\n|\n|-weather|RainDance|[upkeep]\n|upkeep\n|\n|t:|1700595029\n|switch|p1a: Sneasler|Sneasler, F|100\/100\n|-enditem|p1a: Sneasler|Grassy Seed\n|-boost|p1a: Sneasler|def|1|[from] item: Grassy Seed\n|turn|29\n|\n|t:|1700595035\n|-terastallize|p1a: Sneasler|Flying\n|move|p1a: Sneasler|Swords Dance|p1a: Sneasler\n|-boost|p1a: Sneasler|atk|2\n|move|p2a: Pelipper|Hurricane|p1a: Sneasler\n|-damage|p1a: Sneasler|51\/100\n|-start|p1a: Sneasler|confusion\n|\n|-weather|RainDance|[upkeep]\n|upkeep\n|turn|30\n|\n|t:|1700595041\n|-activate|p1a: Sneasler|confusion\n|move|p1a: Sneasler|Lash Out|p2a: Pelipper\n|-damage|p2a: Pelipper|0 fnt\n|faint|p2a: Pelipper\n|\n|-weather|RainDance|[upkeep]\n|upkeep\n|\n|t:|1700595047\n|switch|p2a: Zapdos|Zapdos|9\/100 tox\n|turn|31\n|\n|t:|1700595049\n|-end|p1a: Sneasler|confusion\n|move|p1a: Sneasler|Lash Out|p2a: Zapdos\n|-damage|p2a: Zapdos|0 fnt\n|faint|p2a: Zapdos\n|\n|-weather|RainDance|[upkeep]\n|-fieldend|move: Grassy Terrain\n|upkeep\n|\n|t:|1700595058\n|switch|p2a: Barraskewda|Barraskewda, M|100\/100\n|turn|32\n|\n|t:|1700595065\n|move|p2a: Barraskewda|Liquidation|p1a: Sneasler\n|-damage|p1a: Sneasler|0 fnt\n|faint|p1a: Sneasler\n|\n|-weather|RainDance|[upkeep]\n|upkeep\n|\n|t:|1700595067\n|switch|p1a: Exeggutor|Exeggutor-Alola, F|100\/100\n|turn|33\n|\n|t:|1700595075\n|-terastallize|p2a: Barraskewda|Water\n|move|p2a: Barraskewda|Liquidation|p1a: Exeggutor\n|-resisted|p1a: Exeggutor\n|-damage|p1a: Exeggutor|61\/100\n|move|p1a: Exeggutor|Leaf Storm|p2a: Barraskewda\n|-supereffective|p2a: Barraskewda\n|-damage|p2a: Barraskewda|0 fnt\n|-unboost|p1a: Exeggutor|spa|2\n|faint|p2a: Barraskewda\n|\n|-weather|RainDance|[upkeep]\n|upkeep\n|\n|t:|1700595082\n|switch|p2a: Latias|Latias-Mega, F|10\/100 tox\n|turn|34\n|\n|t:|1700595084\n|move|p2a: Latias|Roost|p2a: Latias\n|-heal|p2a: Latias|60\/100 tox\n|-singleturn|p2a: Latias|move: Roost\n|move|p1a: Exeggutor|Draco Meteor|p2a: Latias\n|-supereffective|p2a: Latias\n|-damage|p2a: Latias|15\/100 tox\n|-unboost|p1a: Exeggutor|spa|2\n|\n|-weather|none\n|-damage|p2a: Latias|9\/100 tox|[from] psn\n|upkeep\n|turn|35\n|\n|t:|1700595092\n|move|p1a: Exeggutor|Endure|p1a: Exeggutor\n|-singleturn|p1a: Exeggutor|move: Endure\n|move|p2a: Latias|Psyshock|p1a: Exeggutor\n|-damage|p1a: Exeggutor|18\/100\n|\n|-damage|p2a: Latias|0 fnt|[from] psn\n|faint|p2a: Latias\n|upkeep\n|\n|t:|1700595097\n|switch|p2a: Crawdaunt|Crawdaunt, M|69\/100\n|turn|36\n|-enditem|p1a: Exeggutor|Custap Berry|[eat]\n|-activate|p1a: Exeggutor|item: Custap Berry|[consumed]\n|\n|t:|1700595099\n|move|p1a: Exeggutor|Leaf Storm|p2a: Crawdaunt\n|-supereffective|p2a: Crawdaunt\n|-damage|p2a: Crawdaunt|0 fnt\n|-unboost|p1a: Exeggutor|spa|2\n|faint|p2a: Crawdaunt\n|\n|win|t2r natdex\n|raw|t2r natdex's rating: 1486 &rarr; <strong>1502<\/strong><br \/>(+16 for winning)\n|raw|LELELEIOIOIO's rating: 1419 &rarr; <strong>1403<\/strong><br \/>(-16 for losing)\n|c|\u2606t2r natdex|gg\n|l|\u2606LELELEIOIOIO\n","uploadtime":1700595110,"views":0,"p1id":"t2rnatdex","p2id":"leleleioioio","formatid":"gen9nationaldex","rating":1403,"private":0,"password":""}