{"id":"gen9nationaldex-1986996442","p1":"CF. Xynix","p2":"Yaoshi","format":"[Gen 9] National Dex","log":"|j|\u2606CF. Xynix\n|j|\u2606Yaoshi\n|t:|1699547632\n|gametype|singles\n|player|p1|CF. Xynix|lady|1342\n|player|p2|Yaoshi|steven-masters|1420\n|teamsize|p1|6\n|teamsize|p2|6\n|gen|9\n|tier|[Gen 9] National Dex\n|rated|\n|rule|HP Percentage Mod: HP is shown in percentages\n|rule|Endless Battle Clause: Forcing endless battles is banned\n|rule|OHKO Clause: OHKO moves are banned\n|rule|Evasion Clause: Evasion abilities, items, and moves are banned\n|rule|Evasion Abilities Clause: Evasion abilities are banned\n|rule|Evasion Items Clause: Evasion items are banned\n|rule|Evasion Moves Clause: Evasion moves are banned\n|rule|Species Clause: Limit one of each Pok\u00e9mon\n|rule|Sleep Clause Mod: Limit one foe put to sleep\n|clearpoke\n|poke|p1|Hatterene, F|\n|poke|p1|Ogerpon-Wellspring, F|\n|poke|p1|Victini|\n|poke|p1|Manaphy|\n|poke|p1|Greninja-*, M|\n|poke|p1|Deoxys-Defense|\n|poke|p2|Urshifu-*, F|\n|poke|p2|Slowbro-Galar, M|\n|poke|p2|Ursaluna-Bloodmoon, M|\n|poke|p2|Kommo-o, M|\n|poke|p2|Rillaboom, F|\n|poke|p2|Garganacl, M|\n|teampreview\n|inactive|Battle timer is ON: inactive players will automatically lose when time's up. (requested by CF. Xynix)\n|\n|t:|1699547642\n|start\n|switch|p1a: Deoxys|Deoxys-Defense, shiny|100\/100\n|switch|p2a: Urshifu|Urshifu-Rapid-Strike, F|100\/100\n|-ability|p1a: Deoxys|Pressure\n|turn|1\n|\n|t:|1699547649\n|move|p2a: Urshifu|Trailblaze|p1a: Deoxys\n|-damage|p1a: Deoxys|90\/100\n|-boost|p2a: Urshifu|spe|1\n|move|p1a: Deoxys|Thunder Wave|p2a: Urshifu\n|-status|p2a: Urshifu|par\n|\n|-heal|p1a: Deoxys|96\/100|[from] item: Leftovers\n|upkeep\n|turn|2\n|\n|t:|1699547655\n|move|p1a: Deoxys|Stealth Rock|p2a: Urshifu\n|-sidestart|p2: Yaoshi|move: Stealth Rock\n|move|p2a: Urshifu|Bulk Up|p2a: Urshifu\n|-boost|p2a: Urshifu|atk|1\n|-boost|p2a: Urshifu|def|1\n|\n|-heal|p1a: Deoxys|100\/100|[from] item: Leftovers\n|upkeep\n|turn|3\n|\n|t:|1699547658\n|move|p1a: Deoxys|Knock Off|p2a: Urshifu\n|-resisted|p2a: Urshifu\n|-damage|p2a: Urshifu|96\/100 par\n|-enditem|p2a: Urshifu|Leftovers|[from] move: Knock Off|[of] p1a: Deoxys\n|move|p2a: Urshifu|Trailblaze|p1a: Deoxys\n|-damage|p1a: Deoxys|83\/100\n|-boost|p2a: Urshifu|spe|1\n|\n|-heal|p1a: Deoxys|89\/100|[from] item: Leftovers\n|upkeep\n|turn|4\n|\n|t:|1699547667\n|switch|p1a: Manaphy|Manaphy, shiny|100\/100\n|move|p2a: Urshifu|Trailblaze|p1a: Manaphy\n|-supereffective|p1a: Manaphy\n|-damage|p1a: Manaphy|60\/100\n|-boost|p2a: Urshifu|spe|1\n|\n|-heal|p1a: Manaphy|67\/100|[from] item: Leftovers\n|upkeep\n|turn|5\n|\n|t:|1699547672\n|move|p2a: Urshifu|Bulk Up|p2a: Urshifu\n|-boost|p2a: Urshifu|atk|1\n|-boost|p2a: Urshifu|def|1\n|move|p1a: Manaphy|Acid Armor|p1a: Manaphy\n|-boost|p1a: Manaphy|def|2\n|\n|-heal|p1a: Manaphy|73\/100|[from] item: Leftovers\n|upkeep\n|turn|6\n|\n|t:|1699547679\n|cant|p2a: Urshifu|par\n|move|p1a: Manaphy|Acid Armor|p1a: Manaphy\n|-boost|p1a: Manaphy|def|2\n|\n|-heal|p1a: Manaphy|79\/100|[from] item: Leftovers\n|upkeep\n|turn|7\n|\n|t:|1699547682\n|cant|p2a: Urshifu|par\n|move|p1a: Manaphy|Take Heart|p1a: Manaphy\n|-boost|p1a: Manaphy|spa|1\n|-boost|p1a: Manaphy|spd|1\n|\n|-heal|p1a: Manaphy|85\/100|[from] item: Leftovers\n|upkeep\n|turn|8\n|\n|t:|1699547685\n|move|p2a: Urshifu|Bulk Up|p2a: Urshifu\n|-boost|p2a: Urshifu|atk|1\n|-boost|p2a: Urshifu|def|1\n|move|p1a: Manaphy|Take Heart|p1a: Manaphy\n|-boost|p1a: Manaphy|spa|1\n|-boost|p1a: Manaphy|spd|1\n|\n|-heal|p1a: Manaphy|91\/100|[from] item: Leftovers\n|upkeep\n|turn|9\n|\n|t:|1699547688\n|move|p2a: Urshifu|Bulk Up|p2a: Urshifu\n|-boost|p2a: Urshifu|atk|1\n|-boost|p2a: Urshifu|def|1\n|move|p1a: Manaphy|Stored Power|p2a: Urshifu\n|-supereffective|p2a: Urshifu\n|-damage|p2a: Urshifu|0 fnt\n|faint|p2a: Urshifu\n|\n|-heal|p1a: Manaphy|98\/100|[from] item: Leftovers\n|upkeep\n|\n|t:|1699547693\n|switch|p2a: Rillaboom|Rillaboom, F, shiny|100\/100\n|-damage|p2a: Rillaboom|88\/100|[from] Stealth Rock\n|-fieldstart|move: Grassy Terrain|[from] ability: Grassy Surge|[of] p2a: Rillaboom\n|turn|10\n|\n|t:|1699547697\n|move|p1a: Manaphy|Stored Power|p2a: Rillaboom\n|-damage|p2a: Rillaboom|0 fnt\n|faint|p2a: Rillaboom\n|\n|-heal|p1a: Manaphy|100\/100|[from] Grassy Terrain\n|upkeep\n|\n|t:|1699547702\n|switch|p2a: Slowbro|Slowbro-Galar, M, shiny|100\/100\n|-damage|p2a: Slowbro|88\/100|[from] Stealth Rock\n|turn|11\n|\n|t:|1699547706\n|detailschange|p2a: Slowbro|Slowbro-Mega, M, shiny\n|-mega|p2a: Slowbro|Slowbro|Slowbronite\n|move|p1a: Manaphy|Stored Power|p2a: Slowbro\n|-resisted|p2a: Slowbro\n|-damage|p2a: Slowbro|25\/100\n|move|p2a: Slowbro|Calm Mind|p2a: Slowbro\n|-boost|p2a: Slowbro|spa|1\n|-boost|p2a: Slowbro|spd|1\n|\n|-heal|p2a: Slowbro|31\/100|[from] Grassy Terrain\n|upkeep\n|turn|12\n|\n|t:|1699547710\n|move|p1a: Manaphy|Stored Power|p2a: Slowbro\n|-resisted|p2a: Slowbro\n|-damage|p2a: Slowbro|0 fnt\n|faint|p2a: Slowbro\n|\n|upkeep\n|\n|t:|1699547712\n|switch|p2a: Ursaluna|Ursaluna-Bloodmoon, M|100\/100\n|-damage|p2a: Ursaluna|94\/100|[from] Stealth Rock\n|turn|13\n|\n|t:|1699547716\n|move|p1a: Manaphy|Stored Power|p2a: Ursaluna\n|-damage|p2a: Ursaluna|0 fnt\n|faint|p2a: Ursaluna\n|\n|upkeep\n|-message|Yaoshi forfeited.\n|\n|win|CF. Xynix\n|raw|CF. Xynix's rating: 1342 &rarr; <strong>1366<\/strong><br \/>(+24 for winning)\n|raw|Yaoshi's rating: 1420 &rarr; <strong>1396<\/strong><br \/>(-24 for losing)\n|l|\u2606Yaoshi\n","uploadtime":1699547731,"views":5,"p1id":"cfxynix","p2id":"yaoshi","formatid":"gen9nationaldex","rating":1366,"private":0,"password":""}