{"id":"gen9nationaldex-1998855832","p1":"umm... hedgehog?","p2":"RAFSAFAIZ","format":"[Gen 9] National Dex","log":"|html|<div class=\"broadcast-blue\"><strong>[Gen 9] National Dex is currently suspecting Sneasler! For information on how to participate check out the <a href=\"https:\/\/www.smogon.com\/forums\/threads\/sv-national-dex-suspect-8-just-dance.3731534\/\">suspect thread<\/a>.<\/strong><\/div>\n|j|\u2606umm... hedgehog?\n|j|\u2606RAFSAFAIZ\n|t:|1701003891\n|gametype|singles\n|player|p1|umm... hedgehog?|ghetsis|1579\n|player|p2|RAFSAFAIZ|265|1497\n|teamsize|p1|6\n|teamsize|p2|6\n|gen|9\n|tier|[Gen 9] National Dex\n|rated|\n|rule|HP Percentage Mod: HP is shown in percentages\n|rule|Endless Battle Clause: Forcing endless battles is banned\n|rule|OHKO Clause: OHKO moves are banned\n|rule|Evasion Clause: Evasion abilities, items, and moves are banned\n|rule|Evasion Abilities Clause: Evasion abilities are banned\n|rule|Evasion Items Clause: Evasion items are banned\n|rule|Evasion Moves Clause: Evasion moves are banned\n|rule|Species Clause: Limit one of each Pok\u00e9mon\n|rule|Sleep Clause Mod: Limit one foe put to sleep\n|clearpoke\n|poke|p1|Medicham, F|\n|poke|p1|Weavile, F|\n|poke|p1|Sinistcha|\n|poke|p1|Alomomola, M|\n|poke|p1|Corviknight, M|\n|poke|p1|Garganacl, M|\n|poke|p2|Samurott-Hisui, F|\n|poke|p2|Moltres|\n|poke|p2|Iron Moth|\n|poke|p2|Venusaur, F|\n|poke|p2|Kartana|\n|poke|p2|Iron Valiant|\n|teampreview\n|inactive|Battle timer is ON: inactive players will automatically lose when time's up. (requested by RAFSAFAIZ)\n|\n|t:|1701003901\n|start\n|switch|p1a: Garganacl|Garganacl, M|100\/100\n|switch|p2a: Samurott|Samurott-Hisui, F|100\/100\n|turn|1\n|\n|t:|1701003908\n|switch|p1a: Corviknight|Corviknight, M|100\/100\n|-ability|p1a: Corviknight|Pressure\n|move|p2a: Samurott|Flip Turn|p1a: Corviknight\n|-damage|p1a: Corviknight|83\/100\n|\n|t:|1701003912\n|switch|p2a: Iron Moth|Iron Moth|100\/100|[from] Flip Turn\n|\n|-heal|p1a: Corviknight|89\/100|[from] item: Leftovers\n|upkeep\n|turn|2\n|\n|t:|1701003922\n|move|p2a: Iron Moth|Energy Ball|p1a: Corviknight\n|-resisted|p1a: Corviknight\n|-damage|p1a: Corviknight|79\/100\n|move|p1a: Corviknight|U-turn|p2a: Iron Moth\n|-resisted|p2a: Iron Moth\n|-crit|p2a: Iron Moth\n|-damage|p2a: Iron Moth|92\/100\n|\n|t:|1701003929\n|switch|p1a: Weavile|Weavile, F|100\/100|[from] U-turn\n|-ability|p1a: Weavile|Pressure\n|\n|upkeep\n|turn|3\n|\n|t:|1701003936\n|-end|p2a: Iron Moth|Quark Drive|[silent]\n|switch|p2a: Moltres|Moltres|100\/100\n|move|p1a: Weavile|Knock Off|p2a: Moltres\n|-damage|p2a: Moltres|55\/100\n|-enditem|p2a: Moltres|Heavy-Duty Boots|[from] move: Knock Off|[of] p1a: Weavile\n|\n|upkeep\n|turn|4\n|\n|t:|1701003945\n|switch|p1a: Garganacl|Garganacl, M|100\/100\n|move|p2a: Moltres|Roost|p2a: Moltres\n|-heal|p2a: Moltres|100\/100\n|-singleturn|p2a: Moltres|move: Roost\n|\n|upkeep\n|turn|5\n|\n|t:|1701003954\n|move|p2a: Moltres|U-turn|p1a: Garganacl\n|-damage|p1a: Garganacl|89\/100\n|\n|t:|1701003958\n|switch|p2a: Venusaur|Venusaur, F|100\/100|[from] U-turn\n|move|p1a: Garganacl|Stealth Rock|p2a: Venusaur\n|-sidestart|p2: RAFSAFAIZ|move: Stealth Rock\n|\n|-heal|p1a: Garganacl|95\/100|[from] item: Leftovers\n|upkeep\n|turn|6\n|\n|t:|1701003966\n|detailschange|p2a: Venusaur|Venusaur-Mega, F\n|-mega|p2a: Venusaur|Venusaur|Venusaurite\n|move|p2a: Venusaur|Giga Drain|p1a: Garganacl\n|-supereffective|p1a: Garganacl\n|-damage|p1a: Garganacl|43\/100\n|move|p1a: Garganacl|Salt Cure|p2a: Venusaur\n|-damage|p2a: Venusaur|90\/100\n|-start|p2a: Venusaur|Salt Cure\n|\n|-heal|p1a: Garganacl|49\/100|[from] item: Leftovers\n|-damage|p2a: Venusaur|77\/100|[from] Salt Cure\n|upkeep\n|turn|7\n|\n|t:|1701003978\n|switch|p1a: Sinistcha|Sinistcha|100\/100\n|move|p2a: Venusaur|Giga Drain|p1a: Sinistcha\n|-resisted|p1a: Sinistcha\n|-damage|p1a: Sinistcha|78\/100\n|-heal|p2a: Venusaur|88\/100|[from] drain|[of] p1a: Sinistcha\n|\n|-heal|p1a: Sinistcha|84\/100|[from] item: Leftovers\n|-damage|p2a: Venusaur|76\/100|[from] Salt Cure\n|upkeep\n|turn|8\n|\n|t:|1701003990\n|switch|p2a: Samurott|Samurott-Hisui, F|100\/100\n|-damage|p2a: Samurott|88\/100|[from] Stealth Rock\n|move|p1a: Sinistcha|Calm Mind|p1a: Sinistcha\n|-boost|p1a: Sinistcha|spa|1\n|-boost|p1a: Sinistcha|spd|1\n|\n|-heal|p1a: Sinistcha|90\/100|[from] item: Leftovers\n|upkeep\n|turn|9\n|\n|t:|1701004002\n|switch|p1a: Corviknight|Corviknight, M|79\/100\n|-ability|p1a: Corviknight|Pressure\n|move|p2a: Samurott|Ceaseless Edge|p1a: Corviknight\n|-damage|p1a: Corviknight|47\/100\n|-sidestart|p1: umm... hedgehog?|Spikes\n|\n|-heal|p1a: Corviknight|53\/100|[from] item: Leftovers\n|upkeep\n|turn|10\n|\n|t:|1701004012\n|move|p2a: Samurott|Ceaseless Edge|p1a: Corviknight\n|-damage|p1a: Corviknight|22\/100\n|-sidestart|p1: umm... hedgehog?|Spikes\n|move|p1a: Corviknight|Roost|p1a: Corviknight\n|-heal|p1a: Corviknight|72\/100\n|-singleturn|p1a: Corviknight|move: Roost\n|\n|-heal|p1a: Corviknight|78\/100|[from] item: Leftovers\n|upkeep\n|turn|11\n|\n|t:|1701004022\n|move|p2a: Samurott|Ceaseless Edge|p1a: Corviknight\n|-damage|p1a: Corviknight|50\/100\n|-sidestart|p1: umm... hedgehog?|Spikes\n|move|p1a: Corviknight|Body Press|p2a: Samurott\n|-supereffective|p2a: Samurott\n|-damage|p2a: Samurott|32\/100\n|\n|-heal|p1a: Corviknight|56\/100|[from] item: Leftovers\n|upkeep\n|turn|12\n|\n|t:|1701004032\n|switch|p2a: Venusaur|Venusaur-Mega, F|76\/100\n|-damage|p2a: Venusaur|63\/100|[from] Stealth Rock\n|move|p1a: Corviknight|Roost|p1a: Corviknight\n|-heal|p1a: Corviknight|100\/100\n|-singleturn|p1a: Corviknight|move: Roost\n|\n|upkeep\n|turn|13\n|\n|t:|1701004041\n|move|p2a: Venusaur|Leech Seed|p1a: Corviknight|[miss]\n|-miss|p2a: Venusaur|p1a: Corviknight\n|move|p1a: Corviknight|Defog|p2a: Venusaur\n|-unboost|p2a: Venusaur|evasion|1\n|-sideend|p2: RAFSAFAIZ|Stealth Rock|[from] move: Defog|[of] p1a: Corviknight\n|-sideend|p1: umm... hedgehog?|Spikes|[from] move: Defog|[of] p1a: Corviknight\n|\n|upkeep\n|turn|14\n|\n|t:|1701004049\n|switch|p2a: Iron Moth|Iron Moth|92\/100\n|move|p1a: Corviknight|U-turn|p2a: Iron Moth\n|-resisted|p2a: Iron Moth\n|-damage|p2a: Iron Moth|85\/100\n|inactive|umm... hedgehog? has 120 seconds left.\n|\n|t:|1701004088\n|switch|p1a: Weavile|Weavile, F|100\/100|[from] U-turn\n|-ability|p1a: Weavile|Pressure\n|\n|upkeep\n|turn|15\n|inactive|umm... hedgehog? has 120 seconds left.\n|\n|t:|1701004094\n|-activate|p2a: Iron Moth|move: Pursuit\n|move|p1a: Weavile|Pursuit|p2a: Iron Moth|[from]Pursuit\n|-damage|p2a: Iron Moth|0 fnt\n|faint|p2a: Iron Moth\n|-end|p2a: Iron Moth|Quark Drive|[silent]\n|-hint|A Pokemon can't switch between when it runs out of HP and when it faints\n|\n|upkeep\n|\n|t:|1701004103\n|switch|p2a: Iron Valiant|Iron Valiant|100\/100\n|-enditem|p2a: Iron Valiant|Booster Energy\n|-activate|p2a: Iron Valiant|ability: Quark Drive|[fromitem]\n|-start|p2a: Iron Valiant|quarkdrivespe\n|turn|16\n|\n|t:|1701004109\n|switch|p1a: Corviknight|Corviknight, M|100\/100\n|-ability|p1a: Corviknight|Pressure\n|move|p2a: Iron Valiant|Swords Dance|p2a: Iron Valiant\n|-boost|p2a: Iron Valiant|atk|2\n|\n|upkeep\n|turn|17\n|\n|t:|1701004117\n|move|p2a: Iron Valiant|Swords Dance|p2a: Iron Valiant\n|-boost|p2a: Iron Valiant|atk|2\n|move|p1a: Corviknight|U-turn|p2a: Iron Valiant\n|-resisted|p2a: Iron Valiant\n|-damage|p2a: Iron Valiant|96\/100\n|\n|t:|1701004127\n|switch|p1a: Alomomola|Alomomola, M|100\/100|[from] U-turn\n|\n|upkeep\n|turn|18\n|\n|t:|1701004132\n|move|p2a: Iron Valiant|Close Combat|p1a: Alomomola\n|-crit|p1a: Alomomola\n|-damage|p1a: Alomomola|0 fnt\n|-unboost|p2a: Iron Valiant|def|1\n|-unboost|p2a: Iron Valiant|spd|1\n|faint|p1a: Alomomola\n|\n|upkeep\n|\n|t:|1701004139\n|switch|p1a: Medicham|Medicham, F|100\/100\n|turn|19\n|\n|t:|1701004143\n|detailschange|p1a: Medicham|Medicham-Mega, F\n|-mega|p1a: Medicham|Medicham|Medichamite\n|-terastallize|p2a: Iron Valiant|Dark\n|move|p1a: Medicham|Fake Out|p2a: Iron Valiant\n|-damage|p2a: Iron Valiant|54\/100\n|cant|p2a: Iron Valiant|flinch\n|\n|upkeep\n|turn|20\n|inactive|umm... hedgehog? has 120 seconds left.\n|inactive|umm... hedgehog? has 90 seconds left.\n|\n|t:|1701004207\n|switch|p1a: Sinistcha|Sinistcha|90\/100\n|move|p2a: Iron Valiant|Knock Off|p1a: Sinistcha\n|-supereffective|p1a: Sinistcha\n|-crit|p1a: Sinistcha\n|-damage|p1a: Sinistcha|0 fnt\n|-enditem|p1a: Sinistcha|Leftovers|[from] move: Knock Off|[of] p2a: Iron Valiant\n|faint|p1a: Sinistcha\n|\n|upkeep\n|inactive|umm... hedgehog? has 90 seconds left.\n|\n|t:|1701004216\n|switch|p1a: Medicham|Medicham-Mega, F|100\/100\n|turn|21\n|\n|t:|1701004219\n|move|p1a: Medicham|Fake Out|p2a: Iron Valiant\n|-damage|p2a: Iron Valiant|9\/100\n|cant|p2a: Iron Valiant|flinch\n|\n|upkeep\n|turn|22\n|\n|t:|1701004225\n|move|p1a: Medicham|Bullet Punch|p2a: Iron Valiant\n|-damage|p2a: Iron Valiant|0 fnt\n|faint|p2a: Iron Valiant\n|-end|p2a: Iron Valiant|Quark Drive|[silent]\n|\n|upkeep\n|\n|t:|1701004229\n|switch|p2a: Moltres|Moltres|100\/100\n|turn|23\n|\n|t:|1701004242\n|move|p1a: Medicham|Zen Headbutt|p2a: Moltres\n|-damage|p2a: Moltres|55\/100\n|move|p2a: Moltres|U-turn|p1a: Medicham\n|-damage|p1a: Medicham|77\/100\n|\n|t:|1701004248\n|switch|p2a: Samurott|Samurott-Hisui, F|32\/100|[from] U-turn\n|\n|upkeep\n|turn|24\n|\n|t:|1701004254\n|switch|p1a: Corviknight|Corviknight, M|100\/100\n|-ability|p1a: Corviknight|Pressure\n|move|p2a: Samurott|Ceaseless Edge|p1a: Corviknight\n|-crit|p1a: Corviknight\n|-damage|p1a: Corviknight|57\/100\n|-sidestart|p1: umm... hedgehog?|Spikes\n|\n|-heal|p1a: Corviknight|63\/100|[from] item: Leftovers\n|upkeep\n|turn|25\n|\n|t:|1701004264\n|move|p2a: Samurott|Ceaseless Edge|p1a: Corviknight\n|-damage|p1a: Corviknight|33\/100\n|-sidestart|p1: umm... hedgehog?|Spikes\n|move|p1a: Corviknight|Body Press|p2a: Samurott\n|-supereffective|p2a: Samurott\n|-damage|p2a: Samurott|0 fnt\n|faint|p2a: Samurott\n|\n|-heal|p1a: Corviknight|39\/100|[from] item: Leftovers\n|upkeep\n|\n|t:|1701004270\n|switch|p2a: Kartana|Kartana|100\/100\n|turn|26\n|\n|t:|1701004277\n|move|p2a: Kartana|Sacred Sword|p1a: Corviknight\n|-damage|p1a: Corviknight|13\/100\n|move|p1a: Corviknight|Roost|p1a: Corviknight\n|-heal|p1a: Corviknight|63\/100\n|-singleturn|p1a: Corviknight|move: Roost\n|\n|-heal|p1a: Corviknight|69\/100|[from] item: Leftovers\n|upkeep\n|turn|27\n|\n|t:|1701004287\n|move|p2a: Kartana|Swords Dance|p2a: Kartana\n|-boost|p2a: Kartana|atk|2\n|move|p1a: Corviknight|Defog|p2a: Kartana\n|-unboost|p2a: Kartana|evasion|1\n|-sideend|p1: umm... hedgehog?|Spikes|[from] move: Defog|[of] p1a: Corviknight\n|\n|-heal|p1a: Corviknight|75\/100|[from] item: Leftovers\n|upkeep\n|turn|28\n|\n|t:|1701004297\n|switch|p2a: Moltres|Moltres|55\/100\n|move|p1a: Corviknight|Body Press|p2a: Moltres\n|-resisted|p2a: Moltres\n|-damage|p2a: Moltres|47\/100\n|-status|p1a: Corviknight|brn|[from] ability: Flame Body|[of] p2a: Moltres\n|\n|-heal|p1a: Corviknight|81\/100 brn|[from] item: Leftovers\n|-damage|p1a: Corviknight|75\/100 brn|[from] brn\n|upkeep\n|turn|29\n|inactive|RAFSAFAIZ has 120 seconds left.\n|inactive|RAFSAFAIZ has 90 seconds left.\n|inactive|RAFSAFAIZ has 60 seconds left.\n|inactive|RAFSAFAIZ has 30 seconds left.\n|inactive|RAFSAFAIZ has 20 seconds left.\n|inactive|RAFSAFAIZ has 15 seconds left.\n|inactive|RAFSAFAIZ has 10 seconds left.\n|inactive|RAFSAFAIZ has 5 seconds left.\n|-message|RAFSAFAIZ lost due to inactivity.\n|\n|win|umm... hedgehog?\n|raw|umm... hedgehog?'s rating: 1579 &rarr; <strong>1594<\/strong><br \/>(+15 for winning)\n|raw|RAFSAFAIZ's rating: 1497 &rarr; <strong>1482<\/strong><br \/>(-15 for losing)\n","uploadtime":1701004455,"views":1,"p1id":"ummhedgehog","p2id":"rafsafaiz","formatid":"gen9nationaldex","rating":1482,"private":0,"password":""}