{"id":"gen9nationaldex-1996860466","p1":"johim","p2":"tremendofettuccini","format":"[Gen 9] National Dex","log":"|html|<div class=\"broadcast-blue\"><strong>[Gen 9] National Dex is currently suspecting Sneasler! For information on how to participate check out the <a href=\"https:\/\/www.smogon.com\/forums\/threads\/sv-national-dex-suspect-8-just-dance.3731534\/\">suspect thread<\/a>.<\/strong><\/div>\n|j|\u2606johim\n|j|\u2606tremendofettuccini\n|t:|1700736727\n|gametype|singles\n|player|p1|johim|jogger|1159\n|player|p2|tremendofettuccini|265|1249\n|teamsize|p1|6\n|teamsize|p2|6\n|gen|9\n|tier|[Gen 9] National Dex\n|rated|\n|rule|HP Percentage Mod: HP is shown in percentages\n|rule|Endless Battle Clause: Forcing endless battles is banned\n|rule|OHKO Clause: OHKO moves are banned\n|rule|Evasion Clause: Evasion abilities, items, and moves are banned\n|rule|Evasion Abilities Clause: Evasion abilities are banned\n|rule|Evasion Items Clause: Evasion items are banned\n|rule|Evasion Moves Clause: Evasion moves are banned\n|rule|Species Clause: Limit one of each Pok\u00e9mon\n|rule|Sleep Clause Mod: Limit one foe put to sleep\n|clearpoke\n|poke|p1|Charizard, M|\n|poke|p1|Crobat, M|\n|poke|p1|Rhydon, M|\n|poke|p1|Cloyster, M|\n|poke|p1|Magneton|\n|poke|p1|Hitmonlee, M|\n|poke|p2|Cresselia, F|\n|poke|p2|Skarmory, M|\n|poke|p2|Toxapex, F|\n|poke|p2|Garganacl, M|\n|poke|p2|Gliscor, M|\n|poke|p2|Lopunny, F|\n|teampreview\n|inactive|Battle timer is ON: inactive players will automatically lose when time's up. (requested by tremendofettuccini)\n|\n|t:|1700736745\n|start\n|switch|p1a: Rhydon|Rhydon, M|100\/100\n|switch|p2a: Gliscor|Gliscor, M|100\/100\n|turn|1\n|\n|t:|1700736754\n|-terastallize|p1a: Rhydon|Water\n|move|p2a: Gliscor|Earthquake|p1a: Rhydon\n|-damage|p1a: Rhydon|83\/100\n|move|p1a: Rhydon|Swords Dance|p1a: Rhydon\n|-boost|p1a: Rhydon|atk|2\n|\n|-status|p2a: Gliscor|tox|[from] item: Toxic Orb\n|upkeep\n|turn|2\n|\n|t:|1700736766\n|switch|p2a: Toxapex|Toxapex, F|100\/100\n|move|p1a: Rhydon|Ice Punch|p2a: Toxapex\n|-resisted|p2a: Toxapex\n|-damage|p2a: Toxapex|83\/100\n|-status|p2a: Toxapex|frz\n|\n|upkeep\n|turn|3\n|c|\u2606tremendofettuccini|ayooooooo\n|\n|t:|1700736789\n|move|p1a: Rhydon|Earthquake|p2a: Toxapex\n|-supereffective|p2a: Toxapex\n|-damage|p2a: Toxapex|0 fnt\n|faint|p2a: Toxapex\n|\n|upkeep\n|\n|t:|1700736796\n|switch|p2a: Cresselia|Cresselia, F|100\/100\n|turn|4\n|\n|t:|1700736801\n|move|p2a: Cresselia|Toxic|p1a: Rhydon|[miss]\n|-miss|p2a: Cresselia|p1a: Rhydon\n|move|p1a: Rhydon|Stone Edge|p2a: Cresselia|[miss]\n|-miss|p1a: Rhydon|p2a: Cresselia\n|\n|upkeep\n|turn|5\n|\n|t:|1700736808\n|move|p2a: Cresselia|Toxic|p1a: Rhydon\n|-status|p1a: Rhydon|tox\n|move|p1a: Rhydon|Stone Edge|p2a: Cresselia|[miss]\n|-miss|p1a: Rhydon|p2a: Cresselia\n|\n|-damage|p1a: Rhydon|77\/100 tox|[from] psn\n|upkeep\n|turn|6\n|c|\u2606johim|0.4\n|c|\u2606johim|%\n|\n|t:|1700736823\n|move|p2a: Cresselia|Psychic|p1a: Rhydon\n|-damage|p1a: Rhydon|58\/100 tox\n|move|p1a: Rhydon|Stone Edge|p2a: Cresselia\n|-damage|p2a: Cresselia|20\/100\n|\n|-damage|p1a: Rhydon|46\/100 tox|[from] psn\n|upkeep\n|turn|7\n|\n|t:|1700736835\n|move|p2a: Cresselia|Moonlight|p2a: Cresselia\n|-heal|p2a: Cresselia|70\/100\n|move|p1a: Rhydon|Ice Punch|p2a: Cresselia\n|-damage|p2a: Cresselia|30\/100\n|\n|-damage|p1a: Rhydon|28\/100 tox|[from] psn\n|upkeep\n|turn|8\n|\n|t:|1700736847\n|move|p2a: Cresselia|Moonlight|p2a: Cresselia\n|-heal|p2a: Cresselia|80\/100\n|move|p1a: Rhydon|Stone Edge|p2a: Cresselia|[miss]\n|-miss|p1a: Rhydon|p2a: Cresselia\n|\n|-damage|p1a: Rhydon|4\/100 tox|[from] psn\n|upkeep\n|turn|9\n|\n|t:|1700736858\n|move|p2a: Cresselia|Ice Beam|p1a: Rhydon\n|-resisted|p1a: Rhydon\n|-damage|p1a: Rhydon|0 fnt\n|faint|p1a: Rhydon\n|\n|upkeep\n|\n|t:|1700736878\n|switch|p1a: Magneton|Magneton|100\/100\n|turn|10\n|\n|t:|1700736894\n|switch|p2a: Gliscor|Gliscor, M|100\/100 tox\n|move|p1a: Magneton|Confuse Ray|p2a: Gliscor\n|-start|p2a: Gliscor|confusion\n|\n|upkeep\n|turn|11\n|\n|t:|1700736901\n|switch|p1a: Charizard|Charizard, M|100\/100\n|-activate|p2a: Gliscor|confusion\n|move|p2a: Gliscor|Earthquake|p1a: Charizard\n|-immune|p1a: Charizard\n|\n|upkeep\n|turn|12\n|\n|t:|1700736910\n|detailschange|p1a: Charizard|Charizard-Mega-Y, M\n|-mega|p1a: Charizard|Charizard|Charizardite Y\n|-weather|SunnyDay|[from] ability: Drought|[of] p1a: Charizard\n|move|p1a: Charizard|Fire Blast|p2a: Gliscor\n|-damage|p2a: Gliscor|0 fnt\n|faint|p2a: Gliscor\n|\n|-weather|SunnyDay|[upkeep]\n|upkeep\n|\n|t:|1700736922\n|switch|p2a: Garganacl|Garganacl, M|100\/100\n|turn|13\n|\n|t:|1700736930\n|move|p1a: Charizard|Solar Beam||[still]\n|-prepare|p1a: Charizard|Solar Beam\n|-anim|p1a: Charizard|Solar Beam|p2a: Garganacl\n|-supereffective|p2a: Garganacl\n|-damage|p2a: Garganacl|36\/100\n|move|p2a: Garganacl|Salt Cure|p1a: Charizard\n|-supereffective|p1a: Charizard\n|-damage|p1a: Charizard|22\/100\n|-start|p1a: Charizard|Salt Cure\n|\n|-weather|SunnyDay|[upkeep]\n|-heal|p2a: Garganacl|42\/100|[from] item: Leftovers\n|-damage|p1a: Charizard|10\/100|[from] Salt Cure\n|upkeep\n|turn|14\n|\n|t:|1700736943\n|switch|p1a: Magneton|Magneton|100\/100\n|switch|p2a: Cresselia|Cresselia, F|80\/100\n|\n|-weather|SunnyDay|[upkeep]\n|upkeep\n|turn|15\n|\n|t:|1700736952\n|switch|p2a: Lopunny|Lopunny, F|100\/100\n|move|p1a: Magneton|Confuse Ray|p2a: Lopunny\n|-start|p2a: Lopunny|confusion\n|\n|-weather|SunnyDay|[upkeep]\n|upkeep\n|turn|16\n|\n|t:|1700736961\n|switch|p2a: Garganacl|Garganacl, M|42\/100\n|move|p1a: Magneton|Thunder Wave|p2a: Garganacl\n|-immune|p2a: Garganacl|[from] ability: Purifying Salt\n|\n|-weather|none\n|-heal|p2a: Garganacl|49\/100|[from] item: Leftovers\n|upkeep\n|turn|17\n|\n|t:|1700736972\n|move|p1a: Magneton|Flash Cannon|p2a: Garganacl\n|-supereffective|p2a: Garganacl\n|-crit|p2a: Garganacl\n|-damage|p2a: Garganacl|0 fnt\n|faint|p2a: Garganacl\n|\n|upkeep\n|-message|tremendofettuccini forfeited.\n|\n|win|johim\n|raw|johim's rating: 1159 &rarr; <strong>1190<\/strong><br \/>(+31 for winning)\n|raw|tremendofettuccini's rating: 1249 &rarr; <strong>1218<\/strong><br \/>(-31 for losing)\n|l|\u2606tremendofettuccini\n|c|\u2606johim|:)\n","uploadtime":1700737097,"views":3,"p1id":"johim","p2id":"tremendofettuccini","formatid":"gen9nationaldex","rating":1190,"private":0,"password":""}