{"id":"gen9nationaldex-1987356043","p1":"hackilla15","p2":"asalqfty4","format":"[Gen 9] National Dex","log":"|j|\u2606hackilla15\n|j|\u2606asalqfty4\n|t:|1699581184\n|gametype|singles\n|player|p1|hackilla15|ethan|1171\n|player|p2|asalqfty4|266|1168\n|teamsize|p1|6\n|teamsize|p2|6\n|gen|9\n|tier|[Gen 9] National Dex\n|rated|\n|rule|HP Percentage Mod: HP is shown in percentages\n|rule|Endless Battle Clause: Forcing endless battles is banned\n|rule|OHKO Clause: OHKO moves are banned\n|rule|Evasion Clause: Evasion abilities, items, and moves are banned\n|rule|Evasion Abilities Clause: Evasion abilities are banned\n|rule|Evasion Items Clause: Evasion items are banned\n|rule|Evasion Moves Clause: Evasion moves are banned\n|rule|Species Clause: Limit one of each Pok\u00e9mon\n|rule|Sleep Clause Mod: Limit one foe put to sleep\n|clearpoke\n|poke|p1|Sigilyph, M|\n|poke|p1|Morpeko, F|\n|poke|p1|Weavile, F|\n|poke|p1|Volcarona, F|\n|poke|p1|Slaking, M|\n|poke|p1|Vileplume, F|\n|poke|p2|Beedrill, M|\n|poke|p2|Clefable, M|\n|poke|p2|Toxapex, M|\n|poke|p2|Ferrothorn, F|\n|poke|p2|Heatran, F|\n|poke|p2|Zygarde-10%|\n|teampreview\n|\n|t:|1699581190\n|start\n|switch|p1a: Slaking|Slaking, M, shiny|100\/100\n|switch|p2a: Beedrill|Beedrill, M|100\/100\n|turn|1\n|\n|t:|1699581198\n|detailschange|p2a: Beedrill|Beedrill-Mega, M\n|-mega|p2a: Beedrill|Beedrill|Beedrillite\n|move|p2a: Beedrill|U-turn|p1a: Slaking\n|-damage|p1a: Slaking|64\/100\n|\n|t:|1699581201\n|switch|p2a: Ferrothorn|Ferrothorn, F|100\/100|[from] U-turn\n|move|p1a: Slaking|Encore||[still]\n|-fail|p1a: Slaking\n|\n|-heal|p1a: Slaking|70\/100|[from] item: Leftovers\n|upkeep\n|turn|2\n|\n|t:|1699581206\n|cant|p1a: Slaking|ability: Truant\n|move|p2a: Ferrothorn|Leech Seed|p1a: Slaking\n|-start|p1a: Slaking|move: Leech Seed\n|\n|-heal|p1a: Slaking|76\/100|[from] item: Leftovers\n|-damage|p1a: Slaking|64\/100|[from] Leech Seed|[of] p2a: Ferrothorn\n|upkeep\n|turn|3\n|\n|t:|1699581211\n|move|p1a: Slaking|Encore|p2a: Ferrothorn\n|-start|p2a: Ferrothorn|Encore\n|move|p2a: Ferrothorn|Leech Seed||[still]\n|-fail|p2a: Ferrothorn\n|\n|-heal|p1a: Slaking|70\/100|[from] item: Leftovers\n|-damage|p1a: Slaking|57\/100|[from] Leech Seed|[of] p2a: Ferrothorn\n|upkeep\n|turn|4\n|\n|t:|1699581215\n|switch|p1a: Vileplume|Vileplume, F, shiny|100\/100\n|move|p2a: Ferrothorn|Leech Seed|p1a: Vileplume\n|-immune|p1a: Vileplume\n|\n|upkeep\n|turn|5\n|\n|t:|1699581219\n|switch|p2a: Heatran|Heatran, F|100\/100\n|move|p1a: Vileplume|Strength Sap|p2a: Heatran\n|-unboost|p2a: Heatran|atk|1\n|\n|upkeep\n|turn|6\n|\n|t:|1699581226\n|switch|p1a: Slaking|Slaking, M, shiny|57\/100\n|move|p2a: Heatran|Magma Storm|p1a: Slaking|[miss]\n|-miss|p2a: Heatran|p1a: Slaking\n|\n|-heal|p1a: Slaking|64\/100|[from] item: Leftovers\n|upkeep\n|turn|7\n|\n|t:|1699581233\n|move|p2a: Heatran|Magma Storm|p1a: Slaking\n|-damage|p1a: Slaking|7\/100\n|-activate|p1a: Slaking|move: Magma Storm|[of] p2a: Heatran\n|move|p1a: Slaking|Earthquake|p2a: Heatran\n|-supereffective|p2a: Heatran\n|-damage|p2a: Heatran|0 fnt\n|faint|p2a: Heatran\n|\n|-heal|p1a: Slaking|13\/100|[from] item: Leftovers\n|-end|p1a: Slaking|Magma Storm|[partiallytrapped]|[silent]\n|upkeep\n|\n|t:|1699581247\n|switch|p2a: Beedrill|Beedrill-Mega, M|100\/100\n|turn|8\n|\n|t:|1699581255\n|switch|p1a: Vileplume|Vileplume, F, shiny|100\/100\n|move|p2a: Beedrill|Fell Stinger|p1a: Vileplume\n|-damage|p1a: Vileplume|69\/100\n|\n|-heal|p1a: Vileplume|75\/100|[from] item: Black Sludge\n|upkeep\n|turn|9\n|\n|t:|1699581261\n|move|p2a: Beedrill|U-turn|p1a: Vileplume\n|-damage|p1a: Vileplume|36\/100\n|\n|t:|1699581267\n|switch|p2a: Toxapex|Toxapex, M|100\/100|[from] U-turn\n|move|p1a: Vileplume|Strength Sap|p2a: Toxapex\n|-unboost|p2a: Toxapex|atk|1\n|-heal|p1a: Vileplume|69\/100\n|\n|-heal|p1a: Vileplume|75\/100|[from] item: Black Sludge\n|upkeep\n|turn|10\n|\n|t:|1699581271\n|move|p1a: Vileplume|Leech Seed|p2a: Toxapex\n|-start|p2a: Toxapex|move: Leech Seed\n|move|p2a: Toxapex|Toxic Spikes|p1a: Vileplume\n|-sidestart|p1: hackilla15|move: Toxic Spikes\n|\n|-heal|p1a: Vileplume|81\/100|[from] item: Black Sludge\n|-damage|p2a: Toxapex|88\/100|[from] Leech Seed|[of] p1a: Vileplume\n|-heal|p1a: Vileplume|91\/100|[silent]\n|upkeep\n|turn|11\n|\n|t:|1699581277\n|move|p1a: Vileplume|Strength Sap|p2a: Toxapex\n|-unboost|p2a: Toxapex|atk|1\n|-heal|p1a: Vileplume|100\/100\n|move|p2a: Toxapex|Toxic Spikes|p1a: Vileplume\n|-sidestart|p1: hackilla15|move: Toxic Spikes\n|\n|-heal|p2a: Toxapex|94\/100|[from] item: Leftovers\n|-damage|p2a: Toxapex|82\/100|[from] Leech Seed|[of] p1a: Vileplume\n|upkeep\n|turn|12\n|\n|t:|1699581291\n|switch|p2a: Ferrothorn|Ferrothorn, F|100\/100\n|move|p1a: Vileplume|Strength Sap|p2a: Ferrothorn\n|-unboost|p2a: Ferrothorn|atk|1\n|\n|upkeep\n|turn|13\n|\n|t:|1699581297\n|switch|p1a: Volcarona|Volcarona, F, shiny|100\/100\n|move|p2a: Ferrothorn|Stealth Rock|p1a: Volcarona\n|-sidestart|p1: hackilla15|move: Stealth Rock\n|\n|upkeep\n|turn|14\n|\n|t:|1699581301\n|-terastallize|p1a: Volcarona|Grass\n|move|p1a: Volcarona|Quiver Dance|p1a: Volcarona\n|-boost|p1a: Volcarona|spa|1\n|-boost|p1a: Volcarona|spd|1\n|-boost|p1a: Volcarona|spe|1\n|move|p2a: Ferrothorn|Leech Seed|p1a: Volcarona\n|-immune|p1a: Volcarona\n|\n|upkeep\n|turn|15\n|\n|t:|1699581306\n|switch|p2a: Clefable|Clefable, M|100\/100\n|move|p1a: Volcarona|Quiver Dance|p1a: Volcarona\n|-boost|p1a: Volcarona|spa|1\n|-boost|p1a: Volcarona|spd|1\n|-boost|p1a: Volcarona|spe|1\n|\n|upkeep\n|turn|16\n|\n|t:|1699581312\n|move|p1a: Volcarona|Fiery Dance|p2a: Clefable\n|-damage|p2a: Clefable|26\/100\n|-boost|p1a: Volcarona|spa|1\n|move|p2a: Clefable|Moonblast|p1a: Volcarona\n|-damage|p1a: Volcarona|84\/100\n|\n|-heal|p2a: Clefable|32\/100|[from] item: Leftovers\n|upkeep\n|turn|17\n|\n|t:|1699581315\n|move|p1a: Volcarona|Fiery Dance|p2a: Clefable\n|-damage|p2a: Clefable|0 fnt\n|-boost|p1a: Volcarona|spa|1\n|faint|p2a: Clefable\n|\n|upkeep\n|\n|t:|1699581318\n|switch|p2a: Toxapex|Toxapex, M|100\/100\n|turn|18\n|\n|t:|1699581322\n|move|p1a: Volcarona|Giga Drain|p2a: Toxapex\n|-damage|p2a: Toxapex|0 fnt\n|-heal|p1a: Volcarona|100\/100|[from] drain|[of] p2a: Toxapex\n|faint|p2a: Toxapex\n|\n|upkeep\n|\n|t:|1699581325\n|switch|p2a: Zygarde|Zygarde-10%|100\/100\n|-ability|p2a: Zygarde|Aura Break\n|turn|19\n|\n|t:|1699581330\n|-terastallize|p2a: Zygarde|Normal\n|move|p2a: Zygarde|Extreme Speed|p1a: Volcarona\n|-damage|p1a: Volcarona|44\/100\n|-status|p2a: Zygarde|brn|[from] ability: Flame Body|[of] p1a: Volcarona\n|move|p1a: Volcarona|Giga Drain|p2a: Zygarde\n|-damage|p2a: Zygarde|0 fnt\n|-heal|p1a: Volcarona|82\/100|[from] drain|[of] p2a: Zygarde\n|faint|p2a: Zygarde\n|\n|upkeep\n|-message|asalqfty4 forfeited.\n|\n|win|hackilla15\n|raw|hackilla15's rating: 1171 &rarr; <strong>1196<\/strong><br \/>(+25 for winning)\n|raw|asalqfty4's rating: 1168 &rarr; <strong>1143<\/strong><br \/>(-25 for losing)\n|l|\u2606asalqfty4\n","uploadtime":1699581344,"views":21,"p1id":"hackilla15","p2id":"asalqfty4","formatid":"gen9nationaldex","rating":1143,"private":0,"password":""}