{"id":"gen9nationaldex-1988496687","p1":"DeathRayKPK","p2":"Glass101","format":"[Gen 9] National Dex","log":"|j|\u2606DeathRayKPK\n|j|\u2606Glass101\n|t:|1699729215\n|gametype|singles\n|player|p1|DeathRayKPK|102|1353\n|player|p2|Glass101|169|1502\n|teamsize|p1|6\n|teamsize|p2|6\n|gen|9\n|tier|[Gen 9] National Dex\n|rated|\n|rule|HP Percentage Mod: HP is shown in percentages\n|rule|Endless Battle Clause: Forcing endless battles is banned\n|rule|OHKO Clause: OHKO moves are banned\n|rule|Evasion Clause: Evasion abilities, items, and moves are banned\n|rule|Evasion Abilities Clause: Evasion abilities are banned\n|rule|Evasion Items Clause: Evasion items are banned\n|rule|Evasion Moves Clause: Evasion moves are banned\n|rule|Species Clause: Limit one of each Pok\u00e9mon\n|rule|Sleep Clause Mod: Limit one foe put to sleep\n|clearpoke\n|poke|p1|Pelipper, M|\n|poke|p1|Salamence, F|\n|poke|p1|Scizor, F|\n|poke|p1|Barraskewda, F|\n|poke|p1|Xurkitree|\n|poke|p1|Gliscor, M|\n|poke|p2|Galvantula, F|\n|poke|p2|Ceruledge, M|\n|poke|p2|Toxapex, M|\n|poke|p2|Cresselia, F|\n|poke|p2|Kyurem|\n|poke|p2|Clodsire, M|\n|teampreview\n|\n|t:|1699729222\n|start\n|switch|p1a: Pelipper|Pelipper, M|100\/100\n|switch|p2a: Galvantula|Galvantula, F|100\/100\n|-weather|RainDance|[from] ability: Drizzle|[of] p1a: Pelipper\n|turn|1\n|inactive|Battle timer is ON: inactive players will automatically lose when time's up. (requested by Glass101)\n|\n|t:|1699729230\n|switch|p1a: Gliscor|Gliscor, M|100\/100\n|move|p2a: Galvantula|Thunder Wave|p1a: Gliscor\n|-immune|p1a: Gliscor\n|\n|-weather|RainDance|[upkeep]\n|-status|p1a: Gliscor|tox|[from] item: Toxic Orb\n|upkeep\n|turn|2\n|\n|t:|1699729239\n|move|p2a: Galvantula|Sticky Web|p1a: Gliscor\n|-sidestart|p1: DeathRayKPK|move: Sticky Web\n|move|p1a: Gliscor|Stealth Rock|p2a: Galvantula\n|-sidestart|p2: Glass101|move: Stealth Rock\n|\n|-weather|RainDance|[upkeep]\n|upkeep\n|turn|3\n|\n|t:|1699729246\n|switch|p2a: Kyurem|Kyurem, shiny|100\/100\n|-damage|p2a: Kyurem|76\/100|[from] Stealth Rock\n|-ability|p2a: Kyurem|Pressure\n|move|p1a: Gliscor|Earthquake|p2a: Kyurem\n|-damage|p2a: Kyurem|36\/100\n|\n|-weather|RainDance|[upkeep]\n|upkeep\n|turn|4\n|\n|t:|1699729256\n|switch|p1a: Scizor|Scizor, F|100\/100\n|-activate|p1a: Scizor|move: Sticky Web\n|-unboost|p1a: Scizor|spe|1\n|move|p2a: Kyurem|Freeze-Dry|p1a: Scizor\n|-resisted|p1a: Scizor\n|-damage|p1a: Scizor|70\/100\n|-damage|p2a: Kyurem|26\/100|[from] item: Life Orb\n|\n|-weather|RainDance|[upkeep]\n|upkeep\n|turn|5\n|\n|t:|1699729267\n|switch|p2a: Ceruledge|Ceruledge, M|100\/100\n|detailschange|p1a: Scizor|Scizor-Mega, F\n|-mega|p1a: Scizor|Scizor|Scizorite\n|move|p1a: Scizor|Bullet Punch|p2a: Ceruledge\n|-resisted|p2a: Ceruledge\n|-damage|p2a: Ceruledge|75\/100\n|\n|-weather|RainDance|[upkeep]\n|upkeep\n|turn|6\n|inactive|DeathRayKPK has 120 seconds left.\n|\n|t:|1699729313\n|switch|p1a: Pelipper|Pelipper, M|100\/100\n|move|p2a: Ceruledge|Substitute|p2a: Ceruledge\n|-start|p2a: Ceruledge|Substitute\n|-damage|p2a: Ceruledge|51\/100\n|\n|-weather|RainDance|[upkeep]\n|upkeep\n|turn|7\n|\n|t:|1699729319\n|move|p2a: Ceruledge|Swords Dance|p2a: Ceruledge\n|-boost|p2a: Ceruledge|atk|2\n|move|p1a: Pelipper|Scald|p2a: Ceruledge\n|-supereffective|p2a: Ceruledge\n|-end|p2a: Ceruledge|Substitute\n|\n|-weather|RainDance|[upkeep]\n|upkeep\n|turn|8\n|\n|t:|1699729329\n|-terastallize|p2a: Ceruledge|Grass\n|move|p2a: Ceruledge|Substitute|p2a: Ceruledge\n|-start|p2a: Ceruledge|Substitute\n|-damage|p2a: Ceruledge|26\/100\n|move|p1a: Pelipper|Scald|p2a: Ceruledge\n|-resisted|p2a: Ceruledge\n|-activate|p2a: Ceruledge|move: Substitute|[damage]\n|\n|-weather|none\n|upkeep\n|turn|9\n|inactive|DeathRayKPK has 120 seconds left.\n|\n|t:|1699729342\n|move|p2a: Ceruledge|Bitter Blade|p1a: Pelipper\n|-resisted|p1a: Pelipper\n|-damage|p1a: Pelipper|63\/100\n|-heal|p2a: Ceruledge|47\/100|[from] drain|[of] p1a: Pelipper\n|move|p1a: Pelipper|U-turn|p2a: Ceruledge\n|-supereffective|p2a: Ceruledge\n|-end|p2a: Ceruledge|Substitute\n|\n|t:|1699729353\n|switch|p1a: Salamence|Salamence, F|100\/100|[from] U-turn\n|-ability|p1a: Salamence|Intimidate|boost\n|-unboost|p2a: Ceruledge|atk|1\n|\n|upkeep\n|turn|10\n|\n|t:|1699729370\n|move|p1a: Salamence|Air Slash|p2a: Ceruledge\n|-supereffective|p2a: Ceruledge\n|-damage|p2a: Ceruledge|0 fnt\n|faint|p2a: Ceruledge\n|\n|upkeep\n|\n|t:|1699729374\n|switch|p2a: Galvantula|Galvantula, F|100\/100\n|-damage|p2a: Galvantula|76\/100|[from] Stealth Rock\n|turn|11\n|\n|t:|1699729395\n|move|p1a: Salamence|Air Slash|p2a: Galvantula\n|-damage|p2a: Galvantula|8\/100\n|cant|p2a: Galvantula|flinch\n|\n|upkeep\n|turn|12\n|inactive|Glass101 has 120 seconds left.\n|c|\u2606Glass101|Bro, this is the 2nd match where a random scarf mom using air slash flinched put my guy '-'\n|c|\u2606DeathRayKPK|F\n|c|\u2606Glass101|Last one had a samurott that did\n|\n|t:|1699729438\n|switch|p2a: Toxapex|Toxapex, M|100\/100\n|-damage|p2a: Toxapex|88\/100|[from] Stealth Rock\n|move|p1a: Salamence|Air Slash|p2a: Toxapex\n|-damage|p2a: Toxapex|56\/100\n|\n|upkeep\n|turn|13\n|-message|Glass101 forfeited.\n|\n|win|DeathRayKPK\n|raw|DeathRayKPK's rating: 1353 &rarr; <strong>1381<\/strong><br \/>(+28 for winning)\n|raw|Glass101's rating: 1502 &rarr; <strong>1474<\/strong><br \/>(-28 for losing)\n|l|\u2606Glass101\n|c|\u2606DeathRayKPK|samurott that made you flinch?\n|c|\u2606DeathRayKPK|how did that happen\n","uploadtime":1699729455,"views":12,"p1id":"deathraykpk","p2id":"glass101","formatid":"gen9nationaldex","rating":1381,"private":0,"password":""}