{"id":"gen9nationaldex-1996929750","p1":"King of Wyrms","p2":"AlastorTheOverlord","format":"[Gen 9] National Dex","log":"|html|<div class=\"broadcast-blue\"><strong>[Gen 9] National Dex is currently suspecting Sneasler! For information on how to participate check out the <a href=\"https:\/\/www.smogon.com\/forums\/threads\/sv-national-dex-suspect-8-just-dance.3731534\/\">suspect thread<\/a>.<\/strong><\/div>\n|j|\u2606King of Wyrms\n|j|\u2606AlastorTheOverlord\n|t:|1700746157\n|gametype|singles\n|player|p1|King of Wyrms|lance|1261\n|player|p2|AlastorTheOverlord|n|1221\n|teamsize|p1|6\n|teamsize|p2|6\n|gen|9\n|tier|[Gen 9] National Dex\n|rated|\n|rule|HP Percentage Mod: HP is shown in percentages\n|rule|Endless Battle Clause: Forcing endless battles is banned\n|rule|OHKO Clause: OHKO moves are banned\n|rule|Evasion Clause: Evasion abilities, items, and moves are banned\n|rule|Evasion Abilities Clause: Evasion abilities are banned\n|rule|Evasion Items Clause: Evasion items are banned\n|rule|Evasion Moves Clause: Evasion moves are banned\n|rule|Species Clause: Limit one of each Pok\u00e9mon\n|rule|Sleep Clause Mod: Limit one foe put to sleep\n|clearpoke\n|poke|p1|Zoroark, M|\n|poke|p1|Hitmonlee, M|\n|poke|p1|Banette, M|\n|poke|p1|Ferrothorn, M|\n|poke|p1|Mew|\n|poke|p1|Gyarados, M|\n|poke|p2|Greninja-*, M|\n|poke|p2|Garchomp, M|\n|poke|p2|Chandelure, M|\n|poke|p2|Azumarill, M|\n|poke|p2|Aegislash, F|\n|poke|p2|Talonflame, M|\n|teampreview\n|inactive|Battle timer is ON: inactive players will automatically lose when time's up. (requested by AlastorTheOverlord)\n|inactive|AlastorTheOverlord has 120 seconds left.\n|\n|t:|1700746189\n|start\n|switch|p1a: Ferrothorn|Ferrothorn, M|100\/100\n|switch|p2a: Talonflame|Talonflame, M|100\/100\n|turn|1\n|\n|t:|1700746202\n|switch|p1a: Gyarados|Gyarados, M, shiny|100\/100\n|move|p2a: Talonflame|Flare Blitz|p1a: Gyarados\n|-resisted|p1a: Gyarados\n|-damage|p1a: Gyarados|72\/100\n|-damage|p2a: Talonflame|90\/100|[from] Recoil\n|\n|upkeep\n|turn|2\n|\n|t:|1700746210\n|move|p2a: Talonflame|Brave Bird|p1a: Gyarados\n|-damage|p1a: Gyarados|19\/100\n|-damage|p2a: Talonflame|71\/100|[from] Recoil\n|move|p1a: Gyarados|Dragon Dance|p1a: Gyarados\n|-boost|p1a: Gyarados|atk|1\n|-boost|p1a: Gyarados|spe|1\n|\n|upkeep\n|turn|3\n|\n|t:|1700746218\n|move|p1a: Gyarados|Waterfall|p2a: Talonflame\n|-supereffective|p2a: Talonflame\n|-damage|p2a: Talonflame|0 fnt\n|faint|p2a: Talonflame\n|-ability|p1a: Gyarados|Moxie|boost\n|-boost|p1a: Gyarados|atk|1\n|\n|upkeep\n|\n|t:|1700746225\n|switch|p2a: Aegislash|Aegislash, F|100\/100\n|turn|4\n|\n|t:|1700746234\n|-formechange|p2a: Aegislash|Aegislash-Blade||[from] ability: Stance Change\n|move|p2a: Aegislash|Shadow Sneak|p1a: Gyarados\n|-damage|p1a: Gyarados|0 fnt\n|faint|p1a: Gyarados\n|\n|upkeep\n|\n|t:|1700746242\n|switch|p1a: Ferrothorn|Ferrothorn, M|100\/100\n|turn|5\n|\n|t:|1700746246\n|move|p2a: Aegislash|Swords Dance|p2a: Aegislash\n|-boost|p2a: Aegislash|atk|2\n|move|p1a: Ferrothorn|Stealth Rock|p2a: Aegislash\n|-sidestart|p2: AlastorTheOverlord|move: Stealth Rock\n|\n|upkeep\n|turn|6\n|j| RedFRLG2004\n|\n|t:|1700746251\n|move|p2a: Aegislash|Swords Dance|p2a: Aegislash\n|-boost|p2a: Aegislash|atk|2\n|move|p1a: Ferrothorn|Leech Seed|p2a: Aegislash\n|-start|p2a: Aegislash|move: Leech Seed\n|\n|-damage|p2a: Aegislash|88\/100|[from] Leech Seed|[of] p1a: Ferrothorn\n|upkeep\n|turn|7\n|\n|t:|1700746258\n|move|p2a: Aegislash|Swords Dance|p2a: Aegislash\n|-boost|p2a: Aegislash|atk|2\n|move|p1a: Ferrothorn|Spikes|p2a: Aegislash\n|-sidestart|p2: AlastorTheOverlord|Spikes\n|\n|-heal|p2a: Aegislash|94\/100|[from] item: Leftovers\n|-damage|p2a: Aegislash|82\/100|[from] Leech Seed|[of] p1a: Ferrothorn\n|upkeep\n|turn|8\n|c| RedFRLG2004|Sacale la chucha\n|\n|t:|1700746265\n|move|p2a: Aegislash|Sacred Sword|p1a: Ferrothorn\n|-supereffective|p1a: Ferrothorn\n|-damage|p1a: Ferrothorn|0 fnt\n|-damage|p2a: Aegislash|70\/100|[from] ability: Iron Barbs|[of] p1a: Ferrothorn\n|-damage|p2a: Aegislash|53\/100|[from] item: Rocky Helmet|[of] p1a: Ferrothorn\n|faint|p1a: Ferrothorn\n|\n|-heal|p2a: Aegislash|59\/100|[from] item: Leftovers\n|upkeep\n|\n|t:|1700746281\n|switch|p1a: Banette|Banette, M|100\/100\n|turn|9\n|\n|t:|1700746286\n|detailschange|p1a: Banette|Banette-Mega, M\n|-mega|p1a: Banette|Banette|Banettite\n|move|p1a: Banette|Destiny Bond|p1a: Banette\n|-singlemove|p1a: Banette|Destiny Bond\n|move|p2a: Aegislash|Shadow Sneak|p1a: Banette\n|-supereffective|p1a: Banette\n|-damage|p1a: Banette|0 fnt\n|faint|p1a: Banette\n|-activate|p1a: Banette|move: Destiny Bond\n|faint|p2a: Aegislash\n|\n|upkeep\n|\n|t:|1700746302\n|switch|p1a: Mew|Mew, shiny|100\/100\n|switch|p2a: Azumarill|Azumarill, M|100\/100\n|-damage|p2a: Azumarill|88\/100|[from] Stealth Rock\n|-damage|p2a: Azumarill|76\/100|[from] Spikes\n|turn|10\n|\n|t:|1700746308\n|move|p1a: Mew|Cosmic Power|p1a: Mew\n|-boost|p1a: Mew|def|1\n|-boost|p1a: Mew|spd|1\n|move|p2a: Azumarill|Belly Drum|p2a: Azumarill\n|-damage|p2a: Azumarill|26\/100\n|-setboost|p2a: Azumarill|atk|6|[from] move: Belly Drum\n|-enditem|p2a: Azumarill|Sitrus Berry|[eat]\n|-heal|p2a: Azumarill|51\/100|[from] item: Sitrus Berry\n|\n|upkeep\n|turn|11\n|\n|t:|1700746318\n|move|p2a: Azumarill|Aqua Jet|p1a: Mew\n|-damage|p1a: Mew|40\/100\n|move|p1a: Mew|Cosmic Power|p1a: Mew\n|-boost|p1a: Mew|def|1\n|-boost|p1a: Mew|spd|1\n|\n|upkeep\n|turn|12\n|\n|t:|1700746323\n|move|p2a: Azumarill|Aqua Jet|p1a: Mew\n|-damage|p1a: Mew|0 fnt\n|faint|p1a: Mew\n|\n|upkeep\n|\n|t:|1700746328\n|switch|p1a: Hitmonlee|Hitmonlee, M|100\/100\n|turn|13\n|-message|King of Wyrms forfeited.\n|\n|win|AlastorTheOverlord\n|raw|King of Wyrms's rating: 1261 &rarr; <strong>1233<\/strong><br \/>(-28 for losing)\n|raw|AlastorTheOverlord's rating: 1221 &rarr; <strong>1249<\/strong><br \/>(+28 for winning)\n|l|\u2606King of Wyrms\n","uploadtime":1700746341,"views":1,"p1id":"kingofwyrms","p2id":"alastortheoverlord","formatid":"gen9nationaldex","rating":1233,"private":0,"password":""}