{"id":"gen9nationaldex-1994950504","p1":"Maxer59","p2":"P4NC4S","format":"[Gen 9] National Dex","log":"|html|<div class=\"broadcast-blue\"><strong>[Gen 9] National Dex is currently suspecting Sneasler! For information on how to participate check out the <a href=\"https:\/\/www.smogon.com\/forums\/threads\/sv-national-dex-suspect-8-just-dance.3731534\/\">suspect thread<\/a>.<\/strong><\/div>\n|j|\u2606Maxer59\n|j|\u2606P4NC4S\n|t:|1700507428\n|gametype|singles\n|player|p1|Maxer59|lucas|1224\n|player|p2|P4NC4S|169|1129\n|teamsize|p1|6\n|teamsize|p2|4\n|gen|9\n|tier|[Gen 9] National Dex\n|rated|\n|rule|HP Percentage Mod: HP is shown in percentages\n|rule|Endless Battle Clause: Forcing endless battles is banned\n|rule|OHKO Clause: OHKO moves are banned\n|rule|Evasion Clause: Evasion abilities, items, and moves are banned\n|rule|Evasion Abilities Clause: Evasion abilities are banned\n|rule|Evasion Items Clause: Evasion items are banned\n|rule|Evasion Moves Clause: Evasion moves are banned\n|rule|Species Clause: Limit one of each Pok\u00e9mon\n|rule|Sleep Clause Mod: Limit one foe put to sleep\n|clearpoke\n|poke|p1|Pikachu, F|\n|poke|p1|Kleavor, M|\n|poke|p1|Dragonite, F|\n|poke|p1|Gallade, M|\n|poke|p1|Crawdaunt, M|\n|poke|p1|Absol, M|\n|poke|p2|Slurpuff, F|\n|poke|p2|Lopunny, F|\n|poke|p2|Corsola-Galar, M|\n|poke|p2|Minior|\n|teampreview\n|inactive|Battle timer is ON: inactive players will automatically lose when time's up. (requested by Maxer59)\n|\n|t:|1700507447\n|start\n|switch|p1a: Fast rock|Kleavor, M|100\/100\n|switch|p2a: Minior|Minior|100\/100\n|-formechange|p2a: Minior|Minior-Meteor||[from] ability: Shields Down\n|turn|1\n|\n|t:|1700507452\n|move|p1a: Fast rock|Stone Axe|p2a: Minior\n|-supereffective|p2a: Minior\n|-damage|p2a: Minior|0 fnt\n|-sidestart|p2: P4NC4S|move: Stealth Rock\n|faint|p2a: Minior\n|\n|upkeep\n|\n|t:|1700507465\n|switch|p2a: Slurpuff|Slurpuff, F|100\/100\n|-damage|p2a: Slurpuff|88\/100|[from] Stealth Rock\n|turn|2\n|\n|t:|1700507469\n|move|p1a: Fast rock|Stone Axe|p2a: Slurpuff\n|-damage|p2a: Slurpuff|23\/100\n|-enditem|p2a: Slurpuff|Sitrus Berry|[eat]\n|-heal|p2a: Slurpuff|48\/100|[from] item: Sitrus Berry\n|move|p2a: Slurpuff|Belly Drum||[still]\n|-fail|p2a: Slurpuff\n|\n|upkeep\n|turn|3\n|\n|t:|1700507487\n|move|p2a: Slurpuff|Drain Punch|p1a: Fast rock\n|-damage|p1a: Fast rock|75\/100\n|-heal|p2a: Slurpuff|59\/100|[from] drain|[of] p1a: Fast rock\n|move|p1a: Fast rock|Stone Axe|p2a: Slurpuff\n|-damage|p2a: Slurpuff|0 fnt\n|faint|p2a: Slurpuff\n|\n|upkeep\n|\n|t:|1700507490\n|switch|p2a: Lopunny|Lopunny, F|100\/100\n|-damage|p2a: Lopunny|88\/100|[from] Stealth Rock\n|turn|4\n|\n|t:|1700507493\n|detailschange|p2a: Lopunny|Lopunny-Mega, F\n|-mega|p2a: Lopunny|Lopunny|Lopunnite\n|move|p2a: Lopunny|Power-Up Punch|p1a: Fast rock\n|-damage|p1a: Fast rock|49\/100\n|-boost|p2a: Lopunny|atk|1\n|move|p1a: Fast rock|Stone Axe|p2a: Lopunny|[miss]\n|-miss|p1a: Fast rock|p2a: Lopunny\n|\n|upkeep\n|turn|5\n|\n|t:|1700507499\n|move|p2a: Lopunny|Triple Axel|p1a: Fast rock\n|-damage|p1a: Fast rock|34\/100\n|-damage|p1a: Fast rock|6\/100\n|-crit|p1a: Fast rock\n|-damage|p1a: Fast rock|0 fnt\n|faint|p1a: Fast rock\n|-hitcount|p1: Fast rock|3\n|\n|upkeep\n|\n|t:|1700507505\n|switch|p1a: PikaGOD|Pikachu, F|100\/100\n|turn|6\n|\n|t:|1700507516\n|-terastallize|p1a: PikaGOD|Normal\n|move|p1a: PikaGOD|Fake Out|p2a: Lopunny\n|-damage|p2a: Lopunny|50\/100\n|cant|p2a: Lopunny|flinch\n|\n|upkeep\n|turn|7\n|\n|t:|1700507521\n|move|p1a: PikaGOD|Extreme Speed|p2a: Lopunny\n|-damage|p2a: Lopunny|0 fnt\n|faint|p2a: Lopunny\n|\n|upkeep\n|\n|t:|1700507526\n|switch|p2a: Corsola|Corsola-Galar, M|100\/100\n|-damage|p2a: Corsola|88\/100|[from] Stealth Rock\n|turn|8\n|\n|t:|1700507530\n|move|p1a: PikaGOD|Volt Switch|p2a: Corsola\n|-damage|p2a: Corsola|72\/100\n|\n|t:|1700507533\n|switch|p1a: Emo|Absol, M|100\/100|[from] Volt Switch\n|move|p2a: Corsola|Will-O-Wisp|p1a: Emo|[miss]\n|-miss|p2a: Corsola|p1a: Emo\n|\n|upkeep\n|turn|9\n|\n|t:|1700507542\n|detailschange|p1a: Emo|Absol-Mega, M\n|-mega|p1a: Emo|Absol|Absolite\n|move|p1a: Emo|Knock Off|p2a: Corsola\n|-supereffective|p2a: Corsola\n|-damage|p2a: Corsola|1\/100\n|-start|p1a: Emo|Disable|Knock Off|[from] ability: Cursed Body|[of] p2a: Corsola\n|-enditem|p2a: Corsola|Eviolite|[from] move: Knock Off|[of] p1a: Emo\n|move|p2a: Corsola|Will-O-Wisp|p1a: Emo\n|move|p1a: Emo|Will-O-Wisp|p2a: Corsola|[from]ability: Magic Bounce\n|-status|p2a: Corsola|brn\n|\n|-damage|p2a: Corsola|0 fnt|[from] brn\n|faint|p2a: Corsola\n|\n|win|Maxer59\n|upkeep\n|raw|Maxer59's rating: 1224 &rarr; <strong>1242<\/strong><br \/>(+18 for winning)\n|raw|P4NC4S's rating: 1129 &rarr; <strong>1111<\/strong><br \/>(-18 for losing)\n|l|\u2606P4NC4S\n","uploadtime":1700507563,"views":3,"p1id":"maxer59","p2id":"p4nc4s","formatid":"gen9nationaldex","rating":1111,"private":0,"password":""}