{"id":"gen9nationaldex-1988963148","p1":"SpinjaOnNine","p2":"Pokemen266971","format":"[Gen 9] National Dex","log":"|j|\u2606SpinjaOnNine\n|j|\u2606Pokemen266971\n|t:|1699795295\n|gametype|singles\n|player|p1|SpinjaOnNine|gambler|1308\n|player|p2|Pokemen266971|lance|1308\n|teamsize|p1|6\n|teamsize|p2|6\n|gen|9\n|tier|[Gen 9] National Dex\n|rated|\n|rule|HP Percentage Mod: HP is shown in percentages\n|rule|Endless Battle Clause: Forcing endless battles is banned\n|rule|OHKO Clause: OHKO moves are banned\n|rule|Evasion Clause: Evasion abilities, items, and moves are banned\n|rule|Evasion Abilities Clause: Evasion abilities are banned\n|rule|Evasion Items Clause: Evasion items are banned\n|rule|Evasion Moves Clause: Evasion moves are banned\n|rule|Species Clause: Limit one of each Pok\u00e9mon\n|rule|Sleep Clause Mod: Limit one foe put to sleep\n|clearpoke\n|poke|p1|Ninetales-Alola, F|\n|poke|p1|Sandslash-Alola, F|\n|poke|p1|Talonflame, M|\n|poke|p1|Rotom-Wash|\n|poke|p1|Snorlax, M|\n|poke|p1|Dragonite, F|\n|poke|p2|Cloyster, M|\n|poke|p2|Polteageist-Antique|\n|poke|p2|Ninetales-Alola, F|\n|poke|p2|Corviknight, M|\n|poke|p2|Braviary-Hisui, M|\n|poke|p2|Milotic, F|\n|teampreview\n|inactive|Battle timer is ON: inactive players will automatically lose when time's up. (requested by Pokemen266971)\n|\n|t:|1699795304\n|start\n|switch|p1a: Rotom|Rotom-Wash|100\/100\n|switch|p2a: Milotic|Milotic, F|100\/100\n|turn|1\n|\n|t:|1699795312\n|move|p1a: Rotom|Volt Switch|p2a: Milotic\n|-supereffective|p2a: Milotic\n|-damage|p2a: Milotic|59\/100\n|\n|t:|1699795316\n|switch|p1a: Ninetales|Ninetales-Alola, F|100\/100|[from] Volt Switch\n|-weather|Snow|[from] ability: Snow Warning|[of] p1a: Ninetales\n|move|p2a: Milotic|Mirror Coat|p1a: Ninetales\n|-damage|p1a: Ninetales|0 fnt\n|faint|p1a: Ninetales\n|\n|-weather|Snow|[upkeep]\n|-status|p2a: Milotic|brn|[from] item: Flame Orb\n|upkeep\n|c|\u2606SpinjaOnNine|Fucking bitch\n|\n|t:|1699795336\n|switch|p1a: Dragonite|Dragonite, F|100\/100\n|turn|2\n|\n|t:|1699795345\n|move|p1a: Dragonite|Dragon Dance|p1a: Dragonite\n|-boost|p1a: Dragonite|atk|1\n|-boost|p1a: Dragonite|spe|1\n|move|p2a: Milotic|Recover|p2a: Milotic\n|-heal|p2a: Milotic|100\/100 brn\n|\n|-weather|Snow|[upkeep]\n|-damage|p2a: Milotic|94\/100 brn|[from] brn\n|upkeep\n|turn|3\n|\n|t:|1699795351\n|-terastallize|p1a: Dragonite|Dragon\n|move|p1a: Dragonite|Outrage|p2a: Milotic\n|-damage|p2a: Milotic|20\/100 brn\n|move|p2a: Milotic|Haze|p2a: Milotic\n|-clearallboost\n|\n|-weather|Snow|[upkeep]\n|-damage|p2a: Milotic|14\/100 brn|[from] brn\n|upkeep\n|turn|4\n|\n|t:|1699795357\n|move|p1a: Dragonite|Outrage|p2a: Milotic|[from]lockedmove\n|-damage|p2a: Milotic|0 fnt\n|faint|p2a: Milotic\n|\n|-weather|Snow|[upkeep]\n|upkeep\n|\n|t:|1699795360\n|switch|p2a: Ninetales|Ninetales-Alola, F|100\/100\n|turn|5\n|\n|t:|1699795362\n|move|p2a: Ninetales|Aurora Veil|p2a: Ninetales\n|-sidestart|p2: Pokemen266971|move: Aurora Veil\n|move|p1a: Dragonite|Outrage|p2a: Ninetales|[from]lockedmove\n|-immune|p2a: Ninetales\n|-start|p1a: Dragonite|confusion|[fatigue]\n|\n|-weather|none\n|upkeep\n|turn|6\n|\n|t:|1699795369\n|switch|p1a: Snorlax|Snorlax, M|100\/100\n|move|p2a: Ninetales|Moonblast|p1a: Snorlax\n|-damage|p1a: Snorlax|83\/100\n|\n|-heal|p1a: Snorlax|89\/100|[from] item: Leftovers\n|upkeep\n|turn|7\n|\n|t:|1699795379\n|switch|p2a: Corviknight|Corviknight, M, shiny|100\/100\n|move|p1a: Snorlax|Yawn|p2a: Corviknight\n|-start|p2a: Corviknight|move: Yawn|[of] p1a: Snorlax\n|\n|-heal|p1a: Snorlax|96\/100|[from] item: Leftovers\n|upkeep\n|turn|8\n|\n|t:|1699795385\n|switch|p2a: Braviary|Braviary-Hisui, M|100\/100\n|move|p1a: Snorlax|Crunch|p2a: Braviary\n|-supereffective|p2a: Braviary\n|-damage|p2a: Braviary|68\/100\n|\n|-heal|p1a: Snorlax|100\/100|[from] item: Leftovers\n|upkeep\n|turn|9\n|\n|t:|1699795405\n|switch|p2a: Corviknight|Corviknight, M, shiny|100\/100\n|move|p1a: Snorlax|Yawn|p2a: Corviknight\n|-start|p2a: Corviknight|move: Yawn|[of] p1a: Snorlax\n|\n|upkeep\n|turn|10\n|\n|t:|1699795417\n|move|p2a: Corviknight|Body Press|p1a: Snorlax\n|-supereffective|p1a: Snorlax\n|-damage|p1a: Snorlax|64\/100\n|move|p1a: Snorlax|Crunch|p2a: Corviknight\n|-damage|p2a: Corviknight|92\/100\n|-ability|p2a: Corviknight|Mirror Armor\n|-unboost|p1a: Snorlax|def|1\n|-damage|p1a: Snorlax|47\/100|[from] item: Rocky Helmet|[of] p2a: Corviknight\n|\n|-heal|p1a: Snorlax|53\/100|[from] item: Leftovers\n|-end|p2a: Corviknight|move: Yawn|[silent]\n|-status|p2a: Corviknight|slp\n|upkeep\n|turn|11\n|\n|t:|1699795425\n|switch|p1a: Dragonite|Dragonite, F, tera:Dragon|100\/100\n|cant|p2a: Corviknight|slp\n|\n|upkeep\n|turn|12\n|\n|t:|1699795440\n|move|p1a: Dragonite|Dragon Dance|p1a: Dragonite\n|-boost|p1a: Dragonite|atk|1\n|-boost|p1a: Dragonite|spe|1\n|cant|p2a: Corviknight|slp\n|\n|-sideend|p2: Pokemen266971|move: Aurora Veil\n|upkeep\n|turn|13\n|\n|t:|1699795445\n|move|p1a: Dragonite|Fire Punch|p2a: Corviknight\n|-supereffective|p2a: Corviknight\n|-damage|p2a: Corviknight|43\/100 slp\n|-damage|p1a: Dragonite|84\/100|[from] item: Rocky Helmet|[of] p2a: Corviknight\n|cant|p2a: Corviknight|slp\n|\n|-heal|p1a: Dragonite|90\/100|[from] item: Leftovers\n|upkeep\n|turn|14\n|\n|t:|1699795454\n|move|p1a: Dragonite|Fire Punch|p2a: Corviknight\n|-supereffective|p2a: Corviknight\n|-damage|p2a: Corviknight|0 fnt\n|-damage|p1a: Dragonite|74\/100|[from] item: Rocky Helmet|[of] p2a: Corviknight\n|faint|p2a: Corviknight\n|\n|-heal|p1a: Dragonite|80\/100|[from] item: Leftovers\n|upkeep\n|\n|t:|1699795458\n|switch|p2a: Cloyster|Cloyster, M, shiny|100\/100\n|turn|15\n|\n|t:|1699795479\n|-terastallize|p2a: Cloyster|Rock\n|move|p1a: Dragonite|Fire Punch|p2a: Cloyster\n|-resisted|p2a: Cloyster\n|-damage|p2a: Cloyster|86\/100\n|move|p2a: Cloyster|Shell Smash|p2a: Cloyster\n|-unboost|p2a: Cloyster|def|1\n|-unboost|p2a: Cloyster|spd|1\n|-boost|p2a: Cloyster|atk|2\n|-boost|p2a: Cloyster|spa|2\n|-boost|p2a: Cloyster|spe|2\n|-enditem|p2a: Cloyster|White Herb\n|-clearnegativeboost|p2a: Cloyster|[silent]\n|\n|-heal|p1a: Dragonite|86\/100|[from] item: Leftovers\n|upkeep\n|turn|16\n|\n|t:|1699795490\n|switch|p1a: Sandslash|Sandslash-Alola, F|100\/100\n|move|p2a: Cloyster|Icicle Spear|p1a: Sandslash\n|-resisted|p1a: Sandslash\n|-damage|p1a: Sandslash|95\/100\n|-resisted|p1a: Sandslash\n|-damage|p1a: Sandslash|89\/100\n|-resisted|p1a: Sandslash\n|-damage|p1a: Sandslash|83\/100\n|-resisted|p1a: Sandslash\n|-crit|p1a: Sandslash\n|-damage|p1a: Sandslash|75\/100\n|-resisted|p1a: Sandslash\n|-crit|p1a: Sandslash\n|-damage|p1a: Sandslash|66\/100\n|-hitcount|p1a: Sandslash|5\n|\n|upkeep\n|turn|17\n|\n|t:|1699795496\n|move|p2a: Cloyster|Drill Run|p1a: Sandslash\n|-supereffective|p1a: Sandslash\n|-damage|p1a: Sandslash|0 fnt\n|faint|p1a: Sandslash\n|\n|upkeep\n|\n|t:|1699795504\n|switch|p1a: Rotom|Rotom-Wash|100\/100\n|turn|18\n|\n|t:|1699795517\n|move|p2a: Cloyster|Rock Blast|p1a: Rotom\n|-damage|p1a: Rotom|73\/100\n|-damage|p1a: Rotom|45\/100\n|-damage|p1a: Rotom|19\/100\n|-damage|p1a: Rotom|0 fnt\n|faint|p1a: Rotom\n|-hitcount|p1: Rotom|4\n|\n|upkeep\n|\n|t:|1699795527\n|switch|p1a: Snorlax|Snorlax, M|53\/100\n|turn|19\n|\n|t:|1699795532\n|move|p2a: Cloyster|Rock Blast|p1a: Snorlax|[miss]\n|-miss|p2a: Cloyster|p1a: Snorlax\n|move|p1a: Snorlax|Yawn|p2a: Cloyster\n|-start|p2a: Cloyster|move: Yawn|[of] p1a: Snorlax\n|\n|-heal|p1a: Snorlax|59\/100|[from] item: Leftovers\n|upkeep\n|turn|20\n|\n|t:|1699795541\n|switch|p1a: Talonflame|Talonflame, M|100\/100\n|move|p2a: Cloyster|Rock Blast|p1a: Talonflame\n|-supereffective|p1a: Talonflame\n|-damage|p1a: Talonflame|0 fnt\n|faint|p1a: Talonflame\n|-hitcount|p1: Talonflame|1\n|\n|-end|p2a: Cloyster|move: Yawn|[silent]\n|-status|p2a: Cloyster|slp\n|upkeep\n|\n|t:|1699795546\n|switch|p1a: Dragonite|Dragonite, F, tera:Dragon|86\/100\n|turn|21\n|\n|t:|1699795554\n|cant|p2a: Cloyster|slp\n|move|p1a: Dragonite|Outrage|p2a: Cloyster\n|-damage|p2a: Cloyster|24\/100 slp\n|\n|-heal|p1a: Dragonite|92\/100|[from] item: Leftovers\n|upkeep\n|turn|22\n|\n|t:|1699795563\n|switch|p2a: Ninetales|Ninetales-Alola, F|100\/100\n|-weather|Snow|[from] ability: Snow Warning|[of] p2a: Ninetales\n|move|p1a: Dragonite|Outrage|p2a: Ninetales|[from]lockedmove\n|-immune|p2a: Ninetales\n|-start|p1a: Dragonite|confusion|[fatigue]\n|\n|-weather|Snow|[upkeep]\n|-heal|p1a: Dragonite|98\/100|[from] item: Leftovers\n|upkeep\n|turn|23\n|\n|t:|1699795572\n|switch|p1a: Snorlax|Snorlax, M|59\/100\n|move|p2a: Ninetales|Aurora Veil|p2a: Ninetales\n|-sidestart|p2: Pokemen266971|move: Aurora Veil\n|\n|-weather|Snow|[upkeep]\n|-heal|p1a: Snorlax|66\/100|[from] item: Leftovers\n|upkeep\n|turn|24\n|\n|t:|1699795583\n|switch|p2a: Braviary|Braviary-Hisui, M|68\/100\n|move|p1a: Snorlax|Yawn|p2a: Braviary\n|-start|p2a: Braviary|move: Yawn|[of] p1a: Snorlax\n|\n|-weather|Snow|[upkeep]\n|-heal|p1a: Snorlax|72\/100|[from] item: Leftovers\n|upkeep\n|turn|25\n|\n|t:|1699795593\n|move|p2a: Braviary|Psychic|p1a: Snorlax\n|-damage|p1a: Snorlax|37\/100\n|move|p1a: Snorlax|Crunch|p2a: Braviary\n|-supereffective|p2a: Braviary\n|-damage|p2a: Braviary|37\/100\n|\n|-weather|Snow|[upkeep]\n|-heal|p1a: Snorlax|43\/100|[from] item: Leftovers\n|-end|p2a: Braviary|move: Yawn|[silent]\n|-message|Sleep Clause Mod activated.\n|-hint|Sleep Clause Mod prevents players from putting more than one of their opponent's Pok\u00e9mon to sleep at a time\n|upkeep\n|turn|26\n|\n|t:|1699795603\n|move|p2a: Braviary|Psychic|p1a: Snorlax\n|-damage|p1a: Snorlax|5\/100\n|move|p1a: Snorlax|Crunch|p2a: Braviary\n|-supereffective|p2a: Braviary\n|-damage|p2a: Braviary|6\/100\n|\n|-weather|none\n|-heal|p1a: Snorlax|11\/100|[from] item: Leftovers\n|upkeep\n|turn|27\n|\n|t:|1699795614\n|switch|p1a: Dragonite|Dragonite, F, tera:Dragon|98\/100\n|move|p2a: Braviary|Psychic|p1a: Dragonite\n|-damage|p1a: Dragonite|48\/100\n|\n|-heal|p1a: Dragonite|55\/100|[from] item: Leftovers\n|upkeep\n|turn|28\n|\n|t:|1699795625\n|move|p2a: Braviary|Psychic|p1a: Dragonite\n|-damage|p1a: Dragonite|0 fnt\n|faint|p1a: Dragonite\n|\n|upkeep\n|\n|t:|1699795628\n|switch|p1a: Snorlax|Snorlax, M|11\/100\n|turn|29\n|-message|SpinjaOnNine forfeited.\n|\n|win|Pokemen266971\n|raw|SpinjaOnNine's rating: 1308 &rarr; <strong>1288<\/strong><br \/>(-20 for losing)\n|raw|Pokemen266971's rating: 1308 &rarr; <strong>1328<\/strong><br \/>(+20 for winning)\n","uploadtime":1699795325,"views":4,"p1id":"spinjaonnine","p2id":"pokemen266971","formatid":"gen9nationaldex","rating":1288,"private":0,"password":""}