{"id":"gen9nationaldex-1992498388","p1":"Tank Tests","p2":"losubaby","format":"[Gen 9] National Dex","log":"|j|\u2606Tank Tests\n|j|\u2606losubaby\n|t:|1700195335\n|gametype|singles\n|player|p1|Tank Tests|266|1341\n|player|p2|losubaby|cynthia|1309\n|teamsize|p1|6\n|teamsize|p2|6\n|gen|9\n|tier|[Gen 9] National Dex\n|rated|\n|rule|HP Percentage Mod: HP is shown in percentages\n|rule|Endless Battle Clause: Forcing endless battles is banned\n|rule|OHKO Clause: OHKO moves are banned\n|rule|Evasion Clause: Evasion abilities, items, and moves are banned\n|rule|Evasion Abilities Clause: Evasion abilities are banned\n|rule|Evasion Items Clause: Evasion items are banned\n|rule|Evasion Moves Clause: Evasion moves are banned\n|rule|Species Clause: Limit one of each Pok\u00e9mon\n|rule|Sleep Clause Mod: Limit one foe put to sleep\n|clearpoke\n|poke|p1|Pawmot, M|\n|poke|p1|Rabsca, F|\n|poke|p1|Banette, F|\n|poke|p1|Victini|\n|poke|p1|Dragonite, F|\n|poke|p1|Forretress, M|\n|poke|p2|Rillaboom, M|\n|poke|p2|Heatran, F|\n|poke|p2|Urshifu-*, M|\n|poke|p2|Slowking-Galar, F|\n|poke|p2|Thundurus-Therian, M|\n|poke|p2|Weezing-Galar, M|\n|teampreview\n|inactive|Battle timer is ON: inactive players will automatically lose when time's up. (requested by losubaby)\n|\n|t:|1700195351\n|start\n|switch|p1a: Victini|Victini|100\/100\n|switch|p2a: Heatran|Heatran, F|100\/100\n|turn|1\n|\n|t:|1700195358\n|move|p1a: Victini|Final Gambit|p2a: Heatran\n|-damage|p2a: Heatran|12\/100\n|faint|p1a: Victini\n|move|p2a: Heatran|Stealth Rock|p1: Victini\n|-sidestart|p1: Tank Tests|move: Stealth Rock\n|\n|-heal|p2a: Heatran|18\/100|[from] item: Leftovers\n|upkeep\n|\n|t:|1700195365\n|switch|p1a: Banette|Banette, F|100\/100\n|-damage|p1a: Banette|88\/100|[from] Stealth Rock\n|turn|2\n|\n|t:|1700195367\n|detailschange|p1a: Banette|Banette-Mega, F\n|-mega|p1a: Banette|Banette|Banettite\n|move|p1a: Banette|Poltergeist|p2a: Heatran\n|-activate|p2a: Heatran|move: Poltergeist|Leftovers\n|-damage|p2a: Heatran|0 fnt\n|faint|p2a: Heatran\n|\n|upkeep\n|\n|t:|1700195384\n|switch|p2a: Thundurus|Thundurus-Therian, M|100\/100\n|turn|3\n|\n|t:|1700195392\n|move|p1a: Banette|Destiny Bond|p1a: Banette\n|-singlemove|p1a: Banette|Destiny Bond\n|move|p2a: Thundurus|Thunderbolt|p1a: Banette\n|-damage|p1a: Banette|0 fnt\n|faint|p1a: Banette\n|-activate|p1a: Banette|move: Destiny Bond\n|faint|p2a: Thundurus\n|\n|upkeep\n|\n|t:|1700195398\n|switch|p2a: Slowking|Slowking-Galar, F|100\/100\n|switch|p1a: Forretress|Forretress, M|100\/100\n|turn|4\n|\n|t:|1700195403\n|move|p1a: Forretress|Rapid Spin|p2a: Slowking\n|-crit|p2a: Slowking\n|-damage|p2a: Slowking|87\/100\n|-boost|p1a: Forretress|spe|1\n|-sideend|p1: Tank Tests|Stealth Rock|[from] move: Rapid Spin|[of] p1a: Forretress\n|move|p2a: Slowking|Future Sight|p1a: Forretress\n|-start|p2a: Slowking|move: Future Sight\n|\n|upkeep\n|turn|5\n|\n|t:|1700195407\n|move|p1a: Forretress|Thunder Wave|p2a: Slowking\n|-status|p2a: Slowking|par\n|cant|p2a: Slowking|par\n|\n|upkeep\n|turn|6\n|\n|t:|1700195412\n|move|p1a: Forretress|Stealth Rock|p2a: Slowking\n|-sidestart|p2: losubaby|move: Stealth Rock\n|move|p2a: Slowking|Thunder Wave|p1a: Forretress\n|-status|p1a: Forretress|par\n|\n|-end|p1a: Forretress|move: Future Sight\n|-resisted|p1a: Forretress\n|-damage|p1a: Forretress|81\/100 par\n|upkeep\n|turn|7\n|\n|t:|1700195419\n|cant|p1a: Forretress|par\n|move|p2a: Slowking|Chilly Reception|p2a: Slowking\n|-weather|Snow\n|\n|t:|1700195428\n|switch|p2a: Urshifu|Urshifu-Rapid-Strike, M|100\/100|[from] Chilly Reception\n|-damage|p2a: Urshifu|94\/100|[from] Stealth Rock\n|\n|-weather|Snow|[upkeep]\n|upkeep\n|turn|8\n|\n|t:|1700195435\n|move|p2a: Urshifu|U-turn|p1a: Forretress\n|-resisted|p1a: Forretress\n|-damage|p1a: Forretress|67\/100 par\n|\n|t:|1700195437\n|switch|p2a: Weezing|Weezing-Galar, M|100\/100|[from] U-turn\n|-ability|p2a: Weezing|Neutralizing Gas\n|-damage|p2a: Weezing|88\/100|[from] Stealth Rock\n|move|p1a: Forretress|Thunder Wave|p2a: Weezing\n|-status|p2a: Weezing|par\n|\n|-weather|Snow|[upkeep]\n|-heal|p2a: Weezing|94\/100 par|[from] item: Leftovers\n|upkeep\n|turn|9\n|\n|t:|1700195442\n|move|p1a: Forretress|Explosion|p2a: Weezing\n|-damage|p2a: Weezing|63\/100 par\n|faint|p1a: Forretress\n|cant|p2a: Weezing|par\n|\n|-weather|Snow|[upkeep]\n|-heal|p2a: Weezing|69\/100 par|[from] item: Leftovers\n|upkeep\n|\n|t:|1700195451\n|switch|p1a: Rabsca|Rabsca, F|100\/100\n|turn|10\n|\n|t:|1700195458\n|move|p1a: Rabsca|Revival Blessing|p1a: Rabsca\n|-enditem|p1a: Rabsca|Leppa Berry|[eat]\n|-activate|p1a: Rabsca|item: Leppa Berry|Revival Blessing|[consumed]\n|\n|t:|1700195462\n|-heal|p1: Banette|50\/100|[from] move: Revival Blessing\n|move|p2a: Weezing|Strange Steam|p1a: Rabsca\n|-damage|p1a: Rabsca|75\/100\n|\n|-weather|Snow|[upkeep]\n|-heal|p2a: Weezing|75\/100 par|[from] item: Leftovers\n|upkeep\n|turn|11\n|\n|t:|1700195468\n|move|p1a: Rabsca|Revival Blessing|p1a: Rabsca\n|\n|t:|1700195471\n|-heal|p1: Victini|50\/100|[from] move: Revival Blessing\n|move|p2a: Weezing|Toxic Spikes|p1a: Rabsca\n|-sidestart|p1: Tank Tests|move: Toxic Spikes\n|\n|-weather|none\n|-heal|p2a: Weezing|81\/100 par|[from] item: Leftovers\n|upkeep\n|turn|12\n|\n|t:|1700195482\n|move|p1a: Rabsca|Extrasensory|p2a: Weezing\n|-supereffective|p2a: Weezing\n|-crit|p2a: Weezing\n|-damage|p2a: Weezing|0 fnt\n|faint|p2a: Weezing\n|-end|p2a: Weezing|ability: Neutralizing Gas\n|\n|upkeep\n|\n|t:|1700195491\n|switch|p2a: Rillaboom|Rillaboom, M|100\/100\n|-damage|p2a: Rillaboom|88\/100|[from] Stealth Rock\n|-fieldstart|move: Grassy Terrain|[from] ability: Grassy Surge|[of] p2a: Rillaboom\n|turn|13\n|\n|t:|1700195496\n|-terastallize|p2a: Rillaboom|Grass\n|move|p2a: Rillaboom|Grassy Glide|p1a: Rabsca\n|-resisted|p1a: Rabsca\n|-damage|p1a: Rabsca|42\/100\n|move|p1a: Rabsca|Bug Buzz|p2a: Rillaboom\n|-supereffective|p2a: Rillaboom\n|-crit|p2a: Rillaboom\n|-damage|p2a: Rillaboom|0 fnt\n|faint|p2a: Rillaboom\n|\n|-heal|p1a: Rabsca|48\/100|[from] Grassy Terrain\n|upkeep\n|\n|t:|1700195502\n|switch|p2a: Urshifu|Urshifu-Rapid-Strike, M|94\/100\n|-damage|p2a: Urshifu|88\/100|[from] Stealth Rock\n|turn|14\n|\n|t:|1700195506\n|move|p2a: Urshifu|Close Combat|p1a: Rabsca\n|-resisted|p1a: Rabsca\n|-damage|p1a: Rabsca|27\/100\n|-unboost|p2a: Urshifu|def|1\n|-unboost|p2a: Urshifu|spd|1\n|move|p1a: Rabsca|Memento|p2a: Urshifu\n|-unboost|p2a: Urshifu|atk|2\n|-unboost|p2a: Urshifu|spa|2\n|faint|p1a: Rabsca\n|\n|-heal|p2a: Urshifu|94\/100|[from] Grassy Terrain\n|upkeep\n|\n|t:|1700195511\n|switch|p1a: Dragonite|Dragonite, F|100\/100\n|turn|15\n|\n|t:|1700195515\n|switch|p2a: Slowking|Slowking-Galar, F|100\/100 par\n|move|p1a: Dragonite|Dragon Dance|p1a: Dragonite\n|-boost|p1a: Dragonite|atk|1\n|-boost|p1a: Dragonite|spe|1\n|\n|upkeep\n|turn|16\n|\n|t:|1700195520\n|move|p1a: Dragonite|Dragon Dance|p1a: Dragonite\n|-boost|p1a: Dragonite|atk|1\n|-boost|p1a: Dragonite|spe|1\n|move|p2a: Slowking|Future Sight|p1a: Dragonite\n|-start|p2a: Slowking|move: Future Sight\n|\n|upkeep\n|turn|17\n|\n|t:|1700195526\n|move|p1a: Dragonite|Earthquake|p2a: Slowking\n|-supereffective|p2a: Slowking\n|-damage|p2a: Slowking|40\/100 par\n|cant|p2a: Slowking|par\n|\n|-heal|p2a: Slowking|46\/100 par|[from] Grassy Terrain\n|-fieldend|move: Grassy Terrain\n|upkeep\n|turn|18\n|\n|t:|1700195533\n|-terastallize|p1a: Dragonite|Normal\n|move|p1a: Dragonite|Extreme Speed|p2a: Slowking\n|-damage|p2a: Slowking|0 fnt\n|faint|p2a: Slowking\n|\n|-end|p1a: Dragonite|move: Future Sight\n|-damage|p1a: Dragonite|76\/100\n|upkeep\n|\n|t:|1700195537\n|switch|p2a: Urshifu|Urshifu-Rapid-Strike, M|94\/100\n|-damage|p2a: Urshifu|88\/100|[from] Stealth Rock\n|turn|19\n|\n|t:|1700195546\n|move|p1a: Dragonite|Extreme Speed|p2a: Urshifu\n|-damage|p2a: Urshifu|0 fnt\n|faint|p2a: Urshifu\n|\n|win|Tank Tests\n|raw|Tank Tests's rating: 1341 &rarr; <strong>1359<\/strong><br \/>(+18 for winning)\n|raw|losubaby's rating: 1309 &rarr; <strong>1291<\/strong><br \/>(-18 for losing)\n|l|\u2606Tank Tests\n","uploadtime":1700195563,"views":11,"p1id":"tanktests","p2id":"losubaby","formatid":"gen9nationaldex","rating":1291,"private":0,"password":""}