{"id":"gen9nationaldex-1989295949","p1":"spylent6","p2":"FRIDGES_RUNNING","format":"[Gen 9] National Dex","log":"|j|\u2606spylent6\n|j|\u2606FRIDGES_RUNNING\n|t:|1699833137\n|gametype|singles\n|player|p1|spylent6|palmer|1207\n|player|p2|FRIDGES_RUNNING|266|1219\n|teamsize|p1|6\n|teamsize|p2|6\n|gen|9\n|tier|[Gen 9] National Dex\n|rated|\n|rule|HP Percentage Mod: HP is shown in percentages\n|rule|Endless Battle Clause: Forcing endless battles is banned\n|rule|OHKO Clause: OHKO moves are banned\n|rule|Evasion Clause: Evasion abilities, items, and moves are banned\n|rule|Evasion Abilities Clause: Evasion abilities are banned\n|rule|Evasion Items Clause: Evasion items are banned\n|rule|Evasion Moves Clause: Evasion moves are banned\n|rule|Species Clause: Limit one of each Pok\u00e9mon\n|rule|Sleep Clause Mod: Limit one foe put to sleep\n|clearpoke\n|poke|p1|Hatterene, F|\n|poke|p1|Porygon2|\n|poke|p1|Mawile, F|\n|poke|p1|Crawdaunt, F|\n|poke|p1|Cresselia, F|\n|poke|p1|Excadrill, F|\n|poke|p2|Greninja-*, M|\n|poke|p2|Forretress, M|\n|poke|p2|Liepard, F|\n|poke|p2|Chimecho, F|\n|poke|p2|Rotom-Heat|\n|poke|p2|Gliscor, M|\n|teampreview\n|inactive|Battle timer is ON: inactive players will automatically lose when time's up. (requested by FRIDGES_RUNNING)\n|inactive|spylent6 also wants the timer to be on.\n|\n|t:|1699833152\n|start\n|switch|p1a: Mawile|Mawile, F|100\/100\n|switch|p2a: Gliscor|Gliscor, M, shiny|100\/100\n|-ability|p1a: Mawile|Intimidate|boost\n|-unboost|p2a: Gliscor|atk|1\n|turn|1\n|\n|t:|1699833158\n|switch|p1a: Cresselia|Cresselia, F|100\/100\n|move|p2a: Gliscor|Substitute|p2a: Gliscor\n|-start|p2a: Gliscor|Substitute\n|-damage|p2a: Gliscor|76\/100\n|\n|-status|p2a: Gliscor|tox|[from] item: Toxic Orb\n|upkeep\n|turn|2\n|\n|t:|1699833166\n|move|p2a: Gliscor|Toxic|p1a: Cresselia\n|-status|p1a: Cresselia|tox\n|move|p1a: Cresselia|Moonblast|p2a: Gliscor\n|-activate|p2a: Gliscor|move: Substitute|[damage]\n|\n|-heal|p2a: Gliscor|88\/100 tox|[from] ability: Poison Heal\n|-damage|p1a: Cresselia|94\/100 tox|[from] psn\n|upkeep\n|turn|3\n|\n|t:|1699833178\n|switch|p1a: Excadrill|Excadrill, F|100\/100\n|-ability|p1a: Excadrill|Mold Breaker\n|move|p2a: Gliscor|Protect||[still]\n|-fail|p2a: Gliscor\n|\n|-heal|p2a: Gliscor|100\/100 tox|[from] ability: Poison Heal\n|upkeep\n|turn|4\n|\n|t:|1699833183\n|move|p2a: Gliscor|Earthquake|p1a: Excadrill\n|-supereffective|p1a: Excadrill\n|-damage|p1a: Excadrill|48\/100\n|move|p1a: Excadrill|Stealth Rock|p2a: Gliscor\n|-sidestart|p2: FRIDGES_RUNNING|move: Stealth Rock\n|\n|upkeep\n|turn|5\n|\n|t:|1699833190\n|-terastallize|p1a: Excadrill|Flying\n|move|p2a: Gliscor|Earthquake|p1a: Excadrill\n|-immune|p1a: Excadrill\n|move|p1a: Excadrill|Rapid Spin|p2a: Gliscor\n|-end|p2a: Gliscor|Substitute\n|-boost|p1a: Excadrill|spe|1\n|\n|upkeep\n|turn|6\n|\n|t:|1699833202\n|move|p1a: Excadrill|Rapid Spin|p2a: Gliscor\n|-damage|p2a: Gliscor|90\/100 tox\n|-boost|p1a: Excadrill|spe|1\n|move|p2a: Gliscor|Toxic|p1a: Excadrill\n|-status|p1a: Excadrill|tox\n|\n|-damage|p1a: Excadrill|41\/100 tox|[from] psn\n|-heal|p2a: Gliscor|100\/100 tox|[from] ability: Poison Heal\n|upkeep\n|turn|7\n|\n|t:|1699833215\n|switch|p1a: Porygon2|Porygon2|100\/100\n|-ability|p1a: Porygon2|Poison Heal|[from] ability: Trace|[of] p2a: Gliscor\n|move|p2a: Gliscor|Substitute|p2a: Gliscor\n|-start|p2a: Gliscor|Substitute\n|-damage|p2a: Gliscor|76\/100 tox\n|\n|-heal|p2a: Gliscor|88\/100 tox|[from] ability: Poison Heal\n|upkeep\n|turn|8\n|\n|t:|1699833217\n|move|p2a: Gliscor|Toxic|p1a: Porygon2\n|-status|p1a: Porygon2|tox\n|move|p1a: Porygon2|Ice Beam|p2a: Gliscor\n|-supereffective|p2a: Gliscor\n|-end|p2a: Gliscor|Substitute\n|\n|-heal|p2a: Gliscor|100\/100 tox|[from] ability: Poison Heal\n|upkeep\n|turn|9\n|\n|t:|1699833223\n|move|p2a: Gliscor|Protect|p2a: Gliscor\n|-singleturn|p2a: Gliscor|Protect\n|move|p1a: Porygon2|Ice Beam|p2a: Gliscor\n|-activate|p2a: Gliscor|move: Protect\n|\n|upkeep\n|turn|10\n|\n|t:|1699833232\n|switch|p2a: Forretress|Forretress, M, shiny|100\/100\n|-damage|p2a: Forretress|88\/100|[from] Stealth Rock\n|move|p1a: Porygon2|Trick Room|p1a: Porygon2\n|-fieldstart|move: Trick Room|[of] p1a: Porygon2\n|\n|-heal|p2a: Forretress|94\/100|[from] item: Leftovers\n|upkeep\n|turn|11\n|\n|t:|1699833236\n|switch|p1a: Mawile|Mawile, F|100\/100\n|-ability|p1a: Mawile|Intimidate|boost\n|-unboost|p2a: Forretress|atk|1\n|move|p2a: Forretress|Rapid Spin|p1a: Mawile\n|-resisted|p1a: Mawile\n|-damage|p1a: Mawile|96\/100\n|-boost|p2a: Forretress|spe|1\n|-sideend|p2: FRIDGES_RUNNING|Stealth Rock|[from] move: Rapid Spin|[of] p2a: Forretress\n|\n|-heal|p2a: Forretress|100\/100|[from] item: Leftovers\n|upkeep\n|turn|12\n|\n|t:|1699833240\n|switch|p2a: Gliscor|Gliscor, M, shiny|100\/100 tox\n|detailschange|p1a: Mawile|Mawile-Mega, F\n|-mega|p1a: Mawile|Mawile|Mawilite\n|move|p1a: Mawile|Fire Fang|p2a: Gliscor\n|-damage|p2a: Gliscor|68\/100 tox\n|\n|-heal|p2a: Gliscor|80\/100 tox|[from] ability: Poison Heal\n|upkeep\n|turn|13\n|\n|t:|1699833242\n|move|p1a: Mawile|Iron Head|p2a: Gliscor\n|-damage|p2a: Gliscor|19\/100 tox\n|cant|p2a: Gliscor|flinch\n|\n|-heal|p2a: Gliscor|32\/100 tox|[from] ability: Poison Heal\n|upkeep\n|turn|14\n|\n|t:|1699833246\n|move|p2a: Gliscor|Protect|p2a: Gliscor\n|-singleturn|p2a: Gliscor|Protect\n|move|p1a: Mawile|Iron Head|p2a: Gliscor\n|-activate|p2a: Gliscor|move: Protect\n|\n|-heal|p2a: Gliscor|44\/100 tox|[from] ability: Poison Heal\n|-fieldend|move: Trick Room\n|upkeep\n|turn|15\n|\n|t:|1699833253\n|switch|p2a: Rotom|Rotom-Heat, shiny|100\/100\n|switch|p1a: Porygon2|Porygon2|100\/100 tox\n|-ability|p1a: Porygon2|Levitate|[from] ability: Trace|[of] p2a: Rotom\n|\n|-damage|p1a: Porygon2|94\/100 tox|[from] psn\n|upkeep\n|turn|16\n|\n|t:|1699833263\n|switch|p2a: Forretress|Forretress, M, shiny|100\/100\n|move|p1a: Porygon2|Trick Room|p1a: Porygon2\n|-fieldstart|move: Trick Room|[of] p1a: Porygon2\n|\n|-damage|p1a: Porygon2|82\/100 tox|[from] psn\n|upkeep\n|turn|17\n|\n|t:|1699833265\n|move|p2a: Forretress|Spikes|p1a: Porygon2\n|-sidestart|p1: spylent6|Spikes\n|move|p1a: Porygon2|Teleport|p1a: Porygon2\n|\n|t:|1699833269\n|switch|p1a: Mawile|Mawile-Mega, F|96\/100|[from] Teleport\n|-damage|p1a: Mawile|84\/100|[from] Spikes\n|\n|upkeep\n|turn|18\n|\n|t:|1699833275\n|switch|p2a: Rotom|Rotom-Heat, shiny|100\/100\n|move|p1a: Mawile|Iron Head|p2a: Rotom\n|-resisted|p2a: Rotom\n|-damage|p2a: Rotom|80\/100\n|\n|-heal|p2a: Rotom|87\/100|[from] item: Leftovers\n|upkeep\n|turn|19\n|\n|t:|1699833282\n|switch|p1a: Excadrill|Excadrill, F, tera:Flying|41\/100 tox\n|-ability|p1a: Excadrill|Mold Breaker\n|move|p2a: Rotom|Will-O-Wisp||[still]\n|-fail|p2a: Rotom\n|\n|-heal|p2a: Rotom|93\/100|[from] item: Leftovers\n|-damage|p1a: Excadrill|35\/100 tox|[from] psn\n|upkeep\n|turn|20\n|\n|t:|1699833288\n|switch|p2a: Forretress|Forretress, M, shiny|100\/100\n|move|p1a: Excadrill|Rapid Spin|p2a: Forretress\n|-resisted|p2a: Forretress\n|-damage|p2a: Forretress|96\/100\n|-boost|p1a: Excadrill|spe|1\n|-sideend|p1: spylent6|Spikes|[from] move: Rapid Spin|[of] p1a: Excadrill\n|\n|-heal|p2a: Forretress|100\/100|[from] item: Leftovers\n|-damage|p1a: Excadrill|23\/100 tox|[from] psn\n|-fieldend|move: Trick Room\n|upkeep\n|turn|21\n|\n|t:|1699833294\n|move|p1a: Excadrill|Earthquake|p2a: Forretress\n|-damage|p2a: Forretress|73\/100\n|move|p2a: Forretress|Spikes|p1a: Excadrill\n|-sidestart|p1: spylent6|Spikes\n|\n|-heal|p2a: Forretress|80\/100|[from] item: Leftovers\n|-damage|p1a: Excadrill|5\/100 tox|[from] psn\n|upkeep\n|turn|22\n|\n|t:|1699833297\n|move|p1a: Excadrill|Rapid Spin|p2a: Forretress\n|-resisted|p2a: Forretress\n|-damage|p2a: Forretress|75\/100\n|-boost|p1a: Excadrill|spe|1\n|-sideend|p1: spylent6|Spikes|[from] move: Rapid Spin|[of] p1a: Excadrill\n|move|p2a: Forretress|Spikes|p1a: Excadrill\n|-sidestart|p1: spylent6|Spikes\n|\n|-heal|p2a: Forretress|82\/100|[from] item: Leftovers\n|-damage|p1a: Excadrill|0 fnt|[from] psn\n|faint|p1a: Excadrill\n|upkeep\n|\n|t:|1699833306\n|switch|p1a: Mawile|Mawile-Mega, F|84\/100\n|-damage|p1a: Mawile|71\/100|[from] Spikes\n|turn|23\n|\n|t:|1699833315\n|switch|p2a: Rotom|Rotom-Heat, shiny|93\/100\n|move|p1a: Mawile|Fire Fang|p2a: Rotom\n|-resisted|p2a: Rotom\n|-damage|p2a: Rotom|70\/100\n|\n|-heal|p2a: Rotom|76\/100|[from] item: Leftovers\n|upkeep\n|turn|24\n|\n|t:|1699833324\n|switch|p1a: Cresselia|Cresselia, F|94\/100 tox\n|move|p2a: Rotom|Will-O-Wisp||[still]\n|-fail|p2a: Rotom\n|\n|-heal|p2a: Rotom|82\/100|[from] item: Leftovers\n|-damage|p1a: Cresselia|88\/100 tox|[from] psn\n|upkeep\n|turn|25\n|\n|t:|1699833332\n|switch|p2a: Liepard|Liepard, F, shiny|100\/100\n|move|p1a: Cresselia|Trick Room|p1a: Cresselia\n|-fieldstart|move: Trick Room|[of] p1a: Cresselia\n|\n|-damage|p1a: Cresselia|76\/100 tox|[from] psn\n|upkeep\n|turn|26\n|\n|t:|1699833338\n|switch|p1a: Mawile|Mawile-Mega, F|71\/100\n|-damage|p1a: Mawile|59\/100|[from] Spikes\n|move|p2a: Liepard|Encore||[still]\n|-fail|p2a: Liepard\n|\n|upkeep\n|turn|27\n|\n|t:|1699833347\n|switch|p2a: Rotom|Rotom-Heat, shiny|82\/100\n|move|p1a: Mawile|Play Rough|p2a: Rotom\n|-resisted|p2a: Rotom\n|-damage|p2a: Rotom|33\/100\n|-unboost|p2a: Rotom|atk|1\n|\n|-heal|p2a: Rotom|39\/100|[from] item: Leftovers\n|upkeep\n|turn|28\n|\n|t:|1699833354\n|move|p1a: Mawile|Play Rough|p2a: Rotom\n|-resisted|p2a: Rotom\n|-damage|p2a: Rotom|0 fnt\n|faint|p2a: Rotom\n|\n|upkeep\n|\n|t:|1699833370\n|switch|p2a: Chimecho|Chimecho, F, shiny|100\/100\n|turn|29\n|\n|t:|1699833378\n|move|p1a: Mawile|Iron Head|p2a: Chimecho\n|-damage|p2a: Chimecho|11\/100\n|move|p2a: Chimecho|Wish|p2a: Chimecho\n|\n|-heal|p2a: Chimecho|17\/100|[from] item: Leftovers\n|-fieldend|move: Trick Room\n|upkeep\n|turn|30\n|\n|t:|1699833386\n|switch|p2a: Gliscor|Gliscor, M, shiny|44\/100 tox\n|move|p1a: Mawile|Iron Head|p2a: Gliscor\n|-damage|p2a: Gliscor|0 fnt\n|faint|p2a: Gliscor\n|\n|upkeep\n|\n|t:|1699833390\n|switch|p2a: Greninja|Greninja, M, shiny|100\/100\n|turn|31\n|\n|t:|1699833397\n|switch|p1a: Porygon2|Porygon2|82\/100 tox\n|-damage|p1a: Porygon2|70\/100 tox|[from] Spikes\n|-ability|p1a: Porygon2|Protean|[from] ability: Trace|[of] p2a: Greninja\n|move|p2a: Greninja|Scald|p1a: Porygon2\n|-start|p2a: Greninja|typechange|Water|[from] ability: Protean\n|-damage|p1a: Porygon2|45\/100 tox\n|\n|-damage|p1a: Porygon2|39\/100 tox|[from] psn\n|upkeep\n|turn|32\n|\n|t:|1699833405\n|switch|p2a: Chimecho|Chimecho, F, shiny|17\/100\n|move|p1a: Porygon2|Trick Room|p1a: Porygon2\n|-start|p1a: Porygon2|typechange|Psychic|[from] ability: Protean\n|-fieldstart|move: Trick Room|[of] p1a: Porygon2\n|\n|-heal|p2a: Chimecho|23\/100|[from] item: Leftovers\n|-damage|p1a: Porygon2|26\/100 tox|[from] psn\n|upkeep\n|turn|33\n|\n|t:|1699833407\n|move|p1a: Porygon2|Ice Beam|p2a: Chimecho\n|-damage|p2a: Chimecho|2\/100\n|move|p2a: Chimecho|Wish|p2a: Chimecho\n|\n|-heal|p2a: Chimecho|8\/100|[from] item: Leftovers\n|-damage|p1a: Porygon2|8\/100 tox|[from] psn\n|upkeep\n|turn|34\n|\n|t:|1699833417\n|switch|p2a: Forretress|Forretress, M, shiny|82\/100\n|move|p1a: Porygon2|Ice Beam|p2a: Forretress\n|-resisted|p2a: Forretress\n|-damage|p2a: Forretress|68\/100\n|\n|-heal|p2a: Forretress|100\/100|[from] move: Wish|[wisher] Chimecho\n|-damage|p1a: Porygon2|0 fnt|[from] psn\n|faint|p1a: Porygon2\n|upkeep\n|\n|t:|1699833420\n|switch|p1a: Mawile|Mawile-Mega, F|59\/100\n|-damage|p1a: Mawile|47\/100|[from] Spikes\n|turn|35\n|\n|t:|1699833433\n|move|p2a: Forretress|Gyro Ball|p1a: Mawile\n|-damage|p1a: Mawile|38\/100\n|move|p1a: Mawile|Fire Fang|p2a: Forretress\n|-supereffective|p2a: Forretress\n|-ability|p2a: Forretress|Sturdy\n|-damage|p2a: Forretress|1\/100\n|\n|-heal|p2a: Forretress|7\/100|[from] item: Leftovers\n|upkeep\n|turn|36\n|\n|t:|1699833440\n|move|p2a: Forretress|Explosion|p1a: Mawile\n|-resisted|p1a: Mawile\n|-damage|p1a: Mawile|14\/100\n|faint|p2a: Forretress\n|move|p1a: Mawile|Iron Head|p2: Forretress|[notarget]\n|-fail|p1a: Mawile\n|\n|-fieldend|move: Trick Room\n|upkeep\n|\n|t:|1699833444\n|switch|p2a: Greninja|Greninja, M, shiny|100\/100\n|turn|37\n|\n|t:|1699833455\n|switch|p1a: Cresselia|Cresselia, F|76\/100 tox\n|move|p2a: Greninja|Scald|p1a: Cresselia\n|-start|p2a: Greninja|typechange|Water|[from] ability: Protean\n|-damage|p1a: Cresselia|54\/100 tox\n|\n|-damage|p1a: Cresselia|48\/100 tox|[from] psn\n|upkeep\n|turn|38\n|\n|t:|1699833462\n|move|p2a: Greninja|Toxic Spikes|p1a: Cresselia\n|-sidestart|p1: spylent6|move: Toxic Spikes\n|move|p1a: Cresselia|Trick Room|p1a: Cresselia\n|-fieldstart|move: Trick Room|[of] p1a: Cresselia\n|\n|-damage|p1a: Cresselia|36\/100 tox|[from] psn\n|upkeep\n|turn|39\n|\n|t:|1699833465\n|move|p1a: Cresselia|Lunar Dance|p1a: Cresselia\n|faint|p1a: Cresselia\n|move|p2a: Greninja|Toxic Spikes|p1: Cresselia\n|-sidestart|p1: spylent6|move: Toxic Spikes\n|\n|upkeep\n|\n|t:|1699833467\n|switch|p1a: Mawile|Mawile-Mega, F|14\/100\n|-heal|p1a: Mawile|100\/100|[from] move: Lunar Dance\n|-damage|p1a: Mawile|88\/100|[from] Spikes\n|turn|40\n|\n|t:|1699833471\n|move|p1a: Mawile|Thunder Punch|p2a: Greninja\n|-supereffective|p2a: Greninja\n|-damage|p2a: Greninja|0 fnt\n|faint|p2a: Greninja\n|\n|upkeep\n|\n|t:|1699833474\n|switch|p2a: Liepard|Liepard, F, shiny|100\/100\n|turn|41\n|\n|t:|1699833480\n|move|p2a: Liepard|Yawn|p1a: Mawile\n|-start|p1a: Mawile|move: Yawn|[of] p2a: Liepard\n|move|p1a: Mawile|Play Rough|p2a: Liepard\n|-supereffective|p2a: Liepard\n|-damage|p2a: Liepard|0 fnt\n|faint|p2a: Liepard\n|\n|upkeep\n|\n|t:|1699833483\n|switch|p2a: Chimecho|Chimecho, F, shiny|8\/100\n|turn|42\n|-message|FRIDGES_RUNNING forfeited.\n|\n|win|spylent6\n|raw|spylent6's rating: 1207 &rarr; <strong>1233<\/strong><br \/>(+26 for winning)\n|raw|FRIDGES_RUNNING's rating: 1219 &rarr; <strong>1193<\/strong><br \/>(-26 for losing)\n|l|\u2606FRIDGES_RUNNING\n","uploadtime":1699833496,"views":7,"p1id":"spylent6","p2id":"fridgesrunning","formatid":"gen9nationaldex","rating":1193,"private":0,"password":""}