{"id":"gen9nationaldex-1990205471","p1":"jcena007","p2":"Kuzwa","format":"[Gen 9] National Dex","log":"|j|\u2606jcena007\n|j|\u2606Kuzwa\n|t:|1699937156\n|gametype|singles\n|player|p1|jcena007|bruno|1449\n|player|p2|Kuzwa|parasollady|1360\n|teamsize|p1|6\n|teamsize|p2|6\n|gen|9\n|tier|[Gen 9] National Dex\n|rated|\n|rule|HP Percentage Mod: HP is shown in percentages\n|rule|Endless Battle Clause: Forcing endless battles is banned\n|rule|OHKO Clause: OHKO moves are banned\n|rule|Evasion Clause: Evasion abilities, items, and moves are banned\n|rule|Evasion Abilities Clause: Evasion abilities are banned\n|rule|Evasion Items Clause: Evasion items are banned\n|rule|Evasion Moves Clause: Evasion moves are banned\n|rule|Species Clause: Limit one of each Pok\u00e9mon\n|rule|Sleep Clause Mod: Limit one foe put to sleep\n|clearpoke\n|poke|p1|Garganacl, F|\n|poke|p1|Skeledirge, F|\n|poke|p1|Ribombee, M|\n|poke|p1|Gallade, M|\n|poke|p1|Crawdaunt, F|\n|poke|p1|Tsareena, F|\n|poke|p2|Gallade, M|\n|poke|p2|Kartana|\n|poke|p2|Weavile, M|\n|poke|p2|Ogerpon-Wellspring, F|\n|poke|p2|Zeraora|\n|poke|p2|Glimmora, M|\n|teampreview\n|\n|t:|1699937170\n|start\n|switch|p1a: king slayer|Tsareena, F|100\/100\n|switch|p2a: thing|Glimmora, M|100\/100\n|-item|p2a: thing|Air Balloon\n|turn|1\n|\n|t:|1699937177\n|move|p2a: thing|Sludge Wave|p1a: king slayer\n|-supereffective|p1a: king slayer\n|-damage|p1a: king slayer|23\/100\n|move|p1a: king slayer|Rapid Spin|p2a: thing\n|-resisted|p2a: thing\n|-damage|p2a: thing|91\/100\n|-boost|p1a: king slayer|spe|1\n|-activate|p2a: thing|ability: Toxic Debris\n|-sidestart|p1: jcena007|move: Toxic Spikes\n|-enditem|p2a: thing|Air Balloon\n|-sideend|p1: jcena007|Toxic Spikes|[from] move: Rapid Spin|[of] p1a: king slayer\n|\n|upkeep\n|turn|2\n|\n|t:|1699937190\n|move|p1a: king slayer|Rapid Spin|p2a: thing\n|-resisted|p2a: thing\n|-damage|p2a: thing|81\/100\n|-boost|p1a: king slayer|spe|1\n|-activate|p2a: thing|ability: Toxic Debris\n|-sidestart|p1: jcena007|move: Toxic Spikes\n|-sideend|p1: jcena007|Toxic Spikes|[from] move: Rapid Spin|[of] p1a: king slayer\n|move|p2a: thing|Sludge Wave|p1a: king slayer\n|-supereffective|p1a: king slayer\n|-damage|p1a: king slayer|0 fnt\n|faint|p1a: king slayer\n|\n|upkeep\n|\n|t:|1699937209\n|switch|p1a: webs|Ribombee, M|100\/100\n|turn|3\n|\n|t:|1699937213\n|move|p1a: webs|Sticky Web|p2a: thing\n|-sidestart|p2: Kuzwa|move: Sticky Web\n|move|p2a: thing|Sludge Wave|p1a: webs\n|-supereffective|p1a: webs\n|-enditem|p1a: webs|Focus Sash\n|-damage|p1a: webs|1\/100\n|\n|upkeep\n|turn|4\n|\n|t:|1699937219\n|move|p1a: webs|Moonblast|p2a: thing\n|-resisted|p2a: thing\n|-damage|p2a: thing|57\/100\n|-unboost|p2a: thing|spa|1\n|move|p2a: thing|Power Gem|p1a: webs\n|-supereffective|p1a: webs\n|-damage|p1a: webs|0 fnt\n|faint|p1a: webs\n|\n|upkeep\n|\n|t:|1699937231\n|switch|p1a: Eugene Krabs|Crawdaunt, F|100\/100\n|turn|5\n|\n|t:|1699937239\n|-terastallize|p1a: Eugene Krabs|Steel\n|move|p2a: thing|Sludge Wave|p1a: Eugene Krabs\n|-immune|p1a: Eugene Krabs\n|move|p1a: Eugene Krabs|Dragon Dance|p1a: Eugene Krabs\n|-boost|p1a: Eugene Krabs|atk|1\n|-boost|p1a: Eugene Krabs|spe|1\n|\n|upkeep\n|turn|6\n|\n|t:|1699937246\n|move|p1a: Eugene Krabs|Dragon Dance|p1a: Eugene Krabs\n|-boost|p1a: Eugene Krabs|atk|1\n|-boost|p1a: Eugene Krabs|spe|1\n|move|p2a: thing|Earth Power|p1a: Eugene Krabs\n|-supereffective|p1a: Eugene Krabs\n|-damage|p1a: Eugene Krabs|20\/100\n|\n|upkeep\n|turn|7\n|\n|t:|1699937254\n|move|p1a: Eugene Krabs|Liquidation|p2a: thing\n|-supereffective|p2a: thing\n|-damage|p2a: thing|0 fnt\n|-activate|p2a: thing|ability: Toxic Debris\n|-sidestart|p1: jcena007|move: Toxic Spikes\n|faint|p2a: thing\n|\n|upkeep\n|\n|t:|1699937260\n|switch|p2a: Makoto Yuki|Kartana, shiny|100\/100\n|-activate|p2a: Makoto Yuki|move: Sticky Web\n|-unboost|p2a: Makoto Yuki|spe|1\n|turn|8\n|\n|t:|1699937265\n|move|p1a: Eugene Krabs|Knock Off|p2a: Makoto Yuki\n|-damage|p2a: Makoto Yuki|8\/100\n|-enditem|p2a: Makoto Yuki|Focus Sash|[from] move: Knock Off|[of] p1a: Eugene Krabs\n|move|p2a: Makoto Yuki|Sacred Sword|p1a: Eugene Krabs\n|-supereffective|p1a: Eugene Krabs\n|-damage|p1a: Eugene Krabs|0 fnt\n|faint|p1a: Eugene Krabs\n|-ability|p2a: Makoto Yuki|Beast Boost|boost\n|-boost|p2a: Makoto Yuki|atk|1\n|\n|upkeep\n|\n|t:|1699937274\n|switch|p1a: Rage Quit?|Garganacl, F|100\/100\n|turn|9\n|\n|t:|1699937280\n|move|p2a: Makoto Yuki|Smart Strike|p1a: Rage Quit?\n|-supereffective|p1a: Rage Quit?\n|-damage|p1a: Rage Quit?|5\/100\n|move|p1a: Rage Quit?|Iron Defense|p1a: Rage Quit?\n|-boost|p1a: Rage Quit?|def|2\n|\n|-heal|p1a: Rage Quit?|11\/100|[from] item: Leftovers\n|upkeep\n|turn|10\n|-message|jcena007 forfeited.\n|\n|win|Kuzwa\n|raw|jcena007's rating: 1449 &rarr; <strong>1424<\/strong><br \/>(-25 for losing)\n|raw|Kuzwa's rating: 1360 &rarr; <strong>1385<\/strong><br \/>(+25 for winning)\n|l|\u2606jcena007\n","uploadtime":1699937287,"views":5,"p1id":"jcena007","p2id":"kuzwa","formatid":"gen9nationaldex","rating":1385,"private":0,"password":""}