{"id":"gen9nationaldex-1999846321","p1":"pack rat","p2":"tomturtl","format":"[Gen 9] National Dex","log":"|html|<div class=\"broadcast-blue\"><strong>[Gen 9] National Dex is currently suspecting Sneasler! For information on how to participate check out the <a href=\"https:\/\/www.smogon.com\/forums\/threads\/sv-national-dex-suspect-8-just-dance.3731534\/\">suspect thread<\/a>.<\/strong><\/div>\n|j|\u2606pack rat\n|j|\u2606tomturtl\n|t:|1701122252\n|gametype|singles\n|player|p1|pack rat|nobunaga-conquest|1219\n|player|p2|tomturtl|n|1257\n|teamsize|p1|6\n|teamsize|p2|6\n|gen|9\n|tier|[Gen 9] National Dex\n|rated|\n|rule|HP Percentage Mod: HP is shown in percentages\n|rule|Endless Battle Clause: Forcing endless battles is banned\n|rule|OHKO Clause: OHKO moves are banned\n|rule|Evasion Clause: Evasion abilities, items, and moves are banned\n|rule|Evasion Abilities Clause: Evasion abilities are banned\n|rule|Evasion Items Clause: Evasion items are banned\n|rule|Evasion Moves Clause: Evasion moves are banned\n|rule|Species Clause: Limit one of each Pok\u00e9mon\n|rule|Sleep Clause Mod: Limit one foe put to sleep\n|clearpoke\n|poke|p1|Aegislash, F|\n|poke|p1|Gengar, F|\n|poke|p1|Mimikyu, F|\n|poke|p1|Sableye, F|\n|poke|p1|Corsola-Galar, F|\n|poke|p1|Blacephalon|\n|poke|p2|Sharpedo, F|\n|poke|p2|Tornadus-Therian, M|\n|poke|p2|Nihilego|\n|poke|p2|Kommo-o, F|\n|poke|p2|Tapu Fini|\n|poke|p2|Heatran, M|\n|teampreview\n|c|\u2606tomturtl|Cool team\n|c|\u2606pack rat|thanks :D  im working out the movesets a bit atm\n|c|\u2606pack rat|lets see how this version plays\n|\n|t:|1701122299\n|start\n|switch|p1a: Cryptkeeper|Sableye, F|100\/100\n|switch|p2a: Nihilego|Nihilego, shiny|100\/100\n|turn|1\n|\n|t:|1701122316\n|switch|p2a: Tapu Fini|Tapu Fini, shiny|100\/100\n|-fieldstart|move: Misty Terrain|[from] ability: Misty Surge|[of] p2a: Tapu Fini\n|detailschange|p1a: Cryptkeeper|Sableye-Mega, F\n|-mega|p1a: Cryptkeeper|Sableye|Sablenite\n|move|p1a: Cryptkeeper|Knock Off|p2a: Tapu Fini\n|-resisted|p2a: Tapu Fini\n|-damage|p2a: Tapu Fini|87\/100\n|-enditem|p2a: Tapu Fini|Leftovers|[from] move: Knock Off|[of] p1a: Cryptkeeper\n|\n|upkeep\n|turn|2\n|\n|t:|1701122330\n|switch|p1a: Gravemist|Corsola-Galar, F, shiny|100\/100\n|move|p2a: Tapu Fini|Calm Mind|p2a: Tapu Fini\n|-boost|p2a: Tapu Fini|spa|1\n|-boost|p2a: Tapu Fini|spd|1\n|\n|upkeep\n|turn|3\n|\n|t:|1701122339\n|move|p2a: Tapu Fini|Calm Mind|p2a: Tapu Fini\n|-boost|p2a: Tapu Fini|spa|1\n|-boost|p2a: Tapu Fini|spd|1\n|move|p1a: Gravemist|Stealth Rock|p2a: Tapu Fini\n|-sidestart|p2: tomturtl|move: Stealth Rock\n|\n|upkeep\n|turn|4\n|\n|t:|1701122348\n|move|p2a: Tapu Fini|Calm Mind|p2a: Tapu Fini\n|-boost|p2a: Tapu Fini|spa|1\n|-boost|p2a: Tapu Fini|spd|1\n|move|p1a: Gravemist|Night Shade|p2a: Tapu Fini\n|-damage|p2a: Tapu Fini|53\/100\n|\n|upkeep\n|turn|5\n|\n|t:|1701122355\n|move|p2a: Tapu Fini|Moonblast|p1a: Gravemist\n|-damage|p1a: Gravemist|32\/100\n|-start|p2a: Tapu Fini|Disable|Moonblast|[from] ability: Cursed Body|[of] p1a: Gravemist\n|move|p1a: Gravemist|Strength Sap|p2a: Tapu Fini\n|-unboost|p2a: Tapu Fini|atk|1\n|-heal|p1a: Gravemist|75\/100\n|\n|-fieldend|Misty Terrain\n|upkeep\n|turn|6\n|\n|t:|1701122364\n|move|p2a: Tapu Fini|Scald|p1a: Gravemist\n|-damage|p1a: Gravemist|15\/100\n|move|p1a: Gravemist|Night Shade|p2a: Tapu Fini\n|-damage|p2a: Tapu Fini|20\/100\n|\n|upkeep\n|turn|7\n|\n|t:|1701122375\n|move|p2a: Tapu Fini|Scald|p1a: Gravemist\n|-damage|p1a: Gravemist|0 fnt\n|faint|p1a: Gravemist\n|\n|upkeep\n|\n|t:|1701122381\n|switch|p1a: Nightshade|Gengar, F, shiny|100\/100\n|turn|8\n|\n|t:|1701122386\n|switch|p2a: Heatran|Heatran, M|100\/100\n|-damage|p2a: Heatran|88\/100|[from] Stealth Rock\n|move|p1a: Nightshade|Shadow Ball|p2a: Heatran\n|-damage|p2a: Heatran|58\/100\n|\n|upkeep\n|turn|9\n|\n|t:|1701122403\n|move|p1a: Nightshade|Shadow Ball|p2a: Heatran\n|-damage|p2a: Heatran|32\/100\n|move|p2a: Heatran|Earth Power|p1a: Nightshade\n|-supereffective|p1a: Nightshade\n|-damage|p1a: Nightshade|2\/100\n|-start|p2a: Heatran|Disable|Earth Power|[from] ability: Cursed Body|[of] p1a: Nightshade\n|\n|upkeep\n|turn|10\n|\n|t:|1701122412\n|switch|p1a: Mindflayer|Blacephalon|100\/100\n|move|p2a: Heatran|Dark Pulse|p1a: Mindflayer\n|-supereffective|p1a: Mindflayer\n|-damage|p1a: Mindflayer|10\/100\n|\n|upkeep\n|turn|11\n|\n|t:|1701122421\n|-zpower|p1a: Mindflayer\n|move|p1a: Mindflayer|Never-Ending Nightmare|p2a: Heatran|[zeffect]\n|-damage|p2a: Heatran|0 fnt\n|faint|p2a: Heatran\n|-ability|p1a: Mindflayer|Beast Boost|boost\n|-boost|p1a: Mindflayer|spa|1\n|\n|upkeep\n|\n|t:|1701122433\n|switch|p2a: Sharpedo|Sharpedo, F|100\/100\n|-damage|p2a: Sharpedo|88\/100|[from] Stealth Rock\n|turn|12\n|\n|t:|1701122441\n|move|p1a: Mindflayer|Flamethrower|p2a: Sharpedo\n|-resisted|p2a: Sharpedo\n|-damage|p2a: Sharpedo|13\/100\n|move|p2a: Sharpedo|Crunch|p1a: Mindflayer\n|-supereffective|p1a: Mindflayer\n|-damage|p1a: Mindflayer|0 fnt\n|faint|p1a: Mindflayer\n|\n|-ability|p2a: Sharpedo|Speed Boost|boost\n|-boost|p2a: Sharpedo|spe|1\n|upkeep\n|\n|t:|1701122451\n|switch|p1a: Soultaker|Mimikyu, F, shiny|100\/100\n|turn|13\n|\n|t:|1701122461\n|detailschange|p2a: Sharpedo|Sharpedo-Mega, F\n|-mega|p2a: Sharpedo|Sharpedo|Sharpedonite\n|move|p1a: Soultaker|Shadow Sneak|p2a: Sharpedo\n|-resisted|p2a: Sharpedo\n|-damage|p2a: Sharpedo|0 fnt\n|faint|p2a: Sharpedo\n|-damage|p1a: Soultaker|91\/100|[from] item: Life Orb\n|\n|upkeep\n|\n|t:|1701122474\n|switch|p2a: Tornadus|Tornadus-Therian, M, shiny|100\/100\n|turn|14\n|\n|t:|1701122483\n|move|p1a: Soultaker|Play Rough|p2a: Tornadus\n|-damage|p2a: Tornadus|55\/100\n|-damage|p1a: Soultaker|81\/100|[from] item: Life Orb\n|move|p2a: Tornadus|Dark Pulse|p1a: Soultaker\n|-activate|p1a: Soultaker|ability: Disguise\n|-damage|p1a: Soultaker|81\/100\n|detailschange|p1a: Soultaker|Mimikyu-Busted, F, shiny\n|-damage|p1a: Soultaker|68\/100|[from] pokemon: Mimikyu-Busted\n|\n|upkeep\n|turn|15\n|\n|t:|1701122495\n|move|p1a: Soultaker|Play Rough|p2a: Tornadus\n|-damage|p2a: Tornadus|10\/100\n|-damage|p1a: Soultaker|58\/100|[from] item: Life Orb\n|move|p2a: Tornadus|Dark Pulse|p1a: Soultaker\n|-damage|p1a: Soultaker|29\/100\n|\n|upkeep\n|turn|16\n|\n|t:|1701122506\n|switch|p2a: Tapu Fini|Tapu Fini, shiny|20\/100\n|-damage|p2a: Tapu Fini|8\/100|[from] Stealth Rock\n|-fieldstart|move: Misty Terrain|[from] ability: Misty Surge|[of] p2a: Tapu Fini\n|move|p1a: Soultaker|Shadow Sneak|p2a: Tapu Fini\n|-crit|p2a: Tapu Fini\n|-damage|p2a: Tapu Fini|0 fnt\n|faint|p2a: Tapu Fini\n|-damage|p1a: Soultaker|19\/100|[from] item: Life Orb\n|\n|upkeep\n|\n|t:|1701122509\n|switch|p2a: Nihilego|Nihilego, shiny|100\/100\n|-damage|p2a: Nihilego|88\/100|[from] Stealth Rock\n|turn|17\n|\n|t:|1701122521\n|move|p1a: Soultaker|Wood Hammer|p2a: Nihilego\n|-damage|p2a: Nihilego|22\/100\n|-damage|p1a: Soultaker|0 fnt|[from] Recoil\n|faint|p1a: Soultaker\n|move|p2a: Nihilego|Meteor Beam||[still]\n|-prepare|p2a: Nihilego|Meteor Beam\n|-boost|p2a: Nihilego|spa|1\n|-enditem|p2a: Nihilego|Power Herb\n|-anim|p2a: Nihilego|Meteor Beam|p1: Soultaker|[notarget]\n|-fail|p2a: Nihilego\n|\n|upkeep\n|\n|t:|1701122535\n|switch|p1a: Nightshade|Gengar, F, shiny|2\/100\n|turn|18\n|\n|t:|1701122543\n|move|p1a: Nightshade|Shadow Ball|p2a: Nihilego\n|-damage|p2a: Nihilego|0 fnt\n|faint|p2a: Nihilego\n|\n|upkeep\n|\n|t:|1701122551\n|switch|p2a: Tornadus|Tornadus-Therian, M, shiny|43\/100\n|turn|19\n|\n|t:|1701122557\n|move|p1a: Nightshade|Shadow Ball|p2a: Tornadus\n|-damage|p2a: Tornadus|0 fnt\n|faint|p2a: Tornadus\n|\n|upkeep\n|\n|t:|1701122561\n|switch|p2a: Kommo-o|Kommo-o, F|100\/100\n|-damage|p2a: Kommo-o|95\/100|[from] Stealth Rock\n|turn|20\n|\n|t:|1701122569\n|move|p1a: Nightshade|Shadow Ball|p2a: Kommo-o\n|-immune|p2a: Kommo-o|[from] ability: Bulletproof\n|-zpower|p2a: Kommo-o\n|move|p2a: Kommo-o|Clangorous Soulblaze|p1a: Nightshade|[zeffect]\n|-crit|p1a: Nightshade\n|-damage|p1a: Nightshade|0 fnt\n|faint|p1a: Nightshade\n|-boost|p2a: Kommo-o|atk|1\n|-boost|p2a: Kommo-o|def|1\n|-boost|p2a: Kommo-o|spa|1\n|-boost|p2a: Kommo-o|spd|1\n|-boost|p2a: Kommo-o|spe|1\n|\n|-fieldend|Misty Terrain\n|upkeep\n|c|\u2606pack rat|forgot abt buletproof\n|\n|t:|1701122585\n|switch|p1a: Cryptkeeper|Sableye-Mega, F|100\/100\n|turn|21\n|c|\u2606tomturtl|Fair\n|c|\u2606tomturtl|Me too tbh\n|\n|t:|1701122603\n|move|p2a: Kommo-o|Substitute|p2a: Kommo-o\n|-start|p2a: Kommo-o|Substitute\n|-damage|p2a: Kommo-o|70\/100\n|move|p1a: Cryptkeeper|Will-O-Wisp||[still]\n|-fail|p1a: Cryptkeeper\n|\n|upkeep\n|turn|22\n|c|\u2606pack rat|one of those abilities thats easy to forget but prety good when it comes into play\n|\n|t:|1701122618\n|move|p2a: Kommo-o|Clanging Scales|p1a: Cryptkeeper\n|-damage|p1a: Cryptkeeper|47\/100\n|-unboost|p2a: Kommo-o|def|1\n|move|p1a: Cryptkeeper|Taunt|p2a: Kommo-o\n|-start|p2a: Kommo-o|move: Taunt\n|\n|upkeep\n|turn|23\n|c|\u2606tomturtl|A free turn because of a knowledge check is surprisingly powerful\n|\n|t:|1701122645\n|move|p2a: Kommo-o|Clanging Scales|p1a: Cryptkeeper\n|-damage|p1a: Cryptkeeper|0 fnt\n|faint|p1a: Cryptkeeper\n|-unboost|p2a: Kommo-o|def|1\n|\n|upkeep\n|c|\u2606pack rat|XD i like the way you phrased that\n|\n|t:|1701122664\n|switch|p1a: Necromental|Aegislash, F, shiny|100\/100\n|turn|24\n|c|\u2606pack rat|looks like yoiu got me but im pretty pleased with the teams performance\n|\n|t:|1701122685\n|move|p2a: Kommo-o|Clanging Scales|p1a: Necromental\n|-resisted|p1a: Necromental\n|-damage|p1a: Necromental|71\/100\n|-unboost|p2a: Kommo-o|def|1\n|-formechange|p1a: Necromental|Aegislash-Blade||[from] ability: Stance Change\n|move|p1a: Necromental|Iron Head|p2a: Kommo-o\n|-end|p2a: Kommo-o|Substitute\n|\n|upkeep\n|turn|25\n|\n|t:|1701122697\n|move|p1a: Necromental|Shadow Sneak|p2a: Kommo-o\n|-damage|p2a: Kommo-o|29\/100\n|move|p2a: Kommo-o|Clanging Scales|p1a: Necromental\n|-resisted|p1a: Necromental\n|-damage|p1a: Necromental|7\/100\n|-unboost|p2a: Kommo-o|def|1\n|\n|-end|p2a: Kommo-o|move: Taunt\n|upkeep\n|turn|26\n|c|\u2606pack rat|ooo maybe not\n|c|\u2606tomturtl|Ggwp\n|\n|t:|1701122711\n|move|p1a: Necromental|Shadow Sneak|p2a: Kommo-o\n|-damage|p2a: Kommo-o|0 fnt\n|faint|p2a: Kommo-o\n|\n|win|pack rat\n|raw|pack rat's rating: 1219 &rarr; <strong>1247<\/strong><br \/>(+28 for winning)\n|raw|tomturtl's rating: 1257 &rarr; <strong>1229<\/strong><br \/>(-28 for losing)\n|c|\u2606pack rat|gg well played\n|l|\u2606pack rat\n","uploadtime":1701122740,"views":2,"p1id":"packrat","p2id":"tomturtl","formatid":"gen9nationaldex","rating":1229,"private":0,"password":""}