{"id":"gen9nationaldex-1998661575","p1":"TheGrimbourne","p2":"dahu\u306eai","format":"[Gen 9] National Dex","log":"|html|<div class=\"broadcast-blue\"><strong>[Gen 9] National Dex is currently suspecting Sneasler! For information on how to participate check out the <a href=\"https:\/\/www.smogon.com\/forums\/threads\/sv-national-dex-suspect-8-just-dance.3731534\/\">suspect thread<\/a>.<\/strong><\/div>\n|j|\u2606TheGrimbourne\n|j|\u2606dahu\u306eai\n|t:|1700969088\n|gametype|singles\n|player|p1|TheGrimbourne|gambler|1134\n|player|p2|dahu\u306eai|cynthia-anime2|1169\n|teamsize|p1|6\n|teamsize|p2|6\n|gen|9\n|tier|[Gen 9] National Dex\n|rated|\n|rule|HP Percentage Mod: HP is shown in percentages\n|rule|Endless Battle Clause: Forcing endless battles is banned\n|rule|OHKO Clause: OHKO moves are banned\n|rule|Evasion Clause: Evasion abilities, items, and moves are banned\n|rule|Evasion Abilities Clause: Evasion abilities are banned\n|rule|Evasion Items Clause: Evasion items are banned\n|rule|Evasion Moves Clause: Evasion moves are banned\n|rule|Species Clause: Limit one of each Pok\u00e9mon\n|rule|Sleep Clause Mod: Limit one foe put to sleep\n|clearpoke\n|poke|p1|Charizard, F|\n|poke|p1|Volcanion|\n|poke|p1|Salazzle, F|\n|poke|p1|Incineroar, F|\n|poke|p1|Heatran, F|\n|poke|p1|Blacephalon|\n|poke|p2|Garchomp, M|\n|poke|p2|Lucario, M|\n|poke|p2|Milotic, F|\n|poke|p2|Spiritomb, M|\n|poke|p2|Togekiss, F|\n|poke|p2|Roserade, F|\n|teampreview\n|inactive|Battle timer is ON: inactive players will automatically lose when time's up. (requested by dahu\u306eai)\n|\n|t:|1700969100\n|start\n|switch|p1a: Incineroar|Incineroar, F|100\/100\n|switch|p2a: \u6bd2\u523a\u7ed9\u70b9\u529b|Roserade, F|100\/100\n|-ability|p1a: Incineroar|Intimidate|boost\n|-unboost|p2a: \u6bd2\u523a\u7ed9\u70b9\u529b|atk|1\n|turn|1\n|j| Jason1223\n|\n|t:|1700969115\n|switch|p2a: \u6ca1\u5565\u7528\u7684\u70ae\u7070|Spiritomb, M|100\/100\n|move|p1a: Incineroar|Fake Out|p2a: \u6ca1\u5565\u7528\u7684\u70ae\u7070\n|-immune|p2a: \u6ca1\u5565\u7528\u7684\u70ae\u7070\n|\n|upkeep\n|turn|2\n|l| Jason1223\n|\n|t:|1700969123\n|move|p1a: Incineroar|Darkest Lariat|p2a: \u6ca1\u5565\u7528\u7684\u70ae\u7070\n|-damage|p2a: \u6ca1\u5565\u7528\u7684\u70ae\u7070|69\/100\n|move|p2a: \u6ca1\u5565\u7528\u7684\u70ae\u7070|Trick|p1a: Incineroar\n|-activate|p2a: \u6ca1\u5565\u7528\u7684\u70ae\u7070|move: Trick|[of] p1a: Incineroar\n|-item|p1a: Incineroar|Lagging Tail|[from] move: Trick\n|-item|p2a: \u6ca1\u5565\u7528\u7684\u70ae\u7070|Leftovers|[from] move: Trick\n|\n|-heal|p2a: \u6ca1\u5565\u7528\u7684\u70ae\u7070|75\/100|[from] item: Leftovers\n|upkeep\n|turn|3\n|\n|t:|1700969138\n|move|p2a: \u6ca1\u5565\u7528\u7684\u70ae\u7070|Taunt|p1a: Incineroar\n|-start|p1a: Incineroar|move: Taunt\n|cant|p1a: Incineroar|move: Taunt|Parting Shot\n|\n|-heal|p2a: \u6ca1\u5565\u7528\u7684\u70ae\u7070|81\/100|[from] item: Leftovers\n|upkeep\n|turn|4\n|\n|t:|1700969145\n|move|p2a: \u6ca1\u5565\u7528\u7684\u70ae\u7070|Pain Split|p1a: Incineroar\n|-sethp|p1a: Incineroar|82\/100|[from] move: Pain Split|[silent]\n|-sethp|p2a: \u6ca1\u5565\u7528\u7684\u70ae\u7070|100\/100|[from] move: Pain Split\n|move|p1a: Incineroar|Flare Blitz|p2a: \u6ca1\u5565\u7528\u7684\u70ae\u7070\n|-damage|p2a: \u6ca1\u5565\u7528\u7684\u70ae\u7070|51\/100\n|-damage|p1a: Incineroar|69\/100|[from] Recoil\n|\n|-heal|p2a: \u6ca1\u5565\u7528\u7684\u70ae\u7070|57\/100|[from] item: Leftovers\n|upkeep\n|turn|5\n|\n|t:|1700969155\n|move|p2a: \u6ca1\u5565\u7528\u7684\u70ae\u7070|Pain Split|p1a: Incineroar\n|-sethp|p1a: Incineroar|57\/100|[from] move: Pain Split|[silent]\n|-sethp|p2a: \u6ca1\u5565\u7528\u7684\u70ae\u7070|73\/100|[from] move: Pain Split\n|move|p1a: Incineroar|Flare Blitz|p2a: \u6ca1\u5565\u7528\u7684\u70ae\u7070\n|-damage|p2a: \u6ca1\u5565\u7528\u7684\u70ae\u7070|26\/100\n|-damage|p1a: Incineroar|45\/100|[from] Recoil\n|\n|-heal|p2a: \u6ca1\u5565\u7528\u7684\u70ae\u7070|33\/100|[from] item: Leftovers\n|-end|p1a: Incineroar|move: Taunt\n|upkeep\n|turn|6\n|c|\u2606TheGrimbourne|Hey wait a second....\n|c|\u2606TheGrimbourne|Cynthia?\n|\n|t:|1700969170\n|move|p2a: \u6ca1\u5565\u7528\u7684\u70ae\u7070|Pain Split|p1a: Incineroar\n|-sethp|p1a: Incineroar|35\/100|[from] move: Pain Split|[silent]\n|-sethp|p2a: \u6ca1\u5565\u7528\u7684\u70ae\u7070|45\/100|[from] move: Pain Split\n|move|p1a: Incineroar|Flare Blitz|p2a: \u6ca1\u5565\u7528\u7684\u70ae\u7070\n|-damage|p2a: \u6ca1\u5565\u7528\u7684\u70ae\u7070|0 fnt\n|faint|p2a: \u6ca1\u5565\u7528\u7684\u70ae\u7070\n|-damage|p1a: Incineroar|24\/100|[from] Recoil\n|\n|upkeep\n|\n|t:|1700969186\n|switch|p2a: \u6211\u4e0d\u662f\u6b27\u7687|Togekiss, F|100\/100\n|turn|7\n|\n|t:|1700969193\n|move|p2a: \u6211\u4e0d\u662f\u6b27\u7687|Air Slash|p1a: Incineroar\n|-crit|p1a: Incineroar\n|-damage|p1a: Incineroar|0 fnt\n|faint|p1a: Incineroar\n|\n|upkeep\n|\n|t:|1700969200\n|switch|p1a: Salazzle|Salazzle, F|100\/100\n|turn|8\n|\n|t:|1700969212\n|-terastallize|p2a: \u6211\u4e0d\u662f\u6b27\u7687|Flying\n|move|p1a: Salazzle|Sludge Bomb|p2a: \u6211\u4e0d\u662f\u6b27\u7687\n|-damage|p2a: \u6211\u4e0d\u662f\u6b27\u7687|60\/100\n|move|p2a: \u6211\u4e0d\u662f\u6b27\u7687|Air Slash|p1a: Salazzle\n|-enditem|p1a: Salazzle|Focus Sash\n|-damage|p1a: Salazzle|1\/100\n|\n|upkeep\n|turn|9\n|\n|t:|1700969221\n|move|p1a: Salazzle|Overheat|p2a: \u6211\u4e0d\u662f\u6b27\u7687\n|-damage|p2a: \u6211\u4e0d\u662f\u6b27\u7687|1\/100\n|-unboost|p1a: Salazzle|spa|2\n|move|p2a: \u6211\u4e0d\u662f\u6b27\u7687|Air Slash|p1a: Salazzle\n|-damage|p1a: Salazzle|0 fnt\n|faint|p1a: Salazzle\n|\n|upkeep\n|\n|t:|1700969230\n|switch|p1a: Charizard|Charizard, F|100\/100\n|turn|10\n|\n|t:|1700969244\n|switch|p2a: \u4e0d\u662f\u810f\u810f\u54e6|Milotic, F|100\/100\n|move|p1a: Charizard|Flamethrower|p2a: \u4e0d\u662f\u810f\u810f\u54e6\n|-resisted|p2a: \u4e0d\u662f\u810f\u810f\u54e6\n|-damage|p2a: \u4e0d\u662f\u810f\u810f\u54e6|90\/100\n|\n|-status|p2a: \u4e0d\u662f\u810f\u810f\u54e6|brn|[from] item: Flame Orb\n|upkeep\n|turn|11\n|\n|t:|1700969258\n|switch|p1a: Volcanion|Volcanion|100\/100\n|move|p2a: \u4e0d\u662f\u810f\u810f\u54e6|Toxic|p1a: Volcanion|[miss]\n|-miss|p2a: \u4e0d\u662f\u810f\u810f\u54e6|p1a: Volcanion\n|\n|-damage|p2a: \u4e0d\u662f\u810f\u810f\u54e6|83\/100 brn|[from] brn\n|upkeep\n|turn|12\n|\n|t:|1700969266\n|move|p2a: \u4e0d\u662f\u810f\u810f\u54e6|Toxic|p1a: Volcanion\n|-status|p1a: Volcanion|tox\n|move|p1a: Volcanion|Sludge Bomb|p2a: \u4e0d\u662f\u810f\u810f\u54e6\n|-damage|p2a: \u4e0d\u662f\u810f\u810f\u54e6|62\/100 brn\n|\n|-damage|p1a: Volcanion|94\/100 tox|[from] psn\n|-damage|p2a: \u4e0d\u662f\u810f\u810f\u54e6|56\/100 brn|[from] brn\n|upkeep\n|turn|13\n|\n|t:|1700969276\n|move|p2a: \u4e0d\u662f\u810f\u810f\u54e6|Recover|p2a: \u4e0d\u662f\u810f\u810f\u54e6\n|-heal|p2a: \u4e0d\u662f\u810f\u810f\u54e6|100\/100 brn\n|move|p1a: Volcanion|Sludge Bomb|p2a: \u4e0d\u662f\u810f\u810f\u54e6\n|-damage|p2a: \u4e0d\u662f\u810f\u810f\u54e6|79\/100 brn\n|\n|-damage|p1a: Volcanion|82\/100 tox|[from] psn\n|-damage|p2a: \u4e0d\u662f\u810f\u810f\u54e6|73\/100 brn|[from] brn\n|upkeep\n|turn|14\n|\n|t:|1700969294\n|switch|p2a: \u6ce2\u5bfc\u5f39\u4fee\u72d7|Lucario, M|100\/100\n|switch|p1a: Charizard|Charizard, F|100\/100\n|\n|upkeep\n|turn|15\n|\n|t:|1700969305\n|switch|p2a: \u4e0d\u662f\u810f\u810f\u54e6|Milotic, F|73\/100 brn\n|detailschange|p1a: Charizard|Charizard-Mega-Y, F\n|-mega|p1a: Charizard|Charizard|Charizardite Y\n|-weather|SunnyDay|[from] ability: Drought|[of] p1a: Charizard\n|move|p1a: Charizard|Air Slash|p2a: \u4e0d\u662f\u810f\u810f\u54e6\n|-crit|p2a: \u4e0d\u662f\u810f\u810f\u54e6\n|-damage|p2a: \u4e0d\u662f\u810f\u810f\u54e6|35\/100 brn\n|\n|-weather|SunnyDay|[upkeep]\n|-damage|p2a: \u4e0d\u662f\u810f\u810f\u54e6|29\/100 brn|[from] brn\n|upkeep\n|turn|16\n|\n|t:|1700969317\n|move|p1a: Charizard|Solar Beam||[still]\n|-prepare|p1a: Charizard|Solar Beam\n|-anim|p1a: Charizard|Solar Beam|p2a: \u4e0d\u662f\u810f\u810f\u54e6\n|-supereffective|p2a: \u4e0d\u662f\u810f\u810f\u54e6\n|-damage|p2a: \u4e0d\u662f\u810f\u810f\u54e6|0 fnt\n|faint|p2a: \u4e0d\u662f\u810f\u810f\u54e6\n|\n|-weather|SunnyDay|[upkeep]\n|upkeep\n|\n|t:|1700969325\n|switch|p2a: \u6211\u4e0d\u662f\u9f99Z|Garchomp, M|100\/100\n|turn|17\n|\n|t:|1700969333\n|switch|p1a: Volcanion|Volcanion|82\/100 tox\n|move|p2a: \u6211\u4e0d\u662f\u9f99Z|Scale Shot|p1a: Volcanion\n|-damage|p1a: Volcanion|71\/100 tox\n|-damage|p1a: Volcanion|61\/100 tox\n|-damage|p1a: Volcanion|51\/100 tox\n|-hitcount|p1a: Volcanion|3\n|-unboost|p2a: \u6211\u4e0d\u662f\u9f99Z|def|1\n|-boost|p2a: \u6211\u4e0d\u662f\u9f99Z|spe|1\n|\n|-weather|SunnyDay|[upkeep]\n|-damage|p1a: Volcanion|45\/100 tox|[from] psn\n|upkeep\n|turn|18\n|\n|t:|1700969347\n|detailschange|p2a: \u6211\u4e0d\u662f\u9f99Z|Garchomp-Mega, M\n|-mega|p2a: \u6211\u4e0d\u662f\u9f99Z|Garchomp|Garchompite\n|move|p2a: \u6211\u4e0d\u662f\u9f99Z|Scale Shot|p1a: Volcanion\n|-damage|p1a: Volcanion|31\/100 tox\n|-damage|p1a: Volcanion|18\/100 tox\n|-damage|p1a: Volcanion|4\/100 tox\n|-hitcount|p1a: Volcanion|3\n|-unboost|p2a: \u6211\u4e0d\u662f\u9f99Z|def|1\n|-boost|p2a: \u6211\u4e0d\u662f\u9f99Z|spe|1\n|move|p1a: Volcanion|Steam Eruption|p2a: \u6211\u4e0d\u662f\u9f99Z\n|-damage|p2a: \u6211\u4e0d\u662f\u9f99Z|68\/100\n|\n|-weather|SunnyDay|[upkeep]\n|-damage|p1a: Volcanion|0 fnt|[from] psn\n|faint|p1a: Volcanion\n|upkeep\n|\n|t:|1700969357\n|switch|p1a: Blacephalon|Blacephalon|100\/100\n|turn|19\n|\n|t:|1700969372\n|move|p2a: \u6211\u4e0d\u662f\u9f99Z|Earthquake|p1a: Blacephalon\n|-supereffective|p1a: Blacephalon\n|-crit|p1a: Blacephalon\n|-damage|p1a: Blacephalon|0 fnt\n|faint|p1a: Blacephalon\n|\n|-weather|none\n|upkeep\n|\n|t:|1700969379\n|switch|p1a: Charizard|Charizard-Mega-Y, F|100\/100\n|-weather|SunnyDay|[from] ability: Drought|[of] p1a: Charizard\n|turn|20\n|\n|t:|1700969384\n|move|p2a: \u6211\u4e0d\u662f\u9f99Z|Scale Shot|p1a: Charizard|[miss]\n|-miss|p2a: \u6211\u4e0d\u662f\u9f99Z|p1a: Charizard\n|move|p1a: Charizard|Solar Beam||[still]\n|-prepare|p1a: Charizard|Solar Beam\n|-anim|p1a: Charizard|Solar Beam|p2a: \u6211\u4e0d\u662f\u9f99Z\n|-damage|p2a: \u6211\u4e0d\u662f\u9f99Z|17\/100\n|\n|-weather|SunnyDay|[upkeep]\n|upkeep\n|turn|21\n|\n|t:|1700969393\n|move|p2a: \u6211\u4e0d\u662f\u9f99Z|Scale Shot|p1a: Charizard\n|-crit|p1a: Charizard\n|-damage|p1a: Charizard|64\/100\n|-damage|p1a: Charizard|40\/100\n|-damage|p1a: Charizard|15\/100\n|-hitcount|p1a: Charizard|3\n|-unboost|p2a: \u6211\u4e0d\u662f\u9f99Z|def|1\n|-boost|p2a: \u6211\u4e0d\u662f\u9f99Z|spe|1\n|move|p1a: Charizard|Solar Beam||[still]\n|-prepare|p1a: Charizard|Solar Beam\n|-anim|p1a: Charizard|Solar Beam|p2a: \u6211\u4e0d\u662f\u9f99Z\n|-crit|p2a: \u6211\u4e0d\u662f\u9f99Z\n|-damage|p2a: \u6211\u4e0d\u662f\u9f99Z|0 fnt\n|faint|p2a: \u6211\u4e0d\u662f\u9f99Z\n|\n|-weather|SunnyDay|[upkeep]\n|upkeep\n|\n|t:|1700969409\n|switch|p2a: \u6ce2\u5bfc\u5f39\u4fee\u72d7|Lucario, M|100\/100\n|turn|22\n|\n|t:|1700969414\n|move|p2a: \u6ce2\u5bfc\u5f39\u4fee\u72d7|Extreme Speed|p1a: Charizard\n|-damage|p1a: Charizard|0 fnt\n|faint|p1a: Charizard\n|\n|-weather|SunnyDay|[upkeep]\n|upkeep\n|\n|t:|1700969416\n|switch|p1a: Heatran|Heatran, F|100\/100\n|turn|23\n|\n|t:|1700969439\n|-terastallize|p1a: Heatran|Fire\n|move|p2a: \u6ce2\u5bfc\u5f39\u4fee\u72d7|Close Combat|p1a: Heatran\n|-crit|p1a: Heatran\n|-damage|p1a: Heatran|27\/100\n|-unboost|p2a: \u6ce2\u5bfc\u5f39\u4fee\u72d7|def|1\n|-unboost|p2a: \u6ce2\u5bfc\u5f39\u4fee\u72d7|spd|1\n|-damage|p2a: \u6ce2\u5bfc\u5f39\u4fee\u72d7|84\/100|[from] item: Rocky Helmet|[of] p1a: Heatran\n|move|p1a: Heatran|Flamethrower|p2a: \u6ce2\u5bfc\u5f39\u4fee\u72d7\n|-supereffective|p2a: \u6ce2\u5bfc\u5f39\u4fee\u72d7\n|-damage|p2a: \u6ce2\u5bfc\u5f39\u4fee\u72d7|0 fnt\n|faint|p2a: \u6ce2\u5bfc\u5f39\u4fee\u72d7\n|\n|-weather|SunnyDay|[upkeep]\n|upkeep\n|\n|t:|1700969454\n|switch|p2a: \u6211\u4e0d\u662f\u6b27\u7687|Togekiss, F, tera:Flying|1\/100\n|turn|24\n|c|\u2606TheGrimbourne|That crit messed me up lol\n|c|\u2606TheGrimbourne|Gg\n|\n|t:|1700969459\n|move|p2a: \u6211\u4e0d\u662f\u6b27\u7687|Air Slash|p1a: Heatran\n|-damage|p1a: Heatran|0 fnt\n|faint|p1a: Heatran\n|\n|win|dahu\u306eai\n|raw|TheGrimbourne's rating: 1134 &rarr; <strong>1112<\/strong><br \/>(-22 for losing)\n|raw|dahu\u306eai's rating: 1169 &rarr; <strong>1191<\/strong><br \/>(+22 for winning)\n|l|\u2606TheGrimbourne\n","uploadtime":1700969467,"views":9,"p1id":"thegrimbourne","p2id":"dahuai","formatid":"gen9nationaldex","rating":1112,"private":0,"password":""}