{"id":"gen9nationaldex-1993288714","p1":"bu wei chen chen","p2":"kkllxx","format":"[Gen 9] National Dex","log":"|j|\u2606bu wei chen chen\n|j|\u2606kkllxx\n|t:|1700291062\n|gametype|singles\n|player|p1|bu wei chen chen|1|1308\n|player|p2|kkllxx|marnie-masters3|1441\n|teamsize|p1|6\n|teamsize|p2|6\n|gen|9\n|tier|[Gen 9] National Dex\n|rated|\n|rule|HP Percentage Mod: HP is shown in percentages\n|rule|Endless Battle Clause: Forcing endless battles is banned\n|rule|OHKO Clause: OHKO moves are banned\n|rule|Evasion Clause: Evasion abilities, items, and moves are banned\n|rule|Evasion Abilities Clause: Evasion abilities are banned\n|rule|Evasion Items Clause: Evasion items are banned\n|rule|Evasion Moves Clause: Evasion moves are banned\n|rule|Species Clause: Limit one of each Pok\u00e9mon\n|rule|Sleep Clause Mod: Limit one foe put to sleep\n|clearpoke\n|poke|p1|Nihilego|\n|poke|p1|Mimikyu, M|\n|poke|p1|Gyarados, M|\n|poke|p1|Dragonite, M|\n|poke|p1|Ting-Lu|\n|poke|p1|Moltres|\n|poke|p2|Weavile, M|\n|poke|p2|Ursaluna, F|\n|poke|p2|Scizor, M|\n|poke|p2|Zapdos|\n|poke|p2|Alomomola, M|\n|poke|p2|Kyurem|\n|teampreview\n|inactive|Battle timer is ON: inactive players will automatically lose when time's up. (requested by kkllxx)\n|inactive|bu wei chen chen has 120 seconds left.\n|\n|t:|1700291101\n|start\n|switch|p1a: Ting-Lu|Ting-Lu|100\/100\n|switch|p2a: \u770b\u8d77\u6765\u6ca1\u5565\u4f24\u5bb3\u4f46\u4f24\u5bb3\u7206\u70b8\u7684\u72b8\u7ebd\u62c9|Weavile, M|100\/100\n|-ability|p2a: \u770b\u8d77\u6765\u6ca1\u5565\u4f24\u5bb3\u4f46\u4f24\u5bb3\u7206\u70b8\u7684\u72b8\u7ebd\u62c9|Pressure\n|-ability|p1a: Ting-Lu|Vessel of Ruin\n|turn|1\n|c|\u2606bu wei chen chen|\u597d\u597d\u597d\n|c|\u2606bu wei chen chen|\u540d\u5b57\u4e0d\u9519\n|\n|t:|1700291123\n|switch|p1a: Gyarados|Gyarados, M|100\/100\n|-ability|p1a: Gyarados|Intimidate|boost\n|-unboost|p2a: \u770b\u8d77\u6765\u6ca1\u5565\u4f24\u5bb3\u4f46\u4f24\u5bb3\u7206\u70b8\u7684\u72b8\u7ebd\u62c9|atk|1\n|move|p2a: \u770b\u8d77\u6765\u6ca1\u5565\u4f24\u5bb3\u4f46\u4f24\u5bb3\u7206\u70b8\u7684\u72b8\u7ebd\u62c9|Triple Axel|p1a: Gyarados\n|-damage|p1a: Gyarados|87\/100\n|-damage|p1a: Gyarados|61\/100\n|-damage|p1a: Gyarados|22\/100\n|-hitcount|p1a: Gyarados|3\n|\n|upkeep\n|turn|2\n|c|\u2606kkllxx|\u54c8\u54c8\n|\n|t:|1700291133\n|detailschange|p1a: Gyarados|Gyarados-Mega, M\n|-mega|p1a: Gyarados|Gyarados|Gyaradosite\n|-ability|p1a: Gyarados|Mold Breaker\n|move|p2a: \u770b\u8d77\u6765\u6ca1\u5565\u4f24\u5bb3\u4f46\u4f24\u5bb3\u7206\u70b8\u7684\u72b8\u7ebd\u62c9|Triple Axel|p1a: Gyarados\n|-resisted|p1a: Gyarados\n|-damage|p1a: Gyarados|17\/100\n|-resisted|p1a: Gyarados\n|-damage|p1a: Gyarados|8\/100\n|-resisted|p1a: Gyarados\n|-damage|p1a: Gyarados|0 fnt\n|faint|p1a: Gyarados\n|-hitcount|p1: Gyarados|3\n|\n|upkeep\n|c|\u2606bu wei chen chen|\u4f60\u8fd9\u786e\u5b9e\u731b\n|inactive|bu wei chen chen has 120 seconds left.\n|\n|t:|1700291148\n|switch|p1a: Nihilego|Nihilego, shiny|100\/100\n|turn|3\n|\n|t:|1700291156\n|-terastallize|p1a: Nihilego|Fire\n|move|p2a: \u770b\u8d77\u6765\u6ca1\u5565\u4f24\u5bb3\u4f46\u4f24\u5bb3\u7206\u70b8\u7684\u72b8\u7ebd\u62c9|Triple Axel|p1a: Nihilego\n|-resisted|p1a: Nihilego\n|-damage|p1a: Nihilego|93\/100\n|-hitcount|p1a: Nihilego|1\n|move|p1a: Nihilego|Meteor Beam||[still]\n|-prepare|p1a: Nihilego|Meteor Beam\n|-boost|p1a: Nihilego|spa|1\n|-enditem|p1a: Nihilego|Power Herb\n|-anim|p1a: Nihilego|Meteor Beam|p2a: \u770b\u8d77\u6765\u6ca1\u5565\u4f24\u5bb3\u4f46\u4f24\u5bb3\u7206\u70b8\u7684\u72b8\u7ebd\u62c9\n|-supereffective|p2a: \u770b\u8d77\u6765\u6ca1\u5565\u4f24\u5bb3\u4f46\u4f24\u5bb3\u7206\u70b8\u7684\u72b8\u7ebd\u62c9\n|-damage|p2a: \u770b\u8d77\u6765\u6ca1\u5565\u4f24\u5bb3\u4f46\u4f24\u5bb3\u7206\u70b8\u7684\u72b8\u7ebd\u62c9|0 fnt\n|faint|p2a: \u770b\u8d77\u6765\u6ca1\u5565\u4f24\u5bb3\u4f46\u4f24\u5bb3\u7206\u70b8\u7684\u72b8\u7ebd\u62c9\n|-ability|p1a: Nihilego|Beast Boost|boost\n|-boost|p1a: Nihilego|spe|1\n|\n|upkeep\n|\n|t:|1700291177\n|switch|p2a: \u4e0d\u9760\u8c31\u7684\u9e1f\u54e5|Zapdos|100\/100\n|turn|4\n|\n|t:|1700291191\n|move|p1a: Nihilego|Meteor Beam||[still]\n|-prepare|p1a: Nihilego|Meteor Beam\n|-boost|p1a: Nihilego|spa|1\n|-zpower|p2a: \u4e0d\u9760\u8c31\u7684\u9e1f\u54e5\n|move|p2a: \u4e0d\u9760\u8c31\u7684\u9e1f\u54e5|Supersonic Skystrike|p1a: Nihilego|[zeffect]\n|-damage|p1a: Nihilego|20\/100\n|\n|upkeep\n|turn|5\n|\n|t:|1700291199\n|switch|p2a: \u7a7a\u6709\u529b\u5ea6\u6253\u4e0d\u51fa\u4f24\u5bb3\u7684fw|Ursaluna, F|100\/100\n|move|p1a: Nihilego|Meteor Beam|p2a: \u7a7a\u6709\u529b\u5ea6\u6253\u4e0d\u51fa\u4f24\u5bb3\u7684fw|[from]lockedmove\n|-resisted|p2a: \u7a7a\u6709\u529b\u5ea6\u6253\u4e0d\u51fa\u4f24\u5bb3\u7684fw\n|-damage|p2a: \u7a7a\u6709\u529b\u5ea6\u6253\u4e0d\u51fa\u4f24\u5bb3\u7684fw|42\/100\n|\n|-status|p2a: \u7a7a\u6709\u529b\u5ea6\u6253\u4e0d\u51fa\u4f24\u5bb3\u7684fw|brn|[from] item: Flame Orb\n|upkeep\n|turn|6\n|c|\u2606bu wei chen chen|\u554a\u554a\u554a\u554a\u554a\u554a\uff1f\uff1f\uff1f\uff1f\uff1f\uff1f\n|c|\u2606kkllxx|\u6ca1\u60f3\u5230\u5427\n|\n|t:|1700291225\n|-terastallize|p2a: \u7a7a\u6709\u529b\u5ea6\u6253\u4e0d\u51fa\u4f24\u5bb3\u7684fw|Grass\n|move|p1a: Nihilego|Grass Knot|p2a: \u7a7a\u6709\u529b\u5ea6\u6253\u4e0d\u51fa\u4f24\u5bb3\u7684fw\n|-resisted|p2a: \u7a7a\u6709\u529b\u5ea6\u6253\u4e0d\u51fa\u4f24\u5bb3\u7684fw\n|-damage|p2a: \u7a7a\u6709\u529b\u5ea6\u6253\u4e0d\u51fa\u4f24\u5bb3\u7684fw|2\/100 brn\n|move|p2a: \u7a7a\u6709\u529b\u5ea6\u6253\u4e0d\u51fa\u4f24\u5bb3\u7684fw|Facade|p1a: Nihilego\n|-damage|p1a: Nihilego|0 fnt\n|faint|p1a: Nihilego\n|\n|-damage|p2a: \u7a7a\u6709\u529b\u5ea6\u6253\u4e0d\u51fa\u4f24\u5bb3\u7684fw|0 fnt|[from] brn\n|faint|p2a: \u7a7a\u6709\u529b\u5ea6\u6253\u4e0d\u51fa\u4f24\u5bb3\u7684fw\n|upkeep\n|c|\u2606bu wei chen chen|\u8fd9\u5c40\u6253\u5b8c\u8bf7\u52a1\u5fc5\u628a\u961f\u4f0d\u53d1\u7ed9\u6211\n|c|\u2606bu wei chen chen|\u592a\u795e\u5947\u4e86\n|c|\u2606bu wei chen chen|\u300a\u70b9\u4e00\u4e0b\u300b\n|inactive|kkllxx has 120 seconds left.\n|\n|t:|1700291248\n|switch|p1a: Ting-Lu|Ting-Lu|100\/100\n|switch|p2a: \u731c\u731c\u6211\u4ec0\u4e48\u914d\u7f6e|Kyurem|100\/100\n|-ability|p2a: \u731c\u731c\u6211\u4ec0\u4e48\u914d\u7f6e|Pressure\n|-ability|p1a: Ting-Lu|Vessel of Ruin\n|turn|7\n|inactive|kkllxx has 120 seconds left.\n|\n|t:|1700291254\n|move|p2a: \u731c\u731c\u6211\u4ec0\u4e48\u914d\u7f6e|Dragon Dance|p2a: \u731c\u731c\u6211\u4ec0\u4e48\u914d\u7f6e\n|-boost|p2a: \u731c\u731c\u6211\u4ec0\u4e48\u914d\u7f6e|atk|1\n|-boost|p2a: \u731c\u731c\u6211\u4ec0\u4e48\u914d\u7f6e|spe|1\n|move|p1a: Ting-Lu|Stealth Rock|p2a: \u731c\u731c\u6211\u4ec0\u4e48\u914d\u7f6e\n|-sidestart|p2: kkllxx|move: Stealth Rock\n|\n|upkeep\n|turn|8\n|\n|t:|1700291259\n|move|p2a: \u731c\u731c\u6211\u4ec0\u4e48\u914d\u7f6e|Dragon Dance|p2a: \u731c\u731c\u6211\u4ec0\u4e48\u914d\u7f6e\n|-boost|p2a: \u731c\u731c\u6211\u4ec0\u4e48\u914d\u7f6e|atk|1\n|-boost|p2a: \u731c\u731c\u6211\u4ec0\u4e48\u914d\u7f6e|spe|1\n|move|p1a: Ting-Lu|Whirlwind|p2a: \u731c\u731c\u6211\u4ec0\u4e48\u914d\u7f6e\n|drag|p2a: \u4ee4\u4eba\u5b89\u5fc3\u7684\u87b3\u8782|Scizor, M|100\/100\n|-damage|p2a: \u4ee4\u4eba\u5b89\u5fc3\u7684\u87b3\u8782|88\/100|[from] Stealth Rock\n|\n|upkeep\n|turn|9\n|\n|t:|1700291268\n|detailschange|p2a: \u4ee4\u4eba\u5b89\u5fc3\u7684\u87b3\u8782|Scizor-Mega, M\n|-mega|p2a: \u4ee4\u4eba\u5b89\u5fc3\u7684\u87b3\u8782|Scizor|Scizorite\n|move|p2a: \u4ee4\u4eba\u5b89\u5fc3\u7684\u87b3\u8782|U-turn|p1a: Ting-Lu\n|-supereffective|p1a: Ting-Lu\n|-damage|p1a: Ting-Lu|64\/100\n|\n|t:|1700291278\n|switch|p2a: \u6298\u8fd4\u6298\u8fd4|Alomomola, M|100\/100|[from] U-turn\n|move|p1a: Ting-Lu|Ruination|p2a: \u6298\u8fd4\u6298\u8fd4\n|-damage|p2a: \u6298\u8fd4\u6298\u8fd4|51\/100\n|\n|-heal|p1a: Ting-Lu|71\/100|[from] item: Leftovers\n|upkeep\n|turn|10\n|\n|t:|1700291295\n|move|p1a: Ting-Lu|Ruination|p2a: \u6298\u8fd4\u6298\u8fd4\n|-damage|p2a: \u6298\u8fd4\u6298\u8fd4|26\/100\n|move|p2a: \u6298\u8fd4\u6298\u8fd4|Toxic|p1a: Ting-Lu\n|-status|p1a: Ting-Lu|tox\n|\n|-heal|p1a: Ting-Lu|77\/100 tox|[from] item: Leftovers\n|-damage|p1a: Ting-Lu|71\/100 tox|[from] psn\n|upkeep\n|turn|11\n|\n|t:|1700291305\n|move|p2a: \u6298\u8fd4\u6298\u8fd4|Wish|p2a: \u6298\u8fd4\u6298\u8fd4\n|move|p1a: Ting-Lu|Whirlwind|p2a: \u6298\u8fd4\u6298\u8fd4\n|drag|p2a: \u4ee4\u4eba\u5b89\u5fc3\u7684\u87b3\u8782|Scizor-Mega, M|88\/100\n|-damage|p2a: \u4ee4\u4eba\u5b89\u5fc3\u7684\u87b3\u8782|76\/100|[from] Stealth Rock\n|\n|-heal|p1a: Ting-Lu|77\/100 tox|[from] item: Leftovers\n|-damage|p1a: Ting-Lu|64\/100 tox|[from] psn\n|upkeep\n|turn|12\n|\n|t:|1700291317\n|switch|p1a: Moltres|Moltres|100\/100\n|move|p2a: \u4ee4\u4eba\u5b89\u5fc3\u7684\u87b3\u8782|Swords Dance|p2a: \u4ee4\u4eba\u5b89\u5fc3\u7684\u87b3\u8782\n|-boost|p2a: \u4ee4\u4eba\u5b89\u5fc3\u7684\u87b3\u8782|atk|2\n|\n|-heal|p2a: \u4ee4\u4eba\u5b89\u5fc3\u7684\u87b3\u8782|100\/100|[from] move: Wish|[wisher] \u6298\u8fd4\u6298\u8fd4\n|upkeep\n|turn|13\n|\n|t:|1700291325\n|switch|p2a: \u4e0d\u9760\u8c31\u7684\u9e1f\u54e5|Zapdos|100\/100\n|-damage|p2a: \u4e0d\u9760\u8c31\u7684\u9e1f\u54e5|76\/100|[from] Stealth Rock\n|move|p1a: Moltres|Mystical Fire|p2a: \u4e0d\u9760\u8c31\u7684\u9e1f\u54e5\n|-damage|p2a: \u4e0d\u9760\u8c31\u7684\u9e1f\u54e5|36\/100\n|-unboost|p2a: \u4e0d\u9760\u8c31\u7684\u9e1f\u54e5|spa|1\n|\n|upkeep\n|turn|14\n|\n|t:|1700291342\n|move|p2a: \u4e0d\u9760\u8c31\u7684\u9e1f\u54e5|Thunderbolt|p1a: Moltres\n|-supereffective|p1a: Moltres\n|-damage|p1a: Moltres|36\/100\n|move|p1a: Moltres|Mystical Fire|p2a: \u4e0d\u9760\u8c31\u7684\u9e1f\u54e5\n|-damage|p2a: \u4e0d\u9760\u8c31\u7684\u9e1f\u54e5|0 fnt\n|faint|p2a: \u4e0d\u9760\u8c31\u7684\u9e1f\u54e5\n|\n|upkeep\n|\n|t:|1700291347\n|switch|p2a: \u6298\u8fd4\u6298\u8fd4|Alomomola, M|59\/100\n|turn|15\n|\n|t:|1700291356\n|move|p1a: Moltres|Toxic|p2a: \u6298\u8fd4\u6298\u8fd4\n|-status|p2a: \u6298\u8fd4\u6298\u8fd4|tox\n|move|p2a: \u6298\u8fd4\u6298\u8fd4|Flip Turn|p1a: Moltres\n|-supereffective|p1a: Moltres\n|-damage|p1a: Moltres|14\/100\n|\n|t:|1700291365\n|switch|p2a: \u4ee4\u4eba\u5b89\u5fc3\u7684\u87b3\u8782|Scizor-Mega, M|100\/100|[from] Flip Turn\n|-damage|p2a: \u4ee4\u4eba\u5b89\u5fc3\u7684\u87b3\u8782|88\/100|[from] Stealth Rock\n|\n|upkeep\n|turn|16\n|\n|t:|1700291375\n|move|p2a: \u4ee4\u4eba\u5b89\u5fc3\u7684\u87b3\u8782|Bullet Punch|p1a: Moltres\n|-resisted|p1a: Moltres\n|-damage|p1a: Moltres|4\/100\n|move|p1a: Moltres|Roost|p1a: Moltres\n|-heal|p1a: Moltres|54\/100\n|-singleturn|p1a: Moltres|move: Roost\n|\n|upkeep\n|turn|17\n|c|\u2606bu wei chen chen|\u4f60\u4e5f\u70b9\u4e00\u4e0b\n|\n|t:|1700291383\n|switch|p2a: \u6298\u8fd4\u6298\u8fd4|Alomomola, M|92\/100 tox\n|move|p1a: Moltres|Roost|p1a: Moltres\n|-heal|p1a: Moltres|100\/100\n|-singleturn|p1a: Moltres|move: Roost\n|\n|-damage|p2a: \u6298\u8fd4\u6298\u8fd4|86\/100 tox|[from] psn\n|upkeep\n|turn|18\n|c|\u2606kkllxx|\u9ad8\u4f30\u87b3\u8782\u4f24\u5bb3\u4e86\n|\n|t:|1700291405\n|move|p1a: Moltres|Mystical Fire|p2a: \u6298\u8fd4\u6298\u8fd4\n|-resisted|p2a: \u6298\u8fd4\u6298\u8fd4\n|-damage|p2a: \u6298\u8fd4\u6298\u8fd4|67\/100 tox\n|-unboost|p2a: \u6298\u8fd4\u6298\u8fd4|spa|1\n|move|p2a: \u6298\u8fd4\u6298\u8fd4|Toxic|p1a: Moltres\n|-status|p1a: Moltres|tox\n|\n|-damage|p1a: Moltres|94\/100 tox|[from] psn\n|-damage|p2a: \u6298\u8fd4\u6298\u8fd4|54\/100 tox|[from] psn\n|upkeep\n|turn|19\n|inactive|bu wei chen chen has 120 seconds left.\n|\n|t:|1700291431\n|switch|p1a: Ting-Lu|Ting-Lu|64\/100 tox\n|-ability|p1a: Ting-Lu|Vessel of Ruin\n|move|p2a: \u6298\u8fd4\u6298\u8fd4|Wish|p2a: \u6298\u8fd4\u6298\u8fd4\n|\n|-heal|p1a: Ting-Lu|71\/100 tox|[from] item: Leftovers\n|-damage|p1a: Ting-Lu|64\/100 tox|[from] psn\n|-damage|p2a: \u6298\u8fd4\u6298\u8fd4|36\/100 tox|[from] psn\n|upkeep\n|turn|20\n|\n|t:|1700291436\n|move|p1a: Ting-Lu|Ruination|p2a: \u6298\u8fd4\u6298\u8fd4\n|-damage|p2a: \u6298\u8fd4\u6298\u8fd4|18\/100 tox\n|move|p2a: \u6298\u8fd4\u6298\u8fd4|Flip Turn|p1a: Ting-Lu\n|-supereffective|p1a: Ting-Lu\n|-damage|p1a: Ting-Lu|46\/100 tox\n|\n|t:|1700291445\n|switch|p2a: \u4ee4\u4eba\u5b89\u5fc3\u7684\u87b3\u8782|Scizor-Mega, M|88\/100|[from] Flip Turn\n|-damage|p2a: \u4ee4\u4eba\u5b89\u5fc3\u7684\u87b3\u8782|76\/100|[from] Stealth Rock\n|\n|-heal|p2a: \u4ee4\u4eba\u5b89\u5fc3\u7684\u87b3\u8782|100\/100|[from] move: Wish|[wisher] \u6298\u8fd4\u6298\u8fd4\n|-heal|p1a: Ting-Lu|53\/100 tox|[from] item: Leftovers\n|-damage|p1a: Ting-Lu|40\/100 tox|[from] psn\n|upkeep\n|turn|21\n|\n|t:|1700291466\n|move|p2a: \u4ee4\u4eba\u5b89\u5fc3\u7684\u87b3\u8782|U-turn|p1a: Ting-Lu\n|-supereffective|p1a: Ting-Lu\n|-damage|p1a: Ting-Lu|1\/100 tox\n|c|\u2606bu wei chen chen|az\n|\n|t:|1700291471\n|switch|p2a: \u731c\u731c\u6211\u4ec0\u4e48\u914d\u7f6e|Kyurem|100\/100|[from] U-turn\n|-damage|p2a: \u731c\u731c\u6211\u4ec0\u4e48\u914d\u7f6e|75\/100|[from] Stealth Rock\n|-ability|p2a: \u731c\u731c\u6211\u4ec0\u4e48\u914d\u7f6e|Pressure\n|move|p1a: Ting-Lu|Ruination|p2a: \u731c\u731c\u6211\u4ec0\u4e48\u914d\u7f6e\n|-damage|p2a: \u731c\u731c\u6211\u4ec0\u4e48\u914d\u7f6e|38\/100\n|\n|-heal|p1a: Ting-Lu|8\/100 tox|[from] item: Leftovers\n|-damage|p1a: Ting-Lu|0 fnt|[from] psn\n|faint|p1a: Ting-Lu\n|upkeep\n|\n|t:|1700291483\n|switch|p1a: Mimikyu|Mimikyu, M|100\/100\n|turn|22\n|\n|t:|1700291487\n|switch|p2a: \u4ee4\u4eba\u5b89\u5fc3\u7684\u87b3\u8782|Scizor-Mega, M|100\/100\n|-damage|p2a: \u4ee4\u4eba\u5b89\u5fc3\u7684\u87b3\u8782|88\/100|[from] Stealth Rock\n|move|p1a: Mimikyu|Swords Dance|p1a: Mimikyu\n|-boost|p1a: Mimikyu|atk|2\n|\n|upkeep\n|turn|23\n|\n|t:|1700291496\n|move|p2a: \u4ee4\u4eba\u5b89\u5fc3\u7684\u87b3\u8782|Bullet Punch|p1a: Mimikyu\n|-activate|p1a: Mimikyu|ability: Disguise\n|-damage|p1a: Mimikyu|100\/100\n|detailschange|p1a: Mimikyu|Mimikyu-Busted, M\n|-damage|p1a: Mimikyu|88\/100|[from] pokemon: Mimikyu-Busted\n|move|p1a: Mimikyu|Shadow Claw|p2a: \u4ee4\u4eba\u5b89\u5fc3\u7684\u87b3\u8782\n|-damage|p2a: \u4ee4\u4eba\u5b89\u5fc3\u7684\u87b3\u8782|39\/100\n|-damage|p1a: Mimikyu|78\/100|[from] item: Life Orb\n|\n|upkeep\n|turn|24\n|\n|t:|1700291512\n|move|p1a: Mimikyu|Shadow Sneak|p2a: \u4ee4\u4eba\u5b89\u5fc3\u7684\u87b3\u8782\n|-damage|p2a: \u4ee4\u4eba\u5b89\u5fc3\u7684\u87b3\u8782|10\/100\n|-damage|p1a: Mimikyu|68\/100|[from] item: Life Orb\n|move|p2a: \u4ee4\u4eba\u5b89\u5fc3\u7684\u87b3\u8782|Bullet Punch|p1a: Mimikyu\n|-supereffective|p1a: Mimikyu\n|-damage|p1a: Mimikyu|0 fnt\n|faint|p1a: Mimikyu\n|\n|upkeep\n|c|\u2606bu wei chen chen|\u53ef\u6076\uff01\n|\n|t:|1700291532\n|switch|p1a: Dragonite|Dragonite, M|100\/100\n|turn|25\n|\n|t:|1700291540\n|move|p2a: \u4ee4\u4eba\u5b89\u5fc3\u7684\u87b3\u8782|Bullet Punch|p1a: Dragonite\n|-damage|p1a: Dragonite|84\/100\n|move|p1a: Dragonite|Dragon Dance|p1a: Dragonite\n|-boost|p1a: Dragonite|atk|1\n|-boost|p1a: Dragonite|spe|1\n|\n|upkeep\n|turn|26\n|\n|t:|1700291554\n|move|p1a: Dragonite|Extreme Speed|p2a: \u4ee4\u4eba\u5b89\u5fc3\u7684\u87b3\u8782\n|-resisted|p2a: \u4ee4\u4eba\u5b89\u5fc3\u7684\u87b3\u8782\n|-damage|p2a: \u4ee4\u4eba\u5b89\u5fc3\u7684\u87b3\u8782|0 fnt\n|faint|p2a: \u4ee4\u4eba\u5b89\u5fc3\u7684\u87b3\u8782\n|\n|upkeep\n|\n|t:|1700291557\n|switch|p2a: \u6298\u8fd4\u6298\u8fd4|Alomomola, M|51\/100 tox\n|turn|27\n|\n|t:|1700291568\n|-zpower|p1a: Dragonite\n|move|p1a: Dragonite|Supersonic Skystrike|p2a: \u6298\u8fd4\u6298\u8fd4|[zeffect]\n|-damage|p2a: \u6298\u8fd4\u6298\u8fd4|0 fnt\n|faint|p2a: \u6298\u8fd4\u6298\u8fd4\n|\n|upkeep\n|\n|t:|1700291573\n|switch|p2a: \u731c\u731c\u6211\u4ec0\u4e48\u914d\u7f6e|Kyurem|38\/100\n|-damage|p2a: \u731c\u731c\u6211\u4ec0\u4e48\u914d\u7f6e|13\/100|[from] Stealth Rock\n|-ability|p2a: \u731c\u731c\u6211\u4ec0\u4e48\u914d\u7f6e|Pressure\n|turn|28\n|\n|t:|1700291576\n|move|p1a: Dragonite|Extreme Speed|p2a: \u731c\u731c\u6211\u4ec0\u4e48\u914d\u7f6e\n|-damage|p2a: \u731c\u731c\u6211\u4ec0\u4e48\u914d\u7f6e|0 fnt\n|faint|p2a: \u731c\u731c\u6211\u4ec0\u4e48\u914d\u7f6e\n|\n|win|bu wei chen chen\n|raw|bu wei chen chen's rating: 1308 &rarr; <strong>1335<\/strong><br \/>(+27 for winning)\n|raw|kkllxx's rating: 1441 &rarr; <strong>1414<\/strong><br \/>(-27 for losing)\n|c|\u2606bu wei chen chen|gg\n|c|\u2606bu wei chen chen|\u6211\u8981\u770b\u4f60\u7684\u961f\u4f0d\uff01\n|c|\u2606kkllxx|\u600e\u4e48\u53d1\u554a\n|c|\u2606bu wei chen chen|\u6211\u53bb\u627e\u4f60\u804a\u5929\n|c|\u2606bu wei chen chen|\u53bb\u770b\u4e3b\u754c\u9762\u5427\n","uploadtime":1700291659,"views":20,"p1id":"buweichenchen","p2id":"kkllxx","formatid":"gen9nationaldex","rating":1335,"private":0,"password":""}