{"id":"gen9nationaldex-1987047533","p1":"GojoXK","p2":"RandoTestAccount","format":"[Gen 9] National Dex","log":"|j|\u2606GojoXK\n|j|\u2606RandoTestAccount\n|t:|1699551791\n|gametype|singles\n|player|p1|GojoXK|265|1271\n|player|p2|RandoTestAccount|pokemonrangerf|1312\n|teamsize|p1|6\n|teamsize|p2|6\n|gen|9\n|tier|[Gen 9] National Dex\n|rated|\n|rule|HP Percentage Mod: HP is shown in percentages\n|rule|Endless Battle Clause: Forcing endless battles is banned\n|rule|OHKO Clause: OHKO moves are banned\n|rule|Evasion Clause: Evasion abilities, items, and moves are banned\n|rule|Evasion Abilities Clause: Evasion abilities are banned\n|rule|Evasion Items Clause: Evasion items are banned\n|rule|Evasion Moves Clause: Evasion moves are banned\n|rule|Species Clause: Limit one of each Pok\u00e9mon\n|rule|Sleep Clause Mod: Limit one foe put to sleep\n|clearpoke\n|poke|p1|Volcarona, F|\n|poke|p1|Kleavor, M|\n|poke|p1|Ribombee, M|\n|poke|p1|Frosmoth, M|\n|poke|p1|Scizor, F|\n|poke|p1|Buzzwole|\n|poke|p2|Umbreon, F|\n|poke|p2|Excadrill, F|\n|poke|p2|Corviknight, F|\n|poke|p2|Tapu Fini|\n|poke|p2|Sableye, F|\n|poke|p2|Dragalge, F|\n|teampreview\n|inactive|Battle timer is ON: inactive players will automatically lose when time's up. (requested by RandoTestAccount)\n|\n|t:|1699551805\n|start\n|switch|p1a: Kleavor|Kleavor, M|100\/100\n|switch|p2a: Spectre of Emerald|Sableye, F, shiny|100\/100\n|turn|1\n|\n|t:|1699551811\n|move|p2a: Spectre of Emerald|Will-O-Wisp|p1a: Kleavor\n|-status|p1a: Kleavor|brn\n|move|p1a: Kleavor|Knock Off|p2a: Spectre of Emerald\n|-crit|p2a: Spectre of Emerald\n|-damage|p2a: Spectre of Emerald|81\/100\n|\n|-damage|p1a: Kleavor|94\/100 brn|[from] brn\n|upkeep\n|turn|2\n|\n|t:|1699551819\n|switch|p1a: Buzzwole|Buzzwole|100\/100\n|detailschange|p2a: Spectre of Emerald|Sableye-Mega, F, shiny\n|-mega|p2a: Spectre of Emerald|Sableye|Sablenite\n|move|p2a: Spectre of Emerald|Calm Mind|p2a: Spectre of Emerald\n|-boost|p2a: Spectre of Emerald|spa|1\n|-boost|p2a: Spectre of Emerald|spd|1\n|\n|upkeep\n|turn|3\n|\n|t:|1699551827\n|move|p1a: Buzzwole|Leech Life|p2a: Spectre of Emerald\n|-damage|p2a: Spectre of Emerald|55\/100\n|move|p2a: Spectre of Emerald|Will-O-Wisp|p1a: Buzzwole\n|-status|p1a: Buzzwole|brn\n|\n|-damage|p1a: Buzzwole|94\/100 brn|[from] brn\n|upkeep\n|turn|4\n|\n|t:|1699551839\n|move|p1a: Buzzwole|Bulk Up|p1a: Buzzwole\n|-boost|p1a: Buzzwole|atk|1\n|-boost|p1a: Buzzwole|def|1\n|move|p2a: Spectre of Emerald|Recover|p2a: Spectre of Emerald\n|-heal|p2a: Spectre of Emerald|100\/100\n|\n|-damage|p1a: Buzzwole|88\/100 brn|[from] brn\n|upkeep\n|turn|5\n|\n|t:|1699551845\n|switch|p2a: Agony Steelheart|Dragalge, F, shiny|100\/100\n|move|p1a: Buzzwole|Leech Life|p2a: Agony Steelheart\n|-resisted|p2a: Agony Steelheart\n|-damage|p2a: Agony Steelheart|85\/100\n|-heal|p1a: Buzzwole|95\/100 brn|[from] drain|[of] p2a: Agony Steelheart\n|\n|-heal|p2a: Agony Steelheart|91\/100|[from] item: Black Sludge\n|-damage|p1a: Buzzwole|88\/100 brn|[from] brn\n|upkeep\n|turn|6\n|\n|t:|1699551853\n|move|p1a: Buzzwole|Dual Wingbeat|p2a: Agony Steelheart\n|-damage|p2a: Agony Steelheart|80\/100\n|-damage|p2a: Agony Steelheart|70\/100\n|-hitcount|p2a: Agony Steelheart|2\n|move|p2a: Agony Steelheart|Acid Spray|p1a: Buzzwole\n|-damage|p1a: Buzzwole|62\/100 brn\n|-unboost|p1a: Buzzwole|spd|2\n|\n|-heal|p2a: Agony Steelheart|76\/100|[from] item: Black Sludge\n|-damage|p1a: Buzzwole|56\/100 brn|[from] brn\n|upkeep\n|turn|7\n|\n|t:|1699551860\n|move|p1a: Buzzwole|Bulk Up|p1a: Buzzwole\n|-boost|p1a: Buzzwole|atk|1\n|-boost|p1a: Buzzwole|def|1\n|move|p2a: Agony Steelheart|Dragon Pulse|p1a: Buzzwole\n|-damage|p1a: Buzzwole|0 fnt\n|faint|p1a: Buzzwole\n|\n|-heal|p2a: Agony Steelheart|82\/100|[from] item: Black Sludge\n|upkeep\n|\n|t:|1699551865\n|switch|p1a: Frosmoth|Frosmoth, M|100\/100\n|turn|8\n|\n|t:|1699551869\n|move|p1a: Frosmoth|Quiver Dance|p1a: Frosmoth\n|-boost|p1a: Frosmoth|spa|1\n|-boost|p1a: Frosmoth|spd|1\n|-boost|p1a: Frosmoth|spe|1\n|move|p2a: Agony Steelheart|Toxic|p1a: Frosmoth\n|-status|p1a: Frosmoth|tox\n|\n|-heal|p2a: Agony Steelheart|88\/100|[from] item: Black Sludge\n|-damage|p1a: Frosmoth|94\/100 tox|[from] psn\n|upkeep\n|turn|9\n|\n|t:|1699551873\n|move|p1a: Frosmoth|Ice Beam|p2a: Agony Steelheart\n|-supereffective|p2a: Agony Steelheart\n|-crit|p2a: Agony Steelheart\n|-damage|p2a: Agony Steelheart|0 fnt\n|faint|p2a: Agony Steelheart\n|\n|-damage|p1a: Frosmoth|82\/100 tox|[from] psn\n|upkeep\n|\n|t:|1699551879\n|switch|p2a: The Droplet Tear|Tapu Fini, shiny|100\/100\n|-fieldstart|move: Misty Terrain|[from] ability: Misty Surge|[of] p2a: The Droplet Tear\n|turn|10\n|\n|t:|1699551887\n|move|p1a: Frosmoth|Giga Drain|p2a: The Droplet Tear\n|-supereffective|p2a: The Droplet Tear\n|-damage|p2a: The Droplet Tear|47\/100\n|-heal|p1a: Frosmoth|100\/100 tox|[from] drain|[of] p2a: The Droplet Tear\n|move|p2a: The Droplet Tear|Moonblast|p1a: Frosmoth\n|-damage|p1a: Frosmoth|90\/100 tox\n|\n|-heal|p2a: The Droplet Tear|53\/100|[from] item: Leftovers\n|-damage|p1a: Frosmoth|72\/100 tox|[from] psn\n|upkeep\n|turn|11\n|\n|t:|1699551895\n|switch|p2a: Ephialtes Keeper|Corviknight, F, shiny|100\/100\n|-ability|p2a: Ephialtes Keeper|Pressure\n|move|p1a: Frosmoth|Giga Drain|p2a: Ephialtes Keeper\n|-resisted|p2a: Ephialtes Keeper\n|-damage|p2a: Ephialtes Keeper|93\/100\n|-heal|p1a: Frosmoth|76\/100 tox|[from] drain|[of] p2a: Ephialtes Keeper\n|\n|-damage|p1a: Frosmoth|52\/100 tox|[from] psn\n|upkeep\n|turn|12\n|\n|t:|1699551900\n|move|p1a: Frosmoth|Ice Beam|p2a: Ephialtes Keeper\n|-damage|p2a: Ephialtes Keeper|44\/100\n|move|p2a: Ephialtes Keeper|U-turn|p1a: Frosmoth\n|-damage|p1a: Frosmoth|29\/100 tox\n|\n|t:|1699551904\n|switch|p2a: The Droplet Tear|Tapu Fini, shiny|53\/100|[from] U-turn\n|\n|-heal|p2a: The Droplet Tear|59\/100|[from] item: Leftovers\n|-damage|p1a: Frosmoth|0 fnt|[from] psn\n|faint|p1a: Frosmoth\n|upkeep\n|\n|t:|1699551917\n|switch|p1a: Kleavor|Kleavor, M|94\/100 brn\n|turn|13\n|inactive|RandoTestAccount has 120 seconds left.\n|\n|t:|1699551958\n|move|p1a: Kleavor|Stone Axe|p2a: The Droplet Tear\n|-damage|p2a: The Droplet Tear|38\/100\n|-sidestart|p2: RandoTestAccount|move: Stealth Rock\n|move|p2a: The Droplet Tear|Calm Mind|p2a: The Droplet Tear\n|-boost|p2a: The Droplet Tear|spa|1\n|-boost|p2a: The Droplet Tear|spd|1\n|\n|-heal|p2a: The Droplet Tear|44\/100|[from] item: Leftovers\n|-damage|p1a: Kleavor|88\/100 brn|[from] brn\n|upkeep\n|turn|14\n|\n|t:|1699551972\n|switch|p1a: Scizor|Scizor, F|100\/100\n|move|p2a: The Droplet Tear|Scald|p1a: Scizor\n|-damage|p1a: Scizor|47\/100\n|\n|-heal|p2a: The Droplet Tear|50\/100|[from] item: Leftovers\n|-fieldend|Misty Terrain\n|upkeep\n|turn|15\n|inactive|RandoTestAccount has 120 seconds left.\n|\n|t:|1699551986\n|detailschange|p1a: Scizor|Scizor-Mega, F\n|-mega|p1a: Scizor|Scizor|Scizorite\n|move|p1a: Scizor|Swords Dance|p1a: Scizor\n|-boost|p1a: Scizor|atk|2\n|move|p2a: The Droplet Tear|Scald|p1a: Scizor\n|-damage|p1a: Scizor|0 fnt\n|faint|p1a: Scizor\n|\n|-heal|p2a: The Droplet Tear|56\/100|[from] item: Leftovers\n|upkeep\n|-message|GojoXK forfeited.\n|\n|win|RandoTestAccount\n|raw|GojoXK's rating: 1271 &rarr; <strong>1249<\/strong><br \/>(-22 for losing)\n|raw|RandoTestAccount's rating: 1312 &rarr; <strong>1330<\/strong><br \/>(+18 for winning)\n|l|\u2606GojoXK\n","uploadtime":1699552003,"views":4,"p1id":"gojoxk","p2id":"randotestaccount","formatid":"gen9nationaldex","rating":1249,"private":0,"password":""}