{"id":"gen9nationaldex-1988689851","p1":"FdePerro28","p2":"lYLxuanxuan","format":"[Gen 9] National Dex","log":"|j|\u2606FdePerro28\n|j|\u2606lYLxuanxuan\n|t:|1699751008\n|gametype|singles\n|player|p1|FdePerro28|bugcatcher-gen4dp|1300\n|player|p2|lYLxuanxuan|dawn|1399\n|teamsize|p1|6\n|teamsize|p2|6\n|gen|9\n|tier|[Gen 9] National Dex\n|rated|\n|rule|HP Percentage Mod: HP is shown in percentages\n|rule|Endless Battle Clause: Forcing endless battles is banned\n|rule|OHKO Clause: OHKO moves are banned\n|rule|Evasion Clause: Evasion abilities, items, and moves are banned\n|rule|Evasion Abilities Clause: Evasion abilities are banned\n|rule|Evasion Items Clause: Evasion items are banned\n|rule|Evasion Moves Clause: Evasion moves are banned\n|rule|Species Clause: Limit one of each Pok\u00e9mon\n|rule|Sleep Clause Mod: Limit one foe put to sleep\n|clearpoke\n|poke|p1|Serperior, M|\n|poke|p1|Altaria, F|\n|poke|p1|Conkeldurr, M|\n|poke|p1|Tapu Koko|\n|poke|p1|Weavile, M|\n|poke|p1|Muk-Alola, M|\n|poke|p2|Landorus-Therian, M|\n|poke|p2|Kartana|\n|poke|p2|Hawlucha, F|\n|poke|p2|Tapu Koko|\n|poke|p2|Gardevoir, F|\n|poke|p2|Jirachi|\n|teampreview\n|inactive|Battle timer is ON: inactive players will automatically lose when time's up. (requested by lYLxuanxuan)\n|\n|t:|1699751022\n|start\n|switch|p1a: Vivora|Serperior, M|100\/100\n|switch|p2a: Kartana|Kartana, shiny|100\/100\n|turn|1\n|\n|t:|1699751029\n|move|p1a: Vivora|Substitute|p1a: Vivora\n|-start|p1a: Vivora|Substitute\n|-damage|p1a: Vivora|76\/100\n|move|p2a: Kartana|Frustration|p1a: Vivora\n|-end|p1a: Vivora|Substitute\n|\n|upkeep\n|turn|2\n|\n|t:|1699751032\n|move|p1a: Vivora|Glare|p2a: Kartana\n|-status|p2a: Kartana|par\n|cant|p2a: Kartana|par\n|\n|upkeep\n|turn|3\n|\n|t:|1699751037\n|switch|p1a: Tio Gillipoyas|Conkeldurr, M, shiny|100\/100\n|move|p2a: Kartana|Frustration|p1a: Tio Gillipoyas\n|-damage|p1a: Tio Gillipoyas|42\/100\n|\n|upkeep\n|turn|4\n|\n|t:|1699751042\n|move|p1a: Tio Gillipoyas|Mach Punch|p2a: Kartana\n|-supereffective|p2a: Kartana\n|-damage|p2a: Kartana|35\/100 par\n|cant|p2a: Kartana|par\n|\n|upkeep\n|turn|5\n|\n|t:|1699751049\n|move|p1a: Tio Gillipoyas|Mach Punch|p2a: Kartana\n|-supereffective|p2a: Kartana\n|-damage|p2a: Kartana|0 fnt\n|faint|p2a: Kartana\n|\n|upkeep\n|\n|t:|1699751051\n|switch|p2a: Landorus|Landorus-Therian, M, shiny|100\/100\n|-ability|p2a: Landorus|Intimidate|boost\n|-unboost|p1a: Tio Gillipoyas|atk|1\n|turn|6\n|\n|t:|1699751065\n|switch|p1a: El gaio de pelea|Tapu Koko|100\/100\n|-fieldstart|move: Electric Terrain|[from] ability: Electric Surge|[of] p1a: El gaio de pelea\n|move|p2a: Landorus|Stealth Rock|p1a: El gaio de pelea\n|-sidestart|p1: FdePerro28|move: Stealth Rock\n|\n|upkeep\n|turn|7\n|\n|t:|1699751074\n|move|p1a: El gaio de pelea|Defog|p2a: Landorus\n|-unboost|p2a: Landorus|evasion|1\n|-sideend|p1: FdePerro28|Stealth Rock|[from] move: Defog|[of] p1a: El gaio de pelea\n|-fieldend|move: Electric Terrain\n|move|p2a: Landorus|Explosion|p1a: El gaio de pelea\n|-damage|p1a: El gaio de pelea|1\/100\n|faint|p2a: Landorus\n|\n|upkeep\n|\n|t:|1699751084\n|switch|p2a: Tapu Koko|Tapu Koko, shiny|100\/100\n|-fieldstart|move: Electric Terrain|[from] ability: Electric Surge|[of] p2a: Tapu Koko\n|turn|8\n|\n|t:|1699751087\n|move|p2a: Tapu Koko|U-turn|p1a: El gaio de pelea\n|-resisted|p1a: El gaio de pelea\n|-damage|p1a: El gaio de pelea|0 fnt\n|faint|p1a: El gaio de pelea\n|\n|t:|1699751091\n|switch|p2a: Hawlucha|Hawlucha, F, shiny|100\/100|[from] U-turn\n|-enditem|p2a: Hawlucha|Electric Seed\n|-boost|p2a: Hawlucha|def|1|[from] item: Electric Seed\n|\n|upkeep\n|\n|t:|1699751096\n|switch|p1a: Vivora|Serperior, M|76\/100\n|turn|9\n|\n|t:|1699751103\n|move|p2a: Hawlucha|Acrobatics|p1a: Vivora\n|-supereffective|p1a: Vivora\n|-damage|p1a: Vivora|0 fnt\n|faint|p1a: Vivora\n|\n|upkeep\n|\n|t:|1699751107\n|switch|p1a: Nubarras|Altaria, F|100\/100\n|turn|10\n|\n|t:|1699751113\n|detailschange|p1a: Nubarras|Altaria-Mega, F\n|-mega|p1a: Nubarras|Altaria|Altarianite\n|move|p2a: Hawlucha|Stone Edge|p1a: Nubarras|[miss]\n|-miss|p2a: Hawlucha|p1a: Nubarras\n|move|p1a: Nubarras|Frustration|p2a: Hawlucha\n|-supereffective|p2a: Hawlucha\n|-damage|p2a: Hawlucha|0 fnt\n|faint|p2a: Hawlucha\n|\n|upkeep\n|\n|t:|1699751118\n|switch|p2a: Gardevoir|Gardevoir, F, shiny|100\/100\n|-ability|p2a: Gardevoir|Pixilate|[from] ability: Trace|[of] p1a: Nubarras\n|turn|11\n|\n|t:|1699751127\n|switch|p1a: Fuego en la Disco|Muk-Alola, M|100\/100\n|detailschange|p2a: Gardevoir|Gardevoir-Mega, F, shiny\n|-mega|p2a: Gardevoir|Gardevoir|Gardevoirite\n|move|p2a: Gardevoir|Hyper Voice|p1a: Fuego en la Disco\n|-damage|p1a: Fuego en la Disco|59\/100\n|\n|-heal|p1a: Fuego en la Disco|65\/100|[from] item: Leftovers\n|upkeep\n|turn|12\n|\n|t:|1699751133\n|move|p2a: Gardevoir|Thunderbolt|p1a: Fuego en la Disco\n|-damage|p1a: Fuego en la Disco|35\/100\n|move|p1a: Fuego en la Disco|Knock Off|p2a: Gardevoir\n|-damage|p2a: Gardevoir|60\/100\n|-status|p2a: Gardevoir|psn|[from] ability: Poison Touch|[of] p1a: Fuego en la Disco\n|\n|-heal|p1a: Fuego en la Disco|41\/100|[from] item: Leftovers\n|-damage|p2a: Gardevoir|48\/100 psn|[from] psn\n|-fieldend|move: Electric Terrain\n|upkeep\n|turn|13\n|\n|t:|1699751138\n|move|p2a: Gardevoir|Thunderbolt|p1a: Fuego en la Disco\n|-damage|p1a: Fuego en la Disco|17\/100\n|move|p1a: Fuego en la Disco|Knock Off|p2a: Gardevoir\n|-damage|p2a: Gardevoir|8\/100 psn\n|\n|-heal|p1a: Fuego en la Disco|23\/100|[from] item: Leftovers\n|-damage|p2a: Gardevoir|0 fnt|[from] psn\n|faint|p2a: Gardevoir\n|upkeep\n|\n|t:|1699751142\n|switch|p2a: Tapu Koko|Tapu Koko, shiny|100\/100\n|-fieldstart|move: Electric Terrain|[from] ability: Electric Surge|[of] p2a: Tapu Koko\n|turn|14\n|\n|t:|1699751150\n|move|p2a: Tapu Koko|Thunderbolt|p1a: Fuego en la Disco\n|-damage|p1a: Fuego en la Disco|0 fnt\n|faint|p1a: Fuego en la Disco\n|\n|upkeep\n|\n|t:|1699751157\n|switch|p1a: Nubarras|Altaria-Mega, F|100\/100\n|turn|15\n|\n|t:|1699751165\n|move|p2a: Tapu Koko|Thunderbolt|p1a: Nubarras\n|-resisted|p1a: Nubarras\n|-crit|p1a: Nubarras\n|-damage|p1a: Nubarras|57\/100\n|move|p1a: Nubarras|Earthquake|p2a: Tapu Koko\n|-supereffective|p2a: Tapu Koko\n|-damage|p2a: Tapu Koko|0 fnt\n|faint|p2a: Tapu Koko\n|\n|upkeep\n|\n|t:|1699751167\n|switch|p2a: Jirachi|Jirachi, shiny|100\/100\n|turn|16\n|\n|t:|1699751170\n|-zpower|p2a: Jirachi\n|move|p2a: Jirachi|Z-Happy Hour|p2a: Jirachi|[anim]Happy Hour\n|-boost|p2a: Jirachi|atk|1|[zeffect]\n|-boost|p2a: Jirachi|def|1|[zeffect]\n|-boost|p2a: Jirachi|spa|1|[zeffect]\n|-boost|p2a: Jirachi|spd|1|[zeffect]\n|-boost|p2a: Jirachi|spe|1|[zeffect]\n|move|p1a: Nubarras|Earthquake|p2a: Jirachi\n|-supereffective|p2a: Jirachi\n|-damage|p2a: Jirachi|55\/100\n|\n|upkeep\n|turn|17\n|\n|t:|1699751176\n|move|p2a: Jirachi|Iron Head|p1a: Nubarras\n|-supereffective|p1a: Nubarras\n|-damage|p1a: Nubarras|0 fnt\n|faint|p1a: Nubarras\n|\n|upkeep\n|\n|t:|1699751178\n|switch|p1a: el cara|Weavile, M, shiny|100\/100\n|turn|18\n|\n|t:|1699751183\n|move|p1a: el cara|Fake Out|p2a: Jirachi\n|-resisted|p2a: Jirachi\n|-damage|p2a: Jirachi|48\/100\n|-damage|p1a: el cara|91\/100|[from] item: Life Orb\n|cant|p2a: Jirachi|flinch\n|\n|-fieldend|move: Electric Terrain\n|upkeep\n|turn|19\n|\n|t:|1699751188\n|-terastallize|p1a: el cara|Ghost\n|move|p2a: Jirachi|Iron Head|p1a: el cara\n|-damage|p1a: el cara|8\/100\n|cant|p1a: el cara|flinch\n|\n|upkeep\n|turn|20\n|\n|t:|1699751194\n|move|p2a: Jirachi|Iron Head|p1a: el cara\n|-damage|p1a: el cara|0 fnt\n|faint|p1a: el cara\n|\n|upkeep\n|\n|t:|1699751195\n|switch|p1a: Tio Gillipoyas|Conkeldurr, M, shiny|42\/100\n|turn|21\n|\n|t:|1699751198\n|move|p1a: Tio Gillipoyas|Mach Punch|p2a: Jirachi\n|-damage|p2a: Jirachi|28\/100\n|move|p2a: Jirachi|Zen Headbutt|p1a: Tio Gillipoyas\n|-supereffective|p1a: Tio Gillipoyas\n|-damage|p1a: Tio Gillipoyas|0 fnt\n|faint|p1a: Tio Gillipoyas\n|\n|win|lYLxuanxuan\n|raw|FdePerro28's rating: 1300 &rarr; <strong>1282<\/strong><br \/>(-18 for losing)\n|raw|lYLxuanxuan's rating: 1399 &rarr; <strong>1413<\/strong><br \/>(+14 for winning)\n|c|\u2606FdePerro28|ggwp\n|l|\u2606FdePerro28\n","uploadtime":1699751211,"views":6,"p1id":"fdeperro28","p2id":"lylxuanxuan","formatid":"gen9nationaldex","rating":1282,"private":0,"password":""}