{"id":"gen9nationaldex-1998474656","p1":"MarcusTalks","p2":"X-Scizor","format":"[Gen 9] National Dex","log":"|html|<div class=\"broadcast-blue\"><strong>[Gen 9] National Dex is currently suspecting Sneasler! For information on how to participate check out the <a href=\"https:\/\/www.smogon.com\/forums\/threads\/sv-national-dex-suspect-8-just-dance.3731534\/\">suspect thread<\/a>.<\/strong><\/div>\n|j|\u2606MarcusTalks\n|j|\u2606X-Scizor\n|t:|1700946430\n|gametype|singles\n|player|p1|MarcusTalks|steven|\n|player|p2|X-Scizor|ash-kalos|\n|teamsize|p1|6\n|teamsize|p2|6\n|gen|9\n|tier|[Gen 9] National Dex\n|rule|HP Percentage Mod: HP is shown in percentages\n|rule|Endless Battle Clause: Forcing endless battles is banned\n|rule|OHKO Clause: OHKO moves are banned\n|rule|Evasion Clause: Evasion abilities, items, and moves are banned\n|rule|Evasion Abilities Clause: Evasion abilities are banned\n|rule|Evasion Items Clause: Evasion items are banned\n|rule|Evasion Moves Clause: Evasion moves are banned\n|rule|Species Clause: Limit one of each Pok\u00e9mon\n|rule|Sleep Clause Mod: Limit one foe put to sleep\n|clearpoke\n|poke|p1|Aegislash, M|\n|poke|p1|Ceruledge, M|\n|poke|p1|Sinistcha-Masterpiece|\n|poke|p1|Cofagrigus, M|\n|poke|p1|Rotom|\n|poke|p1|Lopunny, F|\n|poke|p2|Aggron, F|\n|poke|p2|Tyranitar, M|\n|poke|p2|Rillaboom, F|\n|poke|p2|Tapu Lele|\n|poke|p2|Rotom-Wash|\n|poke|p2|Kommo-o, M|\n|teampreview\n|c|\u2606MarcusTalks|Gg\n|c|\u2606X-Scizor|go easy on me ive never used this team before\n|c|\u2606X-Scizor|gl hf\n|c|\u2606MarcusTalks|I\u2019ll still put up a fight though\n|c|\u2606X-Scizor|very high chance i lose dw\n|c|\u2606MarcusTalks|Nah\n|c|\u2606MarcusTalks|I\u2019m using mainly UU and RU mons\n|c|\u2606X-Scizor|idk what\n|c|\u2606X-Scizor|the teacup shit does\n|\n|t:|1700946502\n|start\n|switch|p1a: Lopunny|Lopunny, F, shiny|100\/100\n|switch|p2a: Rotom|Rotom-Wash|100\/100\n|turn|1\n|c|\u2606MarcusTalks|It\u2019s known for its doubles ability, Hospitality\n|\n|t:|1700946516\n|detailschange|p1a: Lopunny|Lopunny-Mega, F, shiny\n|-mega|p1a: Lopunny|Lopunny|Lopunnite\n|move|p1a: Lopunny|Fake Out|p2a: Rotom\n|-damage|p2a: Rotom|81\/100\n|cant|p2a: Rotom|flinch\n|\n|-heal|p2a: Rotom|87\/100|[from] item: Leftovers\n|upkeep\n|turn|2\n|\n|t:|1700946526\n|move|p1a: Lopunny|High Jump Kick|p2a: Rotom\n|-damage|p2a: Rotom|31\/100\n|move|p2a: Rotom|Thunder Wave|p1a: Lopunny\n|-status|p1a: Lopunny|par\n|\n|-heal|p2a: Rotom|36\/100|[from] item: Leftovers\n|upkeep\n|turn|3\n|\n|t:|1700946534\n|move|p2a: Rotom|Volt Switch|p1a: Lopunny\n|-damage|p1a: Lopunny|66\/100 par\n|\n|t:|1700946549\n|switch|p2a: Tapu Lele|Tapu Lele|100\/100|[from] Volt Switch\n|-fieldstart|move: Psychic Terrain|[from] ability: Psychic Surge|[of] p2a: Tapu Lele\n|move|p1a: Lopunny|Return|p2a: Tapu Lele\n|-damage|p2a: Tapu Lele|16\/100\n|\n|upkeep\n|turn|4\n|\n|t:|1700946561\n|switch|p1a: Cofagrigus|Cofagrigus, M|100\/100\n|move|p2a: Tapu Lele|Future Sight|p1a: Cofagrigus\n|-start|p2a: Tapu Lele|move: Future Sight\n|\n|upkeep\n|turn|5\n|\n|t:|1700946568\n|switch|p2a: Tyranitar|Tyranitar, M|100\/100\n|-weather|Sandstorm|[from] ability: Sand Stream|[of] p2a: Tyranitar\n|move|p1a: Cofagrigus|Toxic Spikes|p2a: Tyranitar\n|-sidestart|p2: X-Scizor|move: Toxic Spikes\n|\n|-weather|Sandstorm|[upkeep]\n|-damage|p1a: Cofagrigus|95\/100|[from] Sandstorm\n|-heal|p1a: Cofagrigus|100\/100|[from] item: Leftovers\n|upkeep\n|turn|6\n|\n|t:|1700946580\n|move|p2a: Tyranitar|Knock Off|p1a: Cofagrigus\n|-supereffective|p1a: Cofagrigus\n|-damage|p1a: Cofagrigus|38\/100\n|-activate|p1a: Cofagrigus|ability: Mummy|Sand Stream|[of] p2a: Tyranitar\n|-enditem|p1a: Cofagrigus|Leftovers|[from] move: Knock Off|[of] p2a: Tyranitar\n|move|p1a: Cofagrigus|Knock Off|p2a: Tyranitar\n|-resisted|p2a: Tyranitar\n|-damage|p2a: Tyranitar|95\/100\n|-enditem|p2a: Tyranitar|Assault Vest|[from] move: Knock Off|[of] p1a: Cofagrigus\n|\n|-weather|Sandstorm|[upkeep]\n|-damage|p1a: Cofagrigus|32\/100|[from] Sandstorm\n|-end|p1a: Cofagrigus|move: Future Sight\n|-damage|p1a: Cofagrigus|0 fnt\n|faint|p1a: Cofagrigus\n|upkeep\n|\n|t:|1700946599\n|switch|p1a: Aegislash|Aegislash, M, shiny|100\/100\n|turn|7\n|\n|t:|1700946622\n|move|p1a: Aegislash|King's Shield|p1a: Aegislash\n|-singleturn|p1a: Aegislash|Protect\n|move|p2a: Tyranitar|Dragon Tail|p1a: Aegislash\n|-activate|p1a: Aegislash|move: Protect\n|-unboost|p2a: Tyranitar|atk|1\n|\n|-weather|Sandstorm|[upkeep]\n|-fieldend|move: Psychic Terrain\n|upkeep\n|turn|8\n|\n|t:|1700946637\n|-formechange|p1a: Aegislash|Aegislash-Blade||[from] ability: Stance Change\n|move|p1a: Aegislash|Sacred Sword|p2a: Tyranitar\n|-supereffective|p2a: Tyranitar\n|-damage|p2a: Tyranitar|2\/100\n|move|p2a: Tyranitar|Dragon Tail|p1a: Aegislash\n|-resisted|p1a: Aegislash\n|-damage|p1a: Aegislash|88\/100\n|drag|p1a: Sinistcha|Sinistcha-Masterpiece, shiny|100\/100\n|\n|-weather|Sandstorm|[upkeep]\n|-damage|p1a: Sinistcha|94\/100|[from] Sandstorm\n|-heal|p1a: Sinistcha|100\/100|[from] item: Leftovers\n|upkeep\n|turn|9\n|\n|t:|1700946660\n|move|p1a: Sinistcha|Matcha Gotcha|p2a: Tyranitar\n|-supereffective|p2a: Tyranitar\n|-damage|p2a: Tyranitar|0 fnt\n|faint|p2a: Tyranitar\n|\n|-weather|none\n|upkeep\n|c|\u2606MarcusTalks|3 of your team members get poisoned now\n|\n|t:|1700946697\n|switch|p2a: Tapu Lele|Tapu Lele|16\/100\n|-status|p2a: Tapu Lele|psn\n|-fieldstart|move: Psychic Terrain|[from] ability: Psychic Surge|[of] p2a: Tapu Lele\n|turn|10\n|\n|t:|1700946705\n|move|p2a: Tapu Lele|Moonblast|p1a: Sinistcha\n|-crit|p1a: Sinistcha\n|-damage|p1a: Sinistcha|20\/100\n|-unboost|p1a: Sinistcha|spa|1\n|move|p1a: Sinistcha|Calm Mind|p1a: Sinistcha\n|-boost|p1a: Sinistcha|spa|1\n|-boost|p1a: Sinistcha|spd|1\n|\n|-heal|p1a: Sinistcha|26\/100|[from] item: Leftovers\n|-damage|p2a: Tapu Lele|3\/100 psn|[from] psn\n|upkeep\n|turn|11\n|\n|t:|1700946723\n|move|p2a: Tapu Lele|Moonblast|p1a: Sinistcha\n|-damage|p1a: Sinistcha|0 fnt\n|faint|p1a: Sinistcha\n|\n|-damage|p2a: Tapu Lele|0 fnt|[from] psn\n|faint|p2a: Tapu Lele\n|upkeep\n|\n|t:|1700946739\n|switch|p2a: Rotom|Rotom-Wash|36\/100\n|switch|p1a: Ceruledge|Ceruledge, M|100\/100\n|turn|12\n|\n|t:|1700946747\n|switch|p1a: Lopunny|Lopunny-Mega, F, shiny|66\/100 par\n|move|p2a: Rotom|Thunder Wave|p1a: Lopunny|[miss]\n|-miss|p2a: Rotom|p1a: Lopunny\n|\n|-heal|p2a: Rotom|42\/100|[from] item: Leftovers\n|upkeep\n|turn|13\n|\n|t:|1700946759\n|move|p2a: Rotom|Hydro Pump|p1a: Lopunny\n|-damage|p1a: Lopunny|17\/100 par\n|move|p1a: Lopunny|High Jump Kick|p2a: Rotom\n|-damage|p2a: Rotom|0 fnt\n|faint|p2a: Rotom\n|\n|upkeep\n|\n|t:|1700946770\n|switch|p2a: Aggron|Aggron, F|100\/100\n|turn|14\n|\n|t:|1700946776\n|detailschange|p2a: Aggron|Aggron-Mega, F\n|-mega|p2a: Aggron|Aggron|Aggronite\n|move|p1a: Lopunny|High Jump Kick|p2a: Aggron\n|-supereffective|p2a: Aggron\n|-damage|p2a: Aggron|47\/100\n|move|p2a: Aggron|Iron Defense|p2a: Aggron\n|-boost|p2a: Aggron|def|2\n|\n|-fieldend|move: Psychic Terrain\n|upkeep\n|turn|15\n|\n|t:|1700946795\n|move|p1a: Lopunny|High Jump Kick|p2a: Aggron\n|-supereffective|p2a: Aggron\n|-damage|p2a: Aggron|22\/100\n|move|p2a: Aggron|Iron Defense|p2a: Aggron\n|-boost|p2a: Aggron|def|2\n|\n|upkeep\n|turn|16\n|\n|t:|1700946808\n|switch|p1a: Rotom|Rotom, shiny|100\/100\n|move|p2a: Aggron|Rock Polish|p2a: Aggron\n|-boost|p2a: Aggron|spe|2\n|\n|upkeep\n|turn|17\n|\n|t:|1700946828\n|switch|p2a: Rillaboom|Rillaboom, F|100\/100\n|-status|p2a: Rillaboom|psn\n|-fieldstart|move: Grassy Terrain|[from] ability: Grassy Surge|[of] p2a: Rillaboom\n|move|p1a: Rotom|Volt Switch|p2a: Rillaboom\n|-resisted|p2a: Rillaboom\n|-damage|p2a: Rillaboom|79\/100 psn\n|\n|t:|1700946838\n|switch|p1a: Aegislash|Aegislash, M, shiny|88\/100|[from] Volt Switch\n|\n|-heal|p2a: Rillaboom|86\/100 psn|[from] Grassy Terrain\n|-heal|p1a: Aegislash|94\/100|[from] Grassy Terrain\n|-heal|p1a: Aegislash|100\/100|[from] item: Leftovers\n|-damage|p2a: Rillaboom|73\/100 psn|[from] psn\n|upkeep\n|turn|18\n|\n|t:|1700946849\n|switch|p2a: Kommo-o|Kommo-o, M|100\/100\n|-status|p2a: Kommo-o|psn\n|move|p1a: Aegislash|King's Shield||[still]\n|-fail|p1a: Aegislash\n|\n|-damage|p2a: Kommo-o|88\/100 psn|[from] psn\n|upkeep\n|turn|19\n|\n|t:|1700946859\n|-zpower|p2a: Kommo-o\n|move|p2a: Kommo-o|Clangorous Soulblaze|p1a: Aegislash|[zeffect]\n|-resisted|p1a: Aegislash\n|-damage|p1a: Aegislash|82\/100\n|-boost|p2a: Kommo-o|atk|1\n|-boost|p2a: Kommo-o|def|1\n|-boost|p2a: Kommo-o|spa|1\n|-boost|p2a: Kommo-o|spd|1\n|-boost|p2a: Kommo-o|spe|1\n|-formechange|p1a: Aegislash|Aegislash-Blade||[from] ability: Stance Change\n|move|p1a: Aegislash|Flash Cannon|p2a: Kommo-o\n|-damage|p2a: Kommo-o|58\/100 psn\n|\n|-heal|p2a: Kommo-o|64\/100 psn|[from] Grassy Terrain\n|-heal|p1a: Aegislash|88\/100|[from] Grassy Terrain\n|-heal|p1a: Aegislash|94\/100|[from] item: Leftovers\n|-damage|p2a: Kommo-o|52\/100 psn|[from] psn\n|upkeep\n|turn|20\n|c|\u2606X-Scizor|uh\n|c|\u2606X-Scizor|i might be r3t4rded xD\n|\n|t:|1700946897\n|-formechange|p1a: Aegislash|Aegislash||[from] ability: Stance Change\n|move|p1a: Aegislash|King's Shield|p1a: Aegislash\n|-singleturn|p1a: Aegislash|Protect\n|move|p2a: Kommo-o|Clanging Scales|p1a: Aegislash\n|-activate|p1a: Aegislash|move: Protect\n|\n|-heal|p2a: Kommo-o|58\/100 psn|[from] Grassy Terrain\n|-heal|p1a: Aegislash|99\/100|[from] Grassy Terrain\n|-heal|p1a: Aegislash|100\/100|[from] item: Leftovers\n|-damage|p2a: Kommo-o|46\/100 psn|[from] psn\n|upkeep\n|turn|21\n|c|\u2606X-Scizor|i lose i rechallenge!\n|c|\u2606MarcusTalks|You should\u2019ve done Clanglorius souls with Throat spray\n|c|\u2606X-Scizor|eh it wudnt make a diff\n|c|\u2606MarcusTalks|you lose HP but you get 2x special attack\n|c|\u2606X-Scizor|ok u win. good game master marcus ghost gym leader\n|c|\u2606X-Scizor|i will come back better than ever\n|\n|t:|1700946951\n|move|p2a: Kommo-o|Clanging Scales|p1a: Aegislash\n|-resisted|p1a: Aegislash\n|-damage|p1a: Aegislash|85\/100\n|-unboost|p2a: Kommo-o|def|1\n|-formechange|p1a: Aegislash|Aegislash-Blade||[from] ability: Stance Change\n|move|p1a: Aegislash|Flash Cannon|p2a: Kommo-o\n|-damage|p2a: Kommo-o|20\/100 psn\n|\n|-heal|p2a: Kommo-o|26\/100 psn|[from] Grassy Terrain\n|-heal|p1a: Aegislash|91\/100|[from] Grassy Terrain\n|-heal|p1a: Aegislash|97\/100|[from] item: Leftovers\n|-damage|p2a: Kommo-o|14\/100 psn|[from] psn\n|-fieldend|move: Grassy Terrain\n|upkeep\n|turn|22\n|c|\u2606MarcusTalks|Sure thing\n|\n|t:|1700946970\n|-formechange|p1a: Aegislash|Aegislash||[from] ability: Stance Change\n|move|p1a: Aegislash|King's Shield|p1a: Aegislash\n|-singleturn|p1a: Aegislash|Protect\n|move|p2a: Kommo-o|Clanging Scales|p1a: Aegislash\n|-activate|p1a: Aegislash|move: Protect\n|\n|-heal|p1a: Aegislash|100\/100|[from] item: Leftovers\n|-damage|p2a: Kommo-o|2\/100 psn|[from] psn\n|upkeep\n|turn|23\n|\n|t:|1700946986\n|switch|p1a: Ceruledge|Ceruledge, M|100\/100\n|move|p2a: Kommo-o|Clanging Scales|p1a: Ceruledge\n|-damage|p1a: Ceruledge|33\/100\n|-unboost|p2a: Kommo-o|def|1\n|\n|-damage|p2a: Kommo-o|0 fnt|[from] psn\n|faint|p2a: Kommo-o\n|upkeep\n|\n|t:|1700946996\n|switch|p2a: Rillaboom|Rillaboom, F|73\/100 psn\n|-fieldstart|move: Grassy Terrain|[from] ability: Grassy Surge|[of] p2a: Rillaboom\n|turn|24\n|\n|t:|1700947002\n|move|p1a: Ceruledge|Bitter Blade|p2a: Rillaboom\n|-supereffective|p2a: Rillaboom\n|-damage|p2a: Rillaboom|0 fnt\n|-heal|p1a: Ceruledge|76\/100|[from] drain|[of] p2a: Rillaboom\n|faint|p2a: Rillaboom\n|\n|-heal|p1a: Ceruledge|82\/100|[from] Grassy Terrain\n|upkeep\n|\n|t:|1700947009\n|switch|p2a: Aggron|Aggron-Mega, F|22\/100\n|turn|25\n|\n|t:|1700947015\n|-terastallize|p1a: Ceruledge|Fire\n|move|p1a: Ceruledge|Bitter Blade|p2a: Aggron\n|-supereffective|p2a: Aggron\n|-damage|p2a: Aggron|0 fnt\n|-heal|p1a: Ceruledge|95\/100|[from] drain|[of] p2a: Aggron\n|faint|p2a: Aggron\n|\n|win|MarcusTalks\n|c|\u2606MarcusTalks|Gg\n|c|\u2606X-Scizor|gg!\n","uploadtime":1700947024,"views":14,"p1id":"marcustalks","p2id":"xscizor","formatid":"gen9nationaldex","rating":0,"private":0,"password":""}