{"id":"gen9nationaldex-1990581328","p1":"BigGenie","p2":"Sivilea","format":"[Gen 9] National Dex","log":"|j|\u2606BigGenie\n|j|\u2606Sivilea\n|t:|1699983184\n|gametype|singles\n|player|p1|BigGenie|170|1070\n|player|p2|Sivilea|rosa-masters|1090\n|teamsize|p1|6\n|teamsize|p2|6\n|gen|9\n|tier|[Gen 9] National Dex\n|rated|\n|rule|HP Percentage Mod: HP is shown in percentages\n|rule|Endless Battle Clause: Forcing endless battles is banned\n|rule|OHKO Clause: OHKO moves are banned\n|rule|Evasion Clause: Evasion abilities, items, and moves are banned\n|rule|Evasion Abilities Clause: Evasion abilities are banned\n|rule|Evasion Items Clause: Evasion items are banned\n|rule|Evasion Moves Clause: Evasion moves are banned\n|rule|Species Clause: Limit one of each Pok\u00e9mon\n|rule|Sleep Clause Mod: Limit one foe put to sleep\n|clearpoke\n|poke|p1|Banette, F|\n|poke|p1|Decidueye-Hisui, M|\n|poke|p1|Toxtricity, M|\n|poke|p1|Tinkaton, F|\n|poke|p1|Garganacl, M|\n|poke|p1|Grimmsnarl, M|\n|poke|p2|Malamar, M|\n|poke|p2|Staraptor, M|\n|poke|p2|Cinderace, M|\n|poke|p2|Rotom-Wash|\n|poke|p2|Shiinotic, F|\n|poke|p2|Aegislash, F|\n|teampreview\n|\n|t:|1699983207\n|start\n|switch|p1a: Tinkaton|Tinkaton, F|100\/100\n|switch|p2a: Olympic|Aegislash, F|100\/100\n|-ability|p1a: Tinkaton|Mold Breaker\n|turn|1\n|\n|t:|1699983218\n|move|p1a: Tinkaton|Knock Off|p2a: Olympic\n|-supereffective|p2a: Olympic\n|-damage|p2a: Olympic|63\/100\n|-enditem|p2a: Olympic|Leftovers|[from] move: Knock Off|[of] p1a: Tinkaton\n|move|p2a: Olympic|Substitute|p2a: Olympic\n|-start|p2a: Olympic|Substitute\n|-damage|p2a: Olympic|38\/100\n|\n|upkeep\n|turn|2\n|\n|t:|1699983226\n|move|p2a: Olympic|King's Shield|p2a: Olympic\n|-singleturn|p2a: Olympic|Protect\n|move|p1a: Tinkaton|Stealth Rock|p2a: Olympic\n|-sidestart|p2: Sivilea|move: Stealth Rock\n|\n|upkeep\n|turn|3\n|\n|t:|1699983232\n|move|p1a: Tinkaton|Fake Out||[still]\n|-hint|Fake Out only works on your first turn out.\n|-fail|p1a: Tinkaton\n|-formechange|p2a: Olympic|Aegislash-Blade||[from] ability: Stance Change\n|move|p2a: Olympic|Flash Cannon|p1a: Tinkaton\n|-damage|p1a: Tinkaton|52\/100\n|\n|upkeep\n|turn|4\n|\n|t:|1699983240\n|switch|p1a: Grimmsnarl|Grimmsnarl, M|100\/100\n|move|p2a: Olympic|Flash Cannon|p1a: Grimmsnarl\n|-supereffective|p1a: Grimmsnarl\n|-damage|p1a: Grimmsnarl|24\/100\n|\n|upkeep\n|turn|5\n|\n|t:|1699983252\n|switch|p1a: Garganacl|Garganacl, M|100\/100\n|move|p2a: Olympic|Flash Cannon|p1a: Garganacl\n|-supereffective|p1a: Garganacl\n|-damage|p1a: Garganacl|13\/100\n|\n|-heal|p1a: Garganacl|19\/100|[from] item: Leftovers\n|upkeep\n|turn|6\n|\n|t:|1699983266\n|switch|p1a: Decidueye|Decidueye-Hisui, M|100\/100\n|move|p2a: Olympic|Shadow Ball|p1a: Decidueye\n|-damage|p1a: Decidueye|58\/100\n|\n|upkeep\n|turn|7\n|\n|t:|1699983277\n|-formechange|p2a: Olympic|Aegislash||[from] ability: Stance Change\n|move|p2a: Olympic|King's Shield|p2a: Olympic\n|-singleturn|p2a: Olympic|Protect\n|move|p1a: Decidueye|Air Slash|p2a: Olympic\n|-activate|p2a: Olympic|move: Protect\n|\n|upkeep\n|turn|8\n|\n|t:|1699983294\n|switch|p2a: Messi|Cinderace, M|100\/100\n|move|p1a: Decidueye|Air Slash|p2a: Messi\n|-damage|p2a: Messi|77\/100\n|\n|upkeep\n|turn|9\n|\n|t:|1699983314\n|move|p2a: Messi|Pyro Ball|p1a: Decidueye\n|-supereffective|p1a: Decidueye\n|-damage|p1a: Decidueye|0 fnt\n|faint|p1a: Decidueye\n|\n|upkeep\n|\n|t:|1699983326\n|switch|p1a: Banette|Banette, F|100\/100\n|turn|10\n|\n|t:|1699983343\n|detailschange|p1a: Banette|Banette-Mega, F\n|-mega|p1a: Banette|Banette|Banettite\n|move|p2a: Messi|Sucker Punch||[still]\n|-fail|p2a: Messi\n|move|p1a: Banette|Thunder Wave|p2a: Messi\n|-status|p2a: Messi|par\n|\n|upkeep\n|turn|11\n|\n|t:|1699983377\n|move|p1a: Banette|Poltergeist|p2a: Messi|[miss]\n|-miss|p1a: Banette|p2a: Messi\n|move|p2a: Messi|U-turn|p1a: Banette\n|-start|p2a: Messi|typechange|Bug|[from] ability: Libero\n|-resisted|p1a: Banette\n|-damage|p1a: Banette|78\/100\n|\n|t:|1699983385\n|switch|p2a: Washington|Rotom-Wash|100\/100|[from] U-turn\n|-damage|p2a: Washington|88\/100|[from] Stealth Rock\n|\n|-heal|p2a: Washington|94\/100|[from] item: Leftovers\n|upkeep\n|turn|12\n|\n|t:|1699983394\n|move|p1a: Banette|Thunder Wave|p2a: Washington\n|-immune|p2a: Washington\n|move|p2a: Washington|Defog|p1a: Banette\n|-unboost|p1a: Banette|evasion|1\n|-sideend|p2: Sivilea|Stealth Rock|[from] move: Defog|[of] p2a: Washington\n|\n|-heal|p2a: Washington|100\/100|[from] item: Leftovers\n|upkeep\n|turn|13\n|\n|t:|1699983407\n|move|p2a: Washington|Volt Switch|p1a: Banette\n|-damage|p1a: Banette|57\/100\n|\n|t:|1699983414\n|switch|p2a: Banner|Staraptor, M|100\/100|[from] Volt Switch\n|move|p1a: Banette|Shadow Claw|p2a: Banner\n|-immune|p2a: Banner\n|\n|upkeep\n|turn|14\n|\n|t:|1699983423\n|switch|p1a: Tinkaton|Tinkaton, F|52\/100\n|-ability|p1a: Tinkaton|Mold Breaker\n|move|p2a: Banner|Brave Bird|p1a: Tinkaton\n|-resisted|p1a: Tinkaton\n|-damage|p1a: Tinkaton|0 fnt\n|-damage|p2a: Banner|84\/100|[from] item: Rocky Helmet|[of] p1a: Tinkaton\n|faint|p1a: Tinkaton\n|-damage|p2a: Banner|67\/100|[from] Recoil\n|-damage|p2a: Banner|57\/100|[from] item: Life Orb\n|\n|upkeep\n|\n|t:|1699983436\n|switch|p1a: Toxtricity|Toxtricity, M|100\/100\n|turn|15\n|\n|t:|1699983445\n|-terastallize|p1a: Toxtricity|Electric\n|move|p2a: Banner|U-turn|p1a: Toxtricity\n|-damage|p1a: Toxtricity|65\/100\n|-damage|p2a: Banner|47\/100|[from] item: Life Orb\n|\n|t:|1699983451\n|switch|p2a: Messi|Cinderace, M|77\/100 par|[from] U-turn\n|move|p1a: Toxtricity|Overdrive|p2a: Messi\n|-damage|p2a: Messi|0 fnt\n|faint|p2a: Messi\n|-enditem|p1a: Toxtricity|Throat Spray\n|-boost|p1a: Toxtricity|spa|1|[from] item: Throat Spray\n|\n|upkeep\n|\n|t:|1699983458\n|switch|p2a: Dinnerbone|Malamar, M|100\/100\n|turn|16\n|\n|t:|1699983480\n|move|p1a: Toxtricity|Shift Gear|p1a: Toxtricity\n|-boost|p1a: Toxtricity|spe|2\n|-boost|p1a: Toxtricity|atk|1\n|move|p2a: Dinnerbone|Superpower|p1a: Toxtricity\n|-damage|p1a: Toxtricity|14\/100\n|-boost|p2a: Dinnerbone|atk|1\n|-boost|p2a: Dinnerbone|def|1\n|\n|upkeep\n|turn|17\n|\n|t:|1699983520\n|-terastallize|p2a: Dinnerbone|Rock\n|move|p1a: Toxtricity|Boomburst|p2a: Dinnerbone\n|-resisted|p2a: Dinnerbone\n|-crit|p2a: Dinnerbone\n|-damage|p2a: Dinnerbone|22\/100\n|-enditem|p2a: Dinnerbone|Aguav Berry|[eat]\n|-heal|p2a: Dinnerbone|55\/100|[from] item: Aguav Berry\n|move|p2a: Dinnerbone|Knock Off|p1a: Toxtricity\n|-damage|p1a: Toxtricity|0 fnt\n|faint|p1a: Toxtricity\n|\n|upkeep\n|\n|t:|1699983534\n|switch|p1a: Banette|Banette-Mega, F|57\/100\n|turn|18\n|\n|t:|1699983540\n|move|p1a: Banette|Poltergeist||[still]\n|-fail|p1a: Banette\n|move|p2a: Dinnerbone|Knock Off|p1a: Banette\n|-supereffective|p1a: Banette\n|-damage|p1a: Banette|0 fnt\n|faint|p1a: Banette\n|\n|upkeep\n|-message|BigGenie forfeited.\n|\n|win|Sivilea\n|raw|BigGenie's rating: 1070 &rarr; <strong>1051<\/strong><br \/>(-19 for losing)\n|raw|Sivilea's rating: 1090 &rarr; <strong>1115<\/strong><br \/>(+25 for winning)\n|l|\u2606BigGenie\n","uploadtime":1699983550,"views":13,"p1id":"biggenie","p2id":"sivilea","formatid":"gen9nationaldex","rating":1051,"private":0,"password":""}