{"id":"gen9nationaldex-1988552513","p1":"BadPoc","p2":"lilbitotrollin","format":"[Gen 9] National Dex","log":"|j|\u2606BadPoc\n|j|\u2606lilbitotrollin\n|t:|1699735307\n|gametype|singles\n|player|p1|BadPoc|wallace|1074\n|player|p2|lilbitotrollin|bellepa|1086\n|teamsize|p1|6\n|teamsize|p2|6\n|gen|9\n|tier|[Gen 9] National Dex\n|rated|\n|rule|HP Percentage Mod: HP is shown in percentages\n|rule|Endless Battle Clause: Forcing endless battles is banned\n|rule|OHKO Clause: OHKO moves are banned\n|rule|Evasion Clause: Evasion abilities, items, and moves are banned\n|rule|Evasion Abilities Clause: Evasion abilities are banned\n|rule|Evasion Items Clause: Evasion items are banned\n|rule|Evasion Moves Clause: Evasion moves are banned\n|rule|Species Clause: Limit one of each Pok\u00e9mon\n|rule|Sleep Clause Mod: Limit one foe put to sleep\n|clearpoke\n|poke|p1|Sylveon, M|\n|poke|p1|Abomasnow, M|\n|poke|p1|Ursaring, M|\n|poke|p1|Kommo-o, F|\n|poke|p1|Corsola, F|\n|poke|p1|Meowstic-F, F|\n|poke|p2|Shuckle, F|\n|poke|p2|Ferrothorn, M|\n|poke|p2|Cinderace, M|\n|poke|p2|Ting-Lu|\n|poke|p2|Garganacl, M|\n|poke|p2|Mew|\n|teampreview\n|inactive|Battle timer is ON: inactive players will automatically lose when time's up. (requested by BadPoc)\n|\n|t:|1699735314\n|start\n|switch|p1a: Ted|Ursaring, M|100\/100\n|switch|p2a: Ferrothorn|Ferrothorn, M|100\/100\n|turn|1\n|\n|t:|1699735318\n|move|p1a: Ted|Swords Dance|p1a: Ted\n|-boost|p1a: Ted|atk|2\n|move|p2a: Ferrothorn|Spikes|p1a: Ted\n|-sidestart|p1: BadPoc|Spikes\n|\n|-status|p1a: Ted|brn|[from] item: Flame Orb\n|upkeep\n|turn|2\n|\n|t:|1699735325\n|move|p1a: Ted|Trailblaze|p2a: Ferrothorn\n|-resisted|p2a: Ferrothorn\n|-damage|p2a: Ferrothorn|93\/100\n|-boost|p1a: Ted|spe|1\n|-damage|p1a: Ted|88\/100 brn|[from] ability: Iron Barbs|[of] p2a: Ferrothorn\n|-damage|p1a: Ted|72\/100 brn|[from] item: Rocky Helmet|[of] p2a: Ferrothorn\n|move|p2a: Ferrothorn|Spikes|p1a: Ted\n|-sidestart|p1: BadPoc|Spikes\n|\n|-damage|p1a: Ted|65\/100 brn|[from] brn\n|upkeep\n|turn|3\n|\n|t:|1699735331\n|move|p1a: Ted|Trailblaze|p2a: Ferrothorn\n|-resisted|p2a: Ferrothorn\n|-damage|p2a: Ferrothorn|86\/100\n|-boost|p1a: Ted|spe|1\n|-damage|p1a: Ted|53\/100 brn|[from] ability: Iron Barbs|[of] p2a: Ferrothorn\n|-damage|p1a: Ted|36\/100 brn|[from] item: Rocky Helmet|[of] p2a: Ferrothorn\n|move|p2a: Ferrothorn|Spikes|p1a: Ted\n|-sidestart|p1: BadPoc|Spikes\n|\n|-damage|p1a: Ted|30\/100 brn|[from] brn\n|upkeep\n|turn|4\n|\n|t:|1699735335\n|move|p1a: Ted|Brick Break|p2a: Ferrothorn\n|-supereffective|p2a: Ferrothorn\n|-damage|p2a: Ferrothorn|0 fnt\n|-damage|p1a: Ted|18\/100 brn|[from] ability: Iron Barbs|[of] p2a: Ferrothorn\n|-damage|p1a: Ted|1\/100 brn|[from] item: Rocky Helmet|[of] p2a: Ferrothorn\n|faint|p2a: Ferrothorn\n|\n|-damage|p1a: Ted|0 fnt|[from] brn\n|faint|p1a: Ted\n|upkeep\n|\n|t:|1699735350\n|switch|p1a: Iceking|Abomasnow, M|100\/100\n|switch|p2a: Shuckle|Shuckle, F|100\/100\n|-damage|p1a: Iceking|75\/100|[from] Spikes\n|-weather|Snow|[from] ability: Snow Warning|[of] p1a: Iceking\n|turn|5\n|\n|t:|1699735354\n|move|p1a: Iceking|Aurora Veil|p1a: Iceking\n|-sidestart|p1: BadPoc|move: Aurora Veil\n|move|p2a: Shuckle|Stealth Rock|p1a: Iceking\n|-sidestart|p1: BadPoc|move: Stealth Rock\n|\n|-weather|Snow|[upkeep]\n|upkeep\n|turn|6\n|\n|t:|1699735360\n|switch|p1a: Dracarys|Kommo-o, F|100\/100\n|-damage|p1a: Dracarys|76\/100|[from] Spikes\n|-damage|p1a: Dracarys|70\/100|[from] Stealth Rock\n|move|p2a: Shuckle|Protect||[still]\n|-fail|p2a: Shuckle\n|\n|-weather|Snow|[upkeep]\n|-heal|p1a: Dracarys|76\/100|[from] item: Leftovers\n|upkeep\n|turn|7\n|\n|t:|1699735363\n|move|p1a: Dracarys|Clangorous Soul|p1a: Dracarys\n|-boost|p1a: Dracarys|atk|1\n|-boost|p1a: Dracarys|def|1\n|-boost|p1a: Dracarys|spa|1\n|-boost|p1a: Dracarys|spd|1\n|-boost|p1a: Dracarys|spe|1\n|-damage|p1a: Dracarys|43\/100\n|move|p2a: Shuckle|Knock Off|p1a: Dracarys\n|-resisted|p1a: Dracarys\n|-damage|p1a: Dracarys|42\/100\n|-enditem|p1a: Dracarys|Leftovers|[from] move: Knock Off|[of] p2a: Shuckle\n|\n|-weather|Snow|[upkeep]\n|upkeep\n|turn|8\n|\n|t:|1699735373\n|move|p1a: Dracarys|Clangorous Soul|p1a: Dracarys\n|-boost|p1a: Dracarys|atk|1\n|-boost|p1a: Dracarys|def|1\n|-boost|p1a: Dracarys|spa|1\n|-boost|p1a: Dracarys|spd|1\n|-boost|p1a: Dracarys|spe|1\n|-damage|p1a: Dracarys|10\/100\n|move|p2a: Shuckle|Knock Off|p1a: Dracarys\n|-resisted|p1a: Dracarys\n|-damage|p1a: Dracarys|9\/100\n|\n|-weather|Snow|[upkeep]\n|upkeep\n|turn|9\n|\n|t:|1699735380\n|move|p2a: Shuckle|Protect|p2a: Shuckle\n|-singleturn|p2a: Shuckle|Protect\n|move|p1a: Dracarys|Drain Punch|p2a: Shuckle\n|-activate|p2a: Shuckle|move: Protect\n|\n|-weather|none\n|upkeep\n|turn|10\n|\n|t:|1699735384\n|move|p1a: Dracarys|Drain Punch|p2a: Shuckle\n|-damage|p2a: Shuckle|52\/100\n|-heal|p1a: Dracarys|28\/100|[from] drain|[of] p2a: Shuckle\n|-enditem|p2a: Shuckle|Red Card|[of] p1a: Dracarys\n|drag|p1a: Femboy|Sylveon, M|100\/100\n|-damage|p1a: Femboy|76\/100|[from] Spikes\n|-damage|p1a: Femboy|63\/100|[from] Stealth Rock\n|move|p2a: Shuckle|Knock Off|p1a: Femboy\n|-resisted|p1a: Femboy\n|-damage|p1a: Femboy|62\/100\n|\n|upkeep\n|turn|11\n|-message|BadPoc forfeited.\n|\n|win|lilbitotrollin\n|raw|BadPoc's rating: 1074 &rarr; <strong>1054<\/strong><br \/>(-20 for losing)\n|raw|lilbitotrollin's rating: 1086 &rarr; <strong>1112<\/strong><br \/>(+26 for winning)\n|l|\u2606BadPoc\n","uploadtime":1699735419,"views":6,"p1id":"badpoc","p2id":"lilbitotrollin","formatid":"gen9nationaldex","rating":1054,"private":0,"password":""}