{"id":"gen9nationaldex-1997532352","p1":"Pp_ForYouu","p2":"violador de G","format":"[Gen 9] National Dex","log":"|html|<div class=\"broadcast-blue\"><strong>[Gen 9] National Dex is currently suspecting Sneasler! For information on how to participate check out the <a href=\"https:\/\/www.smogon.com\/forums\/threads\/sv-national-dex-suspect-8-just-dance.3731534\/\">suspect thread<\/a>.<\/strong><\/div>\n|j|\u2606Pp_ForYouu\n|j|\u2606violador de G\n|t:|1700821294\n|gametype|singles\n|player|p1|Pp_ForYouu|swimmerf|1126\n|player|p2|violador de G|169|1164\n|teamsize|p1|6\n|teamsize|p2|6\n|gen|9\n|tier|[Gen 9] National Dex\n|rated|\n|rule|HP Percentage Mod: HP is shown in percentages\n|rule|Endless Battle Clause: Forcing endless battles is banned\n|rule|OHKO Clause: OHKO moves are banned\n|rule|Evasion Clause: Evasion abilities, items, and moves are banned\n|rule|Evasion Abilities Clause: Evasion abilities are banned\n|rule|Evasion Items Clause: Evasion items are banned\n|rule|Evasion Moves Clause: Evasion moves are banned\n|rule|Species Clause: Limit one of each Pok\u00e9mon\n|rule|Sleep Clause Mod: Limit one foe put to sleep\n|clearpoke\n|poke|p1|Pawmot, M|\n|poke|p1|Pelipper, F|\n|poke|p1|Swampert, F|\n|poke|p1|Inteleon, M|\n|poke|p1|Amoonguss, F|\n|poke|p1|Corviknight, F|\n|poke|p2|Enamorus, F|\n|poke|p2|Landorus-Therian, M|\n|poke|p2|Skarmory, M|\n|poke|p2|Weavile, F|\n|poke|p2|Garganacl, M|\n|poke|p2|Clefable, F|\n|teampreview\n|inactive|Battle timer is ON: inactive players will automatically lose when time's up. (requested by Pp_ForYouu)\n|\n|t:|1700821324\n|start\n|switch|p1a: Pelipper|Pelipper, F|100\/100\n|switch|p2a: Landorus|Landorus-Therian, M, shiny|100\/100\n|-ability|p2a: Landorus|Intimidate|boost\n|-unboost|p1a: Pelipper|atk|1\n|-weather|RainDance|[from] ability: Drizzle|[of] p1a: Pelipper\n|turn|1\n|\n|t:|1700821333\n|move|p2a: Landorus|Explosion|p1a: Pelipper\n|-damage|p1a: Pelipper|0 fnt\n|faint|p2a: Landorus\n|faint|p1a: Pelipper\n|\n|-weather|RainDance|[upkeep]\n|upkeep\n|\n|t:|1700821348\n|switch|p2a: Skarmory|Skarmory, M, shiny|100\/100\n|switch|p1a: Swampert|Swampert, F|100\/100\n|turn|2\n|\n|t:|1700821355\n|detailschange|p1a: Swampert|Swampert-Mega, F\n|-mega|p1a: Swampert|Swampert|Swampertite\n|move|p1a: Swampert|Brick Break|p2a: Skarmory\n|-damage|p2a: Skarmory|81\/100\n|move|p2a: Skarmory|Toxic|p1a: Swampert\n|-status|p1a: Swampert|tox\n|\n|-weather|RainDance|[upkeep]\n|-heal|p2a: Skarmory|87\/100|[from] item: Leftovers\n|-damage|p1a: Swampert|94\/100 tox|[from] psn\n|upkeep\n|turn|3\n|\n|t:|1700821367\n|switch|p1a: Pawmot|Pawmot, M|100\/100\n|-item|p1a: Pawmot|Air Balloon\n|move|p2a: Skarmory|Stealth Rock|p1a: Pawmot\n|-sidestart|p1: Pp_ForYouu|move: Stealth Rock\n|\n|-weather|RainDance|[upkeep]\n|-heal|p2a: Skarmory|93\/100|[from] item: Leftovers\n|upkeep\n|turn|4\n|\n|t:|1700821387\n|move|p1a: Pawmot|Nuzzle|p2a: Skarmory\n|-supereffective|p2a: Skarmory\n|-damage|p2a: Skarmory|81\/100\n|-status|p2a: Skarmory|par\n|move|p2a: Skarmory|Whirlwind|p1a: Pawmot\n|drag|p1a: Corviknight|Corviknight, F|100\/100\n|-damage|p1a: Corviknight|88\/100|[from] Stealth Rock\n|-ability|p1a: Corviknight|Pressure\n|\n|-weather|RainDance|[upkeep]\n|-heal|p1a: Corviknight|94\/100|[from] item: Leftovers\n|-heal|p2a: Skarmory|87\/100 par|[from] item: Leftovers\n|upkeep\n|turn|5\n|\n|t:|1700821406\n|switch|p1a: Inteleon|Inteleon, M|100\/100\n|move|p2a: Skarmory|Whirlwind|p1a: Inteleon\n|drag|p1a: Pawmot|Pawmot, M|100\/100\n|-damage|p1a: Pawmot|94\/100|[from] Stealth Rock\n|-item|p1a: Pawmot|Air Balloon\n|\n|-weather|RainDance|[upkeep]\n|-heal|p2a: Skarmory|93\/100 par|[from] item: Leftovers\n|upkeep\n|turn|6\n|\n|t:|1700821416\n|move|p1a: Pawmot|Nuzzle|p2a: Skarmory\n|-supereffective|p2a: Skarmory\n|-damage|p2a: Skarmory|83\/100 par\n|move|p2a: Skarmory|Toxic|p1a: Pawmot\n|-status|p1a: Pawmot|tox\n|\n|-weather|RainDance|[upkeep]\n|-heal|p2a: Skarmory|89\/100 par|[from] item: Leftovers\n|-damage|p1a: Pawmot|88\/100 tox|[from] psn\n|upkeep\n|turn|7\n|\n|t:|1700821433\n|-curestatus|p1a: Pawmot|tox|[from] ability: Natural Cure\n|switch|p1a: Inteleon|Inteleon, M|100\/100\n|move|p2a: Skarmory|Whirlwind|p1a: Inteleon\n|drag|p1a: Amoonguss|Amoonguss, F|100\/100\n|-damage|p1a: Amoonguss|88\/100|[from] Stealth Rock\n|\n|-weather|RainDance|[upkeep]\n|-heal|p2a: Skarmory|95\/100 par|[from] item: Leftovers\n|upkeep\n|turn|8\n|\n|t:|1700821447\n|switch|p1a: Inteleon|Inteleon, M|100\/100\n|move|p2a: Skarmory|Whirlwind|p1a: Inteleon\n|drag|p1a: Pawmot|Pawmot, M|88\/100\n|-damage|p1a: Pawmot|82\/100|[from] Stealth Rock\n|-item|p1a: Pawmot|Air Balloon\n|\n|-weather|none\n|-heal|p2a: Skarmory|100\/100 par|[from] item: Leftovers\n|upkeep\n|turn|9\n|\n|t:|1700821454\n|switch|p1a: Inteleon|Inteleon, M|100\/100\n|move|p2a: Skarmory|Whirlwind|p1a: Inteleon\n|drag|p1a: Corviknight|Corviknight, F|94\/100\n|-damage|p1a: Corviknight|82\/100|[from] Stealth Rock\n|-ability|p1a: Corviknight|Pressure\n|\n|-heal|p1a: Corviknight|88\/100|[from] item: Leftovers\n|upkeep\n|turn|10\n|\n|t:|1700821463\n|switch|p1a: Inteleon|Inteleon, M|100\/100\n|cant|p2a: Skarmory|par\n|\n|upkeep\n|turn|11\n|\n|t:|1700821470\n|move|p1a: Inteleon|Focus Energy|p1a: Inteleon\n|-start|p1a: Inteleon|move: Focus Energy\n|move|p2a: Skarmory|Whirlwind|p1a: Inteleon\n|drag|p1a: Pawmot|Pawmot, M|82\/100\n|-damage|p1a: Pawmot|76\/100|[from] Stealth Rock\n|-item|p1a: Pawmot|Air Balloon\n|\n|upkeep\n|turn|12\n|\n|t:|1700821490\n|switch|p1a: Inteleon|Inteleon, M|100\/100\n|move|p2a: Skarmory|Toxic|p1a: Inteleon\n|-status|p1a: Inteleon|tox\n|\n|-damage|p1a: Inteleon|94\/100 tox|[from] psn\n|upkeep\n|turn|13\n|\n|t:|1700821497\n|move|p1a: Inteleon|Focus Energy|p1a: Inteleon\n|-start|p1a: Inteleon|move: Focus Energy\n|move|p2a: Skarmory|Whirlwind|p1a: Inteleon\n|drag|p1a: Swampert|Swampert-Mega, F|94\/100 tox\n|-damage|p1a: Swampert|88\/100 tox|[from] Stealth Rock\n|\n|-damage|p1a: Swampert|82\/100 tox|[from] psn\n|upkeep\n|turn|14\n|\n|t:|1700821508\n|switch|p1a: Pawmot|Pawmot, M|76\/100\n|-damage|p1a: Pawmot|70\/100|[from] Stealth Rock\n|-item|p1a: Pawmot|Air Balloon\n|move|p2a: Skarmory|Whirlwind|p1a: Pawmot\n|drag|p1a: Corviknight|Corviknight, F|88\/100\n|-damage|p1a: Corviknight|75\/100|[from] Stealth Rock\n|-ability|p1a: Corviknight|Pressure\n|\n|-heal|p1a: Corviknight|82\/100|[from] item: Leftovers\n|upkeep\n|turn|15\n|n|!Pp_ForYouu|ppforyouu\n|inactive|Pp_ForYouu has 120 seconds left.\n|\n|t:|1700821550\n|switch|p2a: Clefable|Clefable, F|100\/100\n|move|p1a: Corviknight|Roost|p1a: Corviknight\n|-heal|p1a: Corviknight|100\/100\n|-singleturn|p1a: Corviknight|move: Roost\n|\n|upkeep\n|turn|16\n|\n|t:|1700821560\n|move|p1a: Corviknight|U-turn|p2a: Clefable\n|-resisted|p2a: Clefable\n|-damage|p2a: Clefable|93\/100\n|\n|t:|1700821562\n|switch|p1a: Inteleon|Inteleon, M|94\/100 tox|[from] U-turn\n|move|p2a: Clefable|Flamethrower|p1a: Inteleon\n|-resisted|p1a: Inteleon\n|-damage|p1a: Inteleon|78\/100 tox\n|\n|-heal|p2a: Clefable|99\/100|[from] item: Leftovers\n|-damage|p1a: Inteleon|72\/100 tox|[from] psn\n|upkeep\n|turn|17\n|\n|t:|1700821568\n|move|p1a: Inteleon|Focus Energy|p1a: Inteleon\n|-start|p1a: Inteleon|move: Focus Energy\n|move|p2a: Clefable|Moonblast|p1a: Inteleon\n|-damage|p1a: Inteleon|22\/100 tox\n|\n|-heal|p2a: Clefable|100\/100|[from] item: Leftovers\n|-damage|p1a: Inteleon|10\/100 tox|[from] psn\n|upkeep\n|turn|18\n|\n|t:|1700821577\n|move|p1a: Inteleon|Snipe Shot|p2a: Clefable\n|-crit|p2a: Clefable\n|-damage|p2a: Clefable|40\/100\n|move|p2a: Clefable|Soft-Boiled|p2a: Clefable\n|-heal|p2a: Clefable|90\/100\n|\n|-heal|p2a: Clefable|96\/100|[from] item: Leftovers\n|-damage|p1a: Inteleon|0 fnt|[from] psn\n|faint|p1a: Inteleon\n|upkeep\n|-message|Pp_ForYouu forfeited.\n|\n|win|violador de G\n|raw|Pp_ForYouu's rating: 1126 &rarr; <strong>1104<\/strong><br \/>(-22 for losing)\n|raw|violador de G's rating: 1164 &rarr; <strong>1186<\/strong><br \/>(+22 for winning)\n|l|!Pp_ForYouu\n","uploadtime":1700821537,"views":9,"p1id":"ppforyouu","p2id":"violadordeg","formatid":"gen9nationaldex","rating":1104,"private":0,"password":""}