{"id":"gen9nationaldex-1987467339","p1":"bacontwin","p2":"misternp","format":"[Gen 9] National Dex","log":"|j|\u2606bacontwin\n|j|\u2606misternp\n|t:|1699596271\n|gametype|singles\n|player|p1|bacontwin|170|\n|player|p2|misternp|koga|\n|teamsize|p1|6\n|teamsize|p2|6\n|gen|9\n|tier|[Gen 9] National Dex\n|rule|HP Percentage Mod: HP is shown in percentages\n|rule|Endless Battle Clause: Forcing endless battles is banned\n|rule|OHKO Clause: OHKO moves are banned\n|rule|Evasion Clause: Evasion abilities, items, and moves are banned\n|rule|Evasion Abilities Clause: Evasion abilities are banned\n|rule|Evasion Items Clause: Evasion items are banned\n|rule|Evasion Moves Clause: Evasion moves are banned\n|rule|Species Clause: Limit one of each Pok\u00e9mon\n|rule|Sleep Clause Mod: Limit one foe put to sleep\n|clearpoke\n|poke|p1|Golem, M|\n|poke|p1|Ninetales, M|\n|poke|p1|Articuno|\n|poke|p1|Muk, M|\n|poke|p1|Lycanroc, M|\n|poke|p1|Meowth-Alola, F|\n|poke|p2|Arbok, F|\n|poke|p2|Scyther, M|\n|poke|p2|Trevenant, M|\n|poke|p2|Krookodile, M|\n|poke|p2|Beartic, M|\n|poke|p2|Infernape, M|\n|teampreview\n|\n|t:|1699596324\n|start\n|switch|p1a: Malphite|Golem, M|100\/100\n|switch|p2a: Maokai|Trevenant, M|100\/100\n|turn|1\n|\n|t:|1699596333\n|move|p1a: Malphite|Stealth Rock|p2a: Maokai\n|-sidestart|p2: misternp|move: Stealth Rock\n|move|p2a: Maokai|Rain Dance|p2a: Maokai\n|-weather|RainDance\n|\n|-weather|RainDance|[upkeep]\n|upkeep\n|turn|2\n|\n|t:|1699596341\n|switch|p1a: Anivia|Articuno|100\/100\n|-ability|p1a: Anivia|Pressure\n|switch|p2a: Volibear|Beartic, M, shiny|100\/100\n|\n|-weather|RainDance|[upkeep]\n|upkeep\n|turn|3\n|\n|t:|1699596353\n|move|p2a: Volibear|Icicle Crash|p1a: Anivia\n|-damage|p1a: Anivia|59\/100\n|move|p1a: Anivia|U-turn|p2a: Volibear\n|-crit|p2a: Volibear\n|-damage|p2a: Volibear|77\/100\n|\n|t:|1699596361\n|switch|p1a: Malphite|Golem, M|100\/100|[from] U-turn\n|\n|-weather|RainDance|[upkeep]\n|upkeep\n|turn|4\n|\n|t:|1699596373\n|move|p2a: Volibear|Aqua Jet|p1a: Malphite\n|-supereffective|p1a: Malphite\n|-damage|p1a: Malphite|19\/100\n|move|p1a: Malphite|Stone Edge|p2a: Volibear\n|-supereffective|p2a: Volibear\n|-damage|p2a: Volibear|0 fnt\n|faint|p2a: Volibear\n|\n|-weather|RainDance|[upkeep]\n|upkeep\n|\n|t:|1699596380\n|switch|p2a: Kha'zix|Scyther, M|100\/100\n|turn|5\n|\n|t:|1699596387\n|switch|p1a: Anivia|Articuno|59\/100\n|-ability|p1a: Anivia|Pressure\n|move|p2a: Kha'zix|Defog|p1a: Anivia\n|-unboost|p1a: Anivia|evasion|1\n|-sideend|p2: misternp|Stealth Rock|[from] move: Defog|[of] p2a: Kha'zix\n|\n|-weather|none\n|upkeep\n|turn|6\n|\n|t:|1699596400\n|move|p2a: Kha'zix|U-turn|p1a: Anivia\n|-resisted|p1a: Anivia\n|-damage|p1a: Anivia|43\/100\n|\n|t:|1699596405\n|switch|p2a: Wukong|Infernape, M|100\/100|[from] U-turn\n|move|p1a: Anivia|Roost|p1a: Anivia\n|-heal|p1a: Anivia|93\/100\n|-singleturn|p1a: Anivia|move: Roost\n|\n|upkeep\n|turn|7\n|\n|t:|1699596418\n|switch|p1a: warwick|Lycanroc, M|100\/100\n|move|p2a: Wukong|Nasty Plot|p2a: Wukong\n|-boost|p2a: Wukong|spa|2\n|\n|upkeep\n|turn|8\n|\n|t:|1699596430\n|move|p2a: Wukong|Vacuum Wave|p1a: warwick\n|-supereffective|p1a: warwick\n|-damage|p1a: warwick|0 fnt\n|faint|p1a: warwick\n|\n|upkeep\n|\n|t:|1699596443\n|switch|p1a: zac|Muk, M, shiny|100\/100\n|turn|9\n|\n|t:|1699596453\n|move|p2a: Wukong|Fire Blast|p1a: zac\n|-damage|p1a: zac|39\/100\n|move|p1a: zac|Haze|p1a: zac\n|-clearallboost\n|\n|-heal|p1a: zac|45\/100|[from] item: Leftovers\n|upkeep\n|turn|10\n|\n|t:|1699596469\n|switch|p2a: Renekton|Krookodile, M|100\/100\n|-ability|p2a: Renekton|Intimidate|boost\n|-unboost|p1a: zac|atk|1\n|move|p1a: zac|Toxic Spikes|p2a: Renekton\n|-sidestart|p2: misternp|move: Toxic Spikes\n|\n|-heal|p1a: zac|51\/100|[from] item: Leftovers\n|upkeep\n|turn|11\n|\n|t:|1699596477\n|switch|p1a: Anivia|Articuno|93\/100\n|-ability|p1a: Anivia|Pressure\n|move|p2a: Renekton|Bulk Up|p2a: Renekton\n|-boost|p2a: Renekton|atk|1\n|-boost|p2a: Renekton|def|1\n|\n|upkeep\n|turn|12\n|\n|t:|1699596488\n|move|p2a: Renekton|Knock Off|p1a: Anivia\n|-damage|p1a: Anivia|33\/100\n|-enditem|p1a: Anivia|Heavy-Duty Boots|[from] move: Knock Off|[of] p2a: Renekton\n|move|p1a: Anivia|Haze|p1a: Anivia\n|-clearallboost\n|\n|upkeep\n|turn|13\n|\n|t:|1699596501\n|move|p2a: Renekton|Gunk Shot|p1a: Anivia\n|-damage|p1a: Anivia|0 fnt\n|faint|p1a: Anivia\n|\n|upkeep\n|\n|t:|1699596506\n|switch|p1a: Malphite|Golem, M|19\/100\n|turn|14\n|-enditem|p1a: Malphite|Custap Berry|[eat]\n|-activate|p1a: Malphite|item: Custap Berry|[consumed]\n|\n|t:|1699596513\n|move|p1a: Malphite|Explosion|p2a: Renekton\n|-damage|p2a: Renekton|0 fnt\n|faint|p1a: Malphite\n|faint|p2a: Renekton\n|\n|upkeep\n|\n|t:|1699596530\n|switch|p2a: Cassiopeia|Arbok, F, shiny|100\/100\n|switch|p1a: Ahri|Ninetales, M, shiny|100\/100\n|-weather|SunnyDay|[from] ability: Drought|[of] p1a: Ahri\n|-sideend|p2: misternp|move: Toxic Spikes|[of] p2a: Cassiopeia\n|-ability|p2a: Cassiopeia|Intimidate|boost\n|-unboost|p1a: Ahri|atk|1\n|turn|15\n|\n|t:|1699596542\n|move|p1a: Ahri|Hypnosis|p2a: Cassiopeia\n|-status|p2a: Cassiopeia|slp|[from] move: Hypnosis\n|cant|p2a: Cassiopeia|slp\n|\n|-weather|SunnyDay|[upkeep]\n|upkeep\n|turn|16\n|\n|t:|1699596559\n|move|p1a: Ahri|Overheat|p2a: Cassiopeia\n|-damage|p2a: Cassiopeia|0 fnt\n|-unboost|p1a: Ahri|spa|2\n|faint|p2a: Cassiopeia\n|\n|-weather|SunnyDay|[upkeep]\n|upkeep\n|\n|t:|1699596582\n|switch|p2a: Wukong|Infernape, M|100\/100\n|turn|17\n|\n|t:|1699596591\n|move|p2a: Wukong|Nasty Plot|p2a: Wukong\n|-boost|p2a: Wukong|spa|2\n|move|p1a: Ahri|Hypnosis|p2a: Wukong\n|-status|p2a: Wukong|slp|[from] move: Hypnosis\n|\n|-weather|SunnyDay|[upkeep]\n|upkeep\n|turn|18\n|\n|t:|1699596600\n|switch|p1a: zac|Muk, M, shiny|51\/100\n|cant|p2a: Wukong|slp\n|\n|-weather|SunnyDay|[upkeep]\n|-heal|p1a: zac|57\/100|[from] item: Leftovers\n|upkeep\n|turn|19\n|\n|t:|1699596616\n|cant|p2a: Wukong|slp\n|move|p1a: zac|Haze|p1a: zac\n|-clearallboost\n|\n|-weather|SunnyDay|[upkeep]\n|-heal|p1a: zac|63\/100|[from] item: Leftovers\n|upkeep\n|turn|20\n|\n|t:|1699596623\n|switch|p2a: Maokai|Trevenant, M|100\/100\n|move|p1a: zac|Drain Punch|p2a: Maokai\n|-immune|p2a: Maokai\n|\n|-weather|SunnyDay|[upkeep]\n|-heal|p1a: zac|69\/100|[from] item: Leftovers\n|upkeep\n|turn|21\n|\n|t:|1699596632\n|move|p2a: Maokai|Curse|p1a: zac\n|-start|p1a: zac|Curse|[of] p2a: Maokai\n|-damage|p2a: Maokai|51\/100\n|move|p1a: zac|Poison Jab|p2a: Maokai\n|-damage|p2a: Maokai|23\/100\n|-enditem|p2a: Maokai|Sitrus Berry|[eat]\n|-heal|p2a: Maokai|48\/100|[from] item: Sitrus Berry\n|\n|-weather|SunnyDay|[upkeep]\n|-heal|p1a: zac|75\/100|[from] item: Leftovers\n|-damage|p1a: zac|50\/100|[from] Curse\n|-item|p2a: Maokai|Sitrus Berry|[from] ability: Harvest\n|upkeep\n|-enditem|p2a: Maokai|Sitrus Berry|[eat]\n|-heal|p2a: Maokai|73\/100|[from] item: Sitrus Berry\n|turn|22\n|\n|t:|1699596651\n|switch|p1a: Ahri|Ninetales, M, shiny|100\/100\n|move|p2a: Maokai|Shadow Claw|p1a: Ahri\n|-damage|p1a: Ahri|71\/100\n|\n|-weather|none\n|-item|p2a: Maokai|Sitrus Berry|[from] ability: Harvest\n|upkeep\n|turn|23\n|\n|t:|1699596667\n|move|p1a: Ahri|Overheat|p2a: Maokai\n|-supereffective|p2a: Maokai\n|-damage|p2a: Maokai|0 fnt\n|-unboost|p1a: Ahri|spa|2\n|faint|p2a: Maokai\n|\n|upkeep\n|\n|t:|1699596671\n|switch|p2a: Kha'zix|Scyther, M|100\/100\n|turn|24\n|\n|t:|1699596696\n|switch|p1a: zac|Muk, M, shiny|50\/100\n|move|p2a: Kha'zix|Dual Wingbeat|p1a: zac\n|-damage|p1a: zac|21\/100\n|-damage|p1a: zac|0 fnt\n|faint|p1a: zac\n|-hitcount|p1: zac|2\n|\n|upkeep\n|\n|t:|1699596703\n|switch|p1a: Ahri|Ninetales, M, shiny|71\/100\n|-weather|SunnyDay|[from] ability: Drought|[of] p1a: Ahri\n|turn|25\n|\n|t:|1699596718\n|move|p2a: Kha'zix|U-turn|p1a: Ahri\n|-resisted|p1a: Ahri\n|-damage|p1a: Ahri|52\/100\n|\n|t:|1699596721\n|switch|p2a: Wukong|Infernape, M|100\/100 slp|[from] U-turn\n|move|p1a: Ahri|Overheat|p2a: Wukong\n|-resisted|p2a: Wukong\n|-damage|p2a: Wukong|54\/100 slp\n|-unboost|p1a: Ahri|spa|2\n|\n|-weather|SunnyDay|[upkeep]\n|upkeep\n|turn|26\n|\n|t:|1699596738\n|cant|p2a: Wukong|slp\n|move|p1a: Ahri|Hypnosis|p2a: Wukong|[miss]\n|-miss|p1a: Ahri|p2a: Wukong\n|\n|-weather|SunnyDay|[upkeep]\n|upkeep\n|turn|27\n|\n|t:|1699596744\n|switch|p1a: yumi|Meowth-Alola, F|100\/100\n|-curestatus|p2a: Wukong|slp|[msg]\n|move|p2a: Wukong|Vacuum Wave|p1a: yumi\n|-supereffective|p1a: yumi\n|-damage|p1a: yumi|0 fnt\n|faint|p1a: yumi\n|\n|-weather|SunnyDay|[upkeep]\n|upkeep\n|\n|t:|1699596752\n|switch|p1a: Ahri|Ninetales, M, shiny|52\/100\n|turn|28\n|\n|t:|1699596763\n|move|p2a: Wukong|Vacuum Wave|p1a: Ahri\n|-damage|p1a: Ahri|34\/100\n|move|p1a: Ahri|Healing Wish||[still]\n|-fail|p1a: Ahri\n|\n|-weather|SunnyDay|[upkeep]\n|upkeep\n|turn|29\n|\n|t:|1699596781\n|move|p2a: Wukong|Vacuum Wave|p1a: Ahri\n|-damage|p1a: Ahri|17\/100\n|move|p1a: Ahri|Overheat|p2a: Wukong|[miss]\n|-miss|p1a: Ahri|p2a: Wukong\n|\n|-weather|SunnyDay|[upkeep]\n|upkeep\n|turn|30\n|\n|t:|1699596790\n|move|p2a: Wukong|Vacuum Wave|p1a: Ahri\n|-damage|p1a: Ahri|0 fnt\n|faint|p1a: Ahri\n|\n|win|misternp\n","uploadtime":1699596830,"views":17,"p1id":"bacontwin","p2id":"misternp","formatid":"gen9nationaldex","rating":0,"private":0,"password":""}