{"id":"gen9nationaldex-1994389081","p1":"Cozmykfachero","p2":"Uncle_George123","format":"[Gen 9] National Dex","log":"|j|\u2606Cozmykfachero\n|j|\u2606Uncle_George123\n|t:|1700438304\n|gametype|singles\n|player|p1|Cozmykfachero|hooligans|1148\n|player|p2|Uncle_George123|pokemaniac|1071\n|teamsize|p1|6\n|teamsize|p2|6\n|gen|9\n|tier|[Gen 9] National Dex\n|rated|\n|rule|HP Percentage Mod: HP is shown in percentages\n|rule|Endless Battle Clause: Forcing endless battles is banned\n|rule|OHKO Clause: OHKO moves are banned\n|rule|Evasion Clause: Evasion abilities, items, and moves are banned\n|rule|Evasion Abilities Clause: Evasion abilities are banned\n|rule|Evasion Items Clause: Evasion items are banned\n|rule|Evasion Moves Clause: Evasion moves are banned\n|rule|Species Clause: Limit one of each Pok\u00e9mon\n|rule|Sleep Clause Mod: Limit one foe put to sleep\n|clearpoke\n|poke|p1|Jirachi|\n|poke|p1|Galvantula, M|\n|poke|p1|Sableye, F|\n|poke|p1|Florges, F|\n|poke|p1|Beheeyem, M|\n|poke|p1|Cryogonal|\n|poke|p2|Weavile, M|\n|poke|p2|Feraligatr, F|\n|poke|p2|Ferrothorn, M|\n|poke|p2|Incineroar, F|\n|poke|p2|Togekiss, F|\n|poke|p2|Aegislash, F|\n|teampreview\n|\n|t:|1700438309\n|start\n|switch|p1a: Galvantula|Galvantula, M|100\/100\n|switch|p2a: Weavile|Weavile, M, shiny|100\/100\n|-ability|p2a: Weavile|Pressure\n|turn|1\n|\n|t:|1700438315\n|move|p2a: Weavile|Fake Out|p1a: Galvantula\n|-damage|p1a: Galvantula|75\/100\n|cant|p1a: Galvantula|flinch\n|\n|upkeep\n|turn|2\n|inactive|Battle timer is ON: inactive players will automatically lose when time's up. (requested by Uncle_George123)\n|\n|t:|1700438325\n|move|p2a: Weavile|Knock Off|p1a: Galvantula\n|-damage|p1a: Galvantula|0 fnt\n|-enditem|p1a: Galvantula|Life Orb|[from] move: Knock Off|[of] p2a: Weavile\n|faint|p1a: Galvantula\n|\n|upkeep\n|\n|t:|1700438332\n|switch|p1a: The Wishmaster|Jirachi, shiny|100\/100\n|turn|3\n|\n|t:|1700438340\n|switch|p2a: Togekiss|Togekiss, F|100\/100\n|move|p1a: The Wishmaster|Fire Punch|p2a: Togekiss\n|-damage|p2a: Togekiss|75\/100\n|\n|upkeep\n|turn|4\n|\n|t:|1700438348\n|-terastallize|p1a: The Wishmaster|Steel\n|move|p1a: The Wishmaster|Iron Head|p2a: Togekiss\n|-supereffective|p2a: Togekiss\n|-damage|p2a: Togekiss|0 fnt\n|faint|p2a: Togekiss\n|\n|upkeep\n|\n|t:|1700438359\n|switch|p2a: Ferrothorn|Ferrothorn, M|100\/100\n|turn|5\n|\n|t:|1700438362\n|move|p1a: The Wishmaster|Fire Punch|p2a: Ferrothorn\n|-supereffective|p2a: Ferrothorn\n|-damage|p2a: Ferrothorn|53\/100\n|-damage|p1a: The Wishmaster|88\/100|[from] ability: Iron Barbs|[of] p2a: Ferrothorn\n|move|p2a: Ferrothorn|Leech Seed|p1a: The Wishmaster\n|-start|p1a: The Wishmaster|move: Leech Seed\n|\n|-heal|p1a: The Wishmaster|94\/100|[from] item: Leftovers\n|-heal|p2a: Ferrothorn|59\/100|[from] item: Leftovers\n|-damage|p1a: The Wishmaster|82\/100|[from] Leech Seed|[of] p2a: Ferrothorn\n|-heal|p2a: Ferrothorn|71\/100|[silent]\n|upkeep\n|turn|6\n|\n|t:|1700438373\n|move|p1a: The Wishmaster|Fire Punch|p2a: Ferrothorn\n|-supereffective|p2a: Ferrothorn\n|-damage|p2a: Ferrothorn|21\/100\n|-damage|p1a: The Wishmaster|70\/100|[from] ability: Iron Barbs|[of] p2a: Ferrothorn\n|move|p2a: Ferrothorn|Stealth Rock|p1a: The Wishmaster\n|-sidestart|p1: Cozmykfachero|move: Stealth Rock\n|\n|-heal|p1a: The Wishmaster|76\/100|[from] item: Leftovers\n|-heal|p2a: Ferrothorn|27\/100|[from] item: Leftovers\n|-damage|p1a: The Wishmaster|64\/100|[from] Leech Seed|[of] p2a: Ferrothorn\n|-heal|p2a: Ferrothorn|39\/100|[silent]\n|upkeep\n|turn|7\n|\n|t:|1700438388\n|switch|p2a: Incineroar|Incineroar, F|100\/100\n|-ability|p2a: Incineroar|Intimidate|boost\n|-unboost|p1a: The Wishmaster|atk|1\n|move|p1a: The Wishmaster|Fire Punch|p2a: Incineroar\n|-resisted|p2a: Incineroar\n|-damage|p2a: Incineroar|93\/100\n|\n|-heal|p1a: The Wishmaster|70\/100|[from] item: Leftovers\n|-damage|p1a: The Wishmaster|57\/100|[from] Leech Seed|[of] p2a: Incineroar\n|-heal|p2a: Incineroar|100\/100|[silent]\n|upkeep\n|turn|8\n|\n|t:|1700438404\n|switch|p1a: Florges|Florges, F|100\/100\n|-damage|p1a: Florges|88\/100|[from] Stealth Rock\n|move|p2a: Incineroar|Bulk Up|p2a: Incineroar\n|-boost|p2a: Incineroar|atk|1\n|-boost|p2a: Incineroar|def|1\n|\n|-heal|p1a: Florges|94\/100|[from] item: Leftovers\n|upkeep\n|turn|9\n|\n|t:|1700438414\n|move|p1a: Florges|Moonblast|p2a: Incineroar\n|-damage|p2a: Incineroar|67\/100\n|-unboost|p2a: Incineroar|spa|1\n|move|p2a: Incineroar|Fire Punch|p1a: Florges\n|-damage|p1a: Florges|29\/100\n|\n|-heal|p1a: Florges|35\/100|[from] item: Leftovers\n|upkeep\n|turn|10\n|\n|t:|1700438422\n|move|p1a: Florges|Moonblast|p2a: Incineroar\n|-damage|p2a: Incineroar|33\/100\n|move|p2a: Incineroar|Fire Punch|p1a: Florges\n|-damage|p1a: Florges|0 fnt\n|faint|p1a: Florges\n|\n|upkeep\n|\n|t:|1700438428\n|switch|p1a: Cryogonal|Cryogonal|100\/100\n|turn|11\n|\n|t:|1700438431\n|move|p1a: Cryogonal|Rapid Spin|p2a: Incineroar\n|-damage|p2a: Incineroar|29\/100\n|-boost|p1a: Cryogonal|spe|1\n|-sideend|p1: Cozmykfachero|Stealth Rock|[from] move: Rapid Spin|[of] p1a: Cryogonal\n|move|p2a: Incineroar|Brick Break|p1a: Cryogonal\n|-supereffective|p1a: Cryogonal\n|-damage|p1a: Cryogonal|0 fnt\n|faint|p1a: Cryogonal\n|\n|upkeep\n|\n|t:|1700438439\n|switch|p1a: The Wishmaster|Jirachi, shiny, tera:Steel|57\/100\n|turn|12\n|\n|t:|1700438443\n|move|p1a: The Wishmaster|Ancient Power|p2a: Incineroar\n|-supereffective|p2a: Incineroar\n|-damage|p2a: Incineroar|4\/100\n|-zpower|p2a: Incineroar\n|move|p2a: Incineroar|Malicious Moonsault|p1a: The Wishmaster|[zeffect]\n|-damage|p1a: The Wishmaster|0 fnt\n|faint|p1a: The Wishmaster\n|\n|upkeep\n|\n|t:|1700438457\n|switch|p1a: Sableye|Sableye, F|100\/100\n|turn|13\n|\n|t:|1700438461\n|move|p2a: Incineroar|Fire Punch|p1a: Sableye\n|-damage|p1a: Sableye|43\/100\n|move|p1a: Sableye|Knock Off|p2a: Incineroar\n|-resisted|p2a: Incineroar\n|-damage|p2a: Incineroar|0 fnt\n|faint|p2a: Incineroar\n|\n|upkeep\n|\n|t:|1700438469\n|switch|p2a: Feraligatr|Feraligatr, F|100\/100\n|turn|14\n|-message|Cozmykfachero forfeited.\n|\n|win|Uncle_George123\n|raw|Cozmykfachero's rating: 1148 &rarr; <strong>1118<\/strong><br \/>(-30 for losing)\n|raw|Uncle_George123's rating: 1071 &rarr; <strong>1107<\/strong><br \/>(+36 for winning)\n|l|\u2606Cozmykfachero\n","uploadtime":1700438475,"views":4,"p1id":"cozmykfachero","p2id":"unclegeorge123","formatid":"gen9nationaldex","rating":1107,"private":0,"password":""}