{"id":"gen9nationaldex-1990463901","p1":"LipeZero","p2":"yeetbiscuit","format":"[Gen 9] National Dex","log":"|j|\u2606LipeZero\n|j|\u2606yeetbiscuit\n|t:|1699973367\n|gametype|singles\n|player|p1|LipeZero|n|1167\n|player|p2|yeetbiscuit|1|1059\n|teamsize|p1|6\n|teamsize|p2|6\n|gen|9\n|tier|[Gen 9] National Dex\n|rated|\n|rule|HP Percentage Mod: HP is shown in percentages\n|rule|Endless Battle Clause: Forcing endless battles is banned\n|rule|OHKO Clause: OHKO moves are banned\n|rule|Evasion Clause: Evasion abilities, items, and moves are banned\n|rule|Evasion Abilities Clause: Evasion abilities are banned\n|rule|Evasion Items Clause: Evasion items are banned\n|rule|Evasion Moves Clause: Evasion moves are banned\n|rule|Species Clause: Limit one of each Pok\u00e9mon\n|rule|Sleep Clause Mod: Limit one foe put to sleep\n|clearpoke\n|poke|p1|Politoed, F|\n|poke|p1|Porygon-Z|\n|poke|p1|Heliolisk, M|\n|poke|p1|Toxicroak, F|\n|poke|p1|Goodra-Hisui, F|\n|poke|p1|Swampert, M|\n|poke|p2|Garchomp, F|\n|poke|p2|Infernape, M|\n|poke|p2|Rotom-Wash|\n|poke|p2|Togekiss, F|\n|poke|p2|Weavile, F|\n|poke|p2|Roserade, M|\n|teampreview\n|inactive|Battle timer is ON: inactive players will automatically lose when time's up. (requested by LipeZero)\n|inactive|yeetbiscuit has 120 seconds left.\n|\n|t:|1699973408\n|start\n|switch|p1a: Chuvinha|Politoed, F|100\/100\n|switch|p2a: Rotom|Rotom-Wash, shiny|100\/100\n|-weather|RainDance|[from] ability: Drizzle|[of] p1a: Chuvinha\n|turn|1\n|\n|t:|1699973416\n|switch|p2a: Roserade|Roserade, M|100\/100\n|move|p1a: Chuvinha|Toxic|p2a: Roserade\n|-immune|p2a: Roserade\n|\n|-weather|RainDance|[upkeep]\n|upkeep\n|turn|2\n|\n|t:|1699973433\n|switch|p1a: Trans|Toxicroak, F|100\/100\n|move|p2a: Roserade|Energy Ball|p1a: Trans\n|-resisted|p1a: Trans\n|-damage|p1a: Trans|65\/100\n|\n|-weather|RainDance|[upkeep]\n|-heal|p1a: Trans|77\/100|[from] ability: Dry Skin\n|upkeep\n|turn|3\n|\n|t:|1699973444\n|switch|p2a: Rotom|Rotom-Wash, shiny|100\/100\n|move|p1a: Trans|Ice Punch|p2a: Rotom\n|-resisted|p2a: Rotom\n|-damage|p2a: Rotom|85\/100\n|\n|-weather|RainDance|[upkeep]\n|-heal|p1a: Trans|89\/100|[from] ability: Dry Skin\n|-heal|p2a: Rotom|91\/100|[from] item: Leftovers\n|upkeep\n|turn|4\n|c|\u2606yeetbiscuit|!dt dry skin\n|raw|<ul class=\"utilichart\"><li class=\"result\"><span class=\"col namecol\"><a href=\"https:\/\/dex.pokemonshowdown.com\/abilities\/dryskin\">Dry Skin<\/a><\/span> <span class=\"col abilitydesccol\">This Pokemon is healed 1\/4 by Water, 1\/8 by Rain; is hurt 1.25x by Fire, 1\/8 by Sun.<\/span> <\/li><li style=\"clear:both\"><\/li><\/ul>\n|raw|<font size=\"1\"><font color=\"#686868\">Gen:<\/font> 4&nbsp;|&ThickSpace;&#10003; Ignored by Mold Breaker<\/font>\n\n|\n|t:|1699973462\n|move|p2a: Rotom|Discharge|p1a: Trans\n|-damage|p1a: Trans|29\/100\n|move|p1a: Trans|Poison Jab|p2a: Rotom\n|-damage|p2a: Rotom|43\/100\n|\n|-weather|RainDance|[upkeep]\n|-heal|p1a: Trans|42\/100|[from] ability: Dry Skin\n|-heal|p2a: Rotom|49\/100|[from] item: Leftovers\n|upkeep\n|turn|5\n|\n|t:|1699973481\n|switch|p1a: Sap\u00e3o|Swampert, M|100\/100\n|move|p2a: Rotom|Volt Switch|p1a: Sap\u00e3o\n|-immune|p1a: Sap\u00e3o\n|\n|-weather|RainDance|[upkeep]\n|-heal|p2a: Rotom|55\/100|[from] item: Leftovers\n|upkeep\n|turn|6\n|inactive|LipeZero has 120 seconds left.\n|\n|t:|1699973514\n|switch|p2a: Togekiss|Togekiss, F|100\/100\n|detailschange|p1a: Sap\u00e3o|Swampert-Mega, M\n|-mega|p1a: Sap\u00e3o|Swampert|Swampertite\n|move|p1a: Sap\u00e3o|Flip Turn|p2a: Togekiss\n|-damage|p2a: Togekiss|36\/100\n|\n|t:|1699973521\n|switch|p1a: Calabreso|Heliolisk, M|100\/100|[from] Flip Turn\n|\n|-weather|RainDance|[upkeep]\n|upkeep\n|turn|7\n|\n|t:|1699973533\n|switch|p2a: Garchomp|Garchomp, F|100\/100\n|move|p1a: Calabreso|Surf|p2a: Garchomp\n|-crit|p2a: Garchomp\n|-damage|p2a: Garchomp|6\/100\n|-damage|p1a: Calabreso|91\/100|[from] item: Life Orb\n|\n|-weather|RainDance|[upkeep]\n|-heal|p1a: Calabreso|100\/100|[from] ability: Dry Skin\n|-heal|p2a: Garchomp|12\/100|[from] item: Leftovers\n|upkeep\n|turn|8\n|\n|t:|1699973544\n|move|p1a: Calabreso|Hyper Voice|p2a: Garchomp\n|-damage|p2a: Garchomp|0 fnt\n|faint|p2a: Garchomp\n|-damage|p1a: Calabreso|91\/100|[from] item: Life Orb\n|\n|-weather|none\n|upkeep\n|\n|t:|1699973548\n|switch|p2a: Roserade|Roserade, M|100\/100\n|turn|9\n|inactive|LipeZero has 120 seconds left.\n|\n|t:|1699973559\n|switch|p1a: Chuvinha|Politoed, F|100\/100\n|-weather|RainDance|[from] ability: Drizzle|[of] p1a: Chuvinha\n|move|p2a: Roserade|Energy Ball|p1a: Chuvinha\n|-supereffective|p1a: Chuvinha\n|-damage|p1a: Chuvinha|18\/100\n|\n|-weather|RainDance|[upkeep]\n|upkeep\n|turn|10\n|inactive|LipeZero has 120 seconds left.\n|\n|t:|1699973569\n|switch|p1a: Coisa ruim|Porygon-Z|100\/100\n|move|p2a: Roserade|Energy Ball|p1a: Coisa ruim\n|-damage|p1a: Coisa ruim|33\/100\n|\n|-weather|RainDance|[upkeep]\n|upkeep\n|turn|11\n|inactive|LipeZero has 120 seconds left.\n|\n|t:|1699973602\n|move|p2a: Roserade|Energy Ball|p1a: Coisa ruim\n|-damage|p1a: Coisa ruim|0 fnt\n|faint|p1a: Coisa ruim\n|\n|-weather|RainDance|[upkeep]\n|upkeep\n|\n|t:|1699973615\n|switch|p1a: Calabreso|Heliolisk, M|91\/100\n|turn|12\n|\n|t:|1699973622\n|move|p2a: Roserade|Energy Ball|p1a: Calabreso\n|-damage|p1a: Calabreso|34\/100\n|-unboost|p1a: Calabreso|spd|1\n|move|p1a: Calabreso|Thunder|p2a: Roserade\n|-resisted|p2a: Roserade\n|-damage|p2a: Roserade|57\/100\n|-status|p2a: Roserade|par\n|-damage|p1a: Calabreso|24\/100|[from] item: Life Orb\n|\n|-weather|RainDance|[upkeep]\n|-heal|p1a: Calabreso|36\/100|[from] ability: Dry Skin\n|upkeep\n|turn|13\n|\n|t:|1699973636\n|move|p1a: Calabreso|Hyper Voice|p2a: Roserade\n|-damage|p2a: Roserade|0 fnt\n|faint|p2a: Roserade\n|-damage|p1a: Calabreso|27\/100|[from] item: Life Orb\n|\n|-weather|RainDance|[upkeep]\n|-heal|p1a: Calabreso|39\/100|[from] ability: Dry Skin\n|upkeep\n|\n|t:|1699973644\n|switch|p2a: Weavile|Weavile, F|100\/100\n|turn|14\n|\n|t:|1699973656\n|move|p2a: Weavile|Knock Off|p1a: Calabreso\n|-damage|p1a: Calabreso|0 fnt\n|-enditem|p1a: Calabreso|Life Orb|[from] move: Knock Off|[of] p2a: Weavile\n|faint|p1a: Calabreso\n|-damage|p2a: Weavile|91\/100|[from] item: Life Orb\n|\n|-weather|RainDance|[upkeep]\n|upkeep\n|\n|t:|1699973663\n|switch|p1a: Thais Carla|Goodra-Hisui, F|100\/100\n|turn|15\n|\n|t:|1699973668\n|move|p2a: Weavile|Knock Off|p1a: Thais Carla\n|-damage|p1a: Thais Carla|56\/100\n|-enditem|p1a: Thais Carla|Iron Ball|[from] move: Knock Off|[of] p2a: Weavile\n|-damage|p2a: Weavile|81\/100|[from] item: Life Orb\n|move|p1a: Thais Carla|Gyro Ball|p2a: Weavile\n|-supereffective|p2a: Weavile\n|-crit|p2a: Weavile\n|-damage|p2a: Weavile|0 fnt\n|faint|p2a: Weavile\n|\n|-weather|RainDance|[upkeep]\n|upkeep\n|\n|t:|1699973677\n|switch|p2a: Infernape|Infernape, M|100\/100\n|turn|16\n|\n|t:|1699973682\n|move|p2a: Infernape|Drain Punch|p1a: Thais Carla\n|-supereffective|p1a: Thais Carla\n|-damage|p1a: Thais Carla|0 fnt\n|faint|p1a: Thais Carla\n|\n|-weather|none\n|upkeep\n|\n|t:|1699973689\n|switch|p1a: Chuvinha|Politoed, F|18\/100\n|-weather|RainDance|[from] ability: Drizzle|[of] p1a: Chuvinha\n|turn|17\n|\n|t:|1699973698\n|move|p2a: Infernape|Drain Punch|p1a: Chuvinha\n|-damage|p1a: Chuvinha|0 fnt\n|faint|p1a: Chuvinha\n|\n|-weather|RainDance|[upkeep]\n|upkeep\n|\n|t:|1699973705\n|switch|p1a: Sap\u00e3o|Swampert-Mega, M|100\/100\n|turn|18\n|\n|t:|1699973714\n|switch|p2a: Rotom|Rotom-Wash, shiny|55\/100\n|move|p1a: Sap\u00e3o|Ice Punch|p2a: Rotom\n|-resisted|p2a: Rotom\n|-damage|p2a: Rotom|37\/100\n|\n|-weather|RainDance|[upkeep]\n|-heal|p2a: Rotom|43\/100|[from] item: Leftovers\n|upkeep\n|turn|19\n|\n|t:|1699973727\n|switch|p2a: Togekiss|Togekiss, F|36\/100\n|move|p1a: Sap\u00e3o|Liquidation|p2a: Togekiss\n|-damage|p2a: Togekiss|0 fnt\n|faint|p2a: Togekiss\n|\n|-weather|RainDance|[upkeep]\n|upkeep\n|\n|t:|1699973730\n|switch|p2a: Rotom|Rotom-Wash, shiny|43\/100\n|turn|20\n|\n|t:|1699973741\n|move|p1a: Sap\u00e3o|Liquidation|p2a: Rotom\n|-resisted|p2a: Rotom\n|-damage|p2a: Rotom|0 fnt\n|faint|p2a: Rotom\n|\n|-weather|RainDance|[upkeep]\n|upkeep\n|\n|t:|1699973744\n|switch|p2a: Infernape|Infernape, M|100\/100\n|turn|21\n|\n|t:|1699973750\n|move|p1a: Sap\u00e3o|Earthquake|p2a: Infernape\n|-supereffective|p2a: Infernape\n|-damage|p2a: Infernape|0 fnt\n|faint|p2a: Infernape\n|\n|win|LipeZero\n|raw|LipeZero's rating: 1167 &rarr; <strong>1184<\/strong><br \/>(+17 for winning)\n|raw|yeetbiscuit's rating: 1059 &rarr; <strong>1046<\/strong><br \/>(-13 for losing)\n","uploadtime":1699973759,"views":9,"p1id":"lipezero","p2id":"yeetbiscuit","formatid":"gen9nationaldex","rating":1046,"private":0,"password":""}