{"id":"gen9nationaldex-1995303684","p1":"batmanga","p2":"yanami-sleep","format":"[Gen 9] National Dex","log":"|html|<div class=\"broadcast-blue\"><strong>[Gen 9] National Dex is currently suspecting Sneasler! For information on how to participate check out the <a href=\"https:\/\/www.smogon.com\/forums\/threads\/sv-national-dex-suspect-8-just-dance.3731534\/\">suspect thread<\/a>.<\/strong><\/div>\n|j|\u2606batmanga\n|j|\u2606yanami-sleep\n|t:|1700550180\n|gametype|singles\n|player|p1|batmanga|riley|1607\n|player|p2|yanami-sleep|dawn-masters3|1495\n|teamsize|p1|6\n|teamsize|p2|6\n|gen|9\n|tier|[Gen 9] National Dex\n|rated|\n|rule|HP Percentage Mod: HP is shown in percentages\n|rule|Endless Battle Clause: Forcing endless battles is banned\n|rule|OHKO Clause: OHKO moves are banned\n|rule|Evasion Clause: Evasion abilities, items, and moves are banned\n|rule|Evasion Abilities Clause: Evasion abilities are banned\n|rule|Evasion Items Clause: Evasion items are banned\n|rule|Evasion Moves Clause: Evasion moves are banned\n|rule|Species Clause: Limit one of each Pok\u00e9mon\n|rule|Sleep Clause Mod: Limit one foe put to sleep\n|clearpoke\n|poke|p1|Ninetales-Alola, M|\n|poke|p1|Slowking, M|\n|poke|p1|Zamazenta-*|\n|poke|p1|Raticate, F|\n|poke|p1|Skeledirge, M|\n|poke|p1|Arctozolt|\n|poke|p2|Pelipper, F|\n|poke|p2|Barraskewda, M|\n|poke|p2|Swampert, F|\n|poke|p2|Basculegion, M|\n|poke|p2|Zapdos|\n|poke|p2|Ferrothorn, F|\n|teampreview\n|\n|t:|1700550193\n|start\n|switch|p1a: Slowking|Slowking, M|100\/100\n|switch|p2a: Pelipper|Pelipper, F|100\/100\n|-weather|RainDance|[from] ability: Drizzle|[of] p2a: Pelipper\n|turn|1\n|\n|t:|1700550197\n|move|p2a: Pelipper|U-turn|p1a: Slowking\n|-supereffective|p1a: Slowking\n|-damage|p1a: Slowking|83\/100\n|\n|t:|1700550201\n|switch|p2a: Zapdos|Zapdos|100\/100|[from] U-turn\n|move|p1a: Slowking|Chilly Reception|p1a: Slowking\n|-weather|Snow\n|\n|t:|1700550205\n|switch|p1a: Arctozolt|Arctozolt|100\/100|[from] Chilly Reception\n|\n|-weather|Snow|[upkeep]\n|upkeep\n|turn|2\n|\n|t:|1700550210\n|switch|p2a: Ferrothorn|Ferrothorn, F|100\/100\n|move|p1a: Arctozolt|Substitute|p1a: Arctozolt\n|-start|p1a: Arctozolt|Substitute\n|-damage|p1a: Arctozolt|76\/100\n|\n|-weather|Snow|[upkeep]\n|upkeep\n|turn|3\n|\n|t:|1700550214\n|move|p1a: Arctozolt|Low Kick|p2a: Ferrothorn\n|-supereffective|p2a: Ferrothorn\n|-damage|p2a: Ferrothorn|65\/100\n|-damage|p1a: Arctozolt|63\/100|[from] ability: Iron Barbs|[of] p2a: Ferrothorn\n|move|p2a: Ferrothorn|Body Press|p1a: Arctozolt\n|-supereffective|p1a: Arctozolt\n|-end|p1a: Arctozolt|Substitute\n|\n|-weather|Snow|[upkeep]\n|-heal|p2a: Ferrothorn|71\/100|[from] item: Leftovers\n|upkeep\n|turn|4\n|\n|t:|1700550227\n|switch|p1a: Zamazenta|Zamazenta|100\/100\n|-ability|p1a: Zamazenta|Dauntless Shield|boost\n|-boost|p1a: Zamazenta|def|1\n|move|p2a: Ferrothorn|Body Press|p1a: Zamazenta\n|-damage|p1a: Zamazenta|81\/100\n|\n|-weather|Snow|[upkeep]\n|-heal|p2a: Ferrothorn|77\/100|[from] item: Leftovers\n|upkeep\n|turn|5\n|\n|t:|1700550235\n|switch|p1a: Slowking|Slowking, M|100\/100\n|switch|p2a: Pelipper|Pelipper, F|100\/100\n|-weather|RainDance|[from] ability: Drizzle|[of] p2a: Pelipper\n|\n|-weather|RainDance|[upkeep]\n|upkeep\n|turn|6\n|\n|t:|1700550240\n|move|p2a: Pelipper|U-turn|p1a: Slowking\n|-supereffective|p1a: Slowking\n|-damage|p1a: Slowking|84\/100\n|\n|t:|1700550242\n|switch|p2a: Basculegion|Basculegion, M|100\/100|[from] U-turn\n|move|p1a: Slowking|Chilly Reception|p1a: Slowking\n|-weather|Snow\n|\n|t:|1700550248\n|switch|p1a: Arctozolt|Arctozolt|63\/100|[from] Chilly Reception\n|\n|-weather|Snow|[upkeep]\n|upkeep\n|turn|7\n|\n|t:|1700550256\n|switch|p2a: Ferrothorn|Ferrothorn, F|77\/100\n|move|p1a: Arctozolt|Blizzard|p2a: Ferrothorn\n|-damage|p2a: Ferrothorn|47\/100\n|\n|-weather|Snow|[upkeep]\n|-heal|p2a: Ferrothorn|53\/100|[from] item: Leftovers\n|upkeep\n|turn|8\n|\n|t:|1700550264\n|switch|p1a: Skeledirge|Skeledirge, M|100\/100\n|move|p2a: Ferrothorn|Leech Seed|p1a: Skeledirge\n|-start|p1a: Skeledirge|move: Leech Seed\n|\n|-weather|Snow|[upkeep]\n|-heal|p2a: Ferrothorn|59\/100|[from] item: Leftovers\n|-damage|p1a: Skeledirge|88\/100|[from] Leech Seed|[of] p2a: Ferrothorn\n|-heal|p2a: Ferrothorn|74\/100|[silent]\n|upkeep\n|turn|9\n|\n|t:|1700550275\n|switch|p1a: Raticate|Raticate, F|100\/100\n|switch|p2a: Pelipper|Pelipper, F|100\/100\n|-weather|RainDance|[from] ability: Drizzle|[of] p2a: Pelipper\n|\n|-weather|RainDance|[upkeep]\n|-status|p1a: Raticate|brn|[from] item: Flame Orb\n|upkeep\n|turn|10\n|\n|t:|1700550281\n|-terastallize|p1a: Raticate|Normal\n|move|p1a: Raticate|Facade|p2a: Pelipper\n|-damage|p2a: Pelipper|22\/100\n|move|p2a: Pelipper|Weather Ball|p1a: Raticate\n|-damage|p1a: Raticate|4\/100 brn\n|\n|-weather|RainDance|[upkeep]\n|-damage|p1a: Raticate|0 fnt|[from] brn\n|faint|p1a: Raticate\n|upkeep\n|\n|t:|1700550297\n|switch|p1a: Slowking|Slowking, M|100\/100\n|turn|11\n|\n|t:|1700550300\n|move|p2a: Pelipper|U-turn|p1a: Slowking\n|-supereffective|p1a: Slowking\n|-damage|p1a: Slowking|84\/100\n|\n|t:|1700550307\n|switch|p2a: Ferrothorn|Ferrothorn, F|74\/100|[from] U-turn\n|move|p1a: Slowking|Chilly Reception|p1a: Slowking\n|-weather|Snow\n|\n|t:|1700550311\n|switch|p1a: Skeledirge|Skeledirge, M|88\/100|[from] Chilly Reception\n|\n|-weather|Snow|[upkeep]\n|-heal|p2a: Ferrothorn|80\/100|[from] item: Leftovers\n|upkeep\n|turn|12\n|\n|t:|1700550317\n|switch|p2a: Swampert|Swampert, F|100\/100\n|move|p1a: Skeledirge|Torch Song|p2a: Swampert\n|-resisted|p2a: Swampert\n|-damage|p2a: Swampert|84\/100\n|-boost|p1a: Skeledirge|spa|1\n|\n|-weather|Snow|[upkeep]\n|upkeep\n|turn|13\n|\n|t:|1700550326\n|detailschange|p2a: Swampert|Swampert-Mega, F\n|-mega|p2a: Swampert|Swampert|Swampertite\n|move|p2a: Swampert|Waterfall|p1a: Skeledirge\n|-supereffective|p1a: Skeledirge\n|-damage|p1a: Skeledirge|22\/100\n|move|p1a: Skeledirge|Will-O-Wisp|p2a: Swampert\n|-status|p2a: Swampert|brn\n|\n|-weather|Snow|[upkeep]\n|-damage|p2a: Swampert|78\/100 brn|[from] brn\n|upkeep\n|turn|14\n|\n|t:|1700550334\n|switch|p1a: Slowking|Slowking, M|100\/100\n|move|p2a: Swampert|Flip Turn|p1a: Slowking\n|-resisted|p1a: Slowking\n|-damage|p1a: Slowking|91\/100\n|\n|t:|1700550340\n|switch|p2a: Zapdos|Zapdos|100\/100|[from] Flip Turn\n|\n|-weather|Snow|[upkeep]\n|upkeep\n|turn|15\n|\n|t:|1700550348\n|move|p2a: Zapdos|Volt Switch|p1a: Slowking\n|-supereffective|p1a: Slowking\n|-damage|p1a: Slowking|47\/100\n|\n|t:|1700550359\n|switch|p2a: Swampert|Swampert-Mega, F|78\/100 brn|[from] Volt Switch\n|move|p1a: Slowking|Future Sight|p2a: Swampert\n|-start|p1a: Slowking|move: Future Sight\n|\n|-weather|Snow|[upkeep]\n|-damage|p2a: Swampert|71\/100 brn|[from] brn\n|upkeep\n|turn|16\n|\n|t:|1700550365\n|move|p2a: Swampert|Earthquake|p1a: Slowking\n|-damage|p1a: Slowking|11\/100\n|move|p1a: Slowking|Slack Off|p1a: Slowking\n|-heal|p1a: Slowking|61\/100\n|\n|-weather|Snow|[upkeep]\n|-damage|p2a: Swampert|65\/100 brn|[from] brn\n|upkeep\n|turn|17\n|\n|t:|1700550368\n|move|p2a: Swampert|Flip Turn|p1a: Slowking\n|-resisted|p1a: Slowking\n|-damage|p1a: Slowking|52\/100\n|\n|t:|1700550374\n|switch|p2a: Ferrothorn|Ferrothorn, F|80\/100|[from] Flip Turn\n|move|p1a: Slowking|Scald|p2a: Ferrothorn\n|-resisted|p2a: Ferrothorn\n|-damage|p2a: Ferrothorn|68\/100\n|\n|-weather|Snow|[upkeep]\n|-end|p2a: Ferrothorn|move: Future Sight\n|-resisted|p2a: Ferrothorn\n|-damage|p2a: Ferrothorn|49\/100\n|-heal|p2a: Ferrothorn|55\/100|[from] item: Leftovers\n|upkeep\n|turn|18\n|\n|t:|1700550389\n|move|p2a: Ferrothorn|Leech Seed|p1a: Slowking\n|-start|p1a: Slowking|move: Leech Seed\n|move|p1a: Slowking|Chilly Reception|p1a: Slowking\n|\n|t:|1700550394\n|switch|p1a: Zamazenta|Zamazenta|81\/100|[from] Chilly Reception\n|\n|-weather|none\n|-heal|p2a: Ferrothorn|61\/100|[from] item: Leftovers\n|upkeep\n|turn|19\n|\n|t:|1700550399\n|-terastallize|p2a: Ferrothorn|Ghost\n|move|p1a: Zamazenta|Close Combat|p2a: Ferrothorn\n|-immune|p2a: Ferrothorn\n|move|p2a: Ferrothorn|Leech Seed|p1a: Zamazenta\n|-start|p1a: Zamazenta|move: Leech Seed\n|\n|-heal|p2a: Ferrothorn|68\/100|[from] item: Leftovers\n|-damage|p1a: Zamazenta|68\/100|[from] Leech Seed|[of] p2a: Ferrothorn\n|-heal|p2a: Ferrothorn|79\/100|[silent]\n|upkeep\n|turn|20\n|\n|t:|1700550403\n|move|p1a: Zamazenta|Crunch|p2a: Ferrothorn\n|-supereffective|p2a: Ferrothorn\n|-damage|p2a: Ferrothorn|49\/100\n|-damage|p1a: Zamazenta|56\/100|[from] ability: Iron Barbs|[of] p2a: Ferrothorn\n|move|p2a: Ferrothorn|Stealth Rock|p1a: Zamazenta\n|-sidestart|p1: batmanga|move: Stealth Rock\n|\n|-heal|p2a: Ferrothorn|55\/100|[from] item: Leftovers\n|-damage|p1a: Zamazenta|44\/100|[from] Leech Seed|[of] p2a: Ferrothorn\n|-heal|p2a: Ferrothorn|66\/100|[silent]\n|upkeep\n|turn|21\n|\n|t:|1700550408\n|switch|p1a: Slowking|Slowking, M|86\/100\n|-damage|p1a: Slowking|73\/100|[from] Stealth Rock\n|move|p2a: Ferrothorn|Body Press|p1a: Slowking\n|-resisted|p1a: Slowking\n|-damage|p1a: Slowking|58\/100\n|\n|-heal|p2a: Ferrothorn|73\/100|[from] item: Leftovers\n|upkeep\n|turn|22\n|\n|t:|1700550411\n|move|p2a: Ferrothorn|Leech Seed|p1a: Slowking\n|-start|p1a: Slowking|move: Leech Seed\n|move|p1a: Slowking|Scald|p2a: Ferrothorn\n|-damage|p2a: Ferrothorn|49\/100\n|-status|p2a: Ferrothorn|brn\n|\n|-heal|p2a: Ferrothorn|55\/100 brn|[from] item: Leftovers\n|-damage|p1a: Slowking|46\/100|[from] Leech Seed|[of] p2a: Ferrothorn\n|-heal|p2a: Ferrothorn|69\/100 brn|[silent]\n|-damage|p2a: Ferrothorn|63\/100 brn|[from] brn\n|upkeep\n|turn|23\n|\n|t:|1700550415\n|move|p2a: Ferrothorn|Power Whip|p1a: Slowking|[miss]\n|-miss|p2a: Ferrothorn|p1a: Slowking\n|move|p1a: Slowking|Slack Off|p1a: Slowking\n|-heal|p1a: Slowking|96\/100\n|\n|-heal|p2a: Ferrothorn|69\/100 brn|[from] item: Leftovers\n|-damage|p1a: Slowking|83\/100|[from] Leech Seed|[of] p2a: Ferrothorn\n|-heal|p2a: Ferrothorn|83\/100 brn|[silent]\n|-damage|p2a: Ferrothorn|77\/100 brn|[from] brn\n|upkeep\n|turn|24\n|\n|t:|1700550423\n|switch|p1a: Skeledirge|Skeledirge, M|22\/100\n|move|p2a: Ferrothorn|Power Whip|p1a: Skeledirge\n|-resisted|p1a: Skeledirge\n|-damage|p1a: Skeledirge|17\/100\n|\n|-heal|p2a: Ferrothorn|83\/100 brn|[from] item: Leftovers\n|-damage|p2a: Ferrothorn|77\/100 brn|[from] brn\n|upkeep\n|turn|25\n|\n|t:|1700550436\n|switch|p2a: Zapdos|Zapdos|100\/100\n|move|p1a: Skeledirge|Slack Off|p1a: Skeledirge\n|-heal|p1a: Skeledirge|67\/100\n|\n|upkeep\n|turn|26\n|\n|t:|1700550439\n|move|p2a: Zapdos|Volt Switch|p1a: Skeledirge\n|-damage|p1a: Skeledirge|30\/100\n|\n|t:|1700550444\n|switch|p2a: Barraskewda|Barraskewda, M|100\/100|[from] Volt Switch\n|move|p1a: Skeledirge|Torch Song|p2a: Barraskewda\n|-resisted|p2a: Barraskewda\n|-damage|p2a: Barraskewda|65\/100\n|-boost|p1a: Skeledirge|spa|1\n|\n|upkeep\n|turn|27\n|\n|t:|1700550453\n|switch|p1a: Ninetales|Ninetales-Alola, M|100\/100\n|-weather|Snow|[from] ability: Snow Warning|[of] p1a: Ninetales\n|move|p2a: Barraskewda|Liquidation|p1a: Ninetales\n|-damage|p1a: Ninetales|56\/100\n|-damage|p2a: Barraskewda|55\/100|[from] item: Life Orb\n|\n|-weather|Snow|[upkeep]\n|upkeep\n|turn|28\n|\n|t:|1700550465\n|switch|p2a: Pelipper|Pelipper, F|22\/100\n|-weather|RainDance|[from] ability: Drizzle|[of] p2a: Pelipper\n|move|p1a: Ninetales|Aurora Veil||[still]\n|-fail|p1a: Ninetales\n|\n|-weather|RainDance|[upkeep]\n|upkeep\n|turn|29\n|\n|t:|1700550472\n|switch|p2a: Ferrothorn|Ferrothorn, F, tera:Ghost|77\/100 brn\n|move|p1a: Ninetales|Freeze-Dry|p2a: Ferrothorn\n|-damage|p2a: Ferrothorn|58\/100 brn\n|\n|-weather|RainDance|[upkeep]\n|-heal|p2a: Ferrothorn|65\/100 brn|[from] item: Leftovers\n|-damage|p2a: Ferrothorn|58\/100 brn|[from] brn\n|upkeep\n|turn|30\n|\n|t:|1700550484\n|switch|p1a: Skeledirge|Skeledirge, M|30\/100\n|move|p2a: Ferrothorn|Leech Seed|p1a: Skeledirge\n|-start|p1a: Skeledirge|move: Leech Seed\n|\n|-weather|RainDance|[upkeep]\n|-heal|p2a: Ferrothorn|65\/100 brn|[from] item: Leftovers\n|-damage|p1a: Skeledirge|18\/100|[from] Leech Seed|[of] p2a: Ferrothorn\n|-heal|p2a: Ferrothorn|79\/100 brn|[silent]\n|-damage|p2a: Ferrothorn|73\/100 brn|[from] brn\n|upkeep\n|turn|31\n|\n|t:|1700550490\n|switch|p2a: Zapdos|Zapdos|100\/100\n|move|p1a: Skeledirge|Will-O-Wisp|p2a: Zapdos\n|-status|p2a: Zapdos|brn\n|\n|-weather|RainDance|[upkeep]\n|-damage|p1a: Skeledirge|5\/100|[from] Leech Seed|[of] p2a: Zapdos\n|-damage|p2a: Zapdos|94\/100 brn|[from] brn\n|upkeep\n|turn|32\n|\n|t:|1700550497\n|move|p2a: Zapdos|Weather Ball|p1a: Skeledirge\n|-supereffective|p1a: Skeledirge\n|-damage|p1a: Skeledirge|0 fnt\n|faint|p1a: Skeledirge\n|\n|-weather|RainDance|[upkeep]\n|-damage|p2a: Zapdos|88\/100 brn|[from] brn\n|upkeep\n|\n|t:|1700550499\n|switch|p1a: Ninetales|Ninetales-Alola, M|56\/100\n|-weather|Snow|[from] ability: Snow Warning|[of] p1a: Ninetales\n|turn|33\n|\n|t:|1700550509\n|move|p1a: Ninetales|Freeze-Dry|p2a: Zapdos\n|-supereffective|p2a: Zapdos\n|-damage|p2a: Zapdos|41\/100 brn\n|move|p2a: Zapdos|Weather Ball|p1a: Ninetales\n|-resisted|p1a: Ninetales\n|-damage|p1a: Ninetales|39\/100\n|\n|-weather|Snow|[upkeep]\n|-damage|p2a: Zapdos|34\/100 brn|[from] brn\n|upkeep\n|turn|34\n|\n|t:|1700550519\n|move|p1a: Ninetales|Freeze-Dry|p2a: Zapdos\n|-supereffective|p2a: Zapdos\n|-damage|p2a: Zapdos|0 fnt\n|faint|p2a: Zapdos\n|\n|-weather|Snow|[upkeep]\n|upkeep\n|\n|t:|1700550523\n|switch|p2a: Barraskewda|Barraskewda, M|55\/100\n|turn|35\n|\n|t:|1700550549\n|switch|p1a: Slowking|Slowking, M|100\/100\n|-damage|p1a: Slowking|88\/100|[from] Stealth Rock\n|move|p2a: Barraskewda|Liquidation|p1a: Slowking\n|-resisted|p1a: Slowking\n|-damage|p1a: Slowking|59\/100\n|-damage|p2a: Barraskewda|46\/100|[from] item: Life Orb\n|\n|-weather|Snow|[upkeep]\n|upkeep\n|turn|36\n|\n|t:|1700550558\n|switch|p2a: Ferrothorn|Ferrothorn, F, tera:Ghost|73\/100 brn\n|move|p1a: Slowking|Future Sight|p2a: Ferrothorn\n|-start|p1a: Slowking|move: Future Sight\n|\n|-weather|Snow|[upkeep]\n|-heal|p2a: Ferrothorn|79\/100 brn|[from] item: Leftovers\n|-damage|p2a: Ferrothorn|73\/100 brn|[from] brn\n|upkeep\n|turn|37\n|\n|t:|1700550566\n|move|p2a: Ferrothorn|Leech Seed|p1a: Slowking\n|-start|p1a: Slowking|move: Leech Seed\n|move|p1a: Slowking|Slack Off|p1a: Slowking\n|-heal|p1a: Slowking|100\/100\n|\n|-weather|none\n|-heal|p2a: Ferrothorn|79\/100 brn|[from] item: Leftovers\n|-damage|p1a: Slowking|88\/100|[from] Leech Seed|[of] p2a: Ferrothorn\n|-heal|p2a: Ferrothorn|93\/100 brn|[silent]\n|-damage|p2a: Ferrothorn|87\/100 brn|[from] brn\n|upkeep\n|turn|38\n|\n|t:|1700550569\n|move|p2a: Ferrothorn|Power Whip|p1a: Slowking\n|-supereffective|p1a: Slowking\n|-damage|p1a: Slowking|46\/100\n|move|p1a: Slowking|Chilly Reception|p1a: Slowking\n|-weather|Snow\n|\n|t:|1700550575\n|switch|p1a: Arctozolt|Arctozolt|63\/100|[from] Chilly Reception\n|\n|-weather|Snow|[upkeep]\n|-end|p2a: Ferrothorn|move: Future Sight\n|-damage|p2a: Ferrothorn|52\/100 brn\n|-heal|p2a: Ferrothorn|59\/100 brn|[from] item: Leftovers\n|-damage|p2a: Ferrothorn|52\/100 brn|[from] brn\n|upkeep\n|turn|39\n|\n|t:|1700550578\n|move|p1a: Arctozolt|Substitute|p1a: Arctozolt\n|-start|p1a: Arctozolt|Substitute\n|-damage|p1a: Arctozolt|38\/100\n|move|p2a: Ferrothorn|Body Press|p1a: Arctozolt\n|-supereffective|p1a: Arctozolt\n|-activate|p1a: Arctozolt|move: Substitute|[damage]\n|\n|-weather|Snow|[upkeep]\n|-heal|p2a: Ferrothorn|59\/100 brn|[from] item: Leftovers\n|-damage|p2a: Ferrothorn|52\/100 brn|[from] brn\n|upkeep\n|turn|40\n|\n|t:|1700550587\n|move|p1a: Arctozolt|Bolt Beak|p2a: Ferrothorn\n|-damage|p2a: Ferrothorn|4\/100 brn\n|-damage|p1a: Arctozolt|26\/100|[from] ability: Iron Barbs|[of] p2a: Ferrothorn\n|move|p2a: Ferrothorn|Body Press|p1a: Arctozolt\n|-supereffective|p1a: Arctozolt\n|-end|p1a: Arctozolt|Substitute\n|\n|-weather|Snow|[upkeep]\n|-heal|p2a: Ferrothorn|11\/100 brn|[from] item: Leftovers\n|-damage|p2a: Ferrothorn|4\/100 brn|[from] brn\n|upkeep\n|turn|41\n|\n|t:|1700550595\n|move|p1a: Arctozolt|Blizzard|p2a: Ferrothorn\n|-damage|p2a: Ferrothorn|0 fnt\n|faint|p2a: Ferrothorn\n|\n|-weather|Snow|[upkeep]\n|upkeep\n|\n|t:|1700550601\n|switch|p2a: Pelipper|Pelipper, F|22\/100\n|-weather|RainDance|[from] ability: Drizzle|[of] p2a: Pelipper\n|turn|42\n|\n|t:|1700550611\n|switch|p1a: Slowking|Slowking, M|79\/100\n|-damage|p1a: Slowking|67\/100|[from] Stealth Rock\n|switch|p2a: Swampert|Swampert-Mega, F|65\/100 brn\n|\n|-weather|RainDance|[upkeep]\n|-damage|p2a: Swampert|59\/100 brn|[from] brn\n|upkeep\n|turn|43\n|\n|t:|1700550618\n|move|p2a: Swampert|Flip Turn|p1a: Slowking\n|-resisted|p1a: Slowking\n|-damage|p1a: Slowking|52\/100\n|\n|t:|1700550622\n|switch|p2a: Basculegion|Basculegion, M|100\/100|[from] Flip Turn\n|move|p1a: Slowking|Chilly Reception|p1a: Slowking\n|-weather|Snow\n|\n|t:|1700550626\n|switch|p1a: Arctozolt|Arctozolt|26\/100|[from] Chilly Reception\n|\n|-weather|Snow|[upkeep]\n|upkeep\n|turn|44\n|\n|t:|1700550631\n|switch|p2a: Swampert|Swampert-Mega, F|59\/100 brn\n|move|p1a: Arctozolt|Bolt Beak|p2a: Swampert\n|-immune|p2a: Swampert\n|\n|-weather|Snow|[upkeep]\n|-damage|p2a: Swampert|53\/100 brn|[from] brn\n|upkeep\n|turn|45\n|\n|t:|1700550637\n|switch|p1a: Zamazenta|Zamazenta|44\/100\n|move|p2a: Swampert|Flip Turn|p1a: Zamazenta\n|-damage|p1a: Zamazenta|25\/100\n|\n|t:|1700550647\n|switch|p2a: Pelipper|Pelipper, F|22\/100|[from] Flip Turn\n|-weather|RainDance|[from] ability: Drizzle|[of] p2a: Pelipper\n|\n|-weather|RainDance|[upkeep]\n|upkeep\n|turn|46\n|\n|t:|1700550652\n|switch|p2a: Basculegion|Basculegion, M|100\/100\n|move|p1a: Zamazenta|Close Combat|p2a: Basculegion\n|-immune|p2a: Basculegion\n|\n|-weather|RainDance|[upkeep]\n|upkeep\n|turn|47\n|\n|t:|1700550668\n|switch|p1a: Ninetales|Ninetales-Alola, M|39\/100\n|-weather|Snow|[from] ability: Snow Warning|[of] p1a: Ninetales\n|move|p2a: Basculegion|Wave Crash|p1a: Ninetales\n|-damage|p1a: Ninetales|0 fnt\n|faint|p1a: Ninetales\n|-damage|p2a: Basculegion|89\/100|[from] Recoil\n|\n|-weather|Snow|[upkeep]\n|upkeep\n|\n|t:|1700550670\n|switch|p1a: Arctozolt|Arctozolt|26\/100\n|turn|48\n|\n|t:|1700550677\n|switch|p2a: Swampert|Swampert-Mega, F|53\/100 brn\n|move|p1a: Arctozolt|Bolt Beak|p2a: Swampert\n|-immune|p2a: Swampert\n|\n|-weather|Snow|[upkeep]\n|-damage|p2a: Swampert|47\/100 brn|[from] brn\n|upkeep\n|turn|49\n|\n|t:|1700550684\n|move|p1a: Arctozolt|Blizzard|p2a: Swampert\n|-damage|p2a: Swampert|13\/100 brn\n|move|p2a: Swampert|Flip Turn|p1a: Arctozolt\n|-damage|p1a: Arctozolt|12\/100\n|\n|t:|1700550688\n|switch|p2a: Pelipper|Pelipper, F|22\/100|[from] Flip Turn\n|-weather|RainDance|[from] ability: Drizzle|[of] p2a: Pelipper\n|\n|-weather|RainDance|[upkeep]\n|upkeep\n|turn|50\n|\n|t:|1700550692\n|switch|p1a: Slowking|Slowking, M|86\/100\n|-damage|p1a: Slowking|73\/100|[from] Stealth Rock\n|switch|p2a: Swampert|Swampert-Mega, F|13\/100 brn\n|\n|-weather|RainDance|[upkeep]\n|-damage|p2a: Swampert|7\/100 brn|[from] brn\n|upkeep\n|turn|51\n|\n|t:|1700550695\n|move|p2a: Swampert|Flip Turn|p1a: Slowking\n|-resisted|p1a: Slowking\n|-damage|p1a: Slowking|58\/100\n|\n|t:|1700550698\n|switch|p2a: Basculegion|Basculegion, M|89\/100|[from] Flip Turn\n|move|p1a: Slowking|Chilly Reception|p1a: Slowking\n|-weather|Snow\n|\n|t:|1700550701\n|switch|p1a: Arctozolt|Arctozolt|12\/100|[from] Chilly Reception\n|\n|-weather|Snow|[upkeep]\n|upkeep\n|turn|52\n|\n|t:|1700550707\n|switch|p2a: Swampert|Swampert-Mega, F|7\/100 brn\n|move|p1a: Arctozolt|Bolt Beak|p2a: Swampert\n|-immune|p2a: Swampert\n|\n|-weather|Snow|[upkeep]\n|-damage|p2a: Swampert|1\/100 brn|[from] brn\n|upkeep\n|turn|53\n|\n|t:|1700550725\n|move|p1a: Arctozolt|Low Kick|p2a: Swampert\n|-damage|p2a: Swampert|0 fnt\n|faint|p2a: Swampert\n|\n|-weather|Snow|[upkeep]\n|upkeep\n|\n|t:|1700550729\n|switch|p2a: Pelipper|Pelipper, F|22\/100\n|-weather|RainDance|[from] ability: Drizzle|[of] p2a: Pelipper\n|turn|54\n|\n|t:|1700550740\n|switch|p1a: Zamazenta|Zamazenta|25\/100\n|switch|p2a: Barraskewda|Barraskewda, M|46\/100\n|\n|-weather|RainDance|[upkeep]\n|upkeep\n|turn|55\n|\n|t:|1700550745\n|move|p2a: Barraskewda|Liquidation|p1a: Zamazenta\n|-damage|p1a: Zamazenta|0 fnt\n|faint|p1a: Zamazenta\n|-damage|p2a: Barraskewda|36\/100|[from] item: Life Orb\n|\n|-weather|RainDance|[upkeep]\n|upkeep\n|\n|t:|1700550747\n|switch|p1a: Slowking|Slowking, M|92\/100\n|-damage|p1a: Slowking|79\/100|[from] Stealth Rock\n|turn|56\n|\n|t:|1700550752\n|move|p2a: Barraskewda|Liquidation|p1a: Slowking\n|-resisted|p1a: Slowking\n|-damage|p1a: Slowking|39\/100\n|-unboost|p1a: Slowking|def|1\n|-damage|p2a: Barraskewda|26\/100|[from] item: Life Orb\n|move|p1a: Slowking|Chilly Reception|p1a: Slowking\n|-weather|Snow\n|\n|t:|1700550755\n|switch|p1a: Arctozolt|Arctozolt|12\/100|[from] Chilly Reception\n|\n|-weather|Snow|[upkeep]\n|upkeep\n|turn|57\n|\n|t:|1700550760\n|switch|p2a: Pelipper|Pelipper, F|22\/100\n|-weather|RainDance|[from] ability: Drizzle|[of] p2a: Pelipper\n|move|p1a: Arctozolt|Bolt Beak|p2a: Pelipper\n|-supereffective|p2a: Pelipper\n|-damage|p2a: Pelipper|0 fnt\n|faint|p2a: Pelipper\n|\n|-weather|RainDance|[upkeep]\n|upkeep\n|\n|t:|1700550763\n|switch|p2a: Basculegion|Basculegion, M|89\/100\n|turn|58\n|\n|t:|1700550768\n|move|p2a: Basculegion|Wave Crash|p1a: Arctozolt\n|-damage|p1a: Arctozolt|0 fnt\n|faint|p1a: Arctozolt\n|-damage|p2a: Basculegion|86\/100|[from] Recoil\n|\n|-weather|RainDance|[upkeep]\n|upkeep\n|\n|t:|1700550771\n|switch|p1a: Slowking|Slowking, M|72\/100\n|-damage|p1a: Slowking|59\/100|[from] Stealth Rock\n|turn|59\n|\n|t:|1700550774\n|move|p2a: Basculegion|Wave Crash|p1a: Slowking\n|-resisted|p1a: Slowking\n|-damage|p1a: Slowking|0 fnt\n|faint|p1a: Slowking\n|-damage|p2a: Basculegion|66\/100|[from] Recoil\n|\n|win|yanami-sleep\n|raw|batmanga's rating: 1607 &rarr; <strong>1581<\/strong><br \/>(-26 for losing)\n|raw|yanami-sleep's rating: 1495 &rarr; <strong>1521<\/strong><br \/>(+26 for winning)\n|l|\u2606batmanga\n","uploadtime":1700550800,"views":1,"p1id":"batmanga","p2id":"yanamisleep","formatid":"gen9nationaldex","rating":1521,"private":0,"password":""}