{"id":"gen9nationaldex-1999466402","p1":"zeonteo","p2":"ahg12138","format":"[Gen 9] National Dex","log":"|html|<div class=\"broadcast-blue\"><strong>[Gen 9] National Dex is currently suspecting Sneasler! For information on how to participate check out the <a href=\"https:\/\/www.smogon.com\/forums\/threads\/sv-national-dex-suspect-8-just-dance.3731534\/\">suspect thread<\/a>.<\/strong><\/div>\n|j|\u2606zeonteo\n|j|\u2606ahg12138\n|t:|1701084894\n|gametype|singles\n|player|p1|zeonteo|pokemonranger-gen4|1410\n|player|p2|ahg12138|sailor|1315\n|teamsize|p1|6\n|teamsize|p2|6\n|gen|9\n|tier|[Gen 9] National Dex\n|rated|\n|rule|HP Percentage Mod: HP is shown in percentages\n|rule|Endless Battle Clause: Forcing endless battles is banned\n|rule|OHKO Clause: OHKO moves are banned\n|rule|Evasion Clause: Evasion abilities, items, and moves are banned\n|rule|Evasion Abilities Clause: Evasion abilities are banned\n|rule|Evasion Items Clause: Evasion items are banned\n|rule|Evasion Moves Clause: Evasion moves are banned\n|rule|Species Clause: Limit one of each Pok\u00e9mon\n|rule|Sleep Clause Mod: Limit one foe put to sleep\n|clearpoke\n|poke|p1|Raichu-Alola, F|\n|poke|p1|Tapu Koko|\n|poke|p1|Sneasler, F|\n|poke|p1|Iron Jugulis|\n|poke|p1|Iron Treads|\n|poke|p1|Iron Moth|\n|poke|p2|Meowscarada, F|\n|poke|p2|Lopunny, F|\n|poke|p2|Doublade, M|\n|poke|p2|Tyranitar, M|\n|poke|p2|Xurkitree|\n|poke|p2|Tornadus-Therian, M|\n|teampreview\n|inactive|Battle timer is ON: inactive players will automatically lose when time's up. (requested by zeonteo)\n|\n|t:|1701084914\n|start\n|switch|p1a: TAPUKOKO|Tapu Koko|100\/100\n|switch|p2a: Lopunny|Lopunny, F|100\/100\n|-fieldstart|move: Electric Terrain|[from] ability: Electric Surge|[of] p1a: TAPUKOKO\n|turn|1\n|\n|t:|1701084926\n|detailschange|p2a: Lopunny|Lopunny-Mega, F\n|-mega|p2a: Lopunny|Lopunny|Lopunnite\n|move|p2a: Lopunny|Fake Out|p1a: TAPUKOKO\n|-damage|p1a: TAPUKOKO|70\/100\n|cant|p1a: TAPUKOKO|flinch\n|\n|upkeep\n|turn|2\n|\n|t:|1701084939\n|switch|p2a: Tyranitar|Tyranitar, M|100\/100\n|-weather|Sandstorm|[from] ability: Sand Stream|[of] p2a: Tyranitar\n|move|p1a: TAPUKOKO|Volt Switch|p2a: Tyranitar\n|-damage|p2a: Tyranitar|76\/100\n|\n|t:|1701084954\n|switch|p1a: Sneasler|Sneasler, F|100\/100|[from] Volt Switch\n|\n|-weather|Sandstorm|[upkeep]\n|-damage|p1a: Sneasler|95\/100|[from] Sandstorm\n|upkeep\n|turn|3\n|\n|t:|1701084968\n|switch|p2a: Tornadus|Tornadus-Therian, M|100\/100\n|move|p1a: Sneasler|Dire Claw|p2a: Tornadus\n|-damage|p2a: Tornadus|51\/100\n|\n|-weather|Sandstorm|[upkeep]\n|-damage|p2a: Tornadus|45\/100|[from] Sandstorm\n|-damage|p1a: Sneasler|89\/100|[from] Sandstorm\n|upkeep\n|turn|4\n|\n|t:|1701084987\n|switch|p2a: Doublade|Doublade, M|100\/100\n|switch|p1a: HYDRAGON|Iron Jugulis, shiny|100\/100\n|-activate|p1a: HYDRAGON|ability: Quark Drive\n|-start|p1a: HYDRAGON|quarkdrivespe\n|\n|-weather|Sandstorm|[upkeep]\n|-damage|p1a: HYDRAGON|94\/100|[from] Sandstorm\n|upkeep\n|turn|5\n|\n|t:|1701085001\n|move|p1a: HYDRAGON|Flamethrower|p2a: Doublade\n|-supereffective|p2a: Doublade\n|-damage|p2a: Doublade|46\/100\n|move|p2a: Doublade|Gyro Ball|p1a: HYDRAGON\n|-damage|p1a: HYDRAGON|30\/100\n|\n|-weather|Sandstorm|[upkeep]\n|-damage|p1a: HYDRAGON|24\/100|[from] Sandstorm\n|-fieldend|move: Electric Terrain\n|-end|p1a: HYDRAGON|Quark Drive\n|upkeep\n|-enditem|p1a: HYDRAGON|Booster Energy\n|-activate|p1a: HYDRAGON|ability: Quark Drive|[fromitem]\n|-start|p1a: HYDRAGON|quarkdrivespe\n|turn|6\n|\n|t:|1701085017\n|-terastallize|p2a: Doublade|Water\n|move|p1a: HYDRAGON|Earth Power|p2a: Doublade\n|-damage|p2a: Doublade|17\/100\n|move|p2a: Doublade|Close Combat|p1a: HYDRAGON\n|-damage|p1a: HYDRAGON|0 fnt\n|-unboost|p2a: Doublade|def|1\n|-unboost|p2a: Doublade|spd|1\n|faint|p1a: HYDRAGON\n|-end|p1a: HYDRAGON|Quark Drive|[silent]\n|\n|-weather|none\n|upkeep\n|\n|t:|1701085030\n|switch|p1a: TAPUKOKO|Tapu Koko|70\/100\n|-fieldstart|move: Electric Terrain|[from] ability: Electric Surge|[of] p1a: TAPUKOKO\n|turn|7\n|\n|t:|1701085035\n|move|p2a: Doublade|Shadow Sneak|p1a: TAPUKOKO\n|-damage|p1a: TAPUKOKO|49\/100\n|move|p1a: TAPUKOKO|Volt Switch|p2a: Doublade\n|-supereffective|p2a: Doublade\n|-damage|p2a: Doublade|0 fnt\n|faint|p2a: Doublade\n|\n|t:|1701085048\n|switch|p1a: Sneasler|Sneasler, F|89\/100|[from] Volt Switch\n|\n|upkeep\n|\n|t:|1701085061\n|switch|p2a: Lopunny|Lopunny-Mega, F|100\/100\n|turn|8\n|\n|t:|1701085067\n|switch|p1a: HEXAGON|Iron Moth, shiny|100\/100\n|-activate|p1a: HEXAGON|ability: Quark Drive\n|-start|p1a: HEXAGON|quarkdrivespe\n|move|p2a: Lopunny|Fake Out|p1a: HEXAGON\n|-damage|p1a: HEXAGON|70\/100\n|\n|upkeep\n|turn|9\n|\n|t:|1701085078\n|switch|p2a: Tyranitar|Tyranitar, M|76\/100\n|-weather|Sandstorm|[from] ability: Sand Stream|[of] p2a: Tyranitar\n|move|p1a: HEXAGON|Fiery Dance|p2a: Tyranitar\n|-resisted|p2a: Tyranitar\n|-damage|p2a: Tyranitar|66\/100\n|\n|-weather|Sandstorm|[upkeep]\n|-damage|p1a: HEXAGON|64\/100|[from] Sandstorm\n|upkeep\n|turn|10\n|\n|t:|1701085097\n|move|p1a: HEXAGON|Energy Ball|p2a: Tyranitar\n|-supereffective|p2a: Tyranitar\n|-damage|p2a: Tyranitar|39\/100\n|-unboost|p2a: Tyranitar|spd|1\n|move|p2a: Tyranitar|Stealth Rock|p1a: HEXAGON\n|-sidestart|p1: zeonteo|move: Stealth Rock\n|\n|-weather|Sandstorm|[upkeep]\n|-damage|p1a: HEXAGON|58\/100|[from] Sandstorm\n|upkeep\n|turn|11\n|\n|t:|1701085113\n|switch|p2a: Tornadus|Tornadus-Therian, M|78\/100\n|move|p1a: HEXAGON|Energy Ball|p2a: Tornadus\n|-resisted|p2a: Tornadus\n|-crit|p2a: Tornadus\n|-damage|p2a: Tornadus|54\/100\n|\n|-weather|Sandstorm|[upkeep]\n|-damage|p1a: HEXAGON|52\/100|[from] Sandstorm\n|-damage|p2a: Tornadus|48\/100|[from] Sandstorm\n|-fieldend|move: Electric Terrain\n|-end|p1a: HEXAGON|Quark Drive\n|upkeep\n|-enditem|p1a: HEXAGON|Booster Energy\n|-activate|p1a: HEXAGON|ability: Quark Drive|[fromitem]\n|-start|p1a: HEXAGON|quarkdrivespe\n|turn|12\n|\n|t:|1701085137\n|move|p1a: HEXAGON|Sludge Wave|p2a: Tornadus\n|-damage|p2a: Tornadus|0 fnt\n|faint|p2a: Tornadus\n|\n|-weather|Sandstorm|[upkeep]\n|-damage|p1a: HEXAGON|46\/100|[from] Sandstorm\n|upkeep\n|\n|t:|1701085149\n|switch|p2a: Meowscarada|Meowscarada, F|100\/100\n|turn|13\n|\n|t:|1701085153\n|move|p2a: Meowscarada|Sucker Punch|p1a: HEXAGON\n|-start|p2a: Meowscarada|typechange|Dark|[from] ability: Protean\n|-damage|p1a: HEXAGON|0 fnt\n|faint|p1a: HEXAGON\n|-end|p1a: HEXAGON|Quark Drive|[silent]\n|\n|-weather|none\n|upkeep\n|\n|t:|1701085163\n|switch|p1a: ELEPHANTZ|Iron Treads, shiny|100\/100\n|-damage|p1a: ELEPHANTZ|97\/100|[from] Stealth Rock\n|-enditem|p1a: ELEPHANTZ|Booster Energy\n|-activate|p1a: ELEPHANTZ|ability: Quark Drive|[fromitem]\n|-start|p1a: ELEPHANTZ|quarkdriveatk\n|turn|14\n|\n|t:|1701085178\n|move|p2a: Meowscarada|Sucker Punch|p1a: ELEPHANTZ\n|-damage|p1a: ELEPHANTZ|56\/100\n|move|p1a: ELEPHANTZ|Rapid Spin|p2a: Meowscarada\n|-damage|p2a: Meowscarada|68\/100\n|-boost|p1a: ELEPHANTZ|spe|1\n|-sideend|p1: zeonteo|Stealth Rock|[from] move: Rapid Spin|[of] p1a: ELEPHANTZ\n|\n|upkeep\n|turn|15\n|\n|t:|1701085191\n|switch|p2a: Tyranitar|Tyranitar, M|39\/100\n|-weather|Sandstorm|[from] ability: Sand Stream|[of] p2a: Tyranitar\n|move|p1a: ELEPHANTZ|Earthquake|p2a: Tyranitar\n|-supereffective|p2a: Tyranitar\n|-damage|p2a: Tyranitar|0 fnt\n|faint|p2a: Tyranitar\n|\n|-weather|Sandstorm|[upkeep]\n|upkeep\n|\n|t:|1701085207\n|switch|p2a: Lopunny|Lopunny-Mega, F|100\/100\n|turn|16\n|\n|t:|1701085222\n|move|p2a: Lopunny|Fake Out|p1a: ELEPHANTZ\n|-resisted|p1a: ELEPHANTZ\n|-damage|p1a: ELEPHANTZ|46\/100\n|cant|p1a: ELEPHANTZ|flinch\n|\n|-weather|Sandstorm|[upkeep]\n|-damage|p2a: Lopunny|95\/100|[from] Sandstorm\n|upkeep\n|turn|17\n|\n|t:|1701085231\n|move|p1a: ELEPHANTZ|Ice Spinner|p2a: Lopunny\n|-damage|p2a: Lopunny|43\/100\n|move|p2a: Lopunny|Close Combat|p1a: ELEPHANTZ\n|-supereffective|p1a: ELEPHANTZ\n|-damage|p1a: ELEPHANTZ|0 fnt\n|-unboost|p2a: Lopunny|def|1\n|-unboost|p2a: Lopunny|spd|1\n|faint|p1a: ELEPHANTZ\n|-end|p1a: ELEPHANTZ|Quark Drive|[silent]\n|\n|-weather|Sandstorm|[upkeep]\n|-damage|p2a: Lopunny|37\/100|[from] Sandstorm\n|upkeep\n|\n|t:|1701085244\n|switch|p1a: TAPUKOKO|Tapu Koko|49\/100\n|-fieldstart|move: Electric Terrain|[from] ability: Electric Surge|[of] p1a: TAPUKOKO\n|turn|18\n|\n|t:|1701085249\n|move|p2a: Lopunny|Frustration|p1a: TAPUKOKO\n|-damage|p1a: TAPUKOKO|0 fnt\n|faint|p1a: TAPUKOKO\n|\n|-weather|Sandstorm|[upkeep]\n|-damage|p2a: Lopunny|31\/100|[from] Sandstorm\n|upkeep\n|\n|t:|1701085257\n|switch|p1a: GOROCHU|Raichu-Alola, F|100\/100\n|turn|19\n|\n|t:|1701085265\n|switch|p2a: Meowscarada|Meowscarada, F|68\/100\n|move|p1a: GOROCHU|Rising Voltage|p2a: Meowscarada\n|-hint|Rising Voltage's BP doubled on grounded target.\n|-resisted|p2a: Meowscarada\n|-damage|p2a: Meowscarada|0 fnt\n|faint|p2a: Meowscarada\n|\n|-weather|none\n|upkeep\n|\n|t:|1701085276\n|switch|p2a: Xurkitree|Xurkitree|100\/100\n|turn|20\n|\n|t:|1701085285\n|move|p1a: GOROCHU|Rising Voltage|p2a: Xurkitree\n|-hint|Rising Voltage's BP doubled on grounded target.\n|-resisted|p2a: Xurkitree\n|-damage|p2a: Xurkitree|35\/100\n|-zpower|p2a: Xurkitree\n|move|p2a: Xurkitree|Gigavolt Havoc|p1a: GOROCHU|[zeffect]\n|-resisted|p1a: GOROCHU\n|-damage|p1a: GOROCHU|4\/100\n|\n|upkeep\n|turn|21\n|\n|t:|1701085297\n|move|p1a: GOROCHU|Rising Voltage|p2a: Xurkitree\n|-hint|Rising Voltage's BP doubled on grounded target.\n|-resisted|p2a: Xurkitree\n|-crit|p2a: Xurkitree\n|-damage|p2a: Xurkitree|0 fnt\n|faint|p2a: Xurkitree\n|\n|upkeep\n|\n|t:|1701085302\n|switch|p2a: Lopunny|Lopunny-Mega, F|31\/100\n|turn|22\n|\n|t:|1701085307\n|move|p2a: Lopunny|Fake Out|p1a: GOROCHU\n|-damage|p1a: GOROCHU|0 fnt\n|faint|p1a: GOROCHU\n|\n|-fieldend|move: Electric Terrain\n|upkeep\n|\n|t:|1701085313\n|switch|p1a: Sneasler|Sneasler, F|89\/100\n|turn|23\n|\n|t:|1701085318\n|move|p1a: Sneasler|Fake Out|p2a: Lopunny\n|-enditem|p1a: Sneasler|Normal Gem|[from] gem\n|-damage|p2a: Lopunny|6\/100\n|cant|p2a: Lopunny|flinch\n|\n|upkeep\n|turn|24\n|\n|t:|1701085325\n|move|p1a: Sneasler|Dire Claw|p2a: Lopunny\n|-damage|p2a: Lopunny|0 fnt\n|faint|p2a: Lopunny\n|\n|win|zeonteo\n|raw|zeonteo's rating: 1410 &rarr; <strong>1425<\/strong><br \/>(+15 for winning)\n|raw|ahg12138's rating: 1315 &rarr; <strong>1300<\/strong><br \/>(-15 for losing)\n","uploadtime":1701085332,"views":34,"p1id":"zeonteo","p2id":"ahg12138","formatid":"gen9nationaldex","rating":1300,"private":0,"password":""}