{"id":"gen9nationaldex-1990891522","p1":"quagsy","p2":"R1ce Milk","format":"[Gen 9] National Dex","log":"|j|\u2606quagsy\n|j|\u2606R1ce Milk\n|t:|1700012017\n|gametype|singles\n|player|p1|quagsy|101|1470\n|player|p2|R1ce Milk|iris-gen5bw2|1536\n|teamsize|p1|6\n|teamsize|p2|6\n|gen|9\n|tier|[Gen 9] National Dex\n|rated|\n|rule|HP Percentage Mod: HP is shown in percentages\n|rule|Endless Battle Clause: Forcing endless battles is banned\n|rule|OHKO Clause: OHKO moves are banned\n|rule|Evasion Clause: Evasion abilities, items, and moves are banned\n|rule|Evasion Abilities Clause: Evasion abilities are banned\n|rule|Evasion Items Clause: Evasion items are banned\n|rule|Evasion Moves Clause: Evasion moves are banned\n|rule|Species Clause: Limit one of each Pok\u00e9mon\n|rule|Sleep Clause Mod: Limit one foe put to sleep\n|clearpoke\n|poke|p1|Conkeldurr, M|\n|poke|p1|Ninetales-Alola, F|\n|poke|p1|Gyarados, F|\n|poke|p1|Celesteela|\n|poke|p1|Volcarona, F|\n|poke|p1|Excadrill, F|\n|poke|p2|Nidoking, M|\n|poke|p2|Zapdos|\n|poke|p2|Lopunny, F|\n|poke|p2|Heatran, M|\n|poke|p2|Iron Valiant|\n|poke|p2|Ogerpon-Wellspring, F|\n|teampreview\n|c|\u2606quagsy|cool team\n|c|\u2606quagsy|glhf\n|\n|t:|1700012032\n|start\n|switch|p1a: Ninetales|Ninetales-Alola, F, shiny|100\/100\n|switch|p2a: Heatran|Heatran, M|100\/100\n|-weather|Snow|[from] ability: Snow Warning|[of] p1a: Ninetales\n|turn|1\n|c|\u2606R1ce Milk|gl\n|\n|t:|1700012037\n|move|p1a: Ninetales|Aurora Veil|p1a: Ninetales\n|-sidestart|p1: quagsy|move: Aurora Veil\n|move|p2a: Heatran|Magma Storm|p1a: Ninetales\n|-supereffective|p1a: Ninetales\n|-crit|p1a: Ninetales\n|-damage|p1a: Ninetales|0 fnt\n|faint|p1a: Ninetales\n|\n|-weather|Snow|[upkeep]\n|upkeep\n|\n|t:|1700012047\n|switch|p1a: Conkeldurr|Conkeldurr, M, shiny|100\/100\n|turn|2\n|\n|t:|1700012049\n|switch|p2a: Zapdos|Zapdos|100\/100\n|move|p1a: Conkeldurr|Bulk Up|p1a: Conkeldurr\n|-boost|p1a: Conkeldurr|atk|1\n|-boost|p1a: Conkeldurr|def|1\n|\n|-weather|Snow|[upkeep]\n|upkeep\n|turn|3\n|\n|t:|1700012061\n|move|p2a: Zapdos|Roost||[still]\n|-fail|p2a: Zapdos|heal\n|move|p1a: Conkeldurr|Knock Off|p2a: Zapdos\n|-damage|p2a: Zapdos|57\/100\n|-status|p1a: Conkeldurr|par|[from] ability: Static|[of] p2a: Zapdos\n|-enditem|p2a: Zapdos|Heavy-Duty Boots|[from] move: Knock Off|[of] p1a: Conkeldurr\n|\n|-weather|Snow|[upkeep]\n|upkeep\n|turn|4\n|\n|t:|1700012069\n|move|p2a: Zapdos|Roost|p2a: Zapdos\n|-heal|p2a: Zapdos|100\/100\n|-singleturn|p2a: Zapdos|move: Roost\n|cant|p1a: Conkeldurr|par\n|\n|-weather|Snow|[upkeep]\n|upkeep\n|turn|5\n|\n|t:|1700012073\n|move|p2a: Zapdos|U-turn|p1a: Conkeldurr\n|-resisted|p1a: Conkeldurr\n|-damage|p1a: Conkeldurr|99\/100 par\n|\n|t:|1700012079\n|switch|p2a: Nidoking|Nidoking, M|100\/100|[from] U-turn\n|move|p1a: Conkeldurr|Bulk Up|p1a: Conkeldurr\n|-boost|p1a: Conkeldurr|atk|1\n|-boost|p1a: Conkeldurr|def|1\n|\n|-weather|none\n|-heal|p1a: Conkeldurr|100\/100 par|[from] item: Leftovers\n|upkeep\n|turn|6\n|\n|t:|1700012083\n|move|p2a: Nidoking|Earth Power|p1a: Conkeldurr\n|-damage|p1a: Conkeldurr|65\/100 par\n|move|p1a: Conkeldurr|Knock Off|p2a: Nidoking\n|-damage|p2a: Nidoking|0 fnt\n|-enditem|p2a: Nidoking|Life Orb|[from] move: Knock Off|[of] p1a: Conkeldurr\n|faint|p2a: Nidoking\n|\n|-heal|p1a: Conkeldurr|71\/100 par|[from] item: Leftovers\n|upkeep\n|\n|t:|1700012092\n|switch|p2a: Iron Valiant|Iron Valiant|100\/100\n|-enditem|p2a: Iron Valiant|Booster Energy\n|-activate|p2a: Iron Valiant|ability: Quark Drive|[fromitem]\n|-start|p2a: Iron Valiant|quarkdrivespe\n|turn|7\n|\n|t:|1700012096\n|move|p2a: Iron Valiant|Moonblast|p1a: Conkeldurr\n|-supereffective|p1a: Conkeldurr\n|-damage|p1a: Conkeldurr|24\/100 par\n|-unboost|p1a: Conkeldurr|spa|1\n|move|p1a: Conkeldurr|Poison Jab|p2a: Iron Valiant\n|-supereffective|p2a: Iron Valiant\n|-damage|p2a: Iron Valiant|0 fnt\n|faint|p2a: Iron Valiant\n|-end|p2a: Iron Valiant|Quark Drive|[silent]\n|\n|-heal|p1a: Conkeldurr|30\/100 par|[from] item: Leftovers\n|upkeep\n|\n|t:|1700012100\n|switch|p2a: Lopunny|Lopunny, F|100\/100\n|turn|8\n|\n|t:|1700012104\n|detailschange|p2a: Lopunny|Lopunny-Mega, F\n|-mega|p2a: Lopunny|Lopunny|Lopunnite\n|move|p2a: Lopunny|Fake Out|p1a: Conkeldurr\n|-damage|p1a: Conkeldurr|26\/100 par\n|cant|p1a: Conkeldurr|flinch\n|\n|-heal|p1a: Conkeldurr|32\/100 par|[from] item: Leftovers\n|-sideend|p1: quagsy|move: Aurora Veil\n|upkeep\n|turn|9\n|\n|t:|1700012110\n|switch|p2a: Zapdos|Zapdos|100\/100\n|move|p1a: Conkeldurr|Drain Punch|p2a: Zapdos\n|-resisted|p2a: Zapdos\n|-damage|p2a: Zapdos|48\/100\n|-heal|p1a: Conkeldurr|54\/100 par|[from] drain|[of] p2a: Zapdos\n|\n|-heal|p1a: Conkeldurr|60\/100 par|[from] item: Leftovers\n|upkeep\n|turn|10\n|\n|t:|1700012118\n|move|p2a: Zapdos|Roost|p2a: Zapdos\n|-heal|p2a: Zapdos|98\/100\n|-singleturn|p2a: Zapdos|move: Roost\n|move|p1a: Conkeldurr|Drain Punch|p2a: Zapdos\n|-damage|p2a: Zapdos|0 fnt\n|-heal|p1a: Conkeldurr|100\/100 par|[from] drain|[of] p2a: Zapdos\n|faint|p2a: Zapdos\n|\n|upkeep\n|-message|R1ce Milk forfeited.\n|\n|win|quagsy\n|raw|quagsy's rating: 1470 &rarr; <strong>1494<\/strong><br \/>(+24 for winning)\n|raw|R1ce Milk's rating: 1536 &rarr; <strong>1512<\/strong><br \/>(-24 for losing)\n|l|\u2606R1ce Milk\n","uploadtime":1700012127,"views":8,"p1id":"quagsy","p2id":"r1cemilk","formatid":"gen9nationaldex","rating":1494,"private":0,"password":""}