{"id":"gen9nationaldex-1992236464","p1":"Tinen","p2":"hightopfade69","format":"[Gen 9] National Dex","log":"|j|\u2606Tinen\n|j|\u2606hightopfade69\n|t:|1700166448\n|gametype|singles\n|player|p1|Tinen|dancer|1101\n|player|p2|hightopfade69|2|1055\n|teamsize|p1|6\n|teamsize|p2|6\n|gen|9\n|tier|[Gen 9] National Dex\n|rated|\n|rule|HP Percentage Mod: HP is shown in percentages\n|rule|Endless Battle Clause: Forcing endless battles is banned\n|rule|OHKO Clause: OHKO moves are banned\n|rule|Evasion Clause: Evasion abilities, items, and moves are banned\n|rule|Evasion Abilities Clause: Evasion abilities are banned\n|rule|Evasion Items Clause: Evasion items are banned\n|rule|Evasion Moves Clause: Evasion moves are banned\n|rule|Species Clause: Limit one of each Pok\u00e9mon\n|rule|Sleep Clause Mod: Limit one foe put to sleep\n|clearpoke\n|poke|p1|Hawlucha, F|\n|poke|p1|Zoroark-Hisui, F|\n|poke|p1|Mew|\n|poke|p1|Aegislash, M|\n|poke|p1|Moltres|\n|poke|p1|Scizor, M|\n|poke|p2|Glalie, F|\n|poke|p2|Ninetales-Alola, M|\n|poke|p2|Samurott-Hisui, F|\n|poke|p2|Tapu Lele|\n|poke|p2|Heatran, F|\n|poke|p2|Glimmora, F|\n|teampreview\n|\n|t:|1700166493\n|start\n|switch|p1a: Hawlucha|Hawlucha, F|100\/100\n|switch|p2a: Tapu Lele|Tapu Lele|100\/100\n|-fieldstart|move: Psychic Terrain|[from] ability: Psychic Surge|[of] p2a: Tapu Lele\n|turn|1\n|\n|t:|1700166502\n|move|p2a: Tapu Lele|Psychic|p1a: Hawlucha\n|-supereffective|p1a: Hawlucha\n|-damage|p1a: Hawlucha|0 fnt\n|faint|p1a: Hawlucha\n|\n|upkeep\n|\n|t:|1700166512\n|switch|p1a: Mew|Mew|100\/100\n|turn|2\n|\n|t:|1700166520\n|switch|p2a: Heatran|Heatran, F|100\/100\n|move|p1a: Mew|Sludge Bomb|p2a: Heatran\n|-immune|p2a: Heatran\n|\n|upkeep\n|turn|3\n|\n|t:|1700166541\n|switch|p1a: Moltres|Moltres|100\/100\n|move|p2a: Heatran|Stealth Rock|p1a: Moltres\n|-sidestart|p1: Tinen|move: Stealth Rock\n|\n|upkeep\n|turn|4\n|\n|t:|1700166552\n|move|p1a: Moltres|Hurricane|p2a: Heatran|[miss]\n|-miss|p1a: Moltres|p2a: Heatran\n|move|p2a: Heatran|Toxic|p1a: Moltres\n|-status|p1a: Moltres|tox\n|\n|-damage|p1a: Moltres|94\/100 tox|[from] psn\n|upkeep\n|turn|5\n|\n|t:|1700166562\n|move|p1a: Moltres|Hurricane|p2a: Heatran\n|-resisted|p2a: Heatran\n|-damage|p2a: Heatran|88\/100\n|move|p2a: Heatran|Scorching Sands|p1a: Moltres\n|-immune|p1a: Moltres\n|\n|-damage|p1a: Moltres|82\/100 tox|[from] psn\n|-fieldend|move: Psychic Terrain\n|upkeep\n|turn|6\n|\n|t:|1700166580\n|move|p1a: Moltres|U-turn|p2a: Heatran\n|-resisted|p2a: Heatran\n|-damage|p2a: Heatran|85\/100\n|\n|t:|1700166591\n|switch|p1a: Scizor|Scizor, M|100\/100|[from] U-turn\n|-damage|p1a: Scizor|88\/100|[from] Stealth Rock\n|move|p2a: Heatran|Scorching Sands|p1a: Scizor\n|-damage|p1a: Scizor|65\/100\n|-status|p1a: Scizor|brn\n|\n|-damage|p1a: Scizor|59\/100 brn|[from] brn\n|upkeep\n|turn|7\n|\n|t:|1700166612\n|switch|p2a: Tapu Lele|Tapu Lele|100\/100\n|-fieldstart|move: Psychic Terrain|[from] ability: Psychic Surge|[of] p2a: Tapu Lele\n|switch|p1a: Mew|Mew|100\/100\n|-damage|p1a: Mew|88\/100|[from] Stealth Rock\n|\n|upkeep\n|turn|8\n|\n|t:|1700166642\n|switch|p2a: Heatran|Heatran, F|85\/100\n|move|p1a: Mew|Shadow Ball|p2a: Heatran\n|-damage|p2a: Heatran|70\/100\n|-unboost|p2a: Heatran|spd|1\n|\n|upkeep\n|turn|9\n|\n|t:|1700166650\n|-zpower|p1a: Mew\n|move|p1a: Mew|Genesis Supernova|p2a: Heatran|[zeffect]\n|-resisted|p2a: Heatran\n|-damage|p2a: Heatran|20\/100\n|move|p2a: Heatran|Toxic|p1a: Mew\n|-status|p1a: Mew|tox\n|-activate|p1a: Mew|ability: Synchronize\n|-immune|p2a: Heatran\n|\n|-damage|p1a: Mew|82\/100 tox|[from] psn\n|upkeep\n|turn|10\n|\n|t:|1700166666\n|move|p1a: Mew|Psychic|p2a: Heatran\n|-resisted|p2a: Heatran\n|-damage|p2a: Heatran|0 fnt\n|faint|p2a: Heatran\n|\n|-damage|p1a: Mew|70\/100 tox|[from] psn\n|upkeep\n|\n|t:|1700166677\n|switch|p2a: Ninetales|Ninetales-Alola, M|100\/100\n|-weather|Snow|[from] ability: Snow Warning|[of] p2a: Ninetales\n|turn|11\n|\n|t:|1700166682\n|move|p2a: Ninetales|Aurora Veil|p2a: Ninetales\n|-sidestart|p2: hightopfade69|move: Aurora Veil\n|move|p1a: Mew|Sludge Bomb|p2a: Ninetales\n|-supereffective|p2a: Ninetales\n|-damage|p2a: Ninetales|67\/100\n|-status|p2a: Ninetales|psn\n|\n|-weather|Snow|[upkeep]\n|-damage|p2a: Ninetales|55\/100 psn|[from] psn\n|-damage|p1a: Mew|51\/100 tox|[from] psn\n|-fieldend|move: Psychic Terrain\n|upkeep\n|turn|12\n|\n|t:|1700166698\n|move|p2a: Ninetales|Moonblast|p1a: Mew\n|-damage|p1a: Mew|16\/100 tox\n|-unboost|p1a: Mew|spa|1\n|move|p1a: Mew|Sludge Bomb|p2a: Ninetales\n|-supereffective|p2a: Ninetales\n|-damage|p2a: Ninetales|34\/100 psn\n|\n|-weather|Snow|[upkeep]\n|-damage|p2a: Ninetales|22\/100 psn|[from] psn\n|-damage|p1a: Mew|0 fnt|[from] psn\n|faint|p1a: Mew\n|upkeep\n|\n|t:|1700166709\n|switch|p1a: Scizor|Scizor, M|100\/100\n|-damage|p1a: Scizor|88\/100|[from] Stealth Rock\n|turn|13\n|\n|t:|1700166717\n|move|p1a: Scizor|Sludge Bomb|p2a: Ninetales\n|-supereffective|p2a: Ninetales\n|-damage|p2a: Ninetales|0 fnt\n|faint|p2a: Ninetales\n|\n|-weather|Snow|[upkeep]\n|upkeep\n|\n|t:|1700166723\n|switch|p2a: Glimmora|Glimmora, F|100\/100\n|turn|14\n|\n|t:|1700166733\n|move|p1a: Scizor|Psychic|p2a: Glimmora\n|-supereffective|p2a: Glimmora\n|-crit|p2a: Glimmora\n|-damage|p2a: Glimmora|0 fnt\n|faint|p2a: Glimmora\n|\n|-weather|Snow|[upkeep]\n|upkeep\n|\n|t:|1700166736\n|switch|p2a: Samurott|Samurott-Hisui, F|100\/100\n|turn|15\n|\n|t:|1700166752\n|-terastallize|p1a: Scizor|Normal\n|move|p1a: Scizor|Hyper Voice|p2a: Samurott\n|-damage|p2a: Samurott|77\/100\n|move|p2a: Samurott|Ceaseless Edge|p1a: Scizor\n|-damage|p1a: Scizor|1\/100\n|replace|p1a: Zoroark|Zoroark-Hisui, F\n|-end|p1a: Zoroark|Illusion\n|-sidestart|p1: Tinen|Spikes\n|\n|-weather|none\n|upkeep\n|turn|16\n|\n|t:|1700166764\n|move|p1a: Zoroark|Bitter Malice|p2a: Samurott\n|-resisted|p2a: Samurott\n|-damage|p2a: Samurott|70\/100\n|-unboost|p2a: Samurott|atk|1\n|move|p2a: Samurott|Flip Turn|p1a: Zoroark\n|-damage|p1a: Zoroark|0 fnt\n|faint|p1a: Zoroark\n|\n|t:|1700166773\n|switch|p2a: Tapu Lele|Tapu Lele|100\/100|[from] Flip Turn\n|-fieldstart|move: Psychic Terrain|[from] ability: Psychic Surge|[of] p2a: Tapu Lele\n|\n|upkeep\n|\n|t:|1700166806\n|switch|p1a: Aegislash|Aegislash, M|100\/100\n|-damage|p1a: Aegislash|94\/100|[from] Stealth Rock\n|-damage|p1a: Aegislash|82\/100|[from] Spikes\n|turn|17\n|\n|t:|1700166820\n|move|p2a: Tapu Lele|Psychic|p1a: Aegislash\n|-resisted|p1a: Aegislash\n|-damage|p1a: Aegislash|59\/100\n|move|p1a: Aegislash|Swords Dance|p1a: Aegislash\n|-boost|p1a: Aegislash|atk|2\n|\n|-heal|p1a: Aegislash|66\/100|[from] item: Leftovers\n|upkeep\n|turn|18\n|\n|t:|1700166826\n|move|p1a: Aegislash|King's Shield|p1a: Aegislash\n|-singleturn|p1a: Aegislash|Protect\n|move|p2a: Tapu Lele|Psychic|p1a: Aegislash\n|-activate|p1a: Aegislash|move: Protect\n|\n|-heal|p1a: Aegislash|72\/100|[from] item: Leftovers\n|-sideend|p2: hightopfade69|move: Aurora Veil\n|upkeep\n|turn|19\n|\n|t:|1700166832\n|move|p2a: Tapu Lele|Psychic|p1a: Aegislash\n|-resisted|p1a: Aegislash\n|-damage|p1a: Aegislash|49\/100\n|-formechange|p1a: Aegislash|Aegislash-Blade||[from] ability: Stance Change\n|move|p1a: Aegislash|Iron Head|p2a: Tapu Lele\n|-supereffective|p2a: Tapu Lele\n|-damage|p2a: Tapu Lele|0 fnt\n|faint|p2a: Tapu Lele\n|\n|-heal|p1a: Aegislash|55\/100|[from] item: Leftovers\n|upkeep\n|\n|t:|1700166839\n|switch|p2a: Glalie|Glalie, F|100\/100\n|turn|20\n|\n|t:|1700166844\n|detailschange|p2a: Glalie|Glalie-Mega, F\n|-mega|p2a: Glalie|Glalie|Glalitite\n|-formechange|p1a: Aegislash|Aegislash||[from] ability: Stance Change\n|move|p1a: Aegislash|King's Shield|p1a: Aegislash\n|-singleturn|p1a: Aegislash|Protect\n|move|p2a: Glalie|Earthquake|p1a: Aegislash\n|-activate|p1a: Aegislash|move: Protect\n|\n|-heal|p1a: Aegislash|61\/100|[from] item: Leftovers\n|-fieldend|move: Psychic Terrain\n|upkeep\n|turn|21\n|\n|t:|1700166852\n|move|p2a: Glalie|Earthquake|p1a: Aegislash\n|-supereffective|p1a: Aegislash\n|-damage|p1a: Aegislash|0 fnt\n|faint|p1a: Aegislash\n|\n|upkeep\n|\n|t:|1700166857\n|switch|p1a: Scizor|Scizor, M|59\/100 brn\n|-damage|p1a: Scizor|46\/100 brn|[from] Stealth Rock\n|-damage|p1a: Scizor|34\/100 brn|[from] Spikes\n|turn|22\n|\n|t:|1700166862\n|switch|p2a: Samurott|Samurott-Hisui, F|70\/100\n|move|p1a: Scizor|Bullet Punch|p2a: Samurott\n|-resisted|p2a: Samurott\n|-damage|p2a: Samurott|60\/100\n|\n|-damage|p1a: Scizor|28\/100 brn|[from] brn\n|upkeep\n|turn|23\n|\n|t:|1700166867\n|move|p2a: Samurott|Flip Turn|p1a: Scizor\n|-damage|p1a: Scizor|0 fnt\n|faint|p1a: Scizor\n|\n|t:|1700166871\n|switch|p2a: Glalie|Glalie-Mega, F|100\/100|[from] Flip Turn\n|\n|upkeep\n|\n|t:|1700166873\n|switch|p1a: Moltres|Moltres|82\/100 tox\n|turn|24\n|c|\u2606hightopfade69|Gg\n|\n|t:|1700166882\n|move|p2a: Glalie|Explosion|p1a: Moltres\n|-damage|p1a: Moltres|0 fnt\n|faint|p2a: Glalie\n|faint|p1a: Moltres\n|\n|win|hightopfade69\n|raw|Tinen's rating: 1101 &rarr; <strong>1073<\/strong><br \/>(-28 for losing)\n|raw|hightopfade69's rating: 1055 &rarr; <strong>1091<\/strong><br \/>(+36 for winning)\n","uploadtime":1700166888,"views":18,"p1id":"tinen","p2id":"hightopfade69","formatid":"gen9nationaldex","rating":1073,"private":0,"password":""}