{"id":"gen9nationaldex-1993951212","p1":"PxlySynth","p2":"Pokemonsensej","format":"[Gen 9] National Dex","log":"|j|\u2606PxlySynth\n|j|\u2606Pokemonsensej\n|t:|1700381450\n|gametype|singles\n|player|p1|PxlySynth|colress|1114\n|player|p2|Pokemonsensej|benga|1027\n|teamsize|p1|6\n|teamsize|p2|6\n|gen|9\n|tier|[Gen 9] National Dex\n|rated|\n|rule|HP Percentage Mod: HP is shown in percentages\n|rule|Endless Battle Clause: Forcing endless battles is banned\n|rule|OHKO Clause: OHKO moves are banned\n|rule|Evasion Clause: Evasion abilities, items, and moves are banned\n|rule|Evasion Abilities Clause: Evasion abilities are banned\n|rule|Evasion Items Clause: Evasion items are banned\n|rule|Evasion Moves Clause: Evasion moves are banned\n|rule|Species Clause: Limit one of each Pok\u00e9mon\n|rule|Sleep Clause Mod: Limit one foe put to sleep\n|clearpoke\n|poke|p1|Leavanny, M|\n|poke|p1|Galvantula, M|\n|poke|p1|Ribombee, F|\n|poke|p1|Scizor, F|\n|poke|p1|Golisopod, M|\n|poke|p1|Slither Wing|\n|poke|p2|Greninja-*, M|\n|poke|p2|Ferrothorn, M|\n|poke|p2|Sceptile, M|\n|poke|p2|Pikachu-World, M|\n|poke|p2|Meganium, F|\n|poke|p2|Staraptor, M|\n|teampreview\n|\n|t:|1700381469\n|start\n|switch|p1a: Leavanny|Leavanny, M|100\/100\n|switch|p2a: Meganium|Meganium, F|100\/100\n|turn|1\n|\n|t:|1700381484\n|move|p1a: Leavanny|Sticky Web|p2a: Meganium\n|-sidestart|p2: Pokemonsensej|move: Sticky Web\n|move|p2a: Meganium|Reflect|p2a: Meganium\n|-sidestart|p2: Pokemonsensej|Reflect\n|\n|upkeep\n|turn|2\n|\n|t:|1700381488\n|move|p1a: Leavanny|X-Scissor|p2a: Meganium\n|-supereffective|p2a: Meganium\n|-damage|p2a: Meganium|67\/100\n|move|p2a: Meganium|Light Screen|p2a: Meganium\n|-sidestart|p2: Pokemonsensej|move: Light Screen\n|\n|upkeep\n|turn|3\n|\n|t:|1700381496\n|move|p1a: Leavanny|Knock Off|p2a: Meganium\n|-damage|p2a: Meganium|55\/100\n|-enditem|p2a: Meganium|Aguav Berry|[from] move: Knock Off|[of] p1a: Leavanny\n|move|p2a: Meganium|Leech Seed|p1a: Leavanny\n|-immune|p1a: Leavanny\n|\n|upkeep\n|turn|4\n|\n|t:|1700381505\n|switch|p2a: Staraptor|Staraptor, M|100\/100\n|-ability|p2a: Staraptor|Intimidate|boost\n|-unboost|p1a: Leavanny|atk|1\n|move|p1a: Leavanny|X-Scissor|p2a: Staraptor\n|-resisted|p2a: Staraptor\n|-damage|p2a: Staraptor|91\/100\n|\n|upkeep\n|turn|5\n|\n|t:|1700381513\n|move|p1a: Leavanny|Knock Off|p2a: Staraptor\n|-crit|p2a: Staraptor\n|-damage|p2a: Staraptor|32\/100\n|-enditem|p2a: Staraptor|Choice Band|[from] move: Knock Off|[of] p1a: Leavanny\n|move|p2a: Staraptor|Brave Bird|p1a: Leavanny\n|-supereffective|p1a: Leavanny\n|-enditem|p1a: Leavanny|Focus Sash\n|-damage|p1a: Leavanny|1\/100\n|-damage|p2a: Staraptor|1\/100|[from] Recoil\n|\n|-sideend|p2: Pokemonsensej|Reflect\n|upkeep\n|turn|6\n|\n|t:|1700381524\n|move|p2a: Staraptor|Quick Attack|p1a: Leavanny\n|-damage|p1a: Leavanny|0 fnt\n|faint|p1a: Leavanny\n|\n|-sideend|p2: Pokemonsensej|move: Light Screen\n|upkeep\n|\n|t:|1700381537\n|switch|p1a: Galvantula|Galvantula, M|100\/100\n|turn|7\n|\n|t:|1700381544\n|move|p1a: Galvantula|Volt Switch|p2a: Staraptor\n|-supereffective|p2a: Staraptor\n|-damage|p2a: Staraptor|0 fnt\n|faint|p2a: Staraptor\n|-damage|p1a: Galvantula|91\/100|[from] item: Life Orb\n|\n|t:|1700381549\n|switch|p1a: Golisopod|Golisopod, M|100\/100|[from] Volt Switch\n|\n|upkeep\n|\n|t:|1700381558\n|switch|p2a: Ferrothorn|Ferrothorn, M|100\/100\n|-activate|p2a: Ferrothorn|move: Sticky Web\n|-unboost|p2a: Ferrothorn|spe|1\n|turn|8\n|\n|t:|1700381563\n|move|p1a: Golisopod|Spikes|p2a: Ferrothorn\n|-sidestart|p2: Pokemonsensej|Spikes\n|move|p2a: Ferrothorn|Stealth Rock|p1a: Golisopod\n|-sidestart|p1: PxlySynth|move: Stealth Rock\n|\n|upkeep\n|turn|9\n|\n|t:|1700381568\n|move|p1a: Golisopod|Spikes|p2a: Ferrothorn\n|-sidestart|p2: Pokemonsensej|Spikes\n|move|p2a: Ferrothorn|Spikes|p1a: Golisopod\n|-sidestart|p1: PxlySynth|Spikes\n|\n|upkeep\n|turn|10\n|c|\u2606PxlySynth|lol\n|\n|t:|1700381577\n|move|p1a: Golisopod|Liquidation|p2a: Ferrothorn\n|-resisted|p2a: Ferrothorn\n|-damage|p2a: Ferrothorn|81\/100\n|-damage|p1a: Golisopod|88\/100|[from] ability: Iron Barbs|[of] p2a: Ferrothorn\n|move|p2a: Ferrothorn|Spikes|p1a: Golisopod\n|-sidestart|p1: PxlySynth|Spikes\n|\n|upkeep\n|turn|11\n|\n|t:|1700381595\n|move|p1a: Golisopod|Liquidation|p2a: Ferrothorn\n|-resisted|p2a: Ferrothorn\n|-damage|p2a: Ferrothorn|64\/100\n|-damage|p1a: Golisopod|76\/100|[from] ability: Iron Barbs|[of] p2a: Ferrothorn\n|move|p2a: Ferrothorn|Spikes|p1a: Golisopod\n|-sidestart|p1: PxlySynth|Spikes\n|\n|upkeep\n|turn|12\n|\n|t:|1700381602\n|move|p1a: Golisopod|Liquidation|p2a: Ferrothorn\n|-resisted|p2a: Ferrothorn\n|-damage|p2a: Ferrothorn|45\/100\n|-damage|p1a: Golisopod|64\/100|[from] ability: Iron Barbs|[of] p2a: Ferrothorn\n|move|p2a: Ferrothorn|Spikes||[still]\n|-fail|p2a: Ferrothorn\n|\n|upkeep\n|turn|13\n|\n|t:|1700381616\n|move|p1a: Golisopod|Spikes|p2a: Ferrothorn\n|-sidestart|p2: Pokemonsensej|Spikes\n|move|p2a: Ferrothorn|Substitute|p2a: Ferrothorn\n|-start|p2a: Ferrothorn|Substitute\n|-damage|p2a: Ferrothorn|20\/100\n|-enditem|p2a: Ferrothorn|Aguav Berry|[eat]\n|-heal|p2a: Ferrothorn|53\/100|[from] item: Aguav Berry\n|\n|upkeep\n|turn|14\n|\n|t:|1700381624\n|move|p1a: Golisopod|Liquidation|p2a: Ferrothorn\n|-resisted|p2a: Ferrothorn\n|-activate|p2a: Ferrothorn|move: Substitute|[damage]\n|move|p2a: Ferrothorn|Rest|p2a: Ferrothorn\n|-status|p2a: Ferrothorn|slp|[from] move: Rest\n|-heal|p2a: Ferrothorn|100\/100 slp|[silent]\n|\n|upkeep\n|turn|15\n|\n|t:|1700381645\n|switch|p2a: Meganium|Meganium, F|55\/100\n|-activate|p2a: Meganium|move: Sticky Web\n|-unboost|p2a: Meganium|spe|1\n|-damage|p2a: Meganium|30\/100|[from] Spikes\n|move|p1a: Golisopod|Liquidation|p2a: Meganium\n|-resisted|p2a: Meganium\n|-damage|p2a: Meganium|7\/100\n|\n|upkeep\n|turn|16\n|\n|t:|1700381656\n|move|p1a: Golisopod|Leech Life|p2a: Meganium\n|-supereffective|p2a: Meganium\n|-damage|p2a: Meganium|0 fnt\n|-heal|p1a: Golisopod|67\/100|[from] drain|[of] p2a: Meganium\n|faint|p2a: Meganium\n|\n|upkeep\n|\n|t:|1700381665\n|switch|p2a: Pikachu|Pikachu-World, M|100\/100\n|-activate|p2a: Pikachu|move: Sticky Web\n|-unboost|p2a: Pikachu|spe|1\n|-damage|p2a: Pikachu|76\/100|[from] Spikes\n|turn|17\n|\n|t:|1700381678\n|move|p2a: Pikachu|Volt Tackle|p1a: Golisopod\n|-supereffective|p1a: Golisopod\n|-damage|p1a: Golisopod|0 fnt\n|faint|p1a: Golisopod\n|-damage|p2a: Pikachu|41\/100|[from] Recoil\n|\n|upkeep\n|\n|t:|1700381689\n|switch|p1a: Ribombee|Ribombee, F|100\/100\n|turn|18\n|\n|t:|1700381701\n|move|p1a: Ribombee|Quiver Dance|p1a: Ribombee\n|-boost|p1a: Ribombee|spa|1\n|-boost|p1a: Ribombee|spd|1\n|-boost|p1a: Ribombee|spe|1\n|move|p2a: Pikachu|Volt Switch|p1a: Ribombee\n|-damage|p1a: Ribombee|69\/100\n|\n|t:|1700381717\n|switch|p2a: Sceptile|Sceptile, M|100\/100|[from] Volt Switch\n|-activate|p2a: Sceptile|move: Sticky Web\n|-unboost|p2a: Sceptile|spe|1\n|-damage|p2a: Sceptile|76\/100|[from] Spikes\n|\n|upkeep\n|turn|19\n|\n|t:|1700381731\n|move|p1a: Ribombee|Quiver Dance|p1a: Ribombee\n|-boost|p1a: Ribombee|spa|1\n|-boost|p1a: Ribombee|spd|1\n|-boost|p1a: Ribombee|spe|1\n|move|p2a: Sceptile|Rock Tomb|p1a: Ribombee\n|-supereffective|p1a: Ribombee\n|-damage|p1a: Ribombee|12\/100\n|\n|upkeep\n|turn|20\n|\n|t:|1700381740\n|move|p1a: Ribombee|Moonblast|p2a: Sceptile\n|-damage|p2a: Sceptile|0 fnt\n|faint|p2a: Sceptile\n|\n|upkeep\n|\n|t:|1700381744\n|switch|p2a: Pikachu|Pikachu-World, M|41\/100\n|-activate|p2a: Pikachu|move: Sticky Web\n|-unboost|p2a: Pikachu|spe|1\n|-damage|p2a: Pikachu|17\/100|[from] Spikes\n|turn|21\n|\n|t:|1700381757\n|move|p1a: Ribombee|Moonblast|p2a: Pikachu\n|-damage|p2a: Pikachu|0 fnt\n|faint|p2a: Pikachu\n|\n|upkeep\n|\n|t:|1700381762\n|switch|p2a: Greninja|Greninja, M|100\/100\n|-activate|p2a: Greninja|move: Sticky Web\n|-unboost|p2a: Greninja|spe|1\n|-damage|p2a: Greninja|76\/100|[from] Spikes\n|turn|22\n|\n|t:|1700381769\n|move|p1a: Ribombee|Moonblast|p2a: Greninja\n|-supereffective|p2a: Greninja\n|-damage|p2a: Greninja|0 fnt\n|faint|p2a: Greninja\n|\n|upkeep\n|\n|t:|1700381773\n|switch|p2a: Ferrothorn|Ferrothorn, M|100\/100 slp\n|-activate|p2a: Ferrothorn|move: Sticky Web\n|-unboost|p2a: Ferrothorn|spe|1\n|-damage|p2a: Ferrothorn|76\/100 slp|[from] Spikes\n|turn|23\n|\n|t:|1700381780\n|move|p1a: Ribombee|Roost|p1a: Ribombee\n|-heal|p1a: Ribombee|62\/100\n|-singleturn|p1a: Ribombee|move: Roost\n|cant|p2a: Ferrothorn|slp\n|\n|upkeep\n|turn|24\n|\n|t:|1700381792\n|move|p1a: Ribombee|Moonblast|p2a: Ferrothorn\n|-resisted|p2a: Ferrothorn\n|-damage|p2a: Ferrothorn|42\/100 slp\n|cant|p2a: Ferrothorn|slp\n|\n|upkeep\n|turn|25\n|c|\u2606Pokemonsensej|gg\n|c|\u2606PxlySynth|ggs\n|c|\u2606Pokemonsensej|I  don't have  attacking move\n|\n|t:|1700381843\n|move|p1a: Ribombee|Moonblast|p2a: Ferrothorn\n|-resisted|p2a: Ferrothorn\n|-damage|p2a: Ferrothorn|10\/100 slp\n|-unboost|p2a: Ferrothorn|spa|1\n|-curestatus|p2a: Ferrothorn|slp|[msg]\n|move|p2a: Ferrothorn|Substitute|p2a: Ferrothorn\n|-fail|p2a: Ferrothorn|move: Substitute|[weak]\n|\n|upkeep\n|turn|26\n|\n|t:|1700381878\n|move|p1a: Ribombee|Moonblast|p2a: Ferrothorn\n|-resisted|p2a: Ferrothorn\n|-damage|p2a: Ferrothorn|0 fnt\n|faint|p2a: Ferrothorn\n|\n|win|PxlySynth\n|raw|PxlySynth's rating: 1114 &rarr; <strong>1133<\/strong><br \/>(+19 for winning)\n|raw|Pokemonsensej's rating: 1027 &rarr; <strong>1016<\/strong><br \/>(-11 for losing)\n|l|\u2606Pokemonsensej\n","uploadtime":1700381987,"views":20,"p1id":"pxlysynth","p2id":"pokemonsensej","formatid":"gen9nationaldex","rating":1016,"private":0,"password":""}