{"id":"gen9nationaldex-1988161638","p1":"Jaehyunmylove","p2":"trix_n_trsh","format":"[Gen 9] National Dex","log":"|j|\u2606Jaehyunmylove\n|j|\u2606trix_n_trsh\n|t:|1699677633\n|gametype|singles\n|player|p1|Jaehyunmylove|caitlin|1440\n|player|p2|trix_n_trsh|pokemonbreeder-gen4|1347\n|teamsize|p1|6\n|teamsize|p2|6\n|gen|9\n|tier|[Gen 9] National Dex\n|rated|\n|rule|HP Percentage Mod: HP is shown in percentages\n|rule|Endless Battle Clause: Forcing endless battles is banned\n|rule|OHKO Clause: OHKO moves are banned\n|rule|Evasion Clause: Evasion abilities, items, and moves are banned\n|rule|Evasion Abilities Clause: Evasion abilities are banned\n|rule|Evasion Items Clause: Evasion items are banned\n|rule|Evasion Moves Clause: Evasion moves are banned\n|rule|Species Clause: Limit one of each Pok\u00e9mon\n|rule|Sleep Clause Mod: Limit one foe put to sleep\n|clearpoke\n|poke|p1|Kingdra, M|\n|poke|p1|Volcarona, F|\n|poke|p1|Lopunny, F|\n|poke|p1|Bisharp, M|\n|poke|p1|Serperior, F|\n|poke|p1|Iron Valiant|\n|poke|p2|Gliscor, F|\n|poke|p2|Tyranitar, F|\n|poke|p2|Ursaluna, F|\n|poke|p2|Great Tusk|\n|poke|p2|Gastrodon, F|\n|poke|p2|Goodra, F|\n|teampreview\n|inactive|Battle timer is ON: inactive players will automatically lose when time's up. (requested by trix_n_trsh)\n|\n|t:|1699677662\n|start\n|switch|p1a: Serperior|Serperior, F|100\/100\n|switch|p2a: Goodra|Goodra, F|100\/100\n|turn|1\n|\n|t:|1699677671\n|switch|p1a: Iron Valiant|Iron Valiant|100\/100\n|-enditem|p1a: Iron Valiant|Booster Energy\n|-activate|p1a: Iron Valiant|ability: Quark Drive|[fromitem]\n|-start|p1a: Iron Valiant|quarkdrivespe\n|move|p2a: Goodra|Fire Blast|p1a: Iron Valiant\n|-damage|p1a: Iron Valiant|31\/100\n|\n|upkeep\n|turn|2\n|\n|t:|1699677676\n|-terastallize|p2a: Goodra|Poison\n|move|p1a: Iron Valiant|Moonblast|p2a: Goodra\n|-resisted|p2a: Goodra\n|-damage|p2a: Goodra|90\/100\n|-unboost|p2a: Goodra|spa|1\n|move|p2a: Goodra|Acid Spray|p1a: Iron Valiant\n|-supereffective|p1a: Iron Valiant\n|-damage|p1a: Iron Valiant|0 fnt\n|faint|p1a: Iron Valiant\n|-end|p1a: Iron Valiant|Quark Drive|[silent]\n|\n|upkeep\n|\n|t:|1699677681\n|switch|p1a: Bisharp|Bisharp, M|100\/100\n|turn|3\n|\n|t:|1699677694\n|switch|p2a: Ursaluna|Ursaluna, F|100\/100\n|move|p1a: Bisharp|Swords Dance|p1a: Bisharp\n|-boost|p1a: Bisharp|atk|2\n|\n|upkeep\n|turn|4\n|\n|t:|1699677700\n|move|p1a: Bisharp|Knock Off|p2a: Ursaluna\n|-damage|p2a: Ursaluna|42\/100\n|-enditem|p2a: Ursaluna|Leftovers|[from] move: Knock Off|[of] p1a: Bisharp\n|move|p2a: Ursaluna|Body Press|p1a: Bisharp\n|-supereffective|p1a: Bisharp\n|-damage|p1a: Bisharp|31\/100\n|\n|upkeep\n|turn|5\n|\n|t:|1699677711\n|move|p1a: Bisharp|Knock Off|p2a: Ursaluna\n|-damage|p2a: Ursaluna|5\/100\n|move|p2a: Ursaluna|Headlong Rush|p1a: Bisharp\n|-supereffective|p1a: Bisharp\n|-damage|p1a: Bisharp|0 fnt\n|-unboost|p2a: Ursaluna|def|1\n|-unboost|p2a: Ursaluna|spd|1\n|faint|p1a: Bisharp\n|\n|upkeep\n|\n|t:|1699677716\n|switch|p1a: Serperior|Serperior, F|100\/100\n|turn|6\n|\n|t:|1699677721\n|switch|p2a: Goodra|Goodra, F, tera:Poison|90\/100\n|move|p1a: Serperior|Leaf Storm|p2a: Goodra\n|-ability|p2a: Goodra|Sap Sipper|boost\n|-boost|p2a: Goodra|atk|1\n|\n|upkeep\n|turn|7\n|\n|t:|1699677731\n|switch|p1a: Volcarona|Volcarona, F|100\/100\n|move|p2a: Goodra|Fire Blast|p1a: Volcarona\n|-damage|p1a: Volcarona|63\/100\n|\n|upkeep\n|turn|8\n|\n|t:|1699677735\n|move|p1a: Volcarona|Quiver Dance|p1a: Volcarona\n|-boost|p1a: Volcarona|spa|1\n|-boost|p1a: Volcarona|spd|1\n|-boost|p1a: Volcarona|spe|1\n|move|p2a: Goodra|Acid Spray|p1a: Volcarona\n|-damage|p1a: Volcarona|39\/100\n|-unboost|p1a: Volcarona|spd|2\n|\n|upkeep\n|turn|9\n|\n|t:|1699677738\n|move|p1a: Volcarona|Quiver Dance|p1a: Volcarona\n|-boost|p1a: Volcarona|spa|1\n|-boost|p1a: Volcarona|spd|1\n|-boost|p1a: Volcarona|spe|1\n|move|p2a: Goodra|Acid Spray|p1a: Volcarona\n|-damage|p1a: Volcarona|10\/100\n|-unboost|p1a: Volcarona|spd|2\n|\n|upkeep\n|turn|10\n|\n|t:|1699677742\n|move|p1a: Volcarona|Psychic|p2a: Goodra\n|-supereffective|p2a: Goodra\n|-damage|p2a: Goodra|34\/100\n|move|p2a: Goodra|Acid Spray|p1a: Volcarona\n|-crit|p1a: Volcarona\n|-damage|p1a: Volcarona|0 fnt\n|faint|p1a: Volcarona\n|\n|upkeep\n|\n|t:|1699677752\n|switch|p1a: Kingdra|Kingdra, M|100\/100\n|turn|11\n|\n|t:|1699677755\n|switch|p2a: Ursaluna|Ursaluna, F|5\/100\n|-terastallize|p1a: Kingdra|Water\n|move|p1a: Kingdra|Dragon Dance|p1a: Kingdra\n|-boost|p1a: Kingdra|atk|1\n|-boost|p1a: Kingdra|spe|1\n|\n|upkeep\n|turn|12\n|\n|t:|1699677762\n|move|p1a: Kingdra|Outrage|p2a: Ursaluna\n|-damage|p2a: Ursaluna|0 fnt\n|faint|p2a: Ursaluna\n|\n|upkeep\n|\n|t:|1699677774\n|switch|p2a: Tyranitar|Tyranitar, F|100\/100\n|-weather|Sandstorm|[from] ability: Sand Stream|[of] p2a: Tyranitar\n|turn|13\n|\n|t:|1699677778\n|move|p1a: Kingdra|Outrage|p2a: Tyranitar|[from]lockedmove\n|-damage|p2a: Tyranitar|54\/100\n|-start|p1a: Kingdra|confusion|[fatigue]\n|move|p2a: Tyranitar|Knock Off|p1a: Kingdra\n|-damage|p1a: Kingdra|43\/100\n|-enditem|p1a: Kingdra|Scope Lens|[from] move: Knock Off|[of] p2a: Tyranitar\n|\n|-weather|Sandstorm|[upkeep]\n|-damage|p1a: Kingdra|37\/100|[from] Sandstorm\n|upkeep\n|turn|14\n|\n|t:|1699677788\n|-activate|p1a: Kingdra|confusion\n|-damage|p1a: Kingdra|15\/100|[from] confusion\n|move|p2a: Tyranitar|Rock Slide|p1a: Kingdra\n|-damage|p1a: Kingdra|0 fnt\n|faint|p1a: Kingdra\n|\n|-weather|Sandstorm|[upkeep]\n|upkeep\n|\n|t:|1699677793\n|switch|p1a: Serperior|Serperior, F|100\/100\n|turn|15\n|\n|t:|1699677797\n|switch|p2a: Goodra|Goodra, F, tera:Poison|34\/100\n|move|p1a: Serperior|Hidden Power|p2a: Goodra\n|-supereffective|p2a: Goodra\n|-damage|p2a: Goodra|22\/100\n|\n|-weather|Sandstorm|[upkeep]\n|-damage|p1a: Serperior|94\/100|[from] Sandstorm\n|-damage|p2a: Goodra|16\/100|[from] Sandstorm\n|-heal|p1a: Serperior|100\/100|[from] item: Leftovers\n|upkeep\n|turn|16\n|\n|t:|1699677802\n|move|p1a: Serperior|Hidden Power|p2a: Goodra\n|-supereffective|p2a: Goodra\n|-damage|p2a: Goodra|3\/100\n|move|p2a: Goodra|Fire Blast|p1a: Serperior\n|-supereffective|p1a: Serperior\n|-damage|p1a: Serperior|5\/100\n|\n|-weather|Sandstorm|[upkeep]\n|-damage|p1a: Serperior|0 fnt|[from] Sandstorm\n|-damage|p2a: Goodra|0 fnt|[from] Sandstorm\n|faint|p1a: Serperior\n|faint|p2a: Goodra\n|upkeep\n|-message|Jaehyunmylove forfeited.\n|\n|win|trix_n_trsh\n|raw|Jaehyunmylove's rating: 1440 &rarr; <strong>1415<\/strong><br \/>(-25 for losing)\n|raw|trix_n_trsh's rating: 1347 &rarr; <strong>1372<\/strong><br \/>(+25 for winning)\n|l|\u2606Jaehyunmylove\n","uploadtime":1699677818,"views":4,"p1id":"jaehyunmylove","p2id":"trixntrsh","formatid":"gen9nationaldex","rating":1372,"private":0,"password":""}