{"id":"gen9nationaldex-1996898642","p1":"Adriux15","p2":"rr8890","format":"[Gen 9] National Dex","log":"|html|<div class=\"broadcast-blue\"><strong>[Gen 9] National Dex is currently suspecting Sneasler! For information on how to participate check out the <a href=\"https:\/\/www.smogon.com\/forums\/threads\/sv-national-dex-suspect-8-just-dance.3731534\/\">suspect thread<\/a>.<\/strong><\/div>\n|j|\u2606Adriux15\n|j|\u2606rr8890\n|t:|1700742096\n|gametype|singles\n|player|p1|Adriux15|bea|1180\n|player|p2|rr8890|crasherwake|1154\n|teamsize|p1|6\n|teamsize|p2|6\n|gen|9\n|tier|[Gen 9] National Dex\n|rated|\n|rule|HP Percentage Mod: HP is shown in percentages\n|rule|Endless Battle Clause: Forcing endless battles is banned\n|rule|OHKO Clause: OHKO moves are banned\n|rule|Evasion Clause: Evasion abilities, items, and moves are banned\n|rule|Evasion Abilities Clause: Evasion abilities are banned\n|rule|Evasion Items Clause: Evasion items are banned\n|rule|Evasion Moves Clause: Evasion moves are banned\n|rule|Species Clause: Limit one of each Pok\u00e9mon\n|rule|Sleep Clause Mod: Limit one foe put to sleep\n|clearpoke\n|poke|p1|Pelipper, F|\n|poke|p1|Basculegion, M|\n|poke|p1|Gastrodon, M|\n|poke|p1|Thundurus-Therian, M|\n|poke|p1|Urshifu-*, M|\n|poke|p1|Toxapex, F|\n|poke|p2|Skeledirge, M|\n|poke|p2|Gyarados, F|\n|poke|p2|Zapdos|\n|poke|p2|Scovillain, F|\n|poke|p2|Hoopa-Unbound|\n|poke|p2|Clodsire, F|\n|teampreview\n|\n|t:|1700742100\n|start\n|switch|p1a: Pelipper|Pelipper, F|100\/100\n|switch|p2a: Scovillain|Scovillain, F|100\/100\n|-weather|RainDance|[from] ability: Drizzle|[of] p1a: Pelipper\n|turn|1\n|\n|t:|1700742109\n|switch|p2a: Zapdos|Zapdos|100\/100\n|move|p1a: Pelipper|Hurricane|p2a: Zapdos\n|-resisted|p2a: Zapdos\n|-damage|p2a: Zapdos|81\/100\n|-start|p2a: Zapdos|confusion\n|\n|-weather|RainDance|[upkeep]\n|upkeep\n|turn|2\n|\n|t:|1700742128\n|switch|p1a: Thundurus|Thundurus-Therian, M, shiny|100\/100\n|-activate|p2a: Zapdos|confusion\n|-damage|p2a: Zapdos|74\/100|[from] confusion\n|\n|-weather|RainDance|[upkeep]\n|upkeep\n|turn|3\n|inactive|Battle timer is ON: inactive players will automatically lose when time's up. (requested by Adriux15)\n|\n|t:|1700742157\n|switch|p2a: Clodsire|Clodsire, F|100\/100\n|move|p1a: Thundurus|Thunder|p2a: Clodsire\n|-immune|p2a: Clodsire\n|\n|-weather|RainDance|[upkeep]\n|upkeep\n|turn|4\n|\n|t:|1700742167\n|switch|p1a: Gastrodon|Gastrodon, M|100\/100\n|move|p2a: Clodsire|Toxic|p1a: Gastrodon\n|-status|p1a: Gastrodon|tox\n|\n|-weather|RainDance|[upkeep]\n|-damage|p1a: Gastrodon|94\/100 tox|[from] psn\n|upkeep\n|turn|5\n|\n|t:|1700742180\n|switch|p2a: Scovillain|Scovillain, F|100\/100\n|move|p1a: Gastrodon|Earth Power|p2a: Scovillain\n|-damage|p2a: Scovillain|49\/100\n|\n|-weather|RainDance|[upkeep]\n|-heal|p2a: Scovillain|55\/100|[from] item: Leftovers\n|-heal|p1a: Gastrodon|100\/100 tox|[from] item: Leftovers\n|-damage|p1a: Gastrodon|88\/100 tox|[from] psn\n|upkeep\n|turn|6\n|\n|t:|1700742194\n|switch|p1a: Thundurus|Thundurus-Therian, M, shiny|100\/100\n|move|p2a: Scovillain|Substitute|p2a: Scovillain\n|-start|p2a: Scovillain|Substitute\n|-damage|p2a: Scovillain|30\/100\n|\n|-weather|RainDance|[upkeep]\n|-heal|p2a: Scovillain|36\/100|[from] item: Leftovers\n|upkeep\n|turn|7\n|\n|t:|1700742202\n|-terastallize|p1a: Thundurus|Flying\n|move|p2a: Scovillain|Protect|p2a: Scovillain\n|-singleturn|p2a: Scovillain|Protect\n|move|p1a: Thundurus|Tera Blast|p2a: Scovillain|[anim] Tera Blast Flying\n|-activate|p2a: Scovillain|move: Protect\n|\n|-weather|RainDance|[upkeep]\n|-heal|p2a: Scovillain|42\/100|[from] item: Leftovers\n|upkeep\n|turn|8\n|\n|t:|1700742212\n|move|p2a: Scovillain|Leech Seed|p1a: Thundurus\n|-start|p1a: Thundurus|move: Leech Seed\n|move|p1a: Thundurus|Tera Blast|p2a: Scovillain|[anim] Tera Blast Flying\n|-supereffective|p2a: Scovillain\n|-end|p2a: Scovillain|Substitute\n|\n|-weather|none\n|-heal|p2a: Scovillain|48\/100|[from] item: Leftovers\n|-damage|p1a: Thundurus|88\/100|[from] Leech Seed|[of] p2a: Scovillain\n|-heal|p2a: Scovillain|59\/100|[silent]\n|upkeep\n|turn|9\n|\n|t:|1700742223\n|move|p2a: Scovillain|Protect|p2a: Scovillain\n|-singleturn|p2a: Scovillain|Protect\n|move|p1a: Thundurus|Tera Blast|p2a: Scovillain|[anim] Tera Blast Flying\n|-activate|p2a: Scovillain|move: Protect\n|\n|-heal|p2a: Scovillain|65\/100|[from] item: Leftovers\n|-damage|p1a: Thundurus|76\/100|[from] Leech Seed|[of] p2a: Scovillain\n|-heal|p2a: Scovillain|77\/100|[silent]\n|upkeep\n|turn|10\n|\n|t:|1700742238\n|switch|p2a: Clodsire|Clodsire, F|100\/100\n|move|p1a: Thundurus|Tera Blast|p2a: Clodsire|[anim] Tera Blast Flying\n|-damage|p2a: Clodsire|69\/100\n|\n|-heal|p2a: Clodsire|75\/100|[from] item: Leftovers\n|-damage|p1a: Thundurus|63\/100|[from] Leech Seed|[of] p2a: Clodsire\n|-heal|p2a: Clodsire|83\/100|[silent]\n|upkeep\n|turn|11\n|\n|t:|1700742249\n|switch|p1a: Gastrodon|Gastrodon, M|88\/100 tox\n|move|p2a: Clodsire|Toxic|p1a: Gastrodon\n|-fail|p1a: Gastrodon|tox\n|\n|-heal|p1a: Gastrodon|94\/100 tox|[from] item: Leftovers\n|-heal|p2a: Clodsire|90\/100|[from] item: Leftovers\n|-damage|p1a: Gastrodon|88\/100 tox|[from] psn\n|upkeep\n|turn|12\n|\n|t:|1700742266\n|switch|p2a: Gyarados|Gyarados, F|100\/100\n|-ability|p2a: Gyarados|Intimidate|boost\n|-unboost|p1a: Gastrodon|atk|1\n|move|p1a: Gastrodon|Earth Power|p2a: Gyarados\n|-immune|p2a: Gyarados\n|\n|-heal|p1a: Gastrodon|94\/100 tox|[from] item: Leftovers\n|-damage|p1a: Gastrodon|82\/100 tox|[from] psn\n|upkeep\n|turn|13\n|l|\u2606Adriux15\n|inactive|Adriux15 disconnected and has a minute to reconnect!\n|player|p1|\n|j|\u2606Adriux15\n|inactive|Adriux15 reconnected and has 130 seconds left.\n|player|p1|Adriux15|bea\n|\n|t:|1700742292\n|detailschange|p2a: Gyarados|Gyarados-Mega, F\n|-mega|p2a: Gyarados|Gyarados|Gyaradosite\n|-ability|p2a: Gyarados|Mold Breaker\n|move|p2a: Gyarados|Dragon Dance|p2a: Gyarados\n|-boost|p2a: Gyarados|atk|1\n|-boost|p2a: Gyarados|spe|1\n|move|p1a: Gastrodon|Ice Beam|p2a: Gyarados\n|-resisted|p2a: Gyarados\n|-damage|p2a: Gyarados|92\/100\n|\n|-heal|p1a: Gastrodon|88\/100 tox|[from] item: Leftovers\n|-damage|p1a: Gastrodon|70\/100 tox|[from] psn\n|upkeep\n|turn|14\n|\n|t:|1700742307\n|switch|p1a: Toxapex|Toxapex, F, shiny|100\/100\n|move|p2a: Gyarados|Crunch|p1a: Toxapex\n|-damage|p1a: Toxapex|34\/100\n|\n|-heal|p1a: Toxapex|40\/100|[from] item: Leftovers\n|upkeep\n|turn|15\n|\n|t:|1700742320\n|move|p1a: Toxapex|Baneful Bunker|p1a: Toxapex\n|-singleturn|p1a: Toxapex|move: Protect\n|move|p2a: Gyarados|Crunch|p1a: Toxapex\n|-activate|p1a: Toxapex|move: Protect\n|-status|p2a: Gyarados|psn\n|\n|-heal|p1a: Toxapex|46\/100|[from] item: Leftovers\n|-damage|p2a: Gyarados|79\/100 psn|[from] psn\n|upkeep\n|turn|16\n|inactive|Adriux15 has 120 seconds left.\n|\n|t:|1700742342\n|switch|p1a: Urshifu|Urshifu-Rapid-Strike, M|100\/100\n|move|p2a: Gyarados|Earthquake|p1a: Urshifu\n|-damage|p1a: Urshifu|38\/100\n|\n|-damage|p2a: Gyarados|67\/100 psn|[from] psn\n|upkeep\n|turn|17\n|inactive|Adriux15 has 120 seconds left.\n|\n|t:|1700742358\n|switch|p1a: Pelipper|Pelipper, F|100\/100\n|-weather|RainDance|[from] ability: Drizzle|[of] p1a: Pelipper\n|move|p2a: Gyarados|Earthquake|p1a: Pelipper\n|-immune|p1a: Pelipper\n|\n|-weather|RainDance|[upkeep]\n|-damage|p2a: Gyarados|55\/100 psn|[from] psn\n|upkeep\n|turn|18\n|inactive|Adriux15 has 120 seconds left.\n|\n|t:|1700742369\n|move|p2a: Gyarados|Crunch|p1a: Pelipper\n|-damage|p1a: Pelipper|24\/100\n|move|p1a: Pelipper|Hurricane|p2a: Gyarados\n|-damage|p2a: Gyarados|19\/100 psn\n|-start|p2a: Gyarados|confusion\n|\n|-weather|RainDance|[upkeep]\n|-damage|p2a: Gyarados|7\/100 psn|[from] psn\n|upkeep\n|turn|19\n|inactive|Adriux15 has 120 seconds left.\n|inactive|rr8890 has 120 seconds left.\n|\n|t:|1700742391\n|switch|p1a: Gastrodon|Gastrodon, M|70\/100 tox\n|-activate|p2a: Gyarados|confusion\n|move|p2a: Gyarados|Waterfall|p1a: Gastrodon\n|-damage|p1a: Gastrodon|0 fnt\n|faint|p1a: Gastrodon\n|\n|-weather|RainDance|[upkeep]\n|-damage|p2a: Gyarados|0 fnt|[from] psn\n|faint|p2a: Gyarados\n|upkeep\n|inactive|rr8890 has 120 seconds left.\n|\n|t:|1700742408\n|switch|p2a: Zapdos|Zapdos|74\/100\n|switch|p1a: Basculegion|Basculegion, M, shiny|100\/100\n|turn|20\n|inactive|rr8890 has 120 seconds left.\n|\n|t:|1700742426\n|move|p1a: Basculegion|Wave Crash|p2a: Zapdos\n|-damage|p2a: Zapdos|0 fnt\n|-status|p1a: Basculegion|par|[from] ability: Static|[of] p2a: Zapdos\n|faint|p2a: Zapdos\n|-damage|p1a: Basculegion|76\/100 par|[from] Recoil\n|-damage|p1a: Basculegion|66\/100 par|[from] item: Life Orb\n|\n|-weather|RainDance|[upkeep]\n|upkeep\n|\n|t:|1700742448\n|switch|p2a: Hoopa|Hoopa-Unbound|100\/100\n|turn|21\n|\n|t:|1700742461\n|move|p2a: Hoopa|Hyperspace Fury|p1a: Basculegion\n|-supereffective|p1a: Basculegion\n|-damage|p1a: Basculegion|0 fnt\n|-unboost|p2a: Hoopa|def|1\n|faint|p1a: Basculegion\n|\n|-weather|RainDance|[upkeep]\n|upkeep\n|\n|t:|1700742468\n|switch|p1a: Urshifu|Urshifu-Rapid-Strike, M|38\/100\n|turn|22\n|\n|t:|1700742477\n|switch|p2a: Clodsire|Clodsire, F|90\/100\n|move|p1a: Urshifu|Surging Strikes|p2a: Clodsire\n|-heal|p2a: Clodsire|100\/100|[from] ability: Water Absorb|[of] p1a: Urshifu\n|\n|-weather|RainDance|[upkeep]\n|upkeep\n|turn|23\n|\n|t:|1700742488\n|move|p1a: Urshifu|Ice Punch|p2a: Clodsire\n|-supereffective|p2a: Clodsire\n|-damage|p2a: Clodsire|40\/100\n|move|p2a: Clodsire|Earthquake|p1a: Urshifu\n|-damage|p1a: Urshifu|10\/100\n|\n|-weather|RainDance|[upkeep]\n|-heal|p2a: Clodsire|46\/100|[from] item: Leftovers\n|upkeep\n|turn|24\n|\n|t:|1700742502\n|switch|p2a: Skeledirge|Skeledirge, M|100\/100\n|move|p1a: Urshifu|Ice Punch|p2a: Skeledirge\n|-resisted|p2a: Skeledirge\n|-damage|p2a: Skeledirge|93\/100\n|-status|p2a: Skeledirge|frz\n|\n|-weather|none\n|upkeep\n|turn|25\n|inactive|rr8890 has 120 seconds left.\n|\n|t:|1700742523\n|switch|p1a: Pelipper|Pelipper, F|24\/100\n|-weather|RainDance|[from] ability: Drizzle|[of] p1a: Pelipper\n|switch|p2a: Clodsire|Clodsire, F|46\/100\n|\n|-weather|RainDance|[upkeep]\n|-heal|p2a: Clodsire|52\/100|[from] item: Leftovers\n|upkeep\n|turn|26\n|\n|t:|1700742538\n|move|p1a: Pelipper|Hurricane|p2a: Clodsire\n|-damage|p2a: Clodsire|31\/100\n|move|p2a: Clodsire|Toxic|p1a: Pelipper\n|-status|p1a: Pelipper|tox\n|\n|-weather|RainDance|[upkeep]\n|-heal|p2a: Clodsire|37\/100|[from] item: Leftovers\n|-damage|p1a: Pelipper|18\/100 tox|[from] psn\n|upkeep\n|turn|27\n|\n|t:|1700742548\n|move|p1a: Pelipper|Hurricane|p2a: Clodsire\n|-damage|p2a: Clodsire|15\/100\n|-start|p2a: Clodsire|confusion\n|-activate|p2a: Clodsire|confusion\n|-damage|p2a: Clodsire|6\/100|[from] confusion\n|\n|-weather|RainDance|[upkeep]\n|-heal|p2a: Clodsire|13\/100|[from] item: Leftovers\n|-damage|p1a: Pelipper|5\/100 tox|[from] psn\n|upkeep\n|turn|28\n|inactive|rr8890 has 120 seconds left.\n|\n|t:|1700742559\n|move|p1a: Pelipper|Hurricane|p2a: Clodsire\n|-damage|p2a: Clodsire|0 fnt\n|faint|p2a: Clodsire\n|\n|-weather|RainDance|[upkeep]\n|-damage|p1a: Pelipper|0 fnt|[from] psn\n|faint|p1a: Pelipper\n|upkeep\n|inactive|rr8890 has 120 seconds left.\n|\n|t:|1700742567\n|switch|p1a: Urshifu|Urshifu-Rapid-Strike, M|10\/100\n|switch|p2a: Scovillain|Scovillain, F|77\/100\n|turn|29\n|inactive|rr8890 has 120 seconds left.\n|\n|t:|1700742579\n|move|p1a: Urshifu|Surging Strikes|p2a: Scovillain\n|-crit|p2a: Scovillain\n|-damage|p2a: Scovillain|21\/100\n|-crit|p2a: Scovillain\n|-damage|p2a: Scovillain|0 fnt\n|faint|p2a: Scovillain\n|-hitcount|p2: Scovillain|2\n|\n|-weather|RainDance|[upkeep]\n|upkeep\n|inactive|rr8890 has 120 seconds left.\n|\n|t:|1700742588\n|switch|p2a: Hoopa|Hoopa-Unbound|100\/100\n|turn|30\n|inactive|rr8890 has 120 seconds left.\n|\n|t:|1700742600\n|move|p2a: Hoopa|Zen Headbutt|p1a: Urshifu\n|-supereffective|p1a: Urshifu\n|-damage|p1a: Urshifu|0 fnt\n|faint|p1a: Urshifu\n|\n|-weather|RainDance|[upkeep]\n|upkeep\n|\n|t:|1700742606\n|switch|p1a: Thundurus|Thundurus-Therian, M, shiny, tera:Flying|63\/100\n|turn|31\n|\n|t:|1700742618\n|move|p2a: Hoopa|Zen Headbutt|p1a: Thundurus\n|-damage|p1a: Thundurus|1\/100\n|move|p1a: Thundurus|Thunder|p2a: Hoopa\n|-damage|p2a: Hoopa|47\/100\n|-status|p2a: Hoopa|par\n|\n|-weather|RainDance|[upkeep]\n|upkeep\n|turn|32\n|\n|t:|1700742629\n|switch|p2a: Skeledirge|Skeledirge, M|93\/100 frz\n|move|p1a: Thundurus|Thunder|p2a: Skeledirge\n|-damage|p2a: Skeledirge|28\/100 frz\n|\n|-weather|none\n|upkeep\n|turn|33\n|\n|t:|1700742643\n|move|p1a: Thundurus|Volt Switch|p2a: Skeledirge\n|-damage|p2a: Skeledirge|0 fnt\n|faint|p2a: Skeledirge\n|\n|t:|1700742647\n|switch|p1a: Toxapex|Toxapex, F, shiny|46\/100|[from] Volt Switch\n|\n|-heal|p1a: Toxapex|52\/100|[from] item: Leftovers\n|upkeep\n|\n|t:|1700742652\n|switch|p2a: Hoopa|Hoopa-Unbound|47\/100 par\n|turn|34\n|\n|t:|1700742658\n|move|p2a: Hoopa|Zen Headbutt|p1a: Toxapex\n|-supereffective|p1a: Toxapex\n|-damage|p1a: Toxapex|0 fnt\n|faint|p1a: Toxapex\n|\n|upkeep\n|\n|t:|1700742663\n|switch|p1a: Thundurus|Thundurus-Therian, M, shiny, tera:Flying|1\/100\n|turn|35\n|\n|t:|1700742666\n|move|p1a: Thundurus|Thunder|p2a: Hoopa\n|-damage|p2a: Hoopa|0 fnt\n|faint|p2a: Hoopa\n|\n|win|Adriux15\n|raw|Adriux15's rating: 1180 &rarr; <strong>1203<\/strong><br \/>(+23 for winning)\n|raw|rr8890's rating: 1154 &rarr; <strong>1131<\/strong><br \/>(-23 for losing)\n|c|\u2606Adriux15|GG\n|c|\u2606rr8890|gg\n|c|\u2606rr8890|70% acurate thunder..\n|l|\u2606rr8890\n","uploadtime":1700742730,"views":9,"p1id":"adriux15","p2id":"rr8890","formatid":"gen9nationaldex","rating":1131,"private":0,"password":""}