{"id":"gen9nationaldex-1988773785","p1":"loch2009","p2":"Uchuma","format":"[Gen 9] National Dex","log":"|j|\u2606loch2009\n|j|\u2606Uchuma\n|t:|1699761328\n|gametype|singles\n|player|p1|loch2009|lance|1128\n|player|p2|Uchuma|101|1160\n|teamsize|p1|6\n|teamsize|p2|6\n|gen|9\n|tier|[Gen 9] National Dex\n|rated|\n|rule|HP Percentage Mod: HP is shown in percentages\n|rule|Endless Battle Clause: Forcing endless battles is banned\n|rule|OHKO Clause: OHKO moves are banned\n|rule|Evasion Clause: Evasion abilities, items, and moves are banned\n|rule|Evasion Abilities Clause: Evasion abilities are banned\n|rule|Evasion Items Clause: Evasion items are banned\n|rule|Evasion Moves Clause: Evasion moves are banned\n|rule|Species Clause: Limit one of each Pok\u00e9mon\n|rule|Sleep Clause Mod: Limit one foe put to sleep\n|clearpoke\n|poke|p1|Milotic, F|\n|poke|p1|Bibarel, F|\n|poke|p1|Great Tusk|\n|poke|p1|Tapu Fini|\n|poke|p1|Gallade, M|\n|poke|p1|Accelgor, M|\n|poke|p2|Weavile, M|\n|poke|p2|Swampert, F|\n|poke|p2|Gardevoir, M|\n|poke|p2|Sableye, F|\n|poke|p2|Toxtricity, M|\n|poke|p2|Salamence, F|\n|teampreview\n|c|\u2606loch2009|cool team\n|c|\u2606loch2009|have fun\n|c|\u2606Uchuma|u2\n|c|\u2606loch2009|good luck\n|\n|t:|1699761341\n|start\n|switch|p1a: Accelgor|Accelgor, M|100\/100\n|switch|p2a: Argo|Swampert, F|100\/100\n|turn|1\n|\n|t:|1699761347\n|move|p1a: Accelgor|Energy Ball|p2a: Argo\n|-supereffective|p2a: Argo\n|-damage|p2a: Argo|19\/100\n|move|p2a: Argo|Yawn|p1a: Accelgor\n|-start|p1a: Accelgor|move: Yawn|[of] p2a: Argo\n|\n|-heal|p2a: Argo|25\/100|[from] item: Leftovers\n|upkeep\n|turn|2\n|\n|t:|1699761365\n|switch|p1a: Great Tusk|Great Tusk|100\/100\n|-enditem|p1a: Great Tusk|Booster Energy\n|-activate|p1a: Great Tusk|ability: Protosynthesis|[fromitem]\n|-start|p1a: Great Tusk|protosynthesisdef\n|move|p2a: Argo|Stealth Rock|p1a: Great Tusk\n|-sidestart|p1: loch2009|move: Stealth Rock\n|\n|-heal|p2a: Argo|32\/100|[from] item: Leftovers\n|upkeep\n|turn|3\n|\n|t:|1699761380\n|move|p1a: Great Tusk|Body Press|p2a: Argo\n|-damage|p2a: Argo|0 fnt\n|faint|p2a: Argo\n|\n|upkeep\n|\n|t:|1699761386\n|switch|p2a: Midas|Sableye, F, shiny|100\/100\n|turn|4\n|\n|t:|1699761390\n|move|p2a: Midas|Reflect|p2a: Midas\n|-sidestart|p2: Uchuma|Reflect\n|move|p1a: Great Tusk|Taunt|p2a: Midas\n|-start|p2a: Midas|move: Taunt\n|\n|upkeep\n|turn|5\n|\n|t:|1699761397\n|switch|p2a: Gransax|Salamence, F|100\/100\n|move|p1a: Great Tusk|Stealth Rock|p2a: Gransax\n|-sidestart|p2: Uchuma|move: Stealth Rock\n|\n|upkeep\n|turn|6\n|\n|t:|1699761404\n|move|p2a: Gransax|Dragon Dance|p2a: Gransax\n|-boost|p2a: Gransax|atk|1\n|-boost|p2a: Gransax|spe|1\n|move|p1a: Great Tusk|Rapid Spin|p2a: Gransax\n|-damage|p2a: Gransax|93\/100\n|-boost|p1a: Great Tusk|spe|1\n|-sideend|p1: loch2009|Stealth Rock|[from] move: Rapid Spin|[of] p1a: Great Tusk\n|\n|upkeep\n|turn|7\n|\n|t:|1699761412\n|-end|p1a: Great Tusk|Protosynthesis|[silent]\n|switch|p1a: Tapu Fini|Tapu Fini|100\/100\n|-fieldstart|move: Misty Terrain|[from] ability: Misty Surge|[of] p1a: Tapu Fini\n|move|p2a: Gransax|Dragon Dance|p2a: Gransax\n|-boost|p2a: Gransax|atk|1\n|-boost|p2a: Gransax|spe|1\n|\n|upkeep\n|turn|8\n|\n|t:|1699761435\n|-terastallize|p2a: Gransax|Water\n|move|p2a: Gransax|Earthquake|p1a: Tapu Fini\n|-damage|p1a: Tapu Fini|26\/100\n|move|p1a: Tapu Fini|Moonblast|p2a: Gransax\n|-crit|p2a: Gransax\n|-damage|p2a: Gransax|13\/100\n|\n|upkeep\n|turn|9\n|\n|t:|1699761443\n|move|p2a: Gransax|Earthquake|p1a: Tapu Fini\n|-damage|p1a: Tapu Fini|0 fnt\n|faint|p1a: Tapu Fini\n|-ability|p2a: Gransax|Moxie|boost\n|-boost|p2a: Gransax|atk|1\n|\n|upkeep\n|c|\u2606loch2009|tera water\n|c|\u2606loch2009|cool\n|\n|t:|1699761457\n|switch|p1a: Milotic|Milotic, F, shiny|100\/100\n|turn|10\n|\n|t:|1699761463\n|move|p2a: Gransax|Earthquake|p1a: Milotic\n|-damage|p1a: Milotic|14\/100\n|move|p1a: Milotic|Haze|p1a: Milotic\n|-clearallboost\n|\n|-heal|p1a: Milotic|21\/100|[from] item: Leftovers\n|upkeep\n|turn|11\n|\n|t:|1699761470\n|move|p2a: Gransax|Earthquake|p1a: Milotic\n|-damage|p1a: Milotic|0 fnt\n|faint|p1a: Milotic\n|-ability|p2a: Gransax|Moxie|boost\n|-boost|p2a: Gransax|atk|1\n|\n|-sideend|p2: Uchuma|Reflect\n|-fieldend|Misty Terrain\n|upkeep\n|\n|t:|1699761476\n|switch|p1a: Accelgor|Accelgor, M|100\/100\n|turn|12\n|\n|t:|1699761479\n|move|p1a: Accelgor|Bug Buzz|p2a: Gransax\n|-damage|p2a: Gransax|0 fnt\n|faint|p2a: Gransax\n|-enditem|p1a: Accelgor|Throat Spray\n|-boost|p1a: Accelgor|spa|1|[from] item: Throat Spray\n|\n|upkeep\n|c|\u2606loch2009|i was terrified of that\n|\n|t:|1699761490\n|switch|p2a: Midas|Sableye, F, shiny|100\/100\n|-damage|p2a: Midas|88\/100|[from] Stealth Rock\n|turn|13\n|\n|t:|1699761495\n|move|p2a: Midas|Light Screen|p2a: Midas\n|-sidestart|p2: Uchuma|move: Light Screen\n|move|p1a: Accelgor|Bug Buzz|p2a: Midas\n|-damage|p2a: Midas|38\/100\n|\n|upkeep\n|turn|14\n|c|\u2606Uchuma|you had good check too\n|\n|t:|1699761511\n|move|p2a: Midas|Reflect|p2a: Midas\n|-sidestart|p2: Uchuma|Reflect\n|move|p1a: Accelgor|Bug Buzz|p2a: Midas\n|-damage|p2a: Midas|0 fnt\n|faint|p2a: Midas\n|\n|upkeep\n|c|\u2606loch2009|haze right\n|\n|t:|1699761519\n|switch|p2a: Vitriol|Toxtricity, M|100\/100\n|-damage|p2a: Vitriol|88\/100|[from] Stealth Rock\n|turn|15\n|\n|t:|1699761527\n|move|p1a: Accelgor|Water Shuriken|p2a: Vitriol\n|-damage|p2a: Vitriol|83\/100\n|-damage|p2a: Vitriol|78\/100\n|-hitcount|p2a: Vitriol|2\n|move|p2a: Vitriol|Boomburst|p1a: Accelgor\n|-damage|p1a: Accelgor|0 fnt\n|faint|p1a: Accelgor\n|\n|upkeep\n|\n|t:|1699761536\n|switch|p1a: Gallade|Gallade, M|100\/100\n|turn|16\n|\n|t:|1699761540\n|detailschange|p1a: Gallade|Gallade-Mega, M\n|-mega|p1a: Gallade|Gallade|Galladite\n|move|p1a: Gallade|Knock Off|p2a: Vitriol\n|-damage|p2a: Vitriol|50\/100\n|-enditem|p2a: Vitriol|Choice Specs|[from] move: Knock Off|[of] p1a: Gallade\n|move|p2a: Vitriol|Boomburst|p1a: Gallade\n|-damage|p1a: Gallade|32\/100\n|\n|upkeep\n|turn|17\n|\n|t:|1699761556\n|switch|p2a: Gardevoir|Gardevoir, M|100\/100\n|-damage|p2a: Gardevoir|88\/100|[from] Stealth Rock\n|-ability|p2a: Gardevoir|Inner Focus|[from] ability: Trace|[of] p1a: Gallade\n|move|p1a: Gallade|Close Combat|p2a: Gardevoir\n|-resisted|p2a: Gardevoir\n|-damage|p2a: Gardevoir|73\/100\n|-unboost|p1a: Gallade|def|1\n|-unboost|p1a: Gallade|spd|1\n|\n|upkeep\n|turn|18\n|c|\u2606loch2009|i need to fix my move sets\n|\n|t:|1699761568\n|detailschange|p2a: Gardevoir|Gardevoir-Mega, M\n|-mega|p2a: Gardevoir|Gardevoir|Gardevoirite\n|move|p1a: Gallade|Poison Jab|p2a: Gardevoir\n|-supereffective|p2a: Gardevoir\n|-damage|p2a: Gardevoir|16\/100\n|-status|p2a: Gardevoir|psn\n|move|p2a: Gardevoir|Hyper Voice|p1a: Gallade\n|-supereffective|p1a: Gallade\n|-damage|p1a: Gallade|0 fnt\n|faint|p1a: Gallade\n|\n|-damage|p2a: Gardevoir|4\/100 psn|[from] psn\n|upkeep\n|\n|t:|1699761577\n|switch|p1a: Bibarel|Bibarel, F|100\/100\n|turn|19\n|\n|t:|1699761581\n|move|p2a: Gardevoir|Hyper Voice|p1a: Bibarel\n|-damage|p1a: Bibarel|4\/100\n|move|p1a: Bibarel|Amnesia|p1a: Bibarel\n|-boost|p1a: Bibarel|spd|4\n|\n|-heal|p1a: Bibarel|10\/100|[from] item: Leftovers\n|-damage|p2a: Gardevoir|0 fnt|[from] psn\n|faint|p2a: Gardevoir\n|upkeep\n|c|\u2606loch2009|oh\n|c|\u2606loch2009|ow\n|\n|t:|1699761591\n|switch|p2a: Windigo|Weavile, M|100\/100\n|-damage|p2a: Windigo|76\/100|[from] Stealth Rock\n|turn|20\n|\n|t:|1699761598\n|move|p2a: Windigo|Triple Axel|p1a: Bibarel|[miss]\n|-miss|p2a: Windigo|p1a: Bibarel\n|move|p1a: Bibarel|Curse|p1a: Bibarel\n|-unboost|p1a: Bibarel|spe|2\n|-boost|p1a: Bibarel|atk|2\n|-boost|p1a: Bibarel|def|2\n|\n|-heal|p1a: Bibarel|16\/100|[from] item: Leftovers\n|-sideend|p2: Uchuma|move: Light Screen\n|upkeep\n|turn|21\n|\n|t:|1699761613\n|move|p2a: Windigo|Triple Axel|p1a: Bibarel\n|-resisted|p1a: Bibarel\n|-damage|p1a: Bibarel|10\/100\n|-resisted|p1a: Bibarel\n|-damage|p1a: Bibarel|0 fnt\n|faint|p1a: Bibarel\n|-hitcount|p1: Bibarel|2\n|\n|-sideend|p2: Uchuma|Reflect\n|upkeep\n|c|\u2606loch2009|i use wierd set\n|c|\u2606loch2009|its fun\n|c|\u2606loch2009|i need screens tho\n|\n|t:|1699761628\n|switch|p1a: Great Tusk|Great Tusk|100\/100\n|turn|22\n|c|\u2606loch2009|gg\n|\n|t:|1699761634\n|move|p2a: Windigo|Triple Axel|p1a: Great Tusk\n|-supereffective|p1a: Great Tusk\n|-damage|p1a: Great Tusk|87\/100\n|-supereffective|p1a: Great Tusk\n|-damage|p1a: Great Tusk|61\/100\n|-supereffective|p1a: Great Tusk\n|-damage|p1a: Great Tusk|20\/100\n|-hitcount|p1a: Great Tusk|3\n|move|p1a: Great Tusk|Body Press|p2a: Windigo\n|-supereffective|p2a: Windigo\n|-damage|p2a: Windigo|0 fnt\n|faint|p2a: Windigo\n|\n|upkeep\n|c|\u2606loch2009|cant ko tox\n|\n|t:|1699761645\n|switch|p2a: Vitriol|Toxtricity, M|50\/100\n|-damage|p2a: Vitriol|38\/100|[from] Stealth Rock\n|turn|23\n|c|\u2606Uchuma|gg\n|c|\u2606loch2009|fun game\\\n|c|\u2606loch2009|gg\n|\n|t:|1699761652\n|move|p1a: Great Tusk|Body Press|p2a: Vitriol\n|-resisted|p2a: Vitriol\n|-damage|p2a: Vitriol|9\/100\n|move|p2a: Vitriol|Boomburst|p1a: Great Tusk\n|-damage|p1a: Great Tusk|0 fnt\n|faint|p1a: Great Tusk\n|-end|p1a: Great Tusk|Protosynthesis|[silent]\n|\n|win|Uchuma\n|raw|loch2009's rating: 1128 &rarr; <strong>1105<\/strong><br \/>(-23 for losing)\n|raw|Uchuma's rating: 1160 &rarr; <strong>1183<\/strong><br \/>(+23 for winning)\n","uploadtime":1699761662,"views":4,"p1id":"loch2009","p2id":"uchuma","formatid":"gen9nationaldex","rating":1105,"private":0,"password":""}