{"id":"gen9nationaldex-2000238188","p1":"kaiot-adventure509","p2":"bu wei chen chen","format":"[Gen 9] National Dex","log":"|html|<div class=\"broadcast-blue\"><strong>[Gen 9] National Dex is currently suspecting Sneasler! For information on how to participate check out the <a href=\"https:\/\/www.smogon.com\/forums\/threads\/sv-national-dex-suspect-8-just-dance.3731534\/\">suspect thread<\/a>.<\/strong><\/div>\n|j|\u2606kaiot-adventure509\n|j|\u2606bu wei chen chen\n|t:|1701176117\n|gametype|singles\n|player|p1|kaiot-adventure509|nate|1398\n|player|p2|bu wei chen chen|dawn|1452\n|teamsize|p1|6\n|teamsize|p2|6\n|gen|9\n|tier|[Gen 9] National Dex\n|rated|\n|rule|HP Percentage Mod: HP is shown in percentages\n|rule|Endless Battle Clause: Forcing endless battles is banned\n|rule|OHKO Clause: OHKO moves are banned\n|rule|Evasion Clause: Evasion abilities, items, and moves are banned\n|rule|Evasion Abilities Clause: Evasion abilities are banned\n|rule|Evasion Items Clause: Evasion items are banned\n|rule|Evasion Moves Clause: Evasion moves are banned\n|rule|Species Clause: Limit one of each Pok\u00e9mon\n|rule|Sleep Clause Mod: Limit one foe put to sleep\n|clearpoke\n|poke|p1|Mamoswine, F|\n|poke|p1|Tyrantrum, M|\n|poke|p1|Aegislash, M|\n|poke|p1|Venusaur, F|\n|poke|p1|Zapdos|\n|poke|p1|Poliwrath, F|\n|poke|p2|Mew|\n|poke|p2|Heatran, F|\n|poke|p2|Rotom-Wash|\n|poke|p2|Gyarados, F|\n|poke|p2|Tapu Lele|\n|poke|p2|Sneasler, F|\n|teampreview\n|inactive|Battle timer is ON: inactive players will automatically lose when time's up. (requested by kaiot-adventure509)\n|\n|t:|1701176131\n|start\n|switch|p1a: Venusaur|Venusaur, F|100\/100\n|switch|p2a: \u771f\u6b63\u7684\u6492\u83f1\u68a6\u5e7b|Mew|100\/100\n|turn|1\n|inactive|kaiot-adventure509 has 120 seconds left.\n|c|\u2606bu wei chen chen|\u2026\u2026\n|c|\u2606bu wei chen chen|hurry up~\n|inactive|kaiot-adventure509 has 90 seconds left.\n|\n|t:|1701176200\n|detailschange|p1a: Venusaur|Venusaur-Mega, F\n|-mega|p1a: Venusaur|Venusaur|Venusaurite\n|move|p2a: \u771f\u6b63\u7684\u6492\u83f1\u68a6\u5e7b|Fire Blast|p1a: Venusaur\n|-supereffective|p1a: Venusaur\n|-damage|p1a: Venusaur|80\/100\n|move|p1a: Venusaur|Sludge Bomb|p2a: \u771f\u6b63\u7684\u6492\u83f1\u68a6\u5e7b\n|-damage|p2a: \u771f\u6b63\u7684\u6492\u83f1\u68a6\u5e7b|63\/100\n|-status|p2a: \u771f\u6b63\u7684\u6492\u83f1\u68a6\u5e7b|psn\n|-activate|p2a: \u771f\u6b63\u7684\u6492\u83f1\u68a6\u5e7b|ability: Synchronize\n|-immune|p1a: Venusaur\n|\n|-damage|p2a: \u771f\u6b63\u7684\u6492\u83f1\u68a6\u5e7b|50\/100 psn|[from] psn\n|upkeep\n|turn|2\n|inactive|kaiot-adventure509 has 90 seconds left.\n|c|\u2606bu wei chen chen|I'm not very strong\n|inactive|bu wei chen chen has 120 seconds left.\n|\n|t:|1701176228\n|switch|p2a: \u6f14\u5458\u706b\u94a2|Heatran, F|100\/100\n|switch|p1a: Zapdos|Zapdos|100\/100\n|\n|upkeep\n|turn|3\n|inactive|kaiot-adventure509 has 90 seconds left.\n|inactive|bu wei chen chen has 120 seconds left.\n|\n|t:|1701176240\n|move|p1a: Zapdos|Rain Dance|p1a: Zapdos\n|-weather|RainDance\n|move|p2a: \u6f14\u5458\u706b\u94a2|Stealth Rock|p1a: Zapdos\n|-sidestart|p1: kaiot-adventure509|move: Stealth Rock\n|\n|-weather|RainDance|[upkeep]\n|upkeep\n|turn|4\n|inactive|bu wei chen chen has 120 seconds left.\n|\n|t:|1701176267\n|switch|p2a: \u706b\u8863\u673a|Rotom-Wash|100\/100\n|move|p1a: Zapdos|Defog|p2a: \u706b\u8863\u673a\n|-unboost|p2a: \u706b\u8863\u673a|evasion|1\n|-sideend|p1: kaiot-adventure509|Stealth Rock|[from] move: Defog|[of] p1a: Zapdos\n|\n|-weather|RainDance|[upkeep]\n|upkeep\n|turn|5\n|\n|t:|1701176284\n|move|p1a: Zapdos|Volt Switch|p2a: \u706b\u8863\u673a\n|-damage|p2a: \u706b\u8863\u673a|58\/100\n|\n|t:|1701176287\n|switch|p1a: Venusaur|Venusaur-Mega, F|80\/100|[from] Volt Switch\n|move|p2a: \u706b\u8863\u673a|Will-O-Wisp|p1a: Venusaur\n|-status|p1a: Venusaur|brn\n|\n|-weather|RainDance|[upkeep]\n|-heal|p2a: \u706b\u8863\u673a|64\/100|[from] item: Leftovers\n|-damage|p1a: Venusaur|74\/100 brn|[from] brn\n|upkeep\n|turn|6\n|inactive|bu wei chen chen has 120 seconds left.\n|\n|t:|1701176298\n|move|p2a: \u706b\u8863\u673a|Volt Switch|p1a: Venusaur\n|-resisted|p1a: Venusaur\n|-damage|p1a: Venusaur|65\/100 brn\n|\n|t:|1701176310\n|switch|p2a: \u6f14\u5458\u706b\u94a2|Heatran, F|100\/100|[from] Volt Switch\n|move|p1a: Venusaur|Leech Seed|p2a: \u6f14\u5458\u706b\u94a2\n|-start|p2a: \u6f14\u5458\u706b\u94a2|move: Leech Seed\n|\n|-weather|RainDance|[upkeep]\n|-damage|p2a: \u6f14\u5458\u706b\u94a2|88\/100|[from] Leech Seed|[of] p1a: Venusaur\n|-heal|p1a: Venusaur|78\/100 brn|[silent]\n|-damage|p1a: Venusaur|72\/100 brn|[from] brn\n|upkeep\n|turn|7\n|\n|t:|1701176330\n|switch|p1a: Mamoswine|Mamoswine, F|100\/100\n|switch|p2a: \u706b\u8863\u673a|Rotom-Wash|64\/100\n|\n|-weather|none\n|-heal|p2a: \u706b\u8863\u673a|70\/100|[from] item: Leftovers\n|upkeep\n|turn|8\n|\n|t:|1701176344\n|switch|p1a: Venusaur|Venusaur-Mega, F|72\/100 brn\n|move|p2a: \u706b\u8863\u673a|Will-O-Wisp|p1a: Venusaur\n|-fail|p1a: Venusaur|brn\n|\n|-heal|p2a: \u706b\u8863\u673a|76\/100|[from] item: Leftovers\n|-damage|p1a: Venusaur|66\/100 brn|[from] brn\n|upkeep\n|turn|9\n|\n|t:|1701176348\n|move|p2a: \u706b\u8863\u673a|Volt Switch|p1a: Venusaur\n|-resisted|p1a: Venusaur\n|-damage|p1a: Venusaur|57\/100 brn\n|\n|t:|1701176353\n|switch|p2a: \u6f14\u5458\u706b\u94a2|Heatran, F|88\/100|[from] Volt Switch\n|move|p1a: Venusaur|Giga Drain|p2a: \u6f14\u5458\u706b\u94a2\n|-resisted|p2a: \u6f14\u5458\u706b\u94a2\n|-damage|p2a: \u6f14\u5458\u706b\u94a2|83\/100\n|-heal|p1a: Venusaur|60\/100 brn|[from] drain|[of] p2a: \u6f14\u5458\u706b\u94a2\n|\n|-heal|p2a: \u6f14\u5458\u706b\u94a2|89\/100|[from] item: Leftovers\n|-damage|p1a: Venusaur|54\/100 brn|[from] brn\n|upkeep\n|turn|10\n|\n|t:|1701176367\n|switch|p1a: Zapdos|Zapdos|100\/100\n|move|p2a: \u6f14\u5458\u706b\u94a2|Toxic|p1a: Zapdos\n|-status|p1a: Zapdos|tox\n|\n|-heal|p2a: \u6f14\u5458\u706b\u94a2|96\/100|[from] item: Leftovers\n|-damage|p1a: Zapdos|94\/100 tox|[from] psn\n|upkeep\n|turn|11\n|\n|t:|1701176391\n|switch|p2a: \u771f\u6b63\u7684\u6492\u83f1\u68a6\u5e7b|Mew|50\/100 psn\n|move|p1a: Zapdos|Rain Dance|p1a: Zapdos\n|-weather|RainDance\n|\n|-weather|RainDance|[upkeep]\n|-damage|p2a: \u771f\u6b63\u7684\u6492\u83f1\u68a6\u5e7b|38\/100 psn|[from] psn\n|-damage|p1a: Zapdos|82\/100 tox|[from] psn\n|upkeep\n|turn|12\n|\n|t:|1701176397\n|move|p2a: \u771f\u6b63\u7684\u6492\u83f1\u68a6\u5e7b|Ice Beam|p1a: Zapdos\n|-supereffective|p1a: Zapdos\n|-damage|p1a: Zapdos|31\/100 tox\n|move|p1a: Zapdos|Volt Switch|p2a: \u771f\u6b63\u7684\u6492\u83f1\u68a6\u5e7b\n|-damage|p2a: \u771f\u6b63\u7684\u6492\u83f1\u68a6\u5e7b|0 fnt\n|faint|p2a: \u771f\u6b63\u7684\u6492\u83f1\u68a6\u5e7b\n|\n|t:|1701176416\n|switch|p1a: Poliwrath|Poliwrath, F|100\/100|[from] Volt Switch\n|\n|-weather|RainDance|[upkeep]\n|upkeep\n|\n|t:|1701176429\n|switch|p2a: \u98deZ\u66b4\u9ca4\u9f99|Gyarados, F|100\/100\n|-ability|p2a: \u98deZ\u66b4\u9ca4\u9f99|Intimidate|boost\n|-unboost|p1a: Poliwrath|atk|1\n|turn|13\n|\n|t:|1701176432\n|move|p2a: \u98deZ\u66b4\u9ca4\u9f99|Dragon Dance|p2a: \u98deZ\u66b4\u9ca4\u9f99\n|-boost|p2a: \u98deZ\u66b4\u9ca4\u9f99|atk|1\n|-boost|p2a: \u98deZ\u66b4\u9ca4\u9f99|spe|1\n|move|p1a: Poliwrath|Circle Throw|p2a: \u98deZ\u66b4\u9ca4\u9f99\n|-resisted|p2a: \u98deZ\u66b4\u9ca4\u9f99\n|-damage|p2a: \u98deZ\u66b4\u9ca4\u9f99|85\/100\n|-damage|p1a: Poliwrath|91\/100|[from] item: Life Orb\n|drag|p2a: \u706b\u8863\u673a|Rotom-Wash|76\/100\n|\n|-weather|RainDance|[upkeep]\n|-heal|p2a: \u706b\u8863\u673a|83\/100|[from] item: Leftovers\n|upkeep\n|turn|14\n|\n|t:|1701176442\n|switch|p1a: Venusaur|Venusaur-Mega, F|54\/100 brn\n|move|p2a: \u706b\u8863\u673a|Volt Switch|p1a: Venusaur\n|-resisted|p1a: Venusaur\n|-crit|p1a: Venusaur\n|-damage|p1a: Venusaur|42\/100 brn\n|inactive|bu wei chen chen has 120 seconds left.\n|\n|t:|1701176478\n|switch|p2a: \u6f14\u5458\u706b\u94a2|Heatran, F|96\/100|[from] Volt Switch\n|\n|-weather|RainDance|[upkeep]\n|-heal|p2a: \u6f14\u5458\u706b\u94a2|100\/100|[from] item: Leftovers\n|-damage|p1a: Venusaur|36\/100 brn|[from] brn\n|upkeep\n|turn|15\n|inactive|kaiot-adventure509 has 120 seconds left.\n|inactive|kaiot-adventure509 has 90 seconds left.\n|inactive|kaiot-adventure509 has 60 seconds left.\n|\n|t:|1701176570\n|switch|p1a: Poliwrath|Poliwrath, F|91\/100\n|move|p2a: \u6f14\u5458\u706b\u94a2|Stealth Rock|p1a: Poliwrath\n|-sidestart|p1: kaiot-adventure509|move: Stealth Rock\n|\n|-weather|none\n|upkeep\n|turn|16\n|inactive|bu wei chen chen has 90 seconds left.\n|\n|t:|1701176610\n|switch|p2a: \u98deZ\u66b4\u9ca4\u9f99|Gyarados, F|85\/100\n|-ability|p2a: \u98deZ\u66b4\u9ca4\u9f99|Intimidate|boost\n|-unboost|p1a: Poliwrath|atk|1\n|move|p1a: Poliwrath|Knock Off|p2a: \u98deZ\u66b4\u9ca4\u9f99\n|-damage|p2a: \u98deZ\u66b4\u9ca4\u9f99|61\/100\n|-damage|p1a: Poliwrath|81\/100|[from] item: Life Orb\n|\n|upkeep\n|turn|17\n|\n|t:|1701176628\n|move|p2a: \u98deZ\u66b4\u9ca4\u9f99|Earthquake|p1a: Poliwrath\n|-damage|p1a: Poliwrath|43\/100\n|move|p1a: Poliwrath|Circle Throw|p2a: \u98deZ\u66b4\u9ca4\u9f99|[miss]\n|-miss|p1a: Poliwrath|p2a: \u98deZ\u66b4\u9ca4\u9f99\n|\n|upkeep\n|turn|18\n|c|\u2606bu wei chen chen|sorry\n|\n|t:|1701176652\n|move|p2a: \u98deZ\u66b4\u9ca4\u9f99|Waterfall|p1a: Poliwrath\n|-resisted|p1a: Poliwrath\n|-damage|p1a: Poliwrath|20\/100\n|cant|p1a: Poliwrath|flinch\n|\n|upkeep\n|turn|19\n|c|\u2606bu wei chen chen|sorry\n|c|\u2606bu wei chen chen|(\n|inactive|bu wei chen chen has 60 seconds left.\n|inactive|kaiot-adventure509 has 60 seconds left.\n|\n|t:|1701176704\n|move|p2a: \u98deZ\u66b4\u9ca4\u9f99|Earthquake|p1a: Poliwrath\n|-damage|p1a: Poliwrath|0 fnt\n|faint|p1a: Poliwrath\n|\n|upkeep\n|\n|t:|1701176709\n|switch|p1a: Zapdos|Zapdos|31\/100 tox\n|turn|20\n|\n|t:|1701176728\n|detailschange|p2a: \u98deZ\u66b4\u9ca4\u9f99|Gyarados-Mega, F\n|-mega|p2a: \u98deZ\u66b4\u9ca4\u9f99|Gyarados|Gyaradosite\n|-ability|p2a: \u98deZ\u66b4\u9ca4\u9f99|Mold Breaker\n|move|p2a: \u98deZ\u66b4\u9ca4\u9f99|Dragon Dance|p2a: \u98deZ\u66b4\u9ca4\u9f99\n|-boost|p2a: \u98deZ\u66b4\u9ca4\u9f99|atk|1\n|-boost|p2a: \u98deZ\u66b4\u9ca4\u9f99|spe|1\n|move|p1a: Zapdos|Roost|p1a: Zapdos\n|-heal|p1a: Zapdos|81\/100 tox\n|-singleturn|p1a: Zapdos|move: Roost\n|\n|-damage|p1a: Zapdos|75\/100 tox|[from] psn\n|upkeep\n|turn|21\n|inactive|kaiot-adventure509 has 60 seconds left.\n|inactive|bu wei chen chen has 30 seconds left.\n|\n|t:|1701176761\n|move|p2a: \u98deZ\u66b4\u9ca4\u9f99|Waterfall|p1a: Zapdos\n|-damage|p1a: Zapdos|3\/100 tox\n|cant|p1a: Zapdos|flinch\n|\n|-damage|p1a: Zapdos|0 fnt|[from] psn\n|faint|p1a: Zapdos\n|upkeep\n|inactive|bu wei chen chen has 30 seconds left this turn.\n|inactive|kaiot-adventure509 has 60 seconds left.\n|c|\u2606bu wei chen chen|sorry\n|\n|t:|1701176789\n|switch|p1a: Aegislash|Aegislash, M|100\/100\n|-damage|p1a: Aegislash|94\/100|[from] Stealth Rock\n|turn|22\n|c|\u2606bu wei chen chen|I won by no means\n|inactive|bu wei chen chen has 30 seconds left.\n|\n|t:|1701176802\n|move|p1a: Aegislash|King's Shield|p1a: Aegislash\n|-singleturn|p1a: Aegislash|Protect\n|move|p2a: \u98deZ\u66b4\u9ca4\u9f99|Dragon Dance|p2a: \u98deZ\u66b4\u9ca4\u9f99\n|-boost|p2a: \u98deZ\u66b4\u9ca4\u9f99|atk|1\n|-boost|p2a: \u98deZ\u66b4\u9ca4\u9f99|spe|1\n|\n|-heal|p1a: Aegislash|100\/100|[from] item: Leftovers\n|upkeep\n|turn|23\n|\n|t:|1701176809\n|-terastallize|p1a: Aegislash|Fighting\n|move|p2a: \u98deZ\u66b4\u9ca4\u9f99|Crunch|p1a: Aegislash\n|-resisted|p1a: Aegislash\n|-damage|p1a: Aegislash|64\/100\n|-formechange|p1a: Aegislash|Aegislash-Blade||[from] ability: Stance Change\n|move|p1a: Aegislash|Sacred Sword|p2a: \u98deZ\u66b4\u9ca4\u9f99\n|-supereffective|p2a: \u98deZ\u66b4\u9ca4\u9f99\n|-damage|p2a: \u98deZ\u66b4\u9ca4\u9f99|0 fnt\n|faint|p2a: \u98deZ\u66b4\u9ca4\u9f99\n|\n|-heal|p1a: Aegislash|70\/100|[from] item: Leftovers\n|upkeep\n|inactive|bu wei chen chen has 30 seconds left.\n|inactive|bu wei chen chen has 20 seconds left.\n|inactive|bu wei chen chen has 15 seconds left.\n|\n|t:|1701176839\n|switch|p2a: \u53d7\u5411\u7ebd\u62c9|Sneasler, F|100\/100\n|-item|p2a: \u53d7\u5411\u7ebd\u62c9|Air Balloon\n|turn|24\n|inactive|bu wei chen chen has 25 seconds left this turn.\n|inactive|kaiot-adventure509 has 60 seconds left.\n|inactive|bu wei chen chen has 20 seconds left.\n|\n|t:|1701176847\n|move|p1a: Aegislash|Shadow Sneak|p2a: \u53d7\u5411\u7ebd\u62c9\n|-damage|p2a: \u53d7\u5411\u7ebd\u62c9|62\/100\n|-enditem|p2a: \u53d7\u5411\u7ebd\u62c9|Air Balloon\n|move|p2a: \u53d7\u5411\u7ebd\u62c9|Swords Dance|p2a: \u53d7\u5411\u7ebd\u62c9\n|-boost|p2a: \u53d7\u5411\u7ebd\u62c9|atk|2\n|\n|-heal|p1a: Aegislash|76\/100|[from] item: Leftovers\n|upkeep\n|turn|25\n|inactive|bu wei chen chen has 30 seconds left this turn.\n|\n|t:|1701176853\n|move|p1a: Aegislash|Shadow Sneak|p2a: \u53d7\u5411\u7ebd\u62c9\n|-damage|p2a: \u53d7\u5411\u7ebd\u62c9|24\/100\n|move|p2a: \u53d7\u5411\u7ebd\u62c9|Acrobatics|p1a: Aegislash\n|-supereffective|p1a: Aegislash\n|-damage|p1a: Aegislash|0 fnt\n|faint|p1a: Aegislash\n|\n|upkeep\n|inactive|bu wei chen chen has 30 seconds left this turn.\n|\n|t:|1701176856\n|switch|p1a: Mamoswine|Mamoswine, F|100\/100\n|-damage|p1a: Mamoswine|88\/100|[from] Stealth Rock\n|turn|26\n|\n|t:|1701176863\n|-terastallize|p2a: \u53d7\u5411\u7ebd\u62c9|Steel\n|move|p1a: Mamoswine|Ice Shard|p2a: \u53d7\u5411\u7ebd\u62c9\n|-resisted|p2a: \u53d7\u5411\u7ebd\u62c9\n|-damage|p2a: \u53d7\u5411\u7ebd\u62c9|8\/100\n|move|p2a: \u53d7\u5411\u7ebd\u62c9|Close Combat|p1a: Mamoswine\n|-supereffective|p1a: Mamoswine\n|-damage|p1a: Mamoswine|0 fnt\n|-unboost|p2a: \u53d7\u5411\u7ebd\u62c9|def|1\n|-unboost|p2a: \u53d7\u5411\u7ebd\u62c9|spd|1\n|faint|p1a: Mamoswine\n|\n|upkeep\n|-message|kaiot-adventure509 forfeited.\n|\n|win|bu wei chen chen\n|raw|kaiot-adventure509's rating: 1398 &rarr; <strong>1381<\/strong><br \/>(-17 for losing)\n|raw|bu wei chen chen's rating: 1452 &rarr; <strong>1469<\/strong><br \/>(+17 for winning)\n|l|\u2606kaiot-adventure509\n","uploadtime":1701176873,"views":11,"p1id":"kaiotadventure509","p2id":"buweichenchen","formatid":"gen9nationaldex","rating":1381,"private":0,"password":""}