{"id":"gen9nationaldex-1991108062","p1":"fknfkdhd","p2":"Vikusxxx","format":"[Gen 9] National Dex","log":"|j|\u203dfknfkdhd\n|j|\u2606Vikusxxx\n|t:|1700044121\n|gametype|singles\n|player|p1|fknfkdhd|cynthia|1178\n|player|p2|Vikusxxx|red|1067\n|teamsize|p1|6\n|teamsize|p2|6\n|gen|9\n|tier|[Gen 9] National Dex\n|rated|\n|rule|HP Percentage Mod: HP is shown in percentages\n|rule|Endless Battle Clause: Forcing endless battles is banned\n|rule|OHKO Clause: OHKO moves are banned\n|rule|Evasion Clause: Evasion abilities, items, and moves are banned\n|rule|Evasion Abilities Clause: Evasion abilities are banned\n|rule|Evasion Items Clause: Evasion items are banned\n|rule|Evasion Moves Clause: Evasion moves are banned\n|rule|Species Clause: Limit one of each Pok\u00e9mon\n|rule|Sleep Clause Mod: Limit one foe put to sleep\n|clearpoke\n|poke|p1|Spiritomb, M|\n|poke|p1|Roserade, M|\n|poke|p1|Togekiss, F|\n|poke|p1|Lucario, F|\n|poke|p1|Milotic, F|\n|poke|p1|Garchomp, F|\n|poke|p2|Gengar, M|\n|poke|p2|Lucario, M|\n|poke|p2|Blastoise, M|\n|poke|p2|Venusaur, M|\n|poke|p2|Garchomp, M|\n|poke|p2|Charizard, M|\n|teampreview\n|\n|t:|1700044133\n|start\n|switch|p1a: Garchomp|Garchomp, F|100\/100\n|switch|p2a: Koszmar|Gengar, M|100\/100\n|turn|1\n|\n|t:|1700044141\n|-terastallize|p1a: Garchomp|Steel\n|move|p2a: Koszmar|Dazzling Gleam|p1a: Garchomp\n|-resisted|p1a: Garchomp\n|-damage|p1a: Garchomp|85\/100\n|move|p1a: Garchomp|Swords Dance|p1a: Garchomp\n|-boost|p1a: Garchomp|atk|2\n|\n|upkeep\n|turn|2\n|\n|t:|1700044154\n|move|p2a: Koszmar|Shadow Ball|p1a: Garchomp\n|-damage|p1a: Garchomp|37\/100\n|move|p1a: Garchomp|Scale Shot|p2a: Koszmar\n|-damage|p2a: Koszmar|45\/100\n|-damage|p2a: Koszmar|0 fnt\n|faint|p2a: Koszmar\n|-hitcount|p2: Koszmar|2\n|-unboost|p1a: Garchomp|def|1\n|-boost|p1a: Garchomp|spe|1\n|\n|upkeep\n|inactive|Battle timer is ON: inactive players will automatically lose when time's up. (requested by fknfkdhd)\n|\n|t:|1700044175\n|switch|p2a: Smoczymotor|Garchomp, M, shiny|100\/100\n|turn|3\n|\n|t:|1700044180\n|-terastallize|p2a: Smoczymotor|Steel\n|move|p1a: Garchomp|Scale Shot|p2a: Smoczymotor\n|-resisted|p2a: Smoczymotor\n|-damage|p2a: Smoczymotor|87\/100\n|-resisted|p2a: Smoczymotor\n|-damage|p2a: Smoczymotor|74\/100\n|-resisted|p2a: Smoczymotor\n|-damage|p2a: Smoczymotor|62\/100\n|-hitcount|p2a: Smoczymotor|3\n|-unboost|p1a: Garchomp|def|1\n|-boost|p1a: Garchomp|spe|1\n|move|p2a: Smoczymotor|Fire Fang|p1a: Garchomp\n|-supereffective|p1a: Garchomp\n|-damage|p1a: Garchomp|0 fnt\n|-damage|p2a: Smoczymotor|49\/100|[from] ability: Rough Skin|[of] p1a: Garchomp\n|faint|p1a: Garchomp\n|\n|-heal|p2a: Smoczymotor|55\/100|[from] item: Leftovers\n|upkeep\n|\n|t:|1700044194\n|switch|p1a: Roserade|Roserade, M|100\/100\n|turn|4\n|\n|t:|1700044204\n|move|p2a: Smoczymotor|Fire Fang|p1a: Roserade\n|-supereffective|p1a: Roserade\n|-damage|p1a: Roserade|15\/100\n|move|p1a: Roserade|Energy Ball|p2a: Smoczymotor\n|-resisted|p2a: Smoczymotor\n|-damage|p2a: Smoczymotor|25\/100\n|-damage|p1a: Roserade|5\/100|[from] item: Life Orb\n|\n|-heal|p2a: Smoczymotor|32\/100|[from] item: Leftovers\n|upkeep\n|turn|5\n|\n|t:|1700044215\n|switch|p1a: Togekiss|Togekiss, F|100\/100\n|move|p2a: Smoczymotor|Earthquake|p1a: Togekiss\n|-immune|p1a: Togekiss\n|\n|-heal|p2a: Smoczymotor|38\/100|[from] item: Leftovers\n|upkeep\n|turn|6\n|\n|t:|1700044223\n|move|p2a: Smoczymotor|Iron Tail|p1a: Togekiss|[miss]\n|-miss|p2a: Smoczymotor|p1a: Togekiss\n|move|p1a: Togekiss|Thunder Wave|p2a: Smoczymotor\n|-status|p2a: Smoczymotor|par\n|\n|-heal|p2a: Smoczymotor|44\/100 par|[from] item: Leftovers\n|upkeep\n|turn|7\n|\n|t:|1700044232\n|move|p1a: Togekiss|Air Slash|p2a: Smoczymotor\n|-resisted|p2a: Smoczymotor\n|-damage|p2a: Smoczymotor|25\/100 par\n|move|p2a: Smoczymotor|Earthquake|p1a: Togekiss\n|-immune|p1a: Togekiss\n|\n|-heal|p2a: Smoczymotor|31\/100 par|[from] item: Leftovers\n|upkeep\n|turn|8\n|\n|t:|1700044246\n|move|p1a: Togekiss|Air Slash|p2a: Smoczymotor\n|-resisted|p2a: Smoczymotor\n|-damage|p2a: Smoczymotor|11\/100 par\n|cant|p2a: Smoczymotor|flinch\n|\n|-heal|p2a: Smoczymotor|18\/100 par|[from] item: Leftovers\n|upkeep\n|turn|9\n|\n|t:|1700044272\n|move|p1a: Togekiss|Air Slash|p2a: Smoczymotor\n|-resisted|p2a: Smoczymotor\n|-damage|p2a: Smoczymotor|1\/100 par\n|cant|p2a: Smoczymotor|par\n|\n|-heal|p2a: Smoczymotor|7\/100 par|[from] item: Leftovers\n|upkeep\n|turn|10\n|\n|t:|1700044288\n|move|p1a: Togekiss|Air Slash|p2a: Smoczymotor\n|-resisted|p2a: Smoczymotor\n|-damage|p2a: Smoczymotor|0 fnt\n|faint|p2a: Smoczymotor\n|\n|upkeep\n|\n|t:|1700044296\n|switch|p2a: Goku|Lucario, M|100\/100\n|turn|11\n|\n|t:|1700044321\n|move|p2a: Goku|Meteor Mash|p1a: Togekiss\n|-supereffective|p1a: Togekiss\n|-damage|p1a: Togekiss|18\/100\n|move|p1a: Togekiss|Thunder Wave|p2a: Goku\n|-status|p2a: Goku|par\n|\n|upkeep\n|turn|12\n|\n|t:|1700044328\n|switch|p1a: Milotic|Milotic, F|100\/100\n|move|p2a: Goku|Meteor Mash|p1a: Milotic\n|-resisted|p1a: Milotic\n|-damage|p1a: Milotic|81\/100\n|\n|-status|p1a: Milotic|brn|[from] item: Flame Orb\n|upkeep\n|turn|13\n|\n|t:|1700044347\n|move|p1a: Milotic|Scald|p2a: Goku\n|-damage|p2a: Goku|51\/100 par\n|move|p2a: Goku|Close Combat|p1a: Milotic\n|-damage|p1a: Milotic|45\/100 brn\n|-unboost|p2a: Goku|def|1\n|-unboost|p2a: Goku|spd|1\n|\n|-heal|p2a: Goku|57\/100 par|[from] item: Leftovers\n|-damage|p1a: Milotic|39\/100 brn|[from] brn\n|upkeep\n|turn|14\n|\n|t:|1700044359\n|switch|p2a: Bulwa|Venusaur, M|100\/100\n|move|p1a: Milotic|Recover|p1a: Milotic\n|-heal|p1a: Milotic|89\/100 brn\n|\n|-damage|p1a: Milotic|83\/100 brn|[from] brn\n|upkeep\n|turn|15\n|\n|t:|1700044381\n|move|p2a: Bulwa|Giga Drain|p1a: Milotic\n|-supereffective|p1a: Milotic\n|-damage|p1a: Milotic|39\/100 brn\n|move|p1a: Milotic|Mirror Coat|p2a: Bulwa\n|-damage|p2a: Bulwa|0 fnt\n|faint|p2a: Bulwa\n|\n|-damage|p1a: Milotic|32\/100 brn|[from] brn\n|upkeep\n|\n|t:|1700044391\n|switch|p2a: Goku|Lucario, M|57\/100 par\n|turn|16\n|\n|t:|1700044399\n|move|p1a: Milotic|Recover|p1a: Milotic\n|-heal|p1a: Milotic|82\/100 brn\n|move|p2a: Goku|Close Combat|p1a: Milotic\n|-damage|p1a: Milotic|47\/100 brn\n|-unboost|p2a: Goku|def|1\n|-unboost|p2a: Goku|spd|1\n|\n|-heal|p2a: Goku|63\/100 par|[from] item: Leftovers\n|-damage|p1a: Milotic|41\/100 brn|[from] brn\n|upkeep\n|turn|17\n|\n|t:|1700044410\n|move|p1a: Milotic|Scald|p2a: Goku\n|-damage|p2a: Goku|0 fnt\n|faint|p2a: Goku\n|\n|-damage|p1a: Milotic|35\/100 brn|[from] brn\n|upkeep\n|\n|t:|1700044418\n|switch|p2a: Jaszczur|Charizard, M|100\/100\n|turn|18\n|inactive|fknfkdhd has 120 seconds left.\n|\n|t:|1700044459\n|detailschange|p2a: Jaszczur|Charizard-Mega-Y, M\n|-mega|p2a: Jaszczur|Charizard|Charizardite Y\n|-weather|SunnyDay|[from] ability: Drought|[of] p2a: Jaszczur\n|move|p2a: Jaszczur|Solar Beam||[still]\n|-prepare|p2a: Jaszczur|Solar Beam\n|-anim|p2a: Jaszczur|Solar Beam|p1a: Milotic\n|-supereffective|p1a: Milotic\n|-damage|p1a: Milotic|0 fnt\n|faint|p1a: Milotic\n|\n|-weather|SunnyDay|[upkeep]\n|upkeep\n|\n|t:|1700044471\n|switch|p1a: Spiritomb|Spiritomb, M|100\/100\n|-ability|p1a: Spiritomb|Pressure\n|turn|19\n|\n|t:|1700044477\n|move|p1a: Spiritomb|Sucker Punch|p2a: Jaszczur\n|-damage|p2a: Jaszczur|52\/100\n|move|p2a: Jaszczur|Flamethrower|p1a: Spiritomb\n|-damage|p1a: Spiritomb|19\/100\n|-enditem|p1a: Spiritomb|Sitrus Berry|[eat]\n|-heal|p1a: Spiritomb|44\/100|[from] item: Sitrus Berry\n|\n|-weather|SunnyDay|[upkeep]\n|upkeep\n|turn|20\n|inactive|fknfkdhd has 120 seconds left.\n|inactive|fknfkdhd has 90 seconds left.\n|\n|t:|1700044518\n|switch|p2a: Tytan|Blastoise, M|100\/100\n|move|p1a: Spiritomb|Sucker Punch||[still]\n|-fail|p1a: Spiritomb\n|\n|-weather|SunnyDay|[upkeep]\n|upkeep\n|turn|21\n|\n|t:|1700044525\n|move|p2a: Tytan|Scald|p1a: Spiritomb\n|-damage|p1a: Spiritomb|31\/100\n|move|p1a: Spiritomb|Poltergeist|p2a: Tytan\n|-activate|p2a: Tytan|move: Poltergeist|Assault Vest\n|-damage|p2a: Tytan|59\/100\n|\n|-weather|SunnyDay|[upkeep]\n|upkeep\n|turn|22\n|inactive|fknfkdhd has 90 seconds left.\n|\n|t:|1700044554\n|move|p2a: Tytan|Scald|p1a: Spiritomb\n|-damage|p1a: Spiritomb|17\/100\n|move|p1a: Spiritomb|Poltergeist|p2a: Tytan\n|-activate|p2a: Tytan|move: Poltergeist|Assault Vest\n|-damage|p2a: Tytan|17\/100\n|\n|-weather|none\n|upkeep\n|turn|23\n|\n|t:|1700044564\n|move|p1a: Spiritomb|Sucker Punch|p2a: Tytan\n|-damage|p2a: Tytan|0 fnt\n|faint|p2a: Tytan\n|\n|upkeep\n|\n|t:|1700044571\n|switch|p2a: Jaszczur|Charizard-Mega-Y, M|52\/100\n|-weather|SunnyDay|[from] ability: Drought|[of] p2a: Jaszczur\n|turn|24\n|\n|t:|1700044578\n|move|p1a: Spiritomb|Sucker Punch|p2a: Jaszczur\n|-damage|p2a: Jaszczur|5\/100\n|move|p2a: Jaszczur|Flamethrower|p1a: Spiritomb\n|-damage|p1a: Spiritomb|0 fnt\n|faint|p1a: Spiritomb\n|\n|-weather|SunnyDay|[upkeep]\n|upkeep\n|\n|t:|1700044581\n|switch|p1a: Lucario|Lucario, F|100\/100\n|turn|25\n|\n|t:|1700044591\n|move|p1a: Lucario|Extreme Speed|p2a: Jaszczur\n|-damage|p2a: Jaszczur|0 fnt\n|faint|p2a: Jaszczur\n|\n|win|fknfkdhd\n|raw|fknfkdhd's rating: 1197 &rarr; <strong>1213<\/strong><br \/>(+16 for winning)\n|raw|Vikusxxx's rating: 1067 &rarr; <strong>1054<\/strong><br \/>(-13 for losing)\n|l|\u2606Vikusxxx\n","uploadtime":1700044809,"views":4,"p1id":"fknfkdhd","p2id":"vikusxxx","formatid":"gen9nationaldex","rating":1054,"private":0,"password":""}