{"id":"gen9nationaldex-1999949087","p1":"fatlumpofpoop","p2":"Yukishiro Ai","format":"[Gen 9] National Dex","log":"|html|<div class=\"broadcast-blue\"><strong>[Gen 9] National Dex is currently suspecting Sneasler! For information on how to participate check out the <a href=\"https:\/\/www.smogon.com\/forums\/threads\/sv-national-dex-suspect-8-just-dance.3731534\/\">suspect thread<\/a>.<\/strong><\/div>\n|j|\u2606fatlumpofpoop\n|j|\u2606Yukishiro Ai\n|t:|1701133516\n|gametype|singles\n|player|p1|fatlumpofpoop|firebreather|1128\n|player|p2|Yukishiro Ai|lady|1230\n|teamsize|p1|6\n|teamsize|p2|6\n|gen|9\n|tier|[Gen 9] National Dex\n|rated|\n|rule|HP Percentage Mod: HP is shown in percentages\n|rule|Endless Battle Clause: Forcing endless battles is banned\n|rule|OHKO Clause: OHKO moves are banned\n|rule|Evasion Clause: Evasion abilities, items, and moves are banned\n|rule|Evasion Abilities Clause: Evasion abilities are banned\n|rule|Evasion Items Clause: Evasion items are banned\n|rule|Evasion Moves Clause: Evasion moves are banned\n|rule|Species Clause: Limit one of each Pok\u00e9mon\n|rule|Sleep Clause Mod: Limit one foe put to sleep\n|clearpoke\n|poke|p1|Scizor, M|\n|poke|p1|Heatran, M|\n|poke|p1|Kartana|\n|poke|p1|Aegislash, M|\n|poke|p1|Corviknight, M|\n|poke|p1|Goodra-Hisui, M|\n|poke|p2|Chandelure, F|\n|poke|p2|Rillaboom, F|\n|poke|p2|Sneasler, F|\n|poke|p2|Lopunny, F|\n|poke|p2|Alomomola, F|\n|poke|p2|Bisharp, M|\n|teampreview\n|\n|t:|1701133526\n|start\n|switch|p1a: Excalibur|Aegislash, M|100\/100\n|switch|p2a: \u706f\u9171|Chandelure, F, shiny|100\/100\n|turn|1\n|\n|t:|1701133536\n|switch|p2a: Soyo\u9171|Lopunny, F|100\/100\n|-formechange|p1a: Excalibur|Aegislash-Blade||[from] ability: Stance Change\n|move|p1a: Excalibur|Shadow Ball|p2a: Soyo\u9171\n|-immune|p2a: Soyo\u9171\n|\n|upkeep\n|turn|2\n|\n|t:|1701133544\n|detailschange|p2a: Soyo\u9171|Lopunny-Mega, F\n|-mega|p2a: Soyo\u9171|Lopunny|Lopunnite\n|-formechange|p1a: Excalibur|Aegislash||[from] ability: Stance Change\n|move|p1a: Excalibur|King's Shield|p1a: Excalibur\n|-singleturn|p1a: Excalibur|Protect\n|move|p2a: Soyo\u9171|Fake Out|p1a: Excalibur\n|-activate|p1a: Excalibur|move: Protect\n|-unboost|p2a: Soyo\u9171|atk|1\n|\n|upkeep\n|turn|3\n|\n|t:|1701133555\n|move|p2a: Soyo\u9171|U-turn|p1a: Excalibur\n|-resisted|p1a: Excalibur\n|-damage|p1a: Excalibur|97\/100\n|\n|t:|1701133565\n|switch|p2a: Anon\u9171|Alomomola, F|100\/100|[from] U-turn\n|-formechange|p1a: Excalibur|Aegislash-Blade||[from] ability: Stance Change\n|move|p1a: Excalibur|Flash Cannon|p2a: Anon\u9171\n|-resisted|p2a: Anon\u9171\n|-damage|p2a: Anon\u9171|74\/100\n|\n|-heal|p1a: Excalibur|100\/100|[from] item: Leftovers\n|upkeep\n|turn|4\n|\n|t:|1701133575\n|move|p1a: Excalibur|Shadow Ball|p2a: Anon\u9171\n|-damage|p2a: Anon\u9171|13\/100\n|move|p2a: Anon\u9171|Flip Turn|p1a: Excalibur\n|-damage|p1a: Excalibur|72\/100\n|\n|t:|1701133581\n|switch|p2a: Bisharp|Bisharp, M|100\/100|[from] Flip Turn\n|-ability|p2a: Bisharp|Pressure\n|\n|-heal|p1a: Excalibur|79\/100|[from] item: Leftovers\n|upkeep\n|turn|5\n|\n|t:|1701133588\n|-formechange|p1a: Excalibur|Aegislash||[from] ability: Stance Change\n|move|p1a: Excalibur|King's Shield|p1a: Excalibur\n|-singleturn|p1a: Excalibur|Protect\n|move|p2a: Bisharp|Swords Dance|p2a: Bisharp\n|-boost|p2a: Bisharp|atk|2\n|\n|-heal|p1a: Excalibur|85\/100|[from] item: Leftovers\n|upkeep\n|turn|6\n|\n|t:|1701133602\n|-activate|p1a: Excalibur|move: Pursuit\n|move|p2a: Bisharp|Pursuit|p1a: Excalibur|[from]Pursuit\n|-supereffective|p1a: Excalibur\n|-damage|p1a: Excalibur|0 fnt\n|faint|p1a: Excalibur\n|-hint|A Pokemon can't switch between when it runs out of HP and when it faints\n|\n|upkeep\n|inactive|Battle timer is ON: inactive players will automatically lose when time's up. (requested by fatlumpofpoop)\n|\n|t:|1701133618\n|switch|p1a: Toad|Heatran, M|100\/100\n|-item|p1a: Toad|Air Balloon\n|turn|7\n|\n|t:|1701133631\n|switch|p2a: Anon\u9171|Alomomola, F|47\/100\n|move|p1a: Toad|Magma Storm|p2a: Anon\u9171|[miss]\n|-miss|p1a: Toad|p2a: Anon\u9171\n|\n|upkeep\n|turn|8\n|\n|t:|1701133641\n|move|p1a: Toad|Stealth Rock|p2a: Anon\u9171\n|-sidestart|p2: Yukishiro Ai|move: Stealth Rock\n|move|p2a: Anon\u9171|Wish|p2a: Anon\u9171\n|\n|upkeep\n|turn|9\n|\n|t:|1701133648\n|move|p1a: Toad|Magma Storm|p2a: Anon\u9171\n|-resisted|p2a: Anon\u9171\n|-damage|p2a: Anon\u9171|13\/100\n|-activate|p2a: Anon\u9171|move: Magma Storm|[of] p1a: Toad\n|move|p2a: Anon\u9171|Liquidation|p1a: Toad\n|-supereffective|p1a: Toad\n|-damage|p1a: Toad|58\/100\n|-unboost|p1a: Toad|def|1\n|-enditem|p1a: Toad|Air Balloon\n|\n|-heal|p2a: Anon\u9171|63\/100|[from] move: Wish|[wisher] Anon\u9171\n|-damage|p2a: Anon\u9171|51\/100|[from] move: Magma Storm|[partiallytrapped]\n|upkeep\n|turn|10\n|\n|t:|1701133662\n|move|p1a: Toad|Earth Power|p2a: Anon\u9171\n|-damage|p2a: Anon\u9171|12\/100\n|move|p2a: Anon\u9171|Flip Turn|p1a: Toad\n|-supereffective|p1a: Toad\n|-damage|p1a: Toad|16\/100\n|\n|t:|1701133671\n|switch|p2a: Soyo\u9171|Lopunny-Mega, F|100\/100|[from] Flip Turn\n|-damage|p2a: Soyo\u9171|94\/100|[from] Stealth Rock\n|\n|upkeep\n|turn|11\n|\n|t:|1701133677\n|switch|p1a: Xerxes|Corviknight, M|100\/100\n|move|p2a: Soyo\u9171|Fake Out|p1a: Xerxes\n|-resisted|p1a: Xerxes\n|-damage|p1a: Xerxes|94\/100\n|-damage|p2a: Soyo\u9171|78\/100|[from] item: Rocky Helmet|[of] p1a: Xerxes\n|\n|upkeep\n|turn|12\n|\n|t:|1701133687\n|move|p2a: Soyo\u9171|U-turn|p1a: Xerxes\n|-resisted|p1a: Xerxes\n|-damage|p1a: Xerxes|91\/100\n|-damage|p2a: Soyo\u9171|61\/100|[from] item: Rocky Helmet|[of] p1a: Xerxes\n|\n|t:|1701133701\n|switch|p2a: Taki\u9171|Rillaboom, F|100\/100|[from] U-turn\n|-damage|p2a: Taki\u9171|88\/100|[from] Stealth Rock\n|-fieldstart|move: Grassy Terrain|[from] ability: Grassy Surge|[of] p2a: Taki\u9171\n|move|p1a: Xerxes|Brave Bird|p2a: Taki\u9171\n|-supereffective|p2a: Taki\u9171\n|-damage|p2a: Taki\u9171|26\/100\n|-damage|p1a: Xerxes|73\/100|[from] Recoil\n|\n|-heal|p2a: Taki\u9171|32\/100|[from] Grassy Terrain\n|upkeep\n|turn|13\n|\n|t:|1701133715\n|move|p2a: Taki\u9171|U-turn|p1a: Xerxes\n|-resisted|p1a: Xerxes\n|-damage|p1a: Xerxes|70\/100\n|-damage|p2a: Taki\u9171|16\/100|[from] item: Rocky Helmet|[of] p1a: Xerxes\n|\n|t:|1701133720\n|switch|p2a: Anon\u9171|Alomomola, F|45\/100|[from] U-turn\n|-damage|p2a: Anon\u9171|33\/100|[from] Stealth Rock\n|move|p1a: Xerxes|U-turn|p2a: Anon\u9171\n|-damage|p2a: Anon\u9171|25\/100\n|-damage|p1a: Xerxes|53\/100|[from] item: Rocky Helmet|[of] p2a: Anon\u9171\n|inactive|fatlumpofpoop has 120 seconds left.\n|\n|t:|1701133752\n|switch|p1a: Rolex|Scizor, M|100\/100|[from] U-turn\n|\n|-heal|p2a: Anon\u9171|31\/100|[from] Grassy Terrain\n|upkeep\n|turn|14\n|\n|t:|1701133774\n|detailschange|p1a: Rolex|Scizor-Mega, M\n|-mega|p1a: Rolex|Scizor|Scizorite\n|move|p1a: Rolex|U-turn|p2a: Anon\u9171\n|-damage|p2a: Anon\u9171|6\/100\n|-damage|p1a: Rolex|84\/100|[from] item: Rocky Helmet|[of] p2a: Anon\u9171\n|inactive|fatlumpofpoop has 120 seconds left.\n|\n|t:|1701133788\n|switch|p1a: Trifold|Kartana|100\/100|[from] U-turn\n|move|p2a: Anon\u9171|Wish|p2a: Anon\u9171\n|\n|-heal|p2a: Anon\u9171|12\/100|[from] Grassy Terrain\n|upkeep\n|turn|15\n|\n|t:|1701133809\n|switch|p2a: \u706f\u9171|Chandelure, F, shiny|100\/100\n|-damage|p2a: \u706f\u9171|76\/100|[from] Stealth Rock\n|move|p1a: Trifold|Leaf Blade|p2a: \u706f\u9171\n|-resisted|p2a: \u706f\u9171\n|-damage|p2a: \u706f\u9171|20\/100\n|\n|-heal|p2a: \u706f\u9171|100\/100|[from] move: Wish|[wisher] Anon\u9171\n|upkeep\n|turn|16\n|\n|t:|1701133820\n|-terastallize|p1a: Trifold|Grass\n|move|p1a: Trifold|Leaf Blade|p2a: \u706f\u9171\n|-resisted|p2a: \u706f\u9171\n|-crit|p2a: \u706f\u9171\n|-damage|p2a: \u706f\u9171|0 fnt\n|faint|p2a: \u706f\u9171\n|-ability|p1a: Trifold|Beast Boost|boost\n|-boost|p1a: Trifold|atk|1\n|\n|-fieldend|move: Grassy Terrain\n|upkeep\n|inactive|Yukishiro Ai has 120 seconds left.\n|\n|t:|1701133850\n|switch|p2a: Taki\u9171|Rillaboom, F|16\/100\n|-damage|p2a: Taki\u9171|3\/100|[from] Stealth Rock\n|-fieldstart|move: Grassy Terrain|[from] ability: Grassy Surge|[of] p2a: Taki\u9171\n|turn|17\n|\n|t:|1701133856\n|move|p2a: Taki\u9171|Grassy Glide|p1a: Trifold\n|-resisted|p1a: Trifold\n|-damage|p1a: Trifold|80\/100\n|move|p1a: Trifold|Leaf Blade|p2a: Taki\u9171\n|-resisted|p2a: Taki\u9171\n|-damage|p2a: Taki\u9171|0 fnt\n|faint|p2a: Taki\u9171\n|-ability|p1a: Trifold|Beast Boost|boost\n|-boost|p1a: Trifold|atk|1\n|\n|-heal|p1a: Trifold|86\/100|[from] Grassy Terrain\n|upkeep\n|\n|t:|1701133865\n|switch|p2a: Rana\u9171|Sneasler, F|100\/100\n|-damage|p2a: Rana\u9171|95\/100|[from] Stealth Rock\n|-enditem|p2a: Rana\u9171|Grassy Seed\n|-boost|p2a: Rana\u9171|def|1|[from] item: Grassy Seed\n|turn|18\n|inactive|Yukishiro Ai has 120 seconds left.\n|\n|t:|1701133880\n|-terastallize|p2a: Rana\u9171|Flying\n|move|p2a: Rana\u9171|Swords Dance|p2a: Rana\u9171\n|-boost|p2a: Rana\u9171|atk|2\n|move|p1a: Trifold|Leaf Blade|p2a: Rana\u9171\n|-resisted|p2a: Rana\u9171\n|-damage|p2a: Rana\u9171|0 fnt\n|faint|p2a: Rana\u9171\n|-ability|p1a: Trifold|Beast Boost|boost\n|-boost|p1a: Trifold|atk|1\n|\n|-heal|p1a: Trifold|92\/100|[from] Grassy Terrain\n|upkeep\n|-message|Yukishiro Ai forfeited.\n|\n|win|fatlumpofpoop\n|raw|fatlumpofpoop's rating: 1128 &rarr; <strong>1160<\/strong><br \/>(+32 for winning)\n|raw|Yukishiro Ai's rating: 1230 &rarr; <strong>1198<\/strong><br \/>(-32 for losing)\n","uploadtime":1701133899,"views":5,"p1id":"fatlumpofpoop","p2id":"yukishiroai","formatid":"gen9nationaldex","rating":1160,"private":0,"password":""}