{"id":"gen9nationaldex-1999690507","p1":"LoganCheckThisOut","p2":"Alex001221","format":"[Gen 9] National Dex","log":"|html|<div class=\"broadcast-blue\"><strong>[Gen 9] National Dex is currently suspecting Sneasler! For information on how to participate check out the <a href=\"https:\/\/www.smogon.com\/forums\/threads\/sv-national-dex-suspect-8-just-dance.3731534\/\">suspect thread<\/a>.<\/strong><\/div>\n|j|\u2606LoganCheckThisOut\n|j|\u2606Alex001221\n|t:|1701108139\n|gametype|singles\n|player|p1|LoganCheckThisOut|265|1100\n|player|p2|Alex001221|169|1162\n|teamsize|p1|6\n|teamsize|p2|6\n|gen|9\n|tier|[Gen 9] National Dex\n|rated|\n|rule|HP Percentage Mod: HP is shown in percentages\n|rule|Endless Battle Clause: Forcing endless battles is banned\n|rule|OHKO Clause: OHKO moves are banned\n|rule|Evasion Clause: Evasion abilities, items, and moves are banned\n|rule|Evasion Abilities Clause: Evasion abilities are banned\n|rule|Evasion Items Clause: Evasion items are banned\n|rule|Evasion Moves Clause: Evasion moves are banned\n|rule|Species Clause: Limit one of each Pok\u00e9mon\n|rule|Sleep Clause Mod: Limit one foe put to sleep\n|clearpoke\n|poke|p1|Keldeo-Resolute|\n|poke|p1|Blacephalon|\n|poke|p1|Tyranitar, M|\n|poke|p1|Zapdos|\n|poke|p1|Clodsire, F|\n|poke|p1|Ogerpon-Wellspring, F|\n|poke|p2|Ferrothorn, F|\n|poke|p2|Zapdos|\n|poke|p2|Garganacl, M|\n|poke|p2|Aerodactyl, F|\n|poke|p2|Alomomola, F|\n|poke|p2|Sneasler, M|\n|teampreview\n|inactive|Battle timer is ON: inactive players will automatically lose when time's up. (requested by LoganCheckThisOut)\n|\n|t:|1701108160\n|start\n|switch|p1a: Blacephalon|Blacephalon|100\/100\n|switch|p2a: Sneasler|Sneasler, M|100\/100\n|turn|1\n|inactive|Alex001221 has 120 seconds left.\n|\n|t:|1701108197\n|move|p1a: Blacephalon|Shadow Ball|p2a: Sneasler\n|-damage|p2a: Sneasler|40\/100\n|move|p2a: Sneasler|Dire Claw|p1a: Blacephalon\n|-resisted|p1a: Blacephalon\n|-damage|p1a: Blacephalon|52\/100\n|-status|p1a: Blacephalon|psn|[from] ability: Poison Touch|[of] p2a: Sneasler\n|\n|-damage|p1a: Blacephalon|40\/100 psn|[from] psn\n|upkeep\n|turn|2\n|inactive|Alex001221 has 120 seconds left.\n|\n|t:|1701108206\n|switch|p2a: Garganacl|Garganacl, M|100\/100\n|move|p1a: Blacephalon|Shadow Ball|p2a: Garganacl\n|-damage|p2a: Garganacl|80\/100\n|\n|-damage|p1a: Blacephalon|28\/100 psn|[from] psn\n|upkeep\n|turn|3\n|\n|t:|1701108225\n|switch|p1a: Tyranitar|Tyranitar, M|100\/100\n|-weather|Sandstorm|[from] ability: Sand Stream|[of] p1a: Tyranitar\n|move|p2a: Garganacl|Stealth Rock|p1a: Tyranitar\n|-sidestart|p1: LoganCheckThisOut|move: Stealth Rock\n|\n|-weather|Sandstorm|[upkeep]\n|upkeep\n|turn|4\n|\n|t:|1701108234\n|detailschange|p1a: Tyranitar|Tyranitar-Mega, M\n|-mega|p1a: Tyranitar|Tyranitar|Tyranitarite\n|move|p1a: Tyranitar|Earthquake|p2a: Garganacl\n|-supereffective|p2a: Garganacl\n|-damage|p2a: Garganacl|30\/100\n|-enditem|p2a: Garganacl|Sitrus Berry|[eat]\n|-heal|p2a: Garganacl|55\/100|[from] item: Sitrus Berry\n|move|p2a: Garganacl|Salt Cure|p1a: Tyranitar\n|-damage|p1a: Tyranitar|92\/100\n|-start|p1a: Tyranitar|Salt Cure\n|\n|-weather|Sandstorm|[upkeep]\n|-damage|p1a: Tyranitar|80\/100|[from] Salt Cure\n|upkeep\n|turn|5\n|\n|t:|1701108246\n|switch|p2a: Zapdos|Zapdos|100\/100\n|move|p1a: Tyranitar|Dragon Dance|p1a: Tyranitar\n|-boost|p1a: Tyranitar|atk|1\n|-boost|p1a: Tyranitar|spe|1\n|\n|-weather|Sandstorm|[upkeep]\n|-damage|p2a: Zapdos|94\/100|[from] Sandstorm\n|-damage|p1a: Tyranitar|67\/100|[from] Salt Cure\n|upkeep\n|turn|6\n|\n|t:|1701108264\n|switch|p2a: Alomomola|Alomomola, F|100\/100\n|move|p1a: Tyranitar|Dragon Dance|p1a: Tyranitar\n|-boost|p1a: Tyranitar|atk|1\n|-boost|p1a: Tyranitar|spe|1\n|\n|-weather|Sandstorm|[upkeep]\n|-damage|p2a: Alomomola|94\/100|[from] Sandstorm\n|-damage|p1a: Tyranitar|55\/100|[from] Salt Cure\n|upkeep\n|turn|7\n|\n|t:|1701108278\n|move|p1a: Tyranitar|Stone Edge|p2a: Alomomola\n|-damage|p2a: Alomomola|9\/100\n|-enditem|p2a: Alomomola|Red Card|[of] p1a: Tyranitar\n|drag|p1a: Ogerpon|Ogerpon-Wellspring, F|100\/100\n|-damage|p1a: Ogerpon|88\/100|[from] Stealth Rock\n|move|p2a: Alomomola|Scald|p1a: Ogerpon\n|-heal|p1a: Ogerpon|100\/100|[from] ability: Water Absorb|[of] p2a: Alomomola\n|\n|-weather|none\n|upkeep\n|turn|8\n|inactive|Alex001221 has 120 seconds left.\n|\n|t:|1701108308\n|switch|p1a: Keldeo|Keldeo-Resolute|100\/100\n|-damage|p1a: Keldeo|94\/100|[from] Stealth Rock\n|switch|p2a: Zapdos|Zapdos|94\/100\n|\n|-heal|p1a: Keldeo|100\/100|[from] item: Leftovers\n|upkeep\n|turn|9\n|\n|t:|1701108315\n|move|p1a: Keldeo|Substitute|p1a: Keldeo\n|-start|p1a: Keldeo|Substitute\n|-damage|p1a: Keldeo|76\/100\n|move|p2a: Zapdos|Thunder Wave||[still]\n|-fail|p2a: Zapdos\n|\n|-heal|p1a: Keldeo|82\/100|[from] item: Leftovers\n|upkeep\n|turn|10\n|\n|t:|1701108327\n|move|p1a: Keldeo|Calm Mind|p1a: Keldeo\n|-boost|p1a: Keldeo|spa|1\n|-boost|p1a: Keldeo|spd|1\n|move|p2a: Zapdos|Hurricane|p1a: Keldeo\n|-supereffective|p1a: Keldeo\n|-end|p1a: Keldeo|Substitute\n|\n|-heal|p1a: Keldeo|88\/100|[from] item: Leftovers\n|upkeep\n|turn|11\n|\n|t:|1701108338\n|move|p1a: Keldeo|Calm Mind|p1a: Keldeo\n|-boost|p1a: Keldeo|spa|1\n|-boost|p1a: Keldeo|spd|1\n|move|p2a: Zapdos|Volt Switch|p1a: Keldeo\n|-supereffective|p1a: Keldeo\n|-damage|p1a: Keldeo|57\/100\n|\n|t:|1701108347\n|switch|p2a: Aerodactyl|Aerodactyl, F|100\/100|[from] Volt Switch\n|\n|-heal|p1a: Keldeo|63\/100|[from] item: Leftovers\n|upkeep\n|turn|12\n|\n|t:|1701108354\n|detailschange|p2a: Aerodactyl|Aerodactyl-Mega, F\n|-mega|p2a: Aerodactyl|Aerodactyl|Aerodactylite\n|move|p2a: Aerodactyl|Dual Wingbeat|p1a: Keldeo|[miss]\n|-miss|p2a: Aerodactyl|p1a: Keldeo\n|move|p1a: Keldeo|Scald|p2a: Aerodactyl\n|-supereffective|p2a: Aerodactyl\n|-damage|p2a: Aerodactyl|0 fnt\n|faint|p2a: Aerodactyl\n|\n|-heal|p1a: Keldeo|69\/100|[from] item: Leftovers\n|upkeep\n|c|\u2606LoganCheckThisOut|sorry\n|\n|t:|1701108372\n|switch|p2a: Sneasler|Sneasler, M|40\/100\n|turn|13\n|\n|t:|1701108380\n|move|p2a: Sneasler|Fake Out|p1a: Keldeo\n|-damage|p1a: Keldeo|52\/100\n|cant|p1a: Keldeo|flinch\n|\n|-heal|p1a: Keldeo|58\/100|[from] item: Leftovers\n|upkeep\n|turn|14\n|inactive|Alex001221 has 120 seconds left.\n|inactive|Alex001221 has 90 seconds left.\n|\n|t:|1701108430\n|move|p2a: Sneasler|Close Combat|p1a: Keldeo\n|-damage|p1a: Keldeo|0 fnt\n|-unboost|p2a: Sneasler|def|1\n|-unboost|p2a: Sneasler|spd|1\n|faint|p1a: Keldeo\n|\n|upkeep\n|\n|t:|1701108435\n|switch|p1a: Zapdos|Zapdos|100\/100\n|turn|15\n|inactive|Alex001221 has 90 seconds left.\n|\n|t:|1701108443\n|switch|p2a: Ferrothorn|Ferrothorn, F|100\/100\n|move|p1a: Zapdos|Volt Switch|p2a: Ferrothorn\n|-resisted|p2a: Ferrothorn\n|-damage|p2a: Ferrothorn|88\/100\n|\n|t:|1701108456\n|switch|p1a: Tyranitar|Tyranitar-Mega, M|55\/100|[from] Volt Switch\n|-damage|p1a: Tyranitar|42\/100|[from] Stealth Rock\n|-weather|Sandstorm|[from] ability: Sand Stream|[of] p1a: Tyranitar\n|\n|-weather|Sandstorm|[upkeep]\n|-heal|p2a: Ferrothorn|94\/100|[from] item: Leftovers\n|upkeep\n|turn|16\n|\n|t:|1701108464\n|switch|p2a: Alomomola|Alomomola, F|43\/100\n|move|p1a: Tyranitar|Knock Off|p2a: Alomomola\n|-damage|p2a: Alomomola|15\/100\n|\n|-weather|Sandstorm|[upkeep]\n|-damage|p2a: Alomomola|9\/100|[from] Sandstorm\n|upkeep\n|turn|17\n|\n|t:|1701108480\n|switch|p2a: Ferrothorn|Ferrothorn, F|94\/100\n|move|p1a: Tyranitar|Earthquake|p2a: Ferrothorn\n|-damage|p2a: Ferrothorn|62\/100\n|\n|-weather|Sandstorm|[upkeep]\n|-heal|p2a: Ferrothorn|69\/100|[from] item: Leftovers\n|upkeep\n|turn|18\n|\n|t:|1701108488\n|move|p1a: Tyranitar|Knock Off|p2a: Ferrothorn\n|-damage|p2a: Ferrothorn|22\/100\n|-damage|p1a: Tyranitar|30\/100|[from] ability: Iron Barbs|[of] p2a: Ferrothorn\n|-enditem|p2a: Ferrothorn|Leftovers|[from] move: Knock Off|[of] p1a: Tyranitar\n|move|p2a: Ferrothorn|Thunder Wave|p1a: Tyranitar\n|-status|p1a: Tyranitar|par\n|\n|-weather|Sandstorm|[upkeep]\n|upkeep\n|turn|19\n|\n|t:|1701108501\n|switch|p2a: Alomomola|Alomomola, F|43\/100\n|move|p1a: Tyranitar|Stone Edge|p2a: Alomomola\n|-damage|p2a: Alomomola|4\/100\n|\n|-weather|none\n|upkeep\n|turn|20\n|\n|t:|1701108525\n|move|p2a: Alomomola|Scald|p1a: Tyranitar\n|-supereffective|p1a: Tyranitar\n|-damage|p1a: Tyranitar|10\/100 par\n|move|p1a: Tyranitar|Stone Edge|p2a: Alomomola\n|-damage|p2a: Alomomola|0 fnt\n|faint|p2a: Alomomola\n|\n|upkeep\n|inactive|Alex001221 has 90 seconds left.\n|\n|t:|1701108538\n|switch|p2a: Zapdos|Zapdos|94\/100\n|turn|21\n|\n|t:|1701108542\n|move|p2a: Zapdos|Volt Switch|p1a: Tyranitar\n|-damage|p1a: Tyranitar|0 fnt\n|faint|p1a: Tyranitar\n|\n|t:|1701108553\n|switch|p2a: Garganacl|Garganacl, M|55\/100|[from] Volt Switch\n|\n|upkeep\n|\n|t:|1701108557\n|switch|p1a: Ogerpon|Ogerpon-Wellspring, F|100\/100\n|-damage|p1a: Ogerpon|88\/100|[from] Stealth Rock\n|turn|22\n|\n|t:|1701108572\n|-terastallize|p2a: Garganacl|Flying\n|move|p1a: Ogerpon|Swords Dance|p1a: Ogerpon\n|-boost|p1a: Ogerpon|atk|2\n|move|p2a: Garganacl|Recover|p2a: Garganacl\n|-heal|p2a: Garganacl|100\/100\n|\n|upkeep\n|turn|23\n|\n|t:|1701108579\n|move|p1a: Ogerpon|Ivy Cudgel|p2a: Garganacl|[anim] Ivy Cudgel Water\n|-damage|p2a: Garganacl|45\/100\n|move|p2a: Garganacl|Salt Cure|p1a: Ogerpon\n|-damage|p1a: Ogerpon|70\/100\n|-start|p1a: Ogerpon|Salt Cure\n|\n|-damage|p1a: Ogerpon|45\/100|[from] Salt Cure\n|upkeep\n|turn|24\n|\n|t:|1701108588\n|switch|p2a: Zapdos|Zapdos|94\/100\n|move|p1a: Ogerpon|Swords Dance|p1a: Ogerpon\n|-boost|p1a: Ogerpon|atk|2\n|\n|-damage|p1a: Ogerpon|20\/100|[from] Salt Cure\n|upkeep\n|turn|25\n|\n|t:|1701108609\n|switch|p2a: Ferrothorn|Ferrothorn, F|22\/100\n|move|p1a: Ogerpon|Ivy Cudgel|p2a: Ferrothorn|[anim] Ivy Cudgel Water\n|-resisted|p2a: Ferrothorn\n|-damage|p2a: Ferrothorn|0 fnt\n|faint|p2a: Ferrothorn\n|\n|-damage|p1a: Ogerpon|0 fnt|[from] Salt Cure\n|faint|p1a: Ogerpon\n|upkeep\n|\n|t:|1701108622\n|switch|p1a: Zapdos|Zapdos|100\/100\n|switch|p2a: Zapdos|Zapdos|94\/100\n|turn|26\n|\n|t:|1701108629\n|move|p2a: Zapdos|Volt Switch|p1a: Zapdos\n|-damage|p1a: Zapdos|73\/100\n|\n|t:|1701108644\n|switch|p2a: Garganacl|Garganacl, M, tera:Flying|45\/100|[from] Volt Switch\n|move|p1a: Zapdos|Defog|p2a: Garganacl\n|-unboost|p2a: Garganacl|evasion|1\n|-sideend|p1: LoganCheckThisOut|Stealth Rock|[from] move: Defog|[of] p1a: Zapdos\n|\n|upkeep\n|turn|27\n|\n|t:|1701108653\n|move|p1a: Zapdos|Volt Switch|p2a: Garganacl\n|-supereffective|p2a: Garganacl\n|-damage|p2a: Garganacl|0 fnt\n|faint|p2a: Garganacl\n|\n|t:|1701108656\n|switch|p1a: Clodsire|Clodsire, F|100\/100|[from] Volt Switch\n|\n|upkeep\n|\n|t:|1701108664\n|switch|p2a: Zapdos|Zapdos|94\/100\n|turn|28\n|\n|t:|1701108668\n|-zpower|p2a: Zapdos\n|move|p2a: Zapdos|Supersonic Skystrike|p1a: Clodsire|[zeffect]\n|-damage|p1a: Clodsire|60\/100\n|move|p1a: Clodsire|Toxic|p2a: Zapdos\n|-status|p2a: Zapdos|tox\n|\n|-damage|p2a: Zapdos|88\/100 tox|[from] psn\n|upkeep\n|turn|29\n|inactive|Alex001221 has 120 seconds left.\n|\n|t:|1701108679\n|move|p2a: Zapdos|Hurricane|p1a: Clodsire\n|-damage|p1a: Clodsire|36\/100\n|move|p1a: Clodsire|Recover|p1a: Clodsire\n|-heal|p1a: Clodsire|86\/100\n|\n|-damage|p2a: Zapdos|76\/100 tox|[from] psn\n|upkeep\n|turn|30\n|\n|t:|1701108686\n|move|p2a: Zapdos|Hurricane|p1a: Clodsire\n|-damage|p1a: Clodsire|61\/100\n|-start|p1a: Clodsire|confusion\n|-activate|p1a: Clodsire|confusion\n|move|p1a: Clodsire|Spikes|p2a: Zapdos\n|-sidestart|p2: Alex001221|Spikes\n|\n|-damage|p2a: Zapdos|57\/100 tox|[from] psn\n|upkeep\n|turn|31\n|\n|t:|1701108695\n|move|p2a: Zapdos|Hurricane|p1a: Clodsire\n|-damage|p1a: Clodsire|37\/100\n|-activate|p1a: Clodsire|confusion\n|move|p1a: Clodsire|Recover|p1a: Clodsire\n|-heal|p1a: Clodsire|87\/100\n|\n|-damage|p2a: Zapdos|32\/100 tox|[from] psn\n|upkeep\n|turn|32\n|\n|t:|1701108702\n|move|p2a: Zapdos|Hurricane|p1a: Clodsire\n|-damage|p1a: Clodsire|64\/100\n|-activate|p1a: Clodsire|confusion\n|move|p1a: Clodsire|Spikes|p2a: Zapdos\n|-sidestart|p2: Alex001221|Spikes\n|\n|-damage|p2a: Zapdos|1\/100 tox|[from] psn\n|upkeep\n|turn|33\n|\n|t:|1701108709\n|move|p2a: Zapdos|Hurricane|p1a: Clodsire\n|-damage|p1a: Clodsire|39\/100\n|-end|p1a: Clodsire|confusion\n|move|p1a: Clodsire|Spikes|p2a: Zapdos\n|-sidestart|p2: Alex001221|Spikes\n|\n|-damage|p2a: Zapdos|0 fnt|[from] psn\n|faint|p2a: Zapdos\n|upkeep\n|\n|t:|1701108716\n|switch|p2a: Sneasler|Sneasler, M|40\/100\n|-damage|p2a: Sneasler|15\/100|[from] Spikes\n|turn|34\n|\n|t:|1701108721\n|switch|p1a: Zapdos|Zapdos|73\/100\n|move|p2a: Sneasler|Fake Out|p1a: Zapdos\n|-damage|p1a: Zapdos|61\/100\n|-status|p2a: Sneasler|par|[from] ability: Static|[of] p1a: Zapdos\n|\n|upkeep\n|turn|35\n|c|\u2606LoganCheckThisOut|gg\n|\n|t:|1701108729\n|move|p1a: Zapdos|Volt Switch|p2a: Sneasler\n|-damage|p2a: Sneasler|0 fnt\n|faint|p2a: Sneasler\n|\n|win|LoganCheckThisOut\n|raw|LoganCheckThisOut's rating: 1100 &rarr; <strong>1129<\/strong><br \/>(+29 for winning)\n|raw|Alex001221's rating: 1162 &rarr; <strong>1133<\/strong><br \/>(-29 for losing)\n|l|\u2606Alex001221\n","uploadtime":1701108735,"views":3,"p1id":"logancheckthisout","p2id":"alex001221","formatid":"gen9nationaldex","rating":1129,"private":0,"password":""}