{"id":"gen9nationaldex-1988286683","p1":"CheezeyMemes","p2":"qewt","format":"[Gen 9] National Dex","log":"|j|\u2606CheezeyMemes\n|j|\u2606qewt\n|t:|1699701953\n|gametype|singles\n|player|p1|CheezeyMemes|fantina|1479\n|player|p2|qewt|cynthia-masters|1556\n|teamsize|p1|6\n|teamsize|p2|6\n|gen|9\n|tier|[Gen 9] National Dex\n|rated|\n|rule|HP Percentage Mod: HP is shown in percentages\n|rule|Endless Battle Clause: Forcing endless battles is banned\n|rule|OHKO Clause: OHKO moves are banned\n|rule|Evasion Clause: Evasion abilities, items, and moves are banned\n|rule|Evasion Abilities Clause: Evasion abilities are banned\n|rule|Evasion Items Clause: Evasion items are banned\n|rule|Evasion Moves Clause: Evasion moves are banned\n|rule|Species Clause: Limit one of each Pok\u00e9mon\n|rule|Sleep Clause Mod: Limit one foe put to sleep\n|clearpoke\n|poke|p1|Dondozo, M|\n|poke|p1|Clodsire, F|\n|poke|p1|Hatterene, F|\n|poke|p1|Corviknight, M|\n|poke|p1|Blissey, F|\n|poke|p1|Pyukumuku, M|\n|poke|p2|Latias, F|\n|poke|p2|Urshifu-*, M|\n|poke|p2|Landorus-Therian, M|\n|poke|p2|Ferrothorn, F|\n|poke|p2|Weezing-Galar, M|\n|poke|p2|Aegislash, F|\n|teampreview\n|inactive|Battle timer is ON: inactive players will automatically lose when time's up. (requested by CheezeyMemes)\n|\n|t:|1699701965\n|start\n|switch|p1a: Corviknight|Corviknight, M|100\/100\n|switch|p2a: Aegislash|Aegislash, F|100\/100\n|-item|p2a: Aegislash|Air Balloon\n|turn|1\n|\n|t:|1699701971\n|switch|p1a: Dondozo|Dondozo, M|100\/100\n|move|p2a: Aegislash|King's Shield||[still]\n|-fail|p2a: Aegislash\n|\n|upkeep\n|turn|2\n|\n|t:|1699701974\n|-formechange|p2a: Aegislash|Aegislash-Blade||[from] ability: Stance Change\n|move|p2a: Aegislash|Shadow Ball|p1a: Dondozo\n|-damage|p1a: Dondozo|65\/100\n|move|p1a: Dondozo|Curse|p1a: Dondozo\n|-unboost|p1a: Dondozo|spe|1\n|-boost|p1a: Dondozo|atk|1\n|-boost|p1a: Dondozo|def|1\n|\n|upkeep\n|turn|3\n|\n|t:|1699701981\n|switch|p2a: Ferrothorn|Ferrothorn, F|100\/100\n|move|p1a: Dondozo|Liquidation|p2a: Ferrothorn\n|-resisted|p2a: Ferrothorn\n|-damage|p2a: Ferrothorn|85\/100\n|-damage|p1a: Dondozo|52\/100|[from] ability: Iron Barbs|[of] p2a: Ferrothorn\n|\n|-heal|p2a: Ferrothorn|91\/100|[from] item: Leftovers\n|upkeep\n|turn|4\n|\n|t:|1699701985\n|switch|p1a: Hatterene|Hatterene, F|100\/100\n|move|p2a: Ferrothorn|Leech Seed|p1a: Hatterene\n|move|p1a: Hatterene|Leech Seed|p2a: Ferrothorn|[from]ability: Magic Bounce\n|-immune|p2a: Ferrothorn\n|\n|-heal|p2a: Ferrothorn|98\/100|[from] item: Leftovers\n|upkeep\n|turn|5\n|\n|t:|1699701987\n|switch|p2a: Weezing|Weezing-Galar, M|100\/100\n|-ability|p2a: Weezing|Neutralizing Gas\n|move|p1a: Hatterene|Calm Mind|p1a: Hatterene\n|-boost|p1a: Hatterene|spa|1\n|-boost|p1a: Hatterene|spd|1\n|\n|upkeep\n|turn|6\n|\n|t:|1699701991\n|-terastallize|p1a: Hatterene|Poison\n|move|p2a: Weezing|Will-O-Wisp|p1a: Hatterene|[miss]\n|-miss|p2a: Weezing|p1a: Hatterene\n|move|p1a: Hatterene|Psyshock|p2a: Weezing\n|-supereffective|p2a: Weezing\n|-damage|p2a: Weezing|30\/100\n|\n|upkeep\n|turn|7\n|\n|t:|1699702001\n|move|p2a: Weezing|Pain Split|p1a: Hatterene\n|-sethp|p1a: Hatterene|66\/100|[from] move: Pain Split|[silent]\n|-sethp|p2a: Weezing|63\/100|[from] move: Pain Split\n|move|p1a: Hatterene|Draining Kiss|p2a: Weezing\n|-resisted|p2a: Weezing\n|-damage|p2a: Weezing|40\/100\n|-heal|p1a: Hatterene|84\/100|[from] drain|[of] p2a: Weezing\n|-damage|p1a: Hatterene|67\/100|[from] item: Rocky Helmet|[of] p2a: Weezing\n|\n|-heal|p1a: Hatterene|73\/100|[from] item: Leftovers\n|upkeep\n|turn|8\n|\n|t:|1699702018\n|-end|p2a: Weezing|ability: Neutralizing Gas\n|switch|p2a: Ferrothorn|Ferrothorn, F|98\/100\n|move|p1a: Hatterene|Psyshock|p2a: Ferrothorn\n|-resisted|p2a: Ferrothorn\n|-damage|p2a: Ferrothorn|79\/100\n|\n|-heal|p1a: Hatterene|79\/100|[from] item: Leftovers\n|-heal|p2a: Ferrothorn|86\/100|[from] item: Leftovers\n|upkeep\n|turn|9\n|\n|t:|1699702024\n|switch|p2a: Landorus|Landorus-Therian, M|100\/100\n|-ability|p2a: Landorus|Intimidate|boost\n|-unboost|p1a: Hatterene|atk|1\n|move|p1a: Hatterene|Mystical Fire|p2a: Landorus\n|-damage|p2a: Landorus|55\/100\n|-unboost|p2a: Landorus|spa|1\n|\n|-heal|p1a: Hatterene|85\/100|[from] item: Leftovers\n|upkeep\n|turn|10\n|\n|t:|1699702029\n|switch|p1a: Corviknight|Corviknight, M|100\/100\n|move|p2a: Landorus|Earthquake|p1a: Corviknight\n|-immune|p1a: Corviknight\n|\n|upkeep\n|turn|11\n|\n|t:|1699702035\n|switch|p2a: Ferrothorn|Ferrothorn, F|86\/100\n|move|p1a: Corviknight|Iron Defense|p1a: Corviknight\n|-boost|p1a: Corviknight|def|2\n|\n|-heal|p2a: Ferrothorn|92\/100|[from] item: Leftovers\n|upkeep\n|turn|12\n|\n|t:|1699702039\n|move|p1a: Corviknight|Body Press|p2a: Ferrothorn\n|-supereffective|p2a: Ferrothorn\n|-damage|p2a: Ferrothorn|30\/100\n|-damage|p1a: Corviknight|88\/100|[from] ability: Iron Barbs|[of] p2a: Ferrothorn\n|move|p2a: Ferrothorn|Leech Seed|p1a: Corviknight|[miss]\n|-miss|p2a: Ferrothorn|p1a: Corviknight\n|\n|-heal|p2a: Ferrothorn|36\/100|[from] item: Leftovers\n|upkeep\n|turn|13\n|c|\u2606qewt|can i stop missing\n|c|\u2606qewt|omfg\n|\n|t:|1699702047\n|switch|p2a: Weezing|Weezing-Galar, M|40\/100\n|-ability|p2a: Weezing|Neutralizing Gas\n|move|p1a: Corviknight|Body Press|p2a: Weezing\n|-resisted|p2a: Weezing\n|-damage|p2a: Weezing|32\/100\n|-damage|p1a: Corviknight|72\/100|[from] item: Rocky Helmet|[of] p2a: Weezing\n|\n|upkeep\n|turn|14\n|\n|t:|1699702052\n|switch|p1a: Hatterene|Hatterene, F, tera:Poison|85\/100\n|move|p2a: Weezing|Pain Split|p1a: Hatterene\n|-sethp|p1a: Hatterene|59\/100|[from] move: Pain Split|[silent]\n|-sethp|p2a: Weezing|56\/100|[from] move: Pain Split\n|\n|-heal|p1a: Hatterene|65\/100|[from] item: Leftovers\n|upkeep\n|turn|15\n|\n|t:|1699702057\n|-end|p2a: Weezing|ability: Neutralizing Gas\n|switch|p2a: Landorus|Landorus-Therian, M|55\/100\n|-ability|p2a: Landorus|Intimidate|boost\n|-unboost|p1a: Hatterene|atk|1\n|move|p1a: Hatterene|Mystical Fire|p2a: Landorus\n|-damage|p2a: Landorus|28\/100\n|-unboost|p2a: Landorus|spa|1\n|\n|-heal|p1a: Hatterene|71\/100|[from] item: Leftovers\n|upkeep\n|turn|16\n|\n|t:|1699702062\n|switch|p1a: Corviknight|Corviknight, M|72\/100\n|move|p2a: Landorus|U-turn|p1a: Corviknight\n|-resisted|p1a: Corviknight\n|-damage|p1a: Corviknight|67\/100\n|-damage|p2a: Landorus|11\/100|[from] item: Rocky Helmet|[of] p1a: Corviknight\n|\n|t:|1699702073\n|switch|p2a: Ferrothorn|Ferrothorn, F|36\/100|[from] U-turn\n|\n|-heal|p2a: Ferrothorn|43\/100|[from] item: Leftovers\n|upkeep\n|turn|17\n|\n|t:|1699702076\n|switch|p1a: Hatterene|Hatterene, F, tera:Poison|71\/100\n|move|p2a: Ferrothorn|Knock Off|p1a: Hatterene\n|-damage|p1a: Hatterene|55\/100\n|-enditem|p1a: Hatterene|Leftovers|[from] move: Knock Off|[of] p2a: Ferrothorn\n|\n|-heal|p2a: Ferrothorn|49\/100|[from] item: Leftovers\n|upkeep\n|turn|18\n|\n|t:|1699702082\n|switch|p2a: Latias|Latias, F|100\/100\n|move|p1a: Hatterene|Mystical Fire|p2a: Latias\n|-resisted|p2a: Latias\n|-crit|p2a: Latias\n|-damage|p2a: Latias|85\/100\n|-unboost|p2a: Latias|spa|1\n|\n|upkeep\n|turn|19\n|\n|t:|1699702086\n|switch|p1a: Blissey|Blissey, F|100\/100\n|detailschange|p2a: Latias|Latias-Mega, F\n|-mega|p2a: Latias|Latias|Latiasite\n|move|p2a: Latias|Psychic|p1a: Blissey\n|-damage|p1a: Blissey|90\/100\n|\n|-heal|p1a: Blissey|96\/100|[from] item: Leftovers\n|upkeep\n|turn|20\n|\n|t:|1699702090\n|switch|p2a: Weezing|Weezing-Galar, M|56\/100\n|-ability|p2a: Weezing|Neutralizing Gas\n|move|p1a: Blissey|Thunder Wave|p2a: Weezing\n|-status|p2a: Weezing|par\n|\n|-heal|p1a: Blissey|100\/100|[from] item: Leftovers\n|upkeep\n|turn|21\n|\n|t:|1699702093\n|switch|p1a: Hatterene|Hatterene, F, tera:Poison|55\/100\n|cant|p2a: Weezing|par\n|\n|upkeep\n|turn|22\n|\n|t:|1699702099\n|-end|p2a: Weezing|ability: Neutralizing Gas\n|switch|p2a: Latias|Latias-Mega, F|85\/100\n|move|p1a: Hatterene|Draining Kiss|p2a: Latias\n|-supereffective|p2a: Latias\n|-damage|p2a: Latias|50\/100\n|-heal|p1a: Hatterene|80\/100|[from] drain|[of] p2a: Latias\n|\n|upkeep\n|turn|23\n|\n|t:|1699702104\n|move|p2a: Latias|Substitute|p2a: Latias\n|-start|p2a: Latias|Substitute\n|-damage|p2a: Latias|25\/100\n|move|p1a: Hatterene|Calm Mind|p1a: Hatterene\n|-boost|p1a: Hatterene|spa|1\n|-boost|p1a: Hatterene|spd|1\n|\n|upkeep\n|turn|24\n|\n|t:|1699702106\n|move|p2a: Latias|Psychic|p1a: Hatterene\n|-supereffective|p1a: Hatterene\n|-damage|p1a: Hatterene|6\/100\n|move|p1a: Hatterene|Draining Kiss|p2a: Latias\n|-supereffective|p2a: Latias\n|-end|p2a: Latias|Substitute\n|-heal|p1a: Hatterene|24\/100|[from] drain|[of] p2a: Latias\n|\n|upkeep\n|turn|25\n|\n|t:|1699702110\n|switch|p1a: Blissey|Blissey, F|100\/100\n|move|p2a: Latias|Psychic|p1a: Blissey\n|-damage|p1a: Blissey|85\/100\n|\n|-heal|p1a: Blissey|91\/100|[from] item: Leftovers\n|upkeep\n|turn|26\n|\n|t:|1699702115\n|move|p2a: Latias|Recover|p2a: Latias\n|-heal|p2a: Latias|75\/100\n|move|p1a: Blissey|Seismic Toss|p2a: Latias\n|-damage|p2a: Latias|42\/100\n|\n|-heal|p1a: Blissey|98\/100|[from] item: Leftovers\n|upkeep\n|turn|27\n|\n|t:|1699702119\n|switch|p2a: Aegislash|Aegislash, F|100\/100\n|-item|p2a: Aegislash|Air Balloon\n|move|p1a: Blissey|Thunder Wave|p2a: Aegislash\n|-status|p2a: Aegislash|par\n|\n|-heal|p1a: Blissey|100\/100|[from] item: Leftovers\n|upkeep\n|turn|28\n|\n|t:|1699702124\n|switch|p1a: Pyukumuku|Pyukumuku, M|100\/100\n|-formechange|p2a: Aegislash|Aegislash-Blade||[from] ability: Stance Change\n|move|p2a: Aegislash|Shadow Ball|p1a: Pyukumuku\n|-damage|p1a: Pyukumuku|59\/100\n|\n|-heal|p1a: Pyukumuku|65\/100|[from] item: Leftovers\n|upkeep\n|turn|29\n|\n|t:|1699702130\n|switch|p2a: Weezing|Weezing-Galar, M|56\/100 par\n|-ability|p2a: Weezing|Neutralizing Gas\n|move|p1a: Pyukumuku|Recover|p1a: Pyukumuku\n|-heal|p1a: Pyukumuku|100\/100\n|\n|upkeep\n|turn|30\n|\n|t:|1699702136\n|switch|p1a: Hatterene|Hatterene, F, tera:Poison|24\/100\n|move|p2a: Weezing|Pain Split|p1a: Hatterene\n|-sethp|p1a: Hatterene|42\/100|[from] move: Pain Split|[silent]\n|-sethp|p2a: Weezing|40\/100 par|[from] move: Pain Split\n|\n|upkeep\n|turn|31\n|\n|t:|1699702143\n|-end|p2a: Weezing|ability: Neutralizing Gas\n|switch|p2a: Landorus|Landorus-Therian, M|11\/100\n|-ability|p2a: Landorus|Intimidate|boost\n|-unboost|p1a: Hatterene|atk|1\n|move|p1a: Hatterene|Draining Kiss|p2a: Landorus\n|-damage|p2a: Landorus|0 fnt\n|-heal|p1a: Hatterene|50\/100|[from] drain|[of] p2a: Landorus\n|faint|p2a: Landorus\n|\n|upkeep\n|\n|t:|1699702146\n|switch|p2a: Latias|Latias-Mega, F|42\/100\n|turn|32\n|\n|t:|1699702150\n|switch|p1a: Blissey|Blissey, F|100\/100\n|move|p2a: Latias|Recover|p2a: Latias\n|-heal|p2a: Latias|92\/100\n|\n|upkeep\n|turn|33\n|\n|t:|1699702154\n|switch|p2a: Aegislash|Aegislash, F|100\/100 par\n|-item|p2a: Aegislash|Air Balloon\n|move|p1a: Blissey|Seismic Toss|p2a: Aegislash\n|-immune|p2a: Aegislash\n|\n|upkeep\n|turn|34\n|\n|t:|1699702157\n|switch|p1a: Clodsire|Clodsire, F|100\/100\n|-formechange|p2a: Aegislash|Aegislash-Blade||[from] ability: Stance Change\n|move|p2a: Aegislash|Close Combat|p1a: Clodsire\n|-resisted|p1a: Clodsire\n|-damage|p1a: Clodsire|80\/100\n|-unboost|p2a: Aegislash|def|1\n|-unboost|p2a: Aegislash|spd|1\n|\n|-heal|p1a: Clodsire|86\/100|[from] item: Leftovers\n|upkeep\n|turn|35\n|\n|t:|1699702161\n|cant|p2a: Aegislash|par\n|move|p1a: Clodsire|Stealth Rock|p2a: Aegislash\n|-sidestart|p2: qewt|move: Stealth Rock\n|\n|-heal|p1a: Clodsire|93\/100|[from] item: Leftovers\n|upkeep\n|turn|36\n|\n|t:|1699702163\n|move|p2a: Aegislash|Shadow Ball|p1a: Clodsire\n|-damage|p1a: Clodsire|67\/100\n|move|p1a: Clodsire|Earthquake|p2a: Aegislash\n|-immune|p2a: Aegislash\n|\n|-heal|p1a: Clodsire|73\/100|[from] item: Leftovers\n|upkeep\n|turn|37\n|\n|t:|1699702174\n|switch|p1a: Pyukumuku|Pyukumuku, M|100\/100\n|cant|p2a: Aegislash|par\n|\n|upkeep\n|turn|38\n|\n|t:|1699702181\n|switch|p2a: Latias|Latias-Mega, F|92\/100\n|-damage|p2a: Latias|79\/100|[from] Stealth Rock\n|move|p1a: Pyukumuku|Mirror Coat||[still]\n|-fail|p1a: Pyukumuku\n|\n|upkeep\n|turn|39\n|\n|t:|1699702186\n|switch|p1a: Blissey|Blissey, F|100\/100\n|move|p2a: Latias|Substitute|p2a: Latias\n|-start|p2a: Latias|Substitute\n|-damage|p2a: Latias|54\/100\n|\n|upkeep\n|turn|40\n|\n|t:|1699702190\n|move|p2a: Latias|Recover|p2a: Latias\n|-heal|p2a: Latias|100\/100\n|move|p1a: Blissey|Seismic Toss|p2a: Latias\n|-end|p2a: Latias|Substitute\n|\n|upkeep\n|turn|41\n|\n|t:|1699702193\n|switch|p2a: Aegislash|Aegislash, F|100\/100 par\n|-damage|p2a: Aegislash|94\/100 par|[from] Stealth Rock\n|-item|p2a: Aegislash|Air Balloon\n|switch|p1a: Pyukumuku|Pyukumuku, M|100\/100\n|\n|upkeep\n|turn|42\n|\n|t:|1699702202\n|switch|p2a: Ferrothorn|Ferrothorn, F|49\/100\n|-damage|p2a: Ferrothorn|43\/100|[from] Stealth Rock\n|move|p1a: Pyukumuku|Taunt|p2a: Ferrothorn\n|-start|p2a: Ferrothorn|move: Taunt\n|\n|-heal|p2a: Ferrothorn|49\/100|[from] item: Leftovers\n|upkeep\n|turn|43\n|\n|t:|1699702205\n|move|p2a: Ferrothorn|Power Whip|p1a: Pyukumuku|[miss]\n|-miss|p2a: Ferrothorn|p1a: Pyukumuku\n|move|p1a: Pyukumuku|Counter||[still]\n|-fail|p1a: Pyukumuku\n|\n|-heal|p2a: Ferrothorn|55\/100|[from] item: Leftovers\n|upkeep\n|turn|44\n|\n|t:|1699702212\n|move|p2a: Ferrothorn|Knock Off|p1a: Pyukumuku\n|-damage|p1a: Pyukumuku|86\/100\n|-enditem|p1a: Pyukumuku|Leftovers|[from] move: Knock Off|[of] p2a: Ferrothorn\n|move|p1a: Pyukumuku|Counter|p2a: Ferrothorn\n|-damage|p2a: Ferrothorn|29\/100\n|-damage|p1a: Pyukumuku|73\/100|[from] ability: Iron Barbs|[of] p2a: Ferrothorn\n|\n|-heal|p2a: Ferrothorn|35\/100|[from] item: Leftovers\n|-end|p2a: Ferrothorn|move: Taunt\n|upkeep\n|turn|45\n|\n|t:|1699702218\n|move|p2a: Ferrothorn|Leech Seed|p1a: Pyukumuku\n|-start|p1a: Pyukumuku|move: Leech Seed\n|move|p1a: Pyukumuku|Counter||[still]\n|-fail|p1a: Pyukumuku\n|\n|-heal|p2a: Ferrothorn|41\/100|[from] item: Leftovers\n|-damage|p1a: Pyukumuku|61\/100|[from] Leech Seed|[of] p2a: Ferrothorn\n|-heal|p2a: Ferrothorn|52\/100|[silent]\n|upkeep\n|turn|46\n|\n|t:|1699702225\n|switch|p2a: Latias|Latias-Mega, F|100\/100\n|-damage|p2a: Latias|88\/100|[from] Stealth Rock\n|switch|p1a: Hatterene|Hatterene, F, tera:Poison|50\/100\n|\n|upkeep\n|turn|47\n|\n|t:|1699702234\n|switch|p1a: Blissey|Blissey, F|100\/100\n|move|p2a: Latias|Psychic|p1a: Blissey\n|-damage|p1a: Blissey|84\/100\n|\n|-heal|p1a: Blissey|90\/100|[from] item: Leftovers\n|upkeep\n|turn|48\n|\n|t:|1699702241\n|switch|p2a: Aegislash|Aegislash, F|94\/100 par\n|-damage|p2a: Aegislash|88\/100 par|[from] Stealth Rock\n|-item|p2a: Aegislash|Air Balloon\n|move|p1a: Blissey|Seismic Toss|p2a: Aegislash\n|-immune|p2a: Aegislash\n|\n|-heal|p1a: Blissey|97\/100|[from] item: Leftovers\n|upkeep\n|turn|49\n|\n|t:|1699702245\n|switch|p1a: Dondozo|Dondozo, M|52\/100\n|-formechange|p2a: Aegislash|Aegislash-Blade||[from] ability: Stance Change\n|move|p2a: Aegislash|Close Combat|p1a: Dondozo\n|-damage|p1a: Dondozo|33\/100\n|-unboost|p2a: Aegislash|def|1\n|-unboost|p2a: Aegislash|spd|1\n|\n|upkeep\n|turn|50\n|\n|t:|1699702248\n|move|p2a: Aegislash|Shadow Ball|p1a: Dondozo\n|-damage|p1a: Dondozo|0 fnt\n|faint|p1a: Dondozo\n|\n|upkeep\n|\n|t:|1699702256\n|switch|p1a: Hatterene|Hatterene, F, tera:Poison|50\/100\n|turn|51\n|\n|t:|1699702260\n|move|p2a: Aegislash|Shadow Ball|p1a: Hatterene\n|-damage|p1a: Hatterene|0 fnt\n|faint|p1a: Hatterene\n|\n|upkeep\n|-message|CheezeyMemes forfeited.\n|\n|win|qewt\n|raw|CheezeyMemes's rating: 1479 &rarr; <strong>1463<\/strong><br \/>(-16 for losing)\n|raw|qewt's rating: 1556 &rarr; <strong>1572<\/strong><br \/>(+16 for winning)\n","uploadtime":1699702268,"views":24,"p1id":"cheezeymemes","p2id":"qewt","formatid":"gen9nationaldex","rating":1463,"private":0,"password":""}