{"id":"gen9nationaldex-1995288522","p1":"GameBored","p2":"yanami-sleep","format":"[Gen 9] National Dex","log":"|html|<div class=\"broadcast-blue\"><strong>[Gen 9] National Dex is currently suspecting Sneasler! For information on how to participate check out the <a href=\"https:\/\/www.smogon.com\/forums\/threads\/sv-national-dex-suspect-8-just-dance.3731534\/\">suspect thread<\/a>.<\/strong><\/div>\n|j|\u2606GameBored\n|j|\u2606yanami-sleep\n|t:|1700547433\n|gametype|singles\n|player|p1|GameBored|schoolkid-gen8|1343\n|player|p2|yanami-sleep|dawn-masters3|1529\n|teamsize|p1|6\n|teamsize|p2|6\n|gen|9\n|tier|[Gen 9] National Dex\n|rated|\n|rule|HP Percentage Mod: HP is shown in percentages\n|rule|Endless Battle Clause: Forcing endless battles is banned\n|rule|OHKO Clause: OHKO moves are banned\n|rule|Evasion Clause: Evasion abilities, items, and moves are banned\n|rule|Evasion Abilities Clause: Evasion abilities are banned\n|rule|Evasion Items Clause: Evasion items are banned\n|rule|Evasion Moves Clause: Evasion moves are banned\n|rule|Species Clause: Limit one of each Pok\u00e9mon\n|rule|Sleep Clause Mod: Limit one foe put to sleep\n|clearpoke\n|poke|p1|Meowstic, M|\n|poke|p1|Toxtricity, M|\n|poke|p1|Turtonator, M|\n|poke|p1|Abomasnow, M|\n|poke|p1|Slowbro-Galar, M|\n|poke|p1|Cofagrigus, M|\n|poke|p2|Tapu Koko|\n|poke|p2|Ditto|\n|poke|p2|Great Tusk|\n|poke|p2|Rillaboom, M|\n|poke|p2|Toxapex, F|\n|poke|p2|Latias, F|\n|teampreview\n|inactive|Battle timer is ON: inactive players will automatically lose when time's up. (requested by GameBored)\n|\n|t:|1700547445\n|start\n|switch|p1a: Meowstic|Meowstic, M, shiny|100\/100\n|switch|p2a: Tapu Koko|Tapu Koko|100\/100\n|-fieldstart|move: Electric Terrain|[from] ability: Electric Surge|[of] p2a: Tapu Koko\n|turn|1\n|\n|t:|1700547450\n|move|p1a: Meowstic|Light Screen|p1a: Meowstic\n|-sidestart|p1: GameBored|move: Light Screen\n|-zpower|p2a: Tapu Koko\n|move|p2a: Tapu Koko|Gigavolt Havoc|p1a: Meowstic|[zeffect]\n|-damage|p1a: Meowstic|63\/100\n|\n|upkeep\n|turn|2\n|\n|t:|1700547457\n|move|p1a: Meowstic|Reflect|p1a: Meowstic\n|-sidestart|p1: GameBored|Reflect\n|move|p2a: Tapu Koko|Volt Switch|p1a: Meowstic\n|-damage|p1a: Meowstic|48\/100\n|\n|t:|1700547465\n|switch|p2a: Latias|Latias, F|100\/100|[from] Volt Switch\n|\n|upkeep\n|turn|3\n|\n|t:|1700547469\n|detailschange|p2a: Latias|Latias-Mega, F\n|-mega|p2a: Latias|Latias|Latiasite\n|move|p1a: Meowstic|Thunder Wave|p2a: Latias\n|-status|p2a: Latias|par\n|cant|p2a: Latias|par\n|\n|upkeep\n|turn|4\n|\n|t:|1700547473\n|cant|p2a: Latias|par\n|move|p1a: Meowstic|Trick Room|p1a: Meowstic\n|-fieldstart|move: Trick Room|[of] p1a: Meowstic\n|\n|upkeep\n|turn|5\n|\n|t:|1700547478\n|switch|p1a: Abomasnow|Abomasnow, M, shiny|100\/100\n|move|p2a: Latias|Mystical Fire|p1a: Abomasnow\n|-supereffective|p1a: Abomasnow\n|-damage|p1a: Abomasnow|47\/100\n|-unboost|p1a: Abomasnow|spa|1\n|\n|-fieldend|move: Electric Terrain\n|upkeep\n|turn|6\n|c|\u2606GameBored|so far so good\n|\n|t:|1700547485\n|detailschange|p1a: Abomasnow|Abomasnow-Mega, M, shiny\n|-mega|p1a: Abomasnow|Abomasnow|Abomasite\n|-weather|Snow|[from] ability: Snow Warning|[of] p1a: Abomasnow\n|move|p1a: Abomasnow|Ice Shard|p2a: Latias\n|-supereffective|p2a: Latias\n|-damage|p2a: Latias|53\/100 par\n|move|p2a: Latias|Mystical Fire|p1a: Abomasnow\n|-supereffective|p1a: Abomasnow\n|-damage|p1a: Abomasnow|3\/100\n|-unboost|p1a: Abomasnow|spa|1\n|\n|-weather|Snow|[upkeep]\n|upkeep\n|turn|7\n|\n|t:|1700547491\n|move|p1a: Abomasnow|Ice Shard|p2a: Latias\n|-supereffective|p2a: Latias\n|-damage|p2a: Latias|4\/100 par\n|move|p2a: Latias|Roost|p2a: Latias\n|-heal|p2a: Latias|54\/100 par\n|-singleturn|p2a: Latias|move: Roost\n|\n|-weather|Snow|[upkeep]\n|upkeep\n|turn|8\n|\n|t:|1700547494\n|move|p1a: Abomasnow|Ice Shard|p2a: Latias\n|-supereffective|p2a: Latias\n|-damage|p2a: Latias|10\/100 par\n|move|p2a: Latias|Roost|p2a: Latias\n|-heal|p2a: Latias|60\/100 par\n|-singleturn|p2a: Latias|move: Roost\n|\n|-weather|Snow|[upkeep]\n|-sideend|p1: GameBored|move: Light Screen\n|-fieldend|move: Trick Room\n|upkeep\n|turn|9\n|\n|t:|1700547498\n|move|p2a: Latias|Mystical Fire|p1a: Abomasnow\n|-supereffective|p1a: Abomasnow\n|-damage|p1a: Abomasnow|0 fnt\n|faint|p1a: Abomasnow\n|\n|-weather|Snow|[upkeep]\n|-sideend|p1: GameBored|Reflect\n|upkeep\n|c|\u2606GameBored|nvm\n|\n|t:|1700547503\n|switch|p1a: Toxtricity|Toxtricity, M, shiny|100\/100\n|turn|10\n|\n|t:|1700547517\n|move|p1a: Toxtricity|Shift Gear|p1a: Toxtricity\n|-boost|p1a: Toxtricity|spe|2\n|-boost|p1a: Toxtricity|atk|1\n|move|p2a: Latias|Draco Meteor|p1a: Toxtricity\n|-damage|p1a: Toxtricity|0 fnt\n|-unboost|p2a: Latias|spa|2\n|faint|p1a: Toxtricity\n|\n|-weather|none\n|upkeep\n|c|\u2606yanami-sleep|well\n|\n|t:|1700547524\n|switch|p1a: Slowbro|Slowbro-Galar, M, shiny|100\/100\n|turn|11\n|c|\u2606GameBored|i'm experimenting\n|c|\u2606yanami-sleep|i know\n|\n|t:|1700547540\n|switch|p2a: Great Tusk|Great Tusk|100\/100\n|move|p1a: Slowbro|Belly Drum|p1a: Slowbro\n|-damage|p1a: Slowbro|50\/100\n|-setboost|p1a: Slowbro|atk|6|[from] move: Belly Drum\n|-enditem|p1a: Slowbro|Sitrus Berry|[eat]\n|-heal|p1a: Slowbro|75\/100|[from] item: Sitrus Berry\n|\n|upkeep\n|turn|12\n|\n|t:|1700547545\n|-terastallize|p1a: Slowbro|Flying\n|move|p2a: Great Tusk|Earthquake|p1a: Slowbro\n|-immune|p1a: Slowbro\n|move|p1a: Slowbro|Earthquake|p2a: Great Tusk\n|-damage|p2a: Great Tusk|30\/100\n|\n|-heal|p2a: Great Tusk|37\/100|[from] item: Leftovers\n|upkeep\n|turn|13\n|\n|t:|1700547550\n|move|p2a: Great Tusk|Ice Spinner|p1a: Slowbro\n|-supereffective|p1a: Slowbro\n|-damage|p1a: Slowbro|21\/100\n|move|p1a: Slowbro|Shell Side Arm|p2a: Great Tusk|[anim] Shell Side Arm Physical\n|-resisted|p2a: Great Tusk\n|-damage|p2a: Great Tusk|0 fnt\n|-hint|Physical Shell Side Arm\n|faint|p2a: Great Tusk\n|-end|p2a: Great Tusk|Protosynthesis|[silent]\n|\n|upkeep\n|\n|t:|1700547553\n|switch|p2a: Tapu Koko|Tapu Koko|100\/100\n|-fieldstart|move: Electric Terrain|[from] ability: Electric Surge|[of] p2a: Tapu Koko\n|turn|14\n|-activate|p1a: Slowbro|ability: Quick Draw\n|\n|t:|1700547556\n|move|p1a: Slowbro|Shell Side Arm|p2a: Tapu Koko|[anim] Shell Side Arm Physical\n|-supereffective|p2a: Tapu Koko\n|-damage|p2a: Tapu Koko|0 fnt\n|-hint|Physical Shell Side Arm\n|faint|p2a: Tapu Koko\n|\n|upkeep\n|\n|t:|1700547563\n|switch|p2a: Ditto|Ditto|100\/100\n|-transform|p2a: Ditto|p1a: Slowbro|[from] ability: Imposter\n|-start|p2a: Ditto|typechange|Poison\/Psychic|[silent]\n|turn|15\n|\n|t:|1700547568\n|move|p2a: Ditto|Shell Side Arm|p1a: Slowbro|[anim] Shell Side Arm Physical\n|-damage|p1a: Slowbro|0 fnt\n|-hint|Physical Shell Side Arm\n|faint|p1a: Slowbro\n|\n|upkeep\n|\n|t:|1700547571\n|switch|p1a: Cofagrigus|Cofagrigus, M, shiny|100\/100\n|turn|16\n|\n|t:|1700547574\n|move|p2a: Ditto|Shell Side Arm|p1a: Cofagrigus|[anim] Shell Side Arm Physical\n|-resisted|p1a: Cofagrigus\n|-damage|p1a: Cofagrigus|33\/100\n|-hint|Physical Shell Side Arm\n|-activate|p1a: Cofagrigus|ability: Mummy|Quick Draw|[of] p2a: Ditto\n|move|p1a: Cofagrigus|Haze|p1a: Cofagrigus\n|-clearallboost\n|\n|upkeep\n|turn|17\n|\n|t:|1700547577\n|move|p2a: Ditto|Shell Side Arm|p1a: Cofagrigus|[anim] Shell Side Arm Physical\n|-resisted|p1a: Cofagrigus\n|-damage|p1a: Cofagrigus|16\/100\n|-hint|Physical Shell Side Arm\n|move|p1a: Cofagrigus|Will-O-Wisp|p2a: Ditto\n|-status|p2a: Ditto|brn\n|\n|-damage|p2a: Ditto|94\/100 brn|[from] brn\n|upkeep\n|turn|18\n|\n|t:|1700547583\n|switch|p2a: Rillaboom|Rillaboom, M|100\/100\n|-fieldstart|move: Grassy Terrain|[from] ability: Grassy Surge|[of] p2a: Rillaboom\n|move|p1a: Cofagrigus|Memento|p2a: Rillaboom\n|-unboost|p2a: Rillaboom|atk|2\n|-unboost|p2a: Rillaboom|spa|2\n|faint|p1a: Cofagrigus\n|\n|upkeep\n|\n|t:|1700547591\n|switch|p1a: Meowstic|Meowstic, M, shiny|48\/100\n|turn|19\n|\n|t:|1700547594\n|-terastallize|p2a: Rillaboom|Grass\n|move|p2a: Rillaboom|Grassy Glide|p1a: Meowstic\n|-damage|p1a: Meowstic|0 fnt\n|faint|p1a: Meowstic\n|\n|upkeep\n|\n|t:|1700547598\n|switch|p1a: Turtonator|Turtonator, M, shiny|100\/100\n|turn|20\n|\n|t:|1700547605\n|switch|p2a: Ditto|Ditto|94\/100 brn\n|-transform|p2a: Ditto|p1a: Turtonator|[from] ability: Imposter\n|move|p1a: Turtonator|Shell Smash|p1a: Turtonator\n|-unboost|p1a: Turtonator|def|1\n|-unboost|p1a: Turtonator|spd|1\n|-boost|p1a: Turtonator|atk|2\n|-boost|p1a: Turtonator|spa|2\n|-boost|p1a: Turtonator|spe|2\n|\n|-heal|p2a: Ditto|100\/100 brn|[from] Grassy Terrain\n|-damage|p2a: Ditto|94\/100 brn|[from] brn\n|upkeep\n|turn|21\n|\n|t:|1700547612\n|switch|p2a: Latias|Latias-Mega, F|60\/100 par\n|move|p1a: Turtonator|Shell Smash|p1a: Turtonator\n|-unboost|p1a: Turtonator|def|1\n|-unboost|p1a: Turtonator|spd|1\n|-boost|p1a: Turtonator|atk|2\n|-boost|p1a: Turtonator|spa|2\n|-boost|p1a: Turtonator|spe|2\n|\n|upkeep\n|turn|22\n|\n|t:|1700547615\n|move|p1a: Turtonator|Flamethrower|p2a: Latias\n|-resisted|p2a: Latias\n|-damage|p2a: Latias|12\/100 par\n|move|p2a: Latias|Draco Meteor|p1a: Turtonator\n|-supereffective|p1a: Turtonator\n|-damage|p1a: Turtonator|0 fnt\n|-unboost|p2a: Latias|spa|2\n|faint|p1a: Turtonator\n|\n|win|yanami-sleep\n|raw|GameBored's rating: 1343 &rarr; <strong>1333<\/strong><br \/>(-10 for losing)\n|raw|yanami-sleep's rating: 1529 &rarr; <strong>1539<\/strong><br \/>(+10 for winning)\n|c|\u2606GameBored|gg\n|l|\u2606GameBored\n|c|\u2606yanami-sleep|gg\n","uploadtime":1700547634,"views":1,"p1id":"gamebored","p2id":"yanamisleep","formatid":"gen9nationaldex","rating":1333,"private":0,"password":""}