{"id":"gen9nationaldex-1989205799","p1":"Sylveon(404)","p2":"Arlo Ghost","format":"[Gen 9] National Dex","log":"|j|\u2606Sylveon(404)\n|j|\u2606Arlo Ghost\n|t:|1699823292\n|gametype|singles\n|player|p1|Sylveon(404)|serena|\n|player|p2|Arlo Ghost|cyrus-masters|\n|teamsize|p1|6\n|teamsize|p2|6\n|gen|9\n|tier|[Gen 9] National Dex\n|rule|HP Percentage Mod: HP is shown in percentages\n|rule|Endless Battle Clause: Forcing endless battles is banned\n|rule|OHKO Clause: OHKO moves are banned\n|rule|Evasion Clause: Evasion abilities, items, and moves are banned\n|rule|Evasion Abilities Clause: Evasion abilities are banned\n|rule|Evasion Items Clause: Evasion items are banned\n|rule|Evasion Moves Clause: Evasion moves are banned\n|rule|Species Clause: Limit one of each Pok\u00e9mon\n|rule|Sleep Clause Mod: Limit one foe put to sleep\n|clearpoke\n|poke|p1|Skeledirge, M|\n|poke|p1|Ursaluna, M|\n|poke|p1|Porygon-Z|\n|poke|p1|Sneasler, F|\n|poke|p1|Xurkitree|\n|poke|p1|Mawile, F|\n|poke|p2|Sableye, M|\n|poke|p2|Muk-Alola, M|\n|poke|p2|Mandibuzz, F|\n|poke|p2|Ting-Lu|\n|poke|p2|Grimmsnarl, M|\n|poke|p2|Hydreigon, M|\n|teampreview\n|c|\u2606Sylveon(404)|otia\n|j| WSoldat\n|j| PeppsiAsiEs\n|\n|t:|1699823344\n|start\n|switch|p1a: spamton neo|Porygon-Z|100\/100\n|switch|p2a: Ting-Lu|Ting-Lu|100\/100\n|-ability|p2a: Ting-Lu|Vessel of Ruin\n|turn|1\n|\n|t:|1699823353\n|switch|p1a: ursaloco|Ursaluna, M|100\/100\n|move|p2a: Ting-Lu|Whirlwind|p1a: ursaloco\n|drag|p1a: spamton neo|Porygon-Z|100\/100\n|\n|upkeep\n|turn|2\n|\n|t:|1699823359\n|switch|p1a: ursaloco|Ursaluna, M|100\/100\n|move|p2a: Ting-Lu|Whirlwind|p1a: ursaloco\n|drag|p1a: te vo a garchar|Mawile, F|100\/100\n|-ability|p1a: te vo a garchar|Intimidate|boost\n|-unboost|p2a: Ting-Lu|atk|1\n|\n|upkeep\n|turn|3\n|\n|t:|1699823367\n|detailschange|p1a: te vo a garchar|Mawile-Mega, F\n|-mega|p1a: te vo a garchar|Mawile|Mawilite\n|-terastallize|p2a: Ting-Lu|Fairy\n|move|p1a: te vo a garchar|Play Rough|p2a: Ting-Lu\n|-damage|p2a: Ting-Lu|60\/100\n|move|p2a: Ting-Lu|Earthquake|p1a: te vo a garchar\n|-supereffective|p1a: te vo a garchar\n|-damage|p1a: te vo a garchar|52\/100\n|\n|-heal|p2a: Ting-Lu|66\/100|[from] item: Leftovers\n|upkeep\n|turn|4\n|\n|t:|1699823379\n|switch|p2a: Winona|Mandibuzz, F|100\/100\n|move|p1a: te vo a garchar|Iron Head|p2a: Winona\n|-damage|p2a: Winona|57\/100\n|-damage|p1a: te vo a garchar|36\/100|[from] item: Rocky Helmet|[of] p2a: Winona\n|\n|upkeep\n|turn|5\n|\n|t:|1699823397\n|switch|p2a: Sherkemo|Grimmsnarl, M|100\/100\n|switch|p1a: S.C.P|Xurkitree|100\/100\n|\n|upkeep\n|turn|6\n|\n|t:|1699823403\n|move|p2a: Sherkemo|Light Screen|p2a: Sherkemo\n|-sidestart|p2: Arlo Ghost|move: Light Screen\n|move|p1a: S.C.P|Volt Switch|p2a: Sherkemo\n|-crit|p2a: Sherkemo\n|-damage|p2a: Sherkemo|41\/100\n|\n|t:|1699823408\n|switch|p1a: ursaloco|Ursaluna, M|100\/100|[from] Volt Switch\n|\n|-status|p1a: ursaloco|brn|[from] item: Flame Orb\n|upkeep\n|turn|7\n|\n|t:|1699823414\n|move|p2a: Sherkemo|Parting Shot|p1a: ursaloco\n|-unboost|p1a: ursaloco|atk|1\n|-unboost|p1a: ursaloco|spa|1\n|\n|t:|1699823416\n|switch|p2a: Winona|Mandibuzz, F|57\/100|[from] Parting Shot\n|move|p1a: ursaloco|Facade|p2a: Winona\n|-crit|p2a: Winona\n|-damage|p2a: Winona|0 fnt\n|-damage|p1a: ursaloco|84\/100 brn|[from] item: Rocky Helmet|[of] p2a: Winona\n|faint|p2a: Winona\n|\n|-damage|p1a: ursaloco|78\/100 brn|[from] brn\n|upkeep\n|c|\u2606Arlo Ghost|ten\u00eda que ser critico verad?\n|c|\u2606Arlo Ghost|verdad\n|c|\u2606Sylveon(404)|XD\n|c|\u2606Arlo Ghost|asqueroso counter de mierda\n|\n|t:|1699823439\n|switch|p2a: Sherkemo|Grimmsnarl, M|41\/100\n|turn|8\n|c|\u2606Sylveon(404)|2 criticos se comio mandi\n|\n|t:|1699823448\n|switch|p1a: S.C.P|Xurkitree|100\/100\n|move|p2a: Sherkemo|Reflect|p2a: Sherkemo\n|-sidestart|p2: Arlo Ghost|Reflect\n|\n|upkeep\n|turn|9\n|\n|t:|1699823453\n|move|p1a: S.C.P|Volt Switch|p2a: Sherkemo\n|-damage|p2a: Sherkemo|20\/100\n|\n|t:|1699823459\n|switch|p1a: ursaloco|Ursaluna, M|78\/100 brn|[from] Volt Switch\n|move|p2a: Sherkemo|Spirit Break|p1a: ursaloco\n|-damage|p1a: ursaloco|57\/100 brn\n|-unboost|p1a: ursaloco|spa|1\n|\n|-damage|p1a: ursaloco|51\/100 brn|[from] brn\n|upkeep\n|turn|10\n|\n|t:|1699823469\n|move|p2a: Sherkemo|Spirit Break|p1a: ursaloco\n|-damage|p1a: ursaloco|31\/100 brn\n|-unboost|p1a: ursaloco|spa|1\n|move|p1a: ursaloco|Facade|p2a: Sherkemo\n|-damage|p2a: Sherkemo|0 fnt\n|faint|p2a: Sherkemo\n|\n|-damage|p1a: ursaloco|24\/100 brn|[from] brn\n|upkeep\n|\n|t:|1699823473\n|switch|p2a: Hydrarlo|Hydreigon, M|100\/100\n|turn|11\n|\n|t:|1699823491\n|move|p2a: Hydrarlo|Dark Pulse|p1a: ursaloco\n|-damage|p1a: ursaloco|0 fnt\n|faint|p1a: ursaloco\n|\n|upkeep\n|\n|t:|1699823502\n|switch|p1a: el tieso|Skeledirge, M|100\/100\n|turn|12\n|\n|t:|1699823509\n|-terastallize|p1a: el tieso|Fairy\n|move|p2a: Hydrarlo|Flash Cannon|p1a: el tieso\n|-supereffective|p1a: el tieso\n|-damage|p1a: el tieso|50\/100\n|move|p1a: el tieso|Torch Song|p2a: Hydrarlo\n|-resisted|p2a: Hydrarlo\n|-damage|p2a: Hydrarlo|90\/100\n|-boost|p1a: el tieso|spa|1\n|\n|-heal|p2a: Hydrarlo|96\/100|[from] item: Leftovers\n|-heal|p1a: el tieso|56\/100|[from] item: Leftovers\n|upkeep\n|turn|13\n|c|\u2606Arlo Ghost|no eres el primero en colarme eso\n|c|\u2606Sylveon(404)|XD\n|\n|t:|1699823525\n|move|p2a: Hydrarlo|Flash Cannon|p1a: el tieso\n|-supereffective|p1a: el tieso\n|-damage|p1a: el tieso|1\/100\n|move|p1a: el tieso|Overheat|p2a: Hydrarlo\n|-resisted|p2a: Hydrarlo\n|-damage|p2a: Hydrarlo|69\/100\n|-unboost|p1a: el tieso|spa|2\n|\n|-heal|p2a: Hydrarlo|75\/100|[from] item: Leftovers\n|-heal|p1a: el tieso|7\/100|[from] item: Leftovers\n|-sideend|p2: Arlo Ghost|move: Light Screen\n|upkeep\n|turn|14\n|c| PeppsiAsiEs|Yo si le sabia a la predict de la predict arlo\n|\n|t:|1699823535\n|move|p2a: Hydrarlo|Substitute|p2a: Hydrarlo\n|-start|p2a: Hydrarlo|Substitute\n|-damage|p2a: Hydrarlo|50\/100\n|move|p1a: el tieso|Overheat|p2a: Hydrarlo\n|-resisted|p2a: Hydrarlo\n|-activate|p2a: Hydrarlo|move: Substitute|[damage]\n|-unboost|p1a: el tieso|spa|2\n|\n|-heal|p2a: Hydrarlo|56\/100|[from] item: Leftovers\n|-heal|p1a: el tieso|13\/100|[from] item: Leftovers\n|upkeep\n|turn|15\n|\n|t:|1699823546\n|move|p2a: Hydrarlo|Nasty Plot|p2a: Hydrarlo\n|-boost|p2a: Hydrarlo|spa|2\n|move|p1a: el tieso|Shadow Ball|p2a: Hydrarlo\n|-resisted|p2a: Hydrarlo\n|-end|p2a: Hydrarlo|Substitute\n|\n|-heal|p2a: Hydrarlo|62\/100|[from] item: Leftovers\n|-heal|p1a: el tieso|19\/100|[from] item: Leftovers\n|-sideend|p2: Arlo Ghost|Reflect\n|upkeep\n|turn|16\n|\n|t:|1699823560\n|switch|p1a: jevil|Sneasler, F|100\/100\n|move|p2a: Hydrarlo|Substitute|p2a: Hydrarlo\n|-start|p2a: Hydrarlo|Substitute\n|-damage|p2a: Hydrarlo|37\/100\n|\n|-heal|p2a: Hydrarlo|43\/100|[from] item: Leftovers\n|upkeep\n|turn|17\n|c| PeppsiAsiEs|Tu sabias que tenia tera hada y me tiraste flash cannon but yo  me anticipe y sabia que me ibas a tirar flash cannon si teracristalizaba a tera hada asique no lo hice\n|\n|t:|1699823568\n|move|p1a: jevil|Fake Out|p2a: Hydrarlo\n|-enditem|p1a: jevil|Normal Gem|[from] gem\n|-activate|p2a: Hydrarlo|move: Substitute|[damage]\n|move|p2a: Hydrarlo|Flash Cannon|p1a: jevil\n|-crit|p1a: jevil\n|-damage|p1a: jevil|0 fnt\n|faint|p1a: jevil\n|\n|-heal|p2a: Hydrarlo|49\/100|[from] item: Leftovers\n|upkeep\n|\n|t:|1699823582\n|switch|p1a: S.C.P|Xurkitree|100\/100\n|turn|18\n|\n|t:|1699823585\n|move|p1a: S.C.P|Dazzling Gleam|p2a: Hydrarlo\n|-supereffective|p2a: Hydrarlo\n|-end|p2a: Hydrarlo|Substitute\n|move|p2a: Hydrarlo|Flash Cannon|p1a: S.C.P\n|-resisted|p1a: S.C.P\n|-damage|p1a: S.C.P|62\/100\n|\n|-heal|p2a: Hydrarlo|55\/100|[from] item: Leftovers\n|upkeep\n|turn|19\n|\n|t:|1699823593\n|switch|p2a: Marijuano|Muk-Alola, M|100\/100\n|move|p1a: S.C.P|Dazzling Gleam|p2a: Marijuano\n|-damage|p2a: Marijuano|85\/100\n|\n|upkeep\n|turn|20\n|\n|t:|1699823600\n|switch|p1a: el tieso|Skeledirge, M, tera:Fairy|19\/100\n|move|p2a: Marijuano|Fire Punch|p1a: el tieso\n|-damage|p1a: el tieso|3\/100\n|-status|p1a: el tieso|psn|[from] ability: Poison Touch|[of] p2a: Marijuano\n|\n|-heal|p1a: el tieso|9\/100 psn|[from] item: Leftovers\n|-damage|p1a: el tieso|0 fnt|[from] psn\n|faint|p1a: el tieso\n|upkeep\n|\n|t:|1699823611\n|switch|p1a: spamton neo|Porygon-Z|100\/100\n|turn|21\n|\n|t:|1699823616\n|switch|p2a: Ting-Lu|Ting-Lu, tera:Fairy|66\/100\n|-ability|p2a: Ting-Lu|Vessel of Ruin\n|-zpower|p1a: spamton neo\n|move|p1a: spamton neo|Z-Conversion||[anim]Conversion|[still]\n|-boost|p1a: spamton neo|atk|1|[zeffect]\n|-boost|p1a: spamton neo|def|1|[zeffect]\n|-boost|p1a: spamton neo|spa|1|[zeffect]\n|-boost|p1a: spamton neo|spd|1|[zeffect]\n|-boost|p1a: spamton neo|spe|1|[zeffect]\n|-fail|p1a: spamton neo\n|\n|-heal|p2a: Ting-Lu|72\/100|[from] item: Leftovers\n|upkeep\n|turn|22\n|c| WSoldat|Ese turno fue muy xd\n|\n|t:|1699823629\n|move|p1a: spamton neo|Tri Attack|p2a: Ting-Lu\n|-damage|p2a: Ting-Lu|22\/100\n|-status|p2a: Ting-Lu|brn\n|move|p2a: Ting-Lu|Whirlwind|p1a: spamton neo\n|drag|p1a: S.C.P|Xurkitree|62\/100\n|\n|-heal|p2a: Ting-Lu|28\/100 brn|[from] item: Leftovers\n|-damage|p2a: Ting-Lu|22\/100 brn|[from] brn\n|upkeep\n|turn|23\n|\n|t:|1699823639\n|move|p1a: S.C.P|Volt Switch|p2a: Ting-Lu\n|-damage|p2a: Ting-Lu|0 fnt\n|faint|p2a: Ting-Lu\n|-ability|p1a: S.C.P|Beast Boost|boost\n|-boost|p1a: S.C.P|spa|1\n|\n|t:|1699823644\n|switch|p1a: spamton neo|Porygon-Z|100\/100|[from] Volt Switch\n|\n|upkeep\n|\n|t:|1699823655\n|switch|p2a: Marijuano|Muk-Alola, M|85\/100\n|turn|24\n|c| PeppsiAsiEs|Era matarlo para seguir teniendo el boost\n|\n|t:|1699823661\n|move|p1a: spamton neo|Tri Attack|p2a: Marijuano\n|-damage|p2a: Marijuano|62\/100\n|move|p2a: Marijuano|Poison Jab|p1a: spamton neo\n|-damage|p1a: spamton neo|61\/100\n|-status|p1a: spamton neo|psn\n|\n|-damage|p1a: spamton neo|49\/100 psn|[from] psn\n|upkeep\n|turn|25\n|\n|t:|1699823671\n|move|p1a: spamton neo|Tri Attack|p2a: Marijuano\n|-damage|p2a: Marijuano|40\/100\n|move|p2a: Marijuano|Fire Punch|p1a: spamton neo\n|-damage|p1a: spamton neo|22\/100 psn\n|\n|-damage|p1a: spamton neo|10\/100 psn|[from] psn\n|upkeep\n|turn|26\n|\n|t:|1699823678\n|move|p1a: spamton neo|Tri Attack|p2a: Marijuano\n|-damage|p2a: Marijuano|15\/100\n|-status|p2a: Marijuano|frz\n|-curestatus|p2a: Marijuano|frz|[msg]\n|move|p2a: Marijuano|Fire Punch|p1a: spamton neo\n|-damage|p1a: spamton neo|0 fnt\n|faint|p1a: spamton neo\n|\n|upkeep\n|c|\u2606Sylveon(404)|perfec\n|\n|t:|1699823688\n|switch|p1a: S.C.P|Xurkitree|62\/100\n|turn|27\n|\n|t:|1699823693\n|move|p2a: Marijuano|Shadow Sneak|p1a: S.C.P\n|-damage|p1a: S.C.P|49\/100\n|move|p1a: S.C.P|Dazzling Gleam|p2a: Marijuano\n|-damage|p2a: Marijuano|1\/100\n|\n|upkeep\n|turn|28\n|\n|t:|1699823698\n|move|p2a: Marijuano|Shadow Sneak|p1a: S.C.P\n|-damage|p1a: S.C.P|34\/100\n|move|p1a: S.C.P|Dazzling Gleam|p2a: Marijuano\n|-damage|p2a: Marijuano|0 fnt\n|faint|p2a: Marijuano\n|-ability|p1a: S.C.P|Beast Boost|boost\n|-boost|p1a: S.C.P|spa|1\n|\n|upkeep\n|\n|t:|1699823701\n|switch|p2a: Sableye|Sableye, M|100\/100\n|turn|29\n|j| RARMolina\n|\n|t:|1699823707\n|detailschange|p2a: Sableye|Sableye-Mega, M\n|-mega|p2a: Sableye|Sableye|Sablenite\n|move|p1a: S.C.P|Dazzling Gleam|p2a: Sableye\n|-supereffective|p2a: Sableye\n|-damage|p2a: Sableye|15\/100\n|move|p2a: Sableye|Dark Pulse|p1a: S.C.P\n|-damage|p1a: S.C.P|0 fnt\n|faint|p1a: S.C.P\n|\n|upkeep\n|\n|t:|1699823714\n|switch|p1a: te vo a garchar|Mawile-Mega, F|36\/100\n|turn|30\n|\n|t:|1699823718\n|move|p1a: te vo a garchar|Iron Head|p2a: Sableye\n|-damage|p2a: Sableye|0 fnt\n|faint|p2a: Sableye\n|\n|upkeep\n|\n|t:|1699823720\n|switch|p2a: Hydrarlo|Hydreigon, M|55\/100\n|turn|31\n|\n|t:|1699823724\n|move|p2a: Hydrarlo|Flash Cannon|p1a: te vo a garchar\n|-damage|p1a: te vo a garchar|5\/100\n|move|p1a: te vo a garchar|Ice Punch|p2a: Hydrarlo\n|-supereffective|p2a: Hydrarlo\n|-damage|p2a: Hydrarlo|0 fnt\n|faint|p2a: Hydrarlo\n|\n|win|Sylveon(404)\n|c|\u2606Sylveon(404)|ggs\n|c|\u2606Arlo Ghost|por poco\n|c| PeppsiAsiEs|gg\n|c|\u2606Arlo Ghost|counter de miera\n|l| RARMolina\n|c|\u2606Arlo Ghost|mierda\n|c|\u2606Sylveon(404)|XD\n|l|\u2606Sylveon(404)\n","uploadtime":1699823747,"views":9,"p1id":"sylveon404","p2id":"arloghost","formatid":"gen9nationaldex","rating":0,"private":0,"password":""}