{"id":"gen9nationaldex-1987514807","p1":"RUMYMOME","p2":"natsuzamaki","format":"[Gen 9] National Dex","log":"|j|\u2606RUMYMOME\n|j|\u2606natsuzamaki\n|inactive|Battle timer is ON: inactive players will automatically lose when time's up.\n|t:|1699604795\n|gametype|singles\n|player|p1|RUMYMOME|marshal|\n|player|p2|natsuzamaki|266|\n|teamsize|p1|6\n|teamsize|p2|6\n|gen|9\n|tier|[Gen 9] National Dex\n|rated|Tournament battle\n|rule|HP Percentage Mod: HP is shown in percentages\n|rule|Endless Battle Clause: Forcing endless battles is banned\n|rule|OHKO Clause: OHKO moves are banned\n|rule|Evasion Clause: Evasion abilities, items, and moves are banned\n|rule|Evasion Abilities Clause: Evasion abilities are banned\n|rule|Evasion Items Clause: Evasion items are banned\n|rule|Evasion Moves Clause: Evasion moves are banned\n|rule|Species Clause: Limit one of each Pok\u00e9mon\n|rule|Sleep Clause Mod: Limit one foe put to sleep\n|rule|Terastal Clause: You cannot Terastallize\n|rule|Sleep Moves Clause: Sleep-inducing moves are banned\n|rule|2 Ability Clause: Limit 2 of each ability\n|clearpoke\n|poke|p1|Regieleki|\n|poke|p1|Cinderace, F|\n|poke|p1|Scream Tail|\n|poke|p1|Volcarona, F|\n|poke|p1|Gyarados, M|\n|poke|p1|Polteageist|\n|poke|p2|Regieleki|\n|poke|p2|Scizor, M|\n|poke|p2|Salamence, F|\n|poke|p2|Volcarona, M|\n|poke|p2|Ribombee, M|\n|poke|p2|Corviknight, F|\n|teampreview\n|j|*Lady Monita \u263d\n|inactive|natsuzamaki also wants the timer to be on.\n|\n|t:|1699604824\n|start\n|switch|p1a: Gyarados|Gyarados, M|100\/100\n|switch|p2a: Ribombee|Ribombee, M|100\/100\n|turn|1\n|\n|t:|1699604840\n|move|p2a: Ribombee|Stun Spore|p1a: Gyarados\n|-status|p1a: Gyarados|par\n|move|p1a: Gyarados|Dragon Dance|p1a: Gyarados\n|-boost|p1a: Gyarados|atk|1\n|-boost|p1a: Gyarados|spe|1\n|\n|upkeep\n|turn|2\n|j| Dregone\n|\n|t:|1699604847\n|move|p2a: Ribombee|Sticky Web|p1a: Gyarados\n|-sidestart|p1: RUMYMOME|move: Sticky Web\n|cant|p1a: Gyarados|par\n|\n|upkeep\n|turn|3\n|\n|t:|1699604852\n|move|p2a: Ribombee|Sunny Day|p2a: Ribombee\n|-weather|SunnyDay\n|move|p1a: Gyarados|Waterfall|p2a: Ribombee\n|-crit|p2a: Ribombee\n|-damage|p2a: Ribombee|31\/100\n|-enditem|p2a: Ribombee|Red Card|[of] p1a: Gyarados\n|drag|p1a: Polteageist|Polteageist|100\/100\n|-activate|p1a: Polteageist|move: Sticky Web\n|-unboost|p1a: Polteageist|spe|1\n|\n|-weather|SunnyDay|[upkeep]\n|upkeep\n|turn|4\n|\n|t:|1699604860\n|move|p2a: Ribombee|Stun Spore|p1a: Polteageist|[miss]\n|-miss|p2a: Ribombee|p1a: Polteageist\n|move|p1a: Polteageist|Shell Smash|p1a: Polteageist\n|-unboost|p1a: Polteageist|def|1\n|-unboost|p1a: Polteageist|spd|1\n|-boost|p1a: Polteageist|atk|2\n|-boost|p1a: Polteageist|spa|2\n|-boost|p1a: Polteageist|spe|2\n|\n|-weather|SunnyDay|[upkeep]\n|upkeep\n|turn|5\n|\n|t:|1699604882\n|move|p1a: Polteageist|Shadow Ball|p2a: Ribombee\n|-damage|p2a: Ribombee|0 fnt\n|faint|p2a: Ribombee\n|\n|-weather|SunnyDay|[upkeep]\n|upkeep\n|\n|t:|1699604894\n|switch|p2a: Corviknight|Corviknight, F|100\/100\n|turn|6\n|\n|t:|1699604897\n|move|p2a: Corviknight|Light Screen|p2a: Corviknight\n|-sidestart|p2: natsuzamaki|move: Light Screen\n|move|p1a: Polteageist|Shell Smash|p1a: Polteageist\n|-unboost|p1a: Polteageist|def|1\n|-unboost|p1a: Polteageist|spd|1\n|-boost|p1a: Polteageist|atk|2\n|-boost|p1a: Polteageist|spa|2\n|-boost|p1a: Polteageist|spe|2\n|\n|-weather|SunnyDay|[upkeep]\n|upkeep\n|turn|7\n|\n|t:|1699604910\n|move|p2a: Corviknight|Reflect|p2a: Corviknight\n|-sidestart|p2: natsuzamaki|Reflect\n|move|p1a: Polteageist|Shell Smash|p1a: Polteageist\n|-unboost|p1a: Polteageist|def|1\n|-unboost|p1a: Polteageist|spd|1\n|-boost|p1a: Polteageist|atk|2\n|-boost|p1a: Polteageist|spa|2\n|-boost|p1a: Polteageist|spe|2\n|\n|-weather|none\n|upkeep\n|turn|8\n|\n|t:|1699604919\n|move|p1a: Polteageist|Shadow Ball|p2a: Corviknight\n|-damage|p2a: Corviknight|13\/100\n|move|p2a: Corviknight|U-turn|p1a: Polteageist\n|-resisted|p1a: Polteageist\n|-damage|p1a: Polteageist|64\/100\n|\n|t:|1699604925\n|switch|p2a: Scizor|Scizor, M|100\/100|[from] U-turn\n|\n|upkeep\n|turn|9\n|\n|t:|1699604933\n|move|p2a: Scizor|Bullet Punch||[still]\n|cant|p1a: Polteageist|ability: Queenly Majesty|Bullet Punch|[of] p2a: Scizor\n|move|p1a: Polteageist|Shadow Ball|p2a: Scizor\n|-damage|p2a: Scizor|50\/100\n|\n|upkeep\n|turn|10\n|\n|t:|1699604938\n|move|p1a: Polteageist|Shadow Ball|p2a: Scizor\n|-damage|p2a: Scizor|0 fnt\n|faint|p2a: Scizor\n|\n|upkeep\n|\n|t:|1699604942\n|switch|p2a: Salamence|Salamence, F|100\/100\n|turn|11\n|\n|t:|1699604948\n|move|p1a: Polteageist|Stored Power|p2a: Salamence\n|-damage|p2a: Salamence|0 fnt\n|faint|p2a: Salamence\n|\n|upkeep\n|c|\u2606natsuzamaki|That went through multiscale and light screen\n|inactive|natsuzamaki has 120 seconds left.\n|c| Dregone|max spatk tho\n|c| Dregone|and stored power\n|c|\u2606RUMYMOME|Max speed\n|\n|t:|1699605002\n|switch|p2a: Volcarona|Volcarona, M|100\/100\n|turn|12\n|\n|t:|1699605008\n|move|p1a: Polteageist|Stored Power|p2a: Volcarona\n|-damage|p2a: Volcarona|0 fnt\n|faint|p2a: Volcarona\n|\n|upkeep\n|\n|t:|1699605011\n|switch|p2a: Regieleki|Regieleki|100\/100\n|turn|13\n|\n|t:|1699605014\n|move|p1a: Polteageist|Stored Power|p2a: Regieleki\n|-damage|p2a: Regieleki|0 fnt\n|faint|p2a: Regieleki\n|\n|-sideend|p2: natsuzamaki|move: Light Screen\n|upkeep\n|\n|t:|1699605016\n|switch|p2a: Corviknight|Corviknight, F|13\/100\n|turn|14\n|c|\u2606natsuzamaki|gg\n|-message|natsuzamaki forfeited.\n|\n|win|RUMYMOME\n|n|\u2606RUMYMOME|rumymome\n|n|\u2606natsuzamaki|natsuzamaki\n|n|*Lady Monita \u263d|ladymonita\n|n| Dregone|dregone\n","uploadtime":1699605024,"views":4,"p1id":"rumymome","p2id":"natsuzamaki","formatid":"gen9nationaldex","rating":0,"private":0,"password":""}