{"id":"gen9nationaldex-2000276195","p1":"adem","p2":"Water656","format":"[Gen 9] National Dex","log":"|j|\u2606adem\n|j|\u2606Water656\n|inactive|Battle timer is ON: inactive players will automatically lose when time's up.\n|t:|1701180408\n|gametype|singles\n|player|p1|adem|#adem|\n|player|p2|Water656|marlon|\n|teamsize|p1|6\n|teamsize|p2|6\n|gen|9\n|tier|[Gen 9] National Dex\n|rated|Tournament battle\n|rule|HP Percentage Mod: HP is shown in percentages\n|rule|Endless Battle Clause: Forcing endless battles is banned\n|rule|OHKO Clause: OHKO moves are banned\n|rule|Evasion Clause: Evasion abilities, items, and moves are banned\n|rule|Evasion Abilities Clause: Evasion abilities are banned\n|rule|Evasion Items Clause: Evasion items are banned\n|rule|Evasion Moves Clause: Evasion moves are banned\n|rule|Species Clause: Limit one of each Pok\u00e9mon\n|rule|Sleep Clause Mod: Limit one foe put to sleep\n|\n|t:|1701180408\n|start\n|switch|p1a: THE SKY|Alomomola, F|100\/100\n|switch|p2a: Dancing Duck|Quaquaval, M, shiny|100\/100\n|turn|1\n|inactive|Water656 also wants the timer to be on.\n|c|\u2606Water656|not again\n|c|\u2606Water656|why me?\n|\n|t:|1701180428\n|move|p2a: Dancing Duck|Aqua Step|p1a: THE SKY\n|-resisted|p1a: THE SKY\n|-damage|p1a: THE SKY|89\/100\n|-boost|p2a: Dancing Duck|spe|1\n|move|p1a: THE SKY|Toxic|p2a: Dancing Duck\n|-status|p2a: Dancing Duck|tox\n|\n|-damage|p2a: Dancing Duck|94\/100 tox|[from] psn\n|upkeep\n|turn|2\n|\n|t:|1701180440\n|switch|p2a: SirSlashALot|Aegislash, M, shiny|100\/100\n|move|p1a: THE SKY|Wish|p1a: THE SKY\n|\n|upkeep\n|turn|3\n|\n|t:|1701180447\n|move|p2a: SirSlashALot|Swords Dance|p2a: SirSlashALot\n|-boost|p2a: SirSlashALot|atk|2\n|move|p1a: THE SKY|Flip Turn|p2a: SirSlashALot\n|-damage|p2a: SirSlashALot|88\/100\n|\n|t:|1701180455\n|switch|p1a: GOOD TIMES|Heatran, M|100\/100|[from] Flip Turn\n|\n|-heal|p2a: SirSlashALot|94\/100|[from] item: Leftovers\n|upkeep\n|turn|4\n|j| Box133\n|\n|t:|1701180480\n|move|p2a: SirSlashALot|King's Shield|p2a: SirSlashALot\n|-singleturn|p2a: SirSlashALot|Protect\n|move|p1a: GOOD TIMES|Magma Storm|p2a: SirSlashALot\n|-activate|p2a: SirSlashALot|move: Protect\n|\n|-heal|p2a: SirSlashALot|100\/100|[from] item: Leftovers\n|upkeep\n|turn|5\n|j| RunicPower419\n|\n|t:|1701180490\n|switch|p2a: Vesuvius|Heatran, M|100\/100\n|move|p1a: GOOD TIMES|Magma Storm|p2a: Vesuvius\n|-start|p2a: Vesuvius|ability: Flash Fire\n|\n|upkeep\n|turn|6\n|c|\u2606Water656|Hey Runic!\n|\n|t:|1701180506\n|switch|p1a: THE SKY|Alomomola, F|100\/100\n|move|p2a: Vesuvius|Earth Power|p1a: THE SKY\n|-damage|p1a: THE SKY|68\/100\n|\n|upkeep\n|turn|7\n|\n|t:|1701180519\n|move|p2a: Vesuvius|Eruption|p1a: THE SKY\n|-resisted|p1a: THE SKY\n|-damage|p1a: THE SKY|7\/100\n|move|p1a: THE SKY|Flip Turn|p2a: Vesuvius\n|-supereffective|p2a: Vesuvius\n|-damage|p2a: Vesuvius|74\/100\n|j| Bean shaped man\n|\n|t:|1701180528\n|switch|p1a: COULD BE BLUE|Zamazenta|100\/100|[from] Flip Turn\n|-ability|p1a: COULD BE BLUE|Dauntless Shield|boost\n|-boost|p1a: COULD BE BLUE|def|1\n|\n|upkeep\n|turn|8\n|inactive|Water656 has 120 seconds left.\n|\n|t:|1701180557\n|-end|p2a: Vesuvius|ability: Flash Fire|[silent]\n|switch|p2a: SirSlashALot|Aegislash, M, shiny|100\/100\n|move|p1a: COULD BE BLUE|Close Combat|p2a: SirSlashALot\n|-immune|p2a: SirSlashALot\n|\n|upkeep\n|turn|9\n|\n|t:|1701180563\n|switch|p1a: GOOD TIMES|Heatran, M|100\/100\n|move|p2a: SirSlashALot|Swords Dance|p2a: SirSlashALot\n|-boost|p2a: SirSlashALot|atk|2\n|\n|upkeep\n|turn|10\n|\n|t:|1701180574\n|switch|p2a: Norbert|Dragonite, M, shiny|100\/100\n|move|p1a: GOOD TIMES|Earth Power|p2a: Norbert\n|-immune|p2a: Norbert\n|\n|upkeep\n|turn|11\n|\n|t:|1701180584\n|switch|p1a: THE SKY|Alomomola, F|40\/100\n|move|p2a: Norbert|Earthquake|p1a: THE SKY\n|-damage|p1a: THE SKY|16\/100\n|\n|upkeep\n|turn|12\n|\n|t:|1701180593\n|switch|p1a: WASTE OF TIME|Slowking-Galar, F|100\/100\n|move|p2a: Norbert|Dragon Dance|p2a: Norbert\n|-boost|p2a: Norbert|atk|1\n|-boost|p2a: Norbert|spe|1\n|\n|upkeep\n|turn|13\n|\n|t:|1701180599\n|move|p2a: Norbert|Earthquake|p1a: WASTE OF TIME\n|-supereffective|p1a: WASTE OF TIME\n|-damage|p1a: WASTE OF TIME|0 fnt\n|faint|p1a: WASTE OF TIME\n|\n|upkeep\n|\n|t:|1701180606\n|switch|p1a: COULD BE BLUE|Zamazenta|100\/100\n|turn|14\n|\n|t:|1701180612\n|move|p1a: COULD BE BLUE|Ice Fang|p2a: Norbert\n|-supereffective|p2a: Norbert\n|-damage|p2a: Norbert|55\/100\n|move|p2a: Norbert|Dragon Dance|p2a: Norbert\n|-boost|p2a: Norbert|atk|1\n|-boost|p2a: Norbert|spe|1\n|\n|upkeep\n|turn|15\n|\n|t:|1701180621\n|-terastallize|p2a: Norbert|Dragon\n|move|p2a: Norbert|Dragon Claw|p1a: COULD BE BLUE\n|-damage|p1a: COULD BE BLUE|0 fnt\n|faint|p1a: COULD BE BLUE\n|\n|upkeep\n|\n|t:|1701180628\n|switch|p1a: THE SKY|Alomomola, F|50\/100\n|turn|16\n|\n|t:|1701180641\n|switch|p1a: GOOD TIMES|Heatran, M|100\/100\n|move|p2a: Norbert|Dragon Claw|p1a: GOOD TIMES\n|-resisted|p1a: GOOD TIMES\n|-damage|p1a: GOOD TIMES|50\/100\n|\n|-heal|p1a: GOOD TIMES|57\/100|[from] item: Leftovers\n|upkeep\n|turn|17\n|\n|t:|1701180649\n|switch|p1a: STRAWBERRY SWING|Ursaluna, M|100\/100\n|move|p2a: Norbert|Earthquake|p1a: STRAWBERRY SWING\n|-damage|p1a: STRAWBERRY SWING|48\/100\n|\n|-status|p1a: STRAWBERRY SWING|brn|[from] item: Flame Orb\n|upkeep\n|turn|18\n|\n|t:|1701180659\n|move|p2a: Norbert|Earthquake|p1a: STRAWBERRY SWING\n|-crit|p1a: STRAWBERRY SWING\n|-damage|p1a: STRAWBERRY SWING|0 fnt\n|faint|p1a: STRAWBERRY SWING\n|\n|upkeep\n|\n|t:|1701180662\n|switch|p1a: THE SKY|Alomomola, F|83\/100\n|turn|19\n|\n|t:|1701180666\n|move|p2a: Norbert|Dragon Claw|p1a: THE SKY\n|-damage|p1a: THE SKY|4\/100\n|move|p1a: THE SKY|Toxic|p2a: Norbert\n|-status|p2a: Norbert|tox\n|\n|-damage|p2a: Norbert|48\/100 tox|[from] psn\n|upkeep\n|turn|20\n|\n|t:|1701180677\n|move|p1a: THE SKY|Protect|p1a: THE SKY\n|-singleturn|p1a: THE SKY|Protect\n|move|p2a: Norbert|Dragon Claw|p1a: THE SKY\n|-activate|p1a: THE SKY|move: Protect\n|\n|-damage|p2a: Norbert|36\/100 tox|[from] psn\n|upkeep\n|turn|21\n|\n|t:|1701180695\n|move|p1a: THE SKY|Protect|p1a: THE SKY\n|-singleturn|p1a: THE SKY|Protect\n|move|p2a: Norbert|Earthquake|p1a: THE SKY\n|-activate|p1a: THE SKY|move: Protect\n|\n|-damage|p2a: Norbert|18\/100 tox|[from] psn\n|upkeep\n|turn|22\n|\n|t:|1701180709\n|switch|p1a: SPACESHIPS|Tornadus-Therian, M|100\/100\n|move|p2a: Norbert|Earthquake|p1a: SPACESHIPS\n|-immune|p1a: SPACESHIPS\n|\n|-damage|p2a: Norbert|0 fnt|[from] psn\n|faint|p2a: Norbert\n|upkeep\n|\n|t:|1701180726\n|switch|p2a: Dancing Duck|Quaquaval, M, shiny|94\/100 tox\n|turn|23\n|\n|t:|1701180735\n|move|p1a: SPACESHIPS|Hurricane|p2a: Dancing Duck\n|-supereffective|p2a: Dancing Duck\n|-damage|p2a: Dancing Duck|13\/100 tox\n|move|p2a: Dancing Duck|Ice Spinner|p1a: SPACESHIPS\n|-supereffective|p1a: SPACESHIPS\n|-damage|p1a: SPACESHIPS|32\/100\n|\n|-damage|p2a: Dancing Duck|7\/100 tox|[from] psn\n|upkeep\n|turn|24\n|\n|t:|1701180748\n|switch|p1a: THE SKY|Alomomola, F|37\/100\n|move|p2a: Dancing Duck|Aqua Step|p1a: THE SKY\n|-resisted|p1a: THE SKY\n|-damage|p1a: THE SKY|25\/100\n|-boost|p2a: Dancing Duck|spe|1\n|\n|-damage|p2a: Dancing Duck|0 fnt|[from] psn\n|faint|p2a: Dancing Duck\n|upkeep\n|\n|t:|1701180760\n|switch|p2a: Papercut|Kartana, shiny|100\/100\n|turn|25\n|\n|t:|1701180765\n|move|p1a: THE SKY|Protect|p1a: THE SKY\n|-singleturn|p1a: THE SKY|Protect\n|move|p2a: Papercut|Sacred Sword|p1a: THE SKY\n|-activate|p1a: THE SKY|move: Protect\n|\n|upkeep\n|turn|26\n|\n|t:|1701180776\n|switch|p1a: SPACESHIPS|Tornadus-Therian, M|66\/100\n|move|p2a: Papercut|Sacred Sword|p1a: SPACESHIPS\n|-resisted|p1a: SPACESHIPS\n|-damage|p1a: SPACESHIPS|42\/100\n|\n|upkeep\n|turn|27\n|\n|t:|1701180784\n|move|p2a: Papercut|Sacred Sword|p1a: SPACESHIPS\n|-resisted|p1a: SPACESHIPS\n|-damage|p1a: SPACESHIPS|15\/100\n|move|p1a: SPACESHIPS|Hurricane|p2a: Papercut\n|-damage|p2a: Papercut|0 fnt\n|faint|p2a: Papercut\n|\n|upkeep\n|\n|t:|1701180793\n|switch|p2a: Freddy Fazbear|Ursaluna, M, shiny|100\/100\n|turn|28\n|\n|t:|1701180802\n|-zpower|p1a: SPACESHIPS\n|move|p1a: SPACESHIPS|Supersonic Skystrike|p2a: Freddy Fazbear|[zeffect]\n|-damage|p2a: Freddy Fazbear|35\/100\n|move|p2a: Freddy Fazbear|Play Rough|p1a: SPACESHIPS\n|-damage|p1a: SPACESHIPS|0 fnt\n|faint|p1a: SPACESHIPS\n|\n|-status|p2a: Freddy Fazbear|brn|[from] item: Flame Orb\n|upkeep\n|\n|t:|1701180809\n|switch|p1a: GOOD TIMES|Heatran, M|57\/100\n|turn|29\n|j| ch5\n|inactive|adem has 120 seconds left.\n|\n|t:|1701180842\n|-terastallize|p1a: GOOD TIMES|Grass\n|move|p1a: GOOD TIMES|Magma Storm|p2a: Freddy Fazbear\n|-damage|p2a: Freddy Fazbear|0 fnt\n|faint|p2a: Freddy Fazbear\n|\n|-heal|p1a: GOOD TIMES|63\/100|[from] item: Leftovers\n|upkeep\n|\n|t:|1701180854\n|switch|p2a: SirSlashALot|Aegislash, M, shiny|100\/100\n|turn|30\n|\n|t:|1701180860\n|move|p1a: GOOD TIMES|Magma Storm|p2a: SirSlashALot\n|-supereffective|p2a: SirSlashALot\n|-damage|p2a: SirSlashALot|28\/100\n|-activate|p2a: SirSlashALot|move: Magma Storm|[of] p1a: GOOD TIMES\n|move|p2a: SirSlashALot|Swords Dance|p2a: SirSlashALot\n|-boost|p2a: SirSlashALot|atk|2\n|\n|-heal|p1a: GOOD TIMES|69\/100|[from] item: Leftovers\n|-heal|p2a: SirSlashALot|34\/100|[from] item: Leftovers\n|-damage|p2a: SirSlashALot|22\/100|[from] move: Magma Storm|[partiallytrapped]\n|upkeep\n|turn|31\n|\n|t:|1701180873\n|-formechange|p2a: SirSlashALot|Aegislash-Blade||[from] ability: Stance Change\n|move|p2a: SirSlashALot|Shadow Sneak|p1a: GOOD TIMES\n|-damage|p1a: GOOD TIMES|27\/100\n|move|p1a: GOOD TIMES|Earth Power|p2a: SirSlashALot\n|-supereffective|p2a: SirSlashALot\n|-damage|p2a: SirSlashALot|0 fnt\n|faint|p2a: SirSlashALot\n|\n|-heal|p1a: GOOD TIMES|33\/100|[from] item: Leftovers\n|upkeep\n|\n|t:|1701180883\n|switch|p2a: Vesuvius|Heatran, M|74\/100\n|turn|32\n|\n|t:|1701180894\n|move|p1a: GOOD TIMES|Earth Power|p2a: Vesuvius\n|-supereffective|p2a: Vesuvius\n|-enditem|p2a: Vesuvius|Shuca Berry|[eat]\n|-enditem|p2a: Vesuvius|Shuca Berry|[weaken]\n|-damage|p2a: Vesuvius|33\/100\n|move|p2a: Vesuvius|Power Gem|p1a: GOOD TIMES\n|-damage|p1a: GOOD TIMES|14\/100\n|\n|-heal|p1a: GOOD TIMES|20\/100|[from] item: Leftovers\n|upkeep\n|turn|33\n|\n|t:|1701180905\n|switch|p1a: THE SKY|Alomomola, F|59\/100\n|move|p2a: Vesuvius|Power Gem|p1a: THE SKY\n|-damage|p1a: THE SKY|30\/100\n|\n|upkeep\n|turn|34\n|\n|t:|1701180918\n|move|p2a: Vesuvius|Earth Power|p1a: THE SKY\n|-damage|p1a: THE SKY|0 fnt\n|faint|p1a: THE SKY\n|\n|upkeep\n|\n|t:|1701180920\n|switch|p1a: GOOD TIMES|Heatran, M, tera:Grass|20\/100\n|turn|35\n|\n|t:|1701180924\n|move|p1a: GOOD TIMES|Earth Power|p2a: Vesuvius\n|-supereffective|p2a: Vesuvius\n|-damage|p2a: Vesuvius|0 fnt\n|faint|p2a: Vesuvius\n|\n|win|adem\n|n|\u2606adem|adem\n|n|\u2606Water656|water656\n|n| Box133|box133\n|n| RunicPower419|runicpower419\n|n| Bean shaped man|beanshapedman\n|n| ch5|ch5\n","uploadtime":1701180927,"views":3,"p1id":"adem","p2id":"water656","formatid":"gen9nationaldex","rating":0,"private":0,"password":""}