{"id":"gen9nationaldex-1993055868","p1":"Fealieya","p2":"Jackatlas007","format":"[Gen 9] National Dex","log":"|j|\u2606Fealieya\n|j|\u2606Jackatlas007\n|t:|1700259836\n|gametype|singles\n|player|p1|Fealieya|266|1122\n|player|p2|Jackatlas007|hiker-gen4|1148\n|teamsize|p1|6\n|teamsize|p2|6\n|gen|9\n|tier|[Gen 9] National Dex\n|rated|\n|rule|HP Percentage Mod: HP is shown in percentages\n|rule|Endless Battle Clause: Forcing endless battles is banned\n|rule|OHKO Clause: OHKO moves are banned\n|rule|Evasion Clause: Evasion abilities, items, and moves are banned\n|rule|Evasion Abilities Clause: Evasion abilities are banned\n|rule|Evasion Items Clause: Evasion items are banned\n|rule|Evasion Moves Clause: Evasion moves are banned\n|rule|Species Clause: Limit one of each Pok\u00e9mon\n|rule|Sleep Clause Mod: Limit one foe put to sleep\n|clearpoke\n|poke|p1|Alomomola, M|\n|poke|p1|Toxapex, M|\n|poke|p1|Moltres|\n|poke|p1|Pikachu, F|\n|poke|p1|Mawile, F|\n|poke|p1|Corviknight, F|\n|poke|p2|Salamence, F|\n|poke|p2|Grimmsnarl, M|\n|poke|p2|Volcarona, M|\n|poke|p2|Toxapex, F|\n|poke|p2|Lopunny, M|\n|poke|p2|Hoopa-Unbound|\n|teampreview\n|inactive|Battle timer is ON: inactive players will automatically lose when time's up. (requested by Jackatlas007)\n|\n|t:|1700259844\n|start\n|switch|p1a: Alomomola|Alomomola, M|100\/100\n|switch|p2a: Grimmsnarl|Grimmsnarl, M|100\/100\n|turn|1\n|\n|t:|1700259853\n|move|p2a: Grimmsnarl|Taunt|p1a: Alomomola\n|-start|p1a: Alomomola|move: Taunt\n|cant|p1a: Alomomola|move: Taunt|Toxic\n|\n|upkeep\n|turn|2\n|\n|t:|1700259877\n|move|p2a: Grimmsnarl|Light Screen|p2a: Grimmsnarl\n|-sidestart|p2: Jackatlas007|move: Light Screen\n|move|p1a: Alomomola|Flip Turn|p2a: Grimmsnarl\n|-damage|p2a: Grimmsnarl|82\/100\n|\n|t:|1700259888\n|switch|p1a: Pikachu|Pikachu, F|100\/100|[from] Flip Turn\n|\n|upkeep\n|turn|3\n|\n|t:|1700259891\n|move|p1a: Pikachu|Fake Out|p2a: Grimmsnarl\n|-damage|p2a: Grimmsnarl|65\/100\n|cant|p2a: Grimmsnarl|flinch\n|\n|upkeep\n|turn|4\n|\n|t:|1700259899\n|move|p2a: Grimmsnarl|Reflect|p2a: Grimmsnarl\n|-sidestart|p2: Jackatlas007|Reflect\n|move|p1a: Pikachu|Volt Switch|p2a: Grimmsnarl\n|-damage|p2a: Grimmsnarl|52\/100\n|\n|t:|1700259903\n|switch|p1a: Alomomola|Alomomola, M|100\/100|[from] Volt Switch\n|\n|upkeep\n|turn|5\n|\n|t:|1700259909\n|move|p2a: Grimmsnarl|Parting Shot|p1a: Alomomola\n|-unboost|p1a: Alomomola|atk|1\n|-unboost|p1a: Alomomola|spa|1\n|\n|t:|1700259912\n|switch|p2a: Salamence|Salamence, F|100\/100|[from] Parting Shot\n|move|p1a: Alomomola|Flip Turn|p2a: Salamence\n|-resisted|p2a: Salamence\n|-damage|p2a: Salamence|97\/100\n|\n|t:|1700259919\n|switch|p1a: Pikachu|Pikachu, F|100\/100|[from] Flip Turn\n|\n|upkeep\n|turn|6\n|\n|t:|1700259927\n|move|p1a: Pikachu|Fake Out|p2a: Salamence\n|-damage|p2a: Salamence|87\/100\n|cant|p2a: Salamence|flinch\n|\n|upkeep\n|turn|7\n|\n|t:|1700259939\n|switch|p1a: Toxapex|Toxapex, M|100\/100\n|move|p2a: Salamence|Dragon Dance|p2a: Salamence\n|-boost|p2a: Salamence|atk|1\n|-boost|p2a: Salamence|spe|1\n|\n|upkeep\n|turn|8\n|\n|t:|1700259946\n|-terastallize|p2a: Salamence|Steel\n|move|p2a: Salamence|Dragon Dance|p2a: Salamence\n|-boost|p2a: Salamence|atk|1\n|-boost|p2a: Salamence|spe|1\n|move|p1a: Toxapex|Haze|p1a: Toxapex\n|-clearallboost\n|\n|upkeep\n|turn|9\n|\n|t:|1700259955\n|move|p1a: Toxapex|Baneful Bunker|p1a: Toxapex\n|-singleturn|p1a: Toxapex|move: Protect\n|move|p2a: Salamence|Earthquake|p1a: Toxapex\n|-activate|p1a: Toxapex|move: Protect\n|\n|-sideend|p2: Jackatlas007|move: Light Screen\n|upkeep\n|turn|10\n|\n|t:|1700259965\n|move|p2a: Salamence|Dragon Dance|p2a: Salamence\n|-boost|p2a: Salamence|atk|1\n|-boost|p2a: Salamence|spe|1\n|move|p1a: Toxapex|Haze|p1a: Toxapex\n|-clearallboost\n|\n|upkeep\n|turn|11\n|\n|t:|1700259972\n|move|p2a: Salamence|Dragon Dance|p2a: Salamence\n|-boost|p2a: Salamence|atk|1\n|-boost|p2a: Salamence|spe|1\n|move|p1a: Toxapex|Haze|p1a: Toxapex\n|-clearallboost\n|\n|-sideend|p2: Jackatlas007|Reflect\n|upkeep\n|turn|12\n|\n|t:|1700259977\n|move|p1a: Toxapex|Baneful Bunker|p1a: Toxapex\n|-singleturn|p1a: Toxapex|move: Protect\n|move|p2a: Salamence|Dragon Dance|p2a: Salamence\n|-boost|p2a: Salamence|atk|1\n|-boost|p2a: Salamence|spe|1\n|\n|upkeep\n|turn|13\n|\n|t:|1700259982\n|move|p2a: Salamence|Earthquake|p1a: Toxapex\n|-supereffective|p1a: Toxapex\n|-damage|p1a: Toxapex|8\/100\n|move|p1a: Toxapex|Haze|p1a: Toxapex\n|-clearallboost\n|\n|-heal|p1a: Toxapex|15\/100|[from] item: Leftovers\n|upkeep\n|turn|14\n|\n|t:|1700259994\n|switch|p1a: Alomomola|Alomomola, M|100\/100\n|move|p2a: Salamence|Earthquake|p1a: Alomomola\n|-damage|p1a: Alomomola|80\/100\n|\n|-heal|p1a: Alomomola|87\/100|[from] item: Leftovers\n|upkeep\n|turn|15\n|\n|t:|1700259999\n|move|p2a: Salamence|Dragon Dance|p2a: Salamence\n|-boost|p2a: Salamence|atk|1\n|-boost|p2a: Salamence|spe|1\n|move|p1a: Alomomola|Flip Turn|p2a: Salamence\n|-damage|p2a: Salamence|65\/100\n|\n|t:|1700260004\n|switch|p1a: Pikachu|Pikachu, F|100\/100|[from] Flip Turn\n|\n|upkeep\n|turn|16\n|\n|t:|1700260008\n|-terastallize|p1a: Pikachu|Normal\n|move|p1a: Pikachu|Fake Out|p2a: Salamence\n|-resisted|p2a: Salamence\n|-damage|p2a: Salamence|49\/100\n|cant|p2a: Salamence|flinch\n|\n|upkeep\n|turn|17\n|\n|t:|1700260018\n|switch|p1a: Moltres|Moltres|100\/100\n|move|p2a: Salamence|Iron Head|p1a: Moltres\n|-resisted|p1a: Moltres\n|-damage|p1a: Moltres|66\/100\n|\n|upkeep\n|turn|18\n|\n|t:|1700260039\n|switch|p1a: Toxapex|Toxapex, M|48\/100\n|move|p2a: Salamence|Iron Head|p1a: Toxapex\n|-resisted|p1a: Toxapex\n|-damage|p1a: Toxapex|21\/100\n|\n|-heal|p1a: Toxapex|27\/100|[from] item: Leftovers\n|upkeep\n|turn|19\n|\n|t:|1700260044\n|move|p1a: Toxapex|Baneful Bunker|p1a: Toxapex\n|-singleturn|p1a: Toxapex|move: Protect\n|move|p2a: Salamence|Earthquake|p1a: Toxapex\n|-activate|p1a: Toxapex|move: Protect\n|\n|-heal|p1a: Toxapex|33\/100|[from] item: Leftovers\n|upkeep\n|turn|20\n|\n|t:|1700260053\n|switch|p1a: Moltres|Moltres|66\/100\n|move|p2a: Salamence|Iron Head|p1a: Moltres\n|-resisted|p1a: Moltres\n|-damage|p1a: Moltres|26\/100\n|\n|upkeep\n|turn|21\n|\n|t:|1700260059\n|move|p2a: Salamence|Iron Head|p1a: Moltres\n|-resisted|p1a: Moltres\n|-crit|p1a: Moltres\n|-damage|p1a: Moltres|0 fnt\n|faint|p1a: Moltres\n|-ability|p2a: Salamence|Moxie|boost\n|-boost|p2a: Salamence|atk|1\n|\n|upkeep\n|\n|t:|1700260063\n|switch|p1a: Pikachu|Pikachu, F, tera:Normal|100\/100\n|turn|22\n|\n|t:|1700260067\n|move|p1a: Pikachu|Fake Out|p2a: Salamence\n|-resisted|p2a: Salamence\n|-damage|p2a: Salamence|35\/100\n|cant|p2a: Salamence|flinch\n|\n|upkeep\n|turn|23\n|\n|t:|1700260076\n|switch|p1a: Corviknight|Corviknight, F|100\/100\n|move|p2a: Salamence|Dragon Dance|p2a: Salamence\n|-boost|p2a: Salamence|atk|1\n|-boost|p2a: Salamence|spe|1\n|\n|upkeep\n|turn|24\n|\n|t:|1700260083\n|move|p2a: Salamence|Iron Head|p1a: Corviknight\n|-resisted|p1a: Corviknight\n|-damage|p1a: Corviknight|64\/100\n|-damage|p2a: Salamence|18\/100|[from] item: Rocky Helmet|[of] p1a: Corviknight\n|cant|p1a: Corviknight|flinch\n|\n|upkeep\n|turn|25\n|\n|t:|1700260088\n|move|p2a: Salamence|Iron Head|p1a: Corviknight\n|-resisted|p1a: Corviknight\n|-damage|p1a: Corviknight|31\/100\n|-damage|p2a: Salamence|2\/100|[from] item: Rocky Helmet|[of] p1a: Corviknight\n|cant|p1a: Corviknight|flinch\n|\n|upkeep\n|turn|26\n|\n|t:|1700260094\n|move|p2a: Salamence|Iron Head|p1a: Corviknight\n|-resisted|p1a: Corviknight\n|-damage|p1a: Corviknight|0 fnt\n|-damage|p2a: Salamence|0 fnt|[from] item: Rocky Helmet|[of] p1a: Corviknight\n|faint|p1a: Corviknight\n|faint|p2a: Salamence\n|\n|upkeep\n|\n|t:|1700260105\n|switch|p2a: Grimmsnarl|Grimmsnarl, M|52\/100\n|switch|p1a: Alomomola|Alomomola, M|100\/100\n|turn|27\n|\n|t:|1700260112\n|move|p2a: Grimmsnarl|Reflect|p2a: Grimmsnarl\n|-sidestart|p2: Jackatlas007|Reflect\n|move|p1a: Alomomola|Flip Turn|p2a: Grimmsnarl\n|-damage|p2a: Grimmsnarl|44\/100\n|\n|t:|1700260116\n|switch|p1a: Pikachu|Pikachu, F, tera:Normal|100\/100|[from] Flip Turn\n|\n|upkeep\n|turn|28\n|\n|t:|1700260123\n|move|p1a: Pikachu|Fake Out|p2a: Grimmsnarl\n|-damage|p2a: Grimmsnarl|30\/100\n|cant|p2a: Grimmsnarl|flinch\n|\n|upkeep\n|turn|29\n|\n|t:|1700260129\n|move|p1a: Pikachu|Extreme Speed|p2a: Grimmsnarl\n|-damage|p2a: Grimmsnarl|3\/100\n|move|p2a: Grimmsnarl|Light Screen|p2a: Grimmsnarl\n|-sidestart|p2: Jackatlas007|move: Light Screen\n|\n|upkeep\n|turn|30\n|\n|t:|1700260137\n|move|p1a: Pikachu|Extreme Speed|p2a: Grimmsnarl\n|-crit|p2a: Grimmsnarl\n|-damage|p2a: Grimmsnarl|0 fnt\n|faint|p2a: Grimmsnarl\n|\n|upkeep\n|\n|t:|1700260141\n|switch|p2a: Lopunny|Lopunny, M|100\/100\n|turn|31\n|\n|t:|1700260147\n|switch|p1a: Toxapex|Toxapex, M|67\/100\n|detailschange|p2a: Lopunny|Lopunny-Mega, M\n|-mega|p2a: Lopunny|Lopunny|Lopunnite\n|move|p2a: Lopunny|Fake Out|p1a: Toxapex\n|-damage|p1a: Toxapex|50\/100\n|\n|-heal|p1a: Toxapex|57\/100|[from] item: Leftovers\n|upkeep\n|turn|32\n|\n|t:|1700260157\n|switch|p2a: Volcarona|Volcarona, M|100\/100\n|move|p1a: Toxapex|Toxic|p2a: Volcarona\n|-status|p2a: Volcarona|tox\n|\n|-heal|p1a: Toxapex|63\/100|[from] item: Leftovers\n|-damage|p2a: Volcarona|94\/100 tox|[from] psn\n|upkeep\n|turn|33\n|\n|t:|1700260166\n|move|p1a: Toxapex|Baneful Bunker|p1a: Toxapex\n|-singleturn|p1a: Toxapex|move: Protect\n|move|p2a: Volcarona|Quiver Dance|p2a: Volcarona\n|-boost|p2a: Volcarona|spa|1\n|-boost|p2a: Volcarona|spd|1\n|-boost|p2a: Volcarona|spe|1\n|\n|-heal|p1a: Toxapex|69\/100|[from] item: Leftovers\n|-damage|p2a: Volcarona|82\/100 tox|[from] psn\n|upkeep\n|turn|34\n|\n|t:|1700260170\n|move|p2a: Volcarona|Giga Drain|p1a: Toxapex\n|-damage|p1a: Toxapex|40\/100\n|-heal|p2a: Volcarona|97\/100 tox|[from] drain|[of] p1a: Toxapex\n|move|p1a: Toxapex|Haze|p1a: Toxapex\n|-clearallboost\n|\n|-heal|p1a: Toxapex|46\/100|[from] item: Leftovers\n|-damage|p2a: Volcarona|78\/100 tox|[from] psn\n|-sideend|p2: Jackatlas007|Reflect\n|upkeep\n|turn|35\n|\n|t:|1700260178\n|move|p2a: Volcarona|Quiver Dance|p2a: Volcarona\n|-boost|p2a: Volcarona|spa|1\n|-boost|p2a: Volcarona|spd|1\n|-boost|p2a: Volcarona|spe|1\n|move|p1a: Toxapex|Recover|p1a: Toxapex\n|-heal|p1a: Toxapex|96\/100\n|\n|-heal|p1a: Toxapex|100\/100|[from] item: Leftovers\n|-damage|p2a: Volcarona|54\/100 tox|[from] psn\n|upkeep\n|turn|36\n|\n|t:|1700260181\n|move|p2a: Volcarona|Giga Drain|p1a: Toxapex\n|-damage|p1a: Toxapex|73\/100\n|-heal|p2a: Volcarona|68\/100 tox|[from] drain|[of] p1a: Toxapex\n|move|p1a: Toxapex|Haze|p1a: Toxapex\n|-clearallboost\n|\n|-heal|p1a: Toxapex|79\/100|[from] item: Leftovers\n|-damage|p2a: Volcarona|37\/100 tox|[from] psn\n|-sideend|p2: Jackatlas007|move: Light Screen\n|upkeep\n|turn|37\n|\n|t:|1700260188\n|move|p2a: Volcarona|Giga Drain|p1a: Toxapex\n|-crit|p1a: Toxapex\n|-damage|p1a: Toxapex|50\/100\n|-heal|p2a: Volcarona|52\/100 tox|[from] drain|[of] p1a: Toxapex\n|move|p1a: Toxapex|Haze|p1a: Toxapex\n|-clearallboost\n|\n|-heal|p1a: Toxapex|56\/100|[from] item: Leftovers\n|-damage|p2a: Volcarona|15\/100 tox|[from] psn\n|upkeep\n|turn|38\n|\n|t:|1700260193\n|move|p2a: Volcarona|Giga Drain|p1a: Toxapex\n|-damage|p1a: Toxapex|38\/100\n|-heal|p2a: Volcarona|24\/100 tox|[from] drain|[of] p1a: Toxapex\n|move|p1a: Toxapex|Recover|p1a: Toxapex\n|-heal|p1a: Toxapex|88\/100\n|\n|-heal|p1a: Toxapex|94\/100|[from] item: Leftovers\n|-damage|p2a: Volcarona|0 fnt|[from] psn\n|faint|p2a: Volcarona\n|upkeep\n|\n|t:|1700260201\n|switch|p2a: Hoopa|Hoopa-Unbound|100\/100\n|turn|39\n|\n|t:|1700260209\n|switch|p1a: Mawile|Mawile, F|100\/100\n|-ability|p1a: Mawile|Intimidate|boost\n|-unboost|p2a: Hoopa|atk|1\n|move|p2a: Hoopa|Psychic|p1a: Mawile\n|-resisted|p1a: Mawile\n|-damage|p1a: Mawile|32\/100\n|\n|upkeep\n|turn|40\n|\n|t:|1700260219\n|switch|p2a: Toxapex|Toxapex, F|100\/100\n|detailschange|p1a: Mawile|Mawile-Mega, F\n|-mega|p1a: Mawile|Mawile|Mawilite\n|move|p1a: Mawile|Sucker Punch||[still]\n|-fail|p1a: Mawile\n|\n|upkeep\n|turn|41\n|\n|t:|1700260226\n|move|p1a: Mawile|Sucker Punch|p2a: Toxapex\n|-damage|p2a: Toxapex|72\/100\n|move|p2a: Toxapex|Scald|p1a: Mawile\n|-damage|p1a: Mawile|5\/100\n|\n|-heal|p2a: Toxapex|78\/100|[from] item: Black Sludge\n|upkeep\n|turn|42\n|\n|t:|1700260233\n|move|p1a: Mawile|Play Rough|p2a: Toxapex\n|-resisted|p2a: Toxapex\n|-damage|p2a: Toxapex|50\/100\n|move|p2a: Toxapex|Scald|p1a: Mawile\n|-crit|p1a: Mawile\n|-damage|p1a: Mawile|0 fnt\n|faint|p1a: Mawile\n|\n|-heal|p2a: Toxapex|56\/100|[from] item: Black Sludge\n|upkeep\n|\n|t:|1700260239\n|switch|p1a: Pikachu|Pikachu, F, tera:Normal|100\/100\n|turn|43\n|\n|t:|1700260241\n|move|p2a: Toxapex|Baneful Bunker|p2a: Toxapex\n|-singleturn|p2a: Toxapex|move: Protect\n|move|p1a: Pikachu|Fake Out|p2a: Toxapex\n|-activate|p2a: Toxapex|move: Protect\n|-status|p1a: Pikachu|psn\n|\n|-heal|p2a: Toxapex|63\/100|[from] item: Black Sludge\n|-damage|p1a: Pikachu|88\/100 psn|[from] psn\n|upkeep\n|turn|44\n|\n|t:|1700260249\n|move|p1a: Pikachu|Volt Tackle|p2a: Toxapex\n|-supereffective|p2a: Toxapex\n|-damage|p2a: Toxapex|0 fnt\n|faint|p2a: Toxapex\n|-damage|p1a: Pikachu|59\/100 psn|[from] Recoil\n|\n|-damage|p1a: Pikachu|46\/100 psn|[from] psn\n|upkeep\n|\n|t:|1700260252\n|switch|p2a: Lopunny|Lopunny-Mega, M|100\/100\n|turn|45\n|\n|t:|1700260255\n|switch|p1a: Toxapex|Toxapex, M|100\/100\n|move|p2a: Lopunny|Fake Out|p1a: Toxapex\n|-damage|p1a: Toxapex|84\/100\n|\n|-heal|p1a: Toxapex|90\/100|[from] item: Leftovers\n|upkeep\n|turn|46\n|\n|t:|1700260261\n|switch|p2a: Hoopa|Hoopa-Unbound|100\/100\n|move|p1a: Toxapex|Toxic|p2a: Hoopa\n|-status|p2a: Hoopa|tox\n|\n|-heal|p1a: Toxapex|96\/100|[from] item: Leftovers\n|-damage|p2a: Hoopa|95\/100 tox|[from] psn\n|upkeep\n|turn|47\n|\n|t:|1700260266\n|move|p1a: Toxapex|Baneful Bunker|p1a: Toxapex\n|-singleturn|p1a: Toxapex|move: Protect\n|move|p2a: Hoopa|Psychic|p1a: Toxapex\n|-activate|p1a: Toxapex|move: Protect\n|\n|-heal|p1a: Toxapex|100\/100|[from] item: Leftovers\n|-damage|p2a: Hoopa|83\/100 tox|[from] psn\n|upkeep\n|turn|48\n|\n|t:|1700260273\n|switch|p1a: Alomomola|Alomomola, M|100\/100\n|move|p2a: Hoopa|Psychic|p1a: Alomomola\n|-damage|p1a: Alomomola|31\/100\n|\n|-heal|p1a: Alomomola|38\/100|[from] item: Leftovers\n|-damage|p2a: Hoopa|65\/100 tox|[from] psn\n|upkeep\n|turn|49\n|\n|t:|1700260283\n|move|p2a: Hoopa|Psychic|p1a: Alomomola\n|-damage|p1a: Alomomola|0 fnt\n|faint|p1a: Alomomola\n|\n|-damage|p2a: Hoopa|41\/100 tox|[from] psn\n|upkeep\n|\n|t:|1700260286\n|switch|p1a: Pikachu|Pikachu, F, tera:Normal|46\/100 psn\n|turn|50\n|\n|t:|1700260289\n|move|p1a: Pikachu|Fake Out|p2a: Hoopa\n|-damage|p2a: Hoopa|0 fnt\n|faint|p2a: Hoopa\n|\n|-damage|p1a: Pikachu|34\/100 psn|[from] psn\n|upkeep\n|\n|t:|1700260291\n|switch|p2a: Lopunny|Lopunny-Mega, M|100\/100\n|turn|51\n|\n|t:|1700260293\n|switch|p1a: Toxapex|Toxapex, M|100\/100\n|move|p2a: Lopunny|Fake Out|p1a: Toxapex\n|-damage|p1a: Toxapex|83\/100\n|\n|-heal|p1a: Toxapex|90\/100|[from] item: Leftovers\n|upkeep\n|turn|52\n|\n|t:|1700260295\n|move|p2a: Lopunny|Return|p1a: Toxapex\n|-damage|p1a: Toxapex|44\/100\n|move|p1a: Toxapex|Toxic|p2a: Lopunny\n|-status|p2a: Lopunny|tox\n|\n|-heal|p1a: Toxapex|50\/100|[from] item: Leftovers\n|-damage|p2a: Lopunny|95\/100 tox|[from] psn\n|upkeep\n|turn|53\n|\n|t:|1700260301\n|move|p1a: Toxapex|Baneful Bunker|p1a: Toxapex\n|-singleturn|p1a: Toxapex|move: Protect\n|move|p2a: Lopunny|Return|p1a: Toxapex\n|-activate|p1a: Toxapex|move: Protect\n|\n|-heal|p1a: Toxapex|57\/100|[from] item: Leftovers\n|-damage|p2a: Lopunny|83\/100 tox|[from] psn\n|upkeep\n|turn|54\n|\n|t:|1700260307\n|move|p2a: Lopunny|Return|p1a: Toxapex\n|-damage|p1a: Toxapex|17\/100\n|move|p1a: Toxapex|Recover|p1a: Toxapex\n|-heal|p1a: Toxapex|67\/100\n|\n|-heal|p1a: Toxapex|73\/100|[from] item: Leftovers\n|-damage|p2a: Lopunny|65\/100 tox|[from] psn\n|upkeep\n|turn|55\n|\n|t:|1700260312\n|move|p2a: Lopunny|Return|p1a: Toxapex\n|-damage|p1a: Toxapex|28\/100\n|move|p1a: Toxapex|Recover|p1a: Toxapex\n|-heal|p1a: Toxapex|78\/100\n|\n|-heal|p1a: Toxapex|84\/100|[from] item: Leftovers\n|-damage|p2a: Lopunny|41\/100 tox|[from] psn\n|upkeep\n|turn|56\n|\n|t:|1700260318\n|move|p1a: Toxapex|Baneful Bunker|p1a: Toxapex\n|-singleturn|p1a: Toxapex|move: Protect\n|move|p2a: Lopunny|Return|p1a: Toxapex\n|-activate|p1a: Toxapex|move: Protect\n|\n|-heal|p1a: Toxapex|90\/100|[from] item: Leftovers\n|-damage|p2a: Lopunny|12\/100 tox|[from] psn\n|upkeep\n|turn|57\n|c|\u2606Jackatlas007|Your mother is a drunk bitch\n|n|\u203dJackatlas007|jackatlas007\n|c|&|\/log Jackatlas007 was locked from talking by Artemis. (\u2606Jackatlas007: Your mother is a drunk bitch)\n|c|&|\/raw <small>This action was done automatically. Want to learn more about the AI? <a href=\"https:\/\/www.smogon.com\/forums\/threads\/3570628\/#post-9056769\">Visit the information thread<\/a>.<\/small>\n|\n|t:|1700260347\n|move|p2a: Lopunny|Return|p1a: Toxapex\n|-damage|p1a: Toxapex|51\/100\n|move|p1a: Toxapex|Recover|p1a: Toxapex\n|-heal|p1a: Toxapex|100\/100\n|\n|-damage|p2a: Lopunny|0 fnt|[from] psn\n|faint|p2a: Lopunny\n|\n|win|Fealieya\n|upkeep\n|raw|Fealieya's rating: 1122 &rarr; <strong>1149<\/strong><br \/>(+27 for winning)\n|raw|Jackatlas007's rating: 1148 &rarr; <strong>1121<\/strong><br \/>(-27 for losing)\n","uploadtime":1700260338,"views":6,"p1id":"fealieya","p2id":"jackatlas007","formatid":"gen9nationaldex","rating":1121,"private":0,"password":""}