{"id":"gen9nationaldex-1999817279","p1":"Muslceman2033","p2":"MarcusTalks","format":"[Gen 9] National Dex","log":"|html|<div class=\"broadcast-blue\"><strong>[Gen 9] National Dex is currently suspecting Sneasler! For information on how to participate check out the <a href=\"https:\/\/www.smogon.com\/forums\/threads\/sv-national-dex-suspect-8-just-dance.3731534\/\">suspect thread<\/a>.<\/strong><\/div>\n|j|\u2606Muslceman2033\n|j|\u2606MarcusTalks\n|t:|1701119463\n|gametype|singles\n|player|p1|Muslceman2033|benga|\n|player|p2|MarcusTalks|steven|\n|teamsize|p1|6\n|teamsize|p2|6\n|gen|9\n|tier|[Gen 9] National Dex\n|rule|HP Percentage Mod: HP is shown in percentages\n|rule|Endless Battle Clause: Forcing endless battles is banned\n|rule|OHKO Clause: OHKO moves are banned\n|rule|Evasion Clause: Evasion abilities, items, and moves are banned\n|rule|Evasion Abilities Clause: Evasion abilities are banned\n|rule|Evasion Items Clause: Evasion items are banned\n|rule|Evasion Moves Clause: Evasion moves are banned\n|rule|Species Clause: Limit one of each Pok\u00e9mon\n|rule|Sleep Clause Mod: Limit one foe put to sleep\n|clearpoke\n|poke|p1|Silvally-*|\n|poke|p1|Scizor, M|\n|poke|p1|Iron Valiant|\n|poke|p1|Iron Treads|\n|poke|p1|Aegislash, F|\n|poke|p1|Steelix, F|\n|poke|p2|Camerupt, M|\n|poke|p2|Alomomola, F|\n|poke|p2|Garganacl, M|\n|poke|p2|Sneasler, F|\n|poke|p2|Avalugg-Hisui, M|\n|poke|p2|Zoroark-Hisui, M|\n|teampreview\n|c|\u2606MarcusTalks|Glhf\n|c|\u2606Muslceman2033|alomomola?\n|c|\u2606Muslceman2033|interesting\n|c|\u2606MarcusTalks|Yeah what about it?\n|c|\u2606MarcusTalks|Where is Alex, he said he wanted to watch\n|c|\u2606Muslceman2033|ngl not my first pick\n|\n|t:|1701119528\n|start\n|switch|p1a: Iron Treads|Iron Treads, shiny|100\/100\n|switch|p2a: Avalugg|Avalugg-Hisui, M, shiny|100\/100\n|-enditem|p1a: Iron Treads|Booster Energy\n|-activate|p1a: Iron Treads|ability: Quark Drive|[fromitem]\n|-start|p1a: Iron Treads|quarkdrivespe\n|turn|1\n|\n|t:|1701119546\n|move|p1a: Iron Treads|Earthquake|p2a: Avalugg\n|-damage|p2a: Avalugg|11\/100\n|replace|p2a: Zoroark|Zoroark-Hisui, M, shiny\n|-end|p2a: Zoroark|Illusion\n|move|p2a: Zoroark|Flamethrower|p1a: Iron Treads\n|-supereffective|p1a: Iron Treads\n|-damage|p1a: Iron Treads|0 fnt\n|faint|p1a: Iron Treads\n|-end|p1a: Iron Treads|Quark Drive|[silent]\n|\n|upkeep\n|\n|t:|1701119556\n|switch|p1a: Aegislash|Aegislash, F, shiny|100\/100\n|turn|2\n|\n|t:|1701119561\n|move|p2a: Zoroark|Flamethrower|p1a: Aegislash\n|-supereffective|p1a: Aegislash\n|-damage|p1a: Aegislash|25\/100\n|-formechange|p1a: Aegislash|Aegislash-Blade||[from] ability: Stance Change\n|move|p1a: Aegislash|Iron Head|p2a: Zoroark\n|-damage|p2a: Zoroark|0 fnt\n|faint|p2a: Zoroark\n|\n|upkeep\n|\n|t:|1701119578\n|switch|p2a: Alomomola|Alomomola, F|100\/100\n|turn|3\n|\n|t:|1701119582\n|move|p1a: Aegislash|Shadow Sneak|p2a: Alomomola\n|-crit|p2a: Alomomola\n|-damage|p2a: Alomomola|82\/100\n|move|p2a: Alomomola|Scald|p1a: Aegislash\n|-damage|p1a: Aegislash|0 fnt\n|faint|p1a: Aegislash\n|\n|-heal|p2a: Alomomola|89\/100|[from] item: Leftovers\n|upkeep\n|\n|t:|1701119595\n|switch|p1a: Scizor|Scizor, M, shiny|100\/100\n|turn|4\n|\n|t:|1701119602\n|-terastallize|p1a: Scizor|Flying\n|move|p2a: Alomomola|Protect|p2a: Alomomola\n|-singleturn|p2a: Alomomola|Protect\n|move|p1a: Scizor|Dual Wingbeat|p2a: Alomomola\n|-activate|p2a: Alomomola|move: Protect\n|\n|-heal|p2a: Alomomola|95\/100|[from] item: Leftovers\n|upkeep\n|turn|5\n|\n|t:|1701119616\n|switch|p2a: Garganacl|Garganacl, M|100\/100\n|move|p1a: Scizor|Dual Wingbeat|p2a: Garganacl\n|-resisted|p2a: Garganacl\n|-damage|p2a: Garganacl|92\/100\n|-resisted|p2a: Garganacl\n|-damage|p2a: Garganacl|83\/100\n|-hitcount|p2a: Garganacl|2\n|\n|-heal|p2a: Garganacl|89\/100|[from] item: Leftovers\n|upkeep\n|turn|6\n|\n|t:|1701119639\n|-terastallize|p2a: Garganacl|Water\n|move|p1a: Scizor|Bullet Punch|p2a: Garganacl\n|-resisted|p2a: Garganacl\n|-damage|p2a: Garganacl|80\/100\n|move|p2a: Garganacl|Stealth Rock|p1a: Scizor\n|-sidestart|p1: Muslceman2033|move: Stealth Rock\n|\n|-heal|p2a: Garganacl|87\/100|[from] item: Leftovers\n|upkeep\n|turn|7\n|\n|t:|1701119649\n|move|p1a: Scizor|Dual Wingbeat|p2a: Garganacl\n|-damage|p2a: Garganacl|70\/100\n|-damage|p2a: Garganacl|53\/100\n|-hitcount|p2a: Garganacl|2\n|move|p2a: Garganacl|Substitute|p2a: Garganacl\n|-start|p2a: Garganacl|Substitute\n|-damage|p2a: Garganacl|28\/100\n|\n|-heal|p2a: Garganacl|34\/100|[from] item: Leftovers\n|upkeep\n|turn|8\n|j| MikazukiRex_\n|\n|t:|1701119658\n|move|p1a: Scizor|Dual Wingbeat|p2a: Garganacl\n|-activate|p2a: Garganacl|move: Substitute|[damage]\n|-end|p2a: Garganacl|Substitute\n|-hitcount|p2a: Garganacl|2\n|move|p2a: Garganacl|Recover|p2a: Garganacl\n|-heal|p2a: Garganacl|84\/100\n|\n|-heal|p2a: Garganacl|90\/100|[from] item: Leftovers\n|upkeep\n|turn|9\n|\n|t:|1701119668\n|move|p1a: Scizor|Dual Wingbeat|p2a: Garganacl\n|-damage|p2a: Garganacl|67\/100\n|-damage|p2a: Garganacl|44\/100\n|-hitcount|p2a: Garganacl|2\n|move|p2a: Garganacl|Salt Cure|p1a: Scizor\n|-supereffective|p1a: Scizor\n|-damage|p1a: Scizor|74\/100\n|-start|p1a: Scizor|Salt Cure\n|\n|-heal|p2a: Garganacl|50\/100|[from] item: Leftovers\n|-damage|p1a: Scizor|61\/100|[from] Salt Cure\n|upkeep\n|turn|10\n|\n|t:|1701119682\n|switch|p1a: Steelix|Steelix, F, shiny|100\/100\n|-damage|p1a: Steelix|97\/100|[from] Stealth Rock\n|move|p2a: Garganacl|Recover|p2a: Garganacl\n|-heal|p2a: Garganacl|100\/100\n|\n|upkeep\n|turn|11\n|\n|t:|1701119690\n|detailschange|p1a: Steelix|Steelix-Mega, F, shiny\n|-mega|p1a: Steelix|Steelix|Steelixite\n|move|p2a: Garganacl|Salt Cure|p1a: Steelix\n|-resisted|p1a: Steelix\n|-damage|p1a: Steelix|96\/100\n|-start|p1a: Steelix|Salt Cure\n|move|p1a: Steelix|Thunder Fang|p2a: Garganacl\n|-supereffective|p2a: Garganacl\n|-damage|p2a: Garganacl|75\/100\n|\n|-heal|p2a: Garganacl|81\/100|[from] item: Leftovers\n|-damage|p1a: Steelix|71\/100|[from] Salt Cure\n|upkeep\n|turn|12\n|\n|t:|1701119702\n|move|p2a: Garganacl|Substitute|p2a: Garganacl\n|-start|p2a: Garganacl|Substitute\n|-damage|p2a: Garganacl|56\/100\n|move|p1a: Steelix|Thunder Fang|p2a: Garganacl\n|-supereffective|p2a: Garganacl\n|-crit|p2a: Garganacl\n|-end|p2a: Garganacl|Substitute\n|\n|-heal|p2a: Garganacl|63\/100|[from] item: Leftovers\n|-damage|p1a: Steelix|46\/100|[from] Salt Cure\n|upkeep\n|turn|13\n|l| MikazukiRex_\n|\n|t:|1701119712\n|move|p2a: Garganacl|Substitute|p2a: Garganacl\n|-start|p2a: Garganacl|Substitute\n|-damage|p2a: Garganacl|38\/100\n|move|p1a: Steelix|Thunder Fang|p2a: Garganacl\n|-supereffective|p2a: Garganacl\n|-activate|p2a: Garganacl|move: Substitute|[damage]\n|\n|-heal|p2a: Garganacl|44\/100|[from] item: Leftovers\n|-damage|p1a: Steelix|21\/100|[from] Salt Cure\n|upkeep\n|turn|14\n|\n|t:|1701119722\n|move|p2a: Garganacl|Recover|p2a: Garganacl\n|-heal|p2a: Garganacl|94\/100\n|move|p1a: Steelix|Thunder Fang|p2a: Garganacl\n|-supereffective|p2a: Garganacl\n|-end|p2a: Garganacl|Substitute\n|\n|-heal|p2a: Garganacl|99\/100|[from] item: Leftovers\n|-damage|p1a: Steelix|0 fnt|[from] Salt Cure\n|faint|p1a: Steelix\n|upkeep\n|\n|t:|1701119732\n|switch|p1a: Iron Valiant|Iron Valiant, shiny|100\/100\n|-damage|p1a: Iron Valiant|94\/100|[from] Stealth Rock\n|-enditem|p1a: Iron Valiant|Booster Energy\n|-activate|p1a: Iron Valiant|ability: Quark Drive|[fromitem]\n|-start|p1a: Iron Valiant|quarkdrivespe\n|turn|15\n|\n|t:|1701119744\n|move|p1a: Iron Valiant|Spirit Break|p2a: Garganacl\n|-damage|p2a: Garganacl|80\/100\n|-unboost|p2a: Garganacl|spa|1\n|move|p2a: Garganacl|Salt Cure|p1a: Iron Valiant\n|-resisted|p1a: Iron Valiant\n|-damage|p1a: Iron Valiant|85\/100\n|-start|p1a: Iron Valiant|Salt Cure\n|\n|-heal|p2a: Garganacl|87\/100|[from] item: Leftovers\n|-damage|p1a: Iron Valiant|73\/100|[from] Salt Cure\n|upkeep\n|turn|16\n|j| MikazukiRex_\n|\n|t:|1701119756\n|move|p1a: Iron Valiant|Drain Punch|p2a: Garganacl\n|-damage|p2a: Garganacl|67\/100\n|-heal|p1a: Iron Valiant|86\/100|[from] drain|[of] p2a: Garganacl\n|move|p2a: Garganacl|Substitute|p2a: Garganacl\n|-start|p2a: Garganacl|Substitute\n|-damage|p2a: Garganacl|42\/100\n|\n|-heal|p2a: Garganacl|49\/100|[from] item: Leftovers\n|-damage|p1a: Iron Valiant|74\/100|[from] Salt Cure\n|upkeep\n|turn|17\n|\n|t:|1701119768\n|move|p1a: Iron Valiant|Drain Punch|p2a: Garganacl\n|-activate|p2a: Garganacl|move: Substitute|[damage]\n|-heal|p1a: Iron Valiant|88\/100|[from] drain|[of] p2a: Garganacl\n|move|p2a: Garganacl|Recover|p2a: Garganacl\n|-heal|p2a: Garganacl|99\/100\n|\n|-heal|p2a: Garganacl|100\/100|[from] item: Leftovers\n|-damage|p1a: Iron Valiant|76\/100|[from] Salt Cure\n|upkeep\n|turn|18\n|\n|t:|1701119783\n|move|p1a: Iron Valiant|Drain Punch|p2a: Garganacl\n|-end|p2a: Garganacl|Substitute\n|-heal|p1a: Iron Valiant|79\/100|[from] drain|[of] p2a: Garganacl\n|move|p2a: Garganacl|Salt Cure|p1a: Iron Valiant\n|-resisted|p1a: Iron Valiant\n|-damage|p1a: Iron Valiant|70\/100\n|\n|-damage|p1a: Iron Valiant|58\/100|[from] Salt Cure\n|upkeep\n|turn|19\n|l| MikazukiRex_\n|\n|t:|1701119792\n|move|p1a: Iron Valiant|Drain Punch|p2a: Garganacl\n|-damage|p2a: Garganacl|80\/100\n|-heal|p1a: Iron Valiant|72\/100|[from] drain|[of] p2a: Garganacl\n|move|p2a: Garganacl|Substitute|p2a: Garganacl\n|-start|p2a: Garganacl|Substitute\n|-damage|p2a: Garganacl|55\/100\n|\n|-heal|p2a: Garganacl|62\/100|[from] item: Leftovers\n|-damage|p1a: Iron Valiant|60\/100|[from] Salt Cure\n|upkeep\n|turn|20\n|\n|t:|1701119810\n|move|p1a: Iron Valiant|Drain Punch|p2a: Garganacl\n|-activate|p2a: Garganacl|move: Substitute|[damage]\n|-heal|p1a: Iron Valiant|74\/100|[from] drain|[of] p2a: Garganacl\n|move|p2a: Garganacl|Recover|p2a: Garganacl\n|-heal|p2a: Garganacl|100\/100\n|\n|-damage|p1a: Iron Valiant|61\/100|[from] Salt Cure\n|upkeep\n|turn|21\n|c|\u2606MarcusTalks|It\u2019s over sir\n|\n|t:|1701119827\n|-end|p1a: Iron Valiant|Quark Drive|[silent]\n|switch|p1a: Silvally|Silvally-Steel, shiny|100\/100\n|-damage|p1a: Silvally|94\/100|[from] Stealth Rock\n|move|p2a: Garganacl|Substitute|p2a: Garganacl\n|-fail|p2a: Garganacl|move: Substitute\n|\n|upkeep\n|turn|22\n|\n|t:|1701119838\n|move|p1a: Silvally|Dragon Claw|p2a: Garganacl\n|-end|p2a: Garganacl|Substitute\n|move|p2a: Garganacl|Salt Cure|p1a: Silvally\n|-resisted|p1a: Silvally\n|-damage|p1a: Silvally|88\/100\n|-start|p1a: Silvally|Salt Cure\n|\n|-damage|p1a: Silvally|63\/100|[from] Salt Cure\n|upkeep\n|turn|23\n|j| MikazukiRex_\n|\n|t:|1701119849\n|move|p1a: Silvally|Dragon Claw|p2a: Garganacl\n|-damage|p2a: Garganacl|88\/100\n|move|p2a: Garganacl|Substitute|p2a: Garganacl\n|-start|p2a: Garganacl|Substitute\n|-damage|p2a: Garganacl|63\/100\n|\n|-heal|p2a: Garganacl|69\/100|[from] item: Leftovers\n|-damage|p1a: Silvally|38\/100|[from] Salt Cure\n|upkeep\n|turn|24\n|\n|t:|1701119864\n|move|p1a: Silvally|X-Scissor|p2a: Garganacl\n|-activate|p2a: Garganacl|move: Substitute|[damage]\n|move|p2a: Garganacl|Recover|p2a: Garganacl\n|-heal|p2a: Garganacl|100\/100\n|\n|-damage|p1a: Silvally|13\/100|[from] Salt Cure\n|upkeep\n|turn|25\n|c| MikazukiRex_|damn you didn't even need iron defense wtf\n|c|\u2606Muslceman2033|i hate you lol\n|c|\u2606MarcusTalks|Just barely 400 defense on this thing\n|\n|t:|1701119901\n|move|p1a: Silvally|Dragon Claw|p2a: Garganacl\n|-activate|p2a: Garganacl|move: Substitute|[damage]\n|move|p2a: Garganacl|Substitute|p2a: Garganacl\n|-fail|p2a: Garganacl|move: Substitute\n|\n|-damage|p1a: Silvally|0 fnt|[from] Salt Cure\n|faint|p1a: Silvally\n|upkeep\n|c|\u2606Muslceman2033|so THATS why dragon claw does nothing\n|\n|t:|1701119924\n|switch|p1a: Scizor|Scizor, M, shiny, tera:Flying|61\/100\n|-damage|p1a: Scizor|37\/100|[from] Stealth Rock\n|turn|26\n|\n|t:|1701119931\n|move|p1a: Scizor|Dual Wingbeat|p2a: Garganacl\n|-end|p2a: Garganacl|Substitute\n|-damage|p2a: Garganacl|84\/100\n|-hitcount|p2a: Garganacl|2\n|move|p2a: Garganacl|Salt Cure|p1a: Scizor\n|-supereffective|p1a: Scizor\n|-damage|p1a: Scizor|9\/100\n|-start|p1a: Scizor|Salt Cure\n|\n|-heal|p2a: Garganacl|90\/100|[from] item: Leftovers\n|-damage|p1a: Scizor|0 fnt|[from] Salt Cure\n|faint|p1a: Scizor\n|upkeep\n|\n|t:|1701119943\n|switch|p1a: Iron Valiant|Iron Valiant, shiny|61\/100\n|-damage|p1a: Iron Valiant|55\/100|[from] Stealth Rock\n|turn|27\n|\n|t:|1701119954\n|switch|p2a: Sneasler|Sneasler, F|100\/100\n|move|p1a: Iron Valiant|Drain Punch|p2a: Sneasler\n|-resisted|p2a: Sneasler\n|-damage|p2a: Sneasler|69\/100\n|-heal|p1a: Iron Valiant|72\/100|[from] drain|[of] p2a: Sneasler\n|\n|upkeep\n|turn|28\n|c| MikazukiRex_|water is such a good tera\n|\n|t:|1701119962\n|move|p2a: Sneasler|Fake Out|p1a: Iron Valiant\n|-damage|p1a: Iron Valiant|53\/100\n|cant|p1a: Iron Valiant|flinch\n|\n|upkeep\n|turn|29\n|\n|t:|1701119969\n|move|p1a: Iron Valiant|Fire Punch|p2a: Sneasler\n|-damage|p2a: Sneasler|22\/100\n|move|p2a: Sneasler|Fling|p1a: Iron Valiant\n|-resisted|p1a: Iron Valiant\n|-damage|p1a: Iron Valiant|38\/100\n|-enditem|p2a: Sneasler|Big Nugget|[from] move: Fling\n|\n|upkeep\n|turn|30\n|c|\u2606Muslceman2033|thx 4 moni\n|\n|t:|1701119989\n|move|p2a: Sneasler|Fire Punch|p1a: Iron Valiant\n|-damage|p1a: Iron Valiant|0 fnt\n|faint|p1a: Iron Valiant\n|-end|p1a: Iron Valiant|Quark Drive|[silent]\n|\n|win|MarcusTalks\n|c|\u2606Muslceman2033|ggs\n|c|\u2606MarcusTalks|I made the Sneasler just for this\n|c|\u2606MarcusTalks|didnt need it apparently\n|c|\u2606MarcusTalks|gg\n","uploadtime":1701120017,"views":11,"p1id":"muslceman2033","p2id":"marcustalks","formatid":"gen9nationaldex","rating":0,"private":0,"password":""}