{"id":"gen9nationaldex-1993860696","p1":"1304639883zcd","p2":"Onlymanever","format":"[Gen 9] National Dex","log":"|j|\u26061304639883zcd\n|j|\u2606Onlymanever\n|t:|1700366521\n|gametype|singles\n|player|p1|1304639883zcd|cynthia|1094\n|player|p2|Onlymanever|lyra|1116\n|teamsize|p1|6\n|teamsize|p2|6\n|gen|9\n|tier|[Gen 9] National Dex\n|rated|\n|rule|HP Percentage Mod: HP is shown in percentages\n|rule|Endless Battle Clause: Forcing endless battles is banned\n|rule|OHKO Clause: OHKO moves are banned\n|rule|Evasion Clause: Evasion abilities, items, and moves are banned\n|rule|Evasion Abilities Clause: Evasion abilities are banned\n|rule|Evasion Items Clause: Evasion items are banned\n|rule|Evasion Moves Clause: Evasion moves are banned\n|rule|Species Clause: Limit one of each Pok\u00e9mon\n|rule|Sleep Clause Mod: Limit one foe put to sleep\n|clearpoke\n|poke|p1|Garchomp, F|\n|poke|p1|Scizor, M|\n|poke|p1|Dragonite, F|\n|poke|p1|Empoleon, F|\n|poke|p1|Tornadus-Therian, M|\n|poke|p1|Landorus-Therian, M|\n|poke|p2|Chesnaught, F|\n|poke|p2|Pawmot, F|\n|poke|p2|Lucario, F|\n|poke|p2|Sawk, M|\n|poke|p2|Crabominable, M|\n|poke|p2|Tauros-Paldea-Combat, M|\n|teampreview\n|inactive|Battle timer is ON: inactive players will automatically lose when time's up. (requested by 1304639883zcd)\n|\n|t:|1700366531\n|start\n|switch|p1a: Landorus|Landorus-Therian, M|100\/100\n|switch|p2a: Pawmot|Pawmot, F|100\/100\n|-ability|p1a: Landorus|Intimidate|boost\n|-unboost|p2a: Pawmot|atk|1\n|turn|1\n|\n|t:|1700366543\n|switch|p2a: Chesnaught|Chesnaught, F|100\/100\n|move|p1a: Landorus|Stealth Rock|p2a: Chesnaught\n|-sidestart|p2: Onlymanever|move: Stealth Rock\n|\n|upkeep\n|turn|2\n|\n|t:|1700366549\n|switch|p1a: Scizor|Scizor, M|100\/100\n|move|p2a: Chesnaught|Bulk Up|p2a: Chesnaught\n|-boost|p2a: Chesnaught|atk|1\n|-boost|p2a: Chesnaught|def|1\n|\n|upkeep\n|turn|3\n|\n|t:|1700366556\n|detailschange|p1a: Scizor|Scizor-Mega, M\n|-mega|p1a: Scizor|Scizor|Scizorite\n|move|p1a: Scizor|Swords Dance|p1a: Scizor\n|-boost|p1a: Scizor|atk|2\n|move|p2a: Chesnaught|Bulk Up|p2a: Chesnaught\n|-boost|p2a: Chesnaught|atk|1\n|-boost|p2a: Chesnaught|def|1\n|\n|upkeep\n|turn|4\n|\n|t:|1700366566\n|-terastallize|p2a: Chesnaught|Electric\n|move|p1a: Scizor|U-turn|p2a: Chesnaught\n|-damage|p2a: Chesnaught|67\/100\n|\n|t:|1700366570\n|switch|p1a: Landorus|Landorus-Therian, M|100\/100|[from] U-turn\n|-ability|p1a: Landorus|Intimidate|boost\n|-unboost|p2a: Chesnaught|atk|1\n|move|p2a: Chesnaught|Bulk Up|p2a: Chesnaught\n|-boost|p2a: Chesnaught|atk|1\n|-boost|p2a: Chesnaught|def|1\n|\n|-heal|p2a: Chesnaught|73\/100|[from] item: Leftovers\n|upkeep\n|turn|5\n|\n|t:|1700366582\n|move|p1a: Landorus|Earthquake|p2a: Chesnaught\n|-supereffective|p2a: Chesnaught\n|-damage|p2a: Chesnaught|35\/100\n|move|p2a: Chesnaught|Synthesis|p2a: Chesnaught\n|-heal|p2a: Chesnaught|85\/100\n|\n|-heal|p2a: Chesnaught|91\/100|[from] item: Leftovers\n|upkeep\n|turn|6\n|\n|t:|1700366590\n|move|p1a: Landorus|Earthquake|p2a: Chesnaught\n|-supereffective|p2a: Chesnaught\n|-damage|p2a: Chesnaught|52\/100\n|move|p2a: Chesnaught|Bulk Up|p2a: Chesnaught\n|-boost|p2a: Chesnaught|atk|1\n|-boost|p2a: Chesnaught|def|1\n|\n|-heal|p2a: Chesnaught|58\/100|[from] item: Leftovers\n|upkeep\n|turn|7\n|\n|t:|1700366601\n|move|p1a: Landorus|Earthquake|p2a: Chesnaught\n|-supereffective|p2a: Chesnaught\n|-damage|p2a: Chesnaught|26\/100\n|move|p2a: Chesnaught|Synthesis|p2a: Chesnaught\n|-heal|p2a: Chesnaught|76\/100\n|\n|-heal|p2a: Chesnaught|82\/100|[from] item: Leftovers\n|upkeep\n|turn|8\n|\n|t:|1700366609\n|switch|p1a: Empoleon|Empoleon, F, shiny|100\/100\n|move|p2a: Chesnaught|Bulk Up|p2a: Chesnaught\n|-boost|p2a: Chesnaught|atk|1\n|-boost|p2a: Chesnaught|def|1\n|\n|-heal|p2a: Chesnaught|88\/100|[from] item: Leftovers\n|upkeep\n|turn|9\n|\n|t:|1700366619\n|move|p2a: Chesnaught|Wood Hammer|p1a: Empoleon\n|-damage|p1a: Empoleon|0 fnt\n|faint|p1a: Empoleon\n|-damage|p2a: Chesnaught|49\/100|[from] Recoil\n|\n|-heal|p2a: Chesnaught|55\/100|[from] item: Leftovers\n|upkeep\n|-message|1304639883zcd forfeited.\n|\n|win|Onlymanever\n|raw|1304639883zcd's rating: 1094 &rarr; <strong>1071<\/strong><br \/>(-23 for losing)\n|raw|Onlymanever's rating: 1116 &rarr; <strong>1139<\/strong><br \/>(+23 for winning)\n|l|\u26061304639883zcd\n","uploadtime":1700366635,"views":14,"p1id":"1304639883zcd","p2id":"onlymanever","formatid":"gen9nationaldex","rating":1071,"private":0,"password":""}