{"id":"gen9nationaldex-1996787235","p1":"Calmmind7543","p2":"XiroSphix","format":"[Gen 9] National Dex","log":"|html|<div class=\"broadcast-blue\"><strong>[Gen 9] National Dex is currently suspecting Sneasler! For information on how to participate check out the <a href=\"https:\/\/www.smogon.com\/forums\/threads\/sv-national-dex-suspect-8-just-dance.3731534\/\">suspect thread<\/a>.<\/strong><\/div>\n|j|\u2606Calmmind7543\n|j|\u2606XiroSphix\n|t:|1700725257\n|gametype|singles\n|player|p1|Calmmind7543|pokemonrangerf-gen4|1411\n|player|p2|XiroSphix|rosa|1367\n|teamsize|p1|6\n|teamsize|p2|6\n|gen|9\n|tier|[Gen 9] National Dex\n|rated|\n|rule|HP Percentage Mod: HP is shown in percentages\n|rule|Endless Battle Clause: Forcing endless battles is banned\n|rule|OHKO Clause: OHKO moves are banned\n|rule|Evasion Clause: Evasion abilities, items, and moves are banned\n|rule|Evasion Abilities Clause: Evasion abilities are banned\n|rule|Evasion Items Clause: Evasion items are banned\n|rule|Evasion Moves Clause: Evasion moves are banned\n|rule|Species Clause: Limit one of each Pok\u00e9mon\n|rule|Sleep Clause Mod: Limit one foe put to sleep\n|clearpoke\n|poke|p1|Scizor, M|\n|poke|p1|Sneasler, F|\n|poke|p1|Rillaboom, M|\n|poke|p1|Gliscor, M|\n|poke|p1|Greninja-*, M|\n|poke|p1|Toxapex, M|\n|poke|p2|Pelipper, M|\n|poke|p2|Tornadus-Therian, M|\n|poke|p2|Swampert, M|\n|poke|p2|Ferrothorn, F|\n|poke|p2|Great Tusk|\n|poke|p2|Dragonite, F|\n|teampreview\n|inactive|Battle timer is ON: inactive players will automatically lose when time's up. (requested by Calmmind7543)\n|\n|t:|1700725276\n|start\n|switch|p1a: Spike|Toxapex, M, shiny|100\/100\n|switch|p2a: Great Tusk|Great Tusk|100\/100\n|turn|1\n|\n|t:|1700725283\n|move|p2a: Great Tusk|Stealth Rock|p1a: Spike\n|-sidestart|p1: Calmmind7543|move: Stealth Rock\n|move|p1a: Spike|Scald|p2a: Great Tusk\n|-supereffective|p2a: Great Tusk\n|-damage|p2a: Great Tusk|47\/100\n|-status|p2a: Great Tusk|brn\n|\n|-damage|p2a: Great Tusk|41\/100 brn|[from] brn\n|upkeep\n|turn|2\n|\n|t:|1700725296\n|-end|p2a: Great Tusk|Protosynthesis|[silent]\n|switch|p2a: Ferrothorn|Ferrothorn, F|100\/100\n|move|p1a: Spike|Scald|p2a: Ferrothorn\n|-resisted|p2a: Ferrothorn\n|-damage|p2a: Ferrothorn|95\/100\n|\n|-heal|p2a: Ferrothorn|100\/100|[from] item: Leftovers\n|upkeep\n|turn|3\n|\n|t:|1700725303\n|switch|p1a: Toxillery|Gliscor, M|100\/100\n|-damage|p1a: Toxillery|88\/100|[from] Stealth Rock\n|move|p2a: Ferrothorn|Leech Seed|p1a: Toxillery\n|-start|p1a: Toxillery|move: Leech Seed\n|\n|-damage|p1a: Toxillery|76\/100|[from] Leech Seed|[of] p2a: Ferrothorn\n|-status|p1a: Toxillery|tox|[from] item: Toxic Orb\n|upkeep\n|turn|4\n|\n|t:|1700725312\n|move|p1a: Toxillery|Defog|p2a: Ferrothorn\n|-unboost|p2a: Ferrothorn|evasion|1\n|-sideend|p1: Calmmind7543|Stealth Rock|[from] move: Defog|[of] p1a: Toxillery\n|move|p2a: Ferrothorn|Iron Defense|p2a: Ferrothorn\n|-boost|p2a: Ferrothorn|def|2\n|\n|-damage|p1a: Toxillery|63\/100 tox|[from] Leech Seed|[of] p2a: Ferrothorn\n|-heal|p1a: Toxillery|76\/100 tox|[from] ability: Poison Heal\n|upkeep\n|turn|5\n|\n|t:|1700725325\n|switch|p1a: Dawn|Greninja, M, shiny|100\/100\n|move|p2a: Ferrothorn|Iron Defense|p2a: Ferrothorn\n|-boost|p2a: Ferrothorn|def|2\n|\n|upkeep\n|turn|6\n|\n|t:|1700725331\n|move|p1a: Dawn|Dark Pulse|p2a: Ferrothorn\n|-start|p1a: Dawn|typechange|Dark|[from] ability: Protean\n|-damage|p2a: Ferrothorn|66\/100\n|move|p2a: Ferrothorn|Body Press|p1a: Dawn\n|-supereffective|p1a: Dawn\n|-damage|p1a: Dawn|0 fnt\n|faint|p1a: Dawn\n|\n|-heal|p2a: Ferrothorn|72\/100|[from] item: Leftovers\n|upkeep\n|\n|t:|1700725353\n|switch|p1a: Donkey Kong|Rillaboom, M, shiny|100\/100\n|-fieldstart|move: Grassy Terrain|[from] ability: Grassy Surge|[of] p1a: Donkey Kong\n|turn|7\n|\n|t:|1700725357\n|move|p1a: Donkey Kong|Knock Off|p2a: Ferrothorn\n|-damage|p2a: Ferrothorn|58\/100\n|-damage|p1a: Donkey Kong|88\/100|[from] ability: Iron Barbs|[of] p2a: Ferrothorn\n|-enditem|p2a: Ferrothorn|Leftovers|[from] move: Knock Off|[of] p1a: Donkey Kong\n|move|p2a: Ferrothorn|Body Press|p1a: Donkey Kong\n|-damage|p1a: Donkey Kong|6\/100\n|\n|-heal|p1a: Donkey Kong|12\/100|[from] Grassy Terrain\n|-heal|p2a: Ferrothorn|65\/100|[from] Grassy Terrain\n|upkeep\n|turn|8\n|\n|t:|1700725368\n|switch|p1a: Destruction|Scizor, M|100\/100\n|move|p2a: Ferrothorn|Body Press|p1a: Destruction\n|-damage|p1a: Destruction|46\/100\n|\n|-heal|p1a: Destruction|52\/100|[from] Grassy Terrain\n|-heal|p2a: Ferrothorn|71\/100|[from] Grassy Terrain\n|upkeep\n|turn|9\n|\n|t:|1700725382\n|detailschange|p1a: Destruction|Scizor-Mega, M\n|-mega|p1a: Destruction|Scizor|Scizorite\n|-terastallize|p2a: Ferrothorn|Ghost\n|move|p1a: Destruction|Swords Dance|p1a: Destruction\n|-boost|p1a: Destruction|atk|2\n|move|p2a: Ferrothorn|Leech Seed|p1a: Destruction\n|-start|p1a: Destruction|move: Leech Seed\n|\n|-heal|p1a: Destruction|58\/100|[from] Grassy Terrain\n|-heal|p2a: Ferrothorn|77\/100|[from] Grassy Terrain\n|-damage|p1a: Destruction|46\/100|[from] Leech Seed|[of] p2a: Ferrothorn\n|-heal|p2a: Ferrothorn|89\/100|[silent]\n|upkeep\n|turn|10\n|\n|t:|1700725393\n|move|p1a: Destruction|U-turn|p2a: Ferrothorn\n|-resisted|p2a: Ferrothorn\n|-damage|p2a: Ferrothorn|80\/100\n|-damage|p1a: Destruction|34\/100|[from] ability: Iron Barbs|[of] p2a: Ferrothorn\n|c|\u2606Calmmind7543|Ya lost\n|c|\u2606Calmmind7543|Ya messed up\n|\n|t:|1700725399\n|switch|p1a: Toxillery|Gliscor, M|76\/100 tox|[from] U-turn\n|move|p2a: Ferrothorn|Body Press|p1a: Toxillery\n|-resisted|p1a: Toxillery\n|-damage|p1a: Toxillery|44\/100 tox\n|\n|-heal|p2a: Ferrothorn|86\/100|[from] Grassy Terrain\n|-heal|p1a: Toxillery|57\/100 tox|[from] ability: Poison Heal\n|upkeep\n|turn|11\n|\n|t:|1700725409\n|move|p1a: Toxillery|Toxic|p2a: Ferrothorn\n|-status|p2a: Ferrothorn|tox\n|move|p2a: Ferrothorn|Leech Seed|p1a: Toxillery\n|-start|p1a: Toxillery|move: Leech Seed\n|\n|-heal|p2a: Ferrothorn|92\/100 tox|[from] Grassy Terrain\n|-damage|p1a: Toxillery|44\/100 tox|[from] Leech Seed|[of] p2a: Ferrothorn\n|-heal|p2a: Ferrothorn|100\/100 tox|[silent]\n|-heal|p1a: Toxillery|57\/100 tox|[from] ability: Poison Heal\n|-damage|p2a: Ferrothorn|94\/100 tox|[from] psn\n|-fieldend|move: Grassy Terrain\n|upkeep\n|turn|12\n|\n|t:|1700725424\n|move|p1a: Toxillery|Protect|p1a: Toxillery\n|-singleturn|p1a: Toxillery|Protect\n|move|p2a: Ferrothorn|Iron Defense|p2a: Ferrothorn\n|-boost|p2a: Ferrothorn|def|2\n|\n|-damage|p1a: Toxillery|44\/100 tox|[from] Leech Seed|[of] p2a: Ferrothorn\n|-heal|p2a: Ferrothorn|100\/100 tox|[silent]\n|-heal|p1a: Toxillery|57\/100 tox|[from] ability: Poison Heal\n|-damage|p2a: Ferrothorn|88\/100 tox|[from] psn\n|upkeep\n|turn|13\n|\n|t:|1700725441\n|switch|p1a: Destruction|Scizor-Mega, M|34\/100\n|move|p2a: Ferrothorn|Body Press|p1a: Destruction\n|-damage|p1a: Destruction|0 fnt\n|faint|p1a: Destruction\n|\n|-damage|p2a: Ferrothorn|69\/100 tox|[from] psn\n|upkeep\n|\n|t:|1700725449\n|switch|p1a: Toxillery|Gliscor, M|57\/100 tox\n|turn|14\n|\n|t:|1700725460\n|switch|p2a: Pelipper|Pelipper, M|100\/100\n|-weather|RainDance|[from] ability: Drizzle|[of] p2a: Pelipper\n|move|p1a: Toxillery|Protect||[still]\n|-fail|p1a: Toxillery\n|\n|-weather|RainDance|[upkeep]\n|-heal|p1a: Toxillery|69\/100 tox|[from] ability: Poison Heal\n|upkeep\n|turn|15\n|\n|t:|1700725471\n|switch|p1a: Donkey Kong|Rillaboom, M, shiny|12\/100\n|-fieldstart|move: Grassy Terrain|[from] ability: Grassy Surge|[of] p1a: Donkey Kong\n|move|p2a: Pelipper|Hydro Pump|p1a: Donkey Kong\n|-resisted|p1a: Donkey Kong\n|-damage|p1a: Donkey Kong|0 fnt\n|faint|p1a: Donkey Kong\n|\n|-weather|RainDance|[upkeep]\n|upkeep\n|\n|t:|1700725477\n|switch|p1a: Thief|Sneasler, F, shiny|100\/100\n|-enditem|p1a: Thief|Grassy Seed\n|-boost|p1a: Thief|def|1|[from] item: Grassy Seed\n|turn|16\n|\n|t:|1700725489\n|switch|p2a: Swampert|Swampert, M|100\/100\n|-terastallize|p1a: Thief|Flying\n|move|p1a: Thief|Swords Dance|p1a: Thief\n|-boost|p1a: Thief|atk|2\n|\n|-weather|RainDance|[upkeep]\n|upkeep\n|turn|17\n|\n|t:|1700725502\n|detailschange|p2a: Swampert|Swampert-Mega, M\n|-mega|p2a: Swampert|Swampert|Swampertite\n|move|p1a: Thief|Acrobatics|p2a: Swampert\n|-damage|p2a: Swampert|0 fnt\n|faint|p2a: Swampert\n|\n|-weather|RainDance|[upkeep]\n|upkeep\n|\n|t:|1700725509\n|switch|p2a: Dragonite|Dragonite, F|100\/100\n|turn|18\n|\n|t:|1700725514\n|move|p2a: Dragonite|Extreme Speed|p1a: Thief\n|-damage|p1a: Thief|66\/100\n|move|p1a: Thief|Gunk Shot|p2a: Dragonite\n|-damage|p2a: Dragonite|31\/100\n|-status|p2a: Dragonite|psn\n|\n|-weather|none\n|-damage|p2a: Dragonite|19\/100 psn|[from] psn\n|upkeep\n|turn|19\n|\n|t:|1700725524\n|move|p2a: Dragonite|Extreme Speed|p1a: Thief\n|-damage|p1a: Thief|31\/100\n|move|p1a: Thief|Acrobatics|p2a: Dragonite\n|-damage|p2a: Dragonite|0 fnt\n|faint|p2a: Dragonite\n|\n|-fieldend|move: Grassy Terrain\n|upkeep\n|\n|t:|1700725534\n|switch|p2a: Tornadus|Tornadus-Therian, M|100\/100\n|turn|20\n|\n|t:|1700725539\n|move|p1a: Thief|Acrobatics|p2a: Tornadus\n|-crit|p2a: Tornadus\n|-damage|p2a: Tornadus|0 fnt\n|faint|p2a: Tornadus\n|\n|upkeep\n|\n|t:|1700725544\n|switch|p2a: Ferrothorn|Ferrothorn, F, tera:Ghost|69\/100 tox\n|turn|21\n|\n|t:|1700725549\n|move|p1a: Thief|Acrobatics|p2a: Ferrothorn\n|-damage|p2a: Ferrothorn|0 fnt\n|-damage|p1a: Thief|18\/100|[from] ability: Iron Barbs|[of] p2a: Ferrothorn\n|faint|p2a: Ferrothorn\n|\n|upkeep\n|\n|t:|1700725554\n|switch|p2a: Pelipper|Pelipper, M|100\/100\n|-weather|RainDance|[from] ability: Drizzle|[of] p2a: Pelipper\n|turn|22\n|\n|t:|1700725560\n|move|p1a: Thief|Acrobatics|p2a: Pelipper\n|-damage|p2a: Pelipper|0 fnt\n|faint|p2a: Pelipper\n|\n|-weather|RainDance|[upkeep]\n|upkeep\n|\n|t:|1700725564\n|switch|p2a: Great Tusk|Great Tusk|41\/100 brn\n|turn|23\n|\n|t:|1700725568\n|move|p1a: Thief|Acrobatics|p2a: Great Tusk\n|-supereffective|p2a: Great Tusk\n|-damage|p2a: Great Tusk|0 fnt\n|faint|p2a: Great Tusk\n|-end|p2a: Great Tusk|Protosynthesis|[silent]\n|\n|win|Calmmind7543\n|raw|Calmmind7543's rating: 1411 &rarr; <strong>1428<\/strong><br \/>(+17 for winning)\n|raw|XiroSphix's rating: 1367 &rarr; <strong>1350<\/strong><br \/>(-17 for losing)\n|c|\u2606Calmmind7543|ggs\n|l|\u2606XiroSphix\n","uploadtime":1700725578,"views":10,"p1id":"calmmind7543","p2id":"xirosphix","formatid":"gen9nationaldex","rating":1350,"private":0,"password":""}