{"id":"gen9nationaldex-1996375158","p1":"Marty1010","p2":"SycoBeastOP","format":"[Gen 9] National Dex","log":"|html|<div class=\"broadcast-blue\"><strong>[Gen 9] National Dex is currently suspecting Sneasler! For information on how to participate check out the <a href=\"https:\/\/www.smogon.com\/forums\/threads\/sv-national-dex-suspect-8-just-dance.3731534\/\">suspect thread<\/a>.<\/strong><\/div>\n|j|\u2606Marty1010\n|j|\u2606SycoBeastOP\n|t:|1700676034\n|gametype|singles\n|player|p1|Marty1010|blackbelt-gen4|1342\n|player|p2|SycoBeastOP|265|1367\n|teamsize|p1|6\n|teamsize|p2|6\n|gen|9\n|tier|[Gen 9] National Dex\n|rated|\n|rule|HP Percentage Mod: HP is shown in percentages\n|rule|Endless Battle Clause: Forcing endless battles is banned\n|rule|OHKO Clause: OHKO moves are banned\n|rule|Evasion Clause: Evasion abilities, items, and moves are banned\n|rule|Evasion Abilities Clause: Evasion abilities are banned\n|rule|Evasion Items Clause: Evasion items are banned\n|rule|Evasion Moves Clause: Evasion moves are banned\n|rule|Species Clause: Limit one of each Pok\u00e9mon\n|rule|Sleep Clause Mod: Limit one foe put to sleep\n|clearpoke\n|poke|p1|Charizard, F|\n|poke|p1|Leafeon, M|\n|poke|p1|Ferrothorn, M|\n|poke|p1|Corviknight, F|\n|poke|p1|Garganacl, M|\n|poke|p1|Toxapex, F|\n|poke|p2|Lopunny, F|\n|poke|p2|Landorus-Therian, M|\n|poke|p2|Tapu Lele|\n|poke|p2|Rotom-Wash|\n|poke|p2|Ferrothorn, F|\n|poke|p2|Tornadus-Therian, M|\n|teampreview\n|\n|t:|1700676043\n|start\n|switch|p1a: Spikey|Ferrothorn, M|100\/100\n|switch|p2a: Landorus|Landorus-Therian, M, shiny|100\/100\n|-ability|p2a: Landorus|Intimidate|boost\n|-unboost|p1a: Spikey|atk|1\n|turn|1\n|inactive|Battle timer is ON: inactive players will automatically lose when time's up. (requested by SycoBeastOP)\n|\n|t:|1700676051\n|move|p2a: Landorus|Earthquake|p1a: Spikey\n|-damage|p1a: Spikey|75\/100\n|move|p1a: Spikey|Leech Seed|p2a: Landorus\n|-start|p2a: Landorus|move: Leech Seed\n|\n|-heal|p1a: Spikey|81\/100|[from] item: Leftovers\n|-damage|p2a: Landorus|88\/100|[from] Leech Seed|[of] p1a: Spikey\n|-heal|p1a: Spikey|94\/100|[silent]\n|upkeep\n|turn|2\n|\n|t:|1700676063\n|move|p2a: Landorus|Earthquake|p1a: Spikey\n|-damage|p1a: Spikey|67\/100\n|move|p1a: Spikey|Stealth Rock|p2a: Landorus\n|-sidestart|p2: SycoBeastOP|move: Stealth Rock\n|\n|-heal|p1a: Spikey|73\/100|[from] item: Leftovers\n|-damage|p2a: Landorus|76\/100|[from] Leech Seed|[of] p1a: Spikey\n|-heal|p1a: Spikey|86\/100|[silent]\n|upkeep\n|turn|3\n|\n|t:|1700676070\n|move|p2a: Landorus|Defog|p1a: Spikey\n|-unboost|p1a: Spikey|evasion|1\n|-sideend|p2: SycoBeastOP|Stealth Rock|[from] move: Defog|[of] p2a: Landorus\n|move|p1a: Spikey|Spikes|p2a: Landorus\n|-sidestart|p2: SycoBeastOP|Spikes\n|\n|-heal|p1a: Spikey|92\/100|[from] item: Leftovers\n|-damage|p2a: Landorus|64\/100|[from] Leech Seed|[of] p1a: Spikey\n|-heal|p1a: Spikey|100\/100|[silent]\n|upkeep\n|turn|4\n|\n|t:|1700676080\n|switch|p2a: Tornadus|Tornadus-Therian, M|100\/100\n|move|p1a: Spikey|Stealth Rock|p2a: Tornadus\n|-sidestart|p2: SycoBeastOP|move: Stealth Rock\n|\n|upkeep\n|turn|5\n|j| NDSNEZ masq\n|\n|t:|1700676085\n|move|p2a: Tornadus|Nasty Plot|p2a: Tornadus\n|-boost|p2a: Tornadus|spa|2\n|move|p1a: Spikey|Leech Seed|p2a: Tornadus\n|-start|p2a: Tornadus|move: Leech Seed\n|\n|-damage|p2a: Tornadus|88\/100|[from] Leech Seed|[of] p1a: Spikey\n|upkeep\n|turn|6\n|\n|t:|1700676094\n|move|p2a: Tornadus|Focus Blast|p1a: Spikey\n|-supereffective|p1a: Spikey\n|-damage|p1a: Spikey|0 fnt\n|faint|p1a: Spikey\n|\n|upkeep\n|l| NDSNEZ masq\n|\n|t:|1700676101\n|switch|p1a: Garganacl|Garganacl, M|100\/100\n|turn|7\n|\n|t:|1700676117\n|-zpower|p2a: Tornadus\n|move|p2a: Tornadus|Supersonic Skystrike|p1a: Garganacl|[zeffect]\n|-resisted|p1a: Garganacl\n|-damage|p1a: Garganacl|44\/100\n|move|p1a: Garganacl|Salt Cure|p2a: Tornadus\n|-supereffective|p2a: Tornadus\n|-damage|p2a: Tornadus|49\/100\n|-start|p2a: Tornadus|Salt Cure\n|\n|-damage|p2a: Tornadus|37\/100|[from] Leech Seed|[of] p1a: Garganacl\n|-heal|p1a: Garganacl|53\/100|[silent]\n|-damage|p2a: Tornadus|25\/100|[from] Salt Cure\n|upkeep\n|turn|8\n|\n|t:|1700676129\n|move|p2a: Tornadus|Focus Blast|p1a: Garganacl\n|-supereffective|p1a: Garganacl\n|-damage|p1a: Garganacl|0 fnt\n|faint|p1a: Garganacl\n|\n|-damage|p2a: Tornadus|12\/100|[from] Salt Cure\n|upkeep\n|\n|t:|1700676135\n|switch|p1a: Poison|Toxapex, F|100\/100\n|turn|9\n|\n|t:|1700676139\n|move|p1a: Poison|Baneful Bunker|p1a: Poison\n|-singleturn|p1a: Poison|move: Protect\n|move|p2a: Tornadus|Bleakwind Storm|p1a: Poison\n|-activate|p1a: Poison|move: Protect\n|\n|-damage|p2a: Tornadus|0 fnt|[from] Leech Seed|[of] p1a: Poison\n|faint|p2a: Tornadus\n|upkeep\n|\n|t:|1700676144\n|switch|p2a: Landorus|Landorus-Therian, M, shiny|64\/100\n|-damage|p2a: Landorus|51\/100|[from] Stealth Rock\n|-ability|p2a: Landorus|Intimidate|boost\n|-unboost|p1a: Poison|atk|1\n|turn|10\n|\n|t:|1700676150\n|move|p2a: Landorus|Defog|p1a: Poison\n|-unboost|p1a: Poison|evasion|1\n|-sideend|p2: SycoBeastOP|Spikes|[from] move: Defog|[of] p2a: Landorus\n|-sideend|p2: SycoBeastOP|Stealth Rock|[from] move: Defog|[of] p2a: Landorus\n|move|p1a: Poison|Scald|p2a: Landorus\n|-supereffective|p2a: Landorus\n|-damage|p2a: Landorus|17\/100\n|\n|upkeep\n|turn|11\n|\n|t:|1700676158\n|move|p2a: Landorus|Stealth Rock|p1a: Poison\n|-sidestart|p1: Marty1010|move: Stealth Rock\n|move|p1a: Poison|Scald|p2a: Landorus\n|-supereffective|p2a: Landorus\n|-damage|p2a: Landorus|0 fnt\n|faint|p2a: Landorus\n|\n|upkeep\n|\n|t:|1700676170\n|switch|p2a: Tapu Lele|Tapu Lele, shiny|100\/100\n|-fieldstart|move: Psychic Terrain|[from] ability: Psychic Surge|[of] p2a: Tapu Lele\n|turn|12\n|\n|t:|1700676182\n|switch|p2a: Rotom|Rotom-Wash, shiny|100\/100\n|move|p1a: Poison|Baneful Bunker||[still]\n|-fail|p1a: Poison\n|\n|upkeep\n|turn|13\n|\n|t:|1700676190\n|move|p2a: Rotom|Thunder Wave|p1a: Poison\n|-status|p1a: Poison|par\n|move|p1a: Poison|Toxic Spikes|p2a: Rotom\n|-sidestart|p2: SycoBeastOP|move: Toxic Spikes\n|\n|upkeep\n|turn|14\n|\n|t:|1700676198\n|move|p1a: Poison|Baneful Bunker|p1a: Poison\n|-singleturn|p1a: Poison|move: Protect\n|move|p2a: Rotom|Volt Switch|p1a: Poison\n|-activate|p1a: Poison|move: Protect\n|\n|upkeep\n|turn|15\n|\n|t:|1700676209\n|move|p2a: Rotom|Volt Switch|p1a: Poison\n|-supereffective|p1a: Poison\n|-crit|p1a: Poison\n|-damage|p1a: Poison|41\/100 par\n|\n|t:|1700676214\n|switch|p2a: Tapu Lele|Tapu Lele, shiny|100\/100|[from] Volt Switch\n|-status|p2a: Tapu Lele|psn\n|cant|p1a: Poison|par\n|\n|-heal|p1a: Poison|48\/100 par|[from] item: Black Sludge\n|-damage|p2a: Tapu Lele|88\/100 psn|[from] psn\n|upkeep\n|turn|16\n|\n|t:|1700676222\n|move|p1a: Poison|Baneful Bunker|p1a: Poison\n|-singleturn|p1a: Poison|move: Protect\n|move|p2a: Tapu Lele|Psychic|p1a: Poison\n|-activate|p1a: Poison|move: Protect\n|\n|-heal|p1a: Poison|54\/100 par|[from] item: Black Sludge\n|-damage|p2a: Tapu Lele|76\/100 psn|[from] psn\n|-fieldend|move: Psychic Terrain\n|upkeep\n|turn|17\n|\n|t:|1700676230\n|switch|p1a: Corviknight|Corviknight, F|100\/100\n|-ability|p1a: Corviknight|Pressure\n|move|p2a: Tapu Lele|Psychic|p1a: Corviknight\n|-resisted|p1a: Corviknight\n|-crit|p1a: Corviknight\n|-damage|p1a: Corviknight|76\/100\n|-unboost|p1a: Corviknight|spd|1\n|\n|-damage|p2a: Tapu Lele|63\/100 psn|[from] psn\n|upkeep\n|turn|18\n|\n|t:|1700676245\n|switch|p2a: Rotom|Rotom-Wash, shiny|100\/100\n|move|p1a: Corviknight|Roost|p1a: Corviknight\n|-heal|p1a: Corviknight|100\/100\n|-singleturn|p1a: Corviknight|move: Roost\n|\n|upkeep\n|turn|19\n|\n|t:|1700676267\n|move|p2a: Rotom|Thunder Wave|p1a: Corviknight\n|-status|p1a: Corviknight|par\n|cant|p1a: Corviknight|par\n|\n|upkeep\n|turn|20\n|\n|t:|1700676279\n|move|p2a: Rotom|Hydro Pump|p1a: Corviknight\n|-damage|p1a: Corviknight|61\/100 par\n|move|p1a: Corviknight|Iron Defense|p1a: Corviknight\n|-boost|p1a: Corviknight|def|2\n|\n|upkeep\n|turn|21\n|\n|t:|1700676285\n|move|p2a: Rotom|Volt Switch|p1a: Corviknight\n|-supereffective|p1a: Corviknight\n|-damage|p1a: Corviknight|7\/100 par\n|\n|t:|1700676290\n|switch|p2a: Ferrothorn|Ferrothorn, F|100\/100|[from] Volt Switch\n|move|p1a: Corviknight|Roost|p1a: Corviknight\n|-heal|p1a: Corviknight|57\/100 par\n|-singleturn|p1a: Corviknight|move: Roost\n|\n|upkeep\n|turn|22\n|inactive|Marty1010 has 120 seconds left.\n|\n|t:|1700676321\n|switch|p1a: Charli|Charizard, F|100\/100\n|-damage|p1a: Charli|51\/100|[from] Stealth Rock\n|move|p2a: Ferrothorn|Leech Seed|p1a: Charli\n|-start|p1a: Charli|move: Leech Seed\n|\n|-damage|p1a: Charli|38\/100|[from] Leech Seed|[of] p2a: Ferrothorn\n|upkeep\n|turn|23\n|inactive|Marty1010 has 120 seconds left.\n|\n|t:|1700676342\n|switch|p2a: Rotom|Rotom-Wash, shiny|100\/100\n|detailschange|p1a: Charli|Charizard-Mega-Y, F\n|-mega|p1a: Charli|Charizard|Charizardite Y\n|-weather|SunnyDay|[from] ability: Drought|[of] p1a: Charli\n|move|p1a: Charli|Solar Beam||[still]\n|-prepare|p1a: Charli|Solar Beam\n|-anim|p1a: Charli|Solar Beam|p2a: Rotom\n|-supereffective|p2a: Rotom\n|-damage|p2a: Rotom|0 fnt\n|faint|p2a: Rotom\n|\n|-weather|SunnyDay|[upkeep]\n|upkeep\n|c|\u2606SycoBeastOP|n1\n|\n|t:|1700676359\n|switch|p2a: Lopunny|Lopunny, F, shiny|100\/100\n|-status|p2a: Lopunny|psn\n|turn|24\n|\n|t:|1700676367\n|detailschange|p2a: Lopunny|Lopunny-Mega, F, shiny\n|-mega|p2a: Lopunny|Lopunny|Lopunnite\n|move|p2a: Lopunny|Fake Out|p1a: Charli\n|-damage|p1a: Charli|8\/100\n|cant|p1a: Charli|flinch\n|\n|-weather|SunnyDay|[upkeep]\n|-damage|p1a: Charli|0 fnt|[from] Leech Seed|[of] p2a: Lopunny\n|faint|p1a: Charli\n|-damage|p2a: Lopunny|88\/100 psn|[from] psn\n|upkeep\n|inactive|Marty1010 has 120 seconds left.\n|\n|t:|1700676383\n|switch|p1a: Leon|Leafeon, M|100\/100\n|-damage|p1a: Leon|88\/100|[from] Stealth Rock\n|turn|25\n|\n|t:|1700676392\n|switch|p2a: Ferrothorn|Ferrothorn, F|100\/100\n|move|p1a: Leon|Solar Blade||[still]\n|-prepare|p1a: Leon|Solar Blade\n|-anim|p1a: Leon|Solar Blade|p2a: Ferrothorn\n|-resisted|p2a: Ferrothorn\n|-damage|p2a: Ferrothorn|87\/100\n|-damage|p1a: Leon|76\/100|[from] ability: Iron Barbs|[of] p2a: Ferrothorn\n|\n|-weather|SunnyDay|[upkeep]\n|-heal|p2a: Ferrothorn|93\/100|[from] item: Leftovers\n|upkeep\n|turn|26\n|\n|t:|1700676402\n|switch|p1a: Corviknight|Corviknight, F|57\/100 par\n|-ability|p1a: Corviknight|Pressure\n|move|p2a: Ferrothorn|Spikes|p1a: Corviknight\n|-sidestart|p1: Marty1010|Spikes\n|\n|-weather|SunnyDay|[upkeep]\n|-heal|p2a: Ferrothorn|99\/100|[from] item: Leftovers\n|upkeep\n|turn|27\n|\n|t:|1700676410\n|move|p1a: Corviknight|Roost|p1a: Corviknight\n|-heal|p1a: Corviknight|100\/100 par\n|-singleturn|p1a: Corviknight|move: Roost\n|move|p2a: Ferrothorn|Knock Off|p1a: Corviknight\n|-damage|p1a: Corviknight|83\/100 par\n|-enditem|p1a: Corviknight|Heavy-Duty Boots|[from] move: Knock Off|[of] p2a: Ferrothorn\n|\n|-weather|none\n|-heal|p2a: Ferrothorn|100\/100|[from] item: Leftovers\n|upkeep\n|turn|28\n|\n|t:|1700676419\n|move|p1a: Corviknight|Iron Defense|p1a: Corviknight\n|-boost|p1a: Corviknight|def|2\n|move|p2a: Ferrothorn|Spikes|p1a: Corviknight\n|-sidestart|p1: Marty1010|Spikes\n|\n|upkeep\n|turn|29\n|\n|t:|1700676423\n|move|p1a: Corviknight|Iron Defense|p1a: Corviknight\n|-boost|p1a: Corviknight|def|2\n|move|p2a: Ferrothorn|Leech Seed|p1a: Corviknight\n|-start|p1a: Corviknight|move: Leech Seed\n|\n|-damage|p1a: Corviknight|71\/100 par|[from] Leech Seed|[of] p2a: Ferrothorn\n|upkeep\n|turn|30\n|\n|t:|1700676431\n|move|p1a: Corviknight|Iron Defense|p1a: Corviknight\n|-boost|p1a: Corviknight|def|2\n|move|p2a: Ferrothorn|Knock Off|p1a: Corviknight\n|-damage|p1a: Corviknight|68\/100 par\n|\n|-damage|p1a: Corviknight|55\/100 par|[from] Leech Seed|[of] p2a: Ferrothorn\n|upkeep\n|turn|31\n|\n|t:|1700676438\n|move|p1a: Corviknight|Roost|p1a: Corviknight\n|-heal|p1a: Corviknight|100\/100 par\n|-singleturn|p1a: Corviknight|move: Roost\n|move|p2a: Ferrothorn|Spikes|p1a: Corviknight\n|-sidestart|p1: Marty1010|Spikes\n|\n|-damage|p1a: Corviknight|88\/100 par|[from] Leech Seed|[of] p2a: Ferrothorn\n|upkeep\n|turn|32\n|\n|t:|1700676448\n|move|p1a: Corviknight|Body Press|p2a: Ferrothorn\n|-supereffective|p2a: Ferrothorn\n|-damage|p2a: Ferrothorn|16\/100\n|-damage|p1a: Corviknight|76\/100 par|[from] ability: Iron Barbs|[of] p2a: Ferrothorn\n|move|p2a: Ferrothorn|Knock Off|p1a: Corviknight\n|-damage|p1a: Corviknight|73\/100 par\n|\n|-heal|p2a: Ferrothorn|22\/100|[from] item: Leftovers\n|-damage|p1a: Corviknight|61\/100 par|[from] Leech Seed|[of] p2a: Ferrothorn\n|-heal|p2a: Ferrothorn|36\/100|[silent]\n|upkeep\n|turn|33\n|\n|t:|1700676459\n|move|p1a: Corviknight|Body Press|p2a: Ferrothorn\n|-supereffective|p2a: Ferrothorn\n|-damage|p2a: Ferrothorn|0 fnt\n|-damage|p1a: Corviknight|48\/100 par|[from] ability: Iron Barbs|[of] p2a: Ferrothorn\n|faint|p2a: Ferrothorn\n|\n|upkeep\n|\n|t:|1700676462\n|switch|p2a: Tapu Lele|Tapu Lele, shiny|63\/100 psn\n|-fieldstart|move: Psychic Terrain|[from] ability: Psychic Surge|[of] p2a: Tapu Lele\n|turn|34\n|inactive|SycoBeastOP has 120 seconds left.\n|\n|t:|1700676496\n|-terastallize|p2a: Tapu Lele|Psychic\n|move|p2a: Tapu Lele|Psychic|p1a: Corviknight\n|-resisted|p1a: Corviknight\n|-damage|p1a: Corviknight|21\/100 par\n|move|p1a: Corviknight|Roost|p1a: Corviknight\n|-heal|p1a: Corviknight|71\/100 par\n|-singleturn|p1a: Corviknight|move: Roost\n|\n|-damage|p1a: Corviknight|59\/100 par|[from] Leech Seed|[of] p2a: Tapu Lele\n|-heal|p2a: Tapu Lele|81\/100 psn|[silent]\n|-damage|p2a: Tapu Lele|68\/100 psn|[from] psn\n|upkeep\n|turn|35\n|\n|t:|1700676507\n|move|p2a: Tapu Lele|Psychic|p1a: Corviknight\n|-resisted|p1a: Corviknight\n|-damage|p1a: Corviknight|33\/100 par\n|move|p1a: Corviknight|Roost|p1a: Corviknight\n|-heal|p1a: Corviknight|83\/100 par\n|-singleturn|p1a: Corviknight|move: Roost\n|\n|-damage|p1a: Corviknight|71\/100 par|[from] Leech Seed|[of] p2a: Tapu Lele\n|-heal|p2a: Tapu Lele|86\/100 psn|[silent]\n|-damage|p2a: Tapu Lele|73\/100 psn|[from] psn\n|upkeep\n|turn|36\n|\n|t:|1700676518\n|move|p2a: Tapu Lele|Psychic|p1a: Corviknight\n|-resisted|p1a: Corviknight\n|-damage|p1a: Corviknight|45\/100 par\n|cant|p1a: Corviknight|par\n|\n|-damage|p1a: Corviknight|32\/100 par|[from] Leech Seed|[of] p2a: Tapu Lele\n|-heal|p2a: Tapu Lele|91\/100 psn|[silent]\n|-damage|p2a: Tapu Lele|78\/100 psn|[from] psn\n|upkeep\n|turn|37\n|\n|t:|1700676527\n|move|p2a: Tapu Lele|Psychic|p1a: Corviknight\n|-resisted|p1a: Corviknight\n|-damage|p1a: Corviknight|3\/100 par\n|move|p1a: Corviknight|Roost|p1a: Corviknight\n|-heal|p1a: Corviknight|53\/100 par\n|-singleturn|p1a: Corviknight|move: Roost\n|\n|-damage|p1a: Corviknight|40\/100 par|[from] Leech Seed|[of] p2a: Tapu Lele\n|-heal|p2a: Tapu Lele|96\/100 psn|[silent]\n|-damage|p2a: Tapu Lele|83\/100 psn|[from] psn\n|upkeep\n|turn|38\n|\n|t:|1700676537\n|move|p2a: Tapu Lele|Psychic|p1a: Corviknight\n|-resisted|p1a: Corviknight\n|-damage|p1a: Corviknight|15\/100 par\n|move|p1a: Corviknight|Roost|p1a: Corviknight\n|-heal|p1a: Corviknight|65\/100 par\n|-singleturn|p1a: Corviknight|move: Roost\n|\n|-damage|p1a: Corviknight|53\/100 par|[from] Leech Seed|[of] p2a: Tapu Lele\n|-heal|p2a: Tapu Lele|100\/100 psn|[silent]\n|-damage|p2a: Tapu Lele|88\/100 psn|[from] psn\n|-fieldend|move: Psychic Terrain\n|upkeep\n|turn|39\n|\n|t:|1700676547\n|move|p2a: Tapu Lele|Psychic|p1a: Corviknight\n|-resisted|p1a: Corviknight\n|-damage|p1a: Corviknight|30\/100 par\n|move|p1a: Corviknight|Body Press|p2a: Tapu Lele\n|-resisted|p2a: Tapu Lele\n|-damage|p2a: Tapu Lele|32\/100 psn\n|\n|-damage|p1a: Corviknight|17\/100 par|[from] Leech Seed|[of] p2a: Tapu Lele\n|-heal|p2a: Tapu Lele|49\/100 psn|[silent]\n|-damage|p2a: Tapu Lele|37\/100 psn|[from] psn\n|upkeep\n|turn|40\n|\n|t:|1700676556\n|move|p2a: Tapu Lele|Psychic|p1a: Corviknight\n|-resisted|p1a: Corviknight\n|-damage|p1a: Corviknight|0 fnt\n|faint|p1a: Corviknight\n|\n|-damage|p2a: Tapu Lele|24\/100 psn|[from] psn\n|upkeep\n|\n|t:|1700676567\n|switch|p1a: Leon|Leafeon, M|76\/100\n|-damage|p1a: Leon|64\/100|[from] Stealth Rock\n|-damage|p1a: Leon|39\/100|[from] Spikes\n|turn|41\n|\n|t:|1700676572\n|switch|p2a: Lopunny|Lopunny-Mega, F, shiny|88\/100 psn\n|move|p1a: Leon|Leaf Blade|p2a: Lopunny\n|-damage|p2a: Lopunny|0 fnt\n|faint|p2a: Lopunny\n|\n|upkeep\n|\n|t:|1700676577\n|switch|p2a: Tapu Lele|Tapu Lele, shiny, tera:Psychic|24\/100 psn\n|-fieldstart|move: Psychic Terrain|[from] ability: Psychic Surge|[of] p2a: Tapu Lele\n|turn|42\n|\n|t:|1700676583\n|move|p2a: Tapu Lele|Psyshock|p1a: Leon\n|-damage|p1a: Leon|0 fnt\n|faint|p1a: Leon\n|\n|-damage|p2a: Tapu Lele|12\/100 psn|[from] psn\n|upkeep\n|\n|t:|1700676588\n|switch|p1a: Poison|Toxapex, F|87\/100 par\n|-damage|p1a: Poison|75\/100 par|[from] Stealth Rock\n|-damage|p1a: Poison|50\/100 par|[from] Spikes\n|turn|43\n|\n|t:|1700676595\n|move|p1a: Poison|Baneful Bunker|p1a: Poison\n|-singleturn|p1a: Poison|move: Protect\n|move|p2a: Tapu Lele|Psyshock|p1a: Poison\n|-activate|p1a: Poison|move: Protect\n|\n|-heal|p1a: Poison|56\/100 par|[from] item: Black Sludge\n|-damage|p2a: Tapu Lele|0 fnt|[from] psn\n|faint|p2a: Tapu Lele\n|\n|win|Marty1010\n|upkeep\n|raw|Marty1010's rating: 1342 &rarr; <strong>1363<\/strong><br \/>(+21 for winning)\n|raw|SycoBeastOP's rating: 1367 &rarr; <strong>1346<\/strong><br \/>(-21 for losing)\n|c|\u2606Marty1010|gg\n|c|\u2606SycoBeastOP|gg wp\n|l|\u2606SycoBeastOP\n","uploadtime":1700676643,"views":4,"p1id":"marty1010","p2id":"sycobeastop","formatid":"gen9nationaldex","rating":1346,"private":0,"password":""}