{"id":"gen9nationaldex-1999386376","p1":"ganjunhoe","p2":"EnocTheDreamer","format":"[Gen 9] National Dex","log":"|html|<div class=\"broadcast-blue\"><strong>[Gen 9] National Dex is currently suspecting Sneasler! For information on how to participate check out the <a href=\"https:\/\/www.smogon.com\/forums\/threads\/sv-national-dex-suspect-8-just-dance.3731534\/\">suspect thread<\/a>.<\/strong><\/div>\n|j|\u2606ganjunhoe\n|j|\u2606EnocTheDreamer\n|t:|1701071570\n|gametype|singles\n|player|p1|ganjunhoe|265|1101\n|player|p2|EnocTheDreamer|alder|1140\n|teamsize|p1|6\n|teamsize|p2|6\n|gen|9\n|tier|[Gen 9] National Dex\n|rated|\n|rule|HP Percentage Mod: HP is shown in percentages\n|rule|Endless Battle Clause: Forcing endless battles is banned\n|rule|OHKO Clause: OHKO moves are banned\n|rule|Evasion Clause: Evasion abilities, items, and moves are banned\n|rule|Evasion Abilities Clause: Evasion abilities are banned\n|rule|Evasion Items Clause: Evasion items are banned\n|rule|Evasion Moves Clause: Evasion moves are banned\n|rule|Species Clause: Limit one of each Pok\u00e9mon\n|rule|Sleep Clause Mod: Limit one foe put to sleep\n|clearpoke\n|poke|p1|Ogerpon-Wellspring, F|\n|poke|p1|Eelektross, F|\n|poke|p1|Ting-Lu|\n|poke|p1|Umbreon, F|\n|poke|p1|Ninetales-Alola, M|\n|poke|p1|Frosmoth, M|\n|poke|p2|Thievul, M|\n|poke|p2|Kleavor, M|\n|poke|p2|Roserade, F|\n|poke|p2|Minior|\n|poke|p2|Ninetales, M|\n|poke|p2|Wigglytuff, F|\n|teampreview\n|inactive|Battle timer is ON: inactive players will automatically lose when time's up. (requested by ganjunhoe)\n|\n|t:|1701071578\n|start\n|switch|p1a: Ninetales|Ninetales-Alola, M|100\/100\n|switch|p2a: Minior|Minior|100\/100\n|-formechange|p2a: Minior|Minior-Meteor||[from] ability: Shields Down\n|-weather|Snow|[from] ability: Snow Warning|[of] p1a: Ninetales\n|turn|1\n|\n|t:|1701071587\n|move|p1a: Ninetales|Aurora Veil|p1a: Ninetales\n|-sidestart|p1: ganjunhoe|move: Aurora Veil\n|move|p2a: Minior|Shell Smash|p2a: Minior\n|-unboost|p2a: Minior|def|1\n|-unboost|p2a: Minior|spd|1\n|-boost|p2a: Minior|atk|2\n|-boost|p2a: Minior|spa|2\n|-boost|p2a: Minior|spe|2\n|-enditem|p2a: Minior|White Herb\n|-clearnegativeboost|p2a: Minior|[silent]\n|\n|-weather|Snow|[upkeep]\n|upkeep\n|turn|2\n|\n|t:|1701071610\n|switch|p1a: Ogerpon|Ogerpon-Wellspring, F|100\/100\n|move|p2a: Minior|Rock Slide|p1a: Ogerpon\n|-damage|p1a: Ogerpon|71\/100\n|\n|-weather|Snow|[upkeep]\n|upkeep\n|turn|3\n|\n|t:|1701071622\n|-terastallize|p1a: Ogerpon|Water\n|detailschange|p1a: Ogerpon|Ogerpon-Wellspring-Tera, F, tera:Water\n|-ability|p1a: Ogerpon|Embody Aspect (Wellspring)|boost\n|-boost|p1a: Ogerpon|spd|1\n|move|p2a: Minior|Acrobatics|p1a: Ogerpon\n|-damage|p1a: Ogerpon|28\/100\n|move|p1a: Ogerpon|Horn Leech|p2a: Minior\n|-damage|p2a: Minior|57\/100\n|-heal|p1a: Ogerpon|48\/100|[from] drain|[of] p2a: Minior\n|\n|-weather|Snow|[upkeep]\n|upkeep\n|turn|4\n|\n|t:|1701071636\n|move|p2a: Minior|Acrobatics|p1a: Ogerpon\n|-damage|p1a: Ogerpon|6\/100\n|move|p1a: Ogerpon|Ivy Cudgel|p2a: Minior|[anim] Ivy Cudgel Water\n|-supereffective|p2a: Minior\n|-damage|p2a: Minior|0 fnt\n|faint|p2a: Minior\n|\n|-weather|Snow|[upkeep]\n|upkeep\n|\n|t:|1701071647\n|switch|p2a: Roserade|Roserade, F|100\/100\n|turn|5\n|\n|t:|1701071661\n|move|p2a: Roserade|Sludge Bomb|p1a: Ogerpon\n|-damage|p1a: Ogerpon|0 fnt\n|faint|p1a: Ogerpon\n|\n|-weather|none\n|upkeep\n|\n|t:|1701071669\n|switch|p1a: Frosmoth|Frosmoth, M|100\/100\n|turn|6\n|\n|t:|1701071674\n|switch|p2a: Ninetales|Ninetales, M|100\/100\n|-weather|SunnyDay|[from] ability: Drought|[of] p2a: Ninetales\n|move|p1a: Frosmoth|Quiver Dance|p1a: Frosmoth\n|-boost|p1a: Frosmoth|spa|1\n|-boost|p1a: Frosmoth|spd|1\n|-boost|p1a: Frosmoth|spe|1\n|\n|-weather|SunnyDay|[upkeep]\n|upkeep\n|turn|7\n|\n|t:|1701071690\n|move|p2a: Ninetales|Calm Mind|p2a: Ninetales\n|-boost|p2a: Ninetales|spa|1\n|-boost|p2a: Ninetales|spd|1\n|move|p1a: Frosmoth|Quiver Dance|p1a: Frosmoth\n|-boost|p1a: Frosmoth|spa|1\n|-boost|p1a: Frosmoth|spd|1\n|-boost|p1a: Frosmoth|spe|1\n|\n|-weather|SunnyDay|[upkeep]\n|upkeep\n|turn|8\n|\n|t:|1701071704\n|move|p1a: Frosmoth|Tera Blast|p2a: Ninetales\n|-damage|p2a: Ninetales|60\/100\n|move|p2a: Ninetales|Calm Mind|p2a: Ninetales\n|-boost|p2a: Ninetales|spa|1\n|-boost|p2a: Ninetales|spd|1\n|\n|-weather|SunnyDay|[upkeep]\n|-heal|p2a: Ninetales|66\/100|[from] item: Leftovers\n|-sideend|p1: ganjunhoe|move: Aurora Veil\n|upkeep\n|turn|9\n|\n|t:|1701071714\n|move|p1a: Frosmoth|Tera Blast|p2a: Ninetales\n|-damage|p2a: Ninetales|36\/100\n|move|p2a: Ninetales|Flamethrower|p1a: Frosmoth\n|-supereffective|p1a: Frosmoth\n|-damage|p1a: Frosmoth|0 fnt\n|faint|p1a: Frosmoth\n|\n|-weather|SunnyDay|[upkeep]\n|-heal|p2a: Ninetales|42\/100|[from] item: Leftovers\n|upkeep\n|\n|t:|1701071725\n|switch|p1a: Ting-Lu|Ting-Lu|100\/100\n|-ability|p1a: Ting-Lu|Vessel of Ruin\n|turn|10\n|\n|t:|1701071731\n|move|p2a: Ninetales|Flamethrower|p1a: Ting-Lu\n|-damage|p1a: Ting-Lu|42\/100\n|-enditem|p1a: Ting-Lu|Sitrus Berry|[eat]\n|-heal|p1a: Ting-Lu|67\/100|[from] item: Sitrus Berry\n|move|p1a: Ting-Lu|Earthquake|p2a: Ninetales\n|-supereffective|p2a: Ninetales\n|-damage|p2a: Ninetales|0 fnt\n|faint|p2a: Ninetales\n|\n|-weather|none\n|upkeep\n|\n|t:|1701071744\n|switch|p2a: Roserade|Roserade, F|100\/100\n|turn|11\n|\n|t:|1701071755\n|switch|p1a: Eelektross|Eelektross, F|100\/100\n|move|p2a: Roserade|Giga Drain|p1a: Eelektross\n|-damage|p1a: Eelektross|61\/100\n|\n|upkeep\n|turn|12\n|\n|t:|1701071763\n|move|p2a: Roserade|Giga Drain|p1a: Eelektross\n|-damage|p1a: Eelektross|19\/100\n|-enditem|p1a: Eelektross|Sitrus Berry|[eat]\n|-heal|p1a: Eelektross|44\/100|[from] item: Sitrus Berry\n|move|p1a: Eelektross|Flamethrower|p2a: Roserade\n|-supereffective|p2a: Roserade\n|-damage|p2a: Roserade|35\/100\n|\n|upkeep\n|turn|13\n|\n|t:|1701071776\n|move|p2a: Roserade|Giga Drain|p1a: Eelektross\n|-damage|p1a: Eelektross|5\/100\n|-heal|p2a: Roserade|60\/100|[from] drain|[of] p1a: Eelektross\n|move|p1a: Eelektross|Flamethrower|p2a: Roserade\n|-supereffective|p2a: Roserade\n|-damage|p2a: Roserade|0 fnt\n|faint|p2a: Roserade\n|\n|upkeep\n|\n|t:|1701071786\n|switch|p2a: Kleavor|Kleavor, M|100\/100\n|turn|14\n|\n|t:|1701071806\n|switch|p1a: Ting-Lu|Ting-Lu|67\/100\n|-ability|p1a: Ting-Lu|Vessel of Ruin\n|move|p2a: Kleavor|Stone Axe|p1a: Ting-Lu\n|-resisted|p1a: Ting-Lu\n|-damage|p1a: Ting-Lu|52\/100\n|-sidestart|p1: ganjunhoe|move: Stealth Rock\n|\n|upkeep\n|turn|15\n|\n|t:|1701071819\n|move|p2a: Kleavor|X-Scissor|p1a: Ting-Lu\n|-supereffective|p1a: Ting-Lu\n|-damage|p1a: Ting-Lu|0 fnt\n|faint|p1a: Ting-Lu\n|\n|upkeep\n|\n|t:|1701071825\n|switch|p1a: Umbreon|Umbreon, F|100\/100\n|-damage|p1a: Umbreon|88\/100|[from] Stealth Rock\n|turn|16\n|\n|t:|1701071830\n|move|p2a: Kleavor|X-Scissor|p1a: Umbreon\n|-supereffective|p1a: Umbreon\n|-damage|p1a: Umbreon|0 fnt\n|faint|p1a: Umbreon\n|\n|upkeep\n|-message|ganjunhoe forfeited.\n|\n|win|EnocTheDreamer\n|raw|ganjunhoe's rating: 1101 &rarr; <strong>1079<\/strong><br \/>(-22 for losing)\n|raw|EnocTheDreamer's rating: 1140 &rarr; <strong>1162<\/strong><br \/>(+22 for winning)\n|l|\u2606ganjunhoe\n","uploadtime":1701071840,"views":23,"p1id":"ganjunhoe","p2id":"enocthedreamer","formatid":"gen9nationaldex","rating":1079,"private":0,"password":""}