{"id":"gen9nationaldex-1997109651","p1":"Treasured Sun","p2":"Megbaenium","format":"[Gen 9] National Dex","log":"|html|<div class=\"broadcast-blue\"><strong>[Gen 9] National Dex is currently suspecting Sneasler! For information on how to participate check out the <a href=\"https:\/\/www.smogon.com\/forums\/threads\/sv-national-dex-suspect-8-just-dance.3731534\/\">suspect thread<\/a>.<\/strong><\/div>\n|j|\u2606Treasured Sun\n|j|\u2606Megbaenium\n|t:|1700765461\n|gametype|singles\n|player|p1|Treasured Sun|red|\n|player|p2|Megbaenium|sabrina|\n|teamsize|p1|4\n|teamsize|p2|4\n|gen|9\n|tier|[Gen 9] National Dex\n|rule|HP Percentage Mod: HP is shown in percentages\n|rule|Endless Battle Clause: Forcing endless battles is banned\n|rule|OHKO Clause: OHKO moves are banned\n|rule|Evasion Clause: Evasion abilities, items, and moves are banned\n|rule|Evasion Abilities Clause: Evasion abilities are banned\n|rule|Evasion Items Clause: Evasion items are banned\n|rule|Evasion Moves Clause: Evasion moves are banned\n|rule|Species Clause: Limit one of each Pok\u00e9mon\n|rule|Sleep Clause Mod: Limit one foe put to sleep\n|clearpoke\n|poke|p1|Squirtle, L8, M|\n|poke|p1|Nidoran-M, L8, M|\n|poke|p1|Weedle, L8, M|\n|poke|p1|Pikachu, L8, M|\n|poke|p2|Charmander, L8, M|\n|poke|p2|Porygon, L8|\n|poke|p2|Mankey, L8, M|\n|poke|p2|Lotad, L8, F|\n|teampreview\n|\n|t:|1700765473\n|start\n|switch|p1a: Oz|Weedle, L8, M|100\/100\n|switch|p2a: Mankey|Mankey, L8, M|100\/100\n|turn|1\n|\n|t:|1700765500\n|move|p2a: Mankey|Focus Energy|p2a: Mankey\n|-start|p2a: Mankey|move: Focus Energy\n|move|p1a: Oz|String Shot|p2a: Mankey\n|-unboost|p2a: Mankey|spe|2\n|\n|upkeep\n|turn|2\n|\n|t:|1700765572\n|move|p1a: Oz|Bug Bite|p2a: Mankey\n|-resisted|p2a: Mankey\n|-damage|p2a: Mankey|77\/100\n|move|p2a: Mankey|Fury Swipes|p1a: Oz\n|-damage|p1a: Oz|88\/100\n|-crit|p1a: Oz\n|-damage|p1a: Oz|68\/100\n|-crit|p1a: Oz\n|-damage|p1a: Oz|49\/100\n|-crit|p1a: Oz\n|-damage|p1a: Oz|30\/100\n|-crit|p1a: Oz\n|-damage|p1a: Oz|10\/100\n|-hitcount|p1a: Oz|5\n|\n|upkeep\n|turn|3\n|\n|t:|1700765627\n|move|p1a: Oz|Poison Sting|p2a: Mankey\n|-damage|p2a: Mankey|62\/100\n|-status|p2a: Mankey|psn\n|move|p2a: Mankey|Covet|p1a: Oz\n|-crit|p1a: Oz\n|-damage|p1a: Oz|0 fnt\n|faint|p1a: Oz\n|\n|-damage|p2a: Mankey|50\/100 psn|[from] psn\n|upkeep\n|\n|t:|1700765645\n|switch|p1a: Paulie|Pikachu, L8, M, shiny|100\/100\n|turn|4\n|\n|t:|1700765661\n|move|p1a: Paulie|Fake Out|p2a: Mankey\n|-crit|p2a: Mankey\n|-damage|p2a: Mankey|16\/100 psn\n|-setboost|p2a: Mankey|atk|6|[from] ability: Anger Point\n|cant|p2a: Mankey|flinch\n|\n|-damage|p2a: Mankey|4\/100 psn|[from] psn\n|upkeep\n|turn|5\n|\n|t:|1700765677\n|move|p1a: Paulie|Thunder Shock|p2a: Mankey\n|-damage|p2a: Mankey|0 fnt\n|faint|p2a: Mankey\n|\n|upkeep\n|\n|t:|1700765689\n|switch|p2a: Kilobyte|Porygon, L8|100\/100\n|-ability|p2a: Kilobyte|Download|boost\n|-boost|p2a: Kilobyte|atk|1\n|turn|6\n|\n|t:|1700765771\n|switch|p1a: Henry|Nidoran-M, L8, M|100\/100\n|move|p2a: Kilobyte|Tackle|p1a: Henry\n|-damage|p1a: Henry|45\/100\n|\n|upkeep\n|turn|7\n|\n|t:|1700765795\n|move|p1a: Henry|Sucker Punch|p2a: Kilobyte\n|-damage|p2a: Kilobyte|64\/100\n|move|p2a: Kilobyte|Tackle|p1a: Henry\n|-damage|p1a: Henry|0 fnt\n|faint|p1a: Henry\n|\n|upkeep\n|\n|t:|1700765811\n|switch|p1a: Paulie|Pikachu, L8, M, shiny|100\/100\n|turn|8\n|\n|t:|1700765820\n|move|p1a: Paulie|Fake Out|p2a: Kilobyte\n|-damage|p2a: Kilobyte|47\/100\n|cant|p2a: Kilobyte|flinch\n|\n|upkeep\n|turn|9\n|\n|t:|1700765827\n|move|p1a: Paulie|Thunder Wave|p2a: Kilobyte\n|-status|p2a: Kilobyte|par\n|move|p2a: Kilobyte|Tackle|p1a: Paulie\n|-damage|p1a: Paulie|27\/100\n|\n|upkeep\n|turn|10\n|\n|t:|1700765836\n|move|p1a: Paulie|Thunder Shock|p2a: Kilobyte\n|-damage|p2a: Kilobyte|34\/100 par\n|cant|p2a: Kilobyte|par\n|\n|upkeep\n|turn|11\n|\n|t:|1700765858\n|move|p1a: Paulie|Thunder Shock|p2a: Kilobyte\n|-damage|p2a: Kilobyte|20\/100 par\n|move|p2a: Kilobyte|Tackle|p1a: Paulie\n|-damage|p1a: Paulie|0 fnt\n|faint|p1a: Paulie\n|\n|upkeep\n|\n|t:|1700765867\n|switch|p1a: Duke|Squirtle, L8, M|100\/100\n|turn|12\n|\n|t:|1700765873\n|move|p1a: Duke|Withdraw|p1a: Duke\n|-boost|p1a: Duke|def|1\n|move|p2a: Kilobyte|Tackle|p1a: Duke\n|-damage|p1a: Duke|67\/100\n|\n|upkeep\n|turn|13\n|\n|t:|1700765886\n|move|p1a: Duke|Body Slam|p2a: Kilobyte\n|-damage|p2a: Kilobyte|0 fnt\n|faint|p2a: Kilobyte\n|\n|upkeep\n|\n|t:|1700765892\n|switch|p2a: Lotad|Lotad, L8, F|100\/100\n|turn|14\n|\n|t:|1700765916\n|move|p1a: Duke|Withdraw|p1a: Duke\n|-boost|p1a: Duke|def|1\n|move|p2a: Lotad|Absorb|p1a: Duke\n|-supereffective|p1a: Duke\n|-damage|p1a: Duke|45\/100\n|\n|upkeep\n|turn|15\n|\n|t:|1700765928\n|move|p1a: Duke|Body Slam|p2a: Lotad\n|-damage|p2a: Lotad|35\/100\n|move|p2a: Lotad|Absorb|p1a: Duke\n|-supereffective|p1a: Duke\n|-damage|p1a: Duke|23\/100\n|-heal|p2a: Lotad|47\/100|[from] drain|[of] p1a: Duke\n|\n|upkeep\n|turn|16\n|\n|t:|1700765937\n|move|p1a: Duke|Body Slam|p2a: Lotad\n|-damage|p2a: Lotad|0 fnt\n|faint|p2a: Lotad\n|\n|upkeep\n|\n|t:|1700765941\n|switch|p2a: Pyre|Charmander, L8, M|100\/100\n|turn|17\n|\n|t:|1700765950\n|move|p2a: Pyre|Smokescreen|p1a: Duke\n|-unboost|p1a: Duke|accuracy|1\n|move|p1a: Duke|Water Gun|p2a: Pyre\n|-supereffective|p2a: Pyre\n|-damage|p2a: Pyre|47\/100\n|\n|upkeep\n|turn|18\n|\n|t:|1700765960\n|move|p2a: Pyre|Scratch|p1a: Duke\n|-damage|p1a: Duke|12\/100\n|move|p1a: Duke|Water Gun|p2a: Pyre\n|-supereffective|p2a: Pyre\n|-damage|p2a: Pyre|0 fnt\n|faint|p2a: Pyre\n|\n|win|Treasured Sun\n","uploadtime":1700765976,"views":4,"p1id":"treasuredsun","p2id":"megbaenium","formatid":"gen9nationaldex","rating":0,"private":0,"password":""}