{"id":"gen9nationaldex-1998276720","p1":"lucrencrum25","p2":"eris52","format":"[Gen 9] National Dex","log":"|html|<div class=\"broadcast-blue\"><strong>[Gen 9] National Dex is currently suspecting Sneasler! For information on how to participate check out the <a href=\"https:\/\/www.smogon.com\/forums\/threads\/sv-national-dex-suspect-8-just-dance.3731534\/\">suspect thread<\/a>.<\/strong><\/div>\n|j|\u2606lucrencrum25\n|j|\u2606eris52\n|t:|1700923573\n|gametype|singles\n|player|p1|lucrencrum25|170|\n|player|p2|eris52|170|\n|teamsize|p1|6\n|teamsize|p2|6\n|gen|9\n|tier|[Gen 9] National Dex\n|rule|HP Percentage Mod: HP is shown in percentages\n|rule|Endless Battle Clause: Forcing endless battles is banned\n|rule|OHKO Clause: OHKO moves are banned\n|rule|Evasion Clause: Evasion abilities, items, and moves are banned\n|rule|Evasion Abilities Clause: Evasion abilities are banned\n|rule|Evasion Items Clause: Evasion items are banned\n|rule|Evasion Moves Clause: Evasion moves are banned\n|rule|Species Clause: Limit one of each Pok\u00e9mon\n|rule|Sleep Clause Mod: Limit one foe put to sleep\n|clearpoke\n|poke|p1|Sirfetch\u2019d, F|\n|poke|p1|Lilligant-Hisui, F|\n|poke|p1|Sneasler, M|\n|poke|p1|Conkeldurr, F|\n|poke|p1|Heracross, F|\n|poke|p1|Great Tusk|\n|poke|p2|Scovillain, M|\n|poke|p2|Torkoal, M|\n|poke|p2|Great Tusk|\n|poke|p2|Houndoom, F|\n|poke|p2|Tapu Lele|\n|poke|p2|Rotom-Wash|\n|teampreview\n|c|\u2606eris52|Good luck have fun\n|c|\u2606lucrencrum25|I'll need as much luck as I can get\n|c|\u2606lucrencrum25|stupid tapu lele\n|\n|t:|1700923617\n|start\n|switch|p1a: Sir Duck|Sirfetch\u2019d, F, shiny|100\/100\n|switch|p2a: Tapu Lele|Tapu Lele|100\/100\n|-fieldstart|move: Psychic Terrain|[from] ability: Psychic Surge|[of] p2a: Tapu Lele\n|turn|1\n|\n|t:|1700923623\n|move|p1a: Sir Duck|First Impression|p2a: Tapu Lele\n|-activate|p2a: Tapu Lele|move: Psychic Terrain\n|move|p2a: Tapu Lele|Psyshock|p1a: Sir Duck\n|-supereffective|p1a: Sir Duck\n|-damage|p1a: Sir Duck|0 fnt\n|faint|p1a: Sir Duck\n|\n|upkeep\n|c|\u2606lucrencrum25|duh\n|c|\u2606lucrencrum25|my brain just decided to shut itself off\n|\n|t:|1700923662\n|switch|p1a: Sneasler|Sneasler, M, shiny|100\/100\n|turn|2\n|c|\u2606eris52|Even i didnt knew it could do that\n|\n|t:|1700923673\n|switch|p2a: Torkoal|Torkoal, M|100\/100\n|-weather|SunnyDay|[from] ability: Drought|[of] p2a: Torkoal\n|move|p1a: Sneasler|Dire Claw|p2a: Torkoal\n|-damage|p2a: Torkoal|75\/100\n|\n|-weather|SunnyDay|[upkeep]\n|upkeep\n|turn|3\n|c|\u2606lucrencrum25|my game froze\n|\n|t:|1700923700\n|move|p1a: Sneasler|Rock Slide|p2a: Torkoal\n|-supereffective|p2a: Torkoal\n|-damage|p2a: Torkoal|44\/100\n|cant|p2a: Torkoal|flinch\n|\n|-weather|SunnyDay|[upkeep]\n|upkeep\n|turn|4\n|\n|t:|1700923705\n|move|p1a: Sneasler|Rock Slide|p2a: Torkoal\n|-supereffective|p2a: Torkoal\n|-damage|p2a: Torkoal|14\/100\n|move|p2a: Torkoal|Stealth Rock|p1a: Sneasler\n|-sidestart|p1: lucrencrum25|move: Stealth Rock\n|\n|-weather|SunnyDay|[upkeep]\n|upkeep\n|turn|5\n|\n|t:|1700923723\n|move|p1a: Sneasler|Rock Slide|p2a: Torkoal\n|-supereffective|p2a: Torkoal\n|-damage|p2a: Torkoal|0 fnt\n|faint|p2a: Torkoal\n|\n|-weather|SunnyDay|[upkeep]\n|-fieldend|move: Psychic Terrain\n|upkeep\n|\n|t:|1700923733\n|switch|p2a: Great Tusk|Great Tusk|100\/100\n|-activate|p2a: Great Tusk|ability: Protosynthesis\n|-start|p2a: Great Tusk|protosynthesisatk\n|turn|6\n|j| TexanFarmersMarket\n|c| TexanFarmersMarket|oh good im not late\n|\n|t:|1700923747\n|move|p1a: Sneasler|Dire Claw|p2a: Great Tusk\n|-resisted|p2a: Great Tusk\n|-damage|p2a: Great Tusk|86\/100\n|-status|p2a: Great Tusk|psn\n|move|p2a: Great Tusk|Rapid Spin|p1a: Sneasler\n|-damage|p1a: Sneasler|63\/100\n|-boost|p2a: Great Tusk|spe|1\n|\n|-weather|SunnyDay|[upkeep]\n|-damage|p2a: Great Tusk|74\/100 psn|[from] psn\n|upkeep\n|turn|7\n|c| TexanFarmersMarket|was busy watching crim yap about search history and teams\n|c|\u2606eris52|lmao\n|c|\u2606lucrencrum25|I might as well give you the win with how bad my frames are\n|c|\u2606eris52|you can switch yourself with Texan\n|\n|t:|1700923811\n|move|p2a: Great Tusk|Headlong Rush|p1a: Sneasler\n|-supereffective|p1a: Sneasler\n|-damage|p1a: Sneasler|0 fnt\n|-unboost|p2a: Great Tusk|def|1\n|-unboost|p2a: Great Tusk|spd|1\n|faint|p1a: Sneasler\n|\n|-weather|SunnyDay|[upkeep]\n|-damage|p2a: Great Tusk|61\/100 psn|[from] psn\n|upkeep\n|c|\u2606eris52|Texan\n|c|\u2606eris52|If you dont feel ok\n|c|\u2606eris52|i think thats a feature in showdown\n|c|\u2606eris52|im p sure\n|c| TexanFarmersMarket|yeah\n|\n|t:|1700923841\n|switch|p1a: Conkeldurr|Conkeldurr, F, shiny|100\/100\n|-damage|p1a: Conkeldurr|94\/100|[from] Stealth Rock\n|turn|8\n|\n|t:|1700923848\n|move|p1a: Conkeldurr|Protect|p1a: Conkeldurr\n|-singleturn|p1a: Conkeldurr|Protect\n|move|p2a: Great Tusk|Close Combat|p1a: Conkeldurr\n|-activate|p1a: Conkeldurr|move: Protect\n|\n|-weather|SunnyDay|[upkeep]\n|-damage|p2a: Great Tusk|49\/100 psn|[from] psn\n|-status|p1a: Conkeldurr|brn|[from] item: Flame Orb\n|upkeep\n|turn|9\n|c| TexanFarmersMarket|i dont remember how to get it but i think its only on pc\n|c| TexanFarmersMarket|when you go to forfeit you can get a replace user\n|\n|t:|1700923861\n|move|p1a: Conkeldurr|Mach Punch|p2a: Great Tusk\n|-damage|p2a: Great Tusk|8\/100 psn\n|move|p2a: Great Tusk|Close Combat|p1a: Conkeldurr\n|-damage|p1a: Conkeldurr|12\/100 brn\n|-unboost|p2a: Great Tusk|def|1\n|-unboost|p2a: Great Tusk|spd|1\n|\n|-weather|none\n|-end|p2a: Great Tusk|Protosynthesis\n|-damage|p2a: Great Tusk|0 fnt|[from] psn\n|faint|p2a: Great Tusk\n|-end|p2a: Great Tusk|Protosynthesis|[silent]\n|-damage|p1a: Conkeldurr|5\/100 brn|[from] brn\n|upkeep\n|\n|t:|1700923873\n|switch|p2a: Scovillain|Scovillain, M|100\/100\n|turn|10\n|c|\u2606lucrencrum25|that was dangerously close\n|\n|t:|1700923878\n|move|p1a: Conkeldurr|Mach Punch|p2a: Scovillain\n|-damage|p2a: Scovillain|32\/100\n|move|p2a: Scovillain|Giga Drain|p1a: Conkeldurr\n|-damage|p1a: Conkeldurr|0 fnt\n|-heal|p2a: Scovillain|35\/100|[from] drain|[of] p1a: Conkeldurr\n|faint|p1a: Conkeldurr\n|-damage|p2a: Scovillain|25\/100|[from] item: Life Orb\n|\n|upkeep\n|c| TexanFarmersMarket|nvm it is not only on pc\n|c|\u2606eris52|Yeah i can do it on mobile\n|\n|t:|1700923900\n|switch|p1a: Lilligant|Lilligant-Hisui, F, shiny|100\/100\n|-damage|p1a: Lilligant|94\/100|[from] Stealth Rock\n|turn|11\n|\n|t:|1700923915\n|move|p1a: Lilligant|Ice Spinner|p2a: Scovillain\n|-damage|p2a: Scovillain|0 fnt\n|faint|p2a: Scovillain\n|\n|upkeep\n|\n|t:|1700923922\n|switch|p2a: Houndoom|Houndoom, F|100\/100\n|turn|12\n|\n|t:|1700923927\n|detailschange|p2a: Houndoom|Houndoom-Mega, F\n|-mega|p2a: Houndoom|Houndoom|Houndoominite\n|move|p2a: Houndoom|Flamethrower|p1a: Lilligant\n|-supereffective|p1a: Lilligant\n|-damage|p1a: Lilligant|0 fnt\n|faint|p1a: Lilligant\n|\n|upkeep\n|\n|t:|1700923933\n|switch|p1a: Great Tusk|Great Tusk|100\/100\n|-damage|p1a: Great Tusk|98\/100|[from] Stealth Rock\n|-enditem|p1a: Great Tusk|Booster Energy\n|-activate|p1a: Great Tusk|ability: Protosynthesis|[fromitem]\n|-start|p1a: Great Tusk|protosynthesisatk\n|turn|13\n|\n|t:|1700923937\n|move|p2a: Houndoom|Flamethrower|p1a: Great Tusk\n|-damage|p1a: Great Tusk|47\/100\n|move|p1a: Great Tusk|Headlong Rush|p2a: Houndoom\n|-supereffective|p2a: Houndoom\n|-damage|p2a: Houndoom|0 fnt\n|-unboost|p1a: Great Tusk|def|1\n|-unboost|p1a: Great Tusk|spd|1\n|faint|p2a: Houndoom\n|\n|upkeep\n|\n|t:|1700923940\n|switch|p2a: Rotom|Rotom-Wash|100\/100\n|turn|14\n|c|\u2606lucrencrum25|why did flamethrower do so much\n|\n|t:|1700923968\n|move|p1a: Great Tusk|Close Combat|p2a: Rotom\n|-damage|p2a: Rotom|14\/100\n|-unboost|p1a: Great Tusk|def|1\n|-unboost|p1a: Great Tusk|spd|1\n|move|p2a: Rotom|Hydro Pump|p1a: Great Tusk\n|-supereffective|p1a: Great Tusk\n|-crit|p1a: Great Tusk\n|-damage|p1a: Great Tusk|0 fnt\n|faint|p1a: Great Tusk\n|-end|p1a: Great Tusk|Protosynthesis|[silent]\n|\n|-heal|p2a: Rotom|20\/100|[from] item: Leftovers\n|upkeep\n|c|\u2606eris52|Stab\n|c| TexanFarmersMarket|cuz stab plus mega evolution has higher special attack\n|c|\u2606lucrencrum25|also, it's always perplexed me that ground doesn't resist fire\n|\n|t:|1700923996\n|switch|p1a: Heracross|Heracross, F, shiny|100\/100\n|-damage|p1a: Heracross|88\/100|[from] Stealth Rock\n|turn|15\n|\n|t:|1700924003\n|-terastallize|p2a: Rotom|Ghost\n|move|p1a: Heracross|Facade|p2a: Rotom\n|-immune|p2a: Rotom\n|move|p2a: Rotom|Pain Split|p1a: Heracross\n|-sethp|p1a: Heracross|54\/100|[from] move: Pain Split|[silent]\n|-sethp|p2a: Rotom|54\/100|[from] move: Pain Split\n|\n|-heal|p2a: Rotom|60\/100|[from] item: Leftovers\n|-status|p1a: Heracross|brn|[from] item: Flame Orb\n|upkeep\n|turn|16\n|c| TexanFarmersMarket|same\n|c|\u2606lucrencrum25|...\n|\n|t:|1700924028\n|-terastallize|p1a: Heracross|Normal\n|move|p1a: Heracross|Throat Chop|p2a: Rotom\n|-supereffective|p2a: Rotom\n|-damage|p2a: Rotom|0 fnt\n|faint|p2a: Rotom\n|\n|-damage|p1a: Heracross|48\/100 brn|[from] brn\n|upkeep\n|\n|t:|1700924034\n|switch|p2a: Tapu Lele|Tapu Lele|100\/100\n|-fieldstart|move: Psychic Terrain|[from] ability: Psychic Surge|[of] p2a: Tapu Lele\n|turn|17\n|\n|t:|1700924037\n|move|p2a: Tapu Lele|Moonblast|p1a: Heracross\n|-crit|p1a: Heracross\n|-damage|p1a: Heracross|0 fnt\n|faint|p1a: Heracross\n|\n|win|eris52\n|c|\u2606eris52|gg\n|c|\u2606lucrencrum25|gg\n|c| TexanFarmersMarket|well played you two\n|c|\u2606eris52|Wp\n|c|\u2606lucrencrum25|surprisingly close\n|c|\u2606eris52|Yeah\n|c|\u2606lucrencrum25|I thought I was gonna get swept by tapu\n|c|\u2606eris52|Except the fact i tried not to use lele\n","uploadtime":1700924067,"views":2,"p1id":"lucrencrum25","p2id":"eris52","formatid":"gen9nationaldex","rating":0,"private":0,"password":""}