{"id":"gen9nationaldex-1998923656","p1":"Nikkei0","p2":"agent_shodow-007","format":"[Gen 9] National Dex","log":"|html|<div class=\"broadcast-blue\"><strong>[Gen 9] National Dex is currently suspecting Sneasler! For information on how to participate check out the <a href=\"https:\/\/www.smogon.com\/forums\/threads\/sv-national-dex-suspect-8-just-dance.3731534\/\">suspect thread<\/a>.<\/strong><\/div>\n|j|\u2606Nikkei0\n|j|\u2606agent_shodow-007\n|t:|1701013610\n|gametype|singles\n|player|p1|Nikkei0|kahili|1271\n|player|p2|agent_shodow-007|lusamine-nihilego|1206\n|teamsize|p1|6\n|teamsize|p2|6\n|gen|9\n|tier|[Gen 9] National Dex\n|rated|\n|rule|HP Percentage Mod: HP is shown in percentages\n|rule|Endless Battle Clause: Forcing endless battles is banned\n|rule|OHKO Clause: OHKO moves are banned\n|rule|Evasion Clause: Evasion abilities, items, and moves are banned\n|rule|Evasion Abilities Clause: Evasion abilities are banned\n|rule|Evasion Items Clause: Evasion items are banned\n|rule|Evasion Moves Clause: Evasion moves are banned\n|rule|Species Clause: Limit one of each Pok\u00e9mon\n|rule|Sleep Clause Mod: Limit one foe put to sleep\n|clearpoke\n|poke|p1|Scizor, F|\n|poke|p1|Ting-Lu|\n|poke|p1|Corviknight, F|\n|poke|p1|Sneasler, M|\n|poke|p1|Toxapex, F|\n|poke|p1|Kyurem|\n|poke|p2|Rattata, L1, M|\n|poke|p2|Aron, L1, M|\n|poke|p2|Toxapex, M|\n|poke|p2|Tyranitar, L1, F|\n|poke|p2|Weavile, M|\n|poke|p2|Charizard, M|\n|teampreview\n|inactive|Battle timer is ON: inactive players will automatically lose when time's up. (requested by Nikkei0)\n|\n|t:|1701013636\n|start\n|switch|p1a: Jax|Sneasler, M|100\/100\n|switch|p2a: Tyranitar|Tyranitar, L1, F|100\/100\n|-weather|Sandstorm|[from] ability: Sand Stream|[of] p2a: Tyranitar\n|turn|1\n|c|\u2606agent_shodow-007|GLHF\n|\n|t:|1701013646\n|move|p1a: Jax|U-turn|p2a: Tyranitar\n|-supereffective|p2a: Tyranitar\n|-damage|p2a: Tyranitar|0 fnt\n|faint|p2a: Tyranitar\n|\n|t:|1701013654\n|switch|p1a: Urubu|Corviknight, F|100\/100|[from] U-turn\n|-ability|p1a: Urubu|Pressure\n|\n|-weather|Sandstorm|[upkeep]\n|upkeep\n|\n|t:|1701013659\n|switch|p2a: Aron|Aron, L1, M|100\/100\n|turn|2\n|\n|t:|1701013662\n|move|p1a: Urubu|U-turn|p2a: Aron\n|-resisted|p2a: Aron\n|-ability|p2a: Aron|Sturdy\n|-damage|p2a: Aron|9\/100\n|\n|t:|1701013669\n|switch|p1a: Cuia|Ting-Lu|100\/100|[from] U-turn\n|-ability|p1a: Cuia|Vessel of Ruin\n|move|p2a: Aron|Endeavor|p1a: Cuia\n|-damage|p1a: Cuia|1\/100\n|-heal|p2a: Aron|100\/100|[from] item: Shell Bell|[of] p1a: Cuia\n|\n|-weather|Sandstorm|[upkeep]\n|-heal|p1a: Cuia|7\/100|[from] item: Leftovers\n|upkeep\n|turn|3\n|\n|t:|1701013681\n|switch|p2a: Rattata|Rattata, L1, M, shiny|100\/100\n|move|p1a: Cuia|Earthquake|p2a: Rattata\n|-enditem|p2a: Rattata|Focus Sash\n|-damage|p2a: Rattata|10\/100\n|\n|-weather|Sandstorm|[upkeep]\n|-damage|p2a: Rattata|0 fnt|[from] Sandstorm\n|faint|p2a: Rattata\n|-heal|p1a: Cuia|13\/100|[from] item: Leftovers\n|upkeep\n|\n|t:|1701013694\n|switch|p2a: Charizard|Charizard, M, shiny|100\/100\n|turn|4\n|\n|t:|1701013697\n|detailschange|p2a: Charizard|Charizard-Mega-Y, M, shiny\n|-mega|p2a: Charizard|Charizard|Charizardite Y\n|-weather|SunnyDay|[from] ability: Drought|[of] p2a: Charizard\n|move|p2a: Charizard|Ancient Power|p1a: Cuia\n|-resisted|p1a: Cuia\n|-damage|p1a: Cuia|8\/100\n|move|p1a: Cuia|Ruination|p2a: Charizard\n|-damage|p2a: Charizard|51\/100\n|\n|-weather|SunnyDay|[upkeep]\n|-heal|p1a: Cuia|15\/100|[from] item: Leftovers\n|upkeep\n|turn|5\n|\n|t:|1701013705\n|move|p2a: Charizard|Ancient Power|p1a: Cuia\n|-resisted|p1a: Cuia\n|-damage|p1a: Cuia|10\/100\n|move|p1a: Cuia|Ruination|p2a: Charizard\n|-damage|p2a: Charizard|26\/100\n|\n|-weather|SunnyDay|[upkeep]\n|-heal|p1a: Cuia|16\/100|[from] item: Leftovers\n|upkeep\n|turn|6\n|\n|t:|1701013709\n|move|p2a: Charizard|Ancient Power|p1a: Cuia\n|-resisted|p1a: Cuia\n|-damage|p1a: Cuia|11\/100\n|move|p1a: Cuia|Ruination|p2a: Charizard\n|-damage|p2a: Charizard|13\/100\n|\n|-weather|SunnyDay|[upkeep]\n|-heal|p1a: Cuia|17\/100|[from] item: Leftovers\n|upkeep\n|turn|7\n|\n|t:|1701013712\n|move|p2a: Charizard|Fire Blast|p1a: Cuia\n|-damage|p1a: Cuia|0 fnt\n|faint|p1a: Cuia\n|\n|-weather|SunnyDay|[upkeep]\n|upkeep\n|\n|t:|1701013716\n|switch|p1a: Elize Matsuga|Scizor, F|100\/100\n|turn|8\n|\n|t:|1701013719\n|detailschange|p1a: Elize Matsuga|Scizor-Mega, F\n|-mega|p1a: Elize Matsuga|Scizor|Scizorite\n|move|p1a: Elize Matsuga|Bullet Punch|p2a: Charizard\n|-resisted|p2a: Charizard\n|-damage|p2a: Charizard|0 fnt\n|faint|p2a: Charizard\n|\n|-weather|none\n|upkeep\n|\n|t:|1701013725\n|switch|p2a: Toxapex|Toxapex, M|100\/100\n|turn|9\n|\n|t:|1701013731\n|switch|p1a: Volta Julia|Kyurem, shiny|100\/100\n|-ability|p1a: Volta Julia|Pressure\n|move|p2a: Toxapex|Toxic Spikes|p1a: Volta Julia\n|-sidestart|p1: Nikkei0|move: Toxic Spikes\n|\n|upkeep\n|turn|10\n|\n|t:|1701013737\n|move|p1a: Volta Julia|Freeze-Dry|p2a: Toxapex\n|-supereffective|p2a: Toxapex\n|-damage|p2a: Toxapex|18\/100\n|move|p2a: Toxapex|Scald|p1a: Volta Julia\n|-resisted|p1a: Volta Julia\n|-damage|p1a: Volta Julia|93\/100\n|\n|-heal|p2a: Toxapex|24\/100|[from] item: Leftovers\n|upkeep\n|turn|11\n|\n|t:|1701013746\n|move|p2a: Toxapex|Baneful Bunker|p2a: Toxapex\n|-singleturn|p2a: Toxapex|move: Protect\n|move|p1a: Volta Julia|Freeze-Dry|p2a: Toxapex\n|-activate|p2a: Toxapex|move: Protect\n|\n|-heal|p2a: Toxapex|30\/100|[from] item: Leftovers\n|upkeep\n|turn|12\n|\n|t:|1701013755\n|-terastallize|p2a: Toxapex|Poison\n|move|p1a: Volta Julia|Freeze-Dry|p2a: Toxapex\n|-damage|p2a: Toxapex|0 fnt\n|faint|p2a: Toxapex\n|\n|upkeep\n|\n|t:|1701013760\n|switch|p2a: Weavile|Weavile, M|100\/100\n|-ability|p2a: Weavile|Pressure\n|turn|13\n|\n|t:|1701013771\n|switch|p1a: Beijos|Toxapex, F|100\/100\n|-sideend|p1: Nikkei0|move: Toxic Spikes|[of] p1a: Beijos\n|move|p2a: Weavile|Brick Break|p1a: Beijos\n|-resisted|p1a: Beijos\n|-crit|p1a: Beijos\n|-damage|p1a: Beijos|89\/100\n|-damage|p2a: Weavile|84\/100|[from] item: Rocky Helmet|[of] p1a: Beijos\n|\n|upkeep\n|turn|14\n|\n|t:|1701013779\n|move|p2a: Weavile|Knock Off|p1a: Beijos\n|-damage|p1a: Beijos|61\/100\n|-damage|p2a: Weavile|68\/100|[from] item: Rocky Helmet|[of] p1a: Beijos\n|-enditem|p1a: Beijos|Rocky Helmet|[from] move: Knock Off|[of] p2a: Weavile\n|move|p1a: Beijos|Toxic|p2a: Weavile\n|-status|p2a: Weavile|tox\n|\n|-damage|p2a: Weavile|62\/100 tox|[from] psn\n|upkeep\n|turn|15\n|\n|t:|1701013791\n|move|p2a: Weavile|Ice Spinner|p1a: Beijos\n|-resisted|p1a: Beijos\n|-damage|p1a: Beijos|49\/100\n|move|p1a: Beijos|Recover|p1a: Beijos\n|-heal|p1a: Beijos|99\/100\n|\n|-damage|p2a: Weavile|50\/100 tox|[from] psn\n|upkeep\n|turn|16\n|\n|t:|1701013799\n|switch|p1a: Urubu|Corviknight, F|100\/100\n|-ability|p1a: Urubu|Pressure\n|move|p2a: Weavile|Knock Off|p1a: Urubu\n|-damage|p1a: Urubu|60\/100\n|-enditem|p1a: Urubu|Leftovers|[from] move: Knock Off|[of] p2a: Weavile\n|\n|-damage|p2a: Weavile|31\/100 tox|[from] psn\n|upkeep\n|turn|17\n|-message|agent_shodow-007 forfeited.\n|\n|win|Nikkei0\n|raw|Nikkei0's rating: 1271 &rarr; <strong>1291<\/strong><br \/>(+20 for winning)\n|raw|agent_shodow-007's rating: 1206 &rarr; <strong>1186<\/strong><br \/>(-20 for losing)\n|l|\u2606agent_shodow-007\n|l|\u2606Nikkei0\n","uploadtime":1701013994,"views":4,"p1id":"nikkei0","p2id":"agentshodow007","formatid":"gen9nationaldex","rating":1186,"private":0,"password":""}