{"id":"gen9nationaldex-1990112883","p1":"Mscoquart8","p2":"ALostSoul123","format":"[Gen 9] National Dex","log":"|j|\u2606Mscoquart8\n|j|\u2606ALostSoul123\n|t:|1699925915\n|gametype|singles\n|player|p1|Mscoquart8|266|1170\n|player|p2|ALostSoul123|iris-gen5bw2|1176\n|teamsize|p1|6\n|teamsize|p2|6\n|gen|9\n|tier|[Gen 9] National Dex\n|rated|\n|rule|HP Percentage Mod: HP is shown in percentages\n|rule|Endless Battle Clause: Forcing endless battles is banned\n|rule|OHKO Clause: OHKO moves are banned\n|rule|Evasion Clause: Evasion abilities, items, and moves are banned\n|rule|Evasion Abilities Clause: Evasion abilities are banned\n|rule|Evasion Items Clause: Evasion items are banned\n|rule|Evasion Moves Clause: Evasion moves are banned\n|rule|Species Clause: Limit one of each Pok\u00e9mon\n|rule|Sleep Clause Mod: Limit one foe put to sleep\n|clearpoke\n|poke|p1|Zeraora|\n|poke|p1|Shiftry, F|\n|poke|p1|Volcanion|\n|poke|p1|Landorus-Therian, M|\n|poke|p1|Glimmora, M|\n|poke|p1|Zoroark-Hisui, F|\n|poke|p2|Azumarill, F|\n|poke|p2|Greninja-*, M|\n|poke|p2|Jolteon, M|\n|poke|p2|Urshifu-*, F|\n|poke|p2|Talonflame, M|\n|poke|p2|Weavile, M|\n|teampreview\n|\n|t:|1699925939\n|start\n|switch|p1a: Glimmora|Glimmora, M|100\/100\n|switch|p2a: Jolteon|Jolteon, M|100\/100\n|turn|1\n|\n|t:|1699925947\n|move|p2a: Jolteon|Calm Mind|p2a: Jolteon\n|-boost|p2a: Jolteon|spa|1\n|-boost|p2a: Jolteon|spd|1\n|move|p1a: Glimmora|Mortal Spin|p2a: Jolteon\n|-damage|p2a: Jolteon|88\/100\n|-status|p2a: Jolteon|psn\n|\n|-damage|p2a: Jolteon|76\/100 psn|[from] psn\n|upkeep\n|turn|2\n|\n|t:|1699925957\n|move|p2a: Jolteon|Calm Mind|p2a: Jolteon\n|-boost|p2a: Jolteon|spa|1\n|-boost|p2a: Jolteon|spd|1\n|move|p1a: Glimmora|Ancient Power|p2a: Jolteon\n|-damage|p2a: Jolteon|58\/100 psn\n|\n|-damage|p2a: Jolteon|46\/100 psn|[from] psn\n|upkeep\n|turn|3\n|\n|t:|1699925967\n|move|p1a: Glimmora|Spiky Shield|p1a: Glimmora\n|-singleturn|p1a: Glimmora|move: Protect\n|move|p2a: Jolteon|Thunderbolt|p1a: Glimmora\n|-activate|p1a: Glimmora|move: Protect\n|\n|-damage|p2a: Jolteon|34\/100 psn|[from] psn\n|upkeep\n|turn|4\n|\n|t:|1699925975\n|switch|p1a: Zeraora|Zeraora|100\/100\n|move|p2a: Jolteon|Thunderbolt|p1a: Zeraora\n|-immune|p1a: Zeraora|[from] ability: Volt Absorb\n|\n|-damage|p2a: Jolteon|22\/100 psn|[from] psn\n|upkeep\n|turn|5\n|\n|t:|1699925988\n|move|p2a: Jolteon|Tera Blast|p1a: Zeraora\n|-damage|p1a: Zeraora|41\/100\n|move|p1a: Zeraora|Knock Off|p2a: Jolteon\n|-damage|p2a: Jolteon|0 fnt\n|-enditem|p2a: Jolteon|Focus Sash|[from] move: Knock Off|[of] p1a: Zeraora\n|faint|p2a: Jolteon\n|\n|upkeep\n|\n|t:|1699925993\n|switch|p2a: Greninja|Greninja, M|100\/100\n|turn|6\n|inactive|Battle timer is ON: inactive players will automatically lose when time's up. (requested by Mscoquart8)\n|\n|t:|1699926005\n|switch|p1a: Shiftry|Shiftry, F|100\/100\n|-terastallize|p2a: Greninja|Water\n|move|p2a: Greninja|Water Shuriken|p1a: Shiftry\n|-resisted|p1a: Shiftry\n|-damage|p1a: Shiftry|94\/100\n|-resisted|p1a: Shiftry\n|-damage|p1a: Shiftry|86\/100\n|-resisted|p1a: Shiftry\n|-damage|p1a: Shiftry|79\/100\n|-resisted|p1a: Shiftry\n|-damage|p1a: Shiftry|72\/100\n|-hitcount|p1a: Shiftry|4\n|\n|upkeep\n|turn|7\n|\n|t:|1699926021\n|move|p2a: Greninja|Ice Beam|p1a: Shiftry\n|-supereffective|p1a: Shiftry\n|-damage|p1a: Shiftry|0 fnt\n|faint|p1a: Shiftry\n|-ability|p2a: Greninja|Battle Bond|boost\n|-boost|p2a: Greninja|atk|1\n|-boost|p2a: Greninja|spa|1\n|-boost|p2a: Greninja|spe|1\n|-activate|p2a: Greninja|ability: Battle Bond\n|\n|upkeep\n|\n|t:|1699926034\n|switch|p1a: Volcanion|Volcanion|100\/100\n|turn|8\n|\n|t:|1699926044\n|move|p2a: Greninja|Dark Pulse|p1a: Volcanion\n|-supereffective|p1a: Volcanion\n|-damage|p1a: Volcanion|0 fnt\n|replace|p1a: Zoroark|Zoroark-Hisui, F\n|-end|p1a: Zoroark|Illusion\n|faint|p1a: Zoroark\n|\n|upkeep\n|\n|t:|1699926064\n|switch|p1a: Glimmora|Glimmora, M|100\/100\n|turn|9\n|c|\u2606ALostSoul123|i did not expect that\n|\n|t:|1699926072\n|move|p2a: Greninja|Water Shuriken|p1a: Glimmora\n|-supereffective|p1a: Glimmora\n|-damage|p1a: Glimmora|73\/100\n|-supereffective|p1a: Glimmora\n|-damage|p1a: Glimmora|44\/100\n|-supereffective|p1a: Glimmora\n|-damage|p1a: Glimmora|15\/100\n|-supereffective|p1a: Glimmora\n|-damage|p1a: Glimmora|0 fnt\n|faint|p1a: Glimmora\n|-hitcount|p1: Glimmora|4\n|\n|upkeep\n|inactive|Mscoquart8 has 120 seconds left.\n|\n|t:|1699926096\n|switch|p1a: Zeraora|Zeraora|41\/100\n|turn|10\n|\n|t:|1699926100\n|move|p2a: Greninja|Water Shuriken|p1a: Zeraora\n|-crit|p1a: Zeraora\n|-damage|p1a: Zeraora|16\/100\n|-damage|p1a: Zeraora|0 fnt\n|faint|p1a: Zeraora\n|-hitcount|p1: Zeraora|2\n|\n|upkeep\n|-message|Mscoquart8 forfeited.\n|\n|win|ALostSoul123\n|raw|Mscoquart8's rating: 1170 &rarr; <strong>1145<\/strong><br \/>(-25 for losing)\n|raw|ALostSoul123's rating: 1176 &rarr; <strong>1201<\/strong><br \/>(+25 for winning)\n|l|\u2606Mscoquart8\n","uploadtime":1699926180,"views":11,"p1id":"mscoquart8","p2id":"alostsoul123","formatid":"gen9nationaldex","rating":1145,"private":0,"password":""}