{"id":"gen9nationaldex-1998034641","p1":"SrPorquet","p2":"Surge Surfers","format":"[Gen 9] National Dex","log":"|html|<div class=\"broadcast-blue\"><strong>[Gen 9] National Dex is currently suspecting Sneasler! For information on how to participate check out the <a href=\"https:\/\/www.smogon.com\/forums\/threads\/sv-national-dex-suspect-8-just-dance.3731534\/\">suspect thread<\/a>.<\/strong><\/div>\n|j|\u203dSrPorquet\n|j|\u2606Surge Surfers\n|t:|1700881713\n|gametype|singles\n|player|p1|SrPorquet|falkner|1201\n|player|p2|Surge Surfers|steven|1088\n|teamsize|p1|6\n|teamsize|p2|6\n|gen|9\n|tier|[Gen 9] National Dex\n|rated|\n|rule|HP Percentage Mod: HP is shown in percentages\n|rule|Endless Battle Clause: Forcing endless battles is banned\n|rule|OHKO Clause: OHKO moves are banned\n|rule|Evasion Clause: Evasion abilities, items, and moves are banned\n|rule|Evasion Abilities Clause: Evasion abilities are banned\n|rule|Evasion Items Clause: Evasion items are banned\n|rule|Evasion Moves Clause: Evasion moves are banned\n|rule|Species Clause: Limit one of each Pok\u00e9mon\n|rule|Sleep Clause Mod: Limit one foe put to sleep\n|clearpoke\n|poke|p1|Goodra-Hisui, M|\n|poke|p1|Wyrdeer, M|\n|poke|p1|Leavanny, F|\n|poke|p1|Avalugg, M|\n|poke|p1|Togekiss, M|\n|poke|p1|Floatzel, M|\n|poke|p2|Blaziken, F|\n|poke|p2|Tapu Koko|\n|poke|p2|Iron Valiant|\n|poke|p2|Gliscor, M|\n|poke|p2|Ferrothorn, F|\n|poke|p2|Zoroark-Hisui, M|\n|teampreview\n|inactive|Battle timer is ON: inactive players will automatically lose when time's up. (requested by Surge Surfers)\n|\n|t:|1700881725\n|start\n|switch|p1a: Goodra|Goodra-Hisui, M|100\/100\n|switch|p2a: Blaziken|Blaziken, F|100\/100\n|turn|1\n|\n|t:|1700881733\n|switch|p1a: Wyrdeer|Wyrdeer, M|100\/100\n|-ability|p1a: Wyrdeer|Intimidate|boost\n|-unboost|p2a: Blaziken|atk|1\n|-terastallize|p2a: Blaziken|Flying\n|move|p2a: Blaziken|Swords Dance|p2a: Blaziken\n|-boost|p2a: Blaziken|atk|2\n|\n|-ability|p2a: Blaziken|Speed Boost|boost\n|-boost|p2a: Blaziken|spe|1\n|upkeep\n|turn|2\n|\n|t:|1700881744\n|move|p2a: Blaziken|Swords Dance|p2a: Blaziken\n|-boost|p2a: Blaziken|atk|2\n|move|p1a: Wyrdeer|Double-Edge|p2a: Blaziken\n|-damage|p2a: Blaziken|24\/100\n|-damage|p1a: Wyrdeer|80\/100|[from] Recoil\n|\n|-ability|p2a: Blaziken|Speed Boost|boost\n|-boost|p2a: Blaziken|spe|1\n|upkeep\n|turn|3\n|\n|t:|1700881749\n|move|p2a: Blaziken|Close Combat|p1a: Wyrdeer\n|-damage|p1a: Wyrdeer|0 fnt\n|-unboost|p2a: Blaziken|def|1\n|-unboost|p2a: Blaziken|spd|1\n|faint|p1a: Wyrdeer\n|\n|-ability|p2a: Blaziken|Speed Boost|boost\n|-boost|p2a: Blaziken|spe|1\n|upkeep\n|\n|t:|1700881751\n|switch|p1a: Floatzel|Floatzel, M|100\/100\n|turn|4\n|\n|t:|1700881761\n|move|p1a: Floatzel|Aqua Jet|p2a: Blaziken\n|-damage|p2a: Blaziken|0 fnt\n|faint|p2a: Blaziken\n|-damage|p1a: Floatzel|91\/100|[from] item: Life Orb\n|\n|upkeep\n|\n|t:|1700881766\n|switch|p2a: Iron Valiant|Iron Valiant|100\/100\n|turn|5\n|\n|t:|1700881778\n|move|p1a: Floatzel|Wave Crash|p2a: Iron Valiant\n|-damage|p2a: Iron Valiant|0 fnt\n|replace|p2a: Zoroark|Zoroark-Hisui, M\n|-end|p2a: Zoroark|Illusion\n|faint|p2a: Zoroark\n|-damage|p1a: Floatzel|64\/100|[from] Recoil\n|-damage|p1a: Floatzel|54\/100|[from] item: Life Orb\n|\n|upkeep\n|\n|t:|1700881783\n|switch|p2a: Tapu Koko|Tapu Koko|100\/100\n|-fieldstart|move: Electric Terrain|[from] ability: Electric Surge|[of] p2a: Tapu Koko\n|turn|6\n|\n|t:|1700881788\n|switch|p1a: Goodra|Goodra-Hisui, M|100\/100\n|move|p2a: Tapu Koko|Thunderbolt|p1a: Goodra\n|-resisted|p1a: Goodra\n|-damage|p1a: Goodra|82\/100\n|\n|-heal|p1a: Goodra|88\/100|[from] item: Leftovers\n|upkeep\n|turn|7\n|\n|t:|1700881794\n|move|p2a: Tapu Koko|U-turn|p1a: Goodra\n|-resisted|p1a: Goodra\n|-damage|p1a: Goodra|82\/100\n|-ability|p1a: Goodra|Gooey\n|-unboost|p2a: Tapu Koko|spe|1\n|\n|t:|1700881799\n|switch|p2a: Ferrothorn|Ferrothorn, F|100\/100|[from] U-turn\n|move|p1a: Goodra|Flash Cannon|p2a: Ferrothorn\n|-resisted|p2a: Ferrothorn\n|-damage|p2a: Ferrothorn|85\/100\n|\n|-heal|p1a: Goodra|88\/100|[from] item: Leftovers\n|-heal|p2a: Ferrothorn|91\/100|[from] item: Leftovers\n|upkeep\n|turn|8\n|\n|t:|1700881803\n|move|p1a: Goodra|Fire Blast|p2a: Ferrothorn|[miss]\n|-miss|p1a: Goodra|p2a: Ferrothorn\n|move|p2a: Ferrothorn|Leech Seed|p1a: Goodra\n|-start|p1a: Goodra|move: Leech Seed\n|\n|-heal|p1a: Goodra|94\/100|[from] item: Leftovers\n|-heal|p2a: Ferrothorn|97\/100|[from] item: Leftovers\n|-damage|p1a: Goodra|81\/100|[from] Leech Seed|[of] p2a: Ferrothorn\n|-heal|p2a: Ferrothorn|100\/100|[silent]\n|upkeep\n|turn|9\n|\n|t:|1700881815\n|switch|p1a: Leavanny|Leavanny, F|100\/100\n|switch|p2a: Gliscor|Gliscor, M|100\/100\n|\n|-status|p2a: Gliscor|tox|[from] item: Toxic Orb\n|upkeep\n|turn|10\n|\n|t:|1700881822\n|move|p1a: Leavanny|Sticky Web|p2a: Gliscor\n|-sidestart|p2: Surge Surfers|move: Sticky Web\n|move|p2a: Gliscor|U-turn|p1a: Leavanny\n|-supereffective|p1a: Leavanny\n|-damage|p1a: Leavanny|58\/100\n|-message|Surge Surfers forfeited.\n|\n|win|SrPorquet\n|raw|SrPorquet's rating: 1184 &rarr; <strong>1202<\/strong><br \/>(+18 for winning)\n|raw|Surge Surfers's rating: 1088 &rarr; <strong>1071<\/strong><br \/>(-17 for losing)\n|l|\u2606Surge Surfers\n","uploadtime":1700881830,"views":2,"p1id":"srporquet","p2id":"surgesurfers","formatid":"gen9nationaldex","rating":1071,"private":0,"password":""}