{"id":"gen9nationaldex-1988099608","p1":"Greedy Monarch","p2":"cb der","format":"[Gen 9] National Dex","log":"|j|\u2606Greedy Monarch\n|j|\u2606cb der\n|t:|1699669447\n|gametype|singles\n|player|p1|Greedy Monarch|swimmer-gen4|1211\n|player|p2|cb der|iono|1203\n|teamsize|p1|6\n|teamsize|p2|6\n|gen|9\n|tier|[Gen 9] National Dex\n|rated|\n|rule|HP Percentage Mod: HP is shown in percentages\n|rule|Endless Battle Clause: Forcing endless battles is banned\n|rule|OHKO Clause: OHKO moves are banned\n|rule|Evasion Clause: Evasion abilities, items, and moves are banned\n|rule|Evasion Abilities Clause: Evasion abilities are banned\n|rule|Evasion Items Clause: Evasion items are banned\n|rule|Evasion Moves Clause: Evasion moves are banned\n|rule|Species Clause: Limit one of each Pok\u00e9mon\n|rule|Sleep Clause Mod: Limit one foe put to sleep\n|clearpoke\n|poke|p1|Scolipede, M|\n|poke|p1|Armaldo, F|\n|poke|p1|Volcarona, F|\n|poke|p1|Scizor, M|\n|poke|p1|Noivern, M|\n|poke|p1|Kleavor, M|\n|poke|p2|Stunfisk, F|\n|poke|p2|Dipplin, F|\n|poke|p2|Lopunny, F|\n|poke|p2|Lickilicky, F|\n|poke|p2|Mew|\n|poke|p2|Unfezant, F|\n|teampreview\n|\n|t:|1699669478\n|start\n|switch|p1a: Vesta|Volcarona, F|100\/100\n|switch|p2a: Dipplin|Dipplin, F|100\/100\n|turn|1\n|\n|t:|1699669485\n|move|p1a: Vesta|Quiver Dance|p1a: Vesta\n|-boost|p1a: Vesta|spa|1\n|-boost|p1a: Vesta|spd|1\n|-boost|p1a: Vesta|spe|1\n|move|p2a: Dipplin|Dragon Tail|p1a: Vesta\n|-damage|p1a: Vesta|72\/100\n|drag|p1a: Dubstep|Noivern, M|100\/100\n|\n|upkeep\n|turn|2\n|\n|t:|1699669496\n|-terastallize|p1a: Dubstep|Normal\n|move|p1a: Dubstep|Boomburst|p2a: Dipplin\n|-damage|p2a: Dipplin|0 fnt\n|faint|p2a: Dipplin\n|\n|upkeep\n|\n|t:|1699669504\n|switch|p2a: Lopunny|Lopunny, F|100\/100\n|turn|3\n|\n|t:|1699669514\n|switch|p1a: Destroya|Armaldo, F|100\/100\n|detailschange|p2a: Lopunny|Lopunny-Mega, F\n|-mega|p2a: Lopunny|Lopunny|Lopunnite\n|move|p2a: Lopunny|Close Combat|p1a: Destroya\n|-damage|p1a: Destroya|41\/100\n|-unboost|p2a: Lopunny|def|1\n|-unboost|p2a: Lopunny|spd|1\n|\n|upkeep\n|turn|4\n|\n|t:|1699669529\n|move|p1a: Destroya|Aqua Jet|p2a: Lopunny\n|-damage|p2a: Lopunny|78\/100\n|move|p2a: Lopunny|Close Combat|p1a: Destroya\n|-damage|p1a: Destroya|0 fnt\n|-unboost|p2a: Lopunny|def|1\n|-unboost|p2a: Lopunny|spd|1\n|faint|p1a: Destroya\n|\n|upkeep\n|\n|t:|1699669555\n|switch|p1a: Sector|Scizor, M|100\/100\n|turn|5\n|\n|t:|1699669563\n|switch|p2a: Stunfisk|Stunfisk, F|100\/100\n|detailschange|p1a: Sector|Scizor-Mega, M\n|-mega|p1a: Sector|Scizor|Scizorite\n|move|p1a: Sector|Swords Dance|p1a: Sector\n|-boost|p1a: Sector|atk|2\n|\n|upkeep\n|turn|6\n|\n|t:|1699669574\n|move|p1a: Sector|Swords Dance|p1a: Sector\n|-boost|p1a: Sector|atk|2\n|move|p2a: Stunfisk|Scald|p1a: Sector\n|-damage|p1a: Sector|84\/100\n|\n|upkeep\n|turn|7\n|\n|t:|1699669589\n|move|p1a: Sector|Bullet Punch|p2a: Stunfisk\n|-resisted|p2a: Stunfisk\n|-damage|p2a: Stunfisk|44\/100\n|-status|p1a: Sector|par|[from] ability: Static|[of] p2a: Stunfisk\n|move|p2a: Stunfisk|Endeavor|p1a: Sector\n|-damage|p1a: Sector|66\/100 par\n|\n|upkeep\n|turn|8\n|\n|t:|1699669608\n|move|p2a: Stunfisk|Discharge|p1a: Sector\n|-damage|p1a: Sector|39\/100 par\n|cant|p1a: Sector|par\n|\n|upkeep\n|turn|9\n|\n|t:|1699669615\n|move|p1a: Sector|Bullet Punch|p2a: Stunfisk\n|-resisted|p2a: Stunfisk\n|-damage|p2a: Stunfisk|0 fnt\n|faint|p2a: Stunfisk\n|\n|upkeep\n|\n|t:|1699669626\n|switch|p2a: Unfezant|Unfezant, F|100\/100\n|turn|10\n|\n|t:|1699669632\n|move|p1a: Sector|Bullet Punch|p2a: Unfezant\n|-damage|p2a: Unfezant|0 fnt\n|faint|p2a: Unfezant\n|\n|upkeep\n|\n|t:|1699669637\n|switch|p2a: Lickilicky|Lickilicky, F|100\/100\n|-ability|p2a: Lickilicky|Cloud Nine\n|turn|11\n|\n|t:|1699669641\n|move|p2a: Lickilicky|Body Press|p1a: Sector\n|-damage|p1a: Sector|18\/100 par\n|move|p1a: Sector|Dual Wingbeat|p2a: Lickilicky\n|-damage|p2a: Lickilicky|51\/100\n|-damage|p1a: Sector|2\/100 par|[from] item: Rocky Helmet|[of] p2a: Lickilicky\n|-damage|p2a: Lickilicky|5\/100\n|-damage|p1a: Sector|0 fnt|[from] item: Rocky Helmet|[of] p2a: Lickilicky\n|faint|p1a: Sector\n|-hitcount|p2a: Lickilicky|2\n|\n|upkeep\n|\n|t:|1699669650\n|switch|p1a: Dubstep|Noivern, M, tera:Normal|100\/100\n|turn|12\n|\n|t:|1699669657\n|-terastallize|p2a: Lickilicky|Ghost\n|move|p1a: Dubstep|Boomburst|p2a: Lickilicky\n|-immune|p2a: Lickilicky\n|move|p2a: Lickilicky|Wish|p2a: Lickilicky\n|\n|upkeep\n|turn|13\n|\n|t:|1699669675\n|switch|p1a: Vesta|Volcarona, F|72\/100\n|move|p2a: Lickilicky|Body Press|p1a: Vesta\n|-resisted|p1a: Vesta\n|-damage|p1a: Vesta|52\/100\n|\n|-heal|p2a: Lickilicky|55\/100|[from] move: Wish|[wisher] Lickilicky\n|upkeep\n|turn|14\n|\n|t:|1699669684\n|move|p1a: Vesta|Fiery Dance|p2a: Lickilicky\n|-damage|p2a: Lickilicky|13\/100\n|move|p2a: Lickilicky|Toxic|p1a: Vesta\n|-status|p1a: Vesta|tox\n|\n|-damage|p1a: Vesta|46\/100 tox|[from] psn\n|upkeep\n|turn|15\n|\n|t:|1699669690\n|move|p2a: Lickilicky|Protect|p2a: Lickilicky\n|-singleturn|p2a: Lickilicky|Protect\n|move|p1a: Vesta|Fiery Dance|p2a: Lickilicky\n|-activate|p2a: Lickilicky|move: Protect\n|\n|-damage|p1a: Vesta|34\/100 tox|[from] psn\n|upkeep\n|turn|16\n|\n|t:|1699669702\n|move|p2a: Lickilicky|Protect||[still]\n|-fail|p2a: Lickilicky\n|move|p1a: Vesta|Fiery Dance|p2a: Lickilicky\n|-crit|p2a: Lickilicky\n|-damage|p2a: Lickilicky|0 fnt\n|-boost|p1a: Vesta|spa|1\n|faint|p2a: Lickilicky\n|\n|-damage|p1a: Vesta|15\/100 tox|[from] psn\n|upkeep\n|\n|t:|1699669707\n|switch|p2a: Lopunny|Lopunny-Mega, F|78\/100\n|turn|17\n|\n|t:|1699669716\n|move|p2a: Lopunny|Power-Up Punch|p1a: Vesta\n|-resisted|p1a: Vesta\n|-damage|p1a: Vesta|0 fnt\n|-boost|p2a: Lopunny|atk|1\n|-status|p2a: Lopunny|brn|[from] ability: Flame Body|[of] p1a: Vesta\n|faint|p1a: Vesta\n|\n|-damage|p2a: Lopunny|72\/100 brn|[from] brn\n|upkeep\n|\n|t:|1699669740\n|switch|p1a: Kharn|Kleavor, M|100\/100\n|turn|18\n|\n|t:|1699669748\n|move|p2a: Lopunny|Close Combat|p1a: Kharn\n|-damage|p1a: Kharn|45\/100\n|-unboost|p2a: Lopunny|def|1\n|-unboost|p2a: Lopunny|spd|1\n|move|p1a: Kharn|Psycho Cut|p2a: Lopunny\n|-supereffective|p2a: Lopunny\n|-damage|p2a: Lopunny|0 fnt\n|faint|p2a: Lopunny\n|\n|upkeep\n|\n|t:|1699669755\n|switch|p2a: Mew|Mew|100\/100\n|turn|19\n|\n|t:|1699669781\n|switch|p1a: Scorn|Scolipede, M|100\/100\n|move|p2a: Mew|Dragon Dance|p2a: Mew\n|-boost|p2a: Mew|atk|1\n|-boost|p2a: Mew|spe|1\n|\n|upkeep\n|turn|20\n|\n|t:|1699669794\n|move|p2a: Mew|Dragon Dance|p2a: Mew\n|-boost|p2a: Mew|atk|1\n|-boost|p2a: Mew|spe|1\n|move|p1a: Scorn|Swords Dance|p1a: Scorn\n|-boost|p1a: Scorn|atk|2\n|\n|-ability|p1a: Scorn|Speed Boost|boost\n|-boost|p1a: Scorn|spe|1\n|upkeep\n|turn|21\n|\n|t:|1699669804\n|move|p2a: Mew|Psychic Fangs|p1a: Scorn\n|-supereffective|p1a: Scorn\n|-damage|p1a: Scorn|0 fnt\n|faint|p1a: Scorn\n|-damage|p2a: Mew|91\/100|[from] item: Life Orb\n|\n|upkeep\n|\n|t:|1699669807\n|switch|p1a: Dubstep|Noivern, M, tera:Normal|100\/100\n|turn|22\n|\n|t:|1699669813\n|move|p2a: Mew|Psychic Fangs|p1a: Dubstep\n|-damage|p1a: Dubstep|0 fnt\n|faint|p1a: Dubstep\n|-damage|p2a: Mew|81\/100|[from] item: Life Orb\n|\n|upkeep\n|\n|t:|1699669816\n|switch|p1a: Kharn|Kleavor, M|45\/100\n|turn|23\n|inactive|Battle timer is ON: inactive players will automatically lose when time's up. (requested by cb der)\n|c|\u2606Greedy Monarch|Had to use a legendary to win\u2026 pleb\n|l|\u2606Greedy Monarch\n|inactive|Greedy Monarch disconnected and has a minute to reconnect!\n|player|p1|\n|inactive|Greedy Monarch has 30 seconds to reconnect!\n|inactive|Greedy Monarch has 20 seconds to reconnect!\n|inactive|Greedy Monarch has 15 seconds to reconnect!\n|inactive|Greedy Monarch has 10 seconds to reconnect!\n|inactive|Greedy Monarch has 5 seconds to reconnect!\n|-message|Greedy Monarch lost due to inactivity.\n|\n|win|cb der\n|raw|Greedy Monarch's rating: 1211 &rarr; <strong>1185<\/strong><br \/>(-26 for losing)\n|raw|cb der's rating: 1203 &rarr; <strong>1229<\/strong><br \/>(+26 for winning)\n","uploadtime":1699669910,"views":5,"p1id":"greedymonarch","p2id":"cbder","formatid":"gen9nationaldex","rating":1185,"private":0,"password":""}