{"id":"gen9nationaldex-1992844450","p1":"blakemexicana","p2":"Mikelink3","format":"[Gen 9] National Dex","log":"|j|\u2606blakemexicana\n|j|\u2606Mikelink3\n|t:|1700240337\n|gametype|singles\n|player|p1|blakemexicana|kieran|\n|player|p2|Mikelink3|carmine-festival|\n|teamsize|p1|1\n|teamsize|p2|6\n|gen|9\n|tier|[Gen 9] National Dex\n|rule|HP Percentage Mod: HP is shown in percentages\n|rule|Endless Battle Clause: Forcing endless battles is banned\n|rule|OHKO Clause: OHKO moves are banned\n|rule|Evasion Clause: Evasion abilities, items, and moves are banned\n|rule|Evasion Abilities Clause: Evasion abilities are banned\n|rule|Evasion Items Clause: Evasion items are banned\n|rule|Evasion Moves Clause: Evasion moves are banned\n|rule|Species Clause: Limit one of each Pok\u00e9mon\n|rule|Sleep Clause Mod: Limit one foe put to sleep\n|clearpoke\n|poke|p1|Scizor, M|\n|poke|p2|Cinderace, F|\n|poke|p2|Ogerpon-Wellspring, F|\n|poke|p2|Great Tusk|\n|poke|p2|Iron Valiant|\n|poke|p2|Slowking-Galar, F|\n|poke|p2|Clefable, M|\n|teampreview\n|c|\u2606Mikelink3|EU N\u00c3O TINHA TIME\n|c|\u2606blakemexicana|MONTOU UM TIME TODO PRA QUE?\n|\n|t:|1700240357\n|start\n|switch|p1a: Scizor|Scizor, M|100\/100\n|switch|p2a: Cinderace|Cinderace, F|100\/100\n|turn|1\n|c|\u2606Mikelink3|EU S\u00d3 PEGUEI UM DE OU\n|c|\u2606blakemexicana|PDL?\n|c|\u2606blakemexicana|PDl?\n|\n|t:|1700240377\n|detailschange|p1a: Scizor|Scizor-Mega, M\n|-mega|p1a: Scizor|Scizor|Scizorite\n|move|p2a: Cinderace|Court Change||[still]\n|-start|p2a: Cinderace|typechange|Normal|[from] ability: Libero\n|-swapsideconditions\n|-fail|p2a: Cinderace\n|move|p1a: Scizor|Dual Wingbeat|p2a: Cinderace|[miss]\n|-miss|p1a: Scizor|p2a: Cinderace\n|\n|upkeep\n|turn|2\n|c|\u2606Mikelink3|boa blake\n|c|\u2606Mikelink3|jogou oq sabe\n|c|\u2606blakemexicana|E o pai\n|j| zzHayp\n|\n|t:|1700240395\n|move|p2a: Cinderace|Court Change||[still]\n|-swapsideconditions\n|-fail|p2a: Cinderace\n|move|p1a: Scizor|Swords Dance|p1a: Scizor\n|-boost|p1a: Scizor|atk|2\n|\n|upkeep\n|turn|3\n|\n|t:|1700240403\n|move|p2a: Cinderace|U-turn|p1a: Scizor\n|-resisted|p1a: Scizor\n|-damage|p1a: Scizor|90\/100\n|c|\u2606blakemexicana|Maik\n|\n|t:|1700240411\n|switch|p2a: Slowking|Slowking-Galar, F|100\/100|[from] U-turn\n|move|p1a: Scizor|Trailblaze|p2a: Slowking\n|-resisted|p2a: Slowking\n|-damage|p2a: Slowking|70\/100\n|-boost|p1a: Scizor|spe|1\n|\n|upkeep\n|turn|4\n|\n|t:|1700240426\n|move|p1a: Scizor|Bullet Punch|p2a: Slowking\n|-damage|p2a: Slowking|0 fnt\n|faint|p2a: Slowking\n|\n|upkeep\n|\n|t:|1700240430\n|switch|p2a: Great Tusk|Great Tusk|100\/100\n|turn|5\n|\n|t:|1700240438\n|move|p1a: Scizor|Trailblaze|p2a: Great Tusk\n|-supereffective|p2a: Great Tusk\n|-damage|p2a: Great Tusk|17\/100\n|-boost|p1a: Scizor|spe|1\n|move|p2a: Great Tusk|Earthquake|p1a: Scizor\n|-damage|p1a: Scizor|49\/100\n|\n|-heal|p2a: Great Tusk|23\/100|[from] item: Leftovers\n|upkeep\n|turn|6\n|\n|t:|1700240448\n|move|p1a: Scizor|Bullet Punch|p2a: Great Tusk\n|-damage|p2a: Great Tusk|0 fnt\n|faint|p2a: Great Tusk\n|-end|p2a: Great Tusk|Protosynthesis|[silent]\n|\n|upkeep\n|c|\u2606blakemexicana|Nem doeu\n|\n|t:|1700240453\n|switch|p2a: Cinderace|Cinderace, F|100\/100\n|turn|7\n|\n|t:|1700240462\n|move|p1a: Scizor|Dual Wingbeat|p2a: Cinderace\n|-damage|p2a: Cinderace|32\/100\n|-damage|p2a: Cinderace|0 fnt\n|faint|p2a: Cinderace\n|-hitcount|p2: Cinderace|2\n|\n|upkeep\n|\n|t:|1700240467\n|switch|p2a: Iron Valiant|Iron Valiant|100\/100\n|-enditem|p2a: Iron Valiant|Booster Energy\n|-activate|p2a: Iron Valiant|ability: Quark Drive|[fromitem]\n|-start|p2a: Iron Valiant|quarkdrivespe\n|turn|8\n|\n|t:|1700240478\n|move|p1a: Scizor|Bullet Punch|p2a: Iron Valiant\n|-supereffective|p2a: Iron Valiant\n|-damage|p2a: Iron Valiant|0 fnt\n|faint|p2a: Iron Valiant\n|-end|p2a: Iron Valiant|Quark Drive|[silent]\n|\n|upkeep\n|\n|t:|1700240481\n|switch|p2a: Ogerpon|Ogerpon-Wellspring, F|100\/100\n|turn|9\n|\n|t:|1700240486\n|move|p1a: Scizor|Dual Wingbeat|p2a: Ogerpon\n|-supereffective|p2a: Ogerpon\n|-damage|p2a: Ogerpon|0 fnt\n|faint|p2a: Ogerpon\n|-hitcount|p2: Ogerpon|1\n|\n|upkeep\n|\n|t:|1700240489\n|switch|p2a: Clefable|Clefable, M|100\/100\n|turn|10\n|\n|t:|1700240493\n|move|p1a: Scizor|Bullet Punch|p2a: Clefable\n|-supereffective|p2a: Clefable\n|-damage|p2a: Clefable|0 fnt\n|faint|p2a: Clefable\n|\n|win|blakemexicana\n|c|\u2606Mikelink3|broken\n|c|\u2606blakemexicana|Queria eu que esse bicho fosse bom assim normalmente\n|l| zzHayp\n|c|\u2606blakemexicana|O ZHAYP\n|c|\u2606blakemexicana|SNIPANDO\n|j| zzHayp\n|c|\u2606Mikelink3|zhayp t\u00e1 s\u00f3 de olho\n|c| zzHayp|VAI TOMAR NO CU\n|c| zzHayp|FILHA DA PUTA DO CARALHO\n|c|\u2606blakemexicana|Ksksksks\n|c|\u2606blakemexicana|O cara\n|c|\u2606blakemexicana|S\u00f3 de olho\n|c|\u2606blakemexicana|Que canalha\n|l|\u2606Mikelink3\n","uploadtime":1700240796,"views":6,"p1id":"blakemexicana","p2id":"mikelink3","formatid":"gen9nationaldex","rating":0,"private":0,"password":""}