{"id":"gen9nationaldex-1994129512","p1":"Saltator","p2":"KavinKM7","format":"[Gen 9] National Dex","log":"|j|\u2606Saltator\n|j|\u2606KavinKM7\n|t:|1700410362\n|gametype|singles\n|player|p1|Saltator|ghetsis|1261\n|player|p2|KavinKM7|101|1306\n|teamsize|p1|6\n|teamsize|p2|6\n|gen|9\n|tier|[Gen 9] National Dex\n|rated|\n|rule|HP Percentage Mod: HP is shown in percentages\n|rule|Endless Battle Clause: Forcing endless battles is banned\n|rule|OHKO Clause: OHKO moves are banned\n|rule|Evasion Clause: Evasion abilities, items, and moves are banned\n|rule|Evasion Abilities Clause: Evasion abilities are banned\n|rule|Evasion Items Clause: Evasion items are banned\n|rule|Evasion Moves Clause: Evasion moves are banned\n|rule|Species Clause: Limit one of each Pok\u00e9mon\n|rule|Sleep Clause Mod: Limit one foe put to sleep\n|clearpoke\n|poke|p1|Salazzle, F|\n|poke|p1|Magnemite, L1|\n|poke|p1|Probopass, L2, M|\n|poke|p1|Mandibuzz, F|\n|poke|p1|Nosepass, L1, F|\n|poke|p1|Tentacruel, F|\n|poke|p2|Stakataka|\n|poke|p2|Glastrier|\n|poke|p2|Hatterene, F|\n|poke|p2|Mimikyu, F|\n|poke|p2|Marowak-Alola, M|\n|poke|p2|Arctovish|\n|teampreview\n|\n|t:|1700410381\n|start\n|switch|p1a: Sh\ud83d\udca9tsquid|Tentacruel, F|100\/100\n|switch|p2a: Hatterene|Hatterene, F|100\/100\n|turn|1\n|inactive|Battle timer is ON: inactive players will automatically lose when time's up. (requested by Saltator)\n|\n|t:|1700410387\n|move|p1a: Sh\ud83d\udca9tsquid|Knock Off|p2a: Hatterene\n|-damage|p2a: Hatterene|83\/100\n|-enditem|p2a: Hatterene|Focus Sash|[from] move: Knock Off|[of] p1a: Sh\ud83d\udca9tsquid\n|move|p2a: Hatterene|Trick Room|p2a: Hatterene\n|-fieldstart|move: Trick Room|[of] p2a: Hatterene\n|\n|upkeep\n|turn|2\n|\n|t:|1700410393\n|move|p2a: Hatterene|Psychic|p1a: Sh\ud83d\udca9tsquid\n|-supereffective|p1a: Sh\ud83d\udca9tsquid\n|-damage|p1a: Sh\ud83d\udca9tsquid|13\/100\n|move|p1a: Sh\ud83d\udca9tsquid|Scald|p2a: Hatterene\n|-damage|p2a: Hatterene|57\/100\n|\n|-heal|p1a: Sh\ud83d\udca9tsquid|19\/100|[from] item: Leftovers\n|upkeep\n|turn|3\n|\n|t:|1700410400\n|switch|p1a: Literally Level 1|Magnemite, L1|100\/100\n|move|p2a: Hatterene|Psychic|p1a: Literally Level 1\n|-resisted|p1a: Literally Level 1\n|-ability|p1a: Literally Level 1|Sturdy\n|-damage|p1a: Literally Level 1|10\/100\n|-enditem|p1a: Literally Level 1|Berry Juice\n|-heal|p1a: Literally Level 1|100\/100|[from] item: Berry Juice\n|\n|upkeep\n|turn|4\n|\n|t:|1700410409\n|move|p1a: Literally Level 1|Recycle|p1a: Literally Level 1\n|-item|p1a: Literally Level 1|Berry Juice|[from] move: Recycle\n|move|p2a: Hatterene|Psychic|p1a: Literally Level 1\n|-resisted|p1a: Literally Level 1\n|-ability|p1a: Literally Level 1|Sturdy\n|-damage|p1a: Literally Level 1|10\/100\n|-enditem|p1a: Literally Level 1|Berry Juice\n|-heal|p1a: Literally Level 1|100\/100|[from] item: Berry Juice\n|\n|upkeep\n|turn|5\n|\n|t:|1700410435\n|move|p1a: Literally Level 1|Protect|p1a: Literally Level 1\n|-singleturn|p1a: Literally Level 1|Protect\n|move|p2a: Hatterene|Mystical Fire|p1a: Literally Level 1\n|-activate|p1a: Literally Level 1|move: Protect\n|\n|-fieldend|move: Trick Room\n|upkeep\n|turn|6\n|\n|t:|1700410464\n|move|p1a: Literally Level 1|Recycle|p1a: Literally Level 1\n|-item|p1a: Literally Level 1|Berry Juice|[from] move: Recycle\n|move|p2a: Hatterene|Trick Room|p2a: Hatterene\n|-fieldstart|move: Trick Room|[of] p2a: Hatterene\n|\n|upkeep\n|turn|7\n|\n|t:|1700410488\n|move|p1a: Literally Level 1|Toxic|p2a: Hatterene\n|move|p2a: Hatterene|Toxic|p1a: Literally Level 1|[from]ability: Magic Bounce\n|-immune|p1a: Literally Level 1\n|move|p2a: Hatterene|Mystical Fire|p1a: Literally Level 1\n|-supereffective|p1a: Literally Level 1\n|-crit|p1a: Literally Level 1\n|-ability|p1a: Literally Level 1|Sturdy\n|-damage|p1a: Literally Level 1|10\/100\n|-unboost|p1a: Literally Level 1|spa|1\n|-enditem|p1a: Literally Level 1|Berry Juice\n|-heal|p1a: Literally Level 1|100\/100|[from] item: Berry Juice\n|\n|upkeep\n|turn|8\n|\n|t:|1700410497\n|move|p1a: Literally Level 1|Recycle|p1a: Literally Level 1\n|-item|p1a: Literally Level 1|Berry Juice|[from] move: Recycle\n|move|p2a: Hatterene|Mystical Fire|p1a: Literally Level 1\n|-supereffective|p1a: Literally Level 1\n|-ability|p1a: Literally Level 1|Sturdy\n|-damage|p1a: Literally Level 1|10\/100\n|-unboost|p1a: Literally Level 1|spa|1\n|-enditem|p1a: Literally Level 1|Berry Juice\n|-heal|p1a: Literally Level 1|100\/100|[from] item: Berry Juice\n|\n|upkeep\n|turn|9\n|\n|t:|1700410502\n|move|p1a: Literally Level 1|Protect|p1a: Literally Level 1\n|-singleturn|p1a: Literally Level 1|Protect\n|move|p2a: Hatterene|Mystical Fire|p1a: Literally Level 1\n|-activate|p1a: Literally Level 1|move: Protect\n|\n|upkeep\n|turn|10\n|\n|t:|1700410504\n|move|p1a: Literally Level 1|Recycle|p1a: Literally Level 1\n|-item|p1a: Literally Level 1|Berry Juice|[from] move: Recycle\n|move|p2a: Hatterene|Mystical Fire|p1a: Literally Level 1\n|-supereffective|p1a: Literally Level 1\n|-ability|p1a: Literally Level 1|Sturdy\n|-damage|p1a: Literally Level 1|10\/100\n|-unboost|p1a: Literally Level 1|spa|1\n|-enditem|p1a: Literally Level 1|Berry Juice\n|-heal|p1a: Literally Level 1|100\/100|[from] item: Berry Juice\n|\n|-fieldend|move: Trick Room\n|upkeep\n|turn|11\n|\n|t:|1700410508\n|move|p2a: Hatterene|Mystical Fire|p1a: Literally Level 1\n|-supereffective|p1a: Literally Level 1\n|-ability|p1a: Literally Level 1|Sturdy\n|-damage|p1a: Literally Level 1|10\/100\n|-unboost|p1a: Literally Level 1|spa|1\n|move|p1a: Literally Level 1|Recycle|p1a: Literally Level 1\n|-item|p1a: Literally Level 1|Berry Juice|[from] move: Recycle\n|-enditem|p1a: Literally Level 1|Berry Juice\n|-heal|p1a: Literally Level 1|100\/100|[from] item: Berry Juice\n|\n|upkeep\n|turn|12\n|\n|t:|1700410511\n|move|p2a: Hatterene|Mystical Fire|p1a: Literally Level 1\n|-supereffective|p1a: Literally Level 1\n|-ability|p1a: Literally Level 1|Sturdy\n|-damage|p1a: Literally Level 1|10\/100\n|-unboost|p1a: Literally Level 1|spa|1\n|move|p1a: Literally Level 1|Recycle|p1a: Literally Level 1\n|-item|p1a: Literally Level 1|Berry Juice|[from] move: Recycle\n|-enditem|p1a: Literally Level 1|Berry Juice\n|-heal|p1a: Literally Level 1|100\/100|[from] item: Berry Juice\n|\n|upkeep\n|turn|13\n|\n|t:|1700410514\n|move|p2a: Hatterene|Mystical Fire|p1a: Literally Level 1\n|-supereffective|p1a: Literally Level 1\n|-ability|p1a: Literally Level 1|Sturdy\n|-damage|p1a: Literally Level 1|10\/100\n|-unboost|p1a: Literally Level 1|spa|1\n|move|p1a: Literally Level 1|Recycle|p1a: Literally Level 1\n|-item|p1a: Literally Level 1|Berry Juice|[from] move: Recycle\n|-enditem|p1a: Literally Level 1|Berry Juice\n|-heal|p1a: Literally Level 1|100\/100|[from] item: Berry Juice\n|\n|upkeep\n|turn|14\n|\n|t:|1700410516\n|move|p1a: Literally Level 1|Protect|p1a: Literally Level 1\n|-singleturn|p1a: Literally Level 1|Protect\n|move|p2a: Hatterene|Mystical Fire|p1a: Literally Level 1\n|-activate|p1a: Literally Level 1|move: Protect\n|\n|upkeep\n|turn|15\n|\n|t:|1700410519\n|move|p2a: Hatterene|Mystical Fire|p1a: Literally Level 1\n|-supereffective|p1a: Literally Level 1\n|-ability|p1a: Literally Level 1|Sturdy\n|-damage|p1a: Literally Level 1|10\/100\n|move|p1a: Literally Level 1|Recycle|p1a: Literally Level 1\n|-item|p1a: Literally Level 1|Berry Juice|[from] move: Recycle\n|-enditem|p1a: Literally Level 1|Berry Juice\n|-heal|p1a: Literally Level 1|100\/100|[from] item: Berry Juice\n|\n|upkeep\n|turn|16\n|\n|t:|1700410523\n|move|p1a: Literally Level 1|Protect|p1a: Literally Level 1\n|-singleturn|p1a: Literally Level 1|Protect\n|move|p2a: Hatterene|Mystical Fire|p1a: Literally Level 1\n|-activate|p1a: Literally Level 1|move: Protect\n|\n|upkeep\n|turn|17\n|\n|t:|1700410526\n|move|p2a: Hatterene|Mystical Fire|p1a: Literally Level 1\n|-supereffective|p1a: Literally Level 1\n|-ability|p1a: Literally Level 1|Sturdy\n|-damage|p1a: Literally Level 1|10\/100\n|move|p1a: Literally Level 1|Recycle|p1a: Literally Level 1\n|-item|p1a: Literally Level 1|Berry Juice|[from] move: Recycle\n|-enditem|p1a: Literally Level 1|Berry Juice\n|-heal|p1a: Literally Level 1|100\/100|[from] item: Berry Juice\n|\n|upkeep\n|turn|18\n|\n|t:|1700410532\n|move|p1a: Literally Level 1|Protect|p1a: Literally Level 1\n|-singleturn|p1a: Literally Level 1|Protect\n|move|p2a: Hatterene|Mystical Fire|p1a: Literally Level 1\n|-activate|p1a: Literally Level 1|move: Protect\n|\n|upkeep\n|turn|19\n|\n|t:|1700410536\n|move|p2a: Hatterene|Mystical Fire|p1a: Literally Level 1\n|-supereffective|p1a: Literally Level 1\n|-ability|p1a: Literally Level 1|Sturdy\n|-damage|p1a: Literally Level 1|10\/100\n|move|p1a: Literally Level 1|Recycle|p1a: Literally Level 1\n|-item|p1a: Literally Level 1|Berry Juice|[from] move: Recycle\n|-enditem|p1a: Literally Level 1|Berry Juice\n|-heal|p1a: Literally Level 1|100\/100|[from] item: Berry Juice\n|\n|upkeep\n|turn|20\n|\n|t:|1700410538\n|move|p1a: Literally Level 1|Protect|p1a: Literally Level 1\n|-singleturn|p1a: Literally Level 1|Protect\n|move|p2a: Hatterene|Mystical Fire|p1a: Literally Level 1\n|-activate|p1a: Literally Level 1|move: Protect\n|\n|upkeep\n|turn|21\n|\n|t:|1700410541\n|move|p2a: Hatterene|Mystical Fire|p1a: Literally Level 1\n|-supereffective|p1a: Literally Level 1\n|-ability|p1a: Literally Level 1|Sturdy\n|-damage|p1a: Literally Level 1|10\/100\n|move|p1a: Literally Level 1|Recycle|p1a: Literally Level 1\n|-item|p1a: Literally Level 1|Berry Juice|[from] move: Recycle\n|-enditem|p1a: Literally Level 1|Berry Juice\n|-heal|p1a: Literally Level 1|100\/100|[from] item: Berry Juice\n|\n|upkeep\n|turn|22\n|\n|t:|1700410562\n|move|p2a: Hatterene|Dazzling Gleam|p1a: Literally Level 1\n|-resisted|p1a: Literally Level 1\n|-ability|p1a: Literally Level 1|Sturdy\n|-damage|p1a: Literally Level 1|10\/100\n|move|p1a: Literally Level 1|Recycle|p1a: Literally Level 1\n|-item|p1a: Literally Level 1|Berry Juice|[from] move: Recycle\n|-enditem|p1a: Literally Level 1|Berry Juice\n|-heal|p1a: Literally Level 1|100\/100|[from] item: Berry Juice\n|\n|upkeep\n|turn|23\n|\n|t:|1700410565\n|move|p1a: Literally Level 1|Protect|p1a: Literally Level 1\n|-singleturn|p1a: Literally Level 1|Protect\n|move|p2a: Hatterene|Dazzling Gleam|p1a: Literally Level 1\n|-activate|p1a: Literally Level 1|move: Protect\n|\n|upkeep\n|turn|24\n|\n|t:|1700410576\n|switch|p1a: Click the \u274c|Nosepass, L1, F, shiny|100\/100\n|move|p2a: Hatterene|Psychic|p1a: Click the \u274c\n|-ability|p1a: Click the \u274c|Sturdy\n|-damage|p1a: Click the \u274c|10\/100\n|-enditem|p1a: Click the \u274c|Berry Juice\n|-heal|p1a: Click the \u274c|100\/100|[from] item: Berry Juice\n|\n|upkeep\n|turn|25\n|\n|t:|1700410583\n|move|p2a: Hatterene|Psychic|p1a: Click the \u274c\n|-ability|p1a: Click the \u274c|Sturdy\n|-damage|p1a: Click the \u274c|10\/100\n|move|p1a: Click the \u274c|Pain Split|p2a: Hatterene\n|-sethp|p2a: Hatterene|29\/100|[from] move: Pain Split|[silent]\n|-sethp|p1a: Click the \u274c|100\/100|[from] move: Pain Split\n|\n|upkeep\n|turn|26\n|\n|t:|1700410592\n|move|p2a: Hatterene|Psychic|p1a: Click the \u274c\n|-ability|p1a: Click the \u274c|Sturdy\n|-damage|p1a: Click the \u274c|10\/100\n|move|p1a: Click the \u274c|Pain Split|p2a: Hatterene\n|-sethp|p2a: Hatterene|15\/100|[from] move: Pain Split|[silent]\n|-sethp|p1a: Click the \u274c|100\/100|[from] move: Pain Split\n|\n|upkeep\n|turn|27\n|\n|t:|1700410604\n|move|p2a: Hatterene|Psychic|p1a: Click the \u274c\n|-ability|p1a: Click the \u274c|Sturdy\n|-damage|p1a: Click the \u274c|10\/100\n|move|p1a: Click the \u274c|Pain Split|p2a: Hatterene\n|-sethp|p2a: Hatterene|8\/100|[from] move: Pain Split|[silent]\n|-sethp|p1a: Click the \u274c|100\/100|[from] move: Pain Split\n|\n|upkeep\n|turn|28\n|inactive|Saltator has 120 seconds left.\n|\n|t:|1700410636\n|move|p2a: Hatterene|Psychic|p1a: Click the \u274c\n|-ability|p1a: Click the \u274c|Sturdy\n|-damage|p1a: Click the \u274c|10\/100\n|move|p1a: Click the \u274c|Pain Split|p2a: Hatterene\n|-sethp|p2a: Hatterene|4\/100|[from] move: Pain Split|[silent]\n|-sethp|p1a: Click the \u274c|100\/100|[from] move: Pain Split\n|\n|upkeep\n|turn|29\n|\n|t:|1700410645\n|switch|p1a: Sh\ud83d\udca9tsquid|Tentacruel, F|19\/100\n|move|p2a: Hatterene|Psychic|p1a: Sh\ud83d\udca9tsquid\n|-supereffective|p1a: Sh\ud83d\udca9tsquid\n|-damage|p1a: Sh\ud83d\udca9tsquid|0 fnt\n|faint|p1a: Sh\ud83d\udca9tsquid\n|\n|upkeep\n|\n|t:|1700410649\n|switch|p1a: No Fun Allowed|Salazzle, F|100\/100\n|turn|30\n|\n|t:|1700410653\n|move|p1a: No Fun Allowed|Flamethrower|p2a: Hatterene\n|-damage|p2a: Hatterene|0 fnt\n|faint|p2a: Hatterene\n|\n|upkeep\n|\n|t:|1700410657\n|switch|p2a: Stakataka|Stakataka|100\/100\n|-item|p2a: Stakataka|Air Balloon\n|turn|31\n|\n|t:|1700410671\n|move|p1a: No Fun Allowed|Substitute|p1a: No Fun Allowed\n|-start|p1a: No Fun Allowed|Substitute\n|-damage|p1a: No Fun Allowed|76\/100\n|move|p2a: Stakataka|Gyro Ball|p1a: No Fun Allowed\n|-resisted|p1a: No Fun Allowed\n|-end|p1a: No Fun Allowed|Substitute\n|\n|-heal|p1a: No Fun Allowed|82\/100|[from] item: Leftovers\n|upkeep\n|turn|32\n|\n|t:|1700410677\n|move|p1a: No Fun Allowed|Protect|p1a: No Fun Allowed\n|-singleturn|p1a: No Fun Allowed|Protect\n|move|p2a: Stakataka|Gyro Ball|p1a: No Fun Allowed\n|-activate|p1a: No Fun Allowed|move: Protect\n|\n|-heal|p1a: No Fun Allowed|88\/100|[from] item: Leftovers\n|upkeep\n|turn|33\n|\n|t:|1700410687\n|move|p1a: No Fun Allowed|Toxic|p2a: Stakataka\n|-status|p2a: Stakataka|tox\n|move|p2a: Stakataka|Earthquake|p1a: No Fun Allowed\n|-supereffective|p1a: No Fun Allowed\n|-damage|p1a: No Fun Allowed|0 fnt\n|faint|p1a: No Fun Allowed\n|-ability|p2a: Stakataka|Beast Boost|boost\n|-boost|p2a: Stakataka|def|1\n|\n|-damage|p2a: Stakataka|94\/100 tox|[from] psn\n|upkeep\n|\n|t:|1700410695\n|switch|p1a: Click the \u274c|Nosepass, L1, F, shiny|100\/100\n|turn|34\n|\n|t:|1700410699\n|move|p2a: Stakataka|Earthquake|p1a: Click the \u274c\n|-supereffective|p1a: Click the \u274c\n|-ability|p1a: Click the \u274c|Sturdy\n|-damage|p1a: Click the \u274c|10\/100\n|move|p1a: Click the \u274c|Pain Split|p2a: Stakataka\n|-sethp|p2a: Stakataka|47\/100 tox|[from] move: Pain Split|[silent]\n|-sethp|p1a: Click the \u274c|100\/100|[from] move: Pain Split\n|\n|-damage|p2a: Stakataka|35\/100 tox|[from] psn\n|upkeep\n|turn|35\n|\n|t:|1700410722\n|switch|p2a: Mimikyu|Mimikyu, F|100\/100\n|move|p1a: Click the \u274c|Pain Split|p2a: Mimikyu\n|-sethp|p2a: Mimikyu|52\/100|[from] move: Pain Split|[silent]\n|-sethp|p1a: Click the \u274c|100\/100|[from] move: Pain Split\n|\n|upkeep\n|turn|36\n|\n|t:|1700410735\n|move|p1a: Click the \u274c|Protect|p1a: Click the \u274c\n|-singleturn|p1a: Click the \u274c|Protect\n|move|p2a: Mimikyu|Trick Room|p2a: Mimikyu\n|-fieldstart|move: Trick Room|[of] p2a: Mimikyu\n|\n|upkeep\n|turn|37\n|\n|t:|1700410739\n|move|p1a: Click the \u274c|Toxic|p2a: Mimikyu\n|-status|p2a: Mimikyu|tox\n|move|p2a: Mimikyu|Shadow Claw|p1a: Click the \u274c\n|-ability|p1a: Click the \u274c|Sturdy\n|-damage|p1a: Click the \u274c|10\/100\n|-damage|p2a: Mimikyu|42\/100 tox|[from] item: Life Orb\n|\n|-damage|p2a: Mimikyu|36\/100 tox|[from] psn\n|upkeep\n|turn|38\n|\n|t:|1700410745\n|move|p1a: Click the \u274c|Protect|p1a: Click the \u274c\n|-singleturn|p1a: Click the \u274c|Protect\n|move|p2a: Mimikyu|Shadow Claw|p1a: Click the \u274c\n|-activate|p1a: Click the \u274c|move: Protect\n|\n|-damage|p2a: Mimikyu|24\/100 tox|[from] psn\n|upkeep\n|turn|39\n|\n|t:|1700410747\n|move|p1a: Click the \u274c|Pain Split|p2a: Mimikyu\n|-sethp|p2a: Mimikyu|12\/100 tox|[from] move: Pain Split|[silent]\n|-sethp|p1a: Click the \u274c|100\/100|[from] move: Pain Split\n|move|p2a: Mimikyu|Shadow Claw|p1a: Click the \u274c\n|-ability|p1a: Click the \u274c|Sturdy\n|-damage|p1a: Click the \u274c|10\/100\n|-damage|p2a: Mimikyu|2\/100 tox|[from] item: Life Orb\n|\n|-damage|p2a: Mimikyu|0 fnt|[from] psn\n|faint|p2a: Mimikyu\n|upkeep\n|\n|t:|1700410756\n|switch|p2a: Glastrier|Glastrier|100\/100\n|turn|40\n|\n|t:|1700410765\n|move|p1a: Click the \u274c|Pain Split|p2a: Glastrier\n|-sethp|p2a: Glastrier|51\/100|[from] move: Pain Split|[silent]\n|-sethp|p1a: Click the \u274c|100\/100|[from] move: Pain Split\n|move|p2a: Glastrier|High Horsepower|p1a: Click the \u274c\n|-supereffective|p1a: Click the \u274c\n|-ability|p1a: Click the \u274c|Sturdy\n|-damage|p1a: Click the \u274c|10\/100\n|-damage|p2a: Glastrier|41\/100|[from] item: Life Orb\n|\n|-fieldend|move: Trick Room\n|upkeep\n|turn|41\n|\n|t:|1700410771\n|move|p1a: Click the \u274c|Protect|p1a: Click the \u274c\n|-singleturn|p1a: Click the \u274c|Protect\n|move|p2a: Glastrier|High Horsepower|p1a: Click the \u274c\n|-activate|p1a: Click the \u274c|move: Protect\n|\n|upkeep\n|turn|42\n|\n|t:|1700410775\n|move|p2a: Glastrier|High Horsepower|p1a: Click the \u274c\n|-supereffective|p1a: Click the \u274c\n|-damage|p1a: Click the \u274c|0 fnt\n|faint|p1a: Click the \u274c\n|-ability|p2a: Glastrier|Chilling Neigh|boost\n|-boost|p2a: Glastrier|atk|1\n|-damage|p2a: Glastrier|31\/100|[from] item: Life Orb\n|\n|upkeep\n|\n|t:|1700410779\n|switch|p1a: Literally Level 1|Magnemite, L1|100\/100\n|turn|43\n|\n|t:|1700410781\n|move|p2a: Glastrier|High Horsepower|p1a: Literally Level 1\n|-supereffective|p1a: Literally Level 1\n|-ability|p1a: Literally Level 1|Sturdy\n|-damage|p1a: Literally Level 1|10\/100\n|-damage|p2a: Glastrier|21\/100|[from] item: Life Orb\n|move|p1a: Literally Level 1|Recycle|p1a: Literally Level 1\n|-item|p1a: Literally Level 1|Berry Juice|[from] move: Recycle\n|-enditem|p1a: Literally Level 1|Berry Juice\n|-heal|p1a: Literally Level 1|100\/100|[from] item: Berry Juice\n|\n|upkeep\n|turn|44\n|\n|t:|1700410805\n|move|p2a: Glastrier|High Horsepower|p1a: Literally Level 1\n|-supereffective|p1a: Literally Level 1\n|-ability|p1a: Literally Level 1|Sturdy\n|-damage|p1a: Literally Level 1|10\/100\n|-damage|p2a: Glastrier|11\/100|[from] item: Life Orb\n|move|p1a: Literally Level 1|Recycle|p1a: Literally Level 1\n|-item|p1a: Literally Level 1|Berry Juice|[from] move: Recycle\n|-enditem|p1a: Literally Level 1|Berry Juice\n|-heal|p1a: Literally Level 1|100\/100|[from] item: Berry Juice\n|\n|upkeep\n|turn|45\n|\n|t:|1700410809\n|move|p1a: Literally Level 1|Protect|p1a: Literally Level 1\n|-singleturn|p1a: Literally Level 1|Protect\n|move|p2a: Glastrier|High Horsepower|p1a: Literally Level 1\n|-activate|p1a: Literally Level 1|move: Protect\n|\n|upkeep\n|turn|46\n|\n|t:|1700410812\n|move|p2a: Glastrier|High Horsepower|p1a: Literally Level 1\n|-supereffective|p1a: Literally Level 1\n|-ability|p1a: Literally Level 1|Sturdy\n|-damage|p1a: Literally Level 1|10\/100\n|-damage|p2a: Glastrier|1\/100|[from] item: Life Orb\n|move|p1a: Literally Level 1|Recycle|p1a: Literally Level 1\n|-item|p1a: Literally Level 1|Berry Juice|[from] move: Recycle\n|-enditem|p1a: Literally Level 1|Berry Juice\n|-heal|p1a: Literally Level 1|100\/100|[from] item: Berry Juice\n|\n|upkeep\n|turn|47\n|\n|t:|1700410815\n|move|p2a: Glastrier|High Horsepower|p1a: Literally Level 1\n|-supereffective|p1a: Literally Level 1\n|-ability|p1a: Literally Level 1|Sturdy\n|-damage|p1a: Literally Level 1|10\/100\n|-damage|p2a: Glastrier|0 fnt|[from] item: Life Orb\n|faint|p2a: Glastrier\n|move|p1a: Literally Level 1|Recycle|p1a: Literally Level 1\n|-item|p1a: Literally Level 1|Berry Juice|[from] move: Recycle\n|-enditem|p1a: Literally Level 1|Berry Juice\n|-heal|p1a: Literally Level 1|100\/100|[from] item: Berry Juice\n|\n|upkeep\n|\n|t:|1700410819\n|switch|p2a: Stakataka|Stakataka|35\/100 tox\n|-item|p2a: Stakataka|Air Balloon\n|turn|48\n|\n|t:|1700410826\n|move|p1a: Literally Level 1|Protect|p1a: Literally Level 1\n|-singleturn|p1a: Literally Level 1|Protect\n|move|p2a: Stakataka|Gyro Ball|p1a: Literally Level 1\n|-activate|p1a: Literally Level 1|move: Protect\n|\n|-damage|p2a: Stakataka|29\/100 tox|[from] psn\n|upkeep\n|turn|49\n|\n|t:|1700410829\n|move|p1a: Literally Level 1|Protect|p1a: Literally Level 1\n|-singleturn|p1a: Literally Level 1|Protect\n|move|p2a: Stakataka|Gyro Ball|p1a: Literally Level 1\n|-activate|p1a: Literally Level 1|move: Protect\n|\n|-damage|p2a: Stakataka|17\/100 tox|[from] psn\n|upkeep\n|turn|50\n|\n|t:|1700410836\n|move|p1a: Literally Level 1|Protect||[still]\n|-fail|p1a: Literally Level 1\n|move|p2a: Stakataka|Gyro Ball|p1a: Literally Level 1\n|-resisted|p1a: Literally Level 1\n|-ability|p1a: Literally Level 1|Sturdy\n|-damage|p1a: Literally Level 1|10\/100\n|\n|-damage|p2a: Stakataka|0 fnt|[from] psn\n|faint|p2a: Stakataka\n|upkeep\n|\n|t:|1700410841\n|switch|p2a: Marowak|Marowak-Alola, M|100\/100\n|turn|51\n|\n|t:|1700410854\n|move|p2a: Marowak|Earthquake|p1a: Literally Level 1\n|-supereffective|p1a: Literally Level 1\n|-damage|p1a: Literally Level 1|0 fnt\n|faint|p1a: Literally Level 1\n|\n|upkeep\n|\n|t:|1700410855\n|switch|p1a: Sh\ud83d\udca9tbird|Mandibuzz, F|100\/100\n|turn|52\n|\n|t:|1700410863\n|-terastallize|p2a: Marowak|Grass\n|move|p1a: Sh\ud83d\udca9tbird|Foul Play|p2a: Marowak\n|-damage|p2a: Marowak|59\/100\n|move|p2a: Marowak|Thunder Punch|p1a: Sh\ud83d\udca9tbird\n|-supereffective|p1a: Sh\ud83d\udca9tbird\n|-damage|p1a: Sh\ud83d\udca9tbird|57\/100\n|\n|upkeep\n|turn|53\n|\n|t:|1700410871\n|-terastallize|p1a: Sh\ud83d\udca9tbird|Ground\n|move|p1a: Sh\ud83d\udca9tbird|Foul Play|p2a: Marowak\n|-damage|p2a: Marowak|18\/100\n|move|p2a: Marowak|Shadow Bone|p1a: Sh\ud83d\udca9tbird\n|-damage|p1a: Sh\ud83d\udca9tbird|20\/100\n|\n|upkeep\n|turn|54\n|\n|t:|1700410880\n|move|p1a: Sh\ud83d\udca9tbird|Roost|p1a: Sh\ud83d\udca9tbird\n|-heal|p1a: Sh\ud83d\udca9tbird|70\/100\n|move|p2a: Marowak|Flare Blitz|p1a: Sh\ud83d\udca9tbird\n|-damage|p1a: Sh\ud83d\udca9tbird|10\/100\n|-damage|p2a: Marowak|0 fnt|[from] Recoil\n|faint|p2a: Marowak\n|\n|upkeep\n|\n|t:|1700410885\n|switch|p2a: Arctovish|Arctovish|100\/100\n|turn|55\n|\n|t:|1700410889\n|move|p1a: Sh\ud83d\udca9tbird|Toxic|p2a: Arctovish\n|-status|p2a: Arctovish|tox\n|move|p2a: Arctovish|Fishious Rend|p1a: Sh\ud83d\udca9tbird\n|-supereffective|p1a: Sh\ud83d\udca9tbird\n|-damage|p1a: Sh\ud83d\udca9tbird|0 fnt\n|faint|p1a: Sh\ud83d\udca9tbird\n|\n|-damage|p2a: Arctovish|94\/100 tox|[from] psn\n|upkeep\n|\n|t:|1700410893\n|switch|p1a: Level2\ufe0f\u20e3Level2\ufe0f\u20e3|Probopass, L2, M, shiny|100\/100\n|turn|56\n|\n|t:|1700410896\n|move|p1a: Level2\ufe0f\u20e3Level2\ufe0f\u20e3|Protect|p1a: Level2\ufe0f\u20e3Level2\ufe0f\u20e3\n|-singleturn|p1a: Level2\ufe0f\u20e3Level2\ufe0f\u20e3|Protect\n|move|p2a: Arctovish|Fishious Rend|p1a: Level2\ufe0f\u20e3Level2\ufe0f\u20e3\n|-activate|p1a: Level2\ufe0f\u20e3Level2\ufe0f\u20e3|move: Protect\n|\n|-damage|p2a: Arctovish|82\/100 tox|[from] psn\n|upkeep\n|turn|57\n|\n|t:|1700410905\n|move|p2a: Arctovish|Fishious Rend|p1a: Level2\ufe0f\u20e3Level2\ufe0f\u20e3\n|-supereffective|p1a: Level2\ufe0f\u20e3Level2\ufe0f\u20e3\n|-ability|p1a: Level2\ufe0f\u20e3Level2\ufe0f\u20e3|Sturdy\n|-damage|p1a: Level2\ufe0f\u20e3Level2\ufe0f\u20e3|8\/100\n|-enditem|p1a: Level2\ufe0f\u20e3Level2\ufe0f\u20e3|Berry Juice\n|-heal|p1a: Level2\ufe0f\u20e3Level2\ufe0f\u20e3|100\/100|[from] item: Berry Juice\n|move|p1a: Level2\ufe0f\u20e3Level2\ufe0f\u20e3|Pain Split|p2a: Arctovish\n|-sethp|p2a: Arctovish|43\/100 tox|[from] move: Pain Split|[silent]\n|-sethp|p1a: Level2\ufe0f\u20e3Level2\ufe0f\u20e3|100\/100|[from] move: Pain Split\n|\n|-damage|p2a: Arctovish|25\/100 tox|[from] psn\n|upkeep\n|turn|58\n|\n|t:|1700410909\n|move|p1a: Level2\ufe0f\u20e3Level2\ufe0f\u20e3|Protect|p1a: Level2\ufe0f\u20e3Level2\ufe0f\u20e3\n|-singleturn|p1a: Level2\ufe0f\u20e3Level2\ufe0f\u20e3|Protect\n|move|p2a: Arctovish|Fishious Rend|p1a: Level2\ufe0f\u20e3Level2\ufe0f\u20e3\n|-activate|p1a: Level2\ufe0f\u20e3Level2\ufe0f\u20e3|move: Protect\n|\n|-damage|p2a: Arctovish|1\/100 tox|[from] psn\n|upkeep\n|turn|59\n|c|\u2606Saltator|gg\n|\n|t:|1700410920\n|move|p1a: Level2\ufe0f\u20e3Level2\ufe0f\u20e3|Protect|p1a: Level2\ufe0f\u20e3Level2\ufe0f\u20e3\n|-singleturn|p1a: Level2\ufe0f\u20e3Level2\ufe0f\u20e3|Protect\n|move|p2a: Arctovish|Fishious Rend|p1a: Level2\ufe0f\u20e3Level2\ufe0f\u20e3\n|-activate|p1a: Level2\ufe0f\u20e3Level2\ufe0f\u20e3|move: Protect\n|\n|-damage|p2a: Arctovish|0 fnt|[from] psn\n|faint|p2a: Arctovish\n|\n|win|Saltator\n|upkeep\n|raw|Saltator's rating: 1294 &rarr; <strong>1320<\/strong><br \/>(+26 for winning)\n|raw|KavinKM7's rating: 1306 &rarr; <strong>1285<\/strong><br \/>(-21 for losing)\n","uploadtime":1700410925,"views":5,"p1id":"saltator","p2id":"kavinkm7","formatid":"gen9nationaldex","rating":1285,"private":0,"password":""}