{"id":"gen9nationaldex-1998273970","p1":"TexanFarmersMarket","p2":"eris52","format":"[Gen 9] National Dex","log":"|html|<div class=\"broadcast-blue\"><strong>[Gen 9] National Dex is currently suspecting Sneasler! For information on how to participate check out the <a href=\"https:\/\/www.smogon.com\/forums\/threads\/sv-national-dex-suspect-8-just-dance.3731534\/\">suspect thread<\/a>.<\/strong><\/div>\n|j|\u2606TexanFarmersMarket\n|j|\u2606eris52\n|t:|1700923217\n|gametype|singles\n|player|p1|TexanFarmersMarket|artist-gen4|\n|player|p2|eris52|170|\n|teamsize|p1|6\n|teamsize|p2|6\n|gen|9\n|tier|[Gen 9] National Dex\n|rule|HP Percentage Mod: HP is shown in percentages\n|rule|Endless Battle Clause: Forcing endless battles is banned\n|rule|OHKO Clause: OHKO moves are banned\n|rule|Evasion Clause: Evasion abilities, items, and moves are banned\n|rule|Evasion Abilities Clause: Evasion abilities are banned\n|rule|Evasion Items Clause: Evasion items are banned\n|rule|Evasion Moves Clause: Evasion moves are banned\n|rule|Species Clause: Limit one of each Pok\u00e9mon\n|rule|Sleep Clause Mod: Limit one foe put to sleep\n|clearpoke\n|poke|p1|Farigiraf, M|\n|poke|p1|Ditto|\n|poke|p1|Swellow, F|\n|poke|p1|Ursaluna, F|\n|poke|p1|Zoroark-Hisui, F|\n|poke|p1|Lopunny, F|\n|poke|p2|Scovillain, M|\n|poke|p2|Torkoal, F|\n|poke|p2|Great Tusk|\n|poke|p2|Houndoom, F|\n|poke|p2|Tapu Lele|\n|poke|p2|Rotom-Wash|\n|teampreview\n|inactive|Battle timer is ON: inactive players will automatically lose when time's up. (requested by TexanFarmersMarket)\n|\n|t:|1700923226\n|start\n|switch|p1a: Lopunny|Lopunny, F|100\/100\n|switch|p2a: Tapu Lele|Tapu Lele|100\/100\n|-fieldstart|move: Psychic Terrain|[from] ability: Psychic Surge|[of] p2a: Tapu Lele\n|turn|1\n|\n|t:|1700923234\n|-terastallize|p2a: Tapu Lele|Psychic\n|move|p2a: Tapu Lele|Psyshock|p1a: Lopunny\n|-damage|p1a: Lopunny|0 fnt\n|replace|p1a: Zoroark|Zoroark-Hisui, F\n|-end|p1a: Zoroark|Illusion\n|faint|p1a: Zoroark\n|\n|upkeep\n|\n|t:|1700923240\n|switch|p1a: Ditto|Ditto|100\/100\n|-transform|p1a: Ditto|p2a: Tapu Lele|[from] ability: Imposter\n|-start|p1a: Ditto|typechange|Psychic\/Fairy|[silent]\n|turn|2\n|j| dukemon3000\n|\n|t:|1700923251\n|move|p2a: Tapu Lele|Psyshock|p1a: Ditto\n|-resisted|p1a: Ditto\n|-damage|p1a: Ditto|44\/100\n|move|p1a: Ditto|Future Sight|p2a: Tapu Lele\n|-start|p1a: Ditto|move: Future Sight\n|\n|upkeep\n|turn|3\n|\n|t:|1700923261\n|switch|p1a: Ursaluna|Ursaluna, F|100\/100\n|move|p2a: Tapu Lele|Psyshock|p1a: Ursaluna\n|-crit|p1a: Ursaluna\n|-damage|p1a: Ursaluna|27\/100\n|\n|-status|p1a: Ursaluna|brn|[from] item: Flame Orb\n|upkeep\n|turn|4\n|\n|t:|1700923270\n|move|p2a: Tapu Lele|Psyshock|p1a: Ursaluna\n|-damage|p1a: Ursaluna|0 fnt\n|faint|p1a: Ursaluna\n|\n|-end|p2a: Tapu Lele|move: Future Sight\n|-resisted|p2a: Tapu Lele\n|-damage|p2a: Tapu Lele|91\/100\n|upkeep\n|\n|t:|1700923275\n|switch|p1a: Swellow|Swellow, F|100\/100\n|turn|5\n|\n|t:|1700923283\n|-terastallize|p1a: Swellow|Normal\n|move|p2a: Tapu Lele|Psyshock|p1a: Swellow\n|-crit|p1a: Swellow\n|-damage|p1a: Swellow|0 fnt\n|faint|p1a: Swellow\n|\n|-fieldend|move: Psychic Terrain\n|upkeep\n|\n|t:|1700923292\n|switch|p1a: Farigiraf|Farigiraf, M|100\/100\n|turn|6\n|\n|t:|1700923295\n|switch|p2a: Houndoom|Houndoom, F|100\/100\n|move|p1a: Farigiraf|Shadow Ball|p2a: Houndoom\n|-resisted|p2a: Houndoom\n|-damage|p2a: Houndoom|82\/100\n|-unboost|p2a: Houndoom|spd|1\n|\n|upkeep\n|turn|7\n|\n|t:|1700923299\n|detailschange|p2a: Houndoom|Houndoom-Mega, F\n|-mega|p2a: Houndoom|Houndoom|Houndoominite\n|move|p2a: Houndoom|Dark Pulse|p1a: Farigiraf\n|-supereffective|p1a: Farigiraf\n|-damage|p1a: Farigiraf|5\/100\n|-enditem|p1a: Farigiraf|Sitrus Berry|[eat]\n|-heal|p1a: Farigiraf|30\/100|[from] item: Sitrus Berry\n|move|p1a: Farigiraf|Calm Mind|p1a: Farigiraf\n|-boost|p1a: Farigiraf|spa|1\n|-boost|p1a: Farigiraf|spd|1\n|\n|upkeep\n|turn|8\n|\n|t:|1700923304\n|move|p2a: Houndoom|Dark Pulse|p1a: Farigiraf\n|-supereffective|p1a: Farigiraf\n|-damage|p1a: Farigiraf|0 fnt\n|faint|p1a: Farigiraf\n|\n|upkeep\n|\n|t:|1700923306\n|switch|p1a: Lopunny|Lopunny, F|100\/100\n|turn|9\n|\n|t:|1700923308\n|detailschange|p1a: Lopunny|Lopunny-Mega, F\n|-mega|p1a: Lopunny|Lopunny|Lopunnite\n|move|p1a: Lopunny|Fake Out|p2a: Houndoom\n|-damage|p2a: Houndoom|51\/100\n|cant|p2a: Houndoom|flinch\n|\n|upkeep\n|turn|10\n|\n|t:|1700923319\n|move|p1a: Lopunny|Close Combat|p2a: Houndoom\n|-supereffective|p2a: Houndoom\n|-damage|p2a: Houndoom|0 fnt\n|-unboost|p1a: Lopunny|def|1\n|-unboost|p1a: Lopunny|spd|1\n|faint|p2a: Houndoom\n|\n|upkeep\n|\n|t:|1700923321\n|switch|p2a: Tapu Lele|Tapu Lele, tera:Psychic|91\/100\n|-fieldstart|move: Psychic Terrain|[from] ability: Psychic Surge|[of] p2a: Tapu Lele\n|turn|11\n|\n|t:|1700923325\n|switch|p1a: Ditto|Ditto|44\/100\n|-transform|p1a: Ditto|p2a: Tapu Lele|[from] ability: Imposter\n|move|p2a: Tapu Lele|Psyshock|p1a: Ditto\n|-resisted|p1a: Ditto\n|-damage|p1a: Ditto|0 fnt\n|faint|p1a: Ditto\n|\n|upkeep\n|\n|t:|1700923331\n|switch|p1a: Lopunny|Lopunny-Mega, F|100\/100\n|turn|12\n|\n|t:|1700923333\n|move|p2a: Tapu Lele|Psyshock|p1a: Lopunny\n|-supereffective|p1a: Lopunny\n|-damage|p1a: Lopunny|0 fnt\n|faint|p1a: Lopunny\n|\n|win|eris52\n|c|\u2606TexanFarmersMarket|ggwp\n","uploadtime":1700923340,"views":1,"p1id":"texanfarmersmarket","p2id":"eris52","formatid":"gen9nationaldex","rating":0,"private":0,"password":""}