{"id":"gen9nationaldex-1998574876","p1":"Maeby Mitenaut","p2":"infersernusaurio","format":"[Gen 9] National Dex","log":"|html|<div class=\"broadcast-blue\"><strong>[Gen 9] National Dex is currently suspecting Sneasler! For information on how to participate check out the <a href=\"https:\/\/www.smogon.com\/forums\/threads\/sv-national-dex-suspect-8-just-dance.3731534\/\">suspect thread<\/a>.<\/strong><\/div>\n|j|\u2606Maeby Mitenaut\n|j|\u2606infersernusaurio\n|t:|1700958223\n|gametype|singles\n|player|p1|Maeby Mitenaut|dahlia|1225\n|player|p2|infersernusaurio|nate|1315\n|teamsize|p1|6\n|teamsize|p2|6\n|gen|9\n|tier|[Gen 9] National Dex\n|rated|\n|rule|HP Percentage Mod: HP is shown in percentages\n|rule|Endless Battle Clause: Forcing endless battles is banned\n|rule|OHKO Clause: OHKO moves are banned\n|rule|Evasion Clause: Evasion abilities, items, and moves are banned\n|rule|Evasion Abilities Clause: Evasion abilities are banned\n|rule|Evasion Items Clause: Evasion items are banned\n|rule|Evasion Moves Clause: Evasion moves are banned\n|rule|Species Clause: Limit one of each Pok\u00e9mon\n|rule|Sleep Clause Mod: Limit one foe put to sleep\n|clearpoke\n|poke|p1|Raichu-Alola, F|\n|poke|p1|Clodsire, F|\n|poke|p1|Tapu Koko|\n|poke|p1|Arctozolt|\n|poke|p1|Iron Hands|\n|poke|p1|Ninetales-Alola, M|\n|poke|p2|Infernape, M|\n|poke|p2|Venusaur, M|\n|poke|p2|Primarina, F|\n|poke|p2|Garchomp, F|\n|poke|p2|Celesteela|\n|poke|p2|Cinccino, M|\n|teampreview\n|inactive|Battle timer is ON: inactive players will automatically lose when time's up. (requested by Maeby Mitenaut)\n|\n|t:|1700958252\n|start\n|switch|p1a: Bluck Buck|Tapu Koko, shiny|100\/100\n|switch|p2a: Venusaur|Venusaur, M|100\/100\n|-fieldstart|move: Electric Terrain|[from] ability: Electric Surge|[of] p1a: Bluck Buck\n|turn|1\n|\n|t:|1700958267\n|switch|p1a: Big Pap\u00ed|Iron Hands|100\/100\n|-activate|p1a: Big Pap\u00ed|ability: Quark Drive\n|-start|p1a: Big Pap\u00ed|quarkdriveatk\n|detailschange|p2a: Venusaur|Venusaur-Mega, M\n|-mega|p2a: Venusaur|Venusaur|Venusaurite\n|move|p2a: Venusaur|Earth Power|p1a: Big Pap\u00ed\n|-supereffective|p1a: Big Pap\u00ed\n|-damage|p1a: Big Pap\u00ed|63\/100\n|\n|upkeep\n|turn|2\n|\n|t:|1700958279\n|move|p2a: Venusaur|Giga Drain|p1a: Big Pap\u00ed\n|-damage|p1a: Big Pap\u00ed|39\/100\n|move|p1a: Big Pap\u00ed|Fire Punch|p2a: Venusaur\n|-supereffective|p2a: Venusaur\n|-damage|p2a: Venusaur|63\/100\n|\n|upkeep\n|turn|3\n|\n|t:|1700958291\n|switch|p2a: Garchomp|Garchomp, F|100\/100\n|move|p1a: Big Pap\u00ed|Fire Punch|p2a: Garchomp\n|-resisted|p2a: Garchomp\n|-damage|p2a: Garchomp|81\/100\n|-damage|p1a: Big Pap\u00ed|26\/100|[from] ability: Rough Skin|[of] p2a: Garchomp\n|-damage|p1a: Big Pap\u00ed|10\/100|[from] item: Rocky Helmet|[of] p2a: Garchomp\n|\n|upkeep\n|turn|4\n|\n|t:|1700958301\n|-end|p1a: Big Pap\u00ed|Quark Drive|[silent]\n|switch|p1a: Ice Spice|Ninetales-Alola, M, shiny|100\/100\n|-weather|Snow|[from] ability: Snow Warning|[of] p1a: Ice Spice\n|move|p2a: Garchomp|Scale Shot|p1a: Ice Spice\n|-immune|p1a: Ice Spice\n|\n|-weather|Snow|[upkeep]\n|upkeep\n|turn|5\n|\n|t:|1700958309\n|switch|p2a: Celesteela|Celesteela|100\/100\n|move|p1a: Ice Spice|Blizzard|p2a: Celesteela\n|-damage|p2a: Celesteela|73\/100\n|\n|-weather|Snow|[upkeep]\n|-heal|p2a: Celesteela|79\/100|[from] item: Leftovers\n|upkeep\n|turn|6\n|\n|t:|1700958316\n|move|p2a: Celesteela|Protect|p2a: Celesteela\n|-singleturn|p2a: Celesteela|Protect\n|move|p1a: Ice Spice|Aurora Veil|p1a: Ice Spice\n|-sidestart|p1: Maeby Mitenaut|move: Aurora Veil\n|\n|-weather|Snow|[upkeep]\n|-heal|p2a: Celesteela|85\/100|[from] item: Leftovers\n|upkeep\n|turn|7\n|\n|t:|1700958340\n|switch|p1a: Gritty|Arctozolt, shiny|100\/100\n|move|p2a: Celesteela|Leech Seed|p1a: Gritty\n|-start|p1a: Gritty|move: Leech Seed\n|\n|-weather|Snow|[upkeep]\n|-heal|p2a: Celesteela|91\/100|[from] item: Leftovers\n|-damage|p1a: Gritty|88\/100|[from] Leech Seed|[of] p2a: Celesteela\n|-heal|p2a: Celesteela|100\/100|[silent]\n|upkeep\n|turn|8\n|\n|t:|1700958359\n|move|p1a: Gritty|Bolt Beak|p2a: Celesteela\n|-supereffective|p2a: Celesteela\n|-damage|p2a: Celesteela|0 fnt\n|faint|p2a: Celesteela\n|\n|-weather|Snow|[upkeep]\n|-fieldend|move: Electric Terrain\n|upkeep\n|\n|t:|1700958375\n|switch|p2a: Garchomp|Garchomp, F|81\/100\n|turn|9\n|inactive|infersernusaurio has 120 seconds left.\n|\n|t:|1700958391\n|move|p1a: Gritty|Blizzard|p2a: Garchomp\n|-supereffective|p2a: Garchomp\n|-damage|p2a: Garchomp|0 fnt\n|faint|p2a: Garchomp\n|\n|-weather|Snow|[upkeep]\n|upkeep\n|inactive|infersernusaurio has 120 seconds left.\n|\n|t:|1700958397\n|switch|p2a: Venusaur|Venusaur-Mega, M|63\/100\n|turn|10\n|\n|t:|1700958404\n|move|p1a: Gritty|Blizzard|p2a: Venusaur\n|-supereffective|p2a: Venusaur\n|-damage|p2a: Venusaur|29\/100\n|move|p2a: Venusaur|Sleep Powder|p1a: Gritty\n|-status|p1a: Gritty|slp|[from] move: Sleep Powder\n|\n|-weather|Snow|[upkeep]\n|-damage|p1a: Gritty|76\/100 slp|[from] Leech Seed|[of] p2a: Venusaur\n|-heal|p2a: Venusaur|43\/100|[silent]\n|-sideend|p1: Maeby Mitenaut|move: Aurora Veil\n|upkeep\n|turn|11\n|\n|t:|1700958415\n|switch|p1a: Bluck Buck|Tapu Koko, shiny|100\/100\n|-fieldstart|move: Electric Terrain|[from] ability: Electric Surge|[of] p1a: Bluck Buck\n|move|p2a: Venusaur|Giga Drain|p1a: Bluck Buck\n|-damage|p1a: Bluck Buck|50\/100\n|-heal|p2a: Venusaur|72\/100|[from] drain|[of] p1a: Bluck Buck\n|\n|-weather|none\n|upkeep\n|turn|12\n|\n|t:|1700958423\n|move|p1a: Bluck Buck|Thunder Wave|p2a: Venusaur\n|-status|p2a: Venusaur|par\n|move|p2a: Venusaur|Giga Drain|p1a: Bluck Buck\n|-damage|p1a: Bluck Buck|5\/100\n|-heal|p2a: Venusaur|98\/100 par|[from] drain|[of] p1a: Bluck Buck\n|\n|upkeep\n|turn|13\n|\n|t:|1700958436\n|switch|p1a: Ice Spice|Ninetales-Alola, M, shiny|100\/100\n|-weather|Snow|[from] ability: Snow Warning|[of] p1a: Ice Spice\n|move|p2a: Venusaur|Sludge Bomb|p1a: Ice Spice\n|-supereffective|p1a: Ice Spice\n|-damage|p1a: Ice Spice|6\/100\n|\n|-weather|Snow|[upkeep]\n|upkeep\n|turn|14\n|\n|t:|1700958451\n|switch|p2a: Infernape|Infernape, M|100\/100\n|move|p1a: Ice Spice|Heal Bell|p1a: Ice Spice\n|-activate|p1a: Ice Spice|move: Heal Bell\n|-curestatus|p1: Gritty|slp|[msg]\n|\n|-weather|Snow|[upkeep]\n|upkeep\n|turn|15\n|\n|t:|1700958465\n|move|p2a: Infernape|U-turn|p1a: Ice Spice\n|-resisted|p1a: Ice Spice\n|-damage|p1a: Ice Spice|0 fnt\n|faint|p1a: Ice Spice\n|\n|t:|1700958474\n|switch|p2a: Cinccino|Cinccino, M|100\/100|[from] U-turn\n|\n|-weather|Snow|[upkeep]\n|upkeep\n|\n|t:|1700958480\n|switch|p1a: Big Pap\u00ed|Iron Hands|10\/100\n|-activate|p1a: Big Pap\u00ed|ability: Quark Drive\n|-start|p1a: Big Pap\u00ed|quarkdriveatk\n|turn|16\n|\n|t:|1700958490\n|move|p2a: Cinccino|Bullet Seed|p1a: Big Pap\u00ed\n|-damage|p1a: Big Pap\u00ed|4\/100\n|-damage|p1a: Big Pap\u00ed|0 fnt\n|faint|p1a: Big Pap\u00ed\n|-end|p1a: Big Pap\u00ed|Quark Drive|[silent]\n|-hitcount|p1: Big Pap\u00ed|2\n|-damage|p2a: Cinccino|91\/100|[from] item: Life Orb\n|\n|-weather|Snow|[upkeep]\n|upkeep\n|\n|t:|1700958498\n|switch|p1a: Gritty|Arctozolt, shiny|76\/100\n|turn|17\n|\n|t:|1700958504\n|move|p1a: Gritty|Bolt Beak|p2a: Cinccino\n|-damage|p2a: Cinccino|0 fnt\n|faint|p2a: Cinccino\n|\n|-weather|Snow|[upkeep]\n|upkeep\n|\n|t:|1700958527\n|switch|p2a: Venusaur|Venusaur-Mega, M|98\/100 par\n|turn|18\n|\n|t:|1700958533\n|move|p1a: Gritty|Blizzard|p2a: Venusaur\n|-supereffective|p2a: Venusaur\n|-damage|p2a: Venusaur|64\/100 par\n|move|p2a: Venusaur|Earth Power|p1a: Gritty\n|-supereffective|p1a: Gritty\n|-damage|p1a: Gritty|2\/100\n|-enditem|p1a: Gritty|Aguav Berry|[eat]\n|-heal|p1a: Gritty|35\/100|[from] item: Aguav Berry\n|\n|-weather|Snow|[upkeep]\n|-fieldend|move: Electric Terrain\n|upkeep\n|turn|19\n|\n|t:|1700958545\n|move|p1a: Gritty|Blizzard|p2a: Venusaur\n|-supereffective|p2a: Venusaur\n|-damage|p2a: Venusaur|31\/100 par\n|cant|p2a: Venusaur|par\n|\n|-weather|Snow|[upkeep]\n|upkeep\n|turn|20\n|\n|t:|1700958552\n|switch|p2a: Infernape|Infernape, M|100\/100\n|move|p1a: Gritty|Blizzard|p2a: Infernape\n|-resisted|p2a: Infernape\n|-crit|p2a: Infernape\n|-damage|p2a: Infernape|62\/100\n|\n|-weather|none\n|upkeep\n|turn|21\n|\n|t:|1700958562\n|switch|p1a: Bluck Buck|Tapu Koko, shiny|5\/100\n|-fieldstart|move: Electric Terrain|[from] ability: Electric Surge|[of] p1a: Bluck Buck\n|move|p2a: Infernape|Flamethrower|p1a: Bluck Buck\n|-damage|p1a: Bluck Buck|0 fnt\n|faint|p1a: Bluck Buck\n|\n|upkeep\n|\n|t:|1700958569\n|switch|p1a: Aloha Broha|Raichu-Alola, F, shiny|100\/100\n|turn|22\n|\n|t:|1700958590\n|switch|p2a: Primarina|Primarina, F, shiny|100\/100\n|move|p1a: Aloha Broha|Rising Voltage|p2a: Primarina\n|-hint|Rising Voltage's BP doubled on grounded target.\n|-supereffective|p2a: Primarina\n|-damage|p2a: Primarina|8\/100\n|\n|upkeep\n|turn|23\n|\n|t:|1700958601\n|move|p1a: Aloha Broha|Rising Voltage|p2a: Primarina\n|-hint|Rising Voltage's BP doubled on grounded target.\n|-supereffective|p2a: Primarina\n|-damage|p2a: Primarina|0 fnt\n|faint|p2a: Primarina\n|\n|upkeep\n|\n|t:|1700958606\n|switch|p2a: Venusaur|Venusaur-Mega, M|31\/100 par\n|turn|24\n|\n|t:|1700958611\n|move|p1a: Aloha Broha|Psychic|p2a: Venusaur\n|-supereffective|p2a: Venusaur\n|-damage|p2a: Venusaur|0 fnt\n|faint|p2a: Venusaur\n|\n|upkeep\n|\n|t:|1700958615\n|switch|p2a: Infernape|Infernape, M|62\/100\n|turn|25\n|\n|t:|1700958623\n|-terastallize|p2a: Infernape|Fire\n|move|p1a: Aloha Broha|Psychic|p2a: Infernape\n|-damage|p2a: Infernape|0 fnt\n|faint|p2a: Infernape\n|\n|win|Maeby Mitenaut\n|raw|Maeby Mitenaut's rating: 1225 &rarr; <strong>1256<\/strong><br \/>(+31 for winning)\n|raw|infersernusaurio's rating: 1315 &rarr; <strong>1290<\/strong><br \/>(-25 for losing)\n|c|\u2606Maeby Mitenaut|gg\n|l|\u2606infersernusaurio\n","uploadtime":1700958631,"views":4,"p1id":"maebymitenaut","p2id":"infersernusaurio","formatid":"gen9nationaldex","rating":1256,"private":0,"password":""}