{"id":"gen9nationaldex-1991370429","p1":"halemango69","p2":"28eusja","format":"[Gen 9] National Dex","log":"|j|\u2606halemango69\n|j|\u260628eusja\n|t:|1700071485\n|gametype|singles\n|player|p1|halemango69|169|1172\n|player|p2|28eusja|266|1061\n|teamsize|p1|6\n|teamsize|p2|6\n|gen|9\n|tier|[Gen 9] National Dex\n|rated|\n|rule|HP Percentage Mod: HP is shown in percentages\n|rule|Endless Battle Clause: Forcing endless battles is banned\n|rule|OHKO Clause: OHKO moves are banned\n|rule|Evasion Clause: Evasion abilities, items, and moves are banned\n|rule|Evasion Abilities Clause: Evasion abilities are banned\n|rule|Evasion Items Clause: Evasion items are banned\n|rule|Evasion Moves Clause: Evasion moves are banned\n|rule|Species Clause: Limit one of each Pok\u00e9mon\n|rule|Sleep Clause Mod: Limit one foe put to sleep\n|clearpoke\n|poke|p1|Sneasler, M|\n|poke|p1|Okidogi, M|\n|poke|p1|Nihilego|\n|poke|p1|Beedrill, M|\n|poke|p1|Iron Moth|\n|poke|p1|Skuntank, F|\n|poke|p2|Garchomp, F|\n|poke|p2|Umbreon, M|\n|poke|p2|Charizard, F|\n|poke|p2|Gengar, M|\n|poke|p2|Sableye, M|\n|poke|p2|Greninja-*, F|\n|teampreview\n|\n|t:|1700071499\n|start\n|switch|p1a: Iron Moth|Iron Moth|100\/100\n|switch|p2a: Umbreon|Umbreon, M|100\/100\n|-enditem|p1a: Iron Moth|Booster Energy\n|-activate|p1a: Iron Moth|ability: Quark Drive|[fromitem]\n|-start|p1a: Iron Moth|quarkdrivespa\n|turn|1\n|\n|t:|1700071511\n|move|p1a: Iron Moth|Agility|p1a: Iron Moth\n|-boost|p1a: Iron Moth|spe|2\n|move|p2a: Umbreon|Toxic|p1a: Iron Moth\n|-immune|p1a: Iron Moth\n|\n|upkeep\n|turn|2\n|\n|t:|1700071520\n|move|p1a: Iron Moth|Fiery Dance|p2a: Umbreon\n|-damage|p2a: Umbreon|63\/100\n|move|p2a: Umbreon|Toxic|p1a: Iron Moth\n|-immune|p1a: Iron Moth\n|\n|-heal|p2a: Umbreon|69\/100|[from] item: Leftovers\n|upkeep\n|turn|3\n|\n|t:|1700071527\n|move|p1a: Iron Moth|Fiery Dance|p2a: Umbreon\n|-damage|p2a: Umbreon|31\/100\n|-boost|p1a: Iron Moth|spa|1\n|move|p2a: Umbreon|Foul Play|p1a: Iron Moth\n|-damage|p1a: Iron Moth|71\/100\n|\n|-heal|p2a: Umbreon|37\/100|[from] item: Leftovers\n|upkeep\n|turn|4\n|\n|t:|1700071536\n|switch|p2a: Gengar|Gengar, M|100\/100\n|move|p1a: Iron Moth|Fiery Dance|p2a: Gengar\n|-damage|p2a: Gengar|0 fnt\n|-boost|p1a: Iron Moth|spa|1\n|faint|p2a: Gengar\n|\n|upkeep\n|\n|t:|1700071540\n|switch|p2a: Sableye|Sableye, M|100\/100\n|turn|5\n|\n|t:|1700071546\n|move|p2a: Sableye|Will-O-Wisp|p1a: Iron Moth|[miss]\n|-miss|p2a: Sableye|p1a: Iron Moth\n|move|p1a: Iron Moth|Fiery Dance|p2a: Sableye\n|-damage|p2a: Sableye|0 fnt\n|faint|p2a: Sableye\n|\n|upkeep\n|\n|t:|1700071550\n|switch|p2a: Greninja|Greninja, F|100\/100\n|turn|6\n|\n|t:|1700071555\n|move|p1a: Iron Moth|Energy Ball|p2a: Greninja\n|-supereffective|p2a: Greninja\n|-damage|p2a: Greninja|0 fnt\n|faint|p2a: Greninja\n|\n|upkeep\n|\n|t:|1700071560\n|switch|p2a: Umbreon|Umbreon, M|37\/100\n|turn|7\n|\n|t:|1700071563\n|switch|p2a: Charizard|Charizard, F|100\/100\n|move|p1a: Iron Moth|Fiery Dance|p2a: Charizard\n|-resisted|p2a: Charizard\n|-damage|p2a: Charizard|41\/100\n|\n|upkeep\n|turn|8\n|\n|t:|1700071569\n|move|p1a: Iron Moth|Sludge Wave|p2a: Charizard\n|-damage|p2a: Charizard|0 fnt\n|faint|p2a: Charizard\n|\n|upkeep\n|\n|t:|1700071573\n|switch|p2a: Garchomp|Garchomp, F|100\/100\n|turn|9\n|\n|t:|1700071576\n|move|p1a: Iron Moth|Sludge Wave|p2a: Garchomp\n|-resisted|p2a: Garchomp\n|-damage|p2a: Garchomp|25\/100\n|move|p2a: Garchomp|Earthquake|p1a: Iron Moth\n|-supereffective|p1a: Iron Moth\n|-damage|p1a: Iron Moth|0 fnt\n|faint|p1a: Iron Moth\n|-end|p1a: Iron Moth|Quark Drive|[silent]\n|\n|upkeep\n|\n|t:|1700071584\n|switch|p1a: Skuntank|Skuntank, F|100\/100\n|turn|10\n|\n|t:|1700071588\n|move|p1a: Skuntank|Sucker Punch|p2a: Garchomp\n|-crit|p2a: Garchomp\n|-damage|p2a: Garchomp|0 fnt\n|-damage|p1a: Skuntank|88\/100|[from] ability: Rough Skin|[of] p2a: Garchomp\n|faint|p2a: Garchomp\n|\n|upkeep\n|\n|t:|1700071591\n|switch|p2a: Umbreon|Umbreon, M|37\/100\n|turn|11\n|\n|t:|1700071595\n|move|p1a: Skuntank|Poison Jab|p2a: Umbreon\n|-damage|p2a: Umbreon|12\/100\n|move|p2a: Umbreon|Toxic|p1a: Skuntank\n|-immune|p1a: Skuntank\n|\n|-heal|p2a: Umbreon|18\/100|[from] item: Leftovers\n|upkeep\n|turn|12\n|\n|t:|1700071602\n|move|p1a: Skuntank|Poison Jab|p2a: Umbreon\n|-damage|p2a: Umbreon|0 fnt\n|faint|p2a: Umbreon\n|\n|win|halemango69\n|raw|halemango69's rating: 1172 &rarr; <strong>1189<\/strong><br \/>(+17 for winning)\n|raw|28eusja's rating: 1061 &rarr; <strong>1048<\/strong><br \/>(-13 for losing)\n","uploadtime":1700071606,"views":5,"p1id":"halemango69","p2id":"28eusja","formatid":"gen9nationaldex","rating":1048,"private":0,"password":""}