{"id":"gen9nationaldex-1993322507","p1":"towardsfanhua","p2":"espino15234125","format":"[Gen 9] National Dex","log":"|j|\u2606towardsfanhua\n|j|\u2606espino15234125\n|t:|1700298095\n|gametype|singles\n|player|p1|towardsfanhua|marnie|1302\n|player|p2|espino15234125|170|1268\n|teamsize|p1|6\n|teamsize|p2|6\n|gen|9\n|tier|[Gen 9] National Dex\n|rated|\n|rule|HP Percentage Mod: HP is shown in percentages\n|rule|Endless Battle Clause: Forcing endless battles is banned\n|rule|OHKO Clause: OHKO moves are banned\n|rule|Evasion Clause: Evasion abilities, items, and moves are banned\n|rule|Evasion Abilities Clause: Evasion abilities are banned\n|rule|Evasion Items Clause: Evasion items are banned\n|rule|Evasion Moves Clause: Evasion moves are banned\n|rule|Species Clause: Limit one of each Pok\u00e9mon\n|rule|Sleep Clause Mod: Limit one foe put to sleep\n|clearpoke\n|poke|p1|Charizard, F|\n|poke|p1|Tapu Lele|\n|poke|p1|Corviknight, F|\n|poke|p1|Clodsire, F|\n|poke|p1|Ferrothorn, M|\n|poke|p1|Garchomp, M|\n|poke|p2|Slowking, F|\n|poke|p2|Sandslash-Alola, M|\n|poke|p2|Ninetales-Alola, M|\n|poke|p2|Mew|\n|poke|p2|Volcarona, M|\n|poke|p2|Banette, M|\n|teampreview\n|inactive|Battle timer is ON: inactive players will automatically lose when time's up. (requested by espino15234125)\n|\n|t:|1700298100\n|start\n|switch|p1a: Charizard|Charizard, F|100\/100\n|switch|p2a: Ninetales|Ninetales-Alola, M|100\/100\n|-weather|Snow|[from] ability: Snow Warning|[of] p2a: Ninetales\n|turn|1\n|\n|t:|1700298105\n|switch|p2a: Slowking|Slowking, F|100\/100\n|move|p1a: Charizard|Weather Ball|p2a: Slowking\n|-resisted|p2a: Slowking\n|-damage|p2a: Slowking|92\/100\n|\n|-weather|Snow|[upkeep]\n|upkeep\n|turn|2\n|\n|t:|1700298116\n|switch|p1a: Clodsire|Clodsire, F|100\/100\n|-terastallize|p2a: Slowking|Fairy\n|move|p2a: Slowking|Scald|p1a: Clodsire\n|-immune|p1a: Clodsire|[from] ability: Water Absorb\n|\n|-weather|Snow|[upkeep]\n|upkeep\n|turn|3\n|\n|t:|1700298122\n|move|p2a: Slowking|Future Sight|p1a: Clodsire\n|-start|p2a: Slowking|move: Future Sight\n|move|p1a: Clodsire|Toxic|p2a: Slowking\n|-status|p2a: Slowking|tox\n|\n|-weather|Snow|[upkeep]\n|-damage|p2a: Slowking|86\/100 tox|[from] psn\n|upkeep\n|turn|4\n|\n|t:|1700298129\n|move|p2a: Slowking|Flamethrower|p1a: Clodsire\n|-damage|p1a: Clodsire|88\/100\n|move|p1a: Clodsire|Stealth Rock|p2a: Slowking\n|-sidestart|p2: espino15234125|move: Stealth Rock\n|\n|-weather|Snow|[upkeep]\n|-heal|p1a: Clodsire|94\/100|[from] item: Leftovers\n|-damage|p2a: Slowking|74\/100 tox|[from] psn\n|upkeep\n|turn|5\n|\n|t:|1700298136\n|switch|p1a: Corviknight|Corviknight, F|100\/100\n|-ability|p1a: Corviknight|Pressure\n|move|p2a: Slowking|Chilly Reception|p2a: Slowking\n|\n|t:|1700298143\n|switch|p2a: Volcarona|Volcarona, M|100\/100|[from] Chilly Reception\n|\n|-weather|none\n|-end|p1a: Corviknight|move: Future Sight\n|-resisted|p1a: Corviknight\n|-damage|p1a: Corviknight|80\/100\n|-heal|p1a: Corviknight|87\/100|[from] item: Leftovers\n|upkeep\n|turn|6\n|\n|t:|1700298146\n|switch|p1a: Clodsire|Clodsire, F|94\/100\n|move|p2a: Volcarona|Flamethrower|p1a: Clodsire\n|-damage|p1a: Clodsire|67\/100\n|\n|-heal|p1a: Clodsire|73\/100|[from] item: Leftovers\n|upkeep\n|turn|7\n|\n|t:|1700298155\n|switch|p2a: Slowking|Slowking, F, tera:Fairy|100\/100 tox\n|-damage|p2a: Slowking|88\/100 tox|[from] Stealth Rock\n|move|p1a: Clodsire|Recover|p1a: Clodsire\n|-heal|p1a: Clodsire|100\/100\n|\n|-damage|p2a: Slowking|82\/100 tox|[from] psn\n|upkeep\n|turn|8\n|\n|t:|1700298174\n|switch|p1a: Garchomp|Garchomp, M|100\/100\n|move|p2a: Slowking|Chilly Reception|p2a: Slowking\n|-weather|Snow\n|\n|t:|1700298183\n|switch|p2a: Sandslash|Sandslash-Alola, M|100\/100|[from] Chilly Reception\n|-damage|p2a: Sandslash|88\/100|[from] Stealth Rock\n|\n|-weather|Snow|[upkeep]\n|upkeep\n|turn|9\n|\n|t:|1700298200\n|switch|p1a: Ferrothorn|Ferrothorn, M|100\/100\n|move|p2a: Sandslash|Swords Dance|p2a: Sandslash\n|-boost|p2a: Sandslash|atk|2\n|\n|-weather|Snow|[upkeep]\n|upkeep\n|turn|10\n|\n|t:|1700298211\n|move|p2a: Sandslash|Earthquake|p1a: Ferrothorn\n|-damage|p1a: Ferrothorn|53\/100\n|-damage|p2a: Sandslash|78\/100|[from] item: Life Orb\n|move|p1a: Ferrothorn|Gyro Ball|p2a: Sandslash\n|-damage|p2a: Sandslash|44\/100\n|\n|-weather|Snow|[upkeep]\n|upkeep\n|turn|11\n|\n|t:|1700298224\n|switch|p1a: Charizard|Charizard, F|100\/100\n|move|p2a: Sandslash|Swords Dance|p2a: Sandslash\n|-boost|p2a: Sandslash|atk|2\n|\n|-weather|Snow|[upkeep]\n|upkeep\n|turn|12\n|\n|t:|1700298231\n|detailschange|p1a: Charizard|Charizard-Mega-Y, F\n|-mega|p1a: Charizard|Charizard|Charizardite Y\n|-weather|SunnyDay|[from] ability: Drought|[of] p1a: Charizard\n|move|p1a: Charizard|Weather Ball|p2a: Sandslash\n|-supereffective|p2a: Sandslash\n|-damage|p2a: Sandslash|0 fnt\n|faint|p2a: Sandslash\n|\n|-weather|SunnyDay|[upkeep]\n|upkeep\n|\n|t:|1700298237\n|switch|p2a: Ninetales|Ninetales-Alola, M|100\/100\n|-damage|p2a: Ninetales|76\/100|[from] Stealth Rock\n|-weather|Snow|[from] ability: Snow Warning|[of] p2a: Ninetales\n|turn|13\n|\n|t:|1700298241\n|move|p2a: Ninetales|Aurora Veil|p2a: Ninetales\n|-sidestart|p2: espino15234125|move: Aurora Veil\n|move|p1a: Charizard|Weather Ball|p2a: Ninetales\n|-resisted|p2a: Ninetales\n|-crit|p2a: Ninetales\n|-damage|p2a: Ninetales|46\/100\n|\n|-weather|Snow|[upkeep]\n|upkeep\n|turn|14\n|\n|t:|1700298249\n|switch|p1a: Corviknight|Corviknight, F|87\/100\n|-ability|p1a: Corviknight|Pressure\n|move|p2a: Ninetales|Hypnosis|p1a: Corviknight|[miss]\n|-miss|p2a: Ninetales|p1a: Corviknight\n|\n|-weather|Snow|[upkeep]\n|-heal|p1a: Corviknight|93\/100|[from] item: Leftovers\n|upkeep\n|turn|15\n|\n|t:|1700298256\n|move|p2a: Ninetales|Hypnosis|p1a: Corviknight|[miss]\n|-miss|p2a: Ninetales|p1a: Corviknight\n|move|p1a: Corviknight|Iron Defense|p1a: Corviknight\n|-boost|p1a: Corviknight|def|2\n|\n|-weather|Snow|[upkeep]\n|-heal|p1a: Corviknight|99\/100|[from] item: Leftovers\n|upkeep\n|turn|16\n|\n|t:|1700298260\n|move|p2a: Ninetales|Hypnosis|p1a: Corviknight\n|-status|p1a: Corviknight|slp|[from] move: Hypnosis\n|cant|p1a: Corviknight|slp\n|\n|-weather|Snow|[upkeep]\n|-heal|p1a: Corviknight|100\/100 slp|[from] item: Leftovers\n|upkeep\n|turn|17\n|\n|t:|1700298267\n|switch|p2a: Volcarona|Volcarona, M|100\/100\n|cant|p1a: Corviknight|slp\n|\n|-weather|none\n|upkeep\n|turn|18\n|\n|t:|1700298271\n|switch|p1a: Clodsire|Clodsire, F|100\/100\n|move|p2a: Volcarona|Quiver Dance|p2a: Volcarona\n|-boost|p2a: Volcarona|spa|1\n|-boost|p2a: Volcarona|spd|1\n|-boost|p2a: Volcarona|spe|1\n|\n|upkeep\n|turn|19\n|\n|t:|1700298281\n|move|p2a: Volcarona|Quiver Dance|p2a: Volcarona\n|-boost|p2a: Volcarona|spa|1\n|-boost|p2a: Volcarona|spd|1\n|-boost|p2a: Volcarona|spe|1\n|move|p1a: Clodsire|Toxic|p2a: Volcarona\n|-status|p2a: Volcarona|tox\n|\n|-damage|p2a: Volcarona|94\/100 tox|[from] psn\n|upkeep\n|turn|20\n|\n|t:|1700298288\n|move|p2a: Volcarona|Giga Drain|p1a: Clodsire\n|-damage|p1a: Clodsire|69\/100\n|-heal|p2a: Volcarona|100\/100 tox|[from] drain|[of] p1a: Clodsire\n|move|p1a: Clodsire|Recover|p1a: Clodsire\n|-heal|p1a: Clodsire|100\/100\n|\n|-damage|p2a: Volcarona|88\/100 tox|[from] psn\n|-sideend|p2: espino15234125|move: Aurora Veil\n|upkeep\n|turn|21\n|\n|t:|1700298317\n|switch|p2a: Slowking|Slowking, F, tera:Fairy|100\/100 tox\n|-damage|p2a: Slowking|88\/100 tox|[from] Stealth Rock\n|move|p1a: Clodsire|Earthquake|p2a: Slowking\n|-damage|p2a: Slowking|61\/100 tox\n|\n|-damage|p2a: Slowking|55\/100 tox|[from] psn\n|upkeep\n|turn|22\n|\n|t:|1700298330\n|switch|p1a: Corviknight|Corviknight, F|100\/100 slp\n|-ability|p1a: Corviknight|Pressure\n|move|p2a: Slowking|Future Sight|p1a: Corviknight\n|-start|p2a: Slowking|move: Future Sight\n|\n|-damage|p2a: Slowking|43\/100 tox|[from] psn\n|upkeep\n|turn|23\n|\n|t:|1700298340\n|-curestatus|p1a: Corviknight|slp|[msg]\n|move|p1a: Corviknight|Roost||[still]\n|-fail|p1a: Corviknight|heal\n|move|p2a: Slowking|Chilly Reception|p2a: Slowking\n|-weather|Snow\n|\n|t:|1700298343\n|switch|p2a: Ninetales|Ninetales-Alola, M|46\/100|[from] Chilly Reception\n|-damage|p2a: Ninetales|22\/100|[from] Stealth Rock\n|\n|-weather|Snow|[upkeep]\n|upkeep\n|turn|24\n|\n|t:|1700298348\n|move|p2a: Ninetales|Aurora Veil|p2a: Ninetales\n|-sidestart|p2: espino15234125|move: Aurora Veil\n|move|p1a: Corviknight|Body Press|p2a: Ninetales\n|-damage|p2a: Ninetales|11\/100\n|\n|-weather|Snow|[upkeep]\n|-end|p1a: Corviknight|move: Future Sight\n|-resisted|p1a: Corviknight\n|-damage|p1a: Corviknight|81\/100\n|-heal|p1a: Corviknight|87\/100|[from] item: Leftovers\n|upkeep\n|turn|25\n|\n|t:|1700298358\n|switch|p2a: Banette|Banette, M|100\/100\n|-damage|p2a: Banette|88\/100|[from] Stealth Rock\n|move|p1a: Corviknight|Body Press|p2a: Banette\n|-immune|p2a: Banette\n|\n|-weather|Snow|[upkeep]\n|-heal|p1a: Corviknight|93\/100|[from] item: Leftovers\n|upkeep\n|turn|26\n|\n|t:|1700298386\n|detailschange|p2a: Banette|Banette-Mega, M\n|-mega|p2a: Banette|Banette|Banettite\n|move|p2a: Banette|Encore|p1a: Corviknight\n|-start|p1a: Corviknight|Encore\n|move|p1a: Corviknight|Body Press|p2a: Banette\n|-immune|p2a: Banette\n|\n|-weather|Snow|[upkeep]\n|-heal|p1a: Corviknight|99\/100|[from] item: Leftovers\n|upkeep\n|turn|27\n|inactive|towardsfanhua has 120 seconds left.\n|\n|t:|1700298402\n|switch|p1a: Ferrothorn|Ferrothorn, M|53\/100\n|move|p2a: Banette|Poltergeist|p1a: Ferrothorn\n|-activate|p1a: Ferrothorn|move: Poltergeist|Rocky Helmet\n|-damage|p1a: Ferrothorn|15\/100\n|\n|-weather|Snow|[upkeep]\n|upkeep\n|turn|28\n|\n|t:|1700298411\n|move|p2a: Banette|Poltergeist|p1a: Ferrothorn|[miss]\n|-miss|p2a: Banette|p1a: Ferrothorn\n|move|p1a: Ferrothorn|Knock Off|p2a: Banette\n|-supereffective|p2a: Banette\n|-damage|p2a: Banette|67\/100\n|\n|-weather|Snow|[upkeep]\n|upkeep\n|turn|29\n|\n|t:|1700298419\n|move|p1a: Ferrothorn|Protect|p1a: Ferrothorn\n|-singleturn|p1a: Ferrothorn|Protect\n|move|p2a: Banette|Poltergeist|p1a: Ferrothorn\n|-activate|p1a: Ferrothorn|move: Protect\n|\n|-weather|Snow|[upkeep]\n|upkeep\n|turn|30\n|\n|t:|1700298427\n|move|p2a: Banette|Poltergeist|p1a: Ferrothorn\n|-activate|p1a: Ferrothorn|move: Poltergeist|Rocky Helmet\n|-damage|p1a: Ferrothorn|0 fnt\n|faint|p1a: Ferrothorn\n|\n|-weather|none\n|upkeep\n|\n|t:|1700298438\n|switch|p1a: Charizard|Charizard-Mega-Y, F|100\/100\n|-weather|SunnyDay|[from] ability: Drought|[of] p1a: Charizard\n|turn|31\n|\n|t:|1700298450\n|move|p2a: Banette|Destiny Bond|p2a: Banette\n|-singlemove|p2a: Banette|Destiny Bond\n|move|p1a: Charizard|Weather Ball|p2a: Banette\n|-damage|p2a: Banette|5\/100\n|\n|-weather|SunnyDay|[upkeep]\n|-sideend|p2: espino15234125|move: Aurora Veil\n|upkeep\n|turn|32\n|\n|t:|1700298460\n|switch|p1a: Corviknight|Corviknight, F|99\/100\n|-ability|p1a: Corviknight|Pressure\n|move|p2a: Banette|Poltergeist|p1a: Corviknight\n|-activate|p1a: Corviknight|move: Poltergeist|Leftovers\n|-damage|p1a: Corviknight|58\/100\n|\n|-weather|SunnyDay|[upkeep]\n|-heal|p1a: Corviknight|64\/100|[from] item: Leftovers\n|upkeep\n|turn|33\n|\n|t:|1700298469\n|move|p2a: Banette|Destiny Bond|p2a: Banette\n|-singlemove|p2a: Banette|Destiny Bond\n|move|p1a: Corviknight|Roost|p1a: Corviknight\n|-heal|p1a: Corviknight|100\/100\n|-singleturn|p1a: Corviknight|move: Roost\n|\n|-weather|SunnyDay|[upkeep]\n|upkeep\n|turn|34\n|inactive|towardsfanhua has 120 seconds left.\n|\n|t:|1700298503\n|switch|p1a: Garchomp|Garchomp, M|100\/100\n|move|p2a: Banette|Encore||[still]\n|-fail|p2a: Banette\n|\n|-weather|SunnyDay|[upkeep]\n|upkeep\n|turn|35\n|inactive|towardsfanhua has 120 seconds left.\n|\n|t:|1700298514\n|switch|p1a: Clodsire|Clodsire, F|100\/100\n|move|p2a: Banette|Destiny Bond|p2a: Banette\n|-singlemove|p2a: Banette|Destiny Bond\n|\n|-weather|none\n|upkeep\n|turn|36\n|\n|t:|1700298520\n|move|p2a: Banette|Poltergeist|p1a: Clodsire\n|-activate|p1a: Clodsire|move: Poltergeist|Leftovers\n|-damage|p1a: Clodsire|31\/100\n|move|p1a: Clodsire|Toxic|p2a: Banette\n|-status|p2a: Banette|tox\n|\n|-heal|p1a: Clodsire|37\/100|[from] item: Leftovers\n|-damage|p2a: Banette|0 fnt|[from] psn\n|faint|p2a: Banette\n|upkeep\n|\n|t:|1700298526\n|switch|p2a: Slowking|Slowking, F, tera:Fairy|76\/100 tox\n|-damage|p2a: Slowking|64\/100 tox|[from] Stealth Rock\n|turn|37\n|\n|t:|1700298533\n|move|p2a: Slowking|Future Sight|p1a: Clodsire\n|-start|p2a: Slowking|move: Future Sight\n|move|p1a: Clodsire|Recover|p1a: Clodsire\n|-heal|p1a: Clodsire|87\/100\n|\n|-heal|p1a: Clodsire|93\/100|[from] item: Leftovers\n|-damage|p2a: Slowking|58\/100 tox|[from] psn\n|upkeep\n|turn|38\n|\n|t:|1700298541\n|switch|p1a: Corviknight|Corviknight, F|100\/100\n|-ability|p1a: Corviknight|Pressure\n|move|p2a: Slowking|Chilly Reception|p2a: Slowking\n|-weather|Snow\n|\n|t:|1700298546\n|switch|p2a: Volcarona|Volcarona, M|88\/100 tox|[from] Chilly Reception\n|\n|-weather|Snow|[upkeep]\n|-damage|p2a: Volcarona|82\/100 tox|[from] psn\n|upkeep\n|turn|39\n|\n|t:|1700298563\n|-terastallize|p1a: Corviknight|Dragon\n|move|p2a: Volcarona|Quiver Dance|p2a: Volcarona\n|-boost|p2a: Volcarona|spa|1\n|-boost|p2a: Volcarona|spd|1\n|-boost|p2a: Volcarona|spe|1\n|move|p1a: Corviknight|Iron Defense|p1a: Corviknight\n|-boost|p1a: Corviknight|def|2\n|\n|-weather|Snow|[upkeep]\n|-end|p1a: Corviknight|move: Future Sight\n|-damage|p1a: Corviknight|60\/100\n|-heal|p1a: Corviknight|66\/100|[from] item: Leftovers\n|-damage|p2a: Volcarona|70\/100 tox|[from] psn\n|upkeep\n|turn|40\n|\n|t:|1700298584\n|move|p2a: Volcarona|Quiver Dance|p2a: Volcarona\n|-boost|p2a: Volcarona|spa|1\n|-boost|p2a: Volcarona|spd|1\n|-boost|p2a: Volcarona|spe|1\n|move|p1a: Corviknight|Roost|p1a: Corviknight\n|-heal|p1a: Corviknight|100\/100\n|\n|-weather|Snow|[upkeep]\n|-damage|p2a: Volcarona|52\/100 tox|[from] psn\n|upkeep\n|turn|41\n|\n|t:|1700298590\n|move|p2a: Volcarona|Giga Drain|p1a: Corviknight\n|-resisted|p1a: Corviknight\n|-damage|p1a: Corviknight|71\/100\n|-heal|p2a: Volcarona|71\/100 tox|[from] drain|[of] p1a: Corviknight\n|move|p1a: Corviknight|Body Press|p2a: Volcarona\n|-resisted|p2a: Volcarona\n|-damage|p2a: Volcarona|27\/100 tox\n|\n|-weather|Snow|[upkeep]\n|-heal|p1a: Corviknight|77\/100|[from] item: Leftovers\n|-damage|p2a: Volcarona|3\/100 tox|[from] psn\n|upkeep\n|turn|42\n|\n|t:|1700298603\n|switch|p2a: Slowking|Slowking, F, tera:Fairy|91\/100 tox\n|-damage|p2a: Slowking|79\/100 tox|[from] Stealth Rock\n|move|p1a: Corviknight|Roost|p1a: Corviknight\n|-heal|p1a: Corviknight|100\/100\n|\n|-weather|Snow|[upkeep]\n|-damage|p2a: Slowking|73\/100 tox|[from] psn\n|upkeep\n|turn|43\n|\n|t:|1700298611\n|move|p1a: Corviknight|Body Press|p2a: Slowking\n|-resisted|p2a: Slowking\n|-damage|p2a: Slowking|43\/100 tox\n|move|p2a: Slowking|Chilly Reception|p2a: Slowking\n|\n|t:|1700298613\n|switch|p2a: Mew|Mew|100\/100|[from] Chilly Reception\n|-damage|p2a: Mew|88\/100|[from] Stealth Rock\n|\n|-weather|Snow|[upkeep]\n|upkeep\n|turn|44\n|\n|t:|1700298624\n|switch|p1a: Clodsire|Clodsire, F|93\/100\n|move|p2a: Mew|Cosmic Power|p2a: Mew\n|-boost|p2a: Mew|def|1\n|-boost|p2a: Mew|spd|1\n|\n|-weather|Snow|[upkeep]\n|-heal|p1a: Clodsire|99\/100|[from] item: Leftovers\n|upkeep\n|turn|45\n|\n|t:|1700298631\n|move|p2a: Mew|Cosmic Power|p2a: Mew\n|-boost|p2a: Mew|def|1\n|-boost|p2a: Mew|spd|1\n|move|p1a: Clodsire|Toxic|p2a: Mew\n|-status|p2a: Mew|tox\n|-activate|p2a: Mew|ability: Synchronize\n|-immune|p1a: Clodsire\n|\n|-weather|none\n|-heal|p1a: Clodsire|100\/100|[from] item: Leftovers\n|-damage|p2a: Mew|82\/100 tox|[from] psn\n|upkeep\n|turn|46\n|\n|t:|1700298639\n|move|p2a: Mew|Cosmic Power|p2a: Mew\n|-boost|p2a: Mew|def|1\n|-boost|p2a: Mew|spd|1\n|move|p1a: Clodsire|Recover||[still]\n|-fail|p1a: Clodsire|heal\n|\n|-damage|p2a: Mew|70\/100 tox|[from] psn\n|upkeep\n|turn|47\n|\n|t:|1700298644\n|move|p2a: Mew|Stored Power|p1a: Clodsire\n|-supereffective|p1a: Clodsire\n|-damage|p1a: Clodsire|48\/100\n|move|p1a: Clodsire|Earthquake|p2a: Mew\n|-damage|p2a: Mew|60\/100 tox\n|\n|-heal|p1a: Clodsire|54\/100|[from] item: Leftovers\n|-damage|p2a: Mew|42\/100 tox|[from] psn\n|upkeep\n|turn|48\n|\n|t:|1700298652\n|move|p2a: Mew|Cosmic Power|p2a: Mew\n|-boost|p2a: Mew|def|1\n|-boost|p2a: Mew|spd|1\n|move|p1a: Clodsire|Recover|p1a: Clodsire\n|-heal|p1a: Clodsire|100\/100\n|\n|-damage|p2a: Mew|17\/100 tox|[from] psn\n|upkeep\n|turn|49\n|\n|t:|1700298655\n|move|p2a: Mew|Stored Power|p1a: Clodsire\n|-supereffective|p1a: Clodsire\n|-damage|p1a: Clodsire|38\/100\n|move|p1a: Clodsire|Recover|p1a: Clodsire\n|-heal|p1a: Clodsire|88\/100\n|\n|-heal|p1a: Clodsire|94\/100|[from] item: Leftovers\n|-damage|p2a: Mew|0 fnt|[from] psn\n|faint|p2a: Mew\n|upkeep\n|-message|espino15234125 forfeited.\n|\n|win|towardsfanhua\n|raw|towardsfanhua's rating: 1302 &rarr; <strong>1320<\/strong><br \/>(+18 for winning)\n|raw|espino15234125's rating: 1268 &rarr; <strong>1245<\/strong><br \/>(-23 for losing)\n|l|\u2606espino15234125\n","uploadtime":1700298667,"views":6,"p1id":"towardsfanhua","p2id":"espino15234125","formatid":"gen9nationaldex","rating":1245,"private":0,"password":""}