{"id":"gen9nationaldex-1998760475","p1":"Kalakengking","p2":"RandoTestAccount","format":"[Gen 9] National Dex","log":"|html|<div class=\"broadcast-blue\"><strong>[Gen 9] National Dex is currently suspecting Sneasler! For information on how to participate check out the <a href=\"https:\/\/www.smogon.com\/forums\/threads\/sv-national-dex-suspect-8-just-dance.3731534\/\">suspect thread<\/a>.<\/strong><\/div>\n|j|\u2606Kalakengking\n|j|\u2606RandoTestAccount\n|t:|1700985153\n|gametype|singles\n|player|p1|Kalakengking|iono|1292\n|player|p2|RandoTestAccount|pokemonrangerf|1228\n|teamsize|p1|6\n|teamsize|p2|6\n|gen|9\n|tier|[Gen 9] National Dex\n|rated|\n|rule|HP Percentage Mod: HP is shown in percentages\n|rule|Endless Battle Clause: Forcing endless battles is banned\n|rule|OHKO Clause: OHKO moves are banned\n|rule|Evasion Clause: Evasion abilities, items, and moves are banned\n|rule|Evasion Abilities Clause: Evasion abilities are banned\n|rule|Evasion Items Clause: Evasion items are banned\n|rule|Evasion Moves Clause: Evasion moves are banned\n|rule|Species Clause: Limit one of each Pok\u00e9mon\n|rule|Sleep Clause Mod: Limit one foe put to sleep\n|clearpoke\n|poke|p1|Gliscor, M|\n|poke|p1|Sneasler, M|\n|poke|p1|Zapdos|\n|poke|p1|Tyranitar, F|\n|poke|p1|Maushold|\n|poke|p1|Garganacl, F|\n|poke|p2|Umbreon, F|\n|poke|p2|Excadrill, F|\n|poke|p2|Corviknight, F|\n|poke|p2|Sableye, F|\n|poke|p2|Tapu Fini|\n|poke|p2|Dragalge, F|\n|teampreview\n|inactive|Battle timer is ON: inactive players will automatically lose when time's up. (requested by Kalakengking)\n|\n|t:|1700985169\n|start\n|switch|p1a: Garganacl|Garganacl, F|100\/100\n|switch|p2a: Spectre of Emerald|Sableye, F, shiny|100\/100\n|turn|1\n|\n|t:|1700985185\n|detailschange|p2a: Spectre of Emerald|Sableye-Mega, F, shiny\n|-mega|p2a: Spectre of Emerald|Sableye|Sablenite\n|move|p1a: Garganacl|Salt Cure|p2a: Spectre of Emerald\n|-damage|p2a: Spectre of Emerald|91\/100\n|-start|p2a: Spectre of Emerald|Salt Cure\n|move|p2a: Spectre of Emerald|Calm Mind|p2a: Spectre of Emerald\n|-boost|p2a: Spectre of Emerald|spa|1\n|-boost|p2a: Spectre of Emerald|spd|1\n|\n|-damage|p2a: Spectre of Emerald|79\/100|[from] Salt Cure\n|upkeep\n|turn|2\n|\n|t:|1700985194\n|switch|p2a: The Droplet Tear|Tapu Fini, shiny|100\/100\n|-fieldstart|move: Misty Terrain|[from] ability: Misty Surge|[of] p2a: The Droplet Tear\n|move|p1a: Garganacl|Earthquake|p2a: The Droplet Tear\n|-damage|p2a: The Droplet Tear|82\/100\n|\n|-heal|p2a: The Droplet Tear|88\/100|[from] item: Leftovers\n|upkeep\n|turn|3\n|\n|t:|1700985215\n|move|p1a: Garganacl|Protect|p1a: Garganacl\n|-singleturn|p1a: Garganacl|Protect\n|move|p2a: The Droplet Tear|Substitute|p2a: The Droplet Tear\n|-start|p2a: The Droplet Tear|Substitute\n|-damage|p2a: The Droplet Tear|63\/100\n|\n|-heal|p2a: The Droplet Tear|69\/100|[from] item: Leftovers\n|upkeep\n|turn|4\n|\n|t:|1700985221\n|move|p2a: The Droplet Tear|Calm Mind|p2a: The Droplet Tear\n|-boost|p2a: The Droplet Tear|spa|1\n|-boost|p2a: The Droplet Tear|spd|1\n|move|p1a: Garganacl|Earthquake|p2a: The Droplet Tear\n|-activate|p2a: The Droplet Tear|move: Substitute|[damage]\n|\n|-heal|p2a: The Droplet Tear|75\/100|[from] item: Leftovers\n|upkeep\n|turn|5\n|\n|t:|1700985227\n|switch|p1a: Tyranitar|Tyranitar, F|100\/100\n|-weather|Sandstorm|[from] ability: Sand Stream|[of] p1a: Tyranitar\n|move|p2a: The Droplet Tear|Calm Mind|p2a: The Droplet Tear\n|-boost|p2a: The Droplet Tear|spa|1\n|-boost|p2a: The Droplet Tear|spd|1\n|\n|-weather|Sandstorm|[upkeep]\n|-damage|p2a: The Droplet Tear|69\/100|[from] Sandstorm\n|-heal|p2a: The Droplet Tear|75\/100|[from] item: Leftovers\n|upkeep\n|turn|6\n|\n|t:|1700985230\n|move|p2a: The Droplet Tear|Calm Mind|p2a: The Droplet Tear\n|-boost|p2a: The Droplet Tear|spa|1\n|-boost|p2a: The Droplet Tear|spd|1\n|move|p1a: Tyranitar|Heavy Slam|p2a: The Droplet Tear\n|-end|p2a: The Droplet Tear|Substitute\n|\n|-weather|Sandstorm|[upkeep]\n|-damage|p2a: The Droplet Tear|69\/100|[from] Sandstorm\n|-heal|p2a: The Droplet Tear|75\/100|[from] item: Leftovers\n|-fieldend|Misty Terrain\n|upkeep\n|turn|7\n|\n|t:|1700985233\n|move|p2a: The Droplet Tear|Substitute|p2a: The Droplet Tear\n|-start|p2a: The Droplet Tear|Substitute\n|-damage|p2a: The Droplet Tear|50\/100\n|move|p1a: Tyranitar|Heavy Slam|p2a: The Droplet Tear\n|-end|p2a: The Droplet Tear|Substitute\n|\n|-weather|Sandstorm|[upkeep]\n|-damage|p2a: The Droplet Tear|44\/100|[from] Sandstorm\n|-heal|p2a: The Droplet Tear|50\/100|[from] item: Leftovers\n|upkeep\n|turn|8\n|\n|t:|1700985235\n|move|p2a: The Droplet Tear|Moonblast|p1a: Tyranitar\n|-supereffective|p1a: Tyranitar\n|-damage|p1a: Tyranitar|45\/100\n|move|p1a: Tyranitar|Heavy Slam|p2a: The Droplet Tear\n|-crit|p2a: The Droplet Tear\n|-damage|p2a: The Droplet Tear|1\/100\n|\n|-weather|Sandstorm|[upkeep]\n|-damage|p2a: The Droplet Tear|0 fnt|[from] Sandstorm\n|faint|p2a: The Droplet Tear\n|upkeep\n|\n|t:|1700985247\n|switch|p2a: Spectre of Emerald|Sableye-Mega, F, shiny|79\/100\n|turn|9\n|\n|t:|1700985249\n|move|p1a: Tyranitar|Knock Off|p2a: Spectre of Emerald\n|-damage|p2a: Spectre of Emerald|53\/100\n|move|p2a: Spectre of Emerald|Will-O-Wisp|p1a: Tyranitar\n|-status|p1a: Tyranitar|brn\n|\n|-weather|none\n|-damage|p1a: Tyranitar|39\/100 brn|[from] brn\n|upkeep\n|turn|10\n|\n|t:|1700985263\n|switch|p1a: Garganacl|Garganacl, F|100\/100\n|move|p2a: Spectre of Emerald|Recover|p2a: Spectre of Emerald\n|-heal|p2a: Spectre of Emerald|100\/100\n|\n|upkeep\n|turn|11\n|\n|t:|1700985275\n|move|p1a: Garganacl|Salt Cure|p2a: Spectre of Emerald\n|-damage|p2a: Spectre of Emerald|91\/100\n|-start|p2a: Spectre of Emerald|Salt Cure\n|move|p2a: Spectre of Emerald|Calm Mind|p2a: Spectre of Emerald\n|-boost|p2a: Spectre of Emerald|spa|1\n|-boost|p2a: Spectre of Emerald|spd|1\n|\n|-damage|p2a: Spectre of Emerald|79\/100|[from] Salt Cure\n|upkeep\n|turn|12\n|\n|t:|1700985278\n|switch|p2a: The Lonesome One|Excadrill, F, shiny|100\/100\n|-ability|p2a: The Lonesome One|Mold Breaker\n|move|p1a: Garganacl|Earthquake|p2a: The Lonesome One\n|-supereffective|p2a: The Lonesome One\n|-damage|p2a: The Lonesome One|40\/100\n|\n|-heal|p2a: The Lonesome One|47\/100|[from] item: Leftovers\n|upkeep\n|turn|13\n|\n|t:|1700985286\n|move|p2a: The Lonesome One|Swords Dance|p2a: The Lonesome One\n|-boost|p2a: The Lonesome One|atk|2\n|move|p1a: Garganacl|Earthquake|p2a: The Lonesome One\n|-supereffective|p2a: The Lonesome One\n|-damage|p2a: The Lonesome One|0 fnt\n|faint|p2a: The Lonesome One\n|\n|upkeep\n|\n|t:|1700985294\n|switch|p2a: Agony Steelheart|Dragalge, F, shiny|100\/100\n|turn|14\n|\n|t:|1700985297\n|move|p1a: Garganacl|Salt Cure|p2a: Agony Steelheart\n|-damage|p2a: Agony Steelheart|85\/100\n|-start|p2a: Agony Steelheart|Salt Cure\n|move|p2a: Agony Steelheart|Acid Spray|p1a: Garganacl\n|-resisted|p1a: Garganacl\n|-damage|p1a: Garganacl|92\/100\n|-unboost|p1a: Garganacl|spd|2\n|\n|-heal|p2a: Agony Steelheart|91\/100|[from] item: Black Sludge\n|-damage|p2a: Agony Steelheart|79\/100|[from] Salt Cure\n|upkeep\n|turn|15\n|\n|t:|1700985307\n|move|p1a: Garganacl|Earthquake|p2a: Agony Steelheart\n|-supereffective|p2a: Agony Steelheart\n|-damage|p2a: Agony Steelheart|31\/100\n|move|p2a: Agony Steelheart|Dragon Pulse|p1a: Garganacl\n|-damage|p1a: Garganacl|28\/100\n|\n|-heal|p2a: Agony Steelheart|37\/100|[from] item: Black Sludge\n|-damage|p2a: Agony Steelheart|24\/100|[from] Salt Cure\n|upkeep\n|turn|16\n|\n|t:|1700985315\n|switch|p2a: Spectre of Emerald|Sableye-Mega, F, shiny|79\/100\n|move|p1a: Garganacl|Protect||[still]\n|-fail|p1a: Garganacl\n|\n|upkeep\n|turn|17\n|\n|t:|1700985321\n|move|p1a: Garganacl|Recover|p1a: Garganacl\n|-heal|p1a: Garganacl|78\/100\n|move|p2a: Spectre of Emerald|Dark Pulse|p1a: Garganacl\n|-damage|p1a: Garganacl|36\/100\n|\n|upkeep\n|turn|18\n|\n|t:|1700985324\n|move|p1a: Garganacl|Recover|p1a: Garganacl\n|-heal|p1a: Garganacl|86\/100\n|move|p2a: Spectre of Emerald|Calm Mind|p2a: Spectre of Emerald\n|-boost|p2a: Spectre of Emerald|spa|1\n|-boost|p2a: Spectre of Emerald|spd|1\n|\n|upkeep\n|turn|19\n|\n|t:|1700985327\n|move|p1a: Garganacl|Salt Cure|p2a: Spectre of Emerald\n|-damage|p2a: Spectre of Emerald|69\/100\n|-start|p2a: Spectre of Emerald|Salt Cure\n|move|p2a: Spectre of Emerald|Dark Pulse|p1a: Garganacl\n|-damage|p1a: Garganacl|15\/100\n|\n|-damage|p2a: Spectre of Emerald|56\/100|[from] Salt Cure\n|upkeep\n|turn|20\n|\n|t:|1700985330\n|move|p1a: Garganacl|Protect|p1a: Garganacl\n|-singleturn|p1a: Garganacl|Protect\n|move|p2a: Spectre of Emerald|Will-O-Wisp|p1a: Garganacl\n|-activate|p1a: Garganacl|move: Protect\n|\n|-damage|p2a: Spectre of Emerald|44\/100|[from] Salt Cure\n|upkeep\n|turn|21\n|\n|t:|1700985338\n|switch|p1a: Tyranitar|Tyranitar, F|39\/100 brn\n|-weather|Sandstorm|[from] ability: Sand Stream|[of] p1a: Tyranitar\n|move|p2a: Spectre of Emerald|Dark Pulse|p1a: Tyranitar\n|-resisted|p1a: Tyranitar\n|-damage|p1a: Tyranitar|32\/100 brn\n|\n|-weather|Sandstorm|[upkeep]\n|-damage|p2a: Spectre of Emerald|38\/100|[from] Sandstorm\n|-damage|p1a: Tyranitar|26\/100 brn|[from] brn\n|-damage|p2a: Spectre of Emerald|25\/100|[from] Salt Cure\n|upkeep\n|turn|22\n|\n|t:|1700985345\n|move|p1a: Tyranitar|Heavy Slam|p2a: Spectre of Emerald\n|-damage|p2a: Spectre of Emerald|20\/100\n|move|p2a: Spectre of Emerald|Recover|p2a: Spectre of Emerald\n|-heal|p2a: Spectre of Emerald|70\/100\n|\n|-weather|Sandstorm|[upkeep]\n|-damage|p2a: Spectre of Emerald|64\/100|[from] Sandstorm\n|-damage|p1a: Tyranitar|20\/100 brn|[from] brn\n|-damage|p2a: Spectre of Emerald|51\/100|[from] Salt Cure\n|upkeep\n|turn|23\n|\n|t:|1700985350\n|switch|p2a: Ephialtes Keeper|Corviknight, F, shiny|100\/100\n|-ability|p2a: Ephialtes Keeper|Pressure\n|move|p1a: Tyranitar|Knock Off|p2a: Ephialtes Keeper\n|-damage|p2a: Ephialtes Keeper|80\/100\n|-damage|p1a: Tyranitar|3\/100 brn|[from] item: Rocky Helmet|[of] p2a: Ephialtes Keeper\n|-enditem|p2a: Ephialtes Keeper|Rocky Helmet|[from] move: Knock Off|[of] p1a: Tyranitar\n|\n|-weather|Sandstorm|[upkeep]\n|-damage|p1a: Tyranitar|0 fnt|[from] brn\n|faint|p1a: Tyranitar\n|upkeep\n|\n|t:|1700985368\n|switch|p1a: Zapdos|Zapdos|100\/100\n|turn|24\n|\n|t:|1700985374\n|move|p1a: Zapdos|Thunderbolt|p2a: Ephialtes Keeper\n|-supereffective|p2a: Ephialtes Keeper\n|-damage|p2a: Ephialtes Keeper|1\/100\n|move|p2a: Ephialtes Keeper|U-turn|p1a: Zapdos\n|-resisted|p1a: Zapdos\n|-damage|p1a: Zapdos|92\/100\n|\n|t:|1700985381\n|switch|p2a: Nika Reanukko|Umbreon, F, shiny|100\/100|[from] U-turn\n|\n|-weather|Sandstorm|[upkeep]\n|-damage|p1a: Zapdos|86\/100|[from] Sandstorm\n|-damage|p2a: Nika Reanukko|94\/100|[from] Sandstorm\n|-heal|p1a: Zapdos|92\/100|[from] item: Leftovers\n|-heal|p2a: Nika Reanukko|100\/100|[from] item: Leftovers\n|upkeep\n|turn|25\n|\n|t:|1700985386\n|move|p1a: Zapdos|Thunderbolt|p2a: Nika Reanukko\n|-damage|p2a: Nika Reanukko|78\/100\n|move|p2a: Nika Reanukko|Wish|p2a: Nika Reanukko\n|\n|-weather|none\n|-heal|p1a: Zapdos|98\/100|[from] item: Leftovers\n|-heal|p2a: Nika Reanukko|85\/100|[from] item: Leftovers\n|upkeep\n|turn|26\n|\n|t:|1700985397\n|switch|p2a: Agony Steelheart|Dragalge, F, shiny|24\/100\n|move|p1a: Zapdos|Thunderbolt|p2a: Agony Steelheart\n|-resisted|p2a: Agony Steelheart\n|-damage|p2a: Agony Steelheart|9\/100\n|\n|-heal|p2a: Agony Steelheart|68\/100|[from] move: Wish|[wisher] Nika Reanukko\n|-heal|p1a: Zapdos|100\/100|[from] item: Leftovers\n|-heal|p2a: Agony Steelheart|74\/100|[from] item: Black Sludge\n|upkeep\n|turn|27\n|\n|t:|1700985405\n|move|p1a: Zapdos|Thunderbolt|p2a: Agony Steelheart\n|-resisted|p2a: Agony Steelheart\n|-damage|p2a: Agony Steelheart|59\/100\n|move|p2a: Agony Steelheart|Toxic|p1a: Zapdos\n|-status|p1a: Zapdos|tox\n|\n|-heal|p2a: Agony Steelheart|65\/100|[from] item: Black Sludge\n|-damage|p1a: Zapdos|94\/100 tox|[from] psn\n|upkeep\n|turn|28\n|\n|t:|1700985413\n|switch|p1a: Gliscor|Gliscor, M|100\/100\n|move|p2a: Agony Steelheart|Acid Spray|p1a: Gliscor\n|-resisted|p1a: Gliscor\n|-damage|p1a: Gliscor|87\/100\n|-unboost|p1a: Gliscor|spd|2\n|\n|-heal|p2a: Agony Steelheart|71\/100|[from] item: Black Sludge\n|-status|p1a: Gliscor|tox|[from] item: Toxic Orb\n|upkeep\n|turn|29\n|\n|t:|1700985415\n|move|p1a: Gliscor|Swords Dance|p1a: Gliscor\n|-boost|p1a: Gliscor|atk|2\n|move|p2a: Agony Steelheart|Dragon Pulse|p1a: Gliscor\n|-damage|p1a: Gliscor|0 fnt\n|faint|p1a: Gliscor\n|\n|-heal|p2a: Agony Steelheart|77\/100|[from] item: Black Sludge\n|upkeep\n|\n|t:|1700985429\n|switch|p1a: Maushold|Maushold|100\/100\n|turn|30\n|\n|t:|1700985439\n|move|p1a: Maushold|Bite|p2a: Agony Steelheart\n|-damage|p2a: Agony Steelheart|53\/100\n|move|p2a: Agony Steelheart|Dragon Pulse|p1a: Maushold\n|-damage|p1a: Maushold|40\/100\n|\n|-heal|p2a: Agony Steelheart|59\/100|[from] item: Black Sludge\n|upkeep\n|turn|31\n|\n|t:|1700985444\n|switch|p2a: Ephialtes Keeper|Corviknight, F, shiny|1\/100\n|-ability|p2a: Ephialtes Keeper|Pressure\n|move|p1a: Maushold|Population Bomb|p2a: Ephialtes Keeper\n|-resisted|p2a: Ephialtes Keeper\n|-damage|p2a: Ephialtes Keeper|0 fnt\n|faint|p2a: Ephialtes Keeper\n|-hitcount|p2: Ephialtes Keeper|1\n|\n|upkeep\n|\n|t:|1700985451\n|switch|p2a: Spectre of Emerald|Sableye-Mega, F, shiny|51\/100\n|turn|32\n|\n|t:|1700985460\n|move|p1a: Maushold|Bite|p2a: Spectre of Emerald\n|-damage|p2a: Spectre of Emerald|35\/100\n|move|p2a: Spectre of Emerald|Recover|p2a: Spectre of Emerald\n|-heal|p2a: Spectre of Emerald|85\/100\n|\n|upkeep\n|turn|33\n|\n|t:|1700985465\n|move|p1a: Maushold|Tidy Up|p1a: Maushold\n|-boost|p1a: Maushold|atk|1\n|-boost|p1a: Maushold|spe|1\n|move|p2a: Spectre of Emerald|Will-O-Wisp|p1a: Maushold\n|-status|p1a: Maushold|brn\n|\n|-damage|p1a: Maushold|33\/100 brn|[from] brn\n|upkeep\n|turn|34\n|\n|t:|1700985474\n|move|p1a: Maushold|Encore|p2a: Spectre of Emerald\n|move|p2a: Spectre of Emerald|Encore||[from]ability: Magic Bounce|[still]\n|-fail|p2a: Spectre of Emerald\n|move|p2a: Spectre of Emerald|Dark Pulse|p1a: Maushold\n|-damage|p1a: Maushold|0 fnt\n|faint|p1a: Maushold\n|\n|upkeep\n|\n|t:|1700985481\n|switch|p1a: Zapdos|Zapdos|94\/100 tox\n|turn|35\n|\n|t:|1700985483\n|move|p1a: Zapdos|Thunderbolt|p2a: Spectre of Emerald\n|-damage|p2a: Spectre of Emerald|42\/100\n|move|p2a: Spectre of Emerald|Calm Mind|p2a: Spectre of Emerald\n|-boost|p2a: Spectre of Emerald|spa|1\n|-boost|p2a: Spectre of Emerald|spd|1\n|\n|-heal|p1a: Zapdos|100\/100 tox|[from] item: Leftovers\n|-damage|p1a: Zapdos|94\/100 tox|[from] psn\n|upkeep\n|turn|36\n|\n|t:|1700985486\n|move|p1a: Zapdos|Thunderbolt|p2a: Spectre of Emerald\n|-damage|p2a: Spectre of Emerald|14\/100\n|move|p2a: Spectre of Emerald|Recover|p2a: Spectre of Emerald\n|-heal|p2a: Spectre of Emerald|64\/100\n|\n|-heal|p1a: Zapdos|100\/100 tox|[from] item: Leftovers\n|-damage|p1a: Zapdos|88\/100 tox|[from] psn\n|upkeep\n|turn|37\n|\n|t:|1700985491\n|move|p1a: Zapdos|Thunderbolt|p2a: Spectre of Emerald\n|-damage|p2a: Spectre of Emerald|35\/100\n|move|p2a: Spectre of Emerald|Recover|p2a: Spectre of Emerald\n|-heal|p2a: Spectre of Emerald|85\/100\n|\n|-heal|p1a: Zapdos|94\/100 tox|[from] item: Leftovers\n|-damage|p1a: Zapdos|76\/100 tox|[from] psn\n|upkeep\n|turn|38\n|l|\u2606Kalakengking\n|inactive|Kalakengking disconnected and has a minute to reconnect!\n|player|p1|\n|inactive|Kalakengking has 30 seconds to reconnect!\n|inactive|Kalakengking has 20 seconds to reconnect!\n|inactive|Kalakengking has 15 seconds to reconnect!\n|inactive|Kalakengking has 10 seconds to reconnect!\n|inactive|Kalakengking has 5 seconds to reconnect!\n|-message|Kalakengking lost due to inactivity.\n|\n|win|RandoTestAccount\n|raw|Kalakengking's rating: 1292 &rarr; <strong>1260<\/strong><br \/>(-32 for losing)\n|raw|RandoTestAccount's rating: 1198 &rarr; <strong>1230<\/strong><br \/>(+32 for winning)\n","uploadtime":1700985559,"views":6,"p1id":"kalakengking","p2id":"randotestaccount","formatid":"gen9nationaldex","rating":1230,"private":0,"password":""}