{"id":"gen9nationaldex-1991649772","p1":"Blambergoose","p2":"runeatest","format":"[Gen 9] National Dex","log":"|j|\u2606Blambergoose\n|j|\u2606runeatest\n|t:|1700098394\n|gametype|singles\n|player|p1|Blambergoose|maid|1100\n|player|p2|runeatest|fisherman-gen4|1134\n|teamsize|p1|6\n|teamsize|p2|6\n|gen|9\n|tier|[Gen 9] National Dex\n|rated|\n|rule|HP Percentage Mod: HP is shown in percentages\n|rule|Endless Battle Clause: Forcing endless battles is banned\n|rule|OHKO Clause: OHKO moves are banned\n|rule|Evasion Clause: Evasion abilities, items, and moves are banned\n|rule|Evasion Abilities Clause: Evasion abilities are banned\n|rule|Evasion Items Clause: Evasion items are banned\n|rule|Evasion Moves Clause: Evasion moves are banned\n|rule|Species Clause: Limit one of each Pok\u00e9mon\n|rule|Sleep Clause Mod: Limit one foe put to sleep\n|clearpoke\n|poke|p1|Tangrowth, M|\n|poke|p1|Zebstrika, M|\n|poke|p1|Kabutops, M|\n|poke|p1|Pelipper, M|\n|poke|p1|Honchkrow, F|\n|poke|p1|Scizor, F|\n|poke|p2|Glaceon, M|\n|poke|p2|Flygon, M|\n|poke|p2|Emolga, M|\n|poke|p2|Marowak-Alola, M|\n|poke|p2|Sirfetch\u2019d, M|\n|poke|p2|Lapras, M|\n|teampreview\n|inactive|Battle timer is ON: inactive players will automatically lose when time's up. (requested by Blambergoose)\n|inactive|runeatest has 120 seconds left.\n|\n|t:|1700098433\n|start\n|switch|p1a: Honchkrow|Honchkrow, F|100\/100\n|switch|p2a: Marowak|Marowak-Alola, M|100\/100\n|turn|1\n|inactive|runeatest has 120 seconds left.\n|\n|t:|1700098470\n|-activate|p2a: Marowak|move: Pursuit\n|move|p1a: Honchkrow|Pursuit|p2a: Marowak|[from]Pursuit\n|-supereffective|p2a: Marowak\n|-damage|p2a: Marowak|0 fnt\n|faint|p2a: Marowak\n|-ability|p1a: Honchkrow|Moxie|boost\n|-boost|p1a: Honchkrow|atk|1\n|-damage|p1a: Honchkrow|91\/100|[from] item: Life Orb\n|-hint|A Pokemon can't switch between when it runs out of HP and when it faints\n|\n|upkeep\n|\n|t:|1700098480\n|switch|p2a: Emolga|Emolga, M|100\/100\n|turn|2\n|\n|t:|1700098486\n|-terastallize|p1a: Honchkrow|Dark\n|move|p1a: Honchkrow|Sucker Punch|p2a: Emolga\n|-enditem|p2a: Emolga|Focus Sash\n|-damage|p2a: Emolga|1\/100\n|-damage|p1a: Honchkrow|81\/100|[from] item: Life Orb\n|move|p2a: Emolga|Nuzzle|p1a: Honchkrow\n|-damage|p1a: Honchkrow|73\/100\n|-status|p1a: Honchkrow|par\n|\n|upkeep\n|turn|3\n|inactive|runeatest has 120 seconds left.\n|inactive|runeatest has 90 seconds left.\n|\n|t:|1700098550\n|move|p1a: Honchkrow|Quick Attack|p2a: Emolga\n|-damage|p2a: Emolga|0 fnt\n|faint|p2a: Emolga\n|-ability|p1a: Honchkrow|Moxie|boost\n|-boost|p1a: Honchkrow|atk|1\n|-damage|p1a: Honchkrow|63\/100 par|[from] item: Life Orb\n|\n|upkeep\n|\n|t:|1700098557\n|switch|p2a: Sirfetch\u2019d|Sirfetch\u2019d, M|100\/100\n|turn|4\n|\n|t:|1700098566\n|move|p1a: Honchkrow|Sucker Punch|p2a: Sirfetch\u2019d\n|-resisted|p2a: Sirfetch\u2019d\n|-damage|p2a: Sirfetch\u2019d|14\/100\n|-damage|p1a: Honchkrow|53\/100 par|[from] item: Life Orb\n|move|p2a: Sirfetch\u2019d|Close Combat|p1a: Honchkrow\n|-supereffective|p1a: Honchkrow\n|-damage|p1a: Honchkrow|0 fnt\n|-unboost|p2a: Sirfetch\u2019d|def|1\n|-unboost|p2a: Sirfetch\u2019d|spd|1\n|faint|p1a: Honchkrow\n|\n|upkeep\n|\n|t:|1700098569\n|switch|p1a: Tangrowth|Tangrowth, M|100\/100\n|turn|5\n|inactive|runeatest has 90 seconds left.\n|\n|t:|1700098577\n|move|p2a: Sirfetch\u2019d|Dual Wingbeat|p1a: Tangrowth\n|-supereffective|p1a: Tangrowth\n|-crit|p1a: Tangrowth\n|-damage|p1a: Tangrowth|77\/100\n|-supereffective|p1a: Tangrowth\n|-damage|p1a: Tangrowth|63\/100\n|-hitcount|p1a: Tangrowth|2\n|move|p1a: Tangrowth|Leech Seed|p2a: Sirfetch\u2019d\n|-start|p2a: Sirfetch\u2019d|move: Leech Seed\n|\n|-heal|p1a: Tangrowth|70\/100|[from] item: Leftovers\n|-damage|p2a: Sirfetch\u2019d|2\/100|[from] Leech Seed|[of] p1a: Tangrowth\n|-heal|p1a: Tangrowth|79\/100|[silent]\n|upkeep\n|turn|6\n|inactive|runeatest has 90 seconds left.\n|\n|t:|1700098587\n|switch|p2a: Glaceon|Glaceon, M|100\/100\n|move|p1a: Tangrowth|Protect||[still]\n|-fail|p1a: Tangrowth\n|\n|-heal|p1a: Tangrowth|85\/100|[from] item: Leftovers\n|upkeep\n|turn|7\n|\n|t:|1700098594\n|switch|p1a: Scizor|Scizor, F|100\/100\n|move|p2a: Glaceon|Ice Beam|p1a: Scizor\n|-resisted|p1a: Scizor\n|-damage|p1a: Scizor|67\/100\n|-status|p1a: Scizor|frz\n|\n|upkeep\n|turn|8\n|\n|t:|1700098609\n|switch|p1a: Kabutops|Kabutops, M|100\/100\n|move|p2a: Glaceon|Ice Beam|p1a: Kabutops\n|-resisted|p1a: Kabutops\n|-damage|p1a: Kabutops|58\/100\n|\n|upkeep\n|turn|9\n|\n|t:|1700098616\n|switch|p2a: Lapras|Lapras, M|100\/100\n|move|p1a: Kabutops|Rock Slide|p2a: Lapras\n|-supereffective|p2a: Lapras\n|-damage|p2a: Lapras|23\/100\n|-damage|p1a: Kabutops|48\/100|[from] item: Life Orb\n|\n|-heal|p2a: Lapras|29\/100|[from] item: Leftovers\n|upkeep\n|turn|10\n|\n|t:|1700098629\n|move|p1a: Kabutops|Rock Slide|p2a: Lapras\n|-supereffective|p2a: Lapras\n|-damage|p2a: Lapras|0 fnt\n|faint|p2a: Lapras\n|-damage|p1a: Kabutops|38\/100|[from] item: Life Orb\n|\n|upkeep\n|\n|t:|1700098635\n|switch|p2a: Flygon|Flygon, M|100\/100\n|turn|11\n|\n|t:|1700098642\n|switch|p1a: Pelipper|Pelipper, M, shiny|100\/100\n|-weather|RainDance|[from] ability: Drizzle|[of] p1a: Pelipper\n|move|p2a: Flygon|Dragon Dance|p2a: Flygon\n|-boost|p2a: Flygon|atk|1\n|-boost|p2a: Flygon|spe|1\n|\n|-weather|RainDance|[upkeep]\n|upkeep\n|turn|12\n|\n|t:|1700098650\n|move|p2a: Flygon|Stone Edge|p1a: Pelipper\n|-supereffective|p1a: Pelipper\n|-damage|p1a: Pelipper|0 fnt\n|faint|p1a: Pelipper\n|\n|-weather|RainDance|[upkeep]\n|upkeep\n|\n|t:|1700098653\n|switch|p1a: Kabutops|Kabutops, M|38\/100\n|turn|13\n|\n|t:|1700098657\n|move|p1a: Kabutops|Liquidation|p2a: Flygon\n|-enditem|p2a: Flygon|Focus Sash\n|-damage|p2a: Flygon|1\/100\n|-damage|p1a: Kabutops|28\/100|[from] item: Life Orb\n|move|p2a: Flygon|Earthquake|p1a: Kabutops\n|-supereffective|p1a: Kabutops\n|-damage|p1a: Kabutops|0 fnt\n|faint|p1a: Kabutops\n|\n|-weather|RainDance|[upkeep]\n|upkeep\n|\n|t:|1700098663\n|switch|p1a: Tangrowth|Tangrowth, M|100\/100\n|turn|14\n|\n|t:|1700098671\n|move|p2a: Flygon|Dragon Claw|p1a: Tangrowth\n|-damage|p1a: Tangrowth|74\/100\n|move|p1a: Tangrowth|Sludge Bomb|p2a: Flygon\n|-resisted|p2a: Flygon\n|-damage|p2a: Flygon|0 fnt\n|faint|p2a: Flygon\n|\n|-weather|RainDance|[upkeep]\n|-heal|p1a: Tangrowth|80\/100|[from] item: Leftovers\n|upkeep\n|\n|t:|1700098681\n|switch|p2a: Glaceon|Glaceon, M|100\/100\n|turn|15\n|\n|t:|1700098694\n|switch|p1a: Scizor|Scizor, F|67\/100 frz\n|move|p2a: Glaceon|Ice Beam|p1a: Scizor\n|-resisted|p1a: Scizor\n|-damage|p1a: Scizor|36\/100 frz\n|\n|-weather|RainDance|[upkeep]\n|upkeep\n|turn|16\n|\n|t:|1700098708\n|detailschange|p1a: Scizor|Scizor-Mega, F\n|-mega|p1a: Scizor|Scizor|Scizorite\n|cant|p1a: Scizor|frz\n|move|p2a: Glaceon|Ice Beam|p1a: Scizor\n|-resisted|p1a: Scizor\n|-damage|p1a: Scizor|9\/100 frz\n|\n|-weather|RainDance|[upkeep]\n|upkeep\n|turn|17\n|\n|t:|1700098719\n|cant|p1a: Scizor|frz\n|move|p2a: Glaceon|Ice Beam|p1a: Scizor\n|-resisted|p1a: Scizor\n|-damage|p1a: Scizor|0 fnt\n|faint|p1a: Scizor\n|\n|-weather|RainDance|[upkeep]\n|upkeep\n|\n|t:|1700098721\n|switch|p1a: Zebstrika|Zebstrika, M, shiny|100\/100\n|turn|18\n|\n|t:|1700098728\n|move|p1a: Zebstrika|Thunder|p2a: Glaceon\n|-damage|p2a: Glaceon|60\/100\n|-damage|p1a: Zebstrika|91\/100|[from] item: Life Orb\n|move|p2a: Glaceon|Ice Beam|p1a: Zebstrika\n|-damage|p1a: Zebstrika|2\/100\n|\n|-weather|none\n|upkeep\n|turn|19\n|\n|t:|1700098736\n|move|p2a: Glaceon|Ice Shard|p1a: Zebstrika\n|-damage|p1a: Zebstrika|0 fnt\n|faint|p1a: Zebstrika\n|\n|upkeep\n|-message|Blambergoose forfeited.\n|\n|win|runeatest\n|raw|Blambergoose's rating: 1100 &rarr; <strong>1077<\/strong><br \/>(-23 for losing)\n|raw|runeatest's rating: 1134 &rarr; <strong>1157<\/strong><br \/>(+23 for winning)\n|l|\u2606Blambergoose\n","uploadtime":1700098747,"views":4,"p1id":"blambergoose","p2id":"runeatest","formatid":"gen9nationaldex","rating":1077,"private":0,"password":""}