{"id":"gen9nationaldex-1987905631","p1":"HolyChomper","p2":"fishinater","format":"[Gen 9] National Dex","log":"|j|\u2606HolyChomper\n|j|\u2606fishinater\n|t:|1699647816\n|gametype|singles\n|player|p1|HolyChomper|crasherwake|1111\n|player|p2|fishinater|1|1054\n|teamsize|p1|6\n|teamsize|p2|6\n|gen|9\n|tier|[Gen 9] National Dex\n|rated|\n|rule|HP Percentage Mod: HP is shown in percentages\n|rule|Endless Battle Clause: Forcing endless battles is banned\n|rule|OHKO Clause: OHKO moves are banned\n|rule|Evasion Clause: Evasion abilities, items, and moves are banned\n|rule|Evasion Abilities Clause: Evasion abilities are banned\n|rule|Evasion Items Clause: Evasion items are banned\n|rule|Evasion Moves Clause: Evasion moves are banned\n|rule|Species Clause: Limit one of each Pok\u00e9mon\n|rule|Sleep Clause Mod: Limit one foe put to sleep\n|clearpoke\n|poke|p1|Pelipper, M|\n|poke|p1|Swampert, M|\n|poke|p1|Overqwil, F|\n|poke|p1|Goodra, F|\n|poke|p1|Kilowattrel, F|\n|poke|p1|Scizor, F|\n|poke|p2|Onix, M|\n|poke|p2|Cloyster, M|\n|poke|p2|Steelix, M|\n|poke|p2|Serperior, M|\n|poke|p2|Charizard, M|\n|poke|p2|Omastar, M|\n|teampreview\n|c|\u2606HolyChomper|glhf\n|c|\u2606fishinater|uwu\n|\n|t:|1699647835\n|start\n|switch|p1a: Goodra|Goodra, F|100\/100\n|switch|p2a: Can You Stack Don-|Onix, M, shiny|100\/100\n|turn|1\n|\n|t:|1699647852\n|move|p1a: Goodra|Hydro Pump|p2a: Can You Stack Don-\n|-supereffective|p2a: Can You Stack Don-\n|-ability|p2a: Can You Stack Don-|Sturdy\n|-damage|p2a: Can You Stack Don-|1\/100\n|move|p2a: Can You Stack Don-|Stealth Rock|p1a: Goodra\n|-sidestart|p1: HolyChomper|move: Stealth Rock\n|\n|upkeep\n|turn|2\n|\n|t:|1699647862\n|move|p1a: Goodra|Hydro Pump|p2a: Can You Stack Don-\n|-supereffective|p2a: Can You Stack Don-\n|-damage|p2a: Can You Stack Don-|0 fnt\n|faint|p2a: Can You Stack Don-\n|\n|upkeep\n|\n|t:|1699647869\n|switch|p2a: Clussy|Cloyster, M, shiny|100\/100\n|turn|3\n|\n|t:|1699647889\n|switch|p1a: Scizor|Scizor, F|100\/100\n|-damage|p1a: Scizor|88\/100|[from] Stealth Rock\n|move|p2a: Clussy|Shell Smash|p2a: Clussy\n|-unboost|p2a: Clussy|def|1\n|-unboost|p2a: Clussy|spd|1\n|-boost|p2a: Clussy|atk|2\n|-boost|p2a: Clussy|spa|2\n|-boost|p2a: Clussy|spe|2\n|\n|-heal|p1a: Scizor|94\/100|[from] item: Leftovers\n|upkeep\n|turn|4\n|\n|t:|1699647905\n|-terastallize|p1a: Scizor|Steel\n|move|p1a: Scizor|Bullet Punch|p2a: Clussy\n|-damage|p2a: Clussy|43\/100\n|move|p2a: Clussy|Rock Blast|p1a: Scizor\n|-resisted|p1a: Scizor\n|-damage|p1a: Scizor|87\/100\n|-resisted|p1a: Scizor\n|-damage|p1a: Scizor|80\/100\n|-resisted|p1a: Scizor\n|-damage|p1a: Scizor|73\/100\n|-resisted|p1a: Scizor\n|-damage|p1a: Scizor|66\/100\n|-resisted|p1a: Scizor\n|-damage|p1a: Scizor|59\/100\n|-hitcount|p1a: Scizor|5\n|\n|-heal|p1a: Scizor|65\/100|[from] item: Leftovers\n|upkeep\n|turn|5\n|\n|t:|1699647919\n|move|p1a: Scizor|Bullet Punch|p2a: Clussy\n|-damage|p2a: Clussy|0 fnt\n|faint|p2a: Clussy\n|\n|-heal|p1a: Scizor|71\/100|[from] item: Leftovers\n|upkeep\n|\n|t:|1699647928\n|switch|p2a: Lucky Star|Omastar, M, shiny|100\/100\n|turn|6\n|\n|t:|1699647941\n|move|p2a: Lucky Star|Shell Smash|p2a: Lucky Star\n|-unboost|p2a: Lucky Star|def|1\n|-unboost|p2a: Lucky Star|spd|1\n|-boost|p2a: Lucky Star|atk|2\n|-boost|p2a: Lucky Star|spa|2\n|-boost|p2a: Lucky Star|spe|2\n|move|p1a: Scizor|Close Combat|p2a: Lucky Star\n|-supereffective|p2a: Lucky Star\n|-enditem|p2a: Lucky Star|Focus Sash\n|-damage|p2a: Lucky Star|1\/100\n|-unboost|p1a: Scizor|def|1\n|-unboost|p1a: Scizor|spd|1\n|\n|-heal|p1a: Scizor|78\/100|[from] item: Leftovers\n|upkeep\n|turn|7\n|\n|t:|1699647953\n|move|p1a: Scizor|Bullet Punch|p2a: Lucky Star\n|-damage|p2a: Lucky Star|0 fnt\n|faint|p2a: Lucky Star\n|\n|-heal|p1a: Scizor|84\/100|[from] item: Leftovers\n|upkeep\n|\n|t:|1699647959\n|switch|p2a: Diamondix|Steelix, M|100\/100\n|turn|8\n|\n|t:|1699647965\n|switch|p1a: Pelipper|Pelipper, M|100\/100\n|-weather|RainDance|[from] ability: Drizzle|[of] p1a: Pelipper\n|detailschange|p2a: Diamondix|Steelix-Mega, M\n|-mega|p2a: Diamondix|Steelix|Steelixite\n|move|p2a: Diamondix|Dragon Dance|p2a: Diamondix\n|-boost|p2a: Diamondix|atk|1\n|-boost|p2a: Diamondix|spe|1\n|\n|-weather|RainDance|[upkeep]\n|upkeep\n|turn|9\n|\n|t:|1699647979\n|move|p2a: Diamondix|Iron Defense|p2a: Diamondix\n|-boost|p2a: Diamondix|def|2\n|move|p1a: Pelipper|U-turn|p2a: Diamondix\n|-resisted|p2a: Diamondix\n|-damage|p2a: Diamondix|99\/100\n|\n|t:|1699647984\n|switch|p1a: Kilowattrel|Kilowattrel, F|100\/100|[from] U-turn\n|-damage|p1a: Kilowattrel|76\/100|[from] Stealth Rock\n|\n|-weather|RainDance|[upkeep]\n|upkeep\n|turn|10\n|\n|t:|1699647997\n|move|p1a: Kilowattrel|Weather Ball|p2a: Diamondix\n|-supereffective|p2a: Diamondix\n|-damage|p2a: Diamondix|0 fnt\n|faint|p2a: Diamondix\n|-damage|p1a: Kilowattrel|66\/100|[from] item: Life Orb\n|\n|-weather|RainDance|[upkeep]\n|upkeep\n|\n|t:|1699648005\n|switch|p2a: Grass Mamba|Serperior, M, shiny|100\/100\n|turn|11\n|\n|t:|1699648010\n|move|p1a: Kilowattrel|Hurricane|p2a: Grass Mamba\n|-supereffective|p2a: Grass Mamba\n|-damage|p2a: Grass Mamba|0 fnt\n|faint|p2a: Grass Mamba\n|-damage|p1a: Kilowattrel|56\/100|[from] item: Life Orb\n|\n|-weather|RainDance|[upkeep]\n|upkeep\n|\n|t:|1699648018\n|switch|p2a: Carnosaur|Charizard, M, shiny|100\/100\n|turn|12\n|\n|t:|1699648024\n|move|p1a: Kilowattrel|Thunder|p2a: Carnosaur\n|-supereffective|p2a: Carnosaur\n|-damage|p2a: Carnosaur|0 fnt\n|faint|p2a: Carnosaur\n|-damage|p1a: Kilowattrel|46\/100|[from] item: Life Orb\n|\n|win|HolyChomper\n|raw|HolyChomper's rating: 1111 &rarr; <strong>1132<\/strong><br \/>(+21 for winning)\n|raw|fishinater's rating: 1054 &rarr; <strong>1039<\/strong><br \/>(-15 for losing)\n|c|\u2606HolyChomper|gg\n|c|\u2606fishinater|gg\n|l|\u2606fishinater\n","uploadtime":1699648044,"views":4,"p1id":"holychomper","p2id":"fishinater","formatid":"gen9nationaldex","rating":1039,"private":0,"password":""}