{"id":"gen9nationaldex-1999471160","p1":"AesirEcho","p2":"Bulka4000","format":"[Gen 9] National Dex","log":"|html|<div class=\"broadcast-blue\"><strong>[Gen 9] National Dex is currently suspecting Sneasler! For information on how to participate check out the <a href=\"https:\/\/www.smogon.com\/forums\/threads\/sv-national-dex-suspect-8-just-dance.3731534\/\">suspect thread<\/a>.<\/strong><\/div>\n|j|\u2606AesirEcho\n|j|\u2606Bulka4000\n|t:|1701085593\n|gametype|singles\n|player|p1|AesirEcho|ethan-masters|\n|player|p2|Bulka4000|265|\n|teamsize|p1|6\n|teamsize|p2|6\n|gen|9\n|tier|[Gen 9] National Dex\n|rule|HP Percentage Mod: HP is shown in percentages\n|rule|Endless Battle Clause: Forcing endless battles is banned\n|rule|OHKO Clause: OHKO moves are banned\n|rule|Evasion Clause: Evasion abilities, items, and moves are banned\n|rule|Evasion Abilities Clause: Evasion abilities are banned\n|rule|Evasion Items Clause: Evasion items are banned\n|rule|Evasion Moves Clause: Evasion moves are banned\n|rule|Species Clause: Limit one of each Pok\u00e9mon\n|rule|Sleep Clause Mod: Limit one foe put to sleep\n|clearpoke\n|poke|p1|Zamazenta-*|\n|poke|p1|Mawile, F|\n|poke|p1|Tapu Lele|\n|poke|p1|Rotom-Wash|\n|poke|p1|Heatran, F|\n|poke|p1|Ting-Lu|\n|poke|p2|Gengar, F|\n|poke|p2|Zamazenta-*|\n|poke|p2|Garchomp, M|\n|poke|p2|Ting-Lu|\n|poke|p2|Skeledirge, F|\n|poke|p2|Rotom-Wash|\n|teampreview\n|j| ttheus\n|\n|t:|1701085608\n|start\n|switch|p1a: Alces|Ting-Lu|100\/100\n|switch|p2a: Zamazenta|Zamazenta|100\/100\n|-ability|p2a: Zamazenta|Dauntless Shield|boost\n|-boost|p2a: Zamazenta|def|1\n|-ability|p1a: Alces|Vessel of Ruin\n|turn|1\n|\n|t:|1701085620\n|switch|p1a: LUna Cantor|Tapu Lele|100\/100\n|-fieldstart|move: Psychic Terrain|[from] ability: Psychic Surge|[of] p1a: LUna Cantor\n|move|p2a: Zamazenta|Ice Fang|p1a: LUna Cantor\n|-crit|p1a: LUna Cantor\n|-damage|p1a: LUna Cantor|52\/100\n|\n|upkeep\n|turn|2\n|\n|t:|1701085643\n|move|p1a: LUna Cantor|Moonblast|p2a: Zamazenta\n|-supereffective|p2a: Zamazenta\n|-damage|p2a: Zamazenta|15\/100\n|-unboost|p2a: Zamazenta|spa|1\n|-enditem|p2a: Zamazenta|Aguav Berry|[eat]\n|-heal|p2a: Zamazenta|48\/100|[from] item: Aguav Berry\n|move|p2a: Zamazenta|Crunch|p1a: LUna Cantor\n|-damage|p1a: LUna Cantor|13\/100\n|\n|upkeep\n|turn|3\n|\n|t:|1701085664\n|switch|p2a: Garchomp|Garchomp, M|100\/100\n|move|p1a: LUna Cantor|Moonblast|p2a: Garchomp\n|-supereffective|p2a: Garchomp\n|-damage|p2a: Garchomp|0 fnt\n|faint|p2a: Garchomp\n|\n|upkeep\n|\n|t:|1701085675\n|switch|p2a: Skeledirge|Skeledirge, F|100\/100\n|turn|4\n|\n|t:|1701085681\n|switch|p1a: Alces|Ting-Lu|100\/100\n|-ability|p1a: Alces|Vessel of Ruin\n|move|p2a: Skeledirge|Will-O-Wisp|p1a: Alces\n|-status|p1a: Alces|brn\n|\n|-damage|p1a: Alces|94\/100 brn|[from] brn\n|upkeep\n|turn|5\n|\n|t:|1701085705\n|switch|p2a: Rotom|Rotom-Wash|100\/100\n|move|p1a: Alces|Stealth Rock|p2a: Rotom\n|-sidestart|p2: Bulka4000|move: Stealth Rock\n|\n|-heal|p1a: Alces|100\/100 brn|[from] item: Leftovers\n|-damage|p1a: Alces|94\/100 brn|[from] brn\n|-fieldend|move: Psychic Terrain\n|upkeep\n|turn|6\n|\n|t:|1701085714\n|move|p2a: Rotom|Hydro Pump|p1a: Alces\n|-supereffective|p1a: Alces\n|-damage|p1a: Alces|62\/100 brn\n|move|p1a: Alces|Whirlwind|p2a: Rotom\n|drag|p2a: Ting-Lu|Ting-Lu|100\/100\n|-damage|p2a: Ting-Lu|94\/100|[from] Stealth Rock\n|-ability|p2a: Ting-Lu|Vessel of Ruin\n|\n|-heal|p2a: Ting-Lu|100\/100|[from] item: Leftovers\n|-heal|p1a: Alces|69\/100 brn|[from] item: Leftovers\n|-damage|p1a: Alces|62\/100 brn|[from] brn\n|upkeep\n|turn|7\n|c| ttheus|absolute cinema\n|\n|t:|1701085728\n|move|p2a: Ting-Lu|Earthquake|p1a: Alces\n|-damage|p1a: Alces|43\/100 brn\n|move|p1a: Alces|Whirlwind|p2a: Ting-Lu\n|drag|p2a: Skeledirge|Skeledirge, F|100\/100\n|\n|-heal|p1a: Alces|49\/100 brn|[from] item: Leftovers\n|-damage|p1a: Alces|43\/100 brn|[from] brn\n|upkeep\n|turn|8\n|c| ttheus|=0\n|\n|t:|1701085742\n|-terastallize|p2a: Skeledirge|Fairy\n|move|p2a: Skeledirge|Torch Song|p1a: Alces\n|-crit|p1a: Alces\n|-damage|p1a: Alces|26\/100 brn\n|-boost|p2a: Skeledirge|spa|1\n|move|p1a: Alces|Whirlwind|p2a: Skeledirge\n|drag|p2a: Ting-Lu|Ting-Lu|100\/100\n|-damage|p2a: Ting-Lu|94\/100|[from] Stealth Rock\n|-ability|p2a: Ting-Lu|Vessel of Ruin\n|\n|-heal|p2a: Ting-Lu|100\/100|[from] item: Leftovers\n|-heal|p1a: Alces|32\/100 brn|[from] item: Leftovers\n|-damage|p1a: Alces|26\/100 brn|[from] brn\n|upkeep\n|turn|9\n|\n|t:|1701085757\n|switch|p1a: Victor Mare|Rotom-Wash|100\/100\n|move|p2a: Ting-Lu|Stealth Rock|p1a: Victor Mare\n|-sidestart|p1: AesirEcho|move: Stealth Rock\n|\n|upkeep\n|turn|10\n|\n|t:|1701085765\n|move|p1a: Victor Mare|Defog|p2a: Ting-Lu\n|-unboost|p2a: Ting-Lu|evasion|1\n|-sideend|p2: Bulka4000|Stealth Rock|[from] move: Defog|[of] p1a: Victor Mare\n|-sideend|p1: AesirEcho|Stealth Rock|[from] move: Defog|[of] p1a: Victor Mare\n|move|p2a: Ting-Lu|Whirlwind|p1a: Victor Mare\n|drag|p1a: LUna Cantor|Tapu Lele|13\/100\n|-fieldstart|move: Psychic Terrain|[from] ability: Psychic Surge|[of] p1a: LUna Cantor\n|\n|upkeep\n|turn|11\n|\n|t:|1701085773\n|move|p1a: LUna Cantor|Moonblast|p2a: Ting-Lu\n|-supereffective|p2a: Ting-Lu\n|-damage|p2a: Ting-Lu|58\/100\n|move|p2a: Ting-Lu|Ruination|p1a: LUna Cantor\n|-damage|p1a: LUna Cantor|7\/100\n|\n|-heal|p2a: Ting-Lu|64\/100|[from] item: Leftovers\n|upkeep\n|turn|12\n|\n|t:|1701085791\n|switch|p2a: Skeledirge|Skeledirge, F, tera:Fairy|100\/100\n|move|p1a: LUna Cantor|Moonblast|p2a: Skeledirge\n|-damage|p2a: Skeledirge|44\/100\n|-unboost|p2a: Skeledirge|spa|1\n|\n|upkeep\n|turn|13\n|\n|t:|1701085801\n|move|p1a: LUna Cantor|Moonblast|p2a: Skeledirge\n|-damage|p2a: Skeledirge|0 fnt\n|faint|p2a: Skeledirge\n|\n|upkeep\n|\n|t:|1701085816\n|switch|p2a: Zamazenta|Zamazenta|48\/100\n|turn|14\n|\n|t:|1701085819\n|move|p1a: LUna Cantor|Moonblast|p2a: Zamazenta\n|-supereffective|p2a: Zamazenta\n|-damage|p2a: Zamazenta|0 fnt\n|faint|p2a: Zamazenta\n|\n|-fieldend|move: Psychic Terrain\n|upkeep\n|\n|t:|1701085828\n|switch|p2a: Ting-Lu|Ting-Lu|64\/100\n|-ability|p2a: Ting-Lu|Vessel of Ruin\n|turn|15\n|\n|t:|1701085833\n|move|p1a: LUna Cantor|Moonblast|p2a: Ting-Lu\n|-supereffective|p2a: Ting-Lu\n|-damage|p2a: Ting-Lu|25\/100\n|move|p2a: Ting-Lu|Earthquake|p1a: LUna Cantor\n|-damage|p1a: LUna Cantor|0 fnt\n|faint|p1a: LUna Cantor\n|\n|-heal|p2a: Ting-Lu|32\/100|[from] item: Leftovers\n|upkeep\n|\n|t:|1701085841\n|switch|p1a: Ignis Coronam|Zamazenta|100\/100\n|-ability|p1a: Ignis Coronam|Dauntless Shield|boost\n|-boost|p1a: Ignis Coronam|def|1\n|turn|16\n|\n|t:|1701085848\n|switch|p2a: Gengar|Gengar, F|100\/100\n|move|p1a: Ignis Coronam|Crunch|p2a: Gengar\n|-supereffective|p2a: Gengar\n|-damage|p2a: Gengar|0 fnt\n|faint|p2a: Gengar\n|\n|upkeep\n|\n|t:|1701085855\n|switch|p2a: Ting-Lu|Ting-Lu|32\/100\n|-ability|p2a: Ting-Lu|Vessel of Ruin\n|turn|17\n|\n|t:|1701085859\n|move|p1a: Ignis Coronam|Crunch|p2a: Ting-Lu\n|-resisted|p2a: Ting-Lu\n|-damage|p2a: Ting-Lu|21\/100\n|move|p2a: Ting-Lu|Earthquake|p1a: Ignis Coronam\n|-damage|p1a: Ignis Coronam|79\/100\n|\n|-heal|p2a: Ting-Lu|27\/100|[from] item: Leftovers\n|upkeep\n|turn|18\n|\n|t:|1701085869\n|switch|p1a: Victor Mare|Rotom-Wash|100\/100\n|move|p2a: Ting-Lu|Ruination|p1a: Victor Mare\n|-damage|p1a: Victor Mare|50\/100\n|\n|-heal|p1a: Victor Mare|57\/100|[from] item: Leftovers\n|-heal|p2a: Ting-Lu|33\/100|[from] item: Leftovers\n|upkeep\n|turn|19\n|\n|t:|1701085878\n|move|p1a: Victor Mare|Hydro Pump|p2a: Ting-Lu\n|-supereffective|p2a: Ting-Lu\n|-damage|p2a: Ting-Lu|0 fnt\n|faint|p2a: Ting-Lu\n|\n|-heal|p1a: Victor Mare|63\/100|[from] item: Leftovers\n|upkeep\n|\n|t:|1701085885\n|switch|p2a: Rotom|Rotom-Wash|100\/100\n|turn|20\n|\n|t:|1701085888\n|move|p1a: Victor Mare|Volt Switch|p2a: Rotom\n|-damage|p2a: Rotom|75\/100\n|\n|t:|1701085899\n|switch|p1a: Ignis Coronam|Zamazenta|79\/100|[from] Volt Switch\n|move|p2a: Rotom|Will-O-Wisp|p1a: Ignis Coronam\n|-status|p1a: Ignis Coronam|brn\n|\n|-heal|p2a: Rotom|81\/100|[from] item: Leftovers\n|-damage|p1a: Ignis Coronam|73\/100 brn|[from] brn\n|upkeep\n|turn|21\n|\n|t:|1701085911\n|move|p1a: Ignis Coronam|Wild Charge|p2a: Rotom\n|-damage|p2a: Rotom|64\/100\n|-damage|p1a: Ignis Coronam|69\/100 brn|[from] Recoil\n|move|p2a: Rotom|Hydro Pump|p1a: Ignis Coronam\n|-damage|p1a: Ignis Coronam|31\/100 brn\n|\n|-heal|p2a: Rotom|71\/100|[from] item: Leftovers\n|-damage|p1a: Ignis Coronam|25\/100 brn|[from] brn\n|upkeep\n|turn|22\n|\n|t:|1701085922\n|move|p1a: Ignis Coronam|Wild Charge|p2a: Rotom\n|-damage|p2a: Rotom|53\/100\n|-damage|p1a: Ignis Coronam|20\/100 brn|[from] Recoil\n|move|p2a: Rotom|Hydro Pump|p1a: Ignis Coronam\n|-damage|p1a: Ignis Coronam|0 fnt\n|faint|p1a: Ignis Coronam\n|\n|-heal|p2a: Rotom|59\/100|[from] item: Leftovers\n|upkeep\n|\n|t:|1701085927\n|switch|p1a: Faucibus|Mawile, F|100\/100\n|-ability|p1a: Faucibus|Intimidate|boost\n|-unboost|p2a: Rotom|atk|1\n|turn|23\n|\n|t:|1701085934\n|detailschange|p1a: Faucibus|Mawile-Mega, F\n|-mega|p1a: Faucibus|Mawile|Mawilite\n|move|p2a: Rotom|Will-O-Wisp|p1a: Faucibus\n|-status|p1a: Faucibus|brn\n|move|p1a: Faucibus|Knock Off|p2a: Rotom\n|-damage|p2a: Rotom|34\/100\n|-enditem|p2a: Rotom|Leftovers|[from] move: Knock Off|[of] p1a: Faucibus\n|\n|-damage|p1a: Faucibus|94\/100 brn|[from] brn\n|upkeep\n|turn|24\n|\n|t:|1701085947\n|switch|p1a: Victor Mare|Rotom-Wash|63\/100\n|move|p2a: Rotom|Hydro Pump|p1a: Victor Mare\n|-resisted|p1a: Victor Mare\n|-damage|p1a: Victor Mare|42\/100\n|\n|-heal|p1a: Victor Mare|49\/100|[from] item: Leftovers\n|upkeep\n|turn|25\n|\n|t:|1701085956\n|move|p2a: Rotom|Volt Switch|p1a: Victor Mare\n|-damage|p1a: Victor Mare|23\/100\n|move|p1a: Victor Mare|Volt Switch|p2a: Rotom\n|-damage|p2a: Rotom|6\/100\n|\n|t:|1701085963\n|switch|p1a: Mantichora|Heatran, F|100\/100|[from] Volt Switch\n|\n|upkeep\n|turn|26\n|\n|t:|1701085971\n|-terastallize|p1a: Mantichora|Grass\n|move|p2a: Rotom|Hydro Pump|p1a: Mantichora\n|-resisted|p1a: Mantichora\n|-damage|p1a: Mantichora|89\/100\n|move|p1a: Mantichora|Magma Storm|p2a: Rotom\n|-resisted|p2a: Rotom\n|-damage|p2a: Rotom|0 fnt\n|faint|p2a: Rotom\n|\n|win|AesirEcho\n","uploadtime":1701085979,"views":1,"p1id":"aesirecho","p2id":"bulka4000","formatid":"gen9nationaldex","rating":0,"private":0,"password":""}