{"id":"gen9nationaldex-1992112056","p1":"Theadonia","p2":"Vithor39","format":"[Gen 9] National Dex","log":"|j|\u2606Theadonia\n|j|\u2606Vithor39\n|t:|1700156084\n|gametype|singles\n|player|p1|Theadonia|roxie|1162\n|player|p2|Vithor39|hilbert|1167\n|teamsize|p1|6\n|teamsize|p2|6\n|gen|9\n|tier|[Gen 9] National Dex\n|rated|\n|rule|HP Percentage Mod: HP is shown in percentages\n|rule|Endless Battle Clause: Forcing endless battles is banned\n|rule|OHKO Clause: OHKO moves are banned\n|rule|Evasion Clause: Evasion abilities, items, and moves are banned\n|rule|Evasion Abilities Clause: Evasion abilities are banned\n|rule|Evasion Items Clause: Evasion items are banned\n|rule|Evasion Moves Clause: Evasion moves are banned\n|rule|Species Clause: Limit one of each Pok\u00e9mon\n|rule|Sleep Clause Mod: Limit one foe put to sleep\n|clearpoke\n|poke|p1|Torterra, F|\n|poke|p1|Furret, M|\n|poke|p1|Ribombee, F|\n|poke|p1|Arcanine-Hisui, M|\n|poke|p1|Gyarados, M|\n|poke|p1|Muk-Alola, M|\n|poke|p2|Greninja-*, M|\n|poke|p2|Zeraora|\n|poke|p2|Talonflame, F|\n|poke|p2|Lucario, M|\n|poke|p2|Decidueye, F|\n|poke|p2|Crustle, M|\n|teampreview\n|inactive|Battle timer is ON: inactive players will automatically lose when time's up. (requested by Vithor39)\n|\n|t:|1700156104\n|start\n|switch|p1a: Ribombee|Ribombee, F|100\/100\n|switch|p2a: Seu Sirigueijo|Crustle, M|100\/100\n|turn|1\n|\n|t:|1700156111\n|move|p1a: Ribombee|Stun Spore|p2a: Seu Sirigueijo|[miss]\n|-miss|p1a: Ribombee|p2a: Seu Sirigueijo\n|move|p2a: Seu Sirigueijo|Shell Smash|p2a: Seu Sirigueijo\n|-unboost|p2a: Seu Sirigueijo|def|1\n|-unboost|p2a: Seu Sirigueijo|spd|1\n|-boost|p2a: Seu Sirigueijo|atk|2\n|-boost|p2a: Seu Sirigueijo|spa|2\n|-boost|p2a: Seu Sirigueijo|spe|2\n|-enditem|p2a: Seu Sirigueijo|White Herb\n|-clearnegativeboost|p2a: Seu Sirigueijo|[silent]\n|\n|upkeep\n|turn|2\n|\n|t:|1700156125\n|move|p2a: Seu Sirigueijo|Rock Slide|p1a: Ribombee\n|-supereffective|p1a: Ribombee\n|-enditem|p1a: Ribombee|Focus Sash\n|-damage|p1a: Ribombee|1\/100\n|move|p1a: Ribombee|Sticky Web|p2a: Seu Sirigueijo\n|-sidestart|p2: Vithor39|move: Sticky Web\n|\n|upkeep\n|turn|3\n|\n|t:|1700156141\n|move|p2a: Seu Sirigueijo|X-Scissor|p1a: Ribombee\n|-resisted|p1a: Ribombee\n|-damage|p1a: Ribombee|0 fnt\n|faint|p1a: Ribombee\n|\n|upkeep\n|\n|t:|1700156145\n|switch|p1a: Gyarados|Gyarados, M, shiny|100\/100\n|-ability|p1a: Gyarados|Intimidate|boost\n|-unboost|p2a: Seu Sirigueijo|atk|1\n|turn|4\n|\n|t:|1700156161\n|switch|p1a: Muk|Muk-Alola, M, shiny|100\/100\n|move|p2a: Seu Sirigueijo|Rock Slide|p1a: Muk\n|-damage|p1a: Muk|56\/100\n|\n|-heal|p1a: Muk|62\/100|[from] item: Black Sludge\n|upkeep\n|turn|5\n|\n|t:|1700156169\n|move|p2a: Seu Sirigueijo|Earthquake|p1a: Muk\n|-supereffective|p1a: Muk\n|-damage|p1a: Muk|0 fnt\n|faint|p1a: Muk\n|\n|upkeep\n|\n|t:|1700156171\n|switch|p1a: Gyarados|Gyarados, M, shiny|100\/100\n|-ability|p1a: Gyarados|Intimidate|boost\n|-unboost|p2a: Seu Sirigueijo|atk|1\n|turn|6\n|\n|t:|1700156177\n|move|p2a: Seu Sirigueijo|Rock Slide|p1a: Gyarados\n|-supereffective|p1a: Gyarados\n|-damage|p1a: Gyarados|27\/100\n|move|p1a: Gyarados|Waterfall|p2a: Seu Sirigueijo\n|-supereffective|p2a: Seu Sirigueijo\n|-damage|p2a: Seu Sirigueijo|26\/100\n|\n|upkeep\n|turn|7\n|\n|t:|1700156183\n|switch|p1a: Furret|Furret, M|100\/100\n|move|p2a: Seu Sirigueijo|Rock Slide|p1a: Furret\n|-damage|p1a: Furret|55\/100\n|\n|upkeep\n|turn|8\n|\n|t:|1700156188\n|move|p1a: Furret|Sucker Punch|p2a: Seu Sirigueijo\n|-damage|p2a: Seu Sirigueijo|10\/100\n|move|p2a: Seu Sirigueijo|Earthquake|p1a: Furret\n|-damage|p1a: Furret|15\/100\n|\n|upkeep\n|turn|9\n|\n|t:|1700156194\n|move|p2a: Seu Sirigueijo|Shell Smash|p2a: Seu Sirigueijo\n|-unboost|p2a: Seu Sirigueijo|def|1\n|-unboost|p2a: Seu Sirigueijo|spd|1\n|-boost|p2a: Seu Sirigueijo|atk|2\n|-boost|p2a: Seu Sirigueijo|spa|2\n|-boost|p2a: Seu Sirigueijo|spe|2\n|move|p1a: Furret|Return|p2a: Seu Sirigueijo\n|-resisted|p2a: Seu Sirigueijo\n|-damage|p2a: Seu Sirigueijo|0 fnt\n|faint|p2a: Seu Sirigueijo\n|\n|upkeep\n|\n|t:|1700156207\n|switch|p2a: Talonflame|Talonflame, F|100\/100\n|turn|10\n|\n|t:|1700156210\n|move|p2a: Talonflame|Brave Bird|p1a: Furret\n|-damage|p1a: Furret|0 fnt\n|faint|p1a: Furret\n|-damage|p2a: Talonflame|95\/100|[from] Recoil\n|\n|upkeep\n|\n|t:|1700156213\n|switch|p1a: Gyarados|Gyarados, M, shiny|27\/100\n|-ability|p1a: Gyarados|Intimidate|boost\n|-unboost|p2a: Talonflame|atk|1\n|turn|11\n|\n|t:|1700156216\n|switch|p1a: Arcanine|Arcanine-Hisui, M, shiny|100\/100\n|move|p2a: Talonflame|Brave Bird|p1a: Arcanine\n|-resisted|p1a: Arcanine\n|-damage|p1a: Arcanine|86\/100\n|-damage|p2a: Talonflame|90\/100|[from] Recoil\n|\n|upkeep\n|turn|12\n|\n|t:|1700156224\n|switch|p2a: Greninja|Greninja, M|100\/100\n|-activate|p2a: Greninja|move: Sticky Web\n|-unboost|p2a: Greninja|spe|1\n|move|p1a: Arcanine|Head Smash|p2a: Greninja|[miss]\n|-miss|p1a: Arcanine|p2a: Greninja\n|-enditem|p1a: Arcanine|Blunder Policy\n|-boost|p1a: Arcanine|spe|2\n|\n|upkeep\n|turn|13\n|\n|t:|1700156233\n|-terastallize|p1a: Arcanine|Grass\n|move|p1a: Arcanine|Tera Blast|p2a: Greninja|[anim] Tera Blast Grass\n|-supereffective|p2a: Greninja\n|-enditem|p2a: Greninja|Focus Sash\n|-damage|p2a: Greninja|1\/100\n|move|p2a: Greninja|Scald|p1a: Arcanine\n|-start|p2a: Greninja|typechange|Water|[from] ability: Protean\n|-resisted|p1a: Arcanine\n|-damage|p1a: Arcanine|66\/100\n|\n|upkeep\n|turn|14\n|\n|t:|1700156243\n|move|p1a: Arcanine|Flare Blitz|p2a: Greninja\n|-resisted|p2a: Greninja\n|-damage|p2a: Greninja|0 fnt\n|faint|p2a: Greninja\n|\n|upkeep\n|\n|t:|1700156256\n|switch|p2a: Lucario|Lucario, M|100\/100\n|-activate|p2a: Lucario|move: Sticky Web\n|-unboost|p2a: Lucario|spe|1\n|turn|15\n|\n|t:|1700156259\n|move|p1a: Arcanine|Flare Blitz|p2a: Lucario\n|-supereffective|p2a: Lucario\n|-enditem|p2a: Lucario|Focus Sash\n|-damage|p2a: Lucario|1\/100\n|move|p2a: Lucario|Ice Punch|p1a: Arcanine\n|-supereffective|p1a: Arcanine\n|-damage|p1a: Arcanine|4\/100\n|\n|upkeep\n|turn|16\n|\n|t:|1700156271\n|switch|p2a: Zeraora|Zeraora|100\/100\n|-activate|p2a: Zeraora|move: Sticky Web\n|-unboost|p2a: Zeraora|spe|1\n|move|p1a: Arcanine|Flare Blitz|p2a: Zeraora\n|-crit|p2a: Zeraora\n|-damage|p2a: Zeraora|13\/100\n|\n|upkeep\n|turn|17\n|\n|t:|1700156278\n|move|p2a: Zeraora|Quick Attack|p1a: Arcanine\n|-damage|p1a: Arcanine|0 fnt\n|faint|p1a: Arcanine\n|-damage|p2a: Zeraora|3\/100|[from] item: Life Orb\n|\n|upkeep\n|\n|t:|1700156282\n|switch|p1a: Gyarados|Gyarados, M, shiny|27\/100\n|-ability|p1a: Gyarados|Intimidate|boost\n|-unboost|p2a: Zeraora|atk|1\n|turn|18\n|\n|t:|1700156286\n|switch|p1a: Torterra|Torterra, F|100\/100\n|move|p2a: Zeraora|Plasma Fists|p1a: Torterra\n|-immune|p1a: Torterra\n|\n|upkeep\n|turn|19\n|\n|t:|1700156293\n|move|p2a: Zeraora|Close Combat|p1a: Torterra\n|-damage|p1a: Torterra|75\/100\n|-unboost|p2a: Zeraora|def|1\n|-unboost|p2a: Zeraora|spd|1\n|-damage|p2a: Zeraora|0 fnt|[from] item: Life Orb\n|faint|p2a: Zeraora\n|move|p1a: Torterra|Shell Smash|p1a: Torterra\n|-unboost|p1a: Torterra|def|1\n|-unboost|p1a: Torterra|spd|1\n|-boost|p1a: Torterra|atk|2\n|-boost|p1a: Torterra|spa|2\n|-boost|p1a: Torterra|spe|2\n|\n|upkeep\n|\n|t:|1700156297\n|switch|p2a: Talonflame|Talonflame, F|90\/100\n|turn|20\n|\n|t:|1700156309\n|move|p1a: Torterra|Rock Blast|p2a: Talonflame\n|-supereffective|p2a: Talonflame\n|-damage|p2a: Talonflame|0 fnt\n|faint|p2a: Talonflame\n|-hitcount|p2: Talonflame|1\n|\n|upkeep\n|\n|t:|1700156315\n|switch|p2a: Mendigo sujis|Decidueye, F|100\/100\n|-activate|p2a: Mendigo sujis|move: Sticky Web\n|-unboost|p2a: Mendigo sujis|spe|1\n|turn|21\n|\n|t:|1700156320\n|move|p1a: Torterra|Rock Blast|p2a: Mendigo sujis\n|-damage|p2a: Mendigo sujis|76\/100\n|-damage|p2a: Mendigo sujis|53\/100\n|-damage|p2a: Mendigo sujis|29\/100\n|-damage|p2a: Mendigo sujis|5\/100\n|-crit|p2a: Mendigo sujis\n|-damage|p2a: Mendigo sujis|0 fnt\n|faint|p2a: Mendigo sujis\n|-hitcount|p2: Mendigo sujis|5\n|\n|upkeep\n|\n|t:|1700156326\n|switch|p2a: Lucario|Lucario, M|1\/100\n|-activate|p2a: Lucario|move: Sticky Web\n|-unboost|p2a: Lucario|spe|1\n|turn|22\n|-message|Vithor39 forfeited.\n|\n|win|Theadonia\n|raw|Theadonia's rating: 1162 &rarr; <strong>1187<\/strong><br \/>(+25 for winning)\n|raw|Vithor39's rating: 1167 &rarr; <strong>1142<\/strong><br \/>(-25 for losing)\n|l|\u2606Vithor39\n","uploadtime":1700156334,"views":4,"p1id":"theadonia","p2id":"vithor39","formatid":"gen9nationaldex","rating":1142,"private":0,"password":""}