{"id":"gen9nationaldex-1995530563","p1":"Dragongemex","p2":"xiaoyang2004","format":"[Gen 9] National Dex","log":"|html|<div class=\"broadcast-blue\"><strong>[Gen 9] National Dex is currently suspecting Sneasler! For information on how to participate check out the <a href=\"https:\/\/www.smogon.com\/forums\/threads\/sv-national-dex-suspect-8-just-dance.3731534\/\">suspect thread<\/a>.<\/strong><\/div>\n|j|\u2606Dragongemex\n|j|\u2606xiaoyang2004\n|t:|1700580290\n|gametype|singles\n|player|p1|Dragongemex|alder|1520\n|player|p2|xiaoyang2004|lyra|1612\n|teamsize|p1|6\n|teamsize|p2|6\n|gen|9\n|tier|[Gen 9] National Dex\n|rated|\n|rule|HP Percentage Mod: HP is shown in percentages\n|rule|Endless Battle Clause: Forcing endless battles is banned\n|rule|OHKO Clause: OHKO moves are banned\n|rule|Evasion Clause: Evasion abilities, items, and moves are banned\n|rule|Evasion Abilities Clause: Evasion abilities are banned\n|rule|Evasion Items Clause: Evasion items are banned\n|rule|Evasion Moves Clause: Evasion moves are banned\n|rule|Species Clause: Limit one of each Pok\u00e9mon\n|rule|Sleep Clause Mod: Limit one foe put to sleep\n|clearpoke\n|poke|p1|Banette, M|\n|poke|p1|Landorus-Therian, M|\n|poke|p1|Dragonite, F|\n|poke|p1|Kartana|\n|poke|p1|Reuniclus, M|\n|poke|p1|Volcarona, F|\n|poke|p2|Gliscor, M|\n|poke|p2|Diancie|\n|poke|p2|Hoopa-Unbound|\n|poke|p2|Garganacl, M|\n|poke|p2|Skeledirge, F|\n|poke|p2|Greninja-*, M|\n|teampreview\n|inactive|Battle timer is ON: inactive players will automatically lose when time's up. (requested by Dragongemex)\n|\n|t:|1700580301\n|start\n|switch|p1a: Landorus|Landorus-Therian, M|100\/100\n|switch|p2a: Diancie|Diancie|100\/100\n|-ability|p1a: Landorus|Intimidate|boost\n|-fail|p2a: Diancie|unboost|[from] ability: Clear Body|[of] p2a: Diancie\n|turn|1\n|\n|t:|1700580307\n|switch|p2a: Gliscor|Gliscor, M, shiny|100\/100\n|move|p1a: Landorus|Earthquake|p2a: Gliscor\n|-immune|p2a: Gliscor\n|\n|-status|p2a: Gliscor|tox|[from] item: Toxic Orb\n|upkeep\n|turn|2\n|\n|t:|1700580317\n|move|p1a: Landorus|Taunt|p2a: Gliscor\n|-start|p2a: Gliscor|move: Taunt\n|cant|p2a: Gliscor|move: Taunt|Toxic\n|\n|upkeep\n|turn|3\n|\n|t:|1700580325\n|move|p1a: Landorus|Earthquake|p2a: Gliscor\n|-immune|p2a: Gliscor\n|move|p2a: Gliscor|U-turn|p1a: Landorus\n|-resisted|p1a: Landorus\n|-damage|p1a: Landorus|91\/100\n|\n|t:|1700580333\n|switch|p2a: Greninja|Greninja, M|100\/100|[from] U-turn\n|\n|upkeep\n|turn|4\n|\n|t:|1700580338\n|-terastallize|p1a: Landorus|Ghost\n|move|p2a: Greninja|Ice Beam|p1a: Landorus\n|-damage|p1a: Landorus|58\/100\n|move|p1a: Landorus|Explosion|p2a: Greninja\n|-damage|p2a: Greninja|0 fnt\n|faint|p1a: Landorus\n|faint|p2a: Greninja\n|\n|upkeep\n|\n|t:|1700580355\n|switch|p2a: Diancie|Diancie|100\/100\n|switch|p1a: Reuniclus|Reuniclus, M, shiny|100\/100\n|turn|5\n|\n|t:|1700580363\n|switch|p2a: Hoopa|Hoopa-Unbound|100\/100\n|move|p1a: Reuniclus|Trick Room|p1a: Reuniclus\n|-fieldstart|move: Trick Room|[of] p1a: Reuniclus\n|\n|upkeep\n|turn|6\n|\n|t:|1700580374\n|move|p1a: Reuniclus|Focus Blast|p2a: Hoopa\n|-damage|p2a: Hoopa|47\/100\n|-unboost|p2a: Hoopa|spd|1\n|move|p2a: Hoopa|Hyperspace Fury|p1a: Reuniclus\n|-supereffective|p1a: Reuniclus\n|-damage|p1a: Reuniclus|0 fnt\n|-unboost|p2a: Hoopa|def|1\n|faint|p1a: Reuniclus\n|\n|upkeep\n|\n|t:|1700580383\n|switch|p1a: Dragonite|Dragonite, F|100\/100\n|turn|7\n|\n|t:|1700580388\n|switch|p2a: Skeledirge|Skeledirge, F|100\/100\n|move|p1a: Dragonite|Earthquake|p2a: Skeledirge\n|-supereffective|p2a: Skeledirge\n|-damage|p2a: Skeledirge|50\/100\n|\n|upkeep\n|turn|8\n|\n|t:|1700580395\n|move|p2a: Skeledirge|Will-O-Wisp|p1a: Dragonite\n|-status|p1a: Dragonite|brn\n|move|p1a: Dragonite|Safeguard|p1a: Dragonite\n|-sidestart|p1: Dragongemex|Safeguard\n|\n|-damage|p1a: Dragonite|94\/100 brn|[from] brn\n|upkeep\n|turn|9\n|\n|t:|1700580402\n|move|p2a: Skeledirge|Slack Off|p2a: Skeledirge\n|-heal|p2a: Skeledirge|100\/100\n|move|p1a: Dragonite|Dragon Dance|p1a: Dragonite\n|-boost|p1a: Dragonite|atk|1\n|-boost|p1a: Dragonite|spe|1\n|\n|-damage|p1a: Dragonite|88\/100 brn|[from] brn\n|-fieldend|move: Trick Room\n|upkeep\n|turn|10\n|\n|t:|1700580411\n|move|p1a: Dragonite|Earthquake|p2a: Skeledirge\n|-supereffective|p2a: Skeledirge\n|-damage|p2a: Skeledirge|76\/100\n|move|p2a: Skeledirge|Torch Song|p1a: Dragonite\n|-resisted|p1a: Dragonite\n|-damage|p1a: Dragonite|71\/100 brn\n|-boost|p2a: Skeledirge|spa|1\n|\n|-damage|p1a: Dragonite|65\/100 brn|[from] brn\n|upkeep\n|turn|11\n|\n|t:|1700580422\n|switch|p1a: Bega Manette|Banette, M|100\/100\n|-item|p2a: Skeledirge|Heavy-Duty Boots|[from] ability: Frisk|[of] p1a: Bega Manette|[identify]\n|move|p2a: Skeledirge|Torch Song|p1a: Bega Manette\n|-damage|p1a: Bega Manette|16\/100\n|-boost|p2a: Skeledirge|spa|1\n|\n|upkeep\n|turn|12\n|\n|t:|1700580440\n|switch|p2a: Garganacl|Garganacl, M, shiny|100\/100\n|detailschange|p1a: Bega Manette|Banette-Mega, M\n|-mega|p1a: Bega Manette|Banette|Banettite\n|move|p1a: Bega Manette|Poltergeist|p2a: Garganacl\n|-activate|p2a: Garganacl|move: Poltergeist|Leftovers\n|-damage|p2a: Garganacl|81\/100\n|\n|-heal|p2a: Garganacl|87\/100|[from] item: Leftovers\n|-sideend|p1: Dragongemex|Safeguard\n|upkeep\n|turn|13\n|\n|t:|1700580460\n|switch|p1a: Dragonite|Dragonite, F|65\/100 brn\n|move|p2a: Garganacl|Stealth Rock|p1a: Dragonite\n|-sidestart|p1: Dragongemex|move: Stealth Rock\n|\n|-heal|p2a: Garganacl|94\/100|[from] item: Leftovers\n|-damage|p1a: Dragonite|59\/100 brn|[from] brn\n|upkeep\n|turn|14\n|\n|t:|1700580468\n|move|p1a: Dragonite|Safeguard|p1a: Dragonite\n|-sidestart|p1: Dragongemex|Safeguard\n|move|p2a: Garganacl|Salt Cure|p1a: Dragonite\n|-supereffective|p1a: Dragonite\n|-damage|p1a: Dragonite|28\/100 brn\n|-start|p1a: Dragonite|Salt Cure\n|\n|-heal|p2a: Garganacl|99\/100|[from] item: Leftovers\n|-damage|p1a: Dragonite|22\/100 brn|[from] brn\n|-damage|p1a: Dragonite|10\/100 brn|[from] Salt Cure\n|upkeep\n|turn|15\n|\n|t:|1700580481\n|switch|p2a: Skeledirge|Skeledirge, F|76\/100\n|move|p1a: Dragonite|Earthquake|p2a: Skeledirge\n|-supereffective|p2a: Skeledirge\n|-damage|p2a: Skeledirge|53\/100\n|\n|-damage|p1a: Dragonite|4\/100 brn|[from] brn\n|-damage|p1a: Dragonite|0 fnt|[from] Salt Cure\n|faint|p1a: Dragonite\n|upkeep\n|\n|t:|1700580500\n|switch|p1a: Bega Manette|Banette-Mega, M|16\/100\n|-damage|p1a: Bega Manette|3\/100|[from] Stealth Rock\n|turn|16\n|\n|t:|1700580506\n|switch|p2a: Garganacl|Garganacl, M, shiny|99\/100\n|move|p1a: Bega Manette|Swords Dance|p1a: Bega Manette\n|-boost|p1a: Bega Manette|atk|2\n|\n|-heal|p2a: Garganacl|100\/100|[from] item: Leftovers\n|upkeep\n|turn|17\n|\n|t:|1700580519\n|move|p1a: Bega Manette|Gunk Shot|p2a: Garganacl\n|-resisted|p2a: Garganacl\n|-damage|p2a: Garganacl|68\/100\n|move|p2a: Garganacl|Salt Cure|p1a: Bega Manette\n|-damage|p1a: Bega Manette|0 fnt\n|faint|p1a: Bega Manette\n|\n|-heal|p2a: Garganacl|74\/100|[from] item: Leftovers\n|upkeep\n|\n|t:|1700580539\n|switch|p1a: Kartana|Kartana, shiny|100\/100\n|-damage|p1a: Kartana|94\/100|[from] Stealth Rock\n|turn|18\n|\n|t:|1700580550\n|switch|p2a: Gliscor|Gliscor, M, shiny|100\/100 tox\n|move|p1a: Kartana|Leaf Blade|p2a: Gliscor\n|-damage|p2a: Gliscor|61\/100 tox\n|\n|-heal|p2a: Gliscor|74\/100 tox|[from] ability: Poison Heal\n|-sideend|p1: Dragongemex|Safeguard\n|upkeep\n|turn|19\n|l|\u2606Dragongemex\n|inactive|Dragongemex disconnected and has a minute to reconnect!\n|player|p1|\n|inactive|Dragongemex has 30 seconds to reconnect!\n|inactive|Dragongemex has 20 seconds to reconnect!\n|inactive|Dragongemex has 15 seconds to reconnect!\n|inactive|Dragongemex has 10 seconds to reconnect!\n|inactive|Dragongemex has 5 seconds to reconnect!\n|-message|Dragongemex lost due to inactivity.\n|\n|win|xiaoyang2004\n|raw|Dragongemex's rating: 1520 &rarr; <strong>1505<\/strong><br \/>(-15 for losing)\n|raw|xiaoyang2004's rating: 1612 &rarr; <strong>1627<\/strong><br \/>(+15 for winning)\n","uploadtime":1700580637,"views":1,"p1id":"dragongemex","p2id":"xiaoyang2004","formatid":"gen9nationaldex","rating":1505,"private":0,"password":""}