{"id":"gen9nationaldex-1995553407","p1":"RUMYMOME","p2":"banwobDPP","format":"[Gen 9] National Dex","log":"|j|\u2606RUMYMOME\n|j|\u2606banwobDPP\n|inactive|Battle timer is ON: inactive players will automatically lose when time's up.\n|t:|1700582317\n|gametype|singles\n|player|p1|RUMYMOME|marshal|\n|player|p2|banwobDPP|n|\n|teamsize|p1|6\n|teamsize|p2|6\n|gen|9\n|tier|[Gen 9] National Dex\n|rated|Tournament battle\n|rule|HP Percentage Mod: HP is shown in percentages\n|rule|Endless Battle Clause: Forcing endless battles is banned\n|rule|OHKO Clause: OHKO moves are banned\n|rule|Evasion Clause: Evasion abilities, items, and moves are banned\n|rule|Evasion Abilities Clause: Evasion abilities are banned\n|rule|Evasion Items Clause: Evasion items are banned\n|rule|Evasion Moves Clause: Evasion moves are banned\n|rule|Species Clause: Limit one of each Pok\u00e9mon\n|rule|Sleep Clause Mod: Limit one foe put to sleep\n|rule|Terastal Clause: You cannot Terastallize\n|rule|Sleep Moves Clause: Sleep-inducing moves are banned\n|rule|2 Ability Clause: Limit 2 of each ability\n|clearpoke\n|poke|p1|Regieleki|\n|poke|p1|Cinderace, M|\n|poke|p1|Scream Tail|\n|poke|p1|Volcarona, F|\n|poke|p1|Gyarados, M|\n|poke|p1|Polteageist|\n|poke|p2|Zamazenta-*|\n|poke|p2|Great Tusk|\n|poke|p2|Samurott-Hisui, F|\n|poke|p2|Walking Wake|\n|poke|p2|Iron Leaves|\n|poke|p2|Roaring Moon|\n|teampreview\n|j|*Lady Monita \u2746\n|\n|t:|1700582350\n|start\n|switch|p1a: Volcarona|Volcarona, F|100\/100\n|switch|p2a: Walking Wake|Walking Wake|100\/100\n|-weather|DesolateLand|[from] ability: Desolate Land|[of] p1a: Volcarona\n|turn|1\n|j| Yeet259\n|\n|t:|1700582358\n|move|p1a: Volcarona|Quiver Dance|p1a: Volcarona\n|-boost|p1a: Volcarona|spa|1\n|-boost|p1a: Volcarona|spd|1\n|-boost|p1a: Volcarona|spe|1\n|move|p2a: Walking Wake|Flamethrower|p1a: Volcarona\n|-damage|p1a: Volcarona|67\/100\n|\n|-weather|DesolateLand|[upkeep]\n|upkeep\n|turn|2\n|\n|t:|1700582364\n|move|p1a: Volcarona|Solar Beam||[still]\n|-prepare|p1a: Volcarona|Solar Beam\n|-anim|p1a: Volcarona|Solar Beam|p2a: Walking Wake\n|-damage|p2a: Walking Wake|64\/100\n|move|p2a: Walking Wake|Draco Meteor|p1a: Volcarona|[miss]\n|-miss|p2a: Walking Wake|p1a: Volcarona\n|\n|-weather|DesolateLand|[upkeep]\n|upkeep\n|turn|3\n|\n|t:|1700582381\n|move|p1a: Volcarona|Quiver Dance|p1a: Volcarona\n|-boost|p1a: Volcarona|spa|1\n|-boost|p1a: Volcarona|spd|1\n|-boost|p1a: Volcarona|spe|1\n|move|p2a: Walking Wake|Draco Meteor|p1a: Volcarona\n|-damage|p1a: Volcarona|31\/100\n|-unboost|p2a: Walking Wake|spa|2\n|\n|-weather|DesolateLand|[upkeep]\n|upkeep\n|turn|4\n|\n|t:|1700582390\n|switch|p2a: Roaring Moon|Roaring Moon|100\/100\n|-ability|p2a: Roaring Moon|Sword of Ruin\n|move|p1a: Volcarona|Solar Beam||[still]\n|-prepare|p1a: Volcarona|Solar Beam\n|-anim|p1a: Volcarona|Solar Beam|p2a: Roaring Moon\n|-resisted|p2a: Roaring Moon\n|-damage|p2a: Roaring Moon|58\/100\n|\n|-weather|DesolateLand|[upkeep]\n|upkeep\n|turn|5\n|\n|t:|1700582405\n|switch|p2a: Walking Wake|Walking Wake|97\/100\n|move|p1a: Volcarona|Fiery Dance|p2a: Walking Wake\n|-resisted|p2a: Walking Wake\n|-damage|p2a: Walking Wake|77\/100\n|-boost|p1a: Volcarona|spa|1\n|\n|-weather|DesolateLand|[upkeep]\n|upkeep\n|turn|6\n|\n|t:|1700582410\n|move|p1a: Volcarona|Solar Beam||[still]\n|-prepare|p1a: Volcarona|Solar Beam\n|-anim|p1a: Volcarona|Solar Beam|p2a: Walking Wake\n|-damage|p2a: Walking Wake|11\/100\n|move|p2a: Walking Wake|Draco Meteor|p1a: Volcarona\n|-damage|p1a: Volcarona|0 fnt\n|-unboost|p2a: Walking Wake|spa|2\n|faint|p1a: Volcarona\n|-weather|none\n|\n|upkeep\n|\n|t:|1700582413\n|switch|p1a: Regieleki|Regieleki|100\/100\n|turn|7\n|\n|t:|1700582419\n|switch|p2a: Iron Leaves|Iron Leaves|100\/100\n|move|p1a: Regieleki|Volt Switch|p2a: Iron Leaves\n|-resisted|p2a: Iron Leaves\n|-damage|p2a: Iron Leaves|85\/100\n|\n|t:|1700582424\n|switch|p1a: Cinderace|Cinderace, M|100\/100|[from] Volt Switch\n|-ability|p1a: Cinderace|Sword of Ruin\n|\n|upkeep\n|turn|8\n|\n|t:|1700582433\n|move|p2a: Iron Leaves|Psyblade|p1a: Cinderace\n|-damage|p1a: Cinderace|8\/100\n|move|p1a: Cinderace|Pyro Ball|p2a: Iron Leaves\n|-supereffective|p2a: Iron Leaves\n|-damage|p2a: Iron Leaves|0 fnt\n|faint|p2a: Iron Leaves\n|\n|upkeep\n|l| Yeet259\n|\n|t:|1700582441\n|switch|p2a: Samurott|Samurott-Hisui, F|100\/100\n|turn|9\n|\n|t:|1700582450\n|move|p2a: Samurott|Sucker Punch|p1a: Cinderace\n|-damage|p1a: Cinderace|0 fnt\n|faint|p1a: Cinderace\n|\n|upkeep\n|\n|t:|1700582456\n|switch|p1a: Polteageist|Polteageist|100\/100\n|turn|10\n|inactive|banwobDPP has 120 seconds left.\n|\n|t:|1700582492\n|move|p2a: Samurott|Flip Turn|p1a: Polteageist\n|-damage|p1a: Polteageist|53\/100\n|\n|t:|1700582494\n|switch|p2a: Walking Wake|Walking Wake|44\/100|[from] Flip Turn\n|move|p1a: Polteageist|Shell Smash|p1a: Polteageist\n|-unboost|p1a: Polteageist|def|1\n|-unboost|p1a: Polteageist|spd|1\n|-boost|p1a: Polteageist|atk|2\n|-boost|p1a: Polteageist|spa|2\n|-boost|p1a: Polteageist|spe|2\n|\n|upkeep\n|turn|11\n|\n|t:|1700582504\n|switch|p2a: Samurott|Samurott-Hisui, F|100\/100\n|move|p1a: Polteageist|Stored Power|p2a: Samurott\n|-immune|p2a: Samurott\n|\n|upkeep\n|turn|12\n|\n|t:|1700582510\n|move|p1a: Polteageist|Giga Drain|p2a: Samurott\n|-supereffective|p2a: Samurott\n|-damage|p2a: Samurott|0 fnt\n|-heal|p1a: Polteageist|100\/100|[from] drain|[of] p2a: Samurott\n|faint|p2a: Samurott\n|\n|upkeep\n|\n|t:|1700582524\n|switch|p2a: Roaring Moon|Roaring Moon|58\/100\n|-ability|p2a: Roaring Moon|Sword of Ruin\n|turn|13\n|\n|t:|1700582534\n|move|p2a: Roaring Moon|U-turn|p1a: Polteageist\n|-resisted|p1a: Polteageist\n|-damage|p1a: Polteageist|52\/100\n|\n|t:|1700582542\n|switch|p2a: Walking Wake|Walking Wake|77\/100|[from] U-turn\n|move|p1a: Polteageist|Shell Smash|p1a: Polteageist\n|-unboost|p1a: Polteageist|def|1\n|-unboost|p1a: Polteageist|spd|1\n|-boost|p1a: Polteageist|atk|2\n|-boost|p1a: Polteageist|spa|2\n|-boost|p1a: Polteageist|spe|2\n|\n|upkeep\n|turn|14\n|inactive|banwobDPP has 120 seconds left.\n|\n|t:|1700582580\n|move|p1a: Polteageist|Stored Power|p2a: Walking Wake\n|-damage|p2a: Walking Wake|0 fnt\n|faint|p2a: Walking Wake\n|\n|upkeep\n|\n|t:|1700582582\n|switch|p2a: Roaring Moon|Roaring Moon|58\/100\n|-ability|p2a: Roaring Moon|Sword of Ruin\n|turn|15\n|\n|t:|1700582588\n|move|p1a: Polteageist|Shadow Ball|p2a: Roaring Moon\n|-resisted|p2a: Roaring Moon\n|-damage|p2a: Roaring Moon|0 fnt\n|faint|p2a: Roaring Moon\n|\n|upkeep\n|\n|t:|1700582591\n|switch|p2a: Zamazenta|Zamazenta-Crowned|100\/100\n|-ability|p2a: Zamazenta|Dauntless Shield|boost\n|-boost|p2a: Zamazenta|def|1\n|turn|16\n|\n|t:|1700582597\n|move|p1a: Polteageist|Stored Power|p2a: Zamazenta\n|-damage|p2a: Zamazenta|0 fnt\n|faint|p2a: Zamazenta\n|\n|upkeep\n|\n|t:|1700582598\n|switch|p2a: Great Tusk|Great Tusk|100\/100\n|turn|17\n|-message|banwobDPP forfeited.\n|\n|win|RUMYMOME\n|n|\u2606RUMYMOME|rumymome\n|n|\u2606banwobDPP|banwobdpp\n|n|*Lady Monita \u2746|ladymonita\n","uploadtime":1700582606,"views":0,"p1id":"rumymome","p2id":"banwobdpp","formatid":"gen9nationaldex","rating":0,"private":0,"password":""}