{"id":"gen9nationaldex-1991426872","p1":"Fjdjdduyxh sv vt","p2":"TheAzulKiwi","format":"[Gen 9] National Dex","log":"|j|\u2606Fjdjdduyxh sv vt\n|j|\u2606TheAzulKiwi\n|t:|1700076174\n|gametype|singles\n|player|p1|Fjdjdduyxh sv vt|giovanni|1121\n|player|p2|TheAzulKiwi|clown|1227\n|teamsize|p1|6\n|teamsize|p2|6\n|gen|9\n|tier|[Gen 9] National Dex\n|rated|\n|rule|HP Percentage Mod: HP is shown in percentages\n|rule|Endless Battle Clause: Forcing endless battles is banned\n|rule|OHKO Clause: OHKO moves are banned\n|rule|Evasion Clause: Evasion abilities, items, and moves are banned\n|rule|Evasion Abilities Clause: Evasion abilities are banned\n|rule|Evasion Items Clause: Evasion items are banned\n|rule|Evasion Moves Clause: Evasion moves are banned\n|rule|Species Clause: Limit one of each Pok\u00e9mon\n|rule|Sleep Clause Mod: Limit one foe put to sleep\n|clearpoke\n|poke|p1|Pelipper, F|\n|poke|p1|Swampert, M|\n|poke|p1|Qwilfish, F|\n|poke|p1|Zapdos|\n|poke|p1|Ferrothorn, M|\n|poke|p1|Overqwil, M|\n|poke|p2|Ogerpon-Wellspring, F|\n|poke|p2|Iron Valiant|\n|poke|p2|Kartana|\n|poke|p2|Blacephalon|\n|poke|p2|Lopunny, F|\n|poke|p2|Hoopa-Unbound|\n|teampreview\n|\n|t:|1700076195\n|start\n|switch|p1a: Pelipper|Pelipper, F|100\/100\n|switch|p2a: Hoopa|Hoopa-Unbound|100\/100\n|-weather|RainDance|[from] ability: Drizzle|[of] p1a: Pelipper\n|turn|1\n|\n|t:|1700076201\n|switch|p1a: Overqwil|Overqwil, M|100\/100\n|move|p2a: Hoopa|Thunderbolt|p1a: Overqwil\n|-damage|p1a: Overqwil|30\/100\n|\n|-weather|RainDance|[upkeep]\n|upkeep\n|turn|2\n|\n|t:|1700076209\n|switch|p1a: Swampert|Swampert, M|100\/100\n|move|p2a: Hoopa|Thunderbolt|p1a: Swampert\n|-immune|p1a: Swampert\n|\n|-weather|RainDance|[upkeep]\n|upkeep\n|turn|3\n|\n|t:|1700076221\n|switch|p2a: Ogerpon|Ogerpon-Wellspring, F|100\/100\n|detailschange|p1a: Swampert|Swampert-Mega, M\n|-mega|p1a: Swampert|Swampert|Swampertite\n|move|p1a: Swampert|Earthquake|p2a: Ogerpon\n|-resisted|p2a: Ogerpon\n|-damage|p2a: Ogerpon|56\/100\n|\n|-weather|RainDance|[upkeep]\n|upkeep\n|turn|4\n|\n|t:|1700076227\n|switch|p1a: Ferrothorn|Ferrothorn, M|100\/100\n|move|p2a: Ogerpon|Power Whip|p1a: Ferrothorn\n|-resisted|p1a: Ferrothorn\n|-damage|p1a: Ferrothorn|89\/100\n|-damage|p2a: Ogerpon|43\/100|[from] ability: Iron Barbs|[of] p1a: Ferrothorn\n|\n|-weather|RainDance|[upkeep]\n|-heal|p1a: Ferrothorn|95\/100|[from] item: Leftovers\n|upkeep\n|turn|5\n|\n|t:|1700076233\n|switch|p2a: Kartana|Kartana|100\/100\n|move|p1a: Ferrothorn|Stealth Rock|p2a: Kartana\n|-sidestart|p2: TheAzulKiwi|move: Stealth Rock\n|\n|-weather|RainDance|[upkeep]\n|-heal|p1a: Ferrothorn|100\/100|[from] item: Leftovers\n|upkeep\n|turn|6\n|\n|t:|1700076240\n|switch|p1a: Zapdos|Zapdos|100\/100\n|move|p2a: Kartana|Swords Dance|p2a: Kartana\n|-boost|p2a: Kartana|atk|2\n|\n|-weather|RainDance|[upkeep]\n|upkeep\n|turn|7\n|\n|t:|1700076256\n|move|p2a: Kartana|Knock Off|p1a: Zapdos\n|-damage|p1a: Zapdos|22\/100\n|-enditem|p1a: Zapdos|Heavy-Duty Boots|[from] move: Knock Off|[of] p2a: Kartana\n|move|p1a: Zapdos|Hurricane|p2a: Kartana\n|-damage|p2a: Kartana|0 fnt\n|faint|p2a: Kartana\n|\n|-weather|RainDance|[upkeep]\n|upkeep\n|inactive|Battle timer is ON: inactive players will automatically lose when time's up. (requested by Fjdjdduyxh sv vt)\n|\n|t:|1700076289\n|switch|p2a: Lopunny|Lopunny, F|100\/100\n|-damage|p2a: Lopunny|88\/100|[from] Stealth Rock\n|turn|8\n|\n|t:|1700076296\n|move|p2a: Lopunny|Triple Axel|p1a: Zapdos\n|-supereffective|p1a: Zapdos\n|-damage|p1a: Zapdos|9\/100\n|-supereffective|p1a: Zapdos\n|-damage|p1a: Zapdos|0 fnt\n|faint|p1a: Zapdos\n|-hitcount|p1: Zapdos|2\n|\n|-weather|none\n|upkeep\n|\n|t:|1700076299\n|switch|p1a: Pelipper|Pelipper, F|100\/100\n|-weather|RainDance|[from] ability: Drizzle|[of] p1a: Pelipper\n|turn|9\n|\n|t:|1700076308\n|detailschange|p2a: Lopunny|Lopunny-Mega, F\n|-mega|p2a: Lopunny|Lopunny|Lopunnite\n|move|p2a: Lopunny|Triple Axel|p1a: Pelipper\n|-damage|p1a: Pelipper|95\/100\n|-damage|p1a: Pelipper|84\/100\n|-damage|p1a: Pelipper|68\/100\n|-hitcount|p1a: Pelipper|3\n|move|p1a: Pelipper|Scald|p2a: Lopunny\n|-damage|p2a: Lopunny|40\/100\n|\n|-weather|RainDance|[upkeep]\n|upkeep\n|turn|10\n|\n|t:|1700076312\n|move|p2a: Lopunny|U-turn|p1a: Pelipper\n|-resisted|p1a: Pelipper\n|-damage|p1a: Pelipper|58\/100\n|\n|t:|1700076314\n|switch|p2a: Hoopa|Hoopa-Unbound|100\/100|[from] U-turn\n|-damage|p2a: Hoopa|88\/100|[from] Stealth Rock\n|move|p1a: Pelipper|Roost|p1a: Pelipper\n|-heal|p1a: Pelipper|100\/100\n|-singleturn|p1a: Pelipper|move: Roost\n|\n|-weather|RainDance|[upkeep]\n|upkeep\n|turn|11\n|\n|t:|1700076323\n|switch|p1a: Overqwil|Overqwil, M|30\/100\n|move|p2a: Hoopa|Dark Pulse|p1a: Overqwil\n|-resisted|p1a: Overqwil\n|-damage|p1a: Overqwil|0 fnt\n|faint|p1a: Overqwil\n|\n|-weather|RainDance|[upkeep]\n|upkeep\n|\n|t:|1700076330\n|switch|p1a: Swampert|Swampert-Mega, M|100\/100\n|turn|12\n|\n|t:|1700076355\n|switch|p2a: Ogerpon|Ogerpon-Wellspring, F|43\/100\n|-damage|p2a: Ogerpon|31\/100|[from] Stealth Rock\n|move|p1a: Swampert|Waterfall|p2a: Ogerpon\n|-heal|p2a: Ogerpon|56\/100|[from] ability: Water Absorb|[of] p1a: Swampert\n|\n|-weather|RainDance|[upkeep]\n|upkeep\n|turn|13\n|\n|t:|1700076362\n|switch|p1a: Ferrothorn|Ferrothorn, M|100\/100\n|move|p2a: Ogerpon|U-turn|p1a: Ferrothorn\n|-damage|p1a: Ferrothorn|83\/100\n|-damage|p2a: Ogerpon|44\/100|[from] ability: Iron Barbs|[of] p1a: Ferrothorn\n|\n|t:|1700076386\n|switch|p2a: Blacephalon|Blacephalon|100\/100|[from] U-turn\n|-damage|p2a: Blacephalon|76\/100|[from] Stealth Rock\n|\n|-weather|RainDance|[upkeep]\n|-heal|p1a: Ferrothorn|89\/100|[from] item: Leftovers\n|upkeep\n|turn|14\n|\n|t:|1700076389\n|move|p2a: Blacephalon|Shadow Ball|p1a: Ferrothorn\n|-damage|p1a: Ferrothorn|58\/100\n|-unboost|p1a: Ferrothorn|spd|1\n|move|p1a: Ferrothorn|Knock Off|p2a: Blacephalon\n|-supereffective|p2a: Blacephalon\n|-damage|p2a: Blacephalon|0 fnt\n|-enditem|p2a: Blacephalon|Choice Scarf|[from] move: Knock Off|[of] p1a: Ferrothorn\n|faint|p2a: Blacephalon\n|\n|-weather|RainDance|[upkeep]\n|-heal|p1a: Ferrothorn|64\/100|[from] item: Leftovers\n|upkeep\n|\n|t:|1700076394\n|switch|p2a: Iron Valiant|Iron Valiant|100\/100\n|-damage|p2a: Iron Valiant|94\/100|[from] Stealth Rock\n|-enditem|p2a: Iron Valiant|Booster Energy\n|-activate|p2a: Iron Valiant|ability: Quark Drive|[fromitem]\n|-start|p2a: Iron Valiant|quarkdrivespe\n|turn|15\n|\n|t:|1700076406\n|move|p2a: Iron Valiant|Close Combat|p1a: Ferrothorn\n|-supereffective|p1a: Ferrothorn\n|-damage|p1a: Ferrothorn|0 fnt\n|-unboost|p2a: Iron Valiant|def|1\n|-unboost|p2a: Iron Valiant|spd|1\n|-damage|p2a: Iron Valiant|82\/100|[from] ability: Iron Barbs|[of] p1a: Ferrothorn\n|faint|p1a: Ferrothorn\n|\n|-weather|RainDance|[upkeep]\n|upkeep\n|\n|t:|1700076414\n|switch|p1a: Qwilfish|Qwilfish, F|100\/100\n|turn|16\n|\n|t:|1700076418\n|move|p2a: Iron Valiant|Thunderbolt|p1a: Qwilfish\n|-supereffective|p1a: Qwilfish\n|-enditem|p1a: Qwilfish|Focus Sash\n|-damage|p1a: Qwilfish|1\/100\n|move|p1a: Qwilfish|Explosion|p2a: Iron Valiant\n|-damage|p2a: Iron Valiant|0 fnt\n|faint|p1a: Qwilfish\n|faint|p2a: Iron Valiant\n|-end|p2a: Iron Valiant|Quark Drive|[silent]\n|\n|-weather|none\n|upkeep\n|inactive|TheAzulKiwi has 120 seconds left.\n|\n|t:|1700076449\n|switch|p2a: Lopunny|Lopunny-Mega, F|40\/100\n|switch|p1a: Pelipper|Pelipper, F|100\/100\n|-damage|p2a: Lopunny|34\/100|[from] Stealth Rock\n|-weather|RainDance|[from] ability: Drizzle|[of] p1a: Pelipper\n|turn|17\n|\n|t:|1700076452\n|switch|p1a: Swampert|Swampert-Mega, M|100\/100\n|move|p2a: Lopunny|Fake Out|p1a: Swampert\n|-damage|p1a: Swampert|81\/100\n|\n|-weather|RainDance|[upkeep]\n|upkeep\n|turn|18\n|\n|t:|1700076460\n|move|p1a: Swampert|Earthquake|p2a: Lopunny\n|-damage|p2a: Lopunny|0 fnt\n|faint|p2a: Lopunny\n|\n|-weather|RainDance|[upkeep]\n|upkeep\n|\n|t:|1700076461\n|switch|p2a: Ogerpon|Ogerpon-Wellspring, F|44\/100\n|-damage|p2a: Ogerpon|31\/100|[from] Stealth Rock\n|turn|19\n|\n|t:|1700076467\n|move|p2a: Ogerpon|Spiky Shield|p2a: Ogerpon\n|-singleturn|p2a: Ogerpon|move: Protect\n|move|p1a: Swampert|Earthquake|p2a: Ogerpon\n|-activate|p2a: Ogerpon|move: Protect\n|\n|-weather|RainDance|[upkeep]\n|upkeep\n|turn|20\n|\n|t:|1700076471\n|move|p1a: Swampert|Earthquake|p2a: Ogerpon\n|-resisted|p2a: Ogerpon\n|-damage|p2a: Ogerpon|0 fnt\n|faint|p2a: Ogerpon\n|\n|-weather|RainDance|[upkeep]\n|upkeep\n|\n|t:|1700076473\n|switch|p2a: Hoopa|Hoopa-Unbound|88\/100\n|-damage|p2a: Hoopa|76\/100|[from] Stealth Rock\n|turn|21\n|\n|t:|1700076476\n|move|p1a: Swampert|Waterfall|p2a: Hoopa\n|-damage|p2a: Hoopa|0 fnt\n|faint|p2a: Hoopa\n|\n|win|Fjdjdduyxh sv vt\n|raw|Fjdjdduyxh sv vt's rating: 1121 &rarr; <strong>1153<\/strong><br \/>(+32 for winning)\n|raw|TheAzulKiwi's rating: 1227 &rarr; <strong>1195<\/strong><br \/>(-32 for losing)\n|c|\u2606Fjdjdduyxh sv vt|Gg\n","uploadtime":1700076483,"views":10,"p1id":"fjdjdduyxhsvvt","p2id":"theazulkiwi","formatid":"gen9nationaldex","rating":1153,"private":0,"password":""}