{"id":"gen9nationaldex-2000121121","p1":"prextet","p2":"Deriverse","format":"[Gen 9] National Dex","log":"|html|<div class=\"broadcast-blue\"><strong>[Gen 9] National Dex is currently suspecting Sneasler! For information on how to participate check out the <a href=\"https:\/\/www.smogon.com\/forums\/threads\/sv-national-dex-suspect-8-just-dance.3731534\/\">suspect thread<\/a>.<\/strong><\/div>\n|j|\u2606prextet\n|j|\u2606Deriverse\n|t:|1701158621\n|gametype|singles\n|player|p1|prextet|lady-gen4|1508\n|player|p2|Deriverse|veteranf|1513\n|teamsize|p1|6\n|teamsize|p2|6\n|gen|9\n|tier|[Gen 9] National Dex\n|rated|\n|rule|HP Percentage Mod: HP is shown in percentages\n|rule|Endless Battle Clause: Forcing endless battles is banned\n|rule|OHKO Clause: OHKO moves are banned\n|rule|Evasion Clause: Evasion abilities, items, and moves are banned\n|rule|Evasion Abilities Clause: Evasion abilities are banned\n|rule|Evasion Items Clause: Evasion items are banned\n|rule|Evasion Moves Clause: Evasion moves are banned\n|rule|Species Clause: Limit one of each Pok\u00e9mon\n|rule|Sleep Clause Mod: Limit one foe put to sleep\n|clearpoke\n|poke|p1|Tapu Koko|\n|poke|p1|Sneasler, M|\n|poke|p1|Gyarados, F|\n|poke|p1|Volcarona, M|\n|poke|p1|Ogerpon-Wellspring, F|\n|poke|p1|Landorus-Therian, M|\n|poke|p2|Victini|\n|poke|p2|Tapu Lele|\n|poke|p2|Latios, M|\n|poke|p2|Slowbro, F|\n|poke|p2|Slowking-Galar, F|\n|poke|p2|Indeedee, M|\n|teampreview\n|inactive|Battle timer is ON: inactive players will automatically lose when time's up. (requested by Deriverse)\n|inactive|Deriverse has 120 seconds left.\n|\n|t:|1701158656\n|start\n|switch|p1a: Tapu Koko|Tapu Koko|100\/100\n|switch|p2a: Indeedee|Indeedee, M|100\/100\n|-fieldstart|move: Psychic Terrain|[from] ability: Psychic Surge|[of] p2a: Indeedee\n|-fieldstart|move: Electric Terrain|[from] ability: Electric Surge|[of] p1a: Tapu Koko\n|turn|1\n|\n|t:|1701158671\n|move|p2a: Indeedee|Expanding Force|p1a: Tapu Koko\n|-damage|p1a: Tapu Koko|53\/100\n|move|p1a: Tapu Koko|Light Screen|p1a: Tapu Koko\n|-sidestart|p1: prextet|move: Light Screen\n|\n|upkeep\n|turn|2\n|\n|t:|1701158677\n|switch|p2a: Slowking|Slowking-Galar, F|100\/100\n|move|p1a: Tapu Koko|Volt Switch|p2a: Slowking\n|-damage|p2a: Slowking|80\/100\n|\n|t:|1701158683\n|switch|p1a: Gyarados|Gyarados, F|100\/100|[from] Volt Switch\n|-ability|p1a: Gyarados|Intimidate|boost\n|-unboost|p2a: Slowking|atk|1\n|\n|upkeep\n|turn|3\n|\n|t:|1701158691\n|detailschange|p1a: Gyarados|Gyarados-Mega, F\n|-mega|p1a: Gyarados|Gyarados|Gyaradosite\n|-ability|p1a: Gyarados|Mold Breaker\n|move|p1a: Gyarados|Dragon Dance|p1a: Gyarados\n|-boost|p1a: Gyarados|atk|1\n|-boost|p1a: Gyarados|spe|1\n|move|p2a: Slowking|Sludge Bomb|p1a: Gyarados\n|-damage|p1a: Gyarados|86\/100\n|-status|p1a: Gyarados|psn\n|\n|-damage|p1a: Gyarados|74\/100 psn|[from] psn\n|upkeep\n|turn|4\n|\n|t:|1701158705\n|move|p1a: Gyarados|Crunch|p2a: Slowking\n|-supereffective|p2a: Slowking\n|-damage|p2a: Slowking|0 fnt\n|faint|p2a: Slowking\n|\n|-damage|p1a: Gyarados|62\/100 psn|[from] psn\n|upkeep\n|\n|t:|1701158714\n|switch|p2a: Slowbro|Slowbro, F|100\/100\n|turn|5\n|\n|t:|1701158718\n|-terastallize|p2a: Slowbro|Dragon\n|move|p1a: Gyarados|Crunch|p2a: Slowbro\n|-damage|p2a: Slowbro|53\/100\n|move|p2a: Slowbro|Iron Defense|p2a: Slowbro\n|-boost|p2a: Slowbro|def|2\n|\n|-heal|p2a: Slowbro|59\/100|[from] item: Leftovers\n|-damage|p1a: Gyarados|49\/100 psn|[from] psn\n|-fieldend|move: Electric Terrain\n|upkeep\n|turn|6\n|\n|t:|1701158740\n|switch|p1a: Volcarona|Volcarona, M|100\/100\n|move|p2a: Slowbro|Slack Off|p2a: Slowbro\n|-heal|p2a: Slowbro|100\/100\n|\n|upkeep\n|turn|7\n|\n|t:|1701158745\n|switch|p2a: Indeedee|Indeedee, M|100\/100\n|-fieldstart|move: Psychic Terrain|[from] ability: Psychic Surge|[of] p2a: Indeedee\n|move|p1a: Volcarona|Quiver Dance|p1a: Volcarona\n|-boost|p1a: Volcarona|spa|1\n|-boost|p1a: Volcarona|spd|1\n|-boost|p1a: Volcarona|spe|1\n|\n|upkeep\n|turn|8\n|\n|t:|1701158749\n|move|p2a: Indeedee|Trick|p1a: Volcarona\n|-activate|p2a: Indeedee|move: Trick|[of] p1a: Volcarona\n|-item|p1a: Volcarona|Choice Scarf|[from] move: Trick\n|-item|p2a: Indeedee|Heavy-Duty Boots|[from] move: Trick\n|move|p1a: Volcarona|Quiver Dance|p1a: Volcarona\n|-boost|p1a: Volcarona|spa|1\n|-boost|p1a: Volcarona|spd|1\n|-boost|p1a: Volcarona|spe|1\n|\n|-sideend|p1: prextet|move: Light Screen\n|upkeep\n|turn|9\n|\n|t:|1701158756\n|switch|p1a: Landorus|Landorus-Therian, M|100\/100\n|-ability|p1a: Landorus|Intimidate|boost\n|-unboost|p2a: Indeedee|atk|1\n|move|p2a: Indeedee|Expanding Force|p1a: Landorus\n|-damage|p1a: Landorus|7\/100\n|\n|upkeep\n|turn|10\n|\n|t:|1701158764\n|switch|p1a: Gyarados|Gyarados-Mega, F|49\/100 psn\n|-ability|p1a: Gyarados|Mold Breaker\n|move|p2a: Indeedee|Expanding Force|p1a: Gyarados\n|-immune|p1a: Gyarados\n|\n|-damage|p1a: Gyarados|37\/100 psn|[from] psn\n|upkeep\n|turn|11\n|\n|t:|1701158770\n|move|p2a: Indeedee|Energy Ball|p1a: Gyarados\n|-supereffective|p1a: Gyarados\n|-damage|p1a: Gyarados|0 fnt\n|faint|p1a: Gyarados\n|\n|-fieldend|move: Psychic Terrain\n|upkeep\n|\n|t:|1701158780\n|switch|p1a: Volcarona|Volcarona, M|100\/100\n|turn|12\n|\n|t:|1701158786\n|switch|p2a: Slowbro|Slowbro, F, tera:Dragon|100\/100\n|move|p1a: Volcarona|Bug Buzz|p2a: Slowbro\n|-damage|p2a: Slowbro|46\/100\n|-unboost|p2a: Slowbro|spd|1\n|\n|-heal|p2a: Slowbro|52\/100|[from] item: Leftovers\n|upkeep\n|turn|13\n|\n|t:|1701158798\n|switch|p2a: Indeedee|Indeedee, M|100\/100\n|-fieldstart|move: Psychic Terrain|[from] ability: Psychic Surge|[of] p2a: Indeedee\n|move|p1a: Volcarona|Bug Buzz|p2a: Indeedee\n|-supereffective|p2a: Indeedee\n|-damage|p2a: Indeedee|0 fnt\n|faint|p2a: Indeedee\n|\n|upkeep\n|\n|t:|1701158803\n|switch|p2a: Latios|Latios, M|100\/100\n|turn|14\n|\n|t:|1701158806\n|detailschange|p2a: Latios|Latios-Mega, M\n|-mega|p2a: Latios|Latios|Latiosite\n|move|p1a: Volcarona|Bug Buzz|p2a: Latios\n|-supereffective|p2a: Latios\n|-damage|p2a: Latios|2\/100\n|move|p2a: Latios|Psyshock|p1a: Volcarona\n|-crit|p1a: Volcarona\n|-damage|p1a: Volcarona|0 fnt\n|faint|p1a: Volcarona\n|\n|upkeep\n|\n|t:|1701158814\n|switch|p1a: Tapu Koko|Tapu Koko|53\/100\n|-fieldstart|move: Electric Terrain|[from] ability: Electric Surge|[of] p1a: Tapu Koko\n|turn|15\n|\n|t:|1701158834\n|move|p1a: Tapu Koko|Volt Switch|p2a: Latios\n|-resisted|p2a: Latios\n|-damage|p2a: Latios|0 fnt\n|faint|p2a: Latios\n|\n|t:|1701158841\n|switch|p1a: Sneasler|Sneasler, M|100\/100|[from] Volt Switch\n|-enditem|p1a: Sneasler|Electric Seed\n|-boost|p1a: Sneasler|def|1|[from] item: Electric Seed\n|\n|upkeep\n|\n|t:|1701158845\n|switch|p2a: Slowbro|Slowbro, F, tera:Dragon|86\/100\n|turn|16\n|\n|t:|1701158850\n|move|p1a: Sneasler|Dire Claw|p2a: Slowbro\n|-damage|p2a: Slowbro|56\/100\n|move|p2a: Slowbro|Iron Defense|p2a: Slowbro\n|-boost|p2a: Slowbro|def|2\n|\n|-heal|p2a: Slowbro|62\/100|[from] item: Leftovers\n|upkeep\n|turn|17\n|\n|t:|1701158854\n|move|p1a: Sneasler|Dire Claw|p2a: Slowbro\n|-damage|p2a: Slowbro|45\/100\n|-status|p2a: Slowbro|psn\n|move|p2a: Slowbro|Scald|p1a: Sneasler\n|-damage|p1a: Sneasler|60\/100\n|-status|p1a: Sneasler|brn\n|\n|-heal|p2a: Slowbro|52\/100 psn|[from] item: Leftovers\n|-damage|p2a: Slowbro|39\/100 psn|[from] psn\n|-damage|p1a: Sneasler|54\/100 brn|[from] brn\n|upkeep\n|turn|18\n|\n|t:|1701158864\n|switch|p1a: Ogerpon|Ogerpon-Wellspring, F|100\/100\n|move|p2a: Slowbro|Slack Off|p2a: Slowbro\n|-heal|p2a: Slowbro|89\/100 psn\n|\n|-heal|p2a: Slowbro|95\/100 psn|[from] item: Leftovers\n|-damage|p2a: Slowbro|83\/100 psn|[from] psn\n|upkeep\n|turn|19\n|\n|t:|1701158869\n|move|p1a: Ogerpon|Swords Dance|p1a: Ogerpon\n|-boost|p1a: Ogerpon|atk|2\n|move|p2a: Slowbro|Psychic|p1a: Ogerpon\n|-damage|p1a: Ogerpon|59\/100\n|\n|-heal|p2a: Slowbro|89\/100 psn|[from] item: Leftovers\n|-damage|p2a: Slowbro|76\/100 psn|[from] psn\n|-fieldend|move: Electric Terrain\n|upkeep\n|turn|20\n|\n|t:|1701158876\n|move|p1a: Ogerpon|Swords Dance|p1a: Ogerpon\n|-boost|p1a: Ogerpon|atk|2\n|move|p2a: Slowbro|Psychic|p1a: Ogerpon\n|-damage|p1a: Ogerpon|18\/100\n|\n|-heal|p2a: Slowbro|82\/100 psn|[from] item: Leftovers\n|-damage|p2a: Slowbro|70\/100 psn|[from] psn\n|upkeep\n|turn|21\n|\n|t:|1701158878\n|-terastallize|p1a: Ogerpon|Water\n|detailschange|p1a: Ogerpon|Ogerpon-Wellspring-Tera, F, tera:Water\n|-ability|p1a: Ogerpon|Embody Aspect (Wellspring)|boost\n|-boost|p1a: Ogerpon|spd|1\n|move|p1a: Ogerpon|Ivy Cudgel|p2a: Slowbro|[anim] Ivy Cudgel Water\n|-resisted|p2a: Slowbro\n|-damage|p2a: Slowbro|35\/100 psn\n|move|p2a: Slowbro|Psychic|p1a: Ogerpon\n|-damage|p1a: Ogerpon|0 fnt\n|faint|p1a: Ogerpon\n|\n|-heal|p2a: Slowbro|41\/100 psn|[from] item: Leftovers\n|-damage|p2a: Slowbro|28\/100 psn|[from] psn\n|upkeep\n|j| ourat\n|\n|t:|1701158887\n|switch|p1a: Landorus|Landorus-Therian, M|7\/100\n|-ability|p1a: Landorus|Intimidate|boost\n|-unboost|p2a: Slowbro|atk|1\n|turn|22\n|\n|t:|1701158905\n|-zpower|p1a: Landorus\n|move|p1a: Landorus|Supersonic Skystrike|p2a: Slowbro|[zeffect]\n|-damage|p2a: Slowbro|0 fnt\n|faint|p2a: Slowbro\n|\n|upkeep\n|\n|t:|1701158913\n|switch|p2a: Victini|Victini|100\/100\n|turn|23\n|l| ourat\n|\n|t:|1701158919\n|move|p2a: Victini|Stored Power|p1a: Landorus\n|-crit|p1a: Landorus\n|-damage|p1a: Landorus|0 fnt\n|faint|p1a: Landorus\n|\n|upkeep\n|j| ourat\n|\n|t:|1701158923\n|switch|p1a: Tapu Koko|Tapu Koko|53\/100\n|-fieldstart|move: Electric Terrain|[from] ability: Electric Surge|[of] p1a: Tapu Koko\n|turn|24\n|\n|t:|1701158929\n|move|p1a: Tapu Koko|Light Screen|p1a: Tapu Koko\n|-sidestart|p1: prextet|move: Light Screen\n|-zpower|p2a: Victini\n|move|p2a: Victini|Z-Celebrate|p2a: Victini|[anim]Celebrate\n|-boost|p2a: Victini|atk|1|[zeffect]\n|-boost|p2a: Victini|def|1|[zeffect]\n|-boost|p2a: Victini|spa|1|[zeffect]\n|-boost|p2a: Victini|spd|1|[zeffect]\n|-boost|p2a: Victini|spe|1|[zeffect]\n|-activate|p2a: Victini|move: Celebrate\n|\n|upkeep\n|turn|25\n|\n|t:|1701158937\n|move|p2a: Victini|Stored Power|p1a: Tapu Koko\n|-damage|p1a: Tapu Koko|16\/100\n|move|p1a: Tapu Koko|Volt Switch|p2a: Victini\n|-damage|p2a: Victini|80\/100\n|\n|t:|1701158942\n|switch|p1a: Sneasler|Sneasler, M|54\/100 brn|[from] Volt Switch\n|\n|-damage|p1a: Sneasler|48\/100 brn|[from] brn\n|upkeep\n|turn|26\n|\n|t:|1701158945\n|move|p2a: Victini|Stored Power|p1a: Sneasler\n|-supereffective|p1a: Sneasler\n|-crit|p1a: Sneasler\n|-damage|p1a: Sneasler|0 fnt\n|faint|p1a: Sneasler\n|\n|upkeep\n|-message|prextet forfeited.\n|\n|win|Deriverse\n|raw|prextet's rating: 1508 &rarr; <strong>1488<\/strong><br \/>(-20 for losing)\n|raw|Deriverse's rating: 1513 &rarr; <strong>1533<\/strong><br \/>(+20 for winning)\n|l|\u2606prextet\n|l| ourat\n","uploadtime":1701158963,"views":2,"p1id":"prextet","p2id":"deriverse","formatid":"gen9nationaldex","rating":1488,"private":0,"password":""}