{"id":"gen9nationaldex-1991007677","p1":"Charizardfan45","p2":"ido1234567890","format":"[Gen 9] National Dex","log":"|j|\u2606Charizardfan45\n|j|\u2606ido1234567890\n|t:|1700026994\n|gametype|singles\n|player|p1|Charizardfan45|skyla|\n|player|p2|ido1234567890|lucas|\n|teamsize|p1|6\n|teamsize|p2|6\n|gen|9\n|tier|[Gen 9] National Dex\n|rule|HP Percentage Mod: HP is shown in percentages\n|rule|Endless Battle Clause: Forcing endless battles is banned\n|rule|OHKO Clause: OHKO moves are banned\n|rule|Evasion Clause: Evasion abilities, items, and moves are banned\n|rule|Evasion Abilities Clause: Evasion abilities are banned\n|rule|Evasion Items Clause: Evasion items are banned\n|rule|Evasion Moves Clause: Evasion moves are banned\n|rule|Species Clause: Limit one of each Pok\u00e9mon\n|rule|Sleep Clause Mod: Limit one foe put to sleep\n|clearpoke\n|poke|p1|Charizard, F|\n|poke|p1|Heatran, F|\n|poke|p1|Typhlosion-Hisui, M|\n|poke|p1|Volcarona, F|\n|poke|p1|Torkoal, M|\n|poke|p1|Rotom-Heat|\n|poke|p2|Sneasler, F|\n|poke|p2|Charizard, M|\n|poke|p2|Greninja-*, M|\n|poke|p2|Excadrill, F|\n|poke|p2|Tapu Koko|\n|poke|p2|Iron Valiant|\n|teampreview\n|\n|t:|1700027005\n|start\n|switch|p1a: Torkoal|Torkoal, M|100\/100\n|switch|p2a: Greninja|Greninja, M|100\/100\n|-weather|SunnyDay|[from] ability: Drought|[of] p1a: Torkoal\n|turn|1\n|inactive|Battle timer is ON: inactive players will automatically lose when time's up. (requested by Charizardfan45)\n|\n|t:|1700027014\n|-zpower|p2a: Greninja\n|move|p2a: Greninja|Hydro Vortex|p1a: Torkoal|[zeffect]\n|-supereffective|p1a: Torkoal\n|-damage|p1a: Torkoal|0 fnt\n|faint|p1a: Torkoal\n|-ability|p2a: Greninja|Battle Bond|boost\n|-boost|p2a: Greninja|atk|1\n|-boost|p2a: Greninja|spa|1\n|-boost|p2a: Greninja|spe|1\n|-activate|p2a: Greninja|ability: Battle Bond\n|\n|-weather|SunnyDay|[upkeep]\n|upkeep\n|\n|t:|1700027026\n|switch|p1a: Heatran|Heatran, F|100\/100\n|turn|2\n|\n|t:|1700027031\n|-terastallize|p1a: Heatran|Grass\n|move|p2a: Greninja|Ice Beam|p1a: Heatran\n|-supereffective|p1a: Heatran\n|-damage|p1a: Heatran|35\/100\n|move|p1a: Heatran|Tera Blast|p2a: Greninja|[anim] Tera Blast Grass\n|-supereffective|p2a: Greninja\n|-damage|p2a: Greninja|0 fnt\n|faint|p2a: Greninja\n|\n|-weather|SunnyDay|[upkeep]\n|-heal|p1a: Heatran|41\/100|[from] item: Leftovers\n|upkeep\n|\n|t:|1700027043\n|switch|p2a: Tapu Koko|Tapu Koko|100\/100\n|-fieldstart|move: Electric Terrain|[from] ability: Electric Surge|[of] p2a: Tapu Koko\n|turn|3\n|\n|t:|1700027047\n|move|p2a: Tapu Koko|Hidden Power|p1a: Heatran\n|-supereffective|p1a: Heatran\n|-damage|p1a: Heatran|12\/100\n|move|p1a: Heatran|Flash Cannon|p2a: Tapu Koko\n|-damage|p2a: Tapu Koko|24\/100\n|-unboost|p2a: Tapu Koko|spd|1\n|\n|-weather|SunnyDay|[upkeep]\n|-heal|p1a: Heatran|18\/100|[from] item: Leftovers\n|upkeep\n|turn|4\n|\n|t:|1700027057\n|move|p2a: Tapu Koko|Hidden Power|p1a: Heatran\n|-supereffective|p1a: Heatran\n|-damage|p1a: Heatran|0 fnt\n|faint|p1a: Heatran\n|\n|-weather|SunnyDay|[upkeep]\n|upkeep\n|\n|t:|1700027061\n|switch|p1a: Typhlosion|Typhlosion-Hisui, M|100\/100\n|turn|5\n|\n|t:|1700027066\n|move|p1a: Typhlosion|Eruption|p2a: Tapu Koko\n|-damage|p2a: Tapu Koko|0 fnt\n|faint|p2a: Tapu Koko\n|\n|-weather|SunnyDay|[upkeep]\n|upkeep\n|\n|t:|1700027068\n|switch|p2a: Sneasler|Sneasler, F|100\/100\n|-enditem|p2a: Sneasler|Electric Seed\n|-boost|p2a: Sneasler|def|1|[from] item: Electric Seed\n|turn|6\n|\n|t:|1700027079\n|switch|p1a: Rotom|Rotom-Heat|100\/100\n|move|p2a: Sneasler|Dire Claw|p1a: Rotom\n|-damage|p1a: Rotom|34\/100\n|-enditem|p1a: Rotom|Sitrus Berry|[eat]\n|-heal|p1a: Rotom|59\/100|[from] item: Sitrus Berry\n|\n|-weather|SunnyDay|[upkeep]\n|upkeep\n|turn|7\n|\n|t:|1700027089\n|move|p2a: Sneasler|Dire Claw|p1a: Rotom\n|-damage|p1a: Rotom|0 fnt\n|faint|p1a: Rotom\n|\n|-weather|SunnyDay|[upkeep]\n|upkeep\n|\n|t:|1700027092\n|switch|p1a: Volcarona|Volcarona, F|100\/100\n|turn|8\n|\n|t:|1700027099\n|-terastallize|p2a: Sneasler|Flying\n|move|p2a: Sneasler|Acrobatics|p1a: Volcarona\n|-supereffective|p1a: Volcarona\n|-damage|p1a: Volcarona|0 fnt\n|faint|p1a: Volcarona\n|\n|-weather|none\n|upkeep\n|\n|t:|1700027106\n|switch|p1a: Charizard|Charizard, F|100\/100\n|turn|9\n|\n|t:|1700027114\n|detailschange|p1a: Charizard|Charizard-Mega-Y, F\n|-mega|p1a: Charizard|Charizard|Charizardite Y\n|-weather|SunnyDay|[from] ability: Drought|[of] p1a: Charizard\n|move|p2a: Sneasler|Dire Claw|p1a: Charizard\n|-damage|p1a: Charizard|35\/100\n|-status|p1a: Charizard|psn\n|move|p1a: Charizard|Fire Blast|p2a: Sneasler\n|-damage|p2a: Sneasler|0 fnt\n|faint|p2a: Sneasler\n|\n|-weather|SunnyDay|[upkeep]\n|-damage|p1a: Charizard|22\/100 psn|[from] psn\n|upkeep\n|\n|t:|1700027128\n|switch|p2a: Iron Valiant|Iron Valiant|100\/100\n|-activate|p2a: Iron Valiant|ability: Quark Drive\n|-start|p2a: Iron Valiant|quarkdrivespe\n|turn|10\n|\n|t:|1700027133\n|move|p2a: Iron Valiant|Thunderbolt|p1a: Charizard\n|-supereffective|p1a: Charizard\n|-damage|p1a: Charizard|0 fnt\n|faint|p1a: Charizard\n|\n|-weather|SunnyDay|[upkeep]\n|-fieldend|move: Electric Terrain\n|-end|p2a: Iron Valiant|Quark Drive\n|upkeep\n|\n|t:|1700027135\n|switch|p1a: Typhlosion|Typhlosion-Hisui, M|100\/100\n|turn|11\n|\n|t:|1700027139\n|move|p1a: Typhlosion|Shadow Ball|p2a: Iron Valiant\n|-damage|p2a: Iron Valiant|18\/100\n|move|p2a: Iron Valiant|Thunderbolt|p1a: Typhlosion\n|-damage|p1a: Typhlosion|64\/100\n|\n|-weather|SunnyDay|[upkeep]\n|upkeep\n|turn|12\n|\n|t:|1700027146\n|move|p1a: Typhlosion|Shadow Ball|p2a: Iron Valiant\n|-damage|p2a: Iron Valiant|0 fnt\n|faint|p2a: Iron Valiant\n|-end|p2a: Iron Valiant|Quark Drive|[silent]\n|\n|-weather|SunnyDay|[upkeep]\n|upkeep\n|\n|t:|1700027148\n|switch|p2a: Excadrill|Excadrill, F|100\/100\n|-ability|p2a: Excadrill|Mold Breaker\n|turn|13\n|\n|t:|1700027151\n|move|p1a: Typhlosion|Shadow Ball|p2a: Excadrill\n|-damage|p2a: Excadrill|51\/100\n|move|p2a: Excadrill|Drill Run|p1a: Typhlosion\n|-supereffective|p1a: Typhlosion\n|-damage|p1a: Typhlosion|0 fnt\n|faint|p1a: Typhlosion\n|\n|win|ido1234567890\n","uploadtime":1700027156,"views":21,"p1id":"charizardfan45","p2id":"ido1234567890","formatid":"gen9nationaldex","rating":0,"private":0,"password":""}