{"id":"gen9nationaldex-1991801250","p1":"runeatest","p2":"soefire","format":"[Gen 9] National Dex","log":"|j|\u2606runeatest\n|j|\u2606soefire\n|t:|1700119912\n|gametype|singles\n|player|p1|runeatest|fisherman-gen4|1128\n|player|p2|soefire|nate|1000\n|teamsize|p1|6\n|teamsize|p2|6\n|gen|9\n|tier|[Gen 9] National Dex\n|rated|\n|rule|HP Percentage Mod: HP is shown in percentages\n|rule|Endless Battle Clause: Forcing endless battles is banned\n|rule|OHKO Clause: OHKO moves are banned\n|rule|Evasion Clause: Evasion abilities, items, and moves are banned\n|rule|Evasion Abilities Clause: Evasion abilities are banned\n|rule|Evasion Items Clause: Evasion items are banned\n|rule|Evasion Moves Clause: Evasion moves are banned\n|rule|Species Clause: Limit one of each Pok\u00e9mon\n|rule|Sleep Clause Mod: Limit one foe put to sleep\n|clearpoke\n|poke|p1|Vaporeon, M|\n|poke|p1|Salamence, M|\n|poke|p1|Hitmontop, M|\n|poke|p1|Electivire, M|\n|poke|p1|Togekiss, M|\n|poke|p1|Houndoom, M|\n|poke|p2|Basculegion-F, F|\n|poke|p2|Hawlucha, M|\n|poke|p2|Arcanine, M|\n|poke|p2|Drampa, M|\n|poke|p2|Crabominable, M|\n|poke|p2|Seismitoad, M|\n|teampreview\n|inactive|Battle timer is ON: inactive players will automatically lose when time's up. (requested by runeatest)\n|c|\u2606soefire|glhf\n|\n|t:|1700119921\n|start\n|switch|p1a: Salamence|Salamence, M|100\/100\n|switch|p2a: Dhar Man|Seismitoad, M, shiny|100\/100\n|-ability|p1a: Salamence|Intimidate|boost\n|-unboost|p2a: Dhar Man|atk|1\n|turn|1\n|\n|t:|1700119937\n|move|p1a: Salamence|Draco Meteor|p2a: Dhar Man\n|-damage|p2a: Dhar Man|10\/100\n|-unboost|p1a: Salamence|spa|2\n|move|p2a: Dhar Man|Knock Off|p1a: Salamence\n|-crit|p1a: Salamence\n|-damage|p1a: Salamence|53\/100\n|-enditem|p1a: Salamence|Choice Specs|[from] move: Knock Off|[of] p2a: Dhar Man\n|\n|upkeep\n|turn|2\n|\n|t:|1700119950\n|move|p1a: Salamence|Draco Meteor|p2a: Dhar Man\n|-damage|p2a: Dhar Man|0 fnt\n|-unboost|p1a: Salamence|spa|2\n|faint|p2a: Dhar Man\n|\n|upkeep\n|\n|t:|1700119963\n|switch|p2a: Brony|Hawlucha, M|100\/100\n|turn|3\n|\n|t:|1700119973\n|switch|p1a: Vaporeon|Vaporeon, M|100\/100\n|move|p2a: Brony|Dual Wingbeat|p1a: Vaporeon|[miss]\n|-miss|p2a: Brony|p1a: Vaporeon\n|\n|upkeep\n|turn|4\n|\n|t:|1700119988\n|switch|p2a: Paladin|Arcanine, M|100\/100\n|-ability|p2a: Paladin|Intimidate|boost\n|-unboost|p1a: Vaporeon|atk|1\n|switch|p1a: Salamence|Salamence, M|53\/100\n|-ability|p1a: Salamence|Intimidate|boost\n|-unboost|p2a: Paladin|atk|1\n|\n|upkeep\n|turn|5\n|\n|t:|1700119996\n|move|p1a: Salamence|Hydro Pump|p2a: Paladin\n|-supereffective|p2a: Paladin\n|-crit|p2a: Paladin\n|-damage|p2a: Paladin|0 fnt\n|faint|p2a: Paladin\n|\n|upkeep\n|\n|t:|1700120001\n|switch|p2a: Lester|Crabominable, M|100\/100\n|turn|6\n|\n|t:|1700120012\n|switch|p1a: Vaporeon|Vaporeon, M|100\/100\n|move|p2a: Lester|Avalanche|p1a: Vaporeon\n|-resisted|p1a: Vaporeon\n|-damage|p1a: Vaporeon|86\/100\n|\n|-heal|p1a: Vaporeon|92\/100|[from] item: Leftovers\n|upkeep\n|turn|7\n|\n|t:|1700120021\n|-singleturn|p2a: Lester|move: Focus Punch\n|move|p1a: Vaporeon|Hydro Pump|p2a: Lester\n|-damage|p2a: Lester|58\/100\n|cant|p2a: Lester|Focus Punch|Focus Punch\n|\n|-heal|p1a: Vaporeon|98\/100|[from] item: Leftovers\n|upkeep\n|turn|8\n|\n|t:|1700120029\n|-singleturn|p2a: Lester|move: Focus Punch\n|move|p1a: Vaporeon|Hydro Pump|p2a: Lester\n|-damage|p2a: Lester|14\/100\n|cant|p2a: Lester|Focus Punch|Focus Punch\n|\n|-heal|p1a: Vaporeon|100\/100|[from] item: Leftovers\n|upkeep\n|turn|9\n|\n|t:|1700120037\n|move|p1a: Vaporeon|Hydro Pump|p2a: Lester\n|-damage|p2a: Lester|0 fnt\n|faint|p2a: Lester\n|\n|upkeep\n|\n|t:|1700120042\n|switch|p2a: Theodore|Drampa, M|100\/100\n|turn|10\n|\n|t:|1700120045\n|move|p1a: Vaporeon|Ice Beam|p2a: Theodore\n|-supereffective|p2a: Theodore\n|-damage|p2a: Theodore|39\/100\n|-status|p2a: Theodore|frz\n|-ability|p2a: Theodore|Berserk|boost\n|-boost|p2a: Theodore|spa|1\n|cant|p2a: Theodore|frz\n|\n|upkeep\n|turn|11\n|\n|t:|1700120053\n|move|p1a: Vaporeon|Ice Beam|p2a: Theodore\n|-supereffective|p2a: Theodore\n|-damage|p2a: Theodore|0 fnt\n|faint|p2a: Theodore\n|\n|upkeep\n|\n|t:|1700120060\n|switch|p2a: Brony|Hawlucha, M|100\/100\n|turn|12\n|\n|t:|1700120063\n|move|p2a: Brony|High Jump Kick|p1a: Vaporeon\n|-damage|p1a: Vaporeon|53\/100\n|move|p1a: Vaporeon|Hydro Pump|p2a: Brony|[miss]\n|-miss|p1a: Vaporeon|p2a: Brony\n|\n|-heal|p1a: Vaporeon|59\/100|[from] item: Leftovers\n|upkeep\n|turn|13\n|\n|t:|1700120075\n|switch|p1a: Salamence|Salamence, M|53\/100\n|-ability|p1a: Salamence|Intimidate|boost\n|-unboost|p2a: Brony|atk|1\n|move|p2a: Brony|High Jump Kick|p1a: Salamence\n|-resisted|p1a: Salamence\n|-damage|p1a: Salamence|29\/100\n|\n|upkeep\n|turn|14\n|\n|t:|1700120084\n|-terastallize|p2a: Brony|Flying\n|move|p1a: Salamence|Air Slash|p2a: Brony\n|-damage|p2a: Brony|56\/100\n|move|p2a: Brony|Dual Wingbeat|p1a: Salamence\n|-damage|p1a: Salamence|12\/100\n|-damage|p1a: Salamence|0 fnt\n|faint|p1a: Salamence\n|-hitcount|p1: Salamence|2\n|\n|upkeep\n|\n|t:|1700120093\n|switch|p1a: Electivire|Electivire, M, shiny|100\/100\n|-item|p1a: Electivire|Air Balloon\n|turn|15\n|\n|t:|1700120106\n|move|p2a: Brony|High Jump Kick|p1a: Electivire\n|-damage|p1a: Electivire|46\/100\n|-enditem|p1a: Electivire|Air Balloon\n|move|p1a: Electivire|Thunder Punch|p2a: Brony\n|-supereffective|p2a: Brony\n|-damage|p2a: Brony|0 fnt\n|faint|p2a: Brony\n|\n|upkeep\n|\n|t:|1700120114\n|switch|p2a: Giru|Basculegion-F, F|100\/100\n|turn|16\n|\n|t:|1700120120\n|switch|p1a: Vaporeon|Vaporeon, M|59\/100\n|move|p2a: Giru|Blizzard|p1a: Vaporeon\n|-resisted|p1a: Vaporeon\n|-damage|p1a: Vaporeon|46\/100\n|\n|-heal|p1a: Vaporeon|52\/100|[from] item: Leftovers\n|upkeep\n|turn|17\n|\n|t:|1700120128\n|move|p2a: Giru|Chilling Water|p1a: Vaporeon\n|-heal|p1a: Vaporeon|77\/100|[from] ability: Water Absorb|[of] p2a: Giru\n|move|p1a: Vaporeon|Hidden Power|p2a: Giru\n|-supereffective|p2a: Giru\n|-damage|p2a: Giru|55\/100\n|\n|-heal|p2a: Giru|61\/100|[from] item: Leftovers\n|-heal|p1a: Vaporeon|83\/100|[from] item: Leftovers\n|upkeep\n|turn|18\n|\n|t:|1700120137\n|move|p2a: Giru|Blizzard|p1a: Vaporeon\n|-resisted|p1a: Vaporeon\n|-damage|p1a: Vaporeon|67\/100\n|-status|p1a: Vaporeon|frz\n|cant|p1a: Vaporeon|frz\n|\n|-heal|p2a: Giru|67\/100|[from] item: Leftovers\n|-heal|p1a: Vaporeon|73\/100 frz|[from] item: Leftovers\n|upkeep\n|turn|19\n|\n|t:|1700120146\n|move|p2a: Giru|Blizzard|p1a: Vaporeon\n|-resisted|p1a: Vaporeon\n|-damage|p1a: Vaporeon|58\/100 frz\n|cant|p1a: Vaporeon|frz\n|\n|-heal|p2a: Giru|73\/100|[from] item: Leftovers\n|-heal|p1a: Vaporeon|64\/100 frz|[from] item: Leftovers\n|upkeep\n|turn|20\n|\n|t:|1700120154\n|move|p2a: Giru|Blizzard|p1a: Vaporeon|[miss]\n|-miss|p2a: Giru|p1a: Vaporeon\n|cant|p1a: Vaporeon|frz\n|\n|-heal|p2a: Giru|79\/100|[from] item: Leftovers\n|-heal|p1a: Vaporeon|70\/100 frz|[from] item: Leftovers\n|upkeep\n|turn|21\n|\n|t:|1700120162\n|move|p2a: Giru|Blizzard|p1a: Vaporeon|[miss]\n|-miss|p2a: Giru|p1a: Vaporeon\n|cant|p1a: Vaporeon|frz\n|\n|-heal|p2a: Giru|85\/100|[from] item: Leftovers\n|-heal|p1a: Vaporeon|77\/100 frz|[from] item: Leftovers\n|upkeep\n|turn|22\n|\n|t:|1700120169\n|move|p2a: Giru|Blizzard|p1a: Vaporeon\n|-resisted|p1a: Vaporeon\n|-damage|p1a: Vaporeon|62\/100 frz\n|-curestatus|p1a: Vaporeon|frz|[msg]\n|move|p1a: Vaporeon|Hidden Power|p2a: Giru\n|-supereffective|p2a: Giru\n|-damage|p2a: Giru|41\/100\n|\n|-heal|p2a: Giru|47\/100|[from] item: Leftovers\n|-heal|p1a: Vaporeon|68\/100|[from] item: Leftovers\n|upkeep\n|turn|23\n|\n|t:|1700120179\n|move|p2a: Giru|Blizzard|p1a: Vaporeon\n|-resisted|p1a: Vaporeon\n|-damage|p1a: Vaporeon|55\/100\n|move|p1a: Vaporeon|Hidden Power|p2a: Giru\n|-supereffective|p2a: Giru\n|-damage|p2a: Giru|2\/100\n|\n|-heal|p2a: Giru|8\/100|[from] item: Leftovers\n|-heal|p1a: Vaporeon|61\/100|[from] item: Leftovers\n|upkeep\n|turn|24\n|\n|t:|1700120188\n|move|p2a: Giru|Blizzard|p1a: Vaporeon\n|-resisted|p1a: Vaporeon\n|-damage|p1a: Vaporeon|45\/100\n|move|p1a: Vaporeon|Hidden Power|p2a: Giru\n|-supereffective|p2a: Giru\n|-damage|p2a: Giru|0 fnt\n|faint|p2a: Giru\n|\n|win|runeatest\n|raw|runeatest's rating: 1128 &rarr; <strong>1144<\/strong><br \/>(+16 for winning)\n|raw|soefire's rating: 1000 &rarr; <strong>1000<\/strong><br \/>(+0 for losing)\n|c|\u2606soefire|gg\n","uploadtime":1700120197,"views":5,"p1id":"runeatest","p2id":"soefire","formatid":"gen9nationaldex","rating":1000,"private":0,"password":""}