{"id":"gen9nationaldex-1995105385","p1":"Quantum Rizzicist","p2":"afnkm","format":"[Gen 9] National Dex","log":"|html|<div class=\"broadcast-blue\"><strong>[Gen 9] National Dex is currently suspecting Sneasler! For information on how to participate check out the <a href=\"https:\/\/www.smogon.com\/forums\/threads\/sv-national-dex-suspect-8-just-dance.3731534\/\">suspect thread<\/a>.<\/strong><\/div>\n|j|\u2606Quantum Rizzicist\n|j|\u203dafnkm\n|t:|1700523131\n|gametype|singles\n|player|p1|Quantum Rizzicist|blue|1651\n|player|p2|afnkm|266|1897\n|teamsize|p1|6\n|teamsize|p2|6\n|gen|9\n|tier|[Gen 9] National Dex\n|rated|\n|rule|HP Percentage Mod: HP is shown in percentages\n|rule|Endless Battle Clause: Forcing endless battles is banned\n|rule|OHKO Clause: OHKO moves are banned\n|rule|Evasion Clause: Evasion abilities, items, and moves are banned\n|rule|Evasion Abilities Clause: Evasion abilities are banned\n|rule|Evasion Items Clause: Evasion items are banned\n|rule|Evasion Moves Clause: Evasion moves are banned\n|rule|Species Clause: Limit one of each Pok\u00e9mon\n|rule|Sleep Clause Mod: Limit one foe put to sleep\n|clearpoke\n|poke|p1|Heatran, F|\n|poke|p1|Ninetales-Alola, F|\n|poke|p1|Great Tusk|\n|poke|p1|Ursaluna, M|\n|poke|p1|Latias, F|\n|poke|p1|Kommo-o, F|\n|poke|p2|Charizard, M|\n|poke|p2|Great Tusk|\n|poke|p2|Garganacl, M|\n|poke|p2|Hatterene, F|\n|poke|p2|Rillaboom, M|\n|poke|p2|Sneasler, F|\n|teampreview\n|inactive|Battle timer is ON: inactive players will automatically lose when time's up. (requested by Quantum Rizzicist)\n|c|\u2606Quantum Rizzicist|gl hf\n|n|\u203dafnkm|afnkm\n|\n|t:|1700523162\n|start\n|switch|p1a: Heatran|Heatran, F|100\/100\n|switch|p2a: Charizard|Charizard, M|100\/100\n|turn|1\n|\n|t:|1700523180\n|detailschange|p2a: Charizard|Charizard-Mega-Y, M\n|-mega|p2a: Charizard|Charizard|Charizardite Y\n|-weather|SunnyDay|[from] ability: Drought|[of] p2a: Charizard\n|move|p2a: Charizard|Scorching Sands|p1a: Heatran\n|-supereffective|p1a: Heatran\n|-damage|p1a: Heatran|28\/100\n|move|p1a: Heatran|Magma Storm|p2a: Charizard|[miss]\n|-miss|p1a: Heatran|p2a: Charizard\n|\n|-weather|SunnyDay|[upkeep]\n|-heal|p1a: Heatran|34\/100|[from] item: Leftovers\n|upkeep\n|turn|2\n|\n|t:|1700523192\n|switch|p2a: Garganacl|Garganacl, M|100\/100\n|switch|p1a: Latias|Latias, F|100\/100\n|\n|-weather|SunnyDay|[upkeep]\n|upkeep\n|turn|3\n|\n|t:|1700523196\n|move|p1a: Latias|Calm Mind|p1a: Latias\n|-boost|p1a: Latias|spa|1\n|-boost|p1a: Latias|spd|1\n|move|p2a: Garganacl|Stealth Rock|p1a: Latias\n|-sidestart|p1: Quantum Rizzicist|move: Stealth Rock\n|\n|-weather|SunnyDay|[upkeep]\n|upkeep\n|turn|4\n|\n|t:|1700523214\n|switch|p2a: Hatterene|Hatterene, F|100\/100\n|detailschange|p1a: Latias|Latias-Mega, F\n|-mega|p1a: Latias|Latias|Latiasite\n|move|p1a: Latias|Calm Mind|p1a: Latias\n|-boost|p1a: Latias|spa|1\n|-boost|p1a: Latias|spd|1\n|\n|-weather|SunnyDay|[upkeep]\n|upkeep\n|turn|5\n|\n|t:|1700523221\n|move|p1a: Latias|Mystical Fire|p2a: Hatterene\n|-damage|p2a: Hatterene|33\/100\n|-unboost|p2a: Hatterene|spa|1\n|move|p2a: Hatterene|Calm Mind|p2a: Hatterene\n|-boost|p2a: Hatterene|spa|1\n|-boost|p2a: Hatterene|spd|1\n|\n|-weather|none\n|-heal|p2a: Hatterene|39\/100|[from] item: Leftovers\n|upkeep\n|turn|6\n|\n|t:|1700523232\n|move|p1a: Latias|Mystical Fire|p2a: Hatterene\n|-damage|p2a: Hatterene|10\/100\n|-unboost|p2a: Hatterene|spa|1\n|move|p2a: Hatterene|Nuzzle|p1a: Latias\n|-resisted|p1a: Latias\n|-damage|p1a: Latias|99\/100\n|-status|p1a: Latias|par\n|\n|-heal|p2a: Hatterene|16\/100|[from] item: Leftovers\n|upkeep\n|turn|7\n|\n|t:|1700523239\n|move|p1a: Latias|Calm Mind|p1a: Latias\n|-boost|p1a: Latias|spa|1\n|-boost|p1a: Latias|spd|1\n|move|p2a: Hatterene|Draining Kiss|p1a: Latias\n|-supereffective|p1a: Latias\n|-damage|p1a: Latias|90\/100 par\n|-heal|p2a: Hatterene|24\/100|[from] drain|[of] p1a: Latias\n|\n|-heal|p2a: Hatterene|30\/100|[from] item: Leftovers\n|upkeep\n|turn|8\n|\n|t:|1700523247\n|cant|p1a: Latias|par\n|move|p2a: Hatterene|Calm Mind|p2a: Hatterene\n|-boost|p2a: Hatterene|spa|1\n|-boost|p2a: Hatterene|spd|1\n|\n|-heal|p2a: Hatterene|36\/100|[from] item: Leftovers\n|upkeep\n|turn|9\n|\n|t:|1700523254\n|cant|p1a: Latias|par\n|move|p2a: Hatterene|Calm Mind|p2a: Hatterene\n|-boost|p2a: Hatterene|spa|1\n|-boost|p2a: Hatterene|spd|1\n|\n|-heal|p2a: Hatterene|42\/100|[from] item: Leftovers\n|upkeep\n|turn|10\n|\n|t:|1700523260\n|move|p1a: Latias|Stored Power|p2a: Hatterene\n|-resisted|p2a: Hatterene\n|-damage|p2a: Hatterene|11\/100\n|move|p2a: Hatterene|Draining Kiss|p1a: Latias\n|-supereffective|p1a: Latias\n|-damage|p1a: Latias|71\/100 par\n|-heal|p2a: Hatterene|27\/100|[from] drain|[of] p1a: Latias\n|\n|-heal|p2a: Hatterene|33\/100|[from] item: Leftovers\n|upkeep\n|turn|11\n|\n|t:|1700523269\n|move|p1a: Latias|Stored Power|p2a: Hatterene\n|-resisted|p2a: Hatterene\n|-damage|p2a: Hatterene|2\/100\n|move|p2a: Hatterene|Draining Kiss|p1a: Latias\n|-supereffective|p1a: Latias\n|-damage|p1a: Latias|53\/100 par\n|-heal|p2a: Hatterene|18\/100|[from] drain|[of] p1a: Latias\n|\n|-heal|p2a: Hatterene|24\/100|[from] item: Leftovers\n|upkeep\n|turn|12\n|\n|t:|1700523282\n|move|p1a: Latias|Stored Power|p2a: Hatterene\n|-resisted|p2a: Hatterene\n|-damage|p2a: Hatterene|0 fnt\n|faint|p2a: Hatterene\n|\n|upkeep\n|\n|t:|1700523284\n|switch|p2a: Great Tusk|Great Tusk|100\/100\n|turn|13\n|\n|t:|1700523290\n|move|p2a: Great Tusk|Ice Spinner|p1a: Latias\n|-supereffective|p1a: Latias\n|-damage|p1a: Latias|0 fnt\n|faint|p1a: Latias\n|-damage|p2a: Great Tusk|91\/100|[from] item: Life Orb\n|\n|upkeep\n|\n|t:|1700523295\n|switch|p1a: Great Tusk|Great Tusk|100\/100\n|-damage|p1a: Great Tusk|97\/100|[from] Stealth Rock\n|turn|14\n|\n|t:|1700523301\n|move|p2a: Great Tusk|Rapid Spin|p1a: Great Tusk\n|-damage|p1a: Great Tusk|87\/100\n|-boost|p2a: Great Tusk|spe|1\n|-damage|p2a: Great Tusk|81\/100|[from] item: Life Orb\n|move|p1a: Great Tusk|Ice Spinner|p2a: Great Tusk\n|-supereffective|p2a: Great Tusk\n|-damage|p2a: Great Tusk|44\/100\n|\n|-heal|p1a: Great Tusk|93\/100|[from] item: Leftovers\n|upkeep\n|turn|15\n|\n|t:|1700523310\n|move|p2a: Great Tusk|Ice Spinner|p1a: Great Tusk\n|-supereffective|p1a: Great Tusk\n|-damage|p1a: Great Tusk|60\/100\n|-damage|p2a: Great Tusk|34\/100|[from] item: Life Orb\n|move|p1a: Great Tusk|Ice Spinner|p2a: Great Tusk\n|-supereffective|p2a: Great Tusk\n|-damage|p2a: Great Tusk|0 fnt\n|faint|p2a: Great Tusk\n|-end|p2a: Great Tusk|Protosynthesis|[silent]\n|\n|-heal|p1a: Great Tusk|66\/100|[from] item: Leftovers\n|upkeep\n|\n|t:|1700523319\n|switch|p2a: Charizard|Charizard-Mega-Y, M|100\/100\n|-weather|SunnyDay|[from] ability: Drought|[of] p2a: Charizard\n|-activate|p1a: Great Tusk|ability: Protosynthesis\n|-start|p1a: Great Tusk|protosynthesisdef\n|turn|16\n|\n|t:|1700523336\n|-end|p1a: Great Tusk|Protosynthesis|[silent]\n|switch|p1a: Heatran|Heatran, F|34\/100\n|-damage|p1a: Heatran|22\/100|[from] Stealth Rock\n|move|p2a: Charizard|Weather Ball|p1a: Heatran\n|-start|p1a: Heatran|ability: Flash Fire\n|\n|-weather|SunnyDay|[upkeep]\n|-heal|p1a: Heatran|28\/100|[from] item: Leftovers\n|upkeep\n|turn|17\n|\n|t:|1700523350\n|-end|p1a: Heatran|ability: Flash Fire|[silent]\n|switch|p1a: Ninetales|Ninetales-Alola, F, shiny|100\/100\n|-damage|p1a: Ninetales|76\/100|[from] Stealth Rock\n|-weather|Snow|[from] ability: Snow Warning|[of] p1a: Ninetales\n|move|p2a: Charizard|Scorching Sands|p1a: Ninetales\n|-damage|p1a: Ninetales|45\/100\n|-status|p1a: Ninetales|brn\n|\n|-weather|Snow|[upkeep]\n|-damage|p1a: Ninetales|39\/100 brn|[from] brn\n|upkeep\n|turn|18\n|\n|t:|1700523360\n|switch|p2a: Garganacl|Garganacl, M|100\/100\n|move|p1a: Ninetales|Aurora Veil|p1a: Ninetales\n|-sidestart|p1: Quantum Rizzicist|move: Aurora Veil\n|\n|-weather|Snow|[upkeep]\n|-damage|p1a: Ninetales|33\/100 brn|[from] brn\n|upkeep\n|turn|19\n|\n|t:|1700523372\n|move|p1a: Ninetales|Moonblast|p2a: Garganacl\n|-damage|p2a: Garganacl|73\/100\n|-unboost|p2a: Garganacl|spa|1\n|move|p2a: Garganacl|Salt Cure|p1a: Ninetales\n|-supereffective|p1a: Ninetales\n|-damage|p1a: Ninetales|21\/100 brn\n|-start|p1a: Ninetales|Salt Cure\n|\n|-weather|Snow|[upkeep]\n|-heal|p2a: Garganacl|79\/100|[from] item: Leftovers\n|-damage|p1a: Ninetales|15\/100 brn|[from] brn\n|-damage|p1a: Ninetales|3\/100 brn|[from] Salt Cure\n|upkeep\n|turn|20\n|\n|t:|1700523379\n|move|p2a: Garganacl|Protect|p2a: Garganacl\n|-singleturn|p2a: Garganacl|Protect\n|move|p1a: Ninetales|Encore|p2a: Garganacl\n|-activate|p2a: Garganacl|move: Protect\n|\n|-weather|Snow|[upkeep]\n|-heal|p2a: Garganacl|85\/100|[from] item: Leftovers\n|-damage|p1a: Ninetales|0 fnt|[from] brn\n|faint|p1a: Ninetales\n|upkeep\n|\n|t:|1700523382\n|switch|p1a: Great Tusk|Great Tusk|66\/100\n|-damage|p1a: Great Tusk|63\/100|[from] Stealth Rock\n|turn|21\n|\n|t:|1700523386\n|move|p1a: Great Tusk|Rapid Spin|p2a: Garganacl\n|-resisted|p2a: Garganacl\n|-damage|p2a: Garganacl|82\/100\n|-boost|p1a: Great Tusk|spe|1\n|-sideend|p1: Quantum Rizzicist|Stealth Rock|[from] move: Rapid Spin|[of] p1a: Great Tusk\n|move|p2a: Garganacl|Salt Cure|p1a: Great Tusk\n|-resisted|p1a: Great Tusk\n|-damage|p1a: Great Tusk|62\/100\n|-start|p1a: Great Tusk|Salt Cure\n|\n|-weather|none\n|-heal|p1a: Great Tusk|68\/100|[from] item: Leftovers\n|-heal|p2a: Garganacl|88\/100|[from] item: Leftovers\n|-damage|p1a: Great Tusk|56\/100|[from] Salt Cure\n|upkeep\n|turn|22\n|\n|t:|1700523398\n|-end|p1a: Great Tusk|Protosynthesis|[silent]\n|switch|p1a: Ursaluna|Ursaluna, M|100\/100\n|switch|p2a: Charizard|Charizard-Mega-Y, M|100\/100\n|-weather|SunnyDay|[from] ability: Drought|[of] p2a: Charizard\n|\n|-weather|SunnyDay|[upkeep]\n|-status|p1a: Ursaluna|brn|[from] item: Flame Orb\n|upkeep\n|turn|23\n|\n|t:|1700523404\n|move|p2a: Charizard|Weather Ball|p1a: Ursaluna\n|-damage|p1a: Ursaluna|61\/100 brn\n|move|p1a: Ursaluna|Facade|p2a: Charizard\n|-damage|p2a: Charizard|0 fnt\n|faint|p2a: Charizard\n|\n|-weather|SunnyDay|[upkeep]\n|-damage|p1a: Ursaluna|55\/100 brn|[from] brn\n|upkeep\n|\n|t:|1700523408\n|switch|p2a: Rillaboom|Rillaboom, M|100\/100\n|-fieldstart|move: Grassy Terrain|[from] ability: Grassy Surge|[of] p2a: Rillaboom\n|turn|24\n|\n|t:|1700523413\n|-terastallize|p1a: Ursaluna|Fighting\n|move|p2a: Rillaboom|Wood Hammer|p1a: Ursaluna\n|-damage|p1a: Ursaluna|5\/100 brn\n|-damage|p2a: Rillaboom|83\/100|[from] Recoil\n|move|p1a: Ursaluna|Drain Punch|p2a: Rillaboom\n|-damage|p2a: Rillaboom|19\/100\n|-heal|p1a: Ursaluna|34\/100 brn|[from] drain|[of] p2a: Rillaboom\n|\n|-weather|SunnyDay|[upkeep]\n|-heal|p2a: Rillaboom|26\/100|[from] Grassy Terrain\n|-heal|p1a: Ursaluna|40\/100 brn|[from] Grassy Terrain\n|-damage|p1a: Ursaluna|34\/100 brn|[from] brn\n|upkeep\n|turn|25\n|\n|t:|1700523427\n|switch|p1a: Heatran|Heatran, F|28\/100\n|move|p2a: Rillaboom|Wood Hammer|p1a: Heatran\n|-resisted|p1a: Heatran\n|-damage|p1a: Heatran|14\/100\n|-damage|p2a: Rillaboom|21\/100|[from] Recoil\n|\n|-weather|SunnyDay|[upkeep]\n|-heal|p2a: Rillaboom|28\/100|[from] Grassy Terrain\n|-heal|p1a: Heatran|20\/100|[from] Grassy Terrain\n|-heal|p1a: Heatran|27\/100|[from] item: Leftovers\n|-sideend|p1: Quantum Rizzicist|move: Aurora Veil\n|upkeep\n|turn|26\n|\n|t:|1700523431\n|move|p2a: Rillaboom|Wood Hammer|p1a: Heatran\n|-resisted|p1a: Heatran\n|-damage|p1a: Heatran|0 fnt\n|faint|p1a: Heatran\n|-damage|p2a: Rillaboom|19\/100|[from] Recoil\n|\n|-weather|none\n|-heal|p2a: Rillaboom|26\/100|[from] Grassy Terrain\n|upkeep\n|\n|t:|1700523438\n|switch|p1a: Kommo-o|Kommo-o, F|100\/100\n|turn|27\n|\n|t:|1700523447\n|switch|p2a: Garganacl|Garganacl, M|88\/100\n|move|p1a: Kommo-o|Clangorous Soul|p1a: Kommo-o\n|-boost|p1a: Kommo-o|atk|1\n|-boost|p1a: Kommo-o|def|1\n|-boost|p1a: Kommo-o|spa|1\n|-boost|p1a: Kommo-o|spd|1\n|-boost|p1a: Kommo-o|spe|1\n|-damage|p1a: Kommo-o|68\/100\n|\n|-heal|p1a: Kommo-o|74\/100|[from] Grassy Terrain\n|-heal|p2a: Garganacl|94\/100|[from] Grassy Terrain\n|-heal|p2a: Garganacl|99\/100|[from] item: Leftovers\n|upkeep\n|turn|28\n|\n|t:|1700523452\n|-zpower|p1a: Kommo-o\n|move|p1a: Kommo-o|Clangorous Soulblaze|p2a: Garganacl|[zeffect]\n|-crit|p2a: Garganacl\n|-damage|p2a: Garganacl|0 fnt\n|faint|p2a: Garganacl\n|-boost|p1a: Kommo-o|atk|1\n|-boost|p1a: Kommo-o|def|1\n|-boost|p1a: Kommo-o|spa|1\n|-boost|p1a: Kommo-o|spd|1\n|-boost|p1a: Kommo-o|spe|1\n|\n|-heal|p1a: Kommo-o|80\/100|[from] Grassy Terrain\n|-fieldend|move: Grassy Terrain\n|upkeep\n|\n|t:|1700523456\n|switch|p2a: Rillaboom|Rillaboom, M|26\/100\n|-fieldstart|move: Grassy Terrain|[from] ability: Grassy Surge|[of] p2a: Rillaboom\n|turn|29\n|\n|t:|1700523461\n|move|p2a: Rillaboom|Grassy Glide|p1a: Kommo-o\n|-resisted|p1a: Kommo-o\n|-damage|p1a: Kommo-o|65\/100\n|move|p1a: Kommo-o|Drain Punch|p2a: Rillaboom\n|-damage|p2a: Rillaboom|0 fnt\n|-heal|p1a: Kommo-o|83\/100|[from] drain|[of] p2a: Rillaboom\n|faint|p2a: Rillaboom\n|\n|-heal|p1a: Kommo-o|89\/100|[from] Grassy Terrain\n|upkeep\n|\n|t:|1700523464\n|switch|p2a: Sneasler|Sneasler, F|100\/100\n|-enditem|p2a: Sneasler|Grassy Seed\n|-boost|p2a: Sneasler|def|1|[from] item: Grassy Seed\n|turn|30\n|\n|t:|1700523467\n|-terastallize|p2a: Sneasler|Flying\n|move|p2a: Sneasler|Swords Dance|p2a: Sneasler\n|-boost|p2a: Sneasler|atk|2\n|move|p1a: Kommo-o|Clanging Scales|p2a: Sneasler\n|-damage|p2a: Sneasler|0 fnt\n|faint|p2a: Sneasler\n|\n|win|Quantum Rizzicist\n|raw|Quantum Rizzicist's rating: 1651 &rarr; <strong>1683<\/strong><br \/>(+32 for winning)\n|raw|afnkm's rating: 1897 &rarr; <strong>1865<\/strong><br \/>(-32 for losing)\n|c|\u2606Quantum Rizzicist|gg\n","uploadtime":1700523505,"views":3,"p1id":"quantumrizzicist","p2id":"afnkm","formatid":"gen9nationaldex","rating":1683,"private":0,"password":""}