{"id":"gen9nationaldex-1998352286","p1":"IWillNeverGG","p2":"Reign Damon","format":"[Gen 9] National Dex","log":"|html|<div class=\"broadcast-blue\"><strong>[Gen 9] National Dex is currently suspecting Sneasler! For information on how to participate check out the <a href=\"https:\/\/www.smogon.com\/forums\/threads\/sv-national-dex-suspect-8-just-dance.3731534\/\">suspect thread<\/a>.<\/strong><\/div>\n|j|\u2606IWillNeverGG\n|j|\u2606Reign Damon\n|t:|1700932733\n|gametype|singles\n|player|p1|IWillNeverGG|shadowtriad|1196\n|player|p2|Reign Damon|cynthia|1242\n|teamsize|p1|6\n|teamsize|p2|6\n|gen|9\n|tier|[Gen 9] National Dex\n|rated|\n|rule|HP Percentage Mod: HP is shown in percentages\n|rule|Endless Battle Clause: Forcing endless battles is banned\n|rule|OHKO Clause: OHKO moves are banned\n|rule|Evasion Clause: Evasion abilities, items, and moves are banned\n|rule|Evasion Abilities Clause: Evasion abilities are banned\n|rule|Evasion Items Clause: Evasion items are banned\n|rule|Evasion Moves Clause: Evasion moves are banned\n|rule|Species Clause: Limit one of each Pok\u00e9mon\n|rule|Sleep Clause Mod: Limit one foe put to sleep\n|clearpoke\n|poke|p1|Grimmsnarl, M|\n|poke|p1|Maractus, L1, F|\n|poke|p1|Pawmot, M|\n|poke|p1|Charizard, F|\n|poke|p1|Blacephalon|\n|poke|p1|Excadrill, M|\n|poke|p2|Samurott-Hisui, F|\n|poke|p2|Slowbro, M|\n|poke|p2|Grimmsnarl, M|\n|poke|p2|Mawile, M|\n|poke|p2|Orbeetle, M|\n|poke|p2|Porygon|\n|teampreview\n|inactive|Battle timer is ON: inactive players will automatically lose when time's up. (requested by IWillNeverGG)\n|\n|t:|1700932747\n|start\n|switch|p1a: Excadrill|Excadrill, M|100\/100\n|switch|p2a: Slowbro|Slowbro, M|100\/100\n|-ability|p1a: Excadrill|Mold Breaker\n|-item|p1a: Excadrill|Air Balloon\n|turn|1\n|\n|t:|1700932760\n|move|p1a: Excadrill|Stealth Rock|p2a: Slowbro\n|-sidestart|p2: Reign Damon|move: Stealth Rock\n|move|p2a: Slowbro|Trick Room|p2a: Slowbro\n|-fieldstart|move: Trick Room|[of] p2a: Slowbro\n|\n|upkeep\n|turn|2\n|\n|t:|1700932771\n|switch|p1a: Grimmsnarl|Grimmsnarl, M|100\/100\n|move|p2a: Slowbro|Teleport|p2a: Slowbro\n|\n|t:|1700932775\n|switch|p2a: Samurott|Samurott-Hisui, F|100\/100|[from] Teleport\n|-damage|p2a: Samurott|88\/100|[from] Stealth Rock\n|\n|upkeep\n|turn|3\n|\n|t:|1700932781\n|move|p1a: Grimmsnarl|Reflect|p1a: Grimmsnarl\n|-sidestart|p1: IWillNeverGG|Reflect\n|move|p2a: Samurott|Swords Dance|p2a: Samurott\n|-boost|p2a: Samurott|atk|2\n|\n|upkeep\n|turn|4\n|\n|t:|1700932786\n|move|p1a: Grimmsnarl|Spirit Break|p2a: Samurott\n|-supereffective|p2a: Samurott\n|-damage|p2a: Samurott|14\/100\n|-unboost|p2a: Samurott|spa|1\n|move|p2a: Samurott|Aqua Cutter|p1a: Grimmsnarl\n|-damage|p1a: Grimmsnarl|29\/100\n|\n|upkeep\n|turn|5\n|\n|t:|1700932793\n|move|p2a: Samurott|Sucker Punch|p1a: Grimmsnarl\n|-resisted|p1a: Grimmsnarl\n|-damage|p1a: Grimmsnarl|16\/100\n|move|p1a: Grimmsnarl|Spirit Break|p2a: Samurott\n|-supereffective|p2a: Samurott\n|-damage|p2a: Samurott|0 fnt\n|faint|p2a: Samurott\n|\n|-fieldend|move: Trick Room\n|upkeep\n|\n|t:|1700932810\n|switch|p2a: Porygon|Porygon|100\/100\n|-damage|p2a: Porygon|88\/100|[from] Stealth Rock\n|-ability|p2a: Porygon|Prankster|[from] ability: Trace|[of] p1a: Grimmsnarl\n|turn|6\n|\n|t:|1700932814\n|move|p1a: Grimmsnarl|Taunt|p2a: Porygon\n|-start|p2a: Porygon|move: Taunt\n|cant|p2a: Porygon|move: Taunt|Trick Room\n|\n|upkeep\n|turn|7\n|\n|t:|1700932819\n|switch|p2a: Slowbro|Slowbro, M|100\/100\n|-damage|p2a: Slowbro|88\/100|[from] Stealth Rock\n|move|p1a: Grimmsnarl|Light Screen|p1a: Grimmsnarl\n|-sidestart|p1: IWillNeverGG|move: Light Screen\n|\n|-heal|p2a: Slowbro|94\/100|[from] item: Leftovers\n|upkeep\n|turn|8\n|\n|t:|1700932822\n|move|p1a: Grimmsnarl|Taunt|p2a: Slowbro\n|-start|p2a: Slowbro|move: Taunt\n|move|p2a: Slowbro|Body Press|p1a: Grimmsnarl\n|-damage|p1a: Grimmsnarl|0 fnt\n|faint|p1a: Grimmsnarl\n|\n|-heal|p2a: Slowbro|99\/100|[from] item: Leftovers\n|upkeep\n|\n|t:|1700932840\n|switch|p1a: plant fren :)|Maractus, L1, F, shiny|100\/100\n|turn|9\n|\n|t:|1700932846\n|switch|p2a: Orbeetle|Orbeetle, M|100\/100\n|-damage|p2a: Orbeetle|76\/100|[from] Stealth Rock\n|-item|p1a: plant fren :)|Focus Sash|[from] ability: Frisk|[of] p2a: Orbeetle|[identify]\n|move|p1a: plant fren :)|Endeavor|p2a: Orbeetle\n|-damage|p2a: Orbeetle|5\/100\n|\n|-heal|p2a: Orbeetle|11\/100|[from] item: Leftovers\n|upkeep\n|turn|10\n|\n|t:|1700932855\n|switch|p1a: Excadrill|Excadrill, M|100\/100\n|-ability|p1a: Excadrill|Mold Breaker\n|-item|p1a: Excadrill|Air Balloon\n|move|p2a: Orbeetle|Future Sight|p1a: Excadrill\n|-start|p2a: Orbeetle|move: Future Sight\n|\n|-heal|p2a: Orbeetle|17\/100|[from] item: Leftovers\n|-sideend|p1: IWillNeverGG|Reflect\n|upkeep\n|turn|11\n|\n|t:|1700932858\n|move|p1a: Excadrill|Rapid Spin|p2a: Orbeetle\n|-damage|p2a: Orbeetle|0 fnt\n|-boost|p1a: Excadrill|spe|1\n|faint|p2a: Orbeetle\n|\n|upkeep\n|\n|t:|1700932864\n|switch|p2a: Slowbro|Slowbro, M|100\/100\n|-damage|p2a: Slowbro|88\/100|[from] Stealth Rock\n|turn|12\n|\n|t:|1700932870\n|move|p1a: Excadrill|Earthquake|p2a: Slowbro\n|-damage|p2a: Slowbro|57\/100\n|move|p2a: Slowbro|Trick Room|p2a: Slowbro\n|-fieldstart|move: Trick Room|[of] p2a: Slowbro\n|\n|-end|p1a: Excadrill|move: Future Sight\n|-resisted|p1a: Excadrill\n|-damage|p1a: Excadrill|90\/100\n|-enditem|p1a: Excadrill|Air Balloon\n|-heal|p2a: Slowbro|63\/100|[from] item: Leftovers\n|upkeep\n|turn|13\n|\n|t:|1700932882\n|move|p1a: Excadrill|Iron Head|p2a: Slowbro\n|-resisted|p2a: Slowbro\n|-damage|p2a: Slowbro|51\/100\n|move|p2a: Slowbro|Teleport|p2a: Slowbro\n|\n|t:|1700932885\n|switch|p2a: Mawile|Mawile, M|100\/100|[from] Teleport\n|-damage|p2a: Mawile|95\/100|[from] Stealth Rock\n|-ability|p2a: Mawile|Intimidate|boost\n|-unboost|p1a: Excadrill|atk|1\n|\n|upkeep\n|turn|14\n|\n|t:|1700932890\n|detailschange|p2a: Mawile|Mawile-Mega, M\n|-mega|p2a: Mawile|Mawile|Mawilite\n|move|p2a: Mawile|Fire Fang|p1a: Excadrill\n|-supereffective|p1a: Excadrill\n|-damage|p1a: Excadrill|0 fnt\n|faint|p1a: Excadrill\n|\n|-sideend|p1: IWillNeverGG|move: Light Screen\n|upkeep\n|\n|t:|1700932905\n|switch|p1a: plant fren :)|Maractus, L1, F, shiny|100\/100\n|turn|15\n|\n|t:|1700932909\n|move|p1a: plant fren :)|Endeavor|p2a: Mawile\n|-damage|p2a: Mawile|5\/100\n|move|p2a: Mawile|Iron Head|p1a: plant fren :)\n|-enditem|p1a: plant fren :)|Focus Sash\n|-damage|p1a: plant fren :)|8\/100\n|\n|upkeep\n|turn|16\n|\n|t:|1700932917\n|move|p1a: plant fren :)|Spiky Shield|p1a: plant fren :)\n|-singleturn|p1a: plant fren :)|move: Protect\n|move|p2a: Mawile|Iron Head|p1a: plant fren :)\n|-activate|p1a: plant fren :)|move: Protect\n|-damage|p2a: Mawile|0 fnt|[from] Spiky Shield|[of] p1a: plant fren :)\n|faint|p2a: Mawile\n|\n|-fieldend|move: Trick Room\n|upkeep\n|\n|t:|1700932922\n|switch|p2a: Grimmsnarl|Grimmsnarl, M|100\/100\n|-damage|p2a: Grimmsnarl|88\/100|[from] Stealth Rock\n|turn|17\n|\n|t:|1700932926\n|move|p2a: Grimmsnarl|Play Rough|p1a: plant fren :)\n|-damage|p1a: plant fren :)|0 fnt\n|faint|p1a: plant fren :)\n|\n|upkeep\n|\n|t:|1700932934\n|switch|p1a: Blacephalon|Blacephalon|100\/100\n|turn|18\n|\n|t:|1700932940\n|switch|p2a: Porygon|Porygon|88\/100\n|-damage|p2a: Porygon|76\/100|[from] Stealth Rock\n|-ability|p2a: Porygon|Beast Boost|[from] ability: Trace|[of] p1a: Blacephalon\n|move|p1a: Blacephalon|Trick|p2a: Porygon\n|-activate|p1a: Blacephalon|move: Trick|[of] p2a: Porygon\n|-item|p2a: Porygon|Choice Scarf|[from] move: Trick\n|-item|p1a: Blacephalon|Eviolite|[from] move: Trick\n|\n|upkeep\n|turn|19\n|\n|t:|1700932956\n|switch|p1a: Pawmot|Pawmot, M|100\/100\n|move|p2a: Porygon|Teleport|p2a: Porygon\n|\n|t:|1700932959\n|switch|p2a: Grimmsnarl|Grimmsnarl, M|88\/100|[from] Teleport\n|-damage|p2a: Grimmsnarl|76\/100|[from] Stealth Rock\n|\n|upkeep\n|turn|20\n|\n|t:|1700932970\n|move|p1a: Pawmot|Revival Blessing|p1a: Pawmot\n|-enditem|p1a: Pawmot|Leppa Berry|[eat]\n|-activate|p1a: Pawmot|item: Leppa Berry|Revival Blessing|[consumed]\n|\n|t:|1700932974\n|-heal|p1: Excadrill|50\/100|[from] move: Revival Blessing\n|move|p2a: Grimmsnarl|Play Rough|p1a: Pawmot\n|-supereffective|p1a: Pawmot\n|-damage|p1a: Pawmot|0 fnt\n|faint|p1a: Pawmot\n|\n|upkeep\n|\n|t:|1700932976\n|switch|p1a: Excadrill|Excadrill, M|50\/100\n|-ability|p1a: Excadrill|Mold Breaker\n|turn|21\n|\n|t:|1700932988\n|switch|p2a: Porygon|Porygon|76\/100\n|-damage|p2a: Porygon|64\/100|[from] Stealth Rock\n|-ability|p2a: Porygon|Mold Breaker\n|-ability|p2a: Porygon|Mold Breaker|[from] ability: Trace|[of] p1a: Excadrill\n|move|p1a: Excadrill|Iron Head|p2a: Porygon\n|-damage|p2a: Porygon|3\/100\n|\n|upkeep\n|turn|22\n|\n|t:|1700932994\n|move|p1a: Excadrill|Rapid Spin|p2a: Porygon\n|-damage|p2a: Porygon|0 fnt\n|-boost|p1a: Excadrill|spe|1\n|faint|p2a: Porygon\n|\n|upkeep\n|\n|t:|1700932999\n|switch|p2a: Slowbro|Slowbro, M|85\/100\n|-damage|p2a: Slowbro|72\/100|[from] Stealth Rock\n|turn|23\n|\n|t:|1700933005\n|switch|p1a: Blacephalon|Blacephalon|100\/100\n|move|p2a: Slowbro|Trick Room|p2a: Slowbro\n|-fieldstart|move: Trick Room|[of] p2a: Slowbro\n|\n|-heal|p2a: Slowbro|78\/100|[from] item: Leftovers\n|upkeep\n|turn|24\n|c|\u2606IWillNeverGG|go on\n|c|\u2606IWillNeverGG|switch\n|c|\u2606IWillNeverGG|or free leftovers\n|inactive|Reign Damon has 120 seconds left.\n|inactive|Reign Damon has 90 seconds left.\n|inactive|Reign Damon has 60 seconds left.\n|\n|t:|1700933100\n|switch|p2a: Grimmsnarl|Grimmsnarl, M|76\/100\n|-damage|p2a: Grimmsnarl|63\/100|[from] Stealth Rock\n|move|p1a: Blacephalon|Trick|p2a: Grimmsnarl\n|-activate|p1a: Blacephalon|move: Trick|[of] p2a: Grimmsnarl\n|-item|p2a: Grimmsnarl|Eviolite|[from] move: Trick\n|-item|p1a: Blacephalon|Choice Band|[from] move: Trick\n|\n|upkeep\n|turn|25\n|inactive|Reign Damon has 60 seconds left.\n|\n|t:|1700933122\n|switch|p2a: Slowbro|Slowbro, M|100\/100\n|-damage|p2a: Slowbro|88\/100|[from] Stealth Rock\n|switch|p1a: Charizard|Charizard, F|100\/100\n|\n|-heal|p2a: Slowbro|94\/100|[from] item: Leftovers\n|upkeep\n|turn|26\n|\n|t:|1700933131\n|detailschange|p1a: Charizard|Charizard-Mega-X, F\n|-mega|p1a: Charizard|Charizard|Charizardite X\n|move|p2a: Slowbro|Toxic|p1a: Charizard|[miss]\n|-miss|p2a: Slowbro|p1a: Charizard\n|move|p1a: Charizard|Dragon Dance|p1a: Charizard\n|-boost|p1a: Charizard|atk|1\n|-boost|p1a: Charizard|spe|1\n|\n|-heal|p2a: Slowbro|99\/100|[from] item: Leftovers\n|upkeep\n|turn|27\n|inactive|Reign Damon has 60 seconds left.\n|\n|t:|1700933153\n|switch|p1a: Excadrill|Excadrill, M|50\/100\n|-ability|p1a: Excadrill|Mold Breaker\n|move|p2a: Slowbro|Toxic|p1a: Excadrill\n|-immune|p1a: Excadrill\n|\n|-heal|p2a: Slowbro|100\/100|[from] item: Leftovers\n|-fieldend|move: Trick Room\n|upkeep\n|turn|28\n|\n|t:|1700933159\n|move|p1a: Excadrill|Earthquake|p2a: Slowbro\n|-damage|p2a: Slowbro|69\/100\n|move|p2a: Slowbro|Body Press|p1a: Excadrill\n|-supereffective|p1a: Excadrill\n|-damage|p1a: Excadrill|0 fnt\n|faint|p1a: Excadrill\n|\n|-heal|p2a: Slowbro|75\/100|[from] item: Leftovers\n|upkeep\n|\n|t:|1700933163\n|switch|p1a: Blacephalon|Blacephalon|100\/100\n|turn|29\n|\n|t:|1700933168\n|switch|p2a: Grimmsnarl|Grimmsnarl, M|63\/100\n|-damage|p2a: Grimmsnarl|51\/100|[from] Stealth Rock\n|move|p1a: Blacephalon|Trick|p2a: Grimmsnarl\n|-activate|p1a: Blacephalon|move: Trick|[of] p2a: Grimmsnarl\n|-item|p2a: Grimmsnarl|Choice Band|[from] move: Trick\n|-item|p1a: Blacephalon|Eviolite|[from] move: Trick\n|\n|upkeep\n|turn|30\n|\n|t:|1700933180\n|-terastallize|p1a: Blacephalon|Flying\n|move|p1a: Blacephalon|Flamethrower|p2a: Grimmsnarl\n|-damage|p2a: Grimmsnarl|0 fnt\n|faint|p2a: Grimmsnarl\n|-ability|p1a: Blacephalon|Beast Boost|boost\n|-boost|p1a: Blacephalon|spa|1\n|\n|upkeep\n|-message|Reign Damon forfeited.\n|\n|win|IWillNeverGG\n|raw|IWillNeverGG's rating: 1196 &rarr; <strong>1224<\/strong><br \/>(+28 for winning)\n|raw|Reign Damon's rating: 1242 &rarr; <strong>1214<\/strong><br \/>(-28 for losing)\n|l|\u2606Reign Damon\n","uploadtime":1700933191,"views":0,"p1id":"iwillnevergg","p2id":"reigndamon","formatid":"gen9nationaldex","rating":1214,"private":0,"password":""}