{"id":"gen9nationaldex-2000087791","p1":"SSSSSSlizard","p2":"neferp1tou","format":"[Gen 9] National Dex","log":"|html|<div class=\"broadcast-blue\"><strong>[Gen 9] National Dex is currently suspecting Sneasler! For information on how to participate check out the <a href=\"https:\/\/www.smogon.com\/forums\/threads\/sv-national-dex-suspect-8-just-dance.3731534\/\">suspect thread<\/a>.<\/strong><\/div>\n|j|\u2606SSSSSSlizard\n|j|\u2606neferp1tou\n|t:|1701152455\n|gametype|singles\n|player|p1|SSSSSSlizard|irida|1673\n|player|p2|neferp1tou|2|1669\n|teamsize|p1|6\n|teamsize|p2|6\n|gen|9\n|tier|[Gen 9] National Dex\n|rated|\n|rule|HP Percentage Mod: HP is shown in percentages\n|rule|Endless Battle Clause: Forcing endless battles is banned\n|rule|OHKO Clause: OHKO moves are banned\n|rule|Evasion Clause: Evasion abilities, items, and moves are banned\n|rule|Evasion Abilities Clause: Evasion abilities are banned\n|rule|Evasion Items Clause: Evasion items are banned\n|rule|Evasion Moves Clause: Evasion moves are banned\n|rule|Species Clause: Limit one of each Pok\u00e9mon\n|rule|Sleep Clause Mod: Limit one foe put to sleep\n|clearpoke\n|poke|p1|Gyarados, F|\n|poke|p1|Sneasler, F|\n|poke|p1|Landorus-Therian, M|\n|poke|p1|Ceruledge, M|\n|poke|p1|Tapu Koko|\n|poke|p1|Kommo-o, M|\n|poke|p2|Clefable, M|\n|poke|p2|Slowking-Galar, F|\n|poke|p2|Gliscor, F|\n|poke|p2|Alomomola, L99, F|\n|poke|p2|Skeledirge, M|\n|poke|p2|Maushold-Four|\n|teampreview\n|j| hainiumm\n|inactive|Battle timer is ON: inactive players will automatically lose when time's up. (requested by SSSSSSlizard)\n|inactive|neferp1tou has 120 seconds left.\n|\n|t:|1701152563\n|start\n|switch|p1a: Landorus|Landorus-Therian, M|100\/100\n|switch|p2a: Alomomola|Alomomola, L99, F|100\/100\n|-ability|p1a: Landorus|Intimidate|boost\n|-unboost|p2a: Alomomola|atk|1\n|turn|1\n|l| hainiumm\n|\n|t:|1701152566\n|move|p1a: Landorus|Taunt|p2a: Alomomola\n|-start|p2a: Alomomola|move: Taunt\n|move|p2a: Alomomola|Knock Off|p1a: Landorus\n|-damage|p1a: Landorus|88\/100\n|-enditem|p1a: Landorus|Focus Sash|[from] move: Knock Off|[of] p2a: Alomomola\n|\n|upkeep\n|turn|2\n|\n|t:|1701152570\n|move|p1a: Landorus|Stealth Rock|p2a: Alomomola\n|-sidestart|p2: neferp1tou|move: Stealth Rock\n|move|p2a: Alomomola|Scald|p1a: Landorus\n|-supereffective|p1a: Landorus\n|-crit|p1a: Landorus\n|-damage|p1a: Landorus|39\/100\n|\n|upkeep\n|turn|3\n|\n|t:|1701152574\n|move|p1a: Landorus|Earthquake|p2a: Alomomola\n|-damage|p2a: Alomomola|62\/100\n|move|p2a: Alomomola|Scald|p1a: Landorus\n|-supereffective|p1a: Landorus\n|-damage|p1a: Landorus|6\/100\n|\n|-end|p2a: Alomomola|move: Taunt\n|upkeep\n|turn|4\n|\n|t:|1701152577\n|move|p1a: Landorus|Explosion|p2a: Alomomola\n|-damage|p2a: Alomomola|0 fnt\n|faint|p1a: Landorus\n|faint|p2a: Alomomola\n|\n|upkeep\n|\n|t:|1701152585\n|switch|p1a: Tapu Koko|Tapu Koko|100\/100\n|switch|p2a: Slowking|Slowking-Galar, F|100\/100\n|-fieldstart|move: Electric Terrain|[from] ability: Electric Surge|[of] p1a: Tapu Koko\n|-damage|p2a: Slowking|88\/100|[from] Stealth Rock\n|turn|5\n|\n|t:|1701152589\n|move|p1a: Tapu Koko|Light Screen|p1a: Tapu Koko\n|-sidestart|p1: SSSSSSlizard|move: Light Screen\n|move|p2a: Slowking|Sludge Bomb|p1a: Tapu Koko\n|-supereffective|p1a: Tapu Koko\n|-damage|p1a: Tapu Koko|42\/100\n|\n|upkeep\n|turn|6\n|\n|t:|1701152609\n|move|p1a: Tapu Koko|U-turn|p2a: Slowking\n|-damage|p2a: Slowking|72\/100\n|\n|t:|1701152612\n|switch|p1a: Gyarados|Gyarados, F|100\/100|[from] U-turn\n|-ability|p1a: Gyarados|Intimidate|boost\n|-unboost|p2a: Slowking|atk|1\n|move|p2a: Slowking|Sludge Bomb|p1a: Gyarados\n|-crit|p1a: Gyarados\n|-damage|p1a: Gyarados|33\/100\n|-status|p1a: Gyarados|psn\n|\n|-damage|p1a: Gyarados|20\/100 psn|[from] psn\n|upkeep\n|turn|7\n|\n|t:|1701152625\n|switch|p2a: Clefable|Clefable, M|100\/100\n|detailschange|p1a: Gyarados|Gyarados-Mega, F\n|-mega|p1a: Gyarados|Gyarados|Gyaradosite\n|-ability|p1a: Gyarados|Mold Breaker\n|move|p1a: Gyarados|Earthquake|p2a: Clefable\n|-damage|p2a: Clefable|69\/100\n|\n|-heal|p2a: Clefable|75\/100|[from] item: Leftovers\n|-damage|p1a: Gyarados|8\/100 psn|[from] psn\n|upkeep\n|turn|8\n|inactive|neferp1tou has 120 seconds left.\n|inactive|neferp1tou has 90 seconds left.\n|\n|t:|1701152704\n|move|p1a: Gyarados|Taunt|p2a: Clefable\n|-start|p2a: Clefable|move: Taunt\n|cant|p2a: Clefable|move: Taunt|Stealth Rock\n|\n|-heal|p2a: Clefable|81\/100|[from] item: Leftovers\n|-damage|p1a: Gyarados|0 fnt|[from] psn\n|faint|p1a: Gyarados\n|upkeep\n|inactive|SSSSSSlizard has 120 seconds left.\n|\n|t:|1701152758\n|switch|p1a: Sneasler|Sneasler, F|100\/100\n|-enditem|p1a: Sneasler|Electric Seed\n|-boost|p1a: Sneasler|def|1|[from] item: Electric Seed\n|turn|9\n|\n|t:|1701152786\n|switch|p1a: Ceruledge|Ceruledge, M|100\/100\n|switch|p2a: Skeledirge|Skeledirge, M|100\/100\n|\n|-fieldend|move: Electric Terrain\n|upkeep\n|turn|10\n|\n|t:|1701152794\n|switch|p2a: Maushold|Maushold-Four|100\/100\n|-damage|p2a: Maushold|88\/100|[from] Stealth Rock\n|move|p1a: Ceruledge|Swords Dance|p1a: Ceruledge\n|-boost|p1a: Ceruledge|atk|2\n|\n|upkeep\n|turn|11\n|\n|t:|1701152807\n|move|p2a: Maushold|Tidy Up|p2a: Maushold\n|-sideend|p2: neferp1tou|Stealth Rock\n|-activate|p2a: Maushold|move: Tidy Up\n|-boost|p2a: Maushold|atk|1\n|-boost|p2a: Maushold|spe|1\n|move|p1a: Ceruledge|Bitter Blade|p2a: Maushold\n|-damage|p2a: Maushold|0 fnt\n|faint|p2a: Maushold\n|\n|upkeep\n|inactive|neferp1tou has 60 seconds left.\n|\n|t:|1701152844\n|switch|p2a: Gliscor|Gliscor, F|100\/100\n|turn|12\n|inactive|SSSSSSlizard has 90 seconds left.\n|\n|t:|1701152875\n|-terastallize|p1a: Ceruledge|Ghost\n|move|p1a: Ceruledge|Poltergeist|p2a: Gliscor\n|-activate|p2a: Gliscor|move: Poltergeist|Toxic Orb\n|-damage|p2a: Gliscor|0 fnt\n|faint|p2a: Gliscor\n|\n|-sideend|p1: SSSSSSlizard|move: Light Screen\n|upkeep\n|inactive|neferp1tou has 60 seconds left.\n|-message|neferp1tou forfeited.\n|\n|win|SSSSSSlizard\n|raw|SSSSSSlizard's rating: 1673 &rarr; <strong>1694<\/strong><br \/>(+21 for winning)\n|raw|neferp1tou's rating: 1692 &rarr; <strong>1671<\/strong><br \/>(-21 for losing)\n|l|\u2606neferp1tou\n","uploadtime":1701152903,"views":3,"p1id":"sssssslizard","p2id":"neferp1tou","formatid":"gen9nationaldex","rating":1671,"private":0,"password":""}