{"id":"gen9nationaldex-1990541210","p1":"MOUTH OF SOUTH","p2":"88NASSULLY","format":"[Gen 9] National Dex","log":"|j|\u2606MOUTH OF SOUTH\n|j|\u260688NASSULLY\n|t:|1699979931\n|gametype|singles\n|player|p1|MOUTH OF SOUTH|101|1218\n|player|p2|88NASSULLY|flint|1336\n|teamsize|p1|6\n|teamsize|p2|6\n|gen|9\n|tier|[Gen 9] National Dex\n|rated|\n|rule|HP Percentage Mod: HP is shown in percentages\n|rule|Endless Battle Clause: Forcing endless battles is banned\n|rule|OHKO Clause: OHKO moves are banned\n|rule|Evasion Clause: Evasion abilities, items, and moves are banned\n|rule|Evasion Abilities Clause: Evasion abilities are banned\n|rule|Evasion Items Clause: Evasion items are banned\n|rule|Evasion Moves Clause: Evasion moves are banned\n|rule|Species Clause: Limit one of each Pok\u00e9mon\n|rule|Sleep Clause Mod: Limit one foe put to sleep\n|clearpoke\n|poke|p1|Sinistcha|\n|poke|p1|Tyranitar, F|\n|poke|p1|Excadrill, M|\n|poke|p1|Gliscor, F|\n|poke|p1|Ogerpon-Wellspring, F|\n|poke|p1|Corviknight, F|\n|poke|p2|Mawile, F|\n|poke|p2|Gliscor, M|\n|poke|p2|Zeraora|\n|poke|p2|Scizor, M|\n|poke|p2|Kingdra, F|\n|poke|p2|Gallade, M|\n|teampreview\n|\n|t:|1699979973\n|start\n|switch|p1a: BLOODY BLUNTS|Corviknight, F|100\/100\n|switch|p2a: My Boy Got Banned|Gliscor, M|100\/100\n|-ability|p1a: BLOODY BLUNTS|Pressure\n|turn|1\n|\n|t:|1699979982\n|move|p2a: My Boy Got Banned|Stealth Rock|p1a: BLOODY BLUNTS\n|-sidestart|p1: MOUTH OF SOUTH|move: Stealth Rock\n|move|p1a: BLOODY BLUNTS|U-turn|p2a: My Boy Got Banned\n|-resisted|p2a: My Boy Got Banned\n|-damage|p2a: My Boy Got Banned|95\/100\n|\n|t:|1699979990\n|switch|p1a: PURRP IN THE BLUNT|Gliscor, F|100\/100|[from] U-turn\n|-damage|p1a: PURRP IN THE BLUNT|88\/100|[from] Stealth Rock\n|\n|-status|p2a: My Boy Got Banned|tox|[from] item: Toxic Orb\n|-status|p1a: PURRP IN THE BLUNT|tox|[from] item: Toxic Orb\n|upkeep\n|turn|2\n|\n|t:|1699980009\n|move|p2a: My Boy Got Banned|Taunt|p1a: PURRP IN THE BLUNT\n|-start|p1a: PURRP IN THE BLUNT|move: Taunt\n|cant|p1a: PURRP IN THE BLUNT|move: Taunt|Spikes\n|\n|-heal|p2a: My Boy Got Banned|100\/100 tox|[from] ability: Poison Heal\n|-heal|p1a: PURRP IN THE BLUNT|100\/100 tox|[from] ability: Poison Heal\n|upkeep\n|turn|3\n|\n|t:|1699980069\n|switch|p2a: Amatsu|Kingdra, F|100\/100\n|switch|p1a: BLOODY BLUNTS|Corviknight, F|100\/100\n|-damage|p1a: BLOODY BLUNTS|88\/100|[from] Stealth Rock\n|-ability|p1a: BLOODY BLUNTS|Pressure\n|\n|upkeep\n|turn|4\n|\n|t:|1699980077\n|move|p2a: Amatsu|Rain Dance|p2a: Amatsu\n|-weather|RainDance\n|move|p1a: BLOODY BLUNTS|U-turn|p2a: Amatsu\n|-damage|p2a: Amatsu|84\/100\n|\n|t:|1699980082\n|switch|p1a: IN YO HOOD|Tyranitar, F|100\/100|[from] U-turn\n|-damage|p1a: IN YO HOOD|88\/100|[from] Stealth Rock\n|-weather|Sandstorm|[from] ability: Sand Stream|[of] p1a: IN YO HOOD\n|\n|-weather|Sandstorm|[upkeep]\n|-damage|p2a: Amatsu|78\/100|[from] Sandstorm\n|upkeep\n|turn|5\n|\n|t:|1699980089\n|switch|p1a: SMOKING SUICIDE|Ogerpon-Wellspring, F|100\/100\n|-damage|p1a: SMOKING SUICIDE|88\/100|[from] Stealth Rock\n|move|p2a: Amatsu|Rain Dance|p2a: Amatsu\n|-weather|RainDance\n|\n|-weather|RainDance|[upkeep]\n|upkeep\n|turn|6\n|\n|t:|1699980103\n|switch|p2a: Papercuts|Gallade, M|100\/100\n|-terastallize|p1a: SMOKING SUICIDE|Water\n|detailschange|p1a: SMOKING SUICIDE|Ogerpon-Wellspring-Tera, F, tera:Water\n|-ability|p1a: SMOKING SUICIDE|Embody Aspect (Wellspring)|boost\n|-boost|p1a: SMOKING SUICIDE|spd|1\n|move|p1a: SMOKING SUICIDE|Horn Leech|p2a: Papercuts\n|-damage|p2a: Papercuts|29\/100\n|-heal|p1a: SMOKING SUICIDE|100\/100|[from] drain|[of] p2a: Papercuts\n|\n|-weather|RainDance|[upkeep]\n|upkeep\n|turn|7\n|\n|t:|1699980116\n|move|p2a: Papercuts|Leaf Blade|p1a: SMOKING SUICIDE\n|-supereffective|p1a: SMOKING SUICIDE\n|-crit|p1a: SMOKING SUICIDE\n|-damage|p1a: SMOKING SUICIDE|0 fnt\n|faint|p1a: SMOKING SUICIDE\n|\n|-weather|RainDance|[upkeep]\n|upkeep\n|\n|t:|1699980121\n|switch|p1a: SIPPIN TEA|Sinistcha|100\/100\n|-damage|p1a: SIPPIN TEA|88\/100|[from] Stealth Rock\n|turn|8\n|\n|t:|1699980130\n|switch|p2a: Amatsu|Kingdra, F|78\/100\n|move|p1a: SIPPIN TEA|Calm Mind|p1a: SIPPIN TEA\n|-boost|p1a: SIPPIN TEA|spa|1\n|-boost|p1a: SIPPIN TEA|spd|1\n|\n|-weather|RainDance|[upkeep]\n|-heal|p1a: SIPPIN TEA|94\/100|[from] item: Leftovers\n|upkeep\n|turn|9\n|\n|t:|1699980139\n|switch|p2a: My Boy Got Banned|Gliscor, M|100\/100 tox\n|move|p1a: SIPPIN TEA|Matcha Gotcha|p2a: My Boy Got Banned\n|-damage|p2a: My Boy Got Banned|56\/100 tox\n|-heal|p1a: SIPPIN TEA|100\/100|[from] drain|[of] p2a: My Boy Got Banned\n|\n|-weather|none\n|-heal|p2a: My Boy Got Banned|68\/100 tox|[from] ability: Poison Heal\n|upkeep\n|turn|10\n|\n|t:|1699980151\n|move|p2a: My Boy Got Banned|Taunt|p1a: SIPPIN TEA\n|-start|p1a: SIPPIN TEA|move: Taunt\n|move|p1a: SIPPIN TEA|Matcha Gotcha|p2a: My Boy Got Banned|[miss]\n|-miss|p1a: SIPPIN TEA|p2a: My Boy Got Banned\n|\n|-heal|p2a: My Boy Got Banned|80\/100 tox|[from] ability: Poison Heal\n|upkeep\n|turn|11\n|\n|t:|1699980159\n|move|p2a: My Boy Got Banned|Toxic|p1a: SIPPIN TEA\n|-status|p1a: SIPPIN TEA|tox\n|move|p1a: SIPPIN TEA|Matcha Gotcha|p2a: My Boy Got Banned\n|-damage|p2a: My Boy Got Banned|31\/100 tox\n|\n|-heal|p2a: My Boy Got Banned|44\/100 tox|[from] ability: Poison Heal\n|-damage|p1a: SIPPIN TEA|94\/100 tox|[from] psn\n|upkeep\n|turn|12\n|\n|t:|1699980171\n|move|p2a: My Boy Got Banned|Earthquake|p1a: SIPPIN TEA\n|-resisted|p1a: SIPPIN TEA\n|-damage|p1a: SIPPIN TEA|83\/100 tox\n|move|p1a: SIPPIN TEA|Shadow Ball|p2a: My Boy Got Banned\n|-damage|p2a: My Boy Got Banned|0 fnt\n|faint|p2a: My Boy Got Banned\n|\n|-heal|p1a: SIPPIN TEA|89\/100 tox|[from] item: Leftovers\n|-damage|p1a: SIPPIN TEA|77\/100 tox|[from] psn\n|-end|p1a: SIPPIN TEA|move: Taunt\n|upkeep\n|\n|t:|1699980187\n|switch|p2a: She Eats|Mawile, F|100\/100\n|-ability|p2a: She Eats|Intimidate|boost\n|-unboost|p1a: SIPPIN TEA|atk|1\n|turn|13\n|\n|t:|1699980192\n|detailschange|p2a: She Eats|Mawile-Mega, F\n|-mega|p2a: She Eats|Mawile|Mawilite\n|move|p2a: She Eats|Sucker Punch||[still]\n|-fail|p2a: She Eats\n|move|p1a: SIPPIN TEA|Strength Sap|p2a: She Eats\n|-unboost|p2a: She Eats|atk|1\n|-heal|p1a: SIPPIN TEA|100\/100 tox\n|\n|-damage|p1a: SIPPIN TEA|82\/100 tox|[from] psn\n|upkeep\n|turn|14\n|\n|t:|1699980201\n|move|p1a: SIPPIN TEA|Shadow Ball|p2a: She Eats\n|-damage|p2a: She Eats|43\/100\n|-unboost|p2a: She Eats|spd|1\n|move|p2a: She Eats|Swords Dance|p2a: She Eats\n|-boost|p2a: She Eats|atk|2\n|\n|-heal|p1a: SIPPIN TEA|88\/100 tox|[from] item: Leftovers\n|-damage|p1a: SIPPIN TEA|64\/100 tox|[from] psn\n|upkeep\n|turn|15\n|\n|t:|1699980212\n|move|p1a: SIPPIN TEA|Strength Sap|p2a: She Eats\n|-unboost|p2a: She Eats|atk|1\n|-heal|p1a: SIPPIN TEA|100\/100 tox\n|move|p2a: She Eats|Iron Head|p1a: SIPPIN TEA\n|-damage|p1a: SIPPIN TEA|45\/100 tox\n|\n|-heal|p1a: SIPPIN TEA|51\/100 tox|[from] item: Leftovers\n|-damage|p1a: SIPPIN TEA|20\/100 tox|[from] psn\n|upkeep\n|turn|16\n|\n|t:|1699980223\n|move|p2a: She Eats|Sucker Punch||[still]\n|-fail|p2a: She Eats\n|move|p1a: SIPPIN TEA|Strength Sap|p2a: She Eats\n|-unboost|p2a: She Eats|atk|1\n|-heal|p1a: SIPPIN TEA|100\/100 tox\n|\n|-damage|p1a: SIPPIN TEA|64\/100 tox|[from] psn\n|upkeep\n|turn|17\n|\n|t:|1699980238\n|move|p1a: SIPPIN TEA|Shadow Ball|p2a: She Eats\n|-damage|p2a: She Eats|0 fnt\n|faint|p2a: She Eats\n|\n|-heal|p1a: SIPPIN TEA|70\/100 tox|[from] item: Leftovers\n|-damage|p1a: SIPPIN TEA|27\/100 tox|[from] psn\n|upkeep\n|\n|t:|1699980247\n|switch|p2a: Papercuts|Gallade, M|29\/100\n|turn|18\n|c|\u260688NASSULLY|i played that horribly\n|\n|t:|1699980269\n|move|p2a: Papercuts|Psycho Cut|p1a: SIPPIN TEA\n|-damage|p1a: SIPPIN TEA|0 fnt\n|faint|p1a: SIPPIN TEA\n|\n|upkeep\n|\n|t:|1699980272\n|switch|p1a: IN YO HOOD|Tyranitar, F|88\/100\n|-damage|p1a: IN YO HOOD|76\/100|[from] Stealth Rock\n|-weather|Sandstorm|[from] ability: Sand Stream|[of] p1a: IN YO HOOD\n|turn|19\n|\n|t:|1699980289\n|switch|p2a: Red Ribbon|Scizor, M|100\/100\n|detailschange|p1a: IN YO HOOD|Tyranitar-Mega, F\n|-mega|p1a: IN YO HOOD|Tyranitar|Tyranitarite\n|move|p1a: IN YO HOOD|Knock Off|p2a: Red Ribbon\n|-damage|p2a: Red Ribbon|23\/100\n|-enditem|p2a: Red Ribbon|Heavy-Duty Boots|[from] move: Knock Off|[of] p1a: IN YO HOOD\n|\n|-weather|Sandstorm|[upkeep]\n|upkeep\n|turn|20\n|\n|t:|1699980298\n|switch|p1a: BLOODY BLUNTS|Corviknight, F|88\/100\n|-damage|p1a: BLOODY BLUNTS|75\/100|[from] Stealth Rock\n|-ability|p1a: BLOODY BLUNTS|Pressure\n|move|p2a: Red Ribbon|U-turn|p1a: BLOODY BLUNTS\n|-resisted|p1a: BLOODY BLUNTS\n|-damage|p1a: BLOODY BLUNTS|70\/100\n|-damage|p2a: Red Ribbon|7\/100|[from] item: Rocky Helmet|[of] p1a: BLOODY BLUNTS\n|\n|t:|1699980307\n|switch|p2a: Zeraora|Zeraora|100\/100|[from] U-turn\n|-item|p2a: Zeraora|Air Balloon\n|\n|-weather|Sandstorm|[upkeep]\n|-damage|p2a: Zeraora|95\/100|[from] Sandstorm\n|upkeep\n|turn|21\n|\n|t:|1699980314\n|switch|p1a: PURRP IN THE BLUNT|Gliscor, F|100\/100 tox\n|-damage|p1a: PURRP IN THE BLUNT|88\/100 tox|[from] Stealth Rock\n|move|p2a: Zeraora|Calm Mind|p2a: Zeraora\n|-boost|p2a: Zeraora|spa|1\n|-boost|p2a: Zeraora|spd|1\n|\n|-weather|Sandstorm|[upkeep]\n|-damage|p2a: Zeraora|89\/100|[from] Sandstorm\n|-heal|p1a: PURRP IN THE BLUNT|100\/100 tox|[from] ability: Poison Heal\n|upkeep\n|turn|22\n|\n|t:|1699980324\n|move|p2a: Zeraora|Calm Mind|p2a: Zeraora\n|-boost|p2a: Zeraora|spa|1\n|-boost|p2a: Zeraora|spd|1\n|move|p1a: PURRP IN THE BLUNT|Toxic|p2a: Zeraora\n|-status|p2a: Zeraora|tox\n|\n|-weather|Sandstorm|[upkeep]\n|-damage|p2a: Zeraora|83\/100 tox|[from] Sandstorm\n|-damage|p2a: Zeraora|77\/100 tox|[from] psn\n|upkeep\n|turn|23\n|\n|t:|1699980333\n|switch|p1a: BLOODY BLUNTS|Corviknight, F|70\/100\n|-damage|p1a: BLOODY BLUNTS|57\/100|[from] Stealth Rock\n|-ability|p1a: BLOODY BLUNTS|Pressure\n|move|p2a: Zeraora|Hidden Power|p1a: BLOODY BLUNTS\n|-damage|p1a: BLOODY BLUNTS|26\/100\n|\n|-weather|none\n|-damage|p2a: Zeraora|65\/100 tox|[from] psn\n|upkeep\n|turn|24\n|\n|t:|1699980343\n|switch|p1a: IN YO HOOD|Tyranitar-Mega, F|76\/100\n|-damage|p1a: IN YO HOOD|63\/100|[from] Stealth Rock\n|-weather|Sandstorm|[from] ability: Sand Stream|[of] p1a: IN YO HOOD\n|move|p2a: Zeraora|Aura Sphere|p1a: IN YO HOOD\n|-supereffective|p1a: IN YO HOOD\n|-crit|p1a: IN YO HOOD\n|-damage|p1a: IN YO HOOD|0 fnt\n|faint|p1a: IN YO HOOD\n|\n|-weather|Sandstorm|[upkeep]\n|-damage|p2a: Zeraora|59\/100 tox|[from] Sandstorm\n|-damage|p2a: Zeraora|41\/100 tox|[from] psn\n|upkeep\n|\n|t:|1699980369\n|switch|p1a: PURRP IN THE BLUNT|Gliscor, F|100\/100 tox\n|-damage|p1a: PURRP IN THE BLUNT|88\/100 tox|[from] Stealth Rock\n|turn|25\n|\n|t:|1699980379\n|switch|p1a: BLOODY BLUNTS|Corviknight, F|26\/100\n|-damage|p1a: BLOODY BLUNTS|14\/100|[from] Stealth Rock\n|-ability|p1a: BLOODY BLUNTS|Pressure\n|move|p2a: Zeraora|Hidden Power|p1a: BLOODY BLUNTS\n|-damage|p1a: BLOODY BLUNTS|0 fnt\n|faint|p1a: BLOODY BLUNTS\n|\n|-weather|Sandstorm|[upkeep]\n|-damage|p2a: Zeraora|35\/100 tox|[from] Sandstorm\n|-damage|p2a: Zeraora|11\/100 tox|[from] psn\n|upkeep\n|\n|t:|1699980382\n|switch|p1a: WHAT DA FUCK IS UP|Excadrill, M|100\/100\n|-damage|p1a: WHAT DA FUCK IS UP|97\/100|[from] Stealth Rock\n|turn|26\n|\n|t:|1699980397\n|move|p1a: WHAT DA FUCK IS UP|Rapid Spin|p2a: Zeraora\n|-damage|p2a: Zeraora|0 fnt\n|-boost|p1a: WHAT DA FUCK IS UP|spe|1\n|-enditem|p2a: Zeraora|Air Balloon\n|-sideend|p1: MOUTH OF SOUTH|Stealth Rock|[from] move: Rapid Spin|[of] p1a: WHAT DA FUCK IS UP\n|faint|p2a: Zeraora\n|\n|-weather|Sandstorm|[upkeep]\n|upkeep\n|\n|t:|1699980412\n|switch|p2a: Amatsu|Kingdra, F|78\/100\n|turn|27\n|\n|t:|1699980429\n|move|p1a: WHAT DA FUCK IS UP|Rapid Spin|p2a: Amatsu\n|-damage|p2a: Amatsu|56\/100\n|-boost|p1a: WHAT DA FUCK IS UP|spe|1\n|move|p2a: Amatsu|Rain Dance|p2a: Amatsu\n|-weather|RainDance\n|\n|-weather|RainDance|[upkeep]\n|upkeep\n|turn|28\n|\n|t:|1699980438\n|move|p1a: WHAT DA FUCK IS UP|Earthquake|p2a: Amatsu\n|-damage|p2a: Amatsu|0 fnt\n|faint|p2a: Amatsu\n|\n|-weather|RainDance|[upkeep]\n|upkeep\n|-message|88NASSULLY forfeited.\n|\n|win|MOUTH OF SOUTH\n|raw|MOUTH OF SOUTH's rating: 1218 &rarr; <strong>1251<\/strong><br \/>(+33 for winning)\n|raw|88NASSULLY's rating: 1336 &rarr; <strong>1309<\/strong><br \/>(-27 for losing)\n|l|\u260688NASSULLY\n","uploadtime":1699980463,"views":10,"p1id":"mouthofsouth","p2id":"88nassully","formatid":"gen9nationaldex","rating":1251,"private":0,"password":""}