{"id":"gen9nationaldex-1994282058","p1":"Shgfx","p2":"RomanTogepi","format":"[Gen 9] National Dex","log":"|j|\u2606Shgfx\n|j|\u2606RomanTogepi\n|t:|1700426724\n|gametype|singles\n|player|p1|Shgfx|1|1418\n|player|p2|RomanTogepi|richboy|1539\n|teamsize|p1|6\n|teamsize|p2|6\n|gen|9\n|tier|[Gen 9] National Dex\n|rated|\n|rule|HP Percentage Mod: HP is shown in percentages\n|rule|Endless Battle Clause: Forcing endless battles is banned\n|rule|OHKO Clause: OHKO moves are banned\n|rule|Evasion Clause: Evasion abilities, items, and moves are banned\n|rule|Evasion Abilities Clause: Evasion abilities are banned\n|rule|Evasion Items Clause: Evasion items are banned\n|rule|Evasion Moves Clause: Evasion moves are banned\n|rule|Species Clause: Limit one of each Pok\u00e9mon\n|rule|Sleep Clause Mod: Limit one foe put to sleep\n|clearpoke\n|poke|p1|Arcanine-Hisui, F|\n|poke|p1|Urshifu-*, M|\n|poke|p1|Meowscarada, F|\n|poke|p1|Tapu Koko|\n|poke|p1|Hydreigon, M|\n|poke|p1|Scizor, F|\n|poke|p2|Togekiss, F|\n|poke|p2|Tyranitar, F|\n|poke|p2|Mawile, M|\n|poke|p2|Ogerpon-Wellspring, F|\n|poke|p2|Goodra-Hisui, M|\n|poke|p2|Dracozolt|\n|teampreview\n|inactive|Battle timer is ON: inactive players will automatically lose when time's up. (requested by RomanTogepi)\n|\n|t:|1700426744\n|start\n|switch|p1a: Scizor|Scizor, F|100\/100\n|switch|p2a: Tyranitar|Tyranitar, F|100\/100\n|-weather|Sandstorm|[from] ability: Sand Stream|[of] p2a: Tyranitar\n|turn|1\n|\n|t:|1700426761\n|switch|p2a: Dracozolt|Dracozolt|100\/100\n|move|p1a: Scizor|Swords Dance|p1a: Scizor\n|-boost|p1a: Scizor|atk|2\n|\n|-weather|Sandstorm|[upkeep]\n|upkeep\n|turn|2\n|\n|t:|1700426769\n|detailschange|p1a: Scizor|Scizor-Mega, F\n|-mega|p1a: Scizor|Scizor|Scizorite\n|move|p2a: Dracozolt|Fire Blast|p1a: Scizor\n|-supereffective|p1a: Scizor\n|-damage|p1a: Scizor|0 fnt\n|faint|p1a: Scizor\n|-damage|p2a: Dracozolt|91\/100|[from] item: Life Orb\n|\n|-weather|Sandstorm|[upkeep]\n|upkeep\n|\n|t:|1700426781\n|switch|p1a: Hydreigon|Hydreigon, M|100\/100\n|turn|3\n|\n|t:|1700426792\n|move|p2a: Dracozolt|Draco Meteor|p1a: Hydreigon\n|-supereffective|p1a: Hydreigon\n|-damage|p1a: Hydreigon|0 fnt\n|-unboost|p2a: Dracozolt|spa|2\n|faint|p1a: Hydreigon\n|-damage|p2a: Dracozolt|81\/100|[from] item: Life Orb\n|\n|-weather|Sandstorm|[upkeep]\n|upkeep\n|\n|t:|1700426802\n|switch|p1a: Tapu Koko|Tapu Koko|100\/100\n|-fieldstart|move: Electric Terrain|[from] ability: Electric Surge|[of] p1a: Tapu Koko\n|turn|4\n|\n|t:|1700426819\n|-terastallize|p2a: Dracozolt|Electric\n|move|p2a: Dracozolt|Bolt Beak|p1a: Tapu Koko\n|-resisted|p1a: Tapu Koko\n|-damage|p1a: Tapu Koko|0 fnt\n|faint|p1a: Tapu Koko\n|-damage|p2a: Dracozolt|71\/100|[from] item: Life Orb\n|\n|-weather|Sandstorm|[upkeep]\n|upkeep\n|\n|t:|1700426830\n|switch|p1a: Arcanine|Arcanine-Hisui, F|100\/100\n|turn|5\n|\n|t:|1700426839\n|-terastallize|p1a: Arcanine|Grass\n|move|p2a: Dracozolt|Bolt Beak|p1a: Arcanine\n|-resisted|p1a: Arcanine\n|-damage|p1a: Arcanine|0 fnt\n|faint|p1a: Arcanine\n|-damage|p2a: Dracozolt|61\/100|[from] item: Life Orb\n|\n|-weather|Sandstorm|[upkeep]\n|upkeep\n|\n|t:|1700426849\n|switch|p1a: Meowscarada|Meowscarada, F|100\/100\n|turn|6\n|c|\u2606RomanTogepi|thanks for the terrain boost\n|\n|t:|1700426861\n|switch|p2a: Bubblegum|Mawile, M, shiny|100\/100\n|-ability|p2a: Bubblegum|Intimidate|boost\n|-unboost|p1a: Meowscarada|atk|1\n|move|p1a: Meowscarada|Knock Off|p2a: Bubblegum\n|-start|p1a: Meowscarada|typechange|Dark|[from] ability: Protean\n|-resisted|p2a: Bubblegum\n|-damage|p2a: Bubblegum|80\/100\n|\n|-weather|Sandstorm|[upkeep]\n|-damage|p1a: Meowscarada|94\/100|[from] Sandstorm\n|upkeep\n|turn|7\n|\n|t:|1700426882\n|detailschange|p2a: Bubblegum|Mawile-Mega, M, shiny\n|-mega|p2a: Bubblegum|Mawile|Mawilite\n|move|p1a: Meowscarada|Knock Off|p2a: Bubblegum\n|-resisted|p2a: Bubblegum\n|-damage|p2a: Bubblegum|67\/100\n|move|p2a: Bubblegum|Play Rough|p1a: Meowscarada\n|-supereffective|p1a: Meowscarada\n|-damage|p1a: Meowscarada|0 fnt\n|faint|p1a: Meowscarada\n|\n|-weather|Sandstorm|[upkeep]\n|upkeep\n|\n|t:|1700426894\n|switch|p1a: Urshifu|Urshifu-Rapid-Strike, M|100\/100\n|turn|8\n|\n|t:|1700426898\n|move|p1a: Urshifu|Surging Strikes|p2a: Bubblegum\n|-crit|p2a: Bubblegum\n|-damage|p2a: Bubblegum|48\/100\n|-crit|p2a: Bubblegum\n|-damage|p2a: Bubblegum|28\/100\n|-crit|p2a: Bubblegum\n|-damage|p2a: Bubblegum|7\/100\n|-hitcount|p2a: Bubblegum|3\n|move|p2a: Bubblegum|Play Rough|p1a: Urshifu\n|-supereffective|p1a: Urshifu\n|-damage|p1a: Urshifu|0 fnt\n|faint|p1a: Urshifu\n|\n|win|RomanTogepi\n|raw|Shgfx's rating: 1418 &rarr; <strong>1405<\/strong><br \/>(-13 for losing)\n|raw|RomanTogepi's rating: 1539 &rarr; <strong>1552<\/strong><br \/>(+13 for winning)\n","uploadtime":1700426915,"views":15,"p1id":"shgfx","p2id":"romantogepi","formatid":"gen9nationaldex","rating":1405,"private":0,"password":""}