{"id":"gen9nationaldex-1998046161","p1":"sighz 0-0","p2":"faraodomangue","format":"[Gen 9] National Dex","log":"|html|<div class=\"broadcast-blue\"><strong>[Gen 9] National Dex is currently suspecting Sneasler! For information on how to participate check out the <a href=\"https:\/\/www.smogon.com\/forums\/threads\/sv-national-dex-suspect-8-just-dance.3731534\/\">suspect thread<\/a>.<\/strong><\/div>\n|j|\u2606sighz 0-0\n|j|\u2606faraodomangue\n|t:|1700883247\n|gametype|singles\n|player|p1|sighz 0-0|may-contest|1257\n|player|p2|faraodomangue|harlequin|1178\n|teamsize|p1|6\n|teamsize|p2|6\n|gen|9\n|tier|[Gen 9] National Dex\n|rated|\n|rule|HP Percentage Mod: HP is shown in percentages\n|rule|Endless Battle Clause: Forcing endless battles is banned\n|rule|OHKO Clause: OHKO moves are banned\n|rule|Evasion Clause: Evasion abilities, items, and moves are banned\n|rule|Evasion Abilities Clause: Evasion abilities are banned\n|rule|Evasion Items Clause: Evasion items are banned\n|rule|Evasion Moves Clause: Evasion moves are banned\n|rule|Species Clause: Limit one of each Pok\u00e9mon\n|rule|Sleep Clause Mod: Limit one foe put to sleep\n|clearpoke\n|poke|p1|Blacephalon|\n|poke|p1|Snorlax, M|\n|poke|p1|Landorus-Therian, M|\n|poke|p1|Victini|\n|poke|p1|Bisharp, M|\n|poke|p1|Diancie|\n|poke|p2|Aegislash, F|\n|poke|p2|Ribombee, M|\n|poke|p2|Slaking, F|\n|poke|p2|Rillaboom, M|\n|poke|p2|Sneasler, F|\n|poke|p2|Absol, F|\n|teampreview\n|\n|t:|1700883257\n|start\n|switch|p1a: Diancie|Diancie|100\/100\n|switch|p2a: Aegislash|Aegislash, F|100\/100\n|turn|1\n|\n|t:|1700883262\n|switch|p1a: Landorus|Landorus-Therian, M|100\/100\n|-ability|p1a: Landorus|Intimidate|boost\n|-unboost|p2a: Aegislash|atk|1\n|-formechange|p2a: Aegislash|Aegislash-Blade||[from] ability: Stance Change\n|move|p2a: Aegislash|Gyro Ball|p1a: Landorus\n|-damage|p1a: Landorus|89\/100\n|\n|upkeep\n|turn|2\n|\n|t:|1700883271\n|switch|p2a: Absol|Absol, F|100\/100\n|move|p1a: Landorus|Stealth Rock|p2a: Absol\n|-sidestart|p2: faraodomangue|move: Stealth Rock\n|\n|upkeep\n|turn|3\n|\n|t:|1700883276\n|detailschange|p2a: Absol|Absol-Mega, F\n|-mega|p2a: Absol|Absol|Absolite\n|move|p2a: Absol|Swords Dance|p2a: Absol\n|-boost|p2a: Absol|atk|2\n|move|p1a: Landorus|U-turn|p2a: Absol\n|-supereffective|p2a: Absol\n|-damage|p2a: Absol|17\/100\n|\n|t:|1700883287\n|switch|p1a: Bisharp|Bisharp, M|100\/100|[from] U-turn\n|\n|upkeep\n|turn|4\n|\n|t:|1700883292\n|move|p1a: Bisharp|Sucker Punch|p2a: Absol\n|-resisted|p2a: Absol\n|-damage|p2a: Absol|0 fnt\n|faint|p2a: Absol\n|-damage|p1a: Bisharp|91\/100|[from] item: Life Orb\n|\n|upkeep\n|\n|t:|1700883295\n|switch|p2a: Ribombee|Ribombee, M|100\/100\n|-damage|p2a: Ribombee|76\/100|[from] Stealth Rock\n|turn|5\n|\n|t:|1700883303\n|move|p2a: Ribombee|Defog|p1a: Bisharp\n|-unboost|p1a: Bisharp|evasion|1\n|-ability|p1a: Bisharp|Defiant|boost\n|-boost|p1a: Bisharp|atk|2\n|-sideend|p2: faraodomangue|Stealth Rock|[from] move: Defog|[of] p2a: Ribombee\n|move|p1a: Bisharp|Swords Dance|p1a: Bisharp\n|-boost|p1a: Bisharp|atk|2\n|\n|upkeep\n|turn|6\n|\n|t:|1700883310\n|move|p2a: Ribombee|Sticky Web|p1a: Bisharp\n|-sidestart|p1: sighz 0-0|move: Sticky Web\n|move|p1a: Bisharp|Iron Head|p2a: Ribombee\n|-supereffective|p2a: Ribombee\n|-damage|p2a: Ribombee|0 fnt\n|faint|p2a: Ribombee\n|-damage|p1a: Bisharp|81\/100|[from] item: Life Orb\n|\n|upkeep\n|\n|t:|1700883317\n|switch|p2a: Slaking|Slaking, F|100\/100\n|turn|7\n|\n|t:|1700883323\n|move|p1a: Bisharp|Sucker Punch|p2a: Slaking\n|-damage|p2a: Slaking|0 fnt\n|faint|p2a: Slaking\n|-damage|p1a: Bisharp|71\/100|[from] item: Life Orb\n|\n|upkeep\n|\n|t:|1700883327\n|switch|p2a: Aegislash|Aegislash, F|100\/100\n|turn|8\n|inactive|Battle timer is ON: inactive players will automatically lose when time's up. (requested by sighz 0-0)\n|\n|t:|1700883331\n|move|p1a: Bisharp|Knock Off|p2a: Aegislash\n|-supereffective|p2a: Aegislash\n|-damage|p2a: Aegislash|0 fnt\n|-enditem|p2a: Aegislash|Heavy-Duty Boots|[from] move: Knock Off|[of] p1a: Bisharp\n|faint|p2a: Aegislash\n|-damage|p1a: Bisharp|61\/100|[from] item: Life Orb\n|\n|upkeep\n|\n|t:|1700883335\n|switch|p2a: Rillaboom|Rillaboom, M|100\/100\n|-fieldstart|move: Grassy Terrain|[from] ability: Grassy Surge|[of] p2a: Rillaboom\n|turn|9\n|\n|t:|1700883342\n|move|p2a: Rillaboom|Drain Punch|p1a: Bisharp\n|-supereffective|p1a: Bisharp\n|-damage|p1a: Bisharp|0 fnt\n|faint|p1a: Bisharp\n|\n|upkeep\n|\n|t:|1700883358\n|switch|p1a: Victini|Victini|100\/100\n|-activate|p1a: Victini|move: Sticky Web\n|-unboost|p1a: Victini|spe|1\n|turn|10\n|\n|t:|1700883361\n|move|p1a: Victini|V-create|p2a: Rillaboom\n|-supereffective|p2a: Rillaboom\n|-damage|p2a: Rillaboom|0 fnt\n|-unboost|p1a: Victini|spe|1\n|-unboost|p1a: Victini|def|1\n|-unboost|p1a: Victini|spd|1\n|faint|p2a: Rillaboom\n|\n|upkeep\n|\n|t:|1700883364\n|switch|p2a: Sneasler|Sneasler, F|100\/100\n|-enditem|p2a: Sneasler|Grassy Seed\n|-boost|p2a: Sneasler|def|1|[from] item: Grassy Seed\n|turn|11\n|\n|t:|1700883370\n|switch|p1a: Landorus|Landorus-Therian, M|89\/100\n|-ability|p1a: Landorus|Intimidate|boost\n|-unboost|p2a: Sneasler|atk|1\n|move|p2a: Sneasler|Swords Dance|p2a: Sneasler\n|-boost|p2a: Sneasler|atk|2\n|\n|upkeep\n|turn|12\n|\n|t:|1700883376\n|move|p2a: Sneasler|Poison Jab|p1a: Landorus\n|-resisted|p1a: Landorus\n|-damage|p1a: Landorus|68\/100\n|move|p1a: Landorus|Explosion|p2a: Sneasler\n|-enditem|p1a: Landorus|Normal Gem|[from] gem\n|-damage|p2a: Sneasler|0 fnt\n|faint|p1a: Landorus\n|faint|p2a: Sneasler\n|\n|win|sighz 0-0\n|raw|sighz 0-0's rating: 1257 &rarr; <strong>1276<\/strong><br \/>(+19 for winning)\n|raw|faraodomangue's rating: 1178 &rarr; <strong>1159<\/strong><br \/>(-19 for losing)\n","uploadtime":1700883379,"views":1,"p1id":"sighz00","p2id":"faraodomangue","formatid":"gen9nationaldex","rating":1159,"private":0,"password":""}