{"id":"gen9nationaldex-1989161753","p1":"Autism Girly","p2":"dragonmaster441","format":"[Gen 9] National Dex","log":"|j|\u2606Autism Girly\n|j|\u2606dragonmaster441\n|t:|1699818764\n|gametype|singles\n|player|p1|Autism Girly|whitney|1191\n|player|p2|dragonmaster441|bianca|1261\n|teamsize|p1|6\n|teamsize|p2|6\n|gen|9\n|tier|[Gen 9] National Dex\n|rated|\n|rule|HP Percentage Mod: HP is shown in percentages\n|rule|Endless Battle Clause: Forcing endless battles is banned\n|rule|OHKO Clause: OHKO moves are banned\n|rule|Evasion Clause: Evasion abilities, items, and moves are banned\n|rule|Evasion Abilities Clause: Evasion abilities are banned\n|rule|Evasion Items Clause: Evasion items are banned\n|rule|Evasion Moves Clause: Evasion moves are banned\n|rule|Species Clause: Limit one of each Pok\u00e9mon\n|rule|Sleep Clause Mod: Limit one foe put to sleep\n|clearpoke\n|poke|p1|Vikavolt, M|\n|poke|p1|Chandelure, F|\n|poke|p1|Iron Treads|\n|poke|p1|Gastrodon, M|\n|poke|p1|Meowscarada, F|\n|poke|p1|Heracross, F|\n|poke|p2|Banette, F|\n|poke|p2|Ninetales-Alola, M|\n|poke|p2|Dragonite, M|\n|poke|p2|Kommo-o, F|\n|poke|p2|Ogerpon-Wellspring, F|\n|poke|p2|Garchomp, M|\n|teampreview\n|inactive|Battle timer is ON: inactive players will automatically lose when time's up. (requested by dragonmaster441)\n|c|\u2606dragonmaster441|hf\n|c|\u2606dragonmaster441|cool team!\n|c|\u2606Autism Girly|u2\n|c|\u2606Autism Girly|thanks\n|\n|t:|1699818778\n|start\n|switch|p1a: Vikavolt|Vikavolt, M|100\/100\n|switch|p2a: Banette|Banette, F|100\/100\n|-item|p1a: Vikavolt|Buginium Z|[from] ability: Frisk|[of] p2a: Banette|[identify]\n|turn|1\n|\n|t:|1699818783\n|detailschange|p2a: Banette|Banette-Mega, F\n|-mega|p2a: Banette|Banette|Banettite\n|move|p2a: Banette|Swords Dance|p2a: Banette\n|-boost|p2a: Banette|atk|2\n|-zpower|p1a: Vikavolt\n|move|p1a: Vikavolt|Z-Sticky Web|p2a: Banette|[anim]Sticky Web\n|-boost|p1a: Vikavolt|spe|1|[zeffect]\n|-sidestart|p2: dragonmaster441|move: Sticky Web\n|\n|upkeep\n|turn|2\n|\n|t:|1699818791\n|move|p1a: Vikavolt|Discharge|p2a: Banette\n|-damage|p2a: Banette|44\/100\n|move|p2a: Banette|Poltergeist|p1a: Vikavolt\n|-activate|p1a: Vikavolt|move: Poltergeist|Buginium Z\n|-damage|p1a: Vikavolt|0 fnt\n|faint|p1a: Vikavolt\n|\n|upkeep\n|\n|t:|1699818799\n|switch|p1a: Meowscarada|Meowscarada, F|100\/100\n|turn|3\n|\n|t:|1699818802\n|move|p2a: Banette|Destiny Bond|p2a: Banette\n|-singlemove|p2a: Banette|Destiny Bond\n|move|p1a: Meowscarada|Knock Off|p2a: Banette\n|-supereffective|p2a: Banette\n|-damage|p2a: Banette|0 fnt\n|faint|p2a: Banette\n|-activate|p2a: Banette|move: Destiny Bond\n|faint|p1a: Meowscarada\n|\n|upkeep\n|\n|t:|1699818813\n|switch|p1a: Iron Treads|Iron Treads|100\/100\n|switch|p2a: Ninetales|Ninetales-Alola, M|100\/100\n|-activate|p2a: Ninetales|move: Sticky Web\n|-unboost|p2a: Ninetales|spe|1\n|-weather|Snow|[from] ability: Snow Warning|[of] p2a: Ninetales\n|turn|4\n|\n|t:|1699818819\n|move|p1a: Iron Treads|Stealth Rock|p2a: Ninetales\n|-sidestart|p2: dragonmaster441|move: Stealth Rock\n|move|p2a: Ninetales|Aurora Veil|p2a: Ninetales\n|-sidestart|p2: dragonmaster441|move: Aurora Veil\n|\n|-weather|Snow|[upkeep]\n|upkeep\n|turn|5\n|\n|t:|1699818824\n|-end|p1a: Iron Treads|Quark Drive|[silent]\n|switch|p1a: Chandelure|Chandelure, F|100\/100\n|move|p2a: Ninetales|Hypnosis|p1a: Chandelure\n|-status|p1a: Chandelure|slp|[from] move: Hypnosis\n|\n|-weather|Snow|[upkeep]\n|upkeep\n|turn|6\n|\n|t:|1699818836\n|switch|p2a: Dragonite|Dragonite, M|100\/100\n|cant|p1a: Chandelure|slp\n|\n|-weather|Snow|[upkeep]\n|upkeep\n|turn|7\n|\n|t:|1699818841\n|switch|p1a: Gastrodon|Gastrodon, M|100\/100\n|move|p2a: Dragonite|Dragon Dance|p2a: Dragonite\n|-boost|p2a: Dragonite|atk|1\n|-boost|p2a: Dragonite|spe|1\n|\n|-weather|Snow|[upkeep]\n|upkeep\n|turn|8\n|\n|t:|1699818844\n|move|p2a: Dragonite|Dragon Dance|p2a: Dragonite\n|-boost|p2a: Dragonite|atk|1\n|-boost|p2a: Dragonite|spe|1\n|move|p1a: Gastrodon|Ice Beam|p2a: Dragonite\n|-supereffective|p2a: Dragonite\n|-damage|p2a: Dragonite|80\/100\n|\n|-weather|none\n|upkeep\n|turn|9\n|\n|t:|1699818851\n|move|p2a: Dragonite|Dragon Dance|p2a: Dragonite\n|-boost|p2a: Dragonite|atk|1\n|-boost|p2a: Dragonite|spe|1\n|move|p1a: Gastrodon|Ice Beam|p2a: Dragonite\n|-supereffective|p2a: Dragonite\n|-damage|p2a: Dragonite|41\/100\n|\n|upkeep\n|turn|10\n|\n|t:|1699818857\n|-terastallize|p2a: Dragonite|Normal\n|move|p2a: Dragonite|Extreme Speed|p1a: Gastrodon\n|-damage|p1a: Gastrodon|20\/100\n|move|p1a: Gastrodon|Ice Beam|p2a: Dragonite\n|-damage|p2a: Dragonite|32\/100\n|\n|-heal|p1a: Gastrodon|27\/100|[from] item: Leftovers\n|upkeep\n|turn|11\n|\n|t:|1699818866\n|switch|p1a: Chandelure|Chandelure, F|100\/100 slp\n|move|p2a: Dragonite|Extreme Speed|p1a: Chandelure\n|-immune|p1a: Chandelure\n|\n|-sideend|p2: dragonmaster441|move: Aurora Veil\n|upkeep\n|turn|12\n|\n|t:|1699818872\n|move|p2a: Dragonite|Earthquake|p1a: Chandelure\n|-supereffective|p1a: Chandelure\n|-damage|p1a: Chandelure|0 fnt\n|faint|p1a: Chandelure\n|\n|upkeep\n|\n|t:|1699818878\n|switch|p1a: Iron Treads|Iron Treads|100\/100\n|turn|13\n|\n|t:|1699818880\n|move|p2a: Dragonite|Earthquake|p1a: Iron Treads\n|-supereffective|p1a: Iron Treads\n|-damage|p1a: Iron Treads|0 fnt\n|faint|p1a: Iron Treads\n|-end|p1a: Iron Treads|Quark Drive|[silent]\n|\n|upkeep\n|\n|t:|1699818883\n|switch|p1a: Heracross|Heracross, F|100\/100\n|turn|14\n|\n|t:|1699818887\n|detailschange|p1a: Heracross|Heracross-Mega, F\n|-mega|p1a: Heracross|Heracross|Heracronite\n|move|p2a: Dragonite|Fire Punch|p1a: Heracross\n|-supereffective|p1a: Heracross\n|-damage|p1a: Heracross|0 fnt\n|faint|p1a: Heracross\n|\n|upkeep\n|-message|Autism Girly forfeited.\n|\n|win|dragonmaster441\n|raw|Autism Girly's rating: 1191 &rarr; <strong>1171<\/strong><br \/>(-20 for losing)\n|raw|dragonmaster441's rating: 1261 &rarr; <strong>1281<\/strong><br \/>(+20 for winning)\n|l|\u2606Autism Girly\n|c|\u2606dragonmaster441|gg\n","uploadtime":1699818904,"views":4,"p1id":"autismgirly","p2id":"dragonmaster441","formatid":"gen9nationaldex","rating":1171,"private":0,"password":""}