{"id":"gen9nationaldex-1991744201","p1":"Shay ObsidianEW","p2":"as cheu","format":"[Gen 9] National Dex","log":"|j|\u2606Shay ObsidianEW\n|j|\u2606as cheu\n|t:|1700109949\n|gametype|singles\n|player|p1|Shay ObsidianEW|n|1559\n|player|p2|as cheu|101|1540\n|teamsize|p1|6\n|teamsize|p2|6\n|gen|9\n|tier|[Gen 9] National Dex\n|rated|\n|rule|HP Percentage Mod: HP is shown in percentages\n|rule|Endless Battle Clause: Forcing endless battles is banned\n|rule|OHKO Clause: OHKO moves are banned\n|rule|Evasion Clause: Evasion abilities, items, and moves are banned\n|rule|Evasion Abilities Clause: Evasion abilities are banned\n|rule|Evasion Items Clause: Evasion items are banned\n|rule|Evasion Moves Clause: Evasion moves are banned\n|rule|Species Clause: Limit one of each Pok\u00e9mon\n|rule|Sleep Clause Mod: Limit one foe put to sleep\n|clearpoke\n|poke|p1|Tapu Koko|\n|poke|p1|Ogerpon-Wellspring, F|\n|poke|p1|Iron Valiant|\n|poke|p1|Kyurem|\n|poke|p1|Corviknight, F|\n|poke|p1|Charizard, F|\n|poke|p2|Steelix, M|\n|poke|p2|Hatterene, F|\n|poke|p2|Greninja-*, M|\n|poke|p2|Medicham, F|\n|poke|p2|Marowak-Alola, M|\n|poke|p2|Salamence, M|\n|teampreview\n|inactive|Battle timer is ON: inactive players will automatically lose when time's up. (requested by as cheu)\n|\n|t:|1700109962\n|start\n|switch|p1a: Tapu Koko|Tapu Koko, shiny|100\/100\n|switch|p2a: Steelix|Steelix, M|100\/100\n|-fieldstart|move: Electric Terrain|[from] ability: Electric Surge|[of] p1a: Tapu Koko\n|turn|1\n|\n|t:|1700109967\n|move|p1a: Tapu Koko|U-turn|p2a: Steelix\n|-resisted|p2a: Steelix\n|-damage|p2a: Steelix|95\/100\n|-damage|p1a: Tapu Koko|84\/100|[from] item: Rocky Helmet|[of] p2a: Steelix\n|\n|t:|1700109972\n|switch|p1a: Ogerpon|Ogerpon-Wellspring, F|100\/100|[from] U-turn\n|move|p2a: Steelix|Dragon Tail|p1a: Ogerpon\n|-damage|p1a: Ogerpon|86\/100\n|drag|p1a: Iron Valiant|Iron Valiant|100\/100\n|-activate|p1a: Iron Valiant|ability: Quark Drive\n|-start|p1a: Iron Valiant|quarkdrivespe\n|\n|upkeep\n|turn|2\n|\n|t:|1700109985\n|switch|p2a: Marowak|Marowak-Alola, M|100\/100\n|move|p1a: Iron Valiant|Close Combat|p2a: Marowak\n|-immune|p2a: Marowak\n|\n|upkeep\n|turn|3\n|\n|t:|1700109992\n|-end|p1a: Iron Valiant|Quark Drive|[silent]\n|switch|p1a: Corviknight|Corviknight, F|100\/100\n|-ability|p1a: Corviknight|Pressure\n|move|p2a: Marowak|Flare Blitz|p1a: Corviknight\n|-supereffective|p1a: Corviknight\n|-damage|p1a: Corviknight|17\/100\n|-damage|p2a: Marowak|84\/100|[from] item: Rocky Helmet|[of] p1a: Corviknight\n|\n|upkeep\n|turn|4\n|\n|t:|1700109995\n|move|p1a: Corviknight|U-turn|p2a: Marowak\n|-resisted|p2a: Marowak\n|-damage|p2a: Marowak|80\/100\n|\n|t:|1700110001\n|switch|p1a: Charizard|Charizard, F|100\/100|[from] U-turn\n|move|p2a: Marowak|Flare Blitz|p1a: Charizard\n|-resisted|p1a: Charizard\n|-damage|p1a: Charizard|54\/100\n|\n|upkeep\n|turn|5\n|\n|t:|1700110015\n|switch|p2a: Salamence|Salamence, M|100\/100\n|-ability|p2a: Salamence|Intimidate|boost\n|-unboost|p1a: Charizard|atk|1\n|detailschange|p1a: Charizard|Charizard-Mega-Y, F\n|-mega|p1a: Charizard|Charizard|Charizardite Y\n|-weather|SunnyDay|[from] ability: Drought|[of] p1a: Charizard\n|move|p1a: Charizard|Air Slash|p2a: Salamence\n|-damage|p2a: Salamence|53\/100\n|\n|-weather|SunnyDay|[upkeep]\n|-fieldend|move: Electric Terrain\n|upkeep\n|turn|6\n|\n|t:|1700110027\n|switch|p1a: Tapu Koko|Tapu Koko, shiny|84\/100\n|-fieldstart|move: Electric Terrain|[from] ability: Electric Surge|[of] p1a: Tapu Koko\n|move|p2a: Salamence|Roost|p2a: Salamence\n|-heal|p2a: Salamence|100\/100\n|-singleturn|p2a: Salamence|move: Roost\n|\n|-weather|SunnyDay|[upkeep]\n|upkeep\n|turn|7\n|\n|t:|1700110033\n|switch|p2a: Steelix|Steelix, M|95\/100\n|move|p1a: Tapu Koko|Hidden Power|p2a: Steelix\n|-damage|p2a: Steelix|83\/100\n|\n|-weather|SunnyDay|[upkeep]\n|upkeep\n|turn|8\n|\n|t:|1700110039\n|switch|p1a: Iron Valiant|Iron Valiant|100\/100\n|-activate|p1a: Iron Valiant|ability: Quark Drive\n|-start|p1a: Iron Valiant|quarkdrivespe\n|move|p2a: Steelix|Stealth Rock|p1a: Iron Valiant\n|-sidestart|p1: Shay ObsidianEW|move: Stealth Rock\n|\n|-weather|SunnyDay|[upkeep]\n|upkeep\n|turn|9\n|\n|t:|1700110044\n|move|p1a: Iron Valiant|Thunderbolt|p2a: Steelix\n|-immune|p2a: Steelix\n|move|p2a: Steelix|Earthquake|p1a: Iron Valiant\n|-damage|p1a: Iron Valiant|60\/100\n|\n|-weather|none\n|upkeep\n|turn|10\n|\n|t:|1700110051\n|-end|p1a: Iron Valiant|Quark Drive|[silent]\n|switch|p1a: Corviknight|Corviknight, F|17\/100\n|-damage|p1a: Corviknight|5\/100|[from] Stealth Rock\n|-ability|p1a: Corviknight|Pressure\n|move|p2a: Steelix|Dragon Tail|p1a: Corviknight\n|-resisted|p1a: Corviknight\n|-damage|p1a: Corviknight|1\/100\n|-damage|p2a: Steelix|66\/100|[from] item: Rocky Helmet|[of] p1a: Corviknight\n|drag|p1a: Iron Valiant|Iron Valiant|60\/100\n|-damage|p1a: Iron Valiant|53\/100|[from] Stealth Rock\n|-activate|p1a: Iron Valiant|ability: Quark Drive\n|-start|p1a: Iron Valiant|quarkdrivespe\n|\n|-fieldend|move: Electric Terrain\n|-end|p1a: Iron Valiant|Quark Drive\n|upkeep\n|turn|11\n|\n|t:|1700110064\n|switch|p2a: Marowak|Marowak-Alola, M|80\/100\n|move|p1a: Iron Valiant|Thunderbolt|p2a: Marowak\n|-damage|p2a: Marowak|36\/100\n|\n|upkeep\n|turn|12\n|\n|t:|1700110071\n|switch|p2a: Steelix|Steelix, M|66\/100\n|move|p1a: Iron Valiant|Thunderbolt|p2a: Steelix\n|-immune|p2a: Steelix\n|\n|upkeep\n|turn|13\n|\n|t:|1700110077\n|-end|p1a: Iron Valiant|Quark Drive|[silent]\n|switch|p1a: Corviknight|Corviknight, F|1\/100\n|-damage|p1a: Corviknight|0 fnt|[from] Stealth Rock\n|faint|p1a: Corviknight\n|move|p2a: Steelix|Earthquake|p1: Corviknight|[notarget]\n|-fail|p2a: Steelix\n|\n|upkeep\n|\n|t:|1700110079\n|switch|p1a: Ogerpon|Ogerpon-Wellspring, F|86\/100\n|-damage|p1a: Ogerpon|73\/100|[from] Stealth Rock\n|turn|14\n|\n|t:|1700110085\n|move|p1a: Ogerpon|Swords Dance|p1a: Ogerpon\n|-boost|p1a: Ogerpon|atk|2\n|move|p2a: Steelix|Dragon Tail|p1a: Ogerpon\n|-damage|p1a: Ogerpon|58\/100\n|drag|p1a: Charizard|Charizard-Mega-Y, F|54\/100\n|-damage|p1a: Charizard|4\/100|[from] Stealth Rock\n|-weather|SunnyDay|[from] ability: Drought|[of] p1a: Charizard\n|\n|-weather|SunnyDay|[upkeep]\n|upkeep\n|turn|15\n|-message|Shay ObsidianEW forfeited.\n|\n|win|as cheu\n|raw|Shay ObsidianEW's rating: 1559 &rarr; <strong>1538<\/strong><br \/>(-21 for losing)\n|raw|as cheu's rating: 1540 &rarr; <strong>1561<\/strong><br \/>(+21 for winning)\n|l|\u2606Shay ObsidianEW\n","uploadtime":1700110105,"views":5,"p1id":"shayobsidianew","p2id":"ascheu","formatid":"gen9nationaldex","rating":1538,"private":0,"password":""}