{"id":"gen9nationaldex-1999885977","p1":"EnowLittleDreamer","p2":"Hapio","format":"[Gen 9] National Dex","log":"|html|<div class=\"broadcast-blue\"><strong>[Gen 9] National Dex is currently suspecting Sneasler! For information on how to participate check out the <a href=\"https:\/\/www.smogon.com\/forums\/threads\/sv-national-dex-suspect-8-just-dance.3731534\/\">suspect thread<\/a>.<\/strong><\/div>\n|j|\u2606EnowLittleDreamer\n|j|\u2606Hapio\n|t:|1701126348\n|gametype|singles\n|player|p1|EnowLittleDreamer|preschooler|1099\n|player|p2|Hapio|richboy-gen4|1009\n|teamsize|p1|6\n|teamsize|p2|6\n|gen|9\n|tier|[Gen 9] National Dex\n|rated|\n|rule|HP Percentage Mod: HP is shown in percentages\n|rule|Endless Battle Clause: Forcing endless battles is banned\n|rule|OHKO Clause: OHKO moves are banned\n|rule|Evasion Clause: Evasion abilities, items, and moves are banned\n|rule|Evasion Abilities Clause: Evasion abilities are banned\n|rule|Evasion Items Clause: Evasion items are banned\n|rule|Evasion Moves Clause: Evasion moves are banned\n|rule|Species Clause: Limit one of each Pok\u00e9mon\n|rule|Sleep Clause Mod: Limit one foe put to sleep\n|clearpoke\n|poke|p1|Ninetales-Alola, M|\n|poke|p1|Togetic, M|\n|poke|p1|Cherrim, F|\n|poke|p1|Dachsbun, M|\n|poke|p1|Gourgeist-*, F|\n|poke|p1|Chimecho, M|\n|poke|p2|Charizard, M|\n|poke|p2|Hitmonlee, M|\n|poke|p2|Samurott-Hisui, M|\n|poke|p2|Sinistcha|\n|poke|p2|Zapdos-Galar|\n|poke|p2|Medicham, M|\n|teampreview\n|c|\u2606Hapio|hi\n|c|\u2606Hapio|this team is really bad\n|\n|t:|1701126378\n|start\n|switch|p1a: Snowball \u2744\ufe0f|Ninetales-Alola, M, shiny|100\/100\n|switch|p2a: Samurott|Samurott-Hisui, M|100\/100\n|-weather|Snow|[from] ability: Snow Warning|[of] p1a: Snowball \u2744\ufe0f\n|turn|1\n|\n|t:|1701126386\n|move|p1a: Snowball \u2744\ufe0f|Aurora Veil|p1a: Snowball \u2744\ufe0f\n|-sidestart|p1: EnowLittleDreamer|move: Aurora Veil\n|move|p2a: Samurott|Ceaseless Edge|p1a: Snowball \u2744\ufe0f\n|-resisted|p1a: Snowball \u2744\ufe0f\n|-damage|p1a: Snowball \u2744\ufe0f|89\/100\n|-sidestart|p1: EnowLittleDreamer|Spikes\n|\n|-weather|Snow|[upkeep]\n|upkeep\n|turn|2\n|\n|t:|1701126394\n|move|p1a: Snowball \u2744\ufe0f|Moonblast|p2a: Samurott\n|-supereffective|p2a: Samurott\n|-enditem|p2a: Samurott|Focus Sash\n|-damage|p2a: Samurott|1\/100\n|-unboost|p2a: Samurott|spa|1\n|move|p2a: Samurott|Ceaseless Edge|p1a: Snowball \u2744\ufe0f\n|-resisted|p1a: Snowball \u2744\ufe0f\n|-damage|p1a: Snowball \u2744\ufe0f|79\/100\n|-sidestart|p1: EnowLittleDreamer|Spikes\n|\n|-weather|Snow|[upkeep]\n|upkeep\n|turn|3\n|\n|t:|1701126406\n|move|p1a: Snowball \u2744\ufe0f|Blizzard|p2a: Samurott\n|-resisted|p2a: Samurott\n|-damage|p2a: Samurott|0 fnt\n|faint|p2a: Samurott\n|\n|-weather|Snow|[upkeep]\n|upkeep\n|\n|t:|1701126417\n|switch|p2a: Charizard|Charizard, M|100\/100\n|turn|4\n|\n|t:|1701126423\n|detailschange|p2a: Charizard|Charizard-Mega-Y, M\n|-mega|p2a: Charizard|Charizard|Charizardite Y\n|-weather|SunnyDay|[from] ability: Drought|[of] p2a: Charizard\n|move|p1a: Snowball \u2744\ufe0f|Blizzard|p2a: Charizard|[miss]\n|-miss|p1a: Snowball \u2744\ufe0f|p2a: Charizard\n|move|p2a: Charizard|Flamethrower|p1a: Snowball \u2744\ufe0f\n|-supereffective|p1a: Snowball \u2744\ufe0f\n|-damage|p1a: Snowball \u2744\ufe0f|0 fnt\n|faint|p1a: Snowball \u2744\ufe0f\n|\n|-weather|SunnyDay|[upkeep]\n|upkeep\n|\n|t:|1701126438\n|switch|p1a: Note \ud83c\udf90|Chimecho, M|100\/100\n|turn|5\n|\n|t:|1701126458\n|move|p2a: Charizard|Flamethrower|p1a: Note \ud83c\udf90\n|-damage|p1a: Note \ud83c\udf90|55\/100\n|move|p1a: Note \ud83c\udf90|Calm Mind|p1a: Note \ud83c\udf90\n|-boost|p1a: Note \ud83c\udf90|spa|1\n|-boost|p1a: Note \ud83c\udf90|spd|1\n|\n|-weather|SunnyDay|[upkeep]\n|upkeep\n|turn|6\n|\n|t:|1701126468\n|move|p2a: Charizard|Flamethrower|p1a: Note \ud83c\udf90\n|-damage|p1a: Note \ud83c\udf90|27\/100\n|move|p1a: Note \ud83c\udf90|Charge Beam|p2a: Charizard\n|-supereffective|p2a: Charizard\n|-damage|p2a: Charizard|67\/100\n|\n|-weather|SunnyDay|[upkeep]\n|upkeep\n|turn|7\n|\n|t:|1701126479\n|move|p2a: Charizard|Flamethrower|p1a: Note \ud83c\udf90\n|-damage|p1a: Note \ud83c\udf90|0 fnt\n|faint|p1a: Note \ud83c\udf90\n|\n|-weather|SunnyDay|[upkeep]\n|upkeep\n|\n|t:|1701126485\n|switch|p1a: Angel \ud83d\udc96|Togetic, M|100\/100\n|turn|8\n|\n|t:|1701126492\n|move|p2a: Charizard|Ancient Power|p1a: Angel \ud83d\udc96\n|-supereffective|p1a: Angel \ud83d\udc96\n|-damage|p1a: Angel \ud83d\udc96|89\/100\n|move|p1a: Angel \ud83d\udc96|Ancient Power|p2a: Charizard\n|-supereffective|p2a: Charizard\n|-damage|p2a: Charizard|22\/100\n|-boost|p1a: Angel \ud83d\udc96|atk|1\n|-boost|p1a: Angel \ud83d\udc96|def|1\n|-boost|p1a: Angel \ud83d\udc96|spa|1\n|-boost|p1a: Angel \ud83d\udc96|spd|1\n|-boost|p1a: Angel \ud83d\udc96|spe|1\n|\n|-weather|none\n|-sideend|p1: EnowLittleDreamer|move: Aurora Veil\n|upkeep\n|turn|9\n|\n|t:|1701126504\n|move|p2a: Charizard|Ancient Power|p1a: Angel \ud83d\udc96\n|-supereffective|p1a: Angel \ud83d\udc96\n|-damage|p1a: Angel \ud83d\udc96|73\/100\n|-boost|p2a: Charizard|atk|1\n|-boost|p2a: Charizard|def|1\n|-boost|p2a: Charizard|spa|1\n|-boost|p2a: Charizard|spd|1\n|-boost|p2a: Charizard|spe|1\n|move|p1a: Angel \ud83d\udc96|Ancient Power|p2a: Charizard\n|-supereffective|p2a: Charizard\n|-damage|p2a: Charizard|0 fnt\n|faint|p2a: Charizard\n|\n|upkeep\n|\n|t:|1701126513\n|switch|p2a: Medicham|Medicham, M|100\/100\n|turn|10\n|\n|t:|1701126519\n|move|p2a: Medicham|Rock Slide|p1a: Angel \ud83d\udc96\n|-supereffective|p1a: Angel \ud83d\udc96\n|-damage|p1a: Angel \ud83d\udc96|38\/100\n|move|p1a: Angel \ud83d\udc96|Flamethrower|p2a: Medicham\n|-damage|p2a: Medicham|58\/100\n|\n|upkeep\n|turn|11\n|\n|t:|1701126526\n|move|p2a: Medicham|Rock Slide|p1a: Angel \ud83d\udc96\n|-supereffective|p1a: Angel \ud83d\udc96\n|-damage|p1a: Angel \ud83d\udc96|1\/100\n|cant|p1a: Angel \ud83d\udc96|flinch\n|\n|upkeep\n|turn|12\n|\n|t:|1701126533\n|move|p2a: Medicham|Bullet Punch|p1a: Angel \ud83d\udc96\n|-supereffective|p1a: Angel \ud83d\udc96\n|-damage|p1a: Angel \ud83d\udc96|0 fnt\n|faint|p1a: Angel \ud83d\udc96\n|\n|upkeep\n|\n|t:|1701126540\n|switch|p1a: Little light \ud83c\udf83|Gourgeist-Super, F|100\/100\n|-damage|p1a: Little light \ud83c\udf83|84\/100|[from] Spikes\n|turn|13\n|\n|t:|1701126548\n|move|p1a: Little light \ud83c\udf83|Shadow Sneak|p2a: Medicham\n|-supereffective|p2a: Medicham\n|-damage|p2a: Medicham|12\/100\n|move|p2a: Medicham|Fire Punch|p1a: Little light \ud83c\udf83\n|-supereffective|p1a: Little light \ud83c\udf83\n|-damage|p1a: Little light \ud83c\udf83|33\/100\n|\n|-heal|p1a: Little light \ud83c\udf83|39\/100|[from] item: Leftovers\n|upkeep\n|turn|14\n|\n|t:|1701126558\n|move|p1a: Little light \ud83c\udf83|Shadow Sneak|p2a: Medicham\n|-supereffective|p2a: Medicham\n|-damage|p2a: Medicham|0 fnt\n|faint|p2a: Medicham\n|\n|-heal|p1a: Little light \ud83c\udf83|45\/100|[from] item: Leftovers\n|upkeep\n|\n|t:|1701126579\n|switch|p2a: Zapdos|Zapdos-Galar|100\/100\n|turn|15\n|\n|t:|1701126587\n|move|p2a: Zapdos|Blaze Kick|p1a: Little light \ud83c\udf83\n|-supereffective|p1a: Little light \ud83c\udf83\n|-damage|p1a: Little light \ud83c\udf83|0 fnt\n|faint|p1a: Little light \ud83c\udf83\n|\n|upkeep\n|\n|t:|1701126593\n|switch|p1a: Bun \ud83c\udf5e|Dachsbun, M|100\/100\n|-damage|p1a: Bun \ud83c\udf5e|84\/100|[from] Spikes\n|turn|16\n|\n|t:|1701126599\n|switch|p2a: Sinistcha|Sinistcha|100\/100\n|move|p1a: Bun \ud83c\udf5e|Yawn|p2a: Sinistcha\n|-start|p2a: Sinistcha|move: Yawn|[of] p1a: Bun \ud83c\udf5e\n|\n|-heal|p1a: Bun \ud83c\udf5e|90\/100|[from] item: Leftovers\n|upkeep\n|turn|17\n|\n|t:|1701126610\n|switch|p2a: Zapdos|Zapdos-Galar|100\/100\n|move|p1a: Bun \ud83c\udf5e|Wish|p1a: Bun \ud83c\udf5e\n|\n|-heal|p1a: Bun \ud83c\udf5e|96\/100|[from] item: Leftovers\n|upkeep\n|turn|18\n|\n|t:|1701126617\n|switch|p2a: Sinistcha|Sinistcha|100\/100\n|move|p1a: Bun \ud83c\udf5e|Yawn|p2a: Sinistcha\n|-start|p2a: Sinistcha|move: Yawn|[of] p1a: Bun \ud83c\udf5e\n|\n|-heal|p1a: Bun \ud83c\udf5e|100\/100|[from] move: Wish|[wisher] Bun \ud83c\udf5e\n|upkeep\n|turn|19\n|\n|t:|1701126627\n|move|p1a: Bun \ud83c\udf5e|Yawn||[still]\n|-fail|p1a: Bun \ud83c\udf5e\n|move|p2a: Sinistcha|Calm Mind|p2a: Sinistcha\n|-boost|p2a: Sinistcha|spa|1\n|-boost|p2a: Sinistcha|spd|1\n|\n|-end|p2a: Sinistcha|move: Yawn|[silent]\n|-status|p2a: Sinistcha|slp\n|upkeep\n|turn|20\n|\n|t:|1701126644\n|switch|p1a: Bloom \ud83c\udf38|Cherrim, F|100\/100\n|-damage|p1a: Bloom \ud83c\udf38|84\/100|[from] Spikes\n|cant|p2a: Sinistcha|slp\n|\n|-heal|p1a: Bloom \ud83c\udf38|90\/100|[from] item: Leftovers\n|upkeep\n|turn|21\n|\n|t:|1701126657\n|move|p1a: Bloom \ud83c\udf38|Swords Dance|p1a: Bloom \ud83c\udf38\n|-boost|p1a: Bloom \ud83c\udf38|atk|2\n|-curestatus|p2a: Sinistcha|slp|[msg]\n|move|p2a: Sinistcha|Calm Mind|p2a: Sinistcha\n|-boost|p2a: Sinistcha|spa|1\n|-boost|p2a: Sinistcha|spd|1\n|\n|-heal|p1a: Bloom \ud83c\udf38|96\/100|[from] item: Leftovers\n|upkeep\n|turn|22\n|\n|t:|1701126668\n|move|p2a: Sinistcha|Protect|p2a: Sinistcha\n|-singleturn|p2a: Sinistcha|Protect\n|move|p1a: Bloom \ud83c\udf38|Petal Blizzard|p2a: Sinistcha\n|-activate|p2a: Sinistcha|move: Protect\n|\n|-heal|p1a: Bloom \ud83c\udf38|100\/100|[from] item: Leftovers\n|upkeep\n|turn|23\n|c|\u2606Hapio|!dt petal blizzard\n|raw|<ul class=\"utilichart\"><li class=\"result\"><span class=\"col movenamecol\"><a href=\"https:\/\/dex.pokemonshowdown.com\/moves\/petalblizzard\">Petal Blizzard<\/a><\/span> <span class=\"col typecol\"><img src=\"\/\/play.pokemonshowdown.com\/sprites\/types\/Grass.png\" alt=\"Grass\" width=\"32\" height=\"14\"><img src=\"\/\/play.pokemonshowdown.com\/sprites\/categories\/Physical.png\" alt=\"Physical\" width=\"32\" height=\"14\"><\/span> <span class=\"col labelcol\"><em>Power<\/em><br>90<\/span> <span class=\"col widelabelcol\"><em>Accuracy<\/em><br>100%<\/span> <span class=\"col pplabelcol\"><em>PP<\/em><br>24<\/span> <span class=\"col movedesccol\">No additional effect. Hits adjacent Pokemon.<\/span> <\/li><li style=\"clear:both\"><\/li><\/ul>\n|raw|<font size=\"1\"><font color=\"#686868\">Priority:<\/font> 0&nbsp;|&ThickSpace;<font color=\"#686868\">Gen:<\/font> 6&nbsp;|&ThickSpace;&#10003; Wind move&nbsp;|&ThickSpace;<font color=\"#686868\">Z-Power:<\/font> 175&nbsp;|&ThickSpace;<font color=\"#686868\">Dynamax Power:<\/font> 130&nbsp;|&ThickSpace;<font color=\"#686868\">Target:<\/font> All Adjacent Pok\u00e9mon<\/font>\n\n|\n|t:|1701126683\n|move|p1a: Bloom \ud83c\udf38|Petal Blizzard|p2a: Sinistcha\n|-resisted|p2a: Sinistcha\n|-damage|p2a: Sinistcha|80\/100\n|move|p2a: Sinistcha|Foul Play|p1a: Bloom \ud83c\udf38\n|-damage|p1a: Bloom \ud83c\udf38|40\/100\n|\n|-heal|p1a: Bloom \ud83c\udf38|46\/100|[from] item: Leftovers\n|upkeep\n|turn|24\n|\n|t:|1701126694\n|switch|p1a: Bun \ud83c\udf5e|Dachsbun, M|100\/100\n|-damage|p1a: Bun \ud83c\udf5e|84\/100|[from] Spikes\n|move|p2a: Sinistcha|Foul Play|p1a: Bun \ud83c\udf5e\n|-resisted|p1a: Bun \ud83c\udf5e\n|-damage|p1a: Bun \ud83c\udf5e|78\/100\n|\n|-heal|p1a: Bun \ud83c\udf5e|84\/100|[from] item: Leftovers\n|upkeep\n|turn|25\n|\n|t:|1701126708\n|-terastallize|p2a: Sinistcha|Grass\n|move|p1a: Bun \ud83c\udf5e|Yawn|p2a: Sinistcha\n|-start|p2a: Sinistcha|move: Yawn|[of] p1a: Bun \ud83c\udf5e\n|move|p2a: Sinistcha|Matcha Gotcha|p1a: Bun \ud83c\udf5e\n|-damage|p1a: Bun \ud83c\udf5e|0 fnt\n|-heal|p2a: Sinistcha|100\/100|[from] drain|[of] p1a: Bun \ud83c\udf5e\n|faint|p1a: Bun \ud83c\udf5e\n|\n|upkeep\n|c|\u2606Hapio|i alr win\n|\n|t:|1701126721\n|switch|p1a: Bloom \ud83c\udf38|Cherrim, F|46\/100\n|-damage|p1a: Bloom \ud83c\udf38|29\/100|[from] Spikes\n|turn|26\n|\n|t:|1701126727\n|move|p1a: Bloom \ud83c\udf38|Petal Blizzard|p2a: Sinistcha\n|-resisted|p2a: Sinistcha\n|-crit|p2a: Sinistcha\n|-damage|p2a: Sinistcha|85\/100\n|move|p2a: Sinistcha|Foul Play|p1a: Bloom \ud83c\udf38\n|-damage|p1a: Bloom \ud83c\udf38|0 fnt\n|faint|p1a: Bloom \ud83c\udf38\n|\n|win|Hapio\n|raw|EnowLittleDreamer's rating: 1099 &rarr; <strong>1068<\/strong><br \/>(-31 for losing)\n|raw|Hapio's rating: 1009 &rarr; <strong>1057<\/strong><br \/>(+48 for winning)\n","uploadtime":1701126736,"views":17,"p1id":"enowlittledreamer","p2id":"hapio","formatid":"gen9nationaldex","rating":1057,"private":0,"password":""}