{"id":"gen9nationaldex-1999181751","p1":"Alexander90281","p2":"jkljlkh","format":"[Gen 9] National Dex","log":"|html|<div class=\"broadcast-blue\"><strong>[Gen 9] National Dex is currently suspecting Sneasler! For information on how to participate check out the <a href=\"https:\/\/www.smogon.com\/forums\/threads\/sv-national-dex-suspect-8-just-dance.3731534\/\">suspect thread<\/a>.<\/strong><\/div>\n|j|\u2606Alexander90281\n|j|\u2606jkljlkh\n|t:|1701042338\n|gametype|singles\n|player|p1|Alexander90281|tateandliza-gen6|1687\n|player|p2|jkljlkh|2|1925\n|teamsize|p1|6\n|teamsize|p2|6\n|gen|9\n|tier|[Gen 9] National Dex\n|rated|\n|rule|HP Percentage Mod: HP is shown in percentages\n|rule|Endless Battle Clause: Forcing endless battles is banned\n|rule|OHKO Clause: OHKO moves are banned\n|rule|Evasion Clause: Evasion abilities, items, and moves are banned\n|rule|Evasion Abilities Clause: Evasion abilities are banned\n|rule|Evasion Items Clause: Evasion items are banned\n|rule|Evasion Moves Clause: Evasion moves are banned\n|rule|Species Clause: Limit one of each Pok\u00e9mon\n|rule|Sleep Clause Mod: Limit one foe put to sleep\n|clearpoke\n|poke|p1|Mimikyu, M|\n|poke|p1|Hatterene, F|\n|poke|p1|Victini|\n|poke|p1|Mawile, M|\n|poke|p1|Primarina, F|\n|poke|p1|Ogerpon-Wellspring, F|\n|poke|p2|Toxapex, M|\n|poke|p2|Dondozo, F|\n|poke|p2|Gliscor, M|\n|poke|p2|Blissey, F|\n|poke|p2|Corviknight, M|\n|poke|p2|Tyranitar, F|\n|teampreview\n|j| NicksRokaya\n|\n|t:|1701042350\n|start\n|switch|p1a: Victini|Victini|100\/100\n|switch|p2a: Tyranitar|Tyranitar, F|100\/100\n|-weather|Sandstorm|[from] ability: Sand Stream|[of] p2a: Tyranitar\n|turn|1\n|l| NicksRokaya\n|\n|t:|1701042401\n|detailschange|p2a: Tyranitar|Tyranitar-Mega, F\n|-mega|p2a: Tyranitar|Tyranitar|Tyranitarite\n|move|p1a: Victini|Final Gambit|p2a: Tyranitar\n|-damage|p2a: Tyranitar|0 fnt\n|faint|p1a: Victini\n|faint|p2a: Tyranitar\n|\n|-weather|Sandstorm|[upkeep]\n|upkeep\n|inactive|Battle timer is ON: inactive players will automatically lose when time's up. (requested by jkljlkh)\n|\n|t:|1701042449\n|switch|p1a: Hatterene|Hatterene, F|100\/100\n|switch|p2a: Corviknight|Corviknight, M|100\/100\n|-ability|p2a: Corviknight|Pressure\n|turn|2\n|\n|t:|1701042453\n|move|p2a: Corviknight|Iron Head|p1a: Hatterene\n|-supereffective|p1a: Hatterene\n|-damage|p1a: Hatterene|49\/100\n|move|p1a: Hatterene|Mystical Fire|p2a: Corviknight\n|-supereffective|p2a: Corviknight\n|-damage|p2a: Corviknight|57\/100\n|-unboost|p2a: Corviknight|spa|1\n|\n|-weather|Sandstorm|[upkeep]\n|-damage|p1a: Hatterene|43\/100|[from] Sandstorm\n|-heal|p2a: Corviknight|63\/100|[from] item: Leftovers\n|upkeep\n|turn|3\n|\n|t:|1701042457\n|switch|p1a: Ogerpon|Ogerpon-Wellspring, F|100\/100\n|move|p2a: Corviknight|Iron Head|p1a: Ogerpon\n|-resisted|p1a: Ogerpon\n|-damage|p1a: Ogerpon|86\/100\n|\n|-weather|Sandstorm|[upkeep]\n|-damage|p1a: Ogerpon|80\/100|[from] Sandstorm\n|-heal|p2a: Corviknight|69\/100|[from] item: Leftovers\n|upkeep\n|turn|4\n|\n|t:|1701042462\n|switch|p2a: Toxapex|Toxapex, M|100\/100\n|move|p1a: Ogerpon|Swords Dance|p1a: Ogerpon\n|-boost|p1a: Ogerpon|atk|2\n|\n|-weather|Sandstorm|[upkeep]\n|-damage|p1a: Ogerpon|74\/100|[from] Sandstorm\n|-damage|p2a: Toxapex|95\/100|[from] Sandstorm\n|upkeep\n|turn|5\n|\n|t:|1701042468\n|move|p1a: Ogerpon|Horn Leech|p2a: Toxapex\n|-damage|p2a: Toxapex|37\/100\n|-heal|p1a: Ogerpon|100\/100|[from] drain|[of] p2a: Toxapex\n|move|p2a: Toxapex|Toxic|p1a: Ogerpon\n|-status|p1a: Ogerpon|tox\n|\n|-weather|none\n|-damage|p1a: Ogerpon|95\/100 tox|[from] psn\n|upkeep\n|turn|6\n|\n|t:|1701042472\n|switch|p2a: Gliscor|Gliscor, M|100\/100\n|move|p1a: Ogerpon|Swords Dance|p1a: Ogerpon\n|-boost|p1a: Ogerpon|atk|2\n|\n|-damage|p1a: Ogerpon|83\/100 tox|[from] psn\n|-status|p2a: Gliscor|tox|[from] item: Toxic Orb\n|upkeep\n|turn|7\n|\n|t:|1701042475\n|move|p2a: Gliscor|Protect|p2a: Gliscor\n|-singleturn|p2a: Gliscor|Protect\n|move|p1a: Ogerpon|Ivy Cudgel|p2a: Gliscor|[anim] Ivy Cudgel Water\n|-activate|p2a: Gliscor|move: Protect\n|\n|-damage|p1a: Ogerpon|65\/100 tox|[from] psn\n|upkeep\n|turn|8\n|\n|t:|1701042479\n|switch|p2a: Corviknight|Corviknight, M|69\/100\n|-ability|p2a: Corviknight|Pressure\n|move|p1a: Ogerpon|Horn Leech|p2a: Corviknight\n|-resisted|p2a: Corviknight\n|-damage|p2a: Corviknight|44\/100\n|-heal|p1a: Ogerpon|81\/100 tox|[from] drain|[of] p2a: Corviknight\n|\n|-heal|p2a: Corviknight|50\/100|[from] item: Leftovers\n|-damage|p1a: Ogerpon|57\/100 tox|[from] psn\n|upkeep\n|turn|9\n|\n|t:|1701042483\n|move|p2a: Corviknight|Protect|p2a: Corviknight\n|-singleturn|p2a: Corviknight|Protect\n|move|p1a: Ogerpon|Ivy Cudgel|p2a: Corviknight|[anim] Ivy Cudgel Water\n|-activate|p2a: Corviknight|move: Protect\n|\n|-heal|p2a: Corviknight|57\/100|[from] item: Leftovers\n|-damage|p1a: Ogerpon|28\/100 tox|[from] psn\n|upkeep\n|turn|10\n|\n|t:|1701042486\n|move|p1a: Ogerpon|Ivy Cudgel|p2a: Corviknight|[anim] Ivy Cudgel Water\n|-damage|p2a: Corviknight|0 fnt\n|faint|p2a: Corviknight\n|\n|-damage|p1a: Ogerpon|0 fnt|[from] psn\n|faint|p1a: Ogerpon\n|upkeep\n|\n|t:|1701042495\n|switch|p1a: Hatterene|Hatterene, F|43\/100\n|switch|p2a: Gliscor|Gliscor, M|100\/100 tox\n|turn|11\n|\n|t:|1701042498\n|move|p2a: Gliscor|Earthquake|p1a: Hatterene\n|-crit|p1a: Hatterene\n|-damage|p1a: Hatterene|0 fnt\n|faint|p1a: Hatterene\n|\n|upkeep\n|\n|t:|1701042501\n|switch|p1a: Primarina|Primarina, F|100\/100\n|turn|12\n|c|\u2606jkljlkh|mb\n|\n|t:|1701042506\n|move|p2a: Gliscor|Toxic|p1a: Primarina\n|-status|p1a: Primarina|tox\n|move|p1a: Primarina|Calm Mind|p1a: Primarina\n|-boost|p1a: Primarina|spa|1\n|-boost|p1a: Primarina|spd|1\n|\n|-damage|p1a: Primarina|95\/100 tox|[from] psn\n|upkeep\n|turn|13\n|\n|t:|1701042508\n|switch|p2a: Blissey|Blissey, F|100\/100\n|move|p1a: Primarina|Calm Mind|p1a: Primarina\n|-boost|p1a: Primarina|spa|1\n|-boost|p1a: Primarina|spd|1\n|\n|-damage|p1a: Primarina|83\/100 tox|[from] psn\n|upkeep\n|turn|14\n|\n|t:|1701042513\n|switch|p1a: Mawile|Mawile, M|100\/100\n|-ability|p1a: Mawile|Intimidate|boost\n|-unboost|p2a: Blissey|atk|1\n|move|p2a: Blissey|Calm Mind|p2a: Blissey\n|-boost|p2a: Blissey|spa|1\n|-boost|p2a: Blissey|spd|1\n|\n|upkeep\n|turn|15\n|\n|t:|1701042515\n|switch|p2a: Toxapex|Toxapex, M|70\/100\n|detailschange|p1a: Mawile|Mawile-Mega, M\n|-mega|p1a: Mawile|Mawile|Mawilite\n|move|p1a: Mawile|Swords Dance|p1a: Mawile\n|-boost|p1a: Mawile|atk|2\n|\n|upkeep\n|turn|16\n|\n|t:|1701042520\n|move|p2a: Toxapex|Baneful Bunker|p2a: Toxapex\n|-singleturn|p2a: Toxapex|move: Protect\n|move|p1a: Mawile|Play Rough|p2a: Toxapex\n|-activate|p2a: Toxapex|move: Protect\n|\n|upkeep\n|turn|17\n|\n|t:|1701042522\n|move|p2a: Toxapex|Recover|p2a: Toxapex\n|-heal|p2a: Toxapex|100\/100\n|move|p1a: Mawile|Play Rough|p2a: Toxapex|[miss]\n|-miss|p1a: Mawile|p2a: Toxapex\n|\n|upkeep\n|turn|18\n|\n|t:|1701042525\n|move|p2a: Toxapex|Baneful Bunker|p2a: Toxapex\n|-singleturn|p2a: Toxapex|move: Protect\n|move|p1a: Mawile|Play Rough|p2a: Toxapex\n|-activate|p2a: Toxapex|move: Protect\n|\n|upkeep\n|turn|19\n|\n|t:|1701042533\n|switch|p2a: Dondozo|Dondozo, F|100\/100\n|move|p1a: Mawile|Play Rough|p2a: Dondozo\n|-damage|p2a: Dondozo|61\/100\n|\n|upkeep\n|turn|20\n|\n|t:|1701042537\n|move|p2a: Dondozo|Curse|p2a: Dondozo\n|-unboost|p2a: Dondozo|spe|1\n|-boost|p2a: Dondozo|atk|1\n|-boost|p2a: Dondozo|def|1\n|move|p1a: Mawile|Play Rough|p2a: Dondozo\n|-damage|p2a: Dondozo|37\/100\n|\n|upkeep\n|turn|21\n|\n|t:|1701042542\n|move|p1a: Mawile|Play Rough|p2a: Dondozo\n|-damage|p2a: Dondozo|12\/100\n|move|p2a: Dondozo|Rest|p2a: Dondozo\n|-status|p2a: Dondozo|slp|[from] move: Rest\n|-heal|p2a: Dondozo|100\/100 slp|[silent]\n|\n|upkeep\n|turn|22\n|\n|t:|1701042546\n|switch|p1a: Mimikyu|Mimikyu, M|100\/100\n|cant|p2a: Dondozo|slp\n|move|p2a: Dondozo|Sleep Talk|p2a: Dondozo\n|move|p2a: Dondozo|Body Press|p1a: Mimikyu|[from]move: Sleep Talk\n|-immune|p1a: Mimikyu\n|\n|upkeep\n|turn|23\n|\n|t:|1701042549\n|switch|p2a: Toxapex|Toxapex, M|100\/100\n|move|p1a: Mimikyu|Curse|p2a: Toxapex\n|-start|p2a: Toxapex|Curse|[of] p1a: Mimikyu\n|-damage|p1a: Mimikyu|50\/100\n|\n|-damage|p2a: Toxapex|76\/100|[from] Curse\n|upkeep\n|turn|24\n|\n|t:|1701042558\n|move|p2a: Toxapex|Toxic|p1a: Mimikyu\n|-status|p1a: Mimikyu|tox\n|move|p1a: Mimikyu|Trick Room|p1a: Mimikyu\n|-fieldstart|move: Trick Room|[of] p1a: Mimikyu\n|\n|-damage|p1a: Mimikyu|44\/100 tox|[from] psn\n|-damage|p2a: Toxapex|51\/100|[from] Curse\n|upkeep\n|turn|25\n|\n|t:|1701042561\n|switch|p2a: Gliscor|Gliscor, M|100\/100 tox\n|move|p1a: Mimikyu|Curse|p2a: Gliscor\n|-start|p2a: Gliscor|Curse|[of] p1a: Mimikyu\n|-damage|p1a: Mimikyu|0 fnt\n|faint|p1a: Mimikyu\n|\n|-damage|p2a: Gliscor|76\/100 tox|[from] Curse\n|upkeep\n|\n|t:|1701042563\n|switch|p1a: Mawile|Mawile-Mega, M|100\/100\n|turn|26\n|\n|t:|1701042565\n|move|p1a: Mawile|Swords Dance|p1a: Mawile\n|-boost|p1a: Mawile|atk|2\n|move|p2a: Gliscor|Earthquake|p1a: Mawile\n|-supereffective|p1a: Mawile\n|-damage|p1a: Mawile|35\/100\n|\n|-heal|p2a: Gliscor|88\/100 tox|[from] ability: Poison Heal\n|-damage|p2a: Gliscor|63\/100 tox|[from] Curse\n|upkeep\n|turn|27\n|\n|t:|1701042567\n|switch|p2a: Toxapex|Toxapex, M|84\/100\n|move|p1a: Mawile|Play Rough|p2a: Toxapex\n|-resisted|p2a: Toxapex\n|-damage|p2a: Toxapex|32\/100\n|\n|upkeep\n|turn|28\n|\n|t:|1701042571\n|move|p2a: Toxapex|Baneful Bunker|p2a: Toxapex\n|-singleturn|p2a: Toxapex|move: Protect\n|move|p1a: Mawile|Play Rough|p2a: Toxapex\n|-activate|p2a: Toxapex|move: Protect\n|\n|-fieldend|move: Trick Room\n|upkeep\n|turn|29\n|\n|t:|1701042573\n|move|p2a: Toxapex|Recover|p2a: Toxapex\n|-heal|p2a: Toxapex|82\/100\n|move|p1a: Mawile|Play Rough|p2a: Toxapex\n|-resisted|p2a: Toxapex\n|-damage|p2a: Toxapex|26\/100\n|-unboost|p2a: Toxapex|atk|1\n|\n|upkeep\n|turn|30\n|\n|t:|1701042576\n|move|p2a: Toxapex|Recover|p2a: Toxapex\n|-heal|p2a: Toxapex|76\/100\n|move|p1a: Mawile|Play Rough|p2a: Toxapex\n|-resisted|p2a: Toxapex\n|-damage|p2a: Toxapex|23\/100\n|\n|upkeep\n|turn|31\n|\n|t:|1701042579\n|move|p2a: Toxapex|Recover|p2a: Toxapex\n|-heal|p2a: Toxapex|73\/100\n|move|p1a: Mawile|Play Rough|p2a: Toxapex\n|-resisted|p2a: Toxapex\n|-damage|p2a: Toxapex|17\/100\n|\n|upkeep\n|turn|32\n|\n|t:|1701042584\n|move|p2a: Toxapex|Baneful Bunker|p2a: Toxapex\n|-singleturn|p2a: Toxapex|move: Protect\n|move|p1a: Mawile|Play Rough|p2a: Toxapex\n|-activate|p2a: Toxapex|move: Protect\n|\n|upkeep\n|turn|33\n|\n|t:|1701042586\n|move|p2a: Toxapex|Recover|p2a: Toxapex\n|-heal|p2a: Toxapex|67\/100\n|move|p1a: Mawile|Play Rough|p2a: Toxapex\n|-resisted|p2a: Toxapex\n|-damage|p2a: Toxapex|12\/100\n|\n|upkeep\n|turn|34\n|\n|t:|1701042590\n|move|p2a: Toxapex|Baneful Bunker|p2a: Toxapex\n|-singleturn|p2a: Toxapex|move: Protect\n|move|p1a: Mawile|Play Rough|p2a: Toxapex\n|-activate|p2a: Toxapex|move: Protect\n|\n|upkeep\n|turn|35\n|\n|t:|1701042593\n|move|p2a: Toxapex|Recover|p2a: Toxapex\n|-heal|p2a: Toxapex|62\/100\n|move|p1a: Mawile|Play Rough|p2a: Toxapex\n|-resisted|p2a: Toxapex\n|-damage|p2a: Toxapex|2\/100\n|\n|upkeep\n|turn|36\n|\n|t:|1701042597\n|move|p2a: Toxapex|Recover|p2a: Toxapex\n|-heal|p2a: Toxapex|52\/100\n|move|p1a: Mawile|Swords Dance|p1a: Mawile\n|-boost|p1a: Mawile|atk|2\n|\n|upkeep\n|turn|37\n|\n|t:|1701042600\n|move|p2a: Toxapex|Recover|p2a: Toxapex\n|-heal|p2a: Toxapex|100\/100\n|move|p1a: Mawile|Play Rough|p2a: Toxapex\n|-resisted|p2a: Toxapex\n|-damage|p2a: Toxapex|21\/100\n|\n|upkeep\n|turn|38\n|\n|t:|1701042604\n|switch|p2a: Gliscor|Gliscor, M|63\/100 tox\n|move|p1a: Mawile|Brick Break|p2a: Gliscor\n|-resisted|p2a: Gliscor\n|-damage|p2a: Gliscor|19\/100 tox\n|\n|-heal|p2a: Gliscor|32\/100 tox|[from] ability: Poison Heal\n|upkeep\n|turn|39\n|\n|t:|1701042607\n|move|p2a: Gliscor|Protect|p2a: Gliscor\n|-singleturn|p2a: Gliscor|Protect\n|move|p1a: Mawile|Sucker Punch||[still]\n|-fail|p1a: Mawile\n|\n|-heal|p2a: Gliscor|44\/100 tox|[from] ability: Poison Heal\n|upkeep\n|turn|40\n|\n|t:|1701042610\n|move|p2a: Gliscor|Spikes|p1a: Mawile\n|-sidestart|p1: Alexander90281|Spikes\n|move|p1a: Mawile|Brick Break|p2a: Gliscor\n|-resisted|p2a: Gliscor\n|-damage|p2a: Gliscor|0 fnt\n|faint|p2a: Gliscor\n|\n|upkeep\n|\n|t:|1701042613\n|switch|p2a: Dondozo|Dondozo, F|100\/100 slp\n|turn|41\n|\n|t:|1701042620\n|cant|p2a: Dondozo|slp\n|move|p2a: Dondozo|Sleep Talk|p2a: Dondozo\n|move|p2a: Dondozo|Body Press|p1a: Mawile|[from]move: Sleep Talk\n|-damage|p1a: Mawile|11\/100\n|move|p1a: Mawile|Brick Break|p2a: Dondozo\n|-damage|p2a: Dondozo|77\/100 slp\n|\n|upkeep\n|turn|42\n|\n|t:|1701042625\n|switch|p1a: Primarina|Primarina, F|83\/100 tox\n|-damage|p1a: Primarina|70\/100 tox|[from] Spikes\n|-curestatus|p2a: Dondozo|slp|[msg]\n|move|p2a: Dondozo|Sleep Talk||[still]\n|-fail|p2a: Dondozo\n|\n|-damage|p1a: Primarina|64\/100 tox|[from] psn\n|upkeep\n|turn|43\n|\n|t:|1701042628\n|switch|p2a: Blissey|Blissey, F|100\/100\n|move|p1a: Primarina|Calm Mind|p1a: Primarina\n|-boost|p1a: Primarina|spa|1\n|-boost|p1a: Primarina|spd|1\n|\n|-damage|p1a: Primarina|52\/100 tox|[from] psn\n|upkeep\n|turn|44\n|\n|t:|1701042630\n|move|p2a: Blissey|Calm Mind|p2a: Blissey\n|-boost|p2a: Blissey|spa|1\n|-boost|p2a: Blissey|spd|1\n|move|p1a: Primarina|Calm Mind|p1a: Primarina\n|-boost|p1a: Primarina|spa|1\n|-boost|p1a: Primarina|spd|1\n|\n|-damage|p1a: Primarina|34\/100 tox|[from] psn\n|upkeep\n|turn|45\n|\n|t:|1701042634\n|move|p2a: Blissey|Calm Mind|p2a: Blissey\n|-boost|p2a: Blissey|spa|1\n|-boost|p2a: Blissey|spd|1\n|move|p1a: Primarina|Draining Kiss|p2a: Blissey\n|-damage|p2a: Blissey|93\/100\n|-heal|p1a: Primarina|48\/100 tox|[from] drain|[of] p2a: Blissey\n|\n|-damage|p1a: Primarina|24\/100 tox|[from] psn\n|upkeep\n|turn|46\n|\n|t:|1701042650\n|move|p2a: Blissey|Seismic Toss|p1a: Primarina\n|-damage|p1a: Primarina|0 fnt\n|faint|p1a: Primarina\n|\n|upkeep\n|\n|t:|1701042652\n|switch|p1a: Mawile|Mawile-Mega, M|11\/100\n|-damage|p1a: Mawile|0 fnt|[from] Spikes\n|faint|p1a: Mawile\n|\n|win|jkljlkh\n|raw|Alexander90281's rating: 1687 &rarr; <strong>1679<\/strong><br \/>(-8 for losing)\n|raw|jkljlkh's rating: 1925 &rarr; <strong>1933<\/strong><br \/>(+8 for winning)\n","uploadtime":1701042656,"views":19,"p1id":"alexander90281","p2id":"jkljlkh","formatid":"gen9nationaldex","rating":1679,"private":0,"password":""}