{"id":"gen9nationaldex-1988575095","p1":"akyraaiko","p2":"Ekkogandr","format":"[Gen 9] National Dex","log":"|j|\u2606akyraaiko\n|j|\u2606Ekkogandr\n|t:|1699737796\n|gametype|singles\n|player|p1|akyraaiko|beauty-gen4dp|\n|player|p2|Ekkogandr|turo-ai|\n|teamsize|p1|6\n|teamsize|p2|6\n|gen|9\n|tier|[Gen 9] National Dex\n|rule|HP Percentage Mod: HP is shown in percentages\n|rule|Endless Battle Clause: Forcing endless battles is banned\n|rule|OHKO Clause: OHKO moves are banned\n|rule|Evasion Clause: Evasion abilities, items, and moves are banned\n|rule|Evasion Abilities Clause: Evasion abilities are banned\n|rule|Evasion Items Clause: Evasion items are banned\n|rule|Evasion Moves Clause: Evasion moves are banned\n|rule|Species Clause: Limit one of each Pok\u00e9mon\n|rule|Sleep Clause Mod: Limit one foe put to sleep\n|clearpoke\n|poke|p1|Iron Moth|\n|poke|p1|Aerodactyl, F|\n|poke|p1|Pikachu-Original, M|\n|poke|p1|Greninja-*, M|\n|poke|p1|Lycanroc-Dusk, F|\n|poke|p1|Ting-Lu|\n|poke|p2|Kyurem|\n|poke|p2|Lopunny, F|\n|poke|p2|Iron Moth|\n|poke|p2|Landorus-Therian, M|\n|poke|p2|Heatran, M|\n|poke|p2|Rotom-Wash|\n|teampreview\n|\n|t:|1699737803\n|start\n|switch|p1a: Greninja|Greninja, M|100\/100\n|switch|p2a: Landorus|Landorus-Therian, M|100\/100\n|-ability|p2a: Landorus|Intimidate|boost\n|-unboost|p1a: Greninja|atk|1\n|turn|1\n|c|\u2606akyraaiko|time errado fodace\n|\n|t:|1699737810\n|switch|p2a: Rotom|Rotom-Wash|100\/100\n|move|p1a: Greninja|Water Shuriken|p2a: Rotom\n|-resisted|p2a: Rotom\n|-crit|p2a: Rotom\n|-damage|p2a: Rotom|94\/100\n|-resisted|p2a: Rotom\n|-damage|p2a: Rotom|89\/100\n|-resisted|p2a: Rotom\n|-damage|p2a: Rotom|84\/100\n|-hitcount|p2a: Rotom|3\n|\n|-heal|p2a: Rotom|91\/100|[from] item: Leftovers\n|upkeep\n|turn|2\n|\n|t:|1699737820\n|switch|p1a: Pikachu|Pikachu-Original, M|100\/100\n|move|p2a: Rotom|Volt Switch|p1a: Pikachu\n|-ability|p1a: Pikachu|Lightning Rod|boost\n|-boost|p1a: Pikachu|spa|1\n|\n|-heal|p2a: Rotom|97\/100|[from] item: Leftovers\n|upkeep\n|turn|3\n|c|\u2606Ekkogandr|eee krl n tenho ting lu\n|\n|t:|1699737835\n|move|p1a: Pikachu|Volt Tackle|p2a: Rotom\n|-damage|p2a: Rotom|40\/100\n|-damage|p1a: Pikachu|73\/100|[from] Recoil\n|move|p2a: Rotom|Hydro Pump|p1a: Pikachu\n|-damage|p1a: Pikachu|0 fnt\n|faint|p1a: Pikachu\n|\n|-heal|p2a: Rotom|46\/100|[from] item: Leftovers\n|upkeep\n|c|\u2606Ekkogandr|fds\n|\n|t:|1699737859\n|switch|p1a: Ting-Lu|Ting-Lu|100\/100\n|-ability|p1a: Ting-Lu|Vessel of Ruin\n|turn|4\n|c|\u2606akyraaiko|euainda n tenho nd  pro rotom\n|\n|t:|1699737868\n|move|p2a: Rotom|Will-O-Wisp|p1a: Ting-Lu\n|-status|p1a: Ting-Lu|brn\n|move|p1a: Ting-Lu|Stealth Rock|p2a: Rotom\n|-sidestart|p2: Ekkogandr|move: Stealth Rock\n|\n|-heal|p2a: Rotom|52\/100|[from] item: Leftovers\n|-damage|p1a: Ting-Lu|94\/100 brn|[from] brn\n|upkeep\n|turn|5\n|\n|t:|1699737876\n|move|p2a: Rotom|Defog|p1a: Ting-Lu\n|-unboost|p1a: Ting-Lu|evasion|1\n|-sideend|p2: Ekkogandr|Stealth Rock|[from] move: Defog|[of] p2a: Rotom\n|move|p1a: Ting-Lu|Body Press|p2a: Rotom\n|-damage|p2a: Rotom|40\/100\n|\n|-heal|p2a: Rotom|47\/100|[from] item: Leftovers\n|-heal|p1a: Ting-Lu|100\/100 brn|[from] item: Leftovers\n|-damage|p1a: Ting-Lu|94\/100 brn|[from] brn\n|upkeep\n|turn|6\n|\n|t:|1699737885\n|switch|p2a: Landorus|Landorus-Therian, M|100\/100\n|-ability|p2a: Landorus|Intimidate|boost\n|-unboost|p1a: Ting-Lu|atk|1\n|move|p1a: Ting-Lu|Body Press|p2a: Landorus\n|-resisted|p2a: Landorus\n|-damage|p2a: Landorus|95\/100\n|-damage|p1a: Ting-Lu|78\/100 brn|[from] item: Rocky Helmet|[of] p2a: Landorus\n|\n|-heal|p1a: Ting-Lu|84\/100 brn|[from] item: Leftovers\n|-damage|p1a: Ting-Lu|78\/100 brn|[from] brn\n|upkeep\n|turn|7\n|\n|t:|1699737890\n|move|p2a: Landorus|Stealth Rock|p1a: Ting-Lu\n|-sidestart|p1: akyraaiko|move: Stealth Rock\n|move|p1a: Ting-Lu|Stealth Rock|p2a: Landorus\n|-sidestart|p2: Ekkogandr|move: Stealth Rock\n|\n|-heal|p1a: Ting-Lu|84\/100 brn|[from] item: Leftovers\n|-damage|p1a: Ting-Lu|78\/100 brn|[from] brn\n|upkeep\n|turn|8\n|\n|t:|1699737898\n|move|p2a: Landorus|U-turn|p1a: Ting-Lu\n|-supereffective|p1a: Ting-Lu\n|-damage|p1a: Ting-Lu|59\/100 brn\n|\n|t:|1699737902\n|switch|p2a: Lopunny|Lopunny, F|100\/100|[from] U-turn\n|-damage|p2a: Lopunny|88\/100|[from] Stealth Rock\n|move|p1a: Ting-Lu|Spikes|p2a: Lopunny\n|-sidestart|p2: Ekkogandr|Spikes\n|\n|-heal|p1a: Ting-Lu|65\/100 brn|[from] item: Leftovers\n|-damage|p1a: Ting-Lu|59\/100 brn|[from] brn\n|upkeep\n|turn|9\n|\n|t:|1699737905\n|detailschange|p2a: Lopunny|Lopunny-Mega, F\n|-mega|p2a: Lopunny|Lopunny|Lopunnite\n|move|p2a: Lopunny|Fake Out|p1a: Ting-Lu\n|-damage|p1a: Ting-Lu|50\/100 brn\n|cant|p1a: Ting-Lu|flinch\n|\n|-heal|p1a: Ting-Lu|56\/100 brn|[from] item: Leftovers\n|-damage|p1a: Ting-Lu|50\/100 brn|[from] brn\n|upkeep\n|turn|10\n|\n|t:|1699737909\n|move|p2a: Lopunny|Close Combat|p1a: Ting-Lu\n|-supereffective|p1a: Ting-Lu\n|-crit|p1a: Ting-Lu\n|-damage|p1a: Ting-Lu|0 fnt\n|-unboost|p2a: Lopunny|def|1\n|-unboost|p2a: Lopunny|spd|1\n|faint|p1a: Ting-Lu\n|\n|upkeep\n|\n|t:|1699737916\n|switch|p1a: Lycanroc|Lycanroc-Dusk, F, shiny|100\/100\n|-damage|p1a: Lycanroc|88\/100|[from] Stealth Rock\n|turn|11\n|\n|t:|1699737931\n|-terastallize|p1a: Lycanroc|Water\n|move|p1a: Lycanroc|Close Combat|p2a: Lopunny\n|-supereffective|p2a: Lopunny\n|-damage|p2a: Lopunny|0 fnt\n|-unboost|p1a: Lycanroc|def|1\n|-unboost|p1a: Lycanroc|spd|1\n|faint|p2a: Lopunny\n|\n|upkeep\n|c|\u2606Ekkogandr|bruh[\n|\n|t:|1699737946\n|switch|p2a: Iron Moth|Iron Moth|100\/100\n|turn|12\n|\n|t:|1699737962\n|switch|p1a: Iron Moth|Iron Moth|100\/100\n|-damage|p1a: Iron Moth|76\/100|[from] Stealth Rock\n|-end|p2a: Iron Moth|Quark Drive|[silent]\n|switch|p2a: Rotom|Rotom-Wash|47\/100\n|-damage|p2a: Rotom|34\/100|[from] Stealth Rock\n|\n|-heal|p1a: Iron Moth|82\/100|[from] item: Leftovers\n|-heal|p2a: Rotom|40\/100|[from] item: Leftovers\n|upkeep\n|turn|13\n|\n|t:|1699737970\n|move|p1a: Iron Moth|Sludge Wave|p2a: Rotom\n|-damage|p2a: Rotom|0 fnt\n|faint|p2a: Rotom\n|\n|-heal|p1a: Iron Moth|88\/100|[from] item: Leftovers\n|upkeep\n|\n|t:|1699737975\n|switch|p2a: Heatran|Heatran, M|100\/100\n|-damage|p2a: Heatran|88\/100|[from] Stealth Rock\n|-damage|p2a: Heatran|76\/100|[from] Spikes\n|turn|14\n|c|\u2606akyraaiko|am\u00e9m irmoes\n|\n|t:|1699737982\n|move|p1a: Iron Moth|Hurricane|p2a: Heatran\n|-resisted|p2a: Heatran\n|-damage|p2a: Heatran|62\/100\n|move|p2a: Heatran|Magma Storm|p1a: Iron Moth\n|-resisted|p1a: Iron Moth\n|-damage|p1a: Iron Moth|64\/100\n|-activate|p1a: Iron Moth|move: Magma Storm|[of] p2a: Heatran\n|\n|-heal|p1a: Iron Moth|70\/100|[from] item: Leftovers\n|-heal|p2a: Heatran|69\/100|[from] item: Leftovers\n|-damage|p1a: Iron Moth|57\/100|[from] move: Magma Storm|[partiallytrapped]\n|upkeep\n|turn|15\n|c|\u2606akyraaiko|fiz emrda\n|\n|t:|1699737994\n|move|p1a: Iron Moth|Hurricane|p2a: Heatran|[miss]\n|-miss|p1a: Iron Moth|p2a: Heatran\n|move|p2a: Heatran|Earth Power|p1a: Iron Moth\n|-supereffective|p1a: Iron Moth\n|-damage|p1a: Iron Moth|0 fnt\n|faint|p1a: Iron Moth\n|-end|p1a: Iron Moth|Quark Drive|[silent]\n|\n|-heal|p2a: Heatran|75\/100|[from] item: Leftovers\n|upkeep\n|\n|t:|1699738009\n|switch|p1a: Aerodactyl|Aerodactyl, F|100\/100\n|-damage|p1a: Aerodactyl|76\/100|[from] Stealth Rock\n|turn|16\n|\n|t:|1699738019\n|switch|p2a: Landorus|Landorus-Therian, M|95\/100\n|-damage|p2a: Landorus|83\/100|[from] Stealth Rock\n|-ability|p2a: Landorus|Intimidate|boost\n|-unboost|p1a: Aerodactyl|atk|1\n|detailschange|p1a: Aerodactyl|Aerodactyl-Mega, F\n|-mega|p1a: Aerodactyl|Aerodactyl|Aerodactylite\n|move|p1a: Aerodactyl|Aqua Tail|p2a: Landorus\n|-supereffective|p2a: Landorus\n|-damage|p2a: Landorus|45\/100\n|-damage|p1a: Aerodactyl|59\/100|[from] item: Rocky Helmet|[of] p2a: Landorus\n|\n|upkeep\n|turn|17\n|\n|t:|1699738035\n|move|p1a: Aerodactyl|Aqua Tail|p2a: Landorus\n|-supereffective|p2a: Landorus\n|-damage|p2a: Landorus|8\/100\n|-damage|p1a: Aerodactyl|42\/100|[from] item: Rocky Helmet|[of] p2a: Landorus\n|move|p2a: Landorus|Toxic|p1a: Aerodactyl\n|-status|p1a: Aerodactyl|tox\n|\n|-damage|p1a: Aerodactyl|36\/100 tox|[from] psn\n|upkeep\n|turn|18\n|\n|t:|1699738050\n|move|p1a: Aerodactyl|Aqua Tail|p2a: Landorus\n|-supereffective|p2a: Landorus\n|-damage|p2a: Landorus|0 fnt\n|-damage|p1a: Aerodactyl|20\/100 tox|[from] item: Rocky Helmet|[of] p2a: Landorus\n|faint|p2a: Landorus\n|\n|-damage|p1a: Aerodactyl|8\/100 tox|[from] psn\n|upkeep\n|\n|t:|1699738071\n|switch|p2a: Kyurem|Kyurem|100\/100\n|-ability|p2a: Kyurem|Pressure\n|turn|19\n|\n|t:|1699738092\n|-terastallize|p2a: Kyurem|Steel\n|move|p1a: Aerodactyl|Earthquake|p2a: Kyurem\n|-supereffective|p2a: Kyurem\n|-damage|p2a: Kyurem|58\/100\n|move|p2a: Kyurem|Substitute|p2a: Kyurem\n|-start|p2a: Kyurem|Substitute\n|-damage|p2a: Kyurem|33\/100\n|\n|-damage|p1a: Aerodactyl|0 fnt|[from] psn\n|faint|p1a: Aerodactyl\n|upkeep\n|\n|t:|1699738100\n|switch|p1a: Lycanroc|Lycanroc-Dusk, F, shiny, tera:Water|88\/100\n|-damage|p1a: Lycanroc|76\/100|[from] Stealth Rock\n|turn|20\n|c|\u2606Ekkogandr|boa\n|\n|t:|1699738105\n|move|p1a: Lycanroc|Fire Fang|p2a: Kyurem\n|-supereffective|p2a: Kyurem\n|-end|p2a: Kyurem|Substitute\n|move|p2a: Kyurem|Freeze-Dry|p1a: Lycanroc\n|-supereffective|p1a: Lycanroc\n|-damage|p1a: Lycanroc|0 fnt\n|faint|p1a: Lycanroc\n|\n|upkeep\n|\n|t:|1699738108\n|switch|p1a: Greninja|Greninja, M|100\/100\n|-damage|p1a: Greninja|88\/100|[from] Stealth Rock\n|turn|21\n|c|\u2606akyraaiko|GG\n|\n|t:|1699738120\n|move|p1a: Greninja|Blizzard|p2a: Kyurem|[miss]\n|-miss|p1a: Greninja|p2a: Kyurem\n|move|p2a: Kyurem|Freeze-Dry|p1a: Greninja\n|-supereffective|p1a: Greninja\n|-damage|p1a: Greninja|0 fnt\n|faint|p1a: Greninja\n|\n|win|Ekkogandr\n|c|\u2606Ekkogandr|gg\n|l|\u2606akyraaiko\n","uploadtime":1699738128,"views":4,"p1id":"akyraaiko","p2id":"ekkogandr","formatid":"gen9nationaldex","rating":0,"private":0,"password":""}