{"id":"gen9nationaldex-1997718248","p1":"Slivergondra","p2":"Autistic_Rabbit","format":"[Gen 9] National Dex","log":"|html|<div class=\"broadcast-blue\"><strong>[Gen 9] National Dex is currently suspecting Sneasler! For information on how to participate check out the <a href=\"https:\/\/www.smogon.com\/forums\/threads\/sv-national-dex-suspect-8-just-dance.3731534\/\">suspect thread<\/a>.<\/strong><\/div>\n|j|\u2606Slivergondra\n|j|\u2606Autistic_Rabbit\n|t:|1700845251\n|gametype|singles\n|player|p1|Slivergondra|irida|1553\n|player|p2|Autistic_Rabbit|dawn|1577\n|teamsize|p1|6\n|teamsize|p2|6\n|gen|9\n|tier|[Gen 9] National Dex\n|rated|\n|rule|HP Percentage Mod: HP is shown in percentages\n|rule|Endless Battle Clause: Forcing endless battles is banned\n|rule|OHKO Clause: OHKO moves are banned\n|rule|Evasion Clause: Evasion abilities, items, and moves are banned\n|rule|Evasion Abilities Clause: Evasion abilities are banned\n|rule|Evasion Items Clause: Evasion items are banned\n|rule|Evasion Moves Clause: Evasion moves are banned\n|rule|Species Clause: Limit one of each Pok\u00e9mon\n|rule|Sleep Clause Mod: Limit one foe put to sleep\n|clearpoke\n|poke|p1|Zapdos|\n|poke|p1|Great Tusk|\n|poke|p1|Scizor, F|\n|poke|p1|Tyranitar, F|\n|poke|p1|Serperior, M|\n|poke|p1|Alomomola, M|\n|poke|p2|Mawile, M|\n|poke|p2|Marowak-Alola, M|\n|poke|p2|Hatterene, F|\n|poke|p2|Cresselia, F|\n|poke|p2|Porygon2|\n|poke|p2|Ursaluna, F|\n|teampreview\n|inactive|Battle timer is ON: inactive players will automatically lose when time's up. (requested by Slivergondra)\n|\n|t:|1700845272\n|start\n|switch|p1a: Scizor|Scizor, F|100\/100\n|switch|p2a: Ursaluna|Ursaluna, F|100\/100\n|turn|1\n|\n|t:|1700845276\n|detailschange|p1a: Scizor|Scizor-Mega, F\n|-mega|p1a: Scizor|Scizor|Scizorite\n|move|p1a: Scizor|Close Combat|p2a: Ursaluna\n|-supereffective|p2a: Ursaluna\n|-damage|p2a: Ursaluna|40\/100\n|-unboost|p1a: Scizor|def|1\n|-unboost|p1a: Scizor|spd|1\n|move|p2a: Ursaluna|Fire Punch|p1a: Scizor\n|-supereffective|p1a: Scizor\n|-damage|p1a: Scizor|0 fnt\n|faint|p1a: Scizor\n|\n|-status|p2a: Ursaluna|brn|[from] item: Flame Orb\n|upkeep\n|\n|t:|1700845282\n|switch|p1a: Serperior|Serperior, M|100\/100\n|turn|2\n|\n|t:|1700845297\n|move|p1a: Serperior|Leaf Storm|p2a: Ursaluna\n|-supereffective|p2a: Ursaluna\n|-damage|p2a: Ursaluna|0 fnt\n|-boost|p1a: Serperior|spa|2\n|faint|p2a: Ursaluna\n|\n|upkeep\n|\n|t:|1700845302\n|switch|p2a: Marowak|Marowak-Alola, M|100\/100\n|turn|3\n|\n|t:|1700845306\n|move|p1a: Serperior|Substitute|p1a: Serperior\n|-start|p1a: Serperior|Substitute\n|-damage|p1a: Serperior|76\/100\n|move|p2a: Marowak|Flare Blitz|p1a: Serperior\n|-supereffective|p1a: Serperior\n|-end|p1a: Serperior|Substitute\n|\n|-heal|p1a: Serperior|82\/100|[from] item: Leftovers\n|upkeep\n|turn|4\n|\n|t:|1700845313\n|switch|p1a: Alomomola|Alomomola, M|100\/100\n|move|p2a: Marowak|Flare Blitz|p1a: Alomomola\n|-resisted|p1a: Alomomola\n|-damage|p1a: Alomomola|76\/100\n|\n|upkeep\n|turn|5\n|\n|t:|1700845323\n|switch|p2a: Porygon2|Porygon2|100\/100\n|-ability|p2a: Porygon2|Regenerator|[from] ability: Trace|[of] p1a: Alomomola\n|move|p1a: Alomomola|Flip Turn|p2a: Porygon2\n|-damage|p2a: Porygon2|92\/100\n|\n|t:|1700845329\n|switch|p1a: Serperior|Serperior, M|82\/100|[from] Flip Turn\n|\n|-heal|p1a: Serperior|88\/100|[from] item: Leftovers\n|upkeep\n|turn|6\n|\n|t:|1700845331\n|move|p1a: Serperior|Substitute|p1a: Serperior\n|-start|p1a: Serperior|Substitute\n|-damage|p1a: Serperior|63\/100\n|move|p2a: Porygon2|Ice Beam|p1a: Serperior\n|-supereffective|p1a: Serperior\n|-end|p1a: Serperior|Substitute\n|\n|-heal|p1a: Serperior|70\/100|[from] item: Leftovers\n|upkeep\n|turn|7\n|\n|t:|1700845340\n|move|p1a: Serperior|Glare|p2a: Porygon2\n|-status|p2a: Porygon2|par\n|move|p2a: Porygon2|Trick Room|p2a: Porygon2\n|-fieldstart|move: Trick Room|[of] p2a: Porygon2\n|\n|-heal|p1a: Serperior|76\/100|[from] item: Leftovers\n|upkeep\n|turn|8\n|\n|t:|1700845346\n|cant|p2a: Porygon2|par\n|move|p1a: Serperior|Substitute|p1a: Serperior\n|-start|p1a: Serperior|Substitute\n|-damage|p1a: Serperior|51\/100\n|\n|-heal|p1a: Serperior|57\/100|[from] item: Leftovers\n|upkeep\n|turn|9\n|\n|t:|1700845349\n|move|p2a: Porygon2|Ice Beam|p1a: Serperior\n|-supereffective|p1a: Serperior\n|-end|p1a: Serperior|Substitute\n|move|p1a: Serperior|Leaf Storm|p2a: Porygon2\n|-damage|p2a: Porygon2|66\/100 par\n|-boost|p1a: Serperior|spa|2\n|\n|-heal|p1a: Serperior|63\/100|[from] item: Leftovers\n|upkeep\n|turn|10\n|\n|t:|1700845354\n|move|p2a: Porygon2|Ice Beam|p1a: Serperior\n|-supereffective|p1a: Serperior\n|-damage|p1a: Serperior|10\/100\n|-status|p1a: Serperior|frz\n|cant|p1a: Serperior|frz\n|\n|-heal|p1a: Serperior|16\/100 frz|[from] item: Leftovers\n|upkeep\n|turn|11\n|\n|t:|1700845362\n|cant|p1a: Serperior|frz\n|move|p2a: Porygon2|Teleport|p2a: Porygon2\n|\n|t:|1700845369\n|switch|p2a: Hatterene|Hatterene, F|100\/100|[from] Teleport\n|\n|-heal|p1a: Serperior|22\/100 frz|[from] item: Leftovers\n|-fieldend|move: Trick Room\n|upkeep\n|turn|12\n|\n|t:|1700845373\n|cant|p1a: Serperior|frz\n|move|p2a: Hatterene|Trick Room|p2a: Hatterene\n|-fieldstart|move: Trick Room|[of] p2a: Hatterene\n|\n|-heal|p1a: Serperior|28\/100 frz|[from] item: Leftovers\n|upkeep\n|turn|13\n|\n|t:|1700845378\n|move|p2a: Hatterene|Mystical Fire|p1a: Serperior\n|-supereffective|p1a: Serperior\n|-damage|p1a: Serperior|0 fnt\n|faint|p1a: Serperior\n|\n|upkeep\n|\n|t:|1700845385\n|switch|p1a: Alomomola|Alomomola, M|100\/100\n|turn|14\n|j| Vxltarktimi\n|\n|t:|1700845398\n|switch|p2a: Porygon2|Porygon2|99\/100 par\n|-ability|p2a: Porygon2|Regenerator|[from] ability: Trace|[of] p1a: Alomomola\n|move|p1a: Alomomola|Protect||[still]\n|-fail|p1a: Alomomola\n|\n|upkeep\n|turn|15\n|\n|t:|1700845401\n|switch|p1a: Great Tusk|Great Tusk|100\/100\n|move|p2a: Porygon2|Teleport|p2a: Porygon2\n|\n|t:|1700845404\n|switch|p2a: Marowak|Marowak-Alola, M|100\/100|[from] Teleport\n|\n|upkeep\n|turn|16\n|\n|t:|1700845409\n|-terastallize|p2a: Marowak|Ghost\n|move|p2a: Marowak|Poltergeist|p1a: Great Tusk\n|-activate|p1a: Great Tusk|move: Poltergeist|Focus Sash\n|-damage|p1a: Great Tusk|16\/100\n|move|p1a: Great Tusk|Headlong Rush|p2a: Marowak\n|-damage|p2a: Marowak|35\/100\n|-unboost|p1a: Great Tusk|def|1\n|-unboost|p1a: Great Tusk|spd|1\n|\n|-fieldend|move: Trick Room\n|upkeep\n|turn|17\n|\n|t:|1700845420\n|switch|p2a: Cresselia|Cresselia, F|100\/100\n|move|p1a: Great Tusk|Headlong Rush|p2a: Cresselia\n|-immune|p2a: Cresselia|[from] ability: Levitate\n|\n|upkeep\n|turn|18\n|\n|t:|1700845425\n|move|p1a: Great Tusk|Stealth Rock|p2a: Cresselia\n|-sidestart|p2: Autistic_Rabbit|move: Stealth Rock\n|move|p2a: Cresselia|Trick Room|p2a: Cresselia\n|-fieldstart|move: Trick Room|[of] p2a: Cresselia\n|\n|upkeep\n|turn|19\n|\n|t:|1700845434\n|-end|p1a: Great Tusk|Protosynthesis|[silent]\n|switch|p1a: Alomomola|Alomomola, M|100\/100\n|move|p2a: Cresselia|Psychic|p1a: Alomomola\n|-damage|p1a: Alomomola|74\/100\n|\n|upkeep\n|turn|20\n|\n|t:|1700845441\n|switch|p2a: Porygon2|Porygon2|100\/100 par\n|-damage|p2a: Porygon2|88\/100 par|[from] Stealth Rock\n|-ability|p2a: Porygon2|Regenerator|[from] ability: Trace|[of] p1a: Alomomola\n|move|p1a: Alomomola|Wish|p1a: Alomomola\n|\n|upkeep\n|turn|21\n|\n|t:|1700845450\n|move|p1a: Alomomola|Flip Turn|p2a: Porygon2\n|-damage|p2a: Porygon2|80\/100 par\n|\n|t:|1700845455\n|switch|p1a: Tyranitar|Tyranitar, F|100\/100|[from] Flip Turn\n|-weather|Sandstorm|[from] ability: Sand Stream|[of] p1a: Tyranitar\n|move|p2a: Porygon2|Teleport|p2a: Porygon2\n|\n|t:|1700845458\n|switch|p2a: Mawile|Mawile, M|100\/100|[from] Teleport\n|-damage|p2a: Mawile|95\/100|[from] Stealth Rock\n|-ability|p2a: Mawile|Intimidate|boost\n|-unboost|p1a: Tyranitar|atk|1\n|\n|-weather|Sandstorm|[upkeep]\n|upkeep\n|turn|22\n|\n|t:|1700845463\n|switch|p1a: Zapdos|Zapdos|100\/100\n|detailschange|p2a: Mawile|Mawile-Mega, M\n|-mega|p2a: Mawile|Mawile|Mawilite\n|move|p2a: Mawile|Play Rough|p1a: Zapdos\n|-damage|p1a: Zapdos|36\/100\n|-status|p2a: Mawile|par|[from] ability: Static|[of] p1a: Zapdos\n|\n|-weather|Sandstorm|[upkeep]\n|-damage|p1a: Zapdos|29\/100|[from] Sandstorm\n|-fieldend|move: Trick Room\n|upkeep\n|turn|23\n|\n|t:|1700845474\n|move|p1a: Zapdos|Roost|p1a: Zapdos\n|-heal|p1a: Zapdos|79\/100\n|-singleturn|p1a: Zapdos|move: Roost\n|move|p2a: Mawile|Play Rough|p1a: Zapdos\n|-damage|p1a: Zapdos|22\/100\n|\n|-weather|Sandstorm|[upkeep]\n|-damage|p1a: Zapdos|15\/100|[from] Sandstorm\n|upkeep\n|turn|24\n|\n|t:|1700845481\n|move|p1a: Zapdos|Roost|p1a: Zapdos\n|-heal|p1a: Zapdos|65\/100\n|-singleturn|p1a: Zapdos|move: Roost\n|move|p2a: Mawile|Play Rough|p1a: Zapdos\n|-damage|p1a: Zapdos|1\/100\n|\n|-weather|Sandstorm|[upkeep]\n|-damage|p1a: Zapdos|0 fnt|[from] Sandstorm\n|faint|p1a: Zapdos\n|upkeep\n|\n|t:|1700845489\n|switch|p1a: Great Tusk|Great Tusk|16\/100\n|turn|25\n|\n|t:|1700845496\n|-end|p1a: Great Tusk|Protosynthesis|[silent]\n|switch|p1a: Tyranitar|Tyranitar, F|100\/100\n|move|p2a: Mawile|Sucker Punch||[still]\n|-fail|p2a: Mawile\n|\n|-weather|none\n|upkeep\n|turn|26\n|\n|t:|1700845504\n|switch|p1a: Alomomola|Alomomola, M|100\/100\n|move|p2a: Mawile|Play Rough|p1a: Alomomola\n|-damage|p1a: Alomomola|52\/100\n|\n|upkeep\n|turn|27\n|\n|t:|1700845512\n|move|p1a: Alomomola|Wish|p1a: Alomomola\n|move|p2a: Mawile|Play Rough|p1a: Alomomola\n|-damage|p1a: Alomomola|3\/100\n|-unboost|p1a: Alomomola|atk|1\n|\n|upkeep\n|turn|28\n|\n|t:|1700845523\n|switch|p2a: Porygon2|Porygon2|100\/100 par\n|-damage|p2a: Porygon2|88\/100 par|[from] Stealth Rock\n|-ability|p2a: Porygon2|Regenerator|[from] ability: Trace|[of] p1a: Alomomola\n|move|p1a: Alomomola|Flip Turn|p2a: Porygon2\n|-damage|p2a: Porygon2|83\/100 par\n|\n|t:|1700845531\n|switch|p1a: Great Tusk|Great Tusk|16\/100|[from] Flip Turn\n|\n|-heal|p1a: Great Tusk|88\/100|[from] move: Wish|[wisher] Alomomola\n|upkeep\n|turn|29\n|\n|t:|1700845537\n|move|p1a: Great Tusk|Close Combat|p2a: Porygon2\n|-supereffective|p2a: Porygon2\n|-damage|p2a: Porygon2|17\/100 par\n|-unboost|p1a: Great Tusk|def|1\n|-unboost|p1a: Great Tusk|spd|1\n|move|p2a: Porygon2|Trick Room|p2a: Porygon2\n|-fieldstart|move: Trick Room|[of] p2a: Porygon2\n|\n|upkeep\n|turn|30\n|\n|t:|1700845544\n|move|p2a: Porygon2|Ice Beam|p1a: Great Tusk\n|-supereffective|p1a: Great Tusk\n|-damage|p1a: Great Tusk|0 fnt\n|faint|p1a: Great Tusk\n|-end|p1a: Great Tusk|Protosynthesis|[silent]\n|\n|upkeep\n|\n|t:|1700845549\n|switch|p1a: Alomomola|Alomomola, M|37\/100\n|turn|31\n|\n|t:|1700845553\n|move|p2a: Porygon2|Thunderbolt|p1a: Alomomola\n|-supereffective|p1a: Alomomola\n|-damage|p1a: Alomomola|0 fnt\n|faint|p1a: Alomomola\n|\n|upkeep\n|\n|t:|1700845555\n|switch|p1a: Tyranitar|Tyranitar, F|100\/100\n|-weather|Sandstorm|[from] ability: Sand Stream|[of] p1a: Tyranitar\n|turn|32\n|\n|t:|1700845563\n|move|p1a: Tyranitar|Pursuit|p2a: Porygon2\n|-damage|p2a: Porygon2|4\/100 par\n|cant|p2a: Porygon2|par\n|\n|-weather|Sandstorm|[upkeep]\n|-damage|p2a: Porygon2|0 fnt|[from] Sandstorm\n|faint|p2a: Porygon2\n|upkeep\n|\n|t:|1700845565\n|switch|p2a: Marowak|Marowak-Alola, M, tera:Ghost|35\/100\n|-damage|p2a: Marowak|22\/100|[from] Stealth Rock\n|turn|33\n|\n|t:|1700845580\n|-terastallize|p1a: Tyranitar|Flying\n|move|p2a: Marowak|Low Kick|p1a: Tyranitar\n|-resisted|p1a: Tyranitar\n|-damage|p1a: Tyranitar|71\/100\n|move|p1a: Tyranitar|Pursuit|p2a: Marowak\n|-supereffective|p2a: Marowak\n|-damage|p2a: Marowak|0 fnt\n|faint|p2a: Marowak\n|\n|-weather|Sandstorm|[upkeep]\n|-damage|p1a: Tyranitar|65\/100|[from] Sandstorm\n|-fieldend|move: Trick Room\n|upkeep\n|\n|t:|1700845592\n|switch|p2a: Hatterene|Hatterene, F|100\/100\n|-damage|p2a: Hatterene|88\/100|[from] Stealth Rock\n|turn|34\n|\n|t:|1700845596\n|move|p1a: Tyranitar|Stone Edge|p2a: Hatterene\n|-crit|p2a: Hatterene\n|-damage|p2a: Hatterene|0 fnt\n|faint|p2a: Hatterene\n|\n|-weather|Sandstorm|[upkeep]\n|-damage|p1a: Tyranitar|59\/100|[from] Sandstorm\n|upkeep\n|\n|t:|1700845604\n|switch|p2a: Cresselia|Cresselia, F|100\/100\n|-damage|p2a: Cresselia|88\/100|[from] Stealth Rock\n|turn|35\n|\n|t:|1700845606\n|move|p1a: Tyranitar|Knock Off|p2a: Cresselia\n|-supereffective|p2a: Cresselia\n|-enditem|p2a: Cresselia|Colbur Berry|[eat]\n|-enditem|p2a: Cresselia|Colbur Berry|[weaken]\n|-damage|p2a: Cresselia|57\/100\n|move|p2a: Cresselia|Trick Room|p2a: Cresselia\n|-fieldstart|move: Trick Room|[of] p2a: Cresselia\n|\n|-weather|Sandstorm|[upkeep]\n|-damage|p1a: Tyranitar|53\/100|[from] Sandstorm\n|-damage|p2a: Cresselia|51\/100|[from] Sandstorm\n|upkeep\n|turn|36\n|\n|t:|1700845615\n|move|p1a: Tyranitar|Pursuit|p2a: Cresselia\n|-supereffective|p2a: Cresselia\n|-damage|p2a: Cresselia|26\/100\n|move|p2a: Cresselia|Ice Beam|p1a: Tyranitar\n|-supereffective|p1a: Tyranitar\n|-damage|p1a: Tyranitar|32\/100\n|\n|-weather|none\n|upkeep\n|turn|37\n|\n|t:|1700845624\n|move|p1a: Tyranitar|Knock Off|p2a: Cresselia\n|-supereffective|p2a: Cresselia\n|-damage|p2a: Cresselia|0 fnt\n|faint|p2a: Cresselia\n|\n|upkeep\n|\n|t:|1700845626\n|switch|p2a: Mawile|Mawile-Mega, M|95\/100 par\n|-damage|p2a: Mawile|89\/100 par|[from] Stealth Rock\n|turn|38\n|\n|t:|1700845630\n|cant|p2a: Mawile|par\n|move|p1a: Tyranitar|Fire Punch|p2a: Mawile\n|-supereffective|p2a: Mawile\n|-damage|p2a: Mawile|30\/100 par\n|\n|upkeep\n|turn|39\n|\n|t:|1700845637\n|move|p2a: Mawile|Ice Punch|p1a: Tyranitar\n|-supereffective|p1a: Tyranitar\n|-damage|p1a: Tyranitar|0 fnt\n|faint|p1a: Tyranitar\n|\n|win|Autistic_Rabbit\n|raw|Slivergondra's rating: 1553 &rarr; <strong>1534<\/strong><br \/>(-19 for losing)\n|raw|Autistic_Rabbit's rating: 1577 &rarr; <strong>1596<\/strong><br \/>(+19 for winning)\n","uploadtime":1700845641,"views":8,"p1id":"slivergondra","p2id":"autisticrabbit","formatid":"gen9nationaldex","rating":1534,"private":0,"password":""}