{"id":"gen9nationaldex-1988467312","p1":"FiveFingerIcePunch","p2":"ihateultrabeast","format":"[Gen 9] National Dex","log":"|j|\u2606FiveFingerIcePunch\n|j|\u2606ihateultrabeast\n|t:|1699726053\n|gametype|singles\n|player|p1|FiveFingerIcePunch|workerice|1539\n|player|p2|ihateultrabeast|102|1492\n|teamsize|p1|6\n|teamsize|p2|6\n|gen|9\n|tier|[Gen 9] National Dex\n|rated|\n|rule|HP Percentage Mod: HP is shown in percentages\n|rule|Endless Battle Clause: Forcing endless battles is banned\n|rule|OHKO Clause: OHKO moves are banned\n|rule|Evasion Clause: Evasion abilities, items, and moves are banned\n|rule|Evasion Abilities Clause: Evasion abilities are banned\n|rule|Evasion Items Clause: Evasion items are banned\n|rule|Evasion Moves Clause: Evasion moves are banned\n|rule|Species Clause: Limit one of each Pok\u00e9mon\n|rule|Sleep Clause Mod: Limit one foe put to sleep\n|clearpoke\n|poke|p1|Tangela, M|\n|poke|p1|Iron Valiant|\n|poke|p1|Excadrill, M|\n|poke|p1|Toxapex, F|\n|poke|p1|Lopunny, F|\n|poke|p1|Kommo-o, M|\n|poke|p2|Hatterene, F|\n|poke|p2|Stakataka|\n|poke|p2|Rillaboom, M|\n|poke|p2|Iron Hands|\n|poke|p2|Cresselia, F|\n|poke|p2|Camerupt, F|\n|teampreview\n|\n|t:|1699726059\n|start\n|switch|p1a: Hello Brother|Excadrill, M, shiny|100\/100\n|switch|p2a: Hatterene|Hatterene, F|100\/100\n|-ability|p1a: Hello Brother|Mold Breaker\n|turn|1\n|\n|t:|1699726065\n|switch|p2a: Cresselia|Cresselia, F, shiny|100\/100\n|move|p1a: Hello Brother|Swords Dance|p1a: Hello Brother\n|-boost|p1a: Hello Brother|atk|2\n|\n|upkeep\n|turn|2\n|\n|t:|1699726070\n|move|p1a: Hello Brother|Earthquake|p2a: Cresselia\n|-damage|p2a: Cresselia|38\/100\n|move|p2a: Cresselia|Trick Room|p2a: Cresselia\n|-fieldstart|move: Trick Room|[of] p2a: Cresselia\n|\n|upkeep\n|turn|3\n|\n|t:|1699726076\n|move|p2a: Cresselia|Lunar Dance|p2a: Cresselia\n|faint|p2a: Cresselia\n|move|p1a: Hello Brother|Earthquake|p2: Cresselia|[notarget]\n|-fail|p1a: Hello Brother\n|\n|upkeep\n|\n|t:|1699726090\n|switch|p2a: Rillaboom|Rillaboom, M|100\/100\n|-fieldstart|move: Grassy Terrain|[from] ability: Grassy Surge|[of] p2a: Rillaboom\n|turn|4\n|\n|t:|1699726097\n|switch|p1a: Spaghetti Man|Tangela, M, shiny|100\/100\n|move|p2a: Rillaboom|Grassy Glide|p1a: Spaghetti Man\n|-resisted|p1a: Spaghetti Man\n|-damage|p1a: Spaghetti Man|88\/100\n|\n|-heal|p1a: Spaghetti Man|94\/100|[from] Grassy Terrain\n|upkeep\n|turn|5\n|\n|t:|1699726101\n|switch|p2a: Camerupt|Camerupt, F, shiny|100\/100\n|move|p1a: Spaghetti Man|Knock Off|p2a: Camerupt\n|-damage|p2a: Camerupt|88\/100\n|\n|-heal|p2a: Camerupt|94\/100|[from] Grassy Terrain\n|-heal|p1a: Spaghetti Man|99\/100|[from] Grassy Terrain\n|upkeep\n|turn|6\n|\n|t:|1699726110\n|switch|p1a: Hatred|Toxapex, F, shiny|100\/100\n|detailschange|p2a: Camerupt|Camerupt-Mega, F, shiny\n|-mega|p2a: Camerupt|Camerupt|Cameruptite\n|move|p2a: Camerupt|Eruption|p1a: Hatred\n|-resisted|p1a: Hatred\n|-damage|p1a: Hatred|72\/100\n|\n|-heal|p2a: Camerupt|99\/100|[from] Grassy Terrain\n|-heal|p1a: Hatred|78\/100|[from] Grassy Terrain\n|-heal|p1a: Hatred|84\/100|[from] item: Black Sludge\n|-fieldend|move: Trick Room\n|upkeep\n|turn|7\n|inactive|Battle timer is ON: inactive players will automatically lose when time's up. (requested by ihateultrabeast)\n|\n|t:|1699726115\n|move|p1a: Hatred|Scald|p2a: Camerupt\n|-supereffective|p2a: Camerupt\n|-damage|p2a: Camerupt|33\/100\n|move|p2a: Camerupt|Earth Power|p1a: Hatred\n|-supereffective|p1a: Hatred\n|-damage|p1a: Hatred|0 fnt\n|faint|p1a: Hatred\n|\n|-heal|p2a: Camerupt|40\/100|[from] Grassy Terrain\n|upkeep\n|\n|t:|1699726118\n|switch|p1a: Hello Brother|Excadrill, M, shiny|100\/100\n|-ability|p1a: Hello Brother|Mold Breaker\n|turn|8\n|\n|t:|1699726122\n|move|p1a: Hello Brother|Earthquake|p2a: Camerupt\n|-supereffective|p2a: Camerupt\n|-damage|p2a: Camerupt|0 fnt\n|faint|p2a: Camerupt\n|\n|-fieldend|move: Grassy Terrain\n|upkeep\n|\n|t:|1699726134\n|switch|p2a: Rillaboom|Rillaboom, M|100\/100\n|-heal|p2a: Rillaboom|100\/100|[from] move: Lunar Dance\n|-fieldstart|move: Grassy Terrain|[from] ability: Grassy Surge|[of] p2a: Rillaboom\n|turn|9\n|\n|t:|1699726138\n|switch|p1a: Spaghetti Man|Tangela, M, shiny|100\/100\n|move|p2a: Rillaboom|U-turn|p1a: Spaghetti Man\n|-supereffective|p1a: Spaghetti Man\n|-damage|p1a: Spaghetti Man|66\/100\n|\n|t:|1699726143\n|switch|p2a: Hatterene|Hatterene, F|100\/100|[from] U-turn\n|\n|-heal|p1a: Spaghetti Man|72\/100|[from] Grassy Terrain\n|upkeep\n|turn|10\n|\n|t:|1699726149\n|move|p1a: Spaghetti Man|Giga Drain|p2a: Hatterene\n|-damage|p2a: Hatterene|67\/100\n|-heal|p1a: Spaghetti Man|88\/100|[from] drain|[of] p2a: Hatterene\n|move|p2a: Hatterene|Trick Room|p2a: Hatterene\n|-fieldstart|move: Trick Room|[of] p2a: Hatterene\n|\n|-heal|p2a: Hatterene|73\/100|[from] Grassy Terrain\n|-heal|p1a: Spaghetti Man|94\/100|[from] Grassy Terrain\n|upkeep\n|turn|11\n|\n|t:|1699726153\n|move|p2a: Hatterene|Mystical Fire|p1a: Spaghetti Man\n|-supereffective|p1a: Spaghetti Man\n|-damage|p1a: Spaghetti Man|11\/100\n|-unboost|p1a: Spaghetti Man|spa|1\n|move|p1a: Spaghetti Man|Knock Off|p2a: Hatterene\n|-damage|p2a: Hatterene|57\/100\n|-enditem|p2a: Hatterene|Focus Sash|[from] move: Knock Off|[of] p1a: Spaghetti Man\n|\n|-heal|p2a: Hatterene|63\/100|[from] Grassy Terrain\n|-heal|p1a: Spaghetti Man|17\/100|[from] Grassy Terrain\n|upkeep\n|turn|12\n|\n|t:|1699726160\n|switch|p1a: Valentine|Lopunny, F, shiny|100\/100\n|move|p2a: Hatterene|Dazzling Gleam|p1a: Valentine\n|-damage|p1a: Valentine|42\/100\n|\n|-heal|p2a: Hatterene|69\/100|[from] Grassy Terrain\n|-heal|p1a: Valentine|48\/100|[from] Grassy Terrain\n|upkeep\n|turn|13\n|\n|t:|1699726167\n|switch|p2a: Stakataka|Stakataka|100\/100\n|detailschange|p1a: Valentine|Lopunny-Mega, F, shiny\n|-mega|p1a: Valentine|Lopunny|Lopunnite\n|move|p1a: Valentine|Fake Out|p2a: Stakataka\n|-resisted|p2a: Stakataka\n|-damage|p2a: Stakataka|97\/100\n|\n|-heal|p2a: Stakataka|100\/100|[from] Grassy Terrain\n|-heal|p1a: Valentine|54\/100|[from] Grassy Terrain\n|-fieldend|move: Grassy Terrain\n|upkeep\n|turn|14\n|\n|t:|1699726170\n|switch|p1a: Spaghetti Man|Tangela, M, shiny|50\/100\n|move|p2a: Stakataka|Gyro Ball|p1a: Spaghetti Man\n|-damage|p1a: Spaghetti Man|14\/100\n|-damage|p2a: Stakataka|91\/100|[from] item: Life Orb\n|\n|-fieldend|move: Trick Room\n|upkeep\n|turn|15\n|\n|t:|1699726175\n|move|p1a: Spaghetti Man|Sleep Powder|p2a: Stakataka\n|-status|p2a: Stakataka|slp|[from] move: Sleep Powder\n|cant|p2a: Stakataka|slp\n|\n|upkeep\n|turn|16\n|\n|t:|1699726184\n|move|p1a: Spaghetti Man|Leech Seed|p2a: Stakataka\n|-start|p2a: Stakataka|move: Leech Seed\n|-curestatus|p2a: Stakataka|slp|[msg]\n|move|p2a: Stakataka|Trick Room|p2a: Stakataka\n|-fieldstart|move: Trick Room|[of] p2a: Stakataka\n|\n|-damage|p2a: Stakataka|78\/100|[from] Leech Seed|[of] p1a: Spaghetti Man\n|-heal|p1a: Spaghetti Man|26\/100|[silent]\n|upkeep\n|turn|17\n|\n|t:|1699726189\n|switch|p1a: Hello Brother|Excadrill, M, shiny|100\/100\n|-ability|p1a: Hello Brother|Mold Breaker\n|-terastallize|p2a: Stakataka|Steel\n|move|p2a: Stakataka|Gyro Ball|p1a: Hello Brother\n|-resisted|p1a: Hello Brother\n|-enditem|p1a: Hello Brother|Focus Sash\n|-damage|p1a: Hello Brother|1\/100\n|-damage|p2a: Stakataka|69\/100|[from] item: Life Orb\n|\n|-damage|p2a: Stakataka|56\/100|[from] Leech Seed|[of] p1a: Hello Brother\n|-heal|p1a: Hello Brother|12\/100|[silent]\n|upkeep\n|turn|18\n|\n|t:|1699726196\n|switch|p1a: Spaghetti Man|Tangela, M, shiny|59\/100\n|move|p2a: Stakataka|Gyro Ball|p1a: Spaghetti Man\n|-damage|p1a: Spaghetti Man|6\/100\n|-damage|p2a: Stakataka|47\/100|[from] item: Life Orb\n|\n|-damage|p2a: Stakataka|34\/100|[from] Leech Seed|[of] p1a: Spaghetti Man\n|-heal|p1a: Spaghetti Man|18\/100|[silent]\n|upkeep\n|turn|19\n|\n|t:|1699726206\n|switch|p1a: Hello Brother|Excadrill, M, shiny|12\/100\n|-ability|p1a: Hello Brother|Mold Breaker\n|move|p2a: Stakataka|Gyro Ball|p1a: Hello Brother\n|-resisted|p1a: Hello Brother\n|-damage|p1a: Hello Brother|0 fnt\n|faint|p1a: Hello Brother\n|-ability|p2a: Stakataka|Beast Boost|boost\n|-boost|p2a: Stakataka|atk|1\n|-damage|p2a: Stakataka|24\/100|[from] item: Life Orb\n|\n|upkeep\n|\n|t:|1699726208\n|switch|p1a: Valentine|Lopunny-Mega, F, shiny|54\/100\n|turn|20\n|\n|t:|1699726213\n|switch|p2a: Rillaboom|Rillaboom, M|100\/100\n|-fieldstart|move: Grassy Terrain|[from] ability: Grassy Surge|[of] p2a: Rillaboom\n|move|p1a: Valentine|Fake Out|p2a: Rillaboom\n|-damage|p2a: Rillaboom|79\/100\n|\n|-heal|p2a: Rillaboom|85\/100|[from] Grassy Terrain\n|-heal|p1a: Valentine|60\/100|[from] Grassy Terrain\n|-fieldend|move: Trick Room\n|upkeep\n|turn|21\n|\n|t:|1699726218\n|switch|p1a: Spaghetti Man|Tangela, M, shiny|51\/100\n|move|p2a: Rillaboom|U-turn|p1a: Spaghetti Man\n|-supereffective|p1a: Spaghetti Man\n|-damage|p1a: Spaghetti Man|13\/100\n|\n|t:|1699726224\n|switch|p2a: Hatterene|Hatterene, F|69\/100|[from] U-turn\n|\n|-heal|p1a: Spaghetti Man|19\/100|[from] Grassy Terrain\n|-heal|p2a: Hatterene|75\/100|[from] Grassy Terrain\n|upkeep\n|turn|22\n|\n|t:|1699726230\n|switch|p1a: Soda Machine|Iron Valiant, shiny|100\/100\n|-enditem|p1a: Soda Machine|Booster Energy\n|-activate|p1a: Soda Machine|ability: Quark Drive|[fromitem]\n|-start|p1a: Soda Machine|quarkdrivespe\n|move|p2a: Hatterene|Trick Room|p2a: Hatterene\n|-fieldstart|move: Trick Room|[of] p2a: Hatterene\n|\n|-heal|p2a: Hatterene|81\/100|[from] Grassy Terrain\n|upkeep\n|turn|23\n|\n|t:|1699726241\n|move|p2a: Hatterene|Dazzling Gleam|p1a: Soda Machine\n|-supereffective|p1a: Soda Machine\n|-damage|p1a: Soda Machine|0 fnt\n|faint|p1a: Soda Machine\n|-end|p1a: Soda Machine|Quark Drive|[silent]\n|\n|-heal|p2a: Hatterene|87\/100|[from] Grassy Terrain\n|upkeep\n|\n|t:|1699726244\n|switch|p1a: All Out|Kommo-o, M, shiny|100\/100\n|turn|24\n|\n|t:|1699726252\n|move|p2a: Hatterene|Dazzling Gleam|p1a: All Out\n|-supereffective|p1a: All Out\n|-crit|p1a: All Out\n|-damage|p1a: All Out|0 fnt\n|faint|p1a: All Out\n|\n|-heal|p2a: Hatterene|93\/100|[from] Grassy Terrain\n|-fieldend|move: Grassy Terrain\n|upkeep\n|\n|t:|1699726254\n|switch|p1a: Valentine|Lopunny-Mega, F, shiny|60\/100\n|turn|25\n|\n|t:|1699726261\n|move|p1a: Valentine|Fake Out|p2a: Hatterene\n|-damage|p2a: Hatterene|67\/100\n|cant|p2a: Hatterene|flinch\n|\n|upkeep\n|turn|26\n|\n|t:|1699726280\n|switch|p2a: Stakataka|Stakataka, tera:Steel|24\/100\n|move|p1a: Valentine|Return|p2a: Stakataka\n|-resisted|p2a: Stakataka\n|-damage|p2a: Stakataka|6\/100\n|\n|-fieldend|move: Trick Room\n|upkeep\n|turn|27\n|\n|t:|1699726288\n|move|p1a: Valentine|Return|p2a: Stakataka\n|-resisted|p2a: Stakataka\n|-damage|p2a: Stakataka|0 fnt\n|faint|p2a: Stakataka\n|\n|upkeep\n|\n|t:|1699726294\n|switch|p2a: Iron Hands|Iron Hands|100\/100\n|-enditem|p2a: Iron Hands|Booster Energy\n|-activate|p2a: Iron Hands|ability: Quark Drive|[fromitem]\n|-start|p2a: Iron Hands|quarkdriveatk\n|turn|28\n|\n|t:|1699726297\n|switch|p1a: Spaghetti Man|Tangela, M, shiny|52\/100\n|move|p2a: Iron Hands|Close Combat|p1a: Spaghetti Man\n|-damage|p1a: Spaghetti Man|8\/100\n|-unboost|p2a: Iron Hands|def|1\n|-unboost|p2a: Iron Hands|spd|1\n|\n|upkeep\n|turn|29\n|\n|t:|1699726304\n|move|p1a: Spaghetti Man|Sleep Powder|p2a: Iron Hands\n|-status|p2a: Iron Hands|slp|[from] move: Sleep Powder\n|cant|p2a: Iron Hands|slp\n|\n|upkeep\n|turn|30\n|\n|t:|1699726308\n|move|p1a: Spaghetti Man|Leech Seed|p2a: Iron Hands\n|-start|p2a: Iron Hands|move: Leech Seed\n|cant|p2a: Iron Hands|slp\n|\n|-damage|p2a: Iron Hands|88\/100 slp|[from] Leech Seed|[of] p1a: Spaghetti Man\n|-heal|p1a: Spaghetti Man|25\/100|[silent]\n|upkeep\n|turn|31\n|\n|t:|1699726311\n|move|p1a: Spaghetti Man|Giga Drain|p2a: Iron Hands\n|-damage|p2a: Iron Hands|61\/100 slp\n|-heal|p1a: Spaghetti Man|43\/100|[from] drain|[of] p2a: Iron Hands\n|cant|p2a: Iron Hands|slp\n|\n|-damage|p2a: Iron Hands|49\/100 slp|[from] Leech Seed|[of] p1a: Spaghetti Man\n|-heal|p1a: Spaghetti Man|60\/100|[silent]\n|upkeep\n|turn|32\n|\n|t:|1699726314\n|move|p1a: Spaghetti Man|Giga Drain|p2a: Iron Hands\n|-damage|p2a: Iron Hands|21\/100 slp\n|-heal|p1a: Spaghetti Man|79\/100|[from] drain|[of] p2a: Iron Hands\n|-curestatus|p2a: Iron Hands|slp|[msg]\n|move|p2a: Iron Hands|Drain Punch|p1a: Spaghetti Man\n|-damage|p1a: Spaghetti Man|55\/100\n|-heal|p2a: Iron Hands|30\/100|[from] drain|[of] p1a: Spaghetti Man\n|\n|-damage|p2a: Iron Hands|17\/100|[from] Leech Seed|[of] p1a: Spaghetti Man\n|-heal|p1a: Spaghetti Man|71\/100|[silent]\n|upkeep\n|turn|33\n|\n|t:|1699726321\n|-end|p2a: Iron Hands|Quark Drive|[silent]\n|switch|p2a: Hatterene|Hatterene, F|67\/100\n|move|p1a: Spaghetti Man|Giga Drain|p2a: Hatterene\n|-damage|p2a: Hatterene|41\/100\n|-heal|p1a: Spaghetti Man|84\/100|[from] drain|[of] p2a: Hatterene\n|\n|upkeep\n|turn|34\n|\n|t:|1699726325\n|move|p1a: Spaghetti Man|Giga Drain|p2a: Hatterene\n|-damage|p2a: Hatterene|14\/100\n|-heal|p1a: Spaghetti Man|97\/100|[from] drain|[of] p2a: Hatterene\n|move|p2a: Hatterene|Trick Room|p2a: Hatterene\n|-fieldstart|move: Trick Room|[of] p2a: Hatterene\n|\n|upkeep\n|turn|35\n|\n|t:|1699726331\n|move|p2a: Hatterene|Mystical Fire|p1a: Spaghetti Man\n|-supereffective|p1a: Spaghetti Man\n|-damage|p1a: Spaghetti Man|15\/100\n|-unboost|p1a: Spaghetti Man|spa|1\n|move|p1a: Spaghetti Man|Giga Drain|p2a: Hatterene\n|-damage|p2a: Hatterene|0 fnt\n|-heal|p1a: Spaghetti Man|22\/100|[from] drain|[of] p2a: Hatterene\n|faint|p2a: Hatterene\n|\n|upkeep\n|\n|t:|1699726338\n|switch|p2a: Iron Hands|Iron Hands|17\/100\n|turn|36\n|\n|t:|1699726342\n|switch|p1a: Valentine|Lopunny-Mega, F, shiny|60\/100\n|move|p2a: Iron Hands|Close Combat|p1a: Valentine\n|-supereffective|p1a: Valentine\n|-damage|p1a: Valentine|0 fnt\n|-unboost|p2a: Iron Hands|def|1\n|-unboost|p2a: Iron Hands|spd|1\n|faint|p1a: Valentine\n|\n|upkeep\n|\n|t:|1699726343\n|switch|p1a: Spaghetti Man|Tangela, M, shiny|55\/100\n|turn|37\n|\n|t:|1699726348\n|move|p2a: Iron Hands|Ice Punch|p1a: Spaghetti Man\n|-supereffective|p1a: Spaghetti Man\n|-damage|p1a: Spaghetti Man|27\/100\n|move|p1a: Spaghetti Man|Giga Drain|p2a: Iron Hands\n|-damage|p2a: Iron Hands|0 fnt\n|-heal|p1a: Spaghetti Man|38\/100|[from] drain|[of] p2a: Iron Hands\n|faint|p2a: Iron Hands\n|-end|p2a: Iron Hands|Quark Drive|[silent]\n|\n|upkeep\n|\n|t:|1699726354\n|switch|p2a: Rillaboom|Rillaboom, M|85\/100\n|-fieldstart|move: Grassy Terrain|[from] ability: Grassy Surge|[of] p2a: Rillaboom\n|turn|38\n|\n|t:|1699726358\n|move|p1a: Spaghetti Man|Giga Drain|p2a: Rillaboom\n|-resisted|p2a: Rillaboom\n|-damage|p2a: Rillaboom|61\/100\n|-heal|p1a: Spaghetti Man|50\/100|[from] drain|[of] p2a: Rillaboom\n|move|p2a: Rillaboom|U-turn|p1a: Spaghetti Man\n|-supereffective|p1a: Spaghetti Man\n|-damage|p1a: Spaghetti Man|17\/100\n|\n|-heal|p1a: Spaghetti Man|23\/100|[from] Grassy Terrain\n|-heal|p2a: Rillaboom|67\/100|[from] Grassy Terrain\n|-fieldend|move: Trick Room\n|upkeep\n|turn|39\n|\n|t:|1699726361\n|move|p2a: Rillaboom|U-turn|p1a: Spaghetti Man\n|-supereffective|p1a: Spaghetti Man\n|-damage|p1a: Spaghetti Man|0 fnt\n|faint|p1a: Spaghetti Man\n|\n|win|ihateultrabeast\n|raw|FiveFingerIcePunch's rating: 1539 &rarr; <strong>1516<\/strong><br \/>(-23 for losing)\n|raw|ihateultrabeast's rating: 1492 &rarr; <strong>1515<\/strong><br \/>(+23 for winning)\n|l|\u2606FiveFingerIcePunch\n","uploadtime":1699726375,"views":4,"p1id":"fivefingericepunch","p2id":"ihateultrabeast","formatid":"gen9nationaldex","rating":1515,"private":0,"password":""}