{"id":"gen9nationaldex-1999232477","p1":"vheneko","p2":"Spinda Challenge","format":"[Gen 9] National Dex","log":"|html|<div class=\"broadcast-blue\"><strong>[Gen 9] National Dex is currently suspecting Sneasler! For information on how to participate check out the <a href=\"https:\/\/www.smogon.com\/forums\/threads\/sv-national-dex-suspect-8-just-dance.3731534\/\">suspect thread<\/a>.<\/strong><\/div>\n|j|\u2606vheneko\n|j|\u2606Spinda Challenge\n|t:|1701048575\n|gametype|singles\n|player|p1|vheneko|depotagent|1183\n|player|p2|Spinda Challenge|schoolkid-gen4|1218\n|teamsize|p1|6\n|teamsize|p2|6\n|gen|9\n|tier|[Gen 9] National Dex\n|rated|\n|rule|HP Percentage Mod: HP is shown in percentages\n|rule|Endless Battle Clause: Forcing endless battles is banned\n|rule|OHKO Clause: OHKO moves are banned\n|rule|Evasion Clause: Evasion abilities, items, and moves are banned\n|rule|Evasion Abilities Clause: Evasion abilities are banned\n|rule|Evasion Items Clause: Evasion items are banned\n|rule|Evasion Moves Clause: Evasion moves are banned\n|rule|Species Clause: Limit one of each Pok\u00e9mon\n|rule|Sleep Clause Mod: Limit one foe put to sleep\n|clearpoke\n|poke|p1|Pawmot, M|\n|poke|p1|Indeedee, M|\n|poke|p1|Lokix, F|\n|poke|p1|Slurpuff, M|\n|poke|p1|Lopunny, F|\n|poke|p1|Breloom, M|\n|poke|p2|Spinda, M|\n|poke|p2|Ribombee, F|\n|poke|p2|Cinderace, M|\n|poke|p2|Gyarados, M|\n|poke|p2|Ninetales-Alola, F|\n|poke|p2|Thundurus-Therian, M|\n|teampreview\n|\n|t:|1701048585\n|start\n|switch|p1a: Breloom|Breloom, M|100\/100\n|switch|p2a: bug power|Ribombee, F|100\/100\n|turn|1\n|j| SamFuraxy\n|\n|t:|1701048589\n|move|p2a: bug power|Sticky Web|p1a: Breloom\n|-sidestart|p1: vheneko|move: Sticky Web\n|move|p1a: Breloom|Spore|p2a: bug power\n|-status|p2a: bug power|slp|[from] move: Spore\n|\n|upkeep\n|turn|2\n|\n|t:|1701048594\n|switch|p2a: miss big tails|Ninetales-Alola, F|100\/100\n|-weather|Snow|[from] ability: Snow Warning|[of] p2a: miss big tails\n|move|p1a: Breloom|Rock Tomb|p2a: miss big tails\n|-supereffective|p2a: miss big tails\n|-damage|p2a: miss big tails|22\/100\n|-unboost|p2a: miss big tails|spe|1\n|-damage|p1a: Breloom|91\/100|[from] item: Life Orb\n|\n|-weather|Snow|[upkeep]\n|upkeep\n|turn|3\n|\n|t:|1701048604\n|move|p1a: Breloom|Mach Punch|p2a: miss big tails\n|-damage|p2a: miss big tails|0 fnt\n|faint|p2a: miss big tails\n|-damage|p1a: Breloom|81\/100|[from] item: Life Orb\n|\n|-weather|Snow|[upkeep]\n|upkeep\n|\n|t:|1701048606\n|switch|p2a: mr big fish|Gyarados, M|100\/100\n|-ability|p2a: mr big fish|Intimidate|boost\n|-unboost|p1a: Breloom|atk|1\n|turn|4\n|\n|t:|1701048612\n|move|p1a: Breloom|Rock Tomb|p2a: mr big fish\n|-supereffective|p2a: mr big fish\n|-damage|p2a: mr big fish|31\/100\n|-unboost|p2a: mr big fish|spe|1\n|-damage|p1a: Breloom|71\/100|[from] item: Life Orb\n|move|p2a: mr big fish|Dragon Dance|p2a: mr big fish\n|-boost|p2a: mr big fish|atk|1\n|-boost|p2a: mr big fish|spe|1\n|\n|-weather|Snow|[upkeep]\n|upkeep\n|turn|5\n|\n|t:|1701048621\n|move|p1a: Breloom|Rock Tomb|p2a: mr big fish\n|-supereffective|p2a: mr big fish\n|-damage|p2a: mr big fish|0 fnt\n|faint|p2a: mr big fish\n|-damage|p1a: Breloom|61\/100|[from] item: Life Orb\n|\n|-weather|Snow|[upkeep]\n|upkeep\n|\n|t:|1701048626\n|switch|p2a: Star|Spinda, M|100\/100\n|turn|6\n|\n|t:|1701048630\n|-terastallize|p2a: Star|Ghost\n|move|p1a: Breloom|Bullet Seed|p2a: Star\n|-damage|p2a: Star|66\/100\n|-damage|p2a: Star|35\/100\n|-hitcount|p2a: Star|2\n|-damage|p1a: Breloom|51\/100|[from] item: Life Orb\n|move|p2a: Star|Superpower|p1a: Breloom\n|-damage|p1a: Breloom|3\/100\n|-boost|p2a: Star|atk|1\n|-boost|p2a: Star|def|1\n|\n|-weather|none\n|upkeep\n|turn|7\n|\n|t:|1701048641\n|move|p2a: Star|Sucker Punch|p1a: Breloom\n|-resisted|p1a: Breloom\n|-damage|p1a: Breloom|0 fnt\n|faint|p1a: Breloom\n|\n|upkeep\n|\n|t:|1701048647\n|switch|p1a: Indeedee|Indeedee, M|100\/100\n|-activate|p1a: Indeedee|move: Sticky Web\n|-unboost|p1a: Indeedee|spe|1\n|-fieldstart|move: Psychic Terrain|[from] ability: Psychic Surge|[of] p1a: Indeedee\n|turn|8\n|\n|t:|1701048654\n|-terastallize|p1a: Indeedee|Psychic\n|move|p2a: Star|Sucker Punch|p1a: Indeedee\n|-activate|p1a: Indeedee|move: Psychic Terrain\n|move|p1a: Indeedee|Expanding Force|p2a: Star\n|-damage|p2a: Star|0 fnt\n|faint|p2a: Star\n|\n|upkeep\n|\n|t:|1701048662\n|switch|p2a: bunnyboy|Cinderace, M|100\/100\n|turn|9\n|\n|t:|1701048668\n|move|p2a: bunnyboy|High Jump Kick|p1a: Indeedee\n|-start|p2a: bunnyboy|typechange|Fighting|[from] ability: Libero\n|-resisted|p1a: Indeedee\n|-crit|p1a: Indeedee\n|-damage|p1a: Indeedee|5\/100\n|move|p1a: Indeedee|Expanding Force|p2a: bunnyboy\n|-supereffective|p2a: bunnyboy\n|-damage|p2a: bunnyboy|0 fnt\n|faint|p2a: bunnyboy\n|\n|upkeep\n|\n|t:|1701048675\n|switch|p2a: moustache|Thundurus-Therian, M|100\/100\n|turn|10\n|\n|t:|1701048679\n|move|p2a: moustache|Psychic|p1a: Indeedee\n|-resisted|p1a: Indeedee\n|-damage|p1a: Indeedee|0 fnt\n|faint|p1a: Indeedee\n|\n|upkeep\n|\n|t:|1701048685\n|switch|p1a: Lopunny|Lopunny, F|100\/100\n|-activate|p1a: Lopunny|move: Sticky Web\n|-unboost|p1a: Lopunny|spe|1\n|turn|11\n|\n|t:|1701048691\n|switch|p2a: bug power|Ribombee, F|100\/100 slp\n|detailschange|p1a: Lopunny|Lopunny-Mega, F\n|-mega|p1a: Lopunny|Lopunny|Lopunnite\n|move|p1a: Lopunny|Ice Punch|p2a: bug power\n|-damage|p2a: bug power|45\/100 slp\n|\n|upkeep\n|turn|12\n|\n|t:|1701048699\n|cant|p2a: bug power|slp\n|move|p1a: Lopunny|Return|p2a: bug power\n|-damage|p2a: bug power|0 fnt\n|faint|p2a: bug power\n|\n|-fieldend|move: Psychic Terrain\n|upkeep\n|\n|t:|1701048704\n|switch|p2a: moustache|Thundurus-Therian, M|100\/100\n|turn|13\n|\n|t:|1701048708\n|move|p2a: moustache|Wildbolt Storm|p1a: Lopunny|[miss]\n|-miss|p2a: moustache|p1a: Lopunny\n|move|p1a: Lopunny|Ice Punch|p2a: moustache\n|-supereffective|p2a: moustache\n|-damage|p2a: moustache|22\/100\n|\n|upkeep\n|turn|14\n|-message|Spinda Challenge forfeited.\n|\n|win|vheneko\n|raw|vheneko's rating: 1183 &rarr; <strong>1211<\/strong><br \/>(+28 for winning)\n|raw|Spinda Challenge's rating: 1218 &rarr; <strong>1190<\/strong><br \/>(-28 for losing)\n|l|\u2606Spinda Challenge\n","uploadtime":1701048718,"views":3,"p1id":"vheneko","p2id":"spindachallenge","formatid":"gen9nationaldex","rating":1190,"private":0,"password":""}