{"id":"gen9nationaldex-1999177417","p1":"HEATRANWEARSHERMES","p2":"starlitbox","format":"[Gen 9] National Dex","log":"|html|<div class=\"broadcast-blue\"><strong>[Gen 9] National Dex is currently suspecting Sneasler! For information on how to participate check out the <a href=\"https:\/\/www.smogon.com\/forums\/threads\/sv-national-dex-suspect-8-just-dance.3731534\/\">suspect thread<\/a>.<\/strong><\/div>\n|j|\u2606HEATRANWEARSHERMES\n|j|\u2606starlitbox\n|t:|1701041817\n|gametype|singles\n|player|p1|HEATRANWEARSHERMES|1|1417\n|player|p2|starlitbox|silver|1334\n|teamsize|p1|6\n|teamsize|p2|6\n|gen|9\n|tier|[Gen 9] National Dex\n|rated|\n|rule|HP Percentage Mod: HP is shown in percentages\n|rule|Endless Battle Clause: Forcing endless battles is banned\n|rule|OHKO Clause: OHKO moves are banned\n|rule|Evasion Clause: Evasion abilities, items, and moves are banned\n|rule|Evasion Abilities Clause: Evasion abilities are banned\n|rule|Evasion Items Clause: Evasion items are banned\n|rule|Evasion Moves Clause: Evasion moves are banned\n|rule|Species Clause: Limit one of each Pok\u00e9mon\n|rule|Sleep Clause Mod: Limit one foe put to sleep\n|clearpoke\n|poke|p1|Garchomp, M|\n|poke|p1|Mew|\n|poke|p1|Primeape, F|\n|poke|p1|Heatran, M|\n|poke|p1|Enamorus, F|\n|poke|p1|Rotom-Wash|\n|poke|p2|Landorus-Therian, M|\n|poke|p2|Greninja-*, M|\n|poke|p2|Volcarona, M|\n|poke|p2|Iron Valiant|\n|poke|p2|Ogerpon-Wellspring, F|\n|poke|p2|Tapu Koko|\n|teampreview\n|inactive|Battle timer is ON: inactive players will automatically lose when time's up. (requested by HEATRANWEARSHERMES)\n|\n|t:|1701041840\n|start\n|switch|p1a: Mew|Mew|100\/100\n|switch|p2a: Tapu Koko|Tapu Koko|100\/100\n|-fieldstart|move: Electric Terrain|[from] ability: Electric Surge|[of] p2a: Tapu Koko\n|turn|1\n|\n|t:|1701041853\n|move|p2a: Tapu Koko|Light Screen|p2a: Tapu Koko\n|-sidestart|p2: starlitbox|move: Light Screen\n|move|p1a: Mew|Stealth Rock|p2a: Tapu Koko\n|-sidestart|p2: starlitbox|move: Stealth Rock\n|\n|upkeep\n|turn|2\n|\n|t:|1701041859\n|move|p2a: Tapu Koko|Volt Switch|p1a: Mew\n|-damage|p1a: Mew|71\/100\n|\n|t:|1701041878\n|switch|p2a: Iron Valiant|Iron Valiant|100\/100|[from] Volt Switch\n|-damage|p2a: Iron Valiant|94\/100|[from] Stealth Rock\n|-activate|p2a: Iron Valiant|ability: Quark Drive\n|-start|p2a: Iron Valiant|quarkdrivespe\n|move|p1a: Mew|Knock Off|p2a: Iron Valiant\n|-resisted|p2a: Iron Valiant\n|-damage|p2a: Iron Valiant|88\/100\n|-enditem|p2a: Iron Valiant|Choice Specs|[from] move: Knock Off|[of] p1a: Mew\n|\n|-heal|p1a: Mew|77\/100|[from] item: Leftovers\n|upkeep\n|turn|3\n|\n|t:|1701041896\n|move|p2a: Iron Valiant|Moonblast|p1a: Mew\n|-damage|p1a: Mew|40\/100\n|move|p1a: Mew|Spikes|p2a: Iron Valiant\n|-sidestart|p2: starlitbox|Spikes\n|\n|-heal|p1a: Mew|46\/100|[from] item: Leftovers\n|upkeep\n|turn|4\n|\n|t:|1701041907\n|move|p2a: Iron Valiant|Moonblast|p1a: Mew\n|-damage|p1a: Mew|4\/100\n|move|p1a: Mew|Roost|p1a: Mew\n|-heal|p1a: Mew|54\/100\n|-singleturn|p1a: Mew|move: Roost\n|\n|-heal|p1a: Mew|60\/100|[from] item: Leftovers\n|upkeep\n|turn|5\n|\n|t:|1701041920\n|-terastallize|p2a: Iron Valiant|Fairy\n|move|p2a: Iron Valiant|Moonblast|p1a: Mew\n|-damage|p1a: Mew|10\/100\n|move|p1a: Mew|Spikes|p2a: Iron Valiant\n|-sidestart|p2: starlitbox|Spikes\n|\n|-heal|p1a: Mew|16\/100|[from] item: Leftovers\n|-fieldend|move: Electric Terrain\n|-end|p2a: Iron Valiant|Quark Drive\n|upkeep\n|turn|6\n|\n|t:|1701041930\n|move|p2a: Iron Valiant|Moonblast|p1a: Mew\n|-crit|p1a: Mew\n|-damage|p1a: Mew|0 fnt\n|faint|p1a: Mew\n|\n|upkeep\n|\n|t:|1701041945\n|switch|p1a: Rotom|Rotom-Wash|100\/100\n|turn|7\n|\n|t:|1701041954\n|move|p1a: Rotom|Hydro Pump|p2a: Iron Valiant\n|-damage|p2a: Iron Valiant|52\/100\n|move|p2a: Iron Valiant|Energy Ball|p1a: Rotom\n|-supereffective|p1a: Rotom\n|-damage|p1a: Rotom|39\/100\n|\n|upkeep\n|turn|8\n|\n|t:|1701041969\n|move|p1a: Rotom|Hydro Pump|p2a: Iron Valiant|[miss]\n|-miss|p1a: Rotom|p2a: Iron Valiant\n|move|p2a: Iron Valiant|Energy Ball|p1a: Rotom\n|-supereffective|p1a: Rotom\n|-damage|p1a: Rotom|0 fnt\n|faint|p1a: Rotom\n|\n|-sideend|p2: starlitbox|move: Light Screen\n|upkeep\n|\n|t:|1701041976\n|switch|p1a: Enamorus|Enamorus, F|100\/100\n|turn|9\n|\n|t:|1701041998\n|move|p2a: Iron Valiant|Moonblast|p1a: Enamorus\n|-damage|p1a: Enamorus|13\/100\n|move|p1a: Enamorus|Moonblast|p2a: Iron Valiant\n|-damage|p2a: Iron Valiant|0 fnt\n|faint|p2a: Iron Valiant\n|-end|p2a: Iron Valiant|Quark Drive|[silent]\n|\n|upkeep\n|\n|t:|1701042009\n|switch|p2a: Tapu Koko|Tapu Koko|100\/100\n|-damage|p2a: Tapu Koko|88\/100|[from] Stealth Rock\n|-damage|p2a: Tapu Koko|71\/100|[from] Spikes\n|-fieldstart|move: Electric Terrain|[from] ability: Electric Surge|[of] p2a: Tapu Koko\n|turn|10\n|\n|t:|1701042022\n|switch|p1a: Heatran|Heatran, M|100\/100\n|move|p2a: Tapu Koko|Light Screen|p2a: Tapu Koko\n|-sidestart|p2: starlitbox|move: Light Screen\n|\n|upkeep\n|turn|11\n|\n|t:|1701042031\n|move|p2a: Tapu Koko|Volt Switch|p1a: Heatran\n|-damage|p1a: Heatran|60\/100\n|\n|t:|1701042034\n|switch|p2a: Landorus|Landorus-Therian, M|100\/100|[from] Volt Switch\n|-damage|p2a: Landorus|88\/100|[from] Stealth Rock\n|-ability|p2a: Landorus|Intimidate|boost\n|-unboost|p1a: Heatran|atk|1\n|move|p1a: Heatran|Magma Storm|p2a: Landorus|[miss]\n|-miss|p1a: Heatran|p2a: Landorus\n|\n|-heal|p1a: Heatran|66\/100|[from] item: Leftovers\n|-heal|p2a: Landorus|94\/100|[from] item: Leftovers\n|upkeep\n|turn|12\n|\n|t:|1701042048\n|switch|p1a: Enamorus|Enamorus, F|13\/100\n|move|p2a: Landorus|Defog|p1a: Enamorus\n|-boost|p1a: Enamorus|evasion|1\n|-sideend|p2: starlitbox|Spikes|[from] move: Defog|[of] p2a: Landorus\n|-sideend|p2: starlitbox|Stealth Rock|[from] move: Defog|[of] p2a: Landorus\n|-fieldend|move: Electric Terrain\n|\n|-heal|p2a: Landorus|99\/100|[from] item: Leftovers\n|upkeep\n|turn|13\n|\n|t:|1701042063\n|move|p1a: Enamorus|Moonblast|p2a: Landorus\n|-damage|p2a: Landorus|61\/100\n|move|p2a: Landorus|Knock Off|p1a: Enamorus\n|-resisted|p1a: Enamorus\n|-damage|p1a: Enamorus|0 fnt\n|-enditem|p1a: Enamorus|Choice Specs|[from] move: Knock Off|[of] p2a: Landorus\n|faint|p1a: Enamorus\n|\n|-heal|p2a: Landorus|68\/100|[from] item: Leftovers\n|upkeep\n|\n|t:|1701042080\n|switch|p1a: Garchomp|Garchomp, M|100\/100\n|turn|14\n|\n|t:|1701042087\n|move|p1a: Garchomp|Swords Dance|p1a: Garchomp\n|-boost|p1a: Garchomp|atk|2\n|move|p2a: Landorus|Knock Off|p1a: Garchomp\n|-damage|p1a: Garchomp|60\/100\n|-damage|p2a: Landorus|55\/100|[from] ability: Rough Skin|[of] p1a: Garchomp\n|-enditem|p1a: Garchomp|Covert Cloak|[from] move: Knock Off|[of] p2a: Landorus\n|\n|-heal|p2a: Landorus|61\/100|[from] item: Leftovers\n|upkeep\n|turn|15\n|\n|t:|1701042114\n|move|p1a: Garchomp|Scale Shot|p2a: Landorus\n|-damage|p2a: Landorus|33\/100\n|-damage|p2a: Landorus|8\/100\n|-damage|p2a: Landorus|0 fnt\n|faint|p2a: Landorus\n|-hitcount|p2: Landorus|3\n|-unboost|p1a: Garchomp|def|1\n|-boost|p1a: Garchomp|spe|1\n|\n|upkeep\n|inactive|starlitbox has 120 seconds left.\n|\n|t:|1701042137\n|switch|p2a: Tapu Koko|Tapu Koko|71\/100\n|-fieldstart|move: Electric Terrain|[from] ability: Electric Surge|[of] p2a: Tapu Koko\n|turn|16\n|\n|t:|1701042143\n|move|p1a: Garchomp|Earthquake|p2a: Tapu Koko\n|-supereffective|p2a: Tapu Koko\n|-damage|p2a: Tapu Koko|0 fnt\n|faint|p2a: Tapu Koko\n|\n|upkeep\n|inactive|starlitbox has 120 seconds left.\n|\n|t:|1701042151\n|switch|p2a: Ogerpon|Ogerpon-Wellspring, F|100\/100\n|turn|17\n|\n|t:|1701042158\n|move|p1a: Garchomp|Earthquake|p2a: Ogerpon\n|-resisted|p2a: Ogerpon\n|-damage|p2a: Ogerpon|35\/100\n|move|p2a: Ogerpon|Ivy Cudgel|p1a: Garchomp|[anim] Ivy Cudgel Water\n|-damage|p1a: Garchomp|0 fnt\n|faint|p1a: Garchomp\n|\n|-sideend|p2: starlitbox|move: Light Screen\n|upkeep\n|\n|t:|1701042163\n|switch|p1a: annihilape jr|Primeape, F|100\/100\n|turn|18\n|\n|t:|1701042173\n|move|p2a: Ogerpon|Ivy Cudgel|p1a: annihilape jr|[anim] Ivy Cudgel Water\n|-damage|p1a: annihilape jr|39\/100\n|move|p1a: annihilape jr|Bulk Up|p1a: annihilape jr\n|-boost|p1a: annihilape jr|atk|1\n|-boost|p1a: annihilape jr|def|1\n|\n|upkeep\n|turn|19\n|\n|t:|1701042184\n|move|p2a: Ogerpon|Ivy Cudgel|p1a: annihilape jr|[anim] Ivy Cudgel Water\n|-damage|p1a: annihilape jr|0 fnt\n|faint|p1a: annihilape jr\n|\n|upkeep\n|\n|t:|1701042188\n|switch|p1a: Heatran|Heatran, M|66\/100\n|turn|20\n|\n|t:|1701042192\n|-terastallize|p1a: Heatran|Grass\n|move|p2a: Ogerpon|Ivy Cudgel|p1a: Heatran|[anim] Ivy Cudgel Water\n|-resisted|p1a: Heatran\n|-crit|p1a: Heatran\n|-damage|p1a: Heatran|22\/100\n|move|p1a: Heatran|Magma Storm|p2a: Ogerpon|[miss]\n|-miss|p1a: Heatran|p2a: Ogerpon\n|\n|-heal|p1a: Heatran|29\/100|[from] item: Leftovers\n|-fieldend|move: Electric Terrain\n|upkeep\n|turn|21\n|-message|HEATRANWEARSHERMES forfeited.\n|\n|win|starlitbox\n|raw|HEATRANWEARSHERMES's rating: 1417 &rarr; <strong>1392<\/strong><br \/>(-25 for losing)\n|raw|starlitbox's rating: 1334 &rarr; <strong>1359<\/strong><br \/>(+25 for winning)\n|l|\u2606HEATRANWEARSHERMES\n","uploadtime":1701042207,"views":12,"p1id":"heatranwearshermes","p2id":"starlitbox","formatid":"gen9nationaldex","rating":1359,"private":0,"password":""}