{"id":"gen9nationaldex-1995354743","p1":"Harri G","p2":"daniel241595","format":"[Gen 9] National Dex","log":"|html|<div class=\"broadcast-blue\"><strong>[Gen 9] National Dex is currently suspecting Sneasler! For information on how to participate check out the <a href=\"https:\/\/www.smogon.com\/forums\/threads\/sv-national-dex-suspect-8-just-dance.3731534\/\">suspect thread<\/a>.<\/strong><\/div>\n|j|\u2606Harri G\n|j|\u2606daniel241595\n|t:|1700558861\n|gametype|singles\n|player|p1|Harri G|hilbert-wonderlauncher|1352\n|player|p2|daniel241595|gambler|1464\n|teamsize|p1|6\n|teamsize|p2|6\n|gen|9\n|tier|[Gen 9] National Dex\n|rated|\n|rule|HP Percentage Mod: HP is shown in percentages\n|rule|Endless Battle Clause: Forcing endless battles is banned\n|rule|OHKO Clause: OHKO moves are banned\n|rule|Evasion Clause: Evasion abilities, items, and moves are banned\n|rule|Evasion Abilities Clause: Evasion abilities are banned\n|rule|Evasion Items Clause: Evasion items are banned\n|rule|Evasion Moves Clause: Evasion moves are banned\n|rule|Species Clause: Limit one of each Pok\u00e9mon\n|rule|Sleep Clause Mod: Limit one foe put to sleep\n|clearpoke\n|poke|p1|Swampert, M|\n|poke|p1|Pelipper, M|\n|poke|p1|Ferrothorn, M|\n|poke|p1|Glimmora, F|\n|poke|p1|Rillaboom, M|\n|poke|p1|Zapdos|\n|poke|p2|Arcanine, M|\n|poke|p2|Flygon, F|\n|poke|p2|Empoleon, M|\n|poke|p2|Eelektross, F|\n|poke|p2|Florges, F|\n|poke|p2|Kleavor, M|\n|teampreview\n|inactive|Battle timer is ON: inactive players will automatically lose when time's up. (requested by Harri G)\n|\n|t:|1700558871\n|start\n|switch|p1a: Zapdos|Zapdos|100\/100\n|switch|p2a: Eelektross|Eelektross, F|100\/100\n|turn|1\n|\n|t:|1700558886\n|-zpower|p1a: Zapdos\n|move|p1a: Zapdos|Z-Rain Dance|p1a: Zapdos|[anim]Rain Dance\n|-boost|p1a: Zapdos|spe|1|[zeffect]\n|-weather|RainDance\n|move|p2a: Eelektross|Volt Switch|p1a: Zapdos\n|-damage|p1a: Zapdos|58\/100\n|\n|t:|1700558903\n|switch|p2a: Florges|Florges, F|100\/100|[from] Volt Switch\n|\n|-weather|RainDance|[upkeep]\n|upkeep\n|turn|2\n|\n|t:|1700558909\n|move|p1a: Zapdos|Thunder|p2a: Florges\n|-damage|p2a: Florges|60\/100\n|move|p2a: Florges|Moonblast|p1a: Zapdos\n|-damage|p1a: Zapdos|19\/100\n|-unboost|p1a: Zapdos|spa|1\n|\n|-weather|RainDance|[upkeep]\n|-heal|p2a: Florges|66\/100|[from] item: Leftovers\n|upkeep\n|turn|3\n|\n|t:|1700558917\n|switch|p1a: Swampert|Swampert, M|100\/100\n|switch|p2a: Eelektross|Eelektross, F|100\/100\n|\n|-weather|RainDance|[upkeep]\n|upkeep\n|turn|4\n|\n|t:|1700558923\n|detailschange|p1a: Swampert|Swampert-Mega, M\n|-mega|p1a: Swampert|Swampert|Swampertite\n|move|p1a: Swampert|Waterfall|p2a: Eelektross\n|-damage|p2a: Eelektross|17\/100\n|move|p2a: Eelektross|Giga Drain|p1a: Swampert\n|-supereffective|p1a: Swampert\n|-damage|p1a: Swampert|9\/100\n|-heal|p2a: Eelektross|59\/100|[from] drain|[of] p1a: Swampert\n|\n|-weather|RainDance|[upkeep]\n|upkeep\n|turn|5\n|\n|t:|1700558943\n|switch|p2a: Empoleon|Empoleon, M|100\/100\n|move|p1a: Swampert|Waterfall|p2a: Empoleon\n|-resisted|p2a: Empoleon\n|-damage|p2a: Empoleon|74\/100\n|\n|-weather|none\n|upkeep\n|turn|6\n|\n|t:|1700558952\n|switch|p2a: Flygon|Flygon, F|100\/100\n|move|p1a: Swampert|Earthquake|p2a: Flygon\n|-immune|p2a: Flygon|[from] ability: Levitate\n|\n|upkeep\n|turn|7\n|\n|t:|1700558967\n|switch|p2a: Eelektross|Eelektross, F|59\/100\n|switch|p1a: Pelipper|Pelipper, M|100\/100\n|-weather|RainDance|[from] ability: Drizzle|[of] p1a: Pelipper\n|\n|-weather|RainDance|[upkeep]\n|upkeep\n|turn|8\n|\n|t:|1700558990\n|switch|p1a: Rillaboom|Rillaboom, M|100\/100\n|-fieldstart|move: Grassy Terrain|[from] ability: Grassy Surge|[of] p1a: Rillaboom\n|move|p2a: Eelektross|Giga Drain|p1a: Rillaboom\n|-resisted|p1a: Rillaboom\n|-damage|p1a: Rillaboom|91\/100\n|-heal|p2a: Eelektross|64\/100|[from] drain|[of] p1a: Rillaboom\n|\n|-weather|RainDance|[upkeep]\n|-heal|p1a: Rillaboom|97\/100|[from] Grassy Terrain\n|upkeep\n|turn|9\n|inactive|Harri G has 120 seconds left.\n|inactive|daniel241595 has 120 seconds left.\n|inactive|Harri G has 90 seconds left.\n|\n|t:|1700559057\n|switch|p2a: Arcanine|Arcanine, M, shiny|100\/100\n|-ability|p2a: Arcanine|Intimidate|boost\n|-unboost|p1a: Rillaboom|atk|1\n|move|p1a: Rillaboom|Drum Beating|p2a: Arcanine\n|-resisted|p2a: Arcanine\n|-damage|p2a: Arcanine|79\/100\n|-unboost|p2a: Arcanine|spe|1\n|\n|-weather|RainDance|[upkeep]\n|-heal|p1a: Rillaboom|100\/100|[from] Grassy Terrain\n|-heal|p2a: Arcanine|85\/100|[from] Grassy Terrain\n|upkeep\n|turn|10\n|inactive|daniel241595 has 120 seconds left.\n|\n|t:|1700559094\n|switch|p2a: Empoleon|Empoleon, M|74\/100\n|move|p1a: Rillaboom|U-turn|p2a: Empoleon\n|-resisted|p2a: Empoleon\n|-damage|p2a: Empoleon|68\/100\n|\n|t:|1700559104\n|switch|p1a: Zapdos|Zapdos|19\/100|[from] U-turn\n|\n|-weather|RainDance|[upkeep]\n|-heal|p2a: Empoleon|74\/100|[from] Grassy Terrain\n|upkeep\n|turn|11\n|\n|t:|1700559117\n|switch|p2a: Eelektross|Eelektross, F|64\/100\n|move|p1a: Zapdos|Thunder|p2a: Eelektross\n|-resisted|p2a: Eelektross\n|-damage|p2a: Eelektross|41\/100\n|\n|-weather|RainDance|[upkeep]\n|upkeep\n|turn|12\n|inactive|Harri G has 90 seconds left.\n|\n|t:|1700559125\n|move|p1a: Zapdos|Weather Ball|p2a: Eelektross\n|-damage|p2a: Eelektross|0 fnt\n|faint|p2a: Eelektross\n|\n|-weather|RainDance|[upkeep]\n|-fieldend|move: Grassy Terrain\n|upkeep\n|\n|t:|1700559134\n|switch|p2a: Kleavor|Kleavor, M|100\/100\n|turn|13\n|\n|t:|1700559138\n|move|p2a: Kleavor|Stone Axe|p1a: Zapdos\n|-supereffective|p1a: Zapdos\n|-crit|p1a: Zapdos\n|-damage|p1a: Zapdos|0 fnt\n|-sidestart|p1: Harri G|move: Stealth Rock\n|faint|p1a: Zapdos\n|\n|-weather|RainDance|[upkeep]\n|upkeep\n|\n|t:|1700559150\n|switch|p1a: Glimmora|Glimmora, F, shiny|100\/100\n|-damage|p1a: Glimmora|88\/100|[from] Stealth Rock\n|turn|14\n|inactive|daniel241595 has 120 seconds left.\n|\n|t:|1700559162\n|switch|p2a: Empoleon|Empoleon, M|74\/100\n|move|p1a: Glimmora|Power Gem|p2a: Empoleon\n|-resisted|p2a: Empoleon\n|-damage|p2a: Empoleon|52\/100\n|\n|-weather|none\n|upkeep\n|turn|15\n|\n|t:|1700559167\n|switch|p1a: Ferrothorn|Ferrothorn, M|100\/100\n|-damage|p1a: Ferrothorn|94\/100|[from] Stealth Rock\n|move|p2a: Empoleon|Scald|p1a: Ferrothorn\n|-resisted|p1a: Ferrothorn\n|-damage|p1a: Ferrothorn|84\/100\n|\n|-heal|p1a: Ferrothorn|90\/100|[from] item: Leftovers\n|upkeep\n|turn|16\n|\n|t:|1700559170\n|move|p2a: Empoleon|Roost|p2a: Empoleon\n|-heal|p2a: Empoleon|100\/100\n|-singleturn|p2a: Empoleon|move: Roost\n|move|p1a: Ferrothorn|Leech Seed|p2a: Empoleon|[miss]\n|-miss|p1a: Ferrothorn|p2a: Empoleon\n|\n|-heal|p1a: Ferrothorn|96\/100|[from] item: Leftovers\n|upkeep\n|turn|17\n|\n|t:|1700559176\n|switch|p2a: Arcanine|Arcanine, M, shiny|85\/100\n|-ability|p2a: Arcanine|Intimidate|boost\n|-unboost|p1a: Ferrothorn|atk|1\n|move|p1a: Ferrothorn|Stealth Rock|p2a: Arcanine\n|-sidestart|p2: daniel241595|move: Stealth Rock\n|\n|-heal|p1a: Ferrothorn|100\/100|[from] item: Leftovers\n|upkeep\n|turn|18\n|\n|t:|1700559183\n|switch|p1a: Pelipper|Pelipper, M|100\/100\n|-damage|p1a: Pelipper|76\/100|[from] Stealth Rock\n|-weather|RainDance|[from] ability: Drizzle|[of] p1a: Pelipper\n|move|p2a: Arcanine|Close Combat|p1a: Pelipper\n|-resisted|p1a: Pelipper\n|-damage|p1a: Pelipper|44\/100\n|-unboost|p2a: Arcanine|def|1\n|-unboost|p2a: Arcanine|spd|1\n|\n|-weather|RainDance|[upkeep]\n|upkeep\n|turn|19\n|\n|t:|1700559193\n|switch|p2a: Empoleon|Empoleon, M|100\/100\n|-damage|p2a: Empoleon|94\/100|[from] Stealth Rock\n|move|p1a: Pelipper|Roost|p1a: Pelipper\n|-heal|p1a: Pelipper|94\/100\n|-singleturn|p1a: Pelipper|move: Roost\n|\n|-weather|RainDance|[upkeep]\n|upkeep\n|turn|20\n|\n|t:|1700559203\n|switch|p1a: Rillaboom|Rillaboom, M|100\/100\n|-damage|p1a: Rillaboom|88\/100|[from] Stealth Rock\n|-fieldstart|move: Grassy Terrain|[from] ability: Grassy Surge|[of] p1a: Rillaboom\n|move|p2a: Empoleon|Ice Beam|p1a: Rillaboom\n|-supereffective|p1a: Rillaboom\n|-damage|p1a: Rillaboom|51\/100\n|-status|p1a: Rillaboom|frz\n|\n|-weather|RainDance|[upkeep]\n|-heal|p1a: Rillaboom|57\/100 frz|[from] Grassy Terrain\n|-heal|p2a: Empoleon|100\/100|[from] Grassy Terrain\n|upkeep\n|turn|21\n|\n|t:|1700559218\n|cant|p1a: Rillaboom|frz\n|move|p2a: Empoleon|Defog|p1a: Rillaboom\n|-unboost|p1a: Rillaboom|evasion|1\n|-sideend|p1: Harri G|Stealth Rock|[from] move: Defog|[of] p2a: Empoleon\n|-sideend|p2: daniel241595|Stealth Rock|[from] move: Defog|[of] p2a: Empoleon\n|-fieldend|move: Grassy Terrain\n|\n|-weather|RainDance|[upkeep]\n|upkeep\n|turn|22\n|\n|t:|1700559234\n|switch|p2a: Kleavor|Kleavor, M|100\/100\n|-curestatus|p1a: Rillaboom|frz|[msg]\n|move|p1a: Rillaboom|Knock Off|p2a: Kleavor\n|-damage|p2a: Kleavor|53\/100\n|-enditem|p2a: Kleavor|Choice Scarf|[from] move: Knock Off|[of] p1a: Rillaboom\n|\n|-weather|RainDance|[upkeep]\n|upkeep\n|turn|23\n|inactive|Harri G has 120 seconds left.\n|l|\u2606Harri G\n|inactive|Harri G disconnected and has a minute to reconnect!\n|player|p1|\n|inactive|Harri G has 30 seconds to reconnect!\n|j|\u2606Harri G\n|inactive|Harri G reconnected and has 80 seconds left.\n|player|p1|Harri G|hilbert-wonderlauncher\n|\n|t:|1700559316\n|switch|p1a: Glimmora|Glimmora, F, shiny|88\/100\n|move|p2a: Kleavor|U-turn|p1a: Glimmora\n|-resisted|p1a: Glimmora\n|-damage|p1a: Glimmora|67\/100\n|-activate|p1a: Glimmora|ability: Toxic Debris\n|-sidestart|p2: daniel241595|move: Toxic Spikes\n|\n|t:|1700559324\n|switch|p2a: Empoleon|Empoleon, M|100\/100|[from] U-turn\n|\n|-weather|RainDance|[upkeep]\n|upkeep\n|turn|24\n|\n|t:|1700559331\n|-terastallize|p1a: Glimmora|Water\n|move|p1a: Glimmora|Earth Power|p2a: Empoleon\n|-supereffective|p2a: Empoleon\n|-damage|p2a: Empoleon|40\/100\n|move|p2a: Empoleon|Scald|p1a: Glimmora\n|-resisted|p1a: Glimmora\n|-damage|p1a: Glimmora|38\/100\n|\n|-weather|RainDance|[upkeep]\n|upkeep\n|turn|25\n|\n|t:|1700559353\n|switch|p1a: Swampert|Swampert-Mega, M|9\/100\n|move|p2a: Empoleon|Roost|p2a: Empoleon\n|-heal|p2a: Empoleon|90\/100\n|-singleturn|p2a: Empoleon|move: Roost\n|\n|-weather|none\n|upkeep\n|turn|26\n|inactive|Harri G has 90 seconds left.\n|\n|t:|1700559366\n|switch|p2a: Flygon|Flygon, F|100\/100\n|move|p1a: Swampert|Flip Turn|p2a: Flygon\n|-damage|p2a: Flygon|51\/100\n|inactive|Harri G has 90 seconds left.\n|\n|t:|1700559371\n|switch|p1a: Rillaboom|Rillaboom, M|57\/100|[from] Flip Turn\n|-fieldstart|move: Grassy Terrain|[from] ability: Grassy Surge|[of] p1a: Rillaboom\n|\n|-heal|p1a: Rillaboom|64\/100|[from] Grassy Terrain\n|upkeep\n|turn|27\n|\n|t:|1700559385\n|-terastallize|p2a: Flygon|Steel\n|move|p1a: Rillaboom|Grassy Glide|p2a: Flygon\n|-resisted|p2a: Flygon\n|-damage|p2a: Flygon|23\/100\n|move|p2a: Flygon|Roost|p2a: Flygon\n|-heal|p2a: Flygon|74\/100\n|\n|-heal|p1a: Rillaboom|70\/100|[from] Grassy Terrain\n|upkeep\n|turn|28\n|\n|t:|1700559399\n|move|p2a: Flygon|Dragon Dance|p2a: Flygon\n|-boost|p2a: Flygon|atk|1\n|-boost|p2a: Flygon|spe|1\n|move|p1a: Rillaboom|Knock Off|p2a: Flygon\n|-damage|p2a: Flygon|21\/100\n|-enditem|p2a: Flygon|Life Orb|[from] move: Knock Off|[of] p1a: Rillaboom\n|\n|-heal|p1a: Rillaboom|76\/100|[from] Grassy Terrain\n|upkeep\n|turn|29\n|\n|t:|1700559416\n|move|p1a: Rillaboom|Grassy Glide|p2a: Flygon\n|-resisted|p2a: Flygon\n|-damage|p2a: Flygon|0 fnt\n|faint|p2a: Flygon\n|\n|-heal|p1a: Rillaboom|82\/100|[from] Grassy Terrain\n|upkeep\n|\n|t:|1700559433\n|switch|p2a: Kleavor|Kleavor, M|53\/100\n|-status|p2a: Kleavor|psn\n|turn|30\n|\n|t:|1700559455\n|move|p1a: Rillaboom|Grassy Glide|p2a: Kleavor\n|-damage|p2a: Kleavor|2\/100 psn\n|move|p2a: Kleavor|U-turn|p1a: Rillaboom\n|-supereffective|p1a: Rillaboom\n|-crit|p1a: Rillaboom\n|-damage|p1a: Rillaboom|0 fnt\n|faint|p1a: Rillaboom\n|inactive|daniel241595 has 120 seconds left.\n|\n|t:|1700559490\n|switch|p2a: Empoleon|Empoleon, M|90\/100|[from] U-turn\n|\n|-heal|p2a: Empoleon|96\/100|[from] Grassy Terrain\n|-fieldend|move: Grassy Terrain\n|upkeep\n|\n|t:|1700559502\n|switch|p1a: Pelipper|Pelipper, M|94\/100\n|-weather|RainDance|[from] ability: Drizzle|[of] p1a: Pelipper\n|turn|31\n|\n|t:|1700559506\n|switch|p1a: Ferrothorn|Ferrothorn, M|100\/100\n|move|p2a: Empoleon|Scald|p1a: Ferrothorn\n|-resisted|p1a: Ferrothorn\n|-damage|p1a: Ferrothorn|84\/100\n|\n|-weather|RainDance|[upkeep]\n|-heal|p1a: Ferrothorn|91\/100|[from] item: Leftovers\n|upkeep\n|turn|32\n|\n|t:|1700559513\n|move|p2a: Empoleon|Defog|p1a: Ferrothorn\n|-unboost|p1a: Ferrothorn|evasion|1\n|-sideend|p2: daniel241595|Toxic Spikes|[from] move: Defog|[of] p2a: Empoleon\n|move|p1a: Ferrothorn|Leech Seed|p2a: Empoleon\n|-start|p2a: Empoleon|move: Leech Seed\n|\n|-weather|RainDance|[upkeep]\n|-heal|p1a: Ferrothorn|97\/100|[from] item: Leftovers\n|-damage|p2a: Empoleon|84\/100|[from] Leech Seed|[of] p1a: Ferrothorn\n|-heal|p1a: Ferrothorn|100\/100|[silent]\n|upkeep\n|turn|33\n|\n|t:|1700559518\n|switch|p2a: Arcanine|Arcanine, M, shiny|85\/100\n|-ability|p2a: Arcanine|Intimidate|boost\n|-unboost|p1a: Ferrothorn|atk|1\n|move|p1a: Ferrothorn|Stealth Rock|p2a: Arcanine\n|-sidestart|p2: daniel241595|move: Stealth Rock\n|\n|-weather|RainDance|[upkeep]\n|upkeep\n|turn|34\n|\n|t:|1700559530\n|switch|p2a: Florges|Florges, F|66\/100\n|-damage|p2a: Florges|54\/100|[from] Stealth Rock\n|move|p1a: Ferrothorn|Leech Seed|p2a: Florges\n|-start|p2a: Florges|move: Leech Seed\n|\n|-weather|RainDance|[upkeep]\n|-heal|p2a: Florges|60\/100|[from] item: Leftovers\n|-damage|p2a: Florges|48\/100|[from] Leech Seed|[of] p1a: Ferrothorn\n|upkeep\n|turn|35\n|\n|t:|1700559537\n|move|p2a: Florges|Wish|p2a: Florges\n|move|p1a: Ferrothorn|Thunder Wave|p2a: Florges\n|-status|p2a: Florges|par\n|\n|-weather|RainDance|[upkeep]\n|-heal|p2a: Florges|54\/100 par|[from] item: Leftovers\n|-damage|p2a: Florges|42\/100 par|[from] Leech Seed|[of] p1a: Ferrothorn\n|upkeep\n|turn|36\n|\n|t:|1700559548\n|switch|p1a: Pelipper|Pelipper, M|94\/100\n|move|p2a: Florges|Aromatherapy|p2a: Florges\n|-activate|p2a: Florges|move: Aromatherapy\n|-curestatus|p2a: Florges|par|[msg]\n|-curestatus|p2: Kleavor|psn|[msg]\n|\n|-weather|RainDance|[upkeep]\n|-heal|p2a: Florges|92\/100|[from] move: Wish|[wisher] Florges\n|-heal|p2a: Florges|98\/100|[from] item: Leftovers\n|-damage|p2a: Florges|85\/100|[from] Leech Seed|[of] p1a: Pelipper\n|-heal|p1a: Pelipper|100\/100|[silent]\n|upkeep\n|turn|37\n|\n|t:|1700559555\n|switch|p1a: Glimmora|Glimmora, F, shiny, tera:Water|38\/100\n|move|p2a: Florges|Moonblast|p1a: Glimmora\n|-damage|p1a: Glimmora|0 fnt\n|faint|p1a: Glimmora\n|\n|-weather|RainDance|[upkeep]\n|-heal|p2a: Florges|92\/100|[from] item: Leftovers\n|upkeep\n|\n|t:|1700559561\n|switch|p1a: Swampert|Swampert-Mega, M|9\/100\n|turn|38\n|inactive|daniel241595 has 120 seconds left.\n|\n|t:|1700559598\n|move|p1a: Swampert|Waterfall|p2a: Florges\n|-damage|p2a: Florges|30\/100\n|move|p2a: Florges|Moonblast|p1a: Swampert\n|-damage|p1a: Swampert|0 fnt\n|faint|p1a: Swampert\n|\n|-weather|none\n|-heal|p2a: Florges|36\/100|[from] item: Leftovers\n|upkeep\n|\n|t:|1700559603\n|switch|p1a: Pelipper|Pelipper, M|100\/100\n|-weather|RainDance|[from] ability: Drizzle|[of] p1a: Pelipper\n|turn|39\n|\n|t:|1700559607\n|switch|p2a: Empoleon|Empoleon, M|84\/100\n|-damage|p2a: Empoleon|77\/100|[from] Stealth Rock\n|move|p1a: Pelipper|Toxic|p2a: Empoleon\n|-immune|p2a: Empoleon\n|\n|-weather|RainDance|[upkeep]\n|upkeep\n|turn|40\n|-message|Harri G forfeited.\n|\n|win|daniel241595\n|raw|Harri G's rating: 1352 &rarr; <strong>1338<\/strong><br \/>(-14 for losing)\n|raw|daniel241595's rating: 1464 &rarr; <strong>1478<\/strong><br \/>(+14 for winning)\n|l|\u2606Harri G\n","uploadtime":1700559617,"views":15,"p1id":"harrig","p2id":"daniel241595","formatid":"gen9nationaldex","rating":1338,"private":0,"password":""}