{"id":"gen9nationaldex-1994386222","p1":"balutalol","p2":"kease","format":"[Gen 9] National Dex","log":"|j|\u2606balutalol\n|j|\u2606kease\n|t:|1700437978\n|gametype|singles\n|player|p1|balutalol|roxie|\n|player|p2|kease|lance|\n|teamsize|p1|6\n|teamsize|p2|6\n|gen|9\n|tier|[Gen 9] National Dex\n|rule|HP Percentage Mod: HP is shown in percentages\n|rule|Endless Battle Clause: Forcing endless battles is banned\n|rule|OHKO Clause: OHKO moves are banned\n|rule|Evasion Clause: Evasion abilities, items, and moves are banned\n|rule|Evasion Abilities Clause: Evasion abilities are banned\n|rule|Evasion Items Clause: Evasion items are banned\n|rule|Evasion Moves Clause: Evasion moves are banned\n|rule|Species Clause: Limit one of each Pok\u00e9mon\n|rule|Sleep Clause Mod: Limit one foe put to sleep\n|clearpoke\n|poke|p1|Sneasler, M|\n|poke|p1|Tapu Lele|\n|poke|p1|Landorus-Therian, M|\n|poke|p1|Rotom-Wash|\n|poke|p1|Heatran, F|\n|poke|p1|Ferrothorn, F|\n|poke|p2|Kartana|\n|poke|p2|Heatran, M|\n|poke|p2|Landorus-Therian, M|\n|poke|p2|Tapu Fini|\n|poke|p2|Scizor, F|\n|poke|p2|Greninja-*, M|\n|teampreview\n|c|\u2606kease|Suerte\n|\n|t:|1700437988\n|start\n|switch|p1a: Landorus|Landorus-Therian, M|100\/100\n|switch|p2a: Heatran|Heatran, M|100\/100\n|-ability|p1a: Landorus|Intimidate|boost\n|-unboost|p2a: Heatran|atk|1\n|-item|p2a: Heatran|Air Balloon\n|turn|1\n|c|\u2606balutalol|suerte\n|j| Rubenator_64\n|c|\u2606balutalol|ola\n|\n|t:|1700438017\n|move|p1a: Landorus|U-turn|p2a: Heatran\n|-resisted|p2a: Heatran\n|-damage|p2a: Heatran|95\/100\n|-enditem|p2a: Heatran|Air Balloon\n|c| Rubenator_64|ola\n|\n|t:|1700438034\n|switch|p1a: Heatran|Heatran, F|100\/100|[from] U-turn\n|move|p2a: Heatran|Stealth Rock|p1a: Heatran\n|-sidestart|p1: balutalol|move: Stealth Rock\n|\n|upkeep\n|turn|2\n|\n|t:|1700438066\n|move|p2a: Heatran|Earth Power|p1a: Heatran\n|-supereffective|p1a: Heatran\n|-damage|p1a: Heatran|8\/100\n|move|p1a: Heatran|Earth Power|p2a: Heatran\n|-supereffective|p2a: Heatran\n|-damage|p2a: Heatran|0 fnt\n|faint|p2a: Heatran\n|\n|-heal|p1a: Heatran|14\/100|[from] item: Leftovers\n|upkeep\n|\n|t:|1700438084\n|switch|p2a: Kartana|Kartana|100\/100\n|turn|3\n|\n|t:|1700438107\n|switch|p1a: Landorus|Landorus-Therian, M|100\/100\n|-damage|p1a: Landorus|88\/100|[from] Stealth Rock\n|-ability|p1a: Landorus|Intimidate|boost\n|-unboost|p2a: Kartana|atk|1\n|move|p2a: Kartana|Sacred Sword|p1a: Landorus\n|-resisted|p1a: Landorus\n|-damage|p1a: Landorus|78\/100\n|-damage|p2a: Kartana|84\/100|[from] item: Rocky Helmet|[of] p1a: Landorus\n|\n|upkeep\n|turn|4\n|\n|t:|1700438127\n|-zpower|p2a: Kartana\n|move|p2a: Kartana|Bloom Doom|p1a: Landorus|[zeffect]\n|-damage|p1a: Landorus|12\/100\n|move|p1a: Landorus|Stealth Rock|p2a: Kartana\n|-sidestart|p2: kease|move: Stealth Rock\n|\n|upkeep\n|turn|5\n|\n|t:|1700438165\n|switch|p1a: Rotom|Rotom-Wash|100\/100\n|-damage|p1a: Rotom|88\/100|[from] Stealth Rock\n|move|p2a: Kartana|Swords Dance|p2a: Kartana\n|-boost|p2a: Kartana|atk|2\n|\n|-heal|p1a: Rotom|94\/100|[from] item: Leftovers\n|upkeep\n|turn|6\n|\n|t:|1700438179\n|move|p2a: Kartana|Leaf Blade|p1a: Rotom\n|-supereffective|p1a: Rotom\n|-damage|p1a: Rotom|0 fnt\n|faint|p1a: Rotom\n|-ability|p2a: Kartana|Beast Boost|boost\n|-boost|p2a: Kartana|atk|1\n|\n|upkeep\n|\n|t:|1700438187\n|switch|p1a: Tapu Lele|Tapu Lele|100\/100\n|-damage|p1a: Tapu Lele|88\/100|[from] Stealth Rock\n|-fieldstart|move: Psychic Terrain|[from] ability: Psychic Surge|[of] p1a: Tapu Lele\n|turn|7\n|\n|t:|1700438206\n|move|p1a: Tapu Lele|Hidden Power|p2a: Kartana\n|-supereffective|p2a: Kartana\n|-damage|p2a: Kartana|0 fnt\n|faint|p2a: Kartana\n|\n|upkeep\n|\n|t:|1700438217\n|switch|p2a: Tapu Fini|Tapu Fini|100\/100\n|-damage|p2a: Tapu Fini|88\/100|[from] Stealth Rock\n|-fieldstart|move: Misty Terrain|[from] ability: Misty Surge|[of] p2a: Tapu Fini\n|turn|8\n|\n|t:|1700438230\n|switch|p1a: Ferrothorn|Ferrothorn, F|100\/100\n|-damage|p1a: Ferrothorn|94\/100|[from] Stealth Rock\n|move|p2a: Tapu Fini|Trick|p1a: Ferrothorn\n|-activate|p2a: Tapu Fini|move: Trick|[of] p1a: Ferrothorn\n|-item|p1a: Ferrothorn|Choice Scarf|[from] move: Trick\n|-item|p2a: Tapu Fini|Leftovers|[from] move: Trick\n|\n|-heal|p2a: Tapu Fini|94\/100|[from] item: Leftovers\n|upkeep\n|turn|9\n|\n|t:|1700438296\n|switch|p2a: Scizor|Scizor, F|100\/100\n|-damage|p2a: Scizor|88\/100|[from] Stealth Rock\n|move|p1a: Ferrothorn|Power Whip|p2a: Scizor\n|-resisted|p2a: Scizor\n|-damage|p2a: Scizor|78\/100\n|\n|upkeep\n|turn|10\n|\n|t:|1700438339\n|switch|p1a: Landorus|Landorus-Therian, M|12\/100\n|-damage|p1a: Landorus|0 fnt|[from] Stealth Rock\n|faint|p1a: Landorus\n|detailschange|p2a: Scizor|Scizor-Mega, F\n|-mega|p2a: Scizor|Scizor|Scizorite\n|move|p2a: Scizor|Sand Tomb|p1: Landorus|[notarget]\n|-fail|p2a: Scizor\n|\n|upkeep\n|\n|t:|1700438362\n|switch|p1a: Tapu Lele|Tapu Lele|88\/100\n|-damage|p1a: Tapu Lele|76\/100|[from] Stealth Rock\n|-fieldstart|move: Psychic Terrain|[from] ability: Psychic Surge|[of] p1a: Tapu Lele\n|turn|11\n|\n|t:|1700438372\n|switch|p2a: Greninja|Greninja, M|100\/100\n|-damage|p2a: Greninja|88\/100|[from] Stealth Rock\n|move|p1a: Tapu Lele|Moonblast|p2a: Greninja\n|-supereffective|p2a: Greninja\n|-damage|p2a: Greninja|0 fnt\n|faint|p2a: Greninja\n|\n|upkeep\n|\n|t:|1700438383\n|switch|p2a: Landorus|Landorus-Therian, M|100\/100\n|-damage|p2a: Landorus|88\/100|[from] Stealth Rock\n|-ability|p2a: Landorus|Intimidate|boost\n|-unboost|p1a: Tapu Lele|atk|1\n|turn|12\n|\n|t:|1700438446\n|switch|p1a: Heatran|Heatran, F|14\/100\n|-damage|p1a: Heatran|2\/100|[from] Stealth Rock\n|move|p2a: Landorus|Earthquake|p1a: Heatran\n|-supereffective|p1a: Heatran\n|-damage|p1a: Heatran|0 fnt\n|faint|p1a: Heatran\n|\n|upkeep\n|\n|t:|1700438455\n|switch|p1a: Sneasler|Sneasler, M|100\/100\n|-damage|p1a: Sneasler|95\/100|[from] Stealth Rock\n|-enditem|p1a: Sneasler|Psychic Seed\n|-boost|p1a: Sneasler|spd|1|[from] item: Psychic Seed\n|turn|13\n|\n|t:|1700438463\n|-terastallize|p1a: Sneasler|Flying\n|-terastallize|p2a: Landorus|Ground\n|move|p1a: Sneasler|Swords Dance|p1a: Sneasler\n|-boost|p1a: Sneasler|atk|2\n|move|p2a: Landorus|Earthquake|p1a: Sneasler\n|-immune|p1a: Sneasler\n|\n|upkeep\n|turn|14\n|\n|t:|1700438490\n|move|p1a: Sneasler|Swords Dance|p1a: Sneasler\n|-boost|p1a: Sneasler|atk|2\n|move|p2a: Landorus|Explosion|p1a: Sneasler\n|-damage|p1a: Sneasler|0 fnt\n|faint|p2a: Landorus\n|faint|p1a: Sneasler\n|\n|upkeep\n|\n|t:|1700438591\n|switch|p1a: Ferrothorn|Ferrothorn, F|94\/100\n|switch|p2a: Scizor|Scizor-Mega, F|78\/100\n|-damage|p2a: Scizor|66\/100|[from] Stealth Rock\n|-damage|p1a: Ferrothorn|88\/100|[from] Stealth Rock\n|turn|15\n|\n|t:|1700438628\n|move|p2a: Scizor|Swords Dance|p2a: Scizor\n|-boost|p2a: Scizor|atk|2\n|move|p1a: Ferrothorn|Leech Seed|p2a: Scizor\n|-start|p2a: Scizor|move: Leech Seed\n|\n|-damage|p2a: Scizor|54\/100|[from] Leech Seed|[of] p1a: Ferrothorn\n|-heal|p1a: Ferrothorn|99\/100|[silent]\n|-fieldend|move: Psychic Terrain\n|upkeep\n|turn|16\n|\n|t:|1700438647\n|move|p2a: Scizor|Roost|p2a: Scizor\n|-heal|p2a: Scizor|100\/100\n|-singleturn|p2a: Scizor|move: Roost\n|move|p1a: Ferrothorn|Leech Seed||[still]\n|-fail|p1a: Ferrothorn\n|\n|-damage|p2a: Scizor|88\/100|[from] Leech Seed|[of] p1a: Ferrothorn\n|-heal|p1a: Ferrothorn|100\/100|[silent]\n|upkeep\n|turn|17\n|\n|t:|1700438657\n|move|p2a: Scizor|Sand Tomb|p1a: Ferrothorn\n|-damage|p1a: Ferrothorn|76\/100\n|-activate|p1a: Ferrothorn|move: Sand Tomb|[of] p2a: Scizor\n|move|p1a: Ferrothorn|Leech Seed||[still]\n|-fail|p1a: Ferrothorn\n|\n|-damage|p2a: Scizor|76\/100|[from] Leech Seed|[of] p1a: Ferrothorn\n|-heal|p1a: Ferrothorn|88\/100|[silent]\n|-damage|p1a: Ferrothorn|75\/100|[from] move: Sand Tomb|[partiallytrapped]\n|upkeep\n|turn|18\n|\n|t:|1700438669\n|move|p2a: Scizor|Sand Tomb|p1a: Ferrothorn|[miss]\n|-miss|p2a: Scizor|p1a: Ferrothorn\n|move|p1a: Ferrothorn|Leech Seed|p2a: Scizor|[miss]\n|-miss|p1a: Ferrothorn|p2a: Scizor\n|\n|-damage|p2a: Scizor|64\/100|[from] Leech Seed|[of] p1a: Ferrothorn\n|-heal|p1a: Ferrothorn|87\/100|[silent]\n|-damage|p1a: Ferrothorn|75\/100|[from] move: Sand Tomb|[partiallytrapped]\n|upkeep\n|turn|19\n|\n|t:|1700438676\n|move|p2a: Scizor|Roost|p2a: Scizor\n|-heal|p2a: Scizor|100\/100\n|-singleturn|p2a: Scizor|move: Roost\n|move|p1a: Ferrothorn|Leech Seed||[still]\n|-fail|p1a: Ferrothorn\n|\n|-damage|p2a: Scizor|88\/100|[from] Leech Seed|[of] p1a: Ferrothorn\n|-heal|p1a: Ferrothorn|87\/100|[silent]\n|-damage|p1a: Ferrothorn|74\/100|[from] move: Sand Tomb|[partiallytrapped]\n|upkeep\n|turn|20\n|\n|t:|1700438683\n|move|p2a: Scizor|Sand Tomb|p1a: Ferrothorn\n|-damage|p1a: Ferrothorn|47\/100\n|move|p1a: Ferrothorn|Leech Seed||[still]\n|-fail|p1a: Ferrothorn\n|\n|-damage|p2a: Scizor|76\/100|[from] Leech Seed|[of] p1a: Ferrothorn\n|-heal|p1a: Ferrothorn|58\/100|[silent]\n|-damage|p1a: Ferrothorn|46\/100|[from] move: Sand Tomb|[partiallytrapped]\n|upkeep\n|turn|21\n|\n|t:|1700438689\n|move|p2a: Scizor|Sand Tomb|p1a: Ferrothorn\n|-damage|p1a: Ferrothorn|21\/100\n|move|p1a: Ferrothorn|Leech Seed||[still]\n|-fail|p1a: Ferrothorn\n|\n|-damage|p2a: Scizor|64\/100|[from] Leech Seed|[of] p1a: Ferrothorn\n|-heal|p1a: Ferrothorn|33\/100|[silent]\n|-end|p1a: Ferrothorn|Sand Tomb|[partiallytrapped]\n|upkeep\n|turn|22\n|\n|t:|1700438695\n|move|p2a: Scizor|Sand Tomb|p1a: Ferrothorn\n|-damage|p1a: Ferrothorn|6\/100\n|-activate|p1a: Ferrothorn|move: Sand Tomb|[of] p2a: Scizor\n|move|p1a: Ferrothorn|Leech Seed||[still]\n|-fail|p1a: Ferrothorn\n|\n|-damage|p2a: Scizor|52\/100|[from] Leech Seed|[of] p1a: Ferrothorn\n|-heal|p1a: Ferrothorn|18\/100|[silent]\n|-damage|p1a: Ferrothorn|5\/100|[from] move: Sand Tomb|[partiallytrapped]\n|upkeep\n|turn|23\n|\n|t:|1700438701\n|move|p2a: Scizor|Bullet Punch|p1a: Ferrothorn\n|-resisted|p1a: Ferrothorn\n|-damage|p1a: Ferrothorn|0 fnt\n|-damage|p2a: Scizor|39\/100|[from] ability: Iron Barbs|[of] p1a: Ferrothorn\n|faint|p1a: Ferrothorn\n|\n|upkeep\n|\n|t:|1700438704\n|switch|p1a: Tapu Lele|Tapu Lele|76\/100\n|-damage|p1a: Tapu Lele|63\/100|[from] Stealth Rock\n|-fieldstart|move: Psychic Terrain|[from] ability: Psychic Surge|[of] p1a: Tapu Lele\n|turn|24\n|\n|t:|1700438758\n|move|p1a: Tapu Lele|Psychic|p2a: Scizor\n|-resisted|p2a: Scizor\n|-damage|p2a: Scizor|9\/100\n|move|p2a: Scizor|Roost|p2a: Scizor\n|-heal|p2a: Scizor|59\/100\n|-singleturn|p2a: Scizor|move: Roost\n|\n|-damage|p2a: Scizor|47\/100|[from] Leech Seed|[of] p1a: Tapu Lele\n|-heal|p1a: Tapu Lele|78\/100|[silent]\n|upkeep\n|turn|25\n|\n|t:|1700438767\n|move|p1a: Tapu Lele|Psychic|p2a: Scizor\n|-resisted|p2a: Scizor\n|-damage|p2a: Scizor|19\/100\n|move|p2a: Scizor|Sand Tomb|p1a: Tapu Lele\n|-damage|p1a: Tapu Lele|22\/100\n|-activate|p1a: Tapu Lele|move: Sand Tomb|[of] p2a: Scizor\n|\n|-damage|p2a: Scizor|7\/100|[from] Leech Seed|[of] p1a: Tapu Lele\n|-heal|p1a: Tapu Lele|37\/100|[silent]\n|-damage|p1a: Tapu Lele|24\/100|[from] move: Sand Tomb|[partiallytrapped]\n|upkeep\n|turn|26\n|\n|t:|1700438778\n|move|p1a: Tapu Lele|Psychic|p2a: Scizor\n|-resisted|p2a: Scizor\n|-damage|p2a: Scizor|0 fnt\n|faint|p2a: Scizor\n|\n|-end|p1a: Tapu Lele|Sand Tomb|[partiallytrapped]|[silent]\n|upkeep\n|\n|t:|1700438784\n|switch|p2a: Tapu Fini|Tapu Fini|94\/100\n|-damage|p2a: Tapu Fini|82\/100|[from] Stealth Rock\n|-fieldstart|move: Misty Terrain|[from] ability: Misty Surge|[of] p2a: Tapu Fini\n|turn|27\n|\n|t:|1700438797\n|move|p1a: Tapu Lele|Psychic|p2a: Tapu Fini\n|-damage|p2a: Tapu Fini|42\/100\n|move|p2a: Tapu Fini|Calm Mind|p2a: Tapu Fini\n|-boost|p2a: Tapu Fini|spa|1\n|-boost|p2a: Tapu Fini|spd|1\n|\n|-heal|p2a: Tapu Fini|48\/100|[from] item: Leftovers\n|upkeep\n|turn|28\n|\n|t:|1700438805\n|move|p1a: Tapu Lele|Psychic|p2a: Tapu Fini\n|-damage|p2a: Tapu Fini|23\/100\n|move|p2a: Tapu Fini|Moonblast|p1a: Tapu Lele\n|-damage|p1a: Tapu Lele|0 fnt\n|faint|p1a: Tapu Lele\n|\n|win|kease\n|l|\u2606kease\n|l|\u2606balutalol\n","uploadtime":1700438830,"views":4,"p1id":"balutalol","p2id":"kease","formatid":"gen9nationaldex","rating":0,"private":0,"password":""}