{"id":"gen9nationaldex-1990486882","p1":"yinglun","p2":"elvisma","format":"[Gen 9] National Dex","log":"|j|\u2606yinglun\n|j|\u2606elvisma\n|t:|1699975399\n|gametype|singles\n|player|p1|yinglun|volkner|1676\n|player|p2|elvisma|red-masters|1710\n|teamsize|p1|6\n|teamsize|p2|6\n|gen|9\n|tier|[Gen 9] National Dex\n|rated|\n|rule|HP Percentage Mod: HP is shown in percentages\n|rule|Endless Battle Clause: Forcing endless battles is banned\n|rule|OHKO Clause: OHKO moves are banned\n|rule|Evasion Clause: Evasion abilities, items, and moves are banned\n|rule|Evasion Abilities Clause: Evasion abilities are banned\n|rule|Evasion Items Clause: Evasion items are banned\n|rule|Evasion Moves Clause: Evasion moves are banned\n|rule|Species Clause: Limit one of each Pok\u00e9mon\n|rule|Sleep Clause Mod: Limit one foe put to sleep\n|clearpoke\n|poke|p1|Lopunny, F|\n|poke|p1|Hoopa-Unbound|\n|poke|p1|Rotom-Wash|\n|poke|p1|Garganacl, F|\n|poke|p1|Cinderace, F|\n|poke|p1|Urshifu-*, F|\n|poke|p2|Azelf|\n|poke|p2|Charizard, F|\n|poke|p2|Ribombee, F|\n|poke|p2|Great Tusk|\n|poke|p2|Ogerpon-Wellspring, F|\n|poke|p2|Victini|\n|teampreview\n|\n|t:|1699975411\n|start\n|switch|p1a: Lopunny|Lopunny, F|100\/100\n|switch|p2a: ZA BEE|Ribombee, F|100\/100\n|turn|1\n|\n|t:|1699975416\n|detailschange|p1a: Lopunny|Lopunny-Mega, F\n|-mega|p1a: Lopunny|Lopunny|Lopunnite\n|move|p1a: Lopunny|Fake Out|p2a: ZA BEE\n|-damage|p2a: ZA BEE|55\/100\n|move|p2a: ZA BEE|Quiver Dance|p2a: ZA BEE\n|-boost|p2a: ZA BEE|spa|1\n|-boost|p2a: ZA BEE|spd|1\n|-boost|p2a: ZA BEE|spe|1\n|\n|upkeep\n|turn|2\n|\n|t:|1699975423\n|move|p2a: ZA BEE|Moonblast|p1a: Lopunny\n|-supereffective|p1a: Lopunny\n|-damage|p1a: Lopunny|0 fnt\n|faint|p1a: Lopunny\n|\n|upkeep\n|\n|t:|1699975438\n|switch|p1a: Urshifu|Urshifu-Rapid-Strike, F|100\/100\n|turn|3\n|\n|t:|1699975443\n|-terastallize|p1a: Urshifu|Poison\n|move|p2a: ZA BEE|Moonblast|p1a: Urshifu\n|-resisted|p1a: Urshifu\n|-damage|p1a: Urshifu|50\/100\n|move|p1a: Urshifu|Swords Dance|p1a: Urshifu\n|-boost|p1a: Urshifu|atk|2\n|\n|upkeep\n|turn|4\n|\n|t:|1699975449\n|move|p2a: ZA BEE|Moonblast|p1a: Urshifu\n|-resisted|p1a: Urshifu\n|-damage|p1a: Urshifu|0 fnt\n|faint|p1a: Urshifu\n|\n|upkeep\n|\n|t:|1699975454\n|switch|p1a: Cinderace|Cinderace, F|100\/100\n|turn|5\n|\n|t:|1699975457\n|move|p2a: ZA BEE|Moonblast|p1a: Cinderace\n|-resisted|p1a: Cinderace\n|-damage|p1a: Cinderace|56\/100\n|move|p1a: Cinderace|Pyro Ball|p2a: ZA BEE\n|-supereffective|p2a: ZA BEE\n|-damage|p2a: ZA BEE|0 fnt\n|faint|p2a: ZA BEE\n|\n|upkeep\n|\n|t:|1699975461\n|switch|p2a: ampheros|Charizard, F|100\/100\n|turn|6\n|\n|t:|1699975466\n|move|p1a: Cinderace|Pyro Ball|p2a: ampheros\n|-resisted|p2a: ampheros\n|-damage|p2a: ampheros|62\/100\n|move|p2a: ampheros|Dragon Dance|p2a: ampheros\n|-boost|p2a: ampheros|atk|1\n|-boost|p2a: ampheros|spe|1\n|\n|upkeep\n|turn|7\n|\n|t:|1699975470\n|detailschange|p2a: ampheros|Charizard-Mega-X, F\n|-mega|p2a: ampheros|Charizard|Charizardite X\n|move|p1a: Cinderace|Sucker Punch|p2a: ampheros\n|-start|p1a: Cinderace|typechange|Dark|[from] ability: Libero\n|-damage|p2a: ampheros|23\/100\n|move|p2a: ampheros|Earthquake|p1a: Cinderace\n|-damage|p1a: Cinderace|0 fnt\n|faint|p1a: Cinderace\n|\n|upkeep\n|\n|t:|1699975477\n|switch|p1a: Garganacl|Garganacl, F|100\/100\n|turn|8\n|j| zgiatq\u8d85\u7ea7\u53ef\u7231\u4e4b\u795e\n|\n|t:|1699975480\n|move|p2a: ampheros|Earthquake|p1a: Garganacl\n|-supereffective|p1a: Garganacl\n|-damage|p1a: Garganacl|27\/100\n|move|p1a: Garganacl|Salt Cure|p2a: ampheros\n|-supereffective|p2a: ampheros\n|-damage|p2a: ampheros|0 fnt\n|faint|p2a: ampheros\n|\n|-heal|p1a: Garganacl|33\/100|[from] item: Leftovers\n|upkeep\n|\n|t:|1699975487\n|switch|p2a: TUSK SWEEP|Great Tusk|100\/100\n|-enditem|p2a: TUSK SWEEP|Booster Energy\n|-activate|p2a: TUSK SWEEP|ability: Protosynthesis|[fromitem]\n|-start|p2a: TUSK SWEEP|protosynthesisatk\n|turn|9\n|\n|t:|1699975495\n|switch|p1a: Rotom|Rotom-Wash|100\/100\n|move|p2a: TUSK SWEEP|Close Combat|p1a: Rotom\n|-damage|p1a: Rotom|31\/100\n|-unboost|p2a: TUSK SWEEP|def|1\n|-unboost|p2a: TUSK SWEEP|spd|1\n|\n|upkeep\n|turn|10\n|\n|t:|1699975498\n|move|p1a: Rotom|Trick|p2a: TUSK SWEEP\n|-activate|p1a: Rotom|move: Trick|[of] p2a: TUSK SWEEP\n|-item|p2a: TUSK SWEEP|Choice Scarf|[from] move: Trick\n|-enditem|p1a: Rotom|Choice Scarf|[silent]|[from] move: Trick\n|move|p2a: TUSK SWEEP|Close Combat|p1a: Rotom\n|-damage|p1a: Rotom|0 fnt\n|-unboost|p2a: TUSK SWEEP|def|1\n|-unboost|p2a: TUSK SWEEP|spd|1\n|faint|p1a: Rotom\n|\n|upkeep\n|c|\u2606elvisma|HUH\n|\n|t:|1699975503\n|switch|p1a: Hoopa|Hoopa-Unbound|100\/100\n|turn|11\n|c|\u2606elvisma|alright\n|\n|t:|1699975507\n|move|p2a: TUSK SWEEP|Close Combat|p1a: Hoopa\n|-damage|p1a: Hoopa|0 fnt\n|-unboost|p2a: TUSK SWEEP|def|1\n|-unboost|p2a: TUSK SWEEP|spd|1\n|faint|p1a: Hoopa\n|\n|upkeep\n|\n|t:|1699975509\n|switch|p1a: Garganacl|Garganacl, F|33\/100\n|turn|12\n|c|\u2606elvisma|gg\n|\n|t:|1699975513\n|move|p2a: TUSK SWEEP|Close Combat|p1a: Garganacl\n|-supereffective|p1a: Garganacl\n|-damage|p1a: Garganacl|0 fnt\n|-unboost|p2a: TUSK SWEEP|def|1\n|-unboost|p2a: TUSK SWEEP|spd|1\n|faint|p1a: Garganacl\n|\n|win|elvisma\n|raw|yinglun's rating: 1676 &rarr; <strong>1658<\/strong><br \/>(-18 for losing)\n|raw|elvisma's rating: 1710 &rarr; <strong>1728<\/strong><br \/>(+18 for winning)\n","uploadtime":1699975518,"views":7,"p1id":"yinglun","p2id":"elvisma","formatid":"gen9nationaldex","rating":1658,"private":0,"password":""}