{"id":"gen9nationaldex-1994849388","p1":"krickitune fan","p2":"fluffersmcsheep","format":"[Gen 9] National Dex","log":"|html|<div class=\"broadcast-blue\"><strong>[Gen 9] National Dex is currently suspecting Sneasler! For information on how to participate check out the <a href=\"https:\/\/www.smogon.com\/forums\/threads\/sv-national-dex-suspect-8-just-dance.3731534\/\">suspect thread<\/a>.<\/strong><\/div>\n|j|\u203dkrickitune fan\n|j|\u2606fluffersmcsheep\n|t:|1700498428\n|gametype|singles\n|player|p1|krickitune fan|gardenia|1342\n|player|p2|fluffersmcsheep|scientistf|1429\n|teamsize|p1|6\n|teamsize|p2|6\n|gen|9\n|tier|[Gen 9] National Dex\n|rated|\n|rule|HP Percentage Mod: HP is shown in percentages\n|rule|Endless Battle Clause: Forcing endless battles is banned\n|rule|OHKO Clause: OHKO moves are banned\n|rule|Evasion Clause: Evasion abilities, items, and moves are banned\n|rule|Evasion Abilities Clause: Evasion abilities are banned\n|rule|Evasion Items Clause: Evasion items are banned\n|rule|Evasion Moves Clause: Evasion moves are banned\n|rule|Species Clause: Limit one of each Pok\u00e9mon\n|rule|Sleep Clause Mod: Limit one foe put to sleep\n|clearpoke\n|poke|p1|Kommo-o, M|\n|poke|p1|Heatran, M|\n|poke|p1|Rotom-Wash|\n|poke|p1|Weavile, F|\n|poke|p1|Rillaboom, M|\n|poke|p1|Mawile, F|\n|poke|p2|Ditto|\n|poke|p2|Scizor, F|\n|poke|p2|Ogerpon-Wellspring, F|\n|poke|p2|Hatterene, F|\n|poke|p2|Great Tusk|\n|poke|p2|Heatran, F|\n|teampreview\n|inactive|Battle timer is ON: inactive players will automatically lose when time's up. (requested by fluffersmcsheep)\n|\n|t:|1700498439\n|start\n|switch|p1a: Heatran|Heatran, M|100\/100\n|switch|p2a: Heatran|Heatran, F|100\/100\n|turn|1\n|\n|t:|1700498445\n|-terastallize|p2a: Heatran|Grass\n|move|p2a: Heatran|Taunt|p1a: Heatran\n|-start|p1a: Heatran|move: Taunt\n|cant|p1a: Heatran|move: Taunt|Stealth Rock\n|\n|upkeep\n|turn|2\n|\n|t:|1700498457\n|switch|p1a: Kommo-o|Kommo-o, M|100\/100\n|move|p2a: Heatran|Stealth Rock|p1a: Kommo-o\n|-sidestart|p1: krickitune fan|move: Stealth Rock\n|\n|upkeep\n|turn|3\n|\n|t:|1700498463\n|move|p1a: Kommo-o|Iron Head|p2a: Heatran\n|-damage|p2a: Heatran|79\/100\n|cant|p2a: Heatran|flinch\n|\n|-heal|p2a: Heatran|85\/100|[from] item: Leftovers\n|upkeep\n|turn|4\n|\n|t:|1700498469\n|-zpower|p1a: Kommo-o\n|move|p1a: Kommo-o|Clangorous Soulblaze|p2a: Heatran|[zeffect]\n|-damage|p2a: Heatran|32\/100\n|-boost|p1a: Kommo-o|atk|1\n|-boost|p1a: Kommo-o|def|1\n|-boost|p1a: Kommo-o|spa|1\n|-boost|p1a: Kommo-o|spd|1\n|-boost|p1a: Kommo-o|spe|1\n|move|p2a: Heatran|Taunt|p1a: Kommo-o\n|-start|p1a: Kommo-o|move: Taunt\n|\n|-heal|p2a: Heatran|38\/100|[from] item: Leftovers\n|upkeep\n|turn|5\n|\n|t:|1700498481\n|move|p1a: Kommo-o|Iron Head|p2a: Heatran\n|-damage|p2a: Heatran|6\/100\n|move|p2a: Heatran|Flamethrower|p1a: Kommo-o\n|-resisted|p1a: Kommo-o\n|-damage|p1a: Kommo-o|80\/100\n|\n|-heal|p2a: Heatran|12\/100|[from] item: Leftovers\n|upkeep\n|turn|6\n|\n|t:|1700498486\n|move|p1a: Kommo-o|Iron Head|p2a: Heatran\n|-damage|p2a: Heatran|0 fnt\n|faint|p2a: Heatran\n|\n|upkeep\n|\n|t:|1700498488\n|switch|p2a: Ditto|Ditto|100\/100\n|-transform|p2a: Ditto|p1a: Kommo-o|[from] ability: Imposter\n|turn|7\n|\n|t:|1700498496\n|move|p2a: Ditto|Clanging Scales|p1a: Kommo-o\n|-immune|p1a: Kommo-o|[from] ability: Soundproof\n|move|p1a: Kommo-o|Close Combat|p2a: Ditto\n|-damage|p2a: Ditto|50\/100\n|-unboost|p1a: Kommo-o|def|1\n|-unboost|p1a: Kommo-o|spd|1\n|\n|-end|p1a: Kommo-o|move: Taunt\n|upkeep\n|turn|8\n|\n|t:|1700498502\n|switch|p2a: Great Tusk|Great Tusk|100\/100\n|-enditem|p2a: Great Tusk|Booster Energy\n|-activate|p2a: Great Tusk|ability: Protosynthesis|[fromitem]\n|-start|p2a: Great Tusk|protosynthesisatk\n|move|p1a: Kommo-o|Close Combat|p2a: Great Tusk\n|-damage|p2a: Great Tusk|39\/100\n|-unboost|p1a: Kommo-o|def|1\n|-unboost|p1a: Kommo-o|spd|1\n|\n|upkeep\n|turn|9\n|\n|t:|1700498510\n|move|p1a: Kommo-o|Close Combat|p2a: Great Tusk\n|-damage|p2a: Great Tusk|0 fnt\n|-unboost|p1a: Kommo-o|def|1\n|-unboost|p1a: Kommo-o|spd|1\n|faint|p2a: Great Tusk\n|-end|p2a: Great Tusk|Protosynthesis|[silent]\n|\n|upkeep\n|\n|t:|1700498512\n|switch|p2a: Ditto|Ditto|50\/100\n|-transform|p2a: Ditto|p1a: Kommo-o|[from] ability: Imposter\n|turn|10\n|\n|t:|1700498521\n|move|p2a: Ditto|Close Combat|p1a: Kommo-o\n|-damage|p1a: Kommo-o|0 fnt\n|-unboost|p2a: Ditto|def|1\n|-unboost|p2a: Ditto|spd|1\n|faint|p1a: Kommo-o\n|\n|upkeep\n|\n|t:|1700498524\n|switch|p1a: Weavile|Weavile, F|100\/100\n|-damage|p1a: Weavile|76\/100|[from] Stealth Rock\n|-ability|p1a: Weavile|Pressure\n|turn|11\n|\n|t:|1700498528\n|move|p1a: Weavile|Ice Shard|p2a: Ditto\n|-supereffective|p2a: Ditto\n|-damage|p2a: Ditto|0 fnt\n|faint|p2a: Ditto\n|\n|upkeep\n|\n|t:|1700498532\n|switch|p2a: Hatterene|Hatterene, F|100\/100\n|turn|12\n|\n|t:|1700498536\n|move|p1a: Weavile|Ice Spinner|p2a: Hatterene\n|-crit|p2a: Hatterene\n|-damage|p2a: Hatterene|31\/100\n|move|p2a: Hatterene|Nuzzle|p1a: Weavile\n|-damage|p1a: Weavile|68\/100\n|-status|p1a: Weavile|par\n|\n|-heal|p2a: Hatterene|37\/100|[from] item: Leftovers\n|upkeep\n|turn|13\n|\n|t:|1700498541\n|switch|p2a: Scizor|Scizor, F|100\/100\n|move|p1a: Weavile|Ice Spinner|p2a: Scizor\n|-resisted|p2a: Scizor\n|-damage|p2a: Scizor|80\/100\n|\n|upkeep\n|turn|14\n|\n|t:|1700498546\n|detailschange|p2a: Scizor|Scizor-Mega, F\n|-mega|p2a: Scizor|Scizor|Scizorite\n|move|p2a: Scizor|Bullet Punch|p1a: Weavile\n|-supereffective|p1a: Weavile\n|-damage|p1a: Weavile|0 fnt\n|faint|p1a: Weavile\n|\n|upkeep\n|\n|t:|1700498551\n|switch|p1a: Heatran|Heatran, M|100\/100\n|-damage|p1a: Heatran|88\/100|[from] Stealth Rock\n|turn|15\n|\n|t:|1700498564\n|switch|p2a: Ogerpon|Ogerpon-Wellspring, F|100\/100\n|move|p1a: Heatran|Lava Plume|p2a: Ogerpon\n|-damage|p2a: Ogerpon|57\/100\n|-status|p2a: Ogerpon|brn\n|\n|-heal|p1a: Heatran|94\/100|[from] item: Leftovers\n|-damage|p2a: Ogerpon|51\/100 brn|[from] brn\n|upkeep\n|turn|16\n|\n|t:|1700498579\n|-terastallize|p1a: Heatran|Grass\n|move|p2a: Ogerpon|Taunt|p1a: Heatran\n|-start|p1a: Heatran|move: Taunt\n|move|p1a: Heatran|Lava Plume|p2a: Ogerpon\n|-damage|p2a: Ogerpon|10\/100 brn\n|\n|-heal|p1a: Heatran|100\/100|[from] item: Leftovers\n|-damage|p2a: Ogerpon|4\/100 brn|[from] brn\n|upkeep\n|turn|17\n|\n|t:|1700498595\n|move|p2a: Ogerpon|Synthesis|p2a: Ogerpon\n|-heal|p2a: Ogerpon|54\/100 brn\n|move|p1a: Heatran|Lava Plume|p2a: Ogerpon\n|-damage|p2a: Ogerpon|12\/100 brn\n|\n|-damage|p2a: Ogerpon|6\/100 brn|[from] brn\n|upkeep\n|turn|18\n|\n|t:|1700498602\n|move|p2a: Ogerpon|Ivy Cudgel|p1a: Heatran|[anim] Ivy Cudgel Water\n|-resisted|p1a: Heatran\n|-crit|p1a: Heatran\n|-damage|p1a: Heatran|82\/100\n|move|p1a: Heatran|Lava Plume|p2a: Ogerpon\n|-damage|p2a: Ogerpon|0 fnt\n|faint|p2a: Ogerpon\n|\n|-heal|p1a: Heatran|89\/100|[from] item: Leftovers\n|-end|p1a: Heatran|move: Taunt\n|upkeep\n|\n|t:|1700498605\n|switch|p2a: Hatterene|Hatterene, F|37\/100\n|turn|19\n|\n|t:|1700498608\n|move|p1a: Heatran|Lava Plume|p2a: Hatterene\n|-damage|p2a: Hatterene|0 fnt\n|faint|p2a: Hatterene\n|\n|-heal|p1a: Heatran|95\/100|[from] item: Leftovers\n|upkeep\n|\n|t:|1700498610\n|switch|p2a: Scizor|Scizor-Mega, F|80\/100\n|turn|20\n|\n|t:|1700498612\n|move|p1a: Heatran|Lava Plume|p2a: Scizor\n|-supereffective|p2a: Scizor\n|-damage|p2a: Scizor|0 fnt\n|faint|p2a: Scizor\n|\n|win|krickitune fan\n|raw|krickitune fan's rating: 1342 &rarr; <strong>1367<\/strong><br \/>(+25 for winning)\n|raw|fluffersmcsheep's rating: 1429 &rarr; <strong>1404<\/strong><br \/>(-25 for losing)\n|l|\u2606fluffersmcsheep\n","uploadtime":1700498615,"views":6,"p1id":"krickitunefan","p2id":"fluffersmcsheep","formatid":"gen9nationaldex","rating":1367,"private":0,"password":""}