{"id":"gen9nationaldex-1994293831","p1":"lolowtf09","p2":"Arlo Ghost","format":"[Gen 9] National Dex","log":"|j|\u2606lolowtf09\n|j|\u2606Arlo Ghost\n|t:|1700427953\n|gametype|singles\n|player|p1|lolowtf09|burgh|\n|player|p2|Arlo Ghost|mars|\n|teamsize|p1|6\n|teamsize|p2|6\n|gen|9\n|tier|[Gen 9] National Dex\n|rule|HP Percentage Mod: HP is shown in percentages\n|rule|Endless Battle Clause: Forcing endless battles is banned\n|rule|OHKO Clause: OHKO moves are banned\n|rule|Evasion Clause: Evasion abilities, items, and moves are banned\n|rule|Evasion Abilities Clause: Evasion abilities are banned\n|rule|Evasion Items Clause: Evasion items are banned\n|rule|Evasion Moves Clause: Evasion moves are banned\n|rule|Species Clause: Limit one of each Pok\u00e9mon\n|rule|Sleep Clause Mod: Limit one foe put to sleep\n|clearpoke\n|poke|p1|Dipplin, F|\n|poke|p1|Forretress, M|\n|poke|p1|Pinsir, F|\n|poke|p1|Heracross, M|\n|poke|p1|Rabsca, M|\n|poke|p1|Galvantula, M|\n|poke|p2|Tapu Fini|\n|poke|p2|Heatran, M|\n|poke|p2|Corviknight, F|\n|poke|p2|Greninja-*, M|\n|poke|p2|Mawile, F|\n|poke|p2|Kommo-o, M|\n|teampreview\n|c|\u2606lolowtf09|que miedo\n|inactive|Battle timer is ON: inactive players will automatically lose when time's up. (requested by lolowtf09)\n|j| Sylveon(404)\n|c|\u2606Arlo Ghost|suerte\n|\n|t:|1700428014\n|start\n|switch|p1a: Galvantula|Galvantula, M, shiny|100\/100\n|switch|p2a: Erica Jueves|Mawile, F|100\/100\n|-ability|p2a: Erica Jueves|Intimidate|boost\n|-unboost|p1a: Galvantula|atk|1\n|turn|1\n|c|\u2606lolowtf09|la necesito\n|\n|t:|1700428023\n|detailschange|p2a: Erica Jueves|Mawile-Mega, F\n|-mega|p2a: Erica Jueves|Mawile|Mawilite\n|move|p1a: Galvantula|Volt Switch|p2a: Erica Jueves\n|-damage|p2a: Erica Jueves|68\/100\n|\n|t:|1700428028\n|switch|p1a: ManoloPajitas|Forretress, M|100\/100|[from] Volt Switch\n|move|p2a: Erica Jueves|Fire Fang|p1a: ManoloPajitas\n|-supereffective|p1a: ManoloPajitas\n|-damage|p1a: ManoloPajitas|11\/100\n|-damage|p2a: Erica Jueves|51\/100|[from] item: Rocky Helmet|[of] p1a: ManoloPajitas\n|\n|upkeep\n|turn|2\n|\n|t:|1700428039\n|move|p2a: Erica Jueves|Fire Fang|p1a: ManoloPajitas\n|-supereffective|p1a: ManoloPajitas\n|-damage|p1a: ManoloPajitas|0 fnt\n|-damage|p2a: Erica Jueves|35\/100|[from] item: Rocky Helmet|[of] p1a: ManoloPajitas\n|faint|p1a: ManoloPajitas\n|\n|upkeep\n|\n|t:|1700428049\n|switch|p1a: \u00d1ami|Pinsir, F|100\/100\n|turn|3\n|\n|t:|1700428058\n|switch|p2a: Metalera|Corviknight, F, shiny|100\/100\n|-ability|p2a: Metalera|Pressure\n|detailschange|p1a: \u00d1ami|Pinsir-Mega, F\n|-mega|p1a: \u00d1ami|Pinsir|Pinsirite\n|move|p1a: \u00d1ami|Earthquake|p2a: Metalera\n|-immune|p2a: Metalera\n|\n|upkeep\n|turn|4\n|\n|t:|1700428063\n|move|p1a: \u00d1ami|Swords Dance|p1a: \u00d1ami\n|-boost|p1a: \u00d1ami|atk|2\n|move|p2a: Metalera|Iron Defense|p2a: Metalera\n|-boost|p2a: Metalera|def|2\n|\n|upkeep\n|turn|5\n|\n|t:|1700428067\n|move|p1a: \u00d1ami|Swords Dance|p1a: \u00d1ami\n|-boost|p1a: \u00d1ami|atk|2\n|move|p2a: Metalera|Iron Defense|p2a: Metalera\n|-boost|p2a: Metalera|def|2\n|\n|upkeep\n|turn|6\n|\n|t:|1700428072\n|move|p1a: \u00d1ami|Swords Dance|p1a: \u00d1ami\n|-boost|p1a: \u00d1ami|atk|2\n|move|p2a: Metalera|Iron Defense|p2a: Metalera\n|-boost|p2a: Metalera|def|2\n|\n|upkeep\n|turn|7\n|\n|t:|1700428077\n|move|p1a: \u00d1ami|Frustration|p2a: Metalera\n|-resisted|p2a: Metalera\n|-damage|p2a: Metalera|80\/100\n|-damage|p1a: \u00d1ami|84\/100|[from] item: Rocky Helmet|[of] p2a: Metalera\n|move|p2a: Metalera|Body Press|p1a: \u00d1ami\n|-resisted|p1a: \u00d1ami\n|-damage|p1a: \u00d1ami|57\/100\n|\n|upkeep\n|turn|8\n|\n|t:|1700428087\n|switch|p1a: Galvantula|Galvantula, M, shiny|100\/100\n|move|p2a: Metalera|Body Press|p1a: Galvantula\n|-resisted|p1a: Galvantula\n|-damage|p1a: Galvantula|2\/100\n|\n|upkeep\n|turn|9\n|\n|t:|1700428097\n|switch|p2a: Magmado|Heatran, M|100\/100\n|move|p1a: Galvantula|Thunder|p2a: Magmado\n|-damage|p2a: Magmado|71\/100\n|-status|p2a: Magmado|par\n|\n|-heal|p2a: Magmado|77\/100 par|[from] item: Leftovers\n|upkeep\n|turn|10\n|\n|t:|1700428103\n|move|p1a: Galvantula|Thunder|p2a: Magmado\n|-damage|p2a: Magmado|43\/100 par\n|move|p2a: Magmado|Toxic|p1a: Galvantula\n|-status|p1a: Galvantula|tox\n|\n|-heal|p2a: Magmado|49\/100 par|[from] item: Leftovers\n|-damage|p1a: Galvantula|0 fnt|[from] psn\n|faint|p1a: Galvantula\n|upkeep\n|\n|t:|1700428107\n|switch|p1a: \u00d1ami|Pinsir-Mega, F|57\/100\n|turn|11\n|\n|t:|1700428113\n|switch|p2a: Metalera|Corviknight, F, shiny|80\/100\n|-ability|p2a: Metalera|Pressure\n|move|p1a: \u00d1ami|Frustration|p2a: Metalera\n|-resisted|p2a: Metalera\n|-damage|p2a: Metalera|57\/100\n|-damage|p1a: \u00d1ami|40\/100|[from] item: Rocky Helmet|[of] p2a: Metalera\n|\n|upkeep\n|turn|12\n|\n|t:|1700428121\n|switch|p1a: Manzaneta|Dipplin, F, shiny|100\/100\n|move|p2a: Metalera|Roost|p2a: Metalera\n|-heal|p2a: Metalera|100\/100\n|-singleturn|p2a: Metalera|move: Roost\n|\n|upkeep\n|turn|13\n|\n|t:|1700428127\n|switch|p2a: Mamu Finish-her|Tapu Fini, shiny|100\/100\n|-fieldstart|move: Misty Terrain|[from] ability: Misty Surge|[of] p2a: Mamu Finish-her\n|-terastallize|p1a: Manzaneta|Fairy\n|move|p1a: Manzaneta|Infestation|p2a: Mamu Finish-her\n|-resisted|p2a: Mamu Finish-her\n|-damage|p2a: Mamu Finish-her|99\/100\n|-activate|p2a: Mamu Finish-her|move: Infestation|[of] p1a: Manzaneta\n|\n|-heal|p2a: Mamu Finish-her|100\/100|[from] item: Leftovers\n|-damage|p2a: Mamu Finish-her|88\/100|[from] move: Infestation|[partiallytrapped]\n|upkeep\n|turn|14\n|\n|t:|1700428132\n|move|p2a: Mamu Finish-her|Knock Off|p1a: Manzaneta\n|-resisted|p1a: Manzaneta\n|-damage|p1a: Manzaneta|97\/100\n|-activate|p1a: Manzaneta|ability: Sticky Hold\n|move|p1a: Manzaneta|Giga Drain|p2a: Mamu Finish-her\n|-supereffective|p2a: Mamu Finish-her\n|-damage|p2a: Mamu Finish-her|52\/100\n|-heal|p1a: Manzaneta|100\/100|[from] drain|[of] p2a: Mamu Finish-her\n|\n|-heal|p2a: Mamu Finish-her|58\/100|[from] item: Leftovers\n|-damage|p2a: Mamu Finish-her|46\/100|[from] move: Infestation|[partiallytrapped]\n|upkeep\n|turn|15\n|\n|t:|1700428138\n|move|p2a: Mamu Finish-her|Moonblast|p1a: Manzaneta\n|-damage|p1a: Manzaneta|75\/100\n|-unboost|p1a: Manzaneta|spa|1\n|move|p1a: Manzaneta|Giga Drain|p2a: Mamu Finish-her\n|-supereffective|p2a: Mamu Finish-her\n|-damage|p2a: Mamu Finish-her|23\/100\n|-heal|p1a: Manzaneta|85\/100|[from] drain|[of] p2a: Mamu Finish-her\n|\n|-heal|p2a: Mamu Finish-her|29\/100|[from] item: Leftovers\n|-damage|p2a: Mamu Finish-her|16\/100|[from] move: Infestation|[partiallytrapped]\n|upkeep\n|turn|16\n|\n|t:|1700428144\n|move|p2a: Mamu Finish-her|Moonblast|p1a: Manzaneta\n|-damage|p1a: Manzaneta|64\/100\n|move|p1a: Manzaneta|Recover|p1a: Manzaneta\n|-heal|p1a: Manzaneta|100\/100\n|\n|-heal|p2a: Mamu Finish-her|23\/100|[from] item: Leftovers\n|-damage|p2a: Mamu Finish-her|10\/100|[from] move: Infestation|[partiallytrapped]\n|upkeep\n|turn|17\n|\n|t:|1700428153\n|move|p2a: Mamu Finish-her|Moonblast|p1a: Manzaneta\n|-damage|p1a: Manzaneta|75\/100\n|move|p1a: Manzaneta|Infestation|p2a: Mamu Finish-her\n|-resisted|p2a: Mamu Finish-her\n|-damage|p2a: Mamu Finish-her|9\/100\n|\n|-heal|p2a: Mamu Finish-her|15\/100|[from] item: Leftovers\n|-damage|p2a: Mamu Finish-her|3\/100|[from] move: Infestation|[partiallytrapped]\n|-fieldend|Misty Terrain\n|upkeep\n|turn|18\n|\n|t:|1700428158\n|move|p2a: Mamu Finish-her|Moonblast|p1a: Manzaneta\n|-damage|p1a: Manzaneta|52\/100\n|move|p1a: Manzaneta|Recover|p1a: Manzaneta\n|-heal|p1a: Manzaneta|100\/100\n|\n|-heal|p2a: Mamu Finish-her|9\/100|[from] item: Leftovers\n|-end|p2a: Mamu Finish-her|Infestation|[partiallytrapped]\n|upkeep\n|turn|19\n|\n|t:|1700428169\n|move|p2a: Mamu Finish-her|Moonblast|p1a: Manzaneta\n|-damage|p1a: Manzaneta|75\/100\n|move|p1a: Manzaneta|Infestation|p2a: Mamu Finish-her\n|-resisted|p2a: Mamu Finish-her\n|-damage|p2a: Mamu Finish-her|8\/100\n|-activate|p2a: Mamu Finish-her|move: Infestation|[of] p1a: Manzaneta\n|\n|-heal|p2a: Mamu Finish-her|14\/100|[from] item: Leftovers\n|-damage|p2a: Mamu Finish-her|2\/100|[from] move: Infestation|[partiallytrapped]\n|upkeep\n|turn|20\n|\n|t:|1700428174\n|move|p2a: Mamu Finish-her|Moonblast|p1a: Manzaneta\n|-damage|p1a: Manzaneta|53\/100\n|move|p1a: Manzaneta|Recover|p1a: Manzaneta\n|-heal|p1a: Manzaneta|100\/100\n|\n|-heal|p2a: Mamu Finish-her|8\/100|[from] item: Leftovers\n|-damage|p2a: Mamu Finish-her|0 fnt|[from] move: Infestation|[partiallytrapped]\n|faint|p2a: Mamu Finish-her\n|upkeep\n|\n|t:|1700428178\n|switch|p2a: Magmado|Heatran, M|49\/100 par\n|turn|21\n|\n|t:|1700428198\n|switch|p1a: CHUPA BULBAS|Heracross, M|100\/100\n|cant|p2a: Magmado|par\n|\n|-heal|p2a: Magmado|55\/100 par|[from] item: Leftovers\n|-status|p1a: CHUPA BULBAS|brn|[from] item: Flame Orb\n|upkeep\n|turn|22\n|\n|t:|1700428210\n|move|p2a: Magmado|Protect|p2a: Magmado\n|-singleturn|p2a: Magmado|Protect\n|move|p1a: CHUPA BULBAS|Knock Off|p2a: Magmado\n|-activate|p2a: Magmado|move: Protect\n|\n|-heal|p2a: Magmado|61\/100 par|[from] item: Leftovers\n|-damage|p1a: CHUPA BULBAS|95\/100 brn|[from] brn\n|upkeep\n|turn|23\n|\n|t:|1700428215\n|-terastallize|p2a: Magmado|Grass\n|move|p1a: CHUPA BULBAS|Knock Off|p2a: Magmado\n|-damage|p2a: Magmado|23\/100 par\n|-enditem|p2a: Magmado|Leftovers|[from] move: Knock Off|[of] p1a: CHUPA BULBAS\n|move|p2a: Magmado|Magma Storm|p1a: CHUPA BULBAS\n|-supereffective|p1a: CHUPA BULBAS\n|-damage|p1a: CHUPA BULBAS|0 fnt\n|faint|p1a: CHUPA BULBAS\n|\n|upkeep\n|\n|t:|1700428223\n|switch|p1a: \u00d1ami|Pinsir-Mega, F|40\/100\n|turn|24\n|\n|t:|1700428227\n|move|p1a: \u00d1ami|Frustration|p2a: Magmado\n|-supereffective|p2a: Magmado\n|-damage|p2a: Magmado|0 fnt\n|faint|p2a: Magmado\n|\n|upkeep\n|\n|t:|1700428234\n|switch|p2a: El Cumbia Ikuze|Greninja, M|100\/100\n|turn|25\n|\n|t:|1700428242\n|switch|p1a: Manzaneta|Dipplin, F, shiny, tera:Fairy|100\/100\n|move|p2a: El Cumbia Ikuze|Dark Pulse|p1a: Manzaneta\n|-resisted|p1a: Manzaneta\n|-damage|p1a: Manzaneta|82\/100\n|\n|upkeep\n|turn|26\n|\n|t:|1700428247\n|switch|p2a: Erica Jueves|Mawile-Mega, F|35\/100\n|move|p1a: Manzaneta|Infestation|p2a: Erica Jueves\n|-resisted|p2a: Erica Jueves\n|-damage|p2a: Erica Jueves|34\/100\n|-activate|p2a: Erica Jueves|move: Infestation|[of] p1a: Manzaneta\n|\n|-damage|p2a: Erica Jueves|21\/100|[from] move: Infestation|[partiallytrapped]\n|upkeep\n|turn|27\n|\n|t:|1700428268\n|switch|p1a: \u00d1ami|Pinsir-Mega, F|40\/100\n|move|p2a: Erica Jueves|Play Rough|p1a: \u00d1ami\n|-damage|p1a: \u00d1ami|0 fnt\n|faint|p1a: \u00d1ami\n|\n|-end|p2a: Erica Jueves|Infestation|[partiallytrapped]|[silent]\n|upkeep\n|\n|t:|1700428274\n|switch|p1a: Rasca|Rabsca, M|100\/100\n|turn|28\n|\n|t:|1700428278\n|move|p2a: Erica Jueves|Fire Fang|p1a: Rasca\n|-supereffective|p1a: Rasca\n|-damage|p1a: Rasca|14\/100\n|move|p1a: Rasca|Revival Blessing|p1a: Rasca\n|\n|t:|1700428289\n|-heal|p1: Galvantula|50\/100|[from] move: Revival Blessing\n|\n|upkeep\n|turn|29\n|\n|t:|1700428293\n|move|p2a: Erica Jueves|Fire Fang|p1a: Rasca\n|-supereffective|p1a: Rasca\n|-damage|p1a: Rasca|0 fnt\n|faint|p1a: Rasca\n|\n|upkeep\n|\n|t:|1700428295\n|switch|p1a: Galvantula|Galvantula, M, shiny|50\/100\n|turn|30\n|\n|t:|1700428302\n|move|p2a: Erica Jueves|Sucker Punch|p1a: Galvantula\n|-damage|p1a: Galvantula|0 fnt\n|faint|p1a: Galvantula\n|\n|upkeep\n|\n|t:|1700428305\n|switch|p1a: Manzaneta|Dipplin, F, shiny, tera:Fairy|82\/100\n|turn|31\n|\n|t:|1700428310\n|switch|p2a: Metalera|Corviknight, F, shiny|100\/100\n|-ability|p2a: Metalera|Pressure\n|move|p1a: Manzaneta|Giga Drain|p2a: Metalera\n|-resisted|p2a: Metalera\n|-damage|p2a: Metalera|94\/100\n|-heal|p1a: Manzaneta|86\/100|[from] drain|[of] p2a: Metalera\n|\n|upkeep\n|turn|32\n|\n|t:|1700428315\n|move|p2a: Metalera|Iron Defense|p2a: Metalera\n|-boost|p2a: Metalera|def|2\n|move|p1a: Manzaneta|Infestation|p2a: Metalera\n|-resisted|p2a: Metalera\n|-crit|p2a: Metalera\n|-damage|p2a: Metalera|93\/100\n|-activate|p2a: Metalera|move: Infestation|[of] p1a: Manzaneta\n|-damage|p1a: Manzaneta|69\/100|[from] item: Rocky Helmet|[of] p2a: Metalera\n|\n|-damage|p2a: Metalera|80\/100|[from] move: Infestation|[partiallytrapped]\n|upkeep\n|turn|33\n|\n|t:|1700428318\n|move|p2a: Metalera|Iron Defense|p2a: Metalera\n|-boost|p2a: Metalera|def|2\n|move|p1a: Manzaneta|Giga Drain|p2a: Metalera\n|-resisted|p2a: Metalera\n|-damage|p2a: Metalera|75\/100\n|-heal|p1a: Manzaneta|72\/100|[from] drain|[of] p2a: Metalera\n|\n|-damage|p2a: Metalera|63\/100|[from] move: Infestation|[partiallytrapped]\n|upkeep\n|turn|34\n|\n|t:|1700428322\n|move|p2a: Metalera|Iron Defense|p2a: Metalera\n|-boost|p2a: Metalera|def|2\n|move|p1a: Manzaneta|Giga Drain|p2a: Metalera\n|-resisted|p2a: Metalera\n|-damage|p2a: Metalera|57\/100\n|-heal|p1a: Manzaneta|75\/100|[from] drain|[of] p2a: Metalera\n|\n|-damage|p2a: Metalera|45\/100|[from] move: Infestation|[partiallytrapped]\n|upkeep\n|turn|35\n|\n|t:|1700428324\n|move|p2a: Metalera|Roost|p2a: Metalera\n|-heal|p2a: Metalera|95\/100\n|-singleturn|p2a: Metalera|move: Roost\n|move|p1a: Manzaneta|Recover|p1a: Manzaneta\n|-heal|p1a: Manzaneta|100\/100\n|\n|-damage|p2a: Metalera|83\/100|[from] move: Infestation|[partiallytrapped]\n|upkeep\n|turn|36\n|\n|t:|1700428333\n|move|p2a: Metalera|Defog|p1a: Manzaneta\n|-unboost|p1a: Manzaneta|evasion|1\n|move|p1a: Manzaneta|Recover||[still]\n|-fail|p1a: Manzaneta|heal\n|\n|-end|p2a: Metalera|Infestation|[partiallytrapped]\n|upkeep\n|turn|37\n|\n|t:|1700428338\n|move|p2a: Metalera|Defog|p1a: Manzaneta\n|-unboost|p1a: Manzaneta|evasion|1\n|move|p1a: Manzaneta|Infestation|p2a: Metalera\n|-resisted|p2a: Metalera\n|-damage|p2a: Metalera|82\/100\n|-activate|p2a: Metalera|move: Infestation|[of] p1a: Manzaneta\n|-damage|p1a: Manzaneta|84\/100|[from] item: Rocky Helmet|[of] p2a: Metalera\n|\n|-damage|p2a: Metalera|70\/100|[from] move: Infestation|[partiallytrapped]\n|upkeep\n|turn|38\n|\n|t:|1700428344\n|move|p2a: Metalera|Body Press|p1a: Manzaneta\n|-resisted|p1a: Manzaneta\n|-damage|p1a: Manzaneta|61\/100\n|move|p1a: Manzaneta|Infestation|p2a: Metalera\n|-resisted|p2a: Metalera\n|-damage|p2a: Metalera|69\/100\n|-damage|p1a: Manzaneta|45\/100|[from] item: Rocky Helmet|[of] p2a: Metalera\n|\n|-damage|p2a: Metalera|56\/100|[from] move: Infestation|[partiallytrapped]\n|upkeep\n|turn|39\n|\n|t:|1700428348\n|move|p2a: Metalera|Body Press|p1a: Manzaneta\n|-resisted|p1a: Manzaneta\n|-damage|p1a: Manzaneta|25\/100\n|move|p1a: Manzaneta|Recover|p1a: Manzaneta\n|-heal|p1a: Manzaneta|75\/100\n|\n|-damage|p2a: Metalera|44\/100|[from] move: Infestation|[partiallytrapped]\n|upkeep\n|turn|40\n|\n|t:|1700428356\n|move|p2a: Metalera|Roost|p2a: Metalera\n|-heal|p2a: Metalera|94\/100\n|-singleturn|p2a: Metalera|move: Roost\n|move|p1a: Manzaneta|Recover|p1a: Manzaneta\n|-heal|p1a: Manzaneta|100\/100\n|\n|-damage|p2a: Metalera|82\/100|[from] move: Infestation|[partiallytrapped]\n|upkeep\n|turn|41\n|\n|t:|1700428364\n|move|p2a: Metalera|Body Press|p1a: Manzaneta\n|-resisted|p1a: Manzaneta\n|-damage|p1a: Manzaneta|79\/100\n|move|p1a: Manzaneta|Infestation|p2a: Metalera\n|-resisted|p2a: Metalera\n|-damage|p2a: Metalera|81\/100\n|-damage|p1a: Manzaneta|63\/100|[from] item: Rocky Helmet|[of] p2a: Metalera\n|\n|-damage|p2a: Metalera|69\/100|[from] move: Infestation|[partiallytrapped]\n|upkeep\n|turn|42\n|\n|t:|1700428369\n|move|p2a: Metalera|Body Press|p1a: Manzaneta\n|-resisted|p1a: Manzaneta\n|-damage|p1a: Manzaneta|39\/100\n|move|p1a: Manzaneta|Recover|p1a: Manzaneta\n|-heal|p1a: Manzaneta|89\/100\n|\n|-end|p2a: Metalera|Infestation|[partiallytrapped]\n|upkeep\n|turn|43\n|\n|t:|1700428372\n|move|p2a: Metalera|Body Press|p1a: Manzaneta\n|-resisted|p1a: Manzaneta\n|-crit|p1a: Manzaneta\n|-damage|p1a: Manzaneta|54\/100\n|move|p1a: Manzaneta|Infestation|p2a: Metalera\n|-resisted|p2a: Metalera\n|-damage|p2a: Metalera|68\/100\n|-activate|p2a: Metalera|move: Infestation|[of] p1a: Manzaneta\n|-damage|p1a: Manzaneta|37\/100|[from] item: Rocky Helmet|[of] p2a: Metalera\n|\n|-damage|p2a: Metalera|55\/100|[from] move: Infestation|[partiallytrapped]\n|upkeep\n|turn|44\n|\n|t:|1700428377\n|move|p2a: Metalera|Body Press|p1a: Manzaneta\n|-resisted|p1a: Manzaneta\n|-damage|p1a: Manzaneta|16\/100\n|move|p1a: Manzaneta|Giga Drain|p2a: Metalera\n|-resisted|p2a: Metalera\n|-damage|p2a: Metalera|50\/100\n|-heal|p1a: Manzaneta|19\/100|[from] drain|[of] p2a: Metalera\n|\n|-damage|p2a: Metalera|37\/100|[from] move: Infestation|[partiallytrapped]\n|upkeep\n|turn|45\n|c|\u2606lolowtf09|gg\n|c|\u2606Arlo Ghost|gg\n|c| Sylveon(404)|pelea de invalidos\n|\n|t:|1700428386\n|move|p2a: Metalera|Body Press|p1a: Manzaneta\n|-resisted|p1a: Manzaneta\n|-damage|p1a: Manzaneta|0 fnt\n|faint|p1a: Manzaneta\n|\n|win|Arlo Ghost\n|l|\u2606Arlo Ghost\n|c|\u2606lolowtf09|como aguanta la manzana\n|j|\u2606Arlo Ghost\n|player|p2|Arlo Ghost|mars\n|l|\u2606lolowtf09\n","uploadtime":1700428411,"views":11,"p1id":"lolowtf09","p2id":"arloghost","formatid":"gen9nationaldex","rating":0,"private":0,"password":""}