{"id":"gen9nationaldex-1994912203","p1":"Matt0919","p2":"catomic756","format":"[Gen 9] National Dex","log":"|html|<div class=\"broadcast-blue\"><strong>[Gen 9] National Dex is currently suspecting Sneasler! For information on how to participate check out the <a href=\"https:\/\/www.smogon.com\/forums\/threads\/sv-national-dex-suspect-8-just-dance.3731534\/\">suspect thread<\/a>.<\/strong><\/div>\n|j|\u2606Matt0919\n|j|\u2606catomic756\n|t:|1700504044\n|gametype|singles\n|player|p1|Matt0919|wallace|1259\n|player|p2|catomic756|cynthia-gen4|1218\n|teamsize|p1|6\n|teamsize|p2|6\n|gen|9\n|tier|[Gen 9] National Dex\n|rated|\n|rule|HP Percentage Mod: HP is shown in percentages\n|rule|Endless Battle Clause: Forcing endless battles is banned\n|rule|OHKO Clause: OHKO moves are banned\n|rule|Evasion Clause: Evasion abilities, items, and moves are banned\n|rule|Evasion Abilities Clause: Evasion abilities are banned\n|rule|Evasion Items Clause: Evasion items are banned\n|rule|Evasion Moves Clause: Evasion moves are banned\n|rule|Species Clause: Limit one of each Pok\u00e9mon\n|rule|Sleep Clause Mod: Limit one foe put to sleep\n|clearpoke\n|poke|p1|Azumarill, M|\n|poke|p1|Swampert, M|\n|poke|p1|Basculegion, M|\n|poke|p1|Zapdos|\n|poke|p1|Corviknight, M|\n|poke|p1|Pelipper, F|\n|poke|p2|Togekiss, F|\n|poke|p2|Spiritomb, M|\n|poke|p2|Garchomp, M|\n|poke|p2|Roserade, M|\n|poke|p2|Gastrodon, F|\n|poke|p2|Milotic, F|\n|teampreview\n|inactive|Battle timer is ON: inactive players will automatically lose when time's up. (requested by catomic756)\n|\n|t:|1700504049\n|start\n|switch|p1a: Pelipper|Pelipper, F|100\/100\n|switch|p2a: Gastrodon|Gastrodon, F|100\/100\n|-weather|RainDance|[from] ability: Drizzle|[of] p1a: Pelipper\n|turn|1\n|\n|t:|1700504057\n|switch|p1a: Azumarill|Azumarill, M|100\/100\n|move|p2a: Gastrodon|Stealth Rock|p1a: Azumarill\n|-sidestart|p1: Matt0919|move: Stealth Rock\n|\n|-weather|RainDance|[upkeep]\n|upkeep\n|turn|2\n|\n|t:|1700504065\n|move|p1a: Azumarill|Belly Drum|p1a: Azumarill\n|-damage|p1a: Azumarill|51\/100\n|-setboost|p1a: Azumarill|atk|6|[from] move: Belly Drum\n|move|p2a: Gastrodon|Toxic|p1a: Azumarill\n|-status|p1a: Azumarill|tox\n|\n|-weather|RainDance|[upkeep]\n|-damage|p1a: Azumarill|44\/100 tox|[from] psn\n|upkeep\n|-enditem|p1a: Azumarill|Sitrus Berry|[eat]\n|-heal|p1a: Azumarill|69\/100 tox|[from] item: Sitrus Berry\n|turn|3\n|\n|t:|1700504076\n|move|p1a: Azumarill|Play Rough|p2a: Gastrodon|[miss]\n|-miss|p1a: Azumarill|p2a: Gastrodon\n|move|p2a: Gastrodon|Earth Power|p1a: Azumarill\n|-damage|p1a: Azumarill|27\/100 tox\n|\n|-weather|RainDance|[upkeep]\n|-damage|p1a: Azumarill|15\/100 tox|[from] psn\n|upkeep\n|turn|4\n|\n|t:|1700504084\n|move|p1a: Azumarill|Play Rough|p2a: Gastrodon|[miss]\n|-miss|p1a: Azumarill|p2a: Gastrodon\n|move|p2a: Gastrodon|Earth Power|p1a: Azumarill\n|-damage|p1a: Azumarill|0 fnt\n|faint|p1a: Azumarill\n|\n|-weather|RainDance|[upkeep]\n|upkeep\n|c|\u2606Matt0919|wtf literally 5% chance to miss twice in a row\n|\n|t:|1700504105\n|switch|p1a: Corviknight|Corviknight, M|100\/100\n|-damage|p1a: Corviknight|88\/100|[from] Stealth Rock\n|turn|5\n|c|\u2606catomic756|bro i feel u\n|c|\u2606catomic756|rng sucks ass\n|\n|t:|1700504125\n|switch|p2a: Milotic|Milotic, F|100\/100\n|move|p1a: Corviknight|Bulk Up|p1a: Corviknight\n|-boost|p1a: Corviknight|atk|1\n|-boost|p1a: Corviknight|def|1\n|\n|-weather|RainDance|[upkeep]\n|-heal|p1a: Corviknight|94\/100|[from] item: Leftovers\n|upkeep\n|turn|6\n|\n|t:|1700504133\n|move|p2a: Milotic|Scald|p1a: Corviknight\n|-damage|p1a: Corviknight|48\/100\n|move|p1a: Corviknight|Bulk Up|p1a: Corviknight\n|-boost|p1a: Corviknight|atk|1\n|-boost|p1a: Corviknight|def|1\n|\n|-weather|RainDance|[upkeep]\n|-heal|p1a: Corviknight|54\/100|[from] item: Leftovers\n|upkeep\n|turn|7\n|\n|t:|1700504143\n|move|p2a: Milotic|Scald|p1a: Corviknight\n|-damage|p1a: Corviknight|9\/100\n|-status|p1a: Corviknight|brn\n|move|p1a: Corviknight|Body Press|p2a: Milotic\n|-damage|p2a: Milotic|73\/100\n|\n|-weather|RainDance|[upkeep]\n|-heal|p2a: Milotic|79\/100|[from] item: Leftovers\n|-heal|p1a: Corviknight|15\/100 brn|[from] item: Leftovers\n|-damage|p1a: Corviknight|9\/100 brn|[from] brn\n|upkeep\n|turn|8\n|\n|t:|1700504156\n|move|p2a: Milotic|Scald|p1a: Corviknight\n|-damage|p1a: Corviknight|0 fnt\n|faint|p1a: Corviknight\n|\n|-weather|none\n|-heal|p2a: Milotic|85\/100|[from] item: Leftovers\n|upkeep\n|\n|t:|1700504168\n|switch|p1a: Zapdos|Zapdos|100\/100\n|-damage|p1a: Zapdos|76\/100|[from] Stealth Rock\n|turn|9\n|-message|Matt0919 forfeited.\n|\n|win|catomic756\n|raw|Matt0919's rating: 1259 &rarr; <strong>1231<\/strong><br \/>(-28 for losing)\n|raw|catomic756's rating: 1218 &rarr; <strong>1246<\/strong><br \/>(+28 for winning)\n","uploadtime":1700504118,"views":1,"p1id":"matt0919","p2id":"catomic756","formatid":"gen9nationaldex","rating":1231,"private":0,"password":""}