{"id":"gen9nationaldex-1988693909","p1":"TeamGardevoir123","p2":"OnlyPyper","format":"[Gen 9] National Dex","log":"|j|\u2606TeamGardevoir123\n|j|\u2606OnlyPyper\n|t:|1699751517\n|gametype|singles\n|player|p1|TeamGardevoir123|rosa-masters2|\n|player|p2|OnlyPyper|shauntal|\n|teamsize|p1|6\n|teamsize|p2|6\n|gen|9\n|tier|[Gen 9] National Dex\n|rule|HP Percentage Mod: HP is shown in percentages\n|rule|Endless Battle Clause: Forcing endless battles is banned\n|rule|OHKO Clause: OHKO moves are banned\n|rule|Evasion Clause: Evasion abilities, items, and moves are banned\n|rule|Evasion Abilities Clause: Evasion abilities are banned\n|rule|Evasion Items Clause: Evasion items are banned\n|rule|Evasion Moves Clause: Evasion moves are banned\n|rule|Species Clause: Limit one of each Pok\u00e9mon\n|rule|Sleep Clause Mod: Limit one foe put to sleep\n|clearpoke\n|poke|p1|Lopunny, F|\n|poke|p1|Grimmsnarl, M|\n|poke|p1|Kommo-o, M|\n|poke|p1|Toxapex, M|\n|poke|p1|Gliscor, M|\n|poke|p1|Volcarona, F|\n|poke|p2|Torkoal, F|\n|poke|p2|Exeggutor, M|\n|poke|p2|Tapu Lele|\n|poke|p2|Great Tusk|\n|poke|p2|Victini|\n|poke|p2|Houndoom, M|\n|teampreview\n|\n|t:|1699751524\n|start\n|switch|p1a: Grimmsnarl|Grimmsnarl, M|100\/100\n|switch|p2a: Torkoal|Torkoal, F|100\/100\n|-weather|SunnyDay|[from] ability: Drought|[of] p2a: Torkoal\n|turn|1\n|\n|t:|1699751538\n|switch|p2a: Houndoom|Houndoom, M|100\/100\n|move|p1a: Grimmsnarl|Reflect|p1a: Grimmsnarl\n|-sidestart|p1: TeamGardevoir123|Reflect\n|\n|-weather|SunnyDay|[upkeep]\n|upkeep\n|turn|2\n|\n|t:|1699751548\n|move|p1a: Grimmsnarl|Light Screen|p1a: Grimmsnarl\n|-sidestart|p1: TeamGardevoir123|move: Light Screen\n|move|p2a: Houndoom|Nasty Plot|p2a: Houndoom\n|-boost|p2a: Houndoom|spa|2\n|\n|-weather|SunnyDay|[upkeep]\n|upkeep\n|turn|3\n|\n|t:|1699751557\n|switch|p1a: Kommo-o|Kommo-o, M|100\/100\n|detailschange|p2a: Houndoom|Houndoom-Mega, M\n|-mega|p2a: Houndoom|Houndoom|Houndoominite\n|move|p2a: Houndoom|Overheat|p1a: Kommo-o\n|-resisted|p1a: Kommo-o\n|-damage|p1a: Kommo-o|8\/100\n|-unboost|p2a: Houndoom|spa|2\n|\n|-weather|SunnyDay|[upkeep]\n|-damage|p2a: Houndoom|88\/100|[from] ability: Solar Power|[of] p2a: Houndoom\n|upkeep\n|turn|4\n|\n|t:|1699751571\n|move|p2a: Houndoom|Dark Pulse|p1a: Kommo-o\n|-resisted|p1a: Kommo-o\n|-damage|p1a: Kommo-o|0 fnt\n|faint|p1a: Kommo-o\n|\n|-weather|SunnyDay|[upkeep]\n|-damage|p2a: Houndoom|76\/100|[from] ability: Solar Power|[of] p2a: Houndoom\n|upkeep\n|\n|t:|1699751585\n|switch|p1a: Nella|Lopunny, F, shiny|100\/100\n|turn|5\n|\n|t:|1699751591\n|switch|p2a: Great Tusk|Great Tusk|100\/100\n|-activate|p2a: Great Tusk|ability: Protosynthesis\n|-start|p2a: Great Tusk|protosynthesisdef\n|detailschange|p1a: Nella|Lopunny-Mega, F, shiny\n|-mega|p1a: Nella|Lopunny|Lopunnite\n|move|p1a: Nella|Frustration|p2a: Great Tusk\n|-damage|p2a: Great Tusk|80\/100\n|\n|-weather|SunnyDay|[upkeep]\n|-heal|p2a: Great Tusk|86\/100|[from] item: Leftovers\n|upkeep\n|turn|6\n|\n|t:|1699751606\n|move|p1a: Nella|U-turn|p2a: Great Tusk\n|-resisted|p2a: Great Tusk\n|-damage|p2a: Great Tusk|81\/100\n|\n|t:|1699751610\n|switch|p1a: Volcarona|Volcarona, F|100\/100|[from] U-turn\n|move|p2a: Great Tusk|Knock Off|p1a: Volcarona\n|-damage|p1a: Volcarona|86\/100\n|-enditem|p1a: Volcarona|Heavy-Duty Boots|[from] move: Knock Off|[of] p2a: Great Tusk\n|\n|-weather|SunnyDay|[upkeep]\n|-heal|p2a: Great Tusk|87\/100|[from] item: Leftovers\n|upkeep\n|turn|7\n|\n|t:|1699751630\n|-end|p2a: Great Tusk|Protosynthesis|[silent]\n|switch|p2a: Victini|Victini|100\/100\n|move|p1a: Volcarona|Quiver Dance|p1a: Volcarona\n|-boost|p1a: Volcarona|spa|1\n|-boost|p1a: Volcarona|spd|1\n|-boost|p1a: Volcarona|spe|1\n|\n|-weather|SunnyDay|[upkeep]\n|upkeep\n|turn|8\n|\n|t:|1699751650\n|switch|p2a: Exeggutor|Exeggutor, M|100\/100\n|move|p1a: Volcarona|Fiery Dance|p2a: Exeggutor\n|-supereffective|p2a: Exeggutor\n|-crit|p2a: Exeggutor\n|-damage|p2a: Exeggutor|0 fnt\n|faint|p2a: Exeggutor\n|\n|-weather|none\n|-sideend|p1: TeamGardevoir123|Reflect\n|upkeep\n|\n|t:|1699751672\n|switch|p2a: Torkoal|Torkoal, F|100\/100\n|-weather|SunnyDay|[from] ability: Drought|[of] p2a: Torkoal\n|turn|9\n|\n|t:|1699751684\n|move|p1a: Volcarona|Fiery Dance|p2a: Torkoal\n|-resisted|p2a: Torkoal\n|-damage|p2a: Torkoal|59\/100\n|move|p2a: Torkoal|Yawn|p1a: Volcarona\n|-start|p1a: Volcarona|move: Yawn|[of] p2a: Torkoal\n|\n|-weather|SunnyDay|[upkeep]\n|-sideend|p1: TeamGardevoir123|move: Light Screen\n|upkeep\n|turn|10\n|\n|t:|1699751694\n|switch|p1a: Gliscor|Gliscor, M|100\/100\n|move|p2a: Torkoal|Stealth Rock|p1a: Gliscor\n|-sidestart|p1: TeamGardevoir123|move: Stealth Rock\n|\n|-weather|SunnyDay|[upkeep]\n|-status|p1a: Gliscor|tox|[from] item: Toxic Orb\n|upkeep\n|turn|11\n|\n|t:|1699751705\n|switch|p2a: Victini|Victini|100\/100\n|move|p1a: Gliscor|Defog|p2a: Victini\n|-unboost|p2a: Victini|evasion|1\n|-sideend|p1: TeamGardevoir123|Stealth Rock|[from] move: Defog|[of] p1a: Gliscor\n|\n|-weather|SunnyDay|[upkeep]\n|upkeep\n|turn|12\n|\n|t:|1699751712\n|move|p2a: Victini|V-create|p1a: Gliscor\n|-damage|p1a: Gliscor|0 fnt\n|-unboost|p2a: Victini|spe|1\n|-unboost|p2a: Victini|def|1\n|-unboost|p2a: Victini|spd|1\n|faint|p1a: Gliscor\n|\n|-weather|SunnyDay|[upkeep]\n|upkeep\n|\n|t:|1699751721\n|switch|p1a: Nella|Lopunny-Mega, F, shiny|100\/100\n|turn|13\n|\n|t:|1699751730\n|switch|p2a: Great Tusk|Great Tusk|87\/100\n|-activate|p2a: Great Tusk|ability: Protosynthesis\n|-start|p2a: Great Tusk|protosynthesisdef\n|move|p1a: Nella|Frustration|p2a: Great Tusk\n|-damage|p2a: Great Tusk|67\/100\n|\n|-weather|SunnyDay|[upkeep]\n|-heal|p2a: Great Tusk|73\/100|[from] item: Leftovers\n|upkeep\n|turn|14\n|\n|t:|1699751736\n|move|p1a: Nella|U-turn|p2a: Great Tusk\n|-resisted|p2a: Great Tusk\n|-damage|p2a: Great Tusk|69\/100\n|\n|t:|1699751740\n|switch|p1a: Volcarona|Volcarona, F|86\/100|[from] U-turn\n|move|p2a: Great Tusk|Rapid Spin|p1a: Volcarona\n|-damage|p1a: Volcarona|69\/100\n|-boost|p2a: Great Tusk|spe|1\n|\n|-weather|SunnyDay|[upkeep]\n|-heal|p2a: Great Tusk|75\/100|[from] item: Leftovers\n|upkeep\n|turn|15\n|\n|t:|1699751754\n|move|p2a: Great Tusk|Earthquake|p1a: Volcarona\n|-damage|p1a: Volcarona|19\/100\n|move|p1a: Volcarona|Quiver Dance|p1a: Volcarona\n|-boost|p1a: Volcarona|spa|1\n|-boost|p1a: Volcarona|spd|1\n|-boost|p1a: Volcarona|spe|1\n|\n|-weather|SunnyDay|[upkeep]\n|-heal|p2a: Great Tusk|81\/100|[from] item: Leftovers\n|upkeep\n|turn|16\n|\n|t:|1699751764\n|-terastallize|p2a: Great Tusk|Water\n|move|p1a: Volcarona|Fiery Dance|p2a: Great Tusk\n|-resisted|p2a: Great Tusk\n|-damage|p2a: Great Tusk|24\/100\n|-boost|p1a: Volcarona|spa|1\n|move|p2a: Great Tusk|Earthquake|p1a: Volcarona\n|-damage|p1a: Volcarona|0 fnt\n|faint|p1a: Volcarona\n|\n|-weather|none\n|-end|p2a: Great Tusk|Protosynthesis\n|-heal|p2a: Great Tusk|30\/100|[from] item: Leftovers\n|upkeep\n|\n|t:|1699751780\n|switch|p1a: Nella|Lopunny-Mega, F, shiny|100\/100\n|turn|17\n|\n|t:|1699751789\n|-end|p2a: Great Tusk|Protosynthesis|[silent]\n|switch|p2a: Torkoal|Torkoal, F|59\/100\n|-weather|SunnyDay|[from] ability: Drought|[of] p2a: Torkoal\n|move|p1a: Nella|Fake Out|p2a: Torkoal\n|-damage|p2a: Torkoal|45\/100\n|\n|-weather|SunnyDay|[upkeep]\n|upkeep\n|turn|18\n|\n|t:|1699751800\n|switch|p1a: Grimmsnarl|Grimmsnarl, M|100\/100\n|move|p2a: Torkoal|Yawn|p1a: Grimmsnarl\n|-start|p1a: Grimmsnarl|move: Yawn|[of] p2a: Torkoal\n|\n|-weather|SunnyDay|[upkeep]\n|upkeep\n|turn|19\n|\n|t:|1699751810\n|switch|p1a: Nella|Lopunny-Mega, F, shiny|100\/100\n|switch|p2a: Houndoom|Houndoom-Mega, M|76\/100\n|\n|-weather|SunnyDay|[upkeep]\n|-damage|p2a: Houndoom|63\/100|[from] ability: Solar Power|[of] p2a: Houndoom\n|upkeep\n|turn|20\n|\n|t:|1699751821\n|switch|p2a: Great Tusk|Great Tusk, tera:Water|30\/100\n|-activate|p2a: Great Tusk|ability: Protosynthesis\n|-start|p2a: Great Tusk|protosynthesisdef\n|move|p1a: Nella|Close Combat|p2a: Great Tusk\n|-damage|p2a: Great Tusk|5\/100\n|-unboost|p1a: Nella|def|1\n|-unboost|p1a: Nella|spd|1\n|\n|-weather|SunnyDay|[upkeep]\n|-heal|p2a: Great Tusk|11\/100|[from] item: Leftovers\n|upkeep\n|turn|21\n|\n|t:|1699751833\n|move|p1a: Nella|U-turn|p2a: Great Tusk\n|-damage|p2a: Great Tusk|2\/100\n|\n|t:|1699751839\n|switch|p1a: Grimmsnarl|Grimmsnarl, M|100\/100|[from] U-turn\n|move|p2a: Great Tusk|Earthquake|p1a: Grimmsnarl\n|-damage|p1a: Grimmsnarl|43\/100\n|\n|-weather|SunnyDay|[upkeep]\n|-heal|p2a: Great Tusk|8\/100|[from] item: Leftovers\n|upkeep\n|turn|22\n|\n|t:|1699751853\n|-end|p2a: Great Tusk|Protosynthesis|[silent]\n|switch|p2a: Victini|Victini|100\/100\n|move|p1a: Grimmsnarl|Reflect|p1a: Grimmsnarl\n|-sidestart|p1: TeamGardevoir123|Reflect\n|\n|-weather|SunnyDay|[upkeep]\n|upkeep\n|turn|23\n|\n|t:|1699751860\n|switch|p1a: Toxapex|Toxapex, M|100\/100\n|move|p2a: Victini|V-create|p1a: Toxapex\n|-resisted|p1a: Toxapex\n|-damage|p1a: Toxapex|68\/100\n|-unboost|p2a: Victini|spe|1\n|-unboost|p2a: Victini|def|1\n|-unboost|p2a: Victini|spd|1\n|\n|-weather|SunnyDay|[upkeep]\n|-heal|p1a: Toxapex|74\/100|[from] item: Leftovers\n|upkeep\n|turn|24\n|\n|t:|1699751872\n|switch|p2a: Houndoom|Houndoom-Mega, M|63\/100\n|move|p1a: Toxapex|Scald|p2a: Houndoom\n|-supereffective|p2a: Houndoom\n|-damage|p2a: Houndoom|42\/100\n|\n|-weather|none\n|-heal|p1a: Toxapex|80\/100|[from] item: Leftovers\n|upkeep\n|turn|25\n|\n|t:|1699751882\n|move|p2a: Houndoom|Overheat|p1a: Toxapex\n|-resisted|p1a: Toxapex\n|-damage|p1a: Toxapex|60\/100\n|-unboost|p2a: Houndoom|spa|2\n|move|p1a: Toxapex|Scald|p2a: Houndoom\n|-supereffective|p2a: Houndoom\n|-damage|p2a: Houndoom|1\/100\n|\n|-heal|p1a: Toxapex|66\/100|[from] item: Leftovers\n|upkeep\n|turn|26\n|\n|t:|1699751894\n|switch|p2a: Torkoal|Torkoal, F|45\/100\n|-weather|SunnyDay|[from] ability: Drought|[of] p2a: Torkoal\n|switch|p1a: Nella|Lopunny-Mega, F, shiny|100\/100\n|\n|-weather|SunnyDay|[upkeep]\n|upkeep\n|turn|27\n|\n|t:|1699751904\n|switch|p2a: Great Tusk|Great Tusk, tera:Water|8\/100\n|-activate|p2a: Great Tusk|ability: Protosynthesis\n|-start|p2a: Great Tusk|protosynthesisdef\n|move|p1a: Nella|Fake Out|p2a: Great Tusk\n|-damage|p2a: Great Tusk|0 fnt\n|faint|p2a: Great Tusk\n|-end|p2a: Great Tusk|Protosynthesis|[silent]\n|\n|-weather|SunnyDay|[upkeep]\n|upkeep\n|\n|t:|1699751911\n|switch|p2a: Tapu Lele|Tapu Lele, shiny|100\/100\n|-fieldstart|move: Psychic Terrain|[from] ability: Psychic Surge|[of] p2a: Tapu Lele\n|turn|28\n|\n|t:|1699751924\n|switch|p1a: Toxapex|Toxapex, M|99\/100\n|move|p2a: Tapu Lele|Moonblast|p1a: Toxapex\n|-resisted|p1a: Toxapex\n|-damage|p1a: Toxapex|84\/100\n|\n|-weather|SunnyDay|[upkeep]\n|-heal|p1a: Toxapex|90\/100|[from] item: Leftovers\n|upkeep\n|turn|29\n|\n|t:|1699751936\n|switch|p2a: Houndoom|Houndoom-Mega, M|1\/100\n|move|p1a: Toxapex|Knock Off|p2a: Houndoom\n|-resisted|p2a: Houndoom\n|-damage|p2a: Houndoom|0 fnt\n|faint|p2a: Houndoom\n|\n|-weather|SunnyDay|[upkeep]\n|-heal|p1a: Toxapex|96\/100|[from] item: Leftovers\n|-sideend|p1: TeamGardevoir123|Reflect\n|upkeep\n|\n|t:|1699751943\n|switch|p2a: Victini|Victini|100\/100\n|turn|30\n|\n|t:|1699751951\n|move|p2a: Victini|V-create|p1a: Toxapex\n|-resisted|p1a: Toxapex\n|-damage|p1a: Toxapex|23\/100\n|-unboost|p2a: Victini|spe|1\n|-unboost|p2a: Victini|def|1\n|-unboost|p2a: Victini|spd|1\n|move|p1a: Toxapex|Scald|p2a: Victini\n|-supereffective|p2a: Victini\n|-damage|p2a: Victini|78\/100\n|\n|-weather|SunnyDay|[upkeep]\n|-heal|p1a: Toxapex|29\/100|[from] item: Leftovers\n|upkeep\n|turn|31\n|\n|t:|1699751964\n|move|p2a: Victini|V-create|p1a: Toxapex\n|-resisted|p1a: Toxapex\n|-damage|p1a: Toxapex|0 fnt\n|-unboost|p2a: Victini|spe|1\n|-unboost|p2a: Victini|def|1\n|-unboost|p2a: Victini|spd|1\n|faint|p1a: Toxapex\n|\n|-weather|SunnyDay|[upkeep]\n|upkeep\n|\n|t:|1699751975\n|switch|p1a: Nella|Lopunny-Mega, F, shiny|100\/100\n|turn|32\n|\n|t:|1699751981\n|switch|p2a: Torkoal|Torkoal, F|45\/100\n|move|p1a: Nella|Frustration|p2a: Torkoal\n|-damage|p2a: Torkoal|10\/100\n|\n|-weather|SunnyDay|[upkeep]\n|-fieldend|move: Psychic Terrain\n|upkeep\n|turn|33\n|\n|t:|1699751991\n|move|p1a: Nella|Frustration|p2a: Torkoal\n|-crit|p2a: Torkoal\n|-damage|p2a: Torkoal|0 fnt\n|faint|p2a: Torkoal\n|\n|-weather|none\n|upkeep\n|\n|t:|1699751998\n|switch|p2a: Tapu Lele|Tapu Lele, shiny|100\/100\n|-fieldstart|move: Psychic Terrain|[from] ability: Psychic Surge|[of] p2a: Tapu Lele\n|turn|34\n|\n|t:|1699752004\n|move|p2a: Tapu Lele|Moonblast|p1a: Nella\n|-supereffective|p1a: Nella\n|-damage|p1a: Nella|0 fnt\n|faint|p1a: Nella\n|\n|upkeep\n|\n|t:|1699752009\n|switch|p1a: Grimmsnarl|Grimmsnarl, M|43\/100\n|turn|35\n|\n|t:|1699752015\n|-terastallize|p1a: Grimmsnarl|Steel\n|move|p1a: Grimmsnarl|Light Screen|p1a: Grimmsnarl\n|-sidestart|p1: TeamGardevoir123|move: Light Screen\n|move|p2a: Tapu Lele|Moonblast|p1a: Grimmsnarl\n|-resisted|p1a: Grimmsnarl\n|-damage|p1a: Grimmsnarl|34\/100\n|\n|upkeep\n|turn|36\n|\n|t:|1699752024\n|switch|p2a: Victini|Victini|78\/100\n|move|p1a: Grimmsnarl|Spirit Break|p2a: Victini\n|-resisted|p2a: Victini\n|-damage|p2a: Victini|63\/100\n|-unboost|p2a: Victini|spa|1\n|\n|upkeep\n|turn|37\n|\n|t:|1699752033\n|move|p1a: Grimmsnarl|Reflect|p1a: Grimmsnarl\n|-sidestart|p1: TeamGardevoir123|Reflect\n|move|p2a: Victini|V-create|p1a: Grimmsnarl\n|-supereffective|p1a: Grimmsnarl\n|-damage|p1a: Grimmsnarl|0 fnt\n|-unboost|p2a: Victini|spe|1\n|-unboost|p2a: Victini|def|1\n|-unboost|p2a: Victini|spd|1\n|faint|p1a: Grimmsnarl\n|\n|win|OnlyPyper\n|c|\u2606OnlyPyper|Gg\n|c|\u2606TeamGardevoir123|Gg\n|l|\u2606TeamGardevoir123\n|l|\u2606OnlyPyper\n|j|\u2606TeamGardevoir123\n|player|p1|TeamGardevoir123|rosa-masters2\n|j|\u2606OnlyPyper\n|player|p2|OnlyPyper|shauntal\n","uploadtime":1699752612,"views":17,"p1id":"teamgardevoir123","p2id":"onlypyper","formatid":"gen9nationaldex","rating":0,"private":0,"password":""}