{"id":"gen9nationaldex-1992624375","p1":"zizhuzhaosheng","p2":"FootsAreMarvelous","format":"[Gen 9] National Dex","log":"|j|\u2606zizhuzhaosheng\n|j|\u2606FootsAreMarvelous\n|t:|1700216555\n|gametype|singles\n|player|p1|zizhuzhaosheng|102|1664\n|player|p2|FootsAreMarvelous|lucy-gen3|1703\n|teamsize|p1|6\n|teamsize|p2|6\n|gen|9\n|tier|[Gen 9] National Dex\n|rated|\n|rule|HP Percentage Mod: HP is shown in percentages\n|rule|Endless Battle Clause: Forcing endless battles is banned\n|rule|OHKO Clause: OHKO moves are banned\n|rule|Evasion Clause: Evasion abilities, items, and moves are banned\n|rule|Evasion Abilities Clause: Evasion abilities are banned\n|rule|Evasion Items Clause: Evasion items are banned\n|rule|Evasion Moves Clause: Evasion moves are banned\n|rule|Species Clause: Limit one of each Pok\u00e9mon\n|rule|Sleep Clause Mod: Limit one foe put to sleep\n|clearpoke\n|poke|p1|Diancie|\n|poke|p1|Sneasler, M|\n|poke|p1|Rillaboom, M|\n|poke|p1|Zamazenta-*|\n|poke|p1|Dragonite, F|\n|poke|p1|Victini|\n|poke|p2|Grimmsnarl, M|\n|poke|p2|Iron Hands|\n|poke|p2|Gyarados, M|\n|poke|p2|Cresselia, F|\n|poke|p2|Ursaluna, F|\n|poke|p2|Iron Valiant|\n|teampreview\n|\n|t:|1700216566\n|start\n|switch|p1a: Diancie|Diancie|100\/100\n|switch|p2a: SUS TERA DNB VOTER|Grimmsnarl, M, shiny|100\/100\n|turn|1\n|\n|t:|1700216570\n|detailschange|p1a: Diancie|Diancie-Mega\n|-mega|p1a: Diancie|Diancie|Diancite\n|move|p2a: SUS TERA DNB VOTER|Light Screen|p2a: SUS TERA DNB VOTER\n|-sidestart|p2: FootsAreMarvelous|move: Light Screen\n|move|p1a: Diancie|Moonblast|p2a: SUS TERA DNB VOTER\n|-supereffective|p2a: SUS TERA DNB VOTER\n|-damage|p2a: SUS TERA DNB VOTER|42\/100\n|\n|upkeep\n|turn|2\n|\n|t:|1700216575\n|move|p2a: SUS TERA DNB VOTER|Reflect|p2a: SUS TERA DNB VOTER\n|-sidestart|p2: FootsAreMarvelous|Reflect\n|move|p1a: Diancie|Stealth Rock|p2a: SUS TERA DNB VOTER\n|-sidestart|p2: FootsAreMarvelous|move: Stealth Rock\n|\n|upkeep\n|turn|3\n|\n|t:|1700216579\n|move|p1a: Diancie|Moonblast|p2a: SUS TERA DNB VOTER\n|-supereffective|p2a: SUS TERA DNB VOTER\n|-crit|p2a: SUS TERA DNB VOTER\n|-damage|p2a: SUS TERA DNB VOTER|0 fnt\n|faint|p2a: SUS TERA DNB VOTER\n|\n|upkeep\n|\n|t:|1700216589\n|switch|p2a: YOGI BOPS|Ursaluna, F|100\/100\n|-damage|p2a: YOGI BOPS|94\/100|[from] Stealth Rock\n|turn|4\n|inactive|Battle timer is ON: inactive players will automatically lose when time's up. (requested by FootsAreMarvelous)\n|\n|t:|1700216607\n|switch|p1a: Dragonite|Dragonite, F|100\/100\n|move|p2a: YOGI BOPS|Headlong Rush|p1a: Dragonite\n|-immune|p1a: Dragonite\n|\n|-status|p2a: YOGI BOPS|brn|[from] item: Flame Orb\n|upkeep\n|turn|5\n|\n|t:|1700216617\n|move|p1a: Dragonite|Curse|p1a: Dragonite\n|-unboost|p1a: Dragonite|spe|1\n|-boost|p1a: Dragonite|atk|1\n|-boost|p1a: Dragonite|def|1\n|move|p2a: YOGI BOPS|Facade|p1a: Dragonite\n|-damage|p1a: Dragonite|64\/100\n|\n|-damage|p2a: YOGI BOPS|88\/100 brn|[from] brn\n|upkeep\n|turn|6\n|\n|t:|1700216622\n|move|p2a: YOGI BOPS|Facade|p1a: Dragonite\n|-damage|p1a: Dragonite|0 fnt\n|faint|p1a: Dragonite\n|\n|-damage|p2a: YOGI BOPS|82\/100 brn|[from] brn\n|upkeep\n|\n|t:|1700216627\n|switch|p1a: Rillaboom|Rillaboom, M|100\/100\n|-fieldstart|move: Grassy Terrain|[from] ability: Grassy Surge|[of] p1a: Rillaboom\n|turn|7\n|j| Nomer16\n|\n|t:|1700216630\n|-terastallize|p2a: YOGI BOPS|Ghost\n|move|p1a: Rillaboom|Wood Hammer|p2a: YOGI BOPS\n|-damage|p2a: YOGI BOPS|30\/100 brn\n|-damage|p1a: Rillaboom|83\/100|[from] Recoil\n|move|p2a: YOGI BOPS|Facade|p1a: Rillaboom\n|-damage|p1a: Rillaboom|0 fnt\n|faint|p1a: Rillaboom\n|\n|-heal|p2a: YOGI BOPS|36\/100 brn|[from] Grassy Terrain\n|-damage|p2a: YOGI BOPS|30\/100 brn|[from] brn\n|upkeep\n|\n|t:|1700216641\n|switch|p1a: Diancie|Diancie-Mega|100\/100\n|turn|8\n|\n|t:|1700216644\n|move|p1a: Diancie|Moonblast|p2a: YOGI BOPS\n|-damage|p2a: YOGI BOPS|7\/100 brn\n|move|p2a: YOGI BOPS|Headlong Rush|p1a: Diancie\n|-supereffective|p1a: Diancie\n|-crit|p1a: Diancie\n|-damage|p1a: Diancie|0 fnt\n|-unboost|p2a: YOGI BOPS|def|1\n|-unboost|p2a: YOGI BOPS|spd|1\n|faint|p1a: Diancie\n|\n|-heal|p2a: YOGI BOPS|13\/100 brn|[from] Grassy Terrain\n|-damage|p2a: YOGI BOPS|7\/100 brn|[from] brn\n|-sideend|p2: FootsAreMarvelous|move: Light Screen\n|upkeep\n|\n|t:|1700216653\n|switch|p1a: Sneasler|Sneasler, M|100\/100\n|-enditem|p1a: Sneasler|Grassy Seed\n|-boost|p1a: Sneasler|def|1|[from] item: Grassy Seed\n|turn|9\n|\n|t:|1700216656\n|move|p1a: Sneasler|Dire Claw|p2a: YOGI BOPS\n|-resisted|p2a: YOGI BOPS\n|-crit|p2a: YOGI BOPS\n|-damage|p2a: YOGI BOPS|0 fnt\n|faint|p2a: YOGI BOPS\n|\n|-sideend|p2: FootsAreMarvelous|Reflect\n|upkeep\n|\n|t:|1700216659\n|switch|p2a: DJ KHALED|Cresselia, F, shiny|100\/100\n|-damage|p2a: DJ KHALED|88\/100|[from] Stealth Rock\n|turn|10\n|\n|t:|1700216674\n|-terastallize|p1a: Sneasler|Electric\n|move|p1a: Sneasler|Swords Dance|p1a: Sneasler\n|-boost|p1a: Sneasler|atk|2\n|move|p2a: DJ KHALED|Calm Mind|p2a: DJ KHALED\n|-boost|p2a: DJ KHALED|spa|1\n|-boost|p2a: DJ KHALED|spd|1\n|\n|upkeep\n|turn|11\n|\n|t:|1700216679\n|move|p1a: Sneasler|Tera Blast|p2a: DJ KHALED|[anim] Tera Blast Electric\n|-damage|p2a: DJ KHALED|41\/100\n|-enditem|p2a: DJ KHALED|Kee Berry|[eat]\n|-boost|p2a: DJ KHALED|def|1|[from] item: Kee Berry\n|move|p2a: DJ KHALED|Calm Mind|p2a: DJ KHALED\n|-boost|p2a: DJ KHALED|spa|1\n|-boost|p2a: DJ KHALED|spd|1\n|\n|-fieldend|move: Grassy Terrain\n|upkeep\n|turn|12\n|\n|t:|1700216686\n|move|p1a: Sneasler|Dire Claw|p2a: DJ KHALED\n|-damage|p2a: DJ KHALED|10\/100\n|-status|p2a: DJ KHALED|par\n|move|p2a: DJ KHALED|Stored Power|p1a: Sneasler\n|-damage|p1a: Sneasler|17\/100\n|\n|upkeep\n|turn|13\n|\n|t:|1700216692\n|move|p1a: Sneasler|Dire Claw|p2a: DJ KHALED\n|-damage|p2a: DJ KHALED|0 fnt\n|faint|p2a: DJ KHALED\n|\n|upkeep\n|\n|t:|1700216696\n|switch|p2a: HANDREW TATE|Iron Hands|100\/100\n|-damage|p2a: HANDREW TATE|94\/100|[from] Stealth Rock\n|turn|14\n|\n|t:|1700216699\n|move|p1a: Sneasler|Close Combat|p2a: HANDREW TATE\n|-damage|p2a: HANDREW TATE|3\/100\n|-unboost|p1a: Sneasler|def|1\n|-unboost|p1a: Sneasler|spd|1\n|move|p2a: HANDREW TATE|Drain Punch|p1a: Sneasler\n|-damage|p1a: Sneasler|0 fnt\n|-heal|p2a: HANDREW TATE|9\/100|[from] drain|[of] p1a: Sneasler\n|faint|p1a: Sneasler\n|\n|upkeep\n|\n|t:|1700216705\n|switch|p1a: Victini|Victini|100\/100\n|turn|15\n|\n|t:|1700216710\n|-zpower|p1a: Victini\n|move|p1a: Victini|Z-Celebrate|p1a: Victini|[anim]Celebrate\n|-boost|p1a: Victini|atk|1|[zeffect]\n|-boost|p1a: Victini|def|1|[zeffect]\n|-boost|p1a: Victini|spa|1|[zeffect]\n|-boost|p1a: Victini|spd|1|[zeffect]\n|-boost|p1a: Victini|spe|1|[zeffect]\n|-activate|p1a: Victini|move: Celebrate\n|move|p2a: HANDREW TATE|Thunder Punch|p1a: Victini\n|-crit|p1a: Victini\n|-damage|p1a: Victini|22\/100\n|\n|upkeep\n|turn|16\n|\n|t:|1700216714\n|move|p1a: Victini|Searing Shot|p2a: HANDREW TATE\n|-damage|p2a: HANDREW TATE|0 fnt\n|faint|p2a: HANDREW TATE\n|-end|p2a: HANDREW TATE|Quark Drive|[silent]\n|\n|upkeep\n|\n|t:|1700216716\n|switch|p2a: GALLADEORADE|Iron Valiant|100\/100\n|-damage|p2a: GALLADEORADE|94\/100|[from] Stealth Rock\n|-enditem|p2a: GALLADEORADE|Booster Energy\n|-activate|p2a: GALLADEORADE|ability: Quark Drive|[fromitem]\n|-start|p2a: GALLADEORADE|quarkdrivespe\n|turn|17\n|\n|t:|1700216719\n|move|p2a: GALLADEORADE|Calm Mind|p2a: GALLADEORADE\n|-boost|p2a: GALLADEORADE|spa|1\n|-boost|p2a: GALLADEORADE|spd|1\n|move|p1a: Victini|Stored Power|p2a: GALLADEORADE\n|-supereffective|p2a: GALLADEORADE\n|-damage|p2a: GALLADEORADE|0 fnt\n|faint|p2a: GALLADEORADE\n|-end|p2a: GALLADEORADE|Quark Drive|[silent]\n|\n|upkeep\n|\n|t:|1700216721\n|switch|p2a: NO BOZOS|Gyarados, M, shiny|100\/100\n|-damage|p2a: NO BOZOS|75\/100|[from] Stealth Rock\n|-ability|p2a: NO BOZOS|Intimidate|boost\n|-unboost|p1a: Victini|atk|1\n|turn|18\n|\n|t:|1700216724\n|detailschange|p2a: NO BOZOS|Gyarados-Mega, M, shiny\n|-mega|p2a: NO BOZOS|Gyarados|Gyaradosite\n|-ability|p2a: NO BOZOS|Mold Breaker\n|move|p1a: Victini|Searing Shot|p2a: NO BOZOS\n|-resisted|p2a: NO BOZOS\n|-damage|p2a: NO BOZOS|48\/100\n|move|p2a: NO BOZOS|Dragon Dance|p2a: NO BOZOS\n|-boost|p2a: NO BOZOS|atk|1\n|-boost|p2a: NO BOZOS|spe|1\n|\n|upkeep\n|turn|19\n|\n|t:|1700216728\n|move|p1a: Victini|Scorching Sands|p2a: NO BOZOS\n|-damage|p2a: NO BOZOS|24\/100\n|move|p2a: NO BOZOS|Waterfall|p1a: Victini\n|-supereffective|p1a: Victini\n|-damage|p1a: Victini|0 fnt\n|faint|p1a: Victini\n|\n|upkeep\n|\n|t:|1700216733\n|switch|p1a: Zamazenta|Zamazenta|100\/100\n|-ability|p1a: Zamazenta|Dauntless Shield|boost\n|-boost|p1a: Zamazenta|def|1\n|turn|20\n|\n|t:|1700216735\n|move|p2a: NO BOZOS|Waterfall|p1a: Zamazenta\n|-damage|p1a: Zamazenta|69\/100\n|move|p1a: Zamazenta|Body Press|p2a: NO BOZOS\n|-supereffective|p2a: NO BOZOS\n|-damage|p2a: NO BOZOS|0 fnt\n|faint|p2a: NO BOZOS\n|\n|win|zizhuzhaosheng\n|raw|zizhuzhaosheng's rating: 1664 &rarr; <strong>1686<\/strong><br \/>(+22 for winning)\n|raw|FootsAreMarvelous's rating: 1703 &rarr; <strong>1681<\/strong><br \/>(-22 for losing)\n|c|\u2606FootsAreMarvelous|gg\n|c|\u2606zizhuzhaosheng|gg\n|l|\u2606FootsAreMarvelous\n","uploadtime":1700216745,"views":4,"p1id":"zizhuzhaosheng","p2id":"footsaremarvelous","formatid":"gen9nationaldex","rating":1681,"private":0,"password":""}