{"id":"gen9nationaldex-1999280080","p1":"Brick_Enjoyer_144","p2":"whenthetheyouknow","format":"[Gen 9] National Dex","log":"|html|<div class=\"broadcast-blue\"><strong>[Gen 9] National Dex is currently suspecting Sneasler! For information on how to participate check out the <a href=\"https:\/\/www.smogon.com\/forums\/threads\/sv-national-dex-suspect-8-just-dance.3731534\/\">suspect thread<\/a>.<\/strong><\/div>\n|j|\u2606Brick_Enjoyer_144\n|j|\u2606whenthetheyouknow\n|t:|1701054430\n|gametype|singles\n|player|p1|Brick_Enjoyer_144|shauntal|\n|player|p2|whenthetheyouknow|nanu|\n|teamsize|p1|6\n|teamsize|p2|6\n|gen|9\n|tier|[Gen 9] National Dex\n|rule|HP Percentage Mod: HP is shown in percentages\n|rule|Endless Battle Clause: Forcing endless battles is banned\n|rule|OHKO Clause: OHKO moves are banned\n|rule|Evasion Clause: Evasion abilities, items, and moves are banned\n|rule|Evasion Abilities Clause: Evasion abilities are banned\n|rule|Evasion Items Clause: Evasion items are banned\n|rule|Evasion Moves Clause: Evasion moves are banned\n|rule|Species Clause: Limit one of each Pok\u00e9mon\n|rule|Sleep Clause Mod: Limit one foe put to sleep\n|clearpoke\n|poke|p1|Banette, F|\n|poke|p1|Ogerpon-Wellspring, F|\n|poke|p1|Lucario, F|\n|poke|p1|Greninja-*, F|\n|poke|p1|Volcarona, F|\n|poke|p1|Hydreigon, F|\n|poke|p2|Ferrothorn, F|\n|poke|p2|Toxapex, F|\n|poke|p2|Hippowdon, F|\n|poke|p2|Garganacl, M|\n|poke|p2|Skarmory, M|\n|poke|p2|Mandibuzz, F|\n|teampreview\n|inactive|Battle timer is ON: inactive players will automatically lose when time's up. (requested by Brick_Enjoyer_144)\n|\n|t:|1701054439\n|start\n|switch|p1a: Lucario|Lucario, F, shiny|100\/100\n|switch|p2a: Hippowdon|Hippowdon, F|100\/100\n|-weather|Sandstorm|[from] ability: Sand Stream|[of] p2a: Hippowdon\n|turn|1\n|\n|t:|1701054449\n|switch|p1a: Hydreigon|Hydreigon, F, shiny|100\/100\n|move|p2a: Hippowdon|Earthquake|p1a: Hydreigon\n|-immune|p1a: Hydreigon|[from] ability: Levitate\n|\n|-weather|Sandstorm|[upkeep]\n|-damage|p1a: Hydreigon|94\/100|[from] Sandstorm\n|upkeep\n|turn|2\n|\n|t:|1701054460\n|move|p1a: Hydreigon|Draco Meteor|p2a: Hippowdon\n|-damage|p2a: Hippowdon|0 fnt\n|-unboost|p1a: Hydreigon|spa|2\n|faint|p2a: Hippowdon\n|\n|-weather|Sandstorm|[upkeep]\n|-damage|p1a: Hydreigon|88\/100|[from] Sandstorm\n|upkeep\n|\n|t:|1701054468\n|switch|p2a: Ferrothorn|Ferrothorn, F|100\/100\n|turn|3\n|\n|t:|1701054474\n|move|p2a: Ferrothorn|Protect|p2a: Ferrothorn\n|-singleturn|p2a: Ferrothorn|Protect\n|move|p1a: Hydreigon|Draco Meteor|p2a: Ferrothorn\n|-activate|p2a: Ferrothorn|move: Protect\n|\n|-weather|Sandstorm|[upkeep]\n|-damage|p1a: Hydreigon|82\/100|[from] Sandstorm\n|upkeep\n|turn|4\n|\n|t:|1701054482\n|move|p1a: Hydreigon|Draco Meteor|p2a: Ferrothorn\n|-resisted|p2a: Ferrothorn\n|-damage|p2a: Ferrothorn|81\/100\n|-unboost|p1a: Hydreigon|spa|2\n|move|p2a: Ferrothorn|Toxic|p1a: Hydreigon\n|-status|p1a: Hydreigon|tox\n|\n|-weather|Sandstorm|[upkeep]\n|-damage|p1a: Hydreigon|76\/100 tox|[from] Sandstorm\n|-damage|p1a: Hydreigon|70\/100 tox|[from] psn\n|upkeep\n|turn|5\n|\n|t:|1701054496\n|switch|p1a: Ogerpon|Ogerpon-Wellspring, F|100\/100\n|move|p2a: Ferrothorn|Toxic|p1a: Ogerpon\n|-status|p1a: Ogerpon|tox\n|\n|-weather|Sandstorm|[upkeep]\n|-damage|p1a: Ogerpon|95\/100 tox|[from] Sandstorm\n|-damage|p1a: Ogerpon|89\/100 tox|[from] psn\n|upkeep\n|turn|6\n|\n|t:|1701054506\n|move|p1a: Ogerpon|Knock Off|p2a: Ferrothorn\n|-damage|p2a: Ferrothorn|59\/100\n|-damage|p1a: Ogerpon|76\/100 tox|[from] ability: Iron Barbs|[of] p2a: Ferrothorn\n|-damage|p1a: Ogerpon|60\/100 tox|[from] item: Rocky Helmet|[of] p2a: Ferrothorn\n|-enditem|p2a: Ferrothorn|Rocky Helmet|[from] move: Knock Off|[of] p1a: Ogerpon\n|move|p2a: Ferrothorn|Spikes|p1a: Ogerpon\n|-sidestart|p1: Brick_Enjoyer_144|Spikes\n|\n|-weather|Sandstorm|[upkeep]\n|-damage|p1a: Ogerpon|54\/100 tox|[from] Sandstorm\n|-damage|p1a: Ogerpon|42\/100 tox|[from] psn\n|upkeep\n|turn|7\n|\n|t:|1701054530\n|move|p1a: Ogerpon|Ivy Cudgel|p2a: Ferrothorn|[anim] Ivy Cudgel Water\n|-resisted|p2a: Ferrothorn\n|-damage|p2a: Ferrothorn|42\/100\n|move|p2a: Ferrothorn|Spikes|p1a: Ogerpon\n|-sidestart|p1: Brick_Enjoyer_144|Spikes\n|\n|-weather|Sandstorm|[upkeep]\n|-damage|p1a: Ogerpon|36\/100 tox|[from] Sandstorm\n|-damage|p1a: Ogerpon|18\/100 tox|[from] psn\n|upkeep\n|turn|8\n|\n|t:|1701054543\n|switch|p1a: Hydreigon|Hydreigon, F, shiny|70\/100 tox\n|move|p2a: Ferrothorn|Spikes|p1a: Hydreigon\n|-sidestart|p1: Brick_Enjoyer_144|Spikes\n|\n|-weather|none\n|-damage|p1a: Hydreigon|64\/100 tox|[from] psn\n|upkeep\n|turn|9\n|\n|t:|1701054553\n|move|p2a: Ferrothorn|Protect|p2a: Ferrothorn\n|-singleturn|p2a: Ferrothorn|Protect\n|move|p1a: Hydreigon|Dark Pulse|p2a: Ferrothorn\n|-activate|p2a: Ferrothorn|move: Protect\n|\n|-damage|p1a: Hydreigon|51\/100 tox|[from] psn\n|upkeep\n|turn|10\n|\n|t:|1701054558\n|switch|p1a: Greninja|Greninja, F, shiny|100\/100\n|-damage|p1a: Greninja|76\/100|[from] Spikes\n|switch|p2a: Mandibuzz|Mandibuzz, F|100\/100\n|\n|upkeep\n|turn|11\n|\n|t:|1701054577\n|switch|p2a: Toxapex|Toxapex, F|100\/100\n|move|p1a: Greninja|Hydro Pump|p2a: Toxapex\n|-start|p1a: Greninja|typechange|Water|[from] ability: Protean\n|-resisted|p2a: Toxapex\n|-damage|p2a: Toxapex|76\/100\n|\n|-heal|p2a: Toxapex|82\/100|[from] item: Black Sludge\n|upkeep\n|turn|12\n|\n|t:|1701054589\n|switch|p1a: Lucario|Lucario, F, shiny|100\/100\n|-damage|p1a: Lucario|76\/100|[from] Spikes\n|move|p2a: Toxapex|Infestation|p1a: Lucario\n|-resisted|p1a: Lucario\n|-damage|p1a: Lucario|75\/100\n|-activate|p1a: Lucario|move: Infestation|[of] p2a: Toxapex\n|\n|-heal|p2a: Toxapex|89\/100|[from] item: Black Sludge\n|-damage|p1a: Lucario|62\/100|[from] move: Infestation|[partiallytrapped]\n|upkeep\n|turn|13\n|\n|t:|1701054602\n|move|p2a: Toxapex|Baneful Bunker|p2a: Toxapex\n|-singleturn|p2a: Toxapex|move: Protect\n|move|p1a: Lucario|Swords Dance|p1a: Lucario\n|-boost|p1a: Lucario|atk|2\n|\n|-heal|p2a: Toxapex|95\/100|[from] item: Black Sludge\n|-damage|p1a: Lucario|50\/100|[from] move: Infestation|[partiallytrapped]\n|upkeep\n|turn|14\n|\n|t:|1701054623\n|switch|p2a: Skarmory|Skarmory, M|100\/100\n|move|p1a: Lucario|Extreme Speed|p2a: Skarmory\n|-resisted|p2a: Skarmory\n|-damage|p2a: Skarmory|75\/100\n|-damage|p1a: Lucario|33\/100|[from] item: Rocky Helmet|[of] p2a: Skarmory\n|-damage|p1a: Lucario|23\/100|[from] item: Life Orb\n|\n|-end|p1a: Lucario|Infestation|[partiallytrapped]|[silent]\n|upkeep\n|turn|15\n|\n|t:|1701054635\n|move|p1a: Lucario|Close Combat|p2a: Skarmory\n|-damage|p2a: Skarmory|0 fnt\n|-unboost|p1a: Lucario|def|1\n|-unboost|p1a: Lucario|spd|1\n|-damage|p1a: Lucario|7\/100|[from] item: Rocky Helmet|[of] p2a: Skarmory\n|faint|p2a: Skarmory\n|-damage|p1a: Lucario|0 fnt|[from] item: Life Orb\n|faint|p1a: Lucario\n|\n|upkeep\n|\n|t:|1701054650\n|switch|p1a: Greninja|Greninja, F, shiny|76\/100\n|switch|p2a: Garganacl|Garganacl, M|100\/100\n|-damage|p1a: Greninja|51\/100|[from] Spikes\n|turn|16\n|\n|t:|1701054658\n|move|p2a: Garganacl|Protect|p2a: Garganacl\n|-singleturn|p2a: Garganacl|Protect\n|move|p1a: Greninja|Dark Pulse|p2a: Garganacl\n|-start|p1a: Greninja|typechange|Dark|[from] ability: Protean\n|-activate|p2a: Garganacl|move: Protect\n|\n|upkeep\n|turn|17\n|\n|t:|1701054665\n|move|p1a: Greninja|Dark Pulse|p2a: Garganacl\n|-damage|p2a: Garganacl|52\/100\n|cant|p2a: Garganacl|flinch\n|\n|-heal|p2a: Garganacl|58\/100|[from] item: Leftovers\n|upkeep\n|turn|18\n|\n|t:|1701054673\n|move|p2a: Garganacl|Protect|p2a: Garganacl\n|-singleturn|p2a: Garganacl|Protect\n|move|p1a: Greninja|Dark Pulse|p2a: Garganacl\n|-activate|p2a: Garganacl|move: Protect\n|\n|-heal|p2a: Garganacl|64\/100|[from] item: Leftovers\n|upkeep\n|turn|19\n|\n|t:|1701054676\n|move|p1a: Greninja|Dark Pulse|p2a: Garganacl\n|-damage|p2a: Garganacl|17\/100\n|move|p2a: Garganacl|Salt Cure|p1a: Greninja\n|-damage|p1a: Greninja|29\/100\n|-start|p1a: Greninja|Salt Cure\n|\n|-heal|p2a: Garganacl|24\/100|[from] item: Leftovers\n|-damage|p1a: Greninja|16\/100|[from] Salt Cure\n|upkeep\n|turn|20\n|\n|t:|1701054691\n|move|p2a: Garganacl|Protect|p2a: Garganacl\n|-singleturn|p2a: Garganacl|Protect\n|move|p1a: Greninja|Dark Pulse|p2a: Garganacl\n|-activate|p2a: Garganacl|move: Protect\n|\n|-heal|p2a: Garganacl|30\/100|[from] item: Leftovers\n|-damage|p1a: Greninja|4\/100|[from] Salt Cure\n|upkeep\n|turn|21\n|\n|t:|1701054697\n|switch|p2a: Mandibuzz|Mandibuzz, F|100\/100\n|move|p1a: Greninja|Dark Pulse|p2a: Mandibuzz\n|-resisted|p2a: Mandibuzz\n|-damage|p2a: Mandibuzz|82\/100\n|\n|-damage|p1a: Greninja|0 fnt|[from] Salt Cure\n|faint|p1a: Greninja\n|upkeep\n|\n|t:|1701054705\n|switch|p1a: Volcarona|Volcarona, F, shiny|100\/100\n|turn|22\n|\n|t:|1701054712\n|move|p1a: Volcarona|Quiver Dance|p1a: Volcarona\n|-boost|p1a: Volcarona|spa|1\n|-boost|p1a: Volcarona|spd|1\n|-boost|p1a: Volcarona|spe|1\n|move|p2a: Mandibuzz|Toxic|p1a: Volcarona\n|-status|p1a: Volcarona|tox\n|\n|-damage|p1a: Volcarona|94\/100 tox|[from] psn\n|upkeep\n|turn|23\n|\n|t:|1701054716\n|switch|p2a: Toxapex|Toxapex, F|100\/100\n|move|p1a: Volcarona|Quiver Dance|p1a: Volcarona\n|-boost|p1a: Volcarona|spa|1\n|-boost|p1a: Volcarona|spd|1\n|-boost|p1a: Volcarona|spe|1\n|\n|-damage|p1a: Volcarona|82\/100 tox|[from] psn\n|upkeep\n|turn|24\n|\n|t:|1701054727\n|move|p1a: Volcarona|Giga Drain|p2a: Toxapex\n|-damage|p2a: Toxapex|66\/100\n|-heal|p1a: Volcarona|99\/100 tox|[from] drain|[of] p2a: Toxapex\n|move|p2a: Toxapex|Haze|p2a: Toxapex\n|-clearallboost\n|\n|-heal|p2a: Toxapex|73\/100|[from] item: Black Sludge\n|-damage|p1a: Volcarona|81\/100 tox|[from] psn\n|upkeep\n|turn|25\n|\n|t:|1701054737\n|switch|p1a: Hydreigon|Hydreigon, F, shiny|51\/100 tox\n|move|p2a: Toxapex|Infestation|p1a: Hydreigon\n|-supereffective|p1a: Hydreigon\n|-damage|p1a: Hydreigon|44\/100 tox\n|-activate|p1a: Hydreigon|move: Infestation|[of] p2a: Toxapex\n|\n|-heal|p2a: Toxapex|79\/100|[from] item: Black Sludge\n|-damage|p1a: Hydreigon|38\/100 tox|[from] psn\n|-damage|p1a: Hydreigon|26\/100 tox|[from] move: Infestation|[partiallytrapped]\n|upkeep\n|turn|26\n|\n|t:|1701054756\n|move|p2a: Toxapex|Baneful Bunker|p2a: Toxapex\n|-singleturn|p2a: Toxapex|move: Protect\n|move|p1a: Hydreigon|Earth Power|p2a: Toxapex\n|-activate|p2a: Toxapex|move: Protect\n|\n|-heal|p2a: Toxapex|85\/100|[from] item: Black Sludge\n|-damage|p1a: Hydreigon|14\/100 tox|[from] psn\n|-damage|p1a: Hydreigon|1\/100 tox|[from] move: Infestation|[partiallytrapped]\n|upkeep\n|turn|27\n|\n|t:|1701054768\n|switch|p2a: Mandibuzz|Mandibuzz, F|82\/100\n|move|p1a: Hydreigon|Earth Power|p2a: Mandibuzz\n|-immune|p2a: Mandibuzz\n|\n|-damage|p1a: Hydreigon|0 fnt|[from] psn\n|faint|p1a: Hydreigon\n|upkeep\n|\n|t:|1701054773\n|switch|p1a: Banette|Banette, F, shiny|100\/100\n|-damage|p1a: Banette|75\/100|[from] Spikes\n|-item|p2a: Mandibuzz|Heavy-Duty Boots|[from] ability: Frisk|[of] p1a: Banette|[identify]\n|turn|28\n|\n|t:|1701054787\n|detailschange|p1a: Banette|Banette-Mega, F, shiny\n|-mega|p1a: Banette|Banette|Banettite\n|move|p1a: Banette|Swords Dance|p1a: Banette\n|-boost|p1a: Banette|atk|2\n|move|p2a: Mandibuzz|Toxic|p1a: Banette\n|-status|p1a: Banette|tox\n|\n|-damage|p1a: Banette|69\/100 tox|[from] psn\n|upkeep\n|turn|29\n|\n|t:|1701054796\n|move|p2a: Mandibuzz|Roost|p2a: Mandibuzz\n|-heal|p2a: Mandibuzz|100\/100\n|-singleturn|p2a: Mandibuzz|move: Roost\n|move|p1a: Banette|Poltergeist|p2a: Mandibuzz\n|-activate|p2a: Mandibuzz|move: Poltergeist|Heavy-Duty Boots\n|-resisted|p2a: Mandibuzz\n|-damage|p2a: Mandibuzz|46\/100\n|\n|-damage|p1a: Banette|57\/100 tox|[from] psn\n|upkeep\n|turn|30\n|\n|t:|1701054804\n|move|p1a: Banette|Swords Dance|p1a: Banette\n|-boost|p1a: Banette|atk|2\n|move|p2a: Mandibuzz|Roost|p2a: Mandibuzz\n|-heal|p2a: Mandibuzz|96\/100\n|-singleturn|p2a: Mandibuzz|move: Roost\n|\n|-damage|p1a: Banette|39\/100 tox|[from] psn\n|upkeep\n|turn|31\n|\n|t:|1701054813\n|switch|p2a: Ferrothorn|Ferrothorn, F|42\/100\n|move|p1a: Banette|Poltergeist||[still]\n|-fail|p1a: Banette\n|\n|-damage|p1a: Banette|15\/100 tox|[from] psn\n|upkeep\n|turn|32\n|\n|t:|1701054825\n|move|p2a: Ferrothorn|Protect|p2a: Ferrothorn\n|-singleturn|p2a: Ferrothorn|Protect\n|move|p1a: Banette|Shadow Sneak|p2a: Ferrothorn\n|-activate|p2a: Ferrothorn|move: Protect\n|\n|-damage|p1a: Banette|0 fnt|[from] psn\n|faint|p1a: Banette\n|upkeep\n|\n|t:|1701054830\n|switch|p1a: Volcarona|Volcarona, F, shiny|81\/100 tox\n|turn|33\n|\n|t:|1701054839\n|move|p1a: Volcarona|Bug Buzz|p2a: Ferrothorn\n|-damage|p2a: Ferrothorn|1\/100\n|move|p2a: Ferrothorn|Leech Seed|p1a: Volcarona\n|-start|p1a: Volcarona|move: Leech Seed\n|\n|-damage|p1a: Volcarona|68\/100 tox|[from] Leech Seed|[of] p2a: Ferrothorn\n|-heal|p2a: Ferrothorn|12\/100|[silent]\n|-damage|p1a: Volcarona|62\/100 tox|[from] psn\n|upkeep\n|turn|34\n|\n|t:|1701054850\n|move|p2a: Ferrothorn|Protect|p2a: Ferrothorn\n|-singleturn|p2a: Ferrothorn|Protect\n|move|p1a: Volcarona|Quiver Dance|p1a: Volcarona\n|-boost|p1a: Volcarona|spa|1\n|-boost|p1a: Volcarona|spd|1\n|-boost|p1a: Volcarona|spe|1\n|\n|-damage|p1a: Volcarona|50\/100 tox|[from] Leech Seed|[of] p2a: Ferrothorn\n|-heal|p2a: Ferrothorn|23\/100|[silent]\n|-damage|p1a: Volcarona|38\/100 tox|[from] psn\n|upkeep\n|turn|35\n|\n|t:|1701054869\n|move|p2a: Ferrothorn|Protect||[still]\n|-fail|p2a: Ferrothorn\n|move|p1a: Volcarona|Bug Buzz|p2a: Ferrothorn\n|-damage|p2a: Ferrothorn|0 fnt\n|faint|p2a: Ferrothorn\n|\n|-damage|p1a: Volcarona|19\/100 tox|[from] psn\n|upkeep\n|\n|t:|1701054877\n|switch|p2a: Toxapex|Toxapex, F|100\/100\n|turn|36\n|\n|t:|1701054881\n|move|p2a: Toxapex|Baneful Bunker|p2a: Toxapex\n|-singleturn|p2a: Toxapex|move: Protect\n|move|p1a: Volcarona|Giga Drain|p2a: Toxapex\n|-activate|p2a: Toxapex|move: Protect\n|\n|-damage|p1a: Volcarona|7\/100 tox|[from] Leech Seed|[of] p2a: Toxapex\n|-damage|p1a: Volcarona|0 fnt|[from] psn\n|faint|p1a: Volcarona\n|upkeep\n|\n|t:|1701054883\n|switch|p1a: Ogerpon|Ogerpon-Wellspring, F|18\/100 tox\n|-damage|p1a: Ogerpon|0 fnt|[from] Spikes\n|faint|p1a: Ogerpon\n|\n|win|whenthetheyouknow\n","uploadtime":1701054912,"views":2,"p1id":"brickenjoyer144","p2id":"whenthetheyouknow","formatid":"gen9nationaldex","rating":0,"private":0,"password":""}