{"id":"gen9nationaldex-1987720818","p1":"shenye","p2":"gluglugmaster9\/11","format":"[Gen 9] National Dex","log":"|j|\u2606shenye\n|j|\u2606gluglugmaster9\/11\n|t:|1699630815\n|gametype|singles\n|player|p1|shenye|266|1086\n|player|p2|gluglugmaster9\/11|101|1046\n|teamsize|p1|6\n|teamsize|p2|6\n|gen|9\n|tier|[Gen 9] National Dex\n|rated|\n|rule|HP Percentage Mod: HP is shown in percentages\n|rule|Endless Battle Clause: Forcing endless battles is banned\n|rule|OHKO Clause: OHKO moves are banned\n|rule|Evasion Clause: Evasion abilities, items, and moves are banned\n|rule|Evasion Abilities Clause: Evasion abilities are banned\n|rule|Evasion Items Clause: Evasion items are banned\n|rule|Evasion Moves Clause: Evasion moves are banned\n|rule|Species Clause: Limit one of each Pok\u00e9mon\n|rule|Sleep Clause Mod: Limit one foe put to sleep\n|clearpoke\n|poke|p1|Gliscor, F|\n|poke|p1|Greninja-*, M|\n|poke|p1|Aegislash, F|\n|poke|p1|Umbreon, F|\n|poke|p1|Sceptile, M|\n|poke|p1|Excadrill, M|\n|poke|p2|Urshifu-*, F|\n|poke|p2|Banette, M|\n|poke|p2|Gliscor, F|\n|poke|p2|Glimmora, F|\n|poke|p2|Ogerpon, F|\n|poke|p2|Heatran, M|\n|teampreview\n|\n|t:|1699630839\n|start\n|switch|p1a: Gliscor|Gliscor, F|100\/100\n|switch|p2a: Glimmora|Glimmora, F|100\/100\n|turn|1\n|\n|t:|1699630852\n|move|p2a: Glimmora|Stealth Rock|p1a: Gliscor\n|-sidestart|p1: shenye|move: Stealth Rock\n|move|p1a: Gliscor|Stealth Rock|p2a: Glimmora\n|-sidestart|p2: gluglugmaster9\/11|move: Stealth Rock\n|\n|-status|p1a: Gliscor|tox|[from] item: Toxic Orb\n|upkeep\n|turn|2\n|\n|t:|1699630863\n|switch|p2a: Banette|Banette, M|100\/100\n|-damage|p2a: Banette|88\/100|[from] Stealth Rock\n|move|p1a: Gliscor|Earthquake|p2a: Banette\n|-damage|p2a: Banette|43\/100\n|\n|upkeep\n|turn|3\n|\n|t:|1699630882\n|detailschange|p2a: Banette|Banette-Mega, M\n|-mega|p2a: Banette|Banette|Banettite\n|move|p2a: Banette|Destiny Bond|p2a: Banette\n|-singlemove|p2a: Banette|Destiny Bond\n|move|p1a: Gliscor|Defog|p2a: Banette\n|-unboost|p2a: Banette|evasion|1\n|-sideend|p2: gluglugmaster9\/11|Stealth Rock|[from] move: Defog|[of] p1a: Gliscor\n|-sideend|p1: shenye|Stealth Rock|[from] move: Defog|[of] p1a: Gliscor\n|\n|upkeep\n|turn|4\n|\n|t:|1699630895\n|move|p2a: Banette|Encore|p1a: Gliscor\n|-start|p1a: Gliscor|Encore\n|move|p1a: Gliscor|Defog|p2a: Banette\n|-unboost|p2a: Banette|evasion|1\n|\n|upkeep\n|turn|5\n|\n|t:|1699630903\n|switch|p1a: Umbreon|Umbreon, F|100\/100\n|switch|p2a: Urshifu|Urshifu-Rapid-Strike, F|100\/100\n|\n|upkeep\n|turn|6\n|\n|t:|1699630916\n|switch|p1a: Gliscor|Gliscor, F|100\/100 tox\n|move|p2a: Urshifu|Close Combat|p1a: Gliscor\n|-resisted|p1a: Gliscor\n|-damage|p1a: Gliscor|74\/100 tox\n|-unboost|p2a: Urshifu|def|1\n|-unboost|p2a: Urshifu|spd|1\n|\n|-heal|p1a: Gliscor|87\/100 tox|[from] ability: Poison Heal\n|upkeep\n|turn|7\n|\n|t:|1699630928\n|switch|p2a: Glimmora|Glimmora, F|100\/100\n|move|p1a: Gliscor|Earthquake|p2a: Glimmora\n|-supereffective|p2a: Glimmora\n|-enditem|p2a: Glimmora|Focus Sash\n|-damage|p2a: Glimmora|1\/100\n|-activate|p2a: Glimmora|ability: Toxic Debris\n|-sidestart|p1: shenye|move: Toxic Spikes\n|\n|-heal|p1a: Gliscor|99\/100 tox|[from] ability: Poison Heal\n|upkeep\n|turn|8\n|\n|t:|1699630942\n|move|p2a: Glimmora|Energy Ball|p1a: Gliscor\n|-damage|p1a: Gliscor|73\/100 tox\n|move|p1a: Gliscor|Stealth Rock|p2a: Glimmora\n|-sidestart|p2: gluglugmaster9\/11|move: Stealth Rock\n|\n|-heal|p1a: Gliscor|85\/100 tox|[from] ability: Poison Heal\n|upkeep\n|turn|9\n|\n|t:|1699630950\n|move|p2a: Glimmora|Stealth Rock|p1a: Gliscor\n|-sidestart|p1: shenye|move: Stealth Rock\n|move|p1a: Gliscor|Earthquake|p2a: Glimmora\n|-supereffective|p2a: Glimmora\n|-damage|p2a: Glimmora|0 fnt\n|-activate|p2a: Glimmora|ability: Toxic Debris\n|-sidestart|p1: shenye|move: Toxic Spikes\n|faint|p2a: Glimmora\n|\n|-heal|p1a: Gliscor|97\/100 tox|[from] ability: Poison Heal\n|upkeep\n|\n|t:|1699630970\n|switch|p2a: Urshifu|Urshifu-Rapid-Strike, F|100\/100\n|-damage|p2a: Urshifu|94\/100|[from] Stealth Rock\n|turn|10\n|\n|t:|1699630975\n|move|p2a: Urshifu|Surging Strikes|p1a: Gliscor\n|-supereffective|p1a: Gliscor\n|-crit|p1a: Gliscor\n|-damage|p1a: Gliscor|60\/100 tox\n|-supereffective|p1a: Gliscor\n|-crit|p1a: Gliscor\n|-damage|p1a: Gliscor|22\/100 tox\n|-supereffective|p1a: Gliscor\n|-crit|p1a: Gliscor\n|-damage|p1a: Gliscor|0 fnt\n|faint|p1a: Gliscor\n|-hitcount|p1: Gliscor|3\n|\n|upkeep\n|\n|t:|1699630984\n|switch|p1a: Sceptile|Sceptile, M|100\/100\n|-status|p1a: Sceptile|tox\n|-damage|p1a: Sceptile|88\/100 tox|[from] Stealth Rock\n|turn|11\n|\n|t:|1699631002\n|switch|p2a: Heatran|Heatran, M|100\/100\n|-damage|p2a: Heatran|88\/100|[from] Stealth Rock\n|detailschange|p1a: Sceptile|Sceptile-Mega, M\n|-mega|p1a: Sceptile|Sceptile|Sceptilite\n|move|p1a: Sceptile|Leaf Storm|p2a: Heatran\n|-resisted|p2a: Heatran\n|-damage|p2a: Heatran|76\/100\n|-unboost|p1a: Sceptile|spa|2\n|\n|-heal|p2a: Heatran|82\/100|[from] item: Leftovers\n|-damage|p1a: Sceptile|82\/100 tox|[from] psn\n|upkeep\n|turn|12\n|\n|t:|1699631025\n|switch|p1a: Greninja|Greninja, M|100\/100\n|-status|p1a: Greninja|tox\n|-damage|p1a: Greninja|88\/100 tox|[from] Stealth Rock\n|move|p2a: Heatran|Magma Storm|p1a: Greninja\n|-resisted|p1a: Greninja\n|-damage|p1a: Greninja|55\/100 tox\n|-activate|p1a: Greninja|move: Magma Storm|[of] p2a: Heatran\n|\n|-heal|p2a: Heatran|88\/100|[from] item: Leftovers\n|-damage|p1a: Greninja|49\/100 tox|[from] psn\n|-damage|p1a: Greninja|36\/100 tox|[from] move: Magma Storm|[partiallytrapped]\n|upkeep\n|turn|13\n|\n|t:|1699631048\n|switch|p2a: Gliscor|Gliscor, F|100\/100\n|-damage|p2a: Gliscor|88\/100|[from] Stealth Rock\n|-terastallize|p1a: Greninja|Water\n|move|p1a: Greninja|Hydro Pump|p2a: Gliscor\n|-supereffective|p2a: Gliscor\n|-damage|p2a: Gliscor|0 fnt\n|faint|p2a: Gliscor\n|-ability|p1a: Greninja|Battle Bond|boost\n|-boost|p1a: Greninja|atk|1\n|-boost|p1a: Greninja|spa|1\n|-boost|p1a: Greninja|spe|1\n|-activate|p1a: Greninja|ability: Battle Bond\n|\n|-damage|p1a: Greninja|24\/100 tox|[from] psn\n|-end|p1a: Greninja|Magma Storm|[partiallytrapped]|[silent]\n|upkeep\n|\n|t:|1699631063\n|switch|p2a: Banette|Banette-Mega, M|43\/100\n|-damage|p2a: Banette|31\/100|[from] Stealth Rock\n|turn|14\n|\n|t:|1699631069\n|move|p2a: Banette|Destiny Bond|p2a: Banette\n|-singlemove|p2a: Banette|Destiny Bond\n|move|p1a: Greninja|Hydro Pump|p2a: Banette\n|-damage|p2a: Banette|0 fnt\n|faint|p2a: Banette\n|-activate|p2a: Banette|move: Destiny Bond\n|faint|p1a: Greninja\n|\n|upkeep\n|\n|t:|1699631081\n|switch|p1a: Excadrill|Excadrill, M|100\/100\n|switch|p2a: Heatran|Heatran, M|88\/100\n|-damage|p1a: Excadrill|97\/100|[from] Stealth Rock\n|-ability|p1a: Excadrill|Mold Breaker\n|-damage|p2a: Heatran|76\/100|[from] Stealth Rock\n|turn|15\n|\n|t:|1699631091\n|move|p1a: Excadrill|Rapid Spin|p2a: Heatran\n|-resisted|p2a: Heatran\n|-damage|p2a: Heatran|69\/100\n|-boost|p1a: Excadrill|spe|1\n|-sideend|p1: shenye|Toxic Spikes|[from] move: Rapid Spin|[of] p1a: Excadrill\n|-sideend|p1: shenye|Stealth Rock|[from] move: Rapid Spin|[of] p1a: Excadrill\n|move|p2a: Heatran|Magma Storm|p1a: Excadrill|[miss]\n|-miss|p2a: Heatran|p1a: Excadrill\n|\n|-heal|p2a: Heatran|76\/100|[from] item: Leftovers\n|upkeep\n|turn|16\n|\n|t:|1699631103\n|move|p1a: Excadrill|Earthquake|p2a: Heatran\n|-supereffective|p2a: Heatran\n|-damage|p2a: Heatran|0 fnt\n|faint|p2a: Heatran\n|\n|upkeep\n|\n|t:|1699631108\n|switch|p2a: Urshifu|Urshifu-Rapid-Strike, F|94\/100\n|-damage|p2a: Urshifu|88\/100|[from] Stealth Rock\n|turn|17\n|\n|t:|1699631118\n|move|p2a: Urshifu|Surging Strikes|p1a: Excadrill\n|-supereffective|p1a: Excadrill\n|-crit|p1a: Excadrill\n|-damage|p1a: Excadrill|55\/100\n|-supereffective|p1a: Excadrill\n|-crit|p1a: Excadrill\n|-damage|p1a: Excadrill|10\/100\n|-supereffective|p1a: Excadrill\n|-crit|p1a: Excadrill\n|-damage|p1a: Excadrill|0 fnt\n|faint|p1a: Excadrill\n|-hitcount|p1: Excadrill|3\n|\n|upkeep\n|\n|t:|1699631133\n|switch|p1a: Sceptile|Sceptile-Mega, M|82\/100 tox\n|turn|18\n|inactive|Battle timer is ON: inactive players will automatically lose when time's up. (requested by shenye)\n|\n|t:|1699631175\n|-terastallize|p2a: Urshifu|Fighting\n|move|p1a: Sceptile|Leaf Storm|p2a: Urshifu\n|-damage|p2a: Urshifu|0 fnt\n|-unboost|p1a: Sceptile|spa|2\n|faint|p2a: Urshifu\n|\n|-damage|p1a: Sceptile|76\/100 tox|[from] psn\n|upkeep\n|\n|t:|1699631182\n|switch|p2a: Ogerpon|Ogerpon, F|100\/100\n|-damage|p2a: Ogerpon|88\/100|[from] Stealth Rock\n|turn|19\n|-message|gluglugmaster9\/11 forfeited.\n|\n|win|shenye\n|raw|shenye's rating: 1086 &rarr; <strong>1110<\/strong><br \/>(+24 for winning)\n|raw|gluglugmaster9&#x2f;11's rating: 1046 &rarr; <strong>1031<\/strong><br \/>(-15 for losing)\n|l|\u2606gluglugmaster9\/11\n","uploadtime":1699631192,"views":4,"p1id":"shenye","p2id":"gluglugmaster911","formatid":"gen9nationaldex","rating":1031,"private":0,"password":""}