{"id":"gen9nationaldex-1988821584","p1":"TrainerStorma","p2":"jiangzhi","format":"[Gen 9] National Dex","log":"|j|\u2606TrainerStorma\n|j|\u2606jiangzhi\n|t:|1699768250\n|gametype|singles\n|player|p1|TrainerStorma|bellelba|1342\n|player|p2|jiangzhi|170|1337\n|teamsize|p1|6\n|teamsize|p2|6\n|gen|9\n|tier|[Gen 9] National Dex\n|rated|\n|rule|HP Percentage Mod: HP is shown in percentages\n|rule|Endless Battle Clause: Forcing endless battles is banned\n|rule|OHKO Clause: OHKO moves are banned\n|rule|Evasion Clause: Evasion abilities, items, and moves are banned\n|rule|Evasion Abilities Clause: Evasion abilities are banned\n|rule|Evasion Items Clause: Evasion items are banned\n|rule|Evasion Moves Clause: Evasion moves are banned\n|rule|Species Clause: Limit one of each Pok\u00e9mon\n|rule|Sleep Clause Mod: Limit one foe put to sleep\n|clearpoke\n|poke|p1|Swampert, M|\n|poke|p1|Zapdos|\n|poke|p1|Serperior, M|\n|poke|p1|Tyranitar, M|\n|poke|p1|Pelipper, F|\n|poke|p1|Ninetales-Alola, F|\n|poke|p2|Mew|\n|poke|p2|Flamigo, M|\n|poke|p2|Enamorus, F|\n|poke|p2|Slowking, F|\n|poke|p2|Alomomola, F|\n|poke|p2|Diancie|\n|teampreview\n|inactive|Battle timer is ON: inactive players will automatically lose when time's up. (requested by TrainerStorma)\n|\n|t:|1699768263\n|start\n|switch|p1a: Serperior|Serperior, M|100\/100\n|switch|p2a: Diancie|Diancie|100\/100\n|turn|1\n|\n|t:|1699768278\n|switch|p2a: Flamigo|Flamigo, M|100\/100\n|move|p1a: Serperior|Leaf Storm|p2a: Flamigo\n|-resisted|p2a: Flamigo\n|-damage|p2a: Flamigo|61\/100\n|-boost|p1a: Serperior|spa|2\n|\n|upkeep\n|turn|2\n|\n|t:|1699768286\n|switch|p1a: Ninetales|Ninetales-Alola, F|100\/100\n|-weather|Snow|[from] ability: Snow Warning|[of] p1a: Ninetales\n|move|p2a: Flamigo|Brave Bird|p1a: Ninetales\n|-damage|p1a: Ninetales|61\/100\n|-damage|p2a: Flamigo|48\/100|[from] Recoil\n|\n|-weather|Snow|[upkeep]\n|upkeep\n|turn|3\n|\n|t:|1699768297\n|switch|p2a: Diancie|Diancie|100\/100\n|move|p1a: Ninetales|Aurora Veil|p1a: Ninetales\n|-sidestart|p1: TrainerStorma|move: Aurora Veil\n|\n|-weather|Snow|[upkeep]\n|upkeep\n|turn|4\n|\n|t:|1699768302\n|switch|p1a: Serperior|Serperior, M|100\/100\n|detailschange|p2a: Diancie|Diancie-Mega\n|-mega|p2a: Diancie|Diancie|Diancite\n|move|p2a: Diancie|Substitute|p2a: Diancie\n|-start|p2a: Diancie|Substitute\n|-damage|p2a: Diancie|76\/100\n|\n|-weather|Snow|[upkeep]\n|upkeep\n|turn|5\n|\n|t:|1699768308\n|move|p1a: Serperior|Leaf Storm|p2a: Diancie\n|-supereffective|p2a: Diancie\n|-end|p2a: Diancie|Substitute\n|-boost|p1a: Serperior|spa|2\n|move|p2a: Diancie|Diamond Storm|p1a: Serperior\n|-damage|p1a: Serperior|71\/100\n|\n|-weather|Snow|[upkeep]\n|upkeep\n|turn|6\n|\n|t:|1699768316\n|move|p1a: Serperior|Leaf Storm|p2a: Diancie\n|-supereffective|p2a: Diancie\n|-damage|p2a: Diancie|0 fnt\n|-boost|p1a: Serperior|spa|2\n|faint|p2a: Diancie\n|\n|-weather|none\n|upkeep\n|\n|t:|1699768319\n|switch|p2a: Flamigo|Flamigo, M|48\/100\n|turn|7\n|\n|t:|1699768326\n|move|p2a: Flamigo|Brave Bird|p1a: Serperior\n|-supereffective|p1a: Serperior\n|-damage|p1a: Serperior|4\/100\n|-damage|p2a: Flamigo|27\/100|[from] Recoil\n|move|p1a: Serperior|Dragon Pulse|p2a: Flamigo\n|-damage|p2a: Flamigo|0 fnt\n|faint|p2a: Flamigo\n|\n|upkeep\n|-message|jiangzhi forfeited.\n|\n|win|TrainerStorma\n|raw|TrainerStorma's rating: 1342 &rarr; <strong>1362<\/strong><br \/>(+20 for winning)\n|raw|jiangzhi's rating: 1337 &rarr; <strong>1317<\/strong><br \/>(-20 for losing)\n|l|\u2606jiangzhi\n","uploadtime":1699768342,"views":4,"p1id":"trainerstorma","p2id":"jiangzhi","formatid":"gen9nationaldex","rating":1317,"private":0,"password":""}