{"id":"gen9nationaldex-1998297017","p1":"Elsombrio14","p2":"yeyuhhh","format":"[Gen 9] National Dex","log":"|html|<div class=\"broadcast-blue\"><strong>[Gen 9] National Dex is currently suspecting Sneasler! For information on how to participate check out the <a href=\"https:\/\/www.smogon.com\/forums\/threads\/sv-national-dex-suspect-8-just-dance.3731534\/\">suspect thread<\/a>.<\/strong><\/div>\n|j|\u2606Elsombrio14\n|j|\u2606yeyuhhh\n|t:|1700926215\n|gametype|singles\n|player|p1|Elsombrio14|170|1072\n|player|p2|yeyuhhh|102|1000\n|teamsize|p1|6\n|teamsize|p2|6\n|gen|9\n|tier|[Gen 9] National Dex\n|rated|\n|rule|HP Percentage Mod: HP is shown in percentages\n|rule|Endless Battle Clause: Forcing endless battles is banned\n|rule|OHKO Clause: OHKO moves are banned\n|rule|Evasion Clause: Evasion abilities, items, and moves are banned\n|rule|Evasion Abilities Clause: Evasion abilities are banned\n|rule|Evasion Items Clause: Evasion items are banned\n|rule|Evasion Moves Clause: Evasion moves are banned\n|rule|Species Clause: Limit one of each Pok\u00e9mon\n|rule|Sleep Clause Mod: Limit one foe put to sleep\n|clearpoke\n|poke|p1|Metagross|\n|poke|p1|Chesnaught, F|\n|poke|p1|Aggron, M|\n|poke|p1|Azumarill, F|\n|poke|p1|Blaziken, M|\n|poke|p1|Heliolisk, M|\n|poke|p2|Overqwil, M|\n|poke|p2|Zoroark-Hisui, M|\n|poke|p2|Whiscash, M|\n|poke|p2|Tauros-Paldea-Blaze, M|\n|poke|p2|Rotom-Frost|\n|poke|p2|Corviknight, F|\n|teampreview\n|\n|t:|1700926224\n|start\n|switch|p1a: Chesnaught|Chesnaught, F|100\/100\n|switch|p2a: Snowski|Rotom-Frost, shiny|100\/100\n|turn|1\n|\n|t:|1700926235\n|move|p2a: Snowski|Blizzard|p1a: Chesnaught|[miss]\n|-miss|p2a: Snowski|p1a: Chesnaught\n|move|p1a: Chesnaught|Bulk Up|p1a: Chesnaught\n|-boost|p1a: Chesnaught|atk|1\n|-boost|p1a: Chesnaught|def|1\n|\n|upkeep\n|turn|2\n|\n|t:|1700926244\n|move|p2a: Snowski|Blizzard|p1a: Chesnaught\n|-supereffective|p1a: Chesnaught\n|-damage|p1a: Chesnaught|0 fnt\n|faint|p1a: Chesnaught\n|\n|upkeep\n|\n|t:|1700926257\n|switch|p1a: Blaziken|Blaziken, M|100\/100\n|turn|3\n|\n|t:|1700926273\n|switch|p2a: Scornus|Tauros-Paldea-Blaze, M, shiny|100\/100\n|-ability|p2a: Scornus|Intimidate|boost\n|-unboost|p1a: Blaziken|atk|1\n|move|p1a: Blaziken|Fire Blast|p2a: Scornus|[miss]\n|-miss|p1a: Blaziken|p2a: Scornus\n|\n|-ability|p1a: Blaziken|Speed Boost|boost\n|-boost|p1a: Blaziken|spe|1\n|upkeep\n|turn|4\n|\n|t:|1700926288\n|move|p2a: Scornus|Earthquake|p1a: Blaziken\n|-supereffective|p1a: Blaziken\n|-damage|p1a: Blaziken|0 fnt\n|faint|p1a: Blaziken\n|\n|upkeep\n|\n|t:|1700926298\n|switch|p1a: Azumarill|Azumarill, F|100\/100\n|turn|5\n|\n|t:|1700926303\n|-terastallize|p2a: Scornus|Grass\n|move|p1a: Azumarill|Aqua Jet|p2a: Scornus\n|-resisted|p2a: Scornus\n|-damage|p2a: Scornus|86\/100\n|move|p2a: Scornus|Earthquake|p1a: Azumarill\n|-damage|p1a: Azumarill|65\/100\n|\n|upkeep\n|turn|6\n|\n|t:|1700926312\n|move|p2a: Scornus|Earthquake|p1a: Azumarill\n|-crit|p1a: Azumarill\n|-damage|p1a: Azumarill|9\/100\n|-enditem|p1a: Azumarill|Sitrus Berry|[eat]\n|-heal|p1a: Azumarill|34\/100|[from] item: Sitrus Berry\n|move|p1a: Azumarill|Ice Punch|p2a: Scornus\n|-supereffective|p2a: Scornus\n|-damage|p2a: Scornus|15\/100\n|\n|upkeep\n|turn|7\n|\n|t:|1700926323\n|move|p1a: Azumarill|Aqua Jet|p2a: Scornus\n|-resisted|p2a: Scornus\n|-damage|p2a: Scornus|0 fnt\n|faint|p2a: Scornus\n|\n|upkeep\n|\n|t:|1700926341\n|switch|p2a: Dracula|Overqwil, M|100\/100\n|turn|8\n|\n|t:|1700926348\n|move|p2a: Dracula|Night Shade|p1a: Azumarill\n|-damage|p1a: Azumarill|6\/100\n|move|p1a: Azumarill|Play Rough|p2a: Dracula\n|-damage|p2a: Dracula|0 fnt\n|replace|p2a: Zorg|Zoroark-Hisui, M, shiny\n|-end|p2a: Zorg|Illusion\n|faint|p2a: Zorg\n|\n|upkeep\n|\n|t:|1700926359\n|switch|p2a: Morgue|Corviknight, F, shiny|100\/100\n|turn|9\n|\n|t:|1700926365\n|-terastallize|p1a: Azumarill|Water\n|move|p1a: Azumarill|Aqua Jet|p2a: Morgue\n|-damage|p2a: Morgue|67\/100\n|move|p2a: Morgue|Iron Head|p1a: Azumarill\n|-resisted|p1a: Azumarill\n|-crit|p1a: Azumarill\n|-damage|p1a: Azumarill|0 fnt\n|faint|p1a: Azumarill\n|\n|upkeep\n|\n|t:|1700926379\n|switch|p1a: Heliolisk|Heliolisk, M|100\/100\n|turn|10\n|\n|t:|1700926389\n|switch|p2a: Pond|Whiscash, M, shiny|100\/100\n|move|p1a: Heliolisk|Thunderbolt|p2a: Pond\n|-immune|p2a: Pond\n|\n|upkeep\n|turn|11\n|\n|t:|1700926400\n|switch|p1a: Aggron|Aggron, M|100\/100\n|move|p2a: Pond|Earthquake|p1a: Aggron\n|-supereffective|p1a: Aggron\n|-ability|p1a: Aggron|Sturdy\n|-damage|p1a: Aggron|1\/100\n|\n|upkeep\n|turn|12\n|\n|t:|1700926413\n|detailschange|p1a: Aggron|Aggron-Mega, M\n|-mega|p1a: Aggron|Aggron|Aggronite\n|move|p2a: Pond|Earthquake|p1a: Aggron\n|-supereffective|p1a: Aggron\n|-damage|p1a: Aggron|0 fnt\n|faint|p1a: Aggron\n|\n|upkeep\n|\n|t:|1700926421\n|switch|p1a: Metagross|Metagross|100\/100\n|turn|13\n|\n|t:|1700926426\n|move|p2a: Pond|Earthquake|p1a: Metagross\n|-supereffective|p1a: Metagross\n|-damage|p1a: Metagross|42\/100\n|move|p1a: Metagross|Psycho Cut|p2a: Pond\n|-crit|p2a: Pond\n|-damage|p2a: Pond|30\/100\n|\n|-heal|p1a: Metagross|48\/100|[from] item: Leftovers\n|upkeep\n|turn|14\n|\n|t:|1700926438\n|switch|p2a: Morgue|Corviknight, F, shiny|67\/100\n|move|p1a: Metagross|Psycho Cut|p2a: Morgue\n|-resisted|p2a: Morgue\n|-damage|p2a: Morgue|50\/100\n|\n|-heal|p1a: Metagross|54\/100|[from] item: Leftovers\n|upkeep\n|turn|15\n|\n|t:|1700926450\n|move|p2a: Morgue|Brave Bird|p1a: Metagross\n|-resisted|p1a: Metagross\n|-damage|p1a: Metagross|35\/100\n|-damage|p2a: Morgue|44\/100|[from] Recoil\n|move|p1a: Metagross|Thunder Punch|p2a: Morgue\n|-supereffective|p2a: Morgue\n|-damage|p2a: Morgue|0 fnt\n|faint|p2a: Morgue\n|\n|-heal|p1a: Metagross|42\/100|[from] item: Leftovers\n|upkeep\n|\n|t:|1700926462\n|switch|p2a: Snowski|Rotom-Frost, shiny|100\/100\n|turn|16\n|\n|t:|1700926466\n|move|p1a: Metagross|Bullet Punch|p2a: Snowski\n|-damage|p2a: Snowski|72\/100\n|move|p2a: Snowski|Thunderbolt|p1a: Metagross\n|-damage|p1a: Metagross|0 fnt\n|faint|p1a: Metagross\n|\n|upkeep\n|\n|t:|1700926475\n|switch|p1a: Heliolisk|Heliolisk, M|100\/100\n|turn|17\n|\n|t:|1700926481\n|move|p2a: Snowski|Thunderbolt|p1a: Heliolisk\n|-resisted|p1a: Heliolisk\n|-damage|p1a: Heliolisk|70\/100\n|move|p1a: Heliolisk|Surf|p2a: Snowski\n|-damage|p2a: Snowski|14\/100\n|\n|upkeep\n|turn|18\n|\n|t:|1700926490\n|move|p2a: Snowski|Thunderbolt|p1a: Heliolisk\n|-resisted|p1a: Heliolisk\n|-damage|p1a: Heliolisk|39\/100\n|move|p1a: Heliolisk|Surf|p2a: Snowski\n|-damage|p2a: Snowski|0 fnt\n|faint|p2a: Snowski\n|\n|upkeep\n|\n|t:|1700926500\n|switch|p2a: Dracula|Overqwil, M|100\/100\n|-ability|p2a: Dracula|Intimidate|boost\n|-unboost|p1a: Heliolisk|atk|1\n|turn|19\n|\n|t:|1700926507\n|move|p2a: Dracula|Poison Jab|p1a: Heliolisk\n|-damage|p1a: Heliolisk|0 fnt\n|faint|p1a: Heliolisk\n|\n|win|yeyuhhh\n|raw|Elsombrio14's rating: 1072 &rarr; <strong>1047<\/strong><br \/>(-25 for losing)\n|raw|yeyuhhh's rating: 1000 &rarr; <strong>1048<\/strong><br \/>(+48 for winning)\n|l|\u2606Elsombrio14\n","uploadtime":1700926513,"views":0,"p1id":"elsombrio14","p2id":"yeyuhhh","formatid":"gen9nationaldex","rating":1047,"private":0,"password":""}