{"id":"gen9nationaldex-1988160868","p1":"Assault Lady","p2":"Homixide00","format":"[Gen 9] National Dex","log":"|j|\u2606Assault Lady\n|j|\u2606Homixide00\n|t:|1699677520\n|gametype|singles\n|player|p1|Assault Lady|klara|1033\n|player|p2|Homixide00|roxie|1138\n|teamsize|p1|6\n|teamsize|p2|6\n|gen|9\n|tier|[Gen 9] National Dex\n|rated|\n|rule|HP Percentage Mod: HP is shown in percentages\n|rule|Endless Battle Clause: Forcing endless battles is banned\n|rule|OHKO Clause: OHKO moves are banned\n|rule|Evasion Clause: Evasion abilities, items, and moves are banned\n|rule|Evasion Abilities Clause: Evasion abilities are banned\n|rule|Evasion Items Clause: Evasion items are banned\n|rule|Evasion Moves Clause: Evasion moves are banned\n|rule|Species Clause: Limit one of each Pok\u00e9mon\n|rule|Sleep Clause Mod: Limit one foe put to sleep\n|clearpoke\n|poke|p1|Pikachu, F|\n|poke|p1|Venusaur, F|\n|poke|p1|Charizard, F|\n|poke|p1|Blastoise, F|\n|poke|p1|Espeon, F|\n|poke|p1|Snorlax, F|\n|poke|p2|Typhlosion, F|\n|poke|p2|Torkoal, M|\n|poke|p2|Charizard, M|\n|poke|p2|Lilligant-Hisui, F|\n|poke|p2|Ninetales, M|\n|poke|p2|Roserade, M|\n|teampreview\n|inactive|Battle timer is ON: inactive players will automatically lose when time's up. (requested by Homixide00)\n|inactive|Assault Lady also wants the timer to be on.\n|\n|t:|1699677534\n|start\n|switch|p1a: Lust|Pikachu, F|100\/100\n|switch|p2a: Lilligant|Lilligant-Hisui, F|100\/100\n|turn|1\n|\n|t:|1699677545\n|-terastallize|p1a: Lust|Normal\n|move|p1a: Lust|Fake Out|p2a: Lilligant\n|-damage|p2a: Lilligant|56\/100\n|cant|p2a: Lilligant|flinch\n|\n|upkeep\n|turn|2\n|\n|t:|1699677551\n|switch|p2a: Torkoal|Torkoal, M|100\/100\n|-weather|SunnyDay|[from] ability: Drought|[of] p2a: Torkoal\n|move|p1a: Lust|Extreme Speed|p2a: Torkoal\n|-damage|p2a: Torkoal|66\/100\n|\n|-weather|SunnyDay|[upkeep]\n|upkeep\n|turn|3\n|\n|t:|1699677560\n|move|p1a: Lust|Volt Tackle|p2a: Torkoal\n|-damage|p2a: Torkoal|12\/100\n|-damage|p1a: Lust|72\/100|[from] Recoil\n|move|p2a: Torkoal|Stealth Rock|p1a: Lust\n|-sidestart|p1: Assault Lady|move: Stealth Rock\n|\n|-weather|SunnyDay|[upkeep]\n|upkeep\n|turn|4\n|inactive|Assault Lady has 120 seconds left.\n|inactive|Assault Lady has 90 seconds left.\n|\n|t:|1699677629\n|switch|p1a: Pride|Blastoise, F|100\/100\n|-damage|p1a: Pride|88\/100|[from] Stealth Rock\n|move|p2a: Torkoal|Explosion|p1a: Pride\n|-damage|p1a: Pride|54\/100\n|faint|p2a: Torkoal\n|\n|-weather|SunnyDay|[upkeep]\n|-heal|p1a: Pride|60\/100|[from] item: Leftovers\n|upkeep\n|\n|t:|1699677633\n|switch|p2a: Lilligant|Lilligant-Hisui, F|56\/100\n|turn|5\n|inactive|Assault Lady has 90 seconds left.\n|\n|t:|1699677657\n|move|p2a: Lilligant|Axe Kick|p1a: Pride\n|-damage|p1a: Pride|0 fnt\n|faint|p1a: Pride\n|\n|-weather|SunnyDay|[upkeep]\n|upkeep\n|\n|t:|1699677663\n|switch|p1a: Lust|Pikachu, F, tera:Normal|72\/100\n|-damage|p1a: Lust|59\/100|[from] Stealth Rock\n|turn|6\n|\n|t:|1699677677\n|switch|p2a: Ninetales|Ninetales, M|100\/100\n|move|p1a: Lust|Extreme Speed|p2a: Ninetales\n|-damage|p2a: Ninetales|46\/100\n|\n|-weather|SunnyDay|[upkeep]\n|-heal|p2a: Ninetales|53\/100|[from] item: Leftovers\n|upkeep\n|turn|7\n|\n|t:|1699677684\n|move|p1a: Lust|Extreme Speed|p2a: Ninetales\n|-damage|p2a: Ninetales|3\/100\n|move|p2a: Ninetales|Encore|p1a: Lust\n|-start|p1a: Lust|Encore\n|\n|-weather|SunnyDay|[upkeep]\n|-heal|p2a: Ninetales|10\/100|[from] item: Leftovers\n|upkeep\n|turn|8\n|\n|t:|1699677691\n|move|p1a: Lust|Extreme Speed|p2a: Ninetales\n|-damage|p2a: Ninetales|0 fnt\n|faint|p2a: Ninetales\n|\n|-weather|SunnyDay|[upkeep]\n|upkeep\n|\n|t:|1699677701\n|switch|p2a: Typhlosion|Typhlosion, F|100\/100\n|turn|9\n|\n|t:|1699677707\n|switch|p1a: Sloth|Snorlax, F|100\/100\n|-damage|p1a: Sloth|88\/100|[from] Stealth Rock\n|-terastallize|p2a: Typhlosion|Fire\n|move|p2a: Typhlosion|Burn Up|p1a: Sloth\n|-damage|p1a: Sloth|31\/100\n|-start|p2a: Typhlosion|typechange|Fire|[from] move: Burn Up\n|\n|-weather|none\n|-heal|p1a: Sloth|37\/100|[from] item: Leftovers\n|upkeep\n|turn|10\n|\n|t:|1699677717\n|move|p2a: Typhlosion|Burn Up|p1a: Sloth\n|-damage|p1a: Sloth|0 fnt\n|-start|p2a: Typhlosion|typechange|Fire|[from] move: Burn Up\n|faint|p1a: Sloth\n|\n|upkeep\n|\n|t:|1699677723\n|switch|p1a: Lust|Pikachu, F, tera:Normal|59\/100\n|-damage|p1a: Lust|47\/100|[from] Stealth Rock\n|turn|11\n|\n|t:|1699677749\n|switch|p2a: Lilligant|Lilligant-Hisui, F|56\/100\n|move|p1a: Lust|Fake Out|p2a: Lilligant\n|-damage|p2a: Lilligant|16\/100\n|\n|upkeep\n|turn|12\n|\n|t:|1699677755\n|move|p1a: Lust|Extreme Speed|p2a: Lilligant\n|-damage|p2a: Lilligant|0 fnt\n|faint|p2a: Lilligant\n|\n|upkeep\n|\n|t:|1699677757\n|switch|p2a: Charizard|Charizard, M|100\/100\n|turn|13\n|\n|t:|1699677762\n|switch|p1a: Wrath|Charizard, F|100\/100\n|-damage|p1a: Wrath|51\/100|[from] Stealth Rock\n|detailschange|p2a: Charizard|Charizard-Mega-Y, M\n|-mega|p2a: Charizard|Charizard|Charizardite Y\n|-weather|SunnyDay|[from] ability: Drought|[of] p2a: Charizard\n|move|p2a: Charizard|Will-O-Wisp|p1a: Wrath\n|-immune|p1a: Wrath\n|\n|-weather|SunnyDay|[upkeep]\n|upkeep\n|turn|14\n|\n|t:|1699677785\n|detailschange|p1a: Wrath|Charizard-Mega-Y, F\n|-mega|p1a: Wrath|Charizard|Charizardite Y\n|move|p1a: Wrath|Overheat|p2a: Charizard\n|-resisted|p2a: Charizard\n|-damage|p2a: Charizard|56\/100\n|-unboost|p1a: Wrath|spa|2\n|move|p2a: Charizard|Tailwind|p2a: Charizard\n|-sidestart|p2: Homixide00|move: Tailwind\n|\n|-weather|SunnyDay|[upkeep]\n|upkeep\n|turn|15\n|\n|t:|1699677798\n|switch|p1a: Greed|Venusaur, F|100\/100\n|-damage|p1a: Greed|88\/100|[from] Stealth Rock\n|move|p2a: Charizard|Air Slash|p1a: Greed\n|-supereffective|p1a: Greed\n|-damage|p1a: Greed|15\/100\n|\n|-weather|SunnyDay|[upkeep]\n|upkeep\n|turn|16\n|\n|t:|1699677816\n|move|p2a: Charizard|Heat Wave|p1a: Greed\n|-supereffective|p1a: Greed\n|-damage|p1a: Greed|0 fnt\n|faint|p1a: Greed\n|\n|-weather|SunnyDay|[upkeep]\n|upkeep\n|\n|t:|1699677821\n|switch|p1a: Lust|Pikachu, F, tera:Normal|47\/100\n|-damage|p1a: Lust|35\/100|[from] Stealth Rock\n|turn|17\n|\n|t:|1699677846\n|move|p1a: Lust|Fake Out|p2a: Charizard\n|-damage|p2a: Charizard|22\/100\n|cant|p2a: Charizard|flinch\n|\n|-weather|none\n|-sideend|p2: Homixide00|move: Tailwind\n|upkeep\n|turn|18\n|\n|t:|1699677852\n|move|p1a: Lust|Extreme Speed|p2a: Charizard\n|-damage|p2a: Charizard|0 fnt\n|faint|p2a: Charizard\n|\n|upkeep\n|\n|t:|1699677854\n|switch|p2a: Typhlosion|Typhlosion, F, tera:Fire|100\/100\n|turn|19\n|\n|t:|1699677859\n|switch|p1a: Wrath|Charizard-Mega-Y, F|51\/100\n|-damage|p1a: Wrath|1\/100|[from] Stealth Rock\n|-weather|SunnyDay|[from] ability: Drought|[of] p1a: Wrath\n|move|p2a: Typhlosion|Burn Up|p1a: Wrath\n|-resisted|p1a: Wrath\n|-damage|p1a: Wrath|0 fnt\n|-start|p2a: Typhlosion|typechange|Fire|[from] move: Burn Up\n|faint|p1a: Wrath\n|\n|-weather|SunnyDay|[upkeep]\n|upkeep\n|\n|t:|1699677869\n|switch|p1a: Lust|Pikachu, F, tera:Normal|35\/100\n|-damage|p1a: Lust|23\/100|[from] Stealth Rock\n|turn|20\n|\n|t:|1699677873\n|switch|p2a: Roserade|Roserade, M|100\/100\n|move|p1a: Lust|Fake Out|p2a: Roserade\n|-damage|p2a: Roserade|51\/100\n|\n|-weather|SunnyDay|[upkeep]\n|upkeep\n|turn|21\n|\n|t:|1699677880\n|move|p1a: Lust|Extreme Speed|p2a: Roserade\n|-damage|p2a: Roserade|0 fnt\n|faint|p2a: Roserade\n|\n|-weather|SunnyDay|[upkeep]\n|upkeep\n|\n|t:|1699677882\n|switch|p2a: Typhlosion|Typhlosion, F, tera:Fire|100\/100\n|turn|22\n|\n|t:|1699677887\n|switch|p1a: Envy|Espeon, F|100\/100\n|-damage|p1a: Envy|88\/100|[from] Stealth Rock\n|move|p2a: Typhlosion|Burn Up|p1a: Envy\n|-damage|p1a: Envy|0 fnt\n|-start|p2a: Typhlosion|typechange|Fire|[from] move: Burn Up\n|faint|p1a: Envy\n|\n|-weather|SunnyDay|[upkeep]\n|upkeep\n|\n|t:|1699677896\n|switch|p1a: Lust|Pikachu, F, tera:Normal|23\/100\n|-damage|p1a: Lust|10\/100|[from] Stealth Rock\n|turn|23\n|\n|t:|1699677900\n|move|p1a: Lust|Fake Out|p2a: Typhlosion\n|-damage|p2a: Typhlosion|65\/100\n|cant|p2a: Typhlosion|flinch\n|\n|-weather|none\n|upkeep\n|turn|24\n|\n|t:|1699677906\n|move|p1a: Lust|Extreme Speed|p2a: Typhlosion\n|-damage|p2a: Typhlosion|0 fnt\n|faint|p2a: Typhlosion\n|\n|win|Assault Lady\n|raw|Assault Lady's rating: 1033 &rarr; <strong>1078<\/strong><br \/>(+45 for winning)\n|raw|Homixide00's rating: 1138 &rarr; <strong>1106<\/strong><br \/>(-32 for losing)\n|c|\u2606Homixide00|Gg\n|c|\u2606Homixide00|really good match\n","uploadtime":1699677934,"views":5,"p1id":"assaultlady","p2id":"homixide00","formatid":"gen9nationaldex","rating":1078,"private":0,"password":""}