{"id":"gen9nationaldex-2000240923","p1":"hcff","p2":"BROWHATDIDYOUSAY","format":"[Gen 9] National Dex","log":"|html|<div class=\"broadcast-blue\"><strong>[Gen 9] National Dex is currently suspecting Sneasler! For information on how to participate check out the <a href=\"https:\/\/www.smogon.com\/forums\/threads\/sv-national-dex-suspect-8-just-dance.3731534\/\">suspect thread<\/a>.<\/strong><\/div>\n|j|\u2606hcff\n|j|\u2606BROWHATDIDYOUSAY\n|t:|1701176456\n|gametype|singles\n|player|p1|hcff|ingo|1355\n|player|p2|BROWHATDIDYOUSAY|2|1250\n|teamsize|p1|6\n|teamsize|p2|6\n|gen|9\n|tier|[Gen 9] National Dex\n|rated|\n|rule|HP Percentage Mod: HP is shown in percentages\n|rule|Endless Battle Clause: Forcing endless battles is banned\n|rule|OHKO Clause: OHKO moves are banned\n|rule|Evasion Clause: Evasion abilities, items, and moves are banned\n|rule|Evasion Abilities Clause: Evasion abilities are banned\n|rule|Evasion Items Clause: Evasion items are banned\n|rule|Evasion Moves Clause: Evasion moves are banned\n|rule|Species Clause: Limit one of each Pok\u00e9mon\n|rule|Sleep Clause Mod: Limit one foe put to sleep\n|clearpoke\n|poke|p1|Latias, F|\n|poke|p1|Salamence, M|\n|poke|p1|Heatran, F|\n|poke|p1|Hatterene, F|\n|poke|p1|Ogerpon-Wellspring, F|\n|poke|p1|Kartana|\n|poke|p2|Tyranitar, M|\n|poke|p2|Skeledirge, M|\n|poke|p2|Slowking-Galar, M|\n|poke|p2|Kommo-o, M|\n|poke|p2|Clodsire, F|\n|poke|p2|Gliscor, M|\n|teampreview\n|inactive|Battle timer is ON: inactive players will automatically lose when time's up. (requested by hcff)\n|\n|t:|1701176484\n|start\n|switch|p1a: Hatterene|Hatterene, F|100\/100\n|switch|p2a: Tyranitar|Tyranitar, M|100\/100\n|-weather|Sandstorm|[from] ability: Sand Stream|[of] p2a: Tyranitar\n|turn|1\n|\n|t:|1701176492\n|move|p2a: Tyranitar|Knock Off|p1a: Hatterene\n|-damage|p1a: Hatterene|54\/100\n|-enditem|p1a: Hatterene|Covert Cloak|[from] move: Knock Off|[of] p2a: Tyranitar\n|move|p1a: Hatterene|Calm Mind|p1a: Hatterene\n|-boost|p1a: Hatterene|spa|1\n|-boost|p1a: Hatterene|spd|1\n|\n|-weather|Sandstorm|[upkeep]\n|-damage|p1a: Hatterene|48\/100|[from] Sandstorm\n|upkeep\n|turn|2\n|\n|t:|1701176503\n|move|p2a: Tyranitar|Stealth Rock|p1a: Hatterene\n|move|p1a: Hatterene|Stealth Rock|p2a: Tyranitar|[from]ability: Magic Bounce\n|-sidestart|p2: BROWHATDIDYOUSAY|move: Stealth Rock\n|move|p1a: Hatterene|Draining Kiss|p2a: Tyranitar\n|-supereffective|p2a: Tyranitar\n|-damage|p2a: Tyranitar|62\/100\n|-heal|p1a: Hatterene|85\/100|[from] drain|[of] p2a: Tyranitar\n|\n|-weather|Sandstorm|[upkeep]\n|-damage|p1a: Hatterene|79\/100|[from] Sandstorm\n|-heal|p2a: Tyranitar|68\/100|[from] item: Leftovers\n|upkeep\n|turn|3\n|\n|t:|1701176520\n|switch|p2a: Clodsire|Clodsire, F|100\/100\n|-damage|p2a: Clodsire|94\/100|[from] Stealth Rock\n|move|p1a: Hatterene|Calm Mind|p1a: Hatterene\n|-boost|p1a: Hatterene|spa|1\n|-boost|p1a: Hatterene|spd|1\n|\n|-weather|Sandstorm|[upkeep]\n|-damage|p1a: Hatterene|73\/100|[from] Sandstorm\n|-heal|p2a: Clodsire|100\/100|[from] item: Leftovers\n|upkeep\n|turn|4\n|\n|t:|1701176532\n|move|p2a: Clodsire|Yawn|p1a: Hatterene\n|move|p1a: Hatterene|Yawn|p2a: Clodsire|[from]ability: Magic Bounce\n|-start|p2a: Clodsire|move: Yawn|[of] p1a: Hatterene\n|move|p1a: Hatterene|Psyshock|p2a: Clodsire\n|-supereffective|p2a: Clodsire\n|-damage|p2a: Clodsire|25\/100\n|\n|-weather|Sandstorm|[upkeep]\n|-damage|p1a: Hatterene|67\/100|[from] Sandstorm\n|-heal|p2a: Clodsire|32\/100|[from] item: Leftovers\n|upkeep\n|turn|5\n|\n|t:|1701176547\n|switch|p2a: Slowking|Slowking-Galar, M|100\/100\n|-damage|p2a: Slowking|88\/100|[from] Stealth Rock\n|move|p1a: Hatterene|Draining Kiss|p2a: Slowking\n|-resisted|p2a: Slowking\n|-damage|p2a: Slowking|73\/100\n|-heal|p1a: Hatterene|81\/100|[from] drain|[of] p2a: Slowking\n|\n|-weather|none\n|-heal|p2a: Slowking|79\/100|[from] item: Leftovers\n|upkeep\n|turn|6\n|\n|t:|1701176560\n|move|p2a: Slowking|Sludge Wave|p1a: Hatterene\n|-supereffective|p1a: Hatterene\n|-damage|p1a: Hatterene|46\/100\n|move|p1a: Hatterene|Psyshock|p2a: Slowking\n|-damage|p2a: Slowking|8\/100\n|\n|-heal|p2a: Slowking|14\/100|[from] item: Leftovers\n|upkeep\n|turn|7\n|\n|t:|1701176582\n|-terastallize|p1a: Hatterene|Water\n|move|p2a: Slowking|Sludge Wave|p1a: Hatterene\n|-damage|p1a: Hatterene|28\/100\n|move|p1a: Hatterene|Psyshock|p2a: Slowking\n|-damage|p2a: Slowking|0 fnt\n|faint|p2a: Slowking\n|\n|upkeep\n|\n|t:|1701176595\n|switch|p2a: Skeledirge|Skeledirge, M|100\/100\n|-damage|p2a: Skeledirge|76\/100|[from] Stealth Rock\n|turn|8\n|\n|t:|1701176611\n|switch|p1a: Heatran|Heatran, F|100\/100\n|-terastallize|p2a: Skeledirge|Fire\n|move|p2a: Skeledirge|Flamethrower|p1a: Heatran\n|-start|p1a: Heatran|ability: Flash Fire\n|\n|upkeep\n|turn|9\n|\n|t:|1701176620\n|move|p1a: Heatran|Magma Storm|p2a: Skeledirge|[miss]\n|-miss|p1a: Heatran|p2a: Skeledirge\n|move|p2a: Skeledirge|Earth Power|p1a: Heatran\n|-supereffective|p1a: Heatran\n|-damage|p1a: Heatran|0 fnt\n|faint|p1a: Heatran\n|-damage|p2a: Skeledirge|66\/100|[from] item: Life Orb\n|\n|upkeep\n|\n|t:|1701176637\n|switch|p1a: Ogerpon|Ogerpon-Wellspring, F|100\/100\n|turn|10\n|\n|t:|1701176645\n|switch|p2a: Clodsire|Clodsire, F|32\/100\n|-damage|p2a: Clodsire|25\/100|[from] Stealth Rock\n|move|p1a: Ogerpon|Ivy Cudgel|p2a: Clodsire|[anim] Ivy Cudgel Water\n|-supereffective|p2a: Clodsire\n|-damage|p2a: Clodsire|0 fnt\n|faint|p2a: Clodsire\n|\n|upkeep\n|\n|t:|1701176666\n|switch|p2a: Tyranitar|Tyranitar, M|68\/100\n|-damage|p2a: Tyranitar|56\/100|[from] Stealth Rock\n|-weather|Sandstorm|[from] ability: Sand Stream|[of] p2a: Tyranitar\n|turn|11\n|\n|t:|1701176674\n|move|p1a: Ogerpon|Swords Dance|p1a: Ogerpon\n|-boost|p1a: Ogerpon|atk|2\n|move|p2a: Tyranitar|Stealth Rock|p1a: Ogerpon\n|-sidestart|p1: hcff|move: Stealth Rock\n|\n|-weather|Sandstorm|[upkeep]\n|-damage|p1a: Ogerpon|95\/100|[from] Sandstorm\n|-heal|p2a: Tyranitar|62\/100|[from] item: Leftovers\n|upkeep\n|turn|12\n|\n|t:|1701176684\n|move|p1a: Ogerpon|Horn Leech|p2a: Tyranitar\n|-supereffective|p2a: Tyranitar\n|-damage|p2a: Tyranitar|0 fnt\n|-heal|p1a: Ogerpon|100\/100|[from] drain|[of] p2a: Tyranitar\n|faint|p2a: Tyranitar\n|\n|-weather|Sandstorm|[upkeep]\n|-damage|p1a: Ogerpon|95\/100|[from] Sandstorm\n|upkeep\n|\n|t:|1701176693\n|switch|p2a: Skeledirge|Skeledirge, M, tera:Fire|66\/100\n|-damage|p2a: Skeledirge|41\/100|[from] Stealth Rock\n|turn|13\n|\n|t:|1701176700\n|move|p1a: Ogerpon|Ivy Cudgel|p2a: Skeledirge|[anim] Ivy Cudgel Water\n|-supereffective|p2a: Skeledirge\n|-damage|p2a: Skeledirge|0 fnt\n|faint|p2a: Skeledirge\n|\n|-weather|Sandstorm|[upkeep]\n|-damage|p1a: Ogerpon|89\/100|[from] Sandstorm\n|upkeep\n|\n|t:|1701176709\n|switch|p2a: Kommo-o|Kommo-o, M|100\/100\n|-damage|p2a: Kommo-o|94\/100|[from] Stealth Rock\n|turn|14\n|\n|t:|1701176714\n|move|p1a: Ogerpon|Ivy Cudgel|p2a: Kommo-o|[anim] Ivy Cudgel Water\n|-resisted|p2a: Kommo-o\n|-damage|p2a: Kommo-o|37\/100\n|-zpower|p2a: Kommo-o\n|move|p2a: Kommo-o|Clangorous Soulblaze|p1a: Ogerpon|[zeffect]\n|-damage|p1a: Ogerpon|14\/100\n|-boost|p2a: Kommo-o|atk|1\n|-boost|p2a: Kommo-o|def|1\n|-boost|p2a: Kommo-o|spa|1\n|-boost|p2a: Kommo-o|spd|1\n|-boost|p2a: Kommo-o|spe|1\n|\n|-weather|Sandstorm|[upkeep]\n|-damage|p2a: Kommo-o|31\/100|[from] Sandstorm\n|-damage|p1a: Ogerpon|8\/100|[from] Sandstorm\n|upkeep\n|turn|15\n|\n|t:|1701176732\n|move|p2a: Kommo-o|Drain Punch|p1a: Ogerpon\n|-damage|p1a: Ogerpon|0 fnt\n|-heal|p2a: Kommo-o|35\/100|[from] drain|[of] p1a: Ogerpon\n|faint|p1a: Ogerpon\n|\n|-weather|none\n|upkeep\n|\n|t:|1701176735\n|switch|p1a: Kartana|Kartana|100\/100\n|-damage|p1a: Kartana|94\/100|[from] Stealth Rock\n|turn|16\n|\n|t:|1701176745\n|move|p1a: Kartana|Sacred Sword|p2a: Kommo-o\n|-damage|p2a: Kommo-o|0 fnt\n|faint|p2a: Kommo-o\n|-ability|p1a: Kartana|Beast Boost|boost\n|-boost|p1a: Kartana|atk|1\n|\n|upkeep\n|-message|BROWHATDIDYOUSAY forfeited.\n|\n|win|hcff\n|raw|hcff's rating: 1355 &rarr; <strong>1369<\/strong><br \/>(+14 for winning)\n|raw|BROWHATDIDYOUSAY's rating: 1250 &rarr; <strong>1232<\/strong><br \/>(-18 for losing)\n|l|\u2606BROWHATDIDYOUSAY\n|l|\u2606hcff\n|j|\u2606hcff\n|player|p1|hcff|ingo\n","uploadtime":1701176763,"views":3,"p1id":"hcff","p2id":"browhatdidyousay","formatid":"gen9nationaldex","rating":1232,"private":0,"password":""}