{"id":"gen9nationaldex-1993928267","p1":"xikeso","p2":"Kirito2410","format":"[Gen 9] National Dex","log":"|j|\u2606xikeso\n|j|\u2606Kirito2410\n|t:|1700377030\n|gametype|singles\n|player|p1|xikeso|iono|1442\n|player|p2|Kirito2410|265|1577\n|teamsize|p1|6\n|teamsize|p2|6\n|gen|9\n|tier|[Gen 9] National Dex\n|rated|\n|rule|HP Percentage Mod: HP is shown in percentages\n|rule|Endless Battle Clause: Forcing endless battles is banned\n|rule|OHKO Clause: OHKO moves are banned\n|rule|Evasion Clause: Evasion abilities, items, and moves are banned\n|rule|Evasion Abilities Clause: Evasion abilities are banned\n|rule|Evasion Items Clause: Evasion items are banned\n|rule|Evasion Moves Clause: Evasion moves are banned\n|rule|Species Clause: Limit one of each Pok\u00e9mon\n|rule|Sleep Clause Mod: Limit one foe put to sleep\n|clearpoke\n|poke|p1|Meowscarada, M|\n|poke|p1|Moltres|\n|poke|p1|Skeledirge, M|\n|poke|p1|Glimmora, F|\n|poke|p1|Charizard, F|\n|poke|p1|Ceruledge, F|\n|poke|p2|Zapdos-Galar|\n|poke|p2|Slowbro-Galar, M|\n|poke|p2|Kyurem|\n|poke|p2|Aegislash, M|\n|poke|p2|Cinderace, F|\n|poke|p2|Golem-Alola, F|\n|teampreview\n|inactive|Battle timer is ON: inactive players will automatically lose when time's up. (requested by xikeso)\n|\n|t:|1700377059\n|start\n|switch|p1a: Meowscarada|Meowscarada, M|100\/100\n|switch|p2a: Aegislash|Aegislash, M|100\/100\n|turn|1\n|\n|t:|1700377076\n|move|p1a: Meowscarada|U-turn|p2a: Aegislash\n|-start|p1a: Meowscarada|typechange|Bug|[from] ability: Protean\n|-resisted|p2a: Aegislash\n|-damage|p2a: Aegislash|94\/100\n|\n|t:|1700377094\n|switch|p1a: Charizard|Charizard, F|100\/100|[from] U-turn\n|-formechange|p2a: Aegislash|Aegislash-Blade||[from] ability: Stance Change\n|move|p2a: Aegislash|Flash Cannon|p1a: Charizard\n|-resisted|p1a: Charizard\n|-damage|p1a: Charizard|69\/100\n|\n|-heal|p2a: Aegislash|99\/100|[from] item: Leftovers\n|upkeep\n|turn|2\n|inactive|xikeso has 120 seconds left.\n|\n|t:|1700377123\n|switch|p2a: Cinderace|Cinderace, F, shiny|100\/100\n|detailschange|p1a: Charizard|Charizard-Mega-Y, F\n|-mega|p1a: Charizard|Charizard|Charizardite Y\n|-weather|SunnyDay|[from] ability: Drought|[of] p1a: Charizard\n|move|p1a: Charizard|Roost|p1a: Charizard\n|-heal|p1a: Charizard|100\/100\n|-singleturn|p1a: Charizard|move: Roost\n|\n|-weather|SunnyDay|[upkeep]\n|upkeep\n|turn|3\n|inactive|xikeso has 120 seconds left.\n|\n|t:|1700377138\n|move|p2a: Cinderace|Pyro Ball|p1a: Charizard\n|-resisted|p1a: Charizard\n|-damage|p1a: Charizard|35\/100\n|move|p1a: Charizard|Weather Ball|p2a: Cinderace\n|-resisted|p2a: Cinderace\n|-damage|p2a: Cinderace|34\/100\n|\n|-weather|SunnyDay|[upkeep]\n|upkeep\n|turn|4\n|inactive|xikeso has 120 seconds left.\n|\n|t:|1700377164\n|switch|p1a: Glimmora|Glimmora, F|100\/100\n|move|p2a: Cinderace|Pyro Ball|p1a: Glimmora\n|-resisted|p1a: Glimmora\n|-crit|p1a: Glimmora\n|-damage|p1a: Glimmora|23\/100\n|-activate|p1a: Glimmora|ability: Toxic Debris\n|-sidestart|p2: Kirito2410|move: Toxic Spikes\n|\n|-weather|SunnyDay|[upkeep]\n|upkeep\n|turn|5\n|\n|t:|1700377181\n|move|p2a: Cinderace|Pyro Ball|p1a: Glimmora\n|-resisted|p1a: Glimmora\n|-damage|p1a: Glimmora|0 fnt\n|-activate|p1a: Glimmora|ability: Toxic Debris\n|-sidestart|p2: Kirito2410|move: Toxic Spikes\n|faint|p1a: Glimmora\n|\n|-weather|SunnyDay|[upkeep]\n|upkeep\n|inactive|xikeso has 90 seconds left.\n|\n|t:|1700377197\n|switch|p1a: Ceruledge|Ceruledge, F|100\/100\n|turn|6\n|inactive|xikeso has 90 seconds left.\n|\n|t:|1700377204\n|move|p2a: Cinderace|Court Change|p2a: Cinderace\n|-start|p2a: Cinderace|typechange|Normal|[from] ability: Libero\n|-swapsideconditions\n|-activate|p2a: Cinderace|move: Court Change\n|move|p1a: Ceruledge|Swords Dance|p1a: Ceruledge\n|-boost|p1a: Ceruledge|atk|2\n|\n|-weather|none\n|upkeep\n|turn|7\n|inactive|xikeso has 90 seconds left.\n|\n|t:|1700377221\n|move|p2a: Cinderace|U-turn|p1a: Ceruledge\n|-resisted|p1a: Ceruledge\n|-damage|p1a: Ceruledge|92\/100\n|-ability|p1a: Ceruledge|Weak Armor|boost\n|-unboost|p1a: Ceruledge|def|1\n|-boost|p1a: Ceruledge|spe|2\n|\n|t:|1700377230\n|switch|p2a: Golem|Golem-Alola, F|100\/100|[from] U-turn\n|move|p1a: Ceruledge|Poltergeist|p2a: Golem\n|-activate|p2a: Golem|move: Poltergeist|Focus Sash\n|-damage|p2a: Golem|24\/100\n|\n|upkeep\n|turn|8\n|inactive|xikeso has 90 seconds left.\n|\n|t:|1700377246\n|move|p1a: Ceruledge|Close Combat|p2a: Golem\n|-supereffective|p2a: Golem\n|-damage|p2a: Golem|0 fnt\n|-unboost|p1a: Ceruledge|def|1\n|-unboost|p1a: Ceruledge|spd|1\n|faint|p2a: Golem\n|\n|upkeep\n|\n|t:|1700377254\n|switch|p2a: Zapdos|Zapdos-Galar|100\/100\n|turn|9\n|\n|t:|1700377262\n|-terastallize|p1a: Ceruledge|Ghost\n|move|p1a: Ceruledge|Poltergeist|p2a: Zapdos\n|-activate|p2a: Zapdos|move: Poltergeist|Choice Scarf\n|-damage|p2a: Zapdos|0 fnt\n|faint|p2a: Zapdos\n|\n|upkeep\n|-message|Kirito2410 forfeited.\n|\n|win|xikeso\n|raw|xikeso's rating: 1442 &rarr; <strong>1469<\/strong><br \/>(+27 for winning)\n|raw|Kirito2410's rating: 1577 &rarr; <strong>1550<\/strong><br \/>(-27 for losing)\n|l|\u2606Kirito2410\n","uploadtime":1700377278,"views":17,"p1id":"xikeso","p2id":"kirito2410","formatid":"gen9nationaldex","rating":1469,"private":0,"password":""}