{"id":"gen9nationaldex-1992864402","p1":"pinkylarue","p2":"Ajhanham","format":"[Gen 9] National Dex","log":"|j|\u2606pinkylarue\n|j|\u2606Ajhanham\n|t:|1700242074\n|gametype|singles\n|player|p1|pinkylarue|265|\n|player|p2|Ajhanham|janitor|\n|teamsize|p1|6\n|teamsize|p2|6\n|gen|9\n|tier|[Gen 9] National Dex\n|rule|HP Percentage Mod: HP is shown in percentages\n|rule|Endless Battle Clause: Forcing endless battles is banned\n|rule|OHKO Clause: OHKO moves are banned\n|rule|Evasion Clause: Evasion abilities, items, and moves are banned\n|rule|Evasion Abilities Clause: Evasion abilities are banned\n|rule|Evasion Items Clause: Evasion items are banned\n|rule|Evasion Moves Clause: Evasion moves are banned\n|rule|Species Clause: Limit one of each Pok\u00e9mon\n|rule|Sleep Clause Mod: Limit one foe put to sleep\n|clearpoke\n|poke|p1|Machoke, F|\n|poke|p1|Golbat, F|\n|poke|p1|Sandslash, M|\n|poke|p1|Cacturne, F|\n|poke|p1|Arbok, F|\n|poke|p1|Jynx, F|\n|poke|p2|Sandslash, F|\n|poke|p2|Lopunny, F|\n|poke|p2|Pidgeot, M|\n|poke|p2|Cacturne, F|\n|poke|p2|Banette, F|\n|poke|p2|Dragonair, M|\n|teampreview\n|\n|t:|1700242083\n|start\n|switch|p1a: Cacturne|Cacturne, F, shiny|100\/100\n|switch|p2a: Sandslash|Sandslash, F|100\/100\n|turn|1\n|\n|t:|1700242098\n|move|p2a: Sandslash|X-Scissor|p1a: Cacturne\n|-supereffective|p1a: Cacturne\n|-damage|p1a: Cacturne|0 fnt\n|faint|p1a: Cacturne\n|\n|upkeep\n|\n|t:|1700242108\n|switch|p1a: Jynx|Jynx, F|100\/100\n|turn|2\n|\n|t:|1700242121\n|move|p1a: Jynx|Lovely Kiss|p2a: Sandslash\n|-status|p2a: Sandslash|slp|[from] move: Lovely Kiss\n|cant|p2a: Sandslash|slp\n|\n|upkeep\n|turn|3\n|j| ll-kid\n|\n|t:|1700242134\n|switch|p1a: Sandslash|Sandslash, M|100\/100\n|cant|p2a: Sandslash|slp\n|\n|upkeep\n|turn|4\n|\n|t:|1700242142\n|move|p1a: Sandslash|Swords Dance|p1a: Sandslash\n|-boost|p1a: Sandslash|atk|2\n|-curestatus|p2a: Sandslash|slp|[msg]\n|move|p2a: Sandslash|Stealth Rock|p1a: Sandslash\n|-sidestart|p1: pinkylarue|move: Stealth Rock\n|\n|upkeep\n|turn|5\n|\n|t:|1700242152\n|move|p1a: Sandslash|Swords Dance|p1a: Sandslash\n|-boost|p1a: Sandslash|atk|2\n|move|p2a: Sandslash|Earthquake|p1a: Sandslash\n|-damage|p1a: Sandslash|63\/100\n|\n|upkeep\n|turn|6\n|\n|t:|1700242169\n|move|p1a: Sandslash|Leech Life|p2a: Sandslash\n|-damage|p2a: Sandslash|17\/100\n|-heal|p1a: Sandslash|100\/100|[from] drain|[of] p2a: Sandslash\n|-damage|p1a: Sandslash|91\/100|[from] item: Life Orb\n|move|p2a: Sandslash|Earthquake|p1a: Sandslash\n|-damage|p1a: Sandslash|54\/100\n|\n|upkeep\n|turn|7\n|\n|t:|1700242182\n|move|p1a: Sandslash|Earthquake|p2a: Sandslash\n|-damage|p2a: Sandslash|0 fnt\n|faint|p2a: Sandslash\n|-damage|p1a: Sandslash|44\/100|[from] item: Life Orb\n|\n|upkeep\n|\n|t:|1700242214\n|switch|p2a: Lopunny|Lopunny, F|100\/100\n|turn|8\n|\n|t:|1700242220\n|-terastallize|p1a: Sandslash|Bug\n|move|p2a: Lopunny|Ice Punch|p1a: Sandslash\n|-damage|p1a: Sandslash|24\/100\n|move|p1a: Sandslash|Leech Life|p2a: Lopunny\n|-damage|p2a: Lopunny|0 fnt\n|-heal|p1a: Sandslash|71\/100|[from] drain|[of] p2a: Lopunny\n|faint|p2a: Lopunny\n|-damage|p1a: Sandslash|61\/100|[from] item: Life Orb\n|\n|upkeep\n|\n|t:|1700242234\n|switch|p2a: Pidgeot|Pidgeot, M|100\/100\n|turn|9\n|\n|t:|1700242243\n|move|p2a: Pidgeot|Brave Bird|p1a: Sandslash\n|-supereffective|p1a: Sandslash\n|-damage|p1a: Sandslash|0 fnt\n|faint|p1a: Sandslash\n|-damage|p2a: Pidgeot|82\/100|[from] Recoil\n|\n|upkeep\n|\n|t:|1700242264\n|switch|p1a: Arbok|Arbok, F|100\/100\n|-damage|p1a: Arbok|88\/100|[from] Stealth Rock\n|-ability|p1a: Arbok|Intimidate|boost\n|-unboost|p2a: Pidgeot|atk|1\n|turn|10\n|\n|t:|1700242320\n|switch|p2a: Banette|Banette, F|100\/100\n|-item|p1a: Arbok|Expert Belt|[from] ability: Frisk|[of] p2a: Banette|[identify]\n|move|p1a: Arbok|Coil|p1a: Arbok\n|-boost|p1a: Arbok|atk|1\n|-boost|p1a: Arbok|def|1\n|-boost|p1a: Arbok|accuracy|1\n|\n|upkeep\n|turn|11\n|\n|t:|1700242351\n|move|p1a: Arbok|Gunk Shot|p2a: Banette\n|-resisted|p2a: Banette\n|-damage|p2a: Banette|38\/100\n|move|p2a: Banette|Knock Off|p1a: Arbok\n|-damage|p1a: Arbok|39\/100\n|-enditem|p1a: Arbok|Expert Belt|[from] move: Knock Off|[of] p2a: Banette\n|-damage|p2a: Banette|29\/100|[from] item: Life Orb\n|\n|upkeep\n|turn|12\n|\n|t:|1700242362\n|move|p2a: Banette|Shadow Sneak|p1a: Arbok\n|-damage|p1a: Arbok|7\/100\n|-damage|p2a: Banette|19\/100|[from] item: Life Orb\n|move|p1a: Arbok|Gunk Shot|p2a: Banette\n|-resisted|p2a: Banette\n|-damage|p2a: Banette|0 fnt\n|faint|p2a: Banette\n|\n|upkeep\n|\n|t:|1700242372\n|switch|p2a: Pidgeot|Pidgeot, M|82\/100\n|turn|13\n|\n|t:|1700242378\n|move|p1a: Arbok|Sucker Punch|p2a: Pidgeot\n|-damage|p2a: Pidgeot|33\/100\n|move|p2a: Pidgeot|Brave Bird|p1a: Arbok\n|-damage|p1a: Arbok|0 fnt\n|faint|p1a: Arbok\n|-damage|p2a: Pidgeot|31\/100|[from] Recoil\n|\n|upkeep\n|\n|t:|1700242389\n|switch|p1a: Jynx|Jynx, F|100\/100\n|-damage|p1a: Jynx|76\/100|[from] Stealth Rock\n|turn|14\n|\n|t:|1700242402\n|move|p1a: Jynx|Shadow Ball|p2a: Pidgeot\n|-immune|p2a: Pidgeot\n|move|p2a: Pidgeot|Brave Bird|p1a: Jynx\n|-damage|p1a: Jynx|0 fnt\n|faint|p1a: Jynx\n|-damage|p2a: Pidgeot|9\/100|[from] Recoil\n|\n|upkeep\n|c|\u2606pinkylarue|oh fuck\n|c|\u2606pinkylarue|im an idiot\n|c|\u2606pinkylarue|lmao\n|\n|t:|1700242413\n|switch|p1a: Machoke|Machoke, F|100\/100\n|-damage|p1a: Machoke|95\/100|[from] Stealth Rock\n|turn|15\n|\n|t:|1700242420\n|move|p1a: Machoke|Bullet Punch|p2a: Pidgeot\n|-damage|p2a: Pidgeot|0 fnt\n|faint|p2a: Pidgeot\n|\n|upkeep\n|\n|t:|1700242437\n|switch|p2a: Cacturne|Cacturne, F|100\/100\n|turn|16\n|\n|t:|1700242449\n|move|p2a: Cacturne|Zen Headbutt|p1a: Machoke\n|-supereffective|p1a: Machoke\n|-damage|p1a: Machoke|12\/100\n|cant|p1a: Machoke|flinch\n|\n|upkeep\n|turn|17\n|\n|t:|1700242456\n|move|p1a: Machoke|Bullet Punch|p2a: Cacturne\n|-damage|p2a: Cacturne|77\/100\n|move|p2a: Cacturne|Zen Headbutt|p1a: Machoke\n|-supereffective|p1a: Machoke\n|-damage|p1a: Machoke|0 fnt\n|faint|p1a: Machoke\n|\n|upkeep\n|\n|t:|1700242463\n|switch|p1a: Golbat|Golbat, F|100\/100\n|-damage|p1a: Golbat|76\/100|[from] Stealth Rock\n|turn|18\n|\n|t:|1700242471\n|move|p2a: Cacturne|Zen Headbutt|p1a: Golbat\n|-supereffective|p1a: Golbat\n|-damage|p1a: Golbat|0 fnt\n|faint|p1a: Golbat\n|\n|win|Ajhanham\n|c|\u2606pinkylarue|gg\n|c|\u2606pinkylarue|i fucked up\n","uploadtime":1700242480,"views":28,"p1id":"pinkylarue","p2id":"ajhanham","formatid":"gen9nationaldex","rating":0,"private":0,"password":""}