{"id":"gen9nationaldex-1995140238","p1":"Matthewthejeffyfan","p2":"FriedChickenzman","format":"[Gen 9] National Dex","log":"|html|<div class=\"broadcast-blue\"><strong>[Gen 9] National Dex is currently suspecting Sneasler! For information on how to participate check out the <a href=\"https:\/\/www.smogon.com\/forums\/threads\/sv-national-dex-suspect-8-just-dance.3731534\/\">suspect thread<\/a>.<\/strong><\/div>\n|j|\u2606Matthewthejeffyfan\n|j|\u2606FriedChickenzman\n|t:|1700527053\n|gametype|singles\n|player|p1|Matthewthejeffyfan|lucas|1103\n|player|p2|FriedChickenzman|harlequin|1080\n|teamsize|p1|6\n|teamsize|p2|6\n|gen|9\n|tier|[Gen 9] National Dex\n|rated|\n|rule|HP Percentage Mod: HP is shown in percentages\n|rule|Endless Battle Clause: Forcing endless battles is banned\n|rule|OHKO Clause: OHKO moves are banned\n|rule|Evasion Clause: Evasion abilities, items, and moves are banned\n|rule|Evasion Abilities Clause: Evasion abilities are banned\n|rule|Evasion Items Clause: Evasion items are banned\n|rule|Evasion Moves Clause: Evasion moves are banned\n|rule|Species Clause: Limit one of each Pok\u00e9mon\n|rule|Sleep Clause Mod: Limit one foe put to sleep\n|clearpoke\n|poke|p1|Charizard, M|\n|poke|p1|Lopunny, F|\n|poke|p1|Manaphy|\n|poke|p1|Decidueye, F|\n|poke|p1|Excadrill, M|\n|poke|p1|Xurkitree|\n|poke|p2|Tyranitar, M|\n|poke|p2|Hippowdon, M|\n|poke|p2|Garganacl, F|\n|poke|p2|Excadrill, M|\n|poke|p2|Goodra-Hisui, F|\n|poke|p2|Kommo-o, F|\n|teampreview\n|\n|t:|1700527062\n|start\n|switch|p1a: Charizard|Charizard, M|100\/100\n|switch|p2a: moto moto|Hippowdon, M|100\/100\n|-weather|Sandstorm|[from] ability: Sand Stream|[of] p2a: moto moto\n|turn|1\n|\n|t:|1700527075\n|-terastallize|p1a: Charizard|Dragon\n|move|p1a: Charizard|Dragon Pulse|p2a: moto moto\n|-damage|p2a: moto moto|72\/100\n|move|p2a: moto moto|Stealth Rock|p1a: Charizard\n|-sidestart|p1: Matthewthejeffyfan|move: Stealth Rock\n|\n|-weather|Sandstorm|[upkeep]\n|-damage|p1a: Charizard|94\/100|[from] Sandstorm\n|-heal|p2a: moto moto|78\/100|[from] item: Leftovers\n|upkeep\n|turn|2\n|\n|t:|1700527084\n|move|p1a: Charizard|Flamethrower|p2a: moto moto\n|-damage|p2a: moto moto|47\/100\n|move|p2a: moto moto|Roar|p1a: Charizard\n|drag|p1a: Xurkitree|Xurkitree|100\/100\n|-damage|p1a: Xurkitree|88\/100|[from] Stealth Rock\n|\n|-weather|Sandstorm|[upkeep]\n|-damage|p1a: Xurkitree|82\/100|[from] Sandstorm\n|-heal|p2a: moto moto|53\/100|[from] item: Leftovers\n|upkeep\n|turn|3\n|\n|t:|1700527091\n|-zpower|p1a: Xurkitree\n|move|p1a: Xurkitree|Z-Hypnosis|p2a: moto moto|[anim]Hypnosis|[miss]\n|-boost|p1a: Xurkitree|spe|1|[zeffect]\n|-miss|p1a: Xurkitree|p2a: moto moto\n|move|p2a: moto moto|Slack Off|p2a: moto moto\n|-heal|p2a: moto moto|100\/100\n|\n|-weather|Sandstorm|[upkeep]\n|-damage|p1a: Xurkitree|76\/100|[from] Sandstorm\n|upkeep\n|turn|4\n|inactive|Battle timer is ON: inactive players will automatically lose when time's up. (requested by Matthewthejeffyfan)\n|\n|t:|1700527106\n|move|p1a: Xurkitree|Hypnosis|p2a: moto moto\n|-status|p2a: moto moto|slp|[from] move: Hypnosis\n|cant|p2a: moto moto|slp\n|\n|-weather|Sandstorm|[upkeep]\n|-damage|p1a: Xurkitree|70\/100|[from] Sandstorm\n|upkeep\n|turn|5\n|\n|t:|1700527109\n|switch|p2a: mr resetti|Excadrill, M|100\/100\n|move|p1a: Xurkitree|Tail Glow|p1a: Xurkitree\n|-boost|p1a: Xurkitree|spa|3\n|\n|-weather|none\n|upkeep\n|turn|6\n|\n|t:|1700527112\n|move|p1a: Xurkitree|Hypnosis|p2a: mr resetti\n|-message|Sleep Clause Mod activated.\n|-hint|Sleep Clause Mod prevents players from putting more than one of their opponent's Pok\u00e9mon to sleep at a time\n|move|p2a: mr resetti|Swords Dance|p2a: mr resetti\n|-boost|p2a: mr resetti|atk|2\n|\n|upkeep\n|turn|7\n|\n|t:|1700527122\n|move|p1a: Xurkitree|Hypnosis|p2a: mr resetti|[miss]\n|-miss|p1a: Xurkitree|p2a: mr resetti\n|move|p2a: mr resetti|Rapid Spin|p1a: Xurkitree\n|-damage|p1a: Xurkitree|14\/100\n|-boost|p2a: mr resetti|spe|1\n|\n|upkeep\n|turn|8\n|\n|t:|1700527127\n|move|p2a: mr resetti|Swords Dance|p2a: mr resetti\n|-boost|p2a: mr resetti|atk|2\n|move|p1a: Xurkitree|Hypnosis|p2a: mr resetti|[miss]\n|-miss|p1a: Xurkitree|p2a: mr resetti\n|\n|upkeep\n|turn|9\n|\n|t:|1700527131\n|move|p2a: mr resetti|Swords Dance|p2a: mr resetti\n|-boost|p2a: mr resetti|atk|2\n|move|p1a: Xurkitree|Signal Beam|p2a: mr resetti\n|-resisted|p2a: mr resetti\n|-damage|p2a: mr resetti|49\/100\n|\n|upkeep\n|turn|10\n|\n|t:|1700527135\n|move|p2a: mr resetti|Iron Head|p1a: Xurkitree\n|-resisted|p1a: Xurkitree\n|-damage|p1a: Xurkitree|0 fnt\n|faint|p1a: Xurkitree\n|\n|upkeep\n|\n|t:|1700527141\n|switch|p1a: Excadrill|Excadrill, M|100\/100\n|-damage|p1a: Excadrill|97\/100|[from] Stealth Rock\n|turn|11\n|\n|t:|1700527147\n|move|p2a: mr resetti|Earthquake|p1a: Excadrill\n|-supereffective|p1a: Excadrill\n|-crit|p1a: Excadrill\n|-damage|p1a: Excadrill|0 fnt\n|faint|p1a: Excadrill\n|\n|upkeep\n|\n|t:|1700527151\n|switch|p1a: Charizard|Charizard, M, tera:Dragon|94\/100\n|-damage|p1a: Charizard|82\/100|[from] Stealth Rock\n|turn|12\n|\n|t:|1700527159\n|-terastallize|p2a: mr resetti|Ground\n|move|p2a: mr resetti|Earthquake|p1a: Charizard\n|-damage|p1a: Charizard|0 fnt\n|faint|p1a: Charizard\n|\n|upkeep\n|\n|t:|1700527163\n|switch|p1a: Decidueye|Decidueye, F|100\/100\n|-damage|p1a: Decidueye|88\/100|[from] Stealth Rock\n|turn|13\n|\n|t:|1700527168\n|move|p2a: mr resetti|Earthquake|p1a: Decidueye\n|-resisted|p1a: Decidueye\n|-damage|p1a: Decidueye|0 fnt\n|faint|p1a: Decidueye\n|\n|upkeep\n|-message|Matthewthejeffyfan forfeited.\n|\n|win|FriedChickenzman\n|raw|Matthewthejeffyfan's rating: 1103 &rarr; <strong>1076<\/strong><br \/>(-27 for losing)\n|raw|FriedChickenzman's rating: 1080 &rarr; <strong>1110<\/strong><br \/>(+30 for winning)\n|l|\u2606Matthewthejeffyfan\n|c|\u2606FriedChickenzman|gg\n","uploadtime":1700527180,"views":3,"p1id":"matthewthejeffyfan","p2id":"friedchickenzman","formatid":"gen9nationaldex","rating":1076,"private":0,"password":""}