{"id":"gen9nationaldex-1996974818","p1":"JayHaro","p2":"kuroko 1314","format":"[Gen 9] National Dex","log":"|html|<div class=\"broadcast-blue\"><strong>[Gen 9] National Dex is currently suspecting Sneasler! For information on how to participate check out the <a href=\"https:\/\/www.smogon.com\/forums\/threads\/sv-national-dex-suspect-8-just-dance.3731534\/\">suspect thread<\/a>.<\/strong><\/div>\n|j|\u2606JayHaro\n|j|\u2606kuroko 1314\n|t:|1700751502\n|gametype|singles\n|player|p1|JayHaro|red|1397\n|player|p2|kuroko 1314|dawn|1304\n|teamsize|p1|6\n|teamsize|p2|6\n|gen|9\n|tier|[Gen 9] National Dex\n|rated|\n|rule|HP Percentage Mod: HP is shown in percentages\n|rule|Endless Battle Clause: Forcing endless battles is banned\n|rule|OHKO Clause: OHKO moves are banned\n|rule|Evasion Clause: Evasion abilities, items, and moves are banned\n|rule|Evasion Abilities Clause: Evasion abilities are banned\n|rule|Evasion Items Clause: Evasion items are banned\n|rule|Evasion Moves Clause: Evasion moves are banned\n|rule|Species Clause: Limit one of each Pok\u00e9mon\n|rule|Sleep Clause Mod: Limit one foe put to sleep\n|clearpoke\n|poke|p1|Victini|\n|poke|p1|Tyranitar, M|\n|poke|p1|Skarmory, F|\n|poke|p1|Garchomp, F|\n|poke|p1|Iron Valiant|\n|poke|p1|Toxapex, M|\n|poke|p2|Zoroark-Hisui, F|\n|poke|p2|Heatran, M|\n|poke|p2|Kommo-o, M|\n|poke|p2|Heracross, M|\n|poke|p2|Chansey, F|\n|poke|p2|Hoopa-Unbound|\n|teampreview\n|inactive|Battle timer is ON: inactive players will automatically lose when time's up. (requested by JayHaro)\n|inactive|kuroko 1314 also wants the timer to be on.\n|\n|t:|1700751527\n|start\n|switch|p1a: Victini|Victini|100\/100\n|switch|p2a: \u706b\u94a2\u518d\u7231\u6211\u4e00\u6b21\uff01|Heatran, M|100\/100\n|turn|1\n|\n|t:|1700751534\n|-terastallize|p1a: Victini|Fire\n|move|p2a: \u706b\u94a2\u518d\u7231\u6211\u4e00\u6b21\uff01|Trick|p1a: Victini\n|-activate|p2a: \u706b\u94a2\u518d\u7231\u6211\u4e00\u6b21\uff01|move: Trick|[of] p1a: Victini\n|-item|p1a: Victini|Choice Scarf|[from] move: Trick\n|-item|p2a: \u706b\u94a2\u518d\u7231\u6211\u4e00\u6b21\uff01|Choice Band|[from] move: Trick\n|move|p1a: Victini|U-turn|p2a: \u706b\u94a2\u518d\u7231\u6211\u4e00\u6b21\uff01\n|-resisted|p2a: \u706b\u94a2\u518d\u7231\u6211\u4e00\u6b21\uff01\n|-damage|p2a: \u706b\u94a2\u518d\u7231\u6211\u4e00\u6b21\uff01|79\/100\n|replace|p2a: \u5565\u7528\u4e5f\u6ca1\u6709\u7684\u7d22\u7f57\u4e9a\u514b|Zoroark-Hisui, F\n|-end|p2a: \u5565\u7528\u4e5f\u6ca1\u6709\u7684\u7d22\u7f57\u4e9a\u514b|Illusion\n|\n|t:|1700751549\n|switch|p1a: Tyranitar|Tyranitar, M|100\/100|[from] U-turn\n|-weather|Sandstorm|[from] ability: Sand Stream|[of] p1a: Tyranitar\n|\n|-weather|Sandstorm|[upkeep]\n|-damage|p2a: \u5565\u7528\u4e5f\u6ca1\u6709\u7684\u7d22\u7f57\u4e9a\u514b|73\/100|[from] Sandstorm\n|upkeep\n|turn|2\n|\n|t:|1700751557\n|move|p2a: \u5565\u7528\u4e5f\u6ca1\u6709\u7684\u7d22\u7f57\u4e9a\u514b|Trick|p1a: Tyranitar\n|-activate|p2a: \u5565\u7528\u4e5f\u6ca1\u6709\u7684\u7d22\u7f57\u4e9a\u514b|move: Trick|[of] p1a: Tyranitar\n|-item|p1a: Tyranitar|Choice Band|[from] move: Trick\n|-item|p2a: \u5565\u7528\u4e5f\u6ca1\u6709\u7684\u7d22\u7f57\u4e9a\u514b|Assault Vest|[from] move: Trick\n|move|p1a: Tyranitar|Pursuit|p2a: \u5565\u7528\u4e5f\u6ca1\u6709\u7684\u7d22\u7f57\u4e9a\u514b\n|-supereffective|p2a: \u5565\u7528\u4e5f\u6ca1\u6709\u7684\u7d22\u7f57\u4e9a\u514b\n|-damage|p2a: \u5565\u7528\u4e5f\u6ca1\u6709\u7684\u7d22\u7f57\u4e9a\u514b|0 fnt\n|faint|p2a: \u5565\u7528\u4e5f\u6ca1\u6709\u7684\u7d22\u7f57\u4e9a\u514b\n|\n|-weather|Sandstorm|[upkeep]\n|upkeep\n|\n|t:|1700751564\n|switch|p2a: Kommo-o|Kommo-o, M|100\/100\n|turn|3\n|\n|t:|1700751572\n|switch|p1a: Iron Valiant|Iron Valiant|100\/100\n|move|p2a: Kommo-o|Clangorous Soul|p2a: Kommo-o\n|-boost|p2a: Kommo-o|atk|1\n|-boost|p2a: Kommo-o|def|1\n|-boost|p2a: Kommo-o|spa|1\n|-boost|p2a: Kommo-o|spd|1\n|-boost|p2a: Kommo-o|spe|1\n|-damage|p2a: Kommo-o|68\/100\n|\n|-weather|Sandstorm|[upkeep]\n|-damage|p2a: Kommo-o|61\/100|[from] Sandstorm\n|-damage|p1a: Iron Valiant|94\/100|[from] Sandstorm\n|upkeep\n|turn|4\n|\n|t:|1700751585\n|move|p2a: Kommo-o|Iron Head|p1a: Iron Valiant\n|-supereffective|p1a: Iron Valiant\n|-damage|p1a: Iron Valiant|22\/100\n|-zpower|p1a: Iron Valiant\n|move|p1a: Iron Valiant|Twinkle Tackle|p2a: Kommo-o|[zeffect]\n|-supereffective|p2a: Kommo-o\n|-crit|p2a: Kommo-o\n|-damage|p2a: Kommo-o|0 fnt\n|faint|p2a: Kommo-o\n|\n|-weather|Sandstorm|[upkeep]\n|-damage|p1a: Iron Valiant|16\/100|[from] Sandstorm\n|upkeep\n|\n|t:|1700751594\n|switch|p2a: Chansey|Chansey, F|100\/100\n|turn|5\n|\n|t:|1700751608\n|move|p1a: Iron Valiant|Vacuum Wave|p2a: Chansey\n|-supereffective|p2a: Chansey\n|-damage|p2a: Chansey|88\/100\n|move|p2a: Chansey|Stealth Rock|p1a: Iron Valiant\n|-sidestart|p1: JayHaro|move: Stealth Rock\n|\n|-weather|none\n|-heal|p2a: Chansey|94\/100|[from] item: Leftovers\n|upkeep\n|turn|6\n|\n|t:|1700751618\n|-end|p1a: Iron Valiant|Quark Drive|[silent]\n|switch|p1a: Skarmory|Skarmory, F|100\/100\n|-damage|p1a: Skarmory|88\/100|[from] Stealth Rock\n|move|p2a: Chansey|Toxic|p1a: Skarmory\n|-immune|p1a: Skarmory\n|\n|-heal|p2a: Chansey|99\/100|[from] item: Leftovers\n|upkeep\n|turn|7\n|\n|t:|1700751630\n|switch|p2a: Hoopa|Hoopa-Unbound|100\/100\n|move|p1a: Skarmory|Defog|p2a: Hoopa\n|-unboost|p2a: Hoopa|evasion|1\n|-sideend|p1: JayHaro|Stealth Rock|[from] move: Defog|[of] p1a: Skarmory\n|\n|upkeep\n|turn|8\n|\n|t:|1700751637\n|switch|p1a: Iron Valiant|Iron Valiant|16\/100\n|move|p2a: Hoopa|Hyperspace Fury|p1a: Iron Valiant\n|-resisted|p1a: Iron Valiant\n|-damage|p1a: Iron Valiant|0 fnt\n|-unboost|p2a: Hoopa|def|1\n|faint|p1a: Iron Valiant\n|-end|p1a: Iron Valiant|Quark Drive|[silent]\n|\n|upkeep\n|\n|t:|1700751650\n|switch|p1a: Victini|Victini, tera:Fire|100\/100\n|turn|9\n|\n|t:|1700751654\n|switch|p2a: \u706b\u94a2\u518d\u7231\u6211\u4e00\u6b21\uff01|Heatran, M|100\/100\n|move|p1a: Victini|U-turn|p2a: \u706b\u94a2\u518d\u7231\u6211\u4e00\u6b21\uff01\n|-resisted|p2a: \u706b\u94a2\u518d\u7231\u6211\u4e00\u6b21\uff01\n|-damage|p2a: \u706b\u94a2\u518d\u7231\u6211\u4e00\u6b21\uff01|95\/100\n|\n|t:|1700751667\n|switch|p1a: Tyranitar|Tyranitar, M|100\/100|[from] U-turn\n|-weather|Sandstorm|[from] ability: Sand Stream|[of] p1a: Tyranitar\n|\n|-weather|Sandstorm|[upkeep]\n|upkeep\n|turn|10\n|\n|t:|1700751675\n|switch|p2a: Heracross|Heracross, M|100\/100\n|move|p1a: Tyranitar|Earthquake|p2a: Heracross\n|-resisted|p2a: Heracross\n|-damage|p2a: Heracross|68\/100\n|\n|-weather|Sandstorm|[upkeep]\n|-damage|p2a: Heracross|62\/100|[from] Sandstorm\n|upkeep\n|turn|11\n|\n|t:|1700751684\n|switch|p1a: Skarmory|Skarmory, F|88\/100\n|move|p2a: Heracross|Trailblaze|p1a: Skarmory\n|-resisted|p1a: Skarmory\n|-damage|p1a: Skarmory|86\/100\n|-boost|p2a: Heracross|spe|1\n|-damage|p2a: Heracross|45\/100|[from] item: Rocky Helmet|[of] p1a: Skarmory\n|\n|-weather|Sandstorm|[upkeep]\n|-damage|p2a: Heracross|39\/100|[from] Sandstorm\n|upkeep\n|turn|12\n|\n|t:|1700751697\n|detailschange|p2a: Heracross|Heracross-Mega, M\n|-mega|p2a: Heracross|Heracross|Heracronite\n|move|p2a: Heracross|Rock Blast|p1a: Skarmory\n|-damage|p1a: Skarmory|79\/100\n|-damage|p1a: Skarmory|73\/100\n|-damage|p1a: Skarmory|65\/100\n|-damage|p1a: Skarmory|58\/100\n|-damage|p1a: Skarmory|51\/100\n|-hitcount|p1a: Skarmory|5\n|move|p1a: Skarmory|Counter|p2a: Heracross\n|-damage|p2a: Heracross|24\/100\n|\n|-weather|Sandstorm|[upkeep]\n|-damage|p2a: Heracross|18\/100|[from] Sandstorm\n|upkeep\n|turn|13\n|\n|t:|1700751712\n|switch|p2a: Chansey|Chansey, F|99\/100\n|move|p1a: Skarmory|Brave Bird|p2a: Chansey\n|-damage|p2a: Chansey|12\/100\n|-damage|p1a: Skarmory|0 fnt|[from] Recoil\n|faint|p1a: Skarmory\n|\n|-weather|none\n|-heal|p2a: Chansey|19\/100|[from] item: Leftovers\n|upkeep\n|\n|t:|1700751724\n|switch|p1a: Garchomp|Garchomp, F|100\/100\n|turn|14\n|\n|t:|1700751737\n|move|p1a: Garchomp|Swords Dance|p1a: Garchomp\n|-boost|p1a: Garchomp|atk|2\n|move|p2a: Chansey|Toxic|p1a: Garchomp\n|-status|p1a: Garchomp|tox\n|\n|-heal|p2a: Chansey|25\/100|[from] item: Leftovers\n|-damage|p1a: Garchomp|94\/100 tox|[from] psn\n|upkeep\n|turn|15\n|\n|t:|1700751747\n|detailschange|p1a: Garchomp|Garchomp-Mega, F\n|-mega|p1a: Garchomp|Garchomp|Garchompite\n|move|p1a: Garchomp|Scale Shot|p2a: Chansey\n|-damage|p2a: Chansey|0 fnt\n|faint|p2a: Chansey\n|-hitcount|p2: Chansey|1\n|-unboost|p1a: Garchomp|def|1\n|-boost|p1a: Garchomp|spe|1\n|\n|-damage|p1a: Garchomp|82\/100 tox|[from] psn\n|upkeep\n|\n|t:|1700751756\n|switch|p2a: \u706b\u94a2\u518d\u7231\u6211\u4e00\u6b21\uff01|Heatran, M|95\/100\n|turn|16\n|\n|t:|1700751763\n|-terastallize|p2a: \u706b\u94a2\u518d\u7231\u6211\u4e00\u6b21\uff01|Grass\n|move|p1a: Garchomp|Earthquake|p2a: \u706b\u94a2\u518d\u7231\u6211\u4e00\u6b21\uff01\n|-resisted|p2a: \u706b\u94a2\u518d\u7231\u6211\u4e00\u6b21\uff01\n|-damage|p2a: \u706b\u94a2\u518d\u7231\u6211\u4e00\u6b21\uff01|27\/100\n|move|p2a: \u706b\u94a2\u518d\u7231\u6211\u4e00\u6b21\uff01|Tera Blast|p1a: Garchomp|[anim] Tera Blast Grass\n|-damage|p1a: Garchomp|43\/100 tox\n|\n|-damage|p1a: Garchomp|25\/100 tox|[from] psn\n|upkeep\n|turn|17\n|\n|t:|1700751774\n|switch|p2a: Heracross|Heracross-Mega, M|18\/100\n|move|p1a: Garchomp|Earthquake|p2a: Heracross\n|-resisted|p2a: Heracross\n|-damage|p2a: Heracross|0 fnt\n|faint|p2a: Heracross\n|\n|-damage|p1a: Garchomp|0 fnt|[from] psn\n|faint|p1a: Garchomp\n|upkeep\n|\n|t:|1700751791\n|switch|p1a: Victini|Victini, tera:Fire|100\/100\n|switch|p2a: \u706b\u94a2\u518d\u7231\u6211\u4e00\u6b21\uff01|Heatran, M, tera:Grass|27\/100\n|turn|18\n|\n|t:|1700751802\n|move|p1a: Victini|Zen Headbutt|p2a: \u706b\u94a2\u518d\u7231\u6211\u4e00\u6b21\uff01\n|-damage|p2a: \u706b\u94a2\u518d\u7231\u6211\u4e00\u6b21\uff01|0 fnt\n|faint|p2a: \u706b\u94a2\u518d\u7231\u6211\u4e00\u6b21\uff01\n|\n|upkeep\n|\n|t:|1700751805\n|switch|p2a: Hoopa|Hoopa-Unbound|100\/100\n|turn|19\n|\n|t:|1700751814\n|switch|p1a: Tyranitar|Tyranitar, M|100\/100\n|-weather|Sandstorm|[from] ability: Sand Stream|[of] p1a: Tyranitar\n|move|p2a: Hoopa|Hyperspace Fury|p1a: Tyranitar\n|-resisted|p1a: Tyranitar\n|-damage|p1a: Tyranitar|66\/100\n|-unboost|p2a: Hoopa|def|1\n|\n|-weather|Sandstorm|[upkeep]\n|-damage|p2a: Hoopa|95\/100|[from] Sandstorm\n|upkeep\n|turn|20\n|\n|t:|1700751825\n|move|p2a: Hoopa|Hyperspace Fury|p1a: Tyranitar\n|-resisted|p1a: Tyranitar\n|-crit|p1a: Tyranitar\n|-damage|p1a: Tyranitar|15\/100\n|-unboost|p2a: Hoopa|def|1\n|move|p1a: Tyranitar|Pursuit|p2a: Hoopa\n|-damage|p2a: Hoopa|0 fnt\n|faint|p2a: Hoopa\n|\n|win|JayHaro\n|raw|JayHaro's rating: 1397 &rarr; <strong>1412<\/strong><br \/>(+15 for winning)\n|raw|kuroko 1314's rating: 1304 &rarr; <strong>1289<\/strong><br \/>(-15 for losing)\n|l|\u2606kuroko 1314\n|l|\u2606JayHaro\n|j|\u2606JayHaro\n|player|p1|JayHaro|red\n","uploadtime":1700751882,"views":1,"p1id":"jayharo","p2id":"kuroko1314","formatid":"gen9nationaldex","rating":1289,"private":0,"password":""}