{"id":"gen9nationaldex-1995423806","p1":"hugecho22","p2":"NDSNEZ Radvil","format":"[Gen 9] National Dex","log":"|html|<div class=\"broadcast-blue\"><strong>[Gen 9] National Dex is currently suspecting Sneasler! For information on how to participate check out the <a href=\"https:\/\/www.smogon.com\/forums\/threads\/sv-national-dex-suspect-8-just-dance.3731534\/\">suspect thread<\/a>.<\/strong><\/div>\n|j|\u2606hugecho22\n|j|\u2606NDSNEZ Radvil\n|t:|1700568946\n|gametype|singles\n|player|p1|hugecho22|2|1080\n|player|p2|NDSNEZ Radvil|youngster-gen4dp|1156\n|teamsize|p1|6\n|teamsize|p2|6\n|gen|9\n|tier|[Gen 9] National Dex\n|rated|\n|rule|HP Percentage Mod: HP is shown in percentages\n|rule|Endless Battle Clause: Forcing endless battles is banned\n|rule|OHKO Clause: OHKO moves are banned\n|rule|Evasion Clause: Evasion abilities, items, and moves are banned\n|rule|Evasion Abilities Clause: Evasion abilities are banned\n|rule|Evasion Items Clause: Evasion items are banned\n|rule|Evasion Moves Clause: Evasion moves are banned\n|rule|Species Clause: Limit one of each Pok\u00e9mon\n|rule|Sleep Clause Mod: Limit one foe put to sleep\n|clearpoke\n|poke|p1|Medicham, F|\n|poke|p1|Garganacl, F|\n|poke|p1|Heatran, F|\n|poke|p1|Tornadus-Therian, M|\n|poke|p1|Garchomp, F|\n|poke|p1|Alomomola, M|\n|poke|p2|Tyranitar, F|\n|poke|p2|Aegislash, F|\n|poke|p2|Tornadus-Therian, M|\n|poke|p2|Scizor, F|\n|poke|p2|Iron Valiant|\n|poke|p2|Gastrodon, M|\n|teampreview\n|inactive|Battle timer is ON: inactive players will automatically lose when time's up. (requested by hugecho22)\n|inactive|NDSNEZ Radvil has 120 seconds left.\n|\n|t:|1700568992\n|start\n|switch|p1a: Heatran|Heatran, F|100\/100\n|switch|p2a: Tyranitar|Tyranitar, F|100\/100\n|-weather|Sandstorm|[from] ability: Sand Stream|[of] p2a: Tyranitar\n|turn|1\n|\n|t:|1700569000\n|switch|p1a: Tornadus|Tornadus-Therian, M|100\/100\n|detailschange|p2a: Tyranitar|Tyranitar-Mega, F\n|-mega|p2a: Tyranitar|Tyranitar|Tyranitarite\n|move|p2a: Tyranitar|Earthquake|p1a: Tornadus\n|-immune|p1a: Tornadus\n|\n|-weather|Sandstorm|[upkeep]\n|-damage|p1a: Tornadus|94\/100|[from] Sandstorm\n|upkeep\n|turn|2\n|\n|t:|1700569004\n|move|p1a: Tornadus|U-turn|p2a: Tyranitar\n|-supereffective|p2a: Tyranitar\n|-damage|p2a: Tyranitar|81\/100\n|\n|t:|1700569007\n|switch|p1a: Garchomp|Garchomp, F|100\/100|[from] U-turn\n|move|p2a: Tyranitar|Knock Off|p1a: Garchomp\n|-damage|p1a: Garchomp|53\/100\n|-damage|p2a: Tyranitar|69\/100|[from] ability: Rough Skin|[of] p1a: Garchomp\n|\n|-weather|Sandstorm|[upkeep]\n|upkeep\n|turn|3\n|\n|t:|1700569025\n|switch|p2a: Iron Valiant|Iron Valiant|100\/100\n|move|p1a: Garchomp|Stealth Rock|p2a: Iron Valiant\n|-sidestart|p2: NDSNEZ Radvil|move: Stealth Rock\n|\n|-weather|Sandstorm|[upkeep]\n|-damage|p2a: Iron Valiant|94\/100|[from] Sandstorm\n|upkeep\n|turn|4\n|\n|t:|1700569035\n|switch|p1a: Alomomola|Alomomola, M|100\/100\n|move|p2a: Iron Valiant|Close Combat|p1a: Alomomola\n|-damage|p1a: Alomomola|67\/100\n|-unboost|p2a: Iron Valiant|def|1\n|-unboost|p2a: Iron Valiant|spd|1\n|\n|-weather|Sandstorm|[upkeep]\n|-damage|p2a: Iron Valiant|88\/100|[from] Sandstorm\n|-damage|p1a: Alomomola|61\/100|[from] Sandstorm\n|upkeep\n|turn|5\n|\n|t:|1700569059\n|-end|p2a: Iron Valiant|Quark Drive|[silent]\n|switch|p2a: Aegislash|Aegislash, F|100\/100\n|-damage|p2a: Aegislash|94\/100|[from] Stealth Rock\n|move|p1a: Alomomola|Toxic|p2a: Aegislash\n|-immune|p2a: Aegislash\n|\n|-weather|none\n|-heal|p2a: Aegislash|100\/100|[from] item: Leftovers\n|upkeep\n|turn|6\n|\n|t:|1700569062\n|move|p1a: Alomomola|Wish|p1a: Alomomola\n|move|p2a: Aegislash|Substitute|p2a: Aegislash\n|-start|p2a: Aegislash|Substitute\n|-damage|p2a: Aegislash|75\/100\n|\n|-heal|p2a: Aegislash|82\/100|[from] item: Leftovers\n|upkeep\n|turn|7\n|\n|t:|1700569068\n|move|p2a: Aegislash|King's Shield|p2a: Aegislash\n|-singleturn|p2a: Aegislash|Protect\n|move|p1a: Alomomola|Flip Turn|p2a: Aegislash\n|-activate|p2a: Aegislash|move: Protect\n|-unboost|p1a: Alomomola|atk|1\n|\n|-heal|p1a: Alomomola|100\/100|[from] move: Wish|[wisher] Alomomola\n|-heal|p2a: Aegislash|88\/100|[from] item: Leftovers\n|upkeep\n|turn|8\n|\n|t:|1700569071\n|move|p1a: Alomomola|Flip Turn|p2a: Aegislash\n|-activate|p2a: Aegislash|move: Substitute|[damage]\n|\n|t:|1700569077\n|switch|p1a: Garganacl|Garganacl, F|100\/100|[from] Flip Turn\n|-formechange|p2a: Aegislash|Aegislash-Blade||[from] ability: Stance Change\n|move|p2a: Aegislash|Shadow Ball|p1a: Garganacl\n|-damage|p1a: Garganacl|84\/100\n|\n|-heal|p2a: Aegislash|94\/100|[from] item: Leftovers\n|-heal|p1a: Garganacl|90\/100|[from] item: Leftovers\n|upkeep\n|turn|9\n|inactive|NDSNEZ Radvil has 120 seconds left.\n|\n|t:|1700569110\n|move|p2a: Aegislash|Close Combat|p1a: Garganacl\n|-supereffective|p1a: Garganacl\n|-damage|p1a: Garganacl|43\/100\n|-unboost|p2a: Aegislash|def|1\n|-unboost|p2a: Aegislash|spd|1\n|move|p1a: Garganacl|Salt Cure|p2a: Aegislash\n|-resisted|p2a: Aegislash\n|-end|p2a: Aegislash|Substitute\n|\n|-heal|p2a: Aegislash|99\/100|[from] item: Leftovers\n|-heal|p1a: Garganacl|49\/100|[from] item: Leftovers\n|upkeep\n|turn|10\n|inactive|NDSNEZ Radvil has 120 seconds left.\n|\n|t:|1700569125\n|switch|p1a: Alomomola|Alomomola, M|100\/100\n|move|p2a: Aegislash|Substitute|p2a: Aegislash\n|-start|p2a: Aegislash|Substitute\n|-damage|p2a: Aegislash|75\/100\n|\n|-heal|p2a: Aegislash|81\/100|[from] item: Leftovers\n|upkeep\n|turn|11\n|\n|t:|1700569129\n|-formechange|p2a: Aegislash|Aegislash||[from] ability: Stance Change\n|move|p2a: Aegislash|King's Shield|p2a: Aegislash\n|-singleturn|p2a: Aegislash|Protect\n|move|p1a: Alomomola|Flip Turn|p2a: Aegislash\n|-activate|p2a: Aegislash|move: Protect\n|-unboost|p1a: Alomomola|atk|1\n|\n|-heal|p2a: Aegislash|88\/100|[from] item: Leftovers\n|upkeep\n|turn|12\n|\n|t:|1700569133\n|move|p1a: Alomomola|Flip Turn|p2a: Aegislash\n|-activate|p2a: Aegislash|move: Substitute|[damage]\n|\n|t:|1700569138\n|switch|p1a: Tornadus|Tornadus-Therian, M|100\/100|[from] Flip Turn\n|-formechange|p2a: Aegislash|Aegislash-Blade||[from] ability: Stance Change\n|move|p2a: Aegislash|Shadow Ball|p1a: Tornadus\n|-damage|p1a: Tornadus|47\/100\n|\n|-heal|p2a: Aegislash|94\/100|[from] item: Leftovers\n|upkeep\n|turn|13\n|\n|t:|1700569150\n|move|p1a: Tornadus|Hurricane|p2a: Aegislash\n|-resisted|p2a: Aegislash\n|-end|p2a: Aegislash|Substitute\n|move|p2a: Aegislash|Substitute|p2a: Aegislash\n|-start|p2a: Aegislash|Substitute\n|-damage|p2a: Aegislash|69\/100\n|\n|-heal|p2a: Aegislash|75\/100|[from] item: Leftovers\n|upkeep\n|turn|14\n|\n|t:|1700569157\n|-formechange|p2a: Aegislash|Aegislash||[from] ability: Stance Change\n|move|p2a: Aegislash|King's Shield|p2a: Aegislash\n|-singleturn|p2a: Aegislash|Protect\n|move|p1a: Tornadus|Knock Off|p2a: Aegislash\n|-activate|p2a: Aegislash|move: Protect\n|-unboost|p1a: Tornadus|atk|1\n|\n|-heal|p2a: Aegislash|81\/100|[from] item: Leftovers\n|upkeep\n|turn|15\n|\n|t:|1700569160\n|move|p1a: Tornadus|Hurricane|p2a: Aegislash|[miss]\n|-miss|p1a: Tornadus|p2a: Aegislash\n|-formechange|p2a: Aegislash|Aegislash-Blade||[from] ability: Stance Change\n|move|p2a: Aegislash|Shadow Ball|p1a: Tornadus\n|-damage|p1a: Tornadus|0 fnt\n|faint|p1a: Tornadus\n|\n|-heal|p2a: Aegislash|87\/100|[from] item: Leftovers\n|upkeep\n|\n|t:|1700569164\n|switch|p1a: Heatran|Heatran, F|100\/100\n|turn|16\n|\n|t:|1700569168\n|-formechange|p2a: Aegislash|Aegislash||[from] ability: Stance Change\n|move|p2a: Aegislash|King's Shield|p2a: Aegislash\n|-singleturn|p2a: Aegislash|Protect\n|move|p1a: Heatran|Magma Storm|p2a: Aegislash\n|-activate|p2a: Aegislash|move: Protect\n|\n|-heal|p2a: Aegislash|93\/100|[from] item: Leftovers\n|upkeep\n|turn|17\n|\n|t:|1700569175\n|-terastallize|p1a: Heatran|Grass\n|move|p1a: Heatran|Magma Storm|p2a: Aegislash|[miss]\n|-miss|p1a: Heatran|p2a: Aegislash\n|-formechange|p2a: Aegislash|Aegislash-Blade||[from] ability: Stance Change\n|move|p2a: Aegislash|Close Combat|p1a: Heatran\n|-damage|p1a: Heatran|67\/100\n|-unboost|p2a: Aegislash|def|1\n|-unboost|p2a: Aegislash|spd|1\n|\n|-heal|p1a: Heatran|73\/100|[from] item: Leftovers\n|-heal|p2a: Aegislash|99\/100|[from] item: Leftovers\n|upkeep\n|turn|18\n|\n|t:|1700569181\n|move|p1a: Heatran|Magma Storm|p2a: Aegislash\n|-supereffective|p2a: Aegislash\n|-end|p2a: Aegislash|Substitute\n|move|p2a: Aegislash|Shadow Ball|p1a: Heatran\n|-damage|p1a: Heatran|37\/100\n|\n|-heal|p1a: Heatran|43\/100|[from] item: Leftovers\n|-heal|p2a: Aegislash|100\/100|[from] item: Leftovers\n|upkeep\n|turn|19\n|\n|t:|1700569185\n|switch|p2a: Tyranitar|Tyranitar-Mega, F|69\/100\n|-damage|p2a: Tyranitar|56\/100|[from] Stealth Rock\n|-weather|Sandstorm|[from] ability: Sand Stream|[of] p2a: Tyranitar\n|move|p1a: Heatran|Magma Storm|p2a: Tyranitar|[miss]\n|-miss|p1a: Heatran|p2a: Tyranitar\n|\n|-weather|Sandstorm|[upkeep]\n|-damage|p1a: Heatran|37\/100|[from] Sandstorm\n|-heal|p1a: Heatran|43\/100|[from] item: Leftovers\n|upkeep\n|turn|20\n|\n|t:|1700569192\n|-activate|p1a: Heatran|move: Pursuit\n|move|p2a: Tyranitar|Pursuit|p1a: Heatran|[from]Pursuit\n|-damage|p1a: Heatran|0 fnt\n|faint|p1a: Heatran\n|-hint|A Pokemon can't switch between when it runs out of HP and when it faints\n|\n|-weather|Sandstorm|[upkeep]\n|upkeep\n|\n|t:|1700569195\n|switch|p1a: Medicham|Medicham, F|100\/100\n|turn|21\n|\n|t:|1700569204\n|switch|p2a: Aegislash|Aegislash, F|100\/100\n|-damage|p2a: Aegislash|94\/100|[from] Stealth Rock\n|detailschange|p1a: Medicham|Medicham-Mega, F\n|-mega|p1a: Medicham|Medicham|Medichamite\n|move|p1a: Medicham|Bullet Punch|p2a: Aegislash\n|-resisted|p2a: Aegislash\n|-damage|p2a: Aegislash|86\/100\n|\n|-weather|Sandstorm|[upkeep]\n|-damage|p1a: Medicham|94\/100|[from] Sandstorm\n|-heal|p2a: Aegislash|92\/100|[from] item: Leftovers\n|upkeep\n|turn|22\n|-message|hugecho22 forfeited.\n|\n|win|NDSNEZ Radvil\n|raw|hugecho22's rating: 1080 &rarr; <strong>1064<\/strong><br \/>(-16 for losing)\n|raw|NDSNEZ Radvil's rating: 1179 &rarr; <strong>1197<\/strong><br \/>(+18 for winning)\n|l|\u2606hugecho22\n","uploadtime":1700569218,"views":33,"p1id":"hugecho22","p2id":"ndsnezradvil","formatid":"gen9nationaldex","rating":1064,"private":0,"password":""}