{"id":"gen9nationaldex-1992743870","p1":"kraydel5","p2":"xenoswagzilla","format":"[Gen 9] National Dex","log":"|j|\u2606kraydel5\n|j|\u2606xenoswagzilla\n|t:|1700231388\n|gametype|singles\n|player|p1|kraydel5|266|1079\n|player|p2|xenoswagzilla|marlon|1137\n|teamsize|p1|6\n|teamsize|p2|6\n|gen|9\n|tier|[Gen 9] National Dex\n|rated|\n|rule|HP Percentage Mod: HP is shown in percentages\n|rule|Endless Battle Clause: Forcing endless battles is banned\n|rule|OHKO Clause: OHKO moves are banned\n|rule|Evasion Clause: Evasion abilities, items, and moves are banned\n|rule|Evasion Abilities Clause: Evasion abilities are banned\n|rule|Evasion Items Clause: Evasion items are banned\n|rule|Evasion Moves Clause: Evasion moves are banned\n|rule|Species Clause: Limit one of each Pok\u00e9mon\n|rule|Sleep Clause Mod: Limit one foe put to sleep\n|clearpoke\n|poke|p1|Togekiss, F|\n|poke|p1|Toxapex, M|\n|poke|p1|Grimmsnarl, M|\n|poke|p1|Incineroar, F|\n|poke|p1|Swampert, M|\n|poke|p1|Celesteela|\n|poke|p2|Aggron, M|\n|poke|p2|Victini|\n|poke|p2|Rotom-Wash|\n|poke|p2|Sinistcha|\n|poke|p2|Tyranitar, M|\n|poke|p2|Nidoking, M|\n|teampreview\n|\n|t:|1700231408\n|start\n|switch|p1a: Celesteela|Celesteela|100\/100\n|switch|p2a: Rotom|Rotom-Wash|100\/100\n|turn|1\n|\n|t:|1700231421\n|move|p2a: Rotom|Light Screen|p2a: Rotom\n|-sidestart|p2: xenoswagzilla|move: Light Screen\n|move|p1a: Celesteela|Substitute|p1a: Celesteela\n|-start|p1a: Celesteela|Substitute\n|-damage|p1a: Celesteela|76\/100\n|\n|upkeep\n|turn|2\n|\n|t:|1700231428\n|move|p2a: Rotom|Hydro Pump|p1a: Celesteela|[miss]\n|-miss|p2a: Rotom|p1a: Celesteela\n|move|p1a: Celesteela|Leech Seed|p2a: Rotom|[miss]\n|-miss|p1a: Celesteela|p2a: Rotom\n|\n|upkeep\n|turn|3\n|\n|t:|1700231441\n|move|p2a: Rotom|Volt Switch|p1a: Celesteela\n|-supereffective|p1a: Celesteela\n|-end|p1a: Celesteela|Substitute\n|\n|t:|1700231444\n|switch|p2a: Sinistcha|Sinistcha|100\/100|[from] Volt Switch\n|move|p1a: Celesteela|Leech Seed|p2a: Sinistcha\n|-immune|p2a: Sinistcha\n|\n|upkeep\n|turn|4\n|\n|t:|1700231471\n|switch|p1a: Incineroar|Incineroar, F|100\/100\n|-ability|p1a: Incineroar|Intimidate|boost\n|-unboost|p2a: Sinistcha|atk|1\n|move|p2a: Sinistcha|Shadow Ball|p1a: Incineroar\n|-resisted|p1a: Incineroar\n|-damage|p1a: Incineroar|79\/100\n|\n|upkeep\n|turn|5\n|\n|t:|1700231488\n|move|p1a: Incineroar|Bulk Up|p1a: Incineroar\n|-boost|p1a: Incineroar|atk|1\n|-boost|p1a: Incineroar|def|1\n|move|p2a: Sinistcha|Trick Room|p2a: Sinistcha\n|-fieldstart|move: Trick Room|[of] p2a: Sinistcha\n|\n|upkeep\n|turn|6\n|\n|t:|1700231497\n|move|p2a: Sinistcha|Strength Sap|p1a: Incineroar\n|-unboost|p1a: Incineroar|atk|1\n|move|p1a: Incineroar|Bulk Up|p1a: Incineroar\n|-boost|p1a: Incineroar|atk|1\n|-boost|p1a: Incineroar|def|1\n|\n|upkeep\n|turn|7\n|\n|t:|1700231517\n|move|p2a: Sinistcha|Strength Sap|p1a: Incineroar\n|-unboost|p1a: Incineroar|atk|1\n|move|p1a: Incineroar|Power Trip|p2a: Sinistcha\n|-supereffective|p2a: Sinistcha\n|-damage|p2a: Sinistcha|56\/100\n|\n|-heal|p2a: Sinistcha|62\/100|[from] item: Leftovers\n|upkeep\n|turn|8\n|\n|t:|1700231527\n|move|p2a: Sinistcha|Shadow Ball|p1a: Incineroar\n|-resisted|p1a: Incineroar\n|-damage|p1a: Incineroar|60\/100\n|-unboost|p1a: Incineroar|spd|1\n|move|p1a: Incineroar|Drain Punch|p2a: Sinistcha\n|-immune|p2a: Sinistcha\n|\n|-heal|p2a: Sinistcha|68\/100|[from] item: Leftovers\n|-sideend|p2: xenoswagzilla|move: Light Screen\n|upkeep\n|turn|9\n|\n|t:|1700231539\n|move|p2a: Sinistcha|Strength Sap|p1a: Incineroar\n|-unboost|p1a: Incineroar|atk|1\n|-heal|p2a: Sinistcha|100\/100\n|move|p1a: Incineroar|Power Trip|p2a: Sinistcha\n|-supereffective|p2a: Sinistcha\n|-damage|p2a: Sinistcha|67\/100\n|\n|-heal|p2a: Sinistcha|73\/100|[from] item: Leftovers\n|-fieldend|move: Trick Room\n|upkeep\n|turn|10\n|\n|t:|1700231557\n|move|p1a: Incineroar|Bulk Up|p1a: Incineroar\n|-boost|p1a: Incineroar|atk|1\n|-boost|p1a: Incineroar|def|1\n|move|p2a: Sinistcha|Trick Room|p2a: Sinistcha\n|-fieldstart|move: Trick Room|[of] p2a: Sinistcha\n|\n|-heal|p2a: Sinistcha|79\/100|[from] item: Leftovers\n|upkeep\n|turn|11\n|\n|t:|1700231565\n|move|p2a: Sinistcha|Strength Sap|p1a: Incineroar\n|-unboost|p1a: Incineroar|atk|1\n|-heal|p2a: Sinistcha|100\/100\n|move|p1a: Incineroar|Power Trip|p2a: Sinistcha\n|-supereffective|p2a: Sinistcha\n|-damage|p2a: Sinistcha|55\/100\n|\n|-heal|p2a: Sinistcha|61\/100|[from] item: Leftovers\n|upkeep\n|turn|12\n|\n|t:|1700231579\n|move|p2a: Sinistcha|Shadow Ball|p1a: Incineroar\n|-resisted|p1a: Incineroar\n|-damage|p1a: Incineroar|29\/100\n|move|p1a: Incineroar|Bulk Up|p1a: Incineroar\n|-boost|p1a: Incineroar|atk|1\n|-boost|p1a: Incineroar|def|1\n|\n|-heal|p2a: Sinistcha|67\/100|[from] item: Leftovers\n|upkeep\n|turn|13\n|\n|t:|1700231593\n|switch|p1a: Togekiss|Togekiss, F|100\/100\n|move|p2a: Sinistcha|Strength Sap|p1a: Togekiss\n|-unboost|p1a: Togekiss|atk|1\n|-heal|p2a: Sinistcha|100\/100\n|\n|upkeep\n|turn|14\n|\n|t:|1700231611\n|switch|p2a: Rotom|Rotom-Wash|100\/100\n|move|p1a: Togekiss|Draining Kiss|p2a: Rotom\n|-damage|p2a: Rotom|64\/100\n|-damage|p1a: Togekiss|91\/100|[from] item: Life Orb\n|\n|-fieldend|move: Trick Room\n|upkeep\n|turn|15\n|\n|t:|1700231627\n|move|p1a: Togekiss|Substitute|p1a: Togekiss\n|-start|p1a: Togekiss|Substitute\n|-damage|p1a: Togekiss|66\/100\n|move|p2a: Rotom|Reflect|p2a: Rotom\n|-sidestart|p2: xenoswagzilla|Reflect\n|\n|upkeep\n|turn|16\n|\n|t:|1700231633\n|move|p1a: Togekiss|Draining Kiss|p2a: Rotom\n|-damage|p2a: Rotom|25\/100\n|-heal|p1a: Togekiss|88\/100|[from] drain|[of] p2a: Rotom\n|-damage|p1a: Togekiss|78\/100|[from] item: Life Orb\n|move|p2a: Rotom|Hydro Pump|p1a: Togekiss|[miss]\n|-miss|p2a: Rotom|p1a: Togekiss\n|\n|upkeep\n|turn|17\n|\n|t:|1700231644\n|switch|p2a: Aggron|Aggron, M|100\/100\n|move|p1a: Togekiss|Draining Kiss|p2a: Aggron\n|-resisted|p2a: Aggron\n|-damage|p2a: Aggron|69\/100\n|-heal|p1a: Togekiss|99\/100|[from] drain|[of] p2a: Aggron\n|-damage|p1a: Togekiss|90\/100|[from] item: Life Orb\n|\n|upkeep\n|turn|18\n|\n|t:|1700231661\n|switch|p1a: Swampert|Swampert, M|100\/100\n|move|p2a: Aggron|Heavy Slam|p1a: Swampert\n|-resisted|p1a: Swampert\n|-damage|p1a: Swampert|75\/100\n|\n|upkeep\n|turn|19\n|\n|t:|1700231671\n|detailschange|p2a: Aggron|Aggron-Mega, M\n|-mega|p2a: Aggron|Aggron|Aggronite\n|move|p1a: Swampert|Stone Edge|p2a: Aggron|[miss]\n|-miss|p1a: Swampert|p2a: Aggron\n|move|p2a: Aggron|Body Press|p1a: Swampert\n|-damage|p1a: Swampert|27\/100\n|\n|upkeep\n|turn|20\n|\n|t:|1700231686\n|switch|p1a: Incineroar|Incineroar, F|29\/100\n|-ability|p1a: Incineroar|Intimidate|boost\n|-unboost|p2a: Aggron|atk|1\n|move|p2a: Aggron|Body Press|p1a: Incineroar\n|-supereffective|p1a: Incineroar\n|-damage|p1a: Incineroar|0 fnt\n|faint|p1a: Incineroar\n|\n|upkeep\n|\n|t:|1700231699\n|switch|p1a: Grimmsnarl|Grimmsnarl, M|100\/100\n|turn|21\n|\n|t:|1700231706\n|move|p1a: Grimmsnarl|Fake Out|p2a: Aggron\n|-resisted|p2a: Aggron\n|-damage|p2a: Aggron|67\/100\n|cant|p2a: Aggron|flinch\n|\n|upkeep\n|turn|22\n|\n|t:|1700231716\n|move|p1a: Grimmsnarl|Substitute|p1a: Grimmsnarl\n|-start|p1a: Grimmsnarl|Substitute\n|-damage|p1a: Grimmsnarl|76\/100\n|move|p2a: Aggron|Heavy Slam|p1a: Grimmsnarl\n|-supereffective|p1a: Grimmsnarl\n|-end|p1a: Grimmsnarl|Substitute\n|\n|-sideend|p2: xenoswagzilla|Reflect\n|upkeep\n|turn|23\n|\n|t:|1700231728\n|move|p1a: Grimmsnarl|Drain Punch|p2a: Aggron\n|-supereffective|p2a: Aggron\n|-damage|p2a: Aggron|50\/100\n|-heal|p1a: Grimmsnarl|83\/100|[from] drain|[of] p2a: Aggron\n|move|p2a: Aggron|Body Press|p1a: Grimmsnarl\n|-damage|p1a: Grimmsnarl|7\/100\n|-damage|p2a: Aggron|33\/100|[from] item: Rocky Helmet|[of] p1a: Grimmsnarl\n|\n|upkeep\n|turn|24\n|\n|t:|1700231741\n|move|p1a: Grimmsnarl|Substitute|p1a: Grimmsnarl\n|-fail|p1a: Grimmsnarl|move: Substitute|[weak]\n|move|p2a: Aggron|Heavy Slam|p1a: Grimmsnarl\n|-supereffective|p1a: Grimmsnarl\n|-damage|p1a: Grimmsnarl|0 fnt\n|-damage|p2a: Aggron|17\/100|[from] item: Rocky Helmet|[of] p1a: Grimmsnarl\n|faint|p1a: Grimmsnarl\n|\n|upkeep\n|\n|t:|1700231751\n|switch|p1a: Toxapex|Toxapex, M|100\/100\n|turn|25\n|\n|t:|1700231758\n|move|p1a: Toxapex|Toxic|p2a: Aggron\n|-immune|p2a: Aggron\n|move|p2a: Aggron|Outrage|p1a: Toxapex\n|-damage|p1a: Toxapex|76\/100\n|\n|upkeep\n|turn|26\n|\n|t:|1700231765\n|move|p1a: Toxapex|Toxic Spikes|p2a: Aggron\n|-sidestart|p2: xenoswagzilla|move: Toxic Spikes\n|move|p2a: Aggron|Outrage|p1a: Toxapex|[from]lockedmove\n|-damage|p1a: Toxapex|50\/100\n|-start|p2a: Aggron|confusion|[fatigue]\n|\n|upkeep\n|turn|27\n|\n|t:|1700231778\n|move|p1a: Toxapex|Blizzard|p2a: Aggron\n|-resisted|p2a: Aggron\n|-damage|p2a: Aggron|7\/100\n|-status|p2a: Aggron|frz\n|-curestatus|p2a: Aggron|frz|[msg]\n|-activate|p2a: Aggron|confusion\n|move|p2a: Aggron|Outrage|p1a: Toxapex\n|-damage|p1a: Toxapex|25\/100\n|\n|upkeep\n|turn|28\n|\n|t:|1700231788\n|move|p1a: Toxapex|Recover|p1a: Toxapex\n|-heal|p1a: Toxapex|76\/100\n|-activate|p2a: Aggron|confusion\n|move|p2a: Aggron|Outrage|p1a: Toxapex|[from]lockedmove\n|-damage|p1a: Toxapex|51\/100\n|\n|upkeep\n|turn|29\n|\n|t:|1700231795\n|move|p1a: Toxapex|Blizzard|p2a: Aggron\n|-resisted|p2a: Aggron\n|-damage|p2a: Aggron|0 fnt\n|faint|p2a: Aggron\n|\n|upkeep\n|\n|t:|1700231798\n|switch|p2a: Nidoking|Nidoking, M|100\/100\n|-sideend|p2: xenoswagzilla|move: Toxic Spikes|[of] p2a: Nidoking\n|turn|30\n|\n|t:|1700231804\n|move|p2a: Nidoking|Earthquake|p1a: Toxapex\n|-supereffective|p1a: Toxapex\n|-crit|p1a: Toxapex\n|-damage|p1a: Toxapex|0 fnt\n|faint|p1a: Toxapex\n|\n|upkeep\n|\n|t:|1700231810\n|switch|p1a: Celesteela|Celesteela|76\/100\n|turn|31\n|\n|t:|1700231823\n|switch|p2a: Rotom|Rotom-Wash|25\/100\n|move|p1a: Celesteela|Leech Seed|p2a: Rotom\n|-start|p2a: Rotom|move: Leech Seed\n|\n|-damage|p2a: Rotom|13\/100|[from] Leech Seed|[of] p1a: Celesteela\n|-heal|p1a: Celesteela|85\/100|[silent]\n|upkeep\n|turn|32\n|\n|t:|1700231833\n|switch|p2a: Sinistcha|Sinistcha|100\/100\n|move|p1a: Celesteela|Substitute|p1a: Celesteela\n|-start|p1a: Celesteela|Substitute\n|-damage|p1a: Celesteela|60\/100\n|\n|upkeep\n|turn|33\n|\n|t:|1700231844\n|move|p2a: Sinistcha|Shadow Ball|p1a: Celesteela\n|-end|p1a: Celesteela|Substitute\n|move|p1a: Celesteela|Leech Seed|p2a: Sinistcha\n|-immune|p2a: Sinistcha\n|\n|upkeep\n|turn|34\n|\n|t:|1700231852\n|move|p2a: Sinistcha|Shadow Ball|p1a: Celesteela\n|-damage|p1a: Celesteela|25\/100\n|-unboost|p1a: Celesteela|spd|1\n|move|p1a: Celesteela|Substitute|p1a: Celesteela\n|-fail|p1a: Celesteela|move: Substitute|[weak]\n|\n|upkeep\n|turn|35\n|\n|t:|1700231860\n|move|p2a: Sinistcha|Shadow Ball|p1a: Celesteela\n|-damage|p1a: Celesteela|0 fnt\n|faint|p1a: Celesteela\n|\n|upkeep\n|\n|t:|1700231866\n|switch|p1a: Swampert|Swampert, M|27\/100\n|turn|36\n|\n|t:|1700231870\n|move|p1a: Swampert|Scald|p2a: Sinistcha\n|-resisted|p2a: Sinistcha\n|-damage|p2a: Sinistcha|79\/100\n|-status|p2a: Sinistcha|brn\n|move|p2a: Sinistcha|Matcha Gotcha|p1a: Swampert\n|-supereffective|p1a: Swampert\n|-damage|p1a: Swampert|0 fnt\n|-heal|p2a: Sinistcha|96\/100 brn|[from] drain|[of] p1a: Swampert\n|faint|p1a: Swampert\n|\n|-heal|p2a: Sinistcha|100\/100 brn|[from] item: Leftovers\n|-damage|p2a: Sinistcha|98\/100 brn|[from] brn\n|upkeep\n|-message|kraydel5 forfeited.\n|\n|win|xenoswagzilla\n|raw|kraydel5's rating: 1079 &rarr; <strong>1061<\/strong><br \/>(-18 for losing)\n|raw|xenoswagzilla's rating: 1137 &rarr; <strong>1158<\/strong><br \/>(+21 for winning)\n|l|\u2606kraydel5\n","uploadtime":1700231888,"views":5,"p1id":"kraydel5","p2id":"xenoswagzilla","formatid":"gen9nationaldex","rating":1061,"private":0,"password":""}