{"id":"gen9nationaldex-1993771033","p1":"try try something","p2":"henry090419","format":"[Gen 9] National Dex","log":"|j|\u2606try try something\n|j|\u2606henry090419\n|t:|1700355284\n|gametype|singles\n|player|p1|try try something|red|1310\n|player|p2|henry090419|2|1337\n|teamsize|p1|6\n|teamsize|p2|6\n|gen|9\n|tier|[Gen 9] National Dex\n|rated|\n|rule|HP Percentage Mod: HP is shown in percentages\n|rule|Endless Battle Clause: Forcing endless battles is banned\n|rule|OHKO Clause: OHKO moves are banned\n|rule|Evasion Clause: Evasion abilities, items, and moves are banned\n|rule|Evasion Abilities Clause: Evasion abilities are banned\n|rule|Evasion Items Clause: Evasion items are banned\n|rule|Evasion Moves Clause: Evasion moves are banned\n|rule|Species Clause: Limit one of each Pok\u00e9mon\n|rule|Sleep Clause Mod: Limit one foe put to sleep\n|clearpoke\n|poke|p1|Latias, F|\n|poke|p1|Ogerpon-Wellspring, F|\n|poke|p1|Samurott-Hisui, M|\n|poke|p1|Skeledirge, F|\n|poke|p1|Diancie|\n|poke|p1|Goodra-Hisui, F|\n|poke|p2|Cresselia, F|\n|poke|p2|Great Tusk|\n|poke|p2|Zapdos|\n|poke|p2|Garganacl, M|\n|poke|p2|Heatran, F|\n|poke|p2|Tapu Bulu|\n|teampreview\n|inactive|Battle timer is ON: inactive players will automatically lose when time's up. (requested by try try something)\n|\n|t:|1700355298\n|start\n|switch|p1a: \u950b\u5229\u5251\u9b3c\uff0c\u79d8\u5251\u65a9\u6076|Samurott-Hisui, M, shiny|100\/100\n|switch|p2a: Zapdos|Zapdos|100\/100\n|turn|1\n|\n|t:|1700355308\n|switch|p1a: \u98d8\u6d6e\u59b9\u59b9\uff0c\u666e\u6d4e\u4f17\u751f|Latias, F|100\/100\n|move|p2a: Zapdos|Volt Switch|p1a: \u98d8\u6d6e\u59b9\u59b9\uff0c\u666e\u6d4e\u4f17\u751f\n|-resisted|p1a: \u98d8\u6d6e\u59b9\u59b9\uff0c\u666e\u6d4e\u4f17\u751f\n|-damage|p1a: \u98d8\u6d6e\u59b9\u59b9\uff0c\u666e\u6d4e\u4f17\u751f|87\/100\n|inactive|henry090419 has 120 seconds left.\n|\n|t:|1700355339\n|switch|p2a: Heatran|Heatran, F|100\/100|[from] Volt Switch\n|\n|upkeep\n|turn|2\n|\n|t:|1700355361\n|switch|p1a: \u950b\u5229\u5251\u9b3c\uff0c\u79d8\u5251\u65a9\u6076|Samurott-Hisui, M, shiny|100\/100\n|move|p2a: Heatran|Toxic|p1a: \u950b\u5229\u5251\u9b3c\uff0c\u79d8\u5251\u65a9\u6076\n|-status|p1a: \u950b\u5229\u5251\u9b3c\uff0c\u79d8\u5251\u65a9\u6076|tox\n|\n|-damage|p1a: \u950b\u5229\u5251\u9b3c\uff0c\u79d8\u5251\u65a9\u6076|94\/100 tox|[from] psn\n|upkeep\n|turn|3\n|\n|t:|1700355370\n|move|p2a: Heatran|Protect|p2a: Heatran\n|-singleturn|p2a: Heatran|Protect\n|move|p1a: \u950b\u5229\u5251\u9b3c\uff0c\u79d8\u5251\u65a9\u6076|Ceaseless Edge|p2a: Heatran\n|-activate|p2a: Heatran|move: Protect\n|\n|-damage|p1a: \u950b\u5229\u5251\u9b3c\uff0c\u79d8\u5251\u65a9\u6076|82\/100 tox|[from] psn\n|upkeep\n|turn|4\n|\n|t:|1700355376\n|switch|p2a: Zapdos|Zapdos|100\/100\n|move|p1a: \u950b\u5229\u5251\u9b3c\uff0c\u79d8\u5251\u65a9\u6076|Razor Shell|p2a: Zapdos\n|-damage|p2a: Zapdos|64\/100\n|\n|-damage|p1a: \u950b\u5229\u5251\u9b3c\uff0c\u79d8\u5251\u65a9\u6076|63\/100 tox|[from] psn\n|upkeep\n|turn|5\n|\n|t:|1700355388\n|switch|p1a: \u98d8\u6d6e\u59b9\u59b9\uff0c\u666e\u6d4e\u4f17\u751f|Latias, F|87\/100\n|move|p2a: Zapdos|Roost|p2a: Zapdos\n|-heal|p2a: Zapdos|100\/100\n|-singleturn|p2a: Zapdos|move: Roost\n|\n|upkeep\n|turn|6\n|\n|t:|1700355400\n|switch|p2a: Garganacl|Garganacl, M|100\/100\n|move|p1a: \u98d8\u6d6e\u59b9\u59b9\uff0c\u666e\u6d4e\u4f17\u751f|Psychic|p2a: Garganacl\n|-damage|p2a: Garganacl|70\/100\n|\n|-heal|p2a: Garganacl|76\/100|[from] item: Leftovers\n|upkeep\n|turn|7\n|\n|t:|1700355405\n|move|p1a: \u98d8\u6d6e\u59b9\u59b9\uff0c\u666e\u6d4e\u4f17\u751f|Psychic|p2a: Garganacl\n|-damage|p2a: Garganacl|46\/100\n|move|p2a: Garganacl|Salt Cure|p1a: \u98d8\u6d6e\u59b9\u59b9\uff0c\u666e\u6d4e\u4f17\u751f\n|-damage|p1a: \u98d8\u6d6e\u59b9\u59b9\uff0c\u666e\u6d4e\u4f17\u751f|70\/100\n|-start|p1a: \u98d8\u6d6e\u59b9\u59b9\uff0c\u666e\u6d4e\u4f17\u751f|Salt Cure\n|\n|-heal|p2a: Garganacl|52\/100|[from] item: Leftovers\n|-damage|p1a: \u98d8\u6d6e\u59b9\u59b9\uff0c\u666e\u6d4e\u4f17\u751f|57\/100|[from] Salt Cure\n|upkeep\n|turn|8\n|\n|t:|1700355410\n|move|p1a: \u98d8\u6d6e\u59b9\u59b9\uff0c\u666e\u6d4e\u4f17\u751f|Psychic|p2a: Garganacl\n|-damage|p2a: Garganacl|22\/100\n|move|p2a: Garganacl|Recover|p2a: Garganacl\n|-heal|p2a: Garganacl|72\/100\n|\n|-heal|p2a: Garganacl|78\/100|[from] item: Leftovers\n|-damage|p1a: \u98d8\u6d6e\u59b9\u59b9\uff0c\u666e\u6d4e\u4f17\u751f|45\/100|[from] Salt Cure\n|upkeep\n|turn|9\n|\n|t:|1700355417\n|switch|p1a: \u786c\u7532\u9732\u9f99\uff0c\u94dc\u5899\u94c1\u58c1|Goodra-Hisui, F|100\/100\n|move|p2a: Garganacl|Iron Defense|p2a: Garganacl\n|-boost|p2a: Garganacl|def|2\n|\n|-heal|p2a: Garganacl|84\/100|[from] item: Leftovers\n|upkeep\n|turn|10\n|\n|t:|1700355421\n|move|p1a: \u786c\u7532\u9732\u9f99\uff0c\u94dc\u5899\u94c1\u58c1|Flash Cannon|p2a: Garganacl\n|-supereffective|p2a: Garganacl\n|-damage|p2a: Garganacl|28\/100\n|move|p2a: Garganacl|Salt Cure|p1a: \u786c\u7532\u9732\u9f99\uff0c\u94dc\u5899\u94c1\u58c1\n|-resisted|p1a: \u786c\u7532\u9732\u9f99\uff0c\u94dc\u5899\u94c1\u58c1\n|-damage|p1a: \u786c\u7532\u9732\u9f99\uff0c\u94dc\u5899\u94c1\u58c1|94\/100\n|-start|p1a: \u786c\u7532\u9732\u9f99\uff0c\u94dc\u5899\u94c1\u58c1|Salt Cure\n|\n|-heal|p2a: Garganacl|34\/100|[from] item: Leftovers\n|-damage|p1a: \u786c\u7532\u9732\u9f99\uff0c\u94dc\u5899\u94c1\u58c1|69\/100|[from] Salt Cure\n|upkeep\n|turn|11\n|\n|t:|1700355428\n|-terastallize|p2a: Garganacl|Ghost\n|move|p1a: \u786c\u7532\u9732\u9f99\uff0c\u94dc\u5899\u94c1\u58c1|Flash Cannon|p2a: Garganacl\n|-damage|p2a: Garganacl|8\/100\n|move|p2a: Garganacl|Recover|p2a: Garganacl\n|-heal|p2a: Garganacl|59\/100\n|\n|-heal|p2a: Garganacl|65\/100|[from] item: Leftovers\n|-damage|p1a: \u786c\u7532\u9732\u9f99\uff0c\u94dc\u5899\u94c1\u58c1|44\/100|[from] Salt Cure\n|upkeep\n|turn|12\n|\n|t:|1700355438\n|switch|p1a: \u950b\u5229\u5251\u9b3c\uff0c\u79d8\u5251\u65a9\u6076|Samurott-Hisui, M, shiny|63\/100 tox\n|move|p2a: Garganacl|Recover|p2a: Garganacl\n|-heal|p2a: Garganacl|100\/100\n|\n|-damage|p1a: \u950b\u5229\u5251\u9b3c\uff0c\u79d8\u5251\u65a9\u6076|57\/100 tox|[from] psn\n|upkeep\n|turn|13\n|\n|t:|1700355447\n|move|p1a: \u950b\u5229\u5251\u9b3c\uff0c\u79d8\u5251\u65a9\u6076|Ceaseless Edge|p2a: Garganacl\n|-supereffective|p2a: Garganacl\n|-damage|p2a: Garganacl|72\/100\n|-sidestart|p2: henry090419|Spikes\n|move|p2a: Garganacl|Iron Defense|p2a: Garganacl\n|-boost|p2a: Garganacl|def|2\n|-enditem|p1a: \u950b\u5229\u5251\u9b3c\uff0c\u79d8\u5251\u65a9\u6076|Mirror Herb\n|-boost|p1a: \u950b\u5229\u5251\u9b3c\uff0c\u79d8\u5251\u65a9\u6076|def|2|[from] item: Mirror Herb\n|\n|-heal|p2a: Garganacl|78\/100|[from] item: Leftovers\n|-damage|p1a: \u950b\u5229\u5251\u9b3c\uff0c\u79d8\u5251\u65a9\u6076|44\/100 tox|[from] psn\n|upkeep\n|turn|14\n|\n|t:|1700355455\n|move|p1a: \u950b\u5229\u5251\u9b3c\uff0c\u79d8\u5251\u65a9\u6076|Ceaseless Edge|p2a: Garganacl\n|-supereffective|p2a: Garganacl\n|-damage|p2a: Garganacl|57\/100\n|-sidestart|p2: henry090419|Spikes\n|move|p2a: Garganacl|Iron Defense|p2a: Garganacl\n|-boost|p2a: Garganacl|def|2\n|\n|-heal|p2a: Garganacl|63\/100|[from] item: Leftovers\n|-damage|p1a: \u950b\u5229\u5251\u9b3c\uff0c\u79d8\u5251\u65a9\u6076|26\/100 tox|[from] psn\n|upkeep\n|turn|15\n|\n|t:|1700355465\n|move|p1a: \u950b\u5229\u5251\u9b3c\uff0c\u79d8\u5251\u65a9\u6076|Ceaseless Edge|p2a: Garganacl\n|-supereffective|p2a: Garganacl\n|-damage|p2a: Garganacl|49\/100\n|-sidestart|p2: henry090419|Spikes\n|move|p2a: Garganacl|Salt Cure|p1a: \u950b\u5229\u5251\u9b3c\uff0c\u79d8\u5251\u65a9\u6076\n|-damage|p1a: \u950b\u5229\u5251\u9b3c\uff0c\u79d8\u5251\u65a9\u6076|16\/100 tox\n|-start|p1a: \u950b\u5229\u5251\u9b3c\uff0c\u79d8\u5251\u65a9\u6076|Salt Cure\n|\n|-heal|p2a: Garganacl|56\/100|[from] item: Leftovers\n|-damage|p1a: \u950b\u5229\u5251\u9b3c\uff0c\u79d8\u5251\u65a9\u6076|0 fnt|[from] psn\n|faint|p1a: \u950b\u5229\u5251\u9b3c\uff0c\u79d8\u5251\u65a9\u6076\n|upkeep\n|\n|t:|1700355476\n|switch|p1a: \u7eaf\u6734\u706b\u9cc4\uff0c\u9ad8\u6b4c\u731b\u8fdb|Skeledirge, F|100\/100\n|turn|16\n|\n|t:|1700355481\n|move|p1a: \u7eaf\u6734\u706b\u9cc4\uff0c\u9ad8\u6b4c\u731b\u8fdb|Shadow Ball|p2a: Garganacl\n|-supereffective|p2a: Garganacl\n|-damage|p2a: Garganacl|35\/100\n|move|p2a: Garganacl|Recover|p2a: Garganacl\n|-heal|p2a: Garganacl|85\/100\n|\n|-heal|p2a: Garganacl|91\/100|[from] item: Leftovers\n|upkeep\n|turn|17\n|\n|t:|1700355488\n|move|p1a: \u7eaf\u6734\u706b\u9cc4\uff0c\u9ad8\u6b4c\u731b\u8fdb|Shadow Ball|p2a: Garganacl\n|-supereffective|p2a: Garganacl\n|-damage|p2a: Garganacl|73\/100\n|move|p2a: Garganacl|Salt Cure|p1a: \u7eaf\u6734\u706b\u9cc4\uff0c\u9ad8\u6b4c\u731b\u8fdb\n|-supereffective|p1a: \u7eaf\u6734\u706b\u9cc4\uff0c\u9ad8\u6b4c\u731b\u8fdb\n|-damage|p1a: \u7eaf\u6734\u706b\u9cc4\uff0c\u9ad8\u6b4c\u731b\u8fdb|75\/100\n|-start|p1a: \u7eaf\u6734\u706b\u9cc4\uff0c\u9ad8\u6b4c\u731b\u8fdb|Salt Cure\n|\n|-heal|p1a: \u7eaf\u6734\u706b\u9cc4\uff0c\u9ad8\u6b4c\u731b\u8fdb|81\/100|[from] item: Leftovers\n|-heal|p2a: Garganacl|79\/100|[from] item: Leftovers\n|-damage|p1a: \u7eaf\u6734\u706b\u9cc4\uff0c\u9ad8\u6b4c\u731b\u8fdb|69\/100|[from] Salt Cure\n|upkeep\n|turn|18\n|\n|t:|1700355503\n|switch|p1a: \u786c\u7532\u9732\u9f99\uff0c\u94dc\u5899\u94c1\u58c1|Goodra-Hisui, F|44\/100\n|move|p2a: Garganacl|Salt Cure|p1a: \u786c\u7532\u9732\u9f99\uff0c\u94dc\u5899\u94c1\u58c1\n|-resisted|p1a: \u786c\u7532\u9732\u9f99\uff0c\u94dc\u5899\u94c1\u58c1\n|-crit|p1a: \u786c\u7532\u9732\u9f99\uff0c\u94dc\u5899\u94c1\u58c1\n|-damage|p1a: \u786c\u7532\u9732\u9f99\uff0c\u94dc\u5899\u94c1\u58c1|34\/100\n|-start|p1a: \u786c\u7532\u9732\u9f99\uff0c\u94dc\u5899\u94c1\u58c1|Salt Cure\n|\n|-heal|p2a: Garganacl|85\/100|[from] item: Leftovers\n|-damage|p1a: \u786c\u7532\u9732\u9f99\uff0c\u94dc\u5899\u94c1\u58c1|9\/100|[from] Salt Cure\n|upkeep\n|turn|19\n|\n|t:|1700355511\n|switch|p1a: \u98d8\u6d6e\u59b9\u59b9\uff0c\u666e\u6d4e\u4f17\u751f|Latias, F|45\/100\n|move|p2a: Garganacl|Body Press|p1a: \u98d8\u6d6e\u59b9\u59b9\uff0c\u666e\u6d4e\u4f17\u751f\n|-resisted|p1a: \u98d8\u6d6e\u59b9\u59b9\uff0c\u666e\u6d4e\u4f17\u751f\n|-damage|p1a: \u98d8\u6d6e\u59b9\u59b9\uff0c\u666e\u6d4e\u4f17\u751f|0 fnt\n|faint|p1a: \u98d8\u6d6e\u59b9\u59b9\uff0c\u666e\u6d4e\u4f17\u751f\n|\n|-heal|p2a: Garganacl|91\/100|[from] item: Leftovers\n|upkeep\n|\n|t:|1700355518\n|switch|p1a: \u9b54\u6cd5\u516c\u4e3b\uff0c\u94bb\u77f3\u7f24\u7eb7|Diancie|100\/100\n|turn|20\n|\n|t:|1700355525\n|detailschange|p1a: \u9b54\u6cd5\u516c\u4e3b\uff0c\u94bb\u77f3\u7f24\u7eb7|Diancie-Mega\n|-mega|p1a: \u9b54\u6cd5\u516c\u4e3b\uff0c\u94bb\u77f3\u7f24\u7eb7|Diancie|Diancite\n|move|p1a: \u9b54\u6cd5\u516c\u4e3b\uff0c\u94bb\u77f3\u7f24\u7eb7|Moonblast|p2a: Garganacl\n|-damage|p2a: Garganacl|52\/100\n|-unboost|p2a: Garganacl|spa|1\n|move|p2a: Garganacl|Body Press|p1a: \u9b54\u6cd5\u516c\u4e3b\uff0c\u94bb\u77f3\u7f24\u7eb7\n|-damage|p1a: \u9b54\u6cd5\u516c\u4e3b\uff0c\u94bb\u77f3\u7f24\u7eb7|0 fnt\n|faint|p1a: \u9b54\u6cd5\u516c\u4e3b\uff0c\u94bb\u77f3\u7f24\u7eb7\n|\n|-heal|p2a: Garganacl|58\/100|[from] item: Leftovers\n|upkeep\n|\n|t:|1700355541\n|switch|p1a: \u786c\u7532\u9732\u9f99\uff0c\u94dc\u5899\u94c1\u58c1|Goodra-Hisui, F|9\/100\n|turn|21\n|\n|t:|1700355546\n|move|p1a: \u786c\u7532\u9732\u9f99\uff0c\u94dc\u5899\u94c1\u58c1|Flash Cannon|p2a: Garganacl\n|-damage|p2a: Garganacl|34\/100\n|-unboost|p2a: Garganacl|spd|1\n|move|p2a: Garganacl|Recover|p2a: Garganacl\n|-heal|p2a: Garganacl|84\/100\n|\n|-heal|p2a: Garganacl|90\/100|[from] item: Leftovers\n|upkeep\n|turn|22\n|\n|t:|1700355558\n|move|p1a: \u786c\u7532\u9732\u9f99\uff0c\u94dc\u5899\u94c1\u58c1|Flash Cannon|p2a: Garganacl\n|-damage|p2a: Garganacl|52\/100\n|move|p2a: Garganacl|Salt Cure|p1a: \u786c\u7532\u9732\u9f99\uff0c\u94dc\u5899\u94c1\u58c1\n|-resisted|p1a: \u786c\u7532\u9732\u9f99\uff0c\u94dc\u5899\u94c1\u58c1\n|-damage|p1a: \u786c\u7532\u9732\u9f99\uff0c\u94dc\u5899\u94c1\u58c1|2\/100\n|-start|p1a: \u786c\u7532\u9732\u9f99\uff0c\u94dc\u5899\u94c1\u58c1|Salt Cure\n|\n|-heal|p2a: Garganacl|58\/100|[from] item: Leftovers\n|-damage|p1a: \u786c\u7532\u9732\u9f99\uff0c\u94dc\u5899\u94c1\u58c1|0 fnt|[from] Salt Cure\n|faint|p1a: \u786c\u7532\u9732\u9f99\uff0c\u94dc\u5899\u94c1\u58c1\n|upkeep\n|\n|t:|1700355563\n|switch|p1a: \u7eaf\u6734\u706b\u9cc4\uff0c\u9ad8\u6b4c\u731b\u8fdb|Skeledirge, F|69\/100\n|turn|23\n|\n|t:|1700355568\n|move|p1a: \u7eaf\u6734\u706b\u9cc4\uff0c\u9ad8\u6b4c\u731b\u8fdb|Shadow Ball|p2a: Garganacl\n|-supereffective|p2a: Garganacl\n|-damage|p2a: Garganacl|26\/100\n|move|p2a: Garganacl|Salt Cure|p1a: \u7eaf\u6734\u706b\u9cc4\uff0c\u9ad8\u6b4c\u731b\u8fdb\n|-supereffective|p1a: \u7eaf\u6734\u706b\u9cc4\uff0c\u9ad8\u6b4c\u731b\u8fdb\n|-damage|p1a: \u7eaf\u6734\u706b\u9cc4\uff0c\u9ad8\u6b4c\u731b\u8fdb|47\/100\n|-start|p1a: \u7eaf\u6734\u706b\u9cc4\uff0c\u9ad8\u6b4c\u731b\u8fdb|Salt Cure\n|\n|-heal|p1a: \u7eaf\u6734\u706b\u9cc4\uff0c\u9ad8\u6b4c\u731b\u8fdb|53\/100|[from] item: Leftovers\n|-heal|p2a: Garganacl|33\/100|[from] item: Leftovers\n|-damage|p1a: \u7eaf\u6734\u706b\u9cc4\uff0c\u9ad8\u6b4c\u731b\u8fdb|41\/100|[from] Salt Cure\n|upkeep\n|turn|24\n|\n|t:|1700355577\n|move|p1a: \u7eaf\u6734\u706b\u9cc4\uff0c\u9ad8\u6b4c\u731b\u8fdb|Shadow Ball|p2a: Garganacl\n|-supereffective|p2a: Garganacl\n|-damage|p2a: Garganacl|5\/100\n|-unboost|p2a: Garganacl|spd|1\n|move|p2a: Garganacl|Recover|p2a: Garganacl\n|-heal|p2a: Garganacl|55\/100\n|\n|-heal|p1a: \u7eaf\u6734\u706b\u9cc4\uff0c\u9ad8\u6b4c\u731b\u8fdb|47\/100|[from] item: Leftovers\n|-heal|p2a: Garganacl|62\/100|[from] item: Leftovers\n|-damage|p1a: \u7eaf\u6734\u706b\u9cc4\uff0c\u9ad8\u6b4c\u731b\u8fdb|34\/100|[from] Salt Cure\n|upkeep\n|turn|25\n|\n|t:|1700355582\n|move|p1a: \u7eaf\u6734\u706b\u9cc4\uff0c\u9ad8\u6b4c\u731b\u8fdb|Shadow Ball|p2a: Garganacl\n|-supereffective|p2a: Garganacl\n|-damage|p2a: Garganacl|20\/100\n|move|p2a: Garganacl|Recover|p2a: Garganacl\n|-heal|p2a: Garganacl|70\/100\n|\n|-heal|p1a: \u7eaf\u6734\u706b\u9cc4\uff0c\u9ad8\u6b4c\u731b\u8fdb|41\/100|[from] item: Leftovers\n|-heal|p2a: Garganacl|76\/100|[from] item: Leftovers\n|-damage|p1a: \u7eaf\u6734\u706b\u9cc4\uff0c\u9ad8\u6b4c\u731b\u8fdb|28\/100|[from] Salt Cure\n|upkeep\n|turn|26\n|\n|t:|1700355589\n|move|p1a: \u7eaf\u6734\u706b\u9cc4\uff0c\u9ad8\u6b4c\u731b\u8fdb|Shadow Ball|p2a: Garganacl\n|-supereffective|p2a: Garganacl\n|-damage|p2a: Garganacl|37\/100\n|move|p2a: Garganacl|Recover|p2a: Garganacl\n|-heal|p2a: Garganacl|88\/100\n|\n|-heal|p1a: \u7eaf\u6734\u706b\u9cc4\uff0c\u9ad8\u6b4c\u731b\u8fdb|34\/100|[from] item: Leftovers\n|-heal|p2a: Garganacl|94\/100|[from] item: Leftovers\n|-damage|p1a: \u7eaf\u6734\u706b\u9cc4\uff0c\u9ad8\u6b4c\u731b\u8fdb|22\/100|[from] Salt Cure\n|upkeep\n|turn|27\n|\n|t:|1700355597\n|move|p1a: \u7eaf\u6734\u706b\u9cc4\uff0c\u9ad8\u6b4c\u731b\u8fdb|Slack Off|p1a: \u7eaf\u6734\u706b\u9cc4\uff0c\u9ad8\u6b4c\u731b\u8fdb\n|-heal|p1a: \u7eaf\u6734\u706b\u9cc4\uff0c\u9ad8\u6b4c\u731b\u8fdb|72\/100\n|move|p2a: Garganacl|Salt Cure|p1a: \u7eaf\u6734\u706b\u9cc4\uff0c\u9ad8\u6b4c\u731b\u8fdb\n|-supereffective|p1a: \u7eaf\u6734\u706b\u9cc4\uff0c\u9ad8\u6b4c\u731b\u8fdb\n|-damage|p1a: \u7eaf\u6734\u706b\u9cc4\uff0c\u9ad8\u6b4c\u731b\u8fdb|49\/100\n|\n|-heal|p1a: \u7eaf\u6734\u706b\u9cc4\uff0c\u9ad8\u6b4c\u731b\u8fdb|55\/100|[from] item: Leftovers\n|-heal|p2a: Garganacl|99\/100|[from] item: Leftovers\n|-damage|p1a: \u7eaf\u6734\u706b\u9cc4\uff0c\u9ad8\u6b4c\u731b\u8fdb|42\/100|[from] Salt Cure\n|upkeep\n|turn|28\n|\n|t:|1700355612\n|switch|p2a: Great Tusk|Great Tusk|100\/100\n|-damage|p2a: Great Tusk|76\/100|[from] Spikes\n|move|p1a: \u7eaf\u6734\u706b\u9cc4\uff0c\u9ad8\u6b4c\u731b\u8fdb|Shadow Ball|p2a: Great Tusk\n|-damage|p2a: Great Tusk|31\/100\n|\n|-heal|p1a: \u7eaf\u6734\u706b\u9cc4\uff0c\u9ad8\u6b4c\u731b\u8fdb|48\/100|[from] item: Leftovers\n|-damage|p1a: \u7eaf\u6734\u706b\u9cc4\uff0c\u9ad8\u6b4c\u731b\u8fdb|36\/100|[from] Salt Cure\n|upkeep\n|turn|29\n|\n|t:|1700355619\n|move|p2a: Great Tusk|Headlong Rush|p1a: \u7eaf\u6734\u706b\u9cc4\uff0c\u9ad8\u6b4c\u731b\u8fdb\n|-supereffective|p1a: \u7eaf\u6734\u706b\u9cc4\uff0c\u9ad8\u6b4c\u731b\u8fdb\n|-damage|p1a: \u7eaf\u6734\u706b\u9cc4\uff0c\u9ad8\u6b4c\u731b\u8fdb|0 fnt\n|-unboost|p2a: Great Tusk|def|1\n|-unboost|p2a: Great Tusk|spd|1\n|faint|p1a: \u7eaf\u6734\u706b\u9cc4\uff0c\u9ad8\u6b4c\u731b\u8fdb\n|\n|upkeep\n|\n|t:|1700355621\n|switch|p1a: \u8f89\u6620\u692a\u692a\uff0c\u68d2\u5f11\u4f17\u795e|Ogerpon-Wellspring, F|100\/100\n|turn|30\n|\n|t:|1700355626\n|move|p1a: \u8f89\u6620\u692a\u692a\uff0c\u68d2\u5f11\u4f17\u795e|Trailblaze|p2a: Great Tusk\n|-supereffective|p2a: Great Tusk\n|-damage|p2a: Great Tusk|0 fnt\n|-boost|p1a: \u8f89\u6620\u692a\u692a\uff0c\u68d2\u5f11\u4f17\u795e|spe|1\n|faint|p2a: Great Tusk\n|-end|p2a: Great Tusk|Protosynthesis|[silent]\n|\n|upkeep\n|\n|t:|1700355636\n|switch|p2a: Zapdos|Zapdos|100\/100\n|turn|31\n|\n|t:|1700355642\n|move|p1a: \u8f89\u6620\u692a\u692a\uff0c\u68d2\u5f11\u4f17\u795e|Swords Dance|p1a: \u8f89\u6620\u692a\u692a\uff0c\u68d2\u5f11\u4f17\u795e\n|-boost|p1a: \u8f89\u6620\u692a\u692a\uff0c\u68d2\u5f11\u4f17\u795e|atk|2\n|move|p2a: Zapdos|Defog|p1a: \u8f89\u6620\u692a\u692a\uff0c\u68d2\u5f11\u4f17\u795e\n|-unboost|p1a: \u8f89\u6620\u692a\u692a\uff0c\u68d2\u5f11\u4f17\u795e|evasion|1\n|-sideend|p2: henry090419|Spikes|[from] move: Defog|[of] p2a: Zapdos\n|\n|upkeep\n|turn|32\n|\n|t:|1700355650\n|-terastallize|p1a: \u8f89\u6620\u692a\u692a\uff0c\u68d2\u5f11\u4f17\u795e|Water\n|detailschange|p1a: \u8f89\u6620\u692a\u692a\uff0c\u68d2\u5f11\u4f17\u795e|Ogerpon-Wellspring-Tera, F, tera:Water\n|-ability|p1a: \u8f89\u6620\u692a\u692a\uff0c\u68d2\u5f11\u4f17\u795e|Embody Aspect (Wellspring)|boost\n|-boost|p1a: \u8f89\u6620\u692a\u692a\uff0c\u68d2\u5f11\u4f17\u795e|spd|1\n|move|p1a: \u8f89\u6620\u692a\u692a\uff0c\u68d2\u5f11\u4f17\u795e|Ivy Cudgel|p2a: Zapdos|[anim] Ivy Cudgel Water\n|-damage|p2a: Zapdos|0 fnt\n|faint|p2a: Zapdos\n|\n|upkeep\n|\n|t:|1700355659\n|switch|p2a: Garganacl|Garganacl, M, tera:Ghost|99\/100\n|turn|33\n|\n|t:|1700355664\n|move|p1a: \u8f89\u6620\u692a\u692a\uff0c\u68d2\u5f11\u4f17\u795e|Ivy Cudgel|p2a: Garganacl|[anim] Ivy Cudgel Water\n|-damage|p2a: Garganacl|0 fnt\n|faint|p2a: Garganacl\n|\n|upkeep\n|\n|t:|1700355668\n|switch|p2a: Tapu Bulu|Tapu Bulu|100\/100\n|-fieldstart|move: Grassy Terrain|[from] ability: Grassy Surge|[of] p2a: Tapu Bulu\n|turn|34\n|\n|t:|1700355675\n|move|p1a: \u8f89\u6620\u692a\u692a\uff0c\u68d2\u5f11\u4f17\u795e|Ivy Cudgel|p2a: Tapu Bulu|[anim] Ivy Cudgel Water\n|-resisted|p2a: Tapu Bulu\n|-crit|p2a: Tapu Bulu\n|-damage|p2a: Tapu Bulu|0 fnt\n|faint|p2a: Tapu Bulu\n|\n|upkeep\n|\n|t:|1700355681\n|switch|p2a: Cresselia|Cresselia, F|100\/100\n|-enditem|p2a: Cresselia|Grassy Seed\n|-boost|p2a: Cresselia|def|1|[from] item: Grassy Seed\n|turn|35\n|\n|t:|1700355691\n|move|p1a: \u8f89\u6620\u692a\u692a\uff0c\u68d2\u5f11\u4f17\u795e|Ivy Cudgel|p2a: Cresselia|[anim] Ivy Cudgel Water\n|-crit|p2a: Cresselia\n|-damage|p2a: Cresselia|0 fnt\n|faint|p2a: Cresselia\n|\n|upkeep\n|\n|t:|1700355693\n|switch|p2a: Heatran|Heatran, F|100\/100\n|turn|36\n|\n|t:|1700355701\n|move|p1a: \u8f89\u6620\u692a\u692a\uff0c\u68d2\u5f11\u4f17\u795e|Ivy Cudgel|p2a: Heatran|[anim] Ivy Cudgel Water\n|-supereffective|p2a: Heatran\n|-damage|p2a: Heatran|0 fnt\n|faint|p2a: Heatran\n|\n|win|try try something\n|raw|try try something's rating: 1310 &rarr; <strong>1332<\/strong><br \/>(+22 for winning)\n|raw|henry090419's rating: 1337 &rarr; <strong>1315<\/strong><br \/>(-22 for losing)\n|c|\u2606henry090419|gg\n|l|\u2606henry090419\n","uploadtime":1700355736,"views":34,"p1id":"trytrysomething","p2id":"henry090419","formatid":"gen9nationaldex","rating":1315,"private":0,"password":""}