{"id":"gen9nationaldex-1998749731","p1":"alejandroacab","p2":"AN0MALY_USER_666","format":"[Gen 9] National Dex","log":"|html|<div class=\"broadcast-blue\"><strong>[Gen 9] National Dex is currently suspecting Sneasler! For information on how to participate check out the <a href=\"https:\/\/www.smogon.com\/forums\/threads\/sv-national-dex-suspect-8-just-dance.3731534\/\">suspect thread<\/a>.<\/strong><\/div>\n|j|\u2606alejandroacab\n|j|\u2606AN0MALY_USER_666\n|t:|1700982982\n|gametype|singles\n|player|p1|alejandroacab|rocketgrunt|1087\n|player|p2|AN0MALY_USER_666|unknown|1057\n|teamsize|p1|3\n|teamsize|p2|6\n|gen|9\n|tier|[Gen 9] National Dex\n|rated|\n|rule|HP Percentage Mod: HP is shown in percentages\n|rule|Endless Battle Clause: Forcing endless battles is banned\n|rule|OHKO Clause: OHKO moves are banned\n|rule|Evasion Clause: Evasion abilities, items, and moves are banned\n|rule|Evasion Abilities Clause: Evasion abilities are banned\n|rule|Evasion Items Clause: Evasion items are banned\n|rule|Evasion Moves Clause: Evasion moves are banned\n|rule|Species Clause: Limit one of each Pok\u00e9mon\n|rule|Sleep Clause Mod: Limit one foe put to sleep\n|clearpoke\n|poke|p1|Qwilfish-Hisui, F|\n|poke|p1|Miltank, F|\n|poke|p1|Cloyster, M|\n|poke|p2|Coalossal, M|\n|poke|p2|Charizard, M|\n|poke|p2|Heatran, M|\n|poke|p2|Blaziken, M|\n|poke|p2|Ceruledge, M|\n|poke|p2|Moltres|\n|teampreview\n|inactive|Battle timer is ON: inactive players will automatically lose when time's up. (requested by AN0MALY_USER_666)\n|\n|t:|1700982985\n|start\n|switch|p1a: Qwilfish|Qwilfish-Hisui, F, shiny|100\/100\n|switch|p2a: Blaziken|Blaziken, M, shiny|100\/100\n|-ability|p1a: Qwilfish|Intimidate|boost\n|-unboost|p2a: Blaziken|atk|1\n|turn|1\n|\n|t:|1700983002\n|move|p2a: Blaziken|Bulk Up|p2a: Blaziken\n|-boost|p2a: Blaziken|atk|1\n|-boost|p2a: Blaziken|def|1\n|move|p1a: Qwilfish|Stockpile|p1a: Qwilfish\n|-start|p1a: Qwilfish|stockpile1\n|-boost|p1a: Qwilfish|def|1\n|-boost|p1a: Qwilfish|spd|1\n|\n|-ability|p2a: Blaziken|Speed Boost|boost\n|-boost|p2a: Blaziken|spe|1\n|upkeep\n|turn|2\n|\n|t:|1700983013\n|move|p2a: Blaziken|Bulk Up|p2a: Blaziken\n|-boost|p2a: Blaziken|atk|1\n|-boost|p2a: Blaziken|def|1\n|move|p1a: Qwilfish|Stockpile|p1a: Qwilfish\n|-start|p1a: Qwilfish|stockpile2\n|-boost|p1a: Qwilfish|def|1\n|-boost|p1a: Qwilfish|spd|1\n|\n|-ability|p2a: Blaziken|Speed Boost|boost\n|-boost|p2a: Blaziken|spe|1\n|upkeep\n|turn|3\n|\n|t:|1700983024\n|move|p2a: Blaziken|Bulk Up|p2a: Blaziken\n|-boost|p2a: Blaziken|atk|1\n|-boost|p2a: Blaziken|def|1\n|move|p1a: Qwilfish|Stockpile|p1a: Qwilfish\n|-start|p1a: Qwilfish|stockpile3\n|-boost|p1a: Qwilfish|def|1\n|-boost|p1a: Qwilfish|spd|1\n|\n|-ability|p2a: Blaziken|Speed Boost|boost\n|-boost|p2a: Blaziken|spe|1\n|upkeep\n|turn|4\n|inactive|alejandroacab has 120 seconds left.\n|inactive|alejandroacab has 90 seconds left.\n|inactive|alejandroacab has 60 seconds left.\n|inactive|alejandroacab has 30 seconds left.\n|\n|t:|1700983141\n|move|p2a: Blaziken|Knock Off|p1a: Qwilfish\n|-resisted|p1a: Qwilfish\n|-damage|p1a: Qwilfish|93\/100\n|-enditem|p1a: Qwilfish|Eviolite|[from] move: Knock Off|[of] p2a: Blaziken\n|move|p1a: Qwilfish|Stockpile||[still]\n|-fail|p1a: Qwilfish\n|\n|-ability|p2a: Blaziken|Speed Boost|boost\n|-boost|p2a: Blaziken|spe|1\n|upkeep\n|turn|5\n|inactive|alejandroacab has 30 seconds left.\n|\n|t:|1700983154\n|move|p2a: Blaziken|Bulk Up|p2a: Blaziken\n|-boost|p2a: Blaziken|atk|1\n|-boost|p2a: Blaziken|def|1\n|move|p1a: Qwilfish|Toxic Spikes|p2a: Blaziken\n|-sidestart|p2: AN0MALY_USER_666|move: Toxic Spikes\n|\n|-ability|p2a: Blaziken|Speed Boost|boost\n|-boost|p2a: Blaziken|spe|1\n|upkeep\n|turn|6\n|\n|t:|1700983165\n|move|p2a: Blaziken|Fire Punch|p1a: Qwilfish\n|-damage|p1a: Qwilfish|56\/100\n|move|p1a: Qwilfish|Toxic Spikes|p2a: Blaziken\n|-sidestart|p2: AN0MALY_USER_666|move: Toxic Spikes\n|\n|-ability|p2a: Blaziken|Speed Boost|boost\n|-boost|p2a: Blaziken|spe|1\n|upkeep\n|turn|7\n|\n|t:|1700983177\n|move|p2a: Blaziken|Bulk Up|p2a: Blaziken\n|-boost|p2a: Blaziken|atk|1\n|-boost|p2a: Blaziken|def|1\n|move|p1a: Qwilfish|Barb Barrage|p2a: Blaziken\n|-damage|p2a: Blaziken|92\/100\n|-status|p2a: Blaziken|psn\n|\n|-heal|p2a: Blaziken|99\/100 psn|[from] item: Leftovers\n|-damage|p2a: Blaziken|86\/100 psn|[from] psn\n|upkeep\n|turn|8\n|\n|t:|1700983189\n|move|p2a: Blaziken|Double Kick|p1a: Qwilfish\n|-damage|p1a: Qwilfish|39\/100\n|-damage|p1a: Qwilfish|23\/100\n|-hitcount|p1a: Qwilfish|2\n|move|p1a: Qwilfish|Barb Barrage|p2a: Blaziken\n|-damage|p2a: Blaziken|68\/100 psn\n|\n|-heal|p2a: Blaziken|74\/100 psn|[from] item: Leftovers\n|-damage|p2a: Blaziken|62\/100 psn|[from] psn\n|upkeep\n|turn|9\n|\n|t:|1700983202\n|move|p2a: Blaziken|Fire Punch|p1a: Qwilfish\n|-damage|p1a: Qwilfish|0 fnt\n|faint|p1a: Qwilfish\n|\n|-heal|p2a: Blaziken|68\/100 psn|[from] item: Leftovers\n|-damage|p2a: Blaziken|56\/100 psn|[from] psn\n|upkeep\n|\n|t:|1700983212\n|switch|p1a: Miltank|Miltank, F|100\/100\n|turn|10\n|\n|t:|1700983215\n|move|p2a: Blaziken|Double Kick|p1a: Miltank\n|-supereffective|p1a: Miltank\n|-damage|p1a: Miltank|52\/100\n|-supereffective|p1a: Miltank\n|-damage|p1a: Miltank|3\/100\n|-hitcount|p1a: Miltank|2\n|move|p1a: Miltank|Milk Drink|p1a: Miltank\n|-heal|p1a: Miltank|53\/100\n|\n|-heal|p2a: Blaziken|62\/100 psn|[from] item: Leftovers\n|-damage|p2a: Blaziken|50\/100 psn|[from] psn\n|upkeep\n|turn|11\n|\n|t:|1700983227\n|move|p2a: Blaziken|Double Kick|p1a: Miltank\n|-supereffective|p1a: Miltank\n|-damage|p1a: Miltank|0 fnt\n|faint|p1a: Miltank\n|-hitcount|p1: Miltank|1\n|\n|-heal|p2a: Blaziken|56\/100 psn|[from] item: Leftovers\n|-damage|p2a: Blaziken|44\/100 psn|[from] psn\n|upkeep\n|\n|t:|1700983237\n|switch|p1a: Cloyster|Cloyster, M|100\/100\n|turn|12\n|\n|t:|1700983243\n|move|p2a: Blaziken|Double Kick|p1a: Cloyster\n|-supereffective|p1a: Cloyster\n|-damage|p1a: Cloyster|38\/100\n|-supereffective|p1a: Cloyster\n|-damage|p1a: Cloyster|0 fnt\n|faint|p1a: Cloyster\n|-hitcount|p1: Cloyster|2\n|\n|win|AN0MALY_USER_666\n|raw|alejandroacab's rating: 1087 &rarr; <strong>1064<\/strong><br \/>(-23 for losing)\n|raw|AN0MALY_USER_666's rating: 1083 &rarr; <strong>1111<\/strong><br \/>(+28 for winning)\n","uploadtime":1700983254,"views":2,"p1id":"alejandroacab","p2id":"an0malyuser666","formatid":"gen9nationaldex","rating":1064,"private":0,"password":""}