{"id":"gen9nationaldex-1987587181","p1":"fengfengzuikeai","p2":"Rain Inky\u58a8\u67d3\u6a31\u534e","format":"[Gen 9] National Dex","log":"|j|\u2606fengfengzuikeai\n|j|\u2606Rain Inky\u58a8\u67d3\u6a31\u534e\n|t:|1699616097\n|gametype|singles\n|player|p1|fengfengzuikeai|2|1663\n|player|p2|Rain Inky\u58a8\u67d3\u6a31\u534e|cilan|1605\n|teamsize|p1|6\n|teamsize|p2|6\n|gen|9\n|tier|[Gen 9] National Dex\n|rated|\n|rule|HP Percentage Mod: HP is shown in percentages\n|rule|Endless Battle Clause: Forcing endless battles is banned\n|rule|OHKO Clause: OHKO moves are banned\n|rule|Evasion Clause: Evasion abilities, items, and moves are banned\n|rule|Evasion Abilities Clause: Evasion abilities are banned\n|rule|Evasion Items Clause: Evasion items are banned\n|rule|Evasion Moves Clause: Evasion moves are banned\n|rule|Species Clause: Limit one of each Pok\u00e9mon\n|rule|Sleep Clause Mod: Limit one foe put to sleep\n|clearpoke\n|poke|p1|Urshifu-*, F|\n|poke|p1|Garchomp, F|\n|poke|p1|Zapdos|\n|poke|p1|Blaziken, F|\n|poke|p1|Rillaboom, M|\n|poke|p1|Slowking, F|\n|poke|p2|Garganacl, M|\n|poke|p2|Gliscor, F|\n|poke|p2|Sableye, F|\n|poke|p2|Dondozo, F|\n|poke|p2|Toxapex, F|\n|poke|p2|Chansey, F|\n|teampreview\n|inactive|Battle timer is ON: inactive players will automatically lose when time's up. (requested by Rain Inky\u58a8\u67d3\u6a31\u534e)\n|\n|t:|1699616111\n|start\n|switch|p1a: Slowking|Slowking, F|100\/100\n|switch|p2a: \u9489\u5b50?\u5f39\u56de\u53bb|Sableye, F|100\/100\n|turn|1\n|\n|t:|1699616123\n|detailschange|p2a: \u9489\u5b50?\u5f39\u56de\u53bb|Sableye-Mega, F\n|-mega|p2a: \u9489\u5b50?\u5f39\u56de\u53bb|Sableye|Sablenite\n|move|p1a: Slowking|Future Sight|p2a: \u9489\u5b50?\u5f39\u56de\u53bb\n|-start|p1a: Slowking|move: Future Sight\n|move|p2a: \u9489\u5b50?\u5f39\u56de\u53bb|Knock Off|p1a: Slowking\n|-supereffective|p1a: Slowking\n|-damage|p1a: Slowking|43\/100\n|-enditem|p1a: Slowking|Heavy-Duty Boots|[from] move: Knock Off|[of] p2a: \u9489\u5b50?\u5f39\u56de\u53bb\n|\n|upkeep\n|turn|2\n|\n|t:|1699616133\n|switch|p1a: Garchomp|Garchomp, F|100\/100\n|move|p2a: \u9489\u5b50?\u5f39\u56de\u53bb|Knock Off|p1a: Garchomp\n|-damage|p1a: Garchomp|87\/100\n|-damage|p2a: \u9489\u5b50?\u5f39\u56de\u53bb|88\/100|[from] ability: Rough Skin|[of] p1a: Garchomp\n|\n|upkeep\n|turn|3\n|\n|t:|1699616140\n|detailschange|p1a: Garchomp|Garchomp-Mega, F\n|-mega|p1a: Garchomp|Garchomp|Garchompite\n|move|p1a: Garchomp|Draco Meteor|p2a: \u9489\u5b50?\u5f39\u56de\u53bb\n|-damage|p2a: \u9489\u5b50?\u5f39\u56de\u53bb|33\/100\n|-unboost|p1a: Garchomp|spa|2\n|move|p2a: \u9489\u5b50?\u5f39\u56de\u53bb|Will-O-Wisp|p1a: Garchomp|[miss]\n|-miss|p2a: \u9489\u5b50?\u5f39\u56de\u53bb|p1a: Garchomp\n|\n|-end|p2a: \u9489\u5b50?\u5f39\u56de\u53bb|move: Future Sight\n|-immune|p2a: \u9489\u5b50?\u5f39\u56de\u53bb\n|upkeep\n|turn|4\n|\n|t:|1699616151\n|switch|p1a: Urshifu|Urshifu-Rapid-Strike, F|100\/100\n|move|p2a: \u9489\u5b50?\u5f39\u56de\u53bb|Protect||[still]\n|-fail|p2a: \u9489\u5b50?\u5f39\u56de\u53bb\n|\n|upkeep\n|turn|5\n|\n|t:|1699616164\n|switch|p2a: \u4e2d\u8f6c\u5de5\u5177\u4eba|Toxapex, F|100\/100\n|move|p1a: Urshifu|U-turn|p2a: \u4e2d\u8f6c\u5de5\u5177\u4eba\n|-resisted|p2a: \u4e2d\u8f6c\u5de5\u5177\u4eba\n|-damage|p2a: \u4e2d\u8f6c\u5de5\u5177\u4eba|93\/100\n|\n|t:|1699616166\n|switch|p1a: Garchomp|Garchomp-Mega, F|87\/100|[from] U-turn\n|\n|upkeep\n|turn|6\n|\n|t:|1699616174\n|move|p1a: Garchomp|Stealth Rock|p2a: \u4e2d\u8f6c\u5de5\u5177\u4eba\n|-sidestart|p2: Rain Inky\u58a8\u67d3\u6a31\u534e|move: Stealth Rock\n|move|p2a: \u4e2d\u8f6c\u5de5\u5177\u4eba|Toxic|p1a: Garchomp\n|-status|p1a: Garchomp|tox\n|\n|-damage|p1a: Garchomp|81\/100 tox|[from] psn\n|upkeep\n|turn|7\n|\n|t:|1699616179\n|switch|p2a: \u751c\u7f8e\u7b11\u5bb9|Chansey, F|100\/100\n|-damage|p2a: \u751c\u7f8e\u7b11\u5bb9|88\/100|[from] Stealth Rock\n|move|p1a: Garchomp|Earth Power|p2a: \u751c\u7f8e\u7b11\u5bb9\n|-damage|p2a: \u751c\u7f8e\u7b11\u5bb9|75\/100\n|\n|-damage|p1a: Garchomp|69\/100 tox|[from] psn\n|upkeep\n|turn|8\n|\n|t:|1699616183\n|switch|p1a: Slowking|Slowking, F|76\/100\n|move|p2a: \u751c\u7f8e\u7b11\u5bb9|Soft-Boiled|p2a: \u751c\u7f8e\u7b11\u5bb9\n|-heal|p2a: \u751c\u7f8e\u7b11\u5bb9|100\/100\n|\n|upkeep\n|turn|9\n|j| Tguutt\n|\n|t:|1699616188\n|move|p2a: \u751c\u7f8e\u7b11\u5bb9|Toxic|p1a: Slowking\n|-status|p1a: Slowking|tox\n|move|p1a: Slowking|Future Sight|p2a: \u751c\u7f8e\u7b11\u5bb9\n|-start|p1a: Slowking|move: Future Sight\n|\n|-damage|p1a: Slowking|70\/100 tox|[from] psn\n|upkeep\n|turn|10\n|\n|t:|1699616191\n|switch|p2a: \u9489\u5b50?\u5f39\u56de\u53bb|Sableye-Mega, F|33\/100\n|-damage|p2a: \u9489\u5b50?\u5f39\u56de\u53bb|20\/100|[from] Stealth Rock\n|move|p1a: Slowking|Chilly Reception|p1a: Slowking\n|-weather|Snow\n|\n|t:|1699616199\n|switch|p1a: Urshifu|Urshifu-Rapid-Strike, F|100\/100|[from] Chilly Reception\n|\n|-weather|Snow|[upkeep]\n|upkeep\n|turn|11\n|\n|t:|1699616206\n|move|p2a: \u9489\u5b50?\u5f39\u56de\u53bb|Protect|p2a: \u9489\u5b50?\u5f39\u56de\u53bb\n|-singleturn|p2a: \u9489\u5b50?\u5f39\u56de\u53bb|Protect\n|move|p1a: Urshifu|Surging Strikes|p2a: \u9489\u5b50?\u5f39\u56de\u53bb\n|-crit|p2a: \u9489\u5b50?\u5f39\u56de\u53bb\n|-damage|p2a: \u9489\u5b50?\u5f39\u56de\u53bb|6\/100\n|-crit|p2a: \u9489\u5b50?\u5f39\u56de\u53bb\n|-damage|p2a: \u9489\u5b50?\u5f39\u56de\u53bb|0 fnt\n|faint|p2a: \u9489\u5b50?\u5f39\u56de\u53bb\n|-hitcount|p2: \u9489\u5b50?\u5f39\u56de\u53bb|2\n|\n|-weather|Snow|[upkeep]\n|-hint|Future Sight did not hit because the target is fainted.\n|upkeep\n|\n|t:|1699616210\n|switch|p2a: \u4e2d\u8f6c\u5de5\u5177\u4eba|Toxapex, F|100\/100\n|turn|12\n|\n|t:|1699616213\n|switch|p1a: Slowking|Slowking, F|100\/100 tox\n|move|p2a: \u4e2d\u8f6c\u5de5\u5177\u4eba|Scald|p1a: Slowking\n|-resisted|p1a: Slowking\n|-damage|p1a: Slowking|96\/100 tox\n|\n|-weather|Snow|[upkeep]\n|-damage|p1a: Slowking|90\/100 tox|[from] psn\n|upkeep\n|turn|13\n|\n|t:|1699616215\n|switch|p2a: swords dance|Gliscor, F|100\/100\n|-damage|p2a: swords dance|88\/100|[from] Stealth Rock\n|move|p1a: Slowking|Future Sight|p2a: swords dance\n|-start|p1a: Slowking|move: Future Sight\n|\n|-weather|Snow|[upkeep]\n|-damage|p1a: Slowking|77\/100 tox|[from] psn\n|-status|p2a: swords dance|tox|[from] item: Toxic Orb\n|upkeep\n|turn|14\n|\n|t:|1699616219\n|move|p2a: swords dance|Defog|p1a: Slowking\n|-unboost|p1a: Slowking|evasion|1\n|-sideend|p2: Rain Inky\u58a8\u67d3\u6a31\u534e|Stealth Rock|[from] move: Defog|[of] p2a: swords dance\n|move|p1a: Slowking|Chilly Reception|p1a: Slowking\n|\n|t:|1699616223\n|switch|p1a: Urshifu|Urshifu-Rapid-Strike, F|100\/100|[from] Chilly Reception\n|\n|-weather|none\n|-heal|p2a: swords dance|100\/100 tox|[from] ability: Poison Heal\n|upkeep\n|turn|15\n|\n|t:|1699616228\n|switch|p2a: \u53f9\u606f\u4e4b\u5899|Dondozo, F|100\/100\n|move|p1a: Urshifu|Surging Strikes|p2a: \u53f9\u606f\u4e4b\u5899\n|-resisted|p2a: \u53f9\u606f\u4e4b\u5899\n|-crit|p2a: \u53f9\u606f\u4e4b\u5899\n|-damage|p2a: \u53f9\u606f\u4e4b\u5899|96\/100\n|-resisted|p2a: \u53f9\u606f\u4e4b\u5899\n|-crit|p2a: \u53f9\u606f\u4e4b\u5899\n|-damage|p2a: \u53f9\u606f\u4e4b\u5899|92\/100\n|-resisted|p2a: \u53f9\u606f\u4e4b\u5899\n|-crit|p2a: \u53f9\u606f\u4e4b\u5899\n|-damage|p2a: \u53f9\u606f\u4e4b\u5899|87\/100\n|-hitcount|p2a: \u53f9\u606f\u4e4b\u5899|3\n|\n|-end|p2a: \u53f9\u606f\u4e4b\u5899|move: Future Sight\n|-damage|p2a: \u53f9\u606f\u4e4b\u5899|52\/100\n|-heal|p2a: \u53f9\u606f\u4e4b\u5899|58\/100|[from] item: Leftovers\n|upkeep\n|turn|16\n|\n|t:|1699616236\n|switch|p1a: Zapdos|Zapdos|100\/100\n|move|p2a: \u53f9\u606f\u4e4b\u5899|Rest|p2a: \u53f9\u606f\u4e4b\u5899\n|-status|p2a: \u53f9\u606f\u4e4b\u5899|slp|[from] move: Rest\n|-heal|p2a: \u53f9\u606f\u4e4b\u5899|100\/100 slp|[silent]\n|\n|upkeep\n|turn|17\n|\n|t:|1699616243\n|switch|p1a: Urshifu|Urshifu-Rapid-Strike, F|100\/100\n|switch|p2a: \u751c\u7f8e\u7b11\u5bb9|Chansey, F|100\/100\n|\n|upkeep\n|turn|18\n|\n|t:|1699616252\n|switch|p2a: \u4e2d\u8f6c\u5de5\u5177\u4eba|Toxapex, F|100\/100\n|move|p1a: Urshifu|U-turn|p2a: \u4e2d\u8f6c\u5de5\u5177\u4eba\n|-resisted|p2a: \u4e2d\u8f6c\u5de5\u5177\u4eba\n|-damage|p2a: \u4e2d\u8f6c\u5de5\u5177\u4eba|93\/100\n|\n|t:|1699616254\n|switch|p1a: Slowking|Slowking, F|100\/100 tox|[from] U-turn\n|\n|-damage|p1a: Slowking|94\/100 tox|[from] psn\n|upkeep\n|turn|19\n|\n|t:|1699616258\n|switch|p2a: \u6cd5\u8001|Garganacl, M|100\/100\n|move|p1a: Slowking|Future Sight|p2a: \u6cd5\u8001\n|-start|p1a: Slowking|move: Future Sight\n|\n|-damage|p1a: Slowking|82\/100 tox|[from] psn\n|upkeep\n|turn|20\n|\n|t:|1699616263\n|move|p2a: \u6cd5\u8001|Stealth Rock|p1a: Slowking\n|-sidestart|p1: fengfengzuikeai|move: Stealth Rock\n|move|p1a: Slowking|Chilly Reception|p1a: Slowking\n|-weather|Snow\n|\n|t:|1699616273\n|switch|p1a: Urshifu|Urshifu-Rapid-Strike, F|100\/100|[from] Chilly Reception\n|-damage|p1a: Urshifu|94\/100|[from] Stealth Rock\n|\n|-weather|Snow|[upkeep]\n|upkeep\n|turn|21\n|\n|t:|1699616277\n|switch|p2a: \u53f9\u606f\u4e4b\u5899|Dondozo, F|100\/100 slp\n|move|p1a: Urshifu|Close Combat|p2a: \u53f9\u606f\u4e4b\u5899\n|-damage|p2a: \u53f9\u606f\u4e4b\u5899|73\/100 slp\n|-unboost|p1a: Urshifu|def|1\n|-unboost|p1a: Urshifu|spd|1\n|\n|-weather|Snow|[upkeep]\n|-end|p2a: \u53f9\u606f\u4e4b\u5899|move: Future Sight\n|-damage|p2a: \u53f9\u606f\u4e4b\u5899|32\/100 slp\n|-heal|p2a: \u53f9\u606f\u4e4b\u5899|38\/100 slp|[from] item: Leftovers\n|upkeep\n|turn|22\n|-message|Rain Inky\u58a8\u67d3\u6a31\u534e forfeited.\n|\n|win|fengfengzuikeai\n|raw|fengfengzuikeai's rating: 1663 &rarr; <strong>1680<\/strong><br \/>(+17 for winning)\n|raw|Rain Inky\u58a8\u67d3\u6a31\u534e's rating: 1605 &rarr; <strong>1588<\/strong><br \/>(-17 for losing)\n|l|\u2606Rain Inky\u58a8\u67d3\u6a31\u534e\n","uploadtime":1699616291,"views":6,"p1id":"fengfengzuikeai","p2id":"raininky","formatid":"gen9nationaldex","rating":1588,"private":0,"password":""}