{"id":"gen9nationaldex-2000286672","p1":"MSceptileJason","p2":"about15guys","format":"[Gen 9] National Dex","log":"|j|\u2606MSceptileJason\n|j|\u2606about15guys\n|inactive|Battle timer is ON: inactive players will automatically lose when time's up.\n|t:|1701181468\n|gametype|singles\n|player|p1|MSceptileJason|volo-ginkgo|\n|player|p2|about15guys|lusamine-nihilego|\n|teamsize|p1|6\n|teamsize|p2|6\n|gen|9\n|tier|[Gen 9] National Dex\n|rated|Tournament battle\n|rule|HP Percentage Mod: HP is shown in percentages\n|rule|Endless Battle Clause: Forcing endless battles is banned\n|rule|OHKO Clause: OHKO moves are banned\n|rule|Evasion Clause: Evasion abilities, items, and moves are banned\n|rule|Evasion Abilities Clause: Evasion abilities are banned\n|rule|Evasion Items Clause: Evasion items are banned\n|rule|Evasion Moves Clause: Evasion moves are banned\n|rule|Species Clause: Limit one of each Pok\u00e9mon\n|rule|Sleep Clause Mod: Limit one foe put to sleep\n|\n|t:|1701181468\n|start\n|switch|p1a: Garchomp|Garchomp, F|100\/100\n|switch|p2a: Landorus|Landorus-Therian, M|100\/100\n|-ability|p2a: Landorus|Intimidate|boost\n|-unboost|p1a: Garchomp|atk|1\n|turn|1\n|inactive|about15guys also wants the timer to be on.\n|j|+adem\n|l|+adem\n|c|\u2606about15guys|glhf\n|\n|t:|1701181482\n|switch|p1a: Great Tusk|Great Tusk|100\/100\n|move|p2a: Landorus|U-turn|p1a: Great Tusk\n|-resisted|p1a: Great Tusk\n|-damage|p1a: Great Tusk|93\/100\n|j|+Avaritia~!\n|\n|t:|1701181489\n|switch|p2a: Alomomola|Alomomola, M|100\/100|[from] U-turn\n|\n|upkeep\n|turn|2\n|\n|t:|1701181494\n|move|p1a: Great Tusk|Knock Off|p2a: Alomomola\n|-damage|p2a: Alomomola|81\/100\n|-damage|p1a: Great Tusk|76\/100|[from] item: Rocky Helmet|[of] p2a: Alomomola\n|-enditem|p2a: Alomomola|Rocky Helmet|[from] move: Knock Off|[of] p1a: Great Tusk\n|move|p2a: Alomomola|Scald|p1a: Great Tusk\n|-supereffective|p1a: Great Tusk\n|-damage|p1a: Great Tusk|31\/100\n|\n|upkeep\n|turn|3\n|\n|t:|1701181497\n|-end|p1a: Great Tusk|Protosynthesis|[silent]\n|switch|p1a: Ogerpon|Ogerpon-Wellspring, F|100\/100\n|move|p2a: Alomomola|Flip Turn|p1a: Ogerpon\n|-immune|p1a: Ogerpon|[from] ability: Water Absorb\n|\n|upkeep\n|turn|4\n|\n|t:|1701181502\n|switch|p2a: Banette-Mega?|Banette, F|100\/100\n|-item|p1a: Ogerpon|Wellspring Mask|[from] ability: Frisk|[of] p2a: Banette-Mega?|[identify]\n|move|p1a: Ogerpon|Taunt|p2a: Banette-Mega?\n|-start|p2a: Banette-Mega?|move: Taunt\n|\n|upkeep\n|turn|5\n|\n|t:|1701181508\n|switch|p2a: Landorus|Landorus-Therian, M|100\/100\n|-ability|p2a: Landorus|Intimidate|boost\n|-unboost|p1a: Ogerpon|atk|1\n|move|p1a: Ogerpon|Ivy Cudgel|p2a: Landorus|[anim] Ivy Cudgel Water\n|-supereffective|p2a: Landorus\n|-damage|p2a: Landorus|47\/100\n|\n|upkeep\n|turn|6\n|\n|t:|1701181517\n|-terastallize|p2a: Landorus|Water\n|move|p1a: Ogerpon|U-turn|p2a: Landorus\n|-damage|p2a: Landorus|34\/100\n|-damage|p1a: Ogerpon|84\/100|[from] item: Rocky Helmet|[of] p2a: Landorus\n|\n|t:|1701181521\n|switch|p1a: Great Tusk|Great Tusk|31\/100|[from] U-turn\n|move|p2a: Landorus|U-turn|p1a: Great Tusk\n|-resisted|p1a: Great Tusk\n|-damage|p1a: Great Tusk|23\/100\n|\n|t:|1701181526\n|switch|p2a: Alomomola|Alomomola, M|100\/100|[from] U-turn\n|\n|upkeep\n|turn|7\n|l|+Avaritia~!\n|\n|t:|1701181532\n|-end|p1a: Great Tusk|Protosynthesis|[silent]\n|switch|p1a: Ogerpon|Ogerpon-Wellspring, F|84\/100\n|move|p2a: Alomomola|Wish|p2a: Alomomola\n|\n|upkeep\n|turn|8\n|\n|t:|1701181536\n|switch|p2a: Landorus|Landorus-Therian, M, tera:Water|34\/100\n|-ability|p2a: Landorus|Intimidate|boost\n|-unboost|p1a: Ogerpon|atk|1\n|move|p1a: Ogerpon|Taunt|p2a: Landorus\n|-start|p2a: Landorus|move: Taunt\n|\n|-heal|p2a: Landorus|97\/100|[from] move: Wish|[wisher] Alomomola\n|upkeep\n|turn|9\n|\n|t:|1701181543\n|move|p1a: Ogerpon|Horn Leech|p2a: Landorus\n|-supereffective|p2a: Landorus\n|-damage|p2a: Landorus|61\/100\n|-heal|p1a: Ogerpon|100\/100|[from] drain|[of] p2a: Landorus\n|-damage|p1a: Ogerpon|84\/100|[from] item: Rocky Helmet|[of] p2a: Landorus\n|move|p2a: Landorus|U-turn|p1a: Ogerpon\n|-supereffective|p1a: Ogerpon\n|-damage|p1a: Ogerpon|32\/100\n|\n|t:|1701181558\n|switch|p2a: Banette-Mega?|Banette, F|100\/100|[from] U-turn\n|-item|p1a: Ogerpon|Wellspring Mask|[from] ability: Frisk|[of] p2a: Banette-Mega?|[identify]\n|\n|upkeep\n|turn|10\n|\n|t:|1701181562\n|detailschange|p2a: Banette-Mega?|Banette-Mega, F\n|-mega|p2a: Banette-Mega?|Banette|Banettite\n|move|p2a: Banette-Mega?|Encore|p1a: Ogerpon\n|-start|p1a: Ogerpon|Encore\n|move|p1a: Ogerpon|Horn Leech|p2a: Banette-Mega?\n|-damage|p2a: Banette-Mega?|37\/100\n|-heal|p1a: Ogerpon|54\/100|[from] drain|[of] p2a: Banette-Mega?\n|\n|upkeep\n|turn|11\n|\n|t:|1701181568\n|switch|p1a: Samurott|Samurott-Hisui, M|100\/100\n|move|p2a: Banette-Mega?|Destiny Bond|p2a: Banette-Mega?\n|-singlemove|p2a: Banette-Mega?|Destiny Bond\n|\n|upkeep\n|turn|12\n|\n|t:|1701181572\n|move|p1a: Samurott|Sucker Punch|p2a: Banette-Mega?\n|-supereffective|p2a: Banette-Mega?\n|-damage|p2a: Banette-Mega?|0 fnt\n|faint|p2a: Banette-Mega?\n|-activate|p2a: Banette-Mega?|move: Destiny Bond\n|faint|p1a: Samurott\n|\n|upkeep\n|\n|t:|1701181583\n|switch|p1a: Garchomp|Garchomp, F|100\/100\n|switch|p2a: Landorus|Landorus-Therian, M, tera:Water|61\/100\n|-ability|p2a: Landorus|Intimidate|boost\n|-unboost|p1a: Garchomp|atk|1\n|turn|13\n|\n|t:|1701181587\n|move|p1a: Garchomp|Substitute|p1a: Garchomp\n|-start|p1a: Garchomp|Substitute\n|-damage|p1a: Garchomp|76\/100\n|move|p2a: Landorus|U-turn|p1a: Garchomp\n|-activate|p1a: Garchomp|move: Substitute|[damage]\n|\n|t:|1701181594\n|switch|p2a: Alomomola|Alomomola, M|100\/100|[from] U-turn\n|\n|upkeep\n|turn|14\n|\n|t:|1701181598\n|move|p1a: Garchomp|Swords Dance|p1a: Garchomp\n|-boost|p1a: Garchomp|atk|2\n|move|p2a: Alomomola|Flip Turn|p1a: Garchomp\n|-end|p1a: Garchomp|Substitute\n|\n|t:|1701181604\n|switch|p2a: Landorus|Landorus-Therian, M, tera:Water|61\/100|[from] Flip Turn\n|-ability|p2a: Landorus|Intimidate|boost\n|-unboost|p1a: Garchomp|atk|1\n|\n|upkeep\n|turn|15\n|\n|t:|1701181607\n|move|p1a: Garchomp|Substitute|p1a: Garchomp\n|-start|p1a: Garchomp|Substitute\n|-damage|p1a: Garchomp|51\/100\n|move|p2a: Landorus|U-turn|p1a: Garchomp\n|-activate|p1a: Garchomp|move: Substitute|[damage]\n|\n|t:|1701181610\n|switch|p2a: Alomomola|Alomomola, M|100\/100|[from] U-turn\n|\n|upkeep\n|turn|16\n|\n|t:|1701181613\n|move|p1a: Garchomp|Swords Dance|p1a: Garchomp\n|-boost|p1a: Garchomp|atk|2\n|move|p2a: Alomomola|Flip Turn|p1a: Garchomp\n|-end|p1a: Garchomp|Substitute\n|\n|t:|1701181617\n|switch|p2a: Landorus|Landorus-Therian, M, tera:Water|61\/100|[from] Flip Turn\n|-ability|p2a: Landorus|Intimidate|boost\n|-unboost|p1a: Garchomp|atk|1\n|\n|upkeep\n|turn|17\n|\n|t:|1701181621\n|move|p1a: Garchomp|Substitute|p1a: Garchomp\n|-start|p1a: Garchomp|Substitute\n|-damage|p1a: Garchomp|26\/100\n|move|p2a: Landorus|Earthquake|p1a: Garchomp\n|-end|p1a: Garchomp|Substitute\n|\n|upkeep\n|turn|18\n|\n|t:|1701181629\n|move|p1a: Garchomp|Scale Shot|p2a: Landorus\n|-damage|p2a: Landorus|46\/100\n|-damage|p2a: Landorus|33\/100\n|-damage|p2a: Landorus|20\/100\n|-damage|p2a: Landorus|6\/100\n|-hitcount|p2a: Landorus|4\n|-unboost|p1a: Garchomp|def|1\n|-boost|p1a: Garchomp|spe|1\n|move|p2a: Landorus|U-turn|p1a: Garchomp\n|-damage|p1a: Garchomp|0 fnt\n|-damage|p2a: Landorus|0 fnt|[from] ability: Rough Skin|[of] p1a: Garchomp\n|faint|p1a: Garchomp\n|faint|p2a: Landorus\n|\n|upkeep\n|j| Isza\n|\n|t:|1701181646\n|switch|p1a: Galvantula|Galvantula, M|100\/100\n|switch|p2a: Pawmot|Pawmot, M|100\/100\n|turn|19\n|l| Isza\n|\n|t:|1701181651\n|move|p2a: Pawmot|Revival Blessing|p2a: Pawmot\n|-enditem|p2a: Pawmot|Leppa Berry|[eat]\n|-activate|p2a: Pawmot|item: Leppa Berry|Revival Blessing|[consumed]\n|\n|t:|1701181655\n|-heal|p2: Banette-Mega?|50\/100|[from] move: Revival Blessing\n|move|p1a: Galvantula|Sticky Web|p2a: Pawmot\n|-sidestart|p2: about15guys|move: Sticky Web\n|\n|upkeep\n|turn|20\n|j|+Avaritia~!\n|\n|t:|1701181663\n|move|p2a: Pawmot|Revival Blessing|p2a: Pawmot\n|\n|t:|1701181676\n|-heal|p2: Landorus|50\/100|[from] move: Revival Blessing\n|move|p1a: Galvantula|Bug Buzz|p2a: Pawmot\n|-resisted|p2a: Pawmot\n|-damage|p2a: Pawmot|63\/100\n|\n|upkeep\n|turn|21\n|\n|t:|1701181686\n|switch|p2a: Alomomola|Alomomola, M|100\/100\n|-activate|p2a: Alomomola|move: Sticky Web\n|-unboost|p2a: Alomomola|spe|1\n|move|p1a: Galvantula|Bug Buzz|p2a: Alomomola\n|-damage|p2a: Alomomola|61\/100\n|\n|upkeep\n|turn|22\n|\n|t:|1701181691\n|switch|p2a: Pawmot|Pawmot, M|63\/100\n|-activate|p2a: Pawmot|move: Sticky Web\n|-unboost|p2a: Pawmot|spe|1\n|move|p1a: Galvantula|Thunder|p2a: Pawmot\n|-heal|p2a: Pawmot|88\/100|[from] ability: Volt Absorb|[of] p1a: Galvantula\n|\n|upkeep\n|turn|23\n|\n|t:|1701181698\n|move|p1a: Galvantula|Bug Buzz|p2a: Pawmot\n|-resisted|p2a: Pawmot\n|-damage|p2a: Pawmot|49\/100\n|move|p2a: Pawmot|Double Shock|p1a: Galvantula\n|-resisted|p1a: Galvantula\n|-damage|p1a: Galvantula|44\/100\n|-start|p2a: Pawmot|typechange|???\/Fighting|[from] move: Double Shock\n|\n|upkeep\n|turn|24\n|j| RunicPower419\n|\n|t:|1701181708\n|move|p1a: Galvantula|Thunder Wave|p2a: Pawmot\n|-heal|p2a: Pawmot|74\/100|[from] ability: Volt Absorb|[of] p1a: Galvantula\n|move|p2a: Pawmot|Close Combat|p1a: Galvantula\n|-resisted|p1a: Galvantula\n|-damage|p1a: Galvantula|0 fnt\n|-unboost|p2a: Pawmot|def|1\n|-unboost|p2a: Pawmot|spd|1\n|faint|p1a: Galvantula\n|\n|upkeep\n|c|\u2606about15guys|lol\n|c|\u2606about15guys|fucken love volt absorb\n|\n|t:|1701181721\n|switch|p1a: Volcarona|Volcarona, M|100\/100\n|turn|25\n|c| RunicPower419|Is this what I think it is about?\n|\n|t:|1701181729\n|switch|p2a: Moltres|Moltres|100\/100\n|move|p1a: Volcarona|Quiver Dance|p1a: Volcarona\n|-boost|p1a: Volcarona|spa|1\n|-boost|p1a: Volcarona|spd|1\n|-boost|p1a: Volcarona|spe|1\n|\n|upkeep\n|turn|26\n|c|\u2606about15guys|perhaos\n|\n|t:|1701181737\n|switch|p1a: Great Tusk|Great Tusk|23\/100\n|move|p2a: Moltres|Hurricane|p1a: Great Tusk\n|-supereffective|p1a: Great Tusk\n|-damage|p1a: Great Tusk|0 fnt\n|faint|p1a: Great Tusk\n|-end|p1a: Great Tusk|Protosynthesis|[silent]\n|\n|upkeep\n|\n|t:|1701181740\n|switch|p1a: Ogerpon|Ogerpon-Wellspring, F|54\/100\n|turn|27\n|\n|t:|1701181747\n|-terastallize|p1a: Ogerpon|Water\n|detailschange|p1a: Ogerpon|Ogerpon-Wellspring-Tera, F, tera:Water\n|-ability|p1a: Ogerpon|Embody Aspect (Wellspring)|boost\n|-boost|p1a: Ogerpon|spd|1\n|move|p1a: Ogerpon|Ivy Cudgel|p2a: Moltres|[anim] Ivy Cudgel Water\n|-supereffective|p2a: Moltres\n|-crit|p2a: Moltres\n|-damage|p2a: Moltres|0 fnt\n|faint|p2a: Moltres\n|\n|upkeep\n|\n|t:|1701181752\n|switch|p2a: Landorus|Landorus-Therian, M|50\/100\n|-ability|p2a: Landorus|Intimidate|boost\n|-unboost|p1a: Ogerpon|atk|1\n|turn|28\n|c| RunicPower419|lol\n|\n|t:|1701181759\n|switch|p2a: Alomomola|Alomomola, M|94\/100\n|-activate|p2a: Alomomola|move: Sticky Web\n|-unboost|p2a: Alomomola|spe|1\n|move|p1a: Ogerpon|Ivy Cudgel|p2a: Alomomola|[anim] Ivy Cudgel Water\n|-resisted|p2a: Alomomola\n|-damage|p2a: Alomomola|79\/100\n|\n|upkeep\n|turn|29\n|\n|t:|1701181764\n|switch|p2a: Landorus|Landorus-Therian, M|50\/100\n|-ability|p2a: Landorus|Intimidate|boost\n|-unboost|p1a: Ogerpon|atk|1\n|move|p1a: Ogerpon|Horn Leech|p2a: Landorus\n|-damage|p2a: Landorus|35\/100\n|-heal|p1a: Ogerpon|63\/100|[from] drain|[of] p2a: Landorus\n|-damage|p1a: Ogerpon|47\/100|[from] item: Rocky Helmet|[of] p2a: Landorus\n|\n|upkeep\n|turn|30\n|\n|t:|1701181773\n|switch|p2a: Alomomola|Alomomola, M|100\/100\n|-activate|p2a: Alomomola|move: Sticky Web\n|-unboost|p2a: Alomomola|spe|1\n|move|p1a: Ogerpon|Horn Leech|p2a: Alomomola\n|-supereffective|p2a: Alomomola\n|-damage|p2a: Alomomola|74\/100\n|-heal|p1a: Ogerpon|66\/100|[from] drain|[of] p2a: Alomomola\n|\n|upkeep\n|turn|31\n|\n|t:|1701181779\n|switch|p2a: Landorus|Landorus-Therian, M|35\/100\n|-ability|p2a: Landorus|Intimidate|boost\n|-unboost|p1a: Ogerpon|atk|1\n|move|p1a: Ogerpon|Ivy Cudgel|p2a: Landorus|[anim] Ivy Cudgel Water\n|-supereffective|p2a: Landorus\n|-damage|p2a: Landorus|0 fnt\n|faint|p2a: Landorus\n|\n|upkeep\n|\n|t:|1701181788\n|switch|p2a: Banette-Mega?|Banette-Mega, F|50\/100\n|-activate|p2a: Banette-Mega?|move: Sticky Web\n|-unboost|p2a: Banette-Mega?|spe|1\n|turn|32\n|c| RunicPower419|rip\n|\n|t:|1701181800\n|move|p2a: Banette-Mega?|Destiny Bond|p2a: Banette-Mega?\n|-singlemove|p2a: Banette-Mega?|Destiny Bond\n|move|p1a: Ogerpon|Taunt|p2a: Banette-Mega?\n|-start|p2a: Banette-Mega?|move: Taunt\n|\n|upkeep\n|turn|33\n|\n|t:|1701181803\n|switch|p1a: Volcarona|Volcarona, M|100\/100\n|move|p2a: Banette-Mega?|Infestation|p1a: Volcarona\n|-resisted|p1a: Volcarona\n|-damage|p1a: Volcarona|97\/100\n|-activate|p1a: Volcarona|move: Infestation|[of] p2a: Banette-Mega?\n|\n|-damage|p1a: Volcarona|85\/100|[from] move: Infestation|[partiallytrapped]\n|upkeep\n|turn|34\n|\n|t:|1701181810\n|switch|p2a: Alomomola|Alomomola, M|100\/100\n|-activate|p2a: Alomomola|move: Sticky Web\n|-unboost|p2a: Alomomola|spe|1\n|move|p1a: Volcarona|Quiver Dance|p1a: Volcarona\n|-boost|p1a: Volcarona|spa|1\n|-boost|p1a: Volcarona|spd|1\n|-boost|p1a: Volcarona|spe|1\n|\n|-end|p1a: Volcarona|Infestation|[partiallytrapped]|[silent]\n|upkeep\n|turn|35\n|\n|t:|1701181813\n|move|p1a: Volcarona|Giga Drain|p2a: Alomomola\n|-supereffective|p2a: Alomomola\n|-damage|p2a: Alomomola|26\/100\n|-heal|p1a: Volcarona|100\/100|[from] drain|[of] p2a: Alomomola\n|move|p2a: Alomomola|Flip Turn|p1a: Volcarona\n|-supereffective|p1a: Volcarona\n|-damage|p1a: Volcarona|54\/100\n|\n|t:|1701181821\n|switch|p2a: Banette-Mega?|Banette-Mega, F|50\/100|[from] Flip Turn\n|-activate|p2a: Banette-Mega?|move: Sticky Web\n|-unboost|p2a: Banette-Mega?|spe|1\n|\n|upkeep\n|turn|36\n|\n|t:|1701181826\n|move|p2a: Banette-Mega?|Destiny Bond|p2a: Banette-Mega?\n|-singlemove|p2a: Banette-Mega?|Destiny Bond\n|move|p1a: Volcarona|Quiver Dance|p1a: Volcarona\n|-boost|p1a: Volcarona|spa|1\n|-boost|p1a: Volcarona|spd|1\n|-boost|p1a: Volcarona|spe|1\n|\n|upkeep\n|turn|37\n|\n|t:|1701181831\n|move|p2a: Banette-Mega?|Encore|p1a: Volcarona\n|-start|p1a: Volcarona|Encore\n|move|p1a: Volcarona|Quiver Dance|p1a: Volcarona\n|-boost|p1a: Volcarona|spa|1\n|-boost|p1a: Volcarona|spd|1\n|-boost|p1a: Volcarona|spe|1\n|\n|upkeep\n|turn|38\n|\n|t:|1701181837\n|move|p1a: Volcarona|Quiver Dance|p1a: Volcarona\n|-boost|p1a: Volcarona|spa|1\n|-boost|p1a: Volcarona|spd|1\n|-boost|p1a: Volcarona|spe|1\n|move|p2a: Banette-Mega?|Infestation|p1a: Volcarona\n|-resisted|p1a: Volcarona\n|-damage|p1a: Volcarona|52\/100\n|-activate|p1a: Volcarona|move: Infestation|[of] p2a: Banette-Mega?\n|\n|-damage|p1a: Volcarona|40\/100|[from] move: Infestation|[partiallytrapped]\n|upkeep\n|turn|39\n|\n|t:|1701181848\n|move|p2a: Banette-Mega?|Encore||[still]\n|-fail|p2a: Banette-Mega?\n|move|p1a: Volcarona|Quiver Dance|p1a: Volcarona\n|-boost|p1a: Volcarona|spa|1\n|-boost|p1a: Volcarona|spd|1\n|-boost|p1a: Volcarona|spe|1\n|\n|-damage|p1a: Volcarona|28\/100|[from] move: Infestation|[partiallytrapped]\n|-end|p1a: Volcarona|Encore\n|upkeep\n|turn|40\n|\n|t:|1701181855\n|move|p2a: Banette-Mega?|Encore|p1a: Volcarona\n|-start|p1a: Volcarona|Encore\n|move|p1a: Volcarona|Quiver Dance|p1a: Volcarona\n|-boost|p1a: Volcarona|spa|1\n|-boost|p1a: Volcarona|spd|1\n|-boost|p1a: Volcarona|spe|1\n|\n|-damage|p1a: Volcarona|16\/100|[from] move: Infestation|[partiallytrapped]\n|upkeep\n|turn|41\n|\n|t:|1701181860\n|move|p2a: Banette-Mega?|Encore||[still]\n|-fail|p2a: Banette-Mega?\n|move|p1a: Volcarona|Quiver Dance|p1a: Volcarona\n|-boost|p1a: Volcarona|spa|0\n|-boost|p1a: Volcarona|spd|0\n|-boost|p1a: Volcarona|spe|0\n|\n|-damage|p1a: Volcarona|3\/100|[from] move: Infestation|[partiallytrapped]\n|upkeep\n|turn|42\n|\n|t:|1701181863\n|move|p2a: Banette-Mega?|Encore||[still]\n|-fail|p2a: Banette-Mega?\n|move|p1a: Volcarona|Quiver Dance|p1a: Volcarona\n|-boost|p1a: Volcarona|spa|0\n|-boost|p1a: Volcarona|spd|0\n|-boost|p1a: Volcarona|spe|0\n|\n|-damage|p1a: Volcarona|0 fnt|[from] move: Infestation|[partiallytrapped]\n|faint|p1a: Volcarona\n|upkeep\n|\n|t:|1701181865\n|switch|p1a: Ogerpon|Ogerpon-Wellspring-Tera, F, tera:Water|66\/100\n|-ability|p1a: Ogerpon|Embody Aspect (Wellspring)|boost\n|-boost|p1a: Ogerpon|spd|1\n|turn|43\n|\n|t:|1701181871\n|move|p2a: Banette-Mega?|Destiny Bond|p2a: Banette-Mega?\n|-singlemove|p2a: Banette-Mega?|Destiny Bond\n|move|p1a: Ogerpon|Taunt|p2a: Banette-Mega?\n|-start|p2a: Banette-Mega?|move: Taunt\n|\n|upkeep\n|turn|44\n|\n|t:|1701181877\n|move|p1a: Ogerpon|Taunt||[still]\n|-fail|p1a: Ogerpon\n|move|p2a: Banette-Mega?|Infestation|p1a: Ogerpon\n|-damage|p1a: Ogerpon|61\/100\n|-activate|p1a: Ogerpon|move: Infestation|[of] p2a: Banette-Mega?\n|\n|-damage|p1a: Ogerpon|49\/100|[from] move: Infestation|[partiallytrapped]\n|upkeep\n|turn|45\n|\n|t:|1701181886\n|switch|p2a: Alomomola|Alomomola, M|59\/100\n|-activate|p2a: Alomomola|move: Sticky Web\n|-unboost|p2a: Alomomola|spe|1\n|move|p1a: Ogerpon|Horn Leech|p2a: Alomomola\n|-supereffective|p2a: Alomomola\n|-damage|p2a: Alomomola|12\/100\n|-heal|p1a: Ogerpon|83\/100|[from] drain|[of] p2a: Alomomola\n|\n|-end|p1a: Ogerpon|Infestation|[partiallytrapped]|[silent]\n|upkeep\n|turn|46\n|\n|t:|1701181894\n|move|p1a: Ogerpon|Taunt|p2a: Alomomola\n|-start|p2a: Alomomola|move: Taunt\n|cant|p2a: Alomomola|move: Taunt|Toxic\n|\n|upkeep\n|turn|47\n|\n|t:|1701181903\n|switch|p2a: Pawmot|Pawmot, M|74\/100\n|-activate|p2a: Pawmot|move: Sticky Web\n|-unboost|p2a: Pawmot|spe|1\n|move|p1a: Ogerpon|Taunt|p2a: Pawmot\n|-start|p2a: Pawmot|move: Taunt\n|\n|upkeep\n|turn|48\n|\n|t:|1701181910\n|move|p1a: Ogerpon|Ivy Cudgel|p2a: Pawmot|[anim] Ivy Cudgel Water\n|-damage|p2a: Pawmot|0 fnt\n|faint|p2a: Pawmot\n|\n|upkeep\n|\n|t:|1701181921\n|switch|p2a: Banette-Mega?|Banette-Mega, F|50\/100\n|-activate|p2a: Banette-Mega?|move: Sticky Web\n|-unboost|p2a: Banette-Mega?|spe|1\n|turn|49\n|\n|t:|1701181926\n|move|p1a: Ogerpon|Taunt|p2a: Banette-Mega?\n|-start|p2a: Banette-Mega?|move: Taunt\n|move|p2a: Banette-Mega?|Knock Off|p1a: Ogerpon\n|-damage|p1a: Ogerpon|46\/100\n|\n|upkeep\n|turn|50\n|\n|t:|1701181932\n|switch|p2a: Alomomola|Alomomola, M|46\/100\n|-activate|p2a: Alomomola|move: Sticky Web\n|-unboost|p2a: Alomomola|spe|1\n|move|p1a: Ogerpon|Horn Leech|p2a: Alomomola\n|-supereffective|p2a: Alomomola\n|-damage|p2a: Alomomola|0 fnt\n|-heal|p1a: Ogerpon|78\/100|[from] drain|[of] p2a: Alomomola\n|faint|p2a: Alomomola\n|\n|upkeep\n|\n|t:|1701181938\n|switch|p2a: Urshifu-Rapid?|Urshifu-Rapid-Strike, M|100\/100\n|-activate|p2a: Urshifu-Rapid?|move: Sticky Web\n|-unboost|p2a: Urshifu-Rapid?|spe|1\n|turn|51\n|\n|t:|1701181943\n|move|p1a: Ogerpon|Horn Leech|p2a: Urshifu-Rapid?\n|-supereffective|p2a: Urshifu-Rapid?\n|-damage|p2a: Urshifu-Rapid?|13\/100\n|-heal|p1a: Ogerpon|100\/100|[from] drain|[of] p2a: Urshifu-Rapid?\n|move|p2a: Urshifu-Rapid?|Close Combat|p1a: Ogerpon\n|-damage|p1a: Ogerpon|29\/100\n|-unboost|p2a: Urshifu-Rapid?|def|1\n|-unboost|p2a: Urshifu-Rapid?|spd|1\n|\n|upkeep\n|turn|52\n|\n|t:|1701181951\n|move|p1a: Ogerpon|Horn Leech|p2a: Urshifu-Rapid?\n|-supereffective|p2a: Urshifu-Rapid?\n|-damage|p2a: Urshifu-Rapid?|0 fnt\n|-heal|p1a: Ogerpon|36\/100|[from] drain|[of] p2a: Urshifu-Rapid?\n|faint|p2a: Urshifu-Rapid?\n|\n|upkeep\n|\n|t:|1701181954\n|switch|p2a: Banette-Mega?|Banette-Mega, F|50\/100\n|-activate|p2a: Banette-Mega?|move: Sticky Web\n|-unboost|p2a: Banette-Mega?|spe|1\n|turn|53\n|c|\u2606about15guys|50\/50\n|\n|t:|1701181978\n|move|p1a: Ogerpon|Taunt|p2a: Banette-Mega?\n|-start|p2a: Banette-Mega?|move: Taunt\n|move|p2a: Banette-Mega?|Knock Off|p1a: Ogerpon\n|-damage|p1a: Ogerpon|0 fnt\n|faint|p1a: Ogerpon\n|\n|win|about15guys\n|n|\u2606MSceptileJason|msceptilejason\n|n|\u2606about15guys|about15guys\n|n|+Avaritia~!|avaritia\n|n| RunicPower419|runicpower419\n","uploadtime":1701181979,"views":3,"p1id":"msceptilejason","p2id":"about15guys","formatid":"gen9nationaldex","rating":0,"private":0,"password":""}