{"id":"gen9nationaldex-1999562695","p1":"Shido464","p2":"wohaokewuna","format":"[Gen 9] National Dex","log":"|html|<div class=\"broadcast-blue\"><strong>[Gen 9] National Dex is currently suspecting Sneasler! For information on how to participate check out the <a href=\"https:\/\/www.smogon.com\/forums\/threads\/sv-national-dex-suspect-8-just-dance.3731534\/\">suspect thread<\/a>.<\/strong><\/div>\n|j|\u2606Shido464\n|j|\u2606wohaokewuna\n|t:|1701096432\n|gametype|singles\n|player|p1|Shido464|shadowtriad|1063\n|player|p2|wohaokewuna|169|1154\n|teamsize|p1|6\n|teamsize|p2|6\n|gen|9\n|tier|[Gen 9] National Dex\n|rated|\n|rule|HP Percentage Mod: HP is shown in percentages\n|rule|Endless Battle Clause: Forcing endless battles is banned\n|rule|OHKO Clause: OHKO moves are banned\n|rule|Evasion Clause: Evasion abilities, items, and moves are banned\n|rule|Evasion Abilities Clause: Evasion abilities are banned\n|rule|Evasion Items Clause: Evasion items are banned\n|rule|Evasion Moves Clause: Evasion moves are banned\n|rule|Species Clause: Limit one of each Pok\u00e9mon\n|rule|Sleep Clause Mod: Limit one foe put to sleep\n|clearpoke\n|poke|p1|Sableye, M|\n|poke|p1|Zoroark-Hisui, M|\n|poke|p1|Oricorio-Sensu, F|\n|poke|p1|Aegislash, M|\n|poke|p1|Skeledirge, M|\n|poke|p1|Golurk|\n|poke|p2|Weavile, M|\n|poke|p2|Volcarona, M|\n|poke|p2|Sceptile, F|\n|poke|p2|Azumarill, M|\n|poke|p2|Seviper, M|\n|poke|p2|Claydol|\n|teampreview\n|inactive|Battle timer is ON: inactive players will automatically lose when time's up. (requested by wohaokewuna)\n|\n|t:|1701096463\n|start\n|switch|p1a: Golurk|Golurk|100\/100\n|switch|p2a: Weavile|Weavile, M|100\/100\n|turn|1\n|\n|t:|1701096469\n|move|p2a: Weavile|Icicle Spear|p1a: Golurk\n|-supereffective|p1a: Golurk\n|-damage|p1a: Golurk|75\/100\n|-supereffective|p1a: Golurk\n|-damage|p1a: Golurk|50\/100\n|-hitcount|p1a: Golurk|2\n|move|p1a: Golurk|Hammer Arm|p2a: Weavile\n|-supereffective|p2a: Weavile\n|-enditem|p2a: Weavile|Focus Sash\n|-damage|p2a: Weavile|1\/100\n|-unboost|p1a: Golurk|spe|1\n|-enditem|p1a: Golurk|Assault Vest|[silent]|[from] ability: Pickpocket|[of] p1a: Golurk\n|-item|p2a: Weavile|Assault Vest|[from] ability: Pickpocket|[of] p1a: Golurk\n|\n|upkeep\n|turn|2\n|inactive|wohaokewuna has 120 seconds left.\n|\n|t:|1701096509\n|switch|p1a: Aegislash|Aegislash, M|100\/100\n|move|p2a: Weavile|Icicle Spear|p1a: Aegislash\n|-resisted|p1a: Aegislash\n|-damage|p1a: Aegislash|96\/100\n|-resisted|p1a: Aegislash\n|-damage|p1a: Aegislash|91\/100\n|-hitcount|p1a: Aegislash|2\n|\n|-heal|p1a: Aegislash|97\/100|[from] item: Leftovers\n|upkeep\n|turn|3\n|\n|t:|1701096513\n|-formechange|p1a: Aegislash|Aegislash-Blade||[from] ability: Stance Change\n|move|p1a: Aegislash|Shadow Sneak|p2a: Weavile\n|-resisted|p2a: Weavile\n|-damage|p2a: Weavile|0 fnt\n|faint|p2a: Weavile\n|\n|-heal|p1a: Aegislash|100\/100|[from] item: Leftovers\n|upkeep\n|inactive|wohaokewuna has 120 seconds left.\n|\n|t:|1701096530\n|switch|p2a: Volcarona|Volcarona, M|100\/100\n|turn|4\n|\n|t:|1701096533\n|switch|p1a: Oricorio|Oricorio-Sensu, F|100\/100\n|move|p2a: Volcarona|Quiver Dance|p2a: Volcarona\n|-boost|p2a: Volcarona|spa|1\n|-boost|p2a: Volcarona|spd|1\n|-boost|p2a: Volcarona|spe|1\n|-activate|p1a: Oricorio|ability: Dancer\n|move|p1a: Oricorio|Quiver Dance|p1a: Oricorio|[from]ability: Dancer\n|-boost|p1a: Oricorio|spa|1\n|-boost|p1a: Oricorio|spd|1\n|-boost|p1a: Oricorio|spe|1\n|\n|upkeep\n|turn|5\n|\n|t:|1701096543\n|-terastallize|p2a: Volcarona|Steel\n|move|p1a: Oricorio|Quiver Dance|p1a: Oricorio\n|-boost|p1a: Oricorio|spa|1\n|-boost|p1a: Oricorio|spd|1\n|-boost|p1a: Oricorio|spe|1\n|move|p2a: Volcarona|Fiery Dance|p1a: Oricorio\n|-damage|p1a: Oricorio|59\/100\n|-activate|p1a: Oricorio|ability: Dancer\n|move|p1a: Oricorio|Fiery Dance|p2a: Volcarona|[from]ability: Dancer\n|-supereffective|p2a: Volcarona\n|-damage|p2a: Volcarona|44\/100\n|-boost|p1a: Oricorio|spa|1\n|\n|upkeep\n|turn|6\n|\n|t:|1701096560\n|move|p1a: Oricorio|Revelation Dance|p2a: Volcarona\n|-damage|p2a: Volcarona|0 fnt\n|faint|p2a: Volcarona\n|\n|upkeep\n|inactive|wohaokewuna has 120 seconds left.\n|\n|t:|1701096581\n|switch|p2a: Azumarill|Azumarill, M|100\/100\n|turn|7\n|inactive|wohaokewuna has 120 seconds left.\n|\n|t:|1701096593\n|move|p1a: Oricorio|Revelation Dance|p2a: Azumarill\n|-damage|p2a: Azumarill|0 fnt\n|faint|p2a: Azumarill\n|\n|upkeep\n|-message|wohaokewuna forfeited.\n|\n|win|Shido464\n|raw|Shido464's rating: 1063 &rarr; <strong>1101<\/strong><br \/>(+38 for winning)\n|raw|wohaokewuna's rating: 1154 &rarr; <strong>1123<\/strong><br \/>(-31 for losing)\n|l|\u2606wohaokewuna\n","uploadtime":1701096605,"views":18,"p1id":"shido464","p2id":"wohaokewuna","formatid":"gen9nationaldex","rating":1101,"private":0,"password":""}