{"id":"gen9nationaldex-1989590695","p1":"leon lp","p2":"cornfactss","format":"[Gen 9] National Dex","log":"|j|\u203dleon lp\n|j|\u2606cornfactss\n|t:|1699875839\n|gametype|singles\n|player|p1|leon lp|170|1423\n|player|p2|cornfactss|shauntal|1512\n|teamsize|p1|6\n|teamsize|p2|6\n|gen|9\n|tier|[Gen 9] National Dex\n|rated|\n|rule|HP Percentage Mod: HP is shown in percentages\n|rule|Endless Battle Clause: Forcing endless battles is banned\n|rule|OHKO Clause: OHKO moves are banned\n|rule|Evasion Clause: Evasion abilities, items, and moves are banned\n|rule|Evasion Abilities Clause: Evasion abilities are banned\n|rule|Evasion Items Clause: Evasion items are banned\n|rule|Evasion Moves Clause: Evasion moves are banned\n|rule|Species Clause: Limit one of each Pok\u00e9mon\n|rule|Sleep Clause Mod: Limit one foe put to sleep\n|clearpoke\n|poke|p1|Sneasler, F|\n|poke|p1|Diancie|\n|poke|p1|Flygon, M|\n|poke|p1|Tapu Lele|\n|poke|p1|Samurott-Hisui, F|\n|poke|p1|Aegislash, F|\n|poke|p2|Sneasler, M|\n|poke|p2|Iron Valiant|\n|poke|p2|Heatran, M|\n|poke|p2|Corsola-Galar, F|\n|poke|p2|Tapu Koko|\n|poke|p2|Goodra-Hisui, M|\n|teampreview\n|\n|t:|1699875857\n|start\n|switch|p1a: Diancie|Diancie|100\/100\n|switch|p2a: Heatran|Heatran, M|100\/100\n|-item|p2a: Heatran|Air Balloon\n|turn|1\n|\n|t:|1699875864\n|detailschange|p1a: Diancie|Diancie-Mega\n|-mega|p1a: Diancie|Diancie|Diancite\n|move|p1a: Diancie|Diamond Storm|p2a: Heatran\n|-damage|p2a: Heatran|59\/100\n|-boost|p1a: Diancie|def|2\n|-enditem|p2a: Heatran|Air Balloon\n|move|p2a: Heatran|Magma Storm|p1a: Diancie\n|-resisted|p1a: Diancie\n|-damage|p1a: Diancie|56\/100\n|-activate|p1a: Diancie|move: Magma Storm|[of] p2a: Heatran\n|\n|-damage|p1a: Diancie|44\/100|[from] move: Magma Storm|[partiallytrapped]\n|upkeep\n|turn|2\n|\n|t:|1699875880\n|move|p1a: Diancie|Stealth Rock|p2a: Heatran\n|-sidestart|p2: cornfactss|move: Stealth Rock\n|move|p2a: Heatran|Earth Power|p1a: Diancie\n|-supereffective|p1a: Diancie\n|-damage|p1a: Diancie|0 fnt\n|faint|p1a: Diancie\n|\n|upkeep\n|\n|t:|1699875902\n|switch|p1a: Samurott|Samurott-Hisui, F|100\/100\n|turn|3\n|\n|t:|1699875913\n|switch|p2a: Corsola|Corsola-Galar, F|100\/100\n|-damage|p2a: Corsola|88\/100|[from] Stealth Rock\n|move|p1a: Samurott|Razor Shell|p2a: Corsola\n|-damage|p2a: Corsola|64\/100\n|\n|upkeep\n|turn|4\n|\n|t:|1699875920\n|move|p1a: Samurott|Ceaseless Edge|p2a: Corsola|[miss]\n|-miss|p1a: Samurott|p2a: Corsola\n|move|p2a: Corsola|Will-O-Wisp|p1a: Samurott\n|-status|p1a: Samurott|brn\n|\n|-damage|p1a: Samurott|94\/100 brn|[from] brn\n|upkeep\n|turn|5\n|\n|t:|1699875928\n|move|p1a: Samurott|Ceaseless Edge|p2a: Corsola\n|-supereffective|p2a: Corsola\n|-damage|p2a: Corsola|42\/100\n|-sidestart|p2: cornfactss|Spikes\n|move|p2a: Corsola|Stealth Rock|p1a: Samurott\n|-sidestart|p1: leon lp|move: Stealth Rock\n|\n|-damage|p1a: Samurott|88\/100 brn|[from] brn\n|upkeep\n|turn|6\n|\n|t:|1699875935\n|move|p1a: Samurott|Ceaseless Edge|p2a: Corsola|[miss]\n|-miss|p1a: Samurott|p2a: Corsola\n|move|p2a: Corsola|Strength Sap|p1a: Samurott\n|-unboost|p1a: Samurott|atk|1\n|-heal|p2a: Corsola|100\/100\n|\n|-damage|p1a: Samurott|82\/100 brn|[from] brn\n|upkeep\n|turn|7\n|\n|t:|1699875944\n|switch|p2a: Tapu Koko|Tapu Koko|100\/100\n|-fieldstart|move: Electric Terrain|[from] ability: Electric Surge|[of] p2a: Tapu Koko\n|move|p1a: Samurott|Ceaseless Edge|p2a: Tapu Koko|[miss]\n|-miss|p1a: Samurott|p2a: Tapu Koko\n|\n|-damage|p1a: Samurott|76\/100 brn|[from] brn\n|upkeep\n|turn|8\n|\n|t:|1699875953\n|move|p2a: Tapu Koko|Volt Switch|p1a: Samurott\n|-supereffective|p1a: Samurott\n|-damage|p1a: Samurott|0 fnt\n|faint|p1a: Samurott\n|\n|t:|1699875966\n|switch|p2a: Corsola|Corsola-Galar, F|100\/100|[from] Volt Switch\n|-damage|p2a: Corsola|88\/100|[from] Stealth Rock\n|-damage|p2a: Corsola|76\/100|[from] Spikes\n|\n|upkeep\n|\n|t:|1699875977\n|switch|p1a: Tapu Lele|Tapu Lele|100\/100\n|-damage|p1a: Tapu Lele|88\/100|[from] Stealth Rock\n|-fieldstart|move: Psychic Terrain|[from] ability: Psychic Surge|[of] p1a: Tapu Lele\n|turn|9\n|\n|t:|1699875982\n|switch|p2a: Goodra|Goodra-Hisui, M|100\/100\n|-damage|p2a: Goodra|94\/100|[from] Stealth Rock\n|-damage|p2a: Goodra|82\/100|[from] Spikes\n|move|p1a: Tapu Lele|Moonblast|p2a: Goodra\n|-damage|p2a: Goodra|52\/100\n|\n|upkeep\n|turn|10\n|\n|t:|1699875992\n|switch|p1a: Flygon|Flygon, M|100\/100\n|-damage|p1a: Flygon|95\/100|[from] Stealth Rock\n|move|p2a: Goodra|Flash Cannon|p1a: Flygon\n|-damage|p1a: Flygon|44\/100\n|\n|upkeep\n|turn|11\n|\n|t:|1699876001\n|switch|p2a: Heatran|Heatran, M|59\/100\n|-damage|p2a: Heatran|47\/100|[from] Stealth Rock\n|-damage|p2a: Heatran|34\/100|[from] Spikes\n|-terastallize|p1a: Flygon|Electric\n|move|p1a: Flygon|Scale Shot|p2a: Heatran\n|-resisted|p2a: Heatran\n|-damage|p2a: Heatran|30\/100\n|-resisted|p2a: Heatran\n|-damage|p2a: Heatran|25\/100\n|-resisted|p2a: Heatran\n|-damage|p2a: Heatran|20\/100\n|-resisted|p2a: Heatran\n|-damage|p2a: Heatran|15\/100\n|-hitcount|p2a: Heatran|4\n|-unboost|p1a: Flygon|def|1\n|-boost|p1a: Flygon|spe|1\n|\n|upkeep\n|turn|12\n|\n|t:|1699876018\n|move|p1a: Flygon|Earthquake|p2a: Heatran\n|-supereffective|p2a: Heatran\n|-damage|p2a: Heatran|0 fnt\n|faint|p2a: Heatran\n|\n|upkeep\n|\n|t:|1699876022\n|switch|p2a: Tapu Koko|Tapu Koko|100\/100\n|-fieldstart|move: Electric Terrain|[from] ability: Electric Surge|[of] p2a: Tapu Koko\n|turn|13\n|\n|t:|1699876029\n|move|p1a: Flygon|Earthquake|p2a: Tapu Koko\n|-supereffective|p2a: Tapu Koko\n|-damage|p2a: Tapu Koko|0 fnt\n|faint|p2a: Tapu Koko\n|\n|upkeep\n|\n|t:|1699876032\n|switch|p2a: Sneasler|Sneasler, M|100\/100\n|-damage|p2a: Sneasler|94\/100|[from] Stealth Rock\n|-damage|p2a: Sneasler|82\/100|[from] Spikes\n|-enditem|p2a: Sneasler|Electric Seed\n|-boost|p2a: Sneasler|def|1|[from] item: Electric Seed\n|turn|14\n|\n|t:|1699876039\n|move|p2a: Sneasler|Dire Claw|p1a: Flygon\n|-damage|p1a: Flygon|0 fnt\n|faint|p1a: Flygon\n|\n|upkeep\n|\n|t:|1699876045\n|switch|p1a: Aegislash|Aegislash, F|100\/100\n|-damage|p1a: Aegislash|94\/100|[from] Stealth Rock\n|turn|15\n|\n|t:|1699876055\n|switch|p2a: Goodra|Goodra-Hisui, M|52\/100\n|-damage|p2a: Goodra|46\/100|[from] Stealth Rock\n|-damage|p2a: Goodra|34\/100|[from] Spikes\n|move|p1a: Aegislash|Swords Dance|p1a: Aegislash\n|-boost|p1a: Aegislash|atk|2\n|\n|upkeep\n|turn|16\n|\n|t:|1699876066\n|move|p2a: Goodra|Fire Blast|p1a: Aegislash|[miss]\n|-miss|p2a: Goodra|p1a: Aegislash\n|-formechange|p1a: Aegislash|Aegislash-Blade||[from] ability: Stance Change\n|move|p1a: Aegislash|Iron Head|p2a: Goodra\n|-resisted|p2a: Goodra\n|-damage|p2a: Goodra|0 fnt\n|faint|p2a: Goodra\n|\n|upkeep\n|\n|t:|1699876073\n|switch|p2a: Corsola|Corsola-Galar, F|76\/100\n|-damage|p2a: Corsola|63\/100|[from] Stealth Rock\n|-damage|p2a: Corsola|51\/100|[from] Spikes\n|turn|17\n|\n|t:|1699876079\n|move|p1a: Aegislash|Shadow Sneak|p2a: Corsola\n|-supereffective|p2a: Corsola\n|-damage|p2a: Corsola|6\/100\n|move|p2a: Corsola|Strength Sap|p1a: Aegislash\n|-unboost|p1a: Aegislash|atk|1\n|-heal|p2a: Corsola|100\/100\n|\n|-fieldend|move: Electric Terrain\n|upkeep\n|turn|18\n|\n|t:|1699876086\n|switch|p1a: Tapu Lele|Tapu Lele|88\/100\n|-damage|p1a: Tapu Lele|76\/100|[from] Stealth Rock\n|-fieldstart|move: Psychic Terrain|[from] ability: Psychic Surge|[of] p1a: Tapu Lele\n|move|p2a: Corsola|Will-O-Wisp|p1a: Tapu Lele\n|-status|p1a: Tapu Lele|brn\n|\n|-damage|p1a: Tapu Lele|70\/100 brn|[from] brn\n|upkeep\n|turn|19\n|\n|t:|1699876096\n|move|p1a: Tapu Lele|Moonblast|p2a: Corsola\n|-damage|p2a: Corsola|49\/100\n|move|p2a: Corsola|Hex|p1a: Tapu Lele\n|-supereffective|p1a: Tapu Lele\n|-damage|p1a: Tapu Lele|5\/100 brn\n|\n|-damage|p1a: Tapu Lele|0 fnt|[from] brn\n|faint|p1a: Tapu Lele\n|upkeep\n|\n|t:|1699876104\n|switch|p1a: Sneasler|Sneasler, F|100\/100\n|-damage|p1a: Sneasler|95\/100|[from] Stealth Rock\n|-enditem|p1a: Sneasler|Psychic Seed\n|-boost|p1a: Sneasler|spd|1|[from] item: Psychic Seed\n|turn|20\n|\n|t:|1699876113\n|move|p1a: Sneasler|Dire Claw|p2a: Corsola\n|-resisted|p2a: Corsola\n|-damage|p2a: Corsola|38\/100\n|-status|p2a: Corsola|psn\n|move|p2a: Corsola|Strength Sap|p1a: Sneasler\n|-unboost|p1a: Sneasler|atk|1\n|-heal|p2a: Corsola|100\/100 psn\n|\n|-damage|p2a: Corsola|88\/100 psn|[from] psn\n|upkeep\n|turn|21\n|\n|t:|1699876125\n|move|p1a: Sneasler|Swords Dance|p1a: Sneasler\n|-boost|p1a: Sneasler|atk|2\n|move|p2a: Corsola|Will-O-Wisp|p1a: Sneasler\n|-status|p1a: Sneasler|brn\n|\n|-damage|p2a: Corsola|76\/100 psn|[from] psn\n|-damage|p1a: Sneasler|89\/100 brn|[from] brn\n|upkeep\n|turn|22\n|\n|t:|1699876133\n|move|p1a: Sneasler|Swords Dance|p1a: Sneasler\n|-boost|p1a: Sneasler|atk|2\n|move|p2a: Corsola|Strength Sap|p1a: Sneasler\n|-unboost|p1a: Sneasler|atk|1\n|-heal|p2a: Corsola|100\/100 psn\n|\n|-damage|p2a: Corsola|88\/100 psn|[from] psn\n|-damage|p1a: Sneasler|83\/100 brn|[from] brn\n|-fieldend|move: Psychic Terrain\n|upkeep\n|turn|23\n|\n|t:|1699876143\n|move|p1a: Sneasler|Swords Dance|p1a: Sneasler\n|-boost|p1a: Sneasler|atk|2\n|move|p2a: Corsola|Strength Sap|p1a: Sneasler\n|-unboost|p1a: Sneasler|atk|1\n|-heal|p2a: Corsola|100\/100 psn\n|\n|-damage|p2a: Corsola|88\/100 psn|[from] psn\n|-damage|p1a: Sneasler|77\/100 brn|[from] brn\n|upkeep\n|turn|24\n|\n|t:|1699876154\n|move|p1a: Sneasler|Acrobatics|p2a: Corsola\n|-damage|p2a: Corsola|63\/100 psn\n|move|p2a: Corsola|Strength Sap|p1a: Sneasler\n|-unboost|p1a: Sneasler|atk|1\n|-heal|p2a: Corsola|100\/100 psn\n|\n|-damage|p2a: Corsola|88\/100 psn|[from] psn\n|-damage|p1a: Sneasler|71\/100 brn|[from] brn\n|upkeep\n|turn|25\n|\n|t:|1699876163\n|move|p1a: Sneasler|Acrobatics|p2a: Corsola\n|-damage|p2a: Corsola|67\/100 psn\n|move|p2a: Corsola|Hex|p1a: Sneasler\n|-damage|p1a: Sneasler|42\/100 brn\n|\n|-damage|p2a: Corsola|54\/100 psn|[from] psn\n|-damage|p1a: Sneasler|36\/100 brn|[from] brn\n|upkeep\n|turn|26\n|\n|t:|1699876171\n|move|p1a: Sneasler|Swords Dance|p1a: Sneasler\n|-boost|p1a: Sneasler|atk|2\n|move|p2a: Corsola|Strength Sap|p1a: Sneasler\n|-unboost|p1a: Sneasler|atk|1\n|-heal|p2a: Corsola|100\/100 psn\n|\n|-damage|p2a: Corsola|88\/100 psn|[from] psn\n|-damage|p1a: Sneasler|30\/100 brn|[from] brn\n|upkeep\n|turn|27\n|\n|t:|1699876182\n|move|p1a: Sneasler|Dire Claw|p2a: Corsola\n|-resisted|p2a: Corsola\n|-damage|p2a: Corsola|73\/100 psn\n|-start|p1a: Sneasler|Disable|Dire Claw|[from] ability: Cursed Body|[of] p2a: Corsola\n|move|p2a: Corsola|Strength Sap|p1a: Sneasler\n|-unboost|p1a: Sneasler|atk|1\n|-heal|p2a: Corsola|100\/100 psn\n|\n|-damage|p2a: Corsola|88\/100 psn|[from] psn\n|-damage|p1a: Sneasler|24\/100 brn|[from] brn\n|upkeep\n|turn|28\n|inactive|Battle timer is ON: inactive players will automatically lose when time's up. (requested by cornfactss)\n|inactive|leon lp has 120 seconds left.\n|inactive|leon lp has 90 seconds left.\n|inactive|leon lp has 60 seconds left.\n|inactive|leon lp has 30 seconds left.\n|inactive|leon lp has 20 seconds left.\n|inactive|leon lp has 15 seconds left.\n|inactive|leon lp has 10 seconds left.\n|inactive|leon lp has 5 seconds left.\n|\n|t:|1699876363\n|move|p1a: Sneasler|Swords Dance|p1a: Sneasler\n|-boost|p1a: Sneasler|atk|2\n|move|p2a: Corsola|Hex|p1a: Sneasler\n|-damage|p1a: Sneasler|0 fnt\n|faint|p1a: Sneasler\n|\n|-damage|p2a: Corsola|76\/100 psn|[from] psn\n|upkeep\n|c|\u2606cornfactss|nice one\n|\n|t:|1699876370\n|switch|p1a: Aegislash|Aegislash, F|94\/100\n|-damage|p1a: Aegislash|88\/100|[from] Stealth Rock\n|turn|29\n|inactive|leon lp has 60 seconds left.\n|inactive|leon lp has 30 seconds left.\n|inactive|leon lp has 20 seconds left.\n|inactive|leon lp has 15 seconds left.\n|inactive|leon lp has 10 seconds left.\n|inactive|leon lp has 5 seconds left.\n|\n|t:|1699876445\n|move|p1a: Aegislash|Swords Dance|p1a: Aegislash\n|-boost|p1a: Aegislash|atk|2\n|move|p2a: Corsola|Will-O-Wisp|p1a: Aegislash|[miss]\n|-miss|p2a: Corsola|p1a: Aegislash\n|\n|-damage|p2a: Corsola|63\/100 psn|[from] psn\n|upkeep\n|turn|30\n|inactive|leon lp has 15 seconds left this turn.\n|inactive|leon lp has 10 seconds left.\n|\n|t:|1699876455\n|-formechange|p1a: Aegislash|Aegislash-Blade||[from] ability: Stance Change\n|move|p1a: Aegislash|Shadow Sneak|p2a: Corsola\n|-supereffective|p2a: Corsola\n|-damage|p2a: Corsola|10\/100 psn\n|move|p2a: Corsola|Will-O-Wisp|p1a: Aegislash\n|-status|p1a: Aegislash|brn\n|\n|-damage|p2a: Corsola|0 fnt|[from] psn\n|faint|p2a: Corsola\n|-damage|p1a: Aegislash|82\/100 brn|[from] brn\n|upkeep\n|inactive|leon lp has 15 seconds left this turn.\n|\n|t:|1699876473\n|switch|p2a: Sneasler|Sneasler, M|82\/100\n|-damage|p2a: Sneasler|76\/100|[from] Stealth Rock\n|-damage|p2a: Sneasler|63\/100|[from] Spikes\n|turn|31\n|inactive|leon lp has 25 seconds left this turn.\n|inactive|leon lp has 20 seconds left.\n|\n|t:|1699876479\n|-formechange|p1a: Aegislash|Aegislash||[from] ability: Stance Change\n|move|p1a: Aegislash|King's Shield|p1a: Aegislash\n|-singleturn|p1a: Aegislash|Protect\n|move|p2a: Sneasler|Acrobatics|p1a: Aegislash\n|-activate|p1a: Aegislash|move: Protect\n|-unboost|p2a: Sneasler|atk|1\n|\n|-damage|p1a: Aegislash|76\/100 brn|[from] brn\n|upkeep\n|turn|32\n|inactive|leon lp has 30 seconds left this turn.\n|-message|cornfactss forfeited.\n|\n|win|leon lp\n|raw|leon lp's rating: 1402 &rarr; <strong>1428<\/strong><br \/>(+26 for winning)\n|raw|cornfactss's rating: 1512 &rarr; <strong>1486<\/strong><br \/>(-26 for losing)\n|l|\u2606cornfactss\n","uploadtime":1699876496,"views":5,"p1id":"leonlp","p2id":"cornfactss","formatid":"gen9nationaldex","rating":1428,"private":0,"password":""}