{"id":"gen9nationaldex-1994064209","p1":"AshSpriteWhen","p2":"OneBigTurtle","format":"[Gen 9] National Dex","log":"|j|\u2606AshSpriteWhen\n|j|\u2606OneBigTurtle\n|t:|1700402060\n|gametype|singles\n|player|p1|AshSpriteWhen|red|1064\n|player|p2|OneBigTurtle|hiker-gen4|1150\n|teamsize|p1|6\n|teamsize|p2|6\n|gen|9\n|tier|[Gen 9] National Dex\n|rated|\n|rule|HP Percentage Mod: HP is shown in percentages\n|rule|Endless Battle Clause: Forcing endless battles is banned\n|rule|OHKO Clause: OHKO moves are banned\n|rule|Evasion Clause: Evasion abilities, items, and moves are banned\n|rule|Evasion Abilities Clause: Evasion abilities are banned\n|rule|Evasion Items Clause: Evasion items are banned\n|rule|Evasion Moves Clause: Evasion moves are banned\n|rule|Species Clause: Limit one of each Pok\u00e9mon\n|rule|Sleep Clause Mod: Limit one foe put to sleep\n|clearpoke\n|poke|p1|Greninja-*, M|\n|poke|p1|Sceptile, F|\n|poke|p1|Gliscor, F|\n|poke|p1|Infernape, F|\n|poke|p1|Snorlax, M|\n|poke|p1|Lucario, F|\n|poke|p2|Jirachi|\n|poke|p2|Rotom-Heat|\n|poke|p2|Medicham, F|\n|poke|p2|Ting-Lu|\n|poke|p2|Alomomola, F|\n|poke|p2|Diancie|\n|teampreview\n|inactive|Battle timer is ON: inactive players will automatically lose when time's up. (requested by OneBigTurtle)\n|\n|t:|1700402074\n|start\n|switch|p1a: Sceptile|Sceptile, F|100\/100\n|switch|p2a: Ting-Lu|Ting-Lu|100\/100\n|-ability|p2a: Ting-Lu|Vessel of Ruin\n|turn|1\n|\n|t:|1700402081\n|move|p1a: Sceptile|Leaf Storm|p2a: Ting-Lu\n|-supereffective|p2a: Ting-Lu\n|-damage|p2a: Ting-Lu|49\/100\n|-unboost|p1a: Sceptile|spa|2\n|-enditem|p1a: Sceptile|White Herb\n|-clearnegativeboost|p1a: Sceptile|[silent]\n|move|p2a: Ting-Lu|Stealth Rock|p1a: Sceptile\n|-sidestart|p1: AshSpriteWhen|move: Stealth Rock\n|\n|-heal|p2a: Ting-Lu|55\/100|[from] item: Leftovers\n|upkeep\n|turn|2\n|\n|t:|1700402104\n|move|p1a: Sceptile|Energy Ball|p2a: Ting-Lu\n|-supereffective|p2a: Ting-Lu\n|-damage|p2a: Ting-Lu|20\/100\n|-unboost|p2a: Ting-Lu|spd|1\n|move|p2a: Ting-Lu|Ruination|p1a: Sceptile\n|-damage|p1a: Sceptile|51\/100\n|\n|-heal|p2a: Ting-Lu|27\/100|[from] item: Leftovers\n|upkeep\n|turn|3\n|\n|t:|1700402114\n|switch|p2a: Rotom|Rotom-Heat|100\/100\n|move|p1a: Sceptile|Energy Ball|p2a: Rotom\n|-resisted|p2a: Rotom\n|-damage|p2a: Rotom|77\/100\n|\n|upkeep\n|turn|4\n|\n|t:|1700402124\n|move|p1a: Sceptile|Focus Blast|p2a: Rotom|[miss]\n|-miss|p1a: Sceptile|p2a: Rotom\n|move|p2a: Rotom|Overheat|p1a: Sceptile\n|-supereffective|p1a: Sceptile\n|-damage|p1a: Sceptile|0 fnt\n|-unboost|p2a: Rotom|spa|2\n|faint|p1a: Sceptile\n|\n|upkeep\n|\n|t:|1700402130\n|switch|p1a: Greninja|Greninja, M|100\/100\n|-damage|p1a: Greninja|88\/100|[from] Stealth Rock\n|turn|5\n|inactive|OneBigTurtle has 120 seconds left.\n|\n|t:|1700402165\n|switch|p2a: Ting-Lu|Ting-Lu|27\/100\n|-ability|p2a: Ting-Lu|Vessel of Ruin\n|move|p1a: Greninja|Surf|p2a: Ting-Lu\n|-supereffective|p2a: Ting-Lu\n|-damage|p2a: Ting-Lu|0 fnt\n|faint|p2a: Ting-Lu\n|-ability|p1a: Greninja|Battle Bond|boost\n|-boost|p1a: Greninja|atk|1\n|-boost|p1a: Greninja|spa|1\n|-boost|p1a: Greninja|spe|1\n|-activate|p1a: Greninja|ability: Battle Bond\n|\n|upkeep\n|\n|t:|1700402183\n|switch|p2a: Jirachi|Jirachi, shiny|100\/100\n|turn|6\n|\n|t:|1700402192\n|-terastallize|p2a: Jirachi|Steel\n|move|p1a: Greninja|Dark Pulse|p2a: Jirachi\n|-damage|p2a: Jirachi|65\/100\n|move|p2a: Jirachi|Drain Punch|p1a: Greninja\n|-supereffective|p1a: Greninja\n|-damage|p1a: Greninja|10\/100\n|-heal|p2a: Jirachi|98\/100|[from] drain|[of] p1a: Greninja\n|\n|upkeep\n|turn|7\n|\n|t:|1700402203\n|move|p1a: Greninja|Surf|p2a: Jirachi\n|-damage|p2a: Jirachi|58\/100\n|move|p2a: Jirachi|Drain Punch|p1a: Greninja\n|-supereffective|p1a: Greninja\n|-damage|p1a: Greninja|0 fnt\n|-heal|p2a: Jirachi|62\/100|[from] drain|[of] p1a: Greninja\n|faint|p1a: Greninja\n|\n|upkeep\n|\n|t:|1700402209\n|switch|p1a: Infernape|Infernape, F|100\/100\n|-damage|p1a: Infernape|88\/100|[from] Stealth Rock\n|turn|8\n|inactive|OneBigTurtle has 120 seconds left.\n|\n|t:|1700402223\n|switch|p2a: Diancie|Diancie|100\/100\n|move|p1a: Infernape|Fake Out|p2a: Diancie\n|-resisted|p2a: Diancie\n|-damage|p2a: Diancie|95\/100\n|-damage|p1a: Infernape|78\/100|[from] item: Life Orb\n|\n|upkeep\n|turn|9\n|inactive|OneBigTurtle has 120 seconds left.\n|\n|t:|1700402236\n|move|p1a: Infernape|Power-Up Punch|p2a: Diancie\n|-damage|p2a: Diancie|75\/100\n|-boost|p1a: Infernape|atk|1\n|-damage|p1a: Infernape|68\/100|[from] item: Life Orb\n|move|p2a: Diancie|Toxic|p1a: Infernape\n|-status|p1a: Infernape|tox\n|\n|-damage|p1a: Infernape|62\/100 tox|[from] psn\n|upkeep\n|turn|10\n|inactive|OneBigTurtle has 120 seconds left.\n|\n|t:|1700402248\n|move|p1a: Infernape|Drain Punch|p2a: Diancie\n|-damage|p2a: Diancie|22\/100\n|-heal|p1a: Infernape|87\/100 tox|[from] drain|[of] p2a: Diancie\n|-damage|p1a: Infernape|77\/100 tox|[from] item: Life Orb\n|move|p2a: Diancie|Dazzling Gleam|p1a: Infernape\n|-damage|p1a: Infernape|38\/100 tox\n|\n|-damage|p1a: Infernape|26\/100 tox|[from] psn\n|upkeep\n|turn|11\n|inactive|OneBigTurtle has 120 seconds left.\n|\n|t:|1700402258\n|move|p1a: Infernape|Drain Punch|p2a: Diancie\n|-damage|p2a: Diancie|0 fnt\n|-heal|p1a: Infernape|36\/100 tox|[from] drain|[of] p2a: Diancie\n|faint|p2a: Diancie\n|-damage|p1a: Infernape|26\/100 tox|[from] item: Life Orb\n|\n|-damage|p1a: Infernape|7\/100 tox|[from] psn\n|upkeep\n|\n|t:|1700402265\n|switch|p2a: Medicham|Medicham, F|100\/100\n|turn|12\n|\n|t:|1700402270\n|move|p2a: Medicham|Fake Out|p1a: Infernape\n|-damage|p1a: Infernape|0 fnt\n|faint|p1a: Infernape\n|\n|upkeep\n|\n|t:|1700402275\n|switch|p1a: Gliscor|Gliscor, F|100\/100\n|-damage|p1a: Gliscor|88\/100|[from] Stealth Rock\n|turn|13\n|\n|t:|1700402288\n|detailschange|p2a: Medicham|Medicham-Mega, F\n|-mega|p2a: Medicham|Medicham|Medichamite\n|move|p2a: Medicham|Zen Headbutt|p1a: Gliscor\n|-damage|p1a: Gliscor|56\/100\n|move|p1a: Gliscor|Earthquake|p2a: Medicham\n|-damage|p2a: Medicham|63\/100\n|\n|-status|p1a: Gliscor|tox|[from] item: Toxic Orb\n|upkeep\n|turn|14\n|\n|t:|1700402298\n|move|p1a: Gliscor|Protect|p1a: Gliscor\n|-singleturn|p1a: Gliscor|Protect\n|move|p2a: Medicham|Drain Punch|p1a: Gliscor\n|-activate|p1a: Gliscor|move: Protect\n|\n|-heal|p1a: Gliscor|68\/100 tox|[from] ability: Poison Heal\n|upkeep\n|turn|15\n|\n|t:|1700402305\n|move|p2a: Medicham|Drain Punch|p1a: Gliscor\n|-resisted|p1a: Gliscor\n|-crit|p1a: Gliscor\n|-damage|p1a: Gliscor|43\/100 tox\n|-heal|p2a: Medicham|77\/100|[from] drain|[of] p1a: Gliscor\n|move|p1a: Gliscor|Earthquake|p2a: Medicham\n|-crit|p2a: Medicham\n|-damage|p2a: Medicham|13\/100\n|\n|-heal|p1a: Gliscor|55\/100 tox|[from] ability: Poison Heal\n|upkeep\n|turn|16\n|\n|t:|1700402314\n|move|p1a: Gliscor|Protect|p1a: Gliscor\n|-singleturn|p1a: Gliscor|Protect\n|move|p2a: Medicham|Zen Headbutt|p1a: Gliscor\n|-activate|p1a: Gliscor|move: Protect\n|\n|-heal|p1a: Gliscor|68\/100 tox|[from] ability: Poison Heal\n|upkeep\n|turn|17\n|\n|t:|1700402318\n|move|p2a: Medicham|Zen Headbutt|p1a: Gliscor\n|-damage|p1a: Gliscor|33\/100 tox\n|move|p1a: Gliscor|Earthquake|p2a: Medicham\n|-damage|p2a: Medicham|0 fnt\n|faint|p2a: Medicham\n|\n|-heal|p1a: Gliscor|45\/100 tox|[from] ability: Poison Heal\n|upkeep\n|\n|t:|1700402330\n|switch|p2a: Alomomola|Alomomola, F|100\/100\n|turn|18\n|\n|t:|1700402336\n|switch|p1a: Snorlax|Snorlax, M|100\/100\n|-damage|p1a: Snorlax|88\/100|[from] Stealth Rock\n|move|p2a: Alomomola|Ice Beam|p1a: Snorlax\n|-damage|p1a: Snorlax|79\/100\n|\n|upkeep\n|turn|19\n|\n|t:|1700402345\n|move|p2a: Alomomola|Scald|p1a: Snorlax\n|-damage|p1a: Snorlax|64\/100\n|move|p1a: Snorlax|Curse|p1a: Snorlax\n|-unboost|p1a: Snorlax|spe|1\n|-boost|p1a: Snorlax|atk|1\n|-boost|p1a: Snorlax|def|1\n|\n|upkeep\n|turn|20\n|\n|t:|1700402365\n|move|p2a: Alomomola|Scald|p1a: Snorlax\n|-damage|p1a: Snorlax|50\/100\n|-status|p1a: Snorlax|brn\n|-enditem|p1a: Snorlax|Aguav Berry|[eat]\n|-heal|p1a: Snorlax|83\/100 brn|[from] item: Aguav Berry\n|move|p1a: Snorlax|Curse|p1a: Snorlax\n|-unboost|p1a: Snorlax|spe|1\n|-boost|p1a: Snorlax|atk|1\n|-boost|p1a: Snorlax|def|1\n|\n|-damage|p1a: Snorlax|77\/100 brn|[from] brn\n|upkeep\n|turn|21\n|\n|t:|1700402376\n|switch|p2a: Jirachi|Jirachi, shiny, tera:Steel|62\/100\n|move|p1a: Snorlax|Recycle|p1a: Snorlax\n|-item|p1a: Snorlax|Aguav Berry|[from] move: Recycle\n|\n|-damage|p1a: Snorlax|71\/100 brn|[from] brn\n|upkeep\n|turn|22\n|\n|t:|1700402381\n|move|p2a: Jirachi|Drain Punch|p1a: Snorlax\n|-supereffective|p1a: Snorlax\n|-damage|p1a: Snorlax|48\/100 brn\n|-heal|p2a: Jirachi|79\/100|[from] drain|[of] p1a: Snorlax\n|-enditem|p1a: Snorlax|Aguav Berry|[eat]\n|-heal|p1a: Snorlax|82\/100 brn|[from] item: Aguav Berry\n|move|p1a: Snorlax|Earthquake|p2a: Jirachi\n|-supereffective|p2a: Jirachi\n|-damage|p2a: Jirachi|22\/100\n|\n|-damage|p1a: Snorlax|75\/100 brn|[from] brn\n|upkeep\n|turn|23\n|\n|t:|1700402393\n|move|p2a: Jirachi|Iron Head|p1a: Snorlax\n|-damage|p1a: Snorlax|54\/100 brn\n|cant|p1a: Snorlax|flinch\n|\n|-damage|p1a: Snorlax|48\/100 brn|[from] brn\n|upkeep\n|turn|24\n|\n|t:|1700402400\n|move|p2a: Jirachi|Iron Head|p1a: Snorlax\n|-damage|p1a: Snorlax|25\/100 brn\n|cant|p1a: Snorlax|flinch\n|\n|-damage|p1a: Snorlax|19\/100 brn|[from] brn\n|upkeep\n|turn|25\n|\n|t:|1700402409\n|move|p2a: Jirachi|Iron Head|p1a: Snorlax\n|-damage|p1a: Snorlax|0 fnt\n|faint|p1a: Snorlax\n|\n|upkeep\n|c|\u2606AshSpriteWhen|Schwanzhaarlutscha\n|\n|t:|1700402418\n|switch|p1a: Lucario|Lucario, F|100\/100\n|-damage|p1a: Lucario|98\/100|[from] Stealth Rock\n|turn|26\n|c|\u2606OneBigTurtle|lol\n|c|\u2606AshSpriteWhen|Rngesus hates me\n|inactive|OneBigTurtle has 120 seconds left.\n|c|\u2606OneBigTurtle|50% for the flinch\n|c|\u2606AshSpriteWhen|Ik but still\n|\n|t:|1700402468\n|switch|p2a: Alomomola|Alomomola, F|100\/100\n|move|p1a: Lucario|Aura Sphere|p2a: Alomomola\n|-damage|p2a: Alomomola|79\/100\n|\n|upkeep\n|turn|27\n|\n|t:|1700402475\n|move|p1a: Lucario|Nasty Plot|p1a: Lucario\n|-boost|p1a: Lucario|spa|2\n|move|p2a: Alomomola|Scald|p1a: Lucario\n|-damage|p1a: Lucario|59\/100\n|\n|upkeep\n|turn|28\n|\n|t:|1700402487\n|move|p1a: Lucario|Aura Sphere|p2a: Alomomola\n|-damage|p2a: Alomomola|36\/100\n|move|p2a: Alomomola|Scald|p1a: Lucario\n|-damage|p1a: Lucario|25\/100\n|-status|p1a: Lucario|brn\n|\n|-damage|p1a: Lucario|19\/100 brn|[from] brn\n|upkeep\n|turn|29\n|\n|t:|1700402503\n|move|p1a: Lucario|Aura Sphere|p2a: Alomomola\n|-damage|p2a: Alomomola|0 fnt\n|faint|p2a: Alomomola\n|\n|-damage|p1a: Lucario|13\/100 brn|[from] brn\n|upkeep\n|\n|t:|1700402510\n|switch|p2a: Rotom|Rotom-Heat|77\/100\n|turn|30\n|\n|t:|1700402516\n|move|p2a: Rotom|Overheat|p1a: Lucario\n|-supereffective|p1a: Lucario\n|-damage|p1a: Lucario|0 fnt\n|-unboost|p2a: Rotom|spa|2\n|faint|p1a: Lucario\n|\n|upkeep\n|\n|t:|1700402522\n|switch|p1a: Gliscor|Gliscor, F|45\/100 tox\n|-damage|p1a: Gliscor|33\/100 tox|[from] Stealth Rock\n|turn|31\n|\n|t:|1700402525\n|move|p1a: Gliscor|Protect|p1a: Gliscor\n|-singleturn|p1a: Gliscor|Protect\n|move|p2a: Rotom|Overheat|p1a: Gliscor\n|-activate|p1a: Gliscor|move: Protect\n|\n|-heal|p1a: Gliscor|45\/100 tox|[from] ability: Poison Heal\n|upkeep\n|turn|32\n|\n|t:|1700402535\n|switch|p2a: Jirachi|Jirachi, shiny, tera:Steel|22\/100\n|move|p1a: Gliscor|Spikes|p2a: Jirachi\n|-sidestart|p2: OneBigTurtle|Spikes\n|\n|-heal|p1a: Gliscor|58\/100 tox|[from] ability: Poison Heal\n|upkeep\n|turn|33\n|\n|t:|1700402543\n|move|p1a: Gliscor|Protect|p1a: Gliscor\n|-singleturn|p1a: Gliscor|Protect\n|move|p2a: Jirachi|Iron Head|p1a: Gliscor\n|-activate|p1a: Gliscor|move: Protect\n|\n|-heal|p1a: Gliscor|70\/100 tox|[from] ability: Poison Heal\n|upkeep\n|turn|34\n|\n|t:|1700402549\n|move|p1a: Gliscor|Earthquake|p2a: Jirachi\n|-supereffective|p2a: Jirachi\n|-damage|p2a: Jirachi|0 fnt\n|faint|p2a: Jirachi\n|\n|-heal|p1a: Gliscor|83\/100 tox|[from] ability: Poison Heal\n|upkeep\n|\n|t:|1700402554\n|switch|p2a: Rotom|Rotom-Heat|77\/100\n|turn|35\n|c|\u2606AshSpriteWhen|Uhm\n|c|\u2606AshSpriteWhen|would you mind to give up\n|c|\u2606OneBigTurtle|possibly\n|\n|t:|1700402571\n|move|p2a: Rotom|Overheat|p1a: Gliscor\n|-damage|p1a: Gliscor|1\/100 tox\n|-unboost|p2a: Rotom|spa|2\n|move|p1a: Gliscor|Spikes|p2a: Rotom\n|-sidestart|p2: OneBigTurtle|Spikes\n|\n|-heal|p1a: Gliscor|14\/100 tox|[from] ability: Poison Heal\n|upkeep\n|turn|36\n|c|\u2606AshSpriteWhen|Cuz i cant hit u\n|\n|t:|1700402580\n|move|p1a: Gliscor|Protect|p1a: Gliscor\n|-singleturn|p1a: Gliscor|Protect\n|move|p2a: Rotom|Overheat|p1a: Gliscor\n|-activate|p1a: Gliscor|move: Protect\n|\n|-heal|p1a: Gliscor|26\/100 tox|[from] ability: Poison Heal\n|upkeep\n|turn|37\n|c|\u2606OneBigTurtle|wait what\n|c|\u2606AshSpriteWhen|Ye i only have earthquake\n|c|\u2606OneBigTurtle|RIP\n|c|\u2606AshSpriteWhen|And u have levitate\n|inactive|AshSpriteWhen has 120 seconds left.\n|\n|t:|1700402610\n|move|p1a: Gliscor|Protect|p1a: Gliscor\n|-singleturn|p1a: Gliscor|Protect\n|move|p2a: Rotom|Overheat|p1a: Gliscor\n|-activate|p1a: Gliscor|move: Protect\n|\n|-heal|p1a: Gliscor|39\/100 tox|[from] ability: Poison Heal\n|upkeep\n|turn|38\n|\n|t:|1700402618\n|move|p2a: Rotom|Overheat|p1a: Gliscor\n|-damage|p1a: Gliscor|3\/100 tox\n|-unboost|p2a: Rotom|spa|2\n|move|p1a: Gliscor|Earthquake|p2a: Rotom\n|-immune|p2a: Rotom|[from] ability: Levitate\n|\n|-heal|p1a: Gliscor|16\/100 tox|[from] ability: Poison Heal\n|upkeep\n|turn|39\n|c|\u2606OneBigTurtle|i think i win then\n|\n|t:|1700402626\n|move|p1a: Gliscor|Protect|p1a: Gliscor\n|-singleturn|p1a: Gliscor|Protect\n|move|p2a: Rotom|Overheat|p1a: Gliscor\n|-activate|p1a: Gliscor|move: Protect\n|\n|-heal|p1a: Gliscor|28\/100 tox|[from] ability: Poison Heal\n|upkeep\n|turn|40\n|c|\u2606OneBigTurtle|oh wait\n|c|\u2606OneBigTurtle|uh oh\n|\n|t:|1700402640\n|move|p1a: Gliscor|Protect||[still]\n|-fail|p1a: Gliscor\n|-activate|p2a: Rotom|move: Struggle\n|move|p2a: Rotom|Struggle|p1a: Gliscor\n|-crit|p1a: Gliscor\n|-damage|p1a: Gliscor|22\/100 tox\n|-damage|p2a: Rotom|52\/100|[from] recoil\n|\n|-heal|p1a: Gliscor|35\/100 tox|[from] ability: Poison Heal\n|upkeep\n|turn|41\n|c|\u2606OneBigTurtle|LMAO\n|c|\u2606AshSpriteWhen|Yas\n|c|\u2606OneBigTurtle|gg\n|c|\u2606AshSpriteWhen|gg\n|\n|t:|1700402654\n|move|p1a: Gliscor|Protect|p1a: Gliscor\n|-singleturn|p1a: Gliscor|Protect\n|-activate|p2a: Rotom|move: Struggle\n|move|p2a: Rotom|Struggle|p1a: Gliscor\n|-activate|p1a: Gliscor|move: Protect\n|\n|-heal|p1a: Gliscor|47\/100 tox|[from] ability: Poison Heal\n|upkeep\n|turn|42\n|\n|t:|1700402661\n|-activate|p2a: Rotom|move: Struggle\n|move|p2a: Rotom|Struggle|p1a: Gliscor\n|-crit|p1a: Gliscor\n|-damage|p1a: Gliscor|41\/100 tox\n|-damage|p2a: Rotom|27\/100|[from] recoil\n|move|p1a: Gliscor|Spikes|p2a: Rotom\n|-sidestart|p2: OneBigTurtle|Spikes\n|\n|-heal|p1a: Gliscor|53\/100 tox|[from] ability: Poison Heal\n|upkeep\n|turn|43\n|-message|OneBigTurtle forfeited.\n|\n|win|AshSpriteWhen\n|raw|AshSpriteWhen's rating: 1064 &rarr; <strong>1102<\/strong><br \/>(+38 for winning)\n|raw|OneBigTurtle's rating: 1150 &rarr; <strong>1119<\/strong><br \/>(-31 for losing)\n","uploadtime":1700402416,"views":5,"p1id":"ashspritewhen","p2id":"onebigturtle","formatid":"gen9nationaldex","rating":1102,"private":0,"password":""}