{"id":"gen9nationaldex-1990780736","p1":"UnknowEggs","p2":"ReptileMedias","format":"[Gen 9] National Dex","log":"|j|\u2606UnknowEggs\n|j|\u2606ReptileMedias\n|t:|1700000170\n|gametype|singles\n|player|p1|UnknowEggs|101|1225\n|player|p2|ReptileMedias|may|1169\n|teamsize|p1|6\n|teamsize|p2|6\n|gen|9\n|tier|[Gen 9] National Dex\n|rated|\n|rule|HP Percentage Mod: HP is shown in percentages\n|rule|Endless Battle Clause: Forcing endless battles is banned\n|rule|OHKO Clause: OHKO moves are banned\n|rule|Evasion Clause: Evasion abilities, items, and moves are banned\n|rule|Evasion Abilities Clause: Evasion abilities are banned\n|rule|Evasion Items Clause: Evasion items are banned\n|rule|Evasion Moves Clause: Evasion moves are banned\n|rule|Species Clause: Limit one of each Pok\u00e9mon\n|rule|Sleep Clause Mod: Limit one foe put to sleep\n|clearpoke\n|poke|p1|Landorus-Therian, M|\n|poke|p1|Hydreigon, F|\n|poke|p1|Tapu Koko|\n|poke|p1|Sneasler, F|\n|poke|p1|Volcarona, M|\n|poke|p1|Iron Valiant|\n|poke|p2|Scizor, M|\n|poke|p2|Venusaur, M|\n|poke|p2|Arcanine, F|\n|poke|p2|Crawdaunt, M|\n|poke|p2|Jolteon, M|\n|poke|p2|Crobat, M|\n|teampreview\n|inactive|Battle timer is ON: inactive players will automatically lose when time's up. (requested by UnknowEggs)\n|\n|t:|1700000174\n|start\n|switch|p1a: Volcarona|Volcarona, M, shiny|100\/100\n|switch|p2a: Lobstarno|Crawdaunt, M|100\/100\n|turn|1\n|\n|t:|1700000189\n|switch|p1a: Tapu Koko|Tapu Koko, shiny|100\/100\n|-fieldstart|move: Electric Terrain|[from] ability: Electric Surge|[of] p1a: Tapu Koko\n|move|p2a: Lobstarno|Aqua Jet|p1a: Tapu Koko\n|-damage|p1a: Tapu Koko|46\/100\n|\n|upkeep\n|turn|2\n|\n|t:|1700000196\n|move|p2a: Lobstarno|Aqua Jet|p1a: Tapu Koko\n|-damage|p1a: Tapu Koko|0 fnt\n|faint|p1a: Tapu Koko\n|\n|upkeep\n|\n|t:|1700000201\n|switch|p1a: Landorus|Landorus-Therian, M, shiny|100\/100\n|-ability|p1a: Landorus|Intimidate|boost\n|-unboost|p2a: Lobstarno|atk|1\n|turn|3\n|\n|t:|1700000211\n|switch|p2a: COw bat (lol)|Crobat, M|100\/100\n|move|p1a: Landorus|Explosion|p2a: COw bat (lol)\n|-damage|p2a: COw bat (lol)|0 fnt\n|faint|p1a: Landorus\n|faint|p2a: COw bat (lol)\n|\n|upkeep\n|\n|t:|1700000221\n|switch|p2a: Lobstarno|Crawdaunt, M|100\/100\n|switch|p1a: Volcarona|Volcarona, M, shiny|100\/100\n|turn|4\n|\n|t:|1700000225\n|switch|p1a: Hydreigon|Hydreigon, F, shiny|100\/100\n|move|p2a: Lobstarno|Aqua Jet|p1a: Hydreigon\n|-resisted|p1a: Hydreigon\n|-damage|p1a: Hydreigon|73\/100\n|\n|upkeep\n|turn|5\n|\n|t:|1700000247\n|move|p2a: Lobstarno|Aqua Jet|p1a: Hydreigon\n|-resisted|p1a: Hydreigon\n|-crit|p1a: Hydreigon\n|-damage|p1a: Hydreigon|31\/100\n|move|p1a: Hydreigon|Dragon Dance|p1a: Hydreigon\n|-boost|p1a: Hydreigon|atk|1\n|-boost|p1a: Hydreigon|spe|1\n|\n|-fieldend|move: Electric Terrain\n|upkeep\n|turn|6\n|\n|t:|1700000254\n|move|p2a: Lobstarno|Aqua Jet|p1a: Hydreigon\n|-resisted|p1a: Hydreigon\n|-crit|p1a: Hydreigon\n|-damage|p1a: Hydreigon|0 fnt\n|faint|p1a: Hydreigon\n|\n|upkeep\n|c|\u2606UnknowEggs|bro\n|c|\u2606UnknowEggs|2 crits\n|c|\u2606UnknowEggs|lmao\n|\n|t:|1700000264\n|switch|p1a: Iron Valiant|Iron Valiant|100\/100\n|-enditem|p1a: Iron Valiant|Booster Energy\n|-activate|p1a: Iron Valiant|ability: Quark Drive|[fromitem]\n|-start|p1a: Iron Valiant|quarkdrivespe\n|turn|7\n|\n|t:|1700000274\n|switch|p2a: Bullet Ant|Scizor, M|100\/100\n|move|p1a: Iron Valiant|Aura Sphere|p2a: Bullet Ant\n|-damage|p2a: Bullet Ant|50\/100\n|\n|upkeep\n|turn|8\n|c|\u2606UnknowEggs|this game funny\n|\n|t:|1700000284\n|-terastallize|p1a: Iron Valiant|Electric\n|move|p2a: Bullet Ant|Bullet Punch|p1a: Iron Valiant\n|-resisted|p1a: Iron Valiant\n|-damage|p1a: Iron Valiant|81\/100\n|move|p1a: Iron Valiant|Aura Sphere|p2a: Bullet Ant\n|-damage|p2a: Bullet Ant|2\/100\n|\n|upkeep\n|turn|9\n|\n|t:|1700000292\n|move|p2a: Bullet Ant|Bullet Punch|p1a: Iron Valiant\n|-resisted|p1a: Iron Valiant\n|-crit|p1a: Iron Valiant\n|-damage|p1a: Iron Valiant|54\/100\n|move|p1a: Iron Valiant|Aura Sphere|p2a: Bullet Ant\n|-damage|p2a: Bullet Ant|0 fnt\n|faint|p2a: Bullet Ant\n|\n|upkeep\n|inactive|ReptileMedias has 120 seconds left.\n|inactive|ReptileMedias has 90 seconds left.\n|inactive|ReptileMedias has 60 seconds left.\n|inactive|ReptileMedias has 30 seconds left.\n|inactive|ReptileMedias has 20 seconds left.\n|\n|t:|1700000424\n|switch|p2a: Lobstarno|Crawdaunt, M|100\/100\n|turn|10\n|inactive|ReptileMedias has 30 seconds left this turn.\n|inactive|UnknowEggs has 120 seconds left.\n|inactive|UnknowEggs has 90 seconds left.\n|\n|t:|1700000499\n|move|p2a: Lobstarno|Aqua Jet|p1a: Iron Valiant\n|-damage|p1a: Iron Valiant|0 fnt\n|faint|p1a: Iron Valiant\n|-end|p1a: Iron Valiant|Quark Drive|[silent]\n|\n|upkeep\n|\n|t:|1700000504\n|switch|p1a: Sneasler|Sneasler, F, shiny|100\/100\n|turn|11\n|\n|t:|1700000511\n|switch|p2a: Penusaur|Venusaur, M|100\/100\n|move|p1a: Sneasler|Dire Claw|p2a: Penusaur\n|-damage|p2a: Penusaur|62\/100\n|\n|upkeep\n|turn|12\n|inactive|UnknowEggs has 90 seconds left.\n|\n|t:|1700000517\n|detailschange|p2a: Penusaur|Venusaur-Mega, M\n|-mega|p2a: Penusaur|Venusaur|Venusaurite\n|move|p1a: Sneasler|Dire Claw|p2a: Penusaur\n|-damage|p2a: Penusaur|29\/100\n|move|p2a: Penusaur|Earth Power|p1a: Sneasler\n|-supereffective|p1a: Sneasler\n|-damage|p1a: Sneasler|35\/100\n|\n|upkeep\n|turn|13\n|\n|t:|1700000534\n|move|p1a: Sneasler|Dire Claw|p2a: Penusaur\n|-damage|p2a: Penusaur|0 fnt\n|faint|p2a: Penusaur\n|\n|upkeep\n|\n|t:|1700000540\n|switch|p2a: Sharp David|Jolteon, M|100\/100\n|turn|14\n|\n|t:|1700000543\n|-terastallize|p2a: Sharp David|Electric\n|move|p2a: Sharp David|Thunderbolt|p1a: Sneasler\n|-damage|p1a: Sneasler|0 fnt\n|faint|p1a: Sneasler\n|\n|upkeep\n|\n|t:|1700000548\n|switch|p1a: Volcarona|Volcarona, M, shiny|100\/100\n|turn|15\n|\n|t:|1700000557\n|move|p2a: Sharp David|Thunderbolt|p1a: Volcarona\n|-damage|p1a: Volcarona|17\/100\n|move|p1a: Volcarona|Quiver Dance|p1a: Volcarona\n|-boost|p1a: Volcarona|spa|1\n|-boost|p1a: Volcarona|spd|1\n|-boost|p1a: Volcarona|spe|1\n|\n|upkeep\n|turn|16\n|\n|t:|1700000565\n|move|p1a: Volcarona|Fiery Dance|p2a: Sharp David\n|-crit|p2a: Sharp David\n|-damage|p2a: Sharp David|0 fnt\n|faint|p2a: Sharp David\n|\n|upkeep\n|\n|t:|1700000572\n|switch|p2a: Lobstarno|Crawdaunt, M|100\/100\n|turn|17\n|\n|t:|1700000576\n|move|p2a: Lobstarno|Aqua Jet|p1a: Volcarona\n|-supereffective|p1a: Volcarona\n|-damage|p1a: Volcarona|0 fnt\n|faint|p1a: Volcarona\n|\n|win|ReptileMedias\n|raw|UnknowEggs's rating: 1225 &rarr; <strong>1196<\/strong><br \/>(-29 for losing)\n|raw|ReptileMedias's rating: 1169 &rarr; <strong>1198<\/strong><br \/>(+29 for winning)\n|l|\u2606UnknowEggs\n","uploadtime":1700000583,"views":4,"p1id":"unknoweggs","p2id":"reptilemedias","formatid":"gen9nationaldex","rating":1196,"private":0,"password":""}