{"id":"gen9nationaldex-1988143744","p1":"marshmallow A.","p2":"DarkraiShadowXZ","format":"[Gen 9] National Dex","log":"|j|\u2606marshmallow A.\n|j|\u2606DarkraiShadowXZ\n|t:|1699675105\n|gametype|singles\n|player|p1|marshmallow A.|hilda|\n|player|p2|DarkraiShadowXZ|lucas|\n|teamsize|p1|6\n|teamsize|p2|6\n|gen|9\n|tier|[Gen 9] National Dex\n|rule|HP Percentage Mod: HP is shown in percentages\n|rule|Endless Battle Clause: Forcing endless battles is banned\n|rule|OHKO Clause: OHKO moves are banned\n|rule|Evasion Clause: Evasion abilities, items, and moves are banned\n|rule|Evasion Abilities Clause: Evasion abilities are banned\n|rule|Evasion Items Clause: Evasion items are banned\n|rule|Evasion Moves Clause: Evasion moves are banned\n|rule|Species Clause: Limit one of each Pok\u00e9mon\n|rule|Sleep Clause Mod: Limit one foe put to sleep\n|clearpoke\n|poke|p1|Blastoise, M|\n|poke|p1|Tauros, M|\n|poke|p1|Charizard, F|\n|poke|p1|Snorlax, M|\n|poke|p1|Typhlosion, F|\n|poke|p1|Jolteon, F|\n|poke|p2|Sceptile, M|\n|poke|p2|Blaziken, M|\n|poke|p2|Swampert, M|\n|poke|p2|Eevee, F|\n|poke|p2|Espeon, F|\n|poke|p2|Umbreon, F|\n|teampreview\n|\n|t:|1699675170\n|start\n|switch|p1a: BIG CHUNGY|Tauros, M|100\/100\n|switch|p2a: Eon|Eevee, F|100\/100\n|-ability|p1a: BIG CHUNGY|Intimidate|boost\n|-unboost|p2a: Eon|atk|1\n|turn|1\n|\n|t:|1699675186\n|move|p1a: BIG CHUNGY|Double-Edge|p2a: Eon\n|-damage|p2a: Eon|32\/100\n|-damage|p1a: BIG CHUNGY|81\/100|[from] Recoil\n|move|p2a: Eon|Curse|p2a: Eon\n|-unboost|p2a: Eon|spe|1\n|-boost|p2a: Eon|atk|1\n|-boost|p2a: Eon|def|1\n|\n|upkeep\n|turn|2\n|\n|t:|1699675195\n|move|p2a: Eon|Quick Attack|p1a: BIG CHUNGY\n|-damage|p1a: BIG CHUNGY|59\/100\n|move|p1a: BIG CHUNGY|Double-Edge|p2a: Eon\n|-crit|p2a: Eon\n|-damage|p2a: Eon|0 fnt\n|faint|p2a: Eon\n|-damage|p1a: BIG CHUNGY|50\/100|[from] Recoil\n|\n|upkeep\n|\n|t:|1699675225\n|switch|p2a: Ninjrago|Sceptile, M|100\/100\n|turn|3\n|\n|t:|1699675231\n|switch|p1a: GARNET|Typhlosion, F|100\/100\n|move|p2a: Ninjrago|Leaf Blade|p1a: GARNET\n|-resisted|p1a: GARNET\n|-damage|p1a: GARNET|79\/100\n|\n|upkeep\n|turn|4\n|\n|t:|1699675243\n|move|p2a: Ninjrago|Detect|p2a: Ninjrago\n|-singleturn|p2a: Ninjrago|Protect\n|move|p1a: GARNET|Fire Blast|p2a: Ninjrago\n|-activate|p2a: Ninjrago|move: Protect\n|\n|upkeep\n|turn|5\n|\n|t:|1699675259\n|move|p2a: Ninjrago|Dragon Breath|p1a: GARNET\n|-damage|p1a: GARNET|55\/100\n|move|p1a: GARNET|Fire Blast|p2a: Ninjrago\n|-supereffective|p2a: Ninjrago\n|-enditem|p2a: Ninjrago|Focus Sash\n|-damage|p2a: Ninjrago|1\/100\n|-status|p2a: Ninjrago|brn\n|\n|-damage|p2a: Ninjrago|0 fnt|[from] brn\n|faint|p2a: Ninjrago\n|upkeep\n|\n|t:|1699675274\n|switch|p2a: Blaze|Espeon, F|100\/100\n|turn|6\n|\n|t:|1699675280\n|move|p2a: Blaze|Calm Mind|p2a: Blaze\n|-boost|p2a: Blaze|spa|1\n|-boost|p2a: Blaze|spd|1\n|move|p1a: GARNET|Mud-Slap|p2a: Blaze\n|-damage|p2a: Blaze|95\/100\n|-unboost|p2a: Blaze|accuracy|1\n|\n|upkeep\n|turn|7\n|\n|t:|1699675290\n|move|p2a: Blaze|Psychic|p1a: GARNET\n|-damage|p1a: GARNET|0 fnt\n|faint|p1a: GARNET\n|\n|upkeep\n|\n|t:|1699675297\n|switch|p1a: MISFORTUNE|Jolteon, F|100\/100\n|turn|8\n|\n|t:|1699675304\n|move|p1a: MISFORTUNE|Shadow Ball|p2a: Blaze\n|-supereffective|p2a: Blaze\n|-damage|p2a: Blaze|46\/100\n|move|p2a: Blaze|Psychic|p1a: MISFORTUNE\n|-damage|p1a: MISFORTUNE|7\/100\n|\n|upkeep\n|turn|9\n|\n|t:|1699675320\n|move|p1a: MISFORTUNE|Shadow Ball|p2a: Blaze\n|-supereffective|p2a: Blaze\n|-damage|p2a: Blaze|0 fnt\n|faint|p2a: Blaze\n|\n|upkeep\n|\n|t:|1699675335\n|switch|p2a: Kudoku Ken|Blaziken, M|100\/100\n|turn|10\n|\n|t:|1699675340\n|switch|p1a: LITTLE.MAN|Blastoise, M|100\/100\n|move|p2a: Kudoku Ken|Blaze Kick|p1a: LITTLE.MAN\n|-resisted|p1a: LITTLE.MAN\n|-damage|p1a: LITTLE.MAN|78\/100\n|\n|upkeep\n|turn|11\n|\n|t:|1699675359\n|switch|p2a: Shade|Umbreon, F|100\/100\n|move|p1a: LITTLE.MAN|Hydro Pump|p2a: Shade|[miss]\n|-miss|p1a: LITTLE.MAN|p2a: Shade\n|\n|upkeep\n|turn|12\n|\n|t:|1699675369\n|switch|p1a: BIG CHUNGY|Tauros, M|50\/100\n|-ability|p1a: BIG CHUNGY|Intimidate|boost\n|-unboost|p2a: Shade|atk|1\n|move|p2a: Shade|Snarl|p1a: BIG CHUNGY\n|-damage|p1a: BIG CHUNGY|29\/100\n|-unboost|p1a: BIG CHUNGY|spa|1\n|\n|upkeep\n|turn|13\n|\n|t:|1699675382\n|move|p1a: BIG CHUNGY|Double-Edge|p2a: Shade\n|-damage|p2a: Shade|59\/100\n|-damage|p1a: BIG CHUNGY|14\/100|[from] Recoil\n|move|p2a: Shade|Foul Play|p1a: BIG CHUNGY\n|-damage|p1a: BIG CHUNGY|0 fnt\n|faint|p1a: BIG CHUNGY\n|\n|upkeep\n|\n|t:|1699675390\n|switch|p1a: Toast|Charizard, F|100\/100\n|turn|14\n|\n|t:|1699675411\n|-terastallize|p1a: Toast|Fire\n|move|p1a: Toast|Fly||[still]\n|-prepare|p1a: Toast|Fly\n|move|p2a: Shade|Moonlight|p2a: Shade\n|-heal|p2a: Shade|100\/100\n|\n|upkeep\n|turn|15\n|\n|t:|1699675425\n|move|p1a: Toast|Fly|p2a: Shade|[from]lockedmove|[miss]\n|-miss|p1a: Toast|p2a: Shade\n|move|p2a: Shade|Foul Play|p1a: Toast\n|-damage|p1a: Toast|36\/100\n|\n|upkeep\n|turn|16\n|\n|t:|1699675435\n|move|p1a: Toast|Heat Wave|p2a: Shade\n|-damage|p2a: Shade|50\/100\n|-status|p2a: Shade|brn\n|-activate|p2a: Shade|ability: Synchronize\n|-immune|p1a: Toast\n|move|p2a: Shade|Snarl|p1a: Toast\n|-damage|p1a: Toast|18\/100\n|-unboost|p1a: Toast|spa|1\n|\n|-damage|p2a: Shade|44\/100 brn|[from] brn\n|upkeep\n|turn|17\n|\n|t:|1699675461\n|move|p1a: Toast|Heat Wave|p2a: Shade\n|-damage|p2a: Shade|0 fnt\n|faint|p2a: Shade\n|\n|upkeep\n|\n|t:|1699675466\n|switch|p2a: Substream|Swampert, M|100\/100\n|turn|18\n|\n|t:|1699675472\n|move|p1a: Toast|Thunder Punch|p2a: Substream\n|-immune|p2a: Substream\n|move|p2a: Substream|Ice Beam|p1a: Toast\n|-resisted|p1a: Toast\n|-damage|p1a: Toast|6\/100\n|\n|upkeep\n|turn|19\n|\n|t:|1699675482\n|move|p2a: Substream|Protect|p2a: Substream\n|-singleturn|p2a: Substream|Protect\n|move|p1a: Toast|Fly||[still]\n|-prepare|p1a: Toast|Fly\n|\n|upkeep\n|turn|20\n|\n|t:|1699675493\n|move|p1a: Toast|Fly|p2a: Substream|[from]lockedmove\n|-damage|p2a: Substream|70\/100\n|move|p2a: Substream|Ice Beam|p1a: Toast\n|-resisted|p1a: Toast\n|-damage|p1a: Toast|0 fnt\n|faint|p1a: Toast\n|\n|upkeep\n|\n|t:|1699675501\n|switch|p1a: LITTLE.MAN|Blastoise, M|78\/100\n|turn|21\n|\n|t:|1699675507\n|move|p1a: LITTLE.MAN|Hydro Pump|p2a: Substream\n|-damage|p2a: Substream|28\/100\n|move|p2a: Substream|Muddy Water|p1a: LITTLE.MAN\n|-resisted|p1a: LITTLE.MAN\n|-damage|p1a: LITTLE.MAN|60\/100\n|\n|upkeep\n|turn|22\n|\n|t:|1699675516\n|move|p2a: Substream|Protect|p2a: Substream\n|-singleturn|p2a: Substream|Protect\n|move|p1a: LITTLE.MAN|Hydro Pump|p2a: Substream\n|-activate|p2a: Substream|move: Protect\n|\n|upkeep\n|turn|23\n|\n|t:|1699675523\n|move|p1a: LITTLE.MAN|Hydro Pump|p2a: Substream\n|-damage|p2a: Substream|0 fnt\n|faint|p2a: Substream\n|\n|upkeep\n|\n|t:|1699675528\n|switch|p2a: Kudoku Ken|Blaziken, M|100\/100\n|turn|24\n|\n|t:|1699675546\n|move|p2a: Kudoku Ken|Stone Edge|p1a: LITTLE.MAN|[miss]\n|-miss|p2a: Kudoku Ken|p1a: LITTLE.MAN\n|move|p1a: LITTLE.MAN|Hydro Pump|p2a: Kudoku Ken\n|-supereffective|p2a: Kudoku Ken\n|-damage|p2a: Kudoku Ken|0 fnt\n|faint|p2a: Kudoku Ken\n|\n|win|marshmallow A.\n|l|\u2606marshmallow A.\n","uploadtime":1699675650,"views":4,"p1id":"marshmallowa","p2id":"darkraishadowxz","formatid":"gen9nationaldex","rating":0,"private":0,"password":""}