{"id":"gen9nationaldex-1988428483","p1":"13thSkaven","p2":"carloshiscool","format":"[Gen 9] National Dex","log":"|j|\u260613thSkaven\n|j|\u2606carloshiscool\n|t:|1699721915\n|gametype|singles\n|player|p1|13thSkaven|rocketgrunt|1182\n|player|p2|carloshiscool|unknown|1136\n|teamsize|p1|6\n|teamsize|p2|6\n|gen|9\n|tier|[Gen 9] National Dex\n|rated|\n|rule|HP Percentage Mod: HP is shown in percentages\n|rule|Endless Battle Clause: Forcing endless battles is banned\n|rule|OHKO Clause: OHKO moves are banned\n|rule|Evasion Clause: Evasion abilities, items, and moves are banned\n|rule|Evasion Abilities Clause: Evasion abilities are banned\n|rule|Evasion Items Clause: Evasion items are banned\n|rule|Evasion Moves Clause: Evasion moves are banned\n|rule|Species Clause: Limit one of each Pok\u00e9mon\n|rule|Sleep Clause Mod: Limit one foe put to sleep\n|clearpoke\n|poke|p1|Cramorant, F|\n|poke|p1|Pelipper, F|\n|poke|p1|Orbeetle, F|\n|poke|p1|Klinklang|\n|poke|p1|Conkeldurr, M|\n|poke|p1|Blastoise, F|\n|poke|p2|Polteageist|\n|poke|p2|Diancie|\n|poke|p2|Glimmora, F|\n|poke|p2|Cloyster, M|\n|poke|p2|Toxapex, M|\n|poke|p2|Kartana|\n|teampreview\n|inactive|Battle timer is ON: inactive players will automatically lose when time's up. (requested by carloshiscool)\n|\n|t:|1699721926\n|start\n|switch|p1a: Orbeetle|Orbeetle, F|100\/100\n|switch|p2a: Kartana|Kartana|100\/100\n|-item|p2a: Kartana|Assault Vest|[from] ability: Frisk|[of] p1a: Orbeetle|[identify]\n|turn|1\n|\n|t:|1699721934\n|move|p1a: Orbeetle|Trick|p2a: Kartana\n|-activate|p1a: Orbeetle|move: Trick|[of] p2a: Kartana\n|-item|p2a: Kartana|Choice Scarf|[from] move: Trick\n|-item|p1a: Orbeetle|Assault Vest|[from] move: Trick\n|move|p2a: Kartana|Knock Off|p1a: Orbeetle\n|-supereffective|p1a: Orbeetle\n|-damage|p1a: Orbeetle|9\/100\n|-enditem|p1a: Orbeetle|Assault Vest|[from] move: Knock Off|[of] p2a: Kartana\n|\n|upkeep\n|turn|2\n|\n|t:|1699721942\n|move|p2a: Kartana|Knock Off|p1a: Orbeetle\n|-supereffective|p1a: Orbeetle\n|-damage|p1a: Orbeetle|0 fnt\n|faint|p1a: Orbeetle\n|-ability|p2a: Kartana|Beast Boost|boost\n|-boost|p2a: Kartana|atk|1\n|\n|upkeep\n|\n|t:|1699721954\n|switch|p1a: Pelipper|Pelipper, F|100\/100\n|-weather|RainDance|[from] ability: Drizzle|[of] p1a: Pelipper\n|turn|3\n|\n|t:|1699721965\n|move|p2a: Kartana|Knock Off|p1a: Pelipper\n|-damage|p1a: Pelipper|53\/100\n|-enditem|p1a: Pelipper|Damp Rock|[from] move: Knock Off|[of] p2a: Kartana\n|move|p1a: Pelipper|Hurricane|p2a: Kartana\n|-damage|p2a: Kartana|0 fnt\n|faint|p2a: Kartana\n|\n|-weather|RainDance|[upkeep]\n|upkeep\n|\n|t:|1699721977\n|switch|p2a: Cloyster|Cloyster, M|100\/100\n|turn|4\n|\n|t:|1699721987\n|move|p2a: Cloyster|Shell Smash|p2a: Cloyster\n|-unboost|p2a: Cloyster|def|1\n|-unboost|p2a: Cloyster|spd|1\n|-boost|p2a: Cloyster|atk|2\n|-boost|p2a: Cloyster|spa|2\n|-boost|p2a: Cloyster|spe|2\n|move|p1a: Pelipper|Hurricane|p2a: Cloyster\n|-enditem|p2a: Cloyster|Focus Sash\n|-damage|p2a: Cloyster|1\/100\n|\n|-weather|RainDance|[upkeep]\n|upkeep\n|turn|5\n|\n|t:|1699721997\n|move|p2a: Cloyster|Icicle Spear|p1a: Pelipper\n|-damage|p1a: Pelipper|37\/100\n|-damage|p1a: Pelipper|20\/100\n|-damage|p1a: Pelipper|3\/100\n|-damage|p1a: Pelipper|0 fnt\n|faint|p1a: Pelipper\n|-hitcount|p1: Pelipper|4\n|\n|-weather|RainDance|[upkeep]\n|upkeep\n|\n|t:|1699722011\n|switch|p1a: Blastoise|Blastoise, F|100\/100\n|turn|6\n|\n|t:|1699722016\n|move|p1a: Blastoise|Fake Out|p2a: Cloyster\n|-damage|p2a: Cloyster|0 fnt\n|faint|p2a: Cloyster\n|\n|-weather|RainDance|[upkeep]\n|upkeep\n|\n|t:|1699722019\n|switch|p2a: Polteageist|Polteageist|100\/100\n|turn|7\n|\n|t:|1699722032\n|move|p2a: Polteageist|Shell Smash|p2a: Polteageist\n|-unboost|p2a: Polteageist|def|1\n|-unboost|p2a: Polteageist|spd|1\n|-boost|p2a: Polteageist|atk|2\n|-boost|p2a: Polteageist|spa|2\n|-boost|p2a: Polteageist|spe|2\n|move|p1a: Blastoise|Yawn|p2a: Polteageist\n|-start|p2a: Polteageist|move: Yawn|[of] p1a: Blastoise\n|\n|-weather|RainDance|[upkeep]\n|upkeep\n|turn|8\n|\n|t:|1699722043\n|move|p2a: Polteageist|Shell Smash|p2a: Polteageist\n|-unboost|p2a: Polteageist|def|1\n|-unboost|p2a: Polteageist|spd|1\n|-boost|p2a: Polteageist|atk|2\n|-boost|p2a: Polteageist|spa|2\n|-boost|p2a: Polteageist|spe|2\n|move|p1a: Blastoise|Flip Turn|p2a: Polteageist\n|-enditem|p2a: Polteageist|Focus Sash\n|-damage|p2a: Polteageist|1\/100\n|-ability|p2a: Polteageist|Weak Armor|boost\n|-unboost|p2a: Polteageist|def|1\n|-boost|p2a: Polteageist|spe|2\n|\n|t:|1699722056\n|switch|p1a: Cramorant|Cramorant, F|100\/100|[from] Flip Turn\n|\n|-weather|RainDance|[upkeep]\n|-end|p2a: Polteageist|move: Yawn|[silent]\n|-status|p2a: Polteageist|slp\n|upkeep\n|turn|9\n|\n|t:|1699722063\n|cant|p2a: Polteageist|slp\n|move|p1a: Cramorant|Surf|p2a: Polteageist\n|-formechange|p1a: Cramorant|Cramorant-Gulping|\n|-damage|p2a: Polteageist|0 fnt\n|faint|p2a: Polteageist\n|\n|-weather|RainDance|[upkeep]\n|upkeep\n|-message|carloshiscool forfeited.\n|\n|win|13thSkaven\n|raw|13thSkaven's rating: 1182 &rarr; <strong>1204<\/strong><br \/>(+22 for winning)\n|raw|carloshiscool's rating: 1136 &rarr; <strong>1114<\/strong><br \/>(-22 for losing)\n|l|\u2606carloshiscool\n","uploadtime":1699722084,"views":10,"p1id":"13thskaven","p2id":"carloshiscool","formatid":"gen9nationaldex","rating":1114,"private":0,"password":""}