{"id":"gen9nationaldex-1987507017","p1":"FlyingSudowoodo","p2":"noon49","format":"[Gen 9] National Dex","log":"|j|\u2606FlyingSudowoodo\n|j|\u2606noon49\n|t:|1699603460\n|gametype|singles\n|player|p1|FlyingSudowoodo|cheren|1411\n|player|p2|noon49|red|1479\n|teamsize|p1|6\n|teamsize|p2|6\n|gen|9\n|tier|[Gen 9] National Dex\n|rated|\n|rule|HP Percentage Mod: HP is shown in percentages\n|rule|Endless Battle Clause: Forcing endless battles is banned\n|rule|OHKO Clause: OHKO moves are banned\n|rule|Evasion Clause: Evasion abilities, items, and moves are banned\n|rule|Evasion Abilities Clause: Evasion abilities are banned\n|rule|Evasion Items Clause: Evasion items are banned\n|rule|Evasion Moves Clause: Evasion moves are banned\n|rule|Species Clause: Limit one of each Pok\u00e9mon\n|rule|Sleep Clause Mod: Limit one foe put to sleep\n|clearpoke\n|poke|p1|Ribombee, M|\n|poke|p1|Glimmora, F|\n|poke|p1|Great Tusk|\n|poke|p1|Enamorus, F|\n|poke|p1|Samurott-Hisui, F|\n|poke|p1|Iron Moth|\n|poke|p2|Dragonite, M|\n|poke|p2|Ursaluna, F|\n|poke|p2|Tapu Koko|\n|poke|p2|Garchomp, M|\n|poke|p2|Hoopa-Unbound|\n|poke|p2|Moltres|\n|teampreview\n|inactive|Battle timer is ON: inactive players will automatically lose when time's up. (requested by noon49)\n|\n|t:|1699603481\n|start\n|switch|p1a: Ribombee|Ribombee, M|100\/100\n|switch|p2a: Tapu Koko|Tapu Koko|100\/100\n|-fieldstart|move: Electric Terrain|[from] ability: Electric Surge|[of] p2a: Tapu Koko\n|turn|1\n|\n|t:|1699603493\n|move|p2a: Tapu Koko|Volt Switch|p1a: Ribombee\n|-damage|p1a: Ribombee|2\/100\n|\n|t:|1699603499\n|switch|p2a: Moltres|Moltres|100\/100|[from] Volt Switch\n|move|p1a: Ribombee|Tailwind|p1a: Ribombee\n|-sidestart|p1: FlyingSudowoodo|move: Tailwind\n|\n|upkeep\n|turn|2\n|\n|t:|1699603506\n|move|p1a: Ribombee|Sticky Web|p2a: Moltres\n|-sidestart|p2: noon49|move: Sticky Web\n|move|p2a: Moltres|Defog|p1a: Ribombee\n|-unboost|p1a: Ribombee|evasion|1\n|-sideend|p2: noon49|Sticky Web|[from] move: Defog|[of] p2a: Moltres\n|-fieldend|move: Electric Terrain\n|\n|upkeep\n|turn|3\n|\n|t:|1699603515\n|move|p1a: Ribombee|Sticky Web|p2a: Moltres\n|-sidestart|p2: noon49|move: Sticky Web\n|move|p2a: Moltres|U-turn|p1a: Ribombee\n|-resisted|p1a: Ribombee\n|-damage|p1a: Ribombee|0 fnt\n|faint|p1a: Ribombee\n|\n|t:|1699603531\n|switch|p2a: Tapu Koko|Tapu Koko|100\/100|[from] U-turn\n|-activate|p2a: Tapu Koko|move: Sticky Web\n|-unboost|p2a: Tapu Koko|spe|1\n|-fieldstart|move: Electric Terrain|[from] ability: Electric Surge|[of] p2a: Tapu Koko\n|\n|upkeep\n|\n|t:|1699603541\n|switch|p1a: Iron Moth|Iron Moth|100\/100\n|-activate|p1a: Iron Moth|ability: Quark Drive\n|-start|p1a: Iron Moth|quarkdrivespe\n|turn|4\n|\n|t:|1699603555\n|switch|p2a: Garchomp|Garchomp, M|100\/100\n|-activate|p2a: Garchomp|move: Sticky Web\n|-unboost|p2a: Garchomp|spe|1\n|move|p1a: Iron Moth|Sludge Wave|p2a: Garchomp\n|-resisted|p2a: Garchomp\n|-damage|p2a: Garchomp|72\/100\n|\n|-sideend|p1: FlyingSudowoodo|move: Tailwind\n|upkeep\n|turn|5\n|\n|t:|1699603568\n|-end|p1a: Iron Moth|Quark Drive|[silent]\n|switch|p1a: Enamorus|Enamorus, F|100\/100\n|move|p2a: Garchomp|Earthquake|p1a: Enamorus\n|-immune|p1a: Enamorus\n|\n|upkeep\n|turn|6\n|\n|t:|1699603577\n|switch|p2a: Moltres|Moltres|100\/100\n|move|p1a: Enamorus|Moonblast|p2a: Moltres\n|-resisted|p2a: Moltres\n|-damage|p2a: Moltres|75\/100\n|-unboost|p2a: Moltres|spa|1\n|\n|upkeep\n|turn|7\n|\n|t:|1699603589\n|-terastallize|p1a: Enamorus|Electric\n|move|p1a: Enamorus|Tera Blast|p2a: Moltres|[anim] Tera Blast Electric\n|-supereffective|p2a: Moltres\n|-damage|p2a: Moltres|0 fnt\n|faint|p2a: Moltres\n|\n|-fieldend|move: Electric Terrain\n|upkeep\n|\n|t:|1699603606\n|switch|p2a: Ursaluna|Ursaluna, F|100\/100\n|-activate|p2a: Ursaluna|move: Sticky Web\n|-unboost|p2a: Ursaluna|spe|1\n|turn|8\n|\n|t:|1699603615\n|move|p1a: Enamorus|Moonblast|p2a: Ursaluna\n|-damage|p2a: Ursaluna|73\/100\n|move|p2a: Ursaluna|Body Slam|p1a: Enamorus\n|-damage|p1a: Enamorus|12\/100\n|\n|upkeep\n|turn|9\n|\n|t:|1699603628\n|switch|p1a: Iron Moth|Iron Moth|100\/100\n|-enditem|p1a: Iron Moth|Booster Energy\n|-activate|p1a: Iron Moth|ability: Quark Drive|[fromitem]\n|-start|p1a: Iron Moth|quarkdrivespe\n|move|p2a: Ursaluna|Body Slam|p1a: Iron Moth\n|-damage|p1a: Iron Moth|28\/100\n|\n|upkeep\n|turn|10\n|\n|t:|1699603638\n|move|p1a: Iron Moth|Energy Ball|p2a: Ursaluna\n|-immune|p2a: Ursaluna|[from] ability: Bulletproof\n|move|p2a: Ursaluna|Body Slam|p1a: Iron Moth\n|-damage|p1a: Iron Moth|0 fnt\n|faint|p1a: Iron Moth\n|-end|p1a: Iron Moth|Quark Drive|[silent]\n|\n|upkeep\n|\n|t:|1699603645\n|switch|p1a: Samurott|Samurott-Hisui, F|100\/100\n|turn|11\n|\n|t:|1699603666\n|switch|p2a: Dragonite|Dragonite, M|100\/100\n|move|p1a: Samurott|Aqua Cutter|p2a: Dragonite\n|-resisted|p2a: Dragonite\n|-damage|p2a: Dragonite|88\/100\n|\n|upkeep\n|turn|12\n|inactive|noon49 has 120 seconds left.\n|\n|t:|1699603696\n|move|p1a: Samurott|Ceaseless Edge|p2a: Dragonite\n|-damage|p2a: Dragonite|32\/100\n|-sidestart|p2: noon49|Spikes\n|move|p2a: Dragonite|Dual Wingbeat|p1a: Samurott|[miss]\n|-miss|p2a: Dragonite|p1a: Samurott\n|\n|upkeep\n|turn|13\n|inactive|noon49 has 120 seconds left.\n|\n|t:|1699603713\n|switch|p2a: Garchomp|Garchomp, M|72\/100\n|-activate|p2a: Garchomp|move: Sticky Web\n|-unboost|p2a: Garchomp|spe|1\n|-damage|p2a: Garchomp|60\/100|[from] Spikes\n|move|p1a: Samurott|Ceaseless Edge|p2a: Garchomp|[miss]\n|-miss|p1a: Samurott|p2a: Garchomp\n|\n|upkeep\n|turn|14\n|\n|t:|1699603731\n|move|p2a: Garchomp|Earthquake|p1a: Samurott\n|-damage|p1a: Samurott|39\/100\n|move|p1a: Samurott|Ceaseless Edge|p2a: Garchomp\n|-damage|p2a: Garchomp|8\/100\n|-damage|p1a: Samurott|27\/100|[from] ability: Rough Skin|[of] p2a: Garchomp\n|-sidestart|p2: noon49|Spikes\n|\n|upkeep\n|turn|15\n|\n|t:|1699603740\n|switch|p1a: Glimmora|Glimmora, F|100\/100\n|-item|p1a: Glimmora|Air Balloon\n|move|p2a: Garchomp|Earthquake|p1a: Glimmora\n|-immune|p1a: Glimmora\n|\n|upkeep\n|turn|16\n|inactive|noon49 has 120 seconds left.\n|\n|t:|1699603755\n|switch|p2a: Ursaluna|Ursaluna, F|73\/100\n|-activate|p2a: Ursaluna|move: Sticky Web\n|-unboost|p2a: Ursaluna|spe|1\n|-damage|p2a: Ursaluna|56\/100|[from] Spikes\n|move|p1a: Glimmora|Stealth Rock|p2a: Ursaluna\n|-sidestart|p2: noon49|move: Stealth Rock\n|\n|upkeep\n|turn|17\n|\n|t:|1699603766\n|switch|p1a: Great Tusk|Great Tusk|100\/100\n|move|p2a: Ursaluna|Body Slam|p1a: Great Tusk\n|-damage|p1a: Great Tusk|75\/100\n|\n|-heal|p1a: Great Tusk|82\/100|[from] item: Leftovers\n|upkeep\n|turn|18\n|inactive|noon49 has 120 seconds left.\n|\n|t:|1699603774\n|switch|p2a: Garchomp|Garchomp, M|8\/100\n|-activate|p2a: Garchomp|move: Sticky Web\n|-unboost|p2a: Garchomp|spe|1\n|-damage|p2a: Garchomp|0 fnt|[from] Spikes\n|faint|p2a: Garchomp\n|move|p1a: Great Tusk|Bulk Up|p1a: Great Tusk\n|-boost|p1a: Great Tusk|atk|1\n|-boost|p1a: Great Tusk|def|1\n|\n|-heal|p1a: Great Tusk|88\/100|[from] item: Leftovers\n|upkeep\n|inactive|noon49 has 120 seconds left.\n|\n|t:|1699603786\n|switch|p2a: Hoopa|Hoopa-Unbound|100\/100\n|-activate|p2a: Hoopa|move: Sticky Web\n|-unboost|p2a: Hoopa|spe|1\n|-damage|p2a: Hoopa|84\/100|[from] Spikes\n|-damage|p2a: Hoopa|72\/100|[from] Stealth Rock\n|turn|19\n|inactive|noon49 has 120 seconds left.\n|\n|t:|1699603798\n|move|p1a: Great Tusk|Headlong Rush|p2a: Hoopa\n|-damage|p2a: Hoopa|0 fnt\n|-unboost|p1a: Great Tusk|def|1\n|-unboost|p1a: Great Tusk|spd|1\n|faint|p2a: Hoopa\n|\n|-heal|p1a: Great Tusk|94\/100|[from] item: Leftovers\n|upkeep\n|-message|noon49 forfeited.\n|\n|win|FlyingSudowoodo\n|raw|FlyingSudowoodo's rating: 1411 &rarr; <strong>1435<\/strong><br \/>(+24 for winning)\n|raw|noon49's rating: 1479 &rarr; <strong>1455<\/strong><br \/>(-24 for losing)\n|l|\u2606noon49\n","uploadtime":1699603808,"views":4,"p1id":"flyingsudowoodo","p2id":"noon49","formatid":"gen9nationaldex","rating":1435,"private":0,"password":""}