{"id":"gen9nationaldex-1996333341","p1":"emeth2159","p2":"zhaizy","format":"[Gen 9] National Dex","log":"|html|<div class=\"broadcast-blue\"><strong>[Gen 9] National Dex is currently suspecting Sneasler! For information on how to participate check out the <a href=\"https:\/\/www.smogon.com\/forums\/threads\/sv-national-dex-suspect-8-just-dance.3731534\/\">suspect thread<\/a>.<\/strong><\/div>\n|j|\u2606emeth2159\n|j|\u2606zhaizy\n|t:|1700672078\n|gametype|singles\n|player|p1|emeth2159|worker|1283\n|player|p2|zhaizy|fisherman|1257\n|teamsize|p1|6\n|teamsize|p2|6\n|gen|9\n|tier|[Gen 9] National Dex\n|rated|\n|rule|HP Percentage Mod: HP is shown in percentages\n|rule|Endless Battle Clause: Forcing endless battles is banned\n|rule|OHKO Clause: OHKO moves are banned\n|rule|Evasion Clause: Evasion abilities, items, and moves are banned\n|rule|Evasion Abilities Clause: Evasion abilities are banned\n|rule|Evasion Items Clause: Evasion items are banned\n|rule|Evasion Moves Clause: Evasion moves are banned\n|rule|Species Clause: Limit one of each Pok\u00e9mon\n|rule|Sleep Clause Mod: Limit one foe put to sleep\n|clearpoke\n|poke|p1|Garchomp, F|\n|poke|p1|Tyranitar, M|\n|poke|p1|Excadrill, F|\n|poke|p1|Corviknight, M|\n|poke|p1|Camerupt, M|\n|poke|p1|Hippowdon, M|\n|poke|p2|Urshifu-*, F|\n|poke|p2|Zeraora|\n|poke|p2|Dugtrio, M|\n|poke|p2|Rillaboom, M|\n|poke|p2|Mienshao, M|\n|poke|p2|Tapu Fini|\n|teampreview\n|\n|t:|1700672090\n|start\n|switch|p1a: Tyranitar|Tyranitar, M|100\/100\n|switch|p2a: \u4e24\u8349\uff0c\u5230\u4f60|Rillaboom, M|100\/100\n|-fieldstart|move: Grassy Terrain|[from] ability: Grassy Surge|[of] p2a: \u4e24\u8349\uff0c\u5230\u4f60\n|-weather|Sandstorm|[from] ability: Sand Stream|[of] p1a: Tyranitar\n|turn|1\n|\n|t:|1700672101\n|switch|p1a: Corviknight|Corviknight, M|100\/100\n|-ability|p1a: Corviknight|Pressure\n|move|p2a: \u4e24\u8349\uff0c\u5230\u4f60|Grassy Glide|p1a: Corviknight\n|-resisted|p1a: Corviknight\n|-damage|p1a: Corviknight|94\/100\n|\n|-weather|Sandstorm|[upkeep]\n|-damage|p2a: \u4e24\u8349\uff0c\u5230\u4f60|94\/100|[from] Sandstorm\n|-heal|p2a: \u4e24\u8349\uff0c\u5230\u4f60|100\/100|[from] Grassy Terrain\n|-heal|p1a: Corviknight|99\/100|[from] item: Leftovers\n|upkeep\n|turn|2\n|\n|t:|1700672113\n|move|p2a: \u4e24\u8349\uff0c\u5230\u4f60|Knock Off|p1a: Corviknight\n|-damage|p1a: Corviknight|72\/100\n|-enditem|p1a: Corviknight|Leftovers|[from] move: Knock Off|[of] p2a: \u4e24\u8349\uff0c\u5230\u4f60\n|move|p1a: Corviknight|Bulk Up|p1a: Corviknight\n|-boost|p1a: Corviknight|atk|1\n|-boost|p1a: Corviknight|def|1\n|\n|-weather|Sandstorm|[upkeep]\n|-damage|p2a: \u4e24\u8349\uff0c\u5230\u4f60|94\/100|[from] Sandstorm\n|-heal|p2a: \u4e24\u8349\uff0c\u5230\u4f60|100\/100|[from] Grassy Terrain\n|upkeep\n|turn|3\n|\n|t:|1700672126\n|move|p2a: \u4e24\u8349\uff0c\u5230\u4f60|U-turn|p1a: Corviknight\n|-resisted|p1a: Corviknight\n|-damage|p1a: Corviknight|69\/100\n|\n|t:|1700672130\n|switch|p2a: \u8fde\u51fb-\u6377\u62c9\u5965\u62c9V|Zeraora|100\/100|[from] U-turn\n|move|p1a: Corviknight|Substitute|p1a: Corviknight\n|-start|p1a: Corviknight|Substitute\n|-damage|p1a: Corviknight|44\/100\n|\n|-weather|Sandstorm|[upkeep]\n|-damage|p2a: \u8fde\u51fb-\u6377\u62c9\u5965\u62c9V|95\/100|[from] Sandstorm\n|-heal|p2a: \u8fde\u51fb-\u6377\u62c9\u5965\u62c9V|100\/100|[from] Grassy Terrain\n|upkeep\n|turn|4\n|\n|t:|1700672139\n|move|p2a: \u8fde\u51fb-\u6377\u62c9\u5965\u62c9V|Plasma Fists|p1a: Corviknight\n|-supereffective|p1a: Corviknight\n|-end|p1a: Corviknight|Substitute\n|-damage|p2a: \u8fde\u51fb-\u6377\u62c9\u5965\u62c9V|91\/100|[from] item: Life Orb\n|move|p1a: Corviknight|Brave Bird|p2a: \u8fde\u51fb-\u6377\u62c9\u5965\u62c9V\n|-resisted|p2a: \u8fde\u51fb-\u6377\u62c9\u5965\u62c9V\n|-damage|p2a: \u8fde\u51fb-\u6377\u62c9\u5965\u62c9V|48\/100\n|-damage|p1a: Corviknight|33\/100|[from] Recoil\n|\n|-weather|Sandstorm|[upkeep]\n|-damage|p2a: \u8fde\u51fb-\u6377\u62c9\u5965\u62c9V|42\/100|[from] Sandstorm\n|-heal|p2a: \u8fde\u51fb-\u6377\u62c9\u5965\u62c9V|48\/100|[from] Grassy Terrain\n|upkeep\n|turn|5\n|\n|t:|1700672153\n|switch|p1a: Garchomp|Garchomp, F|100\/100\n|move|p2a: \u8fde\u51fb-\u6377\u62c9\u5965\u62c9V|Plasma Fists|p1a: Garchomp\n|-immune|p1a: Garchomp\n|\n|-weather|none\n|-heal|p2a: \u8fde\u51fb-\u6377\u62c9\u5965\u62c9V|54\/100|[from] Grassy Terrain\n|-fieldend|move: Grassy Terrain\n|upkeep\n|turn|6\n|\n|t:|1700672166\n|switch|p2a: \u5f02\u517d\u4e4b\u58c1|Tapu Fini|100\/100\n|-fieldstart|move: Misty Terrain|[from] ability: Misty Surge|[of] p2a: \u5f02\u517d\u4e4b\u58c1\n|move|p1a: Garchomp|Dragon Tail|p2a: \u5f02\u517d\u4e4b\u58c1\n|-immune|p2a: \u5f02\u517d\u4e4b\u58c1\n|\n|upkeep\n|turn|7\n|\n|t:|1700672181\n|switch|p1a: Tyranitar|Tyranitar, M|100\/100\n|-weather|Sandstorm|[from] ability: Sand Stream|[of] p1a: Tyranitar\n|move|p2a: \u5f02\u517d\u4e4b\u58c1|Scald|p1a: Tyranitar\n|-supereffective|p1a: Tyranitar\n|-damage|p1a: Tyranitar|81\/100\n|\n|-weather|Sandstorm|[upkeep]\n|-damage|p2a: \u5f02\u517d\u4e4b\u58c1|94\/100|[from] Sandstorm\n|-heal|p2a: \u5f02\u517d\u4e4b\u58c1|100\/100|[from] item: Leftovers\n|upkeep\n|turn|8\n|\n|t:|1700672203\n|switch|p1a: Excadrill|Excadrill, F|100\/100\n|move|p2a: \u5f02\u517d\u4e4b\u58c1|Moonblast|p1a: Excadrill\n|-resisted|p1a: Excadrill\n|-damage|p1a: Excadrill|81\/100\n|-unboost|p1a: Excadrill|spa|1\n|\n|-weather|Sandstorm|[upkeep]\n|-damage|p2a: \u5f02\u517d\u4e4b\u58c1|94\/100|[from] Sandstorm\n|-heal|p2a: \u5f02\u517d\u4e4b\u58c1|100\/100|[from] item: Leftovers\n|upkeep\n|turn|9\n|\n|t:|1700672213\n|-zpower|p1a: Excadrill\n|move|p1a: Excadrill|Corkscrew Crash|p2a: \u5f02\u517d\u4e4b\u58c1|[zeffect]\n|-damage|p2a: \u5f02\u517d\u4e4b\u58c1|32\/100\n|move|p2a: \u5f02\u517d\u4e4b\u58c1|Scald|p1a: Excadrill\n|-supereffective|p1a: Excadrill\n|-damage|p1a: Excadrill|8\/100\n|\n|-weather|Sandstorm|[upkeep]\n|-damage|p2a: \u5f02\u517d\u4e4b\u58c1|25\/100|[from] Sandstorm\n|-heal|p2a: \u5f02\u517d\u4e4b\u58c1|32\/100|[from] item: Leftovers\n|upkeep\n|turn|10\n|\n|t:|1700672233\n|switch|p2a: \u4e24\u8349\uff0c\u5230\u4f60|Rillaboom, M|100\/100\n|-fieldstart|move: Grassy Terrain|[from] ability: Grassy Surge|[of] p2a: \u4e24\u8349\uff0c\u5230\u4f60\n|move|p1a: Excadrill|Iron Head|p2a: \u4e24\u8349\uff0c\u5230\u4f60\n|-damage|p2a: \u4e24\u8349\uff0c\u5230\u4f60|58\/100\n|\n|-weather|Sandstorm|[upkeep]\n|-damage|p2a: \u4e24\u8349\uff0c\u5230\u4f60|52\/100|[from] Sandstorm\n|-heal|p1a: Excadrill|14\/100|[from] Grassy Terrain\n|-heal|p2a: \u4e24\u8349\uff0c\u5230\u4f60|58\/100|[from] Grassy Terrain\n|-heal|p2a: \u4e24\u8349\uff0c\u5230\u4f60|64\/100|[from] item: Leftovers\n|upkeep\n|turn|11\n|l|\u2606emeth2159\n|player|p1|\n|j|\u2606emeth2159\n|player|p1|emeth2159|worker\n|\n|t:|1700672281\n|switch|p1a: Corviknight|Corviknight, M|33\/100\n|-ability|p1a: Corviknight|Pressure\n|move|p2a: \u4e24\u8349\uff0c\u5230\u4f60|Knock Off|p1a: Corviknight\n|-damage|p1a: Corviknight|16\/100\n|\n|-weather|none\n|-heal|p2a: \u4e24\u8349\uff0c\u5230\u4f60|70\/100|[from] Grassy Terrain\n|-heal|p2a: \u4e24\u8349\uff0c\u5230\u4f60|76\/100|[from] item: Leftovers\n|upkeep\n|turn|12\n|\n|t:|1700672290\n|move|p2a: \u4e24\u8349\uff0c\u5230\u4f60|U-turn|p1a: Corviknight\n|-resisted|p1a: Corviknight\n|-damage|p1a: Corviknight|12\/100\n|\n|t:|1700672295\n|switch|p2a: \u8fde\u51fb-\u6377\u62c9\u5965\u62c9V|Zeraora|54\/100|[from] U-turn\n|move|p1a: Corviknight|Roost|p1a: Corviknight\n|-heal|p1a: Corviknight|62\/100\n|-singleturn|p1a: Corviknight|move: Roost\n|\n|-heal|p2a: \u8fde\u51fb-\u6377\u62c9\u5965\u62c9V|60\/100|[from] Grassy Terrain\n|-heal|p1a: Corviknight|68\/100|[from] Grassy Terrain\n|upkeep\n|turn|13\n|\n|t:|1700672308\n|switch|p1a: Garchomp|Garchomp, F|100\/100\n|move|p2a: \u8fde\u51fb-\u6377\u62c9\u5965\u62c9V|Close Combat|p1a: Garchomp\n|-damage|p1a: Garchomp|59\/100\n|-unboost|p2a: \u8fde\u51fb-\u6377\u62c9\u5965\u62c9V|def|1\n|-unboost|p2a: \u8fde\u51fb-\u6377\u62c9\u5965\u62c9V|spd|1\n|-damage|p2a: \u8fde\u51fb-\u6377\u62c9\u5965\u62c9V|48\/100|[from] ability: Rough Skin|[of] p1a: Garchomp\n|-damage|p2a: \u8fde\u51fb-\u6377\u62c9\u5965\u62c9V|31\/100|[from] item: Rocky Helmet|[of] p1a: Garchomp\n|-damage|p2a: \u8fde\u51fb-\u6377\u62c9\u5965\u62c9V|22\/100|[from] item: Life Orb\n|\n|-heal|p2a: \u8fde\u51fb-\u6377\u62c9\u5965\u62c9V|28\/100|[from] Grassy Terrain\n|-heal|p1a: Garchomp|65\/100|[from] Grassy Terrain\n|upkeep\n|turn|14\n|\n|t:|1700672323\n|move|p2a: \u8fde\u51fb-\u6377\u62c9\u5965\u62c9V|Grass Knot|p1a: Garchomp\n|-damage|p1a: Garchomp|35\/100\n|-damage|p2a: \u8fde\u51fb-\u6377\u62c9\u5965\u62c9V|15\/100|[from] ability: Rough Skin|[of] p1a: Garchomp\n|-damage|p2a: \u8fde\u51fb-\u6377\u62c9\u5965\u62c9V|0 fnt|[from] item: Rocky Helmet|[of] p1a: Garchomp\n|faint|p2a: \u8fde\u51fb-\u6377\u62c9\u5965\u62c9V\n|move|p1a: Garchomp|Toxic|p2: \u8fde\u51fb-\u6377\u62c9\u5965\u62c9V|[notarget]\n|-fail|p1a: Garchomp\n|\n|-heal|p1a: Garchomp|41\/100|[from] Grassy Terrain\n|-fieldend|move: Grassy Terrain\n|upkeep\n|\n|t:|1700672334\n|switch|p2a: \u5f02\u517d\u4e4b\u58c1|Tapu Fini|32\/100\n|-fieldstart|move: Misty Terrain|[from] ability: Misty Surge|[of] p2a: \u5f02\u517d\u4e4b\u58c1\n|turn|15\n|\n|t:|1700672342\n|switch|p1a: Tyranitar|Tyranitar, M|81\/100\n|-weather|Sandstorm|[from] ability: Sand Stream|[of] p1a: Tyranitar\n|move|p2a: \u5f02\u517d\u4e4b\u58c1|Scald|p1a: Tyranitar\n|-supereffective|p1a: Tyranitar\n|-damage|p1a: Tyranitar|60\/100\n|\n|-weather|Sandstorm|[upkeep]\n|-damage|p2a: \u5f02\u517d\u4e4b\u58c1|25\/100|[from] Sandstorm\n|-heal|p2a: \u5f02\u517d\u4e4b\u58c1|32\/100|[from] item: Leftovers\n|upkeep\n|turn|16\n|\n|t:|1700672360\n|switch|p2a: \u6025\u901f\u6298\u8fd4|Mienshao, M|100\/100\n|move|p1a: Tyranitar|Rock Slide|p2a: \u6025\u901f\u6298\u8fd4\n|-resisted|p2a: \u6025\u901f\u6298\u8fd4\n|-crit|p2a: \u6025\u901f\u6298\u8fd4\n|-damage|p2a: \u6025\u901f\u6298\u8fd4|28\/100\n|\n|-weather|Sandstorm|[upkeep]\n|-damage|p2a: \u6025\u901f\u6298\u8fd4|22\/100|[from] Sandstorm\n|upkeep\n|turn|17\n|\n|t:|1700672371\n|switch|p1a: Hippowdon|Hippowdon, M|100\/100\n|move|p2a: \u6025\u901f\u6298\u8fd4|Knock Off|p1a: Hippowdon\n|-damage|p1a: Hippowdon|69\/100\n|-enditem|p1a: Hippowdon|Leftovers|[from] move: Knock Off|[of] p2a: \u6025\u901f\u6298\u8fd4\n|-damage|p2a: \u6025\u901f\u6298\u8fd4|12\/100|[from] item: Life Orb\n|\n|-weather|Sandstorm|[upkeep]\n|-damage|p2a: \u6025\u901f\u6298\u8fd4|6\/100|[from] Sandstorm\n|upkeep\n|turn|18\n|\n|t:|1700672382\n|move|p2a: \u6025\u901f\u6298\u8fd4|Close Combat|p1a: Hippowdon\n|-damage|p1a: Hippowdon|12\/100\n|-unboost|p2a: \u6025\u901f\u6298\u8fd4|def|1\n|-unboost|p2a: \u6025\u901f\u6298\u8fd4|spd|1\n|-damage|p2a: \u6025\u901f\u6298\u8fd4|0 fnt|[from] item: Life Orb\n|faint|p2a: \u6025\u901f\u6298\u8fd4\n|move|p1a: Hippowdon|Slack Off|p1a: Hippowdon\n|-heal|p1a: Hippowdon|62\/100\n|\n|-weather|Sandstorm|[upkeep]\n|upkeep\n|\n|t:|1700672394\n|switch|p2a: \u808c\u8089\u5149\u5934\u4e09\u8fde\u51fb|Dugtrio, M|100\/100\n|turn|19\n|\n|t:|1700672400\n|move|p2a: \u808c\u8089\u5149\u5934\u4e09\u8fde\u51fb|Stealth Rock|p1a: Hippowdon\n|-sidestart|p1: emeth2159|move: Stealth Rock\n|move|p1a: Hippowdon|Toxic|p2a: \u808c\u8089\u5149\u5934\u4e09\u8fde\u51fb\n|-activate|p2a: \u808c\u8089\u5149\u5934\u4e09\u8fde\u51fb|move: Misty Terrain\n|\n|-weather|none\n|-fieldend|Misty Terrain\n|upkeep\n|turn|20\n|\n|t:|1700672410\n|move|p2a: \u808c\u8089\u5149\u5934\u4e09\u8fde\u51fb|Earthquake|p1a: Hippowdon\n|-damage|p1a: Hippowdon|29\/100\n|move|p1a: Hippowdon|Earthquake|p2a: \u808c\u8089\u5149\u5934\u4e09\u8fde\u51fb\n|-damage|p2a: \u808c\u8089\u5149\u5934\u4e09\u8fde\u51fb|2\/100\n|\n|upkeep\n|turn|21\n|\n|t:|1700672417\n|switch|p1a: Corviknight|Corviknight, M|68\/100\n|-damage|p1a: Corviknight|55\/100|[from] Stealth Rock\n|-ability|p1a: Corviknight|Pressure\n|move|p2a: \u808c\u8089\u5149\u5934\u4e09\u8fde\u51fb|Earthquake|p1a: Corviknight\n|-immune|p1a: Corviknight\n|\n|upkeep\n|turn|22\n|\n|t:|1700672427\n|move|p2a: \u808c\u8089\u5149\u5934\u4e09\u8fde\u51fb|Foul Play|p1a: Corviknight\n|-damage|p1a: Corviknight|42\/100\n|move|p1a: Corviknight|Roost|p1a: Corviknight\n|-heal|p1a: Corviknight|92\/100\n|-singleturn|p1a: Corviknight|move: Roost\n|\n|upkeep\n|turn|23\n|\n|t:|1700672438\n|move|p2a: \u808c\u8089\u5149\u5934\u4e09\u8fde\u51fb|Foul Play|p1a: Corviknight\n|-damage|p1a: Corviknight|77\/100\n|move|p1a: Corviknight|Bulk Up|p1a: Corviknight\n|-boost|p1a: Corviknight|atk|1\n|-boost|p1a: Corviknight|def|1\n|\n|upkeep\n|turn|24\n|\n|t:|1700672445\n|move|p2a: \u808c\u8089\u5149\u5934\u4e09\u8fde\u51fb|Foul Play|p1a: Corviknight\n|-damage|p1a: Corviknight|62\/100\n|move|p1a: Corviknight|Roost|p1a: Corviknight\n|-heal|p1a: Corviknight|100\/100\n|-singleturn|p1a: Corviknight|move: Roost\n|\n|upkeep\n|turn|25\n|\n|t:|1700672453\n|move|p2a: \u808c\u8089\u5149\u5934\u4e09\u8fde\u51fb|Foul Play|p1a: Corviknight\n|-damage|p1a: Corviknight|86\/100\n|move|p1a: Corviknight|Bulk Up|p1a: Corviknight\n|-boost|p1a: Corviknight|atk|1\n|-boost|p1a: Corviknight|def|1\n|\n|upkeep\n|turn|26\n|\n|t:|1700672459\n|move|p2a: \u808c\u8089\u5149\u5934\u4e09\u8fde\u51fb|Foul Play|p1a: Corviknight\n|-damage|p1a: Corviknight|72\/100\n|move|p1a: Corviknight|Brave Bird|p2a: \u808c\u8089\u5149\u5934\u4e09\u8fde\u51fb\n|-damage|p2a: \u808c\u8089\u5149\u5934\u4e09\u8fde\u51fb|0 fnt\n|faint|p2a: \u808c\u8089\u5149\u5934\u4e09\u8fde\u51fb\n|-damage|p1a: Corviknight|72\/100|[from] Recoil\n|\n|upkeep\n|\n|t:|1700672468\n|switch|p2a: \u8fde\u51fb-\u6b66\u9053\u718a\u5e08V|Urshifu-Rapid-Strike, F|100\/100\n|turn|27\n|\n|t:|1700672475\n|-terastallize|p2a: \u8fde\u51fb-\u6b66\u9053\u718a\u5e08V|Water\n|-terastallize|p1a: Corviknight|Water\n|move|p2a: \u8fde\u51fb-\u6b66\u9053\u718a\u5e08V|Surging Strikes|p1a: Corviknight\n|-resisted|p1a: Corviknight\n|-crit|p1a: Corviknight\n|-damage|p1a: Corviknight|62\/100\n|-resisted|p1a: Corviknight\n|-crit|p1a: Corviknight\n|-damage|p1a: Corviknight|51\/100\n|-resisted|p1a: Corviknight\n|-crit|p1a: Corviknight\n|-damage|p1a: Corviknight|42\/100\n|-hitcount|p1a: Corviknight|3\n|move|p1a: Corviknight|Brave Bird|p2a: \u8fde\u51fb-\u6b66\u9053\u718a\u5e08V\n|-damage|p2a: \u8fde\u51fb-\u6b66\u9053\u718a\u5e08V|23\/100\n|-damage|p1a: Corviknight|20\/100|[from] Recoil\n|\n|upkeep\n|turn|28\n|\n|t:|1700672492\n|switch|p1a: Garchomp|Garchomp, F|41\/100\n|-damage|p1a: Garchomp|35\/100|[from] Stealth Rock\n|move|p2a: \u8fde\u51fb-\u6b66\u9053\u718a\u5e08V|Fling|p1a: Garchomp\n|-damage|p1a: Garchomp|2\/100\n|-enditem|p2a: \u8fde\u51fb-\u6b66\u9053\u718a\u5e08V|Big Nugget|[from] move: Fling\n|\n|upkeep\n|turn|29\n|\n|t:|1700672507\n|switch|p1a: Hippowdon|Hippowdon, M|29\/100\n|-damage|p1a: Hippowdon|22\/100|[from] Stealth Rock\n|-weather|Sandstorm|[from] ability: Sand Stream|[of] p1a: Hippowdon\n|move|p2a: \u8fde\u51fb-\u6b66\u9053\u718a\u5e08V|Surging Strikes|p1a: Hippowdon\n|-supereffective|p1a: Hippowdon\n|-crit|p1a: Hippowdon\n|-damage|p1a: Hippowdon|0 fnt\n|faint|p1a: Hippowdon\n|-hitcount|p1: Hippowdon|1\n|\n|-weather|Sandstorm|[upkeep]\n|-damage|p2a: \u8fde\u51fb-\u6b66\u9053\u718a\u5e08V|17\/100|[from] Sandstorm\n|upkeep\n|\n|t:|1700672511\n|switch|p1a: Excadrill|Excadrill, F|14\/100\n|-damage|p1a: Excadrill|11\/100|[from] Stealth Rock\n|turn|30\n|\n|t:|1700672521\n|move|p2a: \u8fde\u51fb-\u6b66\u9053\u718a\u5e08V|Aqua Jet|p1a: Excadrill\n|-supereffective|p1a: Excadrill\n|-damage|p1a: Excadrill|0 fnt\n|faint|p1a: Excadrill\n|\n|-weather|Sandstorm|[upkeep]\n|-damage|p2a: \u8fde\u51fb-\u6b66\u9053\u718a\u5e08V|10\/100|[from] Sandstorm\n|upkeep\n|\n|t:|1700672531\n|switch|p1a: Corviknight|Corviknight, M, tera:Water|20\/100\n|-damage|p1a: Corviknight|8\/100|[from] Stealth Rock\n|-ability|p1a: Corviknight|Pressure\n|turn|31\n|\n|t:|1700672537\n|move|p2a: \u8fde\u51fb-\u6b66\u9053\u718a\u5e08V|Close Combat|p1a: Corviknight\n|-damage|p1a: Corviknight|0 fnt\n|-unboost|p2a: \u8fde\u51fb-\u6b66\u9053\u718a\u5e08V|def|1\n|-unboost|p2a: \u8fde\u51fb-\u6b66\u9053\u718a\u5e08V|spd|1\n|faint|p1a: Corviknight\n|\n|-weather|Sandstorm|[upkeep]\n|-damage|p2a: \u8fde\u51fb-\u6b66\u9053\u718a\u5e08V|4\/100|[from] Sandstorm\n|upkeep\n|\n|t:|1700672542\n|switch|p1a: Tyranitar|Tyranitar, M|60\/100\n|-damage|p1a: Tyranitar|48\/100|[from] Stealth Rock\n|turn|32\n|\n|t:|1700672550\n|switch|p1a: Garchomp|Garchomp, F|2\/100\n|-damage|p1a: Garchomp|0 fnt|[from] Stealth Rock\n|faint|p1a: Garchomp\n|move|p2a: \u8fde\u51fb-\u6b66\u9053\u718a\u5e08V|Close Combat|p1: Garchomp|[notarget]\n|-fail|p2a: \u8fde\u51fb-\u6b66\u9053\u718a\u5e08V\n|\n|-weather|Sandstorm|[upkeep]\n|-damage|p2a: \u8fde\u51fb-\u6b66\u9053\u718a\u5e08V|0 fnt|[from] Sandstorm\n|faint|p2a: \u8fde\u51fb-\u6b66\u9053\u718a\u5e08V\n|upkeep\n|\n|t:|1700672559\n|switch|p2a: \u4e24\u8349\uff0c\u5230\u4f60|Rillaboom, M|76\/100\n|switch|p1a: Camerupt|Camerupt, M|100\/100\n|-fieldstart|move: Grassy Terrain|[from] ability: Grassy Surge|[of] p2a: \u4e24\u8349\uff0c\u5230\u4f60\n|-damage|p1a: Camerupt|88\/100|[from] Stealth Rock\n|turn|33\n|\n|t:|1700672575\n|detailschange|p1a: Camerupt|Camerupt-Mega, M\n|-mega|p1a: Camerupt|Camerupt|Cameruptite\n|move|p2a: \u4e24\u8349\uff0c\u5230\u4f60|U-turn|p1a: Camerupt\n|-resisted|p1a: Camerupt\n|-damage|p1a: Camerupt|76\/100\n|\n|t:|1700672579\n|switch|p2a: \u5f02\u517d\u4e4b\u58c1|Tapu Fini|32\/100|[from] U-turn\n|-fieldstart|move: Misty Terrain|[from] ability: Misty Surge|[of] p2a: \u5f02\u517d\u4e4b\u58c1\n|move|p1a: Camerupt|Flamethrower|p2a: \u5f02\u517d\u4e4b\u58c1\n|-resisted|p2a: \u5f02\u517d\u4e4b\u58c1\n|-damage|p2a: \u5f02\u517d\u4e4b\u58c1|4\/100\n|\n|-weather|none\n|-heal|p2a: \u5f02\u517d\u4e4b\u58c1|10\/100|[from] item: Leftovers\n|upkeep\n|turn|34\n|\n|t:|1700672589\n|switch|p1a: Tyranitar|Tyranitar, M|48\/100\n|-damage|p1a: Tyranitar|35\/100|[from] Stealth Rock\n|-weather|Sandstorm|[from] ability: Sand Stream|[of] p1a: Tyranitar\n|move|p2a: \u5f02\u517d\u4e4b\u58c1|Scald|p1a: Tyranitar\n|-supereffective|p1a: Tyranitar\n|-damage|p1a: Tyranitar|14\/100\n|\n|-weather|Sandstorm|[upkeep]\n|-damage|p2a: \u5f02\u517d\u4e4b\u58c1|4\/100|[from] Sandstorm\n|-heal|p2a: \u5f02\u517d\u4e4b\u58c1|10\/100|[from] item: Leftovers\n|upkeep\n|turn|35\n|\n|t:|1700672607\n|move|p2a: \u5f02\u517d\u4e4b\u58c1|Moonblast|p1a: Tyranitar\n|-supereffective|p1a: Tyranitar\n|-damage|p1a: Tyranitar|0 fnt\n|faint|p1a: Tyranitar\n|\n|-weather|Sandstorm|[upkeep]\n|-damage|p2a: \u5f02\u517d\u4e4b\u58c1|4\/100|[from] Sandstorm\n|-heal|p2a: \u5f02\u517d\u4e4b\u58c1|10\/100|[from] item: Leftovers\n|upkeep\n|\n|t:|1700672609\n|switch|p1a: Camerupt|Camerupt-Mega, M|76\/100\n|-damage|p1a: Camerupt|64\/100|[from] Stealth Rock\n|turn|36\n|\n|t:|1700672616\n|move|p2a: \u5f02\u517d\u4e4b\u58c1|Scald|p1a: Camerupt\n|-supereffective|p1a: Camerupt\n|-damage|p1a: Camerupt|0 fnt\n|faint|p1a: Camerupt\n|\n|win|zhaizy\n|raw|emeth2159's rating: 1283 &rarr; <strong>1256<\/strong><br \/>(-27 for losing)\n|raw|zhaizy's rating: 1257 &rarr; <strong>1284<\/strong><br \/>(+27 for winning)\n|l|\u2606emeth2159\n","uploadtime":1700672625,"views":8,"p1id":"emeth2159","p2id":"zhaizy","formatid":"gen9nationaldex","rating":1256,"private":0,"password":""}