{"id":"gen9nationaldex-1990170018","p1":"Kuzwa","p2":"Sobquavalll","format":"[Gen 9] National Dex","log":"|j|\u2606Kuzwa\n|j|\u2606Sobquavalll\n|t:|1699932388\n|gametype|singles\n|player|p1|Kuzwa|parasollady|1267\n|player|p2|Sobquavalll|265|1186\n|teamsize|p1|6\n|teamsize|p2|6\n|gen|9\n|tier|[Gen 9] National Dex\n|rated|\n|rule|HP Percentage Mod: HP is shown in percentages\n|rule|Endless Battle Clause: Forcing endless battles is banned\n|rule|OHKO Clause: OHKO moves are banned\n|rule|Evasion Clause: Evasion abilities, items, and moves are banned\n|rule|Evasion Abilities Clause: Evasion abilities are banned\n|rule|Evasion Items Clause: Evasion items are banned\n|rule|Evasion Moves Clause: Evasion moves are banned\n|rule|Species Clause: Limit one of each Pok\u00e9mon\n|rule|Sleep Clause Mod: Limit one foe put to sleep\n|clearpoke\n|poke|p1|Gallade, M|\n|poke|p1|Kartana|\n|poke|p1|Weavile, M|\n|poke|p1|Ogerpon-Wellspring, F|\n|poke|p1|Zeraora|\n|poke|p1|Glimmora, M|\n|poke|p2|Tapu Koko|\n|poke|p2|Iron Valiant|\n|poke|p2|Raichu-Alola, M|\n|poke|p2|Iron Treads|\n|poke|p2|Dipplin, F|\n|poke|p2|Pinsir, M|\n|teampreview\n|inactive|Battle timer is ON: inactive players will automatically lose when time's up. (requested by Sobquavalll)\n|\n|t:|1699932395\n|start\n|switch|p1a: thing|Glimmora, M|100\/100\n|switch|p2a: Tapu Koko|Tapu Koko, shiny|100\/100\n|-fieldstart|move: Electric Terrain|[from] ability: Electric Surge|[of] p2a: Tapu Koko\n|-item|p1a: thing|Air Balloon\n|turn|1\n|\n|t:|1699932420\n|move|p2a: Tapu Koko|Discharge|p1a: thing\n|-damage|p1a: thing|48\/100\n|-status|p1a: thing|par\n|-enditem|p1a: thing|Air Balloon\n|move|p1a: thing|Earth Power|p2a: Tapu Koko\n|-supereffective|p2a: Tapu Koko\n|-damage|p2a: Tapu Koko|11\/100\n|\n|upkeep\n|turn|2\n|\n|t:|1699932431\n|move|p2a: Tapu Koko|Discharge|p1a: thing\n|-damage|p1a: thing|0 fnt\n|faint|p1a: thing\n|\n|upkeep\n|\n|t:|1699932439\n|switch|p1a: Ken Amada|Zeraora|100\/100\n|turn|3\n|\n|t:|1699932446\n|switch|p2a: Dipplin|Dipplin, F|100\/100\n|move|p1a: Ken Amada|Fake Out|p2a: Dipplin\n|-damage|p2a: Dipplin|92\/100\n|\n|upkeep\n|turn|4\n|\n|t:|1699932457\n|switch|p1a: Junpei Iori|Weavile, M, shiny|100\/100\n|move|p2a: Dipplin|Giga Drain|p1a: Junpei Iori\n|-damage|p1a: Junpei Iori|55\/100\n|-heal|p2a: Dipplin|100\/100|[from] drain|[of] p1a: Junpei Iori\n|\n|upkeep\n|turn|5\n|\n|t:|1699932467\n|switch|p2a: Iron Treads|Iron Treads|100\/100\n|-activate|p2a: Iron Treads|ability: Quark Drive\n|-start|p2a: Iron Treads|quarkdrivespe\n|move|p1a: Junpei Iori|Ice Spinner|p2a: Iron Treads\n|-damage|p2a: Iron Treads|67\/100\n|-fieldend|move: Electric Terrain\n|-end|p2a: Iron Treads|Quark Drive\n|\n|upkeep\n|turn|6\n|l|\u2606Kuzwa\n|inactive|Kuzwa disconnected and has a minute to reconnect!\n|player|p1|\n|inactive|Kuzwa has 30 seconds to reconnect!\n|j|\u2606Kuzwa\n|inactive|Kuzwa reconnected and has 115 seconds left.\n|player|p1|Kuzwa|parasollady\n|\n|t:|1699932509\n|move|p1a: Junpei Iori|Throat Chop|p2a: Iron Treads\n|-damage|p2a: Iron Treads|30\/100\n|-start|p2a: Iron Treads|Throat Chop|[silent]\n|move|p2a: Iron Treads|Body Press|p1a: Junpei Iori\n|-supereffective|p1a: Junpei Iori\n|-damage|p1a: Junpei Iori|0 fnt\n|faint|p1a: Junpei Iori\n|\n|upkeep\n|\n|t:|1699932524\n|switch|p1a: Makoto Yuki|Kartana, shiny|100\/100\n|turn|7\n|\n|t:|1699932529\n|-end|p2a: Iron Treads|Quark Drive|[silent]\n|switch|p2a: Dipplin|Dipplin, F|100\/100\n|move|p1a: Makoto Yuki|Leaf Blade|p2a: Dipplin\n|-resisted|p2a: Dipplin\n|-damage|p2a: Dipplin|90\/100\n|\n|upkeep\n|turn|8\n|\n|t:|1699932538\n|move|p1a: Makoto Yuki|Swords Dance|p1a: Makoto Yuki\n|-boost|p1a: Makoto Yuki|atk|2\n|move|p2a: Dipplin|Dragon Pulse|p1a: Makoto Yuki\n|-resisted|p1a: Makoto Yuki\n|-damage|p1a: Makoto Yuki|45\/100\n|\n|upkeep\n|turn|9\n|\n|t:|1699932546\n|move|p1a: Makoto Yuki|Smart Strike|p2a: Dipplin\n|-damage|p2a: Dipplin|23\/100\n|move|p2a: Dipplin|Dragon Pulse|p1a: Makoto Yuki\n|-resisted|p1a: Makoto Yuki\n|-damage|p1a: Makoto Yuki|0 fnt\n|faint|p1a: Makoto Yuki\n|\n|upkeep\n|\n|t:|1699932555\n|switch|p1a: Ken Amada|Zeraora|100\/100\n|turn|10\n|\n|t:|1699932559\n|move|p1a: Ken Amada|Fake Out|p2a: Dipplin\n|-damage|p2a: Dipplin|14\/100\n|cant|p2a: Dipplin|flinch\n|\n|upkeep\n|turn|11\n|\n|t:|1699932567\n|move|p1a: Ken Amada|Drain Punch|p2a: Dipplin\n|-damage|p2a: Dipplin|0 fnt\n|faint|p2a: Dipplin\n|\n|upkeep\n|\n|t:|1699932570\n|switch|p2a: Tapu Koko|Tapu Koko, shiny|11\/100\n|-fieldstart|move: Electric Terrain|[from] ability: Electric Surge|[of] p2a: Tapu Koko\n|turn|12\n|\n|t:|1699932576\n|move|p1a: Ken Amada|Plasma Fists|p2a: Tapu Koko\n|-resisted|p2a: Tapu Koko\n|-damage|p2a: Tapu Koko|0 fnt\n|-fieldactivate|move: Ion Deluge\n|-hint|Normal-type moves become Electric-type after using Plasma Fists.\n|faint|p2a: Tapu Koko\n|\n|upkeep\n|\n|t:|1699932582\n|switch|p2a: Iron Treads|Iron Treads|30\/100\n|-activate|p2a: Iron Treads|ability: Quark Drive\n|-start|p2a: Iron Treads|quarkdrivespe\n|turn|13\n|\n|t:|1699932593\n|-terastallize|p1a: Ken Amada|Flying\n|move|p2a: Iron Treads|Earthquake|p1a: Ken Amada\n|-immune|p1a: Ken Amada\n|move|p1a: Ken Amada|Plasma Fists|p2a: Iron Treads\n|-immune|p2a: Iron Treads\n|\n|upkeep\n|turn|14\n|\n|t:|1699932607\n|switch|p1a: Aigis|Ogerpon-Wellspring, F|100\/100\n|move|p2a: Iron Treads|Body Press|p1a: Aigis\n|-damage|p1a: Aigis|74\/100\n|\n|upkeep\n|turn|15\n|\n|t:|1699932615\n|move|p2a: Iron Treads|Body Press|p1a: Aigis\n|-damage|p1a: Aigis|44\/100\n|move|p1a: Aigis|Horn Leech|p2a: Iron Treads\n|-damage|p2a: Iron Treads|0 fnt\n|-heal|p1a: Aigis|61\/100|[from] drain|[of] p2a: Iron Treads\n|faint|p2a: Iron Treads\n|-end|p2a: Iron Treads|Quark Drive|[silent]\n|\n|upkeep\n|\n|t:|1699932622\n|switch|p2a: Raichu|Raichu-Alola, M|100\/100\n|turn|16\n|\n|t:|1699932626\n|move|p2a: Raichu|Rising Voltage|p1a: Aigis\n|-hint|Rising Voltage's BP doubled on grounded target.\n|-crit|p1a: Aigis\n|-damage|p1a: Aigis|0 fnt\n|faint|p1a: Aigis\n|\n|upkeep\n|\n|t:|1699932629\n|switch|p1a: Ken Amada|Zeraora, tera:Flying|100\/100\n|turn|17\n|\n|t:|1699932635\n|move|p1a: Ken Amada|Fake Out|p2a: Raichu\n|-damage|p2a: Raichu|70\/100\n|cant|p2a: Raichu|flinch\n|\n|upkeep\n|turn|18\n|\n|t:|1699932639\n|move|p2a: Raichu|Future Sight|p1a: Ken Amada\n|-start|p2a: Raichu|move: Future Sight\n|move|p1a: Ken Amada|Plasma Fists|p2a: Raichu\n|-resisted|p2a: Raichu\n|-damage|p2a: Raichu|16\/100\n|-fieldactivate|move: Ion Deluge\n|-hint|Normal-type moves become Electric-type after using Plasma Fists.\n|\n|upkeep\n|turn|19\n|\n|t:|1699932650\n|switch|p1a: Ryoji Mochizuki|Gallade, M, shiny|100\/100\n|move|p2a: Raichu|Focus Blast|p1a: Ryoji Mochizuki\n|-resisted|p1a: Ryoji Mochizuki\n|-damage|p1a: Ryoji Mochizuki|80\/100\n|\n|-fieldend|move: Electric Terrain\n|upkeep\n|turn|20\n|\n|t:|1699932663\n|-zpower|p2a: Raichu\n|move|p2a: Raichu|Stoked Sparksurfer|p1a: Ryoji Mochizuki|[zeffect]\n|-damage|p1a: Ryoji Mochizuki|0 fnt\n|faint|p1a: Ryoji Mochizuki\n|\n|-hint|Future Sight did not hit because the target is fainted.\n|upkeep\n|\n|t:|1699932670\n|switch|p1a: Ken Amada|Zeraora, tera:Flying|100\/100\n|turn|21\n|\n|t:|1699932679\n|move|p1a: Ken Amada|Fake Out|p2a: Raichu\n|-damage|p2a: Raichu|0 fnt\n|faint|p2a: Raichu\n|\n|upkeep\n|\n|t:|1699932682\n|switch|p2a: Iron Valiant|Iron Valiant|100\/100\n|turn|22\n|\n|t:|1699932691\n|move|p1a: Ken Amada|Plasma Fists|p2a: Iron Valiant\n|-damage|p2a: Iron Valiant|36\/100\n|-fieldactivate|move: Ion Deluge\n|-hint|Normal-type moves become Electric-type after using Plasma Fists.\n|move|p2a: Iron Valiant|Knock Off|p1a: Ken Amada\n|-damage|p1a: Ken Amada|40\/100\n|-enditem|p1a: Ken Amada|Focus Sash|[from] move: Knock Off|[of] p2a: Iron Valiant\n|-damage|p2a: Iron Valiant|26\/100|[from] item: Life Orb\n|\n|upkeep\n|turn|23\n|\n|t:|1699932704\n|move|p1a: Ken Amada|Plasma Fists|p2a: Iron Valiant\n|-damage|p2a: Iron Valiant|0 fnt\n|-fieldactivate|move: Ion Deluge\n|-hint|Normal-type moves become Electric-type after using Plasma Fists.\n|faint|p2a: Iron Valiant\n|-end|p2a: Iron Valiant|Quark Drive|[silent]\n|\n|upkeep\n|\n|t:|1699932706\n|switch|p2a: Pinsir|Pinsir, M|100\/100\n|turn|24\n|\n|t:|1699932712\n|move|p1a: Ken Amada|Plasma Fists|p2a: Pinsir\n|-damage|p2a: Pinsir|39\/100\n|-fieldactivate|move: Ion Deluge\n|-hint|Normal-type moves become Electric-type after using Plasma Fists.\n|move|p2a: Pinsir|Return|p1a: Ken Amada\n|-heal|p1a: Ken Amada|65\/100|[from] ability: Volt Absorb|[of] p2a: Pinsir\n|\n|upkeep\n|turn|25\n|-message|Sobquavalll forfeited.\n|\n|win|Kuzwa\n|raw|Kuzwa's rating: 1267 &rarr; <strong>1286<\/strong><br \/>(+19 for winning)\n|raw|Sobquavalll's rating: 1186 &rarr; <strong>1167<\/strong><br \/>(-19 for losing)\n|l|\u2606Sobquavalll\n","uploadtime":1699932727,"views":4,"p1id":"kuzwa","p2id":"sobquavalll","formatid":"gen9nationaldex","rating":1167,"private":0,"password":""}