{"id":"gen9nationaldex-1992304674","p1":"COG_EmoGalaxyy","p2":"TGM_Destroyer","format":"[Gen 9] National Dex","log":"|j|\u2606COG_EmoGalaxyy\n|j|\u2606TGM_Destroyer\n|t:|1700172801\n|gametype|singles\n|player|p1|COG_EmoGalaxyy|170|\n|player|p2|TGM_Destroyer|1|\n|teamsize|p1|3\n|teamsize|p2|3\n|gen|9\n|tier|[Gen 9] National Dex\n|rule|HP Percentage Mod: HP is shown in percentages\n|rule|Endless Battle Clause: Forcing endless battles is banned\n|rule|OHKO Clause: OHKO moves are banned\n|rule|Evasion Clause: Evasion abilities, items, and moves are banned\n|rule|Evasion Abilities Clause: Evasion abilities are banned\n|rule|Evasion Items Clause: Evasion items are banned\n|rule|Evasion Moves Clause: Evasion moves are banned\n|rule|Species Clause: Limit one of each Pok\u00e9mon\n|rule|Sleep Clause Mod: Limit one foe put to sleep\n|clearpoke\n|poke|p1|Trevenant, M|\n|poke|p1|Aegislash, F|\n|poke|p1|Palossand, M|\n|poke|p2|Pincurchin, M|\n|poke|p2|Raichu-Alola, F|\n|poke|p2|Rotom-Wash|\n|teampreview\n|c|\u2606COG_EmoGalaxyy|trevor\n|\n|t:|1700172823\n|start\n|switch|p1a: Trevenant|Trevenant, M|100\/100\n|switch|p2a: Pincurchin|Pincurchin, M|100\/100\n|-fieldstart|move: Electric Terrain|[from] ability: Electric Surge|[of] p2a: Pincurchin\n|turn|1\n|\n|t:|1700172830\n|switch|p2a: Raichu|Raichu-Alola, F|100\/100\n|move|p1a: Trevenant|Trick Room|p1a: Trevenant\n|-fieldstart|move: Trick Room|[of] p1a: Trevenant\n|\n|upkeep\n|turn|2\n|\n|t:|1700172844\n|switch|p2a: Pincurchin|Pincurchin, M|100\/100\n|move|p1a: Trevenant|Knock Off|p2a: Pincurchin\n|-damage|p2a: Pincurchin|64\/100\n|-enditem|p2a: Pincurchin|Terrain Extender|[from] move: Knock Off|[of] p1a: Trevenant\n|\n|upkeep\n|turn|3\n|\n|t:|1700172852\n|switch|p1a: Palossand|Palossand, M|100\/100\n|move|p2a: Pincurchin|Sucker Punch||[still]\n|-fail|p2a: Pincurchin\n|\n|upkeep\n|turn|4\n|\n|t:|1700172868\n|move|p2a: Pincurchin|Liquidation|p1a: Palossand\n|-supereffective|p1a: Palossand\n|-damage|p1a: Palossand|56\/100\n|-ability|p1a: Palossand|Water Compaction|boost\n|-boost|p1a: Palossand|def|2\n|move|p1a: Palossand|Ancient Power|p2a: Pincurchin\n|-damage|p2a: Pincurchin|25\/100\n|\n|upkeep\n|turn|5\n|\n|t:|1700172876\n|move|p2a: Pincurchin|Recover|p2a: Pincurchin\n|-heal|p2a: Pincurchin|75\/100\n|move|p1a: Palossand|Ancient Power|p2a: Pincurchin\n|-damage|p2a: Pincurchin|37\/100\n|\n|-fieldend|move: Trick Room\n|upkeep\n|turn|6\n|\n|t:|1700172890\n|move|p2a: Pincurchin|Sucker Punch|p1a: Palossand\n|-supereffective|p1a: Palossand\n|-damage|p1a: Palossand|39\/100\n|move|p1a: Palossand|Ancient Power|p2a: Pincurchin\n|-damage|p2a: Pincurchin|0 fnt\n|faint|p2a: Pincurchin\n|\n|upkeep\n|\n|t:|1700172897\n|switch|p2a: Raichu|Raichu-Alola, F|100\/100\n|turn|7\n|\n|t:|1700172902\n|move|p2a: Raichu|Surf|p1a: Palossand\n|-supereffective|p1a: Palossand\n|-damage|p1a: Palossand|0 fnt\n|faint|p1a: Palossand\n|\n|upkeep\n|\n|t:|1700172905\n|switch|p1a: Trevenant|Trevenant, M|100\/100\n|turn|8\n|\n|t:|1700172910\n|move|p2a: Raichu|Thunderbolt|p1a: Trevenant\n|-resisted|p1a: Trevenant\n|-damage|p1a: Trevenant|74\/100\n|move|p1a: Trevenant|Trick Room|p1a: Trevenant\n|-fieldstart|move: Trick Room|[of] p1a: Trevenant\n|\n|-fieldend|move: Electric Terrain\n|upkeep\n|turn|9\n|\n|t:|1700172923\n|move|p1a: Trevenant|Knock Off|p2a: Raichu\n|-supereffective|p2a: Raichu\n|-enditem|p2a: Raichu|Focus Sash\n|-damage|p2a: Raichu|1\/100\n|move|p2a: Raichu|Psychic|p1a: Trevenant\n|-damage|p1a: Trevenant|26\/100\n|\n|upkeep\n|turn|10\n|\n|t:|1700172931\n|move|p1a: Trevenant|Sucker Punch|p2a: Raichu\n|-supereffective|p2a: Raichu\n|-damage|p2a: Raichu|0 fnt\n|faint|p2a: Raichu\n|\n|upkeep\n|\n|t:|1700172935\n|switch|p2a: Rotom|Rotom-Wash|100\/100\n|turn|11\n|\n|t:|1700172940\n|move|p1a: Trevenant|Poltergeist|p2a: Rotom\n|-activate|p2a: Rotom|move: Poltergeist|Leftovers\n|-damage|p2a: Rotom|45\/100\n|move|p2a: Rotom|Hex|p1a: Trevenant\n|-supereffective|p1a: Trevenant\n|-damage|p1a: Trevenant|0 fnt\n|faint|p1a: Trevenant\n|\n|-heal|p2a: Rotom|52\/100|[from] item: Leftovers\n|upkeep\n|\n|t:|1700172945\n|switch|p1a: Aegislash|Aegislash, F|100\/100\n|turn|12\n|\n|t:|1700172954\n|move|p1a: Aegislash|Swords Dance|p1a: Aegislash\n|-boost|p1a: Aegislash|atk|2\n|move|p2a: Rotom|Hex|p1a: Aegislash\n|-supereffective|p1a: Aegislash\n|-damage|p1a: Aegislash|73\/100\n|-enditem|p1a: Aegislash|Weakness Policy\n|-boost|p1a: Aegislash|atk|2|[from] item: Weakness Policy\n|-boost|p1a: Aegislash|spa|2|[from] item: Weakness Policy\n|\n|-heal|p2a: Rotom|58\/100|[from] item: Leftovers\n|-fieldend|move: Trick Room\n|upkeep\n|turn|13\n|\n|t:|1700172968\n|move|p2a: Rotom|Will-O-Wisp|p1a: Aegislash\n|-status|p1a: Aegislash|brn\n|move|p1a: Aegislash|Swords Dance|p1a: Aegislash\n|-boost|p1a: Aegislash|atk|2\n|\n|-heal|p2a: Rotom|64\/100|[from] item: Leftovers\n|-damage|p1a: Aegislash|67\/100 brn|[from] brn\n|upkeep\n|turn|14\n|\n|t:|1700172977\n|move|p1a: Aegislash|King's Shield|p1a: Aegislash\n|-singleturn|p1a: Aegislash|Protect\n|move|p2a: Rotom|Hex|p1a: Aegislash\n|-activate|p1a: Aegislash|move: Protect\n|\n|-heal|p2a: Rotom|70\/100|[from] item: Leftovers\n|-damage|p1a: Aegislash|61\/100 brn|[from] brn\n|upkeep\n|turn|15\n|\n|t:|1700172984\n|move|p2a: Rotom|Hex|p1a: Aegislash\n|-supereffective|p1a: Aegislash\n|-damage|p1a: Aegislash|13\/100 brn\n|move|p1a: Aegislash|Swords Dance|p1a: Aegislash\n|-boost|p1a: Aegislash|atk|0\n|\n|-heal|p2a: Rotom|76\/100|[from] item: Leftovers\n|-damage|p1a: Aegislash|7\/100 brn|[from] brn\n|upkeep\n|turn|16\n|\n|t:|1700172996\n|-formechange|p1a: Aegislash|Aegislash-Blade||[from] ability: Stance Change\n|move|p1a: Aegislash|Shadow Sneak|p2a: Rotom\n|-damage|p2a: Rotom|29\/100\n|move|p2a: Rotom|Volt Switch|p1a: Aegislash\n|-damage|p1a: Aegislash|0 fnt\n|faint|p1a: Aegislash\n|\n|win|TGM_Destroyer\n","uploadtime":1700173002,"views":27,"p1id":"cogemogalaxyy","p2id":"tgmdestroyer","formatid":"gen9nationaldex","rating":0,"private":0,"password":""}