{"id":"gen9nationaldex-1993140097","p1":"BuShaanxi","p2":"Kaiser9874","format":"[Gen 9] National Dex","log":"|j|\u2606BuShaanxi\n|j|\u2606Kaiser9874\n|t:|1700269545\n|gametype|singles\n|player|p1|BuShaanxi|adaman|\n|player|p2|Kaiser9874|266|\n|teamsize|p1|6\n|teamsize|p2|6\n|gen|9\n|tier|[Gen 9] National Dex\n|rule|HP Percentage Mod: HP is shown in percentages\n|rule|Endless Battle Clause: Forcing endless battles is banned\n|rule|OHKO Clause: OHKO moves are banned\n|rule|Evasion Clause: Evasion abilities, items, and moves are banned\n|rule|Evasion Abilities Clause: Evasion abilities are banned\n|rule|Evasion Items Clause: Evasion items are banned\n|rule|Evasion Moves Clause: Evasion moves are banned\n|rule|Species Clause: Limit one of each Pok\u00e9mon\n|rule|Sleep Clause Mod: Limit one foe put to sleep\n|clearpoke\n|poke|p1|Deoxys-Defense|\n|poke|p1|Tapu Fini|\n|poke|p1|Sneasler, M|\n|poke|p1|Dusknoir, F|\n|poke|p1|Alomomola, M|\n|poke|p1|Kommo-o, F|\n|poke|p2|Tapu Lele|\n|poke|p2|Moltres|\n|poke|p2|Lopunny, M|\n|poke|p2|Ogerpon-Wellspring, F|\n|poke|p2|Hatterene, F|\n|poke|p2|Kyurem|\n|teampreview\n|\n|t:|1700269585\n|start\n|switch|p1a: Deoxys|Deoxys-Defense|100\/100\n|switch|p2a: Hatterene|Hatterene, F|100\/100\n|-ability|p1a: Deoxys|Pressure\n|turn|1\n|\n|t:|1700269595\n|move|p1a: Deoxys|Trick|p2a: Hatterene\n|-activate|p1a: Deoxys|move: Trick|[of] p2a: Hatterene\n|-item|p2a: Hatterene|Choice Scarf|[from] move: Trick\n|-item|p1a: Deoxys|Leftovers|[from] move: Trick\n|move|p2a: Hatterene|Calm Mind|p2a: Hatterene\n|-boost|p2a: Hatterene|spa|1\n|-boost|p2a: Hatterene|spd|1\n|\n|upkeep\n|turn|2\n|\n|t:|1700269607\n|move|p1a: Deoxys|Spikes|p2a: Hatterene\n|move|p2a: Hatterene|Spikes|p1a: Deoxys|[from]ability: Magic Bounce\n|-sidestart|p1: BuShaanxi|Spikes\n|move|p2a: Hatterene|Calm Mind|p2a: Hatterene\n|-boost|p2a: Hatterene|spa|1\n|-boost|p2a: Hatterene|spd|1\n|\n|upkeep\n|turn|3\n|\n|t:|1700269615\n|move|p2a: Hatterene|Calm Mind|p2a: Hatterene\n|-boost|p2a: Hatterene|spa|1\n|-boost|p2a: Hatterene|spd|1\n|move|p1a: Deoxys|Teleport|p1a: Deoxys\n|\n|t:|1700269617\n|switch|p1a: Tapu Fini|Tapu Fini|100\/100|[from] Teleport\n|-damage|p1a: Tapu Fini|88\/100|[from] Spikes\n|-fieldstart|move: Misty Terrain|[from] ability: Misty Surge|[of] p1a: Tapu Fini\n|\n|upkeep\n|turn|4\n|j| Asterax\n|\n|t:|1700269672\n|switch|p2a: Tapu Lele|Tapu Lele, shiny|100\/100\n|-fieldstart|move: Psychic Terrain|[from] ability: Psychic Surge|[of] p2a: Tapu Lele\n|move|p1a: Tapu Fini|Defog|p2a: Tapu Lele\n|-unboost|p2a: Tapu Lele|evasion|1\n|-sideend|p1: BuShaanxi|Spikes|[from] move: Defog|[of] p1a: Tapu Fini\n|-fieldend|move: Psychic Terrain\n|\n|upkeep\n|turn|5\n|\n|t:|1700269690\n|switch|p1a: Deoxys|Deoxys-Defense|100\/100\n|-ability|p1a: Deoxys|Pressure\n|move|p2a: Tapu Lele|Calm Mind|p2a: Tapu Lele\n|-boost|p2a: Tapu Lele|spa|1\n|-boost|p2a: Tapu Lele|spd|1\n|\n|upkeep\n|turn|6\n|\n|t:|1700269697\n|move|p2a: Tapu Lele|Substitute|p2a: Tapu Lele\n|-start|p2a: Tapu Lele|Substitute\n|-damage|p2a: Tapu Lele|76\/100\n|move|p1a: Deoxys|Teleport|p1a: Deoxys\n|\n|t:|1700269705\n|switch|p1a: Dusknoir|Dusknoir, F|100\/100|[from] Teleport\n|-ability|p1a: Dusknoir|Pressure\n|\n|-heal|p2a: Tapu Lele|82\/100|[from] item: Leftovers\n|upkeep\n|turn|7\n|\n|t:|1700269719\n|move|p2a: Tapu Lele|Moonblast|p1a: Dusknoir\n|-damage|p1a: Dusknoir|50\/100\n|move|p1a: Dusknoir|Curse|p2a: Tapu Lele\n|-start|p2a: Tapu Lele|Curse|[of] p1a: Dusknoir\n|-damage|p1a: Dusknoir|0 fnt\n|faint|p1a: Dusknoir\n|\n|-heal|p2a: Tapu Lele|88\/100|[from] item: Leftovers\n|-damage|p2a: Tapu Lele|63\/100|[from] Curse\n|upkeep\n|\n|t:|1700269723\n|switch|p1a: Sneasler|Sneasler, M|100\/100\n|-ability|p1a: Sneasler|Pressure\n|turn|8\n|\n|t:|1700269736\n|move|p1a: Sneasler|Protect|p1a: Sneasler\n|-singleturn|p1a: Sneasler|Protect\n|move|p2a: Tapu Lele|Psychic|p1a: Sneasler\n|-activate|p1a: Sneasler|move: Protect\n|\n|-heal|p2a: Tapu Lele|69\/100|[from] item: Leftovers\n|-damage|p2a: Tapu Lele|44\/100|[from] Curse\n|upkeep\n|turn|9\n|\n|t:|1700269750\n|switch|p1a: Deoxys|Deoxys-Defense|100\/100\n|-ability|p1a: Deoxys|Pressure\n|move|p2a: Tapu Lele|Psychic|p1a: Deoxys\n|-resisted|p1a: Deoxys\n|-damage|p1a: Deoxys|76\/100\n|\n|-heal|p2a: Tapu Lele|50\/100|[from] item: Leftovers\n|-heal|p1a: Deoxys|82\/100|[from] item: Leftovers\n|-damage|p2a: Tapu Lele|25\/100|[from] Curse\n|upkeep\n|turn|10\n|\n|t:|1700269767\n|switch|p2a: Hatterene|Hatterene, F|100\/100\n|move|p1a: Deoxys|Recover|p1a: Deoxys\n|-heal|p1a: Deoxys|100\/100\n|\n|upkeep\n|turn|11\n|\n|t:|1700269776\n|move|p2a: Hatterene|Draining Kiss|p1a: Deoxys\n|-damage|p1a: Deoxys|82\/100\n|move|p1a: Deoxys|Teleport|p1a: Deoxys\n|\n|t:|1700269780\n|switch|p1a: Alomomola|Alomomola, M|100\/100|[from] Teleport\n|\n|upkeep\n|turn|12\n|\n|t:|1700269786\n|switch|p2a: Ogerpon|Ogerpon-Wellspring, F|100\/100\n|move|p1a: Alomomola|Mirror Coat||[still]\n|-fail|p1a: Alomomola\n|\n|upkeep\n|turn|13\n|\n|t:|1700269799\n|move|p2a: Ogerpon|Substitute|p2a: Ogerpon\n|-start|p2a: Ogerpon|Substitute\n|-damage|p2a: Ogerpon|76\/100\n|move|p1a: Alomomola|Toxic||[still]\n|-fail|p1a: Alomomola\n|\n|upkeep\n|turn|14\n|\n|t:|1700269808\n|switch|p1a: Kommo-o|Kommo-o, F|100\/100\n|move|p2a: Ogerpon|Swords Dance|p2a: Ogerpon\n|-boost|p2a: Ogerpon|atk|2\n|\n|upkeep\n|turn|15\n|\n|t:|1700269835\n|move|p2a: Ogerpon|Horn Leech|p1a: Kommo-o\n|-resisted|p1a: Kommo-o\n|-damage|p1a: Kommo-o|75\/100\n|-heal|p2a: Ogerpon|91\/100|[from] drain|[of] p1a: Kommo-o\n|move|p1a: Kommo-o|Drain Punch|p2a: Ogerpon\n|-end|p2a: Ogerpon|Substitute\n|-heal|p1a: Kommo-o|86\/100|[from] drain|[of] p2a: Ogerpon\n|\n|-heal|p1a: Kommo-o|92\/100|[from] item: Leftovers\n|upkeep\n|turn|16\n|\n|t:|1700269846\n|move|p2a: Ogerpon|Encore|p1a: Kommo-o\n|-start|p1a: Kommo-o|Encore\n|move|p1a: Kommo-o|Drain Punch|p2a: Ogerpon\n|-damage|p2a: Ogerpon|56\/100\n|-heal|p1a: Kommo-o|100\/100|[from] drain|[of] p2a: Ogerpon\n|\n|upkeep\n|turn|17\n|\n|t:|1700269858\n|switch|p2a: Moltres|Moltres|100\/100\n|move|p1a: Kommo-o|Drain Punch|p2a: Moltres\n|-resisted|p2a: Moltres\n|-damage|p2a: Moltres|91\/100\n|\n|upkeep\n|turn|18\n|\n|t:|1700269865\n|switch|p1a: Alomomola|Alomomola, M|100\/100\n|move|p2a: Moltres|Fire Spin|p1a: Alomomola\n|-resisted|p1a: Alomomola\n|-damage|p1a: Alomomola|96\/100\n|-activate|p1a: Alomomola|move: Fire Spin|[of] p2a: Moltres\n|\n|-heal|p1a: Alomomola|100\/100|[from] item: Leftovers\n|-damage|p1a: Alomomola|88\/100|[from] move: Fire Spin|[partiallytrapped]\n|upkeep\n|turn|19\n|j| TxsB2023\n|\n|t:|1700269874\n|move|p2a: Moltres|Substitute|p2a: Moltres\n|-start|p2a: Moltres|Substitute\n|-damage|p2a: Moltres|66\/100\n|move|p1a: Alomomola|Wish|p1a: Alomomola\n|\n|-heal|p1a: Alomomola|94\/100|[from] item: Leftovers\n|-damage|p1a: Alomomola|82\/100|[from] move: Fire Spin|[partiallytrapped]\n|upkeep\n|turn|20\n|\n|t:|1700269882\n|move|p2a: Moltres|Air Slash|p1a: Alomomola\n|-damage|p1a: Alomomola|60\/100\n|cant|p1a: Alomomola|flinch\n|\n|-heal|p1a: Alomomola|100\/100|[from] move: Wish|[wisher] Alomomola\n|-damage|p1a: Alomomola|88\/100|[from] move: Fire Spin|[partiallytrapped]\n|upkeep\n|turn|21\n|\n|t:|1700269890\n|move|p2a: Moltres|Air Slash|p1a: Alomomola\n|-damage|p1a: Alomomola|66\/100\n|cant|p1a: Alomomola|flinch\n|\n|-heal|p1a: Alomomola|72\/100|[from] item: Leftovers\n|-damage|p1a: Alomomola|60\/100|[from] move: Fire Spin|[partiallytrapped]\n|upkeep\n|turn|22\n|\n|t:|1700269898\n|move|p2a: Moltres|Air Slash|p1a: Alomomola\n|-damage|p1a: Alomomola|39\/100\n|move|p1a: Alomomola|Mirror Coat|p2a: Moltres\n|-end|p2a: Moltres|Substitute\n|\n|-heal|p1a: Alomomola|45\/100|[from] item: Leftovers\n|-damage|p1a: Alomomola|33\/100|[from] move: Fire Spin|[partiallytrapped]\n|upkeep\n|turn|23\n|\n|t:|1700269906\n|move|p2a: Moltres|Air Slash|p1a: Alomomola\n|-crit|p1a: Alomomola\n|-damage|p1a: Alomomola|0 fnt\n|faint|p1a: Alomomola\n|\n|upkeep\n|c|\u2606BuShaanxi|Shit\n|\n|t:|1700269915\n|switch|p1a: Tapu Fini|Tapu Fini|88\/100\n|-fieldstart|move: Misty Terrain|[from] ability: Misty Surge|[of] p1a: Tapu Fini\n|turn|24\n|\n|t:|1700269929\n|switch|p2a: Hatterene|Hatterene, F|100\/100\n|move|p1a: Tapu Fini|Trick|p2a: Hatterene\n|-activate|p1a: Tapu Fini|move: Trick|[of] p2a: Hatterene\n|-item|p2a: Hatterene|Choice Specs|[from] move: Trick\n|-item|p1a: Tapu Fini|Choice Scarf|[from] move: Trick\n|\n|upkeep\n|turn|25\n|\n|t:|1700269960\n|switch|p1a: Deoxys|Deoxys-Defense|82\/100\n|-ability|p1a: Deoxys|Pressure\n|move|p2a: Hatterene|Psyshock|p1a: Deoxys\n|-resisted|p1a: Deoxys\n|-damage|p1a: Deoxys|66\/100\n|\n|-heal|p1a: Deoxys|72\/100|[from] item: Leftovers\n|upkeep\n|turn|26\n|\n|t:|1700270000\n|switch|p2a: Tapu Lele|Tapu Lele, shiny|25\/100\n|-fieldstart|move: Psychic Terrain|[from] ability: Psychic Surge|[of] p2a: Tapu Lele\n|move|p1a: Deoxys|Teleport|p1a: Deoxys\n|\n|t:|1700270004\n|switch|p1a: Tapu Fini|Tapu Fini|88\/100|[from] Teleport\n|-fieldstart|move: Misty Terrain|[from] ability: Misty Surge|[of] p1a: Tapu Fini\n|\n|-heal|p2a: Tapu Lele|31\/100|[from] item: Leftovers\n|upkeep\n|turn|27\n|\n|t:|1700270019\n|switch|p2a: Ogerpon|Ogerpon-Wellspring, F|56\/100\n|move|p1a: Tapu Fini|Moonblast|p2a: Ogerpon\n|-damage|p2a: Ogerpon|22\/100\n|-unboost|p2a: Ogerpon|spa|1\n|\n|upkeep\n|turn|28\n|\n|t:|1700270042\n|switch|p2a: Hatterene|Hatterene, F|100\/100\n|switch|p1a: Kommo-o|Kommo-o, F|100\/100\n|\n|upkeep\n|turn|29\n|\n|t:|1700270050\n|move|p1a: Kommo-o|Protect|p1a: Kommo-o\n|-singleturn|p1a: Kommo-o|Protect\n|move|p2a: Hatterene|Draining Kiss|p1a: Kommo-o\n|-activate|p1a: Kommo-o|move: Protect\n|\n|upkeep\n|turn|30\n|\n|t:|1700270064\n|switch|p1a: Deoxys|Deoxys-Defense|72\/100\n|-ability|p1a: Deoxys|Pressure\n|switch|p2a: Kyurem|Kyurem|100\/100\n|-ability|p2a: Kyurem|Pressure\n|\n|-heal|p1a: Deoxys|78\/100|[from] item: Leftovers\n|-fieldend|Misty Terrain\n|upkeep\n|turn|31\n|\n|t:|1700270086\n|move|p2a: Kyurem|Substitute|p2a: Kyurem\n|-start|p2a: Kyurem|Substitute\n|-damage|p2a: Kyurem|75\/100\n|move|p1a: Deoxys|Teleport|p1a: Deoxys\n|\n|t:|1700270088\n|switch|p1a: Tapu Fini|Tapu Fini|88\/100|[from] Teleport\n|-fieldstart|move: Misty Terrain|[from] ability: Misty Surge|[of] p1a: Tapu Fini\n|\n|-heal|p2a: Kyurem|82\/100|[from] item: Leftovers\n|upkeep\n|turn|32\n|\n|t:|1700270101\n|move|p2a: Kyurem|Dragon Dance|p2a: Kyurem\n|-boost|p2a: Kyurem|atk|1\n|-boost|p2a: Kyurem|spe|1\n|move|p1a: Tapu Fini|Moonblast|p2a: Kyurem\n|-supereffective|p2a: Kyurem\n|-end|p2a: Kyurem|Substitute\n|\n|-heal|p2a: Kyurem|88\/100|[from] item: Leftovers\n|upkeep\n|turn|33\n|\n|t:|1700270116\n|-terastallize|p2a: Kyurem|Ice\n|move|p2a: Kyurem|Substitute|p2a: Kyurem\n|-start|p2a: Kyurem|Substitute\n|-damage|p2a: Kyurem|63\/100\n|move|p1a: Tapu Fini|Moonblast|p2a: Kyurem\n|-end|p2a: Kyurem|Substitute\n|\n|-heal|p2a: Kyurem|69\/100|[from] item: Leftovers\n|upkeep\n|turn|34\n|\n|t:|1700270126\n|move|p2a: Kyurem|Icicle Spear|p1a: Tapu Fini\n|-resisted|p1a: Tapu Fini\n|-damage|p1a: Tapu Fini|79\/100\n|-resisted|p1a: Tapu Fini\n|-damage|p1a: Tapu Fini|70\/100\n|-hitcount|p1a: Tapu Fini|2\n|move|p1a: Tapu Fini|Moonblast|p2a: Kyurem\n|-damage|p2a: Kyurem|40\/100\n|-unboost|p2a: Kyurem|spa|1\n|\n|-heal|p2a: Kyurem|46\/100|[from] item: Leftovers\n|upkeep\n|turn|35\n|l| Asterax\n|\n|t:|1700270142\n|move|p2a: Kyurem|Icicle Spear|p1a: Tapu Fini\n|-resisted|p1a: Tapu Fini\n|-damage|p1a: Tapu Fini|62\/100\n|-resisted|p1a: Tapu Fini\n|-damage|p1a: Tapu Fini|53\/100\n|-resisted|p1a: Tapu Fini\n|-damage|p1a: Tapu Fini|45\/100\n|-hitcount|p1a: Tapu Fini|3\n|move|p1a: Tapu Fini|Moonblast|p2a: Kyurem\n|-damage|p2a: Kyurem|14\/100\n|\n|-heal|p2a: Kyurem|20\/100|[from] item: Leftovers\n|-fieldend|Misty Terrain\n|upkeep\n|turn|36\n|j| Asterax\n|\n|t:|1700270157\n|move|p2a: Kyurem|Icicle Spear|p1a: Tapu Fini\n|-resisted|p1a: Tapu Fini\n|-damage|p1a: Tapu Fini|36\/100\n|-resisted|p1a: Tapu Fini\n|-damage|p1a: Tapu Fini|27\/100\n|-resisted|p1a: Tapu Fini\n|-damage|p1a: Tapu Fini|19\/100\n|-resisted|p1a: Tapu Fini\n|-damage|p1a: Tapu Fini|10\/100\n|-resisted|p1a: Tapu Fini\n|-damage|p1a: Tapu Fini|1\/100\n|-hitcount|p1a: Tapu Fini|5\n|move|p1a: Tapu Fini|Moonblast|p2a: Kyurem\n|-damage|p2a: Kyurem|0 fnt\n|faint|p2a: Kyurem\n|\n|upkeep\n|\n|t:|1700270174\n|switch|p2a: Lopunny|Lopunny, M|100\/100\n|turn|37\n|\n|t:|1700270180\n|switch|p1a: Deoxys|Deoxys-Defense|78\/100\n|-ability|p1a: Deoxys|Pressure\n|detailschange|p2a: Lopunny|Lopunny-Mega, M\n|-mega|p2a: Lopunny|Lopunny|Lopunnite\n|move|p2a: Lopunny|Power-Up Punch|p1a: Deoxys\n|-resisted|p1a: Deoxys\n|-damage|p1a: Deoxys|72\/100\n|-boost|p2a: Lopunny|atk|1\n|\n|-heal|p1a: Deoxys|78\/100|[from] item: Leftovers\n|upkeep\n|turn|38\n|\n|t:|1700270194\n|move|p2a: Lopunny|Frustration|p1a: Deoxys\n|-damage|p1a: Deoxys|23\/100\n|move|p1a: Deoxys|Teleport|p1a: Deoxys\n|\n|t:|1700270197\n|switch|p1a: Kommo-o|Kommo-o, F|100\/100|[from] Teleport\n|\n|upkeep\n|turn|39\n|\n|t:|1700270211\n|switch|p2a: Hatterene|Hatterene, F|100\/100\n|move|p1a: Kommo-o|Drain Punch|p2a: Hatterene\n|-resisted|p2a: Hatterene\n|-damage|p2a: Hatterene|93\/100\n|\n|upkeep\n|turn|40\n|\n|t:|1700270220\n|switch|p1a: Deoxys|Deoxys-Defense|23\/100\n|-ability|p1a: Deoxys|Pressure\n|move|p2a: Hatterene|Draining Kiss|p1a: Deoxys\n|-damage|p1a: Deoxys|0 fnt\n|-heal|p2a: Hatterene|100\/100|[from] drain|[of] p1a: Deoxys\n|faint|p1a: Deoxys\n|\n|upkeep\n|\n|t:|1700270226\n|switch|p1a: Sneasler|Sneasler, M|100\/100\n|-ability|p1a: Sneasler|Pressure\n|turn|41\n|\n|t:|1700270233\n|switch|p2a: Moltres|Moltres|66\/100\n|move|p1a: Sneasler|Substitute|p1a: Sneasler\n|-start|p1a: Sneasler|Substitute\n|-damage|p1a: Sneasler|76\/100\n|\n|-heal|p1a: Sneasler|82\/100|[from] item: Black Sludge\n|upkeep\n|turn|42\n|\n|t:|1700270241\n|move|p1a: Sneasler|Poison Jab|p2a: Moltres\n|-damage|p2a: Moltres|42\/100\n|move|p2a: Moltres|Air Slash|p1a: Sneasler\n|-supereffective|p1a: Sneasler\n|-end|p1a: Sneasler|Substitute\n|\n|-heal|p1a: Sneasler|88\/100|[from] item: Black Sludge\n|upkeep\n|turn|43\n|\n|t:|1700270250\n|move|p1a: Sneasler|Protect|p1a: Sneasler\n|-singleturn|p1a: Sneasler|Protect\n|move|p2a: Moltres|Roost|p2a: Moltres\n|-heal|p2a: Moltres|92\/100\n|-singleturn|p2a: Moltres|move: Roost\n|\n|-heal|p1a: Sneasler|94\/100|[from] item: Black Sludge\n|upkeep\n|turn|44\n|\n|t:|1700270258\n|move|p1a: Sneasler|Substitute|p1a: Sneasler\n|-start|p1a: Sneasler|Substitute\n|-damage|p1a: Sneasler|69\/100\n|move|p2a: Moltres|Air Slash|p1a: Sneasler\n|-supereffective|p1a: Sneasler\n|-end|p1a: Sneasler|Substitute\n|\n|-heal|p1a: Sneasler|75\/100|[from] item: Black Sludge\n|upkeep\n|turn|45\n|\n|t:|1700270267\n|move|p1a: Sneasler|Substitute|p1a: Sneasler\n|-start|p1a: Sneasler|Substitute\n|-damage|p1a: Sneasler|50\/100\n|move|p2a: Moltres|Air Slash|p1a: Sneasler\n|-supereffective|p1a: Sneasler\n|-end|p1a: Sneasler|Substitute\n|\n|-heal|p1a: Sneasler|56\/100|[from] item: Black Sludge\n|upkeep\n|turn|46\n|\n|t:|1700270276\n|move|p1a: Sneasler|Protect|p1a: Sneasler\n|-singleturn|p1a: Sneasler|Protect\n|move|p2a: Moltres|Air Slash|p1a: Sneasler\n|-activate|p1a: Sneasler|move: Protect\n|\n|-heal|p1a: Sneasler|62\/100|[from] item: Black Sludge\n|upkeep\n|turn|47\n|\n|t:|1700270283\n|move|p1a: Sneasler|Substitute|p1a: Sneasler\n|-start|p1a: Sneasler|Substitute\n|-damage|p1a: Sneasler|38\/100\n|move|p2a: Moltres|Air Slash|p1a: Sneasler\n|-supereffective|p1a: Sneasler\n|-crit|p1a: Sneasler\n|-end|p1a: Sneasler|Substitute\n|\n|-heal|p1a: Sneasler|44\/100|[from] item: Black Sludge\n|upkeep\n|turn|48\n|\n|t:|1700270293\n|move|p1a: Sneasler|Protect|p1a: Sneasler\n|-singleturn|p1a: Sneasler|Protect\n|move|p2a: Moltres|Fire Spin|p1a: Sneasler\n|-activate|p1a: Sneasler|move: Protect\n|\n|-heal|p1a: Sneasler|50\/100|[from] item: Black Sludge\n|upkeep\n|turn|49\n|\n|t:|1700270301\n|move|p1a: Sneasler|Substitute|p1a: Sneasler\n|-start|p1a: Sneasler|Substitute\n|-damage|p1a: Sneasler|25\/100\n|move|p2a: Moltres|Air Slash|p1a: Sneasler\n|-supereffective|p1a: Sneasler\n|-end|p1a: Sneasler|Substitute\n|\n|-heal|p1a: Sneasler|31\/100|[from] item: Black Sludge\n|upkeep\n|turn|50\n|\n|t:|1700270313\n|move|p1a: Sneasler|Protect|p1a: Sneasler\n|-singleturn|p1a: Sneasler|Protect\n|move|p2a: Moltres|Fire Spin|p1a: Sneasler\n|-activate|p1a: Sneasler|move: Protect\n|\n|-heal|p1a: Sneasler|37\/100|[from] item: Black Sludge\n|upkeep\n|turn|51\n|\n|t:|1700270320\n|move|p1a: Sneasler|Substitute|p1a: Sneasler\n|-start|p1a: Sneasler|Substitute\n|-damage|p1a: Sneasler|12\/100\n|move|p2a: Moltres|Air Slash|p1a: Sneasler\n|-supereffective|p1a: Sneasler\n|-end|p1a: Sneasler|Substitute\n|\n|-heal|p1a: Sneasler|18\/100|[from] item: Black Sludge\n|upkeep\n|turn|52\n|\n|t:|1700270327\n|move|p1a: Sneasler|Protect|p1a: Sneasler\n|-singleturn|p1a: Sneasler|Protect\n|move|p2a: Moltres|Fire Spin|p1a: Sneasler\n|-activate|p1a: Sneasler|move: Protect\n|\n|-heal|p1a: Sneasler|24\/100|[from] item: Black Sludge\n|upkeep\n|turn|53\n|\n|t:|1700270335\n|switch|p1a: Kommo-o|Kommo-o, F|100\/100\n|move|p2a: Moltres|Air Slash|p1a: Kommo-o\n|-supereffective|p1a: Kommo-o\n|-damage|p1a: Kommo-o|46\/100\n|\n|-heal|p1a: Kommo-o|52\/100|[from] item: Leftovers\n|upkeep\n|turn|54\n|\n|t:|1700270342\n|move|p1a: Kommo-o|Protect|p1a: Kommo-o\n|-singleturn|p1a: Kommo-o|Protect\n|move|p2a: Moltres|Fire Spin|p1a: Kommo-o\n|-activate|p1a: Kommo-o|move: Protect\n|\n|-heal|p1a: Kommo-o|58\/100|[from] item: Leftovers\n|upkeep\n|turn|55\n|\n|t:|1700270350\n|-terastallize|p1a: Kommo-o|Dragon\n|move|p2a: Moltres|Fire Spin|p1a: Kommo-o\n|-resisted|p1a: Kommo-o\n|-damage|p1a: Kommo-o|52\/100\n|-activate|p1a: Kommo-o|move: Fire Spin|[of] p2a: Moltres\n|move|p1a: Kommo-o|Dragon Tail|p2a: Moltres\n|-damage|p2a: Moltres|70\/100\n|-status|p1a: Kommo-o|brn|[from] ability: Flame Body|[of] p2a: Moltres\n|drag|p2a: Lopunny|Lopunny-Mega, M|100\/100\n|\n|-heal|p1a: Kommo-o|58\/100 brn|[from] item: Leftovers\n|-damage|p1a: Kommo-o|52\/100 brn|[from] brn\n|-end|p1a: Kommo-o|Fire Spin|[partiallytrapped]|[silent]\n|upkeep\n|turn|56\n|l| Asterax\n|c|\u2606BuShaanxi|damn i lost\n|\n|t:|1700270367\n|move|p1a: Kommo-o|Protect|p1a: Kommo-o\n|-singleturn|p1a: Kommo-o|Protect\n|move|p2a: Lopunny|Ice Punch|p1a: Kommo-o\n|-activate|p1a: Kommo-o|move: Protect\n|\n|-heal|p1a: Kommo-o|58\/100 brn|[from] item: Leftovers\n|-damage|p1a: Kommo-o|52\/100 brn|[from] brn\n|upkeep\n|turn|57\n|\n|t:|1700270376\n|move|p2a: Lopunny|Ice Punch|p1a: Kommo-o\n|-supereffective|p1a: Kommo-o\n|-damage|p1a: Kommo-o|15\/100 brn\n|move|p1a: Kommo-o|Drain Punch|p2a: Lopunny\n|-supereffective|p2a: Lopunny\n|-damage|p2a: Lopunny|64\/100\n|-heal|p1a: Kommo-o|29\/100 brn|[from] drain|[of] p2a: Lopunny\n|\n|-heal|p1a: Kommo-o|35\/100 brn|[from] item: Leftovers\n|-damage|p1a: Kommo-o|29\/100 brn|[from] brn\n|upkeep\n|turn|58\n|\n|t:|1700270387\n|move|p2a: Lopunny|Ice Punch|p1a: Kommo-o\n|-supereffective|p1a: Kommo-o\n|-damage|p1a: Kommo-o|0 fnt\n|faint|p1a: Kommo-o\n|\n|upkeep\n|-message|BuShaanxi forfeited.\n|\n|win|Kaiser9874\n|l|\u2606BuShaanxi\n|l| TxsB2023\n","uploadtime":1700270445,"views":10,"p1id":"bushaanxi","p2id":"kaiser9874","formatid":"gen9nationaldex","rating":0,"private":0,"password":""}