{"id":"gen9nationaldex-1988234655","p1":"Tentacultistry","p2":"starlitbox","format":"[Gen 9] National Dex","log":"|j|\u2606Tentacultistry\n|j|\u2606starlitbox\n|t:|1699691004\n|gametype|singles\n|player|p1|Tentacultistry|elesa-masters2|1314\n|player|p2|starlitbox|silver|1227\n|teamsize|p1|6\n|teamsize|p2|6\n|gen|9\n|tier|[Gen 9] National Dex\n|rated|\n|rule|HP Percentage Mod: HP is shown in percentages\n|rule|Endless Battle Clause: Forcing endless battles is banned\n|rule|OHKO Clause: OHKO moves are banned\n|rule|Evasion Clause: Evasion abilities, items, and moves are banned\n|rule|Evasion Abilities Clause: Evasion abilities are banned\n|rule|Evasion Items Clause: Evasion items are banned\n|rule|Evasion Moves Clause: Evasion moves are banned\n|rule|Species Clause: Limit one of each Pok\u00e9mon\n|rule|Sleep Clause Mod: Limit one foe put to sleep\n|clearpoke\n|poke|p1|Tapu Koko|\n|poke|p1|Iron Valiant|\n|poke|p1|Iron Hands|\n|poke|p1|Dracozolt|\n|poke|p1|Iron Treads|\n|poke|p1|Iron Jugulis|\n|poke|p2|Landorus-Therian, M|\n|poke|p2|Greninja-*, M|\n|poke|p2|Volcarona, F|\n|poke|p2|Iron Valiant|\n|poke|p2|Ogerpon-Wellspring, F|\n|poke|p2|Tapu Koko|\n|teampreview\n|\n|t:|1699691018\n|start\n|switch|p1a: Rita|Tapu Koko|100\/100\n|switch|p2a: Landorus|Landorus-Therian, M|100\/100\n|-fieldstart|move: Electric Terrain|[from] ability: Electric Surge|[of] p1a: Rita\n|-ability|p2a: Landorus|Intimidate|boost\n|-unboost|p1a: Rita|atk|1\n|turn|1\n|inactive|Battle timer is ON: inactive players will automatically lose when time's up. (requested by starlitbox)\n|\n|t:|1699691036\n|switch|p1a: Jimothy cool|Iron Jugulis|100\/100\n|-activate|p1a: Jimothy cool|ability: Quark Drive\n|-start|p1a: Jimothy cool|quarkdrivespe\n|move|p2a: Landorus|U-turn|p1a: Jimothy cool\n|-damage|p1a: Jimothy cool|69\/100\n|\n|t:|1699691047\n|switch|p2a: Iron Valiant|Iron Valiant|100\/100|[from] U-turn\n|-activate|p2a: Iron Valiant|ability: Quark Drive\n|-start|p2a: Iron Valiant|quarkdrivespe\n|\n|upkeep\n|turn|2\n|\n|t:|1699691059\n|-end|p1a: Jimothy cool|Quark Drive|[silent]\n|switch|p1a: Short King|Iron Treads|100\/100\n|-activate|p1a: Short King|ability: Quark Drive\n|-start|p1a: Short King|quarkdrivespe\n|move|p2a: Iron Valiant|Moonblast|p1a: Short King\n|-resisted|p1a: Short King\n|-damage|p1a: Short King|53\/100\n|\n|-heal|p1a: Short King|59\/100|[from] item: Leftovers\n|upkeep\n|turn|3\n|\n|t:|1699691077\n|-end|p2a: Iron Valiant|Quark Drive|[silent]\n|switch|p2a: Landorus|Landorus-Therian, M|100\/100\n|-ability|p2a: Landorus|Intimidate|boost\n|-unboost|p1a: Short King|atk|1\n|move|p1a: Short King|Iron Head|p2a: Landorus\n|-damage|p2a: Landorus|78\/100\n|\n|-heal|p1a: Short King|66\/100|[from] item: Leftovers\n|-heal|p2a: Landorus|84\/100|[from] item: Leftovers\n|upkeep\n|turn|4\n|\n|t:|1699691090\n|-end|p1a: Short King|Quark Drive|[silent]\n|switch|p1a: Jimothy cool|Iron Jugulis|69\/100\n|-activate|p1a: Jimothy cool|ability: Quark Drive\n|-start|p1a: Jimothy cool|quarkdrivespe\n|switch|p2a: Volcarona|Volcarona, F|100\/100\n|\n|upkeep\n|turn|5\n|\n|t:|1699691101\n|move|p1a: Jimothy cool|Air Slash|p2a: Volcarona\n|-supereffective|p2a: Volcarona\n|-damage|p2a: Volcarona|7\/100\n|-damage|p1a: Jimothy cool|59\/100|[from] item: Life Orb\n|move|p2a: Volcarona|Quiver Dance|p2a: Volcarona\n|-boost|p2a: Volcarona|spa|1\n|-boost|p2a: Volcarona|spd|1\n|-boost|p2a: Volcarona|spe|1\n|\n|upkeep\n|turn|6\n|\n|t:|1699691112\n|move|p1a: Jimothy cool|Air Slash|p2a: Volcarona\n|-supereffective|p2a: Volcarona\n|-damage|p2a: Volcarona|0 fnt\n|faint|p2a: Volcarona\n|-damage|p1a: Jimothy cool|49\/100|[from] item: Life Orb\n|\n|upkeep\n|\n|t:|1699691123\n|switch|p2a: Iron Valiant|Iron Valiant|100\/100\n|-activate|p2a: Iron Valiant|ability: Quark Drive\n|-start|p2a: Iron Valiant|quarkdrivespe\n|turn|7\n|\n|t:|1699691136\n|-end|p1a: Jimothy cool|Quark Drive|[silent]\n|switch|p1a: Short King|Iron Treads|66\/100\n|-activate|p1a: Short King|ability: Quark Drive\n|-start|p1a: Short King|quarkdrivespe\n|move|p2a: Iron Valiant|Moonblast|p1a: Short King\n|-resisted|p1a: Short King\n|-damage|p1a: Short King|16\/100\n|\n|-heal|p1a: Short King|22\/100|[from] item: Leftovers\n|upkeep\n|turn|8\n|\n|t:|1699691147\n|move|p2a: Iron Valiant|Moonblast|p1a: Short King\n|-resisted|p1a: Short King\n|-damage|p1a: Short King|0 fnt\n|faint|p1a: Short King\n|-end|p1a: Short King|Quark Drive|[silent]\n|\n|-fieldend|move: Electric Terrain\n|-end|p2a: Iron Valiant|Quark Drive\n|upkeep\n|\n|t:|1699691150\n|switch|p1a: Klein|Iron Valiant|100\/100\n|turn|9\n|\n|t:|1699691159\n|-terastallize|p1a: Klein|Steel\n|move|p2a: Iron Valiant|Moonblast|p1a: Klein\n|-resisted|p1a: Klein\n|-damage|p1a: Klein|41\/100\n|move|p1a: Klein|Moonblast|p2a: Iron Valiant\n|-supereffective|p2a: Iron Valiant\n|-damage|p2a: Iron Valiant|0 fnt\n|faint|p2a: Iron Valiant\n|-end|p2a: Iron Valiant|Quark Drive|[silent]\n|-damage|p1a: Klein|31\/100|[from] item: Life Orb\n|\n|upkeep\n|\n|t:|1699691177\n|switch|p2a: Greninja|Greninja, M|100\/100\n|turn|10\n|\n|t:|1699691184\n|-end|p1a: Klein|Quark Drive|[silent]\n|switch|p1a: Rita|Tapu Koko|100\/100\n|-fieldstart|move: Electric Terrain|[from] ability: Electric Surge|[of] p1a: Rita\n|move|p2a: Greninja|Hydro Pump|p1a: Rita\n|-damage|p1a: Rita|15\/100\n|\n|upkeep\n|turn|11\n|\n|t:|1699691199\n|move|p2a: Greninja|Water Shuriken|p1a: Rita\n|-damage|p1a: Rita|2\/100\n|-damage|p1a: Rita|0 fnt\n|faint|p1a: Rita\n|-ability|p2a: Greninja|Battle Bond|boost\n|-boost|p2a: Greninja|atk|1\n|-boost|p2a: Greninja|spa|1\n|-boost|p2a: Greninja|spe|1\n|-activate|p2a: Greninja|ability: Battle Bond\n|-hitcount|p1: Rita|2\n|\n|upkeep\n|\n|t:|1699691203\n|switch|p1a: THE GOAT|Dracozolt|100\/100\n|turn|12\n|\n|t:|1699691220\n|switch|p2a: Landorus|Landorus-Therian, M|84\/100\n|-ability|p2a: Landorus|Intimidate|boost\n|-unboost|p1a: THE GOAT|atk|1\n|move|p1a: THE GOAT|Bolt Beak|p2a: Landorus\n|-immune|p2a: Landorus\n|\n|-heal|p2a: Landorus|90\/100|[from] item: Leftovers\n|upkeep\n|turn|13\n|\n|t:|1699691233\n|switch|p1a: Wide Stance Craig|Iron Hands|100\/100\n|-activate|p1a: Wide Stance Craig|ability: Quark Drive\n|-start|p1a: Wide Stance Craig|quarkdriveatk\n|move|p2a: Landorus|Knock Off|p1a: Wide Stance Craig\n|-resisted|p1a: Wide Stance Craig\n|-damage|p1a: Wide Stance Craig|90\/100\n|-enditem|p1a: Wide Stance Craig|Assault Vest|[from] move: Knock Off|[of] p2a: Landorus\n|\n|-heal|p2a: Landorus|96\/100|[from] item: Leftovers\n|upkeep\n|turn|14\n|\n|t:|1699691250\n|move|p2a: Landorus|Earthquake|p1a: Wide Stance Craig\n|-supereffective|p1a: Wide Stance Craig\n|-damage|p1a: Wide Stance Craig|26\/100\n|move|p1a: Wide Stance Craig|Ice Punch|p2a: Landorus\n|-supereffective|p2a: Landorus\n|-damage|p2a: Landorus|0 fnt\n|faint|p2a: Landorus\n|\n|upkeep\n|\n|t:|1699691261\n|switch|p2a: Greninja|Greninja, M|100\/100\n|turn|15\n|\n|t:|1699691268\n|move|p2a: Greninja|Hydro Pump|p1a: Wide Stance Craig\n|-damage|p1a: Wide Stance Craig|0 fnt\n|faint|p1a: Wide Stance Craig\n|-end|p1a: Wide Stance Craig|Quark Drive|[silent]\n|\n|upkeep\n|\n|t:|1699691272\n|switch|p1a: Klein|Iron Valiant, tera:Steel|31\/100\n|-activate|p1a: Klein|ability: Quark Drive\n|-start|p1a: Klein|quarkdrivespe\n|turn|16\n|\n|t:|1699691291\n|switch|p2a: Tapu Koko|Tapu Koko|100\/100\n|move|p1a: Klein|Moonblast|p2a: Tapu Koko\n|-damage|p2a: Tapu Koko|0 fnt\n|faint|p2a: Tapu Koko\n|-damage|p1a: Klein|21\/100|[from] item: Life Orb\n|\n|upkeep\n|inactive|starlitbox has 120 seconds left.\n|\n|t:|1699691313\n|switch|p2a: Greninja|Greninja, M|100\/100\n|turn|17\n|inactive|starlitbox has 120 seconds left.\n|\n|t:|1699691327\n|move|p2a: Greninja|Water Shuriken|p1a: Klein\n|-damage|p1a: Klein|10\/100\n|-damage|p1a: Klein|0 fnt\n|faint|p1a: Klein\n|-end|p1a: Klein|Quark Drive|[silent]\n|-hitcount|p1: Klein|2\n|\n|-fieldend|move: Electric Terrain\n|upkeep\n|\n|t:|1699691334\n|switch|p1a: THE GOAT|Dracozolt|100\/100\n|turn|18\n|\n|t:|1699691339\n|move|p2a: Greninja|Ice Beam|p1a: THE GOAT\n|-supereffective|p1a: THE GOAT\n|-damage|p1a: THE GOAT|21\/100\n|move|p1a: THE GOAT|Bolt Beak|p2a: Greninja|[miss]\n|-miss|p1a: THE GOAT|p2a: Greninja\n|\n|upkeep\n|turn|19\n|-message|Tentacultistry forfeited.\n|\n|win|starlitbox\n|raw|Tentacultistry's rating: 1314 &rarr; <strong>1289<\/strong><br \/>(-25 for losing)\n|raw|starlitbox's rating: 1227 &rarr; <strong>1258<\/strong><br \/>(+31 for winning)\n|l|\u2606Tentacultistry\n","uploadtime":1699691365,"views":8,"p1id":"tentacultistry","p2id":"starlitbox","formatid":"gen9nationaldex","rating":1258,"private":0,"password":""}