{"id":"gen9nationaldex-1989169871","p1":"rokabibee","p2":"European G1ovanni","format":"[Gen 9] National Dex","log":"|j|\u2606rokabibee\n|j|\u2606European G1ovanni\n|t:|1699819602\n|gametype|singles\n|player|p1|rokabibee|dawn|1298\n|player|p2|European G1ovanni|veteran|1329\n|teamsize|p1|6\n|teamsize|p2|6\n|gen|9\n|tier|[Gen 9] National Dex\n|rated|\n|rule|HP Percentage Mod: HP is shown in percentages\n|rule|Endless Battle Clause: Forcing endless battles is banned\n|rule|OHKO Clause: OHKO moves are banned\n|rule|Evasion Clause: Evasion abilities, items, and moves are banned\n|rule|Evasion Abilities Clause: Evasion abilities are banned\n|rule|Evasion Items Clause: Evasion items are banned\n|rule|Evasion Moves Clause: Evasion moves are banned\n|rule|Species Clause: Limit one of each Pok\u00e9mon\n|rule|Sleep Clause Mod: Limit one foe put to sleep\n|clearpoke\n|poke|p1|Ninetales-Alola, F|\n|poke|p1|Ogerpon-Wellspring, F|\n|poke|p1|Hatterene, F|\n|poke|p1|Banette, F|\n|poke|p1|Volcarona, M|\n|poke|p1|Garganacl, F|\n|poke|p2|Banette, M|\n|poke|p2|Urshifu-*, M|\n|poke|p2|Kommo-o, M|\n|poke|p2|Greninja-*, M|\n|poke|p2|Kartana|\n|poke|p2|Great Tusk|\n|teampreview\n|inactive|Battle timer is ON: inactive players will automatically lose when time's up. (requested by European G1ovanni)\n|\n|t:|1699819625\n|start\n|switch|p1a: Ninetales|Ninetales-Alola, F|100\/100\n|switch|p2a: Banette|Banette, M|100\/100\n|-weather|Snow|[from] ability: Snow Warning|[of] p1a: Ninetales\n|-item|p1a: Ninetales|Light Clay|[from] ability: Frisk|[of] p2a: Banette|[identify]\n|turn|1\n|\n|t:|1699819640\n|detailschange|p2a: Banette|Banette-Mega, M\n|-mega|p2a: Banette|Banette|Banettite\n|move|p1a: Ninetales|Aurora Veil|p1a: Ninetales\n|-sidestart|p1: rokabibee|move: Aurora Veil\n|move|p2a: Banette|Knock Off|p1a: Ninetales\n|-resisted|p1a: Ninetales\n|-damage|p1a: Ninetales|91\/100\n|-enditem|p1a: Ninetales|Light Clay|[from] move: Knock Off|[of] p2a: Banette\n|\n|-weather|Snow|[upkeep]\n|upkeep\n|turn|2\n|\n|t:|1699819649\n|switch|p1a: Ogerpon|Ogerpon-Wellspring, F|100\/100\n|move|p2a: Banette|Encore||[still]\n|-fail|p2a: Banette\n|\n|-weather|Snow|[upkeep]\n|upkeep\n|turn|3\n|\n|t:|1699819656\n|move|p1a: Ogerpon|Ivy Cudgel|p2a: Banette\n|-crit|p2a: Banette\n|-damage|p2a: Banette|0 fnt\n|faint|p2a: Banette\n|\n|-weather|Snow|[upkeep]\n|upkeep\n|\n|t:|1699819682\n|switch|p2a: Kartana|Kartana|100\/100\n|turn|4\n|\n|t:|1699819695\n|switch|p1a: Volcarona|Volcarona, M|100\/100\n|move|p2a: Kartana|Knock Off|p1a: Volcarona\n|-damage|p1a: Volcarona|69\/100\n|-enditem|p1a: Volcarona|Heavy-Duty Boots|[from] move: Knock Off|[of] p2a: Kartana\n|\n|-weather|Snow|[upkeep]\n|upkeep\n|turn|5\n|\n|t:|1699819709\n|switch|p2a: Greninja|Greninja, M|100\/100\n|move|p1a: Volcarona|Quiver Dance|p1a: Volcarona\n|-boost|p1a: Volcarona|spa|1\n|-boost|p1a: Volcarona|spd|1\n|-boost|p1a: Volcarona|spe|1\n|\n|-weather|none\n|upkeep\n|turn|6\n|\n|t:|1699819717\n|move|p2a: Greninja|Water Shuriken|p1a: Volcarona\n|-supereffective|p1a: Volcarona\n|-damage|p1a: Volcarona|62\/100\n|-supereffective|p1a: Volcarona\n|-damage|p1a: Volcarona|55\/100\n|-hitcount|p1a: Volcarona|2\n|-damage|p2a: Greninja|91\/100|[from] item: Life Orb\n|move|p1a: Volcarona|Giga Drain|p2a: Greninja\n|-supereffective|p2a: Greninja\n|-damage|p2a: Greninja|0 fnt\n|-heal|p1a: Volcarona|97\/100|[from] drain|[of] p2a: Greninja\n|faint|p2a: Greninja\n|\n|upkeep\n|n|!European G1ovanni|europeang1ovanni\n|inactive|European G1ovanni has 120 seconds left.\n|-message|European G1ovanni forfeited.\n|\n|win|rokabibee\n|raw|rokabibee's rating: 1298 &rarr; <strong>1325<\/strong><br \/>(+27 for winning)\n|raw|European G1ovanni's rating: 1329 &rarr; <strong>1307<\/strong><br \/>(-22 for losing)\n|l|!European G1ovanni\n","uploadtime":1699819732,"views":4,"p1id":"rokabibee","p2id":"europeang1ovanni","formatid":"gen9nationaldex","rating":1307,"private":0,"password":""}