{"id":"gen9nationaldex-1998198498","p1":"jcena007","p2":"lifegoeson123","format":"[Gen 9] National Dex","log":"|html|<div class=\"broadcast-blue\"><strong>[Gen 9] National Dex is currently suspecting Sneasler! For information on how to participate check out the <a href=\"https:\/\/www.smogon.com\/forums\/threads\/sv-national-dex-suspect-8-just-dance.3731534\/\">suspect thread<\/a>.<\/strong><\/div>\n|j|\u2606jcena007\n|j|\u2606lifegoeson123\n|t:|1700911077\n|gametype|singles\n|player|p1|jcena007|bruno|1432\n|player|p2|lifegoeson123|richboy|1475\n|teamsize|p1|6\n|teamsize|p2|6\n|gen|9\n|tier|[Gen 9] National Dex\n|rated|\n|rule|HP Percentage Mod: HP is shown in percentages\n|rule|Endless Battle Clause: Forcing endless battles is banned\n|rule|OHKO Clause: OHKO moves are banned\n|rule|Evasion Clause: Evasion abilities, items, and moves are banned\n|rule|Evasion Abilities Clause: Evasion abilities are banned\n|rule|Evasion Items Clause: Evasion items are banned\n|rule|Evasion Moves Clause: Evasion moves are banned\n|rule|Species Clause: Limit one of each Pok\u00e9mon\n|rule|Sleep Clause Mod: Limit one foe put to sleep\n|clearpoke\n|poke|p1|Garganacl, F|\n|poke|p1|Skeledirge, M|\n|poke|p1|Ribombee, M|\n|poke|p1|Gallade, M|\n|poke|p1|Crawdaunt, F|\n|poke|p1|Tsareena, F|\n|poke|p2|Pelipper, F|\n|poke|p2|Swampert, F|\n|poke|p2|Kingdra, F|\n|poke|p2|Ferrothorn, M|\n|poke|p2|Zapdos|\n|poke|p2|Hatterene, F|\n|teampreview\n|inactive|Battle timer is ON: inactive players will automatically lose when time's up. (requested by lifegoeson123)\n|\n|t:|1700911118\n|start\n|switch|p1a: Eugene Krabs|Crawdaunt, F|100\/100\n|switch|p2a: Ferrothorn|Ferrothorn, M|100\/100\n|turn|1\n|\n|t:|1700911131\n|switch|p1a: king slayer|Tsareena, F|100\/100\n|move|p2a: Ferrothorn|Protect||[still]\n|-fail|p2a: Ferrothorn\n|\n|upkeep\n|turn|2\n|\n|t:|1700911138\n|move|p1a: king slayer|High Jump Kick|p2a: Ferrothorn\n|-supereffective|p2a: Ferrothorn\n|-damage|p2a: Ferrothorn|45\/100\n|-damage|p1a: king slayer|88\/100|[from] ability: Iron Barbs|[of] p2a: Ferrothorn\n|move|p2a: Ferrothorn|Gyro Ball|p1a: king slayer\n|-damage|p1a: king slayer|34\/100\n|\n|-heal|p2a: Ferrothorn|52\/100|[from] item: Leftovers\n|upkeep\n|turn|3\n|\n|t:|1700911147\n|move|p2a: Ferrothorn|Protect|p2a: Ferrothorn\n|-singleturn|p2a: Ferrothorn|Protect\n|move|p1a: king slayer|Trop Kick|p2a: Ferrothorn\n|-activate|p2a: Ferrothorn|move: Protect\n|\n|-heal|p2a: Ferrothorn|58\/100|[from] item: Leftovers\n|upkeep\n|turn|4\n|\n|t:|1700911155\n|move|p1a: king slayer|High Jump Kick|p2a: Ferrothorn\n|-supereffective|p2a: Ferrothorn\n|-damage|p2a: Ferrothorn|0 fnt\n|-damage|p1a: king slayer|21\/100|[from] ability: Iron Barbs|[of] p2a: Ferrothorn\n|faint|p2a: Ferrothorn\n|\n|upkeep\n|\n|t:|1700911165\n|switch|p2a: Pelipper|Pelipper, F|100\/100\n|-weather|RainDance|[from] ability: Drizzle|[of] p2a: Pelipper\n|turn|5\n|\n|t:|1700911172\n|move|p1a: king slayer|Triple Axel|p2a: Pelipper\n|-damage|p2a: Pelipper|95\/100\n|-hitcount|p2a: Pelipper|1\n|move|p2a: Pelipper|U-turn|p1a: king slayer\n|-supereffective|p1a: king slayer\n|-damage|p1a: king slayer|2\/100\n|\n|t:|1700911183\n|switch|p2a: Swampert|Swampert, F|100\/100|[from] U-turn\n|\n|-weather|RainDance|[upkeep]\n|upkeep\n|turn|6\n|\n|t:|1700911189\n|detailschange|p2a: Swampert|Swampert-Mega, F\n|-mega|p2a: Swampert|Swampert|Swampertite\n|move|p2a: Swampert|Liquidation|p1a: king slayer\n|-resisted|p1a: king slayer\n|-damage|p1a: king slayer|0 fnt\n|faint|p1a: king slayer\n|\n|-weather|RainDance|[upkeep]\n|upkeep\n|\n|t:|1700911203\n|switch|p1a: Eugene Krabs|Crawdaunt, F|100\/100\n|turn|7\n|\n|t:|1700911212\n|switch|p2a: Zapdos|Zapdos|100\/100\n|move|p1a: Eugene Krabs|Liquidation|p2a: Zapdos\n|-damage|p2a: Zapdos|40\/100\n|-status|p1a: Eugene Krabs|par|[from] ability: Static|[of] p2a: Zapdos\n|\n|-weather|RainDance|[upkeep]\n|upkeep\n|turn|8\n|\n|t:|1700911224\n|move|p2a: Zapdos|Thunder|p1a: Eugene Krabs\n|-supereffective|p1a: Eugene Krabs\n|-enditem|p1a: Eugene Krabs|Focus Sash\n|-damage|p1a: Eugene Krabs|1\/100 par\n|move|p1a: Eugene Krabs|Liquidation|p2a: Zapdos\n|-damage|p2a: Zapdos|0 fnt\n|faint|p2a: Zapdos\n|\n|-weather|RainDance|[upkeep]\n|upkeep\n|\n|t:|1700911240\n|switch|p2a: Swampert|Swampert-Mega, F|100\/100\n|turn|9\n|\n|t:|1700911244\n|move|p1a: Eugene Krabs|Aqua Jet|p2a: Swampert\n|-damage|p2a: Swampert|66\/100\n|move|p2a: Swampert|Liquidation|p1a: Eugene Krabs\n|-resisted|p1a: Eugene Krabs\n|-damage|p1a: Eugene Krabs|0 fnt\n|faint|p1a: Eugene Krabs\n|\n|-weather|RainDance|[upkeep]\n|upkeep\n|\n|t:|1700911259\n|switch|p1a: webs|Ribombee, M|100\/100\n|turn|10\n|\n|t:|1700911283\n|switch|p2a: Hatterene|Hatterene, F|100\/100\n|move|p1a: webs|Moonblast|p2a: Hatterene\n|-damage|p2a: Hatterene|58\/100\n|\n|-weather|RainDance|[upkeep]\n|-heal|p2a: Hatterene|64\/100|[from] item: Leftovers\n|upkeep\n|turn|11\n|\n|t:|1700911313\n|move|p1a: webs|Quiver Dance|p1a: webs\n|-boost|p1a: webs|spa|1\n|-boost|p1a: webs|spd|1\n|-boost|p1a: webs|spe|1\n|move|p2a: Hatterene|Nuzzle|p1a: webs\n|-damage|p1a: webs|93\/100\n|\n|-weather|RainDance|[upkeep]\n|-heal|p2a: Hatterene|70\/100|[from] item: Leftovers\n|upkeep\n|turn|12\n|\n|t:|1700911326\n|move|p1a: webs|Moonblast|p2a: Hatterene\n|-damage|p2a: Hatterene|10\/100\n|move|p2a: Hatterene|Calm Mind|p2a: Hatterene\n|-boost|p2a: Hatterene|spa|1\n|-boost|p2a: Hatterene|spd|1\n|\n|-weather|none\n|-heal|p2a: Hatterene|16\/100|[from] item: Leftovers\n|upkeep\n|turn|13\n|\n|t:|1700911334\n|move|p1a: webs|Moonblast|p2a: Hatterene\n|-damage|p2a: Hatterene|0 fnt\n|faint|p2a: Hatterene\n|\n|upkeep\n|\n|t:|1700911342\n|switch|p2a: Pelipper|Pelipper, F|95\/100\n|-weather|RainDance|[from] ability: Drizzle|[of] p2a: Pelipper\n|turn|14\n|\n|t:|1700911359\n|-terastallize|p2a: Pelipper|Steel\n|move|p1a: webs|Moonblast|p2a: Pelipper\n|-resisted|p2a: Pelipper\n|-damage|p2a: Pelipper|50\/100\n|move|p2a: Pelipper|U-turn|p1a: webs\n|-resisted|p1a: webs\n|-damage|p1a: webs|84\/100\n|\n|t:|1700911368\n|switch|p2a: Swampert|Swampert-Mega, F|66\/100|[from] U-turn\n|\n|-weather|RainDance|[upkeep]\n|upkeep\n|turn|15\n|\n|t:|1700911377\n|move|p1a: webs|Moonblast|p2a: Swampert\n|-damage|p2a: Swampert|13\/100\n|-unboost|p2a: Swampert|spa|1\n|move|p2a: Swampert|Liquidation|p1a: webs\n|-damage|p1a: webs|0 fnt\n|faint|p1a: webs\n|\n|-weather|RainDance|[upkeep]\n|upkeep\n|\n|t:|1700911392\n|switch|p1a: it sings?!|Skeledirge, M|100\/100\n|turn|16\n|\n|t:|1700911399\n|-terastallize|p1a: it sings?!|Grass\n|move|p2a: Swampert|Liquidation|p1a: it sings?!\n|-resisted|p1a: it sings?!\n|-damage|p1a: it sings?!|61\/100\n|-unboost|p1a: it sings?!|def|1\n|move|p1a: it sings?!|Tera Blast|p2a: Swampert|[anim] Tera Blast Grass\n|-supereffective|p2a: Swampert\n|-damage|p2a: Swampert|0 fnt\n|faint|p2a: Swampert\n|\n|-weather|RainDance|[upkeep]\n|-heal|p1a: it sings?!|67\/100|[from] item: Leftovers\n|upkeep\n|\n|t:|1700911402\n|switch|p2a: Kingdra|Kingdra, F|100\/100\n|turn|17\n|\n|t:|1700911411\n|move|p2a: Kingdra|Hurricane|p1a: it sings?!\n|-supereffective|p1a: it sings?!\n|-damage|p1a: it sings?!|0 fnt\n|faint|p1a: it sings?!\n|\n|-weather|RainDance|[upkeep]\n|upkeep\n|\n|t:|1700911417\n|switch|p1a: Rage Quit?|Garganacl, F|100\/100\n|turn|18\n|\n|t:|1700911423\n|switch|p2a: Pelipper|Pelipper, F, tera:Steel|50\/100\n|move|p1a: Rage Quit?|Salt Cure|p2a: Pelipper\n|-resisted|p2a: Pelipper\n|-damage|p2a: Pelipper|45\/100\n|-start|p2a: Pelipper|Salt Cure\n|\n|-weather|RainDance|[upkeep]\n|-damage|p2a: Pelipper|20\/100|[from] Salt Cure\n|upkeep\n|turn|19\n|\n|t:|1700911432\n|switch|p2a: Kingdra|Kingdra, F|100\/100\n|move|p1a: Rage Quit?|Iron Defense|p1a: Rage Quit?\n|-boost|p1a: Rage Quit?|def|2\n|\n|-weather|RainDance|[upkeep]\n|upkeep\n|turn|20\n|\n|t:|1700911442\n|move|p2a: Kingdra|Hydro Pump|p1a: Rage Quit?\n|-supereffective|p1a: Rage Quit?\n|-damage|p1a: Rage Quit?|0 fnt\n|faint|p1a: Rage Quit?\n|\n|-weather|RainDance|[upkeep]\n|upkeep\n|\n|t:|1700911447\n|switch|p1a: edgey|Gallade, M|100\/100\n|turn|21\n|\n|t:|1700911456\n|move|p2a: Kingdra|Hydro Pump|p1a: edgey\n|-damage|p1a: edgey|0 fnt\n|faint|p1a: edgey\n|\n|win|lifegoeson123\n|raw|jcena007's rating: 1432 &rarr; <strong>1414<\/strong><br \/>(-18 for losing)\n|raw|lifegoeson123's rating: 1475 &rarr; <strong>1493<\/strong><br \/>(+18 for winning)\n|l|\u2606jcena007\n","uploadtime":1700911466,"views":0,"p1id":"jcena007","p2id":"lifegoeson123","formatid":"gen9nationaldex","rating":1414,"private":0,"password":""}