{"id":"gen9nationaldex-1988823503","p1":"pmJZS","p2":"jimothybeiners","format":"[Gen 9] National Dex","log":"|j|\u2606pmJZS\n|j|\u2606jimothybeiners\n|t:|1699768563\n|gametype|singles\n|player|p1|pmJZS|colress|1401\n|player|p2|jimothybeiners|burglar|1426\n|teamsize|p1|6\n|teamsize|p2|6\n|gen|9\n|tier|[Gen 9] National Dex\n|rated|\n|rule|HP Percentage Mod: HP is shown in percentages\n|rule|Endless Battle Clause: Forcing endless battles is banned\n|rule|OHKO Clause: OHKO moves are banned\n|rule|Evasion Clause: Evasion abilities, items, and moves are banned\n|rule|Evasion Abilities Clause: Evasion abilities are banned\n|rule|Evasion Items Clause: Evasion items are banned\n|rule|Evasion Moves Clause: Evasion moves are banned\n|rule|Species Clause: Limit one of each Pok\u00e9mon\n|rule|Sleep Clause Mod: Limit one foe put to sleep\n|clearpoke\n|poke|p1|Serperior, F|\n|poke|p1|Mawile, F|\n|poke|p1|Victini|\n|poke|p1|Sneasler, F|\n|poke|p1|Tapu Koko|\n|poke|p1|Landorus-Therian, M|\n|poke|p2|Azelf|\n|poke|p2|Banette, F|\n|poke|p2|Ting-Lu|\n|poke|p2|Thundurus-Therian, M|\n|poke|p2|Gliscor, M|\n|poke|p2|Nihilego|\n|teampreview\n|\n|t:|1699768578\n|start\n|switch|p1a: \u571f\u732b|Landorus-Therian, M|100\/100\n|switch|p2a: Ting-Lu|Ting-Lu|100\/100\n|-ability|p1a: \u571f\u732b|Intimidate|boost\n|-unboost|p2a: Ting-Lu|atk|1\n|-ability|p2a: Ting-Lu|Vessel of Ruin\n|turn|1\n|\n|t:|1699768590\n|move|p1a: \u571f\u732b|Stealth Rock|p2a: Ting-Lu\n|-sidestart|p2: jimothybeiners|move: Stealth Rock\n|move|p2a: Ting-Lu|Throat Chop|p1a: \u571f\u732b\n|-damage|p1a: \u571f\u732b|71\/100\n|-start|p1a: \u571f\u732b|Throat Chop|[silent]\n|-damage|p2a: Ting-Lu|84\/100|[from] item: Rocky Helmet|[of] p1a: \u571f\u732b\n|\n|upkeep\n|turn|2\n|\n|t:|1699768604\n|move|p1a: \u571f\u732b|U-turn|p2a: Ting-Lu\n|-supereffective|p2a: Ting-Lu\n|-damage|p2a: Ting-Lu|61\/100\n|\n|t:|1699768607\n|switch|p1a: \u95ea\u7535\u9e1f|Tapu Koko|100\/100|[from] U-turn\n|-fieldstart|move: Electric Terrain|[from] ability: Electric Surge|[of] p1a: \u95ea\u7535\u9e1f\n|move|p2a: Ting-Lu|Throat Chop|p1a: \u95ea\u7535\u9e1f\n|-resisted|p1a: \u95ea\u7535\u9e1f\n|-damage|p1a: \u95ea\u7535\u9e1f|73\/100\n|-start|p1a: \u95ea\u7535\u9e1f|Throat Chop|[silent]\n|\n|upkeep\n|turn|3\n|\n|t:|1699768611\n|move|p1a: \u95ea\u7535\u9e1f|Grass Knot|p2a: Ting-Lu\n|-supereffective|p2a: Ting-Lu\n|-damage|p2a: Ting-Lu|17\/100\n|move|p2a: Ting-Lu|Throat Chop|p1a: \u95ea\u7535\u9e1f\n|-resisted|p1a: \u95ea\u7535\u9e1f\n|-damage|p1a: \u95ea\u7535\u9e1f|44\/100\n|\n|-end|p1a: \u95ea\u7535\u9e1f|Throat Chop|[silent]\n|upkeep\n|turn|4\n|\n|t:|1699768621\n|move|p1a: \u95ea\u7535\u9e1f|Grass Knot|p2a: Ting-Lu\n|-supereffective|p2a: Ting-Lu\n|-damage|p2a: Ting-Lu|0 fnt\n|faint|p2a: Ting-Lu\n|\n|upkeep\n|\n|t:|1699768637\n|switch|p2a: Azelf|Azelf|100\/100\n|-damage|p2a: Azelf|88\/100|[from] Stealth Rock\n|turn|5\n|\n|t:|1699768643\n|move|p2a: Azelf|Psychic|p1a: \u95ea\u7535\u9e1f\n|-damage|p1a: \u95ea\u7535\u9e1f|0 fnt\n|faint|p1a: \u95ea\u7535\u9e1f\n|\n|upkeep\n|\n|t:|1699768647\n|switch|p1a: \u5927\u732b\u54aa|Sneasler, F|100\/100\n|-enditem|p1a: \u5927\u732b\u54aa|Electric Seed\n|-boost|p1a: \u5927\u732b\u54aa|def|1|[from] item: Electric Seed\n|turn|6\n|\n|t:|1699768657\n|switch|p2a: Gliscor|Gliscor, M, shiny|100\/100\n|-damage|p2a: Gliscor|88\/100|[from] Stealth Rock\n|-terastallize|p1a: \u5927\u732b\u54aa|Flying\n|move|p1a: \u5927\u732b\u54aa|Acrobatics|p2a: Gliscor\n|-damage|p2a: Gliscor|45\/100\n|\n|-fieldend|move: Electric Terrain\n|-status|p2a: Gliscor|tox|[from] item: Toxic Orb\n|upkeep\n|turn|7\n|\n|t:|1699768670\n|move|p2a: Gliscor|Protect|p2a: Gliscor\n|-singleturn|p2a: Gliscor|Protect\n|move|p1a: \u5927\u732b\u54aa|Acrobatics|p2a: Gliscor\n|-activate|p2a: Gliscor|move: Protect\n|\n|-heal|p2a: Gliscor|58\/100 tox|[from] ability: Poison Heal\n|upkeep\n|turn|8\n|\n|t:|1699768675\n|move|p1a: \u5927\u732b\u54aa|Acrobatics|p2a: Gliscor\n|-damage|p2a: Gliscor|18\/100 tox\n|move|p2a: Gliscor|Roost|p2a: Gliscor\n|-heal|p2a: Gliscor|68\/100 tox\n|-singleturn|p2a: Gliscor|move: Roost\n|\n|-heal|p2a: Gliscor|80\/100 tox|[from] ability: Poison Heal\n|upkeep\n|turn|9\n|\n|t:|1699768683\n|move|p1a: \u5927\u732b\u54aa|Swords Dance|p1a: \u5927\u732b\u54aa\n|-boost|p1a: \u5927\u732b\u54aa|atk|2\n|move|p2a: Gliscor|Knock Off|p1a: \u5927\u732b\u54aa\n|-damage|p1a: \u5927\u732b\u54aa|85\/100\n|\n|-heal|p2a: Gliscor|93\/100 tox|[from] ability: Poison Heal\n|upkeep\n|turn|10\n|\n|t:|1699768688\n|move|p1a: \u5927\u732b\u54aa|Swords Dance|p1a: \u5927\u732b\u54aa\n|-boost|p1a: \u5927\u732b\u54aa|atk|2\n|move|p2a: Gliscor|Roost|p2a: Gliscor\n|-heal|p2a: Gliscor|100\/100 tox\n|-singleturn|p2a: Gliscor|move: Roost\n|\n|upkeep\n|turn|11\n|\n|t:|1699768692\n|move|p1a: \u5927\u732b\u54aa|Acrobatics|p2a: Gliscor\n|-damage|p2a: Gliscor|0 fnt\n|faint|p2a: Gliscor\n|\n|upkeep\n|\n|t:|1699768696\n|switch|p2a: Banette|Banette, F|100\/100\n|-damage|p2a: Banette|88\/100|[from] Stealth Rock\n|turn|12\n|\n|t:|1699768705\n|detailschange|p2a: Banette|Banette-Mega, F\n|-mega|p2a: Banette|Banette|Banettite\n|move|p2a: Banette|Destiny Bond|p2a: Banette\n|-singlemove|p2a: Banette|Destiny Bond\n|move|p1a: \u5927\u732b\u54aa|Swords Dance|p1a: \u5927\u732b\u54aa\n|-boost|p1a: \u5927\u732b\u54aa|atk|2\n|\n|upkeep\n|turn|13\n|\n|t:|1699768711\n|move|p2a: Banette|Encore|p1a: \u5927\u732b\u54aa\n|-start|p1a: \u5927\u732b\u54aa|Encore\n|move|p1a: \u5927\u732b\u54aa|Swords Dance|p1a: \u5927\u732b\u54aa\n|-boost|p1a: \u5927\u732b\u54aa|atk|0\n|\n|upkeep\n|turn|14\n|\n|t:|1699768715\n|move|p1a: \u5927\u732b\u54aa|Swords Dance|p1a: \u5927\u732b\u54aa\n|-boost|p1a: \u5927\u732b\u54aa|atk|0\n|move|p2a: Banette|Poltergeist||[still]\n|-fail|p2a: Banette\n|\n|upkeep\n|turn|15\n|\n|t:|1699768720\n|move|p2a: Banette|Destiny Bond|p2a: Banette\n|-singlemove|p2a: Banette|Destiny Bond\n|move|p1a: \u5927\u732b\u54aa|Swords Dance|p1a: \u5927\u732b\u54aa\n|-boost|p1a: \u5927\u732b\u54aa|atk|0\n|\n|-end|p1a: \u5927\u732b\u54aa|Encore\n|upkeep\n|turn|16\n|\n|t:|1699768729\n|move|p2a: Banette|Encore|p1a: \u5927\u732b\u54aa\n|-start|p1a: \u5927\u732b\u54aa|Encore\n|move|p1a: \u5927\u732b\u54aa|Swords Dance|p1a: \u5927\u732b\u54aa\n|-boost|p1a: \u5927\u732b\u54aa|atk|0\n|\n|upkeep\n|turn|17\n|\n|t:|1699768733\n|switch|p1a: \u571f\u732b|Landorus-Therian, M|71\/100\n|-ability|p1a: \u571f\u732b|Intimidate|boost\n|-unboost|p2a: Banette|atk|1\n|move|p2a: Banette|Shadow Sneak|p1a: \u571f\u732b\n|-damage|p1a: \u571f\u732b|58\/100\n|-damage|p2a: Banette|72\/100|[from] item: Rocky Helmet|[of] p1a: \u571f\u732b\n|\n|upkeep\n|turn|18\n|\n|t:|1699768744\n|switch|p2a: Azelf|Azelf|88\/100\n|-damage|p2a: Azelf|76\/100|[from] Stealth Rock\n|move|p1a: \u571f\u732b|Hidden Power|p2a: Azelf\n|-damage|p2a: Azelf|57\/100\n|\n|upkeep\n|turn|19\n|\n|t:|1699768753\n|move|p2a: Azelf|Psychic|p1a: \u571f\u732b\n|-damage|p1a: \u571f\u732b|6\/100\n|-unboost|p1a: \u571f\u732b|spd|1\n|move|p1a: \u571f\u732b|U-turn|p2a: Azelf\n|-supereffective|p2a: Azelf\n|-damage|p2a: Azelf|0 fnt\n|faint|p2a: Azelf\n|\n|t:|1699768775\n|switch|p1a: \u86c7\u86c7|Serperior, F|100\/100|[from] U-turn\n|\n|upkeep\n|\n|t:|1699768778\n|switch|p2a: Nihilego|Nihilego, shiny|100\/100\n|-damage|p2a: Nihilego|88\/100|[from] Stealth Rock\n|turn|20\n|\n|t:|1699768783\n|move|p1a: \u86c7\u86c7|Glare|p2a: Nihilego\n|-status|p2a: Nihilego|par\n|cant|p2a: Nihilego|par\n|\n|upkeep\n|turn|21\n|\n|t:|1699768786\n|move|p1a: \u86c7\u86c7|Substitute|p1a: \u86c7\u86c7\n|-start|p1a: \u86c7\u86c7|Substitute\n|-damage|p1a: \u86c7\u86c7|76\/100\n|move|p2a: Nihilego|Sludge Wave|p1a: \u86c7\u86c7\n|-supereffective|p1a: \u86c7\u86c7\n|-end|p1a: \u86c7\u86c7|Substitute\n|\n|-heal|p1a: \u86c7\u86c7|82\/100|[from] item: Leftovers\n|upkeep\n|turn|22\n|\n|t:|1699768791\n|move|p1a: \u86c7\u86c7|Substitute|p1a: \u86c7\u86c7\n|-start|p1a: \u86c7\u86c7|Substitute\n|-damage|p1a: \u86c7\u86c7|57\/100\n|move|p2a: Nihilego|Sludge Wave|p1a: \u86c7\u86c7\n|-supereffective|p1a: \u86c7\u86c7\n|-end|p1a: \u86c7\u86c7|Substitute\n|\n|-heal|p1a: \u86c7\u86c7|63\/100|[from] item: Leftovers\n|upkeep\n|turn|23\n|\n|t:|1699768796\n|switch|p1a: \u53cc\u9a6c\u5c3e|Mawile, F, shiny|100\/100\n|-ability|p1a: \u53cc\u9a6c\u5c3e|Intimidate|boost\n|-unboost|p2a: Nihilego|atk|1\n|switch|p2a: Banette|Banette-Mega, F|72\/100\n|-damage|p2a: Banette|59\/100|[from] Stealth Rock\n|\n|upkeep\n|turn|24\n|\n|t:|1699768806\n|switch|p1a: \u571f\u732b|Landorus-Therian, M|6\/100\n|-ability|p1a: \u571f\u732b|Intimidate|boost\n|-unboost|p2a: Banette|atk|1\n|move|p2a: Banette|Destiny Bond|p2a: Banette\n|-singlemove|p2a: Banette|Destiny Bond\n|\n|upkeep\n|turn|25\n|\n|t:|1699768815\n|move|p2a: Banette|Shadow Sneak|p1a: \u571f\u732b\n|-damage|p1a: \u571f\u732b|0 fnt\n|-damage|p2a: Banette|43\/100|[from] item: Rocky Helmet|[of] p1a: \u571f\u732b\n|faint|p1a: \u571f\u732b\n|\n|upkeep\n|\n|t:|1699768820\n|switch|p1a: \u86c7\u86c7|Serperior, F|63\/100\n|turn|26\n|\n|t:|1699768824\n|move|p1a: \u86c7\u86c7|Glare|p2a: Banette\n|-status|p2a: Banette|par\n|move|p2a: Banette|Poltergeist|p1a: \u86c7\u86c7|[miss]\n|-miss|p2a: Banette|p1a: \u86c7\u86c7\n|\n|-heal|p1a: \u86c7\u86c7|69\/100|[from] item: Leftovers\n|upkeep\n|turn|27\n|\n|t:|1699768833\n|move|p2a: Banette|Destiny Bond|p2a: Banette\n|-singlemove|p2a: Banette|Destiny Bond\n|move|p1a: \u86c7\u86c7|Substitute|p1a: \u86c7\u86c7\n|-start|p1a: \u86c7\u86c7|Substitute\n|-damage|p1a: \u86c7\u86c7|44\/100\n|\n|-heal|p1a: \u86c7\u86c7|51\/100|[from] item: Leftovers\n|upkeep\n|turn|28\n|\n|t:|1699768836\n|move|p2a: Banette|Encore|p1a: \u86c7\u86c7\n|-start|p1a: \u86c7\u86c7|Encore\n|move|p1a: \u86c7\u86c7|Substitute|p1a: \u86c7\u86c7\n|-fail|p1a: \u86c7\u86c7|move: Substitute\n|\n|-heal|p1a: \u86c7\u86c7|57\/100|[from] item: Leftovers\n|upkeep\n|turn|29\n|\n|t:|1699768840\n|move|p1a: \u86c7\u86c7|Substitute|p1a: \u86c7\u86c7\n|-fail|p1a: \u86c7\u86c7|move: Substitute\n|move|p2a: Banette|Poltergeist|p1a: \u86c7\u86c7\n|-activate|p1a: \u86c7\u86c7|move: Poltergeist|Leftovers\n|-end|p1a: \u86c7\u86c7|Substitute\n|\n|-heal|p1a: \u86c7\u86c7|63\/100|[from] item: Leftovers\n|upkeep\n|turn|30\n|\n|t:|1699768846\n|move|p2a: Banette|Destiny Bond|p2a: Banette\n|-singlemove|p2a: Banette|Destiny Bond\n|move|p1a: \u86c7\u86c7|Substitute|p1a: \u86c7\u86c7\n|-start|p1a: \u86c7\u86c7|Substitute\n|-damage|p1a: \u86c7\u86c7|38\/100\n|\n|-heal|p1a: \u86c7\u86c7|44\/100|[from] item: Leftovers\n|-end|p1a: \u86c7\u86c7|Encore\n|upkeep\n|turn|31\n|\n|t:|1699768854\n|cant|p2a: Banette|par\n|move|p1a: \u86c7\u86c7|Leaf Storm|p2a: Banette\n|-damage|p2a: Banette|0 fnt\n|-boost|p1a: \u86c7\u86c7|spa|2\n|faint|p2a: Banette\n|\n|-heal|p1a: \u86c7\u86c7|51\/100|[from] item: Leftovers\n|upkeep\n|\n|t:|1699768858\n|switch|p2a: Nihilego|Nihilego, shiny|88\/100 par\n|-damage|p2a: Nihilego|76\/100 par|[from] Stealth Rock\n|turn|32\n|\n|t:|1699768865\n|move|p1a: \u86c7\u86c7|Leaf Storm|p2a: Nihilego\n|-damage|p2a: Nihilego|35\/100 par\n|-boost|p1a: \u86c7\u86c7|spa|2\n|cant|p2a: Nihilego|par\n|\n|-heal|p1a: \u86c7\u86c7|57\/100|[from] item: Leftovers\n|upkeep\n|turn|33\n|\n|t:|1699768871\n|move|p1a: \u86c7\u86c7|Leaf Storm|p2a: Nihilego\n|-damage|p2a: Nihilego|0 fnt\n|-boost|p1a: \u86c7\u86c7|spa|2\n|faint|p2a: Nihilego\n|\n|-heal|p1a: \u86c7\u86c7|63\/100|[from] item: Leftovers\n|upkeep\n|\n|t:|1699768873\n|switch|p2a: Thundurus|Thundurus-Therian, M|100\/100\n|-damage|p2a: Thundurus|76\/100|[from] Stealth Rock\n|turn|34\n|\n|t:|1699768880\n|move|p1a: \u86c7\u86c7|Leaf Storm|p2a: Thundurus\n|-resisted|p2a: Thundurus\n|-damage|p2a: Thundurus|0 fnt\n|faint|p2a: Thundurus\n|\n|win|pmJZS\n|raw|pmJZS's rating: 1401 &rarr; <strong>1422<\/strong><br \/>(+21 for winning)\n|raw|jimothybeiners's rating: 1426 &rarr; <strong>1405<\/strong><br \/>(-21 for losing)\n|l|\u2606jimothybeiners\n","uploadtime":1699768888,"views":4,"p1id":"pmjzs","p2id":"jimothybeiners","formatid":"gen9nationaldex","rating":1405,"private":0,"password":""}