{"id":"gen9nationaldex-1999687383","p1":"Tiger yogurts","p2":"NDSNEZ yippee","format":"[Gen 9] National Dex","log":"|html|<div class=\"broadcast-blue\"><strong>[Gen 9] National Dex is currently suspecting Sneasler! For information on how to participate check out the <a href=\"https:\/\/www.smogon.com\/forums\/threads\/sv-national-dex-suspect-8-just-dance.3731534\/\">suspect thread<\/a>.<\/strong><\/div>\n|j|\u2606Tiger yogurts\n|j|\u2606NDSNEZ yippee\n|t:|1701107861\n|gametype|singles\n|player|p1|Tiger yogurts|cynthia-gen4|1331\n|player|p2|NDSNEZ yippee|az|1454\n|teamsize|p1|6\n|teamsize|p2|6\n|gen|9\n|tier|[Gen 9] National Dex\n|rated|\n|rule|HP Percentage Mod: HP is shown in percentages\n|rule|Endless Battle Clause: Forcing endless battles is banned\n|rule|OHKO Clause: OHKO moves are banned\n|rule|Evasion Clause: Evasion abilities, items, and moves are banned\n|rule|Evasion Abilities Clause: Evasion abilities are banned\n|rule|Evasion Items Clause: Evasion items are banned\n|rule|Evasion Moves Clause: Evasion moves are banned\n|rule|Species Clause: Limit one of each Pok\u00e9mon\n|rule|Sleep Clause Mod: Limit one foe put to sleep\n|clearpoke\n|poke|p1|Iron Valiant|\n|poke|p1|Rotom-Wash|\n|poke|p1|Banette, F|\n|poke|p1|Sneasler, M|\n|poke|p1|Tapu Koko|\n|poke|p1|Kartana|\n|poke|p2|Landorus-Therian, M|\n|poke|p2|Tapu Koko|\n|poke|p2|Tapu Lele|\n|poke|p2|Sneasler, M|\n|poke|p2|Iron Valiant|\n|poke|p2|Heatran, F|\n|teampreview\n|inactive|Battle timer is ON: inactive players will automatically lose when time's up. (requested by NDSNEZ yippee)\n|\n|t:|1701107870\n|start\n|switch|p1a: Rotom|Rotom-Wash|100\/100\n|switch|p2a: We Love Valiant|Tapu Koko|100\/100\n|-fieldstart|move: Electric Terrain|[from] ability: Electric Surge|[of] p2a: We Love Valiant\n|turn|1\n|\n|t:|1701107879\n|move|p2a: We Love Valiant|U-turn|p1a: Rotom\n|-damage|p1a: Rotom|79\/100\n|\n|t:|1701107887\n|switch|p2a: Great Therian|Landorus-Therian, M|100\/100|[from] U-turn\n|-ability|p2a: Great Therian|Intimidate|boost\n|-unboost|p1a: Rotom|atk|1\n|move|p1a: Rotom|Will-O-Wisp|p2a: Great Therian\n|-status|p2a: Great Therian|brn\n|\n|-heal|p1a: Rotom|85\/100|[from] item: Leftovers\n|-damage|p2a: Great Therian|94\/100 brn|[from] brn\n|upkeep\n|turn|2\n|\n|t:|1701107891\n|move|p1a: Rotom|Hydro Pump|p2a: Great Therian|[miss]\n|-miss|p1a: Rotom|p2a: Great Therian\n|move|p2a: Great Therian|Stealth Rock|p1a: Rotom\n|-sidestart|p1: Tiger yogurts|move: Stealth Rock\n|\n|-heal|p1a: Rotom|91\/100|[from] item: Leftovers\n|-damage|p2a: Great Therian|88\/100 brn|[from] brn\n|upkeep\n|turn|3\n|\n|t:|1701107895\n|move|p1a: Rotom|Defog|p2a: Great Therian\n|-unboost|p2a: Great Therian|evasion|1\n|-sideend|p1: Tiger yogurts|Stealth Rock|[from] move: Defog|[of] p1a: Rotom\n|-fieldend|move: Electric Terrain\n|move|p2a: Great Therian|Toxic|p1a: Rotom\n|-status|p1a: Rotom|tox\n|\n|-heal|p1a: Rotom|98\/100 tox|[from] item: Leftovers\n|-damage|p1a: Rotom|91\/100 tox|[from] psn\n|-damage|p2a: Great Therian|82\/100 brn|[from] brn\n|upkeep\n|turn|4\n|\n|t:|1701107900\n|switch|p2a: We Love Sneasler|Tapu Lele|100\/100\n|-fieldstart|move: Psychic Terrain|[from] ability: Psychic Surge|[of] p2a: We Love Sneasler\n|move|p1a: Rotom|Hydro Pump|p2a: We Love Sneasler\n|-damage|p2a: We Love Sneasler|47\/100\n|\n|-heal|p1a: Rotom|98\/100 tox|[from] item: Leftovers\n|-damage|p1a: Rotom|85\/100 tox|[from] psn\n|upkeep\n|turn|5\n|\n|t:|1701107906\n|move|p2a: We Love Sneasler|Future Sight|p1a: Rotom\n|-start|p2a: We Love Sneasler|move: Future Sight\n|move|p1a: Rotom|Hydro Pump|p2a: We Love Sneasler|[miss]\n|-miss|p1a: Rotom|p2a: We Love Sneasler\n|\n|-heal|p1a: Rotom|91\/100 tox|[from] item: Leftovers\n|-damage|p1a: Rotom|73\/100 tox|[from] psn\n|upkeep\n|turn|6\n|\n|t:|1701107914\n|switch|p2a: We Love Valiant|Tapu Koko|100\/100\n|-fieldstart|move: Electric Terrain|[from] ability: Electric Surge|[of] p2a: We Love Valiant\n|move|p1a: Rotom|Volt Switch|p2a: We Love Valiant\n|-resisted|p2a: We Love Valiant\n|-crit|p2a: We Love Valiant\n|-damage|p2a: We Love Valiant|63\/100\n|\n|t:|1701107926\n|switch|p1a: Tapu Koko|Tapu Koko|100\/100|[from] Volt Switch\n|\n|upkeep\n|turn|7\n|\n|t:|1701107930\n|move|p2a: We Love Valiant|U-turn|p1a: Tapu Koko\n|-resisted|p1a: Tapu Koko\n|-damage|p1a: Tapu Koko|90\/100\n|\n|t:|1701107932\n|switch|p2a: magma storm :)|Heatran, F|100\/100|[from] U-turn\n|move|p1a: Tapu Koko|Defog|p2a: magma storm :)\n|-unboost|p2a: magma storm :)|evasion|1\n|-fieldend|move: Electric Terrain\n|\n|-end|p1a: Tapu Koko|move: Future Sight\n|-damage|p1a: Tapu Koko|0 fnt\n|faint|p1a: Tapu Koko\n|upkeep\n|\n|t:|1701107953\n|switch|p1a: Rotom|Rotom-Wash|73\/100 tox\n|turn|8\n|\n|t:|1701107957\n|move|p1a: Rotom|Hydro Pump|p2a: magma storm :)\n|-supereffective|p2a: magma storm :)\n|-damage|p2a: magma storm :)|45\/100\n|move|p2a: magma storm :)|Magma Storm|p1a: Rotom\n|-resisted|p1a: Rotom\n|-damage|p1a: Rotom|46\/100 tox\n|-activate|p1a: Rotom|move: Magma Storm|[of] p2a: magma storm :)\n|\n|-heal|p1a: Rotom|52\/100 tox|[from] item: Leftovers\n|-heal|p2a: magma storm :)|51\/100|[from] item: Leftovers\n|-damage|p1a: Rotom|46\/100 tox|[from] psn\n|-damage|p1a: Rotom|33\/100 tox|[from] move: Magma Storm|[partiallytrapped]\n|upkeep\n|turn|9\n|\n|t:|1701107967\n|switch|p2a: We Love Valiant|Tapu Koko|63\/100\n|-fieldstart|move: Electric Terrain|[from] ability: Electric Surge|[of] p2a: We Love Valiant\n|move|p1a: Rotom|Hydro Pump|p2a: We Love Valiant\n|-damage|p2a: We Love Valiant|0 fnt\n|faint|p2a: We Love Valiant\n|\n|-heal|p1a: Rotom|40\/100 tox|[from] item: Leftovers\n|-damage|p1a: Rotom|27\/100 tox|[from] psn\n|-end|p1a: Rotom|Magma Storm|[partiallytrapped]|[silent]\n|upkeep\n|\n|t:|1701107970\n|switch|p2a: Iron Gender|Iron Valiant|100\/100\n|-activate|p2a: Iron Gender|ability: Quark Drive\n|-start|p2a: Iron Gender|quarkdrivespe\n|turn|10\n|\n|t:|1701107976\n|switch|p1a: Iron Valiant|Iron Valiant|100\/100\n|-activate|p1a: Iron Valiant|ability: Quark Drive\n|-start|p1a: Iron Valiant|quarkdrivespe\n|move|p2a: Iron Gender|Moonblast|p1a: Iron Valiant\n|-supereffective|p1a: Iron Valiant\n|-damage|p1a: Iron Valiant|0 fnt\n|faint|p1a: Iron Valiant\n|-end|p1a: Iron Valiant|Quark Drive|[silent]\n|-damage|p2a: Iron Gender|91\/100|[from] item: Life Orb\n|\n|upkeep\n|\n|t:|1701108002\n|switch|p1a: Sneasler|Sneasler, M|100\/100\n|-enditem|p1a: Sneasler|Electric Seed\n|-boost|p1a: Sneasler|def|1|[from] item: Electric Seed\n|turn|11\n|\n|t:|1701108009\n|-terastallize|p2a: Iron Gender|Electric\n|move|p1a: Sneasler|Dire Claw|p2a: Iron Gender\n|-damage|p2a: Iron Gender|29\/100\n|-status|p2a: Iron Gender|psn\n|move|p2a: Iron Gender|Moonblast|p1a: Sneasler\n|-damage|p1a: Sneasler|15\/100\n|-damage|p2a: Iron Gender|19\/100 psn|[from] item: Life Orb\n|\n|-damage|p2a: Iron Gender|6\/100 psn|[from] psn\n|upkeep\n|turn|12\n|\n|t:|1701108026\n|move|p1a: Sneasler|Dire Claw|p2a: Iron Gender\n|-damage|p2a: Iron Gender|0 fnt\n|faint|p2a: Iron Gender\n|-end|p2a: Iron Gender|Quark Drive|[silent]\n|\n|upkeep\n|\n|t:|1701108028\n|switch|p2a: Great Therian|Landorus-Therian, M|82\/100 brn\n|-ability|p2a: Great Therian|Intimidate|boost\n|-unboost|p1a: Sneasler|atk|1\n|turn|13\n|\n|t:|1701108033\n|-terastallize|p1a: Sneasler|Flying\n|move|p1a: Sneasler|Swords Dance|p1a: Sneasler\n|-boost|p1a: Sneasler|atk|2\n|move|p2a: Great Therian|Earthquake|p1a: Sneasler\n|-immune|p1a: Sneasler\n|\n|-damage|p2a: Great Therian|76\/100 brn|[from] brn\n|-fieldend|move: Electric Terrain\n|upkeep\n|turn|14\n|\n|t:|1701108050\n|move|p1a: Sneasler|Acrobatics|p2a: Great Therian\n|-damage|p2a: Great Therian|10\/100 brn\n|-damage|p1a: Sneasler|0 fnt|[from] item: Rocky Helmet|[of] p2a: Great Therian\n|faint|p1a: Sneasler\n|move|p2a: Great Therian|Stealth Rock|p1: Sneasler\n|-sidestart|p1: Tiger yogurts|move: Stealth Rock\n|\n|-damage|p2a: Great Therian|4\/100 brn|[from] brn\n|upkeep\n|\n|t:|1701108060\n|switch|p1a: Kartana|Kartana|100\/100\n|-damage|p1a: Kartana|94\/100|[from] Stealth Rock\n|turn|15\n|\n|t:|1701108068\n|move|p1a: Kartana|Smart Strike|p2a: Great Therian\n|-damage|p2a: Great Therian|0 fnt\n|-damage|p1a: Kartana|78\/100|[from] item: Rocky Helmet|[of] p2a: Great Therian\n|faint|p2a: Great Therian\n|-ability|p1a: Kartana|Beast Boost|boost\n|-boost|p1a: Kartana|atk|1\n|\n|upkeep\n|\n|t:|1701108072\n|switch|p2a: magma storm :)|Heatran, F|51\/100\n|turn|16\n|\n|t:|1701108076\n|move|p1a: Kartana|Sacred Sword|p2a: magma storm :)\n|-supereffective|p2a: magma storm :)\n|-damage|p2a: magma storm :)|0 fnt\n|faint|p2a: magma storm :)\n|-ability|p1a: Kartana|Beast Boost|boost\n|-boost|p1a: Kartana|atk|1\n|\n|upkeep\n|\n|t:|1701108081\n|switch|p2a: We Love Sneasler|Tapu Lele|47\/100\n|-fieldstart|move: Psychic Terrain|[from] ability: Psychic Surge|[of] p2a: We Love Sneasler\n|turn|17\n|\n|t:|1701108086\n|move|p2a: We Love Sneasler|Future Sight|p1a: Kartana\n|-start|p2a: We Love Sneasler|move: Future Sight\n|move|p1a: Kartana|Smart Strike|p2a: We Love Sneasler\n|-supereffective|p2a: We Love Sneasler\n|-damage|p2a: We Love Sneasler|0 fnt\n|faint|p2a: We Love Sneasler\n|-ability|p1a: Kartana|Beast Boost|boost\n|-boost|p1a: Kartana|atk|1\n|\n|upkeep\n|\n|t:|1701108089\n|switch|p2a: The Gamble|Sneasler, M|100\/100\n|-enditem|p2a: The Gamble|Psychic Seed\n|-boost|p2a: The Gamble|spd|1|[from] item: Psychic Seed\n|turn|18\n|\n|t:|1701108093\n|move|p2a: The Gamble|Close Combat|p1a: Kartana\n|-supereffective|p1a: Kartana\n|-crit|p1a: Kartana\n|-damage|p1a: Kartana|0 fnt\n|-unboost|p2a: The Gamble|def|1\n|-unboost|p2a: The Gamble|spd|1\n|faint|p1a: Kartana\n|\n|upkeep\n|\n|t:|1701108099\n|switch|p1a: Banette|Banette, F|100\/100\n|-damage|p1a: Banette|88\/100|[from] Stealth Rock\n|turn|19\n|\n|t:|1701108113\n|detailschange|p1a: Banette|Banette-Mega, F\n|-mega|p1a: Banette|Banette|Banettite\n|move|p1a: Banette|Destiny Bond|p1a: Banette\n|-singlemove|p1a: Banette|Destiny Bond\n|move|p2a: The Gamble|Swords Dance|p2a: The Gamble\n|-boost|p2a: The Gamble|atk|2\n|\n|-end|p1a: Banette|move: Future Sight\n|-damage|p1a: Banette|7\/100\n|upkeep\n|turn|20\n|\n|t:|1701108121\n|move|p2a: The Gamble|Swords Dance|p2a: The Gamble\n|-boost|p2a: The Gamble|atk|2\n|move|p1a: Banette|Poltergeist||[still]\n|-fail|p1a: Banette\n|\n|upkeep\n|turn|21\n|\n|t:|1701108127\n|move|p1a: Banette|Destiny Bond|p1a: Banette\n|-singlemove|p1a: Banette|Destiny Bond\n|move|p2a: The Gamble|Swords Dance|p2a: The Gamble\n|-boost|p2a: The Gamble|atk|2\n|\n|-fieldend|move: Psychic Terrain\n|upkeep\n|turn|22\n|\n|t:|1701108131\n|move|p2a: The Gamble|Swords Dance|p2a: The Gamble\n|-boost|p2a: The Gamble|atk|0\n|move|p1a: Banette|Poltergeist||[still]\n|-fail|p1a: Banette\n|\n|upkeep\n|turn|23\n|c|\u2606NDSNEZ yippee|hows it going\n|\n|t:|1701108141\n|move|p1a: Banette|Destiny Bond|p1a: Banette\n|-singlemove|p1a: Banette|Destiny Bond\n|move|p2a: The Gamble|Swords Dance|p2a: The Gamble\n|-boost|p2a: The Gamble|atk|0\n|\n|upkeep\n|turn|24\n|\n|t:|1701108146\n|move|p1a: Banette|Thunder Wave|p2a: The Gamble\n|-status|p2a: The Gamble|par\n|cant|p2a: The Gamble|par\n|\n|upkeep\n|turn|25\n|\n|t:|1701108155\n|move|p1a: Banette|Destiny Bond|p1a: Banette\n|-singlemove|p1a: Banette|Destiny Bond\n|move|p2a: The Gamble|Swords Dance|p2a: The Gamble\n|-boost|p2a: The Gamble|atk|0\n|\n|upkeep\n|turn|26\n|\n|t:|1701108161\n|move|p1a: Banette|Cotton Guard|p1a: Banette\n|-boost|p1a: Banette|def|3\n|cant|p2a: The Gamble|par\n|\n|upkeep\n|turn|27\n|\n|t:|1701108173\n|move|p1a: Banette|Cotton Guard|p1a: Banette\n|-boost|p1a: Banette|def|3\n|move|p2a: The Gamble|Swords Dance|p2a: The Gamble\n|-boost|p2a: The Gamble|atk|0\n|\n|upkeep\n|turn|28\n|l|\u2606NDSNEZ yippee\n|inactive|NDSNEZ yippee disconnected and has a minute to reconnect!\n|player|p2|\n|\n|t:|1701108201\n|move|p2a: The Gamble|Swords Dance|p2a: The Gamble\n|-boost|p2a: The Gamble|atk|0\n|move|p1a: Banette|Poltergeist||[still]\n|-fail|p1a: Banette\n|\n|upkeep\n|turn|29\n|j|\u2606NDSNEZ yippee\n|inactive|NDSNEZ yippee reconnected and has 150 seconds left.\n|player|p2|NDSNEZ yippee|az\n|\n|t:|1701108209\n|move|p1a: Banette|Destiny Bond|p1a: Banette\n|-singlemove|p1a: Banette|Destiny Bond\n|cant|p2a: The Gamble|par\n|\n|upkeep\n|turn|30\n|\n|t:|1701108215\n|cant|p2a: The Gamble|par\n|move|p1a: Banette|Poltergeist||[still]\n|-fail|p1a: Banette\n|\n|upkeep\n|turn|31\n|\n|t:|1701108220\n|move|p1a: Banette|Thunder Wave|p2a: The Gamble\n|-fail|p2a: The Gamble|par\n|move|p2a: The Gamble|Swords Dance|p2a: The Gamble\n|-boost|p2a: The Gamble|atk|0\n|\n|upkeep\n|turn|32\n|\n|t:|1701108227\n|move|p1a: Banette|Thunder Wave|p2a: The Gamble\n|-fail|p2a: The Gamble|par\n|move|p2a: The Gamble|Swords Dance|p2a: The Gamble\n|-boost|p2a: The Gamble|atk|0\n|\n|upkeep\n|turn|33\n|\n|t:|1701108233\n|move|p1a: Banette|Thunder Wave|p2a: The Gamble\n|-fail|p2a: The Gamble|par\n|cant|p2a: The Gamble|par\n|\n|upkeep\n|turn|34\n|\n|t:|1701108239\n|move|p1a: Banette|Thunder Wave|p2a: The Gamble\n|-fail|p2a: The Gamble|par\n|cant|p2a: The Gamble|par\n|\n|upkeep\n|turn|35\n|\n|t:|1701108244\n|move|p1a: Banette|Thunder Wave|p2a: The Gamble\n|-fail|p2a: The Gamble|par\n|move|p2a: The Gamble|Dire Claw|p1a: Banette\n|-resisted|p1a: Banette\n|-damage|p1a: Banette|0 fnt\n|faint|p1a: Banette\n|\n|upkeep\n|\n|t:|1701108250\n|switch|p1a: Rotom|Rotom-Wash|27\/100 tox\n|-damage|p1a: Rotom|15\/100 tox|[from] Stealth Rock\n|turn|36\n|\n|t:|1701108256\n|move|p2a: The Gamble|Dire Claw|p1a: Rotom\n|-damage|p1a: Rotom|0 fnt\n|faint|p1a: Rotom\n|\n|win|NDSNEZ yippee\n|raw|Tiger yogurts's rating: 1331 &rarr; <strong>1318<\/strong><br \/>(-13 for losing)\n|raw|NDSNEZ yippee's rating: 1454 &rarr; <strong>1467<\/strong><br \/>(+13 for winning)\n|c|\u2606NDSNEZ yippee|gg\n|c|\u2606NDSNEZ yippee|mindgames go crazy\n|l|\u2606Tiger yogurts\n","uploadtime":1701108275,"views":5,"p1id":"tigeryogurts","p2id":"ndsnezyippee","formatid":"gen9nationaldex","rating":1318,"private":0,"password":""}