{"id":"gen9nationaldex-2000595087","p1":"Meb78910","p2":"SportsyReal","format":"[Gen 9] National Dex","log":"|html|<div class=\"broadcast-blue\"><strong>[Gen 9] National Dex is currently suspecting Sneasler! For information on how to participate check out the <a href=\"https:\/\/www.smogon.com\/forums\/threads\/sv-national-dex-suspect-8-just-dance.3731534\/\">suspect thread<\/a>.<\/strong><\/div>\n|j|\u2606Meb78910\n|j|\u2606SportsyReal\n|t:|1701208720\n|gametype|singles\n|player|p1|Meb78910|101|1136\n|player|p2|SportsyReal|lyra|1045\n|teamsize|p1|6\n|teamsize|p2|6\n|gen|9\n|tier|[Gen 9] National Dex\n|rated|\n|rule|HP Percentage Mod: HP is shown in percentages\n|rule|Endless Battle Clause: Forcing endless battles is banned\n|rule|OHKO Clause: OHKO moves are banned\n|rule|Evasion Clause: Evasion abilities, items, and moves are banned\n|rule|Evasion Abilities Clause: Evasion abilities are banned\n|rule|Evasion Items Clause: Evasion items are banned\n|rule|Evasion Moves Clause: Evasion moves are banned\n|rule|Species Clause: Limit one of each Pok\u00e9mon\n|rule|Sleep Clause Mod: Limit one foe put to sleep\n|clearpoke\n|poke|p1|Venusaur, M|\n|poke|p1|Arcanine-Hisui, F|\n|poke|p1|Ninetales-Alola, M|\n|poke|p1|Skarmory, M|\n|poke|p1|Starmie|\n|poke|p1|Togekiss, F|\n|poke|p2|Luxray, M|\n|poke|p2|Gyarados, M|\n|poke|p2|Clodsire, M|\n|poke|p2|Chansey, F|\n|poke|p2|Greninja-*, F|\n|poke|p2|Ribombee, M|\n|teampreview\n|\n|t:|1701208725\n|start\n|switch|p1a: Ninetales|Ninetales-Alola, M|100\/100\n|switch|p2a: Como?|Clodsire, M|100\/100\n|-weather|Snow|[from] ability: Snow Warning|[of] p1a: Ninetales\n|turn|1\n|\n|t:|1701208734\n|move|p1a: Ninetales|Aurora Veil|p1a: Ninetales\n|-sidestart|p1: Meb78910|move: Aurora Veil\n|move|p2a: Como?|Yawn|p1a: Ninetales\n|-start|p1a: Ninetales|move: Yawn|[of] p2a: Como?\n|\n|-weather|Snow|[upkeep]\n|upkeep\n|turn|2\n|\n|t:|1701208744\n|move|p1a: Ninetales|Blizzard|p2a: Como?\n|-supereffective|p2a: Como?\n|-damage|p2a: Como?|52\/100\n|move|p2a: Como?|Stealth Rock|p1a: Ninetales\n|-sidestart|p1: Meb78910|move: Stealth Rock\n|\n|-weather|Snow|[upkeep]\n|-heal|p2a: Como?|58\/100|[from] item: Leftovers\n|-end|p1a: Ninetales|move: Yawn|[silent]\n|-status|p1a: Ninetales|slp\n|upkeep\n|turn|3\n|\n|t:|1701208767\n|switch|p1a: Starmie|Starmie|100\/100\n|-damage|p1a: Starmie|88\/100|[from] Stealth Rock\n|move|p2a: Como?|Gunk Shot|p1a: Starmie\n|-damage|p1a: Starmie|65\/100\n|\n|-weather|Snow|[upkeep]\n|-heal|p2a: Como?|65\/100|[from] item: Leftovers\n|upkeep\n|turn|4\n|\n|t:|1701208787\n|switch|p2a: Dusklops|Chansey, F|100\/100\n|move|p1a: Starmie|Rapid Spin|p2a: Dusklops\n|-damage|p2a: Dusklops|95\/100\n|-boost|p1a: Starmie|spe|1\n|-sideend|p1: Meb78910|Stealth Rock|[from] move: Rapid Spin|[of] p1a: Starmie\n|\n|-weather|Snow|[upkeep]\n|upkeep\n|turn|5\n|\n|t:|1701208804\n|move|p1a: Starmie|Scald|p2a: Dusklops\n|-damage|p2a: Dusklops|86\/100\n|move|p2a: Dusklops|Seismic Toss|p1a: Starmie\n|-damage|p1a: Starmie|27\/100\n|\n|-weather|none\n|upkeep\n|turn|6\n|\n|t:|1701208815\n|switch|p1a: Skarmory|Skarmory, M|100\/100\n|move|p2a: Dusklops|Seismic Toss|p1a: Skarmory\n|-damage|p1a: Skarmory|69\/100\n|-damage|p2a: Dusklops|69\/100|[from] item: Rocky Helmet|[of] p1a: Skarmory\n|\n|upkeep\n|turn|7\n|\n|t:|1701208837\n|move|p1a: Skarmory|Stealth Rock|p2a: Dusklops\n|-sidestart|p2: SportsyReal|move: Stealth Rock\n|move|p2a: Dusklops|Soft-Boiled|p2a: Dusklops\n|-heal|p2a: Dusklops|100\/100\n|\n|upkeep\n|turn|8\n|\n|t:|1701208847\n|move|p1a: Skarmory|Toxic|p2a: Dusklops\n|-status|p2a: Dusklops|tox\n|move|p2a: Dusklops|Seismic Toss|p1a: Skarmory\n|-damage|p1a: Skarmory|38\/100\n|-damage|p2a: Dusklops|84\/100 tox|[from] item: Rocky Helmet|[of] p1a: Skarmory\n|\n|-damage|p2a: Dusklops|78\/100 tox|[from] psn\n|-sideend|p1: Meb78910|move: Aurora Veil\n|upkeep\n|turn|9\n|\n|t:|1701208859\n|move|p1a: Skarmory|Roost|p1a: Skarmory\n|-heal|p1a: Skarmory|88\/100\n|-singleturn|p1a: Skarmory|move: Roost\n|move|p2a: Dusklops|Seismic Toss|p1a: Skarmory\n|-damage|p1a: Skarmory|57\/100\n|-damage|p2a: Dusklops|61\/100 tox|[from] item: Rocky Helmet|[of] p1a: Skarmory\n|\n|-damage|p2a: Dusklops|49\/100 tox|[from] psn\n|upkeep\n|turn|10\n|\n|t:|1701208871\n|switch|p2a: Miwi|Luxray, M|100\/100\n|-damage|p2a: Miwi|88\/100|[from] Stealth Rock\n|move|p1a: Skarmory|Roost|p1a: Skarmory\n|-heal|p1a: Skarmory|100\/100\n|-singleturn|p1a: Skarmory|move: Roost\n|\n|-status|p2a: Miwi|brn|[from] item: Flame Orb\n|upkeep\n|turn|11\n|\n|t:|1701208897\n|switch|p1a: Ninetales|Ninetales-Alola, M|100\/100 slp\n|-weather|Snow|[from] ability: Snow Warning|[of] p1a: Ninetales\n|move|p2a: Miwi|Thunder Fang|p1a: Ninetales\n|-damage|p1a: Ninetales|53\/100 slp\n|\n|-weather|Snow|[upkeep]\n|-damage|p2a: Miwi|82\/100 brn|[from] brn\n|upkeep\n|turn|12\n|\n|t:|1701208909\n|cant|p1a: Ninetales|slp\n|move|p2a: Miwi|Facade|p1a: Ninetales\n|-damage|p1a: Ninetales|0 fnt\n|faint|p1a: Ninetales\n|\n|-weather|Snow|[upkeep]\n|-damage|p2a: Miwi|76\/100 brn|[from] brn\n|upkeep\n|\n|t:|1701208926\n|switch|p1a: Arcanine|Arcanine-Hisui, F|100\/100\n|turn|13\n|\n|t:|1701208932\n|switch|p2a: Megapene Gigante|Gyarados, M, shiny|100\/100\n|-damage|p2a: Megapene Gigante|75\/100|[from] Stealth Rock\n|move|p1a: Arcanine|Head Smash|p2a: Megapene Gigante\n|-supereffective|p2a: Megapene Gigante\n|-damage|p2a: Megapene Gigante|0 fnt\n|faint|p2a: Megapene Gigante\n|\n|-weather|Snow|[upkeep]\n|upkeep\n|\n|t:|1701208948\n|switch|p2a: Como?|Clodsire, M|65\/100\n|-damage|p2a: Como?|58\/100|[from] Stealth Rock\n|turn|14\n|\n|t:|1701208956\n|move|p1a: Arcanine|Head Smash|p2a: Como?|[miss]\n|-miss|p1a: Arcanine|p2a: Como?\n|move|p2a: Como?|Yawn|p1a: Arcanine\n|-start|p1a: Arcanine|move: Yawn|[of] p2a: Como?\n|\n|-weather|Snow|[upkeep]\n|-heal|p2a: Como?|65\/100|[from] item: Leftovers\n|upkeep\n|turn|15\n|\n|t:|1701208977\n|switch|p1a: Togekiss|Togekiss, F|100\/100\n|move|p2a: Como?|Earthquake|p1a: Togekiss\n|-immune|p1a: Togekiss\n|\n|-weather|none\n|-heal|p2a: Como?|71\/100|[from] item: Leftovers\n|upkeep\n|turn|16\n|\n|t:|1701209022\n|move|p1a: Togekiss|Air Slash|p2a: Como?\n|-damage|p2a: Como?|51\/100\n|cant|p2a: Como?|flinch\n|\n|-heal|p2a: Como?|58\/100|[from] item: Leftovers\n|upkeep\n|turn|17\n|\n|t:|1701209030\n|move|p1a: Togekiss|Air Slash|p2a: Como?\n|-damage|p2a: Como?|40\/100\n|cant|p2a: Como?|flinch\n|\n|-heal|p2a: Como?|46\/100|[from] item: Leftovers\n|upkeep\n|turn|18\n|\n|t:|1701209037\n|move|p1a: Togekiss|Air Slash|p2a: Como?\n|-damage|p2a: Como?|28\/100\n|cant|p2a: Como?|flinch\n|\n|-heal|p2a: Como?|34\/100|[from] item: Leftovers\n|upkeep\n|turn|19\n|\n|t:|1701209053\n|move|p1a: Togekiss|Air Slash|p2a: Como?\n|-damage|p2a: Como?|13\/100\n|cant|p2a: Como?|flinch\n|\n|-heal|p2a: Como?|19\/100|[from] item: Leftovers\n|upkeep\n|turn|20\n|\n|t:|1701209068\n|move|p1a: Togekiss|Air Slash|p2a: Como?\n|-damage|p2a: Como?|0 fnt\n|faint|p2a: Como?\n|\n|upkeep\n|\n|t:|1701209077\n|switch|p2a: Miwi|Luxray, M|76\/100 brn\n|-damage|p2a: Miwi|64\/100 brn|[from] Stealth Rock\n|turn|21\n|\n|t:|1701209107\n|switch|p1a: Arcanine|Arcanine-Hisui, F|100\/100\n|move|p2a: Miwi|Thunder Fang|p1a: Arcanine\n|-damage|p1a: Arcanine|47\/100\n|\n|-damage|p2a: Miwi|58\/100 brn|[from] brn\n|upkeep\n|turn|22\n|\n|t:|1701209129\n|-terastallize|p1a: Arcanine|Fighting\n|move|p1a: Arcanine|Head Smash|p2a: Miwi\n|-damage|p2a: Miwi|0 fnt\n|faint|p2a: Miwi\n|\n|upkeep\n|\n|t:|1701209136\n|switch|p2a: Dusklops|Chansey, F|49\/100 tox\n|-damage|p2a: Dusklops|36\/100 tox|[from] Stealth Rock\n|turn|23\n|\n|t:|1701209143\n|move|p1a: Arcanine|Head Smash|p2a: Dusklops\n|-damage|p2a: Dusklops|0 fnt\n|faint|p2a: Dusklops\n|\n|upkeep\n|\n|t:|1701209147\n|switch|p2a: Lametones|Greninja, F|100\/100\n|-damage|p2a: Lametones|88\/100|[from] Stealth Rock\n|turn|24\n|\n|t:|1701209164\n|switch|p1a: Venusaur|Venusaur, M|100\/100\n|move|p2a: Lametones|Dark Pulse|p1a: Venusaur\n|-start|p2a: Lametones|typechange|Dark|[from] ability: Protean\n|-damage|p1a: Venusaur|61\/100\n|\n|upkeep\n|turn|25\n|\n|t:|1701209175\n|detailschange|p1a: Venusaur|Venusaur-Mega, M\n|-mega|p1a: Venusaur|Venusaur|Venusaurite\n|move|p2a: Lametones|Mud Shot|p1a: Venusaur\n|-damage|p1a: Venusaur|47\/100\n|-unboost|p1a: Venusaur|spe|1\n|move|p1a: Venusaur|Giga Drain|p2a: Lametones\n|-damage|p2a: Lametones|30\/100\n|-heal|p1a: Venusaur|71\/100|[from] drain|[of] p2a: Lametones\n|\n|upkeep\n|turn|26\n|\n|t:|1701209186\n|move|p2a: Lametones|Dark Pulse|p1a: Venusaur\n|-damage|p1a: Venusaur|38\/100\n|move|p1a: Venusaur|Giga Drain|p2a: Lametones\n|-damage|p2a: Lametones|0 fnt\n|-heal|p1a: Venusaur|50\/100|[from] drain|[of] p2a: Lametones\n|faint|p2a: Lametones\n|\n|upkeep\n|\n|t:|1701209194\n|switch|p2a: Este Se\u00f1or Esquizo|Ribombee, M, shiny|100\/100\n|-damage|p2a: Este Se\u00f1or Esquizo|76\/100|[from] Stealth Rock\n|turn|27\n|\n|t:|1701209212\n|-terastallize|p2a: Este Se\u00f1or Esquizo|Fairy\n|move|p2a: Este Se\u00f1or Esquizo|Hidden Power|p1a: Venusaur\n|-supereffective|p1a: Venusaur\n|-damage|p1a: Venusaur|38\/100\n|move|p1a: Venusaur|Leech Seed|p2a: Este Se\u00f1or Esquizo\n|-start|p2a: Este Se\u00f1or Esquizo|move: Leech Seed\n|\n|-damage|p2a: Este Se\u00f1or Esquizo|63\/100|[from] Leech Seed|[of] p1a: Venusaur\n|-heal|p1a: Venusaur|48\/100|[silent]\n|upkeep\n|turn|28\n|\n|t:|1701209225\n|move|p2a: Este Se\u00f1or Esquizo|Draining Kiss|p1a: Venusaur\n|-resisted|p1a: Venusaur\n|-damage|p1a: Venusaur|37\/100\n|-heal|p2a: Este Se\u00f1or Esquizo|77\/100|[from] drain|[of] p1a: Venusaur\n|move|p1a: Venusaur|Giga Drain|p2a: Este Se\u00f1or Esquizo\n|-damage|p2a: Este Se\u00f1or Esquizo|17\/100\n|-heal|p1a: Venusaur|60\/100|[from] drain|[of] p2a: Este Se\u00f1or Esquizo\n|\n|-damage|p2a: Este Se\u00f1or Esquizo|5\/100|[from] Leech Seed|[of] p1a: Venusaur\n|-heal|p1a: Venusaur|69\/100|[silent]\n|upkeep\n|turn|29\n|\n|t:|1701209236\n|move|p2a: Este Se\u00f1or Esquizo|Hidden Power|p1a: Venusaur\n|-supereffective|p1a: Venusaur\n|-damage|p1a: Venusaur|58\/100\n|move|p1a: Venusaur|Giga Drain|p2a: Este Se\u00f1or Esquizo\n|-damage|p2a: Este Se\u00f1or Esquizo|0 fnt\n|-heal|p1a: Venusaur|59\/100|[from] drain|[of] p2a: Este Se\u00f1or Esquizo\n|faint|p2a: Este Se\u00f1or Esquizo\n|\n|win|Meb78910\n|raw|Meb78910's rating: 1136 &rarr; <strong>1155<\/strong><br \/>(+19 for winning)\n|raw|SportsyReal's rating: 1045 &rarr; <strong>1033<\/strong><br \/>(-12 for losing)\n|l|\u2606SportsyReal\n","uploadtime":1701209250,"views":8,"p1id":"meb78910","p2id":"sportsyreal","formatid":"gen9nationaldex","rating":1033,"private":0,"password":""}