{"id":"gen9nationaldex-1987638251","p1":"Sirrawrzy","p2":"TestAccountNo.123","format":"[Gen 9] National Dex","log":"|j|\u2606Sirrawrzy\n|j|\u2606TestAccountNo.123\n|t:|1699622653\n|gametype|singles\n|player|p1|Sirrawrzy|emmet|1579\n|player|p2|TestAccountNo.123|pokemonbreederf-gen4|1448\n|teamsize|p1|6\n|teamsize|p2|6\n|gen|9\n|tier|[Gen 9] National Dex\n|rated|\n|rule|HP Percentage Mod: HP is shown in percentages\n|rule|Endless Battle Clause: Forcing endless battles is banned\n|rule|OHKO Clause: OHKO moves are banned\n|rule|Evasion Clause: Evasion abilities, items, and moves are banned\n|rule|Evasion Abilities Clause: Evasion abilities are banned\n|rule|Evasion Items Clause: Evasion items are banned\n|rule|Evasion Moves Clause: Evasion moves are banned\n|rule|Species Clause: Limit one of each Pok\u00e9mon\n|rule|Sleep Clause Mod: Limit one foe put to sleep\n|clearpoke\n|poke|p1|Ninetales, M|\n|poke|p1|Venusaur, M|\n|poke|p1|Jolteon, F|\n|poke|p1|Blastoise, M|\n|poke|p1|Rhydon, F|\n|poke|p1|Dragonite, M|\n|poke|p2|Kyurem|\n|poke|p2|Iron Valiant|\n|poke|p2|Lopunny, F|\n|poke|p2|Gliscor, M|\n|poke|p2|Heatran, M|\n|poke|p2|Alomomola, F|\n|teampreview\n|c|\u2606Sirrawrzy|glhf\n|\n|t:|1699622675\n|start\n|switch|p1a: Rhydon|Rhydon, F, shiny|100\/100\n|switch|p2a: Sub-Zero|Kyurem|100\/100\n|-ability|p2a: Sub-Zero|Pressure\n|turn|1\n|\n|t:|1699622680\n|move|p2a: Sub-Zero|Substitute|p2a: Sub-Zero\n|-start|p2a: Sub-Zero|Substitute\n|-damage|p2a: Sub-Zero|75\/100\n|move|p1a: Rhydon|Earthquake|p2a: Sub-Zero\n|-end|p2a: Sub-Zero|Substitute\n|\n|-heal|p2a: Sub-Zero|82\/100|[from] item: Leftovers\n|upkeep\n|turn|2\n|\n|t:|1699622686\n|move|p2a: Sub-Zero|Substitute|p2a: Sub-Zero\n|-start|p2a: Sub-Zero|Substitute\n|-damage|p2a: Sub-Zero|57\/100\n|move|p1a: Rhydon|Earthquake|p2a: Sub-Zero\n|-end|p2a: Sub-Zero|Substitute\n|\n|-heal|p2a: Sub-Zero|63\/100|[from] item: Leftovers\n|upkeep\n|turn|3\n|\n|t:|1699622689\n|switch|p2a: Glue Factory|Gliscor, M|100\/100\n|move|p1a: Rhydon|Earthquake|p2a: Glue Factory\n|-immune|p2a: Glue Factory\n|\n|-status|p2a: Glue Factory|tox|[from] item: Toxic Orb\n|upkeep\n|turn|4\n|\n|t:|1699622691\n|move|p2a: Glue Factory|Toxic|p1a: Rhydon\n|-status|p1a: Rhydon|tox\n|move|p1a: Rhydon|Avalanche|p2a: Glue Factory\n|-supereffective|p2a: Glue Factory\n|-damage|p2a: Glue Factory|52\/100 tox\n|\n|-heal|p2a: Glue Factory|64\/100 tox|[from] ability: Poison Heal\n|-damage|p1a: Rhydon|94\/100 tox|[from] psn\n|upkeep\n|turn|5\n|\n|t:|1699622695\n|move|p2a: Glue Factory|Protect|p2a: Glue Factory\n|-singleturn|p2a: Glue Factory|Protect\n|move|p1a: Rhydon|Stealth Rock|p2a: Glue Factory\n|-sidestart|p2: TestAccountNo.123|move: Stealth Rock\n|\n|-heal|p2a: Glue Factory|77\/100 tox|[from] ability: Poison Heal\n|-damage|p1a: Rhydon|82\/100 tox|[from] psn\n|upkeep\n|turn|6\n|\n|t:|1699622697\n|move|p2a: Glue Factory|Defog|p1a: Rhydon\n|-unboost|p1a: Rhydon|evasion|1\n|-sideend|p2: TestAccountNo.123|Stealth Rock|[from] move: Defog|[of] p2a: Glue Factory\n|move|p1a: Rhydon|Avalanche|p2a: Glue Factory\n|-supereffective|p2a: Glue Factory\n|-damage|p2a: Glue Factory|32\/100 tox\n|\n|-heal|p2a: Glue Factory|44\/100 tox|[from] ability: Poison Heal\n|-damage|p1a: Rhydon|64\/100 tox|[from] psn\n|upkeep\n|turn|7\n|\n|t:|1699622705\n|switch|p1a: Ninetales|Ninetales, M, shiny|100\/100\n|-weather|SunnyDay|[from] ability: Drought|[of] p1a: Ninetales\n|move|p2a: Glue Factory|Protect||[still]\n|-fail|p2a: Glue Factory\n|\n|-weather|SunnyDay|[upkeep]\n|-heal|p2a: Glue Factory|56\/100 tox|[from] ability: Poison Heal\n|upkeep\n|turn|8\n|\n|t:|1699622709\n|switch|p1a: Venusaur|Venusaur, M, shiny|100\/100\n|move|p2a: Glue Factory|Protect||[still]\n|-fail|p2a: Glue Factory\n|\n|-weather|SunnyDay|[upkeep]\n|-heal|p2a: Glue Factory|69\/100 tox|[from] ability: Poison Heal\n|upkeep\n|turn|9\n|\n|t:|1699622713\n|switch|p2a: Lock And Key|Heatran, M|100\/100\n|move|p1a: Venusaur|Weather Ball|p2a: Lock And Key\n|-start|p2a: Lock And Key|ability: Flash Fire\n|\n|-weather|SunnyDay|[upkeep]\n|upkeep\n|turn|10\n|\n|t:|1699622722\n|-terastallize|p1a: Venusaur|Fire\n|-terastallize|p2a: Lock And Key|Grass\n|move|p1a: Venusaur|Sludge Bomb|p2a: Lock And Key\n|-supereffective|p2a: Lock And Key\n|-damage|p2a: Lock And Key|30\/100\n|-damage|p1a: Venusaur|91\/100|[from] item: Life Orb\n|move|p2a: Lock And Key|Magma Storm|p1a: Venusaur\n|-resisted|p1a: Venusaur\n|-damage|p1a: Venusaur|33\/100\n|-activate|p1a: Venusaur|move: Magma Storm|[of] p2a: Lock And Key\n|\n|-weather|SunnyDay|[upkeep]\n|-heal|p2a: Lock And Key|36\/100|[from] item: Leftovers\n|-damage|p1a: Venusaur|21\/100|[from] move: Magma Storm|[partiallytrapped]\n|upkeep\n|turn|11\n|\n|t:|1699622734\n|move|p1a: Venusaur|Sludge Bomb|p2a: Lock And Key\n|-supereffective|p2a: Lock And Key\n|-damage|p2a: Lock And Key|0 fnt\n|faint|p2a: Lock And Key\n|-damage|p1a: Venusaur|11\/100|[from] item: Life Orb\n|\n|-weather|none\n|-end|p1a: Venusaur|Magma Storm|[partiallytrapped]|[silent]\n|upkeep\n|\n|t:|1699622738\n|switch|p2a: Iron Maiden|Iron Valiant, shiny|100\/100\n|turn|12\n|\n|t:|1699622744\n|switch|p1a: Jolteon|Jolteon, F, shiny|100\/100\n|move|p2a: Iron Maiden|Psyshock|p1a: Jolteon\n|-damage|p1a: Jolteon|55\/100\n|\n|-status|p1a: Jolteon|brn|[from] item: Flame Orb\n|upkeep\n|turn|13\n|\n|t:|1699622759\n|switch|p1a: Ninetales|Ninetales, M, shiny|100\/100\n|-weather|SunnyDay|[from] ability: Drought|[of] p1a: Ninetales\n|-end|p2a: Iron Maiden|Quark Drive|[silent]\n|switch|p2a: Sub-Zero|Kyurem|63\/100\n|-ability|p2a: Sub-Zero|Pressure\n|\n|-weather|SunnyDay|[upkeep]\n|-heal|p2a: Sub-Zero|69\/100|[from] item: Leftovers\n|upkeep\n|turn|14\n|\n|t:|1699622762\n|move|p1a: Ninetales|Weather Ball|p2a: Sub-Zero\n|-damage|p2a: Sub-Zero|20\/100\n|move|p2a: Sub-Zero|Substitute|p2a: Sub-Zero\n|-fail|p2a: Sub-Zero|move: Substitute|[weak]\n|\n|-weather|SunnyDay|[upkeep]\n|-heal|p2a: Sub-Zero|26\/100|[from] item: Leftovers\n|upkeep\n|turn|15\n|\n|t:|1699622773\n|switch|p1a: Venusaur|Venusaur, M, shiny, tera:Fire|11\/100\n|switch|p2a: Wish Fish|Alomomola, F|100\/100\n|\n|-weather|SunnyDay|[upkeep]\n|upkeep\n|turn|16\n|\n|t:|1699622777\n|move|p1a: Venusaur|Giga Drain|p2a: Wish Fish\n|-supereffective|p2a: Wish Fish\n|-damage|p2a: Wish Fish|23\/100\n|-heal|p1a: Venusaur|72\/100|[from] drain|[of] p2a: Wish Fish\n|-damage|p1a: Venusaur|62\/100|[from] item: Life Orb\n|move|p2a: Wish Fish|Flip Turn|p1a: Venusaur\n|-supereffective|p1a: Venusaur\n|-damage|p1a: Venusaur|42\/100\n|\n|t:|1699622782\n|switch|p2a: Luscious Lops|Lopunny, F|100\/100|[from] Flip Turn\n|\n|-weather|SunnyDay|[upkeep]\n|upkeep\n|turn|17\n|\n|t:|1699622789\n|switch|p1a: Rhydon|Rhydon, F, shiny|64\/100 tox\n|detailschange|p2a: Luscious Lops|Lopunny-Mega, F\n|-mega|p2a: Luscious Lops|Lopunny|Lopunnite\n|move|p2a: Luscious Lops|Close Combat|p1a: Rhydon\n|-supereffective|p1a: Rhydon\n|-damage|p1a: Rhydon|7\/100 tox\n|-unboost|p2a: Luscious Lops|def|1\n|-unboost|p2a: Luscious Lops|spd|1\n|\n|-weather|none\n|-damage|p1a: Rhydon|1\/100 tox|[from] psn\n|upkeep\n|turn|18\n|\n|t:|1699622792\n|move|p2a: Luscious Lops|U-turn|p1a: Rhydon\n|-damage|p1a: Rhydon|0 fnt\n|faint|p1a: Rhydon\n|\n|t:|1699622793\n|switch|p2a: Glue Factory|Gliscor, M|69\/100 tox|[from] U-turn\n|\n|-heal|p2a: Glue Factory|81\/100 tox|[from] ability: Poison Heal\n|upkeep\n|\n|t:|1699622801\n|switch|p1a: Ninetales|Ninetales, M, shiny|100\/100\n|-weather|SunnyDay|[from] ability: Drought|[of] p1a: Ninetales\n|turn|19\n|\n|t:|1699622806\n|move|p1a: Ninetales|Weather Ball|p2a: Glue Factory\n|-damage|p2a: Glue Factory|14\/100 tox\n|move|p2a: Glue Factory|Toxic|p1a: Ninetales\n|-status|p1a: Ninetales|tox\n|\n|-weather|SunnyDay|[upkeep]\n|-damage|p1a: Ninetales|95\/100 tox|[from] psn\n|-heal|p2a: Glue Factory|27\/100 tox|[from] ability: Poison Heal\n|upkeep\n|turn|20\n|\n|t:|1699622816\n|move|p2a: Glue Factory|Protect|p2a: Glue Factory\n|-singleturn|p2a: Glue Factory|Protect\n|move|p1a: Ninetales|Weather Ball|p2a: Glue Factory\n|-activate|p2a: Glue Factory|move: Protect\n|\n|-weather|SunnyDay|[upkeep]\n|-damage|p1a: Ninetales|83\/100 tox|[from] psn\n|-heal|p2a: Glue Factory|39\/100 tox|[from] ability: Poison Heal\n|upkeep\n|turn|21\n|\n|t:|1699622820\n|switch|p2a: Wish Fish|Alomomola, F|56\/100\n|move|p1a: Ninetales|Weather Ball|p2a: Wish Fish\n|-resisted|p2a: Wish Fish\n|-damage|p2a: Wish Fish|28\/100\n|\n|-weather|SunnyDay|[upkeep]\n|-damage|p1a: Ninetales|65\/100 tox|[from] psn\n|upkeep\n|turn|22\n|\n|t:|1699622829\n|move|p1a: Ninetales|Weather Ball|p2a: Wish Fish\n|-resisted|p2a: Wish Fish\n|-damage|p2a: Wish Fish|4\/100\n|move|p2a: Wish Fish|Wish|p2a: Wish Fish\n|\n|-weather|SunnyDay|[upkeep]\n|-damage|p1a: Ninetales|41\/100 tox|[from] psn\n|upkeep\n|turn|23\n|\n|t:|1699622841\n|switch|p2a: Luscious Lops|Lopunny-Mega, F|100\/100\n|move|p1a: Ninetales|Weather Ball|p2a: Luscious Lops\n|-damage|p2a: Luscious Lops|25\/100\n|\n|-weather|none\n|-heal|p2a: Luscious Lops|100\/100|[from] move: Wish|[wisher] Wish Fish\n|-damage|p1a: Ninetales|12\/100 tox|[from] psn\n|upkeep\n|turn|24\n|\n|t:|1699622851\n|switch|p1a: Blastoise|Blastoise, M, shiny|100\/100\n|move|p2a: Luscious Lops|Frustration|p1a: Blastoise\n|-damage|p1a: Blastoise|64\/100\n|\n|upkeep\n|turn|25\n|\n|t:|1699622855\n|move|p2a: Luscious Lops|Close Combat|p1a: Blastoise\n|-damage|p1a: Blastoise|21\/100\n|-unboost|p2a: Luscious Lops|def|1\n|-unboost|p2a: Luscious Lops|spd|1\n|move|p1a: Blastoise|Body Press|p2a: Luscious Lops\n|-supereffective|p2a: Luscious Lops\n|-damage|p2a: Luscious Lops|3\/100\n|\n|upkeep\n|turn|26\n|\n|t:|1699622864\n|move|p2a: Luscious Lops|Close Combat|p1a: Blastoise\n|-damage|p1a: Blastoise|0 fnt\n|-unboost|p2a: Luscious Lops|def|1\n|-unboost|p2a: Luscious Lops|spd|1\n|faint|p1a: Blastoise\n|\n|upkeep\n|\n|t:|1699622872\n|switch|p1a: Ninetales|Ninetales, M, shiny|12\/100 tox\n|-weather|SunnyDay|[from] ability: Drought|[of] p1a: Ninetales\n|turn|27\n|\n|t:|1699622881\n|move|p1a: Ninetales|Healing Wish|p1a: Ninetales\n|faint|p1a: Ninetales\n|move|p2a: Luscious Lops|Frustration|p1: Ninetales|[notarget]\n|-fail|p2a: Luscious Lops\n|\n|-weather|SunnyDay|[upkeep]\n|upkeep\n|\n|t:|1699622885\n|switch|p1a: Venusaur|Venusaur, M, shiny, tera:Fire|42\/100\n|-heal|p1a: Venusaur|100\/100|[from] move: Healing Wish\n|turn|28\n|\n|t:|1699622889\n|move|p1a: Venusaur|Giga Drain|p2a: Luscious Lops\n|-damage|p2a: Luscious Lops|0 fnt\n|faint|p2a: Luscious Lops\n|-damage|p1a: Venusaur|91\/100|[from] item: Life Orb\n|\n|-weather|SunnyDay|[upkeep]\n|upkeep\n|\n|t:|1699622891\n|switch|p2a: Glue Factory|Gliscor, M|39\/100 tox\n|turn|29\n|\n|t:|1699622894\n|move|p2a: Glue Factory|Protect|p2a: Glue Factory\n|-singleturn|p2a: Glue Factory|Protect\n|move|p1a: Venusaur|Giga Drain|p2a: Glue Factory\n|-activate|p2a: Glue Factory|move: Protect\n|\n|-weather|SunnyDay|[upkeep]\n|-heal|p2a: Glue Factory|52\/100 tox|[from] ability: Poison Heal\n|upkeep\n|turn|30\n|\n|t:|1699622898\n|switch|p2a: Sub-Zero|Kyurem|26\/100\n|-ability|p2a: Sub-Zero|Pressure\n|move|p1a: Venusaur|Weather Ball|p2a: Sub-Zero\n|-damage|p2a: Sub-Zero|0 fnt\n|faint|p2a: Sub-Zero\n|-damage|p1a: Venusaur|81\/100|[from] item: Life Orb\n|\n|-weather|SunnyDay|[upkeep]\n|upkeep\n|\n|t:|1699622900\n|switch|p2a: Glue Factory|Gliscor, M|52\/100 tox\n|turn|31\n|\n|t:|1699622903\n|move|p2a: Glue Factory|Protect|p2a: Glue Factory\n|-singleturn|p2a: Glue Factory|Protect\n|move|p1a: Venusaur|Weather Ball|p2a: Glue Factory\n|-activate|p2a: Glue Factory|move: Protect\n|\n|-weather|none\n|-heal|p2a: Glue Factory|64\/100 tox|[from] ability: Poison Heal\n|upkeep\n|turn|32\n|\n|t:|1699622905\n|move|p1a: Venusaur|Giga Drain|p2a: Glue Factory\n|-damage|p2a: Glue Factory|10\/100 tox\n|-heal|p1a: Venusaur|100\/100|[from] drain|[of] p2a: Glue Factory\n|-damage|p1a: Venusaur|91\/100|[from] item: Life Orb\n|move|p2a: Glue Factory|Earthquake|p1a: Venusaur\n|-supereffective|p1a: Venusaur\n|-damage|p1a: Venusaur|6\/100\n|\n|-heal|p2a: Glue Factory|23\/100 tox|[from] ability: Poison Heal\n|upkeep\n|turn|33\n|\n|t:|1699622908\n|move|p2a: Glue Factory|Protect|p2a: Glue Factory\n|-singleturn|p2a: Glue Factory|Protect\n|move|p1a: Venusaur|Giga Drain|p2a: Glue Factory\n|-activate|p2a: Glue Factory|move: Protect\n|\n|-heal|p2a: Glue Factory|35\/100 tox|[from] ability: Poison Heal\n|upkeep\n|turn|34\n|\n|t:|1699622917\n|switch|p2a: Iron Maiden|Iron Valiant, shiny|100\/100\n|move|p1a: Venusaur|Giga Drain|p2a: Iron Maiden\n|-damage|p2a: Iron Maiden|15\/100\n|-heal|p1a: Venusaur|47\/100|[from] drain|[of] p2a: Iron Maiden\n|-damage|p1a: Venusaur|37\/100|[from] item: Life Orb\n|\n|upkeep\n|turn|35\n|\n|t:|1699622924\n|switch|p1a: Dragonite|Dragonite, M, shiny|100\/100\n|move|p2a: Iron Maiden|Focus Blast|p1a: Dragonite\n|-resisted|p1a: Dragonite\n|-damage|p1a: Dragonite|87\/100\n|\n|-heal|p1a: Dragonite|93\/100|[from] item: Leftovers\n|upkeep\n|turn|36\n|\n|t:|1699622929\n|-end|p2a: Iron Maiden|Quark Drive|[silent]\n|switch|p2a: Wish Fish|Alomomola, F|37\/100\n|move|p1a: Dragonite|Extreme Speed|p2a: Wish Fish\n|-damage|p2a: Wish Fish|19\/100\n|\n|-heal|p1a: Dragonite|99\/100|[from] item: Leftovers\n|upkeep\n|turn|37\n|\n|t:|1699622933\n|move|p1a: Dragonite|Curse|p1a: Dragonite\n|-unboost|p1a: Dragonite|spe|1\n|-boost|p1a: Dragonite|atk|1\n|-boost|p1a: Dragonite|def|1\n|move|p2a: Wish Fish|Flip Turn|p1a: Dragonite\n|-resisted|p1a: Dragonite\n|-damage|p1a: Dragonite|95\/100\n|\n|t:|1699622935\n|switch|p2a: Glue Factory|Gliscor, M|35\/100 tox|[from] Flip Turn\n|\n|-heal|p1a: Dragonite|100\/100|[from] item: Leftovers\n|-heal|p2a: Glue Factory|47\/100 tox|[from] ability: Poison Heal\n|upkeep\n|turn|38\n|\n|t:|1699622942\n|move|p2a: Glue Factory|Toxic|p1a: Dragonite\n|-status|p1a: Dragonite|tox\n|move|p1a: Dragonite|Curse|p1a: Dragonite\n|-unboost|p1a: Dragonite|spe|1\n|-boost|p1a: Dragonite|atk|1\n|-boost|p1a: Dragonite|def|1\n|\n|-heal|p2a: Glue Factory|60\/100 tox|[from] ability: Poison Heal\n|-damage|p1a: Dragonite|94\/100 tox|[from] psn\n|upkeep\n|turn|39\n|\n|t:|1699622944\n|move|p2a: Glue Factory|Protect|p2a: Glue Factory\n|-singleturn|p2a: Glue Factory|Protect\n|move|p1a: Dragonite|Curse|p1a: Dragonite\n|-unboost|p1a: Dragonite|spe|1\n|-boost|p1a: Dragonite|atk|1\n|-boost|p1a: Dragonite|def|1\n|\n|-heal|p1a: Dragonite|100\/100 tox|[from] item: Leftovers\n|-heal|p2a: Glue Factory|72\/100 tox|[from] ability: Poison Heal\n|-damage|p1a: Dragonite|88\/100 tox|[from] psn\n|upkeep\n|turn|40\n|\n|t:|1699622947\n|switch|p2a: Wish Fish|Alomomola, F|52\/100\n|move|p1a: Dragonite|Dual Wingbeat|p2a: Wish Fish\n|-damage|p2a: Wish Fish|19\/100\n|-damage|p2a: Wish Fish|0 fnt\n|faint|p2a: Wish Fish\n|-hitcount|p2: Wish Fish|2\n|\n|-heal|p1a: Dragonite|94\/100 tox|[from] item: Leftovers\n|-damage|p1a: Dragonite|76\/100 tox|[from] psn\n|upkeep\n|\n|t:|1699622950\n|switch|p2a: Glue Factory|Gliscor, M|72\/100 tox\n|turn|41\n|\n|t:|1699622958\n|move|p2a: Glue Factory|Protect|p2a: Glue Factory\n|-singleturn|p2a: Glue Factory|Protect\n|move|p1a: Dragonite|Dual Wingbeat|p2a: Glue Factory\n|-activate|p2a: Glue Factory|move: Protect\n|\n|-heal|p1a: Dragonite|82\/100 tox|[from] item: Leftovers\n|-heal|p2a: Glue Factory|85\/100 tox|[from] ability: Poison Heal\n|-damage|p1a: Dragonite|57\/100 tox|[from] psn\n|upkeep\n|turn|42\n|\n|t:|1699622961\n|move|p2a: Glue Factory|Earthquake|p1a: Dragonite\n|-immune|p1a: Dragonite\n|move|p1a: Dragonite|Dual Wingbeat|p2a: Glue Factory\n|-damage|p2a: Glue Factory|49\/100 tox\n|-damage|p2a: Glue Factory|15\/100 tox\n|-hitcount|p2a: Glue Factory|2\n|\n|-heal|p1a: Dragonite|63\/100 tox|[from] item: Leftovers\n|-heal|p2a: Glue Factory|27\/100 tox|[from] ability: Poison Heal\n|-damage|p1a: Dragonite|32\/100 tox|[from] psn\n|upkeep\n|turn|43\n|\n|t:|1699622973\n|move|p2a: Glue Factory|Protect|p2a: Glue Factory\n|-singleturn|p2a: Glue Factory|Protect\n|move|p1a: Dragonite|Extreme Speed|p2a: Glue Factory\n|-activate|p2a: Glue Factory|move: Protect\n|\n|-heal|p1a: Dragonite|38\/100 tox|[from] item: Leftovers\n|-heal|p2a: Glue Factory|39\/100 tox|[from] ability: Poison Heal\n|-damage|p1a: Dragonite|1\/100 tox|[from] psn\n|upkeep\n|turn|44\n|\n|t:|1699622977\n|switch|p2a: Iron Maiden|Iron Valiant, shiny|15\/100\n|move|p1a: Dragonite|Extreme Speed|p2a: Iron Maiden\n|-damage|p2a: Iron Maiden|0 fnt\n|faint|p2a: Iron Maiden\n|-end|p2a: Iron Maiden|Quark Drive|[silent]\n|\n|-heal|p1a: Dragonite|7\/100 tox|[from] item: Leftovers\n|-damage|p1a: Dragonite|0 fnt|[from] psn\n|faint|p1a: Dragonite\n|upkeep\n|\n|t:|1699622982\n|switch|p2a: Glue Factory|Gliscor, M|39\/100 tox\n|switch|p1a: Venusaur|Venusaur, M, shiny, tera:Fire|37\/100\n|turn|45\n|\n|t:|1699622985\n|move|p2a: Glue Factory|Protect|p2a: Glue Factory\n|-singleturn|p2a: Glue Factory|Protect\n|move|p1a: Venusaur|Giga Drain|p2a: Glue Factory\n|-activate|p2a: Glue Factory|move: Protect\n|\n|-heal|p2a: Glue Factory|52\/100 tox|[from] ability: Poison Heal\n|upkeep\n|turn|46\n|\n|t:|1699622987\n|move|p1a: Venusaur|Giga Drain|p2a: Glue Factory\n|-damage|p2a: Glue Factory|0 fnt\n|-heal|p1a: Venusaur|67\/100|[from] drain|[of] p2a: Glue Factory\n|faint|p2a: Glue Factory\n|-damage|p1a: Venusaur|57\/100|[from] item: Life Orb\n|\n|win|Sirrawrzy\n|raw|Sirrawrzy's rating: 1579 &rarr; <strong>1592<\/strong><br \/>(+13 for winning)\n|raw|TestAccountNo.123's rating: 1448 &rarr; <strong>1435<\/strong><br \/>(-13 for losing)\n|c|\u2606Sirrawrzy|ggwp\n","uploadtime":1699622998,"views":4,"p1id":"sirrawrzy","p2id":"testaccountno123","formatid":"gen9nationaldex","rating":1435,"private":0,"password":""}