{"id":"gen9nationaldex-1997418709","p1":"nerdZ","p2":"finnawinbruh","format":"[Gen 9] National Dex","log":"|html|<div class=\"broadcast-blue\"><strong>[Gen 9] National Dex is currently suspecting Sneasler! For information on how to participate check out the <a href=\"https:\/\/www.smogon.com\/forums\/threads\/sv-national-dex-suspect-8-just-dance.3731534\/\">suspect thread<\/a>.<\/strong><\/div>\n|j|\u2606nerdZ\n|j|\u2606finnawinbruh\n|t:|1700802055\n|gametype|singles\n|player|p1|nerdZ|102|1456\n|player|p2|finnawinbruh|volkner|1568\n|teamsize|p1|6\n|teamsize|p2|6\n|gen|9\n|tier|[Gen 9] National Dex\n|rated|\n|rule|HP Percentage Mod: HP is shown in percentages\n|rule|Endless Battle Clause: Forcing endless battles is banned\n|rule|OHKO Clause: OHKO moves are banned\n|rule|Evasion Clause: Evasion abilities, items, and moves are banned\n|rule|Evasion Abilities Clause: Evasion abilities are banned\n|rule|Evasion Items Clause: Evasion items are banned\n|rule|Evasion Moves Clause: Evasion moves are banned\n|rule|Species Clause: Limit one of each Pok\u00e9mon\n|rule|Sleep Clause Mod: Limit one foe put to sleep\n|clearpoke\n|poke|p1|Charizard, F|\n|poke|p1|Great Tusk|\n|poke|p1|Garganacl, F|\n|poke|p1|Corviknight, F|\n|poke|p1|Weavile, M|\n|poke|p1|Kyurem|\n|poke|p2|Zamazenta-*|\n|poke|p2|Garganacl, M|\n|poke|p2|Hoopa-Unbound|\n|poke|p2|Dondozo, M|\n|poke|p2|Gigalith, M|\n|poke|p2|Kyurem|\n|teampreview\n|inactive|Battle timer is ON: inactive players will automatically lose when time's up. (requested by finnawinbruh)\n|\n|t:|1700802064\n|start\n|switch|p1a: Corviknight|Corviknight, F|100\/100\n|switch|p2a: Garganacl|Garganacl, M|100\/100\n|turn|1\n|\n|t:|1700802071\n|move|p1a: Corviknight|Body Press|p2a: Garganacl\n|-supereffective|p2a: Garganacl\n|-damage|p2a: Garganacl|67\/100\n|move|p2a: Garganacl|Salt Cure|p1a: Corviknight\n|-damage|p1a: Corviknight|92\/100\n|-start|p1a: Corviknight|Salt Cure\n|\n|-heal|p2a: Garganacl|74\/100|[from] item: Leftovers\n|-damage|p1a: Corviknight|67\/100|[from] Salt Cure\n|upkeep\n|turn|2\n|\n|t:|1700802075\n|-terastallize|p2a: Garganacl|Psychic\n|move|p1a: Corviknight|U-turn|p2a: Garganacl\n|-supereffective|p2a: Garganacl\n|-damage|p2a: Garganacl|53\/100\n|\n|t:|1700802079\n|switch|p1a: Weavile|Weavile, M|100\/100|[from] U-turn\n|move|p2a: Garganacl|Iron Defense|p2a: Garganacl\n|-boost|p2a: Garganacl|def|2\n|\n|-heal|p2a: Garganacl|59\/100|[from] item: Leftovers\n|upkeep\n|turn|3\n|\n|t:|1700802083\n|move|p1a: Weavile|Knock Off|p2a: Garganacl\n|-supereffective|p2a: Garganacl\n|-damage|p2a: Garganacl|10\/100\n|-enditem|p2a: Garganacl|Leftovers|[from] move: Knock Off|[of] p1a: Weavile\n|move|p2a: Garganacl|Recover|p2a: Garganacl\n|-heal|p2a: Garganacl|60\/100\n|\n|upkeep\n|turn|4\n|\n|t:|1700802096\n|switch|p1a: Garganacl|Garganacl, F|100\/100\n|move|p2a: Garganacl|Recover|p2a: Garganacl\n|-heal|p2a: Garganacl|100\/100\n|\n|upkeep\n|turn|5\n|\n|t:|1700802107\n|switch|p2a: Hoopa|Hoopa-Unbound|100\/100\n|move|p1a: Garganacl|Salt Cure|p2a: Hoopa\n|-damage|p2a: Hoopa|78\/100\n|-start|p2a: Hoopa|Salt Cure\n|\n|-damage|p2a: Hoopa|65\/100|[from] Salt Cure\n|upkeep\n|turn|6\n|\n|t:|1700802114\n|switch|p1a: Corviknight|Corviknight, F|67\/100\n|move|p2a: Hoopa|Psychic|p1a: Corviknight\n|-resisted|p1a: Corviknight\n|-damage|p1a: Corviknight|22\/100\n|\n|-damage|p2a: Hoopa|53\/100|[from] Salt Cure\n|upkeep\n|turn|7\n|\n|t:|1700802119\n|switch|p1a: Weavile|Weavile, M|100\/100\n|move|p2a: Hoopa|Psychic|p1a: Weavile\n|-immune|p1a: Weavile\n|\n|-damage|p2a: Hoopa|41\/100|[from] Salt Cure\n|upkeep\n|turn|8\n|\n|t:|1700802126\n|-activate|p2a: Hoopa|move: Pursuit\n|move|p1a: Weavile|Pursuit|p2a: Hoopa|[from]Pursuit\n|-damage|p2a: Hoopa|0 fnt\n|faint|p2a: Hoopa\n|-hint|A Pokemon can't switch between when it runs out of HP and when it faints\n|\n|upkeep\n|\n|t:|1700802132\n|switch|p2a: Zamazenta|Zamazenta|100\/100\n|-ability|p2a: Zamazenta|Dauntless Shield|boost\n|-boost|p2a: Zamazenta|def|1\n|turn|9\n|\n|t:|1700802138\n|switch|p1a: Corviknight|Corviknight, F|22\/100\n|move|p2a: Zamazenta|Iron Defense|p2a: Zamazenta\n|-boost|p2a: Zamazenta|def|2\n|\n|upkeep\n|turn|10\n|\n|t:|1700802140\n|move|p2a: Zamazenta|Body Press|p1a: Corviknight\n|-damage|p1a: Corviknight|0 fnt\n|-damage|p2a: Zamazenta|84\/100|[from] item: Rocky Helmet|[of] p1a: Corviknight\n|faint|p1a: Corviknight\n|\n|-heal|p2a: Zamazenta|90\/100|[from] item: Leftovers\n|upkeep\n|\n|t:|1700802149\n|switch|p1a: Charizard|Charizard, F|100\/100\n|turn|11\n|\n|t:|1700802151\n|detailschange|p1a: Charizard|Charizard-Mega-Y, F\n|-mega|p1a: Charizard|Charizard|Charizardite Y\n|-weather|SunnyDay|[from] ability: Drought|[of] p1a: Charizard\n|move|p2a: Zamazenta|Stone Edge|p1a: Charizard|[miss]\n|-miss|p2a: Zamazenta|p1a: Charizard\n|move|p1a: Charizard|Air Slash|p2a: Zamazenta\n|-supereffective|p2a: Zamazenta\n|-damage|p2a: Zamazenta|12\/100\n|\n|-weather|SunnyDay|[upkeep]\n|-heal|p2a: Zamazenta|18\/100|[from] item: Leftovers\n|upkeep\n|turn|12\n|\n|t:|1700802160\n|switch|p1a: Garganacl|Garganacl, F|100\/100\n|move|p2a: Zamazenta|Stone Edge|p1a: Garganacl|[miss]\n|-miss|p2a: Zamazenta|p1a: Garganacl\n|\n|-weather|SunnyDay|[upkeep]\n|-heal|p2a: Zamazenta|24\/100|[from] item: Leftovers\n|upkeep\n|turn|13\n|\n|t:|1700802165\n|move|p2a: Zamazenta|Body Press|p1a: Garganacl\n|-supereffective|p1a: Garganacl\n|-damage|p1a: Garganacl|0 fnt\n|faint|p1a: Garganacl\n|\n|-weather|SunnyDay|[upkeep]\n|-heal|p2a: Zamazenta|30\/100|[from] item: Leftovers\n|upkeep\n|\n|t:|1700802168\n|switch|p1a: Kyurem|Kyurem|100\/100\n|-ability|p1a: Kyurem|Pressure\n|turn|14\n|\n|t:|1700802171\n|move|p1a: Kyurem|Freeze-Dry|p2a: Zamazenta\n|-damage|p2a: Zamazenta|0 fnt\n|faint|p2a: Zamazenta\n|\n|-weather|SunnyDay|[upkeep]\n|upkeep\n|c|\u2606finnawinbruh|Bruh\n|c|\u2606finnawinbruh|Fucking bullshit\n|\n|t:|1700802195\n|switch|p2a: Garganacl|Garganacl, M, tera:Psychic|100\/100\n|turn|15\n|\n|t:|1700802198\n|switch|p1a: Weavile|Weavile, M|100\/100\n|move|p2a: Garganacl|Salt Cure|p1a: Weavile\n|-supereffective|p1a: Weavile\n|-damage|p1a: Weavile|54\/100\n|-start|p1a: Weavile|Salt Cure\n|\n|-weather|none\n|-damage|p1a: Weavile|41\/100|[from] Salt Cure\n|upkeep\n|turn|16\n|\n|t:|1700802216\n|switch|p2a: Dondozo|Dondozo, M|100\/100\n|move|p1a: Weavile|Knock Off|p2a: Dondozo\n|-damage|p2a: Dondozo|63\/100\n|-enditem|p2a: Dondozo|Assault Vest|[from] move: Knock Off|[of] p1a: Weavile\n|\n|-damage|p1a: Weavile|29\/100|[from] Salt Cure\n|upkeep\n|turn|17\n|\n|t:|1700802223\n|switch|p1a: Kyurem|Kyurem|100\/100\n|-ability|p1a: Kyurem|Pressure\n|move|p2a: Dondozo|Wave Crash|p1a: Kyurem\n|-resisted|p1a: Kyurem\n|-damage|p1a: Kyurem|81\/100\n|-damage|p2a: Dondozo|58\/100|[from] Recoil\n|\n|upkeep\n|turn|18\n|\n|t:|1700802228\n|move|p1a: Kyurem|Freeze-Dry|p2a: Dondozo\n|-supereffective|p2a: Dondozo\n|-damage|p2a: Dondozo|1\/100\n|-status|p2a: Dondozo|frz\n|cant|p2a: Dondozo|frz\n|\n|upkeep\n|turn|19\n|c|\u2606finnawinbruh|Bruh\n|c|\u2606nerdZ|sorry\n|c|\u2606finnawinbruh|What the fuck\n|c|\u2606finnawinbruh|Go to hell\n|c|\u2606nerdZ|see you there\n|\n|t:|1700802255\n|move|p1a: Kyurem|Freeze-Dry|p2a: Dondozo\n|-supereffective|p2a: Dondozo\n|-damage|p2a: Dondozo|0 fnt\n|faint|p2a: Dondozo\n|\n|upkeep\n|\n|t:|1700802258\n|switch|p2a: Garganacl|Garganacl, M, tera:Psychic|100\/100\n|turn|20\n|\n|t:|1700802264\n|-terastallize|p1a: Kyurem|Ice\n|move|p1a: Kyurem|Freeze-Dry|p2a: Garganacl\n|-damage|p2a: Garganacl|64\/100\n|move|p2a: Garganacl|Iron Defense|p2a: Garganacl\n|-boost|p2a: Garganacl|def|2\n|\n|upkeep\n|turn|21\n|\n|t:|1700802268\n|move|p1a: Kyurem|Freeze-Dry|p2a: Garganacl\n|-damage|p2a: Garganacl|34\/100\n|move|p2a: Garganacl|Recover|p2a: Garganacl\n|-heal|p2a: Garganacl|84\/100\n|\n|upkeep\n|turn|22\n|\n|t:|1700802271\n|switch|p1a: Charizard|Charizard-Mega-Y, F|100\/100\n|-weather|SunnyDay|[from] ability: Drought|[of] p1a: Charizard\n|move|p2a: Garganacl|Recover|p2a: Garganacl\n|-heal|p2a: Garganacl|100\/100\n|\n|-weather|SunnyDay|[upkeep]\n|upkeep\n|turn|23\n|\n|t:|1700802276\n|move|p1a: Charizard|Fire Blast|p2a: Garganacl\n|-damage|p2a: Garganacl|34\/100\n|move|p2a: Garganacl|Salt Cure|p1a: Charizard\n|-supereffective|p1a: Charizard\n|-damage|p1a: Charizard|26\/100\n|-start|p1a: Charizard|Salt Cure\n|\n|-weather|SunnyDay|[upkeep]\n|-damage|p1a: Charizard|14\/100|[from] Salt Cure\n|upkeep\n|turn|24\n|\n|t:|1700802293\n|move|p1a: Charizard|Fire Blast|p2a: Garganacl|[miss]\n|-miss|p1a: Charizard|p2a: Garganacl\n|move|p2a: Garganacl|Recover|p2a: Garganacl\n|-heal|p2a: Garganacl|84\/100\n|\n|-weather|SunnyDay|[upkeep]\n|-damage|p1a: Charizard|2\/100|[from] Salt Cure\n|upkeep\n|turn|25\n|\n|t:|1700802298\n|switch|p2a: Gigalith|Gigalith, M|100\/100\n|-weather|Sandstorm|[from] ability: Sand Stream|[of] p2a: Gigalith\n|move|p1a: Charizard|Fire Blast|p2a: Gigalith\n|-resisted|p2a: Gigalith\n|-damage|p2a: Gigalith|87\/100\n|\n|-weather|Sandstorm|[upkeep]\n|-damage|p1a: Charizard|0 fnt|[from] Sandstorm\n|faint|p1a: Charizard\n|upkeep\n|\n|t:|1700802302\n|switch|p1a: Great Tusk|Great Tusk|100\/100\n|turn|26\n|\n|t:|1700802311\n|switch|p2a: Kyurem|Kyurem|100\/100\n|-ability|p2a: Kyurem|Pressure\n|move|p1a: Great Tusk|Headlong Rush|p2a: Kyurem\n|-damage|p2a: Kyurem|38\/100\n|-unboost|p1a: Great Tusk|def|1\n|-unboost|p1a: Great Tusk|spd|1\n|\n|-weather|Sandstorm|[upkeep]\n|-damage|p2a: Kyurem|32\/100|[from] Sandstorm\n|upkeep\n|turn|27\n|\n|t:|1700802319\n|-end|p1a: Great Tusk|Protosynthesis|[silent]\n|switch|p1a: Weavile|Weavile, M|29\/100\n|move|p2a: Kyurem|Ice Beam|p1a: Weavile\n|-resisted|p1a: Weavile\n|-damage|p1a: Weavile|0 fnt\n|faint|p1a: Weavile\n|\n|-weather|Sandstorm|[upkeep]\n|-damage|p2a: Kyurem|26\/100|[from] Sandstorm\n|upkeep\n|\n|t:|1700802323\n|switch|p1a: Kyurem|Kyurem, tera:Ice|81\/100\n|-ability|p1a: Kyurem|Pressure\n|turn|28\n|\n|t:|1700802326\n|move|p1a: Kyurem|Ice Beam|p2a: Kyurem\n|-damage|p2a: Kyurem|0 fnt\n|faint|p2a: Kyurem\n|\n|-weather|Sandstorm|[upkeep]\n|-damage|p1a: Kyurem|74\/100|[from] Sandstorm\n|upkeep\n|\n|t:|1700802333\n|switch|p2a: Garganacl|Garganacl, M, tera:Psychic|84\/100\n|turn|29\n|\n|t:|1700802347\n|move|p1a: Kyurem|Ice Beam|p2a: Garganacl\n|-damage|p2a: Garganacl|38\/100\n|move|p2a: Garganacl|Recover|p2a: Garganacl\n|-heal|p2a: Garganacl|88\/100\n|\n|-weather|none\n|upkeep\n|turn|30\n|\n|t:|1700802355\n|switch|p2a: Gigalith|Gigalith, M|87\/100\n|-weather|Sandstorm|[from] ability: Sand Stream|[of] p2a: Gigalith\n|move|p1a: Kyurem|Ice Beam|p2a: Gigalith\n|-damage|p2a: Gigalith|60\/100\n|\n|-weather|Sandstorm|[upkeep]\n|-damage|p1a: Kyurem|68\/100|[from] Sandstorm\n|upkeep\n|turn|31\n|\n|t:|1700802366\n|switch|p1a: Great Tusk|Great Tusk|100\/100\n|switch|p2a: Garganacl|Garganacl, M, tera:Psychic|88\/100\n|\n|-weather|Sandstorm|[upkeep]\n|-damage|p2a: Garganacl|82\/100|[from] Sandstorm\n|upkeep\n|turn|32\n|\n|t:|1700802370\n|move|p1a: Great Tusk|Headlong Rush|p2a: Garganacl\n|-damage|p2a: Garganacl|39\/100\n|-unboost|p1a: Great Tusk|def|1\n|-unboost|p1a: Great Tusk|spd|1\n|move|p2a: Garganacl|Iron Defense|p2a: Garganacl\n|-boost|p2a: Garganacl|def|2\n|\n|-weather|Sandstorm|[upkeep]\n|-damage|p2a: Garganacl|33\/100|[from] Sandstorm\n|upkeep\n|turn|33\n|\n|t:|1700802375\n|move|p1a: Great Tusk|Headlong Rush|p2a: Garganacl\n|-damage|p2a: Garganacl|12\/100\n|-unboost|p1a: Great Tusk|def|1\n|-unboost|p1a: Great Tusk|spd|1\n|move|p2a: Garganacl|Recover|p2a: Garganacl\n|-heal|p2a: Garganacl|62\/100\n|\n|-weather|Sandstorm|[upkeep]\n|-damage|p2a: Garganacl|56\/100|[from] Sandstorm\n|upkeep\n|turn|34\n|\n|t:|1700802379\n|move|p1a: Great Tusk|Headlong Rush|p2a: Garganacl\n|-damage|p2a: Garganacl|35\/100\n|-unboost|p1a: Great Tusk|def|1\n|-unboost|p1a: Great Tusk|spd|1\n|move|p2a: Garganacl|Recover|p2a: Garganacl\n|-heal|p2a: Garganacl|85\/100\n|\n|-weather|none\n|upkeep\n|turn|35\n|\n|t:|1700802384\n|-end|p1a: Great Tusk|Protosynthesis|[silent]\n|switch|p1a: Kyurem|Kyurem, tera:Ice|68\/100\n|-ability|p1a: Kyurem|Pressure\n|move|p2a: Garganacl|Body Press|p1a: Kyurem\n|-supereffective|p1a: Kyurem\n|-damage|p1a: Kyurem|0 fnt\n|faint|p1a: Kyurem\n|\n|upkeep\n|\n|t:|1700802387\n|switch|p1a: Great Tusk|Great Tusk|100\/100\n|turn|36\n|\n|t:|1700802391\n|move|p1a: Great Tusk|Headlong Rush|p2a: Garganacl\n|-damage|p2a: Garganacl|66\/100\n|-unboost|p1a: Great Tusk|def|1\n|-unboost|p1a: Great Tusk|spd|1\n|move|p2a: Garganacl|Iron Defense|p2a: Garganacl\n|-boost|p2a: Garganacl|def|2\n|\n|upkeep\n|turn|37\n|\n|t:|1700802395\n|move|p1a: Great Tusk|Headlong Rush|p2a: Garganacl\n|-damage|p2a: Garganacl|52\/100\n|-unboost|p1a: Great Tusk|def|1\n|-unboost|p1a: Great Tusk|spd|1\n|move|p2a: Garganacl|Iron Defense|p2a: Garganacl\n|-boost|p2a: Garganacl|def|2\n|\n|upkeep\n|turn|38\n|\n|t:|1700802397\n|move|p1a: Great Tusk|Headlong Rush|p2a: Garganacl\n|-damage|p2a: Garganacl|42\/100\n|-unboost|p1a: Great Tusk|def|1\n|-unboost|p1a: Great Tusk|spd|1\n|move|p2a: Garganacl|Body Press|p1a: Great Tusk\n|-damage|p1a: Great Tusk|0 fnt\n|faint|p1a: Great Tusk\n|-end|p1a: Great Tusk|Protosynthesis|[silent]\n|\n|win|finnawinbruh\n|raw|nerdZ's rating: 1456 &rarr; <strong>1442<\/strong><br \/>(-14 for losing)\n|raw|finnawinbruh's rating: 1568 &rarr; <strong>1582<\/strong><br \/>(+14 for winning)\n","uploadtime":1700802184,"views":4,"p1id":"nerdz","p2id":"finnawinbruh","formatid":"gen9nationaldex","rating":1442,"private":0,"password":""}