{"id":"gen9nationaldex-1992433538","p1":"thagreatbuffalo","p2":"UrBeardsWeird","format":"[Gen 9] National Dex","log":"|j|\u2606thagreatbuffalo\n|j|\u2606UrBeardsWeird\n|t:|1700187045\n|gametype|singles\n|player|p1|thagreatbuffalo|cynthia-anime|1519\n|player|p2|UrBeardsWeird|101|1602\n|teamsize|p1|6\n|teamsize|p2|6\n|gen|9\n|tier|[Gen 9] National Dex\n|rated|\n|rule|HP Percentage Mod: HP is shown in percentages\n|rule|Endless Battle Clause: Forcing endless battles is banned\n|rule|OHKO Clause: OHKO moves are banned\n|rule|Evasion Clause: Evasion abilities, items, and moves are banned\n|rule|Evasion Abilities Clause: Evasion abilities are banned\n|rule|Evasion Items Clause: Evasion items are banned\n|rule|Evasion Moves Clause: Evasion moves are banned\n|rule|Species Clause: Limit one of each Pok\u00e9mon\n|rule|Sleep Clause Mod: Limit one foe put to sleep\n|clearpoke\n|poke|p1|Okidogi, M|\n|poke|p1|Urshifu-*, F|\n|poke|p1|Tapu Bulu|\n|poke|p1|Sneasler, M|\n|poke|p1|Houndoom, M|\n|poke|p1|Dondozo, F|\n|poke|p2|Pelipper, M|\n|poke|p2|Swampert, F|\n|poke|p2|Tornadus-Therian, M|\n|poke|p2|Ferrothorn, F|\n|poke|p2|Urshifu-*, M|\n|poke|p2|Tapu Koko|\n|teampreview\n|inactive|Battle timer is ON: inactive players will automatically lose when time's up. (requested by UrBeardsWeird)\n|\n|t:|1700187064\n|start\n|switch|p1a: Envy|Okidogi, M|100\/100\n|switch|p2a: Pelipper|Pelipper, M|100\/100\n|-weather|RainDance|[from] ability: Drizzle|[of] p2a: Pelipper\n|turn|1\n|\n|t:|1700187071\n|switch|p2a: Tornadus|Tornadus-Therian, M|100\/100\n|move|p1a: Envy|Poison Jab|p2a: Tornadus\n|-damage|p2a: Tornadus|34\/100\n|-status|p2a: Tornadus|psn\n|\n|-weather|RainDance|[upkeep]\n|-damage|p2a: Tornadus|22\/100 psn|[from] psn\n|upkeep\n|turn|2\n|\n|t:|1700187074\n|move|p2a: Tornadus|Hurricane|p1a: Envy\n|-supereffective|p1a: Envy\n|-damage|p1a: Envy|25\/100\n|-start|p1a: Envy|confusion\n|-activate|p1a: Envy|confusion\n|move|p1a: Envy|Poison Jab|p2a: Tornadus\n|-damage|p2a: Tornadus|0 fnt\n|faint|p2a: Tornadus\n|\n|-weather|RainDance|[upkeep]\n|upkeep\n|\n|t:|1700187077\n|switch|p2a: Swampert|Swampert, F|100\/100\n|turn|3\n|\n|t:|1700187080\n|detailschange|p2a: Swampert|Swampert-Mega, F\n|-mega|p2a: Swampert|Swampert|Swampertite\n|move|p2a: Swampert|Flip Turn|p1a: Envy\n|-damage|p1a: Envy|0 fnt\n|faint|p1a: Envy\n|\n|t:|1700187085\n|switch|p2a: Tapu Koko|Tapu Koko|100\/100|[from] Flip Turn\n|-fieldstart|move: Electric Terrain|[from] ability: Electric Surge|[of] p2a: Tapu Koko\n|\n|-weather|RainDance|[upkeep]\n|upkeep\n|\n|t:|1700187088\n|switch|p1a: Pride|Tapu Bulu, shiny|100\/100\n|-fieldstart|move: Grassy Terrain|[from] ability: Grassy Surge|[of] p1a: Pride\n|turn|4\n|\n|t:|1700187090\n|move|p2a: Tapu Koko|Volt Switch|p1a: Pride\n|-resisted|p1a: Pride\n|-damage|p1a: Pride|76\/100\n|\n|t:|1700187094\n|switch|p2a: Ferrothorn|Ferrothorn, F|100\/100|[from] Volt Switch\n|move|p1a: Pride|Horn Leech|p2a: Ferrothorn\n|-resisted|p2a: Ferrothorn\n|-damage|p2a: Ferrothorn|89\/100\n|-heal|p1a: Pride|82\/100|[from] drain|[of] p2a: Ferrothorn\n|-damage|p1a: Pride|70\/100|[from] ability: Iron Barbs|[of] p2a: Ferrothorn\n|\n|-weather|RainDance|[upkeep]\n|-heal|p1a: Pride|76\/100|[from] Grassy Terrain\n|-heal|p2a: Ferrothorn|96\/100|[from] Grassy Terrain\n|-heal|p2a: Ferrothorn|100\/100|[from] item: Leftovers\n|upkeep\n|turn|5\n|\n|t:|1700187097\n|move|p1a: Pride|Swords Dance|p1a: Pride\n|-boost|p1a: Pride|atk|2\n|move|p2a: Ferrothorn|Stealth Rock|p1a: Pride\n|-sidestart|p1: thagreatbuffalo|move: Stealth Rock\n|\n|-weather|RainDance|[upkeep]\n|-heal|p1a: Pride|82\/100|[from] Grassy Terrain\n|upkeep\n|turn|6\n|\n|t:|1700187099\n|move|p1a: Pride|Close Combat|p2a: Ferrothorn\n|-supereffective|p2a: Ferrothorn\n|-damage|p2a: Ferrothorn|0 fnt\n|-unboost|p1a: Pride|def|1\n|-unboost|p1a: Pride|spd|1\n|-damage|p1a: Pride|70\/100|[from] ability: Iron Barbs|[of] p2a: Ferrothorn\n|faint|p2a: Ferrothorn\n|\n|-weather|RainDance|[upkeep]\n|-heal|p1a: Pride|76\/100|[from] Grassy Terrain\n|upkeep\n|\n|t:|1700187106\n|switch|p2a: Tapu Koko|Tapu Koko|100\/100\n|-fieldstart|move: Electric Terrain|[from] ability: Electric Surge|[of] p2a: Tapu Koko\n|turn|7\n|\n|t:|1700187122\n|switch|p1a: Gluttony|Dondozo, F|100\/100\n|-damage|p1a: Gluttony|88\/100|[from] Stealth Rock\n|move|p2a: Tapu Koko|Dazzling Gleam|p1a: Gluttony\n|-crit|p1a: Gluttony\n|-damage|p1a: Gluttony|10\/100\n|\n|-weather|RainDance|[upkeep]\n|upkeep\n|turn|8\n|\n|t:|1700187125\n|move|p2a: Tapu Koko|Dazzling Gleam|p1a: Gluttony\n|-damage|p1a: Gluttony|0 fnt\n|faint|p1a: Gluttony\n|\n|-weather|none\n|upkeep\n|\n|t:|1700187132\n|switch|p1a: Wrath|Urshifu-Rapid-Strike, F|100\/100\n|-damage|p1a: Wrath|94\/100|[from] Stealth Rock\n|turn|9\n|inactive|UrBeardsWeird has 120 seconds left.\n|j| RocketGruntLudwig\n|inactive|UrBeardsWeird has 90 seconds left.\n|\n|t:|1700187217\n|switch|p2a: Pelipper|Pelipper, M|100\/100\n|-weather|RainDance|[from] ability: Drizzle|[of] p2a: Pelipper\n|-terastallize|p1a: Wrath|Water\n|move|p1a: Wrath|Surging Strikes|p2a: Pelipper\n|-resisted|p2a: Pelipper\n|-crit|p2a: Pelipper\n|-damage|p2a: Pelipper|86\/100\n|-resisted|p2a: Pelipper\n|-crit|p2a: Pelipper\n|-damage|p2a: Pelipper|71\/100\n|-resisted|p2a: Pelipper\n|-crit|p2a: Pelipper\n|-damage|p2a: Pelipper|55\/100\n|-hitcount|p2a: Pelipper|3\n|\n|-weather|RainDance|[upkeep]\n|upkeep\n|turn|10\n|\n|t:|1700187222\n|move|p1a: Wrath|Surging Strikes|p2a: Pelipper\n|-resisted|p2a: Pelipper\n|-crit|p2a: Pelipper\n|-damage|p2a: Pelipper|41\/100\n|-resisted|p2a: Pelipper\n|-crit|p2a: Pelipper\n|-damage|p2a: Pelipper|26\/100\n|-resisted|p2a: Pelipper\n|-crit|p2a: Pelipper\n|-damage|p2a: Pelipper|12\/100\n|-hitcount|p2a: Pelipper|3\n|move|p2a: Pelipper|Roost|p2a: Pelipper\n|-heal|p2a: Pelipper|62\/100\n|-singleturn|p2a: Pelipper|move: Roost\n|\n|-weather|RainDance|[upkeep]\n|upkeep\n|turn|11\n|\n|t:|1700187232\n|switch|p1a: Pride|Tapu Bulu, shiny|76\/100\n|-damage|p1a: Pride|63\/100|[from] Stealth Rock\n|-fieldstart|move: Grassy Terrain|[from] ability: Grassy Surge|[of] p1a: Pride\n|move|p2a: Pelipper|Roost|p2a: Pelipper\n|-heal|p2a: Pelipper|100\/100\n|-singleturn|p2a: Pelipper|move: Roost\n|\n|-weather|RainDance|[upkeep]\n|-heal|p1a: Pride|70\/100|[from] Grassy Terrain\n|upkeep\n|turn|12\n|\n|t:|1700187234\n|move|p1a: Pride|Horn Leech|p2a: Pelipper\n|-damage|p2a: Pelipper|61\/100\n|-heal|p1a: Pride|89\/100|[from] drain|[of] p2a: Pelipper\n|move|p2a: Pelipper|U-turn|p1a: Pride\n|-damage|p1a: Pride|80\/100\n|\n|t:|1700187239\n|switch|p2a: Tapu Koko|Tapu Koko|100\/100|[from] U-turn\n|-fieldstart|move: Electric Terrain|[from] ability: Electric Surge|[of] p2a: Tapu Koko\n|\n|-weather|RainDance|[upkeep]\n|upkeep\n|turn|13\n|\n|t:|1700187250\n|-terastallize|p2a: Tapu Koko|Flying\n|move|p2a: Tapu Koko|Dazzling Gleam|p1a: Pride\n|-damage|p1a: Pride|29\/100\n|move|p1a: Pride|Horn Leech|p2a: Tapu Koko\n|-resisted|p2a: Tapu Koko\n|-damage|p2a: Tapu Koko|70\/100\n|-heal|p1a: Pride|42\/100|[from] drain|[of] p2a: Tapu Koko\n|\n|-weather|RainDance|[upkeep]\n|upkeep\n|turn|14\n|\n|t:|1700187260\n|switch|p1a: Houndoom|Houndoom, M|100\/100\n|-damage|p1a: Houndoom|76\/100|[from] Stealth Rock\n|move|p2a: Tapu Koko|Dazzling Gleam|p1a: Houndoom\n|-damage|p1a: Houndoom|12\/100\n|\n|-weather|RainDance|[upkeep]\n|upkeep\n|turn|15\n|\n|t:|1700187265\n|detailschange|p1a: Houndoom|Houndoom-Mega, M\n|-mega|p1a: Houndoom|Houndoom|Houndoominite\n|move|p2a: Tapu Koko|Dazzling Gleam|p1a: Houndoom\n|-damage|p1a: Houndoom|0 fnt\n|faint|p1a: Houndoom\n|\n|-weather|RainDance|[upkeep]\n|upkeep\n|\n|t:|1700187268\n|switch|p1a: Pride|Tapu Bulu, shiny|42\/100\n|-damage|p1a: Pride|29\/100|[from] Stealth Rock\n|-fieldstart|move: Grassy Terrain|[from] ability: Grassy Surge|[of] p1a: Pride\n|turn|16\n|\n|t:|1700187277\n|move|p2a: Tapu Koko|Dazzling Gleam|p1a: Pride\n|-damage|p1a: Pride|0 fnt\n|faint|p1a: Pride\n|\n|-weather|none\n|upkeep\n|\n|t:|1700187280\n|switch|p1a: Greed|Sneasler, M, shiny|100\/100\n|-damage|p1a: Greed|95\/100|[from] Stealth Rock\n|-enditem|p1a: Greed|Grassy Seed\n|-boost|p1a: Greed|def|1|[from] item: Grassy Seed\n|turn|17\n|\n|t:|1700187284\n|switch|p2a: Pelipper|Pelipper, M|61\/100\n|-weather|RainDance|[from] ability: Drizzle|[of] p2a: Pelipper\n|move|p1a: Greed|Swords Dance|p1a: Greed\n|-boost|p1a: Greed|atk|2\n|\n|-weather|RainDance|[upkeep]\n|-heal|p1a: Greed|100\/100|[from] Grassy Terrain\n|upkeep\n|turn|18\n|\n|t:|1700187288\n|move|p1a: Greed|Dire Claw|p2a: Pelipper\n|-damage|p2a: Pelipper|0 fnt\n|faint|p2a: Pelipper\n|\n|-weather|RainDance|[upkeep]\n|upkeep\n|\n|t:|1700187291\n|switch|p2a: Swampert|Swampert-Mega, F|100\/100\n|turn|19\n|\n|t:|1700187295\n|move|p1a: Greed|Close Combat|p2a: Swampert\n|-damage|p2a: Swampert|0 fnt\n|-unboost|p1a: Greed|def|1\n|-unboost|p1a: Greed|spd|1\n|faint|p2a: Swampert\n|\n|-weather|RainDance|[upkeep]\n|upkeep\n|-message|UrBeardsWeird forfeited.\n|\n|win|thagreatbuffalo\n|raw|thagreatbuffalo's rating: 1519 &rarr; <strong>1544<\/strong><br \/>(+25 for winning)\n|raw|UrBeardsWeird's rating: 1602 &rarr; <strong>1577<\/strong><br \/>(-25 for losing)\n|l|\u2606UrBeardsWeird\n|c|\u2606thagreatbuffalo|gg\n","uploadtime":1700187305,"views":16,"p1id":"thagreatbuffalo","p2id":"urbeardsweird","formatid":"gen9nationaldex","rating":1544,"private":0,"password":""}