{"id":"gen9nationaldex-1995819460","p1":"DIOderent","p2":"skintu","format":"[Gen 9] National Dex","log":"|html|<div class=\"broadcast-blue\"><strong>[Gen 9] National Dex is currently suspecting Sneasler! For information on how to participate check out the <a href=\"https:\/\/www.smogon.com\/forums\/threads\/sv-national-dex-suspect-8-just-dance.3731534\/\">suspect thread<\/a>.<\/strong><\/div>\n|j|\u2606DIOderent\n|j|\u2606skintu\n|t:|1700606270\n|gametype|singles\n|player|p1|DIOderent|youngster-gen2|1000\n|player|p2|skintu|teamrocket|1043\n|teamsize|p1|6\n|teamsize|p2|6\n|gen|9\n|tier|[Gen 9] National Dex\n|rated|\n|rule|HP Percentage Mod: HP is shown in percentages\n|rule|Endless Battle Clause: Forcing endless battles is banned\n|rule|OHKO Clause: OHKO moves are banned\n|rule|Evasion Clause: Evasion abilities, items, and moves are banned\n|rule|Evasion Abilities Clause: Evasion abilities are banned\n|rule|Evasion Items Clause: Evasion items are banned\n|rule|Evasion Moves Clause: Evasion moves are banned\n|rule|Species Clause: Limit one of each Pok\u00e9mon\n|rule|Sleep Clause Mod: Limit one foe put to sleep\n|clearpoke\n|poke|p1|Banette, L26, F|\n|poke|p1|Spiritomb, F|\n|poke|p1|Mimikyu, M|\n|poke|p1|Gengar, M|\n|poke|p1|Dusclops, F|\n|poke|p1|Mismagius, F|\n|poke|p2|Weezing, M|\n|poke|p2|Arbok, F|\n|poke|p2|Meowth, M|\n|poke|p2|Wobbuffet, F|\n|poke|p2|Victreebel, F|\n|poke|p2|Lickitung, F|\n|teampreview\n|c|\u2606DIOderent|my team may or may not suck\n|c|\u2606DIOderent|HOLY SHIT TEAM ROCKET\n|\n|t:|1700606292\n|start\n|switch|p1a: edgy|Banette, L26, F|100\/100\n|switch|p2a: Weezing|Weezing, M|100\/100\n|turn|1\n|\n|t:|1700606301\n|detailschange|p1a: edgy|Banette-Mega, L26, F\n|-mega|p1a: edgy|Banette|Banettite\n|move|p1a: edgy|Protect|p1a: edgy\n|-singleturn|p1a: edgy|Protect\n|move|p2a: Weezing|Toxic Spikes|p1a: edgy\n|-sidestart|p1: DIOderent|move: Toxic Spikes\n|\n|upkeep\n|turn|2\n|\n|t:|1700606311\n|move|p1a: edgy|Taunt|p2a: Weezing\n|-start|p2a: Weezing|move: Taunt\n|cant|p2a: Weezing|move: Taunt|Toxic Spikes\n|\n|upkeep\n|turn|3\n|\n|t:|1700606318\n|switch|p2a: Victreebel|Victreebel, F|100\/100\n|move|p1a: edgy|Destiny Bond|p1a: edgy\n|-singlemove|p1a: edgy|Destiny Bond\n|\n|upkeep\n|turn|4\n|\n|t:|1700606324\n|move|p1a: edgy|Taunt|p2a: Victreebel\n|-start|p2a: Victreebel|move: Taunt\n|move|p2a: Victreebel|Knock Off|p1a: edgy\n|-supereffective|p1a: edgy\n|-damage|p1a: edgy|0 fnt\n|faint|p1a: edgy\n|\n|upkeep\n|\n|t:|1700606329\n|switch|p1a: spooooooookyyy!!!|Gengar, M, shiny|100\/100\n|-sideend|p1: DIOderent|move: Toxic Spikes|[of] p1a: spooooooookyyy!!!\n|turn|5\n|\n|t:|1700606351\n|move|p1a: spooooooookyyy!!!|Destiny Bond|p1a: spooooooookyyy!!!\n|-singlemove|p1a: spooooooookyyy!!!|Destiny Bond\n|move|p2a: Victreebel|Knock Off|p1a: spooooooookyyy!!!\n|-supereffective|p1a: spooooooookyyy!!!\n|-damage|p1a: spooooooookyyy!!!|0 fnt\n|-start|p2a: Victreebel|Disable|Knock Off|[from] ability: Cursed Body|[of] p1a: spooooooookyyy!!!\n|-enditem|p1a: spooooooookyyy!!!|Black Sludge|[from] move: Knock Off|[of] p2a: Victreebel\n|faint|p1a: spooooooookyyy!!!\n|-activate|p1a: spooooooookyyy!!!|move: Destiny Bond\n|faint|p2a: Victreebel\n|\n|upkeep\n|\n|t:|1700606361\n|switch|p1a: cool|Spiritomb, F, shiny|100\/100\n|switch|p2a: Weezing|Weezing, M|100\/100\n|-ability|p1a: cool|Pressure\n|turn|6\n|\n|t:|1700606369\n|move|p2a: Weezing|Toxic Spikes|p1a: cool\n|-sidestart|p1: DIOderent|move: Toxic Spikes\n|move|p1a: cool|Substitute|p1a: cool\n|-start|p1a: cool|Substitute\n|-damage|p1a: cool|76\/100\n|\n|-heal|p1a: cool|82\/100|[from] item: Leftovers\n|upkeep\n|turn|7\n|\n|t:|1700606375\n|move|p2a: Weezing|Flamethrower|p1a: cool\n|-activate|p1a: cool|move: Substitute|[damage]\n|move|p1a: cool|Pain Split|p2a: Weezing\n|-sethp|p2a: Weezing|91\/100|[from] move: Pain Split|[silent]\n|-sethp|p1a: cool|91\/100|[from] move: Pain Split\n|\n|-heal|p1a: cool|97\/100|[from] item: Leftovers\n|upkeep\n|turn|8\n|\n|t:|1700606383\n|move|p2a: Weezing|Gunk Shot|p1a: cool\n|-resisted|p1a: cool\n|-end|p1a: cool|Substitute\n|move|p1a: cool|Curse|p2a: Weezing\n|-start|p2a: Weezing|Curse|[of] p1a: cool\n|-damage|p1a: cool|47\/100\n|\n|-heal|p1a: cool|53\/100|[from] item: Leftovers\n|-damage|p2a: Weezing|66\/100|[from] Curse\n|upkeep\n|turn|9\n|\n|t:|1700606396\n|switch|p2a: Arbok|Arbok, F|100\/100\n|-ability|p2a: Arbok|Intimidate|boost\n|-unboost|p1a: cool|atk|1\n|move|p1a: cool|Protect||[still]\n|-fail|p1a: cool\n|\n|-heal|p1a: cool|59\/100|[from] item: Leftovers\n|upkeep\n|turn|10\n|\n|t:|1700606404\n|move|p2a: Arbok|Earthquake|p1a: cool\n|-damage|p1a: cool|11\/100\n|move|p1a: cool|Pain Split|p2a: Arbok\n|-sethp|p2a: Arbok|56\/100|[from] move: Pain Split|[silent]\n|-sethp|p1a: cool|49\/100|[from] move: Pain Split\n|\n|-heal|p1a: cool|55\/100|[from] item: Leftovers\n|upkeep\n|turn|11\n|\n|t:|1700606417\n|move|p1a: cool|Protect|p1a: cool\n|-singleturn|p1a: cool|Protect\n|move|p2a: Arbok|Earthquake|p1a: cool\n|-activate|p1a: cool|move: Protect\n|\n|-heal|p1a: cool|61\/100|[from] item: Leftovers\n|upkeep\n|turn|12\n|\n|t:|1700606425\n|move|p2a: Arbok|Earthquake|p1a: cool\n|-damage|p1a: cool|15\/100\n|move|p1a: cool|Pain Split|p2a: Arbok\n|-sethp|p2a: Arbok|37\/100|[from] move: Pain Split|[silent]\n|-sethp|p1a: cool|32\/100|[from] move: Pain Split\n|\n|-heal|p1a: cool|38\/100|[from] item: Leftovers\n|upkeep\n|turn|13\n|\n|t:|1700606435\n|move|p1a: cool|Protect|p1a: cool\n|-singleturn|p1a: cool|Protect\n|move|p2a: Arbok|Earthquake|p1a: cool\n|-activate|p1a: cool|move: Protect\n|\n|-heal|p1a: cool|44\/100|[from] item: Leftovers\n|upkeep\n|turn|14\n|\n|t:|1700606442\n|switch|p1a: traffic cone|Mismagius, F, shiny|100\/100\n|move|p2a: Arbok|Earthquake|p1a: traffic cone\n|-immune|p1a: traffic cone|[from] ability: Levitate\n|\n|upkeep\n|turn|15\n|\n|t:|1700606450\n|move|p1a: traffic cone|Destiny Bond|p1a: traffic cone\n|-singlemove|p1a: traffic cone|Destiny Bond\n|move|p2a: Arbok|Earthquake|p1a: traffic cone\n|-immune|p1a: traffic cone|[from] ability: Levitate\n|\n|upkeep\n|turn|16\n|\n|t:|1700606458\n|switch|p2a: Wobbuffet|Wobbuffet, F|100\/100\n|move|p1a: traffic cone|Protect||[still]\n|-fail|p1a: traffic cone\n|\n|upkeep\n|turn|17\n|\n|t:|1700606463\n|move|p1a: traffic cone|Curse|p2a: Wobbuffet\n|-start|p2a: Wobbuffet|Curse|[of] p1a: traffic cone\n|-damage|p1a: traffic cone|50\/100\n|move|p2a: Wobbuffet|Destiny Bond|p2a: Wobbuffet\n|-singlemove|p2a: Wobbuffet|Destiny Bond\n|\n|-damage|p2a: Wobbuffet|75\/100|[from] Curse\n|upkeep\n|turn|18\n|\n|t:|1700606471\n|move|p1a: traffic cone|Pain Split|p2a: Wobbuffet\n|-sethp|p2a: Wobbuffet|52\/100|[from] move: Pain Split|[silent]\n|-sethp|p1a: traffic cone|93\/100|[from] move: Pain Split\n|move|p2a: Wobbuffet|Encore|p1a: traffic cone\n|-start|p1a: traffic cone|Encore\n|\n|-heal|p2a: Wobbuffet|58\/100|[from] item: Leftovers\n|-damage|p2a: Wobbuffet|33\/100|[from] Curse\n|upkeep\n|turn|19\n|\n|t:|1700606487\n|switch|p1a: cool|Spiritomb, F, shiny|44\/100\n|-status|p1a: cool|psn\n|-ability|p1a: cool|Pressure\n|move|p2a: Wobbuffet|Destiny Bond|p2a: Wobbuffet\n|-singlemove|p2a: Wobbuffet|Destiny Bond\n|\n|-heal|p1a: cool|50\/100 psn|[from] item: Leftovers\n|-heal|p2a: Wobbuffet|39\/100|[from] item: Leftovers\n|-damage|p1a: cool|37\/100 psn|[from] psn\n|-damage|p2a: Wobbuffet|14\/100|[from] Curse\n|upkeep\n|turn|20\n|\n|t:|1700606501\n|move|p1a: cool|Protect|p1a: cool\n|-singleturn|p1a: cool|Protect\n|move|p2a: Wobbuffet|Mirror Coat||[still]\n|-fail|p2a: Wobbuffet\n|\n|-heal|p1a: cool|43\/100 psn|[from] item: Leftovers\n|-heal|p2a: Wobbuffet|20\/100|[from] item: Leftovers\n|-damage|p1a: cool|31\/100 psn|[from] psn\n|-damage|p2a: Wobbuffet|0 fnt|[from] Curse\n|faint|p2a: Wobbuffet\n|upkeep\n|-message|skintu forfeited.\n|\n|win|DIOderent\n|raw|DIOderent's rating: 1000 &rarr; <strong>1045<\/strong><br \/>(+45 for winning)\n|raw|skintu's rating: 1043 &rarr; <strong>1025<\/strong><br \/>(-18 for losing)\n|l|\u2606skintu\n|c|\u2606DIOderent|what\n","uploadtime":1700606519,"views":21,"p1id":"dioderent","p2id":"skintu","formatid":"gen9nationaldex","rating":1025,"private":0,"password":""}