{"id":"gen9nationaldex-1998060760","p1":"Onlymanever","p2":"RandomStrawberri","format":"[Gen 9] National Dex","log":"|html|<div class=\"broadcast-blue\"><strong>[Gen 9] National Dex is currently suspecting Sneasler! For information on how to participate check out the <a href=\"https:\/\/www.smogon.com\/forums\/threads\/sv-national-dex-suspect-8-just-dance.3731534\/\">suspect thread<\/a>.<\/strong><\/div>\n|j|\u203dOnlymanever\n|j|\u2606RandomStrawberri\n|t:|1700885266\n|gametype|singles\n|player|p1|Onlymanever|lyra|1058\n|player|p2|RandomStrawberri|swimmerf|1000\n|teamsize|p1|6\n|teamsize|p2|6\n|gen|9\n|tier|[Gen 9] National Dex\n|rated|\n|rule|HP Percentage Mod: HP is shown in percentages\n|rule|Endless Battle Clause: Forcing endless battles is banned\n|rule|OHKO Clause: OHKO moves are banned\n|rule|Evasion Clause: Evasion abilities, items, and moves are banned\n|rule|Evasion Abilities Clause: Evasion abilities are banned\n|rule|Evasion Items Clause: Evasion items are banned\n|rule|Evasion Moves Clause: Evasion moves are banned\n|rule|Species Clause: Limit one of each Pok\u00e9mon\n|rule|Sleep Clause Mod: Limit one foe put to sleep\n|clearpoke\n|poke|p1|Chesnaught, F|\n|poke|p1|Vivillon, M|\n|poke|p1|Pyroar, F|\n|poke|p1|Clawitzer, M|\n|poke|p1|Aegislash, M|\n|poke|p1|Tyrantrum, M|\n|poke|p2|Lickilicky, M|\n|poke|p2|Silvally-*|\n|poke|p2|Minior|\n|poke|p2|Dragonite, M|\n|poke|p2|Electrode-Hisui|\n|poke|p2|Snorlax, M|\n|teampreview\n|\n|t:|1700885277\n|start\n|switch|p1a: Vivillon|Vivillon, M|100\/100\n|switch|p2a: Electrode|Electrode-Hisui|100\/100\n|turn|1\n|\n|t:|1700885294\n|switch|p1a: Chesnaught|Chesnaught, F|100\/100\n|move|p2a: Electrode|Explosion|p1a: Chesnaught\n|-damage|p1a: Chesnaught|56\/100\n|faint|p2a: Electrode\n|\n|-heal|p1a: Chesnaught|62\/100|[from] item: Leftovers\n|upkeep\n|\n|t:|1700885300\n|switch|p2a: Lickilicky|Lickilicky, M, shiny|100\/100\n|turn|2\n|\n|t:|1700885305\n|move|p1a: Chesnaught|Bulk Up|p1a: Chesnaught\n|-boost|p1a: Chesnaught|atk|1\n|-boost|p1a: Chesnaught|def|1\n|move|p2a: Lickilicky|Swords Dance|p2a: Lickilicky\n|-boost|p2a: Lickilicky|atk|2\n|\n|-heal|p1a: Chesnaught|68\/100|[from] item: Leftovers\n|upkeep\n|turn|3\n|\n|t:|1700885316\n|move|p1a: Chesnaught|Close Combat|p2a: Lickilicky\n|-supereffective|p2a: Lickilicky\n|-damage|p2a: Lickilicky|0 fnt\n|-unboost|p1a: Chesnaught|def|1\n|-unboost|p1a: Chesnaught|spd|1\n|faint|p2a: Lickilicky\n|\n|-heal|p1a: Chesnaught|74\/100|[from] item: Leftovers\n|upkeep\n|\n|t:|1700885319\n|switch|p2a: Silvally|Silvally, shiny|100\/100\n|turn|4\n|\n|t:|1700885327\n|move|p2a: Silvally|Protect|p2a: Silvally\n|-singleturn|p2a: Silvally|Protect\n|move|p1a: Chesnaught|Close Combat|p2a: Silvally\n|-activate|p2a: Silvally|move: Protect\n|\n|-heal|p1a: Chesnaught|80\/100|[from] item: Leftovers\n|upkeep\n|turn|5\n|\n|t:|1700885335\n|move|p2a: Silvally|Substitute|p2a: Silvally\n|-start|p2a: Silvally|Substitute\n|-damage|p2a: Silvally|76\/100\n|move|p1a: Chesnaught|Close Combat|p2a: Silvally\n|-supereffective|p2a: Silvally\n|-crit|p2a: Silvally\n|-end|p2a: Silvally|Substitute\n|-unboost|p1a: Chesnaught|def|1\n|-unboost|p1a: Chesnaught|spd|1\n|\n|-heal|p1a: Chesnaught|86\/100|[from] item: Leftovers\n|upkeep\n|turn|6\n|\n|t:|1700885346\n|move|p2a: Silvally|Explosion|p1a: Chesnaught\n|-enditem|p2a: Silvally|Normal Gem|[from] gem\n|-damage|p1a: Chesnaught|0 fnt\n|faint|p2a: Silvally\n|faint|p1a: Chesnaught\n|\n|upkeep\n|\n|t:|1700885352\n|switch|p2a: Minior|Minior, shiny|100\/100\n|switch|p1a: Aegislash|Aegislash, M|100\/100\n|-formechange|p2a: Minior|Minior-Meteor||[from] ability: Shields Down\n|turn|7\n|\n|t:|1700885359\n|move|p2a: Minior|Stealth Rock|p1a: Aegislash\n|-sidestart|p1: Onlymanever|move: Stealth Rock\n|move|p1a: Aegislash|Swords Dance|p1a: Aegislash\n|-boost|p1a: Aegislash|atk|2\n|\n|upkeep\n|turn|8\n|\n|t:|1700885365\n|move|p2a: Minior|Protect|p2a: Minior\n|-singleturn|p2a: Minior|Protect\n|move|p1a: Aegislash|Swords Dance|p1a: Aegislash\n|-boost|p1a: Aegislash|atk|2\n|\n|upkeep\n|turn|9\n|-message|RandomStrawberri forfeited.\n|\n|win|Onlymanever\n|raw|Onlymanever's rating: 1058 &rarr; <strong>1084<\/strong><br \/>(+26 for winning)\n|raw|RandomStrawberri's rating: 1000 &rarr; <strong>1000<\/strong><br \/>(+0 for losing)\n|l|\u2606RandomStrawberri\n","uploadtime":1700885387,"views":1,"p1id":"onlymanever","p2id":"randomstrawberri","formatid":"gen9nationaldex","rating":1000,"private":0,"password":""}