{"id":"gen9nationaldex-1989022056","p1":"Qapi","p2":"Skye32","format":"[Gen 9] National Dex","log":"|j|\u2606Qapi\n|j|\u2606Skye32\n|t:|1699803259\n|gametype|singles\n|player|p1|Qapi|pokemaniac|\n|player|p2|Skye32|170|\n|teamsize|p1|6\n|teamsize|p2|6\n|gen|9\n|tier|[Gen 9] National Dex\n|rule|HP Percentage Mod: HP is shown in percentages\n|rule|Endless Battle Clause: Forcing endless battles is banned\n|rule|OHKO Clause: OHKO moves are banned\n|rule|Evasion Clause: Evasion abilities, items, and moves are banned\n|rule|Evasion Abilities Clause: Evasion abilities are banned\n|rule|Evasion Items Clause: Evasion items are banned\n|rule|Evasion Moves Clause: Evasion moves are banned\n|rule|Species Clause: Limit one of each Pok\u00e9mon\n|rule|Sleep Clause Mod: Limit one foe put to sleep\n|clearpoke\n|poke|p1|Aggron, M|\n|poke|p1|Lycanroc, M|\n|poke|p1|Drednaw, M|\n|poke|p1|Garganacl, M|\n|poke|p1|Ogerpon-Cornerstone, F|\n|poke|p1|Glimmora, F|\n|poke|p2|Ogerpon-Cornerstone, F|\n|poke|p2|Tyranitar, M|\n|poke|p2|Glimmora, F|\n|poke|p2|Garganacl, F|\n|poke|p2|Minior|\n|poke|p2|Excadrill, F|\n|teampreview\n|c|\u2606Qapi|Similar teams lol\n|\n|t:|1699803313\n|start\n|switch|p1a: Glimmora|Glimmora, F|100\/100\n|switch|p2a: Glimmora|Glimmora, F|100\/100\n|turn|1\n|\n|t:|1699803326\n|move|p2a: Glimmora|Earth Power|p1a: Glimmora\n|-supereffective|p1a: Glimmora\n|-enditem|p1a: Glimmora|Focus Sash\n|-damage|p1a: Glimmora|1\/100\n|move|p1a: Glimmora|Stealth Rock|p2a: Glimmora\n|-sidestart|p2: Skye32|move: Stealth Rock\n|\n|upkeep\n|turn|2\n|\n|t:|1699803338\n|move|p2a: Glimmora|Earth Power|p1a: Glimmora\n|-supereffective|p1a: Glimmora\n|-damage|p1a: Glimmora|0 fnt\n|faint|p1a: Glimmora\n|\n|upkeep\n|\n|t:|1699803346\n|switch|p1a: Lycanroc|Lycanroc, M|100\/100\n|turn|3\n|\n|t:|1699803370\n|move|p2a: Glimmora|Earth Power|p1a: Lycanroc\n|-supereffective|p1a: Lycanroc\n|-enditem|p1a: Lycanroc|Focus Sash\n|-damage|p1a: Lycanroc|1\/100\n|move|p1a: Lycanroc|Close Combat|p2a: Glimmora\n|-damage|p2a: Glimmora|49\/100\n|-unboost|p1a: Lycanroc|def|1\n|-unboost|p1a: Lycanroc|spd|1\n|-activate|p2a: Glimmora|ability: Toxic Debris\n|-sidestart|p1: Qapi|move: Toxic Spikes\n|\n|upkeep\n|turn|4\n|\n|t:|1699803394\n|move|p2a: Glimmora|Earth Power|p1a: Lycanroc\n|-supereffective|p1a: Lycanroc\n|-damage|p1a: Lycanroc|0 fnt\n|faint|p1a: Lycanroc\n|\n|upkeep\n|\n|t:|1699803396\n|switch|p1a: Aggron|Aggron, M|100\/100\n|turn|5\n|\n|t:|1699803404\n|-terastallize|p1a: Aggron|Grass\n|move|p2a: Glimmora|Earth Power|p1a: Aggron\n|-resisted|p1a: Aggron\n|-crit|p1a: Aggron\n|-damage|p1a: Aggron|59\/100\n|move|p1a: Aggron|Autotomize|p1a: Aggron\n|-boost|p1a: Aggron|spe|2\n|-start|p1a: Aggron|Autotomize\n|\n|upkeep\n|turn|6\n|\n|t:|1699803417\n|move|p2a: Glimmora|Earth Power|p1a: Aggron\n|-resisted|p1a: Aggron\n|-damage|p1a: Aggron|31\/100\n|move|p1a: Aggron|Autotomize|p1a: Aggron\n|-boost|p1a: Aggron|spe|2\n|-start|p1a: Aggron|Autotomize\n|\n|upkeep\n|turn|7\n|\n|t:|1699803437\n|move|p1a: Aggron|Autotomize|p1a: Aggron\n|-boost|p1a: Aggron|spe|2\n|-start|p1a: Aggron|Autotomize\n|move|p2a: Glimmora|Earth Power|p1a: Aggron\n|-resisted|p1a: Aggron\n|-damage|p1a: Aggron|2\/100\n|-enditem|p1a: Aggron|Liechi Berry|[eat]\n|-boost|p1a: Aggron|atk|1|[from] item: Liechi Berry\n|\n|upkeep\n|turn|8\n|\n|t:|1699803452\n|move|p1a: Aggron|Earthquake|p2a: Glimmora\n|-supereffective|p2a: Glimmora\n|-damage|p2a: Glimmora|0 fnt\n|-activate|p2a: Glimmora|ability: Toxic Debris\n|-sidestart|p1: Qapi|move: Toxic Spikes\n|faint|p2a: Glimmora\n|\n|upkeep\n|\n|t:|1699803461\n|switch|p2a: Minior|Minior|100\/100\n|-damage|p2a: Minior|76\/100|[from] Stealth Rock\n|-formechange|p2a: Minior|Minior-Meteor||[from] ability: Shields Down\n|turn|9\n|\n|t:|1699803476\n|move|p1a: Aggron|Iron Head|p2a: Minior\n|-supereffective|p2a: Minior\n|-damage|p2a: Minior|0 fnt\n|faint|p2a: Minior\n|\n|upkeep\n|\n|t:|1699803480\n|switch|p2a: Garganacl|Garganacl, F|100\/100\n|-damage|p2a: Garganacl|88\/100|[from] Stealth Rock\n|turn|10\n|\n|t:|1699803487\n|-terastallize|p2a: Garganacl|Grass\n|move|p1a: Aggron|Iron Head|p2a: Garganacl\n|-damage|p2a: Garganacl|47\/100\n|cant|p2a: Garganacl|flinch\n|\n|-heal|p2a: Garganacl|53\/100|[from] item: Leftovers\n|upkeep\n|turn|11\n|\n|t:|1699803496\n|move|p1a: Aggron|Iron Head|p2a: Garganacl\n|-damage|p2a: Garganacl|18\/100\n|move|p2a: Garganacl|Body Press|p1a: Aggron\n|-damage|p1a: Aggron|0 fnt\n|faint|p1a: Aggron\n|\n|-heal|p2a: Garganacl|24\/100|[from] item: Leftovers\n|upkeep\n|l|\u2606Qapi\n|player|p1|\n|j| omegashenronone\n|c| omegashenronone|You guys forgot to send lol\n|c|\u2606Skye32|They left\n|c| omegashenronone|Probably disconected\n|c| omegashenronone|Dam banji you lost half your team to choice scarf glimmora\n|j|\u2606Qapi\n|player|p1|Qapi|pokemaniac\n|\n|t:|1699803798\n|switch|p1a: Drednaw|Drednaw, M|100\/100\n|-status|p1a: Drednaw|tox\n|turn|12\n|\n|t:|1699803816\n|move|p1a: Drednaw|Shell Smash|p1a: Drednaw\n|-unboost|p1a: Drednaw|def|1\n|-unboost|p1a: Drednaw|spd|1\n|-boost|p1a: Drednaw|atk|2\n|-boost|p1a: Drednaw|spa|2\n|-boost|p1a: Drednaw|spe|2\n|-enditem|p1a: Drednaw|White Herb\n|-clearnegativeboost|p1a: Drednaw|[silent]\n|move|p2a: Garganacl|Body Press|p1a: Drednaw\n|-supereffective|p1a: Drednaw\n|-damage|p1a: Drednaw|46\/100 tox\n|\n|-heal|p2a: Garganacl|30\/100|[from] item: Leftovers\n|-damage|p1a: Drednaw|39\/100 tox|[from] psn\n|upkeep\n|turn|13\n|\n|t:|1699803829\n|move|p1a: Drednaw|Ice Spinner|p2a: Garganacl\n|-supereffective|p2a: Garganacl\n|-damage|p2a: Garganacl|0 fnt\n|faint|p2a: Garganacl\n|\n|-damage|p1a: Drednaw|27\/100 tox|[from] psn\n|upkeep\n|\n|t:|1699803832\n|switch|p2a: Tyranitar|Tyranitar, M|100\/100\n|-damage|p2a: Tyranitar|88\/100|[from] Stealth Rock\n|-weather|Sandstorm|[from] ability: Sand Stream|[of] p2a: Tyranitar\n|turn|14\n|\n|t:|1699803844\n|detailschange|p2a: Tyranitar|Tyranitar-Mega, M\n|-mega|p2a: Tyranitar|Tyranitar|Tyranitarite\n|move|p1a: Drednaw|Waterfall|p2a: Tyranitar\n|-supereffective|p2a: Tyranitar\n|-damage|p2a: Tyranitar|0 fnt\n|faint|p2a: Tyranitar\n|\n|-weather|Sandstorm|[upkeep]\n|-damage|p1a: Drednaw|8\/100 tox|[from] psn\n|upkeep\n|\n|t:|1699803849\n|switch|p2a: Excadrill|Excadrill, F|100\/100\n|-damage|p2a: Excadrill|97\/100|[from] Stealth Rock\n|turn|15\n|\n|t:|1699803861\n|move|p2a: Excadrill|Iron Head|p1a: Drednaw\n|-damage|p1a: Drednaw|0 fnt\n|faint|p1a: Drednaw\n|\n|-weather|Sandstorm|[upkeep]\n|upkeep\n|\n|t:|1699803866\n|switch|p1a: Ogerpon|Ogerpon-Cornerstone, F|100\/100\n|-status|p1a: Ogerpon|tox\n|turn|16\n|\n|t:|1699803877\n|move|p2a: Excadrill|Iron Head|p1a: Ogerpon\n|-supereffective|p1a: Ogerpon\n|-ability|p1a: Ogerpon|Sturdy\n|-damage|p1a: Ogerpon|1\/100 tox\n|move|p1a: Ogerpon|Horn Leech|p2a: Excadrill\n|-damage|p2a: Excadrill|29\/100\n|-heal|p1a: Ogerpon|42\/100 tox|[from] drain|[of] p2a: Excadrill\n|\n|-weather|Sandstorm|[upkeep]\n|-damage|p1a: Ogerpon|36\/100 tox|[from] psn\n|upkeep\n|turn|17\n|\n|t:|1699803892\n|move|p1a: Ogerpon|Spiky Shield|p1a: Ogerpon\n|-singleturn|p1a: Ogerpon|move: Protect\n|move|p2a: Excadrill|Iron Head|p1a: Ogerpon\n|-activate|p1a: Ogerpon|move: Protect\n|-damage|p2a: Excadrill|17\/100|[from] Spiky Shield|[of] p1a: Ogerpon\n|\n|-weather|Sandstorm|[upkeep]\n|-damage|p1a: Ogerpon|24\/100 tox|[from] psn\n|upkeep\n|turn|18\n|\n|t:|1699803913\n|move|p1a: Ogerpon|Spiky Shield|p1a: Ogerpon\n|-singleturn|p1a: Ogerpon|move: Protect\n|move|p2a: Excadrill|Iron Head|p1a: Ogerpon\n|-activate|p1a: Ogerpon|move: Protect\n|-damage|p2a: Excadrill|4\/100|[from] Spiky Shield|[of] p1a: Ogerpon\n|\n|-weather|none\n|-damage|p1a: Ogerpon|6\/100 tox|[from] psn\n|upkeep\n|turn|19\n|\n|t:|1699803919\n|move|p1a: Ogerpon|Horn Leech|p2a: Excadrill\n|-damage|p2a: Excadrill|0 fnt\n|-heal|p1a: Ogerpon|8\/100 tox|[from] drain|[of] p2a: Excadrill\n|faint|p2a: Excadrill\n|\n|-damage|p1a: Ogerpon|0 fnt|[from] psn\n|faint|p1a: Ogerpon\n|upkeep\n|\n|t:|1699803925\n|switch|p1a: Garganacl|Garganacl, M|100\/100\n|switch|p2a: Ogerpon|Ogerpon-Cornerstone, F|100\/100\n|-damage|p2a: Ogerpon|88\/100|[from] Stealth Rock\n|turn|20\n|c| omegashenronone|Holy\n|\n|t:|1699803943\n|move|p2a: Ogerpon|Ivy Cudgel|p1a: Garganacl\n|-damage|p1a: Garganacl|60\/100\n|move|p1a: Garganacl|Iron Defense|p1a: Garganacl\n|-boost|p1a: Garganacl|def|2\n|\n|-heal|p1a: Garganacl|67\/100|[from] item: Leftovers\n|upkeep\n|turn|21\n|\n|t:|1699803957\n|move|p2a: Ogerpon|Spiky Shield|p2a: Ogerpon\n|-singleturn|p2a: Ogerpon|move: Protect\n|move|p1a: Garganacl|Recover|p1a: Garganacl\n|-heal|p1a: Garganacl|100\/100\n|\n|upkeep\n|turn|22\n|\n|t:|1699803964\n|move|p2a: Ogerpon|Trailblaze|p1a: Garganacl\n|-supereffective|p1a: Garganacl\n|-damage|p1a: Garganacl|81\/100\n|-boost|p2a: Ogerpon|spe|1\n|move|p1a: Garganacl|Iron Defense|p1a: Garganacl\n|-boost|p1a: Garganacl|def|2\n|\n|-heal|p1a: Garganacl|87\/100|[from] item: Leftovers\n|upkeep\n|turn|23\n|\n|t:|1699803971\n|move|p2a: Ogerpon|Ivy Cudgel|p1a: Garganacl\n|-crit|p1a: Garganacl\n|-damage|p1a: Garganacl|23\/100\n|move|p1a: Garganacl|Iron Defense|p1a: Garganacl\n|-boost|p1a: Garganacl|def|2\n|\n|-heal|p1a: Garganacl|29\/100|[from] item: Leftovers\n|upkeep\n|turn|24\n|\n|t:|1699803994\n|move|p2a: Ogerpon|Ivy Cudgel|p1a: Garganacl\n|-damage|p1a: Garganacl|20\/100\n|move|p1a: Garganacl|Body Press|p2a: Ogerpon\n|-supereffective|p2a: Ogerpon\n|-damage|p2a: Ogerpon|0 fnt\n|faint|p2a: Ogerpon\n|\n|win|Qapi\n|c| omegashenronone|The plot twists\n|c|\u2606Skye32|Gg wp\n|c|\u2606Skye32|I accidentally put earthpower on excadril\n","uploadtime":1699804039,"views":25,"p1id":"qapi","p2id":"skye32","formatid":"gen9nationaldex","rating":0,"private":0,"password":""}