{"id":"gen9nationaldex-1994569171","p1":"sngm1104ss","p2":"13KStephen","format":"[Gen 9] National Dex","log":"|html|<div class=\"broadcast-blue\"><strong>[Gen 9] National Dex is currently suspecting Sneasler! For information on how to participate check out the <a href=\"https:\/\/www.smogon.com\/forums\/threads\/sv-national-dex-suspect-8-just-dance.3731534\/\">suspect thread<\/a>.<\/strong><\/div>\n|j|\u2606sngm1104ss\n|j|\u260613KStephen\n|t:|1700461486\n|gametype|singles\n|player|p1|sngm1104ss|dawn-gen4pt|1171\n|player|p2|13KStephen|lucas|1198\n|teamsize|p1|6\n|teamsize|p2|6\n|gen|9\n|tier|[Gen 9] National Dex\n|rated|\n|rule|HP Percentage Mod: HP is shown in percentages\n|rule|Endless Battle Clause: Forcing endless battles is banned\n|rule|OHKO Clause: OHKO moves are banned\n|rule|Evasion Clause: Evasion abilities, items, and moves are banned\n|rule|Evasion Abilities Clause: Evasion abilities are banned\n|rule|Evasion Items Clause: Evasion items are banned\n|rule|Evasion Moves Clause: Evasion moves are banned\n|rule|Species Clause: Limit one of each Pok\u00e9mon\n|rule|Sleep Clause Mod: Limit one foe put to sleep\n|clearpoke\n|poke|p1|Diancie|\n|poke|p1|Urshifu-*, F|\n|poke|p1|Toxapex, M|\n|poke|p1|Bisharp, F|\n|poke|p1|Moltres|\n|poke|p1|Garchomp, M|\n|poke|p2|Absol, F|\n|poke|p2|Magcargo, F|\n|poke|p2|Arbok, F|\n|poke|p2|Slowbro, M|\n|poke|p2|Gliscor, M|\n|poke|p2|Serperior, M|\n|teampreview\n|inactive|Battle timer is ON: inactive players will automatically lose when time's up. (requested by sngm1104ss)\n|\n|t:|1700461498\n|start\n|switch|p1a: Bisharp|Bisharp, F|100\/100\n|switch|p2a: Odie|Slowbro, M|100\/100\n|turn|1\n|\n|t:|1700461505\n|move|p1a: Bisharp|Knock Off|p2a: Odie\n|-supereffective|p2a: Odie\n|-damage|p2a: Odie|19\/100\n|-enditem|p2a: Odie|Leftovers|[from] move: Knock Off|[of] p1a: Bisharp\n|move|p2a: Odie|Teleport|p2a: Odie\n|\n|t:|1700461512\n|switch|p2a: Karen|Arbok, F|100\/100|[from] Teleport\n|-ability|p2a: Karen|Intimidate|boost\n|-unboost|p1a: Bisharp|atk|1\n|-ability|p1a: Bisharp|Defiant|boost\n|-boost|p1a: Bisharp|atk|2\n|\n|upkeep\n|turn|2\n|\n|t:|1700461518\n|-terastallize|p1a: Bisharp|Dark\n|move|p2a: Karen|Glare|p1a: Bisharp\n|-status|p1a: Bisharp|par\n|move|p1a: Bisharp|Knock Off|p2a: Karen\n|-damage|p2a: Karen|0 fnt\n|-enditem|p2a: Karen|Black Sludge|[from] move: Knock Off|[of] p1a: Bisharp\n|faint|p2a: Karen\n|\n|upkeep\n|\n|t:|1700461535\n|switch|p2a: Pebble|Magcargo, F|100\/100\n|turn|3\n|\n|t:|1700461541\n|move|p1a: Bisharp|Sucker Punch||[still]\n|-fail|p1a: Bisharp\n|move|p2a: Pebble|Stealth Rock|p1a: Bisharp\n|-sidestart|p1: sngm1104ss|move: Stealth Rock\n|\n|upkeep\n|turn|4\n|\n|t:|1700461558\n|move|p1a: Bisharp|Knock Off|p2a: Pebble\n|-damage|p2a: Pebble|0 fnt\n|-damage|p1a: Bisharp|84\/100 par|[from] item: Rocky Helmet|[of] p2a: Pebble\n|-enditem|p2a: Pebble|Rocky Helmet|[from] move: Knock Off|[of] p1a: Bisharp\n|faint|p2a: Pebble\n|\n|upkeep\n|\n|t:|1700461570\n|switch|p2a: Odie|Slowbro, M|53\/100\n|turn|5\n|\n|t:|1700461575\n|move|p1a: Bisharp|Knock Off|p2a: Odie\n|-supereffective|p2a: Odie\n|-damage|p2a: Odie|0 fnt\n|faint|p2a: Odie\n|\n|upkeep\n|\n|t:|1700461587\n|switch|p2a: Serperior|Serperior, M|100\/100\n|turn|6\n|\n|t:|1700461590\n|move|p2a: Serperior|Leaf Storm|p1a: Bisharp|[miss]\n|-miss|p2a: Serperior|p1a: Bisharp\n|cant|p1a: Bisharp|par\n|\n|upkeep\n|turn|7\n|\n|t:|1700461595\n|move|p2a: Serperior|Leaf Storm|p1a: Bisharp\n|-damage|p1a: Bisharp|51\/100 par\n|-boost|p2a: Serperior|spa|2\n|cant|p1a: Bisharp|par\n|\n|upkeep\n|turn|8\n|\n|t:|1700461605\n|move|p1a: Bisharp|Sucker Punch|p2a: Serperior\n|-damage|p2a: Serperior|19\/100\n|move|p2a: Serperior|Leaf Storm|p1a: Bisharp|[miss]\n|-miss|p2a: Serperior|p1a: Bisharp\n|\n|upkeep\n|turn|9\n|\n|t:|1700461613\n|move|p1a: Bisharp|Sucker Punch|p2a: Serperior\n|-damage|p2a: Serperior|0 fnt\n|faint|p2a: Serperior\n|\n|upkeep\n|\n|t:|1700461615\n|switch|p2a: Gliscor|Gliscor, M|100\/100\n|turn|10\n|\n|t:|1700461623\n|move|p2a: Gliscor|Protect|p2a: Gliscor\n|-singleturn|p2a: Gliscor|Protect\n|cant|p1a: Bisharp|par\n|\n|-status|p2a: Gliscor|tox|[from] item: Toxic Orb\n|upkeep\n|turn|11\n|\n|t:|1700461635\n|move|p2a: Gliscor|Fling|p1a: Bisharp\n|-resisted|p1a: Bisharp\n|-damage|p1a: Bisharp|48\/100 par\n|-enditem|p2a: Gliscor|Toxic Orb|[from] move: Fling\n|move|p1a: Bisharp|Knock Off|p2a: Gliscor\n|-damage|p2a: Gliscor|42\/100 tox\n|\n|-heal|p2a: Gliscor|54\/100 tox|[from] ability: Poison Heal\n|upkeep\n|turn|12\n|\n|t:|1700461644\n|move|p2a: Gliscor|Protect|p2a: Gliscor\n|-singleturn|p2a: Gliscor|Protect\n|move|p1a: Bisharp|Swords Dance|p1a: Bisharp\n|-boost|p1a: Bisharp|atk|2\n|\n|-heal|p2a: Gliscor|67\/100 tox|[from] ability: Poison Heal\n|upkeep\n|turn|13\n|\n|t:|1700461656\n|-terastallize|p2a: Gliscor|Flying\n|move|p2a: Gliscor|Acrobatics|p1a: Bisharp\n|-damage|p1a: Bisharp|8\/100 par\n|move|p1a: Bisharp|Pursuit|p2a: Gliscor\n|-damage|p2a: Gliscor|0 fnt\n|faint|p2a: Gliscor\n|\n|upkeep\n|\n|t:|1700461664\n|switch|p2a: Chloe|Absol, F|100\/100\n|-ability|p2a: Chloe|Pressure\n|turn|14\n|-message|13KStephen forfeited.\n|\n|win|sngm1104ss\n|raw|sngm1104ss's rating: 1171 &rarr; <strong>1198<\/strong><br \/>(+27 for winning)\n|raw|13KStephen's rating: 1198 &rarr; <strong>1171<\/strong><br \/>(-27 for losing)\n|l|\u260613KStephen\n","uploadtime":1700461671,"views":10,"p1id":"sngm1104ss","p2id":"13kstephen","formatid":"gen9nationaldex","rating":1171,"private":0,"password":""}