{"id":"gen9nationaldex-1995529831","p1":"kingcow_thegoat","p2":"ScootDDuck","format":"[Gen 9] National Dex","log":"|html|<div class=\"broadcast-blue\"><strong>[Gen 9] National Dex is currently suspecting Sneasler! For information on how to participate check out the <a href=\"https:\/\/www.smogon.com\/forums\/threads\/sv-national-dex-suspect-8-just-dance.3731534\/\">suspect thread<\/a>.<\/strong><\/div>\n|j|\u2606kingcow_thegoat\n|j|\u2606ScootDDuck\n|t:|1700580222\n|gametype|singles\n|player|p1|kingcow_thegoat|1|\n|player|p2|ScootDDuck|falkner|\n|teamsize|p1|6\n|teamsize|p2|6\n|gen|9\n|tier|[Gen 9] National Dex\n|rule|HP Percentage Mod: HP is shown in percentages\n|rule|Endless Battle Clause: Forcing endless battles is banned\n|rule|OHKO Clause: OHKO moves are banned\n|rule|Evasion Clause: Evasion abilities, items, and moves are banned\n|rule|Evasion Abilities Clause: Evasion abilities are banned\n|rule|Evasion Items Clause: Evasion items are banned\n|rule|Evasion Moves Clause: Evasion moves are banned\n|rule|Species Clause: Limit one of each Pok\u00e9mon\n|rule|Sleep Clause Mod: Limit one foe put to sleep\n|clearpoke\n|poke|p1|Tapu Bulu|\n|poke|p1|Sneasler, F|\n|poke|p1|Milotic, M|\n|poke|p1|Ninetales-Alola, M|\n|poke|p1|Toxapex, M|\n|poke|p1|Lopunny, F|\n|poke|p2|Hippowdon, M|\n|poke|p2|Minior|\n|poke|p2|Excadrill, M|\n|poke|p2|Garchomp, M|\n|poke|p2|Nidoking, M|\n|poke|p2|Gastrodon, F|\n|teampreview\n|\n|t:|1700580237\n|start\n|switch|p1a: Tapu Bulu|Tapu Bulu|100\/100\n|switch|p2a: Whitebeard|Hippowdon, M|100\/100\n|-fieldstart|move: Grassy Terrain|[from] ability: Grassy Surge|[of] p1a: Tapu Bulu\n|-weather|Sandstorm|[from] ability: Sand Stream|[of] p2a: Whitebeard\n|turn|1\n|\n|t:|1700580245\n|switch|p2a: Doku Doku|Nidoking, M|100\/100\n|move|p1a: Tapu Bulu|Horn Leech|p2a: Doku Doku\n|-crit|p2a: Doku Doku\n|-damage|p2a: Doku Doku|0 fnt\n|faint|p2a: Doku Doku\n|\n|-weather|Sandstorm|[upkeep]\n|-damage|p1a: Tapu Bulu|94\/100|[from] Sandstorm\n|-heal|p1a: Tapu Bulu|100\/100|[from] Grassy Terrain\n|upkeep\n|\n|t:|1700580265\n|switch|p2a: Zoro|Excadrill, M, shiny|100\/100\n|turn|2\n|\n|t:|1700580270\n|move|p2a: Zoro|Iron Head|p1a: Tapu Bulu\n|-supereffective|p1a: Tapu Bulu\n|-damage|p1a: Tapu Bulu|0 fnt\n|faint|p1a: Tapu Bulu\n|\n|-weather|Sandstorm|[upkeep]\n|upkeep\n|\n|t:|1700580277\n|switch|p1a: Sneasler|Sneasler, F|100\/100\n|-enditem|p1a: Sneasler|Grassy Seed\n|-boost|p1a: Sneasler|def|1|[from] item: Grassy Seed\n|turn|3\n|\n|t:|1700580281\n|move|p1a: Sneasler|Close Combat|p2a: Zoro\n|-supereffective|p2a: Zoro\n|-damage|p2a: Zoro|0 fnt\n|-unboost|p1a: Sneasler|def|1\n|-unboost|p1a: Sneasler|spd|1\n|faint|p2a: Zoro\n|\n|-weather|Sandstorm|[upkeep]\n|-damage|p1a: Sneasler|95\/100|[from] Sandstorm\n|-heal|p1a: Sneasler|100\/100|[from] Grassy Terrain\n|upkeep\n|\n|t:|1700580284\n|switch|p2a: Sabo|Minior, shiny|100\/100\n|-formechange|p2a: Sabo|Minior-Meteor||[from] ability: Shields Down\n|turn|4\n|\n|t:|1700580291\n|move|p1a: Sneasler|Close Combat|p2a: Sabo\n|-damage|p2a: Sabo|5\/100\n|-unboost|p1a: Sneasler|def|1\n|-unboost|p1a: Sneasler|spd|1\n|move|p2a: Sabo|Shell Smash|p2a: Sabo\n|-unboost|p2a: Sabo|def|1\n|-unboost|p2a: Sabo|spd|1\n|-boost|p2a: Sabo|atk|2\n|-boost|p2a: Sabo|spa|2\n|-boost|p2a: Sabo|spe|2\n|\n|-weather|Sandstorm|[upkeep]\n|-damage|p1a: Sneasler|95\/100|[from] Sandstorm\n|-heal|p1a: Sneasler|100\/100|[from] Grassy Terrain\n|-formechange|p2a: Sabo|Minior||[from] ability: Shields Down\n|upkeep\n|turn|5\n|\n|t:|1700580297\n|move|p2a: Sabo|Acrobatics|p1a: Sneasler\n|-supereffective|p1a: Sneasler\n|-damage|p1a: Sneasler|0 fnt\n|faint|p1a: Sneasler\n|\n|-weather|Sandstorm|[upkeep]\n|-fieldend|move: Grassy Terrain\n|upkeep\n|\n|t:|1700580308\n|switch|p1a: Lopunny|Lopunny, F|100\/100\n|turn|6\n|\n|t:|1700580310\n|move|p1a: Lopunny|Fake Out|p2a: Sabo\n|-resisted|p2a: Sabo\n|-damage|p2a: Sabo|0 fnt\n|faint|p2a: Sabo\n|\n|-weather|Sandstorm|[upkeep]\n|-damage|p1a: Lopunny|95\/100|[from] Sandstorm\n|upkeep\n|\n|t:|1700580313\n|switch|p2a: Monkey D. Dragon|Garchomp, M, shiny|100\/100\n|turn|7\n|inactive|Battle timer is ON: inactive players will automatically lose when time's up. (requested by ScootDDuck)\n|inactive|kingcow_thegoat has 270 seconds left.\n|\n|t:|1700580495\n|detailschange|p2a: Monkey D. Dragon|Garchomp-Mega, M, shiny\n|-mega|p2a: Monkey D. Dragon|Garchomp|Garchompite\n|move|p1a: Lopunny|Close Combat|p2a: Monkey D. Dragon\n|-damage|p2a: Monkey D. Dragon|76\/100\n|-unboost|p1a: Lopunny|def|1\n|-unboost|p1a: Lopunny|spd|1\n|move|p2a: Monkey D. Dragon|Earthquake|p1a: Lopunny\n|-damage|p1a: Lopunny|0 fnt\n|faint|p1a: Lopunny\n|\n|-weather|Sandstorm|[upkeep]\n|upkeep\n|\n|t:|1700580507\n|switch|p1a: Ninetales|Ninetales-Alola, M|100\/100\n|-weather|Snow|[from] ability: Snow Warning|[of] p1a: Ninetales\n|turn|8\n|\n|t:|1700580518\n|switch|p2a: Pudding|Gastrodon, F|100\/100\n|move|p1a: Ninetales|Nasty Plot|p1a: Ninetales\n|-boost|p1a: Ninetales|spa|2\n|\n|-weather|Snow|[upkeep]\n|upkeep\n|turn|9\n|\n|t:|1700580525\n|move|p1a: Ninetales|Blizzard|p2a: Pudding\n|-damage|p2a: Pudding|24\/100\n|move|p2a: Pudding|Earth Power|p1a: Ninetales\n|-damage|p1a: Ninetales|69\/100\n|\n|-weather|Snow|[upkeep]\n|-heal|p2a: Pudding|31\/100|[from] item: Leftovers\n|upkeep\n|turn|10\n|\n|t:|1700580536\n|move|p1a: Ninetales|Moonblast|p2a: Pudding\n|-crit|p2a: Pudding\n|-damage|p2a: Pudding|0 fnt\n|faint|p2a: Pudding\n|\n|-weather|Snow|[upkeep]\n|upkeep\n|\n|t:|1700580538\n|switch|p2a: Whitebeard|Hippowdon, M|100\/100\n|-weather|Sandstorm|[from] ability: Sand Stream|[of] p2a: Whitebeard\n|turn|11\n|\n|t:|1700580544\n|move|p1a: Ninetales|Blizzard|p2a: Whitebeard\n|-supereffective|p2a: Whitebeard\n|-damage|p2a: Whitebeard|0 fnt\n|faint|p2a: Whitebeard\n|\n|-weather|Sandstorm|[upkeep]\n|-damage|p1a: Ninetales|63\/100|[from] Sandstorm\n|upkeep\n|\n|t:|1700580548\n|switch|p2a: Monkey D. Dragon|Garchomp-Mega, M, shiny|76\/100\n|turn|12\n|\n|t:|1700580551\n|move|p1a: Ninetales|Moonblast|p2a: Monkey D. Dragon\n|-supereffective|p2a: Monkey D. Dragon\n|-damage|p2a: Monkey D. Dragon|0 fnt\n|faint|p2a: Monkey D. Dragon\n|\n|win|kingcow_thegoat\n|c|\u2606kingcow_thegoat|gg\n|c|\u2606ScootDDuck|Gg\n|c|\u2606kingcow_thegoat|still no Milotic strat :(\n","uploadtime":1700580564,"views":14,"p1id":"kingcowthegoat","p2id":"scootdduck","formatid":"gen9nationaldex","rating":0,"private":0,"password":""}