{"id":"gen9nationaldex-1991585006","p1":"Dinumata","p2":"nachobz","format":"[Gen 9] National Dex","log":"|j|\u2606Dinumata\n|j|\u2606nachobz\n|t:|1700091092\n|gametype|singles\n|player|p1|Dinumata|red|\n|player|p2|nachobz|101|\n|teamsize|p1|6\n|teamsize|p2|6\n|gen|9\n|tier|[Gen 9] National Dex\n|rule|HP Percentage Mod: HP is shown in percentages\n|rule|Endless Battle Clause: Forcing endless battles is banned\n|rule|OHKO Clause: OHKO moves are banned\n|rule|Evasion Clause: Evasion abilities, items, and moves are banned\n|rule|Evasion Abilities Clause: Evasion abilities are banned\n|rule|Evasion Items Clause: Evasion items are banned\n|rule|Evasion Moves Clause: Evasion moves are banned\n|rule|Species Clause: Limit one of each Pok\u00e9mon\n|rule|Sleep Clause Mod: Limit one foe put to sleep\n|clearpoke\n|poke|p1|Inteleon, F|\n|poke|p1|Dubwool, F|\n|poke|p1|Corviknight, F|\n|poke|p1|Pincurchin, M|\n|poke|p1|Cramorant, M|\n|poke|p1|Snorlax, F|\n|poke|p2|Typhlosion, F|\n|poke|p2|Ampharos, M|\n|poke|p2|Azumarill, M|\n|poke|p2|Espeon, M|\n|poke|p2|Suicune|\n|poke|p2|Scizor, M|\n|teampreview\n|\n|t:|1700091132\n|start\n|switch|p1a: Inteleon|Inteleon, F|100\/100\n|switch|p2a: Espeon|Espeon, M|100\/100\n|turn|1\n|\n|t:|1700091148\n|move|p1a: Inteleon|Dark Pulse|p2a: Espeon\n|-supereffective|p2a: Espeon\n|-damage|p2a: Espeon|10\/100\n|-zpower|p2a: Espeon\n|move|p2a: Espeon|Z-Celebrate|p2a: Espeon|[anim]Celebrate\n|-boost|p2a: Espeon|atk|1|[zeffect]\n|-boost|p2a: Espeon|def|1|[zeffect]\n|-boost|p2a: Espeon|spa|1|[zeffect]\n|-boost|p2a: Espeon|spd|1|[zeffect]\n|-boost|p2a: Espeon|spe|1|[zeffect]\n|-activate|p2a: Espeon|move: Celebrate\n|\n|upkeep\n|turn|2\n|\n|t:|1700091167\n|move|p2a: Espeon|Psychic|p1a: Inteleon\n|-damage|p1a: Inteleon|0 fnt\n|faint|p1a: Inteleon\n|\n|upkeep\n|\n|t:|1700091177\n|switch|p1a: Snorlax|Snorlax, F|100\/100\n|turn|3\n|\n|t:|1700091189\n|move|p2a: Espeon|Yawn|p1a: Snorlax\n|-start|p1a: Snorlax|move: Yawn|[of] p2a: Espeon\n|move|p1a: Snorlax|Darkest Lariat|p2a: Espeon\n|-supereffective|p2a: Espeon\n|-damage|p2a: Espeon|0 fnt\n|faint|p2a: Espeon\n|\n|upkeep\n|\n|t:|1700091205\n|switch|p2a: Azumarill|Azumarill, M, shiny|100\/100\n|turn|4\n|c|\u2606Dinumata|k putada k se ha quedado a 10 tio\n|\n|t:|1700091217\n|move|p2a: Azumarill|Belly Drum|p2a: Azumarill\n|-damage|p2a: Azumarill|50\/100\n|-setboost|p2a: Azumarill|atk|6|[from] move: Belly Drum\n|-enditem|p2a: Azumarill|Sitrus Berry|[eat]\n|-heal|p2a: Azumarill|75\/100|[from] item: Sitrus Berry\n|move|p1a: Snorlax|Body Slam|p2a: Azumarill\n|-damage|p2a: Azumarill|36\/100\n|-status|p2a: Azumarill|par\n|\n|-end|p1a: Snorlax|move: Yawn|[silent]\n|-status|p1a: Snorlax|slp\n|upkeep\n|turn|5\n|\n|t:|1700091244\n|cant|p1a: Snorlax|slp\n|move|p2a: Azumarill|Superpower|p1a: Snorlax\n|-supereffective|p1a: Snorlax\n|-damage|p1a: Snorlax|0 fnt\n|-unboost|p2a: Azumarill|atk|1\n|-unboost|p2a: Azumarill|def|1\n|faint|p1a: Snorlax\n|\n|upkeep\n|\n|t:|1700091256\n|switch|p1a: Pincurchin|Pincurchin, M|100\/100\n|turn|6\n|\n|t:|1700091279\n|move|p2a: Azumarill|Aqua Jet|p1a: Pincurchin\n|-damage|p1a: Pincurchin|23\/100\n|move|p1a: Pincurchin|Discharge|p2a: Azumarill\n|-supereffective|p2a: Azumarill\n|-damage|p2a: Azumarill|0 fnt\n|faint|p2a: Azumarill\n|\n|-heal|p1a: Pincurchin|29\/100|[from] item: Leftovers\n|upkeep\n|\n|t:|1700091319\n|switch|p2a: D\u00e9dalo|Scizor, M, shiny|100\/100\n|turn|7\n|\n|t:|1700091334\n|detailschange|p2a: D\u00e9dalo|Scizor-Mega, M, shiny\n|-mega|p2a: D\u00e9dalo|Scizor|Scizorite\n|move|p2a: D\u00e9dalo|Swords Dance|p2a: D\u00e9dalo\n|-boost|p2a: D\u00e9dalo|atk|2\n|move|p1a: Pincurchin|Scald|p2a: D\u00e9dalo\n|-damage|p2a: D\u00e9dalo|82\/100\n|-status|p2a: D\u00e9dalo|brn\n|\n|-heal|p1a: Pincurchin|35\/100|[from] item: Leftovers\n|-damage|p2a: D\u00e9dalo|76\/100 brn|[from] brn\n|upkeep\n|turn|8\n|\n|t:|1700091364\n|switch|p1a: Dubwool|Dubwool, F|100\/100\n|move|p2a: D\u00e9dalo|Swords Dance|p2a: D\u00e9dalo\n|-boost|p2a: D\u00e9dalo|atk|2\n|\n|-damage|p2a: D\u00e9dalo|70\/100 brn|[from] brn\n|upkeep\n|turn|9\n|\n|t:|1700091390\n|move|p2a: D\u00e9dalo|Dual Wingbeat|p1a: Dubwool\n|-damage|p1a: Dubwool|86\/100\n|-crit|p1a: Dubwool\n|-damage|p1a: Dubwool|67\/100\n|-hitcount|p1a: Dubwool|2\n|move|p1a: Dubwool|Cotton Guard|p1a: Dubwool\n|-boost|p1a: Dubwool|def|3\n|\n|-heal|p1a: Dubwool|73\/100|[from] item: Leftovers\n|-damage|p2a: D\u00e9dalo|63\/100 brn|[from] brn\n|upkeep\n|turn|10\n|\n|t:|1700091426\n|switch|p2a: Suicune|Suicune, shiny|100\/100\n|move|p1a: Dubwool|Body Press|p2a: Suicune\n|-damage|p2a: Suicune|48\/100\n|\n|-heal|p1a: Dubwool|79\/100|[from] item: Leftovers\n|upkeep\n|turn|11\n|\n|t:|1700091439\n|move|p1a: Dubwool|Body Press|p2a: Suicune\n|-damage|p2a: Suicune|0 fnt\n|faint|p2a: Suicune\n|\n|-heal|p1a: Dubwool|85\/100|[from] item: Leftovers\n|upkeep\n|\n|t:|1700091453\n|switch|p2a: Typhlosion|Typhlosion, F, shiny|100\/100\n|turn|12\n|\n|t:|1700091465\n|-terastallize|p2a: Typhlosion|Fire\n|move|p2a: Typhlosion|Eruption|p1a: Dubwool\n|-damage|p1a: Dubwool|0 fnt\n|faint|p1a: Dubwool\n|\n|upkeep\n|\n|t:|1700091471\n|switch|p1a: Cramorant|Cramorant, M|100\/100\n|turn|13\n|\n|t:|1700091481\n|switch|p2a: Ampharos|Ampharos, M, shiny|100\/100\n|-terastallize|p1a: Cramorant|Water\n|move|p1a: Cramorant|Surf|p2a: Ampharos\n|-formechange|p1a: Cramorant|Cramorant-Gulping|\n|-damage|p2a: Ampharos|54\/100\n|\n|-heal|p2a: Ampharos|60\/100|[from] item: Leftovers\n|upkeep\n|turn|14\n|\n|t:|1700091496\n|switch|p1a: Pincurchin|Pincurchin, M|35\/100\n|move|p2a: Ampharos|Volt Switch|p1a: Pincurchin\n|-ability|p1a: Pincurchin|Lightning Rod|boost\n|-boost|p1a: Pincurchin|spa|1\n|\n|-heal|p2a: Ampharos|67\/100|[from] item: Leftovers\n|-heal|p1a: Pincurchin|41\/100|[from] item: Leftovers\n|upkeep\n|turn|15\n|\n|t:|1700091516\n|move|p2a: Ampharos|Focus Blast|p1a: Pincurchin|[miss]\n|-miss|p2a: Ampharos|p1a: Pincurchin\n|move|p1a: Pincurchin|Toxic Spikes|p2a: Ampharos\n|-sidestart|p2: nachobz|move: Toxic Spikes\n|\n|-heal|p2a: Ampharos|73\/100|[from] item: Leftovers\n|-heal|p1a: Pincurchin|47\/100|[from] item: Leftovers\n|upkeep\n|turn|16\n|\n|t:|1700091534\n|move|p2a: Ampharos|Focus Blast|p1a: Pincurchin\n|-damage|p1a: Pincurchin|0 fnt\n|faint|p1a: Pincurchin\n|\n|-heal|p2a: Ampharos|79\/100|[from] item: Leftovers\n|upkeep\n|\n|t:|1700091542\n|switch|p1a: Corviknight|Corviknight, F|100\/100\n|-ability|p1a: Corviknight|Pressure\n|turn|17\n|\n|t:|1700091551\n|move|p2a: Ampharos|Volt Switch|p1a: Corviknight\n|-supereffective|p1a: Corviknight\n|-damage|p1a: Corviknight|41\/100\n|\n|t:|1700091555\n|switch|p2a: D\u00e9dalo|Scizor-Mega, M, shiny|63\/100 brn|[from] Volt Switch\n|move|p1a: Corviknight|Iron Defense|p1a: Corviknight\n|-boost|p1a: Corviknight|def|2\n|\n|-damage|p2a: D\u00e9dalo|57\/100 brn|[from] brn\n|upkeep\n|turn|18\n|\n|t:|1700091566\n|move|p2a: D\u00e9dalo|U-turn|p1a: Corviknight\n|-resisted|p1a: Corviknight\n|-damage|p1a: Corviknight|40\/100\n|-damage|p2a: D\u00e9dalo|41\/100 brn|[from] item: Rocky Helmet|[of] p1a: Corviknight\n|\n|t:|1700091574\n|switch|p2a: Ampharos|Ampharos, M, shiny|79\/100|[from] U-turn\n|-status|p2a: Ampharos|psn\n|move|p1a: Corviknight|Body Press|p2a: Ampharos\n|-damage|p2a: Ampharos|20\/100 psn\n|-status|p1a: Corviknight|par|[from] ability: Static|[of] p2a: Ampharos\n|\n|-heal|p2a: Ampharos|26\/100 psn|[from] item: Leftovers\n|-damage|p2a: Ampharos|14\/100 psn|[from] psn\n|upkeep\n|turn|19\n|\n|t:|1700091589\n|move|p2a: Ampharos|Volt Switch|p1a: Corviknight\n|-supereffective|p1a: Corviknight\n|-damage|p1a: Corviknight|0 fnt\n|faint|p1a: Corviknight\n|\n|t:|1700091598\n|switch|p2a: D\u00e9dalo|Scizor-Mega, M, shiny|41\/100 brn|[from] Volt Switch\n|\n|-damage|p2a: D\u00e9dalo|35\/100 brn|[from] brn\n|upkeep\n|\n|t:|1700091601\n|switch|p1a: Cramorant|Cramorant, M, tera:Water|100\/100\n|turn|20\n|\n|t:|1700091611\n|move|p2a: D\u00e9dalo|Bullet Punch|p1a: Cramorant\n|-resisted|p1a: Cramorant\n|-damage|p1a: Cramorant|83\/100\n|move|p1a: Cramorant|Surf|p2a: D\u00e9dalo\n|-formechange|p1a: Cramorant|Cramorant-Gulping|\n|-damage|p2a: D\u00e9dalo|0 fnt\n|faint|p2a: D\u00e9dalo\n|\n|upkeep\n|\n|t:|1700091629\n|switch|p2a: Ampharos|Ampharos, M, shiny|14\/100 psn\n|turn|21\n|\n|t:|1700091637\n|move|p1a: Cramorant|Surf|p2a: Ampharos\n|-damage|p2a: Ampharos|0 fnt\n|faint|p2a: Ampharos\n|\n|upkeep\n|\n|t:|1700091650\n|switch|p2a: Typhlosion|Typhlosion, F, shiny, tera:Fire|100\/100\n|-status|p2a: Typhlosion|psn\n|turn|22\n|\n|t:|1700091658\n|move|p2a: Typhlosion|Hidden Power|p1a: Cramorant\n|-supereffective|p1a: Cramorant\n|-damage|p1a: Cramorant|42\/100\n|-damage|p2a: Typhlosion|76\/100 psn|[from] ability: Gulp Missile|[of] p1a: Cramorant\n|-unboost|p2a: Typhlosion|def|1\n|-formechange|p1a: Cramorant|Cramorant|\n|move|p1a: Cramorant|Surf|p2a: Typhlosion\n|-formechange|p1a: Cramorant|Cramorant-Gorging|\n|-supereffective|p2a: Typhlosion\n|-crit|p2a: Typhlosion\n|-damage|p2a: Typhlosion|0 fnt\n|faint|p2a: Typhlosion\n|\n|win|Dinumata\n|c|\u2606Dinumata|gg\n|l|\u2606nachobz\n","uploadtime":1700091677,"views":5,"p1id":"dinumata","p2id":"nachobz","formatid":"gen9nationaldex","rating":0,"private":0,"password":""}