{"id":"gen9nationaldex-1988582175","p1":"akyraaiko","p2":"Ekkogandr","format":"[Gen 9] National Dex","log":"|j|\u2606akyraaiko\n|j|\u2606Ekkogandr\n|t:|1699738563\n|gametype|singles\n|player|p1|akyraaiko|beauty-gen4dp|\n|player|p2|Ekkogandr|turo-ai|\n|teamsize|p1|6\n|teamsize|p2|6\n|gen|9\n|tier|[Gen 9] National Dex\n|rule|HP Percentage Mod: HP is shown in percentages\n|rule|Endless Battle Clause: Forcing endless battles is banned\n|rule|OHKO Clause: OHKO moves are banned\n|rule|Evasion Clause: Evasion abilities, items, and moves are banned\n|rule|Evasion Abilities Clause: Evasion abilities are banned\n|rule|Evasion Items Clause: Evasion items are banned\n|rule|Evasion Moves Clause: Evasion moves are banned\n|rule|Species Clause: Limit one of each Pok\u00e9mon\n|rule|Sleep Clause Mod: Limit one foe put to sleep\n|clearpoke\n|poke|p1|Iron Moth|\n|poke|p1|Aerodactyl, F|\n|poke|p1|Pikachu-Original, M|\n|poke|p1|Ogerpon-Wellspring, F|\n|poke|p1|Lycanroc-Dusk, F|\n|poke|p1|Urshifu-*, M|\n|poke|p2|Garchomp, M|\n|poke|p2|Scizor, F|\n|poke|p2|Iron Valiant|\n|poke|p2|Tornadus-Therian, M|\n|poke|p2|Heatran, M|\n|poke|p2|Rotom-Wash|\n|teampreview\n|\n|t:|1699738573\n|start\n|switch|p1a: Ogerpon|Ogerpon-Wellspring, F|100\/100\n|switch|p2a: Tornadus|Tornadus-Therian, M|100\/100\n|turn|1\n|\n|t:|1699738583\n|switch|p1a: Aerodactyl|Aerodactyl, F|100\/100\n|move|p2a: Tornadus|Hurricane|p1a: Aerodactyl\n|-resisted|p1a: Aerodactyl\n|-damage|p1a: Aerodactyl|72\/100\n|-start|p1a: Aerodactyl|confusion\n|\n|upkeep\n|turn|2\n|\n|t:|1699738598\n|detailschange|p1a: Aerodactyl|Aerodactyl-Mega, F\n|-mega|p1a: Aerodactyl|Aerodactyl|Aerodactylite\n|-activate|p1a: Aerodactyl|confusion\n|-damage|p1a: Aerodactyl|52\/100|[from] confusion\n|move|p2a: Tornadus|U-turn|p1a: Aerodactyl\n|-resisted|p1a: Aerodactyl\n|-damage|p1a: Aerodactyl|41\/100\n|c|\u2606akyraaiko|PUTA\n|c|\u2606Ekkogandr|incr\u00edvel\n|c|\u2606akyraaiko|vairapido\n|c|\u2606akyraaiko|corno\n|\n|t:|1699738608\n|switch|p2a: Scizor|Scizor, F|100\/100|[from] U-turn\n|\n|upkeep\n|turn|3\n|inactive|Battle timer is ON: inactive players will automatically lose when time's up. (requested by akyraaiko)\n|\n|t:|1699738612\n|detailschange|p2a: Scizor|Scizor-Mega, F\n|-mega|p2a: Scizor|Scizor|Scizorite\n|move|p2a: Scizor|Bullet Punch|p1a: Aerodactyl\n|-supereffective|p1a: Aerodactyl\n|-damage|p1a: Aerodactyl|0 fnt\n|faint|p1a: Aerodactyl\n|\n|upkeep\n|\n|t:|1699738615\n|switch|p1a: Iron Moth|Iron Moth|100\/100\n|turn|4\n|\n|t:|1699738618\n|switch|p2a: Heatran|Heatran, M|100\/100\n|move|p1a: Iron Moth|Fire Blast|p2a: Heatran\n|-start|p2a: Heatran|ability: Flash Fire\n|\n|upkeep\n|turn|5\n|\n|t:|1699738623\n|-end|p1a: Iron Moth|Quark Drive|[silent]\n|switch|p1a: Ogerpon|Ogerpon-Wellspring, F|100\/100\n|move|p2a: Heatran|Stealth Rock|p1a: Ogerpon\n|-sidestart|p1: akyraaiko|move: Stealth Rock\n|\n|upkeep\n|turn|6\n|\n|t:|1699738628\n|-end|p2a: Heatran|ability: Flash Fire|[silent]\n|switch|p2a: Rotom|Rotom-Wash|100\/100\n|move|p1a: Ogerpon|Ivy Cudgel|p2a: Rotom\n|-resisted|p2a: Rotom\n|-damage|p2a: Rotom|77\/100\n|\n|-heal|p2a: Rotom|84\/100|[from] item: Leftovers\n|upkeep\n|turn|7\n|\n|t:|1699738632\n|move|p1a: Ogerpon|Power Whip|p2a: Rotom\n|-supereffective|p2a: Rotom\n|-damage|p2a: Rotom|0 fnt\n|faint|p2a: Rotom\n|\n|upkeep\n|c|\u2606Ekkogandr|porra n tem defog\n|c|\u2606Ekkogandr|ah fds\n|\n|t:|1699738639\n|switch|p2a: Tornadus|Tornadus-Therian, M|100\/100\n|turn|8\n|\n|t:|1699738642\n|switch|p1a: Pikachu|Pikachu-Original, M|100\/100\n|-damage|p1a: Pikachu|88\/100|[from] Stealth Rock\n|move|p2a: Tornadus|Hurricane|p1a: Pikachu|[miss]\n|-miss|p2a: Tornadus|p1a: Pikachu\n|\n|upkeep\n|turn|9\n|\n|t:|1699738647\n|switch|p2a: Garchomp|Garchomp, M|100\/100\n|move|p1a: Pikachu|Volt Tackle|p2a: Garchomp\n|-immune|p2a: Garchomp\n|\n|upkeep\n|turn|10\n|\n|t:|1699738652\n|-terastallize|p1a: Pikachu|Flying\n|move|p2a: Garchomp|Swords Dance|p2a: Garchomp\n|-boost|p2a: Garchomp|atk|2\n|move|p1a: Pikachu|Surf|p2a: Garchomp\n|-damage|p2a: Garchomp|59\/100\n|\n|upkeep\n|turn|11\n|\n|t:|1699738658\n|move|p2a: Garchomp|Scale Shot|p1a: Pikachu\n|-damage|p1a: Pikachu|0 fnt\n|faint|p1a: Pikachu\n|-hitcount|p1: Pikachu|1\n|-unboost|p2a: Garchomp|def|1\n|-boost|p2a: Garchomp|spe|1\n|\n|upkeep\n|\n|t:|1699738665\n|switch|p1a: Ogerpon|Ogerpon-Wellspring, F|100\/100\n|-damage|p1a: Ogerpon|88\/100|[from] Stealth Rock\n|turn|12\n|\n|t:|1699738672\n|move|p2a: Garchomp|Scale Shot|p1a: Ogerpon\n|-damage|p1a: Ogerpon|55\/100\n|-damage|p1a: Ogerpon|22\/100\n|-damage|p1a: Ogerpon|0 fnt\n|faint|p1a: Ogerpon\n|-hitcount|p1: Ogerpon|3\n|-unboost|p2a: Garchomp|def|1\n|-boost|p2a: Garchomp|spe|1\n|\n|upkeep\n|\n|t:|1699738676\n|switch|p1a: Iron Moth|Iron Moth|100\/100\n|-damage|p1a: Iron Moth|76\/100|[from] Stealth Rock\n|turn|13\n|\n|t:|1699738679\n|move|p2a: Garchomp|Earthquake|p1a: Iron Moth\n|-supereffective|p1a: Iron Moth\n|-damage|p1a: Iron Moth|0 fnt\n|faint|p1a: Iron Moth\n|-end|p1a: Iron Moth|Quark Drive|[silent]\n|\n|upkeep\n|\n|t:|1699738681\n|switch|p1a: Lycanroc|Lycanroc-Dusk, F, shiny|100\/100\n|-damage|p1a: Lycanroc|88\/100|[from] Stealth Rock\n|turn|14\n|\n|t:|1699738685\n|move|p2a: Garchomp|Earthquake|p1a: Lycanroc\n|-supereffective|p1a: Lycanroc\n|-damage|p1a: Lycanroc|0 fnt\n|faint|p1a: Lycanroc\n|\n|upkeep\n|\n|t:|1699738687\n|switch|p1a: Urshifu|Urshifu-Rapid-Strike, M|100\/100\n|-damage|p1a: Urshifu|94\/100|[from] Stealth Rock\n|turn|15\n|\n|t:|1699738690\n|move|p2a: Garchomp|Earthquake|p1a: Urshifu\n|-damage|p1a: Urshifu|0 fnt\n|faint|p1a: Urshifu\n|\n|win|Ekkogandr\n|c|\u2606Ekkogandr|gg\n|c|\u2606akyraaiko|g\n|c|\u2606akyraaiko|g\n","uploadtime":1699738697,"views":4,"p1id":"akyraaiko","p2id":"ekkogandr","formatid":"gen9nationaldex","rating":0,"private":0,"password":""}