{"id":"gen9nationaldex-1987110729","p1":"GenericEdgeLrd","p2":"JustinRuggs","format":"[Gen 9] National Dex","log":"|j|\u2606GenericEdgeLrd\n|j|\u2606JustinRuggs\n|t:|1699556924\n|gametype|singles\n|player|p1|GenericEdgeLrd|1|1225\n|player|p2|JustinRuggs|gambler|1290\n|teamsize|p1|6\n|teamsize|p2|6\n|gen|9\n|tier|[Gen 9] National Dex\n|rated|\n|rule|HP Percentage Mod: HP is shown in percentages\n|rule|Endless Battle Clause: Forcing endless battles is banned\n|rule|OHKO Clause: OHKO moves are banned\n|rule|Evasion Clause: Evasion abilities, items, and moves are banned\n|rule|Evasion Abilities Clause: Evasion abilities are banned\n|rule|Evasion Items Clause: Evasion items are banned\n|rule|Evasion Moves Clause: Evasion moves are banned\n|rule|Species Clause: Limit one of each Pok\u00e9mon\n|rule|Sleep Clause Mod: Limit one foe put to sleep\n|clearpoke\n|poke|p1|Pelipper, F|\n|poke|p1|Barraskewda, F|\n|poke|p1|Azumarill, F|\n|poke|p1|Zapdos|\n|poke|p1|Gyarados, M|\n|poke|p1|Overqwil, M|\n|poke|p2|Landorus-Therian, M|\n|poke|p2|Incineroar, F|\n|poke|p2|Kartana|\n|poke|p2|Volcarona, F|\n|poke|p2|Latios, M|\n|poke|p2|Toxapex, F|\n|teampreview\n|inactive|Battle timer is ON: inactive players will automatically lose when time's up. (requested by GenericEdgeLrd)\n|\n|t:|1699556929\n|start\n|switch|p1a: Pelipper|Pelipper, F|100\/100\n|switch|p2a: Latios|Latios, M|100\/100\n|-weather|RainDance|[from] ability: Drizzle|[of] p1a: Pelipper\n|turn|1\n|\n|t:|1699556935\n|move|p2a: Latios|Thunderbolt|p1a: Pelipper\n|-supereffective|p1a: Pelipper\n|-damage|p1a: Pelipper|0 fnt\n|faint|p1a: Pelipper\n|\n|-weather|RainDance|[upkeep]\n|upkeep\n|\n|t:|1699556944\n|switch|p1a: Overqwil|Overqwil, M|100\/100\n|turn|2\n|\n|t:|1699556954\n|switch|p2a: Toxapex|Toxapex, F|100\/100\n|move|p1a: Overqwil|Crunch|p2a: Toxapex\n|-damage|p2a: Toxapex|74\/100\n|\n|-weather|RainDance|[upkeep]\n|-heal|p2a: Toxapex|80\/100|[from] item: Black Sludge\n|upkeep\n|turn|3\n|\n|t:|1699556959\n|move|p1a: Overqwil|Stockpile|p1a: Overqwil\n|-start|p1a: Overqwil|stockpile1\n|-boost|p1a: Overqwil|def|1\n|-boost|p1a: Overqwil|spd|1\n|move|p2a: Toxapex|Scald|p1a: Overqwil\n|-damage|p1a: Overqwil|76\/100\n|\n|-weather|RainDance|[upkeep]\n|-heal|p1a: Overqwil|82\/100|[from] item: Black Sludge\n|-heal|p2a: Toxapex|86\/100|[from] item: Black Sludge\n|upkeep\n|turn|4\n|\n|t:|1699556977\n|move|p1a: Overqwil|Crunch|p2a: Toxapex\n|-damage|p2a: Toxapex|61\/100\n|move|p2a: Toxapex|Scald|p1a: Overqwil\n|-damage|p1a: Overqwil|56\/100\n|\n|-weather|RainDance|[upkeep]\n|-heal|p1a: Overqwil|62\/100|[from] item: Black Sludge\n|-heal|p2a: Toxapex|67\/100|[from] item: Black Sludge\n|upkeep\n|turn|5\n|\n|t:|1699556987\n|move|p1a: Overqwil|Waterfall|p2a: Toxapex\n|-resisted|p2a: Toxapex\n|-damage|p2a: Toxapex|54\/100\n|move|p2a: Toxapex|Scald|p1a: Overqwil\n|-damage|p1a: Overqwil|36\/100\n|\n|-weather|RainDance|[upkeep]\n|-heal|p1a: Overqwil|42\/100|[from] item: Black Sludge\n|-heal|p2a: Toxapex|60\/100|[from] item: Black Sludge\n|upkeep\n|turn|6\n|\n|t:|1699556998\n|move|p1a: Overqwil|Waterfall|p2a: Toxapex\n|-resisted|p2a: Toxapex\n|-damage|p2a: Toxapex|49\/100\n|move|p2a: Toxapex|Recover|p2a: Toxapex\n|-heal|p2a: Toxapex|99\/100\n|\n|-weather|RainDance|[upkeep]\n|-heal|p1a: Overqwil|48\/100|[from] item: Black Sludge\n|-heal|p2a: Toxapex|100\/100|[from] item: Black Sludge\n|upkeep\n|turn|7\n|\n|t:|1699557011\n|move|p1a: Overqwil|Stockpile|p1a: Overqwil\n|-start|p1a: Overqwil|stockpile2\n|-boost|p1a: Overqwil|def|1\n|-boost|p1a: Overqwil|spd|1\n|move|p2a: Toxapex|Scald|p1a: Overqwil\n|-damage|p1a: Overqwil|27\/100\n|\n|-weather|RainDance|[upkeep]\n|-heal|p1a: Overqwil|33\/100|[from] item: Black Sludge\n|upkeep\n|turn|8\n|\n|t:|1699557016\n|move|p1a: Overqwil|Crunch|p2a: Toxapex\n|-damage|p2a: Toxapex|74\/100\n|-unboost|p2a: Toxapex|def|1\n|move|p2a: Toxapex|Scald|p1a: Overqwil\n|-damage|p1a: Overqwil|14\/100\n|\n|-weather|none\n|-heal|p1a: Overqwil|20\/100|[from] item: Black Sludge\n|-heal|p2a: Toxapex|80\/100|[from] item: Black Sludge\n|upkeep\n|turn|9\n|\n|t:|1699557018\n|move|p1a: Overqwil|Crunch|p2a: Toxapex\n|-damage|p2a: Toxapex|40\/100\n|-unboost|p2a: Toxapex|def|1\n|move|p2a: Toxapex|Scald|p1a: Overqwil\n|-damage|p1a: Overqwil|7\/100\n|-status|p1a: Overqwil|brn\n|\n|-heal|p1a: Overqwil|13\/100 brn|[from] item: Black Sludge\n|-heal|p2a: Toxapex|46\/100|[from] item: Black Sludge\n|-damage|p1a: Overqwil|7\/100 brn|[from] brn\n|upkeep\n|turn|10\n|\n|t:|1699557022\n|move|p1a: Overqwil|Crunch|p2a: Toxapex\n|-damage|p2a: Toxapex|23\/100\n|move|p2a: Toxapex|Recover|p2a: Toxapex\n|-heal|p2a: Toxapex|73\/100\n|\n|-heal|p1a: Overqwil|13\/100 brn|[from] item: Black Sludge\n|-heal|p2a: Toxapex|79\/100|[from] item: Black Sludge\n|-damage|p1a: Overqwil|7\/100 brn|[from] brn\n|upkeep\n|turn|11\n|\n|t:|1699557026\n|move|p2a: Toxapex|Baneful Bunker|p2a: Toxapex\n|-singleturn|p2a: Toxapex|move: Protect\n|move|p1a: Overqwil|Crunch|p2a: Toxapex\n|-activate|p2a: Toxapex|move: Protect\n|\n|-heal|p1a: Overqwil|13\/100 brn|[from] item: Black Sludge\n|-heal|p2a: Toxapex|86\/100|[from] item: Black Sludge\n|-damage|p1a: Overqwil|7\/100 brn|[from] brn\n|upkeep\n|turn|12\n|\n|t:|1699557031\n|move|p1a: Overqwil|Crunch|p2a: Toxapex\n|-damage|p2a: Toxapex|61\/100\n|move|p2a: Toxapex|Scald|p1a: Overqwil\n|-damage|p1a: Overqwil|0 fnt\n|faint|p1a: Overqwil\n|\n|-heal|p2a: Toxapex|67\/100|[from] item: Black Sludge\n|upkeep\n|\n|t:|1699557040\n|switch|p1a: Zapdos|Zapdos|100\/100\n|turn|13\n|\n|t:|1699557060\n|switch|p2a: Landorus|Landorus-Therian, M|100\/100\n|-ability|p2a: Landorus|Intimidate|boost\n|-unboost|p1a: Zapdos|atk|1\n|move|p1a: Zapdos|Hurricane|p2a: Landorus|[miss]\n|-miss|p1a: Zapdos|p2a: Landorus\n|\n|upkeep\n|turn|14\n|\n|t:|1699557066\n|move|p2a: Landorus|Stealth Rock|p1a: Zapdos\n|-sidestart|p1: GenericEdgeLrd|move: Stealth Rock\n|move|p1a: Zapdos|Hurricane|p2a: Landorus\n|-damage|p2a: Landorus|19\/100\n|\n|-heal|p2a: Landorus|25\/100|[from] item: Leftovers\n|upkeep\n|turn|15\n|\n|t:|1699557069\n|move|p2a: Landorus|U-turn|p1a: Zapdos\n|-resisted|p1a: Zapdos\n|-damage|p1a: Zapdos|88\/100\n|\n|t:|1699557077\n|switch|p2a: Incineroar|Incineroar, F|100\/100|[from] U-turn\n|-ability|p2a: Incineroar|Intimidate|boost\n|-unboost|p1a: Zapdos|atk|1\n|move|p1a: Zapdos|Hurricane|p2a: Incineroar\n|-damage|p2a: Incineroar|65\/100\n|-start|p2a: Incineroar|confusion\n|\n|-heal|p1a: Zapdos|94\/100|[from] item: Leftovers\n|upkeep\n|turn|16\n|\n|t:|1699557087\n|move|p1a: Zapdos|Thunder|p2a: Incineroar\n|-damage|p2a: Incineroar|29\/100\n|-activate|p2a: Incineroar|confusion\n|move|p2a: Incineroar|Flare Blitz|p1a: Zapdos\n|-damage|p1a: Zapdos|26\/100\n|-status|p1a: Zapdos|brn\n|-damage|p2a: Incineroar|8\/100|[from] Recoil\n|\n|-heal|p1a: Zapdos|32\/100 brn|[from] item: Leftovers\n|-damage|p1a: Zapdos|26\/100 brn|[from] brn\n|upkeep\n|turn|17\n|\n|t:|1699557094\n|move|p1a: Zapdos|Thunder|p2a: Incineroar\n|-damage|p2a: Incineroar|0 fnt\n|faint|p2a: Incineroar\n|\n|-heal|p1a: Zapdos|32\/100 brn|[from] item: Leftovers\n|-damage|p1a: Zapdos|26\/100 brn|[from] brn\n|upkeep\n|inactive|JustinRuggs has 120 seconds left.\n|\n|t:|1699557140\n|switch|p2a: Latios|Latios, M|100\/100\n|turn|18\n|\n|t:|1699557149\n|move|p2a: Latios|Ice Beam|p1a: Zapdos\n|-supereffective|p1a: Zapdos\n|-damage|p1a: Zapdos|0 fnt\n|faint|p1a: Zapdos\n|\n|upkeep\n|\n|t:|1699557167\n|switch|p1a: Barraskewda|Barraskewda, F|100\/100\n|-damage|p1a: Barraskewda|88\/100|[from] Stealth Rock\n|turn|19\n|\n|t:|1699557173\n|move|p1a: Barraskewda|Ice Fang|p2a: Latios|[miss]\n|-miss|p1a: Barraskewda|p2a: Latios\n|move|p2a: Latios|Thunderbolt|p1a: Barraskewda\n|-supereffective|p1a: Barraskewda\n|-damage|p1a: Barraskewda|0 fnt\n|faint|p1a: Barraskewda\n|\n|upkeep\n|\n|t:|1699557183\n|switch|p1a: Azumarill|Azumarill, F|100\/100\n|-damage|p1a: Azumarill|88\/100|[from] Stealth Rock\n|turn|20\n|\n|t:|1699557186\n|move|p2a: Latios|Thunderbolt|p1a: Azumarill\n|-supereffective|p1a: Azumarill\n|-damage|p1a: Azumarill|29\/100\n|-enditem|p1a: Azumarill|Sitrus Berry|[eat]\n|-heal|p1a: Azumarill|54\/100|[from] item: Sitrus Berry\n|move|p1a: Azumarill|Belly Drum|p1a: Azumarill\n|-damage|p1a: Azumarill|4\/100\n|-setboost|p1a: Azumarill|atk|6|[from] move: Belly Drum\n|\n|upkeep\n|turn|21\n|\n|t:|1699557192\n|-terastallize|p1a: Azumarill|Water\n|move|p1a: Azumarill|Aqua Jet|p2a: Latios\n|-resisted|p2a: Latios\n|-damage|p2a: Latios|7\/100\n|move|p2a: Latios|Thunderbolt|p1a: Azumarill\n|-supereffective|p1a: Azumarill\n|-damage|p1a: Azumarill|0 fnt\n|faint|p1a: Azumarill\n|\n|upkeep\n|c|\u2606JustinRuggs|gg\n|\n|t:|1699557199\n|switch|p1a: Gyarados|Gyarados, M|100\/100\n|-damage|p1a: Gyarados|76\/100|[from] Stealth Rock\n|-ability|p1a: Gyarados|Intimidate|boost\n|-unboost|p2a: Latios|atk|1\n|turn|22\n|\n|t:|1699557202\n|detailschange|p1a: Gyarados|Gyarados-Mega, M\n|-mega|p1a: Gyarados|Gyarados|Gyaradosite\n|-ability|p1a: Gyarados|Mold Breaker\n|move|p2a: Latios|Thunderbolt|p1a: Gyarados\n|-supereffective|p1a: Gyarados\n|-damage|p1a: Gyarados|23\/100\n|move|p1a: Gyarados|Scale Shot|p2a: Latios\n|-supereffective|p2a: Latios\n|-damage|p2a: Latios|0 fnt\n|faint|p2a: Latios\n|-hitcount|p2: Latios|1\n|-unboost|p1a: Gyarados|def|1\n|-boost|p1a: Gyarados|spe|1\n|\n|upkeep\n|\n|t:|1699557208\n|switch|p2a: Kartana|Kartana|100\/100\n|turn|23\n|\n|t:|1699557218\n|move|p1a: Gyarados|Crunch|p2a: Kartana\n|-damage|p2a: Kartana|54\/100\n|move|p2a: Kartana|Leaf Blade|p1a: Gyarados\n|-supereffective|p1a: Gyarados\n|-damage|p1a: Gyarados|0 fnt\n|faint|p1a: Gyarados\n|\n|win|JustinRuggs\n|raw|GenericEdgeLrd's rating: 1225 &rarr; <strong>1205<\/strong><br \/>(-20 for losing)\n|raw|JustinRuggs's rating: 1290 &rarr; <strong>1310<\/strong><br \/>(+20 for winning)\n|c|\u2606GenericEdgeLrd|GG\n|l|\u2606GenericEdgeLrd\n|c|\u2606JustinRuggs|gg wp\n","uploadtime":1699557229,"views":7,"p1id":"genericedgelrd","p2id":"justinruggs","formatid":"gen9nationaldex","rating":1205,"private":0,"password":""}