{"id":"gen9nationaldex-1990824875","p1":"NOAHXKENSHIN","p2":"toddyvg","format":"[Gen 9] National Dex","log":"|j|\u2606NOAHXKENSHIN\n|j|\u2606toddyvg\n|t:|1700004662\n|gametype|singles\n|player|p1|NOAHXKENSHIN|101|1214\n|player|p2|toddyvg|n|1297\n|teamsize|p1|6\n|teamsize|p2|6\n|gen|9\n|tier|[Gen 9] National Dex\n|rated|\n|rule|HP Percentage Mod: HP is shown in percentages\n|rule|Endless Battle Clause: Forcing endless battles is banned\n|rule|OHKO Clause: OHKO moves are banned\n|rule|Evasion Clause: Evasion abilities, items, and moves are banned\n|rule|Evasion Abilities Clause: Evasion abilities are banned\n|rule|Evasion Items Clause: Evasion items are banned\n|rule|Evasion Moves Clause: Evasion moves are banned\n|rule|Species Clause: Limit one of each Pok\u00e9mon\n|rule|Sleep Clause Mod: Limit one foe put to sleep\n|clearpoke\n|poke|p1|Pelipper, M|\n|poke|p1|Floatzel, F|\n|poke|p1|Zapdos|\n|poke|p1|Iron Valiant|\n|poke|p1|Garchomp, F|\n|poke|p1|Ferrothorn, F|\n|poke|p2|Hoopa|\n|poke|p2|Diancie|\n|poke|p2|Shaymin|\n|poke|p2|Zeraora|\n|poke|p2|Volcanion|\n|poke|p2|Mew|\n|teampreview\n|inactive|Battle timer is ON: inactive players will automatically lose when time's up. (requested by toddyvg)\n|\n|t:|1700004668\n|start\n|switch|p1a: Pelipper|Pelipper, M, shiny|100\/100\n|switch|p2a: Mew|Mew, shiny|100\/100\n|-weather|RainDance|[from] ability: Drizzle|[of] p1a: Pelipper\n|turn|1\n|\n|t:|1700004673\n|-zpower|p2a: Mew\n|move|p2a: Mew|Genesis Supernova|p1a: Pelipper|[zeffect]\n|-damage|p1a: Pelipper|0 fnt\n|-fieldstart|move: Psychic Terrain\n|faint|p1a: Pelipper\n|\n|-weather|RainDance|[upkeep]\n|upkeep\n|\n|t:|1700004680\n|switch|p1a: Floatzel|Floatzel, F|100\/100\n|turn|2\n|\n|t:|1700004683\n|move|p1a: Floatzel|Wave Crash|p2a: Mew\n|-damage|p2a: Mew|0 fnt\n|faint|p2a: Mew\n|-damage|p1a: Floatzel|64\/100|[from] Recoil\n|\n|-weather|RainDance|[upkeep]\n|upkeep\n|\n|t:|1700004686\n|switch|p2a: Hoopa|Hoopa|100\/100\n|turn|3\n|\n|t:|1700004691\n|move|p1a: Floatzel|Wave Crash|p2a: Hoopa\n|-enditem|p2a: Hoopa|Focus Sash\n|-damage|p2a: Hoopa|1\/100\n|-damage|p1a: Floatzel|26\/100|[from] Recoil\n|move|p2a: Hoopa|Trick Room|p2a: Hoopa\n|-fieldstart|move: Trick Room|[of] p2a: Hoopa\n|\n|-weather|RainDance|[upkeep]\n|upkeep\n|turn|4\n|\n|t:|1700004697\n|move|p2a: Hoopa|Shadow Ball|p1a: Floatzel\n|-damage|p1a: Floatzel|0 fnt\n|faint|p1a: Floatzel\n|\n|-weather|RainDance|[upkeep]\n|upkeep\n|\n|t:|1700004699\n|switch|p1a: Ferrothorn|Ferrothorn, F, shiny|100\/100\n|turn|5\n|\n|t:|1700004703\n|move|p1a: Ferrothorn|Gyro Ball|p2a: Hoopa\n|-damage|p2a: Hoopa|0 fnt\n|faint|p2a: Hoopa\n|\n|-weather|RainDance|[upkeep]\n|-fieldend|move: Psychic Terrain\n|upkeep\n|\n|t:|1700004705\n|switch|p2a: Volcanion|Volcanion|100\/100\n|turn|6\n|\n|t:|1700004710\n|-terastallize|p1a: Ferrothorn|Water\n|move|p1a: Ferrothorn|Knock Off|p2a: Volcanion\n|-damage|p2a: Volcanion|83\/100\n|-enditem|p2a: Volcanion|Heavy-Duty Boots|[from] move: Knock Off|[of] p1a: Ferrothorn\n|move|p2a: Volcanion|Flamethrower|p1a: Ferrothorn\n|-resisted|p1a: Ferrothorn\n|-damage|p1a: Ferrothorn|90\/100\n|\n|-weather|RainDance|[upkeep]\n|-heal|p1a: Ferrothorn|96\/100|[from] item: Leftovers\n|upkeep\n|turn|7\n|\n|t:|1700004717\n|switch|p2a: Shaymin|Shaymin, shiny|100\/100\n|move|p1a: Ferrothorn|Gyro Ball|p2a: Shaymin\n|-damage|p2a: Shaymin|66\/100\n|\n|-weather|RainDance|[upkeep]\n|-heal|p1a: Ferrothorn|100\/100|[from] item: Leftovers\n|-heal|p2a: Shaymin|72\/100|[from] item: Leftovers\n|-fieldend|move: Trick Room\n|upkeep\n|turn|8\n|\n|t:|1700004722\n|move|p2a: Shaymin|Substitute|p2a: Shaymin\n|-start|p2a: Shaymin|Substitute\n|-damage|p2a: Shaymin|47\/100\n|move|p1a: Ferrothorn|Knock Off|p2a: Shaymin\n|-activate|p2a: Shaymin|move: Substitute|[damage]\n|\n|-weather|none\n|-heal|p2a: Shaymin|53\/100|[from] item: Leftovers\n|upkeep\n|turn|9\n|\n|t:|1700004726\n|move|p2a: Shaymin|Leech Seed|p1a: Ferrothorn\n|-start|p1a: Ferrothorn|move: Leech Seed\n|move|p1a: Ferrothorn|Gyro Ball|p2a: Shaymin\n|-end|p2a: Shaymin|Substitute\n|\n|-heal|p2a: Shaymin|60\/100|[from] item: Leftovers\n|-damage|p1a: Ferrothorn|88\/100|[from] Leech Seed|[of] p2a: Shaymin\n|-heal|p2a: Shaymin|71\/100|[silent]\n|upkeep\n|turn|10\n|\n|t:|1700004734\n|switch|p1a: Iron Valiant|Iron Valiant, shiny|100\/100\n|-enditem|p1a: Iron Valiant|Booster Energy\n|-activate|p1a: Iron Valiant|ability: Quark Drive|[fromitem]\n|-start|p1a: Iron Valiant|quarkdrivespe\n|move|p2a: Shaymin|Substitute|p2a: Shaymin\n|-start|p2a: Shaymin|Substitute\n|-damage|p2a: Shaymin|46\/100\n|\n|-heal|p2a: Shaymin|52\/100|[from] item: Leftovers\n|upkeep\n|turn|11\n|\n|t:|1700004739\n|move|p1a: Iron Valiant|Calm Mind|p1a: Iron Valiant\n|-boost|p1a: Iron Valiant|spa|1\n|-boost|p1a: Iron Valiant|spd|1\n|move|p2a: Shaymin|Leech Seed|p1a: Iron Valiant\n|-start|p1a: Iron Valiant|move: Leech Seed\n|\n|-heal|p2a: Shaymin|58\/100|[from] item: Leftovers\n|-damage|p1a: Iron Valiant|88\/100|[from] Leech Seed|[of] p2a: Shaymin\n|-heal|p2a: Shaymin|67\/100|[silent]\n|upkeep\n|turn|12\n|\n|t:|1700004742\n|move|p1a: Iron Valiant|Moonblast|p2a: Shaymin\n|-end|p2a: Shaymin|Substitute\n|move|p2a: Shaymin|Substitute|p2a: Shaymin\n|-start|p2a: Shaymin|Substitute\n|-damage|p2a: Shaymin|42\/100\n|\n|-heal|p2a: Shaymin|48\/100|[from] item: Leftovers\n|-damage|p1a: Iron Valiant|76\/100|[from] Leech Seed|[of] p2a: Shaymin\n|-heal|p2a: Shaymin|57\/100|[silent]\n|upkeep\n|turn|13\n|\n|t:|1700004746\n|move|p1a: Iron Valiant|Moonblast|p2a: Shaymin\n|-end|p2a: Shaymin|Substitute\n|move|p2a: Shaymin|Substitute|p2a: Shaymin\n|-start|p2a: Shaymin|Substitute\n|-damage|p2a: Shaymin|32\/100\n|\n|-heal|p2a: Shaymin|38\/100|[from] item: Leftovers\n|-damage|p1a: Iron Valiant|63\/100|[from] Leech Seed|[of] p2a: Shaymin\n|-heal|p2a: Shaymin|47\/100|[silent]\n|upkeep\n|turn|14\n|\n|t:|1700004750\n|move|p1a: Iron Valiant|Moonblast|p2a: Shaymin\n|-end|p2a: Shaymin|Substitute\n|move|p2a: Shaymin|Substitute|p2a: Shaymin\n|-start|p2a: Shaymin|Substitute\n|-damage|p2a: Shaymin|22\/100\n|\n|-heal|p2a: Shaymin|28\/100|[from] item: Leftovers\n|-damage|p1a: Iron Valiant|51\/100|[from] Leech Seed|[of] p2a: Shaymin\n|-heal|p2a: Shaymin|37\/100|[silent]\n|upkeep\n|turn|15\n|\n|t:|1700004754\n|move|p1a: Iron Valiant|Moonblast|p2a: Shaymin\n|-end|p2a: Shaymin|Substitute\n|move|p2a: Shaymin|Substitute|p2a: Shaymin\n|-start|p2a: Shaymin|Substitute\n|-damage|p2a: Shaymin|12\/100\n|\n|-heal|p2a: Shaymin|18\/100|[from] item: Leftovers\n|-damage|p1a: Iron Valiant|38\/100|[from] Leech Seed|[of] p2a: Shaymin\n|-heal|p2a: Shaymin|27\/100|[silent]\n|upkeep\n|turn|16\n|\n|t:|1700004758\n|move|p1a: Iron Valiant|Moonblast|p2a: Shaymin\n|-end|p2a: Shaymin|Substitute\n|move|p2a: Shaymin|Substitute|p2a: Shaymin\n|-start|p2a: Shaymin|Substitute\n|-damage|p2a: Shaymin|2\/100\n|\n|-heal|p2a: Shaymin|8\/100|[from] item: Leftovers\n|-damage|p1a: Iron Valiant|26\/100|[from] Leech Seed|[of] p2a: Shaymin\n|-heal|p2a: Shaymin|17\/100|[silent]\n|upkeep\n|turn|17\n|\n|t:|1700004761\n|move|p1a: Iron Valiant|Moonblast|p2a: Shaymin\n|-end|p2a: Shaymin|Substitute\n|move|p2a: Shaymin|Synthesis|p2a: Shaymin\n|-heal|p2a: Shaymin|67\/100\n|\n|-heal|p2a: Shaymin|74\/100|[from] item: Leftovers\n|-damage|p1a: Iron Valiant|13\/100|[from] Leech Seed|[of] p2a: Shaymin\n|-heal|p2a: Shaymin|82\/100|[silent]\n|upkeep\n|turn|18\n|\n|t:|1700004765\n|move|p1a: Iron Valiant|Moonblast|p2a: Shaymin\n|-damage|p2a: Shaymin|43\/100\n|move|p2a: Shaymin|Synthesis|p2a: Shaymin\n|-heal|p2a: Shaymin|93\/100\n|\n|-heal|p2a: Shaymin|99\/100|[from] item: Leftovers\n|-damage|p1a: Iron Valiant|1\/100|[from] Leech Seed|[of] p2a: Shaymin\n|-heal|p2a: Shaymin|100\/100|[silent]\n|upkeep\n|turn|19\n|\n|t:|1700004768\n|move|p1a: Iron Valiant|Aura Sphere|p2a: Shaymin\n|-damage|p2a: Shaymin|66\/100\n|move|p2a: Shaymin|Synthesis|p2a: Shaymin\n|-heal|p2a: Shaymin|100\/100\n|\n|-damage|p1a: Iron Valiant|0 fnt|[from] Leech Seed|[of] p2a: Shaymin\n|faint|p1a: Iron Valiant\n|-end|p1a: Iron Valiant|Quark Drive|[silent]\n|upkeep\n|\n|t:|1700004776\n|switch|p1a: Garchomp|Garchomp, F, shiny|100\/100\n|turn|20\n|\n|t:|1700004780\n|move|p1a: Garchomp|Swords Dance|p1a: Garchomp\n|-boost|p1a: Garchomp|atk|2\n|move|p2a: Shaymin|Leech Seed|p1a: Garchomp\n|-start|p1a: Garchomp|move: Leech Seed\n|\n|-damage|p1a: Garchomp|88\/100|[from] Leech Seed|[of] p2a: Shaymin\n|upkeep\n|turn|21\n|\n|t:|1700004783\n|move|p1a: Garchomp|Swords Dance|p1a: Garchomp\n|-boost|p1a: Garchomp|atk|2\n|move|p2a: Shaymin|Substitute|p2a: Shaymin\n|-start|p2a: Shaymin|Substitute\n|-damage|p2a: Shaymin|75\/100\n|\n|-heal|p2a: Shaymin|82\/100|[from] item: Leftovers\n|-damage|p1a: Garchomp|76\/100|[from] Leech Seed|[of] p2a: Shaymin\n|-heal|p2a: Shaymin|93\/100|[silent]\n|upkeep\n|turn|22\n|\n|t:|1700004786\n|move|p1a: Garchomp|Swords Dance|p1a: Garchomp\n|-boost|p1a: Garchomp|atk|2\n|move|p2a: Shaymin|Substitute|p2a: Shaymin\n|-fail|p2a: Shaymin|move: Substitute\n|\n|-heal|p2a: Shaymin|99\/100|[from] item: Leftovers\n|-damage|p1a: Garchomp|64\/100|[from] Leech Seed|[of] p2a: Shaymin\n|-heal|p2a: Shaymin|100\/100|[silent]\n|upkeep\n|turn|23\n|\n|t:|1700004789\n|move|p1a: Garchomp|Earthquake|p2a: Shaymin\n|-resisted|p2a: Shaymin\n|-end|p2a: Shaymin|Substitute\n|move|p2a: Shaymin|Substitute|p2a: Shaymin\n|-start|p2a: Shaymin|Substitute\n|-damage|p2a: Shaymin|75\/100\n|\n|-heal|p2a: Shaymin|82\/100|[from] item: Leftovers\n|-damage|p1a: Garchomp|51\/100|[from] Leech Seed|[of] p2a: Shaymin\n|-heal|p2a: Shaymin|93\/100|[silent]\n|upkeep\n|turn|24\n|\n|t:|1700004794\n|move|p1a: Garchomp|Earthquake|p2a: Shaymin\n|-resisted|p2a: Shaymin\n|-end|p2a: Shaymin|Substitute\n|move|p2a: Shaymin|Substitute|p2a: Shaymin\n|-start|p2a: Shaymin|Substitute\n|-damage|p2a: Shaymin|68\/100\n|\n|-heal|p2a: Shaymin|74\/100|[from] item: Leftovers\n|-damage|p1a: Garchomp|39\/100|[from] Leech Seed|[of] p2a: Shaymin\n|-heal|p2a: Shaymin|85\/100|[silent]\n|upkeep\n|turn|25\n|\n|t:|1700004796\n|move|p1a: Garchomp|Earthquake|p2a: Shaymin\n|-resisted|p2a: Shaymin\n|-end|p2a: Shaymin|Substitute\n|move|p2a: Shaymin|Substitute|p2a: Shaymin\n|-start|p2a: Shaymin|Substitute\n|-damage|p2a: Shaymin|60\/100\n|\n|-heal|p2a: Shaymin|66\/100|[from] item: Leftovers\n|-damage|p1a: Garchomp|27\/100|[from] Leech Seed|[of] p2a: Shaymin\n|-heal|p2a: Shaymin|77\/100|[silent]\n|upkeep\n|turn|26\n|\n|t:|1700004799\n|move|p1a: Garchomp|Earthquake|p2a: Shaymin\n|-resisted|p2a: Shaymin\n|-end|p2a: Shaymin|Substitute\n|move|p2a: Shaymin|Substitute|p2a: Shaymin\n|-start|p2a: Shaymin|Substitute\n|-damage|p2a: Shaymin|52\/100\n|\n|-heal|p2a: Shaymin|58\/100|[from] item: Leftovers\n|-damage|p1a: Garchomp|14\/100|[from] Leech Seed|[of] p2a: Shaymin\n|-heal|p2a: Shaymin|69\/100|[silent]\n|upkeep\n|turn|27\n|\n|t:|1700004802\n|move|p1a: Garchomp|Earthquake|p2a: Shaymin\n|-resisted|p2a: Shaymin\n|-end|p2a: Shaymin|Substitute\n|move|p2a: Shaymin|Seed Flare|p1a: Garchomp|[miss]\n|-miss|p2a: Shaymin|p1a: Garchomp\n|\n|-heal|p2a: Shaymin|75\/100|[from] item: Leftovers\n|-damage|p1a: Garchomp|2\/100|[from] Leech Seed|[of] p2a: Shaymin\n|-heal|p2a: Shaymin|86\/100|[silent]\n|upkeep\n|turn|28\n|\n|t:|1700004806\n|move|p1a: Garchomp|Earthquake|p2a: Shaymin\n|-resisted|p2a: Shaymin\n|-damage|p2a: Shaymin|0 fnt\n|faint|p2a: Shaymin\n|\n|upkeep\n|\n|t:|1700004810\n|switch|p2a: Zeraora|Zeraora|100\/100\n|turn|29\n|\n|t:|1700004815\n|move|p2a: Zeraora|Fake Out|p1a: Garchomp\n|-crit|p1a: Garchomp\n|-damage|p1a: Garchomp|0 fnt\n|-damage|p2a: Zeraora|88\/100|[from] ability: Rough Skin|[of] p1a: Garchomp\n|-damage|p2a: Zeraora|72\/100|[from] item: Rocky Helmet|[of] p1a: Garchomp\n|faint|p1a: Garchomp\n|\n|upkeep\n|c|\u2606NOAHXKENSHIN|i actually hope you die\n|c|\u2606NOAHXKENSHIN|you are so bad\n|\n|t:|1700004834\n|switch|p1a: Zapdos|Zapdos, shiny|100\/100\n|turn|30\n|c|\u2606toddyvg|Lol\n|\n|t:|1700004844\n|switch|p2a: Diancie|Diancie, shiny|100\/100\n|move|p1a: Zapdos|Weather Ball|p2a: Diancie\n|-resisted|p2a: Diancie\n|-damage|p2a: Diancie|92\/100\n|\n|upkeep\n|turn|31\n|c|\u2606NOAHXKENSHIN|ur playing stall\n|c|\u2606NOAHXKENSHIN|please off yourself\n|\n|t:|1700004855\n|detailschange|p2a: Diancie|Diancie-Mega, shiny\n|-mega|p2a: Diancie|Diancie|Diancite\n|move|p2a: Diancie|Diamond Storm|p1a: Zapdos\n|-supereffective|p1a: Zapdos\n|-crit|p1a: Zapdos\n|-damage|p1a: Zapdos|0 fnt\n|-boost|p2a: Diancie|def|2\n|faint|p1a: Zapdos\n|\n|upkeep\n|c|\u2606toddyvg|Only shaymin is stall\n|\n|t:|1700004862\n|switch|p1a: Ferrothorn|Ferrothorn, F, shiny, tera:Water|88\/100\n|turn|32\n|c|\u2606NOAHXKENSHIN|doesnt make it better\n|\n|t:|1700004874\n|move|p2a: Diancie|Moonblast|p1a: Ferrothorn\n|-damage|p1a: Ferrothorn|34\/100\n|move|p1a: Ferrothorn|Gyro Ball|p2a: Diancie\n|-supereffective|p2a: Diancie\n|-damage|p2a: Diancie|0 fnt\n|faint|p2a: Diancie\n|\n|-heal|p1a: Ferrothorn|41\/100|[from] item: Leftovers\n|upkeep\n|c|\u2606NOAHXKENSHIN|i promise you arent getting high latter\n|c|\u2606toddyvg|I never wanted to, I just want to have fun\n|inactive|toddyvg has 120 seconds left.\n|\n|t:|1700004900\n|switch|p2a: Zeraora|Zeraora|72\/100\n|turn|33\n|\n|t:|1700004904\n|move|p2a: Zeraora|Plasma Fists|p1a: Ferrothorn\n|-supereffective|p1a: Ferrothorn\n|-damage|p1a: Ferrothorn|0 fnt\n|-fieldactivate|move: Ion Deluge\n|-hint|Normal-type moves become Electric-type after using Plasma Fists.\n|-damage|p2a: Zeraora|59\/100|[from] ability: Iron Barbs|[of] p1a: Ferrothorn\n|faint|p1a: Ferrothorn\n|\n|win|toddyvg\n|raw|NOAHXKENSHIN's rating: 1214 &rarr; <strong>1195<\/strong><br \/>(-19 for losing)\n|raw|toddyvg's rating: 1297 &rarr; <strong>1316<\/strong><br \/>(+19 for winning)\n","uploadtime":1700004828,"views":4,"p1id":"noahxkenshin","p2id":"toddyvg","formatid":"gen9nationaldex","rating":1195,"private":0,"password":""}