{"id":"gen9nationaldex-1993738539","p1":"weiwoduzun\u696a\u7948","p2":"IplayforFuns","format":"[Gen 9] National Dex","log":"|j|\u2606weiwoduzun\u696a\u7948\n|j|\u2606IplayforFuns\n|t:|1700351410\n|gametype|singles\n|player|p1|weiwoduzun\u696a\u7948|169|1591\n|player|p2|IplayforFuns|pokemaniac|1625\n|teamsize|p1|6\n|teamsize|p2|6\n|gen|9\n|tier|[Gen 9] National Dex\n|rated|\n|rule|HP Percentage Mod: HP is shown in percentages\n|rule|Endless Battle Clause: Forcing endless battles is banned\n|rule|OHKO Clause: OHKO moves are banned\n|rule|Evasion Clause: Evasion abilities, items, and moves are banned\n|rule|Evasion Abilities Clause: Evasion abilities are banned\n|rule|Evasion Items Clause: Evasion items are banned\n|rule|Evasion Moves Clause: Evasion moves are banned\n|rule|Species Clause: Limit one of each Pok\u00e9mon\n|rule|Sleep Clause Mod: Limit one foe put to sleep\n|clearpoke\n|poke|p1|Tapu Lele|\n|poke|p1|Armarouge, M|\n|poke|p1|Ceruledge, M|\n|poke|p1|Zapdos|\n|poke|p1|Hatterene, F|\n|poke|p1|Polteageist-Antique|\n|poke|p2|Charizard, M|\n|poke|p2|Venusaur, M|\n|poke|p2|Torkoal, M|\n|poke|p2|Victini|\n|poke|p2|Great Tusk|\n|poke|p2|Iron Moth|\n|teampreview\n|inactive|Battle timer is ON: inactive players will automatically lose when time's up. (requested by weiwoduzun\u696a\u7948)\n|\n|t:|1700351423\n|start\n|switch|p1a: Tapu Lele|Tapu Lele|100\/100\n|switch|p2a: Tortellini|Torkoal, M, shiny|100\/100\n|-fieldstart|move: Psychic Terrain|[from] ability: Psychic Surge|[of] p1a: Tapu Lele\n|-weather|SunnyDay|[from] ability: Drought|[of] p2a: Tortellini\n|turn|1\n|\n|t:|1700351426\n|switch|p1a: Hatterene|Hatterene, F|100\/100\n|move|p2a: Tortellini|Yawn|p1a: Hatterene\n|move|p1a: Hatterene|Yawn|p2a: Tortellini|[from]ability: Magic Bounce\n|-start|p2a: Tortellini|move: Yawn|[of] p1a: Hatterene\n|\n|-weather|SunnyDay|[upkeep]\n|upkeep\n|turn|2\n|\n|t:|1700351431\n|switch|p2a: Vileplum\u00e8|Venusaur, M, shiny|100\/100\n|move|p1a: Hatterene|Nuzzle|p2a: Vileplum\u00e8\n|-resisted|p2a: Vileplum\u00e8\n|-damage|p2a: Vileplum\u00e8|98\/100\n|-status|p2a: Vileplum\u00e8|par\n|\n|-weather|SunnyDay|[upkeep]\n|upkeep\n|turn|3\n|\n|t:|1700351441\n|move|p2a: Vileplum\u00e8|Weather Ball|p1a: Hatterene\n|-damage|p1a: Hatterene|66\/100\n|-damage|p2a: Vileplum\u00e8|88\/100 par|[from] item: Life Orb\n|move|p1a: Hatterene|Expanding Force|p2a: Vileplum\u00e8\n|-supereffective|p2a: Vileplum\u00e8\n|-crit|p2a: Vileplum\u00e8\n|-damage|p2a: Vileplum\u00e8|0 fnt\n|faint|p2a: Vileplum\u00e8\n|\n|-weather|SunnyDay|[upkeep]\n|upkeep\n|\n|t:|1700351448\n|switch|p2a: Apollo|Charizard, M, shiny|100\/100\n|turn|4\n|\n|t:|1700351451\n|detailschange|p2a: Apollo|Charizard-Mega-Y, M, shiny\n|-mega|p2a: Apollo|Charizard|Charizardite Y\n|move|p2a: Apollo|Weather Ball|p1a: Hatterene\n|-damage|p1a: Hatterene|20\/100\n|move|p1a: Hatterene|Nuzzle|p2a: Apollo\n|-supereffective|p2a: Apollo\n|-damage|p2a: Apollo|90\/100\n|-status|p2a: Apollo|par\n|\n|-weather|SunnyDay|[upkeep]\n|upkeep\n|turn|5\n|\n|t:|1700351457\n|move|p2a: Apollo|Weather Ball|p1a: Hatterene\n|-damage|p1a: Hatterene|0 fnt\n|faint|p1a: Hatterene\n|\n|-weather|SunnyDay|[upkeep]\n|upkeep\n|\n|t:|1700351463\n|switch|p1a: Polteageist|Polteageist-Antique|100\/100\n|turn|6\n|\n|t:|1700351467\n|move|p1a: Polteageist|Shell Smash|p1a: Polteageist\n|-unboost|p1a: Polteageist|def|1\n|-unboost|p1a: Polteageist|spd|1\n|-boost|p1a: Polteageist|atk|2\n|-boost|p1a: Polteageist|spa|2\n|-boost|p1a: Polteageist|spe|2\n|cant|p2a: Apollo|par\n|\n|-weather|SunnyDay|[upkeep]\n|upkeep\n|turn|7\n|\n|t:|1700351471\n|move|p1a: Polteageist|Stored Power|p2a: Apollo\n|-damage|p2a: Apollo|0 fnt\n|faint|p2a: Apollo\n|\n|-weather|SunnyDay|[upkeep]\n|upkeep\n|\n|t:|1700351479\n|switch|p2a: Helios|Iron Moth, shiny|100\/100\n|-enditem|p2a: Helios|Booster Energy\n|-activate|p2a: Helios|ability: Quark Drive|[fromitem]\n|-start|p2a: Helios|quarkdrivespe\n|turn|8\n|\n|t:|1700351501\n|-terastallize|p2a: Helios|Fire\n|move|p2a: Helios|Fiery Dance|p1a: Polteageist\n|-enditem|p1a: Polteageist|Focus Sash\n|-damage|p1a: Polteageist|1\/100\n|-boost|p2a: Helios|spa|1\n|move|p1a: Polteageist|Shell Smash|p1a: Polteageist\n|-unboost|p1a: Polteageist|def|1\n|-unboost|p1a: Polteageist|spd|1\n|-boost|p1a: Polteageist|atk|2\n|-boost|p1a: Polteageist|spa|2\n|-boost|p1a: Polteageist|spe|2\n|\n|-weather|none\n|-fieldend|move: Psychic Terrain\n|upkeep\n|turn|9\n|\n|t:|1700351506\n|move|p1a: Polteageist|Stored Power|p2a: Helios\n|-damage|p2a: Helios|0 fnt\n|faint|p2a: Helios\n|-end|p2a: Helios|Quark Drive|[silent]\n|\n|upkeep\n|\n|t:|1700351512\n|switch|p2a: Tortellini|Torkoal, M, shiny|100\/100\n|-weather|SunnyDay|[from] ability: Drought|[of] p2a: Tortellini\n|turn|10\n|\n|t:|1700351515\n|move|p1a: Polteageist|Stored Power|p2a: Tortellini\n|-damage|p2a: Tortellini|0 fnt\n|faint|p2a: Tortellini\n|\n|-weather|SunnyDay|[upkeep]\n|upkeep\n|\n|t:|1700351517\n|switch|p2a: Behemoth|Great Tusk, shiny|100\/100\n|-activate|p2a: Behemoth|ability: Protosynthesis\n|-start|p2a: Behemoth|protosynthesisspe\n|turn|11\n|\n|t:|1700351523\n|move|p1a: Polteageist|Stored Power|p2a: Behemoth\n|-supereffective|p2a: Behemoth\n|-damage|p2a: Behemoth|0 fnt\n|faint|p2a: Behemoth\n|-end|p2a: Behemoth|Protosynthesis|[silent]\n|\n|-weather|SunnyDay|[upkeep]\n|upkeep\n|\n|t:|1700351525\n|switch|p2a: Veeeee|Victini|100\/100\n|turn|12\n|\n|t:|1700351527\n|move|p1a: Polteageist|Shadow Ball|p2a: Veeeee\n|-supereffective|p2a: Veeeee\n|-damage|p2a: Veeeee|0 fnt\n|faint|p2a: Veeeee\n|\n|win|weiwoduzun\u696a\u7948\n|raw|weiwoduzun\u696a\u7948's rating: 1591 &rarr; <strong>1613<\/strong><br \/>(+22 for winning)\n|raw|IplayforFuns's rating: 1625 &rarr; <strong>1603<\/strong><br \/>(-22 for losing)\n|l|\u2606IplayforFuns\n","uploadtime":1700351532,"views":7,"p1id":"weiwoduzun","p2id":"iplayforfuns","formatid":"gen9nationaldex","rating":1603,"private":0,"password":""}