{"id":"gen9nationaldex-1989834981","p1":"AerialWarlockPunch","p2":"pzzs","format":"[Gen 9] National Dex","log":"|j|\u2606AerialWarlockPunch\n|j|\u2606pzzs\n|t:|1699899683\n|gametype|singles\n|player|p1|AerialWarlockPunch|lusamine-nihilego|1537\n|player|p2|pzzs|janine|1532\n|teamsize|p1|6\n|teamsize|p2|6\n|gen|9\n|tier|[Gen 9] National Dex\n|rated|\n|rule|HP Percentage Mod: HP is shown in percentages\n|rule|Endless Battle Clause: Forcing endless battles is banned\n|rule|OHKO Clause: OHKO moves are banned\n|rule|Evasion Clause: Evasion abilities, items, and moves are banned\n|rule|Evasion Abilities Clause: Evasion abilities are banned\n|rule|Evasion Items Clause: Evasion items are banned\n|rule|Evasion Moves Clause: Evasion moves are banned\n|rule|Species Clause: Limit one of each Pok\u00e9mon\n|rule|Sleep Clause Mod: Limit one foe put to sleep\n|clearpoke\n|poke|p1|Metagross|\n|poke|p1|Palossand, F|\n|poke|p1|Kingler, M|\n|poke|p1|Crobat, M|\n|poke|p1|Kartana|\n|poke|p1|Hitmontop, M|\n|poke|p2|Zeraora|\n|poke|p2|Azumarill, F|\n|poke|p2|Victini|\n|poke|p2|Iron Moth|\n|poke|p2|Tapu Bulu|\n|poke|p2|Klefki, M|\n|teampreview\n|inactive|Battle timer is ON: inactive players will automatically lose when time's up. (requested by pzzs)\n|\n|t:|1699899697\n|start\n|switch|p1a: Hitmontop|Hitmontop, M, shiny|100\/100\n|switch|p2a: Zeraora|Zeraora|100\/100\n|turn|1\n|\n|t:|1699899701\n|move|p2a: Zeraora|Taunt|p1a: Hitmontop\n|-start|p1a: Hitmontop|move: Taunt\n|move|p1a: Hitmontop|Earthquake|p2a: Zeraora\n|-supereffective|p2a: Zeraora\n|-damage|p2a: Zeraora|9\/100\n|\n|upkeep\n|turn|2\n|\n|t:|1699899707\n|move|p2a: Zeraora|Volt Switch|p1a: Hitmontop\n|-damage|p1a: Hitmontop|81\/100\n|-damage|p2a: Zeraora|0 fnt|[from] item: Life Orb\n|faint|p2a: Zeraora\n|move|p1a: Hitmontop|Rapid Spin|p2: Zeraora|[notarget]\n|-fail|p1a: Hitmontop\n|\n|upkeep\n|\n|t:|1699899714\n|switch|p2a: Tapu Bulu|Tapu Bulu|100\/100\n|-fieldstart|move: Grassy Terrain|[from] ability: Grassy Surge|[of] p2a: Tapu Bulu\n|turn|3\n|\n|t:|1699899720\n|move|p2a: Tapu Bulu|Bulk Up|p2a: Tapu Bulu\n|-boost|p2a: Tapu Bulu|atk|1\n|-boost|p2a: Tapu Bulu|def|1\n|move|p1a: Hitmontop|Triple Axel|p2a: Tapu Bulu\n|-supereffective|p2a: Tapu Bulu\n|-damage|p2a: Tapu Bulu|89\/100\n|-supereffective|p2a: Tapu Bulu\n|-damage|p2a: Tapu Bulu|69\/100\n|-supereffective|p2a: Tapu Bulu\n|-damage|p2a: Tapu Bulu|35\/100\n|-hitcount|p2a: Tapu Bulu|3\n|\n|-heal|p2a: Tapu Bulu|41\/100|[from] Grassy Terrain\n|-heal|p2a: Tapu Bulu|47\/100|[from] item: Leftovers\n|-heal|p1a: Hitmontop|87\/100|[from] Grassy Terrain\n|-end|p1a: Hitmontop|move: Taunt\n|upkeep\n|turn|4\n|\n|t:|1699899731\n|move|p2a: Tapu Bulu|Horn Leech|p1a: Hitmontop\n|-damage|p1a: Hitmontop|0 fnt\n|-heal|p2a: Tapu Bulu|85\/100|[from] drain|[of] p1a: Hitmontop\n|faint|p1a: Hitmontop\n|\n|-heal|p2a: Tapu Bulu|91\/100|[from] Grassy Terrain\n|-heal|p2a: Tapu Bulu|98\/100|[from] item: Leftovers\n|upkeep\n|\n|t:|1699899738\n|switch|p1a: MORBAT|Crobat, M, shiny|100\/100\n|turn|5\n|\n|t:|1699899744\n|-terastallize|p2a: Tapu Bulu|Steel\n|move|p1a: MORBAT|Nasty Plot|p1a: MORBAT\n|-boost|p1a: MORBAT|spa|2\n|move|p2a: Tapu Bulu|Bulk Up|p2a: Tapu Bulu\n|-boost|p2a: Tapu Bulu|atk|1\n|-boost|p2a: Tapu Bulu|def|1\n|\n|-heal|p2a: Tapu Bulu|100\/100|[from] Grassy Terrain\n|upkeep\n|turn|6\n|\n|t:|1699899751\n|move|p1a: MORBAT|Heat Wave|p2a: Tapu Bulu\n|-supereffective|p2a: Tapu Bulu\n|-damage|p2a: Tapu Bulu|0 fnt\n|faint|p2a: Tapu Bulu\n|-damage|p1a: MORBAT|91\/100|[from] item: Life Orb\n|\n|upkeep\n|\n|t:|1699899761\n|switch|p2a: Victini|Victini|100\/100\n|turn|7\n|\n|t:|1699899769\n|move|p1a: MORBAT|Sludge Bomb|p2a: Victini\n|-damage|p2a: Victini|15\/100\n|-damage|p1a: MORBAT|81\/100|[from] item: Life Orb\n|move|p2a: Victini|Zen Headbutt|p1a: MORBAT\n|-supereffective|p1a: MORBAT\n|-damage|p1a: MORBAT|0 fnt\n|faint|p1a: MORBAT\n|\n|-heal|p2a: Victini|21\/100|[from] Grassy Terrain\n|-fieldend|move: Grassy Terrain\n|upkeep\n|\n|t:|1699899776\n|switch|p1a: Kartana|Kartana, shiny|100\/100\n|turn|8\n|\n|t:|1699899783\n|switch|p2a: Klefki|Klefki, M, shiny|100\/100\n|move|p1a: Kartana|Aerial Ace|p2a: Klefki\n|-resisted|p2a: Klefki\n|-damage|p2a: Klefki|91\/100\n|\n|upkeep\n|turn|9\n|\n|t:|1699899790\n|switch|p1a: Kingler|Kingler, M, shiny|100\/100\n|move|p2a: Klefki|Foul Play|p1a: Kingler\n|-damage|p1a: Kingler|67\/100\n|\n|upkeep\n|turn|10\n|\n|t:|1699899795\n|move|p2a: Klefki|Thunder Wave|p1a: Kingler\n|-status|p1a: Kingler|par\n|move|p1a: Kingler|Knock Off|p2a: Klefki\n|-resisted|p2a: Klefki\n|-damage|p2a: Klefki|68\/100\n|-enditem|p2a: Klefki|Iron Ball|[from] move: Knock Off|[of] p1a: Kingler\n|\n|upkeep\n|turn|11\n|\n|t:|1699899801\n|switch|p1a: Palossand|Palossand, F, shiny|100\/100\n|move|p2a: Klefki|Foul Play|p1a: Palossand\n|-supereffective|p1a: Palossand\n|-damage|p1a: Palossand|79\/100\n|-damage|p2a: Klefki|51\/100|[from] item: Rocky Helmet|[of] p1a: Palossand\n|\n|upkeep\n|turn|12\n|\n|t:|1699899817\n|move|p2a: Klefki|Switcheroo|p1a: Palossand\n|-activate|p2a: Klefki|move: Trick|[of] p1a: Palossand\n|-enditem|p1a: Palossand|Rocky Helmet|[silent]|[from] move: Switcheroo\n|-item|p2a: Klefki|Rocky Helmet|[from] move: Switcheroo\n|move|p1a: Palossand|Amnesia|p1a: Palossand\n|-boost|p1a: Palossand|spd|2\n|\n|upkeep\n|turn|13\n|\n|t:|1699899827\n|switch|p2a: Victini|Victini|21\/100\n|move|p1a: Palossand|Scorching Sands|p2a: Victini\n|-supereffective|p2a: Victini\n|-damage|p2a: Victini|0 fnt\n|faint|p2a: Victini\n|\n|upkeep\n|\n|t:|1699899832\n|switch|p2a: Azumarill|Azumarill, F|100\/100\n|turn|14\n|\n|t:|1699899836\n|-terastallize|p1a: Palossand|Poison\n|move|p2a: Azumarill|Knock Off|p1a: Palossand\n|-damage|p1a: Palossand|54\/100\n|move|p1a: Palossand|Shore Up|p1a: Palossand\n|-heal|p1a: Palossand|100\/100\n|\n|upkeep\n|turn|15\n|\n|t:|1699899843\n|move|p2a: Azumarill|Power-Up Punch|p1a: Palossand\n|-resisted|p1a: Palossand\n|-damage|p1a: Palossand|94\/100\n|-boost|p2a: Azumarill|atk|1\n|move|p1a: Palossand|Scorching Sands|p2a: Azumarill\n|-damage|p2a: Azumarill|84\/100\n|-status|p2a: Azumarill|brn\n|\n|-damage|p2a: Azumarill|78\/100 brn|[from] brn\n|upkeep\n|turn|16\n|\n|t:|1699899852\n|move|p2a: Azumarill|Power-Up Punch|p1a: Palossand\n|-resisted|p1a: Palossand\n|-damage|p1a: Palossand|88\/100\n|-boost|p2a: Azumarill|atk|1\n|move|p1a: Palossand|Hex|p2a: Azumarill\n|-damage|p2a: Azumarill|42\/100 brn\n|\n|-damage|p2a: Azumarill|36\/100 brn|[from] brn\n|upkeep\n|turn|17\n|\n|t:|1699899857\n|move|p2a: Azumarill|Aqua Jet|p1a: Palossand\n|-damage|p1a: Palossand|68\/100\n|-ability|p1a: Palossand|Water Compaction|boost\n|-boost|p1a: Palossand|def|2\n|move|p1a: Palossand|Hex|p2a: Azumarill\n|-damage|p2a: Azumarill|0 fnt\n|faint|p2a: Azumarill\n|\n|upkeep\n|\n|t:|1699899868\n|switch|p2a: Iron Moth|Iron Moth|100\/100\n|turn|18\n|\n|t:|1699899877\n|move|p2a: Iron Moth|Fiery Dance|p1a: Palossand\n|-damage|p1a: Palossand|49\/100\n|-boost|p2a: Iron Moth|spa|1\n|move|p1a: Palossand|Scorching Sands|p2a: Iron Moth\n|-supereffective|p2a: Iron Moth\n|-damage|p2a: Iron Moth|0 fnt\n|faint|p2a: Iron Moth\n|-end|p2a: Iron Moth|Quark Drive|[silent]\n|\n|upkeep\n|-message|pzzs forfeited.\n|\n|win|AerialWarlockPunch\n|raw|AerialWarlockPunch's rating: 1537 &rarr; <strong>1557<\/strong><br \/>(+20 for winning)\n|raw|pzzs's rating: 1532 &rarr; <strong>1512<\/strong><br \/>(-20 for losing)\n|l|\u2606pzzs\n","uploadtime":1699899887,"views":9,"p1id":"aerialwarlockpunch","p2id":"pzzs","formatid":"gen9nationaldex","rating":1512,"private":0,"password":""}