{"id":"gen9nationaldex-1996020204","p1":"wxwswj","p2":"nijika10086","format":"[Gen 9] National Dex","log":"|html|<div class=\"broadcast-blue\"><strong>[Gen 9] National Dex is currently suspecting Sneasler! For information on how to participate check out the <a href=\"https:\/\/www.smogon.com\/forums\/threads\/sv-national-dex-suspect-8-just-dance.3731534\/\">suspect thread<\/a>.<\/strong><\/div>\n|j|\u2606wxwswj\n|j|\u2606nijika10086\n|t:|1700630421\n|gametype|singles\n|player|p1|wxwswj|byron|1273\n|player|p2|nijika10086|cynthia-gen4|1293\n|teamsize|p1|6\n|teamsize|p2|6\n|gen|9\n|tier|[Gen 9] National Dex\n|rated|\n|rule|HP Percentage Mod: HP is shown in percentages\n|rule|Endless Battle Clause: Forcing endless battles is banned\n|rule|OHKO Clause: OHKO moves are banned\n|rule|Evasion Clause: Evasion abilities, items, and moves are banned\n|rule|Evasion Abilities Clause: Evasion abilities are banned\n|rule|Evasion Items Clause: Evasion items are banned\n|rule|Evasion Moves Clause: Evasion moves are banned\n|rule|Species Clause: Limit one of each Pok\u00e9mon\n|rule|Sleep Clause Mod: Limit one foe put to sleep\n|clearpoke\n|poke|p1|Ferrothorn, F|\n|poke|p1|Landorus-Therian, M|\n|poke|p1|Urshifu-*, M|\n|poke|p1|Heatran, M|\n|poke|p1|Blissey, F|\n|poke|p1|Cloyster, F|\n|poke|p2|Banette, M|\n|poke|p2|Alomomola, F|\n|poke|p2|Landorus-Therian, M|\n|poke|p2|Heatran, M|\n|poke|p2|Aegislash, M|\n|poke|p2|Zoroark-Hisui, F|\n|teampreview\n|\n|t:|1700630444\n|start\n|switch|p1a: Ferrothorn|Ferrothorn, F|100\/100\n|switch|p2a: Banette|Banette, M|100\/100\n|-item|p1a: Ferrothorn|Rocky Helmet|[from] ability: Frisk|[of] p2a: Banette|[identify]\n|turn|1\n|\n|t:|1700630454\n|detailschange|p2a: Banette|Banette-Mega, M\n|-mega|p2a: Banette|Banette|Banettite\n|move|p2a: Banette|Infestation|p1a: Ferrothorn\n|-damage|p1a: Ferrothorn|97\/100\n|-activate|p1a: Ferrothorn|move: Infestation|[of] p2a: Banette\n|-damage|p2a: Banette|88\/100|[from] ability: Iron Barbs|[of] p1a: Ferrothorn\n|-damage|p2a: Banette|72\/100|[from] item: Rocky Helmet|[of] p1a: Ferrothorn\n|move|p1a: Ferrothorn|Leech Seed|p2a: Banette\n|-start|p2a: Banette|move: Leech Seed\n|\n|-damage|p2a: Banette|59\/100|[from] Leech Seed|[of] p1a: Ferrothorn\n|-heal|p1a: Ferrothorn|100\/100|[silent]\n|-damage|p1a: Ferrothorn|88\/100|[from] move: Infestation|[partiallytrapped]\n|upkeep\n|turn|2\n|\n|t:|1700630468\n|switch|p2a: Alomomola|Alomomola, F, shiny|100\/100\n|move|p1a: Ferrothorn|Stealth Rock|p2a: Alomomola\n|-sidestart|p2: nijika10086|move: Stealth Rock\n|\n|-end|p1a: Ferrothorn|Infestation|[partiallytrapped]|[silent]\n|upkeep\n|turn|3\n|\n|t:|1700630475\n|move|p1a: Ferrothorn|Protect|p1a: Ferrothorn\n|-singleturn|p1a: Ferrothorn|Protect\n|move|p2a: Alomomola|Flamethrower|p1a: Ferrothorn\n|-activate|p1a: Ferrothorn|move: Protect\n|\n|upkeep\n|turn|4\n|\n|t:|1700630492\n|switch|p2a: Landorus|Landorus-Therian, M|100\/100\n|-damage|p2a: Landorus|88\/100|[from] Stealth Rock\n|-ability|p2a: Landorus|Intimidate|boost\n|-unboost|p1a: Ferrothorn|atk|1\n|switch|p1a: Heatran|Heatran, M|100\/100\n|\n|upkeep\n|turn|5\n|\n|t:|1700630507\n|move|p1a: Heatran|Protect|p1a: Heatran\n|-singleturn|p1a: Heatran|Protect\n|move|p2a: Landorus|Defog|p1a: Heatran\n|-activate|p1a: Heatran|move: Protect\n|\n|upkeep\n|turn|6\n|\n|t:|1700630526\n|switch|p2a: Alomomola|Alomomola, F, shiny|100\/100\n|switch|p1a: Landorus|Landorus-Therian, M|100\/100\n|-ability|p1a: Landorus|Intimidate|boost\n|-unboost|p2a: Alomomola|atk|1\n|\n|upkeep\n|turn|7\n|\n|t:|1700630536\n|move|p1a: Landorus|U-turn|p2a: Alomomola\n|-damage|p2a: Alomomola|85\/100\n|\n|t:|1700630542\n|switch|p1a: Blissey|Blissey, F|100\/100|[from] U-turn\n|move|p2a: Alomomola|Flip Turn|p1a: Blissey\n|-damage|p1a: Blissey|77\/100\n|\n|t:|1700630550\n|switch|p2a: Banette|Banette-Mega, M|59\/100|[from] Flip Turn\n|-damage|p2a: Banette|47\/100|[from] Stealth Rock\n|\n|-heal|p1a: Blissey|83\/100|[from] item: Leftovers\n|upkeep\n|turn|8\n|\n|t:|1700630559\n|move|p2a: Banette|Infestation|p1a: Blissey\n|-damage|p1a: Blissey|82\/100\n|-activate|p1a: Blissey|move: Infestation|[of] p2a: Banette\n|move|p1a: Blissey|Ice Beam|p2a: Banette\n|-damage|p2a: Banette|16\/100\n|\n|-heal|p1a: Blissey|88\/100|[from] item: Leftovers\n|-damage|p1a: Blissey|75\/100|[from] move: Infestation|[partiallytrapped]\n|upkeep\n|turn|9\n|\n|t:|1700630568\n|switch|p2a: Alomomola|Alomomola, F, shiny|100\/100\n|move|p1a: Blissey|Ice Beam|p2a: Alomomola\n|-resisted|p2a: Alomomola\n|-damage|p2a: Alomomola|88\/100\n|\n|-heal|p1a: Blissey|82\/100|[from] item: Leftovers\n|-end|p1a: Blissey|Infestation|[partiallytrapped]|[silent]\n|upkeep\n|turn|10\n|\n|t:|1700630577\n|move|p1a: Blissey|Toxic|p2a: Alomomola\n|-status|p2a: Alomomola|tox\n|move|p2a: Alomomola|Wish|p2a: Alomomola\n|\n|-heal|p1a: Blissey|88\/100|[from] item: Leftovers\n|-damage|p2a: Alomomola|82\/100 tox|[from] psn\n|upkeep\n|turn|11\n|\n|t:|1700630592\n|move|p1a: Blissey|Ice Beam|p2a: Alomomola\n|-resisted|p2a: Alomomola\n|-damage|p2a: Alomomola|69\/100 tox\n|move|p2a: Alomomola|Flip Turn|p1a: Blissey\n|-damage|p1a: Blissey|55\/100\n|\n|t:|1700630601\n|switch|p2a: Banette|Banette-Mega, M|16\/100|[from] Flip Turn\n|-damage|p2a: Banette|4\/100|[from] Stealth Rock\n|\n|-heal|p2a: Banette|93\/100|[from] move: Wish|[wisher] Alomomola\n|-heal|p1a: Blissey|61\/100|[from] item: Leftovers\n|upkeep\n|turn|12\n|\n|t:|1700630610\n|move|p2a: Banette|Infestation|p1a: Blissey\n|-damage|p1a: Blissey|59\/100\n|-activate|p1a: Blissey|move: Infestation|[of] p2a: Banette\n|move|p1a: Blissey|Toxic|p2a: Banette\n|-status|p2a: Banette|tox\n|\n|-heal|p1a: Blissey|65\/100|[from] item: Leftovers\n|-damage|p2a: Banette|87\/100 tox|[from] psn\n|-damage|p1a: Blissey|53\/100|[from] move: Infestation|[partiallytrapped]\n|upkeep\n|turn|13\n|\n|t:|1700630616\n|move|p2a: Banette|Encore|p1a: Blissey\n|-start|p1a: Blissey|Encore\n|move|p1a: Blissey|Toxic|p2a: Banette\n|-fail|p2a: Banette|tox\n|\n|-heal|p1a: Blissey|59\/100|[from] item: Leftovers\n|-damage|p2a: Banette|75\/100 tox|[from] psn\n|-damage|p1a: Blissey|47\/100|[from] move: Infestation|[partiallytrapped]\n|upkeep\n|turn|14\n|\n|t:|1700630627\n|switch|p2a: Landorus|Landorus-Therian, M|88\/100\n|-damage|p2a: Landorus|76\/100|[from] Stealth Rock\n|-ability|p2a: Landorus|Intimidate|boost\n|-unboost|p1a: Blissey|atk|1\n|move|p1a: Blissey|Toxic|p2a: Landorus\n|-status|p2a: Landorus|tox\n|\n|-heal|p1a: Blissey|53\/100|[from] item: Leftovers\n|-damage|p2a: Landorus|70\/100 tox|[from] psn\n|-end|p1a: Blissey|Infestation|[partiallytrapped]|[silent]\n|upkeep\n|turn|15\n|\n|t:|1700630637\n|switch|p2a: Alomomola|Alomomola, F, shiny|100\/100 tox\n|switch|p1a: Landorus|Landorus-Therian, M|100\/100\n|-ability|p1a: Landorus|Intimidate|boost\n|-unboost|p2a: Alomomola|atk|1\n|\n|-damage|p2a: Alomomola|94\/100 tox|[from] psn\n|upkeep\n|turn|16\n|\n|t:|1700630649\n|move|p1a: Landorus|U-turn|p2a: Alomomola\n|-damage|p2a: Alomomola|80\/100 tox\n|\n|t:|1700630654\n|switch|p1a: Ferrothorn|Ferrothorn, F|88\/100|[from] U-turn\n|move|p2a: Alomomola|Flip Turn|p1a: Ferrothorn\n|-resisted|p1a: Ferrothorn\n|-damage|p1a: Ferrothorn|84\/100\n|-damage|p2a: Alomomola|68\/100 tox|[from] ability: Iron Barbs|[of] p1a: Ferrothorn\n|-damage|p2a: Alomomola|51\/100 tox|[from] item: Rocky Helmet|[of] p1a: Ferrothorn\n|\n|t:|1700630663\n|switch|p2a: Heatran|Heatran, M|100\/100|[from] Flip Turn\n|-damage|p2a: Heatran|88\/100|[from] Stealth Rock\n|\n|-heal|p2a: Heatran|94\/100|[from] item: Leftovers\n|upkeep\n|turn|17\n|\n|t:|1700630688\n|-terastallize|p2a: Heatran|Grass\n|move|p1a: Ferrothorn|Protect|p1a: Ferrothorn\n|-singleturn|p1a: Ferrothorn|Protect\n|move|p2a: Heatran|Toxic|p1a: Ferrothorn\n|-activate|p1a: Ferrothorn|move: Protect\n|\n|-heal|p2a: Heatran|100\/100|[from] item: Leftovers\n|upkeep\n|turn|18\n|\n|t:|1700630711\n|switch|p1a: Heatran|Heatran, M|100\/100\n|move|p2a: Heatran|Protect||[still]\n|-fail|p2a: Heatran\n|\n|upkeep\n|turn|19\n|\n|t:|1700630720\n|move|p1a: Heatran|Earth Power|p2a: Heatran\n|-resisted|p2a: Heatran\n|-damage|p2a: Heatran|91\/100\n|move|p2a: Heatran|Earth Power|p1a: Heatran\n|-supereffective|p1a: Heatran\n|-damage|p1a: Heatran|11\/100\n|\n|-heal|p1a: Heatran|17\/100|[from] item: Leftovers\n|-heal|p2a: Heatran|98\/100|[from] item: Leftovers\n|upkeep\n|turn|20\n|\n|t:|1700630744\n|move|p1a: Heatran|Protect|p1a: Heatran\n|-singleturn|p1a: Heatran|Protect\n|move|p2a: Heatran|Magma Storm|p1a: Heatran\n|-activate|p1a: Heatran|move: Protect\n|\n|-heal|p1a: Heatran|23\/100|[from] item: Leftovers\n|-heal|p2a: Heatran|100\/100|[from] item: Leftovers\n|upkeep\n|turn|21\n|\n|t:|1700630759\n|switch|p1a: Landorus|Landorus-Therian, M|100\/100\n|-ability|p1a: Landorus|Intimidate|boost\n|-unboost|p2a: Heatran|atk|1\n|move|p2a: Heatran|Earth Power|p1a: Landorus\n|-immune|p1a: Landorus\n|\n|upkeep\n|turn|22\n|\n|t:|1700630771\n|switch|p2a: Alomomola|Alomomola, F, shiny|84\/100 tox\n|move|p1a: Landorus|Toxic|p2a: Alomomola\n|-fail|p2a: Alomomola|tox\n|\n|-damage|p2a: Alomomola|78\/100 tox|[from] psn\n|upkeep\n|turn|23\n|\n|t:|1700630785\n|move|p1a: Landorus|Earthquake|p2a: Alomomola\n|-damage|p2a: Alomomola|45\/100 tox\n|move|p2a: Alomomola|Wish|p2a: Alomomola\n|\n|-damage|p2a: Alomomola|33\/100 tox|[from] psn\n|upkeep\n|turn|24\n|\n|t:|1700630794\n|switch|p2a: Landorus|Landorus-Therian, M|70\/100 tox\n|-damage|p2a: Landorus|58\/100 tox|[from] Stealth Rock\n|-ability|p2a: Landorus|Intimidate|boost\n|-unboost|p1a: Landorus|atk|1\n|move|p1a: Landorus|Earthquake|p2a: Landorus\n|-immune|p2a: Landorus\n|\n|-heal|p2a: Landorus|100\/100 tox|[from] move: Wish|[wisher] Alomomola\n|-damage|p2a: Landorus|95\/100 tox|[from] psn\n|upkeep\n|turn|25\n|\n|t:|1700630805\n|move|p2a: Landorus|Defog|p1a: Landorus\n|-unboost|p1a: Landorus|evasion|1\n|-sideend|p2: nijika10086|Stealth Rock|[from] move: Defog|[of] p2a: Landorus\n|move|p1a: Landorus|U-turn|p2a: Landorus\n|-resisted|p2a: Landorus\n|-damage|p2a: Landorus|85\/100 tox\n|\n|t:|1700630818\n|switch|p1a: Cloyster|Cloyster, F|100\/100|[from] U-turn\n|\n|-damage|p2a: Landorus|73\/100 tox|[from] psn\n|upkeep\n|turn|26\n|\n|t:|1700630852\n|switch|p2a: Banette|Banette-Mega, M|75\/100 tox\n|-terastallize|p1a: Cloyster|Water\n|move|p1a: Cloyster|Shell Smash|p1a: Cloyster\n|-unboost|p1a: Cloyster|def|1\n|-unboost|p1a: Cloyster|spd|1\n|-boost|p1a: Cloyster|atk|2\n|-boost|p1a: Cloyster|spa|2\n|-boost|p1a: Cloyster|spe|2\n|\n|-damage|p2a: Banette|69\/100 tox|[from] psn\n|upkeep\n|turn|27\n|\n|t:|1700630865\n|move|p2a: Banette|Encore|p1a: Cloyster\n|-start|p1a: Cloyster|Encore\n|move|p1a: Cloyster|Shell Smash|p1a: Cloyster\n|-unboost|p1a: Cloyster|def|1\n|-unboost|p1a: Cloyster|spd|1\n|-boost|p1a: Cloyster|atk|2\n|-boost|p1a: Cloyster|spa|2\n|-boost|p1a: Cloyster|spe|2\n|\n|-damage|p2a: Banette|57\/100 tox|[from] psn\n|upkeep\n|turn|28\n|\n|t:|1700630885\n|switch|p1a: Blissey|Blissey, F|53\/100\n|move|p2a: Banette|Infestation|p1a: Blissey\n|-damage|p1a: Blissey|52\/100\n|-activate|p1a: Blissey|move: Infestation|[of] p2a: Banette\n|\n|-heal|p1a: Blissey|58\/100|[from] item: Leftovers\n|-damage|p2a: Banette|39\/100 tox|[from] psn\n|-damage|p1a: Blissey|45\/100|[from] move: Infestation|[partiallytrapped]\n|upkeep\n|turn|29\n|\n|t:|1700630896\n|switch|p2a: Alomomola|Alomomola, F, shiny|66\/100 tox\n|move|p1a: Blissey|Soft-Boiled|p1a: Blissey\n|-heal|p1a: Blissey|95\/100\n|\n|-heal|p1a: Blissey|100\/100|[from] item: Leftovers\n|-damage|p2a: Alomomola|60\/100 tox|[from] psn\n|-end|p1a: Blissey|Infestation|[partiallytrapped]|[silent]\n|upkeep\n|turn|30\n|\n|t:|1700630904\n|switch|p1a: Ferrothorn|Ferrothorn, F|84\/100\n|move|p2a: Alomomola|Wish|p2a: Alomomola\n|\n|-damage|p2a: Alomomola|48\/100 tox|[from] psn\n|upkeep\n|turn|31\n|\n|t:|1700630913\n|switch|p2a: Banette|Banette-Mega, M|39\/100 tox\n|move|p1a: Ferrothorn|Protect||[still]\n|-fail|p1a: Ferrothorn\n|\n|-heal|p2a: Banette|100\/100 tox|[from] move: Wish|[wisher] Alomomola\n|-damage|p2a: Banette|94\/100 tox|[from] psn\n|upkeep\n|turn|32\n|\n|t:|1700630924\n|move|p2a: Banette|Encore|p1a: Ferrothorn\n|-start|p1a: Ferrothorn|Encore\n|move|p1a: Ferrothorn|Protect||[still]\n|-fail|p1a: Ferrothorn\n|\n|-damage|p2a: Banette|82\/100 tox|[from] psn\n|upkeep\n|turn|33\n|\n|t:|1700630933\n|move|p1a: Ferrothorn|Protect|p1a: Ferrothorn\n|-singleturn|p1a: Ferrothorn|Protect\n|move|p2a: Banette|Infestation|p1a: Ferrothorn\n|-activate|p1a: Ferrothorn|move: Protect\n|\n|-damage|p2a: Banette|64\/100 tox|[from] psn\n|upkeep\n|turn|34\n|\n|t:|1700630944\n|move|p1a: Ferrothorn|Protect||[still]\n|-fail|p1a: Ferrothorn\n|move|p2a: Banette|Infestation|p1a: Ferrothorn\n|-damage|p1a: Ferrothorn|81\/100\n|-activate|p1a: Ferrothorn|move: Infestation|[of] p2a: Banette\n|-damage|p2a: Banette|52\/100 tox|[from] ability: Iron Barbs|[of] p1a: Ferrothorn\n|-damage|p2a: Banette|36\/100 tox|[from] item: Rocky Helmet|[of] p1a: Ferrothorn\n|\n|-damage|p2a: Banette|12\/100 tox|[from] psn\n|-damage|p1a: Ferrothorn|68\/100|[from] move: Infestation|[partiallytrapped]\n|-end|p1a: Ferrothorn|Encore\n|upkeep\n|turn|35\n|\n|t:|1700630953\n|switch|p2a: Alomomola|Alomomola, F, shiny|81\/100 tox\n|move|p1a: Ferrothorn|Stealth Rock|p2a: Alomomola\n|-sidestart|p2: nijika10086|move: Stealth Rock\n|\n|-damage|p2a: Alomomola|75\/100 tox|[from] psn\n|-end|p1a: Ferrothorn|Infestation|[partiallytrapped]|[silent]\n|upkeep\n|turn|36\n|\n|t:|1700630961\n|move|p1a: Ferrothorn|Protect|p1a: Ferrothorn\n|-singleturn|p1a: Ferrothorn|Protect\n|move|p2a: Alomomola|Wish|p2a: Alomomola\n|\n|-damage|p2a: Alomomola|63\/100 tox|[from] psn\n|upkeep\n|turn|37\n|\n|t:|1700630976\n|switch|p2a: Landorus|Landorus-Therian, M|73\/100 tox\n|-damage|p2a: Landorus|60\/100 tox|[from] Stealth Rock\n|-ability|p2a: Landorus|Intimidate|boost\n|-unboost|p1a: Ferrothorn|atk|1\n|move|p1a: Ferrothorn|Leech Seed|p2a: Landorus\n|-start|p2a: Landorus|move: Leech Seed\n|\n|-heal|p2a: Landorus|100\/100 tox|[from] move: Wish|[wisher] Alomomola\n|-damage|p2a: Landorus|88\/100 tox|[from] Leech Seed|[of] p1a: Ferrothorn\n|-heal|p1a: Ferrothorn|81\/100|[silent]\n|-damage|p2a: Landorus|82\/100 tox|[from] psn\n|upkeep\n|turn|38\n|\n|t:|1700630989\n|move|p1a: Ferrothorn|Protect|p1a: Ferrothorn\n|-singleturn|p1a: Ferrothorn|Protect\n|move|p2a: Landorus|Defog|p1a: Ferrothorn\n|-activate|p1a: Ferrothorn|move: Protect\n|\n|-damage|p2a: Landorus|70\/100 tox|[from] Leech Seed|[of] p1a: Ferrothorn\n|-heal|p1a: Ferrothorn|93\/100|[silent]\n|-damage|p2a: Landorus|58\/100 tox|[from] psn\n|upkeep\n|turn|39\n|\n|t:|1700630999\n|move|p2a: Landorus|Defog|p1a: Ferrothorn\n|-unboost|p1a: Ferrothorn|evasion|1\n|-sideend|p2: nijika10086|Stealth Rock|[from] move: Defog|[of] p2a: Landorus\n|move|p1a: Ferrothorn|Leech Seed||[still]\n|-fail|p1a: Ferrothorn\n|\n|-damage|p2a: Landorus|46\/100 tox|[from] Leech Seed|[of] p1a: Ferrothorn\n|-heal|p1a: Ferrothorn|100\/100|[silent]\n|-damage|p2a: Landorus|28\/100 tox|[from] psn\n|upkeep\n|turn|40\n|\n|t:|1700631009\n|switch|p2a: Alomomola|Alomomola, F, shiny|96\/100 tox\n|move|p1a: Ferrothorn|Stealth Rock|p2a: Alomomola\n|-sidestart|p2: nijika10086|move: Stealth Rock\n|\n|-damage|p2a: Alomomola|90\/100 tox|[from] psn\n|upkeep\n|turn|41\n|\n|t:|1700631014\n|move|p1a: Ferrothorn|Protect|p1a: Ferrothorn\n|-singleturn|p1a: Ferrothorn|Protect\n|move|p2a: Alomomola|Wish|p2a: Alomomola\n|\n|-damage|p2a: Alomomola|77\/100 tox|[from] psn\n|upkeep\n|turn|42\n|\n|t:|1700631023\n|switch|p2a: Landorus|Landorus-Therian, M|28\/100 tox\n|-damage|p2a: Landorus|16\/100 tox|[from] Stealth Rock\n|-ability|p2a: Landorus|Intimidate|boost\n|-unboost|p1a: Ferrothorn|atk|1\n|move|p1a: Ferrothorn|Leech Seed|p2a: Landorus\n|-start|p2a: Landorus|move: Leech Seed\n|\n|-heal|p2a: Landorus|99\/100 tox|[from] move: Wish|[wisher] Alomomola\n|-damage|p2a: Landorus|87\/100 tox|[from] Leech Seed|[of] p1a: Ferrothorn\n|-damage|p2a: Landorus|81\/100 tox|[from] psn\n|upkeep\n|turn|43\n|\n|t:|1700631036\n|switch|p2a: Alomomola|Alomomola, F, shiny|100\/100\n|-damage|p2a: Alomomola|88\/100|[from] Stealth Rock\n|move|p1a: Ferrothorn|Protect||[still]\n|-fail|p1a: Ferrothorn\n|\n|upkeep\n|turn|44\n|\n|t:|1700631049\n|move|p1a: Ferrothorn|Protect|p1a: Ferrothorn\n|-singleturn|p1a: Ferrothorn|Protect\n|move|p2a: Alomomola|Flamethrower|p1a: Ferrothorn\n|-activate|p1a: Ferrothorn|move: Protect\n|\n|upkeep\n|turn|45\n|\n|t:|1700631070\n|switch|p2a: Landorus|Landorus-Therian, M|81\/100 tox\n|-damage|p2a: Landorus|69\/100 tox|[from] Stealth Rock\n|-ability|p2a: Landorus|Intimidate|boost\n|-unboost|p1a: Ferrothorn|atk|1\n|switch|p1a: Heatran|Heatran, M|23\/100\n|\n|-heal|p1a: Heatran|29\/100|[from] item: Leftovers\n|-damage|p2a: Landorus|63\/100 tox|[from] psn\n|upkeep\n|turn|46\n|\n|t:|1700631084\n|move|p2a: Landorus|Defog|p1a: Heatran\n|-unboost|p1a: Heatran|evasion|1\n|-sideend|p2: nijika10086|Stealth Rock|[from] move: Defog|[of] p2a: Landorus\n|move|p1a: Heatran|Flamethrower|p2a: Landorus\n|-damage|p2a: Landorus|2\/100 tox\n|\n|-heal|p1a: Heatran|35\/100|[from] item: Leftovers\n|-damage|p2a: Landorus|0 fnt|[from] psn\n|faint|p2a: Landorus\n|upkeep\n|\n|t:|1700631104\n|switch|p2a: Alomomola|Alomomola, F, shiny|100\/100 tox\n|turn|47\n|\n|t:|1700631109\n|move|p1a: Heatran|Protect|p1a: Heatran\n|-singleturn|p1a: Heatran|Protect\n|move|p2a: Alomomola|Wish|p2a: Alomomola\n|\n|-heal|p1a: Heatran|41\/100|[from] item: Leftovers\n|-damage|p2a: Alomomola|94\/100 tox|[from] psn\n|upkeep\n|turn|48\n|\n|t:|1700631140\n|switch|p1a: Blissey|Blissey, F|100\/100\n|move|p2a: Alomomola|Flip Turn|p1a: Blissey\n|-damage|p1a: Blissey|69\/100\n|\n|t:|1700631146\n|switch|p2a: Banette|Banette-Mega, M|12\/100 tox|[from] Flip Turn\n|\n|-heal|p2a: Banette|100\/100 tox|[from] move: Wish|[wisher] Alomomola\n|-heal|p1a: Blissey|75\/100|[from] item: Leftovers\n|-damage|p2a: Banette|94\/100 tox|[from] psn\n|upkeep\n|turn|49\n|\n|t:|1700631156\n|move|p2a: Banette|Infestation|p1a: Blissey\n|-damage|p1a: Blissey|74\/100\n|-activate|p1a: Blissey|move: Infestation|[of] p2a: Banette\n|move|p1a: Blissey|Ice Beam|p2a: Banette\n|-damage|p2a: Banette|67\/100 tox\n|\n|-heal|p1a: Blissey|80\/100|[from] item: Leftovers\n|-damage|p2a: Banette|55\/100 tox|[from] psn\n|-damage|p1a: Blissey|67\/100|[from] move: Infestation|[partiallytrapped]\n|upkeep\n|turn|50\n|\n|t:|1700631167\n|switch|p2a: Heatran|Heatran, M, tera:Grass|100\/100\n|move|p1a: Blissey|Ice Beam|p2a: Heatran\n|-supereffective|p2a: Heatran\n|-damage|p2a: Heatran|72\/100\n|\n|-heal|p2a: Heatran|79\/100|[from] item: Leftovers\n|-heal|p1a: Blissey|74\/100|[from] item: Leftovers\n|-end|p1a: Blissey|Infestation|[partiallytrapped]|[silent]\n|upkeep\n|turn|51\n|\n|t:|1700631177\n|move|p2a: Heatran|Earth Power|p1a: Blissey\n|-damage|p1a: Blissey|65\/100\n|move|p1a: Blissey|Toxic|p2a: Heatran|[miss]\n|-miss|p1a: Blissey|p2a: Heatran\n|\n|-heal|p2a: Heatran|85\/100|[from] item: Leftovers\n|-heal|p1a: Blissey|71\/100|[from] item: Leftovers\n|upkeep\n|turn|52\n|\n|t:|1700631186\n|switch|p2a: Aegislash|Aegislash, M|100\/100\n|move|p1a: Blissey|Ice Beam|p2a: Aegislash\n|-resisted|p2a: Aegislash\n|-damage|p2a: Aegislash|92\/100\n|\n|-heal|p2a: Aegislash|98\/100|[from] item: Leftovers\n|-heal|p1a: Blissey|77\/100|[from] item: Leftovers\n|upkeep\n|turn|53\n|\n|t:|1700631214\n|switch|p1a: Ferrothorn|Ferrothorn, F|100\/100\n|-formechange|p2a: Aegislash|Aegislash-Blade||[from] ability: Stance Change\n|move|p2a: Aegislash|Close Combat|p1a: Ferrothorn\n|-supereffective|p1a: Ferrothorn\n|-crit|p1a: Ferrothorn\n|-damage|p1a: Ferrothorn|0 fnt\n|-unboost|p2a: Aegislash|def|1\n|-unboost|p2a: Aegislash|spd|1\n|-damage|p2a: Aegislash|86\/100|[from] ability: Iron Barbs|[of] p1a: Ferrothorn\n|-damage|p2a: Aegislash|69\/100|[from] item: Rocky Helmet|[of] p1a: Ferrothorn\n|faint|p1a: Ferrothorn\n|\n|-heal|p2a: Aegislash|75\/100|[from] item: Leftovers\n|upkeep\n|\n|t:|1700631230\n|switch|p1a: Urshifu|Urshifu-Rapid-Strike, M|100\/100\n|turn|54\n|\n|t:|1700631241\n|switch|p2a: Alomomola|Alomomola, F, shiny|100\/100 tox\n|move|p1a: Urshifu|Surging Strikes|p2a: Alomomola\n|-resisted|p2a: Alomomola\n|-crit|p2a: Alomomola\n|-damage|p2a: Alomomola|95\/100 tox\n|-resisted|p2a: Alomomola\n|-crit|p2a: Alomomola\n|-damage|p2a: Alomomola|90\/100 tox\n|-resisted|p2a: Alomomola\n|-crit|p2a: Alomomola\n|-damage|p2a: Alomomola|84\/100 tox\n|-hitcount|p2a: Alomomola|3\n|\n|-damage|p2a: Alomomola|78\/100 tox|[from] psn\n|upkeep\n|turn|55\n|\n|t:|1700631258\n|switch|p1a: Landorus|Landorus-Therian, M|100\/100\n|-ability|p1a: Landorus|Intimidate|boost\n|-unboost|p2a: Alomomola|atk|1\n|move|p2a: Alomomola|Wish|p2a: Alomomola\n|\n|-damage|p2a: Alomomola|66\/100 tox|[from] psn\n|upkeep\n|turn|56\n|\n|t:|1700631272\n|move|p1a: Landorus|Earthquake|p2a: Alomomola\n|-damage|p2a: Alomomola|36\/100 tox\n|move|p2a: Alomomola|Flip Turn|p1a: Landorus\n|-supereffective|p1a: Landorus\n|-damage|p1a: Landorus|79\/100\n|\n|t:|1700631279\n|switch|p2a: Banette|Banette-Mega, M|55\/100 tox|[from] Flip Turn\n|\n|-heal|p2a: Banette|100\/100 tox|[from] move: Wish|[wisher] Alomomola\n|-heal|p1a: Landorus|85\/100|[from] item: Leftovers\n|-damage|p2a: Banette|94\/100 tox|[from] psn\n|upkeep\n|turn|57\n|\n|t:|1700631288\n|switch|p2a: Alomomola|Alomomola, F, shiny|69\/100 tox\n|move|p1a: Landorus|Earthquake|p2a: Alomomola\n|-damage|p2a: Alomomola|40\/100 tox\n|\n|-heal|p1a: Landorus|91\/100|[from] item: Leftovers\n|-damage|p2a: Alomomola|34\/100 tox|[from] psn\n|upkeep\n|turn|58\n|\n|t:|1700631303\n|switch|p2a: Heatran|Heatran, M, tera:Grass|85\/100\n|move|p1a: Landorus|Earthquake|p2a: Heatran\n|-resisted|p2a: Heatran\n|-crit|p2a: Heatran\n|-damage|p2a: Heatran|49\/100\n|\n|-heal|p1a: Landorus|97\/100|[from] item: Leftovers\n|-heal|p2a: Heatran|55\/100|[from] item: Leftovers\n|upkeep\n|turn|59\n|\n|t:|1700631318\n|move|p1a: Landorus|Toxic|p2a: Heatran\n|-status|p2a: Heatran|tox\n|move|p2a: Heatran|Toxic|p1a: Landorus\n|-status|p1a: Landorus|tox\n|\n|-heal|p1a: Landorus|100\/100 tox|[from] item: Leftovers\n|-heal|p2a: Heatran|62\/100 tox|[from] item: Leftovers\n|-damage|p1a: Landorus|94\/100 tox|[from] psn\n|-damage|p2a: Heatran|55\/100 tox|[from] psn\n|upkeep\n|turn|60\n|\n|t:|1700631337\n|switch|p2a: Alomomola|Alomomola, F, shiny|68\/100 tox\n|move|p1a: Landorus|Earthquake|p2a: Alomomola\n|-damage|p2a: Alomomola|39\/100 tox\n|\n|-heal|p1a: Landorus|100\/100 tox|[from] item: Leftovers\n|-damage|p1a: Landorus|88\/100 tox|[from] psn\n|-damage|p2a: Alomomola|33\/100 tox|[from] psn\n|upkeep\n|turn|61\n|\n|t:|1700631354\n|switch|p1a: Blissey|Blissey, F|77\/100\n|move|p2a: Alomomola|Flip Turn|p1a: Blissey\n|-damage|p1a: Blissey|42\/100\n|\n|t:|1700631361\n|switch|p2a: Aegislash|Aegislash, M|75\/100|[from] Flip Turn\n|\n|-heal|p2a: Aegislash|82\/100|[from] item: Leftovers\n|-heal|p1a: Blissey|48\/100|[from] item: Leftovers\n|upkeep\n|turn|62\n|\n|t:|1700631381\n|switch|p2a: Alomomola|Alomomola, F, shiny|66\/100 tox\n|switch|p1a: Heatran|Heatran, M|41\/100\n|\n|-heal|p1a: Heatran|47\/100|[from] item: Leftovers\n|-damage|p2a: Alomomola|60\/100 tox|[from] psn\n|upkeep\n|turn|63\n|\n|t:|1700631396\n|switch|p1a: Blissey|Blissey, F|48\/100\n|move|p2a: Alomomola|Flip Turn|p1a: Blissey\n|-damage|p1a: Blissey|14\/100\n|\n|t:|1700631403\n|switch|p2a: Aegislash|Aegislash, M|82\/100|[from] Flip Turn\n|\n|-heal|p2a: Aegislash|88\/100|[from] item: Leftovers\n|-heal|p1a: Blissey|21\/100|[from] item: Leftovers\n|upkeep\n|turn|64\n|\n|t:|1700631411\n|switch|p1a: Heatran|Heatran, M|47\/100\n|-formechange|p2a: Aegislash|Aegislash-Blade||[from] ability: Stance Change\n|move|p2a: Aegislash|Close Combat|p1a: Heatran\n|-supereffective|p1a: Heatran\n|-damage|p1a: Heatran|0 fnt\n|-unboost|p2a: Aegislash|def|1\n|-unboost|p2a: Aegislash|spd|1\n|faint|p1a: Heatran\n|\n|-heal|p2a: Aegislash|94\/100|[from] item: Leftovers\n|upkeep\n|\n|t:|1700631419\n|switch|p1a: Urshifu|Urshifu-Rapid-Strike, M|100\/100\n|turn|65\n|\n|t:|1700631427\n|switch|p2a: Alomomola|Alomomola, F, shiny|93\/100 tox\n|move|p1a: Urshifu|Close Combat|p2a: Alomomola\n|-damage|p2a: Alomomola|60\/100 tox\n|-unboost|p1a: Urshifu|def|1\n|-unboost|p1a: Urshifu|spd|1\n|\n|-damage|p2a: Alomomola|54\/100 tox|[from] psn\n|upkeep\n|turn|66\n|\n|t:|1700631448\n|switch|p1a: Blissey|Blissey, F|21\/100\n|move|p2a: Alomomola|Flip Turn|p1a: Blissey\n|-damage|p1a: Blissey|0 fnt\n|faint|p1a: Blissey\n|\n|t:|1700631460\n|switch|p2a: Aegislash|Aegislash, M|94\/100|[from] Flip Turn\n|\n|-heal|p2a: Aegislash|99\/100|[from] item: Leftovers\n|upkeep\n|\n|t:|1700631463\n|switch|p1a: Cloyster|Cloyster, F, tera:Water|100\/100\n|turn|67\n|\n|t:|1700631476\n|switch|p1a: Landorus|Landorus-Therian, M|88\/100 tox\n|-ability|p1a: Landorus|Intimidate|boost\n|-unboost|p2a: Aegislash|atk|1\n|-formechange|p2a: Aegislash|Aegislash-Blade||[from] ability: Stance Change\n|move|p2a: Aegislash|Close Combat|p1a: Landorus\n|-resisted|p1a: Landorus\n|-damage|p1a: Landorus|74\/100 tox\n|-unboost|p2a: Aegislash|def|1\n|-unboost|p2a: Aegislash|spd|1\n|\n|-heal|p1a: Landorus|80\/100 tox|[from] item: Leftovers\n|-heal|p2a: Aegislash|100\/100|[from] item: Leftovers\n|-damage|p1a: Landorus|74\/100 tox|[from] psn\n|upkeep\n|turn|68\n|\n|t:|1700631492\n|-formechange|p2a: Aegislash|Aegislash||[from] ability: Stance Change\n|move|p2a: Aegislash|King's Shield|p2a: Aegislash\n|-singleturn|p2a: Aegislash|Protect\n|move|p1a: Landorus|U-turn|p2a: Aegislash\n|-activate|p2a: Aegislash|move: Protect\n|-unboost|p1a: Landorus|atk|1\n|\n|-heal|p1a: Landorus|80\/100 tox|[from] item: Leftovers\n|-damage|p1a: Landorus|68\/100 tox|[from] psn\n|upkeep\n|turn|69\n|\n|t:|1700631508\n|switch|p1a: Urshifu|Urshifu-Rapid-Strike, M|100\/100\n|switch|p2a: Alomomola|Alomomola, F, shiny|87\/100 tox\n|\n|-damage|p2a: Alomomola|81\/100 tox|[from] psn\n|upkeep\n|turn|70\n|\n|t:|1700631517\n|move|p1a: Urshifu|U-turn|p2a: Alomomola\n|-damage|p2a: Alomomola|68\/100 tox\n|\n|t:|1700631521\n|switch|p1a: Landorus|Landorus-Therian, M|68\/100 tox|[from] U-turn\n|-ability|p1a: Landorus|Intimidate|boost\n|-unboost|p2a: Alomomola|atk|1\n|move|p2a: Alomomola|Flip Turn|p1a: Landorus\n|-supereffective|p1a: Landorus\n|-damage|p1a: Landorus|49\/100 tox\n|-message|wxwswj forfeited.\n|\n|win|nijika10086\n|raw|wxwswj's rating: 1273 &rarr; <strong>1249<\/strong><br \/>(-24 for losing)\n|raw|nijika10086's rating: 1293 &rarr; <strong>1317<\/strong><br \/>(+24 for winning)\n|l|\u2606wxwswj\n","uploadtime":1700631540,"views":1,"p1id":"wxwswj","p2id":"nijika10086","formatid":"gen9nationaldex","rating":1249,"private":0,"password":""}