{"id":"gen9nationaldex-2000573924","p1":"SenhorDoJogo","p2":"zaptus","format":"[Gen 9] National Dex","log":"|html|<div class=\"broadcast-blue\"><strong>[Gen 9] National Dex is currently suspecting Sneasler! For information on how to participate check out the <a href=\"https:\/\/www.smogon.com\/forums\/threads\/sv-national-dex-suspect-8-just-dance.3731534\/\">suspect thread<\/a>.<\/strong><\/div>\n|j|\u2606SenhorDoJogo\n|j|\u2606zaptus\n|t:|1701206658\n|gametype|singles\n|player|p1|SenhorDoJogo|bugcatcher-gen4dp|1158\n|player|p2|zaptus|policeman-gen4|1239\n|teamsize|p1|6\n|teamsize|p2|6\n|gen|9\n|tier|[Gen 9] National Dex\n|rated|\n|rule|HP Percentage Mod: HP is shown in percentages\n|rule|Endless Battle Clause: Forcing endless battles is banned\n|rule|OHKO Clause: OHKO moves are banned\n|rule|Evasion Clause: Evasion abilities, items, and moves are banned\n|rule|Evasion Abilities Clause: Evasion abilities are banned\n|rule|Evasion Items Clause: Evasion items are banned\n|rule|Evasion Moves Clause: Evasion moves are banned\n|rule|Species Clause: Limit one of each Pok\u00e9mon\n|rule|Sleep Clause Mod: Limit one foe put to sleep\n|clearpoke\n|poke|p1|Breloom, M|\n|poke|p1|Aerodactyl, M|\n|poke|p1|Xatu, F|\n|poke|p1|Lapras, F|\n|poke|p1|Emboar, M|\n|poke|p1|Excadrill, M|\n|poke|p2|Rillaboom, F|\n|poke|p2|Serperior, F|\n|poke|p2|Magnezone|\n|poke|p2|Kommo-o, F|\n|poke|p2|Zeraora|\n|poke|p2|Corviknight, M|\n|teampreview\n|\n|t:|1701206681\n|start\n|switch|p1a: Palmeiras|Emboar, M, shiny|100\/100\n|switch|p2a: Corviknight|Corviknight, M|100\/100\n|-ability|p2a: Corviknight|Pressure\n|turn|1\n|\n|t:|1701206694\n|move|p2a: Corviknight|U-turn|p1a: Palmeiras\n|-resisted|p1a: Palmeiras\n|-damage|p1a: Palmeiras|96\/100\n|\n|t:|1701206708\n|switch|p2a: Kommo-o|Kommo-o, F|100\/100|[from] U-turn\n|move|p1a: Palmeiras|Flare Blitz|p2a: Kommo-o\n|-resisted|p2a: Kommo-o\n|-damage|p2a: Kommo-o|50\/100\n|-damage|p1a: Palmeiras|83\/100|[from] Recoil\n|\n|-heal|p2a: Kommo-o|57\/100|[from] item: Leftovers\n|upkeep\n|turn|2\n|\n|t:|1701206724\n|switch|p1a: Breloom|Breloom, M|100\/100\n|move|p2a: Kommo-o|Dragon Tail|p1a: Breloom\n|-damage|p1a: Breloom|75\/100\n|drag|p1a: Excadrill|Excadrill, M|100\/100\n|-ability|p1a: Excadrill|Mold Breaker\n|\n|-heal|p2a: Kommo-o|63\/100|[from] item: Leftovers\n|upkeep\n|turn|3\n|\n|t:|1701206748\n|move|p1a: Excadrill|Earthquake|p2a: Kommo-o\n|-damage|p2a: Kommo-o|12\/100\n|move|p2a: Kommo-o|Stealth Rock|p1a: Excadrill\n|-sidestart|p1: SenhorDoJogo|move: Stealth Rock\n|\n|-heal|p2a: Kommo-o|18\/100|[from] item: Leftovers\n|upkeep\n|turn|4\n|\n|t:|1701206764\n|switch|p2a: Corviknight|Corviknight, M|100\/100\n|-ability|p2a: Corviknight|Pressure\n|move|p1a: Excadrill|Rapid Spin|p2a: Corviknight\n|-resisted|p2a: Corviknight\n|-damage|p2a: Corviknight|94\/100\n|-boost|p1a: Excadrill|spe|1\n|-damage|p1a: Excadrill|84\/100|[from] item: Rocky Helmet|[of] p2a: Corviknight\n|-sideend|p1: SenhorDoJogo|Stealth Rock|[from] move: Rapid Spin|[of] p1a: Excadrill\n|\n|upkeep\n|turn|5\n|\n|t:|1701206776\n|move|p1a: Excadrill|Swords Dance|p1a: Excadrill\n|-boost|p1a: Excadrill|atk|2\n|move|p2a: Corviknight|U-turn|p1a: Excadrill\n|-resisted|p1a: Excadrill\n|-damage|p1a: Excadrill|73\/100\n|\n|t:|1701206802\n|switch|p2a: Rillaboom|Rillaboom, F|100\/100|[from] U-turn\n|-fieldstart|move: Grassy Terrain|[from] ability: Grassy Surge|[of] p2a: Rillaboom\n|\n|-heal|p1a: Excadrill|79\/100|[from] Grassy Terrain\n|upkeep\n|turn|6\n|\n|t:|1701206853\n|move|p2a: Rillaboom|Grassy Glide|p1a: Excadrill\n|-damage|p1a: Excadrill|0 fnt\n|faint|p1a: Excadrill\n|\n|upkeep\n|\n|t:|1701206863\n|switch|p1a: Palmeiras|Emboar, M, shiny|83\/100\n|turn|7\n|\n|t:|1701206871\n|switch|p2a: Kommo-o|Kommo-o, F|18\/100\n|move|p1a: Palmeiras|Flare Blitz|p2a: Kommo-o\n|-resisted|p2a: Kommo-o\n|-damage|p2a: Kommo-o|0 fnt\n|faint|p2a: Kommo-o\n|-damage|p1a: Palmeiras|78\/100|[from] Recoil\n|\n|-heal|p1a: Palmeiras|84\/100|[from] Grassy Terrain\n|upkeep\n|\n|t:|1701206905\n|switch|p2a: Zeraora|Zeraora|100\/100\n|turn|8\n|\n|t:|1701206929\n|move|p2a: Zeraora|Thunderbolt|p1a: Palmeiras\n|-damage|p1a: Palmeiras|18\/100\n|move|p1a: Palmeiras|Flare Blitz|p2a: Zeraora\n|-damage|p2a: Zeraora|0 fnt\n|faint|p2a: Zeraora\n|-damage|p1a: Palmeiras|0 fnt|[from] Recoil\n|faint|p1a: Palmeiras\n|\n|upkeep\n|\n|t:|1701206954\n|switch|p2a: Magnezone|Magnezone|100\/100\n|switch|p1a: Xatu|Xatu, F|100\/100\n|turn|9\n|\n|t:|1701207009\n|move|p1a: Xatu|Light Screen|p1a: Xatu\n|-sidestart|p1: SenhorDoJogo|move: Light Screen\n|move|p2a: Magnezone|Volt Switch|p1a: Xatu\n|-supereffective|p1a: Xatu\n|-damage|p1a: Xatu|37\/100\n|\n|t:|1701207020\n|switch|p2a: Corviknight|Corviknight, M|94\/100|[from] Volt Switch\n|-ability|p2a: Corviknight|Pressure\n|\n|-fieldend|move: Grassy Terrain\n|upkeep\n|turn|10\n|\n|t:|1701207042\n|move|p1a: Xatu|Future Sight|p2a: Corviknight\n|-start|p1a: Xatu|move: Future Sight\n|move|p2a: Corviknight|Roost|p2a: Corviknight\n|-heal|p2a: Corviknight|100\/100\n|-singleturn|p2a: Corviknight|move: Roost\n|\n|upkeep\n|turn|11\n|\n|t:|1701207050\n|switch|p1a: Lapras|Lapras, F|100\/100\n|move|p2a: Corviknight|Roost||[still]\n|-fail|p2a: Corviknight|heal\n|\n|upkeep\n|turn|12\n|\n|t:|1701207067\n|move|p1a: Lapras|Hidden Power|p2a: Corviknight\n|-supereffective|p2a: Corviknight\n|-damage|p2a: Corviknight|56\/100\n|move|p2a: Corviknight|Roost|p2a: Corviknight\n|-heal|p2a: Corviknight|100\/100\n|-singleturn|p2a: Corviknight|move: Roost\n|\n|-end|p2a: Corviknight|move: Future Sight\n|-resisted|p2a: Corviknight\n|-damage|p2a: Corviknight|84\/100\n|upkeep\n|turn|13\n|\n|t:|1701207079\n|switch|p1a: Aerodactyl|Aerodactyl, M|100\/100\n|move|p2a: Corviknight|Brave Bird|p1a: Aerodactyl\n|-resisted|p1a: Aerodactyl\n|-damage|p1a: Aerodactyl|71\/100\n|-damage|p2a: Corviknight|77\/100|[from] Recoil\n|\n|upkeep\n|turn|14\n|\n|t:|1701207103\n|move|p1a: Aerodactyl|Hone Claws|p1a: Aerodactyl\n|-boost|p1a: Aerodactyl|atk|1\n|-boost|p1a: Aerodactyl|accuracy|1\n|move|p2a: Corviknight|Brave Bird|p1a: Aerodactyl\n|-resisted|p1a: Aerodactyl\n|-damage|p1a: Aerodactyl|43\/100\n|-damage|p2a: Corviknight|70\/100|[from] Recoil\n|\n|upkeep\n|turn|15\n|\n|t:|1701207133\n|move|p1a: Aerodactyl|Hone Claws|p1a: Aerodactyl\n|-boost|p1a: Aerodactyl|atk|1\n|-boost|p1a: Aerodactyl|accuracy|1\n|move|p2a: Corviknight|Brave Bird|p1a: Aerodactyl\n|-resisted|p1a: Aerodactyl\n|-crit|p1a: Aerodactyl\n|-damage|p1a: Aerodactyl|0 fnt\n|faint|p1a: Aerodactyl\n|-damage|p2a: Corviknight|59\/100|[from] Recoil\n|\n|upkeep\n|c|\u2606SenhorDoJogo|Bruh\n|\n|t:|1701207146\n|switch|p1a: Xatu|Xatu, F|37\/100\n|turn|16\n|\n|t:|1701207164\n|move|p1a: Xatu|Reflect|p1a: Xatu\n|-sidestart|p1: SenhorDoJogo|Reflect\n|move|p2a: Corviknight|U-turn|p1a: Xatu\n|-crit|p1a: Xatu\n|-damage|p1a: Xatu|10\/100\n|\n|t:|1701207170\n|switch|p2a: Rillaboom|Rillaboom, F|100\/100|[from] U-turn\n|-fieldstart|move: Grassy Terrain|[from] ability: Grassy Surge|[of] p2a: Rillaboom\n|\n|-sideend|p1: SenhorDoJogo|move: Light Screen\n|upkeep\n|turn|17\n|\n|t:|1701207200\n|-terastallize|p2a: Rillaboom|Grass\n|move|p2a: Rillaboom|Grassy Glide|p1a: Xatu\n|-resisted|p1a: Xatu\n|-damage|p1a: Xatu|0 fnt\n|faint|p1a: Xatu\n|\n|upkeep\n|\n|t:|1701207224\n|switch|p1a: Breloom|Breloom, M|75\/100\n|turn|18\n|\n|t:|1701207235\n|move|p2a: Rillaboom|Grassy Glide|p1a: Breloom\n|-resisted|p1a: Breloom\n|-damage|p1a: Breloom|51\/100\n|move|p1a: Breloom|Bulk Up|p1a: Breloom\n|-boost|p1a: Breloom|atk|1\n|-boost|p1a: Breloom|def|1\n|\n|-heal|p1a: Breloom|57\/100|[from] Grassy Terrain\n|-status|p1a: Breloom|tox|[from] item: Toxic Orb\n|upkeep\n|turn|19\n|\n|t:|1701207258\n|switch|p2a: Corviknight|Corviknight, M|59\/100\n|-ability|p2a: Corviknight|Pressure\n|move|p1a: Breloom|Bulk Up|p1a: Breloom\n|-boost|p1a: Breloom|atk|1\n|-boost|p1a: Breloom|def|1\n|\n|-heal|p1a: Breloom|63\/100 tox|[from] Grassy Terrain\n|-heal|p1a: Breloom|76\/100 tox|[from] ability: Poison Heal\n|upkeep\n|turn|20\n|\n|t:|1701207285\n|move|p1a: Breloom|Mach Punch|p2a: Corviknight\n|-damage|p2a: Corviknight|31\/100\n|-damage|p1a: Breloom|59\/100 tox|[from] item: Rocky Helmet|[of] p2a: Corviknight\n|move|p2a: Corviknight|Brave Bird|p1a: Breloom\n|-supereffective|p1a: Breloom\n|-damage|p1a: Breloom|15\/100 tox\n|-damage|p2a: Corviknight|19\/100|[from] Recoil\n|\n|-heal|p1a: Breloom|21\/100 tox|[from] Grassy Terrain\n|-heal|p1a: Breloom|33\/100 tox|[from] ability: Poison Heal\n|-fieldend|move: Grassy Terrain\n|upkeep\n|turn|21\n|\n|t:|1701207298\n|move|p1a: Breloom|Mach Punch|p2a: Corviknight\n|-damage|p2a: Corviknight|0 fnt\n|-damage|p1a: Breloom|17\/100 tox|[from] item: Rocky Helmet|[of] p2a: Corviknight\n|faint|p2a: Corviknight\n|\n|-heal|p1a: Breloom|29\/100 tox|[from] ability: Poison Heal\n|upkeep\n|\n|t:|1701207308\n|switch|p2a: Rillaboom|Rillaboom, F, tera:Grass|100\/100\n|-fieldstart|move: Grassy Terrain|[from] ability: Grassy Surge|[of] p2a: Rillaboom\n|turn|22\n|\n|t:|1701207355\n|move|p2a: Rillaboom|Grassy Glide|p1a: Breloom\n|-resisted|p1a: Breloom\n|-damage|p1a: Breloom|17\/100 tox\n|move|p1a: Breloom|Facade|p2a: Rillaboom\n|-damage|p2a: Rillaboom|2\/100\n|\n|-heal|p2a: Rillaboom|9\/100|[from] Grassy Terrain\n|-heal|p1a: Breloom|23\/100 tox|[from] Grassy Terrain\n|-heal|p1a: Breloom|35\/100 tox|[from] ability: Poison Heal\n|upkeep\n|turn|23\n|\n|t:|1701207375\n|move|p2a: Rillaboom|Grassy Glide|p1a: Breloom\n|-resisted|p1a: Breloom\n|-crit|p1a: Breloom\n|-damage|p1a: Breloom|0 fnt\n|faint|p1a: Breloom\n|\n|-heal|p2a: Rillaboom|15\/100|[from] Grassy Terrain\n|-sideend|p1: SenhorDoJogo|Reflect\n|upkeep\n|c|\u2606SenhorDoJogo|BRUH\n|\n|t:|1701207386\n|switch|p1a: Lapras|Lapras, F|100\/100\n|turn|24\n|c|\u2606zaptus|Showdown is running so bad on my phone idk why\n|c|\u2606SenhorDoJogo|The others luck sometimes made us lose the garanteed play\n|c|\u2606SenhorDoJogo|What happens?\n|c|\u2606zaptus|thats kind of why my turns take so long\n|c|\u2606zaptus|It freeezes for like 20 sec in between turns\n|c|\u2606SenhorDoJogo|No problem\n|\n|t:|1701207442\n|-terastallize|p1a: Lapras|Steel\n|move|p2a: Rillaboom|Grassy Glide|p1a: Lapras\n|-resisted|p1a: Lapras\n|-damage|p1a: Lapras|63\/100\n|move|p1a: Lapras|Hidden Power|p2a: Rillaboom\n|-supereffective|p2a: Rillaboom\n|-damage|p2a: Rillaboom|0 fnt\n|faint|p2a: Rillaboom\n|\n|-heal|p1a: Lapras|69\/100|[from] Grassy Terrain\n|upkeep\n|c|\u2606SenhorDoJogo|What phone is yours?\n|c|\u2606zaptus|Samsung a21\n|c|\u2606SenhorDoJogo|Holy shit mines too\n|c|\u2606SenhorDoJogo|lol\n|\n|t:|1701207482\n|switch|p2a: Magnezone|Magnezone|100\/100\n|turn|25\n|c|\u2606SenhorDoJogo|How much time do u have this phone?\n|c|\u2606zaptus|3 to 4 years\n|c|\u2606SenhorDoJogo|Did you tried to reset your phone?\n|\n|t:|1701207519\n|move|p1a: Lapras|Hidden Power|p2a: Magnezone\n|-supereffective|p2a: Magnezone\n|-damage|p2a: Magnezone|37\/100\n|move|p2a: Magnezone|Flash Cannon|p1a: Lapras\n|-resisted|p1a: Lapras\n|-damage|p1a: Lapras|43\/100\n|\n|-heal|p1a: Lapras|49\/100|[from] Grassy Terrain\n|-heal|p2a: Magnezone|43\/100|[from] Grassy Terrain\n|upkeep\n|turn|26\n|c|\u2606zaptus|Nah\n|c|\u2606zaptus|Ill probably try that\n|c|\u2606SenhorDoJogo|Try it\n|\n|t:|1701207543\n|move|p1a: Lapras|Hidden Power|p2a: Magnezone\n|-supereffective|p2a: Magnezone\n|-damage|p2a: Magnezone|0 fnt\n|faint|p2a: Magnezone\n|\n|-heal|p1a: Lapras|55\/100|[from] Grassy Terrain\n|-fieldend|move: Grassy Terrain\n|upkeep\n|c|\u2606zaptus|Gg im going to go forfeit\n|c|\u2606zaptus|Thanks for the advice\n|c|\u2606SenhorDoJogo|Ho man\n|c|\u2606SenhorDoJogo|Have a nice day\n|-message|zaptus forfeited.\n|\n|win|SenhorDoJogo\n|raw|SenhorDoJogo's rating: 1158 &rarr; <strong>1189<\/strong><br \/>(+31 for winning)\n|raw|zaptus's rating: 1239 &rarr; <strong>1208<\/strong><br \/>(-31 for losing)\n|l|\u2606zaptus\n","uploadtime":1701207600,"views":1,"p1id":"senhordojogo","p2id":"zaptus","formatid":"gen9nationaldex","rating":1189,"private":0,"password":""}