{"id":"gen9nationaldex-1988505064","p1":"el p4n4","p2":"lolowtf09","format":"[Gen 9] National Dex","log":"|j|\u2606el p4n4\n|j|\u2606lolowtf09\n|t:|1699730100\n|gametype|singles\n|player|p1|el p4n4|lucas|\n|player|p2|lolowtf09|viola|\n|teamsize|p1|6\n|teamsize|p2|6\n|gen|9\n|tier|[Gen 9] National Dex\n|rule|HP Percentage Mod: HP is shown in percentages\n|rule|Endless Battle Clause: Forcing endless battles is banned\n|rule|OHKO Clause: OHKO moves are banned\n|rule|Evasion Clause: Evasion abilities, items, and moves are banned\n|rule|Evasion Abilities Clause: Evasion abilities are banned\n|rule|Evasion Items Clause: Evasion items are banned\n|rule|Evasion Moves Clause: Evasion moves are banned\n|rule|Species Clause: Limit one of each Pok\u00e9mon\n|rule|Sleep Clause Mod: Limit one foe put to sleep\n|clearpoke\n|poke|p1|Meowscarada, F|\n|poke|p1|Ceruledge, M|\n|poke|p1|Tauros-Paldea-Aqua, M|\n|poke|p1|Iron Valiant|\n|poke|p1|Maushold-Four|\n|poke|p1|Arboliva, F|\n|poke|p2|Goodra-Hisui, F|\n|poke|p2|Meowstic, M|\n|poke|p2|Aegislash, M|\n|poke|p2|Sylveon, F|\n|poke|p2|Slurpuff, F|\n|poke|p2|Volcanion|\n|teampreview\n|j| Sylveon(404)\n|c|\u2606lolowtf09|morire\n|c|\u2606lolowtf09|por francia\n|c|\u2606el p4n4|XD\n|\n|t:|1699730130\n|start\n|switch|p1a: Arboliva|Arboliva, F|100\/100\n|switch|p2a: Irvinng|Meowstic, M|100\/100\n|turn|1\n|\n|t:|1699730139\n|move|p2a: Irvinng|Thunder Wave|p1a: Arboliva\n|-status|p1a: Arboliva|par\n|cant|p1a: Arboliva|par\n|\n|upkeep\n|turn|2\n|j| WSoldat\n|j| AjoFC\n|j| ericmont\n|\n|t:|1699730145\n|move|p2a: Irvinng|Light Screen|p2a: Irvinng\n|-sidestart|p2: lolowtf09|move: Light Screen\n|move|p1a: Arboliva|Hyper Voice|p2a: Irvinng\n|-damage|p2a: Irvinng|80\/100\n|\n|upkeep\n|turn|3\n|j| Fabrizio8\n|\n|t:|1699730149\n|move|p2a: Irvinng|Reflect|p2a: Irvinng\n|-sidestart|p2: lolowtf09|Reflect\n|move|p1a: Arboliva|Hyper Voice|p2a: Irvinng\n|-damage|p2a: Irvinng|59\/100\n|\n|upkeep\n|turn|4\n|c| WSoldat|El Que pierde es frances\n|\n|t:|1699730155\n|move|p2a: Irvinng|Psychic|p1a: Arboliva\n|-damage|p1a: Arboliva|74\/100 par\n|-fieldstart|move: Grassy Terrain|[from] ability: Seed Sower|[of] p1a: Arboliva\n|cant|p1a: Arboliva|par\n|\n|-heal|p2a: Irvinng|65\/100|[from] Grassy Terrain\n|-heal|p1a: Arboliva|80\/100 par|[from] Grassy Terrain\n|-heal|p1a: Arboliva|86\/100 par|[from] item: Leftovers\n|upkeep\n|turn|5\n|\n|t:|1699730164\n|switch|p2a: GordiBuena|Slurpuff, F, shiny|100\/100\n|move|p1a: Arboliva|Giga Drain|p2a: GordiBuena\n|-damage|p2a: GordiBuena|60\/100\n|-heal|p1a: Arboliva|100\/100 par|[from] drain|[of] p2a: GordiBuena\n|\n|-heal|p2a: GordiBuena|66\/100|[from] Grassy Terrain\n|upkeep\n|turn|6\n|c| ericmont|Paralizate\n|c| ericmont|uwu\n|c| Sylveon(404)|el demonio\n|\n|t:|1699730178\n|-terastallize|p2a: GordiBuena|Poison\n|move|p2a: GordiBuena|Belly Drum|p2a: GordiBuena\n|-damage|p2a: GordiBuena|16\/100\n|-setboost|p2a: GordiBuena|atk|6|[from] move: Belly Drum\n|-enditem|p2a: GordiBuena|Sitrus Berry|[eat]\n|-heal|p2a: GordiBuena|41\/100|[from] item: Sitrus Berry\n|move|p1a: Arboliva|Giga Drain|p2a: GordiBuena\n|-resisted|p2a: GordiBuena\n|-damage|p2a: GordiBuena|20\/100\n|\n|-heal|p2a: GordiBuena|26\/100|[from] Grassy Terrain\n|upkeep\n|turn|7\n|c| Sylveon(404)|q uwu joto\n|\n|t:|1699730189\n|move|p2a: GordiBuena|Drain Punch|p1a: Arboliva\n|-supereffective|p1a: Arboliva\n|-damage|p1a: Arboliva|0 fnt\n|-heal|p2a: GordiBuena|80\/100|[from] drain|[of] p1a: Arboliva\n|faint|p1a: Arboliva\n|\n|-heal|p2a: GordiBuena|86\/100|[from] Grassy Terrain\n|upkeep\n|j| PeppsiAsiEs\n|c| Sylveon(404)|ggs\n|\n|t:|1699730196\n|switch|p1a: Tauros|Tauros-Paldea-Aqua, M|100\/100\n|-ability|p1a: Tauros|Intimidate|boost\n|-unboost|p2a: GordiBuena|atk|1\n|turn|8\n|\n|t:|1699730200\n|move|p2a: GordiBuena|Play Rough|p1a: Tauros\n|-supereffective|p1a: Tauros\n|-damage|p1a: Tauros|0 fnt\n|faint|p1a: Tauros\n|\n|-heal|p2a: GordiBuena|93\/100|[from] Grassy Terrain\n|-fieldend|move: Grassy Terrain\n|upkeep\n|c| ericmont|Lo dice sylveon404\n|c| PeppsiAsiEs|no mames\n|c|\u2606lolowtf09|dale zelda dale\n|l| AjoFC\n|c| ericmont|Eloy callate\n|\n|t:|1699730237\n|switch|p1a: Maushold|Maushold-Four|100\/100\n|turn|9\n|c| ericmont|y juega\n|j| AjoFC\n|\n|t:|1699730244\n|move|p2a: GordiBuena|Drain Punch|p1a: Maushold\n|-supereffective|p1a: Maushold\n|-damage|p1a: Maushold|0 fnt\n|-heal|p2a: GordiBuena|100\/100|[from] drain|[of] p1a: Maushold\n|faint|p1a: Maushold\n|\n|-sideend|p2: lolowtf09|move: Light Screen\n|upkeep\n|\n|t:|1699730252\n|switch|p1a: Ceruledge|Ceruledge, M|100\/100\n|turn|10\n|\n|t:|1699730257\n|move|p2a: GordiBuena|Sticky Web|p1a: Ceruledge\n|-sidestart|p1: el p4n4|move: Sticky Web\n|move|p1a: Ceruledge|Swords Dance|p1a: Ceruledge\n|-boost|p1a: Ceruledge|atk|2\n|\n|-sideend|p2: lolowtf09|Reflect\n|upkeep\n|turn|11\n|c|\u2606el p4n4|jodeeer\n|\n|t:|1699730262\n|move|p2a: GordiBuena|Play Rough|p1a: Ceruledge\n|-resisted|p1a: Ceruledge\n|-damage|p1a: Ceruledge|12\/100\n|-unboost|p1a: Ceruledge|atk|1\n|-ability|p1a: Ceruledge|Weak Armor|boost\n|-unboost|p1a: Ceruledge|def|1\n|-boost|p1a: Ceruledge|spe|2\n|move|p1a: Ceruledge|Swords Dance|p1a: Ceruledge\n|-boost|p1a: Ceruledge|atk|2\n|\n|upkeep\n|turn|12\n|\n|t:|1699730273\n|move|p1a: Ceruledge|Bitter Blade|p2a: GordiBuena\n|-damage|p2a: GordiBuena|0 fnt\n|-heal|p1a: Ceruledge|64\/100|[from] drain|[of] p2a: GordiBuena\n|faint|p2a: GordiBuena\n|\n|upkeep\n|\n|t:|1699730277\n|switch|p2a: Tulalash|Aegislash, M|100\/100\n|turn|13\n|c| PeppsiAsiEs|XDDDDDD\n|c| ericmont|Te voy\n|c| ericmont|A matar\n|c| ericmont|Eloy\n|c| Sylveon(404)|shadow sneak\n|\n|t:|1699730296\n|-formechange|p2a: Tulalash|Aegislash-Blade||[from] ability: Stance Change\n|move|p2a: Tulalash|Shadow Sneak|p1a: Ceruledge\n|-supereffective|p1a: Ceruledge\n|-damage|p1a: Ceruledge|0 fnt\n|faint|p1a: Ceruledge\n|-damage|p2a: Tulalash|91\/100|[from] item: Life Orb\n|\n|upkeep\n|c| Sylveon(404)|has eso\n|c| Sylveon(404)|pana\n|\n|t:|1699730303\n|switch|p1a: Iron Valiant|Iron Valiant|100\/100\n|-activate|p1a: Iron Valiant|move: Sticky Web\n|-unboost|p1a: Iron Valiant|spe|1\n|-enditem|p1a: Iron Valiant|Booster Energy\n|-activate|p1a: Iron Valiant|ability: Quark Drive|[fromitem]\n|-start|p1a: Iron Valiant|quarkdrivespa\n|turn|14\n|c| ericmont|VAMOS\n|c| ericmont|NO TIENE SS\n|\n|t:|1699730310\n|-formechange|p2a: Tulalash|Aegislash||[from] ability: Stance Change\n|move|p2a: Tulalash|King's Shield|p2a: Tulalash\n|-singleturn|p2a: Tulalash|Protect\n|move|p1a: Iron Valiant|Thunderbolt|p2a: Tulalash\n|-activate|p2a: Tulalash|move: Protect\n|\n|upkeep\n|turn|15\n|\n|t:|1699730320\n|-terastallize|p1a: Iron Valiant|Electric\n|move|p1a: Iron Valiant|Thunderbolt|p2a: Tulalash\n|-damage|p2a: Tulalash|42\/100\n|move|p2a: Tulalash|Swords Dance|p2a: Tulalash\n|-boost|p2a: Tulalash|atk|2\n|\n|upkeep\n|turn|16\n|\n|t:|1699730327\n|-formechange|p2a: Tulalash|Aegislash-Blade||[from] ability: Stance Change\n|move|p2a: Tulalash|Shadow Sneak|p1a: Iron Valiant\n|-damage|p1a: Iron Valiant|25\/100\n|-damage|p2a: Tulalash|32\/100|[from] item: Life Orb\n|move|p1a: Iron Valiant|Calm Mind|p1a: Iron Valiant\n|-boost|p1a: Iron Valiant|spa|1\n|-boost|p1a: Iron Valiant|spd|1\n|\n|upkeep\n|turn|17\n|c| ericmont|QUEE\n|\n|t:|1699730334\n|move|p2a: Tulalash|Shadow Sneak|p1a: Iron Valiant\n|-damage|p1a: Iron Valiant|0 fnt\n|faint|p1a: Iron Valiant\n|-end|p1a: Iron Valiant|Quark Drive|[silent]\n|-damage|p2a: Tulalash|22\/100|[from] item: Life Orb\n|\n|upkeep\n|c| ericmont|QUE\n|c| ericmont|EUQE\n|c|\u2606el p4n4|f\n|\n|t:|1699730340\n|switch|p1a: Meowscarada|Meowscarada, F|100\/100\n|-activate|p1a: Meowscarada|move: Sticky Web\n|-unboost|p1a: Meowscarada|spe|1\n|turn|18\n|\n|t:|1699730345\n|move|p1a: Meowscarada|Sucker Punch|p2a: Tulalash\n|-start|p1a: Meowscarada|typechange|Dark|[from] ability: Protean\n|-supereffective|p2a: Tulalash\n|-crit|p2a: Tulalash\n|-damage|p2a: Tulalash|0 fnt\n|faint|p2a: Tulalash\n|\n|upkeep\n|\n|t:|1699730354\n|switch|p2a: Irvinng|Meowstic, M|65\/100\n|turn|19\n|\n|t:|1699730357\n|move|p2a: Irvinng|Reflect|p2a: Irvinng\n|-sidestart|p2: lolowtf09|Reflect\n|move|p1a: Meowscarada|Hone Claws|p1a: Meowscarada\n|-boost|p1a: Meowscarada|atk|1\n|-boost|p1a: Meowscarada|accuracy|1\n|\n|upkeep\n|turn|20\n|\n|t:|1699730365\n|switch|p2a: Babousa|Goodra-Hisui, F|100\/100\n|move|p1a: Meowscarada|Hone Claws|p1a: Meowscarada\n|-boost|p1a: Meowscarada|atk|1\n|-boost|p1a: Meowscarada|accuracy|1\n|\n|upkeep\n|turn|21\n|c| ericmont|NO\n|c| ericmont|asi si\n|\n|t:|1699730373\n|move|p1a: Meowscarada|Play Rough|p2a: Babousa\n|-damage|p2a: Babousa|78\/100\n|move|p2a: Babousa|Draco Meteor|p1a: Meowscarada\n|-damage|p1a: Meowscarada|4\/100\n|-unboost|p2a: Babousa|spa|2\n|\n|upkeep\n|turn|22\n|\n|t:|1699730382\n|move|p1a: Meowscarada|Sucker Punch|p2a: Babousa\n|-damage|p2a: Babousa|48\/100\n|move|p2a: Babousa|Draco Meteor|p1a: Meowscarada\n|-damage|p1a: Meowscarada|0 fnt\n|-unboost|p2a: Babousa|spa|2\n|faint|p1a: Meowscarada\n|\n|win|lolowtf09\n|c|\u2606lolowtf09|gg\n|l|\u2606el p4n4\n|c| AjoFC|GG\n|c| ericmont|vamoo\n|l| ericmont\n","uploadtime":1699730393,"views":6,"p1id":"elp4n4","p2id":"lolowtf09","formatid":"gen9nationaldex","rating":0,"private":0,"password":""}