{"id":"gen9nationaldex-1998233263","p1":"PPJ66MAS","p2":"Zersturer23","format":"[Gen 9] National Dex","log":"|html|<div class=\"broadcast-blue\"><strong>[Gen 9] National Dex is currently suspecting Sneasler! For information on how to participate check out the <a href=\"https:\/\/www.smogon.com\/forums\/threads\/sv-national-dex-suspect-8-just-dance.3731534\/\">suspect thread<\/a>.<\/strong><\/div>\n|j|\u2606PPJ66MAS\n|j|\u2606Zersturer23\n|t:|1700917140\n|gametype|singles\n|player|p1|PPJ66MAS|pokemonranger-gen4|1060\n|player|p2|Zersturer23|1|1094\n|teamsize|p1|6\n|teamsize|p2|6\n|gen|9\n|tier|[Gen 9] National Dex\n|rated|\n|rule|HP Percentage Mod: HP is shown in percentages\n|rule|Endless Battle Clause: Forcing endless battles is banned\n|rule|OHKO Clause: OHKO moves are banned\n|rule|Evasion Clause: Evasion abilities, items, and moves are banned\n|rule|Evasion Abilities Clause: Evasion abilities are banned\n|rule|Evasion Items Clause: Evasion items are banned\n|rule|Evasion Moves Clause: Evasion moves are banned\n|rule|Species Clause: Limit one of each Pok\u00e9mon\n|rule|Sleep Clause Mod: Limit one foe put to sleep\n|clearpoke\n|poke|p1|Emboar, M|\n|poke|p1|Stoutland, F|\n|poke|p1|Metagross|\n|poke|p1|Vespiquen, F|\n|poke|p1|Carracosta, F|\n|poke|p1|Gengar, M|\n|poke|p2|Torterra, F|\n|poke|p2|Garchomp, F|\n|poke|p2|Charizard, F|\n|poke|p2|Great Tusk|\n|poke|p2|Toxapex, M|\n|poke|p2|Tyranitar, F|\n|teampreview\n|inactive|Battle timer is ON: inactive players will automatically lose when time's up. (requested by PPJ66MAS)\n|\n|t:|1700917154\n|start\n|switch|p1a: Carracosta|Carracosta, F|100\/100\n|switch|p2a: Tyranitar|Tyranitar, F|100\/100\n|-weather|Sandstorm|[from] ability: Sand Stream|[of] p2a: Tyranitar\n|turn|1\n|\n|t:|1700917162\n|move|p1a: Carracosta|Shell Smash|p1a: Carracosta\n|-unboost|p1a: Carracosta|def|1\n|-unboost|p1a: Carracosta|spd|1\n|-boost|p1a: Carracosta|atk|2\n|-boost|p1a: Carracosta|spa|2\n|-boost|p1a: Carracosta|spe|2\n|move|p2a: Tyranitar|Earthquake|p1a: Carracosta\n|-supereffective|p1a: Carracosta\n|-ability|p1a: Carracosta|Sturdy\n|-damage|p1a: Carracosta|1\/100\n|-enditem|p1a: Carracosta|Weakness Policy\n|-boost|p1a: Carracosta|atk|2|[from] item: Weakness Policy\n|-boost|p1a: Carracosta|spa|2|[from] item: Weakness Policy\n|\n|-weather|Sandstorm|[upkeep]\n|upkeep\n|turn|2\n|\n|t:|1700917169\n|-terastallize|p2a: Tyranitar|Fairy\n|move|p1a: Carracosta|Liquidation|p2a: Tyranitar\n|-damage|p2a: Tyranitar|8\/100\n|-unboost|p2a: Tyranitar|def|1\n|move|p2a: Tyranitar|Pursuit|p1a: Carracosta\n|-damage|p1a: Carracosta|0 fnt\n|faint|p1a: Carracosta\n|\n|-weather|Sandstorm|[upkeep]\n|-damage|p2a: Tyranitar|1\/100|[from] Sandstorm\n|upkeep\n|\n|t:|1700917179\n|switch|p1a: Gengar|Gengar, M|100\/100\n|turn|3\n|\n|t:|1700917184\n|move|p1a: Gengar|Sludge Wave|p2a: Tyranitar\n|-supereffective|p2a: Tyranitar\n|-damage|p2a: Tyranitar|0 fnt\n|faint|p2a: Tyranitar\n|\n|-weather|Sandstorm|[upkeep]\n|-damage|p1a: Gengar|94\/100|[from] Sandstorm\n|upkeep\n|inactive|Zersturer23 has 120 seconds left.\n|\n|t:|1700917215\n|switch|p2a: Great Tusk|Great Tusk|100\/100\n|turn|4\n|\n|t:|1700917217\n|-zpower|p1a: Gengar\n|move|p1a: Gengar|Acid Downpour|p2a: Great Tusk|[zeffect]\n|-resisted|p2a: Great Tusk\n|-damage|p2a: Great Tusk|36\/100\n|move|p2a: Great Tusk|Knock Off|p1a: Gengar\n|-supereffective|p1a: Gengar\n|-damage|p1a: Gengar|13\/100\n|\n|-weather|Sandstorm|[upkeep]\n|-damage|p1a: Gengar|7\/100|[from] Sandstorm\n|upkeep\n|turn|5\n|\n|t:|1700917225\n|move|p1a: Gengar|Shadow Ball|p2a: Great Tusk\n|-damage|p2a: Great Tusk|0 fnt\n|faint|p2a: Great Tusk\n|-end|p2a: Great Tusk|Protosynthesis|[silent]\n|\n|-weather|none\n|upkeep\n|\n|t:|1700917239\n|switch|p2a: Toxapex|Toxapex, M|100\/100\n|turn|6\n|\n|t:|1700917248\n|move|p1a: Gengar|Shadow Ball|p2a: Toxapex\n|-damage|p2a: Toxapex|76\/100\n|move|p2a: Toxapex|Scald|p1a: Gengar\n|-damage|p1a: Gengar|0 fnt\n|faint|p1a: Gengar\n|\n|-heal|p2a: Toxapex|82\/100|[from] item: Black Sludge\n|upkeep\n|\n|t:|1700917252\n|switch|p1a: Metagross|Metagross|100\/100\n|turn|7\n|\n|t:|1700917259\n|move|p1a: Metagross|Iron Defense|p1a: Metagross\n|-boost|p1a: Metagross|def|2\n|move|p2a: Toxapex|Scald|p1a: Metagross\n|-damage|p1a: Metagross|82\/100\n|\n|-heal|p1a: Metagross|88\/100|[from] item: Leftovers\n|-heal|p2a: Toxapex|88\/100|[from] item: Black Sludge\n|upkeep\n|turn|8\n|\n|t:|1700917276\n|switch|p2a: Charizard|Charizard, F|100\/100\n|move|p1a: Metagross|Iron Defense|p1a: Metagross\n|-boost|p1a: Metagross|def|2\n|\n|-heal|p1a: Metagross|94\/100|[from] item: Leftovers\n|upkeep\n|turn|9\n|\n|t:|1700917281\n|detailschange|p2a: Charizard|Charizard-Mega-Y, F\n|-mega|p2a: Charizard|Charizard|Charizardite Y\n|-weather|SunnyDay|[from] ability: Drought|[of] p2a: Charizard\n|move|p2a: Charizard|Fire Blast|p1a: Metagross\n|-supereffective|p1a: Metagross\n|-crit|p1a: Metagross\n|-damage|p1a: Metagross|0 fnt\n|faint|p1a: Metagross\n|\n|-weather|SunnyDay|[upkeep]\n|upkeep\n|-message|PPJ66MAS forfeited.\n|\n|win|Zersturer23\n|raw|PPJ66MAS's rating: 1060 &rarr; <strong>1043<\/strong><br \/>(-17 for losing)\n|raw|Zersturer23's rating: 1094 &rarr; <strong>1117<\/strong><br \/>(+23 for winning)\n|l|\u2606PPJ66MAS\n|c|\u2606Zersturer23|gg\n","uploadtime":1700917297,"views":1,"p1id":"ppj66mas","p2id":"zersturer23","formatid":"gen9nationaldex","rating":1043,"private":0,"password":""}