{"id":"gen9nationaldex-1988696753","p1":"TheSlowbroGuy","p2":"Aroma blade","format":"[Gen 9] National Dex","log":"|j|\u2606TheSlowbroGuy\n|j|\u2606Aroma blade\n|t:|1699751860\n|gametype|singles\n|player|p1|TheSlowbroGuy|wattson|1130\n|player|p2|Aroma blade|170|1133\n|teamsize|p1|6\n|teamsize|p2|6\n|gen|9\n|tier|[Gen 9] National Dex\n|rated|\n|rule|HP Percentage Mod: HP is shown in percentages\n|rule|Endless Battle Clause: Forcing endless battles is banned\n|rule|OHKO Clause: OHKO moves are banned\n|rule|Evasion Clause: Evasion abilities, items, and moves are banned\n|rule|Evasion Abilities Clause: Evasion abilities are banned\n|rule|Evasion Items Clause: Evasion items are banned\n|rule|Evasion Moves Clause: Evasion moves are banned\n|rule|Species Clause: Limit one of each Pok\u00e9mon\n|rule|Sleep Clause Mod: Limit one foe put to sleep\n|clearpoke\n|poke|p1|Zoroark-Hisui, M|\n|poke|p1|Incineroar, M|\n|poke|p1|Rillaboom, M|\n|poke|p1|Zeraora|\n|poke|p1|Pangoro, M|\n|poke|p1|Urshifu-*, M|\n|poke|p2|Decidueye, M|\n|poke|p2|Dragonite, M|\n|poke|p2|Rotom-Wash|\n|poke|p2|Excadrill, M|\n|poke|p2|Toxapex, F|\n|poke|p2|Sharpedo, M|\n|teampreview\n|inactive|Battle timer is ON: inactive players will automatically lose when time's up. (requested by TheSlowbroGuy)\n|\n|t:|1699751869\n|start\n|switch|p1a: Harder|Urshifu-Rapid-Strike, M|100\/100\n|switch|p2a: Drugged Owl|Decidueye, M|100\/100\n|turn|1\n|\n|t:|1699751890\n|move|p1a: Harder|U-turn|p2a: Drugged Owl\n|-damage|p2a: Drugged Owl|68\/100\n|\n|t:|1699751893\n|switch|p1a: Hot Daddy|Incineroar, M|100\/100|[from] U-turn\n|-ability|p1a: Hot Daddy|Intimidate|boost\n|-unboost|p2a: Drugged Owl|atk|1\n|move|p2a: Drugged Owl|Leaf Blade|p1a: Hot Daddy\n|-resisted|p1a: Hot Daddy\n|-damage|p1a: Hot Daddy|90\/100\n|\n|upkeep\n|turn|2\n|\n|t:|1699751901\n|switch|p2a: BANE|Toxapex, F|100\/100\n|move|p1a: Hot Daddy|U-turn|p2a: BANE\n|-resisted|p2a: BANE\n|-damage|p2a: BANE|96\/100\n|\n|t:|1699751911\n|switch|p1a: FurSuit|Zeraora|100\/100|[from] U-turn\n|-item|p1a: FurSuit|Air Balloon\n|\n|-heal|p2a: BANE|100\/100|[from] item: Black Sludge\n|upkeep\n|turn|3\n|\n|t:|1699751917\n|move|p1a: FurSuit|Calm Mind|p1a: FurSuit\n|-boost|p1a: FurSuit|spa|1\n|-boost|p1a: FurSuit|spd|1\n|move|p2a: BANE|Scald|p1a: FurSuit\n|-damage|p1a: FurSuit|85\/100\n|-enditem|p1a: FurSuit|Air Balloon\n|\n|upkeep\n|turn|4\n|\n|t:|1699751926\n|switch|p2a: Drugged Owl|Decidueye, M|68\/100\n|move|p1a: FurSuit|Thunderbolt|p2a: Drugged Owl\n|-resisted|p2a: Drugged Owl\n|-damage|p2a: Drugged Owl|42\/100\n|\n|upkeep\n|turn|5\n|\n|t:|1699751936\n|switch|p1a: Hot Daddy|Incineroar, M|90\/100\n|-ability|p1a: Hot Daddy|Intimidate|boost\n|-unboost|p2a: Drugged Owl|atk|1\n|-zpower|p2a: Drugged Owl\n|move|p2a: Drugged Owl|Sinister Arrow Raid|p1a: Hot Daddy|[zeffect]\n|-resisted|p1a: Hot Daddy\n|-damage|p1a: Hot Daddy|70\/100\n|\n|upkeep\n|turn|6\n|\n|t:|1699751945\n|move|p2a: Drugged Owl|Swords Dance|p2a: Drugged Owl\n|-boost|p2a: Drugged Owl|atk|2\n|move|p1a: Hot Daddy|Knock Off|p2a: Drugged Owl\n|-supereffective|p2a: Drugged Owl\n|-damage|p2a: Drugged Owl|0 fnt\n|faint|p2a: Drugged Owl\n|\n|upkeep\n|\n|t:|1699751954\n|switch|p2a: Hiroshima|Sharpedo, M|100\/100\n|turn|7\n|\n|t:|1699751959\n|switch|p1a: Nice Pecs|Rillaboom, M|100\/100\n|-fieldstart|move: Grassy Terrain|[from] ability: Grassy Surge|[of] p1a: Nice Pecs\n|move|p2a: Hiroshima|Protect||[still]\n|-fail|p2a: Hiroshima\n|\n|-ability|p2a: Hiroshima|Speed Boost|boost\n|-boost|p2a: Hiroshima|spe|1\n|upkeep\n|turn|8\n|\n|t:|1699751968\n|switch|p2a: BANE|Toxapex, F|100\/100\n|move|p1a: Nice Pecs|Grassy Glide|p2a: BANE\n|-damage|p2a: BANE|67\/100\n|-damage|p1a: Nice Pecs|91\/100|[from] item: Life Orb\n|\n|-heal|p1a: Nice Pecs|97\/100|[from] Grassy Terrain\n|-heal|p2a: BANE|74\/100|[from] Grassy Terrain\n|-heal|p2a: BANE|80\/100|[from] item: Black Sludge\n|upkeep\n|turn|9\n|\n|t:|1699751978\n|switch|p1a: FurSuit|Zeraora|85\/100\n|move|p2a: BANE|Scald|p1a: FurSuit\n|-damage|p1a: FurSuit|64\/100\n|-status|p1a: FurSuit|brn\n|\n|-heal|p1a: FurSuit|70\/100 brn|[from] Grassy Terrain\n|-heal|p2a: BANE|86\/100|[from] Grassy Terrain\n|-heal|p2a: BANE|92\/100|[from] item: Black Sludge\n|-damage|p1a: FurSuit|64\/100 brn|[from] brn\n|upkeep\n|turn|10\n|\n|t:|1699751983\n|move|p1a: FurSuit|Grass Knot|p2a: BANE\n|-damage|p2a: BANE|78\/100\n|move|p2a: BANE|Haze|p2a: BANE\n|-clearallboost\n|\n|-heal|p1a: FurSuit|70\/100 brn|[from] Grassy Terrain\n|-heal|p2a: BANE|85\/100|[from] Grassy Terrain\n|-heal|p2a: BANE|91\/100|[from] item: Black Sludge\n|-damage|p1a: FurSuit|64\/100 brn|[from] brn\n|upkeep\n|turn|11\n|\n|t:|1699751989\n|switch|p2a: Monty Mole Man|Excadrill, M|100\/100\n|-ability|p2a: Monty Mole Man|Mold Breaker\n|move|p1a: FurSuit|Thunderbolt|p2a: Monty Mole Man\n|-immune|p2a: Monty Mole Man\n|\n|-heal|p1a: FurSuit|70\/100 brn|[from] Grassy Terrain\n|-damage|p1a: FurSuit|64\/100 brn|[from] brn\n|-fieldend|move: Grassy Terrain\n|upkeep\n|turn|12\n|\n|t:|1699752010\n|move|p1a: FurSuit|Aura Sphere|p2a: Monty Mole Man\n|-supereffective|p2a: Monty Mole Man\n|-damage|p2a: Monty Mole Man|37\/100\n|move|p2a: Monty Mole Man|Earthquake|p1a: FurSuit\n|-supereffective|p1a: FurSuit\n|-damage|p1a: FurSuit|0 fnt\n|faint|p1a: FurSuit\n|\n|-heal|p2a: Monty Mole Man|43\/100|[from] item: Leftovers\n|upkeep\n|\n|t:|1699752021\n|switch|p1a: Nice Pecs|Rillaboom, M|97\/100\n|-fieldstart|move: Grassy Terrain|[from] ability: Grassy Surge|[of] p1a: Nice Pecs\n|turn|13\n|\n|t:|1699752028\n|move|p2a: Monty Mole Man|Stealth Rock|p1a: Nice Pecs\n|-sidestart|p1: TheSlowbroGuy|move: Stealth Rock\n|move|p1a: Nice Pecs|Wood Hammer|p2a: Monty Mole Man\n|-damage|p2a: Monty Mole Man|0 fnt\n|faint|p2a: Monty Mole Man\n|-damage|p1a: Nice Pecs|84\/100|[from] Recoil\n|-damage|p1a: Nice Pecs|75\/100|[from] item: Life Orb\n|\n|-heal|p1a: Nice Pecs|81\/100|[from] Grassy Terrain\n|upkeep\n|\n|t:|1699752039\n|switch|p2a: i give cuddles|Dragonite, M|100\/100\n|turn|14\n|\n|t:|1699752043\n|move|p2a: i give cuddles|Dual Wingbeat|p1a: Nice Pecs\n|-supereffective|p1a: Nice Pecs\n|-damage|p1a: Nice Pecs|26\/100\n|-supereffective|p1a: Nice Pecs\n|-damage|p1a: Nice Pecs|0 fnt\n|faint|p1a: Nice Pecs\n|-hitcount|p1: Nice Pecs|2\n|\n|upkeep\n|\n|t:|1699752048\n|switch|p1a: Hot Daddy|Incineroar, M|70\/100\n|-damage|p1a: Hot Daddy|45\/100|[from] Stealth Rock\n|-ability|p1a: Hot Daddy|Intimidate|boost\n|-unboost|p2a: i give cuddles|atk|1\n|turn|15\n|\n|t:|1699752056\n|switch|p2a: BANE|Toxapex, F|100\/100\n|move|p1a: Hot Daddy|Fake Out|p2a: BANE\n|-damage|p2a: BANE|94\/100\n|\n|-heal|p1a: Hot Daddy|52\/100|[from] Grassy Terrain\n|-heal|p2a: BANE|99\/100|[from] Grassy Terrain\n|-heal|p2a: BANE|100\/100|[from] item: Black Sludge\n|upkeep\n|turn|16\n|\n|t:|1699752061\n|move|p1a: Hot Daddy|Knock Off|p2a: BANE\n|-damage|p2a: BANE|76\/100\n|-enditem|p2a: BANE|Black Sludge|[from] move: Knock Off|[of] p1a: Hot Daddy\n|move|p2a: BANE|Scald|p1a: Hot Daddy\n|-supereffective|p1a: Hot Daddy\n|-damage|p1a: Hot Daddy|30\/100\n|\n|-heal|p1a: Hot Daddy|36\/100|[from] Grassy Terrain\n|-heal|p2a: BANE|82\/100|[from] Grassy Terrain\n|upkeep\n|turn|17\n|\n|t:|1699752070\n|move|p1a: Hot Daddy|U-turn|p2a: BANE\n|-resisted|p2a: BANE\n|-damage|p2a: BANE|76\/100\n|\n|t:|1699752077\n|switch|p1a: Furry Bear|Pangoro, M|100\/100|[from] U-turn\n|move|p2a: BANE|Scald|p1a: Furry Bear\n|-damage|p1a: Furry Bear|69\/100\n|-status|p1a: Furry Bear|brn\n|replace|p1a: Edgy Boi|Zoroark-Hisui, M, shiny\n|-end|p1a: Edgy Boi|Illusion\n|\n|-heal|p1a: Edgy Boi|75\/100 brn|[from] Grassy Terrain\n|-heal|p2a: BANE|82\/100|[from] Grassy Terrain\n|-damage|p1a: Edgy Boi|69\/100 brn|[from] brn\n|-fieldend|move: Grassy Terrain\n|upkeep\n|turn|18\n|\n|t:|1699752088\n|switch|p2a: IDrinkBleach|Rotom-Wash|100\/100\n|move|p1a: Edgy Boi|Nasty Plot|p1a: Edgy Boi\n|-boost|p1a: Edgy Boi|spa|2\n|\n|-damage|p1a: Edgy Boi|63\/100 brn|[from] brn\n|upkeep\n|turn|19\n|\n|t:|1699752095\n|move|p1a: Edgy Boi|Shadow Ball|p2a: IDrinkBleach\n|-damage|p2a: IDrinkBleach|41\/100\n|move|p2a: IDrinkBleach|Volt Switch|p1a: Edgy Boi\n|-damage|p1a: Edgy Boi|15\/100 brn\n|\n|t:|1699752100\n|switch|p2a: Hiroshima|Sharpedo, M|100\/100|[from] Volt Switch\n|\n|-damage|p1a: Edgy Boi|9\/100 brn|[from] brn\n|upkeep\n|turn|20\n|\n|t:|1699752111\n|switch|p1a: Harder|Urshifu-Rapid-Strike, M|100\/100\n|-damage|p1a: Harder|94\/100|[from] Stealth Rock\n|move|p2a: Hiroshima|Protect||[still]\n|-fail|p2a: Hiroshima\n|\n|-ability|p2a: Hiroshima|Speed Boost|boost\n|-boost|p2a: Hiroshima|spe|1\n|upkeep\n|turn|21\n|\n|t:|1699752119\n|switch|p2a: BANE|Toxapex, F|100\/100\n|move|p1a: Harder|Close Combat|p2a: BANE\n|-resisted|p2a: BANE\n|-crit|p2a: BANE\n|-damage|p2a: BANE|71\/100\n|-unboost|p1a: Harder|def|1\n|-unboost|p1a: Harder|spd|1\n|\n|upkeep\n|turn|22\n|-message|TheSlowbroGuy forfeited.\n|\n|win|Aroma blade\n|raw|TheSlowbroGuy's rating: 1130 &rarr; <strong>1105<\/strong><br \/>(-25 for losing)\n|raw|Aroma blade's rating: 1133 &rarr; <strong>1158<\/strong><br \/>(+25 for winning)\n|l|\u2606TheSlowbroGuy\n|c|\u2606Aroma blade|gg\n","uploadtime":1699752133,"views":22,"p1id":"theslowbroguy","p2id":"aromablade","formatid":"gen9nationaldex","rating":1105,"private":0,"password":""}