{"id":"gen9nationaldex-1996693520","p1":"830r","p2":"IceBerryCoffee","format":"[Gen 9] National Dex","log":"|html|<div class=\"broadcast-blue\"><strong>[Gen 9] National Dex is currently suspecting Sneasler! For information on how to participate check out the <a href=\"https:\/\/www.smogon.com\/forums\/threads\/sv-national-dex-suspect-8-just-dance.3731534\/\">suspect thread<\/a>.<\/strong><\/div>\n|j|\u2606830r\n|j|\u2606IceBerryCoffee\n|t:|1700710572\n|gametype|singles\n|player|p1|830r|veteran|1333\n|player|p2|IceBerryCoffee|169|1333\n|teamsize|p1|6\n|teamsize|p2|6\n|gen|9\n|tier|[Gen 9] National Dex\n|rated|\n|rule|HP Percentage Mod: HP is shown in percentages\n|rule|Endless Battle Clause: Forcing endless battles is banned\n|rule|OHKO Clause: OHKO moves are banned\n|rule|Evasion Clause: Evasion abilities, items, and moves are banned\n|rule|Evasion Abilities Clause: Evasion abilities are banned\n|rule|Evasion Items Clause: Evasion items are banned\n|rule|Evasion Moves Clause: Evasion moves are banned\n|rule|Species Clause: Limit one of each Pok\u00e9mon\n|rule|Sleep Clause Mod: Limit one foe put to sleep\n|clearpoke\n|poke|p1|Toxapex, F|\n|poke|p1|Celesteela|\n|poke|p1|Garganacl, F|\n|poke|p1|Clodsire, F|\n|poke|p1|Clefable, F|\n|poke|p1|Forretress, F|\n|poke|p2|Maushold-Four|\n|poke|p2|Empoleon, M|\n|poke|p2|Conkeldurr, M|\n|poke|p2|Typhlosion-Hisui, F|\n|poke|p2|Mawile, M|\n|poke|p2|Munkidori, M|\n|teampreview\n|inactive|Battle timer is ON: inactive players will automatically lose when time's up. (requested by 830r)\n|\n|t:|1700710592\n|start\n|switch|p1a: Garganacl|Garganacl, F|100\/100\n|switch|p2a: Munkidori|Munkidori, M|100\/100\n|turn|1\n|\n|t:|1700710599\n|-terastallize|p1a: Garganacl|Ghost\n|move|p2a: Munkidori|Parting Shot|p1a: Garganacl\n|-unboost|p1a: Garganacl|atk|1\n|-unboost|p1a: Garganacl|spa|1\n|\n|t:|1700710606\n|switch|p2a: Empoleon|Empoleon, M|100\/100|[from] Parting Shot\n|move|p1a: Garganacl|Substitute|p1a: Garganacl\n|-start|p1a: Garganacl|Substitute\n|-damage|p1a: Garganacl|75\/100\n|\n|-heal|p1a: Garganacl|82\/100|[from] item: Leftovers\n|upkeep\n|turn|2\n|\n|t:|1700710613\n|move|p2a: Empoleon|Surf|p1a: Garganacl\n|-activate|p1a: Garganacl|move: Substitute|[damage]\n|move|p1a: Garganacl|Salt Cure|p2a: Empoleon\n|-resisted|p2a: Empoleon\n|-damage|p2a: Empoleon|96\/100\n|-start|p2a: Empoleon|Salt Cure\n|\n|-heal|p2a: Empoleon|100\/100|[from] item: Leftovers\n|-heal|p1a: Garganacl|88\/100|[from] item: Leftovers\n|-damage|p2a: Empoleon|75\/100|[from] Salt Cure\n|upkeep\n|turn|3\n|\n|t:|1700710627\n|move|p2a: Empoleon|Surf|p1a: Garganacl\n|-end|p1a: Garganacl|Substitute\n|move|p1a: Garganacl|Substitute|p1a: Garganacl\n|-start|p1a: Garganacl|Substitute\n|-damage|p1a: Garganacl|63\/100\n|\n|-heal|p2a: Empoleon|82\/100|[from] item: Leftovers\n|-heal|p1a: Garganacl|69\/100|[from] item: Leftovers\n|-damage|p2a: Empoleon|57\/100|[from] Salt Cure\n|upkeep\n|turn|4\n|\n|t:|1700710638\n|move|p2a: Empoleon|Flip Turn|p1a: Garganacl\n|-activate|p1a: Garganacl|move: Substitute|[damage]\n|inactive|IceBerryCoffee has 120 seconds left.\n|\n|t:|1700710664\n|switch|p2a: Mawile|Mawile, M|100\/100|[from] Flip Turn\n|-ability|p2a: Mawile|Intimidate|boost\n|-immune|p1a: Garganacl\n|move|p1a: Garganacl|Body Press|p2a: Mawile\n|-damage|p2a: Mawile|62\/100\n|\n|-heal|p1a: Garganacl|75\/100|[from] item: Leftovers\n|upkeep\n|turn|5\n|inactive|IceBerryCoffee has 120 seconds left.\n|\n|t:|1700710675\n|detailschange|p2a: Mawile|Mawile-Mega, M\n|-mega|p2a: Mawile|Mawile|Mawilite\n|move|p2a: Mawile|Play Rough|p1a: Garganacl\n|-end|p1a: Garganacl|Substitute\n|move|p1a: Garganacl|Salt Cure|p2a: Mawile\n|-resisted|p2a: Mawile\n|-damage|p2a: Mawile|57\/100\n|-start|p2a: Mawile|Salt Cure\n|\n|-heal|p1a: Garganacl|81\/100|[from] item: Leftovers\n|-damage|p2a: Mawile|32\/100|[from] Salt Cure\n|upkeep\n|turn|6\n|inactive|IceBerryCoffee has 120 seconds left.\n|\n|t:|1700710687\n|switch|p1a: Toxapex|Toxapex, F, shiny|100\/100\n|move|p2a: Mawile|Play Rough|p1a: Toxapex\n|-resisted|p1a: Toxapex\n|-damage|p1a: Toxapex|69\/100\n|\n|-heal|p1a: Toxapex|75\/100|[from] item: Black Sludge\n|-damage|p2a: Mawile|7\/100|[from] Salt Cure\n|upkeep\n|turn|7\n|\n|t:|1700710696\n|move|p1a: Toxapex|Baneful Bunker|p1a: Toxapex\n|-singleturn|p1a: Toxapex|move: Protect\n|move|p2a: Mawile|Thunder Punch|p1a: Toxapex\n|-activate|p1a: Toxapex|move: Protect\n|\n|-heal|p1a: Toxapex|81\/100|[from] item: Black Sludge\n|-damage|p2a: Mawile|0 fnt|[from] Salt Cure\n|faint|p2a: Mawile\n|upkeep\n|inactive|IceBerryCoffee has 120 seconds left.\n|\n|t:|1700710707\n|switch|p2a: Munkidori|Munkidori, M|100\/100\n|turn|8\n|\n|t:|1700710718\n|move|p2a: Munkidori|Psyshock|p1a: Toxapex\n|-supereffective|p1a: Toxapex\n|-damage|p1a: Toxapex|24\/100\n|move|p1a: Toxapex|Infestation|p2a: Munkidori\n|-damage|p2a: Munkidori|97\/100\n|-activate|p2a: Munkidori|move: Infestation|[of] p1a: Toxapex\n|\n|-heal|p1a: Toxapex|30\/100|[from] item: Black Sludge\n|-damage|p2a: Munkidori|84\/100|[from] move: Infestation|[partiallytrapped]\n|upkeep\n|turn|9\n|\n|t:|1700710727\n|switch|p1a: Garganacl|Garganacl, F, tera:Ghost|81\/100\n|move|p2a: Munkidori|Psyshock|p1a: Garganacl\n|-damage|p1a: Garganacl|54\/100\n|\n|-heal|p1a: Garganacl|61\/100|[from] item: Leftovers\n|-end|p2a: Munkidori|Infestation|[partiallytrapped]|[silent]\n|upkeep\n|turn|10\n|\n|t:|1700710736\n|switch|p2a: Conkeldurr|Conkeldurr, M|100\/100\n|move|p1a: Garganacl|Recover|p1a: Garganacl\n|-heal|p1a: Garganacl|100\/100\n|\n|-status|p2a: Conkeldurr|brn|[from] item: Flame Orb\n|upkeep\n|turn|11\n|\n|t:|1700710743\n|move|p2a: Conkeldurr|Knock Off|p1a: Garganacl\n|-supereffective|p1a: Garganacl\n|-damage|p1a: Garganacl|18\/100\n|-enditem|p1a: Garganacl|Leftovers|[from] move: Knock Off|[of] p2a: Conkeldurr\n|move|p1a: Garganacl|Salt Cure|p2a: Conkeldurr\n|-resisted|p2a: Conkeldurr\n|-damage|p2a: Conkeldurr|94\/100 brn\n|-start|p2a: Conkeldurr|Salt Cure\n|\n|-damage|p2a: Conkeldurr|87\/100 brn|[from] brn\n|-damage|p2a: Conkeldurr|75\/100 brn|[from] Salt Cure\n|upkeep\n|turn|12\n|\n|t:|1700710756\n|switch|p1a: Toxapex|Toxapex, F, shiny|63\/100\n|move|p2a: Conkeldurr|Knock Off|p1a: Toxapex\n|-damage|p1a: Toxapex|20\/100\n|-enditem|p1a: Toxapex|Black Sludge|[from] move: Knock Off|[of] p2a: Conkeldurr\n|\n|-damage|p2a: Conkeldurr|69\/100 brn|[from] brn\n|-damage|p2a: Conkeldurr|56\/100 brn|[from] Salt Cure\n|upkeep\n|turn|13\n|\n|t:|1700710767\n|switch|p1a: Garganacl|Garganacl, F, tera:Ghost|18\/100\n|move|p2a: Conkeldurr|Knock Off|p1a: Garganacl\n|-supereffective|p1a: Garganacl\n|-damage|p1a: Garganacl|0 fnt\n|faint|p1a: Garganacl\n|\n|-damage|p2a: Conkeldurr|50\/100 brn|[from] brn\n|-damage|p2a: Conkeldurr|38\/100 brn|[from] Salt Cure\n|upkeep\n|\n|t:|1700710772\n|switch|p1a: Toxapex|Toxapex, F, shiny|53\/100\n|turn|14\n|\n|t:|1700710779\n|move|p1a: Toxapex|Baneful Bunker|p1a: Toxapex\n|-singleturn|p1a: Toxapex|move: Protect\n|move|p2a: Conkeldurr|Facade|p1a: Toxapex\n|-activate|p1a: Toxapex|move: Protect\n|\n|-damage|p2a: Conkeldurr|32\/100 brn|[from] brn\n|-damage|p2a: Conkeldurr|19\/100 brn|[from] Salt Cure\n|upkeep\n|turn|15\n|\n|t:|1700710788\n|move|p2a: Conkeldurr|Facade|p1a: Toxapex\n|-damage|p1a: Toxapex|0 fnt\n|faint|p1a: Toxapex\n|\n|-damage|p2a: Conkeldurr|13\/100 brn|[from] brn\n|-damage|p2a: Conkeldurr|1\/100 brn|[from] Salt Cure\n|upkeep\n|\n|t:|1700710796\n|switch|p1a: Clefable|Clefable, F|100\/100\n|turn|16\n|\n|t:|1700710799\n|move|p2a: Conkeldurr|Facade|p1a: Clefable\n|-damage|p1a: Clefable|20\/100\n|move|p1a: Clefable|Cosmic Power|p1a: Clefable\n|-boost|p1a: Clefable|def|1\n|-boost|p1a: Clefable|spd|1\n|\n|-heal|p1a: Clefable|26\/100|[from] item: Leftovers\n|-damage|p2a: Conkeldurr|0 fnt|[from] brn\n|faint|p2a: Conkeldurr\n|upkeep\n|\n|t:|1700710812\n|switch|p2a: Typhlosion|Typhlosion-Hisui, F|100\/100\n|-item|p1a: Clefable|Leftovers|[from] ability: Frisk|[of] p2a: Typhlosion|[identify]\n|turn|17\n|\n|t:|1700710819\n|-terastallize|p2a: Typhlosion|Fire\n|move|p2a: Typhlosion|Eruption|p1a: Clefable\n|-damage|p1a: Clefable|0 fnt\n|faint|p1a: Clefable\n|\n|upkeep\n|\n|t:|1700710826\n|switch|p1a: Clodsire|Clodsire, F, shiny|100\/100\n|turn|18\n|\n|t:|1700710829\n|switch|p2a: Empoleon|Empoleon, M|57\/100\n|move|p1a: Clodsire|Toxic|p2a: Empoleon\n|-immune|p2a: Empoleon\n|\n|-heal|p2a: Empoleon|63\/100|[from] item: Leftovers\n|upkeep\n|turn|19\n|\n|t:|1700710836\n|switch|p1a: Celesteela|Celesteela|100\/100\n|move|p2a: Empoleon|Surf|p1a: Celesteela\n|-damage|p1a: Celesteela|78\/100\n|\n|-heal|p1a: Celesteela|84\/100|[from] item: Leftovers\n|-heal|p2a: Empoleon|69\/100|[from] item: Leftovers\n|upkeep\n|turn|20\n|\n|t:|1700710844\n|move|p1a: Celesteela|Substitute|p1a: Celesteela\n|-start|p1a: Celesteela|Substitute\n|-damage|p1a: Celesteela|60\/100\n|move|p2a: Empoleon|Flip Turn|p1a: Celesteela\n|-activate|p1a: Celesteela|move: Substitute|[damage]\n|\n|t:|1700710849\n|switch|p2a: Maushold|Maushold-Four|100\/100|[from] Flip Turn\n|\n|-heal|p1a: Celesteela|66\/100|[from] item: Leftovers\n|upkeep\n|turn|21\n|\n|t:|1700710856\n|move|p2a: Maushold|Population Bomb|p1a: Celesteela\n|-resisted|p1a: Celesteela\n|-activate|p1a: Celesteela|move: Substitute|[damage]\n|-resisted|p1a: Celesteela\n|-activate|p1a: Celesteela|move: Substitute|[damage]\n|-resisted|p1a: Celesteela\n|-end|p1a: Celesteela|Substitute\n|-resisted|p1a: Celesteela\n|-damage|p1a: Celesteela|61\/100\n|-resisted|p1a: Celesteela\n|-damage|p1a: Celesteela|57\/100\n|-resisted|p1a: Celesteela\n|-damage|p1a: Celesteela|53\/100\n|-resisted|p1a: Celesteela\n|-damage|p1a: Celesteela|49\/100\n|-resisted|p1a: Celesteela\n|-damage|p1a: Celesteela|45\/100\n|-resisted|p1a: Celesteela\n|-damage|p1a: Celesteela|41\/100\n|-resisted|p1a: Celesteela\n|-damage|p1a: Celesteela|37\/100\n|-hitcount|p1a: Celesteela|10\n|move|p1a: Celesteela|Leech Seed|p2a: Maushold\n|-start|p2a: Maushold|move: Leech Seed\n|\n|-heal|p1a: Celesteela|43\/100|[from] item: Leftovers\n|-damage|p2a: Maushold|88\/100|[from] Leech Seed|[of] p1a: Celesteela\n|-heal|p1a: Celesteela|52\/100|[silent]\n|upkeep\n|turn|22\n|\n|t:|1700710877\n|switch|p1a: Forretress|Forretress, F|100\/100\n|move|p2a: Maushold|Encore||[still]\n|-fail|p2a: Maushold\n|\n|-damage|p2a: Maushold|76\/100|[from] Leech Seed|[of] p1a: Forretress\n|upkeep\n|turn|23\n|\n|t:|1700710885\n|switch|p2a: Empoleon|Empoleon, M|69\/100\n|move|p1a: Forretress|Toxic Spikes|p2a: Empoleon\n|-sidestart|p2: IceBerryCoffee|move: Toxic Spikes\n|\n|-heal|p2a: Empoleon|75\/100|[from] item: Leftovers\n|upkeep\n|turn|24\n|\n|t:|1700710891\n|move|p2a: Empoleon|Surf|p1a: Forretress\n|-damage|p1a: Forretress|71\/100\n|move|p1a: Forretress|Toxic Spikes|p2a: Empoleon\n|-sidestart|p2: IceBerryCoffee|move: Toxic Spikes\n|\n|-heal|p2a: Empoleon|81\/100|[from] item: Leftovers\n|-heal|p1a: Forretress|77\/100|[from] item: Leftovers\n|upkeep\n|turn|25\n|\n|t:|1700710898\n|move|p2a: Empoleon|Surf|p1a: Forretress\n|-damage|p1a: Forretress|46\/100\n|move|p1a: Forretress|Stealth Rock|p2a: Empoleon\n|-sidestart|p2: IceBerryCoffee|move: Stealth Rock\n|\n|-heal|p2a: Empoleon|88\/100|[from] item: Leftovers\n|-heal|p1a: Forretress|52\/100|[from] item: Leftovers\n|upkeep\n|turn|26\n|\n|t:|1700710904\n|move|p2a: Empoleon|Surf|p1a: Forretress\n|-damage|p1a: Forretress|19\/100\n|move|p1a: Forretress|Spikes|p2a: Empoleon\n|-sidestart|p2: IceBerryCoffee|Spikes\n|\n|-heal|p2a: Empoleon|94\/100|[from] item: Leftovers\n|-heal|p1a: Forretress|25\/100|[from] item: Leftovers\n|upkeep\n|turn|27\n|\n|t:|1700710911\n|move|p2a: Empoleon|Surf|p1a: Forretress\n|-damage|p1a: Forretress|0 fnt\n|faint|p1a: Forretress\n|\n|-heal|p2a: Empoleon|99\/100|[from] item: Leftovers\n|upkeep\n|\n|t:|1700710914\n|switch|p1a: Celesteela|Celesteela|52\/100\n|turn|28\n|\n|t:|1700710918\n|move|p1a: Celesteela|Leech Seed|p2a: Empoleon\n|-start|p2a: Empoleon|move: Leech Seed\n|move|p2a: Empoleon|Surf|p1a: Celesteela\n|-damage|p1a: Celesteela|27\/100\n|\n|-heal|p1a: Celesteela|33\/100|[from] item: Leftovers\n|-heal|p2a: Empoleon|100\/100|[from] item: Leftovers\n|-damage|p2a: Empoleon|88\/100|[from] Leech Seed|[of] p1a: Celesteela\n|-heal|p1a: Celesteela|45\/100|[silent]\n|upkeep\n|turn|29\n|\n|t:|1700710929\n|switch|p2a: Maushold|Maushold-Four|76\/100\n|-status|p2a: Maushold|tox\n|-damage|p2a: Maushold|63\/100 tox|[from] Stealth Rock\n|-damage|p2a: Maushold|51\/100 tox|[from] Spikes\n|move|p1a: Celesteela|Heavy Slam|p2a: Maushold\n|-damage|p2a: Maushold|0 fnt\n|faint|p2a: Maushold\n|-ability|p1a: Celesteela|Beast Boost|boost\n|-boost|p1a: Celesteela|spd|1\n|\n|-heal|p1a: Celesteela|51\/100|[from] item: Leftovers\n|upkeep\n|inactive|IceBerryCoffee has 120 seconds left.\n|\n|t:|1700710954\n|switch|p2a: Typhlosion|Typhlosion-Hisui, F, tera:Fire|100\/100\n|-status|p2a: Typhlosion|tox\n|-damage|p2a: Typhlosion|76\/100 tox|[from] Stealth Rock\n|-damage|p2a: Typhlosion|64\/100 tox|[from] Spikes\n|-item|p1a: Celesteela|Leftovers|[from] ability: Frisk|[of] p2a: Typhlosion|[identify]\n|turn|30\n|\n|t:|1700710962\n|move|p2a: Typhlosion|Flamethrower|p1a: Celesteela\n|-supereffective|p1a: Celesteela\n|-damage|p1a: Celesteela|0 fnt\n|faint|p1a: Celesteela\n|\n|-damage|p2a: Typhlosion|58\/100 tox|[from] psn\n|upkeep\n|-message|830r forfeited.\n|\n|win|IceBerryCoffee\n|raw|830r's rating: 1333 &rarr; <strong>1313<\/strong><br \/>(-20 for losing)\n|raw|IceBerryCoffee's rating: 1333 &rarr; <strong>1353<\/strong><br \/>(+20 for winning)\n|l|\u2606830r\n","uploadtime":1700710975,"views":2,"p1id":"830r","p2id":"iceberrycoffee","formatid":"gen9nationaldex","rating":1313,"private":0,"password":""}