{"id":"gen9nationaldex-1993587684","p1":"Leviatan4","p2":"xCookieBallx","format":"[Gen 9] National Dex","log":"|j|\u2606Leviatan4\n|j|\u2606xCookieBallx\n|t:|1700334780\n|gametype|singles\n|player|p1|Leviatan4|scientist-gen4dp|\n|player|p2|xCookieBallx|marnie-league|\n|teamsize|p1|6\n|teamsize|p2|6\n|gen|9\n|tier|[Gen 9] National Dex\n|rule|HP Percentage Mod: HP is shown in percentages\n|rule|Endless Battle Clause: Forcing endless battles is banned\n|rule|OHKO Clause: OHKO moves are banned\n|rule|Evasion Clause: Evasion abilities, items, and moves are banned\n|rule|Evasion Abilities Clause: Evasion abilities are banned\n|rule|Evasion Items Clause: Evasion items are banned\n|rule|Evasion Moves Clause: Evasion moves are banned\n|rule|Species Clause: Limit one of each Pok\u00e9mon\n|rule|Sleep Clause Mod: Limit one foe put to sleep\n|clearpoke\n|poke|p1|Scizor, F|\n|poke|p1|Lokix, M|\n|poke|p1|Volcarona, M|\n|poke|p1|Forretress, F|\n|poke|p1|Heracross, F|\n|poke|p1|Yanmega, F|\n|poke|p2|Cetitan, M|\n|poke|p2|Ninetales-Alola, M|\n|poke|p2|Mamoswine, M|\n|poke|p2|Kyurem|\n|poke|p2|Glastrier|\n|poke|p2|Frosmoth, F|\n|teampreview\n|c|\u2606xCookieBallx|Que\n|c|\u2606xCookieBallx|Mono bicho xd?\n|c|\u2606Leviatan4|Si B)\n|\n|t:|1700334812\n|start\n|switch|p1a: Cannonball|Forretress, F|100\/100\n|switch|p2a: Barney|Cetitan, M|100\/100\n|turn|1\n|\n|t:|1700334821\n|move|p2a: Barney|Knock Off|p1a: Cannonball\n|-damage|p1a: Cannonball|79\/100\n|-enditem|p1a: Cannonball|Custap Berry|[from] move: Knock Off|[of] p2a: Barney\n|move|p1a: Cannonball|Spikes|p2a: Barney\n|-sidestart|p2: xCookieBallx|Spikes\n|\n|upkeep\n|turn|2\n|\n|t:|1700334826\n|-terastallize|p2a: Barney|Fire\n|move|p2a: Barney|Tera Blast|p1a: Cannonball|[anim] Tera Blast Fire\n|-supereffective|p1a: Cannonball\n|-damage|p1a: Cannonball|0 fnt\n|faint|p1a: Cannonball\n|\n|upkeep\n|c|\u2606Leviatan4|:o\n|\n|t:|1700334842\n|switch|p1a: Flash|Lokix, M|100\/100\n|turn|3\n|\n|t:|1700334852\n|move|p1a: Flash|First Impression|p2a: Barney\n|-resisted|p2a: Barney\n|-damage|p2a: Barney|44\/100\n|-damage|p1a: Flash|91\/100|[from] item: Life Orb\n|move|p2a: Barney|Tera Blast|p1a: Flash|[anim] Tera Blast Fire\n|-supereffective|p1a: Flash\n|-damage|p1a: Flash|0 fnt\n|faint|p1a: Flash\n|\n|upkeep\n|c|\u2606Leviatan4|:o\n|\n|t:|1700334870\n|switch|p1a: Yanmega|Yanmega, F|100\/100\n|turn|4\n|\n|t:|1700334874\n|move|p1a: Yanmega|Ancient Power|p2a: Barney\n|-supereffective|p2a: Barney\n|-damage|p2a: Barney|0 fnt\n|faint|p2a: Barney\n|\n|-ability|p1a: Yanmega|Speed Boost|boost\n|-boost|p1a: Yanmega|spe|1\n|upkeep\n|\n|t:|1700334876\n|switch|p2a: Yukio|Ninetales-Alola, M|100\/100\n|-damage|p2a: Yukio|88\/100|[from] Spikes\n|-weather|Snow|[from] ability: Snow Warning|[of] p2a: Yukio\n|turn|5\n|j| WSoldat\n|c| WSoldat|Jajajajaj de mataron al barney\n|c|\u2606xCookieBallx|-sperando-}\n|c| WSoldat|Che, revivan\n|inactive|Battle timer is ON: inactive players will automatically lose when time's up. (requested by xCookieBallx)\n|inactive|Leviatan4 has 270 seconds left.\n|l| WSoldat\n|inactive|Leviatan4 has 240 seconds left.\n|j| WSoldat\n|inactive|Leviatan4 has 210 seconds left.\n|l| WSoldat\n|inactive|Leviatan4 has 180 seconds left.\n|\n|t:|1700335188\n|move|p1a: Yanmega|Psychic|p2a: Yukio\n|-damage|p2a: Yukio|53\/100\n|move|p2a: Yukio|Aurora Veil|p2a: Yukio\n|-sidestart|p2: xCookieBallx|move: Aurora Veil\n|\n|-weather|Snow|[upkeep]\n|-ability|p1a: Yanmega|Speed Boost|boost\n|-boost|p1a: Yanmega|spe|1\n|upkeep\n|turn|6\n|inactive|xCookieBallx has 270 seconds left.\n|\n|t:|1700335235\n|move|p1a: Yanmega|Ancient Power|p2a: Yukio\n|-supereffective|p2a: Yukio\n|-damage|p2a: Yukio|29\/100\n|move|p2a: Yukio|Blizzard|p1a: Yanmega\n|-supereffective|p1a: Yanmega\n|-damage|p1a: Yanmega|0 fnt\n|faint|p1a: Yanmega\n|\n|-weather|Snow|[upkeep]\n|upkeep\n|inactive|Leviatan4 has 210 seconds left.\n|inactive|Leviatan4 has 180 seconds left.\n|\n|t:|1700335297\n|switch|p1a: New One|Scizor, F|100\/100\n|turn|7\n|\n|t:|1700335326\n|detailschange|p1a: New One|Scizor-Mega, F\n|-mega|p1a: New One|Scizor|Scizorite\n|move|p2a: Yukio|Blizzard|p1a: New One\n|-resisted|p1a: New One\n|-damage|p1a: New One|78\/100\n|move|p1a: New One|Swords Dance|p1a: New One\n|-boost|p1a: New One|atk|2\n|\n|-weather|Snow|[upkeep]\n|upkeep\n|turn|8\n|inactive|Leviatan4 has 180 seconds left.\n|\n|t:|1700335335\n|move|p1a: New One|Bullet Punch|p2a: Yukio\n|-supereffective|p2a: Yukio\n|-damage|p2a: Yukio|0 fnt\n|faint|p2a: Yukio\n|\n|-weather|Snow|[upkeep]\n|upkeep\n|inactive|xCookieBallx has 240 seconds left.\n|\n|t:|1700335369\n|switch|p2a: Erago|Kyurem|100\/100\n|-damage|p2a: Erago|88\/100|[from] Spikes\n|-ability|p2a: Erago|Pressure\n|turn|9\n|inactive|Leviatan4 has 180 seconds left.\n|j| WSoldat\n|inactive|Leviatan4 has 150 seconds left.\n|\n|t:|1700335417\n|move|p1a: New One|Bullet Punch|p2a: Erago\n|-supereffective|p2a: Erago\n|-damage|p2a: Erago|55\/100\n|move|p2a: Erago|Earth Power|p1a: New One\n|-damage|p1a: New One|48\/100\n|\n|-weather|none\n|upkeep\n|turn|10\n|inactive|Leviatan4 has 150 seconds left.\n|inactive|xCookieBallx has 240 seconds left.\n|inactive|Leviatan4 has 120 seconds left.\n|\n|t:|1700335472\n|move|p1a: New One|Bullet Punch|p2a: Erago\n|-supereffective|p2a: Erago\n|-damage|p2a: Erago|5\/100\n|move|p2a: Erago|Ice Beam|p1a: New One\n|-resisted|p1a: New One\n|-damage|p1a: New One|24\/100\n|\n|upkeep\n|turn|11\n|inactive|xCookieBallx has 210 seconds left.\n|\n|t:|1700335492\n|move|p1a: New One|Bullet Punch|p2a: Erago\n|-supereffective|p2a: Erago\n|-damage|p2a: Erago|0 fnt\n|faint|p2a: Erago\n|\n|upkeep\n|\n|t:|1700335494\n|switch|p2a: Cyclone|Glastrier|100\/100\n|-damage|p2a: Cyclone|88\/100|[from] Spikes\n|turn|12\n|inactive|Leviatan4 has 120 seconds left.\n|\n|t:|1700335501\n|move|p1a: New One|Bullet Punch|p2a: Cyclone\n|-supereffective|p2a: Cyclone\n|-damage|p2a: Cyclone|46\/100\n|move|p2a: Cyclone|Body Press|p1a: New One\n|-damage|p1a: New One|2\/100\n|\n|-sideend|p2: xCookieBallx|move: Aurora Veil\n|upkeep\n|turn|13\n|\n|t:|1700335508\n|move|p1a: New One|Bullet Punch|p2a: Cyclone\n|-supereffective|p2a: Cyclone\n|-damage|p2a: Cyclone|0 fnt\n|faint|p2a: Cyclone\n|\n|upkeep\n|\n|t:|1700335510\n|switch|p2a: Online|Mamoswine, M|100\/100\n|-damage|p2a: Online|88\/100|[from] Spikes\n|turn|14\n|\n|t:|1700335515\n|move|p2a: Online|Ice Shard|p1a: New One\n|-resisted|p1a: New One\n|-damage|p1a: New One|0 fnt\n|faint|p1a: New One\n|\n|upkeep\n|\n|t:|1700335529\n|switch|p1a: Ra|Volcarona, M, shiny|100\/100\n|turn|15\n|\n|t:|1700335538\n|switch|p2a: Eva|Frosmoth, F|100\/100\n|move|p1a: Ra|Quiver Dance|p1a: Ra\n|-boost|p1a: Ra|spa|1\n|-boost|p1a: Ra|spd|1\n|-boost|p1a: Ra|spe|1\n|\n|upkeep\n|turn|16\n|\n|t:|1700335552\n|move|p1a: Ra|Quiver Dance|p1a: Ra\n|-boost|p1a: Ra|spa|1\n|-boost|p1a: Ra|spd|1\n|-boost|p1a: Ra|spe|1\n|move|p2a: Eva|Quiver Dance|p2a: Eva\n|-boost|p2a: Eva|spa|1\n|-boost|p2a: Eva|spd|1\n|-boost|p2a: Eva|spe|1\n|\n|upkeep\n|turn|17\n|inactive|xCookieBallx has 270 seconds left.\n|\n|t:|1700335563\n|move|p1a: Ra|Fiery Dance|p2a: Eva\n|-supereffective|p2a: Eva\n|-damage|p2a: Eva|0 fnt\n|-boost|p1a: Ra|spa|1\n|faint|p2a: Eva\n|\n|upkeep\n|\n|t:|1700335565\n|switch|p2a: Online|Mamoswine, M|88\/100\n|-damage|p2a: Online|76\/100|[from] Spikes\n|turn|18\n|inactive|Leviatan4 has 150 seconds left.\n|\n|t:|1700335574\n|move|p1a: Ra|Fiery Dance|p2a: Online\n|-supereffective|p2a: Online\n|-damage|p2a: Online|0 fnt\n|faint|p2a: Online\n|\n|win|Leviatan4\n|c|\u2606Leviatan4|Srry por irme\n","uploadtime":1700335583,"views":18,"p1id":"leviatan4","p2id":"xcookieballx","formatid":"gen9nationaldex","rating":0,"private":0,"password":""}