{"id":"gen9nationaldex-1987213018","p1":"Scuttler247","p2":"Cutu boy","format":"[Gen 9] National Dex","log":"|j|\u2606Scuttler247\n|j|\u2606Cutu boy\n|t:|1699565832\n|gametype|singles\n|player|p1|Scuttler247|265|1118\n|player|p2|Cutu boy|giovanni|1122\n|teamsize|p1|6\n|teamsize|p2|6\n|gen|9\n|tier|[Gen 9] National Dex\n|rated|\n|rule|HP Percentage Mod: HP is shown in percentages\n|rule|Endless Battle Clause: Forcing endless battles is banned\n|rule|OHKO Clause: OHKO moves are banned\n|rule|Evasion Clause: Evasion abilities, items, and moves are banned\n|rule|Evasion Abilities Clause: Evasion abilities are banned\n|rule|Evasion Items Clause: Evasion items are banned\n|rule|Evasion Moves Clause: Evasion moves are banned\n|rule|Species Clause: Limit one of each Pok\u00e9mon\n|rule|Sleep Clause Mod: Limit one foe put to sleep\n|clearpoke\n|poke|p1|Xurkitree|\n|poke|p1|Sableye, M|\n|poke|p1|Aggron, M|\n|poke|p1|Krookodile, M|\n|poke|p1|Flamigo, F|\n|poke|p1|Great Tusk|\n|poke|p2|Blastoise, M|\n|poke|p2|Landorus-Therian, M|\n|poke|p2|Zoroark-Hisui, M|\n|poke|p2|Ferrothorn, M|\n|poke|p2|Charizard, F|\n|poke|p2|Tapu Lele|\n|teampreview\n|\n|t:|1699565841\n|start\n|switch|p1a: Aggron|Aggron, M|100\/100\n|switch|p2a: Ferrothorn|Ferrothorn, M|100\/100\n|turn|1\n|\n|t:|1699565849\n|detailschange|p1a: Aggron|Aggron-Mega, M\n|-mega|p1a: Aggron|Aggron|Aggronite\n|move|p1a: Aggron|Iron Defense|p1a: Aggron\n|-boost|p1a: Aggron|def|2\n|move|p2a: Ferrothorn|Body Press|p1a: Aggron\n|-supereffective|p1a: Aggron\n|-damage|p1a: Aggron|91\/100\n|\n|upkeep\n|turn|2\n|\n|t:|1699565867\n|move|p1a: Aggron|Iron Defense|p1a: Aggron\n|-boost|p1a: Aggron|def|2\n|move|p2a: Ferrothorn|Stealth Rock|p1a: Aggron\n|-sidestart|p1: Scuttler247|move: Stealth Rock\n|\n|upkeep\n|turn|3\n|\n|t:|1699565873\n|move|p1a: Aggron|Body Press|p2a: Ferrothorn\n|-supereffective|p2a: Ferrothorn\n|-damage|p2a: Ferrothorn|0 fnt\n|-damage|p1a: Aggron|78\/100|[from] ability: Iron Barbs|[of] p2a: Ferrothorn\n|-damage|p1a: Aggron|62\/100|[from] item: Rocky Helmet|[of] p2a: Ferrothorn\n|faint|p2a: Ferrothorn\n|\n|upkeep\n|\n|t:|1699565892\n|switch|p2a: Landorus|Landorus-Therian, M|100\/100\n|-ability|p2a: Landorus|Intimidate|boost\n|-unboost|p1a: Aggron|atk|1\n|turn|4\n|\n|t:|1699565898\n|move|p2a: Landorus|Earthquake|p1a: Aggron\n|-supereffective|p1a: Aggron\n|-damage|p1a: Aggron|51\/100\n|move|p1a: Aggron|Ice Punch|p2a: Landorus\n|-supereffective|p2a: Landorus\n|-damage|p2a: Landorus|28\/100\n|\n|-heal|p2a: Landorus|34\/100|[from] item: Leftovers\n|upkeep\n|turn|5\n|\n|t:|1699565911\n|move|p2a: Landorus|U-turn|p1a: Aggron\n|-resisted|p1a: Aggron\n|-damage|p1a: Aggron|49\/100\n|\n|t:|1699565915\n|switch|p2a: Blastoise|Blastoise, M|100\/100|[from] U-turn\n|move|p1a: Aggron|Ice Punch|p2a: Blastoise\n|-resisted|p2a: Blastoise\n|-damage|p2a: Blastoise|91\/100\n|\n|upkeep\n|turn|6\n|\n|t:|1699565923\n|move|p2a: Blastoise|Shell Smash|p2a: Blastoise\n|-unboost|p2a: Blastoise|def|1\n|-unboost|p2a: Blastoise|spd|1\n|-boost|p2a: Blastoise|atk|2\n|-boost|p2a: Blastoise|spa|2\n|-boost|p2a: Blastoise|spe|2\n|move|p1a: Aggron|Body Press|p2a: Blastoise\n|-damage|p2a: Blastoise|0 fnt\n|faint|p2a: Blastoise\n|\n|upkeep\n|\n|t:|1699565938\n|switch|p2a: Tapu Lele|Tapu Lele|100\/100\n|turn|7\n|\n|t:|1699565943\n|move|p2a: Tapu Lele|Flamethrower|p1a: Aggron\n|-supereffective|p1a: Aggron\n|-damage|p1a: Aggron|0 fnt\n|faint|p1a: Aggron\n|\n|upkeep\n|\n|t:|1699565954\n|switch|p1a: Krookodile|Krookodile, M|100\/100\n|-damage|p1a: Krookodile|94\/100|[from] Stealth Rock\n|turn|8\n|\n|t:|1699565960\n|-terastallize|p1a: Krookodile|Ground\n|move|p2a: Tapu Lele|Flamethrower|p1a: Krookodile\n|-damage|p1a: Krookodile|33\/100\n|move|p1a: Krookodile|Knock Off|p2a: Tapu Lele\n|-supereffective|p2a: Tapu Lele\n|-crit|p2a: Tapu Lele\n|-damage|p2a: Tapu Lele|0 fnt\n|replace|p2a: Zoroark|Zoroark-Hisui, M\n|-end|p2a: Zoroark|Illusion\n|-enditem|p2a: Zoroark|Choice Specs|[from] move: Knock Off|[of] p1a: Krookodile\n|faint|p2a: Zoroark\n|-ability|p1a: Krookodile|Moxie|boost\n|-boost|p1a: Krookodile|atk|1\n|\n|upkeep\n|\n|t:|1699565979\n|switch|p2a: Landorus|Landorus-Therian, M|34\/100\n|-ability|p2a: Landorus|Intimidate|boost\n|-unboost|p1a: Krookodile|atk|1\n|turn|9\n|\n|t:|1699565984\n|move|p1a: Krookodile|Knock Off|p2a: Landorus\n|-damage|p2a: Landorus|0 fnt\n|-enditem|p2a: Landorus|Leftovers|[from] move: Knock Off|[of] p1a: Krookodile\n|faint|p2a: Landorus\n|-ability|p1a: Krookodile|Moxie|boost\n|-boost|p1a: Krookodile|atk|1\n|\n|upkeep\n|\n|t:|1699565992\n|switch|p2a: Charizard|Charizard, F|100\/100\n|turn|10\n|\n|t:|1699565997\n|detailschange|p2a: Charizard|Charizard-Mega-X, F\n|-mega|p2a: Charizard|Charizard|Charizardite X\n|move|p2a: Charizard|Dragon Claw|p1a: Krookodile\n|-damage|p1a: Krookodile|0 fnt\n|faint|p1a: Krookodile\n|\n|upkeep\n|\n|t:|1699566004\n|switch|p1a: Xurkitree|Xurkitree, shiny|100\/100\n|-damage|p1a: Xurkitree|88\/100|[from] Stealth Rock\n|turn|11\n|\n|t:|1699566020\n|move|p2a: Charizard|Dragon Dance|p2a: Charizard\n|-boost|p2a: Charizard|atk|1\n|-boost|p2a: Charizard|spe|1\n|-zpower|p1a: Xurkitree\n|move|p1a: Xurkitree|Z-Hypnosis|p2a: Charizard|[anim]Hypnosis|[miss]\n|-boost|p1a: Xurkitree|spe|1|[zeffect]\n|-miss|p1a: Xurkitree|p2a: Charizard\n|\n|upkeep\n|turn|12\n|\n|t:|1699566034\n|move|p2a: Charizard|Dragon Claw|p1a: Xurkitree\n|-damage|p1a: Xurkitree|0 fnt\n|faint|p1a: Xurkitree\n|\n|upkeep\n|\n|t:|1699566038\n|switch|p1a: Sableye|Sableye, M|100\/100\n|-damage|p1a: Sableye|88\/100|[from] Stealth Rock\n|turn|13\n|\n|t:|1699566043\n|move|p1a: Sableye|Toxic|p2a: Charizard\n|-status|p2a: Charizard|tox\n|move|p2a: Charizard|Dragon Claw|p1a: Sableye\n|-damage|p1a: Sableye|0 fnt\n|faint|p1a: Sableye\n|\n|-damage|p2a: Charizard|94\/100 tox|[from] psn\n|upkeep\n|\n|t:|1699566046\n|switch|p1a: Great Tusk|Great Tusk|100\/100\n|-damage|p1a: Great Tusk|98\/100|[from] Stealth Rock\n|-enditem|p1a: Great Tusk|Booster Energy\n|-activate|p1a: Great Tusk|ability: Protosynthesis|[fromitem]\n|-start|p1a: Great Tusk|protosynthesisatk\n|turn|14\n|\n|t:|1699566059\n|move|p2a: Charizard|Dragon Claw|p1a: Great Tusk\n|-damage|p1a: Great Tusk|45\/100\n|move|p1a: Great Tusk|Ice Fang|p2a: Charizard\n|-damage|p2a: Charizard|61\/100 tox\n|\n|-damage|p2a: Charizard|49\/100 tox|[from] psn\n|upkeep\n|turn|15\n|\n|t:|1699566069\n|move|p2a: Charizard|Dragon Claw|p1a: Great Tusk\n|-damage|p1a: Great Tusk|0 fnt\n|faint|p1a: Great Tusk\n|-end|p1a: Great Tusk|Protosynthesis|[silent]\n|\n|-damage|p2a: Charizard|31\/100 tox|[from] psn\n|upkeep\n|\n|t:|1699566072\n|switch|p1a: Flamigo|Flamigo, F|100\/100\n|turn|16\n|\n|t:|1699566104\n|move|p2a: Charizard|Roost|p2a: Charizard\n|-heal|p2a: Charizard|81\/100 tox\n|-singleturn|p2a: Charizard|move: Roost\n|move|p1a: Flamigo|Dual Wingbeat|p2a: Charizard\n|-damage|p2a: Charizard|62\/100 tox\n|-damage|p2a: Charizard|41\/100 tox\n|-hitcount|p2a: Charizard|2\n|\n|-damage|p2a: Charizard|16\/100 tox|[from] psn\n|upkeep\n|turn|17\n|\n|t:|1699566117\n|move|p2a: Charizard|Flare Blitz|p1a: Flamigo\n|-damage|p1a: Flamigo|0 fnt\n|faint|p1a: Flamigo\n|-damage|p2a: Charizard|0 fnt|[from] Recoil\n|faint|p2a: Charizard\n|\n|win|Cutu boy\n|raw|Scuttler247's rating: 1118 &rarr; <strong>1093<\/strong><br \/>(-25 for losing)\n|raw|Cutu boy's rating: 1122 &rarr; <strong>1147<\/strong><br \/>(+25 for winning)\n|l|\u2606Scuttler247\n","uploadtime":1699566128,"views":8,"p1id":"scuttler247","p2id":"cutuboy","formatid":"gen9nationaldex","rating":1093,"private":0,"password":""}