{"id":"gen9nationaldex-1998253782","p1":"poetlv","p2":"Ackesh","format":"[Gen 9] National Dex","log":"|html|<div class=\"broadcast-blue\"><strong>[Gen 9] National Dex is currently suspecting Sneasler! For information on how to participate check out the <a href=\"https:\/\/www.smogon.com\/forums\/threads\/sv-national-dex-suspect-8-just-dance.3731534\/\">suspect thread<\/a>.<\/strong><\/div>\n|j|\u2606poetlv\n|j|\u2606Ackesh\n|t:|1700920358\n|gametype|singles\n|player|p1|poetlv|steven|1579\n|player|p2|Ackesh|silver|1645\n|teamsize|p1|6\n|teamsize|p2|6\n|gen|9\n|tier|[Gen 9] National Dex\n|rated|\n|rule|HP Percentage Mod: HP is shown in percentages\n|rule|Endless Battle Clause: Forcing endless battles is banned\n|rule|OHKO Clause: OHKO moves are banned\n|rule|Evasion Clause: Evasion abilities, items, and moves are banned\n|rule|Evasion Abilities Clause: Evasion abilities are banned\n|rule|Evasion Items Clause: Evasion items are banned\n|rule|Evasion Moves Clause: Evasion moves are banned\n|rule|Species Clause: Limit one of each Pok\u00e9mon\n|rule|Sleep Clause Mod: Limit one foe put to sleep\n|clearpoke\n|poke|p1|Mawile, M|\n|poke|p1|Marowak-Alola, F|\n|poke|p1|Hatterene, F|\n|poke|p1|Cresselia, F|\n|poke|p1|Porygon2|\n|poke|p1|Ursaluna, F|\n|poke|p2|Venusaur, M|\n|poke|p2|Kyurem|\n|poke|p2|Torkoal, F|\n|poke|p2|Landorus-Therian, M|\n|poke|p2|Heatran, M|\n|poke|p2|Victini|\n|teampreview\n|\n|t:|1700920374\n|start\n|switch|p1a: Hatterene|Hatterene, F|100\/100\n|switch|p2a: Torkoal|Torkoal, F|100\/100\n|-weather|SunnyDay|[from] ability: Drought|[of] p2a: Torkoal\n|turn|1\n|inactive|Battle timer is ON: inactive players will automatically lose when time's up. (requested by Ackesh)\n|\n|t:|1700920388\n|move|p2a: Torkoal|Flamethrower|p1a: Hatterene\n|-damage|p1a: Hatterene|56\/100\n|move|p1a: Hatterene|Trick Room|p1a: Hatterene\n|-fieldstart|move: Trick Room|[of] p1a: Hatterene\n|\n|-weather|SunnyDay|[upkeep]\n|upkeep\n|turn|2\n|\n|t:|1700920395\n|switch|p2a: Venusaur|Venusaur, M|100\/100\n|move|p1a: Hatterene|Mystical Fire|p2a: Venusaur\n|-supereffective|p2a: Venusaur\n|-damage|p2a: Venusaur|0 fnt\n|faint|p2a: Venusaur\n|\n|-weather|SunnyDay|[upkeep]\n|upkeep\n|\n|t:|1700920398\n|switch|p2a: Landorus|Landorus-Therian, M|100\/100\n|-ability|p2a: Landorus|Intimidate|boost\n|-unboost|p1a: Hatterene|atk|1\n|turn|3\n|\n|t:|1700920410\n|move|p1a: Hatterene|Healing Wish|p1a: Hatterene\n|faint|p1a: Hatterene\n|move|p2a: Landorus|Earthquake|p1: Hatterene|[notarget]\n|-fail|p2a: Landorus\n|\n|-weather|SunnyDay|[upkeep]\n|upkeep\n|\n|t:|1700920418\n|switch|p1a: Marowak|Marowak-Alola, F|100\/100\n|turn|4\n|\n|t:|1700920424\n|switch|p2a: Torkoal|Torkoal, F|100\/100\n|move|p1a: Marowak|Low Kick|p2a: Torkoal\n|-damage|p2a: Torkoal|75\/100\n|\n|-weather|SunnyDay|[upkeep]\n|upkeep\n|turn|5\n|\n|t:|1700920436\n|switch|p2a: Landorus|Landorus-Therian, M|100\/100\n|-ability|p2a: Landorus|Intimidate|boost\n|-unboost|p1a: Marowak|atk|1\n|move|p1a: Marowak|Poltergeist|p2a: Landorus\n|-activate|p2a: Landorus|move: Poltergeist|Soft Sand\n|-damage|p2a: Landorus|45\/100\n|\n|-weather|SunnyDay|[upkeep]\n|-fieldend|move: Trick Room\n|upkeep\n|turn|6\n|\n|t:|1700920447\n|switch|p1a: Cresselia|Cresselia, F|100\/100\n|move|p2a: Landorus|U-turn|p1a: Cresselia\n|-supereffective|p1a: Cresselia\n|-damage|p1a: Cresselia|74\/100\n|\n|t:|1700920448\n|switch|p2a: Victini|Victini|100\/100|[from] U-turn\n|\n|-weather|SunnyDay|[upkeep]\n|upkeep\n|turn|7\n|\n|t:|1700920462\n|switch|p1a: Mawile|Mawile, M|100\/100\n|-ability|p1a: Mawile|Intimidate|boost\n|-unboost|p2a: Victini|atk|1\n|-terastallize|p2a: Victini|Fire\n|move|p2a: Victini|V-create|p1a: Mawile\n|-supereffective|p1a: Mawile\n|-damage|p1a: Mawile|0 fnt\n|-unboost|p2a: Victini|spe|1\n|-unboost|p2a: Victini|def|1\n|-unboost|p2a: Victini|spd|1\n|faint|p1a: Mawile\n|\n|-weather|SunnyDay|[upkeep]\n|upkeep\n|\n|t:|1700920475\n|switch|p1a: Porygon2|Porygon2|100\/100\n|-ability|p1a: Porygon2|Victory Star|[from] ability: Trace|[of] p2a: Victini\n|turn|8\n|\n|t:|1700920485\n|move|p2a: Victini|V-create|p1a: Porygon2\n|-crit|p1a: Porygon2\n|-damage|p1a: Porygon2|0 fnt\n|-unboost|p2a: Victini|spe|1\n|-unboost|p2a: Victini|def|1\n|-unboost|p2a: Victini|spd|1\n|faint|p1a: Porygon2\n|\n|-weather|none\n|upkeep\n|\n|t:|1700920495\n|switch|p1a: Cresselia|Cresselia, F|74\/100\n|-heal|p1a: Cresselia|100\/100|[from] move: Healing Wish\n|turn|9\n|\n|t:|1700920512\n|switch|p2a: Torkoal|Torkoal, F|75\/100\n|-weather|SunnyDay|[from] ability: Drought|[of] p2a: Torkoal\n|move|p1a: Cresselia|Trick Room|p1a: Cresselia\n|-fieldstart|move: Trick Room|[of] p1a: Cresselia\n|\n|-weather|SunnyDay|[upkeep]\n|upkeep\n|turn|10\n|\n|t:|1700920526\n|switch|p1a: Ursaluna|Ursaluna, F|100\/100\n|move|p2a: Torkoal|Stealth Rock|p1a: Ursaluna\n|-sidestart|p1: poetlv|move: Stealth Rock\n|\n|-weather|SunnyDay|[upkeep]\n|-status|p1a: Ursaluna|brn|[from] item: Flame Orb\n|upkeep\n|turn|11\n|\n|t:|1700920540\n|switch|p2a: Landorus|Landorus-Therian, M|45\/100\n|-ability|p2a: Landorus|Intimidate|boost\n|-unboost|p1a: Ursaluna|atk|1\n|-terastallize|p1a: Ursaluna|Normal\n|move|p1a: Ursaluna|Facade|p2a: Landorus\n|-damage|p2a: Landorus|0 fnt\n|faint|p2a: Landorus\n|\n|-weather|SunnyDay|[upkeep]\n|-damage|p1a: Ursaluna|94\/100 brn|[from] brn\n|upkeep\n|\n|t:|1700920547\n|switch|p2a: Kyurem|Kyurem|100\/100\n|-ability|p2a: Kyurem|Pressure\n|turn|12\n|\n|t:|1700920555\n|move|p1a: Ursaluna|Facade|p2a: Kyurem\n|-damage|p2a: Kyurem|0 fnt\n|faint|p2a: Kyurem\n|\n|-weather|SunnyDay|[upkeep]\n|-damage|p1a: Ursaluna|88\/100 brn|[from] brn\n|upkeep\n|\n|t:|1700920558\n|switch|p2a: Torkoal|Torkoal, F|75\/100\n|turn|13\n|\n|t:|1700920563\n|move|p2a: Torkoal|Flamethrower|p1a: Ursaluna\n|-damage|p1a: Ursaluna|54\/100 brn\n|move|p1a: Ursaluna|Earthquake|p2a: Torkoal\n|-supereffective|p2a: Torkoal\n|-damage|p2a: Torkoal|2\/100\n|\n|-weather|SunnyDay|[upkeep]\n|-damage|p1a: Ursaluna|48\/100 brn|[from] brn\n|-fieldend|move: Trick Room\n|upkeep\n|turn|14\n|\n|t:|1700920581\n|switch|p1a: Marowak|Marowak-Alola, F|100\/100\n|-damage|p1a: Marowak|75\/100|[from] Stealth Rock\n|move|p2a: Torkoal|Flamethrower|p1a: Marowak\n|-resisted|p1a: Marowak\n|-damage|p1a: Marowak|50\/100\n|\n|-weather|SunnyDay|[upkeep]\n|upkeep\n|turn|15\n|\n|t:|1700920605\n|switch|p2a: Victini|Victini, tera:Fire|100\/100\n|move|p1a: Marowak|Low Kick|p2a: Victini\n|-damage|p2a: Victini|88\/100\n|\n|-weather|SunnyDay|[upkeep]\n|upkeep\n|turn|16\n|\n|t:|1700920616\n|move|p2a: Victini|Trick|p1a: Marowak\n|-activate|p2a: Victini|move: Trick|[of] p1a: Marowak\n|-item|p1a: Marowak|Choice Scarf|[from] move: Trick\n|-item|p2a: Victini|Thick Club|[from] move: Trick\n|move|p1a: Marowak|Poltergeist|p2a: Victini\n|-activate|p2a: Victini|move: Poltergeist|Thick Club\n|-damage|p2a: Victini|43\/100\n|\n|-weather|none\n|upkeep\n|turn|17\n|\n|t:|1700920626\n|move|p2a: Victini|U-turn|p1a: Marowak\n|-resisted|p1a: Marowak\n|-damage|p1a: Marowak|45\/100\n|\n|t:|1700920632\n|switch|p2a: Torkoal|Torkoal, F|2\/100|[from] U-turn\n|-weather|SunnyDay|[from] ability: Drought|[of] p2a: Torkoal\n|move|p1a: Marowak|Poltergeist|p2a: Torkoal\n|-activate|p2a: Torkoal|move: Poltergeist|Heat Rock\n|-damage|p2a: Torkoal|0 fnt\n|faint|p2a: Torkoal\n|\n|-weather|SunnyDay|[upkeep]\n|upkeep\n|\n|t:|1700920633\n|switch|p2a: Heatran|Heatran, M|100\/100\n|turn|18\n|\n|t:|1700920642\n|move|p2a: Heatran|Eruption|p1a: Marowak\n|-resisted|p1a: Marowak\n|-damage|p1a: Marowak|0 fnt\n|faint|p1a: Marowak\n|\n|-weather|SunnyDay|[upkeep]\n|upkeep\n|\n|t:|1700920646\n|switch|p1a: Cresselia|Cresselia, F|100\/100\n|-damage|p1a: Cresselia|88\/100|[from] Stealth Rock\n|turn|19\n|\n|t:|1700920656\n|move|p2a: Heatran|Eruption|p1a: Cresselia\n|-damage|p1a: Cresselia|0 fnt\n|faint|p1a: Cresselia\n|\n|-weather|SunnyDay|[upkeep]\n|upkeep\n|c|\u2606poetlv|gg\n|\n|t:|1700920670\n|switch|p1a: Ursaluna|Ursaluna, F, tera:Normal|48\/100 brn\n|-damage|p1a: Ursaluna|36\/100 brn|[from] Stealth Rock\n|turn|20\n|j| one eye ding zhen\n|-message|poetlv forfeited.\n|\n|win|Ackesh\n|raw|poetlv's rating: 1579 &rarr; <strong>1564<\/strong><br \/>(-15 for losing)\n|raw|Ackesh's rating: 1660 &rarr; <strong>1675<\/strong><br \/>(+15 for winning)\n|l|\u2606poetlv\n","uploadtime":1700920675,"views":0,"p1id":"poetlv","p2id":"ackesh","formatid":"gen9nationaldex","rating":1564,"private":0,"password":""}