{"id":"gen9nationaldex-1998704139","p1":"ehquals","p2":"Dew_Dr0p","format":"[Gen 9] National Dex","log":"|html|<div class=\"broadcast-blue\"><strong>[Gen 9] National Dex is currently suspecting Sneasler! For information on how to participate check out the <a href=\"https:\/\/www.smogon.com\/forums\/threads\/sv-national-dex-suspect-8-just-dance.3731534\/\">suspect thread<\/a>.<\/strong><\/div>\n|j|\u2606ehquals\n|j|\u2606Dew_Dr0p\n|t:|1700975042\n|gametype|singles\n|player|p1|ehquals|clerk|\n|player|p2|Dew_Dr0p|265|\n|teamsize|p1|3\n|teamsize|p2|3\n|gen|9\n|tier|[Gen 9] National Dex\n|rule|HP Percentage Mod: HP is shown in percentages\n|rule|Endless Battle Clause: Forcing endless battles is banned\n|rule|OHKO Clause: OHKO moves are banned\n|rule|Evasion Clause: Evasion abilities, items, and moves are banned\n|rule|Evasion Abilities Clause: Evasion abilities are banned\n|rule|Evasion Items Clause: Evasion items are banned\n|rule|Evasion Moves Clause: Evasion moves are banned\n|rule|Species Clause: Limit one of each Pok\u00e9mon\n|rule|Sleep Clause Mod: Limit one foe put to sleep\n|clearpoke\n|poke|p1|Claydol|\n|poke|p1|Iron Leaves|\n|poke|p1|Grumpig, F|\n|poke|p2|Arboliva, M|\n|poke|p2|Iron Leaves|\n|poke|p2|Weepinbell, F|\n|teampreview\n|\n|t:|1700975047\n|start\n|switch|p1a: pesto|Iron Leaves|100\/100\n|switch|p2a: Arboliva|Arboliva, M|100\/100\n|turn|1\n|\n|t:|1700975060\n|move|p1a: pesto|Swords Dance|p1a: pesto\n|-boost|p1a: pesto|atk|2\n|move|p2a: Arboliva|Sunny Day|p2a: Arboliva\n|-weather|SunnyDay\n|\n|-weather|SunnyDay|[upkeep]\n|upkeep\n|turn|2\n|\n|t:|1700975068\n|move|p1a: pesto|Swords Dance|p1a: pesto\n|-boost|p1a: pesto|atk|2\n|move|p2a: Arboliva|Solar Beam||[still]\n|-prepare|p2a: Arboliva|Solar Beam\n|-anim|p2a: Arboliva|Solar Beam|p1a: pesto\n|-resisted|p1a: pesto\n|-damage|p1a: pesto|71\/100\n|\n|-weather|SunnyDay|[upkeep]\n|upkeep\n|turn|3\n|\n|t:|1700975080\n|move|p1a: pesto|Swords Dance|p1a: pesto\n|-boost|p1a: pesto|atk|2\n|move|p2a: Arboliva|Solar Beam||[still]\n|-prepare|p2a: Arboliva|Solar Beam\n|-anim|p2a: Arboliva|Solar Beam|p1a: pesto\n|-resisted|p1a: pesto\n|-damage|p1a: pesto|43\/100\n|\n|-weather|SunnyDay|[upkeep]\n|upkeep\n|turn|4\n|\n|t:|1700975100\n|-terastallize|p1a: pesto|Psychic\n|move|p1a: pesto|Close Combat|p2a: Arboliva\n|-supereffective|p2a: Arboliva\n|-damage|p2a: Arboliva|0 fnt\n|-unboost|p1a: pesto|def|1\n|-unboost|p1a: pesto|spd|1\n|-fieldstart|move: Grassy Terrain|[from] ability: Seed Sower|[of] p2a: Arboliva\n|faint|p2a: Arboliva\n|\n|-weather|SunnyDay|[upkeep]\n|-heal|p1a: pesto|49\/100|[from] Grassy Terrain\n|upkeep\n|\n|t:|1700975111\n|switch|p2a: Iron Leaves|Iron Leaves|100\/100\n|-enditem|p2a: Iron Leaves|Booster Energy\n|-activate|p2a: Iron Leaves|ability: Quark Drive|[fromitem]\n|-start|p2a: Iron Leaves|quarkdrivespe\n|turn|5\n|\n|t:|1700975118\n|move|p2a: Iron Leaves|X-Scissor|p1a: pesto\n|-supereffective|p1a: pesto\n|-damage|p1a: pesto|0 fnt\n|faint|p1a: pesto\n|-end|p1a: pesto|Quark Drive|[silent]\n|\n|-weather|SunnyDay|[upkeep]\n|upkeep\n|\n|t:|1700975123\n|switch|p1a: cupcake sparkle|Claydol|100\/100\n|turn|6\n|\n|t:|1700975128\n|-terastallize|p2a: Iron Leaves|Grass\n|move|p2a: Iron Leaves|Solar Blade||[still]\n|-prepare|p2a: Iron Leaves|Solar Blade\n|-anim|p2a: Iron Leaves|Solar Blade|p1a: cupcake sparkle\n|-supereffective|p1a: cupcake sparkle\n|-damage|p1a: cupcake sparkle|0 fnt\n|faint|p1a: cupcake sparkle\n|\n|-weather|SunnyDay|[upkeep]\n|upkeep\n|\n|t:|1700975130\n|switch|p1a: butterball|Grumpig, F|100\/100\n|turn|7\n|\n|t:|1700975139\n|move|p2a: Iron Leaves|Solar Blade||[still]\n|-prepare|p2a: Iron Leaves|Solar Blade\n|-anim|p2a: Iron Leaves|Solar Blade|p1a: butterball\n|-damage|p1a: butterball|0 fnt\n|faint|p1a: butterball\n|\n|win|Dew_Dr0p\n|l|\u2606ehquals\n","uploadtime":1700975168,"views":10,"p1id":"ehquals","p2id":"dewdr0p","formatid":"gen9nationaldex","rating":0,"private":0,"password":""}