{"id":"gen9nationaldex-1996152979","p1":"tensaiindustries","p2":"As cheu","format":"[Gen 9] National Dex","log":"|html|<div class=\"broadcast-blue\"><strong>[Gen 9] National Dex is currently suspecting Sneasler! For information on how to participate check out the <a href=\"https:\/\/www.smogon.com\/forums\/threads\/sv-national-dex-suspect-8-just-dance.3731534\/\">suspect thread<\/a>.<\/strong><\/div>\n|j|\u2606tensaiindustries\n|j|\u2606As cheu\n|t:|1700652053\n|gametype|singles\n|player|p1|tensaiindustries|lance|1720\n|player|p2|As cheu|officeworker|1856\n|teamsize|p1|6\n|teamsize|p2|6\n|gen|9\n|tier|[Gen 9] National Dex\n|rated|\n|rule|HP Percentage Mod: HP is shown in percentages\n|rule|Endless Battle Clause: Forcing endless battles is banned\n|rule|OHKO Clause: OHKO moves are banned\n|rule|Evasion Clause: Evasion abilities, items, and moves are banned\n|rule|Evasion Abilities Clause: Evasion abilities are banned\n|rule|Evasion Items Clause: Evasion items are banned\n|rule|Evasion Moves Clause: Evasion moves are banned\n|rule|Species Clause: Limit one of each Pok\u00e9mon\n|rule|Sleep Clause Mod: Limit one foe put to sleep\n|clearpoke\n|poke|p1|Dragonite, F|\n|poke|p1|Chandelure, F|\n|poke|p1|Cresselia, F|\n|poke|p1|Iron Hands|\n|poke|p1|Landorus-Therian, M|\n|poke|p1|Scizor, M|\n|poke|p2|Cloyster, M|\n|poke|p2|Umbreon, F|\n|poke|p2|Gardevoir, F|\n|poke|p2|Forretress, M|\n|poke|p2|Thundurus-Therian, M|\n|poke|p2|Sneasler, M|\n|teampreview\n|inactive|Battle timer is ON: inactive players will automatically lose when time's up. (requested by As cheu)\n|\n|t:|1700652085\n|start\n|switch|p1a: Chandelure|Chandelure, F|100\/100\n|switch|p2a: Sneasler|Sneasler, M|100\/100\n|turn|1\n|\n|t:|1700652107\n|move|p2a: Sneasler|U-turn|p1a: Chandelure\n|-resisted|p1a: Chandelure\n|-damage|p1a: Chandelure|92\/100\n|-status|p1a: Chandelure|psn|[from] ability: Poison Touch|[of] p2a: Sneasler\n|\n|t:|1700652111\n|switch|p2a: \u56e1\u56e1|Umbreon, F|100\/100|[from] U-turn\n|move|p1a: Chandelure|Overheat|p2a: \u56e1\u56e1\n|-damage|p2a: \u56e1\u56e1|49\/100\n|-unboost|p1a: Chandelure|spa|2\n|\n|-heal|p2a: \u56e1\u56e1|55\/100|[from] item: Leftovers\n|-damage|p1a: Chandelure|80\/100 psn|[from] psn\n|upkeep\n|turn|2\n|\n|t:|1700652118\n|switch|p1a: Scizor|Scizor, M|100\/100\n|move|p2a: \u56e1\u56e1|Wish|p2a: \u56e1\u56e1\n|\n|-heal|p2a: \u56e1\u56e1|61\/100|[from] item: Leftovers\n|upkeep\n|turn|3\n|\n|t:|1700652124\n|detailschange|p1a: Scizor|Scizor-Mega, M\n|-mega|p1a: Scizor|Scizor|Scizorite\n|move|p2a: \u56e1\u56e1|Protect|p2a: \u56e1\u56e1\n|-singleturn|p2a: \u56e1\u56e1|Protect\n|move|p1a: Scizor|Knock Off|p2a: \u56e1\u56e1\n|-activate|p2a: \u56e1\u56e1|move: Protect\n|\n|-heal|p2a: \u56e1\u56e1|100\/100|[from] move: Wish|[wisher] \u56e1\u56e1\n|upkeep\n|turn|4\n|\n|t:|1700652132\n|switch|p2a: Forretress|Forretress, M|100\/100\n|move|p1a: Scizor|Knock Off|p2a: Forretress\n|-damage|p2a: Forretress|77\/100\n|-damage|p1a: Scizor|84\/100|[from] item: Rocky Helmet|[of] p2a: Forretress\n|-enditem|p2a: Forretress|Rocky Helmet|[from] move: Knock Off|[of] p1a: Scizor\n|\n|upkeep\n|turn|5\n|\n|t:|1700652142\n|move|p1a: Scizor|Swords Dance|p1a: Scizor\n|-boost|p1a: Scizor|atk|2\n|move|p2a: Forretress|Stealth Rock|p1a: Scizor\n|-sidestart|p1: tensaiindustries|move: Stealth Rock\n|\n|upkeep\n|turn|6\n|j| Poke_Gamer_Devil\n|\n|t:|1700652160\n|move|p1a: Scizor|Knock Off|p2a: Forretress\n|-damage|p2a: Forretress|45\/100\n|move|p2a: Forretress|Earthquake|p1a: Scizor\n|-damage|p1a: Scizor|68\/100\n|\n|upkeep\n|turn|7\n|\n|t:|1700652166\n|move|p1a: Scizor|Roost|p1a: Scizor\n|-heal|p1a: Scizor|100\/100\n|-singleturn|p1a: Scizor|move: Roost\n|move|p2a: Forretress|Earthquake|p1a: Scizor\n|-damage|p1a: Scizor|84\/100\n|\n|upkeep\n|turn|8\n|\n|t:|1700652168\n|switch|p2a: \u56e1\u56e1|Umbreon, F|100\/100\n|move|p1a: Scizor|Knock Off|p2a: \u56e1\u56e1\n|-resisted|p2a: \u56e1\u56e1\n|-damage|p2a: \u56e1\u56e1|77\/100\n|-enditem|p2a: \u56e1\u56e1|Leftovers|[from] move: Knock Off|[of] p1a: Scizor\n|\n|upkeep\n|turn|9\n|\n|t:|1700652172\n|move|p1a: Scizor|Bullet Punch|p2a: \u56e1\u56e1\n|-damage|p2a: \u56e1\u56e1|35\/100\n|move|p2a: \u56e1\u56e1|Foul Play|p1a: Scizor\n|-damage|p1a: Scizor|0 fnt\n|faint|p1a: Scizor\n|\n|upkeep\n|\n|t:|1700652186\n|switch|p1a: Landorus|Landorus-Therian, M|100\/100\n|-damage|p1a: Landorus|88\/100|[from] Stealth Rock\n|-ability|p1a: Landorus|Intimidate|boost\n|-unboost|p2a: \u56e1\u56e1|atk|1\n|turn|10\n|\n|t:|1700652190\n|move|p2a: \u56e1\u56e1|Protect|p2a: \u56e1\u56e1\n|-singleturn|p2a: \u56e1\u56e1|Protect\n|move|p1a: Landorus|U-turn|p2a: \u56e1\u56e1\n|-activate|p2a: \u56e1\u56e1|move: Protect\n|\n|upkeep\n|turn|11\n|\n|t:|1700652205\n|-terastallize|p2a: \u56e1\u56e1|Poison\n|move|p1a: Landorus|U-turn|p2a: \u56e1\u56e1\n|-resisted|p2a: \u56e1\u56e1\n|-damage|p2a: \u56e1\u56e1|29\/100\n|\n|t:|1700652212\n|switch|p1a: Chandelure|Chandelure, F|80\/100 psn|[from] U-turn\n|-damage|p1a: Chandelure|55\/100 psn|[from] Stealth Rock\n|move|p2a: \u56e1\u56e1|Wish|p2a: \u56e1\u56e1\n|\n|-damage|p1a: Chandelure|43\/100 psn|[from] psn\n|upkeep\n|turn|12\n|\n|t:|1700652224\n|switch|p1a: Cresselia|Cresselia, F|100\/100\n|-damage|p1a: Cresselia|88\/100|[from] Stealth Rock\n|move|p2a: \u56e1\u56e1|Protect||[still]\n|-fail|p2a: \u56e1\u56e1\n|\n|-heal|p2a: \u56e1\u56e1|79\/100|[from] move: Wish|[wisher] \u56e1\u56e1\n|-heal|p1a: Cresselia|94\/100|[from] item: Leftovers\n|upkeep\n|turn|13\n|\n|t:|1700652236\n|switch|p1a: Landorus|Landorus-Therian, M|88\/100\n|-damage|p1a: Landorus|76\/100|[from] Stealth Rock\n|-ability|p1a: Landorus|Intimidate|boost\n|-unboost|p2a: \u56e1\u56e1|atk|1\n|switch|p2a: Sneasler|Sneasler, M|100\/100\n|\n|upkeep\n|turn|14\n|\n|t:|1700652243\n|switch|p2a: Forretress|Forretress, M|45\/100\n|move|p1a: Landorus|Rock Tomb|p2a: Forretress\n|-damage|p2a: Forretress|34\/100\n|-unboost|p2a: Forretress|spe|1\n|\n|upkeep\n|turn|15\n|\n|t:|1700652249\n|move|p1a: Landorus|Defog|p2a: Forretress\n|-unboost|p2a: Forretress|evasion|1\n|-sideend|p1: tensaiindustries|Stealth Rock|[from] move: Defog|[of] p1a: Landorus\n|move|p2a: Forretress|Toxic|p1a: Landorus\n|-status|p1a: Landorus|tox\n|\n|-damage|p1a: Landorus|70\/100 tox|[from] psn\n|upkeep\n|turn|16\n|\n|t:|1700652254\n|move|p1a: Landorus|U-turn|p2a: Forretress\n|-resisted|p2a: Forretress\n|-damage|p2a: Forretress|27\/100\n|\n|t:|1700652256\n|switch|p1a: Cresselia|Cresselia, F|94\/100|[from] U-turn\n|move|p2a: Forretress|Stealth Rock|p1a: Cresselia\n|-sidestart|p1: tensaiindustries|move: Stealth Rock\n|\n|-heal|p1a: Cresselia|99\/100|[from] item: Leftovers\n|upkeep\n|turn|17\n|\n|t:|1700652258\n|-terastallize|p1a: Cresselia|Poison\n|move|p1a: Cresselia|Calm Mind|p1a: Cresselia\n|-boost|p1a: Cresselia|spa|1\n|-boost|p1a: Cresselia|spd|1\n|move|p2a: Forretress|Toxic|p1a: Cresselia\n|-immune|p1a: Cresselia\n|\n|-heal|p1a: Cresselia|100\/100|[from] item: Leftovers\n|upkeep\n|turn|18\n|\n|t:|1700652264\n|switch|p2a: Sneasler|Sneasler, M|100\/100\n|move|p1a: Cresselia|Calm Mind|p1a: Cresselia\n|-boost|p1a: Cresselia|spa|1\n|-boost|p1a: Cresselia|spd|1\n|\n|upkeep\n|turn|19\n|\n|t:|1700652269\n|move|p2a: Sneasler|Switcheroo|p1a: Cresselia\n|-activate|p2a: Sneasler|move: Trick|[of] p1a: Cresselia\n|-item|p1a: Cresselia|Choice Scarf|[from] move: Switcheroo\n|-item|p2a: Sneasler|Leftovers|[from] move: Switcheroo\n|move|p1a: Cresselia|Moonblast|p2a: Sneasler\n|-damage|p2a: Sneasler|47\/100\n|-unboost|p2a: Sneasler|spa|1\n|\n|-heal|p2a: Sneasler|53\/100|[from] item: Leftovers\n|upkeep\n|turn|20\n|\n|t:|1700652279\n|move|p2a: Sneasler|U-turn|p1a: Cresselia\n|-resisted|p1a: Cresselia\n|-damage|p1a: Cresselia|94\/100\n|\n|t:|1700652283\n|switch|p2a: Forretress|Forretress, M|27\/100|[from] U-turn\n|move|p1a: Cresselia|Moonblast|p2a: Forretress\n|-resisted|p2a: Forretress\n|-damage|p2a: Forretress|7\/100\n|\n|upkeep\n|turn|21\n|\n|t:|1700652288\n|move|p1a: Cresselia|Moonblast|p2a: Forretress\n|-resisted|p2a: Forretress\n|-damage|p2a: Forretress|0 fnt\n|faint|p2a: Forretress\n|\n|upkeep\n|\n|t:|1700652290\n|switch|p2a: \u56e1\u56e1|Umbreon, F, tera:Poison|79\/100\n|turn|22\n|\n|t:|1700652298\n|move|p1a: Cresselia|Moonblast|p2a: \u56e1\u56e1\n|-resisted|p2a: \u56e1\u56e1\n|-damage|p2a: \u56e1\u56e1|66\/100\n|move|p2a: \u56e1\u56e1|Wish|p2a: \u56e1\u56e1\n|\n|upkeep\n|turn|23\n|\n|t:|1700652301\n|move|p1a: Cresselia|Moonblast|p2a: \u56e1\u56e1\n|-resisted|p2a: \u56e1\u56e1\n|-damage|p2a: \u56e1\u56e1|54\/100\n|move|p2a: \u56e1\u56e1|Foul Play|p1a: Cresselia\n|-damage|p1a: Cresselia|84\/100\n|\n|-heal|p2a: \u56e1\u56e1|100\/100|[from] move: Wish|[wisher] \u56e1\u56e1\n|upkeep\n|turn|24\n|\n|t:|1700652306\n|move|p1a: Cresselia|Moonblast|p2a: \u56e1\u56e1\n|-resisted|p2a: \u56e1\u56e1\n|-damage|p2a: \u56e1\u56e1|88\/100\n|-unboost|p2a: \u56e1\u56e1|spa|1\n|move|p2a: \u56e1\u56e1|Wish|p2a: \u56e1\u56e1\n|\n|upkeep\n|turn|25\n|\n|t:|1700652310\n|switch|p2a: Sneasler|Sneasler, M|53\/100\n|move|p1a: Cresselia|Moonblast|p2a: Sneasler\n|-damage|p2a: Sneasler|0 fnt\n|faint|p2a: Sneasler\n|\n|upkeep\n|\n|t:|1700652316\n|switch|p2a: \u56e1\u56e1|Umbreon, F, tera:Poison|88\/100\n|turn|26\n|\n|t:|1700652319\n|move|p1a: Cresselia|Moonblast|p2a: \u56e1\u56e1\n|-resisted|p2a: \u56e1\u56e1\n|-damage|p2a: \u56e1\u56e1|76\/100\n|move|p2a: \u56e1\u56e1|Foul Play|p1a: Cresselia\n|-damage|p1a: Cresselia|74\/100\n|\n|upkeep\n|turn|27\n|\n|t:|1700652322\n|move|p1a: Cresselia|Moonblast|p2a: \u56e1\u56e1\n|-resisted|p2a: \u56e1\u56e1\n|-damage|p2a: \u56e1\u56e1|64\/100\n|move|p2a: \u56e1\u56e1|Wish|p2a: \u56e1\u56e1\n|\n|upkeep\n|turn|28\n|\n|t:|1700652326\n|move|p1a: Cresselia|Moonblast|p2a: \u56e1\u56e1\n|-resisted|p2a: \u56e1\u56e1\n|-damage|p2a: \u56e1\u56e1|52\/100\n|move|p2a: \u56e1\u56e1|Foul Play|p1a: Cresselia\n|-damage|p1a: Cresselia|64\/100\n|\n|-heal|p2a: \u56e1\u56e1|100\/100|[from] move: Wish|[wisher] \u56e1\u56e1\n|upkeep\n|turn|29\n|\n|t:|1700652329\n|move|p1a: Cresselia|Moonblast|p2a: \u56e1\u56e1\n|-resisted|p2a: \u56e1\u56e1\n|-damage|p2a: \u56e1\u56e1|87\/100\n|move|p2a: \u56e1\u56e1|Wish|p2a: \u56e1\u56e1\n|\n|upkeep\n|turn|30\n|\n|t:|1700652333\n|move|p1a: Cresselia|Moonblast|p2a: \u56e1\u56e1\n|-resisted|p2a: \u56e1\u56e1\n|-damage|p2a: \u56e1\u56e1|73\/100\n|-unboost|p2a: \u56e1\u56e1|spa|1\n|move|p2a: \u56e1\u56e1|Foul Play|p1a: Cresselia\n|-damage|p1a: Cresselia|54\/100\n|\n|-heal|p2a: \u56e1\u56e1|100\/100|[from] move: Wish|[wisher] \u56e1\u56e1\n|upkeep\n|turn|31\n|\n|t:|1700652335\n|move|p1a: Cresselia|Moonblast|p2a: \u56e1\u56e1\n|-resisted|p2a: \u56e1\u56e1\n|-damage|p2a: \u56e1\u56e1|88\/100\n|move|p2a: \u56e1\u56e1|Foul Play|p1a: Cresselia\n|-damage|p1a: Cresselia|44\/100\n|\n|upkeep\n|turn|32\n|\n|t:|1700652338\n|move|p1a: Cresselia|Moonblast|p2a: \u56e1\u56e1\n|-resisted|p2a: \u56e1\u56e1\n|-damage|p2a: \u56e1\u56e1|74\/100\n|move|p2a: \u56e1\u56e1|Foul Play|p1a: Cresselia\n|-damage|p1a: Cresselia|34\/100\n|\n|upkeep\n|turn|33\n|\n|t:|1700652342\n|move|p1a: Cresselia|Moonblast|p2a: \u56e1\u56e1\n|-resisted|p2a: \u56e1\u56e1\n|-damage|p2a: \u56e1\u56e1|62\/100\n|move|p2a: \u56e1\u56e1|Foul Play|p1a: Cresselia\n|-crit|p1a: Cresselia\n|-damage|p1a: Cresselia|19\/100\n|\n|upkeep\n|turn|34\n|\n|t:|1700652346\n|switch|p1a: Landorus|Landorus-Therian, M|70\/100 tox\n|-damage|p1a: Landorus|58\/100 tox|[from] Stealth Rock\n|-ability|p1a: Landorus|Intimidate|boost\n|-unboost|p2a: \u56e1\u56e1|atk|1\n|move|p2a: \u56e1\u56e1|Wish|p2a: \u56e1\u56e1\n|\n|-damage|p1a: Landorus|51\/100 tox|[from] psn\n|upkeep\n|turn|35\n|\n|t:|1700652351\n|switch|p1a: Cresselia|Cresselia, F, tera:Poison|19\/100\n|-damage|p1a: Cresselia|7\/100|[from] Stealth Rock\n|move|p2a: \u56e1\u56e1|Protect||[still]\n|-fail|p2a: \u56e1\u56e1\n|\n|-heal|p2a: \u56e1\u56e1|100\/100|[from] move: Wish|[wisher] \u56e1\u56e1\n|upkeep\n|turn|36\n|\n|t:|1700652355\n|move|p2a: \u56e1\u56e1|Protect|p2a: \u56e1\u56e1\n|-singleturn|p2a: \u56e1\u56e1|Protect\n|move|p1a: Cresselia|Moonlight|p1a: Cresselia\n|-heal|p1a: Cresselia|57\/100\n|\n|upkeep\n|turn|37\n|\n|t:|1700652360\n|switch|p1a: Landorus|Landorus-Therian, M|51\/100 tox\n|-damage|p1a: Landorus|39\/100 tox|[from] Stealth Rock\n|-ability|p1a: Landorus|Intimidate|boost\n|-unboost|p2a: \u56e1\u56e1|atk|1\n|switch|p2a: \u88d9\u4e0b\u4e4b\u81e3|Gardevoir, F, shiny|100\/100\n|-ability|p2a: \u88d9\u4e0b\u4e4b\u81e3|Intimidate|boost\n|-unboost|p1a: Landorus|atk|1\n|-ability|p2a: \u88d9\u4e0b\u4e4b\u81e3|Intimidate|[from] ability: Trace|[of] p1a: Landorus\n|\n|-damage|p1a: Landorus|33\/100 tox|[from] psn\n|upkeep\n|turn|38\n|\n|t:|1700652368\n|detailschange|p2a: \u88d9\u4e0b\u4e4b\u81e3|Gardevoir-Mega, F, shiny\n|-mega|p2a: \u88d9\u4e0b\u4e4b\u81e3|Gardevoir|Gardevoirite\n|move|p1a: Landorus|Rock Tomb|p2a: \u88d9\u4e0b\u4e4b\u81e3\n|-damage|p2a: \u88d9\u4e0b\u4e4b\u81e3|88\/100\n|-unboost|p2a: \u88d9\u4e0b\u4e4b\u81e3|spe|1\n|move|p2a: \u88d9\u4e0b\u4e4b\u81e3|Hyper Voice|p1a: Landorus\n|-damage|p1a: Landorus|0 fnt\n|faint|p1a: Landorus\n|\n|upkeep\n|\n|t:|1700652376\n|switch|p1a: Chandelure|Chandelure, F|43\/100 psn\n|-damage|p1a: Chandelure|18\/100 psn|[from] Stealth Rock\n|turn|39\n|\n|t:|1700652390\n|switch|p2a: \u56e1\u56e1|Umbreon, F, tera:Poison|100\/100\n|move|p1a: Chandelure|Overheat|p2a: \u56e1\u56e1\n|-crit|p2a: \u56e1\u56e1\n|-damage|p2a: \u56e1\u56e1|24\/100\n|-unboost|p1a: Chandelure|spa|2\n|\n|-damage|p1a: Chandelure|5\/100 psn|[from] psn\n|upkeep\n|turn|40\n|\n|t:|1700652395\n|move|p2a: \u56e1\u56e1|Protect|p2a: \u56e1\u56e1\n|-singleturn|p2a: \u56e1\u56e1|Protect\n|move|p1a: Chandelure|Overheat|p2a: \u56e1\u56e1\n|-activate|p2a: \u56e1\u56e1|move: Protect\n|\n|-damage|p1a: Chandelure|0 fnt|[from] psn\n|faint|p1a: Chandelure\n|upkeep\n|\n|t:|1700652404\n|switch|p1a: Iron Hands|Iron Hands|100\/100\n|-damage|p1a: Iron Hands|94\/100|[from] Stealth Rock\n|-enditem|p1a: Iron Hands|Booster Energy\n|-activate|p1a: Iron Hands|ability: Quark Drive|[fromitem]\n|-start|p1a: Iron Hands|quarkdriveatk\n|turn|41\n|\n|t:|1700652407\n|move|p2a: \u56e1\u56e1|Foul Play|p1a: Iron Hands\n|-resisted|p1a: Iron Hands\n|-damage|p1a: Iron Hands|76\/100\n|move|p1a: Iron Hands|Ice Punch|p2a: \u56e1\u56e1\n|-damage|p2a: \u56e1\u56e1|2\/100\n|\n|upkeep\n|turn|42\n|\n|t:|1700652413\n|move|p2a: \u56e1\u56e1|Wish|p2a: \u56e1\u56e1\n|move|p1a: Iron Hands|Drain Punch|p2a: \u56e1\u56e1\n|-resisted|p2a: \u56e1\u56e1\n|-damage|p2a: \u56e1\u56e1|0 fnt\n|-heal|p1a: Iron Hands|77\/100|[from] drain|[of] p2a: \u56e1\u56e1\n|faint|p2a: \u56e1\u56e1\n|\n|upkeep\n|\n|t:|1700652415\n|switch|p2a: \u88d9\u4e0b\u4e4b\u81e3|Gardevoir-Mega, F, shiny|88\/100\n|turn|43\n|\n|t:|1700652419\n|move|p2a: \u88d9\u4e0b\u4e4b\u81e3|Hyper Voice|p1a: Iron Hands\n|-supereffective|p1a: Iron Hands\n|-damage|p1a: Iron Hands|0 fnt\n|faint|p1a: Iron Hands\n|-end|p1a: Iron Hands|Quark Drive|[silent]\n|\n|-heal|p2a: \u88d9\u4e0b\u4e4b\u81e3|100\/100|[from] move: Wish|[wisher] \u56e1\u56e1\n|upkeep\n|\n|t:|1700652423\n|switch|p1a: Dragonite|Dragonite, F|100\/100\n|-damage|p1a: Dragonite|76\/100|[from] Stealth Rock\n|turn|44\n|\n|t:|1700652426\n|move|p1a: Dragonite|Extreme Speed|p2a: \u88d9\u4e0b\u4e4b\u81e3\n|-damage|p2a: \u88d9\u4e0b\u4e4b\u81e3|67\/100\n|move|p2a: \u88d9\u4e0b\u4e4b\u81e3|Hyper Voice|p1a: Dragonite\n|-supereffective|p1a: Dragonite\n|-damage|p1a: Dragonite|0 fnt\n|faint|p1a: Dragonite\n|\n|upkeep\n|\n|t:|1700652429\n|switch|p1a: Cresselia|Cresselia, F, tera:Poison|57\/100\n|-damage|p1a: Cresselia|44\/100|[from] Stealth Rock\n|turn|45\n|\n|t:|1700652433\n|move|p1a: Cresselia|Moonblast|p2a: \u88d9\u4e0b\u4e4b\u81e3\n|-damage|p2a: \u88d9\u4e0b\u4e4b\u81e3|53\/100\n|move|p2a: \u88d9\u4e0b\u4e4b\u81e3|Psyshock|p1a: Cresselia\n|-supereffective|p1a: Cresselia\n|-damage|p1a: Cresselia|0 fnt\n|faint|p1a: Cresselia\n|\n|win|As cheu\n|raw|tensaiindustries's rating: 1720 &rarr; <strong>1707<\/strong><br \/>(-13 for losing)\n|raw|As cheu's rating: 1856 &rarr; <strong>1869<\/strong><br \/>(+13 for winning)\n|l|\u2606tensaiindustries\n","uploadtime":1700652443,"views":20,"p1id":"tensaiindustries","p2id":"ascheu","formatid":"gen9nationaldex","rating":1707,"private":0,"password":""}