{"id":"gen9nationaldex-1990870930","p1":"farteous","p2":"Moregano18","format":"[Gen 9] National Dex","log":"|j|\u2606farteous\n|j|\u2606Moregano18\n|t:|1700009711\n|gametype|singles\n|player|p1|farteous|linebacker|\n|player|p2|Moregano18|backpacker|\n|teamsize|p1|6\n|teamsize|p2|6\n|gen|9\n|tier|[Gen 9] National Dex\n|rule|HP Percentage Mod: HP is shown in percentages\n|rule|Endless Battle Clause: Forcing endless battles is banned\n|rule|OHKO Clause: OHKO moves are banned\n|rule|Evasion Clause: Evasion abilities, items, and moves are banned\n|rule|Evasion Abilities Clause: Evasion abilities are banned\n|rule|Evasion Items Clause: Evasion items are banned\n|rule|Evasion Moves Clause: Evasion moves are banned\n|rule|Species Clause: Limit one of each Pok\u00e9mon\n|rule|Sleep Clause Mod: Limit one foe put to sleep\n|clearpoke\n|poke|p1|Zoroark-Hisui, L97, F|\n|poke|p1|Snorlax, L97, F|\n|poke|p1|Diggersby, L97, F|\n|poke|p1|Bewear, M|\n|poke|p1|Pyroar, L97, M|\n|poke|p1|Grafaiai, L97, F|\n|poke|p2|Araquanid, L97, F|\n|poke|p2|Buzzwole, L97|\n|poke|p2|Beedrill, L97, M|\n|poke|p2|Durant, L97, M|\n|poke|p2|Forretress, L97, M|\n|poke|p2|Volcarona, L97, M|\n|teampreview\n|\n|t:|1700009756\n|start\n|switch|p1a: Diggersby|Diggersby, L97, F|100\/100\n|switch|p2a: Araquanid|Araquanid, L97, F|100\/100\n|turn|1\n|\n|t:|1700009773\n|move|p1a: Diggersby|Wild Charge|p2a: Araquanid\n|-supereffective|p2a: Araquanid\n|-damage|p2a: Araquanid|10\/100\n|-damage|p1a: Diggersby|78\/100|[from] Recoil\n|move|p2a: Araquanid|Liquidation|p1a: Diggersby\n|-supereffective|p1a: Diggersby\n|-damage|p1a: Diggersby|0 fnt\n|faint|p1a: Diggersby\n|\n|-heal|p2a: Araquanid|16\/100|[from] item: Leftovers\n|upkeep\n|\n|t:|1700009805\n|switch|p1a: Pyroar|Pyroar, L97, M|100\/100\n|-ability|p1a: Pyroar|Unnerve\n|turn|2\n|\n|t:|1700009812\n|move|p1a: Pyroar|Flamethrower|p2a: Araquanid\n|-damage|p2a: Araquanid|0 fnt\n|faint|p2a: Araquanid\n|\n|upkeep\n|\n|t:|1700009818\n|switch|p2a: Volcarona|Volcarona, L97, M|100\/100\n|turn|3\n|\n|t:|1700009828\n|switch|p1a: Snorlax|Snorlax, L97, F|100\/100\n|move|p2a: Volcarona|Quiver Dance|p2a: Volcarona\n|-boost|p2a: Volcarona|spa|1\n|-boost|p2a: Volcarona|spd|1\n|-boost|p2a: Volcarona|spe|1\n|\n|upkeep\n|turn|4\n|\n|t:|1700009842\n|move|p2a: Volcarona|Quiver Dance|p2a: Volcarona\n|-boost|p2a: Volcarona|spa|1\n|-boost|p2a: Volcarona|spd|1\n|-boost|p2a: Volcarona|spe|1\n|move|p1a: Snorlax|Earthquake|p2a: Volcarona\n|-damage|p2a: Volcarona|50\/100\n|\n|upkeep\n|turn|5\n|\n|t:|1700009854\n|move|p2a: Volcarona|Giga Drain|p1a: Snorlax\n|-damage|p1a: Snorlax|81\/100\n|-heal|p2a: Volcarona|66\/100|[from] drain|[of] p1a: Snorlax\n|move|p1a: Snorlax|Earthquake|p2a: Volcarona\n|-damage|p2a: Volcarona|19\/100\n|\n|upkeep\n|turn|6\n|\n|t:|1700009874\n|move|p2a: Volcarona|Fiery Dance|p1a: Snorlax\n|-damage|p1a: Snorlax|47\/100\n|move|p1a: Snorlax|Earthquake|p2a: Volcarona\n|-damage|p2a: Volcarona|0 fnt\n|faint|p2a: Volcarona\n|\n|upkeep\n|\n|t:|1700009880\n|switch|p2a: Buzzwole|Buzzwole, L97|100\/100\n|turn|7\n|\n|t:|1700009893\n|move|p2a: Buzzwole|Power-Up Punch|p1a: Snorlax\n|-supereffective|p1a: Snorlax\n|-damage|p1a: Snorlax|3\/100\n|-boost|p2a: Buzzwole|atk|1\n|move|p1a: Snorlax|Body Slam|p2a: Buzzwole\n|-damage|p2a: Buzzwole|75\/100\n|\n|upkeep\n|turn|8\n|\n|t:|1700009903\n|move|p2a: Buzzwole|Leech Life|p1a: Snorlax\n|-damage|p1a: Snorlax|0 fnt\n|-heal|p2a: Buzzwole|77\/100|[from] drain|[of] p1a: Snorlax\n|faint|p1a: Snorlax\n|-ability|p2a: Buzzwole|Beast Boost|boost\n|-boost|p2a: Buzzwole|def|1\n|\n|upkeep\n|\n|t:|1700009920\n|switch|p1a: Pyroar|Pyroar, L97, M|100\/100\n|-ability|p1a: Pyroar|Unnerve\n|turn|9\n|\n|t:|1700009934\n|move|p1a: Pyroar|Flamethrower|p2a: Buzzwole\n|-supereffective|p2a: Buzzwole\n|-damage|p2a: Buzzwole|0 fnt\n|faint|p2a: Buzzwole\n|\n|upkeep\n|\n|t:|1700009940\n|switch|p2a: Beedrill|Beedrill, L97, M|100\/100\n|turn|10\n|\n|t:|1700009948\n|detailschange|p2a: Beedrill|Beedrill-Mega, L97, M\n|-mega|p2a: Beedrill|Beedrill|Beedrillite\n|move|p2a: Beedrill|Poison Jab|p1a: Pyroar\n|-damage|p1a: Pyroar|12\/100\n|-status|p1a: Pyroar|psn\n|move|p1a: Pyroar|Flamethrower|p2a: Beedrill\n|-supereffective|p2a: Beedrill\n|-damage|p2a: Beedrill|0 fnt\n|faint|p2a: Beedrill\n|\n|-damage|p1a: Pyroar|0 fnt|[from] psn\n|faint|p1a: Pyroar\n|upkeep\n|\n|t:|1700009981\n|switch|p2a: Durant|Durant, L97, M|100\/100\n|switch|p1a: Grafaiai|Grafaiai, L97, F|100\/100\n|turn|11\n|\n|t:|1700009993\n|switch|p2a: Forretress|Forretress, L97, M|100\/100\n|move|p1a: Grafaiai|Switcheroo|p2a: Forretress\n|-activate|p1a: Grafaiai|move: Trick|[of] p2a: Forretress\n|-item|p2a: Forretress|Lagging Tail|[from] move: Switcheroo\n|-item|p1a: Grafaiai|Heavy-Duty Boots|[from] move: Switcheroo\n|\n|upkeep\n|turn|12\n|\n|t:|1700010014\n|move|p1a: Grafaiai|Switcheroo|p2a: Forretress\n|-activate|p1a: Grafaiai|move: Trick|[of] p2a: Forretress\n|-item|p2a: Forretress|Heavy-Duty Boots|[from] move: Switcheroo\n|-item|p1a: Grafaiai|Lagging Tail|[from] move: Switcheroo\n|move|p2a: Forretress|Spikes|p1a: Grafaiai\n|-sidestart|p1: farteous|Spikes\n|\n|upkeep\n|turn|13\n|\n|t:|1700010022\n|move|p1a: Grafaiai|Parting Shot|p2a: Forretress\n|-unboost|p2a: Forretress|atk|1\n|-unboost|p2a: Forretress|spa|1\n|\n|t:|1700010029\n|switch|p1a: Bewear|Bewear, M|100\/100|[from] Parting Shot\n|-damage|p1a: Bewear|88\/100|[from] Spikes\n|move|p2a: Forretress|Spikes|p1a: Bewear\n|-sidestart|p1: farteous|Spikes\n|\n|upkeep\n|turn|14\n|\n|t:|1700010045\n|move|p1a: Bewear|Darkest Lariat|p2a: Forretress\n|-damage|p2a: Forretress|84\/100\n|move|p2a: Forretress|Spikes|p1a: Bewear\n|-sidestart|p1: farteous|Spikes\n|\n|upkeep\n|turn|15\n|\n|t:|1700010063\n|move|p1a: Bewear|Drain Punch|p2a: Forretress\n|-crit|p2a: Forretress\n|-damage|p2a: Forretress|52\/100\n|-heal|p1a: Bewear|100\/100|[from] drain|[of] p2a: Forretress\n|move|p2a: Forretress|Counter|p1a: Bewear\n|-damage|p1a: Bewear|51\/100\n|-damage|p2a: Forretress|35\/100|[from] item: Rocky Helmet|[of] p1a: Bewear\n|\n|upkeep\n|turn|16\n|\n|t:|1700010085\n|move|p1a: Bewear|High Horsepower|p2a: Forretress\n|-damage|p2a: Forretress|19\/100\n|move|p2a: Forretress|Counter|p1a: Bewear\n|-damage|p1a: Bewear|24\/100\n|-damage|p2a: Forretress|2\/100|[from] item: Rocky Helmet|[of] p1a: Bewear\n|\n|upkeep\n|turn|17\n|\n|t:|1700010094\n|move|p1a: Bewear|Drain Punch|p2a: Forretress\n|-damage|p2a: Forretress|0 fnt\n|-heal|p1a: Bewear|25\/100|[from] drain|[of] p2a: Forretress\n|faint|p2a: Forretress\n|\n|upkeep\n|\n|t:|1700010099\n|switch|p2a: Durant|Durant, L97, M|100\/100\n|turn|18\n|\n|t:|1700010109\n|move|p2a: Durant|Hone Claws|p2a: Durant\n|-boost|p2a: Durant|atk|1\n|-boost|p2a: Durant|accuracy|1\n|move|p1a: Bewear|Drain Punch|p2a: Durant\n|-damage|p2a: Durant|55\/100\n|-heal|p1a: Bewear|38\/100|[from] drain|[of] p2a: Durant\n|\n|upkeep\n|turn|19\n|\n|t:|1700010121\n|move|p2a: Durant|Iron Head|p1a: Bewear\n|-damage|p1a: Bewear|8\/100\n|-damage|p2a: Durant|38\/100|[from] item: Rocky Helmet|[of] p1a: Bewear\n|-heal|p2a: Durant|45\/100|[from] item: Shell Bell|[of] p1a: Bewear\n|move|p1a: Bewear|Drain Punch|p2a: Durant\n|-damage|p2a: Durant|0 fnt\n|-heal|p1a: Bewear|20\/100|[from] drain|[of] p2a: Durant\n|faint|p2a: Durant\n|\n|win|farteous\n","uploadtime":1700010147,"views":4,"p1id":"farteous","p2id":"moregano18","formatid":"gen9nationaldex","rating":0,"private":0,"password":""}