{"id":"gen9nationaldex-1991894155","p1":"psycotia","p2":"shenye","format":"[Gen 9] National Dex","log":"|j|\u2606psycotia\n|j|\u2606shenye\n|t:|1700134789\n|gametype|singles\n|player|p1|psycotia|kimonogirl|1173\n|player|p2|shenye|n|1173\n|teamsize|p1|6\n|teamsize|p2|6\n|gen|9\n|tier|[Gen 9] National Dex\n|rated|\n|rule|HP Percentage Mod: HP is shown in percentages\n|rule|Endless Battle Clause: Forcing endless battles is banned\n|rule|OHKO Clause: OHKO moves are banned\n|rule|Evasion Clause: Evasion abilities, items, and moves are banned\n|rule|Evasion Abilities Clause: Evasion abilities are banned\n|rule|Evasion Items Clause: Evasion items are banned\n|rule|Evasion Moves Clause: Evasion moves are banned\n|rule|Species Clause: Limit one of each Pok\u00e9mon\n|rule|Sleep Clause Mod: Limit one foe put to sleep\n|clearpoke\n|poke|p1|Excadrill, F|\n|poke|p1|Grimmsnarl, M|\n|poke|p1|Charizard, F|\n|poke|p1|Gyarados, M|\n|poke|p1|Volcarona, M|\n|poke|p1|Iron Valiant|\n|poke|p2|Dragonite, M|\n|poke|p2|Garchomp, M|\n|poke|p2|Kommo-o, M|\n|poke|p2|Goodra-Hisui, F|\n|poke|p2|Charizard, M|\n|poke|p2|Hydreigon, M|\n|teampreview\n|\n|t:|1700134796\n|start\n|switch|p1a: Excadrill|Excadrill, F|100\/100\n|switch|p2a: Charizard|Charizard, M|100\/100\n|-ability|p1a: Excadrill|Mold Breaker\n|turn|1\n|inactive|Battle timer is ON: inactive players will automatically lose when time's up. (requested by shenye)\n|\n|t:|1700134805\n|detailschange|p2a: Charizard|Charizard-Mega-X, M\n|-mega|p2a: Charizard|Charizard|Charizardite X\n|move|p2a: Charizard|Flare Blitz|p1a: Excadrill\n|-supereffective|p1a: Excadrill\n|-enditem|p1a: Excadrill|Focus Sash\n|-damage|p1a: Excadrill|1\/100\n|-damage|p2a: Charizard|54\/100|[from] Recoil\n|move|p1a: Excadrill|Rapid Spin|p2a: Charizard\n|-damage|p2a: Charizard|38\/100\n|-boost|p1a: Excadrill|spe|1\n|\n|upkeep\n|turn|2\n|\n|t:|1700134818\n|move|p1a: Excadrill|Earthquake|p2a: Charizard\n|-supereffective|p2a: Charizard\n|-damage|p2a: Charizard|0 fnt\n|faint|p2a: Charizard\n|\n|upkeep\n|\n|t:|1700134823\n|switch|p2a: Dragonite|Dragonite, M|100\/100\n|turn|3\n|\n|t:|1700134827\n|move|p2a: Dragonite|Extreme Speed|p1a: Excadrill\n|-resisted|p1a: Excadrill\n|-damage|p1a: Excadrill|0 fnt\n|faint|p1a: Excadrill\n|\n|upkeep\n|\n|t:|1700134831\n|switch|p1a: another suicide|Grimmsnarl, M|100\/100\n|turn|4\n|\n|t:|1700134836\n|switch|p2a: Goodra|Goodra-Hisui, F|100\/100\n|move|p1a: another suicide|Taunt|p2a: Goodra\n|-start|p2a: Goodra|move: Taunt\n|\n|upkeep\n|turn|5\n|\n|t:|1700134848\n|move|p1a: another suicide|Reflect|p1a: another suicide\n|-sidestart|p1: psycotia|Reflect\n|move|p2a: Goodra|Flash Cannon|p1a: another suicide\n|-supereffective|p1a: another suicide\n|-damage|p1a: another suicide|42\/100\n|-unboost|p1a: another suicide|spd|1\n|\n|upkeep\n|turn|6\n|\n|t:|1700134855\n|move|p1a: another suicide|Light Screen|p1a: another suicide\n|-sidestart|p1: psycotia|move: Light Screen\n|move|p2a: Goodra|Flash Cannon|p1a: another suicide\n|-supereffective|p1a: another suicide\n|-damage|p1a: another suicide|0 fnt\n|faint|p1a: another suicide\n|\n|-end|p2a: Goodra|move: Taunt\n|upkeep\n|\n|t:|1700134863\n|switch|p1a: Volcarona|Volcarona, M|100\/100\n|turn|7\n|\n|t:|1700134871\n|move|p1a: Volcarona|Quiver Dance|p1a: Volcarona\n|-boost|p1a: Volcarona|spa|1\n|-boost|p1a: Volcarona|spd|1\n|-boost|p1a: Volcarona|spe|1\n|move|p2a: Goodra|Surf|p1a: Volcarona\n|-supereffective|p1a: Volcarona\n|-damage|p1a: Volcarona|81\/100\n|\n|upkeep\n|turn|8\n|\n|t:|1700134879\n|-terastallize|p2a: Goodra|Water\n|move|p1a: Volcarona|Fiery Dance|p2a: Goodra\n|-resisted|p2a: Goodra\n|-damage|p2a: Goodra|86\/100\n|move|p2a: Goodra|Surf|p1a: Volcarona\n|-supereffective|p1a: Volcarona\n|-damage|p1a: Volcarona|46\/100\n|\n|upkeep\n|turn|9\n|\n|t:|1700134886\n|move|p1a: Volcarona|Bug Buzz|p2a: Goodra\n|-damage|p2a: Goodra|49\/100\n|move|p2a: Goodra|Surf|p1a: Volcarona\n|-supereffective|p1a: Volcarona\n|-damage|p1a: Volcarona|15\/100\n|\n|upkeep\n|turn|10\n|\n|t:|1700134893\n|move|p1a: Volcarona|Bug Buzz|p2a: Goodra\n|-crit|p2a: Goodra\n|-damage|p2a: Goodra|0 fnt\n|faint|p2a: Goodra\n|\n|upkeep\n|\n|t:|1700134906\n|switch|p2a: Kommo-o|Kommo-o, M|100\/100\n|turn|11\n|\n|t:|1700134911\n|move|p1a: Volcarona|Fiery Dance|p2a: Kommo-o\n|-resisted|p2a: Kommo-o\n|-damage|p2a: Kommo-o|68\/100\n|-boost|p1a: Volcarona|spa|1\n|-zpower|p2a: Kommo-o\n|move|p2a: Kommo-o|Clangorous Soulblaze|p1a: Volcarona|[zeffect]\n|-damage|p1a: Volcarona|0 fnt\n|faint|p1a: Volcarona\n|-boost|p2a: Kommo-o|atk|1\n|-boost|p2a: Kommo-o|def|1\n|-boost|p2a: Kommo-o|spa|1\n|-boost|p2a: Kommo-o|spd|1\n|-boost|p2a: Kommo-o|spe|1\n|\n|upkeep\n|\n|t:|1700134915\n|switch|p1a: Iron Valiant|Iron Valiant|100\/100\n|-enditem|p1a: Iron Valiant|Booster Energy\n|-activate|p1a: Iron Valiant|ability: Quark Drive|[fromitem]\n|-start|p1a: Iron Valiant|quarkdrivespe\n|turn|12\n|\n|t:|1700134933\n|move|p1a: Iron Valiant|Moonblast|p2a: Kommo-o\n|-supereffective|p2a: Kommo-o\n|-damage|p2a: Kommo-o|0 fnt\n|faint|p2a: Kommo-o\n|\n|-sideend|p1: psycotia|Reflect\n|upkeep\n|\n|t:|1700134940\n|switch|p2a: Dragonite|Dragonite, M|100\/100\n|turn|13\n|\n|t:|1700134946\n|move|p2a: Dragonite|Extreme Speed|p1a: Iron Valiant\n|-damage|p1a: Iron Valiant|35\/100\n|move|p1a: Iron Valiant|Moonblast|p2a: Dragonite\n|-supereffective|p2a: Dragonite\n|-damage|p2a: Dragonite|58\/100\n|-unboost|p2a: Dragonite|spa|1\n|\n|-sideend|p1: psycotia|move: Light Screen\n|upkeep\n|turn|14\n|\n|t:|1700134954\n|move|p2a: Dragonite|Extreme Speed|p1a: Iron Valiant\n|-crit|p1a: Iron Valiant\n|-damage|p1a: Iron Valiant|0 fnt\n|faint|p1a: Iron Valiant\n|-end|p1a: Iron Valiant|Quark Drive|[silent]\n|\n|upkeep\n|\n|t:|1700134959\n|switch|p1a: KAIDOOOOO|Gyarados, M|100\/100\n|turn|15\n|\n|t:|1700134977\n|move|p2a: Dragonite|Extreme Speed|p1a: KAIDOOOOO\n|-damage|p1a: KAIDOOOOO|41\/100\n|move|p1a: KAIDOOOOO|Dragon Dance|p1a: KAIDOOOOO\n|-boost|p1a: KAIDOOOOO|atk|1\n|-boost|p1a: KAIDOOOOO|spe|1\n|\n|upkeep\n|turn|16\n|\n|t:|1700134983\n|move|p2a: Dragonite|Extreme Speed|p1a: KAIDOOOOO\n|-damage|p1a: KAIDOOOOO|0 fnt\n|faint|p1a: KAIDOOOOO\n|\n|upkeep\n|\n|t:|1700134986\n|switch|p1a: Gear SEVEN|Charizard, F|100\/100\n|turn|17\n|\n|t:|1700134996\n|detailschange|p1a: Gear SEVEN|Charizard-Mega-X, F\n|-mega|p1a: Gear SEVEN|Charizard|Charizardite X\n|move|p2a: Dragonite|Extreme Speed|p1a: Gear SEVEN\n|-damage|p1a: Gear SEVEN|55\/100\n|move|p1a: Gear SEVEN|Dragon Claw|p2a: Dragonite\n|-supereffective|p2a: Dragonite\n|-damage|p2a: Dragonite|0 fnt\n|faint|p2a: Dragonite\n|\n|upkeep\n|\n|t:|1700135013\n|switch|p2a: Garchomp|Garchomp, M|100\/100\n|turn|18\n|\n|t:|1700135022\n|move|p1a: Gear SEVEN|Dragon Claw|p2a: Garchomp\n|-supereffective|p2a: Garchomp\n|-damage|p2a: Garchomp|20\/100\n|-damage|p1a: Gear SEVEN|43\/100|[from] ability: Rough Skin|[of] p2a: Garchomp\n|-damage|p1a: Gear SEVEN|26\/100|[from] item: Rocky Helmet|[of] p2a: Garchomp\n|move|p2a: Garchomp|Dragon Claw|p1a: Gear SEVEN\n|-supereffective|p1a: Gear SEVEN\n|-damage|p1a: Gear SEVEN|0 fnt\n|faint|p1a: Gear SEVEN\n|\n|win|shenye\n|raw|psycotia's rating: 1173 &rarr; <strong>1148<\/strong><br \/>(-25 for losing)\n|raw|shenye's rating: 1173 &rarr; <strong>1198<\/strong><br \/>(+25 for winning)\n|l|\u2606psycotia\n","uploadtime":1700135038,"views":4,"p1id":"psycotia","p2id":"shenye","formatid":"gen9nationaldex","rating":1148,"private":0,"password":""}