{"id":"gen9nationaldex-1995111862","p1":"Xhrixs","p2":"Mr300Milesof","format":"[Gen 9] National Dex","log":"|html|<div class=\"broadcast-blue\"><strong>[Gen 9] National Dex is currently suspecting Sneasler! For information on how to participate check out the <a href=\"https:\/\/www.smogon.com\/forums\/threads\/sv-national-dex-suspect-8-just-dance.3731534\/\">suspect thread<\/a>.<\/strong><\/div>\n|j|\u2606Xhrixs\n|j|\u2606Mr300Milesof\n|t:|1700523852\n|gametype|singles\n|player|p1|Xhrixs|1|1463\n|player|p2|Mr300Milesof|acerola|1361\n|teamsize|p1|6\n|teamsize|p2|6\n|gen|9\n|tier|[Gen 9] National Dex\n|rated|\n|rule|HP Percentage Mod: HP is shown in percentages\n|rule|Endless Battle Clause: Forcing endless battles is banned\n|rule|OHKO Clause: OHKO moves are banned\n|rule|Evasion Clause: Evasion abilities, items, and moves are banned\n|rule|Evasion Abilities Clause: Evasion abilities are banned\n|rule|Evasion Items Clause: Evasion items are banned\n|rule|Evasion Moves Clause: Evasion moves are banned\n|rule|Species Clause: Limit one of each Pok\u00e9mon\n|rule|Sleep Clause Mod: Limit one foe put to sleep\n|clearpoke\n|poke|p1|Rillaboom, F|\n|poke|p1|Sneasler, M|\n|poke|p1|Charizard, M|\n|poke|p1|Hatterene, F|\n|poke|p1|Shuckle, F|\n|poke|p1|Ursaluna, F|\n|poke|p2|Vileplume, M|\n|poke|p2|Tapu Fini|\n|poke|p2|Mew|\n|poke|p2|Cinderace, M|\n|poke|p2|Galvantula, F|\n|poke|p2|Gliscor, F|\n|teampreview\n|inactive|Battle timer is ON: inactive players will automatically lose when time's up. (requested by Xhrixs)\n|\n|t:|1700523909\n|start\n|switch|p1a: Charizard|Charizard, M|100\/100\n|switch|p2a: Vileplume|Vileplume, M|100\/100\n|turn|1\n|\n|t:|1700523929\n|switch|p1a: Hatterene|Hatterene, F|100\/100\n|switch|p2a: Tapu Fini|Tapu Fini|100\/100\n|-fieldstart|move: Misty Terrain|[from] ability: Misty Surge|[of] p2a: Tapu Fini\n|\n|upkeep\n|turn|2\n|\n|t:|1700523949\n|switch|p2a: Gliscor|Gliscor, F|100\/100\n|move|p1a: Hatterene|Nuzzle|p2a: Gliscor\n|-immune|p2a: Gliscor\n|\n|-status|p2a: Gliscor|tox|[from] item: Toxic Orb\n|upkeep\n|turn|3\n|\n|t:|1700523956\n|switch|p1a: Shuckle|Shuckle, F|100\/100\n|move|p2a: Gliscor|Knock Off|p1a: Shuckle\n|-crit|p1a: Shuckle\n|-damage|p1a: Shuckle|82\/100\n|-enditem|p1a: Shuckle|Mental Herb|[from] move: Knock Off|[of] p2a: Gliscor\n|\n|upkeep\n|turn|4\n|\n|t:|1700523964\n|move|p2a: Gliscor|Earthquake|p1a: Shuckle\n|-damage|p1a: Shuckle|64\/100\n|move|p1a: Shuckle|Stealth Rock|p2a: Gliscor\n|-sidestart|p2: Mr300Milesof|move: Stealth Rock\n|\n|upkeep\n|turn|5\n|\n|t:|1700523971\n|move|p2a: Gliscor|Defog|p1a: Shuckle\n|-unboost|p1a: Shuckle|evasion|1\n|-sideend|p2: Mr300Milesof|Stealth Rock|[from] move: Defog|[of] p2a: Gliscor\n|-fieldend|Misty Terrain\n|move|p1a: Shuckle|Knock Off|p2a: Gliscor\n|-damage|p2a: Gliscor|96\/100 tox\n|-enditem|p2a: Gliscor|Toxic Orb|[from] move: Knock Off|[of] p1a: Shuckle\n|\n|-heal|p2a: Gliscor|100\/100 tox|[from] ability: Poison Heal\n|upkeep\n|turn|6\n|\n|t:|1700523986\n|switch|p1a: Charizard|Charizard, M|100\/100\n|move|p2a: Gliscor|Toxic|p1a: Charizard\n|-status|p1a: Charizard|tox\n|\n|-damage|p1a: Charizard|94\/100 tox|[from] psn\n|upkeep\n|turn|7\n|\n|t:|1700523993\n|detailschange|p1a: Charizard|Charizard-Mega-Y, M\n|-mega|p1a: Charizard|Charizard|Charizardite Y\n|-weather|SunnyDay|[from] ability: Drought|[of] p1a: Charizard\n|move|p1a: Charizard|Fire Blast|p2a: Gliscor|[miss]\n|-miss|p1a: Charizard|p2a: Gliscor\n|move|p2a: Gliscor|Knock Off|p1a: Charizard\n|-damage|p1a: Charizard|74\/100 tox\n|\n|-weather|SunnyDay|[upkeep]\n|-damage|p1a: Charizard|61\/100 tox|[from] psn\n|upkeep\n|turn|8\n|\n|t:|1700524005\n|switch|p2a: Cinderace|Cinderace, M|100\/100\n|move|p1a: Charizard|Fire Blast|p2a: Cinderace\n|-resisted|p2a: Cinderace\n|-damage|p2a: Cinderace|29\/100\n|\n|-weather|SunnyDay|[upkeep]\n|-damage|p1a: Charizard|43\/100 tox|[from] psn\n|upkeep\n|turn|9\n|\n|t:|1700524015\n|switch|p1a: Shuckle|Shuckle, F|64\/100\n|move|p2a: Cinderace|Gunk Shot|p1a: Shuckle\n|-start|p2a: Cinderace|typechange|Poison|[from] ability: Libero\n|-resisted|p1a: Shuckle\n|-damage|p1a: Shuckle|49\/100\n|\n|-weather|SunnyDay|[upkeep]\n|upkeep\n|turn|10\n|\n|t:|1700524023\n|move|p2a: Cinderace|Pyro Ball|p1a: Shuckle\n|-damage|p1a: Shuckle|15\/100\n|move|p1a: Shuckle|Knock Off|p2a: Cinderace\n|-damage|p2a: Cinderace|22\/100\n|-enditem|p2a: Cinderace|Heavy-Duty Boots|[from] move: Knock Off|[of] p1a: Shuckle\n|\n|-weather|SunnyDay|[upkeep]\n|upkeep\n|turn|11\n|\n|t:|1700524030\n|move|p2a: Cinderace|Pyro Ball|p1a: Shuckle\n|-damage|p1a: Shuckle|0 fnt\n|faint|p1a: Shuckle\n|\n|-weather|none\n|upkeep\n|\n|t:|1700524041\n|switch|p1a: Rillaboom|Rillaboom, F|100\/100\n|-fieldstart|move: Grassy Terrain|[from] ability: Grassy Surge|[of] p1a: Rillaboom\n|turn|12\n|\n|t:|1700524045\n|switch|p2a: Vileplume|Vileplume, M|100\/100\n|move|p1a: Rillaboom|Grassy Glide|p2a: Vileplume\n|-resisted|p2a: Vileplume\n|-damage|p2a: Vileplume|89\/100\n|-damage|p1a: Rillaboom|84\/100|[from] item: Rocky Helmet|[of] p2a: Vileplume\n|\n|-heal|p1a: Rillaboom|90\/100|[from] Grassy Terrain\n|-heal|p2a: Vileplume|95\/100|[from] Grassy Terrain\n|upkeep\n|turn|13\n|\n|t:|1700524055\n|switch|p1a: Hatterene|Hatterene, F|100\/100\n|move|p2a: Vileplume|Sleep Powder|p1a: Hatterene\n|move|p1a: Hatterene|Sleep Powder|p2a: Vileplume|[from]ability: Magic Bounce\n|-immune|p2a: Vileplume\n|\n|-heal|p2a: Vileplume|100\/100|[from] Grassy Terrain\n|upkeep\n|turn|14\n|\n|t:|1700524063\n|switch|p2a: fetus|Mew|100\/100\n|move|p1a: Hatterene|Trick Room|p1a: Hatterene\n|-fieldstart|move: Trick Room|[of] p1a: Hatterene\n|\n|upkeep\n|turn|15\n|\n|t:|1700524069\n|move|p1a: Hatterene|Misty Explosion|p2a: fetus\n|-damage|p2a: fetus|71\/100\n|faint|p1a: Hatterene\n|move|p2a: fetus|Cosmic Power|p2a: fetus\n|-boost|p2a: fetus|def|1\n|-boost|p2a: fetus|spd|1\n|\n|-heal|p2a: fetus|77\/100|[from] Grassy Terrain\n|upkeep\n|\n|t:|1700524077\n|switch|p1a: Ursaluna|Ursaluna, F|100\/100\n|turn|16\n|\n|t:|1700524080\n|move|p1a: Ursaluna|Facade|p2a: fetus\n|-damage|p2a: fetus|52\/100\n|move|p2a: fetus|Cosmic Power|p2a: fetus\n|-boost|p2a: fetus|def|1\n|-boost|p2a: fetus|spd|1\n|\n|-heal|p2a: fetus|58\/100|[from] Grassy Terrain\n|-fieldend|move: Grassy Terrain\n|-status|p1a: Ursaluna|brn|[from] item: Flame Orb\n|upkeep\n|turn|17\n|\n|t:|1700524090\n|move|p1a: Ursaluna|Facade|p2a: fetus\n|-crit|p2a: fetus\n|-damage|p2a: fetus|0 fnt\n|faint|p2a: fetus\n|\n|-damage|p1a: Ursaluna|94\/100 brn|[from] brn\n|upkeep\n|\n|t:|1700524097\n|switch|p2a: Vileplume|Vileplume, M|100\/100\n|turn|18\n|\n|t:|1700524101\n|move|p1a: Ursaluna|Fire Punch|p2a: Vileplume\n|-supereffective|p2a: Vileplume\n|-damage|p2a: Vileplume|36\/100\n|-status|p2a: Vileplume|brn\n|-damage|p1a: Ursaluna|78\/100 brn|[from] item: Rocky Helmet|[of] p2a: Vileplume\n|move|p2a: Vileplume|Strength Sap|p1a: Ursaluna\n|-unboost|p1a: Ursaluna|atk|1\n|-heal|p2a: Vileplume|100\/100 brn\n|\n|-damage|p1a: Ursaluna|71\/100 brn|[from] brn\n|-damage|p2a: Vileplume|94\/100 brn|[from] brn\n|-fieldend|move: Trick Room\n|upkeep\n|turn|19\n|\n|t:|1700524114\n|switch|p1a: Charizard|Charizard-Mega-Y, M|43\/100 tox\n|-weather|SunnyDay|[from] ability: Drought|[of] p1a: Charizard\n|move|p2a: Vileplume|Giga Drain|p1a: Charizard\n|-resisted|p1a: Charizard\n|-damage|p1a: Charizard|37\/100 tox\n|-heal|p2a: Vileplume|97\/100 brn|[from] drain|[of] p1a: Charizard\n|\n|-weather|SunnyDay|[upkeep]\n|-damage|p1a: Charizard|31\/100 tox|[from] psn\n|-damage|p2a: Vileplume|91\/100 brn|[from] brn\n|upkeep\n|turn|20\n|\n|t:|1700524126\n|switch|p2a: Tapu Fini|Tapu Fini|100\/100\n|-fieldstart|move: Misty Terrain|[from] ability: Misty Surge|[of] p2a: Tapu Fini\n|move|p1a: Charizard|Fire Blast|p2a: Tapu Fini\n|-resisted|p2a: Tapu Fini\n|-damage|p2a: Tapu Fini|55\/100\n|\n|-weather|SunnyDay|[upkeep]\n|-damage|p1a: Charizard|19\/100 tox|[from] psn\n|upkeep\n|turn|21\n|\n|t:|1700524136\n|move|p2a: Tapu Fini|Moonblast|p1a: Charizard\n|-resisted|p1a: Charizard\n|-damage|p1a: Charizard|0 fnt\n|faint|p1a: Charizard\n|\n|-weather|SunnyDay|[upkeep]\n|upkeep\n|\n|t:|1700524144\n|switch|p1a: Rillaboom|Rillaboom, F|90\/100\n|-fieldstart|move: Grassy Terrain|[from] ability: Grassy Surge|[of] p1a: Rillaboom\n|turn|22\n|\n|t:|1700524148\n|switch|p2a: Vileplume|Vileplume, M|91\/100 brn\n|move|p1a: Rillaboom|U-turn|p2a: Vileplume\n|-damage|p2a: Vileplume|63\/100 brn\n|-damage|p1a: Rillaboom|74\/100|[from] item: Rocky Helmet|[of] p2a: Vileplume\n|\n|t:|1700524153\n|switch|p1a: Ursaluna|Ursaluna, F|71\/100 brn|[from] U-turn\n|\n|-weather|SunnyDay|[upkeep]\n|-heal|p2a: Vileplume|69\/100 brn|[from] Grassy Terrain\n|-heal|p1a: Ursaluna|78\/100 brn|[from] Grassy Terrain\n|-damage|p2a: Vileplume|63\/100 brn|[from] brn\n|-damage|p1a: Ursaluna|71\/100 brn|[from] brn\n|upkeep\n|turn|23\n|\n|t:|1700524167\n|switch|p2a: Galvantula|Galvantula, F|100\/100\n|move|p1a: Ursaluna|Fire Punch|p2a: Galvantula\n|-supereffective|p2a: Galvantula\n|-enditem|p2a: Galvantula|Focus Sash\n|-damage|p2a: Galvantula|1\/100\n|\n|-weather|none\n|-heal|p2a: Galvantula|7\/100|[from] Grassy Terrain\n|-heal|p1a: Ursaluna|78\/100 brn|[from] Grassy Terrain\n|-damage|p1a: Ursaluna|71\/100 brn|[from] brn\n|upkeep\n|turn|24\n|\n|t:|1700524183\n|move|p2a: Galvantula|Giga Drain|p1a: Ursaluna\n|-supereffective|p1a: Ursaluna\n|-damage|p1a: Ursaluna|21\/100 brn\n|-heal|p2a: Galvantula|48\/100|[from] drain|[of] p1a: Ursaluna\n|move|p1a: Ursaluna|Facade|p2a: Galvantula\n|-damage|p2a: Galvantula|0 fnt\n|faint|p2a: Galvantula\n|\n|-heal|p1a: Ursaluna|28\/100 brn|[from] Grassy Terrain\n|-damage|p1a: Ursaluna|21\/100 brn|[from] brn\n|upkeep\n|\n|t:|1700524195\n|switch|p2a: Cinderace|Cinderace, M|22\/100\n|turn|25\n|\n|t:|1700524198\n|move|p2a: Cinderace|U-turn|p1a: Ursaluna\n|-start|p2a: Cinderace|typechange|Bug|[from] ability: Libero\n|-damage|p1a: Ursaluna|0 fnt\n|faint|p1a: Ursaluna\n|\n|t:|1700524204\n|switch|p2a: Vileplume|Vileplume, M|63\/100 brn|[from] U-turn\n|\n|-heal|p2a: Vileplume|69\/100 brn|[from] Grassy Terrain\n|-damage|p2a: Vileplume|63\/100 brn|[from] brn\n|upkeep\n|\n|t:|1700524211\n|switch|p1a: Sneasler|Sneasler, M|100\/100\n|-enditem|p1a: Sneasler|Grassy Seed\n|-boost|p1a: Sneasler|def|1|[from] item: Grassy Seed\n|turn|26\n|\n|t:|1700524235\n|-terastallize|p2a: Vileplume|Water\n|move|p1a: Sneasler|Dire Claw|p2a: Vileplume\n|-damage|p2a: Vileplume|26\/100 brn\n|-damage|p1a: Sneasler|84\/100|[from] item: Rocky Helmet|[of] p2a: Vileplume\n|move|p2a: Vileplume|Strength Sap|p1a: Sneasler\n|-unboost|p1a: Sneasler|atk|1\n|-heal|p2a: Vileplume|100\/100 brn\n|\n|-heal|p1a: Sneasler|90\/100|[from] Grassy Terrain\n|-damage|p2a: Vileplume|94\/100 brn|[from] brn\n|-fieldend|move: Grassy Terrain\n|upkeep\n|turn|27\n|\n|t:|1700524246\n|move|p1a: Sneasler|Swords Dance|p1a: Sneasler\n|-boost|p1a: Sneasler|atk|2\n|move|p2a: Vileplume|Sleep Powder|p1a: Sneasler|[miss]\n|-miss|p2a: Vileplume|p1a: Sneasler\n|\n|-damage|p2a: Vileplume|88\/100 brn|[from] brn\n|upkeep\n|turn|28\n|\n|t:|1700524259\n|move|p1a: Sneasler|Dire Claw|p2a: Vileplume\n|-damage|p2a: Vileplume|34\/100 brn\n|-damage|p1a: Sneasler|73\/100|[from] item: Rocky Helmet|[of] p2a: Vileplume\n|move|p2a: Vileplume|Strength Sap|p1a: Sneasler\n|-unboost|p1a: Sneasler|atk|1\n|-heal|p2a: Vileplume|100\/100 brn\n|\n|-damage|p2a: Vileplume|94\/100 brn|[from] brn\n|upkeep\n|turn|29\n|\n|t:|1700524271\n|move|p1a: Sneasler|Swords Dance|p1a: Sneasler\n|-boost|p1a: Sneasler|atk|2\n|move|p2a: Vileplume|Strength Sap|p1a: Sneasler\n|-unboost|p1a: Sneasler|atk|1\n|-heal|p2a: Vileplume|100\/100 brn\n|\n|-damage|p2a: Vileplume|94\/100 brn|[from] brn\n|upkeep\n|turn|30\n|\n|t:|1700524283\n|move|p1a: Sneasler|Swords Dance|p1a: Sneasler\n|-boost|p1a: Sneasler|atk|2\n|move|p2a: Vileplume|Sleep Powder|p1a: Sneasler\n|-status|p1a: Sneasler|slp|[from] move: Sleep Powder\n|\n|-damage|p2a: Vileplume|88\/100 brn|[from] brn\n|upkeep\n|turn|31\n|\n|t:|1700524291\n|switch|p2a: Gliscor|Gliscor, F|100\/100 tox\n|cant|p1a: Sneasler|slp\n|\n|upkeep\n|turn|32\n|\n|t:|1700524301\n|-terastallize|p1a: Sneasler|Fighting\n|cant|p1a: Sneasler|slp\n|move|p2a: Gliscor|Earthquake|p1a: Sneasler\n|-damage|p1a: Sneasler|37\/100 slp\n|\n|upkeep\n|turn|33\n|\n|t:|1700524309\n|cant|p1a: Sneasler|slp\n|move|p2a: Gliscor|Earthquake|p1a: Sneasler\n|-damage|p1a: Sneasler|0 fnt\n|faint|p1a: Sneasler\n|\n|upkeep\n|\n|t:|1700524314\n|switch|p1a: Rillaboom|Rillaboom, F|74\/100\n|-fieldstart|move: Grassy Terrain|[from] ability: Grassy Surge|[of] p1a: Rillaboom\n|turn|34\n|\n|t:|1700524318\n|move|p1a: Rillaboom|Grassy Glide|p2a: Gliscor\n|-damage|p2a: Gliscor|51\/100 tox\n|move|p2a: Gliscor|Toxic|p1a: Rillaboom\n|-status|p1a: Rillaboom|tox\n|\n|-heal|p1a: Rillaboom|80\/100 tox|[from] Grassy Terrain\n|-heal|p2a: Gliscor|63\/100 tox|[from] ability: Poison Heal\n|-damage|p1a: Rillaboom|74\/100 tox|[from] psn\n|upkeep\n|turn|35\n|-message|Xhrixs forfeited.\n|\n|win|Mr300Milesof\n|raw|Xhrixs's rating: 1463 &rarr; <strong>1437<\/strong><br \/>(-26 for losing)\n|raw|Mr300Milesof's rating: 1361 &rarr; <strong>1387<\/strong><br \/>(+26 for winning)\n|l|\u2606Xhrixs\n","uploadtime":1700524330,"views":11,"p1id":"xhrixs","p2id":"mr300milesof","formatid":"gen9nationaldex","rating":1387,"private":0,"password":""}