{"id":"gen9nationaldex-1990308148","p1":"MRI007","p2":"duskwolf64","format":"[Gen 9] National Dex","log":"|j|\u2606MRI007\n|j|\u2606duskwolf64\n|t:|1699954406\n|gametype|singles\n|player|p1|MRI007|1|1528\n|player|p2|duskwolf64|hilbert|1675\n|teamsize|p1|6\n|teamsize|p2|6\n|gen|9\n|tier|[Gen 9] National Dex\n|rated|\n|rule|HP Percentage Mod: HP is shown in percentages\n|rule|Endless Battle Clause: Forcing endless battles is banned\n|rule|OHKO Clause: OHKO moves are banned\n|rule|Evasion Clause: Evasion abilities, items, and moves are banned\n|rule|Evasion Abilities Clause: Evasion abilities are banned\n|rule|Evasion Items Clause: Evasion items are banned\n|rule|Evasion Moves Clause: Evasion moves are banned\n|rule|Species Clause: Limit one of each Pok\u00e9mon\n|rule|Sleep Clause Mod: Limit one foe put to sleep\n|clearpoke\n|poke|p1|Alomomola, F|\n|poke|p1|Chansey, F|\n|poke|p1|Skeledirge, M|\n|poke|p1|Ogerpon-Wellspring, F|\n|poke|p1|Tapu Lele|\n|poke|p1|Cinderace, F|\n|poke|p2|Hoopa-Unbound|\n|poke|p2|Scizor, M|\n|poke|p2|Rillaboom, F|\n|poke|p2|Alomomola, F|\n|poke|p2|Xurkitree|\n|poke|p2|Moltres|\n|teampreview\n|\n|t:|1699954425\n|start\n|switch|p1a: Cinderace|Cinderace, F|100\/100\n|switch|p2a: Hoopa|Hoopa-Unbound|100\/100\n|turn|1\n|\n|t:|1699954433\n|switch|p2a: Moltres|Moltres|100\/100\n|move|p1a: Cinderace|Swords Dance|p1a: Cinderace\n|-start|p1a: Cinderace|typechange|Normal|[from] ability: Libero\n|-boost|p1a: Cinderace|atk|2\n|\n|upkeep\n|turn|2\n|\n|t:|1699954442\n|-zpower|p1a: Cinderace\n|move|p1a: Cinderace|Breakneck Blitz|p2a: Moltres|[zeffect]\n|-damage|p2a: Moltres|0 fnt\n|faint|p2a: Moltres\n|\n|upkeep\n|\n|t:|1699954449\n|switch|p2a: Rillaboom|Rillaboom, F|100\/100\n|-fieldstart|move: Grassy Terrain|[from] ability: Grassy Surge|[of] p2a: Rillaboom\n|turn|3\n|\n|t:|1699954457\n|move|p2a: Rillaboom|Grassy Glide|p1a: Cinderace\n|-damage|p1a: Cinderace|15\/100\n|move|p1a: Cinderace|Pyro Ball|p2a: Rillaboom\n|-supereffective|p2a: Rillaboom\n|-damage|p2a: Rillaboom|0 fnt\n|faint|p2a: Rillaboom\n|\n|-heal|p1a: Cinderace|21\/100|[from] Grassy Terrain\n|upkeep\n|\n|t:|1699954462\n|switch|p2a: Scizor|Scizor, M|100\/100\n|turn|4\n|\n|t:|1699954470\n|switch|p1a: Alomomola|Alomomola, F|100\/100\n|detailschange|p2a: Scizor|Scizor-Mega, M\n|-mega|p2a: Scizor|Scizor|Scizorite\n|move|p2a: Scizor|Bullet Punch|p1a: Alomomola\n|-resisted|p1a: Alomomola\n|-damage|p1a: Alomomola|91\/100\n|-damage|p2a: Scizor|84\/100|[from] item: Rocky Helmet|[of] p1a: Alomomola\n|\n|-heal|p2a: Scizor|90\/100|[from] Grassy Terrain\n|-heal|p1a: Alomomola|97\/100|[from] Grassy Terrain\n|upkeep\n|turn|5\n|\n|t:|1699954483\n|switch|p2a: Hoopa|Hoopa-Unbound|100\/100\n|move|p1a: Alomomola|Flip Turn|p2a: Hoopa\n|-damage|p2a: Hoopa|74\/100\n|\n|t:|1699954489\n|switch|p1a: Tapu Lele|Tapu Lele|100\/100|[from] Flip Turn\n|-fieldstart|move: Psychic Terrain|[from] ability: Psychic Surge|[of] p1a: Tapu Lele\n|\n|upkeep\n|turn|6\n|\n|t:|1699954498\n|switch|p2a: Scizor|Scizor-Mega, M|90\/100\n|move|p1a: Tapu Lele|Hidden Power|p2a: Scizor\n|-supereffective|p2a: Scizor\n|-crit|p2a: Scizor\n|-damage|p2a: Scizor|0 fnt\n|faint|p2a: Scizor\n|\n|upkeep\n|\n|t:|1699954503\n|switch|p2a: Xurkitree|Xurkitree|100\/100\n|turn|7\n|\n|t:|1699954510\n|switch|p1a: Chansey|Chansey, F|100\/100\n|move|p2a: Xurkitree|Volt Switch|p1a: Chansey\n|-damage|p1a: Chansey|86\/100\n|\n|t:|1699954513\n|switch|p2a: Hoopa|Hoopa-Unbound|74\/100|[from] Volt Switch\n|\n|upkeep\n|turn|8\n|\n|t:|1699954520\n|move|p2a: Hoopa|Drain Punch|p1a: Chansey\n|-supereffective|p1a: Chansey\n|-damage|p1a: Chansey|45\/100\n|-heal|p2a: Hoopa|100\/100|[from] drain|[of] p1a: Chansey\n|-damage|p2a: Hoopa|91\/100|[from] item: Life Orb\n|move|p1a: Chansey|Stealth Rock|p2a: Hoopa\n|-sidestart|p2: duskwolf64|move: Stealth Rock\n|\n|upkeep\n|turn|9\n|\n|t:|1699954531\n|move|p2a: Hoopa|Hyperspace Fury|p1a: Chansey\n|-damage|p1a: Chansey|0 fnt\n|-unboost|p2a: Hoopa|def|1\n|faint|p1a: Chansey\n|-damage|p2a: Hoopa|81\/100|[from] item: Life Orb\n|\n|-fieldend|move: Psychic Terrain\n|upkeep\n|\n|t:|1699954546\n|switch|p1a: Tapu Lele|Tapu Lele|100\/100\n|-fieldstart|move: Psychic Terrain|[from] ability: Psychic Surge|[of] p1a: Tapu Lele\n|turn|10\n|\n|t:|1699954565\n|switch|p2a: Alomomola|Alomomola, F|100\/100\n|-damage|p2a: Alomomola|88\/100|[from] Stealth Rock\n|move|p1a: Tapu Lele|Moonblast|p2a: Alomomola\n|-damage|p2a: Alomomola|6\/100\n|\n|upkeep\n|turn|11\n|\n|t:|1699954573\n|move|p1a: Tapu Lele|Moonblast|p2a: Alomomola\n|-damage|p2a: Alomomola|0 fnt\n|faint|p2a: Alomomola\n|\n|upkeep\n|\n|t:|1699954590\n|switch|p2a: Xurkitree|Xurkitree|100\/100\n|-damage|p2a: Xurkitree|88\/100|[from] Stealth Rock\n|turn|12\n|\n|t:|1699954594\n|move|p2a: Xurkitree|Thunderbolt|p1a: Tapu Lele\n|-damage|p1a: Tapu Lele|38\/100\n|move|p1a: Tapu Lele|Moonblast|p2a: Xurkitree\n|-damage|p2a: Xurkitree|0 fnt\n|faint|p2a: Xurkitree\n|\n|upkeep\n|\n|t:|1699954601\n|switch|p2a: Hoopa|Hoopa-Unbound|81\/100\n|-damage|p2a: Hoopa|68\/100|[from] Stealth Rock\n|turn|13\n|\n|t:|1699954605\n|-terastallize|p2a: Hoopa|Psychic\n|move|p1a: Tapu Lele|Moonblast|p2a: Hoopa\n|-damage|p2a: Hoopa|10\/100\n|-unboost|p2a: Hoopa|spa|1\n|move|p2a: Hoopa|Psychic|p1a: Tapu Lele\n|-resisted|p1a: Tapu Lele\n|-damage|p1a: Tapu Lele|0 fnt\n|faint|p1a: Tapu Lele\n|-damage|p2a: Hoopa|0 fnt|[from] item: Life Orb\n|faint|p2a: Hoopa\n|\n|win|MRI007\n|raw|MRI007's rating: 1528 &rarr; <strong>1556<\/strong><br \/>(+28 for winning)\n|raw|duskwolf64's rating: 1675 &rarr; <strong>1647<\/strong><br \/>(-28 for losing)\n|l|\u2606duskwolf64\n","uploadtime":1699954624,"views":10,"p1id":"mri007","p2id":"duskwolf64","formatid":"gen9nationaldex","rating":1556,"private":0,"password":""}