{"id":"gen9nationaldex-1994361130","p1":"Petra_del_Rei","p2":"ashimarin","format":"[Gen 9] National Dex","log":"|j|\u2606Petra_del_Rei\n|j|\u2606ashimarin\n|t:|1700435148\n|gametype|singles\n|player|p1|Petra_del_Rei|misty|\n|player|p2|ashimarin|lady-gen4|\n|teamsize|p1|6\n|teamsize|p2|6\n|gen|9\n|tier|[Gen 9] National Dex\n|rule|HP Percentage Mod: HP is shown in percentages\n|rule|Endless Battle Clause: Forcing endless battles is banned\n|rule|OHKO Clause: OHKO moves are banned\n|rule|Evasion Clause: Evasion abilities, items, and moves are banned\n|rule|Evasion Abilities Clause: Evasion abilities are banned\n|rule|Evasion Items Clause: Evasion items are banned\n|rule|Evasion Moves Clause: Evasion moves are banned\n|rule|Species Clause: Limit one of each Pok\u00e9mon\n|rule|Sleep Clause Mod: Limit one foe put to sleep\n|clearpoke\n|poke|p1|Talonflame, M|\n|poke|p1|Emboar, M|\n|poke|p1|Ninetales, M|\n|poke|p1|Coalossal, F|\n|poke|p1|Arcanine, M|\n|poke|p1|Darmanitan, M|\n|poke|p2|Tauros-Paldea-Blaze, M|\n|poke|p2|Ninetales, M|\n|poke|p2|Rotom-Heat|\n|poke|p2|Centiskorch, M|\n|poke|p2|Delphox, M|\n|poke|p2|Marowak-Alola, M|\n|teampreview\n|\n|t:|1700435176\n|start\n|switch|p1a: Cobresal|Coalossal, F|100\/100\n|switch|p2a: Rotom|Rotom-Heat|100\/100\n|-item|p1a: Cobresal|Air Balloon\n|turn|1\n|\n|t:|1700435187\n|move|p2a: Rotom|Nasty Plot|p2a: Rotom\n|-boost|p2a: Rotom|spa|2\n|move|p1a: Cobresal|Stealth Rock|p2a: Rotom\n|-sidestart|p2: ashimarin|move: Stealth Rock\n|\n|upkeep\n|turn|2\n|\n|t:|1700435200\n|move|p2a: Rotom|Discharge|p1a: Cobresal\n|-damage|p1a: Cobresal|33\/100\n|-status|p1a: Cobresal|par\n|-enditem|p1a: Cobresal|Air Balloon\n|move|p1a: Cobresal|Power Gem|p2a: Rotom\n|-supereffective|p2a: Rotom\n|-damage|p2a: Rotom|31\/100\n|\n|-heal|p2a: Rotom|37\/100|[from] item: Leftovers\n|upkeep\n|turn|3\n|\n|t:|1700435213\n|move|p2a: Rotom|Discharge|p1a: Cobresal\n|-damage|p1a: Cobresal|0 fnt\n|faint|p1a: Cobresal\n|\n|-heal|p2a: Rotom|42\/100|[from] item: Leftovers\n|upkeep\n|\n|t:|1700435239\n|switch|p1a: Manchester United|Darmanitan, M|100\/100\n|turn|4\n|\n|t:|1700435249\n|move|p1a: Manchester United|Stone Edge|p2a: Rotom|[miss]\n|-miss|p1a: Manchester United|p2a: Rotom\n|move|p2a: Rotom|Rain Dance|p2a: Rotom\n|-weather|RainDance\n|\n|-weather|RainDance|[upkeep]\n|-heal|p2a: Rotom|48\/100|[from] item: Leftovers\n|upkeep\n|turn|5\n|\n|t:|1700435259\n|move|p1a: Manchester United|Stone Edge|p2a: Rotom\n|-supereffective|p2a: Rotom\n|-damage|p2a: Rotom|0 fnt\n|faint|p2a: Rotom\n|\n|-weather|RainDance|[upkeep]\n|upkeep\n|\n|t:|1700435289\n|switch|p2a: Ninetales|Ninetales, M|100\/100\n|-damage|p2a: Ninetales|76\/100|[from] Stealth Rock\n|turn|6\n|\n|t:|1700435296\n|move|p2a: Ninetales|Weather Ball|p1a: Manchester United\n|-supereffective|p1a: Manchester United\n|-damage|p1a: Manchester United|0 fnt\n|faint|p1a: Manchester United\n|\n|-weather|RainDance|[upkeep]\n|upkeep\n|\n|t:|1700435303\n|switch|p1a: Cruzeiro|Ninetales, M, shiny|100\/100\n|-weather|SunnyDay|[from] ability: Drought|[of] p1a: Cruzeiro\n|turn|7\n|\n|t:|1700435313\n|move|p2a: Ninetales|Calm Mind|p2a: Ninetales\n|-boost|p2a: Ninetales|spa|1\n|-boost|p2a: Ninetales|spd|1\n|move|p1a: Cruzeiro|Nasty Plot|p1a: Cruzeiro\n|-boost|p1a: Cruzeiro|spa|2\n|\n|-weather|SunnyDay|[upkeep]\n|upkeep\n|turn|8\n|\n|t:|1700435324\n|move|p1a: Cruzeiro|Dark Pulse|p2a: Ninetales\n|-damage|p2a: Ninetales|45\/100\n|cant|p2a: Ninetales|flinch\n|\n|-weather|SunnyDay|[upkeep]\n|upkeep\n|turn|9\n|\n|t:|1700435340\n|move|p2a: Ninetales|Psyshock|p1a: Cruzeiro\n|-crit|p1a: Cruzeiro\n|-damage|p1a: Cruzeiro|28\/100\n|move|p1a: Cruzeiro|Dark Pulse|p2a: Ninetales\n|-damage|p2a: Ninetales|14\/100\n|\n|-weather|SunnyDay|[upkeep]\n|upkeep\n|turn|10\n|\n|t:|1700435348\n|move|p1a: Cruzeiro|Dark Pulse|p2a: Ninetales\n|-damage|p2a: Ninetales|0 fnt\n|faint|p2a: Ninetales\n|\n|-weather|SunnyDay|[upkeep]\n|upkeep\n|\n|t:|1700435368\n|switch|p2a: Delphox|Delphox, M|100\/100\n|-damage|p2a: Delphox|76\/100|[from] Stealth Rock\n|turn|11\n|\n|t:|1700435376\n|move|p2a: Delphox|Psyshock|p1a: Cruzeiro\n|-crit|p1a: Cruzeiro\n|-damage|p1a: Cruzeiro|0 fnt\n|faint|p1a: Cruzeiro\n|\n|-weather|none\n|upkeep\n|j| AiraAira\n|\n|t:|1700435394\n|switch|p1a: Bota Fogo|Arcanine, M|100\/100\n|-ability|p1a: Bota Fogo|Intimidate|boost\n|-unboost|p2a: Delphox|atk|1\n|turn|12\n|\n|t:|1700435402\n|move|p1a: Bota Fogo|Crunch|p2a: Delphox\n|-supereffective|p2a: Delphox\n|-crit|p2a: Delphox\n|-damage|p2a: Delphox|0 fnt\n|faint|p2a: Delphox\n|\n|upkeep\n|\n|t:|1700435415\n|switch|p2a: Tauros|Tauros-Paldea-Blaze, M|100\/100\n|-damage|p2a: Tauros|88\/100|[from] Stealth Rock\n|-ability|p2a: Tauros|Intimidate|boost\n|-unboost|p1a: Bota Fogo|atk|1\n|turn|13\n|\n|t:|1700435443\n|move|p2a: Tauros|Earthquake|p1a: Bota Fogo\n|-supereffective|p1a: Bota Fogo\n|-damage|p1a: Bota Fogo|25\/100\n|-enditem|p1a: Bota Fogo|Weakness Policy\n|-boost|p1a: Bota Fogo|atk|2|[from] item: Weakness Policy\n|-boost|p1a: Bota Fogo|spa|2|[from] item: Weakness Policy\n|move|p1a: Bota Fogo|Bulldoze|p2a: Tauros\n|-supereffective|p2a: Tauros\n|-damage|p2a: Tauros|23\/100\n|-unboost|p2a: Tauros|spe|1\n|\n|-heal|p2a: Tauros|29\/100|[from] item: Leftovers\n|upkeep\n|turn|14\n|\n|t:|1700435454\n|move|p1a: Bota Fogo|Bulldoze|p2a: Tauros\n|-supereffective|p2a: Tauros\n|-damage|p2a: Tauros|0 fnt\n|faint|p2a: Tauros\n|\n|upkeep\n|\n|t:|1700435459\n|switch|p2a: Marowak|Marowak-Alola, M|100\/100\n|-damage|p2a: Marowak|75\/100|[from] Stealth Rock\n|turn|15\n|\n|t:|1700435469\n|-terastallize|p2a: Marowak|Fire\n|move|p1a: Bota Fogo|Bulldoze|p2a: Marowak\n|-supereffective|p2a: Marowak\n|-damage|p2a: Marowak|20\/100\n|-unboost|p2a: Marowak|spe|1\n|move|p2a: Marowak|Earthquake|p1a: Bota Fogo\n|-supereffective|p1a: Bota Fogo\n|-damage|p1a: Bota Fogo|0 fnt\n|faint|p1a: Bota Fogo\n|\n|upkeep\n|\n|t:|1700435481\n|switch|p1a: Corinthias|Talonflame, M|100\/100\n|turn|16\n|\n|t:|1700435486\n|move|p1a: Corinthias|Brave Bird|p2a: Marowak\n|-damage|p2a: Marowak|0 fnt\n|faint|p2a: Marowak\n|-damage|p1a: Corinthias|95\/100|[from] Recoil\n|\n|upkeep\n|\n|t:|1700435492\n|switch|p2a: Centiskorch|Centiskorch, M|100\/100\n|turn|17\n|\n|t:|1700435498\n|move|p1a: Corinthias|Brave Bird|p2a: Centiskorch\n|-supereffective|p2a: Centiskorch\n|-damage|p2a: Centiskorch|0 fnt\n|faint|p2a: Centiskorch\n|-damage|p1a: Corinthias|61\/100|[from] Recoil\n|\n|win|Petra_del_Rei\n|l|\u2606ashimarin\n|c|\u2606Petra_del_Rei|gg\n","uploadtime":1700435513,"views":14,"p1id":"petradelrei","p2id":"ashimarin","formatid":"gen9nationaldex","rating":0,"private":0,"password":""}