{"id":"gen9nationaldex-1989229346","p1":"Cenotaphs","p2":"WAILORDPLAYSMUCH","format":"[Gen 9] National Dex","log":"|j|\u2606Cenotaphs\n|j|\u2606WAILORDPLAYSMUCH\n|t:|1699825772\n|gametype|singles\n|player|p1|Cenotaphs|marley|1656\n|player|p2|WAILORDPLAYSMUCH|candice|1686\n|teamsize|p1|6\n|teamsize|p2|6\n|gen|9\n|tier|[Gen 9] National Dex\n|rated|\n|rule|HP Percentage Mod: HP is shown in percentages\n|rule|Endless Battle Clause: Forcing endless battles is banned\n|rule|OHKO Clause: OHKO moves are banned\n|rule|Evasion Clause: Evasion abilities, items, and moves are banned\n|rule|Evasion Abilities Clause: Evasion abilities are banned\n|rule|Evasion Items Clause: Evasion items are banned\n|rule|Evasion Moves Clause: Evasion moves are banned\n|rule|Species Clause: Limit one of each Pok\u00e9mon\n|rule|Sleep Clause Mod: Limit one foe put to sleep\n|clearpoke\n|poke|p1|Ting-Lu|\n|poke|p1|Toxapex, F|\n|poke|p1|Celesteela|\n|poke|p1|Garganacl, M|\n|poke|p1|Dragonite, M|\n|poke|p1|Blissey, F|\n|poke|p2|Ribombee, F|\n|poke|p2|Iron Valiant|\n|poke|p2|Thundurus-Therian, M|\n|poke|p2|Diancie|\n|poke|p2|Ceruledge, F|\n|poke|p2|Volcarona, F|\n|teampreview\n|inactive|Battle timer is ON: inactive players will automatically lose when time's up. (requested by WAILORDPLAYSMUCH)\n|inactive|Cenotaphs also wants the timer to be on.\n|\n|t:|1699825788\n|start\n|switch|p1a: Garganacl|Garganacl, M|100\/100\n|switch|p2a: Diancie|Diancie|100\/100\n|turn|1\n|\n|t:|1699825791\n|detailschange|p2a: Diancie|Diancie-Mega\n|-mega|p2a: Diancie|Diancie|Diancite\n|move|p2a: Diancie|Stealth Rock|p1a: Garganacl\n|-sidestart|p1: Cenotaphs|move: Stealth Rock\n|move|p1a: Garganacl|Salt Cure|p2a: Diancie\n|-damage|p2a: Diancie|81\/100\n|-start|p2a: Diancie|Salt Cure\n|\n|-damage|p2a: Diancie|68\/100|[from] Salt Cure\n|upkeep\n|turn|2\n|\n|t:|1699825797\n|move|p2a: Diancie|Spikes|p1a: Garganacl\n|-sidestart|p1: Cenotaphs|Spikes\n|move|p1a: Garganacl|Iron Defense|p1a: Garganacl\n|-boost|p1a: Garganacl|def|2\n|\n|-damage|p2a: Diancie|56\/100|[from] Salt Cure\n|upkeep\n|turn|3\n|\n|t:|1699825801\n|move|p2a: Diancie|Misty Explosion|p1a: Garganacl\n|-damage|p1a: Garganacl|63\/100\n|faint|p2a: Diancie\n|move|p1a: Garganacl|Iron Defense|p1a: Garganacl\n|-boost|p1a: Garganacl|def|2\n|\n|-heal|p1a: Garganacl|69\/100|[from] item: Leftovers\n|upkeep\n|\n|t:|1699825818\n|switch|p2a: Thundurus|Thundurus-Therian, M|100\/100\n|turn|4\n|\n|t:|1699825825\n|move|p2a: Thundurus|Focus Blast|p1a: Garganacl\n|-supereffective|p1a: Garganacl\n|-damage|p1a: Garganacl|14\/100\n|-unboost|p1a: Garganacl|spd|1\n|move|p1a: Garganacl|Salt Cure|p2a: Thundurus\n|-supereffective|p2a: Thundurus\n|-damage|p2a: Thundurus|60\/100\n|-start|p2a: Thundurus|Salt Cure\n|\n|-heal|p1a: Garganacl|21\/100|[from] item: Leftovers\n|-damage|p2a: Thundurus|48\/100|[from] Salt Cure\n|upkeep\n|turn|5\n|\n|t:|1699825835\n|switch|p1a: Blissey|Blissey, F|100\/100\n|-damage|p1a: Blissey|88\/100|[from] Stealth Rock\n|-damage|p1a: Blissey|76\/100|[from] Spikes\n|move|p2a: Thundurus|Thunderbolt|p1a: Blissey\n|-damage|p1a: Blissey|57\/100\n|\n|-heal|p1a: Blissey|63\/100|[from] item: Leftovers\n|-damage|p2a: Thundurus|36\/100|[from] Salt Cure\n|upkeep\n|turn|6\n|j| Toon_13_Test\n|\n|t:|1699825841\n|switch|p2a: Ribombee|Ribombee, F|100\/100\n|move|p1a: Blissey|Soft-Boiled|p1a: Blissey\n|-heal|p1a: Blissey|100\/100\n|\n|upkeep\n|turn|7\n|\n|t:|1699825847\n|switch|p2a: Thundurus|Thundurus-Therian, M|36\/100\n|move|p1a: Blissey|Seismic Toss|p2a: Thundurus\n|-damage|p2a: Thundurus|2\/100\n|\n|upkeep\n|turn|8\n|\n|t:|1699825850\n|-zpower|p2a: Thundurus\n|move|p2a: Thundurus|All-Out Pummeling|p1a: Blissey|[zeffect]\n|-supereffective|p1a: Blissey\n|-damage|p1a: Blissey|43\/100\n|move|p1a: Blissey|Seismic Toss|p2a: Thundurus\n|-damage|p2a: Thundurus|0 fnt\n|faint|p2a: Thundurus\n|\n|-heal|p1a: Blissey|50\/100|[from] item: Leftovers\n|upkeep\n|\n|t:|1699825856\n|switch|p2a: Ceruledge|Ceruledge, F|100\/100\n|turn|9\n|\n|t:|1699825861\n|move|p2a: Ceruledge|Swords Dance|p2a: Ceruledge\n|-boost|p2a: Ceruledge|atk|2\n|move|p1a: Blissey|Soft-Boiled|p1a: Blissey\n|-heal|p1a: Blissey|99\/100\n|\n|-heal|p1a: Blissey|100\/100|[from] item: Leftovers\n|upkeep\n|turn|10\n|\n|t:|1699825866\n|move|p2a: Ceruledge|Close Combat|p1a: Blissey\n|-supereffective|p1a: Blissey\n|-damage|p1a: Blissey|0 fnt\n|-unboost|p2a: Ceruledge|def|1\n|-unboost|p2a: Ceruledge|spd|1\n|faint|p1a: Blissey\n|\n|upkeep\n|\n|t:|1699825869\n|switch|p1a: Dragonite|Dragonite, M|100\/100\n|turn|11\n|\n|t:|1699825875\n|move|p2a: Ceruledge|Bitter Blade|p1a: Dragonite\n|-resisted|p1a: Dragonite\n|-damage|p1a: Dragonite|79\/100\n|move|p1a: Dragonite|Dragon Dance|p1a: Dragonite\n|-boost|p1a: Dragonite|atk|1\n|-boost|p1a: Dragonite|spe|1\n|\n|upkeep\n|turn|12\n|\n|t:|1699825884\n|-terastallize|p1a: Dragonite|Normal\n|move|p2a: Ceruledge|Poltergeist|p1a: Dragonite\n|-immune|p1a: Dragonite\n|move|p1a: Dragonite|Dragon Dance|p1a: Dragonite\n|-boost|p1a: Dragonite|atk|1\n|-boost|p1a: Dragonite|spe|1\n|\n|upkeep\n|turn|13\n|\n|t:|1699825888\n|move|p1a: Dragonite|Earthquake|p2a: Ceruledge\n|-supereffective|p2a: Ceruledge\n|-enditem|p2a: Ceruledge|Focus Sash\n|-damage|p2a: Ceruledge|1\/100\n|-ability|p2a: Ceruledge|Weak Armor|boost\n|-unboost|p2a: Ceruledge|def|1\n|-boost|p2a: Ceruledge|spe|2\n|move|p2a: Ceruledge|Close Combat|p1a: Dragonite\n|-supereffective|p1a: Dragonite\n|-damage|p1a: Dragonite|0 fnt\n|-unboost|p2a: Ceruledge|def|1\n|-unboost|p2a: Ceruledge|spd|1\n|faint|p1a: Dragonite\n|\n|upkeep\n|-message|Cenotaphs forfeited.\n|\n|win|WAILORDPLAYSMUCH\n|raw|Cenotaphs's rating: 1656 &rarr; <strong>1638<\/strong><br \/>(-18 for losing)\n|raw|WAILORDPLAYSMUCH's rating: 1686 &rarr; <strong>1704<\/strong><br \/>(+18 for winning)\n|l|\u2606Cenotaphs\n","uploadtime":1699825899,"views":5,"p1id":"cenotaphs","p2id":"wailordplaysmuch","formatid":"gen9nationaldex","rating":1638,"private":0,"password":""}