{"id":"gen9nationaldex-1999214770","p1":"DyNLogus","p2":"k00dinha","format":"[Gen 9] National Dex","log":"|html|<div class=\"broadcast-blue\"><strong>[Gen 9] National Dex is currently suspecting Sneasler! For information on how to participate check out the <a href=\"https:\/\/www.smogon.com\/forums\/threads\/sv-national-dex-suspect-8-just-dance.3731534\/\">suspect thread<\/a>.<\/strong><\/div>\n|j|\u2606DyNLogus\n|j|\u2606k00dinha\n|t:|1701046381\n|gametype|singles\n|player|p1|DyNLogus|allister|1051\n|player|p2|k00dinha|akari|1066\n|teamsize|p1|6\n|teamsize|p2|6\n|gen|9\n|tier|[Gen 9] National Dex\n|rated|\n|rule|HP Percentage Mod: HP is shown in percentages\n|rule|Endless Battle Clause: Forcing endless battles is banned\n|rule|OHKO Clause: OHKO moves are banned\n|rule|Evasion Clause: Evasion abilities, items, and moves are banned\n|rule|Evasion Abilities Clause: Evasion abilities are banned\n|rule|Evasion Items Clause: Evasion items are banned\n|rule|Evasion Moves Clause: Evasion moves are banned\n|rule|Species Clause: Limit one of each Pok\u00e9mon\n|rule|Sleep Clause Mod: Limit one foe put to sleep\n|clearpoke\n|poke|p1|Swampert, M|\n|poke|p1|Pelipper, F|\n|poke|p1|Meowstic, M|\n|poke|p1|Abomasnow, M|\n|poke|p1|Heracross, M|\n|poke|p1|Kilowattrel, M|\n|poke|p2|Torkoal, F|\n|poke|p2|Venusaur, M|\n|poke|p2|Charizard, M|\n|poke|p2|Darmanitan, F|\n|poke|p2|Tornadus-Therian, M|\n|poke|p2|Ribombee, M|\n|teampreview\n|inactive|Battle timer is ON: inactive players will automatically lose when time's up. (requested by k00dinha)\n|c|\u2606DyNLogus|gl hf\n|c|\u2606k00dinha|u2\n|\n|t:|1701046407\n|start\n|switch|p1a: Iranovich ^^|Kilowattrel, M|100\/100\n|switch|p2a: Grudento|Ribombee, M|100\/100\n|turn|1\n|\n|t:|1701046418\n|move|p1a: Iranovich ^^|Volt Switch|p2a: Grudento\n|-damage|p2a: Grudento|44\/100\n|inactive|DyNLogus has 120 seconds left.\n|\n|t:|1701046449\n|switch|p1a: Pelipper|Pelipper, F|100\/100|[from] Volt Switch\n|-weather|RainDance|[from] ability: Drizzle|[of] p1a: Pelipper\n|move|p2a: Grudento|Sticky Web|p1a: Pelipper\n|-sidestart|p1: DyNLogus|move: Sticky Web\n|\n|-weather|RainDance|[upkeep]\n|upkeep\n|turn|2\n|inactive|DyNLogus has 120 seconds left.\n|\n|t:|1701046458\n|move|p2a: Grudento|Tailwind|p2a: Grudento\n|-sidestart|p2: k00dinha|move: Tailwind\n|move|p1a: Pelipper|U-turn|p2a: Grudento\n|-resisted|p2a: Grudento\n|-damage|p2a: Grudento|36\/100\n|inactive|DyNLogus has 120 seconds left.\n|\n|t:|1701046464\n|switch|p1a: Abomasnow|Abomasnow, M|100\/100|[from] U-turn\n|-activate|p1a: Abomasnow|move: Sticky Web\n|-unboost|p1a: Abomasnow|spe|1\n|\n|-weather|RainDance|[upkeep]\n|upkeep\n|turn|3\n|c|\u2606k00dinha|!dt Abomasnow\n|raw|<div class=\"message\"><ul class=\"utilichart\"><li class=\"result\"><span class=\"col numcol\">RU<\/span> <span class=\"col iconcol\"><psicon pokemon=\"abomasnow\"\/><\/span> <span class=\"col pokemonnamecol\" style=\"white-space:nowrap\"><a href=\"https:\/\/dex.pokemonshowdown.com\/pokemon\/abomasnow\" target=\"_blank\">Abomasnow<\/a><\/span> <span class=\"col typecol\"><img src=\"https:\/\/play.pokemonshowdown.com\/sprites\/types\/Grass.png\" alt=\"Grass\" height=\"14\" width=\"32\"><img src=\"https:\/\/play.pokemonshowdown.com\/sprites\/types\/Ice.png\" alt=\"Ice\" height=\"14\" width=\"32\"><\/span> <span style=\"float:left;min-height:26px\"><span class=\"col abilitycol\">Snow Warning<\/span><span class=\"col abilitycol\"><em>Soundproof<\/em><\/span><\/span><span style=\"float:left;min-height:26px\"><span class=\"col statcol\"><em>HP<\/em><br \/>90<\/span> <span class=\"col statcol\"><em>Atk<\/em><br \/>92<\/span> <span class=\"col statcol\"><em>Def<\/em><br \/>75<\/span> <span class=\"col statcol\"><em>SpA<\/em><br \/>92<\/span> <span class=\"col statcol\"><em>SpD<\/em><br \/>85<\/span> <span class=\"col statcol\"><em>Spe<\/em><br \/>60<\/span> <span class=\"col bstcol\"><em>BST<br \/>494<\/em><\/span> <\/span><\/li><li style=\"clear:both\"><\/li><\/ul><\/div>\n|raw|<font size=\"1\"><font color=\"#686868\">Dex#:<\/font> 460&nbsp;|&ThickSpace;<font color=\"#686868\">Gen:<\/font> 4&nbsp;|&ThickSpace;<font color=\"#686868\">Height:<\/font> 2.2 m&nbsp;|&ThickSpace;<font color=\"#686868\">Weight:<\/font> 135.5 kg <em>(100 BP)<\/em>&nbsp;|&ThickSpace;<font color=\"#686868\">Dex Colour:<\/font> White&nbsp;|&ThickSpace;<font color=\"#686868\">Egg Group(s):<\/font> Monster, Grass&nbsp;|&ThickSpace;<font color=\"#686868\">Pre-Evolution:<\/font> Snover&nbsp;|&ThickSpace;<font color=\"#686868\">Does Not Evolve<\/font><\/font>\n\n|\n|t:|1701046476\n|move|p2a: Grudento|Moonblast|p1a: Abomasnow\n|-damage|p1a: Abomasnow|60\/100\n|move|p1a: Abomasnow|Ice Beam|p2a: Grudento\n|-damage|p2a: Grudento|0 fnt\n|faint|p2a: Grudento\n|\n|-weather|RainDance|[upkeep]\n|upkeep\n|\n|t:|1701046487\n|switch|p2a: Noiada|Torkoal, F|100\/100\n|-weather|SunnyDay|[from] ability: Drought|[of] p2a: Noiada\n|turn|4\n|\n|t:|1701046500\n|move|p1a: Abomasnow|Toxic|p2a: Noiada\n|-status|p2a: Noiada|tox\n|move|p2a: Noiada|Lava Plume|p1a: Abomasnow\n|-supereffective|p1a: Abomasnow\n|-damage|p1a: Abomasnow|0 fnt\n|faint|p1a: Abomasnow\n|\n|-weather|SunnyDay|[upkeep]\n|-damage|p2a: Noiada|94\/100 tox|[from] psn\n|upkeep\n|\n|t:|1701046504\n|switch|p1a: Pelipper|Pelipper, F|100\/100\n|-weather|RainDance|[from] ability: Drizzle|[of] p1a: Pelipper\n|turn|5\n|\n|t:|1701046513\n|move|p1a: Pelipper|Hurricane|p2a: Noiada\n|-damage|p2a: Noiada|0 fnt\n|faint|p2a: Noiada\n|\n|-weather|RainDance|[upkeep]\n|-sideend|p2: k00dinha|move: Tailwind\n|upkeep\n|\n|t:|1701046521\n|switch|p2a: Ancestral|Charizard, M, shiny|100\/100\n|turn|6\n|\n|t:|1701046530\n|detailschange|p2a: Ancestral|Charizard-Mega-Y, M, shiny\n|-mega|p2a: Ancestral|Charizard|Charizardite Y\n|-weather|SunnyDay|[from] ability: Drought|[of] p2a: Ancestral\n|move|p2a: Ancestral|Ancient Power|p1a: Pelipper\n|-supereffective|p1a: Pelipper\n|-damage|p1a: Pelipper|22\/100\n|move|p1a: Pelipper|Hurricane|p2a: Ancestral|[miss]\n|-miss|p1a: Pelipper|p2a: Ancestral\n|\n|-weather|SunnyDay|[upkeep]\n|upkeep\n|turn|7\n|\n|t:|1701046547\n|move|p2a: Ancestral|Ancient Power|p1a: Pelipper\n|-supereffective|p1a: Pelipper\n|-damage|p1a: Pelipper|0 fnt\n|faint|p1a: Pelipper\n|\n|-weather|SunnyDay|[upkeep]\n|upkeep\n|\n|t:|1701046559\n|switch|p1a: Meowstic|Meowstic, M|100\/100\n|-activate|p1a: Meowstic|move: Sticky Web\n|-unboost|p1a: Meowstic|spe|1\n|turn|8\n|\n|t:|1701046567\n|move|p1a: Meowstic|Rain Dance|p1a: Meowstic\n|-weather|RainDance\n|move|p2a: Ancestral|Tailwind|p2a: Ancestral\n|-sidestart|p2: k00dinha|move: Tailwind\n|\n|-weather|RainDance|[upkeep]\n|upkeep\n|turn|9\n|\n|t:|1701046575\n|switch|p2a: Tornado|Tornadus-Therian, M|100\/100\n|move|p1a: Meowstic|Thunder Wave|p2a: Tornado\n|-status|p2a: Tornado|par\n|\n|-weather|RainDance|[upkeep]\n|upkeep\n|turn|10\n|\n|t:|1701046585\n|switch|p1a: Iranovich ^^|Kilowattrel, M|100\/100\n|move|p2a: Tornado|Weather Ball|p1a: Iranovich ^^\n|-damage|p1a: Iranovich ^^|16\/100\n|\n|-weather|RainDance|[upkeep]\n|upkeep\n|turn|11\n|\n|t:|1701046593\n|move|p1a: Iranovich ^^|Thunder|p2a: Tornado\n|-supereffective|p2a: Tornado\n|-enditem|p2a: Tornado|Focus Sash\n|-damage|p2a: Tornado|1\/100 par\n|move|p2a: Tornado|Weather Ball|p1a: Iranovich ^^\n|-damage|p1a: Iranovich ^^|0 fnt\n|faint|p1a: Iranovich ^^\n|\n|-weather|RainDance|[upkeep]\n|-sideend|p2: k00dinha|move: Tailwind\n|upkeep\n|\n|t:|1701046610\n|switch|p1a: Swampert|Swampert, M|100\/100\n|-activate|p1a: Swampert|move: Sticky Web\n|-unboost|p1a: Swampert|spe|1\n|turn|12\n|\n|t:|1701046619\n|detailschange|p1a: Swampert|Swampert-Mega, M\n|-mega|p1a: Swampert|Swampert|Swampertite\n|move|p1a: Swampert|Flip Turn|p2a: Tornado\n|-damage|p2a: Tornado|0 fnt\n|faint|p2a: Tornado\n|\n|t:|1701046622\n|switch|p1a: Meowstic|Meowstic, M|100\/100|[from] Flip Turn\n|-activate|p1a: Meowstic|move: Sticky Web\n|-unboost|p1a: Meowstic|spe|1\n|\n|-weather|RainDance|[upkeep]\n|upkeep\n|\n|t:|1701046635\n|switch|p2a: Ancestral|Charizard-Mega-Y, M, shiny|100\/100\n|-weather|SunnyDay|[from] ability: Drought|[of] p2a: Ancestral\n|turn|13\n|\n|t:|1701046642\n|move|p1a: Meowstic|Rain Dance|p1a: Meowstic\n|-weather|RainDance\n|move|p2a: Ancestral|Flamethrower|p1a: Meowstic\n|-damage|p1a: Meowstic|66\/100\n|\n|-weather|RainDance|[upkeep]\n|upkeep\n|turn|14\n|inactive|DyNLogus has 120 seconds left.\n|\n|t:|1701046674\n|switch|p1a: Swampert|Swampert-Mega, M|100\/100\n|-activate|p1a: Swampert|move: Sticky Web\n|-unboost|p1a: Swampert|spe|1\n|move|p2a: Ancestral|Tailwind|p2a: Ancestral\n|-sidestart|p2: k00dinha|move: Tailwind\n|\n|-weather|RainDance|[upkeep]\n|upkeep\n|turn|15\n|inactive|DyNLogus has 120 seconds left.\n|\n|t:|1701046697\n|switch|p2a: XD|Darmanitan, F|100\/100\n|move|p1a: Swampert|Flip Turn|p2a: XD\n|-supereffective|p2a: XD\n|-damage|p2a: XD|0 fnt\n|faint|p2a: XD\n|\n|t:|1701046709\n|switch|p1a: Meowstic|Meowstic, M|66\/100|[from] Flip Turn\n|-activate|p1a: Meowstic|move: Sticky Web\n|-unboost|p1a: Meowstic|spe|1\n|\n|-weather|RainDance|[upkeep]\n|upkeep\n|\n|t:|1701046714\n|switch|p2a: Sap\u00e3o|Venusaur, M|100\/100\n|turn|16\n|inactive|DyNLogus has 120 seconds left.\n|inactive|DyNLogus has 90 seconds left.\n|c|\u2606DyNLogus|eita\n|c|\u2606DyNLogus|\u00e9 br\n|c|\u2606k00dinha|sou n\u00e3o\n|c|\u2606DyNLogus|agora que vi os nicks kkk\n|inactive|DyNLogus has 60 seconds left.\n|\n|t:|1701046791\n|switch|p1a: Swampert|Swampert-Mega, M|100\/100\n|-activate|p1a: Swampert|move: Sticky Web\n|-unboost|p1a: Swampert|spe|1\n|move|p2a: Sap\u00e3o|Weather Ball|p1a: Swampert\n|-damage|p1a: Swampert|55\/100\n|-damage|p2a: Sap\u00e3o|91\/100|[from] item: Life Orb\n|\n|-weather|RainDance|[upkeep]\n|upkeep\n|turn|17\n|\n|t:|1701046801\n|move|p2a: Sap\u00e3o|Giga Drain|p1a: Swampert\n|-supereffective|p1a: Swampert\n|-damage|p1a: Swampert|0 fnt\n|-heal|p2a: Sap\u00e3o|100\/100|[from] drain|[of] p1a: Swampert\n|faint|p1a: Swampert\n|-damage|p2a: Sap\u00e3o|91\/100|[from] item: Life Orb\n|\n|-weather|RainDance|[upkeep]\n|-sideend|p2: k00dinha|move: Tailwind\n|upkeep\n|\n|t:|1701046808\n|switch|p1a: Heracross|Heracross, M|100\/100\n|-activate|p1a: Heracross|move: Sticky Web\n|-unboost|p1a: Heracross|spe|1\n|turn|18\n|inactive|DyNLogus has 60 seconds left.\n|\n|t:|1701046816\n|switch|p1a: Meowstic|Meowstic, M|66\/100\n|-activate|p1a: Meowstic|move: Sticky Web\n|-unboost|p1a: Meowstic|spe|1\n|move|p2a: Sap\u00e3o|Weather Ball|p1a: Meowstic\n|-damage|p1a: Meowstic|0 fnt\n|faint|p1a: Meowstic\n|-damage|p2a: Sap\u00e3o|81\/100|[from] item: Life Orb\n|\n|-weather|RainDance|[upkeep]\n|upkeep\n|inactive|DyNLogus has 60 seconds left.\n|\n|t:|1701046823\n|switch|p1a: Heracross|Heracross, M|100\/100\n|-activate|p1a: Heracross|move: Sticky Web\n|-unboost|p1a: Heracross|spe|1\n|turn|19\n|\n|t:|1701046830\n|move|p2a: Sap\u00e3o|Weather Ball|p1a: Heracross\n|-damage|p1a: Heracross|60\/100\n|-damage|p2a: Sap\u00e3o|71\/100|[from] item: Life Orb\n|move|p1a: Heracross|Trailblaze|p2a: Sap\u00e3o\n|-resisted|p2a: Sap\u00e3o\n|-damage|p2a: Sap\u00e3o|66\/100\n|-boost|p1a: Heracross|spe|1\n|\n|-weather|RainDance|[upkeep]\n|upkeep\n|turn|20\n|\n|t:|1701046846\n|move|p1a: Heracross|Trailblaze|p2a: Sap\u00e3o\n|-resisted|p2a: Sap\u00e3o\n|-damage|p2a: Sap\u00e3o|60\/100\n|-boost|p1a: Heracross|spe|1\n|move|p2a: Sap\u00e3o|Growth|p2a: Sap\u00e3o\n|-boost|p2a: Sap\u00e3o|atk|1\n|-boost|p2a: Sap\u00e3o|spa|1\n|\n|-weather|none\n|upkeep\n|turn|21\n|\n|t:|1701046860\n|-terastallize|p1a: Heracross|Bug\n|move|p1a: Heracross|Megahorn|p2a: Sap\u00e3o\n|-damage|p2a: Sap\u00e3o|0 fnt\n|faint|p2a: Sap\u00e3o\n|-ability|p1a: Heracross|Moxie|boost\n|-boost|p1a: Heracross|atk|1\n|\n|upkeep\n|\n|t:|1701046867\n|switch|p2a: Ancestral|Charizard-Mega-Y, M, shiny|100\/100\n|-weather|SunnyDay|[from] ability: Drought|[of] p2a: Ancestral\n|turn|22\n|j| lmewl2\n|inactive|DyNLogus has 60 seconds left.\n|c| lmewl2|ixi\n|\n|t:|1701046909\n|move|p1a: Heracross|Megahorn|p2a: Ancestral\n|-resisted|p2a: Ancestral\n|-damage|p2a: Ancestral|58\/100\n|move|p2a: Ancestral|Flamethrower|p1a: Heracross\n|-supereffective|p1a: Heracross\n|-damage|p1a: Heracross|0 fnt\n|faint|p1a: Heracross\n|\n|win|k00dinha\n|raw|DyNLogus's rating: 1051 &rarr; <strong>1034<\/strong><br \/>(-17 for losing)\n|raw|k00dinha's rating: 1066 &rarr; <strong>1095<\/strong><br \/>(+29 for winning)\n|c|\u2606DyNLogus|gg\n|c|\u2606k00dinha|gg\n|c| lmewl2|boaa\n|c|\u2606k00dinha|esse meowstic foi chat no final kk\n|c|\u2606DyNLogus|kkkkkk\n|c|\u2606DyNLogus|esse charizard foi chato a partida toda\n|c|\u2606DyNLogus|interessante usar tailwind nele\n|c|\u2606k00dinha|\u00e9 mesmo\n|c|\u2606DyNLogus|bom time, gg\n|l|\u2606DyNLogus\n|c|\u2606k00dinha|o seu tbm\n|c|\u2606k00dinha|gg\n","uploadtime":1701046987,"views":6,"p1id":"dynlogus","p2id":"k00dinha","formatid":"gen9nationaldex","rating":1034,"private":0,"password":""}