{"id":"gen9nationaldex-1996785917","p1":"Shoags","p2":"Reivya","format":"[Gen 9] National Dex","log":"|html|<div class=\"broadcast-blue\"><strong>[Gen 9] National Dex is currently suspecting Sneasler! For information on how to participate check out the <a href=\"https:\/\/www.smogon.com\/forums\/threads\/sv-national-dex-suspect-8-just-dance.3731534\/\">suspect thread<\/a>.<\/strong><\/div>\n|j|\u2606Shoags\n|j|\u2606Reivya\n|t:|1700725047\n|gametype|singles\n|player|p1|Shoags|scientist-gen4dp|1000\n|player|p2|Reivya|pokemonbreederf-gen4|1061\n|teamsize|p1|6\n|teamsize|p2|6\n|gen|9\n|tier|[Gen 9] National Dex\n|rated|\n|rule|HP Percentage Mod: HP is shown in percentages\n|rule|Endless Battle Clause: Forcing endless battles is banned\n|rule|OHKO Clause: OHKO moves are banned\n|rule|Evasion Clause: Evasion abilities, items, and moves are banned\n|rule|Evasion Abilities Clause: Evasion abilities are banned\n|rule|Evasion Items Clause: Evasion items are banned\n|rule|Evasion Moves Clause: Evasion moves are banned\n|rule|Species Clause: Limit one of each Pok\u00e9mon\n|rule|Sleep Clause Mod: Limit one foe put to sleep\n|clearpoke\n|poke|p1|Claydol|\n|poke|p1|Garchomp, M|\n|poke|p1|Alomomola, F|\n|poke|p1|Pawmot, F|\n|poke|p1|Corviknight, M|\n|poke|p1|Mew|\n|poke|p2|Ribombee, F|\n|poke|p2|Skarmory, M|\n|poke|p2|Gardevoir, F|\n|poke|p2|Toxapex, M|\n|poke|p2|Starmie|\n|poke|p2|Gigalith, F|\n|teampreview\n|c|\u2606Reivya|good luck, have fun\n|inactive|Battle timer is ON: inactive players will automatically lose when time's up. (requested by Shoags)\n|\n|t:|1700725065\n|start\n|switch|p1a: Claydol|Claydol|100\/100\n|switch|p2a: skrrrrra!|Starmie|100\/100\n|turn|1\n|\n|t:|1700725073\n|move|p2a: skrrrrra!|Surf|p1a: Claydol\n|-supereffective|p1a: Claydol\n|-damage|p1a: Claydol|44\/100\n|-enditem|p1a: Claydol|Sitrus Berry|[eat]\n|-heal|p1a: Claydol|69\/100|[from] item: Sitrus Berry\n|move|p1a: Claydol|Flash|p2a: skrrrrra!\n|-fail|p2a: skrrrrra!|unboost|accuracy|[from] ability: Illuminate|[of] p2a: skrrrrra!\n|\n|upkeep\n|turn|2\n|c|\u2606Reivya|?\n|\n|t:|1700725089\n|switch|p1a: Mew|Mew|100\/100\n|move|p2a: skrrrrra!|Surf|p1a: Mew\n|-damage|p1a: Mew|64\/100\n|\n|upkeep\n|turn|3\n|\n|t:|1700725096\n|move|p2a: skrrrrra!|Magic Coat|p2a: skrrrrra!\n|-singleturn|p2a: skrrrrra!|move: Magic Coat\n|move|p1a: Mew|Thunder Wave|p2a: skrrrrra!\n|move|p2a: skrrrrra!|Thunder Wave|p1a: Mew|[from]Magic Coat\n|-status|p1a: Mew|par\n|-activate|p1a: Mew|ability: Synchronize\n|-status|p2a: skrrrrra!|par\n|\n|upkeep\n|turn|4\n|\n|t:|1700725110\n|move|p2a: skrrrrra!|Magic Coat|p2a: skrrrrra!\n|-singleturn|p2a: skrrrrra!|move: Magic Coat\n|cant|p1a: Mew|par\n|\n|upkeep\n|turn|5\n|\n|t:|1700725115\n|move|p2a: skrrrrra!|Ice Beam|p1a: Mew\n|-damage|p1a: Mew|38\/100 par\n|move|p1a: Mew|Aura Sphere|p2a: skrrrrra!\n|-resisted|p2a: skrrrrra!\n|-damage|p2a: skrrrrra!|84\/100 par\n|\n|upkeep\n|turn|6\n|\n|t:|1700725122\n|switch|p1a: Corviknight|Corviknight, M|100\/100\n|-ability|p1a: Corviknight|Pressure\n|move|p2a: skrrrrra!|Surf|p1a: Corviknight\n|-damage|p1a: Corviknight|61\/100\n|\n|upkeep\n|turn|7\n|\n|t:|1700725129\n|move|p2a: skrrrrra!|Ice Beam|p1a: Corviknight\n|-damage|p1a: Corviknight|35\/100\n|move|p1a: Corviknight|U-turn|p2a: skrrrrra!\n|-supereffective|p2a: skrrrrra!\n|-damage|p2a: skrrrrra!|38\/100 par\n|\n|t:|1700725133\n|switch|p1a: Pawmot|Pawmot, F|100\/100|[from] U-turn\n|\n|upkeep\n|turn|8\n|\n|t:|1700725141\n|switch|p2a: skra|Skarmory, M|100\/100\n|move|p1a: Pawmot|Knock Off|p2a: skra\n|-damage|p2a: skra|79\/100\n|-enditem|p2a: skra|Leftovers|[from] move: Knock Off|[of] p1a: Pawmot\n|\n|upkeep\n|turn|9\n|\n|t:|1700725154\n|switch|p1a: Claydol|Claydol|69\/100\n|move|p2a: skra|Stealth Rock|p1a: Claydol\n|-sidestart|p1: Shoags|move: Stealth Rock\n|\n|upkeep\n|turn|10\n|\n|t:|1700725172\n|switch|p2a: skrrrrra!|Starmie|38\/100 par\n|move|p1a: Claydol|Mimic||[still]\n|-fail|p1a: Claydol\n|\n|upkeep\n|turn|11\n|\n|t:|1700725180\n|move|p1a: Claydol|Recycle|p1a: Claydol\n|-item|p1a: Claydol|Sitrus Berry|[from] move: Recycle\n|move|p2a: skrrrrra!|Ice Beam|p1a: Claydol\n|-supereffective|p1a: Claydol\n|-damage|p1a: Claydol|32\/100\n|-enditem|p1a: Claydol|Sitrus Berry|[eat]\n|-heal|p1a: Claydol|57\/100|[from] item: Sitrus Berry\n|\n|upkeep\n|turn|12\n|\n|t:|1700725189\n|switch|p1a: Alomomola|Alomomola, F|100\/100\n|-damage|p1a: Alomomola|88\/100|[from] Stealth Rock\n|move|p2a: skrrrrra!|Ice Beam|p1a: Alomomola\n|-resisted|p1a: Alomomola\n|-damage|p1a: Alomomola|73\/100\n|-status|p1a: Alomomola|frz\n|\n|upkeep\n|turn|13\n|\n|t:|1700725199\n|switch|p2a: ayy lmao|Gardevoir, F|100\/100\n|cant|p1a: Alomomola|frz\n|\n|upkeep\n|turn|14\n|\n|t:|1700725207\n|move|p2a: ayy lmao|Calm Mind|p2a: ayy lmao\n|-boost|p2a: ayy lmao|spa|1\n|-boost|p2a: ayy lmao|spd|1\n|cant|p1a: Alomomola|frz\n|\n|upkeep\n|turn|15\n|\n|t:|1700725214\n|-terastallize|p2a: ayy lmao|Electric\n|move|p2a: ayy lmao|Thunderbolt|p1a: Alomomola\n|-supereffective|p1a: Alomomola\n|-damage|p1a: Alomomola|0 fnt\n|faint|p1a: Alomomola\n|\n|upkeep\n|\n|t:|1700725223\n|switch|p1a: Garchomp|Garchomp, M|100\/100\n|-damage|p1a: Garchomp|94\/100|[from] Stealth Rock\n|turn|16\n|\n|t:|1700725234\n|detailschange|p1a: Garchomp|Garchomp-Mega, M\n|-mega|p1a: Garchomp|Garchomp|Garchompite\n|move|p2a: ayy lmao|Endure|p2a: ayy lmao\n|-singleturn|p2a: ayy lmao|move: Endure\n|move|p1a: Garchomp|Earthquake|p2a: ayy lmao\n|-supereffective|p2a: ayy lmao\n|-activate|p2a: ayy lmao|move: Endure\n|-damage|p2a: ayy lmao|1\/100\n|-enditem|p2a: ayy lmao|Salac Berry|[eat]\n|-boost|p2a: ayy lmao|spe|1|[from] item: Salac Berry\n|\n|upkeep\n|turn|17\n|\n|t:|1700725247\n|move|p2a: ayy lmao|Draining Kiss|p1a: Garchomp\n|-supereffective|p1a: Garchomp\n|-damage|p1a: Garchomp|20\/100\n|-heal|p2a: ayy lmao|73\/100|[from] drain|[of] p1a: Garchomp\n|move|p1a: Garchomp|Earthquake|p2a: ayy lmao\n|-supereffective|p2a: ayy lmao\n|-damage|p2a: ayy lmao|0 fnt\n|faint|p2a: ayy lmao\n|\n|upkeep\n|\n|t:|1700725264\n|switch|p2a: lil guy|Toxapex, M|100\/100\n|turn|18\n|\n|t:|1700725270\n|move|p1a: Garchomp|Swords Dance|p1a: Garchomp\n|-boost|p1a: Garchomp|atk|2\n|move|p2a: lil guy|Surf|p1a: Garchomp\n|-damage|p1a: Garchomp|2\/100\n|\n|upkeep\n|turn|19\n|\n|t:|1700725277\n|move|p1a: Garchomp|Earthquake|p2a: lil guy\n|-supereffective|p2a: lil guy\n|-damage|p2a: lil guy|0 fnt\n|faint|p2a: lil guy\n|\n|upkeep\n|\n|t:|1700725289\n|switch|p2a: it's hip|Ribombee, F|100\/100\n|turn|20\n|\n|t:|1700725295\n|move|p2a: it's hip|Bug Buzz|p1a: Garchomp\n|-damage|p1a: Garchomp|0 fnt\n|faint|p1a: Garchomp\n|\n|upkeep\n|\n|t:|1700725298\n|switch|p1a: Corviknight|Corviknight, M|35\/100\n|-damage|p1a: Corviknight|23\/100|[from] Stealth Rock\n|-ability|p1a: Corviknight|Pressure\n|turn|21\n|\n|t:|1700725305\n|switch|p2a: skra|Skarmory, M|79\/100\n|move|p1a: Corviknight|Roost|p1a: Corviknight\n|-heal|p1a: Corviknight|73\/100\n|-singleturn|p1a: Corviknight|move: Roost\n|\n|upkeep\n|turn|22\n|\n|t:|1700725317\n|move|p1a: Corviknight|Defog|p2a: skra\n|-unboost|p2a: skra|evasion|1\n|-sideend|p1: Shoags|Stealth Rock|[from] move: Defog|[of] p1a: Corviknight\n|move|p2a: skra|Whirlwind|p1a: Corviknight\n|drag|p1a: Pawmot|Pawmot, F|100\/100\n|\n|upkeep\n|turn|23\n|\n|t:|1700725325\n|move|p1a: Pawmot|Double Shock|p2a: skra\n|-supereffective|p2a: skra\n|-damage|p2a: skra|0 fnt\n|-start|p1a: Pawmot|typechange|???\/Fighting|[from] move: Double Shock\n|faint|p2a: skra\n|\n|upkeep\n|\n|t:|1700725331\n|switch|p2a: subarashii|Gigalith, F|100\/100\n|turn|24\n|\n|t:|1700725346\n|switch|p1a: Claydol|Claydol|57\/100\n|move|p2a: subarashii|Stealth Rock|p1a: Claydol\n|-sidestart|p1: Shoags|move: Stealth Rock\n|\n|upkeep\n|turn|25\n|\n|t:|1700725355\n|switch|p2a: it's hip|Ribombee, F|100\/100\n|move|p1a: Claydol|Mimic||[still]\n|-fail|p1a: Claydol\n|\n|upkeep\n|turn|26\n|\n|t:|1700725360\n|move|p2a: it's hip|Switcheroo|p1a: Claydol\n|-activate|p2a: it's hip|move: Trick|[of] p1a: Claydol\n|-item|p1a: Claydol|Choice Specs|[from] move: Switcheroo\n|-enditem|p2a: it's hip|Choice Specs|[silent]|[from] move: Switcheroo\n|move|p1a: Claydol|Mimic|p2a: it's hip\n|-start|p1a: Claydol|Mimic|Switcheroo\n|\n|upkeep\n|turn|27\n|\n|t:|1700725373\n|switch|p2a: skrrrrra!|Starmie|38\/100 par\n|move|p1a: Claydol|Switcheroo|p2a: skrrrrra!\n|-activate|p1a: Claydol|move: Trick|[of] p2a: skrrrrra!\n|-item|p2a: skrrrrra!|Choice Specs|[from] move: Switcheroo\n|-item|p1a: Claydol|Heavy-Duty Boots|[from] move: Switcheroo\n|\n|upkeep\n|turn|28\n|\n|t:|1700725382\n|move|p1a: Claydol|Switcheroo|p2a: skrrrrra!\n|-activate|p1a: Claydol|move: Trick|[of] p2a: skrrrrra!\n|-item|p2a: skrrrrra!|Heavy-Duty Boots|[from] move: Switcheroo\n|-item|p1a: Claydol|Choice Specs|[from] move: Switcheroo\n|move|p2a: skrrrrra!|Ice Beam|p1a: Claydol\n|-supereffective|p1a: Claydol\n|-damage|p1a: Claydol|21\/100\n|\n|upkeep\n|turn|29\n|c|\u2606Reivya|i don't know why that made me laugh\n|c|\u2606Reivya|\"nah that's fine starmie you can keep those\n|\n|t:|1700725403\n|move|p1a: Claydol|Future Sight|p2a: skrrrrra!\n|-start|p1a: Claydol|move: Future Sight\n|move|p2a: skrrrrra!|Ice Beam|p1a: Claydol\n|-supereffective|p1a: Claydol\n|-damage|p1a: Claydol|0 fnt\n|faint|p1a: Claydol\n|\n|upkeep\n|\n|t:|1700725420\n|switch|p1a: Pawmot|Pawmot, F|100\/100\n|-damage|p1a: Pawmot|94\/100|[from] Stealth Rock\n|turn|30\n|\n|t:|1700725425\n|switch|p2a: subarashii|Gigalith, F|100\/100\n|move|p1a: Pawmot|Double Shock|p2a: subarashii\n|-damage|p2a: subarashii|60\/100\n|-start|p1a: Pawmot|typechange|???\/Fighting|[from] move: Double Shock\n|\n|upkeep\n|turn|31\n|\n|t:|1700725437\n|switch|p1a: Mew|Mew|38\/100 par\n|-damage|p1a: Mew|26\/100 par|[from] Stealth Rock\n|move|p2a: subarashii|Stone Edge|p1a: Mew\n|-damage|p1a: Mew|0 fnt\n|faint|p1a: Mew\n|\n|-end|p2a: subarashii|move: Future Sight\n|-damage|p2a: subarashii|27\/100\n|upkeep\n|\n|t:|1700725440\n|switch|p1a: Pawmot|Pawmot, F|94\/100\n|-damage|p1a: Pawmot|88\/100|[from] Stealth Rock\n|turn|32\n|\n|t:|1700725451\n|move|p2a: subarashii|Endure|p2a: subarashii\n|-singleturn|p2a: subarashii|move: Endure\n|move|p1a: Pawmot|Close Combat|p2a: subarashii\n|-supereffective|p2a: subarashii\n|-activate|p2a: subarashii|move: Endure\n|-damage|p2a: subarashii|1\/100\n|-unboost|p1a: Pawmot|def|1\n|-unboost|p1a: Pawmot|spd|1\n|\n|upkeep\n|turn|33\n|-enditem|p2a: subarashii|Custap Berry|[eat]\n|-activate|p2a: subarashii|item: Custap Berry|[consumed]\n|\n|t:|1700725460\n|move|p2a: subarashii|Explosion|p1a: Pawmot\n|-damage|p1a: Pawmot|0 fnt\n|faint|p2a: subarashii\n|faint|p1a: Pawmot\n|\n|upkeep\n|\n|t:|1700725478\n|switch|p1a: Corviknight|Corviknight, M|73\/100\n|switch|p2a: it's hip|Ribombee, F|100\/100\n|-damage|p1a: Corviknight|60\/100|[from] Stealth Rock\n|-ability|p1a: Corviknight|Pressure\n|turn|34\n|\n|t:|1700725488\n|-terastallize|p1a: Corviknight|Flying\n|move|p2a: it's hip|Switcheroo|p1a: Corviknight\n|-activate|p2a: it's hip|move: Trick|[of] p1a: Corviknight\n|-enditem|p1a: Corviknight|Rocky Helmet|[silent]|[from] move: Switcheroo\n|-item|p2a: it's hip|Rocky Helmet|[from] move: Switcheroo\n|move|p1a: Corviknight|Brave Bird|p2a: it's hip\n|-supereffective|p2a: it's hip\n|-damage|p2a: it's hip|0 fnt\n|-damage|p1a: Corviknight|44\/100|[from] item: Rocky Helmet|[of] p2a: it's hip\n|faint|p2a: it's hip\n|-damage|p1a: Corviknight|17\/100|[from] Recoil\n|\n|upkeep\n|\n|t:|1700725500\n|switch|p2a: skrrrrra!|Starmie|38\/100 par\n|turn|35\n|\n|t:|1700725503\n|move|p2a: skrrrrra!|Ice Beam|p1a: Corviknight\n|-supereffective|p1a: Corviknight\n|-damage|p1a: Corviknight|0 fnt\n|faint|p1a: Corviknight\n|\n|win|Reivya\n|raw|Shoags's rating: 1000 &rarr; <strong>1000<\/strong><br \/>(+0 for losing)\n|raw|Reivya's rating: 1061 &rarr; <strong>1086<\/strong><br \/>(+25 for winning)\n|c|\u2606Reivya|ggwp\n|c|\u2606Reivya|very fun match\n","uploadtime":1700725514,"views":10,"p1id":"shoags","p2id":"reivya","formatid":"gen9nationaldex","rating":1000,"private":0,"password":""}