{"id":"gen9nationaldex-1990134860","p1":"BabaYaga357","p2":"mtyqjltz4","format":"[Gen 9] National Dex","log":"|j|\u2606BabaYaga357\n|j|\u2606mtyqjltz4\n|t:|1699928316\n|gametype|singles\n|player|p1|BabaYaga357|170|1538\n|player|p2|mtyqjltz4|elesa|1497\n|teamsize|p1|6\n|teamsize|p2|6\n|gen|9\n|tier|[Gen 9] National Dex\n|rated|\n|rule|HP Percentage Mod: HP is shown in percentages\n|rule|Endless Battle Clause: Forcing endless battles is banned\n|rule|OHKO Clause: OHKO moves are banned\n|rule|Evasion Clause: Evasion abilities, items, and moves are banned\n|rule|Evasion Abilities Clause: Evasion abilities are banned\n|rule|Evasion Items Clause: Evasion items are banned\n|rule|Evasion Moves Clause: Evasion moves are banned\n|rule|Species Clause: Limit one of each Pok\u00e9mon\n|rule|Sleep Clause Mod: Limit one foe put to sleep\n|clearpoke\n|poke|p1|Volcarona, M|\n|poke|p1|Gliscor, F|\n|poke|p1|Buzzwole|\n|poke|p1|Dragonite, F|\n|poke|p1|Heatran, F|\n|poke|p1|Slowking, F|\n|poke|p2|Beedrill, M|\n|poke|p2|Chansey, F|\n|poke|p2|Garchomp, M|\n|poke|p2|Urshifu-*, M|\n|poke|p2|Zapdos|\n|poke|p2|Tapu Lele|\n|teampreview\n|inactive|Battle timer is ON: inactive players will automatically lose when time's up. (requested by BabaYaga357)\n|inactive|mtyqjltz4 has 120 seconds left.\n|\n|t:|1699928347\n|start\n|switch|p1a: Swoop|Gliscor, F|100\/100\n|switch|p2a: Urshifu|Urshifu-Rapid-Strike, M|100\/100\n|turn|1\n|j| XXMurdrXX\n|\n|t:|1699928363\n|switch|p1a: Viltrax|Buzzwole, shiny|100\/100\n|move|p2a: Urshifu|Swords Dance|p2a: Urshifu\n|-boost|p2a: Urshifu|atk|2\n|\n|upkeep\n|turn|2\n|\n|t:|1699928374\n|move|p2a: Urshifu|Trailblaze|p1a: Viltrax\n|-resisted|p1a: Viltrax\n|-damage|p1a: Viltrax|93\/100\n|-boost|p2a: Urshifu|spe|1\n|-damage|p2a: Urshifu|84\/100|[from] item: Rocky Helmet|[of] p1a: Viltrax\n|move|p1a: Viltrax|Thunder Punch|p2a: Urshifu\n|-supereffective|p2a: Urshifu\n|-damage|p2a: Urshifu|41\/100\n|\n|upkeep\n|turn|3\n|\n|t:|1699928402\n|-terastallize|p2a: Urshifu|Grass\n|move|p2a: Urshifu|Surging Strikes|p1a: Viltrax\n|-crit|p1a: Viltrax\n|-damage|p1a: Viltrax|73\/100\n|-crit|p1a: Viltrax\n|-damage|p1a: Viltrax|54\/100\n|-crit|p1a: Viltrax\n|-damage|p1a: Viltrax|34\/100\n|-hitcount|p1a: Viltrax|3\n|move|p1a: Viltrax|Drain Punch|p2a: Urshifu\n|-damage|p2a: Urshifu|5\/100\n|-heal|p1a: Viltrax|49\/100|[from] drain|[of] p2a: Urshifu\n|\n|upkeep\n|turn|4\n|\n|t:|1699928413\n|move|p2a: Urshifu|Surging Strikes|p1a: Viltrax\n|-crit|p1a: Viltrax\n|-damage|p1a: Viltrax|27\/100\n|-crit|p1a: Viltrax\n|-damage|p1a: Viltrax|7\/100\n|-crit|p1a: Viltrax\n|-damage|p1a: Viltrax|0 fnt\n|faint|p1a: Viltrax\n|-hitcount|p1: Viltrax|3\n|\n|upkeep\n|\n|t:|1699928429\n|switch|p1a: Puff|Dragonite, F|100\/100\n|turn|5\n|\n|t:|1699928440\n|switch|p2a: Tapu Lele|Tapu Lele|100\/100\n|-fieldstart|move: Psychic Terrain|[from] ability: Psychic Surge|[of] p2a: Tapu Lele\n|move|p1a: Puff|Earthquake|p2a: Tapu Lele\n|-damage|p2a: Tapu Lele|55\/100\n|\n|upkeep\n|turn|6\n|\n|t:|1699928458\n|switch|p2a: Garchomp|Garchomp, M, shiny|100\/100\n|switch|p1a: Dort|Slowking, F|100\/100\n|\n|upkeep\n|turn|7\n|\n|t:|1699928472\n|move|p2a: Garchomp|Swords Dance|p2a: Garchomp\n|-boost|p2a: Garchomp|atk|2\n|move|p1a: Dort|Chilly Reception|p1a: Dort\n|-weather|Snow\n|\n|t:|1699928484\n|switch|p1a: Puff|Dragonite, F|100\/100|[from] Chilly Reception\n|\n|-weather|Snow|[upkeep]\n|upkeep\n|turn|8\n|\n|t:|1699928503\n|move|p2a: Garchomp|Swords Dance|p2a: Garchomp\n|-boost|p2a: Garchomp|atk|2\n|move|p1a: Puff|Dragon Tail|p2a: Garchomp\n|-supereffective|p2a: Garchomp\n|-damage|p2a: Garchomp|39\/100\n|-damage|p1a: Puff|88\/100|[from] ability: Rough Skin|[of] p2a: Garchomp\n|drag|p2a: Beedrill|Beedrill, M|100\/100\n|\n|-weather|Snow|[upkeep]\n|upkeep\n|turn|9\n|\n|t:|1699928519\n|detailschange|p2a: Beedrill|Beedrill-Mega, M\n|-mega|p2a: Beedrill|Beedrill|Beedrillite\n|move|p2a: Beedrill|Poison Jab|p1a: Puff\n|-crit|p1a: Puff\n|-damage|p1a: Puff|6\/100\n|-status|p1a: Puff|psn\n|move|p1a: Puff|Roost|p1a: Puff\n|-heal|p1a: Puff|56\/100 psn\n|-singleturn|p1a: Puff|move: Roost\n|\n|-weather|Snow|[upkeep]\n|-damage|p1a: Puff|44\/100 psn|[from] psn\n|-fieldend|move: Psychic Terrain\n|upkeep\n|turn|10\n|\n|t:|1699928529\n|switch|p1a: Swoop|Gliscor, F|100\/100\n|move|p2a: Beedrill|Poison Jab|p1a: Swoop\n|-resisted|p1a: Swoop\n|-damage|p1a: Swoop|74\/100\n|\n|-weather|Snow|[upkeep]\n|-status|p1a: Swoop|tox|[from] item: Toxic Orb\n|upkeep\n|turn|11\n|\n|t:|1699928534\n|move|p2a: Beedrill|U-turn|p1a: Swoop\n|-resisted|p1a: Swoop\n|-damage|p1a: Swoop|50\/100 tox\n|\n|t:|1699928542\n|switch|p2a: Urshifu|Urshifu-Rapid-Strike, M, tera:Grass|5\/100|[from] U-turn\n|move|p1a: Swoop|Earthquake|p2a: Urshifu\n|-resisted|p2a: Urshifu\n|-damage|p2a: Urshifu|0 fnt\n|faint|p2a: Urshifu\n|\n|-weather|none\n|-heal|p1a: Swoop|63\/100 tox|[from] ability: Poison Heal\n|upkeep\n|\n|t:|1699928553\n|switch|p2a: Garchomp|Garchomp, M, shiny|39\/100\n|turn|12\n|\n|t:|1699928568\n|-zpower|p2a: Garchomp\n|move|p2a: Garchomp|Devastating Drake|p1a: Swoop|[zeffect]\n|-damage|p1a: Swoop|0 fnt\n|faint|p1a: Swoop\n|\n|upkeep\n|\n|t:|1699928588\n|switch|p1a: Pinto|Volcarona, M|100\/100\n|turn|13\n|\n|t:|1699928597\n|move|p2a: Garchomp|Earthquake|p1a: Pinto\n|-damage|p1a: Pinto|48\/100\n|move|p1a: Pinto|Quiver Dance|p1a: Pinto\n|-boost|p1a: Pinto|spa|1\n|-boost|p1a: Pinto|spd|1\n|-boost|p1a: Pinto|spe|1\n|\n|upkeep\n|turn|14\n|\n|t:|1699928606\n|switch|p2a: Chansey|Chansey, F|100\/100\n|move|p1a: Pinto|Giga Drain|p2a: Chansey\n|-damage|p2a: Chansey|91\/100\n|-heal|p1a: Pinto|57\/100|[from] drain|[of] p2a: Chansey\n|\n|upkeep\n|turn|15\n|\n|t:|1699928615\n|switch|p1a: Frog|Heatran, F|100\/100\n|move|p2a: Chansey|Seismic Toss|p1a: Frog\n|-damage|p1a: Frog|75\/100\n|\n|-heal|p1a: Frog|81\/100|[from] item: Leftovers\n|upkeep\n|turn|16\n|\n|t:|1699928624\n|move|p1a: Frog|Magma Storm|p2a: Chansey\n|-damage|p2a: Chansey|76\/100\n|-activate|p2a: Chansey|move: Magma Storm|[of] p1a: Frog\n|move|p2a: Chansey|Teleport|p2a: Chansey\n|\n|t:|1699928634\n|switch|p2a: Garchomp|Garchomp, M, shiny|39\/100|[from] Teleport\n|\n|-heal|p1a: Frog|87\/100|[from] item: Leftovers\n|upkeep\n|turn|17\n|\n|t:|1699928646\n|switch|p1a: Dort|Slowking, F|100\/100\n|move|p2a: Garchomp|Earthquake|p1a: Dort\n|-damage|p1a: Dort|48\/100\n|\n|upkeep\n|turn|18\n|\n|t:|1699928658\n|move|p2a: Garchomp|Earthquake|p1a: Dort\n|-damage|p1a: Dort|0 fnt\n|faint|p1a: Dort\n|\n|upkeep\n|\n|t:|1699928661\n|switch|p1a: Pinto|Volcarona, M|57\/100\n|turn|19\n|\n|t:|1699928672\n|move|p2a: Garchomp|Outrage|p1a: Pinto\n|-damage|p1a: Pinto|0 fnt\n|faint|p1a: Pinto\n|\n|upkeep\n|\n|t:|1699928676\n|switch|p1a: Frog|Heatran, F|87\/100\n|turn|20\n|-message|BabaYaga357 forfeited.\n|\n|win|mtyqjltz4\n|raw|BabaYaga357's rating: 1538 &rarr; <strong>1516<\/strong><br \/>(-22 for losing)\n|raw|mtyqjltz4's rating: 1497 &rarr; <strong>1519<\/strong><br \/>(+22 for winning)\n|l|\u2606BabaYaga357\n","uploadtime":1699928695,"views":6,"p1id":"babayaga357","p2id":"mtyqjltz4","formatid":"gen9nationaldex","rating":1516,"private":0,"password":""}