{"id":"gen9nationaldex-1988265113","p1":"sedsf","p2":"gogotaxi","format":"[Gen 9] National Dex","log":"|j|\u2606sedsf\n|j|\u2606gogotaxi\n|t:|1699697652\n|gametype|singles\n|player|p1|sedsf|rosa|1099\n|player|p2|gogotaxi|shauntal|1218\n|teamsize|p1|6\n|teamsize|p2|6\n|gen|9\n|tier|[Gen 9] National Dex\n|rated|\n|rule|HP Percentage Mod: HP is shown in percentages\n|rule|Endless Battle Clause: Forcing endless battles is banned\n|rule|OHKO Clause: OHKO moves are banned\n|rule|Evasion Clause: Evasion abilities, items, and moves are banned\n|rule|Evasion Abilities Clause: Evasion abilities are banned\n|rule|Evasion Items Clause: Evasion items are banned\n|rule|Evasion Moves Clause: Evasion moves are banned\n|rule|Species Clause: Limit one of each Pok\u00e9mon\n|rule|Sleep Clause Mod: Limit one foe put to sleep\n|clearpoke\n|poke|p1|Sinistcha-Masterpiece|\n|poke|p1|Clodsire, F|\n|poke|p1|Banette, F|\n|poke|p1|Zapdos|\n|poke|p1|Ogerpon-Wellspring, F|\n|poke|p1|Garganacl, M|\n|poke|p2|Ditto|\n|poke|p2|Sableye, F|\n|poke|p2|Gligar, F|\n|poke|p2|Mesprit|\n|poke|p2|Ninjask, M|\n|poke|p2|Muk, M|\n|teampreview\n|inactive|Battle timer is ON: inactive players will automatically lose when time's up. (requested by gogotaxi)\n|\n|t:|1699697663\n|start\n|switch|p1a: Banette|Banette, F|100\/100\n|switch|p2a: sadie|Sableye, F, shiny|100\/100\n|turn|1\n|\n|t:|1699697691\n|detailschange|p1a: Banette|Banette-Mega, F\n|-mega|p1a: Banette|Banette|Banettite\n|detailschange|p2a: sadie|Sableye-Mega, F, shiny\n|-mega|p2a: sadie|Sableye|Sablenite\n|move|p1a: Banette|Swords Dance|p1a: Banette\n|-boost|p1a: Banette|atk|2\n|move|p2a: sadie|Will-O-Wisp|p1a: Banette\n|-status|p1a: Banette|brn\n|\n|-damage|p1a: Banette|95\/100 brn|[from] brn\n|upkeep\n|turn|2\n|\n|t:|1699697701\n|move|p1a: Banette|Poltergeist|p2a: sadie\n|-activate|p2a: sadie|move: Poltergeist|Sablenite\n|-damage|p2a: sadie|44\/100\n|move|p2a: sadie|Night Shade|p1a: Banette\n|-damage|p1a: Banette|57\/100 brn\n|\n|-damage|p1a: Banette|51\/100 brn|[from] brn\n|upkeep\n|turn|3\n|\n|t:|1699697713\n|switch|p2a: messi|Mesprit, shiny|100\/100\n|move|p1a: Banette|Swords Dance|p1a: Banette\n|-boost|p1a: Banette|atk|2\n|\n|-damage|p1a: Banette|45\/100 brn|[from] brn\n|upkeep\n|turn|4\n|\n|t:|1699697720\n|move|p1a: Banette|Poltergeist|p2a: messi\n|-activate|p2a: messi|move: Poltergeist|Leftovers\n|-supereffective|p2a: messi\n|-damage|p2a: messi|0 fnt\n|faint|p2a: messi\n|\n|-damage|p1a: Banette|40\/100 brn|[from] brn\n|upkeep\n|\n|t:|1699697727\n|switch|p2a: itto|Ditto, shiny|100\/100\n|-transform|p2a: itto|p1a: Banette|[from] ability: Imposter\n|turn|5\n|\n|t:|1699697738\n|switch|p1a: Zapdos|Zapdos|100\/100\n|move|p2a: itto|Poltergeist|p1a: Zapdos\n|-activate|p1a: Zapdos|move: Poltergeist|Heavy-Duty Boots\n|-damage|p1a: Zapdos|0 fnt\n|faint|p1a: Zapdos\n|\n|upkeep\n|\n|t:|1699697746\n|switch|p1a: Clodsire|Clodsire, F|100\/100\n|turn|6\n|\n|t:|1699697749\n|move|p2a: itto|Poltergeist|p1a: Clodsire|[miss]\n|-miss|p2a: itto|p1a: Clodsire\n|move|p1a: Clodsire|Recover||[still]\n|-fail|p1a: Clodsire|heal\n|\n|upkeep\n|turn|7\n|\n|t:|1699697755\n|move|p2a: itto|Poltergeist|p1a: Clodsire\n|-activate|p1a: Clodsire|move: Poltergeist|Black Sludge\n|-damage|p1a: Clodsire|29\/100\n|move|p1a: Clodsire|Curse|p1a: Clodsire\n|-unboost|p1a: Clodsire|spe|1\n|-boost|p1a: Clodsire|atk|1\n|-boost|p1a: Clodsire|def|1\n|\n|-heal|p1a: Clodsire|35\/100|[from] item: Black Sludge\n|upkeep\n|turn|8\n|\n|t:|1699697764\n|move|p2a: itto|Poltergeist|p1a: Clodsire\n|-activate|p1a: Clodsire|move: Poltergeist|Black Sludge\n|-damage|p1a: Clodsire|0 fnt\n|faint|p1a: Clodsire\n|\n|upkeep\n|\n|t:|1699697770\n|switch|p1a: Sinistcha|Sinistcha-Masterpiece|100\/100\n|turn|9\n|\n|t:|1699697773\n|move|p2a: itto|Poltergeist|p1a: Sinistcha\n|-activate|p1a: Sinistcha|move: Poltergeist|Leftovers\n|-supereffective|p1a: Sinistcha\n|-damage|p1a: Sinistcha|0 fnt\n|faint|p1a: Sinistcha\n|\n|upkeep\n|\n|t:|1699697783\n|switch|p1a: Garganacl|Garganacl, M|100\/100\n|turn|10\n|\n|t:|1699697786\n|switch|p2a: ku|Muk, M, shiny|100\/100\n|move|p1a: Garganacl|Curse|p1a: Garganacl\n|-unboost|p1a: Garganacl|spe|1\n|-boost|p1a: Garganacl|atk|1\n|-boost|p1a: Garganacl|def|1\n|\n|upkeep\n|turn|11\n|\n|t:|1699697797\n|move|p2a: ku|Power-Up Punch|p1a: Garganacl\n|-supereffective|p1a: Garganacl\n|-damage|p1a: Garganacl|92\/100\n|-boost|p2a: ku|atk|1\n|move|p1a: Garganacl|Curse|p1a: Garganacl\n|-unboost|p1a: Garganacl|spe|1\n|-boost|p1a: Garganacl|atk|1\n|-boost|p1a: Garganacl|def|1\n|\n|-heal|p1a: Garganacl|98\/100|[from] item: Leftovers\n|upkeep\n|turn|12\n|\n|t:|1699697806\n|move|p2a: ku|Acid Armor|p2a: ku\n|-boost|p2a: ku|def|2\n|move|p1a: Garganacl|Curse|p1a: Garganacl\n|-unboost|p1a: Garganacl|spe|1\n|-boost|p1a: Garganacl|atk|1\n|-boost|p1a: Garganacl|def|1\n|\n|-heal|p1a: Garganacl|100\/100|[from] item: Leftovers\n|upkeep\n|turn|13\n|\n|t:|1699697813\n|move|p2a: ku|Acid Armor|p2a: ku\n|-boost|p2a: ku|def|2\n|move|p1a: Garganacl|Earthquake|p2a: ku\n|-supereffective|p2a: ku\n|-damage|p2a: ku|71\/100\n|\n|-heal|p2a: ku|77\/100|[from] item: Leftovers\n|upkeep\n|turn|14\n|\n|t:|1699697820\n|move|p2a: ku|Acid Armor|p2a: ku\n|-boost|p2a: ku|def|2\n|move|p1a: Garganacl|Curse|p1a: Garganacl\n|-unboost|p1a: Garganacl|spe|1\n|-boost|p1a: Garganacl|atk|1\n|-boost|p1a: Garganacl|def|1\n|\n|-heal|p2a: ku|83\/100|[from] item: Leftovers\n|upkeep\n|turn|15\n|\n|t:|1699697827\n|move|p2a: ku|Power-Up Punch|p1a: Garganacl\n|-supereffective|p1a: Garganacl\n|-damage|p1a: Garganacl|93\/100\n|-boost|p2a: ku|atk|1\n|move|p1a: Garganacl|Curse|p1a: Garganacl\n|-unboost|p1a: Garganacl|spe|1\n|-boost|p1a: Garganacl|atk|1\n|-boost|p1a: Garganacl|def|1\n|\n|-heal|p2a: ku|89\/100|[from] item: Leftovers\n|-heal|p1a: Garganacl|99\/100|[from] item: Leftovers\n|upkeep\n|turn|16\n|\n|t:|1699697837\n|move|p2a: ku|Power-Up Punch|p1a: Garganacl\n|-supereffective|p1a: Garganacl\n|-damage|p1a: Garganacl|92\/100\n|-boost|p2a: ku|atk|1\n|move|p1a: Garganacl|Curse|p1a: Garganacl\n|-unboost|p1a: Garganacl|spe|1\n|-boost|p1a: Garganacl|atk|1\n|-boost|p1a: Garganacl|def|1\n|\n|-heal|p2a: ku|95\/100|[from] item: Leftovers\n|-heal|p1a: Garganacl|99\/100|[from] item: Leftovers\n|upkeep\n|turn|17\n|\n|t:|1699697847\n|move|p2a: ku|Power-Up Punch|p1a: Garganacl\n|-supereffective|p1a: Garganacl\n|-damage|p1a: Garganacl|90\/100\n|-boost|p2a: ku|atk|1\n|move|p1a: Garganacl|Salt Cure|p2a: ku\n|-damage|p2a: ku|84\/100\n|-start|p2a: ku|Salt Cure\n|\n|-heal|p2a: ku|90\/100|[from] item: Leftovers\n|-heal|p1a: Garganacl|96\/100|[from] item: Leftovers\n|-damage|p2a: ku|78\/100|[from] Salt Cure\n|upkeep\n|turn|18\n|\n|t:|1699697859\n|move|p2a: ku|Power-Up Punch|p1a: Garganacl\n|-supereffective|p1a: Garganacl\n|-damage|p1a: Garganacl|86\/100\n|-boost|p2a: ku|atk|1\n|move|p1a: Garganacl|Earthquake|p2a: ku\n|-supereffective|p2a: ku\n|-damage|p2a: ku|43\/100\n|\n|-heal|p2a: ku|49\/100|[from] item: Leftovers\n|-heal|p1a: Garganacl|92\/100|[from] item: Leftovers\n|-damage|p2a: ku|37\/100|[from] Salt Cure\n|upkeep\n|turn|19\n|\n|t:|1699697871\n|switch|p2a: jask|Ninjask, M, shiny|100\/100\n|move|p1a: Garganacl|Earthquake|p2a: jask\n|-immune|p2a: jask\n|\n|-heal|p1a: Garganacl|98\/100|[from] item: Leftovers\n|upkeep\n|turn|20\n|\n|t:|1699697878\n|move|p2a: jask|U-turn|p1a: Garganacl\n|-damage|p1a: Garganacl|90\/100\n|\n|t:|1699697888\n|switch|p2a: sadie|Sableye-Mega, F, shiny|44\/100|[from] U-turn\n|move|p1a: Garganacl|Salt Cure|p2a: sadie\n|-damage|p2a: sadie|0 fnt\n|faint|p2a: sadie\n|\n|-heal|p1a: Garganacl|96\/100|[from] item: Leftovers\n|upkeep\n|\n|t:|1699697895\n|switch|p2a: itto|Ditto, shiny|100\/100\n|-transform|p2a: itto|p1a: Garganacl|[from] ability: Imposter\n|turn|21\n|\n|t:|1699697902\n|move|p2a: itto|Salt Cure|p1a: Garganacl\n|-damage|p1a: Garganacl|86\/100\n|-start|p1a: Garganacl|Salt Cure\n|move|p1a: Garganacl|Salt Cure|p2a: itto\n|-damage|p2a: itto|86\/100\n|-start|p2a: itto|Salt Cure\n|\n|-heal|p1a: Garganacl|93\/100|[from] item: Leftovers\n|-damage|p2a: itto|74\/100|[from] Salt Cure\n|-damage|p1a: Garganacl|80\/100|[from] Salt Cure\n|upkeep\n|turn|22\n|\n|t:|1699697912\n|switch|p2a: ku|Muk, M, shiny|37\/100\n|move|p1a: Garganacl|Earthquake|p2a: ku\n|-supereffective|p2a: ku\n|-damage|p2a: ku|0 fnt\n|faint|p2a: ku\n|\n|-heal|p1a: Garganacl|86\/100|[from] item: Leftovers\n|-damage|p1a: Garganacl|74\/100|[from] Salt Cure\n|upkeep\n|\n|t:|1699697920\n|switch|p2a: gliggy|Gligar, F, shiny|100\/100\n|turn|23\n|\n|t:|1699697925\n|move|p2a: gliggy|Earthquake|p1a: Garganacl\n|-supereffective|p1a: Garganacl\n|-damage|p1a: Garganacl|65\/100\n|move|p1a: Garganacl|Salt Cure|p2a: gliggy\n|-damage|p2a: gliggy|74\/100\n|-start|p2a: gliggy|Salt Cure\n|\n|-heal|p1a: Garganacl|71\/100|[from] item: Leftovers\n|-damage|p2a: gliggy|62\/100|[from] Salt Cure\n|-damage|p1a: Garganacl|58\/100|[from] Salt Cure\n|upkeep\n|turn|24\n|\n|t:|1699697935\n|move|p2a: gliggy|Roost|p2a: gliggy\n|-heal|p2a: gliggy|100\/100\n|-singleturn|p2a: gliggy|move: Roost\n|move|p1a: Garganacl|Recover|p1a: Garganacl\n|-heal|p1a: Garganacl|100\/100\n|\n|-damage|p2a: gliggy|88\/100|[from] Salt Cure\n|-damage|p1a: Garganacl|88\/100|[from] Salt Cure\n|upkeep\n|turn|25\n|\n|t:|1699697943\n|move|p2a: gliggy|Earthquake|p1a: Garganacl\n|-supereffective|p1a: Garganacl\n|-damage|p1a: Garganacl|79\/100\n|move|p1a: Garganacl|Salt Cure|p2a: gliggy\n|-damage|p2a: gliggy|58\/100\n|\n|-heal|p1a: Garganacl|85\/100|[from] item: Leftovers\n|-damage|p2a: gliggy|46\/100|[from] Salt Cure\n|-damage|p1a: Garganacl|73\/100|[from] Salt Cure\n|upkeep\n|turn|26\n|\n|t:|1699697952\n|move|p2a: gliggy|Roost|p2a: gliggy\n|-heal|p2a: gliggy|96\/100\n|-singleturn|p2a: gliggy|move: Roost\n|move|p1a: Garganacl|Salt Cure|p2a: gliggy\n|-resisted|p2a: gliggy\n|-damage|p2a: gliggy|81\/100\n|\n|-heal|p1a: Garganacl|79\/100|[from] item: Leftovers\n|-damage|p2a: gliggy|68\/100|[from] Salt Cure\n|-damage|p1a: Garganacl|67\/100|[from] Salt Cure\n|upkeep\n|turn|27\n|\n|t:|1699697962\n|move|p2a: gliggy|Earthquake|p1a: Garganacl\n|-supereffective|p1a: Garganacl\n|-damage|p1a: Garganacl|56\/100\n|move|p1a: Garganacl|Salt Cure|p2a: gliggy\n|-damage|p2a: gliggy|42\/100\n|\n|-heal|p1a: Garganacl|63\/100|[from] item: Leftovers\n|-damage|p2a: gliggy|29\/100|[from] Salt Cure\n|-damage|p1a: Garganacl|50\/100|[from] Salt Cure\n|upkeep\n|turn|28\n|\n|t:|1699697970\n|move|p2a: gliggy|Roost|p2a: gliggy\n|-heal|p2a: gliggy|79\/100\n|-singleturn|p2a: gliggy|move: Roost\n|move|p1a: Garganacl|Recover|p1a: Garganacl\n|-heal|p1a: Garganacl|99\/100\n|\n|-heal|p1a: Garganacl|100\/100|[from] item: Leftovers\n|-damage|p2a: gliggy|67\/100|[from] Salt Cure\n|-damage|p1a: Garganacl|88\/100|[from] Salt Cure\n|upkeep\n|turn|29\n|\n|t:|1699697978\n|move|p2a: gliggy|Earthquake|p1a: Garganacl\n|-supereffective|p1a: Garganacl\n|-damage|p1a: Garganacl|79\/100\n|move|p1a: Garganacl|Salt Cure|p2a: gliggy\n|-damage|p2a: gliggy|38\/100\n|\n|-heal|p1a: Garganacl|85\/100|[from] item: Leftovers\n|-damage|p2a: gliggy|26\/100|[from] Salt Cure\n|-damage|p1a: Garganacl|73\/100|[from] Salt Cure\n|upkeep\n|turn|30\n|\n|t:|1699697987\n|move|p2a: gliggy|Roost|p2a: gliggy\n|-heal|p2a: gliggy|76\/100\n|-singleturn|p2a: gliggy|move: Roost\n|move|p1a: Garganacl|Salt Cure|p2a: gliggy\n|-resisted|p2a: gliggy\n|-damage|p2a: gliggy|62\/100\n|\n|-heal|p1a: Garganacl|79\/100|[from] item: Leftovers\n|-damage|p2a: gliggy|50\/100|[from] Salt Cure\n|-damage|p1a: Garganacl|67\/100|[from] Salt Cure\n|upkeep\n|turn|31\n|\n|t:|1699697996\n|move|p2a: gliggy|Toxic|p1a: Garganacl\n|-immune|p1a: Garganacl|[from] ability: Purifying Salt\n|move|p1a: Garganacl|Salt Cure|p2a: gliggy\n|-damage|p2a: gliggy|20\/100\n|\n|-heal|p1a: Garganacl|73\/100|[from] item: Leftovers\n|-damage|p2a: gliggy|8\/100|[from] Salt Cure\n|-damage|p1a: Garganacl|61\/100|[from] Salt Cure\n|upkeep\n|turn|32\n|\n|t:|1699698004\n|move|p2a: gliggy|Roost|p2a: gliggy\n|-heal|p2a: gliggy|58\/100\n|-singleturn|p2a: gliggy|move: Roost\n|move|p1a: Garganacl|Salt Cure|p2a: gliggy\n|-resisted|p2a: gliggy\n|-damage|p2a: gliggy|44\/100\n|\n|-heal|p1a: Garganacl|67\/100|[from] item: Leftovers\n|-damage|p2a: gliggy|31\/100|[from] Salt Cure\n|-damage|p1a: Garganacl|54\/100|[from] Salt Cure\n|upkeep\n|turn|33\n|\n|t:|1699698014\n|move|p2a: gliggy|Roost|p2a: gliggy\n|-heal|p2a: gliggy|81\/100\n|-singleturn|p2a: gliggy|move: Roost\n|move|p1a: Garganacl|Recover|p1a: Garganacl\n|-heal|p1a: Garganacl|100\/100\n|\n|-damage|p2a: gliggy|69\/100|[from] Salt Cure\n|-damage|p1a: Garganacl|88\/100|[from] Salt Cure\n|upkeep\n|turn|34\n|\n|t:|1699698022\n|move|p2a: gliggy|Earthquake|p1a: Garganacl\n|-supereffective|p1a: Garganacl\n|-damage|p1a: Garganacl|79\/100\n|move|p1a: Garganacl|Salt Cure|p2a: gliggy\n|-damage|p2a: gliggy|39\/100\n|\n|-heal|p1a: Garganacl|85\/100|[from] item: Leftovers\n|-damage|p2a: gliggy|27\/100|[from] Salt Cure\n|-damage|p1a: Garganacl|73\/100|[from] Salt Cure\n|upkeep\n|turn|35\n|\n|t:|1699698031\n|move|p2a: gliggy|Roost|p2a: gliggy\n|-heal|p2a: gliggy|77\/100\n|-singleturn|p2a: gliggy|move: Roost\n|move|p1a: Garganacl|Salt Cure|p2a: gliggy\n|-resisted|p2a: gliggy\n|-damage|p2a: gliggy|63\/100\n|\n|-heal|p1a: Garganacl|79\/100|[from] item: Leftovers\n|-damage|p2a: gliggy|51\/100|[from] Salt Cure\n|-damage|p1a: Garganacl|66\/100|[from] Salt Cure\n|upkeep\n|turn|36\n|\n|t:|1699698040\n|move|p2a: gliggy|Roost|p2a: gliggy\n|-heal|p2a: gliggy|100\/100\n|-singleturn|p2a: gliggy|move: Roost\n|move|p1a: Garganacl|Salt Cure|p2a: gliggy\n|-resisted|p2a: gliggy\n|-damage|p2a: gliggy|85\/100\n|\n|-heal|p1a: Garganacl|73\/100|[from] item: Leftovers\n|-damage|p2a: gliggy|73\/100|[from] Salt Cure\n|-damage|p1a: Garganacl|60\/100|[from] Salt Cure\n|upkeep\n|turn|37\n|\n|t:|1699698050\n|move|p2a: gliggy|Earthquake|p1a: Garganacl\n|-supereffective|p1a: Garganacl\n|-damage|p1a: Garganacl|50\/100\n|move|p1a: Garganacl|Salt Cure|p2a: gliggy\n|-damage|p2a: gliggy|46\/100\n|\n|-heal|p1a: Garganacl|56\/100|[from] item: Leftovers\n|-damage|p2a: gliggy|34\/100|[from] Salt Cure\n|-damage|p1a: Garganacl|44\/100|[from] Salt Cure\n|upkeep\n|turn|38\n|\n|t:|1699698058\n|move|p2a: gliggy|Earthquake|p1a: Garganacl\n|-supereffective|p1a: Garganacl\n|-damage|p1a: Garganacl|34\/100\n|move|p1a: Garganacl|Recover|p1a: Garganacl\n|-heal|p1a: Garganacl|84\/100\n|\n|-heal|p1a: Garganacl|90\/100|[from] item: Leftovers\n|-damage|p2a: gliggy|21\/100|[from] Salt Cure\n|-damage|p1a: Garganacl|78\/100|[from] Salt Cure\n|upkeep\n|turn|39\n|\n|t:|1699698066\n|move|p2a: gliggy|Earthquake|p1a: Garganacl\n|-supereffective|p1a: Garganacl\n|-damage|p1a: Garganacl|69\/100\n|move|p1a: Garganacl|Salt Cure|p2a: gliggy\n|-damage|p2a: gliggy|0 fnt\n|faint|p2a: gliggy\n|\n|-heal|p1a: Garganacl|75\/100|[from] item: Leftovers\n|-damage|p1a: Garganacl|62\/100|[from] Salt Cure\n|upkeep\n|\n|t:|1699698076\n|switch|p2a: itto|Ditto, shiny|74\/100\n|-transform|p2a: itto|p1a: Garganacl|[from] ability: Imposter\n|turn|40\n|\n|t:|1699698081\n|move|p2a: itto|Earthquake|p1a: Garganacl\n|-supereffective|p1a: Garganacl\n|-crit|p1a: Garganacl\n|-damage|p1a: Garganacl|0 fnt\n|faint|p1a: Garganacl\n|\n|upkeep\n|\n|t:|1699698086\n|switch|p1a: Banette|Banette-Mega, F|40\/100 brn\n|turn|41\n|\n|t:|1699698090\n|move|p1a: Banette|Destiny Bond|p1a: Banette\n|-singlemove|p1a: Banette|Destiny Bond\n|move|p2a: itto|Earthquake|p1a: Banette\n|-damage|p1a: Banette|0 fnt\n|faint|p1a: Banette\n|-activate|p1a: Banette|move: Destiny Bond\n|faint|p2a: itto\n|\n|upkeep\n|\n|t:|1699698097\n|switch|p1a: Ogerpon|Ogerpon-Wellspring, F|100\/100\n|switch|p2a: jask|Ninjask, M, shiny|100\/100\n|turn|42\n|\n|t:|1699698104\n|-terastallize|p1a: Ogerpon|Water\n|detailschange|p1a: Ogerpon|Ogerpon-Wellspring-Tera, F, tera:Water\n|-ability|p1a: Ogerpon|Embody Aspect (Wellspring)|boost\n|-boost|p1a: Ogerpon|spd|1\n|move|p2a: jask|Dual Wingbeat|p1a: Ogerpon|[miss]\n|-miss|p2a: jask|p1a: Ogerpon\n|move|p1a: Ogerpon|Ivy Cudgel|p2a: jask\n|-damage|p2a: jask|0 fnt\n|faint|p2a: jask\n|\n|win|sedsf\n|raw|sedsf's rating: 1099 &rarr; <strong>1132<\/strong><br \/>(+33 for winning)\n|raw|gogotaxi's rating: 1218 &rarr; <strong>1185<\/strong><br \/>(-33 for losing)\n|l|\u2606gogotaxi\n","uploadtime":1699698119,"views":10,"p1id":"sedsf","p2id":"gogotaxi","formatid":"gen9nationaldex","rating":1132,"private":0,"password":""}