{"id":"gen9nationaldex-1994167011","p1":"Snakeman24","p2":"DBKGaming","format":"[Gen 9] National Dex","log":"|j|\u2606Snakeman24\n|j|\u2606DBKGaming\n|t:|1700414607\n|gametype|singles\n|player|p1|Snakeman24|steven|\n|player|p2|DBKGaming|blackbelt|\n|teamsize|p1|6\n|teamsize|p2|6\n|gen|9\n|tier|[Gen 9] National Dex\n|rule|HP Percentage Mod: HP is shown in percentages\n|rule|Endless Battle Clause: Forcing endless battles is banned\n|rule|OHKO Clause: OHKO moves are banned\n|rule|Evasion Clause: Evasion abilities, items, and moves are banned\n|rule|Evasion Abilities Clause: Evasion abilities are banned\n|rule|Evasion Items Clause: Evasion items are banned\n|rule|Evasion Moves Clause: Evasion moves are banned\n|rule|Species Clause: Limit one of each Pok\u00e9mon\n|rule|Sleep Clause Mod: Limit one foe put to sleep\n|clearpoke\n|poke|p1|Pinsir, F|\n|poke|p1|Chansey, F|\n|poke|p1|Skarmory, M|\n|poke|p1|Hoopa-Unbound|\n|poke|p1|Greninja-*, F|\n|poke|p1|Dondozo, F|\n|poke|p2|Dondozo, M|\n|poke|p2|Chansey, F|\n|poke|p2|Cinderace, M|\n|poke|p2|Manectric, F|\n|poke|p2|Victini|\n|poke|p2|Tapu Lele|\n|teampreview\n|\n|t:|1700414631\n|start\n|switch|p1a: Greninja|Greninja, F|100\/100\n|switch|p2a: Manectric|Manectric, F|100\/100\n|turn|1\n|\n|t:|1700414639\n|detailschange|p2a: Manectric|Manectric-Mega, F\n|-mega|p2a: Manectric|Manectric|Manectite\n|-ability|p2a: Manectric|Intimidate|boost\n|-unboost|p1a: Greninja|atk|1\n|move|p1a: Greninja|U-turn|p2a: Manectric\n|-start|p1a: Greninja|typechange|Bug|[from] ability: Protean\n|-damage|p2a: Manectric|76\/100\n|\n|t:|1700414647\n|switch|p1a: Chansey|Chansey, F|100\/100|[from] U-turn\n|move|p2a: Manectric|Volt Switch|p1a: Chansey\n|-damage|p1a: Chansey|88\/100\n|\n|t:|1700414658\n|switch|p2a: Victini|Victini|100\/100|[from] Volt Switch\n|\n|upkeep\n|turn|2\n|\n|t:|1700414667\n|move|p2a: Victini|Final Gambit|p1a: Chansey\n|-damage|p1a: Chansey|40\/100\n|faint|p2a: Victini\n|move|p1a: Chansey|Teleport|p1a: Chansey\n|\n|t:|1700414672\n|switch|p1a: Greninja|Greninja, F|100\/100|[from] Teleport\n|\n|upkeep\n|\n|t:|1700414681\n|switch|p2a: Manectric|Manectric-Mega, F|76\/100\n|-ability|p2a: Manectric|Intimidate|boost\n|-unboost|p1a: Greninja|atk|1\n|turn|3\n|\n|t:|1700414686\n|switch|p2a: Dondozo|Dondozo, M|100\/100\n|move|p1a: Greninja|U-turn|p2a: Dondozo\n|-start|p1a: Greninja|typechange|Bug|[from] ability: Protean\n|-damage|p2a: Dondozo|89\/100\n|-damage|p1a: Greninja|84\/100|[from] item: Rocky Helmet|[of] p2a: Dondozo\n|\n|t:|1700414698\n|switch|p1a: Chansey|Chansey, F|40\/100|[from] U-turn\n|\n|upkeep\n|turn|4\n|\n|t:|1700414705\n|switch|p1a: Skarmory|Skarmory, M|100\/100\n|move|p2a: Dondozo|Body Press|p1a: Skarmory\n|-damage|p1a: Skarmory|84\/100\n|-damage|p2a: Dondozo|73\/100|[from] item: Rocky Helmet|[of] p1a: Skarmory\n|\n|upkeep\n|turn|5\n|\n|t:|1700414720\n|switch|p2a: Manectric|Manectric-Mega, F|76\/100\n|-ability|p2a: Manectric|Intimidate|boost\n|-unboost|p1a: Skarmory|atk|1\n|move|p1a: Skarmory|Stealth Rock|p2a: Manectric\n|-sidestart|p2: DBKGaming|move: Stealth Rock\n|\n|upkeep\n|turn|6\n|\n|t:|1700414743\n|switch|p2a: Cinderace|Cinderace, M|100\/100\n|switch|p1a: Chansey|Chansey, F|40\/100\n|\n|upkeep\n|turn|7\n|\n|t:|1700414754\n|switch|p1a: Dondozo|Dondozo, F|100\/100\n|move|p2a: Cinderace|Pyro Ball|p1a: Dondozo\n|-resisted|p1a: Dondozo\n|-damage|p1a: Dondozo|87\/100\n|\n|-heal|p1a: Dondozo|94\/100|[from] item: Leftovers\n|upkeep\n|turn|8\n|\n|t:|1700414766\n|move|p2a: Cinderace|U-turn|p1a: Dondozo\n|-start|p2a: Cinderace|typechange|Bug|[from] ability: Libero\n|-damage|p1a: Dondozo|80\/100\n|\n|t:|1700414773\n|switch|p2a: Dondozo|Dondozo, M|73\/100|[from] U-turn\n|-damage|p2a: Dondozo|60\/100|[from] Stealth Rock\n|move|p1a: Dondozo|Wave Crash|p2a: Dondozo\n|-resisted|p2a: Dondozo\n|-damage|p2a: Dondozo|52\/100\n|-damage|p1a: Dondozo|63\/100|[from] item: Rocky Helmet|[of] p2a: Dondozo\n|-damage|p1a: Dondozo|60\/100|[from] Recoil\n|\n|-heal|p1a: Dondozo|66\/100|[from] item: Leftovers\n|upkeep\n|turn|9\n|\n|t:|1700414786\n|switch|p1a: Skarmory|Skarmory, M|84\/100\n|move|p2a: Dondozo|Body Slam|p1a: Skarmory\n|-resisted|p1a: Skarmory\n|-damage|p1a: Skarmory|78\/100\n|-status|p1a: Skarmory|par\n|-damage|p2a: Dondozo|35\/100|[from] item: Rocky Helmet|[of] p1a: Skarmory\n|\n|upkeep\n|turn|10\n|\n|t:|1700414796\n|move|p2a: Dondozo|Rest|p2a: Dondozo\n|-status|p2a: Dondozo|slp|[from] move: Rest\n|-heal|p2a: Dondozo|100\/100 slp|[silent]\n|move|p1a: Skarmory|Whirlwind|p2a: Dondozo\n|drag|p2a: Chansey|Chansey, F|100\/100\n|-damage|p2a: Chansey|88\/100|[from] Stealth Rock\n|\n|upkeep\n|turn|11\n|\n|t:|1700414807\n|move|p2a: Chansey|Seismic Toss|p1a: Skarmory\n|-damage|p1a: Skarmory|48\/100 par\n|-damage|p2a: Chansey|71\/100|[from] item: Rocky Helmet|[of] p1a: Skarmory\n|cant|p1a: Skarmory|par\n|\n|upkeep\n|turn|12\n|\n|t:|1700414814\n|move|p2a: Chansey|Seismic Toss|p1a: Skarmory\n|-damage|p1a: Skarmory|18\/100 par\n|-damage|p2a: Chansey|55\/100|[from] item: Rocky Helmet|[of] p1a: Skarmory\n|move|p1a: Skarmory|Roost|p1a: Skarmory\n|-heal|p1a: Skarmory|68\/100 par\n|-singleturn|p1a: Skarmory|move: Roost\n|\n|upkeep\n|turn|13\n|\n|t:|1700414828\n|move|p2a: Chansey|Soft-Boiled|p2a: Chansey\n|-heal|p2a: Chansey|100\/100\n|move|p1a: Skarmory|Whirlwind|p2a: Chansey\n|drag|p2a: Cinderace|Cinderace, M|100\/100\n|\n|upkeep\n|turn|14\n|\n|t:|1700414839\n|switch|p1a: Dondozo|Dondozo, F|66\/100\n|move|p2a: Cinderace|Court Change|p2a: Cinderace\n|-start|p2a: Cinderace|typechange|Normal|[from] ability: Libero\n|-swapsideconditions\n|-activate|p2a: Cinderace|move: Court Change\n|\n|-heal|p1a: Dondozo|72\/100|[from] item: Leftovers\n|upkeep\n|turn|15\n|\n|t:|1700414851\n|move|p2a: Cinderace|U-turn|p1a: Dondozo\n|-damage|p1a: Dondozo|62\/100\n|\n|t:|1700414854\n|switch|p2a: Dondozo|Dondozo, M|100\/100 slp|[from] U-turn\n|move|p1a: Dondozo|Body Press|p2a: Dondozo\n|-damage|p2a: Dondozo|88\/100 slp\n|-damage|p1a: Dondozo|45\/100|[from] item: Rocky Helmet|[of] p2a: Dondozo\n|\n|-heal|p1a: Dondozo|51\/100|[from] item: Leftovers\n|upkeep\n|turn|16\n|\n|t:|1700414864\n|cant|p2a: Dondozo|slp\n|move|p1a: Dondozo|Rest|p1a: Dondozo\n|-status|p1a: Dondozo|slp|[from] move: Rest\n|-heal|p1a: Dondozo|100\/100 slp|[silent]\n|\n|upkeep\n|turn|17\n|\n|t:|1700414879\n|switch|p2a: Tapu Lele|Tapu Lele|100\/100\n|-fieldstart|move: Psychic Terrain|[from] ability: Psychic Surge|[of] p2a: Tapu Lele\n|switch|p1a: Chansey|Chansey, F|40\/100\n|-damage|p1a: Chansey|27\/100|[from] Stealth Rock\n|\n|upkeep\n|turn|18\n|\n|t:|1700414890\n|move|p2a: Tapu Lele|Psyshock|p1a: Chansey\n|-damage|p1a: Chansey|0 fnt\n|faint|p1a: Chansey\n|-damage|p2a: Tapu Lele|91\/100|[from] item: Life Orb\n|\n|upkeep\n|\n|t:|1700414904\n|switch|p1a: Greninja|Greninja, F|84\/100\n|-damage|p1a: Greninja|72\/100|[from] Stealth Rock\n|turn|19\n|\n|t:|1700414915\n|switch|p2a: Dondozo|Dondozo, M|88\/100 slp\n|move|p1a: Greninja|U-turn|p2a: Dondozo\n|-start|p1a: Greninja|typechange|Bug|[from] ability: Protean\n|-damage|p2a: Dondozo|78\/100 slp\n|-damage|p1a: Greninja|55\/100|[from] item: Rocky Helmet|[of] p2a: Dondozo\n|\n|t:|1700414929\n|switch|p1a: Skarmory|Skarmory, M|68\/100 par|[from] U-turn\n|-damage|p1a: Skarmory|56\/100 par|[from] Stealth Rock\n|\n|upkeep\n|turn|20\n|\n|t:|1700414935\n|cant|p2a: Dondozo|slp\n|cant|p1a: Skarmory|par\n|\n|upkeep\n|turn|21\n|\n|t:|1700414940\n|-curestatus|p2a: Dondozo|slp|[msg]\n|move|p2a: Dondozo|Wave Crash|p1a: Skarmory\n|-damage|p1a: Skarmory|33\/100 par\n|-damage|p2a: Dondozo|61\/100|[from] item: Rocky Helmet|[of] p1a: Skarmory\n|-damage|p2a: Dondozo|56\/100|[from] Recoil\n|move|p1a: Skarmory|Roost|p1a: Skarmory\n|-heal|p1a: Skarmory|83\/100 par\n|-singleturn|p1a: Skarmory|move: Roost\n|\n|-fieldend|move: Psychic Terrain\n|upkeep\n|turn|22\n|\n|t:|1700414953\n|switch|p2a: Manectric|Manectric-Mega, F|76\/100\n|-ability|p2a: Manectric|Intimidate|boost\n|-unboost|p1a: Skarmory|atk|1\n|cant|p1a: Skarmory|par\n|\n|upkeep\n|turn|23\n|\n|t:|1700414978\n|switch|p1a: Dondozo|Dondozo, F|100\/100 slp\n|-damage|p1a: Dondozo|88\/100 slp|[from] Stealth Rock\n|move|p2a: Manectric|Overheat|p1a: Dondozo\n|-resisted|p1a: Dondozo\n|-damage|p1a: Dondozo|67\/100 slp\n|-unboost|p2a: Manectric|spa|2\n|\n|-heal|p1a: Dondozo|73\/100 slp|[from] item: Leftovers\n|upkeep\n|turn|24\n|\n|t:|1700414994\n|move|p2a: Manectric|Volt Switch|p1a: Dondozo\n|-supereffective|p1a: Dondozo\n|-damage|p1a: Dondozo|0 fnt\n|faint|p1a: Dondozo\n|\n|t:|1700415004\n|switch|p2a: Cinderace|Cinderace, M|100\/100|[from] Volt Switch\n|\n|upkeep\n|\n|t:|1700415015\n|switch|p1a: Greninja|Greninja, F|55\/100\n|-damage|p1a: Greninja|43\/100|[from] Stealth Rock\n|turn|25\n|\n|t:|1700415024\n|switch|p2a: Dondozo|Dondozo, M|56\/100\n|move|p1a: Greninja|Surf|p2a: Dondozo\n|-start|p1a: Greninja|typechange|Water|[from] ability: Protean\n|-resisted|p2a: Dondozo\n|-damage|p2a: Dondozo|36\/100\n|\n|upkeep\n|turn|26\n|\n|t:|1700415036\n|switch|p1a: Skarmory|Skarmory, M|83\/100 par\n|-damage|p1a: Skarmory|70\/100 par|[from] Stealth Rock\n|move|p2a: Dondozo|Rest|p2a: Dondozo\n|-status|p2a: Dondozo|slp|[from] move: Rest\n|-heal|p2a: Dondozo|100\/100 slp|[silent]\n|\n|upkeep\n|turn|27\n|\n|t:|1700415044\n|cant|p2a: Dondozo|slp\n|cant|p1a: Skarmory|par\n|\n|upkeep\n|turn|28\n|\n|t:|1700415049\n|cant|p2a: Dondozo|slp\n|move|p1a: Skarmory|Defog|p2a: Dondozo\n|-unboost|p2a: Dondozo|evasion|1\n|-sideend|p1: Snakeman24|Stealth Rock|[from] move: Defog|[of] p1a: Skarmory\n|\n|upkeep\n|turn|29\n|\n|t:|1700415060\n|switch|p2a: Cinderace|Cinderace, M|100\/100\n|move|p1a: Skarmory|Roost|p1a: Skarmory\n|-heal|p1a: Skarmory|100\/100 par\n|-singleturn|p1a: Skarmory|move: Roost\n|\n|upkeep\n|turn|30\n|\n|t:|1700415069\n|move|p2a: Cinderace|Pyro Ball|p1a: Skarmory\n|-supereffective|p1a: Skarmory\n|-damage|p1a: Skarmory|32\/100 par\n|cant|p1a: Skarmory|par\n|\n|upkeep\n|turn|31\n|\n|t:|1700415075\n|move|p2a: Cinderace|Pyro Ball|p1a: Skarmory\n|-supereffective|p1a: Skarmory\n|-damage|p1a: Skarmory|0 fnt\n|faint|p1a: Skarmory\n|\n|upkeep\n|\n|t:|1700415083\n|switch|p1a: Greninja|Greninja, F|43\/100\n|turn|32\n|\n|t:|1700415100\n|switch|p2a: Chansey|Chansey, F|100\/100\n|move|p1a: Greninja|U-turn|p2a: Chansey\n|-start|p1a: Greninja|typechange|Bug|[from] ability: Protean\n|-damage|p2a: Chansey|61\/100\n|\n|t:|1700415114\n|switch|p1a: Hoopa|Hoopa-Unbound|100\/100|[from] U-turn\n|\n|upkeep\n|turn|33\n|\n|t:|1700415132\n|switch|p2a: Dondozo|Dondozo, M|100\/100 slp\n|-terastallize|p1a: Hoopa|Dark\n|move|p1a: Hoopa|Hyperspace Fury|p2a: Dondozo\n|-damage|p2a: Dondozo|42\/100 slp\n|-unboost|p1a: Hoopa|def|1\n|\n|upkeep\n|turn|34\n|\n|t:|1700415142\n|move|p1a: Hoopa|Hyperspace Fury|p2a: Dondozo\n|-damage|p2a: Dondozo|0 fnt\n|-unboost|p1a: Hoopa|def|1\n|faint|p2a: Dondozo\n|\n|upkeep\n|\n|t:|1700415146\n|switch|p2a: Manectric|Manectric-Mega, F|76\/100\n|-ability|p2a: Manectric|Intimidate|boost\n|-unboost|p1a: Hoopa|atk|1\n|turn|35\n|\n|t:|1700415157\n|move|p2a: Manectric|Overheat|p1a: Hoopa\n|-damage|p1a: Hoopa|58\/100\n|-unboost|p2a: Manectric|spa|2\n|move|p1a: Hoopa|Hyperspace Fury|p2a: Manectric\n|-damage|p2a: Manectric|0 fnt\n|-unboost|p1a: Hoopa|def|1\n|faint|p2a: Manectric\n|\n|upkeep\n|\n|t:|1700415166\n|switch|p2a: Cinderace|Cinderace, M|100\/100\n|turn|36\n|\n|t:|1700415181\n|switch|p1a: Pinsir|Pinsir, F|100\/100\n|move|p2a: Cinderace|U-turn|p1a: Pinsir\n|-start|p2a: Cinderace|typechange|Bug|[from] ability: Libero\n|-damage|p1a: Pinsir|56\/100\n|\n|t:|1700415193\n|switch|p2a: Chansey|Chansey, F|61\/100|[from] U-turn\n|\n|upkeep\n|turn|37\n|\n|t:|1700415206\n|detailschange|p1a: Pinsir|Pinsir-Mega, F\n|-mega|p1a: Pinsir|Pinsir|Pinsirite\n|-terastallize|p2a: Chansey|Ghost\n|move|p1a: Pinsir|Swords Dance|p1a: Pinsir\n|-boost|p1a: Pinsir|atk|2\n|move|p2a: Chansey|Thunder Wave|p1a: Pinsir\n|-status|p1a: Pinsir|par\n|\n|upkeep\n|turn|38\n|\n|t:|1700415227\n|move|p1a: Pinsir|Return|p2a: Chansey\n|-crit|p2a: Chansey\n|-damage|p2a: Chansey|0 fnt\n|faint|p2a: Chansey\n|\n|upkeep\n|\n|t:|1700415234\n|switch|p2a: Tapu Lele|Tapu Lele|91\/100\n|-fieldstart|move: Psychic Terrain|[from] ability: Psychic Surge|[of] p2a: Tapu Lele\n|turn|39\n|\n|t:|1700415240\n|move|p2a: Tapu Lele|Moonblast|p1a: Pinsir\n|-damage|p1a: Pinsir|0 fnt\n|faint|p1a: Pinsir\n|-damage|p2a: Tapu Lele|81\/100|[from] item: Life Orb\n|\n|upkeep\n|\n|t:|1700415266\n|switch|p1a: Hoopa|Hoopa-Unbound, tera:Dark|58\/100\n|turn|40\n|\n|t:|1700415273\n|move|p2a: Tapu Lele|Moonblast|p1a: Hoopa\n|-supereffective|p1a: Hoopa\n|-crit|p1a: Hoopa\n|-damage|p1a: Hoopa|0 fnt\n|faint|p1a: Hoopa\n|-damage|p2a: Tapu Lele|71\/100|[from] item: Life Orb\n|\n|upkeep\n|\n|t:|1700415282\n|switch|p1a: Greninja|Greninja, F|43\/100\n|turn|41\n|\n|t:|1700415293\n|move|p1a: Greninja|Surf|p2a: Tapu Lele\n|-start|p1a: Greninja|typechange|Water|[from] ability: Protean\n|-damage|p2a: Tapu Lele|24\/100\n|move|p2a: Tapu Lele|Moonblast|p1a: Greninja\n|-damage|p1a: Greninja|0 fnt\n|faint|p1a: Greninja\n|-damage|p2a: Tapu Lele|14\/100|[from] item: Life Orb\n|\n|win|DBKGaming\n","uploadtime":1700415299,"views":43,"p1id":"snakeman24","p2id":"dbkgaming","formatid":"gen9nationaldex","rating":0,"private":0,"password":""}