{"id":"gen9nationaldex-1996988593","p1":"Haldir9","p2":"Braquelo","format":"[Gen 9] National Dex","log":"|html|<div class=\"broadcast-blue\"><strong>[Gen 9] National Dex is currently suspecting Sneasler! For information on how to participate check out the <a href=\"https:\/\/www.smogon.com\/forums\/threads\/sv-national-dex-suspect-8-just-dance.3731534\/\">suspect thread<\/a>.<\/strong><\/div>\n|j|\u2606Haldir9\n|j|\u2606Braquelo\n|t:|1700753015\n|gametype|singles\n|player|p1|Haldir9|pokemonbreeder-gen4|1274\n|player|p2|Braquelo|raihan|1247\n|teamsize|p1|6\n|teamsize|p2|6\n|gen|9\n|tier|[Gen 9] National Dex\n|rated|\n|rule|HP Percentage Mod: HP is shown in percentages\n|rule|Endless Battle Clause: Forcing endless battles is banned\n|rule|OHKO Clause: OHKO moves are banned\n|rule|Evasion Clause: Evasion abilities, items, and moves are banned\n|rule|Evasion Abilities Clause: Evasion abilities are banned\n|rule|Evasion Items Clause: Evasion items are banned\n|rule|Evasion Moves Clause: Evasion moves are banned\n|rule|Species Clause: Limit one of each Pok\u00e9mon\n|rule|Sleep Clause Mod: Limit one foe put to sleep\n|clearpoke\n|poke|p1|Heatran, M|\n|poke|p1|Dragonite, F|\n|poke|p1|Diancie|\n|poke|p1|Corviknight, F|\n|poke|p1|Ogerpon-Wellspring, F|\n|poke|p1|Ting-Lu|\n|poke|p2|Sneasler, F|\n|poke|p2|Wyrdeer, F|\n|poke|p2|Lilligant-Hisui, F|\n|poke|p2|Basculegion-F, F|\n|poke|p2|Goodra-Hisui, F|\n|poke|p2|Arcanine-Hisui, F|\n|teampreview\n|\n|t:|1700753035\n|start\n|switch|p1a: Ogerpon|Ogerpon-Wellspring, F|100\/100\n|switch|p2a: Arcanine|Arcanine-Hisui, F, shiny|100\/100\n|turn|1\n|\n|t:|1700753054\n|move|p1a: Ogerpon|Play Rough|p2a: Arcanine\n|-resisted|p2a: Arcanine\n|-damage|p2a: Arcanine|79\/100\n|move|p2a: Arcanine|Wild Charge|p1a: Ogerpon\n|-damage|p1a: Ogerpon|40\/100\n|\n|upkeep\n|turn|2\n|\n|t:|1700753065\n|switch|p2a: Basculegion|Basculegion-F, F, shiny|100\/100\n|move|p1a: Ogerpon|Ivy Cudgel|p2a: Basculegion|[anim] Ivy Cudgel Water\n|-resisted|p2a: Basculegion\n|-damage|p2a: Basculegion|62\/100\n|\n|upkeep\n|turn|3\n|\n|t:|1700753072\n|move|p2a: Basculegion|Shadow Ball|p1a: Ogerpon\n|-crit|p1a: Ogerpon\n|-damage|p1a: Ogerpon|0 fnt\n|faint|p1a: Ogerpon\n|\n|upkeep\n|\n|t:|1700753085\n|switch|p1a: Dragonite|Dragonite, F|100\/100\n|turn|4\n|\n|t:|1700753090\n|switch|p2a: Wyrdeer|Wyrdeer, F|100\/100\n|-ability|p2a: Wyrdeer|Intimidate|boost\n|-unboost|p1a: Dragonite|atk|1\n|move|p1a: Dragonite|Extreme Speed|p2a: Wyrdeer\n|-damage|p2a: Wyrdeer|77\/100\n|\n|upkeep\n|turn|5\n|\n|t:|1700753100\n|move|p1a: Dragonite|Dragon Dance|p1a: Dragonite\n|-boost|p1a: Dragonite|atk|1\n|-boost|p1a: Dragonite|spe|1\n|move|p2a: Wyrdeer|Psyshield Bash|p1a: Dragonite\n|-damage|p1a: Dragonite|87\/100\n|-boost|p2a: Wyrdeer|def|1\n|\n|upkeep\n|turn|6\n|\n|t:|1700753107\n|move|p1a: Dragonite|Extreme Speed|p2a: Wyrdeer\n|-damage|p2a: Wyrdeer|55\/100\n|move|p2a: Wyrdeer|Psyshield Bash|p1a: Dragonite\n|-damage|p1a: Dragonite|61\/100\n|-boost|p2a: Wyrdeer|def|1\n|\n|upkeep\n|turn|7\n|\n|t:|1700753116\n|move|p1a: Dragonite|Extreme Speed|p2a: Wyrdeer\n|-damage|p2a: Wyrdeer|38\/100\n|move|p2a: Wyrdeer|Psyshield Bash|p1a: Dragonite\n|-damage|p1a: Dragonite|35\/100\n|-boost|p2a: Wyrdeer|def|1\n|\n|upkeep\n|turn|8\n|\n|t:|1700753131\n|move|p1a: Dragonite|Roost|p1a: Dragonite\n|-heal|p1a: Dragonite|86\/100\n|-singleturn|p1a: Dragonite|move: Roost\n|move|p2a: Wyrdeer|Psyshield Bash|p1a: Dragonite\n|-damage|p1a: Dragonite|57\/100\n|-boost|p2a: Wyrdeer|def|1\n|\n|upkeep\n|turn|9\n|\n|t:|1700753138\n|move|p1a: Dragonite|Extreme Speed|p2a: Wyrdeer\n|-damage|p2a: Wyrdeer|26\/100\n|move|p2a: Wyrdeer|Psyshield Bash|p1a: Dragonite|[miss]\n|-miss|p2a: Wyrdeer|p1a: Dragonite\n|\n|upkeep\n|turn|10\n|\n|t:|1700753144\n|move|p1a: Dragonite|Extreme Speed|p2a: Wyrdeer\n|-damage|p2a: Wyrdeer|14\/100\n|move|p2a: Wyrdeer|Psyshield Bash|p1a: Dragonite\n|-damage|p1a: Dragonite|29\/100\n|-boost|p2a: Wyrdeer|def|1\n|\n|upkeep\n|turn|11\n|\n|t:|1700753152\n|move|p1a: Dragonite|Roost|p1a: Dragonite\n|-heal|p1a: Dragonite|79\/100\n|-singleturn|p1a: Dragonite|move: Roost\n|move|p2a: Wyrdeer|Psyshield Bash|p1a: Dragonite\n|-damage|p1a: Dragonite|50\/100\n|-boost|p2a: Wyrdeer|def|1\n|\n|upkeep\n|turn|12\n|\n|t:|1700753159\n|move|p1a: Dragonite|Extreme Speed|p2a: Wyrdeer\n|-damage|p2a: Wyrdeer|6\/100\n|move|p2a: Wyrdeer|Psyshield Bash|p1a: Dragonite\n|-damage|p1a: Dragonite|23\/100\n|\n|upkeep\n|turn|13\n|\n|t:|1700753165\n|move|p1a: Dragonite|Roost|p1a: Dragonite\n|-heal|p1a: Dragonite|74\/100\n|-singleturn|p1a: Dragonite|move: Roost\n|move|p2a: Wyrdeer|Psyshield Bash|p1a: Dragonite\n|-damage|p1a: Dragonite|45\/100\n|\n|upkeep\n|turn|14\n|\n|t:|1700753175\n|move|p1a: Dragonite|Roost|p1a: Dragonite\n|-heal|p1a: Dragonite|96\/100\n|-singleturn|p1a: Dragonite|move: Roost\n|move|p2a: Wyrdeer|Psyshield Bash|p1a: Dragonite\n|-damage|p1a: Dragonite|66\/100\n|\n|upkeep\n|turn|15\n|\n|t:|1700753181\n|switch|p2a: Basculegion|Basculegion-F, F, shiny|62\/100\n|move|p1a: Dragonite|Extreme Speed|p2a: Basculegion\n|-immune|p2a: Basculegion\n|\n|upkeep\n|turn|16\n|\n|t:|1700753189\n|move|p2a: Basculegion|Ice Beam|p1a: Dragonite\n|-supereffective|p1a: Dragonite\n|-damage|p1a: Dragonite|0 fnt\n|faint|p1a: Dragonite\n|\n|upkeep\n|\n|t:|1700753198\n|switch|p1a: Heatran|Heatran, M|100\/100\n|turn|17\n|\n|t:|1700753221\n|switch|p2a: Wyrdeer|Wyrdeer, F|6\/100\n|-ability|p2a: Wyrdeer|Intimidate|boost\n|-unboost|p1a: Heatran|atk|1\n|move|p1a: Heatran|Earth Power|p2a: Wyrdeer\n|-damage|p2a: Wyrdeer|0 fnt\n|faint|p2a: Wyrdeer\n|\n|upkeep\n|\n|t:|1700753245\n|switch|p2a: Sneasler|Sneasler, F, shiny|100\/100\n|-item|p2a: Sneasler|Air Balloon\n|turn|18\n|\n|t:|1700753250\n|move|p1a: Heatran|Protect|p1a: Heatran\n|-singleturn|p1a: Heatran|Protect\n|move|p2a: Sneasler|Swords Dance|p2a: Sneasler\n|-boost|p2a: Sneasler|atk|2\n|\n|upkeep\n|turn|19\n|\n|t:|1700753264\n|switch|p1a: Corviknight|Corviknight, F|100\/100\n|-ability|p1a: Corviknight|Pressure\n|move|p2a: Sneasler|Close Combat|p1a: Corviknight\n|-damage|p1a: Corviknight|21\/100\n|-unboost|p2a: Sneasler|def|1\n|-unboost|p2a: Sneasler|spd|1\n|-damage|p2a: Sneasler|84\/100|[from] item: Rocky Helmet|[of] p1a: Corviknight\n|\n|upkeep\n|turn|20\n|\n|t:|1700753287\n|move|p2a: Sneasler|Close Combat|p1a: Corviknight\n|-damage|p1a: Corviknight|0 fnt\n|-unboost|p2a: Sneasler|def|1\n|-unboost|p2a: Sneasler|spd|1\n|-damage|p2a: Sneasler|67\/100|[from] item: Rocky Helmet|[of] p1a: Corviknight\n|faint|p1a: Corviknight\n|\n|upkeep\n|\n|t:|1700753295\n|switch|p1a: Diancie|Diancie|100\/100\n|turn|21\n|\n|t:|1700753305\n|detailschange|p1a: Diancie|Diancie-Mega\n|-mega|p1a: Diancie|Diancie|Diancite\n|move|p1a: Diancie|Protect|p1a: Diancie\n|-singleturn|p1a: Diancie|Protect\n|move|p2a: Sneasler|Close Combat|p1a: Diancie\n|-activate|p1a: Diancie|move: Protect\n|\n|upkeep\n|turn|22\n|\n|t:|1700753313\n|move|p2a: Sneasler|Close Combat|p1a: Diancie\n|-damage|p1a: Diancie|0 fnt\n|-unboost|p2a: Sneasler|def|1\n|-unboost|p2a: Sneasler|spd|1\n|faint|p1a: Diancie\n|\n|upkeep\n|\n|t:|1700753319\n|switch|p1a: Heatran|Heatran, M|100\/100\n|turn|23\n|\n|t:|1700753322\n|move|p1a: Heatran|Protect|p1a: Heatran\n|-singleturn|p1a: Heatran|Protect\n|move|p2a: Sneasler|Close Combat|p1a: Heatran\n|-activate|p1a: Heatran|move: Protect\n|\n|upkeep\n|turn|24\n|\n|t:|1700753330\n|move|p2a: Sneasler|Close Combat|p1a: Heatran\n|-supereffective|p1a: Heatran\n|-damage|p1a: Heatran|0 fnt\n|-unboost|p2a: Sneasler|def|1\n|-unboost|p2a: Sneasler|spd|1\n|faint|p1a: Heatran\n|\n|upkeep\n|-message|Haldir9 forfeited.\n|\n|win|Braquelo\n|raw|Haldir9's rating: 1274 &rarr; <strong>1247<\/strong><br \/>(-27 for losing)\n|raw|Braquelo's rating: 1247 &rarr; <strong>1274<\/strong><br \/>(+27 for winning)\n|l|\u2606Haldir9\n","uploadtime":1700753339,"views":5,"p1id":"haldir9","p2id":"braquelo","formatid":"gen9nationaldex","rating":1247,"private":0,"password":""}