{"id":"gen9nationaldex-1999768423","p1":"MichaelIan2","p2":"MasterList2015","format":"[Gen 9] National Dex","log":"|html|<div class=\"broadcast-blue\"><strong>[Gen 9] National Dex is currently suspecting Sneasler! For information on how to participate check out the <a href=\"https:\/\/www.smogon.com\/forums\/threads\/sv-national-dex-suspect-8-just-dance.3731534\/\">suspect thread<\/a>.<\/strong><\/div>\n|j|\u2606MichaelIan2\n|j|\u2606MasterList2015\n|t:|1701114951\n|gametype|singles\n|player|p1|MichaelIan2|1|1234\n|player|p2|MasterList2015|red|1231\n|teamsize|p1|6\n|teamsize|p2|6\n|gen|9\n|tier|[Gen 9] National Dex\n|rated|\n|rule|HP Percentage Mod: HP is shown in percentages\n|rule|Endless Battle Clause: Forcing endless battles is banned\n|rule|OHKO Clause: OHKO moves are banned\n|rule|Evasion Clause: Evasion abilities, items, and moves are banned\n|rule|Evasion Abilities Clause: Evasion abilities are banned\n|rule|Evasion Items Clause: Evasion items are banned\n|rule|Evasion Moves Clause: Evasion moves are banned\n|rule|Species Clause: Limit one of each Pok\u00e9mon\n|rule|Sleep Clause Mod: Limit one foe put to sleep\n|clearpoke\n|poke|p1|Ursaluna, F|\n|poke|p1|Tapu Koko|\n|poke|p1|Iron Jugulis|\n|poke|p1|Rotom-Wash|\n|poke|p1|Aerodactyl, F|\n|poke|p1|Iron Valiant|\n|poke|p2|Pikachu-Kalos, M|\n|poke|p2|Charizard, F|\n|poke|p2|Krookodile, M|\n|poke|p2|Greninja-*, M|\n|poke|p2|Infernape, M|\n|poke|p2|Sceptile, F|\n|teampreview\n|inactive|Battle timer is ON: inactive players will automatically lose when time's up. (requested by MichaelIan2)\n|\n|t:|1701114982\n|start\n|switch|p1a: Tapu Koko|Tapu Koko, shiny|100\/100\n|switch|p2a: Infernape|Infernape, M|100\/100\n|-fieldstart|move: Electric Terrain|[from] ability: Electric Surge|[of] p1a: Tapu Koko\n|turn|1\n|\n|t:|1701114992\n|switch|p2a: Pikachu|Pikachu-Kalos, M|100\/100\n|move|p1a: Tapu Koko|Reflect|p1a: Tapu Koko\n|-sidestart|p1: MichaelIan2|Reflect\n|\n|upkeep\n|turn|2\n|\n|t:|1701114997\n|switch|p1a: Ursaluna|Ursaluna, F, shiny|100\/100\n|move|p2a: Pikachu|Fake Out|p1a: Ursaluna\n|-damage|p1a: Ursaluna|94\/100\n|\n|-status|p1a: Ursaluna|brn|[from] item: Flame Orb\n|upkeep\n|turn|3\n|\n|t:|1701115003\n|move|p2a: Pikachu|Brick Break|p1a: Ursaluna\n|-sideend|p1: MichaelIan2|Reflect\n|-supereffective|p1a: Ursaluna\n|-damage|p1a: Ursaluna|43\/100 brn\n|move|p1a: Ursaluna|Trailblaze|p2a: Pikachu\n|-damage|p2a: Pikachu|0 fnt\n|-boost|p1a: Ursaluna|spe|1\n|faint|p2a: Pikachu\n|\n|-damage|p1a: Ursaluna|36\/100 brn|[from] brn\n|upkeep\n|\n|t:|1701115010\n|switch|p2a: Infernape|Infernape, M|100\/100\n|turn|4\n|\n|t:|1701115018\n|move|p2a: Infernape|Mach Punch|p1a: Ursaluna\n|-supereffective|p1a: Ursaluna\n|-damage|p1a: Ursaluna|0 fnt\n|faint|p1a: Ursaluna\n|\n|upkeep\n|\n|t:|1701115023\n|switch|p1a: Iron Jugulis|Iron Jugulis|100\/100\n|-activate|p1a: Iron Jugulis|ability: Quark Drive\n|-start|p1a: Iron Jugulis|quarkdrivespa\n|turn|5\n|\n|t:|1701115029\n|move|p1a: Iron Jugulis|Air Slash|p2a: Infernape\n|-supereffective|p2a: Infernape\n|-damage|p2a: Infernape|0 fnt\n|faint|p2a: Infernape\n|\n|upkeep\n|\n|t:|1701115032\n|switch|p2a: Sceptile|Sceptile, F|100\/100\n|turn|6\n|\n|t:|1701115036\n|move|p1a: Iron Jugulis|Air Slash|p2a: Sceptile\n|-supereffective|p2a: Sceptile\n|-damage|p2a: Sceptile|0 fnt\n|faint|p2a: Sceptile\n|\n|upkeep\n|\n|t:|1701115040\n|switch|p2a: Charizard|Charizard, F|100\/100\n|turn|7\n|\n|t:|1701115042\n|detailschange|p2a: Charizard|Charizard-Mega-Y, F\n|-mega|p2a: Charizard|Charizard|Charizardite Y\n|-weather|SunnyDay|[from] ability: Drought|[of] p2a: Charizard\n|move|p1a: Iron Jugulis|Air Slash|p2a: Charizard\n|-crit|p2a: Charizard\n|-damage|p2a: Charizard|23\/100\n|move|p2a: Charizard|Flamethrower|p1a: Iron Jugulis\n|-crit|p1a: Iron Jugulis\n|-damage|p1a: Iron Jugulis|0 fnt\n|faint|p1a: Iron Jugulis\n|-end|p1a: Iron Jugulis|Quark Drive|[silent]\n|\n|-weather|SunnyDay|[upkeep]\n|upkeep\n|\n|t:|1701115050\n|switch|p1a: Aerodactyl|Aerodactyl, F, shiny|100\/100\n|-ability|p1a: Aerodactyl|Pressure\n|turn|8\n|\n|t:|1701115053\n|switch|p2a: Krookodile|Krookodile, M|100\/100\n|-ability|p2a: Krookodile|Intimidate|boost\n|-unboost|p1a: Aerodactyl|atk|1\n|detailschange|p1a: Aerodactyl|Aerodactyl-Mega, F, shiny\n|-mega|p1a: Aerodactyl|Aerodactyl|Aerodactylite\n|move|p1a: Aerodactyl|Dragon Claw|p2a: Krookodile\n|-damage|p2a: Krookodile|67\/100\n|\n|-weather|SunnyDay|[upkeep]\n|-fieldend|move: Electric Terrain\n|upkeep\n|turn|9\n|\n|t:|1701115057\n|move|p1a: Aerodactyl|Aqua Tail|p2a: Krookodile\n|-supereffective|p2a: Krookodile\n|-damage|p2a: Krookodile|31\/100\n|move|p2a: Krookodile|Stealth Rock|p1a: Aerodactyl\n|-sidestart|p1: MichaelIan2|move: Stealth Rock\n|\n|-weather|SunnyDay|[upkeep]\n|upkeep\n|turn|10\n|\n|t:|1701115071\n|move|p1a: Aerodactyl|Dual Wingbeat|p2a: Krookodile\n|-damage|p2a: Krookodile|7\/100\n|-damage|p2a: Krookodile|0 fnt\n|faint|p2a: Krookodile\n|-hitcount|p2: Krookodile|2\n|\n|-weather|SunnyDay|[upkeep]\n|upkeep\n|\n|t:|1701115095\n|switch|p2a: Charizard|Charizard-Mega-Y, F|23\/100\n|turn|11\n|\n|t:|1701115099\n|move|p1a: Aerodactyl|Dragon Claw|p2a: Charizard\n|-crit|p2a: Charizard\n|-damage|p2a: Charizard|0 fnt\n|faint|p2a: Charizard\n|\n|-weather|none\n|upkeep\n|\n|t:|1701115101\n|switch|p2a: Greninja|Greninja, M|100\/100\n|turn|12\n|\n|t:|1701115106\n|switch|p1a: Rotom|Rotom-Wash, shiny|100\/100\n|-damage|p1a: Rotom|88\/100|[from] Stealth Rock\n|move|p2a: Greninja|Scald|p1a: Rotom\n|-resisted|p1a: Rotom\n|-damage|p1a: Rotom|58\/100\n|-status|p1a: Rotom|brn\n|\n|-damage|p1a: Rotom|52\/100 brn|[from] brn\n|upkeep\n|turn|13\n|\n|t:|1701115108\n|-terastallize|p2a: Greninja|Ground\n|move|p2a: Greninja|Dark Pulse|p1a: Rotom\n|-damage|p1a: Rotom|4\/100 brn\n|move|p1a: Rotom|Volt Switch|p2a: Greninja\n|-immune|p2a: Greninja\n|\n|-damage|p1a: Rotom|0 fnt|[from] brn\n|faint|p1a: Rotom\n|upkeep\n|\n|t:|1701115119\n|switch|p1a: Aerodactyl|Aerodactyl-Mega, F, shiny|100\/100\n|-damage|p1a: Aerodactyl|76\/100|[from] Stealth Rock\n|turn|14\n|\n|t:|1701115124\n|move|p2a: Greninja|Water Shuriken|p1a: Aerodactyl\n|-supereffective|p1a: Aerodactyl\n|-damage|p1a: Aerodactyl|57\/100\n|-supereffective|p1a: Aerodactyl\n|-damage|p1a: Aerodactyl|36\/100\n|-supereffective|p1a: Aerodactyl\n|-crit|p1a: Aerodactyl\n|-damage|p1a: Aerodactyl|4\/100\n|-supereffective|p1a: Aerodactyl\n|-damage|p1a: Aerodactyl|0 fnt\n|faint|p1a: Aerodactyl\n|-ability|p2a: Greninja|Battle Bond|boost\n|-boost|p2a: Greninja|atk|1\n|-boost|p2a: Greninja|spa|1\n|-boost|p2a: Greninja|spe|1\n|-activate|p2a: Greninja|ability: Battle Bond\n|-hitcount|p1: Aerodactyl|4\n|\n|upkeep\n|c|\u2606MichaelIan2|ew\n|\n|t:|1701115134\n|switch|p1a: Tapu Koko|Tapu Koko, shiny|100\/100\n|-damage|p1a: Tapu Koko|88\/100|[from] Stealth Rock\n|-fieldstart|move: Electric Terrain|[from] ability: Electric Surge|[of] p1a: Tapu Koko\n|turn|15\n|\n|t:|1701115137\n|move|p2a: Greninja|Scald|p1a: Tapu Koko\n|-damage|p1a: Tapu Koko|0 fnt\n|faint|p1a: Tapu Koko\n|\n|upkeep\n|\n|t:|1701115140\n|switch|p1a: Iron Boulets|Iron Valiant, shiny|100\/100\n|-damage|p1a: Iron Boulets|94\/100|[from] Stealth Rock\n|-activate|p1a: Iron Boulets|ability: Quark Drive\n|-start|p1a: Iron Boulets|quarkdrivespe\n|-enditem|p1a: Iron Boulets|Electric Seed\n|-boost|p1a: Iron Boulets|def|1|[from] item: Electric Seed\n|turn|16\n|\n|t:|1701115146\n|move|p2a: Greninja|Scald|p1a: Iron Boulets\n|-damage|p1a: Iron Boulets|0 fnt\n|faint|p1a: Iron Boulets\n|-end|p1a: Iron Boulets|Quark Drive|[silent]\n|\n|win|MasterList2015\n|raw|MichaelIan2's rating: 1234 &rarr; <strong>1209<\/strong><br \/>(-25 for losing)\n|raw|MasterList2015's rating: 1231 &rarr; <strong>1256<\/strong><br \/>(+25 for winning)\n|l|\u2606MichaelIan2\n|c|\u2606MasterList2015|gg\n","uploadtime":1701115158,"views":8,"p1id":"michaelian2","p2id":"masterlist2015","formatid":"gen9nationaldex","rating":1209,"private":0,"password":""}