{"id":"gen9nationaldex-1999751825","p1":"D\u2192luxe","p2":"COCOA=BISCUIT","format":"[Gen 9] National Dex","log":"|j|\u2606D\u2192luxe\n|j|\u2606COCOA=BISCUIT\n|t:|1701113506\n|gametype|singles\n|player|p1|D\u2192luxe|cyclist|\n|player|p2|COCOA=BISCUIT|furisodegirl-blue|\n|teamsize|p1|6\n|teamsize|p2|6\n|gen|9\n|tier|[Gen 9] National Dex\n|rated|Tournament battle\n|rule|HP Percentage Mod: HP is shown in percentages\n|rule|Endless Battle Clause: Forcing endless battles is banned\n|rule|OHKO Clause: OHKO moves are banned\n|rule|Evasion Clause: Evasion abilities, items, and moves are banned\n|rule|Evasion Abilities Clause: Evasion abilities are banned\n|rule|Evasion Items Clause: Evasion items are banned\n|rule|Evasion Moves Clause: Evasion moves are banned\n|rule|Species Clause: Limit one of each Pok\u00e9mon\n|rule|Sleep Clause Mod: Limit one foe put to sleep\n|rule|Camomons Mod: Pok\u00e9mon have their types set to match their first two moves.\n|rule|CFZ Clause: Crystal-free Z-Moves are banned\n|rule|Sleep Moves Clause: Sleep-inducing moves are banned\n|rule|Terastal Clause: You cannot Terastallize\n|clearpoke\n|poke|p1|Porygon-Z|\n|poke|p1|Braviary-Hisui, M|\n|poke|p1|Blacephalon|\n|poke|p1|Tapu Lele|\n|poke|p1|Alakazam, F|\n|poke|p1|Gardevoir, M|\n|poke|p2|Pidgeot, M|\n|poke|p2|Rhydon, M|\n|poke|p2|Slowking, L99, F|\n|poke|p2|Volcanion|\n|poke|p2|Landorus-Therian, M|\n|poke|p2|Aegislash, F|\n|teampreview\n|j|%Iolanthe\n|j|@Banded Body Press\n|\n|t:|1701113524\n|start\n|switch|p1a: THESAMEGUYEVERYDAY|Porygon-Z|100\/100\n|switch|p2a: Melancholy|Slowking, L99, F|100\/100\n|-start|p1a: THESAMEGUYEVERYDAY|typechange|Dragon\/Flying|[silent]\n|-start|p2a: Melancholy|typechange|Dark\/Poison|[silent]\n|-start|p1a: THESAMEGUYEVERYDAY|typechange|Dragon\/Flying|[silent]\n|-start|p2a: Melancholy|typechange|Dark\/Poison|[silent]\n|turn|1\n|l|%Iolanthe\n|\n|t:|1701113545\n|move|p1a: THESAMEGUYEVERYDAY|Trick|p2a: Melancholy\n|-activate|p1a: THESAMEGUYEVERYDAY|move: Trick|[of] p2a: Melancholy\n|-item|p2a: Melancholy|Choice Scarf|[from] move: Trick\n|-item|p1a: THESAMEGUYEVERYDAY|Assault Vest|[from] move: Trick\n|move|p2a: Melancholy|U-turn|p1a: THESAMEGUYEVERYDAY\n|-resisted|p1a: THESAMEGUYEVERYDAY\n|-damage|p1a: THESAMEGUYEVERYDAY|92\/100\n|\n|t:|1701113555\n|switch|p2a: Darkest Moment|Aegislash, F|100\/100|[from] U-turn\n|-start|p2a: Darkest Moment|typechange|Dark\/Ghost|[silent]\n|\n|upkeep\n|-start|p2a: Darkest Moment|typechange|Dark\/Ghost|[silent]\n|turn|2\n|\n|t:|1701113569\n|move|p1a: THESAMEGUYEVERYDAY|Dragon Energy|p2a: Darkest Moment\n|-damage|p2a: Darkest Moment|28\/100\n|move|p2a: Darkest Moment|Swords Dance|p2a: Darkest Moment\n|-boost|p2a: Darkest Moment|atk|2\n|\n|upkeep\n|turn|3\n|\n|t:|1701113574\n|move|p2a: Darkest Moment|King's Shield|p2a: Darkest Moment\n|-singleturn|p2a: Darkest Moment|Protect\n|move|p1a: THESAMEGUYEVERYDAY|Oblivion Wing|p2a: Darkest Moment\n|-activate|p2a: Darkest Moment|move: Protect\n|\n|upkeep\n|turn|4\n|\n|t:|1701113580\n|-formechange|p2a: Darkest Moment|Aegislash-Blade||[from] ability: Stance Change\n|move|p2a: Darkest Moment|Sucker Punch|p1a: THESAMEGUYEVERYDAY\n|-damage|p1a: THESAMEGUYEVERYDAY|0 fnt\n|faint|p1a: THESAMEGUYEVERYDAY\n|\n|upkeep\n|\n|t:|1701113591\n|switch|p1a: 538|Tapu Lele|100\/100\n|-start|p1a: 538|typechange|Psychic\/Water|[silent]\n|-fieldstart|move: Psychic Terrain|[from] ability: Psychic Surge|[of] p1a: 538\n|-start|p1a: 538|typechange|Psychic\/Water|[silent]\n|-start|p2a: Darkest Moment|typechange|Dark\/Ghost|[silent]\n|turn|5\n|\n|t:|1701113601\n|move|p1a: 538|Steam Eruption|p2a: Darkest Moment\n|-damage|p2a: Darkest Moment|0 fnt\n|faint|p2a: Darkest Moment\n|\n|upkeep\n|\n|t:|1701113606\n|switch|p2a: Skygrazer|Pidgeot, M|100\/100\n|-start|p2a: Skygrazer|typechange|Electric\/Fighting|[silent]\n|-start|p2a: Skygrazer|typechange|Electric\/Fighting|[silent]\n|turn|6\n|\n|t:|1701113612\n|switch|p1a: 599.95|Braviary-Hisui, M|100\/100\n|-start|p1a: 599.95|typechange|Water\/Ground|[silent]\n|detailschange|p2a: Skygrazer|Pidgeot-Mega, M\n|-mega|p2a: Skygrazer|Pidgeot|Pidgeotite\n|-start|p2a: Skygrazer|typechange|Electric\/Fighting|[silent]\n|move|p2a: Skygrazer|Zap Cannon|p1a: 599.95\n|-immune|p1a: 599.95\n|\n|upkeep\n|-start|p1a: 599.95|typechange|Water\/Ground|[silent]\n|-start|p2a: Skygrazer|typechange|Electric\/Fighting|[silent]\n|turn|7\n|\n|t:|1701113620\n|move|p2a: Skygrazer|Freeze-Dry|p1a: 599.95\n|-supereffective|p1a: 599.95\n|-crit|p1a: 599.95\n|-damage|p1a: 599.95|0 fnt\n|faint|p1a: 599.95\n|\n|upkeep\n|\n|t:|1701113628\n|switch|p1a: 429|Gardevoir, M|100\/100\n|-start|p1a: 429|typechange|Fire\/Fairy|[silent]\n|-ability|p1a: 429|No Guard|[from] ability: Trace|[of] p2a: Skygrazer\n|-start|p1a: 429|typechange|Fire\/Fairy|[silent]\n|turn|8\n|\n|t:|1701113636\n|switch|p2a: Hell's Tokamak|Volcanion|100\/100\n|-start|p2a: Hell's Tokamak|typechange|Fire\/Ground|[silent]\n|detailschange|p1a: 429|Gardevoir-Mega, M\n|-mega|p1a: 429|Gardevoir|Gardevoirite\n|-start|p1a: 429|typechange|Fire\/Fairy|[silent]\n|move|p1a: 429|Blood Moon|p2a: Hell's Tokamak\n|-resisted|p2a: Hell's Tokamak\n|-damage|p2a: Hell's Tokamak|65\/100\n|\n|upkeep\n|-start|p1a: 429|typechange|Fire\/Fairy|[silent]\n|-start|p2a: Hell's Tokamak|typechange|Fire\/Ground|[silent]\n|turn|9\n|\n|t:|1701113649\n|switch|p1a: 601|Blacephalon|100\/100\n|-start|p1a: 601|typechange|Psychic\/Fighting|[silent]\n|move|p2a: Hell's Tokamak|Precipice Blades|p1a: 601\n|-damage|p1a: 601|2\/100\n|\n|-fieldend|move: Psychic Terrain\n|upkeep\n|-start|p1a: 601|typechange|Psychic\/Fighting|[silent]\n|turn|10\n|\n|t:|1701113668\n|switch|p2a: Melancholy|Slowking, L99, F|100\/100\n|-start|p2a: Melancholy|typechange|Dark\/Poison|[silent]\n|move|p1a: 601|Secret Sword|p2a: Melancholy\n|-damage|p2a: Melancholy|24\/100\n|\n|upkeep\n|-start|p2a: Melancholy|typechange|Dark\/Poison|[silent]\n|turn|11\n|\n|t:|1701113673\n|switch|p2a: Ocean of Genesis|Rhydon, M|100\/100\n|-start|p2a: Ocean of Genesis|typechange|Water\/Flying|[silent]\n|move|p1a: 601|Secret Sword|p2a: Ocean of Genesis\n|-resisted|p2a: Ocean of Genesis\n|-damage|p2a: Ocean of Genesis|87\/100\n|\n|upkeep\n|-start|p2a: Ocean of Genesis|typechange|Water\/Flying|[silent]\n|turn|12\n|j|%TheTrueLtaker\n|\n|t:|1701113683\n|switch|p1a: 479.7|Alakazam, F|100\/100\n|-start|p1a: 479.7|typechange|Fire\/Steel|[silent]\n|move|p2a: Ocean of Genesis|Flip Turn|p1a: 479.7\n|-supereffective|p1a: 479.7\n|-damage|p1a: 479.7|0 fnt\n|faint|p1a: 479.7\n|\n|t:|1701113692\n|switch|p2a: Skygrazer|Pidgeot-Mega, M|100\/100|[from] Flip Turn\n|-start|p2a: Skygrazer|typechange|Electric\/Fighting|[silent]\n|\n|upkeep\n|\n|t:|1701113699\n|switch|p1a: 429|Gardevoir-Mega, M|100\/100\n|-start|p1a: 429|typechange|Fire\/Fairy|[silent]\n|-start|p1a: 429|typechange|Fire\/Fairy|[silent]\n|-start|p2a: Skygrazer|typechange|Electric\/Fighting|[silent]\n|turn|13\n|\n|t:|1701113709\n|move|p2a: Skygrazer|Volt Switch|p1a: 429\n|-damage|p1a: 429|65\/100\n|\n|t:|1701113714\n|switch|p2a: Melancholy|Slowking, L99, F|57\/100|[from] Volt Switch\n|-start|p2a: Melancholy|typechange|Dark\/Poison|[silent]\n|move|p1a: 429|Torch Song|p2a: Melancholy\n|-damage|p2a: Melancholy|26\/100\n|-boost|p1a: 429|spa|1\n|\n|upkeep\n|-start|p2a: Melancholy|typechange|Dark\/Poison|[silent]\n|turn|14\n|\n|t:|1701113724\n|move|p1a: 429|Torch Song|p2a: Melancholy\n|-damage|p2a: Melancholy|0 fnt\n|-boost|p1a: 429|spa|1\n|faint|p2a: Melancholy\n|\n|upkeep\n|\n|t:|1701113727\n|switch|p2a: Skygrazer|Pidgeot-Mega, M|100\/100\n|-start|p2a: Skygrazer|typechange|Electric\/Fighting|[silent]\n|-start|p2a: Skygrazer|typechange|Electric\/Fighting|[silent]\n|turn|15\n|\n|t:|1701113730\n|move|p2a: Skygrazer|Zap Cannon|p1a: 429\n|-damage|p1a: 429|0 fnt\n|faint|p1a: 429\n|\n|upkeep\n|\n|t:|1701113734\n|switch|p1a: 538|Tapu Lele|100\/100\n|-start|p1a: 538|typechange|Psychic\/Water|[silent]\n|-fieldstart|move: Psychic Terrain|[from] ability: Psychic Surge|[of] p1a: 538\n|-start|p1a: 538|typechange|Psychic\/Water|[silent]\n|turn|16\n|\n|t:|1701113750\n|move|p2a: Skygrazer|Zap Cannon|p1a: 538\n|-supereffective|p1a: 538\n|-damage|p1a: 538|0 fnt\n|faint|p1a: 538\n|\n|upkeep\n|\n|t:|1701113752\n|switch|p1a: 601|Blacephalon|2\/100\n|-start|p1a: 601|typechange|Psychic\/Fighting|[silent]\n|-start|p1a: 601|typechange|Psychic\/Fighting|[silent]\n|turn|17\n|\n|t:|1701113754\n|move|p2a: Skygrazer|Zap Cannon|p1a: 601\n|-damage|p1a: 601|0 fnt\n|faint|p1a: 601\n|\n|win|COCOA=BISCUIT\n|n|\u2606D\u2192luxe|dluxe\n|n|\u2606COCOA=BISCUIT|cocoabiscuit\n|n| Banded Body Press|bandedbodypress\n|n| TheTrueLtaker|thetrueltaker\n","uploadtime":1701113755,"views":1,"p1id":"dluxe","p2id":"cocoabiscuit","formatid":"gen9nationaldex","rating":0,"private":0,"password":""}