{"id":"gen9nationaldex-1997732059","p1":"pepperybee","p2":"Taigle88","format":"[Gen 9] National Dex","log":"|html|<div class=\"broadcast-blue\"><strong>[Gen 9] National Dex is currently suspecting Sneasler! For information on how to participate check out the <a href=\"https:\/\/www.smogon.com\/forums\/threads\/sv-national-dex-suspect-8-just-dance.3731534\/\">suspect thread<\/a>.<\/strong><\/div>\n|j|\u2606pepperybee\n|j|\u2606Taigle88\n|t:|1700846745\n|gametype|singles\n|player|p1|pepperybee|waitress-gen4|1142\n|player|p2|Taigle88|eusine|1056\n|teamsize|p1|6\n|teamsize|p2|6\n|gen|9\n|tier|[Gen 9] National Dex\n|rated|\n|rule|HP Percentage Mod: HP is shown in percentages\n|rule|Endless Battle Clause: Forcing endless battles is banned\n|rule|OHKO Clause: OHKO moves are banned\n|rule|Evasion Clause: Evasion abilities, items, and moves are banned\n|rule|Evasion Abilities Clause: Evasion abilities are banned\n|rule|Evasion Items Clause: Evasion items are banned\n|rule|Evasion Moves Clause: Evasion moves are banned\n|rule|Species Clause: Limit one of each Pok\u00e9mon\n|rule|Sleep Clause Mod: Limit one foe put to sleep\n|clearpoke\n|poke|p1|Gardevoir, F|\n|poke|p1|Milotic, F|\n|poke|p1|Salazzle, F|\n|poke|p1|Togekiss, F|\n|poke|p1|Tsareena, F|\n|poke|p1|Celesteela|\n|poke|p2|Gliscor, M|\n|poke|p2|Polteageist|\n|poke|p2|Tauros, M|\n|poke|p2|Goodra, M|\n|poke|p2|Klefki, F|\n|poke|p2|Toxapex, M|\n|teampreview\n|inactive|Battle timer is ON: inactive players will automatically lose when time's up. (requested by pepperybee)\n|\n|t:|1700846753\n|start\n|switch|p1a: Girlqueen|Tsareena, F|100\/100\n|switch|p2a: Klefki|Klefki, F|100\/100\n|turn|1\n|\n|t:|1700846759\n|move|p2a: Klefki|Light Screen|p2a: Klefki\n|-sidestart|p2: Taigle88|move: Light Screen\n|move|p1a: Girlqueen|Knock Off|p2a: Klefki\n|-resisted|p2a: Klefki\n|-damage|p2a: Klefki|82\/100\n|-enditem|p2a: Klefki|Light Clay|[from] move: Knock Off|[of] p1a: Girlqueen\n|\n|upkeep\n|turn|2\n|\n|t:|1700846763\n|move|p2a: Klefki|Reflect|p2a: Klefki\n|-sidestart|p2: Taigle88|Reflect\n|move|p1a: Girlqueen|Rapid Spin|p2a: Klefki\n|-resisted|p2a: Klefki\n|-damage|p2a: Klefki|77\/100\n|-boost|p1a: Girlqueen|spe|1\n|\n|upkeep\n|turn|3\n|\n|t:|1700846771\n|move|p1a: Girlqueen|Triple Axel|p2a: Klefki\n|-resisted|p2a: Klefki\n|-damage|p2a: Klefki|75\/100\n|-resisted|p2a: Klefki\n|-damage|p2a: Klefki|71\/100\n|-resisted|p2a: Klefki\n|-damage|p2a: Klefki|65\/100\n|-hitcount|p2a: Klefki|3\n|move|p2a: Klefki|Draining Kiss|p1a: Girlqueen\n|-damage|p1a: Girlqueen|81\/100\n|-heal|p2a: Klefki|78\/100|[from] drain|[of] p1a: Girlqueen\n|\n|upkeep\n|turn|4\n|\n|t:|1700846784\n|move|p1a: Girlqueen|Trop Kick|p2a: Klefki\n|-resisted|p2a: Klefki\n|-damage|p2a: Klefki|68\/100\n|-unboost|p2a: Klefki|atk|1\n|move|p2a: Klefki|Draining Kiss|p1a: Girlqueen\n|-damage|p1a: Girlqueen|63\/100\n|-heal|p2a: Klefki|80\/100|[from] drain|[of] p1a: Girlqueen\n|\n|upkeep\n|turn|5\n|\n|t:|1700846793\n|switch|p1a: Gatekeep|Celesteela, shiny|100\/100\n|move|p2a: Klefki|Draining Kiss|p1a: Gatekeep\n|-resisted|p1a: Gatekeep\n|-damage|p1a: Gatekeep|96\/100\n|-heal|p2a: Klefki|84\/100|[from] drain|[of] p1a: Gatekeep\n|\n|-heal|p1a: Gatekeep|100\/100|[from] item: Leftovers\n|upkeep\n|turn|6\n|\n|t:|1700846802\n|move|p2a: Klefki|Draining Kiss|p1a: Gatekeep\n|-resisted|p1a: Gatekeep\n|-damage|p1a: Gatekeep|96\/100\n|-heal|p2a: Klefki|88\/100|[from] drain|[of] p1a: Gatekeep\n|move|p1a: Gatekeep|Flamethrower|p2a: Klefki\n|-supereffective|p2a: Klefki\n|-damage|p2a: Klefki|63\/100\n|\n|-heal|p1a: Gatekeep|100\/100|[from] item: Leftovers\n|-sideend|p2: Taigle88|Reflect\n|upkeep\n|turn|7\n|\n|t:|1700846811\n|move|p2a: Klefki|Reflect|p2a: Klefki\n|-sidestart|p2: Taigle88|Reflect\n|move|p1a: Gatekeep|Flamethrower|p2a: Klefki\n|-supereffective|p2a: Klefki\n|-damage|p2a: Klefki|41\/100\n|\n|upkeep\n|turn|8\n|\n|t:|1700846816\n|move|p2a: Klefki|Draining Kiss|p1a: Gatekeep\n|-resisted|p1a: Gatekeep\n|-damage|p1a: Gatekeep|96\/100\n|-heal|p2a: Klefki|45\/100|[from] drain|[of] p1a: Gatekeep\n|move|p1a: Gatekeep|Flamethrower|p2a: Klefki\n|-supereffective|p2a: Klefki\n|-crit|p2a: Klefki\n|-damage|p2a: Klefki|0 fnt\n|faint|p2a: Klefki\n|-ability|p1a: Gatekeep|Beast Boost|boost\n|-boost|p1a: Gatekeep|spd|1\n|\n|-heal|p1a: Gatekeep|100\/100|[from] item: Leftovers\n|-sideend|p2: Taigle88|move: Light Screen\n|upkeep\n|\n|t:|1700846845\n|switch|p2a: Goodra|Goodra, M|100\/100\n|turn|9\n|\n|t:|1700846853\n|-terastallize|p2a: Goodra|Fire\n|move|p2a: Goodra|Flamethrower|p1a: Gatekeep\n|-supereffective|p1a: Gatekeep\n|-damage|p1a: Gatekeep|63\/100\n|move|p1a: Gatekeep|Leech Seed|p2a: Goodra\n|-start|p2a: Goodra|move: Leech Seed\n|\n|-heal|p1a: Gatekeep|69\/100|[from] item: Leftovers\n|-damage|p2a: Goodra|88\/100|[from] Leech Seed|[of] p1a: Gatekeep\n|-heal|p1a: Gatekeep|79\/100|[silent]\n|upkeep\n|turn|10\n|\n|t:|1700846859\n|move|p2a: Goodra|Flamethrower|p1a: Gatekeep\n|-supereffective|p1a: Gatekeep\n|-damage|p1a: Gatekeep|46\/100\n|move|p1a: Gatekeep|Earthquake|p2a: Goodra\n|-supereffective|p2a: Goodra\n|-damage|p2a: Goodra|52\/100\n|\n|-heal|p1a: Gatekeep|52\/100|[from] item: Leftovers\n|-damage|p2a: Goodra|40\/100|[from] Leech Seed|[of] p1a: Gatekeep\n|-heal|p1a: Gatekeep|62\/100|[silent]\n|upkeep\n|turn|11\n|\n|t:|1700846869\n|-terastallize|p1a: Gatekeep|Fire\n|move|p2a: Goodra|Flamethrower|p1a: Gatekeep\n|-resisted|p1a: Gatekeep\n|-damage|p1a: Gatekeep|53\/100\n|move|p1a: Gatekeep|Earthquake|p2a: Goodra\n|-supereffective|p2a: Goodra\n|-damage|p2a: Goodra|6\/100\n|\n|-heal|p1a: Gatekeep|59\/100|[from] item: Leftovers\n|-damage|p2a: Goodra|0 fnt|[from] Leech Seed|[of] p1a: Gatekeep\n|-heal|p1a: Gatekeep|63\/100|[silent]\n|faint|p2a: Goodra\n|-sideend|p2: Taigle88|Reflect\n|upkeep\n|\n|t:|1700846877\n|switch|p2a: Gliscor|Gliscor, M|100\/100\n|turn|12\n|\n|t:|1700846885\n|move|p2a: Gliscor|Curse|p2a: Gliscor\n|-unboost|p2a: Gliscor|spe|1\n|-boost|p2a: Gliscor|atk|1\n|-boost|p2a: Gliscor|def|1\n|move|p1a: Gatekeep|Heavy Slam|p2a: Gliscor\n|-damage|p2a: Gliscor|83\/100\n|\n|-heal|p1a: Gatekeep|69\/100|[from] item: Leftovers\n|-status|p2a: Gliscor|tox|[from] item: Toxic Orb\n|upkeep\n|turn|13\n|\n|t:|1700846893\n|move|p1a: Gatekeep|Leech Seed|p2a: Gliscor\n|-start|p2a: Gliscor|move: Leech Seed\n|move|p2a: Gliscor|Curse|p2a: Gliscor\n|-unboost|p2a: Gliscor|spe|1\n|-boost|p2a: Gliscor|atk|1\n|-boost|p2a: Gliscor|def|1\n|\n|-heal|p1a: Gatekeep|75\/100|[from] item: Leftovers\n|-damage|p2a: Gliscor|70\/100 tox|[from] Leech Seed|[of] p1a: Gatekeep\n|-heal|p1a: Gatekeep|86\/100|[silent]\n|-heal|p2a: Gliscor|83\/100 tox|[from] ability: Poison Heal\n|upkeep\n|turn|14\n|\n|t:|1700846898\n|switch|p1a: Girlfish|Milotic, F|100\/100\n|move|p2a: Gliscor|Earthquake|p1a: Girlfish\n|-damage|p1a: Girlfish|36\/100\n|\n|-heal|p1a: Girlfish|42\/100|[from] item: Leftovers\n|-damage|p2a: Gliscor|70\/100 tox|[from] Leech Seed|[of] p1a: Girlfish\n|-heal|p1a: Girlfish|54\/100|[silent]\n|-heal|p2a: Gliscor|83\/100 tox|[from] ability: Poison Heal\n|upkeep\n|turn|15\n|\n|t:|1700846908\n|switch|p2a: Toxapex|Toxapex, M|100\/100\n|move|p1a: Girlfish|Haze|p1a: Girlfish\n|-clearallboost\n|\n|-heal|p1a: Girlfish|60\/100|[from] item: Leftovers\n|upkeep\n|turn|16\n|\n|t:|1700846911\n|move|p2a: Toxapex|Scald|p1a: Girlfish\n|-resisted|p1a: Girlfish\n|-damage|p1a: Girlfish|55\/100\n|move|p1a: Girlfish|Dragon Tail|p2a: Toxapex\n|-damage|p2a: Toxapex|95\/100\n|-damage|p1a: Girlfish|39\/100|[from] item: Rocky Helmet|[of] p2a: Toxapex\n|drag|p2a: Gliscor|Gliscor, M|83\/100 tox\n|\n|-heal|p1a: Girlfish|45\/100|[from] item: Leftovers\n|-heal|p2a: Gliscor|95\/100 tox|[from] ability: Poison Heal\n|upkeep\n|turn|17\n|\n|t:|1700846916\n|switch|p2a: Toxapex|Toxapex, M|100\/100\n|move|p1a: Girlfish|Surf|p2a: Toxapex\n|-resisted|p2a: Toxapex\n|-damage|p2a: Toxapex|88\/100\n|\n|-heal|p1a: Girlfish|51\/100|[from] item: Leftovers\n|upkeep\n|turn|18\n|\n|t:|1700846920\n|move|p2a: Toxapex|Toxic|p1a: Girlfish\n|-status|p1a: Girlfish|tox\n|move|p1a: Girlfish|Dragon Tail|p2a: Toxapex\n|-damage|p2a: Toxapex|83\/100\n|-damage|p1a: Girlfish|34\/100 tox|[from] item: Rocky Helmet|[of] p2a: Toxapex\n|drag|p2a: Gliscor|Gliscor, M|95\/100 tox\n|\n|-heal|p1a: Girlfish|40\/100 tox|[from] item: Leftovers\n|-heal|p2a: Gliscor|100\/100 tox|[from] ability: Poison Heal\n|-damage|p1a: Girlfish|34\/100 tox|[from] psn\n|upkeep\n|turn|19\n|\n|t:|1700846925\n|switch|p2a: Toxapex|Toxapex, M|100\/100\n|move|p1a: Girlfish|Dragon Tail|p2a: Toxapex\n|-crit|p2a: Toxapex\n|-damage|p2a: Toxapex|92\/100\n|-damage|p1a: Girlfish|18\/100 tox|[from] item: Rocky Helmet|[of] p2a: Toxapex\n|drag|p2a: Polteageist|Polteageist|100\/100\n|\n|-heal|p1a: Girlfish|24\/100 tox|[from] item: Leftovers\n|-damage|p1a: Girlfish|12\/100 tox|[from] psn\n|upkeep\n|turn|20\n|\n|t:|1700846932\n|switch|p1a: Girlboss|Gardevoir, F|100\/100\n|-ability|p1a: Girlboss|Weak Armor|[from] ability: Trace|[of] p2a: Polteageist\n|move|p2a: Polteageist|Shell Smash|p2a: Polteageist\n|-unboost|p2a: Polteageist|def|1\n|-unboost|p2a: Polteageist|spd|1\n|-boost|p2a: Polteageist|atk|2\n|-boost|p2a: Polteageist|spa|2\n|-boost|p2a: Polteageist|spe|2\n|\n|upkeep\n|turn|21\n|\n|t:|1700846947\n|detailschange|p1a: Girlboss|Gardevoir-Mega, F\n|-mega|p1a: Girlboss|Gardevoir|Gardevoirite\n|move|p2a: Polteageist|Shadow Ball|p1a: Girlboss\n|-supereffective|p1a: Girlboss\n|-damage|p1a: Girlboss|0 fnt\n|faint|p1a: Girlboss\n|\n|upkeep\n|\n|t:|1700846956\n|switch|p1a: Girlqueen|Tsareena, F|63\/100\n|turn|22\n|\n|t:|1700846960\n|move|p2a: Polteageist|Shadow Ball|p1a: Girlqueen\n|-damage|p1a: Girlqueen|0 fnt\n|faint|p1a: Girlqueen\n|\n|upkeep\n|\n|t:|1700846967\n|switch|p1a: Gatekeep|Celesteela, shiny, tera:Fire|86\/100\n|turn|23\n|\n|t:|1700846972\n|move|p2a: Polteageist|Shadow Ball|p1a: Gatekeep\n|-damage|p1a: Gatekeep|32\/100\n|move|p1a: Gatekeep|Leech Seed|p2a: Polteageist\n|-start|p2a: Polteageist|move: Leech Seed\n|\n|-heal|p1a: Gatekeep|38\/100|[from] item: Leftovers\n|-damage|p2a: Polteageist|88\/100|[from] Leech Seed|[of] p1a: Gatekeep\n|-heal|p1a: Gatekeep|46\/100|[silent]\n|upkeep\n|turn|24\n|\n|t:|1700846978\n|move|p2a: Polteageist|Shadow Ball|p1a: Gatekeep\n|-damage|p1a: Gatekeep|0 fnt\n|faint|p1a: Gatekeep\n|\n|upkeep\n|\n|t:|1700846980\n|switch|p1a: Girlfish|Milotic, F|12\/100 tox\n|turn|25\n|\n|t:|1700846983\n|move|p2a: Polteageist|Giga Drain|p1a: Girlfish\n|-supereffective|p1a: Girlfish\n|-damage|p1a: Girlfish|0 fnt\n|-heal|p2a: Polteageist|97\/100|[from] drain|[of] p1a: Girlfish\n|faint|p1a: Girlfish\n|\n|upkeep\n|\n|t:|1700846986\n|switch|p1a: Girlbird|Togekiss, F|100\/100\n|turn|26\n|\n|t:|1700846990\n|move|p2a: Polteageist|Shadow Ball|p1a: Girlbird\n|-damage|p1a: Girlbird|39\/100\n|move|p1a: Girlbird|Thunder Wave|p2a: Polteageist\n|-status|p2a: Polteageist|par\n|\n|-damage|p2a: Polteageist|84\/100 par|[from] Leech Seed|[of] p1a: Girlbird\n|-heal|p1a: Girlbird|47\/100|[silent]\n|upkeep\n|turn|27\n|\n|t:|1700846995\n|move|p2a: Polteageist|Shadow Ball|p1a: Girlbird\n|-damage|p1a: Girlbird|0 fnt\n|faint|p1a: Girlbird\n|\n|upkeep\n|\n|t:|1700846998\n|switch|p1a: Gaslight|Salazzle, F, shiny|100\/100\n|turn|28\n|\n|t:|1700847002\n|move|p1a: Gaslight|Venoshock|p2a: Polteageist\n|-resisted|p2a: Polteageist\n|-crit|p2a: Polteageist\n|-damage|p2a: Polteageist|42\/100 par\n|move|p2a: Polteageist|Shadow Ball|p1a: Gaslight\n|-damage|p1a: Gaslight|0 fnt\n|faint|p1a: Gaslight\n|\n|win|Taigle88\n|raw|pepperybee's rating: 1142 &rarr; <strong>1111<\/strong><br \/>(-31 for losing)\n|raw|Taigle88's rating: 1056 &rarr; <strong>1095<\/strong><br \/>(+39 for winning)\n|l|\u2606pepperybee\n","uploadtime":1700847016,"views":6,"p1id":"pepperybee","p2id":"taigle88","formatid":"gen9nationaldex","rating":1095,"private":0,"password":""}