{"id":"gen9nationaldex-1994952951","p1":"NDSNEZ Latios","p2":"Elite4Simon","format":"[Gen 9] National Dex","log":"|html|<div class=\"broadcast-blue\"><strong>[Gen 9] National Dex is currently suspecting Sneasler! For information on how to participate check out the <a href=\"https:\/\/www.smogon.com\/forums\/threads\/sv-national-dex-suspect-8-just-dance.3731534\/\">suspect thread<\/a>.<\/strong><\/div>\n|j|\u2606NDSNEZ Latios\n|j|\u2606Elite4Simon\n|t:|1700507644\n|gametype|singles\n|player|p1|NDSNEZ Latios|pokemaniac|1293\n|player|p2|Elite4Simon|drayden|1266\n|teamsize|p1|6\n|teamsize|p2|6\n|gen|9\n|tier|[Gen 9] National Dex\n|rated|\n|rule|HP Percentage Mod: HP is shown in percentages\n|rule|Endless Battle Clause: Forcing endless battles is banned\n|rule|OHKO Clause: OHKO moves are banned\n|rule|Evasion Clause: Evasion abilities, items, and moves are banned\n|rule|Evasion Abilities Clause: Evasion abilities are banned\n|rule|Evasion Items Clause: Evasion items are banned\n|rule|Evasion Moves Clause: Evasion moves are banned\n|rule|Species Clause: Limit one of each Pok\u00e9mon\n|rule|Sleep Clause Mod: Limit one foe put to sleep\n|clearpoke\n|poke|p1|Landorus-Therian, M|\n|poke|p1|Tapu Koko|\n|poke|p1|Sneasler, M|\n|poke|p1|Gyarados, F|\n|poke|p1|Volcarona, M|\n|poke|p1|Dondozo, M|\n|poke|p2|Dragonite, M|\n|poke|p2|Zapdos|\n|poke|p2|Glimmora, M|\n|poke|p2|Charizard, M|\n|poke|p2|Gyarados, M|\n|poke|p2|Sneasler, M|\n|teampreview\n|inactive|Battle timer is ON: inactive players will automatically lose when time's up. (requested by Elite4Simon)\n|inactive|NDSNEZ Latios also wants the timer to be on.\n|\n|t:|1700507651\n|start\n|switch|p1a: Landorus|Landorus-Therian, M|100\/100\n|switch|p2a: Glimmora|Glimmora, M|100\/100\n|-ability|p1a: Landorus|Intimidate|boost\n|-unboost|p2a: Glimmora|atk|1\n|turn|1\n|\n|t:|1700507655\n|move|p1a: Landorus|Taunt|p2a: Glimmora\n|-start|p2a: Glimmora|move: Taunt\n|cant|p2a: Glimmora|move: Taunt|Stealth Rock\n|\n|upkeep\n|turn|2\n|\n|t:|1700507657\n|move|p1a: Landorus|Stealth Rock|p2a: Glimmora\n|-sidestart|p2: Elite4Simon|move: Stealth Rock\n|move|p2a: Glimmora|Mortal Spin|p1a: Landorus\n|-resisted|p1a: Landorus\n|-damage|p1a: Landorus|98\/100\n|-status|p1a: Landorus|psn\n|-sideend|p2: Elite4Simon|Stealth Rock|[from] move: Mortal Spin|[of] p2a: Glimmora\n|\n|-damage|p1a: Landorus|86\/100 psn|[from] psn\n|upkeep\n|turn|3\n|\n|t:|1700507659\n|move|p1a: Landorus|Earthquake|p2a: Glimmora\n|-supereffective|p2a: Glimmora\n|-enditem|p2a: Glimmora|Focus Sash\n|-damage|p2a: Glimmora|1\/100\n|-activate|p2a: Glimmora|ability: Toxic Debris\n|-sidestart|p1: NDSNEZ Latios|move: Toxic Spikes\n|move|p2a: Glimmora|Mortal Spin|p1a: Landorus\n|-resisted|p1a: Landorus\n|-damage|p1a: Landorus|84\/100 psn\n|\n|-damage|p1a: Landorus|71\/100 psn|[from] psn\n|-end|p2a: Glimmora|move: Taunt\n|upkeep\n|turn|4\n|\n|t:|1700507666\n|switch|p2a: Charizard|Charizard, M|100\/100\n|move|p1a: Landorus|Stealth Rock|p2a: Charizard\n|-sidestart|p2: Elite4Simon|move: Stealth Rock\n|\n|-damage|p1a: Landorus|59\/100 psn|[from] psn\n|upkeep\n|turn|5\n|\n|t:|1700507668\n|detailschange|p2a: Charizard|Charizard-Mega-Y, M\n|-mega|p2a: Charizard|Charizard|Charizardite Y\n|-weather|SunnyDay|[from] ability: Drought|[of] p2a: Charizard\n|move|p2a: Charizard|Weather Ball|p1a: Landorus\n|-damage|p1a: Landorus|0 fnt\n|faint|p1a: Landorus\n|\n|-weather|SunnyDay|[upkeep]\n|upkeep\n|\n|t:|1700507673\n|switch|p1a: Tapu Koko|Tapu Koko|100\/100\n|-status|p1a: Tapu Koko|psn\n|-fieldstart|move: Electric Terrain|[from] ability: Electric Surge|[of] p1a: Tapu Koko\n|turn|6\n|\n|t:|1700507678\n|move|p1a: Tapu Koko|Light Screen|p1a: Tapu Koko\n|-sidestart|p1: NDSNEZ Latios|move: Light Screen\n|move|p2a: Charizard|Solar Beam||[still]\n|-prepare|p2a: Charizard|Solar Beam\n|-anim|p2a: Charizard|Solar Beam|p1a: Tapu Koko\n|-damage|p1a: Tapu Koko|70\/100 psn\n|\n|-weather|SunnyDay|[upkeep]\n|-damage|p1a: Tapu Koko|58\/100 psn|[from] psn\n|upkeep\n|turn|7\n|\n|t:|1700507682\n|switch|p2a: Zapdos|Zapdos|100\/100\n|-damage|p2a: Zapdos|76\/100|[from] Stealth Rock\n|move|p1a: Tapu Koko|Reflect|p1a: Tapu Koko\n|-sidestart|p1: NDSNEZ Latios|Reflect\n|\n|-weather|SunnyDay|[upkeep]\n|-heal|p2a: Zapdos|82\/100|[from] item: Leftovers\n|-damage|p1a: Tapu Koko|46\/100 psn|[from] psn\n|upkeep\n|turn|8\n|\n|t:|1700507685\n|move|p1a: Tapu Koko|U-turn|p2a: Zapdos\n|-resisted|p2a: Zapdos\n|-damage|p2a: Zapdos|71\/100\n|\n|t:|1700507693\n|switch|p1a: Volcarona|Volcarona, M|100\/100|[from] U-turn\n|move|p2a: Zapdos|Defog|p1a: Volcarona\n|-unboost|p1a: Volcarona|evasion|1\n|-sideend|p1: NDSNEZ Latios|Reflect\n|-sideend|p1: NDSNEZ Latios|move: Light Screen\n|-sideend|p1: NDSNEZ Latios|Toxic Spikes|[from] move: Defog|[of] p2a: Zapdos\n|-sideend|p2: Elite4Simon|Stealth Rock|[from] move: Defog|[of] p2a: Zapdos\n|-fieldend|move: Electric Terrain\n|\n|-weather|SunnyDay|[upkeep]\n|-heal|p2a: Zapdos|77\/100|[from] item: Leftovers\n|upkeep\n|turn|9\n|\n|t:|1700507700\n|-terastallize|p1a: Volcarona|Ground\n|move|p2a: Zapdos|Toxic|p1a: Volcarona\n|-status|p1a: Volcarona|tox\n|move|p1a: Volcarona|Quiver Dance|p1a: Volcarona\n|-boost|p1a: Volcarona|spa|1\n|-boost|p1a: Volcarona|spd|1\n|-boost|p1a: Volcarona|spe|1\n|\n|-weather|none\n|-heal|p2a: Zapdos|83\/100|[from] item: Leftovers\n|-damage|p1a: Volcarona|94\/100 tox|[from] psn\n|upkeep\n|turn|10\n|\n|t:|1700507706\n|move|p1a: Volcarona|Flamethrower|p2a: Zapdos\n|-damage|p2a: Zapdos|0 fnt\n|faint|p2a: Zapdos\n|\n|-damage|p1a: Volcarona|82\/100 tox|[from] psn\n|upkeep\n|\n|t:|1700507713\n|switch|p2a: Dragonite|Dragonite, M|100\/100\n|turn|11\n|\n|t:|1700507717\n|move|p1a: Volcarona|Flamethrower|p2a: Dragonite\n|-resisted|p2a: Dragonite\n|-damage|p2a: Dragonite|83\/100\n|move|p2a: Dragonite|Dragon Tail|p1a: Volcarona\n|-damage|p1a: Volcarona|25\/100 tox\n|drag|p1a: Tapu Koko|Tapu Koko|46\/100 psn\n|-fieldstart|move: Electric Terrain|[from] ability: Electric Surge|[of] p1a: Tapu Koko\n|\n|-damage|p1a: Tapu Koko|33\/100 psn|[from] psn\n|upkeep\n|turn|12\n|\n|t:|1700507727\n|-terastallize|p2a: Dragonite|Normal\n|move|p2a: Dragonite|Extreme Speed|p1a: Tapu Koko\n|-damage|p1a: Tapu Koko|0 fnt\n|faint|p1a: Tapu Koko\n|\n|upkeep\n|\n|t:|1700507735\n|switch|p1a: Sneasler|Sneasler, M|100\/100\n|-enditem|p1a: Sneasler|Electric Seed\n|-boost|p1a: Sneasler|def|1|[from] item: Electric Seed\n|turn|13\n|\n|t:|1700507738\n|move|p2a: Dragonite|Extreme Speed|p1a: Sneasler\n|-damage|p1a: Sneasler|45\/100\n|move|p1a: Sneasler|Close Combat|p2a: Dragonite\n|-supereffective|p2a: Dragonite\n|-damage|p2a: Dragonite|0 fnt\n|-unboost|p1a: Sneasler|def|1\n|-unboost|p1a: Sneasler|spd|1\n|faint|p2a: Dragonite\n|\n|upkeep\n|\n|t:|1700507742\n|switch|p2a: Glimmora|Glimmora, M|1\/100\n|turn|14\n|\n|t:|1700507749\n|move|p1a: Sneasler|Close Combat|p2a: Glimmora\n|-damage|p2a: Glimmora|0 fnt\n|-unboost|p1a: Sneasler|def|1\n|-unboost|p1a: Sneasler|spd|1\n|-activate|p2a: Glimmora|ability: Toxic Debris\n|-sidestart|p1: NDSNEZ Latios|move: Toxic Spikes\n|faint|p2a: Glimmora\n|\n|upkeep\n|\n|t:|1700507752\n|switch|p2a: Sneasler|Sneasler, M|100\/100\n|turn|15\n|\n|t:|1700507755\n|move|p2a: Sneasler|Fake Out|p1a: Sneasler\n|-enditem|p2a: Sneasler|Normal Gem|[from] gem\n|-damage|p1a: Sneasler|0 fnt\n|faint|p1a: Sneasler\n|\n|-fieldend|move: Electric Terrain\n|upkeep\n|\n|t:|1700507761\n|switch|p1a: Dondozo|Dondozo, M|100\/100\n|-status|p1a: Dondozo|psn\n|turn|16\n|\n|t:|1700507764\n|switch|p2a: Charizard|Charizard-Mega-Y, M|100\/100\n|-weather|SunnyDay|[from] ability: Drought|[of] p2a: Charizard\n|move|p1a: Dondozo|Wave Crash|p2a: Charizard\n|-supereffective|p2a: Charizard\n|-damage|p2a: Charizard|9\/100\n|-damage|p1a: Dondozo|83\/100 psn|[from] Recoil\n|\n|-weather|SunnyDay|[upkeep]\n|-damage|p1a: Dondozo|70\/100 psn|[from] psn\n|upkeep\n|turn|17\n|\n|t:|1700507767\n|switch|p1a: Gyarados|Gyarados, F|100\/100\n|-ability|p1a: Gyarados|Intimidate|boost\n|-unboost|p2a: Charizard|atk|1\n|move|p2a: Charizard|Solar Beam||[still]\n|-prepare|p2a: Charizard|Solar Beam\n|-anim|p2a: Charizard|Solar Beam|p1a: Gyarados\n|-damage|p1a: Gyarados|52\/100\n|\n|-weather|SunnyDay|[upkeep]\n|upkeep\n|turn|18\n|\n|t:|1700507772\n|move|p2a: Charizard|Ancient Power|p1a: Gyarados\n|-supereffective|p1a: Gyarados\n|-damage|p1a: Gyarados|0 fnt\n|faint|p1a: Gyarados\n|\n|-weather|SunnyDay|[upkeep]\n|upkeep\n|\n|t:|1700507789\n|switch|p1a: Dondozo|Dondozo, M|70\/100 psn\n|turn|19\n|\n|t:|1700507791\n|move|p2a: Charizard|Solar Beam||[still]\n|-prepare|p2a: Charizard|Solar Beam\n|-anim|p2a: Charizard|Solar Beam|p1a: Dondozo\n|-supereffective|p1a: Dondozo\n|-damage|p1a: Dondozo|0 fnt\n|faint|p1a: Dondozo\n|\n|-weather|SunnyDay|[upkeep]\n|upkeep\n|\n|t:|1700507795\n|switch|p1a: Volcarona|Volcarona, M, tera:Ground|25\/100 tox\n|turn|20\n|\n|t:|1700507797\n|move|p2a: Charizard|Solar Beam||[still]\n|-prepare|p2a: Charizard|Solar Beam\n|-anim|p2a: Charizard|Solar Beam|p1a: Volcarona\n|-supereffective|p1a: Volcarona\n|-crit|p1a: Volcarona\n|-damage|p1a: Volcarona|0 fnt\n|faint|p1a: Volcarona\n|\n|win|Elite4Simon\n|raw|NDSNEZ Latios's rating: 1293 &rarr; <strong>1266<\/strong><br \/>(-27 for losing)\n|raw|Elite4Simon's rating: 1266 &rarr; <strong>1293<\/strong><br \/>(+27 for winning)\n","uploadtime":1700507801,"views":38,"p1id":"ndsnezlatios","p2id":"elite4simon","formatid":"gen9nationaldex","rating":1266,"private":0,"password":""}