{"id":"gen9nationaldex-1992364193","p1":"Arlo Ghost","p2":"xCookieBallx","format":"[Gen 9] National Dex","log":"|j|\u2606Arlo Ghost\n|j|\u2606xCookieBallx\n|t:|1700179059\n|gametype|singles\n|player|p1|Arlo Ghost|mars|\n|player|p2|xCookieBallx|guitarist|\n|teamsize|p1|6\n|teamsize|p2|6\n|gen|9\n|tier|[Gen 9] National Dex\n|rule|HP Percentage Mod: HP is shown in percentages\n|rule|Endless Battle Clause: Forcing endless battles is banned\n|rule|OHKO Clause: OHKO moves are banned\n|rule|Evasion Clause: Evasion abilities, items, and moves are banned\n|rule|Evasion Abilities Clause: Evasion abilities are banned\n|rule|Evasion Items Clause: Evasion items are banned\n|rule|Evasion Moves Clause: Evasion moves are banned\n|rule|Species Clause: Limit one of each Pok\u00e9mon\n|rule|Sleep Clause Mod: Limit one foe put to sleep\n|clearpoke\n|poke|p1|Tapu Fini|\n|poke|p1|Heatran, M|\n|poke|p1|Corviknight, F|\n|poke|p1|Greninja-*, M|\n|poke|p1|Mawile, F|\n|poke|p1|Kommo-o, M|\n|poke|p2|Eiscue, M|\n|poke|p2|Sneasler, M|\n|poke|p2|Frosmoth, F|\n|poke|p2|Cloyster, F|\n|poke|p2|Ninetales-Alola, M|\n|poke|p2|Cetitan, M|\n|teampreview\n|j| Void280\n|\n|t:|1700179098\n|start\n|switch|p1a: Magmado|Heatran, M|100\/100\n|switch|p2a: Yukio|Ninetales-Alola, M|100\/100\n|-weather|Snow|[from] ability: Snow Warning|[of] p2a: Yukio\n|turn|1\n|j| Dios Typhlosion\n|c|\u2606Arlo Ghost|https:\/\/www.youtube.com\/watch?v=hcV6xVukj60\n|c|\u2606Arlo Ghost|suerte\n|\n|t:|1700179106\n|move|p2a: Yukio|Aurora Veil|p2a: Yukio\n|-sidestart|p2: xCookieBallx|move: Aurora Veil\n|move|p1a: Magmado|Magma Storm|p2a: Yukio|[miss]\n|-miss|p1a: Magmado|p2a: Yukio\n|\n|-weather|Snow|[upkeep]\n|upkeep\n|turn|2\n|\n|t:|1700179111\n|move|p2a: Yukio|Blizzard|p1a: Magmado\n|-resisted|p1a: Magmado\n|-damage|p1a: Magmado|93\/100\n|move|p1a: Magmado|Magma Storm|p2a: Yukio|[miss]\n|-miss|p1a: Magmado|p2a: Yukio\n|\n|-weather|Snow|[upkeep]\n|-heal|p1a: Magmado|99\/100|[from] item: Leftovers\n|upkeep\n|turn|3\n|c|\u2606Arlo Ghost|mucha suerte\n|\n|t:|1700179118\n|move|p2a: Yukio|Moonblast|p1a: Magmado\n|-resisted|p1a: Magmado\n|-damage|p1a: Magmado|93\/100\n|move|p1a: Magmado|Magma Storm|p2a: Yukio\n|-supereffective|p2a: Yukio\n|-damage|p2a: Yukio|50\/100\n|-activate|p2a: Yukio|move: Magma Storm|[of] p1a: Magmado\n|\n|-weather|Snow|[upkeep]\n|-heal|p1a: Magmado|99\/100|[from] item: Leftovers\n|-damage|p2a: Yukio|38\/100|[from] move: Magma Storm|[partiallytrapped]\n|upkeep\n|turn|4\n|j| WSoldat\n|\n|t:|1700179126\n|move|p1a: Magmado|Protect|p1a: Magmado\n|-singleturn|p1a: Magmado|Protect\n|move|p2a: Yukio|Pain Split|p1a: Magmado\n|-activate|p1a: Magmado|move: Protect\n|\n|-weather|Snow|[upkeep]\n|-heal|p1a: Magmado|100\/100|[from] item: Leftovers\n|-damage|p2a: Yukio|26\/100|[from] move: Magma Storm|[partiallytrapped]\n|upkeep\n|turn|5\n|\n|t:|1700179130\n|move|p2a: Yukio|Pain Split|p1a: Magmado\n|-sethp|p1a: Magmado|61\/100|[from] move: Pain Split|[silent]\n|-sethp|p2a: Yukio|74\/100|[from] move: Pain Split\n|move|p1a: Magmado|Taunt|p2a: Yukio\n|-start|p2a: Yukio|move: Taunt\n|\n|-weather|none\n|-heal|p1a: Magmado|67\/100|[from] item: Leftovers\n|-damage|p2a: Yukio|62\/100|[from] move: Magma Storm|[partiallytrapped]\n|upkeep\n|turn|6\n|\n|t:|1700179137\n|move|p2a: Yukio|Moonblast|p1a: Magmado\n|-resisted|p1a: Magmado\n|-damage|p1a: Magmado|60\/100\n|move|p1a: Magmado|Magma Storm|p2a: Yukio\n|-supereffective|p2a: Yukio\n|-damage|p2a: Yukio|14\/100\n|\n|-heal|p1a: Magmado|66\/100|[from] item: Leftovers\n|-damage|p2a: Yukio|1\/100|[from] move: Magma Storm|[partiallytrapped]\n|upkeep\n|turn|7\n|\n|t:|1700179145\n|move|p2a: Yukio|Blizzard|p1a: Magmado\n|-resisted|p1a: Magmado\n|-damage|p1a: Magmado|59\/100\n|move|p1a: Magmado|Toxic|p2a: Yukio\n|-status|p2a: Yukio|tox\n|\n|-heal|p1a: Magmado|65\/100|[from] item: Leftovers\n|-damage|p2a: Yukio|0 fnt|[from] psn\n|faint|p2a: Yukio\n|upkeep\n|j| Sylveon(404)\n|\n|t:|1700179152\n|switch|p2a: Barney|Cetitan, M|100\/100\n|turn|8\n|\n|t:|1700179156\n|move|p1a: Magmado|Protect|p1a: Magmado\n|-singleturn|p1a: Magmado|Protect\n|move|p2a: Barney|Earthquake|p1a: Magmado\n|-activate|p1a: Magmado|move: Protect\n|\n|-heal|p1a: Magmado|71\/100|[from] item: Leftovers\n|-sideend|p2: xCookieBallx|move: Aurora Veil\n|upkeep\n|turn|9\n|\n|t:|1700179161\n|switch|p1a: Metalera|Corviknight, F, shiny|100\/100\n|-ability|p1a: Metalera|Pressure\n|move|p2a: Barney|Knock Off|p1a: Metalera\n|-damage|p1a: Metalera|78\/100\n|-damage|p2a: Barney|84\/100|[from] item: Rocky Helmet|[of] p1a: Metalera\n|-enditem|p1a: Metalera|Rocky Helmet|[from] move: Knock Off|[of] p2a: Barney\n|\n|upkeep\n|turn|10\n|\n|t:|1700179169\n|move|p2a: Barney|Ice Spinner|p1a: Metalera\n|-damage|p1a: Metalera|55\/100\n|move|p1a: Metalera|Iron Defense|p1a: Metalera\n|-boost|p1a: Metalera|def|2\n|\n|upkeep\n|turn|11\n|\n|t:|1700179175\n|-terastallize|p2a: Barney|Fire\n|move|p2a: Barney|Tera Blast|p1a: Metalera|[anim] Tera Blast Fire\n|-supereffective|p1a: Metalera\n|-crit|p1a: Metalera\n|-damage|p1a: Metalera|0 fnt\n|faint|p1a: Metalera\n|\n|upkeep\n|\n|t:|1700179181\n|switch|p1a: El Cumbia Ikuze|Greninja, M|100\/100\n|turn|12\n|\n|t:|1700179184\n|switch|p2a: Eva|Frosmoth, F|100\/100\n|move|p1a: El Cumbia Ikuze|Hydro Pump|p2a: Eva\n|-damage|p2a: Eva|68\/100\n|\n|upkeep\n|turn|13\n|\n|t:|1700179191\n|switch|p1a: Mamu Finish-her|Tapu Fini, shiny|100\/100\n|-fieldstart|move: Misty Terrain|[from] ability: Misty Surge|[of] p1a: Mamu Finish-her\n|move|p2a: Eva|Quiver Dance|p2a: Eva\n|-boost|p2a: Eva|spa|1\n|-boost|p2a: Eva|spd|1\n|-boost|p2a: Eva|spe|1\n|\n|upkeep\n|turn|14\n|\n|t:|1700179193\n|move|p2a: Eva|Tera Blast|p1a: Mamu Finish-her\n|-damage|p1a: Mamu Finish-her|77\/100\n|move|p1a: Mamu Finish-her|Haze|p1a: Mamu Finish-her\n|-clearallboost\n|\n|-heal|p1a: Mamu Finish-her|83\/100|[from] item: Leftovers\n|upkeep\n|turn|15\n|j| Gamer00ooO\n|\n|t:|1700179200\n|switch|p2a: Conchita|Cloyster, F|100\/100\n|move|p1a: Mamu Finish-her|Moonblast|p2a: Conchita\n|-damage|p2a: Conchita|13\/100\n|\n|-heal|p1a: Mamu Finish-her|90\/100|[from] item: Leftovers\n|upkeep\n|turn|16\n|\n|t:|1700179205\n|move|p2a: Conchita|Explosion|p1a: Mamu Finish-her\n|-damage|p1a: Mamu Finish-her|32\/100\n|faint|p2a: Conchita\n|move|p1a: Mamu Finish-her|Moonblast|p2: Conchita|[notarget]\n|-fail|p1a: Mamu Finish-her\n|\n|-heal|p1a: Mamu Finish-her|38\/100|[from] item: Leftovers\n|upkeep\n|l| Gamer00ooO\n|\n|t:|1700179210\n|switch|p2a: Ramsey|Sneasler, M|100\/100\n|turn|17\n|\n|t:|1700179213\n|move|p2a: Ramsey|Fake Out|p1a: Mamu Finish-her\n|-enditem|p2a: Ramsey|Normal Gem|[from] gem\n|-damage|p1a: Mamu Finish-her|22\/100\n|cant|p1a: Mamu Finish-her|flinch\n|\n|-heal|p1a: Mamu Finish-her|29\/100|[from] item: Leftovers\n|-fieldend|Misty Terrain\n|upkeep\n|turn|18\n|\n|t:|1700179218\n|move|p2a: Ramsey|Dire Claw|p1a: Mamu Finish-her\n|-supereffective|p1a: Mamu Finish-her\n|-damage|p1a: Mamu Finish-her|0 fnt\n|faint|p1a: Mamu Finish-her\n|\n|upkeep\n|\n|t:|1700179220\n|switch|p1a: Erica Jueves|Mawile, F|100\/100\n|-ability|p1a: Erica Jueves|Intimidate|boost\n|-unboost|p2a: Ramsey|atk|1\n|turn|19\n|\n|t:|1700179226\n|switch|p2a: Barney|Cetitan, M, tera:Fire|84\/100\n|detailschange|p1a: Erica Jueves|Mawile-Mega, F\n|-mega|p1a: Erica Jueves|Mawile|Mawilite\n|move|p1a: Erica Jueves|Play Rough|p2a: Barney\n|-resisted|p2a: Barney\n|-damage|p2a: Barney|42\/100\n|\n|upkeep\n|turn|20\n|\n|t:|1700179240\n|move|p1a: Erica Jueves|Sucker Punch|p2a: Barney\n|-damage|p2a: Barney|4\/100\n|move|p2a: Barney|Earthquake|p1a: Erica Jueves\n|-supereffective|p1a: Erica Jueves\n|-damage|p1a: Erica Jueves|22\/100\n|\n|upkeep\n|turn|21\n|j| Gamer00ooO\n|c| Sylveon(404)|VAMOS ERICA\n|\n|t:|1700179249\n|move|p2a: Barney|Tera Blast|p1a: Erica Jueves|[anim] Tera Blast Fire\n|-supereffective|p1a: Erica Jueves\n|-damage|p1a: Erica Jueves|0 fnt\n|faint|p1a: Erica Jueves\n|\n|upkeep\n|c| Sylveon(404)|SOS LA MEJOR MEGA\n|c| Gamer00ooO|Hola\n|\n|t:|1700179259\n|switch|p1a: Kokum-o|Kommo-o, M|100\/100\n|turn|22\n|\n|t:|1700179262\n|-zpower|p1a: Kokum-o\n|move|p1a: Kokum-o|Clangorous Soulblaze|p2a: Barney|[zeffect]\n|-damage|p2a: Barney|0 fnt\n|faint|p2a: Barney\n|-boost|p1a: Kokum-o|atk|1\n|-boost|p1a: Kokum-o|def|1\n|-boost|p1a: Kokum-o|spa|1\n|-boost|p1a: Kokum-o|spd|1\n|-boost|p1a: Kokum-o|spe|1\n|\n|upkeep\n|\n|t:|1700179265\n|switch|p2a: Eva|Frosmoth, F|68\/100\n|turn|23\n|\n|t:|1700179271\n|move|p1a: Kokum-o|Clanging Scales|p2a: Eva\n|-damage|p2a: Eva|37\/100\n|-unboost|p1a: Kokum-o|def|1\n|move|p2a: Eva|Quiver Dance|p2a: Eva\n|-boost|p2a: Eva|spa|1\n|-boost|p2a: Eva|spd|1\n|-boost|p2a: Eva|spe|1\n|\n|upkeep\n|turn|24\n|\n|t:|1700179274\n|move|p1a: Kokum-o|Drain Punch|p2a: Eva\n|-damage|p2a: Eva|0 fnt\n|faint|p2a: Eva\n|\n|upkeep\n|j| PeppsiAsiEs\n|\n|t:|1700179279\n|switch|p2a: King|Eiscue, M, shiny|100\/100\n|turn|25\n|c|\u2606Arlo Ghost|tremendo timing\n|c|\u2606Arlo Ghost|empez\u00f3 el coro del p\u00fablico despu\u00e9s del Z\n|c| PeppsiAsiEs|que\n|c| Sylveon(404)|:v\n|\n|t:|1700179300\n|move|p1a: Kokum-o|Drain Punch|p2a: King\n|-activate|p2a: King|ability: Ice Face\n|-damage|p2a: King|100\/100\n|detailschange|p2a: King|Eiscue-Noice, M, shiny\n|move|p2a: King|Ice Spinner|p1a: Kokum-o\n|-supereffective|p1a: Kokum-o\n|-damage|p1a: Kokum-o|39\/100\n|\n|upkeep\n|turn|26\n|c| PeppsiAsiEs|empez\u00f3 fuerte la cosa\n|\n|t:|1700179315\n|move|p1a: Kokum-o|Drain Punch|p2a: King\n|-supereffective|p2a: King\n|-damage|p2a: King|0 fnt\n|-heal|p1a: Kokum-o|89\/100|[from] drain|[of] p2a: King\n|faint|p2a: King\n|\n|upkeep\n|\n|t:|1700179319\n|switch|p2a: Ramsey|Sneasler, M|100\/100\n|turn|27\n|\n|t:|1700179323\n|move|p1a: Kokum-o|Earthquake|p2a: Ramsey\n|-supereffective|p2a: Ramsey\n|-damage|p2a: Ramsey|0 fnt\n|faint|p2a: Ramsey\n|\n|win|Arlo Ghost\n|c|\u2606Arlo Ghost|gg\n|c|\u2606xCookieBallx|gg\n|l| Void280\n|c| Gamer00ooO|Gg\n","uploadtime":1700179331,"views":5,"p1id":"arloghost","p2id":"xcookieballx","formatid":"gen9nationaldex","rating":0,"private":0,"password":""}