{"id":"gen9nationaldex-1992043133","p1":"AesirEcho","p2":"Bulka4000","format":"[Gen 9] National Dex","log":"|j|\u2606AesirEcho\n|j|\u2606Bulka4000\n|t:|1700150289\n|gametype|singles\n|player|p1|AesirEcho|ethan-masters|\n|player|p2|Bulka4000|266|\n|teamsize|p1|6\n|teamsize|p2|6\n|gen|9\n|tier|[Gen 9] National Dex\n|rule|HP Percentage Mod: HP is shown in percentages\n|rule|Endless Battle Clause: Forcing endless battles is banned\n|rule|OHKO Clause: OHKO moves are banned\n|rule|Evasion Clause: Evasion abilities, items, and moves are banned\n|rule|Evasion Abilities Clause: Evasion abilities are banned\n|rule|Evasion Items Clause: Evasion items are banned\n|rule|Evasion Moves Clause: Evasion moves are banned\n|rule|Species Clause: Limit one of each Pok\u00e9mon\n|rule|Sleep Clause Mod: Limit one foe put to sleep\n|clearpoke\n|poke|p1|Keldeo-Resolute|\n|poke|p1|Latios, M|\n|poke|p1|Ogerpon-Wellspring, F|\n|poke|p1|Ting-Lu|\n|poke|p1|Moltres|\n|poke|p1|Gliscor, F|\n|poke|p2|Gengar, M|\n|poke|p2|Zamazenta-*|\n|poke|p2|Garchomp, M|\n|poke|p2|Ting-Lu|\n|poke|p2|Skeledirge, M|\n|poke|p2|Rotom-Wash|\n|teampreview\n|\n|t:|1700150330\n|start\n|switch|p1a: Ting-Lu|Ting-Lu|100\/100\n|switch|p2a: Zamazenta|Zamazenta|100\/100\n|-ability|p2a: Zamazenta|Dauntless Shield|boost\n|-boost|p2a: Zamazenta|def|1\n|-ability|p1a: Ting-Lu|Vessel of Ruin\n|turn|1\n|\n|t:|1700150345\n|switch|p1a: Moltres|Moltres|100\/100\n|move|p2a: Zamazenta|Wild Charge|p1a: Moltres\n|-supereffective|p1a: Moltres\n|-crit|p1a: Moltres\n|-damage|p1a: Moltres|0 fnt\n|faint|p1a: Moltres\n|-damage|p2a: Zamazenta|71\/100|[from] Recoil\n|\n|upkeep\n|\n|t:|1700150351\n|switch|p1a: Ting-Lu|Ting-Lu|100\/100\n|-ability|p1a: Ting-Lu|Vessel of Ruin\n|turn|2\n|\n|t:|1700150364\n|switch|p2a: Rotom|Rotom-Wash|100\/100\n|move|p1a: Ting-Lu|Stealth Rock|p2a: Rotom\n|-sidestart|p2: Bulka4000|move: Stealth Rock\n|\n|upkeep\n|turn|3\n|\n|t:|1700150373\n|switch|p1a: Ogerpon|Ogerpon-Wellspring, F|100\/100\n|move|p2a: Rotom|Hydro Pump|p1a: Ogerpon\n|-immune|p1a: Ogerpon|[from] ability: Water Absorb\n|\n|upkeep\n|turn|4\n|\n|t:|1700150390\n|switch|p1a: Ting-Lu|Ting-Lu|100\/100\n|-ability|p1a: Ting-Lu|Vessel of Ruin\n|move|p2a: Rotom|Will-O-Wisp|p1a: Ting-Lu\n|-status|p1a: Ting-Lu|brn\n|\n|-damage|p1a: Ting-Lu|94\/100 brn|[from] brn\n|upkeep\n|turn|5\n|\n|t:|1700150408\n|move|p2a: Rotom|Volt Switch|p1a: Ting-Lu\n|-immune|p1a: Ting-Lu\n|move|p1a: Ting-Lu|Whirlwind|p2a: Rotom\n|drag|p2a: Garchomp|Garchomp, M|100\/100\n|-damage|p2a: Garchomp|94\/100|[from] Stealth Rock\n|\n|-heal|p1a: Ting-Lu|100\/100 brn|[from] item: Leftovers\n|-damage|p1a: Ting-Lu|94\/100 brn|[from] brn\n|upkeep\n|turn|6\n|\n|t:|1700150420\n|move|p2a: Garchomp|Swords Dance|p2a: Garchomp\n|-boost|p2a: Garchomp|atk|2\n|move|p1a: Ting-Lu|Whirlwind|p2a: Garchomp\n|drag|p2a: Ting-Lu|Ting-Lu|100\/100\n|-damage|p2a: Ting-Lu|94\/100|[from] Stealth Rock\n|-ability|p2a: Ting-Lu|Vessel of Ruin\n|\n|-heal|p1a: Ting-Lu|100\/100 brn|[from] item: Leftovers\n|-heal|p2a: Ting-Lu|100\/100|[from] item: Leftovers\n|-damage|p1a: Ting-Lu|94\/100 brn|[from] brn\n|upkeep\n|turn|7\n|\n|t:|1700150441\n|move|p2a: Ting-Lu|Ruination|p1a: Ting-Lu\n|-damage|p1a: Ting-Lu|47\/100 brn\n|move|p1a: Ting-Lu|Whirlwind|p2a: Ting-Lu\n|drag|p2a: Gengar|Gengar, M|100\/100\n|-damage|p2a: Gengar|88\/100|[from] Stealth Rock\n|\n|-heal|p1a: Ting-Lu|54\/100 brn|[from] item: Leftovers\n|-damage|p1a: Ting-Lu|47\/100 brn|[from] brn\n|upkeep\n|turn|8\n|\n|t:|1700150460\n|switch|p2a: Ting-Lu|Ting-Lu|100\/100\n|-damage|p2a: Ting-Lu|94\/100|[from] Stealth Rock\n|-ability|p2a: Ting-Lu|Vessel of Ruin\n|move|p1a: Ting-Lu|Earthquake|p2a: Ting-Lu\n|-damage|p2a: Ting-Lu|84\/100\n|\n|-heal|p2a: Ting-Lu|90\/100|[from] item: Leftovers\n|-heal|p1a: Ting-Lu|54\/100 brn|[from] item: Leftovers\n|-damage|p1a: Ting-Lu|47\/100 brn|[from] brn\n|upkeep\n|turn|9\n|\n|t:|1700150471\n|move|p2a: Ting-Lu|Ruination|p1a: Ting-Lu\n|-damage|p1a: Ting-Lu|24\/100 brn\n|move|p1a: Ting-Lu|Whirlwind|p2a: Ting-Lu\n|drag|p2a: Garchomp|Garchomp, M|94\/100\n|-damage|p2a: Garchomp|88\/100|[from] Stealth Rock\n|\n|-heal|p1a: Ting-Lu|30\/100 brn|[from] item: Leftovers\n|-damage|p1a: Ting-Lu|24\/100 brn|[from] brn\n|upkeep\n|turn|10\n|\n|t:|1700150487\n|move|p2a: Garchomp|Dragon Claw|p1a: Ting-Lu\n|-damage|p1a: Ting-Lu|3\/100 brn\n|move|p1a: Ting-Lu|Whirlwind|p2a: Garchomp\n|drag|p2a: Ting-Lu|Ting-Lu|90\/100\n|-damage|p2a: Ting-Lu|84\/100|[from] Stealth Rock\n|-ability|p2a: Ting-Lu|Vessel of Ruin\n|\n|-heal|p2a: Ting-Lu|90\/100|[from] item: Leftovers\n|-heal|p1a: Ting-Lu|9\/100 brn|[from] item: Leftovers\n|-damage|p1a: Ting-Lu|3\/100 brn|[from] brn\n|upkeep\n|turn|11\n|\n|t:|1700150501\n|switch|p1a: Ogerpon|Ogerpon-Wellspring, F|100\/100\n|move|p2a: Ting-Lu|Ruination|p1a: Ogerpon\n|-damage|p1a: Ogerpon|51\/100\n|\n|-heal|p2a: Ting-Lu|96\/100|[from] item: Leftovers\n|upkeep\n|turn|12\n|\n|t:|1700150510\n|move|p1a: Ogerpon|Swords Dance|p1a: Ogerpon\n|-boost|p1a: Ogerpon|atk|2\n|move|p2a: Ting-Lu|Ruination|p1a: Ogerpon\n|-damage|p1a: Ogerpon|26\/100\n|\n|-heal|p2a: Ting-Lu|100\/100|[from] item: Leftovers\n|upkeep\n|turn|13\n|\n|t:|1700150544\n|switch|p2a: Skeledirge|Skeledirge, M|100\/100\n|move|p1a: Ogerpon|Trailblaze|p2a: Skeledirge\n|-resisted|p2a: Skeledirge\n|-damage|p2a: Skeledirge|91\/100\n|-boost|p1a: Ogerpon|spe|1\n|\n|upkeep\n|turn|14\n|\n|t:|1700150555\n|switch|p2a: Rotom|Rotom-Wash|100\/100\n|-damage|p2a: Rotom|88\/100|[from] Stealth Rock\n|move|p1a: Ogerpon|Ivy Cudgel|p2a: Rotom|[anim] Ivy Cudgel Water\n|-resisted|p2a: Rotom\n|-damage|p2a: Rotom|46\/100\n|\n|-heal|p2a: Rotom|52\/100|[from] item: Leftovers\n|upkeep\n|turn|15\n|\n|t:|1700150563\n|move|p1a: Ogerpon|Knock Off|p2a: Rotom\n|-damage|p2a: Rotom|0 fnt\n|-enditem|p2a: Rotom|Leftovers|[from] move: Knock Off|[of] p1a: Ogerpon\n|faint|p2a: Rotom\n|\n|upkeep\n|\n|t:|1700150576\n|switch|p2a: Skeledirge|Skeledirge, M|91\/100\n|turn|16\n|\n|t:|1700150591\n|switch|p2a: Zamazenta|Zamazenta|71\/100\n|-damage|p2a: Zamazenta|65\/100|[from] Stealth Rock\n|move|p1a: Ogerpon|Knock Off|p2a: Zamazenta\n|-resisted|p2a: Zamazenta\n|-damage|p2a: Zamazenta|27\/100\n|-enditem|p2a: Zamazenta|Choice Band|[from] move: Knock Off|[of] p1a: Ogerpon\n|\n|upkeep\n|turn|17\n|c|\u2606AesirEcho|t\u00e1 dificil?\n|c|\u2606Bulka4000|gg\n|c|\u2606AesirEcho|gg aonde\n|\n|t:|1700150614\n|move|p1a: Ogerpon|Ivy Cudgel|p2a: Zamazenta|[anim] Ivy Cudgel Water\n|-damage|p2a: Zamazenta|0 fnt\n|faint|p2a: Zamazenta\n|\n|upkeep\n|\n|t:|1700150620\n|switch|p2a: Gengar|Gengar, M|88\/100\n|-damage|p2a: Gengar|76\/100|[from] Stealth Rock\n|turn|18\n|\n|t:|1700150625\n|move|p2a: Gengar|Shadow Ball|p1a: Ogerpon\n|-damage|p1a: Ogerpon|0 fnt\n|faint|p1a: Ogerpon\n|\n|upkeep\n|\n|t:|1700150634\n|switch|p1a: Ting-Lu|Ting-Lu|3\/100 brn\n|-ability|p1a: Ting-Lu|Vessel of Ruin\n|turn|19\n|c|\u2606AesirEcho|rip\n|\n|t:|1700150648\n|switch|p2a: Garchomp|Garchomp, M|88\/100\n|-damage|p2a: Garchomp|82\/100|[from] Stealth Rock\n|move|p1a: Ting-Lu|Earthquake|p2a: Garchomp\n|-damage|p2a: Garchomp|62\/100\n|\n|-heal|p1a: Ting-Lu|9\/100 brn|[from] item: Leftovers\n|-damage|p1a: Ting-Lu|3\/100 brn|[from] brn\n|upkeep\n|turn|20\n|c|\u2606AesirEcho|?\n|\n|t:|1700150660\n|move|p2a: Garchomp|Dragon Claw|p1a: Ting-Lu\n|-damage|p1a: Ting-Lu|0 fnt\n|faint|p1a: Ting-Lu\n|\n|upkeep\n|\n|t:|1700150662\n|switch|p1a: Gliscor|Gliscor, F|100\/100\n|turn|21\n|\n|t:|1700150668\n|move|p2a: Garchomp|Swords Dance|p2a: Garchomp\n|-boost|p2a: Garchomp|atk|2\n|move|p1a: Gliscor|Toxic|p2a: Garchomp\n|-status|p2a: Garchomp|tox\n|\n|-damage|p2a: Garchomp|56\/100 tox|[from] psn\n|-status|p1a: Gliscor|tox|[from] item: Toxic Orb\n|upkeep\n|turn|22\n|\n|t:|1700150676\n|-terastallize|p1a: Gliscor|Fairy\n|move|p2a: Garchomp|Dragon Claw|p1a: Gliscor\n|-immune|p1a: Gliscor\n|move|p1a: Gliscor|Earthquake|p2a: Garchomp\n|-damage|p2a: Garchomp|20\/100 tox\n|\n|-damage|p2a: Garchomp|8\/100 tox|[from] psn\n|upkeep\n|turn|23\n|\n|t:|1700150718\n|switch|p2a: Gengar|Gengar, M|76\/100\n|-damage|p2a: Gengar|64\/100|[from] Stealth Rock\n|switch|p1a: Latios|Latios, M|100\/100\n|\n|upkeep\n|turn|24\n|\n|t:|1700150725\n|switch|p1a: Gliscor|Gliscor, F, tera:Fairy|100\/100 tox\n|move|p2a: Gengar|Shadow Ball|p1a: Gliscor\n|-damage|p1a: Gliscor|65\/100 tox\n|\n|-heal|p1a: Gliscor|78\/100 tox|[from] ability: Poison Heal\n|upkeep\n|turn|25\n|\n|t:|1700150734\n|switch|p2a: Garchomp|Garchomp, M|8\/100 tox\n|-damage|p2a: Garchomp|2\/100 tox|[from] Stealth Rock\n|move|p1a: Gliscor|Earthquake|p2a: Garchomp\n|-damage|p2a: Garchomp|0 fnt\n|faint|p2a: Garchomp\n|\n|-heal|p1a: Gliscor|90\/100 tox|[from] ability: Poison Heal\n|upkeep\n|\n|t:|1700150743\n|switch|p2a: Gengar|Gengar, M|64\/100\n|-damage|p2a: Gengar|51\/100|[from] Stealth Rock\n|turn|26\n|\n|t:|1700150750\n|move|p2a: Gengar|Sludge Bomb|p1a: Gliscor\n|-supereffective|p1a: Gliscor\n|-damage|p1a: Gliscor|15\/100 tox\n|move|p1a: Gliscor|Earthquake|p2a: Gengar\n|-supereffective|p2a: Gengar\n|-damage|p2a: Gengar|0 fnt\n|-start|p1a: Gliscor|Disable|Earthquake|[from] ability: Cursed Body|[of] p2a: Gengar\n|faint|p2a: Gengar\n|\n|-heal|p1a: Gliscor|28\/100 tox|[from] ability: Poison Heal\n|upkeep\n|\n|t:|1700150814\n|switch|p2a: Skeledirge|Skeledirge, M|91\/100\n|turn|27\n|\n|t:|1700150820\n|move|p1a: Gliscor|Toxic|p2a: Skeledirge|[miss]\n|-miss|p1a: Gliscor|p2a: Skeledirge\n|move|p2a: Skeledirge|Hex|p1a: Gliscor\n|-damage|p1a: Gliscor|0 fnt\n|faint|p1a: Gliscor\n|\n|upkeep\n|\n|t:|1700150826\n|switch|p1a: Keldeo|Keldeo-Resolute|100\/100\n|turn|28\n|\n|t:|1700150834\n|switch|p2a: Ting-Lu|Ting-Lu|100\/100\n|-damage|p2a: Ting-Lu|94\/100|[from] Stealth Rock\n|-ability|p2a: Ting-Lu|Vessel of Ruin\n|move|p1a: Keldeo|Substitute|p1a: Keldeo\n|-start|p1a: Keldeo|Substitute\n|-damage|p1a: Keldeo|76\/100\n|\n|-heal|p1a: Keldeo|82\/100|[from] item: Leftovers\n|-heal|p2a: Ting-Lu|100\/100|[from] item: Leftovers\n|upkeep\n|turn|29\n|\n|t:|1700150867\n|move|p1a: Keldeo|Secret Sword|p2a: Ting-Lu\n|-supereffective|p2a: Ting-Lu\n|-damage|p2a: Ting-Lu|63\/100\n|move|p2a: Ting-Lu|Ruination|p1a: Keldeo\n|-end|p1a: Keldeo|Substitute\n|\n|-heal|p1a: Keldeo|88\/100|[from] item: Leftovers\n|-heal|p2a: Ting-Lu|69\/100|[from] item: Leftovers\n|upkeep\n|turn|30\n|\n|t:|1700150879\n|switch|p1a: Latios|Latios, M|100\/100\n|move|p2a: Ting-Lu|Whirlwind|p1a: Latios\n|drag|p1a: Keldeo|Keldeo-Resolute|88\/100\n|\n|-heal|p1a: Keldeo|94\/100|[from] item: Leftovers\n|-heal|p2a: Ting-Lu|75\/100|[from] item: Leftovers\n|upkeep\n|turn|31\n|\n|t:|1700150890\n|move|p1a: Keldeo|Scald|p2a: Ting-Lu\n|-supereffective|p2a: Ting-Lu\n|-damage|p2a: Ting-Lu|41\/100\n|move|p2a: Ting-Lu|Ruination|p1a: Keldeo\n|-damage|p1a: Keldeo|48\/100\n|-ability|p1a: Keldeo|Justified|boost\n|-boost|p1a: Keldeo|atk|1\n|\n|-heal|p1a: Keldeo|54\/100|[from] item: Leftovers\n|-heal|p2a: Ting-Lu|48\/100|[from] item: Leftovers\n|upkeep\n|turn|32\n|\n|t:|1700150901\n|move|p1a: Keldeo|Scald|p2a: Ting-Lu\n|-supereffective|p2a: Ting-Lu\n|-damage|p2a: Ting-Lu|10\/100\n|move|p2a: Ting-Lu|Earthquake|p1a: Keldeo\n|-damage|p1a: Keldeo|11\/100\n|\n|-heal|p1a: Keldeo|17\/100|[from] item: Leftovers\n|-heal|p2a: Ting-Lu|16\/100|[from] item: Leftovers\n|upkeep\n|turn|33\n|\n|t:|1700150913\n|move|p1a: Keldeo|Scald|p2a: Ting-Lu\n|-supereffective|p2a: Ting-Lu\n|-damage|p2a: Ting-Lu|0 fnt\n|faint|p2a: Ting-Lu\n|\n|-heal|p1a: Keldeo|23\/100|[from] item: Leftovers\n|upkeep\n|\n|t:|1700150932\n|switch|p2a: Skeledirge|Skeledirge, M|91\/100\n|turn|34\n|\n|t:|1700150937\n|move|p1a: Keldeo|Scald|p2a: Skeledirge\n|-supereffective|p2a: Skeledirge\n|-damage|p2a: Skeledirge|8\/100\n|move|p2a: Skeledirge|Torch Song|p1a: Keldeo\n|-resisted|p1a: Keldeo\n|-damage|p1a: Keldeo|5\/100\n|-boost|p2a: Skeledirge|spa|1\n|\n|-heal|p1a: Keldeo|11\/100|[from] item: Leftovers\n|upkeep\n|turn|35\n|c|\u2606AesirEcho|gg\n|\n|t:|1700150946\n|move|p1a: Keldeo|Scald|p2a: Skeledirge\n|-supereffective|p2a: Skeledirge\n|-damage|p2a: Skeledirge|0 fnt\n|faint|p2a: Skeledirge\n|\n|win|AesirEcho\n","uploadtime":1700150951,"views":4,"p1id":"aesirecho","p2id":"bulka4000","formatid":"gen9nationaldex","rating":0,"private":0,"password":""}