{"id":"gen9nationaldex-1990005537","p1":"eambplsl","p2":"wedo11","format":"[Gen 9] National Dex","log":"|j|\u2606eambplsl\n|j|\u2606wedo11\n|t:|1699914607\n|gametype|singles\n|player|p1|eambplsl|170|\n|player|p2|wedo11|mars|\n|teamsize|p1|6\n|teamsize|p2|6\n|gen|9\n|tier|[Gen 9] National Dex\n|rule|HP Percentage Mod: HP is shown in percentages\n|rule|Endless Battle Clause: Forcing endless battles is banned\n|rule|OHKO Clause: OHKO moves are banned\n|rule|Evasion Clause: Evasion abilities, items, and moves are banned\n|rule|Evasion Abilities Clause: Evasion abilities are banned\n|rule|Evasion Items Clause: Evasion items are banned\n|rule|Evasion Moves Clause: Evasion moves are banned\n|rule|Species Clause: Limit one of each Pok\u00e9mon\n|rule|Sleep Clause Mod: Limit one foe put to sleep\n|clearpoke\n|poke|p1|Hippopotas, L14, M|\n|poke|p1|Solosis, L14, F|\n|poke|p1|Abra, L14, F|\n|poke|p1|Omanyte, L14, M|\n|poke|p1|Drilbur, L14, F|\n|poke|p1|Golett, L14|\n|poke|p2|Qwilfish, L14, M|\n|poke|p2|Beedrill, L14, F|\n|poke|p2|Varoom, L14, M|\n|poke|p2|Salandit, L14, M|\n|poke|p2|Seviper, L14, F|\n|poke|p2|Roserade, L16, F|\n|teampreview\n|inactive|Battle timer is ON: inactive players will automatically lose when time's up. (requested by eambplsl)\n|inactive|wedo11 also wants the timer to be on.\n|c|\u2606eambplsl|glhf\n|c|\u2606eambplsl|scary team ngl\n|\n|t:|1699914625\n|start\n|switch|p1a: Hippopotas|Hippopotas, L14, M|100\/100\n|switch|p2a: Salandit|Salandit, L14, M|100\/100\n|-weather|Sandstorm|[from] ability: Sand Stream|[of] p1a: Hippopotas\n|turn|1\n|\n|t:|1699914631\n|move|p2a: Salandit|Toxic|p1a: Hippopotas\n|-status|p1a: Hippopotas|tox\n|move|p1a: Hippopotas|Stealth Rock|p2a: Salandit\n|-sidestart|p2: wedo11|move: Stealth Rock\n|\n|-weather|Sandstorm|[upkeep]\n|-damage|p2a: Salandit|96\/100|[from] Sandstorm\n|-damage|p1a: Hippopotas|95\/100 tox|[from] psn\n|upkeep\n|turn|2\n|\n|t:|1699914652\n|switch|p2a: Roserade|Roserade, L16, F|100\/100\n|-damage|p2a: Roserade|88\/100|[from] Stealth Rock\n|switch|p1a: Solosis|Solosis, L14, F|100\/100\n|\n|-weather|Sandstorm|[upkeep]\n|-damage|p2a: Roserade|82\/100|[from] Sandstorm\n|upkeep\n|turn|3\n|\n|t:|1699914661\n|move|p2a: Roserade|Sleep Powder|p1a: Solosis|[miss]\n|-miss|p2a: Roserade|p1a: Solosis\n|move|p1a: Solosis|Calm Mind|p1a: Solosis\n|-boost|p1a: Solosis|spa|1\n|-boost|p1a: Solosis|spd|1\n|\n|-weather|Sandstorm|[upkeep]\n|-damage|p2a: Roserade|76\/100|[from] Sandstorm\n|upkeep\n|turn|4\n|\n|t:|1699914669\n|move|p2a: Roserade|Sleep Powder|p1a: Solosis\n|-status|p1a: Solosis|slp|[from] move: Sleep Powder\n|cant|p1a: Solosis|slp\n|\n|-weather|Sandstorm|[upkeep]\n|-damage|p2a: Roserade|70\/100|[from] Sandstorm\n|upkeep\n|turn|5\n|\n|t:|1699914675\n|move|p2a: Roserade|Leech Seed|p1a: Solosis\n|-start|p1a: Solosis|move: Leech Seed\n|cant|p1a: Solosis|slp\n|\n|-weather|Sandstorm|[upkeep]\n|-damage|p2a: Roserade|64\/100|[from] Sandstorm\n|upkeep\n|turn|6\n|\n|t:|1699914682\n|move|p2a: Roserade|Giga Drain|p1a: Solosis\n|-damage|p1a: Solosis|45\/100 slp\n|-heal|p2a: Roserade|92\/100|[from] drain|[of] p1a: Solosis\n|-damage|p2a: Roserade|82\/100|[from] item: Life Orb\n|-curestatus|p1a: Solosis|slp|[msg]\n|move|p1a: Solosis|Calm Mind|p1a: Solosis\n|-boost|p1a: Solosis|spa|1\n|-boost|p1a: Solosis|spd|1\n|\n|-weather|Sandstorm|[upkeep]\n|-damage|p2a: Roserade|76\/100|[from] Sandstorm\n|-heal|p1a: Solosis|52\/100|[from] item: Leftovers\n|upkeep\n|turn|7\n|\n|t:|1699914693\n|move|p2a: Roserade|Giga Drain|p1a: Solosis\n|-damage|p1a: Solosis|9\/100\n|-heal|p2a: Roserade|98\/100|[from] drain|[of] p1a: Solosis\n|-damage|p2a: Roserade|88\/100|[from] item: Life Orb\n|move|p1a: Solosis|Recover|p1a: Solosis\n|-heal|p1a: Solosis|60\/100\n|\n|-weather|Sandstorm|[upkeep]\n|-damage|p2a: Roserade|82\/100|[from] Sandstorm\n|-heal|p1a: Solosis|66\/100|[from] item: Leftovers\n|upkeep\n|turn|8\n|\n|t:|1699914704\n|move|p2a: Roserade|Sleep Powder|p1a: Solosis\n|-status|p1a: Solosis|slp|[from] move: Sleep Powder\n|cant|p1a: Solosis|slp\n|\n|-weather|none\n|-heal|p1a: Solosis|72\/100 slp|[from] item: Leftovers\n|upkeep\n|turn|9\n|\n|t:|1699914710\n|move|p2a: Roserade|Giga Drain|p1a: Solosis\n|-damage|p1a: Solosis|33\/100 slp\n|-heal|p2a: Roserade|100\/100|[from] drain|[of] p1a: Solosis\n|-damage|p2a: Roserade|90\/100|[from] item: Life Orb\n|cant|p1a: Solosis|slp\n|\n|-heal|p1a: Solosis|39\/100 slp|[from] item: Leftovers\n|upkeep\n|turn|10\n|\n|t:|1699914718\n|move|p2a: Roserade|Giga Drain|p1a: Solosis\n|-damage|p1a: Solosis|0 fnt\n|-heal|p2a: Roserade|100\/100|[from] drain|[of] p1a: Solosis\n|faint|p1a: Solosis\n|-damage|p2a: Roserade|90\/100|[from] item: Life Orb\n|\n|upkeep\n|\n|t:|1699914724\n|switch|p1a: Hippopotas|Hippopotas, L14, M|95\/100 tox\n|-weather|Sandstorm|[from] ability: Sand Stream|[of] p1a: Hippopotas\n|turn|11\n|\n|t:|1699914730\n|move|p2a: Roserade|Giga Drain|p1a: Hippopotas\n|-supereffective|p1a: Hippopotas\n|-damage|p1a: Hippopotas|0 fnt\n|-heal|p2a: Roserade|100\/100|[from] drain|[of] p1a: Hippopotas\n|faint|p1a: Hippopotas\n|-damage|p2a: Roserade|90\/100|[from] item: Life Orb\n|\n|-weather|Sandstorm|[upkeep]\n|-damage|p2a: Roserade|84\/100|[from] Sandstorm\n|upkeep\n|\n|t:|1699914738\n|switch|p1a: Drilbur|Drilbur, L14, F|100\/100\n|turn|12\n|\n|t:|1699914741\n|move|p1a: Drilbur|Earthquake|p2a: Roserade\n|-crit|p2a: Roserade\n|-damage|p2a: Roserade|0 fnt\n|faint|p2a: Roserade\n|-damage|p1a: Drilbur|92\/100|[from] item: Life Orb\n|\n|-weather|Sandstorm|[upkeep]\n|upkeep\n|\n|t:|1699914754\n|switch|p2a: Seviper|Seviper, L14, F|100\/100\n|-damage|p2a: Seviper|88\/100|[from] Stealth Rock\n|turn|13\n|\n|t:|1699914762\n|-terastallize|p2a: Seviper|Ground\n|move|p1a: Drilbur|Earthquake|p2a: Seviper\n|-damage|p2a: Seviper|0 fnt\n|faint|p2a: Seviper\n|-damage|p1a: Drilbur|83\/100|[from] item: Life Orb\n|\n|-weather|Sandstorm|[upkeep]\n|upkeep\n|\n|t:|1699914776\n|switch|p2a: Qwilfish|Qwilfish, L14, M|100\/100\n|-damage|p2a: Qwilfish|90\/100|[from] Stealth Rock\n|-ability|p2a: Qwilfish|Intimidate|boost\n|-unboost|p1a: Drilbur|atk|1\n|turn|14\n|c|\u2606eambplsl|holy sh*t that strong\n|\n|t:|1699914785\n|move|p1a: Drilbur|Earthquake|p2a: Qwilfish\n|-supereffective|p2a: Qwilfish\n|-damage|p2a: Qwilfish|0 fnt\n|faint|p2a: Qwilfish\n|-damage|p1a: Drilbur|74\/100|[from] item: Life Orb\n|\n|-weather|Sandstorm|[upkeep]\n|upkeep\n|\n|t:|1699914789\n|switch|p2a: Beedrill|Beedrill, L14, F|100\/100\n|-damage|p2a: Beedrill|77\/100|[from] Stealth Rock\n|turn|15\n|\n|t:|1699914794\n|move|p1a: Drilbur|Rock Slide|p2a: Beedrill\n|-supereffective|p2a: Beedrill\n|-damage|p2a: Beedrill|0 fnt\n|faint|p2a: Beedrill\n|-damage|p1a: Drilbur|65\/100|[from] item: Life Orb\n|\n|-weather|Sandstorm|[upkeep]\n|upkeep\n|\n|t:|1699914799\n|switch|p2a: Varoom|Varoom, L14, M|100\/100\n|-damage|p2a: Varoom|94\/100|[from] Stealth Rock\n|turn|16\n|\n|t:|1699914803\n|move|p1a: Drilbur|Earthquake|p2a: Varoom\n|-supereffective|p2a: Varoom\n|-damage|p2a: Varoom|0 fnt\n|faint|p2a: Varoom\n|-damage|p1a: Drilbur|56\/100|[from] item: Life Orb\n|\n|-weather|Sandstorm|[upkeep]\n|upkeep\n|\n|t:|1699914806\n|switch|p2a: Salandit|Salandit, L14, M|96\/100\n|-damage|p2a: Salandit|71\/100|[from] Stealth Rock\n|turn|17\n|c|\u2606eambplsl|ggs\n|c|\u2606eambplsl|drilbur is stronger than i thinked\n|\n|t:|1699914823\n|move|p1a: Drilbur|Earthquake|p2a: Salandit\n|-supereffective|p2a: Salandit\n|-crit|p2a: Salandit\n|-damage|p2a: Salandit|0 fnt\n|faint|p2a: Salandit\n|-damage|p1a: Drilbur|47\/100|[from] item: Life Orb\n|\n|win|eambplsl\n","uploadtime":1699914832,"views":10,"p1id":"eambplsl","p2id":"wedo11","formatid":"gen9nationaldex","rating":0,"private":0,"password":""}