{"id":"gen9nationaldex-1993130603","p1":"Black Girl Kyle","p2":"PearlHarbor1996","format":"[Gen 9] National Dex","log":"|j|\u2606Black Girl Kyle\n|j|\u2606PearlHarbor1996\n|t:|1700268373\n|gametype|singles\n|player|p1|Black Girl Kyle|shauntal|1280\n|player|p2|PearlHarbor1996|rocketgrunt|1316\n|teamsize|p1|6\n|teamsize|p2|6\n|gen|9\n|tier|[Gen 9] National Dex\n|rated|\n|rule|HP Percentage Mod: HP is shown in percentages\n|rule|Endless Battle Clause: Forcing endless battles is banned\n|rule|OHKO Clause: OHKO moves are banned\n|rule|Evasion Clause: Evasion abilities, items, and moves are banned\n|rule|Evasion Abilities Clause: Evasion abilities are banned\n|rule|Evasion Items Clause: Evasion items are banned\n|rule|Evasion Moves Clause: Evasion moves are banned\n|rule|Species Clause: Limit one of each Pok\u00e9mon\n|rule|Sleep Clause Mod: Limit one foe put to sleep\n|clearpoke\n|poke|p1|Absol, F|\n|poke|p1|Cinccino, F|\n|poke|p1|Ninetales-Alola, M|\n|poke|p1|Tapu Koko|\n|poke|p1|Sneasler, F|\n|poke|p1|Whimsicott, M|\n|poke|p2|Aegislash, F|\n|poke|p2|Hydreigon, M|\n|poke|p2|Gardevoir, F|\n|poke|p2|Roserade, M|\n|poke|p2|Gastrodon, F|\n|poke|p2|Gliscor, M|\n|teampreview\n|inactive|Battle timer is ON: inactive players will automatically lose when time's up. (requested by PearlHarbor1996)\n|inactive|Black Girl Kyle also wants the timer to be on.\n|\n|t:|1700268387\n|start\n|switch|p1a: Elsa|Ninetales-Alola, M|100\/100\n|switch|p2a: Aegislash|Aegislash, F|100\/100\n|-weather|Snow|[from] ability: Snow Warning|[of] p1a: Elsa\n|turn|1\n|\n|t:|1700268396\n|move|p1a: Elsa|Aurora Veil|p1a: Elsa\n|-sidestart|p1: Black Girl Kyle|move: Aurora Veil\n|move|p2a: Aegislash|Toxic|p1a: Elsa|[miss]\n|-miss|p2a: Aegislash|p1a: Elsa\n|\n|-weather|Snow|[upkeep]\n|upkeep\n|turn|2\n|\n|t:|1700268404\n|move|p1a: Elsa|Encore|p2a: Aegislash\n|-start|p2a: Aegislash|Encore\n|move|p2a: Aegislash|Toxic|p1a: Elsa\n|-status|p1a: Elsa|tox\n|\n|-weather|Snow|[upkeep]\n|-damage|p1a: Elsa|95\/100 tox|[from] psn\n|upkeep\n|turn|3\n|\n|t:|1700268415\n|switch|p1a: Coco|Tapu Koko|100\/100\n|-fieldstart|move: Electric Terrain|[from] ability: Electric Surge|[of] p1a: Coco\n|switch|p2a: Gliscor|Gliscor, M|100\/100\n|\n|-weather|Snow|[upkeep]\n|-status|p2a: Gliscor|tox|[from] item: Toxic Orb\n|upkeep\n|turn|4\n|\n|t:|1700268425\n|move|p1a: Coco|Taunt|p2a: Gliscor\n|-start|p2a: Gliscor|move: Taunt\n|cant|p2a: Gliscor|move: Taunt|Defog\n|\n|-weather|Snow|[upkeep]\n|upkeep\n|turn|5\n|\n|t:|1700268435\n|switch|p1a: Maush Hold?|Cinccino, F|100\/100\n|move|p2a: Gliscor|Earthquake|p1a: Maush Hold?\n|-damage|p1a: Maush Hold?|70\/100\n|\n|-weather|none\n|upkeep\n|turn|6\n|\n|t:|1700268446\n|switch|p2a: Aegislash|Aegislash, F|100\/100\n|move|p1a: Maush Hold?|Rock Blast|p2a: Aegislash\n|-resisted|p2a: Aegislash\n|-damage|p2a: Aegislash|96\/100\n|-resisted|p2a: Aegislash\n|-crit|p2a: Aegislash\n|-damage|p2a: Aegislash|90\/100\n|-resisted|p2a: Aegislash\n|-damage|p2a: Aegislash|86\/100\n|-resisted|p2a: Aegislash\n|-damage|p2a: Aegislash|82\/100\n|-hitcount|p2a: Aegislash|4\n|\n|-heal|p2a: Aegislash|88\/100|[from] item: Leftovers\n|upkeep\n|turn|7\n|\n|t:|1700268462\n|switch|p1a: Baddie Doll|Sneasler, F|100\/100\n|-enditem|p1a: Baddie Doll|Electric Seed\n|-boost|p1a: Baddie Doll|def|1|[from] item: Electric Seed\n|move|p2a: Aegislash|Substitute|p2a: Aegislash\n|-start|p2a: Aegislash|Substitute\n|-damage|p2a: Aegislash|63\/100\n|\n|-heal|p2a: Aegislash|70\/100|[from] item: Leftovers\n|-fieldend|move: Electric Terrain\n|upkeep\n|turn|8\n|\n|t:|1700268473\n|move|p1a: Baddie Doll|Swords Dance|p1a: Baddie Doll\n|-boost|p1a: Baddie Doll|atk|2\n|-formechange|p2a: Aegislash|Aegislash-Blade||[from] ability: Stance Change\n|move|p2a: Aegislash|Shadow Ball|p1a: Baddie Doll\n|-damage|p1a: Baddie Doll|75\/100\n|\n|-heal|p2a: Aegislash|76\/100|[from] item: Leftovers\n|-sideend|p1: Black Girl Kyle|move: Aurora Veil\n|upkeep\n|turn|9\n|\n|t:|1700268485\n|-terastallize|p1a: Baddie Doll|Flying\n|-formechange|p2a: Aegislash|Aegislash||[from] ability: Stance Change\n|move|p2a: Aegislash|King's Shield|p2a: Aegislash\n|-singleturn|p2a: Aegislash|Protect\n|move|p1a: Baddie Doll|Acrobatics|p2a: Aegislash\n|-activate|p2a: Aegislash|move: Protect\n|-unboost|p1a: Baddie Doll|atk|1\n|\n|-heal|p2a: Aegislash|82\/100|[from] item: Leftovers\n|upkeep\n|turn|10\n|\n|t:|1700268498\n|move|p1a: Baddie Doll|Acrobatics|p2a: Aegislash\n|-resisted|p2a: Aegislash\n|-end|p2a: Aegislash|Substitute\n|-formechange|p2a: Aegislash|Aegislash-Blade||[from] ability: Stance Change\n|move|p2a: Aegislash|Shadow Ball|p1a: Baddie Doll\n|-damage|p1a: Baddie Doll|29\/100\n|\n|-heal|p2a: Aegislash|88\/100|[from] item: Leftovers\n|upkeep\n|turn|11\n|\n|t:|1700268509\n|-formechange|p2a: Aegislash|Aegislash||[from] ability: Stance Change\n|move|p2a: Aegislash|King's Shield|p2a: Aegislash\n|-singleturn|p2a: Aegislash|Protect\n|move|p1a: Baddie Doll|Swords Dance|p1a: Baddie Doll\n|-boost|p1a: Baddie Doll|atk|2\n|\n|-heal|p2a: Aegislash|94\/100|[from] item: Leftovers\n|upkeep\n|turn|12\n|\n|t:|1700268520\n|move|p1a: Baddie Doll|Acrobatics|p2a: Aegislash\n|-resisted|p2a: Aegislash\n|-damage|p2a: Aegislash|37\/100\n|-formechange|p2a: Aegislash|Aegislash-Blade||[from] ability: Stance Change\n|move|p2a: Aegislash|Shadow Ball|p1a: Baddie Doll\n|-damage|p1a: Baddie Doll|0 fnt\n|faint|p1a: Baddie Doll\n|\n|-heal|p2a: Aegislash|43\/100|[from] item: Leftovers\n|upkeep\n|\n|t:|1700268531\n|switch|p1a: Emo Doll|Absol, F|100\/100\n|-ability|p1a: Emo Doll|Pressure\n|turn|13\n|\n|t:|1700268538\n|switch|p2a: Gliscor|Gliscor, M|100\/100 tox\n|detailschange|p1a: Emo Doll|Absol-Mega, F\n|-mega|p1a: Emo Doll|Absol|Absolite\n|move|p1a: Emo Doll|Calm Mind|p1a: Emo Doll\n|-boost|p1a: Emo Doll|spa|1\n|-boost|p1a: Emo Doll|spd|1\n|\n|upkeep\n|turn|14\n|\n|t:|1700268554\n|move|p1a: Emo Doll|Ice Beam|p2a: Gliscor\n|-supereffective|p2a: Gliscor\n|-damage|p2a: Gliscor|0 fnt\n|faint|p2a: Gliscor\n|\n|upkeep\n|\n|t:|1700268559\n|switch|p2a: Gardevoir|Gardevoir, F, shiny|100\/100\n|-ability|p2a: Gardevoir|Magic Bounce|[from] ability: Trace|[of] p1a: Emo Doll\n|turn|15\n|\n|t:|1700268571\n|switch|p1a: Elsa|Ninetales-Alola, M|95\/100 tox\n|-weather|Snow|[from] ability: Snow Warning|[of] p1a: Elsa\n|detailschange|p2a: Gardevoir|Gardevoir-Mega, F, shiny\n|-mega|p2a: Gardevoir|Gardevoir|Gardevoirite\n|move|p2a: Gardevoir|Hyper Voice|p1a: Elsa\n|-damage|p1a: Elsa|11\/100 tox\n|\n|-weather|Snow|[upkeep]\n|-damage|p1a: Elsa|5\/100 tox|[from] psn\n|upkeep\n|turn|16\n|\n|t:|1700268586\n|move|p1a: Elsa|Aurora Veil|p1a: Elsa\n|-sidestart|p1: Black Girl Kyle|move: Aurora Veil\n|move|p2a: Gardevoir|Hyper Voice|p1a: Elsa\n|-damage|p1a: Elsa|0 fnt\n|faint|p1a: Elsa\n|\n|-weather|Snow|[upkeep]\n|upkeep\n|\n|t:|1700268597\n|switch|p1a: Maush Hold?|Cinccino, F|70\/100\n|turn|17\n|\n|t:|1700268605\n|switch|p2a: Hydreigon|Hydreigon, M|100\/100\n|move|p1a: Maush Hold?|Tail Slap|p2a: Hydreigon\n|-damage|p2a: Hydreigon|83\/100\n|-damage|p2a: Hydreigon|63\/100\n|-damage|p2a: Hydreigon|45\/100\n|-damage|p2a: Hydreigon|27\/100\n|-damage|p2a: Hydreigon|8\/100\n|-hitcount|p2a: Hydreigon|5\n|\n|-weather|Snow|[upkeep]\n|upkeep\n|turn|18\n|\n|t:|1700268619\n|switch|p2a: Aegislash|Aegislash, F|43\/100\n|move|p1a: Maush Hold?|Bullet Seed|p2a: Aegislash\n|-resisted|p2a: Aegislash\n|-damage|p2a: Aegislash|39\/100\n|-resisted|p2a: Aegislash\n|-damage|p2a: Aegislash|35\/100\n|-resisted|p2a: Aegislash\n|-damage|p2a: Aegislash|31\/100\n|-resisted|p2a: Aegislash\n|-damage|p2a: Aegislash|27\/100\n|-resisted|p2a: Aegislash\n|-damage|p2a: Aegislash|22\/100\n|-hitcount|p2a: Aegislash|5\n|\n|-weather|Snow|[upkeep]\n|-heal|p2a: Aegislash|29\/100|[from] item: Leftovers\n|upkeep\n|turn|19\n|\n|t:|1700268633\n|move|p1a: Maush Hold?|Rock Blast|p2a: Aegislash\n|-resisted|p2a: Aegislash\n|-damage|p2a: Aegislash|24\/100\n|-resisted|p2a: Aegislash\n|-damage|p2a: Aegislash|20\/100\n|-resisted|p2a: Aegislash\n|-damage|p2a: Aegislash|16\/100\n|-resisted|p2a: Aegislash\n|-damage|p2a: Aegislash|12\/100\n|-resisted|p2a: Aegislash\n|-damage|p2a: Aegislash|8\/100\n|-hitcount|p2a: Aegislash|5\n|move|p2a: Aegislash|Toxic|p1a: Maush Hold?\n|-status|p1a: Maush Hold?|tox\n|\n|-weather|none\n|-heal|p2a: Aegislash|14\/100|[from] item: Leftovers\n|-damage|p1a: Maush Hold?|63\/100 tox|[from] psn\n|upkeep\n|turn|20\n|\n|t:|1700268649\n|move|p2a: Aegislash|King's Shield|p2a: Aegislash\n|-singleturn|p2a: Aegislash|Protect\n|move|p1a: Maush Hold?|Rock Blast|p2a: Aegislash\n|-activate|p2a: Aegislash|move: Protect\n|\n|-heal|p2a: Aegislash|20\/100|[from] item: Leftovers\n|-damage|p1a: Maush Hold?|51\/100 tox|[from] psn\n|upkeep\n|turn|21\n|\n|t:|1700268659\n|switch|p2a: Gastrodon|Gastrodon, F|100\/100\n|move|p1a: Maush Hold?|Rock Blast|p2a: Gastrodon\n|-resisted|p2a: Gastrodon\n|-damage|p2a: Gastrodon|97\/100\n|-resisted|p2a: Gastrodon\n|-damage|p2a: Gastrodon|93\/100\n|-resisted|p2a: Gastrodon\n|-damage|p2a: Gastrodon|89\/100\n|-resisted|p2a: Gastrodon\n|-damage|p2a: Gastrodon|85\/100\n|-hitcount|p2a: Gastrodon|4\n|\n|-heal|p2a: Gastrodon|92\/100|[from] item: Leftovers\n|-damage|p1a: Maush Hold?|32\/100 tox|[from] psn\n|upkeep\n|turn|22\n|\n|t:|1700268674\n|switch|p2a: Aegislash|Aegislash, F|20\/100\n|move|p1a: Maush Hold?|Bullet Seed|p2a: Aegislash\n|-resisted|p2a: Aegislash\n|-damage|p2a: Aegislash|16\/100\n|-resisted|p2a: Aegislash\n|-damage|p2a: Aegislash|12\/100\n|-resisted|p2a: Aegislash\n|-damage|p2a: Aegislash|8\/100\n|-resisted|p2a: Aegislash\n|-damage|p2a: Aegislash|4\/100\n|-resisted|p2a: Aegislash\n|-damage|p2a: Aegislash|0 fnt\n|faint|p2a: Aegislash\n|-hitcount|p2: Aegislash|5\n|\n|-damage|p1a: Maush Hold?|8\/100 tox|[from] psn\n|upkeep\n|\n|t:|1700268682\n|switch|p2a: Hydreigon|Hydreigon, M|8\/100\n|turn|23\n|\n|t:|1700268692\n|switch|p1a: Cotton Boy|Whimsicott, M|100\/100\n|move|p2a: Hydreigon|Flamethrower|p1a: Cotton Boy\n|-supereffective|p1a: Cotton Boy\n|-damage|p1a: Cotton Boy|71\/100\n|\n|-heal|p1a: Cotton Boy|78\/100|[from] item: Leftovers\n|-sideend|p1: Black Girl Kyle|move: Aurora Veil\n|upkeep\n|turn|24\n|\n|t:|1700268701\n|-terastallize|p2a: Hydreigon|Fire\n|move|p1a: Cotton Boy|Leech Seed|p2a: Hydreigon|[miss]\n|-miss|p1a: Cotton Boy|p2a: Hydreigon\n|move|p2a: Hydreigon|Flamethrower|p1a: Cotton Boy\n|-supereffective|p1a: Cotton Boy\n|-damage|p1a: Cotton Boy|0 fnt\n|faint|p1a: Cotton Boy\n|\n|upkeep\n|\n|t:|1700268714\n|switch|p1a: Coco|Tapu Koko|100\/100\n|-fieldstart|move: Electric Terrain|[from] ability: Electric Surge|[of] p1a: Coco\n|turn|25\n|\n|t:|1700268719\n|switch|p2a: Roserade|Roserade, M|100\/100\n|move|p1a: Coco|Volt Switch|p2a: Roserade\n|-resisted|p2a: Roserade\n|-damage|p2a: Roserade|86\/100\n|\n|t:|1700268726\n|switch|p1a: Maush Hold?|Cinccino, F|8\/100 tox|[from] Volt Switch\n|\n|-heal|p2a: Roserade|92\/100|[from] item: Leftovers\n|-damage|p1a: Maush Hold?|2\/100 tox|[from] psn\n|upkeep\n|turn|26\n|\n|t:|1700268740\n|switch|p2a: Gastrodon|Gastrodon, F|92\/100\n|move|p1a: Maush Hold?|Bullet Seed|p2a: Gastrodon\n|-supereffective|p2a: Gastrodon\n|-damage|p2a: Gastrodon|59\/100\n|-supereffective|p2a: Gastrodon\n|-damage|p2a: Gastrodon|29\/100\n|-supereffective|p2a: Gastrodon\n|-damage|p2a: Gastrodon|0 fnt\n|faint|p2a: Gastrodon\n|-hitcount|p2: Gastrodon|3\n|\n|-damage|p1a: Maush Hold?|0 fnt|[from] psn\n|faint|p1a: Maush Hold?\n|upkeep\n|\n|t:|1700268754\n|switch|p1a: Coco|Tapu Koko|100\/100\n|switch|p2a: Roserade|Roserade, M|92\/100\n|turn|27\n|\n|t:|1700268763\n|move|p1a: Coco|Taunt|p2a: Roserade\n|-start|p2a: Roserade|move: Taunt\n|move|p2a: Roserade|Giga Drain|p1a: Coco\n|-damage|p1a: Coco|53\/100\n|-heal|p2a: Roserade|100\/100|[from] drain|[of] p1a: Coco\n|\n|upkeep\n|turn|28\n|\n|t:|1700268772\n|-zpower|p1a: Coco\n|move|p1a: Coco|Guardian of Alola|p2a: Roserade|[zeffect]\n|-damage|p2a: Roserade|25\/100\n|move|p2a: Roserade|Sludge Bomb|p1a: Coco\n|-supereffective|p1a: Coco\n|-damage|p1a: Coco|0 fnt\n|faint|p1a: Coco\n|\n|-heal|p2a: Roserade|32\/100|[from] item: Leftovers\n|upkeep\n|\n|t:|1700268785\n|switch|p1a: Emo Doll|Absol-Mega, F|100\/100\n|turn|29\n|\n|t:|1700268790\n|move|p1a: Emo Doll|Ice Beam|p2a: Roserade\n|-supereffective|p2a: Roserade\n|-damage|p2a: Roserade|0 fnt\n|faint|p2a: Roserade\n|\n|-fieldend|move: Electric Terrain\n|upkeep\n|\n|t:|1700268794\n|switch|p2a: Gardevoir|Gardevoir-Mega, F, shiny|100\/100\n|turn|30\n|\n|t:|1700268798\n|move|p1a: Emo Doll|Ice Beam|p2a: Gardevoir\n|-damage|p2a: Gardevoir|71\/100\n|move|p2a: Gardevoir|Hyper Voice|p1a: Emo Doll\n|-supereffective|p1a: Emo Doll\n|-damage|p1a: Emo Doll|0 fnt\n|faint|p1a: Emo Doll\n|\n|win|PearlHarbor1996\n|raw|Black Girl Kyle's rating: 1280 &rarr; <strong>1258<\/strong><br \/>(-22 for losing)\n|raw|PearlHarbor1996's rating: 1316 &rarr; <strong>1334<\/strong><br \/>(+18 for winning)\n|c|\u2606PearlHarbor1996|gg\n|l|\u2606Black Girl Kyle\n","uploadtime":1700268814,"views":8,"p1id":"blackgirlkyle","p2id":"pearlharbor1996","formatid":"gen9nationaldex","rating":1258,"private":0,"password":""}