{"id":"gen9nationaldex-1993143801","p1":"Onlymanever","p2":"gooddam","format":"[Gen 9] National Dex","log":"|j|\u2606Onlymanever\n|j|\u2606gooddam\n|t:|1700270019\n|gametype|singles\n|player|p1|Onlymanever|lyra|1000\n|player|p2|gooddam|gambler|1031\n|teamsize|p1|6\n|teamsize|p2|6\n|gen|9\n|tier|[Gen 9] National Dex\n|rated|\n|rule|HP Percentage Mod: HP is shown in percentages\n|rule|Endless Battle Clause: Forcing endless battles is banned\n|rule|OHKO Clause: OHKO moves are banned\n|rule|Evasion Clause: Evasion abilities, items, and moves are banned\n|rule|Evasion Abilities Clause: Evasion abilities are banned\n|rule|Evasion Items Clause: Evasion items are banned\n|rule|Evasion Moves Clause: Evasion moves are banned\n|rule|Species Clause: Limit one of each Pok\u00e9mon\n|rule|Sleep Clause Mod: Limit one foe put to sleep\n|clearpoke\n|poke|p1|Chesnaught, M|\n|poke|p1|Pawmot, M|\n|poke|p1|Lucario, M|\n|poke|p1|Sawk, M|\n|poke|p1|Crabominable, F|\n|poke|p1|Tauros-Paldea-Combat, M|\n|poke|p2|Tyranitar, M|\n|poke|p2|Trevenant, M|\n|poke|p2|Regirock|\n|poke|p2|Umbreon, F|\n|poke|p2|Mew|\n|poke|p2|Arboliva, F|\n|teampreview\n|\n|t:|1700270033\n|start\n|switch|p1a: Pawmot|Pawmot, M|100\/100\n|switch|p2a: Regirock|Regirock|100\/100\n|turn|1\n|inactive|Battle timer is ON: inactive players will automatically lose when time's up. (requested by Onlymanever)\n|\n|t:|1700270043\n|move|p1a: Pawmot|Bulk Up|p1a: Pawmot\n|-boost|p1a: Pawmot|atk|1\n|-boost|p1a: Pawmot|def|1\n|move|p2a: Regirock|Stealth Rock|p1a: Pawmot\n|-sidestart|p1: Onlymanever|move: Stealth Rock\n|\n|upkeep\n|turn|2\n|\n|t:|1700270049\n|move|p1a: Pawmot|Encore|p2a: Regirock\n|-start|p2a: Regirock|Encore\n|move|p2a: Regirock|Stealth Rock||[still]\n|-fail|p2a: Regirock\n|\n|upkeep\n|turn|3\n|\n|t:|1700270065\n|switch|p2a: Tyranitar|Tyranitar, M|100\/100\n|-weather|Sandstorm|[from] ability: Sand Stream|[of] p2a: Tyranitar\n|move|p1a: Pawmot|Bulk Up|p1a: Pawmot\n|-boost|p1a: Pawmot|atk|1\n|-boost|p1a: Pawmot|def|1\n|\n|-weather|Sandstorm|[upkeep]\n|-damage|p1a: Pawmot|94\/100|[from] Sandstorm\n|-heal|p1a: Pawmot|100\/100|[from] item: Leftovers\n|upkeep\n|turn|4\n|\n|t:|1700270077\n|move|p1a: Pawmot|Close Combat|p2a: Tyranitar\n|-supereffective|p2a: Tyranitar\n|-damage|p2a: Tyranitar|0 fnt\n|-unboost|p1a: Pawmot|def|1\n|-unboost|p1a: Pawmot|spd|1\n|faint|p2a: Tyranitar\n|\n|-weather|Sandstorm|[upkeep]\n|-damage|p1a: Pawmot|94\/100|[from] Sandstorm\n|-heal|p1a: Pawmot|100\/100|[from] item: Leftovers\n|upkeep\n|\n|t:|1700270092\n|switch|p2a: Mew|Mew|100\/100\n|turn|5\n|\n|t:|1700270099\n|-terastallize|p1a: Pawmot|Electric\n|move|p1a: Pawmot|Double Shock|p2a: Mew\n|-damage|p2a: Mew|0 fnt\n|-start|p1a: Pawmot|typechange|Electric|[from] move: Double Shock\n|faint|p2a: Mew\n|\n|-weather|Sandstorm|[upkeep]\n|-damage|p1a: Pawmot|94\/100|[from] Sandstorm\n|-heal|p1a: Pawmot|100\/100|[from] item: Leftovers\n|upkeep\n|\n|t:|1700270110\n|switch|p2a: Regirock|Regirock|100\/100\n|turn|6\n|\n|t:|1700270116\n|move|p1a: Pawmot|Bulk Up|p1a: Pawmot\n|-boost|p1a: Pawmot|atk|1\n|-boost|p1a: Pawmot|def|1\n|move|p2a: Regirock|Explosion|p1a: Pawmot\n|-damage|p1a: Pawmot|56\/100\n|faint|p2a: Regirock\n|\n|-weather|Sandstorm|[upkeep]\n|-damage|p1a: Pawmot|50\/100|[from] Sandstorm\n|-heal|p1a: Pawmot|56\/100|[from] item: Leftovers\n|upkeep\n|-message|gooddam forfeited.\n|\n|win|Onlymanever\n|raw|Onlymanever's rating: 1000 &rarr; <strong>1044<\/strong><br \/>(+44 for winning)\n|raw|gooddam's rating: 1031 &rarr; <strong>1015<\/strong><br \/>(-16 for losing)\n|l|\u2606gooddam\n","uploadtime":1700270130,"views":7,"p1id":"onlymanever","p2id":"gooddam","formatid":"gen9nationaldex","rating":1015,"private":0,"password":""}