{"id":"gen9nationaldex-1988774257","p1":"raynee22","p2":"Squire_Twang87","format":"[Gen 9] National Dex","log":"|j|\u2606raynee22\n|j|\u2606Squire_Twang87\n|t:|1699761387\n|gametype|singles\n|player|p1|raynee22|266|\n|player|p2|Squire_Twang87|102|\n|teamsize|p1|6\n|teamsize|p2|6\n|gen|9\n|tier|[Gen 9] National Dex\n|rule|HP Percentage Mod: HP is shown in percentages\n|rule|Endless Battle Clause: Forcing endless battles is banned\n|rule|OHKO Clause: OHKO moves are banned\n|rule|Evasion Clause: Evasion abilities, items, and moves are banned\n|rule|Evasion Abilities Clause: Evasion abilities are banned\n|rule|Evasion Items Clause: Evasion items are banned\n|rule|Evasion Moves Clause: Evasion moves are banned\n|rule|Species Clause: Limit one of each Pok\u00e9mon\n|rule|Sleep Clause Mod: Limit one foe put to sleep\n|clearpoke\n|poke|p1|Empoleon, M|\n|poke|p1|Scizor, M|\n|poke|p1|Greninja-*, F|\n|poke|p1|Lilligant-Hisui, F|\n|poke|p1|Nidoking, M|\n|poke|p1|Pawmot, F|\n|poke|p2|Lopunny, F|\n|poke|p2|Enamorus-Therian, F|\n|poke|p2|Toxapex, F|\n|poke|p2|Rotom-Wash|\n|poke|p2|Grimmsnarl, M|\n|poke|p2|Nidoqueen, F|\n|teampreview\n|j| dunsparcedingo\n|j| TheRicoSuave\n|\n|t:|1699761412\n|start\n|switch|p1a: Cold Birb|Empoleon, M|100\/100\n|switch|p2a: Jaws|Grimmsnarl, M|100\/100\n|turn|1\n|j| vuvu42\n|c| dunsparcedingo|i am the first person to say clumps\n|\n|t:|1699761431\n|move|p2a: Jaws|Reflect|p2a: Jaws\n|-sidestart|p2: Squire_Twang87|Reflect\n|move|p1a: Cold Birb|Yawn|p2a: Jaws\n|-start|p2a: Jaws|move: Yawn|[of] p1a: Cold Birb\n|\n|upkeep\n|turn|2\n|c| TheRicoSuave|gun\n|c| vuvu42|first!!!\n|\n|t:|1699761442\n|move|p2a: Jaws|Light Screen|p2a: Jaws\n|-sidestart|p2: Squire_Twang87|move: Light Screen\n|move|p1a: Cold Birb|Scald|p2a: Jaws\n|-damage|p2a: Jaws|86\/100\n|\n|-end|p2a: Jaws|move: Yawn|[silent]\n|-status|p2a: Jaws|slp\n|upkeep\n|turn|3\n|\n|t:|1699761476\n|switch|p2a: Washing Machine|Rotom-Wash|100\/100\n|move|p1a: Cold Birb|Stealth Rock|p2a: Washing Machine\n|-sidestart|p2: Squire_Twang87|move: Stealth Rock\n|\n|upkeep\n|turn|4\n|\n|t:|1699761493\n|move|p2a: Washing Machine|Thunder|p1a: Cold Birb\n|-supereffective|p1a: Cold Birb\n|-damage|p1a: Cold Birb|11\/100\n|-status|p1a: Cold Birb|par\n|move|p1a: Cold Birb|Yawn|p2a: Washing Machine\n|-start|p2a: Washing Machine|move: Yawn|[of] p1a: Cold Birb\n|\n|-heal|p1a: Cold Birb|17\/100 par|[from] item: Leftovers\n|upkeep\n|turn|5\n|c| TheRicoSuave|I loved the character washing machine from season 4 of Cheers\n|c| dunsparcedingo|WIN CON\n|c| dunsparcedingo|WIN CON\n|\n|t:|1699761521\n|switch|p1a: BasicallyArmadillo|Nidoking, M|100\/100\n|move|p2a: Washing Machine|Thunder|p1a: BasicallyArmadillo\n|-immune|p1a: BasicallyArmadillo\n|\n|-end|p2a: Washing Machine|move: Yawn|[silent]\n|-message|Sleep Clause Mod activated.\n|-hint|Sleep Clause Mod prevents players from putting more than one of their opponent's Pok\u00e9mon to sleep at a time\n|upkeep\n|turn|6\n|c| dunsparcedingo|WIN CON\n|c| TheRicoSuave|that monologue at the end of the season\n|c| dunsparcedingo|GAME OVER\n|c| dunsparcedingo|nvm sleep clause fixed it\n|c| TheRicoSuave|nice try tho\n|\n|t:|1699761571\n|switch|p2a: Delibirds|Nidoqueen, F|100\/100\n|-damage|p2a: Delibirds|94\/100|[from] Stealth Rock\n|move|p1a: BasicallyArmadillo|Dig||[still]\n|-prepare|p1a: BasicallyArmadillo|Dig\n|\n|upkeep\n|turn|7\n|\n|t:|1699761583\n|switch|p2a: Washing Machine|Rotom-Wash|100\/100\n|-damage|p2a: Washing Machine|88\/100|[from] Stealth Rock\n|move|p1a: BasicallyArmadillo|Dig|p2a: Washing Machine|[from]lockedmove\n|-immune|p2a: Washing Machine|[from] ability: Levitate\n|\n|upkeep\n|turn|8\n|\n|t:|1699761601\n|move|p2a: Washing Machine|Hydro Pump|p1a: BasicallyArmadillo\n|-supereffective|p1a: BasicallyArmadillo\n|-damage|p1a: BasicallyArmadillo|0 fnt\n|faint|p1a: BasicallyArmadillo\n|\n|-sideend|p2: Squire_Twang87|Reflect\n|upkeep\n|\n|t:|1699761617\n|switch|p1a: Dancing Flower|Lilligant-Hisui, F|100\/100\n|turn|9\n|\n|t:|1699761679\n|switch|p2a: E-Slur|Enamorus-Therian, F|100\/100\n|-damage|p2a: E-Slur|76\/100|[from] Stealth Rock\n|move|p1a: Dancing Flower|Victory Dance|p1a: Dancing Flower\n|-boost|p1a: Dancing Flower|atk|1\n|-boost|p1a: Dancing Flower|def|1\n|-boost|p1a: Dancing Flower|spe|1\n|\n|-heal|p2a: E-Slur|82\/100|[from] item: Leftovers\n|-sideend|p2: Squire_Twang87|move: Light Screen\n|upkeep\n|turn|10\n|\n|t:|1699761697\n|move|p1a: Dancing Flower|Close Combat|p2a: E-Slur\n|-resisted|p2a: E-Slur\n|-damage|p2a: E-Slur|64\/100\n|-unboost|p1a: Dancing Flower|def|1\n|-unboost|p1a: Dancing Flower|spd|1\n|move|p2a: E-Slur|Substitute|p2a: E-Slur\n|-start|p2a: E-Slur|Substitute\n|-damage|p2a: E-Slur|40\/100\n|\n|-heal|p2a: E-Slur|46\/100|[from] item: Leftovers\n|upkeep\n|turn|11\n|\n|t:|1699761717\n|move|p1a: Dancing Flower|Ice Spinner|p2a: E-Slur\n|-supereffective|p2a: E-Slur\n|-end|p2a: E-Slur|Substitute\n|move|p2a: E-Slur|Moonblast|p1a: Dancing Flower\n|-supereffective|p1a: Dancing Flower\n|-enditem|p1a: Dancing Flower|Focus Sash\n|-damage|p1a: Dancing Flower|1\/100\n|\n|-heal|p2a: E-Slur|51\/100|[from] item: Leftovers\n|upkeep\n|turn|12\n|\n|t:|1699761731\n|move|p1a: Dancing Flower|Ice Spinner|p2a: E-Slur\n|-supereffective|p2a: E-Slur\n|-damage|p2a: E-Slur|0 fnt\n|faint|p2a: E-Slur\n|\n|upkeep\n|\n|t:|1699761737\n|switch|p2a: Washing Machine|Rotom-Wash|88\/100\n|-damage|p2a: Washing Machine|76\/100|[from] Stealth Rock\n|turn|13\n|\n|t:|1699761743\n|move|p1a: Dancing Flower|Leaf Blade|p2a: Washing Machine\n|-supereffective|p2a: Washing Machine\n|-damage|p2a: Washing Machine|0 fnt\n|faint|p2a: Washing Machine\n|\n|upkeep\n|\n|t:|1699761758\n|switch|p2a: Clayton|Toxapex, F|100\/100\n|-damage|p2a: Clayton|88\/100|[from] Stealth Rock\n|turn|14\n|\n|t:|1699761767\n|move|p2a: Clayton|Baneful Bunker|p2a: Clayton\n|-singleturn|p2a: Clayton|move: Protect\n|move|p1a: Dancing Flower|Leaf Blade|p2a: Clayton\n|-activate|p2a: Clayton|move: Protect\n|-status|p1a: Dancing Flower|psn\n|\n|-heal|p2a: Clayton|94\/100|[from] item: Leftovers\n|-damage|p1a: Dancing Flower|0 fnt|[from] psn\n|faint|p1a: Dancing Flower\n|upkeep\n|\n|t:|1699761795\n|switch|p1a: Metal Bug|Scizor, M|100\/100\n|turn|15\n|\n|t:|1699761807\n|detailschange|p1a: Metal Bug|Scizor-Mega, M\n|-mega|p1a: Metal Bug|Scizor|Scizorite\n|move|p1a: Metal Bug|Bullet Punch|p2a: Clayton\n|-resisted|p2a: Clayton\n|-damage|p2a: Clayton|82\/100\n|move|p2a: Clayton|Toxic|p1a: Metal Bug\n|-immune|p1a: Metal Bug\n|\n|-heal|p2a: Clayton|88\/100|[from] item: Leftovers\n|upkeep\n|turn|16\n|\n|t:|1699761831\n|move|p2a: Clayton|Baneful Bunker|p2a: Clayton\n|-singleturn|p2a: Clayton|move: Protect\n|move|p1a: Metal Bug|Swords Dance|p1a: Metal Bug\n|-boost|p1a: Metal Bug|atk|2\n|\n|-heal|p2a: Clayton|95\/100|[from] item: Leftovers\n|upkeep\n|turn|17\n|\n|t:|1699761844\n|switch|p2a: Delibirds|Nidoqueen, F|94\/100\n|-damage|p2a: Delibirds|88\/100|[from] Stealth Rock\n|move|p1a: Metal Bug|Close Combat|p2a: Delibirds\n|-resisted|p2a: Delibirds\n|-damage|p2a: Delibirds|27\/100\n|-unboost|p1a: Metal Bug|def|1\n|-unboost|p1a: Metal Bug|spd|1\n|\n|upkeep\n|turn|18\n|\n|t:|1699761877\n|-terastallize|p2a: Delibirds|Ghost\n|move|p1a: Metal Bug|Bullet Punch|p2a: Delibirds\n|-damage|p2a: Delibirds|0 fnt\n|faint|p2a: Delibirds\n|\n|upkeep\n|\n|t:|1699761883\n|switch|p2a: Clayton|Toxapex, F|100\/100\n|-damage|p2a: Clayton|88\/100|[from] Stealth Rock\n|turn|19\n|\n|t:|1699761910\n|move|p2a: Clayton|Baneful Bunker|p2a: Clayton\n|-singleturn|p2a: Clayton|move: Protect\n|move|p1a: Metal Bug|Close Combat|p2a: Clayton\n|-activate|p2a: Clayton|move: Protect\n|\n|-heal|p2a: Clayton|94\/100|[from] item: Leftovers\n|upkeep\n|turn|20\n|\n|t:|1699761929\n|switch|p2a: Jaws|Grimmsnarl, M|86\/100 slp\n|-damage|p2a: Jaws|73\/100 slp|[from] Stealth Rock\n|move|p1a: Metal Bug|X-Scissor|p2a: Jaws\n|-damage|p2a: Jaws|0 fnt\n|faint|p2a: Jaws\n|\n|upkeep\n|\n|t:|1699761936\n|switch|p2a: Lofunny|Lopunny, F|100\/100\n|-damage|p2a: Lofunny|88\/100|[from] Stealth Rock\n|turn|21\n|\n|t:|1699761963\n|detailschange|p2a: Lofunny|Lopunny-Mega, F\n|-mega|p2a: Lofunny|Lopunny|Lopunnite\n|move|p1a: Metal Bug|Bullet Punch|p2a: Lofunny\n|-damage|p2a: Lofunny|0 fnt\n|faint|p2a: Lofunny\n|\n|upkeep\n|\n|t:|1699761968\n|switch|p2a: Clayton|Toxapex, F|100\/100\n|-damage|p2a: Clayton|88\/100|[from] Stealth Rock\n|turn|22\n|\n|t:|1699761981\n|move|p2a: Clayton|Baneful Bunker|p2a: Clayton\n|-singleturn|p2a: Clayton|move: Protect\n|move|p1a: Metal Bug|Close Combat|p2a: Clayton\n|-activate|p2a: Clayton|move: Protect\n|\n|-heal|p2a: Clayton|94\/100|[from] item: Leftovers\n|upkeep\n|turn|23\n|\n|t:|1699761996\n|move|p2a: Clayton|Baneful Bunker||[still]\n|-fail|p2a: Clayton\n|move|p1a: Metal Bug|Close Combat|p2a: Clayton\n|-resisted|p2a: Clayton\n|-crit|p2a: Clayton\n|-damage|p2a: Clayton|47\/100\n|-unboost|p1a: Metal Bug|def|1\n|-unboost|p1a: Metal Bug|spd|1\n|\n|-heal|p2a: Clayton|53\/100|[from] item: Leftovers\n|upkeep\n|turn|24\n|\n|t:|1699762006\n|move|p2a: Clayton|Baneful Bunker|p2a: Clayton\n|-singleturn|p2a: Clayton|move: Protect\n|move|p1a: Metal Bug|X-Scissor|p2a: Clayton\n|-activate|p2a: Clayton|move: Protect\n|\n|-heal|p2a: Clayton|59\/100|[from] item: Leftovers\n|upkeep\n|turn|25\n|\n|t:|1699762018\n|move|p2a: Clayton|Baneful Bunker|p2a: Clayton\n|-singleturn|p2a: Clayton|move: Protect\n|move|p1a: Metal Bug|X-Scissor|p2a: Clayton\n|-activate|p2a: Clayton|move: Protect\n|\n|-heal|p2a: Clayton|66\/100|[from] item: Leftovers\n|upkeep\n|turn|26\n|\n|t:|1699762034\n|move|p1a: Metal Bug|Swords Dance|p1a: Metal Bug\n|-boost|p1a: Metal Bug|atk|2\n|move|p2a: Clayton|Recover|p2a: Clayton\n|-heal|p2a: Clayton|100\/100\n|\n|upkeep\n|turn|27\n|\n|t:|1699762054\n|move|p1a: Metal Bug|Bullet Punch|p2a: Clayton\n|-resisted|p2a: Clayton\n|-damage|p2a: Clayton|64\/100\n|move|p2a: Clayton|Sludge Wave|p1a: Metal Bug\n|-immune|p1a: Metal Bug\n|\n|-heal|p2a: Clayton|71\/100|[from] item: Leftovers\n|upkeep\n|turn|28\n|\n|t:|1699762069\n|move|p1a: Metal Bug|X-Scissor|p2a: Clayton\n|-resisted|p2a: Clayton\n|-damage|p2a: Clayton|25\/100\n|move|p2a: Clayton|Toxic|p1a: Metal Bug\n|-immune|p1a: Metal Bug\n|\n|-heal|p2a: Clayton|31\/100|[from] item: Leftovers\n|upkeep\n|turn|29\n|\n|t:|1699762086\n|move|p1a: Metal Bug|X-Scissor|p2a: Clayton\n|-resisted|p2a: Clayton\n|-crit|p2a: Clayton\n|-damage|p2a: Clayton|0 fnt\n|faint|p2a: Clayton\n|\n|win|raynee22\n|l| TheRicoSuave\n|c| dunsparcedingo|clumps\n|l|\u2606Squire_Twang87\n","uploadtime":1699762117,"views":12,"p1id":"raynee22","p2id":"squiretwang87","formatid":"gen9nationaldex","rating":0,"private":0,"password":""}