{"id":"gen9nationaldex-1994312898","p1":"Laser Hines","p2":"Cashdatrox1236","format":"[Gen 9] National Dex","log":"|j|\u2606Laser Hines\n|j|\u2606Cashdatrox1236\n|t:|1700429963\n|gametype|singles\n|player|p1|Laser Hines|hoopster|1088\n|player|p2|Cashdatrox1236|riley|1023\n|teamsize|p1|6\n|teamsize|p2|6\n|gen|9\n|tier|[Gen 9] National Dex\n|rated|\n|rule|HP Percentage Mod: HP is shown in percentages\n|rule|Endless Battle Clause: Forcing endless battles is banned\n|rule|OHKO Clause: OHKO moves are banned\n|rule|Evasion Clause: Evasion abilities, items, and moves are banned\n|rule|Evasion Abilities Clause: Evasion abilities are banned\n|rule|Evasion Items Clause: Evasion items are banned\n|rule|Evasion Moves Clause: Evasion moves are banned\n|rule|Species Clause: Limit one of each Pok\u00e9mon\n|rule|Sleep Clause Mod: Limit one foe put to sleep\n|clearpoke\n|poke|p1|Chesnaught, M|\n|poke|p1|Golem, M|\n|poke|p1|Machamp, M|\n|poke|p1|Rhyperior, M|\n|poke|p1|Granbull, M|\n|poke|p1|Politoed, M|\n|poke|p2|Gliscor, M|\n|poke|p2|Samurott-Hisui, F|\n|poke|p2|Xurkitree|\n|poke|p2|Scizor, M|\n|poke|p2|Blaziken, F|\n|poke|p2|Serperior, F|\n|teampreview\n|\n|t:|1700429994\n|start\n|switch|p1a: Machamp|Machamp, M|100\/100\n|switch|p2a: Serperior|Serperior, F|100\/100\n|turn|1\n|\n|t:|1700430023\n|move|p2a: Serperior|Dragon Pulse|p1a: Machamp\n|-damage|p1a: Machamp|80\/100\n|move|p1a: Machamp|Dynamic Punch|p2a: Serperior\n|-damage|p2a: Serperior|30\/100\n|-start|p2a: Serperior|confusion\n|\n|upkeep\n|turn|2\n|\n|t:|1700430034\n|-activate|p2a: Serperior|confusion\n|move|p2a: Serperior|Knock Off|p1a: Machamp\n|-resisted|p1a: Machamp\n|-damage|p1a: Machamp|68\/100\n|-enditem|p1a: Machamp|Expert Belt|[from] move: Knock Off|[of] p2a: Serperior\n|move|p1a: Machamp|Ice Punch|p2a: Serperior\n|-supereffective|p2a: Serperior\n|-damage|p2a: Serperior|0 fnt\n|faint|p2a: Serperior\n|\n|upkeep\n|\n|t:|1700430049\n|switch|p2a: Gliscor|Gliscor, M|100\/100\n|turn|3\n|\n|t:|1700430059\n|move|p2a: Gliscor|Dual Wingbeat|p1a: Machamp\n|-supereffective|p1a: Machamp\n|-damage|p1a: Machamp|33\/100\n|-supereffective|p1a: Machamp\n|-damage|p1a: Machamp|0 fnt\n|faint|p1a: Machamp\n|-hitcount|p1: Machamp|2\n|\n|-status|p2a: Gliscor|tox|[from] item: Toxic Orb\n|upkeep\n|\n|t:|1700430068\n|switch|p1a: Politoed|Politoed, M|100\/100\n|turn|4\n|\n|t:|1700430078\n|move|p2a: Gliscor|Dual Wingbeat|p1a: Politoed\n|-damage|p1a: Politoed|83\/100\n|-damage|p1a: Politoed|66\/100\n|-hitcount|p1a: Politoed|2\n|move|p1a: Politoed|Hydro Pump|p2a: Gliscor\n|-supereffective|p2a: Gliscor\n|-damage|p2a: Gliscor|0 fnt\n|faint|p2a: Gliscor\n|\n|upkeep\n|\n|t:|1700430087\n|switch|p2a: Xurkitree|Xurkitree|100\/100\n|turn|5\n|\n|t:|1700430104\n|-terastallize|p1a: Politoed|Electric\n|move|p2a: Xurkitree|Discharge|p1a: Politoed\n|-resisted|p1a: Politoed\n|-damage|p1a: Politoed|50\/100\n|move|p1a: Politoed|Hydro Pump|p2a: Xurkitree\n|-damage|p2a: Xurkitree|58\/100\n|\n|upkeep\n|turn|6\n|\n|t:|1700430115\n|-terastallize|p2a: Xurkitree|Grass\n|move|p2a: Xurkitree|Energy Ball|p1a: Politoed\n|-crit|p1a: Politoed\n|-damage|p1a: Politoed|0 fnt\n|faint|p1a: Politoed\n|-ability|p2a: Xurkitree|Beast Boost|boost\n|-boost|p2a: Xurkitree|spa|1\n|\n|upkeep\n|\n|t:|1700430143\n|switch|p1a: Chesnaught|Chesnaught, M|100\/100\n|turn|7\n|\n|t:|1700430148\n|move|p2a: Xurkitree|Dazzling Gleam|p1a: Chesnaught\n|-supereffective|p1a: Chesnaught\n|-damage|p1a: Chesnaught|0 fnt\n|faint|p1a: Chesnaught\n|-ability|p2a: Xurkitree|Beast Boost|boost\n|-boost|p2a: Xurkitree|spa|1\n|\n|upkeep\n|\n|t:|1700430154\n|switch|p1a: Golem|Golem, M|100\/100\n|turn|8\n|\n|t:|1700430160\n|move|p2a: Xurkitree|Energy Ball|p1a: Golem\n|-supereffective|p1a: Golem\n|-ability|p1a: Golem|Sturdy\n|-damage|p1a: Golem|1\/100\n|move|p1a: Golem|Explosion|p2a: Xurkitree\n|-damage|p2a: Xurkitree|0 fnt\n|faint|p1a: Golem\n|faint|p2a: Xurkitree\n|\n|upkeep\n|\n|t:|1700430174\n|switch|p2a: Scizor|Scizor, M|100\/100\n|switch|p1a: Granbull|Granbull, M|100\/100\n|-ability|p1a: Granbull|Intimidate|boost\n|-unboost|p2a: Scizor|atk|1\n|turn|9\n|\n|t:|1700430182\n|detailschange|p2a: Scizor|Scizor-Mega, M\n|-mega|p2a: Scizor|Scizor|Scizorite\n|move|p2a: Scizor|Bullet Punch|p1a: Granbull\n|-supereffective|p1a: Granbull\n|-damage|p1a: Granbull|50\/100\n|move|p1a: Granbull|Fire Punch|p2a: Scizor\n|-supereffective|p2a: Scizor\n|-damage|p2a: Scizor|27\/100\n|\n|upkeep\n|turn|10\n|\n|t:|1700430191\n|move|p2a: Scizor|Bullet Punch|p1a: Granbull\n|-supereffective|p1a: Granbull\n|-damage|p1a: Granbull|0 fnt\n|faint|p1a: Granbull\n|\n|upkeep\n|\n|t:|1700430196\n|switch|p1a: Rhyperior|Rhyperior, M|100\/100\n|turn|11\n|\n|t:|1700430201\n|move|p2a: Scizor|Bullet Punch|p1a: Rhyperior\n|-supereffective|p1a: Rhyperior\n|-damage|p1a: Rhyperior|77\/100\n|-enditem|p1a: Rhyperior|Weakness Policy\n|-boost|p1a: Rhyperior|atk|2|[from] item: Weakness Policy\n|-boost|p1a: Rhyperior|spa|2|[from] item: Weakness Policy\n|move|p1a: Rhyperior|Earthquake|p2a: Scizor\n|-damage|p2a: Scizor|0 fnt\n|faint|p2a: Scizor\n|\n|upkeep\n|\n|t:|1700430211\n|switch|p2a: Samurott|Samurott-Hisui, F|100\/100\n|turn|12\n|\n|t:|1700430215\n|move|p2a: Samurott|Aqua Cutter|p1a: Rhyperior\n|-supereffective|p1a: Rhyperior\n|-damage|p1a: Rhyperior|0 fnt\n|faint|p1a: Rhyperior\n|\n|win|Cashdatrox1236\n|raw|Laser Hines's rating: 1088 &rarr; <strong>1061<\/strong><br \/>(-27 for losing)\n|raw|Cashdatrox1236's rating: 1023 &rarr; <strong>1066<\/strong><br \/>(+43 for winning)\n|c|\u2606Laser Hines|gg\n","uploadtime":1700430223,"views":16,"p1id":"laserhines","p2id":"cashdatrox1236","formatid":"gen9nationaldex","rating":1061,"private":0,"password":""}