{"id":"gen9nationaldex-1995945205","p1":"Jackdsaurus","p2":"hydroj","format":"[Gen 9] National Dex","log":"|html|<div class=\"broadcast-blue\"><strong>[Gen 9] National Dex is currently suspecting Sneasler! For information on how to participate check out the <a href=\"https:\/\/www.smogon.com\/forums\/threads\/sv-national-dex-suspect-8-just-dance.3731534\/\">suspect thread<\/a>.<\/strong><\/div>\n|j|\u2606Jackdsaurus\n|j|\u2606hydroj\n|t:|1700620450\n|gametype|singles\n|player|p1|Jackdsaurus|gladion|1345\n|player|p2|hydroj|169|1441\n|teamsize|p1|6\n|teamsize|p2|6\n|gen|9\n|tier|[Gen 9] National Dex\n|rated|\n|rule|HP Percentage Mod: HP is shown in percentages\n|rule|Endless Battle Clause: Forcing endless battles is banned\n|rule|OHKO Clause: OHKO moves are banned\n|rule|Evasion Clause: Evasion abilities, items, and moves are banned\n|rule|Evasion Abilities Clause: Evasion abilities are banned\n|rule|Evasion Items Clause: Evasion items are banned\n|rule|Evasion Moves Clause: Evasion moves are banned\n|rule|Species Clause: Limit one of each Pok\u00e9mon\n|rule|Sleep Clause Mod: Limit one foe put to sleep\n|clearpoke\n|poke|p1|Scizor, M|\n|poke|p1|Lopunny, F|\n|poke|p1|Dragonite, F|\n|poke|p1|Manaphy|\n|poke|p1|Moltres|\n|poke|p1|Leavanny, M|\n|poke|p2|Aegislash, F|\n|poke|p2|Alomomola, F|\n|poke|p2|Gliscor, F|\n|poke|p2|Iron Valiant|\n|poke|p2|Tapu Koko|\n|poke|p2|Scizor, F|\n|teampreview\n|\n|t:|1700620457\n|start\n|switch|p1a: Leavanny|Leavanny, M|100\/100\n|switch|p2a: Aegislash|Aegislash, F|100\/100\n|turn|1\n|\n|t:|1700620465\n|move|p1a: Leavanny|Knock Off|p2a: Aegislash\n|-supereffective|p2a: Aegislash\n|-damage|p2a: Aegislash|44\/100\n|-enditem|p2a: Aegislash|Choice Specs|[from] move: Knock Off|[of] p1a: Leavanny\n|-formechange|p2a: Aegislash|Aegislash-Blade||[from] ability: Stance Change\n|move|p2a: Aegislash|Flash Cannon|p1a: Leavanny\n|-damage|p1a: Leavanny|31\/100\n|\n|upkeep\n|turn|2\n|\n|t:|1700620474\n|move|p2a: Aegislash|Shadow Sneak|p1a: Leavanny\n|-damage|p1a: Leavanny|8\/100\n|move|p1a: Leavanny|Knock Off|p2a: Aegislash\n|-supereffective|p2a: Aegislash\n|-damage|p2a: Aegislash|0 fnt\n|faint|p2a: Aegislash\n|\n|upkeep\n|j| Bayern72915\n|\n|t:|1700620481\n|switch|p2a: Scizor|Scizor, F|100\/100\n|turn|3\n|\n|t:|1700620485\n|switch|p1a: Scizor|Scizor, M|100\/100\n|detailschange|p2a: Scizor|Scizor-Mega, F\n|-mega|p2a: Scizor|Scizor|Scizorite\n|move|p2a: Scizor|Bullet Punch|p1a: Scizor\n|-resisted|p1a: Scizor\n|-damage|p1a: Scizor|85\/100\n|\n|upkeep\n|turn|4\n|\n|t:|1700620491\n|move|p2a: Scizor|U-turn|p1a: Scizor\n|-resisted|p1a: Scizor\n|-damage|p1a: Scizor|67\/100\n|\n|t:|1700620493\n|switch|p2a: Gliscor|Gliscor, F|100\/100|[from] U-turn\n|move|p1a: Scizor|Dual Wingbeat|p2a: Gliscor\n|-damage|p2a: Gliscor|83\/100\n|-damage|p2a: Gliscor|64\/100\n|-hitcount|p2a: Gliscor|2\n|\n|-status|p2a: Gliscor|tox|[from] item: Toxic Orb\n|upkeep\n|turn|5\n|\n|t:|1700620501\n|move|p2a: Gliscor|Earthquake|p1a: Scizor\n|-damage|p1a: Scizor|36\/100\n|move|p1a: Scizor|U-turn|p2a: Gliscor\n|-resisted|p2a: Gliscor\n|-damage|p2a: Gliscor|47\/100 tox\n|\n|t:|1700620507\n|switch|p1a: Lopunny|Lopunny, F|100\/100|[from] U-turn\n|\n|-heal|p2a: Gliscor|60\/100 tox|[from] ability: Poison Heal\n|upkeep\n|turn|6\n|\n|t:|1700620511\n|switch|p2a: Alomomola|Alomomola, F|100\/100\n|detailschange|p1a: Lopunny|Lopunny-Mega, F\n|-mega|p1a: Lopunny|Lopunny|Lopunnite\n|move|p1a: Lopunny|Fake Out|p2a: Alomomola\n|-damage|p2a: Alomomola|88\/100\n|\n|upkeep\n|turn|7\n|\n|t:|1700620517\n|move|p1a: Lopunny|U-turn|p2a: Alomomola\n|-damage|p2a: Alomomola|73\/100\n|\n|t:|1700620523\n|switch|p1a: Leavanny|Leavanny, M|8\/100|[from] U-turn\n|move|p2a: Alomomola|Toxic|p1a: Leavanny\n|-status|p1a: Leavanny|tox\n|\n|-damage|p1a: Leavanny|2\/100 tox|[from] psn\n|upkeep\n|turn|8\n|\n|t:|1700620529\n|move|p1a: Leavanny|Sticky Web|p2a: Alomomola\n|-sidestart|p2: hydroj|move: Sticky Web\n|move|p2a: Alomomola|Flip Turn|p1a: Leavanny\n|-resisted|p1a: Leavanny\n|-damage|p1a: Leavanny|0 fnt\n|faint|p1a: Leavanny\n|\n|t:|1700620530\n|switch|p2a: Gliscor|Gliscor, F|60\/100 tox|[from] Flip Turn\n|\n|-heal|p2a: Gliscor|72\/100 tox|[from] ability: Poison Heal\n|upkeep\n|\n|t:|1700620536\n|switch|p1a: Manaphy|Manaphy|100\/100\n|turn|9\n|\n|t:|1700620542\n|switch|p2a: Alomomola|Alomomola, F|100\/100\n|move|p1a: Manaphy|Surf|p2a: Alomomola\n|-resisted|p2a: Alomomola\n|-damage|p2a: Alomomola|84\/100\n|\n|upkeep\n|turn|10\n|\n|t:|1700620546\n|move|p1a: Manaphy|Energy Ball|p2a: Alomomola\n|-supereffective|p2a: Alomomola\n|-damage|p2a: Alomomola|37\/100\n|move|p2a: Alomomola|Toxic|p1a: Manaphy\n|-status|p1a: Manaphy|tox\n|\n|-damage|p1a: Manaphy|94\/100 tox|[from] psn\n|upkeep\n|turn|11\n|\n|t:|1700620556\n|switch|p2a: Tapu Koko|Tapu Koko|100\/100\n|-fieldstart|move: Electric Terrain|[from] ability: Electric Surge|[of] p2a: Tapu Koko\n|move|p1a: Manaphy|Energy Ball|p2a: Tapu Koko\n|-damage|p2a: Tapu Koko|62\/100\n|\n|-damage|p1a: Manaphy|82\/100 tox|[from] psn\n|upkeep\n|turn|12\n|\n|t:|1700620565\n|-terastallize|p1a: Manaphy|Grass\n|move|p2a: Tapu Koko|Thunderbolt|p1a: Manaphy\n|-resisted|p1a: Manaphy\n|-damage|p1a: Manaphy|59\/100 tox\n|move|p1a: Manaphy|Energy Ball|p2a: Tapu Koko\n|-damage|p2a: Tapu Koko|5\/100\n|\n|-damage|p1a: Manaphy|40\/100 tox|[from] psn\n|upkeep\n|turn|13\n|\n|t:|1700620574\n|-terastallize|p2a: Tapu Koko|Grass\n|move|p2a: Tapu Koko|Roost|p2a: Tapu Koko\n|-heal|p2a: Tapu Koko|56\/100\n|move|p1a: Manaphy|Energy Ball|p2a: Tapu Koko\n|-resisted|p2a: Tapu Koko\n|-damage|p2a: Tapu Koko|24\/100\n|-unboost|p2a: Tapu Koko|spd|1\n|\n|-damage|p1a: Manaphy|16\/100 tox|[from] psn\n|upkeep\n|turn|14\n|\n|t:|1700620585\n|move|p2a: Tapu Koko|Hidden Power|p1a: Manaphy\n|-supereffective|p1a: Manaphy\n|-damage|p1a: Manaphy|0 fnt\n|faint|p1a: Manaphy\n|\n|upkeep\n|\n|t:|1700620590\n|switch|p1a: Lopunny|Lopunny-Mega, F|100\/100\n|turn|15\n|\n|t:|1700620599\n|switch|p2a: Scizor|Scizor-Mega, F|100\/100\n|-activate|p2a: Scizor|move: Sticky Web\n|-unboost|p2a: Scizor|spe|1\n|move|p1a: Lopunny|U-turn|p2a: Scizor\n|-resisted|p2a: Scizor\n|-crit|p2a: Scizor\n|-damage|p2a: Scizor|88\/100\n|\n|t:|1700620605\n|switch|p1a: Moltres|Moltres|100\/100|[from] U-turn\n|\n|-fieldend|move: Electric Terrain\n|upkeep\n|turn|16\n|\n|t:|1700620614\n|switch|p2a: Alomomola|Alomomola, F|70\/100\n|move|p1a: Moltres|Will-O-Wisp|p2a: Alomomola\n|-status|p2a: Alomomola|brn\n|\n|-damage|p2a: Alomomola|64\/100 brn|[from] brn\n|upkeep\n|turn|17\n|\n|t:|1700620620\n|move|p1a: Moltres|U-turn|p2a: Alomomola\n|-damage|p2a: Alomomola|55\/100 brn\n|\n|t:|1700620625\n|switch|p1a: Lopunny|Lopunny-Mega, F|100\/100|[from] U-turn\n|move|p2a: Alomomola|Wish|p2a: Alomomola\n|\n|-damage|p2a: Alomomola|49\/100 brn|[from] brn\n|upkeep\n|turn|18\n|\n|t:|1700620630\n|switch|p1a: Dragonite|Dragonite, F|100\/100\n|move|p2a: Alomomola|Protect||[still]\n|-fail|p2a: Alomomola\n|\n|-heal|p2a: Alomomola|99\/100 brn|[from] move: Wish|[wisher] Alomomola\n|-damage|p2a: Alomomola|93\/100 brn|[from] brn\n|upkeep\n|turn|19\n|\n|t:|1700620634\n|move|p1a: Dragonite|Dragon Dance|p1a: Dragonite\n|-boost|p1a: Dragonite|atk|1\n|-boost|p1a: Dragonite|spe|1\n|move|p2a: Alomomola|Toxic|p1a: Dragonite\n|-status|p1a: Dragonite|tox\n|\n|-damage|p1a: Dragonite|94\/100 tox|[from] psn\n|-damage|p2a: Alomomola|87\/100 brn|[from] brn\n|upkeep\n|turn|20\n|\n|t:|1700620640\n|move|p1a: Dragonite|Dragon Claw|p2a: Alomomola\n|-damage|p2a: Alomomola|32\/100 brn\n|-damage|p1a: Dragonite|85\/100 tox|[from] item: Life Orb\n|move|p2a: Alomomola|Wish|p2a: Alomomola\n|\n|-damage|p1a: Dragonite|72\/100 tox|[from] psn\n|-damage|p2a: Alomomola|26\/100 brn|[from] brn\n|upkeep\n|turn|21\n|\n|t:|1700620650\n|switch|p2a: Scizor|Scizor-Mega, F|88\/100\n|-activate|p2a: Scizor|move: Sticky Web\n|-unboost|p2a: Scizor|spe|1\n|move|p1a: Dragonite|Dragon Dance|p1a: Dragonite\n|-boost|p1a: Dragonite|atk|1\n|-boost|p1a: Dragonite|spe|1\n|\n|-heal|p2a: Scizor|100\/100|[from] move: Wish|[wisher] Alomomola\n|-damage|p1a: Dragonite|54\/100 tox|[from] psn\n|upkeep\n|turn|22\n|\n|t:|1700620657\n|move|p2a: Scizor|Bullet Punch|p1a: Dragonite\n|-damage|p1a: Dragonite|27\/100 tox\n|move|p1a: Dragonite|Earthquake|p2a: Scizor\n|-damage|p2a: Scizor|33\/100\n|-damage|p1a: Dragonite|18\/100 tox|[from] item: Life Orb\n|\n|-damage|p1a: Dragonite|0 fnt|[from] psn\n|faint|p1a: Dragonite\n|upkeep\n|\n|t:|1700620669\n|switch|p1a: Lopunny|Lopunny-Mega, F|100\/100\n|turn|23\n|\n|t:|1700620679\n|move|p1a: Lopunny|Fake Out|p2a: Scizor\n|-resisted|p2a: Scizor\n|-damage|p2a: Scizor|26\/100\n|cant|p2a: Scizor|flinch\n|\n|upkeep\n|turn|24\n|\n|t:|1700620683\n|switch|p2a: Gliscor|Gliscor, F|72\/100 tox\n|move|p1a: Lopunny|High Jump Kick|p2a: Gliscor\n|-resisted|p2a: Gliscor\n|-damage|p2a: Gliscor|43\/100 tox\n|\n|-heal|p2a: Gliscor|55\/100 tox|[from] ability: Poison Heal\n|upkeep\n|turn|25\n|\n|t:|1700620691\n|move|p1a: Lopunny|Frustration|p2a: Gliscor\n|-damage|p2a: Gliscor|12\/100 tox\n|move|p2a: Gliscor|Roost|p2a: Gliscor\n|-heal|p2a: Gliscor|62\/100 tox\n|-singleturn|p2a: Gliscor|move: Roost\n|\n|-heal|p2a: Gliscor|75\/100 tox|[from] ability: Poison Heal\n|upkeep\n|turn|26\n|\n|t:|1700620709\n|move|p1a: Lopunny|Frustration|p2a: Gliscor\n|-damage|p2a: Gliscor|27\/100 tox\n|move|p2a: Gliscor|Toxic|p1a: Lopunny\n|-status|p1a: Lopunny|tox\n|\n|-damage|p1a: Lopunny|95\/100 tox|[from] psn\n|-heal|p2a: Gliscor|40\/100 tox|[from] ability: Poison Heal\n|upkeep\n|turn|27\n|l| Bayern72915\n|\n|t:|1700620725\n|switch|p2a: Scizor|Scizor-Mega, F|26\/100\n|-activate|p2a: Scizor|move: Sticky Web\n|-unboost|p2a: Scizor|spe|1\n|move|p1a: Lopunny|Frustration|p2a: Scizor\n|-resisted|p2a: Scizor\n|-damage|p2a: Scizor|9\/100\n|\n|-damage|p1a: Lopunny|83\/100 tox|[from] psn\n|upkeep\n|turn|28\n|\n|t:|1700620733\n|move|p2a: Scizor|Bullet Punch|p1a: Lopunny\n|-damage|p1a: Lopunny|46\/100 tox\n|move|p1a: Lopunny|Frustration|p2a: Scizor\n|-resisted|p2a: Scizor\n|-damage|p2a: Scizor|0 fnt\n|faint|p2a: Scizor\n|\n|-damage|p1a: Lopunny|28\/100 tox|[from] psn\n|upkeep\n|inactive|Battle timer is ON: inactive players will automatically lose when time's up. (requested by Jackdsaurus)\n|\n|t:|1700620758\n|switch|p2a: Alomomola|Alomomola, F|60\/100 brn\n|turn|29\n|\n|t:|1700620762\n|move|p1a: Lopunny|High Jump Kick|p2a: Alomomola\n|-damage|p2a: Alomomola|21\/100 brn\n|move|p2a: Alomomola|Wish|p2a: Alomomola\n|\n|-damage|p1a: Lopunny|5\/100 tox|[from] psn\n|-damage|p2a: Alomomola|15\/100 brn|[from] brn\n|upkeep\n|turn|30\n|\n|t:|1700620771\n|switch|p1a: Scizor|Scizor, M|36\/100\n|move|p2a: Alomomola|Protect||[still]\n|-fail|p2a: Alomomola\n|\n|-heal|p2a: Alomomola|65\/100 brn|[from] move: Wish|[wisher] Alomomola\n|-damage|p2a: Alomomola|59\/100 brn|[from] brn\n|upkeep\n|turn|31\n|\n|t:|1700620775\n|move|p1a: Scizor|Dual Wingbeat|p2a: Alomomola\n|-damage|p2a: Alomomola|45\/100 brn\n|-damage|p2a: Alomomola|32\/100 brn\n|-hitcount|p2a: Alomomola|2\n|move|p2a: Alomomola|Flip Turn|p1a: Scizor\n|-damage|p1a: Scizor|28\/100\n|\n|t:|1700620781\n|switch|p2a: Gliscor|Gliscor, F|40\/100 tox|[from] Flip Turn\n|\n|-heal|p2a: Gliscor|52\/100 tox|[from] ability: Poison Heal\n|upkeep\n|turn|32\n|\n|t:|1700620787\n|move|p1a: Scizor|Bullet Punch|p2a: Gliscor\n|-damage|p2a: Gliscor|18\/100 tox\n|move|p2a: Gliscor|Earthquake|p1a: Scizor\n|-damage|p1a: Scizor|0 fnt\n|faint|p1a: Scizor\n|\n|-heal|p2a: Gliscor|31\/100 tox|[from] ability: Poison Heal\n|upkeep\n|\n|t:|1700620796\n|switch|p1a: Lopunny|Lopunny-Mega, F|5\/100 tox\n|turn|33\n|\n|t:|1700620802\n|move|p1a: Lopunny|Frustration|p2a: Gliscor\n|-damage|p2a: Gliscor|0 fnt\n|faint|p2a: Gliscor\n|\n|-damage|p1a: Lopunny|0 fnt|[from] psn\n|faint|p1a: Lopunny\n|upkeep\n|\n|t:|1700620813\n|switch|p1a: Moltres|Moltres|100\/100\n|switch|p2a: Tapu Koko|Tapu Koko, tera:Grass|24\/100\n|-fieldstart|move: Electric Terrain|[from] ability: Electric Surge|[of] p2a: Tapu Koko\n|turn|34\n|\n|t:|1700620816\n|move|p2a: Tapu Koko|Thunderbolt|p1a: Moltres\n|-supereffective|p1a: Moltres\n|-damage|p1a: Moltres|0 fnt\n|faint|p1a: Moltres\n|\n|win|hydroj\n|raw|Jackdsaurus's rating: 1345 &rarr; <strong>1330<\/strong><br \/>(-15 for losing)\n|raw|hydroj's rating: 1441 &rarr; <strong>1456<\/strong><br \/>(+15 for winning)\n|l|\u2606Jackdsaurus\n|c|\u2606hydroj|gg\n","uploadtime":1700620831,"views":0,"p1id":"jackdsaurus","p2id":"hydroj","formatid":"gen9nationaldex","rating":1330,"private":0,"password":""}