{"id":"gen9nationaldex-1991760223","p1":"taoke","p2":"Satellarish","format":"[Gen 9] National Dex","log":"|j|\u2606taoke\n|j|\u2606Satellarish\n|t:|1700112469\n|gametype|singles\n|player|p1|taoke|cyclist|\n|player|p2|Satellarish|pokemonranger-gen4|\n|teamsize|p1|6\n|teamsize|p2|6\n|gen|9\n|tier|[Gen 9] National Dex\n|rated|Tournament battle\n|rule|HP Percentage Mod: HP is shown in percentages\n|rule|Endless Battle Clause: Forcing endless battles is banned\n|rule|OHKO Clause: OHKO moves are banned\n|rule|Evasion Clause: Evasion abilities, items, and moves are banned\n|rule|Evasion Abilities Clause: Evasion abilities are banned\n|rule|Evasion Items Clause: Evasion items are banned\n|rule|Evasion Moves Clause: Evasion moves are banned\n|rule|Species Clause: Limit one of each Pok\u00e9mon\n|rule|Sleep Clause Mod: Limit one foe put to sleep\n|clearpoke\n|poke|p1|Ting-Lu|\n|poke|p1|Great Tusk|\n|poke|p1|Vaporeon, F|\n|poke|p1|Sylveon, F|\n|poke|p1|Espeon, M|\n|poke|p1|Scizor, M|\n|poke|p2|Skeledirge, M|\n|poke|p2|Rotom-Mow|\n|poke|p2|Glimmora, F|\n|poke|p2|Great Tusk|\n|poke|p2|Zarude-Dada|\n|poke|p2|Clodsire, F|\n|teampreview\n|j| mtws1605\n|\n|t:|1700112484\n|start\n|switch|p1a: Vaporeon|Vaporeon, F|100\/100\n|switch|p2a: Zarude|Zarude-Dada|100\/100\n|turn|1\n|j| lchx\n|\n|t:|1700112496\n|move|p1a: Vaporeon|Protect|p1a: Vaporeon\n|-singleturn|p1a: Vaporeon|Protect\n|move|p2a: Zarude|Bulk Up|p2a: Zarude\n|-boost|p2a: Zarude|atk|1\n|-boost|p2a: Zarude|def|1\n|\n|upkeep\n|turn|2\n|j| playeraccount\n|\n|t:|1700112511\n|move|p2a: Zarude|Crunch|p1a: Vaporeon\n|-damage|p1a: Vaporeon|59\/100\n|-unboost|p1a: Vaporeon|def|1\n|move|p1a: Vaporeon|Haze|p1a: Vaporeon\n|-clearallboost\n|\n|-heal|p1a: Vaporeon|65\/100|[from] item: Leftovers\n|upkeep\n|turn|3\n|\n|t:|1700112522\n|switch|p1a: Scizor|Scizor, M|100\/100\n|move|p2a: Zarude|Bulk Up|p2a: Zarude\n|-boost|p2a: Zarude|atk|1\n|-boost|p2a: Zarude|def|1\n|\n|upkeep\n|turn|4\n|\n|t:|1700112534\n|detailschange|p1a: Scizor|Scizor-Mega, M\n|-mega|p1a: Scizor|Scizor|Scizorite\n|move|p2a: Zarude|Crunch|p1a: Scizor\n|-damage|p1a: Scizor|66\/100\n|move|p1a: Scizor|U-turn|p2a: Zarude\n|-supereffective|p2a: Zarude\n|-damage|p2a: Zarude|24\/100\n|\n|t:|1700112543\n|switch|p1a: Sylveon|Sylveon, F|100\/100|[from] U-turn\n|\n|-heal|p2a: Zarude|30\/100|[from] item: Leftovers\n|upkeep\n|turn|5\n|j| stpruty\n|\n|t:|1700112553\n|switch|p2a: Glimmora|Glimmora, F|100\/100\n|move|p1a: Sylveon|Hyper Voice|p2a: Glimmora\n|-resisted|p2a: Glimmora\n|-damage|p2a: Glimmora|73\/100\n|\n|upkeep\n|turn|6\n|\n|t:|1700112571\n|switch|p1a: Espeon|Espeon, M|100\/100\n|move|p2a: Glimmora|Mortal Spin|p1a: Espeon\n|-damage|p1a: Espeon|93\/100\n|-status|p1a: Espeon|psn\n|\n|-heal|p1a: Espeon|99\/100 psn|[from] item: Leftovers\n|-damage|p1a: Espeon|86\/100 psn|[from] psn\n|upkeep\n|turn|7\n|\n|t:|1700112582\n|switch|p2a: Zarude|Zarude-Dada|30\/100\n|move|p1a: Espeon|Calm Mind|p1a: Espeon\n|-boost|p1a: Espeon|spa|1\n|-boost|p1a: Espeon|spd|1\n|\n|-heal|p1a: Espeon|93\/100 psn|[from] item: Leftovers\n|-heal|p2a: Zarude|36\/100|[from] item: Leftovers\n|-damage|p1a: Espeon|80\/100 psn|[from] psn\n|upkeep\n|turn|8\n|\n|t:|1700112597\n|-terastallize|p1a: Espeon|Steel\n|move|p1a: Espeon|Dazzling Gleam|p2a: Zarude\n|-supereffective|p2a: Zarude\n|-damage|p2a: Zarude|0 fnt\n|faint|p2a: Zarude\n|\n|-heal|p1a: Espeon|86\/100 psn|[from] item: Leftovers\n|-damage|p1a: Espeon|74\/100 psn|[from] psn\n|upkeep\n|\n|t:|1700112617\n|switch|p2a: Skeledirge|Skeledirge, M|100\/100\n|turn|9\n|\n|t:|1700112621\n|switch|p1a: Vaporeon|Vaporeon, F|65\/100\n|move|p2a: Skeledirge|Torch Song|p1a: Vaporeon\n|-resisted|p1a: Vaporeon\n|-damage|p1a: Vaporeon|53\/100\n|-boost|p2a: Skeledirge|spa|1\n|\n|-heal|p1a: Vaporeon|59\/100|[from] item: Leftovers\n|upkeep\n|turn|10\n|l| playeraccount\n|\n|t:|1700112638\n|-terastallize|p2a: Skeledirge|Water\n|move|p2a: Skeledirge|Torch Song|p1a: Vaporeon\n|-resisted|p1a: Vaporeon\n|-damage|p1a: Vaporeon|42\/100\n|-boost|p2a: Skeledirge|spa|1\n|move|p1a: Vaporeon|Haze|p1a: Vaporeon\n|-clearallboost\n|\n|-heal|p1a: Vaporeon|48\/100|[from] item: Leftovers\n|upkeep\n|turn|11\n|\n|t:|1700112651\n|move|p2a: Skeledirge|Earth Power|p1a: Vaporeon\n|-damage|p1a: Vaporeon|30\/100\n|-unboost|p1a: Vaporeon|spd|1\n|move|p1a: Vaporeon|Wish|p1a: Vaporeon\n|\n|-heal|p1a: Vaporeon|36\/100|[from] item: Leftovers\n|upkeep\n|turn|12\n|\n|t:|1700112661\n|switch|p2a: Clodsire|Clodsire, F|100\/100\n|move|p1a: Vaporeon|Protect||[still]\n|-fail|p1a: Vaporeon\n|\n|-heal|p1a: Vaporeon|86\/100|[from] move: Wish|[wisher] Vaporeon\n|-heal|p1a: Vaporeon|93\/100|[from] item: Leftovers\n|upkeep\n|turn|13\n|\n|t:|1700112673\n|move|p1a: Vaporeon|Scald|p2a: Clodsire\n|-supereffective|p2a: Clodsire\n|-damage|p2a: Clodsire|54\/100\n|-status|p2a: Clodsire|brn\n|move|p2a: Clodsire|Stealth Rock|p1a: Vaporeon\n|-sidestart|p1: taoke|move: Stealth Rock\n|\n|-heal|p1a: Vaporeon|99\/100|[from] item: Leftovers\n|-heal|p2a: Clodsire|60\/100 brn|[from] item: Black Sludge\n|-damage|p2a: Clodsire|54\/100 brn|[from] brn\n|upkeep\n|turn|14\n|\n|t:|1700112686\n|switch|p2a: Rotom|Rotom-Mow|100\/100\n|move|p1a: Vaporeon|Scald|p2a: Rotom\n|-resisted|p2a: Rotom\n|-damage|p2a: Rotom|83\/100\n|\n|-heal|p1a: Vaporeon|100\/100|[from] item: Leftovers\n|upkeep\n|turn|15\n|\n|t:|1700112697\n|move|p1a: Vaporeon|Protect|p1a: Vaporeon\n|-singleturn|p1a: Vaporeon|Protect\n|move|p2a: Rotom|Leaf Storm|p1a: Vaporeon\n|-activate|p1a: Vaporeon|move: Protect\n|\n|upkeep\n|turn|16\n|\n|t:|1700112705\n|switch|p1a: Scizor|Scizor-Mega, M|66\/100\n|-damage|p1a: Scizor|54\/100|[from] Stealth Rock\n|move|p2a: Rotom|Leaf Storm|p1a: Scizor\n|-resisted|p1a: Scizor\n|-damage|p1a: Scizor|42\/100\n|-unboost|p2a: Rotom|spa|2\n|\n|upkeep\n|turn|17\n|\n|t:|1700112716\n|switch|p2a: Glimmora|Glimmora, F|73\/100\n|move|p1a: Scizor|Roost|p1a: Scizor\n|-heal|p1a: Scizor|92\/100\n|-singleturn|p1a: Scizor|move: Roost\n|\n|upkeep\n|turn|18\n|l|\u2606taoke\n|player|p1|\n|j|\u2606taoke\n|player|p1|taoke|cyclist\n|\n|t:|1700112779\n|switch|p2a: Clodsire|Clodsire, F|54\/100 brn\n|move|p1a: Scizor|Swords Dance|p1a: Scizor\n|-boost|p1a: Scizor|atk|2\n|\n|-heal|p2a: Clodsire|60\/100 brn|[from] item: Black Sludge\n|-damage|p2a: Clodsire|54\/100 brn|[from] brn\n|upkeep\n|turn|19\n|\n|t:|1700112796\n|move|p1a: Scizor|U-turn|p2a: Clodsire\n|-resisted|p2a: Clodsire\n|-damage|p2a: Clodsire|42\/100 brn\n|\n|t:|1700112800\n|switch|p1a: Sylveon|Sylveon, F|100\/100|[from] U-turn\n|-damage|p1a: Sylveon|88\/100|[from] Stealth Rock\n|move|p2a: Clodsire|Counter|p1a: Sylveon\n|-damage|p1a: Sylveon|60\/100\n|\n|-heal|p1a: Sylveon|66\/100|[from] item: Leftovers\n|-heal|p2a: Clodsire|48\/100 brn|[from] item: Black Sludge\n|-damage|p2a: Clodsire|42\/100 brn|[from] brn\n|upkeep\n|turn|20\n|\n|t:|1700112813\n|move|p1a: Sylveon|Heal Bell|p1a: Sylveon\n|-activate|p1a: Sylveon|move: Heal Bell\n|-curestatus|p1: Espeon|psn|[msg]\n|move|p2a: Clodsire|Recover|p2a: Clodsire\n|-heal|p2a: Clodsire|92\/100 brn\n|\n|-heal|p1a: Sylveon|72\/100|[from] item: Leftovers\n|-heal|p2a: Clodsire|98\/100 brn|[from] item: Black Sludge\n|-damage|p2a: Clodsire|92\/100 brn|[from] brn\n|upkeep\n|turn|21\n|\n|t:|1700112827\n|move|p1a: Sylveon|Wish|p1a: Sylveon\n|move|p2a: Clodsire|Earthquake|p1a: Sylveon\n|-damage|p1a: Sylveon|60\/100\n|\n|-heal|p1a: Sylveon|66\/100|[from] item: Leftovers\n|-heal|p2a: Clodsire|98\/100 brn|[from] item: Black Sludge\n|-damage|p2a: Clodsire|92\/100 brn|[from] brn\n|upkeep\n|turn|22\n|j| playeraccount\n|\n|t:|1700112840\n|switch|p1a: Vaporeon|Vaporeon, F|100\/100\n|-damage|p1a: Vaporeon|88\/100|[from] Stealth Rock\n|switch|p2a: Glimmora|Glimmora, F|73\/100\n|\n|-heal|p1a: Vaporeon|100\/100|[from] move: Wish|[wisher] Sylveon\n|upkeep\n|turn|23\n|\n|t:|1700112853\n|move|p2a: Glimmora|Mortal Spin|p1a: Vaporeon\n|-damage|p1a: Vaporeon|96\/100\n|-status|p1a: Vaporeon|psn\n|move|p1a: Vaporeon|Scald|p2a: Glimmora\n|-supereffective|p2a: Glimmora\n|-damage|p2a: Glimmora|0 fnt\n|faint|p2a: Glimmora\n|\n|-heal|p1a: Vaporeon|100\/100 psn|[from] item: Leftovers\n|-damage|p1a: Vaporeon|88\/100 psn|[from] psn\n|upkeep\n|\n|t:|1700112870\n|switch|p2a: Rotom|Rotom-Mow|83\/100\n|turn|24\n|\n|t:|1700112882\n|switch|p1a: Ting-Lu|Ting-Lu|100\/100\n|-damage|p1a: Ting-Lu|94\/100|[from] Stealth Rock\n|-ability|p1a: Ting-Lu|Vessel of Ruin\n|move|p2a: Rotom|Trick|p1a: Ting-Lu\n|-activate|p2a: Rotom|move: Trick|[of] p1a: Ting-Lu\n|-item|p1a: Ting-Lu|Choice Scarf|[from] move: Trick\n|-item|p2a: Rotom|Leftovers|[from] move: Trick\n|\n|-heal|p2a: Rotom|89\/100|[from] item: Leftovers\n|upkeep\n|turn|25\n|l| playeraccount\n|\n|t:|1700112896\n|move|p2a: Rotom|Leaf Storm|p1a: Ting-Lu\n|-supereffective|p1a: Ting-Lu\n|-damage|p1a: Ting-Lu|46\/100\n|-unboost|p2a: Rotom|spa|2\n|move|p1a: Ting-Lu|Stealth Rock|p2a: Rotom\n|-sidestart|p2: Satellarish|move: Stealth Rock\n|\n|-heal|p2a: Rotom|95\/100|[from] item: Leftovers\n|upkeep\n|turn|26\n|\n|t:|1700112910\n|switch|p1a: Great Tusk|Great Tusk|100\/100\n|-damage|p1a: Great Tusk|98\/100|[from] Stealth Rock\n|move|p2a: Rotom|Will-O-Wisp|p1a: Great Tusk\n|-status|p1a: Great Tusk|brn\n|\n|-heal|p2a: Rotom|100\/100|[from] item: Leftovers\n|-heal|p1a: Great Tusk|100\/100 brn|[from] item: Leftovers\n|-damage|p1a: Great Tusk|94\/100 brn|[from] brn\n|upkeep\n|turn|27\n|\n|t:|1700112925\n|switch|p2a: Clodsire|Clodsire, F|92\/100 brn\n|-damage|p2a: Clodsire|86\/100 brn|[from] Stealth Rock\n|move|p1a: Great Tusk|Rapid Spin|p2a: Clodsire\n|-damage|p2a: Clodsire|78\/100 brn\n|-boost|p1a: Great Tusk|spe|1\n|-sideend|p1: taoke|Stealth Rock|[from] move: Rapid Spin|[of] p1a: Great Tusk\n|\n|-heal|p1a: Great Tusk|100\/100 brn|[from] item: Leftovers\n|-heal|p2a: Clodsire|85\/100 brn|[from] item: Black Sludge\n|-damage|p1a: Great Tusk|94\/100 brn|[from] brn\n|-damage|p2a: Clodsire|78\/100 brn|[from] brn\n|upkeep\n|turn|28\n|\n|t:|1700112943\n|-end|p1a: Great Tusk|Protosynthesis|[silent]\n|switch|p1a: Sylveon|Sylveon, F|66\/100\n|move|p2a: Clodsire|Recover|p2a: Clodsire\n|-heal|p2a: Clodsire|100\/100 brn\n|\n|-heal|p1a: Sylveon|72\/100|[from] item: Leftovers\n|-damage|p2a: Clodsire|94\/100 brn|[from] brn\n|upkeep\n|turn|29\n|j| YJLF\n|\n|t:|1700112955\n|move|p1a: Sylveon|Heal Bell|p1a: Sylveon\n|-activate|p1a: Sylveon|move: Heal Bell\n|-curestatus|p1: Vaporeon|psn|[msg]\n|-curestatus|p1: Great Tusk|brn|[msg]\n|move|p2a: Clodsire|Stealth Rock|p1a: Sylveon\n|-sidestart|p1: taoke|move: Stealth Rock\n|\n|-heal|p1a: Sylveon|78\/100|[from] item: Leftovers\n|-heal|p2a: Clodsire|100\/100 brn|[from] item: Black Sludge\n|-damage|p2a: Clodsire|94\/100 brn|[from] brn\n|upkeep\n|turn|30\n|\n|t:|1700112967\n|switch|p2a: Great Tusk|Great Tusk|100\/100\n|-damage|p2a: Great Tusk|98\/100|[from] Stealth Rock\n|move|p1a: Sylveon|Wish|p1a: Sylveon\n|\n|-heal|p1a: Sylveon|85\/100|[from] item: Leftovers\n|upkeep\n|turn|31\n|\n|t:|1700112976\n|move|p2a: Great Tusk|Rapid Spin|p1a: Sylveon\n|-damage|p1a: Sylveon|70\/100\n|-boost|p2a: Great Tusk|spe|1\n|-sideend|p2: Satellarish|Stealth Rock|[from] move: Rapid Spin|[of] p2a: Great Tusk\n|move|p1a: Sylveon|Hyper Voice|p2a: Great Tusk\n|-supereffective|p2a: Great Tusk\n|-damage|p2a: Great Tusk|0 fnt\n|faint|p2a: Great Tusk\n|-end|p2a: Great Tusk|Protosynthesis|[silent]\n|\n|-heal|p1a: Sylveon|100\/100|[from] move: Wish|[wisher] Sylveon\n|upkeep\n|l| stpruty\n|\n|t:|1700112999\n|switch|p2a: Skeledirge|Skeledirge, M, tera:Water|100\/100\n|turn|32\n|\n|t:|1700113004\n|move|p1a: Sylveon|Protect|p1a: Sylveon\n|-singleturn|p1a: Sylveon|Protect\n|move|p2a: Skeledirge|Torch Song|p1a: Sylveon\n|-activate|p1a: Sylveon|move: Protect\n|\n|upkeep\n|turn|33\n|\n|t:|1700113013\n|switch|p1a: Vaporeon|Vaporeon, F|88\/100\n|-damage|p1a: Vaporeon|75\/100|[from] Stealth Rock\n|move|p2a: Skeledirge|Torch Song|p1a: Vaporeon\n|-resisted|p1a: Vaporeon\n|-damage|p1a: Vaporeon|65\/100\n|-boost|p2a: Skeledirge|spa|1\n|\n|-heal|p1a: Vaporeon|71\/100|[from] item: Leftovers\n|upkeep\n|turn|34\n|\n|t:|1700113024\n|move|p2a: Skeledirge|Hex|p1a: Vaporeon\n|-damage|p1a: Vaporeon|44\/100\n|move|p1a: Vaporeon|Haze|p1a: Vaporeon\n|-clearallboost\n|\n|-heal|p1a: Vaporeon|50\/100|[from] item: Leftovers\n|upkeep\n|turn|35\n|\n|t:|1700113035\n|move|p2a: Skeledirge|Earth Power|p1a: Vaporeon\n|-crit|p1a: Vaporeon\n|-damage|p1a: Vaporeon|26\/100\n|-unboost|p1a: Vaporeon|spd|1\n|move|p1a: Vaporeon|Wish|p1a: Vaporeon\n|\n|-heal|p1a: Vaporeon|32\/100|[from] item: Leftovers\n|upkeep\n|turn|36\n|\n|t:|1700113050\n|move|p1a: Vaporeon|Protect|p1a: Vaporeon\n|-singleturn|p1a: Vaporeon|Protect\n|move|p2a: Skeledirge|Earth Power|p1a: Vaporeon\n|-activate|p1a: Vaporeon|move: Protect\n|\n|-heal|p1a: Vaporeon|82\/100|[from] move: Wish|[wisher] Vaporeon\n|-heal|p1a: Vaporeon|89\/100|[from] item: Leftovers\n|upkeep\n|turn|37\n|\n|t:|1700113068\n|switch|p2a: Rotom|Rotom-Mow|100\/100\n|move|p1a: Vaporeon|Haze|p1a: Vaporeon\n|-clearallboost\n|\n|-heal|p1a: Vaporeon|95\/100|[from] item: Leftovers\n|upkeep\n|turn|38\n|j| playeraccount\n|\n|t:|1700113079\n|move|p1a: Vaporeon|Protect|p1a: Vaporeon\n|-singleturn|p1a: Vaporeon|Protect\n|move|p2a: Rotom|Volt Switch|p1a: Vaporeon\n|-activate|p1a: Vaporeon|move: Protect\n|\n|-heal|p1a: Vaporeon|100\/100|[from] item: Leftovers\n|upkeep\n|turn|39\n|\n|t:|1700113091\n|switch|p1a: Scizor|Scizor-Mega, M|92\/100\n|-damage|p1a: Scizor|80\/100|[from] Stealth Rock\n|move|p2a: Rotom|Volt Switch|p1a: Scizor\n|-damage|p1a: Scizor|58\/100\n|\n|t:|1700113098\n|switch|p2a: Skeledirge|Skeledirge, M, tera:Water|100\/100|[from] Volt Switch\n|\n|upkeep\n|turn|40\n|\n|t:|1700113105\n|switch|p1a: Vaporeon|Vaporeon, F|100\/100\n|-damage|p1a: Vaporeon|88\/100|[from] Stealth Rock\n|move|p2a: Skeledirge|Torch Song|p1a: Vaporeon\n|-resisted|p1a: Vaporeon\n|-damage|p1a: Vaporeon|77\/100\n|-boost|p2a: Skeledirge|spa|1\n|\n|-heal|p1a: Vaporeon|83\/100|[from] item: Leftovers\n|upkeep\n|turn|41\n|\n|t:|1700113120\n|move|p2a: Skeledirge|Hex|p1a: Vaporeon\n|-damage|p1a: Vaporeon|58\/100\n|move|p1a: Vaporeon|Haze|p1a: Vaporeon\n|-clearallboost\n|\n|-heal|p1a: Vaporeon|64\/100|[from] item: Leftovers\n|upkeep\n|turn|42\n|\n|t:|1700113137\n|move|p2a: Skeledirge|Hex|p1a: Vaporeon\n|-damage|p1a: Vaporeon|46\/100\n|move|p1a: Vaporeon|Wish|p1a: Vaporeon\n|\n|-heal|p1a: Vaporeon|53\/100|[from] item: Leftovers\n|upkeep\n|turn|43\n|l| playeraccount\n|\n|t:|1700113164\n|switch|p2a: Rotom|Rotom-Mow|100\/100\n|move|p1a: Vaporeon|Protect||[still]\n|-fail|p1a: Vaporeon\n|\n|-heal|p1a: Vaporeon|100\/100|[from] move: Wish|[wisher] Vaporeon\n|upkeep\n|turn|44\n|\n|t:|1700113178\n|move|p1a: Vaporeon|Protect|p1a: Vaporeon\n|-singleturn|p1a: Vaporeon|Protect\n|move|p2a: Rotom|Will-O-Wisp|p1a: Vaporeon\n|-activate|p1a: Vaporeon|move: Protect\n|\n|upkeep\n|turn|45\n|\n|t:|1700113192\n|move|p2a: Rotom|Will-O-Wisp|p1a: Vaporeon\n|-status|p1a: Vaporeon|brn\n|move|p1a: Vaporeon|Wish|p1a: Vaporeon\n|\n|-damage|p1a: Vaporeon|94\/100 brn|[from] brn\n|upkeep\n|turn|46\n|\n|t:|1700113201\n|switch|p1a: Espeon|Espeon, M, tera:Steel|74\/100\n|-damage|p1a: Espeon|68\/100|[from] Stealth Rock\n|move|p2a: Rotom|Will-O-Wisp|p1a: Espeon\n|move|p1a: Espeon|Will-O-Wisp|p2a: Rotom|[from]ability: Magic Bounce\n|-status|p2a: Rotom|brn\n|\n|-heal|p1a: Espeon|100\/100|[from] move: Wish|[wisher] Vaporeon\n|-damage|p2a: Rotom|94\/100 brn|[from] brn\n|upkeep\n|turn|47\n|\n|t:|1700113218\n|move|p1a: Espeon|Calm Mind|p1a: Espeon\n|-boost|p1a: Espeon|spa|1\n|-boost|p1a: Espeon|spd|1\n|move|p2a: Rotom|Volt Switch|p1a: Espeon\n|-damage|p1a: Espeon|82\/100\n|\n|t:|1700113224\n|switch|p2a: Skeledirge|Skeledirge, M, tera:Water|100\/100|[from] Volt Switch\n|\n|-heal|p1a: Espeon|88\/100|[from] item: Leftovers\n|upkeep\n|turn|48\n|\n|t:|1700113234\n|switch|p1a: Vaporeon|Vaporeon, F|94\/100 brn\n|-damage|p1a: Vaporeon|82\/100 brn|[from] Stealth Rock\n|move|p2a: Skeledirge|Torch Song|p1a: Vaporeon\n|-resisted|p1a: Vaporeon\n|-damage|p1a: Vaporeon|69\/100 brn\n|-boost|p2a: Skeledirge|spa|1\n|\n|-heal|p1a: Vaporeon|76\/100 brn|[from] item: Leftovers\n|-damage|p1a: Vaporeon|69\/100 brn|[from] brn\n|upkeep\n|turn|49\n|\n|t:|1700113270\n|move|p2a: Skeledirge|Hex|p1a: Vaporeon\n|-damage|p1a: Vaporeon|12\/100 brn\n|move|p1a: Vaporeon|Wish|p1a: Vaporeon\n|\n|-heal|p1a: Vaporeon|18\/100 brn|[from] item: Leftovers\n|-damage|p1a: Vaporeon|12\/100 brn|[from] brn\n|upkeep\n|turn|50\n|\n|t:|1700113283\n|move|p1a: Vaporeon|Protect|p1a: Vaporeon\n|-singleturn|p1a: Vaporeon|Protect\n|move|p2a: Skeledirge|Earth Power|p1a: Vaporeon\n|-activate|p1a: Vaporeon|move: Protect\n|\n|-heal|p1a: Vaporeon|62\/100 brn|[from] move: Wish|[wisher] Vaporeon\n|-heal|p1a: Vaporeon|68\/100 brn|[from] item: Leftovers\n|-damage|p1a: Vaporeon|62\/100 brn|[from] brn\n|upkeep\n|turn|51\n|c|\u2606taoke|\u6e9c\u4e86\uff0c\u642c\u7816\u4e86\n|-message|taoke forfeited.\n|\n|win|Satellarish\n|n|\u2606Satellarish|satellarish\n|n| mtws1605|mtws1605\n|n| lchx|lchx\n|n|\u2606taoke|taoke\n|n| YJLF|yjlf\n","uploadtime":1700113333,"views":7,"p1id":"taoke","p2id":"satellarish","formatid":"gen9nationaldex","rating":0,"private":0,"password":""}