{"id":"gen9nationaldex-2000006659","p1":"KakunaBR","p2":"Trainer890","format":"[Gen 9] National Dex","log":"|html|<div class=\"broadcast-blue\"><strong>[Gen 9] National Dex is currently suspecting Sneasler! For information on how to participate check out the <a href=\"https:\/\/www.smogon.com\/forums\/threads\/sv-national-dex-suspect-8-just-dance.3731534\/\">suspect thread<\/a>.<\/strong><\/div>\n|j|\u2606KakunaBR\n|j|\u2606Trainer890\n|t:|1701140357\n|gametype|singles\n|player|p1|KakunaBR|veteran|1546\n|player|p2|Trainer890|lucas|1440\n|teamsize|p1|6\n|teamsize|p2|6\n|gen|9\n|tier|[Gen 9] National Dex\n|rated|\n|rule|HP Percentage Mod: HP is shown in percentages\n|rule|Endless Battle Clause: Forcing endless battles is banned\n|rule|OHKO Clause: OHKO moves are banned\n|rule|Evasion Clause: Evasion abilities, items, and moves are banned\n|rule|Evasion Abilities Clause: Evasion abilities are banned\n|rule|Evasion Items Clause: Evasion items are banned\n|rule|Evasion Moves Clause: Evasion moves are banned\n|rule|Species Clause: Limit one of each Pok\u00e9mon\n|rule|Sleep Clause Mod: Limit one foe put to sleep\n|clearpoke\n|poke|p1|Charizard, F|\n|poke|p1|Gengar, F|\n|poke|p1|Dragonite, M|\n|poke|p1|Cinderace, F|\n|poke|p1|Machamp, M|\n|poke|p1|Ferrothorn, F|\n|poke|p2|Swampert, F|\n|poke|p2|Pelipper, F|\n|poke|p2|Kartana|\n|poke|p2|Scizor, F|\n|poke|p2|Blaziken, F|\n|poke|p2|Iron Valiant|\n|teampreview\n|inactive|Battle timer is ON: inactive players will automatically lose when time's up. (requested by Trainer890)\n|\n|t:|1701140378\n|start\n|switch|p1a: Charizard|Charizard, F|100\/100\n|switch|p2a: Scizor|Scizor, F|100\/100\n|turn|1\n|\n|t:|1701140387\n|switch|p2a: Swampert|Swampert, F|100\/100\n|detailschange|p1a: Charizard|Charizard-Mega-Y, F\n|-mega|p1a: Charizard|Charizard|Charizardite Y\n|-weather|SunnyDay|[from] ability: Drought|[of] p1a: Charizard\n|move|p1a: Charizard|Fire Blast|p2a: Swampert|[miss]\n|-miss|p1a: Charizard|p2a: Swampert\n|\n|-weather|SunnyDay|[upkeep]\n|upkeep\n|turn|2\n|\n|t:|1701140393\n|switch|p1a: Ferrothorn|Ferrothorn, F|100\/100\n|switch|p2a: Pelipper|Pelipper, F|100\/100\n|-weather|RainDance|[from] ability: Drizzle|[of] p2a: Pelipper\n|\n|-weather|RainDance|[upkeep]\n|upkeep\n|turn|3\n|\n|t:|1701140401\n|switch|p2a: Blaziken|Blaziken, F|100\/100\n|move|p1a: Ferrothorn|Stealth Rock|p2a: Blaziken\n|-sidestart|p2: Trainer890|move: Stealth Rock\n|\n|-weather|RainDance|[upkeep]\n|upkeep\n|turn|4\n|\n|t:|1701140407\n|switch|p1a: Dragonite|Dragonite, M|100\/100\n|move|p2a: Blaziken|Aura Sphere|p1a: Dragonite\n|-resisted|p1a: Dragonite\n|-damage|p1a: Dragonite|89\/100\n|-damage|p2a: Blaziken|91\/100|[from] item: Life Orb\n|\n|-weather|RainDance|[upkeep]\n|-ability|p2a: Blaziken|Speed Boost|boost\n|-boost|p2a: Blaziken|spe|1\n|upkeep\n|turn|5\n|\n|t:|1701140417\n|move|p2a: Blaziken|Will-O-Wisp|p1a: Dragonite\n|-status|p1a: Dragonite|brn\n|move|p1a: Dragonite|Dragon Tail|p2a: Blaziken\n|-damage|p2a: Blaziken|62\/100\n|drag|p2a: Kartana|Kartana|100\/100\n|-damage|p2a: Kartana|94\/100|[from] Stealth Rock\n|\n|-weather|RainDance|[upkeep]\n|-damage|p1a: Dragonite|83\/100 brn|[from] brn\n|upkeep\n|turn|6\n|\n|t:|1701140427\n|move|p2a: Kartana|Smart Strike|p1a: Dragonite\n|-damage|p1a: Dragonite|38\/100 brn\n|move|p1a: Dragonite|Dragon Tail|p2a: Kartana\n|-resisted|p2a: Kartana\n|-damage|p2a: Kartana|85\/100\n|drag|p2a: Scizor|Scizor, F|100\/100\n|-damage|p2a: Scizor|88\/100|[from] Stealth Rock\n|\n|-weather|RainDance|[upkeep]\n|-damage|p1a: Dragonite|32\/100 brn|[from] brn\n|upkeep\n|turn|7\n|\n|t:|1701140436\n|move|p1a: Dragonite|Roost|p1a: Dragonite\n|-heal|p1a: Dragonite|82\/100 brn\n|-singleturn|p1a: Dragonite|move: Roost\n|move|p2a: Scizor|Knock Off|p1a: Dragonite\n|-damage|p1a: Dragonite|33\/100 brn\n|-enditem|p1a: Dragonite|Heavy-Duty Boots|[from] move: Knock Off|[of] p2a: Scizor\n|\n|-weather|RainDance|[upkeep]\n|-damage|p1a: Dragonite|27\/100 brn|[from] brn\n|upkeep\n|turn|8\n|\n|t:|1701140442\n|move|p1a: Dragonite|Roost|p1a: Dragonite\n|-heal|p1a: Dragonite|77\/100 brn\n|-singleturn|p1a: Dragonite|move: Roost\n|move|p2a: Scizor|Knock Off|p1a: Dragonite\n|-damage|p1a: Dragonite|43\/100 brn\n|\n|-weather|RainDance|[upkeep]\n|-damage|p1a: Dragonite|37\/100 brn|[from] brn\n|upkeep\n|turn|9\n|\n|t:|1701140446\n|switch|p2a: Pelipper|Pelipper, F|100\/100\n|-damage|p2a: Pelipper|76\/100|[from] Stealth Rock\n|move|p1a: Dragonite|Roost|p1a: Dragonite\n|-heal|p1a: Dragonite|87\/100 brn\n|-singleturn|p1a: Dragonite|move: Roost\n|\n|-weather|none\n|-damage|p1a: Dragonite|80\/100 brn|[from] brn\n|upkeep\n|turn|10\n|\n|t:|1701140450\n|move|p1a: Dragonite|Curse|p1a: Dragonite\n|-unboost|p1a: Dragonite|spe|1\n|-boost|p1a: Dragonite|atk|1\n|-boost|p1a: Dragonite|def|1\n|move|p2a: Pelipper|Defog|p1a: Dragonite\n|-unboost|p1a: Dragonite|evasion|1\n|-sideend|p2: Trainer890|Stealth Rock|[from] move: Defog|[of] p2a: Pelipper\n|\n|-damage|p1a: Dragonite|74\/100 brn|[from] brn\n|upkeep\n|turn|11\n|\n|t:|1701140455\n|switch|p2a: Iron Valiant|Iron Valiant|100\/100\n|-enditem|p2a: Iron Valiant|Booster Energy\n|-activate|p2a: Iron Valiant|ability: Quark Drive|[fromitem]\n|-start|p2a: Iron Valiant|quarkdrivespe\n|move|p1a: Dragonite|Dragon Tail|p2a: Iron Valiant\n|-immune|p2a: Iron Valiant\n|\n|-damage|p1a: Dragonite|68\/100 brn|[from] brn\n|upkeep\n|turn|12\n|\n|t:|1701140461\n|move|p1a: Dragonite|Extreme Speed|p2a: Iron Valiant\n|-damage|p2a: Iron Valiant|71\/100\n|move|p2a: Iron Valiant|Moonblast|p1a: Dragonite\n|-supereffective|p1a: Dragonite\n|-damage|p1a: Dragonite|0 fnt\n|faint|p1a: Dragonite\n|\n|upkeep\n|\n|t:|1701140476\n|switch|p1a: Gengar|Gengar, F|100\/100\n|turn|13\n|\n|t:|1701140482\n|-terastallize|p1a: Gengar|Ghost\n|move|p2a: Iron Valiant|Psyshock|p1a: Gengar\n|-damage|p1a: Gengar|48\/100\n|move|p1a: Gengar|Shadow Ball|p2a: Iron Valiant\n|-damage|p2a: Iron Valiant|0 fnt\n|faint|p2a: Iron Valiant\n|-end|p2a: Iron Valiant|Quark Drive|[silent]\n|\n|upkeep\n|\n|t:|1701140496\n|switch|p2a: Scizor|Scizor, F|88\/100\n|turn|14\n|\n|t:|1701140504\n|switch|p1a: Ferrothorn|Ferrothorn, F|100\/100\n|move|p2a: Scizor|Knock Off|p1a: Ferrothorn\n|-damage|p1a: Ferrothorn|66\/100\n|-damage|p2a: Scizor|76\/100|[from] ability: Iron Barbs|[of] p1a: Ferrothorn\n|-damage|p2a: Scizor|59\/100|[from] item: Rocky Helmet|[of] p1a: Ferrothorn\n|-enditem|p1a: Ferrothorn|Rocky Helmet|[from] move: Knock Off|[of] p2a: Scizor\n|\n|upkeep\n|turn|15\n|\n|t:|1701140510\n|switch|p2a: Blaziken|Blaziken, F|62\/100\n|move|p1a: Ferrothorn|Stealth Rock|p2a: Blaziken\n|-sidestart|p2: Trainer890|move: Stealth Rock\n|\n|upkeep\n|turn|16\n|\n|t:|1701140517\n|switch|p1a: Cinderace|Cinderace, F|100\/100\n|move|p2a: Blaziken|Flamethrower|p1a: Cinderace\n|-resisted|p1a: Cinderace\n|-damage|p1a: Cinderace|60\/100\n|-damage|p2a: Blaziken|52\/100|[from] item: Life Orb\n|\n|-ability|p2a: Blaziken|Speed Boost|boost\n|-boost|p2a: Blaziken|spe|1\n|upkeep\n|turn|17\n|\n|t:|1701140524\n|move|p2a: Blaziken|Protect|p2a: Blaziken\n|-singleturn|p2a: Blaziken|Protect\n|move|p1a: Cinderace|High Jump Kick|p2a: Blaziken\n|-start|p1a: Cinderace|typechange|Fighting|[from] ability: Libero\n|-activate|p2a: Blaziken|move: Protect\n|-damage|p1a: Cinderace|10\/100|[from] highjumpkick\n|\n|-ability|p2a: Blaziken|Speed Boost|boost\n|-boost|p2a: Blaziken|spe|1\n|upkeep\n|turn|18\n|\n|t:|1701140529\n|move|p1a: Cinderace|Sucker Punch|p2a: Blaziken\n|-resisted|p2a: Blaziken\n|-damage|p2a: Blaziken|33\/100\n|move|p2a: Blaziken|Aura Sphere|p1a: Cinderace\n|-damage|p1a: Cinderace|0 fnt\n|faint|p1a: Cinderace\n|-damage|p2a: Blaziken|23\/100|[from] item: Life Orb\n|\n|-ability|p2a: Blaziken|Speed Boost|boost\n|-boost|p2a: Blaziken|spe|1\n|upkeep\n|\n|t:|1701140538\n|switch|p1a: Charizard|Charizard-Mega-Y, F|100\/100\n|-weather|SunnyDay|[from] ability: Drought|[of] p1a: Charizard\n|turn|19\n|\n|t:|1701140542\n|move|p2a: Blaziken|Flamethrower|p1a: Charizard\n|-resisted|p1a: Charizard\n|-damage|p1a: Charizard|54\/100\n|-damage|p2a: Blaziken|13\/100|[from] item: Life Orb\n|move|p1a: Charizard|Air Slash|p2a: Blaziken\n|-supereffective|p2a: Blaziken\n|-damage|p2a: Blaziken|0 fnt\n|faint|p2a: Blaziken\n|\n|-weather|SunnyDay|[upkeep]\n|upkeep\n|\n|t:|1701140548\n|switch|p2a: Pelipper|Pelipper, F|76\/100\n|-damage|p2a: Pelipper|51\/100|[from] Stealth Rock\n|-weather|RainDance|[from] ability: Drizzle|[of] p2a: Pelipper\n|turn|20\n|\n|t:|1701140554\n|switch|p2a: Kartana|Kartana|85\/100\n|-damage|p2a: Kartana|78\/100|[from] Stealth Rock\n|move|p1a: Charizard|Air Slash|p2a: Kartana\n|-damage|p2a: Kartana|0 fnt\n|faint|p2a: Kartana\n|\n|-weather|RainDance|[upkeep]\n|upkeep\n|\n|t:|1701140557\n|switch|p2a: Swampert|Swampert, F|100\/100\n|-damage|p2a: Swampert|94\/100|[from] Stealth Rock\n|turn|21\n|\n|t:|1701140562\n|switch|p1a: Ferrothorn|Ferrothorn, F|66\/100\n|detailschange|p2a: Swampert|Swampert-Mega, F\n|-mega|p2a: Swampert|Swampert|Swampertite\n|move|p2a: Swampert|Power-Up Punch|p1a: Ferrothorn\n|-supereffective|p1a: Ferrothorn\n|-damage|p1a: Ferrothorn|46\/100\n|-boost|p2a: Swampert|atk|1\n|-damage|p2a: Swampert|82\/100|[from] ability: Iron Barbs|[of] p1a: Ferrothorn\n|\n|-weather|RainDance|[upkeep]\n|upkeep\n|turn|22\n|\n|t:|1701140568\n|move|p2a: Swampert|Earthquake|p1a: Ferrothorn\n|-damage|p1a: Ferrothorn|0 fnt\n|faint|p1a: Ferrothorn\n|\n|-weather|RainDance|[upkeep]\n|upkeep\n|\n|t:|1701140572\n|switch|p1a: Charizard|Charizard-Mega-Y, F|54\/100\n|-weather|SunnyDay|[from] ability: Drought|[of] p1a: Charizard\n|turn|23\n|\n|t:|1701140577\n|switch|p2a: Scizor|Scizor, F|59\/100\n|-damage|p2a: Scizor|47\/100|[from] Stealth Rock\n|move|p1a: Charizard|Air Slash|p2a: Scizor\n|-damage|p2a: Scizor|0 fnt\n|faint|p2a: Scizor\n|\n|-weather|SunnyDay|[upkeep]\n|upkeep\n|\n|t:|1701140579\n|switch|p2a: Pelipper|Pelipper, F|51\/100\n|-damage|p2a: Pelipper|26\/100|[from] Stealth Rock\n|-weather|RainDance|[from] ability: Drizzle|[of] p2a: Pelipper\n|turn|24\n|\n|t:|1701140582\n|switch|p1a: Gengar|Gengar, F, tera:Ghost|48\/100\n|switch|p2a: Swampert|Swampert-Mega, F|82\/100\n|-damage|p2a: Swampert|76\/100|[from] Stealth Rock\n|\n|-weather|RainDance|[upkeep]\n|upkeep\n|turn|25\n|\n|t:|1701140587\n|move|p1a: Gengar|Shadow Ball|p2a: Swampert\n|-damage|p2a: Swampert|20\/100\n|move|p2a: Swampert|Waterfall|p1a: Gengar\n|-damage|p1a: Gengar|0 fnt\n|-start|p2a: Swampert|Disable|Waterfall|[from] ability: Cursed Body|[of] p1a: Gengar\n|faint|p1a: Gengar\n|\n|-weather|RainDance|[upkeep]\n|upkeep\n|\n|t:|1701140592\n|switch|p1a: Charizard|Charizard-Mega-Y, F|54\/100\n|-weather|SunnyDay|[from] ability: Drought|[of] p1a: Charizard\n|turn|26\n|-message|Trainer890 forfeited.\n|\n|win|KakunaBR\n|raw|KakunaBR's rating: 1546 &rarr; <strong>1560<\/strong><br \/>(+14 for winning)\n|raw|Trainer890's rating: 1440 &rarr; <strong>1426<\/strong><br \/>(-14 for losing)\n|l|\u2606Trainer890\n","uploadtime":1701140668,"views":7,"p1id":"kakunabr","p2id":"trainer890","formatid":"gen9nationaldex","rating":1426,"private":0,"password":""}