{"id":"gen9nationaldex-1994455504","p1":"SethLikesCombusken","p2":"fengwuling","format":"[Gen 9] National Dex","log":"|j|\u2606SethLikesCombusken\n|j|\u2606fengwuling\n|t:|1700445897\n|gametype|singles\n|player|p1|SethLikesCombusken|palmer|1312\n|player|p2|fengwuling|larry|1232\n|teamsize|p1|6\n|teamsize|p2|6\n|gen|9\n|tier|[Gen 9] National Dex\n|rated|\n|rule|HP Percentage Mod: HP is shown in percentages\n|rule|Endless Battle Clause: Forcing endless battles is banned\n|rule|OHKO Clause: OHKO moves are banned\n|rule|Evasion Clause: Evasion abilities, items, and moves are banned\n|rule|Evasion Abilities Clause: Evasion abilities are banned\n|rule|Evasion Items Clause: Evasion items are banned\n|rule|Evasion Moves Clause: Evasion moves are banned\n|rule|Species Clause: Limit one of each Pok\u00e9mon\n|rule|Sleep Clause Mod: Limit one foe put to sleep\n|clearpoke\n|poke|p1|Diancie|\n|poke|p1|Cinderace, M|\n|poke|p1|Volcarona, F|\n|poke|p1|Torkoal, M|\n|poke|p1|Sandy Shocks|\n|poke|p1|Dragonite, F|\n|poke|p2|Slowbro-Galar, F|\n|poke|p2|Ferrothorn, F|\n|poke|p2|Garganacl, F|\n|poke|p2|Forretress, F|\n|poke|p2|Iron Thorns|\n|poke|p2|Toucannon, F|\n|teampreview\n|inactive|Battle timer is ON: inactive players will automatically lose when time's up. (requested by SethLikesCombusken)\n|\n|t:|1700445909\n|start\n|switch|p1a: Diancie|Diancie|100\/100\n|switch|p2a: Ferrothorn|Ferrothorn, F, shiny|100\/100\n|turn|1\n|\n|t:|1700445920\n|detailschange|p1a: Diancie|Diancie-Mega\n|-mega|p1a: Diancie|Diancie|Diancite\n|move|p1a: Diancie|Endure|p1a: Diancie\n|-singleturn|p1a: Diancie|move: Endure\n|move|p2a: Ferrothorn|Gyro Ball|p1a: Diancie\n|-supereffective|p1a: Diancie\n|-activate|p1a: Diancie|move: Endure\n|-damage|p1a: Diancie|1\/100\n|\n|upkeep\n|turn|2\n|\n|t:|1700445937\n|move|p1a: Diancie|Endeavor|p2a: Ferrothorn\n|-damage|p2a: Ferrothorn|1\/100\n|-damage|p1a: Diancie|0 fnt|[from] ability: Iron Barbs|[of] p2a: Ferrothorn\n|faint|p1a: Diancie\n|move|p2a: Ferrothorn|Gyro Ball|p1: Diancie|[notarget]\n|-fail|p2a: Ferrothorn\n|\n|upkeep\n|\n|t:|1700445957\n|switch|p1a: Torkoal|Torkoal, M|100\/100\n|-weather|SunnyDay|[from] ability: Drought|[of] p1a: Torkoal\n|turn|3\n|\n|t:|1700445965\n|switch|p2a: Garganacl|Garganacl, F|100\/100\n|move|p1a: Torkoal|Lava Plume|p2a: Garganacl\n|-resisted|p2a: Garganacl\n|-damage|p2a: Garganacl|89\/100\n|\n|-weather|SunnyDay|[upkeep]\n|-heal|p2a: Garganacl|95\/100|[from] item: Leftovers\n|upkeep\n|turn|4\n|\n|t:|1700445975\n|switch|p1a: Sandy Shocks|Sandy Shocks|100\/100\n|-activate|p1a: Sandy Shocks|ability: Protosynthesis\n|-start|p1a: Sandy Shocks|protosynthesisspa\n|move|p2a: Garganacl|Iron Defense|p2a: Garganacl\n|-boost|p2a: Garganacl|def|2\n|\n|-weather|SunnyDay|[upkeep]\n|-heal|p2a: Garganacl|100\/100|[from] item: Leftovers\n|upkeep\n|turn|5\n|\n|t:|1700445989\n|-terastallize|p2a: Garganacl|Water\n|move|p1a: Sandy Shocks|Earth Power|p2a: Garganacl\n|-damage|p2a: Garganacl|65\/100\n|move|p2a: Garganacl|Iron Defense|p2a: Garganacl\n|-boost|p2a: Garganacl|def|2\n|\n|-weather|SunnyDay|[upkeep]\n|-heal|p2a: Garganacl|71\/100|[from] item: Leftovers\n|upkeep\n|turn|6\n|\n|t:|1700446003\n|move|p1a: Sandy Shocks|Volt Switch|p2a: Garganacl\n|-supereffective|p2a: Garganacl\n|-damage|p2a: Garganacl|13\/100\n|\n|t:|1700446016\n|-end|p1a: Sandy Shocks|Protosynthesis|[silent]\n|switch|p1a: Cinderace|Cinderace, M|100\/100|[from] Volt Switch\n|move|p2a: Garganacl|Recover|p2a: Garganacl\n|-heal|p2a: Garganacl|63\/100\n|\n|-weather|SunnyDay|[upkeep]\n|-heal|p2a: Garganacl|69\/100|[from] item: Leftovers\n|upkeep\n|turn|7\n|\n|t:|1700446024\n|move|p1a: Cinderace|U-turn|p2a: Garganacl\n|-start|p1a: Cinderace|typechange|Bug|[from] ability: Libero\n|-crit|p2a: Garganacl\n|-damage|p2a: Garganacl|37\/100\n|\n|t:|1700446027\n|switch|p1a: Sandy Shocks|Sandy Shocks|100\/100|[from] U-turn\n|-activate|p1a: Sandy Shocks|ability: Protosynthesis\n|-start|p1a: Sandy Shocks|protosynthesisspa\n|move|p2a: Garganacl|Recover|p2a: Garganacl\n|-heal|p2a: Garganacl|88\/100\n|\n|-weather|SunnyDay|[upkeep]\n|-heal|p2a: Garganacl|94\/100|[from] item: Leftovers\n|upkeep\n|turn|8\n|\n|t:|1700446036\n|switch|p2a: Ferrothorn|Ferrothorn, F, shiny|1\/100\n|move|p1a: Sandy Shocks|Thunderbolt|p2a: Ferrothorn\n|-resisted|p2a: Ferrothorn\n|-damage|p2a: Ferrothorn|0 fnt\n|faint|p2a: Ferrothorn\n|\n|-weather|SunnyDay|[upkeep]\n|upkeep\n|\n|t:|1700446064\n|switch|p2a: Iron Thorns|Iron Thorns, shiny|100\/100\n|-enditem|p2a: Iron Thorns|Booster Energy\n|-activate|p2a: Iron Thorns|ability: Quark Drive|[fromitem]\n|-start|p2a: Iron Thorns|quarkdriveatk\n|turn|9\n|\n|t:|1700446077\n|move|p1a: Sandy Shocks|Earth Power|p2a: Iron Thorns\n|-supereffective|p2a: Iron Thorns\n|-damage|p2a: Iron Thorns|0 fnt\n|faint|p2a: Iron Thorns\n|-end|p2a: Iron Thorns|Quark Drive|[silent]\n|\n|-weather|SunnyDay|[upkeep]\n|upkeep\n|\n|t:|1700446081\n|switch|p2a: Slowbro|Slowbro-Galar, F|100\/100\n|turn|10\n|-activate|p2a: Slowbro|ability: Quick Draw\n|\n|t:|1700446093\n|detailschange|p2a: Slowbro|Slowbro-Mega, F\n|-mega|p2a: Slowbro|Slowbro|Slowbronite\n|move|p2a: Slowbro|Psychic|p1a: Sandy Shocks\n|-damage|p1a: Sandy Shocks|35\/100\n|move|p1a: Sandy Shocks|Earth Power|p2a: Slowbro\n|-damage|p2a: Slowbro|38\/100\n|\n|-weather|none\n|-end|p1a: Sandy Shocks|Protosynthesis\n|upkeep\n|turn|11\n|c|\u2606SethLikesCombusken|Quick question\n|c|\u2606SethLikesCombusken|What the fuck\n|inactive|SethLikesCombusken has 120 seconds left.\n|\n|t:|1700446138\n|switch|p2a: Toucannon|Toucannon, F|100\/100\n|move|p1a: Sandy Shocks|Volt Switch|p2a: Toucannon\n|-supereffective|p2a: Toucannon\n|-damage|p2a: Toucannon|0 fnt\n|faint|p2a: Toucannon\n|\n|t:|1700446141\n|-end|p1a: Sandy Shocks|Protosynthesis|[silent]\n|switch|p1a: Torkoal|Torkoal, M|100\/100|[from] Volt Switch\n|-weather|SunnyDay|[from] ability: Drought|[of] p1a: Torkoal\n|\n|-weather|SunnyDay|[upkeep]\n|upkeep\n|\n|t:|1700446146\n|switch|p2a: Slowbro|Slowbro-Mega, F|38\/100\n|turn|12\n|inactive|SethLikesCombusken has 120 seconds left.\n|\n|t:|1700446165\n|move|p2a: Slowbro|Slack Off|p2a: Slowbro\n|-heal|p2a: Slowbro|88\/100\n|move|p1a: Torkoal|Lava Plume|p2a: Slowbro\n|-resisted|p2a: Slowbro\n|-damage|p2a: Slowbro|68\/100\n|-status|p2a: Slowbro|brn\n|\n|-weather|SunnyDay|[upkeep]\n|-damage|p2a: Slowbro|62\/100 brn|[from] brn\n|upkeep\n|turn|13\n|\n|t:|1700446176\n|move|p2a: Slowbro|Slack Off|p2a: Slowbro\n|-heal|p2a: Slowbro|100\/100 brn\n|move|p1a: Torkoal|Stealth Rock|p2a: Slowbro\n|-sidestart|p2: fengwuling|move: Stealth Rock\n|\n|-weather|SunnyDay|[upkeep]\n|-damage|p2a: Slowbro|94\/100 brn|[from] brn\n|upkeep\n|turn|14\n|inactive|SethLikesCombusken has 120 seconds left.\n|\n|t:|1700446196\n|switch|p1a: Volcarona|Volcarona, F|100\/100\n|move|p2a: Slowbro|Shell Side Arm|p1a: Volcarona|[anim] Shell Side Arm Special\n|-damage|p1a: Volcarona|65\/100\n|-hint|Special Shell Side Arm\n|\n|-weather|SunnyDay|[upkeep]\n|-damage|p2a: Slowbro|88\/100 brn|[from] brn\n|upkeep\n|turn|15\n|\n|t:|1700446214\n|move|p1a: Volcarona|Quiver Dance|p1a: Volcarona\n|-boost|p1a: Volcarona|spa|1\n|-boost|p1a: Volcarona|spd|1\n|-boost|p1a: Volcarona|spe|1\n|move|p2a: Slowbro|Fire Blast|p1a: Volcarona\n|-damage|p1a: Volcarona|24\/100\n|\n|-weather|SunnyDay|[upkeep]\n|-damage|p2a: Slowbro|82\/100 brn|[from] brn\n|upkeep\n|turn|16\n|inactive|SethLikesCombusken has 120 seconds left.\n|\n|t:|1700446229\n|-terastallize|p1a: Volcarona|Grass\n|move|p1a: Volcarona|Giga Drain|p2a: Slowbro\n|-supereffective|p2a: Slowbro\n|-damage|p2a: Slowbro|0 fnt\n|-heal|p1a: Volcarona|76\/100|[from] drain|[of] p2a: Slowbro\n|faint|p2a: Slowbro\n|\n|-weather|SunnyDay|[upkeep]\n|upkeep\n|\n|t:|1700446237\n|switch|p2a: Forretress|Forretress, F|100\/100\n|-damage|p2a: Forretress|88\/100|[from] Stealth Rock\n|turn|17\n|c|\u2606SethLikesCombusken|Gg\n|inactive|SethLikesCombusken has 120 seconds left.\n|\n|t:|1700446250\n|move|p1a: Volcarona|Flamethrower|p2a: Forretress\n|-supereffective|p2a: Forretress\n|-damage|p2a: Forretress|0 fnt\n|faint|p2a: Forretress\n|\n|-weather|SunnyDay|[upkeep]\n|upkeep\n|-message|fengwuling forfeited.\n|\n|win|SethLikesCombusken\n|raw|SethLikesCombusken's rating: 1312 &rarr; <strong>1327<\/strong><br \/>(+15 for winning)\n|raw|fengwuling's rating: 1232 &rarr; <strong>1213<\/strong><br \/>(-19 for losing)\n|l|\u2606fengwuling\n|l|\u2606SethLikesCombusken\n|j|\u2606SethLikesCombusken\n|player|p1|SethLikesCombusken|palmer\n","uploadtime":1700446267,"views":8,"p1id":"sethlikescombusken","p2id":"fengwuling","formatid":"gen9nationaldex","rating":1213,"private":0,"password":""}