{"id":"gen9nationaldex-1999680726","p1":"Bean shaped man","p2":"DoctorFiraga","format":"[Gen 9] National Dex","log":"|html|<div class=\"broadcast-blue\"><strong>[Gen 9] National Dex is currently suspecting Sneasler! For information on how to participate check out the <a href=\"https:\/\/www.smogon.com\/forums\/threads\/sv-national-dex-suspect-8-just-dance.3731534\/\">suspect thread<\/a>.<\/strong><\/div>\n|j|\u2606Bean shaped man\n|j|\u2606DoctorFiraga\n|t:|1701107270\n|gametype|singles\n|player|p1|Bean shaped man|giovanni|1623\n|player|p2|DoctorFiraga|veteran|1646\n|teamsize|p1|6\n|teamsize|p2|6\n|gen|9\n|tier|[Gen 9] National Dex\n|rated|\n|rule|HP Percentage Mod: HP is shown in percentages\n|rule|Endless Battle Clause: Forcing endless battles is banned\n|rule|OHKO Clause: OHKO moves are banned\n|rule|Evasion Clause: Evasion abilities, items, and moves are banned\n|rule|Evasion Abilities Clause: Evasion abilities are banned\n|rule|Evasion Items Clause: Evasion items are banned\n|rule|Evasion Moves Clause: Evasion moves are banned\n|rule|Species Clause: Limit one of each Pok\u00e9mon\n|rule|Sleep Clause Mod: Limit one foe put to sleep\n|clearpoke\n|poke|p1|Lopunny, F|\n|poke|p1|Garganacl, F|\n|poke|p1|Kartana|\n|poke|p1|Moltres|\n|poke|p1|Garchomp, F|\n|poke|p1|Sinistcha|\n|poke|p2|Glimmora, F|\n|poke|p2|Ogerpon-Wellspring, F|\n|poke|p2|Scizor, M|\n|poke|p2|Garchomp, M|\n|poke|p2|Moltres|\n|poke|p2|Iron Valiant|\n|teampreview\n|inactive|Battle timer is ON: inactive players will automatically lose when time's up. (requested by DoctorFiraga)\n|\n|t:|1701107295\n|start\n|switch|p1a: Lopunny|Lopunny, F|100\/100\n|switch|p2a: HAZARDOUS|Glimmora, F|100\/100\n|turn|1\n|\n|t:|1701107302\n|detailschange|p1a: Lopunny|Lopunny-Mega, F\n|-mega|p1a: Lopunny|Lopunny|Lopunnite\n|move|p2a: HAZARDOUS|Spiky Shield|p2a: HAZARDOUS\n|-singleturn|p2a: HAZARDOUS|move: Protect\n|move|p1a: Lopunny|Close Combat|p2a: HAZARDOUS\n|-activate|p2a: HAZARDOUS|move: Protect\n|-damage|p1a: Lopunny|88\/100|[from] Spiky Shield|[of] p2a: HAZARDOUS\n|\n|upkeep\n|turn|2\n|\n|t:|1701107311\n|switch|p1a: Garganacl|Garganacl, F|100\/100\n|move|p2a: HAZARDOUS|Stealth Rock|p1a: Garganacl\n|-sidestart|p1: Bean shaped man|move: Stealth Rock\n|\n|upkeep\n|turn|3\n|\n|t:|1701107316\n|switch|p2a: Red Genesect|Scizor, M|100\/100\n|move|p1a: Garganacl|Stealth Rock|p2a: Red Genesect\n|-sidestart|p2: DoctorFiraga|move: Stealth Rock\n|\n|upkeep\n|turn|4\n|\n|t:|1701107321\n|switch|p1a: Moltres|Moltres|100\/100\n|detailschange|p2a: Red Genesect|Scizor-Mega, M\n|-mega|p2a: Red Genesect|Scizor|Scizorite\n|move|p2a: Red Genesect|Swords Dance|p2a: Red Genesect\n|-boost|p2a: Red Genesect|atk|2\n|\n|upkeep\n|turn|5\n|\n|t:|1701107326\n|move|p1a: Moltres|Flamethrower|p2a: Red Genesect\n|-supereffective|p2a: Red Genesect\n|-damage|p2a: Red Genesect|0 fnt\n|faint|p2a: Red Genesect\n|\n|upkeep\n|\n|t:|1701107328\n|switch|p2a: HAZARDOUS|Glimmora, F|100\/100\n|-damage|p2a: HAZARDOUS|88\/100|[from] Stealth Rock\n|turn|6\n|\n|t:|1701107335\n|switch|p1a: Garchomp|Garchomp, F|100\/100\n|-damage|p1a: Garchomp|94\/100|[from] Stealth Rock\n|move|p2a: HAZARDOUS|Mortal Spin|p1a: Garchomp\n|-resisted|p1a: Garchomp\n|-damage|p1a: Garchomp|92\/100\n|-status|p1a: Garchomp|psn\n|-damage|p2a: HAZARDOUS|76\/100|[from] ability: Rough Skin|[of] p1a: Garchomp\n|-damage|p2a: HAZARDOUS|59\/100|[from] item: Rocky Helmet|[of] p1a: Garchomp\n|-sideend|p2: DoctorFiraga|Stealth Rock|[from] move: Mortal Spin|[of] p2a: HAZARDOUS\n|\n|-damage|p1a: Garchomp|79\/100 psn|[from] psn\n|upkeep\n|turn|7\n|\n|t:|1701107341\n|move|p2a: HAZARDOUS|Spiky Shield|p2a: HAZARDOUS\n|-singleturn|p2a: HAZARDOUS|move: Protect\n|move|p1a: Garchomp|Spikes|p2a: HAZARDOUS\n|-sidestart|p2: DoctorFiraga|Spikes\n|\n|-damage|p1a: Garchomp|67\/100 psn|[from] psn\n|upkeep\n|turn|8\n|\n|t:|1701107345\n|move|p2a: HAZARDOUS|Stealth Rock||[still]\n|-fail|p2a: HAZARDOUS\n|move|p1a: Garchomp|Earthquake|p2a: HAZARDOUS\n|-supereffective|p2a: HAZARDOUS\n|-damage|p2a: HAZARDOUS|0 fnt\n|-activate|p2a: HAZARDOUS|ability: Toxic Debris\n|-sidestart|p1: Bean shaped man|move: Toxic Spikes\n|faint|p2a: HAZARDOUS\n|\n|-damage|p1a: Garchomp|54\/100 psn|[from] psn\n|upkeep\n|\n|t:|1701107365\n|switch|p2a: Skincare|Garchomp, M|100\/100\n|-damage|p2a: Skincare|88\/100|[from] Spikes\n|turn|9\n|\n|t:|1701107372\n|move|p2a: Skincare|Scale Shot|p1a: Garchomp\n|-supereffective|p1a: Garchomp\n|-damage|p1a: Garchomp|35\/100 psn\n|-supereffective|p1a: Garchomp\n|-damage|p1a: Garchomp|18\/100 psn\n|-supereffective|p1a: Garchomp\n|-damage|p1a: Garchomp|0 fnt\n|faint|p1a: Garchomp\n|-hitcount|p1: Garchomp|3\n|-unboost|p2a: Skincare|def|1\n|-boost|p2a: Skincare|spe|1\n|\n|upkeep\n|\n|t:|1701107395\n|switch|p1a: Kartana|Kartana|100\/100\n|-damage|p1a: Kartana|94\/100|[from] Stealth Rock\n|turn|10\n|\n|t:|1701107412\n|-terastallize|p2a: Skincare|Steel\n|move|p2a: Skincare|Fire Fang|p1a: Kartana\n|-supereffective|p1a: Kartana\n|-damage|p1a: Kartana|0 fnt\n|faint|p1a: Kartana\n|\n|upkeep\n|\n|t:|1701107417\n|switch|p1a: Moltres|Moltres|100\/100\n|turn|11\n|\n|t:|1701107421\n|move|p2a: Skincare|Scale Shot|p1a: Moltres\n|-damage|p1a: Moltres|88\/100\n|-damage|p1a: Moltres|75\/100\n|-damage|p1a: Moltres|64\/100\n|-damage|p1a: Moltres|51\/100\n|-damage|p1a: Moltres|37\/100\n|-hitcount|p1a: Moltres|5\n|-unboost|p2a: Skincare|def|1\n|-boost|p2a: Skincare|spe|1\n|move|p1a: Moltres|Flamethrower|p2a: Skincare\n|-supereffective|p2a: Skincare\n|-damage|p2a: Skincare|8\/100\n|\n|upkeep\n|turn|12\n|\n|t:|1701107428\n|move|p2a: Skincare|Scale Shot|p1a: Moltres|[miss]\n|-miss|p2a: Skincare|p1a: Moltres\n|move|p1a: Moltres|U-turn|p2a: Skincare\n|-resisted|p2a: Skincare\n|-damage|p2a: Skincare|0 fnt\n|-damage|p1a: Moltres|24\/100|[from] ability: Rough Skin|[of] p2a: Skincare\n|faint|p2a: Skincare\n|\n|t:|1701107432\n|switch|p1a: Garganacl|Garganacl, F|100\/100|[from] U-turn\n|-damage|p1a: Garganacl|88\/100|[from] Stealth Rock\n|\n|-heal|p1a: Garganacl|94\/100|[from] item: Leftovers\n|upkeep\n|\n|t:|1701107437\n|switch|p2a: Balanced|Ogerpon-Wellspring, F|100\/100\n|-damage|p2a: Balanced|88\/100|[from] Spikes\n|turn|13\n|\n|t:|1701107440\n|-terastallize|p1a: Garganacl|Fairy\n|move|p2a: Balanced|Swords Dance|p2a: Balanced\n|-boost|p2a: Balanced|atk|2\n|move|p1a: Garganacl|Salt Cure|p2a: Balanced\n|-damage|p2a: Balanced|70\/100\n|-start|p2a: Balanced|Salt Cure\n|\n|-heal|p1a: Garganacl|100\/100|[from] item: Leftovers\n|-damage|p2a: Balanced|45\/100|[from] Salt Cure\n|upkeep\n|turn|14\n|\n|t:|1701107444\n|move|p1a: Garganacl|Protect|p1a: Garganacl\n|-singleturn|p1a: Garganacl|Protect\n|move|p2a: Balanced|Ivy Cudgel|p1a: Garganacl|[anim] Ivy Cudgel Water\n|-activate|p1a: Garganacl|move: Protect\n|\n|-damage|p2a: Balanced|20\/100|[from] Salt Cure\n|upkeep\n|turn|15\n|\n|t:|1701107448\n|switch|p1a: Moltres|Moltres|24\/100\n|move|p2a: Balanced|Ivy Cudgel|p1a: Moltres|[anim] Ivy Cudgel Water\n|-supereffective|p1a: Moltres\n|-crit|p1a: Moltres\n|-damage|p1a: Moltres|0 fnt\n|faint|p1a: Moltres\n|\n|-damage|p2a: Balanced|0 fnt|[from] Salt Cure\n|faint|p2a: Balanced\n|upkeep\n|\n|t:|1701107457\n|switch|p2a: KFC|Moltres|100\/100\n|switch|p1a: Garganacl|Garganacl, F, tera:Fairy|100\/100\n|-damage|p1a: Garganacl|88\/100|[from] Stealth Rock\n|turn|16\n|\n|t:|1701107460\n|move|p2a: KFC|Hurricane|p1a: Garganacl\n|-damage|p1a: Garganacl|58\/100\n|-start|p1a: Garganacl|confusion\n|-activate|p1a: Garganacl|confusion\n|move|p1a: Garganacl|Salt Cure|p2a: KFC\n|-supereffective|p2a: KFC\n|-crit|p2a: KFC\n|-damage|p2a: KFC|15\/100\n|-start|p2a: KFC|Salt Cure\n|\n|-heal|p1a: Garganacl|64\/100|[from] item: Leftovers\n|-damage|p2a: KFC|3\/100|[from] Salt Cure\n|upkeep\n|turn|17\n|\n|t:|1701107468\n|switch|p2a: Iron Cringe|Iron Valiant|100\/100\n|-damage|p2a: Iron Cringe|88\/100|[from] Spikes\n|-enditem|p2a: Iron Cringe|Booster Energy\n|-activate|p2a: Iron Cringe|ability: Quark Drive|[fromitem]\n|-start|p2a: Iron Cringe|quarkdrivespe\n|-activate|p1a: Garganacl|confusion\n|move|p1a: Garganacl|Recover|p1a: Garganacl\n|-heal|p1a: Garganacl|100\/100\n|\n|upkeep\n|turn|18\n|\n|t:|1701107474\n|move|p2a: Iron Cringe|Knock Off|p1a: Garganacl\n|-resisted|p1a: Garganacl\n|-damage|p1a: Garganacl|91\/100\n|-enditem|p1a: Garganacl|Leftovers|[from] move: Knock Off|[of] p2a: Iron Cringe\n|-end|p1a: Garganacl|confusion\n|move|p1a: Garganacl|Salt Cure|p2a: Iron Cringe\n|-resisted|p2a: Iron Cringe\n|-damage|p2a: Iron Cringe|80\/100\n|-start|p2a: Iron Cringe|Salt Cure\n|\n|-damage|p2a: Iron Cringe|67\/100|[from] Salt Cure\n|upkeep\n|turn|19\n|j| TESTINGgimmicks1\n|\n|t:|1701107478\n|move|p2a: Iron Cringe|Moonblast|p1a: Garganacl\n|-damage|p1a: Garganacl|61\/100\n|move|p1a: Garganacl|Salt Cure|p2a: Iron Cringe\n|-resisted|p2a: Iron Cringe\n|-damage|p2a: Iron Cringe|59\/100\n|\n|-damage|p2a: Iron Cringe|47\/100|[from] Salt Cure\n|upkeep\n|turn|20\n|l| TESTINGgimmicks1\n|\n|t:|1701107481\n|move|p2a: Iron Cringe|Moonblast|p1a: Garganacl\n|-damage|p1a: Garganacl|27\/100\n|move|p1a: Garganacl|Recover|p1a: Garganacl\n|-heal|p1a: Garganacl|77\/100\n|\n|-damage|p2a: Iron Cringe|34\/100|[from] Salt Cure\n|upkeep\n|turn|21\n|\n|t:|1701107484\n|move|p1a: Garganacl|Protect|p1a: Garganacl\n|-singleturn|p1a: Garganacl|Protect\n|move|p2a: Iron Cringe|Thunderbolt|p1a: Garganacl\n|-activate|p1a: Garganacl|move: Protect\n|\n|-damage|p2a: Iron Cringe|22\/100|[from] Salt Cure\n|upkeep\n|turn|22\n|\n|t:|1701107486\n|move|p2a: Iron Cringe|Moonblast|p1a: Garganacl\n|-damage|p1a: Garganacl|47\/100\n|move|p1a: Garganacl|Recover|p1a: Garganacl\n|-heal|p1a: Garganacl|97\/100\n|\n|-damage|p2a: Iron Cringe|9\/100|[from] Salt Cure\n|upkeep\n|turn|23\n|j| yuzhibo\n|-message|DoctorFiraga forfeited.\n|\n|win|Bean shaped man\n|raw|Bean shaped man's rating: 1623 &rarr; <strong>1644<\/strong><br \/>(+21 for winning)\n|raw|DoctorFiraga's rating: 1646 &rarr; <strong>1625<\/strong><br \/>(-21 for losing)\n|l|\u2606DoctorFiraga\n","uploadtime":1701107509,"views":22,"p1id":"beanshapedman","p2id":"doctorfiraga","formatid":"gen9nationaldex","rating":1625,"private":0,"password":""}