{"id":"gen9nationaldex-1991633765","p1":"Dragontamerty9","p2":"Driedguide42","format":"[Gen 9] National Dex","log":"|j|\u2606Dragontamerty9\n|j|\u2606Driedguide42\n|t:|1700096571\n|gametype|singles\n|player|p1|Dragontamerty9|lance|\n|player|p2|Driedguide42|lucas|\n|teamsize|p1|6\n|teamsize|p2|6\n|gen|9\n|tier|[Gen 9] National Dex\n|rule|HP Percentage Mod: HP is shown in percentages\n|rule|Endless Battle Clause: Forcing endless battles is banned\n|rule|OHKO Clause: OHKO moves are banned\n|rule|Evasion Clause: Evasion abilities, items, and moves are banned\n|rule|Evasion Abilities Clause: Evasion abilities are banned\n|rule|Evasion Items Clause: Evasion items are banned\n|rule|Evasion Moves Clause: Evasion moves are banned\n|rule|Species Clause: Limit one of each Pok\u00e9mon\n|rule|Sleep Clause Mod: Limit one foe put to sleep\n|clearpoke\n|poke|p1|Sneasler, M|\n|poke|p1|Indeedee-F, F|\n|poke|p1|Great Tusk|\n|poke|p1|Grimmsnarl, M|\n|poke|p1|Haxorus, F|\n|poke|p1|Serperior, F|\n|poke|p2|Torterra, M|\n|poke|p2|Samurott-Hisui, M|\n|poke|p2|Sylveon, M|\n|poke|p2|Volcarona, F|\n|poke|p2|Great Tusk|\n|poke|p2|Armarouge, F|\n|teampreview\n|j| Ragnaroker\n|j| Chronicler 177\n|j| Tedonator\n|j| ObiwanDS\n|c| ObiwanDS|Woooo\n|\n|t:|1700096988\n|start\n|switch|p1a: Joker|Grimmsnarl, M, shiny|100\/100\n|switch|p2a: Delphi|Armarouge, F|100\/100\n|turn|1\n|c| ObiwanDS|Let's go trainers!!!\n|\n|t:|1700096996\n|move|p1a: Joker|Taunt|p2a: Delphi\n|-start|p2a: Delphi|move: Taunt\n|move|p2a: Delphi|Armor Cannon|p1a: Joker\n|-damage|p1a: Joker|41\/100\n|-unboost|p2a: Delphi|def|1\n|-unboost|p2a: Delphi|spd|1\n|\n|upkeep\n|turn|2\n|\n|t:|1700097007\n|move|p1a: Joker|Parting Shot|p2a: Delphi\n|-unboost|p2a: Delphi|atk|1\n|-unboost|p2a: Delphi|spa|1\n|\n|t:|1700097027\n|switch|p1a: Ginny|Indeedee-F, F, shiny|100\/100|[from] Parting Shot\n|-fieldstart|move: Psychic Terrain|[from] ability: Psychic Surge|[of] p1a: Ginny\n|move|p2a: Delphi|Armor Cannon|p1a: Ginny\n|-damage|p1a: Ginny|53\/100\n|-unboost|p2a: Delphi|def|1\n|-unboost|p2a: Delphi|spd|1\n|\n|upkeep\n|turn|3\n|\n|t:|1700097044\n|switch|p2a: Iriate|Samurott-Hisui, M|100\/100\n|move|p1a: Ginny|Hyper Voice|p2a: Iriate\n|-damage|p2a: Iriate|40\/100\n|\n|upkeep\n|turn|4\n|\n|t:|1700097054\n|move|p2a: Iriate|Sucker Punch|p1a: Ginny\n|-activate|p1a: Ginny|move: Psychic Terrain\n|move|p1a: Ginny|Hyper Voice|p2a: Iriate\n|-crit|p2a: Iriate\n|-damage|p2a: Iriate|0 fnt\n|faint|p2a: Iriate\n|\n|upkeep\n|\n|t:|1700097067\n|switch|p2a: Delphi|Armarouge, F|100\/100\n|turn|5\n|\n|t:|1700097081\n|move|p1a: Ginny|Hyper Voice|p2a: Delphi\n|-damage|p2a: Delphi|59\/100\n|move|p2a: Delphi|Armor Cannon|p1a: Ginny\n|-damage|p1a: Ginny|0 fnt\n|-unboost|p2a: Delphi|def|1\n|-unboost|p2a: Delphi|spd|1\n|faint|p1a: Ginny\n|\n|upkeep\n|\n|t:|1700097087\n|switch|p1a: Tarn|Sneasler, M, shiny|100\/100\n|-enditem|p1a: Tarn|Psychic Seed\n|-boost|p1a: Tarn|spd|1|[from] item: Psychic Seed\n|turn|6\n|\n|t:|1700097097\n|switch|p2a: Ultra-Mammoth|Great Tusk|100\/100\n|move|p1a: Tarn|Shadow Claw|p2a: Ultra-Mammoth\n|-damage|p2a: Ultra-Mammoth|85\/100\n|-damage|p1a: Tarn|84\/100|[from] item: Rocky Helmet|[of] p2a: Ultra-Mammoth\n|\n|-fieldend|move: Psychic Terrain\n|upkeep\n|turn|7\n|\n|t:|1700097112\n|move|p1a: Tarn|Dire Claw|p2a: Ultra-Mammoth\n|-resisted|p2a: Ultra-Mammoth\n|-damage|p2a: Ultra-Mammoth|72\/100\n|-damage|p1a: Tarn|67\/100|[from] item: Rocky Helmet|[of] p2a: Ultra-Mammoth\n|move|p2a: Ultra-Mammoth|Knock Off|p1a: Tarn\n|-resisted|p1a: Tarn\n|-damage|p1a: Tarn|53\/100\n|\n|upkeep\n|turn|8\n|\n|t:|1700097124\n|move|p1a: Tarn|Dire Claw|p2a: Ultra-Mammoth\n|-resisted|p2a: Ultra-Mammoth\n|-damage|p2a: Ultra-Mammoth|60\/100\n|-status|p2a: Ultra-Mammoth|psn\n|-damage|p1a: Tarn|36\/100|[from] item: Rocky Helmet|[of] p2a: Ultra-Mammoth\n|move|p2a: Ultra-Mammoth|Earthquake|p1a: Tarn\n|-supereffective|p1a: Tarn\n|-damage|p1a: Tarn|0 fnt\n|faint|p1a: Tarn\n|\n|-damage|p2a: Ultra-Mammoth|48\/100 psn|[from] psn\n|upkeep\n|\n|t:|1700097145\n|switch|p1a: Kaido|Haxorus, F, shiny|100\/100\n|-ability|p1a: Kaido|Mold Breaker\n|turn|9\n|\n|t:|1700097152\n|-end|p2a: Ultra-Mammoth|Protosynthesis|[silent]\n|switch|p2a: Lucky|Sylveon, M, shiny|100\/100\n|move|p1a: Kaido|Dragon Dance|p1a: Kaido\n|-boost|p1a: Kaido|atk|1\n|-boost|p1a: Kaido|spe|1\n|\n|upkeep\n|turn|10\n|\n|t:|1700097160\n|move|p1a: Kaido|Poison Jab|p2a: Lucky\n|-supereffective|p2a: Lucky\n|-damage|p2a: Lucky|0 fnt\n|faint|p2a: Lucky\n|\n|upkeep\n|\n|t:|1700097176\n|switch|p2a: Ultra-Mammoth|Great Tusk|48\/100 psn\n|turn|11\n|\n|t:|1700097183\n|move|p1a: Kaido|Earthquake|p2a: Ultra-Mammoth\n|-damage|p2a: Ultra-Mammoth|16\/100 psn\n|move|p2a: Ultra-Mammoth|Knock Off|p1a: Kaido\n|-damage|p1a: Kaido|62\/100\n|-enditem|p1a: Kaido|Loaded Dice|[from] move: Knock Off|[of] p2a: Ultra-Mammoth\n|\n|-damage|p2a: Ultra-Mammoth|3\/100 psn|[from] psn\n|upkeep\n|turn|12\n|\n|t:|1700097193\n|move|p1a: Kaido|Earthquake|p2a: Ultra-Mammoth\n|-damage|p2a: Ultra-Mammoth|0 fnt\n|faint|p2a: Ultra-Mammoth\n|-end|p2a: Ultra-Mammoth|Protosynthesis|[silent]\n|\n|upkeep\n|\n|t:|1700097206\n|switch|p2a: Stump|Torterra, M|100\/100\n|turn|13\n|\n|t:|1700097224\n|move|p1a: Kaido|Poison Jab|p2a: Stump\n|-damage|p2a: Stump|47\/100\n|move|p2a: Stump|Shell Smash|p2a: Stump\n|-unboost|p2a: Stump|def|1\n|-unboost|p2a: Stump|spd|1\n|-boost|p2a: Stump|atk|2\n|-boost|p2a: Stump|spa|2\n|-boost|p2a: Stump|spe|2\n|\n|upkeep\n|turn|14\n|\n|t:|1700097236\n|move|p1a: Kaido|Poison Jab|p2a: Stump\n|-damage|p2a: Stump|0 fnt\n|faint|p2a: Stump\n|\n|upkeep\n|\n|t:|1700097241\n|switch|p2a: Delphi|Armarouge, F|59\/100\n|turn|15\n|\n|t:|1700097246\n|move|p1a: Kaido|Earthquake|p2a: Delphi\n|-supereffective|p2a: Delphi\n|-damage|p2a: Delphi|0 fnt\n|faint|p2a: Delphi\n|\n|upkeep\n|\n|t:|1700097249\n|switch|p2a: Yang|Volcarona, F|100\/100\n|turn|16\n|\n|t:|1700097267\n|move|p1a: Kaido|Scale Shot|p2a: Yang\n|-damage|p2a: Yang|66\/100\n|-damage|p2a: Yang|31\/100\n|-damage|p2a: Yang|0 fnt\n|faint|p2a: Yang\n|-hitcount|p2: Yang|3\n|\n|win|Dragontamerty9\n|c| ObiwanDS|WOAH\n|c| Tedonator|OMG\n|l| Chronicler 177\n|l|\u2606Driedguide42\n|l| Tedonator\n|l| ObiwanDS\n","uploadtime":1700098518,"views":4,"p1id":"dragontamerty9","p2id":"driedguide42","formatid":"gen9nationaldex","rating":0,"private":0,"password":""}