{"id":"gen9nationaldex-1990178661","p1":"trenko","p2":"stepback wemby","format":"[Gen 9] National Dex","log":"|j|\u2606trenko\n|j|\u2606stepback wemby\n|t:|1699933487\n|gametype|singles\n|player|p1|trenko|pokekid|\n|player|p2|stepback wemby|caitlin|\n|teamsize|p1|6\n|teamsize|p2|6\n|gen|9\n|tier|[Gen 9] National Dex\n|rule|HP Percentage Mod: HP is shown in percentages\n|rule|Endless Battle Clause: Forcing endless battles is banned\n|rule|OHKO Clause: OHKO moves are banned\n|rule|Evasion Clause: Evasion abilities, items, and moves are banned\n|rule|Evasion Abilities Clause: Evasion abilities are banned\n|rule|Evasion Items Clause: Evasion items are banned\n|rule|Evasion Moves Clause: Evasion moves are banned\n|rule|Species Clause: Limit one of each Pok\u00e9mon\n|rule|Sleep Clause Mod: Limit one foe put to sleep\n|clearpoke\n|poke|p1|Mew|\n|poke|p1|Landorus-Therian, M|\n|poke|p1|Hatterene, F|\n|poke|p1|Tapu Koko|\n|poke|p1|Gyarados, M|\n|poke|p1|Hawlucha, F|\n|poke|p2|Weezing-Galar, F|\n|poke|p2|Hoopa-Unbound|\n|poke|p2|Heatran, F|\n|poke|p2|Rillaboom, F|\n|poke|p2|Scizor, M|\n|poke|p2|Cresselia, F|\n|teampreview\n|j| Keykard\n|j| alpha4k\n|inactive|Battle timer is ON: inactive players will automatically lose when time's up. (requested by stepback wemby)\n|j| jonglobobe\n|j| tidaltao\n|l| tidaltao\n|j| tidaltao\n|\n|t:|1699933535\n|start\n|switch|p1a: Homelandor|Landorus-Therian, M|100\/100\n|switch|p2a: DPH|Heatran, F, shiny|100\/100\n|-ability|p1a: Homelandor|Intimidate|boost\n|-unboost|p2a: DPH|atk|1\n|-item|p2a: DPH|Air Balloon\n|turn|1\n|c| Keykard|gyara and lucha is so cool\n|\n|t:|1699933549\n|move|p1a: Homelandor|Stealth Rock|p2a: DPH\n|-sidestart|p2: stepback wemby|move: Stealth Rock\n|move|p2a: DPH|Will-O-Wisp|p1a: Homelandor\n|-status|p1a: Homelandor|brn\n|\n|-damage|p1a: Homelandor|94\/100 brn|[from] brn\n|upkeep\n|turn|2\n|\n|t:|1699933556\n|move|p1a: Homelandor|U-turn|p2a: DPH\n|-resisted|p2a: DPH\n|-damage|p2a: DPH|98\/100\n|-enditem|p2a: DPH|Air Balloon\n|\n|t:|1699933560\n|switch|p1a: But tonight I|Hatterene, F|100\/100|[from] U-turn\n|move|p2a: DPH|Stealth Rock|p1a: But tonight I\n|move|p1a: But tonight I|Stealth Rock||[from]ability: Magic Bounce|[still]\n|-fail|p1a: But tonight I\n|\n|upkeep\n|turn|3\n|\n|t:|1699933575\n|switch|p2a: AYAHUASCA|Cresselia, F, shiny|100\/100\n|-damage|p2a: AYAHUASCA|88\/100|[from] Stealth Rock\n|move|p1a: But tonight I|Calm Mind|p1a: But tonight I\n|-boost|p1a: But tonight I|spa|1\n|-boost|p1a: But tonight I|spd|1\n|\n|upkeep\n|turn|4\n|\n|t:|1699933593\n|switch|p1a: nah i'd win|Mew|100\/100\n|move|p2a: AYAHUASCA|Trick|p1a: nah i'd win\n|-activate|p2a: AYAHUASCA|move: Trick|[of] p1a: nah i'd win\n|-item|p1a: nah i'd win|Choice Scarf|[from] move: Trick\n|-item|p2a: AYAHUASCA|Leftovers|[from] move: Trick\n|\n|-heal|p2a: AYAHUASCA|94\/100|[from] item: Leftovers\n|upkeep\n|turn|5\n|\n|t:|1699933606\n|switch|p1a: But tonight I|Hatterene, F|100\/100\n|move|p2a: AYAHUASCA|Shadow Ball|p1a: But tonight I\n|-supereffective|p1a: But tonight I\n|-damage|p1a: But tonight I|58\/100\n|\n|-heal|p2a: AYAHUASCA|99\/100|[from] item: Leftovers\n|-heal|p1a: But tonight I|64\/100|[from] item: Leftovers\n|upkeep\n|turn|6\n|\n|t:|1699933616\n|switch|p1a: Homelandor|Landorus-Therian, M|94\/100 brn\n|-ability|p1a: Homelandor|Intimidate|boost\n|-unboost|p2a: AYAHUASCA|atk|1\n|move|p2a: AYAHUASCA|Shadow Ball|p1a: Homelandor\n|-damage|p1a: Homelandor|72\/100 brn\n|\n|-heal|p2a: AYAHUASCA|100\/100|[from] item: Leftovers\n|-damage|p1a: Homelandor|66\/100 brn|[from] brn\n|upkeep\n|turn|7\n|\n|t:|1699933623\n|switch|p2a: DPH|Heatran, F, shiny|98\/100\n|-damage|p2a: DPH|86\/100|[from] Stealth Rock\n|move|p1a: Homelandor|Knock Off|p2a: DPH\n|-damage|p2a: DPH|77\/100\n|\n|-damage|p1a: Homelandor|60\/100 brn|[from] brn\n|upkeep\n|turn|8\n|\n|t:|1699933645\n|switch|p2a: Just some gas|Weezing-Galar, F, shiny|100\/100\n|-damage|p2a: Just some gas|88\/100|[from] Stealth Rock\n|move|p1a: Homelandor|U-turn|p2a: Just some gas\n|-resisted|p2a: Just some gas\n|-damage|p2a: Just some gas|86\/100\n|-damage|p1a: Homelandor|44\/100 brn|[from] item: Rocky Helmet|[of] p2a: Just some gas\n|\n|t:|1699933659\n|switch|p1a: stand proud arty|Tapu Koko|100\/100|[from] U-turn\n|-fieldstart|move: Electric Terrain|[from] ability: Electric Surge|[of] p1a: stand proud arty\n|\n|upkeep\n|turn|9\n|c|\u2606stepback wemby|I dont get it\n|\n|t:|1699933676\n|move|p1a: stand proud arty|Thunderbolt|p2a: Just some gas\n|-damage|p2a: Just some gas|18\/100\n|move|p2a: Just some gas|Sludge Bomb|p1a: stand proud arty\n|-supereffective|p1a: stand proud arty\n|-damage|p1a: stand proud arty|28\/100\n|\n|upkeep\n|turn|10\n|\n|t:|1699933688\n|move|p1a: stand proud arty|Thunderbolt|p2a: Just some gas\n|-damage|p2a: Just some gas|0 fnt\n|faint|p2a: Just some gas\n|\n|upkeep\n|c| jonglobobe|just some gas\n|\n|t:|1699933706\n|switch|p2a: PERC 60|Scizor, M, shiny|100\/100\n|-damage|p2a: PERC 60|88\/100|[from] Stealth Rock\n|turn|11\n|j| kensei4k\n|\n|t:|1699933711\n|switch|p1a: Homelandor|Landorus-Therian, M|44\/100 brn\n|-ability|p1a: Homelandor|Intimidate|boost\n|-unboost|p2a: PERC 60|atk|1\n|move|p2a: PERC 60|Defog|p1a: Homelandor\n|-unboost|p1a: Homelandor|evasion|1\n|-sideend|p2: stepback wemby|Stealth Rock|[from] move: Defog|[of] p2a: PERC 60\n|-fieldend|move: Electric Terrain\n|\n|-damage|p1a: Homelandor|38\/100 brn|[from] brn\n|upkeep\n|turn|12\n|\n|t:|1699933725\n|move|p2a: PERC 60|Bullet Punch|p1a: Homelandor\n|-damage|p1a: Homelandor|24\/100 brn\n|move|p1a: Homelandor|Knock Off|p2a: PERC 60\n|-damage|p2a: PERC 60|72\/100\n|-enditem|p2a: PERC 60|Occa Berry|[from] move: Knock Off|[of] p1a: Homelandor\n|\n|-damage|p1a: Homelandor|18\/100 brn|[from] brn\n|upkeep\n|turn|13\n|\n|t:|1699933732\n|move|p1a: Homelandor|U-turn|p2a: PERC 60\n|-resisted|p2a: PERC 60\n|-damage|p2a: PERC 60|67\/100\n|\n|t:|1699933738\n|switch|p1a: the cooler catfish|Gyarados, M|100\/100|[from] U-turn\n|-ability|p1a: the cooler catfish|Intimidate|boost\n|-unboost|p2a: PERC 60|atk|1\n|move|p2a: PERC 60|Roost|p2a: PERC 60\n|-heal|p2a: PERC 60|100\/100\n|-singleturn|p2a: PERC 60|move: Roost\n|\n|upkeep\n|turn|14\n|\n|t:|1699933746\n|move|p1a: the cooler catfish|Substitute|p1a: the cooler catfish\n|-start|p1a: the cooler catfish|Substitute\n|-damage|p1a: the cooler catfish|76\/100\n|move|p2a: PERC 60|U-turn|p1a: the cooler catfish\n|-resisted|p1a: the cooler catfish\n|-activate|p1a: the cooler catfish|move: Substitute|[damage]\n|\n|t:|1699933769\n|switch|p2a: TREN|Rillaboom, F, shiny|100\/100|[from] U-turn\n|-fieldstart|move: Grassy Terrain|[from] ability: Grassy Surge|[of] p2a: TREN\n|\n|upkeep\n|turn|15\n|c|\u2606trenko|you didn't bring dozo so the nickname doesnt' work :(\n|\n|t:|1699933779\n|move|p2a: TREN|Grassy Glide|p1a: the cooler catfish\n|-end|p1a: the cooler catfish|Substitute\n|move|p1a: the cooler catfish|Toxic|p2a: TREN\n|-status|p2a: TREN|tox\n|\n|-damage|p2a: TREN|94\/100 tox|[from] psn\n|upkeep\n|turn|16\n|\n|t:|1699933789\n|switch|p1a: Homelandor|Landorus-Therian, M|18\/100 brn\n|-ability|p1a: Homelandor|Intimidate|boost\n|-unboost|p2a: TREN|atk|1\n|move|p2a: TREN|Wood Hammer|p1a: Homelandor\n|-damage|p1a: Homelandor|0 fnt\n|faint|p1a: Homelandor\n|-damage|p2a: TREN|88\/100 tox|[from] Recoil\n|\n|-heal|p2a: TREN|94\/100 tox|[from] Grassy Terrain\n|-damage|p2a: TREN|82\/100 tox|[from] psn\n|upkeep\n|\n|t:|1699933795\n|switch|p1a: stand proud arty|Tapu Koko|28\/100\n|-fieldstart|move: Electric Terrain|[from] ability: Electric Surge|[of] p1a: stand proud arty\n|turn|17\n|c|\u2606stepback wemby|anti dozo gyara is savage\n|\n|t:|1699933805\n|switch|p2a: Chinny chin chin|Hoopa-Unbound|100\/100\n|move|p1a: stand proud arty|U-turn|p2a: Chinny chin chin\n|-supereffective|p2a: Chinny chin chin\n|-damage|p2a: Chinny chin chin|0 fnt\n|faint|p2a: Chinny chin chin\n|c|\u2606stepback wemby|whoops\n|\n|t:|1699933810\n|switch|p1a: But tonight I|Hatterene, F|64\/100|[from] U-turn\n|\n|-heal|p1a: But tonight I|70\/100|[from] item: Leftovers\n|upkeep\n|c| jonglobobe|well\n|\n|t:|1699933818\n|switch|p2a: TREN|Rillaboom, F, shiny|82\/100 tox\n|-fieldstart|move: Grassy Terrain|[from] ability: Grassy Surge|[of] p2a: TREN\n|turn|18\n|c| kensei4k|a generational debut by hoopa\n|\n|t:|1699933822\n|switch|p1a: stand proud arty|Tapu Koko|28\/100\n|-fieldstart|move: Electric Terrain|[from] ability: Electric Surge|[of] p1a: stand proud arty\n|move|p2a: TREN|Wood Hammer|p1a: stand proud arty\n|-damage|p1a: stand proud arty|0 fnt\n|faint|p1a: stand proud arty\n|-damage|p2a: TREN|74\/100 tox|[from] Recoil\n|\n|-damage|p2a: TREN|68\/100 tox|[from] psn\n|upkeep\n|\n|t:|1699933830\n|switch|p1a: Hawesome Sauce!|Hawlucha, F|100\/100\n|-ability|p1a: Hawesome Sauce!|Mold Breaker\n|-enditem|p1a: Hawesome Sauce!|Electric Seed\n|-boost|p1a: Hawesome Sauce!|def|1|[from] item: Electric Seed\n|turn|19\n|c|\u2606stepback wemby|its come 2 sets alr lol\n|c| kensei4k|i dont remember it\n|\n|t:|1699933850\n|switch|p2a: AYAHUASCA|Cresselia, F, shiny|100\/100\n|move|p1a: Hawesome Sauce!|Substitute|p1a: Hawesome Sauce!\n|-start|p1a: Hawesome Sauce!|Substitute\n|-damage|p1a: Hawesome Sauce!|75\/100\n|\n|upkeep\n|turn|20\n|\n|t:|1699933854\n|move|p1a: Hawesome Sauce!|Swords Dance|p1a: Hawesome Sauce!\n|-boost|p1a: Hawesome Sauce!|atk|2\n|move|p2a: AYAHUASCA|Psychic|p1a: Hawesome Sauce!\n|-supereffective|p1a: Hawesome Sauce!\n|-end|p1a: Hawesome Sauce!|Substitute\n|\n|upkeep\n|turn|21\n|\n|t:|1699933859\n|move|p1a: Hawesome Sauce!|Acrobatics|p2a: AYAHUASCA\n|-damage|p2a: AYAHUASCA|24\/100\n|move|p2a: AYAHUASCA|Psychic|p1a: Hawesome Sauce!\n|-supereffective|p1a: Hawesome Sauce!\n|-damage|p1a: Hawesome Sauce!|0 fnt\n|faint|p1a: Hawesome Sauce!\n|\n|-heal|p2a: AYAHUASCA|30\/100|[from] item: Leftovers\n|upkeep\n|c| Keykard|best move in the game\n|\n|t:|1699933862\n|switch|p1a: the cooler catfish|Gyarados, M|76\/100\n|-ability|p1a: the cooler catfish|Intimidate|boost\n|-unboost|p2a: AYAHUASCA|atk|1\n|turn|22\n|\n|t:|1699933878\n|switch|p2a: PERC 60|Scizor, M, shiny|100\/100\n|detailschange|p1a: the cooler catfish|Gyarados-Mega, M\n|-mega|p1a: the cooler catfish|Gyarados|Gyaradosite\n|-ability|p1a: the cooler catfish|Mold Breaker\n|move|p1a: the cooler catfish|Crunch|p2a: PERC 60\n|-damage|p2a: PERC 60|56\/100\n|\n|-fieldend|move: Electric Terrain\n|upkeep\n|turn|23\n|\n|t:|1699933888\n|move|p1a: the cooler catfish|Crunch|p2a: PERC 60\n|-damage|p2a: PERC 60|13\/100\n|move|p2a: PERC 60|U-turn|p1a: the cooler catfish\n|-supereffective|p1a: the cooler catfish\n|-damage|p1a: the cooler catfish|17\/100\n|\n|t:|1699933892\n|switch|p2a: TREN|Rillaboom, F, shiny|68\/100 tox|[from] U-turn\n|-fieldstart|move: Grassy Terrain|[from] ability: Grassy Surge|[of] p2a: TREN\n|\n|-heal|p2a: TREN|74\/100 tox|[from] Grassy Terrain\n|-heal|p1a: the cooler catfish|23\/100|[from] Grassy Terrain\n|-damage|p2a: TREN|68\/100 tox|[from] psn\n|upkeep\n|turn|24\n|\n|t:|1699933894\n|switch|p1a: nah i'd win|Mew|100\/100\n|move|p2a: TREN|Grassy Glide|p1a: nah i'd win\n|-damage|p1a: nah i'd win|75\/100\n|\n|-heal|p1a: nah i'd win|81\/100|[from] Grassy Terrain\n|-heal|p2a: TREN|74\/100 tox|[from] Grassy Terrain\n|-damage|p2a: TREN|61\/100 tox|[from] psn\n|upkeep\n|turn|25\n|c|\u2606stepback wemby|?\n|c|\u2606stepback wemby|LMFAO\\\n|c|\u2606stepback wemby|WTF\n|\n|t:|1699933911\n|switch|p2a: DPH|Heatran, F, shiny|77\/100\n|move|p1a: nah i'd win|Transform|p2a: DPH\n|-transform|p1a: nah i'd win|p2a: DPH\n|\n|-heal|p1a: nah i'd win|88\/100|[from] Grassy Terrain\n|-heal|p2a: DPH|84\/100|[from] Grassy Terrain\n|upkeep\n|turn|26\n|c|\u2606stepback wemby|???????????????????\n|c| Keykard|dude\n|c| jonglobobe|Ok\n|\n|t:|1699933933\n|move|p1a: nah i'd win|Stealth Rock|p2a: DPH\n|-sidestart|p2: stepback wemby|move: Stealth Rock\n|move|p2a: DPH|Magma Storm|p1a: nah i'd win|[miss]\n|-miss|p2a: DPH|p1a: nah i'd win\n|\n|-heal|p1a: nah i'd win|94\/100|[from] Grassy Terrain\n|-heal|p2a: DPH|90\/100|[from] Grassy Terrain\n|upkeep\n|turn|27\n|c|\u2606trenko|flame body eh\n|\n|t:|1699933943\n|move|p1a: nah i'd win|Stealth Rock||[still]\n|-fail|p1a: nah i'd win\n|move|p2a: DPH|Magma Storm|p1a: nah i'd win\n|-damage|p1a: nah i'd win|46\/100\n|-activate|p1a: nah i'd win|move: Magma Storm|[of] p2a: DPH\n|\n|-heal|p1a: nah i'd win|52\/100|[from] Grassy Terrain\n|-heal|p2a: DPH|96\/100|[from] Grassy Terrain\n|-damage|p1a: nah i'd win|40\/100|[from] move: Magma Storm|[partiallytrapped]\n|-fieldend|move: Grassy Terrain\n|upkeep\n|turn|28\n|c|\u2606trenko|this scarf fucks me smh\n|c|\u2606stepback wemby|you burned urself on lando alr lol\n|\n|t:|1699933960\n|move|p1a: nah i'd win|Stealth Rock||[still]\n|-fail|p1a: nah i'd win\n|move|p2a: DPH|Magma Storm|p1a: nah i'd win\n|-damage|p1a: nah i'd win|0 fnt\n|faint|p1a: nah i'd win\n|\n|upkeep\n|c|\u2606trenko|didnt u wisp me\n|c|\u2606stepback wemby|oh did i\n|\n|t:|1699933968\n|switch|p1a: But tonight I|Hatterene, F|70\/100\n|turn|29\n|c|\u2606stepback wemby|im tripping bruh\n|c|\u2606trenko|gg\n|\n|t:|1699933978\n|switch|p2a: PERC 60|Scizor, M, shiny|13\/100\n|-damage|p2a: PERC 60|0 fnt|[from] Stealth Rock\n|faint|p2a: PERC 60\n|-terastallize|p1a: But tonight I|Ground\n|move|p1a: But tonight I|Tera Blast|p2: PERC 60|[notarget]\n|-fail|p1a: But tonight I\n|\n|-heal|p1a: But tonight I|76\/100|[from] item: Leftovers\n|upkeep\n|c|\u2606stepback wemby|gg\n|\n|t:|1699933986\n|switch|p2a: TREN|Rillaboom, F, shiny|61\/100 tox\n|-damage|p2a: TREN|49\/100 tox|[from] Stealth Rock\n|-fieldstart|move: Grassy Terrain|[from] ability: Grassy Surge|[of] p2a: TREN\n|turn|30\n|\n|t:|1699933989\n|move|p2a: TREN|Grassy Glide|p1a: But tonight I\n|-supereffective|p1a: But tonight I\n|-damage|p1a: But tonight I|2\/100\n|move|p1a: But tonight I|Draining Kiss|p2a: TREN\n|-damage|p2a: TREN|17\/100 tox\n|-heal|p1a: But tonight I|28\/100|[from] drain|[of] p2a: TREN\n|\n|-heal|p2a: TREN|23\/100 tox|[from] Grassy Terrain\n|-heal|p1a: But tonight I|34\/100|[from] Grassy Terrain\n|-heal|p1a: But tonight I|40\/100|[from] item: Leftovers\n|-damage|p2a: TREN|17\/100 tox|[from] psn\n|upkeep\n|turn|31\n|\n|t:|1699933992\n|switch|p1a: the cooler catfish|Gyarados-Mega, M|23\/100\n|-ability|p1a: the cooler catfish|Mold Breaker\n|move|p2a: TREN|Grassy Glide|p1a: the cooler catfish\n|-supereffective|p1a: the cooler catfish\n|-damage|p1a: the cooler catfish|0 fnt\n|faint|p1a: the cooler catfish\n|\n|-heal|p2a: TREN|23\/100 tox|[from] Grassy Terrain\n|-damage|p2a: TREN|10\/100 tox|[from] psn\n|upkeep\n|\n|t:|1699933994\n|switch|p1a: But tonight I|Hatterene, F, tera:Ground|40\/100\n|turn|32\n|\n|t:|1699933996\n|move|p2a: TREN|Grassy Glide|p1a: But tonight I\n|-supereffective|p1a: But tonight I\n|-damage|p1a: But tonight I|0 fnt\n|faint|p1a: But tonight I\n|\n|win|stepback wemby\n|c| jonglobobe|choice band weezing went crazy\n|c|\u2606stepback wemby|lemme think if i wanna sub\n|l| kensei4k\n|l| alpha4k\n|j| Megakid20\n|l| jonglobobe\n|l|\u2606trenko\n","uploadtime":1699934197,"views":6,"p1id":"trenko","p2id":"stepbackwemby","formatid":"gen9nationaldex","rating":0,"private":0,"password":""}