{"id":"gen9nationaldex-1993267305","p1":"hhxh\u955c\u82b1\u6c34\u6708","p2":"OuoouoouO \u3010byd\u3011","format":"[Gen 9] National Dex","log":"|j|\u2606hhxh\u955c\u82b1\u6c34\u6708\n|j|\u2606OuoouoouO \u3010byd\u3011\n|t:|1700287058\n|gametype|singles\n|player|p1|hhxh\u955c\u82b1\u6c34\u6708|penny|\n|player|p2|OuoouoouO \u3010byd\u3011|cyclist|\n|teamsize|p1|6\n|teamsize|p2|6\n|gen|9\n|tier|[Gen 9] National Dex\n|rule|HP Percentage Mod: HP is shown in percentages\n|rule|Endless Battle Clause: Forcing endless battles is banned\n|rule|OHKO Clause: OHKO moves are banned\n|rule|Evasion Clause: Evasion abilities, items, and moves are banned\n|rule|Evasion Abilities Clause: Evasion abilities are banned\n|rule|Evasion Items Clause: Evasion items are banned\n|rule|Evasion Moves Clause: Evasion moves are banned\n|rule|Species Clause: Limit one of each Pok\u00e9mon\n|rule|Sleep Clause Mod: Limit one foe put to sleep\n|clearpoke\n|poke|p1|Volcanion|\n|poke|p1|Slowbro, F|\n|poke|p1|Mawile, F|\n|poke|p1|Ursaluna, M|\n|poke|p1|Maushold|\n|poke|p1|Dragonite, F|\n|poke|p2|Alomomola, M|\n|poke|p2|Slowking-Galar, M|\n|poke|p2|Ting-Lu|\n|poke|p2|Ursaluna, M|\n|poke|p2|Tapu Koko|\n|poke|p2|Scizor, F|\n|teampreview\n|inactive|Battle timer is ON: inactive players will automatically lose when time's up. (requested by OuoouoouO \u3010byd\u3011)\n|\n|t:|1700287089\n|start\n|switch|p1a: Maushold|Maushold, shiny|100\/100\n|switch|p2a: Alomomola|Alomomola, M|100\/100\n|turn|1\n|\n|t:|1700287097\n|switch|p1a: Mawile|Mawile, F, shiny|100\/100\n|-ability|p1a: Mawile|Intimidate|boost\n|-unboost|p2a: Alomomola|atk|1\n|move|p2a: Alomomola|Flip Turn|p1a: Mawile\n|-damage|p1a: Mawile|89\/100\n|\n|t:|1700287099\n|switch|p2a: Ursaluna|Ursaluna, M|100\/100|[from] Flip Turn\n|\n|-status|p2a: Ursaluna|brn|[from] item: Flame Orb\n|upkeep\n|turn|2\n|\n|t:|1700287108\n|switch|p1a: Slowbro|Slowbro, F, shiny|100\/100\n|move|p2a: Ursaluna|Facade|p1a: Slowbro\n|-damage|p1a: Slowbro|35\/100\n|\n|-heal|p1a: Slowbro|41\/100|[from] item: Leftovers\n|-damage|p2a: Ursaluna|94\/100 brn|[from] brn\n|upkeep\n|turn|3\n|\n|t:|1700287110\n|move|p2a: Ursaluna|Facade|p1a: Slowbro\n|-damage|p1a: Slowbro|0 fnt\n|faint|p1a: Slowbro\n|\n|-damage|p2a: Ursaluna|88\/100 brn|[from] brn\n|upkeep\n|\n|t:|1700287115\n|switch|p1a: Volcanion|Volcanion|100\/100\n|turn|4\n|\n|t:|1700287119\n|switch|p2a: Slowking|Slowking-Galar, M|100\/100\n|move|p1a: Volcanion|Steam Eruption|p2a: Slowking\n|-damage|p2a: Slowking|62\/100\n|\n|upkeep\n|turn|5\n|\n|t:|1700287125\n|move|p1a: Volcanion|Steam Eruption|p2a: Slowking|[miss]\n|-miss|p1a: Volcanion|p2a: Slowking\n|move|p2a: Slowking|Chilly Reception|p2a: Slowking\n|-weather|Snow\n|\n|t:|1700287130\n|switch|p2a: Tapu Koko|Tapu Koko|100\/100|[from] Chilly Reception\n|-fieldstart|move: Electric Terrain|[from] ability: Electric Surge|[of] p2a: Tapu Koko\n|\n|-weather|Snow|[upkeep]\n|upkeep\n|turn|6\n|\n|t:|1700287146\n|move|p2a: Tapu Koko|U-turn|p1a: Volcanion\n|-resisted|p1a: Volcanion\n|-damage|p1a: Volcanion|91\/100\n|-damage|p2a: Tapu Koko|91\/100|[from] item: Life Orb\n|\n|t:|1700287151\n|switch|p2a: Slowking|Slowking-Galar, M|95\/100|[from] U-turn\n|move|p1a: Volcanion|Steam Eruption|p2a: Slowking\n|-damage|p2a: Slowking|61\/100\n|\n|-weather|Snow|[upkeep]\n|upkeep\n|turn|7\n|\n|t:|1700287154\n|move|p1a: Volcanion|Steam Eruption|p2a: Slowking\n|-damage|p2a: Slowking|25\/100\n|move|p2a: Slowking|Thunder Wave|p1a: Volcanion\n|-status|p1a: Volcanion|par\n|\n|-weather|Snow|[upkeep]\n|upkeep\n|turn|8\n|\n|t:|1700287159\n|cant|p1a: Volcanion|par\n|move|p2a: Slowking|Chilly Reception|p2a: Slowking\n|\n|t:|1700287161\n|switch|p2a: Ursaluna|Ursaluna, M|88\/100 brn|[from] Chilly Reception\n|\n|-weather|Snow|[upkeep]\n|-damage|p2a: Ursaluna|82\/100 brn|[from] brn\n|upkeep\n|turn|9\n|\n|t:|1700287164\n|move|p2a: Ursaluna|Facade|p1a: Volcanion\n|-damage|p1a: Volcanion|0 fnt\n|faint|p1a: Volcanion\n|\n|-weather|none\n|-damage|p2a: Ursaluna|76\/100 brn|[from] brn\n|-fieldend|move: Electric Terrain\n|upkeep\n|\n|t:|1700287173\n|switch|p1a: Dragonite|Dragonite, F, shiny|100\/100\n|turn|10\n|\n|t:|1700287176\n|switch|p2a: Alomomola|Alomomola, M|100\/100\n|move|p1a: Dragonite|Dragon Dance|p1a: Dragonite\n|-boost|p1a: Dragonite|atk|1\n|-boost|p1a: Dragonite|spe|1\n|\n|upkeep\n|turn|11\n|\n|t:|1700287179\n|-zpower|p1a: Dragonite\n|move|p1a: Dragonite|Devastating Drake|p2a: Alomomola|[zeffect]\n|-damage|p2a: Alomomola|13\/100\n|move|p2a: Alomomola|Toxic|p1a: Dragonite|[miss]\n|-miss|p2a: Alomomola|p1a: Dragonite\n|\n|upkeep\n|turn|12\n|\n|t:|1700287186\n|switch|p2a: Scizor|Scizor, F|100\/100\n|move|p1a: Dragonite|Earthquake|p2a: Scizor\n|-damage|p2a: Scizor|58\/100\n|\n|upkeep\n|turn|13\n|\n|t:|1700287190\n|detailschange|p2a: Scizor|Scizor-Mega, F\n|-mega|p2a: Scizor|Scizor|Scizorite\n|move|p2a: Scizor|Bullet Punch|p1a: Dragonite\n|-damage|p1a: Dragonite|84\/100\n|move|p1a: Dragonite|Dragon Dance|p1a: Dragonite\n|-boost|p1a: Dragonite|atk|1\n|-boost|p1a: Dragonite|spe|1\n|\n|upkeep\n|turn|14\n|\n|t:|1700287194\n|move|p1a: Dragonite|Earthquake|p2a: Scizor\n|-damage|p2a: Scizor|14\/100\n|move|p2a: Scizor|Roost|p2a: Scizor\n|-heal|p2a: Scizor|65\/100\n|-singleturn|p2a: Scizor|move: Roost\n|\n|upkeep\n|turn|15\n|\n|t:|1700287199\n|move|p1a: Dragonite|Dragon Dance|p1a: Dragonite\n|-boost|p1a: Dragonite|atk|1\n|-boost|p1a: Dragonite|spe|1\n|move|p2a: Scizor|Roost|p2a: Scizor\n|-heal|p2a: Scizor|100\/100\n|-singleturn|p2a: Scizor|move: Roost\n|\n|upkeep\n|turn|16\n|\n|t:|1700287201\n|move|p2a: Scizor|Bullet Punch|p1a: Dragonite\n|-damage|p1a: Dragonite|50\/100\n|move|p1a: Dragonite|Earthquake|p2a: Scizor\n|-damage|p2a: Scizor|47\/100\n|\n|upkeep\n|turn|17\n|\n|t:|1700287206\n|move|p2a: Scizor|Bullet Punch|p1a: Dragonite\n|-damage|p1a: Dragonite|16\/100\n|move|p1a: Dragonite|Earthquake|p2a: Scizor\n|-damage|p2a: Scizor|0 fnt\n|faint|p2a: Scizor\n|\n|upkeep\n|\n|t:|1700287211\n|switch|p2a: Ting-Lu|Ting-Lu|100\/100\n|-ability|p2a: Ting-Lu|Vessel of Ruin\n|turn|18\n|\n|t:|1700287216\n|move|p1a: Dragonite|Earthquake|p2a: Ting-Lu\n|-damage|p2a: Ting-Lu|48\/100\n|move|p2a: Ting-Lu|Whirlwind|p1a: Dragonite\n|drag|p1a: Ursaluna|Ursaluna, M, shiny|100\/100\n|\n|-heal|p2a: Ting-Lu|54\/100|[from] item: Leftovers\n|-status|p1a: Ursaluna|brn|[from] item: Flame Orb\n|upkeep\n|turn|19\n|\n|t:|1700287222\n|move|p1a: Ursaluna|Facade|p2a: Ting-Lu\n|-damage|p2a: Ting-Lu|0 fnt\n|faint|p2a: Ting-Lu\n|\n|-damage|p1a: Ursaluna|94\/100 brn|[from] brn\n|upkeep\n|\n|t:|1700287225\n|switch|p2a: Ursaluna|Ursaluna, M|76\/100 brn\n|turn|20\n|\n|t:|1700287228\n|-terastallize|p2a: Ursaluna|Ghost\n|move|p2a: Ursaluna|Facade|p1a: Ursaluna\n|-damage|p1a: Ursaluna|16\/100 brn\n|move|p1a: Ursaluna|Facade|p2a: Ursaluna\n|-immune|p2a: Ursaluna\n|\n|-damage|p2a: Ursaluna|69\/100 brn|[from] brn\n|-damage|p1a: Ursaluna|10\/100 brn|[from] brn\n|upkeep\n|turn|21\n|\n|t:|1700287243\n|move|p2a: Ursaluna|Facade|p1a: Ursaluna\n|-damage|p1a: Ursaluna|0 fnt\n|faint|p1a: Ursaluna\n|\n|-damage|p2a: Ursaluna|63\/100 brn|[from] brn\n|upkeep\n|\n|t:|1700287247\n|switch|p1a: Dragonite|Dragonite, F, shiny|16\/100\n|turn|22\n|\n|t:|1700287259\n|switch|p2a: Tapu Koko|Tapu Koko|91\/100\n|-fieldstart|move: Electric Terrain|[from] ability: Electric Surge|[of] p2a: Tapu Koko\n|move|p1a: Dragonite|Outrage|p2a: Tapu Koko\n|-immune|p2a: Tapu Koko\n|\n|upkeep\n|turn|23\n|\n|t:|1700287265\n|move|p1a: Dragonite|Extreme Speed|p2a: Tapu Koko\n|-damage|p2a: Tapu Koko|44\/100\n|move|p2a: Tapu Koko|Thunderbolt|p1a: Dragonite\n|-damage|p1a: Dragonite|0 fnt\n|faint|p1a: Dragonite\n|-damage|p2a: Tapu Koko|34\/100|[from] item: Life Orb\n|\n|upkeep\n|\n|t:|1700287271\n|switch|p1a: Mawile|Mawile, F, shiny|89\/100\n|-ability|p1a: Mawile|Intimidate|boost\n|-unboost|p2a: Tapu Koko|atk|1\n|turn|24\n|\n|t:|1700287278\n|detailschange|p1a: Mawile|Mawile-Mega, F, shiny\n|-mega|p1a: Mawile|Mawile|Mawilite\n|move|p1a: Mawile|Sucker Punch|p2a: Tapu Koko\n|-resisted|p2a: Tapu Koko\n|-damage|p2a: Tapu Koko|4\/100\n|move|p2a: Tapu Koko|Thunderbolt|p1a: Mawile\n|-crit|p1a: Mawile\n|-damage|p1a: Mawile|0 fnt\n|faint|p1a: Mawile\n|-damage|p2a: Tapu Koko|0 fnt|[from] item: Life Orb\n|faint|p2a: Tapu Koko\n|\n|upkeep\n|\n|t:|1700287285\n|switch|p2a: Ursaluna|Ursaluna, M, tera:Ghost|63\/100 brn\n|switch|p1a: Maushold|Maushold, shiny|100\/100\n|turn|25\n|\n|t:|1700287289\n|-terastallize|p1a: Maushold|Dark\n|move|p1a: Maushold|Bite|p2a: Ursaluna\n|-supereffective|p2a: Ursaluna\n|-damage|p2a: Ursaluna|10\/100 brn\n|move|p2a: Ursaluna|Headlong Rush|p1a: Maushold\n|-damage|p1a: Maushold|0 fnt\n|-unboost|p2a: Ursaluna|def|1\n|-unboost|p2a: Ursaluna|spd|1\n|faint|p1a: Maushold\n|\n|win|OuoouoouO \u3010byd\u3011\n","uploadtime":1700287294,"views":10,"p1id":"hhxh","p2id":"ouoouoouobyd","formatid":"gen9nationaldex","rating":0,"private":0,"password":""}