{"id":"gen9nationaldex-1987581651","p1":"s.daninja","p2":"EliteGiber","format":"[Gen 9] National Dex","log":"|j|\u2606s.daninja\n|j|\u203dEliteGiber\n|t:|1699615304\n|gametype|singles\n|player|p1|s.daninja|cheryl|1253\n|player|p2|EliteGiber|firebreather|1302\n|teamsize|p1|6\n|teamsize|p2|6\n|gen|9\n|tier|[Gen 9] National Dex\n|rated|\n|rule|HP Percentage Mod: HP is shown in percentages\n|rule|Endless Battle Clause: Forcing endless battles is banned\n|rule|OHKO Clause: OHKO moves are banned\n|rule|Evasion Clause: Evasion abilities, items, and moves are banned\n|rule|Evasion Abilities Clause: Evasion abilities are banned\n|rule|Evasion Items Clause: Evasion items are banned\n|rule|Evasion Moves Clause: Evasion moves are banned\n|rule|Species Clause: Limit one of each Pok\u00e9mon\n|rule|Sleep Clause Mod: Limit one foe put to sleep\n|clearpoke\n|poke|p1|Cinderace, M|\n|poke|p1|Torkoal, F|\n|poke|p1|Venusaur, F|\n|poke|p1|Blaziken, F|\n|poke|p1|Charizard, F|\n|poke|p1|Volcarona, F|\n|poke|p2|Xurkitree|\n|poke|p2|Empoleon, F|\n|poke|p2|Iron Hands|\n|poke|p2|Haxorus, M|\n|poke|p2|Celesteela|\n|poke|p2|Medicham, F|\n|teampreview\n|\n|t:|1699615316\n|start\n|switch|p1a: Volcarona|Volcarona, F|100\/100\n|switch|p2a: Medicham|Medicham, F|100\/100\n|turn|1\n|\n|t:|1699615322\n|detailschange|p2a: Medicham|Medicham-Mega, F\n|-mega|p2a: Medicham|Medicham|Medichamite\n|move|p2a: Medicham|Zen Headbutt|p1a: Volcarona\n|-damage|p1a: Volcarona|0 fnt\n|faint|p1a: Volcarona\n|\n|upkeep\n|\n|t:|1699615332\n|switch|p1a: Cinderace|Cinderace, M|100\/100\n|turn|2\n|\n|t:|1699615336\n|move|p1a: Cinderace|Pyro Ball|p2a: Medicham\n|-damage|p2a: Medicham|0 fnt\n|faint|p2a: Medicham\n|-damage|p1a: Cinderace|91\/100|[from] item: Life Orb\n|\n|upkeep\n|\n|t:|1699615341\n|switch|p2a: Haxorus|Haxorus, M|100\/100\n|-ability|p2a: Haxorus|Mold Breaker\n|turn|3\n|\n|t:|1699615344\n|-terastallize|p2a: Haxorus|Dragon\n|move|p1a: Cinderace|High Jump Kick|p2a: Haxorus\n|-start|p1a: Cinderace|typechange|Fighting|[from] ability: Libero\n|-damage|p2a: Haxorus|0 fnt\n|faint|p2a: Haxorus\n|-damage|p1a: Cinderace|81\/100|[from] item: Life Orb\n|\n|upkeep\n|\n|t:|1699615358\n|switch|p2a: Xurkitree|Xurkitree, shiny|100\/100\n|turn|4\n|\n|t:|1699615366\n|move|p2a: Xurkitree|Dazzling Gleam|p1a: Cinderace\n|-supereffective|p1a: Cinderace\n|-damage|p1a: Cinderace|0 fnt\n|faint|p1a: Cinderace\n|-ability|p2a: Xurkitree|Beast Boost|boost\n|-boost|p2a: Xurkitree|spa|1\n|\n|upkeep\n|\n|t:|1699615369\n|switch|p1a: Torkoal|Torkoal, F|100\/100\n|-weather|SunnyDay|[from] ability: Drought|[of] p1a: Torkoal\n|turn|5\n|\n|t:|1699615373\n|switch|p2a: Empoleon|Empoleon, F, shiny|100\/100\n|move|p1a: Torkoal|Overheat|p2a: Empoleon|[miss]\n|-miss|p1a: Torkoal|p2a: Empoleon\n|\n|-weather|SunnyDay|[upkeep]\n|upkeep\n|turn|6\n|\n|t:|1699615378\n|move|p2a: Empoleon|Substitute|p2a: Empoleon\n|-start|p2a: Empoleon|Substitute\n|-damage|p2a: Empoleon|75\/100\n|move|p1a: Torkoal|Overheat|p2a: Empoleon\n|-end|p2a: Empoleon|Substitute\n|-unboost|p1a: Torkoal|spa|2\n|-enditem|p1a: Torkoal|Eject Pack\n|\n|t:|1699615380\n|switch|p1a: Venusaur|Venusaur, F|100\/100\n|\n|-weather|SunnyDay|[upkeep]\n|upkeep\n|turn|7\n|\n|t:|1699615384\n|move|p1a: Venusaur|Earth Power|p2a: Empoleon\n|-supereffective|p2a: Empoleon\n|-damage|p2a: Empoleon|0 fnt\n|faint|p2a: Empoleon\n|-damage|p1a: Venusaur|91\/100|[from] item: Life Orb\n|\n|-weather|SunnyDay|[upkeep]\n|upkeep\n|\n|t:|1699615387\n|switch|p2a: Celesteela|Celesteela, shiny|100\/100\n|turn|8\n|\n|t:|1699615396\n|-terastallize|p1a: Venusaur|Fire\n|move|p1a: Venusaur|Weather Ball|p2a: Celesteela\n|-supereffective|p2a: Celesteela\n|-damage|p2a: Celesteela|0 fnt\n|faint|p2a: Celesteela\n|-damage|p1a: Venusaur|81\/100|[from] item: Life Orb\n|\n|-weather|SunnyDay|[upkeep]\n|upkeep\n|\n|t:|1699615401\n|switch|p2a: Xurkitree|Xurkitree, shiny|100\/100\n|turn|9\n|\n|t:|1699615404\n|move|p1a: Venusaur|Weather Ball|p2a: Xurkitree\n|-damage|p2a: Xurkitree|0 fnt\n|faint|p2a: Xurkitree\n|-damage|p1a: Venusaur|71\/100|[from] item: Life Orb\n|\n|-weather|none\n|upkeep\n|\n|t:|1699615406\n|switch|p2a: Iron Hands|Iron Hands|100\/100\n|-enditem|p2a: Iron Hands|Booster Energy\n|-activate|p2a: Iron Hands|ability: Quark Drive|[fromitem]\n|-start|p2a: Iron Hands|quarkdriveatk\n|turn|10\n|\n|t:|1699615409\n|switch|p1a: Torkoal|Torkoal, F|100\/100\n|-weather|SunnyDay|[from] ability: Drought|[of] p1a: Torkoal\n|move|p2a: Iron Hands|Earthquake|p1a: Torkoal\n|-supereffective|p1a: Torkoal\n|-damage|p1a: Torkoal|39\/100\n|\n|-weather|SunnyDay|[upkeep]\n|upkeep\n|turn|11\n|\n|t:|1699615416\n|move|p2a: Iron Hands|Drain Punch|p1a: Torkoal\n|-damage|p1a: Torkoal|5\/100\n|move|p1a: Torkoal|Overheat|p2a: Iron Hands\n|-damage|p2a: Iron Hands|42\/100\n|-unboost|p1a: Torkoal|spa|2\n|\n|-weather|SunnyDay|[upkeep]\n|upkeep\n|turn|12\n|\n|t:|1699615421\n|move|p2a: Iron Hands|Drain Punch|p1a: Torkoal\n|-damage|p1a: Torkoal|0 fnt\n|-heal|p2a: Iron Hands|44\/100|[from] drain|[of] p1a: Torkoal\n|faint|p1a: Torkoal\n|\n|-weather|SunnyDay|[upkeep]\n|upkeep\n|\n|t:|1699615424\n|switch|p1a: Blaziken|Blaziken, F|100\/100\n|turn|13\n|\n|t:|1699615428\n|move|p1a: Blaziken|Close Combat|p2a: Iron Hands\n|-damage|p2a: Iron Hands|0 fnt\n|-unboost|p1a: Blaziken|def|1\n|-unboost|p1a: Blaziken|spd|1\n|faint|p2a: Iron Hands\n|-end|p2a: Iron Hands|Quark Drive|[silent]\n|-damage|p1a: Blaziken|91\/100|[from] item: Life Orb\n|\n|win|s.daninja\n|raw|s.daninja's rating: 1253 &rarr; <strong>1282<\/strong><br \/>(+29 for winning)\n|raw|EliteGiber's rating: 1302 &rarr; <strong>1279<\/strong><br \/>(-23 for losing)\n|l|\u203dEliteGiber\n","uploadtime":1699615437,"views":9,"p1id":"sdaninja","p2id":"elitegiber","formatid":"gen9nationaldex","rating":1279,"private":0,"password":""}