{"id":"gen9nationaldex-1989932468","p1":"Lufano5","p2":"dddjsjjsa","format":"[Gen 9] National Dex","log":"|j|\u2606Lufano5\n|j|\u2606dddjsjjsa\n|t:|1699907874\n|gametype|singles\n|player|p1|Lufano5|1|1025\n|player|p2|dddjsjjsa|169|1040\n|teamsize|p1|6\n|teamsize|p2|6\n|gen|9\n|tier|[Gen 9] National Dex\n|rated|\n|rule|HP Percentage Mod: HP is shown in percentages\n|rule|Endless Battle Clause: Forcing endless battles is banned\n|rule|OHKO Clause: OHKO moves are banned\n|rule|Evasion Clause: Evasion abilities, items, and moves are banned\n|rule|Evasion Abilities Clause: Evasion abilities are banned\n|rule|Evasion Items Clause: Evasion items are banned\n|rule|Evasion Moves Clause: Evasion moves are banned\n|rule|Species Clause: Limit one of each Pok\u00e9mon\n|rule|Sleep Clause Mod: Limit one foe put to sleep\n|clearpoke\n|poke|p1|Lopunny, M|\n|poke|p1|Corviknight, M|\n|poke|p1|Orbeetle, M|\n|poke|p1|Volcarona, M|\n|poke|p1|Urshifu-*, F|\n|poke|p1|Tapu Lele|\n|poke|p2|Garchomp, F|\n|poke|p2|Umbreon, M|\n|poke|p2|Charizard, M|\n|poke|p2|Gengar, F|\n|poke|p2|Sableye, M|\n|poke|p2|Greninja-*, F|\n|teampreview\n|\n|t:|1699907880\n|start\n|switch|p1a: Orbeetle|Orbeetle, M|100\/100\n|switch|p2a: Umbreon|Umbreon, M|100\/100\n|-item|p2a: Umbreon|Leftovers|[from] ability: Frisk|[of] p1a: Orbeetle|[identify]\n|turn|1\n|\n|t:|1699907888\n|move|p1a: Orbeetle|Trick|p2a: Umbreon\n|-activate|p1a: Orbeetle|move: Trick|[of] p2a: Umbreon\n|-item|p2a: Umbreon|Choice Scarf|[from] move: Trick\n|-item|p1a: Orbeetle|Leftovers|[from] move: Trick\n|move|p2a: Umbreon|Toxic|p1a: Orbeetle\n|-status|p1a: Orbeetle|tox\n|\n|-damage|p1a: Orbeetle|94\/100 tox|[from] psn\n|upkeep\n|turn|2\n|\n|t:|1699907912\n|switch|p2a: Greninja|Greninja, F|100\/100\n|move|p1a: Orbeetle|Sticky Web|p2a: Greninja\n|-sidestart|p2: dddjsjjsa|move: Sticky Web\n|\n|-heal|p1a: Orbeetle|100\/100 tox|[from] item: Leftovers\n|-damage|p1a: Orbeetle|88\/100 tox|[from] psn\n|upkeep\n|turn|3\n|\n|t:|1699907925\n|move|p2a: Greninja|Surf|p1a: Orbeetle\n|-start|p2a: Greninja|typechange|Water|[from] ability: Protean\n|-damage|p1a: Orbeetle|48\/100 tox\n|move|p1a: Orbeetle|Trick|p2a: Greninja\n|-activate|p1a: Orbeetle|move: Trick|[of] p2a: Greninja\n|-item|p2a: Greninja|Leftovers|[from] move: Trick\n|-item|p1a: Orbeetle|Leftovers|[from] move: Trick\n|\n|-heal|p1a: Orbeetle|54\/100 tox|[from] item: Leftovers\n|-damage|p1a: Orbeetle|36\/100 tox|[from] psn\n|upkeep\n|turn|4\n|\n|t:|1699907941\n|switch|p2a: Umbreon|Umbreon, M|100\/100\n|-activate|p2a: Umbreon|move: Sticky Web\n|-unboost|p2a: Umbreon|spe|1\n|move|p1a: Orbeetle|Infestation|p2a: Umbreon\n|-supereffective|p2a: Umbreon\n|-damage|p2a: Umbreon|92\/100\n|-activate|p2a: Umbreon|move: Infestation|[of] p1a: Orbeetle\n|\n|-heal|p1a: Orbeetle|42\/100 tox|[from] item: Leftovers\n|-damage|p1a: Orbeetle|17\/100 tox|[from] psn\n|-damage|p2a: Umbreon|80\/100|[from] move: Infestation|[partiallytrapped]\n|upkeep\n|turn|5\n|\n|t:|1699907959\n|move|p2a: Umbreon|Moonlight|p2a: Umbreon\n|-heal|p2a: Umbreon|100\/100\n|move|p1a: Orbeetle|Future Sight|p2a: Umbreon\n|-start|p1a: Orbeetle|move: Future Sight\n|\n|-heal|p1a: Orbeetle|23\/100 tox|[from] item: Leftovers\n|-damage|p1a: Orbeetle|0 fnt|[from] psn\n|faint|p1a: Orbeetle\n|-end|p2a: Umbreon|Infestation|[partiallytrapped]|[silent]\n|upkeep\n|\n|t:|1699907972\n|switch|p1a: Tapu Lele|Tapu Lele|100\/100\n|-fieldstart|move: Psychic Terrain|[from] ability: Psychic Surge|[of] p1a: Tapu Lele\n|turn|6\n|\n|t:|1699907992\n|switch|p2a: Charizard|Charizard, M|100\/100\n|move|p1a: Tapu Lele|Calm Mind|p1a: Tapu Lele\n|-boost|p1a: Tapu Lele|spa|1\n|-boost|p1a: Tapu Lele|spd|1\n|\n|upkeep\n|turn|7\n|\n|t:|1699908003\n|move|p2a: Charizard|Air Slash|p1a: Tapu Lele\n|-damage|p1a: Tapu Lele|84\/100\n|move|p1a: Tapu Lele|Moonblast|p2a: Charizard\n|-resisted|p2a: Charizard\n|-damage|p2a: Charizard|60\/100\n|\n|-end|p2a: Charizard|move: Future Sight\n|-damage|p2a: Charizard|9\/100\n|upkeep\n|turn|8\n|\n|t:|1699908021\n|switch|p2a: Umbreon|Umbreon, M|100\/100\n|-activate|p2a: Umbreon|move: Sticky Web\n|-unboost|p2a: Umbreon|spe|1\n|move|p1a: Tapu Lele|Moonblast|p2a: Umbreon\n|-supereffective|p2a: Umbreon\n|-damage|p2a: Umbreon|0 fnt\n|faint|p2a: Umbreon\n|\n|upkeep\n|\n|t:|1699908033\n|switch|p2a: Gengar|Gengar, F|100\/100\n|-activate|p2a: Gengar|move: Sticky Web\n|-unboost|p2a: Gengar|spe|1\n|turn|9\n|\n|t:|1699908047\n|-terastallize|p1a: Tapu Lele|Psychic\n|move|p2a: Gengar|Dark Pulse|p1a: Tapu Lele\n|-supereffective|p1a: Tapu Lele\n|-damage|p1a: Tapu Lele|48\/100\n|-damage|p2a: Gengar|91\/100|[from] item: Life Orb\n|move|p1a: Tapu Lele|Shadow Ball|p2a: Gengar\n|-supereffective|p2a: Gengar\n|-damage|p2a: Gengar|0 fnt\n|faint|p2a: Gengar\n|\n|upkeep\n|\n|t:|1699908059\n|switch|p2a: Charizard|Charizard, M|9\/100\n|turn|10\n|\n|t:|1699908064\n|move|p2a: Charizard|Dragon Claw|p1a: Tapu Lele\n|-damage|p1a: Tapu Lele|24\/100\n|move|p1a: Tapu Lele|Moonblast|p2a: Charizard\n|-resisted|p2a: Charizard\n|-damage|p2a: Charizard|0 fnt\n|faint|p2a: Charizard\n|\n|upkeep\n|\n|t:|1699908074\n|switch|p2a: Sableye|Sableye, M|100\/100\n|-activate|p2a: Sableye|move: Sticky Web\n|-unboost|p2a: Sableye|spe|1\n|turn|11\n|\n|t:|1699908080\n|move|p2a: Sableye|Recover||[still]\n|-fail|p2a: Sableye|heal\n|move|p1a: Tapu Lele|Moonblast|p2a: Sableye\n|-supereffective|p2a: Sableye\n|-damage|p2a: Sableye|0 fnt\n|faint|p2a: Sableye\n|\n|upkeep\n|\n|t:|1699908089\n|switch|p2a: Greninja|Greninja, F|100\/100\n|-activate|p2a: Greninja|move: Sticky Web\n|-unboost|p2a: Greninja|spe|1\n|turn|12\n|\n|t:|1699908096\n|move|p2a: Greninja|Surf|p1a: Tapu Lele\n|-start|p2a: Greninja|typechange|Water|[from] ability: Protean\n|-damage|p1a: Tapu Lele|1\/100\n|move|p1a: Tapu Lele|Moonblast|p2a: Greninja\n|-damage|p2a: Greninja|0 fnt\n|faint|p2a: Greninja\n|\n|upkeep\n|\n|t:|1699908105\n|switch|p2a: Garchomp|Garchomp, F|100\/100\n|-activate|p2a: Garchomp|move: Sticky Web\n|-unboost|p2a: Garchomp|spe|1\n|turn|13\n|\n|t:|1699908113\n|move|p1a: Tapu Lele|Moonblast|p2a: Garchomp\n|-supereffective|p2a: Garchomp\n|-enditem|p2a: Garchomp|Focus Sash\n|-damage|p2a: Garchomp|1\/100\n|move|p2a: Garchomp|Fire Fang|p1a: Tapu Lele\n|-damage|p1a: Tapu Lele|0 fnt\n|faint|p1a: Tapu Lele\n|\n|-fieldend|move: Psychic Terrain\n|upkeep\n|\n|t:|1699908125\n|switch|p1a: Urshifu|Urshifu-Rapid-Strike, F|100\/100\n|turn|14\n|\n|t:|1699908130\n|move|p1a: Urshifu|Surging Strikes|p2a: Garchomp\n|-crit|p2a: Garchomp\n|-damage|p2a: Garchomp|0 fnt\n|-damage|p1a: Urshifu|88\/100|[from] ability: Rough Skin|[of] p2a: Garchomp\n|faint|p2a: Garchomp\n|-hitcount|p2: Garchomp|1\n|\n|win|Lufano5\n|raw|Lufano5's rating: 1025 &rarr; <strong>1063<\/strong><br \/>(+38 for winning)\n|raw|dddjsjjsa's rating: 1040 &rarr; <strong>1023<\/strong><br \/>(-17 for losing)\n|c|\u2606Lufano5|GG\n|l|\u2606dddjsjjsa\n","uploadtime":1699908147,"views":5,"p1id":"lufano5","p2id":"dddjsjjsa","formatid":"gen9nationaldex","rating":1023,"private":0,"password":""}