{"id":"gen9nationaldex-1993623830","p1":"Lumageist","p2":"Dynomite101","format":"[Gen 9] National Dex","log":"|j|\u2606Lumageist\n|j|\u203dDynomite101\n|t:|1700338688\n|gametype|singles\n|player|p1|Lumageist|plasmagruntf|1316\n|player|p2|Dynomite101|nate|1414\n|teamsize|p1|6\n|teamsize|p2|6\n|gen|9\n|tier|[Gen 9] National Dex\n|rated|\n|rule|HP Percentage Mod: HP is shown in percentages\n|rule|Endless Battle Clause: Forcing endless battles is banned\n|rule|OHKO Clause: OHKO moves are banned\n|rule|Evasion Clause: Evasion abilities, items, and moves are banned\n|rule|Evasion Abilities Clause: Evasion abilities are banned\n|rule|Evasion Items Clause: Evasion items are banned\n|rule|Evasion Moves Clause: Evasion moves are banned\n|rule|Species Clause: Limit one of each Pok\u00e9mon\n|rule|Sleep Clause Mod: Limit one foe put to sleep\n|clearpoke\n|poke|p1|Skeledirge, M|\n|poke|p1|Swampert, F|\n|poke|p1|Morpeko, M|\n|poke|p1|Ninjask, M|\n|poke|p1|Tyrantrum, M|\n|poke|p1|Kommo-o, M|\n|poke|p2|Charizard, M|\n|poke|p2|Garchomp, M|\n|poke|p2|Scizor, M|\n|poke|p2|Greninja-*, M|\n|poke|p2|Aegislash, M|\n|poke|p2|Grimmsnarl, M|\n|teampreview\n|inactive|Battle timer is ON: inactive players will automatically lose when time's up. (requested by Dynomite101)\n|inactive|Lumageist also wants the timer to be on.\n|\n|t:|1700338709\n|start\n|switch|p1a: Ah-gah-gah-ha|Kommo-o, M|100\/100\n|switch|p2a: Grimmsnarl|Grimmsnarl, M|100\/100\n|turn|1\n|\n|t:|1700338712\n|move|p1a: Ah-gah-gah-ha|Flash Cannon|p2a: Grimmsnarl\n|-supereffective|p2a: Grimmsnarl\n|-damage|p2a: Grimmsnarl|62\/100\n|move|p2a: Grimmsnarl|Spirit Break|p1a: Ah-gah-gah-ha\n|-supereffective|p1a: Ah-gah-gah-ha\n|-damage|p1a: Ah-gah-gah-ha|0 fnt\n|faint|p1a: Ah-gah-gah-ha\n|\n|upkeep\n|\n|t:|1700338719\n|switch|p1a: Squishy|Swampert, F|100\/100\n|turn|2\n|\n|t:|1700338721\n|detailschange|p1a: Squishy|Swampert-Mega, F\n|-mega|p1a: Squishy|Swampert|Swampertite\n|move|p2a: Grimmsnarl|Reflect|p2a: Grimmsnarl\n|-sidestart|p2: Dynomite101|Reflect\n|move|p1a: Squishy|Earthquake|p2a: Grimmsnarl\n|-damage|p2a: Grimmsnarl|24\/100\n|\n|upkeep\n|turn|3\n|\n|t:|1700338730\n|move|p2a: Grimmsnarl|Light Screen|p2a: Grimmsnarl\n|-sidestart|p2: Dynomite101|move: Light Screen\n|move|p1a: Squishy|Flip Turn|p2a: Grimmsnarl\n|-damage|p2a: Grimmsnarl|0 fnt\n|faint|p2a: Grimmsnarl\n|\n|t:|1700338740\n|switch|p1a: Peakochu|Morpeko, M, shiny|100\/100|[from] Flip Turn\n|\n|-formechange|p1a: Peakochu|Morpeko-Hangry||[from] ability: Hunger Switch\n|upkeep\n|\n|t:|1700338747\n|switch|p2a: Garchomp|Garchomp, M|100\/100\n|turn|4\n|\n|t:|1700338753\n|move|p1a: Peakochu|Protect|p1a: Peakochu\n|-singleturn|p1a: Peakochu|Protect\n|move|p2a: Garchomp|Scale Shot|p1a: Peakochu\n|-activate|p1a: Peakochu|move: Protect\n|\n|-formechange|p1a: Peakochu|Morpeko||[from] ability: Hunger Switch\n|upkeep\n|turn|5\n|\n|t:|1700338763\n|switch|p1a: Squishy|Swampert-Mega, F|100\/100\n|move|p2a: Garchomp|Scale Shot|p1a: Squishy\n|-damage|p1a: Squishy|89\/100\n|-damage|p1a: Squishy|79\/100\n|-damage|p1a: Squishy|69\/100\n|-hitcount|p1a: Squishy|3\n|-unboost|p2a: Garchomp|def|1\n|-boost|p2a: Garchomp|spe|1\n|\n|upkeep\n|turn|6\n|\n|t:|1700338767\n|switch|p2a: Charizard|Charizard, M, shiny|100\/100\n|move|p1a: Squishy|Ice Punch|p2a: Charizard\n|-damage|p2a: Charizard|80\/100\n|\n|upkeep\n|turn|7\n|\n|t:|1700338773\n|detailschange|p2a: Charizard|Charizard-Mega-Y, M, shiny\n|-mega|p2a: Charizard|Charizard|Charizardite Y\n|-weather|SunnyDay|[from] ability: Drought|[of] p2a: Charizard\n|move|p2a: Charizard|Solar Beam||[still]\n|-prepare|p2a: Charizard|Solar Beam\n|-anim|p2a: Charizard|Solar Beam|p1a: Squishy\n|-supereffective|p1a: Squishy\n|-crit|p1a: Squishy\n|-damage|p1a: Squishy|0 fnt\n|faint|p1a: Squishy\n|\n|-weather|SunnyDay|[upkeep]\n|upkeep\n|\n|t:|1700338780\n|switch|p1a: T-shirt|Tyrantrum, M, shiny|100\/100\n|turn|8\n|\n|t:|1700338788\n|move|p2a: Charizard|Solar Beam||[still]\n|-prepare|p2a: Charizard|Solar Beam\n|-anim|p2a: Charizard|Solar Beam|p1a: T-shirt\n|-damage|p1a: T-shirt|33\/100\n|move|p1a: T-shirt|Rock Blast|p2a: Charizard\n|-supereffective|p2a: Charizard\n|-damage|p2a: Charizard|41\/100\n|-supereffective|p2a: Charizard\n|-damage|p2a: Charizard|4\/100\n|-supereffective|p2a: Charizard\n|-damage|p2a: Charizard|0 fnt\n|faint|p2a: Charizard\n|-hitcount|p2: Charizard|3\n|\n|-weather|SunnyDay|[upkeep]\n|upkeep\n|\n|t:|1700338796\n|switch|p2a: Garchomp|Garchomp, M|100\/100\n|turn|9\n|\n|t:|1700338803\n|switch|p1a: Fly Guy|Ninjask, M|100\/100\n|move|p2a: Garchomp|Scale Shot|p1a: Fly Guy\n|-damage|p1a: Fly Guy|67\/100\n|-damage|p1a: Fly Guy|32\/100\n|-damage|p1a: Fly Guy|0 fnt\n|faint|p1a: Fly Guy\n|-hitcount|p1: Fly Guy|3\n|-unboost|p2a: Garchomp|def|1\n|-boost|p2a: Garchomp|spe|1\n|\n|-weather|SunnyDay|[upkeep]\n|-sideend|p2: Dynomite101|Reflect\n|upkeep\n|\n|t:|1700338819\n|switch|p1a: Spooky|Skeledirge, M|100\/100\n|turn|10\n|\n|t:|1700338824\n|-terastallize|p1a: Spooky|Fairy\n|-zpower|p2a: Garchomp\n|move|p2a: Garchomp|Continental Crush|p1a: Spooky|[zeffect]\n|-damage|p1a: Spooky|53\/100\n|move|p1a: Spooky|Shadow Ball|p2a: Garchomp\n|-damage|p2a: Garchomp|83\/100\n|\n|-weather|SunnyDay|[upkeep]\n|-sideend|p2: Dynomite101|move: Light Screen\n|upkeep\n|turn|11\n|\n|t:|1700338831\n|move|p2a: Garchomp|Earthquake|p1a: Spooky\n|-damage|p1a: Spooky|16\/100\n|move|p1a: Spooky|Shadow Ball|p2a: Garchomp\n|-damage|p2a: Garchomp|49\/100\n|-unboost|p2a: Garchomp|spd|1\n|\n|-weather|none\n|upkeep\n|turn|12\n|\n|t:|1700338839\n|move|p2a: Garchomp|Earthquake|p1a: Spooky\n|-damage|p1a: Spooky|0 fnt\n|faint|p1a: Spooky\n|\n|upkeep\n|\n|t:|1700338845\n|switch|p1a: Peakochu|Morpeko, M, shiny|100\/100\n|turn|13\n|\n|t:|1700338848\n|move|p1a: Peakochu|Protect|p1a: Peakochu\n|-singleturn|p1a: Peakochu|Protect\n|move|p2a: Garchomp|Earthquake|p1a: Peakochu\n|-activate|p1a: Peakochu|move: Protect\n|\n|-formechange|p1a: Peakochu|Morpeko-Hangry||[from] ability: Hunger Switch\n|upkeep\n|turn|14\n|\n|t:|1700338857\n|move|p2a: Garchomp|Earthquake|p1a: Peakochu\n|-supereffective|p1a: Peakochu\n|-damage|p1a: Peakochu|0 fnt\n|faint|p1a: Peakochu\n|\n|upkeep\n|\n|t:|1700338859\n|switch|p1a: T-shirt|Tyrantrum, M, shiny|33\/100\n|turn|15\n|\n|t:|1700338863\n|move|p2a: Garchomp|Scale Shot|p1a: T-shirt\n|-supereffective|p1a: T-shirt\n|-damage|p1a: T-shirt|12\/100\n|-supereffective|p1a: T-shirt\n|-damage|p1a: T-shirt|0 fnt\n|faint|p1a: T-shirt\n|-hitcount|p1: T-shirt|2\n|\n|win|Dynomite101\n|raw|Lumageist's rating: 1316 &rarr; <strong>1301<\/strong><br \/>(-15 for losing)\n|raw|Dynomite101's rating: 1414 &rarr; <strong>1429<\/strong><br \/>(+15 for winning)\n|c|\u2606Lumageist|Gg\n|l|\u2606Lumageist\n","uploadtime":1700338875,"views":7,"p1id":"lumageist","p2id":"dynomite101","formatid":"gen9nationaldex","rating":1301,"private":0,"password":""}