{"id":"gen9nationaldex-1994862817","p1":"runeatest","p2":"TrashbutHuman","format":"[Gen 9] National Dex","log":"|html|<div class=\"broadcast-blue\"><strong>[Gen 9] National Dex is currently suspecting Sneasler! For information on how to participate check out the <a href=\"https:\/\/www.smogon.com\/forums\/threads\/sv-national-dex-suspect-8-just-dance.3731534\/\">suspect thread<\/a>.<\/strong><\/div>\n|j|\u2606runeatest\n|j|\u2606TrashbutHuman\n|t:|1700499639\n|gametype|singles\n|player|p1|runeatest|fisherman-gen4|1206\n|player|p2|TrashbutHuman|hugh|1117\n|teamsize|p1|6\n|teamsize|p2|6\n|gen|9\n|tier|[Gen 9] National Dex\n|rated|\n|rule|HP Percentage Mod: HP is shown in percentages\n|rule|Endless Battle Clause: Forcing endless battles is banned\n|rule|OHKO Clause: OHKO moves are banned\n|rule|Evasion Clause: Evasion abilities, items, and moves are banned\n|rule|Evasion Abilities Clause: Evasion abilities are banned\n|rule|Evasion Items Clause: Evasion items are banned\n|rule|Evasion Moves Clause: Evasion moves are banned\n|rule|Species Clause: Limit one of each Pok\u00e9mon\n|rule|Sleep Clause Mod: Limit one foe put to sleep\n|clearpoke\n|poke|p1|Glaceon, M|\n|poke|p1|Flygon, M|\n|poke|p1|Emolga, M|\n|poke|p1|Marowak-Alola, M|\n|poke|p1|Sirfetch\u2019d, M|\n|poke|p1|Lapras, M|\n|poke|p2|Kartana|\n|poke|p2|Tyranitar, M|\n|poke|p2|Garchomp, M|\n|poke|p2|Stakataka|\n|poke|p2|Rotom-Wash|\n|poke|p2|Aegislash, M|\n|teampreview\n|inactive|Battle timer is ON: inactive players will automatically lose when time's up. (requested by TrashbutHuman)\n|inactive|TrashbutHuman has 120 seconds left.\n|\n|t:|1700499669\n|start\n|switch|p1a: Marowak|Marowak-Alola, M|100\/100\n|switch|p2a: Tyranitar|Tyranitar, M|100\/100\n|-weather|Sandstorm|[from] ability: Sand Stream|[of] p2a: Tyranitar\n|turn|1\n|\n|t:|1700499677\n|switch|p1a: Flygon|Flygon, M|100\/100\n|move|p2a: Tyranitar|Stealth Rock|p1a: Flygon\n|-sidestart|p1: runeatest|move: Stealth Rock\n|\n|-weather|Sandstorm|[upkeep]\n|upkeep\n|turn|2\n|\n|t:|1700499683\n|switch|p2a: Garchomp|Garchomp, M|100\/100\n|move|p1a: Flygon|Dragon Dance|p1a: Flygon\n|-boost|p1a: Flygon|atk|1\n|-boost|p1a: Flygon|spe|1\n|\n|-weather|Sandstorm|[upkeep]\n|upkeep\n|turn|3\n|\n|t:|1700499689\n|detailschange|p2a: Garchomp|Garchomp-Mega, M\n|-mega|p2a: Garchomp|Garchomp|Garchompite\n|move|p1a: Flygon|Dragon Claw|p2a: Garchomp\n|-supereffective|p2a: Garchomp\n|-damage|p2a: Garchomp|6\/100\n|move|p2a: Garchomp|Scale Shot|p1a: Flygon\n|-supereffective|p1a: Flygon\n|-damage|p1a: Flygon|53\/100\n|-supereffective|p1a: Flygon\n|-damage|p1a: Flygon|7\/100\n|-hitcount|p1a: Flygon|2\n|-unboost|p2a: Garchomp|def|1\n|-boost|p2a: Garchomp|spe|1\n|\n|-weather|Sandstorm|[upkeep]\n|upkeep\n|turn|4\n|\n|t:|1700499705\n|move|p1a: Flygon|Dragon Claw|p2a: Garchomp\n|-supereffective|p2a: Garchomp\n|-damage|p2a: Garchomp|0 fnt\n|faint|p2a: Garchomp\n|\n|-weather|Sandstorm|[upkeep]\n|upkeep\n|\n|t:|1700499717\n|switch|p2a: Kartana|Kartana|100\/100\n|turn|5\n|\n|t:|1700499724\n|move|p2a: Kartana|Return|p1a: Flygon\n|-damage|p1a: Flygon|0 fnt\n|faint|p1a: Flygon\n|-ability|p2a: Kartana|Beast Boost|boost\n|-boost|p2a: Kartana|atk|1\n|\n|-weather|Sandstorm|[upkeep]\n|upkeep\n|\n|t:|1700499737\n|switch|p1a: Sirfetch\u2019d|Sirfetch\u2019d, M|100\/100\n|-damage|p1a: Sirfetch\u2019d|94\/100|[from] Stealth Rock\n|turn|6\n|\n|t:|1700499743\n|move|p2a: Kartana|Return|p1a: Sirfetch\u2019d\n|-damage|p1a: Sirfetch\u2019d|7\/100\n|move|p1a: Sirfetch\u2019d|Defog|p2a: Kartana\n|-unboost|p2a: Kartana|evasion|1\n|-sideend|p1: runeatest|Stealth Rock|[from] move: Defog|[of] p1a: Sirfetch\u2019d\n|\n|-weather|Sandstorm|[upkeep]\n|-damage|p1a: Sirfetch\u2019d|1\/100|[from] Sandstorm\n|upkeep\n|turn|7\n|\n|t:|1700499753\n|switch|p1a: Marowak|Marowak-Alola, M|100\/100\n|move|p2a: Kartana|Return|p1a: Marowak\n|-immune|p1a: Marowak\n|\n|-weather|Sandstorm|[upkeep]\n|-damage|p1a: Marowak|94\/100|[from] Sandstorm\n|upkeep\n|turn|8\n|\n|t:|1700499763\n|switch|p2a: Rotom|Rotom-Wash, shiny|100\/100\n|move|p1a: Marowak|Flare Blitz|p2a: Rotom\n|-resisted|p2a: Rotom\n|-damage|p2a: Rotom|59\/100\n|\n|-weather|none\n|-heal|p2a: Rotom|65\/100|[from] item: Leftovers\n|upkeep\n|turn|9\n|\n|t:|1700499774\n|move|p2a: Rotom|Hydro Pump|p1a: Marowak|[miss]\n|-miss|p2a: Rotom|p1a: Marowak\n|move|p1a: Marowak|Poltergeist|p2a: Rotom\n|-activate|p2a: Rotom|move: Poltergeist|Leftovers\n|-damage|p2a: Rotom|0 fnt\n|faint|p2a: Rotom\n|\n|upkeep\n|\n|t:|1700499777\n|switch|p2a: Tyranitar|Tyranitar, M|100\/100\n|-weather|Sandstorm|[from] ability: Sand Stream|[of] p2a: Tyranitar\n|turn|10\n|\n|t:|1700499791\n|-terastallize|p1a: Marowak|Ground\n|move|p2a: Tyranitar|Crunch|p1a: Marowak\n|-damage|p1a: Marowak|51\/100\n|move|p1a: Marowak|Bonemerang|p2a: Tyranitar\n|-supereffective|p2a: Tyranitar\n|-damage|p2a: Tyranitar|32\/100\n|-supereffective|p2a: Tyranitar\n|-damage|p2a: Tyranitar|0 fnt\n|faint|p2a: Tyranitar\n|-hitcount|p2: Tyranitar|2\n|\n|-weather|Sandstorm|[upkeep]\n|upkeep\n|\n|t:|1700499801\n|switch|p2a: Kartana|Kartana|100\/100\n|turn|11\n|\n|t:|1700499806\n|switch|p1a: Sirfetch\u2019d|Sirfetch\u2019d, M|1\/100\n|move|p2a: Kartana|Leaf Blade|p1a: Sirfetch\u2019d\n|-damage|p1a: Sirfetch\u2019d|0 fnt\n|faint|p1a: Sirfetch\u2019d\n|-ability|p2a: Kartana|Beast Boost|boost\n|-boost|p2a: Kartana|atk|1\n|\n|-weather|Sandstorm|[upkeep]\n|upkeep\n|\n|t:|1700499821\n|switch|p1a: Emolga|Emolga, M|100\/100\n|turn|12\n|\n|t:|1700499825\n|move|p2a: Kartana|Leaf Blade|p1a: Emolga\n|-resisted|p1a: Emolga\n|-damage|p1a: Emolga|15\/100\n|move|p1a: Emolga|Nuzzle|p2a: Kartana\n|-resisted|p2a: Kartana\n|-damage|p2a: Kartana|98\/100\n|-status|p2a: Kartana|par\n|\n|-weather|Sandstorm|[upkeep]\n|-damage|p1a: Emolga|9\/100|[from] Sandstorm\n|upkeep\n|turn|13\n|\n|t:|1700499835\n|-terastallize|p2a: Kartana|Grass\n|move|p1a: Emolga|Air Slash|p2a: Kartana\n|-supereffective|p2a: Kartana\n|-damage|p2a: Kartana|0 fnt\n|faint|p2a: Kartana\n|\n|-weather|Sandstorm|[upkeep]\n|-damage|p1a: Emolga|3\/100|[from] Sandstorm\n|upkeep\n|\n|t:|1700499840\n|switch|p2a: Aegislash|Aegislash, M|100\/100\n|turn|14\n|\n|t:|1700499845\n|move|p1a: Emolga|Nuzzle|p2a: Aegislash\n|-damage|p2a: Aegislash|96\/100\n|-status|p2a: Aegislash|par\n|move|p2a: Aegislash|Substitute|p2a: Aegislash\n|-start|p2a: Aegislash|Substitute\n|-damage|p2a: Aegislash|71\/100 par\n|\n|-weather|Sandstorm|[upkeep]\n|-damage|p1a: Emolga|0 fnt|[from] Sandstorm\n|faint|p1a: Emolga\n|-heal|p2a: Aegislash|78\/100 par|[from] item: Leftovers\n|upkeep\n|\n|t:|1700499859\n|switch|p1a: Marowak|Marowak-Alola, M, tera:Ground|51\/100\n|turn|15\n|\n|t:|1700499865\n|cant|p2a: Aegislash|par\n|move|p1a: Marowak|Flare Blitz|p2a: Aegislash\n|-supereffective|p2a: Aegislash\n|-end|p2a: Aegislash|Substitute\n|\n|-weather|Sandstorm|[upkeep]\n|-heal|p2a: Aegislash|84\/100 par|[from] item: Leftovers\n|upkeep\n|turn|16\n|\n|t:|1700499871\n|move|p2a: Aegislash|King's Shield|p2a: Aegislash\n|-singleturn|p2a: Aegislash|Protect\n|move|p1a: Marowak|Bonemerang|p2a: Aegislash\n|-activate|p2a: Aegislash|move: Protect\n|\n|-weather|Sandstorm|[upkeep]\n|-heal|p2a: Aegislash|90\/100 par|[from] item: Leftovers\n|upkeep\n|turn|17\n|\n|t:|1700499890\n|move|p1a: Marowak|Bonemerang|p2a: Aegislash\n|-supereffective|p2a: Aegislash\n|-damage|p2a: Aegislash|20\/100 par\n|-supereffective|p2a: Aegislash\n|-damage|p2a: Aegislash|0 fnt\n|faint|p2a: Aegislash\n|-hitcount|p2: Aegislash|2\n|\n|-weather|none\n|upkeep\n|\n|t:|1700499893\n|switch|p2a: Stakataka|Stakataka|100\/100\n|turn|18\n|\n|t:|1700499899\n|move|p1a: Marowak|Bonemerang|p2a: Stakataka\n|-supereffective|p2a: Stakataka\n|-damage|p2a: Stakataka|16\/100\n|-supereffective|p2a: Stakataka\n|-damage|p2a: Stakataka|0 fnt\n|faint|p2a: Stakataka\n|-hitcount|p2: Stakataka|2\n|\n|win|runeatest\n|raw|runeatest's rating: 1206 &rarr; <strong>1225<\/strong><br \/>(+19 for winning)\n|raw|TrashbutHuman's rating: 1117 &rarr; <strong>1098<\/strong><br \/>(-19 for losing)\n|l|\u2606TrashbutHuman\n","uploadtime":1700499908,"views":2,"p1id":"runeatest","p2id":"trashbuthuman","formatid":"gen9nationaldex","rating":1098,"private":0,"password":""}