{"id":"gen9nationaldex-2000271005","p1":"thebestever543","p2":"adem","format":"[Gen 9] National Dex","log":"|j|\u2606thebestever543\n|j|\u2606adem\n|inactive|Battle timer is ON: inactive players will automatically lose when time's up.\n|t:|1701179854\n|gametype|singles\n|player|p1|thebestever543|koga|\n|player|p2|adem|#adem|\n|teamsize|p1|6\n|teamsize|p2|6\n|gen|9\n|tier|[Gen 9] National Dex\n|rated|Tournament battle\n|rule|HP Percentage Mod: HP is shown in percentages\n|rule|Endless Battle Clause: Forcing endless battles is banned\n|rule|OHKO Clause: OHKO moves are banned\n|rule|Evasion Clause: Evasion abilities, items, and moves are banned\n|rule|Evasion Abilities Clause: Evasion abilities are banned\n|rule|Evasion Items Clause: Evasion items are banned\n|rule|Evasion Moves Clause: Evasion moves are banned\n|rule|Species Clause: Limit one of each Pok\u00e9mon\n|rule|Sleep Clause Mod: Limit one foe put to sleep\n|\n|t:|1701179854\n|start\n|switch|p1a: Alomomola|Alomomola, M|100\/100\n|switch|p2a: STRAWBERRY SWING|Ursaluna, F|100\/100\n|turn|1\n|c|\u2606thebestever543|hf\n|c|\u2606adem|u2\n|c|\u2606thebestever543|I\u2019ll try\n|inactive|thebestever543 has 120 seconds left.\n|\n|t:|1701179885\n|switch|p2a: THE SKY|Alomomola, M|100\/100\n|move|p1a: Alomomola|Flip Turn|p2a: THE SKY\n|-resisted|p2a: THE SKY\n|-crit|p2a: THE SKY\n|-damage|p2a: THE SKY|93\/100\n|\n|t:|1701179893\n|switch|p1a: Abomasnow|Abomasnow, M|100\/100|[from] Flip Turn\n|-weather|Snow|[from] ability: Snow Warning|[of] p1a: Abomasnow\n|\n|-weather|Snow|[upkeep]\n|upkeep\n|turn|2\n|\n|t:|1701179899\n|switch|p1a: Hatterene|Hatterene, F|100\/100\n|move|p2a: THE SKY|Protect||[still]\n|-fail|p2a: THE SKY\n|\n|-weather|Snow|[upkeep]\n|upkeep\n|turn|3\n|\n|t:|1701179912\n|switch|p1a: Alomomola|Alomomola, M|100\/100\n|move|p2a: THE SKY|Flip Turn|p1a: Alomomola\n|-resisted|p1a: Alomomola\n|-damage|p1a: Alomomola|96\/100\n|\n|t:|1701179929\n|switch|p2a: WASTE OF TIME|Slowking-Galar, M|100\/100|[from] Flip Turn\n|\n|-weather|Snow|[upkeep]\n|upkeep\n|turn|4\n|\n|t:|1701179938\n|move|p1a: Alomomola|Flip Turn|p2a: WASTE OF TIME\n|-damage|p2a: WASTE OF TIME|85\/100\n|\n|t:|1701179940\n|switch|p1a: Gliscor|Gliscor, F|100\/100|[from] Flip Turn\n|move|p2a: WASTE OF TIME|Future Sight|p1a: Gliscor\n|-start|p2a: WASTE OF TIME|move: Future Sight\n|\n|-weather|Snow|[upkeep]\n|-status|p1a: Gliscor|tox|[from] item: Toxic Orb\n|upkeep\n|turn|5\n|\n|t:|1701179948\n|move|p1a: Gliscor|U-turn|p2a: WASTE OF TIME\n|-damage|p2a: WASTE OF TIME|68\/100\n|\n|t:|1701179949\n|switch|p1a: Alomomola|Alomomola, M|100\/100|[from] U-turn\n|move|p2a: WASTE OF TIME|Ice Beam|p1a: Alomomola\n|-resisted|p1a: Alomomola\n|-damage|p1a: Alomomola|90\/100\n|\n|-weather|Snow|[upkeep]\n|upkeep\n|turn|6\n|\n|t:|1701179957\n|move|p1a: Alomomola|Flip Turn|p2a: WASTE OF TIME\n|-damage|p2a: WASTE OF TIME|50\/100\n|\n|t:|1701179964\n|switch|p1a: Heatran|Heatran, F|100\/100|[from] Flip Turn\n|move|p2a: WASTE OF TIME|Chilly Reception|p2a: WASTE OF TIME\n|\n|t:|1701179968\n|switch|p2a: STRAWBERRY SWING|Ursaluna, F|100\/100|[from] Chilly Reception\n|\n|-weather|Snow|[upkeep]\n|-end|p1a: Heatran|move: Future Sight\n|-resisted|p1a: Heatran\n|-damage|p1a: Heatran|78\/100\n|-heal|p1a: Heatran|84\/100|[from] item: Leftovers\n|-status|p2a: STRAWBERRY SWING|brn|[from] item: Flame Orb\n|upkeep\n|turn|7\n|\n|t:|1701179979\n|-terastallize|p1a: Heatran|Grass\n|move|p1a: Heatran|Magma Storm|p2a: STRAWBERRY SWING\n|-damage|p2a: STRAWBERRY SWING|62\/100 brn\n|-activate|p2a: STRAWBERRY SWING|move: Magma Storm|[of] p1a: Heatran\n|move|p2a: STRAWBERRY SWING|Headlong Rush|p1a: Heatran\n|-resisted|p1a: Heatran\n|-damage|p1a: Heatran|40\/100\n|-unboost|p2a: STRAWBERRY SWING|def|1\n|-unboost|p2a: STRAWBERRY SWING|spd|1\n|\n|-weather|Snow|[upkeep]\n|-heal|p1a: Heatran|46\/100|[from] item: Leftovers\n|-damage|p2a: STRAWBERRY SWING|56\/100 brn|[from] brn\n|-damage|p2a: STRAWBERRY SWING|44\/100 brn|[from] move: Magma Storm|[partiallytrapped]\n|upkeep\n|turn|8\n|\n|t:|1701179985\n|move|p1a: Heatran|Magma Storm|p2a: STRAWBERRY SWING\n|-damage|p2a: STRAWBERRY SWING|0 fnt\n|faint|p2a: STRAWBERRY SWING\n|\n|-weather|none\n|-heal|p1a: Heatran|52\/100|[from] item: Leftovers\n|upkeep\n|c|\u2606thebestever543|Thank god\n|\n|t:|1701180004\n|switch|p2a: SPACESHIPS|Tornadus-Therian, M|100\/100\n|turn|9\n|\n|t:|1701180011\n|switch|p1a: Alomomola|Alomomola, M|100\/100\n|move|p2a: SPACESHIPS|Nasty Plot|p2a: SPACESHIPS\n|-boost|p2a: SPACESHIPS|spa|2\n|\n|upkeep\n|turn|10\n|\n|t:|1701180023\n|switch|p1a: Abomasnow|Abomasnow, M|100\/100\n|-weather|Snow|[from] ability: Snow Warning|[of] p1a: Abomasnow\n|move|p2a: SPACESHIPS|Hurricane|p1a: Abomasnow\n|-supereffective|p1a: Abomasnow\n|-damage|p1a: Abomasnow|0 fnt\n|faint|p1a: Abomasnow\n|\n|-weather|Snow|[upkeep]\n|upkeep\n|j| XXMurdrXX\n|\n|t:|1701180026\n|switch|p1a: Cetitan|Cetitan, M|100\/100\n|turn|11\n|\n|t:|1701180035\n|switch|p2a: THE SKY|Alomomola, M|100\/100\n|move|p1a: Cetitan|Belly Drum|p1a: Cetitan\n|-damage|p1a: Cetitan|51\/100\n|-setboost|p1a: Cetitan|atk|6|[from] move: Belly Drum\n|\n|-weather|Snow|[upkeep]\n|upkeep\n|turn|12\n|\n|t:|1701180038\n|move|p2a: THE SKY|Protect|p2a: THE SKY\n|-singleturn|p2a: THE SKY|Protect\n|move|p1a: Cetitan|Play Rough|p2a: THE SKY\n|-activate|p2a: THE SKY|move: Protect\n|\n|-weather|Snow|[upkeep]\n|upkeep\n|turn|13\n|\n|t:|1701180043\n|move|p1a: Cetitan|Play Rough|p2a: THE SKY\n|-damage|p2a: THE SKY|23\/100\n|move|p2a: THE SKY|Toxic|p1a: Cetitan\n|-status|p1a: Cetitan|tox\n|\n|-weather|Snow|[upkeep]\n|-damage|p1a: Cetitan|44\/100 tox|[from] psn\n|upkeep\n|turn|14\n|\n|t:|1701180048\n|move|p2a: THE SKY|Protect|p2a: THE SKY\n|-singleturn|p2a: THE SKY|Protect\n|move|p1a: Cetitan|Icicle Crash|p2a: THE SKY\n|-activate|p2a: THE SKY|move: Protect\n|\n|-weather|Snow|[upkeep]\n|-damage|p1a: Cetitan|32\/100 tox|[from] psn\n|upkeep\n|turn|15\n|\n|t:|1701180058\n|switch|p2a: WASTE OF TIME|Slowking-Galar, M|83\/100\n|move|p1a: Cetitan|Icicle Crash|p2a: WASTE OF TIME\n|-damage|p2a: WASTE OF TIME|0 fnt\n|faint|p2a: WASTE OF TIME\n|\n|-weather|Snow|[upkeep]\n|-damage|p1a: Cetitan|13\/100 tox|[from] psn\n|upkeep\n|\n|t:|1701180062\n|switch|p2a: THE SKY|Alomomola, M|56\/100\n|turn|16\n|\n|t:|1701180068\n|switch|p1a: Alomomola|Alomomola, M|100\/100\n|move|p2a: THE SKY|Protect||[still]\n|-fail|p2a: THE SKY\n|\n|-weather|Snow|[upkeep]\n|upkeep\n|turn|17\n|\n|t:|1701180084\n|move|p1a: Alomomola|Toxic|p2a: THE SKY\n|-status|p2a: THE SKY|tox\n|move|p2a: THE SKY|Toxic|p1a: Alomomola\n|-status|p1a: Alomomola|tox\n|\n|-weather|none\n|-damage|p1a: Alomomola|94\/100 tox|[from] psn\n|-damage|p2a: THE SKY|50\/100 tox|[from] psn\n|upkeep\n|turn|18\n|\n|t:|1701180090\n|move|p1a: Alomomola|Wish|p1a: Alomomola\n|move|p2a: THE SKY|Flip Turn|p1a: Alomomola\n|-resisted|p1a: Alomomola\n|-damage|p1a: Alomomola|89\/100 tox\n|\n|t:|1701180104\n|switch|p2a: SPACESHIPS|Tornadus-Therian, M|100\/100|[from] Flip Turn\n|\n|-damage|p1a: Alomomola|77\/100 tox|[from] psn\n|upkeep\n|turn|19\n|\n|t:|1701180116\n|move|p2a: SPACESHIPS|Nasty Plot|p2a: SPACESHIPS\n|-boost|p2a: SPACESHIPS|spa|2\n|move|p1a: Alomomola|Toxic|p2a: SPACESHIPS\n|-status|p2a: SPACESHIPS|tox\n|\n|-heal|p1a: Alomomola|100\/100 tox|[from] move: Wish|[wisher] Alomomola\n|-damage|p2a: SPACESHIPS|94\/100 tox|[from] psn\n|-damage|p1a: Alomomola|82\/100 tox|[from] psn\n|upkeep\n|turn|20\n|\n|t:|1701180127\n|move|p2a: SPACESHIPS|Hurricane|p1a: Alomomola|[miss]\n|-miss|p2a: SPACESHIPS|p1a: Alomomola\n|move|p1a: Alomomola|Flip Turn|p2a: SPACESHIPS\n|-damage|p2a: SPACESHIPS|72\/100 tox\n|c|\u2606thebestever543|Oof\n|\n|t:|1701180134\n|switch|p1a: Hatterene|Hatterene, F|100\/100|[from] Flip Turn\n|\n|-damage|p2a: SPACESHIPS|60\/100 tox|[from] psn\n|upkeep\n|turn|21\n|\n|t:|1701180139\n|-zpower|p2a: SPACESHIPS\n|move|p2a: SPACESHIPS|Supersonic Skystrike|p1a: Hatterene|[zeffect]\n|-damage|p1a: Hatterene|0 fnt\n|faint|p1a: Hatterene\n|\n|-damage|p2a: SPACESHIPS|42\/100 tox|[from] psn\n|upkeep\n|c|\u2606thebestever543|Wait I\u2019m dumb\n|c|\u2606thebestever543|idk I thought u z alrdy\n|\n|t:|1701180158\n|switch|p1a: Alomomola|Alomomola, M|100\/100 tox\n|turn|22\n|c|\u2606adem|u wld have to hope for a miss anyways\n|\n|t:|1701180170\n|switch|p2a: THE SKY|Alomomola, M|83\/100 tox\n|move|p1a: Alomomola|Protect||[still]\n|-fail|p1a: Alomomola\n|\n|-damage|p1a: Alomomola|94\/100 tox|[from] psn\n|-damage|p2a: THE SKY|77\/100 tox|[from] psn\n|upkeep\n|turn|23\n|c|\u2606thebestever543|I just threw\n|c|\u2606thebestever543|I woulda sackrd titan\n|\n|t:|1701180193\n|move|p1a: Alomomola|Flip Turn|p2a: THE SKY\n|-resisted|p2a: THE SKY\n|-damage|p2a: THE SKY|72\/100 tox\n|j| SNAK30PRA\n|\n|t:|1701180195\n|switch|p1a: Heatran|Heatran, F, tera:Grass|52\/100|[from] Flip Turn\n|move|p2a: THE SKY|Wish|p2a: THE SKY\n|\n|-heal|p1a: Heatran|58\/100|[from] item: Leftovers\n|-damage|p2a: THE SKY|60\/100 tox|[from] psn\n|upkeep\n|turn|24\n|\n|t:|1701180201\n|move|p1a: Heatran|Stealth Rock|p2a: THE SKY\n|-sidestart|p2: adem|move: Stealth Rock\n|move|p2a: THE SKY|Flip Turn|p1a: Heatran\n|-resisted|p1a: Heatran\n|-damage|p1a: Heatran|51\/100\n|\n|t:|1701180206\n|switch|p2a: SPACESHIPS|Tornadus-Therian, M|75\/100 tox|[from] Flip Turn\n|-damage|p2a: SPACESHIPS|50\/100 tox|[from] Stealth Rock\n|\n|-heal|p2a: SPACESHIPS|100\/100 tox|[from] move: Wish|[wisher] THE SKY\n|-heal|p1a: Heatran|57\/100|[from] item: Leftovers\n|-damage|p2a: SPACESHIPS|94\/100 tox|[from] psn\n|upkeep\n|turn|25\n|\n|t:|1701180214\n|switch|p1a: Gliscor|Gliscor, F|100\/100 tox\n|move|p2a: SPACESHIPS|Hurricane|p1a: Gliscor\n|-damage|p1a: Gliscor|60\/100 tox\n|\n|-damage|p2a: SPACESHIPS|82\/100 tox|[from] psn\n|-heal|p1a: Gliscor|72\/100 tox|[from] ability: Poison Heal\n|upkeep\n|turn|26\n|\n|t:|1701180218\n|move|p2a: SPACESHIPS|Nasty Plot|p2a: SPACESHIPS\n|-boost|p2a: SPACESHIPS|spa|2\n|move|p1a: Gliscor|U-turn|p2a: SPACESHIPS\n|-resisted|p2a: SPACESHIPS\n|-damage|p2a: SPACESHIPS|72\/100 tox\n|\n|t:|1701180220\n|switch|p1a: Alomomola|Alomomola, M|100\/100 tox|[from] U-turn\n|\n|-damage|p2a: SPACESHIPS|54\/100 tox|[from] psn\n|-damage|p1a: Alomomola|94\/100 tox|[from] psn\n|upkeep\n|turn|27\n|\n|t:|1701180223\n|move|p2a: SPACESHIPS|Hurricane|p1a: Alomomola\n|-damage|p1a: Alomomola|17\/100 tox\n|-start|p1a: Alomomola|confusion\n|-activate|p1a: Alomomola|confusion\n|move|p1a: Alomomola|Flip Turn|p2a: SPACESHIPS\n|-damage|p2a: SPACESHIPS|32\/100 tox\n|\n|t:|1701180228\n|switch|p1a: Heatran|Heatran, F, tera:Grass|57\/100|[from] Flip Turn\n|\n|-heal|p1a: Heatran|63\/100|[from] item: Leftovers\n|-damage|p2a: SPACESHIPS|7\/100 tox|[from] psn\n|upkeep\n|turn|28\n|\n|t:|1701180233\n|switch|p2a: THE SKY|Alomomola, M|93\/100 tox\n|move|p1a: Heatran|Magma Storm|p2a: THE SKY\n|-resisted|p2a: THE SKY\n|-damage|p2a: THE SKY|70\/100 tox\n|-activate|p2a: THE SKY|move: Magma Storm|[of] p1a: Heatran\n|\n|-heal|p1a: Heatran|70\/100|[from] item: Leftovers\n|-damage|p2a: THE SKY|64\/100 tox|[from] psn\n|-damage|p2a: THE SKY|51\/100 tox|[from] move: Magma Storm|[partiallytrapped]\n|upkeep\n|turn|29\n|\n|t:|1701180238\n|move|p1a: Heatran|Earth Power|p2a: THE SKY\n|-damage|p2a: THE SKY|24\/100 tox\n|move|p2a: THE SKY|Flip Turn|p1a: Heatran\n|-resisted|p1a: Heatran\n|-damage|p1a: Heatran|62\/100\n|\n|t:|1701180242\n|switch|p2a: COULD BE BLUE|Zamazenta|100\/100|[from] Flip Turn\n|-ability|p2a: COULD BE BLUE|Dauntless Shield|boost\n|-boost|p2a: COULD BE BLUE|def|1\n|\n|-heal|p1a: Heatran|68\/100|[from] item: Leftovers\n|upkeep\n|turn|30\n|\n|t:|1701180250\n|switch|p1a: Cetitan|Cetitan, M|13\/100 tox\n|-terastallize|p2a: COULD BE BLUE|Fighting\n|move|p2a: COULD BE BLUE|Close Combat|p1a: Cetitan\n|-supereffective|p1a: Cetitan\n|-crit|p1a: Cetitan\n|-damage|p1a: Cetitan|0 fnt\n|-unboost|p2a: COULD BE BLUE|def|1\n|-unboost|p2a: COULD BE BLUE|spd|1\n|faint|p1a: Cetitan\n|\n|upkeep\n|\n|t:|1701180259\n|switch|p1a: Alomomola|Alomomola, M|50\/100 tox\n|turn|31\n|\n|t:|1701180262\n|switch|p1a: Gliscor|Gliscor, F|72\/100 tox\n|move|p2a: COULD BE BLUE|Close Combat|p1a: Gliscor\n|-resisted|p1a: Gliscor\n|-damage|p1a: Gliscor|40\/100 tox\n|-unboost|p2a: COULD BE BLUE|def|1\n|-unboost|p2a: COULD BE BLUE|spd|1\n|\n|-heal|p1a: Gliscor|52\/100 tox|[from] ability: Poison Heal\n|upkeep\n|turn|32\n|\n|t:|1701180266\n|move|p1a: Gliscor|Protect|p1a: Gliscor\n|-singleturn|p1a: Gliscor|Protect\n|move|p2a: COULD BE BLUE|Ice Fang|p1a: Gliscor\n|-activate|p1a: Gliscor|move: Protect\n|\n|-heal|p1a: Gliscor|65\/100 tox|[from] ability: Poison Heal\n|upkeep\n|turn|33\n|\n|t:|1701180271\n|move|p2a: COULD BE BLUE|Ice Fang|p1a: Gliscor\n|-supereffective|p1a: Gliscor\n|-damage|p1a: Gliscor|0 fnt\n|faint|p1a: Gliscor\n|\n|upkeep\n|\n|t:|1701180273\n|switch|p1a: Alomomola|Alomomola, M|83\/100 tox\n|turn|34\n|\n|t:|1701180280\n|switch|p2a: GOOD TIMES|Heatran, F|100\/100\n|-damage|p2a: GOOD TIMES|88\/100|[from] Stealth Rock\n|move|p1a: Alomomola|Flip Turn|p2a: GOOD TIMES\n|-supereffective|p2a: GOOD TIMES\n|-damage|p2a: GOOD TIMES|61\/100\n|\n|t:|1701180282\n|switch|p1a: Heatran|Heatran, F, tera:Grass|68\/100|[from] Flip Turn\n|\n|-heal|p1a: Heatran|74\/100|[from] item: Leftovers\n|-heal|p2a: GOOD TIMES|67\/100|[from] item: Leftovers\n|upkeep\n|turn|35\n|\n|t:|1701180288\n|move|p1a: Heatran|Earth Power|p2a: GOOD TIMES\n|-supereffective|p2a: GOOD TIMES\n|-damage|p2a: GOOD TIMES|0 fnt\n|faint|p2a: GOOD TIMES\n|\n|-heal|p1a: Heatran|81\/100|[from] item: Leftovers\n|upkeep\n|\n|t:|1701180293\n|switch|p2a: THE SKY|Alomomola, M|57\/100 tox\n|turn|36\n|j| Box133\n|\n|t:|1701180298\n|move|p1a: Heatran|Magma Storm|p2a: THE SKY\n|-resisted|p2a: THE SKY\n|-damage|p2a: THE SKY|34\/100 tox\n|-activate|p2a: THE SKY|move: Magma Storm|[of] p1a: Heatran\n|move|p2a: THE SKY|Toxic|p1a: Heatran\n|-status|p1a: Heatran|tox\n|\n|-heal|p1a: Heatran|87\/100 tox|[from] item: Leftovers\n|-damage|p1a: Heatran|81\/100 tox|[from] psn\n|-damage|p2a: THE SKY|28\/100 tox|[from] psn\n|-damage|p2a: THE SKY|16\/100 tox|[from] move: Magma Storm|[partiallytrapped]\n|upkeep\n|turn|37\n|\n|t:|1701180304\n|move|p1a: Heatran|Earth Power|p2a: THE SKY\n|-damage|p2a: THE SKY|0 fnt\n|faint|p2a: THE SKY\n|\n|-heal|p1a: Heatran|87\/100 tox|[from] item: Leftovers\n|-damage|p1a: Heatran|74\/100 tox|[from] psn\n|upkeep\n|c|\u2606adem|forgot aboth ep lol\n|\n|t:|1701180315\n|switch|p2a: COULD BE BLUE|Zamazenta, tera:Fighting|100\/100\n|turn|38\n|\n|t:|1701180322\n|move|p2a: COULD BE BLUE|Close Combat|p1a: Heatran\n|-damage|p1a: Heatran|0 fnt\n|-unboost|p2a: COULD BE BLUE|def|1\n|-unboost|p2a: COULD BE BLUE|spd|1\n|faint|p1a: Heatran\n|\n|upkeep\n|\n|t:|1701180324\n|switch|p1a: Alomomola|Alomomola, M|100\/100 tox\n|turn|39\n|\n|t:|1701180328\n|move|p2a: COULD BE BLUE|Close Combat|p1a: Alomomola\n|-damage|p1a: Alomomola|53\/100 tox\n|-unboost|p2a: COULD BE BLUE|def|1\n|-unboost|p2a: COULD BE BLUE|spd|1\n|move|p1a: Alomomola|Toxic|p2a: COULD BE BLUE\n|-status|p2a: COULD BE BLUE|tox\n|\n|-damage|p2a: COULD BE BLUE|94\/100 tox|[from] psn\n|-damage|p1a: Alomomola|46\/100 tox|[from] psn\n|upkeep\n|turn|40\n|\n|t:|1701180331\n|move|p2a: COULD BE BLUE|Close Combat|p1a: Alomomola\n|-crit|p1a: Alomomola\n|-damage|p1a: Alomomola|0 fnt\n|-unboost|p2a: COULD BE BLUE|def|1\n|-unboost|p2a: COULD BE BLUE|spd|1\n|faint|p1a: Alomomola\n|\n|win|adem\n|n|\u2606thebestever543|thebestever543\n|n|\u2606adem|adem\n|n| XXMurdrXX|xxmurdrxx\n|n| SNAK30PRA|snak30pra\n|n| Box133|box133\n|c|\u2606adem|gg\n|c|\u2606thebestever543|Gg\n","uploadtime":1701180334,"views":3,"p1id":"thebestever543","p2id":"adem","formatid":"gen9nationaldex","rating":0,"private":0,"password":""}