{"id":"gen9nationaldex-1993725006","p1":"coolmanchew666","p2":"afdsfasf","format":"[Gen 9] National Dex","log":"|j|\u2606coolmanchew666\n|j|\u2606afdsfasf\n|t:|1700349844\n|gametype|singles\n|player|p1|coolmanchew666|sabrina|1017\n|player|p2|afdsfasf|lady|1040\n|teamsize|p1|6\n|teamsize|p2|6\n|gen|9\n|tier|[Gen 9] National Dex\n|rated|\n|rule|HP Percentage Mod: HP is shown in percentages\n|rule|Endless Battle Clause: Forcing endless battles is banned\n|rule|OHKO Clause: OHKO moves are banned\n|rule|Evasion Clause: Evasion abilities, items, and moves are banned\n|rule|Evasion Abilities Clause: Evasion abilities are banned\n|rule|Evasion Items Clause: Evasion items are banned\n|rule|Evasion Moves Clause: Evasion moves are banned\n|rule|Species Clause: Limit one of each Pok\u00e9mon\n|rule|Sleep Clause Mod: Limit one foe put to sleep\n|clearpoke\n|poke|p1|Salazzle, F|\n|poke|p1|Miltank, F|\n|poke|p1|Mr. Mime, F|\n|poke|p1|Torterra, F|\n|poke|p1|Arcanine, M|\n|poke|p1|Rotom-Frost|\n|poke|p2|Whimsicott, L1, F|\n|poke|p2|Clodsire, F|\n|poke|p2|Dragonite, M|\n|poke|p2|Volcarona, M|\n|poke|p2|Chansey, F|\n|poke|p2|Frosmoth, M|\n|teampreview\n|inactive|Battle timer is ON: inactive players will automatically lose when time's up. (requested by coolmanchew666)\n|\n|t:|1700349860\n|start\n|switch|p1a: Mr. Mime|Mr. Mime, F|100\/100\n|switch|p2a: Clodsire|Clodsire, F|100\/100\n|turn|1\n|\n|t:|1700349865\n|move|p1a: Mr. Mime|Magic Coat|p1a: Mr. Mime\n|-singleturn|p1a: Mr. Mime|move: Magic Coat\n|move|p2a: Clodsire|Stealth Rock|p1a: Mr. Mime\n|move|p1a: Mr. Mime|Stealth Rock|p2a: Clodsire|[from]Magic Coat\n|-sidestart|p2: afdsfasf|move: Stealth Rock\n|\n|upkeep\n|turn|2\n|\n|t:|1700349887\n|move|p1a: Mr. Mime|Psyshock|p2a: Clodsire\n|-supereffective|p2a: Clodsire\n|-damage|p2a: Clodsire|22\/100\n|move|p2a: Clodsire|Earthquake|p1a: Mr. Mime\n|-damage|p1a: Mr. Mime|38\/100\n|\n|-heal|p2a: Clodsire|28\/100|[from] item: Leftovers\n|upkeep\n|turn|3\n|\n|t:|1700349897\n|move|p1a: Mr. Mime|Psyshock|p2a: Clodsire\n|-supereffective|p2a: Clodsire\n|-damage|p2a: Clodsire|0 fnt\n|faint|p2a: Clodsire\n|\n|upkeep\n|\n|t:|1700349905\n|switch|p2a: Frosmoth|Frosmoth, M|100\/100\n|turn|4\n|\n|t:|1700349909\n|move|p1a: Mr. Mime|Magic Coat|p1a: Mr. Mime\n|-singleturn|p1a: Mr. Mime|move: Magic Coat\n|move|p2a: Frosmoth|Quiver Dance|p2a: Frosmoth\n|-boost|p2a: Frosmoth|spa|1\n|-boost|p2a: Frosmoth|spd|1\n|-boost|p2a: Frosmoth|spe|1\n|\n|upkeep\n|turn|5\n|\n|t:|1700349927\n|switch|p1a: Arcanine|Arcanine, M|100\/100\n|-ability|p1a: Arcanine|Intimidate|boost\n|-unboost|p2a: Frosmoth|atk|1\n|move|p2a: Frosmoth|Quiver Dance|p2a: Frosmoth\n|-boost|p2a: Frosmoth|spa|1\n|-boost|p2a: Frosmoth|spd|1\n|-boost|p2a: Frosmoth|spe|1\n|\n|upkeep\n|turn|6\n|\n|t:|1700349941\n|-terastallize|p2a: Frosmoth|Fire\n|move|p2a: Frosmoth|Tera Blast|p1a: Arcanine|[anim] Tera Blast Fire\n|-resisted|p1a: Arcanine\n|-damage|p1a: Arcanine|60\/100\n|move|p1a: Arcanine|Flamethrower|p2a: Frosmoth\n|-resisted|p2a: Frosmoth\n|-damage|p2a: Frosmoth|95\/100\n|\n|upkeep\n|turn|7\n|\n|t:|1700349964\n|switch|p1a: Salazzle|Salazzle, F|100\/100\n|move|p2a: Frosmoth|Tera Blast|p1a: Salazzle|[anim] Tera Blast Fire\n|-resisted|p1a: Salazzle\n|-damage|p1a: Salazzle|11\/100\n|\n|-status|p1a: Salazzle|tox|[from] item: Toxic Orb\n|upkeep\n|turn|8\n|\n|t:|1700349973\n|move|p2a: Frosmoth|Tera Blast|p1a: Salazzle|[anim] Tera Blast Fire\n|-resisted|p1a: Salazzle\n|-damage|p1a: Salazzle|0 fnt\n|faint|p1a: Salazzle\n|\n|upkeep\n|\n|t:|1700349990\n|switch|p1a: Rotom|Rotom-Frost|100\/100\n|turn|9\n|\n|t:|1700349996\n|move|p2a: Frosmoth|Tera Blast|p1a: Rotom|[anim] Tera Blast Fire\n|-supereffective|p1a: Rotom\n|-damage|p1a: Rotom|0 fnt\n|faint|p1a: Rotom\n|\n|upkeep\n|\n|t:|1700350001\n|switch|p1a: Miltank|Miltank, F|100\/100\n|turn|10\n|\n|t:|1700350007\n|move|p2a: Frosmoth|Quiver Dance|p2a: Frosmoth\n|-boost|p2a: Frosmoth|spa|1\n|-boost|p2a: Frosmoth|spd|1\n|-boost|p2a: Frosmoth|spe|1\n|move|p1a: Miltank|Body Press|p2a: Frosmoth\n|-damage|p2a: Frosmoth|48\/100\n|\n|upkeep\n|turn|11\n|\n|t:|1700350014\n|move|p2a: Frosmoth|Tera Blast|p1a: Miltank|[anim] Tera Blast Fire\n|-damage|p1a: Miltank|0 fnt\n|faint|p1a: Miltank\n|\n|upkeep\n|\n|t:|1700350020\n|switch|p1a: Mr. Mime|Mr. Mime, F|38\/100\n|turn|12\n|\n|t:|1700350025\n|move|p2a: Frosmoth|Tera Blast|p1a: Mr. Mime|[anim] Tera Blast Fire\n|-damage|p1a: Mr. Mime|0 fnt\n|faint|p1a: Mr. Mime\n|\n|upkeep\n|c|\u2606coolmanchew666|i hate that you can just change types in pokenon now\n|\n|t:|1700350040\n|switch|p1a: Arcanine|Arcanine, M|60\/100\n|-ability|p1a: Arcanine|Intimidate|boost\n|-unboost|p2a: Frosmoth|atk|1\n|turn|13\n|c|\u2606afdsfasf|I actually agree tbh\n|c|\u2606afdsfasf|I prefer megas as a gimmick\n|c|\u2606coolmanchew666|i prefer anything\n|c|\u2606afdsfasf|Idk dynamax looked stupid too imo\n|inactive|afdsfasf has 120 seconds left.\n|c|\u2606afdsfasf|but the hats I just cant take them seriously in game lol...\n|\n|t:|1700350078\n|move|p1a: Arcanine|Extreme Speed|p2a: Frosmoth\n|-damage|p2a: Frosmoth|3\/100\n|move|p2a: Frosmoth|Tera Blast|p1a: Arcanine|[anim] Tera Blast Fire\n|-resisted|p1a: Arcanine\n|-damage|p1a: Arcanine|10\/100\n|\n|upkeep\n|turn|14\n|inactive|afdsfasf has 120 seconds left.\n|\n|t:|1700350086\n|move|p1a: Arcanine|Extreme Speed|p2a: Frosmoth\n|-damage|p2a: Frosmoth|0 fnt\n|faint|p2a: Frosmoth\n|\n|upkeep\n|inactive|afdsfasf has 120 seconds left.\n|\n|t:|1700350103\n|switch|p2a: Whimsicott|Whimsicott, L1, F|100\/100\n|-damage|p2a: Whimsicott|93\/100|[from] Stealth Rock\n|turn|15\n|\n|t:|1700350108\n|move|p2a: Whimsicott|Leech Seed|p1a: Arcanine\n|-start|p1a: Arcanine|move: Leech Seed\n|move|p1a: Arcanine|Flamethrower|p2a: Whimsicott\n|-supereffective|p2a: Whimsicott\n|-damage|p2a: Whimsicott|0 fnt\n|faint|p2a: Whimsicott\n|\n|upkeep\n|inactive|afdsfasf has 120 seconds left.\n|\n|t:|1700350113\n|switch|p2a: Dragonite|Dragonite, M|100\/100\n|-damage|p2a: Dragonite|76\/100|[from] Stealth Rock\n|turn|16\n|\n|t:|1700350118\n|move|p1a: Arcanine|Dragon Pulse|p2a: Dragonite\n|-supereffective|p2a: Dragonite\n|-damage|p2a: Dragonite|34\/100\n|move|p2a: Dragonite|Dual Wingbeat|p1a: Arcanine\n|-damage|p1a: Arcanine|0 fnt\n|faint|p1a: Arcanine\n|-hitcount|p1: Arcanine|1\n|\n|upkeep\n|\n|t:|1700350125\n|switch|p1a: Torterra|Torterra, F|100\/100\n|turn|17\n|\n|t:|1700350136\n|move|p2a: Dragonite|Dragon Dance|p2a: Dragonite\n|-boost|p2a: Dragonite|atk|1\n|-boost|p2a: Dragonite|spe|1\n|move|p1a: Torterra|Iron Defense|p1a: Torterra\n|-boost|p1a: Torterra|def|2\n|\n|upkeep\n|turn|18\n|\n|t:|1700350142\n|move|p2a: Dragonite|Dual Wingbeat|p1a: Torterra\n|-supereffective|p1a: Torterra\n|-damage|p1a: Torterra|68\/100\n|-supereffective|p1a: Torterra\n|-damage|p1a: Torterra|35\/100\n|-hitcount|p1a: Torterra|2\n|move|p1a: Torterra|Leech Seed|p2a: Dragonite\n|-start|p2a: Dragonite|move: Leech Seed\n|\n|-damage|p2a: Dragonite|21\/100|[from] Leech Seed|[of] p1a: Torterra\n|-heal|p1a: Torterra|47\/100|[silent]\n|upkeep\n|-enditem|p2a: Dragonite|Aguav Berry|[eat]\n|-heal|p2a: Dragonite|54\/100|[from] item: Aguav Berry\n|turn|19\n|\n|t:|1700350156\n|move|p2a: Dragonite|Dual Wingbeat|p1a: Torterra\n|-supereffective|p1a: Torterra\n|-damage|p1a: Torterra|11\/100\n|-enditem|p1a: Torterra|Aguav Berry|[eat]\n|-heal|p1a: Torterra|44\/100|[from] item: Aguav Berry\n|-supereffective|p1a: Torterra\n|-damage|p1a: Torterra|6\/100\n|-hitcount|p1a: Torterra|2\n|move|p1a: Torterra|Wood Hammer|p2a: Dragonite\n|-resisted|p2a: Dragonite\n|-damage|p2a: Dragonite|30\/100\n|-damage|p1a: Torterra|0 fnt|[from] Recoil\n|faint|p1a: Torterra\n|\n|win|afdsfasf\n|raw|coolmanchew666's rating: 1017 &rarr; <strong>1005<\/strong><br \/>(-12 for losing)\n|raw|afdsfasf's rating: 1040 &rarr; <strong>1072<\/strong><br \/>(+32 for winning)\n|c|\u2606afdsfasf|gg\n|c|\u2606coolmanchew666|gg tho\n","uploadtime":1700350168,"views":30,"p1id":"coolmanchew666","p2id":"afdsfasf","formatid":"gen9nationaldex","rating":1005,"private":0,"password":""}