{"id":"gen9nationaldex-1989880771","p1":"Doylr","p2":"mehvey","format":"[Gen 9] National Dex","log":"|j|\u2606Doylr\n|j|\u2606mehvey\n|t:|1699903466\n|gametype|singles\n|player|p1|Doylr|101|\n|player|p2|mehvey|acetrainerf|\n|teamsize|p1|6\n|teamsize|p2|6\n|gen|9\n|tier|[Gen 9] National Dex\n|rule|HP Percentage Mod: HP is shown in percentages\n|rule|Endless Battle Clause: Forcing endless battles is banned\n|rule|OHKO Clause: OHKO moves are banned\n|rule|Evasion Clause: Evasion abilities, items, and moves are banned\n|rule|Evasion Abilities Clause: Evasion abilities are banned\n|rule|Evasion Items Clause: Evasion items are banned\n|rule|Evasion Moves Clause: Evasion moves are banned\n|rule|Species Clause: Limit one of each Pok\u00e9mon\n|rule|Sleep Clause Mod: Limit one foe put to sleep\n|clearpoke\n|poke|p1|Garchomp, L60, M|\n|poke|p1|Tentacruel, L60, F|\n|poke|p1|Tangrowth, L60, M|\n|poke|p1|Metagross, L60|\n|poke|p1|Ceruledge, L60, F|\n|poke|p1|Lanturn, L60, F|\n|poke|p2|Arcanine, L60, M|\n|poke|p2|Sawsbuck, L60, F|\n|poke|p2|Aegislash, L60, M|\n|poke|p2|Garganacl, L60, M|\n|poke|p2|Ursaluna, L60, F|\n|poke|p2|Staraptor, L60, M|\n|teampreview\n|\n|t:|1699903512\n|start\n|switch|p1a: Garchomp|Garchomp, L60, M|100\/100\n|switch|p2a: Staraptor|Staraptor, L60, M, shiny|100\/100\n|-ability|p2a: Staraptor|Intimidate|boost\n|-unboost|p1a: Garchomp|atk|1\n|turn|1\n|\n|t:|1699903531\n|move|p1a: Garchomp|Stealth Rock|p2a: Staraptor\n|-sidestart|p2: mehvey|move: Stealth Rock\n|move|p2a: Staraptor|U-turn|p1a: Garchomp\n|-damage|p1a: Garchomp|75\/100\n|-damage|p2a: Staraptor|88\/100|[from] ability: Rough Skin|[of] p1a: Garchomp\n|\n|t:|1699903546\n|switch|p2a: Sawsbuck|Sawsbuck, L60, F|100\/100|[from] U-turn\n|-damage|p2a: Sawsbuck|88\/100|[from] Stealth Rock\n|\n|-heal|p1a: Garchomp|81\/100|[from] item: Leftovers\n|upkeep\n|turn|2\n|\n|t:|1699903577\n|switch|p1a: Tangrowth|Tangrowth, L60, M|100\/100\n|move|p2a: Sawsbuck|Play Rough|p1a: Tangrowth\n|-damage|p1a: Tangrowth|80\/100\n|-damage|p2a: Sawsbuck|72\/100|[from] item: Rocky Helmet|[of] p1a: Tangrowth\n|\n|upkeep\n|turn|3\n|\n|t:|1699903589\n|switch|p2a: Staraptor|Staraptor, L60, M, shiny|88\/100\n|-ability|p2a: Staraptor|Intimidate|boost\n|-unboost|p1a: Tangrowth|atk|1\n|move|p1a: Tangrowth|Knock Off|p2a: Staraptor\n|-damage|p2a: Staraptor|62\/100\n|-enditem|p2a: Staraptor|Heavy-Duty Boots|[from] move: Knock Off|[of] p1a: Tangrowth\n|\n|upkeep\n|turn|4\n|\n|t:|1699903598\n|switch|p1a: Metagross|Metagross, L60, shiny|100\/100\n|move|p2a: Staraptor|Defog|p1a: Metagross\n|-fail|p1a: Metagross|unboost|[from] ability: Clear Body|[of] p1a: Metagross\n|-sideend|p2: mehvey|Stealth Rock|[from] move: Defog|[of] p2a: Staraptor\n|\n|upkeep\n|turn|5\n|\n|t:|1699903608\n|move|p2a: Staraptor|U-turn|p1a: Metagross\n|-damage|p1a: Metagross|84\/100\n|\n|t:|1699903619\n|switch|p2a: Arcanine|Arcanine, L60, M|100\/100|[from] U-turn\n|-ability|p2a: Arcanine|Intimidate|boost\n|-fail|p1a: Metagross|unboost|[from] ability: Clear Body|[of] p1a: Metagross\n|move|p1a: Metagross|Meteor Mash|p2a: Arcanine\n|-resisted|p2a: Arcanine\n|-damage|p2a: Arcanine|66\/100\n|\n|upkeep\n|turn|6\n|\n|t:|1699903638\n|switch|p2a: Staraptor|Staraptor, L60, M, shiny|62\/100\n|-ability|p2a: Staraptor|Intimidate|boost\n|-fail|p1a: Metagross|unboost|[from] ability: Clear Body|[of] p1a: Metagross\n|switch|p1a: Lanturn|Lanturn, L60, F|100\/100\n|\n|upkeep\n|turn|7\n|\n|t:|1699903676\n|move|p2a: Staraptor|Return|p1a: Lanturn\n|-damage|p1a: Lanturn|59\/100\n|move|p1a: Lanturn|Scald|p2a: Staraptor\n|-damage|p2a: Staraptor|28\/100\n|\n|-heal|p1a: Lanturn|65\/100|[from] item: Leftovers\n|upkeep\n|turn|8\n|\n|t:|1699903696\n|move|p2a: Staraptor|U-turn|p1a: Lanturn\n|-damage|p1a: Lanturn|45\/100\n|\n|t:|1699903699\n|switch|p2a: Sawsbuck|Sawsbuck, L60, F|72\/100|[from] U-turn\n|move|p1a: Lanturn|Scald|p2a: Sawsbuck\n|-resisted|p2a: Sawsbuck\n|-damage|p2a: Sawsbuck|56\/100\n|-status|p2a: Sawsbuck|brn\n|\n|-heal|p1a: Lanturn|51\/100|[from] item: Leftovers\n|-damage|p2a: Sawsbuck|50\/100 brn|[from] brn\n|upkeep\n|turn|9\n|\n|t:|1699903721\n|switch|p1a: Tangrowth|Tangrowth, L60, M|100\/100\n|move|p2a: Sawsbuck|Horn Leech|p1a: Tangrowth\n|-resisted|p1a: Tangrowth\n|-damage|p1a: Tangrowth|94\/100\n|-heal|p2a: Sawsbuck|55\/100 brn|[from] drain|[of] p1a: Tangrowth\n|-damage|p2a: Sawsbuck|38\/100 brn|[from] item: Rocky Helmet|[of] p1a: Tangrowth\n|\n|-damage|p2a: Sawsbuck|32\/100 brn|[from] brn\n|upkeep\n|turn|10\n|\n|t:|1699903742\n|move|p2a: Sawsbuck|Horn Leech|p1a: Tangrowth\n|-resisted|p1a: Tangrowth\n|-damage|p1a: Tangrowth|88\/100\n|-heal|p2a: Sawsbuck|37\/100 brn|[from] drain|[of] p1a: Tangrowth\n|-damage|p2a: Sawsbuck|20\/100 brn|[from] item: Rocky Helmet|[of] p1a: Tangrowth\n|move|p1a: Tangrowth|Reflect|p1a: Tangrowth\n|-sidestart|p1: Doylr|Reflect\n|\n|-damage|p2a: Sawsbuck|14\/100 brn|[from] brn\n|upkeep\n|turn|11\n|\n|t:|1699903755\n|move|p2a: Sawsbuck|Horn Leech|p1a: Tangrowth\n|-resisted|p1a: Tangrowth\n|-damage|p1a: Tangrowth|85\/100\n|-heal|p2a: Sawsbuck|16\/100 brn|[from] drain|[of] p1a: Tangrowth\n|-damage|p2a: Sawsbuck|0 fnt|[from] item: Rocky Helmet|[of] p1a: Tangrowth\n|faint|p2a: Sawsbuck\n|move|p1a: Tangrowth|Knock Off|p2: Sawsbuck|[notarget]\n|-fail|p1a: Tangrowth\n|\n|upkeep\n|\n|t:|1699903780\n|switch|p2a: Aegislash|Aegislash, L60, M, shiny|100\/100\n|turn|12\n|\n|t:|1699903784\n|move|p2a: Aegislash|King's Shield|p2a: Aegislash\n|-singleturn|p2a: Aegislash|Protect\n|move|p1a: Tangrowth|Knock Off|p2a: Aegislash\n|-activate|p2a: Aegislash|move: Protect\n|-unboost|p1a: Tangrowth|atk|1\n|\n|upkeep\n|turn|13\n|\n|t:|1699903790\n|switch|p2a: Staraptor|Staraptor, L60, M, shiny|28\/100\n|-ability|p2a: Staraptor|Intimidate|boost\n|-unboost|p1a: Tangrowth|atk|1\n|move|p1a: Tangrowth|Knock Off|p2a: Staraptor\n|-damage|p2a: Staraptor|16\/100\n|\n|upkeep\n|turn|14\n|\n|t:|1699903803\n|switch|p1a: Metagross|Metagross, L60, shiny|84\/100\n|move|p2a: Staraptor|Brave Bird|p1a: Metagross\n|-resisted|p1a: Metagross\n|-damage|p1a: Metagross|73\/100\n|-damage|p2a: Staraptor|12\/100|[from] Recoil\n|\n|-sideend|p1: Doylr|Reflect\n|upkeep\n|turn|15\n|\n|t:|1699903814\n|move|p1a: Metagross|Bullet Punch|p2a: Staraptor\n|-damage|p2a: Staraptor|0 fnt\n|faint|p2a: Staraptor\n|\n|upkeep\n|\n|t:|1699903825\n|switch|p2a: Ursaluna|Ursaluna, L60, F|100\/100\n|turn|16\n|\n|t:|1699903840\n|move|p1a: Metagross|Ice Punch|p2a: Ursaluna\n|-supereffective|p2a: Ursaluna\n|-damage|p2a: Ursaluna|59\/100\n|move|p2a: Ursaluna|Trailblaze|p1a: Metagross\n|-resisted|p1a: Metagross\n|-damage|p1a: Metagross|65\/100\n|-boost|p2a: Ursaluna|spe|1\n|\n|-heal|p2a: Ursaluna|65\/100|[from] item: Leftovers\n|upkeep\n|turn|17\n|\n|t:|1699903850\n|move|p2a: Ursaluna|Protect|p2a: Ursaluna\n|-singleturn|p2a: Ursaluna|Protect\n|move|p1a: Metagross|Ice Punch|p2a: Ursaluna\n|-activate|p2a: Ursaluna|move: Protect\n|\n|-heal|p2a: Ursaluna|71\/100|[from] item: Leftovers\n|upkeep\n|turn|18\n|\n|t:|1699903859\n|move|p1a: Metagross|Ice Punch|p2a: Ursaluna\n|-supereffective|p2a: Ursaluna\n|-damage|p2a: Ursaluna|28\/100\n|-status|p2a: Ursaluna|frz\n|cant|p2a: Ursaluna|frz\n|\n|-heal|p2a: Ursaluna|34\/100 frz|[from] item: Leftovers\n|upkeep\n|turn|19\n|c|\u2606Doylr|SKILL\n|c|\u2606Doylr|ISSUE\n|c|\u2606Doylr|AHAHAH\n|c|\u2606mehvey|the skill win\n|\n|t:|1699903872\n|move|p1a: Metagross|Ice Punch|p2a: Ursaluna\n|-supereffective|p2a: Ursaluna\n|-damage|p2a: Ursaluna|0 fnt\n|faint|p2a: Ursaluna\n|\n|upkeep\n|c|\u2606Doylr|shiny diff\n|c|\u2606Doylr|fr\n|\n|t:|1699903880\n|switch|p2a: Garganacl|Garganacl, L60, M|100\/100\n|turn|20\n|c|\u2606mehvey|real\n|\n|t:|1699903886\n|switch|p1a: Tentacruel|Tentacruel, L60, F|100\/100\n|move|p2a: Garganacl|Salt Cure|p1a: Tentacruel\n|-damage|p1a: Tentacruel|80\/100\n|-start|p1a: Tentacruel|Salt Cure\n|\n|-heal|p1a: Tentacruel|86\/100|[from] item: Black Sludge\n|-damage|p1a: Tentacruel|61\/100|[from] Salt Cure\n|upkeep\n|turn|21\n|\n|t:|1699903899\n|move|p1a: Tentacruel|Giga Drain|p2a: Garganacl\n|-supereffective|p2a: Garganacl\n|-damage|p2a: Garganacl|75\/100\n|-heal|p1a: Tentacruel|75\/100|[from] drain|[of] p2a: Garganacl\n|move|p2a: Garganacl|Stealth Rock|p1a: Tentacruel\n|-sidestart|p1: Doylr|move: Stealth Rock\n|\n|-heal|p1a: Tentacruel|81\/100|[from] item: Black Sludge\n|-heal|p2a: Garganacl|81\/100|[from] item: Leftovers\n|-damage|p1a: Tentacruel|56\/100|[from] Salt Cure\n|upkeep\n|turn|22\n|\n|t:|1699903914\n|move|p2a: Garganacl|Protect|p2a: Garganacl\n|-singleturn|p2a: Garganacl|Protect\n|move|p1a: Tentacruel|Scald|p2a: Garganacl\n|-activate|p2a: Garganacl|move: Protect\n|\n|-heal|p1a: Tentacruel|62\/100|[from] item: Black Sludge\n|-heal|p2a: Garganacl|87\/100|[from] item: Leftovers\n|-damage|p1a: Tentacruel|37\/100|[from] Salt Cure\n|upkeep\n|turn|23\n|\n|t:|1699903952\n|switch|p2a: Aegislash|Aegislash, L60, M, shiny|100\/100\n|move|p1a: Tentacruel|Hydro Pump|p2a: Aegislash|[miss]\n|-miss|p1a: Tentacruel|p2a: Aegislash\n|\n|-heal|p1a: Tentacruel|43\/100|[from] item: Black Sludge\n|-damage|p1a: Tentacruel|18\/100|[from] Salt Cure\n|upkeep\n|turn|24\n|\n|t:|1699903967\n|switch|p1a: Tangrowth|Tangrowth, L60, M|100\/100\n|-damage|p1a: Tangrowth|88\/100|[from] Stealth Rock\n|move|p2a: Aegislash|King's Shield||[still]\n|-fail|p2a: Aegislash\n|\n|upkeep\n|turn|25\n|\n|t:|1699903979\n|-formechange|p2a: Aegislash|Aegislash-Blade||[from] ability: Stance Change\n|move|p2a: Aegislash|Iron Head|p1a: Tangrowth\n|-damage|p1a: Tangrowth|66\/100\n|-damage|p2a: Aegislash|84\/100|[from] item: Rocky Helmet|[of] p1a: Tangrowth\n|move|p1a: Tangrowth|Knock Off|p2a: Aegislash\n|-supereffective|p2a: Aegislash\n|-damage|p2a: Aegislash|6\/100\n|-enditem|p2a: Aegislash|Leftovers|[from] move: Knock Off|[of] p1a: Tangrowth\n|\n|upkeep\n|turn|26\n|\n|t:|1699903992\n|move|p2a: Aegislash|Iron Head|p1a: Tangrowth\n|-damage|p1a: Tangrowth|44\/100\n|-damage|p2a: Aegislash|0 fnt|[from] item: Rocky Helmet|[of] p1a: Tangrowth\n|faint|p2a: Aegislash\n|move|p1a: Tangrowth|Grass Knot|p2: Aegislash|[notarget]\n|-fail|p1a: Tangrowth\n|\n|upkeep\n|\n|t:|1699904001\n|switch|p2a: Arcanine|Arcanine, L60, M|66\/100\n|-ability|p2a: Arcanine|Intimidate|boost\n|-unboost|p1a: Tangrowth|atk|1\n|turn|27\n|\n|t:|1699904010\n|switch|p2a: Garganacl|Garganacl, L60, M|87\/100\n|switch|p1a: Tentacruel|Tentacruel, L60, F|18\/100\n|-damage|p1a: Tentacruel|6\/100|[from] Stealth Rock\n|\n|-heal|p1a: Tentacruel|12\/100|[from] item: Black Sludge\n|-heal|p2a: Garganacl|94\/100|[from] item: Leftovers\n|upkeep\n|turn|28\n|\n|t:|1699904022\n|move|p1a: Tentacruel|Hydro Pump|p2a: Garganacl\n|-supereffective|p2a: Garganacl\n|-damage|p2a: Garganacl|33\/100\n|move|p2a: Garganacl|Salt Cure|p1a: Tentacruel\n|-damage|p1a: Tentacruel|0 fnt\n|faint|p1a: Tentacruel\n|\n|-heal|p2a: Garganacl|39\/100|[from] item: Leftovers\n|upkeep\n|\n|t:|1699904027\n|switch|p1a: Tangrowth|Tangrowth, L60, M|78\/100\n|-damage|p1a: Tangrowth|66\/100|[from] Stealth Rock\n|turn|29\n|\n|t:|1699904036\n|move|p2a: Garganacl|Protect|p2a: Garganacl\n|-singleturn|p2a: Garganacl|Protect\n|move|p1a: Tangrowth|Grass Knot|p2a: Garganacl\n|-activate|p2a: Garganacl|move: Protect\n|\n|-heal|p2a: Garganacl|45\/100|[from] item: Leftovers\n|upkeep\n|turn|30\n|\n|t:|1699904040\n|switch|p2a: Arcanine|Arcanine, L60, M|66\/100\n|-ability|p2a: Arcanine|Intimidate|boost\n|-unboost|p1a: Tangrowth|atk|1\n|move|p1a: Tangrowth|Knock Off|p2a: Arcanine\n|-damage|p2a: Arcanine|46\/100\n|-enditem|p2a: Arcanine|Choice Band|[from] move: Knock Off|[of] p1a: Tangrowth\n|\n|upkeep\n|turn|31\n|\n|t:|1699904051\n|switch|p1a: Ceruledge|Ceruledge, L60, F|100\/100\n|move|p2a: Arcanine|Flare Blitz|p1a: Ceruledge\n|-start|p1a: Ceruledge|ability: Flash Fire\n|\n|upkeep\n|turn|32\n|c|\u2606mehvey|the one thing ive been playing around the whole time\n|\n|t:|1699904069\n|move|p1a: Ceruledge|Shadow Sneak|p2a: Arcanine\n|-damage|p2a: Arcanine|19\/100\n|move|p2a: Arcanine|Play Rough|p1a: Ceruledge\n|-resisted|p1a: Ceruledge\n|-damage|p1a: Ceruledge|80\/100\n|\n|upkeep\n|turn|33\n|\n|t:|1699904077\n|move|p1a: Ceruledge|Shadow Claw|p2a: Arcanine\n|-damage|p2a: Arcanine|0 fnt\n|faint|p2a: Arcanine\n|\n|upkeep\n|c|\u2606mehvey|this is just a gg\n|\n|t:|1699904083\n|switch|p2a: Garganacl|Garganacl, L60, M|45\/100\n|turn|34\n|c|\u2606Doylr|yeah figured it was as good a time as any\n|c|\u2606Doylr|to bring it out\n|\n|t:|1699904090\n|-end|p1a: Ceruledge|ability: Flash Fire|[silent]\n|switch|p1a: Tangrowth|Tangrowth, L60, M|99\/100\n|-damage|p1a: Tangrowth|87\/100|[from] Stealth Rock\n|move|p2a: Garganacl|Protect||[still]\n|-fail|p2a: Garganacl\n|\n|-heal|p2a: Garganacl|51\/100|[from] item: Leftovers\n|upkeep\n|turn|35\n|\n|t:|1699904098\n|move|p1a: Tangrowth|Grass Knot|p2a: Garganacl\n|-supereffective|p2a: Garganacl\n|-damage|p2a: Garganacl|0 fnt\n|faint|p2a: Garganacl\n|\n|win|Doylr\n|c|\u2606Doylr|tangrowth lanturn core\n|c|\u2606Doylr|is so good\n|c|\u2606Doylr|gg\n|c|\u2606Doylr|ty for the match\n|l|\u2606Doylr\n|c|\u2606mehvey|yup\n|l|\u2606mehvey\n|j|\u2606Doylr\n|player|p1|Doylr|101\n|j|\u2606mehvey\n|player|p2|mehvey|acetrainerf\n|l|\u2606mehvey\n|player|p2|\n","uploadtime":1699905069,"views":7,"p1id":"doylr","p2id":"mehvey","formatid":"gen9nationaldex","rating":0,"private":0,"password":""}