{"id":"gen9nationaldex-1998794747","p1":"Zoreelix","p2":"A-Grade","format":"[Gen 9] National Dex","log":"|html|<div class=\"broadcast-blue\"><strong>[Gen 9] National Dex is currently suspecting Sneasler! For information on how to participate check out the <a href=\"https:\/\/www.smogon.com\/forums\/threads\/sv-national-dex-suspect-8-just-dance.3731534\/\">suspect thread<\/a>.<\/strong><\/div>\n|j|\u2606Zoreelix\n|j|\u2606A-Grade\n|t:|1700992397\n|gametype|singles\n|player|p1|Zoreelix|1|1197\n|player|p2|A-Grade|102|1277\n|teamsize|p1|6\n|teamsize|p2|6\n|gen|9\n|tier|[Gen 9] National Dex\n|rated|\n|rule|HP Percentage Mod: HP is shown in percentages\n|rule|Endless Battle Clause: Forcing endless battles is banned\n|rule|OHKO Clause: OHKO moves are banned\n|rule|Evasion Clause: Evasion abilities, items, and moves are banned\n|rule|Evasion Abilities Clause: Evasion abilities are banned\n|rule|Evasion Items Clause: Evasion items are banned\n|rule|Evasion Moves Clause: Evasion moves are banned\n|rule|Species Clause: Limit one of each Pok\u00e9mon\n|rule|Sleep Clause Mod: Limit one foe put to sleep\n|clearpoke\n|poke|p1|Dragonite, F|\n|poke|p1|Gliscor, M|\n|poke|p1|Weavile, M|\n|poke|p1|Breloom, F|\n|poke|p1|Arcanine, F|\n|poke|p1|Regidrago|\n|poke|p2|Zapdos|\n|poke|p2|Tapu Lele|\n|poke|p2|Pelipper, F|\n|poke|p2|Ferrothorn, M|\n|poke|p2|Barraskewda, F|\n|poke|p2|Manaphy|\n|teampreview\n|\n|t:|1700992416\n|start\n|switch|p1a: Regidrago|Regidrago|100\/100\n|switch|p2a: Pelipper|Pelipper, F|100\/100\n|-weather|RainDance|[from] ability: Drizzle|[of] p2a: Pelipper\n|turn|1\n|\n|t:|1700992424\n|switch|p2a: Tapu Lele|Tapu Lele|100\/100\n|-fieldstart|move: Psychic Terrain|[from] ability: Psychic Surge|[of] p2a: Tapu Lele\n|move|p1a: Regidrago|Dragon Energy|p2a: Tapu Lele\n|-immune|p2a: Tapu Lele\n|\n|-weather|RainDance|[upkeep]\n|upkeep\n|turn|2\n|\n|t:|1700992434\n|switch|p1a: Gliscor|Gliscor, M|100\/100\n|move|p2a: Tapu Lele|Future Sight|p1a: Gliscor\n|-start|p2a: Tapu Lele|move: Future Sight\n|\n|-weather|RainDance|[upkeep]\n|-status|p1a: Gliscor|tox|[from] item: Toxic Orb\n|upkeep\n|turn|3\n|\n|t:|1700992445\n|switch|p2a: Manaphy|Manaphy|100\/100\n|move|p1a: Gliscor|Protect||[still]\n|-fail|p1a: Gliscor\n|\n|-weather|RainDance|[upkeep]\n|upkeep\n|turn|4\n|\n|t:|1700992456\n|move|p2a: Manaphy|Tail Glow|p2a: Manaphy\n|-boost|p2a: Manaphy|spa|3\n|move|p1a: Gliscor|Toxic|p2a: Manaphy\n|-status|p2a: Manaphy|tox\n|\n|-weather|RainDance|[upkeep]\n|-end|p1a: Gliscor|move: Future Sight\n|-damage|p1a: Gliscor|7\/100 tox\n|-activate|p2a: Manaphy|ability: Hydration\n|-curestatus|p2a: Manaphy|tox|[msg]\n|-heal|p1a: Gliscor|19\/100 tox|[from] ability: Poison Heal\n|upkeep\n|turn|5\n|\n|t:|1700992468\n|move|p2a: Manaphy|Surf|p1a: Gliscor\n|-supereffective|p1a: Gliscor\n|-damage|p1a: Gliscor|0 fnt\n|faint|p1a: Gliscor\n|\n|-weather|RainDance|[upkeep]\n|-fieldend|move: Psychic Terrain\n|upkeep\n|\n|t:|1700992473\n|switch|p1a: Breloom|Breloom, F|100\/100\n|turn|6\n|\n|t:|1700992479\n|move|p2a: Manaphy|U-turn|p1a: Breloom\n|-damage|p1a: Breloom|76\/100\n|\n|t:|1700992490\n|switch|p2a: Zapdos|Zapdos|100\/100|[from] U-turn\n|move|p1a: Breloom|Swords Dance|p1a: Breloom\n|-boost|p1a: Breloom|atk|2\n|\n|-weather|RainDance|[upkeep]\n|upkeep\n|turn|7\n|\n|t:|1700992496\n|move|p1a: Breloom|Mach Punch|p2a: Zapdos\n|-resisted|p2a: Zapdos\n|-crit|p2a: Zapdos\n|-damage|p2a: Zapdos|38\/100\n|-status|p1a: Breloom|par|[from] ability: Static|[of] p2a: Zapdos\n|move|p2a: Zapdos|Hurricane|p1a: Breloom\n|-supereffective|p1a: Breloom\n|-damage|p1a: Breloom|0 fnt\n|faint|p1a: Breloom\n|\n|-weather|RainDance|[upkeep]\n|upkeep\n|\n|t:|1700992506\n|switch|p1a: Dragonite|Dragonite, F|100\/100\n|turn|8\n|\n|t:|1700992520\n|-terastallize|p1a: Dragonite|Normal\n|move|p2a: Zapdos|Thunder|p1a: Dragonite\n|-damage|p1a: Dragonite|72\/100\n|move|p1a: Dragonite|Dragon Dance|p1a: Dragonite\n|-boost|p1a: Dragonite|atk|1\n|-boost|p1a: Dragonite|spe|1\n|\n|-weather|none\n|upkeep\n|turn|9\n|\n|t:|1700992531\n|switch|p2a: Tapu Lele|Tapu Lele|100\/100\n|-fieldstart|move: Psychic Terrain|[from] ability: Psychic Surge|[of] p2a: Tapu Lele\n|move|p1a: Dragonite|Extreme Speed|p2a: Tapu Lele\n|-activate|p2a: Tapu Lele|move: Psychic Terrain\n|\n|upkeep\n|turn|10\n|\n|t:|1700992545\n|switch|p2a: Pelipper|Pelipper, F|100\/100\n|-weather|RainDance|[from] ability: Drizzle|[of] p2a: Pelipper\n|move|p1a: Dragonite|Earthquake|p2a: Pelipper\n|-immune|p2a: Pelipper\n|\n|-weather|RainDance|[upkeep]\n|upkeep\n|turn|11\n|\n|t:|1700992552\n|move|p1a: Dragonite|Dragon Dance|p1a: Dragonite\n|-boost|p1a: Dragonite|atk|1\n|-boost|p1a: Dragonite|spe|1\n|move|p2a: Pelipper|U-turn|p1a: Dragonite\n|-damage|p1a: Dragonite|63\/100\n|\n|t:|1700992556\n|switch|p2a: Zapdos|Zapdos|38\/100|[from] U-turn\n|\n|-weather|RainDance|[upkeep]\n|upkeep\n|turn|12\n|\n|t:|1700992560\n|move|p1a: Dragonite|Extreme Speed|p2a: Zapdos\n|-hint|Psychic Terrain doesn't affect Pok\u00e9mon immune to Ground.\n|-damage|p2a: Zapdos|0 fnt\n|faint|p2a: Zapdos\n|\n|-weather|RainDance|[upkeep]\n|upkeep\n|\n|t:|1700992568\n|switch|p2a: Barraskewda|Barraskewda, F|100\/100\n|turn|13\n|\n|t:|1700992574\n|move|p1a: Dragonite|Extreme Speed|p2a: Barraskewda\n|-activate|p2a: Barraskewda|move: Psychic Terrain\n|move|p2a: Barraskewda|Liquidation|p1a: Dragonite\n|-damage|p1a: Dragonite|0 fnt\n|faint|p1a: Dragonite\n|-damage|p2a: Barraskewda|91\/100|[from] item: Life Orb\n|\n|-weather|RainDance|[upkeep]\n|-fieldend|move: Psychic Terrain\n|upkeep\n|\n|t:|1700992583\n|switch|p1a: Arcanine|Arcanine, F|100\/100\n|-ability|p1a: Arcanine|Intimidate|boost\n|-unboost|p2a: Barraskewda|atk|1\n|turn|14\n|\n|t:|1700992587\n|move|p2a: Barraskewda|Flip Turn|p1a: Arcanine\n|-supereffective|p1a: Arcanine\n|-damage|p1a: Arcanine|28\/100\n|-damage|p2a: Barraskewda|74\/100|[from] item: Rocky Helmet|[of] p1a: Arcanine\n|-damage|p2a: Barraskewda|64\/100|[from] item: Life Orb\n|\n|t:|1700992593\n|switch|p2a: Manaphy|Manaphy|100\/100|[from] Flip Turn\n|move|p1a: Arcanine|Will-O-Wisp|p2a: Manaphy\n|-status|p2a: Manaphy|brn\n|\n|-weather|RainDance|[upkeep]\n|-activate|p2a: Manaphy|ability: Hydration\n|-curestatus|p2a: Manaphy|brn|[msg]\n|upkeep\n|turn|15\n|\n|t:|1700992605\n|move|p2a: Manaphy|Tail Glow|p2a: Manaphy\n|-boost|p2a: Manaphy|spa|3\n|move|p1a: Arcanine|Morning Sun|p1a: Arcanine\n|-heal|p1a: Arcanine|53\/100\n|\n|-weather|RainDance|[upkeep]\n|upkeep\n|turn|16\n|\n|t:|1700992612\n|move|p2a: Manaphy|Surf|p1a: Arcanine\n|-supereffective|p1a: Arcanine\n|-damage|p1a: Arcanine|0 fnt\n|faint|p1a: Arcanine\n|\n|-weather|RainDance|[upkeep]\n|upkeep\n|\n|t:|1700992618\n|switch|p1a: Weavile|Weavile, M|100\/100\n|-ability|p1a: Weavile|Pressure\n|turn|17\n|\n|t:|1700992622\n|move|p1a: Weavile|Pursuit|p2a: Manaphy\n|-damage|p2a: Manaphy|69\/100\n|move|p2a: Manaphy|Surf|p1a: Weavile\n|-damage|p1a: Weavile|0 fnt\n|faint|p1a: Weavile\n|\n|-weather|none\n|upkeep\n|-message|Zoreelix forfeited.\n|\n|win|A-Grade\n|raw|Zoreelix's rating: 1197 &rarr; <strong>1178<\/strong><br \/>(-19 for losing)\n|raw|A-Grade's rating: 1277 &rarr; <strong>1296<\/strong><br \/>(+19 for winning)\n|l|\u2606Zoreelix\n","uploadtime":1700992633,"views":1,"p1id":"zoreelix","p2id":"agrade","formatid":"gen9nationaldex","rating":1178,"private":0,"password":""}