{"id":"gen9nationaldex-1995550412","p1":"Yutou99","p2":"lchx","format":"[Gen 9] National Dex","log":"|html|<div class=\"broadcast-blue\"><strong>[Gen 9] National Dex is currently suspecting Sneasler! For information on how to participate check out the <a href=\"https:\/\/www.smogon.com\/forums\/threads\/sv-national-dex-suspect-8-just-dance.3731534\/\">suspect thread<\/a>.<\/strong><\/div>\n|j|\u2606Yutou99\n|j|\u203dlchx\n|t:|1700582049\n|gametype|singles\n|player|p1|Yutou99|shauntal|1752\n|player|p2|lchx|ghetsis|1788\n|teamsize|p1|6\n|teamsize|p2|6\n|gen|9\n|tier|[Gen 9] National Dex\n|rated|\n|rule|HP Percentage Mod: HP is shown in percentages\n|rule|Endless Battle Clause: Forcing endless battles is banned\n|rule|OHKO Clause: OHKO moves are banned\n|rule|Evasion Clause: Evasion abilities, items, and moves are banned\n|rule|Evasion Abilities Clause: Evasion abilities are banned\n|rule|Evasion Items Clause: Evasion items are banned\n|rule|Evasion Moves Clause: Evasion moves are banned\n|rule|Species Clause: Limit one of each Pok\u00e9mon\n|rule|Sleep Clause Mod: Limit one foe put to sleep\n|clearpoke\n|poke|p1|Empoleon, M|\n|poke|p1|Skeledirge, M|\n|poke|p1|Ursaluna, F|\n|poke|p1|Serperior, M|\n|poke|p1|Zapdos|\n|poke|p1|Urshifu-*, M|\n|poke|p2|Rillaboom, F|\n|poke|p2|Iron Treads|\n|poke|p2|Iron Valiant|\n|poke|p2|Ceruledge, F|\n|poke|p2|Sneasler, F|\n|poke|p2|Nihilego|\n|teampreview\n|\n|t:|1700582064\n|start\n|switch|p1a: Urshifu|Urshifu-Rapid-Strike, M|100\/100\n|switch|p2a: Iron Treads|Iron Treads, shiny|100\/100\n|-enditem|p2a: Iron Treads|Booster Energy\n|-activate|p2a: Iron Treads|ability: Quark Drive|[fromitem]\n|-start|p2a: Iron Treads|quarkdrivespe\n|turn|1\n|\n|t:|1700582070\n|move|p2a: Iron Treads|Stealth Rock|p1a: Urshifu\n|-sidestart|p1: Yutou99|move: Stealth Rock\n|move|p1a: Urshifu|Surging Strikes|p2a: Iron Treads\n|-supereffective|p2a: Iron Treads\n|-crit|p2a: Iron Treads\n|-damage|p2a: Iron Treads|61\/100\n|-supereffective|p2a: Iron Treads\n|-crit|p2a: Iron Treads\n|-damage|p2a: Iron Treads|24\/100\n|-supereffective|p2a: Iron Treads\n|-crit|p2a: Iron Treads\n|-damage|p2a: Iron Treads|0 fnt\n|faint|p2a: Iron Treads\n|-end|p2a: Iron Treads|Quark Drive|[silent]\n|-hitcount|p2: Iron Treads|3\n|\n|upkeep\n|\n|t:|1700582074\n|switch|p2a: Rillaboom|Rillaboom, F, shiny|100\/100\n|-fieldstart|move: Grassy Terrain|[from] ability: Grassy Surge|[of] p2a: Rillaboom\n|turn|2\n|\n|t:|1700582078\n|switch|p1a: \u5bb6\u95e8\u9e1f|Zapdos, shiny|100\/100\n|move|p2a: Rillaboom|U-turn|p1a: \u5bb6\u95e8\u9e1f\n|-resisted|p1a: \u5bb6\u95e8\u9e1f\n|-damage|p1a: \u5bb6\u95e8\u9e1f|92\/100\n|j| aaaapeng\n|\n|t:|1700582081\n|switch|p2a: Nihilego|Nihilego|100\/100|[from] U-turn\n|\n|upkeep\n|turn|3\n|\n|t:|1700582088\n|switch|p1a: \u5fa1\u4e09\u5bb6\uff08\u6c34\uff09|Empoleon, M, shiny|100\/100\n|-damage|p1a: \u5fa1\u4e09\u5bb6\uff08\u6c34\uff09|94\/100|[from] Stealth Rock\n|move|p2a: Nihilego|Meteor Beam||[still]\n|-prepare|p2a: Nihilego|Meteor Beam\n|-boost|p2a: Nihilego|spa|1\n|-enditem|p2a: Nihilego|Power Herb\n|-anim|p2a: Nihilego|Meteor Beam|p1a: \u5fa1\u4e09\u5bb6\uff08\u6c34\uff09\n|-resisted|p1a: \u5fa1\u4e09\u5bb6\uff08\u6c34\uff09\n|-damage|p1a: \u5fa1\u4e09\u5bb6\uff08\u6c34\uff09|68\/100\n|\n|-heal|p1a: \u5fa1\u4e09\u5bb6\uff08\u6c34\uff09|74\/100|[from] Grassy Terrain\n|-heal|p1a: \u5fa1\u4e09\u5bb6\uff08\u6c34\uff09|80\/100|[from] item: Leftovers\n|upkeep\n|turn|4\n|\n|t:|1700582107\n|switch|p2a: Iron Valiant|Iron Valiant, shiny|100\/100\n|-enditem|p2a: Iron Valiant|Booster Energy\n|-activate|p2a: Iron Valiant|ability: Quark Drive|[fromitem]\n|-start|p2a: Iron Valiant|quarkdrivespe\n|move|p1a: \u5fa1\u4e09\u5bb6\uff08\u6c34\uff09|Scald|p2a: Iron Valiant\n|-damage|p2a: Iron Valiant|43\/100\n|-status|p2a: Iron Valiant|brn\n|\n|-heal|p2a: Iron Valiant|50\/100 brn|[from] Grassy Terrain\n|-heal|p1a: \u5fa1\u4e09\u5bb6\uff08\u6c34\uff09|86\/100|[from] Grassy Terrain\n|-heal|p1a: \u5fa1\u4e09\u5bb6\uff08\u6c34\uff09|92\/100|[from] item: Leftovers\n|-damage|p2a: Iron Valiant|43\/100 brn|[from] brn\n|upkeep\n|turn|5\n|\n|t:|1700582124\n|switch|p1a: \u5fa1\u4e09\u5bb6\uff08\u706b\uff09|Skeledirge, M, shiny|100\/100\n|move|p2a: Iron Valiant|Destiny Bond|p2a: Iron Valiant\n|-singlemove|p2a: Iron Valiant|Destiny Bond\n|\n|-heal|p2a: Iron Valiant|50\/100 brn|[from] Grassy Terrain\n|-damage|p2a: Iron Valiant|43\/100 brn|[from] brn\n|upkeep\n|turn|6\n|\n|t:|1700582130\n|move|p2a: Iron Valiant|Moonblast|p1a: \u5fa1\u4e09\u5bb6\uff08\u706b\uff09\n|-resisted|p1a: \u5fa1\u4e09\u5bb6\uff08\u706b\uff09\n|-damage|p1a: \u5fa1\u4e09\u5bb6\uff08\u706b\uff09|79\/100\n|move|p1a: \u5fa1\u4e09\u5bb6\uff08\u706b\uff09|Torch Song|p2a: Iron Valiant\n|-damage|p2a: Iron Valiant|0 fnt\n|-boost|p1a: \u5fa1\u4e09\u5bb6\uff08\u706b\uff09|spa|1\n|faint|p2a: Iron Valiant\n|-end|p2a: Iron Valiant|Quark Drive|[silent]\n|\n|-heal|p1a: \u5fa1\u4e09\u5bb6\uff08\u706b\uff09|85\/100|[from] Grassy Terrain\n|-fieldend|move: Grassy Terrain\n|upkeep\n|\n|t:|1700582136\n|switch|p2a: Nihilego|Nihilego|100\/100\n|turn|7\n|\n|t:|1700582141\n|move|p2a: Nihilego|Power Gem|p1a: \u5fa1\u4e09\u5bb6\uff08\u706b\uff09\n|-supereffective|p1a: \u5fa1\u4e09\u5bb6\uff08\u706b\uff09\n|-damage|p1a: \u5fa1\u4e09\u5bb6\uff08\u706b\uff09|0 fnt\n|faint|p1a: \u5fa1\u4e09\u5bb6\uff08\u706b\uff09\n|-ability|p2a: Nihilego|Beast Boost|boost\n|-boost|p2a: Nihilego|spe|1\n|\n|upkeep\n|\n|t:|1700582149\n|switch|p1a: Urshifu|Urshifu-Rapid-Strike, M|100\/100\n|-damage|p1a: Urshifu|94\/100|[from] Stealth Rock\n|turn|8\n|c|\u2606Yutou99|shit\n|\n|t:|1700582156\n|-terastallize|p1a: Urshifu|Water\n|move|p2a: Nihilego|Grass Knot|p1a: Urshifu\n|-supereffective|p1a: Urshifu\n|-damage|p1a: Urshifu|3\/100\n|move|p1a: Urshifu|Surging Strikes|p2a: Nihilego\n|-supereffective|p2a: Nihilego\n|-crit|p2a: Nihilego\n|-damage|p2a: Nihilego|17\/100\n|-supereffective|p2a: Nihilego\n|-crit|p2a: Nihilego\n|-damage|p2a: Nihilego|0 fnt\n|faint|p2a: Nihilego\n|-hitcount|p2: Nihilego|2\n|\n|upkeep\n|\n|t:|1700582165\n|switch|p2a: Rillaboom|Rillaboom, F, shiny|100\/100\n|-fieldstart|move: Grassy Terrain|[from] ability: Grassy Surge|[of] p2a: Rillaboom\n|turn|9\n|\n|t:|1700582181\n|switch|p1a: \u5fa1\u4e09\u5bb6\uff08\u6c34\uff09|Empoleon, M, shiny|92\/100\n|-damage|p1a: \u5fa1\u4e09\u5bb6\uff08\u6c34\uff09|86\/100|[from] Stealth Rock\n|move|p2a: Rillaboom|Grassy Glide|p1a: \u5fa1\u4e09\u5bb6\uff08\u6c34\uff09\n|-damage|p1a: \u5fa1\u4e09\u5bb6\uff08\u6c34\uff09|51\/100\n|\n|-heal|p1a: \u5fa1\u4e09\u5bb6\uff08\u6c34\uff09|57\/100|[from] Grassy Terrain\n|-heal|p1a: \u5fa1\u4e09\u5bb6\uff08\u6c34\uff09|64\/100|[from] item: Leftovers\n|upkeep\n|turn|10\n|\n|t:|1700582191\n|move|p2a: Rillaboom|Knock Off|p1a: \u5fa1\u4e09\u5bb6\uff08\u6c34\uff09\n|-damage|p1a: \u5fa1\u4e09\u5bb6\uff08\u6c34\uff09|32\/100\n|-enditem|p1a: \u5fa1\u4e09\u5bb6\uff08\u6c34\uff09|Leftovers|[from] move: Knock Off|[of] p2a: Rillaboom\n|move|p1a: \u5fa1\u4e09\u5bb6\uff08\u6c34\uff09|Stealth Rock|p2a: Rillaboom\n|-sidestart|p2: lchx|move: Stealth Rock\n|\n|-heal|p1a: \u5fa1\u4e09\u5bb6\uff08\u6c34\uff09|38\/100|[from] Grassy Terrain\n|upkeep\n|turn|11\n|\n|t:|1700582198\n|move|p2a: Rillaboom|Grassy Glide|p1a: \u5fa1\u4e09\u5bb6\uff08\u6c34\uff09\n|-damage|p1a: \u5fa1\u4e09\u5bb6\uff08\u6c34\uff09|1\/100\n|move|p1a: \u5fa1\u4e09\u5bb6\uff08\u6c34\uff09|Scald|p2a: Rillaboom\n|-resisted|p2a: Rillaboom\n|-damage|p2a: Rillaboom|82\/100\n|\n|-heal|p2a: Rillaboom|88\/100|[from] Grassy Terrain\n|-heal|p2a: Rillaboom|94\/100|[from] item: Leftovers\n|-heal|p1a: \u5fa1\u4e09\u5bb6\uff08\u6c34\uff09|7\/100|[from] Grassy Terrain\n|upkeep\n|turn|12\n|\n|t:|1700582210\n|switch|p1a: \u5bb6\u95e8\u9e1f|Zapdos, shiny|92\/100\n|move|p2a: Rillaboom|Grassy Glide|p1a: \u5bb6\u95e8\u9e1f\n|-resisted|p1a: \u5bb6\u95e8\u9e1f\n|-damage|p1a: \u5bb6\u95e8\u9e1f|79\/100\n|\n|-heal|p2a: Rillaboom|99\/100|[from] Grassy Terrain\n|-heal|p2a: Rillaboom|100\/100|[from] item: Leftovers\n|upkeep\n|turn|13\n|\n|t:|1700582217\n|-terastallize|p2a: Rillaboom|Dark\n|move|p1a: \u5bb6\u95e8\u9e1f|Defog|p2a: Rillaboom\n|-unboost|p2a: Rillaboom|evasion|1\n|-sideend|p2: lchx|Stealth Rock|[from] move: Defog|[of] p1a: \u5bb6\u95e8\u9e1f\n|-sideend|p1: Yutou99|Stealth Rock|[from] move: Defog|[of] p1a: \u5bb6\u95e8\u9e1f\n|-fieldend|move: Grassy Terrain\n|move|p2a: Rillaboom|Knock Off|p1a: \u5bb6\u95e8\u9e1f\n|-damage|p1a: \u5bb6\u95e8\u9e1f|47\/100\n|-enditem|p1a: \u5bb6\u95e8\u9e1f|Heavy-Duty Boots|[from] move: Knock Off|[of] p2a: Rillaboom\n|\n|upkeep\n|turn|14\n|j| xsk123\n|\n|t:|1700582230\n|move|p1a: \u5bb6\u95e8\u9e1f|Roost|p1a: \u5bb6\u95e8\u9e1f\n|-heal|p1a: \u5bb6\u95e8\u9e1f|97\/100\n|-singleturn|p1a: \u5bb6\u95e8\u9e1f|move: Roost\n|move|p2a: Rillaboom|U-turn|p1a: \u5bb6\u95e8\u9e1f\n|-damage|p1a: \u5bb6\u95e8\u9e1f|79\/100\n|-status|p2a: Rillaboom|par|[from] ability: Static|[of] p1a: \u5bb6\u95e8\u9e1f\n|\n|t:|1700582239\n|switch|p2a: Ceruledge|Ceruledge, F, shiny|100\/100|[from] U-turn\n|\n|upkeep\n|turn|15\n|\n|t:|1700582245\n|switch|p1a: \u5fa1\u4e09\u5bb6\uff08\u6c34\uff09|Empoleon, M, shiny|7\/100\n|move|p2a: Ceruledge|Bitter Blade|p1a: \u5fa1\u4e09\u5bb6\uff08\u6c34\uff09\n|-damage|p1a: \u5fa1\u4e09\u5bb6\uff08\u6c34\uff09|0 fnt\n|faint|p1a: \u5fa1\u4e09\u5bb6\uff08\u6c34\uff09\n|\n|upkeep\n|\n|t:|1700582247\n|switch|p1a: Urshifu|Urshifu-Rapid-Strike, M, tera:Water|3\/100\n|turn|16\n|\n|t:|1700582251\n|switch|p2a: Rillaboom|Rillaboom, F, shiny, tera:Dark|100\/100 par\n|-fieldstart|move: Grassy Terrain|[from] ability: Grassy Surge|[of] p2a: Rillaboom\n|move|p1a: Urshifu|Surging Strikes|p2a: Rillaboom\n|-crit|p2a: Rillaboom\n|-damage|p2a: Rillaboom|79\/100 par\n|-crit|p2a: Rillaboom\n|-damage|p2a: Rillaboom|57\/100 par\n|-crit|p2a: Rillaboom\n|-damage|p2a: Rillaboom|34\/100 par\n|-hitcount|p2a: Rillaboom|3\n|\n|-heal|p1a: Urshifu|9\/100|[from] Grassy Terrain\n|-heal|p2a: Rillaboom|40\/100 par|[from] Grassy Terrain\n|-heal|p2a: Rillaboom|46\/100 par|[from] item: Leftovers\n|upkeep\n|turn|17\n|\n|t:|1700582276\n|switch|p1a: \u5fa1\u4e09\u5bb6\uff08\u8349\uff09|Serperior, M, shiny|100\/100\n|move|p2a: Rillaboom|U-turn|p1a: \u5fa1\u4e09\u5bb6\uff08\u8349\uff09\n|-supereffective|p1a: \u5fa1\u4e09\u5bb6\uff08\u8349\uff09\n|-damage|p1a: \u5fa1\u4e09\u5bb6\uff08\u8349\uff09|42\/100\n|\n|t:|1700582283\n|switch|p2a: Sneasler|Sneasler, F|100\/100|[from] U-turn\n|-enditem|p2a: Sneasler|Grassy Seed\n|-boost|p2a: Sneasler|def|1|[from] item: Grassy Seed\n|\n|-heal|p1a: \u5fa1\u4e09\u5bb6\uff08\u8349\uff09|48\/100|[from] Grassy Terrain\n|-heal|p1a: \u5fa1\u4e09\u5bb6\uff08\u8349\uff09|54\/100|[from] item: Leftovers\n|upkeep\n|turn|18\n|j| carlinss\n|\n|t:|1700582292\n|move|p2a: Sneasler|Swords Dance|p2a: Sneasler\n|-boost|p2a: Sneasler|atk|2\n|move|p1a: \u5fa1\u4e09\u5bb6\uff08\u8349\uff09|Glare|p2a: Sneasler\n|-status|p2a: Sneasler|par\n|\n|-heal|p1a: \u5fa1\u4e09\u5bb6\uff08\u8349\uff09|60\/100|[from] Grassy Terrain\n|-heal|p1a: \u5fa1\u4e09\u5bb6\uff08\u8349\uff09|66\/100|[from] item: Leftovers\n|upkeep\n|turn|19\n|\n|t:|1700582304\n|move|p2a: Sneasler|Dire Claw|p1a: \u5fa1\u4e09\u5bb6\uff08\u8349\uff09\n|-supereffective|p1a: \u5fa1\u4e09\u5bb6\uff08\u8349\uff09\n|-damage|p1a: \u5fa1\u4e09\u5bb6\uff08\u8349\uff09|0 fnt\n|faint|p1a: \u5fa1\u4e09\u5bb6\uff08\u8349\uff09\n|\n|upkeep\n|\n|t:|1700582307\n|switch|p1a: \u5bb6\u95e8\u9e1f|Zapdos, shiny|79\/100\n|turn|20\n|\n|t:|1700582312\n|move|p2a: Sneasler|Dire Claw|p1a: \u5bb6\u95e8\u9e1f\n|-damage|p1a: \u5bb6\u95e8\u9e1f|21\/100\n|move|p1a: \u5bb6\u95e8\u9e1f|Hurricane|p2a: Sneasler\n|-supereffective|p2a: Sneasler\n|-damage|p2a: Sneasler|0 fnt\n|faint|p2a: Sneasler\n|\n|-fieldend|move: Grassy Terrain\n|upkeep\n|\n|t:|1700582318\n|switch|p2a: Ceruledge|Ceruledge, F, shiny|100\/100\n|turn|21\n|\n|t:|1700582323\n|move|p2a: Ceruledge|Bitter Blade|p1a: \u5bb6\u95e8\u9e1f\n|-damage|p1a: \u5bb6\u95e8\u9e1f|0 fnt\n|faint|p1a: \u5bb6\u95e8\u9e1f\n|\n|upkeep\n|\n|t:|1700582326\n|switch|p1a: Urshifu|Urshifu-Rapid-Strike, M, tera:Water|9\/100\n|turn|22\n|\n|t:|1700582336\n|move|p1a: Urshifu|Surging Strikes|p2a: Ceruledge\n|-supereffective|p2a: Ceruledge\n|-crit|p2a: Ceruledge\n|-damage|p2a: Ceruledge|21\/100\n|-ability|p2a: Ceruledge|Weak Armor|boost\n|-unboost|p2a: Ceruledge|def|1\n|-boost|p2a: Ceruledge|spe|2\n|-supereffective|p2a: Ceruledge\n|-crit|p2a: Ceruledge\n|-damage|p2a: Ceruledge|0 fnt\n|faint|p2a: Ceruledge\n|-hitcount|p2: Ceruledge|2\n|\n|upkeep\n|\n|t:|1700582339\n|switch|p2a: Rillaboom|Rillaboom, F, shiny, tera:Dark|46\/100 par\n|-fieldstart|move: Grassy Terrain|[from] ability: Grassy Surge|[of] p2a: Rillaboom\n|turn|23\n|\n|t:|1700582342\n|cant|p2a: Rillaboom|par\n|move|p1a: Urshifu|Surging Strikes|p2a: Rillaboom\n|-crit|p2a: Rillaboom\n|-damage|p2a: Rillaboom|26\/100 par\n|-crit|p2a: Rillaboom\n|-damage|p2a: Rillaboom|4\/100 par\n|-crit|p2a: Rillaboom\n|-damage|p2a: Rillaboom|0 fnt\n|faint|p2a: Rillaboom\n|-hitcount|p2: Rillaboom|3\n|\n|win|Yutou99\n|raw|Yutou99's rating: 1752 &rarr; <strong>1774<\/strong><br \/>(+22 for winning)\n|raw|lchx's rating: 1788 &rarr; <strong>1766<\/strong><br \/>(-22 for losing)\n|l| xsk123\n|l|\u2606Yutou99\n","uploadtime":1700582355,"views":0,"p1id":"yutou99","p2id":"lchx","formatid":"gen9nationaldex","rating":1766,"private":0,"password":""}