{"id":"gen9nationaldex-2000041658","p1":"Smartjedi","p2":"ikun321","format":"[Gen 9] National Dex","log":"|html|<div class=\"broadcast-blue\"><strong>[Gen 9] National Dex is currently suspecting Sneasler! For information on how to participate check out the <a href=\"https:\/\/www.smogon.com\/forums\/threads\/sv-national-dex-suspect-8-just-dance.3731534\/\">suspect thread<\/a>.<\/strong><\/div>\n|j|\u2606Smartjedi\n|j|\u2606ikun321\n|t:|1701144948\n|gametype|singles\n|player|p1|Smartjedi|red|1493\n|player|p2|ikun321|266|1495\n|teamsize|p1|6\n|teamsize|p2|6\n|gen|9\n|tier|[Gen 9] National Dex\n|rated|\n|rule|HP Percentage Mod: HP is shown in percentages\n|rule|Endless Battle Clause: Forcing endless battles is banned\n|rule|OHKO Clause: OHKO moves are banned\n|rule|Evasion Clause: Evasion abilities, items, and moves are banned\n|rule|Evasion Abilities Clause: Evasion abilities are banned\n|rule|Evasion Items Clause: Evasion items are banned\n|rule|Evasion Moves Clause: Evasion moves are banned\n|rule|Species Clause: Limit one of each Pok\u00e9mon\n|rule|Sleep Clause Mod: Limit one foe put to sleep\n|clearpoke\n|poke|p1|Garganacl, F|\n|poke|p1|Serperior, F|\n|poke|p1|Gliscor, F|\n|poke|p1|Tapu Koko|\n|poke|p1|Iron Moth|\n|poke|p1|Sneasler, M|\n|poke|p2|Ogerpon, F|\n|poke|p2|Corviknight, F|\n|poke|p2|Clodsire, M|\n|poke|p2|Tyranitar, F|\n|poke|p2|Tapu Fini|\n|poke|p2|Banette, M|\n|teampreview\n|inactive|Battle timer is ON: inactive players will automatically lose when time's up. (requested by ikun321)\n|inactive|Smartjedi has 120 seconds left.\n|\n|t:|1701145000\n|start\n|switch|p1a: Tapu Koko|Tapu Koko|100\/100\n|switch|p2a: Clodsire|Clodsire, M|100\/100\n|-fieldstart|move: Electric Terrain|[from] ability: Electric Surge|[of] p1a: Tapu Koko\n|turn|1\n|\n|t:|1701145004\n|move|p1a: Tapu Koko|U-turn|p2a: Clodsire\n|-resisted|p2a: Clodsire\n|-damage|p2a: Clodsire|91\/100\n|\n|t:|1701145006\n|switch|p1a: Gliscor|Gliscor, F|100\/100|[from] U-turn\n|move|p2a: Clodsire|Stealth Rock|p1a: Gliscor\n|-sidestart|p1: Smartjedi|move: Stealth Rock\n|\n|-heal|p2a: Clodsire|97\/100|[from] item: Leftovers\n|-status|p1a: Gliscor|tox|[from] item: Toxic Orb\n|upkeep\n|turn|2\n|\n|t:|1701145018\n|switch|p2a: Ogerpon|Ogerpon, F|100\/100\n|move|p1a: Gliscor|Stealth Rock|p2a: Ogerpon\n|-sidestart|p2: ikun321|move: Stealth Rock\n|\n|upkeep\n|turn|3\n|\n|t:|1701145024\n|switch|p2a: Corviknight|Corviknight, F|100\/100\n|-damage|p2a: Corviknight|88\/100|[from] Stealth Rock\n|-ability|p2a: Corviknight|Pressure\n|switch|p1a: CONTRARIAN|Serperior, F|100\/100\n|-damage|p1a: CONTRARIAN|88\/100|[from] Stealth Rock\n|\n|-heal|p1a: CONTRARIAN|94\/100|[from] item: Leftovers\n|upkeep\n|turn|4\n|\n|t:|1701145032\n|move|p1a: CONTRARIAN|Glare|p2a: Corviknight\n|-status|p2a: Corviknight|par\n|move|p2a: Corviknight|U-turn|p1a: CONTRARIAN\n|-supereffective|p1a: CONTRARIAN\n|-damage|p1a: CONTRARIAN|61\/100\n|\n|t:|1701145041\n|switch|p2a: Ogerpon|Ogerpon, F|100\/100|[from] U-turn\n|\n|-heal|p1a: CONTRARIAN|67\/100|[from] item: Leftovers\n|upkeep\n|turn|5\n|\n|t:|1701145046\n|move|p1a: CONTRARIAN|Glare|p2a: Ogerpon\n|-status|p2a: Ogerpon|par\n|cant|p2a: Ogerpon|par\n|\n|-heal|p1a: CONTRARIAN|73\/100|[from] item: Leftovers\n|upkeep\n|turn|6\n|\n|t:|1701145054\n|move|p1a: CONTRARIAN|Substitute|p1a: CONTRARIAN\n|-start|p1a: CONTRARIAN|Substitute\n|-damage|p1a: CONTRARIAN|48\/100\n|move|p2a: Ogerpon|Superpower|p1a: CONTRARIAN\n|-end|p1a: CONTRARIAN|Substitute\n|-unboost|p2a: Ogerpon|atk|1\n|-unboost|p2a: Ogerpon|def|1\n|\n|-heal|p1a: CONTRARIAN|55\/100|[from] item: Leftovers\n|upkeep\n|turn|7\n|\n|t:|1701145060\n|switch|p2a: Banette|Banette, M|100\/100\n|-damage|p2a: Banette|88\/100|[from] Stealth Rock\n|-item|p1a: CONTRARIAN|Leftovers|[from] ability: Frisk|[of] p2a: Banette|[identify]\n|move|p1a: CONTRARIAN|Substitute|p1a: CONTRARIAN\n|-start|p1a: CONTRARIAN|Substitute\n|-damage|p1a: CONTRARIAN|30\/100\n|\n|-heal|p1a: CONTRARIAN|36\/100|[from] item: Leftovers\n|upkeep\n|turn|8\n|\n|t:|1701145064\n|detailschange|p2a: Banette|Banette-Mega, M\n|-mega|p2a: Banette|Banette|Banettite\n|move|p2a: Banette|Encore|p1a: CONTRARIAN\n|-start|p1a: CONTRARIAN|Encore\n|move|p1a: CONTRARIAN|Substitute|p1a: CONTRARIAN\n|-fail|p1a: CONTRARIAN|move: Substitute\n|\n|-heal|p1a: CONTRARIAN|42\/100|[from] item: Leftovers\n|-fieldend|move: Electric Terrain\n|upkeep\n|turn|9\n|n|\u2606ikun321|ikun321\n|\n|t:|1701145076\n|move|p1a: CONTRARIAN|Substitute|p1a: CONTRARIAN\n|-fail|p1a: CONTRARIAN|move: Substitute\n|move|p2a: Banette|Poltergeist|p1a: CONTRARIAN\n|-activate|p1a: CONTRARIAN|move: Poltergeist|Leftovers\n|-end|p1a: CONTRARIAN|Substitute\n|\n|-heal|p1a: CONTRARIAN|48\/100|[from] item: Leftovers\n|upkeep\n|turn|10\n|\n|t:|1701145082\n|move|p1a: CONTRARIAN|Substitute|p1a: CONTRARIAN\n|-start|p1a: CONTRARIAN|Substitute\n|-damage|p1a: CONTRARIAN|23\/100\n|move|p2a: Banette|Poltergeist|p1a: CONTRARIAN\n|-activate|p1a: CONTRARIAN|move: Poltergeist|Leftovers\n|-end|p1a: CONTRARIAN|Substitute\n|\n|-heal|p1a: CONTRARIAN|30\/100|[from] item: Leftovers\n|-end|p1a: CONTRARIAN|Encore\n|upkeep\n|turn|11\n|\n|t:|1701145090\n|-activate|p1a: CONTRARIAN|move: Pursuit\n|move|p2a: Banette|Pursuit|p1a: CONTRARIAN|[from]Pursuit\n|-damage|p1a: CONTRARIAN|0 fnt\n|faint|p1a: CONTRARIAN\n|-hint|A Pokemon can't switch between when it runs out of HP and when it faints\n|\n|upkeep\n|\n|t:|1701145102\n|switch|p1a: Gliscor|Gliscor, F|100\/100 tox\n|-damage|p1a: Gliscor|88\/100 tox|[from] Stealth Rock\n|turn|12\n|\n|t:|1701145110\n|switch|p2a: Tapu Fini|Tapu Fini|100\/100\n|-damage|p2a: Tapu Fini|88\/100|[from] Stealth Rock\n|-fieldstart|move: Misty Terrain|[from] ability: Misty Surge|[of] p2a: Tapu Fini\n|move|p1a: Gliscor|Earthquake|p2a: Tapu Fini\n|-damage|p2a: Tapu Fini|68\/100\n|\n|-heal|p2a: Tapu Fini|74\/100|[from] item: Leftovers\n|-heal|p1a: Gliscor|100\/100 tox|[from] ability: Poison Heal\n|upkeep\n|turn|13\n|\n|t:|1701145134\n|move|p1a: Gliscor|Knock Off|p2a: Tapu Fini\n|-resisted|p2a: Tapu Fini\n|-damage|p2a: Tapu Fini|67\/100\n|-enditem|p2a: Tapu Fini|Leftovers|[from] move: Knock Off|[of] p1a: Gliscor\n|move|p2a: Tapu Fini|Draining Kiss|p1a: Gliscor\n|-crit|p1a: Gliscor\n|-damage|p1a: Gliscor|72\/100 tox\n|-heal|p2a: Tapu Fini|89\/100|[from] drain|[of] p1a: Gliscor\n|\n|-heal|p1a: Gliscor|85\/100 tox|[from] ability: Poison Heal\n|upkeep\n|turn|14\n|\n|t:|1701145143\n|switch|p1a: Tapu Koko|Tapu Koko|100\/100\n|-damage|p1a: Tapu Koko|88\/100|[from] Stealth Rock\n|-fieldstart|move: Electric Terrain|[from] ability: Electric Surge|[of] p1a: Tapu Koko\n|move|p2a: Tapu Fini|Calm Mind|p2a: Tapu Fini\n|-boost|p2a: Tapu Fini|spa|1\n|-boost|p2a: Tapu Fini|spd|1\n|\n|upkeep\n|turn|15\n|\n|t:|1701145146\n|switch|p2a: Clodsire|Clodsire, M|97\/100\n|-damage|p2a: Clodsire|91\/100|[from] Stealth Rock\n|move|p1a: Tapu Koko|Thunderbolt|p2a: Clodsire\n|-immune|p2a: Clodsire\n|\n|-heal|p2a: Clodsire|97\/100|[from] item: Leftovers\n|upkeep\n|turn|16\n|\n|t:|1701145155\n|switch|p2a: Tyranitar|Tyranitar, F|100\/100\n|-damage|p2a: Tyranitar|88\/100|[from] Stealth Rock\n|-weather|Sandstorm|[from] ability: Sand Stream|[of] p2a: Tyranitar\n|move|p1a: Tapu Koko|U-turn|p2a: Tyranitar\n|-supereffective|p2a: Tyranitar\n|-damage|p2a: Tyranitar|57\/100\n|\n|t:|1701145161\n|switch|p1a: Gliscor|Gliscor, F|85\/100 tox|[from] U-turn\n|-damage|p1a: Gliscor|72\/100 tox|[from] Stealth Rock\n|\n|-weather|Sandstorm|[upkeep]\n|-heal|p1a: Gliscor|85\/100 tox|[from] ability: Poison Heal\n|upkeep\n|turn|17\n|\n|t:|1701145164\n|move|p1a: Gliscor|Knock Off|p2a: Tyranitar\n|-resisted|p2a: Tyranitar\n|-damage|p2a: Tyranitar|45\/100\n|-enditem|p2a: Tyranitar|Assault Vest|[from] move: Knock Off|[of] p1a: Gliscor\n|move|p2a: Tyranitar|Ice Beam|p1a: Gliscor\n|-supereffective|p1a: Gliscor\n|-damage|p1a: Gliscor|0 fnt\n|faint|p1a: Gliscor\n|\n|-weather|Sandstorm|[upkeep]\n|upkeep\n|\n|t:|1701145175\n|switch|p1a: DWAYNE|Garganacl, F|100\/100\n|-damage|p1a: DWAYNE|88\/100|[from] Stealth Rock\n|turn|18\n|\n|t:|1701145182\n|switch|p2a: Corviknight|Corviknight, F|88\/100 par\n|-damage|p2a: Corviknight|75\/100 par|[from] Stealth Rock\n|-ability|p2a: Corviknight|Pressure\n|-terastallize|p1a: DWAYNE|Water\n|move|p1a: DWAYNE|Iron Defense|p1a: DWAYNE\n|-boost|p1a: DWAYNE|def|2\n|\n|-weather|Sandstorm|[upkeep]\n|-damage|p1a: DWAYNE|82\/100|[from] Sandstorm\n|-heal|p1a: DWAYNE|88\/100|[from] item: Leftovers\n|upkeep\n|turn|19\n|\n|t:|1701145186\n|move|p1a: DWAYNE|Iron Defense|p1a: DWAYNE\n|-boost|p1a: DWAYNE|def|2\n|move|p2a: Corviknight|Iron Defense|p2a: Corviknight\n|-boost|p2a: Corviknight|def|2\n|\n|-weather|Sandstorm|[upkeep]\n|-damage|p1a: DWAYNE|82\/100|[from] Sandstorm\n|-heal|p1a: DWAYNE|88\/100|[from] item: Leftovers\n|upkeep\n|turn|20\n|\n|t:|1701145190\n|move|p1a: DWAYNE|Iron Defense|p1a: DWAYNE\n|-boost|p1a: DWAYNE|def|2\n|move|p2a: Corviknight|Iron Defense|p2a: Corviknight\n|-boost|p2a: Corviknight|def|2\n|\n|-weather|none\n|-heal|p1a: DWAYNE|94\/100|[from] item: Leftovers\n|upkeep\n|turn|21\n|\n|t:|1701145192\n|move|p1a: DWAYNE|Salt Cure|p2a: Corviknight\n|-damage|p2a: Corviknight|73\/100 par\n|move|p2a: Corviknight|Iron Defense|p2a: Corviknight\n|-boost|p2a: Corviknight|def|2\n|\n|-heal|p1a: DWAYNE|100\/100|[from] item: Leftovers\n|-fieldend|move: Electric Terrain\n|upkeep\n|turn|22\n|\n|t:|1701145201\n|move|p1a: DWAYNE|Body Press|p2a: Corviknight\n|-damage|p2a: Corviknight|58\/100 par\n|move|p2a: Corviknight|Body Press|p1a: DWAYNE\n|-damage|p1a: DWAYNE|83\/100\n|\n|-heal|p1a: DWAYNE|90\/100|[from] item: Leftovers\n|upkeep\n|turn|23\n|\n|t:|1701145208\n|move|p1a: DWAYNE|Body Press|p2a: Corviknight\n|-damage|p2a: Corviknight|44\/100 par\n|move|p2a: Corviknight|Roost|p2a: Corviknight\n|-heal|p2a: Corviknight|94\/100 par\n|-singleturn|p2a: Corviknight|move: Roost\n|\n|-heal|p1a: DWAYNE|96\/100|[from] item: Leftovers\n|upkeep\n|turn|24\n|\n|t:|1701145221\n|move|p1a: DWAYNE|Salt Cure|p2a: Corviknight\n|-damage|p2a: Corviknight|92\/100 par\n|move|p2a: Corviknight|Body Press|p1a: DWAYNE\n|-damage|p1a: DWAYNE|76\/100\n|\n|-heal|p1a: DWAYNE|83\/100|[from] item: Leftovers\n|upkeep\n|turn|25\n|\n|t:|1701145228\n|move|p1a: DWAYNE|Iron Defense|p1a: DWAYNE\n|-boost|p1a: DWAYNE|def|0\n|move|p2a: Corviknight|Body Press|p1a: DWAYNE\n|-damage|p1a: DWAYNE|63\/100\n|\n|-heal|p1a: DWAYNE|69\/100|[from] item: Leftovers\n|upkeep\n|turn|26\n|\n|t:|1701145232\n|move|p1a: DWAYNE|Iron Defense|p1a: DWAYNE\n|-boost|p1a: DWAYNE|def|0\n|move|p2a: Corviknight|Iron Defense|p2a: Corviknight\n|-boost|p2a: Corviknight|def|0\n|\n|-heal|p1a: DWAYNE|76\/100|[from] item: Leftovers\n|upkeep\n|turn|27\n|\n|t:|1701145239\n|move|p1a: DWAYNE|Iron Defense|p1a: DWAYNE\n|-boost|p1a: DWAYNE|def|0\n|move|p2a: Corviknight|Iron Defense|p2a: Corviknight\n|-boost|p2a: Corviknight|def|0\n|\n|-heal|p1a: DWAYNE|82\/100|[from] item: Leftovers\n|upkeep\n|turn|28\n|\n|t:|1701145243\n|move|p1a: DWAYNE|Iron Defense|p1a: DWAYNE\n|-boost|p1a: DWAYNE|def|0\n|move|p2a: Corviknight|Iron Defense|p2a: Corviknight\n|-boost|p2a: Corviknight|def|0\n|\n|-heal|p1a: DWAYNE|88\/100|[from] item: Leftovers\n|upkeep\n|turn|29\n|\n|t:|1701145246\n|move|p1a: DWAYNE|Iron Defense|p1a: DWAYNE\n|-boost|p1a: DWAYNE|def|0\n|move|p2a: Corviknight|Iron Defense|p2a: Corviknight\n|-boost|p2a: Corviknight|def|0\n|\n|-heal|p1a: DWAYNE|94\/100|[from] item: Leftovers\n|upkeep\n|turn|30\n|\n|t:|1701145252\n|move|p1a: DWAYNE|Salt Cure|p2a: Corviknight\n|-damage|p2a: Corviknight|90\/100 par\n|move|p2a: Corviknight|Iron Defense|p2a: Corviknight\n|-boost|p2a: Corviknight|def|0\n|\n|-heal|p1a: DWAYNE|100\/100|[from] item: Leftovers\n|upkeep\n|turn|31\n|\n|t:|1701145255\n|move|p1a: DWAYNE|Salt Cure|p2a: Corviknight\n|-damage|p2a: Corviknight|88\/100 par\n|cant|p2a: Corviknight|par\n|\n|upkeep\n|turn|32\n|\n|t:|1701145258\n|move|p1a: DWAYNE|Salt Cure|p2a: Corviknight\n|-damage|p2a: Corviknight|85\/100 par\n|cant|p2a: Corviknight|par\n|\n|upkeep\n|turn|33\n|\n|t:|1701145260\n|move|p1a: DWAYNE|Salt Cure|p2a: Corviknight\n|-damage|p2a: Corviknight|84\/100 par\n|cant|p2a: Corviknight|par\n|\n|upkeep\n|turn|34\n|\n|t:|1701145263\n|move|p1a: DWAYNE|Iron Defense|p1a: DWAYNE\n|-boost|p1a: DWAYNE|def|0\n|cant|p2a: Corviknight|par\n|\n|upkeep\n|turn|35\n|\n|t:|1701145268\n|move|p1a: DWAYNE|Iron Defense|p1a: DWAYNE\n|-boost|p1a: DWAYNE|def|0\n|move|p2a: Corviknight|Iron Defense|p2a: Corviknight\n|-boost|p2a: Corviknight|def|0\n|\n|upkeep\n|turn|36\n|\n|t:|1701145270\n|move|p1a: DWAYNE|Salt Cure|p2a: Corviknight\n|-damage|p2a: Corviknight|82\/100 par\n|move|p2a: Corviknight|Iron Defense|p2a: Corviknight\n|-boost|p2a: Corviknight|def|0\n|\n|upkeep\n|turn|37\n|\n|t:|1701145273\n|move|p1a: DWAYNE|Body Press|p2a: Corviknight\n|-damage|p2a: Corviknight|69\/100 par\n|move|p2a: Corviknight|Iron Defense|p2a: Corviknight\n|-boost|p2a: Corviknight|def|0\n|\n|upkeep\n|turn|38\n|\n|t:|1701145275\n|move|p1a: DWAYNE|Iron Defense|p1a: DWAYNE\n|-boost|p1a: DWAYNE|def|0\n|cant|p2a: Corviknight|par\n|\n|upkeep\n|turn|39\n|\n|t:|1701145280\n|switch|p1a: Tapu Koko|Tapu Koko|88\/100\n|-damage|p1a: Tapu Koko|76\/100|[from] Stealth Rock\n|-fieldstart|move: Electric Terrain|[from] ability: Electric Surge|[of] p1a: Tapu Koko\n|move|p2a: Corviknight|Iron Defense|p2a: Corviknight\n|-boost|p2a: Corviknight|def|0\n|\n|upkeep\n|turn|40\n|\n|t:|1701145289\n|switch|p2a: Clodsire|Clodsire, M|97\/100\n|-damage|p2a: Clodsire|91\/100|[from] Stealth Rock\n|move|p1a: Tapu Koko|Thunderbolt|p2a: Clodsire\n|-immune|p2a: Clodsire\n|\n|-heal|p2a: Clodsire|97\/100|[from] item: Leftovers\n|upkeep\n|turn|41\n|\n|t:|1701145293\n|move|p1a: Tapu Koko|U-turn|p2a: Clodsire\n|-resisted|p2a: Clodsire\n|-crit|p2a: Clodsire\n|-damage|p2a: Clodsire|84\/100\n|\n|t:|1701145296\n|switch|p1a: DWAYNE|Garganacl, F, tera:Water|100\/100|[from] U-turn\n|-damage|p1a: DWAYNE|88\/100|[from] Stealth Rock\n|move|p2a: Clodsire|Earthquake|p1a: DWAYNE\n|-damage|p1a: DWAYNE|71\/100\n|\n|-heal|p1a: DWAYNE|78\/100|[from] item: Leftovers\n|-heal|p2a: Clodsire|90\/100|[from] item: Leftovers\n|upkeep\n|turn|42\n|\n|t:|1701145301\n|switch|p2a: Corviknight|Corviknight, F|69\/100 par\n|-damage|p2a: Corviknight|57\/100 par|[from] Stealth Rock\n|-ability|p2a: Corviknight|Pressure\n|move|p1a: DWAYNE|Iron Defense|p1a: DWAYNE\n|-boost|p1a: DWAYNE|def|2\n|\n|-heal|p1a: DWAYNE|84\/100|[from] item: Leftovers\n|upkeep\n|turn|43\n|\n|t:|1701145311\n|move|p1a: DWAYNE|Body Press|p2a: Corviknight\n|-damage|p2a: Corviknight|29\/100 par\n|cant|p2a: Corviknight|par\n|\n|-heal|p1a: DWAYNE|90\/100|[from] item: Leftovers\n|upkeep\n|turn|44\n|\n|t:|1701145316\n|move|p1a: DWAYNE|Body Press|p2a: Corviknight\n|-damage|p2a: Corviknight|0 fnt\n|faint|p2a: Corviknight\n|\n|-heal|p1a: DWAYNE|96\/100|[from] item: Leftovers\n|upkeep\n|\n|t:|1701145323\n|switch|p2a: Banette|Banette-Mega, M|88\/100\n|-damage|p2a: Banette|76\/100|[from] Stealth Rock\n|turn|45\n|\n|t:|1701145327\n|move|p2a: Banette|Encore|p1a: DWAYNE\n|-start|p1a: DWAYNE|Encore\n|move|p1a: DWAYNE|Body Press|p2a: Banette\n|-immune|p2a: Banette\n|\n|-heal|p1a: DWAYNE|100\/100|[from] item: Leftovers\n|upkeep\n|turn|46\n|\n|t:|1701145336\n|move|p2a: Banette|Poltergeist|p1a: DWAYNE|[miss]\n|-miss|p2a: Banette|p1a: DWAYNE\n|move|p1a: DWAYNE|Body Press|p2a: Banette\n|-immune|p2a: Banette\n|\n|-fieldend|move: Electric Terrain\n|upkeep\n|turn|47\n|\n|t:|1701145345\n|move|p2a: Banette|Pursuit|p1a: DWAYNE\n|-damage|p1a: DWAYNE|94\/100\n|move|p1a: DWAYNE|Body Press|p2a: Banette\n|-immune|p2a: Banette\n|\n|-heal|p1a: DWAYNE|99\/100|[from] item: Leftovers\n|-end|p1a: DWAYNE|Encore\n|upkeep\n|turn|48\n|\n|t:|1701145347\n|move|p2a: Banette|Encore|p1a: DWAYNE\n|-start|p1a: DWAYNE|Encore\n|move|p1a: DWAYNE|Body Press|p2a: Banette\n|-immune|p2a: Banette\n|\n|-heal|p1a: DWAYNE|100\/100|[from] item: Leftovers\n|upkeep\n|turn|49\n|\n|t:|1701145356\n|switch|p2a: Ogerpon|Ogerpon, F|100\/100 par\n|move|p1a: DWAYNE|Body Press|p2a: Ogerpon\n|-damage|p2a: Ogerpon|41\/100 par\n|\n|upkeep\n|turn|50\n|\n|t:|1701145363\n|move|p2a: Ogerpon|Ivy Cudgel|p1a: DWAYNE\n|-supereffective|p1a: DWAYNE\n|-damage|p1a: DWAYNE|66\/100\n|move|p1a: DWAYNE|Body Press|p2a: Ogerpon\n|-damage|p2a: Ogerpon|0 fnt\n|faint|p2a: Ogerpon\n|\n|-heal|p1a: DWAYNE|72\/100|[from] item: Leftovers\n|-end|p1a: DWAYNE|Encore\n|upkeep\n|\n|t:|1701145371\n|switch|p2a: Banette|Banette-Mega, M|76\/100\n|-damage|p2a: Banette|64\/100|[from] Stealth Rock\n|turn|51\n|\n|t:|1701145377\n|move|p2a: Banette|Encore||[still]\n|-fail|p2a: Banette\n|move|p1a: DWAYNE|Salt Cure|p2a: Banette\n|-damage|p2a: Banette|44\/100\n|-start|p2a: Banette|Salt Cure\n|\n|-heal|p1a: DWAYNE|79\/100|[from] item: Leftovers\n|-damage|p2a: Banette|32\/100|[from] Salt Cure\n|upkeep\n|turn|52\n|\n|t:|1701145386\n|switch|p2a: Clodsire|Clodsire, M|90\/100\n|-damage|p2a: Clodsire|84\/100|[from] Stealth Rock\n|move|p1a: DWAYNE|Iron Defense|p1a: DWAYNE\n|-boost|p1a: DWAYNE|def|2\n|\n|-heal|p1a: DWAYNE|85\/100|[from] item: Leftovers\n|-heal|p2a: Clodsire|90\/100|[from] item: Leftovers\n|upkeep\n|turn|53\n|\n|t:|1701145394\n|move|p1a: DWAYNE|Salt Cure|p2a: Clodsire\n|-resisted|p2a: Clodsire\n|-damage|p2a: Clodsire|83\/100\n|-start|p2a: Clodsire|Salt Cure\n|move|p2a: Clodsire|Earthquake|p1a: DWAYNE\n|-damage|p1a: DWAYNE|79\/100\n|\n|-heal|p1a: DWAYNE|85\/100|[from] item: Leftovers\n|-heal|p2a: Clodsire|89\/100|[from] item: Leftovers\n|-damage|p2a: Clodsire|77\/100|[from] Salt Cure\n|upkeep\n|turn|54\n|\n|t:|1701145400\n|switch|p2a: Tapu Fini|Tapu Fini|89\/100\n|-damage|p2a: Tapu Fini|76\/100|[from] Stealth Rock\n|-fieldstart|move: Misty Terrain|[from] ability: Misty Surge|[of] p2a: Tapu Fini\n|move|p1a: DWAYNE|Iron Defense|p1a: DWAYNE\n|-boost|p1a: DWAYNE|def|2\n|\n|-heal|p1a: DWAYNE|91\/100|[from] item: Leftovers\n|upkeep\n|turn|55\n|\n|t:|1701145407\n|switch|p2a: Clodsire|Clodsire, M|77\/100\n|-damage|p2a: Clodsire|71\/100|[from] Stealth Rock\n|move|p1a: DWAYNE|Salt Cure|p2a: Clodsire\n|-resisted|p2a: Clodsire\n|-damage|p2a: Clodsire|64\/100\n|-start|p2a: Clodsire|Salt Cure\n|\n|-heal|p1a: DWAYNE|98\/100|[from] item: Leftovers\n|-heal|p2a: Clodsire|70\/100|[from] item: Leftovers\n|-damage|p2a: Clodsire|58\/100|[from] Salt Cure\n|upkeep\n|turn|56\n|\n|t:|1701145414\n|move|p1a: DWAYNE|Iron Defense|p1a: DWAYNE\n|-boost|p1a: DWAYNE|def|0\n|move|p2a: Clodsire|Recover|p2a: Clodsire\n|-heal|p2a: Clodsire|100\/100\n|\n|-heal|p1a: DWAYNE|100\/100|[from] item: Leftovers\n|-damage|p2a: Clodsire|88\/100|[from] Salt Cure\n|upkeep\n|turn|57\n|\n|t:|1701145422\n|switch|p2a: Tapu Fini|Tapu Fini|76\/100\n|-damage|p2a: Tapu Fini|64\/100|[from] Stealth Rock\n|move|p1a: DWAYNE|Salt Cure|p2a: Tapu Fini\n|-damage|p2a: Tapu Fini|55\/100\n|-start|p2a: Tapu Fini|Salt Cure\n|\n|-damage|p2a: Tapu Fini|30\/100|[from] Salt Cure\n|upkeep\n|turn|58\n|\n|t:|1701145426\n|switch|p2a: Clodsire|Clodsire, M|88\/100\n|-damage|p2a: Clodsire|82\/100|[from] Stealth Rock\n|move|p1a: DWAYNE|Salt Cure|p2a: Clodsire\n|-resisted|p2a: Clodsire\n|-damage|p2a: Clodsire|75\/100\n|-start|p2a: Clodsire|Salt Cure\n|\n|-heal|p2a: Clodsire|81\/100|[from] item: Leftovers\n|-damage|p2a: Clodsire|69\/100|[from] Salt Cure\n|-fieldend|Misty Terrain\n|upkeep\n|turn|59\n|\n|t:|1701145431\n|move|p1a: DWAYNE|Iron Defense|p1a: DWAYNE\n|-boost|p1a: DWAYNE|def|0\n|move|p2a: Clodsire|Earthquake|p1a: DWAYNE\n|-damage|p1a: DWAYNE|95\/100\n|\n|-heal|p1a: DWAYNE|100\/100|[from] item: Leftovers\n|-heal|p2a: Clodsire|75\/100|[from] item: Leftovers\n|-damage|p2a: Clodsire|62\/100|[from] Salt Cure\n|upkeep\n|turn|60\n|\n|t:|1701145444\n|move|p1a: DWAYNE|Salt Cure|p2a: Clodsire\n|-resisted|p2a: Clodsire\n|-damage|p2a: Clodsire|56\/100\n|move|p2a: Clodsire|Recover|p2a: Clodsire\n|-heal|p2a: Clodsire|100\/100\n|\n|-damage|p2a: Clodsire|88\/100|[from] Salt Cure\n|upkeep\n|turn|61\n|\n|t:|1701145449\n|switch|p2a: Tapu Fini|Tapu Fini|30\/100\n|-damage|p2a: Tapu Fini|18\/100|[from] Stealth Rock\n|-fieldstart|move: Misty Terrain|[from] ability: Misty Surge|[of] p2a: Tapu Fini\n|move|p1a: DWAYNE|Iron Defense|p1a: DWAYNE\n|-boost|p1a: DWAYNE|def|0\n|\n|upkeep\n|turn|62\n|\n|t:|1701145458\n|switch|p2a: Clodsire|Clodsire, M|88\/100\n|-damage|p2a: Clodsire|82\/100|[from] Stealth Rock\n|move|p1a: DWAYNE|Salt Cure|p2a: Clodsire\n|-resisted|p2a: Clodsire\n|-damage|p2a: Clodsire|75\/100\n|-start|p2a: Clodsire|Salt Cure\n|\n|-heal|p2a: Clodsire|81\/100|[from] item: Leftovers\n|-damage|p2a: Clodsire|69\/100|[from] Salt Cure\n|upkeep\n|turn|63\n|\n|t:|1701145466\n|move|p1a: DWAYNE|Salt Cure|p2a: Clodsire\n|-resisted|p2a: Clodsire\n|-damage|p2a: Clodsire|62\/100\n|move|p2a: Clodsire|Recover|p2a: Clodsire\n|-heal|p2a: Clodsire|100\/100\n|\n|-damage|p2a: Clodsire|88\/100|[from] Salt Cure\n|upkeep\n|turn|64\n|\n|t:|1701145477\n|switch|p2a: Tapu Fini|Tapu Fini|18\/100\n|-damage|p2a: Tapu Fini|5\/100|[from] Stealth Rock\n|move|p1a: DWAYNE|Iron Defense|p1a: DWAYNE\n|-boost|p1a: DWAYNE|def|0\n|\n|upkeep\n|turn|65\n|\n|t:|1701145480\n|move|p2a: Tapu Fini|Defog|p1a: DWAYNE\n|-unboost|p1a: DWAYNE|evasion|1\n|-sideend|p1: Smartjedi|Stealth Rock|[from] move: Defog|[of] p2a: Tapu Fini\n|-sideend|p2: ikun321|Stealth Rock|[from] move: Defog|[of] p2a: Tapu Fini\n|-fieldend|Misty Terrain\n|move|p1a: DWAYNE|Salt Cure|p2a: Tapu Fini\n|-damage|p2a: Tapu Fini|0 fnt\n|faint|p2a: Tapu Fini\n|\n|upkeep\n|\n|t:|1701145488\n|switch|p2a: Clodsire|Clodsire, M|88\/100\n|turn|66\n|\n|t:|1701145492\n|move|p1a: DWAYNE|Iron Defense|p1a: DWAYNE\n|-boost|p1a: DWAYNE|def|0\n|move|p2a: Clodsire|Stealth Rock|p1a: DWAYNE\n|-sidestart|p1: Smartjedi|move: Stealth Rock\n|\n|-heal|p2a: Clodsire|94\/100|[from] item: Leftovers\n|upkeep\n|turn|67\n|\n|t:|1701145496\n|move|p1a: DWAYNE|Iron Defense|p1a: DWAYNE\n|-boost|p1a: DWAYNE|def|0\n|move|p2a: Clodsire|Stealth Rock||[still]\n|-fail|p2a: Clodsire\n|\n|-heal|p2a: Clodsire|99\/100|[from] item: Leftovers\n|upkeep\n|turn|68\n|\n|t:|1701145504\n|switch|p2a: Tyranitar|Tyranitar, F|45\/100\n|-weather|Sandstorm|[from] ability: Sand Stream|[of] p2a: Tyranitar\n|move|p1a: DWAYNE|Iron Defense|p1a: DWAYNE\n|-boost|p1a: DWAYNE|def|0\n|\n|-weather|Sandstorm|[upkeep]\n|-damage|p1a: DWAYNE|94\/100|[from] Sandstorm\n|-heal|p1a: DWAYNE|100\/100|[from] item: Leftovers\n|upkeep\n|turn|69\n|\n|t:|1701145510\n|move|p2a: Tyranitar|Earthquake|p1a: DWAYNE\n|-damage|p1a: DWAYNE|95\/100\n|move|p1a: DWAYNE|Salt Cure|p2a: Tyranitar\n|-damage|p2a: Tyranitar|33\/100\n|-start|p2a: Tyranitar|Salt Cure\n|\n|-weather|Sandstorm|[upkeep]\n|-damage|p1a: DWAYNE|89\/100|[from] Sandstorm\n|-heal|p1a: DWAYNE|95\/100|[from] item: Leftovers\n|-damage|p2a: Tyranitar|20\/100|[from] Salt Cure\n|upkeep\n|turn|70\n|\n|t:|1701145514\n|switch|p2a: Clodsire|Clodsire, M|99\/100\n|move|p1a: DWAYNE|Iron Defense|p1a: DWAYNE\n|-boost|p1a: DWAYNE|def|0\n|\n|-weather|Sandstorm|[upkeep]\n|-damage|p1a: DWAYNE|89\/100|[from] Sandstorm\n|-heal|p1a: DWAYNE|95\/100|[from] item: Leftovers\n|-heal|p2a: Clodsire|100\/100|[from] item: Leftovers\n|upkeep\n|turn|71\n|\n|t:|1701145516\n|move|p1a: DWAYNE|Iron Defense|p1a: DWAYNE\n|-boost|p1a: DWAYNE|def|0\n|move|p2a: Clodsire|Earthquake|p1a: DWAYNE\n|-damage|p1a: DWAYNE|90\/100\n|\n|-weather|Sandstorm|[upkeep]\n|-damage|p1a: DWAYNE|84\/100|[from] Sandstorm\n|-heal|p1a: DWAYNE|90\/100|[from] item: Leftovers\n|upkeep\n|turn|72\n|\n|t:|1701145520\n|move|p1a: DWAYNE|Iron Defense|p1a: DWAYNE\n|-boost|p1a: DWAYNE|def|0\n|move|p2a: Clodsire|Stealth Rock||[still]\n|-fail|p2a: Clodsire\n|\n|-weather|none\n|-heal|p1a: DWAYNE|96\/100|[from] item: Leftovers\n|upkeep\n|turn|73\n|\n|t:|1701145526\n|move|p1a: DWAYNE|Recover|p1a: DWAYNE\n|-heal|p1a: DWAYNE|100\/100\n|move|p2a: Clodsire|Earthquake|p1a: DWAYNE\n|-damage|p1a: DWAYNE|96\/100\n|\n|-heal|p1a: DWAYNE|100\/100|[from] item: Leftovers\n|upkeep\n|turn|74\n|\n|t:|1701145530\n|move|p1a: DWAYNE|Recover||[still]\n|-fail|p1a: DWAYNE|heal\n|move|p2a: Clodsire|Stealth Rock||[still]\n|-fail|p2a: Clodsire\n|\n|upkeep\n|turn|75\n|\n|t:|1701145532\n|move|p1a: DWAYNE|Recover||[still]\n|-fail|p1a: DWAYNE|heal\n|move|p2a: Clodsire|Earthquake|p1a: DWAYNE\n|-damage|p1a: DWAYNE|96\/100\n|\n|-heal|p1a: DWAYNE|100\/100|[from] item: Leftovers\n|upkeep\n|turn|76\n|\n|t:|1701145535\n|move|p1a: DWAYNE|Recover||[still]\n|-fail|p1a: DWAYNE|heal\n|move|p2a: Clodsire|Earthquake|p1a: DWAYNE\n|-damage|p1a: DWAYNE|96\/100\n|\n|-heal|p1a: DWAYNE|100\/100|[from] item: Leftovers\n|upkeep\n|turn|77\n|\n|t:|1701145537\n|move|p1a: DWAYNE|Recover||[still]\n|-fail|p1a: DWAYNE|heal\n|move|p2a: Clodsire|Stealth Rock||[still]\n|-fail|p2a: Clodsire\n|\n|upkeep\n|turn|78\n|\n|t:|1701145540\n|move|p1a: DWAYNE|Recover||[still]\n|-fail|p1a: DWAYNE|heal\n|move|p2a: Clodsire|Stealth Rock||[still]\n|-fail|p2a: Clodsire\n|\n|upkeep\n|turn|79\n|\n|t:|1701145542\n|move|p1a: DWAYNE|Recover||[still]\n|-fail|p1a: DWAYNE|heal\n|move|p2a: Clodsire|Earthquake|p1a: DWAYNE\n|-damage|p1a: DWAYNE|96\/100\n|\n|-heal|p1a: DWAYNE|100\/100|[from] item: Leftovers\n|upkeep\n|turn|80\n|\n|t:|1701145545\n|move|p1a: DWAYNE|Recover||[still]\n|-fail|p1a: DWAYNE|heal\n|move|p2a: Clodsire|Earthquake|p1a: DWAYNE\n|-damage|p1a: DWAYNE|96\/100\n|\n|-heal|p1a: DWAYNE|100\/100|[from] item: Leftovers\n|upkeep\n|turn|81\n|\n|t:|1701145549\n|-activate|p1a: DWAYNE|move: Struggle\n|move|p1a: DWAYNE|Struggle|p2a: Clodsire\n|-damage|p2a: Clodsire|90\/100\n|-damage|p1a: DWAYNE|75\/100|[from] recoil\n|move|p2a: Clodsire|Stealth Rock||[still]\n|-fail|p2a: Clodsire\n|\n|-heal|p1a: DWAYNE|82\/100|[from] item: Leftovers\n|-heal|p2a: Clodsire|96\/100|[from] item: Leftovers\n|upkeep\n|turn|82\n|\n|t:|1701145554\n|-activate|p1a: DWAYNE|move: Struggle\n|move|p1a: DWAYNE|Struggle|p2a: Clodsire\n|-damage|p2a: Clodsire|85\/100\n|-damage|p1a: DWAYNE|57\/100|[from] recoil\n|move|p2a: Clodsire|Stealth Rock||[still]\n|-fail|p2a: Clodsire\n|\n|-heal|p1a: DWAYNE|63\/100|[from] item: Leftovers\n|-heal|p2a: Clodsire|91\/100|[from] item: Leftovers\n|upkeep\n|turn|83\n|\n|t:|1701145556\n|-activate|p1a: DWAYNE|move: Struggle\n|move|p1a: DWAYNE|Struggle|p2a: Clodsire\n|-damage|p2a: Clodsire|79\/100\n|-damage|p1a: DWAYNE|38\/100|[from] recoil\n|move|p2a: Clodsire|Stealth Rock||[still]\n|-fail|p2a: Clodsire\n|\n|-heal|p1a: DWAYNE|44\/100|[from] item: Leftovers\n|-heal|p2a: Clodsire|85\/100|[from] item: Leftovers\n|upkeep\n|turn|84\n|\n|t:|1701145558\n|-activate|p1a: DWAYNE|move: Struggle\n|move|p1a: DWAYNE|Struggle|p2a: Clodsire\n|-damage|p2a: Clodsire|74\/100\n|-damage|p1a: DWAYNE|19\/100|[from] recoil\n|move|p2a: Clodsire|Stealth Rock||[still]\n|-fail|p2a: Clodsire\n|\n|-heal|p1a: DWAYNE|25\/100|[from] item: Leftovers\n|-heal|p2a: Clodsire|80\/100|[from] item: Leftovers\n|upkeep\n|turn|85\n|\n|t:|1701145561\n|-activate|p1a: DWAYNE|move: Struggle\n|move|p1a: DWAYNE|Struggle|p2a: Clodsire\n|-damage|p2a: Clodsire|69\/100\n|-damage|p1a: DWAYNE|0 fnt|[from] recoil\n|faint|p1a: DWAYNE\n|move|p2a: Clodsire|Stealth Rock||[still]\n|-fail|p2a: Clodsire\n|\n|-heal|p2a: Clodsire|75\/100|[from] item: Leftovers\n|upkeep\n|\n|t:|1701145565\n|switch|p1a: Iron Moth|Iron Moth|100\/100\n|turn|86\n|\n|t:|1701145568\n|move|p1a: Iron Moth|Energy Ball|p2a: Clodsire\n|-damage|p2a: Clodsire|59\/100\n|-unboost|p2a: Clodsire|spd|1\n|move|p2a: Clodsire|Earthquake|p1a: Iron Moth\n|-supereffective|p1a: Iron Moth\n|-damage|p1a: Iron Moth|0 fnt\n|faint|p1a: Iron Moth\n|-end|p1a: Iron Moth|Quark Drive|[silent]\n|\n|-heal|p2a: Clodsire|65\/100|[from] item: Leftovers\n|upkeep\n|\n|t:|1701145573\n|switch|p1a: Tapu Koko|Tapu Koko|76\/100\n|-damage|p1a: Tapu Koko|63\/100|[from] Stealth Rock\n|-fieldstart|move: Electric Terrain|[from] ability: Electric Surge|[of] p1a: Tapu Koko\n|turn|87\n|\n|t:|1701145577\n|move|p1a: Tapu Koko|Hidden Power|p2a: Clodsire\n|-supereffective|p2a: Clodsire\n|-damage|p2a: Clodsire|39\/100\n|move|p2a: Clodsire|Recover|p2a: Clodsire\n|-heal|p2a: Clodsire|89\/100\n|\n|-heal|p2a: Clodsire|95\/100|[from] item: Leftovers\n|upkeep\n|turn|88\n|\n|t:|1701145581\n|move|p1a: Tapu Koko|Hidden Power|p2a: Clodsire\n|-supereffective|p2a: Clodsire\n|-damage|p2a: Clodsire|66\/100\n|move|p2a: Clodsire|Earthquake|p1a: Tapu Koko\n|-supereffective|p1a: Tapu Koko\n|-damage|p1a: Tapu Koko|0 fnt\n|faint|p1a: Tapu Koko\n|\n|-heal|p2a: Clodsire|72\/100|[from] item: Leftovers\n|upkeep\n|\n|t:|1701145584\n|switch|p1a: Sneasler|Sneasler, M|100\/100\n|-damage|p1a: Sneasler|95\/100|[from] Stealth Rock\n|-enditem|p1a: Sneasler|Electric Seed\n|-boost|p1a: Sneasler|def|1|[from] item: Electric Seed\n|turn|89\n|\n|t:|1701145590\n|switch|p2a: Tyranitar|Tyranitar, F|20\/100\n|-weather|Sandstorm|[from] ability: Sand Stream|[of] p2a: Tyranitar\n|move|p1a: Sneasler|Dire Claw|p2a: Tyranitar\n|-resisted|p2a: Tyranitar\n|-damage|p2a: Tyranitar|0 fnt\n|faint|p2a: Tyranitar\n|\n|-weather|Sandstorm|[upkeep]\n|-damage|p1a: Sneasler|89\/100|[from] Sandstorm\n|upkeep\n|\n|t:|1701145592\n|switch|p2a: Banette|Banette-Mega, M|32\/100\n|turn|90\n|\n|t:|1701145594\n|move|p2a: Banette|Destiny Bond|p2a: Banette\n|-singlemove|p2a: Banette|Destiny Bond\n|move|p1a: Sneasler|Dire Claw|p2a: Banette\n|-resisted|p2a: Banette\n|-damage|p2a: Banette|0 fnt\n|faint|p2a: Banette\n|-activate|p2a: Banette|move: Destiny Bond\n|faint|p1a: Sneasler\n|\n|win|ikun321\n|raw|Smartjedi's rating: 1493 &rarr; <strong>1473<\/strong><br \/>(-20 for losing)\n|raw|ikun321's rating: 1495 &rarr; <strong>1515<\/strong><br \/>(+20 for winning)\n|l|\u2606Smartjedi\n","uploadtime":1701145604,"views":8,"p1id":"smartjedi","p2id":"ikun321","formatid":"gen9nationaldex","rating":1473,"private":0,"password":""}