{"id":"gen9nationaldex-1996149300","p1":"batmanga","p2":"Siddharth42c","format":"[Gen 9] National Dex","log":"|html|<div class=\"broadcast-blue\"><strong>[Gen 9] National Dex is currently suspecting Sneasler! For information on how to participate check out the <a href=\"https:\/\/www.smogon.com\/forums\/threads\/sv-national-dex-suspect-8-just-dance.3731534\/\">suspect thread<\/a>.<\/strong><\/div>\n|j|\u2606batmanga\n|j|\u2606Siddharth42c\n|t:|1700651519\n|gametype|singles\n|player|p1|batmanga|riley|1435\n|player|p2|Siddharth42c|red-gen1main|1483\n|teamsize|p1|6\n|teamsize|p2|6\n|gen|9\n|tier|[Gen 9] National Dex\n|rated|\n|rule|HP Percentage Mod: HP is shown in percentages\n|rule|Endless Battle Clause: Forcing endless battles is banned\n|rule|OHKO Clause: OHKO moves are banned\n|rule|Evasion Clause: Evasion abilities, items, and moves are banned\n|rule|Evasion Abilities Clause: Evasion abilities are banned\n|rule|Evasion Items Clause: Evasion items are banned\n|rule|Evasion Moves Clause: Evasion moves are banned\n|rule|Species Clause: Limit one of each Pok\u00e9mon\n|rule|Sleep Clause Mod: Limit one foe put to sleep\n|clearpoke\n|poke|p1|Slowking, F|\n|poke|p1|Zamazenta-*|\n|poke|p1|Raticate, M|\n|poke|p1|Skeledirge, M|\n|poke|p1|Arctozolt|\n|poke|p1|Abomasnow, M|\n|poke|p2|Pelipper, M|\n|poke|p2|Zapdos|\n|poke|p2|Basculegion-F, F|\n|poke|p2|Ferrothorn, F|\n|poke|p2|Barraskewda, M|\n|poke|p2|Swampert, F|\n|teampreview\n|inactive|Battle timer is ON: inactive players will automatically lose when time's up. (requested by Siddharth42c)\n|\n|t:|1700651525\n|start\n|switch|p1a: Pearl.|Slowking, F|100\/100\n|switch|p2a: pahahaha|Pelipper, M|100\/100\n|-weather|RainDance|[from] ability: Drizzle|[of] p2a: pahahaha\n|turn|1\n|\n|t:|1700651537\n|move|p2a: pahahaha|U-turn|p1a: Pearl.\n|-supereffective|p1a: Pearl.\n|-damage|p1a: Pearl.|82\/100\n|\n|t:|1700651542\n|switch|p2a: spooked|Ferrothorn, F|100\/100|[from] U-turn\n|move|p1a: Pearl.|Future Sight|p2a: spooked\n|-start|p1a: Pearl.|move: Future Sight\n|\n|-weather|RainDance|[upkeep]\n|upkeep\n|turn|2\n|\n|t:|1700651551\n|move|p2a: spooked|Leech Seed|p1a: Pearl.\n|-start|p1a: Pearl.|move: Leech Seed\n|move|p1a: Pearl.|Chilly Reception|p1a: Pearl.\n|-weather|Snow\n|\n|t:|1700651556\n|switch|p1a: Vallar.|Zamazenta|100\/100|[from] Chilly Reception\n|-ability|p1a: Vallar.|Dauntless Shield|boost\n|-boost|p1a: Vallar.|def|1\n|\n|-weather|Snow|[upkeep]\n|upkeep\n|turn|3\n|\n|t:|1700651568\n|switch|p2a: ziggy|Zapdos|100\/100\n|move|p1a: Vallar.|Close Combat|p2a: ziggy\n|-resisted|p2a: ziggy\n|-damage|p2a: ziggy|49\/100\n|-unboost|p1a: Vallar.|def|1\n|-unboost|p1a: Vallar.|spd|1\n|\n|-weather|Snow|[upkeep]\n|-end|p2a: ziggy|move: Future Sight\n|-damage|p2a: ziggy|0 fnt\n|faint|p2a: ziggy\n|upkeep\n|\n|t:|1700651575\n|switch|p2a: pahahaha|Pelipper, M|100\/100\n|-weather|RainDance|[from] ability: Drizzle|[of] p2a: pahahaha\n|turn|4\n|\n|t:|1700651585\n|switch|p1a: RATKING.|Raticate, M, shiny|100\/100\n|move|p2a: pahahaha|U-turn|p1a: RATKING.\n|-damage|p1a: RATKING.|83\/100\n|\n|t:|1700651588\n|switch|p2a: sluggy|Basculegion-F, F|100\/100|[from] U-turn\n|\n|-weather|RainDance|[upkeep]\n|-status|p1a: RATKING.|brn|[from] item: Flame Orb\n|upkeep\n|turn|5\n|\n|t:|1700651596\n|-terastallize|p2a: sluggy|Water\n|move|p1a: RATKING.|Sucker Punch|p2a: sluggy\n|-damage|p2a: sluggy|68\/100\n|move|p2a: sluggy|Surf|p1a: RATKING.\n|-damage|p1a: RATKING.|0 fnt\n|faint|p1a: RATKING.\n|\n|-weather|RainDance|[upkeep]\n|upkeep\n|\n|t:|1700651604\n|switch|p1a: Willump.|Abomasnow, M, shiny|100\/100\n|-weather|Snow|[from] ability: Snow Warning|[of] p1a: Willump.\n|turn|6\n|\n|t:|1700651608\n|detailschange|p1a: Willump.|Abomasnow-Mega, M, shiny\n|-mega|p1a: Willump.|Abomasnow|Abomasite\n|move|p2a: sluggy|Surf|p1a: Willump.\n|-resisted|p1a: Willump.\n|-damage|p1a: Willump.|62\/100\n|move|p1a: Willump.|Blizzard|p2a: sluggy\n|-resisted|p2a: sluggy\n|-damage|p2a: sluggy|39\/100\n|\n|-weather|Snow|[upkeep]\n|upkeep\n|turn|7\n|\n|t:|1700651617\n|switch|p2a: pahahaha|Pelipper, M|100\/100\n|-weather|RainDance|[from] ability: Drizzle|[of] p2a: pahahaha\n|move|p1a: Willump.|Giga Drain|p2a: pahahaha\n|-damage|p2a: pahahaha|57\/100\n|-heal|p1a: Willump.|82\/100|[from] drain|[of] p2a: pahahaha\n|\n|-weather|RainDance|[upkeep]\n|upkeep\n|turn|8\n|\n|t:|1700651644\n|move|p2a: pahahaha|Roost|p2a: pahahaha\n|-heal|p2a: pahahaha|100\/100\n|-singleturn|p2a: pahahaha|move: Roost\n|move|p1a: Willump.|Giga Drain|p2a: pahahaha\n|-supereffective|p2a: pahahaha\n|-damage|p2a: pahahaha|9\/100\n|-heal|p1a: Willump.|100\/100|[from] drain|[of] p2a: pahahaha\n|\n|-weather|RainDance|[upkeep]\n|upkeep\n|turn|9\n|\n|t:|1700651654\n|switch|p2a: spooked|Ferrothorn, F|100\/100\n|switch|p1a: Pearl.|Slowking, F|100\/100\n|\n|-weather|RainDance|[upkeep]\n|upkeep\n|turn|10\n|\n|t:|1700651661\n|move|p2a: spooked|Spikes|p1a: Pearl.\n|-sidestart|p1: batmanga|Spikes\n|move|p1a: Pearl.|Chilly Reception|p1a: Pearl.\n|-weather|Snow\n|\n|t:|1700651664\n|switch|p1a: Vallar.|Zamazenta|100\/100|[from] Chilly Reception\n|-damage|p1a: Vallar.|88\/100|[from] Spikes\n|\n|-weather|Snow|[upkeep]\n|upkeep\n|turn|11\n|\n|t:|1700651668\n|-terastallize|p1a: Vallar.|Fighting\n|move|p1a: Vallar.|Close Combat|p2a: spooked\n|-supereffective|p2a: spooked\n|-damage|p2a: spooked|0 fnt\n|-unboost|p1a: Vallar.|def|1\n|-unboost|p1a: Vallar.|spd|1\n|-damage|p1a: Vallar.|76\/100|[from] ability: Iron Barbs|[of] p2a: spooked\n|-damage|p1a: Vallar.|59\/100|[from] item: Rocky Helmet|[of] p2a: spooked\n|faint|p2a: spooked\n|\n|-weather|Snow|[upkeep]\n|upkeep\n|\n|t:|1700651673\n|switch|p2a: pahahaha|Pelipper, M|9\/100\n|-weather|RainDance|[from] ability: Drizzle|[of] p2a: pahahaha\n|turn|12\n|\n|t:|1700651675\n|move|p1a: Vallar.|Close Combat|p2a: pahahaha\n|-resisted|p2a: pahahaha\n|-damage|p2a: pahahaha|0 fnt\n|-unboost|p1a: Vallar.|def|1\n|-unboost|p1a: Vallar.|spd|1\n|faint|p2a: pahahaha\n|\n|-weather|RainDance|[upkeep]\n|upkeep\n|\n|t:|1700651684\n|switch|p2a: sluggy|Basculegion-F, F, tera:Water|39\/100\n|turn|13\n|\n|t:|1700651688\n|switch|p1a: Willump.|Abomasnow-Mega, M, shiny|100\/100\n|-damage|p1a: Willump.|88\/100|[from] Spikes\n|-weather|Snow|[from] ability: Snow Warning|[of] p1a: Willump.\n|move|p2a: sluggy|Surf|p1a: Willump.\n|-resisted|p1a: Willump.\n|-damage|p1a: Willump.|55\/100\n|\n|-weather|Snow|[upkeep]\n|upkeep\n|turn|14\n|\n|t:|1700651691\n|move|p2a: sluggy|Surf|p1a: Willump.\n|-resisted|p1a: Willump.\n|-damage|p1a: Willump.|20\/100\n|move|p1a: Willump.|Giga Drain|p2a: sluggy\n|-supereffective|p2a: sluggy\n|-damage|p2a: sluggy|0 fnt\n|-heal|p1a: Willump.|40\/100|[from] drain|[of] p2a: sluggy\n|faint|p2a: sluggy\n|\n|-weather|Snow|[upkeep]\n|upkeep\n|\n|t:|1700651696\n|switch|p2a: Barraskewda|Barraskewda, M|100\/100\n|turn|15\n|\n|t:|1700651702\n|move|p2a: Barraskewda|Close Combat|p1a: Willump.\n|-supereffective|p1a: Willump.\n|-damage|p1a: Willump.|0 fnt\n|-unboost|p2a: Barraskewda|def|1\n|-unboost|p2a: Barraskewda|spd|1\n|faint|p1a: Willump.\n|\n|-weather|Snow|[upkeep]\n|upkeep\n|\n|t:|1700651706\n|switch|p1a: Blueberry.|Arctozolt|100\/100\n|turn|16\n|\n|t:|1700651710\n|switch|p2a: Swampert|Swampert, F|100\/100\n|move|p1a: Blueberry.|Substitute|p1a: Blueberry.\n|-start|p1a: Blueberry.|Substitute\n|-damage|p1a: Blueberry.|76\/100\n|\n|-weather|Snow|[upkeep]\n|upkeep\n|turn|17\n|\n|t:|1700651716\n|detailschange|p2a: Swampert|Swampert-Mega, F\n|-mega|p2a: Swampert|Swampert|Swampertite\n|move|p1a: Blueberry.|Blizzard|p2a: Swampert\n|-damage|p2a: Swampert|67\/100\n|move|p2a: Swampert|Liquidation|p1a: Blueberry.\n|-end|p1a: Blueberry.|Substitute\n|\n|-weather|none\n|upkeep\n|turn|18\n|\n|t:|1700651728\n|switch|p1a: Pearl.|Slowking, F|100\/100\n|-damage|p1a: Pearl.|88\/100|[from] Spikes\n|move|p2a: Swampert|Earthquake|p1a: Pearl.\n|-damage|p1a: Pearl.|21\/100\n|\n|upkeep\n|turn|19\n|\n|t:|1700651748\n|switch|p1a: Blueberry.|Arctozolt|76\/100\n|move|p2a: Swampert|Earthquake|p1a: Blueberry.\n|-supereffective|p1a: Blueberry.\n|-damage|p1a: Blueberry.|0 fnt\n|faint|p1a: Blueberry.\n|\n|upkeep\n|\n|t:|1700651751\n|switch|p1a: Vallar.|Zamazenta, tera:Fighting|59\/100\n|-damage|p1a: Vallar.|47\/100|[from] Spikes\n|turn|20\n|\n|t:|1700651755\n|move|p1a: Vallar.|Close Combat|p2a: Swampert\n|-damage|p2a: Swampert|0 fnt\n|-unboost|p1a: Vallar.|def|1\n|-unboost|p1a: Vallar.|spd|1\n|faint|p2a: Swampert\n|\n|upkeep\n|\n|t:|1700651760\n|switch|p2a: Barraskewda|Barraskewda, M|100\/100\n|turn|21\n|\n|t:|1700651763\n|move|p1a: Vallar.|Close Combat|p2a: Barraskewda\n|-damage|p2a: Barraskewda|0 fnt\n|-unboost|p1a: Vallar.|def|1\n|-unboost|p1a: Vallar.|spd|1\n|faint|p2a: Barraskewda\n|\n|win|batmanga\n|raw|batmanga's rating: 1435 &rarr; <strong>1458<\/strong><br \/>(+23 for winning)\n|raw|Siddharth42c's rating: 1483 &rarr; <strong>1460<\/strong><br \/>(-23 for losing)\n|l|\u2606Siddharth42c\n","uploadtime":1700651772,"views":5,"p1id":"batmanga","p2id":"siddharth42c","formatid":"gen9nationaldex","rating":1458,"private":0,"password":""}