{"id":"gen9nationaldex-1998650587","p1":"Amie-ao","p2":"baigu2","format":"[Gen 9] National Dex","log":"|html|<div class=\"broadcast-blue\"><strong>[Gen 9] National Dex is currently suspecting Sneasler! For information on how to participate check out the <a href=\"https:\/\/www.smogon.com\/forums\/threads\/sv-national-dex-suspect-8-just-dance.3731534\/\">suspect thread<\/a>.<\/strong><\/div>\n|j|\u2606Amie-ao\n|j|\u2606baigu2\n|t:|1700967663\n|gametype|singles\n|player|p1|Amie-ao|caitlin|1648\n|player|p2|baigu2|170|1749\n|teamsize|p1|6\n|teamsize|p2|6\n|gen|9\n|tier|[Gen 9] National Dex\n|rated|\n|rule|HP Percentage Mod: HP is shown in percentages\n|rule|Endless Battle Clause: Forcing endless battles is banned\n|rule|OHKO Clause: OHKO moves are banned\n|rule|Evasion Clause: Evasion abilities, items, and moves are banned\n|rule|Evasion Abilities Clause: Evasion abilities are banned\n|rule|Evasion Items Clause: Evasion items are banned\n|rule|Evasion Moves Clause: Evasion moves are banned\n|rule|Species Clause: Limit one of each Pok\u00e9mon\n|rule|Sleep Clause Mod: Limit one foe put to sleep\n|clearpoke\n|poke|p1|Scizor, M|\n|poke|p1|Tapu Koko|\n|poke|p1|Hoopa-Unbound|\n|poke|p1|Heatran, M|\n|poke|p1|Gliscor, M|\n|poke|p1|Clodsire, M|\n|poke|p2|Ursaluna, F|\n|poke|p2|Slowking, M|\n|poke|p2|Corviknight, F|\n|poke|p2|Hoopa-Unbound|\n|poke|p2|Dragonite, F|\n|poke|p2|Tapu Koko|\n|teampreview\n|inactive|Battle timer is ON: inactive players will automatically lose when time's up. (requested by Amie-ao)\n|\n|t:|1700967679\n|start\n|switch|p1a: Scizor|Scizor, M|100\/100\n|switch|p2a: Tapu Koko|Tapu Koko|100\/100\n|-fieldstart|move: Electric Terrain|[from] ability: Electric Surge|[of] p2a: Tapu Koko\n|turn|1\n|\n|t:|1700967684\n|detailschange|p1a: Scizor|Scizor-Mega, M\n|-mega|p1a: Scizor|Scizor|Scizorite\n|move|p2a: Tapu Koko|U-turn|p1a: Scizor\n|-resisted|p1a: Scizor\n|-damage|p1a: Scizor|95\/100\n|\n|t:|1700967690\n|switch|p2a: Corviknight|Corviknight, F|100\/100|[from] U-turn\n|-ability|p2a: Corviknight|Pressure\n|move|p1a: Scizor|Knock Off|p2a: Corviknight\n|-damage|p2a: Corviknight|81\/100\n|-damage|p1a: Scizor|79\/100|[from] item: Rocky Helmet|[of] p2a: Corviknight\n|-enditem|p2a: Corviknight|Rocky Helmet|[from] move: Knock Off|[of] p1a: Scizor\n|\n|upkeep\n|turn|2\n|\n|t:|1700967697\n|move|p1a: Scizor|U-turn|p2a: Corviknight\n|-resisted|p2a: Corviknight\n|-damage|p2a: Corviknight|75\/100\n|\n|t:|1700967699\n|switch|p1a: Gliscor|Gliscor, M|100\/100|[from] U-turn\n|move|p2a: Corviknight|U-turn|p1a: Gliscor\n|-resisted|p1a: Gliscor\n|-damage|p1a: Gliscor|96\/100\n|\n|t:|1700967705\n|switch|p2a: \u718a\u5927|Ursaluna, F|100\/100|[from] U-turn\n|\n|-status|p1a: Gliscor|tox|[from] item: Toxic Orb\n|-status|p2a: \u718a\u5927|brn|[from] item: Flame Orb\n|upkeep\n|turn|3\n|\n|t:|1700967732\n|switch|p1a: Heatran|Heatran, M|100\/100\n|-terastallize|p2a: \u718a\u5927|Normal\n|move|p2a: \u718a\u5927|Facade|p1a: Heatran\n|-resisted|p1a: Heatran\n|-damage|p1a: Heatran|30\/100\n|\n|-heal|p1a: Heatran|36\/100|[from] item: Leftovers\n|-damage|p2a: \u718a\u5927|94\/100 brn|[from] brn\n|upkeep\n|turn|4\n|\n|t:|1700967736\n|move|p1a: Heatran|Protect|p1a: Heatran\n|-singleturn|p1a: Heatran|Protect\n|move|p2a: \u718a\u5927|Facade|p1a: Heatran\n|-activate|p1a: Heatran|move: Protect\n|\n|-heal|p1a: Heatran|42\/100|[from] item: Leftovers\n|-damage|p2a: \u718a\u5927|88\/100 brn|[from] brn\n|upkeep\n|turn|5\n|\n|t:|1700967745\n|switch|p2a: Slowking|Slowking, M|100\/100\n|move|p1a: Heatran|Magma Storm|p2a: Slowking|[miss]\n|-miss|p1a: Heatran|p2a: Slowking\n|\n|-heal|p1a: Heatran|48\/100|[from] item: Leftovers\n|-fieldend|move: Electric Terrain\n|upkeep\n|turn|6\n|\n|t:|1700967750\n|switch|p1a: Clodsire|Clodsire, M|100\/100\n|move|p2a: Slowking|Trick Room|p2a: Slowking\n|-fieldstart|move: Trick Room|[of] p2a: Slowking\n|\n|upkeep\n|turn|7\n|\n|t:|1700967758\n|switch|p2a: \u718a\u5927|Ursaluna, F, tera:Normal|88\/100 brn\n|move|p1a: Clodsire|Stealth Rock|p2a: \u718a\u5927\n|-sidestart|p2: baigu2|move: Stealth Rock\n|\n|-damage|p2a: \u718a\u5927|82\/100 brn|[from] brn\n|upkeep\n|turn|8\n|\n|t:|1700967778\n|switch|p1a: Scizor|Scizor-Mega, M|79\/100\n|move|p2a: \u718a\u5927|Facade|p1a: Scizor\n|-resisted|p1a: Scizor\n|-damage|p1a: Scizor|25\/100\n|\n|-damage|p2a: \u718a\u5927|76\/100 brn|[from] brn\n|upkeep\n|turn|9\n|\n|t:|1700967781\n|move|p1a: Scizor|Bullet Punch|p2a: \u718a\u5927\n|-damage|p2a: \u718a\u5927|52\/100 brn\n|move|p2a: \u718a\u5927|Facade|p1a: Scizor\n|-resisted|p1a: Scizor\n|-damage|p1a: Scizor|0 fnt\n|faint|p1a: Scizor\n|\n|-damage|p2a: \u718a\u5927|46\/100 brn|[from] brn\n|upkeep\n|\n|t:|1700967785\n|switch|p1a: Heatran|Heatran, M|48\/100\n|turn|10\n|\n|t:|1700967790\n|switch|p2a: Hoopa|Hoopa-Unbound|100\/100\n|-damage|p2a: Hoopa|88\/100|[from] Stealth Rock\n|move|p1a: Heatran|Protect||[still]\n|-fail|p1a: Heatran\n|\n|-heal|p1a: Heatran|55\/100|[from] item: Leftovers\n|-fieldend|move: Trick Room\n|upkeep\n|turn|11\n|\n|t:|1700967803\n|switch|p1a: Tapu Koko|Tapu Koko|100\/100\n|-fieldstart|move: Electric Terrain|[from] ability: Electric Surge|[of] p1a: Tapu Koko\n|-zpower|p2a: Hoopa\n|move|p2a: Hoopa|All-Out Pummeling|p1a: Tapu Koko|[zeffect]\n|-resisted|p1a: Tapu Koko\n|-damage|p1a: Tapu Koko|42\/100\n|\n|upkeep\n|turn|12\n|\n|t:|1700967815\n|move|p1a: Tapu Koko|Dazzling Gleam|p2a: Hoopa\n|-supereffective|p2a: Hoopa\n|-damage|p2a: Hoopa|29\/100\n|move|p2a: Hoopa|Psychic|p1a: Tapu Koko\n|-damage|p1a: Tapu Koko|0 fnt\n|faint|p1a: Tapu Koko\n|\n|upkeep\n|\n|t:|1700967830\n|switch|p1a: Hoopa|Hoopa-Unbound|100\/100\n|turn|13\n|\n|t:|1700967834\n|move|p2a: Hoopa|Dark Pulse|p1a: Hoopa\n|-damage|p1a: Hoopa|52\/100\n|move|p1a: Hoopa|Hyperspace Fury|p2a: Hoopa\n|-damage|p2a: Hoopa|0 fnt\n|-unboost|p1a: Hoopa|def|1\n|faint|p2a: Hoopa\n|\n|upkeep\n|\n|t:|1700967838\n|switch|p2a: Tapu Koko|Tapu Koko|100\/100\n|-damage|p2a: Tapu Koko|88\/100|[from] Stealth Rock\n|turn|14\n|\n|t:|1700967846\n|switch|p1a: Heatran|Heatran, M|55\/100\n|move|p2a: Tapu Koko|U-turn|p1a: Heatran\n|-resisted|p1a: Heatran\n|-damage|p1a: Heatran|52\/100\n|\n|t:|1700967850\n|switch|p2a: Slowking|Slowking, M|100\/100|[from] U-turn\n|\n|-heal|p1a: Heatran|58\/100|[from] item: Leftovers\n|upkeep\n|turn|15\n|\n|t:|1700967861\n|move|p1a: Heatran|Magma Storm|p2a: Slowking\n|-resisted|p2a: Slowking\n|-damage|p2a: Slowking|89\/100\n|-activate|p2a: Slowking|move: Magma Storm|[of] p1a: Heatran\n|move|p2a: Slowking|Trick Room|p2a: Slowking\n|-fieldstart|move: Trick Room|[of] p2a: Slowking\n|\n|-heal|p1a: Heatran|64\/100|[from] item: Leftovers\n|-damage|p2a: Slowking|76\/100|[from] move: Magma Storm|[partiallytrapped]\n|-fieldend|move: Electric Terrain\n|upkeep\n|turn|16\n|\n|t:|1700967869\n|move|p1a: Heatran|Earth Power|p2a: Slowking\n|-damage|p2a: Slowking|60\/100\n|move|p2a: Slowking|Teleport|p2a: Slowking\n|\n|t:|1700967871\n|switch|p2a: \u718a\u5927|Ursaluna, F, tera:Normal|46\/100 brn|[from] Teleport\n|-damage|p2a: \u718a\u5927|34\/100 brn|[from] Stealth Rock\n|\n|-heal|p1a: Heatran|70\/100|[from] item: Leftovers\n|-damage|p2a: \u718a\u5927|28\/100 brn|[from] brn\n|upkeep\n|turn|17\n|\n|t:|1700967879\n|move|p1a: Heatran|Protect|p1a: Heatran\n|-singleturn|p1a: Heatran|Protect\n|move|p2a: \u718a\u5927|Headlong Rush|p1a: Heatran\n|-activate|p1a: Heatran|move: Protect\n|\n|-heal|p1a: Heatran|76\/100|[from] item: Leftovers\n|-damage|p2a: \u718a\u5927|21\/100 brn|[from] brn\n|upkeep\n|turn|18\n|\n|t:|1700967890\n|switch|p1a: Gliscor|Gliscor, M|96\/100 tox\n|move|p2a: \u718a\u5927|Facade|p1a: Gliscor\n|-damage|p1a: Gliscor|0 fnt\n|faint|p1a: Gliscor\n|\n|-damage|p2a: \u718a\u5927|15\/100 brn|[from] brn\n|upkeep\n|\n|t:|1700967893\n|switch|p1a: Heatran|Heatran, M|76\/100\n|turn|19\n|\n|t:|1700967895\n|switch|p2a: Slowking|Slowking, M|93\/100\n|move|p1a: Heatran|Protect||[still]\n|-fail|p1a: Heatran\n|\n|-heal|p1a: Heatran|83\/100|[from] item: Leftovers\n|-fieldend|move: Trick Room\n|upkeep\n|turn|20\n|\n|t:|1700967900\n|switch|p1a: Hoopa|Hoopa-Unbound|52\/100\n|move|p2a: Slowking|Teleport|p2a: Slowking\n|\n|t:|1700967902\n|switch|p2a: Tapu Koko|Tapu Koko|88\/100|[from] Teleport\n|-damage|p2a: Tapu Koko|76\/100|[from] Stealth Rock\n|-fieldstart|move: Electric Terrain|[from] ability: Electric Surge|[of] p2a: Tapu Koko\n|\n|upkeep\n|turn|21\n|\n|t:|1700967905\n|switch|p1a: Clodsire|Clodsire, M|100\/100\n|move|p2a: Tapu Koko|U-turn|p1a: Clodsire\n|-resisted|p1a: Clodsire\n|-damage|p1a: Clodsire|91\/100\n|\n|t:|1700967907\n|switch|p2a: Corviknight|Corviknight, F|75\/100|[from] U-turn\n|-damage|p2a: Corviknight|62\/100|[from] Stealth Rock\n|-ability|p2a: Corviknight|Pressure\n|\n|-heal|p1a: Clodsire|98\/100|[from] item: Black Sludge\n|upkeep\n|turn|22\n|\n|t:|1700967914\n|move|p2a: Corviknight|Defog|p1a: Clodsire\n|-unboost|p1a: Clodsire|evasion|1\n|-sideend|p2: baigu2|Stealth Rock|[from] move: Defog|[of] p2a: Corviknight\n|-fieldend|move: Electric Terrain\n|move|p1a: Clodsire|Earthquake|p2a: Corviknight\n|-immune|p2a: Corviknight\n|\n|-heal|p1a: Clodsire|100\/100|[from] item: Black Sludge\n|upkeep\n|turn|23\n|\n|t:|1700967920\n|move|p2a: Corviknight|U-turn|p1a: Clodsire\n|-resisted|p1a: Clodsire\n|-damage|p1a: Clodsire|93\/100\n|\n|t:|1700967922\n|switch|p2a: \u718a\u5927|Ursaluna, F, tera:Normal|15\/100 brn|[from] U-turn\n|move|p1a: Clodsire|Earthquake|p2a: \u718a\u5927\n|-damage|p2a: \u718a\u5927|0 fnt\n|faint|p2a: \u718a\u5927\n|\n|-heal|p1a: Clodsire|99\/100|[from] item: Black Sludge\n|upkeep\n|\n|t:|1700967927\n|switch|p2a: Dragonite|Dragonite, F|100\/100\n|turn|24\n|\n|t:|1700967934\n|move|p2a: Dragonite|Outrage|p1a: Clodsire\n|-damage|p1a: Clodsire|0 fnt\n|faint|p1a: Clodsire\n|\n|upkeep\n|\n|t:|1700967937\n|switch|p1a: Heatran|Heatran, M|83\/100\n|turn|25\n|\n|t:|1700967945\n|move|p2a: Dragonite|Outrage|p1a: Heatran|[from]lockedmove\n|-resisted|p1a: Heatran\n|-crit|p1a: Heatran\n|-damage|p1a: Heatran|17\/100\n|move|p1a: Heatran|Magma Storm|p2a: Dragonite\n|-resisted|p2a: Dragonite\n|-damage|p2a: Dragonite|90\/100\n|-activate|p2a: Dragonite|move: Magma Storm|[of] p1a: Heatran\n|\n|-heal|p1a: Heatran|23\/100|[from] item: Leftovers\n|-damage|p2a: Dragonite|78\/100|[from] move: Magma Storm|[partiallytrapped]\n|upkeep\n|turn|26\n|\n|t:|1700967949\n|move|p1a: Heatran|Protect|p1a: Heatran\n|-singleturn|p1a: Heatran|Protect\n|move|p2a: Dragonite|Outrage|p1a: Heatran|[from]lockedmove\n|-activate|p1a: Heatran|move: Protect\n|-start|p2a: Dragonite|confusion|[fatigue]\n|\n|-heal|p1a: Heatran|29\/100|[from] item: Leftovers\n|-damage|p2a: Dragonite|65\/100|[from] move: Magma Storm|[partiallytrapped]\n|upkeep\n|turn|27\n|\n|t:|1700967954\n|-activate|p2a: Dragonite|confusion\n|move|p2a: Dragonite|Outrage|p1a: Heatran\n|-resisted|p1a: Heatran\n|-damage|p1a: Heatran|0 fnt\n|faint|p1a: Heatran\n|\n|-end|p2a: Dragonite|Magma Storm|[partiallytrapped]|[silent]\n|upkeep\n|-message|Amie-ao forfeited.\n|\n|win|baigu2\n|raw|Amie-ao's rating: 1648 &rarr; <strong>1634<\/strong><br \/>(-14 for losing)\n|raw|baigu2's rating: 1749 &rarr; <strong>1763<\/strong><br \/>(+14 for winning)\n|l|\u2606Amie-ao\n","uploadtime":1700967969,"views":12,"p1id":"amieao","p2id":"baigu2","formatid":"gen9nationaldex","rating":1634,"private":0,"password":""}