{"id":"gen9nationaldex-1995780131","p1":"lolowtf09","p2":"pitiman","format":"[Gen 9] National Dex","log":"|html|<div class=\"broadcast-blue\"><strong>[Gen 9] National Dex is currently suspecting Sneasler! For information on how to participate check out the <a href=\"https:\/\/www.smogon.com\/forums\/threads\/sv-national-dex-suspect-8-just-dance.3731534\/\">suspect thread<\/a>.<\/strong><\/div>\n|j|\u2606lolowtf09\n|j|\u2606pitiman\n|t:|1700602448\n|gametype|singles\n|player|p1|lolowtf09|burgh|\n|player|p2|pitiman|cheren-gen5bw2|\n|teamsize|p1|6\n|teamsize|p2|6\n|gen|9\n|tier|[Gen 9] National Dex\n|rule|HP Percentage Mod: HP is shown in percentages\n|rule|Endless Battle Clause: Forcing endless battles is banned\n|rule|OHKO Clause: OHKO moves are banned\n|rule|Evasion Clause: Evasion abilities, items, and moves are banned\n|rule|Evasion Abilities Clause: Evasion abilities are banned\n|rule|Evasion Items Clause: Evasion items are banned\n|rule|Evasion Moves Clause: Evasion moves are banned\n|rule|Species Clause: Limit one of each Pok\u00e9mon\n|rule|Sleep Clause Mod: Limit one foe put to sleep\n|clearpoke\n|poke|p1|Dipplin, F|\n|poke|p1|Forretress, M|\n|poke|p1|Pinsir, F|\n|poke|p1|Heracross, M|\n|poke|p1|Rabsca, F|\n|poke|p1|Galvantula, F|\n|poke|p2|Scizor, M|\n|poke|p2|Alomomola, M|\n|poke|p2|Gliscor, M|\n|poke|p2|Chansey, F|\n|poke|p2|Latios, M|\n|poke|p2|Xurkitree|\n|teampreview\n|c|\u2606lolowtf09|bueno,espero mis amigos demuestren el poder de los insectos\n|\n|t:|1700602482\n|start\n|switch|p1a: ManoloPajitas|Forretress, M|100\/100\n|switch|p2a: Latios|Latios, M|100\/100\n|turn|1\n|\n|t:|1700602484\n|move|p2a: Latios|Mystical Fire|p1a: ManoloPajitas\n|-supereffective|p1a: ManoloPajitas\n|-ability|p1a: ManoloPajitas|Sturdy\n|-damage|p1a: ManoloPajitas|1\/100\n|-unboost|p1a: ManoloPajitas|spa|1\n|-damage|p2a: Latios|91\/100|[from] item: Life Orb\n|move|p1a: ManoloPajitas|Stealth Rock|p2a: Latios\n|-sidestart|p2: pitiman|move: Stealth Rock\n|\n|upkeep\n|turn|2\n|\n|t:|1700602498\n|switch|p2a: Gliscor|Gliscor, M|100\/100\n|-damage|p2a: Gliscor|88\/100|[from] Stealth Rock\n|move|p1a: ManoloPajitas|Gyro Ball|p2a: Gliscor\n|-damage|p2a: Gliscor|73\/100\n|\n|-status|p2a: Gliscor|tox|[from] item: Toxic Orb\n|upkeep\n|turn|3\n|\n|t:|1700602507\n|move|p2a: Gliscor|Defog|p1a: ManoloPajitas\n|-unboost|p1a: ManoloPajitas|evasion|1\n|-sideend|p2: pitiman|Stealth Rock|[from] move: Defog|[of] p2a: Gliscor\n|move|p1a: ManoloPajitas|Gyro Ball|p2a: Gliscor\n|-damage|p2a: Gliscor|56\/100 tox\n|\n|-heal|p2a: Gliscor|69\/100 tox|[from] ability: Poison Heal\n|upkeep\n|turn|4\n|\n|t:|1700602514\n|move|p2a: Gliscor|Earthquake|p1a: ManoloPajitas\n|-damage|p1a: ManoloPajitas|0 fnt\n|faint|p1a: ManoloPajitas\n|\n|-heal|p2a: Gliscor|81\/100 tox|[from] ability: Poison Heal\n|upkeep\n|\n|t:|1700602522\n|switch|p1a: CHUPA BULBAS|Heracross, M|100\/100\n|turn|5\n|\n|t:|1700602535\n|switch|p2a: Alomomola|Alomomola, M|100\/100\n|move|p1a: CHUPA BULBAS|Trailblaze|p2a: Alomomola\n|-supereffective|p2a: Alomomola\n|-damage|p2a: Alomomola|83\/100\n|-boost|p1a: CHUPA BULBAS|spe|1\n|\n|-heal|p2a: Alomomola|89\/100|[from] item: Leftovers\n|-status|p1a: CHUPA BULBAS|brn|[from] item: Flame Orb\n|upkeep\n|turn|6\n|\n|t:|1700602545\n|move|p1a: CHUPA BULBAS|Knock Off|p2a: Alomomola\n|-damage|p2a: Alomomola|63\/100\n|-enditem|p2a: Alomomola|Leftovers|[from] move: Knock Off|[of] p1a: CHUPA BULBAS\n|move|p2a: Alomomola|Wish|p2a: Alomomola\n|\n|-damage|p1a: CHUPA BULBAS|95\/100 brn|[from] brn\n|upkeep\n|turn|7\n|\n|t:|1700602551\n|move|p1a: CHUPA BULBAS|Facade|p2a: Alomomola\n|-damage|p2a: Alomomola|27\/100\n|move|p2a: Alomomola|Flip Turn|p1a: CHUPA BULBAS\n|-damage|p1a: CHUPA BULBAS|72\/100 brn\n|j| Sylveon(404)\n|\n|t:|1700602559\n|switch|p2a: Scizor|Scizor, M|100\/100|[from] Flip Turn\n|\n|-damage|p1a: CHUPA BULBAS|66\/100 brn|[from] brn\n|upkeep\n|turn|8\n|c| Sylveon(404)|pasen link :v\n|\n|t:|1700602568\n|detailschange|p2a: Scizor|Scizor-Mega, M\n|-mega|p2a: Scizor|Scizor|Scizorite\n|move|p1a: CHUPA BULBAS|Close Combat|p2a: Scizor\n|-damage|p2a: Scizor|28\/100\n|-unboost|p1a: CHUPA BULBAS|def|1\n|-unboost|p1a: CHUPA BULBAS|spd|1\n|move|p2a: Scizor|Swords Dance|p2a: Scizor\n|-boost|p2a: Scizor|atk|2\n|\n|-damage|p1a: CHUPA BULBAS|60\/100 brn|[from] brn\n|upkeep\n|turn|9\n|\n|t:|1700602576\n|switch|p1a: Manzaneta|Dipplin, F, shiny|100\/100\n|move|p2a: Scizor|Bullet Punch|p1a: Manzaneta\n|-damage|p1a: Manzaneta|67\/100\n|\n|upkeep\n|turn|10\n|j| Sai4rr\n|\n|t:|1700602601\n|move|p2a: Scizor|Roost|p2a: Scizor\n|-heal|p2a: Scizor|78\/100\n|-singleturn|p2a: Scizor|move: Roost\n|move|p1a: Manzaneta|Infestation|p2a: Scizor\n|-resisted|p2a: Scizor\n|-damage|p2a: Scizor|76\/100\n|-activate|p2a: Scizor|move: Infestation|[of] p1a: Manzaneta\n|\n|-damage|p2a: Scizor|64\/100|[from] move: Infestation|[partiallytrapped]\n|upkeep\n|turn|11\n|\n|t:|1700602610\n|move|p2a: Scizor|Swords Dance|p2a: Scizor\n|-boost|p2a: Scizor|atk|2\n|move|p1a: Manzaneta|Recover|p1a: Manzaneta\n|-heal|p1a: Manzaneta|100\/100\n|\n|-damage|p2a: Scizor|52\/100|[from] move: Infestation|[partiallytrapped]\n|upkeep\n|turn|12\n|\n|t:|1700602613\n|move|p2a: Scizor|Roost|p2a: Scizor\n|-heal|p2a: Scizor|100\/100\n|-singleturn|p2a: Scizor|move: Roost\n|move|p1a: Manzaneta|Draco Meteor|p2a: Scizor\n|-resisted|p2a: Scizor\n|-damage|p2a: Scizor|81\/100\n|-unboost|p1a: Manzaneta|spa|2\n|\n|-damage|p2a: Scizor|69\/100|[from] move: Infestation|[partiallytrapped]\n|upkeep\n|turn|13\n|c| Sai4rr|Te van a papear Lolo\n|\n|t:|1700602620\n|move|p2a: Scizor|Swords Dance|p2a: Scizor\n|-boost|p2a: Scizor|atk|2\n|move|p1a: Manzaneta|Draco Meteor|p2a: Scizor|[miss]\n|-miss|p1a: Manzaneta|p2a: Scizor\n|\n|-damage|p2a: Scizor|57\/100|[from] move: Infestation|[partiallytrapped]\n|upkeep\n|turn|14\n|c|\u2606lolowtf09|si\n|\n|t:|1700602627\n|move|p2a: Scizor|Roost|p2a: Scizor\n|-heal|p2a: Scizor|100\/100\n|-singleturn|p2a: Scizor|move: Roost\n|move|p1a: Manzaneta|Draco Meteor|p2a: Scizor\n|-resisted|p2a: Scizor\n|-crit|p2a: Scizor\n|-damage|p2a: Scizor|71\/100\n|-unboost|p1a: Manzaneta|spa|2\n|\n|-end|p2a: Scizor|Infestation|[partiallytrapped]\n|upkeep\n|turn|15\n|\n|t:|1700602632\n|move|p2a: Scizor|Roost|p2a: Scizor\n|-heal|p2a: Scizor|100\/100\n|-singleturn|p2a: Scizor|move: Roost\n|move|p1a: Manzaneta|Infestation|p2a: Scizor\n|-resisted|p2a: Scizor\n|-damage|p2a: Scizor|99\/100\n|-activate|p2a: Scizor|move: Infestation|[of] p1a: Manzaneta\n|\n|-damage|p2a: Scizor|87\/100|[from] move: Infestation|[partiallytrapped]\n|upkeep\n|turn|16\n|\n|t:|1700602635\n|move|p2a: Scizor|Bullet Punch|p1a: Manzaneta\n|-damage|p1a: Manzaneta|35\/100\n|move|p1a: Manzaneta|Giga Drain|p2a: Scizor\n|-resisted|p2a: Scizor\n|-damage|p2a: Scizor|85\/100\n|-heal|p1a: Manzaneta|36\/100|[from] drain|[of] p2a: Scizor\n|\n|-damage|p2a: Scizor|73\/100|[from] move: Infestation|[partiallytrapped]\n|upkeep\n|turn|17\n|\n|t:|1700602642\n|move|p2a: Scizor|Bullet Punch|p1a: Manzaneta\n|-damage|p1a: Manzaneta|0 fnt\n|faint|p1a: Manzaneta\n|\n|-end|p2a: Scizor|Infestation|[partiallytrapped]|[silent]\n|upkeep\n|\n|t:|1700602648\n|switch|p1a: Galvantula|Galvantula, F, shiny|100\/100\n|turn|18\n|l| Sai4rr\n|c|\u2606lolowtf09|no le hagas de emocion\n|\n|t:|1700602695\n|move|p2a: Scizor|Bullet Punch|p1a: Galvantula\n|-resisted|p1a: Galvantula\n|-damage|p1a: Galvantula|0 fnt\n|faint|p1a: Galvantula\n|\n|upkeep\n|c|\u2606pitiman|y yo dudando\n|\n|t:|1700602701\n|switch|p1a: \u00d1ami|Pinsir, F|100\/100\n|turn|19\n|c|\u2606pitiman|por si me mataba siendo sash\n|\n|t:|1700602715\n|detailschange|p1a: \u00d1ami|Pinsir-Mega, F\n|-mega|p1a: \u00d1ami|Pinsir|Pinsirite\n|move|p2a: Scizor|Bullet Punch|p1a: \u00d1ami\n|-damage|p1a: \u00d1ami|0 fnt\n|faint|p1a: \u00d1ami\n|\n|upkeep\n|c|\u2606lolowtf09|es scarf\n|c| Sylveon(404)|:v\n|j| Sai4rr\n|\n|t:|1700602720\n|switch|p1a: Rasca|Rabsca, F|100\/100\n|turn|20\n|\n|t:|1700602724\n|move|p2a: Scizor|Bullet Punch|p1a: Rasca\n|-enditem|p1a: Rasca|Focus Sash\n|-damage|p1a: Rasca|1\/100\n|move|p1a: Rasca|Revival Blessing|p1a: Rasca\n|\n|t:|1700602732\n|-heal|p1: \u00d1ami|50\/100|[from] move: Revival Blessing\n|\n|upkeep\n|turn|21\n|\n|t:|1700602736\n|move|p2a: Scizor|Bullet Punch|p1a: Rasca\n|-damage|p1a: Rasca|0 fnt\n|faint|p1a: Rasca\n|\n|upkeep\n|\n|t:|1700602738\n|switch|p1a: \u00d1ami|Pinsir-Mega, F|50\/100\n|turn|22\n|\n|t:|1700602740\n|move|p1a: \u00d1ami|Quick Attack|p2a: Scizor\n|-damage|p2a: Scizor|53\/100\n|move|p2a: Scizor|Bullet Punch|p1a: \u00d1ami\n|-damage|p1a: \u00d1ami|0 fnt\n|faint|p1a: \u00d1ami\n|\n|upkeep\n|\n|t:|1700602745\n|switch|p1a: CHUPA BULBAS|Heracross, M|60\/100 brn\n|turn|23\n|c|\u2606lolowtf09|nah\n|\n|t:|1700602755\n|move|p2a: Scizor|Bullet Punch|p1a: CHUPA BULBAS\n|-damage|p1a: CHUPA BULBAS|0 fnt\n|faint|p1a: CHUPA BULBAS\n|\n|win|pitiman\n|c| Sylveon(404)|otro 6-0 te comes lolo\n|c| Sai4rr|6-0\n|c| Sylveon(404)|?\n","uploadtime":1700602768,"views":9,"p1id":"lolowtf09","p2id":"pitiman","formatid":"gen9nationaldex","rating":0,"private":0,"password":""}