{"id":"gen9nationaldex-1988101210","p1":"PyroGaleZX","p2":"Dono_XD","format":"[Gen 9] National Dex","log":"|j|\u2606PyroGaleZX\n|j|\u2606Dono_XD\n|t:|1699669643\n|gametype|singles\n|player|p1|PyroGaleZX|grusha|\n|player|p2|Dono_XD|nate|\n|teamsize|p1|6\n|teamsize|p2|6\n|gen|9\n|tier|[Gen 9] National Dex\n|rule|HP Percentage Mod: HP is shown in percentages\n|rule|Endless Battle Clause: Forcing endless battles is banned\n|rule|OHKO Clause: OHKO moves are banned\n|rule|Evasion Clause: Evasion abilities, items, and moves are banned\n|rule|Evasion Abilities Clause: Evasion abilities are banned\n|rule|Evasion Items Clause: Evasion items are banned\n|rule|Evasion Moves Clause: Evasion moves are banned\n|rule|Species Clause: Limit one of each Pok\u00e9mon\n|rule|Sleep Clause Mod: Limit one foe put to sleep\n|clearpoke\n|poke|p1|Samurott-Hisui, F|\n|poke|p1|Enamorus-Therian, F|\n|poke|p1|Arcanine, F|\n|poke|p1|Umbreon, M|\n|poke|p1|Spiritomb, F|\n|poke|p1|Pawmo, M|\n|poke|p2|Corviknight, M|\n|poke|p2|Gengar, F|\n|poke|p2|Decidueye-Hisui, F|\n|poke|p2|Sableye, F|\n|poke|p2|Dugtrio, F|\n|poke|p2|Jigglypuff, F|\n|teampreview\n|\n|t:|1699669646\n|start\n|switch|p1a: Spiritomb|Spiritomb, F, shiny|100\/100\n|switch|p2a: Jiggle on dat puff|Jigglypuff, F, shiny|100\/100\n|turn|1\n|\n|t:|1699669658\n|move|p1a: Spiritomb|Calm Mind|p1a: Spiritomb\n|-boost|p1a: Spiritomb|spa|1\n|-boost|p1a: Spiritomb|spd|1\n|move|p2a: Jiggle on dat puff|Thunder Wave|p1a: Spiritomb\n|-status|p1a: Spiritomb|par\n|\n|upkeep\n|turn|2\n|j| Jam20Jam\n|\n|t:|1699669664\n|move|p2a: Jiggle on dat puff|Dazzling Gleam|p1a: Spiritomb\n|-supereffective|p1a: Spiritomb\n|-damage|p1a: Spiritomb|79\/100 par\n|move|p1a: Spiritomb|Calm Mind|p1a: Spiritomb\n|-boost|p1a: Spiritomb|spa|1\n|-boost|p1a: Spiritomb|spd|1\n|\n|upkeep\n|turn|3\n|\n|t:|1699669675\n|move|p2a: Jiggle on dat puff|Dazzling Gleam|p1a: Spiritomb\n|-supereffective|p1a: Spiritomb\n|-damage|p1a: Spiritomb|63\/100 par\n|cant|p1a: Spiritomb|par\n|\n|upkeep\n|turn|4\n|\n|t:|1699669715\n|-terastallize|p1a: Spiritomb|Psychic\n|move|p2a: Jiggle on dat puff|Dazzling Gleam|p1a: Spiritomb\n|-damage|p1a: Spiritomb|55\/100 par\n|move|p1a: Spiritomb|Stored Power|p2a: Jiggle on dat puff\n|-damage|p2a: Jiggle on dat puff|0 fnt\n|faint|p2a: Jiggle on dat puff\n|\n|upkeep\n|\n|t:|1699669748\n|switch|p2a: Decidueye|Decidueye-Hisui, F, shiny|100\/100\n|turn|5\n|\n|t:|1699669761\n|move|p2a: Decidueye|Shadow Sneak|p1a: Spiritomb\n|-supereffective|p1a: Spiritomb\n|-damage|p1a: Spiritomb|15\/100 par\n|-damage|p2a: Decidueye|91\/100|[from] item: Life Orb\n|move|p1a: Spiritomb|Stored Power|p2a: Decidueye\n|-supereffective|p2a: Decidueye\n|-damage|p2a: Decidueye|0 fnt\n|faint|p2a: Decidueye\n|\n|upkeep\n|\n|t:|1699669771\n|switch|p2a: Dugtrio|Dugtrio, F|100\/100\n|turn|6\n|\n|t:|1699669775\n|move|p2a: Dugtrio|Sucker Punch||[still]\n|-fail|p2a: Dugtrio\n|cant|p1a: Spiritomb|par\n|\n|upkeep\n|turn|7\n|\n|t:|1699669780\n|move|p2a: Dugtrio|Earthquake|p1a: Spiritomb\n|-damage|p1a: Spiritomb|0 fnt\n|faint|p1a: Spiritomb\n|\n|upkeep\n|\n|t:|1699669799\n|switch|p1a: Enamorus|Enamorus-Therian, F|100\/100\n|turn|8\n|\n|t:|1699669816\n|move|p2a: Dugtrio|Stone Edge|p1a: Enamorus\n|-supereffective|p1a: Enamorus\n|-damage|p1a: Enamorus|58\/100\n|move|p1a: Enamorus|Iron Defense|p1a: Enamorus\n|-boost|p1a: Enamorus|def|2\n|\n|upkeep\n|turn|9\n|\n|t:|1699669825\n|move|p2a: Dugtrio|Stone Edge|p1a: Enamorus|[miss]\n|-miss|p2a: Dugtrio|p1a: Enamorus\n|move|p1a: Enamorus|Calm Mind|p1a: Enamorus\n|-boost|p1a: Enamorus|spa|1\n|-boost|p1a: Enamorus|spd|1\n|\n|upkeep\n|turn|10\n|\n|t:|1699669830\n|move|p2a: Dugtrio|Stealth Rock|p1a: Enamorus\n|-sidestart|p1: PyroGaleZX|move: Stealth Rock\n|move|p1a: Enamorus|Draining Kiss|p2a: Dugtrio\n|-damage|p2a: Dugtrio|24\/100\n|-heal|p1a: Enamorus|100\/100|[from] drain|[of] p2a: Dugtrio\n|\n|upkeep\n|turn|11\n|\n|t:|1699669836\n|move|p2a: Dugtrio|Stone Edge|p1a: Enamorus\n|-supereffective|p1a: Enamorus\n|-damage|p1a: Enamorus|81\/100\n|move|p1a: Enamorus|Calm Mind|p1a: Enamorus\n|-boost|p1a: Enamorus|spa|1\n|-boost|p1a: Enamorus|spd|1\n|\n|upkeep\n|turn|12\n|\n|t:|1699669847\n|move|p2a: Dugtrio|Stone Edge|p1a: Enamorus\n|-supereffective|p1a: Enamorus\n|-damage|p1a: Enamorus|60\/100\n|move|p1a: Enamorus|Calm Mind|p1a: Enamorus\n|-boost|p1a: Enamorus|spa|1\n|-boost|p1a: Enamorus|spd|1\n|\n|upkeep\n|turn|13\n|\n|t:|1699669857\n|move|p2a: Dugtrio|Stone Edge|p1a: Enamorus\n|-supereffective|p1a: Enamorus\n|-damage|p1a: Enamorus|40\/100\n|move|p1a: Enamorus|Draining Kiss|p2a: Dugtrio\n|-damage|p2a: Dugtrio|0 fnt\n|-heal|p1a: Enamorus|57\/100|[from] drain|[of] p2a: Dugtrio\n|faint|p2a: Dugtrio\n|\n|upkeep\n|\n|t:|1699669869\n|switch|p2a: Noah|Gengar, F, shiny|100\/100\n|turn|14\n|\n|t:|1699669874\n|move|p2a: Noah|Trick|p1a: Enamorus\n|-activate|p2a: Noah|move: Trick|[of] p1a: Enamorus\n|-item|p1a: Enamorus|Choice Specs|[from] move: Trick\n|-item|p2a: Noah|Big Root|[from] move: Trick\n|move|p1a: Enamorus|Draining Kiss|p2a: Noah\n|-resisted|p2a: Noah\n|-damage|p2a: Noah|12\/100\n|-heal|p1a: Enamorus|100\/100|[from] drain|[of] p2a: Noah\n|-start|p1a: Enamorus|Disable|Draining Kiss|[from] ability: Cursed Body|[of] p2a: Noah\n|\n|upkeep\n|turn|15\n|\n|t:|1699669885\n|move|p2a: Noah|Sludge Bomb|p1a: Enamorus\n|-supereffective|p1a: Enamorus\n|-damage|p1a: Enamorus|66\/100\n|-status|p1a: Enamorus|psn\n|-activate|p1a: Enamorus|move: Struggle\n|move|p1a: Enamorus|Struggle|p2a: Noah\n|-damage|p2a: Noah|0 fnt\n|faint|p2a: Noah\n|-damage|p1a: Enamorus|41\/100 psn|[from] recoil\n|\n|-damage|p1a: Enamorus|28\/100 psn|[from] psn\n|upkeep\n|\n|t:|1699669898\n|switch|p2a: Biggest Berd|Corviknight, M, shiny|100\/100\n|turn|16\n|\n|t:|1699669901\n|move|p2a: Biggest Berd|Iron Head|p1a: Enamorus\n|-supereffective|p1a: Enamorus\n|-damage|p1a: Enamorus|6\/100 psn\n|cant|p1a: Enamorus|flinch\n|\n|-damage|p1a: Enamorus|0 fnt|[from] psn\n|faint|p1a: Enamorus\n|upkeep\n|\n|t:|1699669909\n|switch|p1a: Arcanine|Arcanine, F|100\/100\n|-ability|p1a: Arcanine|Intimidate|boost\n|-ability|p2a: Biggest Berd|Mirror Armor\n|-unboost|p1a: Arcanine|atk|1\n|turn|17\n|\n|t:|1699669937\n|-terastallize|p2a: Biggest Berd|Water\n|move|p1a: Arcanine|Flare Blitz|p2a: Biggest Berd\n|-resisted|p2a: Biggest Berd\n|-damage|p2a: Biggest Berd|91\/100\n|-damage|p1a: Arcanine|96\/100|[from] Recoil\n|move|p2a: Biggest Berd|Tera Blast|p1a: Arcanine|[anim] Tera Blast Water\n|-supereffective|p1a: Arcanine\n|-damage|p1a: Arcanine|48\/100\n|\n|-heal|p2a: Biggest Berd|97\/100|[from] item: Leftovers\n|upkeep\n|turn|18\n|\n|t:|1699669952\n|move|p2a: Biggest Berd|Tera Blast|p1a: Arcanine|[anim] Tera Blast Water\n|-supereffective|p1a: Arcanine\n|-damage|p1a: Arcanine|4\/100\n|move|p1a: Arcanine|Roar|p2a: Biggest Berd\n|drag|p2a: I smell pennies|Sableye, F|100\/100\n|\n|upkeep\n|turn|19\n|\n|t:|1699670015\n|move|p2a: I smell pennies|Reflect|p2a: I smell pennies\n|-sidestart|p2: Dono_XD|Reflect\n|move|p1a: Arcanine|Flare Blitz|p2a: I smell pennies\n|-damage|p2a: I smell pennies|86\/100\n|-damage|p1a: Arcanine|0 fnt|[from] Recoil\n|faint|p1a: Arcanine\n|\n|upkeep\n|\n|t:|1699670020\n|switch|p1a: Pawmo|Pawmo, M|100\/100\n|-damage|p1a: Pawmo|94\/100|[from] Stealth Rock\n|turn|20\n|\n|t:|1699670027\n|move|p2a: I smell pennies|Will-O-Wisp|p1a: Pawmo\n|-status|p1a: Pawmo|brn\n|move|p1a: Pawmo|Knock Off|p2a: I smell pennies\n|-damage|p2a: I smell pennies|82\/100\n|-enditem|p2a: I smell pennies|Light Clay|[from] move: Knock Off|[of] p1a: Pawmo\n|\n|-damage|p1a: Pawmo|88\/100 brn|[from] brn\n|upkeep\n|turn|21\n|\n|t:|1699670036\n|move|p2a: I smell pennies|Light Screen|p2a: I smell pennies\n|-sidestart|p2: Dono_XD|move: Light Screen\n|move|p1a: Pawmo|Volt Switch|p2a: I smell pennies\n|-damage|p2a: I smell pennies|72\/100\n|\n|t:|1699670041\n|-curestatus|p1a: Pawmo|brn|[from] ability: Natural Cure\n|switch|p1a: Umbreon|Umbreon, M|100\/100|[from] Volt Switch\n|-damage|p1a: Umbreon|88\/100|[from] Stealth Rock\n|\n|-heal|p1a: Umbreon|94\/100|[from] item: Leftovers\n|upkeep\n|turn|22\n|\n|t:|1699670048\n|move|p1a: Umbreon|Toxic|p2a: I smell pennies\n|-status|p2a: I smell pennies|tox\n|move|p2a: I smell pennies|Knock Off|p1a: Umbreon\n|-resisted|p1a: Umbreon\n|-damage|p1a: Umbreon|83\/100\n|-enditem|p1a: Umbreon|Leftovers|[from] move: Knock Off|[of] p2a: I smell pennies\n|\n|-damage|p2a: I smell pennies|67\/100 tox|[from] psn\n|upkeep\n|turn|23\n|\n|t:|1699670064\n|move|p1a: Umbreon|Wish|p1a: Umbreon\n|move|p2a: I smell pennies|Knock Off|p1a: Umbreon\n|-resisted|p1a: Umbreon\n|-damage|p1a: Umbreon|76\/100\n|\n|-damage|p2a: I smell pennies|55\/100 tox|[from] psn\n|upkeep\n|turn|24\n|\n|t:|1699670091\n|switch|p2a: Biggest Berd|Corviknight, M, shiny, tera:Water|97\/100\n|move|p1a: Umbreon|Protect||[still]\n|-fail|p1a: Umbreon\n|\n|-heal|p1a: Umbreon|100\/100|[from] move: Wish|[wisher] Umbreon\n|-heal|p2a: Biggest Berd|100\/100|[from] item: Leftovers\n|upkeep\n|turn|25\n|\n|t:|1699670110\n|move|p2a: Biggest Berd|Tera Blast|p1a: Umbreon|[anim] Tera Blast Water\n|-damage|p1a: Umbreon|82\/100\n|move|p1a: Umbreon|Toxic|p2a: Biggest Berd\n|-status|p2a: Biggest Berd|tox\n|\n|-damage|p2a: Biggest Berd|94\/100 tox|[from] psn\n|-sideend|p2: Dono_XD|move: Light Screen\n|upkeep\n|turn|26\n|\n|t:|1699670119\n|move|p2a: Biggest Berd|Brave Bird|p1a: Umbreon\n|-damage|p1a: Umbreon|55\/100\n|-damage|p2a: Biggest Berd|86\/100 tox|[from] Recoil\n|move|p1a: Umbreon|Wish|p1a: Umbreon\n|\n|-heal|p2a: Biggest Berd|92\/100 tox|[from] item: Leftovers\n|-damage|p2a: Biggest Berd|80\/100 tox|[from] psn\n|-sideend|p2: Dono_XD|Reflect\n|upkeep\n|turn|27\n|\n|t:|1699670126\n|move|p2a: Biggest Berd|Iron Head|p1a: Umbreon\n|-damage|p1a: Umbreon|37\/100\n|move|p1a: Umbreon|Foul Play|p2a: Biggest Berd\n|-damage|p2a: Biggest Berd|64\/100 tox\n|\n|-heal|p1a: Umbreon|87\/100|[from] move: Wish|[wisher] Umbreon\n|-heal|p2a: Biggest Berd|70\/100 tox|[from] item: Leftovers\n|-damage|p2a: Biggest Berd|52\/100 tox|[from] psn\n|upkeep\n|turn|28\n|\n|t:|1699670137\n|move|p2a: Biggest Berd|Iron Head|p1a: Umbreon\n|-damage|p1a: Umbreon|65\/100\n|move|p1a: Umbreon|Wish|p1a: Umbreon\n|\n|-heal|p2a: Biggest Berd|58\/100 tox|[from] item: Leftovers\n|-damage|p2a: Biggest Berd|34\/100 tox|[from] psn\n|upkeep\n|turn|29\n|\n|t:|1699670144\n|move|p1a: Umbreon|Protect|p1a: Umbreon\n|-singleturn|p1a: Umbreon|Protect\n|move|p2a: Biggest Berd|Tera Blast|p1a: Umbreon|[anim] Tera Blast Water\n|-activate|p1a: Umbreon|move: Protect\n|\n|-heal|p1a: Umbreon|100\/100|[from] move: Wish|[wisher] Umbreon\n|-heal|p2a: Biggest Berd|40\/100 tox|[from] item: Leftovers\n|-damage|p2a: Biggest Berd|10\/100 tox|[from] psn\n|upkeep\n|turn|30\n|-message|Dono_XD forfeited.\n|\n|win|PyroGaleZX\n|l|\u2606Dono_XD\n","uploadtime":1699670153,"views":6,"p1id":"pyrogalezx","p2id":"donoxd","formatid":"gen9nationaldex","rating":0,"private":0,"password":""}