{"id":"gen9nationaldex-1987436787","p1":"Square K","p2":"Southwind163","format":"[Gen 9] National Dex","log":"|j|\u2606Square K\n|j|\u2606Southwind163\n|t:|1699591353\n|gametype|singles\n|player|p1|Square K|chuck|1450\n|player|p2|Southwind163|266|1377\n|teamsize|p1|6\n|teamsize|p2|6\n|gen|9\n|tier|[Gen 9] National Dex\n|rated|\n|rule|HP Percentage Mod: HP is shown in percentages\n|rule|Endless Battle Clause: Forcing endless battles is banned\n|rule|OHKO Clause: OHKO moves are banned\n|rule|Evasion Clause: Evasion abilities, items, and moves are banned\n|rule|Evasion Abilities Clause: Evasion abilities are banned\n|rule|Evasion Items Clause: Evasion items are banned\n|rule|Evasion Moves Clause: Evasion moves are banned\n|rule|Species Clause: Limit one of each Pok\u00e9mon\n|rule|Sleep Clause Mod: Limit one foe put to sleep\n|clearpoke\n|poke|p1|Landorus-Therian, M|\n|poke|p1|Heatran, F|\n|poke|p1|Clodsire, F|\n|poke|p1|Lopunny, F|\n|poke|p1|Urshifu-*, F|\n|poke|p1|Corviknight, F|\n|poke|p2|Probopass, F|\n|poke|p2|Kartana|\n|poke|p2|Iron Treads|\n|poke|p2|Escavalier, M|\n|poke|p2|Skarmory, M|\n|poke|p2|Aegislash, M|\n|teampreview\n|inactive|Battle timer is ON: inactive players will automatically lose when time's up. (requested by Southwind163)\n|\n|t:|1699591362\n|start\n|switch|p1a: \u95ea\u5149\u7684\u5f17\u83b1\u4ec0|Lopunny, F, shiny|100\/100\n|switch|p2a: Probopass|Probopass, F, shiny|100\/100\n|-item|p2a: Probopass|Air Balloon\n|turn|1\n|\n|t:|1699591369\n|switch|p2a: Skarmory|Skarmory, M|100\/100\n|detailschange|p1a: \u95ea\u5149\u7684\u5f17\u83b1\u4ec0|Lopunny-Mega, F, shiny\n|-mega|p1a: \u95ea\u5149\u7684\u5f17\u83b1\u4ec0|Lopunny|Lopunnite\n|move|p1a: \u95ea\u5149\u7684\u5f17\u83b1\u4ec0|Fake Out|p2a: Skarmory\n|-resisted|p2a: Skarmory\n|-damage|p2a: Skarmory|93\/100\n|-damage|p1a: \u95ea\u5149\u7684\u5f17\u83b1\u4ec0|84\/100|[from] item: Rocky Helmet|[of] p2a: Skarmory\n|\n|upkeep\n|turn|2\n|\n|t:|1699591378\n|switch|p1a: \u6b7b\u4ea1\u6539\u9020\u4eba|Corviknight, F|100\/100\n|move|p2a: Skarmory|Spikes|p1a: \u6b7b\u4ea1\u6539\u9020\u4eba\n|-sidestart|p1: Square K|Spikes\n|\n|upkeep\n|turn|3\n|\n|t:|1699591396\n|switch|p2a: Iron Treads|Iron Treads|100\/100\n|-enditem|p2a: Iron Treads|Booster Energy\n|-activate|p2a: Iron Treads|ability: Quark Drive|[fromitem]\n|-start|p2a: Iron Treads|quarkdrivespe\n|move|p1a: \u6b7b\u4ea1\u6539\u9020\u4eba|Iron Defense|p1a: \u6b7b\u4ea1\u6539\u9020\u4eba\n|-boost|p1a: \u6b7b\u4ea1\u6539\u9020\u4eba|def|2\n|\n|upkeep\n|turn|4\n|\n|t:|1699591404\n|switch|p1a: king|Landorus-Therian, M|100\/100\n|-ability|p1a: king|Intimidate|boost\n|-unboost|p2a: Iron Treads|atk|1\n|move|p2a: Iron Treads|Volt Switch|p1a: king\n|-immune|p1a: king\n|\n|upkeep\n|turn|5\n|\n|t:|1699591417\n|-end|p2a: Iron Treads|Quark Drive|[silent]\n|switch|p2a: Skarmory|Skarmory, M|93\/100\n|-zpower|p1a: king\n|move|p1a: king|Continental Crush|p2a: Skarmory|[zeffect]\n|-damage|p2a: Skarmory|51\/100\n|\n|upkeep\n|turn|6\n|\n|t:|1699591427\n|move|p1a: king|Knock Off|p2a: Skarmory\n|-damage|p2a: Skarmory|26\/100\n|-damage|p1a: king|84\/100|[from] item: Rocky Helmet|[of] p2a: Skarmory\n|-enditem|p2a: Skarmory|Rocky Helmet|[from] move: Knock Off|[of] p1a: king\n|move|p2a: Skarmory|Roost|p2a: Skarmory\n|-heal|p2a: Skarmory|76\/100\n|-singleturn|p2a: Skarmory|move: Roost\n|\n|upkeep\n|turn|7\n|\n|t:|1699591433\n|move|p1a: king|U-turn|p2a: Skarmory\n|-resisted|p2a: Skarmory\n|-damage|p2a: Skarmory|71\/100\n|\n|t:|1699591441\n|switch|p1a: \u91d1\u5c5e\u9a91\u58eb|Heatran, F|100\/100|[from] U-turn\n|-damage|p1a: \u91d1\u5c5e\u9a91\u58eb|88\/100|[from] Spikes\n|move|p2a: Skarmory|Roost|p2a: Skarmory\n|-heal|p2a: Skarmory|100\/100\n|-singleturn|p2a: Skarmory|move: Roost\n|\n|-heal|p1a: \u91d1\u5c5e\u9a91\u58eb|94\/100|[from] item: Leftovers\n|upkeep\n|turn|8\n|\n|t:|1699591457\n|switch|p2a: Iron Treads|Iron Treads|100\/100\n|move|p1a: \u91d1\u5c5e\u9a91\u58eb|Heat Wave|p2a: Iron Treads\n|-supereffective|p2a: Iron Treads\n|-damage|p2a: Iron Treads|0 fnt\n|faint|p2a: Iron Treads\n|-end|p2a: Iron Treads|Quark Drive|[silent]\n|\n|-heal|p1a: \u91d1\u5c5e\u9a91\u58eb|100\/100|[from] item: Leftovers\n|upkeep\n|\n|t:|1699591466\n|switch|p2a: Probopass|Probopass, F, shiny|100\/100\n|-item|p2a: Probopass|Air Balloon\n|turn|9\n|\n|t:|1699591475\n|-terastallize|p1a: \u91d1\u5c5e\u9a91\u58eb|Grass\n|move|p1a: \u91d1\u5c5e\u9a91\u58eb|Tera Blast|p2a: Probopass|[anim] Tera Blast Grass\n|-damage|p2a: Probopass|63\/100\n|-enditem|p2a: Probopass|Air Balloon\n|move|p2a: Probopass|Earth Power|p1a: \u91d1\u5c5e\u9a91\u58eb\n|-resisted|p1a: \u91d1\u5c5e\u9a91\u58eb\n|-damage|p1a: \u91d1\u5c5e\u9a91\u58eb|91\/100\n|\n|-heal|p1a: \u91d1\u5c5e\u9a91\u58eb|97\/100|[from] item: Leftovers\n|upkeep\n|turn|10\n|\n|t:|1699591488\n|move|p1a: \u91d1\u5c5e\u9a91\u58eb|Earth Power|p2a: Probopass\n|-supereffective|p2a: Probopass\n|-damage|p2a: Probopass|0 fnt\n|faint|p2a: Probopass\n|\n|-heal|p1a: \u91d1\u5c5e\u9a91\u58eb|100\/100|[from] item: Leftovers\n|upkeep\n|-message|Southwind163 forfeited.\n|\n|win|Square K\n|raw|Square K's rating: 1450 &rarr; <strong>1466<\/strong><br \/>(+16 for winning)\n|raw|Southwind163's rating: 1377 &rarr; <strong>1361<\/strong><br \/>(-16 for losing)\n|l|\u2606Southwind163\n","uploadtime":1699591525,"views":4,"p1id":"squarek","p2id":"southwind163","formatid":"gen9nationaldex","rating":1361,"private":0,"password":""}