{"id":"gen9nationaldex-1989902108","p1":"Lo-F1","p2":"mxtfrog","format":"[Gen 9] National Dex","log":"|j|\u2606Lo-F1\n|j|\u2606mxtfrog\n|t:|1699905253\n|gametype|singles\n|player|p1|Lo-F1|pokemonrangerf|1293\n|player|p2|mxtfrog|preschooler|1306\n|teamsize|p1|6\n|teamsize|p2|6\n|gen|9\n|tier|[Gen 9] National Dex\n|rated|\n|rule|HP Percentage Mod: HP is shown in percentages\n|rule|Endless Battle Clause: Forcing endless battles is banned\n|rule|OHKO Clause: OHKO moves are banned\n|rule|Evasion Clause: Evasion abilities, items, and moves are banned\n|rule|Evasion Abilities Clause: Evasion abilities are banned\n|rule|Evasion Items Clause: Evasion items are banned\n|rule|Evasion Moves Clause: Evasion moves are banned\n|rule|Species Clause: Limit one of each Pok\u00e9mon\n|rule|Sleep Clause Mod: Limit one foe put to sleep\n|clearpoke\n|poke|p1|Torkoal, F|\n|poke|p1|Lilligant, F|\n|poke|p1|Brute Bonnet|\n|poke|p1|Toxapex, F|\n|poke|p1|Typhlosion, F|\n|poke|p1|Slither Wing|\n|poke|p2|Toucannon, M|\n|poke|p2|Dragonite, M|\n|poke|p2|Toxapex, F|\n|poke|p2|Greninja-*, M|\n|poke|p2|Great Tusk|\n|poke|p2|Mawile, M|\n|teampreview\n|\n|t:|1699905260\n|start\n|switch|p1a: Torkoal|Torkoal, F|100\/100\n|switch|p2a: Great Tusk|Great Tusk|100\/100\n|-weather|SunnyDay|[from] ability: Drought|[of] p1a: Torkoal\n|-activate|p2a: Great Tusk|ability: Protosynthesis\n|-start|p2a: Great Tusk|protosynthesisatk\n|turn|1\n|\n|t:|1699905283\n|switch|p1a: Brute Bonnet|Brute Bonnet|100\/100\n|-activate|p1a: Brute Bonnet|ability: Protosynthesis\n|-start|p1a: Brute Bonnet|protosynthesisatk\n|move|p2a: Great Tusk|Headlong Rush|p1a: Brute Bonnet\n|-resisted|p1a: Brute Bonnet\n|-damage|p1a: Brute Bonnet|70\/100\n|-unboost|p2a: Great Tusk|def|1\n|-unboost|p2a: Great Tusk|spd|1\n|\n|-weather|SunnyDay|[upkeep]\n|-heal|p1a: Brute Bonnet|76\/100|[from] item: Leftovers\n|upkeep\n|turn|2\n|\n|t:|1699905299\n|move|p2a: Great Tusk|Close Combat|p1a: Brute Bonnet\n|-supereffective|p1a: Brute Bonnet\n|-damage|p1a: Brute Bonnet|0 fnt\n|-unboost|p2a: Great Tusk|def|1\n|-unboost|p2a: Great Tusk|spd|1\n|faint|p1a: Brute Bonnet\n|-end|p1a: Brute Bonnet|Protosynthesis|[silent]\n|\n|-weather|SunnyDay|[upkeep]\n|upkeep\n|\n|t:|1699905306\n|switch|p1a: Typhlosion|Typhlosion, F, shiny|100\/100\n|turn|3\n|\n|t:|1699905321\n|-end|p2a: Great Tusk|Protosynthesis|[silent]\n|switch|p2a: Toxapex|Toxapex, F|100\/100\n|-terastallize|p1a: Typhlosion|Fire\n|move|p1a: Typhlosion|Burn Up|p2a: Toxapex\n|-resisted|p2a: Toxapex\n|-damage|p2a: Toxapex|43\/100\n|-start|p1a: Typhlosion|typechange|Fire|[from] move: Burn Up\n|\n|-weather|SunnyDay|[upkeep]\n|upkeep\n|turn|4\n|inactive|Battle timer is ON: inactive players will automatically lose when time's up. (requested by Lo-F1)\n|\n|t:|1699905361\n|switch|p2a: Mawile|Mawile, M|100\/100\n|-ability|p2a: Mawile|Intimidate|boost\n|-unboost|p1a: Typhlosion|atk|1\n|move|p1a: Typhlosion|Burn Up|p2a: Mawile\n|-supereffective|p2a: Mawile\n|-damage|p2a: Mawile|0 fnt\n|-start|p1a: Typhlosion|typechange|Fire|[from] move: Burn Up\n|faint|p2a: Mawile\n|\n|-weather|SunnyDay|[upkeep]\n|upkeep\n|inactive|mxtfrog has 120 seconds left.\n|inactive|mxtfrog has 90 seconds left.\n|\n|t:|1699905432\n|switch|p2a: Great Tusk|Great Tusk|100\/100\n|-activate|p2a: Great Tusk|ability: Protosynthesis\n|-start|p2a: Great Tusk|protosynthesisatk\n|turn|5\n|\n|t:|1699905439\n|switch|p1a: Slither Wing|Slither Wing, shiny|100\/100\n|-activate|p1a: Slither Wing|ability: Protosynthesis\n|-start|p1a: Slither Wing|protosynthesisatk\n|move|p2a: Great Tusk|Rapid Spin|p1a: Slither Wing\n|-damage|p1a: Slither Wing|69\/100\n|-boost|p2a: Great Tusk|spe|1\n|\n|-weather|SunnyDay|[upkeep]\n|upkeep\n|turn|6\n|\n|t:|1699905459\n|move|p1a: Slither Wing|First Impression|p2a: Great Tusk\n|-resisted|p2a: Great Tusk\n|-crit|p2a: Great Tusk\n|-damage|p2a: Great Tusk|55\/100\n|-damage|p1a: Slither Wing|59\/100|[from] item: Life Orb\n|move|p2a: Great Tusk|Headlong Rush|p1a: Slither Wing\n|-resisted|p1a: Slither Wing\n|-damage|p1a: Slither Wing|5\/100\n|-unboost|p2a: Great Tusk|def|1\n|-unboost|p2a: Great Tusk|spd|1\n|\n|-weather|SunnyDay|[upkeep]\n|-heal|p2a: Great Tusk|61\/100|[from] item: Leftovers\n|upkeep\n|turn|7\n|\n|t:|1699905471\n|move|p2a: Great Tusk|Rapid Spin|p1a: Slither Wing\n|-damage|p1a: Slither Wing|0 fnt\n|-boost|p2a: Great Tusk|spe|1\n|faint|p1a: Slither Wing\n|-end|p1a: Slither Wing|Protosynthesis|[silent]\n|\n|-weather|SunnyDay|[upkeep]\n|-heal|p2a: Great Tusk|68\/100|[from] item: Leftovers\n|upkeep\n|\n|t:|1699905482\n|switch|p1a: Hear me out....|Lilligant, F|100\/100\n|turn|8\n|inactive|mxtfrog has 90 seconds left.\n|\n|t:|1699905522\n|move|p2a: Great Tusk|Close Combat|p1a: Hear me out....\n|-damage|p1a: Hear me out....|0 fnt\n|-unboost|p2a: Great Tusk|def|1\n|-unboost|p2a: Great Tusk|spd|1\n|faint|p1a: Hear me out....\n|\n|-weather|none\n|-end|p2a: Great Tusk|Protosynthesis\n|-heal|p2a: Great Tusk|74\/100|[from] item: Leftovers\n|upkeep\n|\n|t:|1699905532\n|switch|p1a: Toxapex|Toxapex, F|100\/100\n|turn|9\n|\n|t:|1699905541\n|-end|p2a: Great Tusk|Protosynthesis|[silent]\n|switch|p2a: Toxapex|Toxapex, F|76\/100\n|move|p1a: Toxapex|Baneful Bunker||[still]\n|-fail|p1a: Toxapex\n|\n|upkeep\n|turn|10\n|\n|t:|1699905550\n|switch|p1a: Torkoal|Torkoal, F|100\/100\n|-weather|SunnyDay|[from] ability: Drought|[of] p1a: Torkoal\n|move|p2a: Toxapex|Scald|p1a: Torkoal\n|-supereffective|p1a: Torkoal\n|-damage|p1a: Torkoal|81\/100\n|\n|-weather|SunnyDay|[upkeep]\n|upkeep\n|turn|11\n|inactive|mxtfrog has 90 seconds left.\n|\n|t:|1699905558\n|move|p2a: Toxapex|Toxic|p1a: Torkoal\n|-status|p1a: Torkoal|tox\n|move|p1a: Torkoal|Stealth Rock|p2a: Toxapex\n|-sidestart|p2: mxtfrog|move: Stealth Rock\n|\n|-weather|SunnyDay|[upkeep]\n|-damage|p1a: Torkoal|75\/100 tox|[from] psn\n|upkeep\n|turn|12\n|\n|t:|1699905567\n|switch|p1a: Typhlosion|Typhlosion, F, shiny, tera:Fire|100\/100\n|move|p2a: Toxapex|Scald|p1a: Typhlosion\n|-supereffective|p1a: Typhlosion\n|-damage|p1a: Typhlosion|80\/100\n|\n|-weather|SunnyDay|[upkeep]\n|upkeep\n|turn|13\n|\n|t:|1699905575\n|move|p1a: Typhlosion|Burn Up|p2a: Toxapex\n|-resisted|p2a: Toxapex\n|-damage|p2a: Toxapex|21\/100\n|-start|p1a: Typhlosion|typechange|Fire|[from] move: Burn Up\n|move|p2a: Toxapex|Toxic|p1a: Typhlosion\n|-status|p1a: Typhlosion|tox\n|\n|-weather|SunnyDay|[upkeep]\n|-damage|p1a: Typhlosion|74\/100 tox|[from] psn\n|upkeep\n|turn|14\n|\n|t:|1699905587\n|move|p1a: Typhlosion|Burn Up|p2a: Toxapex\n|-resisted|p2a: Toxapex\n|-damage|p2a: Toxapex|0 fnt\n|-start|p1a: Typhlosion|typechange|Fire|[from] move: Burn Up\n|faint|p2a: Toxapex\n|\n|-weather|SunnyDay|[upkeep]\n|-damage|p1a: Typhlosion|62\/100 tox|[from] psn\n|upkeep\n|\n|t:|1699905604\n|switch|p2a: Dragonite|Dragonite, M|100\/100\n|turn|15\n|\n|t:|1699905612\n|move|p1a: Typhlosion|Burn Up|p2a: Dragonite\n|-resisted|p2a: Dragonite\n|-damage|p2a: Dragonite|64\/100\n|-start|p1a: Typhlosion|typechange|Fire|[from] move: Burn Up\n|move|p2a: Dragonite|Dragon Dance|p2a: Dragonite\n|-boost|p2a: Dragonite|atk|1\n|-boost|p2a: Dragonite|spe|1\n|\n|-weather|SunnyDay|[upkeep]\n|-damage|p1a: Typhlosion|44\/100 tox|[from] psn\n|upkeep\n|turn|16\n|\n|t:|1699905621\n|switch|p1a: Toxapex|Toxapex, F|100\/100\n|move|p2a: Dragonite|Earthquake|p1a: Toxapex\n|-supereffective|p1a: Toxapex\n|-damage|p1a: Toxapex|25\/100\n|\n|-weather|SunnyDay|[upkeep]\n|-heal|p1a: Toxapex|32\/100|[from] item: Black Sludge\n|upkeep\n|turn|17\n|\n|t:|1699905629\n|move|p1a: Toxapex|Baneful Bunker|p1a: Toxapex\n|-singleturn|p1a: Toxapex|move: Protect\n|move|p2a: Dragonite|Earthquake|p1a: Toxapex\n|-activate|p1a: Toxapex|move: Protect\n|\n|-weather|none\n|-heal|p1a: Toxapex|38\/100|[from] item: Black Sludge\n|upkeep\n|turn|18\n|\n|t:|1699905638\n|move|p2a: Dragonite|Earthquake|p1a: Toxapex\n|-supereffective|p1a: Toxapex\n|-damage|p1a: Toxapex|0 fnt\n|faint|p1a: Toxapex\n|\n|upkeep\n|\n|t:|1699905644\n|switch|p1a: Torkoal|Torkoal, F|75\/100 tox\n|-weather|SunnyDay|[from] ability: Drought|[of] p1a: Torkoal\n|turn|19\n|\n|t:|1699905649\n|move|p2a: Dragonite|Earthquake|p1a: Torkoal\n|-supereffective|p1a: Torkoal\n|-damage|p1a: Torkoal|0 fnt\n|faint|p1a: Torkoal\n|\n|-weather|SunnyDay|[upkeep]\n|upkeep\n|\n|t:|1699905654\n|switch|p1a: Typhlosion|Typhlosion, F, shiny, tera:Fire|44\/100 tox\n|turn|20\n|\n|t:|1699905660\n|-terastallize|p2a: Dragonite|Normal\n|move|p2a: Dragonite|Extreme Speed|p1a: Typhlosion\n|-damage|p1a: Typhlosion|0 fnt\n|faint|p1a: Typhlosion\n|\n|win|mxtfrog\n|raw|Lo-F1's rating: 1293 &rarr; <strong>1269<\/strong><br \/>(-24 for losing)\n|raw|mxtfrog's rating: 1306 &rarr; <strong>1325<\/strong><br \/>(+19 for winning)\n|c|\u2606Lo-F1|gg\n|c|\u2606mxtfrog|gg\n","uploadtime":1699905672,"views":4,"p1id":"lof1","p2id":"mxtfrog","formatid":"gen9nationaldex","rating":1269,"private":0,"password":""}