{"id":"gen9nationaldex-1991395202","p1":"hackilla15","p2":"venomowy zz","format":"[Gen 9] National Dex","log":"|j|\u2606hackilla15\n|j|\u2606venomowy zz\n|t:|1700073502\n|gametype|singles\n|player|p1|hackilla15|ethan|1233\n|player|p2|venomowy zz|265|1131\n|teamsize|p1|6\n|teamsize|p2|6\n|gen|9\n|tier|[Gen 9] National Dex\n|rated|\n|rule|HP Percentage Mod: HP is shown in percentages\n|rule|Endless Battle Clause: Forcing endless battles is banned\n|rule|OHKO Clause: OHKO moves are banned\n|rule|Evasion Clause: Evasion abilities, items, and moves are banned\n|rule|Evasion Abilities Clause: Evasion abilities are banned\n|rule|Evasion Items Clause: Evasion items are banned\n|rule|Evasion Moves Clause: Evasion moves are banned\n|rule|Species Clause: Limit one of each Pok\u00e9mon\n|rule|Sleep Clause Mod: Limit one foe put to sleep\n|clearpoke\n|poke|p1|Clodsire, F|\n|poke|p1|Poliwrath, M|\n|poke|p1|Volcarona, F|\n|poke|p1|Ribombee, F|\n|poke|p1|Venusaur, M|\n|poke|p1|Krookodile, M|\n|poke|p2|Bisharp, M|\n|poke|p2|Meowscarada, M|\n|poke|p2|Blacephalon|\n|poke|p2|Gyarados, M|\n|poke|p2|Zeraora|\n|poke|p2|Sandy Shocks|\n|teampreview\n|inactive|Battle timer is ON: inactive players will automatically lose when time's up. (requested by venomowy zz)\n|\n|t:|1700073518\n|start\n|switch|p1a: Ribombee|Ribombee, F, shiny|100\/100\n|switch|p2a: Gyarados|Gyarados, M|100\/100\n|-ability|p2a: Gyarados|Intimidate|boost\n|-unboost|p1a: Ribombee|atk|1\n|turn|1\n|\n|t:|1700073525\n|detailschange|p2a: Gyarados|Gyarados-Mega, M\n|-mega|p2a: Gyarados|Gyarados|Gyaradosite\n|-ability|p2a: Gyarados|Mold Breaker\n|move|p1a: Ribombee|Stun Spore|p2a: Gyarados\n|-status|p2a: Gyarados|par\n|move|p2a: Gyarados|Dragon Dance|p2a: Gyarados\n|-boost|p2a: Gyarados|atk|1\n|-boost|p2a: Gyarados|spe|1\n|\n|upkeep\n|turn|2\n|\n|t:|1700073532\n|move|p1a: Ribombee|Sticky Web|p2a: Gyarados\n|-sidestart|p2: venomowy zz|move: Sticky Web\n|move|p2a: Gyarados|Dragon Dance|p2a: Gyarados\n|-boost|p2a: Gyarados|atk|1\n|-boost|p2a: Gyarados|spe|1\n|\n|upkeep\n|turn|3\n|\n|t:|1700073535\n|move|p1a: Ribombee|Quiver Dance|p1a: Ribombee\n|-boost|p1a: Ribombee|spa|1\n|-boost|p1a: Ribombee|spd|1\n|-boost|p1a: Ribombee|spe|1\n|move|p2a: Gyarados|Dragon Dance|p2a: Gyarados\n|-boost|p2a: Gyarados|atk|1\n|-boost|p2a: Gyarados|spe|1\n|\n|upkeep\n|turn|4\n|\n|t:|1700073538\n|move|p1a: Ribombee|Moonblast|p2a: Gyarados\n|-supereffective|p2a: Gyarados\n|-damage|p2a: Gyarados|2\/100 par\n|cant|p2a: Gyarados|par\n|\n|upkeep\n|turn|5\n|\n|t:|1700073545\n|move|p1a: Ribombee|Moonblast|p2a: Gyarados\n|-supereffective|p2a: Gyarados\n|-damage|p2a: Gyarados|0 fnt\n|faint|p2a: Gyarados\n|\n|upkeep\n|\n|t:|1700073554\n|switch|p2a: Blacephalon|Blacephalon|100\/100\n|-activate|p2a: Blacephalon|move: Sticky Web\n|-unboost|p2a: Blacephalon|spe|1\n|turn|6\n|\n|t:|1700073557\n|move|p1a: Ribombee|Stun Spore|p2a: Blacephalon\n|-status|p2a: Blacephalon|par\n|move|p2a: Blacephalon|Mind Blown|p1a: Ribombee\n|-supereffective|p1a: Ribombee\n|-enditem|p1a: Ribombee|Focus Sash\n|-damage|p1a: Ribombee|1\/100\n|-damage|p2a: Blacephalon|50\/100 par|[from] mindblown\n|-heal|p2a: Blacephalon|64\/100 par|[from] item: Shell Bell|[of] p1a: Ribombee\n|\n|upkeep\n|turn|7\n|\n|t:|1700073566\n|move|p1a: Ribombee|Moonblast|p2a: Blacephalon\n|-resisted|p2a: Blacephalon\n|-damage|p2a: Blacephalon|20\/100 par\n|move|p2a: Blacephalon|Flamethrower|p1a: Ribombee\n|-supereffective|p1a: Ribombee\n|-crit|p1a: Ribombee\n|-damage|p1a: Ribombee|0 fnt\n|faint|p1a: Ribombee\n|-ability|p2a: Blacephalon|Beast Boost|boost\n|-boost|p2a: Blacephalon|spa|1\n|-heal|p2a: Blacephalon|20\/100 par|[from] item: Shell Bell|[of] p1: Ribombee\n|\n|upkeep\n|\n|t:|1700073576\n|switch|p1a: Volcarona|Volcarona, F, shiny|100\/100\n|turn|8\n|\n|t:|1700073579\n|move|p1a: Volcarona|Quiver Dance|p1a: Volcarona\n|-boost|p1a: Volcarona|spa|1\n|-boost|p1a: Volcarona|spd|1\n|-boost|p1a: Volcarona|spe|1\n|move|p2a: Blacephalon|Mind Blown|p1a: Volcarona\n|-damage|p1a: Volcarona|17\/100\n|-damage|p2a: Blacephalon|0 fnt|[from] mindblown\n|faint|p2a: Blacephalon\n|\n|upkeep\n|\n|t:|1700073583\n|switch|p2a: Bisharp|Bisharp, M|100\/100\n|-activate|p2a: Bisharp|move: Sticky Web\n|-unboost|p2a: Bisharp|spe|1\n|-ability|p2a: Bisharp|Defiant|boost\n|-boost|p2a: Bisharp|atk|2\n|turn|9\n|\n|t:|1700073589\n|move|p2a: Bisharp|Sucker Punch||[still]\n|-fail|p2a: Bisharp\n|move|p1a: Volcarona|Quiver Dance|p1a: Volcarona\n|-boost|p1a: Volcarona|spa|1\n|-boost|p1a: Volcarona|spd|1\n|-boost|p1a: Volcarona|spe|1\n|\n|upkeep\n|turn|10\n|\n|t:|1700073595\n|move|p2a: Bisharp|Sucker Punch|p1a: Volcarona\n|-damage|p1a: Volcarona|0 fnt\n|faint|p1a: Volcarona\n|\n|upkeep\n|\n|t:|1700073598\n|switch|p1a: Krookodile|Krookodile, M|100\/100\n|turn|11\n|\n|t:|1700073604\n|switch|p2a: Meowscarada|Meowscarada, M|100\/100\n|-activate|p2a: Meowscarada|move: Sticky Web\n|-unboost|p2a: Meowscarada|spe|1\n|move|p1a: Krookodile|Hone Claws|p1a: Krookodile\n|-boost|p1a: Krookodile|atk|1\n|-boost|p1a: Krookodile|accuracy|1\n|\n|upkeep\n|turn|12\n|\n|t:|1700073609\n|-terastallize|p1a: Krookodile|Dragon\n|move|p1a: Krookodile|Scale Shot|p2a: Meowscarada\n|-damage|p2a: Meowscarada|71\/100\n|-damage|p2a: Meowscarada|39\/100\n|-damage|p2a: Meowscarada|10\/100\n|-damage|p2a: Meowscarada|0 fnt\n|faint|p2a: Meowscarada\n|-ability|p1a: Krookodile|Moxie|boost\n|-boost|p1a: Krookodile|atk|1\n|-hitcount|p2: Meowscarada|4\n|-unboost|p1a: Krookodile|def|1\n|-boost|p1a: Krookodile|spe|1\n|\n|upkeep\n|\n|t:|1700073618\n|switch|p2a: Sandy Shocks|Sandy Shocks|100\/100\n|-activate|p2a: Sandy Shocks|move: Sticky Web\n|-unboost|p2a: Sandy Shocks|spe|1\n|-enditem|p2a: Sandy Shocks|Booster Energy\n|-activate|p2a: Sandy Shocks|ability: Protosynthesis|[fromitem]\n|-start|p2a: Sandy Shocks|protosynthesisspa\n|turn|13\n|\n|t:|1700073626\n|move|p1a: Krookodile|Scale Shot|p2a: Sandy Shocks\n|-damage|p2a: Sandy Shocks|70\/100\n|-damage|p2a: Sandy Shocks|39\/100\n|-damage|p2a: Sandy Shocks|8\/100\n|-damage|p2a: Sandy Shocks|0 fnt\n|faint|p2a: Sandy Shocks\n|-end|p2a: Sandy Shocks|Protosynthesis|[silent]\n|-ability|p1a: Krookodile|Moxie|boost\n|-boost|p1a: Krookodile|atk|1\n|-hitcount|p2: Sandy Shocks|4\n|-unboost|p1a: Krookodile|def|1\n|-boost|p1a: Krookodile|spe|1\n|\n|upkeep\n|\n|t:|1700073633\n|switch|p2a: Bisharp|Bisharp, M|100\/100\n|-activate|p2a: Bisharp|move: Sticky Web\n|-unboost|p2a: Bisharp|spe|1\n|-ability|p2a: Bisharp|Defiant|boost\n|-boost|p2a: Bisharp|atk|2\n|turn|14\n|\n|t:|1700073642\n|move|p1a: Krookodile|Hone Claws|p1a: Krookodile\n|-boost|p1a: Krookodile|atk|1\n|-boost|p1a: Krookodile|accuracy|1\n|move|p2a: Bisharp|Knock Off|p1a: Krookodile\n|-damage|p1a: Krookodile|0 fnt\n|-enditem|p1a: Krookodile|Loaded Dice|[from] move: Knock Off|[of] p2a: Bisharp\n|faint|p1a: Krookodile\n|\n|upkeep\n|\n|t:|1700073644\n|switch|p1a: Venusaur|Venusaur, M, shiny|100\/100\n|turn|15\n|\n|t:|1700073648\n|detailschange|p1a: Venusaur|Venusaur-Mega, M, shiny\n|-mega|p1a: Venusaur|Venusaur|Venusaurite\n|move|p2a: Bisharp|Knock Off|p1a: Venusaur\n|-damage|p1a: Venusaur|47\/100\n|move|p1a: Venusaur|Earth Power|p2a: Bisharp\n|-supereffective|p2a: Bisharp\n|-damage|p2a: Bisharp|0 fnt\n|faint|p2a: Bisharp\n|\n|upkeep\n|\n|t:|1700073655\n|switch|p2a: Zeraora|Zeraora|100\/100\n|-activate|p2a: Zeraora|move: Sticky Web\n|-unboost|p2a: Zeraora|spe|1\n|turn|16\n|\n|t:|1700073661\n|move|p2a: Zeraora|Blaze Kick|p1a: Venusaur\n|-supereffective|p1a: Venusaur\n|-crit|p1a: Venusaur\n|-damage|p1a: Venusaur|7\/100\n|-damage|p2a: Zeraora|91\/100|[from] item: Life Orb\n|move|p1a: Venusaur|Giga Drain|p2a: Zeraora\n|-damage|p2a: Zeraora|43\/100\n|-heal|p1a: Venusaur|30\/100|[from] drain|[of] p2a: Zeraora\n|\n|upkeep\n|turn|17\n|\n|t:|1700073665\n|move|p2a: Zeraora|Blaze Kick|p1a: Venusaur\n|-supereffective|p1a: Venusaur\n|-crit|p1a: Venusaur\n|-damage|p1a: Venusaur|0 fnt\n|faint|p1a: Venusaur\n|-damage|p2a: Zeraora|34\/100|[from] item: Life Orb\n|\n|upkeep\n|\n|t:|1700073669\n|switch|p1a: Poliwrath|Poliwrath, M, shiny|100\/100\n|turn|18\n|\n|t:|1700073676\n|move|p2a: Zeraora|Plasma Fists|p1a: Poliwrath\n|-supereffective|p1a: Poliwrath\n|-damage|p1a: Poliwrath|0 fnt\n|-fieldactivate|move: Ion Deluge\n|-hint|Normal-type moves become Electric-type after using Plasma Fists.\n|faint|p1a: Poliwrath\n|-damage|p2a: Zeraora|24\/100|[from] item: Life Orb\n|\n|upkeep\n|\n|t:|1700073678\n|switch|p1a: Clodsire|Clodsire, F, shiny|100\/100\n|turn|19\n|\n|t:|1700073682\n|move|p2a: Zeraora|Blaze Kick|p1a: Clodsire\n|-crit|p1a: Clodsire\n|-damage|p1a: Clodsire|39\/100\n|-damage|p2a: Zeraora|14\/100|[from] item: Life Orb\n|move|p1a: Clodsire|Earthquake|p2a: Zeraora\n|-supereffective|p2a: Zeraora\n|-damage|p2a: Zeraora|0 fnt\n|faint|p2a: Zeraora\n|\n|win|hackilla15\n|raw|hackilla15's rating: 1233 &rarr; <strong>1251<\/strong><br \/>(+18 for winning)\n|raw|venomowy zz's rating: 1131 &rarr; <strong>1113<\/strong><br \/>(-18 for losing)\n|l|\u2606venomowy zz\n","uploadtime":1700073744,"views":15,"p1id":"hackilla15","p2id":"venomowyzz","formatid":"gen9nationaldex","rating":1113,"private":0,"password":""}