{"id":"gen9nationaldex-1999458089","p1":"snivy ye \u53f6\u86c7","p2":"gobbyhappy1","format":"[Gen 9] National Dex","log":"|html|<div class=\"broadcast-blue\"><strong>[Gen 9] National Dex is currently suspecting Sneasler! For information on how to participate check out the <a href=\"https:\/\/www.smogon.com\/forums\/threads\/sv-national-dex-suspect-8-just-dance.3731534\/\">suspect thread<\/a>.<\/strong><\/div>\n|j|\u2606snivy ye \u53f6\u86c7\n|j|\u2606gobbyhappy1\n|t:|1701083650\n|gametype|singles\n|player|p1|snivy ye \u53f6\u86c7|winona|1538\n|player|p2|gobbyhappy1|265|1533\n|teamsize|p1|6\n|teamsize|p2|6\n|gen|9\n|tier|[Gen 9] National Dex\n|rated|\n|rule|HP Percentage Mod: HP is shown in percentages\n|rule|Endless Battle Clause: Forcing endless battles is banned\n|rule|OHKO Clause: OHKO moves are banned\n|rule|Evasion Clause: Evasion abilities, items, and moves are banned\n|rule|Evasion Abilities Clause: Evasion abilities are banned\n|rule|Evasion Items Clause: Evasion items are banned\n|rule|Evasion Moves Clause: Evasion moves are banned\n|rule|Species Clause: Limit one of each Pok\u00e9mon\n|rule|Sleep Clause Mod: Limit one foe put to sleep\n|clearpoke\n|poke|p1|Ursaluna, F|\n|poke|p1|Alomomola, M|\n|poke|p1|Serperior, M|\n|poke|p1|Victini|\n|poke|p1|Gyarados, F|\n|poke|p1|Kommo-o, M|\n|poke|p2|Tapu Lele|\n|poke|p2|Alomomola, M|\n|poke|p2|Ogerpon-Wellspring, F|\n|poke|p2|Ferrothorn, F|\n|poke|p2|Hydreigon, F|\n|poke|p2|Lopunny, M|\n|teampreview\n|inactive|Battle timer is ON: inactive players will automatically lose when time's up. (requested by snivy ye \u53f6\u86c7)\n|\n|t:|1701083669\n|start\n|switch|p1a: Kommo-o|Kommo-o, M|100\/100\n|switch|p2a: Tapu Lele|Tapu Lele|100\/100\n|-fieldstart|move: Psychic Terrain|[from] ability: Psychic Surge|[of] p2a: Tapu Lele\n|turn|1\n|\n|t:|1701083687\n|switch|p1a: Victini|Victini|100\/100\n|move|p2a: Tapu Lele|Psychic|p1a: Victini\n|-resisted|p1a: Victini\n|-damage|p1a: Victini|72\/100\n|\n|upkeep\n|turn|2\n|\n|t:|1701083697\n|switch|p2a: Hydreigon|Hydreigon, F|100\/100\n|move|p1a: Victini|U-turn|p2a: Hydreigon\n|-supereffective|p2a: Hydreigon\n|-damage|p2a: Hydreigon|59\/100\n|\n|t:|1701083705\n|switch|p1a: Ursaluna|Ursaluna, F|100\/100|[from] U-turn\n|\n|-heal|p2a: Hydreigon|65\/100|[from] item: Leftovers\n|-status|p1a: Ursaluna|brn|[from] item: Flame Orb\n|upkeep\n|turn|3\n|\n|t:|1701083731\n|move|p2a: Hydreigon|Dark Pulse|p1a: Ursaluna\n|-damage|p1a: Ursaluna|71\/100 brn\n|move|p1a: Ursaluna|Facade|p2a: Hydreigon\n|-damage|p2a: Hydreigon|0 fnt\n|faint|p2a: Hydreigon\n|\n|-damage|p1a: Ursaluna|64\/100 brn|[from] brn\n|upkeep\n|\n|t:|1701083738\n|switch|p2a: Lopunny|Lopunny, M|100\/100\n|turn|4\n|\n|t:|1701083743\n|switch|p1a: Alomomola|Alomomola, M|100\/100\n|detailschange|p2a: Lopunny|Lopunny-Mega, M\n|-mega|p2a: Lopunny|Lopunny|Lopunnite\n|move|p2a: Lopunny|Close Combat|p1a: Alomomola\n|-crit|p1a: Alomomola\n|-damage|p1a: Alomomola|47\/100\n|-unboost|p2a: Lopunny|def|1\n|-unboost|p2a: Lopunny|spd|1\n|-damage|p2a: Lopunny|84\/100|[from] item: Rocky Helmet|[of] p1a: Alomomola\n|\n|upkeep\n|turn|5\n|\n|t:|1701083753\n|switch|p2a: Ogerpon|Ogerpon-Wellspring, F|100\/100\n|move|p1a: Alomomola|Wish|p1a: Alomomola\n|\n|-fieldend|move: Psychic Terrain\n|upkeep\n|turn|6\n|\n|t:|1701083760\n|move|p2a: Ogerpon|Swords Dance|p2a: Ogerpon\n|-boost|p2a: Ogerpon|atk|2\n|move|p1a: Alomomola|Toxic|p2a: Ogerpon\n|-status|p2a: Ogerpon|tox\n|\n|-heal|p1a: Alomomola|97\/100|[from] move: Wish|[wisher] Alomomola\n|-damage|p2a: Ogerpon|95\/100 tox|[from] psn\n|upkeep\n|turn|7\n|\n|t:|1701083770\n|switch|p1a: Gyarados|Gyarados, F|100\/100\n|-ability|p1a: Gyarados|Intimidate|boost\n|-unboost|p2a: Ogerpon|atk|1\n|move|p2a: Ogerpon|Ivy Cudgel|p1a: Gyarados|[anim] Ivy Cudgel Water\n|-resisted|p1a: Gyarados\n|-damage|p1a: Gyarados|47\/100\n|\n|-damage|p2a: Ogerpon|83\/100 tox|[from] psn\n|upkeep\n|turn|8\n|\n|t:|1701083782\n|switch|p1a: Kommo-o|Kommo-o, M|100\/100\n|move|p2a: Ogerpon|Horn Leech|p1a: Kommo-o\n|-resisted|p1a: Kommo-o\n|-damage|p1a: Kommo-o|67\/100\n|-heal|p2a: Ogerpon|99\/100 tox|[from] drain|[of] p1a: Kommo-o\n|\n|-damage|p2a: Ogerpon|81\/100 tox|[from] psn\n|upkeep\n|turn|9\n|\n|t:|1701083792\n|switch|p2a: Tapu Lele|Tapu Lele|100\/100\n|-fieldstart|move: Psychic Terrain|[from] ability: Psychic Surge|[of] p2a: Tapu Lele\n|-zpower|p1a: Kommo-o\n|move|p1a: Kommo-o|Clangorous Soulblaze|p2a: Tapu Lele|[zeffect]\n|-immune|p2a: Tapu Lele\n|\n|upkeep\n|turn|10\n|\n|t:|1701083804\n|switch|p1a: Victini|Victini|72\/100\n|move|p2a: Tapu Lele|Psychic|p1a: Victini\n|-resisted|p1a: Victini\n|-damage|p1a: Victini|44\/100\n|\n|upkeep\n|turn|11\n|\n|t:|1701083811\n|switch|p2a: Alomomola|Alomomola, M|100\/100\n|move|p1a: Victini|U-turn|p2a: Alomomola\n|-damage|p2a: Alomomola|89\/100\n|\n|t:|1701083817\n|switch|p1a: Alomomola|Alomomola, M|100\/100|[from] U-turn\n|\n|upkeep\n|turn|12\n|\n|t:|1701083821\n|move|p1a: Alomomola|Wish|p1a: Alomomola\n|move|p2a: Alomomola|Toxic|p1a: Alomomola\n|-status|p1a: Alomomola|tox\n|\n|-damage|p1a: Alomomola|94\/100 tox|[from] psn\n|upkeep\n|turn|13\n|\n|t:|1701083828\n|switch|p1a: Victini|Victini|44\/100\n|move|p2a: Alomomola|Flip Turn|p1a: Victini\n|-supereffective|p1a: Victini\n|-damage|p1a: Victini|17\/100\n|\n|t:|1701083837\n|switch|p2a: Lopunny|Lopunny-Mega, M|84\/100|[from] Flip Turn\n|\n|-heal|p1a: Victini|80\/100|[from] move: Wish|[wisher] Alomomola\n|-fieldend|move: Psychic Terrain\n|upkeep\n|turn|14\n|\n|t:|1701083845\n|move|p2a: Lopunny|Fake Out|p1a: Victini\n|-damage|p1a: Victini|61\/100\n|cant|p1a: Victini|flinch\n|\n|upkeep\n|turn|15\n|\n|t:|1701083851\n|switch|p2a: Alomomola|Alomomola, M|100\/100\n|move|p1a: Victini|V-create|p2a: Alomomola\n|-resisted|p2a: Alomomola\n|-damage|p2a: Alomomola|77\/100\n|-unboost|p1a: Victini|spe|1\n|-unboost|p1a: Victini|def|1\n|-unboost|p1a: Victini|spd|1\n|\n|upkeep\n|turn|16\n|\n|t:|1701083859\n|move|p1a: Victini|U-turn|p2a: Alomomola\n|-damage|p2a: Alomomola|65\/100\n|\n|t:|1701083864\n|switch|p1a: Alomomola|Alomomola, M|100\/100 tox|[from] U-turn\n|move|p2a: Alomomola|Flip Turn|p1a: Alomomola\n|-resisted|p1a: Alomomola\n|-damage|p1a: Alomomola|96\/100 tox\n|-damage|p2a: Alomomola|48\/100|[from] item: Rocky Helmet|[of] p1a: Alomomola\n|\n|t:|1701083867\n|switch|p2a: Ferrothorn|Ferrothorn, F|100\/100|[from] Flip Turn\n|\n|-damage|p1a: Alomomola|90\/100 tox|[from] psn\n|upkeep\n|turn|17\n|\n|t:|1701083875\n|move|p1a: Alomomola|Wish|p1a: Alomomola\n|move|p2a: Ferrothorn|Stealth Rock|p1a: Alomomola\n|-sidestart|p1: snivy ye \u53f6\u86c7|move: Stealth Rock\n|\n|-damage|p1a: Alomomola|78\/100 tox|[from] psn\n|upkeep\n|turn|18\n|\n|t:|1701083886\n|switch|p1a: Gyarados|Gyarados, F|47\/100\n|-damage|p1a: Gyarados|22\/100|[from] Stealth Rock\n|-ability|p1a: Gyarados|Intimidate|boost\n|-unboost|p2a: Ferrothorn|atk|1\n|move|p2a: Ferrothorn|Gyro Ball|p1a: Gyarados\n|-resisted|p1a: Gyarados\n|-damage|p1a: Gyarados|3\/100\n|\n|-heal|p1a: Gyarados|79\/100|[from] move: Wish|[wisher] Alomomola\n|upkeep\n|turn|19\n|\n|t:|1701083903\n|switch|p1a: Victini|Victini|61\/100\n|switch|p2a: Ogerpon|Ogerpon-Wellspring, F|81\/100 tox\n|\n|-damage|p2a: Ogerpon|75\/100 tox|[from] psn\n|upkeep\n|turn|20\n|\n|t:|1701083911\n|switch|p1a: Serperior|Serperior, M|100\/100\n|-damage|p1a: Serperior|88\/100|[from] Stealth Rock\n|move|p2a: Ogerpon|Ivy Cudgel|p1a: Serperior|[anim] Ivy Cudgel Water\n|-resisted|p1a: Serperior\n|-damage|p1a: Serperior|50\/100\n|\n|-damage|p2a: Ogerpon|63\/100 tox|[from] psn\n|upkeep\n|turn|21\n|\n|t:|1701083923\n|switch|p2a: Ferrothorn|Ferrothorn, F|100\/100\n|move|p1a: Serperior|Defog|p2a: Ferrothorn\n|-unboost|p2a: Ferrothorn|evasion|1\n|-sideend|p1: snivy ye \u53f6\u86c7|Stealth Rock|[from] move: Defog|[of] p1a: Serperior\n|\n|upkeep\n|turn|22\n|\n|t:|1701083930\n|switch|p1a: Ursaluna|Ursaluna, F|64\/100 brn\n|move|p2a: Ferrothorn|Stealth Rock|p1a: Ursaluna\n|-sidestart|p1: snivy ye \u53f6\u86c7|move: Stealth Rock\n|\n|-damage|p1a: Ursaluna|58\/100 brn|[from] brn\n|upkeep\n|turn|23\n|\n|t:|1701083937\n|move|p2a: Ferrothorn|Protect|p2a: Ferrothorn\n|-singleturn|p2a: Ferrothorn|Protect\n|move|p1a: Ursaluna|Fire Punch|p2a: Ferrothorn\n|-activate|p2a: Ferrothorn|move: Protect\n|\n|-damage|p1a: Ursaluna|52\/100 brn|[from] brn\n|upkeep\n|turn|24\n|\n|t:|1701083946\n|-terastallize|p1a: Ursaluna|Normal\n|move|p1a: Ursaluna|Facade|p2a: Ferrothorn\n|-resisted|p2a: Ferrothorn\n|-damage|p2a: Ferrothorn|50\/100\n|-damage|p1a: Ursaluna|39\/100 brn|[from] ability: Iron Barbs|[of] p2a: Ferrothorn\n|move|p2a: Ferrothorn|Gyro Ball|p1a: Ursaluna\n|-damage|p1a: Ursaluna|21\/100 brn\n|\n|-heal|p2a: Ferrothorn|56\/100|[from] item: Leftovers\n|-damage|p1a: Ursaluna|15\/100 brn|[from] brn\n|upkeep\n|turn|25\n|\n|t:|1701083959\n|move|p2a: Ferrothorn|Protect|p2a: Ferrothorn\n|-singleturn|p2a: Ferrothorn|Protect\n|move|p1a: Ursaluna|Facade|p2a: Ferrothorn\n|-activate|p2a: Ferrothorn|move: Protect\n|\n|-heal|p2a: Ferrothorn|62\/100|[from] item: Leftovers\n|-damage|p1a: Ursaluna|9\/100 brn|[from] brn\n|upkeep\n|turn|26\n|\n|t:|1701083980\n|-terastallize|p2a: Ferrothorn|Ghost\n|move|p1a: Ursaluna|Facade|p2a: Ferrothorn\n|-immune|p2a: Ferrothorn\n|move|p2a: Ferrothorn|Leech Seed|p1a: Ursaluna\n|-start|p1a: Ursaluna|move: Leech Seed\n|\n|-heal|p2a: Ferrothorn|69\/100|[from] item: Leftovers\n|-damage|p1a: Ursaluna|0 fnt|[from] Leech Seed|[of] p2a: Ferrothorn\n|-heal|p2a: Ferrothorn|79\/100|[silent]\n|faint|p1a: Ursaluna\n|upkeep\n|\n|t:|1701083997\n|switch|p1a: Gyarados|Gyarados, F|79\/100\n|-damage|p1a: Gyarados|54\/100|[from] Stealth Rock\n|-ability|p1a: Gyarados|Intimidate|boost\n|-unboost|p2a: Ferrothorn|atk|1\n|turn|27\n|\n|t:|1701084003\n|switch|p2a: Ogerpon|Ogerpon-Wellspring, F|63\/100 tox\n|move|p1a: Gyarados|Taunt|p2a: Ogerpon\n|-start|p2a: Ogerpon|move: Taunt\n|\n|-damage|p2a: Ogerpon|57\/100 tox|[from] psn\n|upkeep\n|turn|28\n|\n|t:|1701084011\n|move|p2a: Ogerpon|Horn Leech|p1a: Gyarados\n|-damage|p1a: Gyarados|0 fnt\n|-heal|p2a: Ogerpon|87\/100 tox|[from] drain|[of] p1a: Gyarados\n|faint|p1a: Gyarados\n|\n|-damage|p2a: Ogerpon|75\/100 tox|[from] psn\n|upkeep\n|\n|t:|1701084018\n|switch|p1a: Kommo-o|Kommo-o, M|67\/100\n|-damage|p1a: Kommo-o|61\/100|[from] Stealth Rock\n|turn|29\n|\n|t:|1701084022\n|switch|p2a: Tapu Lele|Tapu Lele|100\/100\n|-fieldstart|move: Psychic Terrain|[from] ability: Psychic Surge|[of] p2a: Tapu Lele\n|move|p1a: Kommo-o|Boomburst|p2a: Tapu Lele\n|-damage|p2a: Tapu Lele|56\/100\n|\n|upkeep\n|turn|30\n|\n|t:|1701084030\n|switch|p1a: Victini|Victini|61\/100\n|move|p2a: Tapu Lele|Psychic|p1a: Victini\n|-resisted|p1a: Victini\n|-damage|p1a: Victini|30\/100\n|-unboost|p1a: Victini|spd|1\n|\n|upkeep\n|turn|31\n|\n|t:|1701084039\n|move|p2a: Tapu Lele|Psychic|p1a: Victini\n|-resisted|p1a: Victini\n|-damage|p1a: Victini|0 fnt\n|faint|p1a: Victini\n|\n|upkeep\n|\n|t:|1701084044\n|switch|p1a: Serperior|Serperior, M|50\/100\n|-damage|p1a: Serperior|38\/100|[from] Stealth Rock\n|turn|32\n|\n|t:|1701084049\n|move|p1a: Serperior|Leaf Storm|p2a: Tapu Lele\n|-damage|p2a: Tapu Lele|8\/100\n|-boost|p1a: Serperior|spa|2\n|move|p2a: Tapu Lele|Psychic|p1a: Serperior\n|-damage|p1a: Serperior|0 fnt\n|faint|p1a: Serperior\n|\n|upkeep\n|-message|snivy ye \u53f6\u86c7 forfeited.\n|\n|win|gobbyhappy1\n|raw|snivy ye \u53f6\u86c7's rating: 1538 &rarr; <strong>1518<\/strong><br \/>(-20 for losing)\n|raw|gobbyhappy1's rating: 1533 &rarr; <strong>1553<\/strong><br \/>(+20 for winning)\n|l|\u2606snivy ye \u53f6\u86c7\n|c|\u2606gobbyhappy1|\u597d\u4e00\u4e2a\u56f4\u5dfe\n","uploadtime":1701084065,"views":1,"p1id":"snivyye","p2id":"gobbyhappy1","formatid":"gen9nationaldex","rating":1518,"private":0,"password":""}