{"id":"gen9nationaldex-1995487259","p1":"Dio7oiant","p2":"shenye","format":"[Gen 9] National Dex","log":"|html|<div class=\"broadcast-blue\"><strong>[Gen 9] National Dex is currently suspecting Sneasler! For information on how to participate check out the <a href=\"https:\/\/www.smogon.com\/forums\/threads\/sv-national-dex-suspect-8-just-dance.3731534\/\">suspect thread<\/a>.<\/strong><\/div>\n|j|\u2606Dio7oiant\n|j|\u2606shenye\n|t:|1700576195\n|gametype|singles\n|player|p1|Dio7oiant|red|1205\n|player|p2|shenye|n|1208\n|teamsize|p1|6\n|teamsize|p2|6\n|gen|9\n|tier|[Gen 9] National Dex\n|rated|\n|rule|HP Percentage Mod: HP is shown in percentages\n|rule|Endless Battle Clause: Forcing endless battles is banned\n|rule|OHKO Clause: OHKO moves are banned\n|rule|Evasion Clause: Evasion abilities, items, and moves are banned\n|rule|Evasion Abilities Clause: Evasion abilities are banned\n|rule|Evasion Items Clause: Evasion items are banned\n|rule|Evasion Moves Clause: Evasion moves are banned\n|rule|Species Clause: Limit one of each Pok\u00e9mon\n|rule|Sleep Clause Mod: Limit one foe put to sleep\n|clearpoke\n|poke|p1|Absol, F|\n|poke|p1|Sableye, F|\n|poke|p1|Stakataka|\n|poke|p1|Hoopa-Unbound|\n|poke|p1|Noivern, M|\n|poke|p1|Greninja-*, M|\n|poke|p2|Dragonite, M|\n|poke|p2|Garchomp, M|\n|poke|p2|Kommo-o, M|\n|poke|p2|Goodra-Hisui, F|\n|poke|p2|Charizard, M|\n|poke|p2|Hydreigon, M|\n|teampreview\n|\n|t:|1700576223\n|start\n|switch|p1a: Greninja|Greninja, M|100\/100\n|switch|p2a: Charizard|Charizard, M|100\/100\n|turn|1\n|\n|t:|1700576239\n|detailschange|p2a: Charizard|Charizard-Mega-X, M\n|-mega|p2a: Charizard|Charizard|Charizardite X\n|move|p1a: Greninja|Water Shuriken|p2a: Charizard\n|-damage|p2a: Charizard|89\/100\n|-damage|p2a: Charizard|78\/100\n|-damage|p2a: Charizard|66\/100\n|-damage|p2a: Charizard|53\/100\n|-damage|p2a: Charizard|42\/100\n|-hitcount|p2a: Charizard|5\n|-damage|p1a: Greninja|91\/100|[from] item: Life Orb\n|move|p2a: Charizard|Dragon Dance|p2a: Charizard\n|-boost|p2a: Charizard|atk|1\n|-boost|p2a: Charizard|spe|1\n|\n|upkeep\n|turn|2\n|\n|t:|1700576262\n|switch|p1a: Stakataka|Stakataka|100\/100\n|move|p2a: Charizard|Dragon Claw|p1a: Stakataka\n|-resisted|p1a: Stakataka\n|-damage|p1a: Stakataka|78\/100\n|\n|-heal|p1a: Stakataka|85\/100|[from] item: Leftovers\n|upkeep\n|turn|3\n|\n|t:|1700576273\n|move|p2a: Charizard|Earthquake|p1a: Stakataka\n|-supereffective|p1a: Stakataka\n|-damage|p1a: Stakataka|0 fnt\n|faint|p1a: Stakataka\n|\n|upkeep\n|\n|t:|1700576298\n|switch|p1a: Absol|Absol, F|100\/100\n|turn|4\n|\n|t:|1700576305\n|move|p1a: Absol|Sucker Punch|p2a: Charizard\n|-damage|p2a: Charizard|7\/100\n|move|p2a: Charizard|Dragon Claw|p1a: Absol\n|-damage|p1a: Absol|0 fnt\n|faint|p1a: Absol\n|\n|upkeep\n|\n|t:|1700576327\n|switch|p1a: Sableye|Sableye, F|100\/100\n|turn|5\n|\n|t:|1700576336\n|move|p1a: Sableye|Confuse Ray|p2a: Charizard\n|-start|p2a: Charizard|confusion\n|-activate|p2a: Charizard|confusion\n|-damage|p2a: Charizard|0 fnt|[from] confusion\n|faint|p2a: Charizard\n|\n|upkeep\n|\n|t:|1700576356\n|switch|p2a: Kommo-o|Kommo-o, M|100\/100\n|turn|6\n|\n|t:|1700576360\n|move|p1a: Sableye|Will-O-Wisp|p2a: Kommo-o\n|-status|p2a: Kommo-o|brn\n|-zpower|p2a: Kommo-o\n|move|p2a: Kommo-o|Clangorous Soulblaze|p1a: Sableye|[zeffect]\n|-damage|p1a: Sableye|0 fnt\n|faint|p1a: Sableye\n|-boost|p2a: Kommo-o|atk|1\n|-boost|p2a: Kommo-o|def|1\n|-boost|p2a: Kommo-o|spa|1\n|-boost|p2a: Kommo-o|spd|1\n|-boost|p2a: Kommo-o|spe|1\n|\n|-damage|p2a: Kommo-o|94\/100 brn|[from] brn\n|upkeep\n|inactive|Battle timer is ON: inactive players will automatically lose when time's up. (requested by shenye)\n|\n|t:|1700576399\n|switch|p1a: Hoopa|Hoopa-Unbound|100\/100\n|turn|7\n|\n|t:|1700576409\n|move|p2a: Kommo-o|Clanging Scales|p1a: Hoopa\n|-damage|p1a: Hoopa|35\/100\n|-unboost|p2a: Kommo-o|def|1\n|move|p1a: Hoopa|Zen Headbutt|p2a: Kommo-o\n|-supereffective|p2a: Kommo-o\n|-damage|p2a: Kommo-o|0 fnt\n|faint|p2a: Kommo-o\n|\n|upkeep\n|\n|t:|1700576428\n|switch|p2a: Hydreigon|Hydreigon, M|100\/100\n|turn|8\n|\n|t:|1700576446\n|switch|p1a: Greninja|Greninja, M|91\/100\n|move|p2a: Hydreigon|Dark Pulse|p1a: Greninja\n|-resisted|p1a: Greninja\n|-damage|p1a: Greninja|59\/100\n|\n|upkeep\n|turn|9\n|\n|t:|1700576460\n|switch|p2a: Goodra|Goodra-Hisui, F|100\/100\n|-terastallize|p1a: Greninja|Ice\n|move|p1a: Greninja|Ice Beam|p2a: Goodra\n|-damage|p2a: Goodra|77\/100\n|-damage|p1a: Greninja|50\/100|[from] item: Life Orb\n|\n|upkeep\n|turn|10\n|\n|t:|1700576482\n|switch|p1a: Noivern|Noivern, M|100\/100\n|-terastallize|p2a: Goodra|Water\n|move|p2a: Goodra|Flash Cannon|p1a: Noivern\n|-damage|p1a: Noivern|45\/100\n|\n|upkeep\n|turn|11\n|inactive|Dio7oiant has 120 seconds left.\n|\n|t:|1700576514\n|move|p1a: Noivern|Draco Meteor|p2a: Goodra\n|-damage|p2a: Goodra|50\/100\n|-unboost|p1a: Noivern|spa|2\n|move|p2a: Goodra|Ice Beam|p1a: Noivern\n|-supereffective|p1a: Noivern\n|-damage|p1a: Noivern|0 fnt\n|faint|p1a: Noivern\n|\n|upkeep\n|\n|t:|1700576522\n|switch|p1a: Greninja|Greninja, M, tera:Ice|50\/100\n|turn|12\n|\n|t:|1700576526\n|move|p1a: Greninja|Grass Knot|p2a: Goodra\n|-ability|p2a: Goodra|Sap Sipper|boost\n|-boost|p2a: Goodra|atk|1\n|move|p2a: Goodra|Flash Cannon|p1a: Greninja\n|-supereffective|p1a: Greninja\n|-damage|p1a: Greninja|0 fnt\n|faint|p1a: Greninja\n|\n|upkeep\n|\n|t:|1700576533\n|switch|p1a: Hoopa|Hoopa-Unbound|35\/100\n|turn|13\n|inactive|Dio7oiant has 120 seconds left.\n|\n|t:|1700576553\n|move|p1a: Hoopa|Gunk Shot|p2a: Goodra\n|-damage|p2a: Goodra|0 fnt\n|faint|p2a: Goodra\n|\n|upkeep\n|\n|t:|1700576560\n|switch|p2a: Dragonite|Dragonite, M|100\/100\n|turn|14\n|\n|t:|1700576570\n|move|p1a: Hoopa|Gunk Shot|p2a: Dragonite\n|-damage|p2a: Dragonite|66\/100\n|move|p2a: Dragonite|Outrage|p1a: Hoopa\n|-damage|p1a: Hoopa|0 fnt\n|faint|p1a: Hoopa\n|\n|win|shenye\n|raw|Dio7oiant's rating: 1205 &rarr; <strong>1180<\/strong><br \/>(-25 for losing)\n|raw|shenye's rating: 1208 &rarr; <strong>1233<\/strong><br \/>(+25 for winning)\n|l|\u2606Dio7oiant\n","uploadtime":1700576580,"views":0,"p1id":"dio7oiant","p2id":"shenye","formatid":"gen9nationaldex","rating":1180,"private":0,"password":""}