{"id":"gen9nationaldex-1989314232","p1":"RandomCirno","p2":"PearlHarbor1996","format":"[Gen 9] National Dex","log":"|j|\u2606RandomCirno\n|j|\u2606PearlHarbor1996\n|t:|1699835282\n|gametype|singles\n|player|p1|RandomCirno|candice|1247\n|player|p2|PearlHarbor1996|rocketgrunt|1269\n|teamsize|p1|6\n|teamsize|p2|6\n|gen|9\n|tier|[Gen 9] National Dex\n|rated|\n|rule|HP Percentage Mod: HP is shown in percentages\n|rule|Endless Battle Clause: Forcing endless battles is banned\n|rule|OHKO Clause: OHKO moves are banned\n|rule|Evasion Clause: Evasion abilities, items, and moves are banned\n|rule|Evasion Abilities Clause: Evasion abilities are banned\n|rule|Evasion Items Clause: Evasion items are banned\n|rule|Evasion Moves Clause: Evasion moves are banned\n|rule|Species Clause: Limit one of each Pok\u00e9mon\n|rule|Sleep Clause Mod: Limit one foe put to sleep\n|clearpoke\n|poke|p1|Iron Moth|\n|poke|p1|Ninetales-Alola, F|\n|poke|p1|Corsola-Galar, F|\n|poke|p1|Lopunny, M|\n|poke|p1|Corviknight, M|\n|poke|p1|Landorus-Therian, M|\n|poke|p2|Blacephalon|\n|poke|p2|Hydreigon, M|\n|poke|p2|Gardevoir, F|\n|poke|p2|Roserade, F|\n|poke|p2|Gastrodon, F|\n|poke|p2|Corviknight, M|\n|teampreview\n|inactive|Battle timer is ON: inactive players will automatically lose when time's up. (requested by PearlHarbor1996)\n|\n|t:|1699835290\n|start\n|switch|p1a: Ninetales|Ninetales-Alola, F, shiny|100\/100\n|switch|p2a: Blacephalon|Blacephalon|100\/100\n|-weather|Snow|[from] ability: Snow Warning|[of] p1a: Ninetales\n|turn|1\n|\n|t:|1699835294\n|move|p2a: Blacephalon|Trick|p1a: Ninetales\n|-activate|p2a: Blacephalon|move: Trick|[of] p1a: Ninetales\n|-item|p1a: Ninetales|Choice Scarf|[from] move: Trick\n|-item|p2a: Blacephalon|Heavy-Duty Boots|[from] move: Trick\n|move|p1a: Ninetales|Aurora Veil|p1a: Ninetales\n|-sidestart|p1: RandomCirno|move: Aurora Veil\n|\n|-weather|Snow|[upkeep]\n|upkeep\n|turn|2\n|\n|t:|1699835306\n|switch|p1a: Iron Moth|Iron Moth|100\/100\n|move|p2a: Blacephalon|Flamethrower|p1a: Iron Moth\n|-resisted|p1a: Iron Moth\n|-damage|p1a: Iron Moth|88\/100\n|\n|-weather|Snow|[upkeep]\n|upkeep\n|turn|3\n|\n|t:|1699835316\n|move|p1a: Iron Moth|Air Slash|p2a: Blacephalon\n|-damage|p2a: Blacephalon|57\/100\n|move|p2a: Blacephalon|Psychic|p1a: Iron Moth\n|-supereffective|p1a: Iron Moth\n|-damage|p1a: Iron Moth|50\/100\n|\n|-weather|Snow|[upkeep]\n|upkeep\n|turn|4\n|\n|t:|1699835326\n|switch|p2a: Corviknight|Corviknight, M|100\/100\n|move|p1a: Iron Moth|Air Slash|p2a: Corviknight\n|-resisted|p2a: Corviknight\n|-damage|p2a: Corviknight|88\/100\n|\n|-weather|Snow|[upkeep]\n|-heal|p2a: Corviknight|94\/100|[from] item: Leftovers\n|upkeep\n|turn|5\n|\n|t:|1699835343\n|move|p1a: Iron Moth|Fiery Dance|p2a: Corviknight\n|-supereffective|p2a: Corviknight\n|-damage|p2a: Corviknight|5\/100\n|move|p2a: Corviknight|Defog|p1a: Iron Moth\n|-unboost|p1a: Iron Moth|evasion|1\n|-sideend|p1: RandomCirno|move: Aurora Veil\n|\n|-weather|none\n|-heal|p2a: Corviknight|12\/100|[from] item: Leftovers\n|upkeep\n|turn|6\n|\n|t:|1699835359\n|move|p1a: Iron Moth|Fiery Dance|p2a: Corviknight\n|-supereffective|p2a: Corviknight\n|-damage|p2a: Corviknight|0 fnt\n|-boost|p1a: Iron Moth|spa|1\n|faint|p2a: Corviknight\n|\n|upkeep\n|\n|t:|1699835370\n|switch|p2a: Hydreigon|Hydreigon, M|100\/100\n|turn|7\n|\n|t:|1699835373\n|move|p1a: Iron Moth|Dazzling Gleam|p2a: Hydreigon\n|-supereffective|p2a: Hydreigon\n|-damage|p2a: Hydreigon|0 fnt\n|faint|p2a: Hydreigon\n|\n|upkeep\n|\n|t:|1699835378\n|switch|p2a: Gardevoir|Gardevoir, F, shiny|100\/100\n|turn|8\n|\n|t:|1699835384\n|detailschange|p2a: Gardevoir|Gardevoir-Mega, F, shiny\n|-mega|p2a: Gardevoir|Gardevoir|Gardevoirite\n|move|p1a: Iron Moth|Air Slash|p2a: Gardevoir\n|-damage|p2a: Gardevoir|58\/100\n|move|p2a: Gardevoir|Psychic|p1a: Iron Moth\n|-supereffective|p1a: Iron Moth\n|-damage|p1a: Iron Moth|0 fnt\n|faint|p1a: Iron Moth\n|-end|p1a: Iron Moth|Quark Drive|[silent]\n|\n|upkeep\n|\n|t:|1699835388\n|switch|p1a: Scott Choco|Lopunny, M, shiny|100\/100\n|turn|9\n|\n|t:|1699835394\n|detailschange|p1a: Scott Choco|Lopunny-Mega, M, shiny\n|-mega|p1a: Scott Choco|Lopunny|Lopunnite\n|move|p1a: Scott Choco|Fake Out|p2a: Gardevoir\n|-damage|p2a: Gardevoir|19\/100\n|cant|p2a: Gardevoir|flinch\n|\n|upkeep\n|turn|10\n|\n|t:|1699835401\n|move|p1a: Scott Choco|Ice Punch|p2a: Gardevoir\n|-damage|p2a: Gardevoir|0 fnt\n|faint|p2a: Gardevoir\n|\n|upkeep\n|\n|t:|1699835403\n|switch|p2a: Gastrodon|Gastrodon, F|100\/100\n|turn|11\n|\n|t:|1699835410\n|switch|p1a: Ninetales|Ninetales-Alola, F, shiny|100\/100\n|-weather|Snow|[from] ability: Snow Warning|[of] p1a: Ninetales\n|move|p2a: Gastrodon|Curse|p2a: Gastrodon\n|-unboost|p2a: Gastrodon|spe|1\n|-boost|p2a: Gastrodon|atk|1\n|-boost|p2a: Gastrodon|def|1\n|\n|-weather|Snow|[upkeep]\n|upkeep\n|turn|12\n|\n|t:|1699835416\n|-terastallize|p2a: Gastrodon|Poison\n|move|p1a: Ninetales|Blizzard|p2a: Gastrodon\n|-crit|p2a: Gastrodon\n|-damage|p2a: Gastrodon|38\/100\n|move|p2a: Gastrodon|Curse|p2a: Gastrodon\n|-unboost|p2a: Gastrodon|spe|1\n|-boost|p2a: Gastrodon|atk|1\n|-boost|p2a: Gastrodon|def|1\n|\n|-weather|Snow|[upkeep]\n|-heal|p2a: Gastrodon|44\/100|[from] item: Leftovers\n|upkeep\n|turn|13\n|\n|t:|1699835427\n|move|p1a: Ninetales|Blizzard|p2a: Gastrodon\n|-damage|p2a: Gastrodon|7\/100\n|move|p2a: Gastrodon|Recover|p2a: Gastrodon\n|-heal|p2a: Gastrodon|57\/100\n|\n|-weather|Snow|[upkeep]\n|-heal|p2a: Gastrodon|63\/100|[from] item: Leftovers\n|upkeep\n|turn|14\n|c|\u2606RandomCirno|making good use of that scarf\n|\n|t:|1699835434\n|move|p1a: Ninetales|Blizzard|p2a: Gastrodon\n|-damage|p2a: Gastrodon|26\/100\n|move|p2a: Gastrodon|Recover|p2a: Gastrodon\n|-heal|p2a: Gastrodon|76\/100\n|\n|-weather|Snow|[upkeep]\n|-heal|p2a: Gastrodon|82\/100|[from] item: Leftovers\n|upkeep\n|turn|15\n|\n|t:|1699835445\n|move|p1a: Ninetales|Blizzard|p2a: Gastrodon\n|-damage|p2a: Gastrodon|43\/100\n|move|p2a: Gastrodon|Recover|p2a: Gastrodon\n|-heal|p2a: Gastrodon|93\/100\n|\n|-weather|none\n|-heal|p2a: Gastrodon|99\/100|[from] item: Leftovers\n|upkeep\n|turn|16\n|\n|t:|1699835454\n|switch|p1a: rocc|Corsola-Galar, F|100\/100\n|move|p2a: Gastrodon|Curse|p2a: Gastrodon\n|-unboost|p2a: Gastrodon|spe|1\n|-boost|p2a: Gastrodon|atk|1\n|-boost|p2a: Gastrodon|def|1\n|\n|-heal|p2a: Gastrodon|100\/100|[from] item: Leftovers\n|upkeep\n|turn|17\n|\n|t:|1699835459\n|move|p1a: rocc|Will-O-Wisp|p2a: Gastrodon\n|-status|p2a: Gastrodon|brn\n|move|p2a: Gastrodon|Scald|p1a: rocc\n|-crit|p1a: rocc\n|-damage|p1a: rocc|76\/100\n|-status|p1a: rocc|brn\n|\n|-damage|p1a: rocc|70\/100 brn|[from] brn\n|-damage|p2a: Gastrodon|94\/100 brn|[from] brn\n|upkeep\n|turn|18\n|\n|t:|1699835467\n|move|p1a: rocc|Night Shade|p2a: Gastrodon\n|-damage|p2a: Gastrodon|71\/100 brn\n|move|p2a: Gastrodon|Curse|p2a: Gastrodon\n|-unboost|p2a: Gastrodon|spe|1\n|-boost|p2a: Gastrodon|atk|1\n|-boost|p2a: Gastrodon|def|1\n|\n|-heal|p2a: Gastrodon|77\/100 brn|[from] item: Leftovers\n|-damage|p1a: rocc|64\/100 brn|[from] brn\n|-damage|p2a: Gastrodon|71\/100 brn|[from] brn\n|upkeep\n|turn|19\n|\n|t:|1699835471\n|move|p1a: rocc|Night Shade|p2a: Gastrodon\n|-damage|p2a: Gastrodon|47\/100 brn\n|move|p2a: Gastrodon|Scald|p1a: rocc\n|-damage|p1a: rocc|49\/100 brn\n|\n|-heal|p2a: Gastrodon|54\/100 brn|[from] item: Leftovers\n|-damage|p1a: rocc|42\/100 brn|[from] brn\n|-damage|p2a: Gastrodon|47\/100 brn|[from] brn\n|upkeep\n|turn|20\n|\n|t:|1699835474\n|move|p1a: rocc|Night Shade|p2a: Gastrodon\n|-damage|p2a: Gastrodon|24\/100 brn\n|move|p2a: Gastrodon|Recover|p2a: Gastrodon\n|-heal|p2a: Gastrodon|74\/100 brn\n|\n|-heal|p2a: Gastrodon|80\/100 brn|[from] item: Leftovers\n|-damage|p1a: rocc|36\/100 brn|[from] brn\n|-damage|p2a: Gastrodon|74\/100 brn|[from] brn\n|upkeep\n|turn|21\n|\n|t:|1699835477\n|move|p1a: rocc|Strength Sap|p2a: Gastrodon\n|-unboost|p2a: Gastrodon|atk|1\n|-heal|p1a: rocc|100\/100 brn\n|move|p2a: Gastrodon|Scald|p1a: rocc\n|-damage|p1a: rocc|84\/100 brn\n|\n|-heal|p2a: Gastrodon|80\/100 brn|[from] item: Leftovers\n|-damage|p1a: rocc|78\/100 brn|[from] brn\n|-damage|p2a: Gastrodon|74\/100 brn|[from] brn\n|upkeep\n|turn|22\n|\n|t:|1699835486\n|move|p1a: rocc|Strength Sap|p2a: Gastrodon\n|-unboost|p2a: Gastrodon|atk|1\n|-heal|p1a: rocc|100\/100 brn\n|move|p2a: Gastrodon|Scald|p1a: rocc\n|-damage|p1a: rocc|85\/100 brn\n|\n|-heal|p2a: Gastrodon|80\/100 brn|[from] item: Leftovers\n|-damage|p1a: rocc|79\/100 brn|[from] brn\n|-damage|p2a: Gastrodon|74\/100 brn|[from] brn\n|upkeep\n|turn|23\n|\n|t:|1699835491\n|move|p1a: rocc|Night Shade|p2a: Gastrodon\n|-damage|p2a: Gastrodon|50\/100 brn\n|move|p2a: Gastrodon|Scald|p1a: rocc\n|-damage|p1a: rocc|62\/100 brn\n|-start|p2a: Gastrodon|Disable|Scald|[from] ability: Cursed Body|[of] p1a: rocc\n|\n|-heal|p2a: Gastrodon|57\/100 brn|[from] item: Leftovers\n|-damage|p1a: rocc|56\/100 brn|[from] brn\n|-damage|p2a: Gastrodon|50\/100 brn|[from] brn\n|upkeep\n|turn|24\n|\n|t:|1699835497\n|move|p1a: rocc|Night Shade|p2a: Gastrodon\n|-damage|p2a: Gastrodon|27\/100 brn\n|move|p2a: Gastrodon|Recover|p2a: Gastrodon\n|-heal|p2a: Gastrodon|77\/100 brn\n|\n|-heal|p2a: Gastrodon|83\/100 brn|[from] item: Leftovers\n|-damage|p1a: rocc|50\/100 brn|[from] brn\n|-damage|p2a: Gastrodon|77\/100 brn|[from] brn\n|upkeep\n|turn|25\n|\n|t:|1699835500\n|move|p1a: rocc|Night Shade|p2a: Gastrodon\n|-damage|p2a: Gastrodon|54\/100 brn\n|move|p2a: Gastrodon|Earthquake|p1a: rocc\n|-damage|p1a: rocc|34\/100 brn\n|\n|-heal|p2a: Gastrodon|60\/100 brn|[from] item: Leftovers\n|-damage|p1a: rocc|27\/100 brn|[from] brn\n|-damage|p2a: Gastrodon|54\/100 brn|[from] brn\n|upkeep\n|turn|26\n|\n|t:|1699835505\n|move|p1a: rocc|Strength Sap|p2a: Gastrodon\n|-unboost|p2a: Gastrodon|atk|1\n|-heal|p1a: rocc|100\/100 brn\n|move|p2a: Gastrodon|Earthquake|p1a: rocc\n|-damage|p1a: rocc|88\/100 brn\n|\n|-heal|p2a: Gastrodon|60\/100 brn|[from] item: Leftovers\n|-damage|p1a: rocc|81\/100 brn|[from] brn\n|-damage|p2a: Gastrodon|54\/100 brn|[from] brn\n|-end|p2a: Gastrodon|Disable\n|upkeep\n|turn|27\n|\n|t:|1699835512\n|move|p1a: rocc|Night Shade|p2a: Gastrodon\n|-damage|p2a: Gastrodon|30\/100 brn\n|move|p2a: Gastrodon|Scald|p1a: rocc\n|-damage|p1a: rocc|64\/100 brn\n|\n|-heal|p2a: Gastrodon|36\/100 brn|[from] item: Leftovers\n|-damage|p1a: rocc|58\/100 brn|[from] brn\n|-damage|p2a: Gastrodon|30\/100 brn|[from] brn\n|upkeep\n|turn|28\n|\n|t:|1699835516\n|move|p1a: rocc|Night Shade|p2a: Gastrodon\n|-damage|p2a: Gastrodon|7\/100 brn\n|move|p2a: Gastrodon|Recover|p2a: Gastrodon\n|-heal|p2a: Gastrodon|57\/100 brn\n|\n|-heal|p2a: Gastrodon|63\/100 brn|[from] item: Leftovers\n|-damage|p1a: rocc|52\/100 brn|[from] brn\n|-damage|p2a: Gastrodon|57\/100 brn|[from] brn\n|upkeep\n|turn|29\n|\n|t:|1699835522\n|switch|p2a: Roserade|Roserade, F|100\/100\n|move|p1a: rocc|Strength Sap|p2a: Roserade\n|-unboost|p2a: Roserade|atk|1\n|-heal|p1a: rocc|92\/100 brn\n|\n|-damage|p1a: rocc|86\/100 brn|[from] brn\n|upkeep\n|turn|30\n|\n|t:|1699835530\n|switch|p1a: Ninetales|Ninetales-Alola, F, shiny|100\/100\n|-weather|Snow|[from] ability: Snow Warning|[of] p1a: Ninetales\n|move|p2a: Roserade|Leech Seed|p1a: Ninetales\n|-start|p1a: Ninetales|move: Leech Seed\n|\n|-weather|Snow|[upkeep]\n|-damage|p1a: Ninetales|88\/100|[from] Leech Seed|[of] p2a: Roserade\n|upkeep\n|turn|31\n|\n|t:|1699835534\n|move|p1a: Ninetales|Blizzard|p2a: Roserade\n|-supereffective|p2a: Roserade\n|-damage|p2a: Roserade|41\/100\n|move|p2a: Roserade|Sludge Bomb|p1a: Ninetales\n|-supereffective|p1a: Ninetales\n|-damage|p1a: Ninetales|6\/100\n|-status|p1a: Ninetales|psn\n|\n|-weather|Snow|[upkeep]\n|-heal|p2a: Roserade|47\/100|[from] item: Leftovers\n|-damage|p1a: Ninetales|0 fnt|[from] Leech Seed|[of] p2a: Roserade\n|-heal|p2a: Roserade|52\/100|[silent]\n|faint|p1a: Ninetales\n|upkeep\n|\n|t:|1699835541\n|switch|p1a: Scott Choco|Lopunny-Mega, M, shiny|100\/100\n|turn|32\n|\n|t:|1699835545\n|switch|p2a: Gastrodon|Gastrodon, F, tera:Poison|57\/100 brn\n|move|p1a: Scott Choco|Fake Out|p2a: Gastrodon\n|-damage|p2a: Gastrodon|40\/100 brn\n|\n|-weather|Snow|[upkeep]\n|-heal|p2a: Gastrodon|47\/100 brn|[from] item: Leftovers\n|-damage|p2a: Gastrodon|40\/100 brn|[from] brn\n|upkeep\n|turn|33\n|\n|t:|1699835550\n|move|p1a: Scott Choco|Return|p2a: Gastrodon\n|-damage|p2a: Gastrodon|0 fnt\n|faint|p2a: Gastrodon\n|\n|-weather|Snow|[upkeep]\n|upkeep\n|\n|t:|1699835556\n|switch|p2a: Blacephalon|Blacephalon|57\/100\n|turn|34\n|\n|t:|1699835560\n|move|p1a: Scott Choco|Return|p2a: Blacephalon\n|-damage|p2a: Blacephalon|0 fnt\n|faint|p2a: Blacephalon\n|\n|-weather|none\n|upkeep\n|\n|t:|1699835563\n|switch|p2a: Roserade|Roserade, F|52\/100\n|turn|35\n|\n|t:|1699835565\n|move|p1a: Scott Choco|Return|p2a: Roserade\n|-damage|p2a: Roserade|0 fnt\n|faint|p2a: Roserade\n|\n|win|RandomCirno\n|raw|RandomCirno's rating: 1247 &rarr; <strong>1274<\/strong><br \/>(+27 for winning)\n|raw|PearlHarbor1996's rating: 1269 &rarr; <strong>1242<\/strong><br \/>(-27 for losing)\n|c|\u2606RandomCirno|ggwp\n|l|\u2606PearlHarbor1996\n","uploadtime":1699835571,"views":12,"p1id":"randomcirno","p2id":"pearlharbor1996","formatid":"gen9nationaldex","rating":1242,"private":0,"password":""}