{"id":"gen9nationaldex-1989848163","p1":"Dark Umbreon 08","p2":"Ttar2pro","format":"[Gen 9] National Dex","log":"|j|\u2606Dark Umbreon 08\n|j|\u2606Ttar2pro\n|t:|1699900765\n|gametype|singles\n|player|p1|Dark Umbreon 08|lass-gen4dp|1000\n|player|p2|Ttar2pro|101|1041\n|teamsize|p1|1\n|teamsize|p2|6\n|gen|9\n|tier|[Gen 9] National Dex\n|rated|\n|rule|HP Percentage Mod: HP is shown in percentages\n|rule|Endless Battle Clause: Forcing endless battles is banned\n|rule|OHKO Clause: OHKO moves are banned\n|rule|Evasion Clause: Evasion abilities, items, and moves are banned\n|rule|Evasion Abilities Clause: Evasion abilities are banned\n|rule|Evasion Items Clause: Evasion items are banned\n|rule|Evasion Moves Clause: Evasion moves are banned\n|rule|Species Clause: Limit one of each Pok\u00e9mon\n|rule|Sleep Clause Mod: Limit one foe put to sleep\n|clearpoke\n|poke|p1|Blaziken, M|\n|poke|p2|Volcarona, F|\n|poke|p2|Sneasler, M|\n|poke|p2|Tapu Koko|\n|poke|p2|Ferrothorn, M|\n|poke|p2|Garganacl, F|\n|poke|p2|Garchomp, F|\n|teampreview\n|inactive|Battle timer is ON: inactive players will automatically lose when time's up. (requested by Dark Umbreon 08)\n|\n|t:|1699900779\n|start\n|switch|p1a: Blaziken|Blaziken, M|100\/100\n|switch|p2a: Ferrothorn|Ferrothorn, M, shiny|100\/100\n|turn|1\n|\n|t:|1699900806\n|-terastallize|p2a: Ferrothorn|Water\n|move|p1a: Blaziken|Swagger|p2a: Ferrothorn\n|-boost|p2a: Ferrothorn|atk|2\n|-enditem|p1a: Blaziken|Mirror Herb\n|-boost|p1a: Blaziken|atk|2|[from] item: Mirror Herb\n|-start|p2a: Ferrothorn|confusion\n|-activate|p2a: Ferrothorn|confusion\n|move|p2a: Ferrothorn|Leech Seed|p1a: Blaziken\n|-start|p1a: Blaziken|move: Leech Seed\n|\n|-damage|p1a: Blaziken|88\/100|[from] Leech Seed|[of] p2a: Ferrothorn\n|-ability|p1a: Blaziken|Speed Boost|boost\n|-boost|p1a: Blaziken|spe|1\n|upkeep\n|turn|2\n|\n|t:|1699900818\n|move|p1a: Blaziken|Focus Energy|p1a: Blaziken\n|-start|p1a: Blaziken|move: Focus Energy\n|-activate|p2a: Ferrothorn|confusion\n|-damage|p2a: Ferrothorn|88\/100|[from] confusion\n|\n|-heal|p2a: Ferrothorn|94\/100|[from] item: Leftovers\n|-damage|p1a: Blaziken|76\/100|[from] Leech Seed|[of] p2a: Ferrothorn\n|-heal|p2a: Ferrothorn|100\/100|[silent]\n|-ability|p1a: Blaziken|Speed Boost|boost\n|-boost|p1a: Blaziken|spe|1\n|upkeep\n|turn|3\n|\n|t:|1699900827\n|move|p1a: Blaziken|Close Combat|p2a: Ferrothorn\n|-crit|p2a: Ferrothorn\n|-damage|p2a: Ferrothorn|0 fnt\n|-unboost|p1a: Blaziken|def|1\n|-unboost|p1a: Blaziken|spd|1\n|-damage|p1a: Blaziken|64\/100|[from] ability: Iron Barbs|[of] p2a: Ferrothorn\n|faint|p2a: Ferrothorn\n|\n|-ability|p1a: Blaziken|Speed Boost|boost\n|-boost|p1a: Blaziken|spe|1\n|upkeep\n|\n|t:|1699900837\n|switch|p2a: Garchomp|Garchomp, F, shiny|100\/100\n|turn|4\n|\n|t:|1699900843\n|detailschange|p2a: Garchomp|Garchomp-Mega, F, shiny\n|-mega|p2a: Garchomp|Garchomp|Garchompite\n|-terastallize|p1a: Blaziken|Flying\n|move|p1a: Blaziken|Close Combat|p2a: Garchomp\n|-damage|p2a: Garchomp|0 fnt\n|-unboost|p1a: Blaziken|def|1\n|-unboost|p1a: Blaziken|spd|1\n|faint|p2a: Garchomp\n|\n|-ability|p1a: Blaziken|Speed Boost|boost\n|-boost|p1a: Blaziken|spe|1\n|upkeep\n|c|\u2606Ttar2pro|bro\n|c|\u2606Ttar2pro|holy shit\n|c|\u2606Ttar2pro|well played!\n|\n|t:|1699900863\n|switch|p2a: Sneasler|Sneasler, M, shiny|100\/100\n|turn|5\n|\n|t:|1699900871\n|switch|p2a: Garganacl|Garganacl, F, shiny|100\/100\n|move|p1a: Blaziken|Blaze Kick|p2a: Garganacl\n|-resisted|p2a: Garganacl\n|-crit|p2a: Garganacl\n|-damage|p2a: Garganacl|55\/100\n|-damage|p1a: Blaziken|47\/100|[from] item: Rocky Helmet|[of] p2a: Garganacl\n|\n|-damage|p1a: Blaziken|35\/100|[from] Leech Seed|[of] p2a: Garganacl\n|-heal|p2a: Garganacl|64\/100|[silent]\n|-ability|p1a: Blaziken|Speed Boost|boost\n|-boost|p1a: Blaziken|spe|1\n|upkeep\n|turn|6\n|\n|t:|1699900882\n|switch|p2a: Tapu Koko|Tapu Koko, shiny|100\/100\n|-fieldstart|move: Electric Terrain|[from] ability: Electric Surge|[of] p2a: Tapu Koko\n|move|p1a: Blaziken|Close Combat|p2a: Tapu Koko\n|-resisted|p2a: Tapu Koko\n|-crit|p2a: Tapu Koko\n|-damage|p2a: Tapu Koko|0 fnt\n|-unboost|p1a: Blaziken|def|1\n|-unboost|p1a: Blaziken|spd|1\n|faint|p2a: Tapu Koko\n|\n|-ability|p1a: Blaziken|Speed Boost|boost\n|-boost|p1a: Blaziken|spe|1\n|upkeep\n|\n|t:|1699900896\n|switch|p2a: Garganacl|Garganacl, F, shiny|64\/100\n|turn|7\n|\n|t:|1699900900\n|move|p1a: Blaziken|Close Combat|p2a: Garganacl\n|-supereffective|p2a: Garganacl\n|-damage|p2a: Garganacl|0 fnt\n|-unboost|p1a: Blaziken|def|1\n|-unboost|p1a: Blaziken|spd|1\n|-damage|p1a: Blaziken|18\/100|[from] item: Rocky Helmet|[of] p2a: Garganacl\n|faint|p2a: Garganacl\n|\n|upkeep\n|\n|t:|1699900910\n|switch|p2a: Volcarona|Volcarona, F, shiny|100\/100\n|turn|8\n|\n|t:|1699900916\n|move|p1a: Blaziken|Blaze Kick|p2a: Volcarona\n|-crit|p2a: Volcarona\n|-damage|p2a: Volcarona|0 fnt\n|-status|p1a: Blaziken|brn|[from] ability: Flame Body|[of] p2a: Volcarona\n|faint|p2a: Volcarona\n|\n|-damage|p1a: Blaziken|12\/100 brn|[from] brn\n|upkeep\n|\n|t:|1699900922\n|switch|p2a: Sneasler|Sneasler, M, shiny|100\/100\n|-enditem|p2a: Sneasler|Electric Seed\n|-boost|p2a: Sneasler|def|1|[from] item: Electric Seed\n|turn|9\n|\n|t:|1699900931\n|move|p1a: Blaziken|Blaze Kick|p2a: Sneasler\n|-crit|p2a: Sneasler\n|-damage|p2a: Sneasler|0 fnt\n|faint|p2a: Sneasler\n|\n|win|Dark Umbreon 08\n|raw|Dark Umbreon 08's rating: 1000 &rarr; <strong>1045<\/strong><br \/>(+45 for winning)\n|raw|Ttar2pro's rating: 1041 &rarr; <strong>1023<\/strong><br \/>(-18 for losing)\n|c|\u2606Dark Umbreon 08|Gg\n|c|\u2606Ttar2pro|dude\n|c|\u2606Ttar2pro|\"gg\" xD\n|c|\u2606Ttar2pro|yeh right, that was nuts\n|c|\u2606Ttar2pro|butt gg to you bud, I've never seen something like that before\n|l|\u2606Ttar2pro\n","uploadtime":1699900987,"views":4,"p1id":"darkumbreon08","p2id":"ttar2pro","formatid":"gen9nationaldex","rating":1023,"private":0,"password":""}