{"id":"gen9nationaldex-2000253252","p1":"PedroDS4","p2":"huangrice","format":"[Gen 9] National Dex","log":"|html|<div class=\"broadcast-blue\"><strong>[Gen 9] National Dex is currently suspecting Sneasler! For information on how to participate check out the <a href=\"https:\/\/www.smogon.com\/forums\/threads\/sv-national-dex-suspect-8-just-dance.3731534\/\">suspect thread<\/a>.<\/strong><\/div>\n|j|\u2606PedroDS4\n|j|\u2606huangrice\n|t:|1701177889\n|gametype|singles\n|player|p1|PedroDS4|102|1143\n|player|p2|huangrice|supernerd|1127\n|teamsize|p1|6\n|teamsize|p2|6\n|gen|9\n|tier|[Gen 9] National Dex\n|rated|\n|rule|HP Percentage Mod: HP is shown in percentages\n|rule|Endless Battle Clause: Forcing endless battles is banned\n|rule|OHKO Clause: OHKO moves are banned\n|rule|Evasion Clause: Evasion abilities, items, and moves are banned\n|rule|Evasion Abilities Clause: Evasion abilities are banned\n|rule|Evasion Items Clause: Evasion items are banned\n|rule|Evasion Moves Clause: Evasion moves are banned\n|rule|Species Clause: Limit one of each Pok\u00e9mon\n|rule|Sleep Clause Mod: Limit one foe put to sleep\n|clearpoke\n|poke|p1|Pikachu-Alola, M|\n|poke|p1|Aegislash, M|\n|poke|p1|Aerodactyl, F|\n|poke|p1|Goodra-Hisui, F|\n|poke|p1|Serperior, F|\n|poke|p1|Cinderace, M|\n|poke|p2|Diancie|\n|poke|p2|Magnezone|\n|poke|p2|Landorus-Therian, M|\n|poke|p2|Raichu-Alola, F|\n|poke|p2|Tapu Koko|\n|poke|p2|Keldeo-Resolute|\n|teampreview\n|inactive|Battle timer is ON: inactive players will automatically lose when time's up. (requested by huangrice)\n|\n|t:|1701177897\n|start\n|switch|p1a: Goodra|Goodra-Hisui, F, shiny|100\/100\n|switch|p2a: Diancie|Diancie|100\/100\n|turn|1\n|\n|t:|1701177904\n|detailschange|p2a: Diancie|Diancie-Mega\n|-mega|p2a: Diancie|Diancie|Diancite\n|move|p2a: Diancie|Protect|p2a: Diancie\n|-singleturn|p2a: Diancie|Protect\n|move|p1a: Goodra|Hydro Pump|p2a: Diancie\n|-activate|p2a: Diancie|move: Protect\n|\n|upkeep\n|turn|2\n|\n|t:|1701177920\n|switch|p2a: Keldeo|Keldeo-Resolute|100\/100\n|-zpower|p1a: Goodra\n|move|p1a: Goodra|Subzero Slammer|p2a: Keldeo|[zeffect]\n|-resisted|p2a: Keldeo\n|-damage|p2a: Keldeo|64\/100\n|\n|upkeep\n|turn|3\n|\n|t:|1701177929\n|move|p2a: Keldeo|Secret Sword|p1a: Goodra\n|-supereffective|p1a: Goodra\n|-damage|p1a: Goodra|0 fnt\n|faint|p1a: Goodra\n|\n|upkeep\n|\n|t:|1701177936\n|switch|p1a: Serperior|Serperior, F|100\/100\n|turn|4\n|inactive|huangrice has 120 seconds left.\n|\n|t:|1701177974\n|switch|p2a: Landorus|Landorus-Therian, M|100\/100\n|-ability|p2a: Landorus|Intimidate|boost\n|-boost|p1a: Serperior|atk|1\n|move|p1a: Serperior|Leaf Storm|p2a: Landorus\n|-damage|p2a: Landorus|34\/100\n|-boost|p1a: Serperior|spa|2\n|\n|upkeep\n|turn|5\n|inactive|huangrice has 120 seconds left.\n|\n|t:|1701177984\n|move|p1a: Serperior|Leaf Storm|p2a: Landorus\n|-damage|p2a: Landorus|0 fnt\n|-boost|p1a: Serperior|spa|2\n|faint|p2a: Landorus\n|\n|upkeep\n|\n|t:|1701177995\n|switch|p2a: Tapu Koko|Tapu Koko|100\/100\n|-fieldstart|move: Electric Terrain|[from] ability: Electric Surge|[of] p2a: Tapu Koko\n|turn|6\n|\n|t:|1701178002\n|move|p2a: Tapu Koko|Nature's Madness|p1a: Serperior\n|-damage|p1a: Serperior|51\/100\n|move|p1a: Serperior|Leaf Storm|p2a: Tapu Koko\n|-damage|p2a: Tapu Koko|0 fnt\n|-boost|p1a: Serperior|spa|2\n|faint|p2a: Tapu Koko\n|\n|upkeep\n|\n|t:|1701178013\n|switch|p2a: Raichu|Raichu-Alola, F|100\/100\n|turn|7\n|\n|t:|1701178026\n|move|p2a: Raichu|Rising Voltage|p1a: Serperior\n|-hint|Rising Voltage's BP doubled on grounded target.\n|-resisted|p1a: Serperior\n|-damage|p1a: Serperior|0 fnt\n|faint|p1a: Serperior\n|-damage|p2a: Raichu|91\/100|[from] item: Life Orb\n|\n|upkeep\n|\n|t:|1701178035\n|switch|p1a: Cinderace|Cinderace, M|100\/100\n|turn|8\n|\n|t:|1701178038\n|move|p2a: Raichu|Rising Voltage|p1a: Cinderace\n|-hint|Rising Voltage's BP doubled on grounded target.\n|-damage|p1a: Cinderace|0 fnt\n|faint|p1a: Cinderace\n|-damage|p2a: Raichu|81\/100|[from] item: Life Orb\n|\n|upkeep\n|\n|t:|1701178048\n|switch|p1a: Aegislash|Aegislash, M|100\/100\n|turn|9\n|inactive|huangrice has 120 seconds left.\n|\n|t:|1701178078\n|-terastallize|p2a: Raichu|Electric\n|move|p2a: Raichu|Rising Voltage|p1a: Aegislash\n|-hint|Rising Voltage's BP doubled on grounded target.\n|-damage|p1a: Aegislash|0 fnt\n|faint|p1a: Aegislash\n|-damage|p2a: Raichu|71\/100|[from] item: Life Orb\n|\n|upkeep\n|\n|t:|1701178085\n|switch|p1a: Aerodactyl|Aerodactyl, F|100\/100\n|turn|10\n|\n|t:|1701178095\n|detailschange|p1a: Aerodactyl|Aerodactyl-Mega, F\n|-mega|p1a: Aerodactyl|Aerodactyl|Aerodactylite\n|move|p2a: Raichu|Rising Voltage|p1a: Aerodactyl\n|-supereffective|p1a: Aerodactyl\n|-damage|p1a: Aerodactyl|0 fnt\n|faint|p1a: Aerodactyl\n|-damage|p2a: Raichu|61\/100|[from] item: Life Orb\n|\n|upkeep\n|\n|t:|1701178099\n|switch|p1a: Pikachu|Pikachu-Alola, M|100\/100\n|turn|11\n|\n|t:|1701178105\n|move|p2a: Raichu|Psychic|p1a: Pikachu\n|-damage|p1a: Pikachu|0 fnt\n|faint|p1a: Pikachu\n|-damage|p2a: Raichu|51\/100|[from] item: Life Orb\n|\n|win|huangrice\n|raw|PedroDS4's rating: 1143 &rarr; <strong>1117<\/strong><br \/>(-26 for losing)\n|raw|huangrice's rating: 1127 &rarr; <strong>1153<\/strong><br \/>(+26 for winning)\n|l|\u2606PedroDS4\n|c|\u2606huangrice|gg\n|l|\u2606huangrice\n|j|\u2606huangrice\n|player|p2|huangrice|supernerd\n","uploadtime":1701178258,"views":3,"p1id":"pedrods4","p2id":"huangrice","formatid":"gen9nationaldex","rating":1117,"private":0,"password":""}