{"id":"gen9nationaldex-1987223104","p1":"Masorad","p2":"PokeGodlol","format":"[Gen 9] National Dex","log":"|j|\u2606Masorad\n|j|\u2606PokeGodlol\n|t:|1699566778\n|gametype|singles\n|player|p1|Masorad|hugh|1069\n|player|p2|PokeGodlol|red|1003\n|teamsize|p1|6\n|teamsize|p2|6\n|gen|9\n|tier|[Gen 9] National Dex\n|rated|\n|rule|HP Percentage Mod: HP is shown in percentages\n|rule|Endless Battle Clause: Forcing endless battles is banned\n|rule|OHKO Clause: OHKO moves are banned\n|rule|Evasion Clause: Evasion abilities, items, and moves are banned\n|rule|Evasion Abilities Clause: Evasion abilities are banned\n|rule|Evasion Items Clause: Evasion items are banned\n|rule|Evasion Moves Clause: Evasion moves are banned\n|rule|Species Clause: Limit one of each Pok\u00e9mon\n|rule|Sleep Clause Mod: Limit one foe put to sleep\n|clearpoke\n|poke|p1|Hoopa|\n|poke|p1|Sableye, F|\n|poke|p1|Garchomp, M|\n|poke|p1|Swellow, M|\n|poke|p1|Volcarona, F|\n|poke|p1|Registeel|\n|poke|p2|Archeops, M|\n|poke|p2|Venusaur, M|\n|poke|p2|Milotic, F|\n|poke|p2|Heatran, M|\n|poke|p2|Tyrantrum, M|\n|poke|p2|Aurorus, F|\n|teampreview\n|inactive|Battle timer is ON: inactive players will automatically lose when time's up. (requested by PokeGodlol)\n|\n|t:|1699566784\n|start\n|switch|p1a: Greta|Hoopa|100\/100\n|switch|p2a: Trummy|Tyrantrum, M|100\/100\n|turn|1\n|\n|t:|1699566792\n|move|p1a: Greta|Focus Blast|p2a: Trummy\n|-supereffective|p2a: Trummy\n|-damage|p2a: Trummy|0 fnt\n|faint|p2a: Trummy\n|\n|upkeep\n|\n|t:|1699566798\n|switch|p2a: Rora|Aurorus, F|100\/100\n|-weather|Snow|[from] ability: Snow Warning|[of] p2a: Rora\n|turn|2\n|\n|t:|1699566804\n|move|p1a: Greta|Focus Blast|p2a: Rora\n|-supereffective|p2a: Rora\n|-crit|p2a: Rora\n|-enditem|p2a: Rora|Focus Sash\n|-damage|p2a: Rora|1\/100\n|move|p2a: Rora|Ancient Power|p1a: Greta\n|-damage|p1a: Greta|73\/100\n|\n|-weather|Snow|[upkeep]\n|upkeep\n|turn|3\n|\n|t:|1699566814\n|move|p1a: Greta|Focus Blast|p2a: Rora\n|-supereffective|p2a: Rora\n|-damage|p2a: Rora|0 fnt\n|faint|p2a: Rora\n|\n|-weather|Snow|[upkeep]\n|upkeep\n|\n|t:|1699566820\n|switch|p2a: Heatry|Heatran, M|100\/100\n|turn|4\n|\n|t:|1699566828\n|-terastallize|p2a: Heatry|Fire\n|move|p1a: Greta|Focus Blast|p2a: Heatry\n|-damage|p2a: Heatry|67\/100\n|move|p2a: Heatry|Magma Storm|p1a: Greta\n|-damage|p1a: Greta|7\/100\n|-activate|p1a: Greta|move: Magma Storm|[of] p2a: Heatry\n|\n|-weather|Snow|[upkeep]\n|-heal|p2a: Heatry|73\/100|[from] item: Leftovers\n|-damage|p1a: Greta|0 fnt|[from] move: Magma Storm|[partiallytrapped]\n|faint|p1a: Greta\n|upkeep\n|\n|t:|1699566840\n|switch|p1a: Otto|Garchomp, M|100\/100\n|turn|5\n|\n|t:|1699566847\n|move|p2a: Heatry|Protect|p2a: Heatry\n|-singleturn|p2a: Heatry|Protect\n|move|p1a: Otto|Scale Shot|p2a: Heatry\n|-activate|p2a: Heatry|move: Protect\n|\n|-weather|Snow|[upkeep]\n|-heal|p2a: Heatry|79\/100|[from] item: Leftovers\n|upkeep\n|turn|6\n|\n|t:|1699566855\n|move|p1a: Otto|Earthquake|p2a: Heatry\n|-supereffective|p2a: Heatry\n|-damage|p2a: Heatry|3\/100\n|move|p2a: Heatry|Magma Storm|p1a: Otto\n|-resisted|p1a: Otto\n|-damage|p1a: Otto|69\/100\n|-activate|p1a: Otto|move: Magma Storm|[of] p2a: Heatry\n|\n|-weather|none\n|-heal|p2a: Heatry|9\/100|[from] item: Leftovers\n|-damage|p1a: Otto|56\/100|[from] move: Magma Storm|[partiallytrapped]\n|upkeep\n|turn|7\n|\n|t:|1699566864\n|move|p2a: Heatry|Protect|p2a: Heatry\n|-singleturn|p2a: Heatry|Protect\n|move|p1a: Otto|Scale Shot|p2a: Heatry\n|-activate|p2a: Heatry|move: Protect\n|\n|-heal|p2a: Heatry|15\/100|[from] item: Leftovers\n|-damage|p1a: Otto|44\/100|[from] move: Magma Storm|[partiallytrapped]\n|upkeep\n|turn|8\n|\n|t:|1699566873\n|move|p2a: Heatry|Protect||[still]\n|-fail|p2a: Heatry\n|move|p1a: Otto|Scale Shot|p2a: Heatry\n|-crit|p2a: Heatry\n|-damage|p2a: Heatry|1\/100\n|-damage|p2a: Heatry|0 fnt\n|faint|p2a: Heatry\n|-hitcount|p2: Heatry|2\n|-unboost|p1a: Otto|def|1\n|-boost|p1a: Otto|spe|1\n|-enditem|p1a: Otto|White Herb\n|-clearnegativeboost|p1a: Otto|[silent]\n|\n|-end|p1a: Otto|Magma Storm|[partiallytrapped]|[silent]\n|upkeep\n|\n|t:|1699566887\n|switch|p2a: Mila|Milotic, F, shiny|100\/100\n|turn|9\n|\n|t:|1699566895\n|switch|p1a: 5ushi|Registeel|100\/100\n|move|p2a: Mila|Ice Beam|p1a: 5ushi\n|-resisted|p1a: 5ushi\n|-damage|p1a: 5ushi|96\/100\n|\n|-heal|p1a: 5ushi|100\/100|[from] item: Leftovers\n|upkeep\n|turn|10\n|\n|t:|1699566903\n|move|p2a: Mila|Scald|p1a: 5ushi\n|-damage|p1a: 5ushi|86\/100\n|move|p1a: 5ushi|Curse|p1a: 5ushi\n|-unboost|p1a: 5ushi|spe|1\n|-boost|p1a: 5ushi|atk|1\n|-boost|p1a: 5ushi|def|1\n|\n|-heal|p1a: 5ushi|93\/100|[from] item: Leftovers\n|upkeep\n|turn|11\n|\n|t:|1699566912\n|move|p2a: Mila|Scald|p1a: 5ushi\n|-damage|p1a: 5ushi|79\/100\n|move|p1a: 5ushi|Curse|p1a: 5ushi\n|-unboost|p1a: 5ushi|spe|1\n|-boost|p1a: 5ushi|atk|1\n|-boost|p1a: 5ushi|def|1\n|\n|-heal|p1a: 5ushi|85\/100|[from] item: Leftovers\n|upkeep\n|turn|12\n|\n|t:|1699566921\n|move|p2a: Mila|Scald|p1a: 5ushi\n|-damage|p1a: 5ushi|70\/100\n|move|p1a: 5ushi|Curse|p1a: 5ushi\n|-unboost|p1a: 5ushi|spe|1\n|-boost|p1a: 5ushi|atk|1\n|-boost|p1a: 5ushi|def|1\n|\n|-heal|p1a: 5ushi|76\/100|[from] item: Leftovers\n|upkeep\n|turn|13\n|\n|t:|1699566932\n|move|p2a: Mila|Scald|p1a: 5ushi\n|-damage|p1a: 5ushi|61\/100\n|-status|p1a: 5ushi|brn\n|move|p1a: 5ushi|Curse|p1a: 5ushi\n|-unboost|p1a: 5ushi|spe|1\n|-boost|p1a: 5ushi|atk|1\n|-boost|p1a: 5ushi|def|1\n|\n|-heal|p1a: 5ushi|68\/100 brn|[from] item: Leftovers\n|-damage|p1a: 5ushi|61\/100 brn|[from] brn\n|upkeep\n|turn|14\n|\n|t:|1699566942\n|move|p2a: Mila|Scald|p1a: 5ushi\n|-damage|p1a: 5ushi|47\/100 brn\n|move|p1a: 5ushi|Rest|p1a: 5ushi\n|-status|p1a: 5ushi|slp|[from] move: Rest\n|-heal|p1a: 5ushi|100\/100 slp|[silent]\n|\n|upkeep\n|turn|15\n|\n|t:|1699566949\n|move|p2a: Mila|Scald|p1a: 5ushi\n|-damage|p1a: 5ushi|86\/100 slp\n|cant|p1a: 5ushi|slp\n|move|p1a: 5ushi|Sleep Talk|p1a: 5ushi\n|move|p1a: 5ushi|Rest||[from]move: Sleep Talk|[still]\n|-fail|p1a: 5ushi\n|\n|-heal|p1a: 5ushi|93\/100 slp|[from] item: Leftovers\n|upkeep\n|turn|16\n|\n|t:|1699566959\n|switch|p2a: Arry|Archeops, M|100\/100\n|cant|p1a: 5ushi|slp\n|move|p1a: 5ushi|Sleep Talk|p1a: 5ushi\n|move|p1a: 5ushi|Curse|p1a: 5ushi|[from]move: Sleep Talk\n|-unboost|p1a: 5ushi|spe|1\n|-boost|p1a: 5ushi|atk|1\n|-boost|p1a: 5ushi|def|1\n|\n|-heal|p1a: 5ushi|99\/100 slp|[from] item: Leftovers\n|upkeep\n|turn|17\n|\n|t:|1699566970\n|-zpower|p2a: Arry\n|move|p2a: Arry|Continental Crush|p1a: 5ushi|[zeffect]\n|-resisted|p1a: 5ushi\n|-damage|p1a: 5ushi|88\/100 slp\n|-curestatus|p1a: 5ushi|slp|[msg]\n|move|p1a: 5ushi|Iron Head|p2a: Arry\n|-supereffective|p2a: Arry\n|-damage|p2a: Arry|0 fnt\n|faint|p2a: Arry\n|\n|-heal|p1a: 5ushi|94\/100|[from] item: Leftovers\n|upkeep\n|\n|t:|1699566985\n|switch|p2a: Mega Venu|Venusaur, M, shiny|100\/100\n|turn|18\n|\n|t:|1699566991\n|detailschange|p2a: Mega Venu|Venusaur-Mega, M, shiny\n|-mega|p2a: Mega Venu|Venusaur|Venusaurite\n|move|p2a: Mega Venu|Toxic|p1a: 5ushi\n|-immune|p1a: 5ushi\n|move|p1a: 5ushi|Iron Head|p2a: Mega Venu\n|-damage|p2a: Mega Venu|22\/100\n|\n|-heal|p1a: 5ushi|99\/100|[from] item: Leftovers\n|upkeep\n|turn|19\n|\n|t:|1699567003\n|-terastallize|p1a: 5ushi|Dragon\n|move|p2a: Mega Venu|Earth Power|p1a: 5ushi\n|-damage|p1a: 5ushi|82\/100\n|move|p1a: 5ushi|Curse|p1a: 5ushi\n|-unboost|p1a: 5ushi|spe|1\n|-boost|p1a: 5ushi|atk|1\n|-boost|p1a: 5ushi|def|1\n|\n|-heal|p1a: 5ushi|88\/100|[from] item: Leftovers\n|upkeep\n|turn|20\n|\n|t:|1699567015\n|move|p2a: Mega Venu|Earth Power|p1a: 5ushi\n|-damage|p1a: 5ushi|71\/100\n|move|p1a: 5ushi|Iron Head|p2a: Mega Venu\n|-damage|p2a: Mega Venu|0 fnt\n|faint|p2a: Mega Venu\n|\n|-heal|p1a: 5ushi|77\/100|[from] item: Leftovers\n|upkeep\n|\n|t:|1699567023\n|switch|p2a: Mila|Milotic, F, shiny|100\/100\n|turn|21\n|\n|t:|1699567026\n|move|p2a: Mila|Ice Beam|p1a: 5ushi\n|-supereffective|p1a: 5ushi\n|-crit|p1a: 5ushi\n|-damage|p1a: 5ushi|44\/100\n|move|p1a: 5ushi|Iron Head|p2a: Mila\n|-resisted|p2a: Mila\n|-damage|p2a: Mila|58\/100\n|\n|-heal|p2a: Mila|64\/100|[from] item: Leftovers\n|-heal|p1a: 5ushi|50\/100|[from] item: Leftovers\n|upkeep\n|turn|22\n|\n|t:|1699567036\n|move|p2a: Mila|Ice Beam|p1a: 5ushi\n|-supereffective|p1a: 5ushi\n|-damage|p1a: 5ushi|27\/100\n|move|p1a: 5ushi|Rest|p1a: 5ushi\n|-status|p1a: 5ushi|slp|[from] move: Rest\n|-heal|p1a: 5ushi|100\/100 slp|[silent]\n|\n|-heal|p2a: Mila|70\/100|[from] item: Leftovers\n|upkeep\n|turn|23\n|\n|t:|1699567044\n|move|p2a: Mila|Recover|p2a: Mila\n|-heal|p2a: Mila|100\/100\n|cant|p1a: 5ushi|slp\n|move|p1a: 5ushi|Sleep Talk|p1a: 5ushi\n|move|p1a: 5ushi|Rest||[from]move: Sleep Talk|[still]\n|-fail|p1a: 5ushi\n|\n|upkeep\n|turn|24\n|c|\u2606Masorad|Haze would've been great on that milotic\n|c|\u2606Masorad|I highly recommend it\n|\n|t:|1699567071\n|move|p2a: Mila|Ice Beam|p1a: 5ushi\n|-supereffective|p1a: 5ushi\n|-damage|p1a: 5ushi|79\/100 slp\n|cant|p1a: 5ushi|slp\n|move|p1a: 5ushi|Sleep Talk|p1a: 5ushi\n|move|p1a: 5ushi|Rest||[from]move: Sleep Talk|[still]\n|-fail|p1a: 5ushi\n|\n|-heal|p1a: 5ushi|85\/100 slp|[from] item: Leftovers\n|upkeep\n|turn|25\n|c|\u2606PokeGodlol|lol true but i dont usually get in this situation often\n|\n|t:|1699567087\n|move|p2a: Mila|Ice Beam|p1a: 5ushi\n|-supereffective|p1a: 5ushi\n|-damage|p1a: 5ushi|64\/100 slp\n|-curestatus|p1a: 5ushi|slp|[msg]\n|move|p1a: 5ushi|Iron Head|p2a: Mila\n|-resisted|p2a: Mila\n|-damage|p2a: Mila|60\/100\n|\n|-heal|p2a: Mila|66\/100|[from] item: Leftovers\n|-heal|p1a: 5ushi|70\/100|[from] item: Leftovers\n|upkeep\n|turn|26\n|\n|t:|1699567098\n|move|p2a: Mila|Recover|p2a: Mila\n|-heal|p2a: Mila|100\/100\n|move|p1a: 5ushi|Iron Head|p2a: Mila\n|-resisted|p2a: Mila\n|-damage|p2a: Mila|59\/100\n|\n|-heal|p2a: Mila|65\/100|[from] item: Leftovers\n|-heal|p1a: 5ushi|76\/100|[from] item: Leftovers\n|upkeep\n|turn|27\n|c|\u2606Masorad|Good against shellsmash and quiverdancd too\n|\n|t:|1699567118\n|move|p2a: Mila|Ice Beam|p1a: 5ushi\n|-supereffective|p1a: 5ushi\n|-damage|p1a: 5ushi|56\/100\n|move|p1a: 5ushi|Iron Head|p2a: Mila\n|-resisted|p2a: Mila\n|-damage|p2a: Mila|26\/100\n|\n|-heal|p2a: Mila|32\/100|[from] item: Leftovers\n|-heal|p1a: 5ushi|62\/100|[from] item: Leftovers\n|upkeep\n|turn|28\n|c|\u2606PokeGodlol|:)\n|\n|t:|1699567129\n|move|p2a: Mila|Scald|p1a: 5ushi\n|-resisted|p1a: 5ushi\n|-damage|p1a: 5ushi|55\/100\n|-status|p1a: 5ushi|brn\n|move|p1a: 5ushi|Iron Head|p2a: Mila\n|-resisted|p2a: Mila\n|-damage|p2a: Mila|13\/100\n|\n|-heal|p2a: Mila|19\/100|[from] item: Leftovers\n|-heal|p1a: 5ushi|61\/100 brn|[from] item: Leftovers\n|-damage|p1a: 5ushi|55\/100 brn|[from] brn\n|upkeep\n|turn|29\n|\n|t:|1699567141\n|move|p2a: Mila|Recover|p2a: Mila\n|-heal|p2a: Mila|69\/100\n|move|p1a: 5ushi|Rest|p1a: 5ushi\n|-status|p1a: 5ushi|slp|[from] move: Rest\n|-heal|p1a: 5ushi|100\/100 slp|[silent]\n|\n|-heal|p2a: Mila|75\/100|[from] item: Leftovers\n|upkeep\n|turn|30\n|\n|t:|1699567149\n|move|p2a: Mila|Recover|p2a: Mila\n|-heal|p2a: Mila|100\/100\n|cant|p1a: 5ushi|slp\n|move|p1a: 5ushi|Sleep Talk|p1a: 5ushi\n|move|p1a: 5ushi|Rest||[from]move: Sleep Talk|[still]\n|-fail|p1a: 5ushi\n|\n|upkeep\n|turn|31\n|\n|t:|1699567156\n|move|p2a: Mila|Ice Beam|p1a: 5ushi\n|-supereffective|p1a: 5ushi\n|-damage|p1a: 5ushi|79\/100 slp\n|cant|p1a: 5ushi|slp\n|move|p1a: 5ushi|Sleep Talk|p1a: 5ushi\n|move|p1a: 5ushi|Iron Head|p2a: Mila|[from]move: Sleep Talk\n|-resisted|p2a: Mila\n|-damage|p2a: Mila|63\/100\n|\n|-heal|p2a: Mila|69\/100|[from] item: Leftovers\n|-heal|p1a: 5ushi|85\/100 slp|[from] item: Leftovers\n|upkeep\n|turn|32\n|c|\u2606Masorad|Whats the 4th move?\n|\n|t:|1699567183\n|move|p2a: Mila|Ice Beam|p1a: 5ushi\n|-supereffective|p1a: 5ushi\n|-damage|p1a: 5ushi|63\/100 slp\n|-curestatus|p1a: 5ushi|slp|[msg]\n|move|p1a: 5ushi|Iron Head|p2a: Mila\n|-resisted|p2a: Mila\n|-damage|p2a: Mila|29\/100\n|\n|-heal|p2a: Mila|35\/100|[from] item: Leftovers\n|-heal|p1a: 5ushi|69\/100|[from] item: Leftovers\n|upkeep\n|turn|33\n|c|\u2606PokeGodlol|y would i wanna tell u\n|\n|t:|1699567195\n|move|p2a: Mila|Recover|p2a: Mila\n|-heal|p2a: Mila|85\/100\n|move|p1a: 5ushi|Rest|p1a: 5ushi\n|-status|p1a: 5ushi|slp|[from] move: Rest\n|-heal|p1a: 5ushi|100\/100 slp|[silent]\n|\n|-heal|p2a: Mila|91\/100|[from] item: Leftovers\n|upkeep\n|turn|34\n|c|\u2606Masorad|Not like its gonna turn tables ..\n|c|\u2606Masorad|Just curious\n|c|\u2606Masorad|Cause i run milotic sets too\n|c|\u2606PokeGodlol|true i havent even used it\n|inactive|Masorad has 120 seconds left.\n|\n|t:|1699567223\n|move|p2a: Mila|Recover|p2a: Mila\n|-heal|p2a: Mila|100\/100\n|cant|p1a: 5ushi|slp\n|move|p1a: 5ushi|Sleep Talk|p1a: 5ushi\n|move|p1a: 5ushi|Curse|p1a: 5ushi|[from]move: Sleep Talk\n|\n|upkeep\n|turn|35\n|\n|t:|1699567238\n|move|p2a: Mila|Ice Beam|p1a: 5ushi\n|-supereffective|p1a: 5ushi\n|-damage|p1a: 5ushi|81\/100 slp\n|cant|p1a: 5ushi|slp\n|move|p1a: 5ushi|Sleep Talk|p1a: 5ushi\n|move|p1a: 5ushi|Rest||[from]move: Sleep Talk|[still]\n|-fail|p1a: 5ushi\n|\n|-heal|p1a: 5ushi|87\/100 slp|[from] item: Leftovers\n|upkeep\n|turn|36\n|\n|t:|1699567247\n|move|p2a: Mila|Ice Beam|p1a: 5ushi\n|-supereffective|p1a: 5ushi\n|-damage|p1a: 5ushi|66\/100 slp\n|-curestatus|p1a: 5ushi|slp|[msg]\n|move|p1a: 5ushi|Iron Head|p2a: Mila\n|-resisted|p2a: Mila\n|-damage|p2a: Mila|58\/100\n|\n|-heal|p2a: Mila|64\/100|[from] item: Leftovers\n|-heal|p1a: 5ushi|72\/100|[from] item: Leftovers\n|upkeep\n|turn|37\n|\n|t:|1699567256\n|move|p2a: Mila|Ice Beam|p1a: 5ushi\n|-supereffective|p1a: 5ushi\n|-damage|p1a: 5ushi|50\/100\n|move|p1a: 5ushi|Iron Head|p2a: Mila\n|-resisted|p2a: Mila\n|-damage|p2a: Mila|20\/100\n|\n|-heal|p2a: Mila|26\/100|[from] item: Leftovers\n|-heal|p1a: 5ushi|56\/100|[from] item: Leftovers\n|upkeep\n|turn|38\n|\n|t:|1699567265\n|move|p2a: Mila|Recover|p2a: Mila\n|-heal|p2a: Mila|76\/100\n|move|p1a: 5ushi|Iron Head|p2a: Mila\n|-resisted|p2a: Mila\n|-damage|p2a: Mila|37\/100\n|\n|-heal|p2a: Mila|43\/100|[from] item: Leftovers\n|-heal|p1a: 5ushi|62\/100|[from] item: Leftovers\n|upkeep\n|turn|39\n|\n|t:|1699567278\n|move|p2a: Mila|Ice Beam|p1a: 5ushi\n|-supereffective|p1a: 5ushi\n|-damage|p1a: 5ushi|42\/100\n|move|p1a: 5ushi|Iron Head|p2a: Mila\n|-resisted|p2a: Mila\n|-damage|p2a: Mila|1\/100\n|\n|-heal|p2a: Mila|7\/100|[from] item: Leftovers\n|-heal|p1a: 5ushi|48\/100|[from] item: Leftovers\n|upkeep\n|turn|40\n|\n|t:|1699567286\n|move|p2a: Mila|Recover|p2a: Mila\n|-heal|p2a: Mila|57\/100\n|move|p1a: 5ushi|Iron Head|p2a: Mila\n|-resisted|p2a: Mila\n|-damage|p2a: Mila|18\/100\n|\n|-heal|p2a: Mila|24\/100|[from] item: Leftovers\n|-heal|p1a: 5ushi|54\/100|[from] item: Leftovers\n|upkeep\n|turn|41\n|c|\u2606PokeGodlol|oh no\n|c|\u2606PokeGodlol|im out of pp\n|inactive|PokeGodlol has 120 seconds left.\n|\n|t:|1699567318\n|move|p2a: Mila|Protect|p2a: Mila\n|-singleturn|p2a: Mila|Protect\n|move|p1a: 5ushi|Iron Head|p2a: Mila\n|-activate|p2a: Mila|move: Protect\n|\n|-heal|p2a: Mila|30\/100|[from] item: Leftovers\n|-heal|p1a: 5ushi|60\/100|[from] item: Leftovers\n|upkeep\n|turn|42\n|c|\u2606Masorad|Bruhhhhhh\n|\n|t:|1699567336\n|move|p2a: Mila|Ice Beam|p1a: 5ushi\n|-supereffective|p1a: 5ushi\n|-damage|p1a: 5ushi|39\/100\n|move|p1a: 5ushi|Iron Head|p2a: Mila\n|-resisted|p2a: Mila\n|-damage|p2a: Mila|0 fnt\n|faint|p2a: Mila\n|\n|win|Masorad\n|raw|Masorad's rating: 1069 &rarr; <strong>1093<\/strong><br \/>(+24 for winning)\n|raw|PokeGodlol's rating: 1003 &rarr; <strong>1000<\/strong><br \/>(-3 for losing)\n|c|\u2606PokeGodlol|lol i like goofy sets\n|c|\u2606Masorad|Couldvd walled ironheads\n|c|\u2606Masorad|If u used protectttt\n|c|\u2606Masorad|Gg nice team\n|c|\u2606PokeGodlol|i also like goofy strats gg\n","uploadtime":1699567370,"views":4,"p1id":"masorad","p2id":"pokegodlol","formatid":"gen9nationaldex","rating":1000,"private":0,"password":""}