{"id":"gen9nationaldex-1990933125","p1":"BuccaneerTPDPurge","p2":"Dairy Duke","format":"[Gen 9] National Dex","log":"|j|\u2606BuccaneerTPDPurge\n|j|\u2606Dairy Duke\n|t:|1700016717\n|gametype|singles\n|player|p1|BuccaneerTPDPurge|artist|1326\n|player|p2|Dairy Duke|kamado-armor|1425\n|teamsize|p1|6\n|teamsize|p2|6\n|gen|9\n|tier|[Gen 9] National Dex\n|rated|\n|rule|HP Percentage Mod: HP is shown in percentages\n|rule|Endless Battle Clause: Forcing endless battles is banned\n|rule|OHKO Clause: OHKO moves are banned\n|rule|Evasion Clause: Evasion abilities, items, and moves are banned\n|rule|Evasion Abilities Clause: Evasion abilities are banned\n|rule|Evasion Items Clause: Evasion items are banned\n|rule|Evasion Moves Clause: Evasion moves are banned\n|rule|Species Clause: Limit one of each Pok\u00e9mon\n|rule|Sleep Clause Mod: Limit one foe put to sleep\n|clearpoke\n|poke|p1|Tapu Lele|\n|poke|p1|Sneasler, M|\n|poke|p1|Scizor, M|\n|poke|p1|Urshifu-*, F|\n|poke|p1|Skeledirge, F|\n|poke|p1|Hydreigon, F|\n|poke|p2|Pelipper, F|\n|poke|p2|Swampert, F|\n|poke|p2|Urshifu-*, M|\n|poke|p2|Ferrothorn, M|\n|poke|p2|Veluza, M|\n|poke|p2|Zapdos|\n|teampreview\n|c|\u2606Dairy Duke|glhf\n|c|\u2606BuccaneerTPDPurge|ty\n|c|\u2606BuccaneerTPDPurge|i know u though\n|\n|t:|1700016738\n|start\n|switch|p1a: Tapu Lele|Tapu Lele, shiny|100\/100\n|switch|p2a: Belfast|Veluza, M|100\/100\n|-fieldstart|move: Psychic Terrain|[from] ability: Psychic Surge|[of] p1a: Tapu Lele\n|-ability|p2a: Belfast|Mold Breaker\n|turn|1\n|c|\u2606BuccaneerTPDPurge|i battled you\n|\n|t:|1700016748\n|move|p1a: Tapu Lele|Energy Ball|p2a: Belfast\n|-supereffective|p2a: Belfast\n|-damage|p2a: Belfast|28\/100\n|move|p2a: Belfast|Final Gambit|p1a: Tapu Lele\n|-damage|p1a: Tapu Lele|65\/100\n|faint|p2a: Belfast\n|\n|upkeep\n|\n|t:|1700016752\n|switch|p2a: Edinburgh|Ferrothorn, M|100\/100\n|turn|2\n|c|\u2606Dairy Duke|yes you did\n|\n|t:|1700016761\n|switch|p1a: Skeledirge|Skeledirge, F|100\/100\n|move|p2a: Edinburgh|Gyro Ball|p1a: Skeledirge\n|-resisted|p1a: Skeledirge\n|-damage|p1a: Skeledirge|84\/100\n|\n|-heal|p1a: Skeledirge|90\/100|[from] item: Leftovers\n|upkeep\n|turn|3\n|\n|t:|1700016766\n|switch|p2a: Cardiff|Pelipper, F|100\/100\n|-weather|RainDance|[from] ability: Drizzle|[of] p2a: Cardiff\n|move|p1a: Skeledirge|Torch Song|p2a: Cardiff\n|-resisted|p2a: Cardiff\n|-damage|p2a: Cardiff|88\/100\n|-boost|p1a: Skeledirge|spa|1\n|\n|-weather|RainDance|[upkeep]\n|-heal|p1a: Skeledirge|96\/100|[from] item: Leftovers\n|upkeep\n|turn|4\n|\n|t:|1700016771\n|move|p1a: Skeledirge|Will-O-Wisp|p2a: Cardiff\n|-status|p2a: Cardiff|brn\n|move|p2a: Cardiff|U-turn|p1a: Skeledirge\n|-resisted|p1a: Skeledirge\n|-damage|p1a: Skeledirge|96\/100\n|\n|t:|1700016778\n|switch|p2a: Saint Peter's Port|Zapdos|100\/100|[from] U-turn\n|-ability|p2a: Saint Peter's Port|Pressure\n|\n|-weather|RainDance|[upkeep]\n|-heal|p1a: Skeledirge|100\/100|[from] item: Leftovers\n|upkeep\n|turn|5\n|\n|t:|1700016782\n|move|p2a: Saint Peter's Port|Weather Ball|p1a: Skeledirge\n|-supereffective|p1a: Skeledirge\n|-damage|p1a: Skeledirge|4\/100\n|move|p1a: Skeledirge|Torch Song|p2a: Saint Peter's Port\n|-damage|p2a: Saint Peter's Port|79\/100\n|-boost|p1a: Skeledirge|spa|1\n|\n|-weather|RainDance|[upkeep]\n|-heal|p1a: Skeledirge|10\/100|[from] item: Leftovers\n|-fieldend|move: Psychic Terrain\n|upkeep\n|turn|6\n|\n|t:|1700016787\n|move|p2a: Saint Peter's Port|Hurricane|p1a: Skeledirge\n|-damage|p1a: Skeledirge|0 fnt\n|faint|p1a: Skeledirge\n|\n|-weather|RainDance|[upkeep]\n|upkeep\n|\n|t:|1700016799\n|switch|p1a: Tapu Lele|Tapu Lele, shiny|65\/100\n|-fieldstart|move: Psychic Terrain|[from] ability: Psychic Surge|[of] p1a: Tapu Lele\n|turn|7\n|\n|t:|1700016802\n|switch|p2a: Edinburgh|Ferrothorn, M|100\/100\n|move|p1a: Tapu Lele|Psychic|p2a: Edinburgh\n|-resisted|p2a: Edinburgh\n|-crit|p2a: Edinburgh\n|-damage|p2a: Edinburgh|65\/100\n|\n|-weather|RainDance|[upkeep]\n|upkeep\n|turn|8\n|\n|t:|1700016808\n|move|p1a: Tapu Lele|Psychic|p2a: Edinburgh\n|-resisted|p2a: Edinburgh\n|-damage|p2a: Edinburgh|40\/100\n|move|p2a: Edinburgh|Leech Seed|p1a: Tapu Lele\n|-start|p1a: Tapu Lele|move: Leech Seed\n|\n|-weather|RainDance|[upkeep]\n|-damage|p1a: Tapu Lele|53\/100|[from] Leech Seed|[of] p2a: Edinburgh\n|-heal|p2a: Edinburgh|50\/100|[silent]\n|upkeep\n|turn|9\n|\n|t:|1700016813\n|move|p1a: Tapu Lele|Psychic|p2a: Edinburgh\n|-resisted|p2a: Edinburgh\n|-damage|p2a: Edinburgh|26\/100\n|-unboost|p2a: Edinburgh|spd|1\n|move|p2a: Edinburgh|Gyro Ball|p1a: Tapu Lele\n|-supereffective|p1a: Tapu Lele\n|-damage|p1a: Tapu Lele|0 fnt\n|faint|p1a: Tapu Lele\n|\n|-weather|RainDance|[upkeep]\n|upkeep\n|\n|t:|1700016817\n|switch|p1a: Sneasler|Sneasler, M, shiny|100\/100\n|-enditem|p1a: Sneasler|Psychic Seed\n|-boost|p1a: Sneasler|spd|1|[from] item: Psychic Seed\n|turn|10\n|\n|t:|1700016830\n|move|p1a: Sneasler|Close Combat|p2a: Edinburgh\n|-supereffective|p2a: Edinburgh\n|-damage|p2a: Edinburgh|0 fnt\n|-unboost|p1a: Sneasler|def|1\n|-unboost|p1a: Sneasler|spd|1\n|-damage|p1a: Sneasler|88\/100|[from] ability: Iron Barbs|[of] p2a: Edinburgh\n|-damage|p1a: Sneasler|72\/100|[from] item: Rocky Helmet|[of] p2a: Edinburgh\n|faint|p2a: Edinburgh\n|\n|-weather|none\n|upkeep\n|\n|t:|1700016834\n|switch|p2a: Cardiff|Pelipper, F|88\/100 brn\n|-weather|RainDance|[from] ability: Drizzle|[of] p2a: Cardiff\n|turn|11\n|\n|t:|1700016838\n|move|p1a: Sneasler|Dire Claw|p2a: Cardiff\n|-damage|p2a: Cardiff|53\/100 brn\n|move|p2a: Cardiff|Hurricane|p1a: Sneasler\n|-supereffective|p1a: Sneasler\n|-damage|p1a: Sneasler|0 fnt\n|faint|p1a: Sneasler\n|\n|-weather|RainDance|[upkeep]\n|-damage|p2a: Cardiff|47\/100 brn|[from] brn\n|-fieldend|move: Psychic Terrain\n|upkeep\n|\n|t:|1700016845\n|switch|p1a: Scizor|Scizor, M, shiny|100\/100\n|turn|12\n|\n|t:|1700016850\n|detailschange|p1a: Scizor|Scizor-Mega, M, shiny\n|-mega|p1a: Scizor|Scizor|Scizorite\n|move|p1a: Scizor|Swords Dance|p1a: Scizor\n|-boost|p1a: Scizor|atk|2\n|move|p2a: Cardiff|U-turn|p1a: Scizor\n|-resisted|p1a: Scizor\n|-damage|p1a: Scizor|99\/100\n|\n|t:|1700016856\n|switch|p2a: London|Swampert, F|100\/100|[from] U-turn\n|\n|-weather|RainDance|[upkeep]\n|upkeep\n|turn|13\n|\n|t:|1700016862\n|detailschange|p2a: London|Swampert-Mega, F\n|-mega|p2a: London|Swampert|Swampertite\n|move|p2a: London|Waterfall|p1a: Scizor\n|-damage|p1a: Scizor|48\/100\n|cant|p1a: Scizor|flinch\n|\n|-weather|RainDance|[upkeep]\n|upkeep\n|turn|14\n|\n|t:|1700016869\n|move|p1a: Scizor|Bullet Punch|p2a: London\n|-resisted|p2a: London\n|-damage|p2a: London|69\/100\n|move|p2a: London|Waterfall|p1a: Scizor\n|-damage|p1a: Scizor|0 fnt\n|faint|p1a: Scizor\n|\n|-weather|RainDance|[upkeep]\n|upkeep\n|\n|t:|1700016873\n|switch|p1a: Hydreigon|Hydreigon, F, shiny|100\/100\n|turn|15\n|\n|t:|1700016876\n|move|p2a: London|Ice Punch|p1a: Hydreigon\n|-supereffective|p1a: Hydreigon\n|-damage|p1a: Hydreigon|21\/100\n|move|p1a: Hydreigon|Draco Meteor|p2a: London\n|-damage|p2a: London|0 fnt\n|-unboost|p1a: Hydreigon|spa|2\n|faint|p2a: London\n|-damage|p1a: Hydreigon|11\/100|[from] item: Life Orb\n|\n|-weather|RainDance|[upkeep]\n|upkeep\n|\n|t:|1700016881\n|switch|p2a: Douglas|Urshifu-Rapid-Strike, M|100\/100\n|turn|16\n|\n|t:|1700016885\n|move|p2a: Douglas|Close Combat|p1a: Hydreigon\n|-supereffective|p1a: Hydreigon\n|-damage|p1a: Hydreigon|0 fnt\n|-unboost|p2a: Douglas|def|1\n|-unboost|p2a: Douglas|spd|1\n|faint|p1a: Hydreigon\n|\n|-weather|RainDance|[upkeep]\n|upkeep\n|\n|t:|1700016887\n|switch|p1a: Urshifu|Urshifu-Rapid-Strike, F|100\/100\n|turn|17\n|c|\u2606BuccaneerTPDPurge|looks like i lost again\n|\n|t:|1700016901\n|-terastallize|p1a: Urshifu|Water\n|move|p2a: Douglas|Close Combat|p1a: Urshifu\n|-damage|p1a: Urshifu|32\/100\n|-unboost|p2a: Douglas|def|1\n|-unboost|p2a: Douglas|spd|1\n|move|p1a: Urshifu|Surging Strikes|p2a: Douglas\n|-resisted|p2a: Douglas\n|-crit|p2a: Douglas\n|-damage|p2a: Douglas|62\/100\n|-resisted|p2a: Douglas\n|-crit|p2a: Douglas\n|-damage|p2a: Douglas|22\/100\n|-resisted|p2a: Douglas\n|-crit|p2a: Douglas\n|-damage|p2a: Douglas|0 fnt\n|faint|p2a: Douglas\n|-hitcount|p2: Douglas|3\n|\n|-weather|RainDance|[upkeep]\n|upkeep\n|c|\u2606Dairy Duke|not yet\n|\n|t:|1700016910\n|switch|p2a: Cardiff|Pelipper, F|47\/100 brn\n|turn|18\n|c|\u2606BuccaneerTPDPurge|i still lost\n|\n|t:|1700016915\n|move|p1a: Urshifu|Surging Strikes|p2a: Cardiff\n|-resisted|p2a: Cardiff\n|-crit|p2a: Cardiff\n|-damage|p2a: Cardiff|32\/100 brn\n|-resisted|p2a: Cardiff\n|-crit|p2a: Cardiff\n|-damage|p2a: Cardiff|16\/100 brn\n|-resisted|p2a: Cardiff\n|-crit|p2a: Cardiff\n|-damage|p2a: Cardiff|0 fnt\n|faint|p2a: Cardiff\n|-hitcount|p2: Cardiff|3\n|\n|-weather|none\n|upkeep\n|\n|t:|1700016919\n|switch|p2a: Saint Peter's Port|Zapdos|79\/100\n|-ability|p2a: Saint Peter's Port|Pressure\n|turn|19\n|c|\u2606Dairy Duke|i choked\n|\n|t:|1700016929\n|-terastallize|p2a: Saint Peter's Port|Electric\n|move|p1a: Urshifu|Surging Strikes|p2a: Saint Peter's Port\n|-crit|p2a: Saint Peter's Port\n|-damage|p2a: Saint Peter's Port|51\/100\n|-crit|p2a: Saint Peter's Port\n|-damage|p2a: Saint Peter's Port|20\/100\n|-crit|p2a: Saint Peter's Port\n|-damage|p2a: Saint Peter's Port|0 fnt\n|faint|p2a: Saint Peter's Port\n|-hitcount|p2: Saint Peter's Port|3\n|\n|win|BuccaneerTPDPurge\n|raw|BuccaneerTPDPurge's rating: 1326 &rarr; <strong>1352<\/strong><br \/>(+26 for winning)\n|raw|Dairy Duke's rating: 1425 &rarr; <strong>1399<\/strong><br \/>(-26 for losing)\n|c|\u2606Dairy Duke|gg\n|c|\u2606BuccaneerTPDPurge|gg\n|l|\u2606Dairy Duke\n|c|\u2606BuccaneerTPDPurge|i was suprised\n","uploadtime":1700016949,"views":6,"p1id":"buccaneertpdpurge","p2id":"dairyduke","formatid":"gen9nationaldex","rating":1352,"private":0,"password":""}