{"id":"gen9nationaldex-1989413033","p1":"Solaris2003","p2":"Jam20Jam","format":"[Gen 9] National Dex","log":"|j|\u2606Solaris2003\n|j|\u2606Jam20Jam\n|t:|1699847006\n|gametype|singles\n|player|p1|Solaris2003|1|\n|player|p2|Jam20Jam|carmine|\n|teamsize|p1|6\n|teamsize|p2|6\n|gen|9\n|tier|[Gen 9] National Dex\n|rule|HP Percentage Mod: HP is shown in percentages\n|rule|Endless Battle Clause: Forcing endless battles is banned\n|rule|OHKO Clause: OHKO moves are banned\n|rule|Evasion Clause: Evasion abilities, items, and moves are banned\n|rule|Evasion Abilities Clause: Evasion abilities are banned\n|rule|Evasion Items Clause: Evasion items are banned\n|rule|Evasion Moves Clause: Evasion moves are banned\n|rule|Species Clause: Limit one of each Pok\u00e9mon\n|rule|Sleep Clause Mod: Limit one foe put to sleep\n|clearpoke\n|poke|p1|Cinderace, M|\n|poke|p1|Lycanroc-Dusk, F|\n|poke|p1|Noivern, M|\n|poke|p1|Copperajah, F|\n|poke|p1|Leafeon, F|\n|poke|p1|Flaaffy, M|\n|poke|p2|Amoonguss, F|\n|poke|p2|Skeledirge, M|\n|poke|p2|Grimer-Alola, F|\n|poke|p2|Coalossal, F|\n|poke|p2|Veluza, M|\n|poke|p2|Cetitan, F|\n|teampreview\n|\n|t:|1699847048\n|start\n|switch|p1a: Flaaffy|Flaaffy, M|100\/100\n|switch|p2a: Veluza|Veluza, M|100\/100\n|turn|1\n|\n|t:|1699847057\n|move|p2a: Veluza|Drill Run|p1a: Flaaffy\n|-supereffective|p1a: Flaaffy\n|-damage|p1a: Flaaffy|18\/100\n|-status|p2a: Veluza|par|[from] ability: Static|[of] p1a: Flaaffy\n|move|p1a: Flaaffy|Volt Switch|p2a: Veluza\n|-supereffective|p2a: Veluza\n|-damage|p2a: Veluza|38\/100 par\n|\n|t:|1699847066\n|switch|p1a: Noivern|Noivern, M|100\/100|[from] Volt Switch\n|\n|upkeep\n|turn|2\n|j| lunchbox5536\n|\n|t:|1699847089\n|switch|p2a: Cetitan|Cetitan, F|100\/100\n|move|p1a: Noivern|Air Slash|p2a: Cetitan\n|-damage|p2a: Cetitan|53\/100\n|-damage|p1a: Noivern|91\/100|[from] item: Life Orb\n|\n|upkeep\n|turn|3\n|\n|t:|1699847097\n|move|p2a: Cetitan|Ice Shard|p1a: Noivern\n|-supereffective|p1a: Noivern\n|-damage|p1a: Noivern|0 fnt\n|faint|p1a: Noivern\n|\n|upkeep\n|\n|t:|1699847115\n|switch|p1a: Cinderace|Cinderace, M|100\/100\n|turn|4\n|\n|t:|1699847119\n|switch|p2a: Coalossal|Coalossal, F|100\/100\n|move|p1a: Cinderace|Pyro Ball|p2a: Coalossal|[miss]\n|-miss|p1a: Cinderace|p2a: Coalossal\n|\n|upkeep\n|turn|5\n|\n|t:|1699847161\n|move|p1a: Cinderace|Sucker Punch|p2a: Coalossal\n|-start|p1a: Cinderace|typechange|Dark|[from] ability: Libero\n|-damage|p2a: Coalossal|76\/100\n|move|p2a: Coalossal|Power Gem|p1a: Cinderace\n|-damage|p1a: Cinderace|42\/100\n|-damage|p2a: Coalossal|66\/100|[from] item: Life Orb\n|\n|upkeep\n|turn|6\n|\n|t:|1699847184\n|switch|p1a: Lycanroc|Lycanroc-Dusk, F|100\/100\n|switch|p2a: Amoonguss|Amoonguss, F|100\/100\n|\n|upkeep\n|turn|7\n|\n|t:|1699847207\n|move|p1a: Lycanroc|Iron Head|p2a: Amoonguss\n|-damage|p2a: Amoonguss|52\/100\n|move|p2a: Amoonguss|Spore|p1a: Lycanroc\n|-status|p1a: Lycanroc|slp|[from] move: Spore\n|\n|-heal|p2a: Amoonguss|58\/100|[from] item: Black Sludge\n|upkeep\n|turn|8\n|\n|t:|1699847220\n|switch|p2a: Grimer|Grimer-Alola, F|100\/100\n|cant|p1a: Lycanroc|slp\n|\n|upkeep\n|turn|9\n|\n|t:|1699847226\n|switch|p1a: Copperajah|Copperajah, F|100\/100\n|move|p2a: Grimer|Knock Off|p1a: Copperajah\n|-damage|p1a: Copperajah|62\/100\n|-enditem|p1a: Copperajah|Leftovers|[from] move: Knock Off|[of] p2a: Grimer\n|\n|upkeep\n|turn|10\n|\n|t:|1699847233\n|move|p1a: Copperajah|Stone Edge|p2a: Grimer\n|-damage|p2a: Grimer|58\/100\n|move|p2a: Grimer|Knock Off|p1a: Copperajah\n|-damage|p1a: Copperajah|35\/100\n|\n|upkeep\n|turn|11\n|\n|t:|1699847244\n|move|p1a: Copperajah|Stealth Rock|p2a: Grimer\n|-sidestart|p2: Jam20Jam|move: Stealth Rock\n|move|p2a: Grimer|Knock Off|p1a: Copperajah\n|-damage|p1a: Copperajah|8\/100\n|\n|upkeep\n|turn|12\n|\n|t:|1699847250\n|move|p2a: Grimer|Shadow Sneak|p1a: Copperajah\n|-damage|p1a: Copperajah|0 fnt\n|faint|p1a: Copperajah\n|\n|upkeep\n|\n|t:|1699847260\n|switch|p1a: Cinderace|Cinderace, M|42\/100\n|turn|13\n|\n|t:|1699847273\n|move|p1a: Cinderace|Sucker Punch|p2a: Grimer\n|-start|p1a: Cinderace|typechange|Dark|[from] ability: Libero\n|-resisted|p2a: Grimer\n|-damage|p2a: Grimer|40\/100\n|move|p2a: Grimer|Gunk Shot|p1a: Cinderace\n|-damage|p1a: Cinderace|0 fnt\n|faint|p1a: Cinderace\n|\n|upkeep\n|\n|t:|1699847282\n|switch|p1a: Flaaffy|Flaaffy, M|18\/100\n|turn|14\n|\n|t:|1699847286\n|move|p2a: Grimer|Shadow Sneak|p1a: Flaaffy\n|-damage|p1a: Flaaffy|0 fnt\n|-status|p2a: Grimer|par|[from] ability: Static|[of] p1a: Flaaffy\n|faint|p1a: Flaaffy\n|\n|upkeep\n|\n|t:|1699847294\n|switch|p1a: Lycanroc|Lycanroc-Dusk, F|100\/100 slp\n|turn|15\n|\n|t:|1699847301\n|switch|p2a: Coalossal|Coalossal, F|66\/100\n|-damage|p2a: Coalossal|41\/100|[from] Stealth Rock\n|cant|p1a: Lycanroc|slp\n|\n|upkeep\n|turn|16\n|\n|t:|1699847320\n|-terastallize|p2a: Coalossal|Water\n|cant|p1a: Lycanroc|slp\n|move|p2a: Coalossal|Scald|p1a: Lycanroc\n|-supereffective|p1a: Lycanroc\n|-damage|p1a: Lycanroc|0 fnt\n|faint|p1a: Lycanroc\n|-damage|p2a: Coalossal|31\/100|[from] item: Life Orb\n|\n|upkeep\n|\n|t:|1699847328\n|switch|p1a: Glockeon Jr|Leafeon, F|100\/100\n|turn|17\n|\n|t:|1699847342\n|move|p1a: Glockeon Jr|Double-Edge|p2a: Coalossal\n|-damage|p2a: Coalossal|0 fnt\n|faint|p2a: Coalossal\n|-damage|p1a: Glockeon Jr|85\/100|[from] Recoil\n|-damage|p1a: Glockeon Jr|75\/100|[from] item: Life Orb\n|\n|upkeep\n|\n|t:|1699847351\n|switch|p2a: Amoonguss|Amoonguss, F|91\/100\n|-damage|p2a: Amoonguss|78\/100|[from] Stealth Rock\n|turn|18\n|\n|t:|1699847384\n|move|p1a: Glockeon Jr|Solar Blade||[still]\n|-prepare|p1a: Glockeon Jr|Solar Blade\n|move|p2a: Amoonguss|Spore|p1a: Glockeon Jr\n|-immune|p1a: Glockeon Jr\n|\n|-heal|p2a: Amoonguss|84\/100|[from] item: Black Sludge\n|upkeep\n|turn|19\n|\n|t:|1699847394\n|move|p1a: Glockeon Jr|Solar Blade|p2a: Amoonguss|[from]lockedmove\n|-resisted|p2a: Amoonguss\n|-damage|p2a: Amoonguss|61\/100\n|-damage|p1a: Glockeon Jr|65\/100|[from] item: Life Orb\n|move|p2a: Amoonguss|Sludge Bomb|p1a: Glockeon Jr\n|-supereffective|p1a: Glockeon Jr\n|-damage|p1a: Glockeon Jr|0 fnt\n|faint|p1a: Glockeon Jr\n|\n|win|Jam20Jam\n","uploadtime":1699847404,"views":5,"p1id":"solaris2003","p2id":"jam20jam","formatid":"gen9nationaldex","rating":0,"private":0,"password":""}