{"id":"gen9nationaldex-1989972731","p1":"kaivanfe","p2":"karrottensirup","format":"[Gen 9] National Dex","log":"|j|\u2606kaivanfe\n|j|\u2606karrottensirup\n|t:|1699911486\n|gametype|singles\n|player|p1|kaivanfe|n|1000\n|player|p2|karrottensirup|bugcatcher-gen4dp|1084\n|teamsize|p1|6\n|teamsize|p2|6\n|gen|9\n|tier|[Gen 9] National Dex\n|rated|\n|rule|HP Percentage Mod: HP is shown in percentages\n|rule|Endless Battle Clause: Forcing endless battles is banned\n|rule|OHKO Clause: OHKO moves are banned\n|rule|Evasion Clause: Evasion abilities, items, and moves are banned\n|rule|Evasion Abilities Clause: Evasion abilities are banned\n|rule|Evasion Items Clause: Evasion items are banned\n|rule|Evasion Moves Clause: Evasion moves are banned\n|rule|Species Clause: Limit one of each Pok\u00e9mon\n|rule|Sleep Clause Mod: Limit one foe put to sleep\n|clearpoke\n|poke|p1|Medicham, M|\n|poke|p1|Clawitzer, M|\n|poke|p1|Kommo-o, F|\n|poke|p1|Mimikyu, M|\n|poke|p1|Volcarona, M|\n|poke|p1|Manaphy|\n|poke|p2|Mienshao, M|\n|poke|p2|Tornadus-Therian, M|\n|poke|p2|Reuniclus, M|\n|poke|p2|Tangrowth, F|\n|poke|p2|Slowking-Galar, M|\n|poke|p2|Turtonator, M|\n|teampreview\n|inactive|Battle timer is ON: inactive players will automatically lose when time's up. (requested by karrottensirup)\n|\n|t:|1699911490\n|start\n|switch|p1a: Manaphy|Manaphy|100\/100\n|switch|p2a: Mienshao|Mienshao, M|100\/100\n|turn|1\n|\n|t:|1699911499\n|-terastallize|p1a: Manaphy|Grass\n|move|p2a: Mienshao|Fake Out|p1a: Manaphy\n|-damage|p1a: Manaphy|86\/100\n|-damage|p2a: Mienshao|91\/100|[from] item: Life Orb\n|cant|p1a: Manaphy|flinch\n|\n|-heal|p1a: Manaphy|93\/100|[from] item: Leftovers\n|upkeep\n|turn|2\n|c|\u2606karrottensirup|fuck OU\n|\n|t:|1699911508\n|move|p2a: Mienshao|U-turn|p1a: Manaphy\n|-supereffective|p1a: Manaphy\n|-damage|p1a: Manaphy|47\/100\n|-damage|p2a: Mienshao|81\/100|[from] item: Life Orb\n|\n|t:|1699911511\n|switch|p2a: Tornadus|Tornadus-Therian, M|100\/100|[from] U-turn\n|move|p1a: Manaphy|Tail Glow|p1a: Manaphy\n|-boost|p1a: Manaphy|spa|3\n|\n|-heal|p1a: Manaphy|53\/100|[from] item: Leftovers\n|upkeep\n|turn|3\n|\n|t:|1699911517\n|move|p2a: Tornadus|U-turn|p1a: Manaphy\n|-supereffective|p1a: Manaphy\n|-damage|p1a: Manaphy|28\/100\n|\n|t:|1699911522\n|switch|p2a: Mienshao|Mienshao, M|100\/100|[from] U-turn\n|move|p1a: Manaphy|Ice Beam|p2a: Mienshao\n|-damage|p2a: Mienshao|0 fnt\n|faint|p2a: Mienshao\n|\n|-heal|p1a: Manaphy|34\/100|[from] item: Leftovers\n|upkeep\n|\n|t:|1699911533\n|switch|p2a: Reuniclus|Reuniclus, M|100\/100\n|turn|4\n|\n|t:|1699911539\n|move|p1a: Manaphy|Energy Ball|p2a: Reuniclus\n|-damage|p2a: Reuniclus|54\/100\n|move|p2a: Reuniclus|Psyshock|p1a: Manaphy\n|-damage|p1a: Manaphy|1\/100\n|\n|-heal|p1a: Manaphy|8\/100|[from] item: Leftovers\n|upkeep\n|turn|5\n|\n|t:|1699911557\n|move|p1a: Manaphy|Ice Beam|p2a: Reuniclus\n|-damage|p2a: Reuniclus|22\/100\n|-status|p2a: Reuniclus|frz\n|cant|p2a: Reuniclus|frz\n|\n|-heal|p1a: Manaphy|14\/100|[from] item: Leftovers\n|upkeep\n|turn|6\n|\n|t:|1699911566\n|move|p1a: Manaphy|Tail Glow|p1a: Manaphy\n|-boost|p1a: Manaphy|spa|3\n|-curestatus|p2a: Reuniclus|frz|[msg]\n|move|p2a: Reuniclus|Psyshock|p1a: Manaphy\n|-damage|p1a: Manaphy|0 fnt\n|faint|p1a: Manaphy\n|\n|upkeep\n|\n|t:|1699911581\n|switch|p1a: Kommo-o|Kommo-o, F|100\/100\n|turn|7\n|\n|t:|1699911591\n|-zpower|p1a: Kommo-o\n|move|p1a: Kommo-o|Clangorous Soulblaze|p2a: Reuniclus|[zeffect]\n|-damage|p2a: Reuniclus|0 fnt\n|faint|p2a: Reuniclus\n|-boost|p1a: Kommo-o|atk|1\n|-boost|p1a: Kommo-o|def|1\n|-boost|p1a: Kommo-o|spa|1\n|-boost|p1a: Kommo-o|spd|1\n|-boost|p1a: Kommo-o|spe|1\n|\n|upkeep\n|\n|t:|1699911595\n|switch|p2a: Tangrowth|Tangrowth, F, shiny|100\/100\n|turn|8\n|\n|t:|1699911608\n|-terastallize|p2a: Tangrowth|Water\n|move|p1a: Kommo-o|Flamethrower|p2a: Tangrowth\n|-resisted|p2a: Tangrowth\n|-damage|p2a: Tangrowth|72\/100\n|move|p2a: Tangrowth|Leech Seed|p1a: Kommo-o\n|-start|p1a: Kommo-o|move: Leech Seed\n|\n|-damage|p1a: Kommo-o|88\/100|[from] Leech Seed|[of] p2a: Tangrowth\n|-heal|p2a: Tangrowth|81\/100|[silent]\n|upkeep\n|turn|9\n|\n|t:|1699911620\n|move|p2a: Tangrowth|Protect|p2a: Tangrowth\n|-singleturn|p2a: Tangrowth|Protect\n|move|p1a: Kommo-o|Boomburst|p2a: Tangrowth\n|-activate|p2a: Tangrowth|move: Protect\n|\n|-damage|p1a: Kommo-o|76\/100|[from] Leech Seed|[of] p2a: Tangrowth\n|-heal|p2a: Tangrowth|91\/100|[silent]\n|upkeep\n|turn|10\n|\n|t:|1699911637\n|switch|p2a: Tornadus|Tornadus-Therian, M|100\/100\n|move|p1a: Kommo-o|Boomburst|p2a: Tornadus\n|-damage|p2a: Tornadus|35\/100\n|\n|-damage|p1a: Kommo-o|64\/100|[from] Leech Seed|[of] p2a: Tornadus\n|-heal|p2a: Tornadus|46\/100|[silent]\n|upkeep\n|turn|11\n|\n|t:|1699911651\n|switch|p2a: Slowking|Slowking-Galar, M|100\/100\n|move|p1a: Kommo-o|Boomburst|p2a: Slowking\n|-damage|p2a: Slowking|49\/100\n|\n|-heal|p2a: Slowking|56\/100|[from] item: Black Sludge\n|-damage|p1a: Kommo-o|51\/100|[from] Leech Seed|[of] p2a: Slowking\n|-heal|p2a: Slowking|65\/100|[silent]\n|upkeep\n|turn|12\n|\n|t:|1699911661\n|move|p1a: Kommo-o|Boomburst|p2a: Slowking\n|-damage|p2a: Slowking|20\/100\n|move|p2a: Slowking|Chilly Reception|p2a: Slowking\n|-weather|Snow\n|\n|t:|1699911667\n|switch|p2a: Turtonator|Turtonator, M|100\/100|[from] Chilly Reception\n|\n|-weather|Snow|[upkeep]\n|-damage|p1a: Kommo-o|39\/100|[from] Leech Seed|[of] p2a: Turtonator\n|upkeep\n|turn|13\n|\n|t:|1699911679\n|move|p1a: Kommo-o|Dragon Pulse|p2a: Turtonator\n|-supereffective|p2a: Turtonator\n|-damage|p2a: Turtonator|0 fnt\n|faint|p2a: Turtonator\n|\n|-weather|Snow|[upkeep]\n|upkeep\n|\n|t:|1699911681\n|switch|p2a: Tornadus|Tornadus-Therian, M|79\/100\n|turn|14\n|\n|t:|1699911686\n|move|p2a: Tornadus|U-turn|p1a: Kommo-o\n|-resisted|p1a: Kommo-o\n|-damage|p1a: Kommo-o|35\/100\n|\n|t:|1699911690\n|switch|p2a: Slowking|Slowking-Galar, M|54\/100|[from] U-turn\n|move|p1a: Kommo-o|Boomburst|p2a: Slowking\n|-damage|p2a: Slowking|7\/100\n|\n|-weather|Snow|[upkeep]\n|-heal|p2a: Slowking|13\/100|[from] item: Black Sludge\n|-damage|p1a: Kommo-o|23\/100|[from] Leech Seed|[of] p2a: Slowking\n|-heal|p2a: Slowking|23\/100|[silent]\n|upkeep\n|turn|15\n|\n|t:|1699911697\n|switch|p2a: Tornadus|Tornadus-Therian, M|100\/100\n|move|p1a: Kommo-o|Boomburst|p2a: Tornadus\n|-damage|p2a: Tornadus|35\/100\n|\n|-weather|Snow|[upkeep]\n|-damage|p1a: Kommo-o|11\/100|[from] Leech Seed|[of] p2a: Tornadus\n|-heal|p2a: Tornadus|46\/100|[silent]\n|upkeep\n|turn|16\n|\n|t:|1699911703\n|move|p2a: Tornadus|U-turn|p1a: Kommo-o\n|-resisted|p1a: Kommo-o\n|-damage|p1a: Kommo-o|6\/100\n|\n|t:|1699911706\n|switch|p2a: Slowking|Slowking-Galar, M|56\/100|[from] U-turn\n|move|p1a: Kommo-o|Boomburst|p2a: Slowking\n|-damage|p2a: Slowking|11\/100\n|\n|-weather|none\n|-heal|p2a: Slowking|17\/100|[from] item: Black Sludge\n|-damage|p1a: Kommo-o|0 fnt|[from] Leech Seed|[of] p2a: Slowking\n|-heal|p2a: Slowking|21\/100|[silent]\n|faint|p1a: Kommo-o\n|upkeep\n|\n|t:|1699911715\n|switch|p1a: Mimikyu|Mimikyu, M|100\/100\n|turn|17\n|\n|t:|1699911721\n|move|p1a: Mimikyu|Curse|p2a: Slowking\n|-start|p2a: Slowking|Curse|[of] p1a: Mimikyu\n|-damage|p1a: Mimikyu|50\/100\n|-enditem|p1a: Mimikyu|Sitrus Berry|[eat]\n|-heal|p1a: Mimikyu|75\/100|[from] item: Sitrus Berry\n|move|p2a: Slowking|Sludge Wave|p1a: Mimikyu\n|-activate|p1a: Mimikyu|ability: Disguise\n|-damage|p1a: Mimikyu|75\/100\n|detailschange|p1a: Mimikyu|Mimikyu-Busted, M\n|-damage|p1a: Mimikyu|63\/100|[from] pokemon: Mimikyu-Busted\n|\n|-heal|p2a: Slowking|27\/100|[from] item: Black Sludge\n|-damage|p2a: Slowking|2\/100|[from] Curse\n|upkeep\n|turn|18\n|\n|t:|1699911726\n|switch|p2a: Tornadus|Tornadus-Therian, M|79\/100\n|move|p1a: Mimikyu|Draining Kiss|p2a: Tornadus\n|-damage|p2a: Tornadus|71\/100\n|-heal|p1a: Mimikyu|72\/100|[from] drain|[of] p2a: Tornadus\n|\n|upkeep\n|turn|19\n|\n|t:|1699911733\n|move|p1a: Mimikyu|Destiny Bond|p1a: Mimikyu\n|-singlemove|p1a: Mimikyu|Destiny Bond\n|move|p2a: Tornadus|Hurricane|p1a: Mimikyu\n|-damage|p1a: Mimikyu|18\/100\n|\n|upkeep\n|turn|20\n|\n|t:|1699911741\n|move|p1a: Mimikyu|Curse|p2a: Tornadus\n|-start|p2a: Tornadus|Curse|[of] p1a: Mimikyu\n|-damage|p1a: Mimikyu|0 fnt\n|faint|p1a: Mimikyu\n|move|p2a: Tornadus|U-turn|p1: Mimikyu|[notarget]\n|-fail|p2a: Tornadus\n|\n|-damage|p2a: Tornadus|46\/100|[from] Curse\n|upkeep\n|\n|t:|1699911754\n|switch|p1a: Clawitzer|Clawitzer, M|100\/100\n|turn|21\n|\n|t:|1699911771\n|switch|p2a: Tangrowth|Tangrowth, F, shiny, tera:Water|100\/100\n|move|p1a: Clawitzer|Dark Pulse|p2a: Tangrowth\n|-damage|p2a: Tangrowth|42\/100\n|\n|upkeep\n|turn|22\n|\n|t:|1699911782\n|move|p2a: Tangrowth|Protect|p2a: Tangrowth\n|-singleturn|p2a: Tangrowth|Protect\n|move|p1a: Clawitzer|Dark Pulse|p2a: Tangrowth\n|-activate|p2a: Tangrowth|move: Protect\n|\n|upkeep\n|turn|23\n|\n|t:|1699911787\n|move|p1a: Clawitzer|Dark Pulse|p2a: Tangrowth\n|-damage|p2a: Tangrowth|0 fnt\n|faint|p2a: Tangrowth\n|\n|upkeep\n|-message|karrottensirup forfeited.\n|\n|win|kaivanfe\n|raw|kaivanfe's rating: 1000 &rarr; <strong>1049<\/strong><br \/>(+49 for winning)\n|raw|karrottensirup's rating: 1084 &rarr; <strong>1056<\/strong><br \/>(-28 for losing)\n","uploadtime":1699911506,"views":4,"p1id":"kaivanfe","p2id":"karrottensirup","formatid":"gen9nationaldex","rating":1049,"private":0,"password":""}