{"id":"gen9nationaldex-1992794315","p1":"JoaKingDex(X)","p2":"thinno","format":"[Gen 9] National Dex","log":"|j|\u2606JoaKingDex(X)\n|j|\u2606thinno\n|t:|1700236025\n|gametype|singles\n|player|p1|JoaKingDex(X)|red-masters|1294\n|player|p2|thinno|bugcatcher-gen4dp|1240\n|teamsize|p1|6\n|teamsize|p2|6\n|gen|9\n|tier|[Gen 9] National Dex\n|rated|\n|rule|HP Percentage Mod: HP is shown in percentages\n|rule|Endless Battle Clause: Forcing endless battles is banned\n|rule|OHKO Clause: OHKO moves are banned\n|rule|Evasion Clause: Evasion abilities, items, and moves are banned\n|rule|Evasion Abilities Clause: Evasion abilities are banned\n|rule|Evasion Items Clause: Evasion items are banned\n|rule|Evasion Moves Clause: Evasion moves are banned\n|rule|Species Clause: Limit one of each Pok\u00e9mon\n|rule|Sleep Clause Mod: Limit one foe put to sleep\n|clearpoke\n|poke|p1|Charizard, M|\n|poke|p1|Ninetales-Alola, F|\n|poke|p1|Gastrodon, M|\n|poke|p1|Nidoking, M|\n|poke|p1|Kartana|\n|poke|p1|Corviknight, M|\n|poke|p2|Gengar, F|\n|poke|p2|Talonflame, F|\n|poke|p2|Greninja-*, F|\n|poke|p2|Araquanid, F|\n|poke|p2|Garchomp, F|\n|poke|p2|Tapu Lele|\n|teampreview\n|\n|t:|1700236031\n|start\n|switch|p1a: Ninetales|Ninetales-Alola, F|100\/100\n|switch|p2a: Gengar|Gengar, F|100\/100\n|-weather|Snow|[from] ability: Snow Warning|[of] p1a: Ninetales\n|turn|1\n|\n|t:|1700236038\n|switch|p1a: Nidoking|Nidoking, M|100\/100\n|move|p2a: Gengar|Sludge Bomb|p1a: Nidoking\n|-resisted|p1a: Nidoking\n|-damage|p1a: Nidoking|79\/100\n|-damage|p2a: Gengar|91\/100|[from] item: Life Orb\n|\n|-weather|Snow|[upkeep]\n|upkeep\n|turn|2\n|\n|t:|1700236052\n|move|p2a: Gengar|Shadow Ball|p1a: Nidoking\n|-damage|p1a: Nidoking|0 fnt\n|faint|p1a: Nidoking\n|-damage|p2a: Gengar|81\/100|[from] item: Life Orb\n|\n|-weather|Snow|[upkeep]\n|upkeep\n|\n|t:|1700236061\n|switch|p1a: Kartana|Kartana|100\/100\n|turn|3\n|\n|t:|1700236063\n|move|p1a: Kartana|Knock Off|p2a: Gengar\n|-supereffective|p2a: Gengar\n|-damage|p2a: Gengar|0 fnt\n|-enditem|p2a: Gengar|Life Orb|[from] move: Knock Off|[of] p1a: Kartana\n|faint|p2a: Gengar\n|-ability|p1a: Kartana|Beast Boost|boost\n|-boost|p1a: Kartana|atk|1\n|\n|-weather|Snow|[upkeep]\n|upkeep\n|\n|t:|1700236076\n|switch|p2a: Greninja|Greninja, F|100\/100\n|turn|4\n|\n|t:|1700236080\n|move|p1a: Kartana|Knock Off|p2a: Greninja\n|-resisted|p2a: Greninja\n|-damage|p2a: Greninja|46\/100\n|-enditem|p2a: Greninja|Leftovers|[from] move: Knock Off|[of] p1a: Kartana\n|move|p2a: Greninja|Dark Pulse|p1a: Kartana\n|-start|p2a: Greninja|typechange|Dark|[from] ability: Protean\n|-damage|p1a: Kartana|0 fnt\n|faint|p1a: Kartana\n|\n|-weather|Snow|[upkeep]\n|upkeep\n|\n|t:|1700236090\n|switch|p1a: Ninetales|Ninetales-Alola, F|100\/100\n|turn|5\n|\n|t:|1700236093\n|move|p2a: Greninja|Toxic Spikes|p1a: Ninetales\n|-sidestart|p1: JoaKingDex(X)|move: Toxic Spikes\n|move|p1a: Ninetales|Aurora Veil|p1a: Ninetales\n|-sidestart|p1: JoaKingDex(X)|move: Aurora Veil\n|\n|-weather|none\n|upkeep\n|turn|6\n|\n|t:|1700236100\n|move|p2a: Greninja|Toxic Spikes|p1a: Ninetales\n|-sidestart|p1: JoaKingDex(X)|move: Toxic Spikes\n|move|p1a: Ninetales|Encore|p2a: Greninja\n|-start|p2a: Greninja|Encore\n|\n|upkeep\n|turn|7\n|\n|t:|1700236110\n|switch|p2a: Tapu Lele|Tapu Lele|100\/100\n|-fieldstart|move: Psychic Terrain|[from] ability: Psychic Surge|[of] p2a: Tapu Lele\n|switch|p1a: Charizard|Charizard, M|100\/100\n|\n|upkeep\n|turn|8\n|\n|t:|1700236117\n|detailschange|p1a: Charizard|Charizard-Mega-X, M\n|-mega|p1a: Charizard|Charizard|Charizardite X\n|move|p2a: Tapu Lele|Thunderbolt|p1a: Charizard\n|-resisted|p1a: Charizard\n|-damage|p1a: Charizard|90\/100\n|move|p1a: Charizard|Dragon Dance|p1a: Charizard\n|-boost|p1a: Charizard|atk|1\n|-boost|p1a: Charizard|spe|1\n|\n|upkeep\n|turn|9\n|\n|t:|1700236126\n|move|p1a: Charizard|Flare Blitz|p2a: Tapu Lele\n|-crit|p2a: Tapu Lele\n|-damage|p2a: Tapu Lele|0 fnt\n|faint|p2a: Tapu Lele\n|-damage|p1a: Charizard|59\/100|[from] Recoil\n|\n|upkeep\n|\n|t:|1700236129\n|switch|p2a: Araquanid|Araquanid, F|100\/100\n|turn|10\n|\n|t:|1700236141\n|move|p1a: Charizard|Outrage|p2a: Araquanid\n|-damage|p2a: Araquanid|0 fnt\n|faint|p2a: Araquanid\n|\n|upkeep\n|\n|t:|1700236150\n|switch|p2a: Greninja|Greninja, F|46\/100\n|turn|11\n|\n|t:|1700236155\n|move|p1a: Charizard|Outrage|p2a: Greninja|[from]lockedmove\n|-damage|p2a: Greninja|0 fnt\n|faint|p2a: Greninja\n|\n|-fieldend|move: Psychic Terrain\n|upkeep\n|\n|t:|1700236160\n|switch|p2a: Talonflame|Talonflame, F|100\/100\n|turn|12\n|\n|t:|1700236164\n|move|p2a: Talonflame|Dual Wingbeat|p1a: Charizard\n|-damage|p1a: Charizard|51\/100\n|-damage|p1a: Charizard|42\/100\n|-hitcount|p1a: Charizard|2\n|move|p1a: Charizard|Outrage|p2a: Talonflame|[from]lockedmove\n|-damage|p2a: Talonflame|0 fnt\n|faint|p2a: Talonflame\n|-start|p1a: Charizard|confusion|[fatigue]\n|\n|-sideend|p1: JoaKingDex(X)|move: Aurora Veil\n|upkeep\n|\n|t:|1700236171\n|switch|p2a: Garchomp|Garchomp, F|100\/100\n|turn|13\n|\n|t:|1700236176\n|-activate|p1a: Charizard|confusion\n|move|p1a: Charizard|Outrage|p2a: Garchomp\n|-supereffective|p2a: Garchomp\n|-damage|p2a: Garchomp|0 fnt\n|-damage|p1a: Charizard|30\/100|[from] ability: Rough Skin|[of] p2a: Garchomp\n|faint|p2a: Garchomp\n|\n|win|JoaKingDex(X)\n|raw|JoaKingDex(X)'s rating: 1294 &rarr; <strong>1315<\/strong><br \/>(+21 for winning)\n|raw|thinno's rating: 1240 &rarr; <strong>1219<\/strong><br \/>(-21 for losing)\n|l|\u2606thinno\n","uploadtime":1700236187,"views":19,"p1id":"joakingdexx","p2id":"thinno","formatid":"gen9nationaldex","rating":1219,"private":0,"password":""}