{"id":"gen9nationaldex-1997071523","p1":"iwuuwwiwiw","p2":"Xander#8155","format":"[Gen 9] National Dex","log":"|html|<div class=\"broadcast-blue\"><strong>[Gen 9] National Dex is currently suspecting Sneasler! For information on how to participate check out the <a href=\"https:\/\/www.smogon.com\/forums\/threads\/sv-national-dex-suspect-8-just-dance.3731534\/\">suspect thread<\/a>.<\/strong><\/div>\n|j|\u2606iwuuwwiwiw\n|j|\u2606Xander#8155\n|t:|1700761616\n|gametype|singles\n|player|p1|iwuuwwiwiw|steven|1144\n|player|p2|Xander#8155|grimsley|1082\n|teamsize|p1|6\n|teamsize|p2|6\n|gen|9\n|tier|[Gen 9] National Dex\n|rated|\n|rule|HP Percentage Mod: HP is shown in percentages\n|rule|Endless Battle Clause: Forcing endless battles is banned\n|rule|OHKO Clause: OHKO moves are banned\n|rule|Evasion Clause: Evasion abilities, items, and moves are banned\n|rule|Evasion Abilities Clause: Evasion abilities are banned\n|rule|Evasion Items Clause: Evasion items are banned\n|rule|Evasion Moves Clause: Evasion moves are banned\n|rule|Species Clause: Limit one of each Pok\u00e9mon\n|rule|Sleep Clause Mod: Limit one foe put to sleep\n|clearpoke\n|poke|p1|Garchomp, F|\n|poke|p1|Pinsir, M|\n|poke|p1|Gyarados, M|\n|poke|p1|Aerodactyl, M|\n|poke|p1|Sceptile, F|\n|poke|p1|Latias, F|\n|poke|p2|Aerodactyl, M|\n|poke|p2|Tyrantrum, F|\n|poke|p2|Cradily, M|\n|poke|p2|Bastiodon, M|\n|poke|p2|Omastar, F|\n|poke|p2|Rampardos, F|\n|teampreview\n|inactive|Battle timer is ON: inactive players will automatically lose when time's up. (requested by iwuuwwiwiw)\n|\n|t:|1700761625\n|start\n|switch|p1a: Garchomp|Garchomp, F|100\/100\n|switch|p2a: Bastiodon|Bastiodon, M|100\/100\n|turn|1\n|\n|t:|1700761639\n|move|p1a: Garchomp|Swords Dance|p1a: Garchomp\n|-boost|p1a: Garchomp|atk|2\n|move|p2a: Bastiodon|Stealth Rock|p1a: Garchomp\n|-sidestart|p1: iwuuwwiwiw|move: Stealth Rock\n|\n|upkeep\n|turn|2\n|\n|t:|1700761646\n|move|p1a: Garchomp|Earthquake|p2a: Bastiodon\n|-supereffective|p2a: Bastiodon\n|-ability|p2a: Bastiodon|Sturdy\n|-damage|p2a: Bastiodon|1\/100\n|move|p2a: Bastiodon|Metal Burst|p1a: Garchomp\n|-damage|p1a: Garchomp|0 fnt\n|faint|p1a: Garchomp\n|\n|upkeep\n|\n|t:|1700761674\n|switch|p1a: Gyarados|Gyarados, M|100\/100\n|-damage|p1a: Gyarados|75\/100|[from] Stealth Rock\n|turn|3\n|\n|t:|1700761686\n|move|p1a: Gyarados|Dragon Dance|p1a: Gyarados\n|-boost|p1a: Gyarados|atk|1\n|-boost|p1a: Gyarados|spe|1\n|move|p2a: Bastiodon|Roar|p1a: Gyarados\n|drag|p1a: Sceptile|Sceptile, F|100\/100\n|-damage|p1a: Sceptile|88\/100|[from] Stealth Rock\n|\n|upkeep\n|turn|4\n|\n|t:|1700761690\n|move|p1a: Sceptile|Swords Dance|p1a: Sceptile\n|-boost|p1a: Sceptile|atk|2\n|move|p2a: Bastiodon|Roar|p1a: Sceptile\n|drag|p1a: Latias|Latias, F|100\/100\n|-damage|p1a: Latias|88\/100|[from] Stealth Rock\n|\n|upkeep\n|turn|5\n|\n|t:|1700761694\n|detailschange|p1a: Latias|Latias-Mega, F\n|-mega|p1a: Latias|Latias|Latiasite\n|move|p1a: Latias|Calm Mind|p1a: Latias\n|-boost|p1a: Latias|spa|1\n|-boost|p1a: Latias|spd|1\n|move|p2a: Bastiodon|Roar|p1a: Latias\n|drag|p1a: Sceptile|Sceptile, F|88\/100\n|-damage|p1a: Sceptile|76\/100|[from] Stealth Rock\n|\n|upkeep\n|turn|6\n|\n|t:|1700761699\n|move|p1a: Sceptile|Swords Dance|p1a: Sceptile\n|-boost|p1a: Sceptile|atk|2\n|move|p2a: Bastiodon|Roar|p1a: Sceptile\n|drag|p1a: Gyarados|Gyarados, M|75\/100\n|-damage|p1a: Gyarados|50\/100|[from] Stealth Rock\n|\n|upkeep\n|turn|7\n|\n|t:|1700761706\n|move|p1a: Gyarados|Earthquake|p2a: Bastiodon\n|-supereffective|p2a: Bastiodon\n|-damage|p2a: Bastiodon|0 fnt\n|faint|p2a: Bastiodon\n|-ability|p1a: Gyarados|Moxie|boost\n|-boost|p1a: Gyarados|atk|1\n|\n|upkeep\n|\n|t:|1700761715\n|switch|p2a: Omastar|Omastar, F|100\/100\n|turn|8\n|\n|t:|1700761722\n|move|p1a: Gyarados|Earthquake|p2a: Omastar\n|-supereffective|p2a: Omastar\n|-damage|p2a: Omastar|3\/100\n|-ability|p2a: Omastar|Weak Armor|boost\n|-unboost|p2a: Omastar|def|1\n|-boost|p2a: Omastar|spe|2\n|move|p2a: Omastar|Shell Smash|p2a: Omastar\n|-unboost|p2a: Omastar|def|1\n|-unboost|p2a: Omastar|spd|1\n|-boost|p2a: Omastar|atk|2\n|-boost|p2a: Omastar|spa|2\n|-boost|p2a: Omastar|spe|2\n|\n|upkeep\n|turn|9\n|\n|t:|1700761731\n|move|p2a: Omastar|Ancient Power|p1a: Gyarados\n|-supereffective|p1a: Gyarados\n|-damage|p1a: Gyarados|0 fnt\n|-boost|p2a: Omastar|atk|1\n|-boost|p2a: Omastar|def|1\n|-boost|p2a: Omastar|spa|1\n|-boost|p2a: Omastar|spd|1\n|-boost|p2a: Omastar|spe|1\n|faint|p1a: Gyarados\n|\n|upkeep\n|c|\u2606Xander#8155|Welp\n|\n|t:|1700761744\n|switch|p1a: Latias|Latias-Mega, F|88\/100\n|-damage|p1a: Latias|76\/100|[from] Stealth Rock\n|turn|10\n|\n|t:|1700761750\n|move|p2a: Omastar|Ice Beam|p1a: Latias\n|-supereffective|p1a: Latias\n|-damage|p1a: Latias|0 fnt\n|faint|p1a: Latias\n|\n|upkeep\n|\n|t:|1700761752\n|switch|p1a: Pinsir|Pinsir, M|100\/100\n|-damage|p1a: Pinsir|76\/100|[from] Stealth Rock\n|turn|11\n|\n|t:|1700761758\n|move|p2a: Omastar|Ancient Power|p1a: Pinsir\n|-supereffective|p1a: Pinsir\n|-damage|p1a: Pinsir|0 fnt\n|faint|p1a: Pinsir\n|\n|upkeep\n|\n|t:|1700761761\n|switch|p1a: Aerodactyl|Aerodactyl, M|100\/100\n|-damage|p1a: Aerodactyl|76\/100|[from] Stealth Rock\n|turn|12\n|\n|t:|1700761772\n|move|p2a: Omastar|Ancient Power|p1a: Aerodactyl\n|-supereffective|p1a: Aerodactyl\n|-damage|p1a: Aerodactyl|0 fnt\n|faint|p1a: Aerodactyl\n|\n|upkeep\n|\n|t:|1700761774\n|switch|p1a: Sceptile|Sceptile, F|76\/100\n|-damage|p1a: Sceptile|63\/100|[from] Stealth Rock\n|turn|13\n|-message|iwuuwwiwiw forfeited.\n|\n|win|Xander#8155\n|raw|iwuuwwiwiw's rating: 1144 &rarr; <strong>1115<\/strong><br \/>(-29 for losing)\n|raw|Xander#8155's rating: 1082 &rarr; <strong>1115<\/strong><br \/>(+33 for winning)\n|l|\u2606iwuuwwiwiw\n","uploadtime":1700761784,"views":22,"p1id":"iwuuwwiwiw","p2id":"xander8155","formatid":"gen9nationaldex","rating":1115,"private":0,"password":""}