{"id":"gen9nationaldex-1995113953","p1":"The Brocha","p2":"apretacachete","format":"[Gen 9] National Dex","log":"|html|<div class=\"broadcast-blue\"><strong>[Gen 9] National Dex is currently suspecting Sneasler! For information on how to participate check out the <a href=\"https:\/\/www.smogon.com\/forums\/threads\/sv-national-dex-suspect-8-just-dance.3731534\/\">suspect thread<\/a>.<\/strong><\/div>\n|j|\u2606The Brocha\n|j|\u2606apretacachete\n|t:|1700524085\n|gametype|singles\n|player|p1|The Brocha|ninjaboy|1339\n|player|p2|apretacachete|saguaro|1413\n|teamsize|p1|6\n|teamsize|p2|6\n|gen|9\n|tier|[Gen 9] National Dex\n|rated|\n|rule|HP Percentage Mod: HP is shown in percentages\n|rule|Endless Battle Clause: Forcing endless battles is banned\n|rule|OHKO Clause: OHKO moves are banned\n|rule|Evasion Clause: Evasion abilities, items, and moves are banned\n|rule|Evasion Abilities Clause: Evasion abilities are banned\n|rule|Evasion Items Clause: Evasion items are banned\n|rule|Evasion Moves Clause: Evasion moves are banned\n|rule|Species Clause: Limit one of each Pok\u00e9mon\n|rule|Sleep Clause Mod: Limit one foe put to sleep\n|clearpoke\n|poke|p1|Rillaboom, M|\n|poke|p1|Aegislash, M|\n|poke|p1|Alomomola, M|\n|poke|p1|Hawlucha, F|\n|poke|p1|Nidoking, M|\n|poke|p1|Kleavor, M|\n|poke|p2|Ogerpon-Wellspring, F|\n|poke|p2|Rillaboom, M|\n|poke|p2|Dondozo, M|\n|poke|p2|Heatran, M|\n|poke|p2|Ting-Lu|\n|poke|p2|Tornadus-Therian, M|\n|teampreview\n|\n|t:|1700524094\n|start\n|switch|p1a: Nidoking|Nidoking, M, shiny|100\/100\n|switch|p2a: Tornadus|Tornadus-Therian, M|100\/100\n|turn|1\n|\n|t:|1700524102\n|switch|p2a: Ting-Lu|Ting-Lu|100\/100\n|-ability|p2a: Ting-Lu|Vessel of Ruin\n|move|p1a: Nidoking|Thunderbolt|p2a: Ting-Lu\n|-immune|p2a: Ting-Lu\n|\n|upkeep\n|turn|2\n|\n|t:|1700524109\n|switch|p1a: Rillaboom|Rillaboom, M|100\/100\n|-fieldstart|move: Grassy Terrain|[from] ability: Grassy Surge|[of] p1a: Rillaboom\n|move|p2a: Ting-Lu|Stealth Rock|p1a: Rillaboom\n|-sidestart|p1: The Brocha|move: Stealth Rock\n|\n|upkeep\n|turn|3\n|\n|t:|1700524115\n|switch|p2a: Heatran|Heatran, M|100\/100\n|move|p1a: Rillaboom|U-turn|p2a: Heatran\n|-resisted|p2a: Heatran\n|-damage|p2a: Heatran|91\/100\n|\n|t:|1700524122\n|switch|p1a: Nidoking|Nidoking, M, shiny|100\/100|[from] U-turn\n|-damage|p1a: Nidoking|95\/100|[from] Stealth Rock\n|\n|-heal|p1a: Nidoking|100\/100|[from] Grassy Terrain\n|-heal|p2a: Heatran|98\/100|[from] Grassy Terrain\n|-heal|p2a: Heatran|100\/100|[from] item: Leftovers\n|upkeep\n|turn|4\n|inactive|Battle timer is ON: inactive players will automatically lose when time's up. (requested by The Brocha)\n|c|\u2606The Brocha|Hue Br?\n|c|\u2606apretacachete|A\n|\n|t:|1700524154\n|switch|p2a: Tornadus|Tornadus-Therian, M|100\/100\n|move|p1a: Nidoking|Earth Power|p2a: Tornadus\n|-immune|p2a: Tornadus\n|\n|upkeep\n|turn|5\n|\n|t:|1700524165\n|switch|p1a: Alomomola|Alomomola, M|100\/100\n|-damage|p1a: Alomomola|88\/100|[from] Stealth Rock\n|move|p2a: Tornadus|Bleakwind Storm|p1a: Alomomola\n|-damage|p1a: Alomomola|44\/100\n|-enditem|p1a: Alomomola|Eject Button\n|\n|t:|1700524177\n|switch|p1a: Kleavor|Kleavor, M|100\/100\n|-damage|p1a: Kleavor|76\/100|[from] Stealth Rock\n|\n|-heal|p1a: Kleavor|82\/100|[from] Grassy Terrain\n|upkeep\n|turn|6\n|\n|t:|1700524188\n|switch|p2a: Dondozo|Dondozo, M|100\/100\n|move|p1a: Kleavor|Stone Axe|p2a: Dondozo\n|-damage|p2a: Dondozo|69\/100\n|-sidestart|p2: apretacachete|move: Stealth Rock\n|\n|-heal|p1a: Kleavor|88\/100|[from] Grassy Terrain\n|-heal|p2a: Dondozo|75\/100|[from] Grassy Terrain\n|-heal|p2a: Dondozo|81\/100|[from] item: Leftovers\n|-fieldend|move: Grassy Terrain\n|upkeep\n|turn|7\n|\n|t:|1700524195\n|switch|p1a: Rillaboom|Rillaboom, M|100\/100\n|-damage|p1a: Rillaboom|88\/100|[from] Stealth Rock\n|-fieldstart|move: Grassy Terrain|[from] ability: Grassy Surge|[of] p1a: Rillaboom\n|move|p2a: Dondozo|Curse|p2a: Dondozo\n|-unboost|p2a: Dondozo|spe|1\n|-boost|p2a: Dondozo|atk|1\n|-boost|p2a: Dondozo|def|1\n|\n|-heal|p1a: Rillaboom|94\/100|[from] Grassy Terrain\n|-heal|p2a: Dondozo|87\/100|[from] Grassy Terrain\n|-heal|p2a: Dondozo|93\/100|[from] item: Leftovers\n|upkeep\n|turn|8\n|\n|t:|1700524202\n|move|p1a: Rillaboom|U-turn|p2a: Dondozo\n|-damage|p2a: Dondozo|78\/100\n|\n|t:|1700524207\n|switch|p1a: Nidoking|Nidoking, M, shiny|100\/100|[from] U-turn\n|-damage|p1a: Nidoking|95\/100|[from] Stealth Rock\n|move|p2a: Dondozo|Curse|p2a: Dondozo\n|-unboost|p2a: Dondozo|spe|1\n|-boost|p2a: Dondozo|atk|1\n|-boost|p2a: Dondozo|def|1\n|\n|-heal|p1a: Nidoking|100\/100|[from] Grassy Terrain\n|-heal|p2a: Dondozo|84\/100|[from] Grassy Terrain\n|-heal|p2a: Dondozo|90\/100|[from] item: Leftovers\n|upkeep\n|turn|9\n|\n|t:|1700524211\n|move|p1a: Nidoking|Thunderbolt|p2a: Dondozo\n|-supereffective|p2a: Dondozo\n|-crit|p2a: Dondozo\n|-damage|p2a: Dondozo|18\/100\n|move|p2a: Dondozo|Waterfall|p1a: Nidoking\n|-supereffective|p1a: Nidoking\n|-damage|p1a: Nidoking|0 fnt\n|faint|p1a: Nidoking\n|\n|-heal|p2a: Dondozo|24\/100|[from] Grassy Terrain\n|-heal|p2a: Dondozo|30\/100|[from] item: Leftovers\n|upkeep\n|\n|t:|1700524218\n|switch|p1a: Aegislash|Aegislash, M, shiny|100\/100\n|-damage|p1a: Aegislash|94\/100|[from] Stealth Rock\n|turn|10\n|\n|t:|1700524223\n|-formechange|p1a: Aegislash|Aegislash-Blade||[from] ability: Stance Change\n|move|p1a: Aegislash|Shadow Ball|p2a: Dondozo\n|-damage|p2a: Dondozo|0 fnt\n|faint|p2a: Dondozo\n|\n|-heal|p1a: Aegislash|100\/100|[from] Grassy Terrain\n|upkeep\n|\n|t:|1700524228\n|switch|p2a: Tornadus|Tornadus-Therian, M|100\/100\n|turn|11\n|\n|t:|1700524233\n|-formechange|p1a: Aegislash|Aegislash||[from] ability: Stance Change\n|move|p1a: Aegislash|King's Shield|p1a: Aegislash\n|-singleturn|p1a: Aegislash|Protect\n|move|p2a: Tornadus|Defog|p1a: Aegislash\n|-unboost|p1a: Aegislash|evasion|1\n|-sideend|p1: The Brocha|Stealth Rock|[from] move: Defog|[of] p2a: Tornadus\n|-sideend|p2: apretacachete|Stealth Rock|[from] move: Defog|[of] p2a: Tornadus\n|-fieldend|move: Grassy Terrain\n|\n|upkeep\n|turn|12\n|\n|t:|1700524244\n|move|p2a: Tornadus|U-turn|p1a: Aegislash\n|-resisted|p1a: Aegislash\n|-damage|p1a: Aegislash|97\/100\n|\n|t:|1700524251\n|switch|p2a: Heatran|Heatran, M|100\/100|[from] U-turn\n|move|p1a: Aegislash|Toxic|p2a: Heatran\n|-immune|p2a: Heatran\n|\n|-heal|p1a: Aegislash|100\/100|[from] item: Leftovers\n|upkeep\n|turn|13\n|\n|t:|1700524257\n|switch|p1a: Alomomola|Alomomola, M|77\/100\n|move|p2a: Heatran|Magma Storm|p1a: Alomomola\n|-resisted|p1a: Alomomola\n|-damage|p1a: Alomomola|50\/100\n|-activate|p1a: Alomomola|move: Magma Storm|[of] p2a: Heatran\n|\n|-damage|p1a: Alomomola|37\/100|[from] move: Magma Storm|[partiallytrapped]\n|upkeep\n|turn|14\n|\n|t:|1700524263\n|move|p2a: Heatran|Protect|p2a: Heatran\n|-singleturn|p2a: Heatran|Protect\n|move|p1a: Alomomola|Flip Turn|p2a: Heatran\n|-activate|p2a: Heatran|move: Protect\n|\n|-damage|p1a: Alomomola|25\/100|[from] move: Magma Storm|[partiallytrapped]\n|upkeep\n|turn|15\n|\n|t:|1700524266\n|move|p2a: Heatran|Toxic|p1a: Alomomola\n|-status|p1a: Alomomola|tox\n|move|p1a: Alomomola|Flip Turn|p2a: Heatran\n|-supereffective|p2a: Heatran\n|-damage|p2a: Heatran|71\/100\n|\n|t:|1700524277\n|switch|p1a: Hawlucha|Hawlucha, F|100\/100|[from] Flip Turn\n|\n|-heal|p2a: Heatran|77\/100|[from] item: Leftovers\n|upkeep\n|turn|16\n|\n|t:|1700524282\n|switch|p1a: Kleavor|Kleavor, M|88\/100\n|switch|p2a: Tornadus|Tornadus-Therian, M|100\/100\n|\n|upkeep\n|turn|17\n|\n|t:|1700524291\n|move|p1a: Kleavor|Stone Axe|p2a: Tornadus\n|-supereffective|p2a: Tornadus\n|-damage|p2a: Tornadus|0 fnt\n|-sidestart|p2: apretacachete|move: Stealth Rock\n|faint|p2a: Tornadus\n|\n|upkeep\n|\n|t:|1700524297\n|switch|p2a: Rillaboom|Rillaboom, M|100\/100\n|-damage|p2a: Rillaboom|88\/100|[from] Stealth Rock\n|-fieldstart|move: Grassy Terrain|[from] ability: Grassy Surge|[of] p2a: Rillaboom\n|turn|18\n|\n|t:|1700524310\n|switch|p1a: Hawlucha|Hawlucha, F|100\/100\n|-enditem|p1a: Hawlucha|Grassy Seed\n|-boost|p1a: Hawlucha|def|1|[from] item: Grassy Seed\n|move|p2a: Rillaboom|Knock Off|p1a: Hawlucha\n|-resisted|p1a: Hawlucha\n|-damage|p1a: Hawlucha|90\/100\n|\n|-heal|p2a: Rillaboom|94\/100|[from] Grassy Terrain\n|upkeep\n|turn|19\n|\n|t:|1700524329\n|move|p1a: Hawlucha|Swords Dance|p1a: Hawlucha\n|-boost|p1a: Hawlucha|atk|2\n|move|p2a: Rillaboom|Drum Beating|p1a: Hawlucha\n|-resisted|p1a: Hawlucha\n|-damage|p1a: Hawlucha|66\/100\n|-unboost|p1a: Hawlucha|spe|1\n|\n|-heal|p2a: Rillaboom|99\/100|[from] Grassy Terrain\n|upkeep\n|turn|20\n|\n|t:|1700524334\n|move|p1a: Hawlucha|Close Combat|p2a: Rillaboom\n|-damage|p2a: Rillaboom|0 fnt\n|-unboost|p1a: Hawlucha|def|1\n|-unboost|p1a: Hawlucha|spd|1\n|faint|p2a: Rillaboom\n|\n|upkeep\n|\n|t:|1700524348\n|switch|p2a: Ogerpon|Ogerpon-Wellspring, F|100\/100\n|-damage|p2a: Ogerpon|88\/100|[from] Stealth Rock\n|turn|21\n|\n|t:|1700524353\n|-terastallize|p2a: Ogerpon|Water\n|detailschange|p2a: Ogerpon|Ogerpon-Wellspring-Tera, F, tera:Water\n|-ability|p2a: Ogerpon|Embody Aspect (Wellspring)|boost\n|-boost|p2a: Ogerpon|spd|1\n|move|p1a: Hawlucha|Acrobatics|p2a: Ogerpon\n|-damage|p2a: Ogerpon|0 fnt\n|faint|p2a: Ogerpon\n|\n|upkeep\n|\n|t:|1700524360\n|switch|p2a: Ting-Lu|Ting-Lu|100\/100\n|-damage|p2a: Ting-Lu|94\/100|[from] Stealth Rock\n|-ability|p2a: Ting-Lu|Vessel of Ruin\n|turn|22\n|\n|t:|1700524364\n|move|p1a: Hawlucha|Close Combat|p2a: Ting-Lu\n|-supereffective|p2a: Ting-Lu\n|-damage|p2a: Ting-Lu|0 fnt\n|-unboost|p1a: Hawlucha|def|1\n|-unboost|p1a: Hawlucha|spd|1\n|faint|p2a: Ting-Lu\n|\n|upkeep\n|\n|t:|1700524367\n|switch|p2a: Heatran|Heatran, M|77\/100\n|-damage|p2a: Heatran|65\/100|[from] Stealth Rock\n|turn|23\n|c|\u2606apretacachete|gg\n|\n|t:|1700524373\n|move|p1a: Hawlucha|Close Combat|p2a: Heatran\n|-supereffective|p2a: Heatran\n|-damage|p2a: Heatran|0 fnt\n|-unboost|p1a: Hawlucha|def|1\n|-unboost|p1a: Hawlucha|spd|1\n|faint|p2a: Heatran\n|\n|win|The Brocha\n|raw|The Brocha's rating: 1339 &rarr; <strong>1363<\/strong><br \/>(+24 for winning)\n|raw|apretacachete's rating: 1413 &rarr; <strong>1389<\/strong><br \/>(-24 for losing)\n|l|\u2606apretacachete\n","uploadtime":1700524496,"views":1,"p1id":"thebrocha","p2id":"apretacachete","formatid":"gen9nationaldex","rating":1363,"private":0,"password":""}