{"id":"gen9nationaldex-1987697032","p1":"runeatest","p2":"mannmilk","format":"[Gen 9] National Dex","log":"|j|\u2606runeatest\n|j|\u2606mannmilk\n|t:|1699628636\n|gametype|singles\n|player|p1|runeatest|170|1017\n|player|p2|mannmilk|clown|1095\n|teamsize|p1|6\n|teamsize|p2|6\n|gen|9\n|tier|[Gen 9] National Dex\n|rated|\n|rule|HP Percentage Mod: HP is shown in percentages\n|rule|Endless Battle Clause: Forcing endless battles is banned\n|rule|OHKO Clause: OHKO moves are banned\n|rule|Evasion Clause: Evasion abilities, items, and moves are banned\n|rule|Evasion Abilities Clause: Evasion abilities are banned\n|rule|Evasion Items Clause: Evasion items are banned\n|rule|Evasion Moves Clause: Evasion moves are banned\n|rule|Species Clause: Limit one of each Pok\u00e9mon\n|rule|Sleep Clause Mod: Limit one foe put to sleep\n|clearpoke\n|poke|p1|Vaporeon, M|\n|poke|p1|Salamence, M|\n|poke|p1|Hitmontop, M|\n|poke|p1|Electivire, M|\n|poke|p1|Togekiss, M|\n|poke|p1|Houndoom, M|\n|poke|p2|Mimikyu, F|\n|poke|p2|Stakataka|\n|poke|p2|Reuniclus, F|\n|poke|p2|Grimmsnarl, M|\n|poke|p2|Regigigas|\n|poke|p2|Cofagrigus, F|\n|teampreview\n|inactive|Battle timer is ON: inactive players will automatically lose when time's up. (requested by runeatest)\n|\n|t:|1699628660\n|start\n|switch|p1a: Salamence|Salamence, M|100\/100\n|switch|p2a: Cofagrigus|Cofagrigus, F|100\/100\n|-ability|p1a: Salamence|Intimidate|boost\n|-unboost|p2a: Cofagrigus|atk|1\n|turn|1\n|\n|t:|1699628670\n|switch|p1a: Houndoom|Houndoom, M|100\/100\n|move|p2a: Cofagrigus|Skill Swap|p1a: Houndoom\n|-activate|p2a: Cofagrigus|move: Skill Swap|Flash Fire|Mummy|[of] p1a: Houndoom\n|\n|upkeep\n|turn|2\n|\n|t:|1699628677\n|move|p1a: Houndoom|Nasty Plot|p1a: Houndoom\n|-boost|p1a: Houndoom|spa|2\n|move|p2a: Cofagrigus|Trick Room|p2a: Cofagrigus\n|-fieldstart|move: Trick Room|[of] p2a: Cofagrigus\n|\n|upkeep\n|turn|3\n|\n|t:|1699628682\n|move|p2a: Cofagrigus|Body Press|p1a: Houndoom\n|-supereffective|p1a: Houndoom\n|-enditem|p1a: Houndoom|Focus Sash\n|-damage|p1a: Houndoom|1\/100\n|-activate|p1a: Houndoom|ability: Mummy|Flash Fire|[of] p2a: Cofagrigus\n|-damage|p2a: Cofagrigus|91\/100|[from] item: Life Orb\n|move|p1a: Houndoom|Dark Pulse|p2a: Cofagrigus\n|-supereffective|p2a: Cofagrigus\n|-damage|p2a: Cofagrigus|0 fnt\n|faint|p2a: Cofagrigus\n|\n|upkeep\n|\n|t:|1699628686\n|switch|p2a: unstoppable force|Regigigas|100\/100\n|-start|p2a: unstoppable force|ability: Slow Start\n|turn|4\n|\n|t:|1699628696\n|move|p2a: unstoppable force|Power-Up Punch|p1a: Houndoom\n|-supereffective|p1a: Houndoom\n|-crit|p1a: Houndoom\n|-damage|p1a: Houndoom|0 fnt\n|-boost|p2a: unstoppable force|atk|1\n|-end|p2a: unstoppable force|Slow Start|[silent]\n|-activate|p1a: Houndoom|ability: Mummy|Slow Start|[of] p2a: unstoppable force\n|faint|p1a: Houndoom\n|\n|upkeep\n|\n|t:|1699628707\n|switch|p1a: Hitmontop|Hitmontop, M|100\/100\n|turn|5\n|\n|t:|1699628723\n|-terastallize|p2a: unstoppable force|Ground\n|move|p1a: Hitmontop|Fake Out|p2a: unstoppable force\n|-damage|p2a: unstoppable force|86\/100\n|-activate|p2a: unstoppable force|ability: Mummy|Technician|[of] p1a: Hitmontop\n|cant|p2a: unstoppable force|flinch\n|\n|upkeep\n|turn|6\n|\n|t:|1699628731\n|switch|p1a: Vaporeon|Vaporeon, M|100\/100\n|move|p2a: unstoppable force|Power-Up Punch|p1a: Vaporeon\n|-damage|p1a: Vaporeon|76\/100\n|-boost|p2a: unstoppable force|atk|1\n|\n|-heal|p1a: Vaporeon|82\/100|[from] item: Leftovers\n|-fieldend|move: Trick Room\n|upkeep\n|turn|7\n|\n|t:|1699628740\n|move|p2a: unstoppable force|Earthquake|p1a: Vaporeon\n|-damage|p1a: Vaporeon|0 fnt\n|faint|p1a: Vaporeon\n|\n|upkeep\n|\n|t:|1699628745\n|switch|p1a: Salamence|Salamence, M|100\/100\n|-ability|p1a: Salamence|Intimidate|boost\n|-unboost|p2a: unstoppable force|atk|1\n|turn|8\n|\n|t:|1699628749\n|move|p1a: Salamence|Hydro Pump|p2a: unstoppable force\n|-supereffective|p2a: unstoppable force\n|-damage|p2a: unstoppable force|2\/100\n|-enditem|p2a: unstoppable force|Salac Berry|[eat]\n|-boost|p2a: unstoppable force|spe|1|[from] item: Salac Berry\n|move|p2a: unstoppable force|Power-Up Punch|p1a: Salamence\n|-resisted|p1a: Salamence\n|-damage|p1a: Salamence|84\/100\n|-boost|p2a: unstoppable force|atk|1\n|\n|upkeep\n|turn|9\n|c|\u2606mannmilk|thanks babe\n|\n|t:|1699628758\n|move|p2a: unstoppable force|Facade|p1a: Salamence\n|-damage|p1a: Salamence|0 fnt\n|faint|p1a: Salamence\n|\n|upkeep\n|\n|t:|1699628762\n|switch|p1a: Togekiss|Togekiss, M, shiny|100\/100\n|turn|10\n|\n|t:|1699628765\n|move|p2a: unstoppable force|Facade|p1a: Togekiss\n|-damage|p1a: Togekiss|0 fnt\n|faint|p1a: Togekiss\n|\n|upkeep\n|\n|t:|1699628770\n|switch|p1a: Hitmontop|Hitmontop, M|100\/100\n|turn|11\n|\n|t:|1699628773\n|move|p2a: unstoppable force|Protect|p2a: unstoppable force\n|-singleturn|p2a: unstoppable force|Protect\n|move|p1a: Hitmontop|Sucker Punch||[still]\n|-fail|p1a: Hitmontop\n|\n|upkeep\n|turn|12\n|\n|t:|1699628778\n|move|p2a: unstoppable force|Facade|p1a: Hitmontop\n|-enditem|p1a: Hitmontop|Focus Sash\n|-damage|p1a: Hitmontop|1\/100\n|move|p1a: Hitmontop|Rapid Spin|p2a: unstoppable force\n|-damage|p2a: unstoppable force|0 fnt\n|-boost|p1a: Hitmontop|spe|1\n|-activate|p2a: unstoppable force|ability: Mummy|Technician|[of] p1a: Hitmontop\n|faint|p2a: unstoppable force\n|\n|upkeep\n|\n|t:|1699628785\n|switch|p2a: jelly baby|Reuniclus, F|100\/100\n|turn|13\n|\n|t:|1699628791\n|move|p1a: Hitmontop|Sucker Punch||[still]\n|-fail|p1a: Hitmontop\n|move|p2a: jelly baby|Trick Room|p2a: jelly baby\n|-fieldstart|move: Trick Room|[of] p2a: jelly baby\n|\n|upkeep\n|turn|14\n|-message|runeatest forfeited.\n|l|\u2606runeatest\n|inactive|runeatest disconnected and has a minute to reconnect!\n|player|p1|\n|\n|win|mannmilk\n|raw|runeatest's rating: 1017 &rarr; <strong>1007<\/strong><br \/>(-10 for losing)\n|raw|mannmilk's rating: 1095 &rarr; <strong>1115<\/strong><br \/>(+20 for winning)\n","uploadtime":1699628804,"views":4,"p1id":"runeatest","p2id":"mannmilk","formatid":"gen9nationaldex","rating":1007,"private":0,"password":""}