{"id":"gen9nationaldex-1990419183","p1":"KarmaNightraide","p2":"registeelflygon","format":"[Gen 9] National Dex","log":"|j|\u2606KarmaNightraide\n|j|\u2606registeelflygon\n|t:|1699969051\n|gametype|singles\n|player|p1|KarmaNightraide|unknown|1165\n|player|p2|registeelflygon|lance|1176\n|teamsize|p1|6\n|teamsize|p2|6\n|gen|9\n|tier|[Gen 9] National Dex\n|rated|\n|rule|HP Percentage Mod: HP is shown in percentages\n|rule|Endless Battle Clause: Forcing endless battles is banned\n|rule|OHKO Clause: OHKO moves are banned\n|rule|Evasion Clause: Evasion abilities, items, and moves are banned\n|rule|Evasion Abilities Clause: Evasion abilities are banned\n|rule|Evasion Items Clause: Evasion items are banned\n|rule|Evasion Moves Clause: Evasion moves are banned\n|rule|Species Clause: Limit one of each Pok\u00e9mon\n|rule|Sleep Clause Mod: Limit one foe put to sleep\n|clearpoke\n|poke|p1|Ceruledge, F|\n|poke|p1|Basculegion-F, F|\n|poke|p1|Mimikyu, M|\n|poke|p1|Gourgeist-*, F|\n|poke|p1|Banette, F|\n|poke|p1|Mismagius, F|\n|poke|p2|Dragonite, F|\n|poke|p2|Charizard, M|\n|poke|p2|Noivern, M|\n|poke|p2|Kommo-o, M|\n|poke|p2|Gyarados, F|\n|poke|p2|Serperior, F|\n|teampreview\n|inactive|Battle timer is ON: inactive players will automatically lose when time's up. (requested by registeelflygon)\n|\n|t:|1699969067\n|start\n|switch|p1a: Go to sleep...|Banette, F|100\/100\n|switch|p2a: Serperior|Serperior, F|100\/100\n|turn|1\n|\n|t:|1699969087\n|detailschange|p1a: Go to sleep...|Banette-Mega, F\n|-mega|p1a: Go to sleep...|Banette|Banettite\n|move|p1a: Go to sleep...|Taunt|p2a: Serperior\n|-start|p2a: Serperior|move: Taunt\n|move|p2a: Serperior|Leaf Storm|p1a: Go to sleep...|[miss]\n|-miss|p2a: Serperior|p1a: Go to sleep...\n|\n|upkeep\n|turn|2\n|\n|t:|1699969095\n|move|p2a: Serperior|Leaf Storm|p1a: Go to sleep...\n|-damage|p1a: Go to sleep...|36\/100\n|-boost|p2a: Serperior|spa|2\n|move|p1a: Go to sleep...|Gunk Shot|p2a: Serperior\n|-supereffective|p2a: Serperior\n|-damage|p2a: Serperior|0 fnt\n|faint|p2a: Serperior\n|\n|upkeep\n|\n|t:|1699969104\n|switch|p2a: Noivern|Noivern, M, shiny|100\/100\n|turn|3\n|\n|t:|1699969111\n|move|p1a: Go to sleep...|Destiny Bond|p1a: Go to sleep...\n|-singlemove|p1a: Go to sleep...|Destiny Bond\n|move|p2a: Noivern|Hurricane|p1a: Go to sleep...\n|-damage|p1a: Go to sleep...|0 fnt\n|faint|p1a: Go to sleep...\n|-activate|p1a: Go to sleep...|move: Destiny Bond\n|faint|p2a: Noivern\n|\n|upkeep\n|c|\u2606registeelflygon|does everything here have destiny bond\n|\n|t:|1699969130\n|switch|p2a: Gyarados|Gyarados, F|100\/100\n|switch|p1a: Lady Fish|Basculegion-F, F|100\/100\n|turn|4\n|inactive|KarmaNightraide has 120 seconds left.\n|\n|t:|1699969174\n|detailschange|p2a: Gyarados|Gyarados-Mega, F\n|-mega|p2a: Gyarados|Gyarados|Gyaradosite\n|-ability|p2a: Gyarados|Mold Breaker\n|move|p1a: Lady Fish|Ice Beam|p2a: Gyarados\n|-resisted|p2a: Gyarados\n|-damage|p2a: Gyarados|91\/100\n|move|p2a: Gyarados|Dragon Dance|p2a: Gyarados\n|-boost|p2a: Gyarados|atk|1\n|-boost|p2a: Gyarados|spe|1\n|\n|upkeep\n|turn|5\n|inactive|KarmaNightraide has 90 seconds left.\n|\n|t:|1699969204\n|move|p2a: Gyarados|Dragon Dance|p2a: Gyarados\n|-boost|p2a: Gyarados|atk|1\n|-boost|p2a: Gyarados|spe|1\n|move|p1a: Lady Fish|Hydro Pump|p2a: Gyarados\n|-resisted|p2a: Gyarados\n|-damage|p2a: Gyarados|73\/100\n|\n|upkeep\n|turn|6\n|\n|t:|1699969213\n|move|p2a: Gyarados|Crunch|p1a: Lady Fish\n|-supereffective|p1a: Lady Fish\n|-enditem|p1a: Lady Fish|Focus Sash\n|-damage|p1a: Lady Fish|1\/100\n|move|p1a: Lady Fish|Hydro Pump|p2a: Gyarados\n|-resisted|p2a: Gyarados\n|-damage|p2a: Gyarados|54\/100\n|\n|upkeep\n|turn|7\n|\n|t:|1699969221\n|move|p2a: Gyarados|Earthquake|p1a: Lady Fish\n|-damage|p1a: Lady Fish|0 fnt\n|faint|p1a: Lady Fish\n|\n|upkeep\n|\n|t:|1699969226\n|switch|p1a: Lil guy my man|Mimikyu, M|100\/100\n|turn|8\n|\n|t:|1699969229\n|move|p2a: Gyarados|Earthquake|p1a: Lil guy my man\n|-damage|p1a: Lil guy my man|0 fnt\n|faint|p1a: Lil guy my man\n|\n|upkeep\n|\n|t:|1699969251\n|switch|p1a: Widowmaker|Ceruledge, F|100\/100\n|turn|9\n|\n|t:|1699969259\n|move|p2a: Gyarados|Waterfall|p1a: Widowmaker\n|-supereffective|p1a: Widowmaker\n|-enditem|p1a: Widowmaker|Focus Sash\n|-damage|p1a: Widowmaker|1\/100\n|-ability|p1a: Widowmaker|Weak Armor|boost\n|-unboost|p1a: Widowmaker|def|1\n|-boost|p1a: Widowmaker|spe|2\n|cant|p1a: Widowmaker|flinch\n|\n|upkeep\n|turn|10\n|\n|t:|1699969271\n|move|p1a: Widowmaker|Close Combat|p2a: Gyarados\n|-supereffective|p2a: Gyarados\n|-damage|p2a: Gyarados|0 fnt\n|-unboost|p1a: Widowmaker|def|1\n|-unboost|p1a: Widowmaker|spd|1\n|faint|p2a: Gyarados\n|\n|upkeep\n|\n|t:|1699969280\n|switch|p2a: Charizard|Charizard, M, shiny|100\/100\n|turn|11\n|\n|t:|1699969293\n|move|p1a: Widowmaker|Bitter Blade|p2a: Charizard\n|-resisted|p2a: Charizard\n|-damage|p2a: Charizard|64\/100\n|-heal|p1a: Widowmaker|20\/100|[from] drain|[of] p2a: Charizard\n|move|p2a: Charizard|Air Slash|p1a: Widowmaker\n|-damage|p1a: Widowmaker|0 fnt\n|faint|p1a: Widowmaker\n|\n|upkeep\n|\n|t:|1699969302\n|switch|p1a: Witch|Mismagius, F|100\/100\n|turn|12\n|\n|t:|1699969313\n|move|p1a: Witch|Nasty Plot|p1a: Witch\n|-boost|p1a: Witch|spa|2\n|move|p2a: Charizard|Defog|p1a: Witch\n|-unboost|p1a: Witch|evasion|1\n|\n|upkeep\n|turn|13\n|\n|t:|1699969322\n|move|p1a: Witch|Power Gem|p2a: Charizard\n|-supereffective|p2a: Charizard\n|-damage|p2a: Charizard|0 fnt\n|faint|p2a: Charizard\n|\n|upkeep\n|\n|t:|1699969326\n|switch|p2a: Dragonite|Dragonite, F|100\/100\n|turn|14\n|inactive|KarmaNightraide has 120 seconds left.\n|\n|t:|1699969339\n|-terastallize|p2a: Dragonite|Normal\n|move|p1a: Witch|Power Gem|p2a: Dragonite\n|-damage|p2a: Dragonite|76\/100\n|move|p2a: Dragonite|Outrage|p1a: Witch\n|-crit|p1a: Witch\n|-enditem|p1a: Witch|Focus Sash\n|-damage|p1a: Witch|1\/100\n|\n|upkeep\n|turn|15\n|inactive|KarmaNightraide has 120 seconds left.\n|\n|t:|1699969362\n|move|p1a: Witch|Energy Ball|p2a: Dragonite\n|-damage|p2a: Dragonite|21\/100\n|move|p2a: Dragonite|Outrage|p1a: Witch|[from]lockedmove\n|-damage|p1a: Witch|0 fnt\n|faint|p1a: Witch\n|\n|upkeep\n|\n|t:|1699969370\n|switch|p1a: Pumpin|Gourgeist-Small, F|100\/100\n|-item|p2a: Dragonite|Lum Berry|[from] ability: Frisk|[of] p1a: Pumpin|[identify]\n|turn|16\n|\n|t:|1699969375\n|-zpower|p1a: Pumpin\n|move|p1a: Pumpin|Z-Trick-or-Treat||[anim]Trick-or-Treat|[still]\n|-boost|p1a: Pumpin|atk|1|[zeffect]\n|-boost|p1a: Pumpin|def|1|[zeffect]\n|-boost|p1a: Pumpin|spa|1|[zeffect]\n|-boost|p1a: Pumpin|spd|1|[zeffect]\n|-boost|p1a: Pumpin|spe|1|[zeffect]\n|-fail|p1a: Pumpin\n|move|p2a: Dragonite|Outrage|p1a: Pumpin|[from]lockedmove\n|-damage|p1a: Pumpin|45\/100\n|-start|p2a: Dragonite|confusion|[fatigue]\n|-enditem|p2a: Dragonite|Lum Berry|[eat]\n|-end|p2a: Dragonite|confusion\n|\n|upkeep\n|turn|17\n|\n|t:|1699969390\n|move|p1a: Pumpin|Power Whip|p2a: Dragonite\n|-damage|p2a: Dragonite|0 fnt\n|faint|p2a: Dragonite\n|\n|upkeep\n|\n|t:|1699969393\n|switch|p2a: Kommo-o|Kommo-o, M|100\/100\n|turn|18\n|inactive|KarmaNightraide has 120 seconds left.\n|\n|t:|1699969408\n|move|p1a: Pumpin|Poltergeist|p2a: Kommo-o\n|-activate|p2a: Kommo-o|move: Poltergeist|Throat Spray\n|-damage|p2a: Kommo-o|42\/100\n|move|p2a: Kommo-o|Clangorous Soul|p2a: Kommo-o\n|-boost|p2a: Kommo-o|atk|1\n|-boost|p2a: Kommo-o|def|1\n|-boost|p2a: Kommo-o|spa|1\n|-boost|p2a: Kommo-o|spd|1\n|-boost|p2a: Kommo-o|spe|1\n|-damage|p2a: Kommo-o|9\/100\n|-enditem|p2a: Kommo-o|Throat Spray\n|-boost|p2a: Kommo-o|spa|1|[from] item: Throat Spray\n|\n|upkeep\n|turn|19\n|\n|t:|1699969420\n|move|p1a: Pumpin|Shadow Sneak|p2a: Kommo-o\n|-damage|p2a: Kommo-o|0 fnt\n|faint|p2a: Kommo-o\n|\n|win|KarmaNightraide\n|raw|KarmaNightraide's rating: 1165 &rarr; <strong>1191<\/strong><br \/>(+26 for winning)\n|raw|registeelflygon's rating: 1176 &rarr; <strong>1150<\/strong><br \/>(-26 for losing)\n|l|\u2606registeelflygon\n","uploadtime":1699969428,"views":4,"p1id":"karmanightraide","p2id":"registeelflygon","formatid":"gen9nationaldex","rating":1150,"private":0,"password":""}