{"id":"gen9nationaldex-1998347853","p1":"yumizuozhou","p2":"Squige137","format":"[Gen 9] National Dex","log":"|html|<div class=\"broadcast-blue\"><strong>[Gen 9] National Dex is currently suspecting Sneasler! For information on how to participate check out the <a href=\"https:\/\/www.smogon.com\/forums\/threads\/sv-national-dex-suspect-8-just-dance.3731534\/\">suspect thread<\/a>.<\/strong><\/div>\n|j|\u2606yumizuozhou\n|j|\u2606Squige137\n|t:|1700932227\n|gametype|singles\n|player|p1|yumizuozhou|170|1261\n|player|p2|Squige137|infielder|1356\n|teamsize|p1|6\n|teamsize|p2|6\n|gen|9\n|tier|[Gen 9] National Dex\n|rated|\n|rule|HP Percentage Mod: HP is shown in percentages\n|rule|Endless Battle Clause: Forcing endless battles is banned\n|rule|OHKO Clause: OHKO moves are banned\n|rule|Evasion Clause: Evasion abilities, items, and moves are banned\n|rule|Evasion Abilities Clause: Evasion abilities are banned\n|rule|Evasion Items Clause: Evasion items are banned\n|rule|Evasion Moves Clause: Evasion moves are banned\n|rule|Species Clause: Limit one of each Pok\u00e9mon\n|rule|Sleep Clause Mod: Limit one foe put to sleep\n|clearpoke\n|poke|p1|Garchomp, F|\n|poke|p1|Ferrothorn, F|\n|poke|p1|Lopunny, F|\n|poke|p1|Moltres|\n|poke|p1|Slowking-Galar, F|\n|poke|p1|Kyurem|\n|poke|p2|Muk-Alola, M|\n|poke|p2|Alomomola, F|\n|poke|p2|Skeledirge, F|\n|poke|p2|Kleavor, M|\n|poke|p2|Ferrothorn, F|\n|poke|p2|Corviknight, F|\n|teampreview\n|inactive|Battle timer is ON: inactive players will automatically lose when time's up. (requested by Squige137)\n|c|\u2606Squige137|glhf\n|inactive|yumizuozhou has 120 seconds left.\n|\n|t:|1700932258\n|start\n|switch|p1a: Garchomp|Garchomp, F|100\/100\n|switch|p2a: Kleavor|Kleavor, M|100\/100\n|turn|1\n|\n|t:|1700932269\n|move|p2a: Kleavor|Stone Axe|p1a: Garchomp\n|-resisted|p1a: Garchomp\n|-damage|p1a: Garchomp|76\/100\n|-damage|p2a: Kleavor|88\/100|[from] ability: Rough Skin|[of] p1a: Garchomp\n|-sidestart|p1: yumizuozhou|move: Stealth Rock\n|move|p1a: Garchomp|Earthquake|p2a: Kleavor\n|-damage|p2a: Kleavor|22\/100\n|\n|upkeep\n|turn|2\n|\n|t:|1700932277\n|switch|p2a: Corviknight|Corviknight, F|100\/100\n|-ability|p2a: Corviknight|Pressure\n|move|p1a: Garchomp|Swords Dance|p1a: Garchomp\n|-boost|p1a: Garchomp|atk|2\n|\n|upkeep\n|turn|3\n|\n|t:|1700932288\n|move|p1a: Garchomp|Swords Dance|p1a: Garchomp\n|-boost|p1a: Garchomp|atk|2\n|move|p2a: Corviknight|U-turn|p1a: Garchomp\n|-damage|p1a: Garchomp|62\/100\n|-damage|p2a: Corviknight|88\/100|[from] ability: Rough Skin|[of] p1a: Garchomp\n|\n|t:|1700932295\n|switch|p2a: Muk|Muk-Alola, M|100\/100|[from] U-turn\n|\n|upkeep\n|turn|4\n|\n|t:|1700932303\n|-terastallize|p2a: Muk|Flying\n|move|p1a: Garchomp|Earthquake|p2a: Muk\n|-immune|p2a: Muk\n|move|p2a: Muk|Ice Punch|p1a: Garchomp\n|-supereffective|p1a: Garchomp\n|-damage|p1a: Garchomp|0 fnt\n|-damage|p2a: Muk|88\/100|[from] ability: Rough Skin|[of] p1a: Garchomp\n|faint|p1a: Garchomp\n|\n|upkeep\n|\n|t:|1700932308\n|switch|p1a: Kyurem|Kyurem|100\/100\n|-damage|p1a: Kyurem|76\/100|[from] Stealth Rock\n|-ability|p1a: Kyurem|Pressure\n|turn|5\n|\n|t:|1700932320\n|switch|p2a: Alomomola|Alomomola, F|100\/100\n|move|p1a: Kyurem|Earth Power|p2a: Alomomola\n|-damage|p2a: Alomomola|47\/100\n|\n|upkeep\n|turn|6\n|\n|t:|1700932329\n|move|p1a: Kyurem|Earth Power|p2a: Alomomola\n|-damage|p2a: Alomomola|0 fnt\n|faint|p2a: Alomomola\n|\n|upkeep\n|\n|t:|1700932334\n|switch|p2a: Skeledirge|Skeledirge, F|100\/100\n|turn|7\n|\n|t:|1700932339\n|-terastallize|p1a: Kyurem|Fairy\n|move|p1a: Kyurem|Earth Power|p2a: Skeledirge\n|-supereffective|p2a: Skeledirge\n|-damage|p2a: Skeledirge|5\/100\n|move|p2a: Skeledirge|Torch Song|p1a: Kyurem\n|-damage|p1a: Kyurem|40\/100\n|-boost|p2a: Skeledirge|spa|1\n|\n|upkeep\n|turn|8\n|\n|t:|1700932347\n|switch|p2a: Corviknight|Corviknight, F|88\/100\n|-ability|p2a: Corviknight|Pressure\n|move|p1a: Kyurem|Earth Power|p2a: Corviknight\n|-immune|p2a: Corviknight\n|\n|upkeep\n|turn|9\n|\n|t:|1700932355\n|switch|p1a: Moltres|Moltres|100\/100\n|move|p2a: Corviknight|Body Press|p1a: Moltres\n|-resisted|p1a: Moltres\n|-damage|p1a: Moltres|91\/100\n|-status|p2a: Corviknight|brn|[from] ability: Flame Body|[of] p1a: Moltres\n|\n|-damage|p2a: Corviknight|82\/100 brn|[from] brn\n|upkeep\n|turn|10\n|\n|t:|1700932365\n|switch|p2a: Muk|Muk-Alola, M, tera:Flying|88\/100\n|move|p1a: Moltres|Flamethrower|p2a: Muk\n|-damage|p2a: Muk|67\/100\n|\n|upkeep\n|turn|11\n|\n|t:|1700932372\n|move|p1a: Moltres|Flamethrower|p2a: Muk\n|-damage|p2a: Muk|45\/100\n|move|p2a: Muk|Knock Off|p1a: Moltres\n|-damage|p1a: Moltres|56\/100\n|-status|p2a: Muk|brn|[from] ability: Flame Body|[of] p1a: Moltres\n|-enditem|p1a: Moltres|Heavy-Duty Boots|[from] move: Knock Off|[of] p2a: Muk\n|\n|-damage|p2a: Muk|39\/100 brn|[from] brn\n|upkeep\n|turn|12\n|\n|t:|1700932382\n|move|p1a: Moltres|Roost|p1a: Moltres\n|-heal|p1a: Moltres|100\/100\n|-singleturn|p1a: Moltres|move: Roost\n|move|p2a: Muk|Poison Jab|p1a: Moltres\n|-damage|p1a: Moltres|86\/100\n|-status|p1a: Moltres|psn|[from] ability: Poison Touch|[of] p2a: Muk\n|\n|-damage|p1a: Moltres|74\/100 psn|[from] psn\n|-damage|p2a: Muk|33\/100 brn|[from] brn\n|upkeep\n|turn|13\n|\n|t:|1700932393\n|move|p1a: Moltres|Flamethrower|p2a: Muk\n|-damage|p2a: Muk|14\/100 brn\n|move|p2a: Muk|Knock Off|p1a: Moltres\n|-damage|p1a: Moltres|63\/100 psn\n|\n|-damage|p1a: Moltres|51\/100 psn|[from] psn\n|-damage|p2a: Muk|8\/100 brn|[from] brn\n|upkeep\n|turn|14\n|\n|t:|1700932401\n|move|p2a: Muk|Shadow Sneak|p1a: Moltres\n|-damage|p1a: Moltres|46\/100 psn\n|move|p1a: Moltres|Defog|p2a: Muk\n|-unboost|p2a: Muk|evasion|1\n|-sideend|p1: yumizuozhou|Stealth Rock|[from] move: Defog|[of] p1a: Moltres\n|\n|-damage|p1a: Moltres|34\/100 psn|[from] psn\n|-damage|p2a: Muk|1\/100 brn|[from] brn\n|upkeep\n|turn|15\n|\n|t:|1700932413\n|move|p1a: Moltres|Roost|p1a: Moltres\n|-heal|p1a: Moltres|84\/100 psn\n|-singleturn|p1a: Moltres|move: Roost\n|move|p2a: Muk|Poison Jab|p1a: Moltres\n|-damage|p1a: Moltres|70\/100 psn\n|\n|-damage|p1a: Moltres|58\/100 psn|[from] psn\n|-damage|p2a: Muk|0 fnt|[from] brn\n|faint|p2a: Muk\n|upkeep\n|\n|t:|1700932424\n|switch|p2a: Kleavor|Kleavor, M|22\/100\n|turn|16\n|\n|t:|1700932433\n|switch|p1a: Ferrothorn|Ferrothorn, F|100\/100\n|move|p2a: Kleavor|Stone Axe|p1a: Ferrothorn\n|-resisted|p1a: Ferrothorn\n|-damage|p1a: Ferrothorn|87\/100\n|-damage|p2a: Kleavor|9\/100|[from] ability: Iron Barbs|[of] p1a: Ferrothorn\n|-sidestart|p1: yumizuozhou|move: Stealth Rock\n|\n|-heal|p1a: Ferrothorn|93\/100|[from] item: Leftovers\n|upkeep\n|turn|17\n|\n|t:|1700932444\n|switch|p2a: Ferrothorn|Ferrothorn, F|100\/100\n|move|p1a: Ferrothorn|Knock Off|p2a: Ferrothorn\n|-damage|p2a: Ferrothorn|88\/100\n|-damage|p1a: Ferrothorn|80\/100|[from] ability: Iron Barbs|[of] p2a: Ferrothorn\n|-damage|p1a: Ferrothorn|64\/100|[from] item: Rocky Helmet|[of] p2a: Ferrothorn\n|-enditem|p2a: Ferrothorn|Rocky Helmet|[from] move: Knock Off|[of] p1a: Ferrothorn\n|\n|-heal|p1a: Ferrothorn|70\/100|[from] item: Leftovers\n|upkeep\n|turn|18\n|\n|t:|1700932457\n|move|p1a: Ferrothorn|Spikes|p2a: Ferrothorn\n|-sidestart|p2: Squige137|Spikes\n|move|p2a: Ferrothorn|Spikes|p1a: Ferrothorn\n|-sidestart|p1: yumizuozhou|Spikes\n|\n|-heal|p1a: Ferrothorn|76\/100|[from] item: Leftovers\n|upkeep\n|turn|19\n|\n|t:|1700932462\n|move|p1a: Ferrothorn|Spikes|p2a: Ferrothorn\n|-sidestart|p2: Squige137|Spikes\n|move|p2a: Ferrothorn|Spikes|p1a: Ferrothorn\n|-sidestart|p1: yumizuozhou|Spikes\n|\n|-heal|p1a: Ferrothorn|82\/100|[from] item: Leftovers\n|upkeep\n|turn|20\n|\n|t:|1700932468\n|move|p1a: Ferrothorn|Spikes|p2a: Ferrothorn\n|-sidestart|p2: Squige137|Spikes\n|move|p2a: Ferrothorn|Spikes|p1a: Ferrothorn\n|-sidestart|p1: yumizuozhou|Spikes\n|\n|-heal|p1a: Ferrothorn|88\/100|[from] item: Leftovers\n|upkeep\n|turn|21\n|\n|t:|1700932479\n|move|p1a: Ferrothorn|Thunder Wave|p2a: Ferrothorn\n|-status|p2a: Ferrothorn|par\n|move|p2a: Ferrothorn|Gyro Ball|p1a: Ferrothorn\n|-resisted|p1a: Ferrothorn\n|-damage|p1a: Ferrothorn|79\/100\n|-damage|p2a: Ferrothorn|76\/100 par|[from] ability: Iron Barbs|[of] p1a: Ferrothorn\n|\n|-heal|p1a: Ferrothorn|85\/100|[from] item: Leftovers\n|upkeep\n|turn|22\n|\n|t:|1700932490\n|move|p1a: Ferrothorn|Knock Off|p2a: Ferrothorn\n|-damage|p2a: Ferrothorn|67\/100 par\n|-damage|p1a: Ferrothorn|72\/100|[from] ability: Iron Barbs|[of] p2a: Ferrothorn\n|move|p2a: Ferrothorn|Gyro Ball|p1a: Ferrothorn\n|-resisted|p1a: Ferrothorn\n|-damage|p1a: Ferrothorn|63\/100\n|-damage|p2a: Ferrothorn|55\/100 par|[from] ability: Iron Barbs|[of] p1a: Ferrothorn\n|\n|-heal|p1a: Ferrothorn|69\/100|[from] item: Leftovers\n|upkeep\n|turn|23\n|\n|t:|1700932503\n|move|p1a: Ferrothorn|Thunder Wave|p2a: Ferrothorn\n|-fail|p2a: Ferrothorn|par\n|move|p2a: Ferrothorn|Leech Seed|p1a: Ferrothorn\n|-immune|p1a: Ferrothorn\n|\n|-heal|p1a: Ferrothorn|75\/100|[from] item: Leftovers\n|upkeep\n|turn|24\n|\n|t:|1700932512\n|move|p1a: Ferrothorn|Leech Seed|p2a: Ferrothorn\n|-immune|p2a: Ferrothorn\n|move|p2a: Ferrothorn|Gyro Ball|p1a: Ferrothorn\n|-resisted|p1a: Ferrothorn\n|-damage|p1a: Ferrothorn|67\/100\n|-damage|p2a: Ferrothorn|43\/100 par|[from] ability: Iron Barbs|[of] p1a: Ferrothorn\n|\n|-heal|p1a: Ferrothorn|73\/100|[from] item: Leftovers\n|upkeep\n|turn|25\n|\n|t:|1700932520\n|move|p1a: Ferrothorn|Knock Off|p2a: Ferrothorn\n|-damage|p2a: Ferrothorn|35\/100 par\n|-damage|p1a: Ferrothorn|60\/100|[from] ability: Iron Barbs|[of] p2a: Ferrothorn\n|move|p2a: Ferrothorn|Gyro Ball|p1a: Ferrothorn\n|-resisted|p1a: Ferrothorn\n|-damage|p1a: Ferrothorn|52\/100\n|-damage|p2a: Ferrothorn|23\/100 par|[from] ability: Iron Barbs|[of] p1a: Ferrothorn\n|\n|-heal|p1a: Ferrothorn|58\/100|[from] item: Leftovers\n|upkeep\n|turn|26\n|\n|t:|1700932530\n|move|p1a: Ferrothorn|Thunder Wave|p2a: Ferrothorn\n|-fail|p2a: Ferrothorn|par\n|cant|p2a: Ferrothorn|par\n|\n|-heal|p1a: Ferrothorn|64\/100|[from] item: Leftovers\n|upkeep\n|turn|27\n|\n|t:|1700932537\n|move|p1a: Ferrothorn|Thunder Wave|p2a: Ferrothorn\n|-fail|p2a: Ferrothorn|par\n|move|p2a: Ferrothorn|Gyro Ball|p1a: Ferrothorn\n|-resisted|p1a: Ferrothorn\n|-damage|p1a: Ferrothorn|54\/100\n|-damage|p2a: Ferrothorn|11\/100 par|[from] ability: Iron Barbs|[of] p1a: Ferrothorn\n|\n|-heal|p1a: Ferrothorn|60\/100|[from] item: Leftovers\n|upkeep\n|turn|28\n|\n|t:|1700932548\n|move|p1a: Ferrothorn|Leech Seed|p2a: Ferrothorn\n|-immune|p2a: Ferrothorn\n|move|p2a: Ferrothorn|Gyro Ball|p1a: Ferrothorn\n|-resisted|p1a: Ferrothorn\n|-damage|p1a: Ferrothorn|52\/100\n|-damage|p2a: Ferrothorn|0 fnt|[from] ability: Iron Barbs|[of] p1a: Ferrothorn\n|faint|p2a: Ferrothorn\n|\n|-heal|p1a: Ferrothorn|58\/100|[from] item: Leftovers\n|upkeep\n|\n|t:|1700932558\n|switch|p2a: Skeledirge|Skeledirge, F|5\/100\n|turn|29\n|inactive|yumizuozhou has 120 seconds left.\n|\n|t:|1700932589\n|move|p2a: Skeledirge|Slack Off|p2a: Skeledirge\n|-heal|p2a: Skeledirge|55\/100\n|move|p1a: Ferrothorn|Knock Off|p2a: Skeledirge\n|-supereffective|p2a: Skeledirge\n|-damage|p2a: Skeledirge|21\/100\n|-enditem|p2a: Skeledirge|Heavy-Duty Boots|[from] move: Knock Off|[of] p1a: Ferrothorn\n|\n|-heal|p1a: Ferrothorn|64\/100|[from] item: Leftovers\n|upkeep\n|turn|30\n|\n|t:|1700932596\n|move|p2a: Skeledirge|Torch Song|p1a: Ferrothorn\n|-supereffective|p1a: Ferrothorn\n|-damage|p1a: Ferrothorn|0 fnt\n|-boost|p2a: Skeledirge|spa|1\n|faint|p1a: Ferrothorn\n|\n|upkeep\n|\n|t:|1700932603\n|switch|p1a: Lopunny|Lopunny, F|100\/100\n|-damage|p1a: Lopunny|88\/100|[from] Stealth Rock\n|-damage|p1a: Lopunny|64\/100|[from] Spikes\n|turn|31\n|\n|t:|1700932611\n|detailschange|p1a: Lopunny|Lopunny-Mega, F\n|-mega|p1a: Lopunny|Lopunny|Lopunnite\n|move|p1a: Lopunny|Fake Out|p2a: Skeledirge\n|-damage|p2a: Skeledirge|1\/100\n|cant|p2a: Skeledirge|flinch\n|\n|upkeep\n|turn|32\n|\n|t:|1700932617\n|move|p1a: Lopunny|U-turn|p2a: Skeledirge\n|-resisted|p2a: Skeledirge\n|-damage|p2a: Skeledirge|0 fnt\n|faint|p2a: Skeledirge\n|\n|t:|1700932620\n|switch|p1a: Moltres|Moltres|58\/100 psn|[from] U-turn\n|-damage|p1a: Moltres|8\/100 psn|[from] Stealth Rock\n|\n|-damage|p1a: Moltres|0 fnt|[from] psn\n|faint|p1a: Moltres\n|upkeep\n|\n|t:|1700932635\n|switch|p1a: Lopunny|Lopunny-Mega, F|64\/100\n|switch|p2a: Corviknight|Corviknight, F|82\/100 brn\n|-damage|p1a: Lopunny|58\/100|[from] Stealth Rock\n|-damage|p1a: Lopunny|33\/100|[from] Spikes\n|-ability|p2a: Corviknight|Pressure\n|turn|33\n|\n|t:|1700932646\n|move|p1a: Lopunny|Fake Out|p2a: Corviknight\n|-resisted|p2a: Corviknight\n|-damage|p2a: Corviknight|75\/100 brn\n|-damage|p1a: Lopunny|16\/100|[from] item: Rocky Helmet|[of] p2a: Corviknight\n|cant|p2a: Corviknight|flinch\n|\n|-damage|p2a: Corviknight|69\/100 brn|[from] brn\n|upkeep\n|turn|34\n|\n|t:|1700932654\n|move|p1a: Lopunny|Close Combat|p2a: Corviknight\n|-damage|p2a: Corviknight|29\/100 brn\n|-unboost|p1a: Lopunny|def|1\n|-unboost|p1a: Lopunny|spd|1\n|-damage|p1a: Lopunny|0 fnt|[from] item: Rocky Helmet|[of] p2a: Corviknight\n|faint|p1a: Lopunny\n|move|p2a: Corviknight|Roost|p2a: Corviknight\n|-heal|p2a: Corviknight|79\/100 brn\n|-singleturn|p2a: Corviknight|move: Roost\n|\n|-damage|p2a: Corviknight|73\/100 brn|[from] brn\n|upkeep\n|\n|t:|1700932673\n|switch|p1a: Kyurem|Kyurem, tera:Fairy|40\/100\n|-damage|p1a: Kyurem|28\/100|[from] Stealth Rock\n|-damage|p1a: Kyurem|3\/100|[from] Spikes\n|-ability|p1a: Kyurem|Pressure\n|turn|35\n|\n|t:|1700932683\n|move|p1a: Kyurem|Ice Beam|p2a: Corviknight\n|-damage|p2a: Corviknight|3\/100 brn\n|move|p2a: Corviknight|U-turn|p1a: Kyurem\n|-resisted|p1a: Kyurem\n|-damage|p1a: Kyurem|0 fnt\n|faint|p1a: Kyurem\n|\n|t:|1700932689\n|switch|p2a: Kleavor|Kleavor, M|9\/100|[from] U-turn\n|-damage|p2a: Kleavor|0 fnt|[from] Spikes\n|faint|p2a: Kleavor\n|\n|upkeep\n|\n|t:|1700932695\n|switch|p1a: Slowking|Slowking-Galar, F|100\/100\n|switch|p2a: Corviknight|Corviknight, F|3\/100 brn\n|-ability|p2a: Corviknight|Pressure\n|turn|36\n|\n|t:|1700932702\n|move|p2a: Corviknight|Roost|p2a: Corviknight\n|-heal|p2a: Corviknight|53\/100 brn\n|-singleturn|p2a: Corviknight|move: Roost\n|move|p1a: Slowking|Future Sight|p2a: Corviknight\n|-start|p1a: Slowking|move: Future Sight\n|\n|-damage|p2a: Corviknight|46\/100 brn|[from] brn\n|upkeep\n|turn|37\n|\n|t:|1700932714\n|move|p2a: Corviknight|U-turn|p1a: Slowking\n|-damage|p1a: Slowking|93\/100\n|move|p1a: Slowking|Sludge Bomb|p2a: Corviknight\n|-immune|p2a: Corviknight\n|\n|-damage|p2a: Corviknight|40\/100 brn|[from] brn\n|upkeep\n|turn|38\n|c|\u2606Squige137|gg wp\n|\n|t:|1700932723\n|move|p2a: Corviknight|Roost|p2a: Corviknight\n|-heal|p2a: Corviknight|90\/100 brn\n|-singleturn|p2a: Corviknight|move: Roost\n|move|p1a: Slowking|Chilly Reception|p1a: Slowking\n|-weather|Snow\n|\n|-weather|Snow|[upkeep]\n|-end|p2a: Corviknight|move: Future Sight\n|-resisted|p2a: Corviknight\n|-damage|p2a: Corviknight|70\/100 brn\n|-damage|p2a: Corviknight|63\/100 brn|[from] brn\n|upkeep\n|turn|39\n|\n|t:|1700932735\n|move|p2a: Corviknight|Body Press|p1a: Slowking\n|-resisted|p1a: Slowking\n|-damage|p1a: Slowking|90\/100\n|move|p1a: Slowking|Future Sight|p2a: Corviknight\n|-start|p1a: Slowking|move: Future Sight\n|\n|-weather|Snow|[upkeep]\n|-damage|p2a: Corviknight|57\/100 brn|[from] brn\n|upkeep\n|turn|40\n|\n|t:|1700932748\n|move|p2a: Corviknight|U-turn|p1a: Slowking\n|-damage|p1a: Slowking|82\/100\n|move|p1a: Slowking|Sludge Bomb|p2a: Corviknight\n|-immune|p2a: Corviknight\n|\n|-weather|Snow|[upkeep]\n|-damage|p2a: Corviknight|51\/100 brn|[from] brn\n|upkeep\n|turn|41\n|\n|t:|1700932757\n|move|p2a: Corviknight|Roost|p2a: Corviknight\n|-heal|p2a: Corviknight|100\/100 brn\n|-singleturn|p2a: Corviknight|move: Roost\n|move|p1a: Slowking|Future Sight||[still]\n|-fail|p1a: Slowking\n|\n|-weather|Snow|[upkeep]\n|-end|p2a: Corviknight|move: Future Sight\n|-resisted|p2a: Corviknight\n|-damage|p2a: Corviknight|79\/100 brn\n|-damage|p2a: Corviknight|73\/100 brn|[from] brn\n|upkeep\n|turn|42\n|\n|t:|1700932767\n|move|p2a: Corviknight|Defog|p1a: Slowking\n|-unboost|p1a: Slowking|evasion|1\n|-sideend|p1: yumizuozhou|Spikes|[from] move: Defog|[of] p2a: Corviknight\n|-sideend|p1: yumizuozhou|Stealth Rock|[from] move: Defog|[of] p2a: Corviknight\n|-sideend|p2: Squige137|Spikes|[from] move: Defog|[of] p2a: Corviknight\n|move|p1a: Slowking|Future Sight|p2a: Corviknight\n|-start|p1a: Slowking|move: Future Sight\n|\n|-weather|none\n|-damage|p2a: Corviknight|66\/100 brn|[from] brn\n|upkeep\n|turn|43\n|\n|t:|1700932777\n|move|p2a: Corviknight|U-turn|p1a: Slowking\n|-damage|p1a: Slowking|75\/100\n|move|p1a: Slowking|Chilly Reception|p1a: Slowking\n|-weather|Snow\n|\n|-weather|Snow|[upkeep]\n|-damage|p2a: Corviknight|60\/100 brn|[from] brn\n|upkeep\n|turn|44\n|\n|t:|1700932786\n|move|p2a: Corviknight|U-turn|p1a: Slowking\n|-damage|p1a: Slowking|68\/100\n|move|p1a: Slowking|Sludge Bomb|p2a: Corviknight\n|-immune|p2a: Corviknight\n|\n|-weather|Snow|[upkeep]\n|-end|p2a: Corviknight|move: Future Sight\n|-resisted|p2a: Corviknight\n|-damage|p2a: Corviknight|37\/100 brn\n|-damage|p2a: Corviknight|31\/100 brn|[from] brn\n|upkeep\n|turn|45\n|\n|t:|1700932796\n|move|p2a: Corviknight|Roost|p2a: Corviknight\n|-heal|p2a: Corviknight|81\/100 brn\n|-singleturn|p2a: Corviknight|move: Roost\n|move|p1a: Slowking|Future Sight|p2a: Corviknight\n|-start|p1a: Slowking|move: Future Sight\n|\n|-weather|Snow|[upkeep]\n|-damage|p2a: Corviknight|75\/100 brn|[from] brn\n|upkeep\n|turn|46\n|\n|t:|1700932804\n|move|p2a: Corviknight|U-turn|p1a: Slowking\n|-damage|p1a: Slowking|60\/100\n|move|p1a: Slowking|Chilly Reception||[still]\n|-fail|p1a: Slowking\n|\n|-weather|Snow|[upkeep]\n|-damage|p2a: Corviknight|69\/100 brn|[from] brn\n|upkeep\n|turn|47\n|\n|t:|1700932814\n|move|p2a: Corviknight|U-turn|p1a: Slowking\n|-damage|p1a: Slowking|53\/100\n|move|p1a: Slowking|Chilly Reception||[still]\n|-fail|p1a: Slowking\n|\n|-weather|none\n|-end|p2a: Corviknight|move: Future Sight\n|-resisted|p2a: Corviknight\n|-damage|p2a: Corviknight|45\/100 brn\n|-damage|p2a: Corviknight|39\/100 brn|[from] brn\n|upkeep\n|turn|48\n|\n|t:|1700932823\n|move|p2a: Corviknight|Roost|p2a: Corviknight\n|-heal|p2a: Corviknight|89\/100 brn\n|-singleturn|p2a: Corviknight|move: Roost\n|move|p1a: Slowking|Slack Off|p1a: Slowking\n|-heal|p1a: Slowking|100\/100\n|\n|-damage|p2a: Corviknight|83\/100 brn|[from] brn\n|upkeep\n|turn|49\n|c|\u2606Squige137|there it ias\n|c|\u2606Squige137|gg\n|-message|Squige137 forfeited.\n|\n|win|yumizuozhou\n|raw|yumizuozhou's rating: 1261 &rarr; <strong>1293<\/strong><br \/>(+32 for winning)\n|raw|Squige137's rating: 1356 &rarr; <strong>1331<\/strong><br \/>(-25 for losing)\n|l|\u2606Squige137\n","uploadtime":1700932861,"views":16,"p1id":"yumizuozhou","p2id":"squige137","formatid":"gen9nationaldex","rating":1293,"private":0,"password":""}