{"id":"gen9nationaldex-1992447499","p1":"2cheapy","p2":"mtyqjltz5","format":"[Gen 9] National Dex","log":"|j|\u26062cheapy\n|j|\u2606mtyqjltz5\n|t:|1700188728\n|gametype|singles\n|player|p1|2cheapy|101|1403\n|player|p2|mtyqjltz5|elesa|1388\n|teamsize|p1|6\n|teamsize|p2|6\n|gen|9\n|tier|[Gen 9] National Dex\n|rated|\n|rule|HP Percentage Mod: HP is shown in percentages\n|rule|Endless Battle Clause: Forcing endless battles is banned\n|rule|OHKO Clause: OHKO moves are banned\n|rule|Evasion Clause: Evasion abilities, items, and moves are banned\n|rule|Evasion Abilities Clause: Evasion abilities are banned\n|rule|Evasion Items Clause: Evasion items are banned\n|rule|Evasion Moves Clause: Evasion moves are banned\n|rule|Species Clause: Limit one of each Pok\u00e9mon\n|rule|Sleep Clause Mod: Limit one foe put to sleep\n|clearpoke\n|poke|p1|Pelipper, M|\n|poke|p1|Ferrothorn, F|\n|poke|p1|Porygon-Z|\n|poke|p1|Swampert, F|\n|poke|p1|Zapdos|\n|poke|p1|Manaphy|\n|poke|p2|Pidgeot, M|\n|poke|p2|Rotom-Wash|\n|poke|p2|Slowking-Galar, M|\n|poke|p2|Rillaboom, M|\n|poke|p2|Ceruledge, F|\n|poke|p2|Great Tusk|\n|teampreview\n|inactive|Battle timer is ON: inactive players will automatically lose when time's up. (requested by 2cheapy)\n|\n|t:|1700188734\n|start\n|switch|p1a: Ferrothorn|Ferrothorn, F|100\/100\n|switch|p2a: Pidgeot|Pidgeot, M, shiny|100\/100\n|turn|1\n|\n|t:|1700188737\n|detailschange|p2a: Pidgeot|Pidgeot-Mega, M, shiny\n|-mega|p2a: Pidgeot|Pidgeot|Pidgeotite\n|move|p2a: Pidgeot|Heat Wave|p1a: Ferrothorn\n|-supereffective|p1a: Ferrothorn\n|-damage|p1a: Ferrothorn|14\/100\n|move|p1a: Ferrothorn|Thunder Wave|p2a: Pidgeot\n|-status|p2a: Pidgeot|par\n|\n|-heal|p1a: Ferrothorn|20\/100|[from] item: Leftovers\n|upkeep\n|turn|2\n|\n|t:|1700188748\n|switch|p1a: Pelipper|Pelipper, M|100\/100\n|-weather|RainDance|[from] ability: Drizzle|[of] p1a: Pelipper\n|cant|p2a: Pidgeot|par\n|\n|-weather|RainDance|[upkeep]\n|upkeep\n|turn|3\n|\n|t:|1700188757\n|switch|p2a: Slowking|Slowking-Galar, M, shiny|100\/100\n|switch|p1a: Ferrothorn|Ferrothorn, F|20\/100\n|\n|-weather|RainDance|[upkeep]\n|-heal|p1a: Ferrothorn|27\/100|[from] item: Leftovers\n|upkeep\n|turn|4\n|\n|t:|1700188764\n|move|p2a: Slowking|Chilly Reception|p2a: Slowking\n|-weather|Snow\n|inactive|mtyqjltz5 has 120 seconds left.\n|inactive|mtyqjltz5 has 90 seconds left.\n|\n|t:|1700188837\n|switch|p2a: Great Tusk|Great Tusk|100\/100|[from] Chilly Reception\n|move|p1a: Ferrothorn|Leech Seed|p2a: Great Tusk\n|-start|p2a: Great Tusk|move: Leech Seed\n|\n|-weather|Snow|[upkeep]\n|-heal|p1a: Ferrothorn|33\/100|[from] item: Leftovers\n|-damage|p2a: Great Tusk|88\/100|[from] Leech Seed|[of] p1a: Ferrothorn\n|-heal|p1a: Ferrothorn|46\/100|[silent]\n|upkeep\n|turn|5\n|\n|t:|1700188848\n|move|p2a: Great Tusk|Close Combat|p1a: Ferrothorn\n|-supereffective|p1a: Ferrothorn\n|-damage|p1a: Ferrothorn|0 fnt\n|-unboost|p2a: Great Tusk|def|1\n|-unboost|p2a: Great Tusk|spd|1\n|-damage|p2a: Great Tusk|76\/100|[from] ability: Iron Barbs|[of] p1a: Ferrothorn\n|faint|p1a: Ferrothorn\n|\n|-weather|Snow|[upkeep]\n|upkeep\n|\n|t:|1700188852\n|switch|p1a: Swampert|Swampert, F|100\/100\n|turn|6\n|\n|t:|1700188856\n|-end|p2a: Great Tusk|Protosynthesis|[silent]\n|switch|p2a: Rotom|Rotom-Wash, shiny|100\/100\n|detailschange|p1a: Swampert|Swampert-Mega, F\n|-mega|p1a: Swampert|Swampert|Swampertite\n|move|p1a: Swampert|Flip Turn|p2a: Rotom\n|-resisted|p2a: Rotom\n|-damage|p2a: Rotom|89\/100\n|\n|t:|1700188868\n|switch|p1a: Zapdos|Zapdos|100\/100|[from] Flip Turn\n|\n|-weather|Snow|[upkeep]\n|-heal|p2a: Rotom|96\/100|[from] item: Leftovers\n|upkeep\n|turn|7\n|\n|t:|1700188876\n|switch|p2a: Slowking|Slowking-Galar, M, shiny|100\/100\n|move|p1a: Zapdos|Discharge|p2a: Slowking\n|-damage|p2a: Slowking|75\/100\n|-status|p2a: Slowking|par\n|\n|-weather|Snow|[upkeep]\n|upkeep\n|turn|8\n|\n|t:|1700188885\n|move|p1a: Zapdos|U-turn|p2a: Slowking\n|-damage|p2a: Slowking|64\/100 par\n|\n|t:|1700188891\n|switch|p1a: Manaphy|Manaphy|100\/100|[from] U-turn\n|move|p2a: Slowking|Future Sight|p1a: Manaphy\n|-start|p2a: Slowking|move: Future Sight\n|\n|-weather|none\n|upkeep\n|turn|9\n|\n|t:|1700188897\n|switch|p2a: Rillaboom|Rillaboom, M|100\/100\n|-fieldstart|move: Grassy Terrain|[from] ability: Grassy Surge|[of] p2a: Rillaboom\n|move|p1a: Manaphy|Tail Glow|p1a: Manaphy\n|-boost|p1a: Manaphy|spa|3\n|\n|upkeep\n|turn|10\n|\n|t:|1700188909\n|move|p2a: Rillaboom|Grassy Glide|p1a: Manaphy\n|-supereffective|p1a: Manaphy\n|-damage|p1a: Manaphy|2\/100\n|-zpower|p1a: Manaphy\n|move|p1a: Manaphy|Hydro Vortex|p2a: Rillaboom|[zeffect]\n|-resisted|p2a: Rillaboom\n|-damage|p2a: Rillaboom|0 fnt\n|faint|p2a: Rillaboom\n|\n|-end|p1a: Manaphy|move: Future Sight\n|-damage|p1a: Manaphy|0 fnt\n|faint|p1a: Manaphy\n|upkeep\n|\n|t:|1700188921\n|switch|p2a: Slowking|Slowking-Galar, M, shiny|98\/100 par\n|switch|p1a: Swampert|Swampert-Mega, F|100\/100\n|turn|11\n|\n|t:|1700188927\n|switch|p2a: Rotom|Rotom-Wash, shiny|96\/100\n|move|p1a: Swampert|Flip Turn|p2a: Rotom\n|-resisted|p2a: Rotom\n|-damage|p2a: Rotom|85\/100\n|\n|t:|1700188945\n|switch|p1a: Pelipper|Pelipper, M|100\/100|[from] Flip Turn\n|-weather|RainDance|[from] ability: Drizzle|[of] p1a: Pelipper\n|\n|-weather|RainDance|[upkeep]\n|-heal|p2a: Rotom|91\/100|[from] item: Leftovers\n|upkeep\n|turn|12\n|\n|t:|1700188956\n|switch|p1a: Swampert|Swampert-Mega, F|100\/100\n|move|p2a: Rotom|Hydro Pump|p1a: Swampert\n|-damage|p1a: Swampert|51\/100\n|\n|-weather|RainDance|[upkeep]\n|-heal|p1a: Swampert|57\/100|[from] Grassy Terrain\n|-heal|p2a: Rotom|97\/100|[from] item: Leftovers\n|upkeep\n|turn|13\n|\n|t:|1700188966\n|move|p1a: Swampert|Flip Turn|p2a: Rotom\n|-resisted|p2a: Rotom\n|-damage|p2a: Rotom|79\/100\n|\n|t:|1700188969\n|switch|p1a: Zapdos|Zapdos|100\/100|[from] Flip Turn\n|move|p2a: Rotom|Will-O-Wisp|p1a: Zapdos|[miss]\n|-miss|p2a: Rotom|p1a: Zapdos\n|\n|-weather|RainDance|[upkeep]\n|-heal|p2a: Rotom|86\/100|[from] item: Leftovers\n|-fieldend|move: Grassy Terrain\n|upkeep\n|turn|14\n|\n|t:|1700188973\n|switch|p2a: Slowking|Slowking-Galar, M, shiny|100\/100 par\n|move|p1a: Zapdos|Discharge|p2a: Slowking\n|-damage|p2a: Slowking|76\/100 par\n|\n|-weather|RainDance|[upkeep]\n|upkeep\n|turn|15\n|\n|t:|1700188981\n|move|p1a: Zapdos|Hurricane|p2a: Slowking\n|-damage|p2a: Slowking|42\/100 par\n|-start|p2a: Slowking|confusion\n|-activate|p2a: Slowking|confusion\n|move|p2a: Slowking|Future Sight|p1a: Zapdos\n|-start|p2a: Slowking|move: Future Sight\n|\n|-weather|RainDance|[upkeep]\n|upkeep\n|turn|16\n|\n|t:|1700188989\n|switch|p2a: Rotom|Rotom-Wash, shiny|86\/100\n|move|p1a: Zapdos|Hurricane|p2a: Rotom\n|-resisted|p2a: Rotom\n|-damage|p2a: Rotom|57\/100\n|\n|-weather|RainDance|[upkeep]\n|-heal|p2a: Rotom|64\/100|[from] item: Leftovers\n|upkeep\n|turn|17\n|inactive|mtyqjltz5 has 120 seconds left.\n|\n|t:|1700189022\n|switch|p2a: Slowking|Slowking-Galar, M, shiny|76\/100 par\n|move|p1a: Zapdos|U-turn|p2a: Slowking\n|-damage|p2a: Slowking|65\/100 par\n|\n|t:|1700189030\n|switch|p1a: Swampert|Swampert-Mega, F|57\/100|[from] U-turn\n|\n|-weather|RainDance|[upkeep]\n|-end|p1a: Swampert|move: Future Sight\n|-damage|p1a: Swampert|22\/100\n|upkeep\n|turn|18\n|inactive|mtyqjltz5 has 120 seconds left.\n|\n|t:|1700189046\n|switch|p2a: Pidgeot|Pidgeot-Mega, M, shiny|100\/100 par\n|move|p1a: Swampert|Earthquake|p2a: Pidgeot\n|-immune|p2a: Pidgeot\n|\n|-weather|none\n|upkeep\n|turn|19\n|\n|t:|1700189055\n|move|p1a: Swampert|Flip Turn|p2a: Pidgeot\n|-crit|p2a: Pidgeot\n|-damage|p2a: Pidgeot|42\/100 par\n|\n|t:|1700189061\n|switch|p1a: Zapdos|Zapdos|100\/100|[from] Flip Turn\n|move|p2a: Pidgeot|Hurricane|p1a: Zapdos\n|-resisted|p1a: Zapdos\n|-damage|p1a: Zapdos|70\/100\n|\n|upkeep\n|turn|20\n|\n|t:|1700189071\n|switch|p2a: Slowking|Slowking-Galar, M, shiny|99\/100 par\n|move|p1a: Zapdos|Hurricane|p2a: Slowking\n|-damage|p2a: Slowking|63\/100 par\n|\n|upkeep\n|turn|21\n|\n|t:|1700189079\n|move|p1a: Zapdos|Hurricane|p2a: Slowking\n|-damage|p2a: Slowking|24\/100 par\n|move|p2a: Slowking|Future Sight|p1a: Zapdos\n|-start|p2a: Slowking|move: Future Sight\n|\n|upkeep\n|turn|22\n|\n|t:|1700189086\n|switch|p2a: Pidgeot|Pidgeot-Mega, M, shiny|42\/100 par\n|move|p1a: Zapdos|Hurricane|p2a: Pidgeot\n|-damage|p2a: Pidgeot|0 fnt\n|faint|p2a: Pidgeot\n|\n|upkeep\n|\n|t:|1700189104\n|switch|p2a: Ceruledge|Ceruledge, F|100\/100\n|turn|23\n|\n|t:|1700189116\n|move|p1a: Zapdos|Discharge|p2a: Ceruledge\n|-damage|p2a: Ceruledge|60\/100\n|move|p2a: Ceruledge|Swords Dance|p2a: Ceruledge\n|-boost|p2a: Ceruledge|atk|2\n|\n|-end|p1a: Zapdos|move: Future Sight\n|-damage|p1a: Zapdos|23\/100\n|upkeep\n|turn|24\n|\n|t:|1700189124\n|move|p1a: Zapdos|Discharge|p2a: Ceruledge\n|-damage|p2a: Ceruledge|20\/100\n|-status|p2a: Ceruledge|par\n|move|p2a: Ceruledge|Bitter Blade|p1a: Zapdos\n|-damage|p1a: Zapdos|0 fnt\n|-heal|p2a: Ceruledge|35\/100 par|[from] drain|[of] p1a: Zapdos\n|faint|p1a: Zapdos\n|\n|upkeep\n|\n|t:|1700189131\n|switch|p1a: Pelipper|Pelipper, M|100\/100\n|-weather|RainDance|[from] ability: Drizzle|[of] p1a: Pelipper\n|turn|25\n|inactive|mtyqjltz5 has 120 seconds left.\n|\n|t:|1700189170\n|move|p2a: Ceruledge|Shadow Sneak|p1a: Pelipper\n|-damage|p1a: Pelipper|71\/100\n|move|p1a: Pelipper|Scald|p2a: Ceruledge\n|-supereffective|p2a: Ceruledge\n|-damage|p2a: Ceruledge|0 fnt\n|faint|p2a: Ceruledge\n|\n|-weather|RainDance|[upkeep]\n|upkeep\n|\n|t:|1700189177\n|switch|p2a: Rotom|Rotom-Wash, shiny|64\/100\n|turn|26\n|\n|t:|1700189185\n|switch|p1a: Swampert|Swampert-Mega, F|22\/100\n|move|p2a: Rotom|Hydro Pump|p1a: Swampert\n|-damage|p1a: Swampert|0 fnt\n|faint|p1a: Swampert\n|\n|-weather|RainDance|[upkeep]\n|-heal|p2a: Rotom|70\/100|[from] item: Leftovers\n|upkeep\n|\n|t:|1700189190\n|switch|p1a: Porygon-Z|Porygon-Z|100\/100\n|turn|27\n|\n|t:|1700189198\n|move|p1a: Porygon-Z|Tri Attack|p2a: Rotom\n|-damage|p2a: Rotom|5\/100\n|move|p2a: Rotom|Hydro Pump|p1a: Porygon-Z\n|-damage|p1a: Porygon-Z|18\/100\n|\n|-weather|RainDance|[upkeep]\n|-heal|p2a: Rotom|11\/100|[from] item: Leftovers\n|upkeep\n|turn|28\n|\n|t:|1700189207\n|move|p1a: Porygon-Z|Tri Attack|p2a: Rotom\n|-damage|p2a: Rotom|0 fnt\n|faint|p2a: Rotom\n|\n|-weather|RainDance|[upkeep]\n|upkeep\n|\n|t:|1700189210\n|switch|p2a: Slowking|Slowking-Galar, M, shiny|58\/100 par\n|turn|29\n|\n|t:|1700189218\n|move|p1a: Porygon-Z|Tri Attack|p2a: Slowking\n|-damage|p2a: Slowking|16\/100 par\n|move|p2a: Slowking|Sludge Bomb|p1a: Porygon-Z\n|-crit|p1a: Porygon-Z\n|-damage|p1a: Porygon-Z|0 fnt\n|faint|p1a: Porygon-Z\n|\n|-weather|RainDance|[upkeep]\n|upkeep\n|\n|t:|1700189223\n|switch|p1a: Pelipper|Pelipper, M|71\/100\n|turn|30\n|\n|t:|1700189228\n|move|p1a: Pelipper|Scald|p2a: Slowking\n|-damage|p2a: Slowking|0 fnt\n|faint|p2a: Slowking\n|\n|-weather|RainDance|[upkeep]\n|upkeep\n|\n|t:|1700189229\n|switch|p2a: Great Tusk|Great Tusk|76\/100\n|turn|31\n|\n|t:|1700189235\n|-zpower|p2a: Great Tusk\n|move|p2a: Great Tusk|Continental Crush|p1a: Pelipper|[zeffect]\n|-supereffective|p1a: Pelipper\n|-damage|p1a: Pelipper|0 fnt\n|faint|p1a: Pelipper\n|\n|win|mtyqjltz5\n|raw|2cheapy's rating: 1403 &rarr; <strong>1382<\/strong><br \/>(-21 for losing)\n|raw|mtyqjltz5's rating: 1388 &rarr; <strong>1409<\/strong><br \/>(+21 for winning)\n","uploadtime":1700189250,"views":6,"p1id":"2cheapy","p2id":"mtyqjltz5","formatid":"gen9nationaldex","rating":1382,"private":0,"password":""}