{"id":"gen9nationaldex-1994521900","p1":"Danwine","p2":"Arlo Ghost","format":"[Gen 9] National Dex","log":"|j|\u2606Danwine\n|j|\u2606Arlo Ghost\n|t:|1700454095\n|gametype|singles\n|player|p1|Danwine|brycen|\n|player|p2|Arlo Ghost|mars|\n|teamsize|p1|6\n|teamsize|p2|6\n|gen|9\n|tier|[Gen 9] National Dex\n|rule|HP Percentage Mod: HP is shown in percentages\n|rule|Endless Battle Clause: Forcing endless battles is banned\n|rule|OHKO Clause: OHKO moves are banned\n|rule|Evasion Clause: Evasion abilities, items, and moves are banned\n|rule|Evasion Abilities Clause: Evasion abilities are banned\n|rule|Evasion Items Clause: Evasion items are banned\n|rule|Evasion Moves Clause: Evasion moves are banned\n|rule|Species Clause: Limit one of each Pok\u00e9mon\n|rule|Sleep Clause Mod: Limit one foe put to sleep\n|clearpoke\n|poke|p1|Clodsire, F|\n|poke|p1|Volcarona, M|\n|poke|p1|Pelipper, M|\n|poke|p1|Bellibolt, F|\n|poke|p1|Sinistcha|\n|poke|p1|Garganacl, F|\n|poke|p2|Mandibuzz, F|\n|poke|p2|Greninja-*, M|\n|poke|p2|Tyranitar, M|\n|poke|p2|Muk-Alola, M|\n|poke|p2|Grimmsnarl, M|\n|poke|p2|Hydreigon, M|\n|teampreview\n|j| Sylveon(404)\n|j| Dios Typhlosion\n|\n|t:|1700454120\n|start\n|switch|p1a: Nito|Clodsire, F, shiny|100\/100\n|switch|p2a: Hydrarlo|Hydreigon, M|100\/100\n|turn|1\n|\n|t:|1700454125\n|move|p2a: Hydrarlo|Substitute|p2a: Hydrarlo\n|-start|p2a: Hydrarlo|Substitute\n|-damage|p2a: Hydrarlo|76\/100\n|move|p1a: Nito|Toxic||[still]\n|-fail|p1a: Nito\n|\n|-heal|p2a: Hydrarlo|82\/100|[from] item: Leftovers\n|upkeep\n|turn|2\n|c| Sylveon(404)|vamos a ver a dan morir\n|\n|t:|1700454133\n|switch|p1a: Barb|Volcarona, M, shiny|100\/100\n|move|p2a: Hydrarlo|Nasty Plot|p2a: Hydrarlo\n|-boost|p2a: Hydrarlo|spa|2\n|\n|-heal|p2a: Hydrarlo|88\/100|[from] item: Leftovers\n|upkeep\n|turn|3\n|j| Sai4rr\n|\n|t:|1700454140\n|switch|p2a: Rockzilla|Tyranitar, M, shiny|100\/100\n|-weather|Sandstorm|[from] ability: Sand Stream|[of] p2a: Rockzilla\n|move|p1a: Barb|Quiver Dance|p1a: Barb\n|-boost|p1a: Barb|spa|1\n|-boost|p1a: Barb|spd|1\n|-boost|p1a: Barb|spe|1\n|\n|-weather|Sandstorm|[upkeep]\n|-damage|p1a: Barb|94\/100|[from] Sandstorm\n|upkeep\n|turn|4\n|c| Sai4rr|Le apuesto todo a arlo\n|\n|t:|1700454149\n|detailschange|p2a: Rockzilla|Tyranitar-Mega, M, shiny\n|-mega|p2a: Rockzilla|Tyranitar|Tyranitarite\n|move|p1a: Barb|Giga Drain|p2a: Rockzilla\n|-supereffective|p2a: Rockzilla\n|-damage|p2a: Rockzilla|63\/100\n|-heal|p1a: Barb|100\/100|[from] drain|[of] p2a: Rockzilla\n|move|p2a: Rockzilla|Rock Slide|p1a: Barb\n|-supereffective|p1a: Barb\n|-enditem|p1a: Barb|Focus Sash\n|-damage|p1a: Barb|1\/100\n|\n|-weather|Sandstorm|[upkeep]\n|-damage|p1a: Barb|0 fnt|[from] Sandstorm\n|faint|p1a: Barb\n|upkeep\n|\n|t:|1700454168\n|switch|p1a: Papu|Pelipper, M, shiny|100\/100\n|-weather|RainDance|[from] ability: Drizzle|[of] p1a: Papu\n|turn|5\n|\n|t:|1700454172\n|switch|p2a: Sherkemo|Grimmsnarl, M|100\/100\n|move|p1a: Papu|Scald|p2a: Sherkemo\n|-damage|p2a: Sherkemo|57\/100\n|\n|-weather|RainDance|[upkeep]\n|upkeep\n|turn|6\n|\n|t:|1700454178\n|move|p2a: Sherkemo|Light Screen|p2a: Sherkemo\n|-sidestart|p2: Arlo Ghost|move: Light Screen\n|move|p1a: Papu|U-turn|p2a: Sherkemo\n|-damage|p2a: Sherkemo|48\/100\n|\n|t:|1700454183\n|switch|p1a: Nito|Clodsire, F, shiny|100\/100|[from] U-turn\n|\n|-weather|RainDance|[upkeep]\n|upkeep\n|turn|7\n|\n|t:|1700454187\n|move|p2a: Sherkemo|Reflect|p2a: Sherkemo\n|-sidestart|p2: Arlo Ghost|Reflect\n|move|p1a: Nito|Toxic|p2a: Sherkemo\n|-status|p2a: Sherkemo|tox\n|\n|-weather|RainDance|[upkeep]\n|-damage|p2a: Sherkemo|42\/100 tox|[from] psn\n|upkeep\n|turn|8\n|\n|t:|1700454193\n|switch|p2a: Marijuano|Muk-Alola, M|100\/100\n|switch|p1a: Papu|Pelipper, M, shiny|100\/100\n|\n|-weather|RainDance|[upkeep]\n|upkeep\n|turn|9\n|\n|t:|1700454199\n|move|p1a: Papu|Defog|p2a: Marijuano\n|-unboost|p2a: Marijuano|evasion|1\n|-sideend|p2: Arlo Ghost|Reflect\n|-sideend|p2: Arlo Ghost|move: Light Screen\n|move|p2a: Marijuano|Knock Off|p1a: Papu\n|-damage|p1a: Papu|54\/100\n|-enditem|p1a: Papu|Heavy-Duty Boots|[from] move: Knock Off|[of] p2a: Marijuano\n|\n|-weather|none\n|upkeep\n|turn|10\n|\n|t:|1700454206\n|move|p1a: Papu|Scald|p2a: Marijuano\n|-damage|p2a: Marijuano|87\/100\n|move|p2a: Marijuano|Poison Jab|p1a: Papu\n|-damage|p1a: Papu|16\/100\n|-status|p1a: Papu|psn\n|\n|-damage|p1a: Papu|4\/100 psn|[from] psn\n|upkeep\n|turn|11\n|l| Dios Typhlosion\n|\n|t:|1700454215\n|move|p2a: Marijuano|Shadow Sneak|p1a: Papu\n|-damage|p1a: Papu|0 fnt\n|faint|p1a: Papu\n|\n|upkeep\n|\n|t:|1700454223\n|switch|p1a: Nito|Clodsire, F, shiny|100\/100\n|turn|12\n|\n|t:|1700454226\n|move|p2a: Marijuano|Knock Off|p1a: Nito\n|-damage|p1a: Nito|63\/100\n|-enditem|p1a: Nito|Black Sludge|[from] move: Knock Off|[of] p2a: Marijuano\n|move|p1a: Nito|Earthquake|p2a: Marijuano\n|-supereffective|p2a: Marijuano\n|-damage|p2a: Marijuano|35\/100\n|\n|upkeep\n|turn|13\n|\n|t:|1700454234\n|move|p2a: Marijuano|Shadow Sneak|p1a: Nito\n|-damage|p1a: Nito|53\/100\n|move|p1a: Nito|Earthquake|p2a: Marijuano\n|-supereffective|p2a: Marijuano\n|-damage|p2a: Marijuano|0 fnt\n|faint|p2a: Marijuano\n|\n|upkeep\n|\n|t:|1700454235\n|switch|p2a: Hydrarlo|Hydreigon, M|88\/100\n|turn|14\n|\n|t:|1700454242\n|switch|p1a: Garganacl|Garganacl, F|100\/100\n|move|p2a: Hydrarlo|Substitute|p2a: Hydrarlo\n|-start|p2a: Hydrarlo|Substitute\n|-damage|p2a: Hydrarlo|63\/100\n|\n|-heal|p2a: Hydrarlo|69\/100|[from] item: Leftovers\n|upkeep\n|turn|15\n|j| Dios Typhlosion\n|\n|t:|1700454248\n|move|p2a: Hydrarlo|Nasty Plot|p2a: Hydrarlo\n|-boost|p2a: Hydrarlo|spa|2\n|move|p1a: Garganacl|Iron Defense|p1a: Garganacl\n|-boost|p1a: Garganacl|def|2\n|\n|-heal|p2a: Hydrarlo|75\/100|[from] item: Leftovers\n|upkeep\n|turn|16\n|\n|t:|1700454255\n|move|p2a: Hydrarlo|Flash Cannon|p1a: Garganacl\n|-supereffective|p1a: Garganacl\n|-damage|p1a: Garganacl|35\/100\n|move|p1a: Garganacl|Body Press|p2a: Hydrarlo\n|-supereffective|p2a: Hydrarlo\n|-end|p2a: Hydrarlo|Substitute\n|\n|-heal|p2a: Hydrarlo|81\/100|[from] item: Leftovers\n|-heal|p1a: Garganacl|41\/100|[from] item: Leftovers\n|upkeep\n|turn|17\n|\n|t:|1700454264\n|-terastallize|p1a: Garganacl|Ghost\n|move|p2a: Hydrarlo|Flash Cannon|p1a: Garganacl\n|-crit|p1a: Garganacl\n|-damage|p1a: Garganacl|0 fnt\n|faint|p1a: Garganacl\n|\n|-heal|p2a: Hydrarlo|87\/100|[from] item: Leftovers\n|upkeep\n|-message|Danwine forfeited.\n|\n|win|Arlo Ghost\n|l|\u2606Danwine\n|c| Sylveon(404)|XD\n|c| Dios Typhlosion|Dafuck\n|c|\u2606Arlo Ghost|juego, set y partido\n|l| Sylveon(404)\n|l| Dios Typhlosion\n|c| Sai4rr|XDDD\n","uploadtime":1700454300,"views":11,"p1id":"danwine","p2id":"arloghost","formatid":"gen9nationaldex","rating":0,"private":0,"password":""}