{"id":"gen9nationaldex-1993039795","p1":"talalcht","p2":"Papasfritas 12345","format":"[Gen 9] National Dex","log":"|j|\u2606talalcht\n|j|\u2606Papasfritas 12345\n|t:|1700258143\n|gametype|singles\n|player|p1|talalcht|palmer|\n|player|p2|Papasfritas 12345|riley|\n|teamsize|p1|6\n|teamsize|p2|6\n|gen|9\n|tier|[Gen 9] National Dex\n|rule|HP Percentage Mod: HP is shown in percentages\n|rule|Endless Battle Clause: Forcing endless battles is banned\n|rule|OHKO Clause: OHKO moves are banned\n|rule|Evasion Clause: Evasion abilities, items, and moves are banned\n|rule|Evasion Abilities Clause: Evasion abilities are banned\n|rule|Evasion Items Clause: Evasion items are banned\n|rule|Evasion Moves Clause: Evasion moves are banned\n|rule|Species Clause: Limit one of each Pok\u00e9mon\n|rule|Sleep Clause Mod: Limit one foe put to sleep\n|clearpoke\n|poke|p1|Gallade, L50, M|\n|poke|p1|Malamar, L50, M|\n|poke|p1|Metagross, L50|\n|poke|p1|Claydol, L50|\n|poke|p1|Gardevoir, L50, F|\n|poke|p1|Jirachi, L50|\n|poke|p2|Electrode, L50|\n|poke|p2|Rillaboom, L50, M|\n|poke|p2|Mimikyu, L50, F|\n|poke|p2|Togekiss, L50, F|\n|poke|p2|Samurott-Hisui, L50, M|\n|poke|p2|Hoopa-Unbound, L50|\n|teampreview\n|inactive|Battle timer is ON: inactive players will automatically lose when time's up. (requested by talalcht)\n|c|\u2606Papasfritas 12345|Llegado a este punto solo quiero terminar esto y acostarme a dormir\n|\n|t:|1700258163\n|start\n|switch|p1a: Ramalam|Malamar, L50, M, shiny|100\/100\n|switch|p2a: Samurott|Samurott-Hisui, L50, M, shiny|100\/100\n|turn|1\n|\n|t:|1700258173\n|-terastallize|p1a: Ramalam|Dark\n|move|p2a: Samurott|Sacred Sword|p1a: Ramalam\n|-supereffective|p1a: Ramalam\n|-damage|p1a: Ramalam|25\/100\n|move|p1a: Ramalam|Superpower|p2a: Samurott\n|-supereffective|p2a: Samurott\n|-damage|p2a: Samurott|25\/100\n|-boost|p1a: Ramalam|atk|1\n|-boost|p1a: Ramalam|def|1\n|\n|-heal|p1a: Ramalam|31\/100|[from] item: Leftovers\n|upkeep\n|turn|2\n|c|\u2606talalcht|Okeeeeey aprendes\n|\n|t:|1700258202\n|move|p2a: Samurott|Sacred Sword|p1a: Ramalam\n|-supereffective|p1a: Ramalam\n|-damage|p1a: Ramalam|0 fnt\n|faint|p1a: Ramalam\n|\n|upkeep\n|c|\u2606Papasfritas 12345|M\u00e1s o menos\n|inactive|talalcht has 270 seconds left.\n|\n|t:|1700258218\n|switch|p1a: Soruko oruka|Gallade, L50, M, shiny|100\/100\n|turn|3\n|inactive|talalcht has 270 seconds left.\n|\n|t:|1700258224\n|detailschange|p1a: Soruko oruka|Gallade-Mega, L50, M, shiny\n|-mega|p1a: Soruko oruka|Gallade|Galladite\n|move|p1a: Soruko oruka|Leaf Blade|p2a: Samurott\n|-supereffective|p2a: Samurott\n|-damage|p2a: Samurott|0 fnt\n|faint|p2a: Samurott\n|\n|upkeep\n|\n|t:|1700258235\n|switch|p2a: Mimikyu|Mimikyu, L50, F|100\/100\n|turn|4\n|\n|t:|1700258245\n|switch|p1a: Besama|Gardevoir, L50, F, shiny|100\/100\n|move|p2a: Mimikyu|Swords Dance|p2a: Mimikyu\n|-boost|p2a: Mimikyu|atk|2\n|\n|upkeep\n|turn|5\n|\n|t:|1700258258\n|move|p2a: Mimikyu|Swords Dance|p2a: Mimikyu\n|-boost|p2a: Mimikyu|atk|2\n|move|p1a: Besama|Will-O-Wisp|p2a: Mimikyu\n|-status|p2a: Mimikyu|brn\n|\n|-damage|p2a: Mimikyu|94\/100 brn|[from] brn\n|upkeep\n|turn|6\n|\n|t:|1700258271\n|move|p1a: Besama|Protect|p1a: Besama\n|-singleturn|p1a: Besama|Protect\n|move|p2a: Mimikyu|Swords Dance|p2a: Mimikyu\n|-boost|p2a: Mimikyu|atk|2\n|\n|-damage|p2a: Mimikyu|88\/100 brn|[from] brn\n|upkeep\n|turn|7\n|\n|t:|1700258280\n|move|p2a: Mimikyu|Shadow Claw|p1a: Besama\n|-supereffective|p1a: Besama\n|-damage|p1a: Besama|0 fnt\n|faint|p1a: Besama\n|\n|-damage|p2a: Mimikyu|82\/100 brn|[from] brn\n|upkeep\n|\n|t:|1700258288\n|switch|p1a: Deseo|Jirachi, L50, shiny|100\/100\n|turn|8\n|\n|t:|1700258294\n|move|p1a: Deseo|Iron Head|p2a: Mimikyu\n|-activate|p2a: Mimikyu|ability: Disguise\n|-damage|p2a: Mimikyu|82\/100 brn\n|detailschange|p2a: Mimikyu|Mimikyu-Busted, L50, F\n|-damage|p2a: Mimikyu|70\/100 brn|[from] pokemon: Mimikyu-Busted\n|cant|p2a: Mimikyu|flinch\n|\n|-damage|p2a: Mimikyu|64\/100 brn|[from] brn\n|upkeep\n|turn|9\n|\n|t:|1700258305\n|move|p2a: Mimikyu|Shadow Sneak|p1a: Deseo\n|-supereffective|p1a: Deseo\n|-damage|p1a: Deseo|47\/100\n|move|p1a: Deseo|Iron Head|p2a: Mimikyu\n|-supereffective|p2a: Mimikyu\n|-damage|p2a: Mimikyu|0 fnt\n|faint|p2a: Mimikyu\n|\n|upkeep\n|c|\u2606talalcht|Ahora voy en serio\n|inactive|Papasfritas 12345 has 270 seconds left.\n|\n|t:|1700258333\n|switch|p2a: Electrode|Electrode, L50|100\/100\n|turn|10\n|\n|t:|1700258342\n|switch|p1a: Play-doh|Claydol, L50, shiny|100\/100\n|move|p2a: Electrode|Reflect|p2a: Electrode\n|-sidestart|p2: Papasfritas 12345|Reflect\n|\n|upkeep\n|turn|11\n|\n|t:|1700258354\n|move|p2a: Electrode|Light Screen|p2a: Electrode\n|-sidestart|p2: Papasfritas 12345|move: Light Screen\n|move|p1a: Play-doh|Light Screen|p1a: Play-doh\n|-sidestart|p1: talalcht|move: Light Screen\n|\n|upkeep\n|turn|12\n|c|\u2606Papasfritas 12345|Lleg\u00f3 la hora\n|inactive|Papasfritas 12345 has 270 seconds left.\n|c|\u2606Papasfritas 12345|Viva Jap\u00f3n\n|\n|t:|1700258381\n|move|p2a: Electrode|Explosion|p1a: Play-doh\n|-damage|p1a: Play-doh|64\/100\n|faint|p2a: Electrode\n|move|p1a: Play-doh|Nasty Plot|p1a: Play-doh\n|-boost|p1a: Play-doh|spa|2\n|\n|upkeep\n|\n|t:|1700258390\n|switch|p2a: Togebeso|Togekiss, L50, F|100\/100\n|turn|13\n|\n|t:|1700258397\n|switch|p1a: Deseo|Jirachi, L50, shiny|47\/100\n|move|p2a: Togebeso|Air Slash|p1a: Deseo\n|-resisted|p1a: Deseo\n|-crit|p1a: Deseo\n|-damage|p1a: Deseo|25\/100\n|\n|upkeep\n|turn|14\n|inactive|Papasfritas 12345 has 270 seconds left.\n|\n|t:|1700258412\n|switch|p1a: M\u00e1ximo|Metagross, L50, shiny|100\/100\n|switch|p2a: Rillaboom|Rillaboom, L50, M|100\/100\n|-fieldstart|move: Grassy Terrain|[from] ability: Grassy Surge|[of] p2a: Rillaboom\n|\n|upkeep\n|turn|15\n|inactive|Papasfritas 12345 has 270 seconds left.\n|\n|t:|1700258425\n|move|p2a: Rillaboom|Darkest Lariat|p1a: M\u00e1ximo\n|-supereffective|p1a: M\u00e1ximo\n|-damage|p1a: M\u00e1ximo|45\/100\n|-damage|p2a: Rillaboom|91\/100|[from] item: Life Orb\n|move|p1a: M\u00e1ximo|Brick Break|p2a: Rillaboom\n|-sideend|p2: Papasfritas 12345|Reflect\n|-sideend|p2: Papasfritas 12345|move: Light Screen\n|-damage|p2a: Rillaboom|61\/100\n|\n|-heal|p2a: Rillaboom|67\/100|[from] Grassy Terrain\n|-heal|p1a: M\u00e1ximo|51\/100|[from] Grassy Terrain\n|upkeep\n|turn|16\n|inactive|Papasfritas 12345 has 270 seconds left.\n|c|\u2606talalcht|Crees que no ten\u00eda algo para las pantallas\n|inactive|talalcht has 270 seconds left.\n|\n|t:|1700258456\n|move|p2a: Rillaboom|Darkest Lariat|p1a: M\u00e1ximo\n|-supereffective|p1a: M\u00e1ximo\n|-damage|p1a: M\u00e1ximo|0 fnt\n|faint|p1a: M\u00e1ximo\n|-damage|p2a: Rillaboom|57\/100|[from] item: Life Orb\n|\n|-heal|p2a: Rillaboom|63\/100|[from] Grassy Terrain\n|upkeep\n|inactive|talalcht has 270 seconds left.\n|\n|t:|1700258474\n|switch|p1a: Deseo|Jirachi, L50, shiny|25\/100\n|turn|17\n|inactive|Papasfritas 12345 has 270 seconds left.\n|\n|t:|1700258483\n|move|p1a: Deseo|Iron Head|p2a: Rillaboom\n|-damage|p2a: Rillaboom|30\/100\n|move|p2a: Rillaboom|Darkest Lariat|p1a: Deseo\n|-supereffective|p1a: Deseo\n|-damage|p1a: Deseo|0 fnt\n|faint|p1a: Deseo\n|-damage|p2a: Rillaboom|20\/100|[from] item: Life Orb\n|\n|-heal|p2a: Rillaboom|26\/100|[from] Grassy Terrain\n|upkeep\n|inactive|talalcht has 270 seconds left.\n|\n|t:|1700258495\n|switch|p1a: Soruko oruka|Gallade-Mega, L50, M, shiny|100\/100\n|turn|18\n|inactive|talalcht has 270 seconds left.\n|\n|t:|1700258504\n|move|p1a: Soruko oruka|Psycho Cut|p2a: Rillaboom\n|-damage|p2a: Rillaboom|0 fnt\n|faint|p2a: Rillaboom\n|\n|-sideend|p1: talalcht|move: Light Screen\n|-fieldend|move: Grassy Terrain\n|upkeep\n|\n|t:|1700258515\n|switch|p2a: Togebeso|Togekiss, L50, F|100\/100\n|turn|19\n|\n|t:|1700258525\n|switch|p1a: Play-doh|Claydol, L50, shiny|64\/100\n|move|p2a: Togebeso|Air Slash|p1a: Play-doh\n|-damage|p1a: Play-doh|28\/100\n|\n|upkeep\n|turn|20\n|\n|t:|1700258534\n|move|p2a: Togebeso|Air Slash|p1a: Play-doh\n|-damage|p1a: Play-doh|0 fnt\n|faint|p1a: Play-doh\n|\n|upkeep\n|\n|t:|1700258539\n|switch|p1a: Soruko oruka|Gallade-Mega, L50, M, shiny|100\/100\n|turn|21\n|\n|t:|1700258544\n|move|p2a: Togebeso|Air Slash|p1a: Soruko oruka\n|-supereffective|p1a: Soruko oruka\n|-damage|p1a: Soruko oruka|36\/100\n|move|p1a: Soruko oruka|Psycho Cut|p2a: Togebeso\n|-damage|p2a: Togebeso|49\/100\n|\n|upkeep\n|turn|22\n|c|\u2606talalcht|GG el toge es demasiado bueno\n|\n|t:|1700258560\n|move|p2a: Togebeso|Air Slash|p1a: Soruko oruka\n|-supereffective|p1a: Soruko oruka\n|-damage|p1a: Soruko oruka|0 fnt\n|faint|p1a: Soruko oruka\n|\n|win|Papasfritas 12345\n","uploadtime":1700258567,"views":8,"p1id":"talalcht","p2id":"papasfritas12345","formatid":"gen9nationaldex","rating":0,"private":0,"password":""}