{"id":"gen9nationaldex-1999105759","p1":"austinsemple","p2":"Coleboy101","format":"[Gen 9] National Dex","log":"|html|<div class=\"broadcast-blue\"><strong>[Gen 9] National Dex is currently suspecting Sneasler! For information on how to participate check out the <a href=\"https:\/\/www.smogon.com\/forums\/threads\/sv-national-dex-suspect-8-just-dance.3731534\/\">suspect thread<\/a>.<\/strong><\/div>\n|j|\u2606austinsemple\n|j|\u2606Coleboy101\n|t:|1701033733\n|gametype|singles\n|player|p1|austinsemple|blackbelt-gen4dp|1191\n|player|p2|Coleboy101|nate|1082\n|teamsize|p1|6\n|teamsize|p2|6\n|gen|9\n|tier|[Gen 9] National Dex\n|rated|\n|rule|HP Percentage Mod: HP is shown in percentages\n|rule|Endless Battle Clause: Forcing endless battles is banned\n|rule|OHKO Clause: OHKO moves are banned\n|rule|Evasion Clause: Evasion abilities, items, and moves are banned\n|rule|Evasion Abilities Clause: Evasion abilities are banned\n|rule|Evasion Items Clause: Evasion items are banned\n|rule|Evasion Moves Clause: Evasion moves are banned\n|rule|Species Clause: Limit one of each Pok\u00e9mon\n|rule|Sleep Clause Mod: Limit one foe put to sleep\n|clearpoke\n|poke|p1|Amoonguss, F|\n|poke|p1|Ogerpon-Cornerstone, F|\n|poke|p1|Whimsicott, F|\n|poke|p1|Venusaur, M|\n|poke|p1|Leavanny, F|\n|poke|p1|Ferrothorn, F|\n|poke|p2|Dragonite, F|\n|poke|p2|Kommo-o, F|\n|poke|p2|Druddigon, F|\n|poke|p2|Charizard, F|\n|poke|p2|Aegislash, M|\n|poke|p2|Thundurus-Therian, M|\n|teampreview\n|inactive|Battle timer is ON: inactive players will automatically lose when time's up. (requested by austinsemple)\n|\n|t:|1701033744\n|start\n|switch|p1a: Leavanny|Leavanny, F|100\/100\n|switch|p2a: Charizard|Charizard, F|100\/100\n|turn|1\n|\n|t:|1701033764\n|detailschange|p2a: Charizard|Charizard-Mega-Y, F\n|-mega|p2a: Charizard|Charizard|Charizardite Y\n|-weather|SunnyDay|[from] ability: Drought|[of] p2a: Charizard\n|move|p1a: Leavanny|Light Screen|p1a: Leavanny\n|-sidestart|p1: austinsemple|move: Light Screen\n|move|p2a: Charizard|Ancient Power|p1a: Leavanny\n|-supereffective|p1a: Leavanny\n|-crit|p1a: Leavanny\n|-damage|p1a: Leavanny|8\/100\n|\n|-weather|SunnyDay|[upkeep]\n|upkeep\n|turn|2\n|\n|t:|1701033772\n|move|p1a: Leavanny|Sticky Web|p2a: Charizard\n|-sidestart|p2: Coleboy101|move: Sticky Web\n|move|p2a: Charizard|Ancient Power|p1a: Leavanny\n|-supereffective|p1a: Leavanny\n|-damage|p1a: Leavanny|0 fnt\n|faint|p1a: Leavanny\n|\n|-weather|SunnyDay|[upkeep]\n|upkeep\n|\n|t:|1701033787\n|switch|p1a: Ogerpon|Ogerpon-Cornerstone, F|100\/100\n|turn|3\n|\n|t:|1701033798\n|move|p1a: Ogerpon|Ivy Cudgel|p2a: Charizard|[anim] Ivy Cudgel Rock\n|-supereffective|p2a: Charizard\n|-damage|p2a: Charizard|0 fnt\n|faint|p2a: Charizard\n|\n|-weather|SunnyDay|[upkeep]\n|upkeep\n|\n|t:|1701033811\n|switch|p2a: Thundurus|Thundurus-Therian, M|100\/100\n|turn|4\n|\n|t:|1701033820\n|move|p1a: Ogerpon|Ivy Cudgel|p2a: Thundurus|[anim] Ivy Cudgel Rock\n|-supereffective|p2a: Thundurus\n|-crit|p2a: Thundurus\n|-damage|p2a: Thundurus|0 fnt\n|faint|p2a: Thundurus\n|\n|-weather|SunnyDay|[upkeep]\n|upkeep\n|\n|t:|1701033827\n|switch|p2a: Aegislash|Aegislash, M|100\/100\n|-activate|p2a: Aegislash|move: Sticky Web\n|-unboost|p2a: Aegislash|spe|1\n|turn|5\n|\n|t:|1701033833\n|move|p2a: Aegislash|King's Shield|p2a: Aegislash\n|-singleturn|p2a: Aegislash|Protect\n|move|p1a: Ogerpon|U-turn|p2a: Aegislash\n|-activate|p2a: Aegislash|move: Protect\n|-unboost|p1a: Ogerpon|atk|1\n|\n|-weather|none\n|upkeep\n|turn|6\n|\n|t:|1701033852\n|switch|p1a: Whimsicott|Whimsicott, F|100\/100\n|-formechange|p2a: Aegislash|Aegislash-Blade||[from] ability: Stance Change\n|move|p2a: Aegislash|Sacred Sword|p1a: Whimsicott\n|-resisted|p1a: Whimsicott\n|-damage|p1a: Whimsicott|88\/100\n|\n|upkeep\n|turn|7\n|\n|t:|1701033866\n|-formechange|p2a: Aegislash|Aegislash||[from] ability: Stance Change\n|move|p2a: Aegislash|King's Shield|p2a: Aegislash\n|-singleturn|p2a: Aegislash|Protect\n|move|p1a: Whimsicott|Taunt|p2a: Aegislash\n|-start|p2a: Aegislash|move: Taunt\n|\n|upkeep\n|turn|8\n|\n|t:|1701033873\n|move|p1a: Whimsicott|Leech Seed|p2a: Aegislash\n|-start|p2a: Aegislash|move: Leech Seed\n|-formechange|p2a: Aegislash|Aegislash-Blade||[from] ability: Stance Change\n|move|p2a: Aegislash|Flash Cannon|p1a: Whimsicott\n|-supereffective|p1a: Whimsicott\n|-damage|p1a: Whimsicott|43\/100\n|\n|-damage|p2a: Aegislash|88\/100|[from] Leech Seed|[of] p1a: Whimsicott\n|-heal|p1a: Whimsicott|55\/100|[silent]\n|-sideend|p1: austinsemple|move: Light Screen\n|upkeep\n|turn|9\n|\n|t:|1701033881\n|move|p1a: Whimsicott|Taunt||[still]\n|-fail|p1a: Whimsicott\n|move|p2a: Aegislash|Flash Cannon|p1a: Whimsicott\n|-supereffective|p1a: Whimsicott\n|-damage|p1a: Whimsicott|0 fnt\n|faint|p1a: Whimsicott\n|\n|-heal|p2a: Aegislash|94\/100|[from] item: Leftovers\n|upkeep\n|\n|t:|1701033900\n|switch|p1a: Ogerpon|Ogerpon-Cornerstone, F|100\/100\n|turn|10\n|\n|t:|1701033918\n|switch|p2a: Kommo-o|Kommo-o, F|100\/100\n|-activate|p2a: Kommo-o|move: Sticky Web\n|-unboost|p2a: Kommo-o|spe|1\n|move|p1a: Ogerpon|Knock Off|p2a: Kommo-o\n|-resisted|p2a: Kommo-o\n|-damage|p2a: Kommo-o|88\/100\n|\n|upkeep\n|turn|11\n|\n|t:|1701033935\n|move|p1a: Ogerpon|Spiky Shield|p1a: Ogerpon\n|-singleturn|p1a: Ogerpon|move: Protect\n|-zpower|p2a: Kommo-o\n|move|p2a: Kommo-o|Clangorous Soulblaze|p1a: Ogerpon|[zeffect]\n|-zbroken|p1a: Ogerpon\n|-damage|p1a: Ogerpon|80\/100\n|-boost|p2a: Kommo-o|atk|1\n|-boost|p2a: Kommo-o|def|1\n|-boost|p2a: Kommo-o|spa|1\n|-boost|p2a: Kommo-o|spd|1\n|-boost|p2a: Kommo-o|spe|1\n|\n|upkeep\n|turn|12\n|\n|t:|1701033949\n|move|p1a: Ogerpon|U-turn|p2a: Kommo-o\n|-resisted|p2a: Kommo-o\n|-damage|p2a: Kommo-o|80\/100\n|\n|t:|1701033951\n|switch|p1a: Amoonguss|Amoonguss, F|100\/100|[from] U-turn\n|move|p2a: Kommo-o|Drain Punch|p1a: Amoonguss\n|-resisted|p1a: Amoonguss\n|-damage|p1a: Amoonguss|75\/100\n|-heal|p2a: Kommo-o|99\/100|[from] drain|[of] p1a: Amoonguss\n|-status|p2a: Kommo-o|par|[from] ability: Effect Spore|[of] p1a: Amoonguss\n|\n|-heal|p1a: Amoonguss|81\/100|[from] item: Black Sludge\n|upkeep\n|turn|13\n|\n|t:|1701033962\n|move|p2a: Kommo-o|Ice Punch|p1a: Amoonguss\n|-supereffective|p1a: Amoonguss\n|-damage|p1a: Amoonguss|7\/100\n|move|p1a: Amoonguss|Clear Smog|p2a: Kommo-o\n|-damage|p2a: Kommo-o|86\/100 par\n|-clearboost|p2a: Kommo-o\n|\n|-heal|p1a: Amoonguss|13\/100|[from] item: Black Sludge\n|upkeep\n|turn|14\n|\n|t:|1701033970\n|move|p2a: Kommo-o|Ice Punch|p1a: Amoonguss\n|-supereffective|p1a: Amoonguss\n|-damage|p1a: Amoonguss|0 fnt\n|faint|p1a: Amoonguss\n|\n|upkeep\n|\n|t:|1701033985\n|switch|p1a: Ogerpon|Ogerpon-Cornerstone, F|80\/100\n|turn|15\n|\n|t:|1701033989\n|move|p1a: Ogerpon|Ivy Cudgel|p2a: Kommo-o|[anim] Ivy Cudgel Rock\n|-resisted|p2a: Kommo-o\n|-damage|p2a: Kommo-o|55\/100 par\n|move|p2a: Kommo-o|Drain Punch|p1a: Ogerpon\n|-supereffective|p1a: Ogerpon\n|-damage|p1a: Ogerpon|0 fnt\n|-heal|p2a: Kommo-o|97\/100 par|[from] drain|[of] p1a: Ogerpon\n|faint|p1a: Ogerpon\n|\n|upkeep\n|\n|t:|1701033993\n|switch|p1a: Venusaur|Venusaur, M|100\/100\n|turn|16\n|\n|t:|1701033999\n|detailschange|p1a: Venusaur|Venusaur-Mega, M\n|-mega|p1a: Venusaur|Venusaur|Venusaurite\n|move|p1a: Venusaur|Leech Seed|p2a: Kommo-o\n|-start|p2a: Kommo-o|move: Leech Seed\n|move|p2a: Kommo-o|Ice Punch|p1a: Venusaur\n|-supereffective|p1a: Venusaur\n|-damage|p1a: Venusaur|84\/100\n|\n|-damage|p2a: Kommo-o|84\/100 par|[from] Leech Seed|[of] p1a: Venusaur\n|-heal|p1a: Venusaur|94\/100|[silent]\n|upkeep\n|turn|17\n|\n|t:|1701034011\n|move|p1a: Venusaur|Sludge Bomb|p2a: Kommo-o\n|-immune|p2a: Kommo-o|[from] ability: Bulletproof\n|move|p2a: Kommo-o|Ice Punch|p1a: Venusaur\n|-supereffective|p1a: Venusaur\n|-damage|p1a: Venusaur|80\/100\n|\n|-damage|p2a: Kommo-o|72\/100 par|[from] Leech Seed|[of] p1a: Venusaur\n|-heal|p1a: Venusaur|90\/100|[silent]\n|upkeep\n|turn|18\n|\n|t:|1701034021\n|switch|p1a: Ferrothorn|Ferrothorn, F|100\/100\n|cant|p2a: Kommo-o|par\n|\n|-damage|p2a: Kommo-o|60\/100 par|[from] Leech Seed|[of] p1a: Ferrothorn\n|upkeep\n|turn|19\n|\n|t:|1701034028\n|move|p2a: Kommo-o|Drain Punch|p1a: Ferrothorn\n|-supereffective|p1a: Ferrothorn\n|-damage|p1a: Ferrothorn|45\/100\n|-heal|p2a: Kommo-o|93\/100 par|[from] drain|[of] p1a: Ferrothorn\n|-damage|p2a: Kommo-o|81\/100 par|[from] ability: Iron Barbs|[of] p1a: Ferrothorn\n|move|p1a: Ferrothorn|Iron Defense|p1a: Ferrothorn\n|-boost|p1a: Ferrothorn|def|2\n|\n|-heal|p1a: Ferrothorn|51\/100|[from] item: Leftovers\n|-damage|p2a: Kommo-o|68\/100 par|[from] Leech Seed|[of] p1a: Ferrothorn\n|-heal|p1a: Ferrothorn|61\/100|[silent]\n|upkeep\n|turn|20\n|\n|t:|1701034041\n|cant|p2a: Kommo-o|par\n|move|p1a: Ferrothorn|Substitute|p1a: Ferrothorn\n|-start|p1a: Ferrothorn|Substitute\n|-damage|p1a: Ferrothorn|37\/100\n|\n|-heal|p1a: Ferrothorn|43\/100|[from] item: Leftovers\n|-damage|p2a: Kommo-o|56\/100 par|[from] Leech Seed|[of] p1a: Ferrothorn\n|-heal|p1a: Ferrothorn|53\/100|[silent]\n|upkeep\n|turn|21\n|\n|t:|1701034050\n|switch|p2a: Dragonite|Dragonite, F|100\/100\n|move|p1a: Ferrothorn|Iron Defense|p1a: Ferrothorn\n|-boost|p1a: Ferrothorn|def|2\n|\n|-heal|p1a: Ferrothorn|59\/100|[from] item: Leftovers\n|upkeep\n|turn|22\n|\n|t:|1701034058\n|move|p2a: Dragonite|Dragon Dance|p2a: Dragonite\n|-boost|p2a: Dragonite|atk|1\n|-boost|p2a: Dragonite|spe|1\n|move|p1a: Ferrothorn|Toxic|p2a: Dragonite\n|-status|p2a: Dragonite|tox\n|\n|-heal|p1a: Ferrothorn|65\/100|[from] item: Leftovers\n|-damage|p2a: Dragonite|94\/100 tox|[from] psn\n|upkeep\n|turn|23\n|\n|t:|1701034067\n|move|p2a: Dragonite|Fire Punch|p1a: Ferrothorn\n|-supereffective|p1a: Ferrothorn\n|-end|p1a: Ferrothorn|Substitute\n|move|p1a: Ferrothorn|Leech Seed|p2a: Dragonite\n|-start|p2a: Dragonite|move: Leech Seed\n|\n|-heal|p1a: Ferrothorn|71\/100|[from] item: Leftovers\n|-damage|p2a: Dragonite|82\/100 tox|[from] Leech Seed|[of] p1a: Ferrothorn\n|-heal|p1a: Ferrothorn|82\/100|[silent]\n|-damage|p2a: Dragonite|70\/100 tox|[from] psn\n|upkeep\n|turn|24\n|\n|t:|1701034076\n|move|p2a: Dragonite|Fire Punch|p1a: Ferrothorn\n|-supereffective|p1a: Ferrothorn\n|-damage|p1a: Ferrothorn|30\/100\n|-status|p1a: Ferrothorn|brn\n|-damage|p2a: Dragonite|57\/100 tox|[from] ability: Iron Barbs|[of] p1a: Ferrothorn\n|move|p1a: Ferrothorn|Iron Defense|p1a: Ferrothorn\n|-boost|p1a: Ferrothorn|def|2\n|\n|-heal|p1a: Ferrothorn|36\/100 brn|[from] item: Leftovers\n|-damage|p2a: Dragonite|45\/100 tox|[from] Leech Seed|[of] p1a: Ferrothorn\n|-heal|p1a: Ferrothorn|47\/100 brn|[silent]\n|-damage|p2a: Dragonite|26\/100 tox|[from] psn\n|-damage|p1a: Ferrothorn|41\/100 brn|[from] brn\n|upkeep\n|turn|25\n|\n|t:|1701034089\n|move|p2a: Dragonite|Fire Punch|p1a: Ferrothorn\n|-supereffective|p1a: Ferrothorn\n|-damage|p1a: Ferrothorn|1\/100 brn\n|-damage|p2a: Dragonite|14\/100 tox|[from] ability: Iron Barbs|[of] p1a: Ferrothorn\n|move|p1a: Ferrothorn|Iron Defense|p1a: Ferrothorn\n|-boost|p1a: Ferrothorn|def|0\n|\n|-heal|p1a: Ferrothorn|7\/100 brn|[from] item: Leftovers\n|-damage|p2a: Dragonite|1\/100 tox|[from] Leech Seed|[of] p1a: Ferrothorn\n|-heal|p1a: Ferrothorn|19\/100 brn|[silent]\n|-damage|p2a: Dragonite|0 fnt|[from] psn\n|faint|p2a: Dragonite\n|-damage|p1a: Ferrothorn|13\/100 brn|[from] brn\n|upkeep\n|\n|t:|1701034109\n|switch|p2a: Aegislash|Aegislash, M|94\/100\n|-activate|p2a: Aegislash|move: Sticky Web\n|-unboost|p2a: Aegislash|spe|1\n|turn|26\n|\n|t:|1701034114\n|-formechange|p2a: Aegislash|Aegislash-Blade||[from] ability: Stance Change\n|move|p2a: Aegislash|Sacred Sword|p1a: Ferrothorn\n|-supereffective|p1a: Ferrothorn\n|-damage|p1a: Ferrothorn|0 fnt\n|-damage|p2a: Aegislash|82\/100|[from] ability: Iron Barbs|[of] p1a: Ferrothorn\n|faint|p1a: Ferrothorn\n|\n|-heal|p2a: Aegislash|88\/100|[from] item: Leftovers\n|upkeep\n|\n|t:|1701034116\n|switch|p1a: Venusaur|Venusaur-Mega, M|90\/100\n|turn|27\n|\n|t:|1701034133\n|move|p1a: Venusaur|Leech Seed|p2a: Aegislash\n|-start|p2a: Aegislash|move: Leech Seed\n|move|p2a: Aegislash|Shadow Claw|p1a: Venusaur\n|-damage|p1a: Venusaur|68\/100\n|\n|-heal|p2a: Aegislash|94\/100|[from] item: Leftovers\n|-damage|p2a: Aegislash|82\/100|[from] Leech Seed|[of] p1a: Venusaur\n|-heal|p1a: Venusaur|79\/100|[silent]\n|upkeep\n|turn|28\n|\n|t:|1701034147\n|switch|p2a: Kommo-o|Kommo-o, F|56\/100 par\n|-activate|p2a: Kommo-o|move: Sticky Web\n|-unboost|p2a: Kommo-o|spe|1\n|move|p1a: Venusaur|Hidden Power|p2a: Kommo-o\n|-resisted|p2a: Kommo-o\n|-damage|p2a: Kommo-o|46\/100 par\n|\n|upkeep\n|turn|29\n|\n|t:|1701034155\n|move|p1a: Venusaur|Leech Seed|p2a: Kommo-o\n|-start|p2a: Kommo-o|move: Leech Seed\n|move|p2a: Kommo-o|Ice Punch|p1a: Venusaur\n|-supereffective|p1a: Venusaur\n|-damage|p1a: Venusaur|65\/100\n|\n|-damage|p2a: Kommo-o|33\/100 par|[from] Leech Seed|[of] p1a: Venusaur\n|-heal|p1a: Venusaur|74\/100|[silent]\n|upkeep\n|turn|30\n|\n|t:|1701034163\n|move|p1a: Venusaur|Hidden Power|p2a: Kommo-o\n|-resisted|p2a: Kommo-o\n|-damage|p2a: Kommo-o|24\/100 par\n|cant|p2a: Kommo-o|par\n|\n|-damage|p2a: Kommo-o|11\/100 par|[from] Leech Seed|[of] p1a: Venusaur\n|-heal|p1a: Venusaur|84\/100|[silent]\n|upkeep\n|turn|31\n|\n|t:|1701034170\n|move|p1a: Venusaur|Hidden Power|p2a: Kommo-o\n|-resisted|p2a: Kommo-o\n|-crit|p2a: Kommo-o\n|-damage|p2a: Kommo-o|0 fnt\n|faint|p2a: Kommo-o\n|\n|upkeep\n|\n|t:|1701034180\n|switch|p2a: Aegislash|Aegislash, M|82\/100\n|-activate|p2a: Aegislash|move: Sticky Web\n|-unboost|p2a: Aegislash|spe|1\n|turn|32\n|\n|t:|1701034185\n|move|p2a: Aegislash|King's Shield|p2a: Aegislash\n|-singleturn|p2a: Aegislash|Protect\n|move|p1a: Venusaur|Leech Seed|p2a: Aegislash\n|-start|p2a: Aegislash|move: Leech Seed\n|\n|-heal|p2a: Aegislash|88\/100|[from] item: Leftovers\n|-damage|p2a: Aegislash|76\/100|[from] Leech Seed|[of] p1a: Venusaur\n|-heal|p1a: Venusaur|95\/100|[silent]\n|upkeep\n|turn|33\n|\n|t:|1701034196\n|move|p1a: Venusaur|Hidden Power|p2a: Aegislash\n|-supereffective|p2a: Aegislash\n|-damage|p2a: Aegislash|57\/100\n|-formechange|p2a: Aegislash|Aegislash-Blade||[from] ability: Stance Change\n|move|p2a: Aegislash|Shadow Claw|p1a: Venusaur\n|-damage|p1a: Venusaur|74\/100\n|\n|-heal|p2a: Aegislash|63\/100|[from] item: Leftovers\n|-damage|p2a: Aegislash|51\/100|[from] Leech Seed|[of] p1a: Venusaur\n|-heal|p1a: Venusaur|85\/100|[silent]\n|upkeep\n|turn|34\n|\n|t:|1701034207\n|-formechange|p2a: Aegislash|Aegislash||[from] ability: Stance Change\n|move|p2a: Aegislash|King's Shield|p2a: Aegislash\n|-singleturn|p2a: Aegislash|Protect\n|move|p1a: Venusaur|Hidden Power|p2a: Aegislash\n|-activate|p2a: Aegislash|move: Protect\n|\n|-heal|p2a: Aegislash|57\/100|[from] item: Leftovers\n|-damage|p2a: Aegislash|45\/100|[from] Leech Seed|[of] p1a: Venusaur\n|-heal|p1a: Venusaur|96\/100|[silent]\n|upkeep\n|turn|35\n|\n|t:|1701034220\n|move|p1a: Venusaur|Hidden Power|p2a: Aegislash\n|-supereffective|p2a: Aegislash\n|-damage|p2a: Aegislash|26\/100\n|-formechange|p2a: Aegislash|Aegislash-Blade||[from] ability: Stance Change\n|move|p2a: Aegislash|Shadow Claw|p1a: Venusaur\n|-damage|p1a: Venusaur|75\/100\n|\n|-heal|p2a: Aegislash|33\/100|[from] item: Leftovers\n|-damage|p2a: Aegislash|20\/100|[from] Leech Seed|[of] p1a: Venusaur\n|-heal|p1a: Venusaur|86\/100|[silent]\n|upkeep\n|turn|36\n|\n|t:|1701034230\n|-formechange|p2a: Aegislash|Aegislash||[from] ability: Stance Change\n|move|p2a: Aegislash|King's Shield|p2a: Aegislash\n|-singleturn|p2a: Aegislash|Protect\n|move|p1a: Venusaur|Hidden Power|p2a: Aegislash\n|-activate|p2a: Aegislash|move: Protect\n|\n|-heal|p2a: Aegislash|26\/100|[from] item: Leftovers\n|-damage|p2a: Aegislash|14\/100|[from] Leech Seed|[of] p1a: Venusaur\n|-heal|p1a: Venusaur|97\/100|[silent]\n|upkeep\n|turn|37\n|\n|t:|1701034245\n|move|p1a: Venusaur|Hidden Power|p2a: Aegislash\n|-supereffective|p2a: Aegislash\n|-damage|p2a: Aegislash|0 fnt\n|faint|p2a: Aegislash\n|\n|upkeep\n|\n|t:|1701034250\n|switch|p2a: Druddigon|Druddigon, F|100\/100\n|-activate|p2a: Druddigon|move: Sticky Web\n|-unboost|p2a: Druddigon|spe|1\n|turn|38\n|\n|t:|1701034259\n|-terastallize|p2a: Druddigon|Dragon\n|move|p1a: Venusaur|Leech Seed|p2a: Druddigon|[miss]\n|-miss|p1a: Venusaur|p2a: Druddigon\n|move|p2a: Druddigon|Dragon Claw|p1a: Venusaur\n|-damage|p1a: Venusaur|62\/100\n|\n|upkeep\n|turn|39\n|\n|t:|1701034265\n|move|p1a: Venusaur|Leech Seed|p2a: Druddigon\n|-start|p2a: Druddigon|move: Leech Seed\n|move|p2a: Druddigon|Dragon Claw|p1a: Venusaur\n|-damage|p1a: Venusaur|25\/100\n|\n|-damage|p2a: Druddigon|88\/100|[from] Leech Seed|[of] p1a: Venusaur\n|-heal|p1a: Venusaur|38\/100|[silent]\n|upkeep\n|turn|40\n|\n|t:|1701034272\n|move|p1a: Venusaur|Synthesis|p1a: Venusaur\n|-heal|p1a: Venusaur|88\/100\n|move|p2a: Druddigon|Dragon Claw|p1a: Venusaur\n|-damage|p1a: Venusaur|51\/100\n|\n|-damage|p2a: Druddigon|76\/100|[from] Leech Seed|[of] p1a: Venusaur\n|-heal|p1a: Venusaur|63\/100|[silent]\n|upkeep\n|turn|41\n|\n|t:|1701034279\n|move|p1a: Venusaur|Synthesis|p1a: Venusaur\n|-heal|p1a: Venusaur|100\/100\n|move|p2a: Druddigon|Dragon Claw|p1a: Venusaur\n|-damage|p1a: Venusaur|61\/100\n|\n|-damage|p2a: Druddigon|64\/100|[from] Leech Seed|[of] p1a: Venusaur\n|-heal|p1a: Venusaur|74\/100|[silent]\n|upkeep\n|turn|42\n|\n|t:|1701034288\n|move|p1a: Venusaur|Sludge Bomb|p2a: Druddigon\n|-damage|p2a: Druddigon|36\/100\n|-status|p2a: Druddigon|psn\n|move|p2a: Druddigon|Dragon Claw|p1a: Venusaur\n|-damage|p1a: Venusaur|34\/100\n|\n|-damage|p2a: Druddigon|24\/100 psn|[from] Leech Seed|[of] p1a: Venusaur\n|-heal|p1a: Venusaur|46\/100|[silent]\n|-damage|p2a: Druddigon|11\/100 psn|[from] psn\n|upkeep\n|turn|43\n|\n|t:|1701034307\n|move|p1a: Venusaur|Synthesis|p1a: Venusaur\n|-heal|p1a: Venusaur|96\/100\n|move|p2a: Druddigon|Dragon Claw|p1a: Venusaur\n|-damage|p1a: Venusaur|57\/100\n|\n|-damage|p2a: Druddigon|0 fnt|[from] Leech Seed|[of] p1a: Venusaur\n|-heal|p1a: Venusaur|67\/100|[silent]\n|faint|p2a: Druddigon\n|\n|win|austinsemple\n|upkeep\n|raw|austinsemple's rating: 1191 &rarr; <strong>1208<\/strong><br \/>(+17 for winning)\n|raw|Coleboy101's rating: 1082 &rarr; <strong>1066<\/strong><br \/>(-16 for losing)\n|l|\u2606Coleboy101\n|l|\u2606austinsemple\n|j|\u2606austinsemple\n|player|p1|austinsemple|blackbelt-gen4dp\n","uploadtime":1701034502,"views":11,"p1id":"austinsemple","p2id":"coleboy101","formatid":"gen9nationaldex","rating":1066,"private":0,"password":""}