{"id":"gen9nationaldex-1992454658","p1":"Jarl_jake","p2":"llampis98","format":"[Gen 9] National Dex","log":"|j|\u2606Jarl_jake\n|j|\u2606llampis98\n|t:|1700189584\n|gametype|singles\n|player|p1|Jarl_jake|red|1552\n|player|p2|llampis98|aromalady|1603\n|teamsize|p1|6\n|teamsize|p2|6\n|gen|9\n|tier|[Gen 9] National Dex\n|rated|\n|rule|HP Percentage Mod: HP is shown in percentages\n|rule|Endless Battle Clause: Forcing endless battles is banned\n|rule|OHKO Clause: OHKO moves are banned\n|rule|Evasion Clause: Evasion abilities, items, and moves are banned\n|rule|Evasion Abilities Clause: Evasion abilities are banned\n|rule|Evasion Items Clause: Evasion items are banned\n|rule|Evasion Moves Clause: Evasion moves are banned\n|rule|Species Clause: Limit one of each Pok\u00e9mon\n|rule|Sleep Clause Mod: Limit one foe put to sleep\n|clearpoke\n|poke|p1|Latios, M|\n|poke|p1|Venusaur, F|\n|poke|p1|Volcarona, F|\n|poke|p1|Shuckle, F|\n|poke|p1|Great Tusk|\n|poke|p1|Milotic, F|\n|poke|p2|Pelipper, M|\n|poke|p2|Basculegion-F, F|\n|poke|p2|Urshifu-*, M|\n|poke|p2|Kilowattrel, M|\n|poke|p2|Ferrothorn, M|\n|poke|p2|Sharpedo, F|\n|teampreview\n|\n|t:|1700189594\n|start\n|switch|p1a: Smart boi|Latios, M, shiny|100\/100\n|switch|p2a: Pelipper|Pelipper, M|100\/100\n|-weather|RainDance|[from] ability: Drizzle|[of] p2a: Pelipper\n|turn|1\n|\n|t:|1700189606\n|switch|p2a: Ferrothorn|Ferrothorn, M|100\/100\n|move|p1a: Smart boi|Psychic|p2a: Ferrothorn\n|-resisted|p2a: Ferrothorn\n|-damage|p2a: Ferrothorn|81\/100\n|-unboost|p2a: Ferrothorn|spd|1\n|\n|-weather|RainDance|[upkeep]\n|-heal|p2a: Ferrothorn|87\/100|[from] item: Leftovers\n|upkeep\n|turn|2\n|\n|t:|1700189617\n|move|p1a: Smart boi|Aura Sphere|p2a: Ferrothorn\n|-supereffective|p2a: Ferrothorn\n|-damage|p2a: Ferrothorn|27\/100\n|move|p2a: Ferrothorn|Stealth Rock|p1a: Smart boi\n|-sidestart|p1: Jarl_jake|move: Stealth Rock\n|\n|-weather|RainDance|[upkeep]\n|-heal|p2a: Ferrothorn|33\/100|[from] item: Leftovers\n|upkeep\n|turn|3\n|\n|t:|1700189628\n|move|p2a: Ferrothorn|Protect|p2a: Ferrothorn\n|-singleturn|p2a: Ferrothorn|Protect\n|move|p1a: Smart boi|Psychic|p2a: Ferrothorn\n|-activate|p2a: Ferrothorn|move: Protect\n|\n|-weather|RainDance|[upkeep]\n|-heal|p2a: Ferrothorn|40\/100|[from] item: Leftovers\n|upkeep\n|turn|4\n|\n|t:|1700189637\n|switch|p2a: Pelipper|Pelipper, M|100\/100\n|move|p1a: Smart boi|Aura Sphere|p2a: Pelipper\n|-resisted|p2a: Pelipper\n|-damage|p2a: Pelipper|80\/100\n|\n|-weather|RainDance|[upkeep]\n|upkeep\n|turn|5\n|\n|t:|1700189647\n|move|p1a: Smart boi|Psychic|p2a: Pelipper\n|-damage|p2a: Pelipper|0 fnt\n|faint|p2a: Pelipper\n|\n|-weather|RainDance|[upkeep]\n|upkeep\n|j| spirefire\n|\n|t:|1700189650\n|switch|p2a: Sharpedo|Sharpedo, F|100\/100\n|turn|6\n|\n|t:|1700189658\n|-terastallize|p1a: Smart boi|Fighting\n|move|p2a: Sharpedo|Protect|p2a: Sharpedo\n|-singleturn|p2a: Sharpedo|Protect\n|move|p1a: Smart boi|Aura Sphere|p2a: Sharpedo\n|-activate|p2a: Sharpedo|move: Protect\n|\n|-weather|RainDance|[upkeep]\n|-ability|p2a: Sharpedo|Speed Boost|boost\n|-boost|p2a: Sharpedo|spe|1\n|upkeep\n|turn|7\n|\n|t:|1700189671\n|detailschange|p2a: Sharpedo|Sharpedo-Mega, F\n|-mega|p2a: Sharpedo|Sharpedo|Sharpedonite\n|move|p2a: Sharpedo|Liquidation|p1a: Smart boi\n|-damage|p1a: Smart boi|0 fnt\n|faint|p1a: Smart boi\n|\n|-weather|RainDance|[upkeep]\n|upkeep\n|\n|t:|1700189685\n|switch|p1a: Shuckie|Shuckle, F, shiny|100\/100\n|-damage|p1a: Shuckie|75\/100|[from] Stealth Rock\n|turn|8\n|\n|t:|1700189689\n|move|p2a: Sharpedo|Liquidation|p1a: Shuckie\n|-supereffective|p1a: Shuckie\n|-damage|p1a: Shuckie|0 fnt\n|faint|p1a: Shuckie\n|\n|-weather|none\n|upkeep\n|\n|t:|1700189698\n|switch|p1a: Thunder Smash|Venusaur, F, shiny|100\/100\n|-damage|p1a: Thunder Smash|88\/100|[from] Stealth Rock\n|turn|9\n|\n|t:|1700189703\n|detailschange|p1a: Thunder Smash|Venusaur-Mega, F, shiny\n|-mega|p1a: Thunder Smash|Venusaur|Venusaurite\n|move|p2a: Sharpedo|Crunch|p1a: Thunder Smash\n|-damage|p1a: Thunder Smash|36\/100\n|move|p1a: Thunder Smash|Giga Drain|p2a: Sharpedo\n|-supereffective|p2a: Sharpedo\n|-damage|p2a: Sharpedo|0 fnt\n|-heal|p1a: Thunder Smash|75\/100|[from] drain|[of] p2a: Sharpedo\n|faint|p2a: Sharpedo\n|\n|upkeep\n|\n|t:|1700189710\n|switch|p2a: Kilowattrel|Kilowattrel, M|100\/100\n|turn|10\n|\n|t:|1700189735\n|switch|p1a: Sexy Fish|Milotic, F, shiny|100\/100\n|-damage|p1a: Sexy Fish|88\/100|[from] Stealth Rock\n|move|p2a: Kilowattrel|Hurricane|p1a: Sexy Fish|[miss]\n|-miss|p2a: Kilowattrel|p1a: Sexy Fish\n|\n|-heal|p1a: Sexy Fish|94\/100|[from] item: Leftovers\n|upkeep\n|turn|11\n|\n|t:|1700189745\n|move|p2a: Kilowattrel|Thunder|p1a: Sexy Fish\n|-supereffective|p1a: Sexy Fish\n|-damage|p1a: Sexy Fish|11\/100\n|move|p1a: Sexy Fish|Ice Beam|p2a: Kilowattrel\n|-supereffective|p2a: Kilowattrel\n|-crit|p2a: Kilowattrel\n|-damage|p2a: Kilowattrel|0 fnt\n|faint|p2a: Kilowattrel\n|\n|-heal|p1a: Sexy Fish|18\/100|[from] item: Leftovers\n|upkeep\n|\n|t:|1700189749\n|switch|p2a: Urshifu|Urshifu-Rapid-Strike, M|100\/100\n|turn|12\n|\n|t:|1700189761\n|move|p2a: Urshifu|Swords Dance|p2a: Urshifu\n|-boost|p2a: Urshifu|atk|2\n|move|p1a: Sexy Fish|Scald|p2a: Urshifu\n|-resisted|p2a: Urshifu\n|-crit|p2a: Urshifu\n|-damage|p2a: Urshifu|66\/100\n|\n|-heal|p1a: Sexy Fish|24\/100|[from] item: Leftovers\n|upkeep\n|turn|13\n|l| spirefire\n|\n|t:|1700189770\n|-terastallize|p2a: Urshifu|Water\n|move|p2a: Urshifu|Surging Strikes|p1a: Sexy Fish\n|-resisted|p1a: Sexy Fish\n|-crit|p1a: Sexy Fish\n|-damage|p1a: Sexy Fish|0 fnt\n|faint|p1a: Sexy Fish\n|-hitcount|p1: Sexy Fish|1\n|\n|upkeep\n|\n|t:|1700189778\n|switch|p1a: Thunder Smash|Venusaur-Mega, F, shiny|75\/100\n|-damage|p1a: Thunder Smash|63\/100|[from] Stealth Rock\n|turn|14\n|\n|t:|1700189784\n|move|p2a: Urshifu|Surging Strikes|p1a: Thunder Smash\n|-resisted|p1a: Thunder Smash\n|-crit|p1a: Thunder Smash\n|-damage|p1a: Thunder Smash|41\/100\n|-resisted|p1a: Thunder Smash\n|-crit|p1a: Thunder Smash\n|-damage|p1a: Thunder Smash|21\/100\n|-resisted|p1a: Thunder Smash\n|-crit|p1a: Thunder Smash\n|-damage|p1a: Thunder Smash|1\/100\n|-hitcount|p1a: Thunder Smash|3\n|move|p1a: Thunder Smash|Giga Drain|p2a: Urshifu\n|-supereffective|p2a: Urshifu\n|-damage|p2a: Urshifu|0 fnt\n|-heal|p1a: Thunder Smash|32\/100|[from] drain|[of] p2a: Urshifu\n|faint|p2a: Urshifu\n|\n|upkeep\n|\n|t:|1700189794\n|switch|p2a: Basculegion|Basculegion-F, F|100\/100\n|turn|15\n|\n|t:|1700189799\n|move|p2a: Basculegion|Shadow Ball|p1a: Thunder Smash\n|-damage|p1a: Thunder Smash|0 fnt\n|faint|p1a: Thunder Smash\n|\n|upkeep\n|\n|t:|1700189806\n|switch|p1a: Unga Bunga|Great Tusk, shiny|100\/100\n|-damage|p1a: Unga Bunga|98\/100|[from] Stealth Rock\n|-enditem|p1a: Unga Bunga|Booster Energy\n|-activate|p1a: Unga Bunga|ability: Protosynthesis|[fromitem]\n|-start|p1a: Unga Bunga|protosynthesisatk\n|turn|16\n|\n|t:|1700189813\n|switch|p2a: Ferrothorn|Ferrothorn, M|40\/100\n|move|p1a: Unga Bunga|Headlong Rush|p2a: Ferrothorn\n|-damage|p2a: Ferrothorn|0 fnt\n|-unboost|p1a: Unga Bunga|def|1\n|-unboost|p1a: Unga Bunga|spd|1\n|-damage|p1a: Unga Bunga|85\/100|[from] ability: Iron Barbs|[of] p2a: Ferrothorn\n|faint|p2a: Ferrothorn\n|\n|upkeep\n|\n|t:|1700189815\n|switch|p2a: Basculegion|Basculegion-F, F|100\/100\n|turn|17\n|\n|t:|1700189826\n|move|p1a: Unga Bunga|Headlong Rush|p2a: Basculegion\n|-damage|p2a: Basculegion|0 fnt\n|-unboost|p1a: Unga Bunga|def|1\n|-unboost|p1a: Unga Bunga|spd|1\n|faint|p2a: Basculegion\n|\n|win|Jarl_jake\n|raw|Jarl_jake's rating: 1552 &rarr; <strong>1575<\/strong><br \/>(+23 for winning)\n|raw|llampis98's rating: 1603 &rarr; <strong>1580<\/strong><br \/>(-23 for losing)\n","uploadtime":1700189835,"views":14,"p1id":"jarljake","p2id":"llampis98","formatid":"gen9nationaldex","rating":1575,"private":0,"password":""}