{"id":"gen9nationaldex-1998112455","p1":"R.bean","p2":"Luke hen","format":"[Gen 9] National Dex","log":"|html|<div class=\"broadcast-blue\"><strong>[Gen 9] National Dex is currently suspecting Sneasler! For information on how to participate check out the <a href=\"https:\/\/www.smogon.com\/forums\/threads\/sv-national-dex-suspect-8-just-dance.3731534\/\">suspect thread<\/a>.<\/strong><\/div>\n|j|\u2606R.bean\n|j|\u2606Luke hen\n|t:|1700893476\n|gametype|singles\n|player|p1|R.bean|red|\n|player|p2|Luke hen|266|\n|teamsize|p1|6\n|teamsize|p2|6\n|gen|9\n|tier|[Gen 9] National Dex\n|rule|HP Percentage Mod: HP is shown in percentages\n|rule|Endless Battle Clause: Forcing endless battles is banned\n|rule|OHKO Clause: OHKO moves are banned\n|rule|Evasion Clause: Evasion abilities, items, and moves are banned\n|rule|Evasion Abilities Clause: Evasion abilities are banned\n|rule|Evasion Items Clause: Evasion items are banned\n|rule|Evasion Moves Clause: Evasion moves are banned\n|rule|Species Clause: Limit one of each Pok\u00e9mon\n|rule|Sleep Clause Mod: Limit one foe put to sleep\n|clearpoke\n|poke|p1|Exeggutor-Alola, M|\n|poke|p1|Goodra-Hisui, M|\n|poke|p1|Regidrago|\n|poke|p1|Cyclizar, F|\n|poke|p1|Dragonite, M|\n|poke|p1|Tyrantrum, M|\n|poke|p2|Sandile, F|\n|poke|p2|Sableye, F|\n|poke|p2|Honchkrow, M|\n|poke|p2|Malamar, M|\n|poke|p2|Scrafty, M|\n|poke|p2|Greninja-*, M|\n|teampreview\n|\n|t:|1700893484\n|start\n|switch|p1a: Goodra|Goodra-Hisui, M|100\/100\n|switch|p2a: Honchkrow|Honchkrow, M|100\/100\n|turn|1\n|\n|t:|1700893511\n|move|p2a: Honchkrow|Drill Peck|p1a: Goodra\n|-resisted|p1a: Goodra\n|-damage|p1a: Goodra|83\/100\n|move|p1a: Goodra|Curse|p1a: Goodra\n|-unboost|p1a: Goodra|spe|1\n|-boost|p1a: Goodra|atk|1\n|-boost|p1a: Goodra|def|1\n|\n|upkeep\n|turn|2\n|\n|t:|1700893529\n|move|p2a: Honchkrow|Nasty Plot|p2a: Honchkrow\n|-boost|p2a: Honchkrow|spa|2\n|move|p1a: Goodra|Curse|p1a: Goodra\n|-unboost|p1a: Goodra|spe|1\n|-boost|p1a: Goodra|atk|1\n|-boost|p1a: Goodra|def|1\n|\n|upkeep\n|turn|3\n|\n|t:|1700893540\n|move|p2a: Honchkrow|Dark Pulse|p1a: Goodra\n|-damage|p1a: Goodra|38\/100\n|move|p1a: Goodra|Dragon Tail|p2a: Honchkrow\n|-damage|p2a: Honchkrow|16\/100\n|drag|p2a: Sableye|Sableye, F|100\/100\n|\n|upkeep\n|turn|4\n|\n|t:|1700893551\n|move|p2a: Sableye|Sucker Punch|p1a: Goodra\n|-damage|p1a: Goodra|27\/100\n|move|p1a: Goodra|Dragon Tail|p2a: Sableye\n|-damage|p2a: Sableye|23\/100\n|drag|p2a: Honchkrow|Honchkrow, M|16\/100\n|\n|upkeep\n|turn|5\n|\n|t:|1700893560\n|move|p2a: Honchkrow|Dark Pulse|p1a: Goodra\n|-damage|p1a: Goodra|5\/100\n|-enditem|p1a: Goodra|Aguav Berry|[eat]\n|-heal|p1a: Goodra|39\/100|[from] item: Aguav Berry\n|move|p1a: Goodra|Gyro Ball|p2a: Honchkrow\n|-crit|p2a: Honchkrow\n|-damage|p2a: Honchkrow|0 fnt\n|faint|p2a: Honchkrow\n|\n|upkeep\n|\n|t:|1700893577\n|switch|p2a: Sableye|Sableye, F|23\/100\n|turn|6\n|\n|t:|1700893585\n|move|p2a: Sableye|Shadow Claw|p1a: Goodra\n|-crit|p1a: Goodra\n|-damage|p1a: Goodra|9\/100\n|move|p1a: Goodra|Dragon Tail|p2a: Sableye\n|-damage|p2a: Sableye|0 fnt\n|faint|p2a: Sableye\n|\n|upkeep\n|\n|t:|1700893592\n|switch|p2a: Scrafty|Scrafty, M|100\/100\n|turn|7\n|\n|t:|1700893596\n|move|p2a: Scrafty|Close Combat|p1a: Goodra\n|-supereffective|p1a: Goodra\n|-damage|p1a: Goodra|0 fnt\n|-unboost|p2a: Scrafty|def|1\n|-unboost|p2a: Scrafty|spd|1\n|faint|p1a: Goodra\n|-ability|p2a: Scrafty|Moxie|boost\n|-boost|p2a: Scrafty|atk|1\n|\n|upkeep\n|\n|t:|1700893606\n|switch|p1a: Dragonite|Dragonite, M|100\/100\n|turn|8\n|\n|t:|1700893627\n|switch|p2a: Malamar|Malamar, M|100\/100\n|move|p1a: Dragonite|Dragon Dance|p1a: Dragonite\n|-boost|p1a: Dragonite|atk|1\n|-boost|p1a: Dragonite|spe|1\n|\n|upkeep\n|turn|9\n|\n|t:|1700893639\n|move|p1a: Dragonite|Dragon Dance|p1a: Dragonite\n|-boost|p1a: Dragonite|atk|1\n|-boost|p1a: Dragonite|spe|1\n|move|p2a: Malamar|Psychic|p1a: Dragonite\n|-damage|p1a: Dragonite|84\/100\n|\n|upkeep\n|turn|10\n|\n|t:|1700893652\n|move|p1a: Dragonite|Outrage|p2a: Malamar\n|-damage|p2a: Malamar|0 fnt\n|faint|p2a: Malamar\n|\n|upkeep\n|\n|t:|1700893659\n|switch|p2a: Scrafty|Scrafty, M|100\/100\n|turn|11\n|\n|t:|1700893664\n|move|p1a: Dragonite|Outrage|p2a: Scrafty|[from]lockedmove\n|-damage|p2a: Scrafty|0 fnt\n|faint|p2a: Scrafty\n|-start|p1a: Dragonite|confusion|[fatigue]\n|-enditem|p1a: Dragonite|Lum Berry|[eat]\n|-end|p1a: Dragonite|confusion\n|\n|upkeep\n|\n|t:|1700893671\n|switch|p2a: Greninja|Greninja, M|100\/100\n|turn|12\n|\n|t:|1700893680\n|-terastallize|p2a: Greninja|Water\n|move|p1a: Dragonite|Outrage|p2a: Greninja\n|-damage|p2a: Greninja|0 fnt\n|faint|p2a: Greninja\n|\n|upkeep\n|\n|t:|1700893686\n|switch|p2a: Sandile|Sandile, F|100\/100\n|turn|13\n|\n|t:|1700893690\n|move|p1a: Dragonite|Outrage|p2a: Sandile|[from]lockedmove\n|-damage|p2a: Sandile|0 fnt\n|faint|p2a: Sandile\n|-start|p1a: Dragonite|confusion|[fatigue]\n|\n|win|R.bean\n|l|\u2606Luke hen\n","uploadtime":1700893762,"views":29,"p1id":"rbean","p2id":"lukehen","formatid":"gen9nationaldex","rating":0,"private":0,"password":""}