{"id":"gen9nationaldex-1990625157","p1":"Kaka Real Madrid","p2":"DarkSeid012","format":"[Gen 9] National Dex","log":"|j|\u2606Kaka Real Madrid\n|j|\u2606DarkSeid012\n|t:|1699986716\n|gametype|singles\n|player|p1|Kaka Real Madrid|striker|1280\n|player|p2|DarkSeid012|red|1206\n|teamsize|p1|6\n|teamsize|p2|6\n|gen|9\n|tier|[Gen 9] National Dex\n|rated|\n|rule|HP Percentage Mod: HP is shown in percentages\n|rule|Endless Battle Clause: Forcing endless battles is banned\n|rule|OHKO Clause: OHKO moves are banned\n|rule|Evasion Clause: Evasion abilities, items, and moves are banned\n|rule|Evasion Abilities Clause: Evasion abilities are banned\n|rule|Evasion Items Clause: Evasion items are banned\n|rule|Evasion Moves Clause: Evasion moves are banned\n|rule|Species Clause: Limit one of each Pok\u00e9mon\n|rule|Sleep Clause Mod: Limit one foe put to sleep\n|clearpoke\n|poke|p1|Toxapex, M|\n|poke|p1|Salamence, M|\n|poke|p1|Skeledirge, M|\n|poke|p1|Landorus-Therian, M|\n|poke|p1|Enamorus, F|\n|poke|p1|Skarmory, M|\n|poke|p2|Beartic, M|\n|poke|p2|Rillaboom, M|\n|poke|p2|Metagross|\n|poke|p2|Politoed, M|\n|poke|p2|Krookodile, F|\n|poke|p2|Feraligatr, F|\n|teampreview\n|\n|t:|1699986728\n|start\n|switch|p1a: Landorus|Landorus-Therian, M|100\/100\n|switch|p2a: Metagross|Metagross|100\/100\n|-ability|p1a: Landorus|Intimidate|boost\n|-fail|p2a: Metagross|unboost|[from] ability: Clear Body|[of] p2a: Metagross\n|turn|1\n|\n|t:|1699986732\n|move|p1a: Landorus|Earthquake|p2a: Metagross\n|-supereffective|p2a: Metagross\n|-damage|p2a: Metagross|13\/100\n|move|p2a: Metagross|Ice Punch|p1a: Landorus\n|-supereffective|p1a: Landorus\n|-damage|p1a: Landorus|0 fnt\n|faint|p1a: Landorus\n|\n|upkeep\n|\n|t:|1699986738\n|switch|p1a: Salamence|Salamence, M|100\/100\n|turn|2\n|\n|t:|1699986745\n|-terastallize|p1a: Salamence|Fire\n|move|p1a: Salamence|Dragon Dance|p1a: Salamence\n|-boost|p1a: Salamence|atk|1\n|-boost|p1a: Salamence|spe|1\n|move|p2a: Metagross|Ice Punch|p1a: Salamence\n|-resisted|p1a: Salamence\n|-damage|p1a: Salamence|83\/100\n|\n|upkeep\n|turn|3\n|\n|t:|1699986752\n|move|p1a: Salamence|Earthquake|p2a: Metagross\n|-supereffective|p2a: Metagross\n|-damage|p2a: Metagross|0 fnt\n|faint|p2a: Metagross\n|-ability|p1a: Salamence|Moxie|boost\n|-boost|p1a: Salamence|atk|1\n|\n|upkeep\n|\n|t:|1699986756\n|switch|p2a: Politoed|Politoed, M|100\/100\n|-weather|RainDance|[from] ability: Drizzle|[of] p2a: Politoed\n|turn|4\n|\n|t:|1699986761\n|move|p1a: Salamence|Dragon Claw|p2a: Politoed\n|-damage|p2a: Politoed|10\/100\n|move|p2a: Politoed|Scald|p1a: Salamence\n|-supereffective|p1a: Salamence\n|-damage|p1a: Salamence|0 fnt\n|faint|p1a: Salamence\n|\n|-weather|RainDance|[upkeep]\n|upkeep\n|c|\u2606DarkSeid012|rip\n|\n|t:|1699986770\n|switch|p1a: Enamorus|Enamorus, F|100\/100\n|turn|5\n|c|\u2606DarkSeid012|you fucking beast politoed\n|inactive|Battle timer is ON: inactive players will automatically lose when time's up. (requested by Kaka Real Madrid)\n|\n|t:|1699986779\n|switch|p2a: Beartic|Beartic, M|100\/100\n|move|p1a: Enamorus|Superpower|p2a: Beartic\n|-supereffective|p2a: Beartic\n|-damage|p2a: Beartic|29\/100\n|-boost|p1a: Enamorus|atk|1\n|-boost|p1a: Enamorus|def|1\n|\n|-weather|RainDance|[upkeep]\n|upkeep\n|turn|6\n|\n|t:|1699986786\n|switch|p1a: Toxapex|Toxapex, M|100\/100\n|move|p2a: Beartic|Ice Punch|p1a: Toxapex\n|-resisted|p1a: Toxapex\n|-damage|p1a: Toxapex|77\/100\n|-damage|p2a: Beartic|12\/100|[from] item: Rocky Helmet|[of] p1a: Toxapex\n|\n|-weather|RainDance|[upkeep]\n|upkeep\n|turn|7\n|\n|t:|1699986792\n|switch|p2a: Krookodile|Krookodile, F|100\/100\n|-ability|p2a: Krookodile|Intimidate|boost\n|-unboost|p1a: Toxapex|atk|1\n|move|p1a: Toxapex|Scald|p2a: Krookodile\n|-supereffective|p2a: Krookodile\n|-damage|p2a: Krookodile|62\/100\n|\n|-weather|RainDance|[upkeep]\n|upkeep\n|turn|8\n|\n|t:|1699986800\n|switch|p1a: Skarmory|Skarmory, M|100\/100\n|move|p2a: Krookodile|Knock Off|p1a: Skarmory\n|-damage|p1a: Skarmory|78\/100\n|-enditem|p1a: Skarmory|Heavy-Duty Boots|[from] move: Knock Off|[of] p2a: Krookodile\n|\n|-weather|RainDance|[upkeep]\n|upkeep\n|turn|9\n|\n|t:|1699986805\n|switch|p2a: Feraligatr|Feraligatr, F|100\/100\n|move|p1a: Skarmory|Roost|p1a: Skarmory\n|-heal|p1a: Skarmory|100\/100\n|-singleturn|p1a: Skarmory|move: Roost\n|\n|-weather|RainDance|[upkeep]\n|upkeep\n|turn|10\n|\n|t:|1699986812\n|move|p2a: Feraligatr|Dragon Dance|p2a: Feraligatr\n|-boost|p2a: Feraligatr|atk|1\n|-boost|p2a: Feraligatr|spe|1\n|move|p1a: Skarmory|Spikes|p2a: Feraligatr\n|-sidestart|p2: DarkSeid012|Spikes\n|\n|-weather|RainDance|[upkeep]\n|upkeep\n|turn|11\n|\n|t:|1699986818\n|move|p2a: Feraligatr|Liquidation|p1a: Skarmory\n|-damage|p1a: Skarmory|21\/100\n|move|p1a: Skarmory|Counter|p2a: Feraligatr\n|-damage|p2a: Feraligatr|0 fnt\n|faint|p2a: Feraligatr\n|\n|-weather|none\n|upkeep\n|\n|t:|1699986826\n|switch|p2a: Politoed|Politoed, M|10\/100\n|-damage|p2a: Politoed|0 fnt|[from] Spikes\n|faint|p2a: Politoed\n|\n|t:|1699986827\n|switch|p2a: Krookodile|Krookodile, F|62\/100\n|-damage|p2a: Krookodile|50\/100|[from] Spikes\n|-ability|p2a: Krookodile|Intimidate|boost\n|-unboost|p1a: Skarmory|atk|1\n|turn|12\n|\n|t:|1699986835\n|move|p2a: Krookodile|Close Combat|p1a: Skarmory\n|-damage|p1a: Skarmory|2\/100\n|-unboost|p2a: Krookodile|def|1\n|-unboost|p2a: Krookodile|spd|1\n|move|p1a: Skarmory|Roost|p1a: Skarmory\n|-heal|p1a: Skarmory|52\/100\n|-singleturn|p1a: Skarmory|move: Roost\n|\n|upkeep\n|turn|13\n|c|\u2606DarkSeid012|welp gg\n|c|\u2606Kaka Real Madrid|rip\n|c|\u2606DarkSeid012|dont know abt that one lol\n|c|\u2606DarkSeid012|gg\n|-message|DarkSeid012 forfeited.\n|\n|win|Kaka Real Madrid\n|raw|Kaka Real Madrid's rating: 1280 &rarr; <strong>1300<\/strong><br \/>(+20 for winning)\n|raw|DarkSeid012's rating: 1206 &rarr; <strong>1186<\/strong><br \/>(-20 for losing)\n|l|\u2606DarkSeid012\n","uploadtime":1699986776,"views":4,"p1id":"kakarealmadrid","p2id":"darkseid012","formatid":"gen9nationaldex","rating":1186,"private":0,"password":""}