{"id":"gen9nationaldex-1993096115","p1":"SlamOnyx","p2":"Maxer59","format":"[Gen 9] National Dex","log":"|j|\u2606SlamOnyx\n|j|\u2606Maxer59\n|t:|1700264284\n|gametype|singles\n|player|p1|SlamOnyx|volo|1126\n|player|p2|Maxer59|lucas|1202\n|teamsize|p1|6\n|teamsize|p2|6\n|gen|9\n|tier|[Gen 9] National Dex\n|rated|\n|rule|HP Percentage Mod: HP is shown in percentages\n|rule|Endless Battle Clause: Forcing endless battles is banned\n|rule|OHKO Clause: OHKO moves are banned\n|rule|Evasion Clause: Evasion abilities, items, and moves are banned\n|rule|Evasion Abilities Clause: Evasion abilities are banned\n|rule|Evasion Items Clause: Evasion items are banned\n|rule|Evasion Moves Clause: Evasion moves are banned\n|rule|Species Clause: Limit one of each Pok\u00e9mon\n|rule|Sleep Clause Mod: Limit one foe put to sleep\n|clearpoke\n|poke|p1|Natu, F|\n|poke|p1|Araquanid, M|\n|poke|p1|Manectric, M|\n|poke|p1|Unfezant, M|\n|poke|p1|Starmie|\n|poke|p1|Brionne, M|\n|poke|p2|Politoed, M|\n|poke|p2|Floatzel, F|\n|poke|p2|Indeedee, M|\n|poke|p2|Espeon, M|\n|poke|p2|Salamence, M|\n|poke|p2|Hydreigon, M|\n|teampreview\n|inactive|Battle timer is ON: inactive players will automatically lose when time's up. (requested by SlamOnyx)\n|inactive|Maxer59 also wants the timer to be on.\n|c|\u2606SlamOnyx|Natu\n|\n|t:|1700264301\n|start\n|switch|p1a: Natu|Natu, F|100\/100\n|switch|p2a: Politoed|Politoed, M|100\/100\n|-weather|RainDance|[from] ability: Drizzle|[of] p2a: Politoed\n|turn|1\n|\n|t:|1700264309\n|move|p1a: Natu|Calm Mind|p1a: Natu\n|-boost|p1a: Natu|spa|1\n|-boost|p1a: Natu|spd|1\n|move|p2a: Politoed|Weather Ball|p1a: Natu\n|-damage|p1a: Natu|31\/100\n|\n|-weather|RainDance|[upkeep]\n|upkeep\n|turn|2\n|\n|t:|1700264312\n|move|p1a: Natu|Expanding Force|p2a: Politoed\n|-damage|p2a: Politoed|58\/100\n|move|p2a: Politoed|Weather Ball|p1a: Natu\n|-damage|p1a: Natu|0 fnt\n|faint|p1a: Natu\n|\n|-weather|RainDance|[upkeep]\n|upkeep\n|\n|t:|1700264319\n|switch|p1a: Unfezant|Unfezant, M|100\/100\n|turn|3\n|\n|t:|1700264322\n|move|p1a: Unfezant|Hurricane|p2a: Politoed\n|-damage|p2a: Politoed|28\/100\n|move|p2a: Politoed|Weather Ball|p1a: Unfezant\n|-damage|p1a: Unfezant|0 fnt\n|faint|p1a: Unfezant\n|\n|-weather|RainDance|[upkeep]\n|upkeep\n|\n|t:|1700264327\n|switch|p1a: Araquanid|Araquanid, M|100\/100\n|turn|4\n|\n|t:|1700264330\n|switch|p2a: Indeedee|Indeedee, M|100\/100\n|-fieldstart|move: Psychic Terrain|[from] ability: Psychic Surge|[of] p2a: Indeedee\n|move|p1a: Araquanid|Scald|p2a: Indeedee\n|-damage|p2a: Indeedee|0 fnt\n|faint|p2a: Indeedee\n|\n|-weather|RainDance|[upkeep]\n|upkeep\n|\n|t:|1700264334\n|switch|p2a: Salamence|Salamence, M|100\/100\n|turn|5\n|\n|t:|1700264339\n|move|p2a: Salamence|Dual Wingbeat|p1a: Araquanid\n|-supereffective|p1a: Araquanid\n|-damage|p1a: Araquanid|50\/100\n|-supereffective|p1a: Araquanid\n|-damage|p1a: Araquanid|6\/100\n|-hitcount|p1a: Araquanid|2\n|move|p1a: Araquanid|Scald|p2a: Salamence\n|-resisted|p2a: Salamence\n|-damage|p2a: Salamence|61\/100\n|\n|-weather|RainDance|[upkeep]\n|upkeep\n|turn|6\n|\n|t:|1700264346\n|move|p2a: Salamence|Dragon Claw|p1a: Araquanid\n|-damage|p1a: Araquanid|0 fnt\n|faint|p1a: Araquanid\n|-ability|p2a: Salamence|Moxie|boost\n|-boost|p2a: Salamence|atk|1\n|\n|-weather|RainDance|[upkeep]\n|upkeep\n|\n|t:|1700264350\n|switch|p1a: Starmie|Starmie|100\/100\n|turn|7\n|\n|t:|1700264357\n|move|p2a: Salamence|Dragon Claw|p1a: Starmie\n|-damage|p1a: Starmie|9\/100\n|move|p1a: Starmie|Expanding Force|p2a: Salamence\n|-damage|p2a: Salamence|0 fnt\n|faint|p2a: Salamence\n|\n|-weather|RainDance|[upkeep]\n|upkeep\n|\n|t:|1700264366\n|switch|p2a: Floatzel|Floatzel, F|100\/100\n|turn|8\n|\n|t:|1700264371\n|move|p2a: Floatzel|Flip Turn|p1a: Starmie\n|-resisted|p1a: Starmie\n|-damage|p1a: Starmie|0 fnt\n|faint|p1a: Starmie\n|\n|t:|1700264375\n|switch|p2a: Espeon|Espeon, M|100\/100|[from] Flip Turn\n|\n|-weather|none\n|upkeep\n|\n|t:|1700264378\n|switch|p1a: Brionne|Brionne, M|100\/100\n|turn|9\n|\n|t:|1700264386\n|move|p2a: Espeon|Expanding Force|p1a: Brionne\n|-damage|p1a: Brionne|0 fnt\n|faint|p1a: Brionne\n|\n|upkeep\n|\n|t:|1700264388\n|switch|p1a: Manectric|Manectric, M|100\/100\n|turn|10\n|\n|t:|1700264391\n|detailschange|p1a: Manectric|Manectric-Mega, M\n|-mega|p1a: Manectric|Manectric|Manectite\n|-ability|p1a: Manectric|Intimidate|boost\n|-unboost|p2a: Espeon|atk|1\n|move|p1a: Manectric|Psychic Fangs|p2a: Espeon\n|-resisted|p2a: Espeon\n|-damage|p2a: Espeon|75\/100\n|move|p2a: Espeon|Expanding Force|p1a: Manectric\n|-damage|p1a: Manectric|0 fnt\n|faint|p1a: Manectric\n|\n|win|Maxer59\n|raw|SlamOnyx's rating: 1126 &rarr; <strong>1106<\/strong><br \/>(-20 for losing)\n|raw|Maxer59's rating: 1202 &rarr; <strong>1222<\/strong><br \/>(+20 for winning)\n|l|\u2606SlamOnyx\n","uploadtime":1700264403,"views":7,"p1id":"slamonyx","p2id":"maxer59","formatid":"gen9nationaldex","rating":1106,"private":0,"password":""}