{"id":"gen9nationaldex-1997965742","p1":"reallyblue","p2":"SrPorquet","format":"[Gen 9] National Dex","log":"|html|<div class=\"broadcast-blue\"><strong>[Gen 9] National Dex is currently suspecting Sneasler! For information on how to participate check out the <a href=\"https:\/\/www.smogon.com\/forums\/threads\/sv-national-dex-suspect-8-just-dance.3731534\/\">suspect thread<\/a>.<\/strong><\/div>\n|j|\u2606reallyblue\n|j|\u203dSrPorquet\n|t:|1700873076\n|gametype|singles\n|player|p1|reallyblue|cynthia-gen4|1420\n|player|p2|SrPorquet|falkner|1350\n|teamsize|p1|6\n|teamsize|p2|6\n|gen|9\n|tier|[Gen 9] National Dex\n|rated|\n|rule|HP Percentage Mod: HP is shown in percentages\n|rule|Endless Battle Clause: Forcing endless battles is banned\n|rule|OHKO Clause: OHKO moves are banned\n|rule|Evasion Clause: Evasion abilities, items, and moves are banned\n|rule|Evasion Abilities Clause: Evasion abilities are banned\n|rule|Evasion Items Clause: Evasion items are banned\n|rule|Evasion Moves Clause: Evasion moves are banned\n|rule|Species Clause: Limit one of each Pok\u00e9mon\n|rule|Sleep Clause Mod: Limit one foe put to sleep\n|clearpoke\n|poke|p1|Ursaluna, M|\n|poke|p1|Alomomola, M|\n|poke|p1|Garchomp, F|\n|poke|p1|Moltres|\n|poke|p1|Tapu Koko|\n|poke|p1|Latios, M|\n|poke|p2|Pidgeot, M|\n|poke|p2|Magmortar, M|\n|poke|p2|Raichu, F|\n|poke|p2|Clefable, M|\n|poke|p2|Vileplume, M|\n|poke|p2|Politoed, M|\n|teampreview\n|inactive|Battle timer is ON: inactive players will automatically lose when time's up. (requested by reallyblue)\n|\n|t:|1700873087\n|start\n|switch|p1a: Tapu Koko|Tapu Koko|100\/100\n|switch|p2a: Politoed|Politoed, M|100\/100\n|-fieldstart|move: Electric Terrain|[from] ability: Electric Surge|[of] p1a: Tapu Koko\n|turn|1\n|\n|t:|1700873097\n|-terastallize|p2a: Politoed|Ground\n|move|p1a: Tapu Koko|Volt Switch|p2a: Politoed\n|-immune|p2a: Politoed\n|move|p2a: Politoed|Earth Power|p1a: Tapu Koko\n|-supereffective|p1a: Tapu Koko\n|-damage|p1a: Tapu Koko|0 fnt\n|faint|p1a: Tapu Koko\n|\n|upkeep\n|\n|t:|1700873106\n|switch|p1a: Alomomola|Alomomola, M|100\/100\n|turn|2\n|\n|t:|1700873117\n|move|p2a: Politoed|Earth Power|p1a: Alomomola\n|-damage|p1a: Alomomola|58\/100\n|-unboost|p1a: Alomomola|spd|1\n|move|p1a: Alomomola|Flip Turn|p2a: Politoed\n|-immune|p2a: Politoed|[from] ability: Water Absorb\n|\n|upkeep\n|turn|3\n|\n|t:|1700873128\n|switch|p1a: Latios|Latios, M|100\/100\n|move|p2a: Politoed|Ice Beam|p1a: Latios\n|-supereffective|p1a: Latios\n|-damage|p1a: Latios|48\/100\n|\n|upkeep\n|turn|4\n|\n|t:|1700873136\n|detailschange|p1a: Latios|Latios-Mega, M\n|-mega|p1a: Latios|Latios|Latiosite\n|move|p1a: Latios|Ice Beam|p2a: Politoed\n|-supereffective|p2a: Politoed\n|-damage|p2a: Politoed|30\/100\n|move|p2a: Politoed|Ice Beam|p1a: Latios\n|-supereffective|p1a: Latios\n|-damage|p1a: Latios|5\/100\n|\n|-heal|p2a: Politoed|36\/100|[from] item: Leftovers\n|upkeep\n|turn|5\n|\n|t:|1700873145\n|switch|p2a: Magmortar|Magmortar, M|100\/100\n|move|p1a: Latios|Ice Beam|p2a: Magmortar\n|-resisted|p2a: Magmortar\n|-damage|p2a: Magmortar|78\/100\n|\n|-fieldend|move: Electric Terrain\n|upkeep\n|turn|6\n|\n|t:|1700873152\n|move|p1a: Latios|Draco Meteor|p2a: Magmortar\n|-damage|p2a: Magmortar|0 fnt\n|-unboost|p1a: Latios|spa|2\n|faint|p2a: Magmortar\n|\n|upkeep\n|\n|t:|1700873155\n|switch|p2a: Raichu|Raichu, F|100\/100\n|turn|7\n|\n|t:|1700873160\n|move|p1a: Latios|Draco Meteor|p2a: Raichu\n|-damage|p2a: Raichu|40\/100\n|-unboost|p1a: Latios|spa|2\n|move|p2a: Raichu|Play Rough|p1a: Latios\n|-supereffective|p1a: Latios\n|-damage|p1a: Latios|0 fnt\n|faint|p1a: Latios\n|-damage|p2a: Raichu|30\/100|[from] item: Life Orb\n|\n|upkeep\n|\n|t:|1700873170\n|switch|p1a: Garchomp|Garchomp, F|100\/100\n|turn|8\n|\n|t:|1700873174\n|move|p1a: Garchomp|Outrage|p2a: Raichu\n|-damage|p2a: Raichu|0 fnt\n|faint|p2a: Raichu\n|\n|upkeep\n|\n|t:|1700873176\n|switch|p2a: Clefable|Clefable, M|100\/100\n|turn|9\n|\n|t:|1700873180\n|move|p1a: Garchomp|Outrage|p2a: Clefable|[from]lockedmove\n|-immune|p2a: Clefable\n|-start|p1a: Garchomp|confusion|[fatigue]\n|move|p2a: Clefable|Moonblast|p1a: Garchomp\n|-supereffective|p1a: Garchomp\n|-damage|p1a: Garchomp|8\/100\n|-unboost|p1a: Garchomp|spa|1\n|\n|upkeep\n|turn|10\n|\n|t:|1700873189\n|switch|p1a: Ursaluna|Ursaluna, M|100\/100\n|move|p2a: Clefable|Moonblast|p1a: Ursaluna\n|-damage|p1a: Ursaluna|69\/100\n|\n|-status|p1a: Ursaluna|brn|[from] item: Flame Orb\n|upkeep\n|turn|11\n|\n|t:|1700873196\n|move|p2a: Clefable|Moonblast|p1a: Ursaluna\n|-damage|p1a: Ursaluna|37\/100 brn\n|move|p1a: Ursaluna|Facade|p2a: Clefable\n|-damage|p2a: Clefable|8\/100\n|\n|-damage|p1a: Ursaluna|30\/100 brn|[from] brn\n|upkeep\n|turn|12\n|\n|t:|1700873205\n|switch|p1a: Moltres|Moltres|100\/100\n|move|p2a: Clefable|Soft-Boiled|p2a: Clefable\n|-heal|p2a: Clefable|59\/100\n|\n|upkeep\n|turn|13\n|\n|t:|1700873210\n|move|p1a: Moltres|Flamethrower|p2a: Clefable\n|-damage|p2a: Clefable|25\/100\n|move|p2a: Clefable|Calm Mind|p2a: Clefable\n|-boost|p2a: Clefable|spa|1\n|-boost|p2a: Clefable|spd|1\n|\n|upkeep\n|turn|14\n|\n|t:|1700873216\n|move|p1a: Moltres|Flamethrower|p2a: Clefable\n|-damage|p2a: Clefable|0 fnt\n|faint|p2a: Clefable\n|\n|upkeep\n|\n|t:|1700873218\n|switch|p2a: Pidgeot|Pidgeot, M|100\/100\n|turn|15\n|\n|t:|1700873225\n|detailschange|p2a: Pidgeot|Pidgeot-Mega, M\n|-mega|p2a: Pidgeot|Pidgeot|Pidgeotite\n|move|p2a: Pidgeot|Hurricane|p1a: Moltres\n|-damage|p1a: Moltres|41\/100\n|move|p1a: Moltres|Flamethrower|p2a: Pidgeot\n|-damage|p2a: Pidgeot|52\/100\n|-status|p2a: Pidgeot|brn\n|\n|-damage|p2a: Pidgeot|46\/100 brn|[from] brn\n|upkeep\n|turn|16\n|\n|t:|1700873235\n|move|p2a: Pidgeot|Hurricane|p1a: Moltres\n|-damage|p1a: Moltres|0 fnt\n|faint|p1a: Moltres\n|\n|-damage|p2a: Pidgeot|40\/100 brn|[from] brn\n|upkeep\n|\n|t:|1700873240\n|switch|p1a: Garchomp|Garchomp, F|8\/100\n|turn|17\n|\n|t:|1700873244\n|-terastallize|p1a: Garchomp|Ice\n|move|p1a: Garchomp|Tera Blast|p2a: Pidgeot|[anim] Tera Blast Ice\n|-supereffective|p2a: Pidgeot\n|-damage|p2a: Pidgeot|0 fnt\n|faint|p2a: Pidgeot\n|\n|upkeep\n|\n|t:|1700873248\n|switch|p2a: Vileplume|Vileplume, M|100\/100\n|turn|18\n|\n|t:|1700873252\n|move|p1a: Garchomp|Tera Blast|p2a: Vileplume|[anim] Tera Blast Ice\n|-supereffective|p2a: Vileplume\n|-damage|p2a: Vileplume|15\/100\n|move|p2a: Vileplume|Giga Drain|p1a: Garchomp\n|-damage|p1a: Garchomp|0 fnt\n|-heal|p2a: Vileplume|19\/100|[from] drain|[of] p1a: Garchomp\n|faint|p1a: Garchomp\n|\n|-heal|p2a: Vileplume|25\/100|[from] item: Leftovers\n|upkeep\n|\n|t:|1700873261\n|switch|p1a: Ursaluna|Ursaluna, M|30\/100 brn\n|turn|19\n|\n|t:|1700873264\n|move|p2a: Vileplume|Giga Drain|p1a: Ursaluna\n|-supereffective|p1a: Ursaluna\n|-damage|p1a: Ursaluna|0 fnt\n|-heal|p2a: Vileplume|46\/100|[from] drain|[of] p1a: Ursaluna\n|faint|p1a: Ursaluna\n|\n|-heal|p2a: Vileplume|52\/100|[from] item: Leftovers\n|upkeep\n|-message|reallyblue forfeited.\n|\n|win|SrPorquet\n|raw|reallyblue's rating: 1420 &rarr; <strong>1395<\/strong><br \/>(-25 for losing)\n|raw|SrPorquet's rating: 1325 &rarr; <strong>1350<\/strong><br \/>(+25 for winning)\n|l|\u2606reallyblue\n","uploadtime":1700873272,"views":16,"p1id":"reallyblue","p2id":"srporquet","formatid":"gen9nationaldex","rating":1350,"private":0,"password":""}