{"id":"gen9nationaldex-1993275635","p1":"Fr0z3nnova","p2":"the bugcatcher pr","format":"[Gen 9] National Dex","log":"|j|\u2606Fr0z3nnova\n|j|\u2606the bugcatcher pr\n|t:|1700288547\n|gametype|singles\n|player|p1|Fr0z3nnova|bruno|\n|player|p2|the bugcatcher pr|sabrina|\n|teamsize|p1|6\n|teamsize|p2|6\n|gen|9\n|tier|[Gen 9] National Dex\n|rule|HP Percentage Mod: HP is shown in percentages\n|rule|Endless Battle Clause: Forcing endless battles is banned\n|rule|OHKO Clause: OHKO moves are banned\n|rule|Evasion Clause: Evasion abilities, items, and moves are banned\n|rule|Evasion Abilities Clause: Evasion abilities are banned\n|rule|Evasion Items Clause: Evasion items are banned\n|rule|Evasion Moves Clause: Evasion moves are banned\n|rule|Species Clause: Limit one of each Pok\u00e9mon\n|rule|Sleep Clause Mod: Limit one foe put to sleep\n|clearpoke\n|poke|p1|Scizor, M|\n|poke|p1|Buzzwole|\n|poke|p1|Araquanid, F|\n|poke|p1|Volcarona, M|\n|poke|p1|Galvantula, F|\n|poke|p1|Kleavor, F|\n|poke|p2|Vikavolt, M|\n|poke|p2|Volcarona, F|\n|poke|p2|Araquanid, M|\n|poke|p2|Scizor, M|\n|poke|p2|Centiskorch, F|\n|poke|p2|Buzzwole|\n|teampreview\n|c|\u2606the bugcatcher pr|yes\n|c|\u2606the bugcatcher pr|thank u\n|c|\u2606the bugcatcher pr|i love this\n|c|\u2606Fr0z3nnova|i had one too xd haha\n|c|\u2606the bugcatcher pr|whoever wins\n|c|\u2606the bugcatcher pr|bugs win\n|\n|t:|1700288576\n|start\n|switch|p1a: Araquanid|Araquanid, F, shiny|100\/100\n|switch|p2a: Cless|Scizor, M|100\/100\n|turn|1\n|\n|t:|1700288581\n|detailschange|p2a: Cless|Scizor-Mega, M\n|-mega|p2a: Cless|Scizor|Scizorite\n|move|p2a: Cless|Aerial Ace|p1a: Araquanid\n|-supereffective|p1a: Araquanid\n|-damage|p1a: Araquanid|17\/100\n|move|p1a: Araquanid|Liquidation|p2a: Cless\n|-damage|p2a: Cless|59\/100\n|\n|upkeep\n|turn|2\n|\n|t:|1700288590\n|move|p2a: Cless|Swords Dance|p2a: Cless\n|-boost|p2a: Cless|atk|2\n|move|p1a: Araquanid|Sticky Web|p2a: Cless\n|-sidestart|p2: the bugcatcher pr|move: Sticky Web\n|\n|upkeep\n|turn|3\n|\n|t:|1700288595\n|move|p2a: Cless|Aerial Ace|p1a: Araquanid\n|-supereffective|p1a: Araquanid\n|-damage|p1a: Araquanid|0 fnt\n|faint|p1a: Araquanid\n|\n|upkeep\n|\n|t:|1700288609\n|switch|p1a: Galvantula|Galvantula, F|100\/100\n|turn|4\n|c|\u2606the bugcatcher pr|idc about no webbs\n|c|\u2606the bugcatcher pr|im comfy on them\n|\n|t:|1700288628\n|switch|p2a: Piwi|Vikavolt, M, shiny|100\/100\n|move|p1a: Galvantula|Thunder|p2a: Piwi\n|-resisted|p2a: Piwi\n|-damage|p2a: Piwi|84\/100\n|\n|upkeep\n|turn|5\n|c|\u2606Fr0z3nnova|why no dual wingbeat\n|c|\u2606the bugcatcher pr|bec it misses\n|c|\u2606the bugcatcher pr|also ace is pretty strong\n|c|\u2606the bugcatcher pr|90 pow\n|\n|t:|1700288656\n|move|p1a: Galvantula|Volt Switch|p2a: Piwi\n|-resisted|p2a: Piwi\n|-damage|p2a: Piwi|72\/100\n|\n|t:|1700288662\n|switch|p1a: Kleavor|Kleavor, F|100\/100|[from] Volt Switch\n|move|p2a: Piwi|Mud Shot|p1a: Kleavor\n|-damage|p1a: Kleavor|64\/100\n|-unboost|p1a: Kleavor|spe|1\n|\n|upkeep\n|turn|6\n|\n|t:|1700288673\n|move|p1a: Kleavor|Stone Axe|p2a: Piwi\n|-supereffective|p2a: Piwi\n|-damage|p2a: Piwi|0 fnt\n|-sidestart|p2: the bugcatcher pr|move: Stealth Rock\n|faint|p2a: Piwi\n|\n|upkeep\n|c|\u2606the bugcatcher pr|ow\n|\n|t:|1700288688\n|switch|p2a: Cless|Scizor-Mega, M|59\/100\n|-activate|p2a: Cless|move: Sticky Web\n|-unboost|p2a: Cless|spe|1\n|-damage|p2a: Cless|46\/100|[from] Stealth Rock\n|turn|7\n|\n|t:|1700288698\n|switch|p1a: Volcarona|Volcarona, M|100\/100\n|move|p2a: Cless|Aerial Ace|p1a: Volcarona\n|-supereffective|p1a: Volcarona\n|-damage|p1a: Volcarona|0 fnt\n|faint|p1a: Volcarona\n|\n|upkeep\n|c|\u2606Fr0z3nnova|aughhh\n|\n|t:|1700288705\n|switch|p1a: Scizor|Scizor, M|100\/100\n|turn|8\n|\n|t:|1700288716\n|switch|p2a: Hyura|Volcarona, F, shiny|100\/100\n|detailschange|p1a: Scizor|Scizor-Mega, M\n|-mega|p1a: Scizor|Scizor|Scizorite\n|move|p1a: Scizor|Swords Dance|p1a: Scizor\n|-boost|p1a: Scizor|atk|2\n|\n|upkeep\n|turn|9\n|c|\u2606the bugcatcher pr|psychic avatar\n|c|\u2606Fr0z3nnova|fuyck\n|c|\u2606the bugcatcher pr|beware when switching\n|\n|t:|1700288740\n|switch|p1a: Galvantula|Galvantula, F|100\/100\n|move|p2a: Hyura|Fiery Dance|p1a: Galvantula\n|-supereffective|p1a: Galvantula\n|-enditem|p1a: Galvantula|Focus Sash\n|-damage|p1a: Galvantula|1\/100\n|\n|upkeep\n|turn|10\n|\n|t:|1700288750\n|move|p1a: Galvantula|Thunder Wave|p2a: Hyura\n|-status|p2a: Hyura|par\n|move|p2a: Hyura|Fiery Dance|p1a: Galvantula\n|-supereffective|p1a: Galvantula\n|-damage|p1a: Galvantula|0 fnt\n|-boost|p2a: Hyura|spa|1\n|faint|p1a: Galvantula\n|\n|upkeep\n|\n|t:|1700288755\n|switch|p1a: Kleavor|Kleavor, F|64\/100\n|turn|11\n|\n|t:|1700288762\n|switch|p2a: Vermilion|Centiskorch, F|100\/100\n|-activate|p2a: Vermilion|move: Sticky Web\n|-unboost|p2a: Vermilion|spe|1\n|-damage|p2a: Vermilion|51\/100|[from] Stealth Rock\n|move|p1a: Kleavor|Stone Axe|p2a: Vermilion\n|-supereffective|p2a: Vermilion\n|-damage|p2a: Vermilion|0 fnt\n|faint|p2a: Vermilion\n|\n|upkeep\n|c|\u2606the bugcatcher pr|centi is not for this\n|c|\u2606the bugcatcher pr|its for xerneas and kyogre and waling wake\n|\n|t:|1700288799\n|switch|p2a: Cless|Scizor-Mega, M|46\/100\n|-activate|p2a: Cless|move: Sticky Web\n|-unboost|p2a: Cless|spe|1\n|-damage|p2a: Cless|34\/100|[from] Stealth Rock\n|turn|12\n|\n|t:|1700288804\n|switch|p1a: Scizor|Scizor-Mega, M|100\/100\n|move|p2a: Cless|Bullet Punch|p1a: Scizor\n|-resisted|p1a: Scizor\n|-damage|p1a: Scizor|84\/100\n|\n|upkeep\n|turn|13\n|\n|t:|1700288810\n|switch|p2a: Hyura|Volcarona, F, shiny|100\/100 par\n|move|p1a: Scizor|Dual Wingbeat|p2a: Hyura\n|-supereffective|p2a: Hyura\n|-damage|p2a: Hyura|59\/100 par\n|-status|p1a: Scizor|brn|[from] ability: Flame Body|[of] p2a: Hyura\n|-supereffective|p2a: Hyura\n|-damage|p2a: Hyura|39\/100 par\n|-hitcount|p2a: Hyura|2\n|\n|-damage|p1a: Scizor|78\/100 brn|[from] brn\n|upkeep\n|turn|14\n|c|\u2606Fr0z3nnova|WTF\n|c|\u2606Fr0z3nnova|AERIAL ACE IS A W\n|c|\u2606Fr0z3nnova|WRD IS THAT\n|c|\u2606the bugcatcher pr|this volca is for zacian\n|c|\u2606the bugcatcher pr|max def max hp\n|c|\u2606the bugcatcher pr|bold\n|\n|t:|1700288840\n|move|p1a: Scizor|Dual Wingbeat|p2a: Hyura\n|-supereffective|p2a: Hyura\n|-damage|p2a: Hyura|19\/100 par\n|-supereffective|p2a: Hyura\n|-damage|p2a: Hyura|0 fnt\n|faint|p2a: Hyura\n|-hitcount|p2: Hyura|2\n|\n|-damage|p1a: Scizor|72\/100 brn|[from] brn\n|upkeep\n|\n|t:|1700288860\n|switch|p2a: Helck|Buzzwole|100\/100\n|-activate|p2a: Helck|move: Sticky Web\n|-unboost|p2a: Helck|spe|1\n|-damage|p2a: Helck|88\/100|[from] Stealth Rock\n|turn|15\n|\n|t:|1700288867\n|-terastallize|p2a: Helck|Dark\n|move|p1a: Scizor|Dual Wingbeat|p2a: Helck\n|-damage|p2a: Helck|82\/100\n|-damage|p2a: Helck|75\/100\n|-hitcount|p2a: Helck|2\n|move|p2a: Helck|Bulk Up|p2a: Helck\n|-boost|p2a: Helck|atk|1\n|-boost|p2a: Helck|def|1\n|\n|-damage|p1a: Scizor|66\/100 brn|[from] brn\n|upkeep\n|turn|16\n|\n|t:|1700288878\n|switch|p1a: Buzzwole|Buzzwole|100\/100\n|move|p2a: Helck|Drain Punch|p1a: Buzzwole\n|-resisted|p1a: Buzzwole\n|-damage|p1a: Buzzwole|83\/100\n|-heal|p2a: Helck|85\/100|[from] drain|[of] p1a: Buzzwole\n|\n|-heal|p1a: Buzzwole|89\/100|[from] item: Leftovers\n|upkeep\n|turn|17\n|\n|t:|1700288891\n|-terastallize|p1a: Buzzwole|Bug\n|move|p1a: Buzzwole|Drain Punch|p2a: Helck\n|-supereffective|p2a: Helck\n|-damage|p2a: Helck|54\/100\n|-heal|p1a: Buzzwole|100\/100|[from] drain|[of] p2a: Helck\n|move|p2a: Helck|Bulk Up|p2a: Helck\n|-boost|p2a: Helck|atk|1\n|-boost|p2a: Helck|def|1\n|\n|upkeep\n|turn|18\n|c|\u2606Fr0z3nnova|sadge\n|\n|t:|1700288913\n|move|p1a: Buzzwole|Bulk Up|p1a: Buzzwole\n|-boost|p1a: Buzzwole|atk|1\n|-boost|p1a: Buzzwole|def|1\n|move|p2a: Helck|Drain Punch|p1a: Buzzwole\n|-resisted|p1a: Buzzwole\n|-damage|p1a: Buzzwole|85\/100\n|-heal|p2a: Helck|62\/100|[from] drain|[of] p1a: Buzzwole\n|\n|-heal|p1a: Buzzwole|91\/100|[from] item: Leftovers\n|upkeep\n|turn|19\n|\n|t:|1700288923\n|move|p1a: Buzzwole|Substitute|p1a: Buzzwole\n|-start|p1a: Buzzwole|Substitute\n|-damage|p1a: Buzzwole|66\/100\n|move|p2a: Helck|Bulk Up|p2a: Helck\n|-boost|p2a: Helck|atk|1\n|-boost|p2a: Helck|def|1\n|\n|-heal|p1a: Buzzwole|72\/100|[from] item: Leftovers\n|upkeep\n|turn|20\n|\n|t:|1700288935\n|move|p1a: Buzzwole|Bulk Up|p1a: Buzzwole\n|-boost|p1a: Buzzwole|atk|1\n|-boost|p1a: Buzzwole|def|1\n|move|p2a: Helck|Bulk Up|p2a: Helck\n|-boost|p2a: Helck|atk|1\n|-boost|p2a: Helck|def|1\n|\n|-heal|p1a: Buzzwole|78\/100|[from] item: Leftovers\n|upkeep\n|turn|21\n|\n|t:|1700288943\n|move|p1a: Buzzwole|Bulk Up|p1a: Buzzwole\n|-boost|p1a: Buzzwole|atk|1\n|-boost|p1a: Buzzwole|def|1\n|move|p2a: Helck|Bulk Up|p2a: Helck\n|-boost|p2a: Helck|atk|1\n|-boost|p2a: Helck|def|1\n|\n|-heal|p1a: Buzzwole|85\/100|[from] item: Leftovers\n|upkeep\n|turn|22\n|\n|t:|1700288951\n|move|p1a: Buzzwole|Bulk Up|p1a: Buzzwole\n|-boost|p1a: Buzzwole|atk|1\n|-boost|p1a: Buzzwole|def|1\n|move|p2a: Helck|Bulk Up|p2a: Helck\n|-boost|p2a: Helck|atk|1\n|-boost|p2a: Helck|def|1\n|\n|-heal|p1a: Buzzwole|91\/100|[from] item: Leftovers\n|upkeep\n|turn|23\n|\n|t:|1700288961\n|move|p1a: Buzzwole|Bulk Up|p1a: Buzzwole\n|-boost|p1a: Buzzwole|atk|1\n|-boost|p1a: Buzzwole|def|1\n|move|p2a: Helck|Darkest Lariat|p1a: Buzzwole\n|-end|p1a: Buzzwole|Substitute\n|\n|-heal|p1a: Buzzwole|97\/100|[from] item: Leftovers\n|upkeep\n|turn|24\n|c|\u2606Fr0z3nnova|soooo\n|\n|t:|1700288969\n|move|p1a: Buzzwole|Substitute|p1a: Buzzwole\n|-start|p1a: Buzzwole|Substitute\n|-damage|p1a: Buzzwole|72\/100\n|move|p2a: Helck|Darkest Lariat|p1a: Buzzwole\n|-end|p1a: Buzzwole|Substitute\n|\n|-heal|p1a: Buzzwole|78\/100|[from] item: Leftovers\n|upkeep\n|turn|25\n|\n|t:|1700288976\n|move|p1a: Buzzwole|Drain Punch|p2a: Helck\n|-supereffective|p2a: Helck\n|-damage|p2a: Helck|23\/100\n|-heal|p1a: Buzzwole|97\/100|[from] drain|[of] p2a: Helck\n|move|p2a: Helck|Darkest Lariat|p1a: Buzzwole\n|-damage|p1a: Buzzwole|0 fnt\n|faint|p1a: Buzzwole\n|\n|upkeep\n|\n|t:|1700288987\n|switch|p1a: Kleavor|Kleavor, F|64\/100\n|turn|26\n|c|\u2606the bugcatcher pr|gg\n|\n|t:|1700288990\n|move|p1a: Kleavor|Close Combat|p2a: Helck\n|-supereffective|p2a: Helck\n|-damage|p2a: Helck|11\/100\n|-unboost|p1a: Kleavor|def|1\n|-unboost|p1a: Kleavor|spd|1\n|move|p2a: Helck|Drain Punch|p1a: Kleavor\n|-crit|p1a: Kleavor\n|-damage|p1a: Kleavor|0 fnt\n|-heal|p2a: Helck|34\/100|[from] drain|[of] p1a: Kleavor\n|faint|p1a: Kleavor\n|\n|upkeep\n|\n|t:|1700288993\n|switch|p1a: Scizor|Scizor-Mega, M|66\/100 brn\n|turn|27\n|c|\u2606Fr0z3nnova|nah hes so phat\n|c|\u2606the bugcatcher pr|XD\n|\n|t:|1700289005\n|move|p1a: Scizor|Dual Wingbeat|p2a: Helck\n|-damage|p2a: Helck|32\/100\n|-damage|p2a: Helck|31\/100\n|-hitcount|p2a: Helck|2\n|move|p2a: Helck|Drain Punch|p1a: Scizor\n|-damage|p1a: Scizor|0 fnt\n|-heal|p2a: Helck|56\/100|[from] drain|[of] p1a: Scizor\n|faint|p1a: Scizor\n|\n|win|the bugcatcher pr\n|c|\u2606Fr0z3nnova|gg\n|l|\u2606Fr0z3nnova\n","uploadtime":1700289034,"views":12,"p1id":"fr0z3nnova","p2id":"thebugcatcherpr","formatid":"gen9nationaldex","rating":0,"private":0,"password":""}