{"id":"gen9nationaldex-1991830132","p1":"DracoShivam","p2":"Najirs","format":"[Gen 9] National Dex","log":"|j|\u2606DracoShivam\n|j|\u2606Najirs\n|t:|1700124855\n|gametype|singles\n|player|p1|DracoShivam|blue|\n|player|p2|Najirs|grimsley-masters|\n|teamsize|p1|6\n|teamsize|p2|6\n|gen|9\n|tier|[Gen 9] National Dex\n|rule|HP Percentage Mod: HP is shown in percentages\n|rule|Endless Battle Clause: Forcing endless battles is banned\n|rule|OHKO Clause: OHKO moves are banned\n|rule|Evasion Clause: Evasion abilities, items, and moves are banned\n|rule|Evasion Abilities Clause: Evasion abilities are banned\n|rule|Evasion Items Clause: Evasion items are banned\n|rule|Evasion Moves Clause: Evasion moves are banned\n|rule|Species Clause: Limit one of each Pok\u00e9mon\n|rule|Sleep Clause Mod: Limit one foe put to sleep\n|clearpoke\n|poke|p1|Ogerpon-Wellspring, F|\n|poke|p1|Samurott-Hisui, M|\n|poke|p1|Ninetales-Alola, M|\n|poke|p1|Rillaboom, F|\n|poke|p1|Hydreigon, M|\n|poke|p1|Dragonite, F|\n|poke|p2|Hippowdon, F|\n|poke|p2|Excadrill, F|\n|poke|p2|Dugtrio, M|\n|poke|p2|Sandslash, F|\n|poke|p2|Camerupt, F|\n|poke|p2|Gliscor, F|\n|teampreview\n|inactive|Battle timer is ON: inactive players will automatically lose when time's up. (requested by DracoShivam)\n|j| Dark Umbreon 08\n|l| Dark Umbreon 08\n|c|\u2606DracoShivam|Bax got banned had to switch him out\n|inactive|Najirs has 270 seconds left.\n|\n|t:|1700124892\n|start\n|switch|p1a: Rillaboom|Rillaboom, F|100\/100\n|switch|p2a: Gliscor|Gliscor, F|100\/100\n|-fieldstart|move: Grassy Terrain|[from] ability: Grassy Surge|[of] p1a: Rillaboom\n|turn|1\n|\n|t:|1700124903\n|move|p1a: Rillaboom|Knock Off|p2a: Gliscor\n|-damage|p2a: Gliscor|80\/100\n|-enditem|p2a: Gliscor|Toxic Orb|[from] move: Knock Off|[of] p1a: Rillaboom\n|move|p2a: Gliscor|Toxic|p1a: Rillaboom\n|-status|p1a: Rillaboom|tox\n|\n|-damage|p1a: Rillaboom|94\/100 tox|[from] psn\n|upkeep\n|turn|2\n|\n|t:|1700124918\n|move|p2a: Gliscor|Protect|p2a: Gliscor\n|-singleturn|p2a: Gliscor|Protect\n|move|p1a: Rillaboom|Wood Hammer|p2a: Gliscor\n|-activate|p2a: Gliscor|move: Protect\n|\n|-heal|p1a: Rillaboom|100\/100 tox|[from] Grassy Terrain\n|-damage|p1a: Rillaboom|88\/100 tox|[from] psn\n|upkeep\n|turn|3\n|\n|t:|1700124929\n|move|p1a: Rillaboom|Wood Hammer|p2a: Gliscor\n|-damage|p2a: Gliscor|25\/100\n|-damage|p1a: Rillaboom|69\/100 tox|[from] Recoil\n|move|p2a: Gliscor|Roost|p2a: Gliscor\n|-heal|p2a: Gliscor|75\/100\n|-singleturn|p2a: Gliscor|move: Roost\n|\n|-heal|p1a: Rillaboom|76\/100 tox|[from] Grassy Terrain\n|-heal|p2a: Gliscor|82\/100|[from] Grassy Terrain\n|-damage|p1a: Rillaboom|57\/100 tox|[from] psn\n|upkeep\n|turn|4\n|\n|t:|1700124942\n|switch|p1a: Samurott|Samurott-Hisui, M|100\/100\n|move|p2a: Gliscor|Toxic|p1a: Samurott\n|-status|p1a: Samurott|tox\n|\n|-damage|p1a: Samurott|94\/100 tox|[from] psn\n|upkeep\n|turn|5\n|\n|t:|1700124951\n|move|p1a: Samurott|Ceaseless Edge|p2a: Gliscor\n|-damage|p2a: Gliscor|54\/100\n|-sidestart|p2: Najirs|Spikes\n|move|p2a: Gliscor|Earthquake|p1a: Samurott\n|-damage|p1a: Samurott|74\/100 tox\n|\n|-heal|p1a: Samurott|81\/100 tox|[from] Grassy Terrain\n|-damage|p1a: Samurott|68\/100 tox|[from] psn\n|-fieldend|move: Grassy Terrain\n|upkeep\n|turn|6\n|\n|t:|1700124962\n|move|p1a: Samurott|Razor Shell|p2a: Gliscor\n|-supereffective|p2a: Gliscor\n|-damage|p2a: Gliscor|0 fnt\n|faint|p2a: Gliscor\n|\n|-damage|p1a: Samurott|49\/100 tox|[from] psn\n|upkeep\n|\n|t:|1700124978\n|switch|p2a: Hippowdon|Hippowdon, F|100\/100\n|-damage|p2a: Hippowdon|88\/100|[from] Spikes\n|-weather|Sandstorm|[from] ability: Sand Stream|[of] p2a: Hippowdon\n|turn|7\n|\n|t:|1700124985\n|move|p1a: Samurott|Knock Off|p2a: Hippowdon\n|-damage|p2a: Hippowdon|66\/100\n|-enditem|p2a: Hippowdon|Smooth Rock|[from] move: Knock Off|[of] p1a: Samurott\n|move|p2a: Hippowdon|Stealth Rock|p1a: Samurott\n|-sidestart|p1: DracoShivam|move: Stealth Rock\n|\n|-weather|Sandstorm|[upkeep]\n|-damage|p1a: Samurott|43\/100 tox|[from] Sandstorm\n|-damage|p1a: Samurott|18\/100 tox|[from] psn\n|upkeep\n|turn|8\n|\n|t:|1700125004\n|move|p1a: Samurott|Ceaseless Edge|p2a: Hippowdon\n|-damage|p2a: Hippowdon|43\/100\n|-sidestart|p2: Najirs|Spikes\n|move|p2a: Hippowdon|Ice Fang|p1a: Samurott\n|-resisted|p1a: Samurott\n|-damage|p1a: Samurott|8\/100 tox\n|\n|-weather|Sandstorm|[upkeep]\n|-damage|p1a: Samurott|1\/100 tox|[from] Sandstorm\n|-damage|p1a: Samurott|0 fnt|[from] psn\n|faint|p1a: Samurott\n|upkeep\n|\n|t:|1700125013\n|switch|p1a: Ninetales|Ninetales-Alola, M|100\/100\n|-damage|p1a: Ninetales|76\/100|[from] Stealth Rock\n|-weather|Snow|[from] ability: Snow Warning|[of] p1a: Ninetales\n|turn|9\n|\n|t:|1700125023\n|move|p1a: Ninetales|Aurora Veil|p1a: Ninetales\n|-sidestart|p1: DracoShivam|move: Aurora Veil\n|move|p2a: Hippowdon|Yawn|p1a: Ninetales\n|-start|p1a: Ninetales|move: Yawn|[of] p2a: Hippowdon\n|\n|-weather|Snow|[upkeep]\n|upkeep\n|turn|10\n|\n|t:|1700125038\n|switch|p2a: Camerupt|Camerupt, F|100\/100\n|-damage|p2a: Camerupt|84\/100|[from] Spikes\n|move|p1a: Ninetales|Freeze-Dry|p2a: Camerupt\n|-damage|p2a: Camerupt|57\/100\n|\n|-weather|Snow|[upkeep]\n|-end|p1a: Ninetales|move: Yawn|[silent]\n|-status|p1a: Ninetales|slp\n|upkeep\n|turn|11\n|\n|t:|1700125054\n|switch|p1a: Rillaboom|Rillaboom, F|57\/100 tox\n|-damage|p1a: Rillaboom|45\/100 tox|[from] Stealth Rock\n|-fieldstart|move: Grassy Terrain|[from] ability: Grassy Surge|[of] p1a: Rillaboom\n|detailschange|p2a: Camerupt|Camerupt-Mega, F\n|-mega|p2a: Camerupt|Camerupt|Cameruptite\n|move|p2a: Camerupt|Ancient Power|p1a: Rillaboom\n|-damage|p1a: Rillaboom|24\/100 tox\n|\n|-weather|Snow|[upkeep]\n|-heal|p1a: Rillaboom|30\/100 tox|[from] Grassy Terrain\n|-heal|p2a: Camerupt|63\/100|[from] Grassy Terrain\n|-damage|p1a: Rillaboom|24\/100 tox|[from] psn\n|upkeep\n|turn|12\n|\n|t:|1700125071\n|move|p1a: Rillaboom|Wood Hammer|p2a: Camerupt\n|-damage|p2a: Camerupt|0 fnt\n|faint|p2a: Camerupt\n|-damage|p1a: Rillaboom|3\/100 tox|[from] Recoil\n|\n|-weather|Snow|[upkeep]\n|-heal|p1a: Rillaboom|9\/100 tox|[from] Grassy Terrain\n|-damage|p1a: Rillaboom|0 fnt|[from] psn\n|faint|p1a: Rillaboom\n|upkeep\n|\n|t:|1700125086\n|switch|p1a: Ogerpon|Ogerpon-Wellspring, F|100\/100\n|switch|p2a: Hippowdon|Hippowdon, F|43\/100\n|-damage|p1a: Ogerpon|88\/100|[from] Stealth Rock\n|-damage|p2a: Hippowdon|26\/100|[from] Spikes\n|-weather|Sandstorm|[from] ability: Sand Stream|[of] p2a: Hippowdon\n|turn|13\n|\n|t:|1700125100\n|move|p1a: Ogerpon|Ivy Cudgel|p2a: Hippowdon|[anim] Ivy Cudgel Water\n|-supereffective|p2a: Hippowdon\n|-damage|p2a: Hippowdon|0 fnt\n|faint|p2a: Hippowdon\n|\n|-weather|Sandstorm|[upkeep]\n|-damage|p1a: Ogerpon|82\/100|[from] Sandstorm\n|-heal|p1a: Ogerpon|88\/100|[from] Grassy Terrain\n|upkeep\n|j| plasma_fistem\n|l| plasma_fistem\n|inactive|Najirs has 270 seconds left.\n|inactive|Najirs has 240 seconds left.\n|\n|t:|1700125158\n|switch|p2a: Excadrill|Excadrill, F|100\/100\n|-damage|p2a: Excadrill|84\/100|[from] Spikes\n|turn|14\n|\n|t:|1700125169\n|move|p2a: Excadrill|Rock Slide|p1a: Ogerpon\n|-damage|p1a: Ogerpon|68\/100\n|move|p1a: Ogerpon|Ivy Cudgel|p2a: Excadrill|[anim] Ivy Cudgel Water\n|-supereffective|p2a: Excadrill\n|-enditem|p2a: Excadrill|Passho Berry|[eat]\n|-enditem|p2a: Excadrill|Passho Berry|[weaken]\n|-damage|p2a: Excadrill|0 fnt\n|faint|p2a: Excadrill\n|\n|-weather|Sandstorm|[upkeep]\n|-damage|p1a: Ogerpon|62\/100|[from] Sandstorm\n|-heal|p1a: Ogerpon|68\/100|[from] Grassy Terrain\n|upkeep\n|\n|t:|1700125183\n|switch|p2a: Sandslash|Sandslash, F|100\/100\n|-damage|p2a: Sandslash|84\/100|[from] Spikes\n|turn|15\n|\n|t:|1700125198\n|-terastallize|p2a: Sandslash|Grass\n|move|p1a: Ogerpon|Grassy Glide|p2a: Sandslash\n|-resisted|p2a: Sandslash\n|-damage|p2a: Sandslash|60\/100\n|move|p2a: Sandslash|Brick Break|p1a: Ogerpon\n|-sideend|p1: DracoShivam|move: Aurora Veil\n|-damage|p1a: Ogerpon|39\/100\n|\n|-weather|Sandstorm|[upkeep]\n|-damage|p1a: Ogerpon|33\/100|[from] Sandstorm\n|-heal|p2a: Sandslash|66\/100|[from] Grassy Terrain\n|-heal|p1a: Ogerpon|39\/100|[from] Grassy Terrain\n|-fieldend|move: Grassy Terrain\n|upkeep\n|turn|16\n|inactive|Najirs has 210 seconds left.\n|\n|t:|1700125223\n|move|p2a: Sandslash|Poison Jab|p1a: Ogerpon\n|-supereffective|p1a: Ogerpon\n|-damage|p1a: Ogerpon|0 fnt\n|faint|p1a: Ogerpon\n|\n|-weather|Sandstorm|[upkeep]\n|upkeep\n|\n|t:|1700125232\n|switch|p1a: Ninetales|Ninetales-Alola, M|76\/100 slp\n|-damage|p1a: Ninetales|51\/100 slp|[from] Stealth Rock\n|-weather|Snow|[from] ability: Snow Warning|[of] p1a: Ninetales\n|turn|17\n|\n|t:|1700125240\n|cant|p1a: Ninetales|slp\n|move|p2a: Sandslash|Poison Jab|p1a: Ninetales\n|-supereffective|p1a: Ninetales\n|-damage|p1a: Ninetales|10\/100 slp\n|\n|-weather|Snow|[upkeep]\n|upkeep\n|turn|18\n|\n|t:|1700125250\n|-curestatus|p1a: Ninetales|slp|[msg]\n|move|p1a: Ninetales|Freeze-Dry|p2a: Sandslash\n|-supereffective|p2a: Sandslash\n|-damage|p2a: Sandslash|12\/100\n|move|p2a: Sandslash|Poison Jab|p1a: Ninetales\n|-supereffective|p1a: Ninetales\n|-damage|p1a: Ninetales|0 fnt\n|faint|p1a: Ninetales\n|\n|-weather|Snow|[upkeep]\n|upkeep\n|\n|t:|1700125268\n|switch|p1a: Dragonite|Dragonite, F|100\/100\n|-damage|p1a: Dragonite|75\/100|[from] Stealth Rock\n|turn|19\n|\n|t:|1700125275\n|move|p1a: Dragonite|Extreme Speed|p2a: Sandslash\n|-damage|p2a: Sandslash|0 fnt\n|faint|p2a: Sandslash\n|\n|-weather|Snow|[upkeep]\n|upkeep\n|\n|t:|1700125282\n|switch|p2a: Dugtrio|Dugtrio, M|100\/100\n|-damage|p2a: Dugtrio|84\/100|[from] Spikes\n|turn|20\n|inactive|Najirs has 240 seconds left.\n|\n|t:|1700125289\n|-terastallize|p1a: Dragonite|Normal\n|move|p1a: Dragonite|Extreme Speed|p2a: Dugtrio\n|-damage|p2a: Dugtrio|0 fnt\n|faint|p2a: Dugtrio\n|\n|win|DracoShivam\n|c|\u2606DracoShivam|Gg\n|c|\u2606Najirs|Gg\n|l|\u2606DracoShivam\n","uploadtime":1700125304,"views":15,"p1id":"dracoshivam","p2id":"najirs","formatid":"gen9nationaldex","rating":0,"private":0,"password":""}