{"id":"gen9nationaldex-1993582875","p1":"vlpraca","p2":"Guancho","format":"[Gen 9] National Dex","log":"|j|\u203dvlpraca\n|j|\u2606Guancho\n|t:|1700334260\n|gametype|singles\n|player|p1|vlpraca|brock|1456\n|player|p2|Guancho|dawn-gen4pt|1400\n|teamsize|p1|6\n|teamsize|p2|6\n|gen|9\n|tier|[Gen 9] National Dex\n|rated|\n|rule|HP Percentage Mod: HP is shown in percentages\n|rule|Endless Battle Clause: Forcing endless battles is banned\n|rule|OHKO Clause: OHKO moves are banned\n|rule|Evasion Clause: Evasion abilities, items, and moves are banned\n|rule|Evasion Abilities Clause: Evasion abilities are banned\n|rule|Evasion Items Clause: Evasion items are banned\n|rule|Evasion Moves Clause: Evasion moves are banned\n|rule|Species Clause: Limit one of each Pok\u00e9mon\n|rule|Sleep Clause Mod: Limit one foe put to sleep\n|clearpoke\n|poke|p1|Serperior, M|\n|poke|p1|Togekiss, F|\n|poke|p1|Ferrothorn, F|\n|poke|p1|Lucario, F|\n|poke|p1|Slowking, F|\n|poke|p1|Tyranitar, M|\n|poke|p2|Venusaur, M|\n|poke|p2|Ferrothorn, M|\n|poke|p2|Blastoise, M|\n|poke|p2|Iron Valiant|\n|poke|p2|Landorus-Therian, M|\n|poke|p2|Skeledirge, F|\n|teampreview\n|inactive|Battle timer is ON: inactive players will automatically lose when time's up. (requested by vlpraca)\n|inactive|Guancho has 120 seconds left.\n|\n|t:|1700334300\n|start\n|switch|p1a: Slowking|Slowking, F|100\/100\n|switch|p2a: Landorus|Landorus-Therian, M|100\/100\n|-ability|p2a: Landorus|Intimidate|boost\n|-unboost|p1a: Slowking|atk|1\n|turn|1\n|inactive|Guancho has 120 seconds left.\n|inactive|Guancho has 90 seconds left.\n|inactive|Guancho has 60 seconds left.\n|\n|t:|1700334404\n|move|p2a: Landorus|Knock Off|p1a: Slowking\n|-supereffective|p1a: Slowking\n|-crit|p1a: Slowking\n|-damage|p1a: Slowking|0 fnt\n|-enditem|p1a: Slowking|Leftovers|[from] move: Knock Off|[of] p2a: Landorus\n|faint|p1a: Slowking\n|-damage|p2a: Landorus|91\/100|[from] item: Life Orb\n|\n|upkeep\n|\n|t:|1700334420\n|switch|p1a: Serperior|Serperior, M|100\/100\n|turn|2\n|inactive|Guancho has 60 seconds left.\n|\n|t:|1700334428\n|move|p1a: Serperior|Leaf Storm|p2a: Landorus\n|-damage|p2a: Landorus|35\/100\n|-boost|p1a: Serperior|spa|2\n|move|p2a: Landorus|U-turn|p1a: Serperior\n|-supereffective|p1a: Serperior\n|-damage|p1a: Serperior|22\/100\n|-damage|p2a: Landorus|25\/100|[from] item: Life Orb\n|inactive|Guancho has 60 seconds left.\n|\n|t:|1700334437\n|switch|p2a: Skeledirge|Skeledirge, F|100\/100|[from] U-turn\n|\n|-heal|p1a: Serperior|28\/100|[from] item: Leftovers\n|upkeep\n|turn|3\n|\n|t:|1700334465\n|switch|p1a: Togekiss|Togekiss, F|100\/100\n|move|p2a: Skeledirge|Torch Song|p1a: Togekiss\n|-damage|p1a: Togekiss|75\/100\n|-boost|p2a: Skeledirge|spa|1\n|\n|upkeep\n|turn|4\n|inactive|Guancho has 60 seconds left.\n|\n|t:|1700334499\n|move|p1a: Togekiss|Air Slash|p2a: Skeledirge\n|-damage|p2a: Skeledirge|59\/100\n|move|p2a: Skeledirge|Torch Song|p1a: Togekiss\n|-damage|p1a: Togekiss|34\/100\n|-boost|p2a: Skeledirge|spa|1\n|\n|-heal|p2a: Skeledirge|66\/100|[from] item: Leftovers\n|upkeep\n|turn|5\n|\n|t:|1700334519\n|move|p1a: Togekiss|Air Slash|p2a: Skeledirge\n|-damage|p2a: Skeledirge|22\/100\n|cant|p2a: Skeledirge|flinch\n|\n|-heal|p2a: Skeledirge|28\/100|[from] item: Leftovers\n|upkeep\n|turn|6\n|inactive|Guancho has 60 seconds left.\n|\n|t:|1700334532\n|move|p1a: Togekiss|Air Slash|p2a: Skeledirge\n|-damage|p2a: Skeledirge|0 fnt\n|faint|p2a: Skeledirge\n|\n|upkeep\n|\n|t:|1700334536\n|switch|p2a: Iron Valiant|Iron Valiant|100\/100\n|turn|7\n|\n|t:|1700334542\n|move|p2a: Iron Valiant|Thunderbolt|p1a: Togekiss\n|-supereffective|p1a: Togekiss\n|-damage|p1a: Togekiss|0 fnt\n|faint|p1a: Togekiss\n|-damage|p2a: Iron Valiant|91\/100|[from] item: Life Orb\n|\n|upkeep\n|\n|t:|1700334546\n|switch|p1a: Ferrothorn|Ferrothorn, F|100\/100\n|turn|8\n|\n|t:|1700334567\n|move|p2a: Iron Valiant|Aura Sphere|p1a: Ferrothorn\n|-supereffective|p1a: Ferrothorn\n|-damage|p1a: Ferrothorn|27\/100\n|-damage|p2a: Iron Valiant|81\/100|[from] item: Life Orb\n|move|p1a: Ferrothorn|Leech Seed|p2a: Iron Valiant\n|-start|p2a: Iron Valiant|move: Leech Seed\n|\n|-heal|p1a: Ferrothorn|33\/100|[from] item: Leftovers\n|-damage|p2a: Iron Valiant|69\/100|[from] Leech Seed|[of] p1a: Ferrothorn\n|-heal|p1a: Ferrothorn|46\/100|[silent]\n|upkeep\n|turn|9\n|\n|t:|1700334575\n|-end|p2a: Iron Valiant|Quark Drive|[silent]\n|switch|p2a: Venusaur|Venusaur, M|100\/100\n|move|p1a: Ferrothorn|Protect||[still]\n|-fail|p1a: Ferrothorn\n|\n|-heal|p1a: Ferrothorn|52\/100|[from] item: Leftovers\n|upkeep\n|turn|10\n|\n|t:|1700334589\n|detailschange|p2a: Venusaur|Venusaur-Mega, M\n|-mega|p2a: Venusaur|Venusaur|Venusaurite\n|move|p2a: Venusaur|Hidden Power|p1a: Ferrothorn\n|-supereffective|p1a: Ferrothorn\n|-damage|p1a: Ferrothorn|0 fnt\n|faint|p1a: Ferrothorn\n|\n|upkeep\n|\n|t:|1700334607\n|switch|p1a: Tyranitar|Tyranitar, M|100\/100\n|-weather|Sandstorm|[from] ability: Sand Stream|[of] p1a: Tyranitar\n|turn|11\n|inactive|Guancho has 90 seconds left.\n|\n|t:|1700334630\n|detailschange|p1a: Tyranitar|Tyranitar-Mega, M\n|-mega|p1a: Tyranitar|Tyranitar|Tyranitarite\n|move|p2a: Venusaur|Giga Drain|p1a: Tyranitar\n|-supereffective|p1a: Tyranitar\n|-damage|p1a: Tyranitar|68\/100\n|move|p1a: Tyranitar|Dragon Dance|p1a: Tyranitar\n|-boost|p1a: Tyranitar|atk|1\n|-boost|p1a: Tyranitar|spe|1\n|\n|-weather|Sandstorm|[upkeep]\n|-damage|p2a: Venusaur|94\/100|[from] Sandstorm\n|upkeep\n|turn|12\n|inactive|Guancho has 60 seconds left.\n|inactive|Guancho has 30 seconds left.\n|\n|t:|1700334685\n|move|p1a: Tyranitar|Dragon Dance|p1a: Tyranitar\n|-boost|p1a: Tyranitar|atk|1\n|-boost|p1a: Tyranitar|spe|1\n|move|p2a: Venusaur|Giga Drain|p1a: Tyranitar\n|-supereffective|p1a: Tyranitar\n|-damage|p1a: Tyranitar|37\/100\n|-heal|p2a: Venusaur|100\/100|[from] drain|[of] p1a: Tyranitar\n|\n|-weather|Sandstorm|[upkeep]\n|-damage|p2a: Venusaur|94\/100|[from] Sandstorm\n|upkeep\n|turn|13\n|\n|t:|1700334705\n|move|p1a: Tyranitar|Dragon Dance|p1a: Tyranitar\n|-boost|p1a: Tyranitar|atk|1\n|-boost|p1a: Tyranitar|spe|1\n|move|p2a: Venusaur|Giga Drain|p1a: Tyranitar\n|-supereffective|p1a: Tyranitar\n|-damage|p1a: Tyranitar|2\/100\n|-heal|p2a: Venusaur|100\/100|[from] drain|[of] p1a: Tyranitar\n|\n|-weather|Sandstorm|[upkeep]\n|-damage|p2a: Venusaur|94\/100|[from] Sandstorm\n|upkeep\n|turn|14\n|\n|t:|1700334719\n|move|p1a: Tyranitar|Crunch|p2a: Venusaur\n|-damage|p2a: Venusaur|11\/100\n|move|p2a: Venusaur|Giga Drain|p1a: Tyranitar\n|-supereffective|p1a: Tyranitar\n|-damage|p1a: Tyranitar|0 fnt\n|-heal|p2a: Venusaur|12\/100|[from] drain|[of] p1a: Tyranitar\n|faint|p1a: Tyranitar\n|\n|-weather|Sandstorm|[upkeep]\n|-damage|p2a: Venusaur|6\/100|[from] Sandstorm\n|upkeep\n|\n|t:|1700334725\n|switch|p1a: Serperior|Serperior, M|28\/100\n|turn|15\n|\n|t:|1700334728\n|move|p1a: Serperior|Leaf Storm|p2a: Venusaur\n|-resisted|p2a: Venusaur\n|-damage|p2a: Venusaur|0 fnt\n|-boost|p1a: Serperior|spa|2\n|faint|p2a: Venusaur\n|\n|-weather|none\n|-heal|p1a: Serperior|34\/100|[from] item: Leftovers\n|upkeep\n|\n|t:|1700334733\n|switch|p2a: Iron Valiant|Iron Valiant|69\/100\n|turn|16\n|\n|t:|1700334755\n|move|p2a: Iron Valiant|Moonblast|p1a: Serperior\n|-damage|p1a: Serperior|0 fnt\n|faint|p1a: Serperior\n|-damage|p2a: Iron Valiant|59\/100|[from] item: Life Orb\n|\n|upkeep\n|\n|t:|1700334758\n|switch|p1a: Lucario|Lucario, F|100\/100\n|turn|17\n|\n|t:|1700334772\n|-end|p2a: Iron Valiant|Quark Drive|[silent]\n|switch|p2a: Landorus|Landorus-Therian, M|25\/100\n|-ability|p2a: Landorus|Intimidate|boost\n|-fail|p1a: Lucario|unboost|Attack|[from] ability: Inner Focus|[of] p1a: Lucario\n|move|p1a: Lucario|Swords Dance|p1a: Lucario\n|-boost|p1a: Lucario|atk|2\n|\n|upkeep\n|turn|18\n|\n|t:|1700334778\n|-terastallize|p1a: Lucario|Flying\n|move|p2a: Landorus|Earthquake|p1a: Lucario\n|-immune|p1a: Lucario\n|move|p1a: Lucario|Swords Dance|p1a: Lucario\n|-boost|p1a: Lucario|atk|2\n|\n|upkeep\n|turn|19\n|\n|t:|1700334789\n|move|p1a: Lucario|Extreme Speed|p2a: Landorus\n|-damage|p2a: Landorus|0 fnt\n|faint|p2a: Landorus\n|-damage|p1a: Lucario|91\/100|[from] item: Life Orb\n|\n|upkeep\n|\n|t:|1700334806\n|switch|p2a: Ferrothorn|Ferrothorn, M|100\/100\n|turn|20\n|\n|t:|1700334810\n|move|p1a: Lucario|Close Combat|p2a: Ferrothorn\n|-supereffective|p2a: Ferrothorn\n|-damage|p2a: Ferrothorn|0 fnt\n|-unboost|p1a: Lucario|def|1\n|-unboost|p1a: Lucario|spd|1\n|-damage|p1a: Lucario|78\/100|[from] ability: Iron Barbs|[of] p2a: Ferrothorn\n|-damage|p1a: Lucario|62\/100|[from] item: Rocky Helmet|[of] p2a: Ferrothorn\n|faint|p2a: Ferrothorn\n|-damage|p1a: Lucario|52\/100|[from] item: Life Orb\n|\n|upkeep\n|\n|t:|1700334831\n|switch|p2a: Blastoise|Blastoise, M|100\/100\n|turn|21\n|\n|t:|1700334835\n|move|p1a: Lucario|Close Combat|p2a: Blastoise\n|-damage|p2a: Blastoise|0 fnt\n|-unboost|p1a: Lucario|def|1\n|-unboost|p1a: Lucario|spd|1\n|faint|p2a: Blastoise\n|-damage|p1a: Lucario|42\/100|[from] item: Life Orb\n|\n|upkeep\n|\n|t:|1700334839\n|switch|p2a: Iron Valiant|Iron Valiant|59\/100\n|turn|22\n|\n|t:|1700334841\n|move|p1a: Lucario|Extreme Speed|p2a: Iron Valiant\n|-damage|p2a: Iron Valiant|0 fnt\n|faint|p2a: Iron Valiant\n|-end|p2a: Iron Valiant|Quark Drive|[silent]\n|-damage|p1a: Lucario|32\/100|[from] item: Life Orb\n|\n|win|vlpraca\n|raw|vlpraca's rating: 1469 &rarr; <strong>1485<\/strong><br \/>(+16 for winning)\n|raw|Guancho's rating: 1400 &rarr; <strong>1384<\/strong><br \/>(-16 for losing)\n|l|\u2606Guancho\n","uploadtime":1700335303,"views":14,"p1id":"vlpraca","p2id":"guancho","formatid":"gen9nationaldex","rating":1384,"private":0,"password":""}