{"id":"gen9nationaldex-1997734718","p1":"ProDPokemon","p2":"NDSNEZ Dan","format":"[Gen 9] National Dex","log":"|html|<div class=\"broadcast-blue\"><strong>[Gen 9] National Dex is currently suspecting Sneasler! For information on how to participate check out the <a href=\"https:\/\/www.smogon.com\/forums\/threads\/sv-national-dex-suspect-8-just-dance.3731534\/\">suspect thread<\/a>.<\/strong><\/div>\n|j|\u2606ProDPokemon\n|j|\u2606NDSNEZ Dan\n|t:|1700847035\n|gametype|singles\n|player|p1|ProDPokemon|169|1079\n|player|p2|NDSNEZ Dan|delinquent|1044\n|teamsize|p1|6\n|teamsize|p2|6\n|gen|9\n|tier|[Gen 9] National Dex\n|rated|\n|rule|HP Percentage Mod: HP is shown in percentages\n|rule|Endless Battle Clause: Forcing endless battles is banned\n|rule|OHKO Clause: OHKO moves are banned\n|rule|Evasion Clause: Evasion abilities, items, and moves are banned\n|rule|Evasion Abilities Clause: Evasion abilities are banned\n|rule|Evasion Items Clause: Evasion items are banned\n|rule|Evasion Moves Clause: Evasion moves are banned\n|rule|Species Clause: Limit one of each Pok\u00e9mon\n|rule|Sleep Clause Mod: Limit one foe put to sleep\n|clearpoke\n|poke|p1|Skeledirge, M|\n|poke|p1|Chansey, F|\n|poke|p1|Quaquaval, F|\n|poke|p1|Kartana|\n|poke|p1|Gardevoir, F|\n|poke|p1|Zapdos|\n|poke|p2|Latias, F|\n|poke|p2|Clefable, M|\n|poke|p2|Ferrothorn, M|\n|poke|p2|Gliscor, M|\n|poke|p2|Tornadus-Therian, M|\n|poke|p2|Toxapex, M|\n|teampreview\n|inactive|Battle timer is ON: inactive players will automatically lose when time's up. (requested by ProDPokemon)\n|c|\u2606ProDPokemon|GOD\n|c|\u2606ProDPokemon|IS\n|c|\u2606ProDPokemon|WITE ME\n|c|\u2606ProDPokemon|I AM GOD\n|c|\u2606ProDPokemon|BHAHAHAHAHHAAHAHAHHAAHAHAHAHHAA\n|c|\u2606ProDPokemon|BHHAHAHAHHAAHHAAHAHAHHAHA]\n|\n|t:|1700847058\n|start\n|switch|p1a: Chansey|Chansey, F|100\/100\n|switch|p2a: Toxapex|Toxapex, M|100\/100\n|turn|1\n|c|\u2606ProDPokemon|ZHAHAHAHAHAHAHAHAHHA\n|\n|t:|1700847062\n|move|p1a: Chansey|Stealth Rock|p2a: Toxapex\n|-sidestart|p2: NDSNEZ Dan|move: Stealth Rock\n|move|p2a: Toxapex|Knock Off|p1a: Chansey\n|-damage|p1a: Chansey|92\/100\n|-enditem|p1a: Chansey|Eviolite|[from] move: Knock Off|[of] p2a: Toxapex\n|\n|upkeep\n|turn|2\n|\n|t:|1700847071\n|switch|p1a: Kartana|Kartana|100\/100\n|move|p2a: Toxapex|Toxic|p1a: Kartana\n|-immune|p1a: Kartana\n|\n|upkeep\n|turn|3\n|\n|t:|1700847088\n|switch|p2a: Tornadus|Tornadus-Therian, M|100\/100\n|-damage|p2a: Tornadus|76\/100|[from] Stealth Rock\n|move|p1a: Kartana|Knock Off|p2a: Tornadus\n|-damage|p2a: Tornadus|38\/100\n|\n|upkeep\n|turn|4\n|\n|t:|1700847116\n|switch|p1a: Chansey|Chansey, F|92\/100\n|move|p2a: Tornadus|Defog|p1a: Chansey\n|-unboost|p1a: Chansey|evasion|1\n|-sideend|p2: NDSNEZ Dan|Stealth Rock|[from] move: Defog|[of] p2a: Tornadus\n|\n|upkeep\n|turn|5\n|\n|t:|1700847121\n|move|p2a: Tornadus|Taunt|p1a: Chansey\n|-start|p1a: Chansey|move: Taunt\n|cant|p1a: Chansey|move: Taunt|Stealth Rock\n|\n|upkeep\n|turn|6\n|\n|t:|1700847128\n|switch|p2a: Ferrothorn|Ferrothorn, M|100\/100\n|move|p1a: Chansey|Seismic Toss|p2a: Ferrothorn\n|-damage|p2a: Ferrothorn|72\/100\n|-damage|p1a: Chansey|79\/100|[from] ability: Iron Barbs|[of] p2a: Ferrothorn\n|\n|-heal|p2a: Ferrothorn|78\/100|[from] item: Leftovers\n|upkeep\n|turn|7\n|\n|t:|1700847132\n|switch|p1a: Kartana|Kartana|100\/100\n|move|p2a: Ferrothorn|Stealth Rock|p1a: Kartana\n|-sidestart|p1: ProDPokemon|move: Stealth Rock\n|\n|-heal|p2a: Ferrothorn|84\/100|[from] item: Leftovers\n|upkeep\n|turn|8\n|\n|t:|1700847136\n|switch|p2a: Tornadus|Tornadus-Therian, M|71\/100\n|move|p1a: Kartana|Sacred Sword|p2a: Tornadus\n|-resisted|p2a: Tornadus\n|-damage|p2a: Tornadus|47\/100\n|\n|upkeep\n|turn|9\n|\n|t:|1700847143\n|switch|p1a: Chansey|Chansey, F|79\/100\n|-damage|p1a: Chansey|67\/100|[from] Stealth Rock\n|move|p2a: Tornadus|Hurricane|p1a: Chansey|[miss]\n|-miss|p2a: Tornadus|p1a: Chansey\n|\n|upkeep\n|turn|10\n|\n|t:|1700847147\n|move|p2a: Tornadus|Taunt|p1a: Chansey\n|-start|p1a: Chansey|move: Taunt\n|move|p1a: Chansey|Seismic Toss|p2a: Tornadus\n|-damage|p2a: Tornadus|17\/100\n|\n|upkeep\n|turn|11\n|\n|t:|1700847149\n|switch|p2a: Gliscor|Gliscor, M|100\/100\n|move|p1a: Chansey|Seismic Toss|p2a: Gliscor\n|-damage|p2a: Gliscor|72\/100\n|\n|-status|p2a: Gliscor|tox|[from] item: Toxic Orb\n|upkeep\n|turn|12\n|\n|t:|1700847155\n|switch|p1a: Quaquaval|Quaquaval, F|100\/100\n|move|p2a: Gliscor|Spikes|p1a: Quaquaval\n|-sidestart|p1: ProDPokemon|Spikes\n|\n|-heal|p2a: Gliscor|85\/100 tox|[from] ability: Poison Heal\n|upkeep\n|turn|13\n|\n|t:|1700847162\n|switch|p2a: Toxapex|Toxapex, M|100\/100\n|move|p1a: Quaquaval|Rapid Spin|p2a: Toxapex\n|-damage|p2a: Toxapex|90\/100\n|-boost|p1a: Quaquaval|spe|1\n|-sideend|p1: ProDPokemon|Spikes|[from] move: Rapid Spin|[of] p1a: Quaquaval\n|-sideend|p1: ProDPokemon|Stealth Rock|[from] move: Rapid Spin|[of] p1a: Quaquaval\n|\n|upkeep\n|turn|14\n|\n|t:|1700847168\n|move|p1a: Quaquaval|U-turn|p2a: Toxapex\n|-resisted|p2a: Toxapex\n|-damage|p2a: Toxapex|84\/100\n|\n|t:|1700847172\n|switch|p1a: Kartana|Kartana|100\/100|[from] U-turn\n|move|p2a: Toxapex|Toxic|p1a: Kartana\n|-immune|p1a: Kartana\n|\n|upkeep\n|turn|15\n|\n|t:|1700847182\n|move|p1a: Kartana|Smart Strike|p2a: Toxapex\n|-resisted|p2a: Toxapex\n|-damage|p2a: Toxapex|67\/100\n|move|p2a: Toxapex|Knock Off|p1a: Kartana\n|-damage|p1a: Kartana|86\/100\n|-enditem|p1a: Kartana|Choice Scarf|[from] move: Knock Off|[of] p2a: Toxapex\n|\n|upkeep\n|turn|16\n|c|\u2606ProDPokemon|tbh ty\n|\n|t:|1700847194\n|switch|p2a: Clefable|Clefable, M|100\/100\n|move|p1a: Kartana|Leaf Blade|p2a: Clefable\n|-damage|p2a: Clefable|53\/100\n|-damage|p1a: Kartana|69\/100|[from] item: Rocky Helmet|[of] p2a: Clefable\n|\n|upkeep\n|turn|17\n|\n|t:|1700847199\n|switch|p2a: Ferrothorn|Ferrothorn, M|84\/100\n|move|p1a: Kartana|Smart Strike|p2a: Ferrothorn\n|-resisted|p2a: Ferrothorn\n|-damage|p2a: Ferrothorn|67\/100\n|-damage|p1a: Kartana|57\/100|[from] ability: Iron Barbs|[of] p2a: Ferrothorn\n|\n|-heal|p2a: Ferrothorn|73\/100|[from] item: Leftovers\n|upkeep\n|turn|18\n|c|\u2606ProDPokemon|you fucking death right niw\n|\n|t:|1700847211\n|switch|p2a: Tornadus|Tornadus-Therian, M|50\/100\n|move|p1a: Kartana|Sacred Sword|p2a: Tornadus\n|-resisted|p2a: Tornadus\n|-damage|p2a: Tornadus|23\/100\n|\n|upkeep\n|turn|19\n|c|\u2606ProDPokemon|now\n|\n|t:|1700847229\n|-zpower|p2a: Tornadus\n|move|p2a: Tornadus|Supersonic Skystrike|p1a: Kartana|[zeffect]\n|-crit|p1a: Kartana\n|-damage|p1a: Kartana|0 fnt\n|faint|p1a: Kartana\n|\n|upkeep\n|\n|t:|1700847235\n|switch|p1a: Chansey|Chansey, F|67\/100\n|turn|20\n|\n|t:|1700847239\n|move|p2a: Tornadus|U-turn|p1a: Chansey\n|-damage|p1a: Chansey|52\/100\n|\n|t:|1700847249\n|switch|p2a: Gliscor|Gliscor, M|85\/100 tox|[from] U-turn\n|move|p1a: Chansey|Stealth Rock|p2a: Gliscor\n|-sidestart|p2: NDSNEZ Dan|move: Stealth Rock\n|\n|-heal|p2a: Gliscor|97\/100 tox|[from] ability: Poison Heal\n|upkeep\n|turn|21\n|\n|t:|1700847268\n|switch|p1a: Skeledirge|Skeledirge, M|100\/100\n|move|p2a: Gliscor|Toxic|p1a: Skeledirge\n|-status|p1a: Skeledirge|tox\n|\n|-heal|p2a: Gliscor|100\/100 tox|[from] ability: Poison Heal\n|-damage|p1a: Skeledirge|94\/100 tox|[from] psn\n|upkeep\n|turn|22\n|\n|t:|1700847274\n|switch|p2a: Toxapex|Toxapex, M|100\/100\n|move|p1a: Skeledirge|Torch Song|p2a: Toxapex\n|-resisted|p2a: Toxapex\n|-damage|p2a: Toxapex|89\/100\n|-boost|p1a: Skeledirge|spa|1\n|\n|-damage|p1a: Skeledirge|82\/100 tox|[from] psn\n|upkeep\n|turn|23\n|\n|t:|1700847279\n|switch|p1a: Chansey|Chansey, F|52\/100\n|move|p2a: Toxapex|Haze|p2a: Toxapex\n|-clearallboost\n|\n|upkeep\n|turn|24\n|\n|t:|1700847282\n|move|p1a: Chansey|Soft-Boiled|p1a: Chansey\n|-heal|p1a: Chansey|100\/100\n|move|p2a: Toxapex|Toxic|p1a: Chansey\n|-status|p1a: Chansey|tox\n|\n|-damage|p1a: Chansey|94\/100 tox|[from] psn\n|upkeep\n|turn|25\n|\n|t:|1700847286\n|move|p1a: Chansey|Seismic Toss|p2a: Toxapex\n|-damage|p2a: Toxapex|56\/100\n|move|p2a: Toxapex|Knock Off|p1a: Chansey\n|-damage|p1a: Chansey|85\/100 tox\n|\n|-damage|p1a: Chansey|73\/100 tox|[from] psn\n|upkeep\n|turn|26\n|\n|t:|1700847291\n|move|p1a: Chansey|Seismic Toss|p2a: Toxapex\n|-damage|p2a: Toxapex|23\/100\n|move|p2a: Toxapex|Toxic|p1a: Chansey\n|-fail|p1a: Chansey|tox\n|\n|-damage|p1a: Chansey|54\/100 tox|[from] psn\n|upkeep\n|turn|27\n|\n|t:|1700847298\n|switch|p2a: Clefable|Clefable, M|53\/100\n|move|p1a: Chansey|Soft-Boiled|p1a: Chansey\n|-heal|p1a: Chansey|100\/100 tox\n|\n|-damage|p1a: Chansey|75\/100 tox|[from] psn\n|upkeep\n|turn|28\n|\n|t:|1700847304\n|-curestatus|p1a: Chansey|tox|[from] ability: Natural Cure\n|switch|p1a: Zapdos|Zapdos|100\/100\n|move|p2a: Clefable|Soft-Boiled|p2a: Clefable\n|-heal|p2a: Clefable|100\/100\n|\n|upkeep\n|turn|29\n|\n|t:|1700847312\n|move|p1a: Zapdos|Hurricane|p2a: Clefable\n|-damage|p2a: Clefable|49\/100\n|move|p2a: Clefable|Calm Mind|p2a: Clefable\n|-boost|p2a: Clefable|spa|1\n|-boost|p2a: Clefable|spd|1\n|\n|upkeep\n|turn|30\n|\n|t:|1700847316\n|move|p1a: Zapdos|Volt Switch|p2a: Clefable\n|-damage|p2a: Clefable|25\/100\n|\n|t:|1700847324\n|switch|p1a: Quaquaval|Quaquaval, F|100\/100|[from] Volt Switch\n|move|p2a: Clefable|Soft-Boiled|p2a: Clefable\n|-heal|p2a: Clefable|75\/100\n|\n|upkeep\n|turn|31\n|\n|t:|1700847330\n|-terastallize|p1a: Quaquaval|Water\n|move|p1a: Quaquaval|Aqua Step|p2a: Clefable\n|-damage|p2a: Clefable|38\/100\n|-boost|p1a: Quaquaval|spe|1\n|-damage|p1a: Quaquaval|84\/100|[from] item: Rocky Helmet|[of] p2a: Clefable\n|move|p2a: Clefable|Moonblast|p1a: Quaquaval\n|-damage|p1a: Quaquaval|28\/100\n|-unboost|p1a: Quaquaval|spa|1\n|\n|upkeep\n|turn|32\n|\n|t:|1700847346\n|switch|p2a: Ferrothorn|Ferrothorn, M|73\/100\n|-damage|p2a: Ferrothorn|67\/100|[from] Stealth Rock\n|move|p1a: Quaquaval|Aqua Step|p2a: Ferrothorn\n|-resisted|p2a: Ferrothorn\n|-damage|p2a: Ferrothorn|47\/100\n|-boost|p1a: Quaquaval|spe|1\n|-damage|p1a: Quaquaval|16\/100|[from] ability: Iron Barbs|[of] p2a: Ferrothorn\n|\n|-heal|p2a: Ferrothorn|53\/100|[from] item: Leftovers\n|upkeep\n|turn|33\n|\n|t:|1700847349\n|switch|p2a: Clefable|Clefable, M|38\/100\n|move|p1a: Quaquaval|Close Combat|p2a: Clefable\n|-resisted|p2a: Clefable\n|-damage|p2a: Clefable|18\/100\n|-unboost|p1a: Quaquaval|def|1\n|-unboost|p1a: Quaquaval|spd|1\n|-damage|p1a: Quaquaval|0 fnt|[from] item: Rocky Helmet|[of] p2a: Clefable\n|faint|p1a: Quaquaval\n|\n|upkeep\n|\n|t:|1700847354\n|switch|p1a: Zapdos|Zapdos|100\/100\n|turn|34\n|\n|t:|1700847363\n|move|p1a: Zapdos|Heat Wave|p2a: Clefable\n|-damage|p2a: Clefable|0 fnt\n|faint|p2a: Clefable\n|\n|upkeep\n|\n|t:|1700847374\n|switch|p2a: Gliscor|Gliscor, M|100\/100 tox\n|-damage|p2a: Gliscor|88\/100 tox|[from] Stealth Rock\n|turn|35\n|\n|t:|1700847378\n|move|p1a: Zapdos|Hurricane|p2a: Gliscor\n|-damage|p2a: Gliscor|39\/100 tox\n|-start|p2a: Gliscor|confusion\n|-activate|p2a: Gliscor|confusion\n|move|p2a: Gliscor|Toxic|p1a: Zapdos\n|-status|p1a: Zapdos|tox\n|\n|-damage|p1a: Zapdos|94\/100 tox|[from] psn\n|-heal|p2a: Gliscor|52\/100 tox|[from] ability: Poison Heal\n|upkeep\n|turn|36\n|\n|t:|1700847387\n|switch|p2a: Latias|Latias, F|100\/100\n|-damage|p2a: Latias|88\/100|[from] Stealth Rock\n|move|p1a: Zapdos|Hurricane|p2a: Latias\n|-damage|p2a: Latias|46\/100\n|-start|p2a: Latias|confusion\n|\n|-damage|p1a: Zapdos|82\/100 tox|[from] psn\n|upkeep\n|turn|37\n|\n|t:|1700847396\n|switch|p1a: Chansey|Chansey, F|75\/100\n|detailschange|p2a: Latias|Latias-Mega, F\n|-mega|p2a: Latias|Latias|Latiasite\n|-activate|p2a: Latias|confusion\n|move|p2a: Latias|Roost|p2a: Latias\n|-heal|p2a: Latias|96\/100\n|-singleturn|p2a: Latias|move: Roost\n|\n|upkeep\n|turn|38\n|\n|t:|1700847402\n|switch|p2a: Gliscor|Gliscor, M|52\/100 tox\n|-damage|p2a: Gliscor|39\/100 tox|[from] Stealth Rock\n|move|p1a: Chansey|Toxic|p2a: Gliscor\n|-fail|p2a: Gliscor|tox\n|\n|-heal|p2a: Gliscor|52\/100 tox|[from] ability: Poison Heal\n|upkeep\n|turn|39\n|\n|t:|1700847409\n|move|p2a: Gliscor|Roost|p2a: Gliscor\n|-heal|p2a: Gliscor|100\/100 tox\n|-singleturn|p2a: Gliscor|move: Roost\n|move|p1a: Chansey|Seismic Toss|p2a: Gliscor\n|-damage|p2a: Gliscor|72\/100 tox\n|\n|-heal|p2a: Gliscor|85\/100 tox|[from] ability: Poison Heal\n|upkeep\n|turn|40\n|\n|t:|1700847413\n|switch|p1a: Zapdos|Zapdos|82\/100 tox\n|move|p2a: Gliscor|Spikes|p1a: Zapdos\n|-sidestart|p1: ProDPokemon|Spikes\n|\n|-damage|p1a: Zapdos|76\/100 tox|[from] psn\n|-heal|p2a: Gliscor|97\/100 tox|[from] ability: Poison Heal\n|upkeep\n|turn|41\n|\n|t:|1700847423\n|move|p1a: Zapdos|Hurricane|p2a: Gliscor|[miss]\n|-miss|p1a: Zapdos|p2a: Gliscor\n|move|p2a: Gliscor|Roost|p2a: Gliscor\n|-heal|p2a: Gliscor|100\/100 tox\n|-singleturn|p2a: Gliscor|move: Roost\n|\n|-damage|p1a: Zapdos|63\/100 tox|[from] psn\n|upkeep\n|turn|42\n|\n|t:|1700847428\n|move|p1a: Zapdos|Hurricane|p2a: Gliscor|[miss]\n|-miss|p1a: Zapdos|p2a: Gliscor\n|move|p2a: Gliscor|Spikes|p1a: Zapdos\n|-sidestart|p1: ProDPokemon|Spikes\n|\n|-damage|p1a: Zapdos|44\/100 tox|[from] psn\n|upkeep\n|turn|43\n|\n|t:|1700847434\n|move|p1a: Zapdos|Roost|p1a: Zapdos\n|-heal|p1a: Zapdos|95\/100 tox\n|-singleturn|p1a: Zapdos|move: Roost\n|move|p2a: Gliscor|Earthquake|p1a: Zapdos\n|-supereffective|p1a: Zapdos\n|-damage|p1a: Zapdos|9\/100 tox\n|\n|-damage|p1a: Zapdos|0 fnt|[from] psn\n|faint|p1a: Zapdos\n|upkeep\n|\n|t:|1700847440\n|switch|p1a: Gardevoir|Gardevoir, F|100\/100\n|-damage|p1a: Gardevoir|84\/100|[from] Spikes\n|turn|44\n|\n|t:|1700847450\n|detailschange|p1a: Gardevoir|Gardevoir-Mega, F\n|-mega|p1a: Gardevoir|Gardevoir|Gardevoirite\n|move|p1a: Gardevoir|Calm Mind|p1a: Gardevoir\n|-boost|p1a: Gardevoir|spa|1\n|-boost|p1a: Gardevoir|spd|1\n|move|p2a: Gliscor|Earthquake|p1a: Gardevoir\n|-damage|p1a: Gardevoir|28\/100\n|\n|upkeep\n|turn|45\n|\n|t:|1700847459\n|-terastallize|p2a: Gliscor|Steel\n|move|p1a: Gardevoir|Hyper Voice|p2a: Gliscor\n|-resisted|p2a: Gliscor\n|-damage|p2a: Gliscor|59\/100 tox\n|move|p2a: Gliscor|Earthquake|p1a: Gardevoir\n|-damage|p1a: Gardevoir|0 fnt\n|faint|p1a: Gardevoir\n|\n|-heal|p2a: Gliscor|71\/100 tox|[from] ability: Poison Heal\n|upkeep\n|\n|t:|1700847463\n|switch|p1a: Skeledirge|Skeledirge, M|82\/100 tox\n|turn|46\n|\n|t:|1700847473\n|move|p2a: Gliscor|Earthquake|p1a: Skeledirge\n|-supereffective|p1a: Skeledirge\n|-damage|p1a: Skeledirge|42\/100 tox\n|move|p1a: Skeledirge|Torch Song|p2a: Gliscor\n|-supereffective|p2a: Gliscor\n|-damage|p2a: Gliscor|21\/100 tox\n|-boost|p1a: Skeledirge|spa|1\n|\n|-heal|p2a: Gliscor|34\/100 tox|[from] ability: Poison Heal\n|-damage|p1a: Skeledirge|35\/100 tox|[from] psn\n|upkeep\n|turn|47\n|\n|t:|1700847483\n|move|p2a: Gliscor|Earthquake|p1a: Skeledirge\n|-supereffective|p1a: Skeledirge\n|-crit|p1a: Skeledirge\n|-damage|p1a: Skeledirge|0 fnt\n|faint|p1a: Skeledirge\n|\n|-heal|p2a: Gliscor|46\/100 tox|[from] ability: Poison Heal\n|upkeep\n|\n|t:|1700847489\n|switch|p1a: Chansey|Chansey, F|75\/100\n|-damage|p1a: Chansey|59\/100|[from] Spikes\n|turn|48\n|c|\u2606NDSNEZ Dan|spoke too soon it seems\n|\n|t:|1700847494\n|move|p2a: Gliscor|Roost|p2a: Gliscor\n|-heal|p2a: Gliscor|96\/100 tox\n|move|p1a: Chansey|Soft-Boiled|p1a: Chansey\n|-heal|p1a: Chansey|100\/100\n|\n|-heal|p2a: Gliscor|100\/100 tox|[from] ability: Poison Heal\n|upkeep\n|turn|49\n|c|\u2606ProDPokemon|ye you just toxic spammer\n|c|\u2606ProDPokemon|wite no skills\n|\n|t:|1700847517\n|move|p2a: Gliscor|Toxic|p1a: Chansey\n|-status|p1a: Chansey|tox\n|move|p1a: Chansey|Seismic Toss|p2a: Gliscor\n|-damage|p2a: Gliscor|72\/100 tox\n|\n|-heal|p2a: Gliscor|85\/100 tox|[from] ability: Poison Heal\n|-damage|p1a: Chansey|94\/100 tox|[from] psn\n|upkeep\n|turn|50\n|c|\u2606ProDPokemon|see\n|\n|t:|1700847533\n|move|p2a: Gliscor|Earthquake|p1a: Chansey\n|-damage|p1a: Chansey|64\/100 tox\n|move|p1a: Chansey|Seismic Toss|p2a: Gliscor\n|-damage|p2a: Gliscor|56\/100 tox\n|\n|-heal|p2a: Gliscor|69\/100 tox|[from] ability: Poison Heal\n|-damage|p1a: Chansey|51\/100 tox|[from] psn\n|upkeep\n|turn|51\n|c|\u2606ProDPokemon|why are you even playing pokemon ?\n|c|\u2606NDSNEZ Dan|cause its fun\n|\n|t:|1700847554\n|move|p2a: Gliscor|Earthquake|p1a: Chansey\n|-damage|p1a: Chansey|18\/100 tox\n|move|p1a: Chansey|Soft-Boiled|p1a: Chansey\n|-heal|p1a: Chansey|68\/100 tox\n|\n|-heal|p2a: Gliscor|81\/100 tox|[from] ability: Poison Heal\n|-damage|p1a: Chansey|50\/100 tox|[from] psn\n|upkeep\n|turn|52\n|c|\u2606NDSNEZ Dan|idk why your so salty\n|\n|t:|1700847564\n|move|p2a: Gliscor|Earthquake|p1a: Chansey\n|-damage|p1a: Chansey|19\/100 tox\n|move|p1a: Chansey|Seismic Toss|p2a: Gliscor\n|-damage|p2a: Gliscor|53\/100 tox\n|\n|-heal|p2a: Gliscor|65\/100 tox|[from] ability: Poison Heal\n|-damage|p1a: Chansey|0 fnt|[from] psn\n|faint|p1a: Chansey\n|\n|win|NDSNEZ Dan\n|upkeep\n|raw|ProDPokemon's rating: 1079 &rarr; <strong>1055<\/strong><br \/>(-24 for losing)\n|raw|NDSNEZ Dan's rating: 1044 &rarr; <strong>1081<\/strong><br \/>(+37 for winning)\n|c|\u2606ProDPokemon|you so toxic\n|c|\u2606ProDPokemon|fr\n|l|\u2606ProDPokemon\n|c|\u2606NDSNEZ Dan|keep teeling yourself that\n|j| Ineros\n|j| The power of ROCK\n|l| The power of ROCK\n|l| Ineros\n|l|\u2606NDSNEZ Dan\n|j| Danwithnoplan\n","uploadtime":1700847211,"views":1,"p1id":"prodpokemon","p2id":"ndsnezdan","formatid":"gen9nationaldex","rating":1055,"private":0,"password":""}