{"id":"gen9nationaldex-1993589526","p1":"K. Repola","p2":"TPX05","format":"[Gen 9] National Dex","log":"|j|\u2606K. Repola\n|j|\u2606TPX05\n|t:|1700334978\n|gametype|singles\n|player|p1|K. Repola|gentleman|1435\n|player|p2|TPX05|kieran|1606\n|teamsize|p1|6\n|teamsize|p2|6\n|gen|9\n|tier|[Gen 9] National Dex\n|rated|\n|rule|HP Percentage Mod: HP is shown in percentages\n|rule|Endless Battle Clause: Forcing endless battles is banned\n|rule|OHKO Clause: OHKO moves are banned\n|rule|Evasion Clause: Evasion abilities, items, and moves are banned\n|rule|Evasion Abilities Clause: Evasion abilities are banned\n|rule|Evasion Items Clause: Evasion items are banned\n|rule|Evasion Moves Clause: Evasion moves are banned\n|rule|Species Clause: Limit one of each Pok\u00e9mon\n|rule|Sleep Clause Mod: Limit one foe put to sleep\n|clearpoke\n|poke|p1|Koffing, F|\n|poke|p1|Corsola-Galar, M|\n|poke|p1|Whimsicott, M|\n|poke|p1|Toxapex, M|\n|poke|p1|Gliscor, M|\n|poke|p1|Blissey, F|\n|poke|p2|Excadrill, F|\n|poke|p2|Pinsir, F|\n|poke|p2|Sneasler, F|\n|poke|p2|Rillaboom, M|\n|poke|p2|Staraptor, M|\n|poke|p2|Magnezone|\n|teampreview\n|inactive|Battle timer is ON: inactive players will automatically lose when time's up. (requested by TPX05)\n|c|\u2606K. Repola|greetings\n|j| Weirdmenace\n|l| Weirdmenace\n|c|\u2606TPX05|good luck\n|\n|t:|1700334998\n|start\n|switch|p1a: Slepe|Gliscor, M|100\/100\n|switch|p2a: Excadrill|Excadrill, F|100\/100\n|-ability|p2a: Excadrill|Mold Breaker\n|turn|1\n|\n|t:|1700335003\n|move|p2a: Excadrill|Stealth Rock|p1a: Slepe\n|-sidestart|p1: K. Repola|move: Stealth Rock\n|move|p1a: Slepe|Earthquake|p2a: Excadrill\n|-supereffective|p2a: Excadrill\n|-crit|p2a: Excadrill\n|-damage|p2a: Excadrill|0 fnt\n|faint|p2a: Excadrill\n|\n|-status|p1a: Slepe|tox|[from] item: Toxic Orb\n|upkeep\n|\n|t:|1700335011\n|switch|p2a: Rillaboom|Rillaboom, M|100\/100\n|-fieldstart|move: Grassy Terrain|[from] ability: Grassy Surge|[of] p2a: Rillaboom\n|turn|2\n|\n|t:|1700335037\n|move|p2a: Rillaboom|Wood Hammer|p1a: Slepe\n|-damage|p1a: Slepe|34\/100 tox\n|-damage|p2a: Rillaboom|78\/100|[from] Recoil\n|move|p1a: Slepe|Defog|p2a: Rillaboom\n|-unboost|p2a: Rillaboom|evasion|1\n|-sideend|p1: K. Repola|Stealth Rock|[from] move: Defog|[of] p1a: Slepe\n|-fieldend|move: Grassy Terrain\n|\n|-heal|p1a: Slepe|47\/100 tox|[from] ability: Poison Heal\n|upkeep\n|turn|3\n|\n|t:|1700335051\n|switch|p2a: Pinsir|Pinsir, F|100\/100\n|switch|p1a: T\u00e4ht\u00f6|Toxapex, M|100\/100\n|\n|upkeep\n|turn|4\n|\n|t:|1700335060\n|switch|p2a: Rillaboom|Rillaboom, M|78\/100\n|-fieldstart|move: Grassy Terrain|[from] ability: Grassy Surge|[of] p2a: Rillaboom\n|move|p1a: T\u00e4ht\u00f6|Ice Spinner|p2a: Rillaboom\n|-supereffective|p2a: Rillaboom\n|-crit|p2a: Rillaboom\n|-damage|p2a: Rillaboom|25\/100\n|-fieldend|move: Grassy Terrain\n|\n|upkeep\n|turn|5\n|\n|t:|1700335069\n|move|p2a: Rillaboom|U-turn|p1a: T\u00e4ht\u00f6\n|-resisted|p1a: T\u00e4ht\u00f6\n|-crit|p1a: T\u00e4ht\u00f6\n|-damage|p1a: T\u00e4ht\u00f6|83\/100\n|-damage|p2a: Rillaboom|9\/100|[from] item: Rocky Helmet|[of] p1a: T\u00e4ht\u00f6\n|\n|t:|1700335073\n|switch|p2a: Magnezone|Magnezone|100\/100|[from] U-turn\n|move|p1a: T\u00e4ht\u00f6|Ice Spinner|p2a: Magnezone\n|-resisted|p2a: Magnezone\n|-damage|p2a: Magnezone|94\/100\n|\n|-heal|p2a: Magnezone|99\/100|[from] item: Leftovers\n|upkeep\n|turn|6\n|\n|t:|1700335083\n|switch|p1a: Emmi|Blissey, F|100\/100\n|move|p2a: Magnezone|Iron Defense|p2a: Magnezone\n|-boost|p2a: Magnezone|def|2\n|\n|-heal|p2a: Magnezone|100\/100|[from] item: Leftovers\n|upkeep\n|turn|7\n|inactive|K. Repola has 120 seconds left.\n|\n|t:|1700335116\n|switch|p1a: Slepe|Gliscor, M|47\/100 tox\n|move|p2a: Magnezone|Body Press|p1a: Slepe\n|-resisted|p1a: Slepe\n|-damage|p1a: Slepe|31\/100 tox\n|\n|-heal|p1a: Slepe|43\/100 tox|[from] ability: Poison Heal\n|upkeep\n|turn|8\n|\n|t:|1700335124\n|switch|p2a: Pinsir|Pinsir, F|100\/100\n|move|p1a: Slepe|Earthquake|p2a: Pinsir\n|-resisted|p2a: Pinsir\n|-damage|p2a: Pinsir|77\/100\n|\n|-heal|p1a: Slepe|56\/100 tox|[from] ability: Poison Heal\n|upkeep\n|turn|9\n|\n|t:|1700335134\n|detailschange|p2a: Pinsir|Pinsir-Mega, F\n|-mega|p2a: Pinsir|Pinsir|Pinsirite\n|move|p2a: Pinsir|Swords Dance|p2a: Pinsir\n|-boost|p2a: Pinsir|atk|2\n|move|p1a: Slepe|Dual Wingbeat|p2a: Pinsir\n|-supereffective|p2a: Pinsir\n|-damage|p2a: Pinsir|46\/100\n|-supereffective|p2a: Pinsir\n|-damage|p2a: Pinsir|17\/100\n|-hitcount|p2a: Pinsir|2\n|\n|-heal|p1a: Slepe|68\/100 tox|[from] ability: Poison Heal\n|upkeep\n|turn|10\n|\n|t:|1700335149\n|switch|p1a: T\u00e4ht\u00f6|Toxapex, M|100\/100\n|move|p2a: Pinsir|Return|p1a: T\u00e4ht\u00f6\n|-damage|p1a: T\u00e4ht\u00f6|7\/100\n|-damage|p2a: Pinsir|0 fnt|[from] item: Rocky Helmet|[of] p1a: T\u00e4ht\u00f6\n|faint|p2a: Pinsir\n|\n|upkeep\n|\n|t:|1700335154\n|switch|p2a: Magnezone|Magnezone|100\/100\n|turn|11\n|inactive|K. Repola has 120 seconds left.\n|\n|t:|1700335175\n|move|p2a: Magnezone|Flash Cannon|p1a: T\u00e4ht\u00f6\n|-resisted|p1a: T\u00e4ht\u00f6\n|-damage|p1a: T\u00e4ht\u00f6|0 fnt\n|faint|p1a: T\u00e4ht\u00f6\n|\n|upkeep\n|\n|t:|1700335180\n|switch|p1a: Slepe|Gliscor, M|68\/100 tox\n|turn|12\n|\n|t:|1700335189\n|switch|p2a: Staraptor|Staraptor, M|100\/100\n|move|p1a: Slepe|Earthquake|p2a: Staraptor\n|-immune|p2a: Staraptor\n|\n|-heal|p1a: Slepe|80\/100 tox|[from] ability: Poison Heal\n|upkeep\n|turn|13\n|\n|t:|1700335201\n|switch|p1a: Korkki|Corsola-Galar, M|100\/100\n|move|p2a: Staraptor|Brave Bird|p1a: Korkki\n|-damage|p1a: Korkki|64\/100\n|-damage|p2a: Staraptor|88\/100|[from] Recoil\n|\n|upkeep\n|turn|14\n|-message|TPX05 forfeited.\n|\n|win|K. Repola\n|raw|K. Repola's rating: 1435 &rarr; <strong>1464<\/strong><br \/>(+29 for winning)\n|raw|TPX05's rating: 1606 &rarr; <strong>1577<\/strong><br \/>(-29 for losing)\n|l|\u2606TPX05\n|c|\u2606K. Repola|gg\n","uploadtime":1700335245,"views":17,"p1id":"krepola","p2id":"tpx05","formatid":"gen9nationaldex","rating":1464,"private":0,"password":""}