{"id":"gen9nationaldex-1998035839","p1":"NDSNEZyedropwhen","p2":"buzhouliumo","format":"[Gen 9] National Dex","log":"|html|<div class=\"broadcast-blue\"><strong>[Gen 9] National Dex is currently suspecting Sneasler! For information on how to participate check out the <a href=\"https:\/\/www.smogon.com\/forums\/threads\/sv-national-dex-suspect-8-just-dance.3731534\/\">suspect thread<\/a>.<\/strong><\/div>\n|j|\u2606NDSNEZyedropwhen\n|j|\u2606buzhouliumo\n|t:|1700881866\n|gametype|singles\n|player|p1|NDSNEZyedropwhen|adaman|1359\n|player|p2|buzhouliumo|hilda|1269\n|teamsize|p1|6\n|teamsize|p2|6\n|gen|9\n|tier|[Gen 9] National Dex\n|rated|\n|rule|HP Percentage Mod: HP is shown in percentages\n|rule|Endless Battle Clause: Forcing endless battles is banned\n|rule|OHKO Clause: OHKO moves are banned\n|rule|Evasion Clause: Evasion abilities, items, and moves are banned\n|rule|Evasion Abilities Clause: Evasion abilities are banned\n|rule|Evasion Items Clause: Evasion items are banned\n|rule|Evasion Moves Clause: Evasion moves are banned\n|rule|Species Clause: Limit one of each Pok\u00e9mon\n|rule|Sleep Clause Mod: Limit one foe put to sleep\n|clearpoke\n|poke|p1|Toxapex, F|\n|poke|p1|Dondozo, M|\n|poke|p1|Gliscor, F|\n|poke|p1|Blissey, F|\n|poke|p1|Corviknight, F|\n|poke|p1|Tyranitar, M|\n|poke|p2|Hippowdon, F|\n|poke|p2|Ogerpon-Cornerstone, F|\n|poke|p2|Alomomola, F|\n|poke|p2|Steelix, F|\n|poke|p2|Rillaboom, M|\n|poke|p2|Rotom-Heat|\n|teampreview\n|inactive|Battle timer is ON: inactive players will automatically lose when time's up. (requested by buzhouliumo)\n|\n|t:|1700881876\n|start\n|switch|p1a: Gliscor|Gliscor, F|100\/100\n|switch|p2a: Hippowdon|Hippowdon, F|100\/100\n|-weather|Sandstorm|[from] ability: Sand Stream|[of] p2a: Hippowdon\n|turn|1\n|\n|t:|1700881882\n|move|p1a: Gliscor|Protect|p1a: Gliscor\n|-singleturn|p1a: Gliscor|Protect\n|move|p2a: Hippowdon|Whirlwind|p1a: Gliscor\n|drag|p1a: Dondozo|Dondozo, M|100\/100\n|\n|-weather|Sandstorm|[upkeep]\n|-damage|p1a: Dondozo|94\/100|[from] Sandstorm\n|upkeep\n|turn|2\n|\n|t:|1700881890\n|switch|p1a: Gliscor|Gliscor, F|100\/100\n|move|p2a: Hippowdon|Toxic|p1a: Gliscor\n|-status|p1a: Gliscor|tox\n|\n|-weather|Sandstorm|[upkeep]\n|upkeep\n|turn|3\n|\n|t:|1700881896\n|move|p1a: Gliscor|Spikes|p2a: Hippowdon\n|-sidestart|p2: buzhouliumo|Spikes\n|move|p2a: Hippowdon|Whirlwind|p1a: Gliscor\n|drag|p1a: Blissey|Blissey, F|100\/100\n|\n|-weather|Sandstorm|[upkeep]\n|-damage|p1a: Blissey|94\/100|[from] Sandstorm\n|upkeep\n|turn|4\n|\n|t:|1700881900\n|switch|p1a: Dondozo|Dondozo, M|94\/100\n|move|p2a: Hippowdon|Stealth Rock|p1a: Dondozo\n|-sidestart|p1: NDSNEZyedropwhen|move: Stealth Rock\n|\n|-weather|Sandstorm|[upkeep]\n|-damage|p1a: Dondozo|88\/100|[from] Sandstorm\n|upkeep\n|turn|5\n|\n|t:|1700881904\n|switch|p1a: Corviknight|Corviknight, F|100\/100\n|-damage|p1a: Corviknight|88\/100|[from] Stealth Rock\n|-ability|p1a: Corviknight|Pressure\n|move|p2a: Hippowdon|Whirlwind|p1a: Corviknight\n|drag|p1a: Blissey|Blissey, F|94\/100\n|\n|-weather|none\n|upkeep\n|turn|6\n|\n|t:|1700881915\n|switch|p1a: Corviknight|Corviknight, F|88\/100\n|-damage|p1a: Corviknight|75\/100|[from] Stealth Rock\n|-ability|p1a: Corviknight|Pressure\n|switch|p2a: Rotom|Rotom-Heat|100\/100\n|\n|-heal|p1a: Corviknight|82\/100|[from] item: Leftovers\n|upkeep\n|turn|7\n|\n|t:|1700881922\n|switch|p1a: Tyranitar|Tyranitar, M|100\/100\n|-damage|p1a: Tyranitar|88\/100|[from] Stealth Rock\n|-weather|Sandstorm|[from] ability: Sand Stream|[of] p1a: Tyranitar\n|move|p2a: Rotom|Defog|p1a: Tyranitar\n|-unboost|p1a: Tyranitar|evasion|1\n|-sideend|p1: NDSNEZyedropwhen|Stealth Rock|[from] move: Defog|[of] p2a: Rotom\n|-sideend|p2: buzhouliumo|Spikes|[from] move: Defog|[of] p2a: Rotom\n|\n|-weather|Sandstorm|[upkeep]\n|-damage|p2a: Rotom|94\/100|[from] Sandstorm\n|upkeep\n|turn|8\n|\n|t:|1700881927\n|detailschange|p1a: Tyranitar|Tyranitar-Mega, M\n|-mega|p1a: Tyranitar|Tyranitar|Tyranitarite\n|move|p2a: Rotom|Volt Switch|p1a: Tyranitar\n|-damage|p1a: Tyranitar|77\/100\n|\n|t:|1700881935\n|switch|p2a: Rillaboom|Rillaboom, M|100\/100|[from] Volt Switch\n|-fieldstart|move: Grassy Terrain|[from] ability: Grassy Surge|[of] p2a: Rillaboom\n|move|p1a: Tyranitar|Knock Off|p2a: Rillaboom\n|-damage|p2a: Rillaboom|49\/100\n|-enditem|p2a: Rillaboom|Terrain Extender|[from] move: Knock Off|[of] p1a: Tyranitar\n|\n|-weather|Sandstorm|[upkeep]\n|-damage|p2a: Rillaboom|43\/100|[from] Sandstorm\n|-heal|p2a: Rillaboom|49\/100|[from] Grassy Terrain\n|-heal|p1a: Tyranitar|84\/100|[from] Grassy Terrain\n|upkeep\n|turn|9\n|\n|t:|1700881946\n|switch|p1a: Corviknight|Corviknight, F|82\/100\n|-ability|p1a: Corviknight|Pressure\n|move|p2a: Rillaboom|U-turn|p1a: Corviknight\n|-resisted|p1a: Corviknight\n|-damage|p1a: Corviknight|77\/100\n|\n|t:|1700881952\n|switch|p2a: Rotom|Rotom-Heat|94\/100|[from] U-turn\n|\n|-weather|Sandstorm|[upkeep]\n|-damage|p2a: Rotom|88\/100|[from] Sandstorm\n|-heal|p1a: Corviknight|83\/100|[from] item: Leftovers\n|upkeep\n|turn|10\n|\n|t:|1700881959\n|switch|p1a: Tyranitar|Tyranitar-Mega, M|84\/100\n|move|p2a: Rotom|Will-O-Wisp|p1a: Tyranitar\n|-status|p1a: Tyranitar|brn\n|\n|-weather|Sandstorm|[upkeep]\n|-damage|p2a: Rotom|82\/100|[from] Sandstorm\n|-heal|p1a: Tyranitar|90\/100 brn|[from] Grassy Terrain\n|-damage|p1a: Tyranitar|84\/100 brn|[from] brn\n|upkeep\n|turn|11\n|\n|t:|1700881966\n|move|p2a: Rotom|Volt Switch|p1a: Tyranitar\n|-damage|p1a: Tyranitar|73\/100 brn\n|\n|t:|1700881970\n|switch|p2a: Steelix|Steelix, F|100\/100|[from] Volt Switch\n|move|p1a: Tyranitar|Knock Off|p2a: Steelix\n|-damage|p2a: Steelix|93\/100\n|\n|-weather|none\n|-heal|p1a: Tyranitar|79\/100 brn|[from] Grassy Terrain\n|-heal|p2a: Steelix|99\/100|[from] Grassy Terrain\n|-damage|p1a: Tyranitar|73\/100 brn|[from] brn\n|upkeep\n|turn|12\n|\n|t:|1700881977\n|switch|p1a: Gliscor|Gliscor, F|100\/100 tox\n|detailschange|p2a: Steelix|Steelix-Mega, F\n|-mega|p2a: Steelix|Steelix|Steelixite\n|move|p2a: Steelix|Body Press|p1a: Gliscor\n|-resisted|p1a: Gliscor\n|-crit|p1a: Gliscor\n|-damage|p1a: Gliscor|78\/100 tox\n|\n|-heal|p2a: Steelix|100\/100|[from] Grassy Terrain\n|-heal|p1a: Gliscor|91\/100 tox|[from] ability: Poison Heal\n|upkeep\n|turn|13\n|\n|t:|1700881991\n|move|p1a: Gliscor|Toxic|p2a: Steelix\n|-immune|p2a: Steelix\n|move|p2a: Steelix|Iron Head|p1a: Gliscor\n|-damage|p1a: Gliscor|69\/100 tox\n|\n|-heal|p1a: Gliscor|81\/100 tox|[from] ability: Poison Heal\n|upkeep\n|turn|14\n|\n|t:|1700882016\n|switch|p2a: Alomomola|Alomomola, F|100\/100\n|move|p1a: Gliscor|Spikes|p2a: Alomomola\n|-sidestart|p2: buzhouliumo|Spikes\n|\n|-heal|p1a: Gliscor|93\/100 tox|[from] ability: Poison Heal\n|upkeep\n|turn|15\n|\n|t:|1700882032\n|move|p1a: Gliscor|Toxic|p2a: Alomomola|[miss]\n|-miss|p1a: Gliscor|p2a: Alomomola\n|move|p2a: Alomomola|Knock Off|p1a: Gliscor\n|-damage|p1a: Gliscor|84\/100 tox\n|-enditem|p1a: Gliscor|Toxic Orb|[from] move: Knock Off|[of] p2a: Alomomola\n|\n|-heal|p1a: Gliscor|96\/100 tox|[from] ability: Poison Heal\n|-fieldend|move: Grassy Terrain\n|upkeep\n|turn|16\n|\n|t:|1700882038\n|move|p1a: Gliscor|Toxic|p2a: Alomomola|[miss]\n|-miss|p1a: Gliscor|p2a: Alomomola\n|move|p2a: Alomomola|Flip Turn|p1a: Gliscor\n|-supereffective|p1a: Gliscor\n|-damage|p1a: Gliscor|74\/100 tox\n|c|\u2606buzhouliumo|\u4e50\n|\n|t:|1700882053\n|switch|p2a: Rotom|Rotom-Heat|82\/100|[from] Flip Turn\n|\n|-heal|p1a: Gliscor|86\/100 tox|[from] ability: Poison Heal\n|upkeep\n|turn|17\n|\n|t:|1700882064\n|-terastallize|p2a: Rotom|Poison\n|move|p1a: Gliscor|Protect|p1a: Gliscor\n|-singleturn|p1a: Gliscor|Protect\n|move|p2a: Rotom|Overheat|p1a: Gliscor\n|-activate|p1a: Gliscor|move: Protect\n|\n|-heal|p1a: Gliscor|99\/100 tox|[from] ability: Poison Heal\n|upkeep\n|turn|18\n|c|\u2606NDSNEZyedropwhen|\u5f88\u9ad8\u5174\n|inactive|NDSNEZyedropwhen has 120 seconds left.\n|\n|t:|1700882095\n|move|p1a: Gliscor|Spikes|p2a: Rotom\n|-sidestart|p2: buzhouliumo|Spikes\n|move|p2a: Rotom|Volt Switch|p1a: Gliscor\n|-immune|p1a: Gliscor\n|\n|-heal|p1a: Gliscor|100\/100 tox|[from] ability: Poison Heal\n|upkeep\n|turn|19\n|\n|t:|1700882099\n|move|p1a: Gliscor|Spikes|p2a: Rotom\n|-sidestart|p2: buzhouliumo|Spikes\n|move|p2a: Rotom|Defog|p1a: Gliscor\n|-unboost|p1a: Gliscor|evasion|1\n|-sideend|p2: buzhouliumo|Spikes|[from] move: Defog|[of] p2a: Rotom\n|\n|upkeep\n|turn|20\n|\n|t:|1700882104\n|move|p1a: Gliscor|Spikes|p2a: Rotom\n|-sidestart|p2: buzhouliumo|Spikes\n|move|p2a: Rotom|Overheat|p1a: Gliscor\n|-damage|p1a: Gliscor|42\/100 tox\n|-unboost|p2a: Rotom|spa|2\n|\n|-heal|p1a: Gliscor|54\/100 tox|[from] ability: Poison Heal\n|upkeep\n|turn|21\n|\n|t:|1700882111\n|move|p1a: Gliscor|Protect|p1a: Gliscor\n|-singleturn|p1a: Gliscor|Protect\n|move|p2a: Rotom|Volt Switch|p1a: Gliscor\n|-activate|p1a: Gliscor|move: Protect\n|\n|-heal|p1a: Gliscor|67\/100 tox|[from] ability: Poison Heal\n|upkeep\n|turn|22\n|\n|t:|1700882115\n|move|p1a: Gliscor|Spikes|p2a: Rotom\n|-sidestart|p2: buzhouliumo|Spikes\n|move|p2a: Rotom|Will-O-Wisp||[still]\n|-fail|p2a: Rotom\n|\n|-heal|p1a: Gliscor|79\/100 tox|[from] ability: Poison Heal\n|upkeep\n|turn|23\n|\n|t:|1700882120\n|switch|p1a: Tyranitar|Tyranitar-Mega, M|73\/100 brn\n|-weather|Sandstorm|[from] ability: Sand Stream|[of] p1a: Tyranitar\n|move|p2a: Rotom|Defog|p1a: Tyranitar\n|-unboost|p1a: Tyranitar|evasion|1\n|-sideend|p2: buzhouliumo|Spikes|[from] move: Defog|[of] p2a: Rotom\n|\n|-weather|Sandstorm|[upkeep]\n|-damage|p2a: Rotom|75\/100|[from] Sandstorm\n|-damage|p1a: Tyranitar|67\/100 brn|[from] brn\n|upkeep\n|turn|24\n|\n|t:|1700882125\n|move|p2a: Rotom|Volt Switch|p1a: Tyranitar\n|-damage|p1a: Tyranitar|61\/100 brn\n|\n|t:|1700882134\n|switch|p2a: Rillaboom|Rillaboom, M|49\/100|[from] Volt Switch\n|-fieldstart|move: Grassy Terrain|[from] ability: Grassy Surge|[of] p2a: Rillaboom\n|move|p1a: Tyranitar|Rest|p1a: Tyranitar\n|-status|p1a: Tyranitar|slp|[from] move: Rest\n|-heal|p1a: Tyranitar|100\/100 slp|[silent]\n|\n|-weather|Sandstorm|[upkeep]\n|-damage|p2a: Rillaboom|43\/100|[from] Sandstorm\n|-heal|p2a: Rillaboom|49\/100|[from] Grassy Terrain\n|upkeep\n|turn|25\n|\n|t:|1700882140\n|switch|p1a: Corviknight|Corviknight, F|83\/100\n|-ability|p1a: Corviknight|Pressure\n|move|p2a: Rillaboom|Low Kick|p1a: Corviknight\n|-damage|p1a: Corviknight|60\/100\n|\n|-weather|Sandstorm|[upkeep]\n|-damage|p2a: Rillaboom|43\/100|[from] Sandstorm\n|-heal|p2a: Rillaboom|49\/100|[from] Grassy Terrain\n|-heal|p1a: Corviknight|66\/100|[from] item: Leftovers\n|upkeep\n|turn|26\n|\n|t:|1700882145\n|move|p2a: Rillaboom|U-turn|p1a: Corviknight\n|-resisted|p1a: Corviknight\n|-damage|p1a: Corviknight|62\/100\n|\n|t:|1700882151\n|switch|p2a: Rotom|Rotom-Heat, tera:Poison|75\/100|[from] U-turn\n|move|p1a: Corviknight|Roost|p1a: Corviknight\n|-heal|p1a: Corviknight|100\/100\n|-singleturn|p1a: Corviknight|move: Roost\n|\n|-weather|Sandstorm|[upkeep]\n|-damage|p2a: Rotom|69\/100|[from] Sandstorm\n|upkeep\n|turn|27\n|\n|t:|1700882156\n|switch|p1a: Toxapex|Toxapex, F|100\/100\n|move|p2a: Rotom|Overheat|p1a: Toxapex\n|-resisted|p1a: Toxapex\n|-damage|p1a: Toxapex|80\/100\n|-unboost|p2a: Rotom|spa|2\n|\n|-weather|none\n|-heal|p1a: Toxapex|86\/100|[from] Grassy Terrain\n|upkeep\n|turn|28\n|\n|t:|1700882161\n|switch|p1a: Gliscor|Gliscor, F|79\/100 tox\n|move|p2a: Rotom|Will-O-Wisp||[still]\n|-fail|p2a: Rotom\n|\n|-heal|p1a: Gliscor|91\/100 tox|[from] ability: Poison Heal\n|-fieldend|move: Grassy Terrain\n|upkeep\n|turn|29\n|\n|t:|1700882172\n|switch|p1a: Tyranitar|Tyranitar-Mega, M|100\/100 slp\n|-weather|Sandstorm|[from] ability: Sand Stream|[of] p1a: Tyranitar\n|switch|p2a: Hippowdon|Hippowdon, F|100\/100\n|\n|-weather|Sandstorm|[upkeep]\n|upkeep\n|turn|30\n|\n|t:|1700882177\n|switch|p1a: Gliscor|Gliscor, F|91\/100 tox\n|move|p2a: Hippowdon|Whirlwind|p1a: Gliscor\n|drag|p1a: Blissey|Blissey, F|94\/100\n|\n|-weather|Sandstorm|[upkeep]\n|-damage|p1a: Blissey|88\/100|[from] Sandstorm\n|upkeep\n|turn|31\n|\n|t:|1700882181\n|switch|p1a: Corviknight|Corviknight, F|100\/100\n|-ability|p1a: Corviknight|Pressure\n|move|p2a: Hippowdon|Whirlwind|p1a: Corviknight\n|drag|p1a: Toxapex|Toxapex, F|100\/100\n|\n|-weather|Sandstorm|[upkeep]\n|-damage|p1a: Toxapex|95\/100|[from] Sandstorm\n|upkeep\n|turn|32\n|\n|t:|1700882185\n|move|p2a: Hippowdon|Stealth Rock|p1a: Toxapex\n|-sidestart|p1: NDSNEZyedropwhen|move: Stealth Rock\n|move|p1a: Toxapex|Toxic|p2a: Hippowdon\n|-status|p2a: Hippowdon|tox\n|\n|-weather|Sandstorm|[upkeep]\n|-damage|p1a: Toxapex|89\/100|[from] Sandstorm\n|-damage|p2a: Hippowdon|94\/100 tox|[from] psn\n|upkeep\n|turn|33\n|\n|t:|1700882188\n|move|p1a: Toxapex|Knock Off|p2a: Hippowdon\n|-damage|p2a: Hippowdon|84\/100 tox\n|-enditem|p2a: Hippowdon|Leftovers|[from] move: Knock Off|[of] p1a: Toxapex\n|move|p2a: Hippowdon|Whirlwind|p1a: Toxapex\n|drag|p1a: Gliscor|Gliscor, F|91\/100 tox\n|-damage|p1a: Gliscor|79\/100 tox|[from] Stealth Rock\n|\n|-weather|none\n|-heal|p1a: Gliscor|91\/100 tox|[from] ability: Poison Heal\n|-damage|p2a: Hippowdon|72\/100 tox|[from] psn\n|upkeep\n|turn|34\n|\n|t:|1700882193\n|switch|p1a: Corviknight|Corviknight, F|100\/100\n|-damage|p1a: Corviknight|88\/100|[from] Stealth Rock\n|-ability|p1a: Corviknight|Pressure\n|switch|p2a: Rotom|Rotom-Heat, tera:Poison|69\/100\n|\n|-heal|p1a: Corviknight|94\/100|[from] item: Leftovers\n|upkeep\n|turn|35\n|\n|t:|1700882198\n|switch|p1a: Toxapex|Toxapex, F|100\/100\n|move|p2a: Rotom|Overheat|p1a: Toxapex\n|-resisted|p1a: Toxapex\n|-damage|p1a: Toxapex|80\/100\n|-unboost|p2a: Rotom|spa|2\n|\n|upkeep\n|turn|36\n|\n|t:|1700882202\n|switch|p1a: Gliscor|Gliscor, F|91\/100 tox\n|-damage|p1a: Gliscor|79\/100 tox|[from] Stealth Rock\n|move|p2a: Rotom|Will-O-Wisp||[still]\n|-fail|p2a: Rotom\n|\n|-heal|p1a: Gliscor|91\/100 tox|[from] ability: Poison Heal\n|upkeep\n|turn|37\n|\n|t:|1700882215\n|switch|p2a: Alomomola|Alomomola, F|100\/100\n|move|p1a: Gliscor|Spikes|p2a: Alomomola\n|-sidestart|p2: buzhouliumo|Spikes\n|\n|-heal|p1a: Gliscor|100\/100 tox|[from] ability: Poison Heal\n|upkeep\n|turn|38\n|\n|t:|1700882218\n|move|p1a: Gliscor|Toxic|p2a: Alomomola\n|-status|p2a: Alomomola|tox\n|move|p2a: Alomomola|Knock Off|p1a: Gliscor\n|-damage|p1a: Gliscor|93\/100 tox\n|\n|-heal|p1a: Gliscor|100\/100 tox|[from] ability: Poison Heal\n|-damage|p2a: Alomomola|94\/100 tox|[from] psn\n|upkeep\n|turn|39\n|\n|t:|1700882225\n|move|p1a: Gliscor|Earthquake|p2a: Alomomola\n|-damage|p2a: Alomomola|76\/100 tox\n|move|p2a: Alomomola|Refresh|p2a: Alomomola\n|-curestatus|p2a: Alomomola|tox|[msg]\n|\n|upkeep\n|turn|40\n|\n|t:|1700882231\n|move|p1a: Gliscor|Toxic|p2a: Alomomola\n|-status|p2a: Alomomola|tox\n|move|p2a: Alomomola|Knock Off|p1a: Gliscor\n|-damage|p1a: Gliscor|93\/100 tox\n|\n|-heal|p1a: Gliscor|100\/100 tox|[from] ability: Poison Heal\n|-damage|p2a: Alomomola|70\/100 tox|[from] psn\n|upkeep\n|turn|41\n|\n|t:|1700882236\n|move|p1a: Gliscor|Earthquake|p2a: Alomomola\n|-damage|p2a: Alomomola|51\/100 tox\n|move|p2a: Alomomola|Refresh|p2a: Alomomola\n|-curestatus|p2a: Alomomola|tox|[msg]\n|\n|upkeep\n|turn|42\n|\n|t:|1700882239\n|move|p1a: Gliscor|Toxic|p2a: Alomomola\n|-status|p2a: Alomomola|tox\n|move|p2a: Alomomola|Wish|p2a: Alomomola\n|\n|-damage|p2a: Alomomola|45\/100 tox|[from] psn\n|upkeep\n|turn|43\n|\n|t:|1700882244\n|switch|p1a: Toxapex|Toxapex, F|100\/100\n|move|p2a: Alomomola|Refresh|p2a: Alomomola\n|-curestatus|p2a: Alomomola|tox|[msg]\n|\n|-heal|p2a: Alomomola|95\/100|[from] move: Wish|[wisher] Alomomola\n|upkeep\n|turn|44\n|\n|t:|1700882249\n|switch|p1a: Gliscor|Gliscor, F|100\/100 tox\n|-damage|p1a: Gliscor|88\/100 tox|[from] Stealth Rock\n|move|p2a: Alomomola|Knock Off|p1a: Gliscor\n|-damage|p1a: Gliscor|80\/100 tox\n|\n|-heal|p1a: Gliscor|93\/100 tox|[from] ability: Poison Heal\n|upkeep\n|turn|45\n|\n|t:|1700882254\n|switch|p1a: Toxapex|Toxapex, F|100\/100\n|move|p2a: Alomomola|Knock Off|p1a: Toxapex\n|-damage|p1a: Toxapex|89\/100\n|-enditem|p1a: Toxapex|Heavy-Duty Boots|[from] move: Knock Off|[of] p2a: Alomomola\n|\n|upkeep\n|turn|46\n|\n|t:|1700882265\n|move|p2a: Alomomola|Flip Turn|p1a: Toxapex\n|-resisted|p1a: Toxapex\n|-damage|p1a: Toxapex|84\/100\n|\n|t:|1700882269\n|switch|p2a: Steelix|Steelix-Mega, F|100\/100|[from] Flip Turn\n|-damage|p2a: Steelix|88\/100|[from] Spikes\n|move|p1a: Toxapex|Knock Off|p2a: Steelix\n|-damage|p2a: Steelix|84\/100\n|\n|upkeep\n|turn|47\n|\n|t:|1700882276\n|switch|p1a: Gliscor|Gliscor, F|93\/100 tox\n|-damage|p1a: Gliscor|80\/100 tox|[from] Stealth Rock\n|move|p2a: Steelix|Earthquake|p1a: Gliscor\n|-immune|p1a: Gliscor\n|\n|-heal|p1a: Gliscor|93\/100 tox|[from] ability: Poison Heal\n|upkeep\n|turn|48\n|\n|t:|1700882282\n|switch|p2a: Rotom|Rotom-Heat, tera:Poison|69\/100\n|move|p1a: Gliscor|Earthquake|p2a: Rotom\n|-immune|p2a: Rotom|[from] ability: Levitate\n|\n|-heal|p1a: Gliscor|100\/100 tox|[from] ability: Poison Heal\n|upkeep\n|turn|49\n|\n|t:|1700882294\n|switch|p1a: Blissey|Blissey, F|88\/100\n|move|p2a: Rotom|Will-O-Wisp|p1a: Blissey\n|-status|p1a: Blissey|brn\n|\n|-damage|p1a: Blissey|82\/100 brn|[from] brn\n|upkeep\n|turn|50\n|c|\u2606NDSNEZyedropwhen|\u4f60\u5feb\u4e50\u5417\uff1f\n|\n|t:|1700882303\n|move|p2a: Rotom|Volt Switch|p1a: Blissey\n|-damage|p1a: Blissey|74\/100 brn\n|\n|t:|1700882307\n|switch|p2a: Alomomola|Alomomola, F|100\/100|[from] Volt Switch\n|move|p1a: Blissey|Stealth Rock|p2a: Alomomola\n|-sidestart|p2: buzhouliumo|move: Stealth Rock\n|\n|-damage|p1a: Blissey|68\/100 brn|[from] brn\n|upkeep\n|turn|51\n|\n|t:|1700882315\n|-curestatus|p1a: Blissey|brn|[from] ability: Natural Cure\n|switch|p1a: Toxapex|Toxapex, F|100\/100\n|-damage|p1a: Toxapex|88\/100|[from] Stealth Rock\n|move|p2a: Alomomola|Knock Off|p1a: Toxapex\n|-damage|p1a: Toxapex|81\/100\n|\n|upkeep\n|turn|52\n|\n|t:|1700882321\n|move|p2a: Alomomola|Flip Turn|p1a: Toxapex\n|-resisted|p1a: Toxapex\n|-damage|p1a: Toxapex|76\/100\n|\n|t:|1700882324\n|switch|p2a: Rotom|Rotom-Heat, tera:Poison|69\/100|[from] Flip Turn\n|move|p1a: Toxapex|Knock Off|p2a: Rotom\n|-damage|p2a: Rotom|54\/100\n|-enditem|p2a: Rotom|Heavy-Duty Boots|[from] move: Knock Off|[of] p1a: Toxapex\n|\n|upkeep\n|turn|53\n|c|\u2606buzhouliumo|\u4e0d\uff0c\u4f46\u662f\u6211\u4e5f\u4e0d\u60f3\u8ba9\u4f60\u5feb\u4e50\n|\n|t:|1700882350\n|switch|p1a: Blissey|Blissey, F|68\/100\n|move|p2a: Rotom|Defog|p1a: Blissey\n|-unboost|p1a: Blissey|evasion|1\n|-sideend|p1: NDSNEZyedropwhen|Stealth Rock|[from] move: Defog|[of] p2a: Rotom\n|-sideend|p2: buzhouliumo|Spikes|[from] move: Defog|[of] p2a: Rotom\n|-sideend|p2: buzhouliumo|Stealth Rock|[from] move: Defog|[of] p2a: Rotom\n|\n|upkeep\n|turn|54\n|\n|t:|1700882359\n|switch|p2a: Alomomola|Alomomola, F|100\/100\n|move|p1a: Blissey|Stealth Rock|p2a: Alomomola\n|-sidestart|p2: buzhouliumo|move: Stealth Rock\n|\n|upkeep\n|turn|55\n|\n|t:|1700882363\n|switch|p1a: Toxapex|Toxapex, F|100\/100\n|move|p2a: Alomomola|Wish|p2a: Alomomola\n|\n|upkeep\n|turn|56\n|\n|t:|1700882372\n|switch|p2a: Rotom|Rotom-Heat, tera:Poison|54\/100\n|-damage|p2a: Rotom|41\/100|[from] Stealth Rock\n|move|p1a: Toxapex|Knock Off|p2a: Rotom\n|-damage|p2a: Rotom|31\/100\n|\n|-heal|p2a: Rotom|100\/100|[from] move: Wish|[wisher] Alomomola\n|upkeep\n|turn|57\n|c|\u2606NDSNEZyedropwhen|\u5f88\u4e0d\u793c\u8c8c :(\n|inactive|NDSNEZyedropwhen has 120 seconds left.\n|\n|t:|1700882405\n|switch|p1a: Blissey|Blissey, F|68\/100\n|move|p2a: Rotom|Volt Switch|p1a: Blissey\n|-damage|p1a: Blissey|60\/100\n|inactive|buzhouliumo has 120 seconds left.\n|c|\u2606buzhouliumo|\u4f60\u89c9\u5f97\u4f60\u8981\u8fd9\u79cd\u5bf9\u4e0d\u96be\u9053\u4e0d\u662f\u6d6a\u8d39\u751f\u547d\uff1f\n|\n|t:|1700882452\n|switch|p2a: Steelix|Steelix-Mega, F|84\/100|[from] Volt Switch\n|-damage|p2a: Steelix|81\/100|[from] Stealth Rock\n|\n|upkeep\n|turn|58\n|inactive|NDSNEZyedropwhen has 120 seconds left.\n|c|\u2606NDSNEZyedropwhen|\u5144\u5f1f\u5982\u679c\u4e0d\u559c\u6b22\u5c31\u653e\u5f03\u5427\n|\n|t:|1700882491\n|switch|p1a: Gliscor|Gliscor, F|100\/100 tox\n|switch|p2a: Hippowdon|Hippowdon, F|72\/100 tox\n|-damage|p2a: Hippowdon|66\/100 tox|[from] Stealth Rock\n|-weather|Sandstorm|[from] ability: Sand Stream|[of] p2a: Hippowdon\n|\n|-weather|Sandstorm|[upkeep]\n|-damage|p2a: Hippowdon|60\/100 tox|[from] psn\n|upkeep\n|turn|59\n|\n|t:|1700882504\n|switch|p2a: Alomomola|Alomomola, F|100\/100\n|move|p1a: Gliscor|Earthquake|p2a: Alomomola\n|-damage|p2a: Alomomola|83\/100\n|\n|-weather|Sandstorm|[upkeep]\n|-damage|p2a: Alomomola|77\/100|[from] Sandstorm\n|upkeep\n|turn|60\n|c|\u2606buzhouliumo|\u5f00\u73a9\u7b11\n|c|\u2606buzhouliumo|\u5c31\u6d6a\u8d39\u4f60\u751f\u547d\n|inactive|buzhouliumo has 90 seconds left.\n|c|\u2606NDSNEZyedropwhen|\u4e0d\u662f\u5f00\u73a9\u7b11\n|inactive|NDSNEZyedropwhen has 90 seconds left.\n|c|\u2606NDSNEZyedropwhen|\u9504\u5934\u75af\u72c2\n|\n|t:|1700882546\n|switch|p1a: Toxapex|Toxapex, F|100\/100\n|switch|p2a: Rotom|Rotom-Heat, tera:Poison|100\/100\n|-damage|p2a: Rotom|88\/100|[from] Stealth Rock\n|\n|-weather|Sandstorm|[upkeep]\n|-damage|p2a: Rotom|82\/100|[from] Sandstorm\n|-damage|p1a: Toxapex|95\/100|[from] Sandstorm\n|upkeep\n|turn|61\n|inactive|buzhouliumo has 90 seconds left.\n|c|\u2606buzhouliumo|\u4f60\u600e\u4e48\u4e0d\u6295\u964d\n|\n|t:|1700882560\n|switch|p1a: Tyranitar|Tyranitar-Mega, M|100\/100 slp\n|move|p2a: Rotom|Will-O-Wisp||[still]\n|-fail|p2a: Rotom\n|\n|-weather|Sandstorm|[upkeep]\n|-damage|p2a: Rotom|75\/100|[from] Sandstorm\n|upkeep\n|turn|62\n|inactive|NDSNEZyedropwhen has 90 seconds left.\n|c|\u2606NDSNEZyedropwhen|\u56e0\u4e3a\u6211\u8d62\u4e86\uff1f\uff1f\u4f60\u7cbe\u795e\u8fd8\u597d\u5417\n|\n|t:|1700882585\n|move|p2a: Rotom|Volt Switch|p1a: Tyranitar\n|-damage|p1a: Tyranitar|90\/100 slp\n|inactive|buzhouliumo has 90 seconds left.\n|c|\u2606buzhouliumo|\u89c9\u5f97\u4f60\u771f\u7684\u8d62\u4e86\u5417\n|\n|t:|1700882623\n|switch|p2a: Ogerpon|Ogerpon-Cornerstone, F|100\/100|[from] Volt Switch\n|-damage|p2a: Ogerpon|88\/100|[from] Stealth Rock\n|cant|p1a: Tyranitar|slp\n|\n|-weather|none\n|upkeep\n|turn|63\n|c|\u2606NDSNEZyedropwhen|\u662f\u7684\uff0c\u6211\u613f\u610f\uff01\u5982\u679c\u4f60\u4e0d\u8fd9\u6837\u505a\uff0c\u5c31\u4f1a\u6709\u95ee\u9898\u3002\n|\n|t:|1700882637\n|switch|p1a: Gliscor|Gliscor, F|100\/100 tox\n|move|p2a: Ogerpon|Swords Dance|p2a: Ogerpon\n|-boost|p2a: Ogerpon|atk|2\n|\n|upkeep\n|turn|64\n|\n|t:|1700882646\n|move|p2a: Ogerpon|Ivy Cudgel|p1a: Gliscor|[anim] Ivy Cudgel Rock\n|-damage|p1a: Gliscor|32\/100 tox\n|move|p1a: Gliscor|Toxic|p2a: Ogerpon\n|-status|p2a: Ogerpon|tox\n|\n|-damage|p2a: Ogerpon|82\/100 tox|[from] psn\n|-heal|p1a: Gliscor|44\/100 tox|[from] ability: Poison Heal\n|upkeep\n|turn|65\n|\n|t:|1700882652\n|move|p1a: Gliscor|Protect|p1a: Gliscor\n|-singleturn|p1a: Gliscor|Protect\n|move|p2a: Ogerpon|Ivy Cudgel|p1a: Gliscor|[anim] Ivy Cudgel Rock\n|-activate|p1a: Gliscor|move: Protect\n|\n|-damage|p2a: Ogerpon|70\/100 tox|[from] psn\n|-heal|p1a: Gliscor|56\/100 tox|[from] ability: Poison Heal\n|upkeep\n|turn|66\n|\n|t:|1700882655\n|switch|p1a: Dondozo|Dondozo, M|88\/100\n|move|p2a: Ogerpon|Encore||[still]\n|-fail|p2a: Ogerpon\n|\n|-damage|p2a: Ogerpon|52\/100 tox|[from] psn\n|upkeep\n|turn|67\n|\n|t:|1700882661\n|switch|p2a: Alomomola|Alomomola, F|100\/100\n|switch|p1a: Corviknight|Corviknight, F|94\/100\n|-ability|p1a: Corviknight|Pressure\n|\n|-heal|p1a: Corviknight|100\/100|[from] item: Leftovers\n|upkeep\n|turn|68\n|\n|t:|1700882666\n|switch|p1a: Gliscor|Gliscor, F|56\/100 tox\n|move|p2a: Alomomola|Wish|p2a: Alomomola\n|\n|-heal|p1a: Gliscor|69\/100 tox|[from] ability: Poison Heal\n|upkeep\n|turn|69\n|\n|t:|1700882672\n|switch|p1a: Toxapex|Toxapex, F|100\/100\n|switch|p2a: Rillaboom|Rillaboom, M|49\/100\n|-damage|p2a: Rillaboom|37\/100|[from] Stealth Rock\n|-fieldstart|move: Grassy Terrain|[from] ability: Grassy Surge|[of] p2a: Rillaboom\n|\n|-heal|p2a: Rillaboom|100\/100|[from] move: Wish|[wisher] Alomomola\n|upkeep\n|turn|70\n|inactive|buzhouliumo has 120 seconds left.\n|c|\u2606NDSNEZyedropwhen|\u4f60\u5f88\u5feb\u5c31\u4f1a\u5931\u53bb\u613f\u671b\uff0c\u54c8\u54c8\n|c|\u2606buzhouliumo|\u4f60\u5c11\u6e38\u8bf4\u6211\n|\n|t:|1700882705\n|move|p2a: Rillaboom|High Horsepower|p1a: Toxapex\n|-supereffective|p1a: Toxapex\n|-damage|p1a: Toxapex|61\/100\n|move|p1a: Toxapex|Toxic|p2a: Rillaboom\n|-status|p2a: Rillaboom|tox\n|\n|-heal|p1a: Toxapex|67\/100|[from] Grassy Terrain\n|-damage|p2a: Rillaboom|94\/100 tox|[from] psn\n|upkeep\n|turn|71\n|inactive|NDSNEZyedropwhen has 120 seconds left.\n|c|\u2606NDSNEZyedropwhen|\u6e38\u8bf4\u5230\u5e95\u662f\u4ec0\u4e48\u610f\u601d\n|\n|t:|1700882729\n|switch|p2a: Rotom|Rotom-Heat, tera:Poison|75\/100\n|-damage|p2a: Rotom|63\/100|[from] Stealth Rock\n|switch|p1a: Corviknight|Corviknight, F|100\/100\n|-ability|p1a: Corviknight|Pressure\n|\n|upkeep\n|turn|72\n|\n|t:|1700882742\n|switch|p1a: Gliscor|Gliscor, F|69\/100 tox\n|move|p2a: Rotom|Defog|p1a: Gliscor\n|-unboost|p1a: Gliscor|evasion|1\n|-sideend|p2: buzhouliumo|Stealth Rock|[from] move: Defog|[of] p2a: Rotom\n|-fieldend|move: Grassy Terrain\n|\n|-heal|p1a: Gliscor|81\/100 tox|[from] ability: Poison Heal\n|upkeep\n|turn|73\n|\n|t:|1700882760\n|switch|p1a: Blissey|Blissey, F|60\/100\n|switch|p2a: Alomomola|Alomomola, F|100\/100\n|\n|upkeep\n|turn|74\n|inactive|buzhouliumo has 90 seconds left.\n|c|\u2606buzhouliumo|\u4f60\u662f\u54ea\u91cc\u4eba\n|\n|t:|1700882789\n|switch|p1a: Toxapex|Toxapex, F|99\/100\n|move|p2a: Alomomola|Wish|p2a: Alomomola\n|\n|upkeep\n|turn|75\n|c|\u2606NDSNEZyedropwhen|\u6211\u6765\u81ea\u53f0\u6e7e\uff08\u8fd9\u662f\u4e00\u4e2a\u56fd\u5bb6\uff09\n|\n|t:|1700882810\n|switch|p2a: Ogerpon|Ogerpon-Cornerstone, F|52\/100 tox\n|move|p1a: Toxapex|Baneful Bunker||[still]\n|-fail|p1a: Toxapex\n|\n|-heal|p2a: Ogerpon|100\/100 tox|[from] move: Wish|[wisher] Alomomola\n|-damage|p2a: Ogerpon|95\/100 tox|[from] psn\n|upkeep\n|turn|76\n|inactive|buzhouliumo has 90 seconds left.\n|c|\u2606buzhouliumo|\u66f9\u4f60\u5988\n|c|\u2606buzhouliumo|\u4f60\u4e00\u4e2a\u4e2d\u56fd\u4eba\uff0c\u5c45\u7136\u6562\u8bf4\u53f0\u6e7e\u662f\u4e00\u4e2a\u56fd\u5bb6\u3002\n|c|\u2606buzhouliumo|\u64cd\u4f60\u59e5\u59e5\u4e2a\u7956\u5b97\u554a\uff01\n|c|\u2606buzhouliumo|\u5988\u4e86\u4e2a\u903c\u7684\uff0c\u6211\u64cd\u4f60\u5988\u7684\u3002\n|c|\u2606NDSNEZyedropwhen|\u73b0\u5728\u5c31\u8bf4\u5bf9\u4e0d\u8d77 :(\n|c|\u2606buzhouliumo|\u903c\u4e1c\u897f\u4f60\u4e2a\u592a\u591a\uff0c\u6211\u64cd\u4f60\u5988\u3002\n|n|\u203dbuzhouliumo|buzhouliumo\n|c|&|\/log buzhouliumo was locked from talking by Artemis. (\u2606buzhouliumo: \u903c\u4e1c\u897f\u4f60\u4e2a\u592a\u591a\uff0c\u6211\u64cd\u4f60\u5988\u3002)\n|c|&|\/raw <small>This action was done automatically. Want to learn more about the AI? <a href=\"https:\/\/www.smogon.com\/forums\/threads\/3570628\/#post-9056769\">Visit the information thread<\/a>.<\/small>\n|c|\u2606NDSNEZyedropwhen|LMAOO\n|inactive|buzhouliumo has 60 seconds left.\n|inactive|buzhouliumo has 30 seconds left.\n|inactive|buzhouliumo has 20 seconds left.\n|inactive|buzhouliumo has 15 seconds left.\n|-message|buzhouliumo forfeited.\n|\n|win|NDSNEZyedropwhen\n|inactive|buzhouliumo has 20 seconds left this turn.\n|raw|NDSNEZyedropwhen's rating: 1359 &rarr; <strong>1374<\/strong><br \/>(+15 for winning)\n|raw|buzhouliumo's rating: 1269 &rarr; <strong>1250<\/strong><br \/>(-19 for losing)\n|l|\u203dbuzhouliumo\n","uploadtime":1700882842,"views":18,"p1id":"ndsnezyedropwhen","p2id":"buzhouliumo","formatid":"gen9nationaldex","rating":1250,"private":0,"password":""}