{"id":"gen9nationaldex-1997309163","p1":"TheStroker","p2":"wopowopo","format":"[Gen 9] National Dex","log":"|html|<div class=\"broadcast-blue\"><strong>[Gen 9] National Dex is currently suspecting Sneasler! For information on how to participate check out the <a href=\"https:\/\/www.smogon.com\/forums\/threads\/sv-national-dex-suspect-8-just-dance.3731534\/\">suspect thread<\/a>.<\/strong><\/div>\n|j|\u2606TheStroker\n|j|\u2606wopowopo\n|t:|1700787616\n|gametype|singles\n|player|p1|TheStroker|janitor|1596\n|player|p2|wopowopo|266|1535\n|teamsize|p1|6\n|teamsize|p2|6\n|gen|9\n|tier|[Gen 9] National Dex\n|rated|\n|rule|HP Percentage Mod: HP is shown in percentages\n|rule|Endless Battle Clause: Forcing endless battles is banned\n|rule|OHKO Clause: OHKO moves are banned\n|rule|Evasion Clause: Evasion abilities, items, and moves are banned\n|rule|Evasion Abilities Clause: Evasion abilities are banned\n|rule|Evasion Items Clause: Evasion items are banned\n|rule|Evasion Moves Clause: Evasion moves are banned\n|rule|Species Clause: Limit one of each Pok\u00e9mon\n|rule|Sleep Clause Mod: Limit one foe put to sleep\n|clearpoke\n|poke|p1|Blaziken, F|\n|poke|p1|Mew|\n|poke|p1|Kyurem|\n|poke|p1|Garganacl, M|\n|poke|p1|Kleavor, M|\n|poke|p1|Ribombee, F|\n|poke|p2|Moltres|\n|poke|p2|Glimmora, M|\n|poke|p2|Zamazenta-*|\n|poke|p2|Lokix, F|\n|poke|p2|Ogerpon-Wellspring, F|\n|poke|p2|Tapu Lele|\n|teampreview\n|inactive|Battle timer is ON: inactive players will automatically lose when time's up. (requested by wopowopo)\n|j| less might be more\n|j| kung fu pokechu\n|\n|t:|1700787645\n|start\n|switch|p1a: How|Ribombee, F|100\/100\n|switch|p2a: \u8d85\u7ea7\u8f93\u51fa\u624b|Glimmora, M|100\/100\n|turn|1\n|\n|t:|1700787661\n|-terastallize|p2a: \u8d85\u7ea7\u8f93\u51fa\u624b|Grass\n|move|p2a: \u8d85\u7ea7\u8f93\u51fa\u624b|Power Gem|p1a: How\n|-supereffective|p1a: How\n|-enditem|p1a: How|Focus Sash\n|-damage|p1a: How|1\/100\n|move|p1a: How|Stun Spore|p2a: \u8d85\u7ea7\u8f93\u51fa\u624b\n|-immune|p2a: \u8d85\u7ea7\u8f93\u51fa\u624b\n|\n|upkeep\n|turn|2\n|\n|t:|1700787681\n|switch|p1a: Synergy|Kleavor, M|100\/100\n|move|p2a: \u8d85\u7ea7\u8f93\u51fa\u624b|Power Gem|p1a: Synergy\n|-supereffective|p1a: Synergy\n|-damage|p1a: Synergy|0 fnt\n|faint|p1a: Synergy\n|\n|upkeep\n|\n|t:|1700787690\n|switch|p1a: Wow|Kyurem|100\/100\n|-ability|p1a: Wow|Pressure\n|turn|3\n|\n|t:|1700787693\n|move|p2a: \u8d85\u7ea7\u8f93\u51fa\u624b|Power Gem|p1a: Wow\n|-supereffective|p1a: Wow\n|-damage|p1a: Wow|23\/100\n|move|p1a: Wow|Ice Beam|p2a: \u8d85\u7ea7\u8f93\u51fa\u624b\n|-supereffective|p2a: \u8d85\u7ea7\u8f93\u51fa\u624b\n|-damage|p2a: \u8d85\u7ea7\u8f93\u51fa\u624b|0 fnt\n|faint|p2a: \u8d85\u7ea7\u8f93\u51fa\u624b\n|\n|upkeep\n|\n|t:|1700787699\n|switch|p2a: \u88c2\u817f\u7687\u4fa0|Lokix, F|100\/100\n|turn|4\n|\n|t:|1700787704\n|move|p2a: \u88c2\u817f\u7687\u4fa0|First Impression|p1a: Wow\n|-damage|p1a: Wow|0 fnt\n|faint|p1a: Wow\n|\n|upkeep\n|\n|t:|1700787717\n|switch|p1a: Very thankful|Mew|100\/100\n|turn|5\n|\n|t:|1700787720\n|switch|p2a: Tapu Lele|Tapu Lele|100\/100\n|-fieldstart|move: Psychic Terrain|[from] ability: Psychic Surge|[of] p2a: Tapu Lele\n|move|p1a: Very thankful|Cosmic Power|p1a: Very thankful\n|-boost|p1a: Very thankful|def|1\n|-boost|p1a: Very thankful|spd|1\n|\n|upkeep\n|turn|6\n|\n|t:|1700787724\n|switch|p2a: \u88c2\u817f\u7687\u4fa0|Lokix, F|100\/100\n|move|p1a: Very thankful|Cosmic Power|p1a: Very thankful\n|-boost|p1a: Very thankful|def|1\n|-boost|p1a: Very thankful|spd|1\n|\n|upkeep\n|turn|7\n|\n|t:|1700787730\n|-terastallize|p1a: Very thankful|Poison\n|move|p1a: Very thankful|Cosmic Power|p1a: Very thankful\n|-boost|p1a: Very thankful|def|1\n|-boost|p1a: Very thankful|spd|1\n|move|p2a: \u88c2\u817f\u7687\u4fa0|Knock Off|p1a: Very thankful\n|-crit|p1a: Very thankful\n|-damage|p1a: Very thankful|16\/100\n|-enditem|p1a: Very thankful|Leftovers|[from] move: Knock Off|[of] p2a: \u88c2\u817f\u7687\u4fa0\n|\n|upkeep\n|turn|8\n|\n|t:|1700787738\n|switch|p2a: Tapu Lele|Tapu Lele|100\/100\n|move|p1a: Very thankful|Soft-Boiled|p1a: Very thankful\n|-heal|p1a: Very thankful|66\/100\n|\n|upkeep\n|turn|9\n|\n|t:|1700787742\n|move|p2a: Tapu Lele|Psychic|p1a: Very thankful\n|-supereffective|p1a: Very thankful\n|-damage|p1a: Very thankful|18\/100\n|move|p1a: Very thankful|Soft-Boiled|p1a: Very thankful\n|-heal|p1a: Very thankful|68\/100\n|\n|-fieldend|move: Psychic Terrain\n|upkeep\n|turn|10\n|\n|t:|1700787745\n|move|p2a: Tapu Lele|Psychic|p1a: Very thankful\n|-supereffective|p1a: Very thankful\n|-damage|p1a: Very thankful|31\/100\n|move|p1a: Very thankful|Cosmic Power|p1a: Very thankful\n|-boost|p1a: Very thankful|def|1\n|-boost|p1a: Very thankful|spd|1\n|\n|upkeep\n|turn|11\n|\n|t:|1700787750\n|move|p2a: Tapu Lele|Psychic|p1a: Very thankful\n|-supereffective|p1a: Very thankful\n|-damage|p1a: Very thankful|0 fnt\n|faint|p1a: Very thankful\n|\n|upkeep\n|\n|t:|1700787755\n|switch|p1a: At least 2|Garganacl, M|100\/100\n|turn|12\n|\n|t:|1700787761\n|switch|p2a: \u88c2\u817f\u7687\u4fa0|Lokix, F|100\/100\n|move|p1a: At least 2|Ice Punch|p2a: \u88c2\u817f\u7687\u4fa0\n|-damage|p2a: \u88c2\u817f\u7687\u4fa0|60\/100\n|\n|upkeep\n|turn|13\n|\n|t:|1700787766\n|move|p2a: \u88c2\u817f\u7687\u4fa0|Knock Off|p1a: At least 2\n|-damage|p1a: At least 2|53\/100\n|-enditem|p1a: At least 2|Choice Band|[from] move: Knock Off|[of] p2a: \u88c2\u817f\u7687\u4fa0\n|move|p1a: At least 2|Ice Punch|p2a: \u88c2\u817f\u7687\u4fa0\n|-damage|p2a: \u88c2\u817f\u7687\u4fa0|33\/100\n|\n|upkeep\n|turn|14\n|\n|t:|1700787773\n|switch|p2a: \u53ef\u7231\u7684\u78b0\u78b0|Ogerpon-Wellspring, F|100\/100\n|move|p1a: At least 2|Stone Edge|p2a: \u53ef\u7231\u7684\u78b0\u78b0\n|-crit|p2a: \u53ef\u7231\u7684\u78b0\u78b0\n|-damage|p2a: \u53ef\u7231\u7684\u78b0\u78b0|8\/100\n|\n|upkeep\n|turn|15\n|\n|t:|1700787779\n|move|p2a: \u53ef\u7231\u7684\u78b0\u78b0|Ivy Cudgel|p1a: At least 2|[anim] Ivy Cudgel Water\n|-supereffective|p1a: At least 2\n|-damage|p1a: At least 2|0 fnt\n|faint|p1a: At least 2\n|\n|upkeep\n|\n|t:|1700787782\n|switch|p1a: How|Ribombee, F|1\/100\n|turn|16\n|\n|t:|1700787787\n|move|p1a: How|Moonblast|p2a: \u53ef\u7231\u7684\u78b0\u78b0\n|-damage|p2a: \u53ef\u7231\u7684\u78b0\u78b0|0 fnt\n|faint|p2a: \u53ef\u7231\u7684\u78b0\u78b0\n|\n|upkeep\n|\n|t:|1700787792\n|switch|p2a: \u88c2\u817f\u7687\u4fa0|Lokix, F|33\/100\n|turn|17\n|\n|t:|1700787799\n|move|p2a: \u88c2\u817f\u7687\u4fa0|Sucker Punch|p1a: How\n|-resisted|p1a: How\n|-damage|p1a: How|0 fnt\n|faint|p1a: How\n|\n|upkeep\n|\n|t:|1700787802\n|switch|p1a: Turkeyduckchicken|Blaziken, F|100\/100\n|turn|18\n|\n|t:|1700787807\n|switch|p2a: \u94c1\u58c1\u5657\u53fd1|Zamazenta|100\/100\n|-ability|p2a: \u94c1\u58c1\u5657\u53fd1|Dauntless Shield|boost\n|-boost|p2a: \u94c1\u58c1\u5657\u53fd1|def|1\n|move|p1a: Turkeyduckchicken|Swords Dance|p1a: Turkeyduckchicken\n|-boost|p1a: Turkeyduckchicken|atk|2\n|\n|-ability|p1a: Turkeyduckchicken|Speed Boost|boost\n|-boost|p1a: Turkeyduckchicken|spe|1\n|upkeep\n|turn|19\n|j| mistahmerrikuu\n|\n|t:|1700787821\n|move|p2a: \u94c1\u58c1\u5657\u53fd1|Protect|p2a: \u94c1\u58c1\u5657\u53fd1\n|-singleturn|p2a: \u94c1\u58c1\u5657\u53fd1|Protect\n|move|p1a: Turkeyduckchicken|Swords Dance|p1a: Turkeyduckchicken\n|-boost|p1a: Turkeyduckchicken|atk|2\n|\n|-ability|p1a: Turkeyduckchicken|Speed Boost|boost\n|-boost|p1a: Turkeyduckchicken|spe|1\n|upkeep\n|turn|20\n|\n|t:|1700787846\n|-zpower|p1a: Turkeyduckchicken\n|move|p1a: Turkeyduckchicken|Inferno Overdrive|p2a: \u94c1\u58c1\u5657\u53fd1|[zeffect]\n|-damage|p2a: \u94c1\u58c1\u5657\u53fd1|0 fnt\n|faint|p2a: \u94c1\u58c1\u5657\u53fd1\n|\n|-ability|p1a: Turkeyduckchicken|Speed Boost|boost\n|-boost|p1a: Turkeyduckchicken|spe|1\n|upkeep\n|\n|t:|1700787853\n|switch|p2a: \u66b4\u6253\u7329\u7329|Moltres|100\/100\n|turn|21\n|\n|t:|1700787860\n|move|p1a: Turkeyduckchicken|Flare Blitz|p2a: \u66b4\u6253\u7329\u7329\n|-resisted|p2a: \u66b4\u6253\u7329\u7329\n|-damage|p2a: \u66b4\u6253\u7329\u7329|42\/100\n|-damage|p1a: Turkeyduckchicken|76\/100|[from] Recoil\n|move|p2a: \u66b4\u6253\u7329\u7329|Scorching Sands|p1a: Turkeyduckchicken\n|-supereffective|p1a: Turkeyduckchicken\n|-damage|p1a: Turkeyduckchicken|19\/100\n|\n|-ability|p1a: Turkeyduckchicken|Speed Boost|boost\n|-boost|p1a: Turkeyduckchicken|spe|1\n|upkeep\n|turn|22\n|\n|t:|1700787873\n|move|p1a: Turkeyduckchicken|Close Combat|p2a: \u66b4\u6253\u7329\u7329\n|-resisted|p2a: \u66b4\u6253\u7329\u7329\n|-damage|p2a: \u66b4\u6253\u7329\u7329|0 fnt\n|-unboost|p1a: Turkeyduckchicken|def|1\n|-unboost|p1a: Turkeyduckchicken|spd|1\n|faint|p2a: \u66b4\u6253\u7329\u7329\n|\n|-ability|p1a: Turkeyduckchicken|Speed Boost|boost\n|-boost|p1a: Turkeyduckchicken|spe|1\n|upkeep\n|\n|t:|1700787879\n|switch|p2a: Tapu Lele|Tapu Lele|100\/100\n|-fieldstart|move: Psychic Terrain|[from] ability: Psychic Surge|[of] p2a: Tapu Lele\n|turn|23\n|\n|t:|1700787883\n|move|p1a: Turkeyduckchicken|Flare Blitz|p2a: Tapu Lele\n|-damage|p2a: Tapu Lele|0 fnt\n|faint|p2a: Tapu Lele\n|-damage|p1a: Turkeyduckchicken|0 fnt|[from] Recoil\n|faint|p1a: Turkeyduckchicken\n|\n|win|wopowopo\n|raw|TheStroker's rating: 1596 &rarr; <strong>1573<\/strong><br \/>(-23 for losing)\n|raw|wopowopo's rating: 1535 &rarr; <strong>1558<\/strong><br \/>(+23 for winning)\n|l|\u2606wopowopo\n","uploadtime":1700787897,"views":3,"p1id":"thestroker","p2id":"wopowopo","formatid":"gen9nationaldex","rating":1558,"private":0,"password":""}