{"id":"gen9nationaldex-1993972134","p1":"GoYouSureYeahGetit","p2":"lxycj","format":"[Gen 9] National Dex","log":"|j|\u2606GoYouSureYeahGetit\n|j|\u2606lxycj\n|t:|1700385755\n|gametype|singles\n|player|p1|GoYouSureYeahGetit|bea|1742\n|player|p2|lxycj|dawn-gen4pt|1754\n|teamsize|p1|6\n|teamsize|p2|6\n|gen|9\n|tier|[Gen 9] National Dex\n|rated|\n|rule|HP Percentage Mod: HP is shown in percentages\n|rule|Endless Battle Clause: Forcing endless battles is banned\n|rule|OHKO Clause: OHKO moves are banned\n|rule|Evasion Clause: Evasion abilities, items, and moves are banned\n|rule|Evasion Abilities Clause: Evasion abilities are banned\n|rule|Evasion Items Clause: Evasion items are banned\n|rule|Evasion Moves Clause: Evasion moves are banned\n|rule|Species Clause: Limit one of each Pok\u00e9mon\n|rule|Sleep Clause Mod: Limit one foe put to sleep\n|clearpoke\n|poke|p1|Xurkitree|\n|poke|p1|Landorus-Therian, M|\n|poke|p1|Alomomola, M|\n|poke|p1|Heatran, M|\n|poke|p1|Rillaboom, F|\n|poke|p1|Iron Valiant|\n|poke|p2|Hoopa-Unbound|\n|poke|p2|Venusaur, M|\n|poke|p2|Corviknight, M|\n|poke|p2|Volcarona, F|\n|poke|p2|Garchomp, M|\n|poke|p2|Slowbro, F|\n|teampreview\n|inactive|Battle timer is ON: inactive players will automatically lose when time's up. (requested by lxycj)\n|c|\u2606GoYouSureYeahGetit|gl hf\n|\n|t:|1700385771\n|start\n|switch|p1a: Landorus|Landorus-Therian, M, shiny|100\/100\n|switch|p2a: Garchomp|Garchomp, M|100\/100\n|-ability|p1a: Landorus|Intimidate|boost\n|-unboost|p2a: Garchomp|atk|1\n|turn|1\n|\n|t:|1700385774\n|move|p2a: Garchomp|Stealth Rock|p1a: Landorus\n|-sidestart|p1: GoYouSureYeahGetit|move: Stealth Rock\n|move|p1a: Landorus|Stealth Rock|p2a: Garchomp\n|-sidestart|p2: lxycj|move: Stealth Rock\n|\n|upkeep\n|turn|2\n|\n|t:|1700385781\n|switch|p2a: Corviknight|Corviknight, M|100\/100\n|-damage|p2a: Corviknight|88\/100|[from] Stealth Rock\n|-ability|p2a: Corviknight|Pressure\n|move|p1a: Landorus|Earthquake|p2a: Corviknight\n|-immune|p2a: Corviknight\n|\n|upkeep\n|turn|3\n|\n|t:|1700385786\n|switch|p1a: Alomomola|Alomomola, M, shiny|100\/100\n|-damage|p1a: Alomomola|88\/100|[from] Stealth Rock\n|move|p2a: Corviknight|U-turn|p1a: Alomomola\n|-damage|p1a: Alomomola|81\/100\n|-damage|p2a: Corviknight|72\/100|[from] item: Rocky Helmet|[of] p1a: Alomomola\n|inactive|lxycj has 120 seconds left.\n|\n|t:|1700385817\n|switch|p2a: Venusaur|Venusaur, M|100\/100|[from] U-turn\n|-damage|p2a: Venusaur|88\/100|[from] Stealth Rock\n|\n|upkeep\n|turn|4\n|\n|t:|1700385828\n|detailschange|p2a: Venusaur|Venusaur-Mega, M\n|-mega|p2a: Venusaur|Venusaur|Venusaurite\n|move|p2a: Venusaur|Giga Drain|p1a: Alomomola\n|-supereffective|p1a: Alomomola\n|-damage|p1a: Alomomola|9\/100\n|-heal|p2a: Venusaur|100\/100|[from] drain|[of] p1a: Alomomola\n|move|p1a: Alomomola|Flip Turn|p2a: Venusaur\n|-resisted|p2a: Venusaur\n|-damage|p2a: Venusaur|95\/100\n|\n|t:|1700385831\n|switch|p1a: Heatran|Heatran, M|100\/100|[from] Flip Turn\n|-damage|p1a: Heatran|88\/100|[from] Stealth Rock\n|\n|-heal|p1a: Heatran|94\/100|[from] item: Leftovers\n|upkeep\n|turn|5\n|j| jasonpokemon123\n|\n|t:|1700385836\n|move|p2a: Venusaur|Earth Power|p1a: Heatran\n|-supereffective|p1a: Heatran\n|-damage|p1a: Heatran|31\/100\n|move|p1a: Heatran|Magma Storm|p2a: Venusaur\n|-supereffective|p2a: Venusaur\n|-damage|p2a: Venusaur|65\/100\n|-activate|p2a: Venusaur|move: Magma Storm|[of] p1a: Heatran\n|\n|-heal|p1a: Heatran|37\/100|[from] item: Leftovers\n|-damage|p2a: Venusaur|52\/100|[from] move: Magma Storm|[partiallytrapped]\n|upkeep\n|turn|6\n|\n|t:|1700385841\n|move|p1a: Heatran|Protect|p1a: Heatran\n|-singleturn|p1a: Heatran|Protect\n|move|p2a: Venusaur|Earth Power|p1a: Heatran\n|-activate|p1a: Heatran|move: Protect\n|\n|-heal|p1a: Heatran|43\/100|[from] item: Leftovers\n|-damage|p2a: Venusaur|40\/100|[from] move: Magma Storm|[partiallytrapped]\n|upkeep\n|turn|7\n|\n|t:|1700385846\n|switch|p1a: Landorus|Landorus-Therian, M, shiny|100\/100\n|-damage|p1a: Landorus|88\/100|[from] Stealth Rock\n|-ability|p1a: Landorus|Intimidate|boost\n|-unboost|p2a: Venusaur|atk|1\n|move|p2a: Venusaur|Earth Power|p1a: Landorus\n|-immune|p1a: Landorus\n|\n|-end|p2a: Venusaur|Magma Storm|[partiallytrapped]|[silent]\n|upkeep\n|turn|8\n|l|\u2606GoYouSureYeahGetit\n|inactive|GoYouSureYeahGetit disconnected and has a minute to reconnect!\n|player|p1|\n|j|\u2606GoYouSureYeahGetit\n|inactive|GoYouSureYeahGetit reconnected and has 125 seconds left.\n|player|p1|GoYouSureYeahGetit|bea\n|inactive|GoYouSureYeahGetit has 120 seconds left.\n|\n|t:|1700385877\n|move|p1a: Landorus|Earthquake|p2a: Venusaur\n|-damage|p2a: Venusaur|1\/100\n|move|p2a: Venusaur|Synthesis|p2a: Venusaur\n|-heal|p2a: Venusaur|51\/100\n|\n|upkeep\n|turn|9\n|\n|t:|1700385886\n|switch|p1a: Iron Valiant|Iron Valiant|100\/100\n|-damage|p1a: Iron Valiant|94\/100|[from] Stealth Rock\n|move|p2a: Venusaur|Synthesis|p2a: Venusaur\n|-heal|p2a: Venusaur|100\/100\n|\n|upkeep\n|turn|10\n|\n|t:|1700385897\n|move|p1a: Iron Valiant|Psyshock|p2a: Venusaur\n|-supereffective|p2a: Venusaur\n|-damage|p2a: Venusaur|66\/100\n|move|p2a: Venusaur|Giga Drain|p1a: Iron Valiant\n|-damage|p1a: Iron Valiant|29\/100\n|-heal|p2a: Venusaur|92\/100|[from] drain|[of] p1a: Iron Valiant\n|\n|upkeep\n|turn|11\n|\n|t:|1700385908\n|-end|p1a: Iron Valiant|Quark Drive|[silent]\n|switch|p1a: Landorus|Landorus-Therian, M, shiny|88\/100\n|-damage|p1a: Landorus|76\/100|[from] Stealth Rock\n|-ability|p1a: Landorus|Intimidate|boost\n|-unboost|p2a: Venusaur|atk|1\n|move|p2a: Venusaur|Giga Drain|p1a: Landorus\n|-damage|p1a: Landorus|43\/100\n|-heal|p2a: Venusaur|100\/100|[from] drain|[of] p1a: Landorus\n|\n|upkeep\n|turn|12\n|\n|t:|1700385918\n|switch|p1a: Heatran|Heatran, M|43\/100\n|-damage|p1a: Heatran|31\/100|[from] Stealth Rock\n|move|p2a: Venusaur|Hidden Power|p1a: Heatran\n|-resisted|p1a: Heatran\n|-damage|p1a: Heatran|29\/100\n|\n|-heal|p1a: Heatran|35\/100|[from] item: Leftovers\n|upkeep\n|turn|13\n|\n|t:|1700385925\n|move|p1a: Heatran|Protect|p1a: Heatran\n|-singleturn|p1a: Heatran|Protect\n|move|p2a: Venusaur|Earth Power|p1a: Heatran\n|-activate|p1a: Heatran|move: Protect\n|\n|-heal|p1a: Heatran|41\/100|[from] item: Leftovers\n|upkeep\n|turn|14\n|\n|t:|1700385930\n|switch|p1a: Rillaboom|Rillaboom, F|100\/100\n|-damage|p1a: Rillaboom|88\/100|[from] Stealth Rock\n|-fieldstart|move: Grassy Terrain|[from] ability: Grassy Surge|[of] p1a: Rillaboom\n|move|p2a: Venusaur|Hidden Power|p1a: Rillaboom\n|-supereffective|p1a: Rillaboom\n|-damage|p1a: Rillaboom|54\/100\n|\n|-heal|p1a: Rillaboom|61\/100|[from] Grassy Terrain\n|upkeep\n|turn|15\n|\n|t:|1700385934\n|move|p1a: Rillaboom|Knock Off|p2a: Venusaur\n|-damage|p2a: Venusaur|74\/100\n|move|p2a: Venusaur|Hidden Power|p1a: Rillaboom\n|-supereffective|p1a: Rillaboom\n|-damage|p1a: Rillaboom|24\/100\n|\n|-heal|p1a: Rillaboom|30\/100|[from] Grassy Terrain\n|-heal|p2a: Venusaur|80\/100|[from] Grassy Terrain\n|upkeep\n|turn|16\n|\n|t:|1700385943\n|move|p1a: Rillaboom|Knock Off|p2a: Venusaur\n|-damage|p2a: Venusaur|55\/100\n|move|p2a: Venusaur|Earth Power|p1a: Rillaboom\n|-resisted|p1a: Rillaboom\n|-damage|p1a: Rillaboom|16\/100\n|\n|-heal|p1a: Rillaboom|22\/100|[from] Grassy Terrain\n|-heal|p2a: Venusaur|61\/100|[from] Grassy Terrain\n|upkeep\n|turn|17\n|\n|t:|1700385950\n|move|p1a: Rillaboom|Knock Off|p2a: Venusaur\n|-damage|p2a: Venusaur|34\/100\n|move|p2a: Venusaur|Earth Power|p1a: Rillaboom\n|-resisted|p1a: Rillaboom\n|-damage|p1a: Rillaboom|7\/100\n|\n|-heal|p1a: Rillaboom|14\/100|[from] Grassy Terrain\n|-heal|p2a: Venusaur|40\/100|[from] Grassy Terrain\n|upkeep\n|turn|18\n|\n|t:|1700385954\n|move|p1a: Rillaboom|Knock Off|p2a: Venusaur\n|-damage|p2a: Venusaur|16\/100\n|move|p2a: Venusaur|Earth Power|p1a: Rillaboom\n|-resisted|p1a: Rillaboom\n|-damage|p1a: Rillaboom|0 fnt\n|faint|p1a: Rillaboom\n|\n|-heal|p2a: Venusaur|22\/100|[from] Grassy Terrain\n|-fieldend|move: Grassy Terrain\n|upkeep\n|\n|t:|1700385960\n|switch|p1a: Iron Valiant|Iron Valiant|29\/100\n|-damage|p1a: Iron Valiant|23\/100|[from] Stealth Rock\n|turn|19\n|\n|t:|1700385965\n|switch|p2a: Slowbro|Slowbro, F|100\/100\n|-damage|p2a: Slowbro|88\/100|[from] Stealth Rock\n|move|p1a: Iron Valiant|Psyshock|p2a: Slowbro\n|-resisted|p2a: Slowbro\n|-damage|p2a: Slowbro|81\/100\n|\n|upkeep\n|turn|20\n|\n|t:|1700385976\n|-end|p1a: Iron Valiant|Quark Drive|[silent]\n|switch|p1a: Alomomola|Alomomola, M, shiny|42\/100\n|-damage|p1a: Alomomola|30\/100|[from] Stealth Rock\n|move|p2a: Slowbro|Teleport|p2a: Slowbro\n|\n|t:|1700385979\n|switch|p2a: Venusaur|Venusaur-Mega, M|22\/100|[from] Teleport\n|-damage|p2a: Venusaur|9\/100|[from] Stealth Rock\n|\n|upkeep\n|turn|21\n|\n|t:|1700385988\n|switch|p1a: Heatran|Heatran, M|41\/100\n|-damage|p1a: Heatran|29\/100|[from] Stealth Rock\n|move|p2a: Venusaur|Synthesis|p2a: Venusaur\n|-heal|p2a: Venusaur|59\/100\n|\n|-heal|p1a: Heatran|35\/100|[from] item: Leftovers\n|upkeep\n|turn|22\n|\n|t:|1700385994\n|move|p1a: Heatran|Protect|p1a: Heatran\n|-singleturn|p1a: Heatran|Protect\n|move|p2a: Venusaur|Earth Power|p1a: Heatran\n|-activate|p1a: Heatran|move: Protect\n|\n|-heal|p1a: Heatran|41\/100|[from] item: Leftovers\n|upkeep\n|turn|23\n|\n|t:|1700386001\n|-terastallize|p1a: Heatran|Grass\n|move|p2a: Venusaur|Giga Drain|p1a: Heatran\n|-resisted|p1a: Heatran\n|-damage|p1a: Heatran|31\/100\n|-heal|p2a: Venusaur|65\/100|[from] drain|[of] p1a: Heatran\n|move|p1a: Heatran|Magma Storm|p2a: Venusaur\n|-supereffective|p2a: Venusaur\n|-damage|p2a: Venusaur|33\/100\n|-activate|p2a: Venusaur|move: Magma Storm|[of] p1a: Heatran\n|\n|-heal|p1a: Heatran|37\/100|[from] item: Leftovers\n|-damage|p2a: Venusaur|21\/100|[from] move: Magma Storm|[partiallytrapped]\n|upkeep\n|turn|24\n|\n|t:|1700386010\n|move|p2a: Venusaur|Synthesis|p2a: Venusaur\n|-heal|p2a: Venusaur|71\/100\n|move|p1a: Heatran|Taunt|p2a: Venusaur\n|-start|p2a: Venusaur|move: Taunt\n|\n|-heal|p1a: Heatran|43\/100|[from] item: Leftovers\n|-damage|p2a: Venusaur|58\/100|[from] move: Magma Storm|[partiallytrapped]\n|upkeep\n|turn|25\n|\n|t:|1700386014\n|move|p1a: Heatran|Protect|p1a: Heatran\n|-singleturn|p1a: Heatran|Protect\n|move|p2a: Venusaur|Hidden Power|p1a: Heatran\n|-activate|p1a: Heatran|move: Protect\n|\n|-heal|p1a: Heatran|50\/100|[from] item: Leftovers\n|-damage|p2a: Venusaur|46\/100|[from] move: Magma Storm|[partiallytrapped]\n|upkeep\n|turn|26\n|\n|t:|1700386016\n|move|p2a: Venusaur|Hidden Power|p1a: Heatran\n|-supereffective|p1a: Heatran\n|-damage|p1a: Heatran|29\/100\n|move|p1a: Heatran|Magma Storm|p2a: Venusaur\n|-supereffective|p2a: Venusaur\n|-damage|p2a: Venusaur|15\/100\n|\n|-heal|p1a: Heatran|36\/100|[from] item: Leftovers\n|-damage|p2a: Venusaur|2\/100|[from] move: Magma Storm|[partiallytrapped]\n|upkeep\n|turn|27\n|\n|t:|1700386034\n|move|p1a: Heatran|Protect|p1a: Heatran\n|-singleturn|p1a: Heatran|Protect\n|move|p2a: Venusaur|Hidden Power|p1a: Heatran\n|-activate|p1a: Heatran|move: Protect\n|\n|-heal|p1a: Heatran|42\/100|[from] item: Leftovers\n|-end|p2a: Venusaur|Magma Storm|[partiallytrapped]\n|-end|p2a: Venusaur|move: Taunt\n|upkeep\n|turn|28\n|\n|t:|1700386044\n|move|p2a: Venusaur|Synthesis|p2a: Venusaur\n|-heal|p2a: Venusaur|52\/100\n|move|p1a: Heatran|Magma Storm|p2a: Venusaur\n|-supereffective|p2a: Venusaur\n|-damage|p2a: Venusaur|22\/100\n|-activate|p2a: Venusaur|move: Magma Storm|[of] p1a: Heatran\n|\n|-heal|p1a: Heatran|48\/100|[from] item: Leftovers\n|-damage|p2a: Venusaur|10\/100|[from] move: Magma Storm|[partiallytrapped]\n|upkeep\n|turn|29\n|\n|t:|1700386054\n|move|p2a: Venusaur|Synthesis|p2a: Venusaur\n|-heal|p2a: Venusaur|60\/100\n|move|p1a: Heatran|Taunt|p2a: Venusaur\n|-start|p2a: Venusaur|move: Taunt\n|\n|-heal|p1a: Heatran|54\/100|[from] item: Leftovers\n|-damage|p2a: Venusaur|47\/100|[from] move: Magma Storm|[partiallytrapped]\n|upkeep\n|turn|30\n|\n|t:|1700386061\n|move|p2a: Venusaur|Hidden Power|p1a: Heatran\n|-supereffective|p1a: Heatran\n|-damage|p1a: Heatran|32\/100\n|move|p1a: Heatran|Magma Storm|p2a: Venusaur\n|-supereffective|p2a: Venusaur\n|-damage|p2a: Venusaur|17\/100\n|\n|-heal|p1a: Heatran|39\/100|[from] item: Leftovers\n|-damage|p2a: Venusaur|5\/100|[from] move: Magma Storm|[partiallytrapped]\n|upkeep\n|turn|31\n|\n|t:|1700386068\n|move|p1a: Heatran|Protect|p1a: Heatran\n|-singleturn|p1a: Heatran|Protect\n|move|p2a: Venusaur|Giga Drain|p1a: Heatran\n|-activate|p1a: Heatran|move: Protect\n|\n|-heal|p1a: Heatran|45\/100|[from] item: Leftovers\n|-damage|p2a: Venusaur|0 fnt|[from] move: Magma Storm|[partiallytrapped]\n|faint|p2a: Venusaur\n|upkeep\n|\n|t:|1700386086\n|switch|p2a: Volcarona|Volcarona, F|100\/100\n|turn|32\n|\n|t:|1700386091\n|move|p2a: Volcarona|Substitute|p2a: Volcarona\n|-start|p2a: Volcarona|Substitute\n|-damage|p2a: Volcarona|76\/100\n|move|p1a: Heatran|Magma Storm|p2a: Volcarona\n|-end|p2a: Volcarona|Substitute\n|\n|-heal|p1a: Heatran|51\/100|[from] item: Leftovers\n|upkeep\n|turn|33\n|\n|t:|1700386097\n|move|p2a: Volcarona|Substitute|p2a: Volcarona\n|-start|p2a: Volcarona|Substitute\n|-damage|p2a: Volcarona|51\/100\n|move|p1a: Heatran|Magma Storm|p2a: Volcarona\n|-end|p2a: Volcarona|Substitute\n|\n|-heal|p1a: Heatran|57\/100|[from] item: Leftovers\n|upkeep\n|turn|34\n|\n|t:|1700386104\n|move|p2a: Volcarona|Substitute|p2a: Volcarona\n|-start|p2a: Volcarona|Substitute\n|-damage|p2a: Volcarona|26\/100\n|move|p1a: Heatran|Magma Storm|p2a: Volcarona\n|-end|p2a: Volcarona|Substitute\n|\n|-heal|p1a: Heatran|64\/100|[from] item: Leftovers\n|upkeep\n|turn|35\n|\n|t:|1700386109\n|move|p2a: Volcarona|Substitute|p2a: Volcarona\n|-start|p2a: Volcarona|Substitute\n|-damage|p2a: Volcarona|1\/100\n|move|p1a: Heatran|Earth Power|p2a: Volcarona\n|-end|p2a: Volcarona|Substitute\n|\n|-heal|p1a: Heatran|70\/100|[from] item: Leftovers\n|upkeep\n|turn|36\n|\n|t:|1700386115\n|move|p2a: Volcarona|Bug Buzz|p1a: Heatran\n|-supereffective|p1a: Heatran\n|-damage|p1a: Heatran|0 fnt\n|faint|p1a: Heatran\n|\n|upkeep\n|\n|t:|1700386118\n|switch|p1a: Iron Valiant|Iron Valiant|23\/100\n|-damage|p1a: Iron Valiant|16\/100|[from] Stealth Rock\n|turn|37\n|\n|t:|1700386127\n|move|p1a: Iron Valiant|Trick|p2a: Volcarona\n|-activate|p1a: Iron Valiant|move: Trick|[of] p2a: Volcarona\n|-item|p2a: Volcarona|Choice Scarf|[from] move: Trick\n|-item|p1a: Iron Valiant|Heavy-Duty Boots|[from] move: Trick\n|move|p2a: Volcarona|Bug Buzz|p1a: Iron Valiant\n|-resisted|p1a: Iron Valiant\n|-damage|p1a: Iron Valiant|0 fnt\n|faint|p1a: Iron Valiant\n|-end|p1a: Iron Valiant|Quark Drive|[silent]\n|\n|upkeep\n|\n|t:|1700386131\n|switch|p1a: Xurkitree|Xurkitree, shiny|100\/100\n|-damage|p1a: Xurkitree|88\/100|[from] Stealth Rock\n|turn|38\n|\n|t:|1700386138\n|move|p2a: Volcarona|Bug Buzz|p1a: Xurkitree\n|-damage|p1a: Xurkitree|0 fnt\n|faint|p1a: Xurkitree\n|\n|upkeep\n|\n|t:|1700386141\n|switch|p1a: Landorus|Landorus-Therian, M, shiny|43\/100\n|-damage|p1a: Landorus|30\/100|[from] Stealth Rock\n|-ability|p1a: Landorus|Intimidate|boost\n|-unboost|p2a: Volcarona|atk|1\n|turn|39\n|c|\u2606GoYouSureYeahGetit|gg\n|\n|t:|1700386147\n|-terastallize|p2a: Volcarona|Bug\n|move|p2a: Volcarona|Bug Buzz|p1a: Landorus\n|-resisted|p1a: Landorus\n|-damage|p1a: Landorus|0 fnt\n|faint|p1a: Landorus\n|\n|upkeep\n|\n|t:|1700386153\n|switch|p1a: Alomomola|Alomomola, M, shiny|63\/100\n|-damage|p1a: Alomomola|51\/100|[from] Stealth Rock\n|turn|40\n|\n|t:|1700386156\n|move|p2a: Volcarona|Bug Buzz|p1a: Alomomola\n|-damage|p1a: Alomomola|0 fnt\n|faint|p1a: Alomomola\n|\n|win|lxycj\n|raw|GoYouSureYeahGetit's rating: 1742 &rarr; <strong>1723<\/strong><br \/>(-19 for losing)\n|raw|lxycj's rating: 1754 &rarr; <strong>1773<\/strong><br \/>(+19 for winning)\n|l|\u2606GoYouSureYeahGetit\n","uploadtime":1700386176,"views":18,"p1id":"goyousureyeahgetit","p2id":"lxycj","formatid":"gen9nationaldex","rating":1723,"private":0,"password":""}