{"id":"gen9nationaldex-1992155697","p1":"Sivilea","p2":"RivalTeams","format":"[Gen 9] National Dex","log":"|j|\u2606Sivilea\n|j|\u2606RivalTeams\n|t:|1700159641\n|gametype|singles\n|player|p1|Sivilea|cheryl|1339\n|player|p2|RivalTeams|1|1234\n|teamsize|p1|6\n|teamsize|p2|6\n|gen|9\n|tier|[Gen 9] National Dex\n|rated|\n|rule|HP Percentage Mod: HP is shown in percentages\n|rule|Endless Battle Clause: Forcing endless battles is banned\n|rule|OHKO Clause: OHKO moves are banned\n|rule|Evasion Clause: Evasion abilities, items, and moves are banned\n|rule|Evasion Abilities Clause: Evasion abilities are banned\n|rule|Evasion Items Clause: Evasion items are banned\n|rule|Evasion Moves Clause: Evasion moves are banned\n|rule|Species Clause: Limit one of each Pok\u00e9mon\n|rule|Sleep Clause Mod: Limit one foe put to sleep\n|clearpoke\n|poke|p1|Malamar, M|\n|poke|p1|Staraptor, M|\n|poke|p1|Cinderace, M|\n|poke|p1|Rotom-Wash|\n|poke|p1|Shiinotic, F|\n|poke|p1|Aegislash, F|\n|poke|p2|Sableye, M|\n|poke|p2|Samurott-Hisui, M|\n|poke|p2|Ting-Lu|\n|poke|p2|Skeledirge, F|\n|poke|p2|Mightyena, F|\n|poke|p2|Clefable, F|\n|teampreview\n|inactive|Battle timer is ON: inactive players will automatically lose when time's up. (requested by Sivilea)\n|\n|t:|1700159663\n|start\n|switch|p1a: Naptime|Shiinotic, F|100\/100\n|switch|p2a: Sableye|Sableye, M|100\/100\n|turn|1\n|\n|t:|1700159667\n|detailschange|p2a: Sableye|Sableye-Mega, M\n|-mega|p2a: Sableye|Sableye|Sablenite\n|move|p1a: Naptime|Moonblast|p2a: Sableye\n|-supereffective|p2a: Sableye\n|-damage|p2a: Sableye|52\/100\n|-unboost|p2a: Sableye|spa|1\n|move|p2a: Sableye|Knock Off|p1a: Naptime\n|-resisted|p1a: Naptime\n|-damage|p1a: Naptime|88\/100\n|-enditem|p1a: Naptime|Mental Herb|[from] move: Knock Off|[of] p2a: Sableye\n|\n|upkeep\n|turn|2\n|\n|t:|1700159691\n|switch|p2a: Skeledirge|Skeledirge, F|100\/100\n|move|p1a: Naptime|Moonblast|p2a: Skeledirge\n|-resisted|p2a: Skeledirge\n|-damage|p2a: Skeledirge|91\/100\n|\n|-heal|p2a: Skeledirge|97\/100|[from] item: Leftovers\n|upkeep\n|turn|3\n|\n|t:|1700159705\n|switch|p1a: Messi|Cinderace, M|100\/100\n|move|p2a: Skeledirge|Torch Song|p1a: Messi\n|-resisted|p1a: Messi\n|-damage|p1a: Messi|80\/100\n|-boost|p2a: Skeledirge|spa|1\n|\n|-heal|p2a: Skeledirge|100\/100|[from] item: Leftovers\n|upkeep\n|turn|4\n|\n|t:|1700159724\n|move|p1a: Messi|U-turn|p2a: Skeledirge\n|-start|p1a: Messi|typechange|Bug|[from] ability: Libero\n|-resisted|p2a: Skeledirge\n|-damage|p2a: Skeledirge|94\/100\n|\n|t:|1700159726\n|switch|p1a: Washington|Rotom-Wash|100\/100|[from] U-turn\n|move|p2a: Skeledirge|Torch Song|p1a: Washington\n|-resisted|p1a: Washington\n|-damage|p1a: Washington|83\/100\n|-boost|p2a: Skeledirge|spa|1\n|\n|-heal|p1a: Washington|89\/100|[from] item: Leftovers\n|-heal|p2a: Skeledirge|99\/100|[from] item: Leftovers\n|upkeep\n|turn|5\n|\n|t:|1700159755\n|switch|p2a: Clefable|Clefable, F|100\/100\n|move|p1a: Washington|Hydro Pump|p2a: Clefable\n|-crit|p2a: Clefable\n|-damage|p2a: Clefable|62\/100\n|\n|-heal|p1a: Washington|95\/100|[from] item: Leftovers\n|-heal|p2a: Clefable|69\/100|[from] item: Leftovers\n|upkeep\n|turn|6\n|\n|t:|1700159769\n|switch|p1a: Olympic|Aegislash, F|100\/100\n|move|p2a: Clefable|Knock Off|p1a: Olympic\n|-supereffective|p1a: Olympic\n|-damage|p1a: Olympic|73\/100\n|-enditem|p1a: Olympic|Leftovers|[from] move: Knock Off|[of] p2a: Clefable\n|\n|-heal|p2a: Clefable|75\/100|[from] item: Leftovers\n|upkeep\n|turn|7\n|\n|t:|1700159782\n|switch|p2a: Ting-Lu|Ting-Lu|100\/100\n|-ability|p2a: Ting-Lu|Vessel of Ruin\n|move|p1a: Olympic|Substitute|p1a: Olympic\n|-start|p1a: Olympic|Substitute\n|-damage|p1a: Olympic|48\/100\n|\n|upkeep\n|turn|8\n|\n|t:|1700159796\n|-formechange|p1a: Olympic|Aegislash-Blade||[from] ability: Stance Change\n|move|p1a: Olympic|Shadow Ball|p2a: Ting-Lu\n|-resisted|p2a: Ting-Lu\n|-damage|p2a: Ting-Lu|85\/100\n|move|p2a: Ting-Lu|Whirlwind|p1a: Olympic\n|drag|p1a: Banner|Staraptor, M|100\/100\n|\n|-heal|p2a: Ting-Lu|91\/100|[from] item: Leftovers\n|upkeep\n|turn|9\n|\n|t:|1700159807\n|move|p1a: Banner|Brave Bird|p2a: Ting-Lu\n|-damage|p2a: Ting-Lu|52\/100\n|-damage|p1a: Banner|79\/100|[from] Recoil\n|-damage|p1a: Banner|69\/100|[from] item: Life Orb\n|move|p2a: Ting-Lu|Stealth Rock|p1a: Banner\n|-sidestart|p1: Sivilea|move: Stealth Rock\n|\n|-heal|p2a: Ting-Lu|58\/100|[from] item: Leftovers\n|upkeep\n|turn|10\n|\n|t:|1700159824\n|move|p1a: Banner|Close Combat|p2a: Ting-Lu\n|-supereffective|p2a: Ting-Lu\n|-crit|p2a: Ting-Lu\n|-damage|p2a: Ting-Lu|0 fnt\n|-unboost|p1a: Banner|def|1\n|-unboost|p1a: Banner|spd|1\n|faint|p2a: Ting-Lu\n|-damage|p1a: Banner|59\/100|[from] item: Life Orb\n|\n|upkeep\n|\n|t:|1700159828\n|switch|p2a: Mightyena|Mightyena, F|100\/100\n|turn|11\n|\n|t:|1700159836\n|-terastallize|p2a: Mightyena|Dark\n|move|p2a: Mightyena|Sucker Punch|p1a: Banner\n|-damage|p1a: Banner|0 fnt\n|faint|p1a: Banner\n|-ability|p2a: Mightyena|Moxie|boost\n|-boost|p2a: Mightyena|atk|1\n|\n|upkeep\n|\n|t:|1700159857\n|switch|p1a: Naptime|Shiinotic, F|88\/100\n|-damage|p1a: Naptime|75\/100|[from] Stealth Rock\n|turn|12\n|\n|t:|1700159884\n|switch|p2a: Clefable|Clefable, F|75\/100\n|move|p1a: Naptime|Strength Sap|p2a: Clefable\n|-unboost|p2a: Clefable|atk|1\n|-heal|p1a: Naptime|100\/100\n|\n|-heal|p2a: Clefable|81\/100|[from] item: Leftovers\n|upkeep\n|turn|13\n|\n|t:|1700159898\n|move|p2a: Clefable|Wish|p2a: Clefable\n|move|p1a: Naptime|Spore|p2a: Clefable\n|-status|p2a: Clefable|slp|[from] move: Spore\n|\n|-heal|p2a: Clefable|87\/100 slp|[from] item: Leftovers\n|upkeep\n|turn|14\n|\n|t:|1700159908\n|switch|p2a: Skeledirge|Skeledirge, F|99\/100\n|switch|p1a: Olympic|Aegislash, F|48\/100\n|-damage|p1a: Olympic|42\/100|[from] Stealth Rock\n|\n|-heal|p2a: Skeledirge|100\/100|[from] move: Wish|[wisher] Clefable\n|upkeep\n|turn|15\n|\n|t:|1700159922\n|switch|p1a: Washington|Rotom-Wash|95\/100\n|-damage|p1a: Washington|83\/100|[from] Stealth Rock\n|move|p2a: Skeledirge|Torch Song|p1a: Washington\n|-resisted|p1a: Washington\n|-damage|p1a: Washington|70\/100\n|-boost|p2a: Skeledirge|spa|1\n|\n|-heal|p1a: Washington|76\/100|[from] item: Leftovers\n|upkeep\n|turn|16\n|\n|t:|1700159932\n|switch|p2a: Sableye|Sableye-Mega, M|52\/100\n|move|p1a: Washington|Volt Switch|p2a: Sableye\n|-damage|p2a: Sableye|33\/100\n|\n|t:|1700159943\n|switch|p1a: Naptime|Shiinotic, F|100\/100|[from] Volt Switch\n|-damage|p1a: Naptime|88\/100|[from] Stealth Rock\n|\n|upkeep\n|turn|17\n|\n|t:|1700159956\n|switch|p2a: Clefable|Clefable, F|87\/100 slp\n|move|p1a: Naptime|Moonblast|p2a: Clefable\n|-damage|p2a: Clefable|68\/100 slp\n|\n|-heal|p2a: Clefable|74\/100 slp|[from] item: Leftovers\n|upkeep\n|turn|18\n|\n|t:|1700159962\n|switch|p1a: Messi|Cinderace, M|80\/100\n|cant|p2a: Clefable|slp\n|\n|-heal|p2a: Clefable|80\/100 slp|[from] item: Leftovers\n|upkeep\n|turn|19\n|\n|t:|1700159967\n|cant|p2a: Clefable|slp\n|move|p1a: Messi|Pyro Ball|p2a: Clefable\n|-damage|p2a: Clefable|16\/100 slp\n|\n|-heal|p2a: Clefable|22\/100 slp|[from] item: Leftovers\n|upkeep\n|turn|20\n|\n|t:|1700159974\n|cant|p2a: Clefable|slp\n|move|p1a: Messi|U-turn|p2a: Clefable\n|-start|p1a: Messi|typechange|Bug|[from] ability: Libero\n|-resisted|p2a: Clefable\n|-damage|p2a: Clefable|2\/100 slp\n|\n|t:|1700159984\n|switch|p1a: Washington|Rotom-Wash|76\/100|[from] U-turn\n|-damage|p1a: Washington|64\/100|[from] Stealth Rock\n|\n|-heal|p1a: Washington|70\/100|[from] item: Leftovers\n|-heal|p2a: Clefable|8\/100 slp|[from] item: Leftovers\n|upkeep\n|turn|21\n|\n|t:|1700159988\n|-curestatus|p2a: Clefable|slp|[msg]\n|move|p2a: Clefable|Protect|p2a: Clefable\n|-singleturn|p2a: Clefable|Protect\n|move|p1a: Washington|Hydro Pump|p2a: Clefable\n|-activate|p2a: Clefable|move: Protect\n|\n|-heal|p1a: Washington|76\/100|[from] item: Leftovers\n|-heal|p2a: Clefable|14\/100|[from] item: Leftovers\n|upkeep\n|turn|22\n|\n|t:|1700159995\n|switch|p2a: Skeledirge|Skeledirge, F|100\/100\n|move|p1a: Washington|Hydro Pump|p2a: Skeledirge\n|-supereffective|p2a: Skeledirge\n|-damage|p2a: Skeledirge|45\/100\n|\n|-heal|p1a: Washington|83\/100|[from] item: Leftovers\n|-heal|p2a: Skeledirge|51\/100|[from] item: Leftovers\n|upkeep\n|turn|23\n|\n|t:|1700160008\n|switch|p2a: Samurott|Samurott-Hisui, M|100\/100\n|move|p1a: Washington|Hydro Pump|p2a: Samurott\n|-resisted|p2a: Samurott\n|-damage|p2a: Samurott|70\/100\n|\n|-heal|p1a: Washington|89\/100|[from] item: Leftovers\n|upkeep\n|turn|24\n|\n|t:|1700160012\n|move|p2a: Samurott|Ceaseless Edge|p1a: Washington\n|-damage|p1a: Washington|39\/100\n|-sidestart|p1: Sivilea|Spikes\n|move|p1a: Washington|Volt Switch|p2a: Samurott\n|-supereffective|p2a: Samurott\n|-damage|p2a: Samurott|0 fnt\n|faint|p2a: Samurott\n|\n|t:|1700160021\n|switch|p1a: Messi|Cinderace, M|80\/100|[from] Volt Switch\n|\n|upkeep\n|\n|t:|1700160032\n|switch|p2a: Skeledirge|Skeledirge, F|51\/100\n|turn|25\n|\n|t:|1700160035\n|move|p1a: Messi|Sucker Punch||[still]\n|-fail|p1a: Messi\n|move|p2a: Skeledirge|Slack Off|p2a: Skeledirge\n|-heal|p2a: Skeledirge|100\/100\n|\n|upkeep\n|turn|26\n|\n|t:|1700160041\n|move|p1a: Messi|Pyro Ball|p2a: Skeledirge|[miss]\n|-miss|p1a: Messi|p2a: Skeledirge\n|move|p2a: Skeledirge|Roar|p1a: Messi\n|drag|p1a: Washington|Rotom-Wash|39\/100\n|-damage|p1a: Washington|27\/100|[from] Stealth Rock\n|\n|-heal|p1a: Washington|33\/100|[from] item: Leftovers\n|upkeep\n|turn|27\n|\n|t:|1700160051\n|switch|p2a: Clefable|Clefable, F|14\/100\n|move|p1a: Washington|Hydro Pump|p2a: Clefable\n|-damage|p2a: Clefable|0 fnt\n|faint|p2a: Clefable\n|\n|-heal|p1a: Washington|39\/100|[from] item: Leftovers\n|upkeep\n|\n|t:|1700160055\n|switch|p2a: Mightyena|Mightyena, F, tera:Dark|100\/100\n|turn|28\n|\n|t:|1700160058\n|move|p2a: Mightyena|Trailblaze|p1a: Washington\n|-supereffective|p1a: Washington\n|-damage|p1a: Washington|11\/100\n|-boost|p2a: Mightyena|spe|1\n|move|p1a: Washington|Defog|p2a: Mightyena\n|-unboost|p2a: Mightyena|evasion|1\n|-sideend|p1: Sivilea|Spikes|[from] move: Defog|[of] p1a: Washington\n|-sideend|p1: Sivilea|Stealth Rock|[from] move: Defog|[of] p1a: Washington\n|\n|-heal|p1a: Washington|17\/100|[from] item: Leftovers\n|upkeep\n|turn|29\n|\n|t:|1700160071\n|-terastallize|p1a: Washington|Poison\n|move|p2a: Mightyena|Crunch|p1a: Washington\n|-damage|p1a: Washington|0 fnt\n|faint|p1a: Washington\n|-ability|p2a: Mightyena|Moxie|boost\n|-boost|p2a: Mightyena|atk|1\n|\n|upkeep\n|\n|t:|1700160078\n|switch|p1a: Naptime|Shiinotic, F|88\/100\n|turn|30\n|\n|t:|1700160094\n|switch|p2a: Skeledirge|Skeledirge, F|100\/100\n|move|p1a: Naptime|Moonblast|p2a: Skeledirge\n|-resisted|p2a: Skeledirge\n|-damage|p2a: Skeledirge|89\/100\n|\n|-heal|p2a: Skeledirge|95\/100|[from] item: Leftovers\n|upkeep\n|turn|31\n|\n|t:|1700160103\n|switch|p1a: Messi|Cinderace, M|80\/100\n|move|p2a: Skeledirge|Torch Song|p1a: Messi\n|-resisted|p1a: Messi\n|-damage|p1a: Messi|60\/100\n|-boost|p2a: Skeledirge|spa|1\n|\n|-heal|p2a: Skeledirge|100\/100|[from] item: Leftovers\n|upkeep\n|turn|32\n|\n|t:|1700160108\n|move|p1a: Messi|Pyro Ball|p2a: Skeledirge\n|-resisted|p2a: Skeledirge\n|-damage|p2a: Skeledirge|77\/100\n|move|p2a: Skeledirge|Roar|p1a: Messi\n|drag|p1a: Dinnerbone|Malamar, M|100\/100\n|\n|-heal|p2a: Skeledirge|83\/100|[from] item: Leftovers\n|upkeep\n|turn|33\n|\n|t:|1700160113\n|move|p1a: Dinnerbone|Knock Off|p2a: Skeledirge\n|-supereffective|p2a: Skeledirge\n|-damage|p2a: Skeledirge|8\/100\n|-enditem|p2a: Skeledirge|Leftovers|[from] move: Knock Off|[of] p1a: Dinnerbone\n|move|p2a: Skeledirge|Will-O-Wisp|p1a: Dinnerbone\n|-status|p1a: Dinnerbone|brn\n|\n|-damage|p1a: Dinnerbone|94\/100 brn|[from] brn\n|upkeep\n|turn|34\n|\n|t:|1700160117\n|switch|p2a: Sableye|Sableye-Mega, M|33\/100\n|move|p1a: Dinnerbone|Knock Off|p2a: Sableye\n|-damage|p2a: Sableye|19\/100\n|\n|-damage|p1a: Dinnerbone|88\/100 brn|[from] brn\n|upkeep\n|turn|35\n|\n|t:|1700160121\n|move|p1a: Dinnerbone|Knock Off|p2a: Sableye\n|-damage|p2a: Sableye|5\/100\n|move|p2a: Sableye|Recover|p2a: Sableye\n|-heal|p2a: Sableye|56\/100\n|\n|-damage|p1a: Dinnerbone|82\/100 brn|[from] brn\n|upkeep\n|turn|36\n|\n|t:|1700160125\n|switch|p1a: Naptime|Shiinotic, F|88\/100\n|move|p2a: Sableye|Recover|p2a: Sableye\n|-heal|p2a: Sableye|100\/100\n|\n|upkeep\n|turn|37\n|\n|t:|1700160130\n|move|p1a: Naptime|Moonblast|p2a: Sableye\n|-supereffective|p2a: Sableye\n|-damage|p2a: Sableye|57\/100\n|-unboost|p2a: Sableye|spa|1\n|move|p2a: Sableye|Taunt|p1a: Naptime\n|-start|p1a: Naptime|move: Taunt\n|\n|upkeep\n|turn|38\n|\n|t:|1700160136\n|move|p1a: Naptime|Moonblast|p2a: Sableye\n|-supereffective|p2a: Sableye\n|-damage|p2a: Sableye|9\/100\n|move|p2a: Sableye|Recover|p2a: Sableye\n|-heal|p2a: Sableye|60\/100\n|\n|upkeep\n|turn|39\n|\n|t:|1700160140\n|switch|p2a: Skeledirge|Skeledirge, F|8\/100\n|move|p1a: Naptime|Moonblast|p2a: Skeledirge\n|-resisted|p2a: Skeledirge\n|-damage|p2a: Skeledirge|0 fnt\n|faint|p2a: Skeledirge\n|\n|upkeep\n|-message|RivalTeams forfeited.\n|\n|win|Sivilea\n|raw|Sivilea's rating: 1339 &rarr; <strong>1353<\/strong><br \/>(+14 for winning)\n|raw|RivalTeams's rating: 1234 &rarr; <strong>1216<\/strong><br \/>(-18 for losing)\n|l|\u2606RivalTeams\n","uploadtime":1700160152,"views":6,"p1id":"sivilea","p2id":"rivalteams","formatid":"gen9nationaldex","rating":1216,"private":0,"password":""}