{"id":"gen9nationaldex-1995155143","p1":"PEEN0R","p2":"BabaYaga357","format":"[Gen 9] National Dex","log":"|html|<div class=\"broadcast-blue\"><strong>[Gen 9] National Dex is currently suspecting Sneasler! For information on how to participate check out the <a href=\"https:\/\/www.smogon.com\/forums\/threads\/sv-national-dex-suspect-8-just-dance.3731534\/\">suspect thread<\/a>.<\/strong><\/div>\n|j|\u2606PEEN0R\n|j|\u2606BabaYaga357\n|t:|1700528728\n|gametype|singles\n|player|p1|PEEN0R|swimmer-gen4dp|1553\n|player|p2|BabaYaga357|1|1580\n|teamsize|p1|6\n|teamsize|p2|6\n|gen|9\n|tier|[Gen 9] National Dex\n|rated|\n|rule|HP Percentage Mod: HP is shown in percentages\n|rule|Endless Battle Clause: Forcing endless battles is banned\n|rule|OHKO Clause: OHKO moves are banned\n|rule|Evasion Clause: Evasion abilities, items, and moves are banned\n|rule|Evasion Abilities Clause: Evasion abilities are banned\n|rule|Evasion Items Clause: Evasion items are banned\n|rule|Evasion Moves Clause: Evasion moves are banned\n|rule|Species Clause: Limit one of each Pok\u00e9mon\n|rule|Sleep Clause Mod: Limit one foe put to sleep\n|clearpoke\n|poke|p1|Venusaur, M|\n|poke|p1|Great Tusk|\n|poke|p1|Alomomola, F|\n|poke|p1|Tapu Koko|\n|poke|p1|Corviknight, F|\n|poke|p1|Weavile, M|\n|poke|p2|Scizor, M|\n|poke|p2|Ogerpon-Wellspring, F|\n|poke|p2|Gliscor, F|\n|poke|p2|Hatterene, F|\n|poke|p2|Kyurem|\n|poke|p2|Rotom-Wash|\n|teampreview\n|inactive|Battle timer is ON: inactive players will automatically lose when time's up. (requested by BabaYaga357)\n|\n|t:|1700528747\n|start\n|switch|p1a: Ye|Weavile, M|100\/100\n|switch|p2a: Sam|Scizor, M|100\/100\n|-ability|p1a: Ye|Pressure\n|turn|1\n|\n|t:|1700528770\n|switch|p1a: WE ARE SO BACK|Corviknight, F|100\/100\n|-ability|p1a: WE ARE SO BACK|Pressure\n|detailschange|p2a: Sam|Scizor-Mega, M\n|-mega|p2a: Sam|Scizor|Scizorite\n|move|p2a: Sam|Knock Off|p1a: WE ARE SO BACK\n|-damage|p1a: WE ARE SO BACK|81\/100\n|-damage|p2a: Sam|84\/100|[from] item: Rocky Helmet|[of] p1a: WE ARE SO BACK\n|-enditem|p1a: WE ARE SO BACK|Rocky Helmet|[from] move: Knock Off|[of] p2a: Sam\n|\n|upkeep\n|turn|2\n|\n|t:|1700528789\n|switch|p2a: Trans Rights|Gliscor, F|100\/100\n|move|p1a: WE ARE SO BACK|U-turn|p2a: Trans Rights\n|-resisted|p2a: Trans Rights\n|-damage|p2a: Trans Rights|95\/100\n|inactive|PEEN0R has 120 seconds left.\n|\n|t:|1700528829\n|switch|p1a: Ye|Weavile, M|100\/100|[from] U-turn\n|-ability|p1a: Ye|Pressure\n|\n|-status|p2a: Trans Rights|tox|[from] item: Toxic Orb\n|upkeep\n|turn|3\n|\n|t:|1700528848\n|switch|p2a: Sam|Scizor-Mega, M|84\/100\n|move|p1a: Ye|Knock Off|p2a: Sam\n|-damage|p2a: Sam|65\/100\n|\n|upkeep\n|turn|4\n|inactive|PEEN0R has 120 seconds left.\n|\n|t:|1700528881\n|switch|p1a: WE ARE SO BACK|Corviknight, F|81\/100\n|-ability|p1a: WE ARE SO BACK|Pressure\n|switch|p2a: Cumsock|Rotom-Wash|100\/100\n|\n|upkeep\n|turn|5\n|\n|t:|1700528893\n|switch|p1a: Mariguana|Venusaur, M|100\/100\n|move|p2a: Cumsock|Volt Switch|p1a: Mariguana\n|-resisted|p1a: Mariguana\n|-damage|p1a: Mariguana|88\/100\n|inactive|BabaYaga357 has 120 seconds left.\n|\n|t:|1700528904\n|switch|p2a: Gamer|Kyurem|100\/100|[from] Volt Switch\n|-ability|p2a: Gamer|Pressure\n|\n|upkeep\n|turn|6\n|inactive|BabaYaga357 has 120 seconds left.\n|\n|t:|1700528921\n|detailschange|p1a: Mariguana|Venusaur-Mega, M\n|-mega|p1a: Mariguana|Venusaur|Venusaurite\n|move|p2a: Gamer|Substitute|p2a: Gamer\n|-start|p2a: Gamer|Substitute\n|-damage|p2a: Gamer|76\/100\n|move|p1a: Mariguana|Sludge Bomb|p2a: Gamer\n|-end|p2a: Gamer|Substitute\n|\n|upkeep\n|turn|7\n|inactive|BabaYaga357 has 120 seconds left.\n|\n|t:|1700528935\n|switch|p2a: Trans Rights|Gliscor, F|95\/100 tox\n|move|p1a: Mariguana|Sludge Bomb|p2a: Trans Rights\n|-resisted|p2a: Trans Rights\n|-damage|p2a: Trans Rights|76\/100 tox\n|\n|-heal|p2a: Trans Rights|89\/100 tox|[from] ability: Poison Heal\n|upkeep\n|turn|8\n|\n|t:|1700528941\n|switch|p1a: Chael Sonnen|Great Tusk|100\/100\n|move|p2a: Trans Rights|Spikes|p1a: Chael Sonnen\n|-sidestart|p1: PEEN0R|Spikes\n|\n|-heal|p2a: Trans Rights|100\/100 tox|[from] ability: Poison Heal\n|upkeep\n|turn|9\n|\n|t:|1700528950\n|-end|p1a: Chael Sonnen|Protosynthesis|[silent]\n|switch|p1a: Luvdisk|Alomomola, F|100\/100\n|move|p2a: Trans Rights|Toxic|p1a: Luvdisk\n|-status|p1a: Luvdisk|tox\n|\n|-damage|p1a: Luvdisk|94\/100 tox|[from] psn\n|upkeep\n|turn|10\n|\n|t:|1700528962\n|move|p2a: Trans Rights|Spikes|p1a: Luvdisk\n|-sidestart|p1: PEEN0R|Spikes\n|move|p1a: Luvdisk|Flip Turn|p2a: Trans Rights\n|-supereffective|p2a: Trans Rights\n|-damage|p2a: Trans Rights|73\/100 tox\n|\n|t:|1700528970\n|switch|p1a: WE ARE SO BACK|Corviknight, F|81\/100|[from] Flip Turn\n|-ability|p1a: WE ARE SO BACK|Pressure\n|\n|-heal|p2a: Trans Rights|86\/100 tox|[from] ability: Poison Heal\n|upkeep\n|turn|11\n|\n|t:|1700528990\n|switch|p2a: Cumsock|Rotom-Wash|100\/100\n|move|p1a: WE ARE SO BACK|Defog|p2a: Cumsock\n|-unboost|p2a: Cumsock|evasion|1\n|-sideend|p1: PEEN0R|Spikes|[from] move: Defog|[of] p1a: WE ARE SO BACK\n|\n|upkeep\n|turn|12\n|\n|t:|1700529004\n|switch|p1a: Mariguana|Venusaur-Mega, M|88\/100\n|move|p2a: Cumsock|Thunder Wave|p1a: Mariguana\n|-status|p1a: Mariguana|par\n|\n|upkeep\n|turn|13\n|\n|t:|1700529010\n|switch|p2a: Trans Rights|Gliscor, F|86\/100 tox\n|cant|p1a: Mariguana|par\n|\n|-heal|p2a: Trans Rights|98\/100 tox|[from] ability: Poison Heal\n|upkeep\n|turn|14\n|\n|t:|1700529034\n|switch|p1a: Chael Sonnen|Great Tusk|100\/100\n|move|p2a: Trans Rights|Spikes|p1a: Chael Sonnen\n|-sidestart|p1: PEEN0R|Spikes\n|\n|-heal|p2a: Trans Rights|100\/100 tox|[from] ability: Poison Heal\n|upkeep\n|turn|15\n|\n|t:|1700529046\n|move|p1a: Chael Sonnen|Stealth Rock|p2a: Trans Rights\n|-sidestart|p2: BabaYaga357|move: Stealth Rock\n|move|p2a: Trans Rights|Toxic|p1a: Chael Sonnen\n|-status|p1a: Chael Sonnen|tox\n|\n|-damage|p1a: Chael Sonnen|94\/100 tox|[from] psn\n|upkeep\n|turn|16\n|\n|t:|1700529057\n|-end|p1a: Chael Sonnen|Protosynthesis|[silent]\n|switch|p1a: WE ARE SO BACK|Corviknight, F|81\/100\n|-ability|p1a: WE ARE SO BACK|Pressure\n|switch|p2a: Cumsock|Rotom-Wash|100\/100\n|-damage|p2a: Cumsock|88\/100|[from] Stealth Rock\n|\n|upkeep\n|turn|17\n|inactive|PEEN0R has 120 seconds left.\n|c|\u2606PEEN0R|why is gliscor trans rights?\n|\n|t:|1700529116\n|switch|p1a: Mariguana|Venusaur-Mega, M|88\/100 par\n|-damage|p1a: Mariguana|75\/100 par|[from] Spikes\n|move|p2a: Cumsock|Volt Switch|p1a: Mariguana\n|-resisted|p1a: Mariguana\n|-damage|p1a: Mariguana|65\/100 par\n|\n|t:|1700529121\n|switch|p2a: Trans Rights|Gliscor, F|100\/100 tox|[from] Volt Switch\n|-damage|p2a: Trans Rights|88\/100 tox|[from] Stealth Rock\n|\n|-heal|p2a: Trans Rights|100\/100 tox|[from] ability: Poison Heal\n|upkeep\n|turn|18\n|l|\u2606BabaYaga357\n|inactive|BabaYaga357 disconnected and has a minute to reconnect!\n|player|p2|\n|j|\u2606BabaYaga357\n|inactive|BabaYaga357 reconnected and has 140 seconds left.\n|player|p2|BabaYaga357|1\n|\n|t:|1700529147\n|move|p2a: Trans Rights|Earthquake|p1a: Mariguana\n|-damage|p1a: Mariguana|36\/100 par\n|move|p1a: Mariguana|Leech Seed|p2a: Trans Rights\n|-start|p2a: Trans Rights|move: Leech Seed\n|\n|-damage|p2a: Trans Rights|88\/100 tox|[from] Leech Seed|[of] p1a: Mariguana\n|-heal|p1a: Mariguana|48\/100 par|[silent]\n|-heal|p2a: Trans Rights|100\/100 tox|[from] ability: Poison Heal\n|upkeep\n|turn|19\n|\n|t:|1700529162\n|switch|p2a: Cumsock|Rotom-Wash|88\/100\n|-damage|p2a: Cumsock|75\/100|[from] Stealth Rock\n|move|p1a: Mariguana|Giga Drain|p2a: Cumsock\n|-supereffective|p2a: Cumsock\n|-damage|p2a: Cumsock|0 fnt\n|-heal|p1a: Mariguana|80\/100 par|[from] drain|[of] p2a: Cumsock\n|faint|p2a: Cumsock\n|\n|upkeep\n|inactive|BabaYaga357 has 120 seconds left.\n|\n|t:|1700529179\n|switch|p2a: Happy|Ogerpon-Wellspring, F|100\/100\n|-damage|p2a: Happy|88\/100|[from] Stealth Rock\n|turn|20\n|\n|t:|1700529194\n|move|p2a: Happy|U-turn|p1a: Mariguana\n|-damage|p1a: Mariguana|63\/100 par\n|\n|t:|1700529200\n|switch|p2a: Trans Rights|Gliscor, F|100\/100 tox|[from] U-turn\n|-damage|p2a: Trans Rights|88\/100 tox|[from] Stealth Rock\n|cant|p1a: Mariguana|par\n|\n|-heal|p2a: Trans Rights|100\/100 tox|[from] ability: Poison Heal\n|upkeep\n|turn|21\n|\n|t:|1700529205\n|switch|p1a: WE ARE SO BACK|Corviknight, F|81\/100\n|-ability|p1a: WE ARE SO BACK|Pressure\n|move|p2a: Trans Rights|Spikes|p1a: WE ARE SO BACK\n|-sidestart|p1: PEEN0R|Spikes\n|\n|upkeep\n|turn|22\n|\n|t:|1700529232\n|switch|p2a: Gamer|Kyurem|76\/100\n|-ability|p2a: Gamer|Pressure\n|move|p1a: WE ARE SO BACK|U-turn|p2a: Gamer\n|-damage|p2a: Gamer|63\/100\n|inactive|PEEN0R has 120 seconds left.\n|\n|t:|1700529254\n|switch|p1a: Tapu Koko|Tapu Koko|100\/100|[from] U-turn\n|-fieldstart|move: Electric Terrain|[from] ability: Electric Surge|[of] p1a: Tapu Koko\n|\n|upkeep\n|turn|23\n|\n|t:|1700529269\n|switch|p2a: Sam|Scizor-Mega, M|65\/100\n|-damage|p2a: Sam|53\/100|[from] Stealth Rock\n|move|p1a: Tapu Koko|Dazzling Gleam|p2a: Sam\n|-resisted|p2a: Sam\n|-damage|p2a: Sam|38\/100\n|\n|upkeep\n|turn|24\n|\n|t:|1700529276\n|move|p1a: Tapu Koko|Thunderbolt|p2a: Sam\n|-damage|p2a: Sam|0 fnt\n|faint|p2a: Sam\n|\n|upkeep\n|\n|t:|1700529280\n|switch|p2a: Trans Rights|Gliscor, F|100\/100 tox\n|-damage|p2a: Trans Rights|88\/100 tox|[from] Stealth Rock\n|turn|25\n|\n|t:|1700529286\n|move|p1a: Tapu Koko|U-turn|p2a: Trans Rights\n|-resisted|p2a: Trans Rights\n|-damage|p2a: Trans Rights|81\/100 tox\n|\n|t:|1700529288\n|switch|p1a: WE ARE SO BACK|Corviknight, F|81\/100|[from] U-turn\n|-ability|p1a: WE ARE SO BACK|Pressure\n|move|p2a: Trans Rights|Earthquake|p1a: WE ARE SO BACK\n|-immune|p1a: WE ARE SO BACK\n|\n|-heal|p2a: Trans Rights|94\/100 tox|[from] ability: Poison Heal\n|upkeep\n|turn|26\n|j| Twintail_Fetish\n|\n|t:|1700529291\n|switch|p2a: Gamer|Kyurem|63\/100\n|-ability|p2a: Gamer|Pressure\n|move|p1a: WE ARE SO BACK|U-turn|p2a: Gamer\n|-damage|p2a: Gamer|49\/100\n|inactive|PEEN0R has 120 seconds left.\n|\n|t:|1700529331\n|switch|p1a: Ye|Weavile, M|100\/100|[from] U-turn\n|-ability|p1a: Ye|Pressure\n|\n|-fieldend|move: Electric Terrain\n|upkeep\n|turn|27\n|\n|t:|1700529335\n|move|p1a: Ye|Triple Axel|p2a: Gamer|[miss]\n|-miss|p1a: Ye|p2a: Gamer\n|move|p2a: Gamer|Earth Power|p1a: Ye\n|-damage|p1a: Ye|62\/100\n|-unboost|p1a: Ye|spd|1\n|\n|upkeep\n|turn|28\n|\n|t:|1700529342\n|move|p1a: Ye|Triple Axel|p2a: Gamer\n|-damage|p2a: Gamer|40\/100\n|-damage|p2a: Gamer|22\/100\n|-damage|p2a: Gamer|0 fnt\n|faint|p2a: Gamer\n|-hitcount|p2: Gamer|3\n|\n|upkeep\n|\n|t:|1700529352\n|switch|p2a: Happy|Ogerpon-Wellspring, F|88\/100\n|-damage|p2a: Happy|76\/100|[from] Stealth Rock\n|turn|29\n|\n|t:|1700529374\n|switch|p1a: WE ARE SO BACK|Corviknight, F|81\/100\n|-ability|p1a: WE ARE SO BACK|Pressure\n|move|p2a: Happy|Ivy Cudgel|p1a: WE ARE SO BACK|[anim] Ivy Cudgel Water\n|-damage|p1a: WE ARE SO BACK|51\/100\n|\n|upkeep\n|turn|30\n|inactive|PEEN0R has 120 seconds left.\n|\n|t:|1700529405\n|move|p2a: Happy|U-turn|p1a: WE ARE SO BACK\n|-resisted|p1a: WE ARE SO BACK\n|-damage|p1a: WE ARE SO BACK|47\/100\n|\n|t:|1700529409\n|switch|p2a: Trans Rights|Gliscor, F|94\/100 tox|[from] U-turn\n|-damage|p2a: Trans Rights|81\/100 tox|[from] Stealth Rock\n|move|p1a: WE ARE SO BACK|Roost|p1a: WE ARE SO BACK\n|-heal|p1a: WE ARE SO BACK|97\/100\n|-singleturn|p1a: WE ARE SO BACK|move: Roost\n|\n|-heal|p2a: Trans Rights|94\/100 tox|[from] ability: Poison Heal\n|upkeep\n|turn|31\n|l| Twintail_Fetish\n|\n|t:|1700529418\n|switch|p2a: Girlypop|Hatterene, F|100\/100\n|-damage|p2a: Girlypop|88\/100|[from] Stealth Rock\n|move|p1a: WE ARE SO BACK|U-turn|p2a: Girlypop\n|-damage|p2a: Girlypop|77\/100\n|inactive|PEEN0R has 120 seconds left.\n|\n|t:|1700529451\n|switch|p1a: Luvdisk|Alomomola, F|100\/100 tox|[from] U-turn\n|\n|-heal|p2a: Girlypop|83\/100|[from] item: Leftovers\n|-damage|p1a: Luvdisk|94\/100 tox|[from] psn\n|upkeep\n|turn|32\n|\n|t:|1700529468\n|move|p1a: Luvdisk|Wish|p1a: Luvdisk\n|move|p2a: Girlypop|Calm Mind|p2a: Girlypop\n|-boost|p2a: Girlypop|spa|1\n|-boost|p2a: Girlypop|spd|1\n|\n|-heal|p2a: Girlypop|89\/100|[from] item: Leftovers\n|-damage|p1a: Luvdisk|82\/100 tox|[from] psn\n|upkeep\n|turn|33\n|inactive|PEEN0R has 120 seconds left.\n|\n|t:|1700529499\n|move|p1a: Luvdisk|Flip Turn|p2a: Girlypop\n|-damage|p2a: Girlypop|76\/100\n|\n|t:|1700529500\n|switch|p1a: Mariguana|Venusaur-Mega, M|63\/100 par|[from] Flip Turn\n|-damage|p1a: Mariguana|47\/100 par|[from] Spikes\n|move|p2a: Girlypop|Calm Mind|p2a: Girlypop\n|-boost|p2a: Girlypop|spa|1\n|-boost|p2a: Girlypop|spd|1\n|\n|-heal|p1a: Mariguana|100\/100 par|[from] move: Wish|[wisher] Luvdisk\n|-heal|p2a: Girlypop|82\/100|[from] item: Leftovers\n|upkeep\n|turn|34\n|\n|t:|1700529519\n|cant|p1a: Mariguana|par\n|move|p2a: Girlypop|Psyshock|p1a: Mariguana\n|-supereffective|p1a: Mariguana\n|-damage|p1a: Mariguana|0 fnt\n|faint|p1a: Mariguana\n|\n|-heal|p2a: Girlypop|88\/100|[from] item: Leftovers\n|upkeep\n|\n|t:|1700529533\n|switch|p1a: Chael Sonnen|Great Tusk|94\/100 tox\n|-damage|p1a: Chael Sonnen|78\/100 tox|[from] Spikes\n|turn|35\n|\n|t:|1700529545\n|move|p1a: Chael Sonnen|Headlong Rush|p2a: Girlypop\n|-damage|p2a: Girlypop|34\/100\n|-unboost|p1a: Chael Sonnen|def|1\n|-unboost|p1a: Chael Sonnen|spd|1\n|move|p2a: Girlypop|Draining Kiss|p1a: Chael Sonnen\n|-supereffective|p1a: Chael Sonnen\n|-damage|p1a: Chael Sonnen|0 fnt\n|-heal|p2a: Girlypop|100\/100|[from] drain|[of] p1a: Chael Sonnen\n|faint|p1a: Chael Sonnen\n|-end|p1a: Chael Sonnen|Protosynthesis|[silent]\n|\n|upkeep\n|\n|t:|1700529552\n|switch|p1a: Ye|Weavile, M|62\/100\n|-ability|p1a: Ye|Pressure\n|turn|36\n|inactive|PEEN0R has 120 seconds left.\n|\n|t:|1700529560\n|-terastallize|p1a: Ye|Ice\n|move|p1a: Ye|Triple Axel|p2a: Girlypop\n|-damage|p2a: Girlypop|88\/100\n|-damage|p2a: Girlypop|64\/100\n|-damage|p2a: Girlypop|28\/100\n|-hitcount|p2a: Girlypop|3\n|move|p2a: Girlypop|Draining Kiss|p1a: Ye\n|-crit|p1a: Ye\n|-damage|p1a: Ye|0 fnt\n|-heal|p2a: Girlypop|68\/100|[from] drain|[of] p1a: Ye\n|faint|p1a: Ye\n|\n|-heal|p2a: Girlypop|74\/100|[from] item: Leftovers\n|upkeep\n|inactive|PEEN0R has 120 seconds left.\n|-message|PEEN0R forfeited.\n|\n|win|BabaYaga357\n|raw|PEEN0R's rating: 1553 &rarr; <strong>1535<\/strong><br \/>(-18 for losing)\n|raw|BabaYaga357's rating: 1580 &rarr; <strong>1598<\/strong><br \/>(+18 for winning)\n|l|\u2606PEEN0R\n","uploadtime":1700529572,"views":2,"p1id":"peen0r","p2id":"babayaga357","formatid":"gen9nationaldex","rating":1535,"private":0,"password":""}