{"id":"gen9nationaldex-1996277755","p1":"i like serperior","p2":"zizhuzhaosheng","format":"[Gen 9] National Dex","log":"|html|<div class=\"broadcast-blue\"><strong>[Gen 9] National Dex is currently suspecting Sneasler! For information on how to participate check out the <a href=\"https:\/\/www.smogon.com\/forums\/threads\/sv-national-dex-suspect-8-just-dance.3731534\/\">suspect thread<\/a>.<\/strong><\/div>\n|j|\u2606i like serperior\n|j|\u2606zizhuzhaosheng\n|t:|1700666777\n|gametype|singles\n|player|p1|i like serperior|colress|1808\n|player|p2|zizhuzhaosheng|archer|1665\n|teamsize|p1|6\n|teamsize|p2|6\n|gen|9\n|tier|[Gen 9] National Dex\n|rated|\n|rule|HP Percentage Mod: HP is shown in percentages\n|rule|Endless Battle Clause: Forcing endless battles is banned\n|rule|OHKO Clause: OHKO moves are banned\n|rule|Evasion Clause: Evasion abilities, items, and moves are banned\n|rule|Evasion Abilities Clause: Evasion abilities are banned\n|rule|Evasion Items Clause: Evasion items are banned\n|rule|Evasion Moves Clause: Evasion moves are banned\n|rule|Species Clause: Limit one of each Pok\u00e9mon\n|rule|Sleep Clause Mod: Limit one foe put to sleep\n|clearpoke\n|poke|p1|Hatterene, F|\n|poke|p1|Houndoom, M|\n|poke|p1|Torkoal, M|\n|poke|p1|Great Tusk|\n|poke|p1|Rillaboom, F|\n|poke|p1|Darmanitan, F|\n|poke|p2|Latias, F|\n|poke|p2|Urshifu-*, M|\n|poke|p2|Heatran, F|\n|poke|p2|Landorus-Therian, M|\n|poke|p2|Iron Valiant|\n|poke|p2|Tapu Koko|\n|teampreview\n|inactive|Battle timer is ON: inactive players will automatically lose when time's up. (requested by zizhuzhaosheng)\n|\n|t:|1700666805\n|start\n|switch|p1a: Re-router|Hatterene, F, shiny|100\/100\n|switch|p2a: Heatran|Heatran, F|100\/100\n|turn|1\n|\n|t:|1700666808\n|move|p2a: Heatran|Magma Storm|p1a: Re-router\n|-damage|p1a: Re-router|61\/100\n|-activate|p1a: Re-router|move: Magma Storm|[of] p2a: Heatran\n|move|p1a: Re-router|Nuzzle|p2a: Heatran\n|-damage|p2a: Heatran|97\/100\n|-status|p2a: Heatran|par\n|\n|-heal|p2a: Heatran|100\/100 par|[from] item: Leftovers\n|-heal|p1a: Re-router|67\/100|[from] item: Leftovers\n|-damage|p1a: Re-router|54\/100|[from] move: Magma Storm|[partiallytrapped]\n|upkeep\n|turn|2\n|\n|t:|1700666815\n|move|p2a: Heatran|Magma Storm|p1a: Re-router\n|-damage|p1a: Re-router|15\/100\n|move|p1a: Re-router|Draining Kiss|p2a: Heatran\n|-resisted|p2a: Heatran\n|-damage|p2a: Heatran|97\/100 par\n|-heal|p1a: Re-router|18\/100|[from] drain|[of] p2a: Heatran\n|\n|-heal|p2a: Heatran|100\/100 par|[from] item: Leftovers\n|-heal|p1a: Re-router|24\/100|[from] item: Leftovers\n|-damage|p1a: Re-router|12\/100|[from] move: Magma Storm|[partiallytrapped]\n|upkeep\n|turn|3\n|\n|t:|1700666820\n|move|p2a: Heatran|Earth Power|p1a: Re-router\n|-damage|p1a: Re-router|0 fnt\n|faint|p1a: Re-router\n|\n|upkeep\n|\n|t:|1700666826\n|switch|p1a: Supernova|Darmanitan, F|100\/100\n|turn|4\n|\n|t:|1700666831\n|switch|p2a: Landorus|Landorus-Therian, M|100\/100\n|-ability|p2a: Landorus|Intimidate|boost\n|-unboost|p1a: Supernova|atk|1\n|move|p1a: Supernova|Earthquake|p2a: Landorus\n|-immune|p2a: Landorus\n|\n|upkeep\n|turn|5\n|\n|t:|1700666835\n|switch|p1a: King mong|Rillaboom, F|100\/100\n|-fieldstart|move: Grassy Terrain|[from] ability: Grassy Surge|[of] p1a: King mong\n|-enditem|p1a: King mong|Grassy Seed\n|-boost|p1a: King mong|def|1|[from] item: Grassy Seed\n|move|p2a: Landorus|U-turn|p1a: King mong\n|-supereffective|p1a: King mong\n|-damage|p1a: King mong|70\/100\n|j| Bear233\n|\n|t:|1700666846\n|switch|p2a: Latias|Latias, F|100\/100|[from] U-turn\n|\n|-heal|p1a: King mong|76\/100|[from] Grassy Terrain\n|upkeep\n|turn|6\n|\n|t:|1700666851\n|detailschange|p2a: Latias|Latias-Mega, F\n|-mega|p2a: Latias|Latias|Latiasite\n|move|p2a: Latias|Ice Beam|p1a: King mong\n|-supereffective|p1a: King mong\n|-damage|p1a: King mong|2\/100\n|move|p1a: King mong|Swords Dance|p1a: King mong\n|-boost|p1a: King mong|atk|2\n|\n|-heal|p1a: King mong|8\/100|[from] Grassy Terrain\n|upkeep\n|turn|7\n|\n|t:|1700666858\n|move|p1a: King mong|Grassy Glide|p2a: Latias\n|-resisted|p2a: Latias\n|-damage|p2a: Latias|68\/100\n|move|p2a: Latias|Mystical Fire|p1a: King mong\n|-supereffective|p1a: King mong\n|-damage|p1a: King mong|0 fnt\n|faint|p1a: King mong\n|\n|upkeep\n|\n|t:|1700666862\n|switch|p1a: Vesuvius|Torkoal, M, shiny|100\/100\n|-weather|SunnyDay|[from] ability: Drought|[of] p1a: Vesuvius\n|turn|8\n|\n|t:|1700666865\n|move|p2a: Latias|Psychic|p1a: Vesuvius\n|-crit|p1a: Vesuvius\n|-damage|p1a: Vesuvius|29\/100\n|move|p1a: Vesuvius|Yawn|p2a: Latias\n|-start|p2a: Latias|move: Yawn|[of] p1a: Vesuvius\n|\n|-weather|SunnyDay|[upkeep]\n|-heal|p1a: Vesuvius|35\/100|[from] Grassy Terrain\n|upkeep\n|turn|9\n|\n|t:|1700666877\n|switch|p2a: Landorus|Landorus-Therian, M|100\/100\n|-ability|p2a: Landorus|Intimidate|boost\n|-unboost|p1a: Vesuvius|atk|1\n|move|p1a: Vesuvius|Yawn|p2a: Landorus\n|-start|p2a: Landorus|move: Yawn|[of] p1a: Vesuvius\n|\n|-weather|SunnyDay|[upkeep]\n|-heal|p1a: Vesuvius|41\/100|[from] Grassy Terrain\n|-fieldend|move: Grassy Terrain\n|upkeep\n|turn|10\n|\n|t:|1700666883\n|move|p2a: Landorus|Earthquake|p1a: Vesuvius\n|-supereffective|p1a: Vesuvius\n|-damage|p1a: Vesuvius|0 fnt\n|faint|p1a: Vesuvius\n|\n|-weather|SunnyDay|[upkeep]\n|-end|p2a: Landorus|move: Yawn|[silent]\n|-status|p2a: Landorus|slp\n|upkeep\n|\n|t:|1700666886\n|switch|p1a: Hellfire|Houndoom, M, shiny|100\/100\n|turn|11\n|\n|t:|1700666888\n|move|p1a: Hellfire|Nasty Plot|p1a: Hellfire\n|-boost|p1a: Hellfire|spa|2\n|cant|p2a: Landorus|slp\n|\n|-weather|SunnyDay|[upkeep]\n|upkeep\n|turn|12\n|\n|t:|1700666891\n|detailschange|p1a: Hellfire|Houndoom-Mega, M, shiny\n|-mega|p1a: Hellfire|Houndoom|Houndoominite\n|move|p1a: Hellfire|Fire Blast|p2a: Landorus\n|-damage|p2a: Landorus|0 fnt\n|faint|p2a: Landorus\n|\n|-weather|SunnyDay|[upkeep]\n|-damage|p1a: Hellfire|88\/100|[from] ability: Solar Power|[of] p1a: Hellfire\n|upkeep\n|\n|t:|1700666898\n|switch|p2a: Urshifu|Urshifu-Rapid-Strike, M|100\/100\n|turn|13\n|\n|t:|1700666901\n|move|p2a: Urshifu|Close Combat|p1a: Hellfire\n|-supereffective|p1a: Hellfire\n|-damage|p1a: Hellfire|0 fnt\n|-unboost|p2a: Urshifu|def|1\n|-unboost|p2a: Urshifu|spd|1\n|faint|p1a: Hellfire\n|\n|-weather|SunnyDay|[upkeep]\n|upkeep\n|\n|t:|1700666904\n|switch|p1a: Velika|Great Tusk|100\/100\n|-activate|p1a: Velika|ability: Protosynthesis\n|-start|p1a: Velika|protosynthesisatk\n|turn|14\n|\n|t:|1700666910\n|switch|p2a: Latias|Latias-Mega, F|68\/100\n|move|p1a: Velika|Rapid Spin|p2a: Latias\n|-damage|p2a: Latias|50\/100\n|-boost|p1a: Velika|spe|1\n|\n|-weather|SunnyDay|[upkeep]\n|upkeep\n|turn|15\n|\n|t:|1700666914\n|-terastallize|p1a: Velika|Steel\n|move|p1a: Velika|Bulk Up|p1a: Velika\n|-boost|p1a: Velika|atk|1\n|-boost|p1a: Velika|def|1\n|move|p2a: Latias|Ice Beam|p1a: Velika\n|-resisted|p1a: Velika\n|-damage|p1a: Velika|74\/100\n|\n|-weather|none\n|-end|p1a: Velika|Protosynthesis\n|-heal|p1a: Velika|80\/100|[from] item: Leftovers\n|upkeep\n|turn|16\n|\n|t:|1700666918\n|move|p1a: Velika|Close Combat|p2a: Latias\n|-resisted|p2a: Latias\n|-damage|p2a: Latias|14\/100\n|-unboost|p1a: Velika|def|1\n|-unboost|p1a: Velika|spd|1\n|move|p2a: Latias|Roost|p2a: Latias\n|-heal|p2a: Latias|64\/100\n|-singleturn|p2a: Latias|move: Roost\n|\n|-heal|p1a: Velika|86\/100|[from] item: Leftovers\n|upkeep\n|turn|17\n|\n|t:|1700666922\n|move|p1a: Velika|Bulk Up|p1a: Velika\n|-boost|p1a: Velika|atk|1\n|-boost|p1a: Velika|def|1\n|move|p2a: Latias|Mystical Fire|p1a: Velika\n|-supereffective|p1a: Velika\n|-damage|p1a: Velika|0 fnt\n|faint|p1a: Velika\n|-end|p1a: Velika|Protosynthesis|[silent]\n|\n|upkeep\n|-message|i like serperior forfeited.\n|\n|win|zizhuzhaosheng\n|raw|i like serperior's rating: 1808 &rarr; <strong>1780<\/strong><br \/>(-28 for losing)\n|raw|zizhuzhaosheng's rating: 1665 &rarr; <strong>1693<\/strong><br \/>(+28 for winning)\n|l|\u2606i like serperior\n","uploadtime":1700666930,"views":0,"p1id":"ilikeserperior","p2id":"zizhuzhaosheng","formatid":"gen9nationaldex","rating":1693,"private":0,"password":""}