{"id":"gen9nationaldex-1994289585","p1":"Latrapito","p2":"YinGsJ","format":"[Gen 9] National Dex","log":"|j|\u2606Latrapito\n|j|\u2606YinGsJ\n|t:|1700427503\n|gametype|singles\n|player|p1|Latrapito|aromalady|\n|player|p2|YinGsJ|red-masters|\n|teamsize|p1|6\n|teamsize|p2|6\n|gen|9\n|tier|[Gen 9] National Dex\n|rule|HP Percentage Mod: HP is shown in percentages\n|rule|Endless Battle Clause: Forcing endless battles is banned\n|rule|OHKO Clause: OHKO moves are banned\n|rule|Evasion Clause: Evasion abilities, items, and moves are banned\n|rule|Evasion Abilities Clause: Evasion abilities are banned\n|rule|Evasion Items Clause: Evasion items are banned\n|rule|Evasion Moves Clause: Evasion moves are banned\n|rule|Species Clause: Limit one of each Pok\u00e9mon\n|rule|Sleep Clause Mod: Limit one foe put to sleep\n|clearpoke\n|poke|p1|Cetitan, M|\n|poke|p1|Chatot, F|\n|poke|p1|Greninja-*, F|\n|poke|p1|Drednaw, F|\n|poke|p1|Staraptor, F|\n|poke|p1|Araquanid, M|\n|poke|p2|Heliolisk, F|\n|poke|p2|Spinda, M|\n|poke|p2|Crobat, M|\n|poke|p2|Orthworm, M|\n|poke|p2|Swoobat, F|\n|poke|p2|Houndstone, F|\n|teampreview\n|\n|t:|1700427513\n|start\n|switch|p1a: Araquanid|Araquanid, M|100\/100\n|switch|p2a: Orthworm|Orthworm, M|100\/100\n|turn|1\n|\n|t:|1700427524\n|switch|p2a: Crobat|Crobat, M|100\/100\n|move|p1a: Araquanid|Sticky Web|p2a: Crobat\n|-sidestart|p2: YinGsJ|move: Sticky Web\n|\n|upkeep\n|turn|2\n|\n|t:|1700427533\n|move|p1a: Araquanid|Protect|p1a: Araquanid\n|-singleturn|p1a: Araquanid|Protect\n|move|p2a: Crobat|Brave Bird|p1a: Araquanid\n|-activate|p1a: Araquanid|move: Protect\n|\n|upkeep\n|turn|3\n|c|\u2606YinGsJ|Ya con eso perd\u00ed\n|\n|t:|1700427544\n|switch|p1a: Cetitan|Cetitan, M|100\/100\n|move|p2a: Crobat|Taunt|p1a: Cetitan\n|-start|p1a: Cetitan|move: Taunt\n|\n|upkeep\n|turn|4\n|\n|t:|1700427552\n|switch|p2a: Houndstone|Houndstone, F|100\/100\n|-activate|p2a: Houndstone|move: Sticky Web\n|-unboost|p2a: Houndstone|spe|1\n|move|p1a: Cetitan|Ice Fang|p2a: Houndstone\n|-damage|p2a: Houndstone|92\/100\n|\n|-heal|p2a: Houndstone|98\/100|[from] item: Leftovers\n|upkeep\n|turn|5\n|\n|t:|1700427574\n|switch|p1a: Staraptor|Staraptor, F|100\/100\n|-ability|p1a: Staraptor|Intimidate|boost\n|-unboost|p2a: Houndstone|atk|1\n|move|p2a: Houndstone|Body Press|p1a: Staraptor\n|-damage|p1a: Staraptor|62\/100\n|\n|-heal|p2a: Houndstone|100\/100|[from] item: Leftovers\n|upkeep\n|turn|6\n|\n|t:|1700427586\n|move|p1a: Staraptor|Brave Bird|p2a: Houndstone\n|-damage|p2a: Houndstone|71\/100\n|-damage|p1a: Staraptor|51\/100|[from] Recoil\n|move|p2a: Houndstone|Body Press|p1a: Staraptor\n|-damage|p1a: Staraptor|13\/100\n|\n|-heal|p2a: Houndstone|77\/100|[from] item: Leftovers\n|upkeep\n|turn|7\n|\n|t:|1700427605\n|move|p1a: Staraptor|Brave Bird|p2a: Houndstone\n|-damage|p2a: Houndstone|46\/100\n|-damage|p1a: Staraptor|1\/100|[from] Recoil\n|move|p2a: Houndstone|Will-O-Wisp|p1a: Staraptor\n|-status|p1a: Staraptor|brn\n|\n|-heal|p2a: Houndstone|52\/100|[from] item: Leftovers\n|-damage|p1a: Staraptor|0 fnt|[from] brn\n|faint|p1a: Staraptor\n|upkeep\n|\n|t:|1700427618\n|switch|p1a: Greninja|Greninja, F|100\/100\n|turn|8\n|\n|t:|1700427624\n|move|p1a: Greninja|Scald|p2a: Houndstone\n|-start|p1a: Greninja|typechange|Water|[from] ability: Protean\n|-damage|p2a: Houndstone|0 fnt\n|faint|p2a: Houndstone\n|\n|upkeep\n|\n|t:|1700427631\n|switch|p2a: Spinda|Spinda, M|100\/100\n|turn|9\n|\n|t:|1700427635\n|move|p1a: Greninja|Scald|p2a: Spinda\n|-damage|p2a: Spinda|20\/100\n|-status|p2a: Spinda|brn\n|move|p2a: Spinda|Superpower|p1a: Greninja\n|-damage|p1a: Greninja|79\/100\n|-boost|p2a: Spinda|atk|1\n|-boost|p2a: Spinda|def|1\n|\n|-damage|p2a: Spinda|13\/100 brn|[from] brn\n|upkeep\n|turn|10\n|\n|t:|1700427647\n|move|p1a: Greninja|Scald|p2a: Spinda\n|-damage|p2a: Spinda|0 fnt\n|faint|p2a: Spinda\n|\n|upkeep\n|\n|t:|1700427653\n|switch|p2a: Heliolisk|Heliolisk, F, shiny|100\/100\n|-activate|p2a: Heliolisk|move: Sticky Web\n|-unboost|p2a: Heliolisk|spe|1\n|turn|11\n|\n|t:|1700427662\n|switch|p1a: Araquanid|Araquanid, M|100\/100\n|move|p2a: Heliolisk|Thunderbolt|p1a: Araquanid\n|-supereffective|p1a: Araquanid\n|-damage|p1a: Araquanid|38\/100\n|-damage|p2a: Heliolisk|91\/100|[from] item: Life Orb\n|\n|-heal|p1a: Araquanid|44\/100|[from] item: Leftovers\n|upkeep\n|turn|12\n|\n|t:|1700427672\n|move|p2a: Heliolisk|Thunderbolt|p1a: Araquanid\n|-supereffective|p1a: Araquanid\n|-damage|p1a: Araquanid|0 fnt\n|faint|p1a: Araquanid\n|-damage|p2a: Heliolisk|81\/100|[from] item: Life Orb\n|\n|upkeep\n|\n|t:|1700427680\n|switch|p1a: Greninja|Greninja, F|79\/100\n|turn|13\n|\n|t:|1700427685\n|move|p1a: Greninja|Dark Pulse|p2a: Heliolisk\n|-start|p1a: Greninja|typechange|Dark|[from] ability: Protean\n|-damage|p2a: Heliolisk|4\/100\n|cant|p2a: Heliolisk|flinch\n|\n|upkeep\n|turn|14\n|\n|t:|1700427702\n|move|p1a: Greninja|Dark Pulse|p2a: Heliolisk\n|-damage|p2a: Heliolisk|0 fnt\n|faint|p2a: Heliolisk\n|\n|upkeep\n|\n|t:|1700427709\n|switch|p2a: Crobat|Crobat, M|100\/100\n|turn|15\n|\n|t:|1700427715\n|switch|p1a: Drednaw|Drednaw, F|100\/100\n|move|p2a: Crobat|U-turn|p1a: Drednaw\n|-damage|p1a: Drednaw|87\/100\n|\n|t:|1700427718\n|switch|p2a: Orthworm|Orthworm, M|100\/100|[from] U-turn\n|-activate|p2a: Orthworm|move: Sticky Web\n|-unboost|p2a: Orthworm|spe|1\n|\n|-heal|p1a: Drednaw|93\/100|[from] item: Leftovers\n|upkeep\n|turn|16\n|\n|t:|1700427730\n|move|p1a: Drednaw|Stealth Rock|p2a: Orthworm\n|-sidestart|p2: YinGsJ|move: Stealth Rock\n|move|p2a: Orthworm|Body Press|p1a: Drednaw\n|-supereffective|p1a: Drednaw\n|-damage|p1a: Drednaw|29\/100\n|\n|-heal|p1a: Drednaw|35\/100|[from] item: Leftovers\n|upkeep\n|turn|17\n|\n|t:|1700427741\n|move|p1a: Drednaw|Waterfall|p2a: Orthworm\n|-damage|p2a: Orthworm|76\/100\n|-damage|p1a: Drednaw|19\/100|[from] item: Rocky Helmet|[of] p2a: Orthworm\n|move|p2a: Orthworm|Body Press|p1a: Drednaw\n|-supereffective|p1a: Drednaw\n|-damage|p1a: Drednaw|0 fnt\n|faint|p1a: Drednaw\n|\n|upkeep\n|\n|t:|1700427753\n|switch|p1a: Greninja|Greninja, F|79\/100\n|turn|18\n|\n|t:|1700427759\n|move|p1a: Greninja|Scald|p2a: Orthworm\n|-start|p1a: Greninja|typechange|Water|[from] ability: Protean\n|-damage|p2a: Orthworm|0 fnt\n|faint|p2a: Orthworm\n|\n|upkeep\n|\n|t:|1700427765\n|switch|p2a: Swoobat|Swoobat, F, shiny|100\/100\n|-damage|p2a: Swoobat|76\/100|[from] Stealth Rock\n|turn|19\n|\n|t:|1700427770\n|move|p1a: Greninja|Scald|p2a: Swoobat\n|-damage|p2a: Swoobat|0 fnt\n|faint|p2a: Swoobat\n|\n|upkeep\n|\n|t:|1700427773\n|switch|p2a: Crobat|Crobat, M|100\/100\n|-damage|p2a: Crobat|76\/100|[from] Stealth Rock\n|turn|20\n|\n|t:|1700427780\n|move|p1a: Greninja|Scald|p2a: Crobat\n|-damage|p2a: Crobat|18\/100\n|-status|p2a: Crobat|brn\n|move|p2a: Crobat|Brave Bird|p1a: Greninja\n|-damage|p1a: Greninja|48\/100\n|-damage|p2a: Crobat|10\/100 brn|[from] Recoil\n|\n|-heal|p2a: Crobat|16\/100 brn|[from] item: Black Sludge\n|-damage|p2a: Crobat|10\/100 brn|[from] brn\n|upkeep\n|turn|21\n|-message|YinGsJ forfeited.\n|\n|win|Latrapito\n|l|\u2606YinGsJ\n","uploadtime":1700427798,"views":14,"p1id":"latrapito","p2id":"yingsj","formatid":"gen9nationaldex","rating":0,"private":0,"password":""}