{"id":"gen9nationaldex-1996872640","p1":"The power of ROCK","p2":"jannyster","format":"[Gen 9] National Dex","log":"|html|<div class=\"broadcast-blue\"><strong>[Gen 9] National Dex is currently suspecting Sneasler! For information on how to participate check out the <a href=\"https:\/\/www.smogon.com\/forums\/threads\/sv-national-dex-suspect-8-just-dance.3731534\/\">suspect thread<\/a>.<\/strong><\/div>\n|j|\u2606The power of ROCK\n|j|\u2606jannyster\n|t:|1700738471\n|gametype|singles\n|player|p1|The power of ROCK|roark|\n|player|p2|jannyster|1|\n|teamsize|p1|1\n|teamsize|p2|6\n|gen|9\n|tier|[Gen 9] National Dex\n|rule|HP Percentage Mod: HP is shown in percentages\n|rule|Endless Battle Clause: Forcing endless battles is banned\n|rule|OHKO Clause: OHKO moves are banned\n|rule|Evasion Clause: Evasion abilities, items, and moves are banned\n|rule|Evasion Abilities Clause: Evasion abilities are banned\n|rule|Evasion Items Clause: Evasion items are banned\n|rule|Evasion Moves Clause: Evasion moves are banned\n|rule|Species Clause: Limit one of each Pok\u00e9mon\n|rule|Sleep Clause Mod: Limit one foe put to sleep\n|clearpoke\n|poke|p1|Garganacl, M|\n|poke|p2|Yanmega, M|\n|poke|p2|Garchomp, F|\n|poke|p2|Mismagius, M|\n|poke|p2|Roserade, F|\n|poke|p2|Magnezone|\n|poke|p2|Togekiss, F|\n|teampreview\n|j| siams\n|c| siams|hmmmm\n|\n|t:|1700738502\n|start\n|switch|p1a: Garganacl|Garganacl, M|100\/100\n|switch|p2a: Roserade|Roserade, F|100\/100\n|turn|1\n|\n|t:|1700738513\n|-terastallize|p1a: Garganacl|Ghost\n|move|p2a: Roserade|Energy Ball|p1a: Garganacl\n|-damage|p1a: Garganacl|70\/100\n|-enditem|p1a: Garganacl|Maranga Berry|[eat]\n|-boost|p1a: Garganacl|spd|1|[from] item: Maranga Berry\n|move|p1a: Garganacl|Iron Defense|p1a: Garganacl\n|-boost|p1a: Garganacl|def|2\n|\n|upkeep\n|turn|2\n|\n|t:|1700738517\n|move|p2a: Roserade|Dazzling Gleam|p1a: Garganacl\n|-damage|p1a: Garganacl|57\/100\n|move|p1a: Garganacl|Salt Cure|p2a: Roserade\n|-damage|p2a: Roserade|75\/100\n|-start|p2a: Roserade|Salt Cure\n|\n|-heal|p2a: Roserade|81\/100|[from] item: Black Sludge\n|-damage|p2a: Roserade|69\/100|[from] Salt Cure\n|upkeep\n|turn|3\n|j| 11221122k\n|j| avelxennit\n|l| 11221122k\n|c|\u2606jannyster|Oooooo spicy\n|\n|t:|1700738529\n|move|p2a: Roserade|Synthesis|p2a: Roserade\n|-heal|p2a: Roserade|100\/100\n|move|p1a: Garganacl|Iron Defense|p1a: Garganacl\n|-boost|p1a: Garganacl|def|2\n|\n|-damage|p2a: Roserade|88\/100|[from] Salt Cure\n|upkeep\n|turn|4\n|\n|t:|1700738532\n|move|p2a: Roserade|Dazzling Gleam|p1a: Garganacl\n|-damage|p1a: Garganacl|44\/100\n|move|p1a: Garganacl|Recover|p1a: Garganacl\n|-heal|p1a: Garganacl|94\/100\n|\n|-heal|p2a: Roserade|94\/100|[from] item: Black Sludge\n|-damage|p2a: Roserade|82\/100|[from] Salt Cure\n|upkeep\n|turn|5\n|\n|t:|1700738536\n|move|p2a: Roserade|Sludge Bomb|p1a: Garganacl\n|-resisted|p1a: Garganacl\n|-damage|p1a: Garganacl|84\/100\n|move|p1a: Garganacl|Iron Defense|p1a: Garganacl\n|-boost|p1a: Garganacl|def|2\n|\n|-heal|p2a: Roserade|88\/100|[from] item: Black Sludge\n|-damage|p2a: Roserade|76\/100|[from] Salt Cure\n|upkeep\n|turn|6\n|\n|t:|1700738540\n|move|p2a: Roserade|Sludge Bomb|p1a: Garganacl\n|-resisted|p1a: Garganacl\n|-damage|p1a: Garganacl|74\/100\n|move|p1a: Garganacl|Body Press|p2a: Roserade\n|-resisted|p2a: Roserade\n|-damage|p2a: Roserade|0 fnt\n|faint|p2a: Roserade\n|\n|upkeep\n|\n|t:|1700738547\n|switch|p2a: Magnezone|Magnezone|100\/100\n|turn|7\n|\n|t:|1700738553\n|move|p2a: Magnezone|Thunderbolt|p1a: Garganacl\n|-damage|p1a: Garganacl|50\/100\n|move|p1a: Garganacl|Body Press|p2a: Magnezone\n|-supereffective|p2a: Magnezone\n|-enditem|p2a: Magnezone|Focus Sash\n|-damage|p2a: Magnezone|1\/100\n|\n|upkeep\n|turn|8\n|\n|t:|1700738556\n|move|p2a: Magnezone|Thunderbolt|p1a: Garganacl\n|-damage|p1a: Garganacl|27\/100\n|move|p1a: Garganacl|Recover|p1a: Garganacl\n|-heal|p1a: Garganacl|77\/100\n|\n|upkeep\n|turn|9\n|\n|t:|1700738559\n|move|p2a: Magnezone|Thunderbolt|p1a: Garganacl\n|-damage|p1a: Garganacl|53\/100\n|move|p1a: Garganacl|Recover|p1a: Garganacl\n|-heal|p1a: Garganacl|100\/100\n|\n|upkeep\n|turn|10\n|\n|t:|1700738562\n|move|p2a: Magnezone|Thunderbolt|p1a: Garganacl\n|-damage|p1a: Garganacl|78\/100\n|move|p1a: Garganacl|Salt Cure|p2a: Magnezone\n|-resisted|p2a: Magnezone\n|-damage|p2a: Magnezone|0 fnt\n|faint|p2a: Magnezone\n|\n|upkeep\n|\n|t:|1700738566\n|switch|p2a: Togekiss|Togekiss, F|100\/100\n|turn|11\n|\n|t:|1700738571\n|move|p2a: Togekiss|Thunder Wave|p1a: Garganacl\n|-immune|p1a: Garganacl|[from] ability: Purifying Salt\n|move|p1a: Garganacl|Salt Cure|p2a: Togekiss\n|-supereffective|p2a: Togekiss\n|-damage|p2a: Togekiss|62\/100\n|-start|p2a: Togekiss|Salt Cure\n|\n|-damage|p2a: Togekiss|50\/100|[from] Salt Cure\n|upkeep\n|turn|12\n|\n|t:|1700738577\n|move|p2a: Togekiss|Air Slash|p1a: Garganacl\n|-damage|p1a: Garganacl|63\/100\n|cant|p1a: Garganacl|flinch\n|\n|-damage|p2a: Togekiss|37\/100|[from] Salt Cure\n|upkeep\n|turn|13\n|\n|t:|1700738581\n|move|p2a: Togekiss|Ancient Power|p1a: Garganacl\n|-damage|p1a: Garganacl|54\/100\n|move|p1a: Garganacl|Recover|p1a: Garganacl\n|-heal|p1a: Garganacl|100\/100\n|\n|-damage|p2a: Togekiss|25\/100|[from] Salt Cure\n|upkeep\n|turn|14\n|\n|t:|1700738584\n|move|p2a: Togekiss|Air Slash|p1a: Garganacl\n|-damage|p1a: Garganacl|85\/100\n|cant|p1a: Garganacl|flinch\n|\n|-damage|p2a: Togekiss|13\/100|[from] Salt Cure\n|upkeep\n|turn|15\n|\n|t:|1700738587\n|move|p2a: Togekiss|Air Slash|p1a: Garganacl\n|-damage|p1a: Garganacl|70\/100\n|cant|p1a: Garganacl|flinch\n|\n|-damage|p2a: Togekiss|1\/100|[from] Salt Cure\n|upkeep\n|turn|16\n|c|\u2606jannyster|Ohhhhh\n|\n|t:|1700738592\n|move|p2a: Togekiss|Air Slash|p1a: Garganacl\n|-damage|p1a: Garganacl|54\/100\n|cant|p1a: Garganacl|flinch\n|\n|-damage|p2a: Togekiss|0 fnt|[from] Salt Cure\n|faint|p2a: Togekiss\n|upkeep\n|c| siams|you getting disrespected jannyster\n|\n|t:|1700738626\n|switch|p2a: Garchomp|Garchomp, F|100\/100\n|turn|17\n|\n|t:|1700738632\n|move|p2a: Garchomp|Earthquake|p1a: Garganacl\n|-damage|p1a: Garganacl|44\/100\n|move|p1a: Garganacl|Recover|p1a: Garganacl\n|-heal|p1a: Garganacl|94\/100\n|\n|upkeep\n|turn|18\n|\n|t:|1700738638\n|move|p2a: Garchomp|Rock Slide|p1a: Garganacl|[miss]\n|-miss|p2a: Garchomp|p1a: Garganacl\n|move|p1a: Garganacl|Salt Cure|p2a: Garchomp\n|-resisted|p2a: Garchomp\n|-damage|p2a: Garchomp|93\/100\n|-start|p2a: Garchomp|Salt Cure\n|\n|-damage|p2a: Garchomp|81\/100|[from] Salt Cure\n|upkeep\n|turn|19\n|c|\u2606jannyster|Yea\n|l| avelxennit\n|\n|t:|1700738644\n|move|p2a: Garchomp|Rock Slide|p1a: Garganacl\n|-damage|p1a: Garganacl|90\/100\n|move|p1a: Garganacl|Body Press|p2a: Garchomp\n|-damage|p2a: Garchomp|0 fnt\n|-damage|p1a: Garganacl|77\/100|[from] ability: Rough Skin|[of] p2a: Garchomp\n|-damage|p1a: Garganacl|61\/100|[from] item: Rocky Helmet|[of] p2a: Garchomp\n|faint|p2a: Garchomp\n|\n|upkeep\n|\n|t:|1700738646\n|switch|p2a: Yanmega|Yanmega, M|100\/100\n|turn|20\n|\n|t:|1700738651\n|switch|p2a: Mismagius|Mismagius, M|100\/100\n|move|p1a: Garganacl|Recover|p1a: Garganacl\n|-heal|p1a: Garganacl|100\/100\n|\n|upkeep\n|turn|21\n|\n|t:|1700738655\n|move|p2a: Mismagius|Shadow Ball|p1a: Garganacl\n|-supereffective|p1a: Garganacl\n|-damage|p1a: Garganacl|86\/100\n|move|p1a: Garganacl|Salt Cure|p2a: Mismagius\n|-damage|p2a: Mismagius|75\/100\n|-start|p2a: Mismagius|Salt Cure\n|\n|-damage|p2a: Mismagius|63\/100|[from] Salt Cure\n|upkeep\n|turn|22\n|\n|t:|1700738658\n|move|p2a: Mismagius|Shadow Ball|p1a: Garganacl\n|-supereffective|p1a: Garganacl\n|-damage|p1a: Garganacl|70\/100\n|move|p1a: Garganacl|Salt Cure|p2a: Mismagius\n|-damage|p2a: Mismagius|37\/100\n|\n|-damage|p2a: Mismagius|25\/100|[from] Salt Cure\n|upkeep\n|turn|23\n|c| siams|hell just use recover again\n|\n|t:|1700738668\n|move|p2a: Mismagius|Shadow Ball|p1a: Garganacl\n|-supereffective|p1a: Garganacl\n|-damage|p1a: Garganacl|55\/100\n|move|p1a: Garganacl|Iron Defense|p1a: Garganacl\n|-boost|p1a: Garganacl|def|0\n|\n|-damage|p2a: Mismagius|13\/100|[from] Salt Cure\n|upkeep\n|turn|24\n|\n|t:|1700738676\n|move|p2a: Mismagius|Shadow Ball|p1a: Garganacl\n|-supereffective|p1a: Garganacl\n|-damage|p1a: Garganacl|39\/100\n|-unboost|p1a: Garganacl|spd|1\n|move|p1a: Garganacl|Recover|p1a: Garganacl\n|-heal|p1a: Garganacl|89\/100\n|\n|-damage|p2a: Mismagius|0 fnt|[from] Salt Cure\n|faint|p2a: Mismagius\n|upkeep\n|c|\u2606jannyster|Yea\n|\n|t:|1700738683\n|switch|p2a: Yanmega|Yanmega, M|100\/100\n|turn|25\n|c|\u2606jannyster|It's GG I can't win\n|\n|t:|1700738696\n|-terastallize|p2a: Yanmega|Bug\n|move|p2a: Yanmega|Bug Buzz|p1a: Garganacl\n|-resisted|p1a: Garganacl\n|-damage|p1a: Garganacl|25\/100\n|move|p1a: Garganacl|Salt Cure|p2a: Yanmega\n|-supereffective|p2a: Yanmega\n|-damage|p2a: Yanmega|68\/100\n|-start|p2a: Yanmega|Salt Cure\n|\n|-damage|p2a: Yanmega|55\/100|[from] Salt Cure\n|upkeep\n|turn|26\n|c| siams|should have given the mismagius destiny bond\n|c|\u2606The power of ROCK|NOOOOOOOOOOOOOOOO\n|c|\u2606jannyster|Yea\n|\n|t:|1700738709\n|move|p2a: Yanmega|Bug Buzz|p1a: Garganacl\n|-resisted|p1a: Garganacl\n|-damage|p1a: Garganacl|0 fnt\n|faint|p1a: Garganacl\n|\n|win|jannyster\n|c|\u2606The power of ROCK|gg\n|c| siams|OMG\n|c|\u2606The power of ROCK|your hounour is SAVED\n|c|\u2606The power of ROCK|well done\n|c|\u2606jannyster|GG\n|c| siams|WELL DONE JANNYSTER\n|c|\u2606The power of ROCK|you stopped the disrespect xD\n|c| siams|hahaha\n|c|\u2606jannyster|Specs was smart ig\n|c|\u2606The power of ROCK|yep\n|c|\u2606The power of ROCK|hits like a nuke\n|c| siams|it lived until a 1v1\n|c|\u2606jannyster|I need a good ghost counter\n|c| siams|perhaps chien pao?\n|c|\u2606jannyster|Ok\n|c| siams|dark ice with a good dark move\n|l|\u2606jannyster\n|c| siams|like throat chop\n","uploadtime":1700738736,"views":0,"p1id":"thepowerofrock","p2id":"jannyster","formatid":"gen9nationaldex","rating":0,"private":0,"password":""}