{"id":"gen9nationaldex-1987271203","p1":"DTHEYDONTLIKEUiMS","p2":"gym of dragon type","format":"[Gen 9] National Dex","log":"|j|\u2606DTHEYDONTLIKEUiMS\n|j|\u2606gym of dragon type\n|t:|1699571655\n|gametype|singles\n|player|p1|DTHEYDONTLIKEUiMS|ghetsis|1196\n|player|p2|gym of dragon type|leon|1221\n|teamsize|p1|6\n|teamsize|p2|6\n|gen|9\n|tier|[Gen 9] National Dex\n|rated|\n|rule|HP Percentage Mod: HP is shown in percentages\n|rule|Endless Battle Clause: Forcing endless battles is banned\n|rule|OHKO Clause: OHKO moves are banned\n|rule|Evasion Clause: Evasion abilities, items, and moves are banned\n|rule|Evasion Abilities Clause: Evasion abilities are banned\n|rule|Evasion Items Clause: Evasion items are banned\n|rule|Evasion Moves Clause: Evasion moves are banned\n|rule|Species Clause: Limit one of each Pok\u00e9mon\n|rule|Sleep Clause Mod: Limit one foe put to sleep\n|clearpoke\n|poke|p1|Salazzle, F|\n|poke|p1|Magnemite, L1|\n|poke|p1|Probopass, L2, F|\n|poke|p1|Mandibuzz, F|\n|poke|p1|Nosepass, L1, M|\n|poke|p1|Tentacruel, M|\n|poke|p2|Charizard, F|\n|poke|p2|Serperior, F|\n|poke|p2|Smeargle, F|\n|poke|p2|Garchomp, F|\n|poke|p2|Aegislash, M|\n|poke|p2|Kommo-o, M|\n|teampreview\n|inactive|Battle timer is ON: inactive players will automatically lose when time's up. (requested by gym of dragon type)\n|\n|t:|1699571663\n|start\n|switch|p1a: Sh\ud83d\udca9tbird|Mandibuzz, F|100\/100\n|switch|p2a: Smeargle|Smeargle, F|100\/100\n|turn|1\n|\n|t:|1699571674\n|move|p2a: Smeargle|Spore|p1a: Sh\ud83d\udca9tbird\n|-immune|p1a: Sh\ud83d\udca9tbird|[from] ability: Overcoat\n|move|p1a: Sh\ud83d\udca9tbird|Toxic|p2a: Smeargle\n|-status|p2a: Smeargle|tox\n|\n|-damage|p2a: Smeargle|94\/100 tox|[from] psn\n|upkeep\n|turn|2\n|c|\u2606DTHEYDONTLIKEUiMS|lol\n|c|\u2606DTHEYDONTLIKEUiMS|just brainless plays\n|c|\u2606DTHEYDONTLIKEUiMS|\"I see Spore, I must click it\" type plays\n|c|\u2606DTHEYDONTLIKEUiMS|c'mon bruh\n|\n|t:|1699571696\n|move|p2a: Smeargle|Sticky Web|p1a: Sh\ud83d\udca9tbird\n|-sidestart|p1: DTHEYDONTLIKEUiMS|move: Sticky Web\n|move|p1a: Sh\ud83d\udca9tbird|Defog|p2a: Smeargle\n|-unboost|p2a: Smeargle|evasion|1\n|-sideend|p1: DTHEYDONTLIKEUiMS|Sticky Web|[from] move: Defog|[of] p1a: Sh\ud83d\udca9tbird\n|\n|-damage|p2a: Smeargle|82\/100 tox|[from] psn\n|upkeep\n|turn|3\n|c|\u2606DTHEYDONTLIKEUiMS|nope\n|\n|t:|1699571702\n|switch|p2a: Serperior|Serperior, F|100\/100\n|move|p1a: Sh\ud83d\udca9tbird|Toxic|p2a: Serperior\n|-status|p2a: Serperior|tox\n|\n|-damage|p2a: Serperior|94\/100 tox|[from] psn\n|upkeep\n|turn|4\n|c|\u2606DTHEYDONTLIKEUiMS|nope\n|\n|t:|1699571708\n|switch|p1a: Literally Level 1|Magnemite, L1|100\/100\n|move|p2a: Serperior|Leaf Storm|p1a: Literally Level 1\n|-resisted|p1a: Literally Level 1\n|-ability|p1a: Literally Level 1|Sturdy\n|-damage|p1a: Literally Level 1|10\/100\n|-boost|p2a: Serperior|spa|2\n|-enditem|p1a: Literally Level 1|Berry Juice\n|-heal|p1a: Literally Level 1|100\/100|[from] item: Berry Juice\n|\n|-heal|p2a: Serperior|100\/100 tox|[from] item: Leftovers\n|-damage|p2a: Serperior|88\/100 tox|[from] psn\n|upkeep\n|turn|5\n|\n|t:|1699571712\n|move|p1a: Literally Level 1|Protect|p1a: Literally Level 1\n|-singleturn|p1a: Literally Level 1|Protect\n|move|p2a: Serperior|Substitute|p2a: Serperior\n|-start|p2a: Serperior|Substitute\n|-damage|p2a: Serperior|63\/100 tox\n|\n|-heal|p2a: Serperior|69\/100 tox|[from] item: Leftovers\n|-damage|p2a: Serperior|51\/100 tox|[from] psn\n|upkeep\n|turn|6\n|\n|t:|1699571724\n|move|p2a: Serperior|Leaf Storm|p1a: Literally Level 1|[miss]\n|-miss|p2a: Serperior|p1a: Literally Level 1\n|move|p1a: Literally Level 1|Recycle|p1a: Literally Level 1\n|-item|p1a: Literally Level 1|Berry Juice|[from] move: Recycle\n|\n|-heal|p2a: Serperior|57\/100 tox|[from] item: Leftovers\n|-damage|p2a: Serperior|33\/100 tox|[from] psn\n|upkeep\n|turn|7\n|\n|t:|1699571727\n|move|p1a: Literally Level 1|Protect|p1a: Literally Level 1\n|-singleturn|p1a: Literally Level 1|Protect\n|move|p2a: Serperior|Hidden Power|p1a: Literally Level 1\n|-activate|p1a: Literally Level 1|move: Protect\n|\n|-heal|p2a: Serperior|39\/100 tox|[from] item: Leftovers\n|-damage|p2a: Serperior|9\/100 tox|[from] psn\n|upkeep\n|turn|8\n|\n|t:|1699571732\n|move|p2a: Serperior|Hidden Power|p1a: Literally Level 1\n|-resisted|p1a: Literally Level 1\n|-ability|p1a: Literally Level 1|Sturdy\n|-damage|p1a: Literally Level 1|10\/100\n|-enditem|p1a: Literally Level 1|Berry Juice\n|-heal|p1a: Literally Level 1|100\/100|[from] item: Berry Juice\n|move|p1a: Literally Level 1|Recycle|p1a: Literally Level 1\n|-item|p1a: Literally Level 1|Berry Juice|[from] move: Recycle\n|\n|-heal|p2a: Serperior|15\/100 tox|[from] item: Leftovers\n|-damage|p2a: Serperior|0 fnt|[from] psn\n|faint|p2a: Serperior\n|upkeep\n|\n|t:|1699571739\n|switch|p2a: Smeargle|Smeargle, F|82\/100 tox\n|turn|9\n|\n|t:|1699571742\n|move|p1a: Literally Level 1|Magic Coat|p1a: Literally Level 1\n|-singleturn|p1a: Literally Level 1|move: Magic Coat\n|move|p2a: Smeargle|Stealth Rock|p1a: Literally Level 1\n|move|p1a: Literally Level 1|Stealth Rock|p2a: Smeargle|[from]Magic Coat\n|-sidestart|p2: gym of dragon type|move: Stealth Rock\n|\n|-damage|p2a: Smeargle|76\/100 tox|[from] psn\n|upkeep\n|turn|10\n|c|\u2606DTHEYDONTLIKEUiMS|nope\n|\n|t:|1699571746\n|move|p1a: Literally Level 1|Magic Coat|p1a: Literally Level 1\n|-singleturn|p1a: Literally Level 1|move: Magic Coat\n|move|p2a: Smeargle|Stealth Rock|p1a: Literally Level 1\n|move|p1a: Literally Level 1|Stealth Rock||[from]Magic Coat|[still]\n|-fail|p1a: Literally Level 1\n|\n|-damage|p2a: Smeargle|64\/100 tox|[from] psn\n|upkeep\n|turn|11\n|c|\u2606DTHEYDONTLIKEUiMS|nope\n|\n|t:|1699571751\n|move|p1a: Literally Level 1|Magic Coat|p1a: Literally Level 1\n|-singleturn|p1a: Literally Level 1|move: Magic Coat\n|move|p2a: Smeargle|Boomburst|p1a: Literally Level 1\n|-resisted|p1a: Literally Level 1\n|-ability|p1a: Literally Level 1|Sturdy\n|-damage|p1a: Literally Level 1|10\/100\n|-enditem|p1a: Literally Level 1|Berry Juice\n|-heal|p1a: Literally Level 1|100\/100|[from] item: Berry Juice\n|\n|-damage|p2a: Smeargle|46\/100 tox|[from] psn\n|upkeep\n|turn|12\n|c|\u2606DTHEYDONTLIKEUiMS|nope\n|c|\u2606DTHEYDONTLIKEUiMS|thats new\n|\n|t:|1699571766\n|move|p1a: Literally Level 1|Magic Coat|p1a: Literally Level 1\n|-singleturn|p1a: Literally Level 1|move: Magic Coat\n|move|p2a: Smeargle|Boomburst|p1a: Literally Level 1\n|-resisted|p1a: Literally Level 1\n|-ability|p1a: Literally Level 1|Sturdy\n|-damage|p1a: Literally Level 1|10\/100\n|\n|-damage|p2a: Smeargle|22\/100 tox|[from] psn\n|upkeep\n|turn|13\n|\n|t:|1699571777\n|move|p1a: Literally Level 1|Magic Coat|p1a: Literally Level 1\n|-singleturn|p1a: Literally Level 1|move: Magic Coat\n|move|p2a: Smeargle|Boomburst|p1a: Literally Level 1\n|-resisted|p1a: Literally Level 1\n|-damage|p1a: Literally Level 1|0 fnt\n|faint|p1a: Literally Level 1\n|\n|-damage|p2a: Smeargle|0 fnt|[from] psn\n|faint|p2a: Smeargle\n|upkeep\n|\n|t:|1699571790\n|switch|p2a: Garchomp|Garchomp, F|100\/100\n|switch|p1a: Sh\ud83d\udca9tsquid|Tentacruel, M|100\/100\n|-damage|p2a: Garchomp|95\/100|[from] Stealth Rock\n|turn|14\n|\n|t:|1699571798\n|switch|p2a: Lara|Charizard, F|100\/100\n|-damage|p2a: Lara|50\/100|[from] Stealth Rock\n|move|p1a: Sh\ud83d\udca9tsquid|Toxic|p2a: Lara\n|-status|p2a: Lara|tox\n|\n|-damage|p2a: Lara|44\/100 tox|[from] psn\n|upkeep\n|turn|15\n|c|\u2606DTHEYDONTLIKEUiMS|lol\n|\n|t:|1699571816\n|detailschange|p2a: Lara|Charizard-Mega-Y, F\n|-mega|p2a: Lara|Charizard|Charizardite Y\n|-weather|SunnyDay|[from] ability: Drought|[of] p2a: Lara\n|move|p1a: Sh\ud83d\udca9tsquid|Scald|p2a: Lara\n|-supereffective|p2a: Lara\n|-damage|p2a: Lara|24\/100 tox\n|move|p2a: Lara|Scorching Sands|p1a: Sh\ud83d\udca9tsquid\n|-supereffective|p1a: Sh\ud83d\udca9tsquid\n|-damage|p1a: Sh\ud83d\udca9tsquid|52\/100\n|-status|p1a: Sh\ud83d\udca9tsquid|brn\n|\n|-weather|SunnyDay|[upkeep]\n|-heal|p1a: Sh\ud83d\udca9tsquid|58\/100 brn|[from] item: Leftovers\n|-damage|p2a: Lara|12\/100 tox|[from] psn\n|-damage|p1a: Sh\ud83d\udca9tsquid|52\/100 brn|[from] brn\n|upkeep\n|turn|16\n|\n|t:|1699571835\n|move|p1a: Sh\ud83d\udca9tsquid|Scald|p2a: Lara\n|-supereffective|p2a: Lara\n|-damage|p2a: Lara|0 fnt\n|faint|p2a: Lara\n|\n|-weather|SunnyDay|[upkeep]\n|-heal|p1a: Sh\ud83d\udca9tsquid|58\/100 brn|[from] item: Leftovers\n|-damage|p1a: Sh\ud83d\udca9tsquid|52\/100 brn|[from] brn\n|upkeep\n|\n|t:|1699571841\n|switch|p2a: Connor|Kommo-o, M|100\/100\n|-damage|p2a: Connor|94\/100|[from] Stealth Rock\n|turn|17\n|\n|t:|1699571846\n|switch|p2a: Garchomp|Garchomp, F|95\/100\n|-damage|p2a: Garchomp|89\/100|[from] Stealth Rock\n|move|p1a: Sh\ud83d\udca9tsquid|Toxic|p2a: Garchomp\n|-status|p2a: Garchomp|tox\n|\n|-weather|SunnyDay|[upkeep]\n|-heal|p1a: Sh\ud83d\udca9tsquid|58\/100 brn|[from] item: Leftovers\n|-damage|p2a: Garchomp|83\/100 tox|[from] psn\n|-damage|p1a: Sh\ud83d\udca9tsquid|52\/100 brn|[from] brn\n|upkeep\n|turn|18\n|\n|t:|1699571862\n|switch|p1a: Sh\ud83d\udca9tbird|Mandibuzz, F|100\/100\n|move|p2a: Garchomp|Stealth Rock|p1a: Sh\ud83d\udca9tbird\n|-sidestart|p1: DTHEYDONTLIKEUiMS|move: Stealth Rock\n|\n|-weather|SunnyDay|[upkeep]\n|-damage|p2a: Garchomp|71\/100 tox|[from] psn\n|upkeep\n|turn|19\n|\n|t:|1699571878\n|move|p2a: Garchomp|Swords Dance|p2a: Garchomp\n|-boost|p2a: Garchomp|atk|2\n|move|p1a: Sh\ud83d\udca9tbird|Defog|p2a: Garchomp\n|-unboost|p2a: Garchomp|evasion|1\n|-sideend|p2: gym of dragon type|Stealth Rock|[from] move: Defog|[of] p1a: Sh\ud83d\udca9tbird\n|-sideend|p1: DTHEYDONTLIKEUiMS|Stealth Rock|[from] move: Defog|[of] p1a: Sh\ud83d\udca9tbird\n|\n|-weather|none\n|-damage|p2a: Garchomp|53\/100 tox|[from] psn\n|upkeep\n|turn|20\n|\n|t:|1699571897\n|move|p2a: Garchomp|Dragon Claw|p1a: Sh\ud83d\udca9tbird\n|-damage|p1a: Sh\ud83d\udca9tbird|61\/100\n|move|p1a: Sh\ud83d\udca9tbird|Roost|p1a: Sh\ud83d\udca9tbird\n|-heal|p1a: Sh\ud83d\udca9tbird|100\/100\n|-singleturn|p1a: Sh\ud83d\udca9tbird|move: Roost\n|\n|-damage|p2a: Garchomp|29\/100 tox|[from] psn\n|upkeep\n|turn|21\n|\n|t:|1699571905\n|switch|p2a: Aegislash|Aegislash, M, shiny|100\/100\n|move|p1a: Sh\ud83d\udca9tbird|Roost||[still]\n|-fail|p1a: Sh\ud83d\udca9tbird|heal\n|\n|upkeep\n|turn|22\n|\n|t:|1699571909\n|switch|p1a: Sh\ud83d\udca9tsquid|Tentacruel, M|52\/100 brn\n|move|p2a: Aegislash|Toxic||[still]\n|-fail|p2a: Aegislash\n|\n|-heal|p1a: Sh\ud83d\udca9tsquid|58\/100 brn|[from] item: Leftovers\n|-damage|p1a: Sh\ud83d\udca9tsquid|52\/100 brn|[from] brn\n|upkeep\n|turn|23\n|\n|t:|1699571921\n|move|p1a: Sh\ud83d\udca9tsquid|Knock Off|p2a: Aegislash\n|-supereffective|p2a: Aegislash\n|-damage|p2a: Aegislash|88\/100\n|-enditem|p2a: Aegislash|Leftovers|[from] move: Knock Off|[of] p1a: Sh\ud83d\udca9tsquid\n|-formechange|p2a: Aegislash|Aegislash-Blade||[from] ability: Stance Change\n|move|p2a: Aegislash|Shadow Ball|p1a: Sh\ud83d\udca9tsquid\n|-damage|p1a: Sh\ud83d\udca9tsquid|13\/100 brn\n|\n|-heal|p1a: Sh\ud83d\udca9tsquid|19\/100 brn|[from] item: Leftovers\n|-damage|p1a: Sh\ud83d\udca9tsquid|13\/100 brn|[from] brn\n|upkeep\n|turn|24\n|\n|t:|1699571924\n|-formechange|p2a: Aegislash|Aegislash||[from] ability: Stance Change\n|move|p2a: Aegislash|King's Shield|p2a: Aegislash\n|-singleturn|p2a: Aegislash|Protect\n|move|p1a: Sh\ud83d\udca9tsquid|Scald|p2a: Aegislash\n|-activate|p2a: Aegislash|move: Protect\n|\n|-heal|p1a: Sh\ud83d\udca9tsquid|19\/100 brn|[from] item: Leftovers\n|-damage|p1a: Sh\ud83d\udca9tsquid|13\/100 brn|[from] brn\n|upkeep\n|turn|25\n|\n|t:|1699571935\n|move|p1a: Sh\ud83d\udca9tsquid|Knock Off|p2a: Aegislash\n|-supereffective|p2a: Aegislash\n|-damage|p2a: Aegislash|79\/100\n|-formechange|p2a: Aegislash|Aegislash-Blade||[from] ability: Stance Change\n|move|p2a: Aegislash|Shadow Ball|p1a: Sh\ud83d\udca9tsquid\n|-damage|p1a: Sh\ud83d\udca9tsquid|0 fnt\n|faint|p1a: Sh\ud83d\udca9tsquid\n|\n|upkeep\n|\n|t:|1699571938\n|switch|p1a: No Fun Allowed|Salazzle, F|100\/100\n|turn|26\n|\n|t:|1699571941\n|-formechange|p2a: Aegislash|Aegislash||[from] ability: Stance Change\n|move|p2a: Aegislash|King's Shield|p2a: Aegislash\n|-singleturn|p2a: Aegislash|Protect\n|move|p1a: No Fun Allowed|Substitute|p1a: No Fun Allowed\n|-start|p1a: No Fun Allowed|Substitute\n|-damage|p1a: No Fun Allowed|76\/100\n|\n|-heal|p1a: No Fun Allowed|82\/100|[from] item: Leftovers\n|upkeep\n|turn|27\n|\n|t:|1699571950\n|switch|p2a: Garchomp|Garchomp, F|29\/100 tox\n|move|p1a: No Fun Allowed|Toxic|p2a: Garchomp\n|-fail|p2a: Garchomp|tox\n|\n|-heal|p1a: No Fun Allowed|88\/100|[from] item: Leftovers\n|-damage|p2a: Garchomp|23\/100 tox|[from] psn\n|upkeep\n|turn|28\n|\n|t:|1699571960\n|move|p1a: No Fun Allowed|Flamethrower|p2a: Garchomp\n|-resisted|p2a: Garchomp\n|-damage|p2a: Garchomp|4\/100 tox\n|move|p2a: Garchomp|Earthquake|p1a: No Fun Allowed\n|-supereffective|p1a: No Fun Allowed\n|-end|p1a: No Fun Allowed|Substitute\n|\n|-heal|p1a: No Fun Allowed|94\/100|[from] item: Leftovers\n|-damage|p2a: Garchomp|0 fnt|[from] psn\n|faint|p2a: Garchomp\n|upkeep\n|\n|t:|1699571964\n|switch|p2a: Connor|Kommo-o, M|94\/100\n|turn|29\n|\n|t:|1699571982\n|switch|p1a: Click the \u274c|Nosepass, L1, M, shiny|100\/100\n|move|p2a: Connor|Outrage|p1a: Click the \u274c\n|-ability|p1a: Click the \u274c|Sturdy\n|-damage|p1a: Click the \u274c|10\/100\n|-enditem|p1a: Click the \u274c|Berry Juice\n|-heal|p1a: Click the \u274c|100\/100|[from] item: Berry Juice\n|\n|upkeep\n|turn|30\n|\n|t:|1699571987\n|move|p2a: Connor|Outrage|p1a: Click the \u274c|[from]lockedmove\n|-ability|p1a: Click the \u274c|Sturdy\n|-damage|p1a: Click the \u274c|10\/100\n|move|p1a: Click the \u274c|Pain Split|p2a: Connor\n|-sethp|p2a: Connor|47\/100|[from] move: Pain Split|[silent]\n|-sethp|p1a: Click the \u274c|100\/100|[from] move: Pain Split\n|\n|upkeep\n|turn|31\n|\n|t:|1699572005\n|move|p2a: Connor|Outrage|p1a: Click the \u274c|[from]lockedmove\n|-ability|p1a: Click the \u274c|Sturdy\n|-damage|p1a: Click the \u274c|10\/100\n|-start|p2a: Connor|confusion|[fatigue]\n|move|p1a: Click the \u274c|Pain Split|p2a: Connor\n|-sethp|p2a: Connor|24\/100|[from] move: Pain Split|[silent]\n|-sethp|p1a: Click the \u274c|100\/100|[from] move: Pain Split\n|\n|upkeep\n|turn|32\n|\n|t:|1699572012\n|-activate|p2a: Connor|confusion\n|move|p2a: Connor|Drain Punch|p1a: Click the \u274c\n|-supereffective|p1a: Click the \u274c\n|-ability|p1a: Click the \u274c|Sturdy\n|-damage|p1a: Click the \u274c|10\/100\n|-heal|p2a: Connor|26\/100|[from] drain|[of] p1a: Click the \u274c\n|move|p1a: Click the \u274c|Toxic|p2a: Connor\n|-status|p2a: Connor|tox\n|\n|-damage|p2a: Connor|20\/100 tox|[from] psn\n|upkeep\n|turn|33\n|\n|t:|1699572021\n|move|p1a: Click the \u274c|Protect|p1a: Click the \u274c\n|-singleturn|p1a: Click the \u274c|Protect\n|-end|p2a: Connor|confusion\n|move|p2a: Connor|Drain Punch|p1a: Click the \u274c\n|-activate|p1a: Click the \u274c|move: Protect\n|\n|-damage|p2a: Connor|8\/100 tox|[from] psn\n|upkeep\n|turn|34\n|\n|t:|1699572029\n|move|p2a: Connor|Outrage|p1a: Click the \u274c\n|-damage|p1a: Click the \u274c|0 fnt\n|faint|p1a: Click the \u274c\n|\n|-damage|p2a: Connor|0 fnt|[from] psn\n|faint|p2a: Connor\n|upkeep\n|\n|t:|1699572032\n|switch|p2a: Aegislash|Aegislash, M, shiny|79\/100\n|switch|p1a: No Fun Allowed|Salazzle, F|94\/100\n|turn|35\n|\n|t:|1699572061\n|move|p1a: No Fun Allowed|Substitute|p1a: No Fun Allowed\n|-start|p1a: No Fun Allowed|Substitute\n|-damage|p1a: No Fun Allowed|69\/100\n|-formechange|p2a: Aegislash|Aegislash-Blade||[from] ability: Stance Change\n|move|p2a: Aegislash|Shadow Ball|p1a: No Fun Allowed\n|-end|p1a: No Fun Allowed|Substitute\n|\n|-heal|p1a: No Fun Allowed|75\/100|[from] item: Leftovers\n|upkeep\n|turn|36\n|\n|t:|1699572064\n|-formechange|p2a: Aegislash|Aegislash||[from] ability: Stance Change\n|move|p2a: Aegislash|King's Shield|p2a: Aegislash\n|-singleturn|p2a: Aegislash|Protect\n|move|p1a: No Fun Allowed|Flamethrower|p2a: Aegislash\n|-activate|p2a: Aegislash|move: Protect\n|\n|-heal|p1a: No Fun Allowed|81\/100|[from] item: Leftovers\n|upkeep\n|turn|37\n|\n|t:|1699572066\n|move|p1a: No Fun Allowed|Protect|p1a: No Fun Allowed\n|-singleturn|p1a: No Fun Allowed|Protect\n|-formechange|p2a: Aegislash|Aegislash-Blade||[from] ability: Stance Change\n|move|p2a: Aegislash|Shadow Ball|p1a: No Fun Allowed\n|-activate|p1a: No Fun Allowed|move: Protect\n|\n|-heal|p1a: No Fun Allowed|88\/100|[from] item: Leftovers\n|upkeep\n|turn|38\n|\n|t:|1699572070\n|-formechange|p2a: Aegislash|Aegislash||[from] ability: Stance Change\n|move|p2a: Aegislash|King's Shield|p2a: Aegislash\n|-singleturn|p2a: Aegislash|Protect\n|move|p1a: No Fun Allowed|Flamethrower|p2a: Aegislash\n|-activate|p2a: Aegislash|move: Protect\n|\n|-heal|p1a: No Fun Allowed|94\/100|[from] item: Leftovers\n|upkeep\n|turn|39\n|\n|t:|1699572072\n|move|p1a: No Fun Allowed|Protect|p1a: No Fun Allowed\n|-singleturn|p1a: No Fun Allowed|Protect\n|-formechange|p2a: Aegislash|Aegislash-Blade||[from] ability: Stance Change\n|move|p2a: Aegislash|Shadow Ball|p1a: No Fun Allowed\n|-activate|p1a: No Fun Allowed|move: Protect\n|\n|-heal|p1a: No Fun Allowed|99\/100|[from] item: Leftovers\n|upkeep\n|turn|40\n|\n|t:|1699572074\n|move|p1a: No Fun Allowed|Substitute|p1a: No Fun Allowed\n|-start|p1a: No Fun Allowed|Substitute\n|-damage|p1a: No Fun Allowed|75\/100\n|move|p2a: Aegislash|Shadow Ball|p1a: No Fun Allowed\n|-end|p1a: No Fun Allowed|Substitute\n|\n|-heal|p1a: No Fun Allowed|81\/100|[from] item: Leftovers\n|upkeep\n|turn|41\n|\n|t:|1699572079\n|move|p1a: No Fun Allowed|Substitute|p1a: No Fun Allowed\n|-start|p1a: No Fun Allowed|Substitute\n|-damage|p1a: No Fun Allowed|56\/100\n|move|p2a: Aegislash|Shadow Ball|p1a: No Fun Allowed\n|-end|p1a: No Fun Allowed|Substitute\n|\n|-heal|p1a: No Fun Allowed|62\/100|[from] item: Leftovers\n|upkeep\n|turn|42\n|c|\u2606DTHEYDONTLIKEUiMS|lol\n|\n|t:|1699572081\n|-formechange|p2a: Aegislash|Aegislash||[from] ability: Stance Change\n|move|p2a: Aegislash|King's Shield|p2a: Aegislash\n|-singleturn|p2a: Aegislash|Protect\n|move|p1a: No Fun Allowed|Flamethrower|p2a: Aegislash\n|-activate|p2a: Aegislash|move: Protect\n|\n|-heal|p1a: No Fun Allowed|68\/100|[from] item: Leftovers\n|upkeep\n|turn|43\n|\n|t:|1699572086\n|move|p1a: No Fun Allowed|Protect|p1a: No Fun Allowed\n|-singleturn|p1a: No Fun Allowed|Protect\n|move|p2a: Aegislash|Toxic|p1a: No Fun Allowed\n|-activate|p1a: No Fun Allowed|move: Protect\n|\n|-heal|p1a: No Fun Allowed|75\/100|[from] item: Leftovers\n|upkeep\n|turn|44\n|\n|t:|1699572099\n|move|p1a: No Fun Allowed|Substitute|p1a: No Fun Allowed\n|-start|p1a: No Fun Allowed|Substitute\n|-damage|p1a: No Fun Allowed|50\/100\n|-formechange|p2a: Aegislash|Aegislash-Blade||[from] ability: Stance Change\n|move|p2a: Aegislash|Shadow Ball|p1a: No Fun Allowed\n|-end|p1a: No Fun Allowed|Substitute\n|\n|-heal|p1a: No Fun Allowed|56\/100|[from] item: Leftovers\n|upkeep\n|turn|45\n|\n|t:|1699572103\n|-formechange|p2a: Aegislash|Aegislash||[from] ability: Stance Change\n|move|p2a: Aegislash|King's Shield|p2a: Aegislash\n|-singleturn|p2a: Aegislash|Protect\n|move|p1a: No Fun Allowed|Substitute|p1a: No Fun Allowed\n|-start|p1a: No Fun Allowed|Substitute\n|-damage|p1a: No Fun Allowed|31\/100\n|\n|-heal|p1a: No Fun Allowed|37\/100|[from] item: Leftovers\n|upkeep\n|turn|46\n|\n|t:|1699572105\n|move|p1a: No Fun Allowed|Toxic|p2a: Aegislash\n|-status|p2a: Aegislash|tox\n|-formechange|p2a: Aegislash|Aegislash-Blade||[from] ability: Stance Change\n|move|p2a: Aegislash|Shadow Ball|p1a: No Fun Allowed\n|-end|p1a: No Fun Allowed|Substitute\n|\n|-heal|p1a: No Fun Allowed|43\/100|[from] item: Leftovers\n|-damage|p2a: Aegislash|73\/100 tox|[from] psn\n|upkeep\n|turn|47\n|\n|t:|1699572116\n|move|p1a: No Fun Allowed|Protect|p1a: No Fun Allowed\n|-singleturn|p1a: No Fun Allowed|Protect\n|move|p2a: Aegislash|Shadow Ball|p1a: No Fun Allowed\n|-activate|p1a: No Fun Allowed|move: Protect\n|\n|-heal|p1a: No Fun Allowed|49\/100|[from] item: Leftovers\n|-damage|p2a: Aegislash|61\/100 tox|[from] psn\n|upkeep\n|turn|48\n|\n|t:|1699572119\n|move|p1a: No Fun Allowed|Flamethrower|p2a: Aegislash\n|-supereffective|p2a: Aegislash\n|-damage|p2a: Aegislash|0 fnt\n|faint|p2a: Aegislash\n|\n|win|DTHEYDONTLIKEUiMS\n|raw|DTHEYDONTLIKEUiMS's rating: 1196 &rarr; <strong>1223<\/strong><br \/>(+27 for winning)\n|raw|gym of dragon type's rating: 1221 &rarr; <strong>1194<\/strong><br \/>(-27 for losing)\n","uploadtime":1699572122,"views":4,"p1id":"dtheydontlikeuims","p2id":"gymofdragontype","formatid":"gen9nationaldex","rating":1194,"private":0,"password":""}