{"id":"gen9nationaldex-1999878926","p1":"AwolfNamedSun","p2":"VicoSenpai","format":"[Gen 9] National Dex","log":"|html|<div class=\"broadcast-blue\"><strong>[Gen 9] National Dex is currently suspecting Sneasler! For information on how to participate check out the <a href=\"https:\/\/www.smogon.com\/forums\/threads\/sv-national-dex-suspect-8-just-dance.3731534\/\">suspect thread<\/a>.<\/strong><\/div>\n|j|\u2606AwolfNamedSun\n|j|\u2606VicoSenpai\n|t:|1701125593\n|gametype|singles\n|player|p1|AwolfNamedSun|zinzolin|1438\n|player|p2|VicoSenpai|lana|1401\n|teamsize|p1|6\n|teamsize|p2|6\n|gen|9\n|tier|[Gen 9] National Dex\n|rated|\n|rule|HP Percentage Mod: HP is shown in percentages\n|rule|Endless Battle Clause: Forcing endless battles is banned\n|rule|OHKO Clause: OHKO moves are banned\n|rule|Evasion Clause: Evasion abilities, items, and moves are banned\n|rule|Evasion Abilities Clause: Evasion abilities are banned\n|rule|Evasion Items Clause: Evasion items are banned\n|rule|Evasion Moves Clause: Evasion moves are banned\n|rule|Species Clause: Limit one of each Pok\u00e9mon\n|rule|Sleep Clause Mod: Limit one foe put to sleep\n|clearpoke\n|poke|p1|Salamence, F|\n|poke|p1|Celesteela|\n|poke|p1|Druddigon, M|\n|poke|p1|Togekiss, M|\n|poke|p1|Quaquaval, M|\n|poke|p1|Rotom-Wash|\n|poke|p2|Zeraora|\n|poke|p2|Kyurem|\n|poke|p2|Glimmora, M|\n|poke|p2|Scizor, F|\n|poke|p2|Heatran, M|\n|poke|p2|Iron Valiant|\n|teampreview\n|inactive|Battle timer is ON: inactive players will automatically lose when time's up. (requested by VicoSenpai)\n|c|\u2606VicoSenpai|gl hf\n|\n|t:|1701125603\n|start\n|switch|p1a: Druddigon|Druddigon, M|100\/100\n|switch|p2a: Glimmora|Glimmora, M|100\/100\n|turn|1\n|\n|t:|1701125608\n|move|p2a: Glimmora|Stealth Rock|p1a: Druddigon\n|-sidestart|p1: AwolfNamedSun|move: Stealth Rock\n|move|p1a: Druddigon|Glare|p2a: Glimmora\n|-status|p2a: Glimmora|par\n|\n|upkeep\n|turn|2\n|\n|t:|1701125615\n|cant|p2a: Glimmora|par\n|move|p1a: Druddigon|Stealth Rock|p2a: Glimmora\n|-sidestart|p2: VicoSenpai|move: Stealth Rock\n|\n|upkeep\n|turn|3\n|\n|t:|1701125619\n|move|p2a: Glimmora|Mortal Spin|p1a: Druddigon\n|-damage|p1a: Druddigon|94\/100\n|-status|p1a: Druddigon|psn\n|-damage|p2a: Glimmora|88\/100 par|[from] ability: Rough Skin|[of] p1a: Druddigon\n|-damage|p2a: Glimmora|72\/100 par|[from] item: Rocky Helmet|[of] p1a: Druddigon\n|-sideend|p2: VicoSenpai|Stealth Rock|[from] move: Mortal Spin|[of] p2a: Glimmora\n|move|p1a: Druddigon|Dragon Tail|p2a: Glimmora\n|-damage|p2a: Glimmora|29\/100 par\n|-activate|p2a: Glimmora|ability: Toxic Debris\n|-sidestart|p1: AwolfNamedSun|move: Toxic Spikes\n|drag|p2a: Kyurem|Kyurem|100\/100\n|-ability|p2a: Kyurem|Pressure\n|\n|-damage|p1a: Druddigon|82\/100 psn|[from] psn\n|upkeep\n|turn|4\n|\n|t:|1701125637\n|move|p2a: Kyurem|Draco Meteor|p1a: Druddigon\n|-supereffective|p1a: Druddigon\n|-damage|p1a: Druddigon|0 fnt\n|-unboost|p2a: Kyurem|spa|2\n|faint|p1a: Druddigon\n|\n|upkeep\n|\n|t:|1701125643\n|switch|p1a: Rotom|Rotom-Wash|100\/100\n|turn|5\n|\n|t:|1701125651\n|move|p2a: Kyurem|Draco Meteor|p1a: Rotom\n|-damage|p1a: Rotom|76\/100\n|-unboost|p2a: Kyurem|spa|2\n|move|p1a: Rotom|Defog|p2a: Kyurem\n|-unboost|p2a: Kyurem|evasion|1\n|-sideend|p1: AwolfNamedSun|Toxic Spikes|[from] move: Defog|[of] p1a: Rotom\n|-sideend|p1: AwolfNamedSun|Stealth Rock|[from] move: Defog|[of] p1a: Rotom\n|\n|upkeep\n|turn|6\n|\n|t:|1701125661\n|switch|p2a: Iron Valiant|Iron Valiant|100\/100\n|move|p1a: Rotom|Discharge|p2a: Iron Valiant\n|-damage|p2a: Iron Valiant|46\/100\n|\n|upkeep\n|turn|7\n|\n|t:|1701125667\n|move|p2a: Iron Valiant|Moonblast|p1a: Rotom\n|-damage|p1a: Rotom|22\/100\n|move|p1a: Rotom|Discharge|p2a: Iron Valiant\n|-damage|p2a: Iron Valiant|0 fnt\n|faint|p2a: Iron Valiant\n|-end|p2a: Iron Valiant|Quark Drive|[silent]\n|\n|upkeep\n|\n|t:|1701125672\n|switch|p2a: Zeraora|Zeraora, shiny|100\/100\n|turn|8\n|\n|t:|1701125677\n|move|p2a: Zeraora|Close Combat|p1a: Rotom\n|-damage|p1a: Rotom|0 fnt\n|-unboost|p2a: Zeraora|def|1\n|-unboost|p2a: Zeraora|spd|1\n|-enditem|p2a: Zeraora|Eject Pack\n|faint|p1a: Rotom\n|\n|t:|1701125683\n|switch|p2a: Glimmora|Glimmora, M|29\/100 par\n|\n|upkeep\n|\n|t:|1701125686\n|switch|p1a: Togekiss|Togekiss, M|100\/100\n|turn|9\n|\n|t:|1701125689\n|move|p1a: Togekiss|Air Slash|p2a: Glimmora\n|-resisted|p2a: Glimmora\n|-damage|p2a: Glimmora|3\/100 par\n|cant|p2a: Glimmora|flinch\n|\n|upkeep\n|turn|10\n|\n|t:|1701125693\n|move|p1a: Togekiss|Air Slash|p2a: Glimmora\n|-resisted|p2a: Glimmora\n|-damage|p2a: Glimmora|0 fnt\n|faint|p2a: Glimmora\n|\n|upkeep\n|\n|t:|1701125700\n|switch|p2a: Scizor|Scizor, F|100\/100\n|turn|11\n|\n|t:|1701125706\n|switch|p1a: Celesteela|Celesteela|100\/100\n|detailschange|p2a: Scizor|Scizor-Mega, F\n|-mega|p2a: Scizor|Scizor|Scizorite\n|move|p2a: Scizor|Swords Dance|p2a: Scizor\n|-boost|p2a: Scizor|atk|2\n|\n|upkeep\n|turn|12\n|\n|t:|1701125715\n|move|p1a: Celesteela|Meteor Beam||[still]\n|-prepare|p1a: Celesteela|Meteor Beam\n|-boost|p1a: Celesteela|spa|1\n|-enditem|p1a: Celesteela|Power Herb\n|-anim|p1a: Celesteela|Meteor Beam|p2a: Scizor\n|-damage|p2a: Scizor|52\/100\n|move|p2a: Scizor|U-turn|p1a: Celesteela\n|-resisted|p1a: Celesteela\n|-damage|p1a: Celesteela|85\/100\n|\n|t:|1701125723\n|switch|p2a: Zeraora|Zeraora, shiny|100\/100|[from] U-turn\n|\n|upkeep\n|turn|13\n|\n|t:|1701125730\n|-terastallize|p1a: Celesteela|Ground\n|move|p2a: Zeraora|Plasma Fists|p1a: Celesteela\n|-immune|p1a: Celesteela\n|move|p1a: Celesteela|Autotomize|p1a: Celesteela\n|-boost|p1a: Celesteela|spe|2\n|-start|p1a: Celesteela|Autotomize\n|\n|upkeep\n|turn|14\n|\n|t:|1701125742\n|-terastallize|p2a: Zeraora|Flying\n|move|p1a: Celesteela|Meteor Beam||[still]\n|-prepare|p1a: Celesteela|Meteor Beam\n|-boost|p1a: Celesteela|spa|1\n|move|p2a: Zeraora|Acrobatics|p1a: Celesteela\n|-damage|p1a: Celesteela|33\/100\n|\n|upkeep\n|turn|15\n|\n|t:|1701125753\n|switch|p2a: Scizor|Scizor-Mega, F|52\/100\n|move|p1a: Celesteela|Meteor Beam|p2a: Scizor|[from]lockedmove\n|-damage|p2a: Scizor|0 fnt\n|faint|p2a: Scizor\n|-ability|p1a: Celesteela|Beast Boost|boost\n|-boost|p1a: Celesteela|spa|1\n|\n|upkeep\n|\n|t:|1701125756\n|switch|p2a: Zeraora|Zeraora, shiny, tera:Flying|100\/100\n|turn|16\n|\n|t:|1701125763\n|move|p1a: Celesteela|Air Slash|p2a: Zeraora\n|-damage|p2a: Zeraora|0 fnt\n|faint|p2a: Zeraora\n|-ability|p1a: Celesteela|Beast Boost|boost\n|-boost|p1a: Celesteela|spa|1\n|\n|upkeep\n|\n|t:|1701125767\n|switch|p2a: Heatran|Heatran, M|100\/100\n|turn|17\n|\n|t:|1701125772\n|move|p1a: Celesteela|Air Slash|p2a: Heatran\n|-resisted|p2a: Heatran\n|-damage|p2a: Heatran|39\/100\n|move|p2a: Heatran|Magma Storm|p1a: Celesteela|[miss]\n|-miss|p2a: Heatran|p1a: Celesteela\n|\n|upkeep\n|turn|18\n|c|\u2606VicoSenpai|god damn it heatran\n|c|\u2606VicoSenpai|u had one job you fat fuck\n|n|\u203dVicoSenpai|vicosenpai\n|c|&|\/log VicoSenpai was locked from talking by Artemis. (\u2606VicoSenpai: u had one job you fat fuck)\n|c|&|\/raw <small>This action was done automatically. Want to learn more about the AI? <a href=\"https:\/\/www.smogon.com\/forums\/threads\/3570628\/#post-9056769\">Visit the information thread<\/a>.<\/small>\n|inactive|VicoSenpai has 120 seconds left.\n|inactive|VicoSenpai has 90 seconds left.\n|inactive|VicoSenpai has 60 seconds left.\n|inactive|VicoSenpai has 30 seconds left.\n|inactive|VicoSenpai has 20 seconds left.\n|inactive|VicoSenpai has 15 seconds left.\n|inactive|VicoSenpai has 10 seconds left.\n|inactive|VicoSenpai has 5 seconds left.\n|-message|VicoSenpai lost due to inactivity.\n|\n|win|AwolfNamedSun\n|raw|AwolfNamedSun's rating: 1438 &rarr; <strong>1456<\/strong><br \/>(+18 for winning)\n|raw|VicoSenpai's rating: 1401 &rarr; <strong>1383<\/strong><br \/>(-18 for losing)\n","uploadtime":1701125793,"views":1,"p1id":"awolfnamedsun","p2id":"vicosenpai","formatid":"gen9nationaldex","rating":1383,"private":0,"password":""}