{"id":"gen9nationaldex-1988296963","p1":"Guancho","p2":"Shui yi","format":"[Gen 9] National Dex","log":"|j|\u2606Guancho\n|j|\u2606Shui yi\n|t:|1699703911\n|gametype|singles\n|player|p1|Guancho|dawn-gen4pt|1428\n|player|p2|Shui yi|n|1524\n|teamsize|p1|6\n|teamsize|p2|6\n|gen|9\n|tier|[Gen 9] National Dex\n|rated|\n|rule|HP Percentage Mod: HP is shown in percentages\n|rule|Endless Battle Clause: Forcing endless battles is banned\n|rule|OHKO Clause: OHKO moves are banned\n|rule|Evasion Clause: Evasion abilities, items, and moves are banned\n|rule|Evasion Abilities Clause: Evasion abilities are banned\n|rule|Evasion Items Clause: Evasion items are banned\n|rule|Evasion Moves Clause: Evasion moves are banned\n|rule|Species Clause: Limit one of each Pok\u00e9mon\n|rule|Sleep Clause Mod: Limit one foe put to sleep\n|clearpoke\n|poke|p1|Blastoise, F|\n|poke|p1|Ferrothorn, M|\n|poke|p1|Scizor, F|\n|poke|p1|Zamazenta-*|\n|poke|p1|Thundurus-Therian, M|\n|poke|p1|Manaphy|\n|poke|p2|Pelipper, M|\n|poke|p2|Swampert, M|\n|poke|p2|Floatzel, M|\n|poke|p2|Zapdos|\n|poke|p2|Ferrothorn, M|\n|poke|p2|Tapu Lele|\n|teampreview\n|inactive|Battle timer is ON: inactive players will automatically lose when time's up. (requested by Shui yi)\n|\n|t:|1699703942\n|start\n|switch|p1a: Thundurus|Thundurus-Therian, M|100\/100\n|switch|p2a: Pelipper|Pelipper, M|100\/100\n|-weather|RainDance|[from] ability: Drizzle|[of] p2a: Pelipper\n|turn|1\n|\n|t:|1699703950\n|switch|p2a: Swampert|Swampert, M|100\/100\n|move|p1a: Thundurus|Sludge Bomb|p2a: Swampert\n|-resisted|p2a: Swampert\n|-damage|p2a: Swampert|75\/100\n|-damage|p1a: Thundurus|91\/100|[from] item: Life Orb\n|\n|-weather|RainDance|[upkeep]\n|upkeep\n|turn|2\n|\n|t:|1699703959\n|switch|p1a: Ferrothorn|Ferrothorn, M|100\/100\n|detailschange|p2a: Swampert|Swampert-Mega, M\n|-mega|p2a: Swampert|Swampert|Swampertite\n|move|p2a: Swampert|Earthquake|p1a: Ferrothorn\n|-damage|p1a: Ferrothorn|66\/100\n|\n|-weather|RainDance|[upkeep]\n|upkeep\n|turn|3\n|\n|t:|1699703967\n|move|p2a: Swampert|Superpower|p1a: Ferrothorn\n|-supereffective|p1a: Ferrothorn\n|-damage|p1a: Ferrothorn|9\/100\n|-unboost|p2a: Swampert|atk|1\n|-unboost|p2a: Swampert|def|1\n|-damage|p2a: Swampert|63\/100|[from] ability: Iron Barbs|[of] p1a: Ferrothorn\n|-damage|p2a: Swampert|46\/100|[from] item: Rocky Helmet|[of] p1a: Ferrothorn\n|move|p1a: Ferrothorn|Stealth Rock|p2a: Swampert\n|-sidestart|p2: Shui yi|move: Stealth Rock\n|\n|-weather|RainDance|[upkeep]\n|upkeep\n|turn|4\n|\n|t:|1699703976\n|move|p2a: Swampert|Waterfall|p1a: Ferrothorn\n|-resisted|p1a: Ferrothorn\n|-crit|p1a: Ferrothorn\n|-damage|p1a: Ferrothorn|0 fnt\n|-damage|p2a: Swampert|34\/100|[from] ability: Iron Barbs|[of] p1a: Ferrothorn\n|-damage|p2a: Swampert|18\/100|[from] item: Rocky Helmet|[of] p1a: Ferrothorn\n|faint|p1a: Ferrothorn\n|\n|-weather|RainDance|[upkeep]\n|upkeep\n|\n|t:|1699703981\n|switch|p1a: Scizor|Scizor, F|100\/100\n|turn|5\n|\n|t:|1699703985\n|switch|p2a: Ferrothorn|Ferrothorn, M|100\/100\n|-damage|p2a: Ferrothorn|94\/100|[from] Stealth Rock\n|detailschange|p1a: Scizor|Scizor-Mega, F\n|-mega|p1a: Scizor|Scizor|Scizorite\n|move|p1a: Scizor|Bullet Punch|p2a: Ferrothorn\n|-resisted|p2a: Ferrothorn\n|-damage|p2a: Ferrothorn|83\/100\n|-damage|p1a: Scizor|88\/100|[from] ability: Iron Barbs|[of] p2a: Ferrothorn\n|-damage|p1a: Scizor|72\/100|[from] item: Rocky Helmet|[of] p2a: Ferrothorn\n|\n|-weather|RainDance|[upkeep]\n|upkeep\n|turn|6\n|inactive|Guancho has 120 seconds left.\n|\n|t:|1699704018\n|switch|p1a: Thundurus|Thundurus-Therian, M|91\/100\n|move|p2a: Ferrothorn|Leech Seed|p1a: Thundurus\n|-start|p1a: Thundurus|move: Leech Seed\n|\n|-weather|RainDance|[upkeep]\n|-damage|p1a: Thundurus|78\/100|[from] Leech Seed|[of] p2a: Ferrothorn\n|-heal|p2a: Ferrothorn|94\/100|[silent]\n|upkeep\n|turn|7\n|\n|t:|1699704034\n|switch|p1a: Manaphy|Manaphy|100\/100\n|move|p2a: Ferrothorn|Gyro Ball|p1a: Manaphy\n|-resisted|p1a: Manaphy\n|-damage|p1a: Manaphy|78\/100\n|\n|-weather|RainDance|[upkeep]\n|-heal|p1a: Manaphy|85\/100|[from] item: Leftovers\n|upkeep\n|turn|8\n|\n|t:|1699704039\n|move|p1a: Manaphy|Take Heart|p1a: Manaphy\n|-boost|p1a: Manaphy|spa|1\n|-boost|p1a: Manaphy|spd|1\n|move|p2a: Ferrothorn|Power Whip|p1a: Manaphy\n|-supereffective|p1a: Manaphy\n|-damage|p1a: Manaphy|22\/100\n|\n|-weather|none\n|-heal|p1a: Manaphy|28\/100|[from] item: Leftovers\n|upkeep\n|turn|9\n|\n|t:|1699704048\n|move|p1a: Manaphy|Scald|p2a: Ferrothorn\n|-resisted|p2a: Ferrothorn\n|-damage|p2a: Ferrothorn|72\/100\n|move|p2a: Ferrothorn|Power Whip|p1a: Manaphy\n|-supereffective|p1a: Manaphy\n|-damage|p1a: Manaphy|0 fnt\n|faint|p1a: Manaphy\n|\n|upkeep\n|\n|t:|1699704056\n|switch|p1a: Thundurus|Thundurus-Therian, M|78\/100\n|turn|10\n|\n|t:|1699704058\n|move|p1a: Thundurus|Focus Blast|p2a: Ferrothorn\n|-supereffective|p2a: Ferrothorn\n|-damage|p2a: Ferrothorn|0 fnt\n|faint|p2a: Ferrothorn\n|-damage|p1a: Thundurus|69\/100|[from] item: Life Orb\n|\n|upkeep\n|\n|t:|1699704064\n|switch|p2a: Tapu Lele|Tapu Lele|100\/100\n|-damage|p2a: Tapu Lele|88\/100|[from] Stealth Rock\n|-fieldstart|move: Psychic Terrain|[from] ability: Psychic Surge|[of] p2a: Tapu Lele\n|turn|11\n|\n|t:|1699704080\n|move|p2a: Tapu Lele|Psychic|p1a: Thundurus\n|-crit|p1a: Thundurus\n|-damage|p1a: Thundurus|0 fnt\n|faint|p1a: Thundurus\n|\n|upkeep\n|\n|t:|1699704086\n|switch|p1a: Scizor|Scizor-Mega, F|72\/100\n|turn|12\n|\n|t:|1699704092\n|switch|p2a: Pelipper|Pelipper, M|100\/100\n|-damage|p2a: Pelipper|76\/100|[from] Stealth Rock\n|-weather|RainDance|[from] ability: Drizzle|[of] p2a: Pelipper\n|move|p1a: Scizor|Bug Bite|p2a: Pelipper\n|-resisted|p2a: Pelipper\n|-damage|p2a: Pelipper|53\/100\n|\n|-weather|RainDance|[upkeep]\n|upkeep\n|turn|13\n|\n|t:|1699704103\n|switch|p1a: Blastoise|Blastoise, F|100\/100\n|move|p2a: Pelipper|U-turn|p1a: Blastoise\n|-damage|p1a: Blastoise|94\/100\n|\n|t:|1699704107\n|switch|p2a: Zapdos|Zapdos|100\/100|[from] U-turn\n|\n|-weather|RainDance|[upkeep]\n|-heal|p1a: Blastoise|100\/100|[from] item: Leftovers\n|upkeep\n|turn|14\n|\n|t:|1699704123\n|-terastallize|p1a: Blastoise|Dragon\n|move|p2a: Zapdos|Thunder|p1a: Blastoise\n|-resisted|p1a: Blastoise\n|-damage|p1a: Blastoise|75\/100\n|move|p1a: Blastoise|Scald|p2a: Zapdos\n|-damage|p2a: Zapdos|68\/100\n|\n|-weather|RainDance|[upkeep]\n|-heal|p1a: Blastoise|81\/100|[from] item: Leftovers\n|upkeep\n|turn|15\n|\n|t:|1699704132\n|move|p2a: Zapdos|Hurricane|p1a: Blastoise\n|-damage|p1a: Blastoise|33\/100\n|move|p1a: Blastoise|Toxic|p2a: Zapdos\n|-status|p2a: Zapdos|tox\n|\n|-weather|RainDance|[upkeep]\n|-heal|p1a: Blastoise|39\/100|[from] item: Leftovers\n|-damage|p2a: Zapdos|61\/100 tox|[from] psn\n|-fieldend|move: Psychic Terrain\n|upkeep\n|turn|16\n|\n|t:|1699704143\n|move|p2a: Zapdos|Hurricane|p1a: Blastoise\n|-crit|p1a: Blastoise\n|-damage|p1a: Blastoise|0 fnt\n|faint|p1a: Blastoise\n|\n|-weather|RainDance|[upkeep]\n|-damage|p2a: Zapdos|49\/100 tox|[from] psn\n|upkeep\n|\n|t:|1699704148\n|switch|p1a: Zamazenta|Zamazenta|100\/100\n|-ability|p1a: Zamazenta|Dauntless Shield|boost\n|-boost|p1a: Zamazenta|def|1\n|turn|17\n|\n|t:|1699704155\n|move|p1a: Zamazenta|Play Rough|p2a: Zapdos\n|-damage|p2a: Zapdos|0 fnt\n|faint|p2a: Zapdos\n|\n|-weather|RainDance|[upkeep]\n|upkeep\n|\n|t:|1699704159\n|switch|p2a: Tapu Lele|Tapu Lele|88\/100\n|-damage|p2a: Tapu Lele|76\/100|[from] Stealth Rock\n|-fieldstart|move: Psychic Terrain|[from] ability: Psychic Surge|[of] p2a: Tapu Lele\n|turn|18\n|\n|t:|1699704165\n|switch|p1a: Scizor|Scizor-Mega, F|72\/100\n|-terastallize|p2a: Tapu Lele|Psychic\n|move|p2a: Tapu Lele|Psychic|p1a: Scizor\n|-resisted|p1a: Scizor\n|-damage|p1a: Scizor|29\/100\n|\n|-weather|RainDance|[upkeep]\n|upkeep\n|turn|19\n|\n|t:|1699704172\n|move|p2a: Tapu Lele|Psychic|p1a: Scizor\n|-resisted|p1a: Scizor\n|-damage|p1a: Scizor|0 fnt\n|faint|p1a: Scizor\n|\n|-weather|none\n|upkeep\n|\n|t:|1699704178\n|switch|p1a: Zamazenta|Zamazenta|100\/100\n|turn|20\n|\n|t:|1699704180\n|move|p2a: Tapu Lele|Psychic|p1a: Zamazenta\n|-supereffective|p1a: Zamazenta\n|-damage|p1a: Zamazenta|0 fnt\n|faint|p1a: Zamazenta\n|\n|win|Shui yi\n|raw|Guancho's rating: 1428 &rarr; <strong>1413<\/strong><br \/>(-15 for losing)\n|raw|Shui yi's rating: 1524 &rarr; <strong>1539<\/strong><br \/>(+15 for winning)\n|l|\u2606Guancho\n","uploadtime":1699704188,"views":7,"p1id":"guancho","p2id":"shuiyi","formatid":"gen9nationaldex","rating":1413,"private":0,"password":""}