{"id":"gen9nationaldex-1995881229","p1":"SeraphZ\u2605","p2":"ForeverWing","format":"[Gen 9] National Dex","log":"|html|<div class=\"broadcast-blue\"><strong>[Gen 9] National Dex is currently suspecting Sneasler! For information on how to participate check out the <a href=\"https:\/\/www.smogon.com\/forums\/threads\/sv-national-dex-suspect-8-just-dance.3731534\/\">suspect thread<\/a>.<\/strong><\/div>\n|j|\u2606SeraphZ\u2605\n|j|\u2606ForeverWing\n|inactive|Battle timer is ON: inactive players will automatically lose when time's up.\n|t:|1700613026\n|gametype|singles\n|player|p1|SeraphZ\u2605|#ptplivdazzlingdiancies|\n|player|p2|ForeverWing|psychicf-gen4|\n|teamsize|p1|6\n|teamsize|p2|6\n|gen|9\n|tier|[Gen 9] National Dex\n|rated|Tournament battle\n|rule|HP Percentage Mod: HP is shown in percentages\n|rule|Endless Battle Clause: Forcing endless battles is banned\n|rule|OHKO Clause: OHKO moves are banned\n|rule|Evasion Clause: Evasion abilities, items, and moves are banned\n|rule|Evasion Abilities Clause: Evasion abilities are banned\n|rule|Evasion Items Clause: Evasion items are banned\n|rule|Evasion Moves Clause: Evasion moves are banned\n|rule|Species Clause: Limit one of each Pok\u00e9mon\n|rule|Sleep Clause Mod: Limit one foe put to sleep\n|clearpoke\n|poke|p1|Ogerpon-Wellspring, F|\n|poke|p1|Tapu Lele|\n|poke|p1|Clodsire, F|\n|poke|p1|Zapdos|\n|poke|p1|Scizor, M|\n|poke|p1|Heatran, F|\n|poke|p2|Latias, F|\n|poke|p2|Tapu Lele|\n|poke|p2|Great Tusk|\n|poke|p2|Ferrothorn, M|\n|poke|p2|Zapdos|\n|poke|p2|Bisharp, F|\n|teampreview\n|c|\u2606SeraphZ\u2605|hf\n|c|\u2606ForeverWing|u2\n|j| Mollymiltoast\n|\n|t:|1700613056\n|start\n|switch|p1a: Tapu Lele|Tapu Lele|100\/100\n|switch|p2a: Zapdos|Zapdos|100\/100\n|-fieldstart|move: Psychic Terrain|[from] ability: Psychic Surge|[of] p1a: Tapu Lele\n|turn|1\n|\n|t:|1700613064\n|-zpower|p2a: Zapdos\n|move|p2a: Zapdos|Supersonic Skystrike|p1a: Tapu Lele|[zeffect]\n|-damage|p1a: Tapu Lele|5\/100\n|move|p1a: Tapu Lele|Moonblast|p2a: Zapdos\n|-crit|p2a: Zapdos\n|-damage|p2a: Zapdos|0 fnt\n|faint|p2a: Zapdos\n|\n|upkeep\n|l| Mollymiltoast\n|c|\u2606SeraphZ\u2605|mb\n|j| Mollymiltoast\n|c|\u2606ForeverWing|no worries\n|\n|t:|1700613080\n|switch|p2a: Latias|Latias, F|100\/100\n|turn|2\n|\n|t:|1700613087\n|switch|p1a: Clodsire|Clodsire, F|100\/100\n|detailschange|p2a: Latias|Latias-Mega, F\n|-mega|p2a: Latias|Latias|Latiasite\n|move|p2a: Latias|Psychic|p1a: Clodsire\n|-supereffective|p1a: Clodsire\n|-damage|p1a: Clodsire|53\/100\n|\n|upkeep\n|turn|3\n|\n|t:|1700613091\n|move|p2a: Latias|Substitute|p2a: Latias\n|-start|p2a: Latias|Substitute\n|-damage|p2a: Latias|75\/100\n|move|p1a: Clodsire|Recover|p1a: Clodsire\n|-heal|p1a: Clodsire|100\/100\n|\n|upkeep\n|turn|4\n|\n|t:|1700613095\n|switch|p1a: Heatran|Heatran, F|100\/100\n|move|p2a: Latias|Psychic|p1a: Heatran\n|-resisted|p1a: Heatran\n|-damage|p1a: Heatran|87\/100\n|\n|-heal|p1a: Heatran|93\/100|[from] item: Leftovers\n|upkeep\n|turn|5\n|\n|t:|1700613098\n|move|p2a: Latias|Aura Sphere|p1a: Heatran\n|-supereffective|p1a: Heatran\n|-damage|p1a: Heatran|60\/100\n|move|p1a: Heatran|Taunt|p2a: Latias\n|-start|p2a: Latias|move: Taunt\n|\n|-heal|p1a: Heatran|66\/100|[from] item: Leftovers\n|-fieldend|move: Psychic Terrain\n|upkeep\n|turn|6\n|j| programofuse\n|\n|t:|1700613108\n|switch|p1a: Scizor|Scizor, M|100\/100\n|move|p2a: Latias|Aura Sphere|p1a: Scizor\n|-crit|p1a: Scizor\n|-damage|p1a: Scizor|65\/100\n|\n|upkeep\n|turn|7\n|\n|t:|1700613112\n|switch|p2a: Great Tusk|Great Tusk|100\/100\n|detailschange|p1a: Scizor|Scizor-Mega, M\n|-mega|p1a: Scizor|Scizor|Scizorite\n|move|p1a: Scizor|U-turn|p2a: Great Tusk\n|-resisted|p2a: Great Tusk\n|-damage|p2a: Great Tusk|93\/100\n|-damage|p1a: Scizor|48\/100|[from] item: Rocky Helmet|[of] p2a: Great Tusk\n|\n|t:|1700613117\n|switch|p1a: Tapu Lele|Tapu Lele|5\/100|[from] U-turn\n|-fieldstart|move: Psychic Terrain|[from] ability: Psychic Surge|[of] p1a: Tapu Lele\n|\n|upkeep\n|turn|8\n|\n|t:|1700613123\n|-end|p2a: Great Tusk|Protosynthesis|[silent]\n|switch|p2a: Ferrothorn|Ferrothorn, M|100\/100\n|move|p1a: Tapu Lele|Focus Blast|p2a: Ferrothorn\n|-supereffective|p2a: Ferrothorn\n|-crit|p2a: Ferrothorn\n|-damage|p2a: Ferrothorn|0 fnt\n|faint|p2a: Ferrothorn\n|\n|upkeep\n|\n|t:|1700613128\n|switch|p2a: Latias|Latias-Mega, F|75\/100\n|turn|9\n|\n|t:|1700613133\n|switch|p1a: Scizor|Scizor-Mega, M|48\/100\n|move|p2a: Latias|Psychic|p1a: Scizor\n|-resisted|p1a: Scizor\n|-damage|p1a: Scizor|30\/100\n|\n|upkeep\n|turn|10\n|\n|t:|1700613140\n|switch|p2a: Great Tusk|Great Tusk|93\/100\n|move|p1a: Scizor|Roost|p1a: Scizor\n|-heal|p1a: Scizor|80\/100\n|-singleturn|p1a: Scizor|move: Roost\n|\n|upkeep\n|turn|11\n|\n|t:|1700613143\n|switch|p1a: Zapdos|Zapdos|100\/100\n|move|p2a: Great Tusk|Stealth Rock|p1a: Zapdos\n|-sidestart|p1: SeraphZ\u2605|move: Stealth Rock\n|\n|-fieldend|move: Psychic Terrain\n|upkeep\n|turn|12\n|\n|t:|1700613147\n|-end|p2a: Great Tusk|Protosynthesis|[silent]\n|switch|p2a: Bisharp|Bisharp, F|100\/100\n|move|p1a: Zapdos|Defog|p2a: Bisharp\n|-unboost|p2a: Bisharp|evasion|1\n|-ability|p2a: Bisharp|Defiant|boost\n|-boost|p2a: Bisharp|atk|2\n|-sideend|p1: SeraphZ\u2605|Stealth Rock|[from] move: Defog|[of] p1a: Zapdos\n|\n|upkeep\n|turn|13\n|\n|t:|1700613155\n|move|p1a: Zapdos|Volt Switch|p2a: Bisharp\n|-damage|p2a: Bisharp|55\/100\n|\n|t:|1700613159\n|switch|p1a: Clodsire|Clodsire, F|100\/100|[from] Volt Switch\n|move|p2a: Bisharp|Knock Off|p1a: Clodsire\n|-damage|p1a: Clodsire|11\/100\n|-enditem|p1a: Clodsire|Heavy-Duty Boots|[from] move: Knock Off|[of] p2a: Bisharp\n|\n|upkeep\n|turn|14\n|\n|t:|1700613163\n|move|p2a: Bisharp|Knock Off|p1a: Clodsire\n|-damage|p1a: Clodsire|0 fnt\n|faint|p1a: Clodsire\n|\n|upkeep\n|\n|t:|1700613166\n|switch|p1a: Tapu Lele|Tapu Lele|5\/100\n|-fieldstart|move: Psychic Terrain|[from] ability: Psychic Surge|[of] p1a: Tapu Lele\n|turn|15\n|inactive|ForeverWing has 120 seconds left.\n|j| purple pastels\n|c| programofuse|do it\n|inactive|ForeverWing has 90 seconds left.\n|\n|t:|1700613232\n|switch|p2a: Tapu Lele|Tapu Lele|100\/100\n|move|p1a: Tapu Lele|Moonblast|p2a: Tapu Lele\n|-damage|p2a: Tapu Lele|19\/100\n|-unboost|p2a: Tapu Lele|spa|1\n|\n|upkeep\n|turn|16\n|inactive|ForeverWing has 90 seconds left.\n|\n|t:|1700613238\n|switch|p2a: Great Tusk|Great Tusk|93\/100\n|switch|p1a: Heatran|Heatran, F|66\/100\n|\n|-heal|p1a: Heatran|72\/100|[from] item: Leftovers\n|upkeep\n|turn|17\n|\n|t:|1700613245\n|switch|p1a: Zapdos|Zapdos|100\/100\n|move|p2a: Great Tusk|Stealth Rock|p1a: Zapdos\n|-sidestart|p1: SeraphZ\u2605|move: Stealth Rock\n|\n|upkeep\n|turn|18\n|\n|t:|1700613250\n|-end|p2a: Great Tusk|Protosynthesis|[silent]\n|switch|p2a: Bisharp|Bisharp, F|55\/100\n|move|p1a: Zapdos|Hurricane|p2a: Bisharp\n|-resisted|p2a: Bisharp\n|-damage|p2a: Bisharp|22\/100\n|\n|upkeep\n|turn|19\n|\n|t:|1700613262\n|move|p2a: Bisharp|Sucker Punch|p1a: Zapdos\n|-hint|Psychic Terrain doesn't affect Pok\u00e9mon immune to Ground.\n|-damage|p1a: Zapdos|53\/100\n|-status|p2a: Bisharp|par|[from] ability: Static|[of] p1a: Zapdos\n|move|p1a: Zapdos|Volt Switch|p2a: Bisharp\n|-damage|p2a: Bisharp|0 fnt\n|faint|p2a: Bisharp\n|\n|t:|1700613265\n|switch|p1a: Ogerpon|Ogerpon-Wellspring, F|100\/100|[from] Volt Switch\n|-damage|p1a: Ogerpon|88\/100|[from] Stealth Rock\n|\n|-fieldend|move: Psychic Terrain\n|upkeep\n|\n|t:|1700613276\n|switch|p2a: Tapu Lele|Tapu Lele|19\/100\n|-fieldstart|move: Psychic Terrain|[from] ability: Psychic Surge|[of] p2a: Tapu Lele\n|turn|20\n|c| programofuse|wait wait wait wait, terrain doesn't affect flying types?\n|c|\u2606SeraphZ\u2605|no\n|\n|t:|1700613286\n|switch|p1a: Heatran|Heatran, F|72\/100\n|-damage|p1a: Heatran|60\/100|[from] Stealth Rock\n|move|p2a: Tapu Lele|Psychic|p1a: Heatran\n|-resisted|p1a: Heatran\n|-damage|p1a: Heatran|39\/100\n|\n|-heal|p1a: Heatran|45\/100|[from] item: Leftovers\n|upkeep\n|turn|21\n|c| programofuse|huh\n|\n|t:|1700613289\n|switch|p2a: Great Tusk|Great Tusk|93\/100\n|move|p1a: Heatran|Magma Storm|p2a: Great Tusk\n|-damage|p2a: Great Tusk|40\/100\n|-activate|p2a: Great Tusk|move: Magma Storm|[of] p1a: Heatran\n|\n|-heal|p1a: Heatran|51\/100|[from] item: Leftovers\n|-damage|p2a: Great Tusk|28\/100|[from] move: Magma Storm|[partiallytrapped]\n|upkeep\n|turn|22\n|\n|t:|1700613295\n|move|p2a: Great Tusk|Knock Off|p1a: Heatran\n|-damage|p1a: Heatran|29\/100\n|-enditem|p1a: Heatran|Leftovers|[from] move: Knock Off|[of] p2a: Great Tusk\n|move|p1a: Heatran|Earth Power|p2a: Great Tusk\n|-damage|p2a: Great Tusk|0 fnt\n|faint|p2a: Great Tusk\n|-end|p2a: Great Tusk|Protosynthesis|[silent]\n|\n|upkeep\n|\n|t:|1700613299\n|switch|p2a: Latias|Latias-Mega, F|75\/100\n|turn|23\n|\n|t:|1700613306\n|switch|p2a: Tapu Lele|Tapu Lele|19\/100\n|move|p1a: Heatran|Taunt|p2a: Tapu Lele\n|-start|p2a: Tapu Lele|move: Taunt\n|\n|upkeep\n|turn|24\n|\n|t:|1700613324\n|move|p2a: Tapu Lele|Psyshock|p1a: Heatran\n|-resisted|p1a: Heatran\n|-damage|p1a: Heatran|4\/100\n|move|p1a: Heatran|Magma Storm|p2a: Tapu Lele|[miss]\n|-miss|p1a: Heatran|p2a: Tapu Lele\n|\n|-fieldend|move: Psychic Terrain\n|upkeep\n|turn|25\n|\n|t:|1700613328\n|move|p2a: Tapu Lele|Psyshock|p1a: Heatran\n|-resisted|p1a: Heatran\n|-damage|p1a: Heatran|0 fnt\n|faint|p1a: Heatran\n|\n|-end|p2a: Tapu Lele|move: Taunt\n|upkeep\n|\n|t:|1700613332\n|switch|p1a: Scizor|Scizor-Mega, M|80\/100\n|-damage|p1a: Scizor|68\/100|[from] Stealth Rock\n|turn|26\n|\n|t:|1700613334\n|switch|p2a: Latias|Latias-Mega, F|75\/100\n|move|p1a: Scizor|Swords Dance|p1a: Scizor\n|-boost|p1a: Scizor|atk|2\n|\n|upkeep\n|turn|27\n|\n|t:|1700613342\n|move|p2a: Latias|Substitute|p2a: Latias\n|-start|p2a: Latias|Substitute\n|-damage|p2a: Latias|50\/100\n|move|p1a: Scizor|U-turn|p2a: Latias\n|-supereffective|p2a: Latias\n|-end|p2a: Latias|Substitute\n|\n|t:|1700613347\n|switch|p1a: Ogerpon|Ogerpon-Wellspring, F|88\/100|[from] U-turn\n|-damage|p1a: Ogerpon|76\/100|[from] Stealth Rock\n|\n|upkeep\n|turn|28\n|\n|t:|1700613351\n|move|p1a: Ogerpon|Play Rough|p2a: Latias\n|-supereffective|p2a: Latias\n|-damage|p2a: Latias|0 fnt\n|faint|p2a: Latias\n|\n|upkeep\n|\n|t:|1700613355\n|switch|p2a: Tapu Lele|Tapu Lele|19\/100\n|-fieldstart|move: Psychic Terrain|[from] ability: Psychic Surge|[of] p2a: Tapu Lele\n|turn|29\n|c|\u2606SeraphZ\u2605|gg\n|c|\u2606ForeverWing|gg\n|\n|t:|1700613367\n|-terastallize|p1a: Ogerpon|Water\n|detailschange|p1a: Ogerpon|Ogerpon-Wellspring-Tera, F, tera:Water\n|-ability|p1a: Ogerpon|Embody Aspect (Wellspring)|boost\n|-boost|p1a: Ogerpon|spd|1\n|move|p2a: Tapu Lele|Psychic|p1a: Ogerpon\n|-damage|p1a: Ogerpon|28\/100\n|move|p1a: Ogerpon|Ivy Cudgel|p2a: Tapu Lele|[anim] Ivy Cudgel Water\n|-damage|p2a: Tapu Lele|0 fnt\n|faint|p2a: Tapu Lele\n|\n|win|SeraphZ\u2605\n|n|\u2606SeraphZ\u2605|seraphz\n|n|\u2606ForeverWing|foreverwing\n|n| Mollymiltoast|mollymiltoast\n|n| programofuse|programofuse\n|n| purple pastels|purplepastels\n","uploadtime":1700613368,"views":1,"p1id":"seraphz","p2id":"foreverwing","formatid":"gen9nationaldex","rating":0,"private":0,"password":""}