{"id":"gen9nationaldex-1990227667","p1":"MafeIsMental","p2":"Patar136","format":"[Gen 9] National Dex","log":"|j|\u2606MafeIsMental\n|j|\u2606Patar136\n|t:|1699940616\n|gametype|singles\n|player|p1|MafeIsMental|rocketgruntf|1387\n|player|p2|Patar136|misty|1393\n|teamsize|p1|6\n|teamsize|p2|6\n|gen|9\n|tier|[Gen 9] National Dex\n|rated|\n|rule|HP Percentage Mod: HP is shown in percentages\n|rule|Endless Battle Clause: Forcing endless battles is banned\n|rule|OHKO Clause: OHKO moves are banned\n|rule|Evasion Clause: Evasion abilities, items, and moves are banned\n|rule|Evasion Abilities Clause: Evasion abilities are banned\n|rule|Evasion Items Clause: Evasion items are banned\n|rule|Evasion Moves Clause: Evasion moves are banned\n|rule|Species Clause: Limit one of each Pok\u00e9mon\n|rule|Sleep Clause Mod: Limit one foe put to sleep\n|clearpoke\n|poke|p1|Hatterene, F|\n|poke|p1|Toxapex, F|\n|poke|p1|Great Tusk|\n|poke|p1|Corviknight, M|\n|poke|p1|Skeledirge, M|\n|poke|p1|Greninja-*, M|\n|poke|p2|Pelipper, M|\n|poke|p2|Poliwrath, M|\n|poke|p2|Swampert, F|\n|poke|p2|Rillaboom, M|\n|poke|p2|Zapdos|\n|poke|p2|Tapu Lele|\n|teampreview\n|inactive|Battle timer is ON: inactive players will automatically lose when time's up. (requested by MafeIsMental)\n|\n|t:|1699940625\n|start\n|switch|p1a: Greninja|Greninja, M|100\/100\n|switch|p2a: Rillaboom|Rillaboom, M|100\/100\n|-fieldstart|move: Grassy Terrain|[from] ability: Grassy Surge|[of] p2a: Rillaboom\n|turn|1\n|\n|t:|1699940631\n|switch|p1a: Corviknight|Corviknight, M|100\/100\n|-ability|p1a: Corviknight|Pressure\n|move|p2a: Rillaboom|Wood Hammer|p1a: Corviknight\n|-resisted|p1a: Corviknight\n|-damage|p1a: Corviknight|82\/100\n|-damage|p2a: Rillaboom|84\/100|[from] item: Rocky Helmet|[of] p1a: Corviknight\n|-damage|p2a: Rillaboom|77\/100|[from] Recoil\n|\n|-heal|p2a: Rillaboom|83\/100|[from] Grassy Terrain\n|upkeep\n|turn|2\n|\n|t:|1699940641\n|switch|p2a: Zapdos|Zapdos|100\/100\n|move|p1a: Corviknight|U-turn|p2a: Zapdos\n|-resisted|p2a: Zapdos\n|-damage|p2a: Zapdos|95\/100\n|c|\u2606Patar136|I'll fry that stupid bird\n|\n|t:|1699940649\n|switch|p1a: Greninja|Greninja, M|100\/100|[from] U-turn\n|\n|upkeep\n|turn|3\n|c|\u2606Patar136|you hear me you pretentipus wuss\n|\n|t:|1699940661\n|move|p1a: Greninja|Ice Beam|p2a: Zapdos\n|-start|p1a: Greninja|typechange|Ice|[from] ability: Protean\n|-supereffective|p2a: Zapdos\n|-damage|p2a: Zapdos|0 fnt\n|faint|p2a: Zapdos\n|\n|upkeep\n|\n|t:|1699940668\n|switch|p2a: Poliwrath|Poliwrath, M|100\/100\n|turn|4\n|c|\u2606MafeIsMental|Don't think I've met anyone who hates corviknight\n|\n|t:|1699940686\n|switch|p1a: Corviknight|Corviknight, M|82\/100\n|-ability|p1a: Corviknight|Pressure\n|move|p2a: Poliwrath|Belly Drum|p2a: Poliwrath\n|-damage|p2a: Poliwrath|50\/100\n|-setboost|p2a: Poliwrath|atk|6|[from] move: Belly Drum\n|-enditem|p2a: Poliwrath|Sitrus Berry|[eat]\n|-heal|p2a: Poliwrath|75\/100|[from] item: Sitrus Berry\n|\n|-heal|p2a: Poliwrath|82\/100|[from] Grassy Terrain\n|upkeep\n|turn|5\n|\n|t:|1699940694\n|move|p2a: Poliwrath|Liquidation|p1a: Corviknight\n|-damage|p1a: Corviknight|0 fnt\n|-damage|p2a: Poliwrath|65\/100|[from] item: Rocky Helmet|[of] p1a: Corviknight\n|faint|p1a: Corviknight\n|\n|-heal|p2a: Poliwrath|71\/100|[from] Grassy Terrain\n|-fieldend|move: Grassy Terrain\n|upkeep\n|\n|t:|1699940697\n|switch|p1a: Monty|Skeledirge, M|100\/100\n|turn|6\n|c|\u2606Patar136|Go on\n|\n|t:|1699940701\n|-terastallize|p2a: Poliwrath|Poison\n|-terastallize|p1a: Monty|Fairy\n|move|p2a: Poliwrath|Tera Blast|p1a: Monty|[anim] Tera Blast Poison\n|-supereffective|p1a: Monty\n|-damage|p1a: Monty|35\/100\n|move|p1a: Monty|Will-O-Wisp|p2a: Poliwrath\n|-status|p2a: Poliwrath|brn\n|\n|-damage|p2a: Poliwrath|65\/100 brn|[from] brn\n|upkeep\n|turn|7\n|c|\u2606Patar136|you suc\n|c|\u2606Patar136|you hear that\n|\n|t:|1699940719\n|switch|p1a: Toxapex|Toxapex, F|100\/100\n|move|p2a: Poliwrath|Liquidation|p1a: Toxapex\n|-resisted|p1a: Toxapex\n|-damage|p1a: Toxapex|76\/100\n|\n|-heal|p1a: Toxapex|83\/100|[from] item: Black Sludge\n|-damage|p2a: Poliwrath|59\/100 brn|[from] brn\n|upkeep\n|turn|8\n|\n|t:|1699940723\n|move|p2a: Poliwrath|Drain Punch|p1a: Toxapex\n|-resisted|p1a: Toxapex\n|-damage|p1a: Toxapex|63\/100\n|-heal|p2a: Poliwrath|68\/100 brn|[from] drain|[of] p1a: Toxapex\n|move|p1a: Toxapex|Haze|p1a: Toxapex\n|-clearallboost\n|\n|-heal|p1a: Toxapex|70\/100|[from] item: Black Sludge\n|-damage|p2a: Poliwrath|62\/100 brn|[from] brn\n|upkeep\n|turn|9\n|\n|t:|1699940733\n|switch|p2a: Tapu Lele|Tapu Lele|100\/100\n|-fieldstart|move: Psychic Terrain|[from] ability: Psychic Surge|[of] p2a: Tapu Lele\n|move|p1a: Toxapex|Recover|p1a: Toxapex\n|-heal|p1a: Toxapex|100\/100\n|\n|upkeep\n|turn|10\n|c|\u2606Patar136|I'll fry you\n|\n|t:|1699940747\n|switch|p1a: Greninja|Greninja, M|100\/100\n|move|p2a: Tapu Lele|Psychic|p1a: Greninja\n|-immune|p1a: Greninja\n|\n|upkeep\n|turn|11\n|c|\u2606Patar136|you arrogant son of a b\n|\n|t:|1699940757\n|switch|p2a: Poliwrath|Poliwrath, M, tera:Poison|62\/100 brn\n|move|p1a: Greninja|Ice Beam|p2a: Poliwrath\n|-start|p1a: Greninja|typechange|Ice|[from] ability: Protean\n|-damage|p2a: Poliwrath|0 fnt\n|faint|p2a: Poliwrath\n|\n|upkeep\n|\n|t:|1699940762\n|switch|p2a: Swampert|Swampert, F|100\/100\n|turn|12\n|\n|t:|1699940769\n|detailschange|p2a: Swampert|Swampert-Mega, F\n|-mega|p2a: Swampert|Swampert|Swampertite\n|move|p1a: Greninja|Ice Beam|p2a: Swampert\n|-damage|p2a: Swampert|47\/100\n|move|p2a: Swampert|Flip Turn|p1a: Greninja\n|-damage|p1a: Greninja|33\/100\n|\n|t:|1699940776\n|switch|p2a: Rillaboom|Rillaboom, M|83\/100|[from] Flip Turn\n|-fieldstart|move: Grassy Terrain|[from] ability: Grassy Surge|[of] p2a: Rillaboom\n|\n|-heal|p1a: Greninja|39\/100|[from] Grassy Terrain\n|-heal|p2a: Rillaboom|89\/100|[from] Grassy Terrain\n|upkeep\n|turn|13\n|\n|t:|1699940781\n|switch|p1a: Toxapex|Toxapex, F|100\/100\n|move|p2a: Rillaboom|Grassy Glide|p1a: Toxapex\n|-damage|p1a: Toxapex|67\/100\n|\n|-heal|p2a: Rillaboom|95\/100|[from] Grassy Terrain\n|-heal|p1a: Toxapex|73\/100|[from] Grassy Terrain\n|-heal|p1a: Toxapex|79\/100|[from] item: Black Sludge\n|upkeep\n|turn|14\n|\n|t:|1699940789\n|switch|p2a: Pelipper|Pelipper, M|100\/100\n|-weather|RainDance|[from] ability: Drizzle|[of] p2a: Pelipper\n|move|p1a: Toxapex|Toxic|p2a: Pelipper\n|-status|p2a: Pelipper|tox\n|\n|-weather|RainDance|[upkeep]\n|-heal|p1a: Toxapex|85\/100|[from] Grassy Terrain\n|-heal|p1a: Toxapex|92\/100|[from] item: Black Sludge\n|-damage|p2a: Pelipper|94\/100 tox|[from] psn\n|upkeep\n|turn|15\n|\n|t:|1699940800\n|switch|p1a: Monty|Skeledirge, M, tera:Fairy|35\/100\n|move|p2a: Pelipper|U-turn|p1a: Monty\n|-resisted|p1a: Monty\n|-damage|p1a: Monty|31\/100\n|c|\u2606Patar136|I swear to god I hate your fat a s s teams\n|\n|t:|1699940808\n|switch|p2a: Swampert|Swampert-Mega, F|47\/100|[from] U-turn\n|\n|-weather|RainDance|[upkeep]\n|-heal|p2a: Swampert|53\/100|[from] Grassy Terrain\n|-heal|p1a: Monty|37\/100|[from] Grassy Terrain\n|upkeep\n|turn|16\n|\n|t:|1699940824\n|move|p2a: Swampert|Waterfall|p1a: Monty\n|-damage|p1a: Monty|0 fnt\n|faint|p1a: Monty\n|\n|-weather|RainDance|[upkeep]\n|-heal|p2a: Swampert|59\/100|[from] Grassy Terrain\n|-fieldend|move: Grassy Terrain\n|upkeep\n|\n|t:|1699940843\n|switch|p1a: Toxapex|Toxapex, F|100\/100\n|turn|17\n|\n|t:|1699940845\n|move|p2a: Swampert|Earthquake|p1a: Toxapex\n|-supereffective|p1a: Toxapex\n|-damage|p1a: Toxapex|17\/100\n|move|p1a: Toxapex|Toxic|p2a: Swampert\n|-status|p2a: Swampert|tox\n|\n|-weather|RainDance|[upkeep]\n|-heal|p1a: Toxapex|23\/100|[from] item: Black Sludge\n|-damage|p2a: Swampert|53\/100 tox|[from] psn\n|upkeep\n|turn|18\n|c|\u2606Patar136|oh come the f o\n|c|\u2606Patar136|on\n|\n|t:|1699940859\n|switch|p1a: Great Tusk|Great Tusk|100\/100\n|move|p2a: Swampert|Earthquake|p1a: Great Tusk\n|-damage|p1a: Great Tusk|56\/100\n|\n|-weather|RainDance|[upkeep]\n|-heal|p1a: Great Tusk|62\/100|[from] item: Leftovers\n|-damage|p2a: Swampert|40\/100 tox|[from] psn\n|upkeep\n|turn|19\n|\n|t:|1699940863\n|-end|p1a: Great Tusk|Protosynthesis|[silent]\n|switch|p1a: Hatterene|Hatterene, F|100\/100\n|move|p2a: Swampert|Flip Turn|p1a: Hatterene\n|-damage|p1a: Hatterene|48\/100\n|\n|t:|1699940868\n|switch|p2a: Rillaboom|Rillaboom, M|95\/100|[from] Flip Turn\n|-fieldstart|move: Grassy Terrain|[from] ability: Grassy Surge|[of] p2a: Rillaboom\n|\n|-weather|RainDance|[upkeep]\n|-heal|p2a: Rillaboom|100\/100|[from] Grassy Terrain\n|-heal|p1a: Hatterene|54\/100|[from] Grassy Terrain\n|-heal|p1a: Hatterene|60\/100|[from] item: Leftovers\n|upkeep\n|turn|20\n|\n|t:|1699940872\n|switch|p1a: Toxapex|Toxapex, F|56\/100\n|move|p2a: Rillaboom|Wood Hammer|p1a: Toxapex\n|-damage|p1a: Toxapex|0 fnt\n|faint|p1a: Toxapex\n|-damage|p2a: Rillaboom|84\/100|[from] Recoil\n|\n|-weather|RainDance|[upkeep]\n|-heal|p2a: Rillaboom|90\/100|[from] Grassy Terrain\n|upkeep\n|\n|t:|1699940877\n|switch|p1a: Greninja|Greninja, M|39\/100\n|turn|21\n|c|\u2606Patar136|get the f out of here\n|\n|t:|1699940886\n|switch|p2a: Swampert|Swampert-Mega, F|40\/100 tox\n|move|p1a: Greninja|Ice Beam|p2a: Swampert\n|-start|p1a: Greninja|typechange|Ice|[from] ability: Protean\n|-damage|p2a: Swampert|0 fnt\n|faint|p2a: Swampert\n|\n|-weather|none\n|-heal|p1a: Greninja|45\/100|[from] Grassy Terrain\n|upkeep\n|\n|t:|1699940891\n|switch|p2a: Rillaboom|Rillaboom, M|90\/100\n|turn|22\n|\n|t:|1699940896\n|move|p2a: Rillaboom|Grassy Glide|p1a: Greninja\n|-damage|p1a: Greninja|0 fnt\n|faint|p1a: Greninja\n|\n|-heal|p2a: Rillaboom|96\/100|[from] Grassy Terrain\n|upkeep\n|\n|t:|1699940900\n|switch|p1a: Hatterene|Hatterene, F|60\/100\n|turn|23\n|\n|t:|1699940904\n|switch|p2a: Pelipper|Pelipper, M|94\/100 tox\n|-weather|RainDance|[from] ability: Drizzle|[of] p2a: Pelipper\n|move|p1a: Hatterene|Mystical Fire|p2a: Pelipper\n|-resisted|p2a: Pelipper\n|-damage|p2a: Pelipper|87\/100 tox\n|-unboost|p2a: Pelipper|spa|1\n|\n|-weather|RainDance|[upkeep]\n|-heal|p1a: Hatterene|66\/100|[from] Grassy Terrain\n|-heal|p1a: Hatterene|72\/100|[from] item: Leftovers\n|-damage|p2a: Pelipper|80\/100 tox|[from] psn\n|-fieldend|move: Grassy Terrain\n|upkeep\n|turn|24\n|\n|t:|1699940911\n|switch|p1a: Great Tusk|Great Tusk|62\/100\n|move|p2a: Pelipper|Hurricane|p1a: Great Tusk\n|-supereffective|p1a: Great Tusk\n|-damage|p1a: Great Tusk|0 fnt\n|faint|p1a: Great Tusk\n|-end|p1a: Great Tusk|Protosynthesis|[silent]\n|\n|-weather|RainDance|[upkeep]\n|-damage|p2a: Pelipper|68\/100 tox|[from] psn\n|upkeep\n|\n|t:|1699940915\n|switch|p1a: Hatterene|Hatterene, F|72\/100\n|turn|25\n|c|\u2606Patar136|go pi  ss on a tree Hatterene\n|\n|t:|1699940926\n|move|p2a: Pelipper|Hurricane|p1a: Hatterene\n|-damage|p1a: Hatterene|45\/100\n|-start|p1a: Hatterene|confusion\n|-activate|p1a: Hatterene|confusion\n|move|p1a: Hatterene|Calm Mind|p1a: Hatterene\n|-boost|p1a: Hatterene|spa|1\n|-boost|p1a: Hatterene|spd|1\n|\n|-weather|RainDance|[upkeep]\n|-heal|p1a: Hatterene|51\/100|[from] item: Leftovers\n|-damage|p2a: Pelipper|49\/100 tox|[from] psn\n|upkeep\n|turn|26\n|\n|t:|1699940932\n|move|p2a: Pelipper|U-turn|p1a: Hatterene\n|-crit|p1a: Hatterene\n|-damage|p1a: Hatterene|41\/100\n|\n|t:|1699940935\n|switch|p2a: Tapu Lele|Tapu Lele|100\/100|[from] U-turn\n|-fieldstart|move: Psychic Terrain|[from] ability: Psychic Surge|[of] p2a: Tapu Lele\n|-activate|p1a: Hatterene|confusion\n|move|p1a: Hatterene|Draining Kiss|p2a: Tapu Lele\n|-damage|p2a: Tapu Lele|66\/100\n|-heal|p1a: Hatterene|64\/100|[from] drain|[of] p2a: Tapu Lele\n|\n|-weather|RainDance|[upkeep]\n|-heal|p1a: Hatterene|70\/100|[from] item: Leftovers\n|upkeep\n|turn|27\n|\n|t:|1699940944\n|move|p2a: Tapu Lele|Psyshock|p1a: Hatterene\n|-resisted|p1a: Hatterene\n|-damage|p1a: Hatterene|49\/100\n|-activate|p1a: Hatterene|confusion\n|move|p1a: Hatterene|Psyshock|p2a: Tapu Lele\n|-resisted|p2a: Tapu Lele\n|-damage|p2a: Tapu Lele|14\/100\n|\n|-weather|RainDance|[upkeep]\n|-heal|p1a: Hatterene|55\/100|[from] item: Leftovers\n|upkeep\n|turn|28\n|\n|t:|1699940947\n|move|p2a: Tapu Lele|Psyshock|p1a: Hatterene\n|-resisted|p1a: Hatterene\n|-damage|p1a: Hatterene|32\/100\n|-activate|p1a: Hatterene|confusion\n|move|p1a: Hatterene|Draining Kiss|p2a: Tapu Lele\n|-damage|p2a: Tapu Lele|0 fnt\n|-heal|p1a: Hatterene|41\/100|[from] drain|[of] p2a: Tapu Lele\n|faint|p2a: Tapu Lele\n|\n|-weather|RainDance|[upkeep]\n|-heal|p1a: Hatterene|47\/100|[from] item: Leftovers\n|upkeep\n|\n|t:|1699940950\n|switch|p2a: Rillaboom|Rillaboom, M|96\/100\n|-fieldstart|move: Grassy Terrain|[from] ability: Grassy Surge|[of] p2a: Rillaboom\n|turn|29\n|\n|t:|1699940952\n|move|p2a: Rillaboom|Wood Hammer|p1a: Hatterene\n|-damage|p1a: Hatterene|0 fnt\n|faint|p1a: Hatterene\n|-damage|p2a: Rillaboom|82\/100|[from] Recoil\n|\n|win|Patar136\n|raw|MafeIsMental's rating: 1387 &rarr; <strong>1367<\/strong><br \/>(-20 for losing)\n|raw|Patar136's rating: 1393 &rarr; <strong>1413<\/strong><br \/>(+20 for winning)\n","uploadtime":1699940806,"views":5,"p1id":"mafeismental","p2id":"patar136","formatid":"gen9nationaldex","rating":1367,"private":0,"password":""}