{"id":"gen9nationaldex-1989530962","p1":"ogerponice","p2":"DerpyJolteon","format":"[Gen 9] National Dex","log":"|j|\u2606ogerponice\n|j|\u2606DerpyJolteon\n|t:|1699866608\n|gametype|singles\n|player|p1|ogerponice|nurse|1292\n|player|p2|DerpyJolteon|volkner|1304\n|teamsize|p1|6\n|teamsize|p2|6\n|gen|9\n|tier|[Gen 9] National Dex\n|rated|\n|rule|HP Percentage Mod: HP is shown in percentages\n|rule|Endless Battle Clause: Forcing endless battles is banned\n|rule|OHKO Clause: OHKO moves are banned\n|rule|Evasion Clause: Evasion abilities, items, and moves are banned\n|rule|Evasion Abilities Clause: Evasion abilities are banned\n|rule|Evasion Items Clause: Evasion items are banned\n|rule|Evasion Moves Clause: Evasion moves are banned\n|rule|Species Clause: Limit one of each Pok\u00e9mon\n|rule|Sleep Clause Mod: Limit one foe put to sleep\n|clearpoke\n|poke|p1|Mew|\n|poke|p1|Pinsir, F|\n|poke|p1|Ninetales-Alola, F|\n|poke|p1|Moltres|\n|poke|p1|Rillaboom, F|\n|poke|p1|Alomomola, M|\n|poke|p2|Toxapex, M|\n|poke|p2|Reuniclus, F|\n|poke|p2|Lopunny, F|\n|poke|p2|Ferrothorn, F|\n|poke|p2|Garchomp, M|\n|poke|p2|Zapdos|\n|teampreview\n|inactive|Battle timer is ON: inactive players will automatically lose when time's up. (requested by DerpyJolteon)\n|\n|t:|1699866616\n|start\n|switch|p1a: Ninetales|Ninetales-Alola, F, shiny|100\/100\n|switch|p2a: Ferrothorn|Ferrothorn, F, shiny|100\/100\n|-weather|Snow|[from] ability: Snow Warning|[of] p1a: Ninetales\n|turn|1\n|\n|t:|1699866637\n|-terastallize|p1a: Ninetales|Water\n|move|p1a: Ninetales|Hypnosis|p2a: Ferrothorn|[miss]\n|-miss|p1a: Ninetales|p2a: Ferrothorn\n|move|p2a: Ferrothorn|Stealth Rock|p1a: Ninetales\n|-sidestart|p1: ogerponice|move: Stealth Rock\n|\n|-weather|Snow|[upkeep]\n|upkeep\n|turn|2\n|\n|t:|1699866654\n|move|p1a: Ninetales|Hypnosis|p2a: Ferrothorn\n|-status|p2a: Ferrothorn|slp|[from] move: Hypnosis\n|cant|p2a: Ferrothorn|slp\n|\n|-weather|Snow|[upkeep]\n|upkeep\n|turn|3\n|\n|t:|1699866662\n|switch|p2a: Toxapex|Toxapex, M, shiny|100\/100\n|move|p1a: Ninetales|Aurora Veil|p1a: Ninetales\n|-sidestart|p1: ogerponice|move: Aurora Veil\n|\n|-weather|Snow|[upkeep]\n|upkeep\n|turn|4\n|\n|t:|1699866670\n|move|p1a: Ninetales|Hypnosis|p2a: Toxapex|[miss]\n|-miss|p1a: Ninetales|p2a: Toxapex\n|move|p2a: Toxapex|Toxic Spikes|p1a: Ninetales\n|-sidestart|p1: ogerponice|move: Toxic Spikes\n|\n|-weather|Snow|[upkeep]\n|upkeep\n|turn|5\n|\n|t:|1699866675\n|move|p1a: Ninetales|Reflect|p1a: Ninetales\n|-sidestart|p1: ogerponice|Reflect\n|move|p2a: Toxapex|Toxic Spikes|p1a: Ninetales\n|-sidestart|p1: ogerponice|move: Toxic Spikes\n|\n|-weather|none\n|upkeep\n|turn|6\n|\n|t:|1699866703\n|switch|p1a: Pinsir|Pinsir, F, shiny|100\/100\n|-damage|p1a: Pinsir|75\/100|[from] Stealth Rock\n|-status|p1a: Pinsir|tox\n|move|p2a: Toxapex|Toxic|p1a: Pinsir\n|-fail|p1a: Pinsir|tox\n|\n|-damage|p1a: Pinsir|69\/100 tox|[from] psn\n|upkeep\n|turn|7\n|\n|t:|1699866711\n|detailschange|p1a: Pinsir|Pinsir-Mega, F, shiny\n|-mega|p1a: Pinsir|Pinsir|Pinsirite\n|move|p1a: Pinsir|Swords Dance|p1a: Pinsir\n|-boost|p1a: Pinsir|atk|2\n|move|p2a: Toxapex|Scald|p1a: Pinsir\n|-damage|p1a: Pinsir|58\/100 tox\n|\n|-damage|p1a: Pinsir|46\/100 tox|[from] psn\n|upkeep\n|turn|8\n|\n|t:|1699866727\n|switch|p2a: Ferrothorn|Ferrothorn, F, shiny|100\/100 slp\n|move|p1a: Pinsir|Close Combat|p2a: Ferrothorn\n|-supereffective|p2a: Ferrothorn\n|-damage|p2a: Ferrothorn|0 fnt\n|-unboost|p1a: Pinsir|def|1\n|-unboost|p1a: Pinsir|spd|1\n|-damage|p1a: Pinsir|33\/100 tox|[from] ability: Iron Barbs|[of] p2a: Ferrothorn\n|faint|p2a: Ferrothorn\n|\n|-damage|p1a: Pinsir|14\/100 tox|[from] psn\n|upkeep\n|\n|t:|1699866740\n|switch|p2a: Lopunny|Lopunny, F, shiny|100\/100\n|turn|9\n|\n|t:|1699866745\n|switch|p1a: Moltres|Moltres|100\/100\n|-damage|p1a: Moltres|50\/100|[from] Stealth Rock\n|detailschange|p2a: Lopunny|Lopunny-Mega, F, shiny\n|-mega|p2a: Lopunny|Lopunny|Lopunnite\n|move|p2a: Lopunny|Fake Out|p1a: Moltres\n|-damage|p1a: Moltres|42\/100\n|-damage|p2a: Lopunny|84\/100|[from] item: Rocky Helmet|[of] p1a: Moltres\n|-status|p2a: Lopunny|brn|[from] ability: Flame Body|[of] p1a: Moltres\n|\n|-damage|p2a: Lopunny|78\/100 brn|[from] brn\n|upkeep\n|turn|10\n|c|\u2606DerpyJolteon|bruh\n|\n|t:|1699866761\n|switch|p2a: Zapdos|Zapdos, shiny|100\/100\n|move|p1a: Moltres|Will-O-Wisp|p2a: Zapdos\n|-status|p2a: Zapdos|brn\n|\n|-damage|p2a: Zapdos|94\/100 brn|[from] brn\n|-sideend|p1: ogerponice|move: Aurora Veil\n|upkeep\n|turn|11\n|\n|t:|1699866777\n|move|p1a: Moltres|Roost|p1a: Moltres\n|-heal|p1a: Moltres|92\/100\n|-singleturn|p1a: Moltres|move: Roost\n|move|p2a: Zapdos|Discharge|p1a: Moltres\n|-damage|p1a: Moltres|55\/100\n|\n|-damage|p2a: Zapdos|88\/100 brn|[from] brn\n|upkeep\n|turn|12\n|\n|t:|1699866787\n|move|p1a: Moltres|U-turn|p2a: Zapdos\n|-resisted|p2a: Zapdos\n|-damage|p2a: Zapdos|82\/100 brn\n|-status|p1a: Moltres|par|[from] ability: Static|[of] p2a: Zapdos\n|\n|t:|1699866801\n|switch|p1a: Pinsir|Pinsir-Mega, F, shiny|14\/100 tox|[from] U-turn\n|-damage|p1a: Pinsir|0 fnt|[from] Stealth Rock\n|faint|p1a: Pinsir\n|move|p2a: Zapdos|Discharge|p1: Pinsir|[notarget]\n|-fail|p2a: Zapdos\n|\n|-damage|p2a: Zapdos|76\/100 brn|[from] brn\n|-sideend|p1: ogerponice|Reflect\n|upkeep\n|inactive|ogerponice has 120 seconds left.\n|\n|t:|1699866826\n|switch|p1a: Mew|Mew, shiny|100\/100\n|-damage|p1a: Mew|88\/100|[from] Stealth Rock\n|-status|p1a: Mew|tox\n|turn|13\n|inactive|ogerponice has 120 seconds left.\n|\n|t:|1699866833\n|move|p1a: Mew|Cosmic Power|p1a: Mew\n|-boost|p1a: Mew|def|1\n|-boost|p1a: Mew|spd|1\n|move|p2a: Zapdos|Discharge|p1a: Mew\n|-damage|p1a: Mew|68\/100 tox\n|\n|-damage|p1a: Mew|62\/100 tox|[from] psn\n|-damage|p2a: Zapdos|70\/100 brn|[from] brn\n|upkeep\n|turn|14\n|inactive|ogerponice has 120 seconds left.\n|\n|t:|1699866844\n|switch|p2a: Reuniclus|Reuniclus, F, shiny|100\/100\n|move|p1a: Mew|Cosmic Power|p1a: Mew\n|-boost|p1a: Mew|def|1\n|-boost|p1a: Mew|spd|1\n|\n|-damage|p1a: Mew|50\/100 tox|[from] psn\n|upkeep\n|turn|15\n|\n|t:|1699866849\n|move|p1a: Mew|Stored Power|p2a: Reuniclus\n|-resisted|p2a: Reuniclus\n|-damage|p2a: Reuniclus|85\/100\n|move|p2a: Reuniclus|Calm Mind|p2a: Reuniclus\n|-boost|p2a: Reuniclus|spa|1\n|-boost|p2a: Reuniclus|spd|1\n|\n|-heal|p2a: Reuniclus|92\/100|[from] item: Leftovers\n|-damage|p1a: Mew|31\/100 tox|[from] psn\n|upkeep\n|turn|16\n|\n|t:|1699866858\n|switch|p1a: Rillaboom|Rillaboom, F|100\/100\n|-damage|p1a: Rillaboom|88\/100|[from] Stealth Rock\n|-status|p1a: Rillaboom|tox\n|-fieldstart|move: Grassy Terrain|[from] ability: Grassy Surge|[of] p1a: Rillaboom\n|move|p2a: Reuniclus|Calm Mind|p2a: Reuniclus\n|-boost|p2a: Reuniclus|spa|1\n|-boost|p2a: Reuniclus|spd|1\n|\n|-heal|p1a: Rillaboom|94\/100 tox|[from] Grassy Terrain\n|-heal|p2a: Reuniclus|98\/100|[from] Grassy Terrain\n|-heal|p2a: Reuniclus|100\/100|[from] item: Leftovers\n|-damage|p1a: Rillaboom|88\/100 tox|[from] psn\n|upkeep\n|turn|17\n|\n|t:|1699866874\n|move|p1a: Rillaboom|U-turn|p2a: Reuniclus\n|-supereffective|p2a: Reuniclus\n|-damage|p2a: Reuniclus|42\/100\n|\n|t:|1699866880\n|switch|p1a: Alomomola|Alomomola, M|100\/100|[from] U-turn\n|-damage|p1a: Alomomola|88\/100|[from] Stealth Rock\n|-status|p1a: Alomomola|tox\n|move|p2a: Reuniclus|Acid Armor|p2a: Reuniclus\n|-boost|p2a: Reuniclus|def|2\n|\n|-heal|p1a: Alomomola|94\/100 tox|[from] Grassy Terrain\n|-heal|p2a: Reuniclus|49\/100|[from] Grassy Terrain\n|-heal|p2a: Reuniclus|55\/100|[from] item: Leftovers\n|-damage|p1a: Alomomola|88\/100 tox|[from] psn\n|upkeep\n|turn|18\n|\n|t:|1699866890\n|move|p1a: Alomomola|Toxic|p2a: Reuniclus\n|-status|p2a: Reuniclus|tox\n|move|p2a: Reuniclus|Recover|p2a: Reuniclus\n|-heal|p2a: Reuniclus|100\/100 tox\n|\n|-heal|p1a: Alomomola|94\/100 tox|[from] Grassy Terrain\n|-damage|p1a: Alomomola|82\/100 tox|[from] psn\n|upkeep\n|turn|19\n|\n|t:|1699866897\n|move|p1a: Alomomola|Knock Off|p2a: Reuniclus\n|-supereffective|p2a: Reuniclus\n|-damage|p2a: Reuniclus|89\/100 tox\n|-enditem|p2a: Reuniclus|Leftovers|[from] move: Knock Off|[of] p1a: Alomomola\n|move|p2a: Reuniclus|Acid Armor|p2a: Reuniclus\n|-boost|p2a: Reuniclus|def|2\n|\n|-heal|p1a: Alomomola|88\/100 tox|[from] Grassy Terrain\n|-heal|p2a: Reuniclus|95\/100 tox|[from] Grassy Terrain\n|-damage|p1a: Alomomola|70\/100 tox|[from] psn\n|upkeep\n|turn|20\n|\n|t:|1699866904\n|move|p1a: Alomomola|Flip Turn|p2a: Reuniclus\n|-damage|p2a: Reuniclus|91\/100 tox\n|\n|t:|1699866911\n|switch|p1a: Ninetales|Ninetales-Alola, F, shiny, tera:Water|100\/100|[from] Flip Turn\n|-damage|p1a: Ninetales|88\/100|[from] Stealth Rock\n|-status|p1a: Ninetales|tox\n|-weather|Snow|[from] ability: Snow Warning|[of] p1a: Ninetales\n|move|p2a: Reuniclus|Acid Armor|p2a: Reuniclus\n|-boost|p2a: Reuniclus|def|2\n|\n|-weather|Snow|[upkeep]\n|-heal|p1a: Ninetales|94\/100 tox|[from] Grassy Terrain\n|-heal|p2a: Reuniclus|97\/100 tox|[from] Grassy Terrain\n|-damage|p1a: Ninetales|88\/100 tox|[from] psn\n|-fieldend|move: Grassy Terrain\n|upkeep\n|turn|21\n|\n|t:|1699866924\n|move|p1a: Ninetales|Encore|p2a: Reuniclus\n|-start|p2a: Reuniclus|Encore\n|move|p2a: Reuniclus|Acid Armor|p2a: Reuniclus\n|-boost|p2a: Reuniclus|def|0\n|\n|-weather|Snow|[upkeep]\n|-damage|p1a: Ninetales|76\/100 tox|[from] psn\n|upkeep\n|turn|22\n|\n|t:|1699866936\n|move|p1a: Ninetales|Aurora Veil|p1a: Ninetales\n|-sidestart|p1: ogerponice|move: Aurora Veil\n|move|p2a: Reuniclus|Acid Armor|p2a: Reuniclus\n|-boost|p2a: Reuniclus|def|0\n|\n|-weather|Snow|[upkeep]\n|-damage|p1a: Ninetales|58\/100 tox|[from] psn\n|upkeep\n|turn|23\n|c|\u2606DerpyJolteon|ur nine tails is weird af\n|c|\u2606DerpyJolteon|but ok\n|\n|t:|1699866946\n|switch|p1a: Rillaboom|Rillaboom, F|88\/100 tox\n|-damage|p1a: Rillaboom|76\/100 tox|[from] Stealth Rock\n|-fieldstart|move: Grassy Terrain|[from] ability: Grassy Surge|[of] p1a: Rillaboom\n|move|p2a: Reuniclus|Acid Armor|p2a: Reuniclus\n|-boost|p2a: Reuniclus|def|0\n|\n|-weather|Snow|[upkeep]\n|-heal|p1a: Rillaboom|82\/100 tox|[from] Grassy Terrain\n|-heal|p2a: Reuniclus|100\/100 tox|[from] Grassy Terrain\n|-damage|p1a: Rillaboom|76\/100 tox|[from] psn\n|-end|p2a: Reuniclus|Encore\n|upkeep\n|turn|24\n|\n|t:|1699866951\n|move|p1a: Rillaboom|U-turn|p2a: Reuniclus\n|-supereffective|p2a: Reuniclus\n|-damage|p2a: Reuniclus|86\/100 tox\n|\n|t:|1699866957\n|switch|p1a: Moltres|Moltres|55\/100 par|[from] U-turn\n|-damage|p1a: Moltres|5\/100 par|[from] Stealth Rock\n|move|p2a: Reuniclus|Calm Mind|p2a: Reuniclus\n|-boost|p2a: Reuniclus|spa|1\n|-boost|p2a: Reuniclus|spd|1\n|\n|-weather|none\n|-heal|p2a: Reuniclus|92\/100 tox|[from] Grassy Terrain\n|upkeep\n|turn|25\n|\n|t:|1699866967\n|move|p1a: Moltres|U-turn|p2a: Reuniclus\n|-supereffective|p2a: Reuniclus\n|-damage|p2a: Reuniclus|87\/100 tox\n|c|\u2606DerpyJolteon|welp gg\n|\n|t:|1699866975\n|switch|p1a: Mew|Mew, shiny|31\/100 tox|[from] U-turn\n|-damage|p1a: Mew|19\/100 tox|[from] Stealth Rock\n|move|p2a: Reuniclus|Stored Power|p1a: Mew\n|-resisted|p1a: Mew\n|-damage|p1a: Mew|0 fnt\n|faint|p1a: Mew\n|\n|-heal|p2a: Reuniclus|93\/100 tox|[from] Grassy Terrain\n|upkeep\n|\n|t:|1699866979\n|switch|p1a: Moltres|Moltres|5\/100 par\n|-damage|p1a: Moltres|0 fnt|[from] Stealth Rock\n|faint|p1a: Moltres\n|\n|t:|1699866983\n|switch|p1a: Rillaboom|Rillaboom, F|76\/100 tox\n|-damage|p1a: Rillaboom|64\/100 tox|[from] Stealth Rock\n|turn|26\n|\n|t:|1699866987\n|move|p1a: Rillaboom|Wood Hammer|p2a: Reuniclus\n|-damage|p2a: Reuniclus|68\/100 tox\n|-damage|p1a: Rillaboom|53\/100 tox|[from] Recoil\n|move|p2a: Reuniclus|Stored Power|p1a: Rillaboom\n|-damage|p1a: Rillaboom|0 fnt\n|faint|p1a: Rillaboom\n|\n|-heal|p2a: Reuniclus|74\/100 tox|[from] Grassy Terrain\n|upkeep\n|\n|t:|1699866992\n|switch|p1a: Alomomola|Alomomola, M|100\/100 tox\n|-damage|p1a: Alomomola|88\/100 tox|[from] Stealth Rock\n|turn|27\n|\n|t:|1699867000\n|move|p1a: Alomomola|Knock Off|p2a: Reuniclus\n|-supereffective|p2a: Reuniclus\n|-damage|p2a: Reuniclus|70\/100 tox\n|move|p2a: Reuniclus|Stored Power|p1a: Alomomola\n|-damage|p1a: Alomomola|0 fnt\n|faint|p1a: Alomomola\n|\n|-heal|p2a: Reuniclus|76\/100 tox|[from] Grassy Terrain\n|-fieldend|move: Grassy Terrain\n|upkeep\n|\n|t:|1699867006\n|switch|p1a: Ninetales|Ninetales-Alola, F, shiny, tera:Water|58\/100 tox\n|-damage|p1a: Ninetales|45\/100 tox|[from] Stealth Rock\n|-weather|Snow|[from] ability: Snow Warning|[of] p1a: Ninetales\n|turn|28\n|\n|t:|1699867013\n|move|p1a: Ninetales|Aurora Veil||[still]\n|-fail|p1a: Ninetales\n|move|p2a: Reuniclus|Stored Power|p1a: Ninetales\n|-damage|p1a: Ninetales|0 fnt\n|faint|p1a: Ninetales\n|\n|win|DerpyJolteon\n|raw|ogerponice's rating: 1292 &rarr; <strong>1268<\/strong><br \/>(-24 for losing)\n|raw|DerpyJolteon's rating: 1304 &rarr; <strong>1323<\/strong><br \/>(+19 for winning)\n|c|\u2606DerpyJolteon|gg\n|l|\u2606ogerponice\n","uploadtime":1699867021,"views":8,"p1id":"ogerponice","p2id":"derpyjolteon","formatid":"gen9nationaldex","rating":1268,"private":0,"password":""}