{"id":"gen9nationaldex-1987527690","p1":"Dr Allen Hu","p2":"Sasuna","format":"[Gen 9] National Dex","log":"|j|\u2606Dr Allen Hu\n|j|\u2606Sasuna\n|t:|1699606953\n|gametype|singles\n|player|p1|Dr Allen Hu|170|1033\n|player|p2|Sasuna|lucas|1000\n|teamsize|p1|6\n|teamsize|p2|6\n|gen|9\n|tier|[Gen 9] National Dex\n|rated|\n|rule|HP Percentage Mod: HP is shown in percentages\n|rule|Endless Battle Clause: Forcing endless battles is banned\n|rule|OHKO Clause: OHKO moves are banned\n|rule|Evasion Clause: Evasion abilities, items, and moves are banned\n|rule|Evasion Abilities Clause: Evasion abilities are banned\n|rule|Evasion Items Clause: Evasion items are banned\n|rule|Evasion Moves Clause: Evasion moves are banned\n|rule|Species Clause: Limit one of each Pok\u00e9mon\n|rule|Sleep Clause Mod: Limit one foe put to sleep\n|clearpoke\n|poke|p1|Umbreon, F|\n|poke|p1|Ferrothorn, F|\n|poke|p1|Toxapex, M|\n|poke|p1|Gliscor, F|\n|poke|p1|Alomomola, F|\n|poke|p1|Meowstic, M|\n|poke|p2|Ninetales-Alola, M|\n|poke|p2|Articuno-Galar|\n|poke|p2|Grimmsnarl, M|\n|poke|p2|Moltres-Galar|\n|poke|p2|Dragonite, F|\n|poke|p2|Ceruledge, F|\n|teampreview\n|inactive|Battle timer is ON: inactive players will automatically lose when time's up. (requested by Dr Allen Hu)\n|\n|t:|1699606962\n|start\n|switch|p1a: Meowstic|Meowstic, M|100\/100\n|switch|p2a: Ninetales|Ninetales-Alola, M|100\/100\n|-weather|Snow|[from] ability: Snow Warning|[of] p2a: Ninetales\n|turn|1\n|\n|t:|1699606967\n|move|p1a: Meowstic|Swagger|p2a: Ninetales\n|-boost|p2a: Ninetales|atk|2\n|-start|p2a: Ninetales|confusion\n|-activate|p2a: Ninetales|confusion\n|move|p2a: Ninetales|Aurora Veil|p2a: Ninetales\n|-sidestart|p2: Sasuna|move: Aurora Veil\n|\n|-weather|Snow|[upkeep]\n|upkeep\n|turn|2\n|\n|t:|1699606974\n|move|p1a: Meowstic|Toxic|p2a: Ninetales\n|-status|p2a: Ninetales|tox\n|-activate|p2a: Ninetales|confusion\n|move|p2a: Ninetales|Moonblast|p1a: Meowstic\n|-damage|p1a: Meowstic|80\/100\n|-unboost|p1a: Meowstic|spa|1\n|\n|-weather|Snow|[upkeep]\n|-damage|p2a: Ninetales|94\/100 tox|[from] psn\n|upkeep\n|turn|3\n|\n|t:|1699606981\n|move|p1a: Meowstic|Light Screen|p1a: Meowstic\n|-sidestart|p1: Dr Allen Hu|move: Light Screen\n|-activate|p2a: Ninetales|confusion\n|move|p2a: Ninetales|Moonblast|p1a: Meowstic\n|-damage|p1a: Meowstic|68\/100\n|-unboost|p1a: Meowstic|spa|1\n|\n|-weather|Snow|[upkeep]\n|-damage|p2a: Ninetales|82\/100 tox|[from] psn\n|upkeep\n|turn|4\n|\n|t:|1699606987\n|switch|p2a: Moltres|Moltres-Galar|100\/100\n|move|p1a: Meowstic|Reflect|p1a: Meowstic\n|-sidestart|p1: Dr Allen Hu|Reflect\n|\n|-weather|Snow|[upkeep]\n|upkeep\n|turn|5\n|\n|t:|1699606991\n|switch|p1a: Ferrothorn|Ferrothorn, F|100\/100\n|move|p2a: Moltres|Air Slash|p1a: Ferrothorn\n|-damage|p1a: Ferrothorn|85\/100\n|\n|-weather|none\n|upkeep\n|turn|6\n|\n|t:|1699606995\n|switch|p2a: Ceruledge|Ceruledge, F|100\/100\n|move|p1a: Ferrothorn|Leech Seed|p2a: Ceruledge|[miss]\n|-miss|p1a: Ferrothorn|p2a: Ceruledge\n|\n|upkeep\n|turn|7\n|\n|t:|1699607009\n|switch|p1a: Alomomola|Alomomola, F|100\/100\n|move|p2a: Ceruledge|Poltergeist|p1a: Alomomola\n|-activate|p1a: Alomomola|move: Poltergeist|Rocky Helmet\n|-damage|p1a: Alomomola|86\/100\n|\n|upkeep\n|turn|8\n|\n|t:|1699607013\n|move|p2a: Ceruledge|Poltergeist|p1a: Alomomola\n|-activate|p1a: Alomomola|move: Poltergeist|Rocky Helmet\n|-damage|p1a: Alomomola|71\/100\n|move|p1a: Alomomola|Toxic|p2a: Ceruledge\n|-status|p2a: Ceruledge|tox\n|\n|-damage|p2a: Ceruledge|94\/100 tox|[from] psn\n|-sideend|p2: Sasuna|move: Aurora Veil\n|upkeep\n|turn|9\n|\n|t:|1699607021\n|move|p2a: Ceruledge|Swords Dance|p2a: Ceruledge\n|-boost|p2a: Ceruledge|atk|2\n|move|p1a: Alomomola|Wish|p1a: Alomomola\n|\n|-damage|p2a: Ceruledge|82\/100 tox|[from] psn\n|upkeep\n|turn|10\n|\n|t:|1699607025\n|move|p2a: Ceruledge|Poltergeist|p1a: Alomomola\n|-activate|p1a: Alomomola|move: Poltergeist|Rocky Helmet\n|-damage|p1a: Alomomola|41\/100\n|move|p1a: Alomomola|Flip Turn|p2a: Ceruledge\n|-supereffective|p2a: Ceruledge\n|-damage|p2a: Ceruledge|37\/100 tox\n|-ability|p2a: Ceruledge|Weak Armor|boost\n|-unboost|p2a: Ceruledge|def|1\n|-boost|p2a: Ceruledge|spe|2\n|-enditem|p2a: Ceruledge|Weakness Policy\n|-boost|p2a: Ceruledge|atk|2|[from] item: Weakness Policy\n|-boost|p2a: Ceruledge|spa|2|[from] item: Weakness Policy\n|\n|t:|1699607039\n|switch|p1a: Ferrothorn|Ferrothorn, F|85\/100|[from] Flip Turn\n|\n|-heal|p1a: Ferrothorn|100\/100|[from] move: Wish|[wisher] Alomomola\n|-damage|p2a: Ceruledge|18\/100 tox|[from] psn\n|-sideend|p1: Dr Allen Hu|move: Light Screen\n|upkeep\n|turn|11\n|\n|t:|1699607047\n|-terastallize|p1a: Ferrothorn|Dragon\n|move|p2a: Ceruledge|Poltergeist|p1a: Ferrothorn\n|-activate|p1a: Ferrothorn|move: Poltergeist|Rocky Helmet\n|-damage|p1a: Ferrothorn|56\/100\n|move|p1a: Ferrothorn|Stealth Rock|p2a: Ceruledge\n|-sidestart|p2: Sasuna|move: Stealth Rock\n|\n|-damage|p2a: Ceruledge|0 fnt|[from] psn\n|faint|p2a: Ceruledge\n|-sideend|p1: Dr Allen Hu|Reflect\n|upkeep\n|\n|t:|1699607057\n|switch|p2a: Ninetales|Ninetales-Alola, M|82\/100 tox\n|-damage|p2a: Ninetales|58\/100 tox|[from] Stealth Rock\n|-weather|Snow|[from] ability: Snow Warning|[of] p2a: Ninetales\n|turn|12\n|\n|t:|1699607067\n|switch|p1a: Meowstic|Meowstic, M|68\/100\n|move|p2a: Ninetales|Aurora Veil|p2a: Ninetales\n|-sidestart|p2: Sasuna|move: Aurora Veil\n|\n|-weather|Snow|[upkeep]\n|-damage|p2a: Ninetales|52\/100 tox|[from] psn\n|upkeep\n|turn|13\n|\n|t:|1699607069\n|move|p1a: Meowstic|Light Screen|p1a: Meowstic\n|-sidestart|p1: Dr Allen Hu|move: Light Screen\n|move|p2a: Ninetales|Moonblast|p1a: Meowstic\n|-damage|p1a: Meowstic|57\/100\n|-unboost|p1a: Meowstic|spa|1\n|\n|-weather|Snow|[upkeep]\n|-damage|p2a: Ninetales|39\/100 tox|[from] psn\n|upkeep\n|turn|14\n|\n|t:|1699607075\n|move|p1a: Meowstic|Reflect|p1a: Meowstic\n|-sidestart|p1: Dr Allen Hu|Reflect\n|move|p2a: Ninetales|Moonblast|p1a: Meowstic\n|-damage|p1a: Meowstic|46\/100\n|\n|-weather|Snow|[upkeep]\n|-damage|p2a: Ninetales|21\/100 tox|[from] psn\n|upkeep\n|turn|15\n|\n|t:|1699607088\n|switch|p1a: Umbreon|Umbreon, F, shiny|100\/100\n|move|p2a: Ninetales|Moonblast|p1a: Umbreon\n|-supereffective|p1a: Umbreon\n|-damage|p1a: Umbreon|81\/100\n|\n|-weather|Snow|[upkeep]\n|-heal|p1a: Umbreon|88\/100|[from] item: Leftovers\n|-damage|p2a: Ninetales|0 fnt|[from] psn\n|faint|p2a: Ninetales\n|upkeep\n|\n|t:|1699607094\n|switch|p2a: Grimmsnarl|Grimmsnarl, M|100\/100\n|-damage|p2a: Grimmsnarl|88\/100|[from] Stealth Rock\n|turn|16\n|\n|t:|1699607106\n|switch|p1a: Gliscor|Gliscor, F|100\/100\n|move|p2a: Grimmsnarl|Low Kick|p1a: Gliscor\n|-resisted|p1a: Gliscor\n|-damage|p1a: Gliscor|96\/100\n|\n|-weather|none\n|-status|p1a: Gliscor|tox|[from] item: Toxic Orb\n|upkeep\n|turn|17\n|\n|t:|1699607113\n|move|p1a: Gliscor|Toxic|p2a: Grimmsnarl|[miss]\n|-miss|p1a: Gliscor|p2a: Grimmsnarl\n|move|p2a: Grimmsnarl|Spirit Break|p1a: Gliscor\n|-damage|p1a: Gliscor|81\/100 tox\n|-unboost|p1a: Gliscor|spa|1\n|\n|-heal|p1a: Gliscor|93\/100 tox|[from] ability: Poison Heal\n|upkeep\n|turn|18\n|\n|t:|1699607118\n|move|p1a: Gliscor|Toxic|p2a: Grimmsnarl\n|-status|p2a: Grimmsnarl|tox\n|move|p2a: Grimmsnarl|Spirit Break|p1a: Gliscor\n|-damage|p1a: Gliscor|77\/100 tox\n|-unboost|p1a: Gliscor|spa|1\n|\n|-heal|p1a: Gliscor|90\/100 tox|[from] ability: Poison Heal\n|-damage|p2a: Grimmsnarl|82\/100 tox|[from] psn\n|upkeep\n|turn|19\n|\n|t:|1699607125\n|move|p1a: Gliscor|Protect|p1a: Gliscor\n|-singleturn|p1a: Gliscor|Protect\n|move|p2a: Grimmsnarl|Spirit Break|p1a: Gliscor\n|-activate|p1a: Gliscor|move: Protect\n|\n|-heal|p1a: Gliscor|100\/100 tox|[from] ability: Poison Heal\n|-damage|p2a: Grimmsnarl|70\/100 tox|[from] psn\n|-sideend|p2: Sasuna|move: Aurora Veil\n|upkeep\n|turn|20\n|\n|t:|1699607132\n|switch|p2a: Dragonite|Dragonite, F|100\/100\n|-damage|p2a: Dragonite|76\/100|[from] Stealth Rock\n|move|p1a: Gliscor|Substitute|p1a: Gliscor\n|-start|p1a: Gliscor|Substitute\n|-damage|p1a: Gliscor|76\/100 tox\n|\n|-heal|p1a: Gliscor|88\/100 tox|[from] ability: Poison Heal\n|-sideend|p1: Dr Allen Hu|move: Light Screen\n|upkeep\n|turn|21\n|\n|t:|1699607137\n|move|p2a: Dragonite|Extreme Speed|p1a: Gliscor\n|-activate|p1a: Gliscor|move: Substitute|[damage]\n|move|p1a: Gliscor|Toxic|p2a: Dragonite\n|-status|p2a: Dragonite|tox\n|\n|-heal|p1a: Gliscor|100\/100 tox|[from] ability: Poison Heal\n|-damage|p2a: Dragonite|70\/100 tox|[from] psn\n|-sideend|p1: Dr Allen Hu|Reflect\n|upkeep\n|turn|22\n|\n|t:|1699607149\n|move|p1a: Gliscor|Protect|p1a: Gliscor\n|-singleturn|p1a: Gliscor|Protect\n|move|p2a: Dragonite|Extreme Speed|p1a: Gliscor\n|-activate|p1a: Gliscor|move: Protect\n|\n|-damage|p2a: Dragonite|57\/100 tox|[from] psn\n|upkeep\n|turn|23\n|\n|t:|1699607155\n|move|p2a: Dragonite|Extreme Speed|p1a: Gliscor\n|-end|p1a: Gliscor|Substitute\n|move|p1a: Gliscor|Substitute|p1a: Gliscor\n|-start|p1a: Gliscor|Substitute\n|-damage|p1a: Gliscor|76\/100 tox\n|\n|-heal|p1a: Gliscor|88\/100 tox|[from] ability: Poison Heal\n|-damage|p2a: Dragonite|39\/100 tox|[from] psn\n|upkeep\n|turn|24\n|\n|t:|1699607158\n|move|p1a: Gliscor|Protect|p1a: Gliscor\n|-singleturn|p1a: Gliscor|Protect\n|move|p2a: Dragonite|Extreme Speed|p1a: Gliscor\n|-activate|p1a: Gliscor|move: Protect\n|\n|-heal|p1a: Gliscor|100\/100 tox|[from] ability: Poison Heal\n|-damage|p2a: Dragonite|14\/100 tox|[from] psn\n|upkeep\n|turn|25\n|\n|t:|1699607162\n|move|p2a: Dragonite|Extreme Speed|p1a: Gliscor\n|-activate|p1a: Gliscor|move: Substitute|[damage]\n|move|p1a: Gliscor|Substitute|p1a: Gliscor\n|-fail|p1a: Gliscor|move: Substitute\n|\n|-damage|p2a: Dragonite|0 fnt|[from] psn\n|faint|p2a: Dragonite\n|upkeep\n|\n|t:|1699607166\n|switch|p2a: Articuno|Articuno-Galar|100\/100\n|-damage|p2a: Articuno|75\/100|[from] Stealth Rock\n|turn|26\n|\n|t:|1699607172\n|move|p1a: Gliscor|Toxic|p2a: Articuno\n|-status|p2a: Articuno|tox\n|move|p2a: Articuno|Calm Mind|p2a: Articuno\n|-boost|p2a: Articuno|spa|1\n|-boost|p2a: Articuno|spd|1\n|\n|-damage|p2a: Articuno|69\/100 tox|[from] psn\n|upkeep\n|turn|27\n|\n|t:|1699607181\n|switch|p1a: Umbreon|Umbreon, F, shiny|88\/100\n|move|p2a: Articuno|Stored Power|p1a: Umbreon\n|-immune|p1a: Umbreon\n|\n|-heal|p1a: Umbreon|94\/100|[from] item: Leftovers\n|-damage|p2a: Articuno|57\/100 tox|[from] psn\n|upkeep\n|turn|28\n|\n|t:|1699607186\n|-terastallize|p2a: Articuno|Fighting\n|move|p2a: Articuno|Tera Blast|p1a: Umbreon|[anim] Tera Blast Fighting\n|-supereffective|p1a: Umbreon\n|-damage|p1a: Umbreon|23\/100\n|move|p1a: Umbreon|Calm Mind|p1a: Umbreon\n|-boost|p1a: Umbreon|spa|1\n|-boost|p1a: Umbreon|spd|1\n|\n|-heal|p1a: Umbreon|29\/100|[from] item: Leftovers\n|-damage|p2a: Articuno|38\/100 tox|[from] psn\n|upkeep\n|turn|29\n|\n|t:|1699607202\n|switch|p1a: Toxapex|Toxapex, M|100\/100\n|move|p2a: Articuno|Tera Blast|p1a: Toxapex|[anim] Tera Blast Fighting\n|-resisted|p1a: Toxapex\n|-damage|p1a: Toxapex|80\/100\n|\n|-heal|p1a: Toxapex|86\/100|[from] item: Leftovers\n|-damage|p2a: Articuno|13\/100 tox|[from] psn\n|upkeep\n|turn|30\n|\n|t:|1699607211\n|move|p1a: Toxapex|Baneful Bunker|p1a: Toxapex\n|-singleturn|p1a: Toxapex|move: Protect\n|move|p2a: Articuno|Stored Power|p1a: Toxapex\n|-activate|p1a: Toxapex|move: Protect\n|\n|-heal|p1a: Toxapex|92\/100|[from] item: Leftovers\n|-damage|p2a: Articuno|0 fnt|[from] psn\n|faint|p2a: Articuno\n|upkeep\n|\n|t:|1699607223\n|switch|p2a: Moltres|Moltres-Galar|100\/100\n|-damage|p2a: Moltres|76\/100|[from] Stealth Rock\n|turn|31\n|\n|t:|1699607234\n|move|p2a: Moltres|Fiery Wrath|p1a: Toxapex\n|-damage|p1a: Toxapex|59\/100\n|move|p1a: Toxapex|Toxic|p2a: Moltres\n|-status|p2a: Moltres|tox\n|\n|-heal|p1a: Toxapex|65\/100|[from] item: Leftovers\n|-damage|p2a: Moltres|69\/100 tox|[from] psn\n|upkeep\n|turn|32\n|\n|t:|1699607240\n|move|p1a: Toxapex|Baneful Bunker|p1a: Toxapex\n|-singleturn|p1a: Toxapex|move: Protect\n|move|p2a: Moltres|Fiery Wrath|p1a: Toxapex\n|-activate|p1a: Toxapex|move: Protect\n|\n|-heal|p1a: Toxapex|70\/100|[from] item: Leftovers\n|-damage|p2a: Moltres|57\/100 tox|[from] psn\n|upkeep\n|turn|33\n|\n|t:|1699607246\n|move|p2a: Moltres|Fiery Wrath|p1a: Toxapex\n|-damage|p1a: Toxapex|36\/100\n|move|p1a: Toxapex|Swagger|p2a: Moltres\n|-boost|p2a: Moltres|atk|2\n|-start|p2a: Moltres|confusion\n|\n|-heal|p1a: Toxapex|42\/100|[from] item: Leftovers\n|-damage|p2a: Moltres|38\/100 tox|[from] psn\n|upkeep\n|turn|34\n|\n|t:|1699607253\n|move|p1a: Toxapex|Baneful Bunker|p1a: Toxapex\n|-singleturn|p1a: Toxapex|move: Protect\n|-activate|p2a: Moltres|confusion\n|move|p2a: Moltres|Fiery Wrath|p1a: Toxapex\n|-activate|p1a: Toxapex|move: Protect\n|\n|-heal|p1a: Toxapex|48\/100|[from] item: Leftovers\n|-damage|p2a: Moltres|13\/100 tox|[from] psn\n|upkeep\n|turn|35\n|\n|t:|1699607256\n|-activate|p2a: Moltres|confusion\n|move|p2a: Moltres|Fiery Wrath|p1a: Toxapex\n|-damage|p1a: Toxapex|13\/100\n|cant|p1a: Toxapex|flinch\n|\n|-heal|p1a: Toxapex|19\/100|[from] item: Leftovers\n|-damage|p2a: Moltres|0 fnt|[from] psn\n|faint|p2a: Moltres\n|upkeep\n|\n|t:|1699607261\n|switch|p2a: Grimmsnarl|Grimmsnarl, M|70\/100 tox\n|-damage|p2a: Grimmsnarl|58\/100 tox|[from] Stealth Rock\n|turn|36\n|\n|t:|1699607266\n|move|p1a: Toxapex|Baneful Bunker|p1a: Toxapex\n|-singleturn|p1a: Toxapex|move: Protect\n|move|p2a: Grimmsnarl|Spirit Break|p1a: Toxapex\n|-activate|p1a: Toxapex|move: Protect\n|\n|-heal|p1a: Toxapex|25\/100|[from] item: Leftovers\n|-damage|p2a: Grimmsnarl|52\/100 tox|[from] psn\n|upkeep\n|turn|37\n|\n|t:|1699607270\n|switch|p1a: Alomomola|Alomomola, F|74\/100\n|move|p2a: Grimmsnarl|Spirit Break|p1a: Alomomola\n|-damage|p1a: Alomomola|52\/100\n|-unboost|p1a: Alomomola|spa|1\n|-damage|p2a: Grimmsnarl|36\/100 tox|[from] item: Rocky Helmet|[of] p1a: Alomomola\n|\n|-damage|p2a: Grimmsnarl|24\/100 tox|[from] psn\n|upkeep\n|turn|38\n|\n|t:|1699607283\n|move|p2a: Grimmsnarl|Spirit Break|p1a: Alomomola\n|-damage|p1a: Alomomola|30\/100\n|-unboost|p1a: Alomomola|spa|1\n|-damage|p2a: Grimmsnarl|7\/100 tox|[from] item: Rocky Helmet|[of] p1a: Alomomola\n|move|p1a: Alomomola|Wish|p1a: Alomomola\n|\n|-damage|p2a: Grimmsnarl|0 fnt|[from] psn\n|faint|p2a: Grimmsnarl\n|\n|win|Dr Allen Hu\n|upkeep\n|raw|Dr Allen Hu's rating: 1066 &rarr; <strong>1090<\/strong><br \/>(+24 for winning)\n|raw|Sasuna's rating: 1000 &rarr; <strong>1000<\/strong><br \/>(+0 for losing)\n|l|\u2606Dr Allen Hu\n","uploadtime":1699607294,"views":23,"p1id":"drallenhu","p2id":"sasuna","formatid":"gen9nationaldex","rating":1000,"private":0,"password":""}