{"id":"gen9nationaldex-1993521193","p1":"Pipebombs","p2":"ShinyScarfy","format":"[Gen 9] National Dex","log":"|j|\u2606Pipebombs\n|j|\u2606ShinyScarfy\n|t:|1700327562\n|gametype|singles\n|player|p1|Pipebombs|elesa-masters2|1271\n|player|p2|ShinyScarfy|alec-anime|1340\n|teamsize|p1|6\n|teamsize|p2|6\n|gen|9\n|tier|[Gen 9] National Dex\n|rated|\n|rule|HP Percentage Mod: HP is shown in percentages\n|rule|Endless Battle Clause: Forcing endless battles is banned\n|rule|OHKO Clause: OHKO moves are banned\n|rule|Evasion Clause: Evasion abilities, items, and moves are banned\n|rule|Evasion Abilities Clause: Evasion abilities are banned\n|rule|Evasion Items Clause: Evasion items are banned\n|rule|Evasion Moves Clause: Evasion moves are banned\n|rule|Species Clause: Limit one of each Pok\u00e9mon\n|rule|Sleep Clause Mod: Limit one foe put to sleep\n|clearpoke\n|poke|p1|Slurpuff, M|\n|poke|p1|Komala, M|\n|poke|p1|Talonflame, F|\n|poke|p1|Pidgeot, F|\n|poke|p1|Blacephalon|\n|poke|p1|Mimikyu, M|\n|poke|p2|Zoroark-Hisui, M|\n|poke|p2|Togekiss, F|\n|poke|p2|Samurott-Hisui, M|\n|poke|p2|Gliscor, M|\n|poke|p2|Lopunny, F|\n|poke|p2|Goodra-Hisui, F|\n|teampreview\n|inactive|Battle timer is ON: inactive players will automatically lose when time's up. (requested by ShinyScarfy)\n|inactive|Pipebombs also wants the timer to be on.\n|\n|t:|1700327573\n|start\n|switch|p1a: Slurpuff|Slurpuff, M|100\/100\n|switch|p2a: Goodra|Goodra-Hisui, F|100\/100\n|turn|1\n|\n|t:|1700327575\n|move|p1a: Slurpuff|Sticky Web|p2a: Goodra\n|-sidestart|p2: ShinyScarfy|move: Sticky Web\n|move|p2a: Goodra|Flash Cannon|p1a: Slurpuff\n|-supereffective|p1a: Slurpuff\n|-enditem|p1a: Slurpuff|Focus Sash\n|-damage|p1a: Slurpuff|1\/100\n|\n|upkeep\n|turn|2\n|\n|t:|1700327585\n|move|p1a: Slurpuff|Yawn|p2a: Goodra\n|-start|p2a: Goodra|move: Yawn|[of] p1a: Slurpuff\n|move|p2a: Goodra|Surf|p1a: Slurpuff\n|-damage|p1a: Slurpuff|0 fnt\n|faint|p1a: Slurpuff\n|\n|upkeep\n|\n|t:|1700327606\n|switch|p1a: Mimikyu|Mimikyu, M|100\/100\n|turn|3\n|\n|t:|1700327614\n|-zpower|p1a: Mimikyu\n|move|p1a: Mimikyu|Z-Splash|p1a: Mimikyu|[anim]Splash\n|-boost|p1a: Mimikyu|atk|3|[zeffect]\n|-nothing\n|move|p2a: Goodra|Flash Cannon|p1a: Mimikyu\n|-activate|p1a: Mimikyu|ability: Disguise\n|-damage|p1a: Mimikyu|100\/100\n|detailschange|p1a: Mimikyu|Mimikyu-Busted, M\n|-damage|p1a: Mimikyu|88\/100|[from] pokemon: Mimikyu-Busted\n|\n|-end|p2a: Goodra|move: Yawn|[silent]\n|-status|p2a: Goodra|slp\n|upkeep\n|turn|4\n|\n|t:|1700327637\n|move|p1a: Mimikyu|Drain Punch|p2a: Goodra\n|-supereffective|p2a: Goodra\n|-damage|p2a: Goodra|17\/100 slp\n|-heal|p1a: Mimikyu|100\/100|[from] drain|[of] p2a: Goodra\n|cant|p2a: Goodra|slp\n|\n|upkeep\n|turn|5\n|\n|t:|1700327641\n|move|p1a: Mimikyu|Drain Punch|p2a: Goodra\n|-supereffective|p2a: Goodra\n|-damage|p2a: Goodra|0 fnt\n|faint|p2a: Goodra\n|\n|upkeep\n|\n|t:|1700327647\n|switch|p2a: Togekiss|Togekiss, F|100\/100\n|-activate|p2a: Togekiss|move: Sticky Web\n|-unboost|p2a: Togekiss|spe|1\n|turn|6\n|\n|t:|1700327655\n|replace|p2a: Zoroark|Zoroark-Hisui, M\n|-end|p2a: Zoroark|Illusion\n|-zpower|p2a: Zoroark\n|move|p2a: Zoroark|Z-Happy Hour|p2a: Zoroark|[anim]Happy Hour\n|-boost|p2a: Zoroark|atk|1|[zeffect]\n|-boost|p2a: Zoroark|def|1|[zeffect]\n|-boost|p2a: Zoroark|spa|1|[zeffect]\n|-boost|p2a: Zoroark|spd|1|[zeffect]\n|-boost|p2a: Zoroark|spe|1|[zeffect]\n|move|p1a: Mimikyu|Play Rough|p2a: Zoroark|[miss]\n|-miss|p1a: Mimikyu|p2a: Zoroark\n|\n|upkeep\n|turn|7\n|\n|t:|1700327665\n|move|p2a: Zoroark|Shadow Ball|p1a: Mimikyu\n|-supereffective|p1a: Mimikyu\n|-damage|p1a: Mimikyu|0 fnt\n|faint|p1a: Mimikyu\n|\n|upkeep\n|\n|t:|1700327671\n|switch|p1a: Blacephalon|Blacephalon|100\/100\n|turn|8\n|\n|t:|1700327675\n|move|p1a: Blacephalon|Flamethrower|p2a: Zoroark\n|-damage|p2a: Zoroark|26\/100\n|move|p2a: Zoroark|Shadow Ball|p1a: Blacephalon\n|-supereffective|p1a: Blacephalon\n|-damage|p1a: Blacephalon|0 fnt\n|faint|p1a: Blacephalon\n|\n|upkeep\n|\n|t:|1700327678\n|switch|p1a: Pidgeot|Pidgeot, F|100\/100\n|turn|9\n|\n|t:|1700327681\n|detailschange|p1a: Pidgeot|Pidgeot-Mega, F\n|-mega|p1a: Pidgeot|Pidgeot|Pidgeotite\n|move|p1a: Pidgeot|Hurricane|p2a: Zoroark\n|-damage|p2a: Zoroark|0 fnt\n|faint|p2a: Zoroark\n|\n|upkeep\n|\n|t:|1700327687\n|switch|p2a: Togekiss|Togekiss, F|100\/100\n|turn|10\n|\n|t:|1700327692\n|move|p1a: Pidgeot|Hidden Power|p2a: Togekiss\n|-supereffective|p2a: Togekiss\n|-damage|p2a: Togekiss|73\/100\n|move|p2a: Togekiss|Ancient Power|p1a: Pidgeot\n|-supereffective|p1a: Pidgeot\n|-damage|p1a: Pidgeot|37\/100\n|-boost|p2a: Togekiss|atk|1\n|-boost|p2a: Togekiss|def|1\n|-boost|p2a: Togekiss|spa|1\n|-boost|p2a: Togekiss|spd|1\n|-boost|p2a: Togekiss|spe|1\n|\n|upkeep\n|turn|11\n|\n|t:|1700327695\n|move|p1a: Pidgeot|Hurricane|p2a: Togekiss\n|-damage|p2a: Togekiss|47\/100\n|move|p2a: Togekiss|Ancient Power|p1a: Pidgeot\n|-supereffective|p1a: Pidgeot\n|-damage|p1a: Pidgeot|0 fnt\n|faint|p1a: Pidgeot\n|\n|upkeep\n|\n|t:|1700327699\n|switch|p1a: Komala|Komala, M|100\/100\n|-ability|p1a: Komala|Comatose\n|turn|12\n|\n|t:|1700327702\n|move|p2a: Togekiss|Draining Kiss|p1a: Komala\n|-damage|p1a: Komala|47\/100\n|-heal|p2a: Togekiss|82\/100|[from] drain|[of] p1a: Komala\n|move|p1a: Komala|Sleep Talk|p1a: Komala\n|move|p1a: Komala|Last Resort|p2a: Togekiss|[from]move: Sleep Talk\n|-damage|p2a: Togekiss|27\/100\n|\n|upkeep\n|turn|13\n|\n|t:|1700327712\n|move|p2a: Togekiss|Air Slash|p1a: Komala\n|-damage|p1a: Komala|0 fnt\n|faint|p1a: Komala\n|\n|upkeep\n|\n|t:|1700327725\n|switch|p1a: Talonflame|Talonflame, F|100\/100\n|turn|14\n|\n|t:|1700327728\n|-terastallize|p1a: Talonflame|Fire\n|move|p1a: Talonflame|Swords Dance|p1a: Talonflame\n|-boost|p1a: Talonflame|atk|2\n|move|p2a: Togekiss|Ancient Power|p1a: Talonflame\n|-supereffective|p1a: Talonflame\n|-damage|p1a: Talonflame|7\/100\n|-boost|p2a: Togekiss|atk|1\n|-boost|p2a: Togekiss|def|1\n|-boost|p2a: Togekiss|spa|1\n|-boost|p2a: Togekiss|spd|1\n|-boost|p2a: Togekiss|spe|1\n|\n|upkeep\n|turn|15\n|\n|t:|1700327733\n|move|p2a: Togekiss|Ancient Power|p1a: Talonflame\n|-supereffective|p1a: Talonflame\n|-damage|p1a: Talonflame|0 fnt\n|faint|p1a: Talonflame\n|\n|win|ShinyScarfy\n|raw|Pipebombs's rating: 1271 &rarr; <strong>1251<\/strong><br \/>(-20 for losing)\n|raw|ShinyScarfy's rating: 1340 &rarr; <strong>1356<\/strong><br \/>(+16 for winning)\n|c|\u2606ShinyScarfy|Gg\n","uploadtime":1700327752,"views":6,"p1id":"pipebombs","p2id":"shinyscarfy","formatid":"gen9nationaldex","rating":1251,"private":0,"password":""}