{"id":"gen9nationaldex-1997439253","p1":"Danish1526","p2":"bananasinpajamas7","format":"[Gen 9] National Dex","log":"|html|<div class=\"broadcast-blue\"><strong>[Gen 9] National Dex is currently suspecting Sneasler! For information on how to participate check out the <a href=\"https:\/\/www.smogon.com\/forums\/threads\/sv-national-dex-suspect-8-just-dance.3731534\/\">suspect thread<\/a>.<\/strong><\/div>\n|j|\u2606Danish1526\n|j|\u2606bananasinpajamas7\n|t:|1700805390\n|gametype|singles\n|player|p1|Danish1526|wattson|1359\n|player|p2|bananasinpajamas7|brendan-gen3|1361\n|teamsize|p1|6\n|teamsize|p2|6\n|gen|9\n|tier|[Gen 9] National Dex\n|rated|\n|rule|HP Percentage Mod: HP is shown in percentages\n|rule|Endless Battle Clause: Forcing endless battles is banned\n|rule|OHKO Clause: OHKO moves are banned\n|rule|Evasion Clause: Evasion abilities, items, and moves are banned\n|rule|Evasion Abilities Clause: Evasion abilities are banned\n|rule|Evasion Items Clause: Evasion items are banned\n|rule|Evasion Moves Clause: Evasion moves are banned\n|rule|Species Clause: Limit one of each Pok\u00e9mon\n|rule|Sleep Clause Mod: Limit one foe put to sleep\n|clearpoke\n|poke|p1|Haxorus, M|\n|poke|p1|Iron Valiant|\n|poke|p1|Heatran, F|\n|poke|p1|Kommo-o, M|\n|poke|p1|Sneasler, M|\n|poke|p1|Galvantula, M|\n|poke|p2|Sableye, M|\n|poke|p2|Blissey, F|\n|poke|p2|Toxapex, F|\n|poke|p2|Corviknight, F|\n|poke|p2|Hippowdon, M|\n|poke|p2|Clefable, M|\n|teampreview\n|j| soygael111xd\n|c| soygael111xd|:v\n|\n|t:|1700805415\n|start\n|switch|p1a: Galvantula|Galvantula, M|100\/100\n|switch|p2a: Sableye|Sableye, M|100\/100\n|turn|1\n|\n|t:|1700805419\n|detailschange|p2a: Sableye|Sableye-Mega, M\n|-mega|p2a: Sableye|Sableye|Sablenite\n|move|p1a: Galvantula|Bug Buzz|p2a: Sableye\n|-damage|p2a: Sableye|74\/100\n|move|p2a: Sableye|Knock Off|p1a: Galvantula\n|-damage|p1a: Galvantula|50\/100\n|-enditem|p1a: Galvantula|Focus Sash|[from] move: Knock Off|[of] p2a: Sableye\n|\n|upkeep\n|turn|2\n|\n|t:|1700805431\n|move|p1a: Galvantula|Thunder|p2a: Sableye\n|-damage|p2a: Sableye|40\/100\n|move|p2a: Sableye|Will-O-Wisp|p1a: Galvantula\n|-status|p1a: Galvantula|brn\n|\n|-damage|p1a: Galvantula|44\/100 brn|[from] brn\n|upkeep\n|turn|3\n|\n|t:|1700805437\n|move|p1a: Galvantula|Thunder|p2a: Sableye\n|-crit|p2a: Sableye\n|-damage|p2a: Sableye|0 fnt\n|faint|p2a: Sableye\n|\n|-damage|p1a: Galvantula|38\/100 brn|[from] brn\n|upkeep\n|\n|t:|1700805443\n|switch|p2a: Hippowdon|Hippowdon, M|100\/100\n|-weather|Sandstorm|[from] ability: Sand Stream|[of] p2a: Hippowdon\n|turn|4\n|\n|t:|1700805445\n|move|p1a: Galvantula|Sticky Web|p2a: Hippowdon\n|-sidestart|p2: bananasinpajamas7|move: Sticky Web\n|move|p2a: Hippowdon|Earthquake|p1a: Galvantula\n|-damage|p1a: Galvantula|0 fnt\n|faint|p1a: Galvantula\n|\n|-weather|Sandstorm|[upkeep]\n|upkeep\n|\n|t:|1700805452\n|switch|p1a: Sneasler|Sneasler, M|100\/100\n|turn|5\n|\n|t:|1700805457\n|move|p1a: Sneasler|Close Combat|p2a: Hippowdon\n|-damage|p2a: Hippowdon|64\/100\n|-unboost|p1a: Sneasler|def|1\n|-unboost|p1a: Sneasler|spd|1\n|-enditem|p1a: Sneasler|White Herb\n|-clearnegativeboost|p1a: Sneasler|[silent]\n|move|p2a: Hippowdon|Stealth Rock|p1a: Sneasler\n|-sidestart|p1: Danish1526|move: Stealth Rock\n|\n|-weather|Sandstorm|[upkeep]\n|-damage|p1a: Sneasler|95\/100|[from] Sandstorm\n|-heal|p2a: Hippowdon|70\/100|[from] item: Leftovers\n|upkeep\n|turn|6\n|\n|t:|1700805468\n|move|p1a: Sneasler|Dire Claw|p2a: Hippowdon\n|-resisted|p2a: Hippowdon\n|-damage|p2a: Hippowdon|57\/100\n|move|p2a: Hippowdon|Earthquake|p1a: Sneasler\n|-supereffective|p1a: Sneasler\n|-damage|p1a: Sneasler|0 fnt\n|faint|p1a: Sneasler\n|\n|-weather|Sandstorm|[upkeep]\n|-heal|p2a: Hippowdon|63\/100|[from] item: Leftovers\n|upkeep\n|\n|t:|1700805473\n|switch|p1a: Heatran|Heatran, F|100\/100\n|-damage|p1a: Heatran|88\/100|[from] Stealth Rock\n|-item|p1a: Heatran|Air Balloon\n|turn|7\n|\n|t:|1700805484\n|switch|p2a: Blissey|Blissey, F|100\/100\n|move|p1a: Heatran|Magma Storm|p2a: Blissey\n|-damage|p2a: Blissey|78\/100\n|-activate|p2a: Blissey|move: Magma Storm|[of] p1a: Heatran\n|\n|-weather|Sandstorm|[upkeep]\n|-damage|p2a: Blissey|72\/100|[from] Sandstorm\n|-damage|p2a: Blissey|59\/100|[from] move: Magma Storm|[partiallytrapped]\n|upkeep\n|turn|8\n|\n|t:|1700805501\n|move|p1a: Heatran|Magma Storm|p2a: Blissey|[miss]\n|-miss|p1a: Heatran|p2a: Blissey\n|move|p2a: Blissey|Seismic Toss|p1a: Heatran\n|-damage|p1a: Heatran|62\/100\n|-enditem|p1a: Heatran|Air Balloon\n|\n|-weather|none\n|-damage|p2a: Blissey|47\/100|[from] move: Magma Storm|[partiallytrapped]\n|upkeep\n|turn|9\n|\n|t:|1700805506\n|move|p2a: Blissey|Protect|p2a: Blissey\n|-singleturn|p2a: Blissey|Protect\n|move|p1a: Heatran|Magma Storm|p2a: Blissey\n|-activate|p2a: Blissey|move: Protect\n|\n|-damage|p2a: Blissey|35\/100|[from] move: Magma Storm|[partiallytrapped]\n|upkeep\n|turn|10\n|\n|t:|1700805509\n|move|p1a: Heatran|Magma Storm|p2a: Blissey\n|-damage|p2a: Blissey|13\/100\n|move|p2a: Blissey|Wish|p2a: Blissey\n|\n|-damage|p2a: Blissey|0 fnt|[from] move: Magma Storm|[partiallytrapped]\n|faint|p2a: Blissey\n|upkeep\n|\n|t:|1700805515\n|switch|p2a: Corviknight|Corviknight, F|100\/100\n|-ability|p2a: Corviknight|Pressure\n|turn|11\n|\n|t:|1700805518\n|move|p1a: Heatran|Magma Storm|p2a: Corviknight|[miss]\n|-miss|p1a: Heatran|p2a: Corviknight\n|move|p2a: Corviknight|Body Press|p1a: Heatran\n|-supereffective|p1a: Heatran\n|-damage|p1a: Heatran|21\/100\n|\n|upkeep\n|turn|12\n|\n|t:|1700805523\n|switch|p2a: Toxapex|Toxapex, F|100\/100\n|-activate|p2a: Toxapex|move: Sticky Web\n|-unboost|p2a: Toxapex|spe|1\n|move|p1a: Heatran|Magma Storm|p2a: Toxapex\n|-resisted|p2a: Toxapex\n|-damage|p2a: Toxapex|76\/100\n|-activate|p2a: Toxapex|move: Magma Storm|[of] p1a: Heatran\n|\n|-heal|p2a: Toxapex|82\/100|[from] item: Leftovers\n|-damage|p2a: Toxapex|69\/100|[from] move: Magma Storm|[partiallytrapped]\n|upkeep\n|turn|13\n|\n|t:|1700805527\n|move|p1a: Heatran|Earth Power|p2a: Toxapex\n|-supereffective|p2a: Toxapex\n|-damage|p2a: Toxapex|13\/100\n|move|p2a: Toxapex|Scald|p1a: Heatran\n|-supereffective|p1a: Heatran\n|-damage|p1a: Heatran|0 fnt\n|faint|p1a: Heatran\n|\n|-heal|p2a: Toxapex|19\/100|[from] item: Leftovers\n|-end|p2a: Toxapex|Magma Storm|[partiallytrapped]|[silent]\n|upkeep\n|\n|t:|1700805531\n|switch|p1a: Haxorus|Haxorus, M|100\/100\n|-damage|p1a: Haxorus|88\/100|[from] Stealth Rock\n|-ability|p1a: Haxorus|Mold Breaker\n|turn|14\n|\n|t:|1700805534\n|switch|p2a: Corviknight|Corviknight, F|100\/100\n|-ability|p2a: Corviknight|Pressure\n|move|p1a: Haxorus|Swords Dance|p1a: Haxorus\n|-boost|p1a: Haxorus|atk|2\n|\n|upkeep\n|turn|15\n|\n|t:|1700805538\n|move|p1a: Haxorus|Scale Shot|p2a: Corviknight\n|-resisted|p2a: Corviknight\n|-damage|p2a: Corviknight|91\/100\n|-resisted|p2a: Corviknight\n|-damage|p2a: Corviknight|82\/100\n|-resisted|p2a: Corviknight\n|-damage|p2a: Corviknight|73\/100\n|-resisted|p2a: Corviknight\n|-damage|p2a: Corviknight|64\/100\n|-hitcount|p2a: Corviknight|4\n|-unboost|p1a: Haxorus|def|1\n|-boost|p1a: Haxorus|spe|1\n|move|p2a: Corviknight|Defog|p1a: Haxorus\n|-unboost|p1a: Haxorus|evasion|1\n|-sideend|p1: Danish1526|Stealth Rock|[from] move: Defog|[of] p2a: Corviknight\n|-sideend|p2: bananasinpajamas7|Sticky Web|[from] move: Defog|[of] p2a: Corviknight\n|\n|upkeep\n|turn|16\n|\n|t:|1700805554\n|move|p1a: Haxorus|Iron Head|p2a: Corviknight\n|-resisted|p2a: Corviknight\n|-damage|p2a: Corviknight|44\/100\n|-damage|p1a: Haxorus|72\/100|[from] item: Rocky Helmet|[of] p2a: Corviknight\n|move|p2a: Corviknight|Brave Bird|p1a: Haxorus\n|-damage|p1a: Haxorus|6\/100\n|-damage|p2a: Corviknight|29\/100|[from] Recoil\n|\n|upkeep\n|turn|17\n|\n|t:|1700805563\n|move|p1a: Haxorus|Scale Shot|p2a: Corviknight\n|-resisted|p2a: Corviknight\n|-damage|p2a: Corviknight|19\/100\n|-resisted|p2a: Corviknight\n|-damage|p2a: Corviknight|10\/100\n|-resisted|p2a: Corviknight\n|-damage|p2a: Corviknight|1\/100\n|-resisted|p2a: Corviknight\n|-damage|p2a: Corviknight|0 fnt\n|faint|p2a: Corviknight\n|-hitcount|p2: Corviknight|4\n|-unboost|p1a: Haxorus|def|1\n|-boost|p1a: Haxorus|spe|1\n|\n|upkeep\n|\n|t:|1700805567\n|switch|p2a: Clefable|Clefable, M|100\/100\n|turn|18\n|\n|t:|1700805586\n|move|p1a: Haxorus|Iron Head|p2a: Clefable\n|-supereffective|p2a: Clefable\n|-damage|p2a: Clefable|0 fnt\n|faint|p2a: Clefable\n|\n|upkeep\n|-message|bananasinpajamas7 forfeited.\n|\n|win|Danish1526\n|raw|Danish1526's rating: 1359 &rarr; <strong>1379<\/strong><br \/>(+20 for winning)\n|raw|bananasinpajamas7's rating: 1361 &rarr; <strong>1341<\/strong><br \/>(-20 for losing)\n|l|\u2606bananasinpajamas7\n|c| soygael111xd|god\n","uploadtime":1700805598,"views":9,"p1id":"danish1526","p2id":"bananasinpajamas7","formatid":"gen9nationaldex","rating":1341,"private":0,"password":""}