{"id":"gen9nationaldex-1987437459","p1":"FlyingSudowoodo","p2":"AnAlkaliMetal","format":"[Gen 9] National Dex","log":"|j|\u2606FlyingSudowoodo\n|j|\u2606AnAlkaliMetal\n|t:|1699591454\n|gametype|singles\n|player|p1|FlyingSudowoodo|cheren|1406\n|player|p2|AnAlkaliMetal|alec-anime|1502\n|teamsize|p1|6\n|teamsize|p2|6\n|gen|9\n|tier|[Gen 9] National Dex\n|rated|\n|rule|HP Percentage Mod: HP is shown in percentages\n|rule|Endless Battle Clause: Forcing endless battles is banned\n|rule|OHKO Clause: OHKO moves are banned\n|rule|Evasion Clause: Evasion abilities, items, and moves are banned\n|rule|Evasion Abilities Clause: Evasion abilities are banned\n|rule|Evasion Items Clause: Evasion items are banned\n|rule|Evasion Moves Clause: Evasion moves are banned\n|rule|Species Clause: Limit one of each Pok\u00e9mon\n|rule|Sleep Clause Mod: Limit one foe put to sleep\n|clearpoke\n|poke|p1|Pelipper, M|\n|poke|p1|Corviknight, M|\n|poke|p1|Gliscor, M|\n|poke|p1|Talonflame, M|\n|poke|p1|Zapdos|\n|poke|p1|Enamorus, F|\n|poke|p2|Tyranitar, F|\n|poke|p2|Dracozolt|\n|poke|p2|Ogerpon-Wellspring, F|\n|poke|p2|Gliscor, F|\n|poke|p2|Scizor, M|\n|poke|p2|Hydreigon, F|\n|teampreview\n|\n|t:|1699591463\n|start\n|switch|p1a: Gliscor|Gliscor, M, shiny|100\/100\n|switch|p2a: Gliscor|Gliscor, F|100\/100\n|turn|1\n|inactive|Battle timer is ON: inactive players will automatically lose when time's up. (requested by FlyingSudowoodo)\n|\n|t:|1699591468\n|move|p2a: Gliscor|Protect|p2a: Gliscor\n|-singleturn|p2a: Gliscor|Protect\n|move|p1a: Gliscor|Taunt|p2a: Gliscor\n|-activate|p2a: Gliscor|move: Protect\n|\n|-status|p2a: Gliscor|tox|[from] item: Toxic Orb\n|-status|p1a: Gliscor|tox|[from] item: Toxic Orb\n|upkeep\n|turn|2\n|\n|t:|1699591478\n|move|p2a: Gliscor|Stealth Rock|p1a: Gliscor\n|-sidestart|p1: FlyingSudowoodo|move: Stealth Rock\n|move|p1a: Gliscor|Taunt|p2a: Gliscor\n|-start|p2a: Gliscor|move: Taunt\n|\n|upkeep\n|turn|3\n|\n|t:|1699591484\n|switch|p2a: Ogerpon|Ogerpon-Wellspring, F|100\/100\n|move|p1a: Gliscor|Stealth Rock|p2a: Ogerpon\n|-sidestart|p2: AnAlkaliMetal|move: Stealth Rock\n|\n|upkeep\n|turn|4\n|\n|t:|1699591492\n|switch|p1a: Corviknight|Corviknight, M, shiny|100\/100\n|-damage|p1a: Corviknight|88\/100|[from] Stealth Rock\n|move|p2a: Ogerpon|Knock Off|p1a: Corviknight\n|-crit|p1a: Corviknight\n|-damage|p1a: Corviknight|53\/100\n|-damage|p2a: Ogerpon|84\/100|[from] item: Rocky Helmet|[of] p1a: Corviknight\n|-enditem|p1a: Corviknight|Rocky Helmet|[from] move: Knock Off|[of] p2a: Ogerpon\n|\n|upkeep\n|turn|5\n|\n|t:|1699591501\n|move|p2a: Ogerpon|Ivy Cudgel|p1a: Corviknight\n|-damage|p1a: Corviknight|19\/100\n|move|p1a: Corviknight|U-turn|p2a: Ogerpon\n|-supereffective|p2a: Ogerpon\n|-damage|p2a: Ogerpon|43\/100\n|\n|t:|1699591506\n|switch|p1a: Pelipper|Pelipper, M|100\/100|[from] U-turn\n|-damage|p1a: Pelipper|75\/100|[from] Stealth Rock\n|-weather|RainDance|[from] ability: Drizzle|[of] p1a: Pelipper\n|\n|-weather|RainDance|[upkeep]\n|upkeep\n|turn|6\n|\n|t:|1699591514\n|move|p2a: Ogerpon|Knock Off|p1a: Pelipper\n|-damage|p1a: Pelipper|47\/100\n|-enditem|p1a: Pelipper|Damp Rock|[from] move: Knock Off|[of] p2a: Ogerpon\n|move|p1a: Pelipper|U-turn|p2a: Ogerpon\n|-supereffective|p2a: Ogerpon\n|-damage|p2a: Ogerpon|19\/100\n|\n|t:|1699591519\n|switch|p1a: Talonflame|Talonflame, M, shiny|100\/100|[from] U-turn\n|\n|-weather|RainDance|[upkeep]\n|upkeep\n|turn|7\n|inactive|AnAlkaliMetal has 120 seconds left.\n|\n|t:|1699591575\n|switch|p2a: Tyranitar|Tyranitar, F|100\/100\n|-damage|p2a: Tyranitar|88\/100|[from] Stealth Rock\n|-weather|Sandstorm|[from] ability: Sand Stream|[of] p2a: Tyranitar\n|move|p1a: Talonflame|Hurricane|p2a: Tyranitar\n|-resisted|p2a: Tyranitar\n|-damage|p2a: Tyranitar|75\/100\n|-start|p2a: Tyranitar|confusion\n|\n|-weather|Sandstorm|[upkeep]\n|-damage|p1a: Talonflame|94\/100|[from] Sandstorm\n|upkeep\n|turn|8\n|\n|t:|1699591592\n|-activate|p1a: Talonflame|move: Pursuit\n|-activate|p2a: Tyranitar|confusion\n|-damage|p2a: Tyranitar|63\/100|[from] confusion\n|switch|p1a: Gliscor|Gliscor, M, shiny|100\/100 tox\n|-damage|p1a: Gliscor|88\/100 tox|[from] Stealth Rock\n|\n|-weather|Sandstorm|[upkeep]\n|-heal|p1a: Gliscor|100\/100 tox|[from] ability: Poison Heal\n|upkeep\n|turn|9\n|inactive|AnAlkaliMetal has 90 seconds left.\n|inactive|AnAlkaliMetal has 60 seconds left.\n|\n|t:|1699591654\n|switch|p2a: Ogerpon|Ogerpon-Wellspring, F|19\/100\n|-damage|p2a: Ogerpon|7\/100|[from] Stealth Rock\n|move|p1a: Gliscor|Earthquake|p2a: Ogerpon\n|-resisted|p2a: Ogerpon\n|-damage|p2a: Ogerpon|0 fnt\n|faint|p2a: Ogerpon\n|\n|-weather|Sandstorm|[upkeep]\n|upkeep\n|\n|t:|1699591659\n|switch|p2a: Dracozolt|Dracozolt|100\/100\n|-damage|p2a: Dracozolt|88\/100|[from] Stealth Rock\n|turn|10\n|\n|t:|1699591670\n|switch|p1a: Pelipper|Pelipper, M|47\/100\n|-damage|p1a: Pelipper|22\/100|[from] Stealth Rock\n|-weather|RainDance|[from] ability: Drizzle|[of] p1a: Pelipper\n|move|p2a: Dracozolt|Draco Meteor|p1a: Pelipper\n|-damage|p1a: Pelipper|0 fnt\n|-unboost|p2a: Dracozolt|spa|2\n|faint|p1a: Pelipper\n|-damage|p2a: Dracozolt|78\/100|[from] item: Life Orb\n|\n|-weather|RainDance|[upkeep]\n|upkeep\n|\n|t:|1699591681\n|switch|p1a: Enamorus|Enamorus, F|100\/100\n|-damage|p1a: Enamorus|76\/100|[from] Stealth Rock\n|turn|11\n|\n|t:|1699591687\n|switch|p2a: Tyranitar|Tyranitar, F|63\/100\n|-damage|p2a: Tyranitar|51\/100|[from] Stealth Rock\n|-weather|Sandstorm|[from] ability: Sand Stream|[of] p2a: Tyranitar\n|move|p1a: Enamorus|Moonblast|p2a: Tyranitar\n|-supereffective|p2a: Tyranitar\n|-damage|p2a: Tyranitar|0 fnt\n|faint|p2a: Tyranitar\n|-damage|p1a: Enamorus|66\/100|[from] item: Life Orb\n|\n|-weather|Sandstorm|[upkeep]\n|-damage|p1a: Enamorus|60\/100|[from] Sandstorm\n|upkeep\n|\n|t:|1699591689\n|switch|p2a: Dracozolt|Dracozolt|78\/100\n|-damage|p2a: Dracozolt|66\/100|[from] Stealth Rock\n|turn|12\n|\n|t:|1699591703\n|switch|p1a: Gliscor|Gliscor, M, shiny|100\/100 tox\n|-damage|p1a: Gliscor|88\/100 tox|[from] Stealth Rock\n|move|p2a: Dracozolt|Bolt Beak|p1a: Gliscor\n|-immune|p1a: Gliscor\n|\n|-weather|Sandstorm|[upkeep]\n|-heal|p1a: Gliscor|100\/100 tox|[from] ability: Poison Heal\n|upkeep\n|turn|13\n|\n|t:|1699591716\n|-terastallize|p1a: Gliscor|Fairy\n|move|p2a: Dracozolt|Draco Meteor|p1a: Gliscor\n|-immune|p1a: Gliscor\n|move|p1a: Gliscor|Earthquake|p2a: Dracozolt\n|-supereffective|p2a: Dracozolt\n|-damage|p2a: Dracozolt|0 fnt\n|faint|p2a: Dracozolt\n|\n|-weather|Sandstorm|[upkeep]\n|-damage|p1a: Gliscor|94\/100 tox|[from] Sandstorm\n|-heal|p1a: Gliscor|100\/100 tox|[from] ability: Poison Heal\n|upkeep\n|\n|t:|1699591720\n|switch|p2a: Scizor|Scizor, M|100\/100\n|-damage|p2a: Scizor|88\/100|[from] Stealth Rock\n|turn|14\n|\n|t:|1699591733\n|switch|p1a: Talonflame|Talonflame, M, shiny|94\/100\n|detailschange|p2a: Scizor|Scizor-Mega, M\n|-mega|p2a: Scizor|Scizor|Scizorite\n|move|p2a: Scizor|U-turn|p1a: Talonflame\n|-resisted|p1a: Talonflame\n|-damage|p1a: Talonflame|82\/100\n|\n|t:|1699591736\n|switch|p2a: Hydreigon|Hydreigon, F|100\/100|[from] U-turn\n|-damage|p2a: Hydreigon|88\/100|[from] Stealth Rock\n|\n|-weather|Sandstorm|[upkeep]\n|-damage|p2a: Hydreigon|82\/100|[from] Sandstorm\n|-damage|p1a: Talonflame|76\/100|[from] Sandstorm\n|upkeep\n|turn|15\n|\n|t:|1699591749\n|switch|p1a: Corviknight|Corviknight, M, shiny|19\/100\n|-damage|p1a: Corviknight|6\/100|[from] Stealth Rock\n|move|p2a: Hydreigon|Draco Meteor|p1a: Corviknight\n|-resisted|p1a: Corviknight\n|-damage|p1a: Corviknight|0 fnt\n|-unboost|p2a: Hydreigon|spa|2\n|faint|p1a: Corviknight\n|\n|-weather|none\n|upkeep\n|\n|t:|1699591758\n|switch|p1a: Enamorus|Enamorus, F|60\/100\n|-damage|p1a: Enamorus|35\/100|[from] Stealth Rock\n|turn|16\n|\n|t:|1699591763\n|switch|p2a: Gliscor|Gliscor, F|100\/100 tox\n|-damage|p2a: Gliscor|88\/100 tox|[from] Stealth Rock\n|move|p1a: Enamorus|Mystical Fire|p2a: Gliscor\n|-damage|p2a: Gliscor|56\/100 tox\n|-unboost|p2a: Gliscor|spa|1\n|-damage|p1a: Enamorus|25\/100|[from] item: Life Orb\n|\n|-heal|p2a: Gliscor|69\/100 tox|[from] ability: Poison Heal\n|upkeep\n|turn|17\n|\n|t:|1699591773\n|move|p2a: Gliscor|Protect|p2a: Gliscor\n|-singleturn|p2a: Gliscor|Protect\n|move|p1a: Enamorus|Moonblast|p2a: Gliscor\n|-activate|p2a: Gliscor|move: Protect\n|\n|-heal|p2a: Gliscor|81\/100 tox|[from] ability: Poison Heal\n|upkeep\n|turn|18\n|\n|t:|1699591787\n|switch|p2a: Scizor|Scizor-Mega, M|88\/100\n|-damage|p2a: Scizor|76\/100|[from] Stealth Rock\n|move|p1a: Enamorus|Moonblast|p2a: Scizor\n|-resisted|p2a: Scizor\n|-damage|p2a: Scizor|45\/100\n|-damage|p1a: Enamorus|15\/100|[from] item: Life Orb\n|\n|upkeep\n|turn|19\n|\n|t:|1699591796\n|switch|p1a: Talonflame|Talonflame, M, shiny|76\/100\n|move|p2a: Scizor|Bullet Punch|p1a: Talonflame\n|-resisted|p1a: Talonflame\n|-damage|p1a: Talonflame|53\/100\n|\n|upkeep\n|turn|20\n|\n|t:|1699591802\n|switch|p2a: Hydreigon|Hydreigon, F|82\/100\n|-damage|p2a: Hydreigon|70\/100|[from] Stealth Rock\n|move|p1a: Talonflame|Roost|p1a: Talonflame\n|-heal|p1a: Talonflame|100\/100\n|-singleturn|p1a: Talonflame|move: Roost\n|\n|upkeep\n|turn|21\n|\n|t:|1699591817\n|move|p1a: Talonflame|Hurricane|p2a: Hydreigon\n|-damage|p2a: Hydreigon|20\/100\n|move|p2a: Hydreigon|Flash Cannon|p1a: Talonflame\n|-resisted|p1a: Talonflame\n|-damage|p1a: Talonflame|81\/100\n|\n|upkeep\n|turn|22\n|\n|t:|1699591825\n|switch|p2a: Gliscor|Gliscor, F|81\/100 tox\n|-damage|p2a: Gliscor|69\/100 tox|[from] Stealth Rock\n|move|p1a: Talonflame|Hurricane|p2a: Gliscor\n|-damage|p2a: Gliscor|32\/100 tox\n|\n|-heal|p2a: Gliscor|45\/100 tox|[from] ability: Poison Heal\n|upkeep\n|turn|23\n|\n|t:|1699591835\n|switch|p1a: Gliscor|Gliscor, M, shiny, tera:Fairy|100\/100 tox\n|-damage|p1a: Gliscor|88\/100 tox|[from] Stealth Rock\n|move|p2a: Gliscor|Protect||[still]\n|-fail|p2a: Gliscor\n|\n|-heal|p2a: Gliscor|57\/100 tox|[from] ability: Poison Heal\n|-heal|p1a: Gliscor|100\/100 tox|[from] ability: Poison Heal\n|upkeep\n|turn|24\n|\n|t:|1699591847\n|switch|p1a: Zapdos|Zapdos|100\/100\n|-damage|p1a: Zapdos|76\/100|[from] Stealth Rock\n|move|p2a: Gliscor|Earthquake|p1a: Zapdos\n|-immune|p1a: Zapdos\n|\n|-heal|p2a: Gliscor|70\/100 tox|[from] ability: Poison Heal\n|upkeep\n|turn|25\n|\n|t:|1699591856\n|move|p2a: Gliscor|Protect|p2a: Gliscor\n|-singleturn|p2a: Gliscor|Protect\n|-zpower|p1a: Zapdos\n|move|p1a: Zapdos|Supersonic Skystrike|p2a: Gliscor|[zeffect]\n|-zbroken|p2a: Gliscor\n|-damage|p2a: Gliscor|51\/100 tox\n|\n|-heal|p2a: Gliscor|63\/100 tox|[from] ability: Poison Heal\n|upkeep\n|turn|26\n|\n|t:|1699591865\n|move|p1a: Zapdos|Hurricane|p2a: Gliscor\n|-damage|p2a: Gliscor|11\/100 tox\n|move|p2a: Gliscor|Roost|p2a: Gliscor\n|-heal|p2a: Gliscor|61\/100 tox\n|-singleturn|p2a: Gliscor|move: Roost\n|\n|-heal|p2a: Gliscor|73\/100 tox|[from] ability: Poison Heal\n|upkeep\n|turn|27\n|\n|t:|1699591873\n|move|p2a: Gliscor|Protect|p2a: Gliscor\n|-singleturn|p2a: Gliscor|Protect\n|move|p1a: Zapdos|Hurricane|p2a: Gliscor\n|-activate|p2a: Gliscor|move: Protect\n|\n|-heal|p2a: Gliscor|86\/100 tox|[from] ability: Poison Heal\n|upkeep\n|turn|28\n|\n|t:|1699591881\n|switch|p2a: Hydreigon|Hydreigon, F|20\/100\n|-damage|p2a: Hydreigon|8\/100|[from] Stealth Rock\n|move|p1a: Zapdos|Hurricane|p2a: Hydreigon\n|-damage|p2a: Hydreigon|0 fnt\n|faint|p2a: Hydreigon\n|\n|upkeep\n|\n|t:|1699591884\n|switch|p2a: Scizor|Scizor-Mega, M|45\/100\n|-damage|p2a: Scizor|33\/100|[from] Stealth Rock\n|turn|29\n|\n|t:|1699591893\n|switch|p2a: Gliscor|Gliscor, F|86\/100 tox\n|-damage|p2a: Gliscor|73\/100 tox|[from] Stealth Rock\n|move|p1a: Zapdos|Hurricane|p2a: Gliscor|[miss]\n|-miss|p1a: Zapdos|p2a: Gliscor\n|\n|-heal|p2a: Gliscor|86\/100 tox|[from] ability: Poison Heal\n|upkeep\n|turn|30\n|\n|t:|1699591904\n|switch|p1a: Enamorus|Enamorus, F|15\/100\n|-damage|p1a: Enamorus|0 fnt|[from] Stealth Rock\n|faint|p1a: Enamorus\n|move|p2a: Gliscor|Stealth Rock||[still]\n|-fail|p2a: Gliscor\n|\n|-heal|p2a: Gliscor|98\/100 tox|[from] ability: Poison Heal\n|upkeep\n|\n|t:|1699591921\n|switch|p1a: Zapdos|Zapdos|76\/100\n|-damage|p1a: Zapdos|51\/100|[from] Stealth Rock\n|turn|31\n|\n|t:|1699591929\n|move|p1a: Zapdos|Hurricane|p2a: Gliscor\n|-damage|p2a: Gliscor|53\/100 tox\n|move|p2a: Gliscor|Stealth Rock||[still]\n|-fail|p2a: Gliscor\n|\n|-heal|p2a: Gliscor|65\/100 tox|[from] ability: Poison Heal\n|upkeep\n|turn|32\n|\n|t:|1699591945\n|move|p1a: Zapdos|Roost|p1a: Zapdos\n|-heal|p1a: Zapdos|100\/100\n|-singleturn|p1a: Zapdos|move: Roost\n|move|p2a: Gliscor|Earthquake|p1a: Zapdos\n|-supereffective|p1a: Zapdos\n|-damage|p1a: Zapdos|22\/100\n|\n|-heal|p2a: Gliscor|78\/100 tox|[from] ability: Poison Heal\n|upkeep\n|turn|33\n|\n|t:|1699591954\n|move|p1a: Zapdos|Hurricane|p2a: Gliscor\n|-damage|p2a: Gliscor|29\/100 tox\n|move|p2a: Gliscor|Earthquake|p1a: Zapdos\n|-immune|p1a: Zapdos\n|\n|-heal|p2a: Gliscor|42\/100 tox|[from] ability: Poison Heal\n|upkeep\n|turn|34\n|\n|t:|1699591961\n|move|p2a: Gliscor|Protect|p2a: Gliscor\n|-singleturn|p2a: Gliscor|Protect\n|move|p1a: Zapdos|Roost|p1a: Zapdos\n|-heal|p1a: Zapdos|72\/100\n|-singleturn|p1a: Zapdos|move: Roost\n|\n|-heal|p2a: Gliscor|54\/100 tox|[from] ability: Poison Heal\n|upkeep\n|turn|35\n|\n|t:|1699591969\n|move|p1a: Zapdos|Hurricane|p2a: Gliscor\n|-damage|p2a: Gliscor|3\/100 tox\n|move|p2a: Gliscor|Earthquake|p1a: Zapdos\n|-immune|p1a: Zapdos\n|\n|-heal|p2a: Gliscor|16\/100 tox|[from] ability: Poison Heal\n|upkeep\n|turn|36\n|\n|t:|1699591977\n|move|p2a: Gliscor|Protect|p2a: Gliscor\n|-singleturn|p2a: Gliscor|Protect\n|move|p1a: Zapdos|Weather Ball|p2a: Gliscor\n|-activate|p2a: Gliscor|move: Protect\n|\n|-heal|p2a: Gliscor|28\/100 tox|[from] ability: Poison Heal\n|upkeep\n|turn|37\n|\n|t:|1699591984\n|move|p1a: Zapdos|Hurricane|p2a: Gliscor\n|-damage|p2a: Gliscor|0 fnt\n|faint|p2a: Gliscor\n|\n|upkeep\n|\n|t:|1699591986\n|switch|p2a: Scizor|Scizor-Mega, M|33\/100\n|-damage|p2a: Scizor|21\/100|[from] Stealth Rock\n|turn|38\n|\n|t:|1699591991\n|move|p1a: Zapdos|Hurricane|p2a: Scizor\n|-damage|p2a: Scizor|0 fnt\n|faint|p2a: Scizor\n|\n|win|FlyingSudowoodo\n|raw|FlyingSudowoodo's rating: 1406 &rarr; <strong>1431<\/strong><br \/>(+25 for winning)\n|raw|AnAlkaliMetal's rating: 1502 &rarr; <strong>1477<\/strong><br \/>(-25 for losing)\n|c|\u2606AnAlkaliMetal|gg\n","uploadtime":1699591996,"views":4,"p1id":"flyingsudowoodo","p2id":"analkalimetal","formatid":"gen9nationaldex","rating":1431,"private":0,"password":""}