{"id":"gen9nationaldex-1996392813","p1":"Elqnosabena","p2":"PAMTHEBOSHY","format":"[Gen 9] National Dex","log":"|html|<div class=\"broadcast-blue\"><strong>[Gen 9] National Dex is currently suspecting Sneasler! For information on how to participate check out the <a href=\"https:\/\/www.smogon.com\/forums\/threads\/sv-national-dex-suspect-8-just-dance.3731534\/\">suspect thread<\/a>.<\/strong><\/div>\n|j|\u2606Elqnosabena\n|j|\u203dPAMTHEBOSHY\n|t:|1700677724\n|gametype|singles\n|player|p1|Elqnosabena|102|\n|player|p2|PAMTHEBOSHY|hilbert-wonderlauncher|\n|teamsize|p1|6\n|teamsize|p2|6\n|gen|9\n|tier|[Gen 9] National Dex\n|rule|HP Percentage Mod: HP is shown in percentages\n|rule|Endless Battle Clause: Forcing endless battles is banned\n|rule|OHKO Clause: OHKO moves are banned\n|rule|Evasion Clause: Evasion abilities, items, and moves are banned\n|rule|Evasion Abilities Clause: Evasion abilities are banned\n|rule|Evasion Items Clause: Evasion items are banned\n|rule|Evasion Moves Clause: Evasion moves are banned\n|rule|Species Clause: Limit one of each Pok\u00e9mon\n|rule|Sleep Clause Mod: Limit one foe put to sleep\n|clearpoke\n|poke|p1|Garganacl, M|\n|poke|p1|Iron Moth|\n|poke|p1|Scizor, F|\n|poke|p1|Iron Hands|\n|poke|p1|Greninja-*, F|\n|poke|p1|Chansey, F|\n|poke|p2|Altaria, M|\n|poke|p2|Iron Moth|\n|poke|p2|Great Tusk|\n|poke|p2|Ogerpon-Wellspring, F|\n|poke|p2|Aegislash, M|\n|poke|p2|Moltres-Galar|\n|teampreview\n|j| Guillarco28\n|\n|t:|1700677786\n|start\n|switch|p1a: Paco|Greninja, F|100\/100\n|switch|p2a: Aegislash|Aegislash, M, shiny|100\/100\n|turn|1\n|\n|t:|1700677808\n|switch|p2a: Ogerpon|Ogerpon-Wellspring, F|100\/100\n|move|p1a: Paco|Dark Pulse|p2a: Ogerpon\n|-start|p1a: Paco|typechange|Dark|[from] ability: Protean\n|-damage|p2a: Ogerpon|49\/100\n|-damage|p1a: Paco|91\/100|[from] item: Life Orb\n|\n|upkeep\n|turn|2\n|\n|t:|1700677844\n|move|p1a: Paco|Dark Pulse|p2a: Ogerpon\n|-damage|p2a: Ogerpon|0 fnt\n|faint|p2a: Ogerpon\n|-damage|p1a: Paco|81\/100|[from] item: Life Orb\n|\n|upkeep\n|\n|t:|1700677860\n|switch|p2a: Moltres|Moltres-Galar|100\/100\n|turn|3\n|\n|t:|1700677868\n|move|p1a: Paco|Ice Beam|p2a: Moltres\n|-supereffective|p2a: Moltres\n|-damage|p2a: Moltres|38\/100\n|-ability|p2a: Moltres|Berserk|boost\n|-boost|p2a: Moltres|spa|1\n|-damage|p1a: Paco|71\/100|[from] item: Life Orb\n|move|p2a: Moltres|Nasty Plot|p2a: Moltres\n|-boost|p2a: Moltres|spa|2\n|\n|upkeep\n|turn|4\n|\n|t:|1700677880\n|move|p1a: Paco|Ice Beam|p2a: Moltres\n|-supereffective|p2a: Moltres\n|-damage|p2a: Moltres|0 fnt\n|faint|p2a: Moltres\n|-damage|p1a: Paco|61\/100|[from] item: Life Orb\n|\n|upkeep\n|\n|t:|1700677898\n|switch|p2a: Great Tusk|Great Tusk|100\/100\n|turn|5\n|\n|t:|1700677930\n|-terastallize|p1a: Paco|Water\n|-terastallize|p2a: Great Tusk|Fighting\n|move|p1a: Paco|Hydro Pump|p2a: Great Tusk\n|-damage|p2a: Great Tusk|18\/100\n|-damage|p1a: Paco|51\/100|[from] item: Life Orb\n|move|p2a: Great Tusk|Megahorn|p1a: Paco\n|-damage|p1a: Paco|0 fnt\n|faint|p1a: Paco\n|\n|-heal|p2a: Great Tusk|25\/100|[from] item: Leftovers\n|upkeep\n|\n|t:|1700677947\n|switch|p1a: Guarrilla|Iron Moth|100\/100\n|-enditem|p1a: Guarrilla|Booster Energy\n|-activate|p1a: Guarrilla|ability: Quark Drive|[fromitem]\n|-start|p1a: Guarrilla|quarkdrivespa\n|turn|6\n|\n|t:|1700677967\n|move|p1a: Guarrilla|Fiery Dance|p2a: Great Tusk\n|-damage|p2a: Great Tusk|0 fnt\n|-boost|p1a: Guarrilla|spa|1\n|faint|p2a: Great Tusk\n|-end|p2a: Great Tusk|Protosynthesis|[silent]\n|\n|upkeep\n|\n|t:|1700677975\n|switch|p2a: Altaria|Altaria, M, shiny|100\/100\n|turn|7\n|\n|t:|1700678000\n|detailschange|p2a: Altaria|Altaria-Mega, M, shiny\n|-mega|p2a: Altaria|Altaria|Altarianite\n|move|p1a: Guarrilla|Fiery Dance|p2a: Altaria\n|-resisted|p2a: Altaria\n|-damage|p2a: Altaria|49\/100\n|move|p2a: Altaria|Steel Wing|p1a: Guarrilla\n|-resisted|p1a: Guarrilla\n|-damage|p1a: Guarrilla|82\/100\n|\n|upkeep\n|turn|8\n|\n|t:|1700678012\n|move|p1a: Guarrilla|Fiery Dance|p2a: Altaria\n|-resisted|p2a: Altaria\n|-damage|p2a: Altaria|0 fnt\n|-boost|p1a: Guarrilla|spa|1\n|faint|p2a: Altaria\n|\n|upkeep\n|\n|t:|1700678024\n|switch|p2a: Iron Moth|Iron Moth|100\/100\n|-enditem|p2a: Iron Moth|Booster Energy\n|-activate|p2a: Iron Moth|ability: Quark Drive|[fromitem]\n|-start|p2a: Iron Moth|quarkdrivespa\n|turn|9\n|\n|t:|1700678039\n|move|p2a: Iron Moth|Bug Buzz|p1a: Guarrilla\n|-resisted|p1a: Guarrilla\n|-damage|p1a: Guarrilla|71\/100\n|move|p1a: Guarrilla|U-turn|p2a: Iron Moth\n|-resisted|p2a: Iron Moth\n|-damage|p2a: Iron Moth|96\/100\n|\n|t:|1700678047\n|-end|p1a: Guarrilla|Quark Drive|[silent]\n|switch|p1a: 33|Chansey, F|100\/100|[from] U-turn\n|\n|upkeep\n|turn|10\n|\n|t:|1700678052\n|-end|p2a: Iron Moth|Quark Drive|[silent]\n|switch|p2a: Aegislash|Aegislash, M, shiny|100\/100\n|move|p1a: 33|Light Screen|p1a: 33\n|-sidestart|p1: Elqnosabena|move: Light Screen\n|\n|upkeep\n|turn|11\n|\n|t:|1700678066\n|switch|p1a: Pedro De la Cueva|Scizor, F|100\/100\n|move|p2a: Aegislash|Swords Dance|p2a: Aegislash\n|-boost|p2a: Aegislash|atk|2\n|\n|upkeep\n|turn|12\n|\n|t:|1700678079\n|detailschange|p1a: Pedro De la Cueva|Scizor-Mega, F\n|-mega|p1a: Pedro De la Cueva|Scizor|Scizorite\n|move|p1a: Pedro De la Cueva|Knock Off|p2a: Aegislash\n|-supereffective|p2a: Aegislash\n|-damage|p2a: Aegislash|32\/100\n|-enditem|p2a: Aegislash|Heavy-Duty Boots|[from] move: Knock Off|[of] p1a: Pedro De la Cueva\n|-formechange|p2a: Aegislash|Aegislash-Blade||[from] ability: Stance Change\n|move|p2a: Aegislash|Sacred Sword|p1a: Pedro De la Cueva\n|-damage|p1a: Pedro De la Cueva|30\/100\n|\n|upkeep\n|turn|13\n|\n|t:|1700678093\n|move|p2a: Aegislash|Shadow Sneak|p1a: Pedro De la Cueva\n|-damage|p1a: Pedro De la Cueva|0 fnt\n|faint|p1a: Pedro De la Cueva\n|\n|upkeep\n|\n|t:|1700678098\n|switch|p1a: Guarrilla|Iron Moth|71\/100\n|turn|14\n|\n|t:|1700678127\n|switch|p2a: Iron Moth|Iron Moth|96\/100\n|move|p1a: Guarrilla|Fiery Dance|p2a: Iron Moth\n|-resisted|p2a: Iron Moth\n|-damage|p2a: Iron Moth|72\/100\n|\n|upkeep\n|turn|15\n|\n|t:|1700678138\n|move|p2a: Iron Moth|Discharge|p1a: Guarrilla\n|-damage|p1a: Guarrilla|55\/100\n|move|p1a: Guarrilla|Fiery Dance|p2a: Iron Moth\n|-resisted|p2a: Iron Moth\n|-damage|p2a: Iron Moth|49\/100\n|\n|upkeep\n|turn|16\n|\n|t:|1700678146\n|move|p2a: Iron Moth|Fiery Dance|p1a: Guarrilla\n|-resisted|p1a: Guarrilla\n|-damage|p1a: Guarrilla|44\/100\n|move|p1a: Guarrilla|Fiery Dance|p2a: Iron Moth\n|-resisted|p2a: Iron Moth\n|-damage|p2a: Iron Moth|24\/100\n|-boost|p1a: Guarrilla|spa|1\n|\n|upkeep\n|turn|17\n|\n|t:|1700678154\n|move|p1a: Guarrilla|Fiery Dance|p2a: Iron Moth\n|-resisted|p2a: Iron Moth\n|-damage|p2a: Iron Moth|0 fnt\n|-boost|p1a: Guarrilla|spa|1\n|faint|p2a: Iron Moth\n|-end|p2a: Iron Moth|Quark Drive|[silent]\n|\n|-sideend|p1: Elqnosabena|move: Light Screen\n|upkeep\n|\n|t:|1700678166\n|switch|p2a: Aegislash|Aegislash, M, shiny|32\/100\n|turn|18\n|\n|t:|1700678173\n|-formechange|p2a: Aegislash|Aegislash-Blade||[from] ability: Stance Change\n|move|p2a: Aegislash|Shadow Sneak|p1a: Guarrilla\n|-damage|p1a: Guarrilla|2\/100\n|move|p1a: Guarrilla|Fiery Dance|p2a: Aegislash\n|-supereffective|p2a: Aegislash\n|-damage|p2a: Aegislash|0 fnt\n|faint|p2a: Aegislash\n|\n|win|Elqnosabena\n|l|\u203dPAMTHEBOSHY\n","uploadtime":1700678183,"views":4,"p1id":"elqnosabena","p2id":"pamtheboshy","formatid":"gen9nationaldex","rating":0,"private":0,"password":""}