{"id":"gen9nationaldex-1992801697","p1":"PU Rules","p2":"yaya_x3","format":"[Gen 9] National Dex","log":"|j|\u2606PU Rules\n|j|\u2606yaya_x3\n|t:|1700236674\n|gametype|singles\n|player|p1|PU Rules|gentleman-gen4|\n|player|p2|yaya_x3|lass-gen6oras|\n|teamsize|p1|6\n|teamsize|p2|6\n|gen|9\n|tier|[Gen 9] National Dex\n|rule|HP Percentage Mod: HP is shown in percentages\n|rule|Endless Battle Clause: Forcing endless battles is banned\n|rule|OHKO Clause: OHKO moves are banned\n|rule|Evasion Clause: Evasion abilities, items, and moves are banned\n|rule|Evasion Abilities Clause: Evasion abilities are banned\n|rule|Evasion Items Clause: Evasion items are banned\n|rule|Evasion Moves Clause: Evasion moves are banned\n|rule|Species Clause: Limit one of each Pok\u00e9mon\n|rule|Sleep Clause Mod: Limit one foe put to sleep\n|clearpoke\n|poke|p1|Hoopa-Unbound|\n|poke|p1|Absol, M|\n|poke|p1|Zarude|\n|poke|p1|Weavile, M|\n|poke|p1|Hydreigon, F|\n|poke|p1|Corsola-Galar, F|\n|poke|p2|Tapu Lele|\n|poke|p2|Registeel|\n|poke|p2|Clefable, F|\n|poke|p2|Iron Valiant|\n|poke|p2|Crawdaunt, M|\n|poke|p2|Tauros-Paldea-Blaze, M|\n|teampreview\n|c|\u2606PU Rules|Good luck\n|\n|t:|1700236694\n|start\n|switch|p1a: Absol|Absol, M|100\/100\n|switch|p2a: Iron Man Buster|Registeel|100\/100\n|turn|1\n|\n|t:|1700236701\n|detailschange|p1a: Absol|Absol-Mega, M\n|-mega|p1a: Absol|Absol|Absolite\n|move|p1a: Absol|Knock Off|p2a: Iron Man Buster\n|-damage|p2a: Iron Man Buster|65\/100\n|-enditem|p2a: Iron Man Buster|Leftovers|[from] move: Knock Off|[of] p1a: Absol\n|move|p2a: Iron Man Buster|Iron Defense|p2a: Iron Man Buster\n|-boost|p2a: Iron Man Buster|def|2\n|\n|upkeep\n|turn|2\n|\n|t:|1700236713\n|switch|p1a: Corsola|Corsola-Galar, F|100\/100\n|move|p2a: Iron Man Buster|Body Press|p1a: Corsola\n|-immune|p1a: Corsola\n|\n|upkeep\n|turn|3\n|\n|t:|1700236720\n|move|p2a: Iron Man Buster|Toxic|p1a: Corsola\n|-status|p1a: Corsola|tox\n|move|p1a: Corsola|Haze|p1a: Corsola\n|-clearallboost\n|\n|-damage|p1a: Corsola|94\/100 tox|[from] psn\n|upkeep\n|turn|4\n|\n|t:|1700236729\n|move|p2a: Iron Man Buster|Iron Defense|p2a: Iron Man Buster\n|-boost|p2a: Iron Man Buster|def|2\n|move|p1a: Corsola|Will-O-Wisp|p2a: Iron Man Buster\n|-status|p2a: Iron Man Buster|brn\n|\n|-damage|p1a: Corsola|82\/100 tox|[from] psn\n|-damage|p2a: Iron Man Buster|59\/100 brn|[from] brn\n|upkeep\n|turn|5\n|\n|t:|1700236742\n|switch|p1a: Hoopa|Hoopa-Unbound|100\/100\n|move|p2a: Iron Man Buster|Iron Defense|p2a: Iron Man Buster\n|-boost|p2a: Iron Man Buster|def|2\n|\n|-damage|p2a: Iron Man Buster|53\/100 brn|[from] brn\n|upkeep\n|turn|6\n|\n|t:|1700236751\n|move|p1a: Hoopa|Dark Pulse|p2a: Iron Man Buster\n|-damage|p2a: Iron Man Buster|16\/100 brn\n|-damage|p1a: Hoopa|91\/100|[from] item: Life Orb\n|move|p2a: Iron Man Buster|Rest|p2a: Iron Man Buster\n|-status|p2a: Iron Man Buster|slp|[from] move: Rest\n|-heal|p2a: Iron Man Buster|100\/100 slp|[silent]\n|\n|upkeep\n|turn|7\n|\n|t:|1700236760\n|move|p1a: Hoopa|Psychic|p2a: Iron Man Buster\n|-resisted|p2a: Iron Man Buster\n|-damage|p2a: Iron Man Buster|80\/100 slp\n|-damage|p1a: Hoopa|81\/100|[from] item: Life Orb\n|cant|p2a: Iron Man Buster|slp\n|\n|upkeep\n|turn|8\n|\n|t:|1700236767\n|move|p1a: Hoopa|Dark Pulse|p2a: Iron Man Buster\n|-damage|p2a: Iron Man Buster|48\/100 slp\n|-damage|p1a: Hoopa|71\/100|[from] item: Life Orb\n|cant|p2a: Iron Man Buster|slp\n|\n|upkeep\n|turn|9\n|\n|t:|1700236774\n|move|p1a: Hoopa|Dark Pulse|p2a: Iron Man Buster\n|-damage|p2a: Iron Man Buster|14\/100 slp\n|-damage|p1a: Hoopa|61\/100|[from] item: Life Orb\n|-curestatus|p2a: Iron Man Buster|slp|[msg]\n|move|p2a: Iron Man Buster|Body Press|p1a: Hoopa\n|-damage|p1a: Hoopa|0 fnt\n|faint|p1a: Hoopa\n|\n|upkeep\n|\n|t:|1700236783\n|switch|p1a: Absol|Absol-Mega, M|100\/100\n|turn|10\n|\n|t:|1700236799\n|move|p1a: Absol|Close Combat|p2a: Iron Man Buster\n|-supereffective|p2a: Iron Man Buster\n|-crit|p2a: Iron Man Buster\n|-damage|p2a: Iron Man Buster|0 fnt\n|-unboost|p1a: Absol|def|1\n|-unboost|p1a: Absol|spd|1\n|faint|p2a: Iron Man Buster\n|\n|upkeep\n|\n|t:|1700236815\n|switch|p2a: Ling Ling|Tapu Lele|100\/100\n|-fieldstart|move: Psychic Terrain|[from] ability: Psychic Surge|[of] p2a: Ling Ling\n|turn|11\n|\n|t:|1700236824\n|switch|p1a: Corsola|Corsola-Galar, F|82\/100 tox\n|move|p2a: Ling Ling|Moonblast|p1a: Corsola\n|-damage|p1a: Corsola|55\/100 tox\n|\n|-damage|p1a: Corsola|49\/100 tox|[from] psn\n|upkeep\n|turn|12\n|\n|t:|1700236855\n|switch|p2a: NY - Tauros|Tauros-Paldea-Blaze, M|100\/100\n|-ability|p2a: NY - Tauros|Intimidate|boost\n|-unboost|p1a: Corsola|atk|1\n|move|p1a: Corsola|Strength Sap|p2a: NY - Tauros\n|-unboost|p2a: NY - Tauros|atk|1\n|-heal|p1a: Corsola|100\/100 tox\n|\n|-damage|p1a: Corsola|88\/100 tox|[from] psn\n|upkeep\n|turn|13\n|\n|t:|1700236880\n|move|p2a: NY - Tauros|Bulk Up|p2a: NY - Tauros\n|-boost|p2a: NY - Tauros|atk|1\n|-boost|p2a: NY - Tauros|def|1\n|move|p1a: Corsola|Strength Sap|p2a: NY - Tauros\n|-unboost|p2a: NY - Tauros|atk|1\n|-heal|p1a: Corsola|100\/100 tox\n|\n|-damage|p1a: Corsola|82\/100 tox|[from] psn\n|upkeep\n|turn|14\n|\n|t:|1700236891\n|switch|p1a: Hydreigon|Hydreigon, F|100\/100\n|move|p2a: NY - Tauros|Bulk Up|p2a: NY - Tauros\n|-boost|p2a: NY - Tauros|atk|1\n|-boost|p2a: NY - Tauros|def|1\n|\n|upkeep\n|turn|15\n|\n|t:|1700236910\n|switch|p2a: t\u1a30\u05c1\u05c5\uaab1\u05c1\u05c5\u05c1\u05c5\u05c1\uaa80\u0199\u05c1\u05c5\u1963\u05c1\uaac0\u05c1|Clefable, F|100\/100\n|move|p1a: Hydreigon|Draco Meteor|p2a: t\u1a30\u05c1\u05c5\uaab1\u05c1\u05c5\u05c1\u05c5\u05c1\uaa80\u0199\u05c1\u05c5\u1963\u05c1\uaac0\u05c1\n|-immune|p2a: t\u1a30\u05c1\u05c5\uaab1\u05c1\u05c5\u05c1\u05c5\u05c1\uaa80\u0199\u05c1\u05c5\u1963\u05c1\uaac0\u05c1\n|\n|-fieldend|move: Psychic Terrain\n|upkeep\n|turn|16\n|\n|t:|1700236934\n|switch|p1a: Corsola|Corsola-Galar, F|82\/100 tox\n|move|p2a: t\u1a30\u05c1\u05c5\uaab1\u05c1\u05c5\u05c1\u05c5\u05c1\uaa80\u0199\u05c1\u05c5\u1963\u05c1\uaac0\u05c1|Draining Kiss|p1a: Corsola\n|-damage|p1a: Corsola|73\/100 tox\n|\n|-damage|p1a: Corsola|67\/100 tox|[from] psn\n|upkeep\n|turn|17\n|\n|t:|1700236944\n|switch|p2a: NY - Tauros|Tauros-Paldea-Blaze, M|100\/100\n|-ability|p2a: NY - Tauros|Intimidate|boost\n|-unboost|p1a: Corsola|atk|1\n|move|p1a: Corsola|Night Shade|p2a: NY - Tauros\n|-damage|p2a: NY - Tauros|66\/100\n|\n|-heal|p2a: NY - Tauros|72\/100|[from] item: Leftovers\n|-damage|p1a: Corsola|54\/100 tox|[from] psn\n|upkeep\n|turn|18\n|\n|t:|1700236967\n|move|p2a: NY - Tauros|Bulk Up|p2a: NY - Tauros\n|-boost|p2a: NY - Tauros|atk|1\n|-boost|p2a: NY - Tauros|def|1\n|move|p1a: Corsola|Strength Sap|p2a: NY - Tauros\n|-unboost|p2a: NY - Tauros|atk|1\n|-heal|p1a: Corsola|100\/100 tox\n|\n|-heal|p2a: NY - Tauros|79\/100|[from] item: Leftovers\n|-damage|p1a: Corsola|82\/100 tox|[from] psn\n|upkeep\n|turn|19\n|\n|t:|1700236986\n|move|p2a: NY - Tauros|Trailblaze|p1a: Corsola\n|-damage|p1a: Corsola|69\/100 tox\n|-boost|p2a: NY - Tauros|spe|1\n|-ability|p1a: Corsola|Weak Armor|boost\n|-unboost|p1a: Corsola|def|1\n|-boost|p1a: Corsola|spe|2\n|move|p1a: Corsola|Night Shade|p2a: NY - Tauros\n|-damage|p2a: NY - Tauros|44\/100\n|\n|-heal|p2a: NY - Tauros|50\/100|[from] item: Leftovers\n|-damage|p1a: Corsola|44\/100 tox|[from] psn\n|upkeep\n|turn|20\n|\n|t:|1700237001\n|move|p2a: NY - Tauros|Bulk Up|p2a: NY - Tauros\n|-boost|p2a: NY - Tauros|atk|1\n|-boost|p2a: NY - Tauros|def|1\n|move|p1a: Corsola|Strength Sap|p2a: NY - Tauros\n|-unboost|p2a: NY - Tauros|atk|1\n|-heal|p1a: Corsola|100\/100 tox\n|\n|-heal|p2a: NY - Tauros|57\/100|[from] item: Leftovers\n|-damage|p1a: Corsola|70\/100 tox|[from] psn\n|upkeep\n|turn|21\n|\n|t:|1700237012\n|move|p2a: NY - Tauros|Bulk Up|p2a: NY - Tauros\n|-boost|p2a: NY - Tauros|atk|1\n|-boost|p2a: NY - Tauros|def|1\n|move|p1a: Corsola|Haze|p1a: Corsola\n|-clearallboost\n|\n|-heal|p2a: NY - Tauros|63\/100|[from] item: Leftovers\n|-damage|p1a: Corsola|33\/100 tox|[from] psn\n|upkeep\n|turn|22\n|\n|t:|1700237037\n|switch|p1a: Hydreigon|Hydreigon, F|100\/100\n|move|p2a: NY - Tauros|Close Combat|p1a: Hydreigon\n|-supereffective|p1a: Hydreigon\n|-damage|p1a: Hydreigon|0 fnt\n|-unboost|p2a: NY - Tauros|def|1\n|-unboost|p2a: NY - Tauros|spd|1\n|faint|p1a: Hydreigon\n|\n|-heal|p2a: NY - Tauros|69\/100|[from] item: Leftovers\n|upkeep\n|\n|t:|1700237040\n|switch|p1a: Weavile|Weavile, M|100\/100\n|-ability|p1a: Weavile|Pressure\n|turn|23\n|\n|t:|1700237064\n|switch|p2a: t\u1a30\u05c1\u05c5\uaab1\u05c1\u05c5\u05c1\u05c5\u05c1\uaa80\u0199\u05c1\u05c5\u1963\u05c1\uaac0\u05c1|Clefable, F|100\/100\n|move|p1a: Weavile|Swords Dance|p1a: Weavile\n|-boost|p1a: Weavile|atk|2\n|\n|upkeep\n|turn|24\n|\n|t:|1700237077\n|move|p1a: Weavile|Ice Shard|p2a: t\u1a30\u05c1\u05c5\uaab1\u05c1\u05c5\u05c1\u05c5\u05c1\uaa80\u0199\u05c1\u05c5\u1963\u05c1\uaac0\u05c1\n|-damage|p2a: t\u1a30\u05c1\u05c5\uaab1\u05c1\u05c5\u05c1\u05c5\u05c1\uaa80\u0199\u05c1\u05c5\u1963\u05c1\uaac0\u05c1|85\/100\n|move|p2a: t\u1a30\u05c1\u05c5\uaab1\u05c1\u05c5\u05c1\u05c5\u05c1\uaa80\u0199\u05c1\u05c5\u1963\u05c1\uaac0\u05c1|Draining Kiss|p1a: Weavile\n|-supereffective|p1a: Weavile\n|-damage|p1a: Weavile|56\/100\n|-heal|p2a: t\u1a30\u05c1\u05c5\uaab1\u05c1\u05c5\u05c1\u05c5\u05c1\uaa80\u0199\u05c1\u05c5\u1963\u05c1\uaac0\u05c1|100\/100|[from] drain|[of] p1a: Weavile\n|\n|upkeep\n|turn|25\n|\n|t:|1700237091\n|move|p1a: Weavile|Knock Off|p2a: t\u1a30\u05c1\u05c5\uaab1\u05c1\u05c5\u05c1\u05c5\u05c1\uaa80\u0199\u05c1\u05c5\u1963\u05c1\uaac0\u05c1\n|-resisted|p2a: t\u1a30\u05c1\u05c5\uaab1\u05c1\u05c5\u05c1\u05c5\u05c1\uaa80\u0199\u05c1\u05c5\u1963\u05c1\uaac0\u05c1\n|-damage|p2a: t\u1a30\u05c1\u05c5\uaab1\u05c1\u05c5\u05c1\u05c5\u05c1\uaa80\u0199\u05c1\u05c5\u1963\u05c1\uaac0\u05c1|83\/100\n|-enditem|p2a: t\u1a30\u05c1\u05c5\uaab1\u05c1\u05c5\u05c1\u05c5\u05c1\uaa80\u0199\u05c1\u05c5\u1963\u05c1\uaac0\u05c1|Leftovers|[from] move: Knock Off|[of] p1a: Weavile\n|move|p2a: t\u1a30\u05c1\u05c5\uaab1\u05c1\u05c5\u05c1\u05c5\u05c1\uaa80\u0199\u05c1\u05c5\u1963\u05c1\uaac0\u05c1|Calm Mind|p2a: t\u1a30\u05c1\u05c5\uaab1\u05c1\u05c5\u05c1\u05c5\u05c1\uaa80\u0199\u05c1\u05c5\u1963\u05c1\uaac0\u05c1\n|-boost|p2a: t\u1a30\u05c1\u05c5\uaab1\u05c1\u05c5\u05c1\u05c5\u05c1\uaa80\u0199\u05c1\u05c5\u1963\u05c1\uaac0\u05c1|spa|1\n|-boost|p2a: t\u1a30\u05c1\u05c5\uaab1\u05c1\u05c5\u05c1\u05c5\u05c1\uaa80\u0199\u05c1\u05c5\u1963\u05c1\uaac0\u05c1|spd|1\n|\n|upkeep\n|turn|26\n|\n|t:|1700237099\n|switch|p1a: Corsola|Corsola-Galar, F|33\/100 tox\n|move|p2a: t\u1a30\u05c1\u05c5\uaab1\u05c1\u05c5\u05c1\u05c5\u05c1\uaa80\u0199\u05c1\u05c5\u1963\u05c1\uaac0\u05c1|Draining Kiss|p1a: Corsola\n|-damage|p1a: Corsola|20\/100 tox\n|-heal|p2a: t\u1a30\u05c1\u05c5\uaab1\u05c1\u05c5\u05c1\u05c5\u05c1\uaa80\u0199\u05c1\u05c5\u1963\u05c1\uaac0\u05c1|91\/100|[from] drain|[of] p1a: Corsola\n|\n|-damage|p1a: Corsola|14\/100 tox|[from] psn\n|upkeep\n|turn|27\n|\n|t:|1700237109\n|move|p2a: t\u1a30\u05c1\u05c5\uaab1\u05c1\u05c5\u05c1\u05c5\u05c1\uaa80\u0199\u05c1\u05c5\u1963\u05c1\uaac0\u05c1|Draining Kiss|p1a: Corsola\n|-damage|p1a: Corsola|0 fnt\n|-heal|p2a: t\u1a30\u05c1\u05c5\uaab1\u05c1\u05c5\u05c1\u05c5\u05c1\uaa80\u0199\u05c1\u05c5\u1963\u05c1\uaac0\u05c1|99\/100|[from] drain|[of] p1a: Corsola\n|faint|p1a: Corsola\n|\n|upkeep\n|\n|t:|1700237116\n|switch|p1a: Zarude|Zarude|100\/100\n|turn|28\n|\n|t:|1700237126\n|move|p1a: Zarude|Iron Tail|p2a: t\u1a30\u05c1\u05c5\uaab1\u05c1\u05c5\u05c1\u05c5\u05c1\uaa80\u0199\u05c1\u05c5\u1963\u05c1\uaac0\u05c1\n|-supereffective|p2a: t\u1a30\u05c1\u05c5\uaab1\u05c1\u05c5\u05c1\u05c5\u05c1\uaa80\u0199\u05c1\u05c5\u1963\u05c1\uaac0\u05c1\n|-damage|p2a: t\u1a30\u05c1\u05c5\uaab1\u05c1\u05c5\u05c1\u05c5\u05c1\uaa80\u0199\u05c1\u05c5\u1963\u05c1\uaac0\u05c1|45\/100\n|move|p2a: t\u1a30\u05c1\u05c5\uaab1\u05c1\u05c5\u05c1\u05c5\u05c1\uaa80\u0199\u05c1\u05c5\u1963\u05c1\uaac0\u05c1|Draining Kiss|p1a: Zarude\n|-supereffective|p1a: Zarude\n|-damage|p1a: Zarude|49\/100\n|-heal|p2a: t\u1a30\u05c1\u05c5\uaab1\u05c1\u05c5\u05c1\u05c5\u05c1\uaa80\u0199\u05c1\u05c5\u1963\u05c1\uaac0\u05c1|80\/100|[from] drain|[of] p1a: Zarude\n|\n|-heal|p1a: Zarude|55\/100|[from] item: Leftovers\n|upkeep\n|turn|29\n|\n|t:|1700237139\n|move|p1a: Zarude|Power Whip|p2a: t\u1a30\u05c1\u05c5\uaab1\u05c1\u05c5\u05c1\u05c5\u05c1\uaa80\u0199\u05c1\u05c5\u1963\u05c1\uaac0\u05c1\n|-damage|p2a: t\u1a30\u05c1\u05c5\uaab1\u05c1\u05c5\u05c1\u05c5\u05c1\uaa80\u0199\u05c1\u05c5\u1963\u05c1\uaac0\u05c1|34\/100\n|move|p2a: t\u1a30\u05c1\u05c5\uaab1\u05c1\u05c5\u05c1\u05c5\u05c1\uaa80\u0199\u05c1\u05c5\u1963\u05c1\uaac0\u05c1|Draining Kiss|p1a: Zarude\n|-supereffective|p1a: Zarude\n|-damage|p1a: Zarude|7\/100\n|-heal|p2a: t\u1a30\u05c1\u05c5\uaab1\u05c1\u05c5\u05c1\u05c5\u05c1\uaa80\u0199\u05c1\u05c5\u1963\u05c1\uaac0\u05c1|66\/100|[from] drain|[of] p1a: Zarude\n|\n|-heal|p1a: Zarude|13\/100|[from] item: Leftovers\n|upkeep\n|turn|30\n|\n|t:|1700237149\n|move|p1a: Zarude|Iron Tail|p2a: t\u1a30\u05c1\u05c5\uaab1\u05c1\u05c5\u05c1\u05c5\u05c1\uaa80\u0199\u05c1\u05c5\u1963\u05c1\uaac0\u05c1\n|-supereffective|p2a: t\u1a30\u05c1\u05c5\uaab1\u05c1\u05c5\u05c1\u05c5\u05c1\uaa80\u0199\u05c1\u05c5\u1963\u05c1\uaac0\u05c1\n|-crit|p2a: t\u1a30\u05c1\u05c5\uaab1\u05c1\u05c5\u05c1\u05c5\u05c1\uaa80\u0199\u05c1\u05c5\u1963\u05c1\uaac0\u05c1\n|-damage|p2a: t\u1a30\u05c1\u05c5\uaab1\u05c1\u05c5\u05c1\u05c5\u05c1\uaa80\u0199\u05c1\u05c5\u1963\u05c1\uaac0\u05c1|0 fnt\n|faint|p2a: t\u1a30\u05c1\u05c5\uaab1\u05c1\u05c5\u05c1\u05c5\u05c1\uaa80\u0199\u05c1\u05c5\u1963\u05c1\uaac0\u05c1\n|\n|-heal|p1a: Zarude|19\/100|[from] item: Leftovers\n|upkeep\n|\n|t:|1700237159\n|switch|p2a: Ling Ling|Tapu Lele|100\/100\n|-fieldstart|move: Psychic Terrain|[from] ability: Psychic Surge|[of] p2a: Ling Ling\n|turn|31\n|\n|t:|1700237175\n|move|p2a: Ling Ling|Moonblast|p1a: Zarude\n|-supereffective|p1a: Zarude\n|-damage|p1a: Zarude|0 fnt\n|faint|p1a: Zarude\n|\n|upkeep\n|\n|t:|1700237180\n|switch|p1a: Absol|Absol-Mega, M|100\/100\n|turn|32\n|\n|t:|1700237183\n|move|p2a: Ling Ling|Moonblast|p1a: Absol\n|-supereffective|p1a: Absol\n|-damage|p1a: Absol|0 fnt\n|faint|p1a: Absol\n|\n|upkeep\n|\n|t:|1700237185\n|switch|p1a: Weavile|Weavile, M|56\/100\n|-ability|p1a: Weavile|Pressure\n|turn|33\n|c|\u2606PU Rules|Ggs!\n|\n|t:|1700237192\n|move|p1a: Weavile|Ice Shard|p2a: Ling Ling\n|-activate|p2a: Ling Ling|move: Psychic Terrain\n|move|p2a: Ling Ling|Moonblast|p1a: Weavile\n|-supereffective|p1a: Weavile\n|-damage|p1a: Weavile|0 fnt\n|faint|p1a: Weavile\n|\n|win|yaya_x3\n|l|\u2606PU Rules\n|c|\u2606yaya_x3|gg!\n","uploadtime":1700237207,"views":22,"p1id":"purules","p2id":"yayax3","formatid":"gen9nationaldex","rating":0,"private":0,"password":""}