{"id":"gen9nationaldex-1998625394","p1":"Btmj02","p2":"tnin147","format":"[Gen 9] National Dex","log":"|html|<div class=\"broadcast-blue\"><strong>[Gen 9] National Dex is currently suspecting Sneasler! For information on how to participate check out the <a href=\"https:\/\/www.smogon.com\/forums\/threads\/sv-national-dex-suspect-8-just-dance.3731534\/\">suspect thread<\/a>.<\/strong><\/div>\n|j|\u2606Btmj02\n|j|\u2606tnin147\n|t:|1700964498\n|gametype|singles\n|player|p1|Btmj02|2|1077\n|player|p2|tnin147|101|1059\n|teamsize|p1|6\n|teamsize|p2|6\n|gen|9\n|tier|[Gen 9] National Dex\n|rated|\n|rule|HP Percentage Mod: HP is shown in percentages\n|rule|Endless Battle Clause: Forcing endless battles is banned\n|rule|OHKO Clause: OHKO moves are banned\n|rule|Evasion Clause: Evasion abilities, items, and moves are banned\n|rule|Evasion Abilities Clause: Evasion abilities are banned\n|rule|Evasion Items Clause: Evasion items are banned\n|rule|Evasion Moves Clause: Evasion moves are banned\n|rule|Species Clause: Limit one of each Pok\u00e9mon\n|rule|Sleep Clause Mod: Limit one foe put to sleep\n|clearpoke\n|poke|p1|Floatzel, M|\n|poke|p1|Pelipper, F|\n|poke|p1|Vivillon, F|\n|poke|p1|Zapdos|\n|poke|p1|Glimmora, F|\n|poke|p1|Amoonguss, M|\n|poke|p2|Slowking-Galar, M|\n|poke|p2|Tornadus-Therian, M|\n|poke|p2|Ting-Lu|\n|poke|p2|Cinderace, F|\n|poke|p2|Kommo-o, F|\n|poke|p2|Scizor, F|\n|teampreview\n|\n|t:|1700964576\n|start\n|switch|p1a: Vivillon|Vivillon, F|100\/100\n|switch|p2a: Ting-Lu|Ting-Lu|100\/100\n|-ability|p2a: Ting-Lu|Vessel of Ruin\n|turn|1\n|\n|t:|1700964589\n|move|p1a: Vivillon|Sleep Powder|p2a: Ting-Lu\n|-status|p2a: Ting-Lu|slp|[from] move: Sleep Powder\n|cant|p2a: Ting-Lu|slp\n|\n|upkeep\n|turn|2\n|\n|t:|1700964596\n|switch|p2a: Cinderace|Cinderace, F, shiny|100\/100\n|move|p1a: Vivillon|Quiver Dance|p1a: Vivillon\n|-boost|p1a: Vivillon|spa|1\n|-boost|p1a: Vivillon|spd|1\n|-boost|p1a: Vivillon|spe|1\n|\n|upkeep\n|turn|3\n|\n|t:|1700964608\n|move|p1a: Vivillon|Sleep Powder|p2a: Cinderace\n|-message|Sleep Clause Mod activated.\n|-hint|Sleep Clause Mod prevents players from putting more than one of their opponent's Pok\u00e9mon to sleep at a time\n|move|p2a: Cinderace|Pyro Ball|p1a: Vivillon\n|-supereffective|p1a: Vivillon\n|-damage|p1a: Vivillon|0 fnt\n|faint|p1a: Vivillon\n|\n|upkeep\n|\n|t:|1700964619\n|switch|p1a: Floatzel|Floatzel, M|100\/100\n|turn|4\n|\n|t:|1700964664\n|switch|p1a: Pelipper|Pelipper, F|100\/100\n|-weather|RainDance|[from] ability: Drizzle|[of] p1a: Pelipper\n|move|p2a: Cinderace|Will-O-Wisp|p1a: Pelipper\n|-status|p1a: Pelipper|brn\n|\n|-weather|RainDance|[upkeep]\n|-damage|p1a: Pelipper|94\/100 brn|[from] brn\n|upkeep\n|turn|5\n|\n|t:|1700964677\n|move|p2a: Cinderace|U-turn|p1a: Pelipper\n|-resisted|p1a: Pelipper\n|-damage|p1a: Pelipper|84\/100 brn\n|\n|t:|1700964681\n|switch|p2a: Ting-Lu|Ting-Lu|100\/100 slp|[from] U-turn\n|-ability|p2a: Ting-Lu|Vessel of Ruin\n|move|p1a: Pelipper|Surf|p2a: Ting-Lu\n|-supereffective|p2a: Ting-Lu\n|-damage|p2a: Ting-Lu|44\/100 slp\n|\n|-weather|RainDance|[upkeep]\n|-heal|p2a: Ting-Lu|50\/100 slp|[from] item: Leftovers\n|-damage|p1a: Pelipper|77\/100 brn|[from] brn\n|upkeep\n|turn|6\n|\n|t:|1700964703\n|move|p1a: Pelipper|Surf|p2a: Ting-Lu\n|-supereffective|p2a: Ting-Lu\n|-damage|p2a: Ting-Lu|0 fnt\n|faint|p2a: Ting-Lu\n|\n|-weather|RainDance|[upkeep]\n|-damage|p1a: Pelipper|71\/100 brn|[from] brn\n|upkeep\n|\n|t:|1700964712\n|switch|p2a: Tornadus|Tornadus-Therian, M, shiny|100\/100\n|turn|7\n|\n|t:|1700964722\n|switch|p1a: Glimmora|Glimmora, F|100\/100\n|move|p2a: Tornadus|Bleakwind Storm|p1a: Glimmora\n|-resisted|p1a: Glimmora\n|-damage|p1a: Glimmora|68\/100\n|-unboost|p1a: Glimmora|spe|1\n|-enditem|p1a: Glimmora|Eject Button\n|\n|t:|1700964734\n|switch|p1a: Floatzel|Floatzel, M|100\/100\n|\n|-weather|RainDance|[upkeep]\n|upkeep\n|turn|8\n|\n|t:|1700964749\n|-terastallize|p1a: Floatzel|Water\n|move|p1a: Floatzel|Liquidation|p2a: Tornadus\n|-damage|p2a: Tornadus|0 fnt\n|faint|p2a: Tornadus\n|\n|-weather|RainDance|[upkeep]\n|upkeep\n|\n|t:|1700964757\n|switch|p2a: Slowking|Slowking-Galar, M, shiny|100\/100\n|turn|9\n|\n|t:|1700964760\n|move|p1a: Floatzel|Liquidation|p2a: Slowking\n|-damage|p2a: Slowking|0 fnt\n|faint|p2a: Slowking\n|\n|-weather|RainDance|[upkeep]\n|upkeep\n|\n|t:|1700964775\n|switch|p2a: Kommo-o|Kommo-o, F, shiny|100\/100\n|turn|10\n|\n|t:|1700964781\n|move|p1a: Floatzel|Liquidation|p2a: Kommo-o\n|-resisted|p2a: Kommo-o\n|-damage|p2a: Kommo-o|31\/100\n|move|p2a: Kommo-o|Boomburst|p1a: Floatzel\n|-damage|p1a: Floatzel|11\/100\n|-enditem|p2a: Kommo-o|Throat Spray\n|-boost|p2a: Kommo-o|spa|1|[from] item: Throat Spray\n|\n|-weather|RainDance|[upkeep]\n|upkeep\n|turn|11\n|\n|t:|1700964792\n|move|p1a: Floatzel|Liquidation|p2a: Kommo-o\n|-resisted|p2a: Kommo-o\n|-damage|p2a: Kommo-o|0 fnt\n|faint|p2a: Kommo-o\n|\n|-weather|none\n|upkeep\n|\n|t:|1700964797\n|switch|p2a: Scizor|Scizor, F, shiny|100\/100\n|turn|12\n|\n|t:|1700964808\n|switch|p1a: Pelipper|Pelipper, F|71\/100 brn\n|-weather|RainDance|[from] ability: Drizzle|[of] p1a: Pelipper\n|detailschange|p2a: Scizor|Scizor-Mega, F, shiny\n|-mega|p2a: Scizor|Scizor|Scizorite\n|move|p2a: Scizor|Bullet Punch|p1a: Pelipper\n|-resisted|p1a: Pelipper\n|-damage|p1a: Pelipper|55\/100 brn\n|\n|-weather|RainDance|[upkeep]\n|-damage|p1a: Pelipper|49\/100 brn|[from] brn\n|upkeep\n|turn|13\n|\n|t:|1700964820\n|move|p2a: Scizor|Swords Dance|p2a: Scizor\n|-boost|p2a: Scizor|atk|2\n|move|p1a: Pelipper|Surf|p2a: Scizor\n|-damage|p2a: Scizor|46\/100\n|\n|-weather|RainDance|[upkeep]\n|-damage|p1a: Pelipper|42\/100 brn|[from] brn\n|upkeep\n|turn|14\n|\n|t:|1700964828\n|move|p2a: Scizor|Pursuit|p1a: Pelipper\n|-damage|p1a: Pelipper|3\/100 brn\n|move|p1a: Pelipper|Surf|p2a: Scizor\n|-damage|p2a: Scizor|0 fnt\n|faint|p2a: Scizor\n|\n|-weather|RainDance|[upkeep]\n|-damage|p1a: Pelipper|0 fnt|[from] brn\n|faint|p1a: Pelipper\n|upkeep\n|\n|t:|1700964841\n|switch|p2a: Cinderace|Cinderace, F, shiny|100\/100\n|switch|p1a: Glimmora|Glimmora, F|68\/100\n|turn|15\n|\n|t:|1700964851\n|move|p2a: Cinderace|Pyro Ball|p1a: Glimmora\n|-resisted|p1a: Glimmora\n|-damage|p1a: Glimmora|58\/100\n|-activate|p1a: Glimmora|ability: Toxic Debris\n|-sidestart|p2: tnin147|move: Toxic Spikes\n|move|p1a: Glimmora|Power Gem|p2a: Cinderace\n|-supereffective|p2a: Cinderace\n|-damage|p2a: Cinderace|0 fnt\n|faint|p2a: Cinderace\n|\n|win|Btmj02\n|raw|Btmj02's rating: 1077 &rarr; <strong>1104<\/strong><br \/>(+27 for winning)\n|raw|tnin147's rating: 1059 &rarr; <strong>1041<\/strong><br \/>(-18 for losing)\n|l|\u2606Btmj02\n|l|\u2606tnin147\n|j|\u2606Btmj02\n|player|p1|Btmj02|2\n","uploadtime":1700964890,"views":1,"p1id":"btmj02","p2id":"tnin147","formatid":"gen9nationaldex","rating":1041,"private":0,"password":""}