{"id":"gen9nationaldex-1994969913","p1":"nezephet","p2":"Marty1010","format":"[Gen 9] National Dex","log":"|html|<div class=\"broadcast-blue\"><strong>[Gen 9] National Dex is currently suspecting Sneasler! For information on how to participate check out the <a href=\"https:\/\/www.smogon.com\/forums\/threads\/sv-national-dex-suspect-8-just-dance.3731534\/\">suspect thread<\/a>.<\/strong><\/div>\n|j|\u2606nezephet\n|j|\u2606Marty1010\n|t:|1700509105\n|gametype|singles\n|player|p1|nezephet|266|1231\n|player|p2|Marty1010|blackbelt-gen4|1300\n|teamsize|p1|6\n|teamsize|p2|6\n|gen|9\n|tier|[Gen 9] National Dex\n|rated|\n|rule|HP Percentage Mod: HP is shown in percentages\n|rule|Endless Battle Clause: Forcing endless battles is banned\n|rule|OHKO Clause: OHKO moves are banned\n|rule|Evasion Clause: Evasion abilities, items, and moves are banned\n|rule|Evasion Abilities Clause: Evasion abilities are banned\n|rule|Evasion Items Clause: Evasion items are banned\n|rule|Evasion Moves Clause: Evasion moves are banned\n|rule|Species Clause: Limit one of each Pok\u00e9mon\n|rule|Sleep Clause Mod: Limit one foe put to sleep\n|clearpoke\n|poke|p1|Ogerpon-Wellspring, F|\n|poke|p1|Ribombee, M|\n|poke|p1|Great Tusk|\n|poke|p1|Iron Moth|\n|poke|p1|Iron Thorns|\n|poke|p1|Clodsire, M|\n|poke|p2|Charizard, F|\n|poke|p2|Leafeon, M|\n|poke|p2|Ferrothorn, F|\n|poke|p2|Corviknight, F|\n|poke|p2|Garganacl, M|\n|poke|p2|Toxapex, F|\n|teampreview\n|inactive|Battle timer is ON: inactive players will automatically lose when time's up. (requested by nezephet)\n|\n|t:|1700509122\n|start\n|switch|p1a: Iron Moth|Iron Moth|100\/100\n|switch|p2a: Corviknight|Corviknight, F|100\/100\n|-ability|p2a: Corviknight|Pressure\n|-enditem|p1a: Iron Moth|Booster Energy\n|-activate|p1a: Iron Moth|ability: Quark Drive|[fromitem]\n|-start|p1a: Iron Moth|quarkdrivespa\n|turn|1\n|\n|t:|1700509131\n|switch|p2a: Garganacl|Garganacl, M|100\/100\n|move|p1a: Iron Moth|Substitute|p1a: Iron Moth\n|-start|p1a: Iron Moth|Substitute\n|-damage|p1a: Iron Moth|76\/100\n|\n|upkeep\n|turn|2\n|\n|t:|1700509137\n|move|p1a: Iron Moth|Fiery Dance|p2a: Garganacl\n|-resisted|p2a: Garganacl\n|-damage|p2a: Garganacl|81\/100\n|move|p2a: Garganacl|Stone Edge|p1a: Iron Moth\n|-supereffective|p1a: Iron Moth\n|-end|p1a: Iron Moth|Substitute\n|\n|upkeep\n|turn|3\n|\n|t:|1700509145\n|-end|p1a: Iron Moth|Quark Drive|[silent]\n|switch|p1a: Clodsire|Clodsire, M|100\/100\n|move|p2a: Garganacl|Stone Edge|p1a: Clodsire\n|-resisted|p1a: Clodsire\n|-damage|p1a: Clodsire|83\/100\n|\n|-heal|p1a: Clodsire|89\/100|[from] item: Leftovers\n|upkeep\n|turn|4\n|\n|t:|1700509157\n|switch|p2a: Spikey|Ferrothorn, F|100\/100\n|move|p1a: Clodsire|Stealth Rock|p2a: Spikey\n|-sidestart|p2: Marty1010|move: Stealth Rock\n|\n|-heal|p1a: Clodsire|95\/100|[from] item: Leftovers\n|upkeep\n|turn|5\n|\n|t:|1700509163\n|move|p1a: Clodsire|Yawn|p2a: Spikey\n|-start|p2a: Spikey|move: Yawn|[of] p1a: Clodsire\n|move|p2a: Spikey|Stealth Rock|p1a: Clodsire\n|-sidestart|p1: nezephet|move: Stealth Rock\n|\n|-heal|p1a: Clodsire|100\/100|[from] item: Leftovers\n|upkeep\n|turn|6\n|\n|t:|1700509170\n|switch|p1a: Great Tusk|Great Tusk|100\/100\n|-damage|p1a: Great Tusk|98\/100|[from] Stealth Rock\n|-enditem|p1a: Great Tusk|Booster Energy\n|-activate|p1a: Great Tusk|ability: Protosynthesis|[fromitem]\n|-start|p1a: Great Tusk|protosynthesisatk\n|switch|p2a: Corviknight|Corviknight, F|100\/100\n|-ability|p2a: Corviknight|Pressure\n|\n|upkeep\n|turn|7\n|\n|t:|1700509179\n|move|p1a: Great Tusk|Knock Off|p2a: Corviknight\n|-damage|p2a: Corviknight|67\/100\n|-enditem|p2a: Corviknight|Heavy-Duty Boots|[from] move: Knock Off|[of] p1a: Great Tusk\n|move|p2a: Corviknight|Iron Defense|p2a: Corviknight\n|-boost|p2a: Corviknight|def|2\n|\n|upkeep\n|turn|8\n|\n|t:|1700509186\n|move|p1a: Great Tusk|Rapid Spin|p2a: Corviknight\n|-resisted|p2a: Corviknight\n|-damage|p2a: Corviknight|62\/100\n|-boost|p1a: Great Tusk|spe|1\n|-sideend|p1: nezephet|Stealth Rock|[from] move: Rapid Spin|[of] p1a: Great Tusk\n|move|p2a: Corviknight|Roost|p2a: Corviknight\n|-heal|p2a: Corviknight|100\/100\n|-singleturn|p2a: Corviknight|move: Roost\n|\n|upkeep\n|turn|9\n|\n|t:|1700509194\n|-end|p1a: Great Tusk|Protosynthesis|[silent]\n|switch|p1a: Ribombee|Ribombee, M|100\/100\n|move|p2a: Corviknight|Iron Defense|p2a: Corviknight\n|-boost|p2a: Corviknight|def|2\n|\n|upkeep\n|turn|10\n|\n|t:|1700509199\n|move|p1a: Ribombee|Stun Spore|p2a: Corviknight\n|-status|p2a: Corviknight|par\n|move|p2a: Corviknight|Brave Bird|p1a: Ribombee\n|-supereffective|p1a: Ribombee\n|-enditem|p1a: Ribombee|Focus Sash\n|-damage|p1a: Ribombee|1\/100\n|-damage|p2a: Corviknight|79\/100 par|[from] Recoil\n|\n|upkeep\n|turn|11\n|\n|t:|1700509209\n|move|p1a: Ribombee|Sticky Web|p2a: Corviknight\n|-sidestart|p2: Marty1010|move: Sticky Web\n|move|p2a: Corviknight|Iron Defense|p2a: Corviknight\n|-boost|p2a: Corviknight|def|2\n|\n|upkeep\n|turn|12\n|\n|t:|1700509217\n|switch|p1a: Iron Thorns|Iron Thorns|100\/100\n|-enditem|p1a: Iron Thorns|Booster Energy\n|-activate|p1a: Iron Thorns|ability: Quark Drive|[fromitem]\n|-start|p1a: Iron Thorns|quarkdriveatk\n|move|p2a: Corviknight|Body Press|p1a: Iron Thorns\n|-supereffective|p1a: Iron Thorns\n|-damage|p1a: Iron Thorns|0 fnt\n|faint|p1a: Iron Thorns\n|-end|p1a: Iron Thorns|Quark Drive|[silent]\n|\n|upkeep\n|\n|t:|1700509228\n|switch|p1a: Iron Moth|Iron Moth|76\/100\n|turn|13\n|\n|t:|1700509231\n|move|p1a: Iron Moth|Fiery Dance|p2a: Corviknight\n|-supereffective|p2a: Corviknight\n|-damage|p2a: Corviknight|21\/100 par\n|move|p2a: Corviknight|Brave Bird|p1a: Iron Moth\n|-damage|p1a: Iron Moth|17\/100\n|-damage|p2a: Corviknight|7\/100 par|[from] Recoil\n|\n|upkeep\n|turn|14\n|\n|t:|1700509238\n|move|p1a: Iron Moth|Fiery Dance|p2a: Corviknight\n|-supereffective|p2a: Corviknight\n|-damage|p2a: Corviknight|0 fnt\n|-boost|p1a: Iron Moth|spa|1\n|faint|p2a: Corviknight\n|\n|upkeep\n|\n|t:|1700509244\n|switch|p2a: Poison|Toxapex, F|100\/100\n|-damage|p2a: Poison|88\/100|[from] Stealth Rock\n|-activate|p2a: Poison|move: Sticky Web\n|-unboost|p2a: Poison|spe|1\n|turn|15\n|\n|t:|1700509250\n|move|p1a: Iron Moth|Fiery Dance|p2a: Poison\n|-resisted|p2a: Poison\n|-damage|p2a: Poison|63\/100\n|move|p2a: Poison|Scald|p1a: Iron Moth\n|-supereffective|p1a: Iron Moth\n|-damage|p1a: Iron Moth|0 fnt\n|faint|p1a: Iron Moth\n|-end|p1a: Iron Moth|Quark Drive|[silent]\n|\n|-heal|p2a: Poison|69\/100|[from] item: Black Sludge\n|upkeep\n|\n|t:|1700509258\n|switch|p1a: Ribombee|Ribombee, M|1\/100\n|turn|16\n|\n|t:|1700509261\n|move|p1a: Ribombee|Stun Spore|p2a: Poison\n|-status|p2a: Poison|par\n|cant|p2a: Poison|par\n|\n|-heal|p2a: Poison|75\/100 par|[from] item: Black Sludge\n|upkeep\n|turn|17\n|\n|t:|1700509272\n|switch|p1a: Ogerpon|Ogerpon-Wellspring, F|100\/100\n|move|p2a: Poison|Toxic Spikes|p1a: Ogerpon\n|-sidestart|p1: nezephet|move: Toxic Spikes\n|\n|-heal|p2a: Poison|81\/100 par|[from] item: Black Sludge\n|upkeep\n|turn|18\n|\n|t:|1700509279\n|move|p2a: Poison|Baneful Bunker|p2a: Poison\n|-singleturn|p2a: Poison|move: Protect\n|move|p1a: Ogerpon|Horn Leech|p2a: Poison\n|-activate|p2a: Poison|move: Protect\n|-status|p1a: Ogerpon|psn\n|\n|-heal|p2a: Poison|88\/100 par|[from] item: Black Sludge\n|-damage|p1a: Ogerpon|88\/100 psn|[from] psn\n|upkeep\n|turn|19\n|\n|t:|1700509290\n|-terastallize|p1a: Ogerpon|Water\n|detailschange|p1a: Ogerpon|Ogerpon-Wellspring-Tera, F, tera:Water\n|-ability|p1a: Ogerpon|Embody Aspect (Wellspring)|boost\n|-boost|p1a: Ogerpon|spd|1\n|move|p1a: Ogerpon|Ivy Cudgel|p2a: Poison|[anim] Ivy Cudgel Water\n|-resisted|p2a: Poison\n|-damage|p2a: Poison|63\/100 par\n|move|p2a: Poison|Toxic Spikes|p1a: Ogerpon\n|-sidestart|p1: nezephet|move: Toxic Spikes\n|\n|-heal|p2a: Poison|69\/100 par|[from] item: Black Sludge\n|-damage|p1a: Ogerpon|76\/100 psn|[from] psn\n|upkeep\n|turn|20\n|\n|t:|1700509302\n|switch|p2a: Charli|Charizard, F|100\/100\n|-damage|p2a: Charli|51\/100|[from] Stealth Rock\n|move|p1a: Ogerpon|Encore||[still]\n|-fail|p1a: Ogerpon\n|\n|-damage|p1a: Ogerpon|64\/100 psn|[from] psn\n|upkeep\n|turn|21\n|\n|t:|1700509312\n|detailschange|p2a: Charli|Charizard-Mega-Y, F\n|-mega|p2a: Charli|Charizard|Charizardite Y\n|-weather|SunnyDay|[from] ability: Drought|[of] p2a: Charli\n|move|p1a: Ogerpon|Ivy Cudgel|p2a: Charli|[anim] Ivy Cudgel Water\n|-supereffective|p2a: Charli\n|-damage|p2a: Charli|0 fnt\n|faint|p2a: Charli\n|\n|-weather|SunnyDay|[upkeep]\n|-damage|p1a: Ogerpon|51\/100 psn|[from] psn\n|upkeep\n|\n|t:|1700509324\n|switch|p2a: Leon|Leafeon, M|100\/100\n|-damage|p2a: Leon|88\/100|[from] Stealth Rock\n|-activate|p2a: Leon|move: Sticky Web\n|-unboost|p2a: Leon|spe|1\n|turn|22\n|\n|t:|1700509348\n|move|p2a: Leon|Leaf Blade|p1a: Ogerpon\n|-supereffective|p1a: Ogerpon\n|-damage|p1a: Ogerpon|0 fnt\n|faint|p1a: Ogerpon\n|\n|-weather|SunnyDay|[upkeep]\n|upkeep\n|\n|t:|1700509359\n|switch|p1a: Clodsire|Clodsire, M|100\/100\n|-sideend|p1: nezephet|move: Toxic Spikes|[of] p1a: Clodsire\n|turn|23\n|\n|t:|1700509365\n|move|p2a: Leon|Leaf Blade|p1a: Clodsire\n|-damage|p1a: Clodsire|33\/100\n|move|p1a: Clodsire|Yawn|p2a: Leon\n|-start|p2a: Leon|move: Yawn|[of] p1a: Clodsire\n|\n|-weather|SunnyDay|[upkeep]\n|-heal|p1a: Clodsire|39\/100|[from] item: Leftovers\n|upkeep\n|turn|24\n|\n|t:|1700509374\n|move|p2a: Leon|Leaf Blade|p1a: Clodsire\n|-damage|p1a: Clodsire|0 fnt\n|faint|p1a: Clodsire\n|\n|-weather|SunnyDay|[upkeep]\n|-end|p2a: Leon|move: Yawn|[silent]\n|-status|p2a: Leon|slp\n|upkeep\n|\n|t:|1700509383\n|switch|p1a: Great Tusk|Great Tusk|98\/100\n|-activate|p1a: Great Tusk|ability: Protosynthesis\n|-start|p1a: Great Tusk|protosynthesisatk\n|turn|25\n|\n|t:|1700509397\n|cant|p2a: Leon|slp\n|move|p1a: Great Tusk|Knock Off|p2a: Leon\n|-damage|p2a: Leon|41\/100 slp\n|-enditem|p2a: Leon|Choice Band|[from] move: Knock Off|[of] p1a: Great Tusk\n|\n|-weather|none\n|-end|p1a: Great Tusk|Protosynthesis\n|upkeep\n|turn|26\n|\n|t:|1700509409\n|move|p1a: Great Tusk|Knock Off|p2a: Leon\n|-damage|p2a: Leon|16\/100 slp\n|cant|p2a: Leon|slp\n|\n|upkeep\n|turn|27\n|\n|t:|1700509417\n|move|p1a: Great Tusk|Knock Off|p2a: Leon\n|-damage|p2a: Leon|0 fnt\n|faint|p2a: Leon\n|\n|upkeep\n|\n|t:|1700509432\n|switch|p2a: Spikey|Ferrothorn, F|100\/100\n|-damage|p2a: Spikey|95\/100|[from] Stealth Rock\n|-activate|p2a: Spikey|move: Sticky Web\n|-unboost|p2a: Spikey|spe|1\n|turn|28\n|\n|t:|1700509439\n|move|p1a: Great Tusk|Close Combat|p2a: Spikey\n|-supereffective|p2a: Spikey\n|-damage|p2a: Spikey|27\/100\n|-unboost|p1a: Great Tusk|def|1\n|-unboost|p1a: Great Tusk|spd|1\n|-damage|p1a: Great Tusk|85\/100|[from] ability: Iron Barbs|[of] p2a: Spikey\n|move|p2a: Spikey|Stealth Rock|p1a: Great Tusk\n|-sidestart|p1: nezephet|move: Stealth Rock\n|\n|-heal|p2a: Spikey|33\/100|[from] item: Leftovers\n|upkeep\n|turn|29\n|\n|t:|1700509450\n|switch|p2a: Poison|Toxapex, F|100\/100 par\n|-damage|p2a: Poison|88\/100 par|[from] Stealth Rock\n|-activate|p2a: Poison|move: Sticky Web\n|-unboost|p2a: Poison|spe|1\n|move|p1a: Great Tusk|Close Combat|p2a: Poison\n|-resisted|p2a: Poison\n|-damage|p2a: Poison|70\/100 par\n|-unboost|p1a: Great Tusk|def|1\n|-unboost|p1a: Great Tusk|spd|1\n|\n|-heal|p2a: Poison|76\/100 par|[from] item: Black Sludge\n|upkeep\n|turn|30\n|\n|t:|1700509463\n|move|p2a: Poison|Baneful Bunker|p2a: Poison\n|-singleturn|p2a: Poison|move: Protect\n|move|p1a: Great Tusk|Headlong Rush|p2a: Poison\n|-activate|p2a: Poison|move: Protect\n|-status|p1a: Great Tusk|psn\n|\n|-heal|p2a: Poison|83\/100 par|[from] item: Black Sludge\n|-damage|p1a: Great Tusk|73\/100 psn|[from] psn\n|upkeep\n|turn|31\n|\n|t:|1700509479\n|move|p1a: Great Tusk|Headlong Rush|p2a: Poison\n|-supereffective|p2a: Poison\n|-damage|p2a: Poison|2\/100 par\n|-unboost|p1a: Great Tusk|def|1\n|-unboost|p1a: Great Tusk|spd|1\n|move|p2a: Poison|Scald|p1a: Great Tusk\n|-supereffective|p1a: Great Tusk\n|-damage|p1a: Great Tusk|0 fnt\n|faint|p1a: Great Tusk\n|-end|p1a: Great Tusk|Protosynthesis|[silent]\n|\n|-heal|p2a: Poison|8\/100 par|[from] item: Black Sludge\n|upkeep\n|c|\u2606Marty1010|gg\n|\n|t:|1700509494\n|switch|p1a: Ribombee|Ribombee, M|1\/100\n|-damage|p1a: Ribombee|0 fnt|[from] Stealth Rock\n|faint|p1a: Ribombee\n|\n|win|Marty1010\n|raw|nezephet's rating: 1231 &rarr; <strong>1211<\/strong><br \/>(-20 for losing)\n|raw|Marty1010's rating: 1300 &rarr; <strong>1320<\/strong><br \/>(+20 for winning)\n|l|\u2606nezephet\n","uploadtime":1700509531,"views":5,"p1id":"nezephet","p2id":"marty1010","formatid":"gen9nationaldex","rating":1211,"private":0,"password":""}