{"id":"gen9nationaldex-1999421326","p1":"qrerawa","p2":"kamikaze banzai","format":"[Gen 9] National Dex","log":"|html|<div class=\"broadcast-blue\"><strong>[Gen 9] National Dex is currently suspecting Sneasler! For information on how to participate check out the <a href=\"https:\/\/www.smogon.com\/forums\/threads\/sv-national-dex-suspect-8-just-dance.3731534\/\">suspect thread<\/a>.<\/strong><\/div>\n|j|\u2606qrerawa\n|j|\u2606kamikaze banzai\n|t:|1701077743\n|gametype|singles\n|player|p1|qrerawa|170|1196\n|player|p2|kamikaze banzai|170|1246\n|teamsize|p1|6\n|teamsize|p2|6\n|gen|9\n|tier|[Gen 9] National Dex\n|rated|\n|rule|HP Percentage Mod: HP is shown in percentages\n|rule|Endless Battle Clause: Forcing endless battles is banned\n|rule|OHKO Clause: OHKO moves are banned\n|rule|Evasion Clause: Evasion abilities, items, and moves are banned\n|rule|Evasion Abilities Clause: Evasion abilities are banned\n|rule|Evasion Items Clause: Evasion items are banned\n|rule|Evasion Moves Clause: Evasion moves are banned\n|rule|Species Clause: Limit one of each Pok\u00e9mon\n|rule|Sleep Clause Mod: Limit one foe put to sleep\n|clearpoke\n|poke|p1|Mawile, M|\n|poke|p1|Marowak-Alola, F|\n|poke|p1|Hatterene, F|\n|poke|p1|Cresselia, F|\n|poke|p1|Porygon2|\n|poke|p1|Ursaluna, M|\n|poke|p2|Scizor, F|\n|poke|p2|Garchomp, M|\n|poke|p2|Cinderace, M|\n|poke|p2|Tauros, M|\n|poke|p2|Tapu Lele|\n|poke|p2|Keldeo|\n|teampreview\n|inactive|Battle timer is ON: inactive players will automatically lose when time's up. (requested by kamikaze banzai)\n|\n|t:|1701077750\n|start\n|switch|p1a: Cresselia|Cresselia, F|100\/100\n|switch|p2a: Tauros|Tauros, M|100\/100\n|turn|1\n|\n|t:|1701077758\n|move|p2a: Tauros|Double-Edge|p1a: Cresselia\n|-damage|p1a: Cresselia|63\/100\n|-damage|p2a: Tauros|82\/100|[from] Recoil\n|-damage|p2a: Tauros|72\/100|[from] item: Life Orb\n|move|p1a: Cresselia|Trick Room|p1a: Cresselia\n|-fieldstart|move: Trick Room|[of] p1a: Cresselia\n|\n|upkeep\n|turn|2\n|\n|t:|1701077773\n|switch|p1a: Marowak|Marowak-Alola, F|100\/100\n|move|p2a: Tauros|Rock Slide|p1a: Marowak\n|-supereffective|p1a: Marowak\n|-damage|p1a: Marowak|32\/100\n|\n|upkeep\n|turn|3\n|\n|t:|1701077782\n|move|p1a: Marowak|Flare Blitz|p2a: Tauros\n|-damage|p2a: Tauros|0 fnt\n|faint|p2a: Tauros\n|\n|upkeep\n|\n|t:|1701077794\n|switch|p2a: Cinderace|Cinderace, M|100\/100\n|turn|4\n|\n|t:|1701077805\n|move|p1a: Marowak|Poltergeist|p2a: Cinderace\n|-activate|p2a: Cinderace|move: Poltergeist|Heavy-Duty Boots\n|-damage|p2a: Cinderace|0 fnt\n|faint|p2a: Cinderace\n|\n|upkeep\n|\n|t:|1701077812\n|switch|p2a: Garchomp|Garchomp, M|100\/100\n|turn|5\n|\n|t:|1701077819\n|move|p1a: Marowak|Poltergeist|p2a: Garchomp\n|-activate|p2a: Garchomp|move: Poltergeist|Loaded Dice\n|-damage|p2a: Garchomp|15\/100\n|move|p2a: Garchomp|Earthquake|p1a: Marowak\n|-supereffective|p1a: Marowak\n|-damage|p1a: Marowak|0 fnt\n|faint|p1a: Marowak\n|\n|-fieldend|move: Trick Room\n|upkeep\n|\n|t:|1701077828\n|switch|p1a: Cresselia|Cresselia, F|63\/100\n|turn|6\n|\n|t:|1701077832\n|move|p2a: Garchomp|Stone Edge|p1a: Cresselia|[miss]\n|-miss|p2a: Garchomp|p1a: Cresselia\n|move|p1a: Cresselia|Trick Room|p1a: Cresselia\n|-fieldstart|move: Trick Room|[of] p1a: Cresselia\n|\n|upkeep\n|turn|7\n|\n|t:|1701077839\n|move|p1a: Cresselia|Ice Beam|p2a: Garchomp\n|-supereffective|p2a: Garchomp\n|-damage|p2a: Garchomp|0 fnt\n|faint|p2a: Garchomp\n|\n|upkeep\n|\n|t:|1701077843\n|switch|p2a: Scizor|Scizor, F|100\/100\n|turn|8\n|\n|t:|1701077848\n|switch|p1a: Ursaluna|Ursaluna, M|100\/100\n|detailschange|p2a: Scizor|Scizor-Mega, F\n|-mega|p2a: Scizor|Scizor|Scizorite\n|move|p2a: Scizor|Swords Dance|p2a: Scizor\n|-boost|p2a: Scizor|atk|2\n|\n|-status|p1a: Ursaluna|brn|[from] item: Flame Orb\n|upkeep\n|turn|9\n|\n|t:|1701077856\n|move|p1a: Ursaluna|Fire Punch|p2a: Scizor\n|-supereffective|p2a: Scizor\n|-damage|p2a: Scizor|0 fnt\n|faint|p2a: Scizor\n|\n|-damage|p1a: Ursaluna|94\/100 brn|[from] brn\n|upkeep\n|\n|t:|1701077862\n|switch|p2a: Keldeo|Keldeo|100\/100\n|turn|10\n|\n|t:|1701077866\n|-terastallize|p1a: Ursaluna|Normal\n|move|p1a: Ursaluna|Facade|p2a: Keldeo\n|-damage|p2a: Keldeo|0 fnt\n|faint|p2a: Keldeo\n|\n|-damage|p1a: Ursaluna|88\/100 brn|[from] brn\n|-fieldend|move: Trick Room\n|upkeep\n|\n|t:|1701077870\n|switch|p2a: Tapu Lele|Tapu Lele|100\/100\n|-fieldstart|move: Psychic Terrain|[from] ability: Psychic Surge|[of] p2a: Tapu Lele\n|turn|11\n|\n|t:|1701077880\n|move|p2a: Tapu Lele|Psychic|p1a: Ursaluna\n|-damage|p1a: Ursaluna|37\/100 brn\n|move|p1a: Ursaluna|Facade|p2a: Tapu Lele\n|-damage|p2a: Tapu Lele|0 fnt\n|faint|p2a: Tapu Lele\n|\n|win|qrerawa\n|raw|qrerawa's rating: 1196 &rarr; <strong>1225<\/strong><br \/>(+29 for winning)\n|raw|kamikaze banzai's rating: 1246 &rarr; <strong>1217<\/strong><br \/>(-29 for losing)\n|l|\u2606kamikaze banzai\n","uploadtime":1701077890,"views":12,"p1id":"qrerawa","p2id":"kamikazebanzai","formatid":"gen9nationaldex","rating":1217,"private":0,"password":""}