{"id":"gen9nationaldex-1988870627","p1":"A.private","p2":"Primis Dempsey","format":"[Gen 9] National Dex","log":"|j|\u2606A.private\n|j|\u2606Primis Dempsey\n|t:|1699777856\n|gametype|singles\n|player|p1|A.private|rosa|1129\n|player|p2|Primis Dempsey|drayden|1234\n|teamsize|p1|6\n|teamsize|p2|6\n|gen|9\n|tier|[Gen 9] National Dex\n|rated|\n|rule|HP Percentage Mod: HP is shown in percentages\n|rule|Endless Battle Clause: Forcing endless battles is banned\n|rule|OHKO Clause: OHKO moves are banned\n|rule|Evasion Clause: Evasion abilities, items, and moves are banned\n|rule|Evasion Abilities Clause: Evasion abilities are banned\n|rule|Evasion Items Clause: Evasion items are banned\n|rule|Evasion Moves Clause: Evasion moves are banned\n|rule|Species Clause: Limit one of each Pok\u00e9mon\n|rule|Sleep Clause Mod: Limit one foe put to sleep\n|clearpoke\n|poke|p1|Lycanroc-Dusk, F|\n|poke|p1|Absol, M|\n|poke|p1|Claydol|\n|poke|p1|Drifblim, F|\n|poke|p1|Entei|\n|poke|p1|Azumarill, M|\n|poke|p2|Gyarados, M|\n|poke|p2|Mew|\n|poke|p2|Charizard, F|\n|poke|p2|Serperior, M|\n|poke|p2|Sneasler, M|\n|poke|p2|Landorus-Therian, M|\n|teampreview\n|inactive|Battle timer is ON: inactive players will automatically lose when time's up. (requested by A.private)\n|\n|t:|1699777867\n|start\n|switch|p1a: Absol|Absol, M|100\/100\n|switch|p2a: Mew|Mew|100\/100\n|turn|1\n|\n|t:|1699777879\n|detailschange|p1a: Absol|Absol-Mega, M\n|-mega|p1a: Absol|Absol|Absolite\n|move|p1a: Absol|Protect|p1a: Absol\n|-singleturn|p1a: Absol|Protect\n|move|p2a: Mew|Thunder Wave|p1a: Absol\n|-activate|p1a: Absol|move: Protect\n|\n|upkeep\n|turn|2\n|\n|t:|1699777895\n|switch|p2a: Sneasler|Sneasler, M|100\/100\n|move|p1a: Absol|Knock Off|p2a: Sneasler\n|-resisted|p2a: Sneasler\n|-damage|p2a: Sneasler|49\/100\n|-enditem|p2a: Sneasler|Heavy-Duty Boots|[from] move: Knock Off|[of] p1a: Absol\n|\n|upkeep\n|turn|3\n|\n|t:|1699777906\n|move|p1a: Absol|Protect|p1a: Absol\n|-singleturn|p1a: Absol|Protect\n|move|p2a: Sneasler|Close Combat|p1a: Absol\n|-activate|p1a: Absol|move: Protect\n|\n|upkeep\n|turn|4\n|\n|t:|1699777913\n|move|p1a: Absol|Sucker Punch|p2a: Sneasler\n|-resisted|p2a: Sneasler\n|-damage|p2a: Sneasler|10\/100\n|move|p2a: Sneasler|U-turn|p1a: Absol\n|-supereffective|p1a: Absol\n|-damage|p1a: Absol|24\/100\n|\n|t:|1699777922\n|switch|p2a: Serperior|Serperior, M|100\/100|[from] U-turn\n|\n|upkeep\n|turn|5\n|\n|t:|1699777930\n|move|p1a: Absol|Snatch|p1a: Absol\n|-singleturn|p1a: Absol|Snatch\n|move|p2a: Serperior|Substitute|p2a: Serperior\n|-activate|p1a: Absol|move: Snatch|[of] p2a: Serperior\n|move|p1a: Absol|Substitute|p1a: Absol|[from]Snatch\n|-fail|p1a: Absol|move: Substitute|[weak]\n|\n|upkeep\n|turn|6\n|\n|t:|1699777940\n|move|p2a: Serperior|Substitute|p2a: Serperior\n|-start|p2a: Serperior|Substitute\n|-damage|p2a: Serperior|76\/100\n|move|p1a: Absol|Knock Off|p2a: Serperior\n|-end|p2a: Serperior|Substitute\n|\n|-heal|p2a: Serperior|82\/100|[from] item: Leftovers\n|upkeep\n|turn|7\n|\n|t:|1699777949\n|move|p2a: Serperior|Leaf Storm|p1a: Absol\n|-damage|p1a: Absol|0 fnt\n|-boost|p2a: Serperior|spa|2\n|faint|p1a: Absol\n|\n|-heal|p2a: Serperior|88\/100|[from] item: Leftovers\n|upkeep\n|\n|t:|1699777954\n|switch|p1a: Entei|Entei|100\/100\n|turn|8\n|\n|t:|1699777961\n|move|p2a: Serperior|Glare|p1a: Entei\n|-status|p1a: Entei|par\n|cant|p1a: Entei|par\n|\n|-heal|p2a: Serperior|94\/100|[from] item: Leftovers\n|upkeep\n|turn|9\n|\n|t:|1699777967\n|move|p2a: Serperior|Substitute|p2a: Serperior\n|-start|p2a: Serperior|Substitute\n|-damage|p2a: Serperior|69\/100\n|move|p1a: Entei|Sacred Fire|p2a: Serperior\n|-supereffective|p2a: Serperior\n|-end|p2a: Serperior|Substitute\n|\n|-heal|p2a: Serperior|76\/100|[from] item: Leftovers\n|upkeep\n|turn|10\n|\n|t:|1699777973\n|move|p2a: Serperior|Leaf Storm|p1a: Entei\n|-resisted|p1a: Entei\n|-damage|p1a: Entei|49\/100 par\n|-boost|p2a: Serperior|spa|2\n|move|p1a: Entei|Sacred Fire|p2a: Serperior\n|-supereffective|p2a: Serperior\n|-damage|p2a: Serperior|0 fnt\n|faint|p2a: Serperior\n|\n|upkeep\n|\n|t:|1699777976\n|switch|p2a: Gyarados|Gyarados, M, shiny|100\/100\n|turn|11\n|\n|t:|1699777986\n|move|p2a: Gyarados|Dragon Dance|p2a: Gyarados\n|-boost|p2a: Gyarados|atk|1\n|-boost|p2a: Gyarados|spe|1\n|move|p1a: Entei|Will-O-Wisp|p2a: Gyarados|[miss]\n|-miss|p1a: Entei|p2a: Gyarados\n|\n|upkeep\n|turn|12\n|\n|t:|1699777994\n|move|p1a: Entei|Extreme Speed|p2a: Gyarados\n|-damage|p2a: Gyarados|67\/100\n|move|p2a: Gyarados|Waterfall|p1a: Entei\n|-supereffective|p1a: Entei\n|-damage|p1a: Entei|0 fnt\n|faint|p1a: Entei\n|-ability|p2a: Gyarados|Moxie|boost\n|-boost|p2a: Gyarados|atk|1\n|\n|upkeep\n|\n|t:|1699778009\n|switch|p1a: Drifblim|Drifblim, F|100\/100\n|turn|13\n|\n|t:|1699778017\n|-zpower|p2a: Gyarados\n|move|p2a: Gyarados|Supersonic Skystrike|p1a: Drifblim|[zeffect]\n|-damage|p1a: Drifblim|0 fnt\n|faint|p1a: Drifblim\n|-ability|p2a: Gyarados|Moxie|boost\n|-boost|p2a: Gyarados|atk|1\n|\n|upkeep\n|\n|t:|1699778025\n|switch|p1a: Lycanroc|Lycanroc-Dusk, F|100\/100\n|turn|14\n|\n|t:|1699778027\n|-terastallize|p1a: Lycanroc|Rock\n|move|p1a: Lycanroc|Accelerock|p2a: Gyarados\n|-supereffective|p2a: Gyarados\n|-damage|p2a: Gyarados|0 fnt\n|faint|p2a: Gyarados\n|\n|upkeep\n|\n|t:|1699778037\n|switch|p2a: Landorus|Landorus-Therian, M|100\/100\n|-ability|p2a: Landorus|Intimidate|boost\n|-unboost|p1a: Lycanroc|atk|1\n|turn|15\n|\n|t:|1699778043\n|switch|p1a: Azumarill|Azumarill, M|100\/100\n|move|p2a: Landorus|Earthquake|p1a: Azumarill\n|-damage|p1a: Azumarill|41\/100\n|\n|upkeep\n|turn|16\n|\n|t:|1699778048\n|move|p1a: Azumarill|Aqua Jet|p2a: Landorus\n|-supereffective|p2a: Landorus\n|-damage|p2a: Landorus|37\/100\n|move|p2a: Landorus|Earthquake|p1a: Azumarill\n|-damage|p1a: Azumarill|0 fnt\n|faint|p1a: Azumarill\n|\n|upkeep\n|\n|t:|1699778054\n|switch|p1a: Claydol|Claydol|100\/100\n|turn|17\n|\n|t:|1699778061\n|switch|p2a: Mew|Mew|100\/100\n|move|p1a: Claydol|Ice Beam|p2a: Mew\n|-damage|p2a: Mew|81\/100\n|\n|upkeep\n|turn|18\n|\n|t:|1699778069\n|move|p2a: Mew|Stealth Rock|p1a: Claydol\n|-sidestart|p1: A.private|move: Stealth Rock\n|move|p1a: Claydol|Earth Power|p2a: Mew\n|-damage|p2a: Mew|51\/100\n|\n|upkeep\n|turn|19\n|\n|t:|1699778076\n|move|p2a: Mew|Spikes|p1a: Claydol\n|-sidestart|p1: A.private|Spikes\n|move|p1a: Claydol|Rapid Spin|p2a: Mew\n|-damage|p2a: Mew|45\/100\n|-boost|p1a: Claydol|spe|1\n|-sideend|p1: A.private|Spikes|[from] move: Rapid Spin|[of] p1a: Claydol\n|-sideend|p1: A.private|Stealth Rock|[from] move: Rapid Spin|[of] p1a: Claydol\n|\n|upkeep\n|turn|20\n|\n|t:|1699778082\n|move|p2a: Mew|Taunt|p1a: Claydol\n|-start|p1a: Claydol|move: Taunt\n|move|p1a: Claydol|Earth Power|p2a: Mew\n|-damage|p2a: Mew|13\/100\n|\n|upkeep\n|turn|21\n|\n|t:|1699778091\n|move|p2a: Mew|Stealth Rock|p1a: Claydol\n|-sidestart|p1: A.private|move: Stealth Rock\n|move|p1a: Claydol|Rapid Spin|p2a: Mew\n|-damage|p2a: Mew|6\/100\n|-boost|p1a: Claydol|spe|1\n|-sideend|p1: A.private|Stealth Rock|[from] move: Rapid Spin|[of] p1a: Claydol\n|\n|upkeep\n|turn|22\n|\n|t:|1699778106\n|move|p1a: Claydol|Rapid Spin|p2a: Mew\n|-damage|p2a: Mew|0 fnt\n|-boost|p1a: Claydol|spe|1\n|faint|p2a: Mew\n|\n|-end|p1a: Claydol|move: Taunt\n|upkeep\n|\n|t:|1699778110\n|switch|p2a: Sneasler|Sneasler, M|10\/100\n|turn|23\n|\n|t:|1699778116\n|move|p2a: Sneasler|Fake Out|p1a: Claydol\n|-damage|p1a: Claydol|85\/100\n|cant|p1a: Claydol|flinch\n|\n|upkeep\n|turn|24\n|\n|t:|1699778123\n|move|p1a: Claydol|Ice Beam|p2a: Sneasler\n|-damage|p2a: Sneasler|0 fnt\n|faint|p2a: Sneasler\n|\n|upkeep\n|\n|t:|1699778125\n|switch|p2a: Landorus|Landorus-Therian, M|37\/100\n|-ability|p2a: Landorus|Intimidate|boost\n|-unboost|p1a: Claydol|atk|1\n|turn|25\n|\n|t:|1699778130\n|move|p1a: Claydol|Ice Beam|p2a: Landorus\n|-supereffective|p2a: Landorus\n|-damage|p2a: Landorus|0 fnt\n|faint|p2a: Landorus\n|\n|upkeep\n|\n|t:|1699778133\n|switch|p2a: Charizard|Charizard, F, shiny|100\/100\n|turn|26\n|\n|t:|1699778137\n|detailschange|p2a: Charizard|Charizard-Mega-X, F, shiny\n|-mega|p2a: Charizard|Charizard|Charizardite X\n|move|p1a: Claydol|Ice Beam|p2a: Charizard\n|-damage|p2a: Charizard|71\/100\n|move|p2a: Charizard|Dragon Dance|p2a: Charizard\n|-boost|p2a: Charizard|atk|1\n|-boost|p2a: Charizard|spe|1\n|\n|upkeep\n|turn|27\n|\n|t:|1699778144\n|move|p2a: Charizard|Flare Blitz|p1a: Claydol\n|-damage|p1a: Claydol|0 fnt\n|faint|p1a: Claydol\n|-damage|p2a: Charizard|40\/100|[from] Recoil\n|\n|upkeep\n|\n|t:|1699778149\n|switch|p1a: Lycanroc|Lycanroc-Dusk, F, tera:Rock|100\/100\n|turn|28\n|\n|t:|1699778153\n|move|p1a: Lycanroc|Accelerock|p2a: Charizard\n|-supereffective|p2a: Charizard\n|-damage|p2a: Charizard|0 fnt\n|faint|p2a: Charizard\n|\n|win|A.private\n|raw|A.private's rating: 1129 &rarr; <strong>1161<\/strong><br \/>(+32 for winning)\n|raw|Primis Dempsey's rating: 1234 &rarr; <strong>1202<\/strong><br \/>(-32 for losing)\n|l|\u2606Primis Dempsey\n|c|\u2606A.private|gg\n","uploadtime":1699778164,"views":7,"p1id":"aprivate","p2id":"primisdempsey","formatid":"gen9nationaldex","rating":1161,"private":0,"password":""}