{"id":"gen9nationaldex-1988635462","p1":"one piece slander","p2":"Didom3","format":"[Gen 9] National Dex","log":"|j|\u2606one piece slander\n|j|\u2606Didom3\n|t:|1699744541\n|gametype|singles\n|player|p1|one piece slander|roxie|1380\n|player|p2|Didom3|volkner|1318\n|teamsize|p1|6\n|teamsize|p2|6\n|gen|9\n|tier|[Gen 9] National Dex\n|rated|\n|rule|HP Percentage Mod: HP is shown in percentages\n|rule|Endless Battle Clause: Forcing endless battles is banned\n|rule|OHKO Clause: OHKO moves are banned\n|rule|Evasion Clause: Evasion abilities, items, and moves are banned\n|rule|Evasion Abilities Clause: Evasion abilities are banned\n|rule|Evasion Items Clause: Evasion items are banned\n|rule|Evasion Moves Clause: Evasion moves are banned\n|rule|Species Clause: Limit one of each Pok\u00e9mon\n|rule|Sleep Clause Mod: Limit one foe put to sleep\n|clearpoke\n|poke|p1|Salamence, M|\n|poke|p1|Great Tusk|\n|poke|p1|Togekiss, F|\n|poke|p1|Venusaur, M|\n|poke|p1|Heatran, M|\n|poke|p1|Xurkitree|\n|poke|p2|Samurott-Hisui, M|\n|poke|p2|Sneasler, M|\n|poke|p2|Aegislash, M|\n|poke|p2|Pincurchin, M|\n|poke|p2|Wo-Chien|\n|poke|p2|Sylveon, F|\n|teampreview\n|inactive|Battle timer is ON: inactive players will automatically lose when time's up. (requested by Didom3)\n|\n|t:|1699744548\n|start\n|switch|p1a: Xurkitree|Xurkitree|100\/100\n|switch|p2a: Samurott|Samurott-Hisui, M, shiny|100\/100\n|turn|1\n|\n|t:|1699744555\n|switch|p2a: Pincurchin|Pincurchin, M|100\/100\n|-fieldstart|move: Electric Terrain|[from] ability: Electric Surge|[of] p2a: Pincurchin\n|move|p1a: Xurkitree|Volt Switch|p2a: Pincurchin\n|-resisted|p2a: Pincurchin\n|-damage|p2a: Pincurchin|65\/100\n|\n|t:|1699744559\n|switch|p1a: Venusaur|Venusaur, M|100\/100|[from] Volt Switch\n|\n|upkeep\n|turn|2\n|\n|t:|1699744564\n|detailschange|p1a: Venusaur|Venusaur-Mega, M\n|-mega|p1a: Venusaur|Venusaur|Venusaurite\n|move|p1a: Venusaur|Leech Seed|p2a: Pincurchin\n|-start|p2a: Pincurchin|move: Leech Seed\n|move|p2a: Pincurchin|Thunder Wave|p1a: Venusaur\n|-status|p1a: Venusaur|par\n|\n|-damage|p2a: Pincurchin|53\/100|[from] Leech Seed|[of] p1a: Venusaur\n|upkeep\n|turn|3\n|\n|t:|1699744579\n|move|p1a: Venusaur|Leech Seed||[still]\n|-fail|p1a: Venusaur\n|move|p2a: Pincurchin|Spikes|p1a: Venusaur\n|-sidestart|p1: one piece slander|Spikes\n|\n|-damage|p2a: Pincurchin|41\/100|[from] Leech Seed|[of] p1a: Venusaur\n|upkeep\n|turn|4\n|\n|t:|1699744586\n|cant|p1a: Venusaur|par\n|move|p2a: Pincurchin|Spikes|p1a: Venusaur\n|-sidestart|p1: one piece slander|Spikes\n|\n|-damage|p2a: Pincurchin|29\/100|[from] Leech Seed|[of] p1a: Venusaur\n|upkeep\n|turn|5\n|\n|t:|1699744594\n|move|p1a: Venusaur|Giga Drain|p2a: Pincurchin\n|-damage|p2a: Pincurchin|0 fnt\n|faint|p2a: Pincurchin\n|\n|-fieldend|move: Electric Terrain\n|upkeep\n|\n|t:|1699744599\n|switch|p2a: Sneasler|Sneasler, M|100\/100\n|turn|6\n|\n|t:|1699744607\n|move|p2a: Sneasler|Swords Dance|p2a: Sneasler\n|-boost|p2a: Sneasler|atk|2\n|move|p1a: Venusaur|Leech Seed|p2a: Sneasler\n|-start|p2a: Sneasler|move: Leech Seed\n|\n|-damage|p2a: Sneasler|88\/100|[from] Leech Seed|[of] p1a: Venusaur\n|upkeep\n|turn|7\n|\n|t:|1699744616\n|move|p2a: Sneasler|Acrobatics|p1a: Venusaur\n|-supereffective|p1a: Venusaur\n|-damage|p1a: Venusaur|37\/100 par\n|move|p1a: Venusaur|Earth Power|p2a: Sneasler\n|-supereffective|p2a: Sneasler\n|-damage|p2a: Sneasler|13\/100\n|\n|-damage|p2a: Sneasler|1\/100|[from] Leech Seed|[of] p1a: Venusaur\n|-heal|p1a: Venusaur|51\/100 par|[silent]\n|upkeep\n|turn|8\n|\n|t:|1699744630\n|switch|p1a: Heatran|Heatran, M|100\/100\n|-damage|p1a: Heatran|84\/100|[from] Spikes\n|move|p2a: Sneasler|Acrobatics|p1a: Heatran\n|-resisted|p1a: Heatran\n|-damage|p1a: Heatran|69\/100\n|\n|-heal|p1a: Heatran|75\/100|[from] item: Leftovers\n|-damage|p2a: Sneasler|0 fnt|[from] Leech Seed|[of] p1a: Heatran\n|-heal|p1a: Heatran|75\/100|[silent]\n|faint|p2a: Sneasler\n|upkeep\n|\n|t:|1699744640\n|switch|p2a: Samurott|Samurott-Hisui, M, shiny|100\/100\n|turn|9\n|\n|t:|1699744645\n|move|p1a: Heatran|Protect|p1a: Heatran\n|-singleturn|p1a: Heatran|Protect\n|move|p2a: Samurott|Sacred Sword|p1a: Heatran\n|-activate|p1a: Heatran|move: Protect\n|\n|-heal|p1a: Heatran|82\/100|[from] item: Leftovers\n|upkeep\n|turn|10\n|\n|t:|1699744657\n|switch|p1a: Togekiss|Togekiss, F|100\/100\n|move|p2a: Samurott|Sacred Sword|p1a: Togekiss\n|-resisted|p1a: Togekiss\n|-damage|p1a: Togekiss|86\/100\n|\n|-heal|p1a: Togekiss|92\/100|[from] item: Leftovers\n|upkeep\n|turn|11\n|\n|t:|1699744666\n|switch|p2a: Aegislash|Aegislash, M|100\/100\n|move|p1a: Togekiss|Thunder Wave|p2a: Aegislash\n|-status|p2a: Aegislash|par\n|\n|-heal|p1a: Togekiss|98\/100|[from] item: Leftovers\n|upkeep\n|turn|12\n|\n|t:|1699744675\n|move|p1a: Togekiss|Air Slash|p2a: Aegislash\n|-resisted|p2a: Aegislash\n|-damage|p2a: Aegislash|88\/100 par\n|cant|p2a: Aegislash|flinch\n|\n|-heal|p1a: Togekiss|100\/100|[from] item: Leftovers\n|-heal|p2a: Aegislash|94\/100 par|[from] item: Leftovers\n|upkeep\n|turn|13\n|\n|t:|1699744682\n|switch|p1a: Venusaur|Venusaur-Mega, M|51\/100 par\n|-damage|p1a: Venusaur|35\/100 par|[from] Spikes\n|move|p2a: Aegislash|Substitute|p2a: Aegislash\n|-start|p2a: Aegislash|Substitute\n|-damage|p2a: Aegislash|69\/100 par\n|\n|-heal|p2a: Aegislash|75\/100 par|[from] item: Leftovers\n|upkeep\n|turn|14\n|\n|t:|1699744690\n|move|p1a: Venusaur|Earth Power|p2a: Aegislash\n|-supereffective|p2a: Aegislash\n|-end|p2a: Aegislash|Substitute\n|-formechange|p2a: Aegislash|Aegislash-Blade||[from] ability: Stance Change\n|move|p2a: Aegislash|Shadow Ball|p1a: Venusaur\n|-damage|p1a: Venusaur|0 fnt\n|faint|p1a: Venusaur\n|\n|-heal|p2a: Aegislash|82\/100 par|[from] item: Leftovers\n|upkeep\n|\n|t:|1699744697\n|switch|p1a: Great Tusk|Great Tusk|100\/100\n|-damage|p1a: Great Tusk|84\/100|[from] Spikes\n|turn|15\n|\n|t:|1699744703\n|-formechange|p2a: Aegislash|Aegislash||[from] ability: Stance Change\n|move|p2a: Aegislash|King's Shield|p2a: Aegislash\n|-singleturn|p2a: Aegislash|Protect\n|move|p1a: Great Tusk|Stealth Rock|p2a: Aegislash\n|-sidestart|p2: Didom3|move: Stealth Rock\n|\n|-heal|p1a: Great Tusk|90\/100|[from] item: Leftovers\n|-heal|p2a: Aegislash|88\/100 par|[from] item: Leftovers\n|upkeep\n|turn|16\n|\n|t:|1699744712\n|-end|p1a: Great Tusk|Protosynthesis|[silent]\n|switch|p1a: Togekiss|Togekiss, F|100\/100\n|-terastallize|p2a: Aegislash|Ghost\n|cant|p2a: Aegislash|par\n|\n|-heal|p2a: Aegislash|94\/100 par|[from] item: Leftovers\n|upkeep\n|turn|17\n|\n|t:|1699744719\n|move|p1a: Togekiss|Air Slash|p2a: Aegislash\n|-damage|p2a: Aegislash|67\/100 par\n|cant|p2a: Aegislash|par\n|\n|-heal|p2a: Aegislash|73\/100 par|[from] item: Leftovers\n|upkeep\n|turn|18\n|\n|t:|1699744725\n|move|p1a: Togekiss|Air Slash|p2a: Aegislash\n|-damage|p2a: Aegislash|48\/100 par\n|-formechange|p2a: Aegislash|Aegislash-Blade||[from] ability: Stance Change\n|move|p2a: Aegislash|Shadow Ball|p1a: Togekiss\n|-damage|p1a: Togekiss|44\/100\n|-unboost|p1a: Togekiss|spd|1\n|\n|-heal|p1a: Togekiss|50\/100|[from] item: Leftovers\n|-heal|p2a: Aegislash|54\/100 par|[from] item: Leftovers\n|upkeep\n|turn|19\n|\n|t:|1699744735\n|-formechange|p2a: Aegislash|Aegislash||[from] ability: Stance Change\n|move|p2a: Aegislash|King's Shield|p2a: Aegislash\n|-singleturn|p2a: Aegislash|Protect\n|move|p1a: Togekiss|Air Slash|p2a: Aegislash\n|-activate|p2a: Aegislash|move: Protect\n|\n|-heal|p1a: Togekiss|56\/100|[from] item: Leftovers\n|-heal|p2a: Aegislash|60\/100 par|[from] item: Leftovers\n|upkeep\n|turn|20\n|\n|t:|1699744747\n|move|p1a: Togekiss|Air Slash|p2a: Aegislash\n|-damage|p2a: Aegislash|32\/100 par\n|-formechange|p2a: Aegislash|Aegislash-Blade||[from] ability: Stance Change\n|move|p2a: Aegislash|Shadow Ball|p1a: Togekiss\n|-damage|p1a: Togekiss|0 fnt\n|faint|p1a: Togekiss\n|\n|-heal|p2a: Aegislash|38\/100 par|[from] item: Leftovers\n|upkeep\n|\n|t:|1699744756\n|switch|p1a: Salamence|Salamence, M|100\/100\n|turn|21\n|\n|t:|1699744758\n|move|p1a: Salamence|Dragon Dance|p1a: Salamence\n|-boost|p1a: Salamence|atk|1\n|-boost|p1a: Salamence|spe|1\n|move|p2a: Aegislash|Toxic|p1a: Salamence|[miss]\n|-miss|p2a: Aegislash|p1a: Salamence\n|\n|-heal|p2a: Aegislash|44\/100 par|[from] item: Leftovers\n|upkeep\n|turn|22\n|\n|t:|1699744770\n|move|p1a: Salamence|Fly||[still]\n|-prepare|p1a: Salamence|Fly\n|move|p2a: Aegislash|Toxic|p1a: Salamence|[miss]\n|-miss|p2a: Aegislash|p1a: Salamence\n|\n|-heal|p2a: Aegislash|51\/100 par|[from] item: Leftovers\n|upkeep\n|turn|23\n|\n|t:|1699744782\n|-formechange|p2a: Aegislash|Aegislash||[from] ability: Stance Change\n|move|p2a: Aegislash|King's Shield|p2a: Aegislash\n|-singleturn|p2a: Aegislash|Protect\n|move|p1a: Salamence|Fly|p2a: Aegislash|[from]lockedmove\n|-activate|p2a: Aegislash|move: Protect\n|-unboost|p1a: Salamence|atk|1\n|\n|-heal|p2a: Aegislash|57\/100 par|[from] item: Leftovers\n|upkeep\n|turn|24\n|\n|t:|1699744792\n|move|p1a: Salamence|Dragon Dance|p1a: Salamence\n|-boost|p1a: Salamence|atk|1\n|-boost|p1a: Salamence|spe|1\n|move|p2a: Aegislash|Substitute|p2a: Aegislash\n|-start|p2a: Aegislash|Substitute\n|-damage|p2a: Aegislash|32\/100 par\n|\n|-heal|p2a: Aegislash|38\/100 par|[from] item: Leftovers\n|upkeep\n|turn|25\n|\n|t:|1699744802\n|move|p1a: Salamence|Aqua Tail|p2a: Aegislash\n|-end|p2a: Aegislash|Substitute\n|-formechange|p2a: Aegislash|Aegislash-Blade||[from] ability: Stance Change\n|move|p2a: Aegislash|Shadow Ball|p1a: Salamence\n|-damage|p1a: Salamence|21\/100\n|\n|-heal|p2a: Aegislash|44\/100 par|[from] item: Leftovers\n|upkeep\n|turn|26\n|\n|t:|1699744810\n|-formechange|p2a: Aegislash|Aegislash||[from] ability: Stance Change\n|move|p2a: Aegislash|King's Shield|p2a: Aegislash\n|-singleturn|p2a: Aegislash|Protect\n|-zpower|p1a: Salamence\n|move|p1a: Salamence|Supersonic Skystrike|p2a: Aegislash|[zeffect]\n|-zbroken|p2a: Aegislash\n|-damage|p2a: Aegislash|16\/100 par\n|\n|-heal|p2a: Aegislash|22\/100 par|[from] item: Leftovers\n|upkeep\n|turn|27\n|\n|t:|1699744821\n|move|p1a: Salamence|Dragon Claw|p2a: Aegislash\n|-damage|p2a: Aegislash|0 fnt\n|faint|p2a: Aegislash\n|-ability|p1a: Salamence|Moxie|boost\n|-boost|p1a: Salamence|atk|1\n|\n|upkeep\n|\n|t:|1699744830\n|switch|p2a: Wo-Chien|Wo-Chien|100\/100\n|-damage|p2a: Wo-Chien|88\/100|[from] Stealth Rock\n|-ability|p2a: Wo-Chien|Tablets of Ruin\n|turn|28\n|\n|t:|1699744838\n|move|p1a: Salamence|Fly||[still]\n|-prepare|p1a: Salamence|Fly\n|move|p2a: Wo-Chien|Knock Off|p1a: Salamence|[miss]\n|-miss|p2a: Wo-Chien|p1a: Salamence\n|\n|-heal|p2a: Wo-Chien|94\/100|[from] item: Leftovers\n|upkeep\n|turn|29\n|\n|t:|1699744843\n|move|p2a: Wo-Chien|Protect|p2a: Wo-Chien\n|-singleturn|p2a: Wo-Chien|Protect\n|move|p1a: Salamence|Fly|p2a: Wo-Chien|[from]lockedmove\n|-activate|p2a: Wo-Chien|move: Protect\n|\n|-heal|p2a: Wo-Chien|100\/100|[from] item: Leftovers\n|upkeep\n|turn|30\n|\n|t:|1699744851\n|move|p1a: Salamence|Fly||[still]\n|-prepare|p1a: Salamence|Fly\n|move|p2a: Wo-Chien|Knock Off|p1a: Salamence|[miss]\n|-miss|p2a: Wo-Chien|p1a: Salamence\n|\n|upkeep\n|turn|31\n|\n|t:|1699744857\n|move|p2a: Wo-Chien|Protect|p2a: Wo-Chien\n|-singleturn|p2a: Wo-Chien|Protect\n|move|p1a: Salamence|Fly|p2a: Wo-Chien|[from]lockedmove\n|-activate|p2a: Wo-Chien|move: Protect\n|\n|upkeep\n|turn|32\n|\n|t:|1699744864\n|move|p1a: Salamence|Fly||[still]\n|-prepare|p1a: Salamence|Fly\n|move|p2a: Wo-Chien|Knock Off|p1a: Salamence|[miss]\n|-miss|p2a: Wo-Chien|p1a: Salamence\n|\n|upkeep\n|turn|33\n|\n|t:|1699744869\n|move|p2a: Wo-Chien|Protect|p2a: Wo-Chien\n|-singleturn|p2a: Wo-Chien|Protect\n|move|p1a: Salamence|Fly|p2a: Wo-Chien|[from]lockedmove\n|-activate|p2a: Wo-Chien|move: Protect\n|\n|upkeep\n|turn|34\n|\n|t:|1699744878\n|move|p1a: Salamence|Fly||[still]\n|-prepare|p1a: Salamence|Fly\n|move|p2a: Wo-Chien|Leech Seed|p1a: Salamence|[miss]\n|-miss|p2a: Wo-Chien|p1a: Salamence\n|\n|upkeep\n|turn|35\n|\n|t:|1699744883\n|move|p2a: Wo-Chien|Protect|p2a: Wo-Chien\n|-singleturn|p2a: Wo-Chien|Protect\n|move|p1a: Salamence|Fly|p2a: Wo-Chien|[from]lockedmove\n|-activate|p2a: Wo-Chien|move: Protect\n|\n|upkeep\n|turn|36\n|\n|t:|1699744889\n|switch|p2a: Samurott|Samurott-Hisui, M, shiny|100\/100\n|-damage|p2a: Samurott|88\/100|[from] Stealth Rock\n|move|p1a: Salamence|Fly||[still]\n|-prepare|p1a: Salamence|Fly\n|\n|upkeep\n|turn|37\n|\n|t:|1699744895\n|move|p1a: Salamence|Fly|p2a: Samurott|[from]lockedmove\n|-damage|p2a: Samurott|0 fnt\n|faint|p2a: Samurott\n|-ability|p1a: Salamence|Moxie|boost\n|-boost|p1a: Salamence|atk|1\n|\n|upkeep\n|\n|t:|1699744908\n|switch|p2a: Sylveon|Sylveon, F|100\/100\n|-damage|p2a: Sylveon|88\/100|[from] Stealth Rock\n|turn|38\n|c|\u2606one piece slander|Yeah nah\n|\n|t:|1699744915\n|move|p1a: Salamence|Fly||[still]\n|-prepare|p1a: Salamence|Fly\n|move|p2a: Sylveon|Hyper Voice|p1a: Salamence|[miss]\n|-miss|p2a: Sylveon|p1a: Salamence\n|\n|upkeep\n|turn|39\n|c|\u2606Didom3|fly have more pp than protect\n|c|\u2606Didom3|jajaja\n|\n|t:|1699744932\n|move|p1a: Salamence|Fly|p2a: Sylveon|[from]lockedmove\n|-damage|p2a: Sylveon|0 fnt\n|faint|p2a: Sylveon\n|-ability|p1a: Salamence|Moxie|boost\n|-boost|p1a: Salamence|atk|1\n|\n|upkeep\n|\n|t:|1699744937\n|switch|p2a: Wo-Chien|Wo-Chien|100\/100\n|-damage|p2a: Wo-Chien|88\/100|[from] Stealth Rock\n|-ability|p2a: Wo-Chien|Tablets of Ruin\n|turn|40\n|c|\u2606one piece slander|Yup\n|c|\u2606one piece slander|But now i dont need it\n|\n|t:|1699744948\n|move|p1a: Salamence|Dragon Claw|p2a: Wo-Chien\n|-damage|p2a: Wo-Chien|0 fnt\n|faint|p2a: Wo-Chien\n|\n|win|one piece slander\n|raw|one piece slander's rating: 1380 &rarr; <strong>1396<\/strong><br \/>(+16 for winning)\n|raw|Didom3's rating: 1318 &rarr; <strong>1302<\/strong><br \/>(-16 for losing)\n|c|\u2606Didom3|gg\n","uploadtime":1699744954,"views":12,"p1id":"onepieceslander","p2id":"didom3","formatid":"gen9nationaldex","rating":1302,"private":0,"password":""}