{"id":"gen9nationaldex-1996904511","p1":"mantidfly","p2":"Asadlion","format":"[Gen 9] National Dex","log":"|html|<div class=\"broadcast-blue\"><strong>[Gen 9] National Dex is currently suspecting Sneasler! For information on how to participate check out the <a href=\"https:\/\/www.smogon.com\/forums\/threads\/sv-national-dex-suspect-8-just-dance.3731534\/\">suspect thread<\/a>.<\/strong><\/div>\n|j|\u2606mantidfly\n|j|\u2606Asadlion\n|t:|1700742893\n|gametype|singles\n|player|p1|mantidfly|rocketgrunt|\n|player|p2|Asadlion|1|\n|teamsize|p1|6\n|teamsize|p2|6\n|gen|9\n|tier|[Gen 9] National Dex\n|rule|HP Percentage Mod: HP is shown in percentages\n|rule|Endless Battle Clause: Forcing endless battles is banned\n|rule|OHKO Clause: OHKO moves are banned\n|rule|Evasion Clause: Evasion abilities, items, and moves are banned\n|rule|Evasion Abilities Clause: Evasion abilities are banned\n|rule|Evasion Items Clause: Evasion items are banned\n|rule|Evasion Moves Clause: Evasion moves are banned\n|rule|Species Clause: Limit one of each Pok\u00e9mon\n|rule|Sleep Clause Mod: Limit one foe put to sleep\n|clearpoke\n|poke|p1|Quaquaval, F|\n|poke|p1|Zapdos|\n|poke|p1|Thundurus-Therian, M|\n|poke|p1|Sceptile, F|\n|poke|p1|Gliscor, F|\n|poke|p1|Shuckle, F|\n|poke|p2|Tapu Lele|\n|poke|p2|Great Tusk|\n|poke|p2|Victini|\n|poke|p2|Lopunny, M|\n|poke|p2|Ferrothorn, M|\n|poke|p2|Dragonite, M|\n|teampreview\n|inactive|Battle timer is ON: inactive players will automatically lose when time's up. (requested by mantidfly)\n|c|\u2606mantidfly|glhf\n|\n|t:|1700742942\n|start\n|switch|p1a: Shuckle|Shuckle, F|100\/100\n|switch|p2a: Lopunny|Lopunny, M|100\/100\n|turn|1\n|\n|t:|1700742950\n|switch|p1a: Zapdos|Zapdos|100\/100\n|detailschange|p2a: Lopunny|Lopunny-Mega, M\n|-mega|p2a: Lopunny|Lopunny|Lopunnite\n|move|p2a: Lopunny|Fake Out|p1a: Zapdos\n|-damage|p1a: Zapdos|76\/100\n|-status|p2a: Lopunny|par|[from] ability: Static|[of] p1a: Zapdos\n|\n|upkeep\n|turn|2\n|\n|t:|1700742961\n|switch|p1a: Shuckle|Shuckle, F|100\/100\n|move|p2a: Lopunny|Return|p1a: Shuckle\n|-resisted|p1a: Shuckle\n|-damage|p1a: Shuckle|83\/100\n|\n|-heal|p1a: Shuckle|89\/100|[from] item: Leftovers\n|upkeep\n|turn|3\n|\n|t:|1700742971\n|move|p2a: Lopunny|Close Combat|p1a: Shuckle\n|-damage|p1a: Shuckle|43\/100\n|-unboost|p2a: Lopunny|def|1\n|-unboost|p2a: Lopunny|spd|1\n|move|p1a: Shuckle|Stealth Rock|p2a: Lopunny\n|-sidestart|p2: Asadlion|move: Stealth Rock\n|\n|-heal|p1a: Shuckle|49\/100|[from] item: Leftovers\n|upkeep\n|turn|4\n|\n|t:|1700742977\n|move|p2a: Lopunny|Close Combat|p1a: Shuckle\n|-damage|p1a: Shuckle|8\/100\n|-unboost|p2a: Lopunny|def|1\n|-unboost|p2a: Lopunny|spd|1\n|move|p1a: Shuckle|Sticky Web|p2a: Lopunny\n|-sidestart|p2: Asadlion|move: Sticky Web\n|\n|-heal|p1a: Shuckle|14\/100|[from] item: Leftovers\n|upkeep\n|turn|5\n|\n|t:|1700742994\n|move|p2a: Lopunny|Close Combat|p1a: Shuckle\n|-damage|p1a: Shuckle|0 fnt\n|-unboost|p2a: Lopunny|def|1\n|-unboost|p2a: Lopunny|spd|1\n|faint|p1a: Shuckle\n|\n|upkeep\n|\n|t:|1700743008\n|switch|p1a: Bal Chagi|Quaquaval, F|100\/100\n|turn|6\n|\n|t:|1700743021\n|switch|p2a: Ferrothorn|Ferrothorn, M|100\/100\n|-damage|p2a: Ferrothorn|94\/100|[from] Stealth Rock\n|-activate|p2a: Ferrothorn|move: Sticky Web\n|-unboost|p2a: Ferrothorn|spe|1\n|move|p1a: Bal Chagi|Aqua Step|p2a: Ferrothorn\n|-resisted|p2a: Ferrothorn\n|-crit|p2a: Ferrothorn\n|-damage|p2a: Ferrothorn|71\/100\n|-boost|p1a: Bal Chagi|spe|1\n|-damage|p1a: Bal Chagi|88\/100|[from] ability: Iron Barbs|[of] p2a: Ferrothorn\n|\n|-heal|p2a: Ferrothorn|77\/100|[from] item: Leftovers\n|upkeep\n|turn|7\n|\n|t:|1700743031\n|switch|p1a: Zapdos|Zapdos|76\/100\n|move|p2a: Ferrothorn|Leech Seed|p1a: Zapdos\n|-start|p1a: Zapdos|move: Leech Seed\n|\n|-heal|p2a: Ferrothorn|83\/100|[from] item: Leftovers\n|-damage|p1a: Zapdos|64\/100|[from] Leech Seed|[of] p2a: Ferrothorn\n|-heal|p2a: Ferrothorn|95\/100|[silent]\n|upkeep\n|turn|8\n|\n|t:|1700743050\n|move|p1a: Zapdos|Heat Wave|p2a: Ferrothorn\n|-supereffective|p2a: Ferrothorn\n|-damage|p2a: Ferrothorn|0 fnt\n|faint|p2a: Ferrothorn\n|\n|upkeep\n|\n|t:|1700743064\n|switch|p2a: Great Tusk|Great Tusk|100\/100\n|-damage|p2a: Great Tusk|98\/100|[from] Stealth Rock\n|-activate|p2a: Great Tusk|move: Sticky Web\n|-unboost|p2a: Great Tusk|spe|1\n|-enditem|p2a: Great Tusk|Booster Energy\n|-activate|p2a: Great Tusk|ability: Protosynthesis|[fromitem]\n|-start|p2a: Great Tusk|protosynthesisatk\n|turn|9\n|\n|t:|1700743073\n|move|p1a: Zapdos|Hurricane|p2a: Great Tusk\n|-supereffective|p2a: Great Tusk\n|-damage|p2a: Great Tusk|0 fnt\n|faint|p2a: Great Tusk\n|-end|p2a: Great Tusk|Protosynthesis|[silent]\n|\n|upkeep\n|\n|t:|1700743078\n|switch|p2a: Tapu Lele|Tapu Lele|100\/100\n|-damage|p2a: Tapu Lele|88\/100|[from] Stealth Rock\n|-activate|p2a: Tapu Lele|move: Sticky Web\n|-unboost|p2a: Tapu Lele|spe|1\n|-fieldstart|move: Psychic Terrain|[from] ability: Psychic Surge|[of] p2a: Tapu Lele\n|turn|10\n|\n|t:|1700743098\n|move|p1a: Zapdos|Thunder|p2a: Tapu Lele|[miss]\n|-miss|p1a: Zapdos|p2a: Tapu Lele\n|move|p2a: Tapu Lele|Psychic|p1a: Zapdos\n|-damage|p1a: Zapdos|16\/100\n|\n|-damage|p1a: Zapdos|4\/100|[from] Leech Seed|[of] p2a: Tapu Lele\n|-heal|p2a: Tapu Lele|100\/100|[silent]\n|upkeep\n|turn|11\n|\n|t:|1700743108\n|move|p1a: Zapdos|Thunder|p2a: Tapu Lele\n|-damage|p2a: Tapu Lele|35\/100\n|move|p2a: Tapu Lele|Psychic|p1a: Zapdos\n|-damage|p1a: Zapdos|0 fnt\n|faint|p1a: Zapdos\n|\n|upkeep\n|\n|t:|1700743120\n|switch|p1a: Bal Chagi|Quaquaval, F|88\/100\n|turn|12\n|\n|t:|1700743128\n|-terastallize|p2a: Tapu Lele|Psychic\n|move|p2a: Tapu Lele|Psychic|p1a: Bal Chagi\n|-supereffective|p1a: Bal Chagi\n|-damage|p1a: Bal Chagi|0 fnt\n|faint|p1a: Bal Chagi\n|\n|upkeep\n|\n|t:|1700743147\n|switch|p1a: Gliscor|Gliscor, F|100\/100\n|turn|13\n|\n|t:|1700743154\n|move|p1a: Gliscor|Gunk Shot|p2a: Tapu Lele\n|-damage|p2a: Tapu Lele|0 fnt\n|faint|p2a: Tapu Lele\n|\n|-status|p1a: Gliscor|tox|[from] item: Toxic Orb\n|upkeep\n|\n|t:|1700743164\n|switch|p2a: Victini|Victini|100\/100\n|-damage|p2a: Victini|76\/100|[from] Stealth Rock\n|-activate|p2a: Victini|move: Sticky Web\n|-unboost|p2a: Victini|spe|1\n|turn|14\n|\n|t:|1700743194\n|move|p2a: Victini|V-create|p1a: Gliscor\n|-damage|p1a: Gliscor|21\/100 tox\n|-unboost|p2a: Victini|spe|1\n|-unboost|p2a: Victini|def|1\n|-unboost|p2a: Victini|spd|1\n|move|p1a: Gliscor|Earthquake|p2a: Victini\n|-supereffective|p2a: Victini\n|-damage|p2a: Victini|0 fnt\n|faint|p2a: Victini\n|\n|-heal|p1a: Gliscor|33\/100 tox|[from] ability: Poison Heal\n|-fieldend|move: Psychic Terrain\n|upkeep\n|\n|t:|1700743202\n|switch|p2a: Lopunny|Lopunny-Mega, M|100\/100 par\n|-damage|p2a: Lopunny|95\/100 par|[from] Stealth Rock\n|-activate|p2a: Lopunny|move: Sticky Web\n|-unboost|p2a: Lopunny|spe|1\n|turn|15\n|\n|t:|1700743219\n|move|p2a: Lopunny|Fake Out|p1a: Gliscor\n|-damage|p1a: Gliscor|10\/100 tox\n|cant|p1a: Gliscor|flinch\n|\n|-heal|p1a: Gliscor|23\/100 tox|[from] ability: Poison Heal\n|upkeep\n|turn|16\n|\n|t:|1700743224\n|move|p2a: Lopunny|Quick Attack|p1a: Gliscor\n|-damage|p1a: Gliscor|2\/100 tox\n|move|p1a: Gliscor|Gunk Shot|p2a: Lopunny\n|-damage|p2a: Lopunny|46\/100 par\n|\n|-heal|p1a: Gliscor|14\/100 tox|[from] ability: Poison Heal\n|upkeep\n|turn|17\n|\n|t:|1700743237\n|move|p2a: Lopunny|Quick Attack|p1a: Gliscor\n|-damage|p1a: Gliscor|0 fnt\n|faint|p1a: Gliscor\n|\n|upkeep\n|\n|t:|1700743243\n|switch|p1a: Thundurus|Thundurus-Therian, M|100\/100\n|turn|18\n|\n|t:|1700743262\n|-terastallize|p1a: Thundurus|Electric\n|move|p2a: Lopunny|Fake Out||[still]\n|-hint|Fake Out only works on your first turn out.\n|-fail|p2a: Lopunny\n|move|p1a: Thundurus|Thunderbolt|p2a: Lopunny\n|-damage|p2a: Lopunny|0 fnt\n|faint|p2a: Lopunny\n|-damage|p1a: Thundurus|91\/100|[from] item: Life Orb\n|\n|upkeep\n|\n|t:|1700743264\n|switch|p2a: Dragonite|Dragonite, M|100\/100\n|-damage|p2a: Dragonite|76\/100|[from] Stealth Rock\n|turn|19\n|\n|t:|1700743269\n|move|p1a: Thundurus|Hidden Power|p2a: Dragonite\n|-supereffective|p2a: Dragonite\n|-crit|p2a: Dragonite\n|-damage|p2a: Dragonite|0 fnt\n|faint|p2a: Dragonite\n|-damage|p1a: Thundurus|81\/100|[from] item: Life Orb\n|\n|win|mantidfly\n","uploadtime":1700743274,"views":4,"p1id":"mantidfly","p2id":"asadlion","formatid":"gen9nationaldex","rating":0,"private":0,"password":""}