{"id":"gen9nationaldex-1991806624","p1":"pelipper111","p2":"Tank Tests","format":"[Gen 9] National Dex","log":"|j|\u2606pelipper111\n|j|\u2606Tank Tests\n|t:|1700120880\n|gametype|singles\n|player|p1|pelipper111|266|1479\n|player|p2|Tank Tests|2|1423\n|teamsize|p1|6\n|teamsize|p2|6\n|gen|9\n|tier|[Gen 9] National Dex\n|rated|\n|rule|HP Percentage Mod: HP is shown in percentages\n|rule|Endless Battle Clause: Forcing endless battles is banned\n|rule|OHKO Clause: OHKO moves are banned\n|rule|Evasion Clause: Evasion abilities, items, and moves are banned\n|rule|Evasion Abilities Clause: Evasion abilities are banned\n|rule|Evasion Items Clause: Evasion items are banned\n|rule|Evasion Moves Clause: Evasion moves are banned\n|rule|Species Clause: Limit one of each Pok\u00e9mon\n|rule|Sleep Clause Mod: Limit one foe put to sleep\n|clearpoke\n|poke|p1|Pelipper, M|\n|poke|p1|Swampert, M|\n|poke|p1|Tapu Lele|\n|poke|p1|Sneasler, F|\n|poke|p1|Zapdos|\n|poke|p1|Ditto|\n|poke|p2|Pawmot, M|\n|poke|p2|Rabsca, F|\n|poke|p2|Banette, F|\n|poke|p2|Victini|\n|poke|p2|Dragonite, F|\n|poke|p2|Forretress, M|\n|teampreview\n|\n|t:|1700120891\n|start\n|switch|p1a: Pelipper|Pelipper, M|100\/100\n|switch|p2a: Victini|Victini|100\/100\n|-weather|RainDance|[from] ability: Drizzle|[of] p1a: Pelipper\n|turn|1\n|\n|t:|1700120898\n|move|p2a: Victini|Final Gambit|p1a: Pelipper\n|-damage|p1a: Pelipper|0 fnt\n|faint|p2a: Victini\n|faint|p1a: Pelipper\n|\n|-weather|RainDance|[upkeep]\n|upkeep\n|\n|t:|1700120911\n|switch|p2a: Dragonite|Dragonite, F|100\/100\n|switch|p1a: Swampert|Swampert, M|100\/100\n|turn|2\n|\n|t:|1700120919\n|detailschange|p1a: Swampert|Swampert-Mega, M\n|-mega|p1a: Swampert|Swampert|Swampertite\n|move|p1a: Swampert|Liquidation|p2a: Dragonite\n|-resisted|p2a: Dragonite\n|-damage|p2a: Dragonite|79\/100\n|move|p2a: Dragonite|Dragon Dance|p2a: Dragonite\n|-boost|p2a: Dragonite|atk|1\n|-boost|p2a: Dragonite|spe|1\n|\n|-weather|RainDance|[upkeep]\n|upkeep\n|turn|3\n|\n|t:|1700120933\n|move|p2a: Dragonite|Extreme Speed|p1a: Swampert\n|-damage|p1a: Swampert|61\/100\n|move|p1a: Swampert|Flip Turn|p2a: Dragonite\n|-resisted|p2a: Dragonite\n|-damage|p2a: Dragonite|53\/100\n|\n|t:|1700120941\n|switch|p1a: Ditto|Ditto|100\/100|[from] Flip Turn\n|-transform|p1a: Ditto|p2a: Dragonite|[from] ability: Imposter\n|\n|-weather|RainDance|[upkeep]\n|upkeep\n|turn|4\n|\n|t:|1700120955\n|switch|p2a: Forretress|Forretress, M|100\/100\n|move|p1a: Ditto|Dragon Claw|p2a: Forretress\n|-resisted|p2a: Forretress\n|-damage|p2a: Forretress|74\/100\n|\n|-weather|RainDance|[upkeep]\n|upkeep\n|turn|5\n|j| aokong\n|\n|t:|1700120965\n|switch|p1a: Zapdos|Zapdos|100\/100\n|move|p2a: Forretress|Stealth Rock|p1a: Zapdos\n|-sidestart|p1: pelipper111|move: Stealth Rock\n|\n|-weather|none\n|upkeep\n|turn|6\n|\n|t:|1700120972\n|move|p1a: Zapdos|Hurricane|p2a: Forretress|[miss]\n|-miss|p1a: Zapdos|p2a: Forretress\n|move|p2a: Forretress|Explosion|p1a: Zapdos\n|-damage|p1a: Zapdos|63\/100\n|faint|p2a: Forretress\n|\n|upkeep\n|\n|t:|1700120983\n|switch|p2a: Banette|Banette, F|100\/100\n|turn|7\n|\n|t:|1700120992\n|detailschange|p2a: Banette|Banette-Mega, F\n|-mega|p2a: Banette|Banette|Banettite\n|move|p2a: Banette|Destiny Bond|p2a: Banette\n|-singlemove|p2a: Banette|Destiny Bond\n|move|p1a: Zapdos|Defog|p2a: Banette\n|-unboost|p2a: Banette|evasion|1\n|-sideend|p1: pelipper111|Stealth Rock|[from] move: Defog|[of] p1a: Zapdos\n|\n|upkeep\n|turn|8\n|\n|t:|1700121002\n|move|p2a: Banette|Encore|p1a: Zapdos\n|-start|p1a: Zapdos|Encore\n|move|p1a: Zapdos|Defog|p2a: Banette\n|-unboost|p2a: Banette|evasion|1\n|\n|upkeep\n|turn|9\n|\n|t:|1700121014\n|switch|p1a: Swampert|Swampert-Mega, M|61\/100\n|move|p2a: Banette|Poltergeist|p1a: Swampert\n|-activate|p1a: Swampert|move: Poltergeist|Swampertite\n|-damage|p1a: Swampert|0 fnt\n|faint|p1a: Swampert\n|\n|upkeep\n|\n|t:|1700121026\n|switch|p1a: Ditto|Ditto|100\/100\n|-transform|p1a: Ditto|p2a: Banette|[from] ability: Imposter\n|turn|10\n|\n|t:|1700121035\n|move|p2a: Banette|Destiny Bond|p2a: Banette\n|-singlemove|p2a: Banette|Destiny Bond\n|move|p1a: Ditto|Poltergeist|p2a: Banette\n|-activate|p2a: Banette|move: Poltergeist|Banettite\n|-supereffective|p2a: Banette\n|-damage|p2a: Banette|0 fnt\n|faint|p2a: Banette\n|-activate|p2a: Banette|move: Destiny Bond\n|faint|p1a: Ditto\n|\n|upkeep\n|\n|t:|1700121047\n|switch|p2a: Rabsca|Rabsca, F|100\/100\n|switch|p1a: Tapu Lele|Tapu Lele|100\/100\n|-fieldstart|move: Psychic Terrain|[from] ability: Psychic Surge|[of] p1a: Tapu Lele\n|turn|11\n|\n|t:|1700121057\n|move|p1a: Tapu Lele|Shadow Ball|p2a: Rabsca\n|-supereffective|p2a: Rabsca\n|-damage|p2a: Rabsca|50\/100\n|move|p2a: Rabsca|Revival Blessing|p2a: Rabsca\n|-enditem|p2a: Rabsca|Leppa Berry|[eat]\n|-activate|p2a: Rabsca|item: Leppa Berry|Revival Blessing|[consumed]\n|\n|t:|1700121065\n|-heal|p2: Victini|50\/100|[from] move: Revival Blessing\n|\n|upkeep\n|turn|12\n|\n|t:|1700121069\n|move|p1a: Tapu Lele|Shadow Ball|p2a: Rabsca\n|-supereffective|p2a: Rabsca\n|-damage|p2a: Rabsca|2\/100\n|-unboost|p2a: Rabsca|spd|1\n|move|p2a: Rabsca|Revival Blessing|p2a: Rabsca\n|\n|t:|1700121076\n|-heal|p2: Banette|50\/100|[from] move: Revival Blessing\n|\n|upkeep\n|turn|13\n|\n|t:|1700121082\n|switch|p1a: Sneasler|Sneasler, F|100\/100\n|-enditem|p1a: Sneasler|Psychic Seed\n|-boost|p1a: Sneasler|spd|1|[from] item: Psychic Seed\n|move|p2a: Rabsca|Memento|p1a: Sneasler\n|-unboost|p1a: Sneasler|atk|2\n|-unboost|p1a: Sneasler|spa|2\n|faint|p2a: Rabsca\n|\n|upkeep\n|\n|t:|1700121095\n|switch|p2a: Victini|Victini|50\/100\n|turn|14\n|\n|t:|1700121101\n|move|p1a: Sneasler|Swords Dance|p1a: Sneasler\n|-boost|p1a: Sneasler|atk|2\n|move|p2a: Victini|Zen Headbutt|p1a: Sneasler\n|-supereffective|p1a: Sneasler\n|-damage|p1a: Sneasler|0 fnt\n|faint|p1a: Sneasler\n|\n|upkeep\n|\n|t:|1700121110\n|switch|p1a: Tapu Lele|Tapu Lele|100\/100\n|turn|15\n|\n|t:|1700121114\n|move|p2a: Victini|Zen Headbutt|p1a: Tapu Lele\n|-resisted|p1a: Tapu Lele\n|-damage|p1a: Tapu Lele|68\/100\n|move|p1a: Tapu Lele|Psychic|p2a: Victini\n|-resisted|p2a: Victini\n|-damage|p2a: Victini|22\/100\n|-unboost|p2a: Victini|spd|1\n|\n|-fieldend|move: Psychic Terrain\n|upkeep\n|turn|16\n|\n|t:|1700121120\n|move|p2a: Victini|Zen Headbutt|p1a: Tapu Lele\n|-resisted|p1a: Tapu Lele\n|-damage|p1a: Tapu Lele|42\/100\n|move|p1a: Tapu Lele|Psychic|p2a: Victini\n|-resisted|p2a: Victini\n|-crit|p2a: Victini\n|-damage|p2a: Victini|0 fnt\n|faint|p2a: Victini\n|\n|upkeep\n|\n|t:|1700121126\n|switch|p2a: Banette|Banette-Mega, F|50\/100\n|turn|17\n|\n|t:|1700121132\n|move|p2a: Banette|Destiny Bond|p2a: Banette\n|-singlemove|p2a: Banette|Destiny Bond\n|move|p1a: Tapu Lele|Shadow Ball|p2a: Banette\n|-supereffective|p2a: Banette\n|-damage|p2a: Banette|0 fnt\n|faint|p2a: Banette\n|-activate|p2a: Banette|move: Destiny Bond\n|faint|p1a: Tapu Lele\n|\n|upkeep\n|\n|t:|1700121142\n|switch|p1a: Zapdos|Zapdos|63\/100\n|switch|p2a: Pawmot|Pawmot, M|100\/100\n|turn|18\n|\n|t:|1700121149\n|move|p2a: Pawmot|Revival Blessing|p2a: Pawmot\n|-enditem|p2a: Pawmot|Leppa Berry|[eat]\n|-activate|p2a: Pawmot|item: Leppa Berry|Revival Blessing|[consumed]\n|\n|t:|1700121154\n|-heal|p2: Victini|50\/100|[from] move: Revival Blessing\n|move|p1a: Zapdos|Roost|p1a: Zapdos\n|-heal|p1a: Zapdos|100\/100\n|-singleturn|p1a: Zapdos|move: Roost\n|\n|upkeep\n|turn|19\n|-message|pelipper111 forfeited.\n|\n|win|Tank Tests\n|raw|pelipper111's rating: 1479 &rarr; <strong>1456<\/strong><br \/>(-23 for losing)\n|raw|Tank Tests's rating: 1423 &rarr; <strong>1446<\/strong><br \/>(+23 for winning)\n|l|\u2606pelipper111\n","uploadtime":1700121161,"views":14,"p1id":"pelipper111","p2id":"tanktests","formatid":"gen9nationaldex","rating":1446,"private":0,"password":""}