{"id":"gen9nationaldex-1997773900","p1":"Vedasa","p2":"batmanga","format":"[Gen 9] National Dex","log":"|html|<div class=\"broadcast-blue\"><strong>[Gen 9] National Dex is currently suspecting Sneasler! For information on how to participate check out the <a href=\"https:\/\/www.smogon.com\/forums\/threads\/sv-national-dex-suspect-8-just-dance.3731534\/\">suspect thread<\/a>.<\/strong><\/div>\n|j|\u2606Vedasa\n|j|\u2606batmanga\n|t:|1700851189\n|gametype|singles\n|player|p1|Vedasa|blue|1481\n|player|p2|batmanga|1|1567\n|teamsize|p1|6\n|teamsize|p2|6\n|gen|9\n|tier|[Gen 9] National Dex\n|rated|\n|rule|HP Percentage Mod: HP is shown in percentages\n|rule|Endless Battle Clause: Forcing endless battles is banned\n|rule|OHKO Clause: OHKO moves are banned\n|rule|Evasion Clause: Evasion abilities, items, and moves are banned\n|rule|Evasion Abilities Clause: Evasion abilities are banned\n|rule|Evasion Items Clause: Evasion items are banned\n|rule|Evasion Moves Clause: Evasion moves are banned\n|rule|Species Clause: Limit one of each Pok\u00e9mon\n|rule|Sleep Clause Mod: Limit one foe put to sleep\n|clearpoke\n|poke|p1|Zeraora|\n|poke|p1|Zapdos|\n|poke|p1|Landorus-Therian, M|\n|poke|p1|Altaria, M|\n|poke|p1|Vaporeon, F|\n|poke|p1|Cinccino, F|\n|poke|p2|Slowking, F|\n|poke|p2|Raticate, M|\n|poke|p2|Skeledirge, M|\n|poke|p2|Arctozolt|\n|poke|p2|Abomasnow, M|\n|poke|p2|Zamazenta-*|\n|teampreview\n|\n|t:|1700851206\n|start\n|switch|p1a: Zeraora|Zeraora|100\/100\n|switch|p2a: Willump.|Abomasnow, M, shiny|100\/100\n|-weather|Snow|[from] ability: Snow Warning|[of] p2a: Willump.\n|turn|1\n|c|\u2606Vedasa|Rat :D\n|\n|t:|1700851216\n|detailschange|p2a: Willump.|Abomasnow-Mega, M, shiny\n|-mega|p2a: Willump.|Abomasnow|Abomasite\n|move|p1a: Zeraora|Volt Switch|p2a: Willump.\n|-resisted|p2a: Willump.\n|-damage|p2a: Willump.|87\/100\n|\n|t:|1700851224\n|switch|p1a: Vaporeon|Vaporeon, F|100\/100|[from] Volt Switch\n|move|p2a: Willump.|Earthquake|p1a: Vaporeon\n|-damage|p1a: Vaporeon|67\/100\n|\n|-weather|Snow|[upkeep]\n|-heal|p1a: Vaporeon|73\/100|[from] item: Leftovers\n|upkeep\n|turn|2\n|\n|t:|1700851232\n|switch|p2a: RATKING.|Raticate, M, shiny|100\/100\n|move|p1a: Vaporeon|Protect||[still]\n|-fail|p1a: Vaporeon\n|\n|-weather|Snow|[upkeep]\n|-heal|p1a: Vaporeon|79\/100|[from] item: Leftovers\n|-status|p2a: RATKING.|brn|[from] item: Flame Orb\n|upkeep\n|turn|3\n|\n|t:|1700851240\n|move|p2a: RATKING.|Swords Dance|p2a: RATKING.\n|-boost|p2a: RATKING.|atk|2\n|move|p1a: Vaporeon|Flip Turn|p2a: RATKING.\n|-damage|p2a: RATKING.|72\/100 brn\n|\n|t:|1700851255\n|switch|p1a: Altaria|Altaria, M|100\/100|[from] Flip Turn\n|\n|-weather|Snow|[upkeep]\n|-damage|p2a: RATKING.|66\/100 brn|[from] brn\n|upkeep\n|turn|4\n|\n|t:|1700851260\n|detailschange|p1a: Altaria|Altaria-Mega, M\n|-mega|p1a: Altaria|Altaria|Altarianite\n|move|p2a: RATKING.|Facade|p1a: Altaria\n|-damage|p1a: Altaria|0 fnt\n|faint|p1a: Altaria\n|\n|-weather|Snow|[upkeep]\n|-damage|p2a: RATKING.|60\/100 brn|[from] brn\n|upkeep\n|\n|t:|1700851266\n|switch|p1a: Landorus|Landorus-Therian, M|100\/100\n|-ability|p1a: Landorus|Intimidate|boost\n|-unboost|p2a: RATKING.|atk|1\n|turn|5\n|\n|t:|1700851270\n|-terastallize|p2a: RATKING.|Normal\n|move|p2a: RATKING.|Facade|p1a: Landorus\n|-crit|p1a: Landorus\n|-damage|p1a: Landorus|0 fnt\n|-damage|p2a: RATKING.|44\/100 brn|[from] item: Rocky Helmet|[of] p1a: Landorus\n|faint|p1a: Landorus\n|\n|-weather|none\n|-damage|p2a: RATKING.|38\/100 brn|[from] brn\n|upkeep\n|\n|t:|1700851283\n|switch|p1a: Zeraora|Zeraora|100\/100\n|turn|6\n|\n|t:|1700851288\n|switch|p2a: Willump.|Abomasnow-Mega, M, shiny|87\/100\n|-weather|Snow|[from] ability: Snow Warning|[of] p2a: Willump.\n|move|p1a: Zeraora|Volt Switch|p2a: Willump.\n|-resisted|p2a: Willump.\n|-damage|p2a: Willump.|72\/100\n|\n|t:|1700851291\n|switch|p1a: Zapdos|Zapdos|100\/100|[from] Volt Switch\n|\n|-weather|Snow|[upkeep]\n|upkeep\n|turn|7\n|\n|t:|1700851297\n|switch|p2a: Pearl.|Slowking, F|100\/100\n|-zpower|p1a: Zapdos\n|move|p1a: Zapdos|Supersonic Skystrike|p2a: Pearl.|[zeffect]\n|-damage|p2a: Pearl.|56\/100\n|\n|-weather|Snow|[upkeep]\n|upkeep\n|turn|8\n|\n|t:|1700851300\n|move|p1a: Zapdos|Volt Switch|p2a: Pearl.\n|-supereffective|p2a: Pearl.\n|-damage|p2a: Pearl.|20\/100\n|\n|t:|1700851304\n|switch|p1a: Zeraora|Zeraora|100\/100|[from] Volt Switch\n|move|p2a: Pearl.|Chilly Reception|p2a: Pearl.\n|\n|t:|1700851317\n|switch|p2a: Willump.|Abomasnow-Mega, M, shiny|72\/100|[from] Chilly Reception\n|\n|-weather|Snow|[upkeep]\n|upkeep\n|turn|9\n|\n|t:|1700851336\n|move|p1a: Zeraora|Aura Sphere|p2a: Willump.\n|-supereffective|p2a: Willump.\n|-damage|p2a: Willump.|30\/100\n|move|p2a: Willump.|Leech Seed|p1a: Zeraora\n|-start|p1a: Zeraora|move: Leech Seed\n|\n|-weather|Snow|[upkeep]\n|-damage|p1a: Zeraora|88\/100|[from] Leech Seed|[of] p2a: Willump.\n|-heal|p2a: Willump.|41\/100|[silent]\n|upkeep\n|turn|10\n|\n|t:|1700851344\n|switch|p1a: Cinccino|Cinccino, F|100\/100\n|switch|p2a: Ryomen Sukuna.|Skeledirge, M|100\/100\n|\n|-weather|none\n|upkeep\n|turn|11\n|\n|t:|1700851348\n|-terastallize|p1a: Cinccino|Fire\n|move|p1a: Cinccino|Work Up|p1a: Cinccino\n|-boost|p1a: Cinccino|atk|1\n|-boost|p1a: Cinccino|spa|1\n|move|p2a: Ryomen Sukuna.|Torch Song|p1a: Cinccino\n|-resisted|p1a: Cinccino\n|-damage|p1a: Cinccino|74\/100\n|-boost|p2a: Ryomen Sukuna.|spa|1\n|\n|upkeep\n|turn|12\n|\n|t:|1700851357\n|move|p1a: Cinccino|Rock Blast|p2a: Ryomen Sukuna.\n|-supereffective|p2a: Ryomen Sukuna.\n|-damage|p2a: Ryomen Sukuna.|88\/100\n|-supereffective|p2a: Ryomen Sukuna.\n|-damage|p2a: Ryomen Sukuna.|76\/100\n|-supereffective|p2a: Ryomen Sukuna.\n|-damage|p2a: Ryomen Sukuna.|65\/100\n|-supereffective|p2a: Ryomen Sukuna.\n|-damage|p2a: Ryomen Sukuna.|52\/100\n|-hitcount|p2a: Ryomen Sukuna.|4\n|move|p2a: Ryomen Sukuna.|Torch Song|p1a: Cinccino\n|-resisted|p1a: Cinccino\n|-damage|p1a: Cinccino|34\/100\n|-boost|p2a: Ryomen Sukuna.|spa|1\n|\n|upkeep\n|turn|13\n|\n|t:|1700851366\n|move|p1a: Cinccino|Rock Blast|p2a: Ryomen Sukuna.\n|-supereffective|p2a: Ryomen Sukuna.\n|-damage|p2a: Ryomen Sukuna.|39\/100\n|-supereffective|p2a: Ryomen Sukuna.\n|-damage|p2a: Ryomen Sukuna.|27\/100\n|-supereffective|p2a: Ryomen Sukuna.\n|-damage|p2a: Ryomen Sukuna.|14\/100\n|-supereffective|p2a: Ryomen Sukuna.\n|-damage|p2a: Ryomen Sukuna.|1\/100\n|-hitcount|p2a: Ryomen Sukuna.|4\n|move|p2a: Ryomen Sukuna.|Slack Off|p2a: Ryomen Sukuna.\n|-heal|p2a: Ryomen Sukuna.|51\/100\n|\n|upkeep\n|turn|14\n|\n|t:|1700851379\n|switch|p2a: Zallar.|Zamazenta|100\/100\n|-ability|p2a: Zallar.|Dauntless Shield|boost\n|-boost|p2a: Zallar.|def|1\n|move|p1a: Cinccino|Rock Blast|p2a: Zallar.\n|-resisted|p2a: Zallar.\n|-damage|p2a: Zallar.|95\/100\n|-resisted|p2a: Zallar.\n|-damage|p2a: Zallar.|90\/100\n|-resisted|p2a: Zallar.\n|-damage|p2a: Zallar.|85\/100\n|-resisted|p2a: Zallar.\n|-damage|p2a: Zallar.|80\/100\n|-resisted|p2a: Zallar.\n|-damage|p2a: Zallar.|76\/100\n|-hitcount|p2a: Zallar.|5\n|\n|upkeep\n|turn|15\n|\n|t:|1700851383\n|move|p2a: Zallar.|Stone Edge|p1a: Cinccino\n|-supereffective|p1a: Cinccino\n|-damage|p1a: Cinccino|0 fnt\n|faint|p1a: Cinccino\n|\n|upkeep\n|\n|t:|1700851393\n|switch|p1a: Zeraora|Zeraora|88\/100\n|turn|16\n|\n|t:|1700851401\n|switch|p2a: Willump.|Abomasnow-Mega, M, shiny|41\/100\n|-weather|Snow|[from] ability: Snow Warning|[of] p2a: Willump.\n|move|p1a: Zeraora|Volt Switch|p2a: Willump.\n|-resisted|p2a: Willump.\n|-damage|p2a: Willump.|28\/100\n|\n|t:|1700851404\n|switch|p1a: Zapdos|Zapdos|100\/100|[from] Volt Switch\n|\n|-weather|Snow|[upkeep]\n|upkeep\n|turn|17\n|\n|t:|1700851407\n|move|p1a: Zapdos|Hurricane|p2a: Willump.|[miss]\n|-miss|p1a: Zapdos|p2a: Willump.\n|move|p2a: Willump.|Giga Drain|p1a: Zapdos\n|-resisted|p1a: Zapdos\n|-damage|p1a: Zapdos|89\/100\n|-heal|p2a: Willump.|35\/100|[from] drain|[of] p1a: Zapdos\n|\n|-weather|Snow|[upkeep]\n|upkeep\n|turn|18\n|\n|t:|1700851413\n|move|p1a: Zapdos|Hurricane|p2a: Willump.|[miss]\n|-miss|p1a: Zapdos|p2a: Willump.\n|move|p2a: Willump.|Blizzard|p1a: Zapdos\n|-supereffective|p1a: Zapdos\n|-damage|p1a: Zapdos|17\/100\n|\n|-weather|Snow|[upkeep]\n|upkeep\n|turn|19\n|-message|Vedasa forfeited.\n|\n|win|batmanga\n|raw|Vedasa's rating: 1481 &rarr; <strong>1466<\/strong><br \/>(-15 for losing)\n|raw|batmanga's rating: 1567 &rarr; <strong>1582<\/strong><br \/>(+15 for winning)\n|l|\u2606Vedasa\n","uploadtime":1700851435,"views":2,"p1id":"vedasa","p2id":"batmanga","formatid":"gen9nationaldex","rating":1466,"private":0,"password":""}