{"id":"gen9nationaldex-1987351477","p1":"Lusamine Wrath","p2":"Jarl_jake","format":"[Gen 9] National Dex","log":"|j|\u2606Lusamine Wrath\n|j|\u2606Jarl_jake\n|t:|1699580674\n|gametype|singles\n|player|p1|Lusamine Wrath|170|1183\n|player|p2|Jarl_jake|red|1185\n|teamsize|p1|6\n|teamsize|p2|6\n|gen|9\n|tier|[Gen 9] National Dex\n|rated|\n|rule|HP Percentage Mod: HP is shown in percentages\n|rule|Endless Battle Clause: Forcing endless battles is banned\n|rule|OHKO Clause: OHKO moves are banned\n|rule|Evasion Clause: Evasion abilities, items, and moves are banned\n|rule|Evasion Abilities Clause: Evasion abilities are banned\n|rule|Evasion Items Clause: Evasion items are banned\n|rule|Evasion Moves Clause: Evasion moves are banned\n|rule|Species Clause: Limit one of each Pok\u00e9mon\n|rule|Sleep Clause Mod: Limit one foe put to sleep\n|clearpoke\n|poke|p1|Houndoom, F|\n|poke|p1|Seviper, M|\n|poke|p1|Drapion, M|\n|poke|p1|Great Tusk|\n|poke|p1|Braviary-Hisui, M|\n|poke|p1|Hydreigon, M|\n|poke|p2|Sigilyph, M|\n|poke|p2|Morpeko, F|\n|poke|p2|Weavile, F|\n|poke|p2|Volcarona, F|\n|poke|p2|Slaking, M|\n|poke|p2|Vileplume, F|\n|teampreview\n|\n|t:|1699580693\n|start\n|switch|p1a: King Taijitu|Seviper, M|100\/100\n|switch|p2a: Slaking|Slaking, M, shiny|100\/100\n|turn|1\n|\n|t:|1699580703\n|move|p2a: Slaking|Earthquake|p1a: King Taijitu\n|-supereffective|p1a: King Taijitu\n|-enditem|p1a: King Taijitu|Focus Sash\n|-damage|p1a: King Taijitu|1\/100\n|move|p1a: King Taijitu|Knock Off|p2a: Slaking\n|-damage|p2a: Slaking|78\/100\n|-enditem|p2a: Slaking|Leftovers|[from] move: Knock Off|[of] p1a: King Taijitu\n|\n|upkeep\n|turn|2\n|\n|t:|1699580714\n|switch|p2a: Morpeko|Morpeko, F, shiny|100\/100\n|move|p1a: King Taijitu|Poison Jab|p2a: Morpeko\n|-damage|p2a: Morpeko|19\/100\n|-status|p2a: Morpeko|psn\n|-enditem|p2a: Morpeko|Red Card|[of] p1a: King Taijitu\n|drag|p1a: Nevermore|Braviary-Hisui, M, shiny|100\/100\n|\n|-damage|p2a: Morpeko|6\/100 psn|[from] psn\n|-formechange|p2a: Morpeko|Morpeko-Hangry||[from] ability: Hunger Switch\n|upkeep\n|turn|3\n|\n|t:|1699580727\n|switch|p1a: King Taijitu|Seviper, M|1\/100\n|move|p2a: Morpeko|Aura Wheel|p1a: King Taijitu\n|-damage|p1a: King Taijitu|0 fnt\n|-boost|p2a: Morpeko|spe|1\n|faint|p1a: King Taijitu\n|\n|-damage|p2a: Morpeko|0 fnt|[from] psn\n|faint|p2a: Morpeko\n|upkeep\n|\n|t:|1699580744\n|switch|p2a: Slaking|Slaking, M, shiny|78\/100\n|switch|p1a: Deathstalker|Drapion, M|100\/100\n|turn|4\n|\n|t:|1699580751\n|switch|p1a: Wyvern|Hydreigon, M|100\/100\n|move|p2a: Slaking|Giga Impact|p1a: Wyvern\n|-damage|p1a: Wyvern|0 fnt\n|-mustrecharge|p2a: Slaking\n|faint|p1a: Wyvern\n|\n|upkeep\n|\n|t:|1699580756\n|switch|p1a: Deathstalker|Drapion, M|100\/100\n|turn|5\n|\n|t:|1699580760\n|move|p1a: Deathstalker|Substitute|p1a: Deathstalker\n|-start|p1a: Deathstalker|Substitute\n|-damage|p1a: Deathstalker|76\/100\n|cant|p2a: Slaking|recharge\n|\n|-heal|p1a: Deathstalker|82\/100|[from] item: Leftovers\n|upkeep\n|turn|6\n|\n|t:|1699580769\n|move|p1a: Deathstalker|Acupressure|p1a: Deathstalker\n|-boost|p1a: Deathstalker|spd|2\n|move|p2a: Slaking|Encore|p1a: Deathstalker\n|-start|p1a: Deathstalker|Encore\n|\n|-heal|p1a: Deathstalker|88\/100|[from] item: Leftovers\n|upkeep\n|turn|7\n|\n|t:|1699580778\n|move|p1a: Deathstalker|Acupressure|p1a: Deathstalker\n|-boost|p1a: Deathstalker|spa|2\n|cant|p2a: Slaking|ability: Truant\n|\n|-heal|p1a: Deathstalker|94\/100|[from] item: Leftovers\n|upkeep\n|turn|8\n|\n|t:|1699580786\n|move|p1a: Deathstalker|Acupressure|p1a: Deathstalker\n|-boost|p1a: Deathstalker|spe|2\n|move|p2a: Slaking|Earthquake|p1a: Deathstalker\n|-supereffective|p1a: Deathstalker\n|-end|p1a: Deathstalker|Substitute\n|\n|-heal|p1a: Deathstalker|99\/100|[from] item: Leftovers\n|upkeep\n|turn|9\n|\n|t:|1699580806\n|switch|p2a: Volcarona|Volcarona, F, shiny|100\/100\n|-terastallize|p1a: Deathstalker|Grass\n|move|p1a: Deathstalker|Acupressure|p1a: Deathstalker\n|-boost|p1a: Deathstalker|spa|2\n|\n|-heal|p1a: Deathstalker|100\/100|[from] item: Leftovers\n|-end|p1a: Deathstalker|Encore\n|upkeep\n|turn|10\n|\n|t:|1699580819\n|move|p1a: Deathstalker|Acupressure|p1a: Deathstalker\n|-boost|p1a: Deathstalker|spe|2\n|move|p2a: Volcarona|Bug Buzz|p1a: Deathstalker\n|-supereffective|p1a: Deathstalker\n|-damage|p1a: Deathstalker|26\/100\n|\n|-heal|p1a: Deathstalker|32\/100|[from] item: Leftovers\n|upkeep\n|turn|11\n|\n|t:|1699580828\n|move|p1a: Deathstalker|Cross Poison|p2a: Volcarona\n|-damage|p2a: Volcarona|69\/100\n|-status|p1a: Deathstalker|brn|[from] ability: Flame Body|[of] p2a: Volcarona\n|move|p2a: Volcarona|Bug Buzz|p1a: Deathstalker\n|-supereffective|p1a: Deathstalker\n|-damage|p1a: Deathstalker|0 fnt\n|faint|p1a: Deathstalker\n|\n|upkeep\n|\n|t:|1699580834\n|switch|p1a: Beowulf|Houndoom, F|100\/100\n|turn|12\n|\n|t:|1699580863\n|detailschange|p1a: Beowulf|Houndoom-Mega, F\n|-mega|p1a: Beowulf|Houndoom|Houndoominite\n|move|p1a: Beowulf|Nasty Plot|p1a: Beowulf\n|-boost|p1a: Beowulf|spa|2\n|move|p2a: Volcarona|Quiver Dance|p2a: Volcarona\n|-boost|p2a: Volcarona|spa|1\n|-boost|p2a: Volcarona|spd|1\n|-boost|p2a: Volcarona|spe|1\n|\n|upkeep\n|turn|13\n|\n|t:|1699580879\n|move|p2a: Volcarona|Bug Buzz|p1a: Beowulf\n|-damage|p1a: Beowulf|13\/100\n|move|p1a: Beowulf|Dark Pulse|p2a: Volcarona\n|-damage|p2a: Volcarona|6\/100\n|\n|upkeep\n|turn|14\n|-message|Lusamine Wrath forfeited.\n|\n|win|Jarl_jake\n|raw|Lusamine Wrath's rating: 1183 &rarr; <strong>1158<\/strong><br \/>(-25 for losing)\n|raw|Jarl_jake's rating: 1185 &rarr; <strong>1210<\/strong><br \/>(+25 for winning)\n|l|\u2606Lusamine Wrath\n","uploadtime":1699580898,"views":15,"p1id":"lusaminewrath","p2id":"jarljake","formatid":"gen9nationaldex","rating":1158,"private":0,"password":""}