{"id":"gen9nationaldex-1988790915","p1":"blazingjack","p2":"Carotu","format":"[Gen 9] National Dex","log":"|j|\u2606blazingjack\n|j|\u2606Carotu\n|t:|1699763628\n|gametype|singles\n|player|p1|blazingjack|265|\n|player|p2|Carotu|palmer|\n|teamsize|p1|6\n|teamsize|p2|6\n|gen|9\n|tier|[Gen 9] National Dex\n|rule|HP Percentage Mod: HP is shown in percentages\n|rule|Endless Battle Clause: Forcing endless battles is banned\n|rule|OHKO Clause: OHKO moves are banned\n|rule|Evasion Clause: Evasion abilities, items, and moves are banned\n|rule|Evasion Abilities Clause: Evasion abilities are banned\n|rule|Evasion Items Clause: Evasion items are banned\n|rule|Evasion Moves Clause: Evasion moves are banned\n|rule|Species Clause: Limit one of each Pok\u00e9mon\n|rule|Sleep Clause Mod: Limit one foe put to sleep\n|clearpoke\n|poke|p1|Polteageist|\n|poke|p1|Bisharp, F|\n|poke|p1|Hoopa-Unbound|\n|poke|p1|Brute Bonnet|\n|poke|p1|Muk-Alola, F|\n|poke|p1|Klefki, F|\n|poke|p2|Mawile, F|\n|poke|p2|Zoroark-Hisui, F|\n|poke|p2|Porygon-Z|\n|poke|p2|Milotic, F|\n|poke|p2|Regidrago|\n|poke|p2|Garchomp, F|\n|teampreview\n|c|\u2606blazingjack|alright this is for all the marbles\n|c|\u2606blazingjack|playoffs are at stake here...\n|\n|t:|1699763658\n|start\n|switch|p1a: Bad(Not dark type)|Klefki, F|100\/100\n|switch|p2a: HERE IT COMES|Garchomp, F|100\/100\n|turn|1\n|\n|t:|1699763674\n|move|p1a: Bad(Not dark type)|Reflect|p1a: Bad(Not dark type)\n|-sidestart|p1: blazingjack|Reflect\n|move|p2a: HERE IT COMES|Substitute|p2a: HERE IT COMES\n|-start|p2a: HERE IT COMES|Substitute\n|-damage|p2a: HERE IT COMES|76\/100\n|\n|upkeep\n|turn|2\n|\n|t:|1699763689\n|switch|p1a: ALSO DARK TYPE|Brute Bonnet|100\/100\n|move|p2a: HERE IT COMES|Nasty Plot|p2a: HERE IT COMES\n|-boost|p2a: HERE IT COMES|spa|2\n|\n|upkeep\n|turn|3\n|\n|t:|1699763700\n|move|p2a: HERE IT COMES|Flamethrower|p1a: ALSO DARK TYPE\n|-supereffective|p1a: ALSO DARK TYPE\n|-damage|p1a: ALSO DARK TYPE|0 fnt\n|faint|p1a: ALSO DARK TYPE\n|-end|p1a: ALSO DARK TYPE|Protosynthesis|[silent]\n|-damage|p2a: HERE IT COMES|66\/100|[from] item: Life Orb\n|\n|upkeep\n|c|\u2606blazingjack|thats fire\n|c|\u2606Carotu|Yes\n|\n|t:|1699763718\n|switch|p1a: Bad(Not dark type)|Klefki, F|100\/100\n|turn|4\n|\n|t:|1699763722\n|move|p1a: Bad(Not dark type)|Light Screen|p1a: Bad(Not dark type)\n|-sidestart|p1: blazingjack|move: Light Screen\n|move|p2a: HERE IT COMES|Flamethrower|p1a: Bad(Not dark type)\n|-supereffective|p1a: Bad(Not dark type)\n|-damage|p1a: Bad(Not dark type)|32\/100\n|-damage|p2a: HERE IT COMES|56\/100|[from] item: Life Orb\n|\n|-heal|p1a: Bad(Not dark type)|38\/100|[from] item: Leftovers\n|upkeep\n|turn|5\n|\n|t:|1699763730\n|move|p1a: Bad(Not dark type)|Spikes|p2a: HERE IT COMES\n|-sidestart|p2: Carotu|Spikes\n|move|p2a: HERE IT COMES|Nasty Plot|p2a: HERE IT COMES\n|-boost|p2a: HERE IT COMES|spa|2\n|\n|-heal|p1a: Bad(Not dark type)|44\/100|[from] item: Leftovers\n|-sideend|p1: blazingjack|Reflect\n|upkeep\n|turn|6\n|\n|t:|1699763737\n|switch|p1a: DIES2UTURN (DARK)|Hoopa-Unbound|100\/100\n|move|p2a: HERE IT COMES|Nasty Plot|p2a: HERE IT COMES\n|-boost|p2a: HERE IT COMES|spa|2\n|\n|upkeep\n|turn|7\n|\n|t:|1699763749\n|move|p2a: HERE IT COMES|Shadow Ball|p1a: DIES2UTURN (DARK)\n|-damage|p1a: DIES2UTURN (DARK)|12\/100\n|-damage|p2a: HERE IT COMES|46\/100|[from] item: Life Orb\n|move|p1a: DIES2UTURN (DARK)|Hyperspace Fury|p2a: HERE IT COMES\n|-supereffective|p2a: HERE IT COMES\n|-damage|p2a: HERE IT COMES|0 fnt\n|-unboost|p1a: DIES2UTURN (DARK)|def|1\n|replace|p2a: Zoroark|Zoroark-Hisui, F\n|-end|p2a: Zoroark|Illusion\n|faint|p2a: Zoroark\n|\n|upkeep\n|\n|t:|1699763785\n|switch|p2a: HERE IT COMES|Garchomp, F|100\/100\n|-damage|p2a: HERE IT COMES|88\/100|[from] Spikes\n|turn|8\n|\n|t:|1699763798\n|move|p2a: HERE IT COMES|Substitute|p2a: HERE IT COMES\n|-start|p2a: HERE IT COMES|Substitute\n|-damage|p2a: HERE IT COMES|63\/100\n|move|p1a: DIES2UTURN (DARK)|Hyperspace Fury|p2a: HERE IT COMES\n|-damage|p2a: HERE IT COMES|0 fnt\n|-unboost|p1a: DIES2UTURN (DARK)|def|1\n|faint|p2a: HERE IT COMES\n|\n|-sideend|p1: blazingjack|move: Light Screen\n|upkeep\n|c|\u2606Carotu|Oh damn that do a lot\n|j| spikelikeagliscor\n|c| spikelikeagliscor|glhf\n|c|\u2606blazingjack|yeah he be hurtin\n|\n|t:|1699763828\n|switch|p2a: The Chompsta|Mawile, F|100\/100\n|-damage|p2a: The Chompsta|88\/100|[from] Spikes\n|-ability|p2a: The Chompsta|Intimidate|boost\n|-unboost|p1a: DIES2UTURN (DARK)|atk|1\n|turn|9\n|c|\u2606blazingjack|still dies to uturn tho\n|\n|t:|1699763840\n|detailschange|p2a: The Chompsta|Mawile-Mega, F\n|-mega|p2a: The Chompsta|Mawile|Mawilite\n|move|p1a: DIES2UTURN (DARK)|Hyperspace Fury|p2a: The Chompsta\n|-resisted|p2a: The Chompsta\n|-damage|p2a: The Chompsta|62\/100\n|-unboost|p1a: DIES2UTURN (DARK)|def|1\n|move|p2a: The Chompsta|Swords Dance|p2a: The Chompsta\n|-boost|p2a: The Chompsta|atk|2\n|\n|upkeep\n|turn|10\n|\n|t:|1699763870\n|switch|p1a: DARK TYPE|Bisharp, F|100\/100\n|move|p2a: The Chompsta|Sucker Punch||[still]\n|-fail|p2a: The Chompsta\n|\n|upkeep\n|turn|11\n|\n|t:|1699763897\n|move|p1a: DARK TYPE|Swords Dance|p1a: DARK TYPE\n|-boost|p1a: DARK TYPE|atk|2\n|move|p2a: The Chompsta|Play Rough|p1a: DARK TYPE\n|-damage|p1a: DARK TYPE|0 fnt\n|faint|p1a: DARK TYPE\n|\n|upkeep\n|\n|t:|1699763909\n|switch|p1a: ANOTHER DARK TYPE|Muk-Alola, F|100\/100\n|turn|12\n|\n|t:|1699763920\n|move|p2a: The Chompsta|Play Rough|p1a: ANOTHER DARK TYPE\n|-damage|p1a: ANOTHER DARK TYPE|0 fnt\n|faint|p1a: ANOTHER DARK TYPE\n|\n|upkeep\n|c| spikelikeagliscor|holy smokes its ANOTHER DARK TYPE\n|\n|t:|1699763925\n|switch|p1a: Bad(Not dark type)|Klefki, F|44\/100\n|turn|13\n|c| spikelikeagliscor|oh noes\n|\n|t:|1699763929\n|move|p1a: Bad(Not dark type)|Reflect|p1a: Bad(Not dark type)\n|-sidestart|p1: blazingjack|Reflect\n|move|p2a: The Chompsta|Substitute|p2a: The Chompsta\n|-start|p2a: The Chompsta|Substitute\n|-damage|p2a: The Chompsta|37\/100\n|\n|-heal|p1a: Bad(Not dark type)|50\/100|[from] item: Leftovers\n|upkeep\n|turn|14\n|\n|t:|1699763937\n|switch|p1a: DIES2UTURN (DARK)|Hoopa-Unbound|12\/100\n|move|p2a: The Chompsta|Swords Dance|p2a: The Chompsta\n|-boost|p2a: The Chompsta|atk|2\n|\n|upkeep\n|turn|15\n|\n|t:|1699763943\n|move|p2a: The Chompsta|Sucker Punch|p1a: DIES2UTURN (DARK)\n|-damage|p1a: DIES2UTURN (DARK)|0 fnt\n|faint|p1a: DIES2UTURN (DARK)\n|\n|upkeep\n|\n|t:|1699763946\n|switch|p1a: honorary dark type|Polteageist|100\/100\n|turn|16\n|\n|t:|1699763953\n|move|p1a: honorary dark type|Shell Smash|p1a: honorary dark type\n|-unboost|p1a: honorary dark type|def|1\n|-unboost|p1a: honorary dark type|spd|1\n|-boost|p1a: honorary dark type|atk|2\n|-boost|p1a: honorary dark type|spa|2\n|-boost|p1a: honorary dark type|spe|2\n|move|p2a: The Chompsta|Play Rough|p1a: honorary dark type\n|-enditem|p1a: honorary dark type|Focus Sash\n|-damage|p1a: honorary dark type|1\/100\n|-ability|p1a: honorary dark type|Weak Armor|boost\n|-unboost|p1a: honorary dark type|def|1\n|-boost|p1a: honorary dark type|spe|2\n|\n|upkeep\n|turn|17\n|\n|t:|1699763965\n|move|p2a: The Chompsta|Sucker Punch||[still]\n|-fail|p2a: The Chompsta\n|move|p1a: honorary dark type|Strength Sap||[still]\n|-fail|p1a: honorary dark type\n|\n|-sideend|p1: blazingjack|Reflect\n|upkeep\n|turn|18\n|c|\u2606blazingjack|oh word\n|\n|t:|1699763982\n|move|p2a: The Chompsta|Sucker Punch|p1a: honorary dark type\n|-supereffective|p1a: honorary dark type\n|-damage|p1a: honorary dark type|0 fnt\n|faint|p1a: honorary dark type\n|\n|upkeep\n|\n|t:|1699763985\n|switch|p1a: Bad(Not dark type)|Klefki, F|50\/100\n|turn|19\n|c| spikelikeagliscor|does Sap go through sub?\n|\n|t:|1699763989\n|move|p1a: Bad(Not dark type)|Spikes|p2a: The Chompsta\n|-sidestart|p2: Carotu|Spikes\n|move|p2a: The Chompsta|Play Rough|p1a: Bad(Not dark type)\n|-resisted|p1a: Bad(Not dark type)\n|-damage|p1a: Bad(Not dark type)|0 fnt\n|faint|p1a: Bad(Not dark type)\n|\n|win|Carotu\n|c|\u2606Carotu|Nope\n|c| spikelikeagliscor|ggwp\n|c|\u2606Carotu|ggs\n|c|\u2606blazingjack|i guess not good to know lol\n|c|\u2606blazingjack|gg\n","uploadtime":1699764003,"views":5,"p1id":"blazingjack","p2id":"carotu","formatid":"gen9nationaldex","rating":0,"private":0,"password":""}