{"id":"gen9nationaldex-1991852124","p1":"SkywardSD","p2":"EdgarASP","format":"[Gen 9] National Dex","log":"|j|\u2606SkywardSD\n|j|\u2606EdgarASP\n|t:|1700128541\n|gametype|singles\n|player|p1|SkywardSD|adaman|\n|player|p2|EdgarASP|acetrainerf-gen4|\n|teamsize|p1|6\n|teamsize|p2|6\n|gen|9\n|tier|[Gen 9] National Dex\n|rule|HP Percentage Mod: HP is shown in percentages\n|rule|Endless Battle Clause: Forcing endless battles is banned\n|rule|OHKO Clause: OHKO moves are banned\n|rule|Evasion Clause: Evasion abilities, items, and moves are banned\n|rule|Evasion Abilities Clause: Evasion abilities are banned\n|rule|Evasion Items Clause: Evasion items are banned\n|rule|Evasion Moves Clause: Evasion moves are banned\n|rule|Species Clause: Limit one of each Pok\u00e9mon\n|rule|Sleep Clause Mod: Limit one foe put to sleep\n|clearpoke\n|poke|p1|Lopunny, F|\n|poke|p1|Clodsire, M|\n|poke|p1|Barraskewda, F|\n|poke|p1|Tapu Koko|\n|poke|p1|Camerupt, F|\n|poke|p1|Munkidori, M|\n|poke|p2|Gardevoir, M|\n|poke|p2|Ninetales-Alola, F|\n|poke|p2|Empoleon, M|\n|poke|p2|Cinderace, F|\n|poke|p2|Typhlosion-Hisui, F|\n|poke|p2|Cobalion|\n|teampreview\n|\n|t:|1700128545\n|start\n|switch|p1a: stick|Barraskewda, F|100\/100\n|switch|p2a: HELL YEA|Ninetales-Alola, F|100\/100\n|-weather|Snow|[from] ability: Snow Warning|[of] p2a: HELL YEA\n|turn|1\n|\n|t:|1700128553\n|move|p1a: stick|Flip Turn|p2a: HELL YEA\n|-damage|p2a: HELL YEA|69\/100\n|\n|t:|1700128557\n|switch|p1a: kciht|Camerupt, F|100\/100|[from] Flip Turn\n|move|p2a: HELL YEA|Aurora Veil|p2a: HELL YEA\n|-sidestart|p2: EdgarASP|move: Aurora Veil\n|\n|-weather|Snow|[upkeep]\n|upkeep\n|turn|2\n|\n|t:|1700128660\n|switch|p2a: HOW TO SPOON|Empoleon, M|100\/100\n|move|p1a: kciht|Earth Power|p2a: HOW TO SPOON\n|-supereffective|p2a: HOW TO SPOON\n|-damage|p2a: HOW TO SPOON|63\/100\n|\n|-weather|Snow|[upkeep]\n|-heal|p2a: HOW TO SPOON|69\/100|[from] item: Leftovers\n|upkeep\n|turn|3\n|\n|t:|1700128675\n|switch|p1a: stick|Barraskewda, F|100\/100\n|move|p2a: HOW TO SPOON|Flip Turn|p1a: stick\n|-resisted|p1a: stick\n|-damage|p1a: stick|85\/100\n|\n|t:|1700128695\n|switch|p2a: HELL YEA|Ninetales-Alola, F|69\/100|[from] Flip Turn\n|\n|-weather|Snow|[upkeep]\n|upkeep\n|turn|4\n|\n|t:|1700128701\n|move|p1a: stick|Flip Turn|p2a: HELL YEA\n|-damage|p2a: HELL YEA|51\/100\n|\n|t:|1700128705\n|switch|p1a: kciht|Camerupt, F|100\/100|[from] Flip Turn\n|move|p2a: HELL YEA|Freeze-Dry|p1a: kciht\n|-damage|p1a: kciht|73\/100\n|\n|-weather|Snow|[upkeep]\n|upkeep\n|turn|5\n|\n|t:|1700128749\n|move|p2a: HELL YEA|Blizzard|p1a: kciht\n|-damage|p1a: kciht|34\/100\n|move|p1a: kciht|Earth Power|p2a: HELL YEA\n|-damage|p2a: HELL YEA|30\/100\n|\n|-weather|Snow|[upkeep]\n|-sideend|p2: EdgarASP|move: Aurora Veil\n|upkeep\n|turn|6\n|\n|t:|1700128772\n|switch|p1a: stick|Barraskewda, F|85\/100\n|move|p2a: HELL YEA|Aurora Veil|p2a: HELL YEA\n|-sidestart|p2: EdgarASP|move: Aurora Veil\n|\n|-weather|Snow|[upkeep]\n|upkeep\n|turn|7\n|\n|t:|1700128778\n|move|p1a: stick|Flip Turn|p2a: HELL YEA\n|-damage|p2a: HELL YEA|13\/100\n|\n|t:|1700128794\n|switch|p1a: mnkoe|Munkidori, M|100\/100|[from] Flip Turn\n|move|p2a: HELL YEA|Freeze-Dry|p1a: mnkoe\n|-damage|p1a: mnkoe|78\/100\n|\n|-weather|Snow|[upkeep]\n|upkeep\n|turn|8\n|\n|t:|1700128808\n|move|p1a: mnkoe|Fake Out|p2a: HELL YEA\n|-damage|p2a: HELL YEA|10\/100\n|-status|p2a: HELL YEA|tox|[from] ability: Toxic Chain|[of] p1a: mnkoe\n|cant|p2a: HELL YEA|flinch\n|\n|-weather|none\n|-damage|p2a: HELL YEA|4\/100 tox|[from] psn\n|upkeep\n|turn|9\n|\n|t:|1700128822\n|move|p1a: mnkoe|Parting Shot|p2a: HELL YEA\n|-unboost|p2a: HELL YEA|atk|1\n|-unboost|p2a: HELL YEA|spa|1\n|\n|t:|1700128837\n|switch|p1a: stick|Barraskewda, F|85\/100|[from] Parting Shot\n|move|p2a: HELL YEA|Blizzard|p1a: stick\n|-resisted|p1a: stick\n|-damage|p1a: stick|61\/100\n|\n|-damage|p2a: HELL YEA|0 fnt|[from] psn\n|faint|p2a: HELL YEA\n|upkeep\n|\n|t:|1700128860\n|switch|p2a: HOW TO SPOON|Empoleon, M|69\/100\n|turn|10\n|\n|t:|1700128867\n|move|p1a: stick|Flip Turn|p2a: HOW TO SPOON\n|-resisted|p2a: HOW TO SPOON\n|-damage|p2a: HOW TO SPOON|55\/100\n|\n|t:|1700128887\n|switch|p1a: kciht|Camerupt, F|34\/100|[from] Flip Turn\n|move|p2a: HOW TO SPOON|Ice Spinner|p1a: kciht\n|-damage|p1a: kciht|13\/100\n|\n|-heal|p2a: HOW TO SPOON|61\/100|[from] item: Leftovers\n|-sideend|p2: EdgarASP|move: Aurora Veil\n|upkeep\n|turn|11\n|\n|t:|1700128914\n|switch|p1a: chick|Tapu Koko|100\/100\n|-fieldstart|move: Electric Terrain|[from] ability: Electric Surge|[of] p1a: chick\n|move|p2a: HOW TO SPOON|Flip Turn|p1a: chick\n|-damage|p1a: chick|78\/100\n|\n|t:|1700128935\n|switch|p2a: Dickhard onda butt|Cobalion|100\/100|[from] Flip Turn\n|\n|upkeep\n|turn|12\n|\n|t:|1700128971\n|move|p1a: chick|Volt Switch|p2a: Dickhard onda butt\n|-damage|p2a: Dickhard onda butt|32\/100\n|-damage|p1a: chick|68\/100|[from] item: Life Orb\n|\n|t:|1700128978\n|switch|p1a: thick|Clodsire, M|100\/100|[from] Volt Switch\n|move|p2a: Dickhard onda butt|Iron Head|p1a: thick\n|-damage|p1a: thick|67\/100\n|\n|-heal|p1a: thick|74\/100|[from] item: Leftovers\n|upkeep\n|turn|13\n|\n|t:|1700129073\n|move|p2a: Dickhard onda butt|Zen Headbutt|p1a: thick|[miss]\n|-miss|p2a: Dickhard onda butt|p1a: thick\n|move|p1a: thick|Earthquake|p2a: Dickhard onda butt\n|-supereffective|p2a: Dickhard onda butt\n|-damage|p2a: Dickhard onda butt|0 fnt\n|faint|p2a: Dickhard onda butt\n|\n|-heal|p1a: thick|80\/100|[from] item: Leftovers\n|upkeep\n|\n|t:|1700129116\n|switch|p2a: Kiss ya neck|Gardevoir, M, shiny|100\/100\n|turn|14\n|\n|t:|1700129123\n|-terastallize|p1a: thick|Steel\n|move|p2a: Kiss ya neck|Psyshock|p1a: thick\n|-resisted|p1a: thick\n|-damage|p1a: thick|56\/100\n|move|p1a: thick|Gunk Shot|p2a: Kiss ya neck\n|-supereffective|p2a: Kiss ya neck\n|-damage|p2a: Kiss ya neck|0 fnt\n|faint|p2a: Kiss ya neck\n|\n|-heal|p1a: thick|62\/100|[from] item: Leftovers\n|upkeep\n|\n|t:|1700129160\n|switch|p2a: tiddy in my hand|Cinderace, F|100\/100\n|turn|15\n|\n|t:|1700129176\n|move|p2a: tiddy in my hand|Pyro Ball|p1a: thick\n|-supereffective|p1a: thick\n|-damage|p1a: thick|0 fnt\n|faint|p1a: thick\n|\n|-fieldend|move: Electric Terrain\n|upkeep\n|\n|t:|1700129181\n|switch|p1a: kciht|Camerupt, F|13\/100\n|turn|16\n|-enditem|p1a: kciht|Custap Berry|[eat]\n|-activate|p1a: kciht|item: Custap Berry|[consumed]\n|\n|t:|1700129193\n|move|p1a: kciht|Explosion|p2a: tiddy in my hand\n|-damage|p2a: tiddy in my hand|19\/100\n|-enditem|p2a: tiddy in my hand|Sitrus Berry|[eat]\n|-heal|p2a: tiddy in my hand|44\/100|[from] item: Sitrus Berry\n|faint|p1a: kciht\n|move|p2a: tiddy in my hand|U-turn|p1: kciht|[notarget]\n|-fail|p2a: tiddy in my hand\n|\n|upkeep\n|\n|t:|1700129207\n|switch|p1a: stick|Barraskewda, F|61\/100\n|turn|17\n|\n|t:|1700129244\n|move|p1a: stick|Liquidation|p2a: tiddy in my hand\n|-supereffective|p2a: tiddy in my hand\n|-damage|p2a: tiddy in my hand|0 fnt\n|faint|p2a: tiddy in my hand\n|\n|upkeep\n|\n|t:|1700129250\n|switch|p2a: HOW TO SPOON|Empoleon, M|61\/100\n|turn|18\n|\n|t:|1700129260\n|switch|p1a: chick|Tapu Koko|68\/100\n|-fieldstart|move: Electric Terrain|[from] ability: Electric Surge|[of] p1a: chick\n|move|p2a: HOW TO SPOON|Ice Spinner|p1a: chick\n|-damage|p1a: chick|46\/100\n|-fieldend|move: Electric Terrain\n|\n|-heal|p2a: HOW TO SPOON|67\/100|[from] item: Leftovers\n|upkeep\n|turn|19\n|\n|t:|1700129309\n|-terastallize|p2a: HOW TO SPOON|Ground\n|move|p1a: chick|Thunderbolt|p2a: HOW TO SPOON\n|-immune|p2a: HOW TO SPOON\n|move|p2a: HOW TO SPOON|Steel Beam|p1a: chick\n|-damage|p1a: chick|0 fnt\n|-damage|p2a: HOW TO SPOON|17\/100|[from] steelbeam\n|faint|p1a: chick\n|\n|-heal|p2a: HOW TO SPOON|23\/100|[from] item: Leftovers\n|upkeep\n|\n|t:|1700129320\n|switch|p1a: stick|Barraskewda, F|61\/100\n|turn|20\n|\n|t:|1700129339\n|move|p1a: stick|Liquidation|p2a: HOW TO SPOON\n|-supereffective|p2a: HOW TO SPOON\n|-damage|p2a: HOW TO SPOON|0 fnt\n|faint|p2a: HOW TO SPOON\n|\n|upkeep\n|\n|t:|1700129346\n|switch|p2a: Hell yea|Typhlosion-Hisui, F|100\/100\n|-item|p1a: stick|Choice Band|[from] ability: Frisk|[of] p2a: Hell yea|[identify]\n|turn|21\n|\n|t:|1700129357\n|move|p1a: stick|Liquidation|p2a: Hell yea\n|-supereffective|p2a: Hell yea\n|-damage|p2a: Hell yea|0 fnt\n|faint|p2a: Hell yea\n|\n|win|SkywardSD\n|l|\u2606SkywardSD\n|j|\u2606SkywardSD\n|player|p1|SkywardSD|adaman\n","uploadtime":1700129368,"views":12,"p1id":"skywardsd","p2id":"edgarasp","formatid":"gen9nationaldex","rating":0,"private":0,"password":""}