{"id":"gen9nationaldex-1995789596","p1":"Jackimaster","p2":"globalpandemic","format":"[Gen 9] National Dex","log":"|html|<div class=\"broadcast-blue\"><strong>[Gen 9] National Dex is currently suspecting Sneasler! For information on how to participate check out the <a href=\"https:\/\/www.smogon.com\/forums\/threads\/sv-national-dex-suspect-8-just-dance.3731534\/\">suspect thread<\/a>.<\/strong><\/div>\n|j|\u2606Jackimaster\n|j|\u2606globalpandemic\n|t:|1700603350\n|gametype|singles\n|player|p1|Jackimaster|unknown|1253\n|player|p2|globalpandemic|az|1316\n|teamsize|p1|6\n|teamsize|p2|6\n|gen|9\n|tier|[Gen 9] National Dex\n|rated|\n|rule|HP Percentage Mod: HP is shown in percentages\n|rule|Endless Battle Clause: Forcing endless battles is banned\n|rule|OHKO Clause: OHKO moves are banned\n|rule|Evasion Clause: Evasion abilities, items, and moves are banned\n|rule|Evasion Abilities Clause: Evasion abilities are banned\n|rule|Evasion Items Clause: Evasion items are banned\n|rule|Evasion Moves Clause: Evasion moves are banned\n|rule|Species Clause: Limit one of each Pok\u00e9mon\n|rule|Sleep Clause Mod: Limit one foe put to sleep\n|clearpoke\n|poke|p1|Toxapex, F|\n|poke|p1|Celesteela|\n|poke|p1|Garganacl, M|\n|poke|p1|Ferrothorn, M|\n|poke|p1|Sableye, F|\n|poke|p1|Clodsire, F|\n|poke|p2|Pelipper, F|\n|poke|p2|Rotom-Wash|\n|poke|p2|Barraskewda, F|\n|poke|p2|Greninja-*, M|\n|poke|p2|Ludicolo, F|\n|poke|p2|Swampert, F|\n|teampreview\n|\n|t:|1700603361\n|start\n|switch|p1a: Clodsire|Clodsire, F|100\/100\n|switch|p2a: Pelipper|Pelipper, F|100\/100\n|-weather|RainDance|[from] ability: Drizzle|[of] p2a: Pelipper\n|turn|1\n|\n|t:|1700603368\n|move|p2a: Pelipper|Knock Off|p1a: Clodsire\n|-damage|p1a: Clodsire|85\/100\n|-enditem|p1a: Clodsire|Black Sludge|[from] move: Knock Off|[of] p2a: Pelipper\n|move|p1a: Clodsire|Curse|p1a: Clodsire\n|-unboost|p1a: Clodsire|spe|1\n|-boost|p1a: Clodsire|atk|1\n|-boost|p1a: Clodsire|def|1\n|\n|-weather|RainDance|[upkeep]\n|upkeep\n|turn|2\n|\n|t:|1700603375\n|switch|p2a: Rotom|Rotom-Wash|100\/100\n|move|p1a: Clodsire|Curse|p1a: Clodsire\n|-unboost|p1a: Clodsire|spe|1\n|-boost|p1a: Clodsire|atk|1\n|-boost|p1a: Clodsire|def|1\n|\n|-weather|RainDance|[upkeep]\n|upkeep\n|turn|3\n|\n|t:|1700603382\n|move|p2a: Rotom|Will-O-Wisp|p1a: Clodsire|[miss]\n|-miss|p2a: Rotom|p1a: Clodsire\n|move|p1a: Clodsire|Curse|p1a: Clodsire\n|-unboost|p1a: Clodsire|spe|1\n|-boost|p1a: Clodsire|atk|1\n|-boost|p1a: Clodsire|def|1\n|\n|-weather|RainDance|[upkeep]\n|upkeep\n|turn|4\n|\n|t:|1700603389\n|move|p2a: Rotom|Will-O-Wisp|p1a: Clodsire\n|-status|p1a: Clodsire|brn\n|move|p1a: Clodsire|Poison Jab|p2a: Rotom\n|-crit|p2a: Rotom\n|-damage|p2a: Rotom|59\/100\n|\n|-weather|RainDance|[upkeep]\n|-heal|p2a: Rotom|65\/100|[from] item: Leftovers\n|-damage|p1a: Clodsire|79\/100 brn|[from] brn\n|upkeep\n|turn|5\n|\n|t:|1700603397\n|move|p2a: Rotom|Hydro Pump|p1a: Clodsire\n|-heal|p1a: Clodsire|100\/100 brn|[from] ability: Water Absorb|[of] p2a: Rotom\n|move|p1a: Clodsire|Curse|p1a: Clodsire\n|-unboost|p1a: Clodsire|spe|1\n|-boost|p1a: Clodsire|atk|1\n|-boost|p1a: Clodsire|def|1\n|\n|-weather|RainDance|[upkeep]\n|-heal|p2a: Rotom|72\/100|[from] item: Leftovers\n|-damage|p1a: Clodsire|94\/100 brn|[from] brn\n|upkeep\n|turn|6\n|\n|t:|1700603409\n|move|p2a: Rotom|Tera Blast|p1a: Clodsire\n|-damage|p1a: Clodsire|85\/100 brn\n|move|p1a: Clodsire|Curse|p1a: Clodsire\n|-unboost|p1a: Clodsire|spe|1\n|-boost|p1a: Clodsire|atk|1\n|-boost|p1a: Clodsire|def|1\n|\n|-weather|RainDance|[upkeep]\n|-heal|p2a: Rotom|78\/100|[from] item: Leftovers\n|-damage|p1a: Clodsire|78\/100 brn|[from] brn\n|upkeep\n|turn|7\n|\n|t:|1700603446\n|move|p2a: Rotom|Tera Blast|p1a: Clodsire\n|-damage|p1a: Clodsire|67\/100 brn\n|move|p1a: Clodsire|Poison Jab|p2a: Rotom\n|-damage|p2a: Rotom|35\/100\n|\n|-weather|RainDance|[upkeep]\n|-heal|p2a: Rotom|42\/100|[from] item: Leftovers\n|-damage|p1a: Clodsire|61\/100 brn|[from] brn\n|upkeep\n|turn|8\n|\n|t:|1700603455\n|move|p2a: Rotom|Tera Blast|p1a: Clodsire\n|-damage|p1a: Clodsire|51\/100 brn\n|move|p1a: Clodsire|Curse|p1a: Clodsire\n|-unboost|p1a: Clodsire|spe|1\n|-boost|p1a: Clodsire|atk|1\n|-boost|p1a: Clodsire|def|1\n|\n|-weather|none\n|-heal|p2a: Rotom|48\/100|[from] item: Leftovers\n|-damage|p1a: Clodsire|45\/100 brn|[from] brn\n|upkeep\n|turn|9\n|\n|t:|1700603465\n|switch|p2a: Pelipper|Pelipper, F|100\/100\n|-weather|RainDance|[from] ability: Drizzle|[of] p2a: Pelipper\n|move|p1a: Clodsire|Recover|p1a: Clodsire\n|-heal|p1a: Clodsire|95\/100 brn\n|\n|-weather|RainDance|[upkeep]\n|-damage|p1a: Clodsire|88\/100 brn|[from] brn\n|upkeep\n|turn|10\n|\n|t:|1700603474\n|move|p2a: Pelipper|Hurricane|p1a: Clodsire\n|-damage|p1a: Clodsire|70\/100 brn\n|move|p1a: Clodsire|Poison Jab|p2a: Pelipper\n|-damage|p2a: Pelipper|66\/100\n|\n|-weather|RainDance|[upkeep]\n|-damage|p1a: Clodsire|64\/100 brn|[from] brn\n|upkeep\n|turn|11\n|\n|t:|1700603481\n|move|p2a: Pelipper|Hurricane|p1a: Clodsire\n|-damage|p1a: Clodsire|44\/100 brn\n|move|p1a: Clodsire|Poison Jab|p2a: Pelipper\n|-damage|p2a: Pelipper|35\/100\n|\n|-weather|RainDance|[upkeep]\n|-damage|p1a: Clodsire|37\/100 brn|[from] brn\n|upkeep\n|turn|12\n|\n|t:|1700603488\n|move|p2a: Pelipper|Roost|p2a: Pelipper\n|-heal|p2a: Pelipper|85\/100\n|-singleturn|p2a: Pelipper|move: Roost\n|move|p1a: Clodsire|Recover|p1a: Clodsire\n|-heal|p1a: Clodsire|87\/100 brn\n|\n|-weather|RainDance|[upkeep]\n|-damage|p1a: Clodsire|81\/100 brn|[from] brn\n|upkeep\n|turn|13\n|\n|t:|1700603495\n|move|p2a: Pelipper|Hurricane|p1a: Clodsire\n|-damage|p1a: Clodsire|62\/100 brn\n|move|p1a: Clodsire|Poison Jab|p2a: Pelipper\n|-damage|p2a: Pelipper|52\/100\n|\n|-weather|RainDance|[upkeep]\n|-damage|p1a: Clodsire|55\/100 brn|[from] brn\n|upkeep\n|turn|14\n|\n|t:|1700603502\n|move|p2a: Pelipper|Hurricane|p1a: Clodsire\n|-damage|p1a: Clodsire|35\/100 brn\n|move|p1a: Clodsire|Poison Jab|p2a: Pelipper\n|-damage|p2a: Pelipper|20\/100\n|\n|-weather|RainDance|[upkeep]\n|-damage|p1a: Clodsire|29\/100 brn|[from] brn\n|upkeep\n|turn|15\n|\n|t:|1700603513\n|move|p2a: Pelipper|Roost|p2a: Pelipper\n|-heal|p2a: Pelipper|70\/100\n|-singleturn|p2a: Pelipper|move: Roost\n|move|p1a: Clodsire|Poison Jab|p2a: Pelipper\n|-damage|p2a: Pelipper|39\/100\n|\n|-weather|RainDance|[upkeep]\n|-damage|p1a: Clodsire|22\/100 brn|[from] brn\n|upkeep\n|turn|16\n|\n|t:|1700603521\n|move|p2a: Pelipper|Hurricane|p1a: Clodsire\n|-damage|p1a: Clodsire|3\/100 brn\n|move|p1a: Clodsire|Recover|p1a: Clodsire\n|-heal|p1a: Clodsire|53\/100 brn\n|\n|-weather|none\n|-damage|p1a: Clodsire|47\/100 brn|[from] brn\n|upkeep\n|turn|17\n|\n|t:|1700603528\n|move|p2a: Pelipper|Roost|p2a: Pelipper\n|-heal|p2a: Pelipper|89\/100\n|-singleturn|p2a: Pelipper|move: Roost\n|move|p1a: Clodsire|Poison Jab|p2a: Pelipper\n|-damage|p2a: Pelipper|56\/100\n|\n|-damage|p1a: Clodsire|41\/100 brn|[from] brn\n|upkeep\n|turn|18\n|\n|t:|1700603536\n|move|p2a: Pelipper|Roost|p2a: Pelipper\n|-heal|p2a: Pelipper|100\/100\n|-singleturn|p2a: Pelipper|move: Roost\n|move|p1a: Clodsire|Recover|p1a: Clodsire\n|-heal|p1a: Clodsire|91\/100 brn\n|\n|-damage|p1a: Clodsire|85\/100 brn|[from] brn\n|upkeep\n|turn|19\n|\n|t:|1700603545\n|switch|p2a: Rotom|Rotom-Wash|48\/100\n|move|p1a: Clodsire|Poison Jab|p2a: Rotom\n|-crit|p2a: Rotom\n|-damage|p2a: Rotom|0 fnt\n|faint|p2a: Rotom\n|\n|-damage|p1a: Clodsire|78\/100 brn|[from] brn\n|upkeep\n|\n|t:|1700603553\n|switch|p2a: Pelipper|Pelipper, F|100\/100\n|-weather|RainDance|[from] ability: Drizzle|[of] p2a: Pelipper\n|turn|20\n|\n|t:|1700603558\n|move|p2a: Pelipper|Hurricane|p1a: Clodsire\n|-damage|p1a: Clodsire|61\/100 brn\n|move|p1a: Clodsire|Poison Jab|p2a: Pelipper\n|-damage|p2a: Pelipper|67\/100\n|-status|p2a: Pelipper|psn\n|\n|-weather|RainDance|[upkeep]\n|-damage|p2a: Pelipper|55\/100 psn|[from] psn\n|-damage|p1a: Clodsire|54\/100 brn|[from] brn\n|upkeep\n|turn|21\n|\n|t:|1700603567\n|move|p2a: Pelipper|Hurricane|p1a: Clodsire\n|-damage|p1a: Clodsire|34\/100 brn\n|move|p1a: Clodsire|Poison Jab|p2a: Pelipper\n|-damage|p2a: Pelipper|23\/100 psn\n|\n|-weather|RainDance|[upkeep]\n|-damage|p2a: Pelipper|11\/100 psn|[from] psn\n|-damage|p1a: Clodsire|28\/100 brn|[from] brn\n|upkeep\n|turn|22\n|\n|t:|1700603576\n|move|p2a: Pelipper|Roost|p2a: Pelipper\n|-heal|p2a: Pelipper|61\/100 psn\n|-singleturn|p2a: Pelipper|move: Roost\n|move|p1a: Clodsire|Recover|p1a: Clodsire\n|-heal|p1a: Clodsire|78\/100 brn\n|\n|-weather|RainDance|[upkeep]\n|-damage|p2a: Pelipper|48\/100 psn|[from] psn\n|-damage|p1a: Clodsire|72\/100 brn|[from] brn\n|upkeep\n|turn|23\n|\n|t:|1700603585\n|move|p2a: Pelipper|Hurricane|p1a: Clodsire\n|-damage|p1a: Clodsire|52\/100 brn\n|move|p1a: Clodsire|Poison Jab|p2a: Pelipper\n|-damage|p2a: Pelipper|18\/100 psn\n|\n|-weather|RainDance|[upkeep]\n|-damage|p2a: Pelipper|5\/100 psn|[from] psn\n|-damage|p1a: Clodsire|46\/100 brn|[from] brn\n|upkeep\n|turn|24\n|\n|t:|1700603593\n|move|p2a: Pelipper|Roost|p2a: Pelipper\n|-heal|p2a: Pelipper|56\/100 psn\n|-singleturn|p2a: Pelipper|move: Roost\n|move|p1a: Clodsire|Recover|p1a: Clodsire\n|-heal|p1a: Clodsire|96\/100 brn\n|\n|-weather|RainDance|[upkeep]\n|-damage|p2a: Pelipper|43\/100 psn|[from] psn\n|-damage|p1a: Clodsire|90\/100 brn|[from] brn\n|upkeep\n|turn|25\n|\n|t:|1700603602\n|move|p2a: Pelipper|Roost|p2a: Pelipper\n|-heal|p2a: Pelipper|93\/100 psn\n|-singleturn|p2a: Pelipper|move: Roost\n|move|p1a: Clodsire|Poison Jab|p2a: Pelipper\n|-damage|p2a: Pelipper|61\/100 psn\n|\n|-weather|RainDance|[upkeep]\n|-damage|p2a: Pelipper|49\/100 psn|[from] psn\n|-damage|p1a: Clodsire|84\/100 brn|[from] brn\n|upkeep\n|turn|26\n|\n|t:|1700603611\n|move|p2a: Pelipper|Hurricane|p1a: Clodsire\n|-crit|p1a: Clodsire\n|-damage|p1a: Clodsire|54\/100 brn\n|move|p1a: Clodsire|Poison Jab|p2a: Pelipper\n|-damage|p2a: Pelipper|14\/100 psn\n|\n|-weather|RainDance|[upkeep]\n|-damage|p2a: Pelipper|2\/100 psn|[from] psn\n|-damage|p1a: Clodsire|48\/100 brn|[from] brn\n|upkeep\n|turn|27\n|\n|t:|1700603620\n|move|p2a: Pelipper|Roost|p2a: Pelipper\n|-heal|p2a: Pelipper|52\/100 psn\n|-singleturn|p2a: Pelipper|move: Roost\n|move|p1a: Clodsire|Poison Jab|p2a: Pelipper\n|-damage|p2a: Pelipper|19\/100 psn\n|\n|-weather|none\n|-damage|p2a: Pelipper|6\/100 psn|[from] psn\n|-damage|p1a: Clodsire|42\/100 brn|[from] brn\n|upkeep\n|turn|28\n|\n|t:|1700603631\n|switch|p2a: Barraskewda|Barraskewda, F|100\/100\n|move|p1a: Clodsire|Recover|p1a: Clodsire\n|-heal|p1a: Clodsire|92\/100 brn\n|\n|-damage|p1a: Clodsire|86\/100 brn|[from] brn\n|upkeep\n|turn|29\n|\n|t:|1700603638\n|move|p2a: Barraskewda|Drill Run|p1a: Clodsire\n|-supereffective|p1a: Clodsire\n|-damage|p1a: Clodsire|64\/100 brn\n|-damage|p2a: Barraskewda|91\/100|[from] item: Life Orb\n|move|p1a: Clodsire|Earthquake|p2a: Barraskewda\n|-damage|p2a: Barraskewda|0 fnt\n|faint|p2a: Barraskewda\n|\n|-damage|p1a: Clodsire|58\/100 brn|[from] brn\n|upkeep\n|\n|t:|1700603647\n|switch|p2a: Pelipper|Pelipper, F|6\/100 psn\n|-weather|RainDance|[from] ability: Drizzle|[of] p2a: Pelipper\n|turn|30\n|\n|t:|1700603654\n|move|p2a: Pelipper|Hurricane|p1a: Clodsire\n|-damage|p1a: Clodsire|37\/100 brn\n|move|p1a: Clodsire|Recover|p1a: Clodsire\n|-heal|p1a: Clodsire|87\/100 brn\n|\n|-weather|RainDance|[upkeep]\n|-damage|p2a: Pelipper|0 fnt|[from] psn\n|faint|p2a: Pelipper\n|-damage|p1a: Clodsire|80\/100 brn|[from] brn\n|upkeep\n|\n|t:|1700603664\n|switch|p2a: Swampert|Swampert, F|100\/100\n|turn|31\n|\n|t:|1700603679\n|detailschange|p2a: Swampert|Swampert-Mega, F\n|-mega|p2a: Swampert|Swampert|Swampertite\n|move|p2a: Swampert|Earthquake|p1a: Clodsire\n|-supereffective|p1a: Clodsire\n|-damage|p1a: Clodsire|48\/100 brn\n|move|p1a: Clodsire|Earthquake|p2a: Swampert\n|-damage|p2a: Swampert|50\/100\n|\n|-weather|RainDance|[upkeep]\n|-damage|p1a: Clodsire|42\/100 brn|[from] brn\n|upkeep\n|turn|32\n|\n|t:|1700603689\n|move|p2a: Swampert|Earthquake|p1a: Clodsire\n|-supereffective|p1a: Clodsire\n|-damage|p1a: Clodsire|10\/100 brn\n|move|p1a: Clodsire|Earthquake|p2a: Swampert\n|-damage|p2a: Swampert|0 fnt\n|faint|p2a: Swampert\n|\n|-weather|RainDance|[upkeep]\n|-damage|p1a: Clodsire|3\/100 brn|[from] brn\n|upkeep\n|\n|t:|1700603697\n|switch|p2a: Greninja|Greninja, M|100\/100\n|turn|33\n|\n|t:|1700603702\n|switch|p1a: Ferrothorn|Ferrothorn, M|100\/100\n|move|p2a: Greninja|Ice Beam|p1a: Ferrothorn\n|-damage|p1a: Ferrothorn|69\/100\n|-damage|p2a: Greninja|91\/100|[from] item: Life Orb\n|\n|-weather|RainDance|[upkeep]\n|upkeep\n|turn|34\n|\n|t:|1700603709\n|move|p2a: Greninja|Dark Pulse|p1a: Ferrothorn\n|-damage|p1a: Ferrothorn|32\/100\n|-damage|p2a: Greninja|81\/100|[from] item: Life Orb\n|move|p1a: Ferrothorn|Leech Seed|p2a: Greninja\n|-start|p2a: Greninja|move: Leech Seed\n|\n|-weather|RainDance|[upkeep]\n|-damage|p2a: Greninja|69\/100|[from] Leech Seed|[of] p1a: Ferrothorn\n|-heal|p1a: Ferrothorn|42\/100|[silent]\n|upkeep\n|turn|35\n|\n|t:|1700603718\n|switch|p1a: Celesteela|Celesteela|100\/100\n|move|p2a: Greninja|Dark Pulse|p1a: Celesteela\n|-damage|p1a: Celesteela|59\/100\n|-damage|p2a: Greninja|59\/100|[from] item: Life Orb\n|\n|-weather|RainDance|[upkeep]\n|-heal|p1a: Celesteela|65\/100|[from] item: Leftovers\n|-damage|p2a: Greninja|46\/100|[from] Leech Seed|[of] p1a: Celesteela\n|-heal|p1a: Celesteela|74\/100|[silent]\n|upkeep\n|turn|36\n|\n|t:|1700603727\n|move|p1a: Celesteela|Protect|p1a: Celesteela\n|-singleturn|p1a: Celesteela|Protect\n|move|p2a: Greninja|Water Shuriken|p1a: Celesteela\n|-activate|p1a: Celesteela|move: Protect\n|\n|-weather|RainDance|[upkeep]\n|-heal|p1a: Celesteela|80\/100|[from] item: Leftovers\n|-damage|p2a: Greninja|34\/100|[from] Leech Seed|[of] p1a: Celesteela\n|-heal|p1a: Celesteela|89\/100|[silent]\n|upkeep\n|turn|37\n|-message|globalpandemic forfeited.\n|\n|win|Jackimaster\n|raw|Jackimaster's rating: 1253 &rarr; <strong>1282<\/strong><br \/>(+29 for winning)\n|raw|globalpandemic's rating: 1316 &rarr; <strong>1292<\/strong><br \/>(-24 for losing)\n|l|\u2606globalpandemic\n","uploadtime":1700603740,"views":9,"p1id":"jackimaster","p2id":"globalpandemic","formatid":"gen9nationaldex","rating":1282,"private":0,"password":""}