{"id":"gen9nationaldex-1990430812","p1":"ChiogoYoji","p2":"bpmw07112","format":"[Gen 9] National Dex","log":"|j|\u2606ChiogoYoji\n|j|\u2606bpmw07112\n|t:|1699970240\n|gametype|singles\n|player|p1|ChiogoYoji|roxie|1241\n|player|p2|bpmw07112|lana|1164\n|teamsize|p1|6\n|teamsize|p2|6\n|gen|9\n|tier|[Gen 9] National Dex\n|rated|\n|rule|HP Percentage Mod: HP is shown in percentages\n|rule|Endless Battle Clause: Forcing endless battles is banned\n|rule|OHKO Clause: OHKO moves are banned\n|rule|Evasion Clause: Evasion abilities, items, and moves are banned\n|rule|Evasion Abilities Clause: Evasion abilities are banned\n|rule|Evasion Items Clause: Evasion items are banned\n|rule|Evasion Moves Clause: Evasion moves are banned\n|rule|Species Clause: Limit one of each Pok\u00e9mon\n|rule|Sleep Clause Mod: Limit one foe put to sleep\n|clearpoke\n|poke|p1|Dracozolt|\n|poke|p1|Decidueye, F|\n|poke|p1|Blaziken, F|\n|poke|p1|Empoleon, M|\n|poke|p1|Fezandipiti, M|\n|poke|p1|Pidgeot, F|\n|poke|p2|Corsola-Galar, M|\n|poke|p2|Charizard, F|\n|poke|p2|Aurorus, M|\n|poke|p2|Great Tusk|\n|poke|p2|Muk-Alola, F|\n|poke|p2|Vaporeon, F|\n|teampreview\n|inactive|Battle timer is ON: inactive players will automatically lose when time's up. (requested by ChiogoYoji)\n|inactive|bpmw07112 has 120 seconds left.\n|\n|t:|1699970272\n|start\n|switch|p1a: Pidgeot|Pidgeot, F|100\/100\n|switch|p2a: Vaporeon|Vaporeon, F|100\/100\n|turn|1\n|\n|t:|1699970286\n|switch|p1a: Penguin\u52c7\u58eb|Empoleon, M|100\/100\n|move|p2a: Vaporeon|Yawn|p1a: Penguin\u52c7\u58eb\n|-start|p1a: Penguin\u52c7\u58eb|move: Yawn|[of] p2a: Vaporeon\n|\n|upkeep\n|turn|2\n|\n|t:|1699970296\n|switch|p2a: Great Tusk|Great Tusk|100\/100\n|switch|p1a: RR-\u667a\u6167\u6797\u9e2e|Decidueye, F|100\/100\n|\n|upkeep\n|turn|3\n|\n|t:|1699970310\n|move|p1a: RR-\u667a\u6167\u6797\u9e2e|Protect|p1a: RR-\u667a\u6167\u6797\u9e2e\n|-singleturn|p1a: RR-\u667a\u6167\u6797\u9e2e|Protect\n|-zpower|p2a: Great Tusk\n|move|p2a: Great Tusk|Subzero Slammer|p1a: RR-\u667a\u6167\u6797\u9e2e|[zeffect]\n|-supereffective|p1a: RR-\u667a\u6167\u6797\u9e2e\n|-zbroken|p1a: RR-\u667a\u6167\u6797\u9e2e\n|-damage|p1a: RR-\u667a\u6167\u6797\u9e2e|59\/100\n|\n|-heal|p1a: RR-\u667a\u6167\u6797\u9e2e|65\/100|[from] item: Leftovers\n|upkeep\n|turn|4\n|\n|t:|1699970318\n|move|p2a: Great Tusk|Ice Spinner|p1a: RR-\u667a\u6167\u6797\u9e2e\n|-supereffective|p1a: RR-\u667a\u6167\u6797\u9e2e\n|-damage|p1a: RR-\u667a\u6167\u6797\u9e2e|0 fnt\n|faint|p1a: RR-\u667a\u6167\u6797\u9e2e\n|\n|upkeep\n|\n|t:|1699970322\n|switch|p1a: \u96f7\u9ce5\u9f8d-ThunderDragon|Dracozolt|100\/100\n|turn|5\n|\n|t:|1699970335\n|switch|p1a: Pidgeot|Pidgeot, F|100\/100\n|move|p2a: Great Tusk|Earthquake|p1a: Pidgeot\n|-immune|p1a: Pidgeot\n|\n|upkeep\n|turn|6\n|\n|t:|1699970340\n|-end|p2a: Great Tusk|Protosynthesis|[silent]\n|switch|p2a: Aurorus|Aurorus, M|100\/100\n|detailschange|p1a: Pidgeot|Pidgeot-Mega, F\n|-mega|p1a: Pidgeot|Pidgeot|Pidgeotite\n|move|p1a: Pidgeot|Hurricane|p2a: Aurorus\n|-resisted|p2a: Aurorus\n|-damage|p2a: Aurorus|73\/100\n|\n|upkeep\n|turn|7\n|\n|t:|1699970361\n|move|p1a: Pidgeot|Heat Wave|p2a: Aurorus\n|-damage|p2a: Aurorus|39\/100\n|move|p2a: Aurorus|Rock Polish|p2a: Aurorus\n|-boost|p2a: Aurorus|spe|2\n|\n|upkeep\n|turn|8\n|\n|t:|1699970368\n|switch|p1a: Penguin\u52c7\u58eb|Empoleon, M|100\/100\n|move|p2a: Aurorus|Meteor Beam||[still]\n|-prepare|p2a: Aurorus|Meteor Beam\n|-boost|p2a: Aurorus|spa|1\n|-enditem|p2a: Aurorus|Power Herb\n|-anim|p2a: Aurorus|Meteor Beam|p1a: Penguin\u52c7\u58eb\n|-resisted|p1a: Penguin\u52c7\u58eb\n|-damage|p1a: Penguin\u52c7\u58eb|58\/100\n|\n|upkeep\n|turn|9\n|\n|t:|1699970376\n|move|p2a: Aurorus|Earth Power|p1a: Penguin\u52c7\u58eb\n|-supereffective|p1a: Penguin\u52c7\u58eb\n|-damage|p1a: Penguin\u52c7\u58eb|0 fnt\n|faint|p1a: Penguin\u52c7\u58eb\n|\n|upkeep\n|\n|t:|1699970382\n|switch|p1a: \u8f49\u751f\u708e\u7378PyroPhoenix|Blaziken, F|100\/100\n|turn|10\n|\n|t:|1699970398\n|move|p1a: \u8f49\u751f\u708e\u7378PyroPhoenix|Protect|p1a: \u8f49\u751f\u708e\u7378PyroPhoenix\n|-singleturn|p1a: \u8f49\u751f\u708e\u7378PyroPhoenix|Protect\n|move|p2a: Aurorus|Earth Power|p1a: \u8f49\u751f\u708e\u7378PyroPhoenix\n|-activate|p1a: \u8f49\u751f\u708e\u7378PyroPhoenix|move: Protect\n|\n|-ability|p1a: \u8f49\u751f\u708e\u7378PyroPhoenix|Speed Boost|boost\n|-boost|p1a: \u8f49\u751f\u708e\u7378PyroPhoenix|spe|1\n|upkeep\n|turn|11\n|\n|t:|1699970402\n|move|p2a: Aurorus|Earth Power|p1a: \u8f49\u751f\u708e\u7378PyroPhoenix\n|-supereffective|p1a: \u8f49\u751f\u708e\u7378PyroPhoenix\n|-damage|p1a: \u8f49\u751f\u708e\u7378PyroPhoenix|0 fnt\n|faint|p1a: \u8f49\u751f\u708e\u7378PyroPhoenix\n|\n|upkeep\n|-message|ChiogoYoji forfeited.\n|\n|win|bpmw07112\n|raw|ChiogoYoji's rating: 1241 &rarr; <strong>1211<\/strong><br \/>(-30 for losing)\n|raw|bpmw07112's rating: 1164 &rarr; <strong>1194<\/strong><br \/>(+30 for winning)\n|l|\u2606ChiogoYoji\n","uploadtime":1699970488,"views":4,"p1id":"chiogoyoji","p2id":"bpmw07112","formatid":"gen9nationaldex","rating":1194,"private":0,"password":""}