{"id":"gen9nationaldex-2000410064","p1":"gasman90","p2":"NahImtheotherguy","format":"[Gen 9] National Dex","log":"|html|<div class=\"broadcast-blue\"><strong>[Gen 9] National Dex is currently suspecting Sneasler! For information on how to participate check out the <a href=\"https:\/\/www.smogon.com\/forums\/threads\/sv-national-dex-suspect-8-just-dance.3731534\/\">suspect thread<\/a>.<\/strong><\/div>\n|j|\u203dgasman90\n|j|\u203dNahImtheotherguy\n|t:|1701192454\n|gametype|singles\n|player|p1|gasman90|266|1412\n|player|p2|NahImtheotherguy|bea|1300\n|teamsize|p1|6\n|teamsize|p2|6\n|gen|9\n|tier|[Gen 9] National Dex\n|rated|\n|rule|HP Percentage Mod: HP is shown in percentages\n|rule|Endless Battle Clause: Forcing endless battles is banned\n|rule|OHKO Clause: OHKO moves are banned\n|rule|Evasion Clause: Evasion abilities, items, and moves are banned\n|rule|Evasion Abilities Clause: Evasion abilities are banned\n|rule|Evasion Items Clause: Evasion items are banned\n|rule|Evasion Moves Clause: Evasion moves are banned\n|rule|Species Clause: Limit one of each Pok\u00e9mon\n|rule|Sleep Clause Mod: Limit one foe put to sleep\n|clearpoke\n|poke|p1|Corviknight, F|\n|poke|p1|Volcarona, F|\n|poke|p1|Tapu Fini|\n|poke|p1|Ferrothorn, M|\n|poke|p1|Heatran, F|\n|poke|p1|Landorus-Therian, M|\n|poke|p2|Ninetales-Alola, M|\n|poke|p2|Tapu Lele|\n|poke|p2|Diancie|\n|poke|p2|Sneasler, F|\n|poke|p2|Tapu Koko|\n|poke|p2|Great Tusk|\n|teampreview\n|inactive|Battle timer is ON: inactive players will automatically lose when time's up. (requested by NahImtheotherguy)\n|\n|t:|1701192468\n|start\n|switch|p1a: Ferrothorn|Ferrothorn, M|100\/100\n|switch|p2a: Ninetales|Ninetales-Alola, M|100\/100\n|-weather|Snow|[from] ability: Snow Warning|[of] p2a: Ninetales\n|turn|1\n|\n|t:|1701192478\n|move|p2a: Ninetales|Aurora Veil|p2a: Ninetales\n|-sidestart|p2: NahImtheotherguy|move: Aurora Veil\n|move|p1a: Ferrothorn|Gyro Ball|p2a: Ninetales\n|-supereffective|p2a: Ninetales\n|-damage|p2a: Ninetales|16\/100\n|\n|-weather|Snow|[upkeep]\n|upkeep\n|turn|2\n|\n|t:|1701192485\n|move|p2a: Ninetales|Safeguard|p2a: Ninetales\n|-sidestart|p2: NahImtheotherguy|Safeguard\n|move|p1a: Ferrothorn|Spikes|p2a: Ninetales\n|-sidestart|p2: NahImtheotherguy|Spikes\n|\n|-weather|Snow|[upkeep]\n|upkeep\n|turn|3\n|\n|t:|1701192490\n|move|p2a: Ninetales|Encore|p1a: Ferrothorn\n|-start|p1a: Ferrothorn|Encore\n|move|p1a: Ferrothorn|Spikes|p2a: Ninetales\n|-sidestart|p2: NahImtheotherguy|Spikes\n|\n|-weather|Snow|[upkeep]\n|upkeep\n|turn|4\n|\n|t:|1701192495\n|switch|p2a: Great Tusk|Great Tusk|100\/100\n|-damage|p2a: Great Tusk|84\/100|[from] Spikes\n|-enditem|p2a: Great Tusk|Booster Energy\n|-activate|p2a: Great Tusk|ability: Protosynthesis|[fromitem]\n|-start|p2a: Great Tusk|protosynthesisspe\n|move|p1a: Ferrothorn|Spikes|p2a: Great Tusk\n|-sidestart|p2: NahImtheotherguy|Spikes\n|\n|-weather|Snow|[upkeep]\n|upkeep\n|turn|5\n|\n|t:|1701192504\n|switch|p1a: Corviknight|Corviknight, F|100\/100\n|-ability|p1a: Corviknight|Pressure\n|move|p2a: Great Tusk|Bulk Up|p2a: Great Tusk\n|-boost|p2a: Great Tusk|atk|1\n|-boost|p2a: Great Tusk|def|1\n|\n|-weather|none\n|upkeep\n|turn|6\n|\n|t:|1701192513\n|-terastallize|p1a: Corviknight|Ghost\n|move|p2a: Great Tusk|Bulk Up|p2a: Great Tusk\n|-boost|p2a: Great Tusk|atk|1\n|-boost|p2a: Great Tusk|def|1\n|move|p1a: Corviknight|Iron Defense|p1a: Corviknight\n|-boost|p1a: Corviknight|def|2\n|\n|-sideend|p2: NahImtheotherguy|Safeguard\n|upkeep\n|turn|7\n|\n|t:|1701192524\n|move|p2a: Great Tusk|Earthquake|p1a: Corviknight\n|-damage|p1a: Corviknight|62\/100\n|move|p1a: Corviknight|Body Press|p2a: Great Tusk\n|-damage|p2a: Great Tusk|78\/100\n|\n|upkeep\n|turn|8\n|\n|t:|1701192532\n|move|p2a: Great Tusk|Earthquake|p1a: Corviknight\n|-damage|p1a: Corviknight|27\/100\n|move|p1a: Corviknight|Roost|p1a: Corviknight\n|-heal|p1a: Corviknight|77\/100\n|\n|-sideend|p2: NahImtheotherguy|move: Aurora Veil\n|upkeep\n|turn|9\n|\n|t:|1701192545\n|-end|p2a: Great Tusk|Protosynthesis|[silent]\n|switch|p2a: Diancie|Diancie|100\/100\n|-damage|p2a: Diancie|76\/100|[from] Spikes\n|move|p1a: Corviknight|Iron Defense|p1a: Corviknight\n|-boost|p1a: Corviknight|def|2\n|\n|upkeep\n|turn|10\n|\n|t:|1701192553\n|detailschange|p2a: Diancie|Diancie-Mega\n|-mega|p2a: Diancie|Diancie|Diancite\n|move|p2a: Diancie|Moonblast|p1a: Corviknight\n|-damage|p1a: Corviknight|34\/100\n|move|p1a: Corviknight|Body Press|p2a: Diancie\n|-damage|p2a: Diancie|0 fnt\n|faint|p2a: Diancie\n|\n|upkeep\n|\n|t:|1701192558\n|switch|p2a: Tapu Koko|Tapu Koko|100\/100\n|-damage|p2a: Tapu Koko|76\/100|[from] Spikes\n|-fieldstart|move: Electric Terrain|[from] ability: Electric Surge|[of] p2a: Tapu Koko\n|turn|11\n|\n|t:|1701192567\n|switch|p1a: Heatran|Heatran, F|100\/100\n|move|p2a: Tapu Koko|Thunderbolt|p1a: Heatran\n|-crit|p1a: Heatran\n|-damage|p1a: Heatran|37\/100\n|-damage|p2a: Tapu Koko|66\/100|[from] item: Life Orb\n|\n|-heal|p1a: Heatran|43\/100|[from] item: Leftovers\n|upkeep\n|turn|12\n|\n|t:|1701192580\n|-terastallize|p2a: Tapu Koko|Electric\n|move|p2a: Tapu Koko|Thunderbolt|p1a: Heatran\n|-damage|p1a: Heatran|0 fnt\n|faint|p1a: Heatran\n|-damage|p2a: Tapu Koko|56\/100|[from] item: Life Orb\n|\n|upkeep\n|\n|t:|1701192588\n|switch|p1a: Landorus|Landorus-Therian, M|100\/100\n|-ability|p1a: Landorus|Intimidate|boost\n|-unboost|p2a: Tapu Koko|atk|1\n|turn|13\n|\n|t:|1701192592\n|move|p2a: Tapu Koko|Hidden Power|p1a: Landorus\n|-supereffective|p1a: Landorus\n|-damage|p1a: Landorus|0 fnt\n|faint|p1a: Landorus\n|-damage|p2a: Tapu Koko|46\/100|[from] item: Life Orb\n|\n|upkeep\n|-message|gasman90 forfeited.\n|\n|win|NahImtheotherguy\n|raw|gasman90's rating: 1412 &rarr; <strong>1386<\/strong><br \/>(-26 for losing)\n|raw|NahImtheotherguy's rating: 1300 &rarr; <strong>1333<\/strong><br \/>(+33 for winning)\n|l|\u203dgasman90\n","uploadtime":1701192602,"views":1,"p1id":"gasman90","p2id":"nahimtheotherguy","formatid":"gen9nationaldex","rating":1333,"private":0,"password":""}