{"id":"gen9nationaldex-1987998870","p1":"PlasmaGruntTboltz","p2":"Osgar","format":"[Gen 9] National Dex","log":"|j|\u2606PlasmaGruntTboltz\n|j|\u2606Osgar\n|t:|1699657519\n|gametype|singles\n|player|p1|PlasmaGruntTboltz|guzma|1665\n|player|p2|Osgar|giovanni|1603\n|teamsize|p1|6\n|teamsize|p2|6\n|gen|9\n|tier|[Gen 9] National Dex\n|rated|\n|rule|HP Percentage Mod: HP is shown in percentages\n|rule|Endless Battle Clause: Forcing endless battles is banned\n|rule|OHKO Clause: OHKO moves are banned\n|rule|Evasion Clause: Evasion abilities, items, and moves are banned\n|rule|Evasion Abilities Clause: Evasion abilities are banned\n|rule|Evasion Items Clause: Evasion items are banned\n|rule|Evasion Moves Clause: Evasion moves are banned\n|rule|Species Clause: Limit one of each Pok\u00e9mon\n|rule|Sleep Clause Mod: Limit one foe put to sleep\n|clearpoke\n|poke|p1|Haxorus, M|\n|poke|p1|Hatterene, F|\n|poke|p1|Ogerpon-Cornerstone, F|\n|poke|p1|Aegislash, M|\n|poke|p1|Urshifu-*, M|\n|poke|p1|Charizard, M|\n|poke|p2|Ting-Lu|\n|poke|p2|Sinistcha|\n|poke|p2|Heatran, M|\n|poke|p2|Dondozo, F|\n|poke|p2|Audino, F|\n|poke|p2|Corviknight, F|\n|teampreview\n|inactive|Battle timer is ON: inactive players will automatically lose when time's up. (requested by PlasmaGruntTboltz)\n|\n|t:|1699657528\n|start\n|switch|p1a: Urshifu|Urshifu-Rapid-Strike, M|100\/100\n|switch|p2a: Heatran|Heatran, M|100\/100\n|turn|1\n|\n|t:|1699657531\n|switch|p2a: Sinistcha|Sinistcha|100\/100\n|move|p1a: Urshifu|U-turn|p2a: Sinistcha\n|-damage|p2a: Sinistcha|83\/100\n|\n|t:|1699657534\n|switch|p1a: Charizard|Charizard, M|100\/100|[from] U-turn\n|\n|upkeep\n|turn|2\n|\n|t:|1699657539\n|switch|p2a: Audino|Audino, F|100\/100\n|detailschange|p1a: Charizard|Charizard-Mega-Y, M\n|-mega|p1a: Charizard|Charizard|Charizardite Y\n|-weather|SunnyDay|[from] ability: Drought|[of] p1a: Charizard\n|move|p1a: Charizard|Fire Blast|p2a: Audino|[miss]\n|-miss|p1a: Charizard|p2a: Audino\n|\n|-weather|SunnyDay|[upkeep]\n|upkeep\n|turn|3\n|\n|t:|1699657544\n|switch|p1a: Aegislash|Aegislash, M|100\/100\n|move|p2a: Audino|Protect||[still]\n|-fail|p2a: Audino\n|\n|-weather|SunnyDay|[upkeep]\n|upkeep\n|turn|4\n|\n|t:|1699657548\n|move|p2a: Audino|Protect|p2a: Audino\n|-singleturn|p2a: Audino|Protect\n|-formechange|p1a: Aegislash|Aegislash-Blade||[from] ability: Stance Change\n|move|p1a: Aegislash|Sacred Sword|p2a: Audino\n|-activate|p2a: Audino|move: Protect\n|\n|-weather|SunnyDay|[upkeep]\n|upkeep\n|turn|5\n|\n|t:|1699657558\n|switch|p1a: Hatterene|Hatterene, F|100\/100\n|detailschange|p2a: Audino|Audino-Mega, F\n|-mega|p2a: Audino|Audino|Audinite\n|move|p2a: Audino|Flamethrower|p1a: Hatterene\n|-damage|p1a: Hatterene|75\/100\n|\n|-weather|SunnyDay|[upkeep]\n|-heal|p1a: Hatterene|81\/100|[from] item: Leftovers\n|upkeep\n|turn|6\n|c|\u2606PlasmaGruntTboltz|Are u rlly trying to use Audino against US?\n|\n|t:|1699657572\n|move|p2a: Audino|Wish|p2a: Audino\n|move|p1a: Hatterene|Calm Mind|p1a: Hatterene\n|-boost|p1a: Hatterene|spa|1\n|-boost|p1a: Hatterene|spd|1\n|\n|-weather|none\n|-heal|p1a: Hatterene|87\/100|[from] item: Leftovers\n|upkeep\n|turn|7\n|c|\u2606PlasmaGruntTboltz|You may win  but it wount be by her...\n|\n|t:|1699657588\n|switch|p2a: Heatran|Heatran, M|100\/100\n|move|p1a: Hatterene|Psyshock|p2a: Heatran\n|-resisted|p2a: Heatran\n|-damage|p2a: Heatran|74\/100\n|\n|-heal|p2a: Heatran|100\/100|[from] move: Wish|[wisher] Audino\n|-heal|p1a: Hatterene|93\/100|[from] item: Leftovers\n|upkeep\n|turn|8\n|\n|t:|1699657595\n|switch|p1a: Urshifu|Urshifu-Rapid-Strike, M|100\/100\n|move|p2a: Heatran|Flash Cannon|p1a: Urshifu\n|-resisted|p1a: Urshifu\n|-damage|p1a: Urshifu|68\/100\n|\n|upkeep\n|turn|9\n|\n|t:|1699657600\n|switch|p2a: Sinistcha|Sinistcha|83\/100\n|move|p1a: Urshifu|U-turn|p2a: Sinistcha\n|-damage|p2a: Sinistcha|66\/100\n|\n|t:|1699657602\n|switch|p1a: Raiden|Haxorus, M, shiny|100\/100|[from] U-turn\n|-ability|p1a: Raiden|Mold Breaker\n|\n|upkeep\n|turn|10\n|\n|t:|1699657608\n|move|p1a: Raiden|Dragon Dance|p1a: Raiden\n|-boost|p1a: Raiden|atk|1\n|-boost|p1a: Raiden|spe|1\n|move|p2a: Sinistcha|Strength Sap|p1a: Raiden\n|-unboost|p1a: Raiden|atk|1\n|-heal|p2a: Sinistcha|100\/100\n|\n|upkeep\n|turn|11\n|\n|t:|1699657613\n|switch|p1a: Charizard|Charizard-Mega-Y, M|100\/100\n|-weather|SunnyDay|[from] ability: Drought|[of] p1a: Charizard\n|move|p2a: Sinistcha|Strength Sap|p1a: Charizard\n|-unboost|p1a: Charizard|atk|1\n|\n|-weather|SunnyDay|[upkeep]\n|upkeep\n|turn|12\n|\n|t:|1699657616\n|switch|p2a: Audino|Audino-Mega, F|100\/100\n|move|p1a: Charizard|Fire Blast|p2a: Audino|[miss]\n|-miss|p1a: Charizard|p2a: Audino\n|\n|-weather|SunnyDay|[upkeep]\n|upkeep\n|turn|13\n|\n|t:|1699657621\n|move|p1a: Charizard|Fire Blast|p2a: Audino\n|-damage|p2a: Audino|49\/100\n|move|p2a: Audino|Wish|p2a: Audino\n|\n|-weather|SunnyDay|[upkeep]\n|upkeep\n|turn|14\n|\n|t:|1699657625\n|move|p2a: Audino|Protect|p2a: Audino\n|-singleturn|p2a: Audino|Protect\n|move|p1a: Charizard|Air Slash|p2a: Audino\n|-activate|p2a: Audino|move: Protect\n|\n|-weather|SunnyDay|[upkeep]\n|-heal|p2a: Audino|99\/100|[from] move: Wish|[wisher] Audino\n|upkeep\n|turn|15\n|\n|t:|1699657627\n|move|p1a: Charizard|Fire Blast|p2a: Audino\n|-damage|p2a: Audino|43\/100\n|-status|p2a: Audino|brn\n|move|p2a: Audino|Wish|p2a: Audino\n|\n|-weather|none\n|-damage|p2a: Audino|37\/100 brn|[from] brn\n|upkeep\n|turn|16\n|\n|t:|1699657631\n|move|p2a: Audino|Protect|p2a: Audino\n|-singleturn|p2a: Audino|Protect\n|move|p1a: Charizard|Air Slash|p2a: Audino\n|-activate|p2a: Audino|move: Protect\n|\n|-heal|p2a: Audino|87\/100 brn|[from] move: Wish|[wisher] Audino\n|-damage|p2a: Audino|81\/100 brn|[from] brn\n|upkeep\n|turn|17\n|\n|t:|1699657634\n|move|p1a: Charizard|Air Slash|p2a: Audino\n|-damage|p2a: Audino|54\/100 brn\n|move|p2a: Audino|Wish|p2a: Audino\n|\n|-damage|p2a: Audino|48\/100 brn|[from] brn\n|upkeep\n|turn|18\n|\n|t:|1699657637\n|move|p1a: Charizard|Air Slash|p2a: Audino\n|-damage|p2a: Audino|22\/100 brn\n|move|p2a: Audino|Toxic|p1a: Charizard\n|-status|p1a: Charizard|tox\n|\n|-heal|p2a: Audino|72\/100 brn|[from] move: Wish|[wisher] Audino\n|-damage|p1a: Charizard|94\/100 tox|[from] psn\n|-damage|p2a: Audino|66\/100 brn|[from] brn\n|upkeep\n|turn|19\n|\n|t:|1699657642\n|switch|p1a: Aegislash|Aegislash, M|100\/100\n|move|p2a: Audino|Wish|p2a: Audino\n|\n|-damage|p2a: Audino|60\/100 brn|[from] brn\n|upkeep\n|turn|20\n|\n|t:|1699657646\n|switch|p2a: Ting-Lu|Ting-Lu|100\/100\n|-ability|p2a: Ting-Lu|Vessel of Ruin\n|-formechange|p1a: Aegislash|Aegislash-Blade||[from] ability: Stance Change\n|move|p1a: Aegislash|Sacred Sword|p2a: Ting-Lu\n|-supereffective|p2a: Ting-Lu\n|-damage|p2a: Ting-Lu|70\/100\n|\n|-heal|p2a: Ting-Lu|100\/100|[from] move: Wish|[wisher] Audino\n|upkeep\n|turn|21\n|\n|t:|1699657654\n|switch|p1a: Urshifu|Urshifu-Rapid-Strike, M|68\/100\n|move|p2a: Ting-Lu|Earthquake|p1a: Urshifu\n|-damage|p1a: Urshifu|31\/100\n|\n|upkeep\n|turn|22\n|\n|t:|1699657661\n|switch|p2a: Sinistcha|Sinistcha|100\/100\n|move|p1a: Urshifu|Surging Strikes|p2a: Sinistcha\n|-resisted|p2a: Sinistcha\n|-crit|p2a: Sinistcha\n|-damage|p2a: Sinistcha|94\/100\n|-resisted|p2a: Sinistcha\n|-crit|p2a: Sinistcha\n|-damage|p2a: Sinistcha|87\/100\n|-resisted|p2a: Sinistcha\n|-crit|p2a: Sinistcha\n|-damage|p2a: Sinistcha|80\/100\n|-hitcount|p2a: Sinistcha|3\n|\n|upkeep\n|turn|23\n|\n|t:|1699657664\n|switch|p1a: Hatterene|Hatterene, F|93\/100\n|move|p2a: Sinistcha|Shadow Ball|p1a: Hatterene\n|-supereffective|p1a: Hatterene\n|-damage|p1a: Hatterene|26\/100\n|\n|-heal|p1a: Hatterene|33\/100|[from] item: Leftovers\n|upkeep\n|turn|24\n|\n|t:|1699657666\n|move|p2a: Sinistcha|Shadow Ball|p1a: Hatterene\n|-supereffective|p1a: Hatterene\n|-damage|p1a: Hatterene|0 fnt\n|faint|p1a: Hatterene\n|\n|upkeep\n|\n|t:|1699657669\n|switch|p1a: Ogerpon|Ogerpon-Cornerstone, F|100\/100\n|turn|25\n|\n|t:|1699657673\n|move|p1a: Ogerpon|Swords Dance|p1a: Ogerpon\n|-boost|p1a: Ogerpon|atk|2\n|move|p2a: Sinistcha|Strength Sap|p1a: Ogerpon\n|-unboost|p1a: Ogerpon|atk|1\n|-heal|p2a: Sinistcha|100\/100\n|\n|upkeep\n|turn|26\n|\n|t:|1699657675\n|move|p1a: Ogerpon|Knock Off|p2a: Sinistcha\n|-supereffective|p2a: Sinistcha\n|-damage|p2a: Sinistcha|19\/100\n|-enditem|p2a: Sinistcha|Covert Cloak|[from] move: Knock Off|[of] p1a: Ogerpon\n|move|p2a: Sinistcha|Matcha Gotcha|p1a: Ogerpon\n|-damage|p1a: Ogerpon|60\/100\n|-heal|p2a: Sinistcha|37\/100|[from] drain|[of] p1a: Ogerpon\n|\n|upkeep\n|turn|27\n|\n|t:|1699657682\n|move|p1a: Ogerpon|Ivy Cudgel|p2a: Sinistcha\n|-damage|p2a: Sinistcha|0 fnt\n|faint|p2a: Sinistcha\n|\n|upkeep\n|\n|t:|1699657685\n|switch|p2a: Heatran|Heatran, M|100\/100\n|turn|28\n|\n|t:|1699657688\n|move|p2a: Heatran|Eruption|p1a: Ogerpon\n|-damage|p1a: Ogerpon|0 fnt\n|faint|p1a: Ogerpon\n|\n|upkeep\n|\n|t:|1699657689\n|switch|p1a: Raiden|Haxorus, M, shiny|100\/100\n|-ability|p1a: Raiden|Mold Breaker\n|turn|29\n|\n|t:|1699657694\n|switch|p2a: Ting-Lu|Ting-Lu|100\/100\n|-ability|p2a: Ting-Lu|Vessel of Ruin\n|move|p1a: Raiden|Dragon Dance|p1a: Raiden\n|-boost|p1a: Raiden|atk|1\n|-boost|p1a: Raiden|spe|1\n|\n|upkeep\n|turn|30\n|\n|t:|1699657697\n|-terastallize|p2a: Ting-Lu|Poison\n|move|p1a: Raiden|Close Combat|p2a: Ting-Lu\n|-resisted|p2a: Ting-Lu\n|-damage|p2a: Ting-Lu|79\/100\n|-unboost|p1a: Raiden|def|1\n|-unboost|p1a: Raiden|spd|1\n|move|p2a: Ting-Lu|Whirlwind|p1a: Raiden\n|drag|p1a: Aegislash|Aegislash, M|100\/100\n|\n|-heal|p2a: Ting-Lu|85\/100|[from] item: Leftovers\n|upkeep\n|turn|31\n|\n|t:|1699657702\n|-formechange|p1a: Aegislash|Aegislash-Blade||[from] ability: Stance Change\n|move|p1a: Aegislash|Shadow Ball|p2a: Ting-Lu\n|-damage|p2a: Ting-Lu|66\/100\n|move|p2a: Ting-Lu|Spikes|p1a: Aegislash\n|-sidestart|p1: PlasmaGruntTboltz|Spikes\n|\n|-heal|p2a: Ting-Lu|73\/100|[from] item: Leftovers\n|upkeep\n|turn|32\n|\n|t:|1699657706\n|switch|p1a: Charizard|Charizard-Mega-Y, M|94\/100 tox\n|-weather|SunnyDay|[from] ability: Drought|[of] p1a: Charizard\n|move|p2a: Ting-Lu|Earthquake|p1a: Charizard\n|-immune|p1a: Charizard\n|\n|-weather|SunnyDay|[upkeep]\n|-heal|p2a: Ting-Lu|79\/100|[from] item: Leftovers\n|-damage|p1a: Charizard|88\/100 tox|[from] psn\n|upkeep\n|turn|33\n|\n|t:|1699657710\n|switch|p2a: Audino|Audino-Mega, F|60\/100 brn\n|move|p1a: Charizard|Scorching Sands|p2a: Audino\n|-damage|p2a: Audino|44\/100 brn\n|\n|-weather|SunnyDay|[upkeep]\n|-damage|p1a: Charizard|76\/100 tox|[from] psn\n|-damage|p2a: Audino|38\/100 brn|[from] brn\n|upkeep\n|turn|34\n|\n|t:|1699657717\n|move|p1a: Charizard|Fire Blast|p2a: Audino|[miss]\n|-miss|p1a: Charizard|p2a: Audino\n|move|p2a: Audino|Wish|p2a: Audino\n|\n|-weather|SunnyDay|[upkeep]\n|-damage|p1a: Charizard|58\/100 tox|[from] psn\n|-damage|p2a: Audino|32\/100 brn|[from] brn\n|upkeep\n|turn|35\n|c|\u2606PlasmaGruntTboltz|BRUH\n|\n|t:|1699657726\n|switch|p1a: Urshifu|Urshifu-Rapid-Strike, M|31\/100\n|-damage|p1a: Urshifu|19\/100|[from] Spikes\n|move|p2a: Audino|Protect||[still]\n|-fail|p2a: Audino\n|\n|-weather|SunnyDay|[upkeep]\n|-heal|p2a: Audino|82\/100 brn|[from] move: Wish|[wisher] Audino\n|-damage|p2a: Audino|76\/100 brn|[from] brn\n|upkeep\n|turn|36\n|c|\u2606PlasmaGruntTboltz|Fr charizard\n|c|\u2606PlasmaGruntTboltz|WHATS THE DIFFICULT ON WIN?\n|\n|t:|1699657740\n|move|p1a: Urshifu|Surging Strikes|p2a: Audino\n|-crit|p2a: Audino\n|-damage|p2a: Audino|68\/100 brn\n|-crit|p2a: Audino\n|-damage|p2a: Audino|61\/100 brn\n|-crit|p2a: Audino\n|-damage|p2a: Audino|54\/100 brn\n|-hitcount|p2a: Audino|3\n|move|p2a: Audino|Wish|p2a: Audino\n|\n|-weather|none\n|-damage|p2a: Audino|48\/100 brn|[from] brn\n|upkeep\n|turn|37\n|\n|t:|1699657744\n|switch|p2a: Dondozo|Dondozo, F|100\/100\n|move|p1a: Urshifu|Surging Strikes|p2a: Dondozo\n|-resisted|p2a: Dondozo\n|-crit|p2a: Dondozo\n|-damage|p2a: Dondozo|95\/100\n|-resisted|p2a: Dondozo\n|-crit|p2a: Dondozo\n|-damage|p2a: Dondozo|88\/100\n|-resisted|p2a: Dondozo\n|-crit|p2a: Dondozo\n|-damage|p2a: Dondozo|82\/100\n|-hitcount|p2a: Dondozo|3\n|\n|-heal|p2a: Dondozo|100\/100|[from] move: Wish|[wisher] Audino\n|upkeep\n|turn|38\n|\n|t:|1699657753\n|switch|p1a: Aegislash|Aegislash, M|100\/100\n|-damage|p1a: Aegislash|88\/100|[from] Spikes\n|move|p2a: Dondozo|Liquidation|p1a: Aegislash\n|-damage|p1a: Aegislash|66\/100\n|\n|upkeep\n|turn|39\n|\n|t:|1699657757\n|switch|p2a: Corviknight|Corviknight, F|100\/100\n|-ability|p2a: Corviknight|Pressure\n|-formechange|p1a: Aegislash|Aegislash-Blade||[from] ability: Stance Change\n|move|p1a: Aegislash|Shadow Ball|p2a: Corviknight\n|-damage|p2a: Corviknight|61\/100\n|\n|-heal|p2a: Corviknight|67\/100|[from] item: Leftovers\n|upkeep\n|turn|40\n|\n|t:|1699657769\n|move|p2a: Corviknight|Substitute|p2a: Corviknight\n|-start|p2a: Corviknight|Substitute\n|-damage|p2a: Corviknight|42\/100\n|move|p1a: Aegislash|Shadow Ball|p2a: Corviknight\n|-end|p2a: Corviknight|Substitute\n|\n|-heal|p2a: Corviknight|48\/100|[from] item: Leftovers\n|upkeep\n|turn|41\n|\n|t:|1699657772\n|move|p2a: Corviknight|Roost|p2a: Corviknight\n|-heal|p2a: Corviknight|98\/100\n|-singleturn|p2a: Corviknight|move: Roost\n|move|p1a: Aegislash|Shadow Ball|p2a: Corviknight\n|-damage|p2a: Corviknight|60\/100\n|\n|-heal|p2a: Corviknight|66\/100|[from] item: Leftovers\n|upkeep\n|turn|42\n|\n|t:|1699657774\n|switch|p2a: Audino|Audino-Mega, F|48\/100 brn\n|move|p1a: Aegislash|Shadow Ball|p2a: Audino\n|-immune|p2a: Audino\n|\n|-damage|p2a: Audino|41\/100 brn|[from] brn\n|upkeep\n|turn|43\n|\n|t:|1699657778\n|move|p1a: Aegislash|Sacred Sword|p2a: Audino\n|-damage|p2a: Audino|23\/100 brn\n|move|p2a: Audino|Wish|p2a: Audino\n|\n|-damage|p2a: Audino|17\/100 brn|[from] brn\n|upkeep\n|turn|44\n|\n|t:|1699657781\n|-formechange|p1a: Aegislash|Aegislash||[from] ability: Stance Change\n|move|p1a: Aegislash|King's Shield|p1a: Aegislash\n|-singleturn|p1a: Aegislash|Protect\n|move|p2a: Audino|Protect||[still]\n|-fail|p2a: Audino\n|\n|-heal|p2a: Audino|67\/100 brn|[from] move: Wish|[wisher] Audino\n|-damage|p2a: Audino|61\/100 brn|[from] brn\n|upkeep\n|turn|45\n|\n|t:|1699657785\n|-formechange|p1a: Aegislash|Aegislash-Blade||[from] ability: Stance Change\n|move|p1a: Aegislash|Sacred Sword|p2a: Audino\n|-damage|p2a: Audino|41\/100 brn\n|move|p2a: Audino|Wish|p2a: Audino\n|\n|-damage|p2a: Audino|35\/100 brn|[from] brn\n|upkeep\n|turn|46\n|\n|t:|1699657790\n|-formechange|p1a: Aegislash|Aegislash||[from] ability: Stance Change\n|move|p1a: Aegislash|King's Shield|p1a: Aegislash\n|-singleturn|p1a: Aegislash|Protect\n|move|p2a: Audino|Flamethrower|p1a: Aegislash\n|-activate|p1a: Aegislash|move: Protect\n|\n|-heal|p2a: Audino|85\/100 brn|[from] move: Wish|[wisher] Audino\n|-damage|p2a: Audino|79\/100 brn|[from] brn\n|upkeep\n|turn|47\n|\n|t:|1699657795\n|-formechange|p1a: Aegislash|Aegislash-Blade||[from] ability: Stance Change\n|move|p1a: Aegislash|Sacred Sword|p2a: Audino\n|-damage|p2a: Audino|60\/100 brn\n|move|p2a: Audino|Wish|p2a: Audino\n|\n|-damage|p2a: Audino|54\/100 brn|[from] brn\n|upkeep\n|turn|48\n|\n|t:|1699657802\n|-formechange|p1a: Aegislash|Aegislash||[from] ability: Stance Change\n|move|p1a: Aegislash|King's Shield|p1a: Aegislash\n|-singleturn|p1a: Aegislash|Protect\n|move|p2a: Audino|Protect||[still]\n|-fail|p2a: Audino\n|\n|-heal|p2a: Audino|100\/100 brn|[from] move: Wish|[wisher] Audino\n|-damage|p2a: Audino|94\/100 brn|[from] brn\n|upkeep\n|turn|49\n|\n|t:|1699657804\n|move|p1a: Aegislash|King's Shield||[still]\n|-fail|p1a: Aegislash\n|move|p2a: Audino|Flamethrower|p1a: Aegislash\n|-supereffective|p1a: Aegislash\n|-damage|p1a: Aegislash|39\/100\n|-enditem|p1a: Aegislash|Weakness Policy\n|-boost|p1a: Aegislash|atk|2|[from] item: Weakness Policy\n|-boost|p1a: Aegislash|spa|2|[from] item: Weakness Policy\n|\n|-damage|p2a: Audino|88\/100 brn|[from] brn\n|upkeep\n|turn|50\n|\n|t:|1699657810\n|move|p2a: Audino|Protect|p2a: Audino\n|-singleturn|p2a: Audino|Protect\n|-formechange|p1a: Aegislash|Aegislash-Blade||[from] ability: Stance Change\n|move|p1a: Aegislash|Sacred Sword|p2a: Audino\n|-activate|p2a: Audino|move: Protect\n|\n|-damage|p2a: Audino|82\/100 brn|[from] brn\n|upkeep\n|turn|51\n|\n|t:|1699657813\n|move|p1a: Aegislash|Sacred Sword|p2a: Audino\n|-damage|p2a: Audino|47\/100 brn\n|move|p2a: Audino|Flamethrower|p1a: Aegislash\n|-supereffective|p1a: Aegislash\n|-damage|p1a: Aegislash|0 fnt\n|faint|p1a: Aegislash\n|\n|-damage|p2a: Audino|41\/100 brn|[from] brn\n|upkeep\n|\n|t:|1699657816\n|switch|p1a: Raiden|Haxorus, M, shiny|100\/100\n|-damage|p1a: Raiden|88\/100|[from] Spikes\n|-ability|p1a: Raiden|Mold Breaker\n|turn|52\n|\n|t:|1699657818\n|move|p1a: Raiden|Dragon Dance|p1a: Raiden\n|-boost|p1a: Raiden|atk|1\n|-boost|p1a: Raiden|spe|1\n|move|p2a: Audino|Toxic|p1a: Raiden|[miss]\n|-miss|p2a: Audino|p1a: Raiden\n|\n|-damage|p2a: Audino|35\/100 brn|[from] brn\n|upkeep\n|turn|53\n|\n|t:|1699657823\n|-terastallize|p1a: Raiden|Poison\n|move|p1a: Raiden|Dragon Dance|p1a: Raiden\n|-boost|p1a: Raiden|atk|1\n|-boost|p1a: Raiden|spe|1\n|move|p2a: Audino|Toxic|p1a: Raiden\n|-immune|p1a: Raiden\n|\n|-damage|p2a: Audino|29\/100 brn|[from] brn\n|upkeep\n|turn|54\n|\n|t:|1699657826\n|move|p1a: Raiden|Dragon Dance|p1a: Raiden\n|-boost|p1a: Raiden|atk|1\n|-boost|p1a: Raiden|spe|1\n|move|p2a: Audino|Wish|p2a: Audino\n|\n|-damage|p2a: Audino|22\/100 brn|[from] brn\n|upkeep\n|turn|55\n|\n|t:|1699657829\n|switch|p2a: Ting-Lu|Ting-Lu, tera:Poison|79\/100\n|-ability|p2a: Ting-Lu|Vessel of Ruin\n|move|p1a: Raiden|Dragon Dance|p1a: Raiden\n|-boost|p1a: Raiden|atk|1\n|-boost|p1a: Raiden|spe|1\n|\n|-heal|p2a: Ting-Lu|100\/100|[from] move: Wish|[wisher] Audino\n|upkeep\n|turn|56\n|\n|t:|1699657834\n|move|p1a: Raiden|Outrage|p2a: Ting-Lu\n|-damage|p2a: Ting-Lu|0 fnt\n|faint|p2a: Ting-Lu\n|\n|upkeep\n|\n|t:|1699657839\n|switch|p2a: Dondozo|Dondozo, F|100\/100\n|turn|57\n|\n|t:|1699657841\n|move|p1a: Raiden|Outrage|p2a: Dondozo|[from]lockedmove\n|-damage|p2a: Dondozo|0 fnt\n|faint|p2a: Dondozo\n|-start|p1a: Raiden|confusion|[fatigue]\n|-enditem|p1a: Raiden|Lum Berry|[eat]\n|-end|p1a: Raiden|confusion\n|\n|upkeep\n|\n|t:|1699657843\n|switch|p2a: Heatran|Heatran, M|100\/100\n|turn|58\n|\n|t:|1699657847\n|move|p1a: Raiden|Close Combat|p2a: Heatran\n|-supereffective|p2a: Heatran\n|-damage|p2a: Heatran|0 fnt\n|-unboost|p1a: Raiden|def|1\n|-unboost|p1a: Raiden|spd|1\n|faint|p2a: Heatran\n|\n|upkeep\n|\n|t:|1699657850\n|switch|p2a: Corviknight|Corviknight, F|66\/100\n|-ability|p2a: Corviknight|Pressure\n|turn|59\n|\n|t:|1699657853\n|move|p1a: Raiden|Close Combat|p2a: Corviknight\n|-damage|p2a: Corviknight|0 fnt\n|-unboost|p1a: Raiden|def|1\n|-unboost|p1a: Raiden|spd|1\n|faint|p2a: Corviknight\n|\n|upkeep\n|\n|t:|1699657855\n|switch|p2a: Audino|Audino-Mega, F|22\/100 brn\n|turn|60\n|\n|t:|1699657864\n|move|p1a: Raiden|Poison Jab|p2a: Audino\n|-supereffective|p2a: Audino\n|-damage|p2a: Audino|0 fnt\n|faint|p2a: Audino\n|\n|win|PlasmaGruntTboltz\n|raw|PlasmaGruntTboltz's rating: 1665 &rarr; <strong>1681<\/strong><br \/>(+16 for winning)\n|raw|Osgar's rating: 1603 &rarr; <strong>1587<\/strong><br \/>(-16 for losing)\n","uploadtime":1699657868,"views":4,"p1id":"plasmagrunttboltz","p2id":"osgar","formatid":"gen9nationaldex","rating":1587,"private":0,"password":""}