{"id":"gen9nationaldex-1994309913","p1":"Joffruchar","p2":"ckswagdogck","format":"[Gen 9] National Dex","log":"|j|\u2606Joffruchar\n|j|\u2606ckswagdogck\n|t:|1700429647\n|gametype|singles\n|player|p1|Joffruchar|101|\n|player|p2|ckswagdogck|firebreather|\n|teamsize|p1|6\n|teamsize|p2|6\n|gen|9\n|tier|[Gen 9] National Dex\n|rule|HP Percentage Mod: HP is shown in percentages\n|rule|Endless Battle Clause: Forcing endless battles is banned\n|rule|OHKO Clause: OHKO moves are banned\n|rule|Evasion Clause: Evasion abilities, items, and moves are banned\n|rule|Evasion Abilities Clause: Evasion abilities are banned\n|rule|Evasion Items Clause: Evasion items are banned\n|rule|Evasion Moves Clause: Evasion moves are banned\n|rule|Species Clause: Limit one of each Pok\u00e9mon\n|rule|Sleep Clause Mod: Limit one foe put to sleep\n|clearpoke\n|poke|p1|Toedscruel, M|\n|poke|p1|Quaquaval, F|\n|poke|p1|Iron Leaves|\n|poke|p1|Corsola-Galar, F|\n|poke|p1|Sharpedo, F|\n|poke|p1|Revavroom, M|\n|poke|p2|Charizard, F|\n|poke|p2|Iron Hands|\n|poke|p2|Garchomp, F|\n|poke|p2|Drapion, F|\n|poke|p2|Jellicent, M|\n|poke|p2|Escavalier, M|\n|teampreview\n|\n|t:|1700429693\n|start\n|switch|p1a: Toedscruel|Toedscruel, M|100\/100\n|switch|p2a: max|Drapion, F|100\/100\n|turn|1\n|\n|t:|1700429702\n|move|p2a: max|Knock Off|p1a: Toedscruel\n|-damage|p1a: Toedscruel|1\/100\n|-enditem|p1a: Toedscruel|Focus Sash|[from] move: Knock Off|[of] p2a: max\n|move|p1a: Toedscruel|Spore|p2a: max\n|-status|p2a: max|slp|[from] move: Spore\n|\n|upkeep\n|turn|2\n|\n|t:|1700429717\n|switch|p2a: joshmuh|Escavalier, M|100\/100\n|move|p1a: Toedscruel|Spikes|p2a: joshmuh\n|-sidestart|p2: ckswagdogck|Spikes\n|\n|upkeep\n|turn|3\n|\n|t:|1700429727\n|move|p2a: joshmuh|Energy Ball|p1a: Toedscruel\n|-damage|p1a: Toedscruel|0 fnt\n|faint|p1a: Toedscruel\n|-damage|p2a: joshmuh|91\/100|[from] item: Life Orb\n|\n|upkeep\n|\n|t:|1700429735\n|switch|p1a: Corsola|Corsola-Galar, F|100\/100\n|turn|4\n|\n|t:|1700429748\n|switch|p2a: JoffDuchar|Charizard, F|100\/100\n|move|p1a: Corsola|Stealth Rock|p2a: JoffDuchar\n|-sidestart|p2: ckswagdogck|move: Stealth Rock\n|\n|upkeep\n|turn|5\n|\n|t:|1700429781\n|switch|p1a: Revavroom|Revavroom, M|100\/100\n|detailschange|p2a: JoffDuchar|Charizard-Mega-X, F\n|-mega|p2a: JoffDuchar|Charizard|Charizardite X\n|move|p2a: JoffDuchar|Dragon Dance|p2a: JoffDuchar\n|-boost|p2a: JoffDuchar|atk|1\n|-boost|p2a: JoffDuchar|spe|1\n|\n|upkeep\n|turn|6\n|\n|t:|1700429798\n|move|p2a: JoffDuchar|Flare Blitz|p1a: Revavroom\n|-supereffective|p1a: Revavroom\n|-damage|p1a: Revavroom|0 fnt\n|faint|p1a: Revavroom\n|-damage|p2a: JoffDuchar|67\/100|[from] Recoil\n|\n|upkeep\n|\n|t:|1700429804\n|switch|p1a: Corsola|Corsola-Galar, F|100\/100\n|turn|7\n|\n|t:|1700429817\n|move|p2a: JoffDuchar|Outrage|p1a: Corsola\n|-damage|p1a: Corsola|0 fnt\n|faint|p1a: Corsola\n|\n|upkeep\n|\n|t:|1700429823\n|switch|p1a: Sharpedo|Sharpedo, F|100\/100\n|turn|8\n|\n|t:|1700429828\n|move|p1a: Sharpedo|Protect|p1a: Sharpedo\n|-singleturn|p1a: Sharpedo|Protect\n|move|p2a: JoffDuchar|Outrage|p1a: Sharpedo|[from]lockedmove\n|-activate|p1a: Sharpedo|move: Protect\n|\n|-ability|p1a: Sharpedo|Speed Boost|boost\n|-boost|p1a: Sharpedo|spe|1\n|upkeep\n|turn|9\n|\n|t:|1700429842\n|move|p2a: JoffDuchar|Outrage|p1a: Sharpedo\n|-damage|p1a: Sharpedo|0 fnt\n|faint|p1a: Sharpedo\n|\n|upkeep\n|\n|t:|1700429851\n|switch|p1a: Quaquaval|Quaquaval, F|100\/100\n|turn|10\n|\n|t:|1700429854\n|move|p2a: JoffDuchar|Outrage|p1a: Quaquaval|[from]lockedmove\n|-damage|p1a: Quaquaval|0 fnt\n|faint|p1a: Quaquaval\n|\n|upkeep\n|\n|t:|1700429859\n|switch|p1a: Iron Leaves|Iron Leaves|100\/100\n|-enditem|p1a: Iron Leaves|Booster Energy\n|-activate|p1a: Iron Leaves|ability: Quark Drive|[fromitem]\n|-start|p1a: Iron Leaves|quarkdriveatk\n|turn|11\n|\n|t:|1700429866\n|move|p2a: JoffDuchar|Outrage|p1a: Iron Leaves|[from]lockedmove\n|-damage|p1a: Iron Leaves|0 fnt\n|faint|p1a: Iron Leaves\n|-end|p1a: Iron Leaves|Quark Drive|[silent]\n|-start|p2a: JoffDuchar|confusion|[fatigue]\n|\n|win|ckswagdogck\n|l|\u2606Joffruchar\n","uploadtime":1700429925,"views":29,"p1id":"joffruchar","p2id":"ckswagdogck","formatid":"gen9nationaldex","rating":0,"private":0,"password":""}