{"id":"gen9nationaldex-1999903998","p1":"Onlymanever","p2":"Mshuten123","format":"[Gen 9] National Dex","log":"|html|<div class=\"broadcast-blue\"><strong>[Gen 9] National Dex is currently suspecting Sneasler! For information on how to participate check out the <a href=\"https:\/\/www.smogon.com\/forums\/threads\/sv-national-dex-suspect-8-just-dance.3731534\/\">suspect thread<\/a>.<\/strong><\/div>\n|j|\u2606Onlymanever\n|j|\u2606Mshuten123\n|t:|1701128322\n|gametype|singles\n|player|p1|Onlymanever|lyra|1047\n|player|p2|Mshuten123|265|1064\n|teamsize|p1|6\n|teamsize|p2|6\n|gen|9\n|tier|[Gen 9] National Dex\n|rated|\n|rule|HP Percentage Mod: HP is shown in percentages\n|rule|Endless Battle Clause: Forcing endless battles is banned\n|rule|OHKO Clause: OHKO moves are banned\n|rule|Evasion Clause: Evasion abilities, items, and moves are banned\n|rule|Evasion Abilities Clause: Evasion abilities are banned\n|rule|Evasion Items Clause: Evasion items are banned\n|rule|Evasion Moves Clause: Evasion moves are banned\n|rule|Species Clause: Limit one of each Pok\u00e9mon\n|rule|Sleep Clause Mod: Limit one foe put to sleep\n|clearpoke\n|poke|p1|Decidueye, F|\n|poke|p1|Bruxish, M|\n|poke|p1|Turtonator, M|\n|poke|p1|Lycanroc, M|\n|poke|p1|Komala, F|\n|poke|p1|Vikavolt, F|\n|poke|p2|Tentacruel, M|\n|poke|p2|Toxicroak, M|\n|poke|p2|Arbok, M|\n|poke|p2|Crobat, M|\n|poke|p2|Muk, M|\n|poke|p2|Venusaur, M|\n|teampreview\n|\n|t:|1701128329\n|start\n|switch|p1a: Vikavolt|Vikavolt, F|100\/100\n|switch|p2a: Tentacruel|Tentacruel, M|100\/100\n|turn|1\n|inactive|Battle timer is ON: inactive players will automatically lose when time's up. (requested by Onlymanever)\n|\n|t:|1701128345\n|move|p2a: Tentacruel|Sludge Bomb|p1a: Vikavolt\n|-damage|p1a: Vikavolt|63\/100\n|move|p1a: Vikavolt|Sticky Web|p2a: Tentacruel\n|-sidestart|p2: Mshuten123|move: Sticky Web\n|\n|-heal|p1a: Vikavolt|69\/100|[from] item: Leftovers\n|upkeep\n|turn|2\n|\n|t:|1701128353\n|switch|p2a: Venusaur|Venusaur, M|100\/100\n|-activate|p2a: Venusaur|move: Sticky Web\n|-unboost|p2a: Venusaur|spe|1\n|move|p1a: Vikavolt|Thunderbolt|p2a: Venusaur\n|-resisted|p2a: Venusaur\n|-damage|p2a: Venusaur|76\/100\n|-status|p2a: Venusaur|par\n|\n|-heal|p1a: Vikavolt|75\/100|[from] item: Leftovers\n|upkeep\n|turn|3\n|\n|t:|1701128365\n|detailschange|p2a: Venusaur|Venusaur-Mega, M\n|-mega|p2a: Venusaur|Venusaur|Venusaurite\n|move|p1a: Vikavolt|Bug Buzz|p2a: Venusaur\n|-damage|p2a: Venusaur|36\/100 par\n|cant|p2a: Venusaur|par\n|\n|-heal|p1a: Vikavolt|81\/100|[from] item: Leftovers\n|upkeep\n|turn|4\n|\n|t:|1701128375\n|move|p1a: Vikavolt|Bug Buzz|p2a: Venusaur\n|-damage|p2a: Venusaur|0 fnt\n|faint|p2a: Venusaur\n|\n|-heal|p1a: Vikavolt|87\/100|[from] item: Leftovers\n|upkeep\n|\n|t:|1701128383\n|switch|p2a: Crobat|Crobat, M|100\/100\n|turn|5\n|\n|t:|1701128388\n|move|p2a: Crobat|Brave Bird|p1a: Vikavolt\n|-damage|p1a: Vikavolt|20\/100\n|-damage|p2a: Crobat|80\/100|[from] Recoil\n|move|p1a: Vikavolt|Thunderbolt|p2a: Crobat\n|-supereffective|p2a: Crobat\n|-damage|p2a: Crobat|0 fnt\n|faint|p2a: Crobat\n|\n|-heal|p1a: Vikavolt|26\/100|[from] item: Leftovers\n|upkeep\n|\n|t:|1701128399\n|switch|p2a: Tentacruel|Tentacruel, M|100\/100\n|-activate|p2a: Tentacruel|move: Sticky Web\n|-fail|p2a: Tentacruel|unboost|[from] ability: Clear Body|[of] p2a: Tentacruel\n|turn|6\n|\n|t:|1701128409\n|move|p2a: Tentacruel|Sludge Bomb|p1a: Vikavolt\n|-damage|p1a: Vikavolt|0 fnt\n|faint|p1a: Vikavolt\n|\n|upkeep\n|\n|t:|1701128415\n|switch|p1a: Bruxish|Bruxish, M|100\/100\n|turn|7\n|\n|t:|1701128425\n|move|p1a: Bruxish|Psychic Fangs|p2a: Tentacruel\n|-supereffective|p2a: Tentacruel\n|-damage|p2a: Tentacruel|4\/100\n|move|p2a: Tentacruel|Giga Drain|p1a: Bruxish\n|-supereffective|p1a: Bruxish\n|-damage|p1a: Bruxish|29\/100\n|-heal|p2a: Tentacruel|32\/100|[from] drain|[of] p1a: Bruxish\n|\n|-heal|p1a: Bruxish|35\/100|[from] item: Leftovers\n|upkeep\n|turn|8\n|\n|t:|1701128436\n|move|p1a: Bruxish|Psychic Fangs|p2a: Tentacruel\n|-supereffective|p2a: Tentacruel\n|-damage|p2a: Tentacruel|0 fnt\n|faint|p2a: Tentacruel\n|\n|-heal|p1a: Bruxish|41\/100|[from] item: Leftovers\n|upkeep\n|\n|t:|1701128445\n|switch|p2a: Toxicroak|Toxicroak, M|100\/100\n|-activate|p2a: Toxicroak|move: Sticky Web\n|-unboost|p2a: Toxicroak|spe|1\n|turn|9\n|\n|t:|1701128455\n|move|p2a: Toxicroak|Fake Out||[still]\n|cant|p1a: Bruxish|ability: Dazzling|Fake Out|[of] p2a: Toxicroak\n|move|p1a: Bruxish|Bulk Up|p1a: Bruxish\n|-boost|p1a: Bruxish|atk|1\n|-boost|p1a: Bruxish|def|1\n|\n|-heal|p1a: Bruxish|47\/100|[from] item: Leftovers\n|upkeep\n|turn|10\n|\n|t:|1701128466\n|move|p1a: Bruxish|Psychic Fangs|p2a: Toxicroak\n|-supereffective|p2a: Toxicroak\n|-enditem|p2a: Toxicroak|Focus Sash\n|-damage|p2a: Toxicroak|1\/100\n|move|p2a: Toxicroak|Gunk Shot|p1a: Bruxish\n|-damage|p1a: Bruxish|0 fnt\n|faint|p1a: Bruxish\n|\n|upkeep\n|\n|t:|1701128481\n|switch|p1a: Lycanroc|Lycanroc, M|100\/100\n|turn|11\n|\n|t:|1701128490\n|switch|p2a: Arbok|Arbok, M|100\/100\n|-activate|p2a: Arbok|move: Sticky Web\n|-unboost|p2a: Arbok|spe|1\n|-ability|p2a: Arbok|Intimidate|boost\n|-unboost|p1a: Lycanroc|atk|1\n|move|p1a: Lycanroc|Accelerock|p2a: Arbok\n|-damage|p2a: Arbok|78\/100\n|\n|-heal|p2a: Arbok|84\/100|[from] item: Black Sludge\n|upkeep\n|turn|12\n|\n|t:|1701128501\n|switch|p1a: Komala|Komala, F|100\/100\n|-ability|p1a: Komala|Comatose\n|move|p2a: Arbok|Earthquake|p1a: Komala\n|-damage|p1a: Komala|49\/100\n|\n|-heal|p1a: Komala|55\/100|[from] item: Leftovers\n|-heal|p2a: Arbok|90\/100|[from] item: Black Sludge\n|upkeep\n|turn|13\n|\n|t:|1701128512\n|move|p1a: Komala|Earthquake|p2a: Arbok\n|-supereffective|p2a: Arbok\n|-damage|p2a: Arbok|0 fnt\n|faint|p2a: Arbok\n|\n|-heal|p1a: Komala|61\/100|[from] item: Leftovers\n|upkeep\n|\n|t:|1701128521\n|switch|p2a: Muk|Muk, M|100\/100\n|-activate|p2a: Muk|move: Sticky Web\n|-unboost|p2a: Muk|spe|1\n|turn|14\n|\n|t:|1701128527\n|move|p1a: Komala|Earthquake|p2a: Muk\n|-supereffective|p2a: Muk\n|-enditem|p2a: Muk|Shuca Berry|[eat]\n|-enditem|p2a: Muk|Shuca Berry|[weaken]\n|-damage|p2a: Muk|65\/100\n|move|p2a: Muk|Gunk Shot|p1a: Komala|[miss]\n|-miss|p2a: Muk|p1a: Komala\n|\n|-heal|p1a: Komala|67\/100|[from] item: Leftovers\n|upkeep\n|turn|15\n|\n|t:|1701128541\n|-terastallize|p2a: Muk|Ghost\n|move|p1a: Komala|Earthquake|p2a: Muk\n|-damage|p2a: Muk|33\/100\n|move|p2a: Muk|Gunk Shot|p1a: Komala\n|-damage|p1a: Komala|0 fnt\n|faint|p1a: Komala\n|\n|upkeep\n|\n|t:|1701128552\n|switch|p1a: Turtonator|Turtonator, M|100\/100\n|turn|16\n|\n|t:|1701128559\n|move|p1a: Turtonator|Bulk Up|p1a: Turtonator\n|-boost|p1a: Turtonator|atk|1\n|-boost|p1a: Turtonator|def|1\n|move|p2a: Muk|Gunk Shot|p1a: Turtonator\n|-damage|p1a: Turtonator|59\/100\n|\n|-heal|p1a: Turtonator|65\/100|[from] item: Leftovers\n|upkeep\n|turn|17\n|\n|t:|1701128570\n|move|p1a: Turtonator|Dragon Claw|p2a: Muk\n|-damage|p2a: Muk|0 fnt\n|faint|p2a: Muk\n|\n|-heal|p1a: Turtonator|71\/100|[from] item: Leftovers\n|upkeep\n|\n|t:|1701128577\n|switch|p2a: Toxicroak|Toxicroak, M|1\/100\n|-activate|p2a: Toxicroak|move: Sticky Web\n|-unboost|p2a: Toxicroak|spe|1\n|turn|18\n|\n|t:|1701128582\n|move|p2a: Toxicroak|Fake Out|p1a: Turtonator\n|-damage|p1a: Turtonator|63\/100\n|cant|p1a: Turtonator|flinch\n|\n|-heal|p1a: Turtonator|69\/100|[from] item: Leftovers\n|upkeep\n|turn|19\n|\n|t:|1701128590\n|move|p2a: Toxicroak|Gunk Shot|p1a: Turtonator|[miss]\n|-miss|p2a: Toxicroak|p1a: Turtonator\n|move|p1a: Turtonator|Flamethrower|p2a: Toxicroak\n|-damage|p2a: Toxicroak|0 fnt\n|faint|p2a: Toxicroak\n|\n|win|Onlymanever\n|raw|Onlymanever's rating: 1047 &rarr; <strong>1082<\/strong><br \/>(+35 for winning)\n|raw|Mshuten123's rating: 1064 &rarr; <strong>1043<\/strong><br \/>(-21 for losing)\n|l|\u2606Mshuten123\n","uploadtime":1701128600,"views":1,"p1id":"onlymanever","p2id":"mshuten123","formatid":"gen9nationaldex","rating":1043,"private":0,"password":""}