{"id":"gen9nationaldex-1996609923","p1":"JimJommer","p2":"Munkulus","format":"[Gen 9] National Dex","log":"|html|<div class=\"broadcast-blue\"><strong>[Gen 9] National Dex is currently suspecting Sneasler! For information on how to participate check out the <a href=\"https:\/\/www.smogon.com\/forums\/threads\/sv-national-dex-suspect-8-just-dance.3731534\/\">suspect thread<\/a>.<\/strong><\/div>\n|j|\u2606JimJommer\n|j|\u2606Munkulus\n|t:|1700700260\n|gametype|singles\n|player|p1|JimJommer|veteran|1183\n|player|p2|Munkulus|170|1084\n|teamsize|p1|6\n|teamsize|p2|6\n|gen|9\n|tier|[Gen 9] National Dex\n|rated|\n|rule|HP Percentage Mod: HP is shown in percentages\n|rule|Endless Battle Clause: Forcing endless battles is banned\n|rule|OHKO Clause: OHKO moves are banned\n|rule|Evasion Clause: Evasion abilities, items, and moves are banned\n|rule|Evasion Abilities Clause: Evasion abilities are banned\n|rule|Evasion Items Clause: Evasion items are banned\n|rule|Evasion Moves Clause: Evasion moves are banned\n|rule|Species Clause: Limit one of each Pok\u00e9mon\n|rule|Sleep Clause Mod: Limit one foe put to sleep\n|clearpoke\n|poke|p1|Obstagoon, M|\n|poke|p1|Incineroar, M|\n|poke|p1|Scrafty, F|\n|poke|p1|Sneasler, M|\n|poke|p1|Houndoom, M|\n|poke|p1|Bisharp, M|\n|poke|p2|Whimsicott, M|\n|poke|p2|Trevenant, F|\n|poke|p2|Venusaur, F|\n|poke|p2|Ludicolo, M|\n|poke|p2|Kartana|\n|poke|p2|Lurantis, F|\n|teampreview\n|inactive|Battle timer is ON: inactive players will automatically lose when time's up. (requested by JimJommer)\n|c|\u2606JimJommer|Glhf\n|c|\u2606Munkulus|glhf\n|\n|t:|1700700271\n|start\n|switch|p1a: Incineroar|Incineroar, M|100\/100\n|switch|p2a: Harold|Whimsicott, M, shiny|100\/100\n|-ability|p1a: Incineroar|Intimidate|boost\n|-unboost|p2a: Harold|atk|1\n|turn|1\n|\n|t:|1700700286\n|move|p2a: Harold|Tailwind|p2a: Harold\n|-sidestart|p2: Munkulus|move: Tailwind\n|move|p1a: Incineroar|Substitute|p1a: Incineroar\n|-start|p1a: Incineroar|Substitute\n|-damage|p1a: Incineroar|76\/100\n|\n|upkeep\n|turn|2\n|\n|t:|1700700292\n|move|p2a: Harold|Encore|p1a: Incineroar\n|-hint|Since gen 7, Dark is immune to Prankster moves.\n|-immune|p1a: Incineroar\n|move|p1a: Incineroar|Bulk Up|p1a: Incineroar\n|-boost|p1a: Incineroar|atk|1\n|-boost|p1a: Incineroar|def|1\n|\n|upkeep\n|turn|3\n|\n|t:|1700700303\n|switch|p2a: Fred|Ludicolo, M|100\/100\n|move|p1a: Incineroar|Flame Charge|p2a: Fred\n|-crit|p2a: Fred\n|-damage|p2a: Fred|48\/100\n|-boost|p1a: Incineroar|spe|1\n|\n|upkeep\n|turn|4\n|\n|t:|1700700312\n|move|p2a: Fred|Rain Dance|p2a: Fred\n|-weather|RainDance\n|move|p1a: Incineroar|Bulk Up|p1a: Incineroar\n|-boost|p1a: Incineroar|atk|1\n|-boost|p1a: Incineroar|def|1\n|\n|-weather|RainDance|[upkeep]\n|-sideend|p2: Munkulus|move: Tailwind\n|upkeep\n|turn|5\n|\n|t:|1700700322\n|-terastallize|p1a: Incineroar|Water\n|move|p2a: Fred|Weather Ball|p1a: Incineroar\n|-resisted|p1a: Incineroar\n|-activate|p1a: Incineroar|move: Substitute|[damage]\n|move|p1a: Incineroar|Flame Charge|p2a: Fred\n|-damage|p2a: Fred|28\/100\n|-boost|p1a: Incineroar|spe|1\n|\n|-weather|RainDance|[upkeep]\n|upkeep\n|turn|6\n|\n|t:|1700700337\n|move|p2a: Fred|Zen Headbutt|p1a: Incineroar\n|-end|p1a: Incineroar|Substitute\n|move|p1a: Incineroar|Power Trip|p2a: Fred\n|-damage|p2a: Fred|0 fnt\n|faint|p2a: Fred\n|\n|-weather|RainDance|[upkeep]\n|upkeep\n|\n|t:|1700700348\n|switch|p2a: Harold|Whimsicott, M, shiny|100\/100\n|turn|7\n|\n|t:|1700700352\n|move|p2a: Harold|Tailwind|p2a: Harold\n|-sidestart|p2: Munkulus|move: Tailwind\n|move|p1a: Incineroar|Flame Charge|p2a: Harold\n|-supereffective|p2a: Harold\n|-damage|p2a: Harold|50\/100\n|-boost|p1a: Incineroar|spe|1\n|-enditem|p2a: Harold|Eject Button\n|\n|t:|1700700365\n|switch|p2a: Eugene|Kartana|100\/100\n|\n|-weather|RainDance|[upkeep]\n|upkeep\n|turn|8\n|\n|t:|1700700373\n|move|p2a: Eugene|Leaf Blade|p1a: Incineroar\n|-supereffective|p1a: Incineroar\n|-damage|p1a: Incineroar|22\/100\n|-enditem|p1a: Incineroar|Weakness Policy\n|-boost|p1a: Incineroar|atk|2|[from] item: Weakness Policy\n|-boost|p1a: Incineroar|spa|2|[from] item: Weakness Policy\n|move|p1a: Incineroar|Flame Charge|p2a: Eugene\n|-supereffective|p2a: Eugene\n|-enditem|p2a: Eugene|Occa Berry|[eat]\n|-enditem|p2a: Eugene|Occa Berry|[weaken]\n|-damage|p2a: Eugene|42\/100\n|-boost|p1a: Incineroar|spe|1\n|\n|-weather|RainDance|[upkeep]\n|upkeep\n|turn|9\n|\n|t:|1700700385\n|move|p1a: Incineroar|Flame Charge|p2a: Eugene\n|-supereffective|p2a: Eugene\n|-damage|p2a: Eugene|0 fnt\n|-boost|p1a: Incineroar|spe|1\n|faint|p2a: Eugene\n|\n|-weather|RainDance|[upkeep]\n|upkeep\n|\n|t:|1700700395\n|switch|p2a: Greg|Lurantis, F, shiny|100\/100\n|turn|10\n|\n|t:|1700700400\n|-terastallize|p2a: Greg|Water\n|move|p1a: Incineroar|Flame Charge|p2a: Greg\n|-resisted|p2a: Greg\n|-damage|p2a: Greg|82\/100\n|-boost|p1a: Incineroar|spe|1\n|move|p2a: Greg|Superpower|p1a: Incineroar\n|-crit|p1a: Incineroar\n|-damage|p1a: Incineroar|0 fnt\n|-boost|p2a: Greg|atk|1\n|-boost|p2a: Greg|def|1\n|faint|p1a: Incineroar\n|\n|-weather|RainDance|[upkeep]\n|-heal|p2a: Greg|88\/100|[from] item: Leftovers\n|-sideend|p2: Munkulus|move: Tailwind\n|upkeep\n|\n|t:|1700700410\n|switch|p1a: Obstagoon|Obstagoon, M|100\/100\n|turn|11\n|\n|t:|1700700418\n|move|p1a: Obstagoon|Knock Off|p2a: Greg\n|-damage|p2a: Greg|53\/100\n|-enditem|p2a: Greg|Leftovers|[from] move: Knock Off|[of] p1a: Obstagoon\n|move|p2a: Greg|Poison Jab|p1a: Obstagoon\n|-damage|p1a: Obstagoon|66\/100\n|\n|-weather|none\n|-status|p1a: Obstagoon|brn|[from] item: Flame Orb\n|upkeep\n|turn|12\n|\n|t:|1700700426\n|move|p1a: Obstagoon|Switcheroo|p2a: Greg\n|-activate|p1a: Obstagoon|move: Trick|[of] p2a: Greg\n|-item|p2a: Greg|Flame Orb|[from] move: Switcheroo\n|-enditem|p1a: Obstagoon|Flame Orb|[silent]|[from] move: Switcheroo\n|move|p2a: Greg|Superpower|p1a: Obstagoon\n|-supereffective|p1a: Obstagoon\n|-damage|p1a: Obstagoon|0 fnt\n|-boost|p2a: Greg|atk|1\n|-boost|p2a: Greg|def|1\n|faint|p1a: Obstagoon\n|\n|-status|p2a: Greg|brn|[from] item: Flame Orb\n|upkeep\n|\n|t:|1700700435\n|switch|p1a: Scrafty|Scrafty, F|100\/100\n|turn|13\n|\n|t:|1700700440\n|move|p1a: Scrafty|Dragon Dance|p1a: Scrafty\n|-boost|p1a: Scrafty|atk|1\n|-boost|p1a: Scrafty|spe|1\n|move|p2a: Greg|Superpower|p1a: Scrafty\n|-supereffective|p1a: Scrafty\n|-enditem|p1a: Scrafty|Chople Berry|[eat]\n|-enditem|p1a: Scrafty|Chople Berry|[weaken]\n|-damage|p1a: Scrafty|62\/100\n|-boost|p2a: Greg|atk|1\n|-boost|p2a: Greg|def|1\n|\n|-damage|p2a: Greg|47\/100 brn|[from] brn\n|upkeep\n|turn|14\n|\n|t:|1700700450\n|move|p1a: Scrafty|Drain Punch|p2a: Greg\n|-damage|p2a: Greg|23\/100 brn\n|-heal|p1a: Scrafty|74\/100|[from] drain|[of] p2a: Greg\n|move|p2a: Greg|Superpower|p1a: Scrafty\n|-supereffective|p1a: Scrafty\n|-damage|p1a: Scrafty|0 fnt\n|-boost|p2a: Greg|atk|1\n|-boost|p2a: Greg|def|1\n|faint|p1a: Scrafty\n|\n|-damage|p2a: Greg|17\/100 brn|[from] brn\n|upkeep\n|\n|t:|1700700457\n|switch|p1a: Bisharp|Bisharp, M|100\/100\n|turn|15\n|\n|t:|1700700463\n|move|p1a: Bisharp|Sucker Punch|p2a: Greg\n|-damage|p2a: Greg|0 fnt\n|faint|p2a: Greg\n|\n|upkeep\n|\n|t:|1700700468\n|switch|p2a: Harold|Whimsicott, M, shiny|50\/100\n|turn|16\n|\n|t:|1700700476\n|move|p2a: Harold|Tailwind|p2a: Harold\n|-sidestart|p2: Munkulus|move: Tailwind\n|move|p1a: Bisharp|Iron Head|p2a: Harold\n|-supereffective|p2a: Harold\n|-damage|p2a: Harold|0 fnt\n|faint|p2a: Harold\n|\n|upkeep\n|\n|t:|1700700482\n|switch|p2a: Jeremy|Trevenant, F|100\/100\n|turn|17\n|\n|t:|1700700487\n|move|p1a: Bisharp|Sucker Punch|p2a: Jeremy\n|-supereffective|p2a: Jeremy\n|-damage|p2a: Jeremy|12\/100\n|-enditem|p2a: Jeremy|Sitrus Berry|[eat]\n|-heal|p2a: Jeremy|37\/100|[from] item: Sitrus Berry\n|move|p2a: Jeremy|Drain Punch|p1a: Bisharp\n|-supereffective|p1a: Bisharp\n|-damage|p1a: Bisharp|25\/100\n|-heal|p2a: Jeremy|71\/100|[from] drain|[of] p1a: Bisharp\n|\n|-item|p2a: Jeremy|Sitrus Berry|[from] ability: Harvest\n|upkeep\n|turn|18\n|\n|t:|1700700516\n|move|p2a: Jeremy|Drain Punch|p1a: Bisharp\n|-supereffective|p1a: Bisharp\n|-damage|p1a: Bisharp|0 fnt\n|-heal|p2a: Jeremy|82\/100|[from] drain|[of] p1a: Bisharp\n|faint|p1a: Bisharp\n|\n|upkeep\n|\n|t:|1700700523\n|switch|p1a: Houndoom|Houndoom, M|100\/100\n|turn|19\n|\n|t:|1700700529\n|detailschange|p1a: Houndoom|Houndoom-Mega, M\n|-mega|p1a: Houndoom|Houndoom|Houndoominite\n|move|p1a: Houndoom|Fire Blast|p2a: Jeremy\n|-supereffective|p2a: Jeremy\n|-damage|p2a: Jeremy|0 fnt\n|faint|p2a: Jeremy\n|\n|-sideend|p2: Munkulus|move: Tailwind\n|upkeep\n|\n|t:|1700700536\n|switch|p2a: Timmy|Venusaur, F|100\/100\n|turn|20\n|\n|t:|1700700542\n|detailschange|p2a: Timmy|Venusaur-Mega, F\n|-mega|p2a: Timmy|Venusaur|Venusaurite\n|move|p1a: Houndoom|Fire Blast|p2a: Timmy\n|-supereffective|p2a: Timmy\n|-damage|p2a: Timmy|56\/100\n|move|p2a: Timmy|Sludge Bomb|p1a: Houndoom\n|-crit|p1a: Houndoom\n|-damage|p1a: Houndoom|25\/100\n|-status|p1a: Houndoom|psn\n|\n|-damage|p1a: Houndoom|13\/100 psn|[from] psn\n|upkeep\n|turn|21\n|\n|t:|1700700553\n|move|p1a: Houndoom|Fire Blast|p2a: Timmy\n|-supereffective|p2a: Timmy\n|-damage|p2a: Timmy|4\/100\n|move|p2a: Timmy|Sludge Bomb|p1a: Houndoom\n|-damage|p1a: Houndoom|0 fnt\n|faint|p1a: Houndoom\n|\n|upkeep\n|\n|t:|1700700556\n|switch|p1a: Sneasler|Sneasler, M|100\/100\n|turn|22\n|c|\u2606JimJommer|Gg\n|\n|t:|1700700563\n|move|p1a: Sneasler|Acrobatics|p2a: Timmy\n|-supereffective|p2a: Timmy\n|-damage|p2a: Timmy|0 fnt\n|faint|p2a: Timmy\n|\n|win|JimJommer\n|raw|JimJommer's rating: 1183 &rarr; <strong>1201<\/strong><br \/>(+18 for winning)\n|raw|Munkulus's rating: 1084 &rarr; <strong>1068<\/strong><br \/>(-16 for losing)\n|c|\u2606Munkulus|gg\n","uploadtime":1700700570,"views":6,"p1id":"jimjommer","p2id":"munkulus","formatid":"gen9nationaldex","rating":1068,"private":0,"password":""}