{"id":"gen9nationaldex-1990297444","p1":"xxyyzlu","p2":"nijika1001","format":"[Gen 9] National Dex","log":"|j|\u2606xxyyzlu\n|j|\u2606nijika1001\n|t:|1699952705\n|gametype|singles\n|player|p1|xxyyzlu|2|1509\n|player|p2|nijika1001|2|1411\n|teamsize|p1|6\n|teamsize|p2|6\n|gen|9\n|tier|[Gen 9] National Dex\n|rated|\n|rule|HP Percentage Mod: HP is shown in percentages\n|rule|Endless Battle Clause: Forcing endless battles is banned\n|rule|OHKO Clause: OHKO moves are banned\n|rule|Evasion Clause: Evasion abilities, items, and moves are banned\n|rule|Evasion Abilities Clause: Evasion abilities are banned\n|rule|Evasion Items Clause: Evasion items are banned\n|rule|Evasion Moves Clause: Evasion moves are banned\n|rule|Species Clause: Limit one of each Pok\u00e9mon\n|rule|Sleep Clause Mod: Limit one foe put to sleep\n|clearpoke\n|poke|p1|Garchomp, M|\n|poke|p1|Goodra-Hisui, M|\n|poke|p1|Absol, M|\n|poke|p1|Munkidori, M|\n|poke|p1|Gliscor, M|\n|poke|p1|Rotom-Wash|\n|poke|p2|Pelipper, M|\n|poke|p2|Barraskewda, M|\n|poke|p2|Aegislash, M|\n|poke|p2|Swampert, M|\n|poke|p2|Moltres|\n|poke|p2|Kingdra, M|\n|teampreview\n|\n|t:|1699952734\n|start\n|switch|p1a: Absol|Absol, M|100\/100\n|switch|p2a: Pelipper|Pelipper, M|100\/100\n|-ability|p1a: Absol|Pressure\n|-weather|RainDance|[from] ability: Drizzle|[of] p2a: Pelipper\n|turn|1\n|\n|t:|1699952742\n|detailschange|p1a: Absol|Absol-Mega, M\n|-mega|p1a: Absol|Absol|Absolite\n|move|p1a: Absol|Thunderbolt|p2a: Pelipper\n|-supereffective|p2a: Pelipper\n|-damage|p2a: Pelipper|0 fnt\n|faint|p2a: Pelipper\n|\n|-weather|RainDance|[upkeep]\n|upkeep\n|\n|t:|1699952750\n|switch|p2a: Swampert|Swampert, M|100\/100\n|turn|2\n|\n|t:|1699952760\n|switch|p1a: Garchomp|Garchomp, M|100\/100\n|detailschange|p2a: Swampert|Swampert-Mega, M\n|-mega|p2a: Swampert|Swampert|Swampertite\n|move|p2a: Swampert|Waterfall|p1a: Garchomp\n|-damage|p1a: Garchomp|57\/100\n|-damage|p2a: Swampert|88\/100|[from] ability: Rough Skin|[of] p1a: Garchomp\n|-damage|p2a: Swampert|72\/100|[from] item: Rocky Helmet|[of] p1a: Garchomp\n|\n|-weather|RainDance|[upkeep]\n|upkeep\n|turn|3\n|\n|t:|1699952771\n|switch|p2a: Moltres|Moltres|100\/100\n|switch|p1a: Rotom|Rotom-Wash|100\/100\n|\n|-weather|RainDance|[upkeep]\n|upkeep\n|turn|4\n|\n|t:|1699952781\n|-terastallize|p2a: Moltres|Water\n|move|p2a: Moltres|Toxic|p1a: Rotom\n|-status|p1a: Rotom|tox\n|move|p1a: Rotom|Hydro Pump|p2a: Moltres\n|-resisted|p2a: Moltres\n|-damage|p2a: Moltres|68\/100\n|\n|-weather|RainDance|[upkeep]\n|-damage|p1a: Rotom|94\/100 tox|[from] psn\n|upkeep\n|turn|5\n|\n|t:|1699952791\n|switch|p2a: Swampert|Swampert-Mega, M|72\/100\n|move|p1a: Rotom|Will-O-Wisp|p2a: Swampert\n|-status|p2a: Swampert|brn\n|\n|-weather|RainDance|[upkeep]\n|-heal|p1a: Rotom|100\/100 tox|[from] item: Leftovers\n|-damage|p1a: Rotom|88\/100 tox|[from] psn\n|-damage|p2a: Swampert|66\/100 brn|[from] brn\n|upkeep\n|turn|6\n|\n|t:|1699952800\n|switch|p1a: Garchomp|Garchomp, M|57\/100\n|move|p2a: Swampert|Stealth Rock|p1a: Garchomp\n|-sidestart|p1: xxyyzlu|move: Stealth Rock\n|\n|-weather|RainDance|[upkeep]\n|-damage|p2a: Swampert|59\/100 brn|[from] brn\n|upkeep\n|turn|7\n|\n|t:|1699952807\n|switch|p2a: Moltres|Moltres, tera:Water|68\/100\n|move|p1a: Garchomp|Stealth Rock|p2a: Moltres\n|-sidestart|p2: nijika1001|move: Stealth Rock\n|\n|-weather|RainDance|[upkeep]\n|upkeep\n|turn|8\n|\n|t:|1699952814\n|switch|p1a: Goodra|Goodra-Hisui, M|100\/100\n|-damage|p1a: Goodra|94\/100|[from] Stealth Rock\n|move|p2a: Moltres|Toxic|p1a: Goodra\n|-immune|p1a: Goodra\n|\n|-weather|none\n|upkeep\n|turn|9\n|\n|t:|1699952821\n|move|p2a: Moltres|Flamethrower|p1a: Goodra\n|-damage|p1a: Goodra|77\/100\n|move|p1a: Goodra|Draco Meteor|p2a: Moltres\n|-damage|p2a: Moltres|0 fnt\n|-unboost|p1a: Goodra|spa|2\n|faint|p2a: Moltres\n|\n|upkeep\n|\n|t:|1699952828\n|switch|p2a: Aegislash|Aegislash, M|100\/100\n|-damage|p2a: Aegislash|94\/100|[from] Stealth Rock\n|turn|10\n|\n|t:|1699952833\n|-formechange|p2a: Aegislash|Aegislash-Blade||[from] ability: Stance Change\n|move|p2a: Aegislash|Shadow Ball|p1a: Goodra\n|-damage|p1a: Goodra|47\/100\n|-unboost|p1a: Goodra|spd|1\n|-damage|p2a: Aegislash|84\/100|[from] item: Life Orb\n|move|p1a: Goodra|Earthquake|p2a: Aegislash\n|-supereffective|p2a: Aegislash\n|-damage|p2a: Aegislash|3\/100\n|\n|upkeep\n|turn|11\n|\n|t:|1699952847\n|switch|p1a: Munkidori|Munkidori, M|100\/100\n|move|p2a: Aegislash|Shadow Ball|p1a: Munkidori\n|-supereffective|p1a: Munkidori\n|-damage|p1a: Munkidori|0 fnt\n|faint|p1a: Munkidori\n|-damage|p2a: Aegislash|0 fnt|[from] item: Life Orb\n|faint|p2a: Aegislash\n|\n|upkeep\n|\n|t:|1699952860\n|switch|p1a: Gliscor|Gliscor, M|100\/100\n|switch|p2a: Swampert|Swampert-Mega, M|59\/100 brn\n|-damage|p2a: Swampert|53\/100 brn|[from] Stealth Rock\n|-damage|p1a: Gliscor|88\/100|[from] Stealth Rock\n|turn|12\n|\n|t:|1699952868\n|move|p1a: Gliscor|Protect|p1a: Gliscor\n|-singleturn|p1a: Gliscor|Protect\n|move|p2a: Swampert|Flip Turn|p1a: Gliscor\n|-activate|p1a: Gliscor|move: Protect\n|\n|-damage|p2a: Swampert|47\/100 brn|[from] brn\n|-status|p1a: Gliscor|tox|[from] item: Toxic Orb\n|upkeep\n|turn|13\n|\n|t:|1699952874\n|switch|p1a: Garchomp|Garchomp, M|57\/100\n|-damage|p1a: Garchomp|51\/100|[from] Stealth Rock\n|move|p2a: Swampert|Waterfall|p1a: Garchomp\n|-damage|p1a: Garchomp|37\/100\n|-damage|p2a: Swampert|35\/100 brn|[from] ability: Rough Skin|[of] p1a: Garchomp\n|-damage|p2a: Swampert|18\/100 brn|[from] item: Rocky Helmet|[of] p1a: Garchomp\n|\n|-damage|p2a: Swampert|12\/100 brn|[from] brn\n|upkeep\n|turn|14\n|\n|t:|1699952884\n|move|p2a: Swampert|Waterfall|p1a: Garchomp\n|-damage|p1a: Garchomp|22\/100\n|-damage|p2a: Swampert|0 fnt|[from] ability: Rough Skin|[of] p1a: Garchomp\n|faint|p2a: Swampert\n|cant|p1a: Garchomp|flinch\n|\n|upkeep\n|\n|t:|1699952889\n|switch|p2a: Kingdra|Kingdra, M|100\/100\n|-damage|p2a: Kingdra|88\/100|[from] Stealth Rock\n|turn|15\n|\n|t:|1699952902\n|switch|p1a: Rotom|Rotom-Wash|88\/100 tox\n|-damage|p1a: Rotom|75\/100 tox|[from] Stealth Rock\n|move|p2a: Kingdra|Hurricane|p1a: Rotom|[miss]\n|-miss|p2a: Kingdra|p1a: Rotom\n|\n|-heal|p1a: Rotom|82\/100 tox|[from] item: Leftovers\n|-damage|p1a: Rotom|75\/100 tox|[from] psn\n|upkeep\n|turn|16\n|\n|t:|1699952908\n|move|p2a: Kingdra|Hurricane|p1a: Rotom|[miss]\n|-miss|p2a: Kingdra|p1a: Rotom\n|move|p1a: Rotom|Will-O-Wisp|p2a: Kingdra\n|-status|p2a: Kingdra|brn\n|\n|-heal|p1a: Rotom|82\/100 tox|[from] item: Leftovers\n|-damage|p1a: Rotom|69\/100 tox|[from] psn\n|-damage|p2a: Kingdra|82\/100 brn|[from] brn\n|upkeep\n|turn|17\n|\n|t:|1699952913\n|move|p2a: Kingdra|Hurricane|p1a: Rotom\n|-resisted|p1a: Rotom\n|-crit|p1a: Rotom\n|-damage|p1a: Rotom|41\/100 tox\n|move|p1a: Rotom|Volt Switch|p2a: Kingdra\n|-crit|p2a: Kingdra\n|-damage|p2a: Kingdra|34\/100 brn\n|\n|t:|1699952917\n|switch|p1a: Absol|Absol-Mega, M|100\/100|[from] Volt Switch\n|-damage|p1a: Absol|88\/100|[from] Stealth Rock\n|\n|-damage|p2a: Kingdra|28\/100 brn|[from] brn\n|upkeep\n|turn|18\n|\n|t:|1699952920\n|move|p1a: Absol|Thunderbolt|p2a: Kingdra\n|-damage|p2a: Kingdra|0 fnt\n|faint|p2a: Kingdra\n|\n|upkeep\n|\n|t:|1699952925\n|switch|p2a: Barraskewda|Barraskewda, M, shiny|100\/100\n|-damage|p2a: Barraskewda|88\/100|[from] Stealth Rock\n|turn|19\n|\n|t:|1699952929\n|switch|p1a: Garchomp|Garchomp, M|22\/100\n|-damage|p1a: Garchomp|15\/100|[from] Stealth Rock\n|move|p2a: Barraskewda|Close Combat|p1a: Garchomp\n|-damage|p1a: Garchomp|0 fnt\n|-unboost|p2a: Barraskewda|def|1\n|-unboost|p2a: Barraskewda|spd|1\n|-damage|p2a: Barraskewda|76\/100|[from] ability: Rough Skin|[of] p1a: Garchomp\n|-damage|p2a: Barraskewda|60\/100|[from] item: Rocky Helmet|[of] p1a: Garchomp\n|faint|p1a: Garchomp\n|\n|upkeep\n|\n|t:|1699952937\n|switch|p1a: Gliscor|Gliscor, M|88\/100 tox\n|-damage|p1a: Gliscor|76\/100 tox|[from] Stealth Rock\n|turn|20\n|\n|t:|1699952941\n|move|p1a: Gliscor|Protect|p1a: Gliscor\n|-singleturn|p1a: Gliscor|Protect\n|move|p2a: Barraskewda|Close Combat|p1a: Gliscor\n|-activate|p1a: Gliscor|move: Protect\n|\n|-heal|p1a: Gliscor|88\/100 tox|[from] ability: Poison Heal\n|upkeep\n|turn|21\n|\n|t:|1699952945\n|move|p2a: Barraskewda|Close Combat|p1a: Gliscor\n|-resisted|p1a: Gliscor\n|-damage|p1a: Gliscor|70\/100 tox\n|-unboost|p2a: Barraskewda|def|1\n|-unboost|p2a: Barraskewda|spd|1\n|move|p1a: Gliscor|Earthquake|p2a: Barraskewda\n|-damage|p2a: Barraskewda|0 fnt\n|faint|p2a: Barraskewda\n|\n|win|xxyyzlu\n|raw|xxyyzlu's rating: 1509 &rarr; <strong>1524<\/strong><br \/>(+15 for winning)\n|raw|nijika1001's rating: 1411 &rarr; <strong>1396<\/strong><br \/>(-15 for losing)\n","uploadtime":1699952949,"views":14,"p1id":"xxyyzlu","p2id":"nijika1001","formatid":"gen9nationaldex","rating":1396,"private":0,"password":""}