{"id":"gen9nationaldex-1994319181","p1":"CalvaoBuenos","p2":"GustaEiras","format":"[Gen 9] National Dex","log":"|j|\u2606CalvaoBuenos\n|j|\u2606GustaEiras\n|t:|1700430637\n|gametype|singles\n|player|p1|CalvaoBuenos|red|\n|player|p2|GustaEiras|pokemonranger-gen4|\n|teamsize|p1|6\n|teamsize|p2|6\n|gen|9\n|tier|[Gen 9] National Dex\n|rule|HP Percentage Mod: HP is shown in percentages\n|rule|Endless Battle Clause: Forcing endless battles is banned\n|rule|OHKO Clause: OHKO moves are banned\n|rule|Evasion Clause: Evasion abilities, items, and moves are banned\n|rule|Evasion Abilities Clause: Evasion abilities are banned\n|rule|Evasion Items Clause: Evasion items are banned\n|rule|Evasion Moves Clause: Evasion moves are banned\n|rule|Species Clause: Limit one of each Pok\u00e9mon\n|rule|Sleep Clause Mod: Limit one foe put to sleep\n|clearpoke\n|poke|p1|Charizard, M|\n|poke|p1|Victini|\n|poke|p1|Camerupt, M|\n|poke|p1|Rapidash, F|\n|poke|p1|Scovillain, F|\n|poke|p1|Turtonator, M|\n|poke|p2|Charizard, F|\n|poke|p2|Heatran, F|\n|poke|p2|Arcanine, F|\n|poke|p2|Blacephalon|\n|poke|p2|Incineroar, F|\n|poke|p2|Delphox, M|\n|teampreview\n|c|\u2606CalvaoBuenos|Manda o LINK L\u00c1\n|\n|t:|1700430659\n|start\n|switch|p1a: Camelo|Camerupt, M|100\/100\n|switch|p2a: Heatran|Heatran, F|100\/100\n|-item|p2a: Heatran|Air Balloon\n|turn|1\n|j| Pachequitos\n|j| GNlinde\n|c| Pachequitos|kataki sola\n|j| Elonxaun\n|c| GNlinde|os cara fazendo monowater\n|c| GNlinde|KKKKKKKKKKKKK\n|c| Elonxaun|bora gordinho\n|\n|t:|1700430720\n|switch|p2a: Charizard|Charizard, F|100\/100\n|move|p1a: Camelo|Yawn|p2a: Charizard\n|-start|p2a: Charizard|move: Yawn|[of] p1a: Camelo\n|\n|upkeep\n|turn|2\n|c|\u2606GustaEiras|rapaz\n|c| GNlinde|soubedo dms\n|j| airslashesfolante\n|c| Pachequitos|que\n|c| GNlinde|n\u00e3o te. jeito:fire:\n|\n|t:|1700430751\n|switch|p2a: Delphox|Delphox, M|100\/100\n|move|p1a: Camelo|Stone Edge|p2a: Delphox|[miss]\n|-miss|p1a: Camelo|p2a: Delphox\n|\n|upkeep\n|turn|3\n|\n|t:|1700430761\n|move|p2a: Delphox|Psychic|p1a: Camelo\n|-damage|p1a: Camelo|48\/100\n|-unboost|p1a: Camelo|spd|1\n|move|p1a: Camelo|Yawn|p2a: Delphox\n|-start|p2a: Delphox|move: Yawn|[of] p1a: Camelo\n|\n|upkeep\n|turn|4\n|\n|t:|1700430798\n|switch|p2a: Incineroar|Incineroar, F|100\/100\n|-ability|p2a: Incineroar|Intimidate|boost\n|-unboost|p1a: Camelo|atk|1\n|move|p1a: Camelo|Stone Edge|p2a: Incineroar\n|-supereffective|p2a: Incineroar\n|-damage|p2a: Incineroar|59\/100\n|\n|upkeep\n|turn|5\n|j| DeyvinBird\n|\n|t:|1700430830\n|switch|p1a: Majoratoruga|Turtonator, M|100\/100\n|move|p2a: Incineroar|Knock Off|p1a: Majoratoruga\n|-damage|p1a: Majoratoruga|70\/100\n|-enditem|p1a: Majoratoruga|Assault Vest|[from] move: Knock Off|[of] p2a: Incineroar\n|\n|upkeep\n|turn|6\n|\n|t:|1700430846\n|move|p2a: Incineroar|Parting Shot|p1a: Majoratoruga\n|-unboost|p1a: Majoratoruga|atk|1\n|-unboost|p1a: Majoratoruga|spa|1\n|\n|t:|1700430850\n|switch|p2a: Heatran|Heatran, F|100\/100|[from] Parting Shot\n|-item|p2a: Heatran|Air Balloon\n|move|p1a: Majoratoruga|Stone Edge|p2a: Heatran\n|-damage|p2a: Heatran|81\/100\n|-enditem|p2a: Heatran|Air Balloon\n|\n|upkeep\n|turn|7\n|c| DeyvinBird|Hm...\n|\n|t:|1700430868\n|move|p2a: Heatran|Stealth Rock|p1a: Majoratoruga\n|-sidestart|p1: CalvaoBuenos|move: Stealth Rock\n|move|p1a: Majoratoruga|Stone Edge|p2a: Heatran\n|-damage|p2a: Heatran|64\/100\n|\n|upkeep\n|turn|8\n|\n|t:|1700430878\n|move|p2a: Heatran|Power Gem|p1a: Majoratoruga\n|-supereffective|p1a: Majoratoruga\n|-damage|p1a: Majoratoruga|4\/100\n|move|p1a: Majoratoruga|Earthquake|p2a: Heatran\n|-supereffective|p2a: Heatran\n|-damage|p2a: Heatran|0 fnt\n|faint|p2a: Heatran\n|\n|upkeep\n|\n|t:|1700430890\n|switch|p2a: Charizard|Charizard, F|100\/100\n|turn|9\n|\n|t:|1700430904\n|detailschange|p2a: Charizard|Charizard-Mega-X, F\n|-mega|p2a: Charizard|Charizard|Charizardite X\n|move|p2a: Charizard|Scale Shot|p1a: Majoratoruga\n|-supereffective|p1a: Majoratoruga\n|-damage|p1a: Majoratoruga|0 fnt\n|faint|p1a: Majoratoruga\n|-hitcount|p1: Majoratoruga|1\n|-unboost|p2a: Charizard|def|1\n|-boost|p2a: Charizard|spe|1\n|\n|upkeep\n|c| GNlinde|usa hydro pump\n|c|\u2606GustaEiras|blz\n|\n|t:|1700430923\n|switch|p1a: Engualsinho eu|Charizard, M|100\/100\n|-damage|p1a: Engualsinho eu|51\/100|[from] Stealth Rock\n|turn|10\n|c| DeyvinBird|Oxe\n|\n|t:|1700430952\n|detailschange|p1a: Engualsinho eu|Charizard-Mega-Y, M\n|-mega|p1a: Engualsinho eu|Charizard|Charizardite Y\n|-weather|SunnyDay|[from] ability: Drought|[of] p1a: Engualsinho eu\n|move|p2a: Charizard|Dragon Claw|p1a: Engualsinho eu\n|-damage|p1a: Engualsinho eu|0 fnt\n|faint|p1a: Engualsinho eu\n|\n|-weather|SunnyDay|[upkeep]\n|upkeep\n|\n|t:|1700430962\n|switch|p1a: Cavala|Rapidash, F|100\/100\n|-damage|p1a: Cavala|76\/100|[from] Stealth Rock\n|turn|11\n|c| GNlinde|s\u00f3 aumentou o poder do Charizard x\n|\n|t:|1700430975\n|move|p1a: Cavala|High Horsepower|p2a: Charizard\n|-supereffective|p2a: Charizard\n|-crit|p2a: Charizard\n|-damage|p2a: Charizard|0 fnt\n|faint|p2a: Charizard\n|\n|-weather|SunnyDay|[upkeep]\n|upkeep\n|c| GNlinde|KKKKKKKKKK\n|c|\u2606GustaEiras|eita\n|c| GNlinde|que isso\n|c|\u2606CalvaoBuenos|Cavalo.\n|c|\u2606GustaEiras|eu devia ter dado scale shot naquele turno\n|c| GNlinde|brabo dms\n|c|\u2606GustaEiras|fiquei com medo de errar\n|c| GNlinde|nunca critiquei\n|c| DeyvinBird|Rapidash Chlorophil\n|c|\u2606GustaEiras|ou n dar roll boa\n|c| airslashesfolante|tu devia \u00e9 n\u00e3o ter dado mega\n|c| airslashesfolante|confia que ia da bom\n|c|\u2606CalvaoBuenos|ME D\u00ca SEU W.O\n|\n|t:|1700431040\n|switch|p2a: Arcanine|Arcanine, F|100\/100\n|turn|12\n|c|\u2606CalvaoBuenos|E TUDO FICARA BEM\n|\n|t:|1700431053\n|move|p1a: Cavala|High Horsepower|p2a: Arcanine\n|-supereffective|p2a: Arcanine\n|-damage|p2a: Arcanine|41\/100\n|move|p2a: Arcanine|Wild Charge|p1a: Cavala\n|-damage|p1a: Cavala|22\/100\n|-damage|p2a: Arcanine|32\/100|[from] Recoil\n|\n|-weather|SunnyDay|[upkeep]\n|upkeep\n|turn|13\n|\n|t:|1700431057\n|move|p2a: Arcanine|Extreme Speed|p1a: Cavala\n|-damage|p1a: Cavala|0 fnt\n|faint|p1a: Cavala\n|\n|-weather|SunnyDay|[upkeep]\n|upkeep\n|\n|t:|1700431065\n|switch|p1a: Pimenta malagueta|Scovillain, F|100\/100\n|-damage|p1a: Pimenta malagueta|76\/100|[from] Stealth Rock\n|turn|14\n|\n|t:|1700431089\n|move|p1a: Pimenta malagueta|Stomping Tantrum|p2a: Arcanine\n|-supereffective|p2a: Arcanine\n|-damage|p2a: Arcanine|0 fnt\n|faint|p2a: Arcanine\n|\n|-weather|none\n|upkeep\n|\n|t:|1700431100\n|switch|p2a: Blacephalon|Blacephalon|100\/100\n|turn|15\n|\n|t:|1700431104\n|move|p2a: Blacephalon|Substitute|p2a: Blacephalon\n|-start|p2a: Blacephalon|Substitute\n|-damage|p2a: Blacephalon|76\/100\n|move|p1a: Pimenta malagueta|Substitute|p1a: Pimenta malagueta\n|-start|p1a: Pimenta malagueta|Substitute\n|-damage|p1a: Pimenta malagueta|51\/100\n|\n|-heal|p2a: Blacephalon|82\/100|[from] item: Leftovers\n|upkeep\n|turn|16\n|c| GNlinde|vou ter do pr\u00f3prio tipo\n|c|\u2606GustaEiras|tendi\n|c| Pachequitos|KATAKI\n|\n|t:|1700431113\n|move|p2a: Blacephalon|Shadow Ball|p1a: Pimenta malagueta\n|-end|p1a: Pimenta malagueta|Substitute\n|move|p1a: Pimenta malagueta|Rollout|p2a: Blacephalon\n|-supereffective|p2a: Blacephalon\n|-end|p2a: Blacephalon|Substitute\n|\n|-heal|p2a: Blacephalon|88\/100|[from] item: Leftovers\n|upkeep\n|turn|17\n|c| Pachequitos|\u00c9 AGORA A HORA\n|c| GNlinde|counter*\n|c| Pachequitos|VC CONSEGUE\n|c| Pachequitos|ISSO\n|\n|t:|1700431126\n|move|p2a: Blacephalon|Shadow Ball|p1a: Pimenta malagueta\n|-damage|p1a: Pimenta malagueta|0 fnt\n|faint|p1a: Pimenta malagueta\n|-ability|p2a: Blacephalon|Beast Boost|boost\n|-boost|p2a: Blacephalon|spe|1\n|\n|-heal|p2a: Blacephalon|94\/100|[from] item: Leftovers\n|upkeep\n|c| Pachequitos|NOOOOOOOOOOOOOO\n|c| GNlinde|KKKKKKKKKKKKKKK\n|\n|t:|1700431137\n|switch|p1a: Camelo|Camerupt, M|48\/100\n|-damage|p1a: Camelo|36\/100|[from] Stealth Rock\n|turn|18\n|c|\u2606CalvaoBuenos|F\n|c|\u2606GustaEiras|olha o miss\n|c| GNlinde|acabou\n|\n|t:|1700431148\n|move|p2a: Blacephalon|Substitute|p2a: Blacephalon\n|-start|p2a: Blacephalon|Substitute\n|-damage|p2a: Blacephalon|69\/100\n|move|p1a: Camelo|Earthquake|p2a: Blacephalon\n|-supereffective|p2a: Blacephalon\n|-end|p2a: Blacephalon|Substitute\n|\n|-heal|p2a: Blacephalon|76\/100|[from] item: Leftovers\n|upkeep\n|turn|19\n|\n|t:|1700431158\n|move|p2a: Blacephalon|Shadow Ball|p1a: Camelo\n|-damage|p1a: Camelo|0 fnt\n|faint|p1a: Camelo\n|-ability|p2a: Blacephalon|Beast Boost|boost\n|-boost|p2a: Blacephalon|spe|1\n|\n|-heal|p2a: Blacephalon|82\/100|[from] item: Leftovers\n|upkeep\n|\n|t:|1700431161\n|switch|p1a: Empacote|Victini|100\/100\n|-damage|p1a: Empacote|76\/100|[from] Stealth Rock\n|turn|20\n|\n|t:|1700431188\n|-terastallize|p1a: Empacote|Fire\n|move|p2a: Blacephalon|Shadow Ball|p1a: Empacote\n|-damage|p1a: Empacote|33\/100\n|move|p1a: Empacote|V-create|p2a: Blacephalon\n|-resisted|p2a: Blacephalon\n|-damage|p2a: Blacephalon|0 fnt\n|-unboost|p1a: Empacote|spe|1\n|-unboost|p1a: Empacote|def|1\n|-unboost|p1a: Empacote|spd|1\n|faint|p2a: Blacephalon\n|\n|upkeep\n|c| GNlinde|CARALHO\n|c| GNlinde|REVIRAMENTO\n|\n|t:|1700431203\n|switch|p2a: Incineroar|Incineroar, F|59\/100\n|-ability|p2a: Incineroar|Intimidate|boost\n|-unboost|p1a: Empacote|atk|1\n|turn|21\n|c| GNlinde|REVIRAVOLTA\n|\n|t:|1700431208\n|move|p1a: Empacote|V-create|p2a: Incineroar\n|-resisted|p2a: Incineroar\n|-damage|p2a: Incineroar|5\/100\n|-unboost|p1a: Empacote|spe|1\n|-unboost|p1a: Empacote|def|1\n|-unboost|p1a: Empacote|spd|1\n|-enditem|p2a: Incineroar|Sitrus Berry|[eat]\n|-heal|p2a: Incineroar|30\/100|[from] item: Sitrus Berry\n|move|p2a: Incineroar|Knock Off|p1a: Empacote\n|-damage|p1a: Empacote|0 fnt\n|-enditem|p1a: Empacote|Choice Band|[from] move: Knock Off|[of] p2a: Incineroar\n|faint|p1a: Empacote\n|\n|win|GustaEiras\n|c|\u2606CalvaoBuenos|NOOOOOOO\n|l| Pachequitos\n|l| DeyvinBird\n|l|\u2606CalvaoBuenos\n|l| GNlinde\n|l| airslashesfolante\n|l|\u2606GustaEiras\n|j| airslashesfolante\n|l| airslashesfolante\n|j| DeyvinBird\n|l| Elonxaun\n","uploadtime":1700431223,"views":15,"p1id":"calvaobuenos","p2id":"gustaeiras","formatid":"gen9nationaldex","rating":0,"private":0,"password":""}