{"id":"gen9nationaldex-1998773862","p1":"Coffee falk","p2":"qazserfvgyujnko","format":"[Gen 9] National Dex","log":"|html|<div class=\"broadcast-blue\"><strong>[Gen 9] National Dex is currently suspecting Sneasler! For information on how to participate check out the <a href=\"https:\/\/www.smogon.com\/forums\/threads\/sv-national-dex-suspect-8-just-dance.3731534\/\">suspect thread<\/a>.<\/strong><\/div>\n|j|\u2606Coffee falk\n|j|\u2606qazserfvgyujnko\n|t:|1700987968\n|gametype|singles\n|player|p1|Coffee falk|zinnia|1252\n|player|p2|qazserfvgyujnko|linebacker|1234\n|teamsize|p1|6\n|teamsize|p2|6\n|gen|9\n|tier|[Gen 9] National Dex\n|rated|\n|rule|HP Percentage Mod: HP is shown in percentages\n|rule|Endless Battle Clause: Forcing endless battles is banned\n|rule|OHKO Clause: OHKO moves are banned\n|rule|Evasion Clause: Evasion abilities, items, and moves are banned\n|rule|Evasion Abilities Clause: Evasion abilities are banned\n|rule|Evasion Items Clause: Evasion items are banned\n|rule|Evasion Moves Clause: Evasion moves are banned\n|rule|Species Clause: Limit one of each Pok\u00e9mon\n|rule|Sleep Clause Mod: Limit one foe put to sleep\n|clearpoke\n|poke|p1|Lopunny, F|\n|poke|p1|Garchomp, F|\n|poke|p1|Slowking-Galar, M|\n|poke|p1|Vikavolt, M|\n|poke|p1|Blacephalon|\n|poke|p1|Corviknight, F|\n|poke|p2|Hoopa-Unbound|\n|poke|p2|Lopunny, M|\n|poke|p2|Comfey, M|\n|poke|p2|Moltres|\n|poke|p2|Ninetales-Alola, F|\n|poke|p2|Urshifu-*, M|\n|teampreview\n|inactive|Battle timer is ON: inactive players will automatically lose when time's up. (requested by qazserfvgyujnko)\n|\n|t:|1700987999\n|start\n|switch|p1a: Vikavolt|Vikavolt, M, shiny|100\/100\n|switch|p2a: Lopunny|Lopunny, M|100\/100\n|turn|1\n|inactive|qazserfvgyujnko has 120 seconds left.\n|\n|t:|1700988045\n|detailschange|p2a: Lopunny|Lopunny-Mega, M\n|-mega|p2a: Lopunny|Lopunny|Lopunnite\n|move|p2a: Lopunny|Fake Out|p1a: Vikavolt\n|-damage|p1a: Vikavolt|79\/100\n|cant|p1a: Vikavolt|flinch\n|\n|upkeep\n|turn|2\n|\n|t:|1700988053\n|move|p2a: Lopunny|U-turn|p1a: Vikavolt\n|-damage|p1a: Vikavolt|51\/100\n|\n|t:|1700988074\n|switch|p2a: Comfey|Comfey, M|100\/100|[from] U-turn\n|move|p1a: Vikavolt|Thunder Wave|p2a: Comfey\n|-status|p2a: Comfey|par\n|\n|upkeep\n|turn|3\n|\n|t:|1700988084\n|move|p2a: Comfey|Draining Kiss|p1a: Vikavolt\n|-damage|p1a: Vikavolt|21\/100\n|-damage|p2a: Comfey|91\/100 par|[from] item: Life Orb\n|move|p1a: Vikavolt|Sticky Web|p2a: Comfey\n|-sidestart|p2: qazserfvgyujnko|move: Sticky Web\n|\n|upkeep\n|turn|4\n|\n|t:|1700988095\n|move|p2a: Comfey|Draining Kiss|p1a: Vikavolt\n|-damage|p1a: Vikavolt|0 fnt\n|-heal|p2a: Comfey|100\/100 par|[from] drain|[of] p1a: Vikavolt\n|faint|p1a: Vikavolt\n|-damage|p2a: Comfey|91\/100 par|[from] item: Life Orb\n|\n|upkeep\n|\n|t:|1700988118\n|switch|p1a: Blacephalon|Blacephalon, shiny|100\/100\n|turn|5\n|\n|t:|1700988123\n|move|p1a: Blacephalon|Fire Blast|p2a: Comfey\n|-damage|p2a: Comfey|0 fnt\n|faint|p2a: Comfey\n|-ability|p1a: Blacephalon|Beast Boost|boost\n|-boost|p1a: Blacephalon|spa|1\n|\n|upkeep\n|inactive|qazserfvgyujnko has 120 seconds left.\n|\n|t:|1700988135\n|switch|p2a: Urshifu|Urshifu-Rapid-Strike, M|100\/100\n|-activate|p2a: Urshifu|move: Sticky Web\n|-unboost|p2a: Urshifu|spe|1\n|turn|6\n|\n|t:|1700988146\n|switch|p1a: Corviknight|Corviknight, F, shiny|100\/100\n|move|p2a: Urshifu|Surging Strikes|p1a: Corviknight\n|-crit|p1a: Corviknight\n|-damage|p1a: Corviknight|89\/100\n|-crit|p1a: Corviknight\n|-damage|p1a: Corviknight|76\/100\n|-crit|p1a: Corviknight\n|-damage|p1a: Corviknight|63\/100\n|-hitcount|p1a: Corviknight|3\n|\n|-heal|p1a: Corviknight|70\/100|[from] item: Leftovers\n|upkeep\n|turn|7\n|\n|t:|1700988163\n|switch|p2a: Moltres|Moltres|100\/100\n|move|p1a: Corviknight|Iron Defense|p1a: Corviknight\n|-boost|p1a: Corviknight|def|2\n|\n|-heal|p1a: Corviknight|76\/100|[from] item: Leftovers\n|upkeep\n|turn|8\n|\n|t:|1700988176\n|switch|p1a: Slowking|Slowking-Galar, M|100\/100\n|move|p2a: Moltres|Defog|p1a: Slowking\n|-unboost|p1a: Slowking|evasion|1\n|-sideend|p2: qazserfvgyujnko|Sticky Web|[from] move: Defog|[of] p2a: Moltres\n|\n|upkeep\n|turn|9\n|\n|t:|1700988197\n|move|p2a: Moltres|Flamethrower|p1a: Slowking\n|-damage|p1a: Slowking|71\/100\n|move|p1a: Slowking|Future Sight|p2a: Moltres\n|-start|p1a: Slowking|move: Future Sight\n|\n|-heal|p1a: Slowking|77\/100|[from] item: Leftovers\n|upkeep\n|turn|10\n|\n|t:|1700988213\n|move|p2a: Moltres|Flamethrower|p1a: Slowking\n|-damage|p1a: Slowking|46\/100\n|move|p1a: Slowking|Chilly Reception|p1a: Slowking\n|-weather|Snow\n|\n|t:|1700988222\n|switch|p1a: Blacephalon|Blacephalon, shiny|100\/100|[from] Chilly Reception\n|\n|-weather|Snow|[upkeep]\n|upkeep\n|turn|11\n|\n|t:|1700988230\n|move|p1a: Blacephalon|Shadow Ball|p2a: Moltres\n|-damage|p2a: Moltres|26\/100\n|move|p2a: Moltres|U-turn|p1a: Blacephalon\n|-resisted|p1a: Blacephalon\n|-damage|p1a: Blacephalon|92\/100\n|\n|t:|1700988233\n|switch|p2a: Hoopa|Hoopa-Unbound|100\/100|[from] U-turn\n|\n|-weather|Snow|[upkeep]\n|-end|p2a: Hoopa|move: Future Sight\n|-immune|p2a: Hoopa\n|upkeep\n|turn|12\n|\n|t:|1700988245\n|-terastallize|p1a: Blacephalon|Ghost\n|move|p1a: Blacephalon|Shadow Ball|p2a: Hoopa\n|-damage|p2a: Hoopa|21\/100\n|-unboost|p2a: Hoopa|spd|1\n|move|p2a: Hoopa|Hyperspace Fury|p1a: Blacephalon\n|-supereffective|p1a: Blacephalon\n|-damage|p1a: Blacephalon|0 fnt\n|-unboost|p2a: Hoopa|def|1\n|faint|p1a: Blacephalon\n|\n|-weather|Snow|[upkeep]\n|upkeep\n|\n|t:|1700988265\n|switch|p1a: Garchomp|Garchomp, F|100\/100\n|turn|13\n|\n|t:|1700988272\n|switch|p2a: Ninetales|Ninetales-Alola, F|100\/100\n|move|p1a: Garchomp|Scale Shot|p2a: Ninetales\n|-immune|p2a: Ninetales\n|\n|-weather|Snow|[upkeep]\n|upkeep\n|turn|14\n|\n|t:|1700988282\n|switch|p1a: Slowking|Slowking-Galar, M|79\/100\n|move|p2a: Ninetales|Blizzard|p1a: Slowking\n|-damage|p1a: Slowking|48\/100\n|-status|p1a: Slowking|frz\n|\n|-weather|none\n|-heal|p1a: Slowking|54\/100 frz|[from] item: Leftovers\n|upkeep\n|turn|15\n|-message|Coffee falk forfeited.\n|\n|win|qazserfvgyujnko\n|raw|Coffee falk's rating: 1252 &rarr; <strong>1226<\/strong><br \/>(-26 for losing)\n|raw|qazserfvgyujnko's rating: 1234 &rarr; <strong>1260<\/strong><br \/>(+26 for winning)\n|l|\u2606Coffee falk\n","uploadtime":1700988424,"views":1,"p1id":"coffeefalk","p2id":"qazserfvgyujnko","formatid":"gen9nationaldex","rating":1226,"private":0,"password":""}