{"id":"gen9nationaldex-1996699238","p1":"LimeyAce","p2":"metalixsans","format":"[Gen 9] National Dex","log":"|html|<div class=\"broadcast-blue\"><strong>[Gen 9] National Dex is currently suspecting Sneasler! For information on how to participate check out the <a href=\"https:\/\/www.smogon.com\/forums\/threads\/sv-national-dex-suspect-8-just-dance.3731534\/\">suspect thread<\/a>.<\/strong><\/div>\n|j|\u2606LimeyAce\n|j|\u2606metalixsans\n|t:|1700711329\n|gametype|singles\n|player|p1|LimeyAce|iris|\n|player|p2|metalixsans|266|\n|teamsize|p1|6\n|teamsize|p2|6\n|gen|9\n|tier|[Gen 9] National Dex\n|rule|HP Percentage Mod: HP is shown in percentages\n|rule|Endless Battle Clause: Forcing endless battles is banned\n|rule|OHKO Clause: OHKO moves are banned\n|rule|Evasion Clause: Evasion abilities, items, and moves are banned\n|rule|Evasion Abilities Clause: Evasion abilities are banned\n|rule|Evasion Items Clause: Evasion items are banned\n|rule|Evasion Moves Clause: Evasion moves are banned\n|rule|Species Clause: Limit one of each Pok\u00e9mon\n|rule|Sleep Clause Mod: Limit one foe put to sleep\n|clearpoke\n|poke|p1|Galvantula, F|\n|poke|p1|Slurpuff, F|\n|poke|p1|Skeledirge, M|\n|poke|p1|Feraligatr, M|\n|poke|p1|Great Tusk|\n|poke|p1|Meowscarada, F|\n|poke|p2|Maushold-Four|\n|poke|p2|Drampa, F|\n|poke|p2|Clawitzer, M|\n|poke|p2|Shuckle, M|\n|poke|p2|Iron Hands|\n|poke|p2|Beedrill, F|\n|teampreview\n|\n|t:|1700711361\n|start\n|switch|p1a: Slurpie|Slurpuff, F|100\/100\n|switch|p2a: Maushold|Maushold-Four, shiny|100\/100\n|turn|1\n|j| conkzilla\n|\n|t:|1700711376\n|move|p2a: Maushold|Tidy Up|p2a: Maushold\n|-boost|p2a: Maushold|atk|1\n|-boost|p2a: Maushold|spe|1\n|move|p1a: Slurpie|Sticky Web|p2a: Maushold\n|-sidestart|p2: metalixsans|move: Sticky Web\n|\n|upkeep\n|turn|2\n|\n|t:|1700711383\n|-terastallize|p2a: Maushold|Ghost\n|move|p2a: Maushold|Tidy Up|p2a: Maushold\n|-sideend|p2: metalixsans|Sticky Web\n|-activate|p2a: Maushold|move: Tidy Up\n|-boost|p2a: Maushold|atk|1\n|-boost|p2a: Maushold|spe|1\n|move|p1a: Slurpie|Covet|p2a: Maushold\n|-immune|p2a: Maushold\n|\n|upkeep\n|turn|3\n|\n|t:|1700711393\n|switch|p1a: Jalape\u00f1o|Skeledirge, M|100\/100\n|move|p2a: Maushold|Encore||[still]\n|-fail|p2a: Maushold\n|\n|upkeep\n|turn|4\n|\n|t:|1700711402\n|move|p2a: Maushold|Crunch|p1a: Jalape\u00f1o\n|-supereffective|p1a: Jalape\u00f1o\n|-damage|p1a: Jalape\u00f1o|65\/100\n|move|p1a: Jalape\u00f1o|Will-O-Wisp|p2a: Maushold\n|-status|p2a: Maushold|brn\n|\n|-heal|p1a: Jalape\u00f1o|71\/100|[from] item: Leftovers\n|-damage|p2a: Maushold|94\/100 brn|[from] brn\n|upkeep\n|turn|5\n|\n|t:|1700711415\n|move|p2a: Maushold|Encore|p1a: Jalape\u00f1o\n|-start|p1a: Jalape\u00f1o|Encore\n|move|p1a: Jalape\u00f1o|Will-O-Wisp|p2a: Maushold\n|-fail|p2a: Maushold|brn\n|\n|-heal|p1a: Jalape\u00f1o|77\/100|[from] item: Leftovers\n|-damage|p2a: Maushold|88\/100 brn|[from] brn\n|upkeep\n|turn|6\n|\n|t:|1700711423\n|switch|p1a: Slurpie|Slurpuff, F|100\/100\n|move|p2a: Maushold|Tidy Up|p2a: Maushold\n|-boost|p2a: Maushold|atk|1\n|-boost|p2a: Maushold|spe|1\n|\n|-damage|p2a: Maushold|82\/100 brn|[from] brn\n|upkeep\n|turn|7\n|\n|t:|1700711428\n|switch|p1a: Jalape\u00f1o|Skeledirge, M|77\/100\n|move|p2a: Maushold|Population Bomb|p1a: Jalape\u00f1o\n|-immune|p1a: Jalape\u00f1o\n|\n|-heal|p1a: Jalape\u00f1o|83\/100|[from] item: Leftovers\n|-damage|p2a: Maushold|76\/100 brn|[from] brn\n|upkeep\n|turn|8\n|\n|t:|1700711435\n|move|p2a: Maushold|Crunch|p1a: Jalape\u00f1o\n|-supereffective|p1a: Jalape\u00f1o\n|-damage|p1a: Jalape\u00f1o|64\/100\n|-unboost|p1a: Jalape\u00f1o|def|1\n|move|p1a: Jalape\u00f1o|Hex|p2a: Maushold\n|-supereffective|p2a: Maushold\n|-damage|p2a: Maushold|0 fnt\n|faint|p2a: Maushold\n|\n|-heal|p1a: Jalape\u00f1o|70\/100|[from] item: Leftovers\n|upkeep\n|\n|t:|1700711448\n|switch|p2a: Beedrill|Beedrill, F, shiny|100\/100\n|turn|9\n|\n|t:|1700711456\n|switch|p1a: Barbarian|Great Tusk|100\/100\n|detailschange|p2a: Beedrill|Beedrill-Mega, F, shiny\n|-mega|p2a: Beedrill|Beedrill|Beedrillite\n|move|p2a: Beedrill|Drill Run|p1a: Barbarian\n|-damage|p1a: Barbarian|78\/100\n|\n|upkeep\n|turn|10\n|\n|t:|1700711469\n|switch|p2a: Shuckle|Shuckle, M|100\/100\n|move|p1a: Barbarian|Earthquake|p2a: Shuckle\n|-damage|p2a: Shuckle|71\/100\n|\n|upkeep\n|turn|11\n|\n|t:|1700711472\n|-end|p1a: Barbarian|Protosynthesis|[silent]\n|switch|p1a: Slurpie|Slurpuff, F|100\/100\n|move|p2a: Shuckle|Toxic|p1a: Slurpie\n|-status|p1a: Slurpie|tox\n|\n|-damage|p1a: Slurpie|95\/100 tox|[from] psn\n|upkeep\n|turn|12\n|\n|t:|1700711480\n|move|p1a: Slurpie|Sticky Web|p2a: Shuckle\n|-sidestart|p2: metalixsans|move: Sticky Web\n|move|p2a: Shuckle|Sticky Web|p1a: Slurpie\n|-sidestart|p1: LimeyAce|move: Sticky Web\n|\n|-damage|p1a: Slurpie|83\/100 tox|[from] psn\n|upkeep\n|turn|13\n|\n|t:|1700711486\n|move|p1a: Slurpie|Covet|p2a: Shuckle\n|-resisted|p2a: Shuckle\n|-damage|p2a: Shuckle|67\/100\n|-item|p1a: Slurpie|Sitrus Berry|[from] move: Covet|[of] p2a: Shuckle\n|move|p2a: Shuckle|Gyro Ball|p1a: Slurpie\n|-supereffective|p1a: Slurpie\n|-damage|p1a: Slurpie|67\/100 tox\n|\n|-damage|p1a: Slurpie|49\/100 tox|[from] psn\n|upkeep\n|-enditem|p1a: Slurpie|Sitrus Berry|[eat]\n|-heal|p1a: Slurpie|74\/100 tox|[from] item: Sitrus Berry\n|turn|14\n|\n|t:|1700711500\n|move|p1a: Slurpie|Dazzling Gleam|p2a: Shuckle\n|-damage|p2a: Shuckle|53\/100\n|move|p2a: Shuckle|Gyro Ball|p1a: Slurpie\n|-supereffective|p1a: Slurpie\n|-damage|p1a: Slurpie|57\/100 tox\n|\n|-damage|p1a: Slurpie|33\/100 tox|[from] psn\n|upkeep\n|turn|15\n|\n|t:|1700711506\n|move|p1a: Slurpie|Dazzling Gleam|p2a: Shuckle\n|-damage|p2a: Shuckle|37\/100\n|move|p2a: Shuckle|Stealth Rock|p1a: Slurpie\n|-sidestart|p1: LimeyAce|move: Stealth Rock\n|\n|-damage|p1a: Slurpie|3\/100 tox|[from] psn\n|upkeep\n|turn|16\n|\n|t:|1700711512\n|move|p1a: Slurpie|Dazzling Gleam|p2a: Shuckle\n|-damage|p2a: Shuckle|21\/100\n|move|p2a: Shuckle|Gyro Ball|p1a: Slurpie\n|-supereffective|p1a: Slurpie\n|-damage|p1a: Slurpie|0 fnt\n|faint|p1a: Slurpie\n|\n|upkeep\n|\n|t:|1700711518\n|switch|p1a: Barbarian|Great Tusk|78\/100\n|-activate|p1a: Barbarian|move: Sticky Web\n|-unboost|p1a: Barbarian|spe|1\n|-damage|p1a: Barbarian|75\/100|[from] Stealth Rock\n|turn|17\n|\n|t:|1700711528\n|move|p1a: Barbarian|Rapid Spin|p2a: Shuckle\n|-resisted|p2a: Shuckle\n|-damage|p2a: Shuckle|16\/100\n|-boost|p1a: Barbarian|spe|1\n|-sideend|p1: LimeyAce|Stealth Rock|[from] move: Rapid Spin|[of] p1a: Barbarian\n|-sideend|p1: LimeyAce|Sticky Web|[from] move: Rapid Spin|[of] p1a: Barbarian\n|move|p2a: Shuckle|Sticky Web|p1a: Barbarian\n|-sidestart|p1: LimeyAce|move: Sticky Web\n|\n|upkeep\n|turn|18\n|\n|t:|1700711545\n|move|p1a: Barbarian|Rapid Spin|p2a: Shuckle\n|-resisted|p2a: Shuckle\n|-damage|p2a: Shuckle|10\/100\n|-boost|p1a: Barbarian|spe|1\n|-sideend|p1: LimeyAce|Sticky Web|[from] move: Rapid Spin|[of] p1a: Barbarian\n|move|p2a: Shuckle|Sticky Web|p1a: Barbarian\n|-sidestart|p1: LimeyAce|move: Sticky Web\n|\n|upkeep\n|turn|19\n|\n|t:|1700711549\n|move|p1a: Barbarian|Rapid Spin|p2a: Shuckle\n|-resisted|p2a: Shuckle\n|-damage|p2a: Shuckle|5\/100\n|-boost|p1a: Barbarian|spe|1\n|-sideend|p1: LimeyAce|Sticky Web|[from] move: Rapid Spin|[of] p1a: Barbarian\n|move|p2a: Shuckle|Sticky Web|p1a: Barbarian\n|-sidestart|p1: LimeyAce|move: Sticky Web\n|\n|upkeep\n|turn|20\n|\n|t:|1700711552\n|move|p1a: Barbarian|Rapid Spin|p2a: Shuckle\n|-resisted|p2a: Shuckle\n|-damage|p2a: Shuckle|0 fnt\n|-boost|p1a: Barbarian|spe|1\n|-sideend|p1: LimeyAce|Sticky Web|[from] move: Rapid Spin|[of] p1a: Barbarian\n|faint|p2a: Shuckle\n|\n|upkeep\n|\n|t:|1700711566\n|switch|p2a: Clawitzer|Clawitzer, M|100\/100\n|-activate|p2a: Clawitzer|move: Sticky Web\n|-unboost|p2a: Clawitzer|spe|1\n|turn|21\n|\n|t:|1700711586\n|-end|p1a: Barbarian|Protosynthesis|[silent]\n|switch|p1a: Sr Bite|Feraligatr, M|100\/100\n|move|p2a: Clawitzer|Scald|p1a: Sr Bite\n|-resisted|p1a: Sr Bite\n|-damage|p1a: Sr Bite|62\/100\n|\n|upkeep\n|turn|22\n|\n|t:|1700711597\n|move|p1a: Sr Bite|Liquidation|p2a: Clawitzer\n|-resisted|p2a: Clawitzer\n|-damage|p2a: Clawitzer|68\/100\n|move|p2a: Clawitzer|Scald|p1a: Sr Bite\n|-resisted|p1a: Sr Bite\n|-damage|p1a: Sr Bite|19\/100\n|-status|p1a: Sr Bite|brn\n|\n|-damage|p1a: Sr Bite|13\/100 brn|[from] brn\n|upkeep\n|turn|23\n|\n|t:|1700711605\n|move|p1a: Sr Bite|Liquidation|p2a: Clawitzer\n|-resisted|p2a: Clawitzer\n|-damage|p2a: Clawitzer|51\/100\n|move|p2a: Clawitzer|Scald|p1a: Sr Bite\n|-resisted|p1a: Sr Bite\n|-damage|p1a: Sr Bite|0 fnt\n|faint|p1a: Sr Bite\n|\n|upkeep\n|\n|t:|1700711612\n|switch|p1a: Joltz|Galvantula, F|100\/100\n|turn|24\n|\n|t:|1700711623\n|switch|p2a: Drampa|Drampa, F, shiny|100\/100\n|-activate|p2a: Drampa|move: Sticky Web\n|-unboost|p2a: Drampa|spe|1\n|move|p1a: Joltz|Volt Switch|p2a: Drampa\n|-resisted|p2a: Drampa\n|-damage|p2a: Drampa|79\/100\n|\n|t:|1700711628\n|switch|p1a: Barbarian|Great Tusk|75\/100|[from] Volt Switch\n|\n|upkeep\n|turn|25\n|\n|t:|1700711637\n|move|p1a: Barbarian|Close Combat|p2a: Drampa\n|-supereffective|p2a: Drampa\n|-damage|p2a: Drampa|0 fnt\n|-unboost|p1a: Barbarian|def|1\n|-unboost|p1a: Barbarian|spd|1\n|faint|p2a: Drampa\n|\n|upkeep\n|\n|t:|1700711645\n|switch|p2a: Iron Hands|Iron Hands|100\/100\n|-activate|p2a: Iron Hands|move: Sticky Web\n|-unboost|p2a: Iron Hands|spe|1\n|-enditem|p2a: Iron Hands|Booster Energy\n|-activate|p2a: Iron Hands|ability: Quark Drive|[fromitem]\n|-start|p2a: Iron Hands|quarkdriveatk\n|turn|26\n|\n|t:|1700711655\n|move|p2a: Iron Hands|Fake Out|p1a: Barbarian\n|-damage|p1a: Barbarian|54\/100\n|cant|p1a: Barbarian|flinch\n|\n|upkeep\n|turn|27\n|\n|t:|1700711661\n|move|p1a: Barbarian|Earthquake|p2a: Iron Hands\n|-supereffective|p2a: Iron Hands\n|-damage|p2a: Iron Hands|26\/100\n|move|p2a: Iron Hands|Drain Punch|p1a: Barbarian\n|-damage|p1a: Barbarian|0 fnt\n|-heal|p2a: Iron Hands|49\/100|[from] drain|[of] p1a: Barbarian\n|faint|p1a: Barbarian\n|-end|p1a: Barbarian|Protosynthesis|[silent]\n|\n|upkeep\n|\n|t:|1700711675\n|switch|p1a: Joltz|Galvantula, F|100\/100\n|turn|28\n|\n|t:|1700711678\n|move|p1a: Joltz|Thunder|p2a: Iron Hands\n|-resisted|p2a: Iron Hands\n|-damage|p2a: Iron Hands|17\/100\n|move|p2a: Iron Hands|Rock Slide|p1a: Joltz\n|-supereffective|p1a: Joltz\n|-damage|p1a: Joltz|0 fnt\n|faint|p1a: Joltz\n|\n|upkeep\n|\n|t:|1700711686\n|switch|p1a: Netty|Meowscarada, F|100\/100\n|turn|29\n|\n|t:|1700711694\n|move|p1a: Netty|Flower Trick|p2a: Iron Hands\n|-start|p1a: Netty|typechange|Grass|[from] ability: Protean\n|-crit|p2a: Iron Hands\n|-damage|p2a: Iron Hands|0 fnt\n|faint|p2a: Iron Hands\n|-end|p2a: Iron Hands|Quark Drive|[silent]\n|\n|upkeep\n|\n|t:|1700711700\n|switch|p2a: Beedrill|Beedrill-Mega, F, shiny|100\/100\n|-activate|p2a: Beedrill|move: Sticky Web\n|-unboost|p2a: Beedrill|spe|1\n|turn|30\n|\n|t:|1700711714\n|switch|p1a: Jalape\u00f1o|Skeledirge, M|70\/100\n|move|p2a: Beedrill|Poison Jab|p1a: Jalape\u00f1o\n|-resisted|p1a: Jalape\u00f1o\n|-damage|p1a: Jalape\u00f1o|42\/100\n|\n|-heal|p1a: Jalape\u00f1o|48\/100|[from] item: Leftovers\n|upkeep\n|turn|31\n|\n|t:|1700711730\n|move|p2a: Beedrill|Drill Run|p1a: Jalape\u00f1o\n|-supereffective|p1a: Jalape\u00f1o\n|-damage|p1a: Jalape\u00f1o|0 fnt\n|faint|p1a: Jalape\u00f1o\n|\n|upkeep\n|\n|t:|1700711732\n|switch|p1a: Netty|Meowscarada, F|100\/100\n|turn|32\n|c|\u2606metalixsans|gg might win\n|\n|t:|1700711759\n|move|p1a: Netty|Sucker Punch|p2a: Beedrill\n|-start|p1a: Netty|typechange|Dark|[from] ability: Protean\n|-damage|p2a: Beedrill|0 fnt\n|faint|p2a: Beedrill\n|\n|upkeep\n|\n|t:|1700711765\n|switch|p2a: Clawitzer|Clawitzer, M|51\/100\n|-activate|p2a: Clawitzer|move: Sticky Web\n|-unboost|p2a: Clawitzer|spe|1\n|turn|33\n|\n|t:|1700711771\n|move|p1a: Netty|Sucker Punch|p2a: Clawitzer\n|-damage|p2a: Clawitzer|0 fnt\n|faint|p2a: Clawitzer\n|\n|win|LimeyAce\n|l|\u2606metalixsans\n","uploadtime":1700711778,"views":3,"p1id":"limeyace","p2id":"metalixsans","formatid":"gen9nationaldex","rating":0,"private":0,"password":""}