{"id":"gen9nationaldex-1996268763","p1":"500years","p2":"76767tt","format":"[Gen 9] National Dex","log":"|html|<div class=\"broadcast-blue\"><strong>[Gen 9] National Dex is currently suspecting Sneasler! For information on how to participate check out the <a href=\"https:\/\/www.smogon.com\/forums\/threads\/sv-national-dex-suspect-8-just-dance.3731534\/\">suspect thread<\/a>.<\/strong><\/div>\n|j|\u203d500years\n|j|\u260676767tt\n|t:|1700665874\n|gametype|singles\n|player|p1|500years|1|1326\n|player|p2|76767tt|170|1263\n|teamsize|p1|6\n|teamsize|p2|6\n|gen|9\n|tier|[Gen 9] National Dex\n|rated|\n|rule|HP Percentage Mod: HP is shown in percentages\n|rule|Endless Battle Clause: Forcing endless battles is banned\n|rule|OHKO Clause: OHKO moves are banned\n|rule|Evasion Clause: Evasion abilities, items, and moves are banned\n|rule|Evasion Abilities Clause: Evasion abilities are banned\n|rule|Evasion Items Clause: Evasion items are banned\n|rule|Evasion Moves Clause: Evasion moves are banned\n|rule|Species Clause: Limit one of each Pok\u00e9mon\n|rule|Sleep Clause Mod: Limit one foe put to sleep\n|clearpoke\n|poke|p1|Alomomola, F|\n|poke|p1|Breloom, M|\n|poke|p1|Aegislash, M|\n|poke|p1|Rotom-Heat|\n|poke|p1|Enamorus, F|\n|poke|p1|Tyranitar, M|\n|poke|p2|Togekiss, M|\n|poke|p2|Toxapex, M|\n|poke|p2|Gliscor, F|\n|poke|p2|Volcarona, M|\n|poke|p2|Aggron, M|\n|poke|p2|Samurott-Hisui, F|\n|teampreview\n|\n|t:|1700665882\n|start\n|switch|p1a: Tyranitar|Tyranitar, M|100\/100\n|switch|p2a: Samurott|Samurott-Hisui, F|100\/100\n|-weather|Sandstorm|[from] ability: Sand Stream|[of] p1a: Tyranitar\n|turn|1\n|\n|t:|1700665892\n|detailschange|p1a: Tyranitar|Tyranitar-Mega, M\n|-mega|p1a: Tyranitar|Tyranitar|Tyranitarite\n|move|p1a: Tyranitar|Dragon Dance|p1a: Tyranitar\n|-boost|p1a: Tyranitar|atk|1\n|-boost|p1a: Tyranitar|spe|1\n|move|p2a: Samurott|Razor Shell|p1a: Tyranitar\n|-supereffective|p1a: Tyranitar\n|-damage|p1a: Tyranitar|0 fnt\n|faint|p1a: Tyranitar\n|\n|-weather|Sandstorm|[upkeep]\n|-damage|p2a: Samurott|94\/100|[from] Sandstorm\n|upkeep\n|\n|t:|1700665896\n|switch|p1a: Enamorus|Enamorus, F|100\/100\n|turn|2\n|\n|t:|1700665914\n|switch|p2a: Togekiss|Togekiss, M|100\/100\n|move|p1a: Enamorus|Moonblast|p2a: Togekiss\n|-damage|p2a: Togekiss|41\/100\n|-unboost|p2a: Togekiss|spa|1\n|\n|-weather|Sandstorm|[upkeep]\n|-damage|p1a: Enamorus|94\/100|[from] Sandstorm\n|-damage|p2a: Togekiss|35\/100|[from] Sandstorm\n|upkeep\n|turn|3\n|\n|t:|1700665925\n|-terastallize|p2a: Togekiss|Steel\n|move|p1a: Enamorus|Moonblast|p2a: Togekiss\n|-resisted|p2a: Togekiss\n|-damage|p2a: Togekiss|2\/100\n|-unboost|p2a: Togekiss|spa|1\n|move|p2a: Togekiss|Thunder Wave|p1a: Enamorus\n|-status|p1a: Enamorus|par\n|\n|-weather|Sandstorm|[upkeep]\n|-damage|p1a: Enamorus|88\/100 par|[from] Sandstorm\n|upkeep\n|turn|4\n|\n|t:|1700665935\n|move|p2a: Togekiss|Roost|p2a: Togekiss\n|-heal|p2a: Togekiss|52\/100\n|cant|p1a: Enamorus|par\n|\n|-weather|Sandstorm|[upkeep]\n|-damage|p1a: Enamorus|82\/100 par|[from] Sandstorm\n|upkeep\n|turn|5\n|\n|t:|1700665943\n|switch|p1a: Rotom|Rotom-Heat|100\/100\n|move|p2a: Togekiss|Roost|p2a: Togekiss\n|-heal|p2a: Togekiss|100\/100\n|\n|-weather|none\n|upkeep\n|turn|6\n|\n|t:|1700665954\n|switch|p2a: Gliscor|Gliscor, F|100\/100\n|move|p1a: Rotom|Overheat|p2a: Gliscor\n|-damage|p2a: Gliscor|27\/100\n|-unboost|p1a: Rotom|spa|2\n|\n|-status|p2a: Gliscor|tox|[from] item: Toxic Orb\n|upkeep\n|turn|7\n|\n|t:|1700665980\n|switch|p2a: Toxapex|Toxapex, M|100\/100\n|move|p1a: Rotom|Overheat|p2a: Toxapex\n|-resisted|p2a: Toxapex\n|-damage|p2a: Toxapex|91\/100\n|-unboost|p1a: Rotom|spa|2\n|\n|upkeep\n|turn|8\n|\n|t:|1700665993\n|switch|p1a: Enamorus|Enamorus, F|82\/100 par\n|move|p2a: Toxapex|Knock Off|p1a: Enamorus\n|-resisted|p1a: Enamorus\n|-damage|p1a: Enamorus|70\/100 par\n|-start|p2a: Toxapex|Attract|[from] ability: Cute Charm|[of] p1a: Enamorus\n|-enditem|p1a: Enamorus|Choice Specs|[from] move: Knock Off|[of] p2a: Toxapex\n|\n|upkeep\n|turn|9\n|\n|t:|1700666005\n|switch|p2a: Togekiss|Togekiss, M, tera:Steel|100\/100\n|cant|p1a: Enamorus|par\n|\n|upkeep\n|turn|10\n|\n|t:|1700666012\n|move|p2a: Togekiss|Substitute|p2a: Togekiss\n|-start|p2a: Togekiss|Substitute\n|-damage|p2a: Togekiss|76\/100\n|move|p1a: Enamorus|Earth Power|p2a: Togekiss\n|-supereffective|p2a: Togekiss\n|-end|p2a: Togekiss|Substitute\n|\n|upkeep\n|turn|11\n|\n|t:|1700666020\n|move|p2a: Togekiss|Substitute|p2a: Togekiss\n|-start|p2a: Togekiss|Substitute\n|-damage|p2a: Togekiss|51\/100\n|move|p1a: Enamorus|Mystical Fire|p2a: Togekiss\n|-supereffective|p2a: Togekiss\n|-end|p2a: Togekiss|Substitute\n|\n|upkeep\n|turn|12\n|\n|t:|1700666026\n|move|p2a: Togekiss|Substitute|p2a: Togekiss\n|-start|p2a: Togekiss|Substitute\n|-damage|p2a: Togekiss|26\/100\n|move|p1a: Enamorus|Earth Power|p2a: Togekiss\n|-supereffective|p2a: Togekiss\n|-end|p2a: Togekiss|Substitute\n|\n|upkeep\n|turn|13\n|\n|t:|1700666043\n|move|p2a: Togekiss|Substitute|p2a: Togekiss\n|-start|p2a: Togekiss|Substitute\n|-damage|p2a: Togekiss|1\/100\n|move|p1a: Enamorus|Mystical Fire|p2a: Togekiss\n|-supereffective|p2a: Togekiss\n|-end|p2a: Togekiss|Substitute\n|\n|upkeep\n|turn|14\n|\n|t:|1700666054\n|move|p2a: Togekiss|Roost|p2a: Togekiss\n|-heal|p2a: Togekiss|51\/100\n|move|p1a: Enamorus|Earth Power|p2a: Togekiss\n|-supereffective|p2a: Togekiss\n|-damage|p2a: Togekiss|0 fnt\n|faint|p2a: Togekiss\n|\n|upkeep\n|\n|t:|1700666064\n|switch|p2a: Volcarona|Volcarona, M|100\/100\n|turn|15\n|\n|t:|1700666079\n|move|p2a: Volcarona|Quiver Dance|p2a: Volcarona\n|-boost|p2a: Volcarona|spa|1\n|-boost|p2a: Volcarona|spd|1\n|-boost|p2a: Volcarona|spe|1\n|cant|p1a: Enamorus|par\n|\n|upkeep\n|turn|16\n|l|\u203d500years\n|player|p1|\n|inactive|Battle timer is ON: inactive players will automatically lose when time's up. (requested by 76767tt)\n|j|\u203d500years\n|inactive|500years reconnected and has 140 seconds left.\n|player|p1|500years|1\n|n|\u203d500years|500years\n|\n|t:|1700666145\n|move|p2a: Volcarona|Quiver Dance|p2a: Volcarona\n|-boost|p2a: Volcarona|spa|1\n|-boost|p2a: Volcarona|spd|1\n|-boost|p2a: Volcarona|spe|1\n|cant|p1a: Enamorus|par\n|\n|upkeep\n|turn|17\n|\n|t:|1700666152\n|move|p2a: Volcarona|Quiver Dance|p2a: Volcarona\n|-boost|p2a: Volcarona|spa|1\n|-boost|p2a: Volcarona|spd|1\n|-boost|p2a: Volcarona|spe|1\n|move|p1a: Enamorus|Earth Power|p2a: Volcarona\n|-damage|p2a: Volcarona|88\/100\n|-unboost|p2a: Volcarona|spd|1\n|\n|upkeep\n|turn|18\n|\n|t:|1700666172\n|move|p2a: Volcarona|Quiver Dance|p2a: Volcarona\n|-boost|p2a: Volcarona|spa|1\n|-boost|p2a: Volcarona|spd|1\n|-boost|p2a: Volcarona|spe|1\n|move|p1a: Enamorus|Earth Power|p2a: Volcarona\n|-damage|p2a: Volcarona|74\/100\n|\n|upkeep\n|turn|19\n|\n|t:|1700666183\n|move|p2a: Volcarona|Fiery Dance|p1a: Enamorus\n|-damage|p1a: Enamorus|0 fnt\n|-boost|p2a: Volcarona|spa|1\n|faint|p1a: Enamorus\n|-damage|p2a: Volcarona|64\/100|[from] item: Life Orb\n|\n|upkeep\n|\n|t:|1700666187\n|switch|p1a: Breloom|Breloom, M|100\/100\n|turn|20\n|\n|t:|1700666196\n|move|p2a: Volcarona|Bug Buzz|p1a: Breloom\n|-enditem|p1a: Breloom|Focus Sash\n|-damage|p1a: Breloom|1\/100\n|-damage|p2a: Volcarona|54\/100|[from] item: Life Orb\n|move|p1a: Breloom|Spore|p2a: Volcarona\n|-status|p2a: Volcarona|slp|[from] move: Spore\n|\n|upkeep\n|turn|21\n|\n|t:|1700666213\n|switch|p2a: Toxapex|Toxapex, M|100\/100\n|switch|p1a: Alomomola|Alomomola, F, shiny|100\/100\n|\n|upkeep\n|turn|22\n|\n|t:|1700666235\n|move|p1a: Alomomola|Wish|p1a: Alomomola\n|move|p2a: Toxapex|Toxic Spikes|p1a: Alomomola\n|-sidestart|p1: 500years|move: Toxic Spikes\n|\n|upkeep\n|turn|23\n|\n|t:|1700666241\n|move|p1a: Alomomola|Flip Turn|p2a: Toxapex\n|-resisted|p2a: Toxapex\n|-damage|p2a: Toxapex|96\/100\n|-damage|p1a: Alomomola|84\/100|[from] item: Rocky Helmet|[of] p2a: Toxapex\n|\n|t:|1700666244\n|switch|p1a: Rotom|Rotom-Heat|100\/100|[from] Flip Turn\n|move|p2a: Toxapex|Knock Off|p1a: Rotom\n|-damage|p1a: Rotom|83\/100\n|-enditem|p1a: Rotom|Heavy-Duty Boots|[from] move: Knock Off|[of] p2a: Toxapex\n|\n|-heal|p1a: Rotom|100\/100|[from] move: Wish|[wisher] Alomomola\n|upkeep\n|turn|24\n|\n|t:|1700666254\n|switch|p2a: Gliscor|Gliscor, F|27\/100 tox\n|move|p1a: Rotom|Defog|p2a: Gliscor\n|-unboost|p2a: Gliscor|evasion|1\n|-sideend|p1: 500years|Toxic Spikes|[from] move: Defog|[of] p1a: Rotom\n|\n|-heal|p2a: Gliscor|39\/100 tox|[from] ability: Poison Heal\n|upkeep\n|turn|25\n|\n|t:|1700666270\n|move|p2a: Gliscor|Stone Edge|p1a: Rotom|[miss]\n|-miss|p2a: Gliscor|p1a: Rotom\n|move|p1a: Rotom|Overheat|p2a: Gliscor\n|-damage|p2a: Gliscor|0 fnt\n|-unboost|p1a: Rotom|spa|2\n|faint|p2a: Gliscor\n|\n|upkeep\n|\n|t:|1700666286\n|switch|p2a: Samurott|Samurott-Hisui, F|94\/100\n|turn|26\n|\n|t:|1700666290\n|switch|p1a: Alomomola|Alomomola, F, shiny|100\/100\n|move|p2a: Samurott|Ceaseless Edge|p1a: Alomomola\n|-damage|p1a: Alomomola|58\/100\n|-damage|p2a: Samurott|78\/100|[from] item: Rocky Helmet|[of] p1a: Alomomola\n|-sidestart|p1: 500years|Spikes\n|\n|upkeep\n|turn|27\n|\n|t:|1700666305\n|move|p2a: Samurott|Ceaseless Edge|p1a: Alomomola\n|-damage|p1a: Alomomola|18\/100\n|-damage|p2a: Samurott|61\/100|[from] item: Rocky Helmet|[of] p1a: Alomomola\n|-sidestart|p1: 500years|Spikes\n|move|p1a: Alomomola|Toxic|p2a: Samurott\n|-status|p2a: Samurott|tox\n|\n|-damage|p2a: Samurott|55\/100 tox|[from] psn\n|upkeep\n|turn|28\n|\n|t:|1700666315\n|move|p1a: Alomomola|Protect|p1a: Alomomola\n|-singleturn|p1a: Alomomola|Protect\n|move|p2a: Samurott|Ceaseless Edge|p1a: Alomomola\n|-activate|p1a: Alomomola|move: Protect\n|\n|-damage|p2a: Samurott|43\/100 tox|[from] psn\n|upkeep\n|turn|29\n|\n|t:|1700666343\n|switch|p1a: Aegislash|Aegislash, M|100\/100\n|-damage|p1a: Aegislash|84\/100|[from] Spikes\n|move|p2a: Samurott|Ceaseless Edge|p1a: Aegislash\n|-supereffective|p1a: Aegislash\n|-damage|p1a: Aegislash|0 fnt\n|-sidestart|p1: 500years|Spikes\n|faint|p1a: Aegislash\n|\n|-damage|p2a: Samurott|24\/100 tox|[from] psn\n|upkeep\n|\n|t:|1700666346\n|switch|p1a: Alomomola|Alomomola, F, shiny|51\/100\n|-damage|p1a: Alomomola|26\/100|[from] Spikes\n|turn|30\n|\n|t:|1700666365\n|switch|p2a: Aggron|Aggron, M|100\/100\n|move|p1a: Alomomola|Wish|p1a: Alomomola\n|\n|upkeep\n|turn|31\n|\n|t:|1700666373\n|switch|p1a: Rotom|Rotom-Heat|100\/100\n|detailschange|p2a: Aggron|Aggron-Mega, M\n|-mega|p2a: Aggron|Aggron|Aggronite\n|move|p2a: Aggron|Stealth Rock|p1a: Rotom\n|-sidestart|p1: 500years|move: Stealth Rock\n|\n|upkeep\n|turn|32\n|\n|t:|1700666386\n|switch|p2a: Toxapex|Toxapex, M|100\/100\n|move|p1a: Rotom|Defog|p2a: Toxapex\n|-unboost|p2a: Toxapex|evasion|1\n|-sideend|p1: 500years|Spikes|[from] move: Defog|[of] p1a: Rotom\n|-sideend|p1: 500years|Stealth Rock|[from] move: Defog|[of] p1a: Rotom\n|\n|upkeep\n|turn|33\n|\n|t:|1700666405\n|move|p1a: Rotom|Volt Switch|p2a: Toxapex\n|-supereffective|p2a: Toxapex\n|-crit|p2a: Toxapex\n|-damage|p2a: Toxapex|35\/100\n|\n|t:|1700666409\n|switch|p1a: Alomomola|Alomomola, F, shiny|59\/100|[from] Volt Switch\n|move|p2a: Toxapex|Knock Off|p1a: Alomomola\n|-damage|p1a: Alomomola|52\/100\n|-damage|p2a: Toxapex|19\/100|[from] item: Rocky Helmet|[of] p1a: Alomomola\n|-enditem|p1a: Alomomola|Rocky Helmet|[from] move: Knock Off|[of] p2a: Toxapex\n|\n|upkeep\n|turn|34\n|\n|t:|1700666433\n|switch|p2a: Aggron|Aggron-Mega, M|100\/100\n|move|p1a: Alomomola|Flip Turn|p2a: Aggron\n|-damage|p2a: Aggron|93\/100\n|\n|t:|1700666439\n|switch|p1a: Rotom|Rotom-Heat|100\/100|[from] Flip Turn\n|\n|upkeep\n|turn|35\n|\n|t:|1700666451\n|switch|p2a: Toxapex|Toxapex, M|52\/100\n|move|p1a: Rotom|Volt Switch|p2a: Toxapex\n|-supereffective|p2a: Toxapex\n|-damage|p2a: Toxapex|13\/100\n|\n|t:|1700666457\n|switch|p1a: Breloom|Breloom, M|1\/100|[from] Volt Switch\n|\n|upkeep\n|turn|36\n|\n|t:|1700666467\n|move|p1a: Breloom|Bullet Seed|p2a: Toxapex\n|-damage|p2a: Toxapex|0 fnt\n|faint|p2a: Toxapex\n|-hitcount|p2: Toxapex|1\n|\n|upkeep\n|\n|t:|1700666474\n|switch|p2a: Aggron|Aggron-Mega, M|93\/100\n|turn|37\n|\n|t:|1700666500\n|switch|p1a: Rotom|Rotom-Heat|100\/100\n|move|p2a: Aggron|Dragon Tail|p1a: Rotom\n|-crit|p1a: Rotom\n|-damage|p1a: Rotom|65\/100\n|drag|p1a: Breloom|Breloom, M|1\/100\n|\n|upkeep\n|turn|38\n|inactive|500years has 120 seconds left.\n|\n|t:|1700666523\n|move|p1a: Breloom|Mach Punch|p2a: Aggron\n|-supereffective|p2a: Aggron\n|-damage|p2a: Aggron|70\/100\n|move|p2a: Aggron|Stealth Rock|p1a: Breloom\n|-sidestart|p1: 500years|move: Stealth Rock\n|\n|upkeep\n|turn|39\n|inactive|500years has 120 seconds left.\n|\n|t:|1700666531\n|move|p1a: Breloom|Mach Punch|p2a: Aggron\n|-supereffective|p2a: Aggron\n|-damage|p2a: Aggron|48\/100\n|move|p2a: Aggron|Dragon Tail|p1a: Breloom\n|-damage|p1a: Breloom|0 fnt\n|faint|p1a: Breloom\n|\n|upkeep\n|inactive|500years has 120 seconds left.\n|\n|t:|1700666536\n|switch|p1a: Rotom|Rotom-Heat|65\/100\n|-damage|p1a: Rotom|40\/100|[from] Stealth Rock\n|turn|40\n|inactive|500years has 120 seconds left.\n|inactive|76767tt has 120 seconds left.\n|\n|t:|1700666567\n|move|p1a: Rotom|Overheat|p2a: Aggron\n|-supereffective|p2a: Aggron\n|-damage|p2a: Aggron|0 fnt\n|-unboost|p1a: Rotom|spa|2\n|faint|p2a: Aggron\n|\n|upkeep\n|inactive|76767tt has 120 seconds left.\n|\n|t:|1700666573\n|switch|p2a: Volcarona|Volcarona, M|54\/100 slp\n|turn|41\n|\n|t:|1700666579\n|cant|p2a: Volcarona|slp\n|move|p1a: Rotom|Volt Switch|p2a: Volcarona\n|-damage|p2a: Volcarona|39\/100 slp\n|\n|t:|1700666584\n|switch|p1a: Alomomola|Alomomola, F, shiny|85\/100|[from] Volt Switch\n|-damage|p1a: Alomomola|73\/100|[from] Stealth Rock\n|\n|upkeep\n|turn|42\n|\n|t:|1700666590\n|cant|p2a: Volcarona|slp\n|move|p1a: Alomomola|Flip Turn|p2a: Volcarona\n|-supereffective|p2a: Volcarona\n|-damage|p2a: Volcarona|0 fnt\n|-status|p1a: Alomomola|brn|[from] ability: Flame Body|[of] p2a: Volcarona\n|faint|p2a: Volcarona\n|\n|t:|1700666595\n|switch|p1a: Rotom|Rotom-Heat|40\/100|[from] Flip Turn\n|-damage|p1a: Rotom|15\/100|[from] Stealth Rock\n|\n|upkeep\n|\n|t:|1700666601\n|switch|p2a: Samurott|Samurott-Hisui, F|24\/100 tox\n|turn|43\n|\n|t:|1700666607\n|move|p2a: Samurott|Sucker Punch|p1a: Rotom\n|-damage|p1a: Rotom|0 fnt\n|faint|p1a: Rotom\n|\n|-damage|p2a: Samurott|18\/100 tox|[from] psn\n|upkeep\n|\n|t:|1700666610\n|switch|p1a: Alomomola|Alomomola, F, shiny|100\/100 brn\n|-damage|p1a: Alomomola|88\/100 brn|[from] Stealth Rock\n|turn|44\n|\n|t:|1700666617\n|move|p1a: Alomomola|Protect|p1a: Alomomola\n|-singleturn|p1a: Alomomola|Protect\n|move|p2a: Samurott|Sucker Punch||[still]\n|-fail|p2a: Samurott\n|\n|-damage|p2a: Samurott|5\/100 tox|[from] psn\n|-damage|p1a: Alomomola|82\/100 brn|[from] brn\n|upkeep\n|turn|45\n|-message|76767tt forfeited.\n|\n|win|500years\n|raw|500years's rating: 1326 &rarr; <strong>1342<\/strong><br \/>(+16 for winning)\n|raw|76767tt's rating: 1263 &rarr; <strong>1242<\/strong><br \/>(-21 for losing)\n|l|\u260676767tt\n","uploadtime":1700666655,"views":1,"p1id":"500years","p2id":"76767tt","formatid":"gen9nationaldex","rating":1242,"private":0,"password":""}