{"id":"gen9nationaldex-1999567536","p1":"hutaodayo~","p2":"Catnavi","format":"[Gen 9] National Dex","log":"|html|<div class=\"broadcast-blue\"><strong>[Gen 9] National Dex is currently suspecting Sneasler! For information on how to participate check out the <a href=\"https:\/\/www.smogon.com\/forums\/threads\/sv-national-dex-suspect-8-just-dance.3731534\/\">suspect thread<\/a>.<\/strong><\/div>\n|j|\u2606hutaodayo~\n|j|\u2606Catnavi\n|t:|1701096915\n|gametype|singles\n|player|p1|hutaodayo~|mira|1333\n|player|p2|Catnavi|erika|1449\n|teamsize|p1|6\n|teamsize|p2|6\n|gen|9\n|tier|[Gen 9] National Dex\n|rated|\n|rule|HP Percentage Mod: HP is shown in percentages\n|rule|Endless Battle Clause: Forcing endless battles is banned\n|rule|OHKO Clause: OHKO moves are banned\n|rule|Evasion Clause: Evasion abilities, items, and moves are banned\n|rule|Evasion Abilities Clause: Evasion abilities are banned\n|rule|Evasion Items Clause: Evasion items are banned\n|rule|Evasion Moves Clause: Evasion moves are banned\n|rule|Species Clause: Limit one of each Pok\u00e9mon\n|rule|Sleep Clause Mod: Limit one foe put to sleep\n|clearpoke\n|poke|p1|Slither Wing|\n|poke|p1|Torkoal, M|\n|poke|p1|Houndoom, F|\n|poke|p1|Gastrodon, M|\n|poke|p1|Heatran, M|\n|poke|p1|Cinderace, M|\n|poke|p2|Clawitzer, F|\n|poke|p2|Tapu Koko|\n|poke|p2|Thundurus, M|\n|poke|p2|Garchomp, M|\n|poke|p2|Scizor, M|\n|poke|p2|Iron Valiant|\n|teampreview\n|l|\u2606hutaodayo~\n|player|p1|\n|inactive|Battle timer is ON: inactive players will automatically lose when time's up. (requested by Catnavi)\n|inactive|hutaodayo~ has 30 seconds to reconnect!\n|j|\u2606hutaodayo~\n|inactive|hutaodayo~ reconnected and has 115 seconds left.\n|player|p1|hutaodayo~|mira\n|\n|t:|1701096974\n|start\n|switch|p1a: Torkoal|Torkoal, M, shiny|100\/100\n|switch|p2a: Tapu Koko|Tapu Koko, shiny|100\/100\n|-fieldstart|move: Electric Terrain|[from] ability: Electric Surge|[of] p2a: Tapu Koko\n|-weather|SunnyDay|[from] ability: Drought|[of] p1a: Torkoal\n|turn|1\n|\n|t:|1701096981\n|move|p2a: Tapu Koko|Taunt|p1a: Torkoal\n|-start|p1a: Torkoal|move: Taunt\n|move|p1a: Torkoal|Lava Plume|p2a: Tapu Koko\n|-damage|p2a: Tapu Koko|44\/100\n|\n|-weather|SunnyDay|[upkeep]\n|upkeep\n|turn|2\n|\n|t:|1701096991\n|move|p2a: Tapu Koko|Volt Switch|p1a: Torkoal\n|-damage|p1a: Torkoal|45\/100\n|\n|t:|1701096997\n|switch|p2a: Garchomp|Garchomp, M, shiny|100\/100|[from] Volt Switch\n|move|p1a: Torkoal|Lava Plume|p2a: Garchomp\n|-resisted|p2a: Garchomp\n|-damage|p2a: Garchomp|82\/100\n|\n|-weather|SunnyDay|[upkeep]\n|upkeep\n|turn|3\n|\n|t:|1701097005\n|switch|p1a: Slither Wing|Slither Wing, shiny|100\/100\n|-activate|p1a: Slither Wing|ability: Protosynthesis\n|-start|p1a: Slither Wing|protosynthesisatk\n|move|p2a: Garchomp|Earthquake|p1a: Slither Wing\n|-resisted|p1a: Slither Wing\n|-damage|p1a: Slither Wing|65\/100\n|\n|-weather|SunnyDay|[upkeep]\n|upkeep\n|turn|4\n|\n|t:|1701097015\n|switch|p2a: Scizor|Scizor, M|100\/100\n|move|p1a: Slither Wing|First Impression|p2a: Scizor\n|-resisted|p2a: Scizor\n|-damage|p2a: Scizor|52\/100\n|\n|-weather|SunnyDay|[upkeep]\n|upkeep\n|turn|5\n|\n|t:|1701097023\n|-end|p1a: Slither Wing|Protosynthesis|[silent]\n|switch|p1a: Houndoom|Houndoom, F, shiny|100\/100\n|switch|p2a: Garchomp|Garchomp, M, shiny|82\/100\n|\n|-weather|SunnyDay|[upkeep]\n|upkeep\n|turn|6\n|\n|t:|1701097032\n|switch|p2a: Thundurus|Thundurus, M|100\/100\n|detailschange|p1a: Houndoom|Houndoom-Mega, F, shiny\n|-mega|p1a: Houndoom|Houndoom|Houndoominite\n|move|p1a: Houndoom|Dark Pulse|p2a: Thundurus\n|-damage|p2a: Thundurus|48\/100\n|-enditem|p2a: Thundurus|Eject Button\n|\n|t:|1701097048\n|switch|p2a: Clawitzer|Clawitzer, F|100\/100\n|\n|-weather|SunnyDay|[upkeep]\n|-damage|p1a: Houndoom|88\/100|[from] ability: Solar Power|[of] p1a: Houndoom\n|upkeep\n|turn|7\n|\n|t:|1701097061\n|move|p1a: Houndoom|Solar Beam||[still]\n|-prepare|p1a: Houndoom|Solar Beam\n|-anim|p1a: Houndoom|Solar Beam|p2a: Clawitzer\n|-supereffective|p2a: Clawitzer\n|-damage|p2a: Clawitzer|5\/100\n|move|p2a: Clawitzer|Water Pulse|p1a: Houndoom\n|-supereffective|p1a: Houndoom\n|-damage|p1a: Houndoom|24\/100\n|\n|-weather|SunnyDay|[upkeep]\n|-damage|p1a: Houndoom|11\/100|[from] ability: Solar Power|[of] p1a: Houndoom\n|upkeep\n|turn|8\n|\n|t:|1701097078\n|move|p1a: Houndoom|Flamethrower|p2a: Clawitzer\n|-resisted|p2a: Clawitzer\n|-damage|p2a: Clawitzer|0 fnt\n|faint|p2a: Clawitzer\n|\n|-weather|none\n|-fieldend|move: Electric Terrain\n|upkeep\n|\n|t:|1701097084\n|switch|p2a: Scizor|Scizor, M|52\/100\n|turn|9\n|\n|t:|1701097088\n|switch|p1a: Torkoal|Torkoal, M, shiny|45\/100\n|-weather|SunnyDay|[from] ability: Drought|[of] p1a: Torkoal\n|detailschange|p2a: Scizor|Scizor-Mega, M\n|-mega|p2a: Scizor|Scizor|Scizorite\n|move|p2a: Scizor|Bullet Punch|p1a: Torkoal\n|-resisted|p1a: Torkoal\n|-damage|p1a: Torkoal|35\/100\n|\n|-weather|SunnyDay|[upkeep]\n|upkeep\n|turn|10\n|\n|t:|1701097101\n|switch|p2a: Thundurus|Thundurus, M|48\/100\n|move|p1a: Torkoal|Stealth Rock|p2a: Thundurus\n|-sidestart|p2: Catnavi|move: Stealth Rock\n|\n|-weather|SunnyDay|[upkeep]\n|upkeep\n|turn|11\n|\n|t:|1701097107\n|switch|p1a: Houndoom|Houndoom-Mega, F, shiny|11\/100\n|move|p2a: Thundurus|Defog|p1a: Houndoom\n|-hint|Since gen 7, Dark is immune to Prankster moves.\n|-immune|p1a: Houndoom\n|\n|-weather|SunnyDay|[upkeep]\n|-damage|p1a: Houndoom|0 fnt|[from] ability: Solar Power|[of] p1a: Houndoom\n|faint|p1a: Houndoom\n|upkeep\n|\n|t:|1701097119\n|switch|p1a: Slither Wing|Slither Wing, shiny|65\/100\n|-activate|p1a: Slither Wing|ability: Protosynthesis\n|-start|p1a: Slither Wing|protosynthesisatk\n|turn|12\n|\n|t:|1701097134\n|move|p1a: Slither Wing|First Impression|p2a: Thundurus\n|-resisted|p2a: Thundurus\n|-damage|p2a: Thundurus|0 fnt\n|faint|p2a: Thundurus\n|\n|-weather|SunnyDay|[upkeep]\n|upkeep\n|\n|t:|1701097139\n|switch|p2a: Tapu Koko|Tapu Koko, shiny|44\/100\n|-damage|p2a: Tapu Koko|31\/100|[from] Stealth Rock\n|-fieldstart|move: Electric Terrain|[from] ability: Electric Surge|[of] p2a: Tapu Koko\n|turn|13\n|\n|t:|1701097144\n|-end|p1a: Slither Wing|Protosynthesis|[silent]\n|switch|p1a: Gastrodon|Gastrodon, M, shiny|100\/100\n|move|p2a: Tapu Koko|Volt Switch|p1a: Gastrodon\n|-immune|p1a: Gastrodon\n|\n|-weather|SunnyDay|[upkeep]\n|upkeep\n|turn|14\n|\n|t:|1701097152\n|switch|p2a: Scizor|Scizor-Mega, M|52\/100\n|-damage|p2a: Scizor|39\/100|[from] Stealth Rock\n|move|p1a: Gastrodon|Icy Wind|p2a: Scizor\n|-resisted|p2a: Scizor\n|-damage|p2a: Scizor|33\/100\n|-unboost|p2a: Scizor|spe|1\n|\n|-weather|SunnyDay|[upkeep]\n|upkeep\n|turn|15\n|\n|t:|1701097160\n|switch|p1a: Cinderace|Cinderace, M, shiny|100\/100\n|move|p2a: Scizor|Roost|p2a: Scizor\n|-heal|p2a: Scizor|83\/100\n|-singleturn|p2a: Scizor|move: Roost\n|\n|-weather|SunnyDay|[upkeep]\n|upkeep\n|turn|16\n|\n|t:|1701097176\n|switch|p2a: Tapu Koko|Tapu Koko, shiny|31\/100\n|-damage|p2a: Tapu Koko|19\/100|[from] Stealth Rock\n|move|p1a: Cinderace|Pyro Ball|p2a: Tapu Koko\n|-damage|p2a: Tapu Koko|0 fnt\n|faint|p2a: Tapu Koko\n|\n|-weather|none\n|upkeep\n|\n|t:|1701097177\n|switch|p2a: Iron Valiant|Iron Valiant, shiny|100\/100\n|-damage|p2a: Iron Valiant|94\/100|[from] Stealth Rock\n|-activate|p2a: Iron Valiant|ability: Quark Drive\n|-start|p2a: Iron Valiant|quarkdrivespe\n|turn|17\n|\n|t:|1701097185\n|switch|p1a: Gastrodon|Gastrodon, M, shiny|100\/100\n|-terastallize|p2a: Iron Valiant|Electric\n|move|p2a: Iron Valiant|Thunderbolt|p1a: Gastrodon\n|-immune|p1a: Gastrodon\n|\n|upkeep\n|turn|18\n|\n|t:|1701097195\n|move|p2a: Iron Valiant|Moonblast|p1a: Gastrodon\n|-damage|p1a: Gastrodon|52\/100\n|-unboost|p1a: Gastrodon|spa|1\n|-damage|p2a: Iron Valiant|85\/100|[from] item: Life Orb\n|move|p1a: Gastrodon|Earth Power|p2a: Iron Valiant\n|-supereffective|p2a: Iron Valiant\n|-damage|p2a: Iron Valiant|5\/100\n|\n|-heal|p1a: Gastrodon|58\/100|[from] item: Leftovers\n|upkeep\n|turn|19\n|-message|Catnavi forfeited.\n|\n|win|hutaodayo~\n|raw|hutaodayo~'s rating: 1333 &rarr; <strong>1359<\/strong><br \/>(+26 for winning)\n|raw|Catnavi's rating: 1449 &rarr; <strong>1423<\/strong><br \/>(-26 for losing)\n|l|\u2606Catnavi\n|l|\u2606hutaodayo~\n|j|\u2606hutaodayo~\n|player|p1|hutaodayo~|mira\n","uploadtime":1701097227,"views":9,"p1id":"hutaodayo","p2id":"catnavi","formatid":"gen9nationaldex","rating":1359,"private":0,"password":""}