{"id":"gen9nationaldex-1995854182","p1":"TheStroker","p2":"God of Memphis","format":"[Gen 9] National Dex","log":"|html|<div class=\"broadcast-blue\"><strong>[Gen 9] National Dex is currently suspecting Sneasler! For information on how to participate check out the <a href=\"https:\/\/www.smogon.com\/forums\/threads\/sv-national-dex-suspect-8-just-dance.3731534\/\">suspect thread<\/a>.<\/strong><\/div>\n|j|\u2606TheStroker\n|j|\u2606God of Memphis\n|t:|1700609949\n|gametype|singles\n|player|p1|TheStroker|janitor|1508\n|player|p2|God of Memphis|dancer|1527\n|teamsize|p1|6\n|teamsize|p2|6\n|gen|9\n|tier|[Gen 9] National Dex\n|rated|\n|rule|HP Percentage Mod: HP is shown in percentages\n|rule|Endless Battle Clause: Forcing endless battles is banned\n|rule|OHKO Clause: OHKO moves are banned\n|rule|Evasion Clause: Evasion abilities, items, and moves are banned\n|rule|Evasion Abilities Clause: Evasion abilities are banned\n|rule|Evasion Items Clause: Evasion items are banned\n|rule|Evasion Moves Clause: Evasion moves are banned\n|rule|Species Clause: Limit one of each Pok\u00e9mon\n|rule|Sleep Clause Mod: Limit one foe put to sleep\n|clearpoke\n|poke|p1|Skeledirge, M|\n|poke|p1|Ditto|\n|poke|p1|Zangoose, F|\n|poke|p1|Mightyena, M|\n|poke|p1|Landorus-Therian, M|\n|poke|p1|Sneasler, M|\n|poke|p2|Glimmora, F|\n|poke|p2|Banette, M|\n|poke|p2|Dragonite, F|\n|poke|p2|Yanmega, M|\n|poke|p2|Chansey, F|\n|poke|p2|Urshifu-*, M|\n|teampreview\n|j| gayspotter2\n|j| kung fu pokechu\n|\n|t:|1700609974\n|start\n|switch|p1a: Not edited|Ditto|100\/100\n|switch|p2a: Urshifu|Urshifu-Rapid-Strike, M|100\/100\n|-transform|p1a: Not edited|p2a: Urshifu|[from] ability: Imposter\n|turn|1\n|\n|t:|1700610010\n|switch|p1a: Rather mighty|Mightyena, M|100\/100\n|-ability|p1a: Rather mighty|Intimidate|boost\n|-unboost|p2a: Urshifu|atk|1\n|move|p2a: Urshifu|Trailblaze|p1a: Rather mighty\n|-damage|p1a: Rather mighty|78\/100\n|-boost|p2a: Urshifu|spe|1\n|\n|upkeep\n|turn|2\n|inactive|Battle timer is ON: inactive players will automatically lose when time's up. (requested by TheStroker)\n|\n|t:|1700610023\n|move|p2a: Urshifu|Swords Dance|p2a: Urshifu\n|-boost|p2a: Urshifu|atk|2\n|move|p1a: Rather mighty|Counter||[still]\n|-fail|p1a: Rather mighty\n|\n|upkeep\n|turn|3\n|\n|t:|1700610031\n|move|p2a: Urshifu|Surging Strikes|p1a: Rather mighty\n|-crit|p1a: Rather mighty\n|-damage|p1a: Rather mighty|24\/100\n|-crit|p1a: Rather mighty\n|-damage|p1a: Rather mighty|0 fnt\n|faint|p1a: Rather mighty\n|-hitcount|p1: Rather mighty|2\n|\n|upkeep\n|\n|t:|1700610037\n|switch|p1a: Not edited|Ditto|100\/100\n|-transform|p1a: Not edited|p2a: Urshifu|[from] ability: Imposter\n|turn|4\n|\n|t:|1700610044\n|move|p1a: Not edited|Trailblaze|p2a: Urshifu\n|-supereffective|p2a: Urshifu\n|-damage|p2a: Urshifu|41\/100\n|-boost|p1a: Not edited|spe|1\n|move|p2a: Urshifu|Trailblaze|p1a: Not edited\n|-supereffective|p1a: Not edited\n|-damage|p1a: Not edited|35\/100\n|-boost|p2a: Urshifu|spe|1\n|\n|-heal|p2a: Urshifu|47\/100|[from] item: Leftovers\n|upkeep\n|turn|5\n|\n|t:|1700610055\n|switch|p2a: Yanmega|Yanmega, M|100\/100\n|move|p1a: Not edited|Trailblaze|p2a: Yanmega\n|-resisted|p2a: Yanmega\n|-damage|p2a: Yanmega|93\/100\n|-boost|p1a: Not edited|spe|1\n|\n|upkeep\n|turn|6\n|\n|t:|1700610065\n|switch|p1a: Not flamboyant|Skeledirge, M|100\/100\n|move|p2a: Yanmega|Substitute|p2a: Yanmega\n|-start|p2a: Yanmega|Substitute\n|-damage|p2a: Yanmega|68\/100\n|\n|-ability|p2a: Yanmega|Speed Boost|boost\n|-boost|p2a: Yanmega|spe|1\n|upkeep\n|turn|7\n|\n|t:|1700610073\n|move|p2a: Yanmega|Hidden Power|p1a: Not flamboyant\n|-supereffective|p1a: Not flamboyant\n|-damage|p1a: Not flamboyant|52\/100\n|move|p1a: Not flamboyant|Torch Song|p2a: Yanmega\n|-supereffective|p2a: Yanmega\n|-damage|p2a: Yanmega|0 fnt\n|-boost|p1a: Not flamboyant|spa|1\n|faint|p2a: Yanmega\n|\n|upkeep\n|\n|t:|1700610083\n|switch|p2a: Glimmora|Glimmora, F|100\/100\n|turn|8\n|\n|t:|1700610090\n|switch|p1a: oooooooooooooo|Landorus-Therian, M|100\/100\n|-ability|p1a: oooooooooooooo|Intimidate|boost\n|-unboost|p2a: Glimmora|atk|1\n|move|p2a: Glimmora|Earth Power|p1a: oooooooooooooo\n|-immune|p1a: oooooooooooooo\n|\n|upkeep\n|turn|9\n|\n|t:|1700610097\n|move|p2a: Glimmora|Spiky Shield|p2a: Glimmora\n|-singleturn|p2a: Glimmora|move: Protect\n|move|p1a: oooooooooooooo|Substitute|p1a: oooooooooooooo\n|-start|p1a: oooooooooooooo|Substitute\n|-damage|p1a: oooooooooooooo|75\/100\n|\n|-heal|p1a: oooooooooooooo|82\/100|[from] item: Leftovers\n|upkeep\n|turn|10\n|\n|t:|1700610108\n|switch|p2a: Dragonite|Dragonite, F|100\/100\n|move|p1a: oooooooooooooo|Bulk Up|p1a: oooooooooooooo\n|-boost|p1a: oooooooooooooo|atk|1\n|-boost|p1a: oooooooooooooo|def|1\n|\n|-heal|p1a: oooooooooooooo|88\/100|[from] item: Leftovers\n|upkeep\n|turn|11\n|\n|t:|1700610114\n|move|p1a: oooooooooooooo|Bulk Up|p1a: oooooooooooooo\n|-boost|p1a: oooooooooooooo|atk|1\n|-boost|p1a: oooooooooooooo|def|1\n|move|p2a: Dragonite|Dragon Claw|p1a: oooooooooooooo\n|-end|p1a: oooooooooooooo|Substitute\n|\n|-heal|p1a: oooooooooooooo|94\/100|[from] item: Leftovers\n|upkeep\n|turn|12\n|\n|t:|1700610118\n|move|p1a: oooooooooooooo|Substitute|p1a: oooooooooooooo\n|-start|p1a: oooooooooooooo|Substitute\n|-damage|p1a: oooooooooooooo|69\/100\n|move|p2a: Dragonite|Dragon Claw|p1a: oooooooooooooo\n|-activate|p1a: oooooooooooooo|move: Substitute|[damage]\n|\n|-heal|p1a: oooooooooooooo|75\/100|[from] item: Leftovers\n|upkeep\n|turn|13\n|\n|t:|1700610121\n|move|p1a: oooooooooooooo|Bulk Up|p1a: oooooooooooooo\n|-boost|p1a: oooooooooooooo|atk|1\n|-boost|p1a: oooooooooooooo|def|1\n|move|p2a: Dragonite|Dragon Claw|p1a: oooooooooooooo\n|-end|p1a: oooooooooooooo|Substitute\n|\n|-heal|p1a: oooooooooooooo|81\/100|[from] item: Leftovers\n|upkeep\n|turn|14\n|\n|t:|1700610126\n|switch|p2a: Banette|Banette, M|100\/100\n|move|p1a: oooooooooooooo|Substitute|p1a: oooooooooooooo\n|-start|p1a: oooooooooooooo|Substitute\n|-damage|p1a: oooooooooooooo|56\/100\n|\n|-heal|p1a: oooooooooooooo|62\/100|[from] item: Leftovers\n|upkeep\n|turn|15\n|\n|t:|1700610135\n|detailschange|p2a: Banette|Banette-Mega, M\n|-mega|p2a: Banette|Banette|Banettite\n|move|p1a: oooooooooooooo|Bulk Up|p1a: oooooooooooooo\n|-boost|p1a: oooooooooooooo|atk|1\n|-boost|p1a: oooooooooooooo|def|1\n|move|p2a: Banette|Poltergeist|p1a: oooooooooooooo\n|-activate|p1a: oooooooooooooo|move: Poltergeist|Leftovers\n|-end|p1a: oooooooooooooo|Substitute\n|\n|-heal|p1a: oooooooooooooo|68\/100|[from] item: Leftovers\n|upkeep\n|turn|16\n|\n|t:|1700610142\n|move|p2a: Banette|Destiny Bond|p2a: Banette\n|-singlemove|p2a: Banette|Destiny Bond\n|move|p1a: oooooooooooooo|Substitute|p1a: oooooooooooooo\n|-start|p1a: oooooooooooooo|Substitute\n|-damage|p1a: oooooooooooooo|43\/100\n|\n|-heal|p1a: oooooooooooooo|49\/100|[from] item: Leftovers\n|upkeep\n|turn|17\n|\n|t:|1700610148\n|move|p1a: oooooooooooooo|Bulk Up|p1a: oooooooooooooo\n|-boost|p1a: oooooooooooooo|atk|1\n|-boost|p1a: oooooooooooooo|def|1\n|move|p2a: Banette|Poltergeist|p1a: oooooooooooooo\n|-activate|p1a: oooooooooooooo|move: Poltergeist|Leftovers\n|-activate|p1a: oooooooooooooo|move: Substitute|[damage]\n|\n|-heal|p1a: oooooooooooooo|56\/100|[from] item: Leftovers\n|upkeep\n|turn|18\n|\n|t:|1700610163\n|move|p1a: oooooooooooooo|Knock Off|p2a: Banette\n|-supereffective|p2a: Banette\n|-damage|p2a: Banette|0 fnt\n|faint|p2a: Banette\n|\n|-heal|p1a: oooooooooooooo|62\/100|[from] item: Leftovers\n|upkeep\n|\n|t:|1700610169\n|switch|p2a: Urshifu|Urshifu-Rapid-Strike, M|47\/100\n|turn|19\n|\n|t:|1700610180\n|-terastallize|p1a: oooooooooooooo|Water\n|move|p1a: oooooooooooooo|Earthquake|p2a: Urshifu\n|-damage|p2a: Urshifu|0 fnt\n|faint|p2a: Urshifu\n|\n|-heal|p1a: oooooooooooooo|68\/100|[from] item: Leftovers\n|upkeep\n|-message|God of Memphis forfeited.\n|\n|win|TheStroker\n|raw|TheStroker's rating: 1508 &rarr; <strong>1529<\/strong><br \/>(+21 for winning)\n|raw|God of Memphis's rating: 1527 &rarr; <strong>1506<\/strong><br \/>(-21 for losing)\n|l|\u2606God of Memphis\n|c| gayspotter2|bullied\n","uploadtime":1700610205,"views":0,"p1id":"thestroker","p2id":"godofmemphis","formatid":"gen9nationaldex","rating":1506,"private":0,"password":""}