{"id":"gen9nationaldex-1994081704","p1":"SimeonPha","p2":"White ZOA","format":"[Gen 9] National Dex","log":"|j|\u2606SimeonPha\n|j|\u2606White ZOA\n|t:|1700404481\n|gametype|singles\n|player|p1|SimeonPha|giovanni|1178\n|player|p2|White ZOA|wallace|1131\n|teamsize|p1|6\n|teamsize|p2|6\n|gen|9\n|tier|[Gen 9] National Dex\n|rated|\n|rule|HP Percentage Mod: HP is shown in percentages\n|rule|Endless Battle Clause: Forcing endless battles is banned\n|rule|OHKO Clause: OHKO moves are banned\n|rule|Evasion Clause: Evasion abilities, items, and moves are banned\n|rule|Evasion Abilities Clause: Evasion abilities are banned\n|rule|Evasion Items Clause: Evasion items are banned\n|rule|Evasion Moves Clause: Evasion moves are banned\n|rule|Species Clause: Limit one of each Pok\u00e9mon\n|rule|Sleep Clause Mod: Limit one foe put to sleep\n|clearpoke\n|poke|p1|Mienshao, F|\n|poke|p1|Tsareena, F|\n|poke|p1|Espeon, F|\n|poke|p1|Togekiss, M|\n|poke|p1|Aggron, M|\n|poke|p1|Sneasler, F|\n|poke|p2|Pelipper, M|\n|poke|p2|Urshifu-*, M|\n|poke|p2|Swampert, M|\n|poke|p2|Barraskewda, M|\n|poke|p2|Tapu Lele|\n|poke|p2|Xurkitree|\n|teampreview\n|\n|t:|1700404491\n|start\n|switch|p1a: Mienshao|Mienshao, F|100\/100\n|switch|p2a: \u5168\u961f\u6838\u5fc3|Pelipper, M, shiny|100\/100\n|-weather|RainDance|[from] ability: Drizzle|[of] p2a: \u5168\u961f\u6838\u5fc3\n|turn|1\n|\n|t:|1700404502\n|switch|p2a: \u7329\u7329\u53bb\u6b7b|Tapu Lele|100\/100\n|-fieldstart|move: Psychic Terrain|[from] ability: Psychic Surge|[of] p2a: \u7329\u7329\u53bb\u6b7b\n|move|p1a: Mienshao|Fake Out|p2a: \u7329\u7329\u53bb\u6b7b\n|-activate|p2a: \u7329\u7329\u53bb\u6b7b|move: Psychic Terrain\n|\n|-weather|RainDance|[upkeep]\n|upkeep\n|turn|2\n|\n|t:|1700404513\n|move|p1a: Mienshao|U-turn|p2a: \u7329\u7329\u53bb\u6b7b\n|-damage|p2a: \u7329\u7329\u53bb\u6b7b|50\/100\n|-damage|p1a: Mienshao|91\/100|[from] item: Life Orb\n|\n|t:|1700404517\n|switch|p1a: Togekiss|Togekiss, M|100\/100|[from] U-turn\n|move|p2a: \u7329\u7329\u53bb\u6b7b|Moonblast|p1a: Togekiss\n|-damage|p1a: Togekiss|69\/100\n|\n|-weather|RainDance|[upkeep]\n|upkeep\n|turn|3\n|\n|t:|1700404526\n|move|p2a: \u7329\u7329\u53bb\u6b7b|Thunder|p1a: Togekiss\n|-supereffective|p1a: Togekiss\n|-damage|p1a: Togekiss|24\/100\n|move|p1a: Togekiss|Toxic|p2a: \u7329\u7329\u53bb\u6b7b\n|-status|p2a: \u7329\u7329\u53bb\u6b7b|tox\n|\n|-weather|RainDance|[upkeep]\n|-damage|p2a: \u7329\u7329\u53bb\u6b7b|44\/100 tox|[from] psn\n|upkeep\n|turn|4\n|\n|t:|1700404535\n|move|p2a: \u7329\u7329\u53bb\u6b7b|Thunder|p1a: Togekiss\n|-supereffective|p1a: Togekiss\n|-damage|p1a: Togekiss|0 fnt\n|faint|p1a: Togekiss\n|\n|-weather|RainDance|[upkeep]\n|-damage|p2a: \u7329\u7329\u53bb\u6b7b|32\/100 tox|[from] psn\n|upkeep\n|\n|t:|1700404548\n|switch|p1a: Aggron|Aggron, M|100\/100\n|turn|5\n|\n|t:|1700404555\n|-zpower|p2a: \u7329\u7329\u53bb\u6b7b\n|move|p2a: \u7329\u7329\u53bb\u6b7b|All-Out Pummeling|p1a: Aggron|[zeffect]\n|-supereffective|p1a: Aggron\n|-ability|p1a: Aggron|Sturdy\n|-damage|p1a: Aggron|1\/100\n|move|p1a: Aggron|Iron Head|p2a: \u7329\u7329\u53bb\u6b7b\n|-supereffective|p2a: \u7329\u7329\u53bb\u6b7b\n|-damage|p2a: \u7329\u7329\u53bb\u6b7b|0 fnt\n|faint|p2a: \u7329\u7329\u53bb\u6b7b\n|\n|-weather|RainDance|[upkeep]\n|-fieldend|move: Psychic Terrain\n|upkeep\n|\n|t:|1700404570\n|switch|p2a: \u5168\u573a\u6700\u5feb|Barraskewda, M, shiny|100\/100\n|turn|6\n|\n|t:|1700404574\n|move|p2a: \u5168\u573a\u6700\u5feb|Flip Turn|p1a: Aggron\n|-supereffective|p1a: Aggron\n|-damage|p1a: Aggron|0 fnt\n|faint|p1a: Aggron\n|-damage|p2a: \u5168\u573a\u6700\u5feb|91\/100|[from] item: Life Orb\n|\n|t:|1700404586\n|switch|p2a: \u81ea\u4fe1\u8fc7\u5ea6|Xurkitree, shiny|100\/100|[from] Flip Turn\n|\n|-weather|RainDance|[upkeep]\n|upkeep\n|\n|t:|1700404594\n|switch|p1a: Mienshao|Mienshao, F|100\/100\n|turn|7\n|\n|t:|1700404602\n|-terastallize|p2a: \u81ea\u4fe1\u8fc7\u5ea6|Electric\n|move|p1a: Mienshao|Fake Out|p2a: \u81ea\u4fe1\u8fc7\u5ea6\n|-damage|p2a: \u81ea\u4fe1\u8fc7\u5ea6|76\/100\n|-damage|p1a: Mienshao|91\/100|[from] item: Life Orb\n|cant|p2a: \u81ea\u4fe1\u8fc7\u5ea6|flinch\n|\n|-weather|RainDance|[upkeep]\n|upkeep\n|turn|8\n|\n|t:|1700404611\n|move|p1a: Mienshao|Close Combat|p2a: \u81ea\u4fe1\u8fc7\u5ea6\n|-damage|p2a: \u81ea\u4fe1\u8fc7\u5ea6|0 fnt\n|-unboost|p1a: Mienshao|def|1\n|-unboost|p1a: Mienshao|spd|1\n|faint|p2a: \u81ea\u4fe1\u8fc7\u5ea6\n|-damage|p1a: Mienshao|81\/100|[from] item: Life Orb\n|\n|-weather|none\n|upkeep\n|\n|t:|1700404618\n|switch|p2a: \u5168\u961f\u6838\u5fc3|Pelipper, M, shiny|100\/100\n|-weather|RainDance|[from] ability: Drizzle|[of] p2a: \u5168\u961f\u6838\u5fc3\n|turn|9\n|\n|t:|1700404633\n|switch|p2a: \u5168\u573a\u6700\u5feb|Barraskewda, M, shiny|91\/100\n|move|p1a: Mienshao|Knock Off|p2a: \u5168\u573a\u6700\u5feb\n|-damage|p2a: \u5168\u573a\u6700\u5feb|1\/100\n|-enditem|p2a: \u5168\u573a\u6700\u5feb|Life Orb|[from] move: Knock Off|[of] p1a: Mienshao\n|-damage|p1a: Mienshao|71\/100|[from] item: Life Orb\n|\n|-weather|RainDance|[upkeep]\n|upkeep\n|turn|10\n|\n|t:|1700404643\n|switch|p1a: Tsareena|Tsareena, F|100\/100\n|move|p2a: \u5168\u573a\u6700\u5feb|Liquidation|p1a: Tsareena\n|-resisted|p1a: Tsareena\n|-damage|p1a: Tsareena|58\/100\n|\n|-weather|RainDance|[upkeep]\n|upkeep\n|turn|11\n|\n|t:|1700404660\n|move|p2a: \u5168\u573a\u6700\u5feb|Close Combat|p1a: Tsareena\n|-damage|p1a: Tsareena|8\/100\n|-unboost|p2a: \u5168\u573a\u6700\u5feb|def|1\n|-unboost|p2a: \u5168\u573a\u6700\u5feb|spd|1\n|move|p1a: Tsareena|Rapid Spin|p2a: \u5168\u573a\u6700\u5feb\n|-damage|p2a: \u5168\u573a\u6700\u5feb|0 fnt\n|-boost|p1a: Tsareena|spe|1\n|faint|p2a: \u5168\u573a\u6700\u5feb\n|\n|-weather|RainDance|[upkeep]\n|upkeep\n|\n|t:|1700404667\n|switch|p2a: \u8349\u94a2\u4eb2\u513f\u5b50|Urshifu-Rapid-Strike, M|100\/100\n|turn|12\n|\n|t:|1700404675\n|move|p2a: \u8349\u94a2\u4eb2\u513f\u5b50|Surging Strikes|p1a: Tsareena\n|-resisted|p1a: Tsareena\n|-crit|p1a: Tsareena\n|-damage|p1a: Tsareena|0 fnt\n|faint|p1a: Tsareena\n|-hitcount|p1: Tsareena|1\n|\n|-weather|RainDance|[upkeep]\n|upkeep\n|\n|t:|1700404686\n|switch|p1a: Espeon|Espeon, F|100\/100\n|turn|13\n|\n|t:|1700404689\n|move|p1a: Espeon|Psychic|p2a: \u8349\u94a2\u4eb2\u513f\u5b50\n|-supereffective|p2a: \u8349\u94a2\u4eb2\u513f\u5b50\n|-damage|p2a: \u8349\u94a2\u4eb2\u513f\u5b50|0 fnt\n|faint|p2a: \u8349\u94a2\u4eb2\u513f\u5b50\n|\n|-weather|RainDance|[upkeep]\n|upkeep\n|\n|t:|1700404692\n|switch|p2a: \u56db\u500d\u5f31\u8349|Swampert, M|100\/100\n|turn|14\n|\n|t:|1700404705\n|detailschange|p2a: \u56db\u500d\u5f31\u8349|Swampert-Mega, M\n|-mega|p2a: \u56db\u500d\u5f31\u8349|Swampert|Swampertite\n|-terastallize|p1a: Espeon|Psychic\n|move|p1a: Espeon|Psychic|p2a: \u56db\u500d\u5f31\u8349\n|-damage|p2a: \u56db\u500d\u5f31\u8349|39\/100\n|move|p2a: \u56db\u500d\u5f31\u8349|Earthquake|p1a: Espeon\n|-damage|p1a: Espeon|0 fnt\n|faint|p1a: Espeon\n|\n|-weather|RainDance|[upkeep]\n|upkeep\n|\n|t:|1700404719\n|switch|p1a: Mienshao|Mienshao, F|100\/100\n|turn|15\n|\n|t:|1700404728\n|move|p1a: Mienshao|Fake Out|p2a: \u56db\u500d\u5f31\u8349\n|-damage|p2a: \u56db\u500d\u5f31\u8349|23\/100\n|-damage|p1a: Mienshao|91\/100|[from] item: Life Orb\n|cant|p2a: \u56db\u500d\u5f31\u8349|flinch\n|\n|-weather|RainDance|[upkeep]\n|upkeep\n|turn|16\n|\n|t:|1700404739\n|move|p2a: \u56db\u500d\u5f31\u8349|Earthquake|p1a: Mienshao\n|-damage|p1a: Mienshao|0 fnt\n|faint|p1a: Mienshao\n|\n|-weather|none\n|upkeep\n|\n|t:|1700404745\n|switch|p1a: Sneasler|Sneasler, F|100\/100\n|-ability|p1a: Sneasler|Pressure\n|turn|17\n|\n|t:|1700404750\n|switch|p2a: \u5168\u961f\u6838\u5fc3|Pelipper, M, shiny|100\/100\n|-weather|RainDance|[from] ability: Drizzle|[of] p2a: \u5168\u961f\u6838\u5fc3\n|move|p1a: Sneasler|Dire Claw|p2a: \u5168\u961f\u6838\u5fc3\n|-damage|p2a: \u5168\u961f\u6838\u5fc3|71\/100\n|\n|-weather|RainDance|[upkeep]\n|upkeep\n|turn|18\n|\n|t:|1700404760\n|move|p1a: Sneasler|Rock Slide|p2a: \u5168\u961f\u6838\u5fc3\n|-supereffective|p2a: \u5168\u961f\u6838\u5fc3\n|-damage|p2a: \u5168\u961f\u6838\u5fc3|31\/100\n|move|p2a: \u5168\u961f\u6838\u5fc3|Hurricane|p1a: Sneasler\n|-supereffective|p1a: Sneasler\n|-damage|p1a: Sneasler|0 fnt\n|faint|p1a: Sneasler\n|\n|win|White ZOA\n|raw|SimeonPha's rating: 1178 &rarr; <strong>1150<\/strong><br \/>(-28 for losing)\n|raw|White ZOA's rating: 1131 &rarr; <strong>1159<\/strong><br \/>(+28 for winning)\n|l|\u2606SimeonPha\n","uploadtime":1700404774,"views":15,"p1id":"simeonpha","p2id":"whitezoa","formatid":"gen9nationaldex","rating":1150,"private":0,"password":""}