{"id":"gen9nationaldex-1998109693","p1":"CroccoGator","p2":"PunMasterKenobi","format":"[Gen 9] National Dex","log":"|html|<div class=\"broadcast-blue\"><strong>[Gen 9] National Dex is currently suspecting Sneasler! For information on how to participate check out the <a href=\"https:\/\/www.smogon.com\/forums\/threads\/sv-national-dex-suspect-8-just-dance.3731534\/\">suspect thread<\/a>.<\/strong><\/div>\n|j|\u2606CroccoGator\n|j|\u2606PunMasterKenobi\n|t:|1700892970\n|gametype|singles\n|player|p1|CroccoGator|n-masters|\n|player|p2|PunMasterKenobi|1|\n|teamsize|p1|6\n|teamsize|p2|6\n|gen|9\n|tier|[Gen 9] National Dex\n|rule|HP Percentage Mod: HP is shown in percentages\n|rule|Endless Battle Clause: Forcing endless battles is banned\n|rule|OHKO Clause: OHKO moves are banned\n|rule|Evasion Clause: Evasion abilities, items, and moves are banned\n|rule|Evasion Abilities Clause: Evasion abilities are banned\n|rule|Evasion Items Clause: Evasion items are banned\n|rule|Evasion Moves Clause: Evasion moves are banned\n|rule|Species Clause: Limit one of each Pok\u00e9mon\n|rule|Sleep Clause Mod: Limit one foe put to sleep\n|clearpoke\n|poke|p1|Skeledirge, F|\n|poke|p1|Urshifu-*, M|\n|poke|p1|Krookodile, M|\n|poke|p1|Ursaluna, M|\n|poke|p1|Hatterene, F|\n|poke|p1|Glimmora, F|\n|poke|p2|Serperior, F|\n|poke|p2|Klefki, F|\n|poke|p2|Volcanion|\n|poke|p2|Landorus-Therian, M|\n|poke|p2|Tyranitar, M|\n|poke|p2|Excadrill, M|\n|teampreview\n|j| HOTDOHG\n|c| HOTDOHG|r\n|\n|t:|1700893028\n|start\n|switch|p1a: Irwin|Skeledirge, F|100\/100\n|switch|p2a: Aquemini|Volcanion|100\/100\n|turn|1\n|\n|t:|1700893039\n|switch|p1a: Boo-Boo|Urshifu-Rapid-Strike, M|100\/100\n|move|p2a: Aquemini|Steam Eruption|p1a: Boo-Boo\n|-resisted|p1a: Boo-Boo\n|-damage|p1a: Boo-Boo|52\/100\n|-status|p1a: Boo-Boo|brn\n|\n|-heal|p1a: Boo-Boo|58\/100 brn|[from] item: Leftovers\n|-damage|p1a: Boo-Boo|52\/100 brn|[from] brn\n|upkeep\n|turn|2\n|\n|t:|1700893054\n|switch|p2a: La Vie Boh\u00e8me|Landorus-Therian, M|100\/100\n|-ability|p2a: La Vie Boh\u00e8me|Intimidate|boost\n|-unboost|p1a: Boo-Boo|atk|1\n|move|p1a: Boo-Boo|Surging Strikes|p2a: La Vie Boh\u00e8me\n|-supereffective|p2a: La Vie Boh\u00e8me\n|-crit|p2a: La Vie Boh\u00e8me\n|-damage|p2a: La Vie Boh\u00e8me|81\/100\n|-supereffective|p2a: La Vie Boh\u00e8me\n|-crit|p2a: La Vie Boh\u00e8me\n|-damage|p2a: La Vie Boh\u00e8me|61\/100\n|-supereffective|p2a: La Vie Boh\u00e8me\n|-crit|p2a: La Vie Boh\u00e8me\n|-damage|p2a: La Vie Boh\u00e8me|41\/100\n|-hitcount|p2a: La Vie Boh\u00e8me|3\n|\n|-heal|p1a: Boo-Boo|58\/100 brn|[from] item: Leftovers\n|-heal|p2a: La Vie Boh\u00e8me|47\/100|[from] item: Leftovers\n|-damage|p1a: Boo-Boo|52\/100 brn|[from] brn\n|upkeep\n|turn|3\n|\n|t:|1700893069\n|switch|p2a: Aquemini|Volcanion|100\/100\n|move|p1a: Boo-Boo|Surging Strikes|p2a: Aquemini\n|-immune|p2a: Aquemini|[from] ability: Water Absorb\n|\n|-heal|p1a: Boo-Boo|58\/100 brn|[from] item: Leftovers\n|-damage|p1a: Boo-Boo|52\/100 brn|[from] brn\n|upkeep\n|turn|4\n|c|\u2606PunMasterKenobi|run that back\n|\n|t:|1700893084\n|move|p1a: Boo-Boo|Bulk Up|p1a: Boo-Boo\n|-boost|p1a: Boo-Boo|atk|1\n|-boost|p1a: Boo-Boo|def|1\n|move|p2a: Aquemini|Steam Eruption|p1a: Boo-Boo\n|-resisted|p1a: Boo-Boo\n|-damage|p1a: Boo-Boo|8\/100 brn\n|\n|-heal|p1a: Boo-Boo|14\/100 brn|[from] item: Leftovers\n|-damage|p1a: Boo-Boo|8\/100 brn|[from] brn\n|upkeep\n|turn|5\n|\n|t:|1700893096\n|move|p1a: Boo-Boo|Drain Punch|p2a: Aquemini\n|-damage|p2a: Aquemini|85\/100\n|-heal|p1a: Boo-Boo|16\/100 brn|[from] drain|[of] p2a: Aquemini\n|move|p2a: Aquemini|Flamethrower|p1a: Boo-Boo\n|-resisted|p1a: Boo-Boo\n|-damage|p1a: Boo-Boo|0 fnt\n|faint|p1a: Boo-Boo\n|\n|upkeep\n|n| Rikudoku|rikudoku\n|n| Rikudoku|rikudoku\n|\n|t:|1700893119\n|switch|p1a: Simba|Glimmora, F|100\/100\n|turn|6\n|\n|t:|1700893126\n|move|p1a: Simba|Power Gem|p2a: Aquemini\n|-supereffective|p2a: Aquemini\n|-damage|p2a: Aquemini|17\/100\n|move|p2a: Aquemini|Steam Eruption|p1a: Simba\n|-supereffective|p1a: Simba\n|-enditem|p1a: Simba|Focus Sash\n|-damage|p1a: Simba|1\/100\n|\n|upkeep\n|turn|7\n|\n|t:|1700893144\n|switch|p2a: Slush Bucket|Klefki, F|100\/100\n|move|p1a: Simba|Power Gem|p2a: Slush Bucket\n|-resisted|p2a: Slush Bucket\n|-damage|p2a: Slush Bucket|71\/100\n|\n|upkeep\n|turn|8\n|\n|t:|1700893157\n|move|p2a: Slush Bucket|Magnet Rise|p2a: Slush Bucket\n|-start|p2a: Slush Bucket|Magnet Rise\n|move|p1a: Simba|Stealth Rock|p2a: Slush Bucket\n|-sidestart|p2: PunMasterKenobi|move: Stealth Rock\n|\n|upkeep\n|turn|9\n|\n|t:|1700893162\n|switch|p1a: Hailey|Hatterene, F|100\/100\n|move|p2a: Slush Bucket|Spikes|p1a: Hailey\n|move|p1a: Hailey|Spikes|p2a: Slush Bucket|[from]ability: Magic Bounce\n|-sidestart|p2: PunMasterKenobi|Spikes\n|\n|upkeep\n|turn|10\n|\n|t:|1700893188\n|switch|p2a: La Vie Boh\u00e8me|Landorus-Therian, M|47\/100\n|-damage|p2a: La Vie Boh\u00e8me|35\/100|[from] Stealth Rock\n|-ability|p2a: La Vie Boh\u00e8me|Intimidate|boost\n|-unboost|p1a: Hailey|atk|1\n|move|p1a: Hailey|Psychic|p2a: La Vie Boh\u00e8me\n|-damage|p2a: La Vie Boh\u00e8me|0 fnt\n|faint|p2a: La Vie Boh\u00e8me\n|\n|upkeep\n|\n|t:|1700893225\n|switch|p2a: Sixteen Tons|Tyranitar, M|100\/100\n|-damage|p2a: Sixteen Tons|88\/100|[from] Stealth Rock\n|-damage|p2a: Sixteen Tons|76\/100|[from] Spikes\n|-weather|Sandstorm|[from] ability: Sand Stream|[of] p2a: Sixteen Tons\n|turn|11\n|\n|t:|1700893233\n|detailschange|p2a: Sixteen Tons|Tyranitar-Mega, M\n|-mega|p2a: Sixteen Tons|Tyranitar|Tyranitarite\n|move|p2a: Sixteen Tons|Knock Off|p1a: Hailey\n|-damage|p1a: Hailey|47\/100\n|-enditem|p1a: Hailey|Leftovers|[from] move: Knock Off|[of] p2a: Sixteen Tons\n|move|p1a: Hailey|Trick Room|p1a: Hailey\n|-fieldstart|move: Trick Room|[of] p1a: Hailey\n|\n|-weather|Sandstorm|[upkeep]\n|-damage|p1a: Hailey|41\/100|[from] Sandstorm\n|upkeep\n|turn|12\n|\n|t:|1700893244\n|move|p1a: Hailey|Giga Drain|p2a: Sixteen Tons\n|-supereffective|p2a: Sixteen Tons\n|-damage|p2a: Sixteen Tons|47\/100\n|-heal|p1a: Hailey|59\/100|[from] drain|[of] p2a: Sixteen Tons\n|move|p2a: Sixteen Tons|Iron Defense|p2a: Sixteen Tons\n|-boost|p2a: Sixteen Tons|def|2\n|\n|-weather|Sandstorm|[upkeep]\n|-damage|p1a: Hailey|53\/100|[from] Sandstorm\n|upkeep\n|turn|13\n|\n|t:|1700893254\n|move|p1a: Hailey|Dazzling Gleam|p2a: Sixteen Tons\n|-supereffective|p2a: Sixteen Tons\n|-damage|p2a: Sixteen Tons|0 fnt\n|faint|p2a: Sixteen Tons\n|\n|-weather|Sandstorm|[upkeep]\n|-damage|p1a: Hailey|47\/100|[from] Sandstorm\n|upkeep\n|\n|t:|1700893261\n|switch|p2a: Nail Tech|Excadrill, M|100\/100\n|-damage|p2a: Nail Tech|97\/100|[from] Stealth Rock\n|-damage|p2a: Nail Tech|85\/100|[from] Spikes\n|turn|14\n|\n|t:|1700893267\n|move|p1a: Hailey|Giga Drain|p2a: Nail Tech\n|-damage|p2a: Nail Tech|43\/100\n|-heal|p1a: Hailey|71\/100|[from] drain|[of] p2a: Nail Tech\n|move|p2a: Nail Tech|Rapid Spin|p1a: Hailey\n|-damage|p1a: Hailey|41\/100\n|-boost|p2a: Nail Tech|spe|1\n|-sideend|p2: PunMasterKenobi|Spikes|[from] move: Rapid Spin|[of] p2a: Nail Tech\n|-sideend|p2: PunMasterKenobi|Stealth Rock|[from] move: Rapid Spin|[of] p2a: Nail Tech\n|-damage|p2a: Nail Tech|33\/100|[from] item: Life Orb\n|\n|-weather|Sandstorm|[upkeep]\n|-damage|p1a: Hailey|35\/100|[from] Sandstorm\n|upkeep\n|turn|15\n|\n|t:|1700893287\n|switch|p2a: WILD BEAST|Serperior, F, shiny|100\/100\n|move|p1a: Hailey|Giga Drain|p2a: WILD BEAST\n|-resisted|p2a: WILD BEAST\n|-damage|p2a: WILD BEAST|82\/100\n|-heal|p1a: Hailey|44\/100|[from] drain|[of] p2a: WILD BEAST\n|\n|-weather|none\n|-heal|p2a: WILD BEAST|88\/100|[from] item: Leftovers\n|-fieldend|move: Trick Room\n|upkeep\n|turn|16\n|\n|t:|1700893300\n|move|p2a: WILD BEAST|Leaf Storm|p1a: Hailey|[miss]\n|-miss|p2a: WILD BEAST|p1a: Hailey\n|move|p1a: Hailey|Trick Room|p1a: Hailey\n|-fieldstart|move: Trick Room|[of] p1a: Hailey\n|\n|-heal|p2a: WILD BEAST|94\/100|[from] item: Leftovers\n|upkeep\n|turn|17\n|\n|t:|1700893314\n|switch|p1a: Irwin|Skeledirge, F|100\/100\n|move|p2a: WILD BEAST|Substitute|p2a: WILD BEAST\n|-start|p2a: WILD BEAST|Substitute\n|-damage|p2a: WILD BEAST|69\/100\n|\n|-heal|p2a: WILD BEAST|75\/100|[from] item: Leftovers\n|upkeep\n|turn|18\n|\n|t:|1700893321\n|move|p1a: Irwin|Torch Song|p2a: WILD BEAST\n|-supereffective|p2a: WILD BEAST\n|-damage|p2a: WILD BEAST|0 fnt\n|-boost|p1a: Irwin|spa|1\n|faint|p2a: WILD BEAST\n|\n|upkeep\n|c| Rikudoku|cody subpar cerebral process\n|c| HOTDOHG|WHAT IS HE DOING HERE\n|\n|t:|1700893363\n|switch|p2a: Slush Bucket|Klefki, F|71\/100\n|turn|19\n|c|\u2606CroccoGator|!dt steam eruption\n|raw|<ul class=\"utilichart\"><li class=\"result\"><span class=\"col movenamecol\"><a href=\"https:\/\/dex.pokemonshowdown.com\/moves\/steameruption\">Steam Eruption<\/a><\/span> <span class=\"col typecol\"><img src=\"\/\/play.pokemonshowdown.com\/sprites\/types\/Water.png\" alt=\"Water\" width=\"32\" height=\"14\"><img src=\"\/\/play.pokemonshowdown.com\/sprites\/categories\/Special.png\" alt=\"Special\" width=\"32\" height=\"14\"><\/span> <span class=\"col labelcol\"><em>Power<\/em><br>110<\/span> <span class=\"col widelabelcol\"><em>Accuracy<\/em><br>95%<\/span> <span class=\"col pplabelcol\"><em>PP<\/em><br>8<\/span> <span class=\"col movedesccol\">30% chance to burn the target. Thaws target.<\/span> <\/li><li style=\"clear:both\"><\/li><\/ul>\n|raw|<font size=\"1\"><font color=\"#686868\">Priority:<\/font> 0&nbsp;|&ThickSpace;<font color=\"#686868\">Gen:<\/font> 6&nbsp;|&ThickSpace;&#10003; Boosted by Sheer Force&nbsp;|&ThickSpace;&#10003; Thaws user&nbsp;|&ThickSpace;<font color=\"#686868\">Z-Power:<\/font> 185&nbsp;|&ThickSpace;<font color=\"#686868\">Dynamax Power:<\/font> 140&nbsp;|&ThickSpace;<font color=\"#686868\">Target:<\/font> One Adjacent Pok\u00e9mon<\/font>\n\n|\n|t:|1700893370\n|move|p2a: Slush Bucket|Toxic|p1a: Irwin\n|-status|p1a: Irwin|tox\n|move|p1a: Irwin|Torch Song|p2a: Slush Bucket\n|-supereffective|p2a: Slush Bucket\n|-damage|p2a: Slush Bucket|0 fnt\n|-boost|p1a: Irwin|spa|1\n|faint|p2a: Slush Bucket\n|\n|-damage|p1a: Irwin|94\/100 tox|[from] psn\n|upkeep\n|\n|t:|1700893391\n|switch|p2a: Aquemini|Volcanion|17\/100\n|turn|20\n|\n|t:|1700893395\n|move|p1a: Irwin|Shadow Ball|p2a: Aquemini\n|-damage|p2a: Aquemini|0 fnt\n|faint|p2a: Aquemini\n|\n|-heal|p1a: Irwin|100\/100 tox|[from] item: Leftovers\n|-damage|p1a: Irwin|88\/100 tox|[from] psn\n|-fieldend|move: Trick Room\n|upkeep\n|\n|t:|1700893402\n|switch|p2a: Nail Tech|Excadrill, M|33\/100\n|turn|21\n|\n|t:|1700893405\n|move|p2a: Nail Tech|Earthquake|p1a: Irwin\n|-supereffective|p1a: Irwin\n|-damage|p1a: Irwin|0 fnt\n|faint|p1a: Irwin\n|-damage|p2a: Nail Tech|23\/100|[from] item: Life Orb\n|\n|upkeep\n|\n|t:|1700893412\n|switch|p1a: Odalwa|Krookodile, M|100\/100\n|turn|22\n|\n|t:|1700893418\n|-terastallize|p2a: Nail Tech|Ghost\n|move|p1a: Odalwa|Earthquake|p2a: Nail Tech\n|-damage|p2a: Nail Tech|0 fnt\n|faint|p2a: Nail Tech\n|\n|win|CroccoGator\n","uploadtime":1700893424,"views":19,"p1id":"croccogator","p2id":"punmasterkenobi","formatid":"gen9nationaldex","rating":0,"private":0,"password":""}