{"id":"gen9nationaldex-1988601492","p1":"DylanoSR","p2":"female charizard","format":"[Gen 9] National Dex","log":"|j|\u2606DylanoSR\n|j|\u2606female charizard\n|t:|1699740704\n|gametype|singles\n|player|p1|DylanoSR|ingo|1158\n|player|p2|female charizard|170|1176\n|teamsize|p1|6\n|teamsize|p2|6\n|gen|9\n|tier|[Gen 9] National Dex\n|rated|\n|rule|HP Percentage Mod: HP is shown in percentages\n|rule|Endless Battle Clause: Forcing endless battles is banned\n|rule|OHKO Clause: OHKO moves are banned\n|rule|Evasion Clause: Evasion abilities, items, and moves are banned\n|rule|Evasion Abilities Clause: Evasion abilities are banned\n|rule|Evasion Items Clause: Evasion items are banned\n|rule|Evasion Moves Clause: Evasion moves are banned\n|rule|Species Clause: Limit one of each Pok\u00e9mon\n|rule|Sleep Clause Mod: Limit one foe put to sleep\n|clearpoke\n|poke|p1|Glimmora, F|\n|poke|p1|Skeledirge, M|\n|poke|p1|Corviknight, F|\n|poke|p1|Meowscarada, F|\n|poke|p1|Clodsire, F|\n|poke|p1|Primarina, F|\n|poke|p2|Kyurem|\n|poke|p2|Abomasnow, F|\n|poke|p2|Breloom, F|\n|poke|p2|Rhyperior, F|\n|poke|p2|Ogerpon-Wellspring, F|\n|poke|p2|Ekans, F|\n|teampreview\n|\n|t:|1699740708\n|start\n|switch|p1a: Glimmora|Glimmora, F|100\/100\n|switch|p2a: thanks|Ekans, F|100\/100\n|-ability|p2a: thanks|Intimidate|boost\n|-unboost|p1a: Glimmora|atk|1\n|turn|1\n|\n|t:|1699740714\n|move|p1a: Glimmora|Stealth Rock|p2a: thanks\n|-sidestart|p2: female charizard|move: Stealth Rock\n|move|p2a: thanks|Earthquake|p1a: Glimmora\n|-supereffective|p1a: Glimmora\n|-damage|p1a: Glimmora|0 fnt\n|-activate|p1a: Glimmora|ability: Toxic Debris\n|-sidestart|p2: female charizard|move: Toxic Spikes\n|faint|p1a: Glimmora\n|\n|upkeep\n|\n|t:|1699740723\n|switch|p1a: Clodsire|Clodsire, F|100\/100\n|turn|2\n|\n|t:|1699740731\n|move|p2a: thanks|Glare|p1a: Clodsire\n|-status|p1a: Clodsire|par\n|cant|p1a: Clodsire|par\n|\n|upkeep\n|turn|3\n|\n|t:|1699740736\n|move|p2a: thanks|Earthquake|p1a: Clodsire\n|-supereffective|p1a: Clodsire\n|-damage|p1a: Clodsire|52\/100 par\n|move|p1a: Clodsire|Earthquake|p2a: thanks\n|-supereffective|p2a: thanks\n|-crit|p2a: thanks\n|-enditem|p2a: thanks|Focus Sash\n|-damage|p2a: thanks|1\/100\n|\n|-heal|p1a: Clodsire|58\/100 par|[from] item: Black Sludge\n|upkeep\n|turn|4\n|\n|t:|1699740745\n|switch|p1a: Corviknight|Corviknight, F|100\/100\n|-ability|p1a: Corviknight|Pressure\n|move|p2a: thanks|Earthquake|p1a: Corviknight\n|-immune|p1a: Corviknight\n|\n|upkeep\n|turn|5\n|\n|t:|1699740756\n|move|p1a: Corviknight|Body Press|p2a: thanks\n|-resisted|p2a: thanks\n|-damage|p2a: thanks|0 fnt\n|faint|p2a: thanks\n|\n|upkeep\n|\n|t:|1699740768\n|switch|p2a: SOLID SUGGESTER|Rhyperior, F|100\/100\n|-damage|p2a: SOLID SUGGESTER|94\/100|[from] Stealth Rock\n|-status|p2a: SOLID SUGGESTER|psn\n|turn|6\n|\n|t:|1699740773\n|move|p2a: SOLID SUGGESTER|Rock Polish|p2a: SOLID SUGGESTER\n|-boost|p2a: SOLID SUGGESTER|spe|2\n|move|p1a: Corviknight|Iron Defense|p1a: Corviknight\n|-boost|p1a: Corviknight|def|2\n|\n|-damage|p2a: SOLID SUGGESTER|82\/100 psn|[from] psn\n|upkeep\n|turn|7\n|\n|t:|1699740782\n|move|p2a: SOLID SUGGESTER|Fire Punch|p1a: Corviknight\n|-supereffective|p1a: Corviknight\n|-damage|p1a: Corviknight|80\/100\n|-damage|p2a: SOLID SUGGESTER|65\/100 psn|[from] item: Rocky Helmet|[of] p1a: Corviknight\n|move|p1a: Corviknight|Body Press|p2a: SOLID SUGGESTER\n|-supereffective|p2a: SOLID SUGGESTER\n|-damage|p2a: SOLID SUGGESTER|20\/100 psn\n|-enditem|p2a: SOLID SUGGESTER|Weakness Policy\n|-boost|p2a: SOLID SUGGESTER|atk|2|[from] item: Weakness Policy\n|-boost|p2a: SOLID SUGGESTER|spa|2|[from] item: Weakness Policy\n|\n|-damage|p2a: SOLID SUGGESTER|8\/100 psn|[from] psn\n|upkeep\n|turn|8\n|\n|t:|1699740796\n|move|p2a: SOLID SUGGESTER|Fire Punch|p1a: Corviknight\n|-supereffective|p1a: Corviknight\n|-damage|p1a: Corviknight|43\/100\n|-damage|p2a: SOLID SUGGESTER|0 fnt|[from] item: Rocky Helmet|[of] p1a: Corviknight\n|faint|p2a: SOLID SUGGESTER\n|move|p1a: Corviknight|Iron Defense|p1a: Corviknight\n|-boost|p1a: Corviknight|def|2\n|\n|upkeep\n|\n|t:|1699740804\n|switch|p2a: mods annoy me|Ogerpon-Wellspring, F|100\/100\n|-damage|p2a: mods annoy me|88\/100|[from] Stealth Rock\n|-status|p2a: mods annoy me|psn\n|turn|9\n|\n|t:|1699740809\n|move|p2a: mods annoy me|Encore|p1a: Corviknight\n|-start|p1a: Corviknight|Encore\n|move|p1a: Corviknight|Iron Defense|p1a: Corviknight\n|-boost|p1a: Corviknight|def|2\n|\n|-damage|p2a: mods annoy me|76\/100 psn|[from] psn\n|upkeep\n|turn|10\n|\n|t:|1699740819\n|switch|p1a: Meowscarada|Meowscarada, F|100\/100\n|move|p2a: mods annoy me|Swords Dance|p2a: mods annoy me\n|-boost|p2a: mods annoy me|atk|2\n|\n|-damage|p2a: mods annoy me|64\/100 psn|[from] psn\n|upkeep\n|turn|11\n|j| snugglesnfluff\n|\n|t:|1699740830\n|move|p1a: Meowscarada|Flower Trick|p2a: mods annoy me\n|-crit|p2a: mods annoy me\n|-damage|p2a: mods annoy me|0 fnt\n|faint|p2a: mods annoy me\n|\n|upkeep\n|\n|t:|1699740837\n|switch|p2a: A subtle joke|Abomasnow, F|100\/100\n|-damage|p2a: A subtle joke|75\/100|[from] Stealth Rock\n|-status|p2a: A subtle joke|psn\n|-weather|Snow|[from] ability: Snow Warning|[of] p2a: A subtle joke\n|turn|12\n|j| kung fu pokechu\n|j| less might be more\n|\n|t:|1699740846\n|move|p1a: Meowscarada|U-turn|p2a: A subtle joke\n|-supereffective|p2a: A subtle joke\n|-damage|p2a: A subtle joke|40\/100 psn\n|\n|t:|1699740852\n|switch|p1a: Skeledirge|Skeledirge, M|100\/100|[from] U-turn\n|move|p2a: A subtle joke|Aurora Veil|p2a: A subtle joke\n|-sidestart|p2: female charizard|move: Aurora Veil\n|\n|-weather|Snow|[upkeep]\n|-damage|p2a: A subtle joke|28\/100 psn|[from] psn\n|upkeep\n|turn|13\n|j| imbleach\n|\n|t:|1699740870\n|move|p1a: Skeledirge|Torch Song|p2a: A subtle joke\n|-supereffective|p2a: A subtle joke\n|-damage|p2a: A subtle joke|0 fnt\n|-boost|p1a: Skeledirge|spa|1\n|faint|p2a: A subtle joke\n|\n|-weather|Snow|[upkeep]\n|upkeep\n|\n|t:|1699740877\n|switch|p2a: pressure friends|Kyurem|100\/100\n|-damage|p2a: pressure friends|76\/100|[from] Stealth Rock\n|-status|p2a: pressure friends|psn\n|-ability|p2a: pressure friends|Pressure\n|turn|14\n|\n|t:|1699740884\n|move|p2a: pressure friends|Substitute|p2a: pressure friends\n|-start|p2a: pressure friends|Substitute\n|-damage|p2a: pressure friends|51\/100 psn\n|move|p1a: Skeledirge|Torch Song|p2a: pressure friends\n|-damage|p2a: pressure friends|31\/100 psn\n|-boost|p1a: Skeledirge|spa|1\n|\n|-weather|Snow|[upkeep]\n|-heal|p2a: pressure friends|37\/100 psn|[from] item: Leftovers\n|-damage|p2a: pressure friends|25\/100 psn|[from] psn\n|upkeep\n|turn|15\n|\n|t:|1699740915\n|switch|p2a: bisexual|Breloom, F|100\/100\n|-damage|p2a: bisexual|94\/100|[from] Stealth Rock\n|-status|p2a: bisexual|psn\n|move|p1a: Skeledirge|Torch Song|p2a: bisexual\n|-supereffective|p2a: bisexual\n|-damage|p2a: bisexual|0 fnt\n|-boost|p1a: Skeledirge|spa|1\n|faint|p2a: bisexual\n|\n|-weather|Snow|[upkeep]\n|upkeep\n|\n|t:|1699740918\n|switch|p2a: pressure friends|Kyurem|25\/100 psn\n|-damage|p2a: pressure friends|0 fnt|[from] Stealth Rock\n|faint|p2a: pressure friends\n|\n|win|DylanoSR\n|raw|DylanoSR's rating: 1158 &rarr; <strong>1182<\/strong><br \/>(+24 for winning)\n|raw|female charizard's rating: 1149 &rarr; <strong>1125<\/strong><br \/>(-24 for losing)\n|l|\u2606DylanoSR\n","uploadtime":1699740931,"views":4,"p1id":"dylanosr","p2id":"femalecharizard","formatid":"gen9nationaldex","rating":1125,"private":0,"password":""}