{"id":"gen9nationaldex-1990272398","p1":"CrazyDiamond Act2","p2":"LVGLO","format":"[Gen 9] National Dex","log":"|j|\u2606CrazyDiamond Act2\n|j|\u2606LVGLO\n|t:|1699948561\n|gametype|singles\n|player|p1|CrazyDiamond Act2|raifort|1610\n|player|p2|LVGLO|2|1597\n|teamsize|p1|6\n|teamsize|p2|6\n|gen|9\n|tier|[Gen 9] National Dex\n|rated|\n|rule|HP Percentage Mod: HP is shown in percentages\n|rule|Endless Battle Clause: Forcing endless battles is banned\n|rule|OHKO Clause: OHKO moves are banned\n|rule|Evasion Clause: Evasion abilities, items, and moves are banned\n|rule|Evasion Abilities Clause: Evasion abilities are banned\n|rule|Evasion Items Clause: Evasion items are banned\n|rule|Evasion Moves Clause: Evasion moves are banned\n|rule|Species Clause: Limit one of each Pok\u00e9mon\n|rule|Sleep Clause Mod: Limit one foe put to sleep\n|clearpoke\n|poke|p1|Garganacl, M|\n|poke|p1|Swampert, M|\n|poke|p1|Zapdos|\n|poke|p1|Lopunny, M|\n|poke|p1|Heatran, M|\n|poke|p1|Rillaboom, F|\n|poke|p2|Mew|\n|poke|p2|Victini|\n|poke|p2|Xatu, M|\n|poke|p2|Togekiss, M|\n|poke|p2|Tapu Fini|\n|poke|p2|Grimmsnarl, M|\n|teampreview\n|j| littlestinker123\n|\n|t:|1699948567\n|start\n|switch|p1a: Heatran|Heatran, M|100\/100\n|switch|p2a: Grimmsnarl|Grimmsnarl, M|100\/100\n|turn|1\n|\n|t:|1699948571\n|move|p2a: Grimmsnarl|Light Screen|p2a: Grimmsnarl\n|-sidestart|p2: LVGLO|move: Light Screen\n|move|p1a: Heatran|Taunt|p2a: Grimmsnarl\n|-start|p2a: Grimmsnarl|move: Taunt\n|\n|upkeep\n|turn|2\n|\n|t:|1699948574\n|switch|p2a: Xatu|Xatu, M|100\/100\n|move|p1a: Heatran|Magma Storm|p2a: Xatu\n|-damage|p2a: Xatu|75\/100\n|-activate|p2a: Xatu|move: Magma Storm|[of] p1a: Heatran\n|\n|-damage|p2a: Xatu|63\/100|[from] move: Magma Storm|[partiallytrapped]\n|upkeep\n|turn|3\n|\n|t:|1699948584\n|switch|p1a: Zapdos|Zapdos|100\/100\n|move|p2a: Xatu|Cosmic Power|p2a: Xatu\n|-boost|p2a: Xatu|def|1\n|-boost|p2a: Xatu|spd|1\n|\n|-end|p2a: Xatu|Magma Storm|[partiallytrapped]|[silent]\n|upkeep\n|turn|4\n|\n|t:|1699948587\n|switch|p2a: Grimmsnarl|Grimmsnarl, M|100\/100\n|move|p1a: Zapdos|Volt Switch|p2a: Grimmsnarl\n|-damage|p2a: Grimmsnarl|85\/100\n|\n|t:|1699948591\n|switch|p1a: Garganacl|Garganacl, M|100\/100|[from] Volt Switch\n|\n|upkeep\n|turn|5\n|\n|t:|1699948593\n|move|p2a: Grimmsnarl|Reflect|p2a: Grimmsnarl\n|-sidestart|p2: LVGLO|Reflect\n|move|p1a: Garganacl|Salt Cure|p2a: Grimmsnarl\n|-damage|p2a: Grimmsnarl|79\/100\n|-start|p2a: Grimmsnarl|Salt Cure\n|\n|-damage|p2a: Grimmsnarl|67\/100|[from] Salt Cure\n|upkeep\n|turn|6\n|\n|t:|1699948595\n|move|p2a: Grimmsnarl|Parting Shot|p1a: Garganacl\n|-unboost|p1a: Garganacl|atk|1\n|-unboost|p1a: Garganacl|spa|1\n|\n|t:|1699948598\n|switch|p2a: Mew|Mew|100\/100|[from] Parting Shot\n|move|p1a: Garganacl|Iron Defense|p1a: Garganacl\n|-boost|p1a: Garganacl|def|2\n|\n|upkeep\n|turn|7\n|\n|t:|1699948600\n|move|p2a: Mew|Block|p1a: Garganacl\n|-activate|p1a: Garganacl|trapped\n|move|p1a: Garganacl|Salt Cure|p2a: Mew\n|-damage|p2a: Mew|96\/100\n|-start|p2a: Mew|Salt Cure\n|\n|-heal|p2a: Mew|100\/100|[from] item: Leftovers\n|-damage|p2a: Mew|88\/100|[from] Salt Cure\n|upkeep\n|turn|8\n|\n|t:|1699948609\n|move|p2a: Mew|Imprison|p2a: Mew\n|-start|p2a: Mew|move: Imprison\n|move|p1a: Garganacl|Iron Defense|p1a: Garganacl\n|-boost|p1a: Garganacl|def|2\n|\n|-heal|p2a: Mew|94\/100|[from] item: Leftovers\n|-damage|p2a: Mew|82\/100|[from] Salt Cure\n|-sideend|p2: LVGLO|move: Light Screen\n|upkeep\n|turn|9\n|\n|t:|1699948614\n|move|p2a: Mew|Transform|p1a: Garganacl\n|-transform|p2a: Mew|p1a: Garganacl\n|cant|p1a: Garganacl|move: Imprison|Body Press\n|\n|-heal|p2a: Mew|88\/100|[from] item: Leftovers\n|-damage|p2a: Mew|76\/100|[from] Salt Cure\n|upkeep\n|turn|10\n|\n|t:|1699948622\n|move|p2a: Mew|Iron Defense|p2a: Mew\n|-boost|p2a: Mew|def|2\n|-activate|p1a: Garganacl|move: Struggle\n|move|p1a: Garganacl|Struggle|p2a: Mew\n|-damage|p2a: Mew|75\/100\n|-damage|p1a: Garganacl|75\/100|[from] recoil\n|\n|-heal|p1a: Garganacl|82\/100|[from] item: Leftovers\n|-heal|p2a: Mew|81\/100|[from] item: Leftovers\n|-damage|p2a: Mew|69\/100|[from] Salt Cure\n|upkeep\n|turn|11\n|\n|t:|1699948626\n|-activate|p1a: Garganacl|move: Struggle\n|move|p1a: Garganacl|Struggle|p2a: Mew\n|-damage|p2a: Mew|68\/100\n|-damage|p1a: Garganacl|57\/100|[from] recoil\n|move|p2a: Mew|Salt Cure|p1a: Garganacl\n|-damage|p1a: Garganacl|54\/100\n|-start|p1a: Garganacl|Salt Cure\n|\n|-heal|p1a: Garganacl|61\/100|[from] item: Leftovers\n|-heal|p2a: Mew|74\/100|[from] item: Leftovers\n|-damage|p1a: Garganacl|48\/100|[from] Salt Cure\n|-damage|p2a: Mew|62\/100|[from] Salt Cure\n|upkeep\n|turn|12\n|\n|t:|1699948628\n|-activate|p1a: Garganacl|move: Struggle\n|move|p1a: Garganacl|Struggle|p2a: Mew\n|-damage|p2a: Mew|61\/100\n|-damage|p1a: Garganacl|23\/100|[from] recoil\n|move|p2a: Mew|Recover|p2a: Mew\n|-heal|p2a: Mew|100\/100\n|\n|-heal|p1a: Garganacl|29\/100|[from] item: Leftovers\n|-damage|p2a: Mew|88\/100|[from] Salt Cure\n|-damage|p1a: Garganacl|17\/100|[from] Salt Cure\n|-sideend|p2: LVGLO|Reflect\n|upkeep\n|turn|13\n|\n|t:|1699948631\n|switch|p2a: Grimmsnarl|Grimmsnarl, M|67\/100\n|-activate|p1a: Garganacl|move: Struggle\n|move|p1a: Garganacl|Struggle|p2a: Grimmsnarl\n|-damage|p2a: Grimmsnarl|60\/100\n|-damage|p1a: Garganacl|0 fnt|[from] recoil\n|faint|p1a: Garganacl\n|\n|upkeep\n|\n|t:|1699948635\n|switch|p1a: Rillaboom|Rillaboom, F|100\/100\n|-fieldstart|move: Grassy Terrain|[from] ability: Grassy Surge|[of] p1a: Rillaboom\n|turn|14\n|\n|t:|1699948643\n|move|p2a: Grimmsnarl|Reflect|p2a: Grimmsnarl\n|-sidestart|p2: LVGLO|Reflect\n|move|p1a: Rillaboom|Knock Off|p2a: Grimmsnarl\n|-resisted|p2a: Grimmsnarl\n|-damage|p2a: Grimmsnarl|54\/100\n|-enditem|p2a: Grimmsnarl|Light Clay|[from] move: Knock Off|[of] p1a: Rillaboom\n|\n|-heal|p2a: Grimmsnarl|60\/100|[from] Grassy Terrain\n|upkeep\n|turn|15\n|\n|t:|1699948647\n|switch|p1a: Zapdos|Zapdos|100\/100\n|move|p2a: Grimmsnarl|Light Screen|p2a: Grimmsnarl\n|-sidestart|p2: LVGLO|move: Light Screen\n|\n|-heal|p2a: Grimmsnarl|66\/100|[from] Grassy Terrain\n|upkeep\n|turn|16\n|\n|t:|1699948649\n|move|p2a: Grimmsnarl|Parting Shot|p1a: Zapdos\n|-unboost|p1a: Zapdos|atk|1\n|-unboost|p1a: Zapdos|spa|1\n|\n|t:|1699948652\n|switch|p2a: Xatu|Xatu, M|63\/100|[from] Parting Shot\n|move|p1a: Zapdos|Defog|p2a: Xatu\n|move|p2a: Xatu|Defog|p1a: Zapdos|[from]ability: Magic Bounce\n|-unboost|p1a: Zapdos|evasion|1\n|-fieldend|move: Grassy Terrain\n|\n|upkeep\n|turn|17\n|\n|t:|1699948655\n|move|p1a: Zapdos|Volt Switch|p2a: Xatu\n|-supereffective|p2a: Xatu\n|-damage|p2a: Xatu|39\/100\n|\n|t:|1699948658\n|switch|p1a: Lopunny|Lopunny, M|100\/100|[from] Volt Switch\n|move|p2a: Xatu|Cosmic Power|p2a: Xatu\n|-boost|p2a: Xatu|def|1\n|-boost|p2a: Xatu|spd|1\n|\n|upkeep\n|turn|18\n|\n|t:|1699948662\n|detailschange|p1a: Lopunny|Lopunny-Mega, M\n|-mega|p1a: Lopunny|Lopunny|Lopunnite\n|move|p1a: Lopunny|Fake Out|p2a: Xatu\n|-damage|p2a: Xatu|31\/100\n|cant|p2a: Xatu|flinch\n|\n|upkeep\n|turn|19\n|\n|t:|1699948666\n|move|p1a: Lopunny|Triple Axel|p2a: Xatu\n|-supereffective|p2a: Xatu\n|-damage|p2a: Xatu|25\/100\n|-supereffective|p2a: Xatu\n|-damage|p2a: Xatu|12\/100\n|-supereffective|p2a: Xatu\n|-damage|p2a: Xatu|0 fnt\n|faint|p2a: Xatu\n|-hitcount|p2: Xatu|3\n|\n|-sideend|p2: LVGLO|move: Light Screen\n|upkeep\n|\n|t:|1699948677\n|switch|p2a: Tapu Fini|Tapu Fini|100\/100\n|-fieldstart|move: Misty Terrain|[from] ability: Misty Surge|[of] p2a: Tapu Fini\n|turn|20\n|\n|t:|1699948682\n|move|p1a: Lopunny|U-turn|p2a: Tapu Fini\n|-resisted|p2a: Tapu Fini\n|-damage|p2a: Tapu Fini|96\/100\n|\n|t:|1699948686\n|switch|p1a: Rillaboom|Rillaboom, F|100\/100|[from] U-turn\n|-fieldstart|move: Grassy Terrain|[from] ability: Grassy Surge|[of] p1a: Rillaboom\n|move|p2a: Tapu Fini|Calm Mind|p2a: Tapu Fini\n|-boost|p2a: Tapu Fini|spa|1\n|-boost|p2a: Tapu Fini|spd|1\n|\n|-heal|p2a: Tapu Fini|100\/100|[from] Grassy Terrain\n|upkeep\n|turn|21\n|\n|t:|1699948691\n|-terastallize|p2a: Tapu Fini|Dragon\n|move|p1a: Rillaboom|U-turn|p2a: Tapu Fini\n|-damage|p2a: Tapu Fini|87\/100\n|\n|t:|1699948697\n|switch|p1a: Heatran|Heatran, M|100\/100|[from] U-turn\n|move|p2a: Tapu Fini|Iron Defense|p2a: Tapu Fini\n|-boost|p2a: Tapu Fini|def|2\n|\n|-heal|p2a: Tapu Fini|93\/100|[from] Grassy Terrain\n|-heal|p2a: Tapu Fini|99\/100|[from] item: Leftovers\n|-sideend|p2: LVGLO|Reflect\n|upkeep\n|turn|22\n|\n|t:|1699948704\n|switch|p2a: Victini|Victini|100\/100\n|move|p1a: Heatran|Toxic|p2a: Victini\n|-status|p2a: Victini|tox\n|\n|-damage|p2a: Victini|94\/100 tox|[from] psn\n|upkeep\n|turn|23\n|\n|t:|1699948710\n|switch|p1a: Swampert|Swampert, M|100\/100\n|move|p2a: Victini|Final Gambit|p1a: Swampert\n|-damage|p1a: Swampert|7\/100\n|faint|p2a: Victini\n|\n|-heal|p1a: Swampert|13\/100|[from] Grassy Terrain\n|upkeep\n|\n|t:|1699948728\n|switch|p2a: Togekiss|Togekiss, M|100\/100\n|turn|24\n|\n|t:|1699948732\n|switch|p1a: Zapdos|Zapdos|100\/100\n|move|p2a: Togekiss|Thunder Wave|p1a: Zapdos\n|-immune|p1a: Zapdos\n|\n|-fieldend|move: Grassy Terrain\n|upkeep\n|turn|25\n|\n|t:|1699948736\n|switch|p2a: Grimmsnarl|Grimmsnarl, M|66\/100\n|move|p1a: Zapdos|Volt Switch|p2a: Grimmsnarl\n|-damage|p2a: Grimmsnarl|36\/100\n|\n|t:|1699948742\n|switch|p1a: Swampert|Swampert, M|13\/100|[from] Volt Switch\n|\n|upkeep\n|turn|26\n|\n|t:|1699948744\n|move|p1a: Swampert|Stealth Rock|p2a: Grimmsnarl\n|-sidestart|p2: LVGLO|move: Stealth Rock\n|move|p2a: Grimmsnarl|Superpower|p1a: Swampert\n|-damage|p1a: Swampert|0 fnt\n|-unboost|p2a: Grimmsnarl|atk|1\n|-unboost|p2a: Grimmsnarl|def|1\n|-damage|p2a: Grimmsnarl|20\/100|[from] item: Rocky Helmet|[of] p1a: Swampert\n|faint|p1a: Swampert\n|\n|upkeep\n|\n|t:|1699948750\n|switch|p1a: Lopunny|Lopunny-Mega, M|100\/100\n|turn|27\n|\n|t:|1699948753\n|switch|p2a: Tapu Fini|Tapu Fini, tera:Dragon|99\/100\n|-damage|p2a: Tapu Fini|86\/100|[from] Stealth Rock\n|-fieldstart|move: Misty Terrain|[from] ability: Misty Surge|[of] p2a: Tapu Fini\n|move|p1a: Lopunny|Fake Out|p2a: Tapu Fini\n|-damage|p2a: Tapu Fini|70\/100\n|\n|-heal|p2a: Tapu Fini|76\/100|[from] item: Leftovers\n|upkeep\n|turn|28\n|\n|t:|1699948760\n|move|p1a: Lopunny|Triple Axel|p2a: Tapu Fini\n|-supereffective|p2a: Tapu Fini\n|-damage|p2a: Tapu Fini|64\/100\n|-supereffective|p2a: Tapu Fini\n|-damage|p2a: Tapu Fini|40\/100\n|-supereffective|p2a: Tapu Fini\n|-damage|p2a: Tapu Fini|6\/100\n|-hitcount|p2a: Tapu Fini|3\n|move|p2a: Tapu Fini|Iron Defense|p2a: Tapu Fini\n|-boost|p2a: Tapu Fini|def|2\n|\n|-heal|p2a: Tapu Fini|12\/100|[from] item: Leftovers\n|upkeep\n|turn|29\n|\n|t:|1699948767\n|move|p1a: Lopunny|Close Combat|p2a: Tapu Fini\n|-damage|p2a: Tapu Fini|0 fnt\n|-unboost|p1a: Lopunny|def|1\n|-unboost|p1a: Lopunny|spd|1\n|faint|p2a: Tapu Fini\n|\n|upkeep\n|\n|t:|1699948771\n|switch|p2a: Mew|Mew|88\/100\n|-damage|p2a: Mew|76\/100|[from] Stealth Rock\n|turn|30\n|c|\u2606CrazyDiamond Act2|nice team lol\n|\n|t:|1699948776\n|move|p1a: Lopunny|U-turn|p2a: Mew\n|-supereffective|p2a: Mew\n|-damage|p2a: Mew|31\/100\n|j| SunQdl\n|\n|t:|1699948781\n|switch|p1a: Zapdos|Zapdos|100\/100|[from] U-turn\n|move|p2a: Mew|Imprison|p2a: Mew\n|-start|p2a: Mew|move: Imprison\n|\n|-heal|p2a: Mew|37\/100|[from] item: Leftovers\n|upkeep\n|turn|31\n|\n|t:|1699948784\n|move|p1a: Zapdos|Volt Switch|p2a: Mew\n|-damage|p2a: Mew|18\/100\n|\n|t:|1699948792\n|switch|p1a: Lopunny|Lopunny-Mega, M|100\/100|[from] Volt Switch\n|move|p2a: Mew|Roost|p2a: Mew\n|-heal|p2a: Mew|68\/100\n|-singleturn|p2a: Mew|move: Roost\n|\n|-heal|p2a: Mew|74\/100|[from] item: Leftovers\n|-fieldend|Misty Terrain\n|upkeep\n|turn|32\n|\n|t:|1699948800\n|move|p1a: Lopunny|Fake Out|p2a: Mew\n|-damage|p2a: Mew|57\/100\n|cant|p2a: Mew|flinch\n|\n|-heal|p2a: Mew|63\/100|[from] item: Leftovers\n|upkeep\n|turn|33\n|\n|t:|1699948803\n|move|p1a: Lopunny|U-turn|p2a: Mew\n|-supereffective|p2a: Mew\n|-damage|p2a: Mew|23\/100\n|\n|t:|1699948806\n|switch|p1a: Zapdos|Zapdos|100\/100|[from] U-turn\n|move|p2a: Mew|Roost|p2a: Mew\n|-heal|p2a: Mew|73\/100\n|-singleturn|p2a: Mew|move: Roost\n|\n|-heal|p2a: Mew|79\/100|[from] item: Leftovers\n|upkeep\n|turn|34\n|\n|t:|1699948811\n|move|p1a: Zapdos|Volt Switch|p2a: Mew\n|-damage|p2a: Mew|60\/100\n|\n|t:|1699948815\n|switch|p1a: Lopunny|Lopunny-Mega, M|100\/100|[from] Volt Switch\n|move|p2a: Mew|Block|p1a: Lopunny\n|-activate|p1a: Lopunny|trapped\n|\n|-heal|p2a: Mew|66\/100|[from] item: Leftovers\n|upkeep\n|turn|35\n|\n|t:|1699948819\n|move|p1a: Lopunny|Fake Out|p2a: Mew\n|-damage|p2a: Mew|47\/100\n|cant|p2a: Mew|flinch\n|\n|-heal|p2a: Mew|53\/100|[from] item: Leftovers\n|upkeep\n|turn|36\n|\n|t:|1699948822\n|move|p1a: Lopunny|U-turn|p2a: Mew\n|-supereffective|p2a: Mew\n|-damage|p2a: Mew|8\/100\n|\n|t:|1699948826\n|switch|p1a: Rillaboom|Rillaboom, F|100\/100|[from] U-turn\n|-fieldstart|move: Grassy Terrain|[from] ability: Grassy Surge|[of] p1a: Rillaboom\n|move|p2a: Mew|Roost|p2a: Mew\n|-heal|p2a: Mew|58\/100\n|-singleturn|p2a: Mew|move: Roost\n|\n|-heal|p2a: Mew|65\/100|[from] Grassy Terrain\n|-heal|p2a: Mew|71\/100|[from] item: Leftovers\n|upkeep\n|turn|37\n|\n|t:|1699948833\n|move|p1a: Rillaboom|U-turn|p2a: Mew\n|-supereffective|p2a: Mew\n|-damage|p2a: Mew|5\/100\n|\n|t:|1699948837\n|switch|p1a: Zapdos|Zapdos|100\/100|[from] U-turn\n|move|p2a: Mew|Transform|p1a: Zapdos\n|-transform|p2a: Mew|p1a: Zapdos\n|\n|-heal|p2a: Mew|11\/100|[from] item: Leftovers\n|upkeep\n|turn|38\n|\n|t:|1699948840\n|move|p2a: Mew|Roost|p2a: Mew\n|-heal|p2a: Mew|61\/100\n|-singleturn|p2a: Mew|move: Roost\n|-activate|p1a: Zapdos|move: Struggle\n|move|p1a: Zapdos|Struggle|p2a: Mew\n|-damage|p2a: Mew|54\/100\n|-damage|p1a: Zapdos|75\/100|[from] recoil\n|\n|-heal|p2a: Mew|60\/100|[from] Grassy Terrain\n|-heal|p2a: Mew|67\/100|[from] item: Leftovers\n|upkeep\n|turn|39\n|\n|t:|1699948850\n|switch|p1a: Heatran|Heatran, M|100\/100\n|move|p2a: Mew|Hurricane|p1a: Heatran|[miss]\n|-miss|p2a: Mew|p1a: Heatran\n|\n|-heal|p2a: Mew|73\/100|[from] item: Leftovers\n|upkeep\n|turn|40\n|\n|t:|1699948855\n|move|p2a: Mew|Hurricane|p1a: Heatran\n|-resisted|p1a: Heatran\n|-damage|p1a: Heatran|86\/100\n|move|p1a: Heatran|Magma Storm|p2a: Mew|[miss]\n|-miss|p1a: Heatran|p2a: Mew\n|\n|-heal|p2a: Mew|79\/100|[from] item: Leftovers\n|-heal|p1a: Heatran|92\/100|[from] Grassy Terrain\n|-heal|p1a: Heatran|98\/100|[from] item: Leftovers\n|-fieldend|move: Grassy Terrain\n|upkeep\n|turn|41\n|\n|t:|1699948860\n|move|p2a: Mew|Volt Switch|p1a: Heatran\n|-damage|p1a: Heatran|81\/100\n|\n|t:|1699948863\n|switch|p2a: Grimmsnarl|Grimmsnarl, M|20\/100|[from] Volt Switch\n|-damage|p2a: Grimmsnarl|7\/100|[from] Stealth Rock\n|move|p1a: Heatran|Magma Storm|p2a: Grimmsnarl\n|-damage|p2a: Grimmsnarl|0 fnt\n|faint|p2a: Grimmsnarl\n|\n|-heal|p1a: Heatran|87\/100|[from] item: Leftovers\n|upkeep\n|\n|t:|1699948869\n|switch|p2a: Mew|Mew|79\/100\n|-damage|p2a: Mew|67\/100|[from] Stealth Rock\n|turn|42\n|\n|t:|1699948878\n|switch|p1a: Rillaboom|Rillaboom, F|100\/100\n|-fieldstart|move: Grassy Terrain|[from] ability: Grassy Surge|[of] p1a: Rillaboom\n|move|p2a: Mew|Transform|p1a: Rillaboom\n|-transform|p2a: Mew|p1a: Rillaboom\n|\n|-heal|p2a: Mew|73\/100|[from] Grassy Terrain\n|-heal|p2a: Mew|79\/100|[from] item: Leftovers\n|upkeep\n|turn|43\n|\n|t:|1699948882\n|move|p1a: Rillaboom|U-turn|p2a: Mew\n|-supereffective|p2a: Mew\n|-damage|p2a: Mew|7\/100\n|\n|t:|1699948888\n|switch|p1a: Heatran|Heatran, M|87\/100|[from] U-turn\n|move|p2a: Mew|U-turn|p1a: Heatran\n|-resisted|p1a: Heatran\n|-damage|p1a: Heatran|82\/100\n|\n|t:|1699948912\n|switch|p2a: Togekiss|Togekiss, M|100\/100|[from] U-turn\n|-damage|p2a: Togekiss|76\/100|[from] Stealth Rock\n|\n|-heal|p1a: Heatran|88\/100|[from] Grassy Terrain\n|-heal|p1a: Heatran|94\/100|[from] item: Leftovers\n|upkeep\n|turn|44\n|\n|t:|1699948918\n|switch|p1a: Zapdos|Zapdos|75\/100\n|move|p2a: Togekiss|Air Slash|p1a: Zapdos\n|-resisted|p1a: Zapdos\n|-damage|p1a: Zapdos|57\/100\n|\n|upkeep\n|turn|45\n|\n|t:|1699948923\n|move|p2a: Togekiss|Air Slash|p1a: Zapdos\n|-resisted|p1a: Zapdos\n|-damage|p1a: Zapdos|40\/100\n|cant|p1a: Zapdos|flinch\n|\n|upkeep\n|turn|46\n|\n|t:|1699948928\n|move|p2a: Togekiss|Air Slash|p1a: Zapdos\n|-resisted|p1a: Zapdos\n|-damage|p1a: Zapdos|22\/100\n|move|p1a: Zapdos|Roost|p1a: Zapdos\n|-heal|p1a: Zapdos|72\/100\n|-singleturn|p1a: Zapdos|move: Roost\n|\n|-heal|p1a: Zapdos|78\/100|[from] Grassy Terrain\n|-fieldend|move: Grassy Terrain\n|upkeep\n|turn|47\n|\n|t:|1699948931\n|move|p2a: Togekiss|Air Slash|p1a: Zapdos\n|-resisted|p1a: Zapdos\n|-damage|p1a: Zapdos|59\/100\n|move|p1a: Zapdos|Volt Switch|p2a: Togekiss\n|-supereffective|p2a: Togekiss\n|-damage|p2a: Togekiss|16\/100\n|\n|t:|1699948934\n|switch|p1a: Lopunny|Lopunny-Mega, M|100\/100|[from] Volt Switch\n|\n|upkeep\n|turn|48\n|\n|t:|1699948936\n|move|p1a: Lopunny|Fake Out|p2a: Togekiss\n|-damage|p2a: Togekiss|0 fnt\n|faint|p2a: Togekiss\n|\n|upkeep\n|\n|t:|1699948938\n|switch|p2a: Mew|Mew|7\/100\n|-damage|p2a: Mew|0 fnt|[from] Stealth Rock\n|faint|p2a: Mew\n|\n|win|CrazyDiamond Act2\n|raw|CrazyDiamond Act2's rating: 1610 &rarr; <strong>1629<\/strong><br \/>(+19 for winning)\n|raw|LVGLO's rating: 1597 &rarr; <strong>1578<\/strong><br \/>(-19 for losing)\n|l|\u2606LVGLO\n","uploadtime":1699948945,"views":4,"p1id":"crazydiamondact2","p2id":"lvglo","formatid":"gen9nationaldex","rating":1578,"private":0,"password":""}