{"id":"gen9nationaldex-1999031061","p1":"substenance","p2":"jiangxiuxiu1218","format":"[Gen 9] National Dex","log":"|html|<div class=\"broadcast-blue\"><strong>[Gen 9] National Dex is currently suspecting Sneasler! For information on how to participate check out the <a href=\"https:\/\/www.smogon.com\/forums\/threads\/sv-national-dex-suspect-8-just-dance.3731534\/\">suspect thread<\/a>.<\/strong><\/div>\n|j|\u2606substenance\n|j|\u2606jiangxiuxiu1218\n|t:|1701025776\n|gametype|singles\n|player|p1|substenance|red|1101\n|player|p2|jiangxiuxiu1218|riley|1205\n|teamsize|p1|6\n|teamsize|p2|6\n|gen|9\n|tier|[Gen 9] National Dex\n|rated|\n|rule|HP Percentage Mod: HP is shown in percentages\n|rule|Endless Battle Clause: Forcing endless battles is banned\n|rule|OHKO Clause: OHKO moves are banned\n|rule|Evasion Clause: Evasion abilities, items, and moves are banned\n|rule|Evasion Abilities Clause: Evasion abilities are banned\n|rule|Evasion Items Clause: Evasion items are banned\n|rule|Evasion Moves Clause: Evasion moves are banned\n|rule|Species Clause: Limit one of each Pok\u00e9mon\n|rule|Sleep Clause Mod: Limit one foe put to sleep\n|clearpoke\n|poke|p1|Torkoal, F|\n|poke|p1|Rotom-Heat|\n|poke|p1|Landorus-Therian, M|\n|poke|p1|Heatran, M|\n|poke|p1|Charizard, F|\n|poke|p1|Venusaur, M|\n|poke|p2|Rillaboom, M|\n|poke|p2|Sneasler, M|\n|poke|p2|Dragonite, F|\n|poke|p2|Heatran, M|\n|poke|p2|Aegislash, M|\n|poke|p2|Banette, M|\n|teampreview\n|inactive|Battle timer is ON: inactive players will automatically lose when time's up. (requested by substenance)\n|\n|t:|1701025784\n|start\n|switch|p1a: Landorus|Landorus-Therian, M|100\/100\n|switch|p2a: Heatran|Heatran, M, shiny|100\/100\n|-ability|p1a: Landorus|Intimidate|boost\n|-unboost|p2a: Heatran|atk|1\n|turn|1\n|\n|t:|1701025793\n|move|p1a: Landorus|Rock Polish|p1a: Landorus\n|-boost|p1a: Landorus|spe|2\n|move|p2a: Heatran|Stealth Rock|p1a: Landorus\n|-sidestart|p1: substenance|move: Stealth Rock\n|\n|upkeep\n|turn|2\n|\n|t:|1701025800\n|switch|p2a: Dragonite|Dragonite, F|100\/100\n|move|p1a: Landorus|Swords Dance|p1a: Landorus\n|-boost|p1a: Landorus|atk|2\n|\n|upkeep\n|turn|3\n|\n|t:|1701025811\n|-zpower|p1a: Landorus\n|move|p1a: Landorus|Continental Crush|p2a: Dragonite|[zeffect]\n|-supereffective|p2a: Dragonite\n|-damage|p2a: Dragonite|35\/100\n|move|p2a: Dragonite|Curse|p2a: Dragonite\n|-unboost|p2a: Dragonite|spe|1\n|-boost|p2a: Dragonite|atk|1\n|-boost|p2a: Dragonite|def|1\n|\n|upkeep\n|turn|4\n|\n|t:|1701025828\n|-terastallize|p2a: Dragonite|Normal\n|move|p2a: Dragonite|Extreme Speed|p1a: Landorus\n|-damage|p1a: Landorus|20\/100\n|move|p1a: Landorus|Smack Down|p2a: Dragonite\n|-damage|p2a: Dragonite|13\/100\n|\n|upkeep\n|turn|5\n|\n|t:|1701025838\n|move|p2a: Dragonite|Extreme Speed|p1a: Landorus\n|-damage|p1a: Landorus|0 fnt\n|faint|p1a: Landorus\n|\n|upkeep\n|\n|t:|1701025840\n|switch|p1a: Torkoal|Torkoal, F|100\/100\n|-damage|p1a: Torkoal|75\/100|[from] Stealth Rock\n|-weather|SunnyDay|[from] ability: Drought|[of] p1a: Torkoal\n|turn|6\n|\n|t:|1701025848\n|move|p2a: Dragonite|Roost|p2a: Dragonite\n|-heal|p2a: Dragonite|63\/100\n|move|p1a: Torkoal|Lava Plume|p2a: Dragonite\n|-damage|p2a: Dragonite|32\/100\n|\n|-weather|SunnyDay|[upkeep]\n|upkeep\n|turn|7\n|\n|t:|1701025867\n|move|p2a: Dragonite|Roost|p2a: Dragonite\n|-heal|p2a: Dragonite|82\/100\n|move|p1a: Torkoal|Body Press|p2a: Dragonite\n|-supereffective|p2a: Dragonite\n|-damage|p2a: Dragonite|40\/100\n|\n|-weather|SunnyDay|[upkeep]\n|upkeep\n|turn|8\n|\n|t:|1701025876\n|move|p2a: Dragonite|Roost|p2a: Dragonite\n|-heal|p2a: Dragonite|90\/100\n|move|p1a: Torkoal|Toxic|p2a: Dragonite\n|-status|p2a: Dragonite|tox\n|-enditem|p2a: Dragonite|Lum Berry|[eat]\n|-curestatus|p2a: Dragonite|tox|[msg]\n|\n|-weather|SunnyDay|[upkeep]\n|upkeep\n|turn|9\n|\n|t:|1701025885\n|move|p2a: Dragonite|Earthquake|p1a: Torkoal\n|-supereffective|p1a: Torkoal\n|-damage|p1a: Torkoal|15\/100\n|move|p1a: Torkoal|Stealth Rock|p2a: Dragonite\n|-sidestart|p2: jiangxiuxiu1218|move: Stealth Rock\n|\n|-weather|SunnyDay|[upkeep]\n|upkeep\n|turn|10\n|\n|t:|1701025892\n|switch|p1a: Rotom|Rotom-Heat|100\/100\n|-damage|p1a: Rotom|75\/100|[from] Stealth Rock\n|move|p2a: Dragonite|Extreme Speed|p1a: Rotom\n|-damage|p1a: Rotom|19\/100\n|\n|-weather|SunnyDay|[upkeep]\n|-heal|p1a: Rotom|25\/100|[from] item: Leftovers\n|upkeep\n|turn|11\n|\n|t:|1701025902\n|move|p2a: Dragonite|Extreme Speed|p1a: Rotom\n|-damage|p1a: Rotom|0 fnt\n|faint|p1a: Rotom\n|\n|-weather|SunnyDay|[upkeep]\n|upkeep\n|\n|t:|1701025908\n|switch|p1a: Heatran|Heatran, M|100\/100\n|-damage|p1a: Heatran|88\/100|[from] Stealth Rock\n|turn|12\n|\n|t:|1701025914\n|move|p2a: Dragonite|Extreme Speed|p1a: Heatran\n|-resisted|p1a: Heatran\n|-crit|p1a: Heatran\n|-damage|p1a: Heatran|44\/100\n|move|p1a: Heatran|Magma Storm|p2a: Dragonite\n|-damage|p2a: Dragonite|33\/100\n|-activate|p2a: Dragonite|move: Magma Storm|[of] p1a: Heatran\n|\n|-weather|SunnyDay|[upkeep]\n|-heal|p1a: Heatran|50\/100|[from] item: Leftovers\n|-damage|p2a: Dragonite|21\/100|[from] move: Magma Storm|[partiallytrapped]\n|upkeep\n|turn|13\n|\n|t:|1701025925\n|move|p1a: Heatran|Protect|p1a: Heatran\n|-singleturn|p1a: Heatran|Protect\n|move|p2a: Dragonite|Earthquake|p1a: Heatran\n|-activate|p1a: Heatran|move: Protect\n|\n|-weather|none\n|-heal|p1a: Heatran|56\/100|[from] item: Leftovers\n|-damage|p2a: Dragonite|9\/100|[from] move: Magma Storm|[partiallytrapped]\n|upkeep\n|turn|14\n|\n|t:|1701025946\n|move|p1a: Heatran|Protect||[still]\n|-fail|p1a: Heatran\n|move|p2a: Dragonite|Roost|p2a: Dragonite\n|-heal|p2a: Dragonite|59\/100\n|\n|-heal|p1a: Heatran|63\/100|[from] item: Leftovers\n|-damage|p2a: Dragonite|46\/100|[from] move: Magma Storm|[partiallytrapped]\n|upkeep\n|turn|15\n|\n|t:|1701025955\n|move|p1a: Heatran|Magma Storm|p2a: Dragonite\n|-damage|p2a: Dragonite|10\/100\n|move|p2a: Dragonite|Roost|p2a: Dragonite\n|-heal|p2a: Dragonite|60\/100\n|\n|-heal|p1a: Heatran|69\/100|[from] item: Leftovers\n|-damage|p2a: Dragonite|48\/100|[from] move: Magma Storm|[partiallytrapped]\n|upkeep\n|turn|16\n|\n|t:|1701025965\n|move|p1a: Heatran|Toxic|p2a: Dragonite\n|-status|p2a: Dragonite|tox\n|move|p2a: Dragonite|Roost|p2a: Dragonite\n|-heal|p2a: Dragonite|98\/100 tox\n|\n|-heal|p1a: Heatran|75\/100|[from] item: Leftovers\n|-damage|p2a: Dragonite|92\/100 tox|[from] psn\n|-damage|p2a: Dragonite|79\/100 tox|[from] move: Magma Storm|[partiallytrapped]\n|upkeep\n|turn|17\n|\n|t:|1701025975\n|move|p1a: Heatran|Protect|p1a: Heatran\n|-singleturn|p1a: Heatran|Protect\n|move|p2a: Dragonite|Earthquake|p1a: Heatran\n|-activate|p1a: Heatran|move: Protect\n|\n|-heal|p1a: Heatran|81\/100|[from] item: Leftovers\n|-damage|p2a: Dragonite|67\/100 tox|[from] psn\n|-end|p2a: Dragonite|Magma Storm|[partiallytrapped]\n|upkeep\n|turn|18\n|\n|t:|1701025985\n|move|p1a: Heatran|Magma Storm|p2a: Dragonite\n|-damage|p2a: Dragonite|28\/100 tox\n|-activate|p2a: Dragonite|move: Magma Storm|[of] p1a: Heatran\n|move|p2a: Dragonite|Roost|p2a: Dragonite\n|-heal|p2a: Dragonite|78\/100 tox\n|\n|-heal|p1a: Heatran|88\/100|[from] item: Leftovers\n|-damage|p2a: Dragonite|59\/100 tox|[from] psn\n|-damage|p2a: Dragonite|47\/100 tox|[from] move: Magma Storm|[partiallytrapped]\n|upkeep\n|turn|19\n|\n|t:|1701025996\n|move|p1a: Heatran|Protect|p1a: Heatran\n|-singleturn|p1a: Heatran|Protect\n|move|p2a: Dragonite|Roost|p2a: Dragonite\n|-heal|p2a: Dragonite|97\/100 tox\n|\n|-heal|p1a: Heatran|94\/100|[from] item: Leftovers\n|-damage|p2a: Dragonite|72\/100 tox|[from] psn\n|-damage|p2a: Dragonite|60\/100 tox|[from] move: Magma Storm|[partiallytrapped]\n|upkeep\n|turn|20\n|\n|t:|1701026006\n|move|p1a: Heatran|Protect|p1a: Heatran\n|-singleturn|p1a: Heatran|Protect\n|move|p2a: Dragonite|Earthquake|p1a: Heatran\n|-activate|p1a: Heatran|move: Protect\n|\n|-heal|p1a: Heatran|99\/100|[from] item: Leftovers\n|-damage|p2a: Dragonite|28\/100 tox|[from] psn\n|-damage|p2a: Dragonite|16\/100 tox|[from] move: Magma Storm|[partiallytrapped]\n|upkeep\n|turn|21\n|\n|t:|1701026017\n|switch|p1a: Charizard|Charizard, F|100\/100\n|-damage|p1a: Charizard|50\/100|[from] Stealth Rock\n|move|p2a: Dragonite|Extreme Speed|p1a: Charizard\n|-damage|p1a: Charizard|0 fnt\n|faint|p1a: Charizard\n|\n|-damage|p2a: Dragonite|0 fnt|[from] psn\n|faint|p2a: Dragonite\n|upkeep\n|\n|t:|1701026029\n|switch|p1a: Torkoal|Torkoal, F|15\/100\n|switch|p2a: Heatran|Heatran, M, shiny|100\/100\n|-damage|p2a: Heatran|88\/100|[from] Stealth Rock\n|-damage|p1a: Torkoal|0 fnt|[from] Stealth Rock\n|faint|p1a: Torkoal\n|\n|t:|1701026037\n|switch|p1a: Heatran|Heatran, M|99\/100\n|-damage|p1a: Heatran|88\/100|[from] Stealth Rock\n|turn|22\n|\n|t:|1701026047\n|switch|p2a: Rillaboom|Rillaboom, M, shiny|100\/100\n|-damage|p2a: Rillaboom|88\/100|[from] Stealth Rock\n|-fieldstart|move: Grassy Terrain|[from] ability: Grassy Surge|[of] p2a: Rillaboom\n|move|p1a: Heatran|Earth Power|p2a: Rillaboom\n|-resisted|p2a: Rillaboom\n|-damage|p2a: Rillaboom|70\/100\n|\n|-heal|p2a: Rillaboom|77\/100|[from] Grassy Terrain\n|-heal|p1a: Heatran|94\/100|[from] Grassy Terrain\n|-heal|p1a: Heatran|99\/100|[from] item: Leftovers\n|upkeep\n|turn|23\n|\n|t:|1701026061\n|move|p2a: Rillaboom|Knock Off|p1a: Heatran\n|-damage|p1a: Heatran|54\/100\n|-enditem|p1a: Heatran|Leftovers|[from] move: Knock Off|[of] p2a: Rillaboom\n|move|p1a: Heatran|Toxic|p2a: Rillaboom\n|-status|p2a: Rillaboom|tox\n|\n|-heal|p2a: Rillaboom|83\/100 tox|[from] Grassy Terrain\n|-heal|p1a: Heatran|60\/100|[from] Grassy Terrain\n|-damage|p2a: Rillaboom|77\/100 tox|[from] psn\n|upkeep\n|turn|24\n|\n|t:|1701026074\n|switch|p2a: Sneasler|Sneasler, M|100\/100\n|-damage|p2a: Sneasler|95\/100|[from] Stealth Rock\n|-enditem|p2a: Sneasler|Grassy Seed\n|-boost|p2a: Sneasler|def|1|[from] item: Grassy Seed\n|move|p1a: Heatran|Protect||[still]\n|-fail|p1a: Heatran\n|\n|-heal|p2a: Sneasler|100\/100|[from] Grassy Terrain\n|-heal|p1a: Heatran|66\/100|[from] Grassy Terrain\n|upkeep\n|turn|25\n|\n|t:|1701026086\n|-terastallize|p1a: Heatran|Fire\n|move|p2a: Sneasler|Swords Dance|p2a: Sneasler\n|-boost|p2a: Sneasler|atk|2\n|move|p1a: Heatran|Magma Storm|p2a: Sneasler\n|-damage|p2a: Sneasler|23\/100\n|-activate|p2a: Sneasler|move: Magma Storm|[of] p1a: Heatran\n|\n|-heal|p2a: Sneasler|29\/100|[from] Grassy Terrain\n|-heal|p1a: Heatran|73\/100|[from] Grassy Terrain\n|-damage|p2a: Sneasler|17\/100|[from] move: Magma Storm|[partiallytrapped]\n|upkeep\n|turn|26\n|\n|t:|1701026101\n|move|p1a: Heatran|Protect|p1a: Heatran\n|-singleturn|p1a: Heatran|Protect\n|move|p2a: Sneasler|Close Combat|p1a: Heatran\n|-activate|p1a: Heatran|move: Protect\n|\n|-heal|p2a: Sneasler|23\/100|[from] Grassy Terrain\n|-heal|p1a: Heatran|79\/100|[from] Grassy Terrain\n|-damage|p2a: Sneasler|10\/100|[from] move: Magma Storm|[partiallytrapped]\n|-fieldend|move: Grassy Terrain\n|upkeep\n|turn|27\n|\n|t:|1701026111\n|switch|p1a: Venusaur|Venusaur, M|100\/100\n|-damage|p1a: Venusaur|88\/100|[from] Stealth Rock\n|move|p2a: Sneasler|Dire Claw|p1a: Venusaur\n|-crit|p1a: Venusaur\n|-damage|p1a: Venusaur|0 fnt\n|faint|p1a: Venusaur\n|\n|-end|p2a: Sneasler|Magma Storm|[partiallytrapped]|[silent]\n|upkeep\n|\n|t:|1701026118\n|switch|p1a: Heatran|Heatran, M, tera:Fire|79\/100\n|-damage|p1a: Heatran|54\/100|[from] Stealth Rock\n|turn|28\n|\n|t:|1701026125\n|move|p1a: Heatran|Protect|p1a: Heatran\n|-singleturn|p1a: Heatran|Protect\n|move|p2a: Sneasler|Close Combat|p1a: Heatran\n|-activate|p1a: Heatran|move: Protect\n|\n|upkeep\n|turn|29\n|\n|t:|1701026132\n|move|p2a: Sneasler|Close Combat|p1a: Heatran\n|-damage|p1a: Heatran|0 fnt\n|-unboost|p2a: Sneasler|def|1\n|-unboost|p2a: Sneasler|spd|1\n|faint|p1a: Heatran\n|\n|win|jiangxiuxiu1218\n|raw|substenance's rating: 1101 &rarr; <strong>1083<\/strong><br \/>(-18 for losing)\n|raw|jiangxiuxiu1218's rating: 1205 &rarr; <strong>1223<\/strong><br \/>(+18 for winning)\n|l|\u2606substenance\n","uploadtime":1701026142,"views":1,"p1id":"substenance","p2id":"jiangxiuxiu1218","formatid":"gen9nationaldex","rating":1083,"private":0,"password":""}