{"id":"gen9nationaldex-1994592889","p1":"Phoenixlex","p2":"mtyqjltz6","format":"[Gen 9] National Dex","log":"|html|<div class=\"broadcast-blue\"><strong>[Gen 9] National Dex is currently suspecting Sneasler! For information on how to participate check out the <a href=\"https:\/\/www.smogon.com\/forums\/threads\/sv-national-dex-suspect-8-just-dance.3731534\/\">suspect thread<\/a>.<\/strong><\/div>\n|j|\u2606Phoenixlex\n|j|\u2606mtyqjltz6\n|t:|1700465885\n|gametype|singles\n|player|p1|Phoenixlex|lusamine-nihilego|1320\n|player|p2|mtyqjltz6|elesa|1407\n|teamsize|p1|6\n|teamsize|p2|6\n|gen|9\n|tier|[Gen 9] National Dex\n|rated|\n|rule|HP Percentage Mod: HP is shown in percentages\n|rule|Endless Battle Clause: Forcing endless battles is banned\n|rule|OHKO Clause: OHKO moves are banned\n|rule|Evasion Clause: Evasion abilities, items, and moves are banned\n|rule|Evasion Abilities Clause: Evasion abilities are banned\n|rule|Evasion Items Clause: Evasion items are banned\n|rule|Evasion Moves Clause: Evasion moves are banned\n|rule|Species Clause: Limit one of each Pok\u00e9mon\n|rule|Sleep Clause Mod: Limit one foe put to sleep\n|clearpoke\n|poke|p1|Ogerpon-Wellspring, F|\n|poke|p1|Diancie|\n|poke|p1|Dondozo, F|\n|poke|p1|Sneasler, F|\n|poke|p1|Tapu Koko|\n|poke|p1|Glimmora, F|\n|poke|p2|Raticate, M|\n|poke|p2|Ribombee, F|\n|poke|p2|Nidoking, M|\n|poke|p2|Bisharp, M|\n|poke|p2|Medicham, F|\n|poke|p2|Thundurus-Therian, M|\n|teampreview\n|inactive|Battle timer is ON: inactive players will automatically lose when time's up. (requested by Phoenixlex)\n|\n|t:|1700465902\n|start\n|switch|p1a: Tapu Koko|Tapu Koko|100\/100\n|switch|p2a: Ribombee|Ribombee, F, shiny|100\/100\n|-fieldstart|move: Electric Terrain|[from] ability: Electric Surge|[of] p1a: Tapu Koko\n|turn|1\n|\n|t:|1700465908\n|move|p1a: Tapu Koko|Brave Bird|p2a: Ribombee\n|-supereffective|p2a: Ribombee\n|-enditem|p2a: Ribombee|Focus Sash\n|-damage|p2a: Ribombee|1\/100\n|-damage|p1a: Tapu Koko|70\/100|[from] Recoil\n|move|p2a: Ribombee|Sticky Web|p1a: Tapu Koko\n|-sidestart|p1: Phoenixlex|move: Sticky Web\n|\n|upkeep\n|turn|2\n|\n|t:|1700465917\n|move|p1a: Tapu Koko|Dazzling Gleam|p2a: Ribombee\n|-damage|p2a: Ribombee|0 fnt\n|faint|p2a: Ribombee\n|\n|upkeep\n|\n|t:|1700465938\n|switch|p2a: Medicham|Medicham, F|100\/100\n|turn|3\n|\n|t:|1700465943\n|detailschange|p2a: Medicham|Medicham-Mega, F\n|-mega|p2a: Medicham|Medicham|Medichamite\n|move|p2a: Medicham|Fake Out|p1a: Tapu Koko\n|-damage|p1a: Tapu Koko|36\/100\n|cant|p1a: Tapu Koko|flinch\n|\n|upkeep\n|turn|4\n|\n|t:|1700465968\n|move|p2a: Medicham|Bullet Punch|p1a: Tapu Koko\n|-damage|p1a: Tapu Koko|4\/100\n|-zpower|p1a: Tapu Koko\n|move|p1a: Tapu Koko|Gigavolt Havoc|p2a: Medicham|[zeffect]\n|-damage|p2a: Medicham|0 fnt\n|faint|p2a: Medicham\n|\n|upkeep\n|\n|t:|1700465977\n|switch|p2a: Raticate|Raticate, M|100\/100\n|turn|5\n|\n|t:|1700465979\n|move|p2a: Raticate|Sucker Punch|p1a: Tapu Koko\n|-resisted|p1a: Tapu Koko\n|-damage|p1a: Tapu Koko|0 fnt\n|faint|p1a: Tapu Koko\n|\n|-fieldend|move: Electric Terrain\n|-status|p2a: Raticate|brn|[from] item: Flame Orb\n|upkeep\n|\n|t:|1700465984\n|switch|p1a: Glimmora|Glimmora, F|100\/100\n|-activate|p1a: Glimmora|move: Sticky Web\n|-unboost|p1a: Glimmora|spe|1\n|turn|6\n|\n|t:|1700465991\n|move|p2a: Raticate|Stomping Tantrum|p1a: Glimmora\n|-supereffective|p1a: Glimmora\n|-damage|p1a: Glimmora|0 fnt\n|-activate|p1a: Glimmora|ability: Toxic Debris\n|-sidestart|p2: mtyqjltz6|move: Toxic Spikes\n|faint|p1a: Glimmora\n|\n|-damage|p2a: Raticate|95\/100 brn|[from] brn\n|upkeep\n|\n|t:|1700465997\n|switch|p1a: Dondozo|Dondozo, F|100\/100\n|turn|7\n|\n|t:|1700466000\n|switch|p2a: Thundurus|Thundurus-Therian, M|100\/100\n|move|p1a: Dondozo|Wave Crash|p2a: Thundurus\n|-damage|p2a: Thundurus|32\/100\n|-damage|p1a: Dondozo|87\/100|[from] Recoil\n|\n|upkeep\n|turn|8\n|\n|t:|1700466013\n|switch|p1a: Ogerpon|Ogerpon-Wellspring, F|100\/100\n|-activate|p1a: Ogerpon|move: Sticky Web\n|-unboost|p1a: Ogerpon|spe|1\n|move|p2a: Thundurus|Thunderbolt|p1a: Ogerpon\n|-damage|p1a: Ogerpon|43\/100\n|\n|upkeep\n|turn|9\n|\n|t:|1700466021\n|move|p2a: Thundurus|Thunderbolt|p1a: Ogerpon\n|-damage|p1a: Ogerpon|0 fnt\n|faint|p1a: Ogerpon\n|\n|upkeep\n|\n|t:|1700466022\n|switch|p1a: Sneasler|Sneasler, F|100\/100\n|-activate|p1a: Sneasler|move: Sticky Web\n|-unboost|p1a: Sneasler|spe|1\n|turn|10\n|\n|t:|1700466039\n|switch|p2a: Raticate|Raticate, M|95\/100 brn\n|move|p1a: Sneasler|Fling|p2a: Raticate\n|-damage|p2a: Raticate|0 fnt\n|-enditem|p1a: Sneasler|Big Nugget|[from] move: Fling\n|faint|p2a: Raticate\n|\n|upkeep\n|\n|t:|1700466057\n|switch|p2a: Nidoking|Nidoking, M|100\/100\n|-sideend|p2: mtyqjltz6|move: Toxic Spikes|[of] p2a: Nidoking\n|turn|11\n|\n|t:|1700466070\n|move|p1a: Sneasler|Dire Claw|p2a: Nidoking\n|-resisted|p2a: Nidoking\n|-damage|p2a: Nidoking|85\/100\n|move|p2a: Nidoking|Ice Beam|p1a: Sneasler\n|-damage|p1a: Sneasler|45\/100\n|\n|upkeep\n|turn|12\n|\n|t:|1700466076\n|move|p1a: Sneasler|Dire Claw|p2a: Nidoking\n|-resisted|p2a: Nidoking\n|-damage|p2a: Nidoking|69\/100\n|move|p2a: Nidoking|Earth Power|p1a: Sneasler\n|-supereffective|p1a: Sneasler\n|-damage|p1a: Sneasler|0 fnt\n|faint|p1a: Sneasler\n|\n|upkeep\n|\n|t:|1700466082\n|switch|p1a: Diancie|Diancie|100\/100\n|-activate|p1a: Diancie|move: Sticky Web\n|-fail|p1a: Diancie|unboost|[from] ability: Clear Body|[of] p1a: Diancie\n|turn|13\n|\n|t:|1700466104\n|detailschange|p1a: Diancie|Diancie-Mega\n|-mega|p1a: Diancie|Diancie|Diancite\n|-terastallize|p2a: Nidoking|Ground\n|move|p1a: Diancie|Moonblast|p2a: Nidoking\n|-damage|p2a: Nidoking|0 fnt\n|faint|p2a: Nidoking\n|\n|upkeep\n|\n|t:|1700466110\n|switch|p2a: Bisharp|Bisharp, M, shiny|100\/100\n|turn|14\n|\n|t:|1700466112\n|move|p1a: Diancie|Mystical Fire|p2a: Bisharp\n|-supereffective|p2a: Bisharp\n|-damage|p2a: Bisharp|34\/100\n|-unboost|p2a: Bisharp|spa|1\n|-ability|p2a: Bisharp|Defiant|boost\n|-boost|p2a: Bisharp|atk|2\n|move|p2a: Bisharp|Iron Head|p1a: Diancie\n|-supereffective|p1a: Diancie\n|-damage|p1a: Diancie|0 fnt\n|faint|p1a: Diancie\n|\n|upkeep\n|\n|t:|1700466115\n|switch|p1a: Dondozo|Dondozo, F|87\/100\n|turn|15\n|\n|t:|1700466120\n|move|p2a: Bisharp|Knock Off|p1a: Dondozo\n|-damage|p1a: Dondozo|65\/100\n|-enditem|p1a: Dondozo|Heavy-Duty Boots|[from] move: Knock Off|[of] p2a: Bisharp\n|move|p1a: Dondozo|Body Press|p2a: Bisharp\n|-supereffective|p2a: Bisharp\n|-damage|p2a: Bisharp|0 fnt\n|faint|p2a: Bisharp\n|\n|upkeep\n|\n|t:|1700466127\n|switch|p2a: Thundurus|Thundurus-Therian, M|32\/100\n|turn|16\n|\n|t:|1700466135\n|move|p2a: Thundurus|Thunderbolt|p1a: Dondozo\n|-supereffective|p1a: Dondozo\n|-damage|p1a: Dondozo|0 fnt\n|faint|p1a: Dondozo\n|\n|win|mtyqjltz6\n|raw|Phoenixlex's rating: 1320 &rarr; <strong>1305<\/strong><br \/>(-15 for losing)\n|raw|mtyqjltz6's rating: 1407 &rarr; <strong>1422<\/strong><br \/>(+15 for winning)\n|l|\u2606Phoenixlex\n","uploadtime":1700466138,"views":6,"p1id":"phoenixlex","p2id":"mtyqjltz6","formatid":"gen9nationaldex","rating":1305,"private":0,"password":""}