{"id":"gen9nationaldex-1991634698","p1":"Danwine","p2":"Arlo Ghost","format":"[Gen 9] National Dex","log":"|j|\u2606Danwine\n|j|\u2606Arlo Ghost\n|t:|1700096682\n|gametype|singles\n|player|p1|Danwine|brycen|\n|player|p2|Arlo Ghost|mars|\n|teamsize|p1|6\n|teamsize|p2|6\n|gen|9\n|tier|[Gen 9] National Dex\n|rule|HP Percentage Mod: HP is shown in percentages\n|rule|Endless Battle Clause: Forcing endless battles is banned\n|rule|OHKO Clause: OHKO moves are banned\n|rule|Evasion Clause: Evasion abilities, items, and moves are banned\n|rule|Evasion Abilities Clause: Evasion abilities are banned\n|rule|Evasion Items Clause: Evasion items are banned\n|rule|Evasion Moves Clause: Evasion moves are banned\n|rule|Species Clause: Limit one of each Pok\u00e9mon\n|rule|Sleep Clause Mod: Limit one foe put to sleep\n|clearpoke\n|poke|p1|Pelipper, M|\n|poke|p1|Volcarona, M|\n|poke|p1|Bellibolt, F|\n|poke|p1|Sinistcha-Masterpiece|\n|poke|p1|Garganacl, M|\n|poke|p1|Clodsire, F|\n|poke|p2|Mandibuzz, F|\n|poke|p2|Greninja-*, M|\n|poke|p2|Tyranitar, M|\n|poke|p2|Muk-Alola, M|\n|poke|p2|Grimmsnarl, M|\n|poke|p2|Hydreigon, M|\n|teampreview\n|c|\u2606Arlo Ghost|https:\/\/www.youtube.com\/watch?v=TaRleMb7eH0\n|c|\u2606Arlo Ghost|suerte\n|\n|t:|1700096716\n|start\n|switch|p1a: Nito|Clodsire, F|100\/100\n|switch|p2a: Sherkemo|Grimmsnarl, M|100\/100\n|turn|1\n|\n|t:|1700096732\n|switch|p2a: Marijuano|Muk-Alola, M|100\/100\n|move|p1a: Nito|Toxic|p2a: Marijuano\n|-immune|p2a: Marijuano\n|\n|upkeep\n|turn|2\n|\n|t:|1700096738\n|move|p2a: Marijuano|Knock Off|p1a: Nito\n|-damage|p1a: Nito|66\/100\n|-enditem|p1a: Nito|Black Sludge|[from] move: Knock Off|[of] p2a: Marijuano\n|move|p1a: Nito|Stealth Rock|p2a: Marijuano\n|-sidestart|p2: Arlo Ghost|move: Stealth Rock\n|\n|upkeep\n|turn|3\n|\n|t:|1700096745\n|switch|p2a: Winona|Mandibuzz, F|100\/100\n|-damage|p2a: Winona|76\/100|[from] Stealth Rock\n|move|p1a: Nito|Recover|p1a: Nito\n|-heal|p1a: Nito|100\/100\n|\n|upkeep\n|turn|4\n|\n|t:|1700096753\n|switch|p2a: Marijuano|Muk-Alola, M|100\/100\n|-damage|p2a: Marijuano|88\/100|[from] Stealth Rock\n|move|p1a: Nito|Toxic|p2a: Marijuano\n|-immune|p2a: Marijuano\n|\n|upkeep\n|turn|5\n|\n|t:|1700096760\n|switch|p2a: Sherkemo|Grimmsnarl, M|100\/100\n|-damage|p2a: Sherkemo|88\/100|[from] Stealth Rock\n|move|p1a: Nito|Toxic|p2a: Sherkemo\n|-status|p2a: Sherkemo|tox\n|\n|-damage|p2a: Sherkemo|82\/100 tox|[from] psn\n|upkeep\n|turn|6\n|\n|t:|1700096772\n|move|p2a: Sherkemo|Reflect|p2a: Sherkemo\n|-sidestart|p2: Arlo Ghost|Reflect\n|move|p1a: Nito|Stealth Rock||[still]\n|-fail|p1a: Nito\n|\n|-damage|p2a: Sherkemo|70\/100 tox|[from] psn\n|upkeep\n|turn|7\n|c|\u2606Danwine|Me equivoqu\u00e9\n|j| Sylveon(404)\n|\n|t:|1700096784\n|switch|p1a: Papu|Pelipper, M, shiny|100\/100\n|-weather|RainDance|[from] ability: Drizzle|[of] p1a: Papu\n|move|p2a: Sherkemo|Light Screen|p2a: Sherkemo\n|-sidestart|p2: Arlo Ghost|move: Light Screen\n|\n|-weather|RainDance|[upkeep]\n|-damage|p2a: Sherkemo|52\/100 tox|[from] psn\n|upkeep\n|turn|8\n|\n|t:|1700096794\n|move|p2a: Sherkemo|Parting Shot|p1a: Papu\n|-unboost|p1a: Papu|atk|1\n|-unboost|p1a: Papu|spa|1\n|\n|t:|1700096796\n|switch|p2a: Rockzilla|Tyranitar, M, shiny|100\/100|[from] Parting Shot\n|-damage|p2a: Rockzilla|88\/100|[from] Stealth Rock\n|-weather|Sandstorm|[from] ability: Sand Stream|[of] p2a: Rockzilla\n|move|p1a: Papu|Defog|p2a: Rockzilla\n|-unboost|p2a: Rockzilla|evasion|1\n|-sideend|p2: Arlo Ghost|Reflect\n|-sideend|p2: Arlo Ghost|move: Light Screen\n|-sideend|p2: Arlo Ghost|Stealth Rock|[from] move: Defog|[of] p1a: Papu\n|\n|-weather|Sandstorm|[upkeep]\n|-damage|p1a: Papu|94\/100|[from] Sandstorm\n|upkeep\n|turn|9\n|c| Sylveon(404)|arlo\n|j| WSoldat\n|c| Sylveon(404)|el dijo q el team galaxia esta horrible\n|c|\u2606Danwine|Nunca dije eso!\n|c| Sylveon(404)|sis\n|c| WSoldat|Dale arlo, dale con la silla!\n|\n|t:|1700096828\n|switch|p1a: Nito|Clodsire, F|100\/100\n|move|p2a: Rockzilla|Dragon Dance|p2a: Rockzilla\n|-boost|p2a: Rockzilla|atk|1\n|-boost|p2a: Rockzilla|spe|1\n|\n|-weather|Sandstorm|[upkeep]\n|upkeep\n|turn|10\n|\n|t:|1700096835\n|detailschange|p2a: Rockzilla|Tyranitar-Mega, M, shiny\n|-mega|p2a: Rockzilla|Tyranitar|Tyranitarite\n|move|p2a: Rockzilla|Earthquake|p1a: Nito\n|-supereffective|p1a: Nito\n|-damage|p1a: Nito|0 fnt\n|faint|p1a: Nito\n|\n|-weather|Sandstorm|[upkeep]\n|upkeep\n|\n|t:|1700096847\n|switch|p1a: Barb|Volcarona, M, shiny|100\/100\n|turn|11\n|\n|t:|1700096854\n|move|p2a: Rockzilla|Rock Slide|p1a: Barb|[miss]\n|-miss|p2a: Rockzilla|p1a: Barb\n|move|p1a: Barb|Quiver Dance|p1a: Barb\n|-boost|p1a: Barb|spa|1\n|-boost|p1a: Barb|spd|1\n|-boost|p1a: Barb|spe|1\n|\n|-weather|Sandstorm|[upkeep]\n|-damage|p1a: Barb|94\/100|[from] Sandstorm\n|upkeep\n|turn|12\n|\n|t:|1700096873\n|move|p1a: Barb|Giga Drain|p2a: Rockzilla\n|-supereffective|p2a: Rockzilla\n|-damage|p2a: Rockzilla|50\/100\n|-heal|p1a: Barb|100\/100|[from] drain|[of] p2a: Rockzilla\n|move|p2a: Rockzilla|Rock Slide|p1a: Barb\n|-supereffective|p1a: Barb\n|-enditem|p1a: Barb|Focus Sash\n|-damage|p1a: Barb|1\/100\n|\n|-weather|none\n|upkeep\n|turn|13\n|\n|t:|1700096887\n|-terastallize|p1a: Barb|Grass\n|move|p1a: Barb|Giga Drain|p2a: Rockzilla\n|-supereffective|p2a: Rockzilla\n|-damage|p2a: Rockzilla|0 fnt\n|-heal|p1a: Barb|26\/100|[from] drain|[of] p2a: Rockzilla\n|faint|p2a: Rockzilla\n|\n|upkeep\n|c| WSoldat|Qn lleva a volca sash?\n|\n|t:|1700096894\n|switch|p2a: Sherkemo|Grimmsnarl, M|52\/100 tox\n|turn|14\n|\n|t:|1700096899\n|move|p2a: Sherkemo|Light Screen|p2a: Sherkemo\n|-sidestart|p2: Arlo Ghost|move: Light Screen\n|move|p1a: Barb|Fiery Dance|p2a: Sherkemo\n|-damage|p2a: Sherkemo|24\/100 tox\n|\n|-damage|p2a: Sherkemo|18\/100 tox|[from] psn\n|upkeep\n|turn|15\n|c| Sylveon(404)|el\n|c| WSoldat|Y nadie mas\n|c|\u2606Arlo Ghost|el\n|\n|t:|1700096907\n|switch|p1a: Papu|Pelipper, M, shiny|94\/100\n|-weather|RainDance|[from] ability: Drizzle|[of] p1a: Papu\n|move|p2a: Sherkemo|Reflect|p2a: Sherkemo\n|-sidestart|p2: Arlo Ghost|Reflect\n|\n|-weather|RainDance|[upkeep]\n|-damage|p2a: Sherkemo|5\/100 tox|[from] psn\n|upkeep\n|turn|16\n|c| Sylveon(404)|y jhoan\n|\n|t:|1700096916\n|move|p1a: Papu|Defog|p2a: Sherkemo\n|-unboost|p2a: Sherkemo|evasion|1\n|-sideend|p2: Arlo Ghost|Reflect\n|-sideend|p2: Arlo Ghost|move: Light Screen\n|move|p2a: Sherkemo|Spirit Break|p1a: Papu\n|-damage|p1a: Papu|55\/100\n|-unboost|p1a: Papu|spa|1\n|\n|-weather|RainDance|[upkeep]\n|-damage|p2a: Sherkemo|0 fnt|[from] psn\n|faint|p2a: Sherkemo\n|upkeep\n|\n|t:|1700096919\n|switch|p2a: Hydrarlo|Hydreigon, M|100\/100\n|turn|17\n|\n|t:|1700096937\n|move|p2a: Hydrarlo|Substitute|p2a: Hydrarlo\n|-start|p2a: Hydrarlo|Substitute\n|-damage|p2a: Hydrarlo|76\/100\n|move|p1a: Papu|Scald|p2a: Hydrarlo\n|-resisted|p2a: Hydrarlo\n|-activate|p2a: Hydrarlo|move: Substitute|[damage]\n|\n|-weather|RainDance|[upkeep]\n|-heal|p2a: Hydrarlo|82\/100|[from] item: Leftovers\n|upkeep\n|turn|18\n|\n|t:|1700096946\n|move|p2a: Hydrarlo|Nasty Plot|p2a: Hydrarlo\n|-boost|p2a: Hydrarlo|spa|2\n|move|p1a: Papu|U-turn|p2a: Hydrarlo\n|-supereffective|p2a: Hydrarlo\n|-end|p2a: Hydrarlo|Substitute\n|\n|t:|1700096953\n|switch|p1a: Garganacl|Garganacl, M|100\/100|[from] U-turn\n|\n|-weather|RainDance|[upkeep]\n|-heal|p2a: Hydrarlo|88\/100|[from] item: Leftovers\n|upkeep\n|turn|19\n|j| Void280\n|\n|t:|1700096961\n|-terastallize|p2a: Hydrarlo|Steel\n|move|p2a: Hydrarlo|Substitute|p2a: Hydrarlo\n|-start|p2a: Hydrarlo|Substitute\n|-damage|p2a: Hydrarlo|63\/100\n|move|p1a: Garganacl|Iron Defense|p1a: Garganacl\n|-boost|p1a: Garganacl|def|2\n|\n|-weather|none\n|-heal|p2a: Hydrarlo|69\/100|[from] item: Leftovers\n|upkeep\n|turn|20\n|\n|t:|1700096972\n|move|p2a: Hydrarlo|Flash Cannon|p1a: Garganacl\n|-supereffective|p1a: Garganacl\n|-damage|p1a: Garganacl|0 fnt\n|faint|p1a: Garganacl\n|\n|-heal|p2a: Hydrarlo|75\/100|[from] item: Leftovers\n|upkeep\n|c|\u2606Danwine|Primero fue pinsir, ahora es este hydreigon\n|\n|t:|1700097010\n|switch|p1a: Aguadios|Bellibolt, F|100\/100\n|turn|21\n|\n|t:|1700097014\n|move|p2a: Hydrarlo|Dark Pulse|p1a: Aguadios\n|-damage|p1a: Aguadios|20\/100\n|-start|p1a: Aguadios|Charge|Dark Pulse|[from] ability: Electromorphosis\n|move|p1a: Aguadios|Thunderbolt|p2a: Hydrarlo\n|-end|p2a: Hydrarlo|Substitute\n|-end|p1a: Aguadios|Charge|[silent]\n|\n|-heal|p2a: Hydrarlo|81\/100|[from] item: Leftovers\n|-heal|p1a: Aguadios|26\/100|[from] item: Leftovers\n|upkeep\n|turn|22\n|\n|t:|1700097026\n|move|p2a: Hydrarlo|Dark Pulse|p1a: Aguadios\n|-damage|p1a: Aguadios|0 fnt\n|faint|p1a: Aguadios\n|\n|-heal|p2a: Hydrarlo|87\/100|[from] item: Leftovers\n|upkeep\n|\n|t:|1700097036\n|switch|p1a: Barb|Volcarona, M, shiny, tera:Grass|26\/100\n|turn|23\n|\n|t:|1700097040\n|move|p2a: Hydrarlo|Dark Pulse|p1a: Barb\n|-damage|p1a: Barb|0 fnt\n|faint|p1a: Barb\n|\n|-heal|p2a: Hydrarlo|93\/100|[from] item: Leftovers\n|upkeep\n|c| Sylveon(404)|ggs\n|\n|t:|1700097050\n|switch|p1a: Pozolito|Sinistcha-Masterpiece, shiny|100\/100\n|turn|24\n|\n|t:|1700097054\n|move|p2a: Hydrarlo|Dark Pulse|p1a: Pozolito\n|-supereffective|p1a: Pozolito\n|-crit|p1a: Pozolito\n|-damage|p1a: Pozolito|0 fnt\n|faint|p1a: Pozolito\n|\n|-heal|p2a: Hydrarlo|99\/100|[from] item: Leftovers\n|upkeep\n|\n|t:|1700097061\n|switch|p1a: Papu|Pelipper, M, shiny|55\/100\n|-weather|RainDance|[from] ability: Drizzle|[of] p1a: Papu\n|turn|25\n|\n|t:|1700097067\n|move|p2a: Hydrarlo|Dark Pulse|p1a: Papu\n|-damage|p1a: Papu|0 fnt\n|faint|p1a: Papu\n|\n|win|Arlo Ghost\n|c| WSoldat|Uff\n|c|\u2606Arlo Ghost|juego, set y partido\n|c|\u2606Arlo Ghost|gg\n","uploadtime":1700097076,"views":14,"p1id":"danwine","p2id":"arloghost","formatid":"gen9nationaldex","rating":0,"private":0,"password":""}