{"id":"gen9nationaldex-1992638842","p1":"Souravgotthepkmn1","p2":"Dhaval101","format":"[Gen 9] National Dex","log":"|j|\u2606Souravgotthepkmn1\n|j|\u2606Dhaval101\n|t:|1700218740\n|gametype|singles\n|player|p1|Souravgotthepkmn1|gambler|\n|player|p2|Dhaval101|n|\n|teamsize|p1|6\n|teamsize|p2|6\n|gen|9\n|tier|[Gen 9] National Dex\n|rule|HP Percentage Mod: HP is shown in percentages\n|rule|Endless Battle Clause: Forcing endless battles is banned\n|rule|OHKO Clause: OHKO moves are banned\n|rule|Evasion Clause: Evasion abilities, items, and moves are banned\n|rule|Evasion Abilities Clause: Evasion abilities are banned\n|rule|Evasion Items Clause: Evasion items are banned\n|rule|Evasion Moves Clause: Evasion moves are banned\n|rule|Species Clause: Limit one of each Pok\u00e9mon\n|rule|Sleep Clause Mod: Limit one foe put to sleep\n|clearpoke\n|poke|p1|Mawile, M|\n|poke|p1|Sneasler, M|\n|poke|p1|Lilligant-Hisui, F|\n|poke|p1|Dracozolt|\n|poke|p1|Skeledirge, M|\n|poke|p1|Primarina, F|\n|poke|p2|Iron Jugulis|\n|poke|p2|Crobat, F|\n|poke|p2|Glimmora, F|\n|poke|p2|Lopunny, F|\n|poke|p2|Grimmsnarl, M|\n|poke|p2|Typhlosion, F|\n|teampreview\n|\n|t:|1700218746\n|start\n|switch|p1a: Primarina|Primarina, F, shiny|100\/100\n|switch|p2a: Glimmora|Glimmora, F|100\/100\n|turn|1\n|inactive|Battle timer is ON: inactive players will automatically lose when time's up. (requested by Souravgotthepkmn1)\n|\n|t:|1700218754\n|move|p2a: Glimmora|Earth Power|p1a: Primarina\n|-damage|p1a: Primarina|72\/100\n|move|p1a: Primarina|Hyper Voice|p2a: Glimmora\n|-supereffective|p2a: Glimmora\n|-enditem|p2a: Glimmora|Focus Sash\n|-damage|p2a: Glimmora|1\/100\n|-enditem|p1a: Primarina|Throat Spray\n|-boost|p1a: Primarina|spa|1|[from] item: Throat Spray\n|\n|upkeep\n|turn|2\n|\n|t:|1700218775\n|-terastallize|p1a: Primarina|Steel\n|move|p2a: Glimmora|Stealth Rock|p1a: Primarina\n|-sidestart|p1: Souravgotthepkmn1|move: Stealth Rock\n|move|p1a: Primarina|Hyper Voice|p2a: Glimmora\n|-supereffective|p2a: Glimmora\n|-damage|p2a: Glimmora|0 fnt\n|faint|p2a: Glimmora\n|\n|upkeep\n|\n|t:|1700218787\n|switch|p2a: Iron Jugulis|Iron Jugulis|100\/100\n|-enditem|p2a: Iron Jugulis|Booster Energy\n|-activate|p2a: Iron Jugulis|ability: Quark Drive|[fromitem]\n|-start|p2a: Iron Jugulis|quarkdrivespe\n|turn|3\n|\n|t:|1700218796\n|-terastallize|p2a: Iron Jugulis|Ground\n|move|p2a: Iron Jugulis|Earth Power|p1a: Primarina\n|-supereffective|p1a: Primarina\n|-damage|p1a: Primarina|3\/100\n|move|p1a: Primarina|Moonblast|p2a: Iron Jugulis\n|-crit|p2a: Iron Jugulis\n|-damage|p2a: Iron Jugulis|0 fnt\n|faint|p2a: Iron Jugulis\n|-end|p2a: Iron Jugulis|Quark Drive|[silent]\n|\n|upkeep\n|\n|t:|1700218808\n|switch|p2a: Grimmsnarl|Grimmsnarl, M|100\/100\n|turn|4\n|\n|t:|1700218823\n|move|p2a: Grimmsnarl|Fake Out|p1a: Primarina\n|-resisted|p1a: Primarina\n|-damage|p1a: Primarina|0 fnt\n|faint|p1a: Primarina\n|\n|upkeep\n|\n|t:|1700218831\n|switch|p1a: Dracozolt|Dracozolt|100\/100\n|-damage|p1a: Dracozolt|88\/100|[from] Stealth Rock\n|turn|5\n|\n|t:|1700218848\n|move|p2a: Grimmsnarl|Parting Shot|p1a: Dracozolt\n|-unboost|p1a: Dracozolt|atk|1\n|-unboost|p1a: Dracozolt|spa|1\n|\n|t:|1700218855\n|switch|p2a: Lopunny|Lopunny, F|100\/100|[from] Parting Shot\n|move|p1a: Dracozolt|Bolt Beak|p2a: Lopunny|[miss]\n|-miss|p1a: Dracozolt|p2a: Lopunny\n|\n|upkeep\n|turn|6\n|\n|t:|1700218872\n|switch|p1a: Skeledirge|Skeledirge, M|100\/100\n|-damage|p1a: Skeledirge|75\/100|[from] Stealth Rock\n|detailschange|p2a: Lopunny|Lopunny-Mega, F\n|-mega|p2a: Lopunny|Lopunny|Lopunnite\n|move|p2a: Lopunny|Fake Out|p1a: Skeledirge\n|-damage|p1a: Skeledirge|57\/100\n|\n|upkeep\n|turn|7\n|\n|t:|1700218883\n|move|p2a: Lopunny|Close Combat|p1a: Skeledirge\n|-damage|p1a: Skeledirge|1\/100\n|-unboost|p2a: Lopunny|def|1\n|-unboost|p2a: Lopunny|spd|1\n|move|p1a: Skeledirge|Torch Song|p2a: Lopunny\n|-damage|p2a: Lopunny|0 fnt\n|-boost|p1a: Skeledirge|spa|1\n|faint|p2a: Lopunny\n|\n|upkeep\n|\n|t:|1700218897\n|switch|p2a: Crobat|Crobat, F|100\/100\n|turn|8\n|\n|t:|1700218902\n|move|p2a: Crobat|Brave Bird|p1a: Skeledirge\n|-damage|p1a: Skeledirge|0 fnt\n|faint|p1a: Skeledirge\n|-damage|p2a: Crobat|99\/100|[from] Recoil\n|\n|upkeep\n|\n|t:|1700218912\n|switch|p1a: Dracozolt|Dracozolt|88\/100\n|-damage|p1a: Dracozolt|76\/100|[from] Stealth Rock\n|turn|9\n|\n|t:|1700218916\n|move|p1a: Dracozolt|Bolt Beak|p2a: Crobat\n|-supereffective|p2a: Crobat\n|-damage|p2a: Crobat|0 fnt\n|faint|p2a: Crobat\n|\n|upkeep\n|\n|t:|1700218922\n|switch|p2a: Grimmsnarl|Grimmsnarl, M|100\/100\n|turn|10\n|\n|t:|1700218927\n|move|p2a: Grimmsnarl|Fake Out|p1a: Dracozolt\n|-damage|p1a: Dracozolt|60\/100\n|cant|p1a: Dracozolt|flinch\n|\n|upkeep\n|turn|11\n|\n|t:|1700218933\n|move|p1a: Dracozolt|Bolt Beak|p2a: Grimmsnarl\n|-enditem|p2a: Grimmsnarl|Focus Sash\n|-damage|p2a: Grimmsnarl|1\/100\n|move|p2a: Grimmsnarl|Spirit Break|p1a: Dracozolt\n|-supereffective|p1a: Dracozolt\n|-damage|p1a: Dracozolt|0 fnt\n|faint|p1a: Dracozolt\n|\n|upkeep\n|\n|t:|1700218950\n|switch|p1a: Lilligant|Lilligant-Hisui, F|100\/100\n|-damage|p1a: Lilligant|94\/100|[from] Stealth Rock\n|turn|12\n|\n|t:|1700218970\n|move|p2a: Grimmsnarl|Thunder Wave|p1a: Lilligant\n|-status|p1a: Lilligant|par\n|move|p1a: Lilligant|Leaf Blade|p2a: Grimmsnarl\n|-damage|p2a: Grimmsnarl|0 fnt\n|faint|p2a: Grimmsnarl\n|-damage|p1a: Lilligant|84\/100 par|[from] item: Life Orb\n|\n|upkeep\n|\n|t:|1700218979\n|switch|p2a: Typhlosion|Typhlosion, F|100\/100\n|turn|13\n|\n|t:|1700218985\n|move|p2a: Typhlosion|Eruption|p1a: Lilligant\n|-supereffective|p1a: Lilligant\n|-damage|p1a: Lilligant|0 fnt\n|faint|p1a: Lilligant\n|\n|upkeep\n|\n|t:|1700218992\n|switch|p1a: Mawile|Mawile, M|100\/100\n|-damage|p1a: Mawile|94\/100|[from] Stealth Rock\n|-ability|p1a: Mawile|Intimidate|boost\n|-unboost|p2a: Typhlosion|atk|1\n|turn|14\n|\n|t:|1700219004\n|detailschange|p1a: Mawile|Mawile-Mega, M\n|-mega|p1a: Mawile|Mawile|Mawilite\n|move|p1a: Mawile|Sucker Punch|p2a: Typhlosion\n|-damage|p2a: Typhlosion|38\/100\n|move|p2a: Typhlosion|Eruption|p1a: Mawile\n|-supereffective|p1a: Mawile\n|-damage|p1a: Mawile|40\/100\n|\n|upkeep\n|turn|15\n|\n|t:|1700219014\n|move|p1a: Mawile|Sucker Punch|p2a: Typhlosion\n|-damage|p2a: Typhlosion|0 fnt\n|faint|p2a: Typhlosion\n|\n|win|Souravgotthepkmn1\n|l|\u2606Dhaval101\n|l|\u2606Souravgotthepkmn1\n|j|\u2606Souravgotthepkmn1\n|player|p1|Souravgotthepkmn1|gambler\n","uploadtime":1700219031,"views":22,"p1id":"souravgotthepkmn1","p2id":"dhaval101","formatid":"gen9nationaldex","rating":0,"private":0,"password":""}