{"id":"gen9nationaldex-1997638106","p1":"Pws117","p2":"Reivya","format":"[Gen 9] National Dex","log":"|html|<div class=\"broadcast-blue\"><strong>[Gen 9] National Dex is currently suspecting Sneasler! For information on how to participate check out the <a href=\"https:\/\/www.smogon.com\/forums\/threads\/sv-national-dex-suspect-8-just-dance.3731534\/\">suspect thread<\/a>.<\/strong><\/div>\n|j|\u2606Pws117\n|j|\u2606Reivya\n|t:|1700836090\n|gametype|singles\n|player|p1|Pws117|169|1000\n|player|p2|Reivya|jupiter|1000\n|teamsize|p1|6\n|teamsize|p2|6\n|gen|9\n|tier|[Gen 9] National Dex\n|rated|\n|rule|HP Percentage Mod: HP is shown in percentages\n|rule|Endless Battle Clause: Forcing endless battles is banned\n|rule|OHKO Clause: OHKO moves are banned\n|rule|Evasion Clause: Evasion abilities, items, and moves are banned\n|rule|Evasion Abilities Clause: Evasion abilities are banned\n|rule|Evasion Items Clause: Evasion items are banned\n|rule|Evasion Moves Clause: Evasion moves are banned\n|rule|Species Clause: Limit one of each Pok\u00e9mon\n|rule|Sleep Clause Mod: Limit one foe put to sleep\n|clearpoke\n|poke|p1|Moltres|\n|poke|p1|Kommo-o, M|\n|poke|p1|Mimikyu, M|\n|poke|p1|Celesteela|\n|poke|p1|Pikachu-Alola, M|\n|poke|p1|Decidueye, M|\n|poke|p2|Ribombee, F|\n|poke|p2|Skarmory, M|\n|poke|p2|Gardevoir, F|\n|poke|p2|Drapion, M|\n|poke|p2|Starmie|\n|poke|p2|Gigalith, F|\n|teampreview\n|c|\u2606Reivya|glhf\n|\n|t:|1700836101\n|start\n|switch|p1a: Moltres|Moltres|100\/100\n|switch|p2a: subarashii|Gigalith, F|100\/100\n|-ability|p1a: Moltres|Pressure\n|turn|1\n|\n|t:|1700836109\n|move|p1a: Moltres|Mystical Fire|p2a: subarashii\n|-resisted|p2a: subarashii\n|-damage|p2a: subarashii|84\/100\n|-unboost|p2a: subarashii|spa|1\n|move|p2a: subarashii|Stone Edge|p1a: Moltres\n|-supereffective|p1a: Moltres\n|-damage|p1a: Moltres|0 fnt\n|faint|p1a: Moltres\n|\n|upkeep\n|\n|t:|1700836118\n|switch|p1a: Celesteela|Celesteela|100\/100\n|turn|2\n|\n|t:|1700836126\n|switch|p2a: skra|Skarmory, M|100\/100\n|move|p1a: Celesteela|Flash Cannon|p2a: skra\n|-resisted|p2a: skra\n|-damage|p2a: skra|87\/100\n|\n|-heal|p2a: skra|93\/100|[from] item: Leftovers\n|upkeep\n|turn|3\n|\n|t:|1700836133\n|move|p2a: skra|Stealth Rock|p1a: Celesteela\n|-sidestart|p1: Pws117|move: Stealth Rock\n|move|p1a: Celesteela|Leech Seed|p2a: skra\n|-start|p2a: skra|move: Leech Seed\n|\n|-heal|p2a: skra|99\/100|[from] item: Leftovers\n|-damage|p2a: skra|86\/100|[from] Leech Seed|[of] p1a: Celesteela\n|upkeep\n|turn|4\n|\n|t:|1700836141\n|move|p2a: skra|Spikes|p1a: Celesteela\n|-sidestart|p1: Pws117|Spikes\n|move|p1a: Celesteela|Zen Headbutt|p2a: skra\n|-resisted|p2a: skra\n|-damage|p2a: skra|79\/100\n|\n|-heal|p2a: skra|85\/100|[from] item: Leftovers\n|-damage|p2a: skra|73\/100|[from] Leech Seed|[of] p1a: Celesteela\n|upkeep\n|turn|5\n|\n|t:|1700836153\n|switch|p2a: mr. hugs|Drapion, M|100\/100\n|move|p1a: Celesteela|Facade|p2a: mr. hugs\n|-damage|p2a: mr. hugs|85\/100\n|\n|-heal|p2a: mr. hugs|91\/100|[from] item: Leftovers\n|upkeep\n|turn|6\n|\n|t:|1700836162\n|move|p2a: mr. hugs|Toxic Spikes|p1a: Celesteela\n|-sidestart|p1: Pws117|move: Toxic Spikes\n|move|p1a: Celesteela|Leech Seed|p2a: mr. hugs\n|-start|p2a: mr. hugs|move: Leech Seed\n|\n|-heal|p2a: mr. hugs|97\/100|[from] item: Leftovers\n|-damage|p2a: mr. hugs|85\/100|[from] Leech Seed|[of] p1a: Celesteela\n|upkeep\n|turn|7\n|\n|t:|1700836170\n|move|p2a: mr. hugs|Toxic Spikes|p1a: Celesteela\n|-sidestart|p1: Pws117|move: Toxic Spikes\n|move|p1a: Celesteela|Flash Cannon|p2a: mr. hugs\n|-damage|p2a: mr. hugs|50\/100\n|\n|-heal|p2a: mr. hugs|56\/100|[from] item: Leftovers\n|-damage|p2a: mr. hugs|44\/100|[from] Leech Seed|[of] p1a: Celesteela\n|upkeep\n|turn|8\n|\n|t:|1700836178\n|switch|p2a: skra|Skarmory, M|73\/100\n|move|p1a: Celesteela|Flash Cannon|p2a: skra\n|-resisted|p2a: skra\n|-damage|p2a: skra|58\/100\n|\n|-heal|p2a: skra|64\/100|[from] item: Leftovers\n|upkeep\n|turn|9\n|\n|t:|1700836186\n|switch|p1a: Mimikyu|Mimikyu, M|100\/100\n|-damage|p1a: Mimikyu|88\/100|[from] Stealth Rock\n|-damage|p1a: Mimikyu|76\/100|[from] Spikes\n|-status|p1a: Mimikyu|tox\n|move|p2a: skra|Whirlwind|p1a: Mimikyu\n|drag|p1a: Celesteela|Celesteela|100\/100\n|-damage|p1a: Celesteela|88\/100|[from] Stealth Rock\n|\n|-heal|p2a: skra|70\/100|[from] item: Leftovers\n|upkeep\n|turn|10\n|\n|t:|1700836198\n|move|p1a: Celesteela|Leech Seed|p2a: skra\n|-start|p2a: skra|move: Leech Seed\n|move|p2a: skra|Whirlwind|p1a: Celesteela\n|drag|p1a: Decidueye|Decidueye, M|100\/100\n|-damage|p1a: Decidueye|88\/100|[from] Stealth Rock\n|-damage|p1a: Decidueye|76\/100|[from] Spikes\n|-status|p1a: Decidueye|tox\n|\n|-heal|p2a: skra|76\/100|[from] item: Leftovers\n|-damage|p2a: skra|64\/100|[from] Leech Seed|[of] p1a: Decidueye\n|-heal|p1a: Decidueye|88\/100 tox|[silent]\n|-damage|p1a: Decidueye|82\/100 tox|[from] psn\n|upkeep\n|turn|11\n|\n|t:|1700836212\n|move|p1a: Decidueye|Sucker Punch||[still]\n|-fail|p1a: Decidueye\n|move|p2a: skra|Whirlwind|p1a: Decidueye\n|drag|p1a: Mimikyu|Mimikyu, M|76\/100 tox\n|-damage|p1a: Mimikyu|63\/100 tox|[from] Stealth Rock\n|-damage|p1a: Mimikyu|51\/100 tox|[from] Spikes\n|\n|-heal|p2a: skra|70\/100|[from] item: Leftovers\n|-damage|p2a: skra|57\/100|[from] Leech Seed|[of] p1a: Mimikyu\n|-heal|p1a: Mimikyu|66\/100 tox|[silent]\n|-damage|p1a: Mimikyu|59\/100 tox|[from] psn\n|upkeep\n|turn|12\n|\n|t:|1700836226\n|move|p1a: Mimikyu|Protect|p1a: Mimikyu\n|-singleturn|p1a: Mimikyu|Protect\n|move|p2a: skra|Whirlwind|p1a: Mimikyu\n|drag|p1a: Decidueye|Decidueye, M|82\/100 tox\n|-damage|p1a: Decidueye|69\/100 tox|[from] Stealth Rock\n|-damage|p1a: Decidueye|57\/100 tox|[from] Spikes\n|\n|-heal|p2a: skra|63\/100|[from] item: Leftovers\n|-damage|p2a: skra|51\/100|[from] Leech Seed|[of] p1a: Decidueye\n|-heal|p1a: Decidueye|69\/100 tox|[silent]\n|-damage|p1a: Decidueye|63\/100 tox|[from] psn\n|upkeep\n|turn|13\n|\n|t:|1700836240\n|switch|p2a: mr. hugs|Drapion, M|44\/100\n|move|p1a: Decidueye|Air Slash|p2a: mr. hugs\n|-damage|p2a: mr. hugs|22\/100\n|\n|-heal|p2a: mr. hugs|28\/100|[from] item: Leftovers\n|-damage|p1a: Decidueye|51\/100 tox|[from] psn\n|upkeep\n|turn|14\n|\n|t:|1700836249\n|move|p1a: Decidueye|Air Slash|p2a: mr. hugs|[miss]\n|-miss|p1a: Decidueye|p2a: mr. hugs\n|move|p2a: mr. hugs|Roar|p1a: Decidueye\n|drag|p1a: Kommo-o|Kommo-o, M|100\/100\n|-damage|p1a: Kommo-o|94\/100|[from] Stealth Rock\n|-damage|p1a: Kommo-o|82\/100|[from] Spikes\n|-status|p1a: Kommo-o|tox\n|\n|-heal|p2a: mr. hugs|34\/100|[from] item: Leftovers\n|-damage|p1a: Kommo-o|76\/100 tox|[from] psn\n|upkeep\n|turn|15\n|c|\u2606Reivya|welcome to mr. hugs's wild ride\n|\n|t:|1700836266\n|move|p1a: Kommo-o|Fire Punch|p2a: mr. hugs\n|-damage|p2a: mr. hugs|19\/100\n|-status|p2a: mr. hugs|brn\n|move|p2a: mr. hugs|Roar|p1a: Kommo-o\n|drag|p1a: Mimikyu|Mimikyu, M|59\/100 tox\n|-damage|p1a: Mimikyu|47\/100 tox|[from] Stealth Rock\n|-damage|p1a: Mimikyu|35\/100 tox|[from] Spikes\n|\n|-heal|p2a: mr. hugs|25\/100 brn|[from] item: Leftovers\n|-damage|p1a: Mimikyu|28\/100 tox|[from] psn\n|-damage|p2a: mr. hugs|19\/100 brn|[from] brn\n|upkeep\n|turn|16\n|\n|t:|1700836282\n|move|p1a: Mimikyu|Draining Kiss|p2a: mr. hugs\n|-damage|p2a: mr. hugs|7\/100 brn\n|-heal|p1a: Mimikyu|39\/100 tox|[from] drain|[of] p2a: mr. hugs\n|move|p2a: mr. hugs|Roar|p1a: Mimikyu\n|drag|p1a: Kommo-o|Kommo-o, M|76\/100 tox\n|-damage|p1a: Kommo-o|70\/100 tox|[from] Stealth Rock\n|-damage|p1a: Kommo-o|58\/100 tox|[from] Spikes\n|\n|-heal|p2a: mr. hugs|13\/100 brn|[from] item: Leftovers\n|-damage|p1a: Kommo-o|51\/100 tox|[from] psn\n|-damage|p2a: mr. hugs|7\/100 brn|[from] brn\n|upkeep\n|turn|17\n|\n|t:|1700836294\n|move|p1a: Kommo-o|Aqua Tail|p2a: mr. hugs\n|-damage|p2a: mr. hugs|0 fnt\n|faint|p2a: mr. hugs\n|\n|-damage|p1a: Kommo-o|39\/100 tox|[from] psn\n|upkeep\n|\n|t:|1700836302\n|switch|p2a: skrrrrra!|Starmie|100\/100\n|turn|18\n|\n|t:|1700836308\n|switch|p1a: Pikachu|Pikachu-Alola, M|100\/100\n|-damage|p1a: Pikachu|88\/100|[from] Stealth Rock\n|-damage|p1a: Pikachu|76\/100|[from] Spikes\n|-status|p1a: Pikachu|tox\n|move|p2a: skrrrrra!|Ice Beam|p1a: Pikachu\n|-damage|p1a: Pikachu|15\/100 tox\n|\n|-damage|p1a: Pikachu|9\/100 tox|[from] psn\n|upkeep\n|turn|19\n|\n|t:|1700836324\n|move|p2a: skrrrrra!|Surf|p1a: Pikachu\n|-damage|p1a: Pikachu|0 fnt\n|faint|p1a: Pikachu\n|\n|upkeep\n|\n|t:|1700836329\n|switch|p1a: Kommo-o|Kommo-o, M|39\/100 tox\n|-damage|p1a: Kommo-o|33\/100 tox|[from] Stealth Rock\n|-damage|p1a: Kommo-o|21\/100 tox|[from] Spikes\n|turn|20\n|\n|t:|1700836342\n|move|p2a: skrrrrra!|Ice Beam|p1a: Kommo-o\n|-supereffective|p1a: Kommo-o\n|-damage|p1a: Kommo-o|0 fnt\n|faint|p1a: Kommo-o\n|\n|upkeep\n|\n|t:|1700836348\n|switch|p1a: Celesteela|Celesteela|88\/100\n|-damage|p1a: Celesteela|76\/100|[from] Stealth Rock\n|turn|21\n|\n|t:|1700836357\n|move|p2a: skrrrrra!|Magic Coat|p2a: skrrrrra!\n|-singleturn|p2a: skrrrrra!|move: Magic Coat\n|-zpower|p1a: Celesteela\n|move|p1a: Celesteela|Corkscrew Crash|p2a: skrrrrra!|[zeffect]\n|-resisted|p2a: skrrrrra!\n|-damage|p2a: skrrrrra!|56\/100\n|\n|upkeep\n|turn|22\n|\n|t:|1700836365\n|move|p2a: skrrrrra!|Magic Coat|p2a: skrrrrra!\n|-singleturn|p2a: skrrrrra!|move: Magic Coat\n|move|p1a: Celesteela|Leech Seed|p2a: skrrrrra!\n|move|p2a: skrrrrra!|Leech Seed|p1a: Celesteela|[from]Magic Coat\n|-start|p1a: Celesteela|move: Leech Seed\n|\n|-damage|p1a: Celesteela|64\/100|[from] Leech Seed|[of] p2a: skrrrrra!\n|-heal|p2a: skrrrrra!|73\/100|[silent]\n|upkeep\n|turn|23\n|\n|t:|1700836376\n|move|p2a: skrrrrra!|Magic Coat|p2a: skrrrrra!\n|-singleturn|p2a: skrrrrra!|move: Magic Coat\n|move|p1a: Celesteela|Flash Cannon|p2a: skrrrrra!\n|-resisted|p2a: skrrrrra!\n|-damage|p2a: skrrrrra!|53\/100\n|\n|-damage|p1a: Celesteela|51\/100|[from] Leech Seed|[of] p2a: skrrrrra!\n|-heal|p2a: skrrrrra!|70\/100|[silent]\n|upkeep\n|turn|24\n|\n|t:|1700836384\n|move|p2a: skrrrrra!|Magic Coat|p2a: skrrrrra!\n|-singleturn|p2a: skrrrrra!|move: Magic Coat\n|move|p1a: Celesteela|Leech Seed|p2a: skrrrrra!\n|move|p2a: skrrrrra!|Leech Seed||[from]Magic Coat|[still]\n|-fail|p2a: skrrrrra!\n|\n|-damage|p1a: Celesteela|39\/100|[from] Leech Seed|[of] p2a: skrrrrra!\n|-heal|p2a: skrrrrra!|87\/100|[silent]\n|upkeep\n|turn|25\n|\n|t:|1700836392\n|move|p2a: skrrrrra!|Magic Coat|p2a: skrrrrra!\n|-singleturn|p2a: skrrrrra!|move: Magic Coat\n|move|p1a: Celesteela|Zen Headbutt|p2a: skrrrrra!\n|-resisted|p2a: skrrrrra!\n|-damage|p2a: skrrrrra!|73\/100\n|\n|-damage|p1a: Celesteela|27\/100|[from] Leech Seed|[of] p2a: skrrrrra!\n|-heal|p2a: skrrrrra!|91\/100|[silent]\n|upkeep\n|turn|26\n|\n|t:|1700836403\n|switch|p1a: Decidueye|Decidueye, M|51\/100 tox\n|-damage|p1a: Decidueye|39\/100 tox|[from] Stealth Rock\n|-damage|p1a: Decidueye|26\/100 tox|[from] Spikes\n|move|p2a: skrrrrra!|Magic Coat|p2a: skrrrrra!\n|-singleturn|p2a: skrrrrra!|move: Magic Coat\n|\n|-damage|p1a: Decidueye|20\/100 tox|[from] psn\n|upkeep\n|turn|27\n|\n|t:|1700836414\n|move|p1a: Decidueye|Sucker Punch|p2a: skrrrrra!\n|-supereffective|p2a: skrrrrra!\n|-damage|p2a: skrrrrra!|41\/100\n|move|p2a: skrrrrra!|Ice Beam|p1a: Decidueye\n|-supereffective|p1a: Decidueye\n|-damage|p1a: Decidueye|0 fnt\n|faint|p1a: Decidueye\n|\n|upkeep\n|\n|t:|1700836422\n|switch|p1a: Mimikyu|Mimikyu, M|39\/100 tox\n|-damage|p1a: Mimikyu|27\/100 tox|[from] Stealth Rock\n|-damage|p1a: Mimikyu|14\/100 tox|[from] Spikes\n|turn|28\n|\n|t:|1700836431\n|move|p1a: Mimikyu|Protect|p1a: Mimikyu\n|-singleturn|p1a: Mimikyu|Protect\n|move|p2a: skrrrrra!|Surf|p1a: Mimikyu\n|-activate|p1a: Mimikyu|move: Protect\n|\n|-damage|p1a: Mimikyu|8\/100 tox|[from] psn\n|upkeep\n|turn|29\n|\n|t:|1700836440\n|move|p2a: skrrrrra!|Ice Beam|p1a: Mimikyu\n|-activate|p1a: Mimikyu|ability: Disguise\n|-damage|p1a: Mimikyu|8\/100 tox\n|detailschange|p1a: Mimikyu|Mimikyu-Busted, M\n|-damage|p1a: Mimikyu|0 fnt|[from] pokemon: Mimikyu-Busted\n|faint|p1a: Mimikyu\n|\n|upkeep\n|-message|Pws117 forfeited.\n|\n|win|Reivya\n|raw|Pws117's rating: 1000 &rarr; <strong>1000<\/strong><br \/>(+0 for losing)\n|raw|Reivya's rating: 1000 &rarr; <strong>1040<\/strong><br \/>(+40 for winning)\n|l|\u2606Pws117\n|c|\u2606Reivya|gg\n","uploadtime":1700836456,"views":2,"p1id":"pws117","p2id":"reivya","formatid":"gen9nationaldex","rating":1000,"private":0,"password":""}