{"id":"gen9nationaldex-1994227415","p1":"Nigelious","p2":"Douglas169","format":"[Gen 9] National Dex","log":"|j|\u2606Nigelious\n|j|\u2606Douglas169\n|t:|1700421065\n|gametype|singles\n|player|p1|Nigelious|will|1099\n|player|p2|Douglas169|lance|1021\n|teamsize|p1|6\n|teamsize|p2|6\n|gen|9\n|tier|[Gen 9] National Dex\n|rated|\n|rule|HP Percentage Mod: HP is shown in percentages\n|rule|Endless Battle Clause: Forcing endless battles is banned\n|rule|OHKO Clause: OHKO moves are banned\n|rule|Evasion Clause: Evasion abilities, items, and moves are banned\n|rule|Evasion Abilities Clause: Evasion abilities are banned\n|rule|Evasion Items Clause: Evasion items are banned\n|rule|Evasion Moves Clause: Evasion moves are banned\n|rule|Species Clause: Limit one of each Pok\u00e9mon\n|rule|Sleep Clause Mod: Limit one foe put to sleep\n|clearpoke\n|poke|p1|Samurott-Hisui, M|\n|poke|p1|Delphox, M|\n|poke|p1|Corviknight, M|\n|poke|p1|Garchomp, F|\n|poke|p1|Breloom, F|\n|poke|p1|Galvantula, F|\n|poke|p2|Pyukumuku, M|\n|poke|p2|Skarmory, F|\n|poke|p2|Flygon, M|\n|poke|p2|Nidoking, M|\n|poke|p2|Greninja-*, M|\n|poke|p2|Swampert, M|\n|teampreview\n|\n|t:|1700421076\n|start\n|switch|p1a: Truffle|Breloom, F|100\/100\n|switch|p2a: Pyukumuku|Pyukumuku, M|100\/100\n|turn|1\n|\n|t:|1700421087\n|move|p1a: Truffle|Seed Bomb|p2a: Pyukumuku\n|-supereffective|p2a: Pyukumuku\n|-damage|p2a: Pyukumuku|35\/100\n|move|p2a: Pyukumuku|Toxic|p1a: Truffle\n|-status|p1a: Truffle|tox\n|\n|-heal|p2a: Pyukumuku|41\/100|[from] item: Leftovers\n|upkeep\n|turn|2\n|\n|t:|1700421097\n|move|p2a: Pyukumuku|Protect|p2a: Pyukumuku\n|-singleturn|p2a: Pyukumuku|Protect\n|move|p1a: Truffle|Seed Bomb|p2a: Pyukumuku\n|-activate|p2a: Pyukumuku|move: Protect\n|\n|-heal|p2a: Pyukumuku|47\/100|[from] item: Leftovers\n|upkeep\n|turn|3\n|\n|t:|1700421109\n|move|p2a: Pyukumuku|Protect||[still]\n|-fail|p2a: Pyukumuku\n|move|p1a: Truffle|Seed Bomb|p2a: Pyukumuku\n|-supereffective|p2a: Pyukumuku\n|-damage|p2a: Pyukumuku|0 fnt\n|faint|p2a: Pyukumuku\n|\n|upkeep\n|\n|t:|1700421117\n|switch|p2a: Flygon|Flygon, M|100\/100\n|turn|4\n|\n|t:|1700421122\n|move|p2a: Flygon|Fire Blast|p1a: Truffle\n|-supereffective|p1a: Truffle\n|-damage|p1a: Truffle|1\/100 tox\n|-damage|p2a: Flygon|91\/100|[from] item: Life Orb\n|move|p1a: Truffle|Seed Bomb|p2a: Flygon\n|-damage|p2a: Flygon|20\/100\n|\n|-heal|p1a: Truffle|13\/100 tox|[from] ability: Poison Heal\n|upkeep\n|turn|5\n|\n|t:|1700421132\n|move|p1a: Truffle|Mach Punch|p2a: Flygon\n|-damage|p2a: Flygon|0 fnt\n|faint|p2a: Flygon\n|\n|-heal|p1a: Truffle|25\/100 tox|[from] ability: Poison Heal\n|upkeep\n|\n|t:|1700421139\n|switch|p2a: Nidoking|Nidoking, M|100\/100\n|turn|6\n|\n|t:|1700421157\n|switch|p1a: Ryoma|Samurott-Hisui, M, shiny|100\/100\n|move|p2a: Nidoking|Superpower|p1a: Ryoma\n|-supereffective|p1a: Ryoma\n|-damage|p1a: Ryoma|27\/100\n|-unboost|p2a: Nidoking|atk|1\n|-unboost|p2a: Nidoking|def|1\n|\n|upkeep\n|turn|7\n|\n|t:|1700421172\n|move|p1a: Ryoma|Razor Shell|p2a: Nidoking\n|-supereffective|p2a: Nidoking\n|-damage|p2a: Nidoking|0 fnt\n|faint|p2a: Nidoking\n|\n|upkeep\n|\n|t:|1700421179\n|switch|p2a: Skarmory|Skarmory, F|100\/100\n|turn|8\n|\n|t:|1700421185\n|move|p1a: Ryoma|Ceaseless Edge|p2a: Skarmory\n|-damage|p2a: Skarmory|75\/100\n|-damage|p1a: Ryoma|10\/100|[from] item: Rocky Helmet|[of] p2a: Skarmory\n|-sidestart|p2: Douglas169|Spikes\n|move|p2a: Skarmory|Toxic|p1a: Ryoma\n|-status|p1a: Ryoma|tox\n|\n|-damage|p1a: Ryoma|4\/100 tox|[from] psn\n|upkeep\n|turn|9\n|\n|t:|1700421196\n|move|p1a: Ryoma|Ceaseless Edge|p2a: Skarmory\n|-damage|p2a: Skarmory|49\/100\n|-damage|p1a: Ryoma|0 fnt|[from] item: Rocky Helmet|[of] p2a: Skarmory\n|faint|p1a: Ryoma\n|move|p2a: Skarmory|Spikes|p1: Ryoma\n|-sidestart|p1: Nigelious|Spikes\n|\n|upkeep\n|\n|t:|1700421205\n|switch|p1a: Calder|Galvantula, F|100\/100\n|-damage|p1a: Calder|88\/100|[from] Spikes\n|turn|10\n|\n|t:|1700421209\n|move|p1a: Calder|Thunder|p2a: Skarmory\n|-supereffective|p2a: Skarmory\n|-damage|p2a: Skarmory|0 fnt\n|faint|p2a: Skarmory\n|-damage|p1a: Calder|78\/100|[from] item: Life Orb\n|\n|upkeep\n|\n|t:|1700421220\n|switch|p2a: Swampert|Swampert, M|100\/100\n|-damage|p2a: Swampert|88\/100|[from] Spikes\n|turn|11\n|\n|t:|1700421227\n|move|p1a: Calder|Giga Drain|p2a: Swampert\n|-supereffective|p2a: Swampert\n|-damage|p2a: Swampert|0 fnt\n|-heal|p1a: Calder|100\/100|[from] drain|[of] p2a: Swampert\n|faint|p2a: Swampert\n|-damage|p1a: Calder|91\/100|[from] item: Life Orb\n|\n|upkeep\n|\n|t:|1700421235\n|switch|p2a: Greninja|Greninja, M|100\/100\n|-damage|p2a: Greninja|88\/100|[from] Spikes\n|turn|12\n|\n|t:|1700421241\n|move|p2a: Greninja|Substitute|p2a: Greninja\n|-start|p2a: Greninja|Substitute\n|-damage|p2a: Greninja|63\/100\n|move|p1a: Calder|Bug Buzz|p2a: Greninja\n|-supereffective|p2a: Greninja\n|-damage|p2a: Greninja|0 fnt\n|faint|p2a: Greninja\n|-damage|p1a: Calder|81\/100|[from] item: Life Orb\n|\n|win|Nigelious\n|raw|Nigelious's rating: 1099 &rarr; <strong>1119<\/strong><br \/>(+20 for winning)\n|raw|Douglas169's rating: 1021 &rarr; <strong>1011<\/strong><br \/>(-10 for losing)\n|l|\u2606Douglas169\n","uploadtime":1700421255,"views":12,"p1id":"nigelious","p2id":"douglas169","formatid":"gen9nationaldex","rating":1011,"private":0,"password":""}