{"id":"gen9nationaldex-1997489964","p1":"bandeng","p2":"runeatest","format":"[Gen 9] National Dex","log":"|html|<div class=\"broadcast-blue\"><strong>[Gen 9] National Dex is currently suspecting Sneasler! For information on how to participate check out the <a href=\"https:\/\/www.smogon.com\/forums\/threads\/sv-national-dex-suspect-8-just-dance.3731534\/\">suspect thread<\/a>.<\/strong><\/div>\n|j|\u2606bandeng\n|j|\u2606runeatest\n|t:|1700814396\n|gametype|singles\n|player|p1|bandeng|fisherman-gen4|1150\n|player|p2|runeatest|fisherman-gen4|1196\n|teamsize|p1|6\n|teamsize|p2|6\n|gen|9\n|tier|[Gen 9] National Dex\n|rated|\n|rule|HP Percentage Mod: HP is shown in percentages\n|rule|Endless Battle Clause: Forcing endless battles is banned\n|rule|OHKO Clause: OHKO moves are banned\n|rule|Evasion Clause: Evasion abilities, items, and moves are banned\n|rule|Evasion Abilities Clause: Evasion abilities are banned\n|rule|Evasion Items Clause: Evasion items are banned\n|rule|Evasion Moves Clause: Evasion moves are banned\n|rule|Species Clause: Limit one of each Pok\u00e9mon\n|rule|Sleep Clause Mod: Limit one foe put to sleep\n|clearpoke\n|poke|p1|Toxapex, M|\n|poke|p1|Dondozo, M|\n|poke|p1|Garganacl, F|\n|poke|p1|Sableye, F|\n|poke|p1|Clodsire, M|\n|poke|p1|Gliscor, F|\n|poke|p2|Vaporeon, M|\n|poke|p2|Salamence, M|\n|poke|p2|Hitmontop, M|\n|poke|p2|Electivire, M|\n|poke|p2|Togekiss, M|\n|poke|p2|Houndoom, M|\n|teampreview\n|inactive|Battle timer is ON: inactive players will automatically lose when time's up. (requested by bandeng)\n|\n|t:|1700814426\n|start\n|switch|p1a: Sableye|Sableye, F|100\/100\n|switch|p2a: Electivire|Electivire, M, shiny|100\/100\n|-item|p2a: Electivire|Air Balloon\n|turn|1\n|\n|t:|1700814434\n|switch|p2a: Houndoom|Houndoom, M|100\/100\n|move|p1a: Sableye|Will-O-Wisp|p2a: Houndoom\n|-start|p2a: Houndoom|ability: Flash Fire\n|\n|upkeep\n|turn|2\n|\n|t:|1700814448\n|switch|p1a: Dondozo|Dondozo, M|100\/100\n|move|p2a: Houndoom|Nasty Plot|p2a: Houndoom\n|-boost|p2a: Houndoom|spa|2\n|\n|upkeep\n|turn|3\n|\n|t:|1700814455\n|-end|p2a: Houndoom|ability: Flash Fire|[silent]\n|switch|p2a: Vaporeon|Vaporeon, M|100\/100\n|switch|p1a: Toxapex|Toxapex, M|100\/100\n|\n|upkeep\n|turn|4\n|\n|t:|1700814461\n|switch|p2a: Togekiss|Togekiss, M, shiny|100\/100\n|move|p1a: Toxapex|Toxic|p2a: Togekiss\n|-status|p2a: Togekiss|tox\n|-enditem|p2a: Togekiss|Lum Berry|[eat]\n|-curestatus|p2a: Togekiss|tox|[msg]\n|\n|upkeep\n|turn|5\n|\n|t:|1700814470\n|move|p2a: Togekiss|Thunder Wave|p1a: Toxapex\n|-status|p1a: Toxapex|par\n|move|p1a: Toxapex|Toxic|p2a: Togekiss\n|-status|p2a: Togekiss|tox\n|\n|-damage|p2a: Togekiss|94\/100 tox|[from] psn\n|upkeep\n|turn|6\n|\n|t:|1700814486\n|switch|p2a: Vaporeon|Vaporeon, M|100\/100\n|move|p1a: Toxapex|Scald|p2a: Vaporeon\n|-immune|p2a: Vaporeon|[from] ability: Water Absorb\n|\n|upkeep\n|turn|7\n|\n|t:|1700814493\n|move|p2a: Vaporeon|Hidden Power|p1a: Toxapex\n|-supereffective|p1a: Toxapex\n|-damage|p1a: Toxapex|73\/100 par\n|move|p1a: Toxapex|Toxic|p2a: Vaporeon\n|-status|p2a: Vaporeon|tox\n|\n|-damage|p2a: Vaporeon|94\/100 tox|[from] psn\n|upkeep\n|turn|8\n|\n|t:|1700814500\n|move|p2a: Vaporeon|Heal Bell|p2a: Vaporeon\n|-activate|p2a: Vaporeon|move: Heal Bell\n|-curestatus|p2a: Vaporeon|tox|[msg]\n|-curestatus|p2: Togekiss|tox|[msg]\n|cant|p1a: Toxapex|par\n|\n|-heal|p2a: Vaporeon|100\/100|[from] item: Leftovers\n|upkeep\n|turn|9\n|\n|t:|1700814515\n|switch|p1a: Dondozo|Dondozo, M|100\/100\n|move|p2a: Vaporeon|Hidden Power|p1a: Dondozo\n|-supereffective|p1a: Dondozo\n|-damage|p1a: Dondozo|63\/100\n|\n|-heal|p1a: Dondozo|69\/100|[from] item: Leftovers\n|upkeep\n|turn|10\n|\n|t:|1700814540\n|switch|p1a: Clodsire|Clodsire, M|100\/100\n|move|p2a: Vaporeon|Hidden Power|p1a: Clodsire\n|-immune|p1a: Clodsire\n|\n|upkeep\n|turn|11\n|\n|t:|1700814548\n|switch|p2a: Electivire|Electivire, M, shiny|100\/100\n|-item|p2a: Electivire|Air Balloon\n|move|p1a: Clodsire|Spikes|p2a: Electivire\n|-sidestart|p2: runeatest|Spikes\n|\n|upkeep\n|turn|12\n|\n|t:|1700814559\n|-terastallize|p2a: Electivire|Ground\n|move|p2a: Electivire|Earthquake|p1a: Clodsire\n|-supereffective|p1a: Clodsire\n|-damage|p1a: Clodsire|0 fnt\n|faint|p1a: Clodsire\n|\n|upkeep\n|\n|t:|1700814565\n|switch|p1a: Dondozo|Dondozo, M|69\/100\n|turn|13\n|\n|t:|1700814569\n|switch|p2a: Vaporeon|Vaporeon, M|100\/100\n|-damage|p2a: Vaporeon|88\/100|[from] Spikes\n|move|p1a: Dondozo|Liquidation|p2a: Vaporeon\n|-heal|p2a: Vaporeon|100\/100|[from] ability: Water Absorb|[of] p1a: Dondozo\n|\n|-heal|p1a: Dondozo|76\/100|[from] item: Leftovers\n|upkeep\n|turn|14\n|\n|t:|1700814579\n|switch|p1a: Gliscor|Gliscor, F|100\/100\n|move|p2a: Vaporeon|Hydro Pump|p1a: Gliscor\n|-supereffective|p1a: Gliscor\n|-damage|p1a: Gliscor|0 fnt\n|faint|p1a: Gliscor\n|\n|upkeep\n|\n|t:|1700814597\n|switch|p1a: Sableye|Sableye, F|100\/100\n|turn|15\n|\n|t:|1700814605\n|move|p2a: Vaporeon|Hydro Pump|p1a: Sableye|[miss]\n|-miss|p2a: Vaporeon|p1a: Sableye\n|move|p1a: Sableye|Knock Off|p2a: Vaporeon\n|-crit|p2a: Vaporeon\n|-damage|p2a: Vaporeon|62\/100\n|-enditem|p2a: Vaporeon|Leftovers|[from] move: Knock Off|[of] p1a: Sableye\n|\n|upkeep\n|turn|16\n|\n|t:|1700814613\n|switch|p2a: Salamence|Salamence, M|100\/100\n|-ability|p2a: Salamence|Intimidate|boost\n|-unboost|p1a: Sableye|atk|1\n|move|p1a: Sableye|Protect||[still]\n|-fail|p1a: Sableye\n|\n|upkeep\n|turn|17\n|\n|t:|1700814620\n|move|p1a: Sableye|Will-O-Wisp|p2a: Salamence\n|-status|p2a: Salamence|brn\n|move|p2a: Salamence|Draco Meteor|p1a: Sableye|[miss]\n|-miss|p2a: Salamence|p1a: Sableye\n|\n|-damage|p2a: Salamence|94\/100 brn|[from] brn\n|upkeep\n|turn|18\n|\n|t:|1700814635\n|switch|p1a: Toxapex|Toxapex, M|100\/100 par\n|move|p2a: Salamence|Draco Meteor|p1a: Toxapex\n|-damage|p1a: Toxapex|45\/100 par\n|-unboost|p2a: Salamence|spa|2\n|\n|-damage|p2a: Salamence|88\/100 brn|[from] brn\n|upkeep\n|turn|19\n|\n|t:|1700814648\n|switch|p2a: Vaporeon|Vaporeon, M|62\/100\n|-damage|p2a: Vaporeon|50\/100|[from] Spikes\n|switch|p1a: Dondozo|Dondozo, M|76\/100\n|\n|-heal|p1a: Dondozo|82\/100|[from] item: Leftovers\n|upkeep\n|turn|20\n|\n|t:|1700814665\n|switch|p1a: Garganacl|Garganacl, F|100\/100\n|move|p2a: Vaporeon|Heal Bell|p2a: Vaporeon\n|-activate|p2a: Vaporeon|move: Heal Bell\n|-curestatus|p2: Salamence|brn|[msg]\n|\n|upkeep\n|turn|21\n|\n|t:|1700814687\n|switch|p2a: Salamence|Salamence, M|88\/100\n|-ability|p2a: Salamence|Intimidate|boost\n|-unboost|p1a: Garganacl|atk|1\n|move|p1a: Garganacl|Stealth Rock|p2a: Salamence\n|-sidestart|p2: runeatest|move: Stealth Rock\n|\n|upkeep\n|turn|22\n|\n|t:|1700814696\n|switch|p1a: Dondozo|Dondozo, M|82\/100\n|move|p2a: Salamence|Hydro Pump|p1a: Dondozo\n|-resisted|p1a: Dondozo\n|-damage|p1a: Dondozo|57\/100\n|\n|-heal|p1a: Dondozo|63\/100|[from] item: Leftovers\n|upkeep\n|turn|23\n|\n|t:|1700814708\n|switch|p2a: Togekiss|Togekiss, M, shiny|94\/100\n|-damage|p2a: Togekiss|69\/100|[from] Stealth Rock\n|move|p1a: Dondozo|Rest|p1a: Dondozo\n|-status|p1a: Dondozo|slp|[from] move: Rest\n|-heal|p1a: Dondozo|100\/100 slp|[silent]\n|\n|upkeep\n|turn|24\n|\n|t:|1700814715\n|move|p2a: Togekiss|Air Slash|p1a: Dondozo\n|-damage|p1a: Dondozo|64\/100 slp\n|cant|p1a: Dondozo|slp\n|move|p1a: Dondozo|Sleep Talk|p1a: Dondozo\n|move|p1a: Dondozo|Curse|p1a: Dondozo|[from]move: Sleep Talk\n|-unboost|p1a: Dondozo|spe|1\n|-boost|p1a: Dondozo|atk|1\n|-boost|p1a: Dondozo|def|1\n|\n|-heal|p1a: Dondozo|70\/100 slp|[from] item: Leftovers\n|upkeep\n|turn|25\n|\n|t:|1700814727\n|move|p2a: Togekiss|Air Slash|p1a: Dondozo\n|-damage|p1a: Dondozo|37\/100 slp\n|cant|p1a: Dondozo|slp\n|cant|p1a: Dondozo|flinch\n|\n|-heal|p1a: Dondozo|43\/100 slp|[from] item: Leftovers\n|upkeep\n|turn|26\n|\n|t:|1700814735\n|move|p2a: Togekiss|Air Slash|p1a: Dondozo\n|-damage|p1a: Dondozo|6\/100 slp\n|-curestatus|p1a: Dondozo|slp|[msg]\n|move|p1a: Dondozo|Sleep Talk||[still]\n|-fail|p1a: Dondozo\n|\n|-heal|p1a: Dondozo|12\/100|[from] item: Leftovers\n|upkeep\n|turn|27\n|\n|t:|1700814743\n|move|p2a: Togekiss|Dazzling Gleam|p1a: Dondozo\n|-damage|p1a: Dondozo|0 fnt\n|faint|p1a: Dondozo\n|\n|upkeep\n|\n|t:|1700814746\n|switch|p1a: Garganacl|Garganacl, F|100\/100\n|turn|28\n|\n|t:|1700814750\n|move|p2a: Togekiss|Air Slash|p1a: Garganacl\n|-resisted|p1a: Garganacl\n|-damage|p1a: Garganacl|88\/100\n|cant|p1a: Garganacl|flinch\n|\n|-heal|p1a: Garganacl|95\/100|[from] item: Leftovers\n|upkeep\n|turn|29\n|\n|t:|1700814761\n|move|p2a: Togekiss|Air Slash|p1a: Garganacl\n|-resisted|p1a: Garganacl\n|-damage|p1a: Garganacl|82\/100\n|cant|p1a: Garganacl|flinch\n|\n|-heal|p1a: Garganacl|88\/100|[from] item: Leftovers\n|upkeep\n|turn|30\n|\n|t:|1700814768\n|move|p2a: Togekiss|Air Slash|p1a: Garganacl\n|-resisted|p1a: Garganacl\n|-damage|p1a: Garganacl|76\/100\n|move|p1a: Garganacl|Salt Cure|p2a: Togekiss\n|-supereffective|p2a: Togekiss\n|-damage|p2a: Togekiss|34\/100\n|-start|p2a: Togekiss|Salt Cure\n|\n|-heal|p1a: Garganacl|82\/100|[from] item: Leftovers\n|-damage|p2a: Togekiss|22\/100|[from] Salt Cure\n|upkeep\n|turn|31\n|\n|t:|1700814776\n|move|p2a: Togekiss|Roost|p2a: Togekiss\n|-heal|p2a: Togekiss|72\/100\n|-singleturn|p2a: Togekiss|move: Roost\n|move|p1a: Garganacl|Recover|p1a: Garganacl\n|-heal|p1a: Garganacl|100\/100\n|\n|-damage|p2a: Togekiss|59\/100|[from] Salt Cure\n|upkeep\n|turn|32\n|\n|t:|1700814784\n|move|p2a: Togekiss|Air Slash|p1a: Garganacl\n|-resisted|p1a: Garganacl\n|-damage|p1a: Garganacl|89\/100\n|move|p1a: Garganacl|Salt Cure|p2a: Togekiss\n|-supereffective|p2a: Togekiss\n|-damage|p2a: Togekiss|30\/100\n|\n|-heal|p1a: Garganacl|95\/100|[from] item: Leftovers\n|-damage|p2a: Togekiss|17\/100|[from] Salt Cure\n|upkeep\n|turn|33\n|\n|t:|1700814792\n|move|p2a: Togekiss|Dazzling Gleam|p1a: Garganacl\n|-damage|p1a: Garganacl|67\/100\n|move|p1a: Garganacl|Salt Cure|p2a: Togekiss\n|-supereffective|p2a: Togekiss\n|-damage|p2a: Togekiss|0 fnt\n|faint|p2a: Togekiss\n|\n|-heal|p1a: Garganacl|73\/100|[from] item: Leftovers\n|upkeep\n|\n|t:|1700814801\n|switch|p2a: Electivire|Electivire, M, shiny, tera:Ground|100\/100\n|-damage|p2a: Electivire|94\/100|[from] Stealth Rock\n|-item|p2a: Electivire|Air Balloon\n|turn|34\n|\n|t:|1700814813\n|move|p1a: Garganacl|Protect|p1a: Garganacl\n|-singleturn|p1a: Garganacl|Protect\n|move|p2a: Electivire|Earthquake|p1a: Garganacl\n|-activate|p1a: Garganacl|move: Protect\n|\n|-heal|p1a: Garganacl|80\/100|[from] item: Leftovers\n|upkeep\n|turn|35\n|\n|t:|1700814825\n|-terastallize|p1a: Garganacl|Water\n|move|p2a: Electivire|Earthquake|p1a: Garganacl\n|-damage|p1a: Garganacl|45\/100\n|move|p1a: Garganacl|Salt Cure|p2a: Electivire\n|-resisted|p2a: Electivire\n|-damage|p2a: Electivire|83\/100\n|-start|p2a: Electivire|Salt Cure\n|-enditem|p2a: Electivire|Air Balloon\n|\n|-heal|p1a: Garganacl|51\/100|[from] item: Leftovers\n|-damage|p2a: Electivire|70\/100|[from] Salt Cure\n|upkeep\n|turn|36\n|\n|t:|1700814840\n|move|p1a: Garganacl|Protect|p1a: Garganacl\n|-singleturn|p1a: Garganacl|Protect\n|move|p2a: Electivire|Thunder Punch|p1a: Garganacl\n|-activate|p1a: Garganacl|move: Protect\n|\n|-heal|p1a: Garganacl|58\/100|[from] item: Leftovers\n|-damage|p2a: Electivire|58\/100|[from] Salt Cure\n|upkeep\n|turn|37\n|\n|t:|1700814847\n|move|p2a: Electivire|Thunder Punch|p1a: Garganacl\n|-supereffective|p1a: Garganacl\n|-damage|p1a: Garganacl|0 fnt\n|faint|p1a: Garganacl\n|\n|-damage|p2a: Electivire|46\/100|[from] Salt Cure\n|upkeep\n|\n|t:|1700814850\n|switch|p1a: Sableye|Sableye, F|100\/100\n|turn|38\n|\n|t:|1700814857\n|move|p1a: Sableye|Will-O-Wisp|p2a: Electivire|[miss]\n|-miss|p1a: Sableye|p2a: Electivire\n|move|p2a: Electivire|Earthquake|p1a: Sableye\n|-damage|p1a: Sableye|51\/100\n|\n|-damage|p2a: Electivire|33\/100|[from] Salt Cure\n|upkeep\n|turn|39\n|\n|t:|1700814864\n|move|p1a: Sableye|Will-O-Wisp|p2a: Electivire\n|-status|p2a: Electivire|brn\n|move|p2a: Electivire|Earthquake|p1a: Sableye\n|-damage|p1a: Sableye|25\/100\n|\n|-damage|p2a: Electivire|27\/100 brn|[from] brn\n|-damage|p2a: Electivire|15\/100 brn|[from] Salt Cure\n|upkeep\n|turn|40\n|\n|t:|1700814874\n|move|p1a: Sableye|Recover|p1a: Sableye\n|-heal|p1a: Sableye|75\/100\n|move|p2a: Electivire|Thunder Punch|p1a: Sableye\n|-damage|p1a: Sableye|53\/100\n|\n|-damage|p2a: Electivire|9\/100 brn|[from] brn\n|-damage|p2a: Electivire|0 fnt|[from] Salt Cure\n|faint|p2a: Electivire\n|upkeep\n|\n|t:|1700814893\n|switch|p2a: Houndoom|Houndoom, M|100\/100\n|-damage|p2a: Houndoom|88\/100|[from] Spikes\n|-damage|p2a: Houndoom|63\/100|[from] Stealth Rock\n|turn|41\n|\n|t:|1700814904\n|move|p1a: Sableye|Recover|p1a: Sableye\n|-heal|p1a: Sableye|100\/100\n|move|p2a: Houndoom|Nasty Plot|p2a: Houndoom\n|-boost|p2a: Houndoom|spa|2\n|\n|upkeep\n|turn|42\n|\n|t:|1700814910\n|move|p2a: Houndoom|Dark Pulse|p1a: Sableye\n|-damage|p1a: Sableye|0 fnt\n|faint|p1a: Sableye\n|\n|upkeep\n|-message|bandeng forfeited.\n|\n|win|runeatest\n|raw|bandeng's rating: 1150 &rarr; <strong>1128<\/strong><br \/>(-22 for losing)\n|raw|runeatest's rating: 1196 &rarr; <strong>1218<\/strong><br \/>(+22 for winning)\n|l|\u2606bandeng\n","uploadtime":1700814920,"views":4,"p1id":"bandeng","p2id":"runeatest","formatid":"gen9nationaldex","rating":1128,"private":0,"password":""}