{"id":"gen9nationaldex-1992564518","p1":"um_sad2","p2":"Mael701","format":"[Gen 9] National Dex","log":"|j|\u2606um_sad2\n|j|\u2606Mael701\n|t:|1700206637\n|gametype|singles\n|player|p1|um_sad2|red|1155\n|player|p2|Mael701|ghetsis-gen5bw|1058\n|teamsize|p1|6\n|teamsize|p2|6\n|gen|9\n|tier|[Gen 9] National Dex\n|rated|\n|rule|HP Percentage Mod: HP is shown in percentages\n|rule|Endless Battle Clause: Forcing endless battles is banned\n|rule|OHKO Clause: OHKO moves are banned\n|rule|Evasion Clause: Evasion abilities, items, and moves are banned\n|rule|Evasion Abilities Clause: Evasion abilities are banned\n|rule|Evasion Items Clause: Evasion items are banned\n|rule|Evasion Moves Clause: Evasion moves are banned\n|rule|Species Clause: Limit one of each Pok\u00e9mon\n|rule|Sleep Clause Mod: Limit one foe put to sleep\n|clearpoke\n|poke|p1|Mudsdale, M|\n|poke|p1|Inteleon, F|\n|poke|p1|Serperior, F|\n|poke|p1|Pinsir, M|\n|poke|p1|Haxorus, M|\n|poke|p1|Rotom-Wash|\n|poke|p2|Volcarona, F|\n|poke|p2|Hydreigon, M|\n|poke|p2|Aegislash, F|\n|poke|p2|Grimmsnarl, M|\n|poke|p2|Basculegion, M|\n|poke|p2|Electivire, F|\n|teampreview\n|\n|t:|1700206644\n|start\n|switch|p1a: Mudsdale|Mudsdale, M|100\/100\n|switch|p2a: Racsiste|Grimmsnarl, M, shiny|100\/100\n|turn|1\n|\n|t:|1700206651\n|move|p2a: Racsiste|Light Screen|p2a: Racsiste\n|-sidestart|p2: Mael701|move: Light Screen\n|move|p1a: Mudsdale|Iron Head|p2a: Racsiste\n|-supereffective|p2a: Racsiste\n|-damage|p2a: Racsiste|43\/100\n|\n|upkeep\n|turn|2\n|\n|t:|1700206656\n|move|p2a: Racsiste|Reflect|p2a: Racsiste\n|-sidestart|p2: Mael701|Reflect\n|move|p1a: Mudsdale|Stealth Rock|p2a: Racsiste\n|-sidestart|p2: Mael701|move: Stealth Rock\n|\n|upkeep\n|turn|3\n|\n|t:|1700206663\n|move|p2a: Racsiste|Taunt|p1a: Mudsdale\n|-start|p1a: Mudsdale|move: Taunt\n|move|p1a: Mudsdale|Iron Head|p2a: Racsiste\n|-supereffective|p2a: Racsiste\n|-damage|p2a: Racsiste|13\/100\n|\n|upkeep\n|turn|4\n|\n|t:|1700206672\n|switch|p2a: Ragnar|Basculegion, M, shiny|100\/100\n|-damage|p2a: Ragnar|88\/100|[from] Stealth Rock\n|move|p1a: Mudsdale|Iron Head|p2a: Ragnar\n|-resisted|p2a: Ragnar\n|-damage|p2a: Ragnar|81\/100\n|\n|upkeep\n|turn|5\n|\n|t:|1700206680\n|switch|p1a: Rotom|Rotom-Wash, shiny|100\/100\n|move|p2a: Ragnar|Wave Crash|p1a: Rotom\n|-resisted|p1a: Rotom\n|-damage|p1a: Rotom|53\/100\n|-damage|p2a: Ragnar|68\/100|[from] Recoil\n|-damage|p2a: Ragnar|58\/100|[from] item: Life Orb\n|\n|-heal|p1a: Rotom|60\/100|[from] item: Leftovers\n|upkeep\n|turn|6\n|\n|t:|1700206713\n|switch|p2a: Reina|Hydreigon, M|100\/100\n|-damage|p2a: Reina|88\/100|[from] Stealth Rock\n|move|p1a: Rotom|Volt Switch|p2a: Reina\n|-resisted|p2a: Reina\n|-damage|p2a: Reina|82\/100\n|\n|t:|1700206725\n|switch|p1a: Inteleon|Inteleon, F, shiny|100\/100|[from] Volt Switch\n|\n|-heal|p2a: Reina|88\/100|[from] item: Leftovers\n|upkeep\n|turn|7\n|\n|t:|1700206733\n|move|p1a: Inteleon|Snipe Shot|p2a: Reina\n|-resisted|p2a: Reina\n|-crit|p2a: Reina\n|-damage|p2a: Reina|38\/100\n|move|p2a: Reina|U-turn|p1a: Inteleon\n|-damage|p1a: Inteleon|73\/100\n|\n|t:|1700206739\n|switch|p2a: Ra\u00ef|Electivire, F, shiny|100\/100|[from] U-turn\n|-damage|p2a: Ra\u00ef|88\/100|[from] Stealth Rock\n|\n|upkeep\n|turn|8\n|\n|t:|1700206746\n|move|p1a: Inteleon|U-turn|p2a: Ra\u00ef\n|-damage|p2a: Ra\u00ef|78\/100\n|\n|t:|1700206750\n|switch|p1a: Mudsdale|Mudsdale, M|100\/100|[from] U-turn\n|move|p2a: Ra\u00ef|Thunder Punch|p1a: Mudsdale\n|-immune|p1a: Mudsdale\n|\n|-sideend|p2: Mael701|move: Light Screen\n|upkeep\n|turn|9\n|\n|t:|1700206758\n|-terastallize|p2a: Ra\u00ef|Ice\n|move|p2a: Ra\u00ef|Ice Punch|p1a: Mudsdale\n|-supereffective|p1a: Mudsdale\n|-damage|p1a: Mudsdale|36\/100\n|-ability|p1a: Mudsdale|Stamina|boost\n|-boost|p1a: Mudsdale|def|1\n|-damage|p2a: Ra\u00ef|68\/100|[from] item: Life Orb\n|move|p1a: Mudsdale|Body Press|p2a: Ra\u00ef\n|-supereffective|p2a: Ra\u00ef\n|-damage|p2a: Ra\u00ef|0 fnt\n|faint|p2a: Ra\u00ef\n|\n|-heal|p1a: Mudsdale|42\/100|[from] item: Leftovers\n|-sideend|p2: Mael701|Reflect\n|upkeep\n|\n|t:|1700206773\n|switch|p2a: Ragnar|Basculegion, M, shiny|58\/100\n|-damage|p2a: Ragnar|46\/100|[from] Stealth Rock\n|turn|10\n|\n|t:|1700206779\n|move|p2a: Ragnar|Wave Crash|p1a: Mudsdale\n|-supereffective|p1a: Mudsdale\n|-damage|p1a: Mudsdale|0 fnt\n|faint|p1a: Mudsdale\n|-damage|p2a: Ragnar|31\/100|[from] Recoil\n|-damage|p2a: Ragnar|21\/100|[from] item: Life Orb\n|\n|upkeep\n|\n|t:|1700206787\n|switch|p1a: Inteleon|Inteleon, F, shiny|73\/100\n|turn|11\n|\n|t:|1700206793\n|move|p2a: Ragnar|Protect|p2a: Ragnar\n|-singleturn|p2a: Ragnar|Protect\n|move|p1a: Inteleon|Dark Pulse|p2a: Ragnar\n|-activate|p2a: Ragnar|move: Protect\n|\n|upkeep\n|turn|12\n|\n|t:|1700206803\n|switch|p2a: Reina|Hydreigon, M|38\/100\n|-damage|p2a: Reina|26\/100|[from] Stealth Rock\n|move|p1a: Inteleon|Snipe Shot|p2a: Reina\n|-resisted|p2a: Reina\n|-damage|p2a: Reina|0 fnt\n|faint|p2a: Reina\n|\n|upkeep\n|\n|t:|1700206811\n|switch|p2a: Racsiste|Grimmsnarl, M, shiny|13\/100\n|-damage|p2a: Racsiste|0 fnt|[from] Stealth Rock\n|faint|p2a: Racsiste\n|\n|t:|1700206818\n|switch|p2a: Izanami|Aegislash, F|100\/100\n|-damage|p2a: Izanami|94\/100|[from] Stealth Rock\n|turn|13\n|\n|t:|1700206826\n|move|p1a: Inteleon|Dark Pulse|p2a: Izanami\n|-supereffective|p2a: Izanami\n|-damage|p2a: Izanami|41\/100\n|cant|p2a: Izanami|flinch\n|\n|upkeep\n|turn|14\n|\n|t:|1700206832\n|move|p1a: Inteleon|Dark Pulse|p2a: Izanami\n|-supereffective|p2a: Izanami\n|-damage|p2a: Izanami|0 fnt\n|faint|p2a: Izanami\n|\n|upkeep\n|\n|t:|1700206840\n|switch|p2a: Ramoth|Volcarona, F|100\/100\n|turn|15\n|\n|t:|1700206846\n|move|p1a: Inteleon|Snipe Shot|p2a: Ramoth\n|-supereffective|p2a: Ramoth\n|-crit|p2a: Ramoth\n|-damage|p2a: Ramoth|0 fnt\n|faint|p2a: Ramoth\n|\n|upkeep\n|\n|t:|1700206851\n|switch|p2a: Ragnar|Basculegion, M, shiny|21\/100\n|-damage|p2a: Ragnar|9\/100|[from] Stealth Rock\n|turn|16\n|\n|t:|1700206856\n|move|p1a: Inteleon|Dark Pulse|p2a: Ragnar\n|-supereffective|p2a: Ragnar\n|-damage|p2a: Ragnar|0 fnt\n|faint|p2a: Ragnar\n|\n|win|um_sad2\n|raw|um_sad2's rating: 1155 &rarr; <strong>1173<\/strong><br \/>(+18 for winning)\n|raw|Mael701's rating: 1058 &rarr; <strong>1044<\/strong><br \/>(-14 for losing)\n|l|\u2606Mael701\n","uploadtime":1700206866,"views":4,"p1id":"umsad2","p2id":"mael701","formatid":"gen9nationaldex","rating":1044,"private":0,"password":""}