{"id":"gen9nationaldex-1991039480","p1":"lati246","p2":"Kuzwa","format":"[Gen 9] National Dex","log":"|j|\u2606lati246\n|j|\u2606Kuzwa\n|t:|1700032739\n|gametype|singles\n|player|p1|lati246|dawn-gen4pt|1313\n|player|p2|Kuzwa|parasollady|1331\n|teamsize|p1|6\n|teamsize|p2|6\n|gen|9\n|tier|[Gen 9] National Dex\n|rated|\n|rule|HP Percentage Mod: HP is shown in percentages\n|rule|Endless Battle Clause: Forcing endless battles is banned\n|rule|OHKO Clause: OHKO moves are banned\n|rule|Evasion Clause: Evasion abilities, items, and moves are banned\n|rule|Evasion Abilities Clause: Evasion abilities are banned\n|rule|Evasion Items Clause: Evasion items are banned\n|rule|Evasion Moves Clause: Evasion moves are banned\n|rule|Species Clause: Limit one of each Pok\u00e9mon\n|rule|Sleep Clause Mod: Limit one foe put to sleep\n|clearpoke\n|poke|p1|Lilligant-Hisui, F|\n|poke|p1|Sneasler, F|\n|poke|p1|Garganacl, F|\n|poke|p1|Charizard, F|\n|poke|p1|Gliscor, F|\n|poke|p1|Ferrothorn, F|\n|poke|p2|Kartana|\n|poke|p2|Weavile, M|\n|poke|p2|Ogerpon-Wellspring, F|\n|poke|p2|Zeraora|\n|poke|p2|Glimmora, M|\n|poke|p2|Blaziken, M|\n|teampreview\n|inactive|Battle timer is ON: inactive players will automatically lose when time's up. (requested by lati246)\n|\n|t:|1700032751\n|start\n|switch|p1a: Garganacl|Garganacl, F|100\/100\n|switch|p2a: thing|Glimmora, M|100\/100\n|-item|p2a: thing|Air Balloon\n|turn|1\n|\n|t:|1700032757\n|move|p2a: thing|Earth Power|p1a: Garganacl\n|-supereffective|p1a: Garganacl\n|-damage|p1a: Garganacl|61\/100\n|move|p1a: Garganacl|Stealth Rock|p2a: thing\n|-sidestart|p2: Kuzwa|move: Stealth Rock\n|\n|-heal|p1a: Garganacl|67\/100|[from] item: Leftovers\n|upkeep\n|turn|2\n|\n|t:|1700032768\n|switch|p1a: Gliscor|Gliscor, F|100\/100\n|move|p2a: thing|Mortal Spin|p1a: Gliscor\n|-resisted|p1a: Gliscor\n|-damage|p1a: Gliscor|98\/100\n|-status|p1a: Gliscor|psn\n|-sideend|p2: Kuzwa|Stealth Rock|[from] move: Mortal Spin|[of] p2a: thing\n|\n|-heal|p1a: Gliscor|100\/100 psn|[from] ability: Poison Heal\n|upkeep\n|turn|3\n|\n|t:|1700032772\n|move|p2a: thing|Power Gem|p1a: Gliscor\n|-damage|p1a: Gliscor|67\/100 psn\n|move|p1a: Gliscor|Earthquake|p2a: thing\n|-immune|p2a: thing\n|\n|-heal|p1a: Gliscor|80\/100 psn|[from] ability: Poison Heal\n|upkeep\n|turn|4\n|\n|t:|1700032776\n|switch|p1a: Ferrothorn|Ferrothorn, F|100\/100\n|move|p2a: thing|Power Gem|p1a: Ferrothorn\n|-resisted|p1a: Ferrothorn\n|-damage|p1a: Ferrothorn|85\/100\n|\n|-heal|p1a: Ferrothorn|91\/100|[from] item: Leftovers\n|upkeep\n|turn|5\n|\n|t:|1700032781\n|switch|p2a: Akihiko Sanada|Blaziken, M, shiny|100\/100\n|move|p1a: Ferrothorn|Gyro Ball|p2a: Akihiko Sanada\n|-resisted|p2a: Akihiko Sanada\n|-damage|p2a: Akihiko Sanada|66\/100\n|\n|-heal|p1a: Ferrothorn|98\/100|[from] item: Leftovers\n|upkeep\n|turn|6\n|\n|t:|1700032791\n|switch|p1a: Gliscor|Gliscor, F|80\/100 psn\n|move|p2a: Akihiko Sanada|Swords Dance|p2a: Akihiko Sanada\n|-boost|p2a: Akihiko Sanada|atk|2\n|\n|-heal|p1a: Gliscor|92\/100 psn|[from] ability: Poison Heal\n|-ability|p2a: Akihiko Sanada|Speed Boost|boost\n|-boost|p2a: Akihiko Sanada|spe|1\n|upkeep\n|turn|7\n|\n|t:|1700032794\n|move|p2a: Akihiko Sanada|Protect|p2a: Akihiko Sanada\n|-singleturn|p2a: Akihiko Sanada|Protect\n|move|p1a: Gliscor|Earthquake|p2a: Akihiko Sanada\n|-activate|p2a: Akihiko Sanada|move: Protect\n|\n|-heal|p1a: Gliscor|100\/100 psn|[from] ability: Poison Heal\n|-ability|p2a: Akihiko Sanada|Speed Boost|boost\n|-boost|p2a: Akihiko Sanada|spe|1\n|upkeep\n|turn|8\n|\n|t:|1700032800\n|-terastallize|p2a: Akihiko Sanada|Grass\n|move|p2a: Akihiko Sanada|Swords Dance|p2a: Akihiko Sanada\n|-boost|p2a: Akihiko Sanada|atk|2\n|move|p1a: Gliscor|Earthquake|p2a: Akihiko Sanada\n|-resisted|p2a: Akihiko Sanada\n|-damage|p2a: Akihiko Sanada|41\/100\n|\n|-ability|p2a: Akihiko Sanada|Speed Boost|boost\n|-boost|p2a: Akihiko Sanada|spe|1\n|upkeep\n|turn|9\n|\n|t:|1700032807\n|-terastallize|p1a: Gliscor|Water\n|move|p2a: Akihiko Sanada|Protect|p2a: Akihiko Sanada\n|-singleturn|p2a: Akihiko Sanada|Protect\n|move|p1a: Gliscor|Earthquake|p2a: Akihiko Sanada\n|-activate|p2a: Akihiko Sanada|move: Protect\n|\n|-ability|p2a: Akihiko Sanada|Speed Boost|boost\n|-boost|p2a: Akihiko Sanada|spe|1\n|upkeep\n|turn|10\n|\n|t:|1700032810\n|move|p2a: Akihiko Sanada|Close Combat|p1a: Gliscor\n|-damage|p1a: Gliscor|0 fnt\n|-unboost|p2a: Akihiko Sanada|def|1\n|-unboost|p2a: Akihiko Sanada|spd|1\n|faint|p1a: Gliscor\n|\n|-ability|p2a: Akihiko Sanada|Speed Boost|boost\n|-boost|p2a: Akihiko Sanada|spe|1\n|upkeep\n|\n|t:|1700032813\n|switch|p1a: Sneasler|Sneasler, F|100\/100\n|turn|11\n|\n|t:|1700032817\n|move|p2a: Akihiko Sanada|Protect|p2a: Akihiko Sanada\n|-singleturn|p2a: Akihiko Sanada|Protect\n|move|p1a: Sneasler|Fake Out|p2a: Akihiko Sanada\n|-activate|p2a: Akihiko Sanada|move: Protect\n|\n|-ability|p2a: Akihiko Sanada|Speed Boost|boost\n|-boost|p2a: Akihiko Sanada|spe|1\n|upkeep\n|turn|12\n|\n|t:|1700032824\n|switch|p1a: Ferrothorn|Ferrothorn, F|98\/100\n|move|p2a: Akihiko Sanada|Fire Punch|p1a: Ferrothorn\n|-supereffective|p1a: Ferrothorn\n|-damage|p1a: Ferrothorn|0 fnt\n|-damage|p2a: Akihiko Sanada|28\/100|[from] ability: Iron Barbs|[of] p1a: Ferrothorn\n|faint|p1a: Ferrothorn\n|\n|upkeep\n|\n|t:|1700032829\n|switch|p1a: Garganacl|Garganacl, F|67\/100\n|turn|13\n|\n|t:|1700032832\n|move|p2a: Akihiko Sanada|Fire Punch|p1a: Garganacl\n|-resisted|p1a: Garganacl\n|-damage|p1a: Garganacl|27\/100\n|move|p1a: Garganacl|Salt Cure|p2a: Akihiko Sanada\n|-crit|p2a: Akihiko Sanada\n|-damage|p2a: Akihiko Sanada|0 fnt\n|faint|p2a: Akihiko Sanada\n|\n|-heal|p1a: Garganacl|33\/100|[from] item: Leftovers\n|upkeep\n|\n|t:|1700032837\n|switch|p2a: thing|Glimmora, M|100\/100\n|-item|p2a: thing|Air Balloon\n|turn|14\n|\n|t:|1700032840\n|move|p1a: Garganacl|Protect|p1a: Garganacl\n|-singleturn|p1a: Garganacl|Protect\n|move|p2a: thing|Earth Power|p1a: Garganacl\n|-activate|p1a: Garganacl|move: Protect\n|\n|-heal|p1a: Garganacl|39\/100|[from] item: Leftovers\n|upkeep\n|turn|15\n|\n|t:|1700032843\n|switch|p1a: Lilligant|Lilligant-Hisui, F, shiny|100\/100\n|move|p2a: thing|Earth Power|p1a: Lilligant\n|-resisted|p1a: Lilligant\n|-damage|p1a: Lilligant|78\/100\n|\n|upkeep\n|turn|16\n|\n|t:|1700032846\n|move|p1a: Lilligant|Victory Dance|p1a: Lilligant\n|-boost|p1a: Lilligant|atk|1\n|-boost|p1a: Lilligant|def|1\n|-boost|p1a: Lilligant|spe|1\n|move|p2a: thing|Sludge Wave|p1a: Lilligant\n|-supereffective|p1a: Lilligant\n|-damage|p1a: Lilligant|0 fnt\n|faint|p1a: Lilligant\n|\n|upkeep\n|\n|t:|1700032874\n|switch|p1a: Sneasler|Sneasler, F|100\/100\n|turn|17\n|\n|t:|1700032879\n|move|p1a: Sneasler|Fake Out|p2a: thing\n|-resisted|p2a: thing\n|-damage|p2a: thing|92\/100\n|-activate|p2a: thing|ability: Toxic Debris\n|-sidestart|p1: lati246|move: Toxic Spikes\n|-enditem|p2a: thing|Air Balloon\n|cant|p2a: thing|flinch\n|\n|upkeep\n|turn|18\n|\n|t:|1700032882\n|move|p1a: Sneasler|Close Combat|p2a: thing\n|-damage|p2a: thing|21\/100\n|-unboost|p1a: Sneasler|def|1\n|-unboost|p1a: Sneasler|spd|1\n|-activate|p2a: thing|ability: Toxic Debris\n|-sidestart|p1: lati246|move: Toxic Spikes\n|move|p2a: thing|Power Gem|p1a: Sneasler\n|-resisted|p1a: Sneasler\n|-damage|p1a: Sneasler|59\/100\n|\n|upkeep\n|turn|19\n|\n|t:|1700032886\n|move|p1a: Sneasler|Close Combat|p2a: thing\n|-damage|p2a: thing|0 fnt\n|-unboost|p1a: Sneasler|def|1\n|-unboost|p1a: Sneasler|spd|1\n|faint|p2a: thing\n|\n|upkeep\n|\n|t:|1700032889\n|switch|p2a: Ken Amada|Zeraora|100\/100\n|turn|20\n|\n|t:|1700032893\n|move|p2a: Ken Amada|Fake Out|p1a: Sneasler\n|-damage|p1a: Sneasler|15\/100\n|cant|p1a: Sneasler|flinch\n|\n|upkeep\n|turn|21\n|\n|t:|1700032897\n|move|p2a: Ken Amada|Plasma Fists|p1a: Sneasler\n|-damage|p1a: Sneasler|0 fnt\n|-fieldactivate|move: Ion Deluge\n|-hint|Normal-type moves become Electric-type after using Plasma Fists.\n|faint|p1a: Sneasler\n|\n|upkeep\n|\n|t:|1700032900\n|switch|p1a: Charizard|Charizard, F|100\/100\n|turn|22\n|-message|lati246 forfeited.\n|\n|win|Kuzwa\n|raw|lati246's rating: 1313 &rarr; <strong>1294<\/strong><br \/>(-19 for losing)\n|raw|Kuzwa's rating: 1331 &rarr; <strong>1350<\/strong><br \/>(+19 for winning)\n|l|\u2606lati246\n","uploadtime":1700032909,"views":4,"p1id":"lati246","p2id":"kuzwa","formatid":"gen9nationaldex","rating":1294,"private":0,"password":""}