{"id":"gen9nationaldex-1997365967","p1":"jianzirumian","p2":"SUPER LARIAL","format":"[Gen 9] National Dex","log":"|html|<div class=\"broadcast-blue\"><strong>[Gen 9] National Dex is currently suspecting Sneasler! For information on how to participate check out the <a href=\"https:\/\/www.smogon.com\/forums\/threads\/sv-national-dex-suspect-8-just-dance.3731534\/\">suspect thread<\/a>.<\/strong><\/div>\n|j|\u2606jianzirumian\n|j|\u2606SUPER LARIAL\n|t:|1700794757\n|gametype|singles\n|player|p1|jianzirumian|lady-gen4|1527\n|player|p2|SUPER LARIAL|clown|1466\n|teamsize|p1|6\n|teamsize|p2|6\n|gen|9\n|tier|[Gen 9] National Dex\n|rated|\n|rule|HP Percentage Mod: HP is shown in percentages\n|rule|Endless Battle Clause: Forcing endless battles is banned\n|rule|OHKO Clause: OHKO moves are banned\n|rule|Evasion Clause: Evasion abilities, items, and moves are banned\n|rule|Evasion Abilities Clause: Evasion abilities are banned\n|rule|Evasion Items Clause: Evasion items are banned\n|rule|Evasion Moves Clause: Evasion moves are banned\n|rule|Species Clause: Limit one of each Pok\u00e9mon\n|rule|Sleep Clause Mod: Limit one foe put to sleep\n|clearpoke\n|poke|p1|Garchomp, F|\n|poke|p1|Scizor, M|\n|poke|p1|Hatterene, F|\n|poke|p1|Zapdos|\n|poke|p1|Victini|\n|poke|p1|Xurkitree|\n|poke|p2|Landorus-Therian, M|\n|poke|p2|Tapu Koko|\n|poke|p2|Alomomola, M|\n|poke|p2|Sneasler, M|\n|poke|p2|Iron Hands|\n|poke|p2|Tyranitar, F|\n|teampreview\n|\n|t:|1700794773\n|start\n|switch|p1a: Victini|Victini|100\/100\n|switch|p2a: Tyranitar|Tyranitar, F|100\/100\n|-weather|Sandstorm|[from] ability: Sand Stream|[of] p2a: Tyranitar\n|turn|1\n|inactive|Battle timer is ON: inactive players will automatically lose when time's up. (requested by jianzirumian)\n|\n|t:|1700794784\n|detailschange|p2a: Tyranitar|Tyranitar-Mega, F\n|-mega|p2a: Tyranitar|Tyranitar|Tyranitarite\n|move|p1a: Victini|U-turn|p2a: Tyranitar\n|-supereffective|p2a: Tyranitar\n|-damage|p2a: Tyranitar|74\/100\n|\n|t:|1700794791\n|switch|p1a: Xurkitree|Xurkitree|100\/100|[from] U-turn\n|move|p2a: Tyranitar|Knock Off|p1a: Xurkitree\n|-damage|p1a: Xurkitree|17\/100\n|-enditem|p1a: Xurkitree|Blunder Policy|[from] move: Knock Off|[of] p2a: Tyranitar\n|\n|-weather|Sandstorm|[upkeep]\n|-damage|p1a: Xurkitree|11\/100|[from] Sandstorm\n|upkeep\n|turn|2\n|\n|t:|1700794801\n|move|p1a: Xurkitree|Hypnosis|p2a: Tyranitar\n|-status|p2a: Tyranitar|slp|[from] move: Hypnosis\n|cant|p2a: Tyranitar|slp\n|\n|-weather|Sandstorm|[upkeep]\n|-damage|p1a: Xurkitree|5\/100|[from] Sandstorm\n|upkeep\n|turn|3\n|\n|t:|1700794818\n|switch|p1a: Scizor|Scizor, M|100\/100\n|switch|p2a: Landorus|Landorus-Therian, M|100\/100\n|-ability|p2a: Landorus|Intimidate|boost\n|-unboost|p1a: Scizor|atk|1\n|\n|-weather|Sandstorm|[upkeep]\n|upkeep\n|turn|4\n|\n|t:|1700794824\n|detailschange|p1a: Scizor|Scizor-Mega, M\n|-mega|p1a: Scizor|Scizor|Scizorite\n|move|p2a: Landorus|U-turn|p1a: Scizor\n|-resisted|p1a: Scizor\n|-damage|p1a: Scizor|95\/100\n|\n|t:|1700794831\n|switch|p2a: Iron Hands|Iron Hands|100\/100|[from] U-turn\n|move|p1a: Scizor|U-turn|p2a: Iron Hands\n|-resisted|p2a: Iron Hands\n|-damage|p2a: Iron Hands|94\/100\n|\n|t:|1700794842\n|switch|p1a: Garchomp|Garchomp, F|100\/100|[from] U-turn\n|\n|-weather|Sandstorm|[upkeep]\n|-damage|p2a: Iron Hands|88\/100|[from] Sandstorm\n|-heal|p2a: Iron Hands|94\/100|[from] item: Leftovers\n|upkeep\n|turn|5\n|\n|t:|1700794851\n|-end|p2a: Iron Hands|Quark Drive|[silent]\n|switch|p2a: Landorus|Landorus-Therian, M|100\/100\n|-ability|p2a: Landorus|Intimidate|boost\n|-unboost|p1a: Garchomp|atk|1\n|move|p1a: Garchomp|Earthquake|p2a: Landorus\n|-immune|p2a: Landorus\n|\n|-weather|none\n|upkeep\n|turn|6\n|\n|t:|1700794865\n|switch|p1a: Zapdos|Zapdos|100\/100\n|move|p2a: Landorus|Earthquake|p1a: Zapdos\n|-immune|p1a: Zapdos\n|\n|upkeep\n|turn|7\n|\n|t:|1700794873\n|switch|p2a: Tapu Koko|Tapu Koko|100\/100\n|-fieldstart|move: Electric Terrain|[from] ability: Electric Surge|[of] p2a: Tapu Koko\n|move|p1a: Zapdos|Hidden Power|p2a: Tapu Koko\n|-damage|p2a: Tapu Koko|81\/100\n|\n|upkeep\n|turn|8\n|\n|t:|1700794882\n|switch|p1a: Xurkitree|Xurkitree|5\/100\n|move|p2a: Tapu Koko|Light Screen|p2a: Tapu Koko\n|-sidestart|p2: SUPER LARIAL|move: Light Screen\n|\n|upkeep\n|turn|9\n|\n|t:|1700794889\n|move|p2a: Tapu Koko|U-turn|p1a: Xurkitree\n|-damage|p1a: Xurkitree|0 fnt\n|faint|p1a: Xurkitree\n|\n|t:|1700794905\n|switch|p2a: Sneasler|Sneasler, M|100\/100|[from] U-turn\n|-enditem|p2a: Sneasler|Electric Seed\n|-boost|p2a: Sneasler|def|1|[from] item: Electric Seed\n|\n|upkeep\n|\n|t:|1700794911\n|switch|p1a: Zapdos|Zapdos|100\/100\n|turn|10\n|\n|t:|1700794922\n|move|p2a: Sneasler|Dire Claw|p1a: Zapdos\n|-damage|p1a: Zapdos|67\/100\n|-status|p2a: Sneasler|par|[from] ability: Static|[of] p1a: Zapdos\n|move|p1a: Zapdos|Defog|p2a: Sneasler\n|-unboost|p2a: Sneasler|evasion|1\n|-sideend|p2: SUPER LARIAL|move: Light Screen\n|-fieldend|move: Electric Terrain\n|\n|upkeep\n|turn|11\n|\n|t:|1700794927\n|move|p2a: Sneasler|Dire Claw|p1a: Zapdos\n|-damage|p1a: Zapdos|32\/100\n|move|p1a: Zapdos|Volt Switch|p2a: Sneasler\n|-damage|p2a: Sneasler|63\/100 par\n|\n|t:|1700794937\n|switch|p1a: Garchomp|Garchomp, F|100\/100|[from] Volt Switch\n|\n|upkeep\n|turn|12\n|\n|t:|1700794943\n|move|p2a: Sneasler|Close Combat|p1a: Garchomp\n|-damage|p1a: Garchomp|31\/100\n|-unboost|p2a: Sneasler|def|1\n|-unboost|p2a: Sneasler|spd|1\n|-damage|p2a: Sneasler|51\/100 par|[from] ability: Rough Skin|[of] p1a: Garchomp\n|move|p1a: Garchomp|Swords Dance|p1a: Garchomp\n|-boost|p1a: Garchomp|atk|2\n|\n|upkeep\n|turn|13\n|\n|t:|1700794948\n|move|p2a: Sneasler|Close Combat|p1a: Garchomp\n|-damage|p1a: Garchomp|0 fnt\n|-unboost|p2a: Sneasler|def|1\n|-unboost|p2a: Sneasler|spd|1\n|-damage|p2a: Sneasler|39\/100 par|[from] ability: Rough Skin|[of] p1a: Garchomp\n|faint|p1a: Garchomp\n|\n|upkeep\n|\n|t:|1700794953\n|switch|p1a: Victini|Victini|100\/100\n|turn|14\n|\n|t:|1700794957\n|move|p1a: Victini|V-create|p2a: Sneasler\n|-damage|p2a: Sneasler|0 fnt\n|-unboost|p1a: Victini|spe|1\n|-unboost|p1a: Victini|def|1\n|-unboost|p1a: Victini|spd|1\n|faint|p2a: Sneasler\n|\n|upkeep\n|\n|t:|1700794975\n|switch|p2a: Iron Hands|Iron Hands|94\/100\n|turn|15\n|\n|t:|1700794982\n|move|p1a: Victini|V-create|p2a: Iron Hands\n|-damage|p2a: Iron Hands|42\/100\n|-unboost|p1a: Victini|spe|1\n|-unboost|p1a: Victini|def|1\n|-unboost|p1a: Victini|spd|1\n|move|p2a: Iron Hands|Volt Switch|p1a: Victini\n|-damage|p1a: Victini|76\/100\n|\n|t:|1700794995\n|-end|p2a: Iron Hands|Quark Drive|[silent]\n|switch|p2a: Landorus|Landorus-Therian, M|100\/100|[from] Volt Switch\n|-ability|p2a: Landorus|Intimidate|boost\n|-unboost|p1a: Victini|atk|1\n|\n|upkeep\n|turn|16\n|\n|t:|1700794999\n|switch|p1a: Zapdos|Zapdos|32\/100\n|move|p2a: Landorus|U-turn|p1a: Zapdos\n|-resisted|p1a: Zapdos\n|-damage|p1a: Zapdos|24\/100\n|-status|p2a: Landorus|par|[from] ability: Static|[of] p1a: Zapdos\n|\n|t:|1700795011\n|switch|p2a: Tapu Koko|Tapu Koko|81\/100|[from] U-turn\n|-fieldstart|move: Electric Terrain|[from] ability: Electric Surge|[of] p2a: Tapu Koko\n|\n|upkeep\n|turn|17\n|\n|t:|1700795021\n|-terastallize|p1a: Zapdos|Electric\n|move|p2a: Tapu Koko|Dazzling Gleam|p1a: Zapdos\n|-damage|p1a: Zapdos|0 fnt\n|faint|p1a: Zapdos\n|\n|upkeep\n|\n|t:|1700795025\n|switch|p1a: Scizor|Scizor-Mega, M|95\/100\n|turn|18\n|\n|t:|1700795030\n|switch|p2a: Landorus|Landorus-Therian, M|100\/100 par\n|-ability|p2a: Landorus|Intimidate|boost\n|-unboost|p1a: Scizor|atk|1\n|move|p1a: Scizor|Swords Dance|p1a: Scizor\n|-boost|p1a: Scizor|atk|2\n|\n|upkeep\n|turn|19\n|\n|t:|1700795046\n|move|p1a: Scizor|Swords Dance|p1a: Scizor\n|-boost|p1a: Scizor|atk|2\n|move|p2a: Landorus|U-turn|p1a: Scizor\n|-resisted|p1a: Scizor\n|-damage|p1a: Scizor|88\/100\n|\n|t:|1700795053\n|switch|p2a: Iron Hands|Iron Hands|42\/100|[from] U-turn\n|-activate|p2a: Iron Hands|ability: Quark Drive\n|-start|p2a: Iron Hands|quarkdriveatk\n|\n|-heal|p2a: Iron Hands|48\/100|[from] item: Leftovers\n|upkeep\n|turn|20\n|\n|t:|1700795062\n|move|p1a: Scizor|Bullet Punch|p2a: Iron Hands\n|-resisted|p2a: Iron Hands\n|-damage|p2a: Iron Hands|25\/100\n|move|p2a: Iron Hands|Drain Punch|p1a: Scizor\n|-damage|p1a: Scizor|52\/100\n|-heal|p2a: Iron Hands|38\/100|[from] drain|[of] p1a: Scizor\n|\n|-heal|p2a: Iron Hands|44\/100|[from] item: Leftovers\n|-fieldend|move: Electric Terrain\n|-end|p2a: Iron Hands|Quark Drive\n|upkeep\n|turn|21\n|\n|t:|1700795067\n|move|p1a: Scizor|U-turn|p2a: Iron Hands\n|-resisted|p2a: Iron Hands\n|-damage|p2a: Iron Hands|16\/100\n|\n|t:|1700795070\n|switch|p1a: Victini|Victini|76\/100|[from] U-turn\n|move|p2a: Iron Hands|Drain Punch|p1a: Victini\n|-resisted|p1a: Victini\n|-damage|p1a: Victini|52\/100\n|-heal|p2a: Iron Hands|24\/100|[from] drain|[of] p1a: Victini\n|\n|-heal|p2a: Iron Hands|30\/100|[from] item: Leftovers\n|upkeep\n|turn|22\n|\n|t:|1700795077\n|-end|p2a: Iron Hands|Quark Drive|[silent]\n|switch|p2a: Landorus|Landorus-Therian, M|100\/100 par\n|-ability|p2a: Landorus|Intimidate|boost\n|-unboost|p1a: Victini|atk|1\n|move|p1a: Victini|Bolt Strike|p2a: Landorus\n|-immune|p2a: Landorus\n|\n|upkeep\n|turn|23\n|\n|t:|1700795083\n|switch|p1a: Scizor|Scizor-Mega, M|52\/100\n|move|p2a: Landorus|Earthquake|p1a: Scizor\n|-damage|p1a: Scizor|25\/100\n|\n|upkeep\n|turn|24\n|\n|t:|1700795088\n|switch|p2a: Alomomola|Alomomola, M|100\/100\n|move|p1a: Scizor|Roost|p1a: Scizor\n|-heal|p1a: Scizor|75\/100\n|-singleturn|p1a: Scizor|move: Roost\n|\n|upkeep\n|turn|25\n|\n|t:|1700795092\n|switch|p1a: Hatterene|Hatterene, F, shiny|100\/100\n|move|p2a: Alomomola|Wish|p2a: Alomomola\n|\n|upkeep\n|turn|26\n|\n|t:|1700795097\n|move|p2a: Alomomola|Flip Turn|p1a: Hatterene\n|-damage|p1a: Hatterene|87\/100\n|\n|t:|1700795106\n|switch|p2a: Tyranitar|Tyranitar-Mega, F|74\/100 slp|[from] Flip Turn\n|-weather|Sandstorm|[from] ability: Sand Stream|[of] p2a: Tyranitar\n|move|p1a: Hatterene|Calm Mind|p1a: Hatterene\n|-boost|p1a: Hatterene|spa|1\n|-boost|p1a: Hatterene|spd|1\n|\n|-weather|Sandstorm|[upkeep]\n|-damage|p1a: Hatterene|81\/100|[from] Sandstorm\n|-heal|p2a: Tyranitar|100\/100 slp|[from] move: Wish|[wisher] Alomomola\n|-heal|p1a: Hatterene|87\/100|[from] item: Leftovers\n|upkeep\n|turn|27\n|\n|t:|1700795112\n|cant|p2a: Tyranitar|slp\n|move|p1a: Hatterene|Calm Mind|p1a: Hatterene\n|-boost|p1a: Hatterene|spa|1\n|-boost|p1a: Hatterene|spd|1\n|\n|-weather|Sandstorm|[upkeep]\n|-damage|p1a: Hatterene|81\/100|[from] Sandstorm\n|-heal|p1a: Hatterene|87\/100|[from] item: Leftovers\n|upkeep\n|turn|28\n|\n|t:|1700795115\n|-curestatus|p2a: Tyranitar|slp|[msg]\n|move|p2a: Tyranitar|Knock Off|p1a: Hatterene\n|-crit|p1a: Hatterene\n|-damage|p1a: Hatterene|3\/100\n|-enditem|p1a: Hatterene|Leftovers|[from] move: Knock Off|[of] p2a: Tyranitar\n|move|p1a: Hatterene|Draining Kiss|p2a: Tyranitar\n|-supereffective|p2a: Tyranitar\n|-damage|p2a: Tyranitar|53\/100\n|-heal|p1a: Hatterene|48\/100|[from] drain|[of] p2a: Tyranitar\n|\n|-weather|Sandstorm|[upkeep]\n|-damage|p1a: Hatterene|42\/100|[from] Sandstorm\n|upkeep\n|turn|29\n|\n|t:|1700795131\n|move|p2a: Tyranitar|Stone Edge|p1a: Hatterene|[miss]\n|-miss|p2a: Tyranitar|p1a: Hatterene\n|move|p1a: Hatterene|Nuzzle|p2a: Tyranitar\n|-damage|p2a: Tyranitar|50\/100\n|-status|p2a: Tyranitar|par\n|\n|-weather|Sandstorm|[upkeep]\n|-damage|p1a: Hatterene|36\/100|[from] Sandstorm\n|upkeep\n|turn|30\n|\n|t:|1700795134\n|move|p1a: Hatterene|Draining Kiss|p2a: Tyranitar\n|-supereffective|p2a: Tyranitar\n|-damage|p2a: Tyranitar|4\/100 par\n|-heal|p1a: Hatterene|81\/100|[from] drain|[of] p2a: Tyranitar\n|cant|p2a: Tyranitar|par\n|\n|-weather|none\n|upkeep\n|turn|31\n|\n|t:|1700795141\n|move|p1a: Hatterene|Draining Kiss|p2a: Tyranitar\n|-supereffective|p2a: Tyranitar\n|-damage|p2a: Tyranitar|0 fnt\n|-heal|p1a: Hatterene|84\/100|[from] drain|[of] p2a: Tyranitar\n|faint|p2a: Tyranitar\n|\n|upkeep\n|\n|t:|1700795155\n|switch|p2a: Tapu Koko|Tapu Koko|81\/100\n|-fieldstart|move: Electric Terrain|[from] ability: Electric Surge|[of] p2a: Tapu Koko\n|turn|32\n|\n|t:|1700795159\n|move|p2a: Tapu Koko|Light Screen|p2a: Tapu Koko\n|-sidestart|p2: SUPER LARIAL|move: Light Screen\n|move|p1a: Hatterene|Calm Mind|p1a: Hatterene\n|-boost|p1a: Hatterene|spa|1\n|-boost|p1a: Hatterene|spd|1\n|\n|upkeep\n|turn|33\n|\n|t:|1700795163\n|move|p2a: Tapu Koko|U-turn|p1a: Hatterene\n|-damage|p1a: Hatterene|70\/100\n|\n|t:|1700795167\n|switch|p2a: Landorus|Landorus-Therian, M|100\/100 par|[from] U-turn\n|-ability|p2a: Landorus|Intimidate|boost\n|-unboost|p1a: Hatterene|atk|1\n|move|p1a: Hatterene|Calm Mind|p1a: Hatterene\n|-boost|p1a: Hatterene|spa|1\n|-boost|p1a: Hatterene|spd|1\n|\n|upkeep\n|turn|34\n|\n|t:|1700795170\n|cant|p2a: Landorus|par\n|move|p1a: Hatterene|Draining Kiss|p2a: Landorus\n|-damage|p2a: Landorus|63\/100 par\n|-heal|p1a: Hatterene|100\/100|[from] drain|[of] p2a: Landorus\n|-damage|p1a: Hatterene|84\/100|[from] item: Rocky Helmet|[of] p2a: Landorus\n|\n|upkeep\n|turn|35\n|\n|t:|1700795177\n|move|p2a: Landorus|Earthquake|p1a: Hatterene\n|-damage|p1a: Hatterene|46\/100\n|move|p1a: Hatterene|Draining Kiss|p2a: Landorus\n|-crit|p2a: Landorus\n|-damage|p2a: Landorus|0 fnt\n|-heal|p1a: Hatterene|100\/100|[from] drain|[of] p2a: Landorus\n|-damage|p1a: Hatterene|84\/100|[from] item: Rocky Helmet|[of] p2a: Landorus\n|faint|p2a: Landorus\n|\n|upkeep\n|\n|t:|1700795180\n|switch|p2a: Iron Hands|Iron Hands|30\/100\n|-activate|p2a: Iron Hands|ability: Quark Drive\n|-start|p2a: Iron Hands|quarkdriveatk\n|turn|36\n|\n|t:|1700795200\n|-terastallize|p2a: Iron Hands|Poison\n|move|p2a: Iron Hands|Wild Charge|p1a: Hatterene\n|-damage|p1a: Hatterene|17\/100\n|-damage|p2a: Iron Hands|19\/100|[from] Recoil\n|move|p1a: Hatterene|Draining Kiss|p2a: Iron Hands\n|-resisted|p2a: Iron Hands\n|-damage|p2a: Iron Hands|3\/100\n|-heal|p1a: Hatterene|36\/100|[from] drain|[of] p2a: Iron Hands\n|\n|-heal|p2a: Iron Hands|9\/100|[from] item: Leftovers\n|-fieldend|move: Electric Terrain\n|-end|p2a: Iron Hands|Quark Drive\n|upkeep\n|turn|37\n|\n|t:|1700795226\n|-end|p2a: Iron Hands|Quark Drive|[silent]\n|switch|p2a: Tapu Koko|Tapu Koko|81\/100\n|-fieldstart|move: Electric Terrain|[from] ability: Electric Surge|[of] p2a: Tapu Koko\n|move|p1a: Hatterene|Draining Kiss|p2a: Tapu Koko\n|-damage|p2a: Tapu Koko|35\/100\n|-heal|p1a: Hatterene|73\/100|[from] drain|[of] p2a: Tapu Koko\n|\n|upkeep\n|turn|38\n|\n|t:|1700795235\n|move|p2a: Tapu Koko|U-turn|p1a: Hatterene\n|-damage|p1a: Hatterene|61\/100\n|\n|t:|1700795240\n|switch|p2a: Alomomola|Alomomola, M|100\/100|[from] U-turn\n|move|p1a: Hatterene|Draining Kiss|p2a: Alomomola\n|-damage|p2a: Alomomola|59\/100\n|-heal|p1a: Hatterene|100\/100|[from] drain|[of] p2a: Alomomola\n|\n|-heal|p2a: Alomomola|65\/100|[from] item: Leftovers\n|upkeep\n|turn|39\n|\n|t:|1700795250\n|move|p2a: Alomomola|Wish|p2a: Alomomola\n|move|p1a: Hatterene|Psyshock|p2a: Alomomola\n|-damage|p2a: Alomomola|38\/100\n|\n|-heal|p2a: Alomomola|44\/100|[from] item: Leftovers\n|-sideend|p2: SUPER LARIAL|move: Light Screen\n|upkeep\n|turn|40\n|\n|t:|1700795260\n|move|p2a: Alomomola|Flip Turn|p1a: Hatterene\n|-damage|p1a: Hatterene|89\/100\n|\n|t:|1700795262\n|switch|p2a: Iron Hands|Iron Hands, tera:Poison|9\/100|[from] Flip Turn\n|-activate|p2a: Iron Hands|ability: Quark Drive\n|-start|p2a: Iron Hands|quarkdriveatk\n|move|p1a: Hatterene|Draining Kiss|p2a: Iron Hands\n|-resisted|p2a: Iron Hands\n|-crit|p2a: Iron Hands\n|-damage|p2a: Iron Hands|0 fnt\n|-heal|p1a: Hatterene|99\/100|[from] drain|[of] p2a: Iron Hands\n|faint|p2a: Iron Hands\n|-end|p2a: Iron Hands|Quark Drive|[silent]\n|\n|upkeep\n|-message|SUPER LARIAL forfeited.\n|\n|win|jianzirumian\n|raw|jianzirumian's rating: 1527 &rarr; <strong>1544<\/strong><br \/>(+17 for winning)\n|raw|SUPER LARIAL's rating: 1466 &rarr; <strong>1449<\/strong><br \/>(-17 for losing)\n|l|\u2606SUPER LARIAL\n","uploadtime":1700795295,"views":6,"p1id":"jianzirumian","p2id":"superlarial","formatid":"gen9nationaldex","rating":1449,"private":0,"password":""}