{"id":"gen9nationaldex-1997967734","p1":"Oofmaster9364","p2":"janeeyreisass","format":"[Gen 9] National Dex","log":"|html|<div class=\"broadcast-blue\"><strong>[Gen 9] National Dex is currently suspecting Sneasler! For information on how to participate check out the <a href=\"https:\/\/www.smogon.com\/forums\/threads\/sv-national-dex-suspect-8-just-dance.3731534\/\">suspect thread<\/a>.<\/strong><\/div>\n|j|\u2606Oofmaster9364\n|j|\u2606janeeyreisass\n|t:|1700873320\n|gametype|singles\n|player|p1|Oofmaster9364|dawn|1262\n|player|p2|janeeyreisass|265|1377\n|teamsize|p1|6\n|teamsize|p2|6\n|gen|9\n|tier|[Gen 9] National Dex\n|rated|\n|rule|HP Percentage Mod: HP is shown in percentages\n|rule|Endless Battle Clause: Forcing endless battles is banned\n|rule|OHKO Clause: OHKO moves are banned\n|rule|Evasion Clause: Evasion abilities, items, and moves are banned\n|rule|Evasion Abilities Clause: Evasion abilities are banned\n|rule|Evasion Items Clause: Evasion items are banned\n|rule|Evasion Moves Clause: Evasion moves are banned\n|rule|Species Clause: Limit one of each Pok\u00e9mon\n|rule|Sleep Clause Mod: Limit one foe put to sleep\n|clearpoke\n|poke|p1|Charizard, M|\n|poke|p1|Mimikyu, M|\n|poke|p1|Blissey, F|\n|poke|p1|Amoonguss, F|\n|poke|p1|Heracross, F|\n|poke|p1|Togekiss, M|\n|poke|p2|Blissey, F|\n|poke|p2|Alomomola, F|\n|poke|p2|Clodsire, F|\n|poke|p2|Toxapex, M|\n|poke|p2|Sableye, F|\n|poke|p2|Gliscor, F|\n|teampreview\n|inactive|Battle timer is ON: inactive players will automatically lose when time's up. (requested by janeeyreisass)\n|\n|t:|1700873325\n|start\n|switch|p1a: Rip off Pikachu|Mimikyu, M, shiny|100\/100\n|switch|p2a: Alomomola|Alomomola, F|100\/100\n|turn|1\n|\n|t:|1700873342\n|move|p1a: Rip off Pikachu|Swords Dance|p1a: Rip off Pikachu\n|-boost|p1a: Rip off Pikachu|atk|2\n|move|p2a: Alomomola|Scald|p1a: Rip off Pikachu\n|-activate|p1a: Rip off Pikachu|ability: Disguise\n|-damage|p1a: Rip off Pikachu|100\/100\n|-status|p1a: Rip off Pikachu|brn\n|detailschange|p1a: Rip off Pikachu|Mimikyu-Busted, M, shiny\n|-damage|p1a: Rip off Pikachu|88\/100 brn|[from] pokemon: Mimikyu-Busted\n|\n|-damage|p1a: Rip off Pikachu|82\/100 brn|[from] brn\n|upkeep\n|turn|2\n|\n|t:|1700873355\n|move|p1a: Rip off Pikachu|Swords Dance|p1a: Rip off Pikachu\n|-boost|p1a: Rip off Pikachu|atk|2\n|move|p2a: Alomomola|Flip Turn|p1a: Rip off Pikachu\n|-damage|p1a: Rip off Pikachu|59\/100 brn\n|\n|t:|1700873358\n|switch|p2a: Toxapex|Toxapex, M|100\/100|[from] Flip Turn\n|\n|-damage|p1a: Rip off Pikachu|53\/100 brn|[from] brn\n|upkeep\n|turn|3\n|\n|t:|1700873369\n|move|p1a: Rip off Pikachu|Shadow Claw|p2a: Toxapex\n|-crit|p2a: Toxapex\n|-damage|p2a: Toxapex|55\/100\n|-damage|p1a: Rip off Pikachu|44\/100 brn|[from] item: Life Orb\n|move|p2a: Toxapex|Haze|p2a: Toxapex\n|-clearallboost\n|\n|-damage|p1a: Rip off Pikachu|38\/100 brn|[from] brn\n|upkeep\n|turn|4\n|\n|t:|1700873380\n|switch|p2a: Alomomola|Alomomola, F|100\/100\n|move|p1a: Rip off Pikachu|Shadow Claw|p2a: Alomomola\n|-damage|p2a: Alomomola|90\/100\n|-damage|p1a: Rip off Pikachu|28\/100 brn|[from] item: Life Orb\n|\n|-damage|p1a: Rip off Pikachu|22\/100 brn|[from] brn\n|upkeep\n|turn|5\n|\n|t:|1700873390\n|move|p1a: Rip off Pikachu|Play Rough|p2a: Alomomola\n|-damage|p2a: Alomomola|77\/100\n|-damage|p1a: Rip off Pikachu|12\/100 brn|[from] item: Life Orb\n|move|p2a: Alomomola|Flip Turn|p1a: Rip off Pikachu\n|-damage|p1a: Rip off Pikachu|0 fnt\n|faint|p1a: Rip off Pikachu\n|\n|t:|1700873393\n|switch|p2a: Toxapex|Toxapex, M|88\/100|[from] Flip Turn\n|\n|upkeep\n|\n|t:|1700873412\n|switch|p1a: Me when flinch|Togekiss, M, shiny|100\/100\n|turn|6\n|\n|t:|1700873419\n|-terastallize|p1a: Me when flinch|Steel\n|move|p1a: Me when flinch|Nasty Plot|p1a: Me when flinch\n|-boost|p1a: Me when flinch|spa|2\n|move|p2a: Toxapex|Toxic|p1a: Me when flinch\n|-immune|p1a: Me when flinch\n|\n|upkeep\n|turn|7\n|\n|t:|1700873428\n|switch|p2a: Clodsire|Clodsire, F|100\/100\n|move|p1a: Me when flinch|Air Slash|p2a: Clodsire\n|-damage|p2a: Clodsire|80\/100\n|\n|upkeep\n|turn|8\n|\n|t:|1700873435\n|move|p1a: Me when flinch|Air Slash|p2a: Clodsire\n|-damage|p2a: Clodsire|57\/100\n|cant|p2a: Clodsire|flinch\n|\n|upkeep\n|turn|9\n|\n|t:|1700873440\n|move|p1a: Me when flinch|Air Slash|p2a: Clodsire\n|-damage|p2a: Clodsire|35\/100\n|cant|p2a: Clodsire|flinch\n|\n|upkeep\n|turn|10\n|\n|t:|1700873446\n|move|p1a: Me when flinch|Air Slash|p2a: Clodsire\n|-damage|p2a: Clodsire|12\/100\n|move|p2a: Clodsire|Recover|p2a: Clodsire\n|-heal|p2a: Clodsire|62\/100\n|\n|upkeep\n|turn|11\n|\n|t:|1700873452\n|move|p1a: Me when flinch|Air Slash|p2a: Clodsire\n|-damage|p2a: Clodsire|41\/100\n|move|p2a: Clodsire|Earthquake|p1a: Me when flinch\n|-supereffective|p1a: Me when flinch\n|-damage|p1a: Me when flinch|32\/100\n|\n|-heal|p1a: Me when flinch|38\/100|[from] item: Leftovers\n|upkeep\n|turn|12\n|\n|t:|1700873461\n|switch|p2a: Blissey|Blissey, F|100\/100\n|move|p1a: Me when flinch|Air Slash|p2a: Blissey\n|-crit|p2a: Blissey\n|-damage|p2a: Blissey|61\/100\n|\n|-heal|p1a: Me when flinch|45\/100|[from] item: Leftovers\n|upkeep\n|turn|13\n|\n|t:|1700873471\n|move|p1a: Me when flinch|Morning Sun|p1a: Me when flinch\n|-heal|p1a: Me when flinch|94\/100\n|move|p2a: Blissey|Soft-Boiled|p2a: Blissey\n|-heal|p2a: Blissey|100\/100\n|\n|-heal|p1a: Me when flinch|100\/100|[from] item: Leftovers\n|upkeep\n|turn|14\n|\n|t:|1700873482\n|switch|p2a: Alomomola|Alomomola, F|100\/100\n|move|p1a: Me when flinch|Air Slash|p2a: Alomomola\n|-damage|p2a: Alomomola|13\/100\n|\n|upkeep\n|turn|15\n|\n|t:|1700873488\n|move|p2a: Alomomola|Protect|p2a: Alomomola\n|-singleturn|p2a: Alomomola|Protect\n|move|p1a: Me when flinch|Dazzling Gleam|p2a: Alomomola\n|-activate|p2a: Alomomola|move: Protect\n|\n|upkeep\n|turn|16\n|\n|t:|1700873494\n|switch|p2a: Toxapex|Toxapex, M|100\/100\n|move|p1a: Me when flinch|Dazzling Gleam|p2a: Toxapex\n|-resisted|p2a: Toxapex\n|-damage|p2a: Toxapex|68\/100\n|\n|upkeep\n|turn|17\n|\n|t:|1700873507\n|switch|p2a: Clodsire|Clodsire, F|41\/100\n|move|p1a: Me when flinch|Air Slash|p2a: Clodsire\n|-damage|p2a: Clodsire|19\/100\n|\n|upkeep\n|turn|18\n|\n|t:|1700873513\n|move|p1a: Me when flinch|Air Slash|p2a: Clodsire\n|-damage|p2a: Clodsire|0 fnt\n|faint|p2a: Clodsire\n|\n|upkeep\n|-message|janeeyreisass forfeited.\n|\n|win|Oofmaster9364\n|raw|Oofmaster9364's rating: 1262 &rarr; <strong>1295<\/strong><br \/>(+33 for winning)\n|raw|janeeyreisass's rating: 1377 &rarr; <strong>1351<\/strong><br \/>(-26 for losing)\n|l|\u2606janeeyreisass\n","uploadtime":1700873533,"views":10,"p1id":"oofmaster9364","p2id":"janeeyreisass","formatid":"gen9nationaldex","rating":1295,"private":0,"password":""}