{"id":"gen9nationaldex-1988982158","p1":"readingpaper","p2":"zen_dragoon","format":"[Gen 9] National Dex","log":"|j|\u2606readingpaper\n|j|\u2606zen_dragoon\n|t:|1699798073\n|gametype|singles\n|player|p1|readingpaper|265|1077\n|player|p2|zen_dragoon|falkner|1119\n|teamsize|p1|6\n|teamsize|p2|6\n|gen|9\n|tier|[Gen 9] National Dex\n|rated|\n|rule|HP Percentage Mod: HP is shown in percentages\n|rule|Endless Battle Clause: Forcing endless battles is banned\n|rule|OHKO Clause: OHKO moves are banned\n|rule|Evasion Clause: Evasion abilities, items, and moves are banned\n|rule|Evasion Abilities Clause: Evasion abilities are banned\n|rule|Evasion Items Clause: Evasion items are banned\n|rule|Evasion Moves Clause: Evasion moves are banned\n|rule|Species Clause: Limit one of each Pok\u00e9mon\n|rule|Sleep Clause Mod: Limit one foe put to sleep\n|clearpoke\n|poke|p1|Gengar, F|\n|poke|p1|Tyranitar, M|\n|poke|p1|Corviknight, M|\n|poke|p1|Basculegion, M|\n|poke|p1|Lopunny, M|\n|poke|p1|Enamorus, F|\n|poke|p2|Eelektross, F|\n|poke|p2|Fezandipiti, M|\n|poke|p2|Archeops, F|\n|poke|p2|Mienshao, F|\n|poke|p2|Octillery, M|\n|poke|p2|Reuniclus, F|\n|teampreview\n|inactive|Battle timer is ON: inactive players will automatically lose when time's up. (requested by readingpaper)\n|\n|t:|1699798082\n|start\n|switch|p1a: Lopunny|Lopunny, M|100\/100\n|switch|p2a: Washimi|Fezandipiti, M|100\/100\n|turn|1\n|\n|t:|1699798089\n|detailschange|p1a: Lopunny|Lopunny-Mega, M\n|-mega|p1a: Lopunny|Lopunny|Lopunnite\n|move|p1a: Lopunny|Fake Out|p2a: Washimi\n|-damage|p2a: Washimi|79\/100\n|cant|p2a: Washimi|flinch\n|\n|upkeep\n|turn|2\n|\n|t:|1699798095\n|move|p1a: Lopunny|U-turn|p2a: Washimi\n|-resisted|p2a: Washimi\n|-damage|p2a: Washimi|73\/100\n|\n|t:|1699798098\n|switch|p1a: Corviknight|Corviknight, M|100\/100|[from] U-turn\n|-ability|p1a: Corviknight|Pressure\n|move|p2a: Washimi|Play Rough|p1a: Corviknight\n|-resisted|p1a: Corviknight\n|-damage|p1a: Corviknight|86\/100\n|-damage|p2a: Washimi|57\/100|[from] item: Rocky Helmet|[of] p1a: Corviknight\n|\n|upkeep\n|turn|3\n|\n|t:|1699798113\n|move|p2a: Washimi|Tailwind|p2a: Washimi\n|-sidestart|p2: zen_dragoon|move: Tailwind\n|move|p1a: Corviknight|Brave Bird|p2a: Washimi\n|-damage|p2a: Washimi|24\/100\n|-damage|p1a: Corviknight|77\/100|[from] Recoil\n|\n|upkeep\n|turn|4\n|\n|t:|1699798120\n|move|p2a: Washimi|U-turn|p1a: Corviknight\n|-resisted|p1a: Corviknight\n|-damage|p1a: Corviknight|74\/100\n|-damage|p2a: Washimi|8\/100|[from] item: Rocky Helmet|[of] p1a: Corviknight\n|\n|t:|1699798131\n|switch|p2a: Octorok|Octillery, M, shiny|100\/100|[from] U-turn\n|move|p1a: Corviknight|Roost|p1a: Corviknight\n|-heal|p1a: Corviknight|100\/100\n|-singleturn|p1a: Corviknight|move: Roost\n|\n|upkeep\n|turn|5\n|\n|t:|1699798140\n|move|p2a: Octorok|Flamethrower|p1a: Corviknight\n|-supereffective|p1a: Corviknight\n|-damage|p1a: Corviknight|56\/100\n|-status|p1a: Corviknight|brn\n|move|p1a: Corviknight|U-turn|p2a: Octorok\n|-damage|p2a: Octorok|91\/100\n|\n|t:|1699798154\n|switch|p1a: Tyranitar|Tyranitar, M|100\/100|[from] U-turn\n|-weather|Sandstorm|[from] ability: Sand Stream|[of] p1a: Tyranitar\n|\n|-weather|Sandstorm|[upkeep]\n|-damage|p2a: Octorok|85\/100|[from] Sandstorm\n|upkeep\n|turn|6\n|\n|t:|1699798162\n|move|p2a: Octorok|Water Spout|p1a: Tyranitar\n|-supereffective|p1a: Tyranitar\n|-damage|p1a: Tyranitar|60\/100\n|move|p1a: Tyranitar|Knock Off|p2a: Octorok\n|-damage|p2a: Octorok|6\/100\n|-enditem|p2a: Octorok|Scope Lens|[from] move: Knock Off|[of] p1a: Tyranitar\n|\n|-weather|Sandstorm|[upkeep]\n|-damage|p2a: Octorok|0 fnt|[from] Sandstorm\n|faint|p2a: Octorok\n|-sideend|p2: zen_dragoon|move: Tailwind\n|upkeep\n|\n|t:|1699798173\n|switch|p2a: Washimi|Fezandipiti, M|8\/100\n|turn|7\n|\n|t:|1699798176\n|switch|p1a: Corviknight|Corviknight, M|56\/100 brn\n|-ability|p1a: Corviknight|Pressure\n|move|p2a: Washimi|U-turn|p1a: Corviknight\n|-resisted|p1a: Corviknight\n|-damage|p1a: Corviknight|52\/100 brn\n|-damage|p2a: Washimi|0 fnt|[from] item: Rocky Helmet|[of] p1a: Corviknight\n|faint|p2a: Washimi\n|\n|-weather|Sandstorm|[upkeep]\n|-damage|p1a: Corviknight|46\/100 brn|[from] brn\n|upkeep\n|\n|t:|1699798188\n|switch|p2a: Zuccy Baka|Eelektross, F, shiny|100\/100\n|turn|8\n|\n|t:|1699798202\n|switch|p1a: Gengar|Gengar, F|100\/100\n|move|p2a: Zuccy Baka|Discharge|p1a: Gengar\n|-damage|p1a: Gengar|38\/100\n|-start|p2a: Zuccy Baka|Disable|Discharge|[from] ability: Cursed Body|[of] p1a: Gengar\n|\n|-weather|Sandstorm|[upkeep]\n|-damage|p1a: Gengar|32\/100|[from] Sandstorm\n|-damage|p2a: Zuccy Baka|94\/100|[from] Sandstorm\n|-heal|p1a: Gengar|38\/100|[from] item: Leftovers\n|upkeep\n|turn|9\n|\n|t:|1699798220\n|move|p1a: Gengar|Destiny Bond|p1a: Gengar\n|-singlemove|p1a: Gengar|Destiny Bond\n|move|p2a: Zuccy Baka|Giga Drain|p1a: Gengar\n|-resisted|p1a: Gengar\n|-damage|p1a: Gengar|19\/100\n|-heal|p2a: Zuccy Baka|100\/100|[from] drain|[of] p1a: Gengar\n|\n|-weather|none\n|-heal|p1a: Gengar|25\/100|[from] item: Leftovers\n|upkeep\n|turn|10\n|\n|t:|1699798231\n|switch|p2a: JellyBaby|Reuniclus, F, shiny|100\/100\n|move|p1a: Gengar|Encore||[still]\n|-fail|p1a: Gengar\n|\n|-heal|p1a: Gengar|31\/100|[from] item: Leftovers\n|upkeep\n|turn|11\n|\n|t:|1699798249\n|move|p1a: Gengar|Substitute|p1a: Gengar\n|-start|p1a: Gengar|Substitute\n|-damage|p1a: Gengar|6\/100\n|move|p2a: JellyBaby|Future Sight|p1a: Gengar\n|-start|p2a: JellyBaby|move: Future Sight\n|\n|-heal|p1a: Gengar|12\/100|[from] item: Leftovers\n|upkeep\n|turn|12\n|\n|t:|1699798257\n|move|p1a: Gengar|Shadow Ball|p2a: JellyBaby\n|-supereffective|p2a: JellyBaby\n|-damage|p2a: JellyBaby|4\/100\n|move|p2a: JellyBaby|Encore|p1a: Gengar\n|-start|p1a: Gengar|Encore\n|\n|-heal|p1a: Gengar|18\/100|[from] item: Leftovers\n|-heal|p2a: JellyBaby|10\/100|[from] item: Leftovers\n|upkeep\n|turn|13\n|\n|t:|1699798266\n|switch|p2a: #girlboss|Mienshao, F, shiny|100\/100\n|move|p1a: Gengar|Shadow Ball|p2a: #girlboss\n|-damage|p2a: #girlboss|17\/100\n|-enditem|p2a: #girlboss|Eject Button\n|\n|t:|1699798273\n|switch|p2a: JellyBaby|Reuniclus, F, shiny|10\/100\n|\n|-end|p1a: Gengar|move: Future Sight\n|-supereffective|p1a: Gengar\n|-end|p1a: Gengar|Substitute\n|-heal|p1a: Gengar|24\/100|[from] item: Leftovers\n|-heal|p2a: JellyBaby|16\/100|[from] item: Leftovers\n|upkeep\n|turn|14\n|\n|t:|1699798282\n|move|p1a: Gengar|Shadow Ball|p2a: JellyBaby\n|-supereffective|p2a: JellyBaby\n|-damage|p2a: JellyBaby|0 fnt\n|faint|p2a: JellyBaby\n|\n|-heal|p1a: Gengar|30\/100|[from] item: Leftovers\n|upkeep\n|\n|t:|1699798290\n|switch|p2a: #girlboss|Mienshao, F, shiny|50\/100\n|turn|15\n|\n|t:|1699798295\n|switch|p2a: OK2NotBeOK|Archeops, F, shiny|100\/100\n|move|p1a: Gengar|Shadow Ball|p2a: OK2NotBeOK\n|-damage|p2a: OK2NotBeOK|37\/100\n|\n|-heal|p1a: Gengar|37\/100|[from] item: Leftovers\n|-end|p1a: Gengar|Encore\n|upkeep\n|turn|16\n|-message|zen_dragoon forfeited.\n|\n|win|readingpaper\n|raw|readingpaper's rating: 1077 &rarr; <strong>1109<\/strong><br \/>(+32 for winning)\n|raw|zen_dragoon's rating: 1119 &rarr; <strong>1091<\/strong><br \/>(-28 for losing)\n|l|\u2606zen_dragoon\n","uploadtime":1699798306,"views":13,"p1id":"readingpaper","p2id":"zendragoon","formatid":"gen9nationaldex","rating":1091,"private":0,"password":""}