{"id":"gen9nationaldex-1991016607","p1":"CFgenesis","p2":"scp096isgay","format":"[Gen 9] National Dex","log":"|j|\u2606CFgenesis\n|j|\u2606scp096isgay\n|t:|1700028545\n|gametype|singles\n|player|p1|CFgenesis|lucas|\n|player|p2|scp096isgay|266|\n|teamsize|p1|6\n|teamsize|p2|6\n|gen|9\n|tier|[Gen 9] National Dex\n|rule|HP Percentage Mod: HP is shown in percentages\n|rule|Endless Battle Clause: Forcing endless battles is banned\n|rule|OHKO Clause: OHKO moves are banned\n|rule|Evasion Clause: Evasion abilities, items, and moves are banned\n|rule|Evasion Abilities Clause: Evasion abilities are banned\n|rule|Evasion Items Clause: Evasion items are banned\n|rule|Evasion Moves Clause: Evasion moves are banned\n|rule|Species Clause: Limit one of each Pok\u00e9mon\n|rule|Sleep Clause Mod: Limit one foe put to sleep\n|clearpoke\n|poke|p1|Samurott-Hisui, F|\n|poke|p1|Gliscor, M|\n|poke|p1|Charizard, F|\n|poke|p1|Rillaboom, M|\n|poke|p1|Corviknight, F|\n|poke|p1|Tapu Koko|\n|poke|p2|Ogerpon-Wellspring, F|\n|poke|p2|Ceruledge, F|\n|poke|p2|Dracozolt|\n|poke|p2|Iron Treads|\n|poke|p2|Scizor, F|\n|poke|p2|Ferrothorn, M|\n|teampreview\n|inactive|Battle timer is ON: inactive players will automatically lose when time's up. (requested by scp096isgay)\n|\n|t:|1700028564\n|start\n|switch|p1a: Samurott|Samurott-Hisui, F|100\/100\n|switch|p2a: Anti meme|Ceruledge, F|100\/100\n|turn|1\n|\n|t:|1700028569\n|-terastallize|p2a: Anti meme|Grass\n|move|p1a: Samurott|Ceaseless Edge|p2a: Anti meme\n|-damage|p2a: Anti meme|45\/100\n|-sidestart|p2: scp096isgay|Spikes\n|move|p2a: Anti meme|Swords Dance|p2a: Anti meme\n|-boost|p2a: Anti meme|atk|2\n|\n|-heal|p2a: Anti meme|51\/100|[from] item: Leftovers\n|upkeep\n|turn|2\n|\n|t:|1700028577\n|move|p2a: Anti meme|Tera Blast|p1a: Samurott|[anim] Tera Blast Grass\n|-supereffective|p1a: Samurott\n|-damage|p1a: Samurott|0 fnt\n|faint|p1a: Samurott\n|\n|-heal|p2a: Anti meme|58\/100|[from] item: Leftovers\n|upkeep\n|\n|t:|1700028595\n|switch|p1a: Tapu Koko|Tapu Koko|100\/100\n|-fieldstart|move: Electric Terrain|[from] ability: Electric Surge|[of] p1a: Tapu Koko\n|turn|3\n|\n|t:|1700028600\n|move|p1a: Tapu Koko|Hidden Power|p2a: Anti meme\n|-supereffective|p2a: Anti meme\n|-damage|p2a: Anti meme|26\/100\n|move|p2a: Anti meme|Bitter Blade|p1a: Tapu Koko\n|-damage|p1a: Tapu Koko|0 fnt\n|-heal|p2a: Anti meme|66\/100|[from] drain|[of] p1a: Tapu Koko\n|faint|p1a: Tapu Koko\n|\n|-heal|p2a: Anti meme|72\/100|[from] item: Leftovers\n|upkeep\n|c|\u2606CFgenesis|O LORD\n|\n|t:|1700028612\n|switch|p1a: toxic|Gliscor, M|100\/100\n|turn|4\n|\n|t:|1700028617\n|move|p1a: toxic|Toxic|p2a: Anti meme\n|-status|p2a: Anti meme|tox\n|move|p2a: Anti meme|Tera Blast|p1a: toxic|[anim] Tera Blast Grass\n|-damage|p1a: toxic|25\/100\n|\n|-heal|p2a: Anti meme|78\/100 tox|[from] item: Leftovers\n|-damage|p2a: Anti meme|72\/100 tox|[from] psn\n|-status|p1a: toxic|tox|[from] item: Toxic Orb\n|upkeep\n|turn|5\n|\n|t:|1700028625\n|move|p1a: toxic|Protect|p1a: toxic\n|-singleturn|p1a: toxic|Protect\n|move|p2a: Anti meme|Tera Blast|p1a: toxic|[anim] Tera Blast Grass\n|-activate|p1a: toxic|move: Protect\n|\n|-heal|p2a: Anti meme|78\/100 tox|[from] item: Leftovers\n|-heal|p1a: toxic|38\/100 tox|[from] ability: Poison Heal\n|-damage|p2a: Anti meme|66\/100 tox|[from] psn\n|upkeep\n|turn|6\n|\n|t:|1700028644\n|switch|p1a: Charizard|Charizard, F|100\/100\n|move|p2a: Anti meme|Bitter Blade|p1a: Charizard\n|-resisted|p1a: Charizard\n|-damage|p1a: Charizard|33\/100\n|-heal|p2a: Anti meme|94\/100 tox|[from] drain|[of] p1a: Charizard\n|\n|-heal|p2a: Anti meme|100\/100 tox|[from] item: Leftovers\n|-damage|p2a: Anti meme|82\/100 tox|[from] psn\n|upkeep\n|turn|7\n|\n|t:|1700028657\n|detailschange|p1a: Charizard|Charizard-Mega-X, F\n|-mega|p1a: Charizard|Charizard|Charizardite X\n|move|p2a: Anti meme|Shadow Sneak|p1a: Charizard\n|-damage|p1a: Charizard|0 fnt\n|faint|p1a: Charizard\n|\n|-heal|p2a: Anti meme|88\/100 tox|[from] item: Leftovers\n|-damage|p2a: Anti meme|63\/100 tox|[from] psn\n|-fieldend|move: Electric Terrain\n|upkeep\n|c|\u2606CFgenesis|o damn\n|c|\u2606CFgenesis|im getting swept\n|\n|t:|1700028668\n|switch|p1a: toxic|Gliscor, M|38\/100 tox\n|turn|8\n|\n|t:|1700028671\n|move|p1a: toxic|Protect|p1a: toxic\n|-singleturn|p1a: toxic|Protect\n|move|p2a: Anti meme|Bitter Blade|p1a: toxic\n|-activate|p1a: toxic|move: Protect\n|\n|-heal|p2a: Anti meme|69\/100 tox|[from] item: Leftovers\n|-heal|p1a: toxic|50\/100 tox|[from] ability: Poison Heal\n|-damage|p2a: Anti meme|38\/100 tox|[from] psn\n|upkeep\n|turn|9\n|\n|t:|1700028686\n|-terastallize|p1a: toxic|Water\n|move|p1a: toxic|Earthquake|p2a: Anti meme\n|-resisted|p2a: Anti meme\n|-damage|p2a: Anti meme|19\/100 tox\n|move|p2a: Anti meme|Bitter Blade|p1a: toxic\n|-resisted|p1a: toxic\n|-damage|p1a: toxic|10\/100 tox\n|-heal|p2a: Anti meme|36\/100 tox|[from] drain|[of] p1a: toxic\n|\n|-heal|p2a: Anti meme|42\/100 tox|[from] item: Leftovers\n|-heal|p1a: toxic|22\/100 tox|[from] ability: Poison Heal\n|-damage|p2a: Anti meme|5\/100 tox|[from] psn\n|upkeep\n|turn|10\n|\n|t:|1700028699\n|move|p1a: toxic|Protect|p1a: toxic\n|-singleturn|p1a: toxic|Protect\n|move|p2a: Anti meme|Shadow Sneak|p1a: toxic\n|-activate|p1a: toxic|move: Protect\n|\n|-heal|p2a: Anti meme|11\/100 tox|[from] item: Leftovers\n|-heal|p1a: toxic|34\/100 tox|[from] ability: Poison Heal\n|-damage|p2a: Anti meme|0 fnt|[from] psn\n|faint|p2a: Anti meme\n|upkeep\n|\n|t:|1700028703\n|switch|p2a: Anti meme (again)|Scizor, F|100\/100\n|-damage|p2a: Anti meme (again)|88\/100|[from] Spikes\n|turn|11\n|\n|t:|1700028710\n|switch|p1a: Corviknight|Corviknight, F|100\/100\n|-ability|p1a: Corviknight|Pressure\n|detailschange|p2a: Anti meme (again)|Scizor-Mega, F\n|-mega|p2a: Anti meme (again)|Scizor|Scizorite\n|move|p2a: Anti meme (again)|Swords Dance|p2a: Anti meme (again)\n|-boost|p2a: Anti meme (again)|atk|2\n|\n|upkeep\n|turn|12\n|\n|t:|1700028721\n|move|p2a: Anti meme (again)|Swords Dance|p2a: Anti meme (again)\n|-boost|p2a: Anti meme (again)|atk|2\n|move|p1a: Corviknight|Brave Bird|p2a: Anti meme (again)\n|-damage|p2a: Anti meme (again)|62\/100\n|-damage|p1a: Corviknight|93\/100|[from] Recoil\n|\n|-heal|p1a: Corviknight|99\/100|[from] item: Leftovers\n|upkeep\n|turn|13\n|\n|t:|1700028727\n|move|p2a: Anti meme (again)|Bullet Punch|p1a: Corviknight\n|-resisted|p1a: Corviknight\n|-damage|p1a: Corviknight|69\/100\n|move|p1a: Corviknight|Brave Bird|p2a: Anti meme (again)\n|-damage|p2a: Anti meme (again)|36\/100\n|-damage|p1a: Corviknight|62\/100|[from] Recoil\n|\n|-heal|p1a: Corviknight|68\/100|[from] item: Leftovers\n|upkeep\n|turn|14\n|\n|t:|1700028734\n|move|p2a: Anti meme (again)|Bullet Punch|p1a: Corviknight\n|-resisted|p1a: Corviknight\n|-damage|p1a: Corviknight|39\/100\n|move|p1a: Corviknight|Brave Bird|p2a: Anti meme (again)\n|-damage|p2a: Anti meme (again)|8\/100\n|-damage|p1a: Corviknight|31\/100|[from] Recoil\n|\n|-heal|p1a: Corviknight|38\/100|[from] item: Leftovers\n|upkeep\n|turn|15\n|c|\u2606CFgenesis|LOL\n|c|\u2606CFgenesis|LMAO\n|\n|t:|1700028743\n|move|p2a: Anti meme (again)|Bullet Punch|p1a: Corviknight\n|-resisted|p1a: Corviknight\n|-damage|p1a: Corviknight|5\/100\n|move|p1a: Corviknight|Roost|p1a: Corviknight\n|-heal|p1a: Corviknight|56\/100\n|-singleturn|p1a: Corviknight|move: Roost\n|\n|-heal|p1a: Corviknight|62\/100|[from] item: Leftovers\n|upkeep\n|turn|16\n|\n|t:|1700028749\n|move|p2a: Anti meme (again)|Bullet Punch|p1a: Corviknight\n|-resisted|p1a: Corviknight\n|-damage|p1a: Corviknight|29\/100\n|move|p1a: Corviknight|Roost|p1a: Corviknight\n|-heal|p1a: Corviknight|79\/100\n|-singleturn|p1a: Corviknight|move: Roost\n|\n|-heal|p1a: Corviknight|85\/100|[from] item: Leftovers\n|upkeep\n|turn|17\n|\n|t:|1700028757\n|move|p2a: Anti meme (again)|Bullet Punch|p1a: Corviknight\n|-resisted|p1a: Corviknight\n|-damage|p1a: Corviknight|53\/100\n|move|p1a: Corviknight|Brave Bird|p2a: Anti meme (again)\n|-damage|p2a: Anti meme (again)|0 fnt\n|faint|p2a: Anti meme (again)\n|-damage|p1a: Corviknight|51\/100|[from] Recoil\n|\n|-heal|p1a: Corviknight|57\/100|[from] item: Leftovers\n|upkeep\n|\n|t:|1700028766\n|switch|p2a: Matthew|Iron Treads|100\/100\n|-damage|p2a: Matthew|88\/100|[from] Spikes\n|-enditem|p2a: Matthew|Booster Energy\n|-activate|p2a: Matthew|ability: Quark Drive|[fromitem]\n|-start|p2a: Matthew|quarkdrivespe\n|turn|18\n|\n|t:|1700028771\n|move|p2a: Matthew|Knock Off|p1a: Corviknight\n|-damage|p1a: Corviknight|40\/100\n|-enditem|p1a: Corviknight|Leftovers|[from] move: Knock Off|[of] p2a: Matthew\n|move|p1a: Corviknight|Body Press|p2a: Matthew\n|-supereffective|p2a: Matthew\n|-damage|p2a: Matthew|36\/100\n|\n|upkeep\n|turn|19\n|\n|t:|1700028780\n|move|p2a: Matthew|Iron Head|p1a: Corviknight\n|-resisted|p1a: Corviknight\n|-damage|p1a: Corviknight|29\/100\n|move|p1a: Corviknight|Roost|p1a: Corviknight\n|-heal|p1a: Corviknight|78\/100\n|-singleturn|p1a: Corviknight|move: Roost\n|\n|upkeep\n|turn|20\n|\n|t:|1700028786\n|-end|p2a: Matthew|Quark Drive|[silent]\n|switch|p2a: Biggest bord|Dracozolt|100\/100\n|-damage|p2a: Biggest bord|88\/100|[from] Spikes\n|move|p1a: Corviknight|Body Press|p2a: Biggest bord\n|-damage|p2a: Biggest bord|59\/100\n|\n|upkeep\n|turn|21\n|\n|t:|1700028799\n|switch|p1a: toxic|Gliscor, M, tera:Water|34\/100 tox\n|move|p2a: Biggest bord|Bolt Beak|p1a: toxic\n|-supereffective|p1a: toxic\n|-damage|p1a: toxic|0 fnt\n|faint|p1a: toxic\n|\n|upkeep\n|\n|t:|1700028804\n|switch|p1a: Rillaboom|Rillaboom, M|100\/100\n|-fieldstart|move: Grassy Terrain|[from] ability: Grassy Surge|[of] p1a: Rillaboom\n|-enditem|p1a: Rillaboom|Grassy Seed\n|-boost|p1a: Rillaboom|def|1|[from] item: Grassy Seed\n|turn|22\n|\n|t:|1700028811\n|switch|p2a: P@ssimiun|Ogerpon-Wellspring, F|100\/100\n|-damage|p2a: P@ssimiun|88\/100|[from] Spikes\n|move|p1a: Rillaboom|Earthquake|p2a: P@ssimiun\n|-resisted|p2a: P@ssimiun\n|-damage|p2a: P@ssimiun|76\/100\n|\n|-heal|p2a: P@ssimiun|82\/100|[from] Grassy Terrain\n|upkeep\n|turn|23\n|\n|t:|1700028815\n|move|p2a: P@ssimiun|U-turn|p1a: Rillaboom\n|-supereffective|p1a: Rillaboom\n|-damage|p1a: Rillaboom|65\/100\n|\n|t:|1700028819\n|switch|p2a: Big metal balls|Ferrothorn, M|100\/100|[from] U-turn\n|-damage|p2a: Big metal balls|88\/100|[from] Spikes\n|move|p1a: Rillaboom|Acrobatics|p2a: Big metal balls\n|-damage|p2a: Big metal balls|57\/100\n|-damage|p1a: Rillaboom|52\/100|[from] ability: Iron Barbs|[of] p2a: Big metal balls\n|\n|-heal|p1a: Rillaboom|59\/100|[from] Grassy Terrain\n|-heal|p2a: Big metal balls|64\/100|[from] Grassy Terrain\n|-heal|p2a: Big metal balls|70\/100|[from] item: Leftovers\n|upkeep\n|turn|24\n|\n|t:|1700028835\n|switch|p1a: Corviknight|Corviknight, F|78\/100\n|-ability|p1a: Corviknight|Pressure\n|move|p2a: Big metal balls|Thunder Wave|p1a: Corviknight|[miss]\n|-miss|p2a: Big metal balls|p1a: Corviknight\n|\n|-heal|p2a: Big metal balls|76\/100|[from] Grassy Terrain\n|-heal|p2a: Big metal balls|82\/100|[from] item: Leftovers\n|upkeep\n|turn|25\n|\n|t:|1700028845\n|switch|p2a: P@ssimiun|Ogerpon-Wellspring, F|82\/100\n|-damage|p2a: P@ssimiun|70\/100|[from] Spikes\n|move|p1a: Corviknight|Body Press|p2a: P@ssimiun\n|-damage|p2a: P@ssimiun|37\/100\n|\n|-heal|p2a: P@ssimiun|43\/100|[from] Grassy Terrain\n|upkeep\n|turn|26\n|\n|t:|1700028851\n|move|p2a: P@ssimiun|Ivy Cudgel|p1a: Corviknight|[anim] Ivy Cudgel Water\n|-damage|p1a: Corviknight|41\/100\n|move|p1a: Corviknight|Body Press|p2a: P@ssimiun\n|-damage|p2a: P@ssimiun|11\/100\n|\n|-heal|p2a: P@ssimiun|17\/100|[from] Grassy Terrain\n|-fieldend|move: Grassy Terrain\n|upkeep\n|turn|27\n|\n|t:|1700028865\n|move|p2a: P@ssimiun|Ivy Cudgel|p1a: Corviknight|[anim] Ivy Cudgel Water\n|-damage|p1a: Corviknight|9\/100\n|move|p1a: Corviknight|Roost|p1a: Corviknight\n|-heal|p1a: Corviknight|59\/100\n|-singleturn|p1a: Corviknight|move: Roost\n|\n|upkeep\n|turn|28\n|\n|t:|1700028873\n|switch|p2a: Biggest bord|Dracozolt|59\/100\n|-damage|p2a: Biggest bord|47\/100|[from] Spikes\n|move|p1a: Corviknight|Roost|p1a: Corviknight\n|-heal|p1a: Corviknight|100\/100\n|-singleturn|p1a: Corviknight|move: Roost\n|\n|upkeep\n|turn|29\n|\n|t:|1700028879\n|switch|p1a: Rillaboom|Rillaboom, M|59\/100\n|-fieldstart|move: Grassy Terrain|[from] ability: Grassy Surge|[of] p1a: Rillaboom\n|move|p2a: Biggest bord|Bolt Beak|p1a: Rillaboom\n|-resisted|p1a: Rillaboom\n|-damage|p1a: Rillaboom|22\/100\n|\n|-heal|p2a: Biggest bord|53\/100|[from] Grassy Terrain\n|-heal|p1a: Rillaboom|28\/100|[from] Grassy Terrain\n|upkeep\n|turn|30\n|\n|t:|1700028886\n|move|p1a: Rillaboom|Grassy Glide|p2a: Biggest bord\n|-resisted|p2a: Biggest bord\n|-damage|p2a: Biggest bord|28\/100\n|move|p2a: Biggest bord|Bolt Beak|p1a: Rillaboom\n|-resisted|p1a: Rillaboom\n|-damage|p1a: Rillaboom|8\/100\n|\n|-heal|p2a: Biggest bord|34\/100|[from] Grassy Terrain\n|-heal|p1a: Rillaboom|14\/100|[from] Grassy Terrain\n|upkeep\n|turn|31\n|\n|t:|1700028896\n|switch|p2a: Big metal balls|Ferrothorn, M|82\/100\n|-damage|p2a: Big metal balls|70\/100|[from] Spikes\n|move|p1a: Rillaboom|Grassy Glide|p2a: Big metal balls\n|-resisted|p2a: Big metal balls\n|-damage|p2a: Big metal balls|62\/100\n|-damage|p1a: Rillaboom|2\/100|[from] ability: Iron Barbs|[of] p2a: Big metal balls\n|\n|-heal|p1a: Rillaboom|8\/100|[from] Grassy Terrain\n|-heal|p2a: Big metal balls|69\/100|[from] Grassy Terrain\n|-heal|p2a: Big metal balls|75\/100|[from] item: Leftovers\n|upkeep\n|turn|32\n|c|\u2606CFgenesis|I SHOULDVE ACRO\n|\n|t:|1700028908\n|move|p1a: Rillaboom|Earthquake|p2a: Big metal balls\n|-damage|p2a: Big metal balls|59\/100\n|move|p2a: Big metal balls|Knock Off|p1a: Rillaboom\n|-crit|p1a: Rillaboom\n|-damage|p1a: Rillaboom|0 fnt\n|faint|p1a: Rillaboom\n|\n|-heal|p2a: Big metal balls|66\/100|[from] Grassy Terrain\n|-heal|p2a: Big metal balls|72\/100|[from] item: Leftovers\n|upkeep\n|\n|t:|1700028912\n|switch|p1a: Corviknight|Corviknight, F|100\/100\n|-ability|p1a: Corviknight|Pressure\n|turn|33\n|\n|t:|1700028918\n|move|p1a: Corviknight|Body Press|p2a: Big metal balls\n|-supereffective|p2a: Big metal balls\n|-damage|p2a: Big metal balls|29\/100\n|-damage|p1a: Corviknight|88\/100|[from] ability: Iron Barbs|[of] p2a: Big metal balls\n|move|p2a: Big metal balls|Thunder Wave|p1a: Corviknight\n|-status|p1a: Corviknight|par\n|\n|-heal|p2a: Big metal balls|35\/100|[from] Grassy Terrain\n|-heal|p2a: Big metal balls|41\/100|[from] item: Leftovers\n|-fieldend|move: Grassy Terrain\n|upkeep\n|turn|34\n|\n|t:|1700028928\n|move|p1a: Corviknight|Body Press|p2a: Big metal balls\n|-supereffective|p2a: Big metal balls\n|-damage|p2a: Big metal balls|0 fnt\n|-damage|p1a: Corviknight|75\/100 par|[from] ability: Iron Barbs|[of] p2a: Big metal balls\n|faint|p2a: Big metal balls\n|\n|upkeep\n|\n|t:|1700028932\n|switch|p2a: Biggest bord|Dracozolt|34\/100\n|-damage|p2a: Biggest bord|21\/100|[from] Spikes\n|turn|35\n|c|\u2606CFgenesis|gg\n|\n|t:|1700028937\n|move|p2a: Biggest bord|Bolt Beak|p1a: Corviknight\n|-supereffective|p1a: Corviknight\n|-damage|p1a: Corviknight|0 fnt\n|faint|p1a: Corviknight\n|\n|win|scp096isgay\n|l|\u2606CFgenesis\n","uploadtime":1700029001,"views":10,"p1id":"cfgenesis","p2id":"scp096isgay","formatid":"gen9nationaldex","rating":0,"private":0,"password":""}