{"id":"gen9nationaldex-1995796861","p1":"SniprPlays","p2":"Carotu","format":"[Gen 9] National Dex","log":"|html|<div class=\"broadcast-blue\"><strong>[Gen 9] National Dex is currently suspecting Sneasler! For information on how to participate check out the <a href=\"https:\/\/www.smogon.com\/forums\/threads\/sv-national-dex-suspect-8-just-dance.3731534\/\">suspect thread<\/a>.<\/strong><\/div>\n|j|\u2606SniprPlays\n|j|\u2606Carotu\n|t:|1700604058\n|gametype|singles\n|player|p1|SniprPlays|265|\n|player|p2|Carotu|palmer|\n|teamsize|p1|6\n|teamsize|p2|6\n|gen|9\n|tier|[Gen 9] National Dex\n|rule|HP Percentage Mod: HP is shown in percentages\n|rule|Endless Battle Clause: Forcing endless battles is banned\n|rule|OHKO Clause: OHKO moves are banned\n|rule|Evasion Clause: Evasion abilities, items, and moves are banned\n|rule|Evasion Abilities Clause: Evasion abilities are banned\n|rule|Evasion Items Clause: Evasion items are banned\n|rule|Evasion Moves Clause: Evasion moves are banned\n|rule|Species Clause: Limit one of each Pok\u00e9mon\n|rule|Sleep Clause Mod: Limit one foe put to sleep\n|clearpoke\n|poke|p1|Blacephalon|\n|poke|p1|Iron Hands|\n|poke|p1|Orthworm, M|\n|poke|p1|Snorlax, F|\n|poke|p1|Swampert, F|\n|poke|p1|Scolipede, F|\n|poke|p2|Mawile, M|\n|poke|p2|Zoroark-Hisui, M|\n|poke|p2|Porygon-Z|\n|poke|p2|Milotic, F|\n|poke|p2|Regidrago|\n|poke|p2|Garchomp, F|\n|teampreview\n|\n|t:|1700604090\n|start\n|switch|p1a: Snorlax|Snorlax, F|100\/100\n|switch|p2a: Regidrago|Regidrago|100\/100\n|turn|1\n|\n|t:|1700604104\n|switch|p2a: Milotic|Milotic, F|100\/100\n|move|p1a: Snorlax|Body Slam|p2a: Milotic\n|-damage|p2a: Milotic|53\/100\n|\n|-heal|p2a: Milotic|59\/100|[from] item: Leftovers\n|upkeep\n|turn|2\n|j| Wayy\n|\n|t:|1700604114\n|move|p2a: Milotic|Coil|p2a: Milotic\n|-boost|p2a: Milotic|atk|1\n|-boost|p2a: Milotic|def|1\n|-boost|p2a: Milotic|accuracy|1\n|move|p1a: Snorlax|Thunder Punch|p2a: Milotic\n|-supereffective|p2a: Milotic\n|-damage|p2a: Milotic|24\/100\n|\n|-heal|p2a: Milotic|30\/100|[from] item: Leftovers\n|upkeep\n|turn|3\n|l| Wayy\n|\n|t:|1700604124\n|move|p2a: Milotic|Hypnosis|p1a: Snorlax\n|-status|p1a: Snorlax|slp|[from] move: Hypnosis\n|cant|p1a: Snorlax|slp\n|\n|-heal|p2a: Milotic|36\/100|[from] item: Leftovers\n|upkeep\n|turn|4\n|\n|t:|1700604132\n|move|p2a: Milotic|Coil|p2a: Milotic\n|-boost|p2a: Milotic|atk|1\n|-boost|p2a: Milotic|def|1\n|-boost|p2a: Milotic|accuracy|1\n|-curestatus|p1a: Snorlax|slp|[msg]\n|move|p1a: Snorlax|Thunder Punch|p2a: Milotic\n|-supereffective|p2a: Milotic\n|-damage|p2a: Milotic|11\/100\n|-status|p2a: Milotic|par\n|\n|-heal|p2a: Milotic|18\/100 par|[from] item: Leftovers\n|upkeep\n|turn|5\n|\n|t:|1700604143\n|move|p1a: Snorlax|Thunder Punch|p2a: Milotic\n|-supereffective|p2a: Milotic\n|-damage|p2a: Milotic|0 fnt\n|faint|p2a: Milotic\n|\n|upkeep\n|c|\u2606Carotu|damn\n|\n|t:|1700604150\n|switch|p2a: The Chompsta|Mawile, M|100\/100\n|-ability|p2a: The Chompsta|Intimidate|boost\n|-unboost|p1a: Snorlax|atk|1\n|turn|6\n|c|\u2606SniprPlays|that par was so lucky\n|\n|t:|1700604159\n|detailschange|p2a: The Chompsta|Mawile-Mega, M\n|-mega|p2a: The Chompsta|Mawile|Mawilite\n|move|p2a: The Chompsta|Substitute|p2a: The Chompsta\n|-start|p2a: The Chompsta|Substitute\n|-damage|p2a: The Chompsta|76\/100\n|move|p1a: Snorlax|Earthquake|p2a: The Chompsta\n|-supereffective|p2a: The Chompsta\n|-end|p2a: The Chompsta|Substitute\n|\n|upkeep\n|turn|7\n|\n|t:|1700604181\n|move|p2a: The Chompsta|Play Rough|p1a: Snorlax\n|-damage|p1a: Snorlax|26\/100\n|move|p1a: Snorlax|Earthquake|p2a: The Chompsta\n|-supereffective|p2a: The Chompsta\n|-damage|p2a: The Chompsta|33\/100\n|\n|-heal|p1a: Snorlax|32\/100|[from] item: Leftovers\n|upkeep\n|turn|8\n|\n|t:|1700604211\n|switch|p1a: Orthworm|Orthworm, M|100\/100\n|move|p2a: The Chompsta|Substitute|p2a: The Chompsta\n|-start|p2a: The Chompsta|Substitute\n|-damage|p2a: The Chompsta|8\/100\n|\n|upkeep\n|turn|9\n|\n|t:|1700604223\n|move|p2a: The Chompsta|Sucker Punch||[still]\n|-fail|p2a: The Chompsta\n|move|p1a: Orthworm|Iron Defense|p1a: Orthworm\n|-boost|p1a: Orthworm|def|2\n|\n|upkeep\n|turn|10\n|\n|t:|1700604228\n|move|p1a: Orthworm|Iron Defense|p1a: Orthworm\n|-boost|p1a: Orthworm|def|2\n|move|p2a: The Chompsta|Swords Dance|p2a: The Chompsta\n|-boost|p2a: The Chompsta|atk|2\n|\n|upkeep\n|turn|11\n|\n|t:|1700604238\n|move|p1a: Orthworm|Body Press|p2a: The Chompsta\n|-end|p2a: The Chompsta|Substitute\n|move|p2a: The Chompsta|Swords Dance|p2a: The Chompsta\n|-boost|p2a: The Chompsta|atk|2\n|\n|upkeep\n|turn|12\n|\n|t:|1700604244\n|move|p2a: The Chompsta|Sucker Punch|p1a: Orthworm\n|-damage|p1a: Orthworm|67\/100\n|move|p1a: Orthworm|Body Press|p2a: The Chompsta\n|-damage|p2a: The Chompsta|0 fnt\n|faint|p2a: The Chompsta\n|\n|-heal|p1a: Orthworm|73\/100|[from] item: Leftovers\n|upkeep\n|\n|t:|1700604261\n|switch|p2a: Porygon Super|Porygon-Z|100\/100\n|-ability|p2a: Porygon Super|Download|boost\n|-boost|p2a: Porygon Super|spa|1\n|turn|13\n|\n|t:|1700604266\n|-zpower|p2a: Porygon Super\n|move|p2a: Porygon Super|Z-Conversion|p2a: Porygon Super|[anim]Conversion\n|-boost|p2a: Porygon Super|atk|1|[zeffect]\n|-boost|p2a: Porygon Super|def|1|[zeffect]\n|-boost|p2a: Porygon Super|spa|1|[zeffect]\n|-boost|p2a: Porygon Super|spd|1|[zeffect]\n|-boost|p2a: Porygon Super|spe|1|[zeffect]\n|-start|p2a: Porygon Super|typechange|Electric\n|move|p1a: Orthworm|Body Press|p2a: Porygon Super\n|-damage|p2a: Porygon Super|0 fnt\n|faint|p2a: Porygon Super\n|\n|-heal|p1a: Orthworm|79\/100|[from] item: Leftovers\n|upkeep\n|c|\u2606SniprPlays|oh damn\n|\n|t:|1700604281\n|switch|p2a: HERE IT COMES|Garchomp, F|100\/100\n|turn|14\n|c|\u2606Carotu|YEOWCH\n|\n|t:|1700604292\n|move|p2a: HERE IT COMES|Flamethrower|p1a: Orthworm\n|-supereffective|p1a: Orthworm\n|-damage|p1a: Orthworm|0 fnt\n|faint|p1a: Orthworm\n|-damage|p2a: HERE IT COMES|91\/100|[from] item: Life Orb\n|\n|upkeep\n|\n|t:|1700604302\n|switch|p1a: Iron Hands|Iron Hands|100\/100\n|turn|15\n|\n|t:|1700604322\n|move|p2a: HERE IT COMES|Shadow Ball|p1a: Iron Hands\n|-damage|p1a: Iron Hands|67\/100\n|-damage|p2a: HERE IT COMES|81\/100|[from] item: Life Orb\n|move|p1a: Iron Hands|Ice Punch|p2a: HERE IT COMES\n|-damage|p2a: HERE IT COMES|21\/100\n|replace|p2a: Zoroark|Zoroark-Hisui, M\n|-end|p2a: Zoroark|Illusion\n|\n|upkeep\n|turn|16\n|\n|t:|1700604350\n|move|p2a: Zoroark|Shadow Ball|p1a: Iron Hands\n|-damage|p1a: Iron Hands|37\/100\n|-damage|p2a: Zoroark|11\/100|[from] item: Life Orb\n|move|p1a: Iron Hands|Ice Punch|p2a: Zoroark\n|-damage|p2a: Zoroark|0 fnt\n|faint|p2a: Zoroark\n|\n|upkeep\n|\n|t:|1700604357\n|switch|p2a: Regidrago|Regidrago|100\/100\n|turn|17\n|\n|t:|1700604373\n|-end|p1a: Iron Hands|Quark Drive|[silent]\n|switch|p1a: Swampert|Swampert, F|100\/100\n|move|p2a: Regidrago|Dragon Energy|p1a: Swampert\n|-damage|p1a: Swampert|0 fnt\n|faint|p1a: Swampert\n|\n|upkeep\n|\n|t:|1700604382\n|switch|p1a: Scolipede|Scolipede, F|100\/100\n|turn|18\n|\n|t:|1700604436\n|move|p2a: Regidrago|Dragon Energy|p1a: Scolipede\n|-damage|p1a: Scolipede|0 fnt\n|faint|p1a: Scolipede\n|\n|upkeep\n|\n|t:|1700604459\n|switch|p1a: Iron Hands|Iron Hands|37\/100\n|turn|19\n|\n|t:|1700604462\n|move|p2a: Regidrago|Dragon Energy|p1a: Iron Hands\n|-damage|p1a: Iron Hands|0 fnt\n|faint|p1a: Iron Hands\n|-end|p1a: Iron Hands|Quark Drive|[silent]\n|\n|upkeep\n|\n|t:|1700604466\n|switch|p1a: Snorlax|Snorlax, F|32\/100\n|turn|20\n|c|\u2606SniprPlays|damn\n|c|\u2606SniprPlays|bout to get swept gg\n|\n|t:|1700604559\n|move|p2a: Regidrago|Dragon Energy|p1a: Snorlax\n|-damage|p1a: Snorlax|0 fnt\n|faint|p1a: Snorlax\n|\n|upkeep\n|\n|t:|1700604563\n|switch|p1a: Blacephalon|Blacephalon|100\/100\n|turn|21\n|\n|t:|1700604574\n|move|p1a: Blacephalon|Psychic|p2a: Regidrago\n|-damage|p2a: Regidrago|62\/100\n|-unboost|p2a: Regidrago|spd|1\n|move|p2a: Regidrago|Dragon Energy|p1a: Blacephalon\n|-damage|p1a: Blacephalon|3\/100\n|\n|upkeep\n|turn|22\n|c|\u2606Carotu|Wait he actually two shots him\n|c|\u2606SniprPlays|it would take a miracle to survive and win this\n|\n|t:|1700604600\n|move|p1a: Blacephalon|Psychic|p2a: Regidrago\n|-damage|p2a: Regidrago|10\/100\n|move|p2a: Regidrago|Dragon Energy|p1a: Blacephalon\n|-damage|p1a: Blacephalon|0 fnt\n|faint|p1a: Blacephalon\n|\n|win|Carotu\n|c|\u2606SniprPlays|yep gg\n|c|\u2606Carotu|gg\n","uploadtime":1700604608,"views":6,"p1id":"sniprplays","p2id":"carotu","formatid":"gen9nationaldex","rating":0,"private":0,"password":""}