{"id":"gen9nationaldex-1993288581","p1":"George Liquor","p2":"Y69420","format":"[Gen 9] National Dex","log":"|j|\u2606George Liquor\n|j|\u2606Y69420\n|t:|1700291033\n|gametype|singles\n|player|p1|George Liquor|roxie|1066\n|player|p2|Y69420|riley|1112\n|teamsize|p1|6\n|teamsize|p2|6\n|gen|9\n|tier|[Gen 9] National Dex\n|rated|\n|rule|HP Percentage Mod: HP is shown in percentages\n|rule|Endless Battle Clause: Forcing endless battles is banned\n|rule|OHKO Clause: OHKO moves are banned\n|rule|Evasion Clause: Evasion abilities, items, and moves are banned\n|rule|Evasion Abilities Clause: Evasion abilities are banned\n|rule|Evasion Items Clause: Evasion items are banned\n|rule|Evasion Moves Clause: Evasion moves are banned\n|rule|Species Clause: Limit one of each Pok\u00e9mon\n|rule|Sleep Clause Mod: Limit one foe put to sleep\n|clearpoke\n|poke|p1|Alomomola, M|\n|poke|p1|Ferrothorn, F|\n|poke|p1|Gyarados, F|\n|poke|p1|Aegislash, F|\n|poke|p1|Okidogi, M|\n|poke|p1|Tornadus-Therian, M|\n|poke|p2|Raticate, M|\n|poke|p2|Charjabug, F|\n|poke|p2|Iron Treads|\n|poke|p2|Grimmsnarl, M|\n|poke|p2|Sirfetch\u2019d, M|\n|poke|p2|Diancie|\n|teampreview\n|\n|t:|1700291060\n|start\n|switch|p1a: Aegislash|Aegislash, F|100\/100\n|switch|p2a: Grimmsnarl|Grimmsnarl, M|100\/100\n|turn|1\n|\n|t:|1700291066\n|move|p2a: Grimmsnarl|Reflect|p2a: Grimmsnarl\n|-sidestart|p2: Y69420|Reflect\n|move|p1a: Aegislash|Swords Dance|p1a: Aegislash\n|-boost|p1a: Aegislash|atk|2\n|\n|upkeep\n|turn|2\n|\n|t:|1700291072\n|move|p2a: Grimmsnarl|Thunder Wave|p1a: Aegislash\n|-status|p1a: Aegislash|par\n|move|p1a: Aegislash|Swords Dance|p1a: Aegislash\n|-boost|p1a: Aegislash|atk|2\n|\n|upkeep\n|turn|3\n|\n|t:|1700291080\n|move|p2a: Grimmsnarl|Parting Shot|p1a: Aegislash\n|-unboost|p1a: Aegislash|atk|1\n|-unboost|p1a: Aegislash|spa|1\n|\n|t:|1700291083\n|switch|p2a: Charjabug|Charjabug, F|100\/100|[from] Parting Shot\n|move|p1a: Aegislash|Swords Dance|p1a: Aegislash\n|-boost|p1a: Aegislash|atk|2\n|\n|upkeep\n|turn|4\n|\n|t:|1700291091\n|move|p2a: Charjabug|Sticky Web|p1a: Aegislash\n|-sidestart|p1: George Liquor|move: Sticky Web\n|move|p1a: Aegislash|Swords Dance|p1a: Aegislash\n|-boost|p1a: Aegislash|atk|1\n|\n|upkeep\n|turn|5\n|inactive|Battle timer is ON: inactive players will automatically lose when time's up. (requested by Y69420)\n|\n|t:|1700291104\n|-formechange|p1a: Aegislash|Aegislash-Blade||[from] ability: Stance Change\n|move|p1a: Aegislash|Shadow Sneak|p2a: Charjabug\n|-crit|p2a: Charjabug\n|-damage|p2a: Charjabug|0 fnt\n|faint|p2a: Charjabug\n|\n|upkeep\n|\n|t:|1700291111\n|switch|p2a: Raticate|Raticate, M|100\/100\n|turn|6\n|\n|t:|1700291117\n|move|p2a: Raticate|Protect|p2a: Raticate\n|-singleturn|p2a: Raticate|Protect\n|cant|p1a: Aegislash|par\n|\n|-status|p2a: Raticate|brn|[from] item: Flame Orb\n|upkeep\n|turn|7\n|\n|t:|1700291127\n|move|p2a: Raticate|Sucker Punch|p1a: Aegislash\n|-supereffective|p1a: Aegislash\n|-crit|p1a: Aegislash\n|-damage|p1a: Aegislash|0 fnt\n|faint|p1a: Aegislash\n|\n|-damage|p2a: Raticate|95\/100 brn|[from] brn\n|upkeep\n|\n|t:|1700291138\n|switch|p1a: Ferrothorn|Ferrothorn, F|100\/100\n|-activate|p1a: Ferrothorn|move: Sticky Web\n|-unboost|p1a: Ferrothorn|spe|1\n|turn|8\n|\n|t:|1700291145\n|switch|p1a: Alomomola|Alomomola, M|100\/100\n|-activate|p1a: Alomomola|move: Sticky Web\n|-unboost|p1a: Alomomola|spe|1\n|move|p2a: Raticate|Stomping Tantrum|p1a: Alomomola\n|-damage|p1a: Alomomola|83\/100\n|\n|-heal|p1a: Alomomola|89\/100|[from] item: Leftovers\n|-damage|p2a: Raticate|89\/100 brn|[from] brn\n|-sideend|p2: Y69420|Reflect\n|upkeep\n|turn|9\n|\n|t:|1700291157\n|move|p2a: Raticate|Facade|p1a: Alomomola\n|-damage|p1a: Alomomola|38\/100\n|move|p1a: Alomomola|Wish|p1a: Alomomola\n|\n|-heal|p1a: Alomomola|44\/100|[from] item: Leftovers\n|-damage|p2a: Raticate|83\/100 brn|[from] brn\n|upkeep\n|turn|10\n|\n|t:|1700291171\n|switch|p2a: Grimmsnarl|Grimmsnarl, M|100\/100\n|switch|p1a: Tornadus|Tornadus-Therian, M|100\/100\n|\n|upkeep\n|turn|11\n|\n|t:|1700291180\n|move|p2a: Grimmsnarl|Thunder Wave|p1a: Tornadus\n|-status|p1a: Tornadus|par\n|move|p1a: Tornadus|Knock Off|p2a: Grimmsnarl\n|-resisted|p2a: Grimmsnarl\n|-damage|p2a: Grimmsnarl|94\/100\n|-enditem|p2a: Grimmsnarl|Light Clay|[from] move: Knock Off|[of] p1a: Tornadus\n|\n|upkeep\n|turn|12\n|\n|t:|1700291191\n|move|p2a: Grimmsnarl|Parting Shot|p1a: Tornadus\n|-unboost|p1a: Tornadus|atk|1\n|-unboost|p1a: Tornadus|spa|1\n|\n|t:|1700291194\n|switch|p2a: Raticate|Raticate, M|83\/100 brn|[from] Parting Shot\n|cant|p1a: Tornadus|par\n|\n|-damage|p2a: Raticate|77\/100 brn|[from] brn\n|upkeep\n|turn|13\n|\n|t:|1700291200\n|move|p2a: Raticate|Facade|p1a: Tornadus\n|-damage|p1a: Tornadus|0 fnt\n|faint|p1a: Tornadus\n|\n|-damage|p2a: Raticate|71\/100 brn|[from] brn\n|upkeep\n|\n|t:|1700291206\n|switch|p1a: Okidogi|Okidogi, M|100\/100\n|-activate|p1a: Okidogi|move: Sticky Web\n|-unboost|p1a: Okidogi|spe|1\n|turn|14\n|\n|t:|1700291211\n|-terastallize|p1a: Okidogi|Fairy\n|move|p2a: Raticate|Stomping Tantrum|p1a: Okidogi\n|-damage|p1a: Okidogi|75\/100\n|move|p1a: Okidogi|Bulk Up|p1a: Okidogi\n|-boost|p1a: Okidogi|atk|1\n|-boost|p1a: Okidogi|def|1\n|\n|-heal|p1a: Okidogi|81\/100|[from] item: Leftovers\n|-damage|p2a: Raticate|65\/100 brn|[from] brn\n|upkeep\n|turn|15\n|\n|t:|1700291221\n|move|p2a: Raticate|Facade|p1a: Okidogi\n|-damage|p1a: Okidogi|31\/100\n|move|p1a: Okidogi|Bulk Up|p1a: Okidogi\n|-boost|p1a: Okidogi|atk|1\n|-boost|p1a: Okidogi|def|1\n|\n|-heal|p1a: Okidogi|37\/100|[from] item: Leftovers\n|-damage|p2a: Raticate|59\/100 brn|[from] brn\n|upkeep\n|turn|16\n|\n|t:|1700291230\n|move|p2a: Raticate|Facade|p1a: Okidogi\n|-damage|p1a: Okidogi|3\/100\n|move|p1a: Okidogi|Rest|p1a: Okidogi\n|-status|p1a: Okidogi|slp|[from] move: Rest\n|-heal|p1a: Okidogi|100\/100 slp|[silent]\n|\n|-damage|p2a: Raticate|53\/100 brn|[from] brn\n|upkeep\n|turn|17\n|\n|t:|1700291240\n|switch|p2a: Sirfetch\u2019d|Sirfetch\u2019d, M|100\/100\n|cant|p1a: Okidogi|slp\n|move|p1a: Okidogi|Sleep Talk|p1a: Okidogi\n|move|p1a: Okidogi|Ice Punch|p2a: Sirfetch\u2019d|[from]move: Sleep Talk\n|-damage|p2a: Sirfetch\u2019d|51\/100\n|\n|upkeep\n|turn|18\n|\n|t:|1700291248\n|move|p2a: Sirfetch\u2019d|Leaf Blade|p1a: Okidogi\n|-crit|p1a: Okidogi\n|-damage|p1a: Okidogi|58\/100 slp\n|cant|p1a: Okidogi|slp\n|move|p1a: Okidogi|Sleep Talk|p1a: Okidogi\n|move|p1a: Okidogi|Rest||[from]move: Sleep Talk|[still]\n|-fail|p1a: Okidogi\n|\n|-heal|p1a: Okidogi|64\/100 slp|[from] item: Leftovers\n|upkeep\n|turn|19\n|\n|t:|1700291265\n|move|p2a: Sirfetch\u2019d|Leaf Blade|p1a: Okidogi\n|-crit|p1a: Okidogi\n|-damage|p1a: Okidogi|24\/100 slp\n|-curestatus|p1a: Okidogi|slp|[msg]\n|move|p1a: Okidogi|Ice Punch|p2a: Sirfetch\u2019d\n|-damage|p2a: Sirfetch\u2019d|7\/100\n|\n|-heal|p1a: Okidogi|30\/100|[from] item: Leftovers\n|upkeep\n|turn|20\n|\n|t:|1700291280\n|move|p2a: Sirfetch\u2019d|Leaf Blade|p1a: Okidogi\n|-crit|p1a: Okidogi\n|-damage|p1a: Okidogi|0 fnt\n|faint|p1a: Okidogi\n|\n|upkeep\n|\n|t:|1700291287\n|switch|p1a: Ferrothorn|Ferrothorn, F|100\/100\n|-activate|p1a: Ferrothorn|move: Sticky Web\n|-unboost|p1a: Ferrothorn|spe|1\n|turn|21\n|\n|t:|1700291293\n|move|p2a: Sirfetch\u2019d|Close Combat|p1a: Ferrothorn\n|-supereffective|p1a: Ferrothorn\n|-damage|p1a: Ferrothorn|0 fnt\n|-unboost|p2a: Sirfetch\u2019d|def|1\n|-unboost|p2a: Sirfetch\u2019d|spd|1\n|-damage|p2a: Sirfetch\u2019d|0 fnt|[from] ability: Iron Barbs|[of] p1a: Ferrothorn\n|faint|p1a: Ferrothorn\n|faint|p2a: Sirfetch\u2019d\n|\n|upkeep\n|-message|George Liquor forfeited.\n|\n|win|Y69420\n|raw|George Liquor's rating: 1066 &rarr; <strong>1049<\/strong><br \/>(-17 for losing)\n|raw|Y69420's rating: 1112 &rarr; <strong>1134<\/strong><br \/>(+22 for winning)\n|l|\u2606George Liquor\n","uploadtime":1700291313,"views":16,"p1id":"georgeliquor","p2id":"y69420","formatid":"gen9nationaldex","rating":1049,"private":0,"password":""}