{"id":"gen9nationaldex-1990263175","p1":"P4NC4S","p2":"Blake-Mamba","format":"[Gen 9] National Dex","log":"|j|\u203dP4NC4S\n|j|\u2606Blake-Mamba\n|t:|1699946944\n|gametype|singles\n|player|p1|P4NC4S|1|1308\n|player|p2|Blake-Mamba|juan|1403\n|teamsize|p1|5\n|teamsize|p2|6\n|gen|9\n|tier|[Gen 9] National Dex\n|rated|\n|rule|HP Percentage Mod: HP is shown in percentages\n|rule|Endless Battle Clause: Forcing endless battles is banned\n|rule|OHKO Clause: OHKO moves are banned\n|rule|Evasion Clause: Evasion abilities, items, and moves are banned\n|rule|Evasion Abilities Clause: Evasion abilities are banned\n|rule|Evasion Items Clause: Evasion items are banned\n|rule|Evasion Moves Clause: Evasion moves are banned\n|rule|Species Clause: Limit one of each Pok\u00e9mon\n|rule|Sleep Clause Mod: Limit one foe put to sleep\n|clearpoke\n|poke|p1|Slurpuff, M|\n|poke|p1|Corsola-Galar, F|\n|poke|p1|Lopunny, F|\n|poke|p1|Feraligatr, M|\n|poke|p1|Torkoal, M|\n|poke|p2|Galvantula, F|\n|poke|p2|Serperior, M|\n|poke|p2|Volcarona, M|\n|poke|p2|Carracosta, F|\n|poke|p2|Archeops, M|\n|poke|p2|Golurk|\n|teampreview\n|\n|t:|1699946950\n|start\n|switch|p1a: Torkoal|Torkoal, M|100\/100\n|switch|p2a: Galvantula|Galvantula, F|100\/100\n|-weather|SunnyDay|[from] ability: Drought|[of] p1a: Torkoal\n|turn|1\n|\n|t:|1699946962\n|move|p2a: Galvantula|Thunder|p1a: Torkoal\n|-damage|p1a: Torkoal|36\/100\n|move|p1a: Torkoal|Stealth Rock|p2a: Galvantula\n|-sidestart|p2: Blake-Mamba|move: Stealth Rock\n|\n|-weather|SunnyDay|[upkeep]\n|upkeep\n|turn|2\n|c|\u2606Blake-Mamba|You\u2019re missing a mon I think\n|\n|t:|1699946971\n|move|p2a: Galvantula|Sticky Web|p1a: Torkoal\n|-sidestart|p1: P4NC4S|move: Sticky Web\n|move|p1a: Torkoal|Rapid Spin|p2a: Galvantula\n|-damage|p2a: Galvantula|82\/100\n|-boost|p1a: Torkoal|spe|1\n|-sideend|p1: P4NC4S|Sticky Web|[from] move: Rapid Spin|[of] p1a: Torkoal\n|\n|-weather|SunnyDay|[upkeep]\n|upkeep\n|turn|3\n|\n|t:|1699946979\n|move|p2a: Galvantula|Sticky Web|p1a: Torkoal\n|-sidestart|p1: P4NC4S|move: Sticky Web\n|move|p1a: Torkoal|Yawn|p2a: Galvantula\n|-start|p2a: Galvantula|move: Yawn|[of] p1a: Torkoal\n|\n|-weather|SunnyDay|[upkeep]\n|upkeep\n|turn|4\n|\n|t:|1699946986\n|switch|p2a: Golurk|Golurk|100\/100\n|-damage|p2a: Golurk|94\/100|[from] Stealth Rock\n|move|p1a: Torkoal|Rapid Spin|p2a: Golurk\n|-immune|p2a: Golurk\n|\n|-weather|SunnyDay|[upkeep]\n|upkeep\n|turn|5\n|\n|t:|1699946995\n|move|p2a: Golurk|Earthquake|p1a: Torkoal\n|-supereffective|p1a: Torkoal\n|-damage|p1a: Torkoal|0 fnt\n|faint|p1a: Torkoal\n|\n|-weather|SunnyDay|[upkeep]\n|upkeep\n|\n|t:|1699947004\n|switch|p1a: Feraligatr|Feraligatr, M|100\/100\n|-activate|p1a: Feraligatr|move: Sticky Web\n|-unboost|p1a: Feraligatr|spe|1\n|turn|6\n|\n|t:|1699947009\n|move|p2a: Golurk|Rock Polish|p2a: Golurk\n|-boost|p2a: Golurk|spe|2\n|move|p1a: Feraligatr|Dragon Dance|p1a: Feraligatr\n|-boost|p1a: Feraligatr|atk|1\n|-boost|p1a: Feraligatr|spe|1\n|\n|-weather|SunnyDay|[upkeep]\n|upkeep\n|turn|7\n|\n|t:|1699947018\n|move|p2a: Golurk|Poltergeist|p1a: Feraligatr\n|-activate|p1a: Feraligatr|move: Poltergeist|Life Orb\n|-damage|p1a: Feraligatr|32\/100\n|move|p1a: Feraligatr|Liquidation|p2a: Golurk\n|-supereffective|p2a: Golurk\n|-damage|p2a: Golurk|0 fnt\n|faint|p2a: Golurk\n|\n|-weather|SunnyDay|[upkeep]\n|upkeep\n|\n|t:|1699947032\n|switch|p2a: Serperior|Serperior, M|100\/100\n|-damage|p2a: Serperior|88\/100|[from] Stealth Rock\n|turn|8\n|\n|t:|1699947036\n|move|p2a: Serperior|Leaf Storm|p1a: Feraligatr\n|-supereffective|p1a: Feraligatr\n|-damage|p1a: Feraligatr|0 fnt\n|-boost|p2a: Serperior|spa|2\n|faint|p1a: Feraligatr\n|-damage|p2a: Serperior|78\/100|[from] item: Life Orb\n|\n|-weather|none\n|upkeep\n|\n|t:|1699947039\n|switch|p1a: Corsola|Corsola-Galar, F|100\/100\n|-activate|p1a: Corsola|move: Sticky Web\n|-unboost|p1a: Corsola|spe|1\n|turn|9\n|\n|t:|1699947048\n|move|p2a: Serperior|Substitute|p2a: Serperior\n|-start|p2a: Serperior|Substitute\n|-damage|p2a: Serperior|53\/100\n|move|p1a: Corsola|Will-O-Wisp||[still]\n|-fail|p1a: Corsola\n|\n|upkeep\n|turn|10\n|\n|t:|1699947056\n|-terastallize|p2a: Serperior|Grass\n|move|p2a: Serperior|Leaf Storm|p1a: Corsola\n|-damage|p1a: Corsola|0 fnt\n|-boost|p2a: Serperior|spa|2\n|faint|p1a: Corsola\n|-damage|p2a: Serperior|43\/100|[from] item: Life Orb\n|\n|upkeep\n|\n|t:|1699947061\n|switch|p1a: Lopunny|Lopunny, F|100\/100\n|-activate|p1a: Lopunny|move: Sticky Web\n|-unboost|p1a: Lopunny|spe|1\n|turn|11\n|\n|t:|1699947069\n|detailschange|p1a: Lopunny|Lopunny-Mega, F\n|-mega|p1a: Lopunny|Lopunny|Lopunnite\n|move|p1a: Lopunny|Fake Out|p2a: Serperior\n|-end|p2a: Serperior|Substitute\n|move|p2a: Serperior|Giga Drain|p1a: Lopunny\n|-damage|p1a: Lopunny|0 fnt\n|-heal|p2a: Serperior|90\/100|[from] drain|[of] p1a: Lopunny\n|faint|p1a: Lopunny\n|-damage|p2a: Serperior|80\/100|[from] item: Life Orb\n|\n|upkeep\n|\n|t:|1699947073\n|switch|p1a: Slurpuff|Slurpuff, M|100\/100\n|-activate|p1a: Slurpuff|move: Sticky Web\n|-unboost|p1a: Slurpuff|spe|1\n|turn|12\n|\n|t:|1699947083\n|move|p2a: Serperior|Leaf Storm|p1a: Slurpuff\n|-damage|p1a: Slurpuff|0 fnt\n|-boost|p2a: Serperior|spa|2\n|faint|p1a: Slurpuff\n|-damage|p2a: Serperior|70\/100|[from] item: Life Orb\n|\n|win|Blake-Mamba\n|raw|P4NC4S's rating: 1308 &rarr; <strong>1293<\/strong><br \/>(-15 for losing)\n|raw|Blake-Mamba's rating: 1403 &rarr; <strong>1418<\/strong><br \/>(+15 for winning)\n|l|\u203dP4NC4S\n|c|\u2606Blake-Mamba|Gg\n","uploadtime":1699947108,"views":8,"p1id":"p4nc4s","p2id":"blakemamba","formatid":"gen9nationaldex","rating":1293,"private":0,"password":""}