{"id":"gen9nationaldex-1989349718","p1":"Kuzwa","p2":"perc1000000","format":"[Gen 9] National Dex","log":"|j|\u2606Kuzwa\n|j|\u2606perc1000000\n|t:|1699839376\n|gametype|singles\n|player|p1|Kuzwa|parasollady|1309\n|player|p2|perc1000000|proton|1389\n|teamsize|p1|6\n|teamsize|p2|6\n|gen|9\n|tier|[Gen 9] National Dex\n|rated|\n|rule|HP Percentage Mod: HP is shown in percentages\n|rule|Endless Battle Clause: Forcing endless battles is banned\n|rule|OHKO Clause: OHKO moves are banned\n|rule|Evasion Clause: Evasion abilities, items, and moves are banned\n|rule|Evasion Abilities Clause: Evasion abilities are banned\n|rule|Evasion Items Clause: Evasion items are banned\n|rule|Evasion Moves Clause: Evasion moves are banned\n|rule|Species Clause: Limit one of each Pok\u00e9mon\n|rule|Sleep Clause Mod: Limit one foe put to sleep\n|clearpoke\n|poke|p1|Gallade, M|\n|poke|p1|Kartana|\n|poke|p1|Scizor, M|\n|poke|p1|Weavile, M|\n|poke|p1|Quaquaval, M|\n|poke|p1|Ceruledge, F|\n|poke|p2|Garganacl, M|\n|poke|p2|Beedrill, F|\n|poke|p2|Iron Valiant|\n|poke|p2|Reuniclus, M|\n|poke|p2|Toxapex, F|\n|poke|p2|Electrode-Hisui|\n|teampreview\n|j| littlestinker123\n|inactive|Battle timer is ON: inactive players will automatically lose when time's up. (requested by Kuzwa)\n|\n|t:|1699839393\n|start\n|switch|p1a: Nyx|Ceruledge, F|100\/100\n|switch|p2a: Electrode|Electrode-Hisui|100\/100\n|turn|1\n|\n|t:|1699839401\n|move|p2a: Electrode|Taunt|p1a: Nyx\n|-start|p1a: Nyx|move: Taunt\n|move|p1a: Nyx|Bitter Blade|p2a: Electrode\n|-supereffective|p2a: Electrode\n|-damage|p2a: Electrode|0 fnt\n|-damage|p1a: Nyx|76\/100|[from] ability: Aftermath|[of] p2a: Electrode\n|-damage|p1a: Nyx|59\/100|[from] item: Rocky Helmet|[of] p2a: Electrode\n|faint|p2a: Electrode\n|\n|upkeep\n|\n|t:|1699839412\n|switch|p2a: Beedrill|Beedrill, F|100\/100\n|turn|2\n|\n|t:|1699839415\n|detailschange|p2a: Beedrill|Beedrill-Mega, F\n|-mega|p2a: Beedrill|Beedrill|Beedrillite\n|move|p2a: Beedrill|Knock Off|p1a: Nyx\n|-supereffective|p1a: Nyx\n|-damage|p1a: Nyx|0 fnt\n|-enditem|p1a: Nyx|Focus Sash|[from] move: Knock Off|[of] p2a: Beedrill\n|faint|p1a: Nyx\n|\n|upkeep\n|\n|t:|1699839423\n|switch|p1a: Ken Amada|Scizor, M|100\/100\n|turn|3\n|\n|t:|1699839427\n|move|p2a: Beedrill|U-turn|p1a: Ken Amada\n|-resisted|p1a: Ken Amada\n|-damage|p1a: Ken Amada|75\/100\n|\n|t:|1699839429\n|switch|p2a: Toxapex|Toxapex, F|100\/100|[from] U-turn\n|move|p1a: Ken Amada|Swords Dance|p1a: Ken Amada\n|-boost|p1a: Ken Amada|atk|2\n|\n|upkeep\n|turn|4\n|\n|t:|1699839434\n|detailschange|p1a: Ken Amada|Scizor-Mega, M\n|-mega|p1a: Ken Amada|Scizor|Scizorite\n|move|p1a: Ken Amada|Acrobatics|p2a: Toxapex\n|-damage|p2a: Toxapex|61\/100\n|move|p2a: Toxapex|Haze|p2a: Toxapex\n|-clearallboost\n|\n|upkeep\n|turn|5\n|\n|t:|1699839441\n|move|p1a: Ken Amada|Swords Dance|p1a: Ken Amada\n|-boost|p1a: Ken Amada|atk|2\n|move|p2a: Toxapex|Scald|p1a: Ken Amada\n|-damage|p1a: Ken Amada|59\/100\n|\n|upkeep\n|turn|6\n|\n|t:|1699839447\n|move|p1a: Ken Amada|Swords Dance|p1a: Ken Amada\n|-boost|p1a: Ken Amada|atk|2\n|move|p2a: Toxapex|Haze|p2a: Toxapex\n|-clearallboost\n|\n|upkeep\n|turn|7\n|\n|t:|1699839449\n|move|p1a: Ken Amada|Swords Dance|p1a: Ken Amada\n|-boost|p1a: Ken Amada|atk|2\n|move|p2a: Toxapex|Scald|p1a: Ken Amada\n|-crit|p1a: Ken Amada\n|-damage|p1a: Ken Amada|33\/100\n|\n|upkeep\n|turn|8\n|\n|t:|1699839452\n|move|p1a: Ken Amada|Acrobatics|p2a: Toxapex\n|-damage|p2a: Toxapex|16\/100\n|move|p2a: Toxapex|Haze|p2a: Toxapex\n|-clearallboost\n|\n|upkeep\n|turn|9\n|\n|t:|1699839459\n|switch|p2a: Beedrill|Beedrill-Mega, F|100\/100\n|move|p1a: Ken Amada|Acrobatics|p2a: Beedrill\n|-supereffective|p2a: Beedrill\n|-damage|p2a: Beedrill|0 fnt\n|faint|p2a: Beedrill\n|\n|upkeep\n|\n|t:|1699839466\n|switch|p2a: Iron Valiant|Iron Valiant, shiny|100\/100\n|-enditem|p2a: Iron Valiant|Booster Energy\n|-activate|p2a: Iron Valiant|ability: Quark Drive|[fromitem]\n|-start|p2a: Iron Valiant|quarkdrivespe\n|turn|10\n|\n|t:|1699839471\n|move|p1a: Ken Amada|Bullet Punch|p2a: Iron Valiant\n|-supereffective|p2a: Iron Valiant\n|-damage|p2a: Iron Valiant|0 fnt\n|faint|p2a: Iron Valiant\n|-end|p2a: Iron Valiant|Quark Drive|[silent]\n|\n|upkeep\n|-message|perc1000000 forfeited.\n|\n|win|Kuzwa\n|raw|Kuzwa's rating: 1309 &rarr; <strong>1334<\/strong><br \/>(+25 for winning)\n|raw|perc1000000's rating: 1389 &rarr; <strong>1364<\/strong><br \/>(-25 for losing)\n|l|\u2606perc1000000\n","uploadtime":1699839480,"views":4,"p1id":"kuzwa","p2id":"perc1000000","formatid":"gen9nationaldex","rating":1334,"private":0,"password":""}