{"id":"gen9nationaldex-1987531194","p1":"GrimDraw","p2":"Tentacultistry","format":"[Gen 9] National Dex","log":"|j|\u2606GrimDraw\n|j|\u2606Tentacultistry\n|t:|1699607553\n|gametype|singles\n|player|p1|GrimDraw|aaron|1361\n|player|p2|Tentacultistry|elesa-masters2|1325\n|teamsize|p1|6\n|teamsize|p2|6\n|gen|9\n|tier|[Gen 9] National Dex\n|rated|\n|rule|HP Percentage Mod: HP is shown in percentages\n|rule|Endless Battle Clause: Forcing endless battles is banned\n|rule|OHKO Clause: OHKO moves are banned\n|rule|Evasion Clause: Evasion abilities, items, and moves are banned\n|rule|Evasion Abilities Clause: Evasion abilities are banned\n|rule|Evasion Items Clause: Evasion items are banned\n|rule|Evasion Moves Clause: Evasion moves are banned\n|rule|Species Clause: Limit one of each Pok\u00e9mon\n|rule|Sleep Clause Mod: Limit one foe put to sleep\n|clearpoke\n|poke|p1|Scizor, M|\n|poke|p1|Beedrill, M|\n|poke|p1|Volcarona, F|\n|poke|p1|Galvantula, F|\n|poke|p1|Heracross, M|\n|poke|p1|Golisopod, M|\n|poke|p2|Tapu Koko|\n|poke|p2|Iron Valiant|\n|poke|p2|Iron Hands|\n|poke|p2|Dracozolt|\n|poke|p2|Iron Treads|\n|poke|p2|Iron Jugulis|\n|teampreview\n|inactive|Battle timer is ON: inactive players will automatically lose when time's up. (requested by GrimDraw)\n|\n|t:|1699607558\n|start\n|switch|p1a: Dozer|Beedrill, M, shiny|100\/100\n|switch|p2a: rita|Tapu Koko|100\/100\n|-fieldstart|move: Electric Terrain|[from] ability: Electric Surge|[of] p2a: rita\n|turn|1\n|\n|t:|1699607567\n|switch|p2a: Jimothy|Iron Jugulis|100\/100\n|-activate|p2a: Jimothy|ability: Quark Drive\n|-start|p2a: Jimothy|quarkdrivespe\n|detailschange|p1a: Dozer|Beedrill-Mega, M, shiny\n|-mega|p1a: Dozer|Beedrill|Beedrillite\n|move|p1a: Dozer|Poison Jab|p2a: Jimothy\n|-damage|p2a: Jimothy|31\/100\n|\n|upkeep\n|turn|2\n|\n|t:|1699607578\n|switch|p1a: Onslaught|Golisopod, M|100\/100\n|move|p2a: Jimothy|Air Slash|p1a: Onslaught\n|-supereffective|p1a: Onslaught\n|-crit|p1a: Onslaught\n|-damage|p1a: Onslaught|2\/100\n|-activate|p1a: Onslaught|ability: Emergency Exit\n|-damage|p2a: Jimothy|21\/100|[from] item: Life Orb\n|\n|t:|1699607587\n|switch|p1a: Quicksilver|Scizor, M|100\/100\n|\n|upkeep\n|turn|3\n|\n|t:|1699607594\n|-end|p2a: Jimothy|Quark Drive|[silent]\n|switch|p2a: BBB|Dracozolt|100\/100\n|move|p1a: Quicksilver|Bullet Punch|p2a: BBB\n|-resisted|p2a: BBB\n|-damage|p2a: BBB|78\/100\n|\n|upkeep\n|turn|4\n|\n|t:|1699607601\n|move|p1a: Quicksilver|Bullet Punch|p2a: BBB\n|-resisted|p2a: BBB\n|-damage|p2a: BBB|56\/100\n|move|p2a: BBB|Bolt Beak|p1a: Quicksilver|[miss]\n|-miss|p2a: BBB|p1a: Quicksilver\n|\n|upkeep\n|turn|5\n|\n|t:|1699607606\n|move|p1a: Quicksilver|Bullet Punch|p2a: BBB\n|-resisted|p2a: BBB\n|-damage|p2a: BBB|30\/100\n|move|p2a: BBB|Bolt Beak|p1a: Quicksilver\n|-damage|p1a: Quicksilver|25\/100\n|\n|upkeep\n|turn|6\n|\n|t:|1699607612\n|move|p1a: Quicksilver|Bullet Punch|p2a: BBB\n|-resisted|p2a: BBB\n|-crit|p2a: BBB\n|-damage|p2a: BBB|0 fnt\n|faint|p2a: BBB\n|\n|upkeep\n|\n|t:|1699607621\n|switch|p2a: Short king|Iron Treads|100\/100\n|-activate|p2a: Short king|ability: Quark Drive\n|-start|p2a: Short king|quarkdrivespe\n|turn|7\n|\n|t:|1699607630\n|move|p2a: Short king|Earthquake|p1a: Quicksilver\n|-damage|p1a: Quicksilver|0 fnt\n|faint|p1a: Quicksilver\n|\n|upkeep\n|\n|t:|1699607647\n|switch|p1a: Tula|Galvantula, F|100\/100\n|turn|8\n|\n|t:|1699607651\n|move|p2a: Short king|Earthquake|p1a: Tula\n|-damage|p1a: Tula|19\/100\n|move|p1a: Tula|Sticky Web|p2a: Short king\n|-sidestart|p2: Tentacultistry|move: Sticky Web\n|\n|-fieldend|move: Electric Terrain\n|-end|p2a: Short king|Quark Drive\n|upkeep\n|turn|9\n|\n|t:|1699607656\n|move|p1a: Tula|Hidden Power|p2a: Short king\n|-damage|p2a: Short king|76\/100\n|move|p2a: Short king|Rapid Spin|p1a: Tula\n|-damage|p1a: Tula|0 fnt\n|-boost|p2a: Short king|spe|1\n|-sideend|p2: Tentacultistry|Sticky Web|[from] move: Rapid Spin|[of] p2a: Short king\n|faint|p1a: Tula\n|\n|upkeep\n|\n|t:|1699607666\n|switch|p1a: Paul McCartney|Heracross, M|100\/100\n|turn|10\n|\n|t:|1699607670\n|move|p2a: Short king|Iron Head|p1a: Paul McCartney\n|-damage|p1a: Paul McCartney|46\/100\n|move|p1a: Paul McCartney|Knock Off|p2a: Short king\n|-damage|p2a: Short king|48\/100\n|-enditem|p2a: Short king|Heavy-Duty Boots|[from] move: Knock Off|[of] p1a: Paul McCartney\n|\n|-status|p1a: Paul McCartney|brn|[from] item: Flame Orb\n|upkeep\n|turn|11\n|\n|t:|1699607679\n|move|p2a: Short king|Iron Head|p1a: Paul McCartney\n|-damage|p1a: Paul McCartney|0 fnt\n|faint|p1a: Paul McCartney\n|\n|upkeep\n|\n|t:|1699607684\n|switch|p1a: Onslaught|Golisopod, M|2\/100\n|turn|12\n|\n|t:|1699607688\n|move|p1a: Onslaught|First Impression|p2a: Short king\n|-resisted|p2a: Short king\n|-damage|p2a: Short king|26\/100\n|move|p2a: Short king|Iron Head|p1a: Onslaught\n|-resisted|p1a: Onslaught\n|-damage|p1a: Onslaught|0 fnt\n|faint|p1a: Onslaught\n|\n|upkeep\n|\n|t:|1699607695\n|switch|p1a: Mothra|Volcarona, F|100\/100\n|turn|13\n|\n|t:|1699607703\n|move|p2a: Short king|Earthquake|p1a: Mothra\n|-damage|p1a: Mothra|26\/100\n|move|p1a: Mothra|Quiver Dance|p1a: Mothra\n|-boost|p1a: Mothra|spa|1\n|-boost|p1a: Mothra|spd|1\n|-boost|p1a: Mothra|spe|1\n|\n|-heal|p1a: Mothra|32\/100|[from] item: Leftovers\n|upkeep\n|turn|14\n|inactive|Tentacultistry has 120 seconds left.\n|\n|t:|1699607737\n|move|p2a: Short king|Earthquake|p1a: Mothra\n|-damage|p1a: Mothra|0 fnt\n|faint|p1a: Mothra\n|\n|upkeep\n|\n|t:|1699607740\n|switch|p1a: Dozer|Beedrill-Mega, M, shiny|100\/100\n|turn|15\n|\n|t:|1699607742\n|move|p2a: Short king|Earthquake|p1a: Dozer\n|-damage|p1a: Dozer|0 fnt\n|faint|p1a: Dozer\n|\n|win|Tentacultistry\n|raw|GrimDraw's rating: 1361 &rarr; <strong>1339<\/strong><br \/>(-22 for losing)\n|raw|Tentacultistry's rating: 1325 &rarr; <strong>1347<\/strong><br \/>(+22 for winning)\n|l|\u2606GrimDraw\n","uploadtime":1699607767,"views":8,"p1id":"grimdraw","p2id":"tentacultistry","formatid":"gen9nationaldex","rating":1339,"private":0,"password":""}