{"id":"gen9nationaldex-1995527770","p1":"schoolboy333","p2":"wuqing_Dada","format":"[Gen 9] National Dex","log":"|html|<div class=\"broadcast-blue\"><strong>[Gen 9] National Dex is currently suspecting Sneasler! For information on how to participate check out the <a href=\"https:\/\/www.smogon.com\/forums\/threads\/sv-national-dex-suspect-8-just-dance.3731534\/\">suspect thread<\/a>.<\/strong><\/div>\n|j|\u2606schoolboy333\n|j|\u2606wuqing_Dada\n|t:|1700580036\n|gametype|singles\n|player|p1|schoolboy333|byron|1195\n|player|p2|wuqing_Dada|iris-gen5bw2|1155\n|teamsize|p1|6\n|teamsize|p2|6\n|gen|9\n|tier|[Gen 9] National Dex\n|rated|\n|rule|HP Percentage Mod: HP is shown in percentages\n|rule|Endless Battle Clause: Forcing endless battles is banned\n|rule|OHKO Clause: OHKO moves are banned\n|rule|Evasion Clause: Evasion abilities, items, and moves are banned\n|rule|Evasion Abilities Clause: Evasion abilities are banned\n|rule|Evasion Items Clause: Evasion items are banned\n|rule|Evasion Moves Clause: Evasion moves are banned\n|rule|Species Clause: Limit one of each Pok\u00e9mon\n|rule|Sleep Clause Mod: Limit one foe put to sleep\n|clearpoke\n|poke|p1|Dragonite, M|\n|poke|p1|Hatterene, F|\n|poke|p1|Keldeo|\n|poke|p1|Ogerpon-Cornerstone, F|\n|poke|p1|Aegislash, F|\n|poke|p1|Mawile, F|\n|poke|p2|Pelipper, F|\n|poke|p2|Moltres|\n|poke|p2|Mew|\n|poke|p2|Swampert, F|\n|poke|p2|Kingdra, M|\n|poke|p2|Barraskewda, M|\n|teampreview\n|\n|t:|1700580060\n|start\n|switch|p1a: Hatterene|Hatterene, F|100\/100\n|switch|p2a: Pelipper|Pelipper, F|100\/100\n|-weather|RainDance|[from] ability: Drizzle|[of] p2a: Pelipper\n|turn|1\n|inactive|Battle timer is ON: inactive players will automatically lose when time's up. (requested by schoolboy333)\n|\n|t:|1700580088\n|move|p2a: Pelipper|Scald|p1a: Hatterene\n|-damage|p1a: Hatterene|58\/100\n|move|p1a: Hatterene|Nuzzle|p2a: Pelipper\n|-supereffective|p2a: Pelipper\n|-damage|p2a: Pelipper|86\/100\n|-status|p2a: Pelipper|par\n|\n|-weather|RainDance|[upkeep]\n|upkeep\n|turn|2\n|\n|t:|1700580099\n|move|p1a: Hatterene|Dazzling Gleam|p2a: Pelipper\n|-damage|p2a: Pelipper|23\/100 par\n|move|p2a: Pelipper|Scald|p1a: Hatterene\n|-damage|p1a: Hatterene|16\/100\n|-status|p1a: Hatterene|brn\n|\n|-weather|RainDance|[upkeep]\n|-damage|p1a: Hatterene|10\/100 brn|[from] brn\n|upkeep\n|turn|3\n|\n|t:|1700580126\n|switch|p2a: Mew|Mew|100\/100\n|move|p1a: Hatterene|Healing Wish|p1a: Hatterene\n|faint|p1a: Hatterene\n|\n|-weather|RainDance|[upkeep]\n|upkeep\n|inactive|schoolboy333 has 120 seconds left.\n|\n|t:|1700580152\n|switch|p1a: Ogerpon|Ogerpon-Cornerstone, F|100\/100\n|turn|4\n|\n|t:|1700580167\n|switch|p2a: Swampert|Swampert, F|100\/100\n|move|p1a: Ogerpon|Swords Dance|p1a: Ogerpon\n|-boost|p1a: Ogerpon|atk|2\n|\n|-weather|RainDance|[upkeep]\n|upkeep\n|turn|5\n|inactive|schoolboy333 has 120 seconds left.\n|inactive|wuqing_Dada has 120 seconds left.\n|\n|t:|1700580199\n|detailschange|p2a: Swampert|Swampert-Mega, F\n|-mega|p2a: Swampert|Swampert|Swampertite\n|move|p2a: Swampert|Flip Turn|p1a: Ogerpon\n|-damage|p1a: Ogerpon|22\/100\n|\n|t:|1700580209\n|switch|p2a: Moltres|Moltres|100\/100|[from] Flip Turn\n|move|p1a: Ogerpon|Wood Hammer|p2a: Moltres\n|-resisted|p2a: Moltres\n|-damage|p2a: Moltres|75\/100\n|-damage|p1a: Ogerpon|11\/100|[from] Recoil\n|\n|-weather|RainDance|[upkeep]\n|upkeep\n|turn|6\n|inactive|schoolboy333 has 120 seconds left.\n|\n|t:|1700580226\n|-terastallize|p2a: Moltres|Grass\n|move|p1a: Ogerpon|Ivy Cudgel|p2a: Moltres|[anim] Ivy Cudgel Rock\n|-damage|p2a: Moltres|0 fnt\n|faint|p2a: Moltres\n|\n|-weather|RainDance|[upkeep]\n|upkeep\n|inactive|wuqing_Dada has 90 seconds left.\n|\n|t:|1700580237\n|switch|p2a: Swampert|Swampert-Mega, F|100\/100\n|turn|7\n|\n|t:|1700580245\n|move|p1a: Ogerpon|Spiky Shield|p1a: Ogerpon\n|-singleturn|p1a: Ogerpon|move: Protect\n|move|p2a: Swampert|Flip Turn|p1a: Ogerpon\n|-activate|p1a: Ogerpon|move: Protect\n|-damage|p2a: Swampert|88\/100|[from] Spiky Shield|[of] p1a: Ogerpon\n|\n|-weather|RainDance|[upkeep]\n|upkeep\n|turn|8\n|inactive|schoolboy333 has 120 seconds left.\n|\n|t:|1700580271\n|switch|p1a: Dragonite|Dragonite, M|100\/100\n|move|p2a: Swampert|Flip Turn|p1a: Dragonite\n|-resisted|p1a: Dragonite\n|-damage|p1a: Dragonite|88\/100\n|\n|t:|1700580279\n|switch|p2a: Pelipper|Pelipper, F|23\/100 par|[from] Flip Turn\n|\n|-weather|none\n|-heal|p1a: Dragonite|94\/100|[from] item: Leftovers\n|upkeep\n|turn|9\n|\n|t:|1700580287\n|switch|p2a: Mew|Mew|100\/100\n|move|p1a: Dragonite|Extreme Speed|p2a: Mew\n|-damage|p2a: Mew|80\/100\n|\n|-heal|p1a: Dragonite|99\/100|[from] item: Leftovers\n|upkeep\n|turn|10\n|\n|t:|1700580300\n|move|p2a: Mew|Cosmic Power|p2a: Mew\n|-boost|p2a: Mew|def|1\n|-boost|p2a: Mew|spd|1\n|move|p1a: Dragonite|Curse|p1a: Dragonite\n|-unboost|p1a: Dragonite|spe|1\n|-boost|p1a: Dragonite|atk|1\n|-boost|p1a: Dragonite|def|1\n|\n|-heal|p1a: Dragonite|100\/100|[from] item: Leftovers\n|upkeep\n|turn|11\n|\n|t:|1700580309\n|move|p2a: Mew|Cosmic Power|p2a: Mew\n|-boost|p2a: Mew|def|1\n|-boost|p2a: Mew|spd|1\n|move|p1a: Dragonite|Curse|p1a: Dragonite\n|-unboost|p1a: Dragonite|spe|1\n|-boost|p1a: Dragonite|atk|1\n|-boost|p1a: Dragonite|def|1\n|\n|upkeep\n|turn|12\n|inactive|wuqing_Dada has 120 seconds left.\n|\n|t:|1700580315\n|-terastallize|p1a: Dragonite|Normal\n|move|p1a: Dragonite|Extreme Speed|p2a: Mew\n|-damage|p2a: Mew|50\/100\n|move|p2a: Mew|Cosmic Power|p2a: Mew\n|-boost|p2a: Mew|def|1\n|-boost|p2a: Mew|spd|1\n|\n|upkeep\n|turn|13\n|\n|t:|1700580324\n|move|p1a: Dragonite|Extreme Speed|p2a: Mew\n|-damage|p2a: Mew|26\/100\n|move|p2a: Mew|Roost|p2a: Mew\n|-heal|p2a: Mew|76\/100\n|-singleturn|p2a: Mew|move: Roost\n|\n|upkeep\n|turn|14\n|\n|t:|1700580333\n|move|p2a: Mew|Cosmic Power|p2a: Mew\n|-boost|p2a: Mew|def|1\n|-boost|p2a: Mew|spd|1\n|move|p1a: Dragonite|Curse|p1a: Dragonite\n|-unboost|p1a: Dragonite|spe|1\n|-boost|p1a: Dragonite|atk|1\n|-boost|p1a: Dragonite|def|1\n|\n|upkeep\n|turn|15\n|\n|t:|1700580338\n|move|p2a: Mew|Cosmic Power|p2a: Mew\n|-boost|p2a: Mew|def|1\n|-boost|p2a: Mew|spd|1\n|move|p1a: Dragonite|Curse|p1a: Dragonite\n|-unboost|p1a: Dragonite|spe|1\n|-boost|p1a: Dragonite|atk|1\n|-boost|p1a: Dragonite|def|1\n|\n|upkeep\n|turn|16\n|\n|t:|1700580345\n|move|p1a: Dragonite|Extreme Speed|p2a: Mew\n|-crit|p2a: Mew\n|-damage|p2a: Mew|0 fnt\n|faint|p2a: Mew\n|\n|upkeep\n|\n|t:|1700580364\n|switch|p2a: Pelipper|Pelipper, F|23\/100 par\n|-weather|RainDance|[from] ability: Drizzle|[of] p2a: Pelipper\n|turn|17\n|\n|t:|1700580378\n|move|p1a: Dragonite|Extreme Speed|p2a: Pelipper\n|-damage|p2a: Pelipper|0 fnt\n|faint|p2a: Pelipper\n|\n|-weather|RainDance|[upkeep]\n|upkeep\n|\n|t:|1700580386\n|switch|p2a: Swampert|Swampert-Mega, F|88\/100\n|turn|18\n|\n|t:|1700580390\n|move|p1a: Dragonite|Extreme Speed|p2a: Swampert\n|-damage|p2a: Swampert|0 fnt\n|faint|p2a: Swampert\n|\n|-weather|RainDance|[upkeep]\n|upkeep\n|\n|t:|1700580397\n|switch|p2a: Barraskewda|Barraskewda, M|100\/100\n|turn|19\n|\n|t:|1700580402\n|move|p1a: Dragonite|Extreme Speed|p2a: Barraskewda\n|-damage|p2a: Barraskewda|0 fnt\n|faint|p2a: Barraskewda\n|\n|-weather|RainDance|[upkeep]\n|upkeep\n|\n|t:|1700580407\n|switch|p2a: Kingdra|Kingdra, M|100\/100\n|turn|20\n|\n|t:|1700580412\n|move|p1a: Dragonite|Extreme Speed|p2a: Kingdra\n|-damage|p2a: Kingdra|0 fnt\n|faint|p2a: Kingdra\n|\n|win|schoolboy333\n|raw|schoolboy333's rating: 1195 &rarr; <strong>1217<\/strong><br \/>(+22 for winning)\n|raw|wuqing_Dada's rating: 1155 &rarr; <strong>1133<\/strong><br \/>(-22 for losing)\n|c|\u2606schoolboy333|gg\n|c|\u2606schoolboy333|Lucky crit\n|l|\u2606wuqing_Dada\n","uploadtime":1700580431,"views":6,"p1id":"schoolboy333","p2id":"wuqingdada","formatid":"gen9nationaldex","rating":1133,"private":0,"password":""}