{"id":"gen9nationaldex-1992319758","p1":"PaleSwordsman_666","p2":"juanfe05","format":"[Gen 9] National Dex","log":"|j|\u2606PaleSwordsman_666\n|j|\u2606juanfe05\n|t:|1700174305\n|gametype|singles\n|player|p1|PaleSwordsman_666|cynthia-gen4|1134\n|player|p2|juanfe05|psychic-gen4|1205\n|teamsize|p1|6\n|teamsize|p2|6\n|gen|9\n|tier|[Gen 9] National Dex\n|rated|\n|rule|HP Percentage Mod: HP is shown in percentages\n|rule|Endless Battle Clause: Forcing endless battles is banned\n|rule|OHKO Clause: OHKO moves are banned\n|rule|Evasion Clause: Evasion abilities, items, and moves are banned\n|rule|Evasion Abilities Clause: Evasion abilities are banned\n|rule|Evasion Items Clause: Evasion items are banned\n|rule|Evasion Moves Clause: Evasion moves are banned\n|rule|Species Clause: Limit one of each Pok\u00e9mon\n|rule|Sleep Clause Mod: Limit one foe put to sleep\n|clearpoke\n|poke|p1|Swampert, M|\n|poke|p1|Beedrill, F|\n|poke|p1|Snorlax, F|\n|poke|p1|Ampharos, F|\n|poke|p1|Aegislash, M|\n|poke|p1|Xurkitree|\n|poke|p2|Yanmega, M|\n|poke|p2|Landorus-Therian, M|\n|poke|p2|Samurott-Hisui, F|\n|poke|p2|Hatterene, F|\n|poke|p2|Glimmora, M|\n|poke|p2|Scizor, M|\n|teampreview\n|\n|t:|1700174308\n|start\n|switch|p1a: Beedrill|Beedrill, F|100\/100\n|switch|p2a: Yanmega|Yanmega, M|100\/100\n|turn|1\n|inactive|Battle timer is ON: inactive players will automatically lose when time's up. (requested by PaleSwordsman_666)\n|\n|t:|1700174318\n|detailschange|p1a: Beedrill|Beedrill-Mega, F\n|-mega|p1a: Beedrill|Beedrill|Beedrillite\n|move|p1a: Beedrill|U-turn|p2a: Yanmega\n|-resisted|p2a: Yanmega\n|-damage|p2a: Yanmega|67\/100\n|\n|t:|1700174322\n|switch|p1a: Snorlax|Snorlax, F|100\/100|[from] U-turn\n|move|p2a: Yanmega|Ancient Power|p1a: Snorlax\n|-damage|p1a: Snorlax|88\/100\n|\n|-heal|p1a: Snorlax|94\/100|[from] item: Leftovers\n|upkeep\n|turn|2\n|\n|t:|1700174333\n|switch|p2a: Glimmora|Glimmora, M|100\/100\n|move|p1a: Snorlax|Curse|p1a: Snorlax\n|-unboost|p1a: Snorlax|spe|1\n|-boost|p1a: Snorlax|atk|1\n|-boost|p1a: Snorlax|def|1\n|\n|-heal|p1a: Snorlax|99\/100|[from] item: Leftovers\n|upkeep\n|turn|3\n|\n|t:|1700174338\n|switch|p2a: Yanmega|Yanmega, M|67\/100\n|move|p1a: Snorlax|Earthquake|p2a: Yanmega\n|-immune|p2a: Yanmega\n|\n|-heal|p1a: Snorlax|100\/100|[from] item: Leftovers\n|upkeep\n|turn|4\n|\n|t:|1700174350\n|-terastallize|p2a: Yanmega|Bug\n|move|p2a: Yanmega|Bug Buzz|p1a: Snorlax\n|-damage|p1a: Snorlax|61\/100\n|move|p1a: Snorlax|Curse|p1a: Snorlax\n|-unboost|p1a: Snorlax|spe|1\n|-boost|p1a: Snorlax|atk|1\n|-boost|p1a: Snorlax|def|1\n|\n|-heal|p1a: Snorlax|67\/100|[from] item: Leftovers\n|upkeep\n|turn|5\n|\n|t:|1700174378\n|move|p2a: Yanmega|Bug Buzz|p1a: Snorlax\n|-damage|p1a: Snorlax|27\/100\n|move|p1a: Snorlax|Body Slam|p2a: Yanmega\n|-damage|p2a: Yanmega|0 fnt\n|faint|p2a: Yanmega\n|\n|-heal|p1a: Snorlax|33\/100|[from] item: Leftovers\n|upkeep\n|\n|t:|1700174386\n|switch|p2a: Glimmora|Glimmora, M|100\/100\n|turn|6\n|\n|t:|1700174400\n|move|p2a: Glimmora|Spiky Shield|p2a: Glimmora\n|-singleturn|p2a: Glimmora|move: Protect\n|move|p1a: Snorlax|Rest|p1a: Snorlax\n|-status|p1a: Snorlax|slp|[from] move: Rest\n|-heal|p1a: Snorlax|100\/100 slp|[silent]\n|\n|upkeep\n|turn|7\n|\n|t:|1700174407\n|move|p2a: Glimmora|Gunk Shot|p1a: Snorlax|[miss]\n|-miss|p2a: Glimmora|p1a: Snorlax\n|cant|p1a: Snorlax|slp\n|\n|upkeep\n|turn|8\n|\n|t:|1700174410\n|move|p2a: Glimmora|Gunk Shot|p1a: Snorlax\n|-damage|p1a: Snorlax|83\/100 slp\n|cant|p1a: Snorlax|slp\n|\n|-heal|p1a: Snorlax|89\/100 slp|[from] item: Leftovers\n|upkeep\n|turn|9\n|\n|t:|1700174417\n|switch|p2a: Samurott|Samurott-Hisui, F|100\/100\n|-curestatus|p1a: Snorlax|slp|[msg]\n|move|p1a: Snorlax|Curse|p1a: Snorlax\n|-unboost|p1a: Snorlax|spe|1\n|-boost|p1a: Snorlax|atk|1\n|-boost|p1a: Snorlax|def|1\n|\n|-heal|p1a: Snorlax|96\/100|[from] item: Leftovers\n|upkeep\n|turn|10\n|\n|t:|1700174422\n|move|p2a: Samurott|Ceaseless Edge|p1a: Snorlax\n|-damage|p1a: Snorlax|79\/100\n|-sidestart|p1: PaleSwordsman_666|Spikes\n|move|p1a: Snorlax|Body Slam|p2a: Samurott\n|-damage|p2a: Samurott|8\/100\n|\n|-heal|p1a: Snorlax|86\/100|[from] item: Leftovers\n|upkeep\n|turn|11\n|\n|t:|1700174430\n|move|p2a: Samurott|Air Slash|p1a: Snorlax\n|-damage|p1a: Snorlax|73\/100\n|move|p1a: Snorlax|Curse|p1a: Snorlax\n|-unboost|p1a: Snorlax|spe|1\n|-boost|p1a: Snorlax|atk|1\n|-boost|p1a: Snorlax|def|1\n|\n|-heal|p1a: Snorlax|79\/100|[from] item: Leftovers\n|upkeep\n|turn|12\n|-message|juanfe05 forfeited.\n|\n|win|PaleSwordsman_666\n|raw|PaleSwordsman_666's rating: 1134 &rarr; <strong>1164<\/strong><br \/>(+30 for winning)\n|raw|juanfe05's rating: 1205 &rarr; <strong>1175<\/strong><br \/>(-30 for losing)\n|l|\u2606juanfe05\n","uploadtime":1700174442,"views":5,"p1id":"paleswordsman666","p2id":"juanfe05","formatid":"gen9nationaldex","rating":1164,"private":0,"password":""}