{"id":"gen9nationaldex-1991766201","p1":"Tank Tests","p2":"Asahi daisuki~~~","format":"[Gen 9] National Dex","log":"|j|\u2606Tank Tests\n|j|\u2606Asahi daisuki~~~\n|t:|1700113456\n|gametype|singles\n|player|p1|Tank Tests|2|1454\n|player|p2|Asahi daisuki~~~|102|1571\n|teamsize|p1|6\n|teamsize|p2|6\n|gen|9\n|tier|[Gen 9] National Dex\n|rated|\n|rule|HP Percentage Mod: HP is shown in percentages\n|rule|Endless Battle Clause: Forcing endless battles is banned\n|rule|OHKO Clause: OHKO moves are banned\n|rule|Evasion Clause: Evasion abilities, items, and moves are banned\n|rule|Evasion Abilities Clause: Evasion abilities are banned\n|rule|Evasion Items Clause: Evasion items are banned\n|rule|Evasion Moves Clause: Evasion moves are banned\n|rule|Species Clause: Limit one of each Pok\u00e9mon\n|rule|Sleep Clause Mod: Limit one foe put to sleep\n|clearpoke\n|poke|p1|Pawmot, F|\n|poke|p1|Rabsca, F|\n|poke|p1|Banette, M|\n|poke|p1|Victini|\n|poke|p1|Dragonite, M|\n|poke|p1|Forretress, F|\n|poke|p2|Tapu Koko|\n|poke|p2|Banette, M|\n|poke|p2|Glimmora, F|\n|poke|p2|Sneasler, F|\n|poke|p2|Manaphy|\n|poke|p2|Latios, M|\n|teampreview\n|\n|t:|1700113468\n|start\n|switch|p1a: Dragonite|Dragonite, M|100\/100\n|switch|p2a: Glimmora|Glimmora, F|100\/100\n|turn|1\n|\n|t:|1700113470\n|move|p2a: Glimmora|Mortal Spin|p1a: Dragonite\n|-damage|p1a: Dragonite|97\/100\n|-status|p1a: Dragonite|psn\n|move|p1a: Dragonite|Earthquake|p2a: Glimmora\n|-supereffective|p2a: Glimmora\n|-enditem|p2a: Glimmora|Focus Sash\n|-damage|p2a: Glimmora|1\/100\n|-activate|p2a: Glimmora|ability: Toxic Debris\n|-sidestart|p1: Tank Tests|move: Toxic Spikes\n|\n|-damage|p1a: Dragonite|84\/100 psn|[from] psn\n|upkeep\n|turn|2\n|\n|t:|1700113474\n|move|p1a: Dragonite|Extreme Speed|p2a: Glimmora\n|-resisted|p2a: Glimmora\n|-damage|p2a: Glimmora|0 fnt\n|-activate|p2a: Glimmora|ability: Toxic Debris\n|-sidestart|p1: Tank Tests|move: Toxic Spikes\n|faint|p2a: Glimmora\n|\n|-damage|p1a: Dragonite|72\/100 psn|[from] psn\n|upkeep\n|\n|t:|1700113487\n|switch|p2a: Tapu Koko|Tapu Koko|100\/100\n|-fieldstart|move: Electric Terrain|[from] ability: Electric Surge|[of] p2a: Tapu Koko\n|turn|3\n|\n|t:|1700113493\n|-terastallize|p1a: Dragonite|Normal\n|move|p2a: Tapu Koko|Volt Switch|p1a: Dragonite\n|-damage|p1a: Dragonite|16\/100 psn\n|inactive|Battle timer is ON: inactive players will automatically lose when time's up. (requested by Asahi daisuki~~~)\n|\n|t:|1700113499\n|switch|p2a: Latios|Latios, M|100\/100|[from] Volt Switch\n|move|p1a: Dragonite|Earthquake|p2a: Latios\n|-immune|p2a: Latios|[from] ability: Levitate\n|\n|-damage|p1a: Dragonite|4\/100 psn|[from] psn\n|upkeep\n|turn|4\n|\n|t:|1700113503\n|switch|p2a: Banette|Banette, M|100\/100\n|move|p1a: Dragonite|Extreme Speed|p2a: Banette\n|-immune|p2a: Banette\n|\n|-damage|p1a: Dragonite|0 fnt|[from] psn\n|faint|p1a: Dragonite\n|upkeep\n|\n|t:|1700113506\n|switch|p1a: Forretress|Forretress, F|100\/100\n|turn|5\n|\n|t:|1700113510\n|detailschange|p2a: Banette|Banette-Mega, M\n|-mega|p2a: Banette|Banette|Banettite\n|move|p2a: Banette|Taunt|p1a: Forretress\n|-start|p1a: Forretress|move: Taunt\n|cant|p1a: Forretress|move: Taunt|Thunder Wave\n|\n|upkeep\n|turn|6\n|\n|t:|1700113521\n|switch|p1a: Victini|Victini|100\/100\n|-status|p1a: Victini|tox\n|move|p2a: Banette|Poltergeist|p1a: Victini\n|-activate|p1a: Victini|move: Poltergeist|Choice Scarf\n|-supereffective|p1a: Victini\n|-damage|p1a: Victini|0 fnt\n|faint|p1a: Victini\n|\n|upkeep\n|\n|t:|1700113529\n|switch|p1a: Banette|Banette, M|100\/100\n|-status|p1a: Banette|tox\n|turn|7\n|\n|t:|1700113533\n|detailschange|p1a: Banette|Banette-Mega, M\n|-mega|p1a: Banette|Banette|Banettite\n|move|p2a: Banette|Taunt|p1a: Banette\n|-start|p1a: Banette|move: Taunt\n|move|p1a: Banette|Poltergeist|p2a: Banette\n|-activate|p2a: Banette|move: Poltergeist|Banettite\n|-supereffective|p2a: Banette\n|-damage|p2a: Banette|0 fnt\n|faint|p2a: Banette\n|\n|-damage|p1a: Banette|95\/100 tox|[from] psn\n|-fieldend|move: Electric Terrain\n|upkeep\n|\n|t:|1700113540\n|switch|p2a: Tapu Koko|Tapu Koko|100\/100\n|-fieldstart|move: Electric Terrain|[from] ability: Electric Surge|[of] p2a: Tapu Koko\n|turn|8\n|\n|t:|1700113542\n|switch|p1a: Pawmot|Pawmot, F|100\/100\n|-status|p1a: Pawmot|tox\n|move|p2a: Tapu Koko|Thunderbolt|p1a: Pawmot\n|-immune|p1a: Pawmot|[from] ability: Volt Absorb\n|\n|-damage|p1a: Pawmot|94\/100 tox|[from] psn\n|upkeep\n|turn|9\n|\n|t:|1700113548\n|switch|p2a: Latios|Latios, M|100\/100\n|move|p1a: Pawmot|Revival Blessing|p1a: Pawmot\n|-enditem|p1a: Pawmot|Leppa Berry|[eat]\n|-activate|p1a: Pawmot|item: Leppa Berry|Revival Blessing|[consumed]\n|\n|t:|1700113552\n|-heal|p1: Victini|50\/100|[from] move: Revival Blessing\n|\n|-damage|p1a: Pawmot|82\/100 tox|[from] psn\n|upkeep\n|turn|10\n|\n|t:|1700113563\n|switch|p2a: Tapu Koko|Tapu Koko|100\/100\n|switch|p1a: Forretress|Forretress, F|100\/100\n|\n|upkeep\n|turn|11\n|\n|t:|1700113569\n|move|p2a: Tapu Koko|U-turn|p1a: Forretress\n|-resisted|p1a: Forretress\n|-damage|p1a: Forretress|95\/100\n|\n|t:|1700113572\n|switch|p2a: Manaphy|Manaphy|100\/100|[from] U-turn\n|move|p1a: Forretress|Rapid Spin|p2a: Manaphy\n|-damage|p2a: Manaphy|91\/100\n|-boost|p1a: Forretress|spe|1\n|-sideend|p1: Tank Tests|Toxic Spikes|[from] move: Rapid Spin|[of] p1a: Forretress\n|\n|upkeep\n|turn|12\n|\n|t:|1700113577\n|move|p2a: Manaphy|Tail Glow|p2a: Manaphy\n|-boost|p2a: Manaphy|spa|3\n|move|p1a: Forretress|Thunder Wave|p2a: Manaphy\n|-status|p2a: Manaphy|par\n|\n|-fieldend|move: Electric Terrain\n|upkeep\n|turn|13\n|\n|t:|1700113583\n|move|p1a: Forretress|Stealth Rock|p2a: Manaphy\n|-sidestart|p2: Asahi daisuki~~~|move: Stealth Rock\n|-zpower|p2a: Manaphy\n|move|p2a: Manaphy|Z-Rain Dance|p2a: Manaphy|[anim]Rain Dance\n|-boost|p2a: Manaphy|spe|1|[zeffect]\n|-weather|RainDance\n|\n|-weather|RainDance|[upkeep]\n|-activate|p2a: Manaphy|ability: Hydration\n|-curestatus|p2a: Manaphy|par|[msg]\n|upkeep\n|turn|14\n|\n|t:|1700113587\n|move|p2a: Manaphy|Surf|p1a: Forretress\n|-damage|p1a: Forretress|0 fnt\n|faint|p1a: Forretress\n|\n|-weather|RainDance|[upkeep]\n|upkeep\n|\n|t:|1700113596\n|switch|p1a: Banette|Banette-Mega, M|95\/100 tox\n|turn|15\n|\n|t:|1700113602\n|move|p1a: Banette|Destiny Bond|p1a: Banette\n|-singlemove|p1a: Banette|Destiny Bond\n|move|p2a: Manaphy|Surf|p1a: Banette\n|-damage|p1a: Banette|0 fnt\n|faint|p1a: Banette\n|-activate|p1a: Banette|move: Destiny Bond\n|faint|p2a: Manaphy\n|\n|-weather|RainDance|[upkeep]\n|upkeep\n|\n|t:|1700113608\n|switch|p2a: Latios|Latios, M|100\/100\n|switch|p1a: Rabsca|Rabsca, F|100\/100\n|-damage|p2a: Latios|88\/100|[from] Stealth Rock\n|turn|16\n|\n|t:|1700113614\n|move|p2a: Latios|Thunder Wave|p1a: Rabsca\n|-status|p1a: Rabsca|par\n|-activate|p1a: Rabsca|ability: Synchronize\n|-status|p2a: Latios|par\n|move|p1a: Rabsca|Revival Blessing|p1a: Rabsca\n|-enditem|p1a: Rabsca|Leppa Berry|[eat]\n|-activate|p1a: Rabsca|item: Leppa Berry|Revival Blessing|[consumed]\n|\n|t:|1700113622\n|-heal|p1: Banette|50\/100|[from] move: Revival Blessing\n|\n|-weather|RainDance|[upkeep]\n|upkeep\n|turn|17\n|\n|t:|1700113628\n|move|p2a: Latios|Memento|p1a: Rabsca\n|-unboost|p1a: Rabsca|atk|2\n|-unboost|p1a: Rabsca|spa|2\n|faint|p2a: Latios\n|move|p1a: Rabsca|Revival Blessing|p1a: Rabsca\n|\n|t:|1700113634\n|-heal|p1: Dragonite|50\/100|[from] move: Revival Blessing\n|\n|-weather|none\n|upkeep\n|\n|t:|1700113638\n|switch|p2a: Tapu Koko|Tapu Koko|100\/100\n|-damage|p2a: Tapu Koko|88\/100|[from] Stealth Rock\n|-fieldstart|move: Electric Terrain|[from] ability: Electric Surge|[of] p2a: Tapu Koko\n|turn|18\n|\n|t:|1700113641\n|move|p2a: Tapu Koko|U-turn|p1a: Rabsca\n|-supereffective|p1a: Rabsca\n|-damage|p1a: Rabsca|74\/100 par\n|\n|t:|1700113643\n|switch|p2a: Sneasler|Sneasler, F|100\/100|[from] U-turn\n|-damage|p2a: Sneasler|95\/100|[from] Stealth Rock\n|-enditem|p2a: Sneasler|Electric Seed\n|-boost|p2a: Sneasler|def|1|[from] item: Electric Seed\n|move|p1a: Rabsca|Memento|p2a: Sneasler\n|-unboost|p2a: Sneasler|atk|2\n|-unboost|p2a: Sneasler|spa|2\n|faint|p1a: Rabsca\n|\n|upkeep\n|-message|Asahi daisuki~~~ forfeited.\n|\n|win|Tank Tests\n|raw|Tank Tests's rating: 1454 &rarr; <strong>1480<\/strong><br \/>(+26 for winning)\n|raw|Asahi daisuki~~~'s rating: 1571 &rarr; <strong>1545<\/strong><br \/>(-26 for losing)\n|l|\u2606Asahi daisuki~~~\n","uploadtime":1700113657,"views":18,"p1id":"tanktests","p2id":"asahidaisuki","formatid":"gen9nationaldex","rating":1480,"private":0,"password":""}