{"id":"gen9nationaldex-1995513153","p1":"tidepacito","p2":"jujibalaoshi001","format":"[Gen 9] National Dex","log":"|html|<div class=\"broadcast-blue\"><strong>[Gen 9] National Dex is currently suspecting Sneasler! For information on how to participate check out the <a href=\"https:\/\/www.smogon.com\/forums\/threads\/sv-national-dex-suspect-8-just-dance.3731534\/\">suspect thread<\/a>.<\/strong><\/div>\n|j|\u2606tidepacito\n|j|\u2606jujibalaoshi001\n|t:|1700578679\n|gametype|singles\n|player|p1|tidepacito|265|1530\n|player|p2|jujibalaoshi001|hexmaniac-gen6|1575\n|teamsize|p1|6\n|teamsize|p2|6\n|gen|9\n|tier|[Gen 9] National Dex\n|rated|\n|rule|HP Percentage Mod: HP is shown in percentages\n|rule|Endless Battle Clause: Forcing endless battles is banned\n|rule|OHKO Clause: OHKO moves are banned\n|rule|Evasion Clause: Evasion abilities, items, and moves are banned\n|rule|Evasion Abilities Clause: Evasion abilities are banned\n|rule|Evasion Items Clause: Evasion items are banned\n|rule|Evasion Moves Clause: Evasion moves are banned\n|rule|Species Clause: Limit one of each Pok\u00e9mon\n|rule|Sleep Clause Mod: Limit one foe put to sleep\n|clearpoke\n|poke|p1|Iron Leaves|\n|poke|p1|Tapu Koko|\n|poke|p1|Xurkitree|\n|poke|p1|Ogerpon-Wellspring, F|\n|poke|p1|Scizor, F|\n|poke|p1|Clodsire, F|\n|poke|p2|Galvantula, M|\n|poke|p2|Nidoking, M|\n|poke|p2|Great Tusk|\n|poke|p2|Garchomp, F|\n|poke|p2|Kartana|\n|poke|p2|Ogerpon-Wellspring, F|\n|teampreview\n|inactive|Battle timer is ON: inactive players will automatically lose when time's up. (requested by tidepacito)\n|inactive|tidepacito has 120 seconds left.\n|\n|t:|1700578714\n|start\n|switch|p1a: Clodsire|Clodsire, F|100\/100\n|switch|p2a: Galvantula|Galvantula, M|100\/100\n|turn|1\n|\n|t:|1700578728\n|move|p2a: Galvantula|Sticky Web|p1a: Clodsire\n|-sidestart|p1: tidepacito|move: Sticky Web\n|move|p1a: Clodsire|Gunk Shot|p2a: Galvantula\n|-damage|p2a: Galvantula|36\/100\n|-status|p2a: Galvantula|psn\n|\n|-damage|p2a: Galvantula|24\/100 psn|[from] psn\n|upkeep\n|turn|2\n|\n|t:|1700578740\n|switch|p2a: Kartana|Kartana|100\/100\n|switch|p1a: Scizor|Scizor, F|100\/100\n|-activate|p1a: Scizor|move: Sticky Web\n|-unboost|p1a: Scizor|spe|1\n|\n|upkeep\n|turn|3\n|\n|t:|1700578761\n|switch|p2a: Nidoking|Nidoking, M|100\/100\n|detailschange|p1a: Scizor|Scizor-Mega, F\n|-mega|p1a: Scizor|Scizor|Scizorite\n|move|p1a: Scizor|Defog|p2a: Nidoking\n|-unboost|p2a: Nidoking|evasion|1\n|-sideend|p1: tidepacito|Sticky Web|[from] move: Defog|[of] p1a: Scizor\n|\n|upkeep\n|turn|4\n|\n|t:|1700578774\n|switch|p1a: Ogerpon|Ogerpon-Wellspring, F|100\/100\n|move|p2a: Nidoking|Flamethrower|p1a: Ogerpon\n|-damage|p1a: Ogerpon|49\/100\n|\n|upkeep\n|turn|5\n|\n|t:|1700578788\n|switch|p2a: Ogerpon|Ogerpon-Wellspring, F|100\/100\n|move|p1a: Ogerpon|Ivy Cudgel|p2a: Ogerpon|[anim] Ivy Cudgel Water\n|-immune|p2a: Ogerpon|[from] ability: Water Absorb\n|\n|upkeep\n|turn|6\n|\n|t:|1700578800\n|move|p1a: Ogerpon|Horn Leech|p2a: Ogerpon\n|-damage|p2a: Ogerpon|41\/100\n|-heal|p1a: Ogerpon|78\/100|[from] drain|[of] p2a: Ogerpon\n|move|p2a: Ogerpon|Swords Dance|p2a: Ogerpon\n|-boost|p2a: Ogerpon|atk|2\n|\n|upkeep\n|turn|7\n|\n|t:|1700578818\n|move|p1a: Ogerpon|Horn Leech|p2a: Ogerpon\n|-crit|p2a: Ogerpon\n|-damage|p2a: Ogerpon|0 fnt\n|-heal|p1a: Ogerpon|99\/100|[from] drain|[of] p2a: Ogerpon\n|faint|p2a: Ogerpon\n|\n|upkeep\n|\n|t:|1700578831\n|switch|p2a: Kartana|Kartana|100\/100\n|turn|8\n|\n|t:|1700578839\n|switch|p1a: Scizor|Scizor-Mega, F|100\/100\n|move|p2a: Kartana|Leaf Blade|p1a: Scizor\n|-resisted|p1a: Scizor\n|-damage|p1a: Scizor|90\/100\n|\n|upkeep\n|turn|9\n|\n|t:|1700578845\n|switch|p2a: Garchomp|Garchomp, F|100\/100\n|move|p1a: Scizor|U-turn|p2a: Garchomp\n|-damage|p2a: Garchomp|55\/100\n|-damage|p1a: Scizor|77\/100|[from] ability: Rough Skin|[of] p2a: Garchomp\n|\n|t:|1700578858\n|switch|p1a: Ogerpon|Ogerpon-Wellspring, F|99\/100|[from] U-turn\n|\n|upkeep\n|turn|10\n|\n|t:|1700578864\n|move|p1a: Ogerpon|Swords Dance|p1a: Ogerpon\n|-boost|p1a: Ogerpon|atk|2\n|-zpower|p2a: Garchomp\n|move|p2a: Garchomp|Devastating Drake|p1a: Ogerpon|[zeffect]\n|-damage|p1a: Ogerpon|0 fnt\n|faint|p1a: Ogerpon\n|\n|upkeep\n|\n|t:|1700578870\n|switch|p1a: Tapu Koko|Tapu Koko|100\/100\n|-fieldstart|move: Electric Terrain|[from] ability: Electric Surge|[of] p1a: Tapu Koko\n|turn|11\n|\n|t:|1700578877\n|move|p1a: Tapu Koko|Reflect|p1a: Tapu Koko\n|-sidestart|p1: tidepacito|Reflect\n|move|p2a: Garchomp|Stealth Rock|p1a: Tapu Koko\n|-sidestart|p1: tidepacito|move: Stealth Rock\n|\n|upkeep\n|turn|12\n|\n|t:|1700578882\n|move|p1a: Tapu Koko|Light Screen|p1a: Tapu Koko\n|-sidestart|p1: tidepacito|move: Light Screen\n|move|p2a: Garchomp|Earthquake|p1a: Tapu Koko\n|-supereffective|p1a: Tapu Koko\n|-damage|p1a: Tapu Koko|45\/100\n|\n|upkeep\n|turn|13\n|\n|t:|1700578895\n|move|p1a: Tapu Koko|U-turn|p2a: Garchomp\n|-damage|p2a: Garchomp|38\/100\n|-damage|p1a: Tapu Koko|33\/100|[from] ability: Rough Skin|[of] p2a: Garchomp\n|\n|t:|1700578899\n|switch|p1a: Iron Leaves|Iron Leaves|100\/100|[from] U-turn\n|-damage|p1a: Iron Leaves|88\/100|[from] Stealth Rock\n|-activate|p1a: Iron Leaves|ability: Quark Drive\n|-start|p1a: Iron Leaves|quarkdrivespe\n|move|p2a: Garchomp|Earthquake|p1a: Iron Leaves\n|-resisted|p1a: Iron Leaves\n|-damage|p1a: Iron Leaves|74\/100\n|\n|upkeep\n|turn|14\n|\n|t:|1700578912\n|move|p1a: Iron Leaves|Psyblade|p2a: Garchomp\n|-damage|p2a: Garchomp|0 fnt\n|-damage|p1a: Iron Leaves|62\/100|[from] ability: Rough Skin|[of] p2a: Garchomp\n|faint|p2a: Garchomp\n|-damage|p1a: Iron Leaves|52\/100|[from] item: Life Orb\n|\n|upkeep\n|\n|t:|1700578926\n|switch|p2a: Kartana|Kartana|100\/100\n|turn|15\n|\n|t:|1700578931\n|-terastallize|p1a: Iron Leaves|Fighting\n|move|p2a: Kartana|Knock Off|p1a: Iron Leaves\n|-resisted|p1a: Iron Leaves\n|-damage|p1a: Iron Leaves|40\/100\n|-enditem|p1a: Iron Leaves|Life Orb|[from] move: Knock Off|[of] p2a: Kartana\n|move|p1a: Iron Leaves|Close Combat|p2a: Kartana\n|-supereffective|p2a: Kartana\n|-damage|p2a: Kartana|0 fnt\n|-unboost|p1a: Iron Leaves|def|1\n|-unboost|p1a: Iron Leaves|spd|1\n|faint|p2a: Kartana\n|\n|-sideend|p1: tidepacito|Reflect\n|upkeep\n|\n|t:|1700578945\n|switch|p2a: Great Tusk|Great Tusk|100\/100\n|-enditem|p2a: Great Tusk|Booster Energy\n|-activate|p2a: Great Tusk|ability: Protosynthesis|[fromitem]\n|-start|p2a: Great Tusk|protosynthesisatk\n|turn|16\n|\n|t:|1700578963\n|move|p1a: Iron Leaves|Psyblade|p2a: Great Tusk\n|-supereffective|p2a: Great Tusk\n|-damage|p2a: Great Tusk|19\/100\n|move|p2a: Great Tusk|Ice Spinner|p1a: Iron Leaves\n|-damage|p1a: Iron Leaves|0 fnt\n|-fieldend|move: Electric Terrain\n|faint|p1a: Iron Leaves\n|-end|p1a: Iron Leaves|Quark Drive|[silent]\n|\n|-sideend|p1: tidepacito|move: Light Screen\n|upkeep\n|\n|t:|1700578983\n|switch|p1a: Tapu Koko|Tapu Koko|33\/100\n|-damage|p1a: Tapu Koko|20\/100|[from] Stealth Rock\n|-fieldstart|move: Electric Terrain|[from] ability: Electric Surge|[of] p1a: Tapu Koko\n|turn|17\n|\n|t:|1700578990\n|move|p1a: Tapu Koko|Light Screen|p1a: Tapu Koko\n|-sidestart|p1: tidepacito|move: Light Screen\n|move|p2a: Great Tusk|Rapid Spin|p1a: Tapu Koko\n|-crit|p1a: Tapu Koko\n|-damage|p1a: Tapu Koko|0 fnt\n|-boost|p2a: Great Tusk|spe|1\n|faint|p1a: Tapu Koko\n|\n|upkeep\n|\n|t:|1700578993\n|switch|p1a: Scizor|Scizor-Mega, F|77\/100\n|-damage|p1a: Scizor|65\/100|[from] Stealth Rock\n|turn|18\n|\n|t:|1700579004\n|move|p1a: Scizor|Bullet Punch|p2a: Great Tusk\n|-damage|p2a: Great Tusk|0 fnt\n|faint|p2a: Great Tusk\n|-end|p2a: Great Tusk|Protosynthesis|[silent]\n|\n|upkeep\n|\n|t:|1700579010\n|switch|p2a: Nidoking|Nidoking, M|100\/100\n|turn|19\n|\n|t:|1700579017\n|move|p1a: Scizor|Bullet Punch|p2a: Nidoking\n|-crit|p2a: Nidoking\n|-damage|p2a: Nidoking|13\/100\n|move|p2a: Nidoking|Flamethrower|p1a: Scizor\n|-supereffective|p1a: Scizor\n|-damage|p1a: Scizor|0 fnt\n|faint|p1a: Scizor\n|\n|upkeep\n|\n|t:|1700579019\n|switch|p1a: Clodsire|Clodsire, F|100\/100\n|-damage|p1a: Clodsire|94\/100|[from] Stealth Rock\n|turn|20\n|\n|t:|1700579027\n|move|p2a: Nidoking|Earth Power|p1a: Clodsire\n|-supereffective|p1a: Clodsire\n|-damage|p1a: Clodsire|62\/100\n|move|p1a: Clodsire|Earthquake|p2a: Nidoking\n|-supereffective|p2a: Nidoking\n|-damage|p2a: Nidoking|0 fnt\n|faint|p2a: Nidoking\n|\n|-heal|p1a: Clodsire|69\/100|[from] item: Leftovers\n|upkeep\n|\n|t:|1700579033\n|switch|p2a: Galvantula|Galvantula, M|24\/100 psn\n|turn|21\n|\n|t:|1700579039\n|move|p2a: Galvantula|Sticky Web|p1a: Clodsire\n|-sidestart|p1: tidepacito|move: Sticky Web\n|move|p1a: Clodsire|Earthquake|p2a: Galvantula\n|-damage|p2a: Galvantula|0 fnt\n|faint|p2a: Galvantula\n|\n|win|tidepacito\n|raw|tidepacito's rating: 1530 &rarr; <strong>1553<\/strong><br \/>(+23 for winning)\n|raw|jujibalaoshi001's rating: 1575 &rarr; <strong>1552<\/strong><br \/>(-23 for losing)\n","uploadtime":1700579048,"views":7,"p1id":"tidepacito","p2id":"jujibalaoshi001","formatid":"gen9nationaldex","rating":1552,"private":0,"password":""}