{"id":"gen9nationaldex-1994999569","p1":"LELELEIOIOIO","p2":"Marty1010","format":"[Gen 9] National Dex","log":"|html|<div class=\"broadcast-blue\"><strong>[Gen 9] National Dex is currently suspecting Sneasler! For information on how to participate check out the <a href=\"https:\/\/www.smogon.com\/forums\/threads\/sv-national-dex-suspect-8-just-dance.3731534\/\">suspect thread<\/a>.<\/strong><\/div>\n|j|\u2606LELELEIOIOIO\n|j|\u2606Marty1010\n|t:|1700512023\n|gametype|singles\n|player|p1|LELELEIOIOIO|169|1322\n|player|p2|Marty1010|blackbelt-gen4|1320\n|teamsize|p1|6\n|teamsize|p2|6\n|gen|9\n|tier|[Gen 9] National Dex\n|rated|\n|rule|HP Percentage Mod: HP is shown in percentages\n|rule|Endless Battle Clause: Forcing endless battles is banned\n|rule|OHKO Clause: OHKO moves are banned\n|rule|Evasion Clause: Evasion abilities, items, and moves are banned\n|rule|Evasion Abilities Clause: Evasion abilities are banned\n|rule|Evasion Items Clause: Evasion items are banned\n|rule|Evasion Moves Clause: Evasion moves are banned\n|rule|Species Clause: Limit one of each Pok\u00e9mon\n|rule|Sleep Clause Mod: Limit one foe put to sleep\n|clearpoke\n|poke|p1|Pelipper, M|\n|poke|p1|Swampert, M|\n|poke|p1|Ogerpon-Wellspring, F|\n|poke|p1|Ferrothorn, M|\n|poke|p1|Latias, F|\n|poke|p1|Zapdos|\n|poke|p2|Charizard, F|\n|poke|p2|Leafeon, M|\n|poke|p2|Ferrothorn, M|\n|poke|p2|Corviknight, F|\n|poke|p2|Garganacl, M|\n|poke|p2|Toxapex, F|\n|teampreview\n|\n|t:|1700512032\n|start\n|switch|p1a: Latias|Latias, F|100\/100\n|switch|p2a: Poison|Toxapex, F|100\/100\n|turn|1\n|\n|t:|1700512045\n|switch|p2a: Spikey|Ferrothorn, M|100\/100\n|move|p1a: Latias|Psyshock|p2a: Spikey\n|-resisted|p2a: Spikey\n|-damage|p2a: Spikey|91\/100\n|\n|-heal|p2a: Spikey|97\/100|[from] item: Leftovers\n|upkeep\n|turn|2\n|\n|t:|1700512053\n|switch|p1a: Zapdos|Zapdos|100\/100\n|move|p2a: Spikey|Leech Seed|p1a: Zapdos\n|-start|p1a: Zapdos|move: Leech Seed\n|\n|-heal|p2a: Spikey|100\/100|[from] item: Leftovers\n|-damage|p1a: Zapdos|88\/100|[from] Leech Seed|[of] p2a: Spikey\n|upkeep\n|turn|3\n|\n|t:|1700512060\n|move|p1a: Zapdos|Volt Switch|p2a: Spikey\n|-resisted|p2a: Spikey\n|-damage|p2a: Spikey|89\/100\n|\n|t:|1700512063\n|switch|p1a: Pelipper|Pelipper, M|100\/100|[from] Volt Switch\n|-weather|RainDance|[from] ability: Drizzle|[of] p1a: Pelipper\n|move|p2a: Spikey|Stealth Rock|p1a: Pelipper\n|-sidestart|p1: LELELEIOIOIO|move: Stealth Rock\n|\n|-weather|RainDance|[upkeep]\n|-heal|p2a: Spikey|95\/100|[from] item: Leftovers\n|upkeep\n|turn|4\n|\n|t:|1700512076\n|move|p1a: Pelipper|Hurricane|p2a: Spikey\n|-damage|p2a: Spikey|64\/100\n|move|p2a: Spikey|Stealth Rock||[still]\n|-fail|p2a: Spikey\n|\n|-weather|RainDance|[upkeep]\n|-heal|p2a: Spikey|70\/100|[from] item: Leftovers\n|upkeep\n|turn|5\n|\n|t:|1700512086\n|move|p1a: Pelipper|Hurricane|p2a: Spikey\n|-damage|p2a: Spikey|42\/100\n|move|p2a: Spikey|Leech Seed|p1a: Pelipper\n|-start|p1a: Pelipper|move: Leech Seed\n|\n|-weather|RainDance|[upkeep]\n|-heal|p2a: Spikey|48\/100|[from] item: Leftovers\n|-damage|p1a: Pelipper|88\/100|[from] Leech Seed|[of] p2a: Spikey\n|-heal|p2a: Spikey|59\/100|[silent]\n|upkeep\n|turn|6\n|\n|t:|1700512097\n|switch|p1a: Ogerpon|Ogerpon-Wellspring, F|100\/100\n|-damage|p1a: Ogerpon|88\/100|[from] Stealth Rock\n|move|p2a: Spikey|Spikes|p1a: Ogerpon\n|-sidestart|p1: LELELEIOIOIO|Spikes\n|\n|-weather|RainDance|[upkeep]\n|-heal|p2a: Spikey|65\/100|[from] item: Leftovers\n|upkeep\n|turn|7\n|\n|t:|1700512109\n|move|p1a: Ogerpon|Encore|p2a: Spikey\n|-start|p2a: Spikey|Encore\n|move|p2a: Spikey|Spikes|p1a: Ogerpon\n|-sidestart|p1: LELELEIOIOIO|Spikes\n|\n|-weather|RainDance|[upkeep]\n|-heal|p2a: Spikey|71\/100|[from] item: Leftovers\n|upkeep\n|turn|8\n|\n|t:|1700512115\n|move|p1a: Ogerpon|Swords Dance|p1a: Ogerpon\n|-boost|p1a: Ogerpon|atk|2\n|move|p2a: Spikey|Spikes|p1a: Ogerpon\n|-sidestart|p1: LELELEIOIOIO|Spikes\n|\n|-weather|RainDance|[upkeep]\n|-heal|p2a: Spikey|77\/100|[from] item: Leftovers\n|upkeep\n|turn|9\n|\n|t:|1700512124\n|switch|p2a: Poison|Toxapex, F|100\/100\n|move|p1a: Ogerpon|Swords Dance|p1a: Ogerpon\n|-boost|p1a: Ogerpon|atk|2\n|\n|-weather|RainDance|[upkeep]\n|upkeep\n|turn|10\n|\n|t:|1700512130\n|move|p1a: Ogerpon|Horn Leech|p2a: Poison\n|-damage|p2a: Poison|24\/100\n|-heal|p1a: Ogerpon|100\/100|[from] drain|[of] p2a: Poison\n|move|p2a: Poison|Haze|p2a: Poison\n|-clearallboost\n|\n|-weather|none\n|-heal|p2a: Poison|30\/100|[from] item: Black Sludge\n|upkeep\n|turn|11\n|\n|t:|1700512140\n|move|p2a: Poison|Baneful Bunker|p2a: Poison\n|-singleturn|p2a: Poison|move: Protect\n|move|p1a: Ogerpon|Encore|p2a: Poison\n|-activate|p2a: Poison|move: Protect\n|\n|-heal|p2a: Poison|37\/100|[from] item: Black Sludge\n|upkeep\n|turn|12\n|\n|t:|1700512147\n|switch|p2a: Charli|Charizard, F|100\/100\n|move|p1a: Ogerpon|Encore||[still]\n|-fail|p1a: Ogerpon\n|\n|upkeep\n|turn|13\n|\n|t:|1700512154\n|switch|p1a: Zapdos|Zapdos|88\/100\n|detailschange|p2a: Charli|Charizard-Mega-Y, F\n|-mega|p2a: Charli|Charizard|Charizardite Y\n|-weather|SunnyDay|[from] ability: Drought|[of] p2a: Charli\n|move|p2a: Charli|Solar Beam||[still]\n|-prepare|p2a: Charli|Solar Beam\n|-anim|p2a: Charli|Solar Beam|p1a: Zapdos\n|-resisted|p1a: Zapdos\n|-damage|p1a: Zapdos|64\/100\n|\n|-weather|SunnyDay|[upkeep]\n|upkeep\n|turn|14\n|\n|t:|1700512165\n|switch|p2a: Spikey|Ferrothorn, M|77\/100\n|move|p1a: Zapdos|Defog|p2a: Spikey\n|-unboost|p2a: Spikey|evasion|1\n|-sideend|p1: LELELEIOIOIO|Spikes|[from] move: Defog|[of] p1a: Zapdos\n|-sideend|p1: LELELEIOIOIO|Stealth Rock|[from] move: Defog|[of] p1a: Zapdos\n|\n|-weather|SunnyDay|[upkeep]\n|-heal|p2a: Spikey|83\/100|[from] item: Leftovers\n|upkeep\n|turn|15\n|\n|t:|1700512174\n|move|p1a: Zapdos|Volt Switch|p2a: Spikey\n|-resisted|p2a: Spikey\n|-damage|p2a: Spikey|71\/100\n|\n|t:|1700512179\n|switch|p1a: Ogerpon|Ogerpon-Wellspring, F|100\/100|[from] Volt Switch\n|move|p2a: Spikey|Leech Seed|p1a: Ogerpon\n|-immune|p1a: Ogerpon\n|\n|-weather|SunnyDay|[upkeep]\n|-heal|p2a: Spikey|77\/100|[from] item: Leftovers\n|upkeep\n|turn|16\n|\n|t:|1700512191\n|switch|p2a: Leon|Leafeon, M|100\/100\n|move|p1a: Ogerpon|Swords Dance|p1a: Ogerpon\n|-boost|p1a: Ogerpon|atk|2\n|\n|-weather|SunnyDay|[upkeep]\n|upkeep\n|turn|17\n|\n|t:|1700512200\n|move|p2a: Leon|Solar Blade||[still]\n|-prepare|p2a: Leon|Solar Blade\n|-anim|p2a: Leon|Solar Blade|p1a: Ogerpon\n|-damage|p1a: Ogerpon|0 fnt\n|faint|p1a: Ogerpon\n|\n|-weather|none\n|upkeep\n|\n|t:|1700512208\n|switch|p1a: Pelipper|Pelipper, M|88\/100\n|-weather|RainDance|[from] ability: Drizzle|[of] p1a: Pelipper\n|turn|18\n|\n|t:|1700512219\n|switch|p2a: Poison|Toxapex, F|70\/100\n|move|p1a: Pelipper|Hurricane|p2a: Poison\n|-damage|p2a: Poison|38\/100\n|\n|-weather|RainDance|[upkeep]\n|-heal|p2a: Poison|45\/100|[from] item: Black Sludge\n|upkeep\n|turn|19\n|\n|t:|1700512227\n|switch|p1a: Zapdos|Zapdos|64\/100\n|move|p2a: Poison|Toxic Spikes|p1a: Zapdos\n|-sidestart|p1: LELELEIOIOIO|move: Toxic Spikes\n|\n|-weather|RainDance|[upkeep]\n|-heal|p2a: Poison|51\/100|[from] item: Black Sludge\n|upkeep\n|turn|20\n|\n|t:|1700512233\n|move|p2a: Poison|Baneful Bunker|p2a: Poison\n|-singleturn|p2a: Poison|move: Protect\n|move|p1a: Zapdos|Roost|p1a: Zapdos\n|-heal|p1a: Zapdos|100\/100\n|-singleturn|p1a: Zapdos|move: Roost\n|\n|-weather|RainDance|[upkeep]\n|-heal|p2a: Poison|57\/100|[from] item: Black Sludge\n|upkeep\n|turn|21\n|\n|t:|1700512242\n|switch|p2a: Spikey|Ferrothorn, M|77\/100\n|move|p1a: Zapdos|Hurricane|p2a: Spikey\n|-damage|p2a: Spikey|35\/100\n|\n|-weather|RainDance|[upkeep]\n|-heal|p2a: Spikey|41\/100|[from] item: Leftovers\n|upkeep\n|turn|22\n|\n|t:|1700512250\n|switch|p2a: Corviknight|Corviknight, F|100\/100\n|-ability|p2a: Corviknight|Pressure\n|move|p1a: Zapdos|Hurricane|p2a: Corviknight\n|-resisted|p2a: Corviknight\n|-damage|p2a: Corviknight|85\/100\n|\n|-weather|RainDance|[upkeep]\n|upkeep\n|turn|23\n|\n|t:|1700512260\n|switch|p2a: Poison|Toxapex, F|90\/100\n|move|p1a: Zapdos|Defog|p2a: Poison\n|-unboost|p2a: Poison|evasion|1\n|-sideend|p1: LELELEIOIOIO|Toxic Spikes|[from] move: Defog|[of] p1a: Zapdos\n|\n|-weather|RainDance|[upkeep]\n|-heal|p2a: Poison|97\/100|[from] item: Black Sludge\n|upkeep\n|turn|24\n|\n|t:|1700512270\n|move|p1a: Zapdos|Volt Switch|p2a: Poison\n|-supereffective|p2a: Poison\n|-damage|p2a: Poison|47\/100\n|\n|t:|1700512274\n|switch|p1a: Latias|Latias, F|100\/100|[from] Volt Switch\n|move|p2a: Poison|Scald|p1a: Latias\n|-resisted|p1a: Latias\n|-damage|p1a: Latias|91\/100\n|\n|-weather|RainDance|[upkeep]\n|-heal|p2a: Poison|53\/100|[from] item: Black Sludge\n|upkeep\n|turn|25\n|\n|t:|1700512284\n|switch|p2a: Spikey|Ferrothorn, M|41\/100\n|move|p1a: Latias|Draco Meteor|p2a: Spikey\n|-resisted|p2a: Spikey\n|-damage|p2a: Spikey|16\/100\n|-unboost|p1a: Latias|spa|2\n|\n|-weather|none\n|-heal|p2a: Spikey|22\/100|[from] item: Leftovers\n|upkeep\n|turn|26\n|\n|t:|1700512302\n|switch|p1a: Ferrothorn|Ferrothorn, M|100\/100\n|move|p2a: Spikey|Leech Seed|p1a: Ferrothorn\n|-immune|p1a: Ferrothorn\n|\n|-heal|p2a: Spikey|28\/100|[from] item: Leftovers\n|upkeep\n|turn|27\n|\n|t:|1700512309\n|move|p2a: Spikey|Stealth Rock|p1a: Ferrothorn\n|-sidestart|p1: LELELEIOIOIO|move: Stealth Rock\n|move|p1a: Ferrothorn|Gyro Ball|p2a: Spikey\n|-resisted|p2a: Spikey\n|-damage|p2a: Spikey|26\/100\n|-damage|p1a: Ferrothorn|88\/100|[from] ability: Iron Barbs|[of] p2a: Spikey\n|\n|-heal|p2a: Spikey|32\/100|[from] item: Leftovers\n|upkeep\n|turn|28\n|\n|t:|1700512317\n|move|p2a: Spikey|Spikes|p1a: Ferrothorn\n|-sidestart|p1: LELELEIOIOIO|Spikes\n|move|p1a: Ferrothorn|Stealth Rock|p2a: Spikey\n|-sidestart|p2: Marty1010|move: Stealth Rock\n|\n|-heal|p2a: Spikey|38\/100|[from] item: Leftovers\n|upkeep\n|turn|29\n|\n|t:|1700512325\n|switch|p1a: Zapdos|Zapdos|100\/100\n|move|p2a: Spikey|Spikes|p1a: Zapdos\n|-sidestart|p1: LELELEIOIOIO|Spikes\n|\n|-heal|p2a: Spikey|44\/100|[from] item: Leftovers\n|upkeep\n|turn|30\n|\n|t:|1700512333\n|move|p1a: Zapdos|Defog|p2a: Spikey\n|-unboost|p2a: Spikey|evasion|1\n|-sideend|p2: Marty1010|Stealth Rock|[from] move: Defog|[of] p1a: Zapdos\n|-sideend|p1: LELELEIOIOIO|Spikes|[from] move: Defog|[of] p1a: Zapdos\n|-sideend|p1: LELELEIOIOIO|Stealth Rock|[from] move: Defog|[of] p1a: Zapdos\n|move|p2a: Spikey|Leech Seed|p1a: Zapdos\n|-start|p1a: Zapdos|move: Leech Seed\n|\n|-heal|p2a: Spikey|50\/100|[from] item: Leftovers\n|-damage|p1a: Zapdos|88\/100|[from] Leech Seed|[of] p2a: Spikey\n|-heal|p2a: Spikey|63\/100|[silent]\n|upkeep\n|turn|31\n|\n|t:|1700512343\n|switch|p1a: Pelipper|Pelipper, M|88\/100\n|-weather|RainDance|[from] ability: Drizzle|[of] p1a: Pelipper\n|move|p2a: Spikey|Gyro Ball|p1a: Pelipper\n|-resisted|p1a: Pelipper\n|-crit|p1a: Pelipper\n|-damage|p1a: Pelipper|73\/100\n|\n|-weather|RainDance|[upkeep]\n|-heal|p2a: Spikey|69\/100|[from] item: Leftovers\n|upkeep\n|turn|32\n|\n|t:|1700512353\n|move|p1a: Pelipper|Hurricane|p2a: Spikey\n|-damage|p2a: Spikey|38\/100\n|move|p2a: Spikey|Stealth Rock|p1a: Pelipper\n|-sidestart|p1: LELELEIOIOIO|move: Stealth Rock\n|\n|-weather|RainDance|[upkeep]\n|-heal|p2a: Spikey|44\/100|[from] item: Leftovers\n|upkeep\n|turn|33\n|\n|t:|1700512359\n|move|p1a: Pelipper|Hurricane|p2a: Spikey\n|-damage|p2a: Spikey|14\/100\n|move|p2a: Spikey|Leech Seed|p1a: Pelipper\n|-start|p1a: Pelipper|move: Leech Seed\n|\n|-weather|RainDance|[upkeep]\n|-heal|p2a: Spikey|20\/100|[from] item: Leftovers\n|-damage|p1a: Pelipper|60\/100|[from] Leech Seed|[of] p2a: Spikey\n|-heal|p2a: Spikey|32\/100|[silent]\n|upkeep\n|turn|34\n|\n|t:|1700512368\n|switch|p1a: Zapdos|Zapdos|88\/100\n|switch|p2a: Poison|Toxapex, F|87\/100\n|\n|-weather|RainDance|[upkeep]\n|-heal|p2a: Poison|93\/100|[from] item: Black Sludge\n|upkeep\n|turn|35\n|\n|t:|1700512376\n|move|p2a: Poison|Baneful Bunker|p2a: Poison\n|-singleturn|p2a: Poison|move: Protect\n|move|p1a: Zapdos|Defog|p2a: Poison\n|-activate|p2a: Poison|move: Protect\n|\n|-weather|RainDance|[upkeep]\n|-heal|p2a: Poison|99\/100|[from] item: Black Sludge\n|upkeep\n|turn|36\n|\n|t:|1700512384\n|switch|p2a: Spikey|Ferrothorn, M|32\/100\n|move|p1a: Zapdos|Defog|p2a: Spikey\n|-unboost|p2a: Spikey|evasion|1\n|-sideend|p1: LELELEIOIOIO|Stealth Rock|[from] move: Defog|[of] p1a: Zapdos\n|\n|-weather|RainDance|[upkeep]\n|-heal|p2a: Spikey|38\/100|[from] item: Leftovers\n|upkeep\n|turn|37\n|\n|t:|1700512395\n|switch|p2a: Garganacl|Garganacl, M|100\/100\n|move|p1a: Zapdos|Hurricane|p2a: Garganacl\n|-resisted|p2a: Garganacl\n|-damage|p2a: Garganacl|86\/100\n|-start|p2a: Garganacl|confusion\n|\n|-weather|RainDance|[upkeep]\n|upkeep\n|turn|38\n|\n|t:|1700512404\n|move|p1a: Zapdos|Volt Switch|p2a: Garganacl\n|-damage|p2a: Garganacl|66\/100\n|\n|t:|1700512407\n|switch|p1a: Swampert|Swampert, M|100\/100|[from] Volt Switch\n|-activate|p2a: Garganacl|confusion\n|move|p2a: Garganacl|Salt Cure|p1a: Swampert\n|-resisted|p1a: Swampert\n|-damage|p1a: Swampert|93\/100\n|-start|p1a: Swampert|Salt Cure\n|\n|-weather|none\n|-damage|p1a: Swampert|69\/100|[from] Salt Cure\n|upkeep\n|turn|39\n|\n|t:|1700512418\n|switch|p2a: Charli|Charizard-Mega-Y, F|100\/100\n|-weather|SunnyDay|[from] ability: Drought|[of] p2a: Charli\n|detailschange|p1a: Swampert|Swampert-Mega, M\n|-mega|p1a: Swampert|Swampert|Swampertite\n|move|p1a: Swampert|Superpower|p2a: Charli\n|-resisted|p2a: Charli\n|-damage|p2a: Charli|65\/100\n|-unboost|p1a: Swampert|atk|1\n|-unboost|p1a: Swampert|def|1\n|\n|-weather|SunnyDay|[upkeep]\n|-damage|p1a: Swampert|44\/100|[from] Salt Cure\n|upkeep\n|turn|40\n|\n|t:|1700512430\n|switch|p1a: Pelipper|Pelipper, M|60\/100\n|-weather|RainDance|[from] ability: Drizzle|[of] p1a: Pelipper\n|move|p2a: Charli|Solar Beam||[still]\n|-prepare|p2a: Charli|Solar Beam\n|\n|-weather|RainDance|[upkeep]\n|upkeep\n|turn|41\n|\n|t:|1700512439\n|switch|p1a: Latias|Latias, F|91\/100\n|move|p2a: Charli|Solar Beam|p1a: Latias|[from]lockedmove\n|-resisted|p1a: Latias\n|-damage|p1a: Latias|80\/100\n|\n|-weather|RainDance|[upkeep]\n|upkeep\n|turn|42\n|\n|t:|1700512451\n|switch|p2a: Corviknight|Corviknight, F|85\/100\n|-ability|p2a: Corviknight|Pressure\n|move|p1a: Latias|Calm Mind|p1a: Latias\n|-boost|p1a: Latias|spa|1\n|-boost|p1a: Latias|spd|1\n|\n|-weather|RainDance|[upkeep]\n|upkeep\n|turn|43\n|\n|t:|1700512461\n|move|p1a: Latias|Psyshock|p2a: Corviknight\n|-resisted|p2a: Corviknight\n|-damage|p2a: Corviknight|65\/100\n|move|p2a: Corviknight|Iron Defense|p2a: Corviknight\n|-boost|p2a: Corviknight|def|2\n|\n|-weather|RainDance|[upkeep]\n|upkeep\n|turn|44\n|\n|t:|1700512468\n|switch|p1a: Zapdos|Zapdos|88\/100\n|move|p2a: Corviknight|Iron Defense|p2a: Corviknight\n|-boost|p2a: Corviknight|def|2\n|\n|-weather|RainDance|[upkeep]\n|upkeep\n|turn|45\n|\n|t:|1700512476\n|move|p1a: Zapdos|Volt Switch|p2a: Corviknight\n|-supereffective|p2a: Corviknight\n|-damage|p2a: Corviknight|28\/100\n|\n|t:|1700512479\n|switch|p1a: Ferrothorn|Ferrothorn, M|88\/100|[from] Volt Switch\n|move|p2a: Corviknight|Roost|p2a: Corviknight\n|-heal|p2a: Corviknight|78\/100\n|-singleturn|p2a: Corviknight|move: Roost\n|\n|-weather|RainDance|[upkeep]\n|upkeep\n|turn|46\n|\n|t:|1700512488\n|move|p2a: Corviknight|Iron Defense|p2a: Corviknight\n|-boost|p2a: Corviknight|def|2\n|move|p1a: Ferrothorn|Leech Seed|p2a: Corviknight\n|-start|p2a: Corviknight|move: Leech Seed\n|\n|-weather|RainDance|[upkeep]\n|-damage|p2a: Corviknight|66\/100|[from] Leech Seed|[of] p1a: Ferrothorn\n|-heal|p1a: Ferrothorn|100\/100|[silent]\n|upkeep\n|turn|47\n|\n|t:|1700512494\n|move|p2a: Corviknight|Body Press|p1a: Ferrothorn\n|-supereffective|p1a: Ferrothorn\n|-damage|p1a: Ferrothorn|10\/100\n|-damage|p2a: Corviknight|53\/100|[from] ability: Iron Barbs|[of] p1a: Ferrothorn\n|-damage|p2a: Corviknight|37\/100|[from] item: Rocky Helmet|[of] p1a: Ferrothorn\n|move|p1a: Ferrothorn|Stealth Rock|p2a: Corviknight\n|-sidestart|p2: Marty1010|move: Stealth Rock\n|\n|-weather|none\n|-damage|p2a: Corviknight|25\/100|[from] Leech Seed|[of] p1a: Ferrothorn\n|-heal|p1a: Ferrothorn|24\/100|[silent]\n|upkeep\n|turn|48\n|\n|t:|1700512505\n|move|p2a: Corviknight|Body Press|p1a: Ferrothorn\n|-supereffective|p1a: Ferrothorn\n|-damage|p1a: Ferrothorn|0 fnt\n|-damage|p2a: Corviknight|12\/100|[from] ability: Iron Barbs|[of] p1a: Ferrothorn\n|-damage|p2a: Corviknight|0 fnt|[from] item: Rocky Helmet|[of] p1a: Ferrothorn\n|faint|p1a: Ferrothorn\n|faint|p2a: Corviknight\n|\n|upkeep\n|\n|t:|1700512518\n|switch|p2a: Poison|Toxapex, F|100\/100\n|switch|p1a: Latias|Latias, F|80\/100\n|-damage|p2a: Poison|88\/100|[from] Stealth Rock\n|turn|49\n|\n|t:|1700512527\n|switch|p2a: Spikey|Ferrothorn, M|38\/100\n|-damage|p2a: Spikey|32\/100|[from] Stealth Rock\n|move|p1a: Latias|Psyshock|p2a: Spikey\n|-resisted|p2a: Spikey\n|-damage|p2a: Spikey|21\/100\n|\n|-heal|p2a: Spikey|27\/100|[from] item: Leftovers\n|upkeep\n|turn|50\n|\n|t:|1700512535\n|move|p1a: Latias|Draco Meteor|p2a: Spikey\n|-resisted|p2a: Spikey\n|-damage|p2a: Spikey|3\/100\n|-unboost|p1a: Latias|spa|2\n|move|p2a: Spikey|Leech Seed|p1a: Latias\n|-start|p1a: Latias|move: Leech Seed\n|\n|-heal|p2a: Spikey|9\/100|[from] item: Leftovers\n|-damage|p1a: Latias|68\/100|[from] Leech Seed|[of] p2a: Spikey\n|-heal|p2a: Spikey|22\/100|[silent]\n|upkeep\n|turn|51\n|\n|t:|1700512544\n|switch|p1a: Pelipper|Pelipper, M|60\/100\n|-weather|RainDance|[from] ability: Drizzle|[of] p1a: Pelipper\n|move|p2a: Spikey|Stealth Rock|p1a: Pelipper\n|-sidestart|p1: LELELEIOIOIO|move: Stealth Rock\n|\n|-weather|RainDance|[upkeep]\n|-heal|p2a: Spikey|28\/100|[from] item: Leftovers\n|upkeep\n|turn|52\n|\n|t:|1700512554\n|move|p1a: Pelipper|Hurricane|p2a: Spikey\n|-damage|p2a: Spikey|0 fnt\n|faint|p2a: Spikey\n|\n|-weather|RainDance|[upkeep]\n|upkeep\n|\n|t:|1700512561\n|switch|p2a: Garganacl|Garganacl, M|66\/100\n|-damage|p2a: Garganacl|53\/100|[from] Stealth Rock\n|turn|53\n|\n|t:|1700512571\n|-terastallize|p2a: Garganacl|Water\n|move|p1a: Pelipper|Scald|p2a: Garganacl\n|-resisted|p2a: Garganacl\n|-damage|p2a: Garganacl|41\/100\n|move|p2a: Garganacl|Stone Edge|p1a: Pelipper\n|-supereffective|p1a: Pelipper\n|-damage|p1a: Pelipper|4\/100\n|\n|-weather|RainDance|[upkeep]\n|upkeep\n|turn|54\n|\n|t:|1700512582\n|switch|p1a: Zapdos|Zapdos|88\/100\n|move|p2a: Garganacl|Recover|p2a: Garganacl\n|-heal|p2a: Garganacl|91\/100\n|\n|-weather|RainDance|[upkeep]\n|upkeep\n|turn|55\n|\n|t:|1700512591\n|-terastallize|p1a: Zapdos|Dragon\n|move|p1a: Zapdos|Defog|p2a: Garganacl\n|-unboost|p2a: Garganacl|evasion|1\n|-sideend|p2: Marty1010|Stealth Rock|[from] move: Defog|[of] p1a: Zapdos\n|-sideend|p1: LELELEIOIOIO|Stealth Rock|[from] move: Defog|[of] p1a: Zapdos\n|move|p2a: Garganacl|Salt Cure|p1a: Zapdos\n|-damage|p1a: Zapdos|76\/100\n|-start|p1a: Zapdos|Salt Cure\n|\n|-weather|RainDance|[upkeep]\n|-damage|p1a: Zapdos|64\/100|[from] Salt Cure\n|upkeep\n|turn|56\n|\n|t:|1700512605\n|move|p1a: Zapdos|Roost|p1a: Zapdos\n|-heal|p1a: Zapdos|100\/100\n|move|p2a: Garganacl|Stone Edge|p1a: Zapdos\n|-damage|p1a: Zapdos|73\/100\n|\n|-weather|RainDance|[upkeep]\n|-damage|p1a: Zapdos|61\/100|[from] Salt Cure\n|upkeep\n|turn|57\n|\n|t:|1700512617\n|move|p1a: Zapdos|Volt Switch|p2a: Garganacl\n|-supereffective|p2a: Garganacl\n|-damage|p2a: Garganacl|52\/100\n|\n|t:|1700512620\n|switch|p1a: Latias|Latias, F|68\/100|[from] Volt Switch\n|move|p2a: Garganacl|Stone Edge|p1a: Latias\n|-damage|p1a: Latias|35\/100\n|\n|-weather|RainDance|[upkeep]\n|upkeep\n|turn|58\n|\n|t:|1700512628\n|move|p1a: Latias|Roost|p1a: Latias\n|-heal|p1a: Latias|85\/100\n|-singleturn|p1a: Latias|move: Roost\n|move|p2a: Garganacl|Recover|p2a: Garganacl\n|-heal|p2a: Garganacl|100\/100\n|\n|-weather|none\n|upkeep\n|turn|59\n|\n|t:|1700512639\n|switch|p1a: Zapdos|Zapdos, tera:Dragon|61\/100\n|move|p2a: Garganacl|Salt Cure|p1a: Zapdos\n|-damage|p1a: Zapdos|50\/100\n|-start|p1a: Zapdos|Salt Cure\n|\n|-damage|p1a: Zapdos|38\/100|[from] Salt Cure\n|upkeep\n|turn|60\n|\n|t:|1700512649\n|move|p1a: Zapdos|Volt Switch|p2a: Garganacl\n|-supereffective|p2a: Garganacl\n|-damage|p2a: Garganacl|63\/100\n|\n|t:|1700512657\n|switch|p1a: Latias|Latias, F|85\/100|[from] Volt Switch\n|move|p2a: Garganacl|Iron Defense|p2a: Garganacl\n|-boost|p2a: Garganacl|def|2\n|\n|upkeep\n|turn|61\n|\n|t:|1700512666\n|move|p1a: Latias|Draco Meteor|p2a: Garganacl\n|-damage|p2a: Garganacl|22\/100\n|-unboost|p1a: Latias|spa|2\n|move|p2a: Garganacl|Recover|p2a: Garganacl\n|-heal|p2a: Garganacl|72\/100\n|\n|upkeep\n|turn|62\n|\n|t:|1700512676\n|switch|p1a: Zapdos|Zapdos, tera:Dragon|38\/100\n|move|p2a: Garganacl|Salt Cure|p1a: Zapdos\n|-crit|p1a: Zapdos\n|-damage|p1a: Zapdos|22\/100\n|-start|p1a: Zapdos|Salt Cure\n|\n|-damage|p1a: Zapdos|10\/100|[from] Salt Cure\n|upkeep\n|turn|63\n|\n|t:|1700512683\n|move|p1a: Zapdos|Roost|p1a: Zapdos\n|-heal|p1a: Zapdos|60\/100\n|move|p2a: Garganacl|Recover|p2a: Garganacl\n|-heal|p2a: Garganacl|100\/100\n|\n|-damage|p1a: Zapdos|47\/100|[from] Salt Cure\n|upkeep\n|turn|64\n|\n|t:|1700512694\n|move|p1a: Zapdos|Roost|p1a: Zapdos\n|-heal|p1a: Zapdos|98\/100\n|move|p2a: Garganacl|Salt Cure|p1a: Zapdos\n|-damage|p1a: Zapdos|88\/100\n|\n|-damage|p1a: Zapdos|76\/100|[from] Salt Cure\n|upkeep\n|turn|65\n|\n|t:|1700512703\n|move|p1a: Zapdos|Volt Switch|p2a: Garganacl\n|-supereffective|p2a: Garganacl\n|-damage|p2a: Garganacl|66\/100\n|\n|t:|1700512708\n|switch|p1a: Latias|Latias, F|85\/100|[from] Volt Switch\n|move|p2a: Garganacl|Stone Edge|p1a: Latias\n|-damage|p1a: Latias|50\/100\n|\n|upkeep\n|turn|66\n|\n|t:|1700512720\n|move|p1a: Latias|Calm Mind|p1a: Latias\n|-boost|p1a: Latias|spa|1\n|-boost|p1a: Latias|spd|1\n|move|p2a: Garganacl|Salt Cure|p1a: Latias\n|-damage|p1a: Latias|36\/100\n|-start|p1a: Latias|Salt Cure\n|\n|-damage|p1a: Latias|24\/100|[from] Salt Cure\n|upkeep\n|turn|67\n|\n|t:|1700512729\n|move|p1a: Latias|Roost|p1a: Latias\n|-heal|p1a: Latias|74\/100\n|-singleturn|p1a: Latias|move: Roost\n|move|p2a: Garganacl|Iron Defense|p2a: Garganacl\n|-boost|p2a: Garganacl|def|2\n|\n|-damage|p1a: Latias|61\/100|[from] Salt Cure\n|upkeep\n|turn|68\n|\n|t:|1700512736\n|move|p1a: Latias|Roost|p1a: Latias\n|-heal|p1a: Latias|100\/100\n|-singleturn|p1a: Latias|move: Roost\n|move|p2a: Garganacl|Stone Edge|p1a: Latias\n|-damage|p1a: Latias|66\/100\n|\n|-damage|p1a: Latias|53\/100|[from] Salt Cure\n|upkeep\n|turn|69\n|\n|t:|1700512743\n|move|p1a: Latias|Roost|p1a: Latias\n|-heal|p1a: Latias|100\/100\n|-singleturn|p1a: Latias|move: Roost\n|move|p2a: Garganacl|Stone Edge|p1a: Latias\n|-damage|p1a: Latias|64\/100\n|\n|-damage|p1a: Latias|51\/100|[from] Salt Cure\n|upkeep\n|turn|70\n|\n|t:|1700512752\n|move|p1a: Latias|Roost|p1a: Latias\n|-heal|p1a: Latias|100\/100\n|-singleturn|p1a: Latias|move: Roost\n|move|p2a: Garganacl|Salt Cure|p1a: Latias\n|-crit|p1a: Latias\n|-damage|p1a: Latias|78\/100\n|\n|-damage|p1a: Latias|66\/100|[from] Salt Cure\n|upkeep\n|turn|71\n|\n|t:|1700512761\n|move|p1a: Latias|Draco Meteor|p2a: Garganacl\n|-damage|p2a: Garganacl|11\/100\n|-unboost|p1a: Latias|spa|2\n|move|p2a: Garganacl|Recover|p2a: Garganacl\n|-heal|p2a: Garganacl|61\/100\n|\n|-damage|p1a: Latias|53\/100|[from] Salt Cure\n|upkeep\n|turn|72\n|\n|t:|1700512771\n|move|p1a: Latias|Roost|p1a: Latias\n|-heal|p1a: Latias|100\/100\n|-singleturn|p1a: Latias|move: Roost\n|move|p2a: Garganacl|Stone Edge|p1a: Latias|[miss]\n|-miss|p2a: Garganacl|p1a: Latias\n|\n|-damage|p1a: Latias|88\/100|[from] Salt Cure\n|upkeep\n|turn|73\n|\n|t:|1700512779\n|move|p1a: Latias|Calm Mind|p1a: Latias\n|-boost|p1a: Latias|spa|1\n|-boost|p1a: Latias|spd|1\n|move|p2a: Garganacl|Stone Edge|p1a: Latias\n|-damage|p1a: Latias|55\/100\n|\n|-damage|p1a: Latias|42\/100|[from] Salt Cure\n|upkeep\n|turn|74\n|\n|t:|1700512787\n|move|p1a: Latias|Roost|p1a: Latias\n|-heal|p1a: Latias|93\/100\n|-singleturn|p1a: Latias|move: Roost\n|move|p2a: Garganacl|Recover|p2a: Garganacl\n|-heal|p2a: Garganacl|100\/100\n|\n|-damage|p1a: Latias|80\/100|[from] Salt Cure\n|upkeep\n|turn|75\n|\n|t:|1700512795\n|move|p1a: Latias|Calm Mind|p1a: Latias\n|-boost|p1a: Latias|spa|1\n|-boost|p1a: Latias|spd|1\n|move|p2a: Garganacl|Iron Defense|p2a: Garganacl\n|-boost|p2a: Garganacl|def|2\n|\n|-damage|p1a: Latias|68\/100|[from] Salt Cure\n|upkeep\n|turn|76\n|\n|t:|1700512809\n|move|p1a: Latias|Calm Mind|p1a: Latias\n|-boost|p1a: Latias|spa|1\n|-boost|p1a: Latias|spd|1\n|move|p2a: Garganacl|Salt Cure|p1a: Latias\n|-damage|p1a: Latias|54\/100\n|\n|-damage|p1a: Latias|42\/100|[from] Salt Cure\n|upkeep\n|turn|77\n|\n|t:|1700512819\n|move|p1a: Latias|Roost|p1a: Latias\n|-heal|p1a: Latias|92\/100\n|-singleturn|p1a: Latias|move: Roost\n|move|p2a: Garganacl|Iron Defense|p2a: Garganacl\n|-boost|p2a: Garganacl|def|0\n|\n|-damage|p1a: Latias|80\/100|[from] Salt Cure\n|upkeep\n|turn|78\n|\n|t:|1700512828\n|move|p1a: Latias|Draco Meteor|p2a: Garganacl\n|-damage|p2a: Garganacl|26\/100\n|-unboost|p1a: Latias|spa|2\n|move|p2a: Garganacl|Iron Defense|p2a: Garganacl\n|-boost|p2a: Garganacl|def|0\n|\n|-damage|p1a: Latias|67\/100|[from] Salt Cure\n|upkeep\n|turn|79\n|\n|t:|1700512837\n|move|p1a: Latias|Draco Meteor|p2a: Garganacl\n|-damage|p2a: Garganacl|0 fnt\n|-unboost|p1a: Latias|spa|2\n|faint|p2a: Garganacl\n|\n|-damage|p1a: Latias|55\/100|[from] Salt Cure\n|upkeep\n|\n|t:|1700512849\n|switch|p2a: Charli|Charizard-Mega-Y, F|65\/100\n|-weather|SunnyDay|[from] ability: Drought|[of] p2a: Charli\n|turn|80\n|\n|t:|1700512861\n|switch|p1a: Zapdos|Zapdos, tera:Dragon|76\/100\n|move|p2a: Charli|Weather Ball|p1a: Zapdos\n|-resisted|p1a: Zapdos\n|-damage|p1a: Zapdos|26\/100\n|\n|-weather|SunnyDay|[upkeep]\n|upkeep\n|turn|81\n|\n|t:|1700512871\n|switch|p2a: Poison|Toxapex, F|100\/100\n|move|p1a: Zapdos|Volt Switch|p2a: Poison\n|-supereffective|p2a: Poison\n|-crit|p2a: Poison\n|-damage|p2a: Poison|29\/100\n|\n|t:|1700512876\n|switch|p1a: Latias|Latias, F|55\/100|[from] Volt Switch\n|\n|-weather|SunnyDay|[upkeep]\n|-heal|p2a: Poison|35\/100|[from] item: Black Sludge\n|upkeep\n|turn|82\n|\n|t:|1700512884\n|move|p2a: Poison|Baneful Bunker|p2a: Poison\n|-singleturn|p2a: Poison|move: Protect\n|move|p1a: Latias|Psyshock|p2a: Poison\n|-activate|p2a: Poison|move: Protect\n|\n|-weather|SunnyDay|[upkeep]\n|-heal|p2a: Poison|41\/100|[from] item: Black Sludge\n|upkeep\n|turn|83\n|\n|t:|1700512893\n|switch|p2a: Leon|Leafeon, M|100\/100\n|move|p1a: Latias|Calm Mind|p1a: Latias\n|-boost|p1a: Latias|spa|1\n|-boost|p1a: Latias|spd|1\n|\n|-weather|SunnyDay|[upkeep]\n|upkeep\n|turn|84\n|\n|t:|1700512900\n|move|p2a: Leon|Knock Off|p1a: Latias\n|-supereffective|p1a: Latias\n|-damage|p1a: Latias|0 fnt\n|-enditem|p1a: Latias|Soul Dew|[from] move: Knock Off|[of] p2a: Leon\n|faint|p1a: Latias\n|\n|-weather|none\n|upkeep\n|\n|t:|1700512907\n|switch|p1a: Zapdos|Zapdos, tera:Dragon|26\/100\n|turn|85\n|\n|t:|1700512914\n|move|p2a: Leon|Knock Off|p1a: Zapdos\n|-damage|p1a: Zapdos|0 fnt\n|-status|p2a: Leon|par|[from] ability: Static|[of] p1a: Zapdos\n|-enditem|p1a: Zapdos|Heavy-Duty Boots|[from] move: Knock Off|[of] p2a: Leon\n|faint|p1a: Zapdos\n|\n|upkeep\n|\n|t:|1700512919\n|switch|p1a: Pelipper|Pelipper, M|4\/100\n|-weather|RainDance|[from] ability: Drizzle|[of] p1a: Pelipper\n|turn|86\n|\n|t:|1700512927\n|switch|p2a: Poison|Toxapex, F|75\/100\n|move|p1a: Pelipper|Hurricane|p2a: Poison\n|-damage|p2a: Poison|46\/100\n|\n|-weather|RainDance|[upkeep]\n|-heal|p2a: Poison|52\/100|[from] item: Black Sludge\n|upkeep\n|turn|87\n|\n|t:|1700512940\n|move|p1a: Pelipper|Roost|p1a: Pelipper\n|-heal|p1a: Pelipper|54\/100\n|-singleturn|p1a: Pelipper|move: Roost\n|move|p2a: Poison|Toxic Spikes|p1a: Pelipper\n|-sidestart|p1: LELELEIOIOIO|move: Toxic Spikes\n|\n|-weather|RainDance|[upkeep]\n|-heal|p2a: Poison|58\/100|[from] item: Black Sludge\n|upkeep\n|turn|88\n|\n|t:|1700512949\n|switch|p1a: Swampert|Swampert-Mega, M|44\/100\n|-status|p1a: Swampert|psn\n|move|p2a: Poison|Toxic Spikes|p1a: Swampert\n|-sidestart|p1: LELELEIOIOIO|move: Toxic Spikes\n|\n|-weather|RainDance|[upkeep]\n|-heal|p2a: Poison|65\/100|[from] item: Black Sludge\n|-damage|p1a: Swampert|31\/100 psn|[from] psn\n|upkeep\n|turn|89\n|\n|t:|1700512959\n|move|p2a: Poison|Baneful Bunker|p2a: Poison\n|-singleturn|p2a: Poison|move: Protect\n|move|p1a: Swampert|Earthquake|p2a: Poison\n|-activate|p2a: Poison|move: Protect\n|\n|-weather|RainDance|[upkeep]\n|-heal|p2a: Poison|71\/100|[from] item: Black Sludge\n|-damage|p1a: Swampert|19\/100 psn|[from] psn\n|upkeep\n|turn|90\n|\n|t:|1700512969\n|switch|p2a: Charli|Charizard-Mega-Y, F|65\/100\n|-weather|SunnyDay|[from] ability: Drought|[of] p2a: Charli\n|move|p1a: Swampert|Waterfall|p2a: Charli\n|-supereffective|p2a: Charli\n|-damage|p2a: Charli|4\/100\n|\n|-weather|SunnyDay|[upkeep]\n|-damage|p1a: Swampert|7\/100 psn|[from] psn\n|upkeep\n|turn|91\n|\n|t:|1700512979\n|switch|p1a: Pelipper|Pelipper, M|54\/100\n|-weather|RainDance|[from] ability: Drizzle|[of] p1a: Pelipper\n|move|p2a: Charli|Ancient Power|p1a: Pelipper\n|-supereffective|p1a: Pelipper\n|-damage|p1a: Pelipper|0 fnt\n|faint|p1a: Pelipper\n|\n|-weather|RainDance|[upkeep]\n|upkeep\n|\n|t:|1700512987\n|switch|p1a: Swampert|Swampert-Mega, M|7\/100 psn\n|turn|92\n|c|\u2606Marty1010|gg\n|\n|t:|1700512995\n|switch|p2a: Poison|Toxapex, F|100\/100\n|move|p1a: Swampert|Ice Punch|p2a: Poison\n|-resisted|p2a: Poison\n|-damage|p2a: Poison|92\/100\n|\n|-weather|RainDance|[upkeep]\n|-heal|p2a: Poison|99\/100|[from] item: Black Sludge\n|-damage|p1a: Swampert|0 fnt|[from] psn\n|faint|p1a: Swampert\n|\n|win|Marty1010\n|upkeep\n|raw|LELELEIOIOIO's rating: 1322 &rarr; <strong>1302<\/strong><br \/>(-20 for losing)\n|raw|Marty1010's rating: 1320 &rarr; <strong>1340<\/strong><br \/>(+20 for winning)\n|l|\u2606LELELEIOIOIO\n","uploadtime":1700513038,"views":27,"p1id":"leleleioioio","p2id":"marty1010","formatid":"gen9nationaldex","rating":1302,"private":0,"password":""}