{"id":"gen9nationaldex-1991063231","p1":"buyi12137","p2":"Autistic_Rabbit","format":"[Gen 9] National Dex","log":"|j|\u2606buyi12137\n|j|\u2606Autistic_Rabbit\n|t:|1700036930\n|gametype|singles\n|player|p1|buyi12137|firebreather|1416\n|player|p2|Autistic_Rabbit|dawn|1422\n|teamsize|p1|6\n|teamsize|p2|6\n|gen|9\n|tier|[Gen 9] National Dex\n|rated|\n|rule|HP Percentage Mod: HP is shown in percentages\n|rule|Endless Battle Clause: Forcing endless battles is banned\n|rule|OHKO Clause: OHKO moves are banned\n|rule|Evasion Clause: Evasion abilities, items, and moves are banned\n|rule|Evasion Abilities Clause: Evasion abilities are banned\n|rule|Evasion Items Clause: Evasion items are banned\n|rule|Evasion Moves Clause: Evasion moves are banned\n|rule|Species Clause: Limit one of each Pok\u00e9mon\n|rule|Sleep Clause Mod: Limit one foe put to sleep\n|clearpoke\n|poke|p1|Toxapex, M|\n|poke|p1|Dondozo, M|\n|poke|p1|Garganacl, M|\n|poke|p1|Sableye, M|\n|poke|p1|Clodsire, F|\n|poke|p1|Gliscor, F|\n|poke|p2|Tapu Koko|\n|poke|p2|Barraskewda, M|\n|poke|p2|Pelipper, F|\n|poke|p2|Sneasler, F|\n|poke|p2|Gliscor, M|\n|poke|p2|Ferrothorn, M|\n|teampreview\n|inactive|Battle timer is ON: inactive players will automatically lose when time's up. (requested by Autistic_Rabbit)\n|\n|t:|1700036998\n|start\n|switch|p1a: Sableye|Sableye, M|100\/100\n|switch|p2a: Barraskewda|Barraskewda, M|100\/100\n|turn|1\n|\n|t:|1700037005\n|switch|p2a: Pelipper|Pelipper, F|100\/100\n|-weather|RainDance|[from] ability: Drizzle|[of] p2a: Pelipper\n|move|p1a: Sableye|Will-O-Wisp|p2a: Pelipper|[miss]\n|-miss|p1a: Sableye|p2a: Pelipper\n|\n|-weather|RainDance|[upkeep]\n|upkeep\n|turn|2\n|\n|t:|1700037012\n|detailschange|p1a: Sableye|Sableye-Mega, M\n|-mega|p1a: Sableye|Sableye|Sablenite\n|move|p2a: Pelipper|Hurricane|p1a: Sableye\n|-damage|p1a: Sableye|59\/100\n|-start|p1a: Sableye|confusion\n|-activate|p1a: Sableye|confusion\n|move|p1a: Sableye|Knock Off|p2a: Pelipper\n|-damage|p2a: Pelipper|66\/100\n|-enditem|p2a: Pelipper|Damp Rock|[from] move: Knock Off|[of] p1a: Sableye\n|\n|-weather|RainDance|[upkeep]\n|upkeep\n|turn|3\n|\n|t:|1700037023\n|switch|p1a: Garganacl|Garganacl, M|100\/100\n|move|p2a: Pelipper|Hurricane|p1a: Garganacl\n|-resisted|p1a: Garganacl\n|-damage|p1a: Garganacl|87\/100\n|\n|-weather|RainDance|[upkeep]\n|-heal|p1a: Garganacl|94\/100|[from] item: Leftovers\n|upkeep\n|turn|4\n|\n|t:|1700037033\n|switch|p2a: Gliscor|Gliscor, M|100\/100\n|move|p1a: Garganacl|Stealth Rock|p2a: Gliscor\n|-sidestart|p2: Autistic_Rabbit|move: Stealth Rock\n|\n|-weather|RainDance|[upkeep]\n|-heal|p1a: Garganacl|99\/100|[from] item: Leftovers\n|-status|p2a: Gliscor|tox|[from] item: Toxic Orb\n|upkeep\n|turn|5\n|\n|t:|1700037042\n|-terastallize|p1a: Garganacl|Water\n|move|p2a: Gliscor|Defog|p1a: Garganacl\n|-unboost|p1a: Garganacl|evasion|1\n|-sideend|p2: Autistic_Rabbit|Stealth Rock|[from] move: Defog|[of] p2a: Gliscor\n|move|p1a: Garganacl|Salt Cure|p2a: Gliscor\n|-damage|p2a: Gliscor|92\/100 tox\n|-start|p2a: Gliscor|Salt Cure\n|\n|-weather|RainDance|[upkeep]\n|-heal|p1a: Garganacl|100\/100|[from] item: Leftovers\n|-heal|p2a: Gliscor|100\/100 tox|[from] ability: Poison Heal\n|-damage|p2a: Gliscor|88\/100 tox|[from] Salt Cure\n|upkeep\n|turn|6\n|\n|t:|1700037062\n|switch|p1a: Gliscor|Gliscor, F|100\/100\n|move|p2a: Gliscor|Spikes|p1a: Gliscor\n|-sidestart|p1: buyi12137|Spikes\n|\n|-weather|RainDance|[upkeep]\n|-heal|p2a: Gliscor|100\/100 tox|[from] ability: Poison Heal\n|-damage|p2a: Gliscor|88\/100 tox|[from] Salt Cure\n|-status|p1a: Gliscor|tox|[from] item: Toxic Orb\n|upkeep\n|turn|7\n|\n|t:|1700037074\n|move|p1a: Gliscor|Defog|p2a: Gliscor\n|-unboost|p2a: Gliscor|evasion|1\n|-sideend|p1: buyi12137|Spikes|[from] move: Defog|[of] p1a: Gliscor\n|move|p2a: Gliscor|U-turn|p1a: Gliscor\n|-resisted|p1a: Gliscor\n|-damage|p1a: Gliscor|95\/100 tox\n|inactive|Autistic_Rabbit has 120 seconds left.\n|\n|t:|1700037101\n|switch|p2a: Barraskewda|Barraskewda, M|100\/100|[from] U-turn\n|\n|-weather|RainDance|[upkeep]\n|-heal|p1a: Gliscor|100\/100 tox|[from] ability: Poison Heal\n|upkeep\n|turn|8\n|\n|t:|1700037108\n|switch|p1a: Garganacl|Garganacl, M, tera:Water|100\/100\n|move|p2a: Barraskewda|Flip Turn|p1a: Garganacl\n|-resisted|p1a: Garganacl\n|-damage|p1a: Garganacl|80\/100\n|\n|t:|1700037111\n|switch|p2a: Tapu Koko|Tapu Koko, shiny|100\/100|[from] Flip Turn\n|-fieldstart|move: Electric Terrain|[from] ability: Electric Surge|[of] p2a: Tapu Koko\n|\n|-weather|none\n|-heal|p1a: Garganacl|86\/100|[from] item: Leftovers\n|upkeep\n|turn|9\n|\n|t:|1700037119\n|move|p1a: Garganacl|Protect|p1a: Garganacl\n|-singleturn|p1a: Garganacl|Protect\n|move|p2a: Tapu Koko|U-turn|p1a: Garganacl\n|-activate|p1a: Garganacl|move: Protect\n|\n|-heal|p1a: Garganacl|92\/100|[from] item: Leftovers\n|upkeep\n|turn|10\n|\n|t:|1700037125\n|move|p2a: Tapu Koko|Volt Switch|p1a: Garganacl\n|-supereffective|p1a: Garganacl\n|-damage|p1a: Garganacl|45\/100\n|\n|t:|1700037129\n|switch|p2a: Gliscor|Gliscor, M|88\/100 tox|[from] Volt Switch\n|move|p1a: Garganacl|Salt Cure|p2a: Gliscor\n|-damage|p2a: Gliscor|78\/100 tox\n|-start|p2a: Gliscor|Salt Cure\n|\n|-heal|p1a: Garganacl|51\/100|[from] item: Leftovers\n|-heal|p2a: Gliscor|90\/100 tox|[from] ability: Poison Heal\n|-damage|p2a: Gliscor|78\/100 tox|[from] Salt Cure\n|upkeep\n|turn|11\n|\n|t:|1700037141\n|switch|p2a: Sneasler|Sneasler, F|100\/100\n|-enditem|p2a: Sneasler|Electric Seed\n|-boost|p2a: Sneasler|def|1|[from] item: Electric Seed\n|move|p1a: Garganacl|Recover|p1a: Garganacl\n|-heal|p1a: Garganacl|100\/100\n|\n|upkeep\n|turn|12\n|\n|t:|1700037147\n|move|p2a: Sneasler|Swords Dance|p2a: Sneasler\n|-boost|p2a: Sneasler|atk|2\n|move|p1a: Garganacl|Salt Cure|p2a: Sneasler\n|-resisted|p2a: Sneasler\n|-damage|p2a: Sneasler|93\/100\n|-start|p2a: Sneasler|Salt Cure\n|\n|-damage|p2a: Sneasler|80\/100|[from] Salt Cure\n|-fieldend|move: Electric Terrain\n|upkeep\n|turn|13\n|\n|t:|1700037155\n|move|p1a: Garganacl|Protect|p1a: Garganacl\n|-singleturn|p1a: Garganacl|Protect\n|move|p2a: Sneasler|Swords Dance|p2a: Sneasler\n|-boost|p2a: Sneasler|atk|2\n|\n|-damage|p2a: Sneasler|68\/100|[from] Salt Cure\n|upkeep\n|turn|14\n|\n|t:|1700037162\n|switch|p1a: Dondozo|Dondozo, M|100\/100\n|-terastallize|p2a: Sneasler|Electric\n|move|p2a: Sneasler|Tera Blast|p1a: Dondozo|[anim] Tera Blast Electric\n|-supereffective|p1a: Dondozo\n|-damage|p1a: Dondozo|62\/100\n|\n|-heal|p1a: Dondozo|68\/100|[from] item: Leftovers\n|-damage|p2a: Sneasler|56\/100|[from] Salt Cure\n|upkeep\n|turn|15\n|\n|t:|1700037171\n|move|p2a: Sneasler|Tera Blast|p1a: Dondozo|[anim] Tera Blast Electric\n|-supereffective|p1a: Dondozo\n|-damage|p1a: Dondozo|29\/100\n|move|p1a: Dondozo|Curse|p1a: Dondozo\n|-unboost|p1a: Dondozo|spe|1\n|-boost|p1a: Dondozo|atk|1\n|-boost|p1a: Dondozo|def|1\n|\n|-heal|p1a: Dondozo|36\/100|[from] item: Leftovers\n|-damage|p2a: Sneasler|43\/100|[from] Salt Cure\n|upkeep\n|turn|16\n|\n|t:|1700037181\n|move|p2a: Sneasler|Tera Blast|p1a: Dondozo|[anim] Tera Blast Electric\n|-supereffective|p1a: Dondozo\n|-damage|p1a: Dondozo|12\/100\n|move|p1a: Dondozo|Rest|p1a: Dondozo\n|-status|p1a: Dondozo|slp|[from] move: Rest\n|-heal|p1a: Dondozo|100\/100 slp|[silent]\n|\n|-damage|p2a: Sneasler|31\/100|[from] Salt Cure\n|upkeep\n|turn|17\n|\n|t:|1700037190\n|switch|p2a: Gliscor|Gliscor, M|78\/100 tox\n|cant|p1a: Dondozo|slp\n|move|p1a: Dondozo|Sleep Talk|p1a: Dondozo\n|move|p1a: Dondozo|Rest||[from]move: Sleep Talk|[still]\n|-fail|p1a: Dondozo\n|\n|-heal|p2a: Gliscor|90\/100 tox|[from] ability: Poison Heal\n|upkeep\n|turn|18\n|\n|t:|1700037199\n|move|p2a: Gliscor|Spikes|p1a: Dondozo\n|-sidestart|p1: buyi12137|Spikes\n|cant|p1a: Dondozo|slp\n|move|p1a: Dondozo|Sleep Talk|p1a: Dondozo\n|move|p1a: Dondozo|Liquidation|p2a: Gliscor|[from]move: Sleep Talk\n|-supereffective|p2a: Gliscor\n|-damage|p2a: Gliscor|28\/100 tox\n|\n|-heal|p2a: Gliscor|40\/100 tox|[from] ability: Poison Heal\n|upkeep\n|turn|19\n|\n|t:|1700037207\n|switch|p2a: Ferrothorn|Ferrothorn, M|100\/100\n|-curestatus|p1a: Dondozo|slp|[msg]\n|move|p1a: Dondozo|Liquidation|p2a: Ferrothorn\n|-resisted|p2a: Ferrothorn\n|-damage|p2a: Ferrothorn|88\/100\n|-damage|p1a: Dondozo|88\/100|[from] ability: Iron Barbs|[of] p2a: Ferrothorn\n|-enditem|p2a: Ferrothorn|Eject Button\n|\n|t:|1700037213\n|switch|p2a: Tapu Koko|Tapu Koko, shiny|100\/100\n|-fieldstart|move: Electric Terrain|[from] ability: Electric Surge|[of] p2a: Tapu Koko\n|\n|-heal|p1a: Dondozo|94\/100|[from] item: Leftovers\n|upkeep\n|turn|20\n|\n|t:|1700037221\n|switch|p1a: Clodsire|Clodsire, F|100\/100\n|move|p2a: Tapu Koko|Volt Switch|p1a: Clodsire\n|-immune|p1a: Clodsire\n|\n|upkeep\n|turn|21\n|\n|t:|1700037235\n|move|p2a: Tapu Koko|U-turn|p1a: Clodsire\n|-resisted|p1a: Clodsire\n|-damage|p1a: Clodsire|92\/100\n|\n|t:|1700037237\n|switch|p2a: Gliscor|Gliscor, M|40\/100 tox|[from] U-turn\n|move|p1a: Clodsire|Poison Jab|p2a: Gliscor\n|-resisted|p2a: Gliscor\n|-damage|p2a: Gliscor|33\/100 tox\n|\n|-heal|p2a: Gliscor|45\/100 tox|[from] ability: Poison Heal\n|upkeep\n|turn|22\n|\n|t:|1700037246\n|switch|p1a: Gliscor|Gliscor, F|100\/100 tox\n|move|p2a: Gliscor|Roost|p2a: Gliscor\n|-heal|p2a: Gliscor|95\/100 tox\n|-singleturn|p2a: Gliscor|move: Roost\n|\n|-heal|p2a: Gliscor|100\/100 tox|[from] ability: Poison Heal\n|upkeep\n|turn|23\n|\n|t:|1700037254\n|move|p1a: Gliscor|Defog|p2a: Gliscor\n|-unboost|p2a: Gliscor|evasion|1\n|-sideend|p1: buyi12137|Spikes|[from] move: Defog|[of] p1a: Gliscor\n|-fieldend|move: Electric Terrain\n|move|p2a: Gliscor|U-turn|p1a: Gliscor\n|-resisted|p1a: Gliscor\n|-damage|p1a: Gliscor|96\/100 tox\n|inactive|Autistic_Rabbit has 120 seconds left.\n|\n|t:|1700037288\n|switch|p2a: Barraskewda|Barraskewda, M|100\/100|[from] U-turn\n|\n|-heal|p1a: Gliscor|100\/100 tox|[from] ability: Poison Heal\n|upkeep\n|turn|24\n|\n|t:|1700037295\n|switch|p1a: Garganacl|Garganacl, M, tera:Water|100\/100\n|move|p2a: Barraskewda|Flip Turn|p1a: Garganacl\n|-resisted|p1a: Garganacl\n|-damage|p1a: Garganacl|85\/100\n|\n|t:|1700037298\n|switch|p2a: Tapu Koko|Tapu Koko, shiny|100\/100|[from] Flip Turn\n|-fieldstart|move: Electric Terrain|[from] ability: Electric Surge|[of] p2a: Tapu Koko\n|\n|-heal|p1a: Garganacl|92\/100|[from] item: Leftovers\n|upkeep\n|turn|25\n|\n|t:|1700037308\n|move|p1a: Garganacl|Protect|p1a: Garganacl\n|-singleturn|p1a: Garganacl|Protect\n|move|p2a: Tapu Koko|U-turn|p1a: Garganacl\n|-activate|p1a: Garganacl|move: Protect\n|\n|-heal|p1a: Garganacl|98\/100|[from] item: Leftovers\n|upkeep\n|turn|26\n|\n|t:|1700037321\n|move|p2a: Tapu Koko|Volt Switch|p1a: Garganacl\n|-supereffective|p1a: Garganacl\n|-damage|p1a: Garganacl|46\/100\n|\n|t:|1700037325\n|switch|p2a: Gliscor|Gliscor, M|100\/100 tox|[from] Volt Switch\n|move|p1a: Garganacl|Stealth Rock|p2a: Gliscor\n|-sidestart|p2: Autistic_Rabbit|move: Stealth Rock\n|\n|-heal|p1a: Garganacl|53\/100|[from] item: Leftovers\n|upkeep\n|turn|27\n|\n|t:|1700037332\n|move|p2a: Gliscor|Defog|p1a: Garganacl\n|-unboost|p1a: Garganacl|evasion|1\n|-sideend|p2: Autistic_Rabbit|Stealth Rock|[from] move: Defog|[of] p2a: Gliscor\n|-fieldend|move: Electric Terrain\n|move|p1a: Garganacl|Recover|p1a: Garganacl\n|-heal|p1a: Garganacl|100\/100\n|\n|upkeep\n|turn|28\n|\n|t:|1700037342\n|switch|p2a: Tapu Koko|Tapu Koko, shiny|100\/100\n|-fieldstart|move: Electric Terrain|[from] ability: Electric Surge|[of] p2a: Tapu Koko\n|switch|p1a: Sableye|Sableye-Mega, M|59\/100\n|\n|upkeep\n|turn|29\n|\n|t:|1700037356\n|switch|p1a: Clodsire|Clodsire, F|92\/100\n|move|p2a: Tapu Koko|U-turn|p1a: Clodsire\n|-resisted|p1a: Clodsire\n|-damage|p1a: Clodsire|83\/100\n|\n|t:|1700037363\n|switch|p2a: Barraskewda|Barraskewda, M|100\/100|[from] U-turn\n|\n|upkeep\n|turn|30\n|inactive|buyi12137 has 120 seconds left.\n|\n|t:|1700037394\n|switch|p1a: Garganacl|Garganacl, M, tera:Water|100\/100\n|move|p2a: Barraskewda|Flip Turn|p1a: Garganacl\n|-resisted|p1a: Garganacl\n|-damage|p1a: Garganacl|87\/100\n|\n|t:|1700037397\n|switch|p2a: Tapu Koko|Tapu Koko, shiny|100\/100|[from] Flip Turn\n|\n|-heal|p1a: Garganacl|93\/100|[from] item: Leftovers\n|upkeep\n|turn|31\n|\n|t:|1700037404\n|move|p1a: Garganacl|Protect|p1a: Garganacl\n|-singleturn|p1a: Garganacl|Protect\n|move|p2a: Tapu Koko|Volt Switch|p1a: Garganacl\n|-activate|p1a: Garganacl|move: Protect\n|\n|-heal|p1a: Garganacl|99\/100|[from] item: Leftovers\n|upkeep\n|turn|32\n|\n|t:|1700037412\n|switch|p1a: Clodsire|Clodsire, F|83\/100\n|-zpower|p2a: Tapu Koko\n|move|p2a: Tapu Koko|Gigavolt Havoc|p1a: Clodsire|[zeffect]\n|-immune|p1a: Clodsire\n|\n|-fieldend|move: Electric Terrain\n|upkeep\n|turn|33\n|-message|Autistic_Rabbit forfeited.\n|\n|win|buyi12137\n|raw|buyi12137's rating: 1416 &rarr; <strong>1436<\/strong><br \/>(+20 for winning)\n|raw|Autistic_Rabbit's rating: 1422 &rarr; <strong>1402<\/strong><br \/>(-20 for losing)\n|c|\u2606buyi12137|6\n|l|\u2606buyi12137\n","uploadtime":1700037426,"views":6,"p1id":"buyi12137","p2id":"autisticrabbit","formatid":"gen9nationaldex","rating":1402,"private":0,"password":""}