{"id":"gen9nationaldex-1997532988","p1":"RadicalKoala","p2":"Lololosh","format":"[Gen 9] National Dex","log":"|html|<div class=\"broadcast-blue\"><strong>[Gen 9] National Dex is currently suspecting Sneasler! For information on how to participate check out the <a href=\"https:\/\/www.smogon.com\/forums\/threads\/sv-national-dex-suspect-8-just-dance.3731534\/\">suspect thread<\/a>.<\/strong><\/div>\n|j|\u2606RadicalKoala\n|j|\u2606Lololosh\n|t:|1700821392\n|gametype|singles\n|player|p1|RadicalKoala|pokemaniac|1294\n|player|p2|Lololosh|266|1301\n|teamsize|p1|6\n|teamsize|p2|6\n|gen|9\n|tier|[Gen 9] National Dex\n|rated|\n|rule|HP Percentage Mod: HP is shown in percentages\n|rule|Endless Battle Clause: Forcing endless battles is banned\n|rule|OHKO Clause: OHKO moves are banned\n|rule|Evasion Clause: Evasion abilities, items, and moves are banned\n|rule|Evasion Abilities Clause: Evasion abilities are banned\n|rule|Evasion Items Clause: Evasion items are banned\n|rule|Evasion Moves Clause: Evasion moves are banned\n|rule|Species Clause: Limit one of each Pok\u00e9mon\n|rule|Sleep Clause Mod: Limit one foe put to sleep\n|clearpoke\n|poke|p1|Ogerpon-Wellspring, F|\n|poke|p1|Great Tusk|\n|poke|p1|Pidgeot, F|\n|poke|p1|Volcarona, F|\n|poke|p1|Hatterene, F|\n|poke|p1|Dragonite, F|\n|poke|p2|Landorus-Therian, M|\n|poke|p2|Lycanroc, M|\n|poke|p2|Rillaboom, M|\n|poke|p2|Magnezone|\n|poke|p2|Gardevoir, F|\n|poke|p2|Greninja-*, M|\n|teampreview\n|inactive|Battle timer is ON: inactive players will automatically lose when time's up. (requested by Lololosh)\n|\n|t:|1700821400\n|start\n|switch|p1a: Ogerpon|Ogerpon-Wellspring, F|100\/100\n|switch|p2a: Lycanroc|Lycanroc, M|100\/100\n|turn|1\n|\n|t:|1700821407\n|move|p2a: Lycanroc|Taunt|p1a: Ogerpon\n|-start|p1a: Ogerpon|move: Taunt\n|move|p1a: Ogerpon|Trailblaze|p2a: Lycanroc\n|-supereffective|p2a: Lycanroc\n|-damage|p2a: Lycanroc|6\/100\n|-boost|p1a: Ogerpon|spe|1\n|\n|upkeep\n|turn|2\n|\n|t:|1700821410\n|move|p1a: Ogerpon|Trailblaze|p2a: Lycanroc\n|-supereffective|p2a: Lycanroc\n|-damage|p2a: Lycanroc|0 fnt\n|-boost|p1a: Ogerpon|spe|1\n|faint|p2a: Lycanroc\n|\n|upkeep\n|\n|t:|1700821420\n|switch|p2a: Rillaboom|Rillaboom, M|100\/100\n|-fieldstart|move: Grassy Terrain|[from] ability: Grassy Surge|[of] p2a: Rillaboom\n|turn|3\n|\n|t:|1700821424\n|switch|p1a: Dragonite|Dragonite, F|100\/100\n|-terastallize|p2a: Rillaboom|Grass\n|move|p2a: Rillaboom|Grassy Glide|p1a: Dragonite\n|-resisted|p1a: Dragonite\n|-damage|p1a: Dragonite|90\/100\n|\n|upkeep\n|turn|4\n|\n|t:|1700821431\n|switch|p2a: Magnezone|Magnezone|100\/100\n|move|p1a: Dragonite|Extreme Speed|p2a: Magnezone\n|-resisted|p2a: Magnezone\n|-crit|p2a: Magnezone\n|-damage|p2a: Magnezone|77\/100\n|\n|-heal|p2a: Magnezone|83\/100|[from] Grassy Terrain\n|upkeep\n|turn|5\n|\n|t:|1700821438\n|switch|p1a: Great Tusk|Great Tusk|100\/100\n|move|p2a: Magnezone|Volt Switch|p1a: Great Tusk\n|-immune|p1a: Great Tusk\n|\n|-heal|p2a: Magnezone|89\/100|[from] Grassy Terrain\n|upkeep\n|turn|6\n|\n|t:|1700821443\n|switch|p2a: Landorus|Landorus-Therian, M|100\/100\n|-ability|p2a: Landorus|Intimidate|boost\n|-unboost|p1a: Great Tusk|atk|1\n|move|p1a: Great Tusk|Stealth Rock|p2a: Landorus\n|-sidestart|p2: Lololosh|move: Stealth Rock\n|\n|upkeep\n|turn|7\n|\n|t:|1700821462\n|move|p2a: Landorus|U-turn|p1a: Great Tusk\n|-resisted|p1a: Great Tusk\n|-damage|p1a: Great Tusk|95\/100\n|-damage|p2a: Landorus|84\/100|[from] item: Rocky Helmet|[of] p1a: Great Tusk\n|\n|t:|1700821465\n|switch|p2a: Rillaboom|Rillaboom, M, tera:Grass|100\/100|[from] U-turn\n|-damage|p2a: Rillaboom|88\/100|[from] Stealth Rock\n|move|p1a: Great Tusk|Knock Off|p2a: Rillaboom\n|-damage|p2a: Rillaboom|68\/100\n|-enditem|p2a: Rillaboom|Choice Band|[from] move: Knock Off|[of] p1a: Great Tusk\n|\n|-heal|p2a: Rillaboom|74\/100|[from] Grassy Terrain\n|-heal|p1a: Great Tusk|100\/100|[from] Grassy Terrain\n|-fieldend|move: Grassy Terrain\n|upkeep\n|turn|8\n|\n|t:|1700821474\n|-end|p1a: Great Tusk|Protosynthesis|[silent]\n|switch|p1a: Dragonite|Dragonite, F|90\/100\n|move|p2a: Rillaboom|Wood Hammer|p1a: Dragonite\n|-resisted|p1a: Dragonite\n|-damage|p1a: Dragonite|66\/100\n|-damage|p2a: Rillaboom|67\/100|[from] Recoil\n|\n|upkeep\n|turn|9\n|\n|t:|1700821481\n|switch|p2a: Greninja|Greninja, M|100\/100\n|-damage|p2a: Greninja|88\/100|[from] Stealth Rock\n|move|p1a: Dragonite|Roost|p1a: Dragonite\n|-heal|p1a: Dragonite|100\/100\n|-singleturn|p1a: Dragonite|move: Roost\n|\n|upkeep\n|turn|10\n|\n|t:|1700821485\n|move|p1a: Dragonite|Extreme Speed|p2a: Greninja\n|-damage|p2a: Greninja|34\/100\n|move|p2a: Greninja|Ice Beam|p1a: Dragonite\n|-supereffective|p1a: Dragonite\n|-damage|p1a: Dragonite|42\/100\n|\n|upkeep\n|turn|11\n|\n|t:|1700821491\n|switch|p2a: Magnezone|Magnezone|89\/100\n|-damage|p2a: Magnezone|83\/100|[from] Stealth Rock\n|move|p1a: Dragonite|Extreme Speed|p2a: Magnezone\n|-resisted|p2a: Magnezone\n|-damage|p2a: Magnezone|69\/100\n|\n|upkeep\n|turn|12\n|\n|t:|1700821495\n|move|p1a: Dragonite|Roost|p1a: Dragonite\n|-heal|p1a: Dragonite|92\/100\n|-singleturn|p1a: Dragonite|move: Roost\n|move|p2a: Magnezone|Thunderbolt|p1a: Dragonite\n|-resisted|p1a: Dragonite\n|-damage|p1a: Dragonite|66\/100\n|\n|upkeep\n|turn|13\n|\n|t:|1700821498\n|move|p1a: Dragonite|Earthquake|p2a: Magnezone\n|-supereffective|p2a: Magnezone\n|-damage|p2a: Magnezone|0 fnt\n|faint|p2a: Magnezone\n|\n|upkeep\n|\n|t:|1700821502\n|switch|p2a: Gardevoir|Gardevoir, F|100\/100\n|-damage|p2a: Gardevoir|88\/100|[from] Stealth Rock\n|-ability|p2a: Gardevoir|Multiscale|[from] ability: Trace|[of] p1a: Dragonite\n|turn|14\n|\n|t:|1700821509\n|switch|p1a: Volcarona|Volcarona, F|100\/100\n|detailschange|p2a: Gardevoir|Gardevoir-Mega, F\n|-mega|p2a: Gardevoir|Gardevoir|Gardevoirite\n|move|p2a: Gardevoir|Hyper Voice|p1a: Volcarona\n|-resisted|p1a: Volcarona\n|-damage|p1a: Volcarona|65\/100\n|\n|upkeep\n|turn|15\n|\n|t:|1700821526\n|move|p2a: Gardevoir|Mystical Fire|p1a: Volcarona\n|-damage|p1a: Volcarona|35\/100\n|-unboost|p1a: Volcarona|spa|1\n|move|p1a: Volcarona|Quiver Dance|p1a: Volcarona\n|-boost|p1a: Volcarona|spa|1\n|-boost|p1a: Volcarona|spd|1\n|-boost|p1a: Volcarona|spe|1\n|\n|upkeep\n|turn|16\n|\n|t:|1700821532\n|move|p1a: Volcarona|Fiery Dance|p2a: Gardevoir\n|-damage|p2a: Gardevoir|50\/100\n|-boost|p1a: Volcarona|spa|1\n|move|p2a: Gardevoir|Mystical Fire|p1a: Volcarona\n|-damage|p1a: Volcarona|11\/100\n|-unboost|p1a: Volcarona|spa|1\n|\n|upkeep\n|turn|17\n|\n|t:|1700821536\n|move|p1a: Volcarona|Fiery Dance|p2a: Gardevoir\n|-damage|p2a: Gardevoir|6\/100\n|-boost|p1a: Volcarona|spa|1\n|move|p2a: Gardevoir|Mystical Fire|p1a: Volcarona\n|-damage|p1a: Volcarona|0 fnt\n|faint|p1a: Volcarona\n|\n|upkeep\n|\n|t:|1700821540\n|switch|p1a: Pidgeot|Pidgeot, F|100\/100\n|turn|18\n|\n|t:|1700821543\n|detailschange|p1a: Pidgeot|Pidgeot-Mega, F\n|-mega|p1a: Pidgeot|Pidgeot|Pidgeotite\n|move|p1a: Pidgeot|U-turn|p2a: Gardevoir\n|-damage|p2a: Gardevoir|0 fnt\n|faint|p2a: Gardevoir\n|\n|t:|1700821548\n|switch|p1a: Dragonite|Dragonite, F|66\/100|[from] U-turn\n|\n|upkeep\n|\n|t:|1700821551\n|switch|p2a: Landorus|Landorus-Therian, M|84\/100\n|-damage|p2a: Landorus|71\/100|[from] Stealth Rock\n|-ability|p2a: Landorus|Intimidate|boost\n|-unboost|p1a: Dragonite|atk|1\n|turn|19\n|\n|t:|1700821558\n|switch|p1a: Great Tusk|Great Tusk|100\/100\n|move|p2a: Landorus|Stone Edge|p1a: Great Tusk\n|-resisted|p1a: Great Tusk\n|-damage|p1a: Great Tusk|96\/100\n|\n|upkeep\n|turn|20\n|\n|t:|1700821563\n|switch|p2a: Rillaboom|Rillaboom, M, tera:Grass|67\/100\n|-damage|p2a: Rillaboom|55\/100|[from] Stealth Rock\n|-fieldstart|move: Grassy Terrain|[from] ability: Grassy Surge|[of] p2a: Rillaboom\n|move|p1a: Great Tusk|Knock Off|p2a: Rillaboom\n|-damage|p2a: Rillaboom|34\/100\n|\n|-heal|p2a: Rillaboom|40\/100|[from] Grassy Terrain\n|-heal|p1a: Great Tusk|100\/100|[from] Grassy Terrain\n|upkeep\n|turn|21\n|\n|t:|1700821567\n|-end|p1a: Great Tusk|Protosynthesis|[silent]\n|switch|p1a: Dragonite|Dragonite, F|66\/100\n|move|p2a: Rillaboom|Knock Off|p1a: Dragonite\n|-damage|p1a: Dragonite|25\/100\n|-enditem|p1a: Dragonite|Heavy-Duty Boots|[from] move: Knock Off|[of] p2a: Rillaboom\n|\n|-heal|p2a: Rillaboom|47\/100|[from] Grassy Terrain\n|upkeep\n|turn|22\n|\n|t:|1700821571\n|move|p2a: Rillaboom|Grassy Glide|p1a: Dragonite\n|-resisted|p1a: Dragonite\n|-damage|p1a: Dragonite|10\/100\n|move|p1a: Dragonite|Roost|p1a: Dragonite\n|-heal|p1a: Dragonite|60\/100\n|-singleturn|p1a: Dragonite|move: Roost\n|\n|-heal|p2a: Rillaboom|53\/100|[from] Grassy Terrain\n|-heal|p1a: Dragonite|66\/100|[from] Grassy Terrain\n|upkeep\n|turn|23\n|\n|t:|1700821575\n|move|p2a: Rillaboom|Wood Hammer|p1a: Dragonite\n|-resisted|p1a: Dragonite\n|-damage|p1a: Dragonite|35\/100\n|-damage|p2a: Rillaboom|43\/100|[from] Recoil\n|move|p1a: Dragonite|Roost|p1a: Dragonite\n|-heal|p1a: Dragonite|86\/100\n|-singleturn|p1a: Dragonite|move: Roost\n|\n|-heal|p2a: Rillaboom|49\/100|[from] Grassy Terrain\n|-heal|p1a: Dragonite|92\/100|[from] Grassy Terrain\n|upkeep\n|turn|24\n|\n|t:|1700821578\n|move|p2a: Rillaboom|U-turn|p1a: Dragonite\n|-resisted|p1a: Dragonite\n|-damage|p1a: Dragonite|78\/100\n|\n|t:|1700821580\n|switch|p2a: Greninja|Greninja, M|34\/100|[from] U-turn\n|-damage|p2a: Greninja|21\/100|[from] Stealth Rock\n|move|p1a: Dragonite|Roost|p1a: Dragonite\n|-heal|p1a: Dragonite|100\/100\n|-singleturn|p1a: Dragonite|move: Roost\n|\n|-heal|p2a: Greninja|27\/100|[from] Grassy Terrain\n|-fieldend|move: Grassy Terrain\n|upkeep\n|turn|25\n|\n|t:|1700821582\n|move|p1a: Dragonite|Extreme Speed|p2a: Greninja\n|-damage|p2a: Greninja|0 fnt\n|faint|p2a: Greninja\n|\n|upkeep\n|\n|t:|1700821584\n|switch|p2a: Rillaboom|Rillaboom, M, tera:Grass|49\/100\n|-damage|p2a: Rillaboom|37\/100|[from] Stealth Rock\n|-fieldstart|move: Grassy Terrain|[from] ability: Grassy Surge|[of] p2a: Rillaboom\n|turn|26\n|\n|t:|1700821588\n|move|p1a: Dragonite|Extreme Speed|p2a: Rillaboom\n|-damage|p2a: Rillaboom|5\/100\n|move|p2a: Rillaboom|U-turn|p1a: Dragonite\n|-resisted|p1a: Dragonite\n|-damage|p1a: Dragonite|94\/100\n|\n|t:|1700821591\n|switch|p2a: Landorus|Landorus-Therian, M|71\/100|[from] U-turn\n|-damage|p2a: Landorus|59\/100|[from] Stealth Rock\n|-ability|p2a: Landorus|Intimidate|boost\n|-unboost|p1a: Dragonite|atk|1\n|\n|upkeep\n|turn|27\n|\n|t:|1700821595\n|switch|p1a: Great Tusk|Great Tusk|100\/100\n|move|p2a: Landorus|Stone Edge|p1a: Great Tusk\n|-resisted|p1a: Great Tusk\n|-damage|p1a: Great Tusk|96\/100\n|\n|-heal|p1a: Great Tusk|100\/100|[from] Grassy Terrain\n|upkeep\n|turn|28\n|\n|t:|1700821605\n|move|p2a: Landorus|Stone Edge|p1a: Great Tusk\n|-resisted|p1a: Great Tusk\n|-damage|p1a: Great Tusk|96\/100\n|move|p1a: Great Tusk|Rapid Spin|p2a: Landorus\n|-damage|p2a: Landorus|43\/100\n|-boost|p1a: Great Tusk|spe|1\n|\n|-heal|p1a: Great Tusk|100\/100|[from] Grassy Terrain\n|upkeep\n|turn|29\n|-message|Lololosh forfeited.\n|\n|win|RadicalKoala\n|raw|RadicalKoala's rating: 1294 &rarr; <strong>1320<\/strong><br \/>(+26 for winning)\n|raw|Lololosh's rating: 1301 &rarr; <strong>1281<\/strong><br \/>(-20 for losing)\n|l|\u2606Lololosh\n","uploadtime":1700821617,"views":6,"p1id":"radicalkoala","p2id":"lololosh","formatid":"gen9nationaldex","rating":1281,"private":0,"password":""}