{"id":"gen9nationaldex-1996329166","p1":"StopTrolling","p2":"RandoTestAccount","format":"[Gen 9] National Dex","log":"|html|<div class=\"broadcast-blue\"><strong>[Gen 9] National Dex is currently suspecting Sneasler! For information on how to participate check out the <a href=\"https:\/\/www.smogon.com\/forums\/threads\/sv-national-dex-suspect-8-just-dance.3731534\/\">suspect thread<\/a>.<\/strong><\/div>\n|j|\u2606StopTrolling\n|j|\u2606RandoTestAccount\n|t:|1700671677\n|gametype|singles\n|player|p1|StopTrolling|clown|1294\n|player|p2|RandoTestAccount|pokemonrangerf|1210\n|teamsize|p1|6\n|teamsize|p2|6\n|gen|9\n|tier|[Gen 9] National Dex\n|rated|\n|rule|HP Percentage Mod: HP is shown in percentages\n|rule|Endless Battle Clause: Forcing endless battles is banned\n|rule|OHKO Clause: OHKO moves are banned\n|rule|Evasion Clause: Evasion abilities, items, and moves are banned\n|rule|Evasion Abilities Clause: Evasion abilities are banned\n|rule|Evasion Items Clause: Evasion items are banned\n|rule|Evasion Moves Clause: Evasion moves are banned\n|rule|Species Clause: Limit one of each Pok\u00e9mon\n|rule|Sleep Clause Mod: Limit one foe put to sleep\n|clearpoke\n|poke|p1|Galvantula, M|\n|poke|p1|Gliscor, F|\n|poke|p1|Grimmsnarl, M|\n|poke|p1|Charizard, F|\n|poke|p1|Doublade, M|\n|poke|p1|Xurkitree|\n|poke|p2|Umbreon, F|\n|poke|p2|Excadrill, F|\n|poke|p2|Corviknight, F|\n|poke|p2|Sableye, F|\n|poke|p2|Tapu Fini|\n|poke|p2|Dragalge, F|\n|teampreview\n|inactive|Battle timer is ON: inactive players will automatically lose when time's up. (requested by RandoTestAccount)\n|\n|t:|1700671684\n|start\n|switch|p1a: Xurkitree|Xurkitree|100\/100\n|switch|p2a: Spectre of Emerald|Sableye, F, shiny|100\/100\n|turn|1\n|\n|t:|1700671693\n|detailschange|p2a: Spectre of Emerald|Sableye-Mega, F, shiny\n|-mega|p2a: Spectre of Emerald|Sableye|Sablenite\n|-zpower|p1a: Xurkitree\n|move|p1a: Xurkitree|Z-Hypnosis|p2a: Spectre of Emerald|[anim]Hypnosis\n|-boost|p1a: Xurkitree|spe|1|[zeffect]\n|move|p2a: Spectre of Emerald|Hypnosis|p1a: Xurkitree|[from]ability: Magic Bounce\n|-status|p1a: Xurkitree|slp|[from] move: Hypnosis\n|move|p2a: Spectre of Emerald|Will-O-Wisp||[still]\n|-fail|p2a: Spectre of Emerald\n|\n|upkeep\n|turn|2\n|\n|t:|1700671699\n|switch|p2a: The Lonesome One|Excadrill, F, shiny|100\/100\n|-ability|p2a: The Lonesome One|Mold Breaker\n|cant|p1a: Xurkitree|slp\n|\n|upkeep\n|turn|3\n|\n|t:|1700671707\n|-curestatus|p1a: Xurkitree|slp|[msg]\n|move|p1a: Xurkitree|Tail Glow|p1a: Xurkitree\n|-boost|p1a: Xurkitree|spa|3\n|move|p2a: The Lonesome One|Earthquake|p1a: Xurkitree\n|-supereffective|p1a: Xurkitree\n|-damage|p1a: Xurkitree|0 fnt\n|faint|p1a: Xurkitree\n|\n|upkeep\n|\n|t:|1700671720\n|switch|p1a: Gliscor|Gliscor, F|100\/100\n|turn|4\n|\n|t:|1700671723\n|switch|p2a: Spectre of Emerald|Sableye-Mega, F, shiny|100\/100\n|move|p1a: Gliscor|Protect||[still]\n|-fail|p1a: Gliscor\n|\n|-status|p1a: Gliscor|tox|[from] item: Toxic Orb\n|upkeep\n|turn|5\n|\n|t:|1700671729\n|move|p1a: Gliscor|Swords Dance|p1a: Gliscor\n|-boost|p1a: Gliscor|atk|2\n|move|p2a: Spectre of Emerald|Calm Mind|p2a: Spectre of Emerald\n|-boost|p2a: Spectre of Emerald|spa|1\n|-boost|p2a: Spectre of Emerald|spd|1\n|\n|upkeep\n|turn|6\n|\n|t:|1700671736\n|move|p1a: Gliscor|Swords Dance|p1a: Gliscor\n|-boost|p1a: Gliscor|atk|2\n|move|p2a: Spectre of Emerald|Dark Pulse|p1a: Gliscor\n|-damage|p1a: Gliscor|55\/100 tox\n|\n|-heal|p1a: Gliscor|68\/100 tox|[from] ability: Poison Heal\n|upkeep\n|turn|7\n|\n|t:|1700671743\n|move|p1a: Gliscor|Protect|p1a: Gliscor\n|-singleturn|p1a: Gliscor|Protect\n|move|p2a: Spectre of Emerald|Dark Pulse|p1a: Gliscor\n|-activate|p1a: Gliscor|move: Protect\n|\n|-heal|p1a: Gliscor|80\/100 tox|[from] ability: Poison Heal\n|upkeep\n|turn|8\n|\n|t:|1700671750\n|move|p1a: Gliscor|Earthquake|p2a: Spectre of Emerald\n|-damage|p2a: Spectre of Emerald|3\/100\n|move|p2a: Spectre of Emerald|Dark Pulse|p1a: Gliscor\n|-damage|p1a: Gliscor|39\/100 tox\n|\n|-heal|p1a: Gliscor|51\/100 tox|[from] ability: Poison Heal\n|upkeep\n|turn|9\n|\n|t:|1700671760\n|switch|p2a: Ephialtes Keeper|Corviknight, F, shiny|100\/100\n|-ability|p2a: Ephialtes Keeper|Pressure\n|move|p1a: Gliscor|Protect||[still]\n|-fail|p1a: Gliscor\n|\n|-heal|p1a: Gliscor|63\/100 tox|[from] ability: Poison Heal\n|upkeep\n|turn|10\n|\n|t:|1700671765\n|move|p1a: Gliscor|Dual Wingbeat|p2a: Ephialtes Keeper\n|-resisted|p2a: Ephialtes Keeper\n|-damage|p2a: Ephialtes Keeper|79\/100\n|-damage|p1a: Gliscor|47\/100 tox|[from] item: Rocky Helmet|[of] p2a: Ephialtes Keeper\n|-resisted|p2a: Ephialtes Keeper\n|-damage|p2a: Ephialtes Keeper|57\/100\n|-damage|p1a: Gliscor|30\/100 tox|[from] item: Rocky Helmet|[of] p2a: Ephialtes Keeper\n|-hitcount|p2a: Ephialtes Keeper|2\n|move|p2a: Ephialtes Keeper|Brave Bird|p1a: Gliscor\n|-damage|p1a: Gliscor|0 fnt\n|faint|p1a: Gliscor\n|-damage|p2a: Ephialtes Keeper|46\/100|[from] Recoil\n|\n|upkeep\n|\n|t:|1700671778\n|switch|p1a: Charizard|Charizard, F|100\/100\n|turn|11\n|\n|t:|1700671782\n|switch|p2a: Agony Steelheart|Dragalge, F, shiny|100\/100\n|detailschange|p1a: Charizard|Charizard-Mega-Y, F\n|-mega|p1a: Charizard|Charizard|Charizardite Y\n|-weather|SunnyDay|[from] ability: Drought|[of] p1a: Charizard\n|move|p1a: Charizard|Weather Ball|p2a: Agony Steelheart\n|-resisted|p2a: Agony Steelheart\n|-damage|p2a: Agony Steelheart|71\/100\n|\n|-weather|SunnyDay|[upkeep]\n|-heal|p2a: Agony Steelheart|77\/100|[from] item: Black Sludge\n|upkeep\n|turn|12\n|\n|t:|1700671793\n|move|p1a: Charizard|Air Slash|p2a: Agony Steelheart\n|-damage|p2a: Agony Steelheart|44\/100\n|move|p2a: Agony Steelheart|Toxic|p1a: Charizard\n|-status|p1a: Charizard|tox\n|\n|-weather|SunnyDay|[upkeep]\n|-heal|p2a: Agony Steelheart|50\/100|[from] item: Black Sludge\n|-damage|p1a: Charizard|94\/100 tox|[from] psn\n|upkeep\n|turn|13\n|\n|t:|1700671804\n|move|p1a: Charizard|Air Slash|p2a: Agony Steelheart\n|-damage|p2a: Agony Steelheart|20\/100\n|move|p2a: Agony Steelheart|Dragon Pulse|p1a: Charizard\n|-damage|p1a: Charizard|58\/100 tox\n|\n|-weather|SunnyDay|[upkeep]\n|-heal|p2a: Agony Steelheart|26\/100|[from] item: Black Sludge\n|-damage|p1a: Charizard|46\/100 tox|[from] psn\n|upkeep\n|turn|14\n|\n|t:|1700671812\n|switch|p2a: Nika Reanukko|Umbreon, F, shiny|100\/100\n|move|p1a: Charizard|Air Slash|p2a: Nika Reanukko\n|-damage|p2a: Nika Reanukko|73\/100\n|\n|-weather|SunnyDay|[upkeep]\n|-heal|p2a: Nika Reanukko|79\/100|[from] item: Leftovers\n|-damage|p1a: Charizard|28\/100 tox|[from] psn\n|upkeep\n|turn|15\n|\n|t:|1700671822\n|switch|p1a: Doublade|Doublade, M|100\/100\n|move|p2a: Nika Reanukko|Wish|p2a: Nika Reanukko\n|\n|-weather|none\n|-heal|p2a: Nika Reanukko|85\/100|[from] item: Leftovers\n|upkeep\n|turn|16\n|\n|t:|1700671828\n|switch|p2a: Spectre of Emerald|Sableye-Mega, F, shiny|3\/100\n|move|p1a: Doublade|Toxic|p2a: Spectre of Emerald\n|move|p2a: Spectre of Emerald|Toxic|p1a: Doublade|[from]ability: Magic Bounce\n|-immune|p1a: Doublade\n|\n|-heal|p2a: Spectre of Emerald|68\/100|[from] move: Wish|[wisher] Nika Reanukko\n|upkeep\n|turn|17\n|\n|t:|1700671839\n|switch|p2a: Nika Reanukko|Umbreon, F, shiny|85\/100\n|move|p1a: Doublade|Iron Head|p2a: Nika Reanukko\n|-damage|p2a: Nika Reanukko|61\/100\n|\n|-heal|p2a: Nika Reanukko|68\/100|[from] item: Leftovers\n|upkeep\n|turn|18\n|\n|t:|1700671845\n|move|p2a: Nika Reanukko|Wish|p2a: Nika Reanukko\n|move|p1a: Doublade|Toxic|p2a: Nika Reanukko\n|-status|p2a: Nika Reanukko|tox\n|-activate|p2a: Nika Reanukko|ability: Synchronize\n|-immune|p1a: Doublade\n|\n|-heal|p2a: Nika Reanukko|74\/100 tox|[from] item: Leftovers\n|-damage|p2a: Nika Reanukko|68\/100 tox|[from] psn\n|upkeep\n|turn|19\n|\n|t:|1700671858\n|switch|p2a: Agony Steelheart|Dragalge, F, shiny|26\/100\n|move|p1a: Doublade|Shadow Sneak|p2a: Agony Steelheart\n|-damage|p2a: Agony Steelheart|11\/100\n|\n|-heal|p2a: Agony Steelheart|70\/100|[from] move: Wish|[wisher] Nika Reanukko\n|-heal|p2a: Agony Steelheart|76\/100|[from] item: Black Sludge\n|upkeep\n|turn|20\n|\n|t:|1700671867\n|move|p2a: Agony Steelheart|Hidden Power|p1a: Doublade\n|-supereffective|p1a: Doublade\n|-damage|p1a: Doublade|68\/100\n|move|p1a: Doublade|Iron Head|p2a: Agony Steelheart\n|-damage|p2a: Agony Steelheart|42\/100\n|\n|-heal|p2a: Agony Steelheart|48\/100|[from] item: Black Sludge\n|upkeep\n|turn|21\n|\n|t:|1700671878\n|switch|p2a: Spectre of Emerald|Sableye-Mega, F, shiny|68\/100\n|move|p1a: Doublade|Iron Head|p2a: Spectre of Emerald\n|-damage|p2a: Spectre of Emerald|46\/100\n|\n|upkeep\n|turn|22\n|\n|t:|1700671888\n|move|p1a: Doublade|Iron Head|p2a: Spectre of Emerald\n|-damage|p2a: Spectre of Emerald|26\/100\n|move|p2a: Spectre of Emerald|Recover|p2a: Spectre of Emerald\n|-heal|p2a: Spectre of Emerald|76\/100\n|\n|upkeep\n|turn|23\n|\n|t:|1700671896\n|move|p1a: Doublade|Shadow Sneak|p2a: Spectre of Emerald\n|-damage|p2a: Spectre of Emerald|66\/100\n|move|p2a: Spectre of Emerald|Will-O-Wisp|p1a: Doublade\n|-status|p1a: Doublade|brn\n|\n|-damage|p1a: Doublade|62\/100 brn|[from] brn\n|upkeep\n|turn|24\n|-message|StopTrolling forfeited.\n|\n|win|RandoTestAccount\n|raw|StopTrolling's rating: 1294 &rarr; <strong>1263<\/strong><br \/>(-31 for losing)\n|raw|RandoTestAccount's rating: 1210 &rarr; <strong>1241<\/strong><br \/>(+31 for winning)\n|l|\u2606StopTrolling\n","uploadtime":1700671909,"views":0,"p1id":"stoptrolling","p2id":"randotestaccount","formatid":"gen9nationaldex","rating":1241,"private":0,"password":""}