{"id":"gen9nationaldex-1989590818","p1":"ArtictresUser","p2":"djkslaf","format":"[Gen 9] National Dex","log":"|j|\u2606ArtictresUser\n|j|\u2606djkslaf\n|t:|1699875855\n|gametype|singles\n|player|p1|ArtictresUser|larry|1134\n|player|p2|djkslaf|lyra|1202\n|teamsize|p1|6\n|teamsize|p2|6\n|gen|9\n|tier|[Gen 9] National Dex\n|rated|\n|rule|HP Percentage Mod: HP is shown in percentages\n|rule|Endless Battle Clause: Forcing endless battles is banned\n|rule|OHKO Clause: OHKO moves are banned\n|rule|Evasion Clause: Evasion abilities, items, and moves are banned\n|rule|Evasion Abilities Clause: Evasion abilities are banned\n|rule|Evasion Items Clause: Evasion items are banned\n|rule|Evasion Moves Clause: Evasion moves are banned\n|rule|Species Clause: Limit one of each Pok\u00e9mon\n|rule|Sleep Clause Mod: Limit one foe put to sleep\n|clearpoke\n|poke|p1|Spiritomb, F|\n|poke|p1|Roserade, F|\n|poke|p1|Togekiss, M|\n|poke|p1|Lucario, M|\n|poke|p1|Milotic, F|\n|poke|p1|Garchomp, F|\n|poke|p2|Dragonite, M|\n|poke|p2|Scizor, F|\n|poke|p2|Landorus-Therian, M|\n|poke|p2|Heatran, F|\n|poke|p2|Greninja-*, M|\n|poke|p2|Zapdos|\n|teampreview\n|inactive|Battle timer is ON: inactive players will automatically lose when time's up. (requested by ArtictresUser)\n|\n|t:|1699875860\n|start\n|switch|p1a: Spiritomb|Spiritomb, F|100\/100\n|switch|p2a: Landorus|Landorus-Therian, M|100\/100\n|-ability|p2a: Landorus|Intimidate|boost\n|-unboost|p1a: Spiritomb|atk|1\n|-ability|p1a: Spiritomb|Pressure\n|turn|1\n|\n|t:|1699875877\n|move|p2a: Landorus|Stealth Rock|p1a: Spiritomb\n|-sidestart|p1: ArtictresUser|move: Stealth Rock\n|move|p1a: Spiritomb|Will-O-Wisp|p2a: Landorus|[miss]\n|-miss|p1a: Spiritomb|p2a: Landorus\n|\n|upkeep\n|turn|2\n|\n|t:|1699875885\n|switch|p2a: Heatran|Heatran, F|100\/100\n|-item|p2a: Heatran|Air Balloon\n|move|p1a: Spiritomb|Will-O-Wisp|p2a: Heatran\n|-start|p2a: Heatran|ability: Flash Fire\n|\n|upkeep\n|turn|3\n|\n|t:|1699875899\n|move|p1a: Spiritomb|Sucker Punch|p2a: Heatran\n|-damage|p2a: Heatran|85\/100\n|-enditem|p2a: Heatran|Air Balloon\n|move|p2a: Heatran|Overheat|p1a: Spiritomb\n|-damage|p1a: Spiritomb|25\/100\n|-unboost|p2a: Heatran|spa|2\n|\n|upkeep\n|turn|4\n|-enditem|p1a: Spiritomb|Custap Berry|[eat]\n|-activate|p1a: Spiritomb|item: Custap Berry|[consumed]\n|\n|t:|1699875909\n|move|p1a: Spiritomb|Sucker Punch|p2a: Heatran\n|-damage|p2a: Heatran|70\/100\n|move|p2a: Heatran|Overheat|p1a: Spiritomb\n|-damage|p1a: Spiritomb|0 fnt\n|-unboost|p2a: Heatran|spa|2\n|faint|p1a: Spiritomb\n|\n|upkeep\n|\n|t:|1699875917\n|switch|p1a: Milotic|Milotic, F|100\/100\n|-damage|p1a: Milotic|88\/100|[from] Stealth Rock\n|turn|5\n|\n|t:|1699875928\n|-end|p2a: Heatran|ability: Flash Fire|[silent]\n|switch|p2a: Scizor|Scizor, F|100\/100\n|move|p1a: Milotic|Scald|p2a: Scizor\n|-damage|p2a: Scizor|70\/100\n|-status|p2a: Scizor|brn\n|\n|-damage|p2a: Scizor|63\/100 brn|[from] brn\n|-status|p1a: Milotic|brn|[from] item: Flame Orb\n|upkeep\n|turn|6\n|\n|t:|1699875940\n|detailschange|p2a: Scizor|Scizor-Mega, F\n|-mega|p2a: Scizor|Scizor|Scizorite\n|move|p1a: Milotic|Ice Beam|p2a: Scizor\n|-resisted|p2a: Scizor\n|-damage|p2a: Scizor|52\/100 brn\n|move|p2a: Scizor|Swords Dance|p2a: Scizor\n|-boost|p2a: Scizor|atk|2\n|\n|-damage|p1a: Milotic|82\/100 brn|[from] brn\n|-damage|p2a: Scizor|46\/100 brn|[from] brn\n|upkeep\n|turn|7\n|\n|t:|1699875950\n|move|p1a: Milotic|Scald|p2a: Scizor\n|-damage|p2a: Scizor|18\/100 brn\n|move|p2a: Scizor|Swords Dance|p2a: Scizor\n|-boost|p2a: Scizor|atk|2\n|\n|-damage|p1a: Milotic|76\/100 brn|[from] brn\n|-damage|p2a: Scizor|12\/100 brn|[from] brn\n|upkeep\n|turn|8\n|\n|t:|1699875958\n|move|p1a: Milotic|Recover|p1a: Milotic\n|-heal|p1a: Milotic|100\/100 brn\n|move|p2a: Scizor|Knock Off|p1a: Milotic\n|-damage|p1a: Milotic|59\/100 brn\n|-enditem|p1a: Milotic|Flame Orb|[from] move: Knock Off|[of] p2a: Scizor\n|\n|-damage|p1a: Milotic|53\/100 brn|[from] brn\n|-damage|p2a: Scizor|6\/100 brn|[from] brn\n|upkeep\n|turn|9\n|\n|t:|1699875967\n|move|p1a: Milotic|Recover|p1a: Milotic\n|-heal|p1a: Milotic|100\/100 brn\n|move|p2a: Scizor|Roost|p2a: Scizor\n|-heal|p2a: Scizor|56\/100 brn\n|-singleturn|p2a: Scizor|move: Roost\n|\n|-damage|p1a: Milotic|94\/100 brn|[from] brn\n|-damage|p2a: Scizor|50\/100 brn|[from] brn\n|upkeep\n|turn|10\n|\n|t:|1699875977\n|move|p1a: Milotic|Scald|p2a: Scizor\n|-crit|p2a: Scizor\n|-damage|p2a: Scizor|12\/100 brn\n|move|p2a: Scizor|Roost|p2a: Scizor\n|-heal|p2a: Scizor|62\/100 brn\n|-singleturn|p2a: Scizor|move: Roost\n|\n|-damage|p1a: Milotic|88\/100 brn|[from] brn\n|-damage|p2a: Scizor|56\/100 brn|[from] brn\n|upkeep\n|turn|11\n|\n|t:|1699875995\n|-terastallize|p1a: Milotic|Water\n|move|p1a: Milotic|Scald|p2a: Scizor\n|-damage|p2a: Scizor|18\/100 brn\n|move|p2a: Scizor|Roost|p2a: Scizor\n|-heal|p2a: Scizor|68\/100 brn\n|-singleturn|p2a: Scizor|move: Roost\n|\n|-damage|p1a: Milotic|82\/100 brn|[from] brn\n|-damage|p2a: Scizor|62\/100 brn|[from] brn\n|upkeep\n|turn|12\n|\n|t:|1699876007\n|move|p1a: Milotic|Scald|p2a: Scizor\n|-damage|p2a: Scizor|28\/100 brn\n|move|p2a: Scizor|Roost|p2a: Scizor\n|-heal|p2a: Scizor|78\/100 brn\n|-singleturn|p2a: Scizor|move: Roost\n|\n|-damage|p1a: Milotic|76\/100 brn|[from] brn\n|-damage|p2a: Scizor|72\/100 brn|[from] brn\n|upkeep\n|turn|13\n|\n|t:|1699876018\n|move|p1a: Milotic|Scald|p2a: Scizor\n|-damage|p2a: Scizor|34\/100 brn\n|move|p2a: Scizor|Roost|p2a: Scizor\n|-heal|p2a: Scizor|84\/100 brn\n|-singleturn|p2a: Scizor|move: Roost\n|\n|-damage|p1a: Milotic|70\/100 brn|[from] brn\n|-damage|p2a: Scizor|78\/100 brn|[from] brn\n|upkeep\n|turn|14\n|\n|t:|1699876035\n|move|p1a: Milotic|Scald|p2a: Scizor\n|-damage|p2a: Scizor|42\/100 brn\n|move|p2a: Scizor|Swords Dance|p2a: Scizor\n|-boost|p2a: Scizor|atk|2\n|\n|-damage|p1a: Milotic|64\/100 brn|[from] brn\n|-damage|p2a: Scizor|36\/100 brn|[from] brn\n|upkeep\n|turn|15\n|\n|t:|1699876049\n|move|p1a: Milotic|Recover|p1a: Milotic\n|-heal|p1a: Milotic|100\/100 brn\n|move|p2a: Scizor|Knock Off|p1a: Milotic\n|-damage|p1a: Milotic|66\/100 brn\n|\n|-damage|p1a: Milotic|60\/100 brn|[from] brn\n|-damage|p2a: Scizor|30\/100 brn|[from] brn\n|upkeep\n|turn|16\n|\n|t:|1699876057\n|move|p1a: Milotic|Scald|p2a: Scizor\n|-damage|p2a: Scizor|0 fnt\n|faint|p2a: Scizor\n|\n|-damage|p1a: Milotic|54\/100 brn|[from] brn\n|upkeep\n|\n|t:|1699876064\n|switch|p2a: Dragonite|Dragonite, M|100\/100\n|turn|17\n|\n|t:|1699876094\n|move|p2a: Dragonite|Dragon Dance|p2a: Dragonite\n|-boost|p2a: Dragonite|atk|1\n|-boost|p2a: Dragonite|spe|1\n|move|p1a: Milotic|Ice Beam|p2a: Dragonite\n|-supereffective|p2a: Dragonite\n|-damage|p2a: Dragonite|62\/100\n|-enditem|p2a: Dragonite|Weakness Policy\n|-boost|p2a: Dragonite|atk|2|[from] item: Weakness Policy\n|-boost|p2a: Dragonite|spa|2|[from] item: Weakness Policy\n|\n|-damage|p1a: Milotic|48\/100 brn|[from] brn\n|upkeep\n|turn|18\n|inactive|djkslaf has 120 seconds left.\n|\n|t:|1699876111\n|-terastallize|p2a: Dragonite|Normal\n|move|p2a: Dragonite|Extreme Speed|p1a: Milotic\n|-damage|p1a: Milotic|0 fnt\n|faint|p1a: Milotic\n|\n|upkeep\n|\n|t:|1699876118\n|switch|p1a: Togekiss|Togekiss, M|100\/100\n|-damage|p1a: Togekiss|75\/100|[from] Stealth Rock\n|turn|19\n|\n|t:|1699876127\n|move|p2a: Dragonite|Extreme Speed|p1a: Togekiss\n|-damage|p1a: Togekiss|0 fnt\n|faint|p1a: Togekiss\n|\n|upkeep\n|\n|t:|1699876131\n|switch|p1a: Lucario|Lucario, M|100\/100\n|-damage|p1a: Lucario|98\/100|[from] Stealth Rock\n|turn|20\n|\n|t:|1699876136\n|move|p2a: Dragonite|Earthquake|p1a: Lucario\n|-supereffective|p1a: Lucario\n|-damage|p1a: Lucario|0 fnt\n|faint|p1a: Lucario\n|\n|upkeep\n|\n|t:|1699876138\n|switch|p1a: Roserade|Roserade, F|100\/100\n|-damage|p1a: Roserade|88\/100|[from] Stealth Rock\n|turn|21\n|\n|t:|1699876148\n|move|p2a: Dragonite|Extreme Speed|p1a: Roserade\n|-damage|p1a: Roserade|0 fnt\n|faint|p1a: Roserade\n|\n|upkeep\n|\n|t:|1699876150\n|switch|p1a: Garchomp|Garchomp, F|100\/100\n|-damage|p1a: Garchomp|94\/100|[from] Stealth Rock\n|turn|22\n|\n|t:|1699876155\n|move|p2a: Dragonite|Outrage|p1a: Garchomp\n|-supereffective|p1a: Garchomp\n|-damage|p1a: Garchomp|0 fnt\n|-damage|p2a: Dragonite|50\/100|[from] ability: Rough Skin|[of] p1a: Garchomp\n|faint|p1a: Garchomp\n|\n|win|djkslaf\n|raw|ArtictresUser's rating: 1134 &rarr; <strong>1114<\/strong><br \/>(-20 for losing)\n|raw|djkslaf's rating: 1202 &rarr; <strong>1222<\/strong><br \/>(+20 for winning)\n|l|\u2606ArtictresUser\n","uploadtime":1699876163,"views":8,"p1id":"artictresuser","p2id":"djkslaf","formatid":"gen9nationaldex","rating":1114,"private":0,"password":""}