{"id":"gen9nationaldex-1993567459","p1":"bamsnoozled","p2":"amongolo569","format":"[Gen 9] National Dex","log":"|j|\u2606bamsnoozled\n|j|\u2606amongolo569\n|t:|1700332587\n|gametype|singles\n|player|p1|bamsnoozled|backpackerf|1197\n|player|p2|amongolo569|barry|1184\n|teamsize|p1|6\n|teamsize|p2|6\n|gen|9\n|tier|[Gen 9] National Dex\n|rated|\n|rule|HP Percentage Mod: HP is shown in percentages\n|rule|Endless Battle Clause: Forcing endless battles is banned\n|rule|OHKO Clause: OHKO moves are banned\n|rule|Evasion Clause: Evasion abilities, items, and moves are banned\n|rule|Evasion Abilities Clause: Evasion abilities are banned\n|rule|Evasion Items Clause: Evasion items are banned\n|rule|Evasion Moves Clause: Evasion moves are banned\n|rule|Species Clause: Limit one of each Pok\u00e9mon\n|rule|Sleep Clause Mod: Limit one foe put to sleep\n|clearpoke\n|poke|p1|Volcarona, M|\n|poke|p1|Golem-Alola, M|\n|poke|p1|Maushold|\n|poke|p1|Ribombee, F|\n|poke|p1|Ogerpon-Wellspring, F|\n|poke|p1|Diancie|\n|poke|p2|Charizard, M|\n|poke|p2|Great Tusk|\n|poke|p2|Meowscarada, M|\n|poke|p2|Rotom-Wash|\n|poke|p2|Ninetales-Alola, M|\n|poke|p2|Volcarona, M|\n|teampreview\n|inactive|Battle timer is ON: inactive players will automatically lose when time's up. (requested by amongolo569)\n|inactive|amongolo569 has 120 seconds left.\n|\n|t:|1700332624\n|start\n|switch|p1a: Diancie|Diancie|100\/100\n|switch|p2a: Volcarona|Volcarona, M|100\/100\n|turn|1\n|\n|t:|1700332642\n|-terastallize|p2a: Volcarona|Grass\n|move|p2a: Volcarona|Quiver Dance|p2a: Volcarona\n|-boost|p2a: Volcarona|spa|1\n|-boost|p2a: Volcarona|spd|1\n|-boost|p2a: Volcarona|spe|1\n|move|p1a: Diancie|Stealth Rock|p2a: Volcarona\n|-sidestart|p2: amongolo569|move: Stealth Rock\n|\n|upkeep\n|turn|2\n|\n|t:|1700332659\n|switch|p1a: Golem|Golem-Alola, M|100\/100\n|move|p2a: Volcarona|Giga Drain|p1a: Golem\n|-supereffective|p1a: Golem\n|-damage|p1a: Golem|0 fnt\n|faint|p1a: Golem\n|\n|upkeep\n|\n|t:|1700332661\n|switch|p1a: Volcarona|Volcarona, M|100\/100\n|turn|3\n|\n|t:|1700332674\n|move|p2a: Volcarona|Fiery Dance|p1a: Volcarona\n|-damage|p1a: Volcarona|34\/100\n|-boost|p2a: Volcarona|spa|1\n|-zpower|p1a: Volcarona\n|move|p1a: Volcarona|Savage Spin-Out|p2a: Volcarona|[zeffect]\n|-supereffective|p2a: Volcarona\n|-damage|p2a: Volcarona|0 fnt\n|faint|p2a: Volcarona\n|\n|upkeep\n|\n|t:|1700332689\n|switch|p2a: Great Tusk|Great Tusk|100\/100\n|-damage|p2a: Great Tusk|98\/100|[from] Stealth Rock\n|turn|4\n|\n|t:|1700332697\n|move|p1a: Volcarona|Flamethrower|p2a: Great Tusk\n|-damage|p2a: Great Tusk|41\/100\n|move|p2a: Great Tusk|Rapid Spin|p1a: Volcarona\n|-crit|p1a: Volcarona\n|-damage|p1a: Volcarona|8\/100\n|-boost|p2a: Great Tusk|spe|1\n|-status|p2a: Great Tusk|brn|[from] ability: Flame Body|[of] p1a: Volcarona\n|-sideend|p2: amongolo569|Stealth Rock|[from] move: Rapid Spin|[of] p2a: Great Tusk\n|\n|-heal|p2a: Great Tusk|47\/100 brn|[from] item: Leftovers\n|-damage|p2a: Great Tusk|41\/100 brn|[from] brn\n|upkeep\n|turn|5\n|\n|t:|1700332711\n|switch|p1a: Ribombee|Ribombee, F|100\/100\n|move|p2a: Great Tusk|Earthquake|p1a: Ribombee\n|-resisted|p1a: Ribombee\n|-damage|p1a: Ribombee|75\/100\n|\n|-heal|p2a: Great Tusk|47\/100 brn|[from] item: Leftovers\n|-damage|p2a: Great Tusk|41\/100 brn|[from] brn\n|upkeep\n|turn|6\n|\n|t:|1700332722\n|move|p1a: Ribombee|Moonblast|p2a: Great Tusk\n|-supereffective|p2a: Great Tusk\n|-damage|p2a: Great Tusk|0 fnt\n|faint|p2a: Great Tusk\n|-end|p2a: Great Tusk|Protosynthesis|[silent]\n|\n|upkeep\n|\n|t:|1700332736\n|switch|p2a: Charizard|Charizard, M|100\/100\n|turn|7\n|\n|t:|1700332739\n|move|p1a: Ribombee|Stun Spore|p2a: Charizard|[miss]\n|-miss|p1a: Ribombee|p2a: Charizard\n|move|p2a: Charizard|Dragon Dance|p2a: Charizard\n|-boost|p2a: Charizard|atk|1\n|-boost|p2a: Charizard|spe|1\n|\n|upkeep\n|turn|8\n|\n|t:|1700332744\n|move|p2a: Charizard|Flare Blitz|p1a: Ribombee\n|-supereffective|p1a: Ribombee\n|-damage|p1a: Ribombee|0 fnt\n|faint|p1a: Ribombee\n|-damage|p2a: Charizard|79\/100|[from] Recoil\n|\n|upkeep\n|\n|t:|1700332749\n|switch|p1a: Ogerpon|Ogerpon-Wellspring, F|100\/100\n|turn|9\n|\n|t:|1700332756\n|detailschange|p2a: Charizard|Charizard-Mega-X, M\n|-mega|p2a: Charizard|Charizard|Charizardite X\n|-terastallize|p1a: Ogerpon|Water\n|detailschange|p1a: Ogerpon|Ogerpon-Wellspring-Tera, F, tera:Water\n|-ability|p1a: Ogerpon|Embody Aspect (Wellspring)|boost\n|-boost|p1a: Ogerpon|spd|1\n|move|p2a: Charizard|Flare Blitz|p1a: Ogerpon\n|-resisted|p1a: Ogerpon\n|-damage|p1a: Ogerpon|19\/100\n|-damage|p2a: Charizard|52\/100|[from] Recoil\n|move|p1a: Ogerpon|Ivy Cudgel|p2a: Charizard|[anim] Ivy Cudgel Water\n|-damage|p2a: Charizard|0 fnt\n|faint|p2a: Charizard\n|\n|upkeep\n|\n|t:|1700332773\n|switch|p2a: Meowscarada|Meowscarada, M|100\/100\n|turn|10\n|\n|t:|1700332778\n|move|p2a: Meowscarada|Flower Trick|p1a: Ogerpon\n|-start|p2a: Meowscarada|typechange|Grass|[from] ability: Protean\n|-supereffective|p1a: Ogerpon\n|-crit|p1a: Ogerpon\n|-damage|p1a: Ogerpon|0 fnt\n|faint|p1a: Ogerpon\n|\n|upkeep\n|\n|t:|1700332780\n|switch|p1a: Maushold|Maushold|100\/100\n|turn|11\n|\n|t:|1700332789\n|move|p2a: Meowscarada|Flower Trick|p1a: Maushold\n|-crit|p1a: Maushold\n|-damage|p1a: Maushold|22\/100\n|move|p1a: Maushold|Tidy Up|p1a: Maushold\n|-boost|p1a: Maushold|atk|1\n|-boost|p1a: Maushold|spe|1\n|\n|upkeep\n|turn|12\n|\n|t:|1700332800\n|move|p1a: Maushold|Population Bomb|p2a: Meowscarada\n|-damage|p2a: Meowscarada|76\/100\n|-damage|p2a: Meowscarada|49\/100\n|-damage|p2a: Meowscarada|23\/100\n|-damage|p2a: Meowscarada|0 fnt\n|faint|p2a: Meowscarada\n|-hitcount|p2: Meowscarada|4\n|\n|upkeep\n|\n|t:|1700332811\n|switch|p2a: Rotom|Rotom-Wash|100\/100\n|turn|13\n|\n|t:|1700332817\n|move|p1a: Maushold|Population Bomb|p2a: Rotom\n|-damage|p2a: Rotom|82\/100\n|-damage|p2a: Rotom|66\/100\n|-damage|p2a: Rotom|50\/100\n|-damage|p2a: Rotom|31\/100\n|-damage|p2a: Rotom|15\/100\n|-damage|p2a: Rotom|0 fnt\n|faint|p2a: Rotom\n|-hitcount|p2: Rotom|6\n|\n|upkeep\n|\n|t:|1700332830\n|switch|p2a: Ninetales|Ninetales-Alola, M|100\/100\n|-weather|Snow|[from] ability: Snow Warning|[of] p2a: Ninetales\n|turn|14\n|\n|t:|1700332836\n|move|p1a: Maushold|Population Bomb|p2a: Ninetales\n|-damage|p2a: Ninetales|83\/100\n|-damage|p2a: Ninetales|67\/100\n|-damage|p2a: Ninetales|51\/100\n|-damage|p2a: Ninetales|36\/100\n|-damage|p2a: Ninetales|20\/100\n|-damage|p2a: Ninetales|3\/100\n|-damage|p2a: Ninetales|0 fnt\n|faint|p2a: Ninetales\n|-hitcount|p2: Ninetales|7\n|\n|win|bamsnoozled\n|raw|bamsnoozled's rating: 1167 &rarr; <strong>1193<\/strong><br \/>(+26 for winning)\n|raw|amongolo569's rating: 1184 &rarr; <strong>1158<\/strong><br \/>(-26 for losing)\n|l|\u2606bamsnoozled\n","uploadtime":1700332874,"views":6,"p1id":"bamsnoozled","p2id":"amongolo569","formatid":"gen9nationaldex","rating":1158,"private":0,"password":""}