{"id":"gen9nationaldex-1988354517","p1":"akxhdwy","p2":"qingxiaoqin","format":"[Gen 9] National Dex","log":"|j|\u2606akxhdwy\n|j|\u2606qingxiaoqin\n|t:|1699713033\n|gametype|singles\n|player|p1|akxhdwy|101|1641\n|player|p2|qingxiaoqin|1|1568\n|teamsize|p1|6\n|teamsize|p2|6\n|gen|9\n|tier|[Gen 9] National Dex\n|rated|\n|rule|HP Percentage Mod: HP is shown in percentages\n|rule|Endless Battle Clause: Forcing endless battles is banned\n|rule|OHKO Clause: OHKO moves are banned\n|rule|Evasion Clause: Evasion abilities, items, and moves are banned\n|rule|Evasion Abilities Clause: Evasion abilities are banned\n|rule|Evasion Items Clause: Evasion items are banned\n|rule|Evasion Moves Clause: Evasion moves are banned\n|rule|Species Clause: Limit one of each Pok\u00e9mon\n|rule|Sleep Clause Mod: Limit one foe put to sleep\n|clearpoke\n|poke|p1|Pelipper, M|\n|poke|p1|Barraskewda, M|\n|poke|p1|Swampert, M|\n|poke|p1|Moltres|\n|poke|p1|Kingdra, M|\n|poke|p1|Tapu Lele|\n|poke|p2|Swampert, F|\n|poke|p2|Pelipper, M|\n|poke|p2|Hoopa-Unbound|\n|poke|p2|Corviknight, M|\n|poke|p2|Glimmora, F|\n|poke|p2|Urshifu-*, F|\n|teampreview\n|inactive|Battle timer is ON: inactive players will automatically lose when time's up. (requested by akxhdwy)\n|\n|t:|1699713051\n|start\n|switch|p1a: Barraskewda|Barraskewda, M, shiny|100\/100\n|switch|p2a: Pelipper|Pelipper, M|100\/100\n|-weather|RainDance|[from] ability: Drizzle|[of] p2a: Pelipper\n|turn|1\n|\n|t:|1699713073\n|move|p1a: Barraskewda|Flip Turn|p2a: Pelipper\n|-resisted|p2a: Pelipper\n|-damage|p2a: Pelipper|49\/100\n|\n|t:|1699713088\n|switch|p1a: Swampert|Swampert, M|100\/100|[from] Flip Turn\n|move|p2a: Pelipper|Hurricane|p1a: Swampert\n|-damage|p1a: Swampert|20\/100\n|-start|p1a: Swampert|confusion\n|\n|-weather|RainDance|[upkeep]\n|upkeep\n|turn|2\n|\n|t:|1699713112\n|switch|p2a: Corviknight|Corviknight, M|100\/100\n|detailschange|p1a: Swampert|Swampert-Mega, M\n|-mega|p1a: Swampert|Swampert|Swampertite\n|-activate|p1a: Swampert|confusion\n|-damage|p1a: Swampert|4\/100|[from] confusion\n|\n|-weather|RainDance|[upkeep]\n|upkeep\n|turn|3\n|\n|t:|1699713121\n|-end|p1a: Swampert|confusion\n|move|p1a: Swampert|Flip Turn|p2a: Corviknight\n|-damage|p2a: Corviknight|57\/100\n|\n|t:|1699713130\n|switch|p1a: Kingdra|Kingdra, M|100\/100|[from] Flip Turn\n|move|p2a: Corviknight|Agility|p2a: Corviknight\n|-boost|p2a: Corviknight|spe|2\n|\n|-weather|RainDance|[upkeep]\n|upkeep\n|turn|4\n|inactive|qingxiaoqin has 120 seconds left.\n|\n|t:|1699713164\n|move|p1a: Kingdra|Surf|p2a: Corviknight\n|-damage|p2a: Corviknight|0 fnt\n|faint|p2a: Corviknight\n|\n|-weather|RainDance|[upkeep]\n|upkeep\n|\n|t:|1699713169\n|switch|p2a: Hoopa|Hoopa-Unbound|100\/100\n|turn|5\n|\n|t:|1699713179\n|switch|p1a: Swampert|Swampert-Mega, M|4\/100\n|move|p2a: Hoopa|Dark Pulse|p1a: Swampert\n|-damage|p1a: Swampert|0 fnt\n|faint|p1a: Swampert\n|\n|-weather|none\n|upkeep\n|\n|t:|1699713182\n|switch|p1a: Pelipper|Pelipper, M|100\/100\n|-weather|RainDance|[from] ability: Drizzle|[of] p1a: Pelipper\n|turn|6\n|inactive|qingxiaoqin has 120 seconds left.\n|\n|t:|1699713222\n|-terastallize|p2a: Hoopa|Dark\n|move|p2a: Hoopa|Dark Pulse|p1a: Pelipper\n|-damage|p1a: Pelipper|0 fnt\n|faint|p1a: Pelipper\n|\n|-weather|RainDance|[upkeep]\n|upkeep\n|\n|t:|1699713227\n|switch|p1a: Barraskewda|Barraskewda, M, shiny|100\/100\n|turn|7\n|inactive|qingxiaoqin has 90 seconds left.\n|\n|t:|1699713274\n|switch|p2a: Glimmora|Glimmora, F|100\/100\n|-terastallize|p1a: Barraskewda|Water\n|move|p1a: Barraskewda|Liquidation|p2a: Glimmora\n|-supereffective|p2a: Glimmora\n|-enditem|p2a: Glimmora|Focus Sash\n|-damage|p2a: Glimmora|1\/100\n|-activate|p2a: Glimmora|ability: Toxic Debris\n|-sidestart|p1: akxhdwy|move: Toxic Spikes\n|\n|-weather|RainDance|[upkeep]\n|upkeep\n|turn|8\n|\n|t:|1699713294\n|move|p1a: Barraskewda|Liquidation|p2a: Glimmora\n|-supereffective|p2a: Glimmora\n|-damage|p2a: Glimmora|0 fnt\n|-activate|p2a: Glimmora|ability: Toxic Debris\n|-sidestart|p1: akxhdwy|move: Toxic Spikes\n|faint|p2a: Glimmora\n|\n|-weather|RainDance|[upkeep]\n|upkeep\n|\n|t:|1699713312\n|switch|p2a: Urshifu|Urshifu-Rapid-Strike, F|100\/100\n|turn|9\n|inactive|qingxiaoqin has 60 seconds left.\n|\n|t:|1699713345\n|move|p1a: Barraskewda|Liquidation|p2a: Urshifu\n|-resisted|p2a: Urshifu\n|-damage|p2a: Urshifu|28\/100\n|move|p2a: Urshifu|Surging Strikes|p1a: Barraskewda\n|-resisted|p1a: Barraskewda\n|-crit|p1a: Barraskewda\n|-damage|p1a: Barraskewda|57\/100\n|-resisted|p1a: Barraskewda\n|-crit|p1a: Barraskewda\n|-damage|p1a: Barraskewda|10\/100\n|-resisted|p1a: Barraskewda\n|-crit|p1a: Barraskewda\n|-damage|p1a: Barraskewda|0 fnt\n|faint|p1a: Barraskewda\n|-hitcount|p1: Barraskewda|3\n|\n|-weather|RainDance|[upkeep]\n|upkeep\n|\n|t:|1699713360\n|switch|p1a: Moltres|Moltres|100\/100\n|turn|10\n|inactive|qingxiaoqin has 60 seconds left.\n|\n|t:|1699713379\n|move|p2a: Urshifu|Surging Strikes|p1a: Moltres\n|-supereffective|p1a: Moltres\n|-crit|p1a: Moltres\n|-damage|p1a: Moltres|42\/100\n|-supereffective|p1a: Moltres\n|-crit|p1a: Moltres\n|-damage|p1a: Moltres|0 fnt\n|faint|p1a: Moltres\n|-hitcount|p1: Moltres|2\n|\n|-weather|RainDance|[upkeep]\n|upkeep\n|\n|t:|1699713389\n|switch|p1a: Kingdra|Kingdra, M|100\/100\n|-status|p1a: Kingdra|tox\n|turn|11\n|inactive|qingxiaoqin has 60 seconds left.\n|inactive|qingxiaoqin has 30 seconds left.\n|inactive|qingxiaoqin has 20 seconds left.\n|\n|t:|1699713441\n|switch|p2a: Pelipper|Pelipper, M|49\/100\n|move|p1a: Kingdra|Surf|p2a: Pelipper\n|-resisted|p2a: Pelipper\n|-damage|p2a: Pelipper|0 fnt\n|faint|p2a: Pelipper\n|\n|-weather|RainDance|[upkeep]\n|-damage|p1a: Kingdra|94\/100 tox|[from] psn\n|upkeep\n|inactive|qingxiaoqin has 25 seconds left this turn.\n|inactive|qingxiaoqin has 20 seconds left.\n|inactive|qingxiaoqin has 15 seconds left.\n|inactive|qingxiaoqin has 10 seconds left.\n|\n|t:|1699713458\n|switch|p2a: Urshifu|Urshifu-Rapid-Strike, F|28\/100\n|turn|12\n|inactive|qingxiaoqin has 20 seconds left this turn.\n|\n|t:|1699713462\n|move|p2a: Urshifu|Aqua Jet|p1a: Kingdra\n|-resisted|p1a: Kingdra\n|-damage|p1a: Kingdra|80\/100 tox\n|move|p1a: Kingdra|Surf|p2a: Urshifu\n|-resisted|p2a: Urshifu\n|-damage|p2a: Urshifu|0 fnt\n|faint|p2a: Urshifu\n|\n|-weather|RainDance|[upkeep]\n|-damage|p1a: Kingdra|67\/100 tox|[from] psn\n|upkeep\n|inactive|qingxiaoqin has 25 seconds left this turn.\n|inactive|qingxiaoqin has 20 seconds left.\n|inactive|qingxiaoqin has 15 seconds left.\n|\n|t:|1699713475\n|switch|p2a: Hoopa|Hoopa-Unbound, tera:Dark|100\/100\n|turn|13\n|inactive|qingxiaoqin has 25 seconds left this turn.\n|\n|t:|1699713485\n|move|p1a: Kingdra|Surf|p2a: Hoopa\n|-damage|p2a: Hoopa|10\/100\n|move|p2a: Hoopa|Dark Pulse|p1a: Kingdra\n|-damage|p1a: Kingdra|0 fnt\n|faint|p1a: Kingdra\n|\n|-weather|none\n|upkeep\n|inactive|qingxiaoqin has 30 seconds left this turn.\n|\n|t:|1699713489\n|switch|p1a: Tapu Lele|Tapu Lele|100\/100\n|-status|p1a: Tapu Lele|tox\n|-fieldstart|move: Psychic Terrain|[from] ability: Psychic Surge|[of] p1a: Tapu Lele\n|turn|14\n|\n|t:|1699713495\n|move|p1a: Tapu Lele|Moonblast|p2a: Hoopa\n|-supereffective|p2a: Hoopa\n|-damage|p2a: Hoopa|0 fnt\n|faint|p2a: Hoopa\n|\n|-damage|p1a: Tapu Lele|94\/100 tox|[from] psn\n|upkeep\n|\n|t:|1699713497\n|switch|p2a: Swampert|Swampert, F|100\/100\n|turn|15\n|\n|t:|1699713501\n|detailschange|p2a: Swampert|Swampert-Mega, F\n|-mega|p2a: Swampert|Swampert|Swampertite\n|move|p1a: Tapu Lele|Moonblast|p2a: Swampert\n|-damage|p2a: Swampert|36\/100\n|move|p2a: Swampert|Rain Dance|p2a: Swampert\n|-weather|RainDance\n|\n|-weather|RainDance|[upkeep]\n|-damage|p1a: Tapu Lele|82\/100 tox|[from] psn\n|upkeep\n|turn|16\n|inactive|qingxiaoqin has 60 seconds left.\n|\n|t:|1699713511\n|move|p2a: Swampert|Waterfall|p1a: Tapu Lele\n|-damage|p1a: Tapu Lele|0 fnt\n|faint|p1a: Tapu Lele\n|\n|win|qingxiaoqin\n|raw|akxhdwy's rating: 1641 &rarr; <strong>1618<\/strong><br \/>(-23 for losing)\n|raw|qingxiaoqin's rating: 1581 &rarr; <strong>1604<\/strong><br \/>(+23 for winning)\n|l|\u2606akxhdwy\n","uploadtime":1699713522,"views":8,"p1id":"akxhdwy","p2id":"qingxiaoqin","formatid":"gen9nationaldex","rating":1604,"private":0,"password":""}