{"id":"gen9nationaldex-1990827518","p1":"Kuzwa","p2":"Zayko_096","format":"[Gen 9] National Dex","log":"|j|\u2606Kuzwa\n|j|\u2606Zayko_096\n|t:|1700004950\n|gametype|singles\n|player|p1|Kuzwa|parasollady|1400\n|player|p2|Zayko_096|colress|1316\n|teamsize|p1|6\n|teamsize|p2|6\n|gen|9\n|tier|[Gen 9] National Dex\n|rated|\n|rule|HP Percentage Mod: HP is shown in percentages\n|rule|Endless Battle Clause: Forcing endless battles is banned\n|rule|OHKO Clause: OHKO moves are banned\n|rule|Evasion Clause: Evasion abilities, items, and moves are banned\n|rule|Evasion Abilities Clause: Evasion abilities are banned\n|rule|Evasion Items Clause: Evasion items are banned\n|rule|Evasion Moves Clause: Evasion moves are banned\n|rule|Species Clause: Limit one of each Pok\u00e9mon\n|rule|Sleep Clause Mod: Limit one foe put to sleep\n|clearpoke\n|poke|p1|Gallade, M|\n|poke|p1|Kartana|\n|poke|p1|Weavile, M|\n|poke|p1|Ogerpon-Wellspring, F|\n|poke|p1|Zeraora|\n|poke|p1|Glimmora, M|\n|poke|p2|Veluza, M|\n|poke|p2|Pelipper, F|\n|poke|p2|Dragonite, F|\n|poke|p2|Banette, F|\n|poke|p2|Sneasler, M|\n|poke|p2|Porygon2|\n|teampreview\n|\n|t:|1700004954\n|start\n|switch|p1a: thing|Glimmora, M|100\/100\n|switch|p2a: Pelipper|Pelipper, F|100\/100\n|-item|p1a: thing|Air Balloon\n|-weather|RainDance|[from] ability: Drizzle|[of] p2a: Pelipper\n|turn|1\n|\n|t:|1700004959\n|move|p1a: thing|Power Gem|p2a: Pelipper\n|-supereffective|p2a: Pelipper\n|-damage|p2a: Pelipper|0 fnt\n|faint|p2a: Pelipper\n|\n|-weather|RainDance|[upkeep]\n|upkeep\n|\n|t:|1700004964\n|switch|p2a: Veluza|Veluza, M|100\/100\n|turn|2\n|\n|t:|1700004967\n|move|p1a: thing|Sludge Wave|p2a: Veluza\n|-damage|p2a: Veluza|26\/100\n|-enditem|p2a: Veluza|Sitrus Berry|[eat]\n|-heal|p2a: Veluza|50\/100|[from] item: Sitrus Berry\n|move|p2a: Veluza|Psycho Cut|p1a: thing\n|-supereffective|p1a: thing\n|-damage|p1a: thing|0 fnt\n|-activate|p1a: thing|ability: Toxic Debris\n|-sidestart|p2: Zayko_096|move: Toxic Spikes\n|-enditem|p1a: thing|Air Balloon\n|faint|p1a: thing\n|\n|-weather|RainDance|[upkeep]\n|upkeep\n|\n|t:|1700004990\n|switch|p1a: Makoto Yuki|Kartana, shiny|100\/100\n|turn|3\n|\n|t:|1700004995\n|move|p1a: Makoto Yuki|Leaf Blade|p2a: Veluza\n|-supereffective|p2a: Veluza\n|-damage|p2a: Veluza|0 fnt\n|faint|p2a: Veluza\n|-ability|p1a: Makoto Yuki|Beast Boost|boost\n|-boost|p1a: Makoto Yuki|atk|1\n|\n|-weather|RainDance|[upkeep]\n|upkeep\n|\n|t:|1700005007\n|switch|p2a: Sneasler|Sneasler, M|100\/100\n|-sideend|p2: Zayko_096|move: Toxic Spikes|[of] p2a: Sneasler\n|turn|4\n|\n|t:|1700005010\n|move|p2a: Sneasler|Fake Out|p1a: Makoto Yuki\n|-enditem|p2a: Sneasler|Normal Gem|[from] gem\n|-resisted|p1a: Makoto Yuki\n|-damage|p1a: Makoto Yuki|90\/100\n|cant|p1a: Makoto Yuki|flinch\n|\n|-weather|RainDance|[upkeep]\n|upkeep\n|turn|5\n|\n|t:|1700005014\n|move|p2a: Sneasler|Brick Break|p1a: Makoto Yuki\n|-supereffective|p1a: Makoto Yuki\n|-damage|p1a: Makoto Yuki|0 fnt\n|faint|p1a: Makoto Yuki\n|\n|-weather|RainDance|[upkeep]\n|upkeep\n|\n|t:|1700005026\n|switch|p1a: Junpei Iori|Weavile, M, shiny|100\/100\n|turn|6\n|\n|t:|1700005029\n|move|p2a: Sneasler|Brick Break|p1a: Junpei Iori\n|-supereffective|p1a: Junpei Iori\n|-enditem|p1a: Junpei Iori|Focus Sash\n|-damage|p1a: Junpei Iori|1\/100\n|move|p1a: Junpei Iori|Psycho Cut|p2a: Sneasler\n|-supereffective|p2a: Sneasler\n|-damage|p2a: Sneasler|0 fnt\n|faint|p2a: Sneasler\n|\n|-weather|RainDance|[upkeep]\n|upkeep\n|\n|t:|1700005034\n|switch|p2a: Porygon2|Porygon2|100\/100\n|-ability|p2a: Porygon2|Download|boost\n|-boost|p2a: Porygon2|atk|1\n|turn|7\n|\n|t:|1700005037\n|move|p1a: Junpei Iori|Throat Chop|p2a: Porygon2\n|-damage|p2a: Porygon2|70\/100\n|-start|p2a: Porygon2|Throat Chop|[silent]\n|move|p2a: Porygon2|Tri Attack|p1a: Junpei Iori\n|-damage|p1a: Junpei Iori|0 fnt\n|faint|p1a: Junpei Iori\n|\n|-weather|RainDance|[upkeep]\n|upkeep\n|\n|t:|1700005049\n|switch|p1a: Ryoji Mochizuki|Gallade, M, shiny|100\/100\n|turn|8\n|\n|t:|1700005055\n|-terastallize|p2a: Porygon2|Ghost\n|move|p1a: Ryoji Mochizuki|Night Slash|p2a: Porygon2\n|-supereffective|p2a: Porygon2\n|-damage|p2a: Porygon2|19\/100\n|move|p2a: Porygon2|Shadow Ball|p1a: Ryoji Mochizuki\n|-supereffective|p1a: Ryoji Mochizuki\n|-damage|p1a: Ryoji Mochizuki|16\/100\n|\n|-weather|none\n|-end|p2a: Porygon2|Throat Chop|[silent]\n|upkeep\n|turn|9\n|\n|t:|1700005061\n|move|p1a: Ryoji Mochizuki|Psycho Cut|p2a: Porygon2\n|-damage|p2a: Porygon2|0 fnt\n|faint|p2a: Porygon2\n|\n|upkeep\n|\n|t:|1700005066\n|switch|p2a: Banette|Banette, F|100\/100\n|-item|p1a: Ryoji Mochizuki|Galladite|[from] ability: Frisk|[of] p2a: Banette|[identify]\n|turn|10\n|\n|t:|1700005068\n|detailschange|p2a: Banette|Banette-Mega, F\n|-mega|p2a: Banette|Banette|Banettite\n|move|p2a: Banette|Thunder Wave|p1a: Ryoji Mochizuki\n|-status|p1a: Ryoji Mochizuki|par\n|move|p1a: Ryoji Mochizuki|Night Slash|p2a: Banette\n|-supereffective|p2a: Banette\n|-damage|p2a: Banette|3\/100\n|\n|upkeep\n|turn|11\n|\n|t:|1700005075\n|move|p2a: Banette|Shadow Claw|p1a: Ryoji Mochizuki\n|-supereffective|p1a: Ryoji Mochizuki\n|-damage|p1a: Ryoji Mochizuki|0 fnt\n|faint|p1a: Ryoji Mochizuki\n|\n|upkeep\n|\n|t:|1700005084\n|switch|p1a: Aigis|Ogerpon-Wellspring, F|100\/100\n|turn|12\n|\n|t:|1700005087\n|move|p2a: Banette|Destiny Bond|p2a: Banette\n|-singlemove|p2a: Banette|Destiny Bond\n|move|p1a: Aigis|U-turn|p2a: Banette\n|-resisted|p2a: Banette\n|-damage|p2a: Banette|0 fnt\n|faint|p2a: Banette\n|-activate|p2a: Banette|move: Destiny Bond\n|faint|p1a: Aigis\n|\n|upkeep\n|\n|t:|1700005089\n|switch|p1a: Ken Amada|Zeraora|100\/100\n|switch|p2a: Dragonite|Dragonite, F|100\/100\n|turn|13\n|\n|t:|1700005094\n|move|p1a: Ken Amada|Fake Out|p2a: Dragonite\n|-damage|p2a: Dragonite|93\/100\n|cant|p2a: Dragonite|flinch\n|\n|upkeep\n|turn|14\n|\n|t:|1700005102\n|-terastallize|p1a: Ken Amada|Flying\n|move|p1a: Ken Amada|Plasma Fists|p2a: Dragonite\n|-damage|p2a: Dragonite|36\/100\n|-fieldactivate|move: Ion Deluge\n|-hint|Normal-type moves become Electric-type after using Plasma Fists.\n|move|p2a: Dragonite|Dragon Dance|p2a: Dragonite\n|-boost|p2a: Dragonite|atk|1\n|-boost|p2a: Dragonite|spe|1\n|\n|upkeep\n|turn|15\n|\n|t:|1700005113\n|move|p2a: Dragonite|Extreme Speed|p1a: Ken Amada\n|-enditem|p2a: Dragonite|Normal Gem|[from] gem\n|-damage|p1a: Ken Amada|13\/100\n|move|p1a: Ken Amada|Plasma Fists|p2a: Dragonite\n|-damage|p2a: Dragonite|0 fnt\n|-fieldactivate|move: Ion Deluge\n|-hint|Normal-type moves become Electric-type after using Plasma Fists.\n|faint|p2a: Dragonite\n|\n|win|Kuzwa\n|raw|Kuzwa's rating: 1400 &rarr; <strong>1415<\/strong><br \/>(+15 for winning)\n|raw|Zayko_096's rating: 1316 &rarr; <strong>1301<\/strong><br \/>(-15 for losing)\n","uploadtime":1700005122,"views":4,"p1id":"kuzwa","p2id":"zayko096","formatid":"gen9nationaldex","rating":1301,"private":0,"password":""}