{"id":"gen9nationaldex-1995716962","p1":"Guillarco28","p2":"PolyBlank404","format":"[Gen 9] National Dex","log":"|html|<div class=\"broadcast-blue\"><strong>[Gen 9] National Dex is currently suspecting Sneasler! For information on how to participate check out the <a href=\"https:\/\/www.smogon.com\/forums\/threads\/sv-national-dex-suspect-8-just-dance.3731534\/\">suspect thread<\/a>.<\/strong><\/div>\n|j|\u2606Guillarco28\n|j|\u2606PolyBlank404\n|t:|1700596597\n|gametype|singles\n|player|p1|Guillarco28|acetrainer|\n|player|p2|PolyBlank404|ethan|\n|teamsize|p1|6\n|teamsize|p2|6\n|gen|9\n|tier|[Gen 9] National Dex\n|rule|HP Percentage Mod: HP is shown in percentages\n|rule|Endless Battle Clause: Forcing endless battles is banned\n|rule|OHKO Clause: OHKO moves are banned\n|rule|Evasion Clause: Evasion abilities, items, and moves are banned\n|rule|Evasion Abilities Clause: Evasion abilities are banned\n|rule|Evasion Items Clause: Evasion items are banned\n|rule|Evasion Moves Clause: Evasion moves are banned\n|rule|Species Clause: Limit one of each Pok\u00e9mon\n|rule|Sleep Clause Mod: Limit one foe put to sleep\n|clearpoke\n|poke|p1|Dondozo, F|\n|poke|p1|Maushold-Four|\n|poke|p1|Cinderace, F|\n|poke|p1|Gliscor, M|\n|poke|p1|Eiscue, F|\n|poke|p1|Diancie|\n|poke|p2|Iron Moth|\n|poke|p2|Ninetales-Alola, M|\n|poke|p2|Okidogi, M|\n|poke|p2|Iron Jugulis|\n|poke|p2|Sceptile, F|\n|poke|p2|Aegislash, F|\n|teampreview\n|j| hideyourpineapples\n|\n|t:|1700596649\n|start\n|switch|p1a: Bad Bunny|Cinderace, F|100\/100\n|switch|p2a: Okidogi|Okidogi, M|100\/100\n|turn|1\n|\n|t:|1700596700\n|-terastallize|p2a: Okidogi|Fighting\n|move|p1a: Bad Bunny|U-turn|p2a: Okidogi\n|-start|p1a: Bad Bunny|typechange|Bug|[from] ability: Libero\n|-resisted|p2a: Okidogi\n|-damage|p2a: Okidogi|85\/100\n|-damage|p1a: Bad Bunny|84\/100|[from] item: Rocky Helmet|[of] p2a: Okidogi\n|\n|t:|1700596712\n|switch|p1a: mi ex t\u00f3xica|Gliscor, M, shiny|100\/100|[from] U-turn\n|move|p2a: Okidogi|Gunk Shot|p1a: mi ex t\u00f3xica\n|-resisted|p1a: mi ex t\u00f3xica\n|-damage|p1a: mi ex t\u00f3xica|75\/100\n|-status|p1a: mi ex t\u00f3xica|psn\n|\n|-heal|p1a: mi ex t\u00f3xica|88\/100 psn|[from] ability: Poison Heal\n|upkeep\n|turn|2\n|\n|t:|1700596741\n|switch|p2a: Ninetales|Ninetales-Alola, M|100\/100\n|-weather|Snow|[from] ability: Snow Warning|[of] p2a: Ninetales\n|move|p1a: mi ex t\u00f3xica|Knock Off|p2a: Ninetales\n|-resisted|p2a: Ninetales\n|-damage|p2a: Ninetales|90\/100\n|-enditem|p2a: Ninetales|Heavy-Duty Boots|[from] move: Knock Off|[of] p1a: mi ex t\u00f3xica\n|\n|-weather|Snow|[upkeep]\n|-heal|p1a: mi ex t\u00f3xica|99\/100 psn|[from] ability: Poison Heal\n|upkeep\n|turn|3\n|\n|t:|1700596768\n|switch|p1a: Bad Bunny|Cinderace, F|84\/100\n|move|p2a: Ninetales|Blizzard|p1a: Bad Bunny\n|-resisted|p1a: Bad Bunny\n|-crit|p1a: Bad Bunny\n|-damage|p1a: Bad Bunny|53\/100\n|\n|-weather|Snow|[upkeep]\n|upkeep\n|turn|4\n|\n|t:|1700596786\n|switch|p2a: Iron Moth|Iron Moth|100\/100\n|-enditem|p2a: Iron Moth|Booster Energy\n|-activate|p2a: Iron Moth|ability: Quark Drive|[fromitem]\n|-start|p2a: Iron Moth|quarkdrivespa\n|move|p1a: Bad Bunny|Pyro Ball|p2a: Iron Moth\n|-resisted|p2a: Iron Moth\n|-damage|p2a: Iron Moth|50\/100\n|\n|-weather|Snow|[upkeep]\n|upkeep\n|turn|5\n|\n|t:|1700596832\n|move|p1a: Bad Bunny|U-turn|p2a: Iron Moth\n|-start|p1a: Bad Bunny|typechange|Bug|[from] ability: Libero\n|-resisted|p2a: Iron Moth\n|-damage|p2a: Iron Moth|36\/100\n|\n|t:|1700596836\n|switch|p1a: mi ex t\u00f3xica|Gliscor, M, shiny|99\/100 psn|[from] U-turn\n|move|p2a: Iron Moth|Discharge|p1a: mi ex t\u00f3xica\n|-immune|p1a: mi ex t\u00f3xica\n|\n|-weather|Snow|[upkeep]\n|-heal|p1a: mi ex t\u00f3xica|100\/100 psn|[from] ability: Poison Heal\n|upkeep\n|turn|6\n|\n|t:|1700596845\n|-end|p2a: Iron Moth|Quark Drive|[silent]\n|switch|p2a: Ninetales|Ninetales-Alola, M|90\/100\n|move|p1a: mi ex t\u00f3xica|Earthquake|p2a: Ninetales\n|-damage|p2a: Ninetales|52\/100\n|\n|-weather|none\n|upkeep\n|turn|7\n|\n|t:|1700596856\n|switch|p1a: Bad Bunny|Cinderace, F|53\/100\n|move|p2a: Ninetales|Chilling Water|p1a: Bad Bunny\n|-supereffective|p1a: Bad Bunny\n|-damage|p1a: Bad Bunny|26\/100\n|-unboost|p1a: Bad Bunny|atk|1\n|\n|upkeep\n|turn|8\n|\n|t:|1700596873\n|move|p1a: Bad Bunny|Pyro Ball|p2a: Ninetales\n|-supereffective|p2a: Ninetales\n|-damage|p2a: Ninetales|0 fnt\n|faint|p2a: Ninetales\n|\n|upkeep\n|\n|t:|1700596882\n|switch|p2a: Iron Jugulis|Iron Jugulis|100\/100\n|turn|9\n|\n|t:|1700596915\n|move|p1a: Bad Bunny|U-turn|p2a: Iron Jugulis\n|-start|p1a: Bad Bunny|typechange|Bug|[from] ability: Libero\n|-damage|p2a: Iron Jugulis|72\/100\n|\n|t:|1700596923\n|switch|p1a: Ariana Grande|Diancie|100\/100|[from] U-turn\n|move|p2a: Iron Jugulis|Air Slash|p1a: Ariana Grande|[miss]\n|-miss|p2a: Iron Jugulis|p1a: Ariana Grande\n|\n|-heal|p2a: Iron Jugulis|78\/100|[from] item: Leftovers\n|upkeep\n|turn|10\n|\n|t:|1700596966\n|-end|p2a: Iron Jugulis|Quark Drive|[silent]\n|switch|p2a: Aegislash|Aegislash, F|100\/100\n|detailschange|p1a: Ariana Grande|Diancie-Mega\n|-mega|p1a: Ariana Grande|Diancie|Diancite\n|move|p1a: Ariana Grande|Diamond Storm|p2a: Aegislash\n|-resisted|p2a: Aegislash\n|-damage|p2a: Aegislash|79\/100\n|\n|upkeep\n|turn|11\n|\n|t:|1700596994\n|move|p1a: Ariana Grande|Mystical Fire|p2a: Aegislash\n|-supereffective|p2a: Aegislash\n|-damage|p2a: Aegislash|32\/100\n|-unboost|p2a: Aegislash|spa|1\n|move|p2a: Aegislash|Swords Dance|p2a: Aegislash\n|-boost|p2a: Aegislash|atk|2\n|\n|upkeep\n|turn|12\n|\n|t:|1700597008\n|-formechange|p2a: Aegislash|Aegislash-Blade||[from] ability: Stance Change\n|move|p2a: Aegislash|Shadow Sneak|p1a: Ariana Grande\n|-damage|p1a: Ariana Grande|34\/100\n|move|p1a: Ariana Grande|Mystical Fire|p2a: Aegislash\n|-supereffective|p2a: Aegislash\n|-crit|p2a: Aegislash\n|-damage|p2a: Aegislash|0 fnt\n|faint|p2a: Aegislash\n|\n|upkeep\n|\n|t:|1700597016\n|switch|p2a: Sceptile|Sceptile, F|100\/100\n|turn|13\n|\n|t:|1700597074\n|switch|p1a: Vin Diesel|Maushold-Four|100\/100\n|detailschange|p2a: Sceptile|Sceptile-Mega, F\n|-mega|p2a: Sceptile|Sceptile|Sceptilite\n|move|p2a: Sceptile|Leaf Blade|p1a: Vin Diesel\n|-damage|p1a: Vin Diesel|30\/100\n|\n|upkeep\n|turn|14\n|\n|t:|1700597088\n|move|p2a: Sceptile|Drain Punch|p1a: Vin Diesel\n|-supereffective|p1a: Vin Diesel\n|-damage|p1a: Vin Diesel|0 fnt\n|faint|p1a: Vin Diesel\n|\n|upkeep\n|\n|t:|1700597128\n|switch|p1a: PinguAlCubo|Eiscue, F|100\/100\n|turn|15\n|\n|t:|1700597146\n|move|p2a: Sceptile|Drain Punch|p1a: PinguAlCubo\n|-activate|p1a: PinguAlCubo|ability: Ice Face\n|-damage|p1a: PinguAlCubo|100\/100\n|detailschange|p1a: PinguAlCubo|Eiscue-Noice, F\n|move|p1a: PinguAlCubo|Ice Spinner|p2a: Sceptile\n|-supereffective|p2a: Sceptile\n|-damage|p2a: Sceptile|0 fnt\n|faint|p2a: Sceptile\n|\n|upkeep\n|\n|t:|1700597157\n|switch|p2a: Iron Moth|Iron Moth|36\/100\n|turn|16\n|\n|t:|1700597171\n|move|p1a: PinguAlCubo|Zen Headbutt|p2a: Iron Moth\n|-supereffective|p2a: Iron Moth\n|-damage|p2a: Iron Moth|0 fnt\n|faint|p2a: Iron Moth\n|-end|p2a: Iron Moth|Quark Drive|[silent]\n|\n|upkeep\n|\n|t:|1700597175\n|switch|p2a: Okidogi|Okidogi, M, tera:Fighting|85\/100\n|turn|17\n|\n|t:|1700597189\n|move|p1a: PinguAlCubo|Zen Headbutt|p2a: Okidogi\n|-supereffective|p2a: Okidogi\n|-damage|p2a: Okidogi|51\/100\n|-damage|p1a: PinguAlCubo|84\/100|[from] item: Rocky Helmet|[of] p2a: Okidogi\n|cant|p2a: Okidogi|flinch\n|\n|upkeep\n|turn|18\n|\n|t:|1700597219\n|switch|p1a: mi ex t\u00f3xica|Gliscor, M, shiny|100\/100 psn\n|move|p2a: Okidogi|Close Combat|p1a: mi ex t\u00f3xica\n|-resisted|p1a: mi ex t\u00f3xica\n|-damage|p1a: mi ex t\u00f3xica|67\/100 psn\n|-unboost|p2a: Okidogi|def|1\n|-unboost|p2a: Okidogi|spd|1\n|\n|-heal|p1a: mi ex t\u00f3xica|79\/100 psn|[from] ability: Poison Heal\n|upkeep\n|turn|19\n|\n|t:|1700597248\n|switch|p2a: Iron Jugulis|Iron Jugulis|78\/100\n|move|p1a: mi ex t\u00f3xica|Knock Off|p2a: Iron Jugulis\n|-resisted|p2a: Iron Jugulis\n|-damage|p2a: Iron Jugulis|65\/100\n|-enditem|p2a: Iron Jugulis|Leftovers|[from] move: Knock Off|[of] p1a: mi ex t\u00f3xica\n|\n|-heal|p1a: mi ex t\u00f3xica|91\/100 psn|[from] ability: Poison Heal\n|upkeep\n|turn|20\n|\n|t:|1700597279\n|move|p1a: mi ex t\u00f3xica|Protect|p1a: mi ex t\u00f3xica\n|-singleturn|p1a: mi ex t\u00f3xica|Protect\n|move|p2a: Iron Jugulis|Dragon Pulse|p1a: mi ex t\u00f3xica\n|-activate|p1a: mi ex t\u00f3xica|move: Protect\n|\n|-heal|p1a: mi ex t\u00f3xica|100\/100 psn|[from] ability: Poison Heal\n|upkeep\n|turn|21\n|\n|t:|1700597309\n|switch|p1a: Ariana Grande|Diancie-Mega|34\/100\n|move|p2a: Iron Jugulis|Dragon Pulse|p1a: Ariana Grande\n|-immune|p1a: Ariana Grande\n|\n|upkeep\n|turn|22\n|\n|t:|1700597328\n|move|p1a: Ariana Grande|Moonblast|p2a: Iron Jugulis\n|-supereffective|p2a: Iron Jugulis\n|-damage|p2a: Iron Jugulis|0 fnt\n|faint|p2a: Iron Jugulis\n|-end|p2a: Iron Jugulis|Quark Drive|[silent]\n|\n|upkeep\n|\n|t:|1700597330\n|switch|p2a: Okidogi|Okidogi, M, tera:Fighting|51\/100\n|turn|23\n|\n|t:|1700597336\n|move|p1a: Ariana Grande|Moonblast|p2a: Okidogi\n|-supereffective|p2a: Okidogi\n|-damage|p2a: Okidogi|0 fnt\n|faint|p2a: Okidogi\n|\n|win|Guillarco28\n|l|\u2606PolyBlank404\n","uploadtime":1700597383,"views":13,"p1id":"guillarco28","p2id":"polyblank404","formatid":"gen9nationaldex","rating":0,"private":0,"password":""}