{"id":"gen9nationaldex-1994666676","p1":"Kaegun","p2":"zhangsangua","format":"[Gen 9] National Dex","log":"|html|<div class=\"broadcast-blue\"><strong>[Gen 9] National Dex is currently suspecting Sneasler! For information on how to participate check out the <a href=\"https:\/\/www.smogon.com\/forums\/threads\/sv-national-dex-suspect-8-just-dance.3731534\/\">suspect thread<\/a>.<\/strong><\/div>\n|j|\u2606Kaegun\n|j|\u2606zhangsangua\n|t:|1700478069\n|gametype|singles\n|player|p1|Kaegun|ultraforestkartenvoy|1262\n|player|p2|zhangsangua|rocketgrunt|1318\n|teamsize|p1|6\n|teamsize|p2|6\n|gen|9\n|tier|[Gen 9] National Dex\n|rated|\n|rule|HP Percentage Mod: HP is shown in percentages\n|rule|Endless Battle Clause: Forcing endless battles is banned\n|rule|OHKO Clause: OHKO moves are banned\n|rule|Evasion Clause: Evasion abilities, items, and moves are banned\n|rule|Evasion Abilities Clause: Evasion abilities are banned\n|rule|Evasion Items Clause: Evasion items are banned\n|rule|Evasion Moves Clause: Evasion moves are banned\n|rule|Species Clause: Limit one of each Pok\u00e9mon\n|rule|Sleep Clause Mod: Limit one foe put to sleep\n|clearpoke\n|poke|p1|Tapu Koko|\n|poke|p1|Urshifu-*, F|\n|poke|p1|Iron Valiant|\n|poke|p1|Iron Moth|\n|poke|p1|Sneasler, F|\n|poke|p1|Ting-Lu|\n|poke|p2|Banette, M|\n|poke|p2|Maushold-Four|\n|poke|p2|Hoopa-Unbound|\n|poke|p2|Magnezone|\n|poke|p2|Garchomp, M|\n|poke|p2|Ribombee, M|\n|teampreview\n|inactive|Battle timer is ON: inactive players will automatically lose when time's up. (requested by Kaegun)\n|\n|t:|1700478082\n|start\n|switch|p1a: Tapu Koko|Tapu Koko|100\/100\n|switch|p2a: Banette|Banette, M|100\/100\n|-fieldstart|move: Electric Terrain|[from] ability: Electric Surge|[of] p1a: Tapu Koko\n|-item|p1a: Tapu Koko|Heavy-Duty Boots|[from] ability: Frisk|[of] p2a: Banette|[identify]\n|turn|1\n|\n|t:|1700478085\n|detailschange|p2a: Banette|Banette-Mega, M\n|-mega|p2a: Banette|Banette|Banettite\n|move|p2a: Banette|Destiny Bond|p2a: Banette\n|-singlemove|p2a: Banette|Destiny Bond\n|move|p1a: Tapu Koko|Dazzling Gleam|p2a: Banette\n|-damage|p2a: Banette|68\/100\n|\n|upkeep\n|turn|2\n|\n|t:|1700478091\n|move|p1a: Tapu Koko|Volt Switch|p2a: Banette\n|-damage|p2a: Banette|32\/100\n|\n|t:|1700478096\n|switch|p1a: Ting-Lu|Ting-Lu|100\/100|[from] Volt Switch\n|-ability|p1a: Ting-Lu|Vessel of Ruin\n|move|p2a: Banette|Knock Off|p1a: Ting-Lu\n|-resisted|p1a: Ting-Lu\n|-crit|p1a: Ting-Lu\n|-damage|p1a: Ting-Lu|84\/100\n|-enditem|p1a: Ting-Lu|Red Card|[from] move: Knock Off|[of] p2a: Banette\n|\n|upkeep\n|turn|3\n|\n|t:|1700478107\n|switch|p2a: Ribombee|Ribombee, M|100\/100\n|move|p1a: Ting-Lu|Whirlwind|p2a: Ribombee\n|drag|p2a: Garchomp|Garchomp, M|100\/100\n|\n|upkeep\n|turn|4\n|\n|t:|1700478113\n|switch|p1a: Urshifu|Urshifu-Rapid-Strike, F|100\/100\n|move|p2a: Garchomp|Swords Dance|p2a: Garchomp\n|-boost|p2a: Garchomp|atk|2\n|\n|upkeep\n|turn|5\n|\n|t:|1700478126\n|switch|p2a: Magnezone|Magnezone|100\/100\n|move|p1a: Urshifu|U-turn|p2a: Magnezone\n|-resisted|p2a: Magnezone\n|-damage|p2a: Magnezone|88\/100\n|\n|t:|1700478133\n|switch|p1a: Iron Moth|Iron Moth|100\/100|[from] U-turn\n|-activate|p1a: Iron Moth|ability: Quark Drive\n|-start|p1a: Iron Moth|quarkdrivespe\n|\n|-fieldend|move: Electric Terrain\n|-end|p1a: Iron Moth|Quark Drive\n|upkeep\n|turn|6\n|\n|t:|1700478147\n|move|p1a: Iron Moth|U-turn|p2a: Magnezone\n|-resisted|p2a: Magnezone\n|-damage|p2a: Magnezone|82\/100\n|\n|t:|1700478152\n|-end|p1a: Iron Moth|Quark Drive|[silent]\n|switch|p1a: Ting-Lu|Ting-Lu|84\/100|[from] U-turn\n|-ability|p1a: Ting-Lu|Vessel of Ruin\n|move|p2a: Magnezone|Mirror Coat||[still]\n|-fail|p2a: Magnezone\n|\n|upkeep\n|turn|7\n|\n|t:|1700478162\n|switch|p2a: Ribombee|Ribombee, M|100\/100\n|move|p1a: Ting-Lu|Whirlwind|p2a: Ribombee\n|drag|p2a: Hoopa|Hoopa-Unbound|100\/100\n|\n|upkeep\n|turn|8\n|\n|t:|1700478170\n|-terastallize|p2a: Hoopa|Dark\n|move|p2a: Hoopa|Hyperspace Fury|p1a: Ting-Lu\n|-resisted|p1a: Ting-Lu\n|-crit|p1a: Ting-Lu\n|-damage|p1a: Ting-Lu|55\/100\n|-unboost|p2a: Hoopa|def|1\n|-enditem|p2a: Hoopa|Eject Pack\n|\n|t:|1700478180\n|switch|p2a: Ribombee|Ribombee, M|100\/100\n|move|p1a: Ting-Lu|Stealth Rock|p2a: Ribombee\n|-sidestart|p2: zhangsangua|move: Stealth Rock\n|\n|upkeep\n|turn|9\n|\n|t:|1700478186\n|switch|p1a: Tapu Koko|Tapu Koko|100\/100\n|-fieldstart|move: Electric Terrain|[from] ability: Electric Surge|[of] p1a: Tapu Koko\n|move|p2a: Ribombee|Sticky Web|p1a: Tapu Koko\n|-sidestart|p1: Kaegun|move: Sticky Web\n|\n|upkeep\n|turn|10\n|\n|t:|1700478195\n|move|p1a: Tapu Koko|Dazzling Gleam|p2a: Ribombee\n|-damage|p2a: Ribombee|57\/100\n|move|p2a: Ribombee|Moonblast|p1a: Tapu Koko\n|-damage|p1a: Tapu Koko|52\/100\n|\n|upkeep\n|turn|11\n|\n|t:|1700478199\n|move|p1a: Tapu Koko|Dazzling Gleam|p2a: Ribombee\n|-damage|p2a: Ribombee|13\/100\n|move|p2a: Ribombee|Moonblast|p1a: Tapu Koko\n|-damage|p1a: Tapu Koko|6\/100\n|\n|upkeep\n|turn|12\n|\n|t:|1700478206\n|move|p1a: Tapu Koko|Roost|p1a: Tapu Koko\n|-heal|p1a: Tapu Koko|56\/100\n|-singleturn|p1a: Tapu Koko|move: Roost\n|move|p2a: Ribombee|Moonblast|p1a: Tapu Koko\n|-damage|p1a: Tapu Koko|7\/100\n|\n|upkeep\n|turn|13\n|\n|t:|1700478209\n|move|p1a: Tapu Koko|Volt Switch|p2a: Ribombee\n|-damage|p2a: Ribombee|0 fnt\n|faint|p2a: Ribombee\n|\n|t:|1700478212\n|switch|p1a: Iron Moth|Iron Moth|100\/100|[from] Volt Switch\n|-activate|p1a: Iron Moth|ability: Quark Drive\n|-start|p1a: Iron Moth|quarkdrivespe\n|\n|-fieldend|move: Electric Terrain\n|-end|p1a: Iron Moth|Quark Drive\n|upkeep\n|\n|t:|1700478223\n|switch|p2a: Maushold|Maushold-Four|100\/100\n|-damage|p2a: Maushold|88\/100|[from] Stealth Rock\n|turn|14\n|\n|t:|1700478235\n|-end|p1a: Iron Moth|Quark Drive|[silent]\n|switch|p1a: Ting-Lu|Ting-Lu|55\/100\n|-activate|p1a: Ting-Lu|move: Sticky Web\n|-unboost|p1a: Ting-Lu|spe|1\n|-ability|p1a: Ting-Lu|Vessel of Ruin\n|move|p2a: Maushold|Population Bomb|p1a: Ting-Lu\n|-damage|p1a: Ting-Lu|50\/100\n|-damage|p1a: Ting-Lu|45\/100\n|-damage|p1a: Ting-Lu|40\/100\n|-crit|p1a: Ting-Lu\n|-damage|p1a: Ting-Lu|33\/100\n|-damage|p1a: Ting-Lu|27\/100\n|-damage|p1a: Ting-Lu|22\/100\n|-damage|p1a: Ting-Lu|17\/100\n|-damage|p1a: Ting-Lu|12\/100\n|-hitcount|p1a: Ting-Lu|8\n|\n|upkeep\n|turn|15\n|\n|t:|1700478244\n|-terastallize|p1a: Ting-Lu|Ghost\n|move|p2a: Maushold|Tidy Up|p2a: Maushold\n|-sideend|p2: zhangsangua|Stealth Rock\n|-sideend|p1: Kaegun|Sticky Web\n|-activate|p2a: Maushold|move: Tidy Up\n|-boost|p2a: Maushold|atk|1\n|-boost|p2a: Maushold|spe|1\n|move|p1a: Ting-Lu|Whirlwind|p2a: Maushold\n|drag|p2a: Magnezone|Magnezone|82\/100\n|\n|upkeep\n|turn|16\n|\n|t:|1700478257\n|move|p2a: Magnezone|Volt Switch|p1a: Ting-Lu\n|-damage|p1a: Ting-Lu|0 fnt\n|faint|p1a: Ting-Lu\n|\n|t:|1700478263\n|switch|p2a: Garchomp|Garchomp, M|100\/100|[from] Volt Switch\n|\n|upkeep\n|\n|t:|1700478269\n|switch|p1a: Iron Valiant|Iron Valiant|100\/100\n|turn|17\n|\n|t:|1700478276\n|move|p1a: Iron Valiant|Moonblast|p2a: Garchomp\n|-supereffective|p2a: Garchomp\n|-damage|p2a: Garchomp|0 fnt\n|faint|p2a: Garchomp\n|\n|upkeep\n|\n|t:|1700478280\n|switch|p2a: Magnezone|Magnezone|82\/100\n|turn|18\n|\n|t:|1700478287\n|-end|p1a: Iron Valiant|Quark Drive|[silent]\n|switch|p1a: Iron Moth|Iron Moth|100\/100\n|move|p2a: Magnezone|Volt Switch|p1a: Iron Moth\n|-damage|p1a: Iron Moth|59\/100\n|\n|t:|1700478291\n|switch|p2a: Banette|Banette-Mega, M|32\/100|[from] Volt Switch\n|\n|upkeep\n|turn|19\n|\n|t:|1700478296\n|-end|p1a: Iron Moth|Quark Drive|[silent]\n|switch|p1a: Tapu Koko|Tapu Koko|7\/100\n|-fieldstart|move: Electric Terrain|[from] ability: Electric Surge|[of] p1a: Tapu Koko\n|move|p2a: Banette|Destiny Bond|p2a: Banette\n|-singlemove|p2a: Banette|Destiny Bond\n|\n|upkeep\n|turn|20\n|\n|t:|1700478300\n|move|p2a: Banette|Shadow Sneak|p1a: Tapu Koko\n|-damage|p1a: Tapu Koko|0 fnt\n|faint|p1a: Tapu Koko\n|\n|upkeep\n|\n|t:|1700478305\n|switch|p1a: Sneasler|Sneasler, F, shiny|100\/100\n|-enditem|p1a: Sneasler|Electric Seed\n|-boost|p1a: Sneasler|def|1|[from] item: Electric Seed\n|turn|21\n|\n|t:|1700478310\n|move|p2a: Banette|Destiny Bond|p2a: Banette\n|-singlemove|p2a: Banette|Destiny Bond\n|move|p1a: Sneasler|Swords Dance|p1a: Sneasler\n|-boost|p1a: Sneasler|atk|2\n|\n|upkeep\n|turn|22\n|\n|t:|1700478315\n|move|p1a: Sneasler|Swords Dance|p1a: Sneasler\n|-boost|p1a: Sneasler|atk|2\n|move|p2a: Banette|Knock Off|p1a: Sneasler\n|-resisted|p1a: Sneasler\n|-damage|p1a: Sneasler|83\/100\n|\n|upkeep\n|turn|23\n|\n|t:|1700478319\n|move|p2a: Banette|Destiny Bond|p2a: Banette\n|-singlemove|p2a: Banette|Destiny Bond\n|move|p1a: Sneasler|Swords Dance|p1a: Sneasler\n|-boost|p1a: Sneasler|atk|2\n|\n|-fieldend|move: Electric Terrain\n|upkeep\n|turn|24\n|\n|t:|1700478322\n|move|p1a: Sneasler|Swords Dance|p1a: Sneasler\n|-boost|p1a: Sneasler|atk|0\n|move|p2a: Banette|Knock Off|p1a: Sneasler\n|-resisted|p1a: Sneasler\n|-damage|p1a: Sneasler|65\/100\n|\n|upkeep\n|turn|25\n|\n|t:|1700478326\n|move|p2a: Banette|Destiny Bond|p2a: Banette\n|-singlemove|p2a: Banette|Destiny Bond\n|move|p1a: Sneasler|Swords Dance|p1a: Sneasler\n|-boost|p1a: Sneasler|atk|0\n|\n|upkeep\n|turn|26\n|\n|t:|1700478330\n|move|p2a: Banette|Swords Dance|p2a: Banette\n|-boost|p2a: Banette|atk|2\n|move|p1a: Sneasler|Swords Dance|p1a: Sneasler\n|-boost|p1a: Sneasler|atk|0\n|\n|upkeep\n|turn|27\n|\n|t:|1700478335\n|move|p2a: Banette|Destiny Bond|p2a: Banette\n|-singlemove|p2a: Banette|Destiny Bond\n|move|p1a: Sneasler|Swords Dance|p1a: Sneasler\n|-boost|p1a: Sneasler|atk|0\n|\n|upkeep\n|turn|28\n|\n|t:|1700478341\n|move|p1a: Sneasler|Swords Dance|p1a: Sneasler\n|-boost|p1a: Sneasler|atk|0\n|move|p2a: Banette|Knock Off|p1a: Sneasler\n|-resisted|p1a: Sneasler\n|-damage|p1a: Sneasler|29\/100\n|\n|upkeep\n|turn|29\n|\n|t:|1700478347\n|move|p2a: Banette|Destiny Bond|p2a: Banette\n|-singlemove|p2a: Banette|Destiny Bond\n|move|p1a: Sneasler|Acrobatics|p2a: Banette\n|-damage|p2a: Banette|0 fnt\n|faint|p2a: Banette\n|-activate|p2a: Banette|move: Destiny Bond\n|faint|p1a: Sneasler\n|\n|upkeep\n|\n|t:|1700478356\n|switch|p1a: Urshifu|Urshifu-Rapid-Strike, F|100\/100\n|switch|p2a: Hoopa|Hoopa-Unbound, tera:Dark|100\/100\n|turn|30\n|\n|t:|1700478361\n|move|p1a: Urshifu|Close Combat|p2a: Hoopa\n|-supereffective|p2a: Hoopa\n|-damage|p2a: Hoopa|0 fnt\n|-unboost|p1a: Urshifu|def|1\n|-unboost|p1a: Urshifu|spd|1\n|faint|p2a: Hoopa\n|\n|upkeep\n|\n|t:|1700478364\n|switch|p2a: Maushold|Maushold-Four|88\/100\n|turn|31\n|\n|t:|1700478366\n|move|p1a: Urshifu|Close Combat|p2a: Maushold\n|-supereffective|p2a: Maushold\n|-damage|p2a: Maushold|0 fnt\n|-unboost|p1a: Urshifu|def|1\n|-unboost|p1a: Urshifu|spd|1\n|faint|p2a: Maushold\n|\n|upkeep\n|-message|zhangsangua forfeited.\n|\n|win|Kaegun\n|raw|Kaegun's rating: 1262 &rarr; <strong>1291<\/strong><br \/>(+29 for winning)\n|raw|zhangsangua's rating: 1318 &rarr; <strong>1295<\/strong><br \/>(-23 for losing)\n|l|\u2606zhangsangua\n","uploadtime":1700478375,"views":21,"p1id":"kaegun","p2id":"zhangsangua","formatid":"gen9nationaldex","rating":1291,"private":0,"password":""}