{"id":"gen9nationaldex-1995397588","p1":"sgzf","p2":"uMedcuzBed","format":"[Gen 9] National Dex","log":"|html|<div class=\"broadcast-blue\"><strong>[Gen 9] National Dex is currently suspecting Sneasler! For information on how to participate check out the <a href=\"https:\/\/www.smogon.com\/forums\/threads\/sv-national-dex-suspect-8-just-dance.3731534\/\">suspect thread<\/a>.<\/strong><\/div>\n|j|\u2606sgzf\n|j|\u2606uMedcuzBed\n|t:|1700565397\n|gametype|singles\n|player|p1|sgzf|dawn-gen4pt|1140\n|player|p2|uMedcuzBed|170|1053\n|teamsize|p1|6\n|teamsize|p2|6\n|gen|9\n|tier|[Gen 9] National Dex\n|rated|\n|rule|HP Percentage Mod: HP is shown in percentages\n|rule|Endless Battle Clause: Forcing endless battles is banned\n|rule|OHKO Clause: OHKO moves are banned\n|rule|Evasion Clause: Evasion abilities, items, and moves are banned\n|rule|Evasion Abilities Clause: Evasion abilities are banned\n|rule|Evasion Items Clause: Evasion items are banned\n|rule|Evasion Moves Clause: Evasion moves are banned\n|rule|Species Clause: Limit one of each Pok\u00e9mon\n|rule|Sleep Clause Mod: Limit one foe put to sleep\n|clearpoke\n|poke|p1|Garchomp, M|\n|poke|p1|Ferrothorn, F|\n|poke|p1|Lopunny, F|\n|poke|p1|Moltres|\n|poke|p1|Slowking-Galar, M|\n|poke|p1|Corviknight, M|\n|poke|p2|Blacephalon|\n|poke|p2|Landorus-Therian, M|\n|poke|p2|Diancie|\n|poke|p2|Golem-Alola, M|\n|poke|p2|Azelf|\n|poke|p2|Metagross|\n|teampreview\n|\n|t:|1700565410\n|start\n|switch|p1a: Ferrothorn|Ferrothorn, F|100\/100\n|switch|p2a: Diancie|Diancie|100\/100\n|turn|1\n|inactive|Battle timer is ON: inactive players will automatically lose when time's up. (requested by sgzf)\n|\n|t:|1700565417\n|detailschange|p2a: Diancie|Diancie-Mega\n|-mega|p2a: Diancie|Diancie|Diancite\n|move|p2a: Diancie|Diamond Storm|p1a: Ferrothorn\n|-resisted|p1a: Ferrothorn\n|-damage|p1a: Ferrothorn|81\/100\n|-boost|p2a: Diancie|def|2\n|move|p1a: Ferrothorn|Thunder Wave|p2a: Diancie\n|move|p2a: Diancie|Thunder Wave|p1a: Ferrothorn|[from]ability: Magic Bounce|[miss]\n|-miss|p2a: Diancie|p1a: Ferrothorn\n|\n|-heal|p1a: Ferrothorn|87\/100|[from] item: Leftovers\n|upkeep\n|turn|2\n|\n|t:|1700565431\n|move|p2a: Diancie|Diamond Storm|p1a: Ferrothorn\n|-resisted|p1a: Ferrothorn\n|-damage|p1a: Ferrothorn|69\/100\n|move|p1a: Ferrothorn|Spikes|p2a: Diancie\n|move|p2a: Diancie|Spikes|p1a: Ferrothorn|[from]ability: Magic Bounce\n|-sidestart|p1: sgzf|Spikes\n|\n|-heal|p1a: Ferrothorn|75\/100|[from] item: Leftovers\n|upkeep\n|turn|3\n|\n|t:|1700565449\n|switch|p1a: Slowking|Slowking-Galar, M|100\/100\n|move|p2a: Diancie|Diamond Storm|p1a: Slowking|[miss]\n|-miss|p2a: Diancie|p1a: Slowking\n|\n|upkeep\n|turn|4\n|\n|t:|1700565462\n|move|p2a: Diancie|Diamond Storm|p1a: Slowking\n|-damage|p1a: Slowking|28\/100\n|move|p1a: Slowking|Sludge Bomb|p2a: Diancie\n|-damage|p2a: Diancie|58\/100\n|\n|upkeep\n|turn|5\n|\n|t:|1700565476\n|switch|p1a: Corviknight|Corviknight, M|100\/100\n|-ability|p1a: Corviknight|Pressure\n|move|p2a: Diancie|Diamond Storm|p1a: Corviknight\n|-damage|p1a: Corviknight|55\/100\n|\n|-heal|p1a: Corviknight|61\/100|[from] item: Leftovers\n|upkeep\n|turn|6\n|\n|t:|1700565488\n|switch|p2a: Metagross|Metagross|100\/100\n|move|p1a: Corviknight|Roost|p1a: Corviknight\n|-heal|p1a: Corviknight|100\/100\n|-singleturn|p1a: Corviknight|move: Roost\n|\n|upkeep\n|turn|7\n|\n|t:|1700565496\n|move|p2a: Metagross|Earthquake|p1a: Corviknight\n|-immune|p1a: Corviknight\n|move|p1a: Corviknight|Iron Defense|p1a: Corviknight\n|-boost|p1a: Corviknight|def|2\n|\n|upkeep\n|turn|8\n|\n|t:|1700565505\n|switch|p2a: Blacephalon|Blacephalon|100\/100\n|move|p1a: Corviknight|Iron Defense|p1a: Corviknight\n|-boost|p1a: Corviknight|def|2\n|\n|upkeep\n|turn|9\n|\n|t:|1700565514\n|-terastallize|p1a: Corviknight|Dragon\n|move|p2a: Blacephalon|Flame Charge|p1a: Corviknight\n|-resisted|p1a: Corviknight\n|-damage|p1a: Corviknight|96\/100\n|-boost|p2a: Blacephalon|spe|1\n|move|p1a: Corviknight|Body Press|p2a: Blacephalon\n|-immune|p2a: Blacephalon\n|\n|-heal|p1a: Corviknight|100\/100|[from] item: Leftovers\n|upkeep\n|turn|10\n|\n|t:|1700565526\n|move|p2a: Blacephalon|Flame Charge|p1a: Corviknight\n|-resisted|p1a: Corviknight\n|-damage|p1a: Corviknight|96\/100\n|-boost|p2a: Blacephalon|spe|1\n|move|p1a: Corviknight|Taunt|p2a: Blacephalon\n|-start|p2a: Blacephalon|move: Taunt\n|\n|-heal|p1a: Corviknight|100\/100|[from] item: Leftovers\n|upkeep\n|turn|11\n|\n|t:|1700565537\n|switch|p2a: Golem|Golem-Alola, M|100\/100\n|switch|p1a: Garchomp|Garchomp, M|100\/100\n|-damage|p1a: Garchomp|88\/100|[from] Spikes\n|\n|upkeep\n|turn|12\n|\n|t:|1700565544\n|move|p1a: Garchomp|Swords Dance|p1a: Garchomp\n|-boost|p1a: Garchomp|atk|2\n|move|p2a: Golem|Earthquake|p1a: Garchomp\n|-crit|p1a: Garchomp\n|-damage|p1a: Garchomp|8\/100\n|\n|upkeep\n|turn|13\n|\n|t:|1700565551\n|move|p1a: Garchomp|Earthquake|p2a: Golem\n|-supereffective|p2a: Golem\n|-damage|p2a: Golem|0 fnt\n|faint|p2a: Golem\n|\n|upkeep\n|\n|t:|1700565557\n|switch|p2a: Metagross|Metagross|100\/100\n|turn|14\n|\n|t:|1700565563\n|move|p1a: Garchomp|Earthquake|p2a: Metagross\n|-supereffective|p2a: Metagross\n|-damage|p2a: Metagross|0 fnt\n|faint|p2a: Metagross\n|\n|upkeep\n|\n|t:|1700565568\n|switch|p2a: Azelf|Azelf|100\/100\n|turn|15\n|\n|t:|1700565574\n|-zpower|p1a: Garchomp\n|move|p1a: Garchomp|Devastating Drake|p2a: Azelf|[zeffect]\n|-damage|p2a: Azelf|0 fnt\n|faint|p2a: Azelf\n|\n|upkeep\n|\n|t:|1700565582\n|switch|p2a: Diancie|Diancie-Mega|58\/100\n|turn|16\n|\n|t:|1700565588\n|move|p1a: Garchomp|Earthquake|p2a: Diancie\n|-supereffective|p2a: Diancie\n|-damage|p2a: Diancie|0 fnt\n|faint|p2a: Diancie\n|\n|upkeep\n|j| veil.of.maya2112\n|-message|uMedcuzBed forfeited.\n|\n|win|sgzf\n|raw|sgzf's rating: 1140 &rarr; <strong>1159<\/strong><br \/>(+19 for winning)\n|raw|uMedcuzBed's rating: 1053 &rarr; <strong>1039<\/strong><br \/>(-14 for losing)\n|l|\u2606uMedcuzBed\n","uploadtime":1700565598,"views":5,"p1id":"sgzf","p2id":"umedcuzbed","formatid":"gen9nationaldex","rating":1039,"private":0,"password":""}