{"id":"gen9nationaldex-1992923029","p1":"Stealeroflight","p2":"Bensan v","format":"[Gen 9] National Dex","log":"|j|\u2606Stealeroflight\n|j|\u2606Bensan v\n|t:|1700247159\n|gametype|singles\n|player|p1|Stealeroflight|bugcatcher-gen4dp|1011\n|player|p2|Bensan v|dawn|1013\n|teamsize|p1|6\n|teamsize|p2|1\n|gen|9\n|tier|[Gen 9] National Dex\n|rated|\n|rule|HP Percentage Mod: HP is shown in percentages\n|rule|Endless Battle Clause: Forcing endless battles is banned\n|rule|OHKO Clause: OHKO moves are banned\n|rule|Evasion Clause: Evasion abilities, items, and moves are banned\n|rule|Evasion Abilities Clause: Evasion abilities are banned\n|rule|Evasion Items Clause: Evasion items are banned\n|rule|Evasion Moves Clause: Evasion moves are banned\n|rule|Species Clause: Limit one of each Pok\u00e9mon\n|rule|Sleep Clause Mod: Limit one foe put to sleep\n|clearpoke\n|poke|p1|Beautifly, F|\n|poke|p1|Heracross, M|\n|poke|p1|Galvantula, M|\n|poke|p1|Kricketune, M|\n|poke|p1|Centiskorch, M|\n|poke|p1|Araquanid, F|\n|poke|p2|Ursaluna, F|\n|teampreview\n|\n|t:|1700247167\n|start\n|switch|p1a: Centiskorch|Centiskorch, M|100\/100\n|switch|p2a: Ursaluna|Ursaluna, F|100\/100\n|turn|1\n|\n|t:|1700247175\n|move|p2a: Ursaluna|Protect|p2a: Ursaluna\n|-singleturn|p2a: Ursaluna|Protect\n|move|p1a: Centiskorch|Will-O-Wisp|p2a: Ursaluna\n|-activate|p2a: Ursaluna|move: Protect\n|\n|-status|p2a: Ursaluna|brn|[from] item: Flame Orb\n|upkeep\n|turn|2\n|\n|t:|1700247186\n|-terastallize|p2a: Ursaluna|Normal\n|move|p1a: Centiskorch|Flamethrower|p2a: Ursaluna\n|-damage|p2a: Ursaluna|75\/100 brn\n|move|p2a: Ursaluna|Last Resort|p1a: Centiskorch\n|-damage|p1a: Centiskorch|0 fnt\n|faint|p1a: Centiskorch\n|\n|-damage|p2a: Ursaluna|69\/100 brn|[from] brn\n|upkeep\n|\n|t:|1700247197\n|switch|p1a: Araquanid|Araquanid, F, shiny|100\/100\n|turn|3\n|\n|t:|1700247201\n|move|p2a: Ursaluna|Last Resort|p1a: Araquanid\n|-damage|p1a: Araquanid|0 fnt\n|faint|p1a: Araquanid\n|\n|-damage|p2a: Ursaluna|63\/100 brn|[from] brn\n|upkeep\n|\n|t:|1700247208\n|switch|p1a: Hercules|Heracross, M|100\/100\n|turn|4\n|\n|t:|1700247214\n|detailschange|p1a: Hercules|Heracross-Mega, M\n|-mega|p1a: Hercules|Heracross|Heracronite\n|move|p2a: Ursaluna|Last Resort|p1a: Hercules\n|-damage|p1a: Hercules|0 fnt\n|faint|p1a: Hercules\n|\n|-damage|p2a: Ursaluna|56\/100 brn|[from] brn\n|upkeep\n|\n|t:|1700247224\n|switch|p1a: Electron|Galvantula, M, shiny|100\/100\n|turn|5\n|\n|t:|1700247227\n|move|p1a: Electron|Thunder|p2a: Ursaluna\n|-damage|p2a: Ursaluna|23\/100 brn\n|move|p2a: Ursaluna|Last Resort|p1a: Electron\n|-damage|p1a: Electron|0 fnt\n|faint|p1a: Electron\n|\n|-damage|p2a: Ursaluna|17\/100 brn|[from] brn\n|upkeep\n|\n|t:|1700247237\n|switch|p1a: Kricketune|Kricketune, M, shiny|100\/100\n|turn|6\n|\n|t:|1700247244\n|-terastallize|p1a: Kricketune|Bug\n|move|p2a: Ursaluna|Last Resort|p1a: Kricketune\n|-damage|p1a: Kricketune|0 fnt\n|faint|p1a: Kricketune\n|\n|-damage|p2a: Ursaluna|11\/100 brn|[from] brn\n|upkeep\n|\n|t:|1700247252\n|switch|p1a: Vicious|Beautifly, F|100\/100\n|turn|7\n|\n|t:|1700247257\n|move|p2a: Ursaluna|Last Resort|p1a: Vicious\n|-damage|p1a: Vicious|0 fnt\n|faint|p1a: Vicious\n|\n|win|Bensan v\n|raw|Stealeroflight's rating: 1011 &rarr; <strong>1000<\/strong><br \/>(-11 for losing)\n|raw|Bensan v's rating: 1013 &rarr; <strong>1051<\/strong><br \/>(+38 for winning)\n","uploadtime":1700247264,"views":6,"p1id":"stealeroflight","p2id":"bensanv","formatid":"gen9nationaldex","rating":1000,"private":0,"password":""}