{"id":"gen9nationaldex-1996807356","p1":"k1k2k3k4k5","p2":"6AwA9","format":"[Gen 9] National Dex","log":"|html|<div class=\"broadcast-blue\"><strong>[Gen 9] National Dex is currently suspecting Sneasler! For information on how to participate check out the <a href=\"https:\/\/www.smogon.com\/forums\/threads\/sv-national-dex-suspect-8-just-dance.3731534\/\">suspect thread<\/a>.<\/strong><\/div>\n|j|\u2606k1k2k3k4k5\n|j|\u26066AwA9\n|t:|1700728555\n|gametype|singles\n|player|p1|k1k2k3k4k5|fisherman-gen4|\n|player|p2|6AwA9|170|\n|teamsize|p1|6\n|teamsize|p2|6\n|gen|9\n|tier|[Gen 9] National Dex\n|rule|HP Percentage Mod: HP is shown in percentages\n|rule|Endless Battle Clause: Forcing endless battles is banned\n|rule|OHKO Clause: OHKO moves are banned\n|rule|Evasion Clause: Evasion abilities, items, and moves are banned\n|rule|Evasion Abilities Clause: Evasion abilities are banned\n|rule|Evasion Items Clause: Evasion items are banned\n|rule|Evasion Moves Clause: Evasion moves are banned\n|rule|Species Clause: Limit one of each Pok\u00e9mon\n|rule|Sleep Clause Mod: Limit one foe put to sleep\n|clearpoke\n|poke|p1|Rillaboom, F|\n|poke|p1|Heatran, M|\n|poke|p1|Urshifu-*, M|\n|poke|p1|Slowking-Galar, F|\n|poke|p1|Thundurus-Therian, M|\n|poke|p1|Weezing-Galar, M|\n|poke|p2|Ferrothorn, M|\n|poke|p2|Celesteela|\n|poke|p2|Corviknight, F|\n|poke|p2|Heatran, F|\n|poke|p2|Kartana|\n|poke|p2|Scizor, M|\n|teampreview\n|c|\u26066AwA9|\u55ef\uff1f\uff1f\n|c|\u2606k1k2k3k4k5|\u94a2\u94a2\u961f\n|\n|t:|1700728604\n|start\n|switch|p1a: Urshifu|Urshifu-Rapid-Strike, M|100\/100\n|switch|p2a: \u575a\u679c|Ferrothorn, M, shiny|100\/100\n|turn|1\n|\n|t:|1700728612\n|move|p1a: Urshifu|U-turn|p2a: \u575a\u679c\n|-damage|p2a: \u575a\u679c|73\/100\n|-damage|p1a: Urshifu|88\/100|[from] ability: Iron Barbs|[of] p2a: \u575a\u679c\n|\n|t:|1700728616\n|switch|p1a: Heatran|Heatran, M|100\/100|[from] U-turn\n|move|p2a: \u575a\u679c|Stealth Rock|p1a: Heatran\n|-sidestart|p1: k1k2k3k4k5|move: Stealth Rock\n|\n|upkeep\n|turn|2\n|\n|t:|1700728634\n|switch|p2a: \u53d8\u5f02\u722c\u866b|Heatran, F, shiny|100\/100\n|move|p1a: Heatran|Stealth Rock|p2a: \u53d8\u5f02\u722c\u866b\n|-sidestart|p2: 6AwA9|move: Stealth Rock\n|\n|upkeep\n|turn|3\n|\n|t:|1700728646\n|move|p1a: Heatran|Earth Power|p2a: \u53d8\u5f02\u722c\u866b\n|-supereffective|p2a: \u53d8\u5f02\u722c\u866b\n|-damage|p2a: \u53d8\u5f02\u722c\u866b|20\/100\n|move|p2a: \u53d8\u5f02\u722c\u866b|Earth Power|p1a: Heatran\n|-supereffective|p1a: Heatran\n|-damage|p1a: Heatran|12\/100\n|\n|-heal|p1a: Heatran|19\/100|[from] item: Leftovers\n|upkeep\n|turn|4\n|c|\u26066AwA9|\u4f60\u62c9\u901f\u4e86\uff1f\n|c|\u2606k1k2k3k4k5|\u5bf9\n|\n|t:|1700728655\n|switch|p2a: \u94c1\u9e21|Corviknight, F|100\/100\n|-damage|p2a: \u94c1\u9e21|88\/100|[from] Stealth Rock\n|move|p1a: Heatran|Earth Power|p2a: \u94c1\u9e21\n|-immune|p2a: \u94c1\u9e21\n|\n|-heal|p1a: Heatran|25\/100|[from] item: Leftovers\n|upkeep\n|turn|5\n|\n|t:|1700728659\n|move|p1a: Heatran|Magma Storm|p2a: \u94c1\u9e21\n|-supereffective|p2a: \u94c1\u9e21\n|-damage|p2a: \u94c1\u9e21|24\/100\n|-activate|p2a: \u94c1\u9e21|move: Magma Storm|[of] p1a: Heatran\n|move|p2a: \u94c1\u9e21|Body Press|p1a: Heatran\n|-supereffective|p1a: Heatran\n|-damage|p1a: Heatran|0 fnt\n|faint|p1a: Heatran\n|\n|-end|p2a: \u94c1\u9e21|Magma Storm|[partiallytrapped]|[silent]\n|upkeep\n|c|\u26066AwA9|\u597d\u5427\n|\n|t:|1700728671\n|switch|p1a: Urshifu|Urshifu-Rapid-Strike, M|88\/100\n|-damage|p1a: Urshifu|82\/100|[from] Stealth Rock\n|turn|6\n|\n|t:|1700728701\n|move|p1a: Urshifu|Close Combat|p2a: \u94c1\u9e21\n|-damage|p2a: \u94c1\u9e21|0 fnt\n|-unboost|p1a: Urshifu|def|1\n|-unboost|p1a: Urshifu|spd|1\n|-damage|p1a: Urshifu|66\/100|[from] item: Rocky Helmet|[of] p2a: \u94c1\u9e21\n|faint|p2a: \u94c1\u9e21\n|\n|upkeep\n|\n|t:|1700728711\n|switch|p2a: \u706b\u7bad|Celesteela, shiny|100\/100\n|-damage|p2a: \u706b\u7bad|88\/100|[from] Stealth Rock\n|turn|7\n|\n|t:|1700728729\n|switch|p1a: Slowking|Slowking-Galar, F|100\/100\n|move|p2a: \u706b\u7bad|Air Slash|p1a: Slowking\n|-damage|p1a: Slowking|74\/100\n|\n|upkeep\n|turn|8\n|\n|t:|1700728739\n|move|p2a: \u706b\u7bad|Meteor Beam||[still]\n|-prepare|p2a: \u706b\u7bad|Meteor Beam\n|-boost|p2a: \u706b\u7bad|spa|1\n|-enditem|p2a: \u706b\u7bad|Power Herb\n|-anim|p2a: \u706b\u7bad|Meteor Beam|p1a: Slowking\n|-damage|p1a: Slowking|30\/100\n|move|p1a: Slowking|Thunder Wave|p2a: \u706b\u7bad\n|-status|p2a: \u706b\u7bad|par\n|\n|upkeep\n|turn|9\n|\n|t:|1700728747\n|move|p2a: \u706b\u7bad|Air Slash|p1a: Slowking\n|-damage|p1a: Slowking|0 fnt\n|faint|p1a: Slowking\n|-ability|p2a: \u706b\u7bad|Beast Boost|boost\n|-boost|p2a: \u706b\u7bad|spa|1\n|\n|upkeep\n|\n|t:|1700728756\n|switch|p1a: Thundurus|Thundurus-Therian, M|100\/100\n|-damage|p1a: Thundurus|76\/100|[from] Stealth Rock\n|turn|10\n|\n|t:|1700728760\n|-terastallize|p2a: \u706b\u7bad|Ground\n|move|p1a: Thundurus|Volt Switch|p2a: \u706b\u7bad\n|-immune|p2a: \u706b\u7bad\n|move|p2a: \u706b\u7bad|Meteor Beam||[still]\n|-prepare|p2a: \u706b\u7bad|Meteor Beam\n|-boost|p2a: \u706b\u7bad|spa|1\n|\n|upkeep\n|turn|11\n|\n|t:|1700728769\n|switch|p1a: Weezing|Weezing-Galar, M|100\/100\n|-ability|p1a: Weezing|Neutralizing Gas\n|-damage|p1a: Weezing|88\/100|[from] Stealth Rock\n|cant|p2a: \u706b\u7bad|par\n|\n|-heal|p1a: Weezing|94\/100|[from] item: Leftovers\n|upkeep\n|turn|12\n|c|\u26066AwA9|\ud83d\ude20\n|\n|t:|1700728782\n|move|p1a: Weezing|Strange Steam|p2a: \u706b\u7bad\n|-damage|p2a: \u706b\u7bad|63\/100 par\n|-start|p2a: \u706b\u7bad|confusion\n|-activate|p2a: \u706b\u7bad|confusion\n|move|p2a: \u706b\u7bad|Meteor Beam||[still]\n|-prepare|p2a: \u706b\u7bad|Meteor Beam\n|-boost|p2a: \u706b\u7bad|spa|1\n|\n|-heal|p1a: Weezing|99\/100|[from] item: Leftovers\n|upkeep\n|turn|13\n|c|\u26066AwA9|\u5173\u952e\u65f6\u523b\u9ebb\u75f9\n|\n|t:|1700728786\n|move|p1a: Weezing|Strange Steam|p2a: \u706b\u7bad\n|-damage|p2a: \u706b\u7bad|33\/100 par\n|-activate|p2a: \u706b\u7bad|confusion\n|move|p2a: \u706b\u7bad|Meteor Beam|p1a: Weezing|[from]lockedmove|[miss]\n|-miss|p2a: \u706b\u7bad|p1a: Weezing\n|\n|-heal|p1a: Weezing|100\/100|[from] item: Leftovers\n|upkeep\n|turn|14\n|c|\u26066AwA9|\u4f60\n|c|\u26066AwA9|\u53c8\u9ebb\u75f9\u53c8\u7729\u6655\u53c8miss\n|\n|t:|1700728815\n|move|p1a: Weezing|Strange Steam|p2a: \u706b\u7bad\n|-damage|p2a: \u706b\u7bad|5\/100 par\n|-end|p2a: \u706b\u7bad|confusion\n|move|p2a: \u706b\u7bad|Flamethrower|p1a: Weezing\n|-damage|p1a: Weezing|0 fnt\n|faint|p1a: Weezing\n|-end|p1a: Weezing|ability: Neutralizing Gas\n|-ability|p2a: \u706b\u7bad|Beast Boost|boost\n|-boost|p2a: \u706b\u7bad|spa|1\n|\n|upkeep\n|\n|t:|1700728830\n|switch|p1a: Rillaboom|Rillaboom, F|100\/100\n|-damage|p1a: Rillaboom|88\/100|[from] Stealth Rock\n|-fieldstart|move: Grassy Terrain|[from] ability: Grassy Surge|[of] p1a: Rillaboom\n|turn|15\n|\n|t:|1700728837\n|move|p1a: Rillaboom|U-turn|p2a: \u706b\u7bad\n|-damage|p2a: \u706b\u7bad|0 fnt\n|faint|p2a: \u706b\u7bad\n|\n|t:|1700728846\n|switch|p1a: Thundurus|Thundurus-Therian, M|76\/100|[from] U-turn\n|-damage|p1a: Thundurus|51\/100|[from] Stealth Rock\n|\n|upkeep\n|\n|t:|1700728849\n|switch|p2a: \u575a\u679c|Ferrothorn, M, shiny|73\/100\n|-damage|p2a: \u575a\u679c|67\/100|[from] Stealth Rock\n|turn|16\n|\n|t:|1700728856\n|move|p1a: Thundurus|Volt Switch|p2a: \u575a\u679c\n|-resisted|p2a: \u575a\u679c\n|-damage|p2a: \u575a\u679c|49\/100\n|\n|t:|1700728860\n|switch|p1a: Urshifu|Urshifu-Rapid-Strike, M|66\/100|[from] Volt Switch\n|-damage|p1a: Urshifu|59\/100|[from] Stealth Rock\n|move|p2a: \u575a\u679c|Gyro Ball|p1a: Urshifu\n|-resisted|p1a: Urshifu\n|-crit|p1a: Urshifu\n|-damage|p1a: Urshifu|8\/100\n|\n|-heal|p1a: Urshifu|15\/100|[from] Grassy Terrain\n|-heal|p2a: \u575a\u679c|55\/100|[from] Grassy Terrain\n|upkeep\n|turn|17\n|\n|t:|1700728862\n|move|p1a: Urshifu|Close Combat|p2a: \u575a\u679c\n|-supereffective|p2a: \u575a\u679c\n|-damage|p2a: \u575a\u679c|0 fnt\n|-unboost|p1a: Urshifu|def|1\n|-unboost|p1a: Urshifu|spd|1\n|-damage|p1a: Urshifu|2\/100|[from] ability: Iron Barbs|[of] p2a: \u575a\u679c\n|faint|p2a: \u575a\u679c\n|\n|-heal|p1a: Urshifu|8\/100|[from] Grassy Terrain\n|upkeep\n|\n|t:|1700728866\n|switch|p2a: \u53d8\u5f02\u866b\u866b|Scizor, M, shiny|100\/100\n|-damage|p2a: \u53d8\u5f02\u866b\u866b|88\/100|[from] Stealth Rock\n|turn|18\n|\n|t:|1700728873\n|detailschange|p2a: \u53d8\u5f02\u866b\u866b|Scizor-Mega, M, shiny\n|-mega|p2a: \u53d8\u5f02\u866b\u866b|Scizor|Scizorite\n|move|p1a: Urshifu|Close Combat|p2a: \u53d8\u5f02\u866b\u866b\n|-damage|p2a: \u53d8\u5f02\u866b\u866b|22\/100\n|-unboost|p1a: Urshifu|def|1\n|-unboost|p1a: Urshifu|spd|1\n|move|p2a: \u53d8\u5f02\u866b\u866b|Swords Dance|p2a: \u53d8\u5f02\u866b\u866b\n|-boost|p2a: \u53d8\u5f02\u866b\u866b|atk|2\n|\n|-heal|p1a: Urshifu|15\/100|[from] Grassy Terrain\n|-heal|p2a: \u53d8\u5f02\u866b\u866b|28\/100|[from] Grassy Terrain\n|upkeep\n|turn|19\n|c|\u26066AwA9|\u8d2a\u4e86\u4e00\u6ce2\n|\n|t:|1700728894\n|switch|p1a: Thundurus|Thundurus-Therian, M|51\/100\n|-damage|p1a: Thundurus|26\/100|[from] Stealth Rock\n|move|p2a: \u53d8\u5f02\u866b\u866b|Bullet Punch|p1a: Thundurus\n|-resisted|p1a: Thundurus\n|-damage|p1a: Thundurus|0 fnt\n|faint|p1a: Thundurus\n|\n|-heal|p2a: \u53d8\u5f02\u866b\u866b|34\/100|[from] Grassy Terrain\n|-fieldend|move: Grassy Terrain\n|upkeep\n|\n|t:|1700728898\n|switch|p1a: Urshifu|Urshifu-Rapid-Strike, M|15\/100\n|-damage|p1a: Urshifu|8\/100|[from] Stealth Rock\n|turn|20\n|\n|t:|1700728907\n|-terastallize|p1a: Urshifu|Water\n|move|p1a: Urshifu|Aqua Jet|p2a: \u53d8\u5f02\u866b\u866b\n|-damage|p2a: \u53d8\u5f02\u866b\u866b|5\/100\n|move|p2a: \u53d8\u5f02\u866b\u866b|Bullet Punch|p1a: Urshifu\n|-resisted|p1a: Urshifu\n|-damage|p1a: Urshifu|0 fnt\n|faint|p1a: Urshifu\n|\n|upkeep\n|\n|t:|1700728910\n|switch|p1a: Rillaboom|Rillaboom, F|88\/100\n|-damage|p1a: Rillaboom|76\/100|[from] Stealth Rock\n|-fieldstart|move: Grassy Terrain|[from] ability: Grassy Surge|[of] p1a: Rillaboom\n|turn|21\n|\n|t:|1700728921\n|move|p2a: \u53d8\u5f02\u866b\u866b|Bullet Punch|p1a: Rillaboom\n|-damage|p1a: Rillaboom|0 fnt\n|faint|p1a: Rillaboom\n|\n|win|6AwA9\n","uploadtime":1700728926,"views":1,"p1id":"k1k2k3k4k5","p2id":"6awa9","formatid":"gen9nationaldex","rating":0,"private":0,"password":""}