{"id":"gen9nationaldex-1997756976","p1":"108130958085102a","p2":"michael213","format":"[Gen 9] National Dex","log":"|html|<div class=\"broadcast-blue\"><strong>[Gen 9] National Dex is currently suspecting Sneasler! For information on how to participate check out the <a href=\"https:\/\/www.smogon.com\/forums\/threads\/sv-national-dex-suspect-8-just-dance.3731534\/\">suspect thread<\/a>.<\/strong><\/div>\n|j|\u2606108130958085102a\n|j|\u2606michael213\n|t:|1700849398\n|gametype|singles\n|player|p1|108130958085102a|dawn|1659\n|player|p2|michael213|akari|1746\n|teamsize|p1|6\n|teamsize|p2|6\n|gen|9\n|tier|[Gen 9] National Dex\n|rated|\n|rule|HP Percentage Mod: HP is shown in percentages\n|rule|Endless Battle Clause: Forcing endless battles is banned\n|rule|OHKO Clause: OHKO moves are banned\n|rule|Evasion Clause: Evasion abilities, items, and moves are banned\n|rule|Evasion Abilities Clause: Evasion abilities are banned\n|rule|Evasion Items Clause: Evasion items are banned\n|rule|Evasion Moves Clause: Evasion moves are banned\n|rule|Species Clause: Limit one of each Pok\u00e9mon\n|rule|Sleep Clause Mod: Limit one foe put to sleep\n|clearpoke\n|poke|p1|Ursaluna, M|\n|poke|p1|Corviknight, M|\n|poke|p1|Dondozo, M|\n|poke|p1|Iron Valiant|\n|poke|p1|Banette, M|\n|poke|p1|Hoopa-Unbound|\n|poke|p2|Mawile, F|\n|poke|p2|Zamazenta-*|\n|poke|p2|Chansey, F|\n|poke|p2|Slowbro, M|\n|poke|p2|Gliscor, M|\n|poke|p2|Ogerpon-Wellspring, F|\n|teampreview\n|inactive|Battle timer is ON: inactive players will automatically lose when time's up. (requested by michael213)\n|inactive|michael213 has 120 seconds left.\n|\n|t:|1700849457\n|start\n|switch|p1a: Hoopa|Hoopa-Unbound|100\/100\n|switch|p2a: Mawile|Mawile, F|100\/100\n|-ability|p2a: Mawile|Intimidate|boost\n|-unboost|p1a: Hoopa|atk|1\n|turn|1\n|\n|t:|1700849467\n|switch|p1a: Corviknight|Corviknight, M|100\/100\n|move|p2a: Mawile|Knock Off|p1a: Corviknight\n|-crit|p1a: Corviknight\n|-damage|p1a: Corviknight|73\/100\n|-enditem|p1a: Corviknight|Safety Goggles|[from] move: Knock Off|[of] p2a: Mawile\n|\n|upkeep\n|turn|2\n|\n|t:|1700849478\n|switch|p2a: Gliscor|Gliscor, M|100\/100\n|move|p1a: Corviknight|U-turn|p2a: Gliscor\n|-resisted|p2a: Gliscor\n|-damage|p2a: Gliscor|94\/100\n|\n|t:|1700849481\n|switch|p1a: Ursaluna|Ursaluna, M|100\/100|[from] U-turn\n|\n|-status|p2a: Gliscor|tox|[from] item: Toxic Orb\n|-status|p1a: Ursaluna|brn|[from] item: Flame Orb\n|upkeep\n|turn|3\n|\n|t:|1700849487\n|move|p2a: Gliscor|Earthquake|p1a: Ursaluna\n|-damage|p1a: Ursaluna|73\/100 brn\n|move|p1a: Ursaluna|Facade|p2a: Gliscor\n|-damage|p2a: Gliscor|0 fnt\n|faint|p2a: Gliscor\n|\n|-damage|p1a: Ursaluna|66\/100 brn|[from] brn\n|upkeep\n|\n|t:|1700849494\n|switch|p2a: Ogerpon|Ogerpon-Wellspring, F|100\/100\n|turn|4\n|\n|t:|1700849509\n|switch|p2a: Slowbro|Slowbro, M|100\/100\n|switch|p1a: Corviknight|Corviknight, M|73\/100\n|\n|upkeep\n|turn|5\n|\n|t:|1700849515\n|move|p1a: Corviknight|U-turn|p2a: Slowbro\n|-supereffective|p2a: Slowbro\n|-crit|p2a: Slowbro\n|-damage|p2a: Slowbro|71\/100\n|\n|t:|1700849525\n|switch|p1a: Hoopa|Hoopa-Unbound|100\/100|[from] U-turn\n|move|p2a: Slowbro|Future Sight|p1a: Hoopa\n|-start|p2a: Slowbro|move: Future Sight\n|\n|upkeep\n|turn|6\n|\n|t:|1700849532\n|switch|p2a: Mawile|Mawile, F|100\/100\n|-ability|p2a: Mawile|Intimidate|boost\n|-unboost|p1a: Hoopa|atk|1\n|move|p1a: Hoopa|Hyperspace Fury|p2a: Mawile\n|-resisted|p2a: Mawile\n|-damage|p2a: Mawile|73\/100\n|-unboost|p1a: Hoopa|def|1\n|\n|upkeep\n|turn|7\n|\n|t:|1700849538\n|switch|p1a: Corviknight|Corviknight, M|73\/100\n|detailschange|p2a: Mawile|Mawile-Mega, F\n|-mega|p2a: Mawile|Mawile|Mawilite\n|move|p2a: Mawile|Play Rough|p1a: Corviknight\n|-resisted|p1a: Corviknight\n|-damage|p1a: Corviknight|43\/100\n|-ability|p1a: Corviknight|Mirror Armor\n|-unboost|p2a: Mawile|atk|1\n|\n|-end|p1a: Corviknight|move: Future Sight\n|-resisted|p1a: Corviknight\n|-damage|p1a: Corviknight|23\/100\n|upkeep\n|turn|8\n|\n|t:|1700849555\n|switch|p2a: Ogerpon|Ogerpon-Wellspring, F|100\/100\n|move|p1a: Corviknight|Roost|p1a: Corviknight\n|-heal|p1a: Corviknight|73\/100\n|-singleturn|p1a: Corviknight|move: Roost\n|\n|upkeep\n|turn|9\n|\n|t:|1700849559\n|move|p2a: Ogerpon|Encore|p1a: Corviknight\n|-start|p1a: Corviknight|Encore\n|move|p1a: Corviknight|Roost|p1a: Corviknight\n|-heal|p1a: Corviknight|100\/100\n|-singleturn|p1a: Corviknight|move: Roost\n|\n|upkeep\n|turn|10\n|\n|t:|1700849564\n|switch|p1a: Banette|Banette, M|100\/100\n|-item|p2a: Ogerpon|Wellspring Mask|[from] ability: Frisk|[of] p1a: Banette|[identify]\n|move|p2a: Ogerpon|Swords Dance|p2a: Ogerpon\n|-boost|p2a: Ogerpon|atk|2\n|\n|upkeep\n|turn|11\n|\n|t:|1700849570\n|detailschange|p1a: Banette|Banette-Mega, M\n|-mega|p1a: Banette|Banette|Banettite\n|move|p1a: Banette|Destiny Bond|p1a: Banette\n|-singlemove|p1a: Banette|Destiny Bond\n|move|p2a: Ogerpon|Encore|p1a: Banette\n|-start|p1a: Banette|Encore\n|\n|upkeep\n|turn|12\n|\n|t:|1700849583\n|switch|p1a: Dondozo|Dondozo, M|100\/100\n|move|p2a: Ogerpon|Swords Dance|p2a: Ogerpon\n|-boost|p2a: Ogerpon|atk|2\n|\n|upkeep\n|turn|13\n|\n|t:|1700849593\n|switch|p1a: Corviknight|Corviknight, M|100\/100\n|move|p2a: Ogerpon|Horn Leech|p1a: Corviknight\n|-resisted|p1a: Corviknight\n|-damage|p1a: Corviknight|79\/100\n|\n|upkeep\n|turn|14\n|\n|t:|1700849598\n|-terastallize|p1a: Corviknight|Dragon\n|move|p2a: Ogerpon|Ivy Cudgel|p1a: Corviknight|[anim] Ivy Cudgel Water\n|-resisted|p1a: Corviknight\n|-damage|p1a: Corviknight|26\/100\n|move|p1a: Corviknight|Brave Bird|p2a: Ogerpon\n|-supereffective|p2a: Ogerpon\n|-damage|p2a: Ogerpon|0 fnt\n|faint|p2a: Ogerpon\n|-damage|p1a: Corviknight|1\/100|[from] Recoil\n|\n|upkeep\n|inactive|michael213 has 120 seconds left.\n|\n|t:|1700849633\n|switch|p2a: Zamazenta|Zamazenta|100\/100\n|-ability|p2a: Zamazenta|Dauntless Shield|boost\n|-boost|p2a: Zamazenta|def|1\n|turn|15\n|\n|t:|1700849639\n|move|p2a: Zamazenta|Crunch|p1a: Corviknight\n|-crit|p1a: Corviknight\n|-damage|p1a: Corviknight|0 fnt\n|faint|p1a: Corviknight\n|\n|upkeep\n|\n|t:|1700849644\n|switch|p1a: Dondozo|Dondozo, M|100\/100\n|turn|16\n|\n|t:|1700849651\n|switch|p1a: Ursaluna|Ursaluna, M|66\/100 brn\n|move|p2a: Zamazenta|Close Combat|p1a: Ursaluna\n|-supereffective|p1a: Ursaluna\n|-damage|p1a: Ursaluna|0 fnt\n|-unboost|p2a: Zamazenta|def|1\n|-unboost|p2a: Zamazenta|spd|1\n|faint|p1a: Ursaluna\n|\n|upkeep\n|\n|t:|1700849655\n|switch|p1a: Hoopa|Hoopa-Unbound|100\/100\n|turn|17\n|\n|t:|1700849663\n|switch|p2a: Slowbro|Slowbro, M|100\/100\n|move|p1a: Hoopa|Psychic|p2a: Slowbro\n|-resisted|p2a: Slowbro\n|-damage|p2a: Slowbro|76\/100\n|\n|upkeep\n|turn|18\n|\n|t:|1700849679\n|switch|p1a: Iron Valiant|Iron Valiant|100\/100\n|move|p2a: Slowbro|Teleport|p2a: Slowbro\n|\n|t:|1700849684\n|switch|p2a: Chansey|Chansey, F|100\/100|[from] Teleport\n|\n|upkeep\n|turn|19\n|\n|t:|1700849686\n|move|p1a: Iron Valiant|Focus Blast|p2a: Chansey|[miss]\n|-miss|p1a: Iron Valiant|p2a: Chansey\n|move|p2a: Chansey|Stealth Rock|p1a: Iron Valiant\n|-sidestart|p1: 108130958085102a|move: Stealth Rock\n|\n|upkeep\n|turn|20\n|\n|t:|1700849688\n|move|p1a: Iron Valiant|Focus Blast|p2a: Chansey\n|-supereffective|p2a: Chansey\n|-damage|p2a: Chansey|42\/100\n|move|p2a: Chansey|Seismic Toss|p1a: Iron Valiant\n|-damage|p1a: Iron Valiant|66\/100\n|\n|upkeep\n|turn|21\n|\n|t:|1700849700\n|-end|p1a: Iron Valiant|Quark Drive|[silent]\n|switch|p1a: Banette|Banette-Mega, M|100\/100\n|-damage|p1a: Banette|88\/100|[from] Stealth Rock\n|switch|p2a: Slowbro|Slowbro, M|100\/100\n|\n|upkeep\n|turn|22\n|\n|t:|1700849709\n|switch|p1a: Iron Valiant|Iron Valiant|66\/100\n|-damage|p1a: Iron Valiant|60\/100|[from] Stealth Rock\n|switch|p2a: Chansey|Chansey, F|42\/100\n|\n|upkeep\n|turn|23\n|\n|t:|1700849713\n|-terastallize|p2a: Chansey|Fairy\n|move|p1a: Iron Valiant|Focus Blast|p2a: Chansey|[miss]\n|-miss|p1a: Iron Valiant|p2a: Chansey\n|move|p2a: Chansey|Soft-Boiled|p2a: Chansey\n|-heal|p2a: Chansey|93\/100\n|\n|upkeep\n|turn|24\n|\n|t:|1700849731\n|-end|p1a: Iron Valiant|Quark Drive|[silent]\n|switch|p1a: Banette|Banette-Mega, M|88\/100\n|-damage|p1a: Banette|76\/100|[from] Stealth Rock\n|switch|p2a: Slowbro|Slowbro, M|100\/100\n|\n|upkeep\n|turn|25\n|\n|t:|1700849740\n|move|p1a: Banette|Poltergeist|p2a: Slowbro\n|-activate|p2a: Slowbro|move: Poltergeist|Heavy-Duty Boots\n|-supereffective|p2a: Slowbro\n|-damage|p2a: Slowbro|15\/100\n|move|p2a: Slowbro|Scald|p1a: Banette\n|-damage|p1a: Banette|43\/100\n|\n|upkeep\n|turn|26\n|\n|t:|1700849749\n|switch|p2a: Chansey|Chansey, F, tera:Fairy|93\/100\n|move|p1a: Banette|Poltergeist|p2a: Chansey\n|-activate|p2a: Chansey|move: Poltergeist|Eviolite\n|-damage|p2a: Chansey|41\/100\n|\n|upkeep\n|turn|27\n|\n|t:|1700849755\n|switch|p2a: Mawile|Mawile-Mega, F|73\/100\n|move|p1a: Banette|Poltergeist|p2a: Mawile\n|-activate|p2a: Mawile|move: Poltergeist|Mawilite\n|-damage|p2a: Mawile|0 fnt\n|faint|p2a: Mawile\n|\n|upkeep\n|\n|t:|1700849757\n|switch|p2a: Zamazenta|Zamazenta|100\/100\n|turn|28\n|\n|t:|1700849764\n|switch|p1a: Dondozo|Dondozo, M|100\/100\n|-damage|p1a: Dondozo|88\/100|[from] Stealth Rock\n|move|p2a: Zamazenta|Ice Fang|p1a: Dondozo\n|-resisted|p1a: Dondozo\n|-damage|p1a: Dondozo|83\/100\n|\n|-heal|p1a: Dondozo|89\/100|[from] item: Leftovers\n|upkeep\n|turn|29\n|\n|t:|1700849775\n|switch|p2a: Slowbro|Slowbro, M|48\/100\n|switch|p1a: Hoopa|Hoopa-Unbound|100\/100\n|-damage|p1a: Hoopa|88\/100|[from] Stealth Rock\n|\n|upkeep\n|turn|30\n|\n|t:|1700849782\n|switch|p2a: Chansey|Chansey, F, tera:Fairy|41\/100\n|move|p1a: Hoopa|Hyperspace Fury|p2a: Chansey\n|-resisted|p2a: Chansey\n|-damage|p2a: Chansey|21\/100\n|-unboost|p1a: Hoopa|def|1\n|\n|upkeep\n|turn|31\n|\n|t:|1700849787\n|move|p1a: Hoopa|Hyperspace Fury|p2a: Chansey\n|-resisted|p2a: Chansey\n|-damage|p2a: Chansey|1\/100\n|-unboost|p1a: Hoopa|def|1\n|move|p2a: Chansey|Soft-Boiled|p2a: Chansey\n|-heal|p2a: Chansey|51\/100\n|\n|upkeep\n|turn|32\n|\n|t:|1700849802\n|switch|p1a: Banette|Banette-Mega, M|43\/100\n|-damage|p1a: Banette|31\/100|[from] Stealth Rock\n|move|p2a: Chansey|Soft-Boiled|p2a: Chansey\n|-heal|p2a: Chansey|100\/100\n|\n|upkeep\n|turn|33\n|\n|t:|1700849806\n|switch|p2a: Zamazenta|Zamazenta|100\/100\n|move|p1a: Banette|Poltergeist|p2a: Zamazenta|[miss]\n|-miss|p1a: Banette|p2a: Zamazenta\n|\n|upkeep\n|turn|34\n|\n|t:|1700849812\n|switch|p1a: Dondozo|Dondozo, M|89\/100\n|-damage|p1a: Dondozo|77\/100|[from] Stealth Rock\n|move|p2a: Zamazenta|Crunch|p1a: Dondozo\n|-damage|p1a: Dondozo|64\/100\n|\n|-heal|p1a: Dondozo|70\/100|[from] item: Leftovers\n|upkeep\n|turn|35\n|j| xsk123\n|\n|t:|1700849822\n|switch|p2a: Slowbro|Slowbro, M|82\/100\n|switch|p1a: Hoopa|Hoopa-Unbound|88\/100\n|-damage|p1a: Hoopa|76\/100|[from] Stealth Rock\n|\n|upkeep\n|turn|36\n|\n|t:|1700849825\n|switch|p2a: Chansey|Chansey, F, tera:Fairy|100\/100\n|move|p1a: Hoopa|Gunk Shot|p2a: Chansey|[miss]\n|-miss|p1a: Hoopa|p2a: Chansey\n|\n|upkeep\n|turn|37\n|\n|t:|1700849829\n|switch|p2a: Slowbro|Slowbro, M|100\/100\n|move|p1a: Hoopa|Gunk Shot|p2a: Slowbro\n|-damage|p2a: Slowbro|71\/100\n|\n|upkeep\n|turn|38\n|\n|t:|1700849839\n|switch|p1a: Dondozo|Dondozo, M|70\/100\n|-damage|p1a: Dondozo|58\/100|[from] Stealth Rock\n|move|p2a: Slowbro|Teleport|p2a: Slowbro\n|\n|t:|1700849842\n|switch|p2a: Chansey|Chansey, F, tera:Fairy|100\/100|[from] Teleport\n|\n|-heal|p1a: Dondozo|64\/100|[from] item: Leftovers\n|upkeep\n|turn|39\n|\n|t:|1700849847\n|switch|p2a: Slowbro|Slowbro, M|100\/100\n|move|p1a: Dondozo|Curse|p1a: Dondozo\n|-unboost|p1a: Dondozo|spe|1\n|-boost|p1a: Dondozo|atk|1\n|-boost|p1a: Dondozo|def|1\n|\n|-heal|p1a: Dondozo|70\/100|[from] item: Leftovers\n|upkeep\n|turn|40\n|\n|t:|1700849851\n|switch|p1a: Hoopa|Hoopa-Unbound|76\/100\n|-damage|p1a: Hoopa|64\/100|[from] Stealth Rock\n|move|p2a: Slowbro|Future Sight|p1a: Hoopa\n|-start|p2a: Slowbro|move: Future Sight\n|\n|upkeep\n|turn|41\n|\n|t:|1700849861\n|move|p1a: Hoopa|Gunk Shot|p2a: Slowbro|[miss]\n|-miss|p1a: Hoopa|p2a: Slowbro\n|move|p2a: Slowbro|Teleport|p2a: Slowbro\n|\n|t:|1700849863\n|switch|p2a: Zamazenta|Zamazenta|100\/100|[from] Teleport\n|\n|upkeep\n|turn|42\n|\n|t:|1700849868\n|switch|p1a: Iron Valiant|Iron Valiant|60\/100\n|-damage|p1a: Iron Valiant|53\/100|[from] Stealth Rock\n|move|p2a: Zamazenta|Close Combat|p1a: Iron Valiant\n|-resisted|p1a: Iron Valiant\n|-damage|p1a: Iron Valiant|9\/100\n|-unboost|p2a: Zamazenta|def|1\n|-unboost|p2a: Zamazenta|spd|1\n|\n|-end|p1a: Iron Valiant|move: Future Sight\n|-supereffective|p1a: Iron Valiant\n|-damage|p1a: Iron Valiant|0 fnt\n|faint|p1a: Iron Valiant\n|-end|p1a: Iron Valiant|Quark Drive|[silent]\n|upkeep\n|\n|t:|1700849872\n|switch|p1a: Hoopa|Hoopa-Unbound|64\/100\n|-damage|p1a: Hoopa|51\/100|[from] Stealth Rock\n|turn|43\n|\n|t:|1700849877\n|switch|p2a: Slowbro|Slowbro, M|100\/100\n|move|p1a: Hoopa|Gunk Shot|p2a: Slowbro\n|-damage|p2a: Slowbro|73\/100\n|-status|p2a: Slowbro|psn\n|\n|-damage|p2a: Slowbro|61\/100 psn|[from] psn\n|upkeep\n|turn|44\n|\n|t:|1700849887\n|switch|p1a: Dondozo|Dondozo, M|70\/100\n|-damage|p1a: Dondozo|58\/100|[from] Stealth Rock\n|move|p2a: Slowbro|Teleport|p2a: Slowbro\n|\n|t:|1700849889\n|switch|p2a: Chansey|Chansey, F, tera:Fairy|100\/100|[from] Teleport\n|\n|-heal|p1a: Dondozo|64\/100|[from] item: Leftovers\n|upkeep\n|turn|45\n|\n|t:|1700849894\n|switch|p1a: Banette|Banette-Mega, M|31\/100\n|-damage|p1a: Banette|19\/100|[from] Stealth Rock\n|move|p2a: Chansey|Seismic Toss|p1a: Banette\n|-immune|p1a: Banette\n|\n|upkeep\n|turn|46\n|\n|t:|1700849898\n|switch|p2a: Zamazenta|Zamazenta|100\/100\n|move|p1a: Banette|Poltergeist|p2a: Zamazenta\n|-activate|p2a: Zamazenta|move: Poltergeist|Heavy-Duty Boots\n|-damage|p2a: Zamazenta|29\/100\n|\n|upkeep\n|turn|47\n|\n|t:|1700849905\n|move|p1a: Banette|Shadow Sneak|p2a: Zamazenta\n|-damage|p2a: Zamazenta|4\/100\n|move|p2a: Zamazenta|Crunch|p1a: Banette\n|-supereffective|p1a: Banette\n|-damage|p1a: Banette|0 fnt\n|faint|p1a: Banette\n|\n|upkeep\n|\n|t:|1700849914\n|switch|p1a: Hoopa|Hoopa-Unbound|51\/100\n|-damage|p1a: Hoopa|39\/100|[from] Stealth Rock\n|turn|48\n|\n|t:|1700849923\n|switch|p2a: Slowbro|Slowbro, M|94\/100 psn\n|move|p1a: Hoopa|Gunk Shot|p2a: Slowbro\n|-damage|p2a: Slowbro|68\/100 psn\n|\n|-damage|p2a: Slowbro|55\/100 psn|[from] psn\n|upkeep\n|turn|49\n|\n|t:|1700849931\n|move|p1a: Hoopa|Gunk Shot|p2a: Slowbro\n|-damage|p2a: Slowbro|27\/100 psn\n|move|p2a: Slowbro|Future Sight|p1a: Hoopa\n|-start|p2a: Slowbro|move: Future Sight\n|\n|-damage|p2a: Slowbro|14\/100 psn|[from] psn\n|upkeep\n|turn|50\n|\n|t:|1700849939\n|switch|p2a: Zamazenta|Zamazenta|4\/100\n|move|p1a: Hoopa|Gunk Shot|p2a: Zamazenta\n|-damage|p2a: Zamazenta|0 fnt\n|faint|p2a: Zamazenta\n|\n|upkeep\n|\n|t:|1700849942\n|switch|p2a: Slowbro|Slowbro, M|48\/100 psn\n|turn|51\n|\n|t:|1700849948\n|switch|p1a: Dondozo|Dondozo, M|64\/100\n|-damage|p1a: Dondozo|52\/100|[from] Stealth Rock\n|move|p2a: Slowbro|Slack Off|p2a: Slowbro\n|-heal|p2a: Slowbro|98\/100 psn\n|\n|-end|p1a: Dondozo|move: Future Sight\n|-damage|p1a: Dondozo|12\/100\n|-heal|p1a: Dondozo|18\/100|[from] item: Leftovers\n|-damage|p2a: Slowbro|85\/100 psn|[from] psn\n|upkeep\n|turn|52\n|\n|t:|1700849954\n|move|p1a: Dondozo|Rest|p1a: Dondozo\n|-status|p1a: Dondozo|slp|[from] move: Rest\n|-heal|p1a: Dondozo|100\/100 slp|[silent]\n|move|p2a: Slowbro|Future Sight|p1a: Dondozo\n|-start|p2a: Slowbro|move: Future Sight\n|\n|-damage|p2a: Slowbro|73\/100 psn|[from] psn\n|upkeep\n|turn|53\n|\n|t:|1700849977\n|cant|p1a: Dondozo|slp\n|move|p1a: Dondozo|Sleep Talk|p1a: Dondozo\n|move|p1a: Dondozo|Curse|p1a: Dondozo|[from]move: Sleep Talk\n|-unboost|p1a: Dondozo|spe|1\n|-boost|p1a: Dondozo|atk|1\n|-boost|p1a: Dondozo|def|1\n|move|p2a: Slowbro|Scald|p1a: Dondozo\n|-resisted|p1a: Dondozo\n|-damage|p1a: Dondozo|88\/100 slp\n|\n|-heal|p1a: Dondozo|94\/100 slp|[from] item: Leftovers\n|-damage|p2a: Slowbro|60\/100 psn|[from] psn\n|upkeep\n|turn|54\n|\n|t:|1700849983\n|cant|p1a: Dondozo|slp\n|move|p1a: Dondozo|Sleep Talk|p1a: Dondozo\n|move|p1a: Dondozo|Curse|p1a: Dondozo|[from]move: Sleep Talk\n|-unboost|p1a: Dondozo|spe|1\n|-boost|p1a: Dondozo|atk|1\n|-boost|p1a: Dondozo|def|1\n|move|p2a: Slowbro|Slack Off|p2a: Slowbro\n|-heal|p2a: Slowbro|100\/100 psn\n|\n|-end|p1a: Dondozo|move: Future Sight\n|-damage|p1a: Dondozo|54\/100 slp\n|-heal|p1a: Dondozo|60\/100 slp|[from] item: Leftovers\n|-damage|p2a: Slowbro|88\/100 psn|[from] psn\n|upkeep\n|turn|55\n|\n|t:|1700849986\n|move|p2a: Slowbro|Future Sight|p1a: Dondozo\n|-start|p2a: Slowbro|move: Future Sight\n|-curestatus|p1a: Dondozo|slp|[msg]\n|move|p1a: Dondozo|Sleep Talk||[still]\n|-fail|p1a: Dondozo\n|\n|-heal|p1a: Dondozo|66\/100|[from] item: Leftovers\n|-damage|p2a: Slowbro|76\/100 psn|[from] psn\n|upkeep\n|turn|56\n|\n|t:|1700849991\n|switch|p2a: Chansey|Chansey, F, tera:Fairy|100\/100\n|move|p1a: Dondozo|Curse|p1a: Dondozo\n|-unboost|p1a: Dondozo|spe|1\n|-boost|p1a: Dondozo|atk|1\n|-boost|p1a: Dondozo|def|1\n|\n|-heal|p1a: Dondozo|72\/100|[from] item: Leftovers\n|upkeep\n|turn|57\n|\n|t:|1700849993\n|move|p2a: Chansey|Seismic Toss|p1a: Dondozo\n|-damage|p1a: Dondozo|53\/100\n|move|p1a: Dondozo|Rest|p1a: Dondozo\n|-status|p1a: Dondozo|slp|[from] move: Rest\n|-heal|p1a: Dondozo|100\/100 slp|[silent]\n|\n|-end|p1a: Dondozo|move: Future Sight\n|-damage|p1a: Dondozo|58\/100 slp\n|-heal|p1a: Dondozo|64\/100 slp|[from] item: Leftovers\n|upkeep\n|turn|58\n|\n|t:|1700849997\n|move|p2a: Chansey|Seismic Toss|p1a: Dondozo\n|-damage|p1a: Dondozo|44\/100 slp\n|cant|p1a: Dondozo|slp\n|move|p1a: Dondozo|Sleep Talk|p1a: Dondozo\n|move|p1a: Dondozo|Liquidation|p2a: Chansey|[from]move: Sleep Talk\n|-damage|p2a: Chansey|53\/100\n|-unboost|p2a: Chansey|def|1\n|\n|-heal|p1a: Dondozo|50\/100 slp|[from] item: Leftovers\n|upkeep\n|turn|59\n|\n|t:|1700850003\n|move|p2a: Chansey|Seismic Toss|p1a: Dondozo\n|-damage|p1a: Dondozo|31\/100 slp\n|cant|p1a: Dondozo|slp\n|move|p1a: Dondozo|Sleep Talk|p1a: Dondozo\n|move|p1a: Dondozo|Curse|p1a: Dondozo|[from]move: Sleep Talk\n|-unboost|p1a: Dondozo|spe|1\n|-boost|p1a: Dondozo|atk|1\n|-boost|p1a: Dondozo|def|1\n|\n|-heal|p1a: Dondozo|37\/100 slp|[from] item: Leftovers\n|upkeep\n|turn|60\n|\n|t:|1700850009\n|switch|p2a: Slowbro|Slowbro, M|100\/100 psn\n|-curestatus|p1a: Dondozo|slp|[msg]\n|move|p1a: Dondozo|Rest|p1a: Dondozo\n|-status|p1a: Dondozo|slp|[from] move: Rest\n|-heal|p1a: Dondozo|100\/100 slp|[silent]\n|\n|-damage|p2a: Slowbro|88\/100 psn|[from] psn\n|upkeep\n|turn|61\n|\n|t:|1700850014\n|move|p2a: Slowbro|Future Sight|p1a: Dondozo\n|-start|p2a: Slowbro|move: Future Sight\n|cant|p1a: Dondozo|slp\n|move|p1a: Dondozo|Sleep Talk|p1a: Dondozo\n|move|p1a: Dondozo|Curse|p1a: Dondozo|[from]move: Sleep Talk\n|-unboost|p1a: Dondozo|spe|1\n|-boost|p1a: Dondozo|atk|1\n|-boost|p1a: Dondozo|def|1\n|\n|-damage|p2a: Slowbro|76\/100 psn|[from] psn\n|upkeep\n|turn|62\n|\n|t:|1700850019\n|switch|p2a: Chansey|Chansey, F, tera:Fairy|53\/100\n|cant|p1a: Dondozo|slp\n|move|p1a: Dondozo|Sleep Talk|p1a: Dondozo\n|move|p1a: Dondozo|Rest||[from]move: Sleep Talk|[still]\n|-fail|p1a: Dondozo\n|\n|upkeep\n|turn|63\n|\n|t:|1700850023\n|move|p2a: Chansey|Soft-Boiled|p2a: Chansey\n|-heal|p2a: Chansey|100\/100\n|-curestatus|p1a: Dondozo|slp|[msg]\n|move|p1a: Dondozo|Liquidation|p2a: Chansey\n|-crit|p2a: Chansey\n|-damage|p2a: Chansey|5\/100\n|\n|-end|p1a: Dondozo|move: Future Sight\n|-damage|p1a: Dondozo|63\/100\n|-heal|p1a: Dondozo|69\/100|[from] item: Leftovers\n|upkeep\n|turn|64\n|\n|t:|1700850029\n|move|p2a: Chansey|Seismic Toss|p1a: Dondozo\n|-damage|p1a: Dondozo|50\/100\n|move|p1a: Dondozo|Liquidation|p2a: Chansey\n|-damage|p2a: Chansey|0 fnt\n|faint|p2a: Chansey\n|\n|-heal|p1a: Dondozo|56\/100|[from] item: Leftovers\n|upkeep\n|\n|t:|1700850032\n|switch|p2a: Slowbro|Slowbro, M|100\/100 psn\n|turn|65\n|\n|t:|1700850034\n|move|p2a: Slowbro|Future Sight|p1a: Dondozo\n|-start|p2a: Slowbro|move: Future Sight\n|move|p1a: Dondozo|Liquidation|p2a: Slowbro\n|-resisted|p2a: Slowbro\n|-damage|p2a: Slowbro|69\/100 psn\n|\n|-heal|p1a: Dondozo|62\/100|[from] item: Leftovers\n|-damage|p2a: Slowbro|56\/100 psn|[from] psn\n|upkeep\n|turn|66\n|\n|t:|1700850041\n|move|p2a: Slowbro|Scald|p1a: Dondozo\n|-resisted|p1a: Dondozo\n|-damage|p1a: Dondozo|50\/100\n|move|p1a: Dondozo|Liquidation|p2a: Slowbro\n|-resisted|p2a: Slowbro\n|-damage|p2a: Slowbro|29\/100 psn\n|\n|-heal|p1a: Dondozo|56\/100|[from] item: Leftovers\n|-damage|p2a: Slowbro|17\/100 psn|[from] psn\n|upkeep\n|turn|67\n|\n|t:|1700850045\n|move|p2a: Slowbro|Slack Off|p2a: Slowbro\n|-heal|p2a: Slowbro|67\/100 psn\n|move|p1a: Dondozo|Liquidation|p2a: Slowbro\n|-resisted|p2a: Slowbro\n|-damage|p2a: Slowbro|35\/100 psn\n|-unboost|p2a: Slowbro|def|1\n|\n|-end|p1a: Dondozo|move: Future Sight\n|-damage|p1a: Dondozo|18\/100\n|-heal|p1a: Dondozo|25\/100|[from] item: Leftovers\n|-damage|p2a: Slowbro|23\/100 psn|[from] psn\n|upkeep\n|turn|68\n|\n|t:|1700850052\n|move|p2a: Slowbro|Scald|p1a: Dondozo\n|-resisted|p1a: Dondozo\n|-damage|p1a: Dondozo|11\/100\n|-status|p1a: Dondozo|brn\n|move|p1a: Dondozo|Rest|p1a: Dondozo\n|-status|p1a: Dondozo|slp|[from] move: Rest\n|-heal|p1a: Dondozo|100\/100 slp|[silent]\n|\n|-damage|p2a: Slowbro|10\/100 psn|[from] psn\n|upkeep\n|turn|69\n|-message|michael213 forfeited.\n|\n|win|108130958085102a\n|raw|108130958085102a's rating: 1659 &rarr; <strong>1684<\/strong><br \/>(+25 for winning)\n|raw|michael213's rating: 1746 &rarr; <strong>1721<\/strong><br \/>(-25 for losing)\n|c|\u2606108130958085102a|Gg\n|l|\u2606michael213\n|l|\u2606108130958085102a\n|j|\u2606108130958085102a\n|player|p1|108130958085102a|dawn\n|l| xsk123\n","uploadtime":1700850099,"views":0,"p1id":"108130958085102a","p2id":"michael213","formatid":"gen9nationaldex","rating":1684,"private":0,"password":""}