{"id":"gen9nationaldex-1996556219","p1":"Cox!nha","p2":"Theeepick","format":"[Gen 9] National Dex","log":"|html|<div class=\"broadcast-blue\"><strong>[Gen 9] National Dex is currently suspecting Sneasler! For information on how to participate check out the <a href=\"https:\/\/www.smogon.com\/forums\/threads\/sv-national-dex-suspect-8-just-dance.3731534\/\">suspect thread<\/a>.<\/strong><\/div>\n|j|\u2606Cox!nha\n|j|\u2606Theeepick\n|t:|1700693911\n|gametype|singles\n|player|p1|Cox!nha|blaine|1038\n|player|p2|Theeepick|gambler|1050\n|teamsize|p1|6\n|teamsize|p2|6\n|gen|9\n|tier|[Gen 9] National Dex\n|rated|\n|rule|HP Percentage Mod: HP is shown in percentages\n|rule|Endless Battle Clause: Forcing endless battles is banned\n|rule|OHKO Clause: OHKO moves are banned\n|rule|Evasion Clause: Evasion abilities, items, and moves are banned\n|rule|Evasion Abilities Clause: Evasion abilities are banned\n|rule|Evasion Items Clause: Evasion items are banned\n|rule|Evasion Moves Clause: Evasion moves are banned\n|rule|Species Clause: Limit one of each Pok\u00e9mon\n|rule|Sleep Clause Mod: Limit one foe put to sleep\n|clearpoke\n|poke|p1|Beedrill, F|\n|poke|p1|Zapdos|\n|poke|p1|Rotom-Wash|\n|poke|p1|Samurott-Hisui, F|\n|poke|p1|Corviknight, M|\n|poke|p1|Landorus-Therian, M|\n|poke|p2|Swampert, M|\n|poke|p2|Steelix, F|\n|poke|p2|Eelektross, F|\n|poke|p2|Zoroark-Hisui, F|\n|poke|p2|Drapion, M|\n|poke|p2|Scizor, M|\n|teampreview\n|\n|t:|1700693918\n|start\n|switch|p1a: Beedrill|Beedrill, F|100\/100\n|switch|p2a: Steelix|Steelix, F, shiny|100\/100\n|turn|1\n|\n|t:|1700693929\n|detailschange|p1a: Beedrill|Beedrill-Mega, F\n|-mega|p1a: Beedrill|Beedrill|Beedrillite\n|detailschange|p2a: Steelix|Steelix-Mega, F, shiny\n|-mega|p2a: Steelix|Steelix|Steelixite\n|move|p1a: Beedrill|U-turn|p2a: Steelix\n|-resisted|p2a: Steelix\n|-crit|p2a: Steelix\n|-damage|p2a: Steelix|80\/100\n|\n|t:|1700693937\n|switch|p1a: Samurott|Samurott-Hisui, F|100\/100|[from] U-turn\n|move|p2a: Steelix|Earthquake|p1a: Samurott\n|-damage|p1a: Samurott|32\/100\n|\n|upkeep\n|turn|2\n|\n|t:|1700693962\n|switch|p2a: Scizor|Scizor, M|100\/100\n|move|p1a: Samurott|Flip Turn|p2a: Scizor\n|-damage|p2a: Scizor|51\/100\n|\n|t:|1700693967\n|switch|p1a: Corviknight|Corviknight, M|100\/100|[from] Flip Turn\n|\n|upkeep\n|turn|3\n|\n|t:|1700693983\n|move|p2a: Scizor|Fury Cutter|p1a: Corviknight\n|-resisted|p1a: Corviknight\n|-damage|p1a: Corviknight|95\/100\n|-damage|p2a: Scizor|35\/100|[from] item: Rocky Helmet|[of] p1a: Corviknight\n|-damage|p2a: Scizor|25\/100|[from] item: Life Orb\n|move|p1a: Corviknight|U-turn|p2a: Scizor\n|-resisted|p2a: Scizor\n|-damage|p2a: Scizor|17\/100\n|\n|t:|1700693987\n|switch|p1a: Beedrill|Beedrill-Mega, F|100\/100|[from] U-turn\n|\n|upkeep\n|turn|4\n|\n|t:|1700693994\n|move|p1a: Beedrill|U-turn|p2a: Scizor\n|-resisted|p2a: Scizor\n|-damage|p2a: Scizor|0 fnt\n|faint|p2a: Scizor\n|\n|t:|1700693999\n|switch|p1a: Landorus|Landorus-Therian, M|100\/100|[from] U-turn\n|\n|upkeep\n|\n|t:|1700694013\n|switch|p2a: Eelektross|Eelektross, F|100\/100\n|turn|5\n|\n|t:|1700694017\n|move|p1a: Landorus|U-turn|p2a: Eelektross\n|-damage|p2a: Eelektross|69\/100\n|\n|t:|1700694020\n|switch|p1a: Rotom|Rotom-Wash|100\/100|[from] U-turn\n|move|p2a: Eelektross|Hidden Power|p1a: Rotom\n|-resisted|p1a: Rotom\n|-damage|p1a: Rotom|80\/100\n|\n|-heal|p1a: Rotom|86\/100|[from] item: Leftovers\n|upkeep\n|turn|6\n|\n|t:|1700694032\n|switch|p2a: Swampert|Swampert, M|100\/100\n|move|p1a: Rotom|Volt Switch|p2a: Swampert\n|-immune|p2a: Swampert\n|\n|-heal|p1a: Rotom|93\/100|[from] item: Leftovers\n|upkeep\n|turn|7\n|\n|t:|1700694049\n|switch|p1a: Zapdos|Zapdos|100\/100\n|-ability|p1a: Zapdos|Pressure\n|move|p2a: Swampert|Liquidation|p1a: Zapdos\n|-damage|p1a: Zapdos|25\/100\n|\n|upkeep\n|turn|8\n|\n|t:|1700694057\n|move|p1a: Zapdos|U-turn|p2a: Swampert\n|-damage|p2a: Swampert|86\/100\n|\n|t:|1700694063\n|switch|p1a: Corviknight|Corviknight, M|95\/100|[from] U-turn\n|move|p2a: Swampert|Liquidation|p1a: Corviknight\n|-damage|p1a: Corviknight|59\/100\n|-damage|p2a: Swampert|69\/100|[from] item: Rocky Helmet|[of] p1a: Corviknight\n|\n|upkeep\n|turn|9\n|\n|t:|1700694074\n|switch|p2a: Steelix|Steelix-Mega, F, shiny|100\/100\n|move|p1a: Corviknight|U-turn|p2a: Steelix\n|-resisted|p2a: Steelix\n|-damage|p2a: Steelix|86\/100\n|replace|p2a: Zoroark|Zoroark-Hisui, F, shiny\n|-end|p2a: Zoroark|Illusion\n|\n|t:|1700694080\n|switch|p1a: Beedrill|Beedrill-Mega, F|100\/100|[from] U-turn\n|\n|upkeep\n|turn|10\n|\n|t:|1700694088\n|move|p2a: Zoroark|Dark Pulse|p1a: Beedrill\n|-damage|p1a: Beedrill|59\/100\n|move|p1a: Beedrill|U-turn|p2a: Zoroark\n|-resisted|p2a: Zoroark\n|-damage|p2a: Zoroark|22\/100\n|\n|t:|1700694097\n|switch|p1a: Rotom|Rotom-Wash|93\/100|[from] U-turn\n|\n|-heal|p1a: Rotom|99\/100|[from] item: Leftovers\n|upkeep\n|turn|11\n|\n|t:|1700694107\n|switch|p2a: Steelix|Steelix-Mega, F, shiny|80\/100\n|move|p1a: Rotom|Volt Switch|p2a: Steelix\n|-immune|p2a: Steelix\n|\n|-heal|p1a: Rotom|100\/100|[from] item: Leftovers\n|upkeep\n|turn|12\n|\n|t:|1700694120\n|switch|p1a: Zapdos|Zapdos|25\/100\n|-ability|p1a: Zapdos|Pressure\n|move|p2a: Steelix|Iron Head|p1a: Zapdos\n|-resisted|p1a: Zapdos\n|-damage|p1a: Zapdos|2\/100\n|\n|upkeep\n|turn|13\n|\n|t:|1700694132\n|switch|p2a: Eelektross|Eelektross, F|69\/100\n|move|p1a: Zapdos|U-turn|p2a: Eelektross\n|-damage|p2a: Eelektross|54\/100\n|\n|t:|1700694137\n|switch|p1a: Beedrill|Beedrill-Mega, F|59\/100|[from] U-turn\n|\n|upkeep\n|turn|14\n|\n|t:|1700694141\n|move|p1a: Beedrill|U-turn|p2a: Eelektross\n|-damage|p2a: Eelektross|0 fnt\n|faint|p2a: Eelektross\n|\n|t:|1700694149\n|switch|p1a: Samurott|Samurott-Hisui, F|32\/100|[from] U-turn\n|\n|upkeep\n|\n|t:|1700694155\n|switch|p2a: Drapion|Drapion, M, shiny|100\/100\n|turn|15\n|\n|t:|1700694163\n|move|p1a: Samurott|Flip Turn|p2a: Drapion\n|-damage|p2a: Drapion|60\/100\n|\n|t:|1700694166\n|switch|p1a: Landorus|Landorus-Therian, M|100\/100|[from] Flip Turn\n|-ability|p1a: Landorus|Intimidate|boost\n|-unboost|p2a: Drapion|atk|1\n|move|p2a: Drapion|Return|p1a: Landorus\n|-damage|p1a: Landorus|80\/100\n|-damage|p2a: Drapion|43\/100|[from] item: Rocky Helmet|[of] p1a: Landorus\n|\n|-heal|p2a: Drapion|49\/100|[from] item: Leftovers\n|upkeep\n|turn|16\n|\n|t:|1700694178\n|switch|p2a: Steelix|Steelix-Mega, F, shiny|80\/100\n|move|p1a: Landorus|U-turn|p2a: Steelix\n|-resisted|p2a: Steelix\n|-damage|p2a: Steelix|74\/100\n|\n|t:|1700694184\n|switch|p1a: Samurott|Samurott-Hisui, F|32\/100|[from] U-turn\n|\n|upkeep\n|turn|17\n|\n|t:|1700694189\n|move|p1a: Samurott|Flip Turn|p2a: Steelix\n|-supereffective|p2a: Steelix\n|-damage|p2a: Steelix|37\/100\n|\n|t:|1700694194\n|switch|p1a: Corviknight|Corviknight, M|59\/100|[from] Flip Turn\n|move|p2a: Steelix|Earthquake|p1a: Corviknight\n|-immune|p1a: Corviknight\n|\n|upkeep\n|turn|18\n|\n|t:|1700694202\n|switch|p2a: Swampert|Swampert, M|69\/100\n|move|p1a: Corviknight|U-turn|p2a: Swampert\n|-damage|p2a: Swampert|54\/100\n|\n|t:|1700694209\n|switch|p1a: Beedrill|Beedrill-Mega, F|59\/100|[from] U-turn\n|\n|upkeep\n|turn|19\n|\n|t:|1700694215\n|move|p1a: Beedrill|U-turn|p2a: Swampert\n|-damage|p2a: Swampert|0 fnt\n|faint|p2a: Swampert\n|\n|t:|1700694219\n|switch|p1a: Zapdos|Zapdos|2\/100|[from] U-turn\n|-ability|p1a: Zapdos|Pressure\n|\n|upkeep\n|\n|t:|1700694227\n|switch|p2a: Steelix|Steelix-Mega, F, shiny|22\/100\n|turn|20\n|\n|t:|1700694233\n|move|p2a: Steelix|Psychic|p1a: Zapdos\n|-damage|p1a: Zapdos|0 fnt\n|faint|p1a: Zapdos\n|\n|upkeep\n|\n|t:|1700694237\n|switch|p1a: Beedrill|Beedrill-Mega, F|59\/100\n|turn|21\n|\n|t:|1700694240\n|move|p2a: Steelix|Psychic|p1a: Beedrill\n|-supereffective|p1a: Beedrill\n|-damage|p1a: Beedrill|0 fnt\n|faint|p1a: Beedrill\n|\n|upkeep\n|\n|t:|1700694245\n|switch|p1a: Samurott|Samurott-Hisui, F|32\/100\n|turn|22\n|\n|t:|1700694248\n|move|p2a: Steelix|Psychic|p1a: Samurott\n|-immune|p1a: Samurott\n|move|p1a: Samurott|Flip Turn|p2a: Steelix\n|-damage|p2a: Steelix|0 fnt\n|replace|p2a: Zoroark|Zoroark-Hisui, F, shiny\n|-end|p2a: Zoroark|Illusion\n|faint|p2a: Zoroark\n|\n|t:|1700694254\n|switch|p1a: Landorus|Landorus-Therian, M|80\/100|[from] Flip Turn\n|\n|upkeep\n|\n|t:|1700694258\n|switch|p2a: Drapion|Drapion, M, shiny|49\/100\n|turn|23\n|\n|t:|1700694264\n|move|p1a: Landorus|U-turn|p2a: Drapion\n|-damage|p2a: Drapion|22\/100\n|\n|t:|1700694268\n|switch|p1a: Corviknight|Corviknight, M|59\/100|[from] U-turn\n|move|p2a: Drapion|Poison Jab|p1a: Corviknight\n|-immune|p1a: Corviknight\n|\n|-heal|p2a: Drapion|28\/100|[from] item: Leftovers\n|upkeep\n|turn|24\n|\n|t:|1700694278\n|move|p1a: Corviknight|U-turn|p2a: Drapion\n|-damage|p2a: Drapion|16\/100\n|\n|t:|1700694281\n|switch|p1a: Landorus|Landorus-Therian, M|80\/100|[from] U-turn\n|-ability|p1a: Landorus|Intimidate|boost\n|-unboost|p2a: Drapion|atk|1\n|move|p2a: Drapion|Roar|p1a: Landorus\n|drag|p1a: Samurott|Samurott-Hisui, F|32\/100\n|\n|-heal|p2a: Drapion|22\/100|[from] item: Leftovers\n|upkeep\n|turn|25\n|\n|t:|1700694292\n|move|p1a: Samurott|Flip Turn|p2a: Drapion\n|-damage|p2a: Drapion|0 fnt\n|faint|p2a: Drapion\n|\n|t:|1700694296\n|switch|p1a: Corviknight|Corviknight, M|59\/100|[from] Flip Turn\n|\n|upkeep\n|\n|t:|1700694300\n|switch|p2a: Steelix|Steelix-Mega, F, shiny|37\/100\n|turn|26\n|\n|t:|1700694303\n|move|p1a: Corviknight|U-turn|p2a: Steelix\n|-resisted|p2a: Steelix\n|-damage|p2a: Steelix|34\/100\n|\n|t:|1700694306\n|switch|p1a: Landorus|Landorus-Therian, M|80\/100|[from] U-turn\n|-ability|p1a: Landorus|Intimidate|boost\n|-unboost|p2a: Steelix|atk|1\n|move|p2a: Steelix|Fire Fang|p1a: Landorus\n|-damage|p1a: Landorus|63\/100\n|-damage|p2a: Steelix|17\/100|[from] item: Rocky Helmet|[of] p1a: Landorus\n|\n|upkeep\n|turn|27\n|\n|t:|1700694315\n|move|p1a: Landorus|U-turn|p2a: Steelix\n|-resisted|p2a: Steelix\n|-damage|p2a: Steelix|11\/100\n|\n|t:|1700694317\n|switch|p1a: Corviknight|Corviknight, M|59\/100|[from] U-turn\n|move|p2a: Steelix|Hidden Power|p1a: Corviknight\n|-resisted|p1a: Corviknight\n|-damage|p1a: Corviknight|57\/100\n|\n|upkeep\n|turn|28\n|\n|t:|1700694342\n|move|p1a: Corviknight|U-turn|p2a: Steelix\n|-resisted|p2a: Steelix\n|-damage|p2a: Steelix|8\/100\n|\n|t:|1700694345\n|switch|p1a: Landorus|Landorus-Therian, M|63\/100|[from] U-turn\n|-ability|p1a: Landorus|Intimidate|boost\n|-unboost|p2a: Steelix|atk|1\n|move|p2a: Steelix|Fire Fang|p1a: Landorus\n|-damage|p1a: Landorus|50\/100\n|-damage|p2a: Steelix|0 fnt|[from] item: Rocky Helmet|[of] p1a: Landorus\n|faint|p2a: Steelix\n|\n|win|Cox!nha\n|raw|Cox!nha's rating: 1038 &rarr; <strong>1073<\/strong><br \/>(+35 for winning)\n|raw|Theeepick's rating: 1050 &rarr; <strong>1032<\/strong><br \/>(-18 for losing)\n|l|\u2606Theeepick\n","uploadtime":1700694362,"views":12,"p1id":"coxnha","p2id":"theeepick","formatid":"gen9nationaldex","rating":1032,"private":0,"password":""}