{"id":"gen9nationaldex-1991328406","p1":"Plutonium PT","p2":"DarkWalrein836","format":"[Gen 9] National Dex","log":"|j|\u2606Plutonium PT\n|j|\u2606DarkWalrein836\n|t:|1700067997\n|gametype|singles\n|player|p1|Plutonium PT|clay|1393\n|player|p2|DarkWalrein836|acetrainersnowf|1264\n|teamsize|p1|6\n|teamsize|p2|6\n|gen|9\n|tier|[Gen 9] National Dex\n|rated|\n|rule|HP Percentage Mod: HP is shown in percentages\n|rule|Endless Battle Clause: Forcing endless battles is banned\n|rule|OHKO Clause: OHKO moves are banned\n|rule|Evasion Clause: Evasion abilities, items, and moves are banned\n|rule|Evasion Abilities Clause: Evasion abilities are banned\n|rule|Evasion Items Clause: Evasion items are banned\n|rule|Evasion Moves Clause: Evasion moves are banned\n|rule|Species Clause: Limit one of each Pok\u00e9mon\n|rule|Sleep Clause Mod: Limit one foe put to sleep\n|clearpoke\n|poke|p1|Garganacl, F|\n|poke|p1|Moltres|\n|poke|p1|Meowscarada, F|\n|poke|p1|Urshifu-*, F|\n|poke|p1|Garchomp, M|\n|poke|p1|Jirachi|\n|poke|p2|Jolteon, F|\n|poke|p2|Corviknight, F|\n|poke|p2|Greninja-*, M|\n|poke|p2|Zoroark-Hisui, F|\n|poke|p2|Sneasler, M|\n|poke|p2|Cinderace, F|\n|teampreview\n|inactive|Battle timer is ON: inactive players will automatically lose when time's up. (requested by DarkWalrein836)\n|\n|t:|1700068019\n|start\n|switch|p1a: Furry Bait|Urshifu-Rapid-Strike, F|100\/100\n|switch|p2a: Greninja|Greninja, M|100\/100\n|turn|1\n|\n|t:|1700068031\n|switch|p2a: Sneasler|Sneasler, M|100\/100\n|move|p1a: Furry Bait|U-turn|p2a: Sneasler\n|-resisted|p2a: Sneasler\n|-damage|p2a: Sneasler|74\/100\n|replace|p2a: Zoroark|Zoroark-Hisui, F\n|-end|p2a: Zoroark|Illusion\n|\n|t:|1700068037\n|switch|p1a: Herba|Meowscarada, F|100\/100|[from] U-turn\n|\n|upkeep\n|turn|2\n|\n|t:|1700068047\n|switch|p2a: Corviknight|Corviknight, F|100\/100\n|move|p1a: Herba|Knock Off|p2a: Corviknight\n|-start|p1a: Herba|typechange|Dark|[from] ability: Protean\n|-damage|p2a: Corviknight|51\/100\n|-damage|p1a: Herba|84\/100|[from] item: Rocky Helmet|[of] p2a: Corviknight\n|-enditem|p2a: Corviknight|Rocky Helmet|[from] move: Knock Off|[of] p1a: Herba\n|\n|upkeep\n|turn|3\n|\n|t:|1700068059\n|switch|p1a: Aerodynamic|Garchomp, M|100\/100\n|move|p2a: Corviknight|Roost|p2a: Corviknight\n|-heal|p2a: Corviknight|100\/100\n|-singleturn|p2a: Corviknight|move: Roost\n|\n|upkeep\n|turn|4\n|\n|t:|1700068067\n|detailschange|p1a: Aerodynamic|Garchomp-Mega, M\n|-mega|p1a: Aerodynamic|Garchomp|Garchompite\n|move|p1a: Aerodynamic|Stealth Rock|p2a: Corviknight\n|-sidestart|p2: DarkWalrein836|move: Stealth Rock\n|move|p2a: Corviknight|Iron Head|p1a: Aerodynamic\n|-damage|p1a: Aerodynamic|79\/100\n|\n|upkeep\n|turn|5\n|\n|t:|1700068075\n|move|p1a: Aerodynamic|Flamethrower|p2a: Corviknight\n|-supereffective|p2a: Corviknight\n|-crit|p2a: Corviknight\n|-damage|p2a: Corviknight|35\/100\n|move|p2a: Corviknight|Defog|p1a: Aerodynamic\n|-unboost|p1a: Aerodynamic|evasion|1\n|-sideend|p2: DarkWalrein836|Stealth Rock|[from] move: Defog|[of] p2a: Corviknight\n|\n|upkeep\n|turn|6\n|\n|t:|1700068084\n|switch|p2a: Greninja|Greninja, M|100\/100\n|move|p1a: Aerodynamic|Flamethrower|p2a: Greninja\n|-resisted|p2a: Greninja\n|-damage|p2a: Greninja|82\/100\n|\n|upkeep\n|turn|7\n|\n|t:|1700068092\n|switch|p1a: Titan|Jirachi|100\/100\n|move|p2a: Greninja|Ice Punch|p1a: Titan\n|-resisted|p1a: Titan\n|-damage|p1a: Titan|90\/100\n|-status|p1a: Titan|frz\n|-damage|p2a: Greninja|72\/100|[from] item: Life Orb\n|\n|-heal|p1a: Titan|96\/100 frz|[from] item: Leftovers\n|upkeep\n|turn|8\n|\n|t:|1700068104\n|switch|p1a: Furry Bait|Urshifu-Rapid-Strike, F|100\/100\n|move|p2a: Greninja|Night Slash|p1a: Furry Bait\n|-resisted|p1a: Furry Bait\n|-damage|p1a: Furry Bait|81\/100\n|-damage|p2a: Greninja|62\/100|[from] item: Life Orb\n|\n|upkeep\n|turn|9\n|c|\u2606Plutonium PT|funny\n|\n|t:|1700068116\n|-terastallize|p2a: Greninja|Water\n|move|p1a: Furry Bait|Surging Strikes|p2a: Greninja\n|-resisted|p2a: Greninja\n|-crit|p2a: Greninja\n|-damage|p2a: Greninja|46\/100\n|-resisted|p2a: Greninja\n|-crit|p2a: Greninja\n|-damage|p2a: Greninja|29\/100\n|-resisted|p2a: Greninja\n|-crit|p2a: Greninja\n|-damage|p2a: Greninja|13\/100\n|-hitcount|p2a: Greninja|3\n|move|p2a: Greninja|Gunk Shot|p1a: Furry Bait|[miss]\n|-miss|p2a: Greninja|p1a: Furry Bait\n|\n|upkeep\n|turn|10\n|c|\u2606DarkWalrein836|Greninja you fucking blind\n|inactive|DarkWalrein836 has 120 seconds left.\n|\n|t:|1700068149\n|move|p1a: Furry Bait|Surging Strikes|p2a: Greninja\n|-resisted|p2a: Greninja\n|-crit|p2a: Greninja\n|-damage|p2a: Greninja|0 fnt\n|faint|p2a: Greninja\n|-hitcount|p2: Greninja|1\n|\n|upkeep\n|c|\u2606Plutonium PT|it would have not killed\n|inactive|DarkWalrein836 has 120 seconds left.\n|c|\u2606DarkWalrein836|but it would have caused damage\n|\n|t:|1700068171\n|switch|p2a: Jolteon|Jolteon, F|100\/100\n|turn|11\n|\n|t:|1700068175\n|move|p1a: Furry Bait|Surging Strikes|p2a: Jolteon\n|-crit|p2a: Jolteon\n|-damage|p2a: Jolteon|66\/100\n|-crit|p2a: Jolteon\n|-damage|p2a: Jolteon|26\/100\n|-crit|p2a: Jolteon\n|-damage|p2a: Jolteon|0 fnt\n|faint|p2a: Jolteon\n|-hitcount|p2: Jolteon|3\n|\n|upkeep\n|c|\u2606Plutonium PT|does it matter?\n|\n|t:|1700068187\n|switch|p2a: Cinderace|Cinderace, F|100\/100\n|turn|12\n|c|\u2606Plutonium PT|did the chip matter?\n|\n|t:|1700068193\n|move|p1a: Furry Bait|Surging Strikes|p2a: Cinderace\n|-supereffective|p2a: Cinderace\n|-crit|p2a: Cinderace\n|-damage|p2a: Cinderace|41\/100\n|-supereffective|p2a: Cinderace\n|-crit|p2a: Cinderace\n|-damage|p2a: Cinderace|0 fnt\n|faint|p2a: Cinderace\n|-hitcount|p2: Cinderace|2\n|\n|upkeep\n|\n|t:|1700068203\n|switch|p2a: Corviknight|Corviknight, F|35\/100\n|turn|13\n|inactive|DarkWalrein836 has 120 seconds left.\n|\n|t:|1700068208\n|move|p1a: Furry Bait|Surging Strikes|p2a: Corviknight\n|-crit|p2a: Corviknight\n|-damage|p2a: Corviknight|22\/100\n|-crit|p2a: Corviknight\n|-damage|p2a: Corviknight|7\/100\n|-crit|p2a: Corviknight\n|-damage|p2a: Corviknight|0 fnt\n|faint|p2a: Corviknight\n|-hitcount|p2: Corviknight|3\n|\n|upkeep\n|inactive|DarkWalrein836 has 120 seconds left.\n|\n|t:|1700068217\n|switch|p2a: Sneasler|Sneasler, M|74\/100\n|turn|14\n|\n|t:|1700068224\n|move|p1a: Furry Bait|Surging Strikes|p2a: Sneasler\n|-crit|p2a: Sneasler\n|-damage|p2a: Sneasler|33\/100\n|replace|p2a: Zoroark|Zoroark-Hisui, F\n|-end|p2a: Zoroark|Illusion\n|-crit|p2a: Zoroark\n|-damage|p2a: Zoroark|0 fnt\n|faint|p2a: Zoroark\n|-hitcount|p2: Zoroark|2\n|\n|upkeep\n|-message|DarkWalrein836 forfeited.\n|\n|win|Plutonium PT\n|raw|Plutonium PT's rating: 1393 &rarr; <strong>1406<\/strong><br \/>(+13 for winning)\n|raw|DarkWalrein836's rating: 1264 &rarr; <strong>1248<\/strong><br \/>(-16 for losing)\n|l|\u2606DarkWalrein836\n","uploadtime":1700068145,"views":4,"p1id":"plutoniumpt","p2id":"darkwalrein836","formatid":"gen9nationaldex","rating":1248,"private":0,"password":""}