{"id":"gen9nationaldex-1994271472","p1":"Bumpers362","p2":"MorningStar53","format":"[Gen 9] National Dex","log":"|j|\u2606Bumpers362\n|j|\u2606MorningStar53\n|t:|1700425646\n|gametype|singles\n|player|p1|Bumpers362|steven|1316\n|player|p2|MorningStar53|li|1291\n|teamsize|p1|6\n|teamsize|p2|6\n|gen|9\n|tier|[Gen 9] National Dex\n|rated|\n|rule|HP Percentage Mod: HP is shown in percentages\n|rule|Endless Battle Clause: Forcing endless battles is banned\n|rule|OHKO Clause: OHKO moves are banned\n|rule|Evasion Clause: Evasion abilities, items, and moves are banned\n|rule|Evasion Abilities Clause: Evasion abilities are banned\n|rule|Evasion Items Clause: Evasion items are banned\n|rule|Evasion Moves Clause: Evasion moves are banned\n|rule|Species Clause: Limit one of each Pok\u00e9mon\n|rule|Sleep Clause Mod: Limit one foe put to sleep\n|clearpoke\n|poke|p1|Beedrill, M|\n|poke|p1|Umbreon, M|\n|poke|p1|Grimmsnarl, M|\n|poke|p1|Garganacl, M|\n|poke|p1|Iron Moth|\n|poke|p1|Gliscor, F|\n|poke|p2|Urshifu-*, M|\n|poke|p2|Sneasler, F|\n|poke|p2|Garganacl, M|\n|poke|p2|Samurott-Hisui, F|\n|poke|p2|Volcarona, F|\n|poke|p2|Sableye, M|\n|teampreview\n|inactive|Battle timer is ON: inactive players will automatically lose when time's up. (requested by Bumpers362)\n|\n|t:|1700425661\n|start\n|switch|p1a: Umbreon|Umbreon, M, shiny|100\/100\n|switch|p2a: Samurott|Samurott-Hisui, F|100\/100\n|turn|1\n|\n|t:|1700425667\n|move|p2a: Samurott|Ceaseless Edge|p1a: Umbreon\n|-resisted|p1a: Umbreon\n|-damage|p1a: Umbreon|89\/100\n|-sidestart|p1: Bumpers362|Spikes\n|move|p1a: Umbreon|Toxic|p2a: Samurott\n|-status|p2a: Samurott|tox\n|\n|-heal|p1a: Umbreon|95\/100|[from] item: Leftovers\n|-damage|p2a: Samurott|94\/100 tox|[from] psn\n|upkeep\n|turn|2\n|\n|t:|1700425677\n|move|p2a: Samurott|Taunt|p1a: Umbreon\n|-start|p1a: Umbreon|move: Taunt\n|cant|p1a: Umbreon|move: Taunt|Wish\n|\n|-heal|p2a: Samurott|100\/100 tox|[from] item: Leftovers\n|-heal|p1a: Umbreon|100\/100|[from] item: Leftovers\n|-damage|p2a: Samurott|88\/100 tox|[from] psn\n|upkeep\n|turn|3\n|\n|t:|1700425688\n|move|p2a: Samurott|Ceaseless Edge|p1a: Umbreon\n|-resisted|p1a: Umbreon\n|-damage|p1a: Umbreon|89\/100\n|-sidestart|p1: Bumpers362|Spikes\n|move|p1a: Umbreon|Foul Play|p2a: Samurott\n|-resisted|p2a: Samurott\n|-damage|p2a: Samurott|59\/100 tox\n|\n|-heal|p2a: Samurott|66\/100 tox|[from] item: Leftovers\n|-heal|p1a: Umbreon|95\/100|[from] item: Leftovers\n|-damage|p2a: Samurott|47\/100 tox|[from] psn\n|upkeep\n|turn|4\n|\n|t:|1700425704\n|move|p2a: Samurott|Ceaseless Edge|p1a: Umbreon\n|-resisted|p1a: Umbreon\n|-damage|p1a: Umbreon|83\/100\n|-sidestart|p1: Bumpers362|Spikes\n|move|p1a: Umbreon|Foul Play|p2a: Samurott\n|-resisted|p2a: Samurott\n|-damage|p2a: Samurott|19\/100 tox\n|\n|-heal|p2a: Samurott|25\/100 tox|[from] item: Leftovers\n|-heal|p1a: Umbreon|89\/100|[from] item: Leftovers\n|-damage|p2a: Samurott|0 fnt|[from] psn\n|faint|p2a: Samurott\n|-end|p1a: Umbreon|move: Taunt\n|upkeep\n|inactive|MorningStar53 has 120 seconds left.\n|\n|t:|1700425726\n|switch|p2a: Garganacl|Garganacl, M|100\/100\n|turn|5\n|\n|t:|1700425737\n|move|p1a: Umbreon|Protect|p1a: Umbreon\n|-singleturn|p1a: Umbreon|Protect\n|move|p2a: Garganacl|Iron Defense|p2a: Garganacl\n|-boost|p2a: Garganacl|def|2\n|\n|-heal|p1a: Umbreon|95\/100|[from] item: Leftovers\n|upkeep\n|turn|6\n|\n|t:|1700425745\n|switch|p1a: Gliscor|Gliscor, F|100\/100\n|move|p2a: Garganacl|Body Press|p1a: Gliscor\n|-resisted|p1a: Gliscor\n|-damage|p1a: Gliscor|85\/100\n|\n|-status|p1a: Gliscor|tox|[from] item: Toxic Orb\n|upkeep\n|turn|7\n|\n|t:|1700425754\n|-terastallize|p2a: Garganacl|Water\n|move|p1a: Gliscor|Defog|p2a: Garganacl\n|-unboost|p2a: Garganacl|evasion|1\n|-sideend|p1: Bumpers362|Spikes|[from] move: Defog|[of] p1a: Gliscor\n|move|p2a: Garganacl|Salt Cure|p1a: Gliscor\n|-damage|p1a: Gliscor|74\/100 tox\n|-start|p1a: Gliscor|Salt Cure\n|\n|-heal|p1a: Gliscor|87\/100 tox|[from] ability: Poison Heal\n|-damage|p1a: Gliscor|74\/100 tox|[from] Salt Cure\n|upkeep\n|turn|8\n|\n|t:|1700425765\n|switch|p1a: Garganacl|Garganacl, M|100\/100\n|move|p2a: Garganacl|Iron Defense|p2a: Garganacl\n|-boost|p2a: Garganacl|def|2\n|\n|upkeep\n|turn|9\n|\n|t:|1700425771\n|-terastallize|p1a: Garganacl|Ghost\n|move|p2a: Garganacl|Body Press|p1a: Garganacl\n|-immune|p1a: Garganacl\n|move|p1a: Garganacl|Salt Cure|p2a: Garganacl\n|-damage|p2a: Garganacl|97\/100\n|-start|p2a: Garganacl|Salt Cure\n|\n|-heal|p2a: Garganacl|100\/100|[from] item: Leftovers\n|-damage|p2a: Garganacl|75\/100|[from] Salt Cure\n|upkeep\n|turn|10\n|\n|t:|1700425782\n|move|p1a: Garganacl|Iron Defense|p1a: Garganacl\n|-boost|p1a: Garganacl|def|2\n|move|p2a: Garganacl|Salt Cure|p1a: Garganacl\n|-damage|p1a: Garganacl|97\/100\n|-start|p1a: Garganacl|Salt Cure\n|\n|-heal|p2a: Garganacl|82\/100|[from] item: Leftovers\n|-heal|p1a: Garganacl|100\/100|[from] item: Leftovers\n|-damage|p1a: Garganacl|88\/100|[from] Salt Cure\n|-damage|p2a: Garganacl|57\/100|[from] Salt Cure\n|upkeep\n|turn|11\n|\n|t:|1700425792\n|switch|p2a: Sableye|Sableye, M|100\/100\n|move|p1a: Garganacl|Iron Defense|p1a: Garganacl\n|-boost|p1a: Garganacl|def|2\n|\n|-heal|p1a: Garganacl|94\/100|[from] item: Leftovers\n|-damage|p1a: Garganacl|82\/100|[from] Salt Cure\n|upkeep\n|turn|12\n|\n|t:|1700425802\n|detailschange|p2a: Sableye|Sableye-Mega, M\n|-mega|p2a: Sableye|Sableye|Sablenite\n|move|p1a: Garganacl|Salt Cure|p2a: Sableye\n|-damage|p2a: Sableye|88\/100\n|-start|p2a: Sableye|Salt Cure\n|move|p2a: Sableye|Will-O-Wisp|p1a: Garganacl\n|-immune|p1a: Garganacl|[from] ability: Purifying Salt\n|\n|-heal|p1a: Garganacl|88\/100|[from] item: Leftovers\n|-damage|p1a: Garganacl|76\/100|[from] Salt Cure\n|-damage|p2a: Sableye|75\/100|[from] Salt Cure\n|upkeep\n|turn|13\n|\n|t:|1700425822\n|switch|p1a: Iron Moth|Iron Moth|100\/100\n|move|p2a: Sableye|Knock Off|p1a: Iron Moth\n|-crit|p1a: Iron Moth\n|-damage|p1a: Iron Moth|26\/100\n|-enditem|p1a: Iron Moth|Choice Specs|[from] move: Knock Off|[of] p2a: Sableye\n|\n|-damage|p2a: Sableye|63\/100|[from] Salt Cure\n|upkeep\n|turn|14\n|\n|t:|1700425831\n|switch|p2a: Urshifu|Urshifu-Rapid-Strike, M|100\/100\n|move|p1a: Iron Moth|Energy Ball|p2a: Urshifu\n|-supereffective|p2a: Urshifu\n|-damage|p2a: Urshifu|2\/100\n|\n|upkeep\n|turn|15\n|\n|t:|1700425839\n|move|p1a: Iron Moth|Energy Ball|p2a: Urshifu\n|-supereffective|p2a: Urshifu\n|-damage|p2a: Urshifu|0 fnt\n|faint|p2a: Urshifu\n|\n|upkeep\n|\n|t:|1700425845\n|switch|p2a: Sneasler|Sneasler, F|100\/100\n|turn|16\n|\n|t:|1700425850\n|move|p2a: Sneasler|Fake Out|p1a: Iron Moth\n|-enditem|p2a: Sneasler|Normal Gem|[from] gem\n|-damage|p1a: Iron Moth|0 fnt\n|faint|p1a: Iron Moth\n|-end|p1a: Iron Moth|Quark Drive|[silent]\n|\n|upkeep\n|\n|t:|1700425862\n|switch|p1a: Gliscor|Gliscor, F|74\/100 tox\n|turn|17\n|\n|t:|1700425866\n|move|p2a: Sneasler|Swords Dance|p2a: Sneasler\n|-boost|p2a: Sneasler|atk|2\n|move|p1a: Gliscor|Earthquake|p2a: Sneasler\n|-supereffective|p2a: Sneasler\n|-damage|p2a: Sneasler|0 fnt\n|faint|p2a: Sneasler\n|\n|-heal|p1a: Gliscor|87\/100 tox|[from] ability: Poison Heal\n|upkeep\n|\n|t:|1700425877\n|switch|p2a: Garganacl|Garganacl, M, tera:Water|57\/100\n|turn|18\n|\n|t:|1700425881\n|move|p1a: Gliscor|Protect|p1a: Gliscor\n|-singleturn|p1a: Gliscor|Protect\n|move|p2a: Garganacl|Recover|p2a: Garganacl\n|-heal|p2a: Garganacl|100\/100\n|\n|-heal|p1a: Gliscor|99\/100 tox|[from] ability: Poison Heal\n|upkeep\n|turn|19\n|\n|t:|1700425889\n|switch|p1a: Garganacl|Garganacl, M, tera:Ghost|76\/100\n|move|p2a: Garganacl|Salt Cure|p1a: Garganacl\n|-damage|p1a: Garganacl|69\/100\n|-start|p1a: Garganacl|Salt Cure\n|\n|-heal|p1a: Garganacl|75\/100|[from] item: Leftovers\n|-damage|p1a: Garganacl|63\/100|[from] Salt Cure\n|upkeep\n|turn|20\n|\n|t:|1700425899\n|switch|p2a: Sableye|Sableye-Mega, M|63\/100\n|move|p1a: Garganacl|Salt Cure|p2a: Sableye\n|-damage|p2a: Sableye|51\/100\n|-start|p2a: Sableye|Salt Cure\n|\n|-heal|p1a: Garganacl|69\/100|[from] item: Leftovers\n|-damage|p1a: Garganacl|56\/100|[from] Salt Cure\n|-damage|p2a: Sableye|39\/100|[from] Salt Cure\n|upkeep\n|turn|21\n|\n|t:|1700425909\n|move|p1a: Garganacl|Recover|p1a: Garganacl\n|-heal|p1a: Garganacl|100\/100\n|move|p2a: Sableye|Recover|p2a: Sableye\n|-heal|p2a: Sableye|89\/100\n|\n|-damage|p1a: Garganacl|88\/100|[from] Salt Cure\n|-damage|p2a: Sableye|77\/100|[from] Salt Cure\n|upkeep\n|turn|22\n|\n|t:|1700425929\n|switch|p1a: Umbreon|Umbreon, M, shiny|95\/100\n|move|p2a: Sableye|Knock Off|p1a: Umbreon\n|-resisted|p1a: Umbreon\n|-damage|p1a: Umbreon|83\/100\n|-enditem|p1a: Umbreon|Leftovers|[from] move: Knock Off|[of] p2a: Sableye\n|\n|-damage|p2a: Sableye|65\/100|[from] Salt Cure\n|upkeep\n|turn|23\n|\n|t:|1700425939\n|switch|p2a: Garganacl|Garganacl, M, tera:Water|100\/100\n|move|p1a: Umbreon|Toxic|p2a: Garganacl\n|-immune|p2a: Garganacl|[from] ability: Purifying Salt\n|\n|upkeep\n|turn|24\n|\n|t:|1700425950\n|switch|p1a: Garganacl|Garganacl, M, tera:Ghost|88\/100\n|move|p2a: Garganacl|Salt Cure|p1a: Garganacl\n|-damage|p1a: Garganacl|81\/100\n|-start|p1a: Garganacl|Salt Cure\n|\n|-heal|p1a: Garganacl|87\/100|[from] item: Leftovers\n|-damage|p1a: Garganacl|75\/100|[from] Salt Cure\n|upkeep\n|turn|25\n|\n|t:|1700425961\n|switch|p2a: Sableye|Sableye-Mega, M|65\/100\n|move|p1a: Garganacl|Salt Cure|p2a: Sableye\n|-damage|p2a: Sableye|52\/100\n|-start|p2a: Sableye|Salt Cure\n|\n|-heal|p1a: Garganacl|81\/100|[from] item: Leftovers\n|-damage|p1a: Garganacl|68\/100|[from] Salt Cure\n|-damage|p2a: Sableye|39\/100|[from] Salt Cure\n|upkeep\n|turn|26\n|\n|t:|1700425972\n|move|p1a: Garganacl|Recover|p1a: Garganacl\n|-heal|p1a: Garganacl|100\/100\n|move|p2a: Sableye|Knock Off|p1a: Garganacl\n|-supereffective|p1a: Garganacl\n|-damage|p1a: Garganacl|70\/100\n|-enditem|p1a: Garganacl|Leftovers|[from] move: Knock Off|[of] p2a: Sableye\n|\n|-damage|p1a: Garganacl|58\/100|[from] Salt Cure\n|-damage|p2a: Sableye|27\/100|[from] Salt Cure\n|upkeep\n|turn|27\n|\n|t:|1700425988\n|switch|p1a: Gliscor|Gliscor, F|99\/100 tox\n|move|p2a: Sableye|Recover|p2a: Sableye\n|-heal|p2a: Sableye|77\/100\n|\n|-heal|p1a: Gliscor|100\/100 tox|[from] ability: Poison Heal\n|-damage|p2a: Sableye|65\/100|[from] Salt Cure\n|upkeep\n|turn|28\n|\n|t:|1700425997\n|switch|p2a: Garganacl|Garganacl, M, tera:Water|100\/100\n|move|p1a: Gliscor|Earthquake|p2a: Garganacl\n|-damage|p2a: Garganacl|80\/100\n|\n|-heal|p2a: Garganacl|86\/100|[from] item: Leftovers\n|upkeep\n|turn|29\n|\n|t:|1700426005\n|switch|p1a: Garganacl|Garganacl, M, tera:Ghost|58\/100\n|move|p2a: Garganacl|Salt Cure|p1a: Garganacl\n|-damage|p1a: Garganacl|50\/100\n|-start|p1a: Garganacl|Salt Cure\n|\n|-heal|p2a: Garganacl|93\/100|[from] item: Leftovers\n|-damage|p1a: Garganacl|37\/100|[from] Salt Cure\n|upkeep\n|turn|30\n|\n|t:|1700426016\n|switch|p2a: Sableye|Sableye-Mega, M|65\/100\n|move|p1a: Garganacl|Recover|p1a: Garganacl\n|-heal|p1a: Garganacl|87\/100\n|\n|-damage|p1a: Garganacl|75\/100|[from] Salt Cure\n|upkeep\n|turn|31\n|\n|t:|1700426024\n|move|p1a: Garganacl|Salt Cure|p2a: Sableye\n|-damage|p2a: Sableye|52\/100\n|-start|p2a: Sableye|Salt Cure\n|move|p2a: Sableye|Recover|p2a: Sableye\n|-heal|p2a: Sableye|100\/100\n|\n|-damage|p1a: Garganacl|63\/100|[from] Salt Cure\n|-damage|p2a: Sableye|88\/100|[from] Salt Cure\n|upkeep\n|turn|32\n|\n|t:|1700426036\n|move|p1a: Garganacl|Iron Defense|p1a: Garganacl\n|-boost|p1a: Garganacl|def|2\n|move|p2a: Sableye|Will-O-Wisp|p1a: Garganacl|[miss]\n|-miss|p2a: Sableye|p1a: Garganacl\n|\n|-damage|p1a: Garganacl|50\/100|[from] Salt Cure\n|-damage|p2a: Sableye|76\/100|[from] Salt Cure\n|upkeep\n|turn|33\n|\n|t:|1700426044\n|move|p1a: Garganacl|Recover|p1a: Garganacl\n|-heal|p1a: Garganacl|99\/100\n|move|p2a: Sableye|Recover|p2a: Sableye\n|-heal|p2a: Sableye|100\/100\n|\n|-damage|p1a: Garganacl|88\/100|[from] Salt Cure\n|-damage|p2a: Sableye|88\/100|[from] Salt Cure\n|upkeep\n|turn|34\n|\n|t:|1700426052\n|move|p2a: Sableye|Protect|p2a: Sableye\n|-singleturn|p2a: Sableye|Protect\n|move|p1a: Garganacl|Iron Defense|p1a: Garganacl\n|-boost|p1a: Garganacl|def|2\n|\n|-damage|p1a: Garganacl|75\/100|[from] Salt Cure\n|-damage|p2a: Sableye|76\/100|[from] Salt Cure\n|upkeep\n|turn|35\n|\n|t:|1700426073\n|switch|p1a: Umbreon|Umbreon, M, shiny|83\/100\n|move|p2a: Sableye|Recover|p2a: Sableye\n|-heal|p2a: Sableye|100\/100\n|\n|-damage|p2a: Sableye|88\/100|[from] Salt Cure\n|upkeep\n|turn|36\n|\n|t:|1700426081\n|switch|p2a: Garganacl|Garganacl, M, tera:Water|93\/100\n|move|p1a: Umbreon|Toxic|p2a: Garganacl|[miss]\n|-miss|p1a: Umbreon|p2a: Garganacl\n|\n|-heal|p2a: Garganacl|99\/100|[from] item: Leftovers\n|upkeep\n|turn|37\n|\n|t:|1700426092\n|switch|p1a: Garganacl|Garganacl, M, tera:Ghost|75\/100\n|move|p2a: Garganacl|Salt Cure|p1a: Garganacl\n|-damage|p1a: Garganacl|69\/100\n|-start|p1a: Garganacl|Salt Cure\n|\n|-heal|p2a: Garganacl|100\/100|[from] item: Leftovers\n|-damage|p1a: Garganacl|56\/100|[from] Salt Cure\n|upkeep\n|turn|38\n|\n|t:|1700426105\n|switch|p2a: Sableye|Sableye-Mega, M|88\/100\n|move|p1a: Garganacl|Salt Cure|p2a: Sableye\n|-damage|p2a: Sableye|75\/100\n|-start|p2a: Sableye|Salt Cure\n|\n|-damage|p1a: Garganacl|44\/100|[from] Salt Cure\n|-damage|p2a: Sableye|63\/100|[from] Salt Cure\n|upkeep\n|turn|39\n|\n|t:|1700426113\n|switch|p1a: Umbreon|Umbreon, M, shiny|83\/100\n|move|p2a: Sableye|Knock Off|p1a: Umbreon\n|-resisted|p1a: Umbreon\n|-damage|p1a: Umbreon|76\/100\n|\n|-damage|p2a: Sableye|51\/100|[from] Salt Cure\n|upkeep\n|turn|40\n|\n|t:|1700426121\n|move|p1a: Umbreon|Toxic|p2a: Sableye\n|move|p2a: Sableye|Toxic|p1a: Umbreon|[from]ability: Magic Bounce\n|-status|p1a: Umbreon|tox\n|-activate|p1a: Umbreon|ability: Synchronize\n|-status|p2a: Sableye|tox\n|move|p2a: Sableye|Recover|p2a: Sableye\n|-heal|p2a: Sableye|100\/100 tox\n|\n|-damage|p1a: Umbreon|70\/100 tox|[from] psn\n|-damage|p2a: Sableye|95\/100 tox|[from] psn\n|-damage|p2a: Sableye|82\/100 tox|[from] Salt Cure\n|upkeep\n|turn|41\n|\n|t:|1700426134\n|switch|p2a: Garganacl|Garganacl, M, tera:Water|100\/100\n|move|p1a: Umbreon|Wish|p1a: Umbreon\n|\n|-damage|p1a: Umbreon|58\/100 tox|[from] psn\n|upkeep\n|turn|42\n|\n|t:|1700426142\n|move|p1a: Umbreon|Protect|p1a: Umbreon\n|-singleturn|p1a: Umbreon|Protect\n|move|p2a: Garganacl|Iron Defense|p2a: Garganacl\n|-boost|p2a: Garganacl|def|2\n|\n|-heal|p1a: Umbreon|100\/100 tox|[from] move: Wish|[wisher] Umbreon\n|-damage|p1a: Umbreon|82\/100 tox|[from] psn\n|upkeep\n|turn|43\n|\n|t:|1700426164\n|switch|p1a: Garganacl|Garganacl, M, tera:Ghost|44\/100\n|move|p2a: Garganacl|Salt Cure|p1a: Garganacl\n|-damage|p1a: Garganacl|37\/100\n|-start|p1a: Garganacl|Salt Cure\n|\n|-damage|p1a: Garganacl|25\/100|[from] Salt Cure\n|upkeep\n|turn|44\n|\n|t:|1700426173\n|switch|p2a: Sableye|Sableye-Mega, M|82\/100 tox\n|move|p1a: Garganacl|Recover|p1a: Garganacl\n|-heal|p1a: Garganacl|75\/100\n|\n|-damage|p2a: Sableye|76\/100 tox|[from] psn\n|-damage|p1a: Garganacl|62\/100|[from] Salt Cure\n|upkeep\n|turn|45\n|\n|t:|1700426188\n|move|p2a: Sableye|Protect|p2a: Sableye\n|-singleturn|p2a: Sableye|Protect\n|move|p1a: Garganacl|Salt Cure|p2a: Sableye\n|-activate|p2a: Sableye|move: Protect\n|\n|-damage|p2a: Sableye|65\/100 tox|[from] psn\n|-damage|p1a: Garganacl|50\/100|[from] Salt Cure\n|upkeep\n|turn|46\n|\n|t:|1700426198\n|switch|p2a: Garganacl|Garganacl, M, tera:Water|100\/100\n|move|p1a: Garganacl|Recover|p1a: Garganacl\n|-heal|p1a: Garganacl|99\/100\n|\n|-damage|p1a: Garganacl|88\/100|[from] Salt Cure\n|upkeep\n|turn|47\n|\n|t:|1700426217\n|switch|p2a: Sableye|Sableye-Mega, M|65\/100 tox\n|move|p1a: Garganacl|Salt Cure|p2a: Sableye\n|-damage|p2a: Sableye|54\/100 tox\n|-start|p2a: Sableye|Salt Cure\n|\n|-damage|p2a: Sableye|48\/100 tox|[from] psn\n|-damage|p1a: Garganacl|75\/100|[from] Salt Cure\n|-damage|p2a: Sableye|35\/100 tox|[from] Salt Cure\n|upkeep\n|turn|48\n|\n|t:|1700426226\n|move|p1a: Garganacl|Iron Defense|p1a: Garganacl\n|-boost|p1a: Garganacl|def|2\n|move|p2a: Sableye|Recover|p2a: Sableye\n|-heal|p2a: Sableye|86\/100 tox\n|\n|-damage|p2a: Sableye|74\/100 tox|[from] psn\n|-damage|p1a: Garganacl|63\/100|[from] Salt Cure\n|-damage|p2a: Sableye|62\/100 tox|[from] Salt Cure\n|upkeep\n|turn|49\n|\n|t:|1700426235\n|move|p1a: Garganacl|Recover|p1a: Garganacl\n|-heal|p1a: Garganacl|100\/100\n|move|p2a: Sableye|Knock Off|p1a: Garganacl\n|-supereffective|p1a: Garganacl\n|-damage|p1a: Garganacl|90\/100\n|\n|-damage|p2a: Sableye|44\/100 tox|[from] psn\n|-damage|p1a: Garganacl|78\/100|[from] Salt Cure\n|-damage|p2a: Sableye|32\/100 tox|[from] Salt Cure\n|upkeep\n|turn|50\n|\n|t:|1700426245\n|switch|p2a: Garganacl|Garganacl, M, tera:Water|100\/100\n|move|p1a: Garganacl|Iron Defense|p1a: Garganacl\n|-boost|p1a: Garganacl|def|2\n|\n|-damage|p1a: Garganacl|65\/100|[from] Salt Cure\n|upkeep\n|turn|51\n|\n|t:|1700426254\n|move|p1a: Garganacl|Salt Cure|p2a: Garganacl\n|-damage|p2a: Garganacl|91\/100\n|-start|p2a: Garganacl|Salt Cure\n|move|p2a: Garganacl|Iron Defense|p2a: Garganacl\n|-boost|p2a: Garganacl|def|2\n|\n|-heal|p2a: Garganacl|97\/100|[from] item: Leftovers\n|-damage|p2a: Garganacl|72\/100|[from] Salt Cure\n|-damage|p1a: Garganacl|53\/100|[from] Salt Cure\n|upkeep\n|turn|52\n|\n|t:|1700426264\n|switch|p2a: Sableye|Sableye-Mega, M|32\/100 tox\n|move|p1a: Garganacl|Body Press|p2a: Sableye\n|-immune|p2a: Sableye\n|\n|-damage|p2a: Sableye|26\/100 tox|[from] psn\n|-damage|p1a: Garganacl|41\/100|[from] Salt Cure\n|upkeep\n|turn|53\n|\n|t:|1700426273\n|move|p1a: Garganacl|Recover|p1a: Garganacl\n|-heal|p1a: Garganacl|91\/100\n|move|p2a: Sableye|Recover|p2a: Sableye\n|-heal|p2a: Sableye|76\/100 tox\n|\n|-damage|p2a: Sableye|64\/100 tox|[from] psn\n|-damage|p1a: Garganacl|78\/100|[from] Salt Cure\n|upkeep\n|turn|54\n|\n|t:|1700426292\n|switch|p1a: Grimmsnarl|Grimmsnarl, M|100\/100\n|move|p2a: Sableye|Protect||[still]\n|-fail|p2a: Sableye\n|\n|-damage|p2a: Sableye|46\/100 tox|[from] psn\n|upkeep\n|turn|55\n|\n|t:|1700426299\n|switch|p2a: Garganacl|Garganacl, M, tera:Water|72\/100\n|move|p1a: Grimmsnarl|Reflect|p1a: Grimmsnarl\n|-sidestart|p1: Bumpers362|Reflect\n|\n|-heal|p2a: Garganacl|78\/100|[from] item: Leftovers\n|upkeep\n|turn|56\n|\n|t:|1700426307\n|switch|p1a: Umbreon|Umbreon, M, shiny|82\/100 tox\n|move|p2a: Garganacl|Salt Cure|p1a: Umbreon\n|-damage|p1a: Umbreon|77\/100 tox\n|-start|p1a: Umbreon|Salt Cure\n|\n|-heal|p2a: Garganacl|84\/100|[from] item: Leftovers\n|-damage|p1a: Umbreon|71\/100 tox|[from] psn\n|-damage|p1a: Umbreon|58\/100 tox|[from] Salt Cure\n|upkeep\n|turn|57\n|\n|t:|1700426318\n|move|p1a: Umbreon|Wish|p1a: Umbreon\n|move|p2a: Garganacl|Iron Defense|p2a: Garganacl\n|-boost|p2a: Garganacl|def|2\n|\n|-heal|p2a: Garganacl|91\/100|[from] item: Leftovers\n|-damage|p1a: Umbreon|46\/100 tox|[from] psn\n|-damage|p1a: Umbreon|34\/100 tox|[from] Salt Cure\n|upkeep\n|turn|58\n|\n|t:|1700426331\n|switch|p1a: Garganacl|Garganacl, M, tera:Ghost|78\/100\n|move|p2a: Garganacl|Salt Cure|p1a: Garganacl\n|-damage|p1a: Garganacl|75\/100\n|-start|p1a: Garganacl|Salt Cure\n|\n|-heal|p1a: Garganacl|100\/100|[from] move: Wish|[wisher] Umbreon\n|-heal|p2a: Garganacl|97\/100|[from] item: Leftovers\n|-damage|p1a: Garganacl|88\/100|[from] Salt Cure\n|upkeep\n|turn|59\n|\n|t:|1700426346\n|move|p1a: Garganacl|Salt Cure|p2a: Garganacl\n|-damage|p2a: Garganacl|92\/100\n|-start|p2a: Garganacl|Salt Cure\n|move|p2a: Garganacl|Iron Defense|p2a: Garganacl\n|-boost|p2a: Garganacl|def|2\n|\n|-heal|p2a: Garganacl|98\/100|[from] item: Leftovers\n|-damage|p2a: Garganacl|73\/100|[from] Salt Cure\n|-damage|p1a: Garganacl|76\/100|[from] Salt Cure\n|upkeep\n|turn|60\n|\n|t:|1700426356\n|switch|p2a: Sableye|Sableye-Mega, M|46\/100 tox\n|move|p1a: Garganacl|Body Press|p2a: Sableye\n|-immune|p2a: Sableye\n|\n|-damage|p2a: Sableye|40\/100 tox|[from] psn\n|-damage|p1a: Garganacl|63\/100|[from] Salt Cure\n|upkeep\n|turn|61\n|\n|t:|1700426365\n|move|p2a: Sableye|Protect|p2a: Sableye\n|-singleturn|p2a: Sableye|Protect\n|move|p1a: Garganacl|Iron Defense|p1a: Garganacl\n|-boost|p1a: Garganacl|def|2\n|\n|-damage|p2a: Sableye|28\/100 tox|[from] psn\n|-damage|p1a: Garganacl|51\/100|[from] Salt Cure\n|upkeep\n|turn|62\n|\n|t:|1700426386\n|move|p2a: Sableye|Protect||[still]\n|-fail|p2a: Sableye\n|move|p1a: Garganacl|Salt Cure|p2a: Sableye\n|-damage|p2a: Sableye|16\/100 tox\n|-start|p2a: Sableye|Salt Cure\n|\n|-damage|p2a: Sableye|0 fnt|[from] psn\n|faint|p2a: Sableye\n|-damage|p1a: Garganacl|39\/100|[from] Salt Cure\n|-sideend|p1: Bumpers362|Reflect\n|upkeep\n|\n|t:|1700426396\n|switch|p2a: Volcarona|Volcarona, F|100\/100\n|turn|63\n|\n|t:|1700426406\n|switch|p1a: Umbreon|Umbreon, M, shiny|34\/100 tox\n|move|p2a: Volcarona|Bug Buzz|p1a: Umbreon\n|-supereffective|p1a: Umbreon\n|-damage|p1a: Umbreon|0 fnt\n|faint|p1a: Umbreon\n|\n|upkeep\n|\n|t:|1700426411\n|switch|p1a: Grimmsnarl|Grimmsnarl, M|100\/100\n|turn|64\n|\n|t:|1700426417\n|switch|p2a: Garganacl|Garganacl, M, tera:Water|73\/100\n|move|p1a: Grimmsnarl|Thunder Wave|p2a: Garganacl|[miss]\n|-miss|p1a: Grimmsnarl|p2a: Garganacl\n|\n|-heal|p2a: Garganacl|79\/100|[from] item: Leftovers\n|upkeep\n|turn|65\n|\n|t:|1700426426\n|move|p1a: Grimmsnarl|Reflect|p1a: Grimmsnarl\n|-sidestart|p1: Bumpers362|Reflect\n|move|p2a: Garganacl|Salt Cure|p1a: Grimmsnarl\n|-damage|p1a: Grimmsnarl|92\/100\n|-start|p1a: Grimmsnarl|Salt Cure\n|\n|-heal|p2a: Garganacl|85\/100|[from] item: Leftovers\n|-damage|p1a: Grimmsnarl|79\/100|[from] Salt Cure\n|upkeep\n|turn|66\n|\n|t:|1700426434\n|switch|p1a: Garganacl|Garganacl, M, tera:Ghost|39\/100\n|move|p2a: Garganacl|Iron Defense|p2a: Garganacl\n|-boost|p2a: Garganacl|def|2\n|\n|-heal|p2a: Garganacl|91\/100|[from] item: Leftovers\n|upkeep\n|turn|67\n|\n|t:|1700426441\n|move|p2a: Garganacl|Salt Cure|p1a: Garganacl\n|-damage|p1a: Garganacl|35\/100\n|-start|p1a: Garganacl|Salt Cure\n|move|p1a: Garganacl|Salt Cure|p2a: Garganacl\n|-damage|p2a: Garganacl|87\/100\n|-start|p2a: Garganacl|Salt Cure\n|\n|-heal|p2a: Garganacl|93\/100|[from] item: Leftovers\n|-damage|p2a: Garganacl|68\/100|[from] Salt Cure\n|-damage|p1a: Garganacl|23\/100|[from] Salt Cure\n|upkeep\n|turn|68\n|\n|t:|1700426459\n|switch|p2a: Volcarona|Volcarona, F|100\/100\n|move|p1a: Garganacl|Salt Cure|p2a: Volcarona\n|-supereffective|p2a: Volcarona\n|-damage|p2a: Volcarona|43\/100\n|-start|p2a: Volcarona|Salt Cure\n|\n|-damage|p2a: Volcarona|30\/100|[from] Salt Cure\n|-damage|p1a: Garganacl|10\/100|[from] Salt Cure\n|upkeep\n|turn|69\n|\n|t:|1700426469\n|move|p2a: Volcarona|Roost|p2a: Volcarona\n|-heal|p2a: Volcarona|80\/100\n|-singleturn|p2a: Volcarona|move: Roost\n|move|p1a: Garganacl|Salt Cure|p2a: Volcarona\n|-supereffective|p2a: Volcarona\n|-damage|p2a: Volcarona|28\/100\n|\n|-damage|p2a: Volcarona|16\/100|[from] Salt Cure\n|-damage|p1a: Garganacl|0 fnt|[from] Salt Cure\n|faint|p1a: Garganacl\n|upkeep\n|\n|t:|1700426477\n|switch|p1a: Beedrill|Beedrill, M|100\/100\n|turn|70\n|\n|t:|1700426484\n|switch|p2a: Garganacl|Garganacl, M, tera:Water|68\/100\n|detailschange|p1a: Beedrill|Beedrill-Mega, M\n|-mega|p1a: Beedrill|Beedrill|Beedrillite\n|move|p1a: Beedrill|Knock Off|p2a: Garganacl\n|-damage|p2a: Garganacl|45\/100\n|-enditem|p2a: Garganacl|Leftovers|[from] move: Knock Off|[of] p1a: Beedrill\n|\n|upkeep\n|turn|71\n|\n|t:|1700426495\n|move|p1a: Beedrill|U-turn|p2a: Garganacl\n|-damage|p2a: Garganacl|5\/100\n|\n|t:|1700426498\n|switch|p1a: Gliscor|Gliscor, F|100\/100 tox|[from] U-turn\n|move|p2a: Garganacl|Recover|p2a: Garganacl\n|-heal|p2a: Garganacl|55\/100\n|\n|upkeep\n|turn|72\n|\n|t:|1700426508\n|move|p1a: Gliscor|Protect|p1a: Gliscor\n|-singleturn|p1a: Gliscor|Protect\n|move|p2a: Garganacl|Recover|p2a: Garganacl\n|-heal|p2a: Garganacl|100\/100\n|\n|-sideend|p1: Bumpers362|Reflect\n|upkeep\n|turn|73\n|\n|t:|1700426514\n|move|p1a: Gliscor|Earthquake|p2a: Garganacl\n|-damage|p2a: Garganacl|79\/100\n|move|p2a: Garganacl|Iron Defense|p2a: Garganacl\n|-boost|p2a: Garganacl|def|2\n|\n|upkeep\n|turn|74\n|\n|t:|1700426521\n|switch|p1a: Grimmsnarl|Grimmsnarl, M|79\/100\n|move|p2a: Garganacl|Iron Defense|p2a: Garganacl\n|-boost|p2a: Garganacl|def|2\n|\n|upkeep\n|turn|75\n|\n|t:|1700426529\n|move|p1a: Grimmsnarl|Reflect|p1a: Grimmsnarl\n|-sidestart|p1: Bumpers362|Reflect\n|move|p2a: Garganacl|Salt Cure|p1a: Grimmsnarl\n|-damage|p1a: Grimmsnarl|71\/100\n|-start|p1a: Grimmsnarl|Salt Cure\n|\n|-damage|p1a: Grimmsnarl|58\/100|[from] Salt Cure\n|upkeep\n|turn|76\n|\n|t:|1700426538\n|switch|p1a: Gliscor|Gliscor, F|100\/100 tox\n|move|p2a: Garganacl|Salt Cure|p1a: Gliscor\n|-damage|p1a: Gliscor|95\/100 tox\n|-start|p1a: Gliscor|Salt Cure\n|\n|-heal|p1a: Gliscor|100\/100 tox|[from] ability: Poison Heal\n|-damage|p1a: Gliscor|88\/100 tox|[from] Salt Cure\n|upkeep\n|turn|77\n|\n|t:|1700426548\n|switch|p1a: Grimmsnarl|Grimmsnarl, M|58\/100\n|move|p2a: Garganacl|Iron Defense|p2a: Garganacl\n|-boost|p2a: Garganacl|def|2\n|\n|upkeep\n|turn|78\n|\n|t:|1700426560\n|move|p1a: Grimmsnarl|Spirit Break|p2a: Garganacl\n|-damage|p2a: Garganacl|73\/100\n|-unboost|p2a: Garganacl|spa|1\n|move|p2a: Garganacl|Body Press|p1a: Grimmsnarl\n|-damage|p1a: Grimmsnarl|1\/100\n|\n|upkeep\n|turn|79\n|\n|t:|1700426568\n|move|p1a: Grimmsnarl|Spirit Break|p2a: Garganacl\n|-damage|p2a: Garganacl|68\/100\n|-unboost|p2a: Garganacl|spa|1\n|move|p2a: Garganacl|Salt Cure|p1a: Grimmsnarl\n|-damage|p1a: Grimmsnarl|0 fnt\n|faint|p1a: Grimmsnarl\n|\n|upkeep\n|\n|t:|1700426572\n|switch|p1a: Gliscor|Gliscor, F|88\/100 tox\n|turn|80\n|\n|t:|1700426600\n|move|p1a: Gliscor|Earthquake|p2a: Garganacl\n|-damage|p2a: Garganacl|62\/100\n|move|p2a: Garganacl|Salt Cure|p1a: Gliscor\n|-damage|p1a: Gliscor|83\/100 tox\n|-start|p1a: Gliscor|Salt Cure\n|\n|-heal|p1a: Gliscor|95\/100 tox|[from] ability: Poison Heal\n|-damage|p1a: Gliscor|83\/100 tox|[from] Salt Cure\n|upkeep\n|turn|81\n|c|\u2606MorningStar53|we are committed lmao\n|inactive|MorningStar53 has 120 seconds left.\n|\n|t:|1700426624\n|move|p1a: Gliscor|Earthquake|p2a: Garganacl\n|-damage|p2a: Garganacl|56\/100\n|move|p2a: Garganacl|Body Press|p1a: Gliscor\n|-resisted|p1a: Gliscor\n|-damage|p1a: Gliscor|66\/100 tox\n|\n|-heal|p1a: Gliscor|78\/100 tox|[from] ability: Poison Heal\n|-damage|p1a: Gliscor|66\/100 tox|[from] Salt Cure\n|upkeep\n|turn|82\n|inactive|MorningStar53 has 120 seconds left.\n|\n|t:|1700426635\n|move|p1a: Gliscor|Earthquake|p2a: Garganacl\n|-damage|p2a: Garganacl|50\/100\n|move|p2a: Garganacl|Iron Defense|p2a: Garganacl\n|-boost|p2a: Garganacl|def|0\n|\n|-heal|p1a: Gliscor|78\/100 tox|[from] ability: Poison Heal\n|-damage|p1a: Gliscor|66\/100 tox|[from] Salt Cure\n|-sideend|p1: Bumpers362|Reflect\n|upkeep\n|turn|83\n|inactive|MorningStar53 has 120 seconds left.\n|\n|t:|1700426644\n|move|p1a: Gliscor|Earthquake|p2a: Garganacl\n|-damage|p2a: Garganacl|45\/100\n|move|p2a: Garganacl|Recover|p2a: Garganacl\n|-heal|p2a: Garganacl|95\/100\n|\n|-heal|p1a: Gliscor|78\/100 tox|[from] ability: Poison Heal\n|-damage|p1a: Gliscor|66\/100 tox|[from] Salt Cure\n|upkeep\n|turn|84\n|\n|t:|1700426653\n|move|p1a: Gliscor|Earthquake|p2a: Garganacl\n|-damage|p2a: Garganacl|89\/100\n|move|p2a: Garganacl|Body Press|p1a: Gliscor\n|-resisted|p1a: Gliscor\n|-damage|p1a: Gliscor|34\/100 tox\n|\n|-heal|p1a: Gliscor|47\/100 tox|[from] ability: Poison Heal\n|-damage|p1a: Gliscor|34\/100 tox|[from] Salt Cure\n|upkeep\n|turn|85\n|\n|t:|1700426664\n|move|p1a: Gliscor|Earthquake|p2a: Garganacl\n|-damage|p2a: Garganacl|84\/100\n|move|p2a: Garganacl|Body Press|p1a: Gliscor\n|-resisted|p1a: Gliscor\n|-damage|p1a: Gliscor|0 fnt\n|faint|p1a: Gliscor\n|\n|upkeep\n|\n|t:|1700426669\n|switch|p1a: Beedrill|Beedrill-Mega, M|100\/100\n|turn|86\n|c|\u2606MorningStar53|gg hell of a game\n|inactive|MorningStar53 has 120 seconds left.\n|\n|t:|1700426691\n|move|p1a: Beedrill|Fell Stinger|p2a: Garganacl\n|-damage|p2a: Garganacl|76\/100\n|move|p2a: Garganacl|Body Press|p1a: Beedrill\n|-resisted|p1a: Beedrill\n|-damage|p1a: Beedrill|44\/100\n|\n|upkeep\n|turn|87\n|\n|t:|1700426698\n|move|p1a: Beedrill|Fell Stinger|p2a: Garganacl\n|-damage|p2a: Garganacl|70\/100\n|move|p2a: Garganacl|Salt Cure|p1a: Beedrill\n|-supereffective|p1a: Beedrill\n|-damage|p1a: Beedrill|0 fnt\n|faint|p1a: Beedrill\n|\n|win|MorningStar53\n|raw|Bumpers362's rating: 1316 &rarr; <strong>1295<\/strong><br \/>(-21 for losing)\n|raw|MorningStar53's rating: 1291 &rarr; <strong>1318<\/strong><br \/>(+27 for winning)\n|l|\u2606Bumpers362\n","uploadtime":1700426736,"views":4,"p1id":"bumpers362","p2id":"morningstar53","formatid":"gen9nationaldex","rating":1295,"private":0,"password":""}