{"id":"gen9nationaldex-1987447957","p1":"Butterfreeguy","p2":"Foulest","format":"[Gen 9] National Dex","log":"|j|\u2606Butterfreeguy\n|j|\u2606Foulest\n|t:|1699593028\n|gametype|singles\n|player|p1|Butterfreeguy|102|1111\n|player|p2|Foulest|2|1191\n|teamsize|p1|6\n|teamsize|p2|6\n|gen|9\n|tier|[Gen 9] National Dex\n|rated|\n|rule|HP Percentage Mod: HP is shown in percentages\n|rule|Endless Battle Clause: Forcing endless battles is banned\n|rule|OHKO Clause: OHKO moves are banned\n|rule|Evasion Clause: Evasion abilities, items, and moves are banned\n|rule|Evasion Abilities Clause: Evasion abilities are banned\n|rule|Evasion Items Clause: Evasion items are banned\n|rule|Evasion Moves Clause: Evasion moves are banned\n|rule|Species Clause: Limit one of each Pok\u00e9mon\n|rule|Sleep Clause Mod: Limit one foe put to sleep\n|clearpoke\n|poke|p1|Togekiss, F|\n|poke|p1|Slowbro, M|\n|poke|p1|Swellow, M|\n|poke|p1|Tapu Lele|\n|poke|p1|Volcarona, F|\n|poke|p1|Honchkrow, M|\n|poke|p2|Azelf|\n|poke|p2|Ferrothorn, M|\n|poke|p2|Ninetales, M|\n|poke|p2|Gastrodon, M|\n|poke|p2|Linoone, F|\n|poke|p2|Aerodactyl, F|\n|teampreview\n|inactive|Battle timer is ON: inactive players will automatically lose when time's up. (requested by Foulest)\n|\n|t:|1699593040\n|start\n|switch|p1a: Slowbro|Slowbro, M|100\/100\n|switch|p2a: Azelf|Azelf, shiny|100\/100\n|turn|1\n|\n|t:|1699593047\n|move|p2a: Azelf|Grass Knot|p1a: Slowbro\n|-supereffective|p1a: Slowbro\n|-damage|p1a: Slowbro|39\/100\n|-damage|p2a: Azelf|84\/100|[from] item: Rocky Helmet|[of] p1a: Slowbro\n|move|p1a: Slowbro|Toxic|p2a: Azelf\n|-status|p2a: Azelf|tox\n|\n|-damage|p2a: Azelf|78\/100 tox|[from] psn\n|upkeep\n|turn|2\n|\n|t:|1699593058\n|switch|p1a: Honchkrow|Honchkrow, M|100\/100\n|move|p2a: Azelf|Grass Knot|p1a: Honchkrow\n|-resisted|p1a: Honchkrow\n|-damage|p1a: Honchkrow|91\/100\n|\n|-damage|p2a: Azelf|65\/100 tox|[from] psn\n|upkeep\n|turn|3\n|\n|t:|1699593068\n|move|p2a: Azelf|Dazzling Gleam|p1a: Honchkrow\n|-supereffective|p1a: Honchkrow\n|-damage|p1a: Honchkrow|42\/100\n|move|p1a: Honchkrow|Taunt|p2a: Azelf\n|-start|p2a: Azelf|move: Taunt\n|\n|-damage|p2a: Azelf|47\/100 tox|[from] psn\n|upkeep\n|turn|4\n|\n|t:|1699593072\n|move|p2a: Azelf|Dazzling Gleam|p1a: Honchkrow\n|-supereffective|p1a: Honchkrow\n|-damage|p1a: Honchkrow|0 fnt\n|faint|p1a: Honchkrow\n|\n|-damage|p2a: Azelf|22\/100 tox|[from] psn\n|upkeep\n|\n|t:|1699593078\n|switch|p1a: Slowbro|Slowbro, M|72\/100\n|turn|5\n|\n|t:|1699593085\n|move|p2a: Azelf|Grass Knot|p1a: Slowbro\n|-supereffective|p1a: Slowbro\n|-damage|p1a: Slowbro|14\/100\n|-damage|p2a: Azelf|6\/100 tox|[from] item: Rocky Helmet|[of] p1a: Slowbro\n|move|p1a: Slowbro|Slack Off|p1a: Slowbro\n|-heal|p1a: Slowbro|64\/100\n|\n|-damage|p2a: Azelf|0 fnt|[from] psn\n|faint|p2a: Azelf\n|upkeep\n|\n|t:|1699593093\n|switch|p2a: Ninetales|Ninetales, M, shiny|100\/100\n|turn|6\n|\n|t:|1699593098\n|-terastallize|p2a: Ninetales|Grass\n|move|p2a: Ninetales|Calm Mind|p2a: Ninetales\n|-boost|p2a: Ninetales|spa|1\n|-boost|p2a: Ninetales|spd|1\n|move|p1a: Slowbro|Scald|p2a: Ninetales\n|-resisted|p2a: Ninetales\n|-damage|p2a: Ninetales|90\/100\n|\n|-heal|p2a: Ninetales|96\/100|[from] item: Leftovers\n|upkeep\n|turn|7\n|\n|t:|1699593109\n|move|p2a: Ninetales|Energy Ball|p1a: Slowbro\n|-supereffective|p1a: Slowbro\n|-damage|p1a: Slowbro|0 fnt\n|faint|p1a: Slowbro\n|\n|-heal|p2a: Ninetales|100\/100|[from] item: Leftovers\n|upkeep\n|\n|t:|1699593112\n|switch|p1a: Swellow|Swellow, M, shiny|100\/100\n|turn|8\n|\n|t:|1699593117\n|switch|p2a: Aerodactyl|Aerodactyl, F|100\/100\n|move|p1a: Swellow|Brave Bird|p2a: Aerodactyl\n|-resisted|p2a: Aerodactyl\n|-damage|p2a: Aerodactyl|60\/100\n|-damage|p1a: Swellow|85\/100|[from] Recoil\n|\n|-status|p1a: Swellow|brn|[from] item: Flame Orb\n|upkeep\n|turn|9\n|\n|t:|1699593124\n|switch|p1a: Tapu Lele|Tapu Lele|100\/100\n|-fieldstart|move: Psychic Terrain|[from] ability: Psychic Surge|[of] p1a: Tapu Lele\n|detailschange|p2a: Aerodactyl|Aerodactyl-Mega, F\n|-mega|p2a: Aerodactyl|Aerodactyl|Aerodactylite\n|move|p2a: Aerodactyl|Stone Edge|p1a: Tapu Lele\n|-crit|p1a: Tapu Lele\n|-damage|p1a: Tapu Lele|0 fnt\n|faint|p1a: Tapu Lele\n|\n|upkeep\n|\n|t:|1699593137\n|switch|p1a: Volcarona|Volcarona, F, shiny|100\/100\n|turn|10\n|\n|t:|1699593143\n|move|p2a: Aerodactyl|Stone Edge|p1a: Volcarona\n|-supereffective|p1a: Volcarona\n|-damage|p1a: Volcarona|0 fnt\n|faint|p1a: Volcarona\n|\n|upkeep\n|\n|t:|1699593149\n|switch|p1a: Togekiss|Togekiss, F|100\/100\n|turn|11\n|\n|t:|1699593151\n|move|p2a: Aerodactyl|Stone Edge|p1a: Togekiss\n|-supereffective|p1a: Togekiss\n|-damage|p1a: Togekiss|0 fnt\n|faint|p1a: Togekiss\n|\n|upkeep\n|-message|Butterfreeguy forfeited.\n|\n|win|Foulest\n|raw|Butterfreeguy's rating: 1111 &rarr; <strong>1092<\/strong><br \/>(-19 for losing)\n|raw|Foulest's rating: 1191 &rarr; <strong>1210<\/strong><br \/>(+19 for winning)\n|l|\u2606Butterfreeguy\n","uploadtime":1699593162,"views":6,"p1id":"butterfreeguy","p2id":"foulest","formatid":"gen9nationaldex","rating":1092,"private":0,"password":""}