{"id":"gen9nationaldex-1999786166","p1":"Marcesgo","p2":"chema778","format":"[Gen 9] National Dex","log":"|html|<div class=\"broadcast-blue\"><strong>[Gen 9] National Dex is currently suspecting Sneasler! For information on how to participate check out the <a href=\"https:\/\/www.smogon.com\/forums\/threads\/sv-national-dex-suspect-8-just-dance.3731534\/\">suspect thread<\/a>.<\/strong><\/div>\n|j|\u2606Marcesgo\n|j|\u2606chema778\n|t:|1701116553\n|gametype|singles\n|player|p1|Marcesgo|sailor|\n|player|p2|chema778|veteran|\n|teamsize|p1|6\n|teamsize|p2|6\n|gen|9\n|tier|[Gen 9] National Dex\n|rule|HP Percentage Mod: HP is shown in percentages\n|rule|Endless Battle Clause: Forcing endless battles is banned\n|rule|OHKO Clause: OHKO moves are banned\n|rule|Evasion Clause: Evasion abilities, items, and moves are banned\n|rule|Evasion Abilities Clause: Evasion abilities are banned\n|rule|Evasion Items Clause: Evasion items are banned\n|rule|Evasion Moves Clause: Evasion moves are banned\n|rule|Species Clause: Limit one of each Pok\u00e9mon\n|rule|Sleep Clause Mod: Limit one foe put to sleep\n|clearpoke\n|poke|p1|Landorus-Therian, M|\n|poke|p1|Volcarona, F|\n|poke|p1|Bisharp, F|\n|poke|p1|Mienshao, F|\n|poke|p1|Gothitelle, F|\n|poke|p1|Ferrothorn, F|\n|poke|p2|Amoonguss, M|\n|poke|p2|Volcarona, M|\n|poke|p2|Tornadus, M|\n|poke|p2|Gurdurr, M|\n|poke|p2|Haxorus, M|\n|poke|p2|Mandibuzz, F|\n|teampreview\n|c|\u2606Marcesgo|Suerte!\n|j| Neitor el 08\n|c|\u2606chema778|suerte\n|c| Neitor el 08|vamossss compadre\n|\n|t:|1701116648\n|start\n|switch|p1a: Landorus|Landorus-Therian, M|100\/100\n|switch|p2a: Tornadus|Tornadus, M|100\/100\n|-ability|p1a: Landorus|Intimidate|boost\n|-unboost|p2a: Tornadus|atk|1\n|turn|1\n|\n|t:|1701116664\n|move|p2a: Tornadus|Taunt|p1a: Landorus\n|-start|p1a: Landorus|move: Taunt\n|cant|p1a: Landorus|move: Taunt|Stealth Rock\n|\n|upkeep\n|turn|2\n|\n|t:|1701116672\n|move|p2a: Tornadus|Tailwind|p2a: Tornadus\n|-sidestart|p2: chema778|move: Tailwind\n|move|p1a: Landorus|U-turn|p2a: Tornadus\n|-resisted|p2a: Tornadus\n|-damage|p2a: Tornadus|85\/100\n|-enditem|p2a: Tornadus|Eject Button\n|\n|t:|1701116695\n|switch|p2a: Haxorus|Haxorus, M|100\/100\n|-ability|p2a: Haxorus|Unnerve\n|\n|upkeep\n|turn|3\n|\n|t:|1701116708\n|switch|p1a: Ferrothorn|Ferrothorn, F|100\/100\n|-terastallize|p2a: Haxorus|Dragon\n|move|p2a: Haxorus|Outrage|p1a: Ferrothorn\n|-resisted|p1a: Ferrothorn\n|-damage|p1a: Ferrothorn|54\/100\n|-damage|p2a: Haxorus|88\/100|[from] ability: Iron Barbs|[of] p1a: Ferrothorn\n|\n|-heal|p1a: Ferrothorn|60\/100|[from] item: Leftovers\n|upkeep\n|turn|4\n|\n|t:|1701116749\n|move|p2a: Haxorus|Outrage|p1a: Ferrothorn|[from]lockedmove\n|-resisted|p1a: Ferrothorn\n|-damage|p1a: Ferrothorn|13\/100\n|-damage|p2a: Haxorus|76\/100|[from] ability: Iron Barbs|[of] p1a: Ferrothorn\n|-start|p2a: Haxorus|confusion|[fatigue]\n|move|p1a: Ferrothorn|Leech Seed|p2a: Haxorus\n|-start|p2a: Haxorus|move: Leech Seed\n|\n|-heal|p1a: Ferrothorn|19\/100|[from] item: Leftovers\n|-damage|p2a: Haxorus|64\/100|[from] Leech Seed|[of] p1a: Ferrothorn\n|-heal|p1a: Ferrothorn|29\/100|[silent]\n|upkeep\n|turn|5\n|c| Neitor el 08|yo confio\n|\n|t:|1701116803\n|switch|p1a: Landorus|Landorus-Therian, M|100\/100\n|-ability|p1a: Landorus|Intimidate|boost\n|-unboost|p2a: Haxorus|atk|1\n|-activate|p2a: Haxorus|confusion\n|move|p2a: Haxorus|Outrage|p1a: Landorus\n|-damage|p1a: Landorus|42\/100\n|-damage|p2a: Haxorus|47\/100|[from] item: Rocky Helmet|[of] p1a: Landorus\n|\n|-damage|p2a: Haxorus|35\/100|[from] Leech Seed|[of] p1a: Landorus\n|-heal|p1a: Landorus|52\/100|[silent]\n|-sideend|p2: chema778|move: Tailwind\n|upkeep\n|turn|6\n|\n|t:|1701116820\n|switch|p1a: Ferrothorn|Ferrothorn, F|29\/100\n|-end|p2a: Haxorus|confusion\n|move|p2a: Haxorus|Outrage|p1a: Ferrothorn|[from]lockedmove\n|-resisted|p1a: Ferrothorn\n|-crit|p1a: Ferrothorn\n|-damage|p1a: Ferrothorn|0 fnt\n|-damage|p2a: Haxorus|23\/100|[from] ability: Iron Barbs|[of] p1a: Ferrothorn\n|faint|p1a: Ferrothorn\n|\n|upkeep\n|\n|t:|1701116838\n|switch|p1a: Bisharp|Bisharp, F|100\/100\n|turn|7\n|\n|t:|1701116862\n|move|p1a: Bisharp|Sucker Punch|p2a: Haxorus\n|-damage|p2a: Haxorus|0 fnt\n|faint|p2a: Haxorus\n|\n|upkeep\n|\n|t:|1701116867\n|switch|p2a: Tornadus|Tornadus, M|85\/100\n|turn|8\n|\n|t:|1701116928\n|move|p2a: Tornadus|Tailwind|p2a: Tornadus\n|-sidestart|p2: chema778|move: Tailwind\n|move|p1a: Bisharp|Iron Head|p2a: Tornadus\n|-damage|p2a: Tornadus|20\/100\n|\n|upkeep\n|turn|9\n|\n|t:|1701116961\n|switch|p2a: Gurdurr|Gurdurr, M|100\/100\n|move|p1a: Bisharp|Night Slash|p2a: Gurdurr\n|-resisted|p2a: Gurdurr\n|-crit|p2a: Gurdurr\n|-damage|p2a: Gurdurr|75\/100\n|\n|upkeep\n|turn|10\n|\n|t:|1701116981\n|switch|p1a: Landorus|Landorus-Therian, M|52\/100\n|-ability|p1a: Landorus|Intimidate|boost\n|-unboost|p2a: Gurdurr|atk|1\n|move|p2a: Gurdurr|Drain Punch|p1a: Landorus\n|-resisted|p1a: Landorus\n|-damage|p1a: Landorus|44\/100\n|-heal|p2a: Gurdurr|80\/100|[from] drain|[of] p1a: Landorus\n|-damage|p2a: Gurdurr|64\/100|[from] item: Rocky Helmet|[of] p1a: Landorus\n|\n|upkeep\n|turn|11\n|\n|t:|1701117062\n|switch|p2a: Volcarona|Volcarona, M|100\/100\n|move|p1a: Landorus|Stealth Rock|p2a: Volcarona\n|-sidestart|p2: chema778|move: Stealth Rock\n|\n|-sideend|p2: chema778|move: Tailwind\n|upkeep\n|turn|12\n|c| Neitor el 08|\/\/stats landorus\n|\n|t:|1701117082\n|move|p2a: Volcarona|Giga Drain|p1a: Landorus\n|-damage|p1a: Landorus|0 fnt\n|faint|p1a: Landorus\n|-damage|p2a: Volcarona|91\/100|[from] item: Life Orb\n|\n|upkeep\n|\n|t:|1701117100\n|switch|p1a: Volcarona|Volcarona, F|100\/100\n|turn|13\n|\n|t:|1701117123\n|move|p1a: Volcarona|Quiver Dance|p1a: Volcarona\n|-boost|p1a: Volcarona|spa|1\n|-boost|p1a: Volcarona|spd|1\n|-boost|p1a: Volcarona|spe|1\n|move|p2a: Volcarona|Quiver Dance|p2a: Volcarona\n|-boost|p2a: Volcarona|spa|1\n|-boost|p2a: Volcarona|spd|1\n|-boost|p2a: Volcarona|spe|1\n|\n|upkeep\n|turn|14\n|\n|t:|1701117162\n|move|p1a: Volcarona|Quiver Dance|p1a: Volcarona\n|-boost|p1a: Volcarona|spa|1\n|-boost|p1a: Volcarona|spd|1\n|-boost|p1a: Volcarona|spe|1\n|move|p2a: Volcarona|Quiver Dance|p2a: Volcarona\n|-boost|p2a: Volcarona|spa|1\n|-boost|p2a: Volcarona|spd|1\n|-boost|p2a: Volcarona|spe|1\n|\n|upkeep\n|turn|15\n|\n|t:|1701117176\n|move|p1a: Volcarona|Quiver Dance|p1a: Volcarona\n|-boost|p1a: Volcarona|spa|1\n|-boost|p1a: Volcarona|spd|1\n|-boost|p1a: Volcarona|spe|1\n|move|p2a: Volcarona|Fiery Dance|p1a: Volcarona\n|-damage|p1a: Volcarona|53\/100\n|-boost|p2a: Volcarona|spa|1\n|-damage|p2a: Volcarona|81\/100|[from] item: Life Orb\n|\n|upkeep\n|turn|16\n|\n|t:|1701117186\n|move|p1a: Volcarona|Flamethrower|p2a: Volcarona\n|-damage|p2a: Volcarona|12\/100\n|move|p2a: Volcarona|Fiery Dance|p1a: Volcarona\n|-damage|p1a: Volcarona|0 fnt\n|-boost|p2a: Volcarona|spa|1\n|faint|p1a: Volcarona\n|-damage|p2a: Volcarona|2\/100|[from] item: Life Orb\n|\n|upkeep\n|\n|t:|1701117205\n|switch|p1a: Bisharp|Bisharp, F|100\/100\n|turn|17\n|\n|t:|1701117215\n|move|p1a: Bisharp|Sucker Punch|p2a: Volcarona\n|-damage|p2a: Volcarona|0 fnt\n|faint|p2a: Volcarona\n|\n|upkeep\n|\n|t:|1701117221\n|switch|p2a: Mandibuzz|Mandibuzz, F|100\/100\n|turn|18\n|\n|t:|1701117231\n|move|p1a: Bisharp|Swords Dance|p1a: Bisharp\n|-boost|p1a: Bisharp|atk|2\n|move|p2a: Mandibuzz|Defog|p1a: Bisharp\n|-unboost|p1a: Bisharp|evasion|1\n|-ability|p1a: Bisharp|Defiant|boost\n|-boost|p1a: Bisharp|atk|2\n|-sideend|p2: chema778|Stealth Rock|[from] move: Defog|[of] p2a: Mandibuzz\n|\n|upkeep\n|turn|19\n|\n|t:|1701117250\n|move|p1a: Bisharp|Iron Head|p2a: Mandibuzz\n|-damage|p2a: Mandibuzz|18\/100\n|move|p2a: Mandibuzz|Foul Play|p1a: Bisharp\n|-resisted|p1a: Bisharp\n|-damage|p1a: Bisharp|36\/100\n|\n|upkeep\n|turn|20\n|\n|t:|1701117263\n|move|p1a: Bisharp|Iron Head|p2a: Mandibuzz\n|-damage|p2a: Mandibuzz|0 fnt\n|faint|p2a: Mandibuzz\n|\n|upkeep\n|\n|t:|1701117268\n|switch|p2a: Tornadus|Tornadus, M|20\/100\n|turn|21\n|\n|t:|1701117280\n|move|p2a: Tornadus|Tailwind|p2a: Tornadus\n|-sidestart|p2: chema778|move: Tailwind\n|move|p1a: Bisharp|Iron Head|p2a: Tornadus\n|-damage|p2a: Tornadus|0 fnt\n|faint|p2a: Tornadus\n|\n|upkeep\n|\n|t:|1701117287\n|switch|p2a: Gurdurr|Gurdurr, M|64\/100\n|turn|22\n|\n|t:|1701117323\n|move|p1a: Bisharp|Sucker Punch|p2a: Gurdurr\n|-resisted|p2a: Gurdurr\n|-damage|p2a: Gurdurr|16\/100\n|move|p2a: Gurdurr|Drain Punch|p1a: Bisharp\n|-supereffective|p1a: Bisharp\n|-damage|p1a: Bisharp|0 fnt\n|-heal|p2a: Gurdurr|31\/100|[from] drain|[of] p1a: Bisharp\n|faint|p1a: Bisharp\n|\n|upkeep\n|\n|t:|1701117370\n|switch|p1a: Mienshao|Mienshao, F|100\/100\n|turn|23\n|\n|t:|1701117383\n|move|p1a: Mienshao|Close Combat|p2a: Gurdurr\n|-damage|p2a: Gurdurr|0 fnt\n|-unboost|p1a: Mienshao|def|1\n|-unboost|p1a: Mienshao|spd|1\n|faint|p2a: Gurdurr\n|\n|upkeep\n|\n|t:|1701117389\n|switch|p2a: Amoonguss|Amoonguss, M|100\/100\n|turn|24\n|\n|t:|1701117421\n|switch|p1a: Gothitelle|Gothitelle, F|100\/100\n|-item|p2a: Amoonguss|Black Sludge|[from] ability: Frisk|[of] p1a: Gothitelle|[identify]\n|move|p2a: Amoonguss|Spore|p1a: Gothitelle\n|-status|p1a: Gothitelle|slp|[from] move: Spore\n|\n|-sideend|p2: chema778|move: Tailwind\n|upkeep\n|turn|25\n|\n|t:|1701117432\n|-terastallize|p1a: Gothitelle|Psychic\n|cant|p1a: Gothitelle|slp\n|move|p2a: Amoonguss|Giga Drain|p1a: Gothitelle\n|-damage|p1a: Gothitelle|85\/100 slp\n|\n|upkeep\n|turn|26\n|\n|t:|1701117439\n|cant|p1a: Gothitelle|slp\n|move|p2a: Amoonguss|Giga Drain|p1a: Gothitelle\n|-damage|p1a: Gothitelle|69\/100 slp\n|\n|upkeep\n|turn|27\n|\n|t:|1701117445\n|cant|p1a: Gothitelle|slp\n|move|p2a: Amoonguss|Giga Drain|p1a: Gothitelle\n|-damage|p1a: Gothitelle|55\/100 slp\n|\n|upkeep\n|turn|28\n|\n|t:|1701117454\n|-curestatus|p1a: Gothitelle|slp|[msg]\n|move|p1a: Gothitelle|Light Screen|p1a: Gothitelle\n|-sidestart|p1: Marcesgo|move: Light Screen\n|move|p2a: Amoonguss|Spore|p1a: Gothitelle\n|-status|p1a: Gothitelle|slp|[from] move: Spore\n|\n|upkeep\n|turn|29\n|\n|t:|1701117460\n|cant|p1a: Gothitelle|slp\n|move|p2a: Amoonguss|Giga Drain|p1a: Gothitelle\n|-damage|p1a: Gothitelle|47\/100 slp\n|-enditem|p1a: Gothitelle|Sitrus Berry|[eat]\n|-heal|p1a: Gothitelle|72\/100 slp|[from] item: Sitrus Berry\n|\n|upkeep\n|turn|30\n|\n|t:|1701117466\n|-curestatus|p1a: Gothitelle|slp|[msg]\n|move|p1a: Gothitelle|Psychic|p2a: Amoonguss\n|-supereffective|p2a: Amoonguss\n|-damage|p2a: Amoonguss|43\/100\n|move|p2a: Amoonguss|Giga Drain|p1a: Gothitelle\n|-damage|p1a: Gothitelle|65\/100\n|-heal|p2a: Amoonguss|46\/100|[from] drain|[of] p1a: Gothitelle\n|\n|-heal|p2a: Amoonguss|52\/100|[from] item: Black Sludge\n|upkeep\n|turn|31\n|\n|t:|1701117477\n|move|p1a: Gothitelle|Psychic|p2a: Amoonguss\n|-supereffective|p2a: Amoonguss\n|-damage|p2a: Amoonguss|0 fnt\n|faint|p2a: Amoonguss\n|\n|win|Marcesgo\n|c|\u2606chema778|gg\n|c|\u2606Marcesgo|Gg\n","uploadtime":1701117490,"views":2,"p1id":"marcesgo","p2id":"chema778","formatid":"gen9nationaldex","rating":0,"private":0,"password":""}