{"id":"gen9nationaldex-1995581225","p1":"Arkmin Cydo","p2":"TheLuiShirosagi","format":"[Gen 9] National Dex","log":"|html|<div class=\"broadcast-blue\"><strong>[Gen 9] National Dex is currently suspecting Sneasler! For information on how to participate check out the <a href=\"https:\/\/www.smogon.com\/forums\/threads\/sv-national-dex-suspect-8-just-dance.3731534\/\">suspect thread<\/a>.<\/strong><\/div>\n|j|\u2606Arkmin Cydo\n|j|\u2606TheLuiShirosagi\n|t:|1700584734\n|gametype|singles\n|player|p1|Arkmin Cydo|clerk|1100\n|player|p2|TheLuiShirosagi|brawly|1113\n|teamsize|p1|6\n|teamsize|p2|6\n|gen|9\n|tier|[Gen 9] National Dex\n|rated|\n|rule|HP Percentage Mod: HP is shown in percentages\n|rule|Endless Battle Clause: Forcing endless battles is banned\n|rule|OHKO Clause: OHKO moves are banned\n|rule|Evasion Clause: Evasion abilities, items, and moves are banned\n|rule|Evasion Abilities Clause: Evasion abilities are banned\n|rule|Evasion Items Clause: Evasion items are banned\n|rule|Evasion Moves Clause: Evasion moves are banned\n|rule|Species Clause: Limit one of each Pok\u00e9mon\n|rule|Sleep Clause Mod: Limit one foe put to sleep\n|clearpoke\n|poke|p1|Zapdos-Galar|\n|poke|p1|Cinderace, M|\n|poke|p1|Bastiodon, M|\n|poke|p1|Forretress, F|\n|poke|p1|Boltund, M|\n|poke|p1|Arcanine-Hisui, M|\n|poke|p2|Charizard, M|\n|poke|p2|Kyurem|\n|poke|p2|Ceruledge, M|\n|poke|p2|Garchomp, M|\n|poke|p2|Heatran, M|\n|poke|p2|Dragonite, M|\n|teampreview\n|\n|t:|1700584744\n|start\n|switch|p1a: Arcanine|Arcanine-Hisui, M|100\/100\n|switch|p2a: Garchomp|Garchomp, M|100\/100\n|turn|1\n|\n|t:|1700584749\n|switch|p1a: Forretress|Forretress, F|100\/100\n|move|p2a: Garchomp|Spikes|p1a: Forretress\n|-sidestart|p1: Arkmin Cydo|Spikes\n|\n|upkeep\n|turn|2\n|\n|t:|1700584757\n|switch|p2a: Heatran|Heatran, M, shiny|100\/100\n|move|p1a: Forretress|Stealth Rock|p2a: Heatran\n|-sidestart|p2: TheLuiShirosagi|move: Stealth Rock\n|\n|upkeep\n|turn|3\n|\n|t:|1700584763\n|move|p2a: Heatran|Stealth Rock|p1a: Forretress\n|-sidestart|p1: Arkmin Cydo|move: Stealth Rock\n|move|p1a: Forretress|Rapid Spin|p2a: Heatran\n|-resisted|p2a: Heatran\n|-damage|p2a: Heatran|96\/100\n|-boost|p1a: Forretress|spe|1\n|-sideend|p1: Arkmin Cydo|Spikes|[from] move: Rapid Spin|[of] p1a: Forretress\n|-sideend|p1: Arkmin Cydo|Stealth Rock|[from] move: Rapid Spin|[of] p1a: Forretress\n|\n|-heal|p2a: Heatran|100\/100|[from] item: Leftovers\n|upkeep\n|turn|4\n|\n|t:|1700584770\n|move|p2a: Heatran|Magma Storm|p1a: Forretress|[miss]\n|-miss|p2a: Heatran|p1a: Forretress\n|move|p1a: Forretress|Spikes|p2a: Heatran\n|-sidestart|p2: TheLuiShirosagi|Spikes\n|\n|upkeep\n|turn|5\n|\n|t:|1700584776\n|move|p2a: Heatran|Magma Storm|p1a: Forretress\n|-supereffective|p1a: Forretress\n|-ability|p1a: Forretress|Sturdy\n|-damage|p1a: Forretress|1\/100\n|-activate|p1a: Forretress|move: Magma Storm|[of] p2a: Heatran\n|move|p1a: Forretress|Toxic Spikes|p2a: Heatran\n|-sidestart|p2: TheLuiShirosagi|move: Toxic Spikes\n|\n|-damage|p1a: Forretress|0 fnt|[from] move: Magma Storm|[partiallytrapped]\n|faint|p1a: Forretress\n|upkeep\n|\n|t:|1700584790\n|switch|p1a: Zapdos|Zapdos-Galar|100\/100\n|turn|6\n|\n|t:|1700584799\n|move|p1a: Zapdos|Thunderous Kick|p2a: Heatran\n|-supereffective|p2a: Heatran\n|-damage|p2a: Heatran|18\/100\n|-unboost|p2a: Heatran|def|1\n|move|p2a: Heatran|Stealth Rock|p1a: Zapdos\n|-sidestart|p1: Arkmin Cydo|move: Stealth Rock\n|\n|-heal|p2a: Heatran|24\/100|[from] item: Leftovers\n|upkeep\n|turn|7\n|\n|t:|1700584806\n|move|p1a: Zapdos|Thunderous Kick|p2a: Heatran\n|-supereffective|p2a: Heatran\n|-damage|p2a: Heatran|0 fnt\n|faint|p2a: Heatran\n|\n|upkeep\n|\n|t:|1700584828\n|switch|p2a: Garchomp|Garchomp, M|100\/100\n|-damage|p2a: Garchomp|94\/100|[from] Stealth Rock\n|-damage|p2a: Garchomp|82\/100|[from] Spikes\n|-status|p2a: Garchomp|psn\n|turn|8\n|\n|t:|1700584836\n|switch|p1a: Bastiodon|Bastiodon, M, shiny|100\/100\n|-damage|p1a: Bastiodon|94\/100|[from] Stealth Rock\n|move|p2a: Garchomp|Outrage|p1a: Bastiodon\n|-resisted|p1a: Bastiodon\n|-damage|p1a: Bastiodon|73\/100\n|-damage|p2a: Garchomp|65\/100 psn|[from] item: Rocky Helmet|[of] p1a: Bastiodon\n|\n|-damage|p2a: Garchomp|53\/100 psn|[from] psn\n|upkeep\n|turn|9\n|\n|t:|1700584847\n|-terastallize|p1a: Bastiodon|Normal\n|move|p2a: Garchomp|Outrage|p1a: Bastiodon|[from]lockedmove\n|-damage|p1a: Bastiodon|27\/100\n|-damage|p2a: Garchomp|37\/100 psn|[from] item: Rocky Helmet|[of] p1a: Bastiodon\n|move|p1a: Bastiodon|Roar|p2a: Garchomp\n|drag|p2a: Ceruledge|Ceruledge, M|100\/100\n|-damage|p2a: Ceruledge|76\/100|[from] Stealth Rock\n|-damage|p2a: Ceruledge|63\/100|[from] Spikes\n|-status|p2a: Ceruledge|psn\n|\n|-damage|p2a: Ceruledge|51\/100 psn|[from] psn\n|upkeep\n|turn|10\n|\n|t:|1700584861\n|move|p2a: Ceruledge|Bitter Blade|p1a: Bastiodon\n|-damage|p1a: Bastiodon|0 fnt\n|-heal|p2a: Ceruledge|63\/100 psn|[from] drain|[of] p1a: Bastiodon\n|-damage|p2a: Ceruledge|46\/100 psn|[from] item: Rocky Helmet|[of] p1a: Bastiodon\n|faint|p1a: Bastiodon\n|\n|-damage|p2a: Ceruledge|34\/100 psn|[from] psn\n|upkeep\n|\n|t:|1700584866\n|switch|p1a: Arcanine|Arcanine-Hisui, M|100\/100\n|-damage|p1a: Arcanine|75\/100|[from] Stealth Rock\n|turn|11\n|\n|t:|1700584871\n|move|p1a: Arcanine|Head Smash|p2a: Ceruledge\n|-supereffective|p2a: Ceruledge\n|-damage|p2a: Ceruledge|0 fnt\n|faint|p2a: Ceruledge\n|\n|upkeep\n|\n|t:|1700584875\n|switch|p2a: Garchomp|Garchomp, M|37\/100 psn\n|-damage|p2a: Garchomp|30\/100 psn|[from] Stealth Rock\n|-damage|p2a: Garchomp|18\/100 psn|[from] Spikes\n|turn|12\n|\n|t:|1700584883\n|move|p1a: Arcanine|Head Smash|p2a: Garchomp\n|-resisted|p2a: Garchomp\n|-damage|p2a: Garchomp|0 fnt\n|-damage|p1a: Arcanine|63\/100|[from] ability: Rough Skin|[of] p2a: Garchomp\n|-damage|p1a: Arcanine|47\/100|[from] item: Rocky Helmet|[of] p2a: Garchomp\n|faint|p2a: Garchomp\n|\n|upkeep\n|\n|t:|1700584886\n|switch|p2a: Pikle|Dragonite, M, shiny|100\/100\n|-damage|p2a: Pikle|76\/100|[from] Stealth Rock\n|turn|13\n|\n|t:|1700584893\n|move|p2a: Pikle|Extreme Speed|p1a: Arcanine\n|-resisted|p1a: Arcanine\n|-damage|p1a: Arcanine|27\/100\n|move|p1a: Arcanine|Head Smash|p2a: Pikle\n|-supereffective|p2a: Pikle\n|-damage|p2a: Pikle|0 fnt\n|faint|p2a: Pikle\n|\n|upkeep\n|\n|t:|1700584900\n|switch|p2a: Luinor|Kyurem, shiny|100\/100\n|-damage|p2a: Luinor|76\/100|[from] Stealth Rock\n|-damage|p2a: Luinor|63\/100|[from] Spikes\n|-status|p2a: Luinor|psn\n|-ability|p2a: Luinor|Pressure\n|turn|14\n|\n|t:|1700584912\n|move|p2a: Luinor|Ice Beam|p1a: Arcanine\n|-resisted|p1a: Arcanine\n|-damage|p1a: Arcanine|0 fnt\n|faint|p1a: Arcanine\n|\n|-damage|p2a: Luinor|51\/100 psn|[from] psn\n|upkeep\n|\n|t:|1700584921\n|switch|p1a: Cinderace|Cinderace, M|100\/100\n|-damage|p1a: Cinderace|76\/100|[from] Stealth Rock\n|turn|15\n|\n|t:|1700584926\n|switch|p2a: Charizard|Charizard, M|100\/100\n|-damage|p2a: Charizard|51\/100|[from] Stealth Rock\n|-zpower|p1a: Cinderace\n|move|p1a: Cinderace|Z-Bulk Up|p1a: Cinderace|[anim]Bulk Up\n|-boost|p1a: Cinderace|atk|1|[zeffect]\n|-start|p1a: Cinderace|typechange|Fighting|[from] ability: Libero\n|-boost|p1a: Cinderace|atk|1\n|-boost|p1a: Cinderace|def|1\n|\n|upkeep\n|turn|16\n|\n|t:|1700584941\n|detailschange|p2a: Charizard|Charizard-Mega-X, M\n|-mega|p2a: Charizard|Charizard|Charizardite X\n|move|p1a: Cinderace|Pyro Ball|p2a: Charizard\n|-resisted|p2a: Charizard\n|-damage|p2a: Charizard|31\/100\n|move|p2a: Charizard|Flare Blitz|p1a: Cinderace\n|-damage|p1a: Cinderace|0 fnt\n|faint|p1a: Cinderace\n|-damage|p2a: Charizard|6\/100|[from] Recoil\n|\n|upkeep\n|\n|t:|1700584954\n|switch|p1a: Boltund|Boltund, M|100\/100\n|-damage|p1a: Boltund|88\/100|[from] Stealth Rock\n|turn|17\n|\n|t:|1700584963\n|move|p1a: Boltund|Psychic Fangs|p2a: Charizard\n|-damage|p2a: Charizard|0 fnt\n|faint|p2a: Charizard\n|\n|upkeep\n|\n|t:|1700584965\n|switch|p2a: Luinor|Kyurem, shiny|51\/100 psn\n|-damage|p2a: Luinor|26\/100 psn|[from] Stealth Rock\n|-damage|p2a: Luinor|14\/100 psn|[from] Spikes\n|-ability|p2a: Luinor|Pressure\n|turn|18\n|\n|t:|1700584970\n|move|p2a: Luinor|Earth Power|p1a: Boltund\n|-supereffective|p1a: Boltund\n|-damage|p1a: Boltund|0 fnt\n|faint|p1a: Boltund\n|\n|-damage|p2a: Luinor|2\/100 psn|[from] psn\n|upkeep\n|\n|t:|1700584974\n|switch|p1a: Zapdos|Zapdos-Galar|100\/100\n|-damage|p1a: Zapdos|88\/100|[from] Stealth Rock\n|turn|19\n|-message|TheLuiShirosagi forfeited.\n|\n|win|Arkmin Cydo\n|raw|Arkmin Cydo's rating: 1100 &rarr; <strong>1126<\/strong><br \/>(+26 for winning)\n|raw|TheLuiShirosagi's rating: 1113 &rarr; <strong>1087<\/strong><br \/>(-26 for losing)\n|l|\u2606TheLuiShirosagi\n","uploadtime":1700584989,"views":11,"p1id":"arkmincydo","p2id":"theluishirosagi","formatid":"gen9nationaldex","rating":1087,"private":0,"password":""}