{"id":"gen9nationaldex-1992768584","p1":"UltraDJames","p2":"Azurepheonix01","format":"[Gen 9] National Dex","log":"|j|\u2606UltraDJames\n|j|\u2606Azurepheonix01\n|t:|1700233766\n|gametype|singles\n|player|p1|UltraDJames|falkner|1184\n|player|p2|Azurepheonix01|cynthia-gen4|1267\n|teamsize|p1|6\n|teamsize|p2|6\n|gen|9\n|tier|[Gen 9] National Dex\n|rated|\n|rule|HP Percentage Mod: HP is shown in percentages\n|rule|Endless Battle Clause: Forcing endless battles is banned\n|rule|OHKO Clause: OHKO moves are banned\n|rule|Evasion Clause: Evasion abilities, items, and moves are banned\n|rule|Evasion Abilities Clause: Evasion abilities are banned\n|rule|Evasion Items Clause: Evasion items are banned\n|rule|Evasion Moves Clause: Evasion moves are banned\n|rule|Species Clause: Limit one of each Pok\u00e9mon\n|rule|Sleep Clause Mod: Limit one foe put to sleep\n|clearpoke\n|poke|p1|Mawile, F|\n|poke|p1|Celesteela|\n|poke|p1|Tapu Koko|\n|poke|p1|Deoxys-Defense|\n|poke|p1|Grimmsnarl, M|\n|poke|p1|Charizard, M|\n|poke|p2|Arctozolt|\n|poke|p2|Ninetales-Alola, M|\n|poke|p2|Kyurem|\n|poke|p2|Arcanine-Hisui, M|\n|poke|p2|Beedrill, F|\n|poke|p2|Abomasnow, M|\n|teampreview\n|inactive|Battle timer is ON: inactive players will automatically lose when time's up. (requested by UltraDJames)\n|c|\u2606UltraDJames|gl\n|inactive|Azurepheonix01 has 120 seconds left.\n|\n|t:|1700233807\n|start\n|switch|p1a: Tapu Koko|Tapu Koko|100\/100\n|switch|p2a: Kyurem|Kyurem|100\/100\n|-fieldstart|move: Electric Terrain|[from] ability: Electric Surge|[of] p1a: Tapu Koko\n|-ability|p2a: Kyurem|Pressure\n|turn|1\n|\n|t:|1700233818\n|-terastallize|p2a: Kyurem|Fire\n|move|p1a: Tapu Koko|Taunt|p2a: Kyurem\n|-start|p2a: Kyurem|move: Taunt\n|cant|p2a: Kyurem|move: Taunt|Dragon Dance\n|\n|upkeep\n|turn|2\n|\n|t:|1700233825\n|move|p1a: Tapu Koko|Reflect|p1a: Tapu Koko\n|-sidestart|p1: UltraDJames|Reflect\n|move|p2a: Kyurem|Iron Head|p1a: Tapu Koko\n|-damage|p1a: Tapu Koko|82\/100\n|\n|upkeep\n|turn|3\n|\n|t:|1700233831\n|switch|p2a: Ninetales|Ninetales-Alola, M|100\/100\n|-weather|Snow|[from] ability: Snow Warning|[of] p2a: Ninetales\n|move|p1a: Tapu Koko|Light Screen|p1a: Tapu Koko\n|-sidestart|p1: UltraDJames|move: Light Screen\n|\n|-weather|Snow|[upkeep]\n|upkeep\n|turn|4\n|\n|t:|1700233839\n|move|p1a: Tapu Koko|Taunt|p2a: Ninetales\n|-start|p2a: Ninetales|move: Taunt\n|cant|p2a: Ninetales|move: Taunt|Aurora Veil\n|\n|-weather|Snow|[upkeep]\n|upkeep\n|turn|5\n|\n|t:|1700233846\n|switch|p2a: Arctozolt|Arctozolt|100\/100\n|move|p1a: Tapu Koko|U-turn|p2a: Arctozolt\n|-damage|p2a: Arctozolt|86\/100\n|c|\u2606UltraDJames|well then\n|\n|t:|1700233869\n|switch|p1a: Mawile|Mawile, F|100\/100|[from] U-turn\n|-ability|p1a: Mawile|Intimidate|boost\n|-unboost|p2a: Arctozolt|atk|1\n|\n|-weather|Snow|[upkeep]\n|-fieldend|move: Electric Terrain\n|upkeep\n|turn|6\n|\n|t:|1700233876\n|move|p2a: Arctozolt|Meteor Beam||[still]\n|-prepare|p2a: Arctozolt|Meteor Beam\n|-boost|p2a: Arctozolt|spa|1\n|-enditem|p2a: Arctozolt|Power Herb\n|-anim|p2a: Arctozolt|Meteor Beam|p1a: Mawile\n|-resisted|p1a: Mawile\n|-damage|p1a: Mawile|77\/100\n|move|p1a: Mawile|Swords Dance|p1a: Mawile\n|-boost|p1a: Mawile|atk|2\n|\n|-weather|Snow|[upkeep]\n|upkeep\n|turn|7\n|\n|t:|1700233890\n|detailschange|p1a: Mawile|Mawile-Mega, F\n|-mega|p1a: Mawile|Mawile|Mawilite\n|move|p1a: Mawile|Sucker Punch|p2a: Arctozolt\n|-damage|p2a: Arctozolt|11\/100\n|move|p2a: Arctozolt|Surf|p1a: Mawile\n|-damage|p1a: Mawile|57\/100\n|\n|-weather|Snow|[upkeep]\n|upkeep\n|turn|8\n|\n|t:|1700233898\n|move|p2a: Arctozolt|Meteor Beam||[still]\n|-prepare|p2a: Arctozolt|Meteor Beam\n|-boost|p2a: Arctozolt|spa|1\n|move|p1a: Mawile|Iron Head|p2a: Arctozolt\n|-damage|p2a: Arctozolt|0 fnt\n|faint|p2a: Arctozolt\n|\n|-weather|Snow|[upkeep]\n|upkeep\n|\n|t:|1700233914\n|switch|p2a: Arcanine|Arcanine-Hisui, M|100\/100\n|turn|9\n|\n|t:|1700233927\n|switch|p1a: Charizard|Charizard, M|100\/100\n|move|p2a: Arcanine|Flare Blitz|p1a: Charizard\n|-resisted|p1a: Charizard\n|-damage|p1a: Charizard|70\/100\n|\n|-weather|Snow|[upkeep]\n|-sideend|p1: UltraDJames|Reflect\n|upkeep\n|turn|10\n|\n|t:|1700233938\n|move|p1a: Charizard|Earthquake|p2a: Arcanine\n|-supereffective|p2a: Arcanine\n|-damage|p2a: Arcanine|0 fnt\n|faint|p2a: Arcanine\n|\n|-weather|none\n|-sideend|p1: UltraDJames|move: Light Screen\n|upkeep\n|\n|t:|1700233945\n|switch|p2a: Ninetales|Ninetales-Alola, M|100\/100\n|-weather|Snow|[from] ability: Snow Warning|[of] p2a: Ninetales\n|turn|11\n|\n|t:|1700233951\n|move|p2a: Ninetales|Aurora Veil|p2a: Ninetales\n|-sidestart|p2: Azurepheonix01|move: Aurora Veil\n|move|p1a: Charizard|Belly Drum|p1a: Charizard\n|-damage|p1a: Charizard|20\/100\n|-setboost|p1a: Charizard|atk|6|[from] move: Belly Drum\n|-enditem|p1a: Charizard|Salac Berry|[eat]\n|-boost|p1a: Charizard|spe|1|[from] item: Salac Berry\n|\n|-weather|Snow|[upkeep]\n|upkeep\n|turn|12\n|\n|t:|1700233963\n|move|p1a: Charizard|Fire Punch|p2a: Ninetales\n|-supereffective|p2a: Ninetales\n|-damage|p2a: Ninetales|0 fnt\n|faint|p2a: Ninetales\n|\n|-weather|Snow|[upkeep]\n|upkeep\n|\n|t:|1700233976\n|switch|p2a: Abomasnow|Abomasnow, M|100\/100\n|turn|13\n|\n|t:|1700233990\n|move|p1a: Charizard|Fire Punch|p2a: Abomasnow\n|-supereffective|p2a: Abomasnow\n|-damage|p2a: Abomasnow|0 fnt\n|faint|p2a: Abomasnow\n|\n|-weather|Snow|[upkeep]\n|upkeep\n|-message|Azurepheonix01 forfeited.\n|\n|win|UltraDJames\n|raw|UltraDJames's rating: 1184 &rarr; <strong>1215<\/strong><br \/>(+31 for winning)\n|raw|Azurepheonix01's rating: 1267 &rarr; <strong>1236<\/strong><br \/>(-31 for losing)\n|l|\u2606Azurepheonix01\n|c|\u2606UltraDJames|damn\n|c|\u2606UltraDJames|ggs\n","uploadtime":1700234158,"views":6,"p1id":"ultradjames","p2id":"azurepheonix01","formatid":"gen9nationaldex","rating":1215,"private":0,"password":""}