{"id":"gen9nationaldex-1988497945","p1":"mxtbog","p2":"cthulhu_1005_","format":"[Gen 9] National Dex","log":"|j|\u2606mxtbog\n|j|\u2606cthulhu_1005_\n|t:|1699729350\n|gametype|singles\n|player|p1|mxtbog|preschooler|1338\n|player|p2|cthulhu_1005_|unknown|1299\n|teamsize|p1|6\n|teamsize|p2|6\n|gen|9\n|tier|[Gen 9] National Dex\n|rated|\n|rule|HP Percentage Mod: HP is shown in percentages\n|rule|Endless Battle Clause: Forcing endless battles is banned\n|rule|OHKO Clause: OHKO moves are banned\n|rule|Evasion Clause: Evasion abilities, items, and moves are banned\n|rule|Evasion Abilities Clause: Evasion abilities are banned\n|rule|Evasion Items Clause: Evasion items are banned\n|rule|Evasion Moves Clause: Evasion moves are banned\n|rule|Species Clause: Limit one of each Pok\u00e9mon\n|rule|Sleep Clause Mod: Limit one foe put to sleep\n|clearpoke\n|poke|p1|Toucannon, F|\n|poke|p1|Dragonite, M|\n|poke|p1|Toxapex, M|\n|poke|p1|Greninja-*, M|\n|poke|p1|Great Tusk|\n|poke|p1|Mawile, M|\n|poke|p2|Ursaluna, F|\n|poke|p2|Chansey, F|\n|poke|p2|Ditto|\n|poke|p2|Zoroark-Hisui, M|\n|poke|p2|Lopunny, M|\n|poke|p2|Maushold|\n|teampreview\n|\n|t:|1699729364\n|start\n|switch|p1a: Great Tusk|Great Tusk|100\/100\n|switch|p2a: Maushold|Maushold|100\/100\n|turn|1\n|\n|t:|1699729395\n|switch|p2a: Lopunny|Lopunny, M|100\/100\n|move|p1a: Great Tusk|Close Combat|p2a: Lopunny\n|-immune|p2a: Lopunny\n|\n|upkeep\n|turn|2\n|\n|t:|1699729406\n|move|p2a: Lopunny|Nasty Plot|p2a: Lopunny\n|-boost|p2a: Lopunny|spa|2\n|move|p1a: Great Tusk|Headlong Rush|p2a: Lopunny\n|-crit|p2a: Lopunny\n|-enditem|p2a: Lopunny|Focus Sash\n|-damage|p2a: Lopunny|1\/100\n|-unboost|p1a: Great Tusk|def|1\n|-unboost|p1a: Great Tusk|spd|1\n|replace|p2a: Zoroark|Zoroark-Hisui, M\n|-end|p2a: Zoroark|Illusion\n|\n|upkeep\n|turn|3\n|\n|t:|1699729413\n|move|p2a: Zoroark|Psychic|p1a: Great Tusk\n|-supereffective|p1a: Great Tusk\n|-crit|p1a: Great Tusk\n|-damage|p1a: Great Tusk|0 fnt\n|faint|p1a: Great Tusk\n|-end|p1a: Great Tusk|Protosynthesis|[silent]\n|\n|upkeep\n|\n|t:|1699729416\n|switch|p1a: Greninja|Greninja, M|100\/100\n|turn|4\n|\n|t:|1699729420\n|move|p1a: Greninja|Water Shuriken|p2a: Zoroark\n|-damage|p2a: Zoroark|0 fnt\n|faint|p2a: Zoroark\n|-ability|p1a: Greninja|Battle Bond|boost\n|-boost|p1a: Greninja|atk|1\n|-boost|p1a: Greninja|spa|1\n|-boost|p1a: Greninja|spe|1\n|-activate|p1a: Greninja|ability: Battle Bond\n|-hitcount|p2: Zoroark|1\n|-damage|p1a: Greninja|91\/100|[from] item: Life Orb\n|\n|upkeep\n|\n|t:|1699729440\n|switch|p2a: Chansey|Chansey, F|100\/100\n|turn|5\n|\n|t:|1699729447\n|move|p1a: Greninja|Surf|p2a: Chansey\n|-damage|p2a: Chansey|81\/100\n|-damage|p1a: Greninja|81\/100|[from] item: Life Orb\n|move|p2a: Chansey|Seismic Toss|p1a: Greninja\n|-damage|p1a: Greninja|46\/100\n|\n|upkeep\n|turn|6\n|\n|t:|1699729464\n|switch|p1a: Toxapex|Toxapex, M|100\/100\n|move|p2a: Chansey|Seismic Toss|p1a: Toxapex\n|-damage|p1a: Toxapex|67\/100\n|\n|upkeep\n|turn|7\n|\n|t:|1699729471\n|move|p2a: Chansey|Seismic Toss|p1a: Toxapex\n|-damage|p1a: Toxapex|34\/100\n|move|p1a: Toxapex|Toxic|p2a: Chansey\n|-status|p2a: Chansey|tox\n|\n|-damage|p2a: Chansey|75\/100 tox|[from] psn\n|upkeep\n|turn|8\n|\n|t:|1699729478\n|move|p2a: Chansey|Seismic Toss|p1a: Toxapex\n|-damage|p1a: Toxapex|1\/100\n|move|p1a: Toxapex|Recover|p1a: Toxapex\n|-heal|p1a: Toxapex|52\/100\n|\n|-damage|p2a: Chansey|62\/100 tox|[from] psn\n|upkeep\n|turn|9\n|\n|t:|1699729484\n|move|p2a: Chansey|Soft-Boiled|p2a: Chansey\n|-heal|p2a: Chansey|100\/100 tox\n|move|p1a: Toxapex|Recover|p1a: Toxapex\n|-heal|p1a: Toxapex|100\/100\n|\n|-damage|p2a: Chansey|82\/100 tox|[from] psn\n|upkeep\n|turn|10\n|\n|t:|1699729499\n|-curestatus|p2a: Chansey|tox|[from] ability: Natural Cure\n|switch|p2a: Lopunny|Lopunny, M|100\/100\n|move|p1a: Toxapex|Scald|p2a: Lopunny\n|-damage|p2a: Lopunny|78\/100\n|\n|upkeep\n|turn|11\n|\n|t:|1699729508\n|detailschange|p2a: Lopunny|Lopunny-Mega, M\n|-mega|p2a: Lopunny|Lopunny|Lopunnite\n|move|p2a: Lopunny|Fake Out|p1a: Toxapex\n|-damage|p1a: Toxapex|86\/100\n|cant|p1a: Toxapex|flinch\n|\n|upkeep\n|turn|12\n|\n|t:|1699729513\n|move|p2a: Lopunny|Return|p1a: Toxapex\n|-damage|p1a: Toxapex|53\/100\n|move|p1a: Toxapex|Scald|p2a: Lopunny\n|-damage|p2a: Lopunny|55\/100\n|\n|upkeep\n|turn|13\n|\n|t:|1699729519\n|move|p2a: Lopunny|U-turn|p1a: Toxapex\n|-resisted|p1a: Toxapex\n|-damage|p1a: Toxapex|45\/100\n|\n|t:|1699729527\n|switch|p2a: Ursaluna|Ursaluna, F|100\/100|[from] U-turn\n|move|p1a: Toxapex|Recover|p1a: Toxapex\n|-heal|p1a: Toxapex|95\/100\n|\n|-status|p2a: Ursaluna|brn|[from] item: Flame Orb\n|upkeep\n|turn|14\n|\n|t:|1699729541\n|switch|p1a: Glandur|Toucannon, F|100\/100\n|-terastallize|p2a: Ursaluna|Ghost\n|move|p2a: Ursaluna|Facade|p1a: Glandur\n|-damage|p1a: Glandur|0 fnt\n|faint|p1a: Glandur\n|\n|-damage|p2a: Ursaluna|94\/100 brn|[from] brn\n|upkeep\n|\n|t:|1699729553\n|switch|p1a: Greninja|Greninja, M|46\/100\n|turn|15\n|\n|t:|1699729558\n|move|p1a: Greninja|Dark Pulse|p2a: Ursaluna\n|-supereffective|p2a: Ursaluna\n|-damage|p2a: Ursaluna|13\/100 brn\n|-damage|p1a: Greninja|36\/100|[from] item: Life Orb\n|cant|p2a: Ursaluna|flinch\n|\n|-damage|p2a: Ursaluna|7\/100 brn|[from] brn\n|upkeep\n|turn|16\n|\n|t:|1699729567\n|move|p1a: Greninja|Surf|p2a: Ursaluna\n|-damage|p2a: Ursaluna|0 fnt\n|faint|p2a: Ursaluna\n|-damage|p1a: Greninja|26\/100|[from] item: Life Orb\n|\n|upkeep\n|\n|t:|1699729573\n|switch|p2a: Lopunny|Lopunny-Mega, M|55\/100\n|turn|17\n|\n|t:|1699729578\n|move|p2a: Lopunny|Fake Out|p1a: Greninja\n|-damage|p1a: Greninja|0 fnt\n|faint|p1a: Greninja\n|\n|upkeep\n|\n|t:|1699729583\n|switch|p1a: Toxapex|Toxapex, M|100\/100\n|turn|18\n|\n|t:|1699729590\n|move|p2a: Lopunny|U-turn|p1a: Toxapex\n|-resisted|p1a: Toxapex\n|-damage|p1a: Toxapex|93\/100\n|\n|t:|1699729599\n|switch|p2a: Maushold|Maushold|100\/100|[from] U-turn\n|move|p1a: Toxapex|Scald|p2a: Maushold\n|-damage|p2a: Maushold|73\/100\n|\n|upkeep\n|turn|19\n|\n|t:|1699729605\n|move|p2a: Maushold|Tidy Up|p2a: Maushold\n|-boost|p2a: Maushold|atk|1\n|-boost|p2a: Maushold|spe|1\n|move|p1a: Toxapex|Scald|p2a: Maushold\n|-damage|p2a: Maushold|49\/100\n|-status|p2a: Maushold|brn\n|\n|-damage|p2a: Maushold|43\/100 brn|[from] brn\n|upkeep\n|turn|20\n|\n|t:|1699729613\n|move|p2a: Maushold|Tidy Up|p2a: Maushold\n|-boost|p2a: Maushold|atk|1\n|-boost|p2a: Maushold|spe|1\n|move|p1a: Toxapex|Haze|p1a: Toxapex\n|-clearallboost\n|\n|-damage|p2a: Maushold|37\/100 brn|[from] brn\n|upkeep\n|turn|21\n|\n|t:|1699729620\n|move|p2a: Maushold|Encore|p1a: Toxapex\n|-start|p1a: Toxapex|Encore\n|move|p1a: Toxapex|Haze|p1a: Toxapex\n|-clearallboost\n|\n|-damage|p2a: Maushold|31\/100 brn|[from] brn\n|upkeep\n|turn|22\n|\n|t:|1699729624\n|move|p2a: Maushold|Population Bomb|p1a: Toxapex\n|-damage|p1a: Toxapex|89\/100\n|-damage|p1a: Toxapex|86\/100\n|-damage|p1a: Toxapex|83\/100\n|-damage|p1a: Toxapex|80\/100\n|-damage|p1a: Toxapex|76\/100\n|-damage|p1a: Toxapex|72\/100\n|-crit|p1a: Toxapex\n|-damage|p1a: Toxapex|67\/100\n|-damage|p1a: Toxapex|64\/100\n|-damage|p1a: Toxapex|61\/100\n|-damage|p1a: Toxapex|57\/100\n|-hitcount|p1a: Toxapex|10\n|move|p1a: Toxapex|Haze|p1a: Toxapex\n|-clearallboost\n|\n|-damage|p2a: Maushold|24\/100 brn|[from] brn\n|upkeep\n|turn|23\n|\n|t:|1699729644\n|switch|p1a: Mawile|Mawile, M|100\/100\n|-ability|p1a: Mawile|Intimidate|boost\n|-unboost|p2a: Maushold|atk|1\n|move|p2a: Maushold|Population Bomb|p1a: Mawile\n|-resisted|p1a: Mawile\n|-damage|p1a: Mawile|98\/100\n|-resisted|p1a: Mawile\n|-damage|p1a: Mawile|95\/100\n|-resisted|p1a: Mawile\n|-damage|p1a: Mawile|93\/100\n|-resisted|p1a: Mawile\n|-crit|p1a: Mawile\n|-damage|p1a: Mawile|86\/100\n|-resisted|p1a: Mawile\n|-damage|p1a: Mawile|83\/100\n|-resisted|p1a: Mawile\n|-damage|p1a: Mawile|80\/100\n|-resisted|p1a: Mawile\n|-damage|p1a: Mawile|78\/100\n|-resisted|p1a: Mawile\n|-damage|p1a: Mawile|75\/100\n|-resisted|p1a: Mawile\n|-damage|p1a: Mawile|73\/100\n|-resisted|p1a: Mawile\n|-damage|p1a: Mawile|70\/100\n|-hitcount|p1a: Mawile|10\n|\n|-damage|p2a: Maushold|18\/100 brn|[from] brn\n|upkeep\n|turn|24\n|\n|t:|1699729656\n|switch|p1a: Toxapex|Toxapex, M|90\/100\n|move|p2a: Maushold|Population Bomb|p1a: Toxapex\n|-damage|p1a: Toxapex|88\/100\n|-damage|p1a: Toxapex|86\/100\n|-damage|p1a: Toxapex|84\/100\n|-damage|p1a: Toxapex|81\/100\n|-damage|p1a: Toxapex|79\/100\n|-damage|p1a: Toxapex|77\/100\n|-damage|p1a: Toxapex|75\/100\n|-damage|p1a: Toxapex|73\/100\n|-damage|p1a: Toxapex|71\/100\n|-damage|p1a: Toxapex|68\/100\n|-hitcount|p1a: Toxapex|10\n|\n|-damage|p2a: Maushold|12\/100 brn|[from] brn\n|upkeep\n|turn|25\n|\n|t:|1699729664\n|move|p2a: Maushold|Population Bomb|p1a: Toxapex\n|-damage|p1a: Toxapex|66\/100\n|-damage|p1a: Toxapex|64\/100\n|-damage|p1a: Toxapex|62\/100\n|-damage|p1a: Toxapex|59\/100\n|-damage|p1a: Toxapex|57\/100\n|-damage|p1a: Toxapex|55\/100\n|-damage|p1a: Toxapex|52\/100\n|-damage|p1a: Toxapex|50\/100\n|-damage|p1a: Toxapex|48\/100\n|-damage|p1a: Toxapex|46\/100\n|-hitcount|p1a: Toxapex|10\n|move|p1a: Toxapex|Recover|p1a: Toxapex\n|-heal|p1a: Toxapex|96\/100\n|\n|-damage|p2a: Maushold|6\/100 brn|[from] brn\n|upkeep\n|turn|26\n|\n|t:|1699729688\n|move|p2a: Maushold|Population Bomb|p1a: Toxapex\n|-damage|p1a: Toxapex|94\/100\n|-damage|p1a: Toxapex|92\/100\n|-hitcount|p1a: Toxapex|2\n|move|p1a: Toxapex|Recover|p1a: Toxapex\n|-heal|p1a: Toxapex|100\/100\n|\n|-damage|p2a: Maushold|0 fnt|[from] brn\n|faint|p2a: Maushold\n|upkeep\n|\n|t:|1699729700\n|switch|p2a: Lopunny|Lopunny-Mega, M|55\/100\n|turn|27\n|\n|t:|1699729706\n|move|p2a: Lopunny|Fake Out|p1a: Toxapex\n|-damage|p1a: Toxapex|87\/100\n|cant|p1a: Toxapex|flinch\n|\n|upkeep\n|turn|28\n|\n|t:|1699729711\n|move|p2a: Lopunny|Return|p1a: Toxapex\n|-damage|p1a: Toxapex|55\/100\n|move|p1a: Toxapex|Scald|p2a: Lopunny\n|-damage|p2a: Lopunny|35\/100\n|-status|p2a: Lopunny|brn\n|\n|-damage|p2a: Lopunny|29\/100 brn|[from] brn\n|upkeep\n|turn|29\n|\n|t:|1699729728\n|move|p2a: Lopunny|Return|p1a: Toxapex\n|-damage|p1a: Toxapex|37\/100\n|move|p1a: Toxapex|Scald|p2a: Lopunny\n|-damage|p2a: Lopunny|8\/100 brn\n|\n|-damage|p2a: Lopunny|2\/100 brn|[from] brn\n|upkeep\n|turn|30\n|\n|t:|1699729735\n|move|p2a: Lopunny|Return|p1a: Toxapex\n|-damage|p1a: Toxapex|21\/100\n|move|p1a: Toxapex|Recover|p1a: Toxapex\n|-heal|p1a: Toxapex|71\/100\n|\n|-damage|p2a: Lopunny|0 fnt|[from] brn\n|faint|p2a: Lopunny\n|upkeep\n|\n|t:|1699729739\n|switch|p2a: Chansey|Chansey, F|82\/100\n|turn|31\n|\n|t:|1699729747\n|move|p2a: Chansey|Seismic Toss|p1a: Toxapex\n|-damage|p1a: Toxapex|38\/100\n|move|p1a: Toxapex|Toxic|p2a: Chansey\n|-status|p2a: Chansey|tox\n|\n|-damage|p2a: Chansey|76\/100 tox|[from] psn\n|upkeep\n|turn|32\n|\n|t:|1699729751\n|switch|p1a: Mawile|Mawile, M|70\/100\n|-ability|p1a: Mawile|Intimidate|boost\n|-unboost|p2a: Chansey|atk|1\n|move|p2a: Chansey|Seismic Toss|p1a: Mawile\n|-damage|p1a: Mawile|30\/100\n|\n|-damage|p2a: Chansey|63\/100 tox|[from] psn\n|upkeep\n|turn|33\n|\n|t:|1699729762\n|detailschange|p1a: Mawile|Mawile-Mega, M\n|-mega|p1a: Mawile|Mawile|Mawilite\n|move|p1a: Mawile|Play Rough|p2a: Chansey|[miss]\n|-miss|p1a: Mawile|p2a: Chansey\n|move|p2a: Chansey|Seismic Toss|p1a: Mawile\n|-damage|p1a: Mawile|0 fnt\n|faint|p1a: Mawile\n|\n|-damage|p2a: Chansey|45\/100 tox|[from] psn\n|upkeep\n|\n|t:|1699729771\n|switch|p1a: Dragonite|Dragonite, M|100\/100\n|turn|34\n|\n|t:|1699729783\n|move|p1a: Dragonite|Earthquake|p2a: Chansey\n|-damage|p2a: Chansey|0 fnt\n|faint|p2a: Chansey\n|\n|upkeep\n|\n|t:|1699729799\n|switch|p2a: Ditto|Ditto|100\/100\n|-transform|p2a: Ditto|p1a: Dragonite|[from] ability: Imposter\n|turn|35\n|inactive|Battle timer is ON: inactive players will automatically lose when time's up. (requested by mxtbog)\n|-message|cthulhu_1005_ forfeited.\n|\n|win|mxtbog\n|raw|mxtbog's rating: 1338 &rarr; <strong>1356<\/strong><br \/>(+18 for winning)\n|raw|cthulhu_1005_'s rating: 1299 &rarr; <strong>1277<\/strong><br \/>(-22 for losing)\n|l|\u2606cthulhu_1005_\n","uploadtime":1699729828,"views":4,"p1id":"mxtbog","p2id":"cthulhu1005","formatid":"gen9nationaldex","rating":1277,"private":0,"password":""}