{"id":"gen9nationaldex-1998424299","p1":"heinousactszx","p2":"Annie Key","format":"[Gen 9] National Dex","log":"|html|<div class=\"broadcast-blue\"><strong>[Gen 9] National Dex is currently suspecting Sneasler! For information on how to participate check out the <a href=\"https:\/\/www.smogon.com\/forums\/threads\/sv-national-dex-suspect-8-just-dance.3731534\/\">suspect thread<\/a>.<\/strong><\/div>\n|j|\u2606heinousactszx\n|j|\u2606Annie Key\n|t:|1700940776\n|gametype|singles\n|player|p1|heinousactszx|265|\n|player|p2|Annie Key|hilda-wonderlauncher|\n|teamsize|p1|6\n|teamsize|p2|6\n|gen|9\n|tier|[Gen 9] National Dex\n|rule|HP Percentage Mod: HP is shown in percentages\n|rule|Endless Battle Clause: Forcing endless battles is banned\n|rule|OHKO Clause: OHKO moves are banned\n|rule|Evasion Clause: Evasion abilities, items, and moves are banned\n|rule|Evasion Abilities Clause: Evasion abilities are banned\n|rule|Evasion Items Clause: Evasion items are banned\n|rule|Evasion Moves Clause: Evasion moves are banned\n|rule|Species Clause: Limit one of each Pok\u00e9mon\n|rule|Sleep Clause Mod: Limit one foe put to sleep\n|clearpoke\n|poke|p1|Torkoal, M|\n|poke|p1|Shiftry, M|\n|poke|p1|Kleavor, F|\n|poke|p1|Garganacl, F|\n|poke|p1|Volcanion|\n|poke|p1|Hitmontop, M|\n|poke|p2|Oricorio-Sensu, F|\n|poke|p2|Marowak-Alola, M|\n|poke|p2|Tsareena, F|\n|poke|p2|Mr. Rime, M|\n|poke|p2|Great Tusk|\n|poke|p2|Toxtricity, F|\n|teampreview\n|\n|t:|1700940805\n|start\n|switch|p1a: Edelgard|Kleavor, F|100\/100\n|switch|p2a: Burn it Down|Marowak-Alola, M, shiny|100\/100\n|turn|1\n|\n|t:|1700940827\n|switch|p2a: Elefant Elefant|Great Tusk|100\/100\n|move|p1a: Edelgard|Stone Axe|p2a: Elefant Elefant\n|-resisted|p2a: Elefant Elefant\n|-damage|p2a: Elefant Elefant|95\/100\n|-sidestart|p2: Annie Key|move: Stealth Rock\n|\n|-heal|p2a: Elefant Elefant|100\/100|[from] item: Leftovers\n|upkeep\n|turn|2\n|\n|t:|1700940846\n|switch|p1a: Carlton|Hitmontop, M|100\/100\n|move|p2a: Elefant Elefant|Body Press|p1a: Carlton\n|-damage|p1a: Carlton|42\/100\n|\n|upkeep\n|turn|3\n|\n|t:|1700940854\n|move|p2a: Elefant Elefant|Body Press|p1a: Carlton\n|-damage|p1a: Carlton|0 fnt\n|faint|p1a: Carlton\n|\n|upkeep\n|\n|t:|1700940860\n|switch|p1a: Turtle Power|Torkoal, M|100\/100\n|-weather|SunnyDay|[from] ability: Drought|[of] p1a: Turtle Power\n|-activate|p2a: Elefant Elefant|ability: Protosynthesis\n|-start|p2a: Elefant Elefant|protosynthesisdef\n|turn|4\n|\n|t:|1700940870\n|move|p2a: Elefant Elefant|Body Press|p1a: Turtle Power\n|-damage|p1a: Turtle Power|66\/100\n|move|p1a: Turtle Power|Will-O-Wisp|p2a: Elefant Elefant\n|-status|p2a: Elefant Elefant|brn\n|\n|-weather|SunnyDay|[upkeep]\n|-damage|p2a: Elefant Elefant|94\/100 brn|[from] brn\n|upkeep\n|turn|5\n|\n|t:|1700940882\n|switch|p1a: Treebeard|Shiftry, M|100\/100\n|move|p2a: Elefant Elefant|Body Press|p1a: Treebeard\n|-supereffective|p1a: Treebeard\n|-damage|p1a: Treebeard|31\/100\n|\n|-weather|SunnyDay|[upkeep]\n|-heal|p2a: Elefant Elefant|100\/100 brn|[from] item: Leftovers\n|-damage|p2a: Elefant Elefant|94\/100 brn|[from] brn\n|upkeep\n|turn|6\n|\n|t:|1700940897\n|switch|p1a: Vile|Volcanion|100\/100\n|move|p2a: Elefant Elefant|Body Press|p1a: Vile\n|-damage|p1a: Vile|81\/100\n|\n|-weather|SunnyDay|[upkeep]\n|-heal|p2a: Elefant Elefant|100\/100 brn|[from] item: Leftovers\n|-damage|p2a: Elefant Elefant|94\/100 brn|[from] brn\n|upkeep\n|turn|7\n|\n|t:|1700940924\n|move|p2a: Elefant Elefant|Earthquake|p1a: Vile\n|-supereffective|p1a: Vile\n|-damage|p1a: Vile|45\/100\n|move|p1a: Vile|Weather Ball|p2a: Elefant Elefant\n|-damage|p2a: Elefant Elefant|0 fnt\n|faint|p2a: Elefant Elefant\n|-end|p2a: Elefant Elefant|Protosynthesis|[silent]\n|\n|-weather|SunnyDay|[upkeep]\n|upkeep\n|\n|t:|1700940944\n|switch|p2a: Overdrive|Toxtricity, F|100\/100\n|-damage|p2a: Overdrive|88\/100|[from] Stealth Rock\n|-item|p2a: Overdrive|Air Balloon\n|turn|8\n|\n|t:|1700940951\n|move|p2a: Overdrive|Overdrive|p1a: Vile\n|-supereffective|p1a: Vile\n|-crit|p1a: Vile\n|-damage|p1a: Vile|0 fnt\n|faint|p1a: Vile\n|\n|-weather|SunnyDay|[upkeep]\n|upkeep\n|\n|t:|1700940959\n|switch|p1a: Treebeard|Shiftry, M|31\/100\n|turn|9\n|\n|t:|1700940965\n|-terastallize|p1a: Treebeard|Dark\n|move|p1a: Treebeard|Knock Off|p2a: Overdrive\n|-damage|p2a: Overdrive|0 fnt\n|-enditem|p2a: Overdrive|Air Balloon\n|faint|p2a: Overdrive\n|-damage|p1a: Treebeard|21\/100|[from] item: Life Orb\n|\n|-weather|SunnyDay|[upkeep]\n|upkeep\n|\n|t:|1700940978\n|switch|p2a: Crow's Feet|Oricorio-Sensu, F|100\/100\n|-damage|p2a: Crow's Feet|76\/100|[from] Stealth Rock\n|turn|10\n|\n|t:|1700940987\n|move|p1a: Treebeard|Knock Off|p2a: Crow's Feet\n|-supereffective|p2a: Crow's Feet\n|-damage|p2a: Crow's Feet|0 fnt\n|-enditem|p2a: Crow's Feet|Mirror Herb|[from] move: Knock Off|[of] p1a: Treebeard\n|faint|p2a: Crow's Feet\n|-damage|p1a: Treebeard|11\/100|[from] item: Life Orb\n|\n|-weather|SunnyDay|[upkeep]\n|upkeep\n|\n|t:|1700941019\n|switch|p2a: Splatter|Tsareena, F, shiny|100\/100\n|-damage|p2a: Splatter|88\/100|[from] Stealth Rock\n|turn|11\n|\n|t:|1700941032\n|move|p1a: Treebeard|Knock Off|p2a: Splatter\n|-damage|p2a: Splatter|8\/100\n|-enditem|p2a: Splatter|Zoom Lens|[from] move: Knock Off|[of] p1a: Treebeard\n|-damage|p1a: Treebeard|1\/100|[from] item: Life Orb\n|move|p2a: Splatter|Power Whip|p1a: Treebeard\n|-damage|p1a: Treebeard|0 fnt\n|faint|p1a: Treebeard\n|\n|-weather|none\n|upkeep\n|\n|t:|1700941048\n|switch|p1a: Edelgard|Kleavor, F|100\/100\n|turn|12\n|\n|t:|1700941065\n|move|p1a: Edelgard|U-turn|p2a: Splatter\n|-supereffective|p2a: Splatter\n|-damage|p2a: Splatter|0 fnt\n|faint|p2a: Splatter\n|\n|t:|1700941069\n|switch|p1a: Turtle Power|Torkoal, M|66\/100|[from] U-turn\n|-weather|SunnyDay|[from] ability: Drought|[of] p1a: Turtle Power\n|\n|-weather|SunnyDay|[upkeep]\n|upkeep\n|\n|t:|1700941075\n|switch|p2a: Burn it Down|Marowak-Alola, M, shiny|100\/100\n|-damage|p2a: Burn it Down|76\/100|[from] Stealth Rock\n|turn|13\n|\n|t:|1700941084\n|move|p2a: Burn it Down|Poltergeist|p1a: Turtle Power\n|-activate|p1a: Turtle Power|move: Poltergeist|Heat Rock\n|-damage|p1a: Turtle Power|0 fnt\n|faint|p1a: Turtle Power\n|\n|-weather|SunnyDay|[upkeep]\n|upkeep\n|\n|t:|1700941092\n|switch|p1a: Edelgard|Kleavor, F|100\/100\n|turn|14\n|\n|t:|1700941109\n|move|p1a: Edelgard|Stone Axe|p2a: Burn it Down\n|-supereffective|p2a: Burn it Down\n|-damage|p2a: Burn it Down|0 fnt\n|faint|p2a: Burn it Down\n|\n|-weather|SunnyDay|[upkeep]\n|upkeep\n|\n|t:|1700941114\n|switch|p2a: Something Wicked|Mr. Rime, M|100\/100\n|turn|15\n|\n|t:|1700941124\n|-terastallize|p2a: Something Wicked|Psychic\n|move|p1a: Edelgard|Stone Axe|p2a: Something Wicked\n|-damage|p2a: Something Wicked|31\/100\n|move|p2a: Something Wicked|Psychic|p1a: Edelgard\n|-damage|p1a: Edelgard|7\/100\n|\n|-weather|SunnyDay|[upkeep]\n|upkeep\n|turn|16\n|\n|t:|1700941133\n|switch|p1a: Nack|Garganacl, F|100\/100\n|move|p2a: Something Wicked|Psychic|p1a: Nack\n|-damage|p1a: Nack|60\/100\n|\n|-weather|SunnyDay|[upkeep]\n|-heal|p1a: Nack|66\/100|[from] item: Leftovers\n|upkeep\n|turn|17\n|\n|t:|1700941142\n|move|p2a: Something Wicked|Psychic|p1a: Nack\n|-damage|p1a: Nack|27\/100\n|move|p1a: Nack|Salt Cure|p2a: Something Wicked\n|-crit|p2a: Something Wicked\n|-damage|p2a: Something Wicked|1\/100\n|-start|p2a: Something Wicked|Salt Cure\n|\n|-weather|SunnyDay|[upkeep]\n|-heal|p1a: Nack|33\/100|[from] item: Leftovers\n|-damage|p2a: Something Wicked|0 fnt|[from] Salt Cure\n|faint|p2a: Something Wicked\n|\n|win|heinousactszx\n|upkeep\n","uploadtime":1700941155,"views":35,"p1id":"heinousactszx","p2id":"anniekey","formatid":"gen9nationaldex","rating":0,"private":0,"password":""}