{"id":"gen9nationaldex-2000214548","p1":"KodIdel","p2":"shaggysoloo","format":"[Gen 9] National Dex","log":"|html|<div class=\"broadcast-blue\"><strong>[Gen 9] National Dex is currently suspecting Sneasler! For information on how to participate check out the <a href=\"https:\/\/www.smogon.com\/forums\/threads\/sv-national-dex-suspect-8-just-dance.3731534\/\">suspect thread<\/a>.<\/strong><\/div>\n|j|\u2606KodIdel\n|j|\u2606shaggysoloo\n|t:|1701173121\n|gametype|singles\n|player|p1|KodIdel|wallace|\n|player|p2|shaggysoloo|266|\n|teamsize|p1|6\n|teamsize|p2|6\n|gen|9\n|tier|[Gen 9] National Dex\n|rule|HP Percentage Mod: HP is shown in percentages\n|rule|Endless Battle Clause: Forcing endless battles is banned\n|rule|OHKO Clause: OHKO moves are banned\n|rule|Evasion Clause: Evasion abilities, items, and moves are banned\n|rule|Evasion Abilities Clause: Evasion abilities are banned\n|rule|Evasion Items Clause: Evasion items are banned\n|rule|Evasion Moves Clause: Evasion moves are banned\n|rule|Species Clause: Limit one of each Pok\u00e9mon\n|rule|Sleep Clause Mod: Limit one foe put to sleep\n|clearpoke\n|poke|p1|Armarouge, F|\n|poke|p1|Meowscarada, M|\n|poke|p1|Meganium, F|\n|poke|p1|Dragonite, M|\n|poke|p1|Aurorus, M|\n|poke|p1|Pyroar, F|\n|poke|p2|Heatmor, M|\n|poke|p2|Empoleon, M|\n|poke|p2|Haxorus, F|\n|poke|p2|Copperajah, M|\n|poke|p2|Barbaracle, M|\n|poke|p2|Blissey, F|\n|teampreview\n|\n|t:|1701173150\n|start\n|switch|p1a: Meganium|Meganium, F, shiny|100\/100\n|switch|p2a: Barbaracle|Barbaracle, M|100\/100\n|turn|1\n|\n|t:|1701173164\n|switch|p2a: Heatmor|Heatmor, M|100\/100\n|move|p1a: Meganium|Petal Blizzard|p2a: Heatmor\n|-resisted|p2a: Heatmor\n|-crit|p2a: Heatmor\n|-damage|p2a: Heatmor|71\/100\n|\n|upkeep\n|turn|2\n|\n|t:|1701173184\n|switch|p1a: Pyroar|Pyroar, F|100\/100\n|-ability|p1a: Pyroar|Unnerve\n|-terastallize|p2a: Heatmor|Fire\n|move|p2a: Heatmor|Fire Blast|p1a: Pyroar|[miss]\n|-miss|p2a: Heatmor|p1a: Pyroar\n|\n|upkeep\n|turn|3\n|\n|t:|1701173205\n|move|p1a: Pyroar|Will-O-Wisp|p2a: Heatmor|[miss]\n|-miss|p1a: Pyroar|p2a: Heatmor\n|move|p2a: Heatmor|Scorching Sands|p1a: Pyroar\n|-supereffective|p1a: Pyroar\n|-crit|p1a: Pyroar\n|-damage|p1a: Pyroar|19\/100\n|\n|upkeep\n|turn|4\n|\n|t:|1701173219\n|move|p1a: Pyroar|Will-O-Wisp|p2a: Heatmor\n|-immune|p2a: Heatmor\n|move|p2a: Heatmor|Thunder Punch|p1a: Pyroar\n|-damage|p1a: Pyroar|0 fnt\n|faint|p1a: Pyroar\n|\n|upkeep\n|\n|t:|1701173233\n|switch|p1a: Dragonite|Dragonite, M, shiny|100\/100\n|turn|5\n|\n|t:|1701173240\n|move|p1a: Dragonite|Outrage|p2a: Heatmor\n|-damage|p2a: Heatmor|0 fnt\n|faint|p2a: Heatmor\n|-damage|p1a: Dragonite|91\/100|[from] item: Life Orb\n|\n|upkeep\n|\n|t:|1701173251\n|switch|p2a: Haxorus|Haxorus, F|100\/100\n|turn|6\n|\n|t:|1701173255\n|move|p2a: Haxorus|Draco Meteor|p1a: Dragonite\n|-supereffective|p1a: Dragonite\n|-damage|p1a: Dragonite|47\/100\n|-unboost|p2a: Haxorus|spa|2\n|move|p1a: Dragonite|Outrage|p2a: Haxorus|[from]lockedmove\n|-supereffective|p2a: Haxorus\n|-damage|p2a: Haxorus|0 fnt\n|faint|p2a: Haxorus\n|-damage|p1a: Dragonite|37\/100|[from] item: Life Orb\n|\n|upkeep\n|\n|t:|1701173272\n|switch|p2a: Barbaracle|Barbaracle, M|100\/100\n|turn|7\n|\n|t:|1701173280\n|move|p1a: Dragonite|Outrage|p2a: Barbaracle|[from]lockedmove\n|-damage|p2a: Barbaracle|22\/100\n|-damage|p1a: Dragonite|27\/100|[from] item: Life Orb\n|-start|p1a: Dragonite|confusion|[fatigue]\n|move|p2a: Barbaracle|Liquidation|p1a: Dragonite\n|-resisted|p1a: Dragonite\n|-damage|p1a: Dragonite|3\/100\n|\n|upkeep\n|turn|8\n|\n|t:|1701173292\n|-activate|p1a: Dragonite|confusion\n|move|p1a: Dragonite|Extreme Speed|p2a: Barbaracle\n|-resisted|p2a: Barbaracle\n|-damage|p2a: Barbaracle|6\/100\n|-damage|p1a: Dragonite|0 fnt|[from] item: Life Orb\n|faint|p1a: Dragonite\n|move|p2a: Barbaracle|Liquidation|p1: Dragonite|[notarget]\n|-fail|p2a: Barbaracle\n|\n|upkeep\n|\n|t:|1701173305\n|switch|p1a: Meganium|Meganium, F, shiny|100\/100\n|turn|9\n|\n|t:|1701173310\n|move|p2a: Barbaracle|Ancient Power|p1a: Meganium\n|-damage|p1a: Meganium|86\/100\n|-boost|p2a: Barbaracle|atk|1\n|-boost|p2a: Barbaracle|def|1\n|-boost|p2a: Barbaracle|spa|1\n|-boost|p2a: Barbaracle|spd|1\n|-boost|p2a: Barbaracle|spe|1\n|move|p1a: Meganium|Petal Blizzard|p2a: Barbaracle\n|-supereffective|p2a: Barbaracle\n|-damage|p2a: Barbaracle|0 fnt\n|faint|p2a: Barbaracle\n|\n|-heal|p1a: Meganium|92\/100|[from] item: Leftovers\n|upkeep\n|\n|t:|1701173324\n|switch|p2a: Copperajah|Copperajah, M|100\/100\n|turn|10\n|\n|t:|1701173331\n|switch|p1a: Armarouge|Armarouge, F|100\/100\n|move|p2a: Copperajah|Zen Headbutt|p1a: Armarouge\n|-resisted|p1a: Armarouge\n|-damage|p1a: Armarouge|83\/100\n|-ability|p1a: Armarouge|Weak Armor|boost\n|-unboost|p1a: Armarouge|def|1\n|-boost|p1a: Armarouge|spe|2\n|\n|upkeep\n|turn|11\n|\n|t:|1701173351\n|move|p1a: Armarouge|Aura Sphere|p2a: Copperajah\n|-supereffective|p2a: Copperajah\n|-damage|p2a: Copperajah|16\/100\n|-enditem|p2a: Copperajah|Aguav Berry|[eat]\n|-heal|p2a: Copperajah|49\/100|[from] item: Aguav Berry\n|move|p2a: Copperajah|Body Press|p1a: Armarouge\n|-resisted|p1a: Armarouge\n|-damage|p1a: Armarouge|70\/100\n|-ability|p1a: Armarouge|Weak Armor|boost\n|-unboost|p1a: Armarouge|def|1\n|-boost|p1a: Armarouge|spe|2\n|\n|upkeep\n|turn|12\n|\n|t:|1701173363\n|move|p1a: Armarouge|Aura Sphere|p2a: Copperajah\n|-supereffective|p2a: Copperajah\n|-damage|p2a: Copperajah|0 fnt\n|faint|p2a: Copperajah\n|\n|upkeep\n|\n|t:|1701173369\n|switch|p2a: Empoleon|Empoleon, M|100\/100\n|turn|13\n|\n|t:|1701173376\n|switch|p1a: Meganium|Meganium, F, shiny|92\/100\n|move|p2a: Empoleon|Aqua Jet|p1a: Meganium\n|-resisted|p1a: Meganium\n|-damage|p1a: Meganium|86\/100\n|\n|-heal|p1a: Meganium|92\/100|[from] item: Leftovers\n|upkeep\n|turn|14\n|\n|t:|1701173386\n|switch|p2a: Blissey|Blissey, F|100\/100\n|move|p1a: Meganium|Petal Blizzard|p2a: Blissey\n|-damage|p2a: Blissey|65\/100\n|\n|-heal|p1a: Meganium|98\/100|[from] item: Leftovers\n|upkeep\n|turn|15\n|\n|t:|1701173396\n|move|p2a: Blissey|Psychic|p1a: Meganium\n|-damage|p1a: Meganium|76\/100\n|-unboost|p1a: Meganium|spd|1\n|-damage|p2a: Blissey|55\/100|[from] item: Life Orb\n|move|p1a: Meganium|Earthquake|p2a: Blissey\n|-crit|p2a: Blissey\n|-damage|p2a: Blissey|17\/100\n|\n|-heal|p1a: Meganium|82\/100|[from] item: Leftovers\n|upkeep\n|turn|16\n|\n|t:|1701173408\n|move|p2a: Blissey|Healing Wish|p2a: Blissey\n|faint|p2a: Blissey\n|move|p1a: Meganium|Earthquake|p2: Blissey|[notarget]\n|-fail|p1a: Meganium\n|\n|-heal|p1a: Meganium|88\/100|[from] item: Leftovers\n|upkeep\n|\n|t:|1701173414\n|switch|p2a: Empoleon|Empoleon, M|100\/100\n|turn|17\n|\n|t:|1701173424\n|-terastallize|p1a: Meganium|Grass\n|move|p2a: Empoleon|Earthquake|p1a: Meganium\n|-resisted|p1a: Meganium\n|-damage|p1a: Meganium|78\/100\n|move|p1a: Meganium|Petal Blizzard|p2a: Empoleon\n|-damage|p2a: Empoleon|54\/100\n|\n|-heal|p1a: Meganium|84\/100|[from] item: Leftovers\n|upkeep\n|turn|18\n|\n|t:|1701173435\n|move|p2a: Empoleon|Earthquake|p1a: Meganium\n|-resisted|p1a: Meganium\n|-damage|p1a: Meganium|74\/100\n|move|p1a: Meganium|Petal Blizzard|p2a: Empoleon\n|-damage|p2a: Empoleon|3\/100\n|\n|-heal|p1a: Meganium|80\/100|[from] item: Leftovers\n|upkeep\n|turn|19\n|\n|t:|1701173444\n|move|p2a: Empoleon|Earthquake|p1a: Meganium\n|-resisted|p1a: Meganium\n|-damage|p1a: Meganium|69\/100\n|move|p1a: Meganium|Petal Blizzard|p2a: Empoleon\n|-damage|p2a: Empoleon|0 fnt\n|faint|p2a: Empoleon\n|\n|win|KodIdel\n","uploadtime":1701173455,"views":9,"p1id":"kodidel","p2id":"shaggysoloo","formatid":"gen9nationaldex","rating":0,"private":0,"password":""}