{"id":"gen9nationaldex-1996968653","p1":"1564D","p2":"lbwnb114514","format":"[Gen 9] National Dex","log":"|html|<div class=\"broadcast-blue\"><strong>[Gen 9] National Dex is currently suspecting Sneasler! For information on how to participate check out the <a href=\"https:\/\/www.smogon.com\/forums\/threads\/sv-national-dex-suspect-8-just-dance.3731534\/\">suspect thread<\/a>.<\/strong><\/div>\n|j|\u26061564D\n|j|\u2606lbwnb114514\n|t:|1700750822\n|gametype|singles\n|player|p1|1564D|linebacker|1072\n|player|p2|lbwnb114514|1|1188\n|teamsize|p1|6\n|teamsize|p2|6\n|gen|9\n|tier|[Gen 9] National Dex\n|rated|\n|rule|HP Percentage Mod: HP is shown in percentages\n|rule|Endless Battle Clause: Forcing endless battles is banned\n|rule|OHKO Clause: OHKO moves are banned\n|rule|Evasion Clause: Evasion abilities, items, and moves are banned\n|rule|Evasion Abilities Clause: Evasion abilities are banned\n|rule|Evasion Items Clause: Evasion items are banned\n|rule|Evasion Moves Clause: Evasion moves are banned\n|rule|Species Clause: Limit one of each Pok\u00e9mon\n|rule|Sleep Clause Mod: Limit one foe put to sleep\n|clearpoke\n|poke|p1|Urshifu-*, M|\n|poke|p1|Sceptile, F|\n|poke|p1|Garchomp, M|\n|poke|p1|Zeraora|\n|poke|p1|Charizard, M|\n|poke|p1|Iron Valiant|\n|poke|p2|Gyarados, M|\n|poke|p2|Rotom-Heat|\n|poke|p2|Omastar, M|\n|poke|p2|Urshifu-*, F|\n|poke|p2|Dragonite, F|\n|poke|p2|Ninetales-Alola, F|\n|teampreview\n|inactive|Battle timer is ON: inactive players will automatically lose when time's up. (requested by lbwnb114514)\n|\n|t:|1700750839\n|start\n|switch|p1a: Zeraora|Zeraora, shiny|100\/100\n|switch|p2a: Groudon-N|Ninetales-Alola, F, shiny|100\/100\n|-weather|Snow|[from] ability: Snow Warning|[of] p2a: Groudon-N\n|turn|1\n|\n|t:|1700750845\n|move|p1a: Zeraora|Fake Out|p2a: Groudon-N\n|-damage|p2a: Groudon-N|90\/100\n|cant|p2a: Groudon-N|flinch\n|\n|-weather|Snow|[upkeep]\n|upkeep\n|turn|2\n|\n|t:|1700750851\n|move|p1a: Zeraora|Blaze Kick|p2a: Groudon-N\n|-supereffective|p2a: Groudon-N\n|-damage|p2a: Groudon-N|47\/100\n|move|p2a: Groudon-N|Aurora Veil|p2a: Groudon-N\n|-sidestart|p2: lbwnb114514|move: Aurora Veil\n|\n|-weather|Snow|[upkeep]\n|upkeep\n|turn|3\n|\n|t:|1700750868\n|switch|p2a: Groudon-G|Gyarados, M, shiny|100\/100\n|-ability|p2a: Groudon-G|Intimidate|boost\n|-unboost|p1a: Zeraora|atk|1\n|move|p1a: Zeraora|Brick Break|p2a: Groudon-G\n|-sideend|p2: lbwnb114514|move: Aurora Veil\n|-resisted|p2a: Groudon-G\n|-damage|p2a: Groudon-G|91\/100\n|\n|-weather|Snow|[upkeep]\n|upkeep\n|turn|4\n|\n|t:|1700750879\n|detailschange|p2a: Groudon-G|Gyarados-Mega, M, shiny\n|-mega|p2a: Groudon-G|Gyarados|Gyaradosite\n|-ability|p2a: Groudon-G|Mold Breaker\n|move|p1a: Zeraora|Plasma Fists|p2a: Groudon-G\n|-supereffective|p2a: Groudon-G\n|-damage|p2a: Groudon-G|29\/100\n|-fieldactivate|move: Ion Deluge\n|-hint|Normal-type moves become Electric-type after using Plasma Fists.\n|move|p2a: Groudon-G|Dragon Dance|p2a: Groudon-G\n|-boost|p2a: Groudon-G|atk|1\n|-boost|p2a: Groudon-G|spe|1\n|\n|-weather|Snow|[upkeep]\n|upkeep\n|turn|5\n|\n|t:|1700750897\n|move|p2a: Groudon-G|Waterfall|p1a: Zeraora\n|-damage|p1a: Zeraora|0 fnt\n|faint|p1a: Zeraora\n|\n|-weather|none\n|upkeep\n|\n|t:|1700750902\n|switch|p1a: Sceptile|Sceptile, F, shiny|100\/100\n|turn|6\n|\n|t:|1700750905\n|move|p2a: Groudon-G|Crunch|p1a: Sceptile\n|-damage|p1a: Sceptile|0 fnt\n|faint|p1a: Sceptile\n|\n|upkeep\n|\n|t:|1700750928\n|switch|p1a: Iron Valiant|Iron Valiant, shiny|100\/100\n|turn|7\n|inactive|1564D has 120 seconds left.\n|l|\u26061564D\n|inactive|1564D disconnected and has a minute to reconnect!\n|player|p1|\n|j|\u26061564D\n|inactive|1564D reconnected and has 100 seconds left.\n|player|p1|1564D|linebacker\n|\n|t:|1700750972\n|move|p2a: Groudon-G|Waterfall|p1a: Iron Valiant\n|-damage|p1a: Iron Valiant|11\/100\n|cant|p1a: Iron Valiant|flinch\n|\n|upkeep\n|turn|8\n|\n|t:|1700750976\n|move|p2a: Groudon-G|Waterfall|p1a: Iron Valiant\n|-damage|p1a: Iron Valiant|0 fnt\n|faint|p1a: Iron Valiant\n|-end|p1a: Iron Valiant|Quark Drive|[silent]\n|\n|upkeep\n|\n|t:|1700750979\n|switch|p1a: Urshifu|Urshifu-Rapid-Strike, M|100\/100\n|turn|9\n|\n|t:|1700750988\n|move|p2a: Groudon-G|Waterfall|p1a: Urshifu\n|-resisted|p1a: Urshifu\n|-damage|p1a: Urshifu|67\/100\n|cant|p1a: Urshifu|flinch\n|\n|upkeep\n|turn|10\n|\n|t:|1700750993\n|move|p2a: Groudon-G|Waterfall|p1a: Urshifu\n|-resisted|p1a: Urshifu\n|-damage|p1a: Urshifu|31\/100\n|move|p1a: Urshifu|Brick Break|p2a: Groudon-G\n|-supereffective|p2a: Groudon-G\n|-damage|p2a: Groudon-G|0 fnt\n|faint|p2a: Groudon-G\n|\n|upkeep\n|\n|t:|1700751002\n|switch|p2a: Groudon-U|Urshifu-Rapid-Strike, F|100\/100\n|turn|11\n|\n|t:|1700751010\n|move|p2a: Groudon-U|Trailblaze|p1a: Urshifu\n|-supereffective|p1a: Urshifu\n|-damage|p1a: Urshifu|0 fnt\n|-boost|p2a: Groudon-U|spe|1\n|faint|p1a: Urshifu\n|\n|upkeep\n|\n|t:|1700751014\n|switch|p1a: Garchomp|Garchomp, M, shiny|100\/100\n|turn|12\n|\n|t:|1700751023\n|detailschange|p1a: Garchomp|Garchomp-Mega, M, shiny\n|-mega|p1a: Garchomp|Garchomp|Garchompite\n|move|p2a: Groudon-U|Swords Dance|p2a: Groudon-U\n|-boost|p2a: Groudon-U|atk|2\n|move|p1a: Garchomp|Dragon Claw|p2a: Groudon-U\n|-damage|p2a: Groudon-U|51\/100\n|\n|upkeep\n|turn|13\n|\n|t:|1700751031\n|move|p2a: Groudon-U|Surging Strikes|p1a: Garchomp\n|-crit|p1a: Garchomp\n|-damage|p1a: Garchomp|63\/100\n|-crit|p1a: Garchomp\n|-damage|p1a: Garchomp|29\/100\n|-crit|p1a: Garchomp\n|-damage|p1a: Garchomp|0 fnt\n|faint|p1a: Garchomp\n|-hitcount|p1: Garchomp|3\n|\n|upkeep\n|\n|t:|1700751034\n|switch|p1a: Charizard|Charizard, M, shiny|100\/100\n|turn|14\n|\n|t:|1700751038\n|move|p2a: Groudon-U|Surging Strikes|p1a: Charizard\n|-supereffective|p1a: Charizard\n|-crit|p1a: Charizard\n|-damage|p1a: Charizard|0 fnt\n|faint|p1a: Charizard\n|-hitcount|p1: Charizard|1\n|\n|win|lbwnb114514\n|raw|1564D's rating: 1072 &rarr; <strong>1058<\/strong><br \/>(-14 for losing)\n|raw|lbwnb114514's rating: 1188 &rarr; <strong>1205<\/strong><br \/>(+17 for winning)\n","uploadtime":1700751045,"views":9,"p1id":"1564d","p2id":"lbwnb114514","formatid":"gen9nationaldex","rating":1058,"private":0,"password":""}