{"id":"gen9nationaldex-1993149009","p1":"snacksville","p2":"SoyuzaBrother","format":"[Gen 9] National Dex","log":"|j|\u2606snacksville\n|j|\u2606SoyuzaBrother\n|t:|1700270678\n|gametype|singles\n|player|p1|snacksville|chuck|1267\n|player|p2|SoyuzaBrother|cynthia-masters|1386\n|teamsize|p1|6\n|teamsize|p2|6\n|gen|9\n|tier|[Gen 9] National Dex\n|rated|\n|rule|HP Percentage Mod: HP is shown in percentages\n|rule|Endless Battle Clause: Forcing endless battles is banned\n|rule|OHKO Clause: OHKO moves are banned\n|rule|Evasion Clause: Evasion abilities, items, and moves are banned\n|rule|Evasion Abilities Clause: Evasion abilities are banned\n|rule|Evasion Items Clause: Evasion items are banned\n|rule|Evasion Moves Clause: Evasion moves are banned\n|rule|Species Clause: Limit one of each Pok\u00e9mon\n|rule|Sleep Clause Mod: Limit one foe put to sleep\n|clearpoke\n|poke|p1|Hatterene, F|\n|poke|p1|Gliscor, F|\n|poke|p1|Lopunny, M|\n|poke|p1|Porygon-Z|\n|poke|p1|Volcarona, M|\n|poke|p1|Dragonite, F|\n|poke|p2|Ninetales-Alola, M|\n|poke|p2|Glimmora, M|\n|poke|p2|Great Tusk|\n|poke|p2|Charizard, M|\n|poke|p2|Aegislash, F|\n|poke|p2|Kyurem|\n|teampreview\n|inactive|Battle timer is ON: inactive players will automatically lose when time's up. (requested by SoyuzaBrother)\n|c|\u2606snacksville|glhf\n|\n|t:|1700270695\n|start\n|switch|p1a: Lopunny|Lopunny, M|100\/100\n|switch|p2a: Manny|Great Tusk|100\/100\n|turn|1\n|\n|t:|1700270718\n|detailschange|p1a: Lopunny|Lopunny-Mega, M\n|-mega|p1a: Lopunny|Lopunny|Lopunnite\n|move|p1a: Lopunny|Fake Out|p2a: Manny\n|-damage|p2a: Manny|83\/100\n|cant|p2a: Manny|flinch\n|\n|-heal|p2a: Manny|89\/100|[from] item: Leftovers\n|upkeep\n|turn|2\n|\n|t:|1700270743\n|move|p1a: Lopunny|Triple Axel|p2a: Manny\n|-supereffective|p2a: Manny\n|-damage|p2a: Manny|79\/100\n|-supereffective|p2a: Manny\n|-crit|p2a: Manny\n|-damage|p2a: Manny|45\/100\n|-supereffective|p2a: Manny\n|-damage|p2a: Manny|14\/100\n|-hitcount|p2a: Manny|3\n|move|p2a: Manny|Knock Off|p1a: Lopunny\n|-resisted|p1a: Lopunny\n|-damage|p1a: Lopunny|86\/100\n|\n|-heal|p2a: Manny|20\/100|[from] item: Leftovers\n|upkeep\n|turn|3\n|\n|t:|1700270758\n|-end|p2a: Manny|Protosynthesis|[silent]\n|switch|p2a: Uranium|Glimmora, M|100\/100\n|move|p1a: Lopunny|Return|p2a: Uranium\n|-resisted|p2a: Uranium\n|-damage|p2a: Uranium|72\/100\n|-activate|p2a: Uranium|ability: Toxic Debris\n|-sidestart|p1: snacksville|move: Toxic Spikes\n|\n|upkeep\n|turn|4\n|\n|t:|1700270766\n|move|p1a: Lopunny|High Jump Kick|p2a: Uranium\n|-damage|p2a: Uranium|0 fnt\n|-activate|p2a: Uranium|ability: Toxic Debris\n|-sidestart|p1: snacksville|move: Toxic Spikes\n|faint|p2a: Uranium\n|\n|upkeep\n|\n|t:|1700270774\n|switch|p2a: Huh?|Charizard, M|100\/100\n|turn|5\n|\n|t:|1700270778\n|detailschange|p2a: Huh?|Charizard-Mega-Y, M\n|-mega|p2a: Huh?|Charizard|Charizardite Y\n|-weather|SunnyDay|[from] ability: Drought|[of] p2a: Huh?\n|move|p1a: Lopunny|Return|p2a: Huh?\n|-damage|p2a: Huh?|20\/100\n|move|p2a: Huh?|Flamethrower|p1a: Lopunny\n|-damage|p1a: Lopunny|0 fnt\n|faint|p1a: Lopunny\n|\n|-weather|SunnyDay|[upkeep]\n|upkeep\n|\n|t:|1700270789\n|switch|p1a: Gliscor|Gliscor, F, shiny|100\/100\n|turn|6\n|\n|t:|1700270792\n|move|p2a: Huh?|Flamethrower|p1a: Gliscor\n|-damage|p1a: Gliscor|26\/100\n|move|p1a: Gliscor|Defog|p2a: Huh?\n|-unboost|p2a: Huh?|evasion|1\n|-sideend|p1: snacksville|Toxic Spikes|[from] move: Defog|[of] p1a: Gliscor\n|\n|-weather|SunnyDay|[upkeep]\n|-status|p1a: Gliscor|tox|[from] item: Toxic Orb\n|upkeep\n|turn|7\n|\n|t:|1700270807\n|switch|p1a: Hatterene|Hatterene, F|100\/100\n|move|p2a: Huh?|Air Slash|p1a: Hatterene\n|-damage|p1a: Hatterene|46\/100\n|-enditem|p1a: Hatterene|Eject Button\n|\n|t:|1700270815\n|switch|p1a: Dragonite|Dragonite, F|100\/100\n|\n|-weather|SunnyDay|[upkeep]\n|upkeep\n|turn|8\n|\n|t:|1700270822\n|switch|p2a: Snow Doggy|Ninetales-Alola, M|100\/100\n|-weather|Snow|[from] ability: Snow Warning|[of] p2a: Snow Doggy\n|move|p1a: Dragonite|Dragon Dance|p1a: Dragonite\n|-boost|p1a: Dragonite|atk|1\n|-boost|p1a: Dragonite|spe|1\n|\n|-weather|Snow|[upkeep]\n|upkeep\n|turn|9\n|\n|t:|1700270831\n|-terastallize|p1a: Dragonite|Normal\n|move|p1a: Dragonite|Extreme Speed|p2a: Snow Doggy\n|-damage|p2a: Snow Doggy|49\/100\n|move|p2a: Snow Doggy|Aurora Veil|p2a: Snow Doggy\n|-sidestart|p2: SoyuzaBrother|move: Aurora Veil\n|\n|-weather|Snow|[upkeep]\n|upkeep\n|turn|10\n|\n|t:|1700270839\n|move|p1a: Dragonite|Dragon Dance|p1a: Dragonite\n|-boost|p1a: Dragonite|atk|1\n|-boost|p1a: Dragonite|spe|1\n|move|p2a: Snow Doggy|Freeze-Dry|p1a: Dragonite\n|-damage|p1a: Dragonite|89\/100\n|\n|-weather|Snow|[upkeep]\n|upkeep\n|turn|11\n|\n|t:|1700270846\n|move|p1a: Dragonite|Dragon Dance|p1a: Dragonite\n|-boost|p1a: Dragonite|atk|1\n|-boost|p1a: Dragonite|spe|1\n|move|p2a: Snow Doggy|Encore|p1a: Dragonite\n|-start|p1a: Dragonite|Encore\n|\n|-weather|Snow|[upkeep]\n|upkeep\n|turn|12\n|\n|t:|1700270852\n|move|p1a: Dragonite|Dragon Dance|p1a: Dragonite\n|-boost|p1a: Dragonite|atk|1\n|-boost|p1a: Dragonite|spe|1\n|move|p2a: Snow Doggy|Moonblast|p1a: Dragonite\n|-damage|p1a: Dragonite|60\/100\n|\n|-weather|none\n|upkeep\n|turn|13\n|\n|t:|1700270859\n|move|p1a: Dragonite|Dragon Dance|p1a: Dragonite\n|-boost|p1a: Dragonite|atk|1\n|-boost|p1a: Dragonite|spe|1\n|move|p2a: Snow Doggy|Moonblast|p1a: Dragonite\n|-damage|p1a: Dragonite|34\/100\n|\n|upkeep\n|turn|14\n|\n|t:|1700270866\n|move|p1a: Dragonite|Dragon Dance|p1a: Dragonite\n|-boost|p1a: Dragonite|atk|1\n|-boost|p1a: Dragonite|spe|1\n|move|p2a: Snow Doggy|Moonblast|p1a: Dragonite\n|-damage|p1a: Dragonite|7\/100\n|\n|-end|p1a: Dragonite|Encore\n|upkeep\n|turn|15\n|\n|t:|1700270874\n|move|p1a: Dragonite|Extreme Speed|p2a: Snow Doggy\n|-damage|p2a: Snow Doggy|0 fnt\n|faint|p2a: Snow Doggy\n|\n|upkeep\n|\n|t:|1700270880\n|switch|p2a: Spooky Sword|Aegislash, F|100\/100\n|turn|16\n|c|\u2606snacksville|now you fucked up\n|c|\u2606snacksville|bitch\n|\n|t:|1700270891\n|switch|p1a: Hatterene|Hatterene, F|46\/100\n|-formechange|p2a: Spooky Sword|Aegislash-Blade||[from] ability: Stance Change\n|move|p2a: Spooky Sword|Iron Head|p1a: Hatterene\n|-supereffective|p1a: Hatterene\n|-damage|p1a: Hatterene|0 fnt\n|faint|p1a: Hatterene\n|\n|-sideend|p2: SoyuzaBrother|move: Aurora Veil\n|upkeep\n|c|\u2606SoyuzaBrother|Heh heh\n|c|\u2606snacksville|YOU DIDNT EVE NSHADOW SNEAK YOU FUCKER\n|c|\u2606snacksville|WHY I OUGHTA\n|inactive|snacksville has 120 seconds left.\n|\n|t:|1700270920\n|switch|p1a: Porygon-Z|Porygon-Z, shiny|100\/100\n|turn|17\n|c|\u2606SoyuzaBrother|Why would I shadow sneak a normal type\n|inactive|SoyuzaBrother has 120 seconds left.\n|\n|t:|1700270951\n|-formechange|p2a: Spooky Sword|Aegislash||[from] ability: Stance Change\n|move|p2a: Spooky Sword|King's Shield|p2a: Spooky Sword\n|-singleturn|p2a: Spooky Sword|Protect\n|-zpower|p1a: Porygon-Z\n|move|p1a: Porygon-Z|Z-Conversion|p1a: Porygon-Z|[anim]Conversion\n|-boost|p1a: Porygon-Z|atk|1|[zeffect]\n|-boost|p1a: Porygon-Z|def|1|[zeffect]\n|-boost|p1a: Porygon-Z|spa|1|[zeffect]\n|-boost|p1a: Porygon-Z|spd|1|[zeffect]\n|-boost|p1a: Porygon-Z|spe|1|[zeffect]\n|-start|p1a: Porygon-Z|typechange|Electric\n|\n|upkeep\n|turn|18\n|c|\u2606snacksville|oh right\n|inactive|SoyuzaBrother has 120 seconds left.\n|\n|t:|1700270963\n|move|p1a: Porygon-Z|Thunderbolt|p2a: Spooky Sword\n|-damage|p2a: Spooky Sword|50\/100\n|-formechange|p2a: Spooky Sword|Aegislash-Blade||[from] ability: Stance Change\n|move|p2a: Spooky Sword|Shadow Ball|p1a: Porygon-Z\n|-damage|p1a: Porygon-Z|64\/100\n|\n|-heal|p2a: Spooky Sword|57\/100|[from] item: Leftovers\n|upkeep\n|turn|19\n|\n|t:|1700270974\n|-formechange|p2a: Spooky Sword|Aegislash||[from] ability: Stance Change\n|move|p2a: Spooky Sword|King's Shield|p2a: Spooky Sword\n|-singleturn|p2a: Spooky Sword|Protect\n|move|p1a: Porygon-Z|Recover|p1a: Porygon-Z\n|-heal|p1a: Porygon-Z|100\/100\n|\n|-heal|p2a: Spooky Sword|63\/100|[from] item: Leftovers\n|upkeep\n|turn|20\n|\n|t:|1700270982\n|move|p1a: Porygon-Z|Thunderbolt|p2a: Spooky Sword\n|-damage|p2a: Spooky Sword|11\/100\n|-formechange|p2a: Spooky Sword|Aegislash-Blade||[from] ability: Stance Change\n|move|p2a: Spooky Sword|Shadow Ball|p1a: Porygon-Z\n|-damage|p1a: Porygon-Z|67\/100\n|\n|-heal|p2a: Spooky Sword|17\/100|[from] item: Leftovers\n|upkeep\n|turn|21\n|\n|t:|1700270990\n|move|p1a: Porygon-Z|Thunderbolt|p2a: Spooky Sword\n|-damage|p2a: Spooky Sword|0 fnt\n|faint|p2a: Spooky Sword\n|\n|upkeep\n|\n|t:|1700270998\n|switch|p2a: BaxKyurabur|Kyurem|100\/100\n|-ability|p2a: BaxKyurabur|Pressure\n|turn|22\n|\n|t:|1700271002\n|move|p1a: Porygon-Z|Ice Beam|p2a: BaxKyurabur\n|-damage|p2a: BaxKyurabur|58\/100\n|move|p2a: BaxKyurabur|Dragon Dance|p2a: BaxKyurabur\n|-boost|p2a: BaxKyurabur|atk|1\n|-boost|p2a: BaxKyurabur|spe|1\n|\n|upkeep\n|turn|23\n|\n|t:|1700271010\n|move|p1a: Porygon-Z|Ice Beam|p2a: BaxKyurabur\n|-damage|p2a: BaxKyurabur|13\/100\n|move|p2a: BaxKyurabur|Dragon Dance|p2a: BaxKyurabur\n|-boost|p2a: BaxKyurabur|atk|1\n|-boost|p2a: BaxKyurabur|spe|1\n|\n|upkeep\n|turn|24\n|\n|t:|1700271018\n|move|p2a: BaxKyurabur|Icicle Spear|p1a: Porygon-Z\n|-damage|p1a: Porygon-Z|40\/100\n|-damage|p1a: Porygon-Z|10\/100\n|-damage|p1a: Porygon-Z|0 fnt\n|faint|p1a: Porygon-Z\n|-hitcount|p1: Porygon-Z|3\n|\n|upkeep\n|\n|t:|1700271025\n|switch|p1a: Dragonite|Dragonite, F, tera:Normal|7\/100\n|turn|25\n|\n|t:|1700271029\n|-terastallize|p2a: BaxKyurabur|Ghost\n|move|p1a: Dragonite|Extreme Speed|p2a: BaxKyurabur\n|-immune|p2a: BaxKyurabur\n|move|p2a: BaxKyurabur|Icicle Spear|p1a: Dragonite\n|-damage|p1a: Dragonite|0 fnt\n|faint|p1a: Dragonite\n|-hitcount|p1: Dragonite|1\n|\n|upkeep\n|c|\u2606SoyuzaBrother|HE HE HE HA\n|\n|t:|1700271050\n|switch|p1a: Volcarona|Volcarona, M|100\/100\n|turn|26\n|\n|t:|1700271053\n|move|p2a: BaxKyurabur|Dragon Claw|p1a: Volcarona\n|-enditem|p1a: Volcarona|Focus Sash\n|-damage|p1a: Volcarona|1\/100\n|move|p1a: Volcarona|Quiver Dance|p1a: Volcarona\n|-boost|p1a: Volcarona|spa|1\n|-boost|p1a: Volcarona|spd|1\n|-boost|p1a: Volcarona|spe|1\n|\n|upkeep\n|turn|27\n|\n|t:|1700271069\n|move|p2a: BaxKyurabur|Icicle Spear|p1a: Volcarona\n|-resisted|p1a: Volcarona\n|-damage|p1a: Volcarona|0 fnt\n|faint|p1a: Volcarona\n|-hitcount|p1: Volcarona|1\n|\n|upkeep\n|c|\u2606snacksville|gg\n|c|\u2606SoyuzaBrother|gg\n|-message|snacksville forfeited.\n|\n|win|SoyuzaBrother\n|raw|snacksville's rating: 1267 &rarr; <strong>1250<\/strong><br \/>(-17 for losing)\n|raw|SoyuzaBrother's rating: 1386 &rarr; <strong>1399<\/strong><br \/>(+13 for winning)\n|l|\u2606snacksville\n","uploadtime":1700270912,"views":6,"p1id":"snacksville","p2id":"soyuzabrother","formatid":"gen9nationaldex","rating":1250,"private":0,"password":""}