{"id":"gen9nationaldex-1998079987","p1":"KevMagnet","p2":"Andrew cross","format":"[Gen 9] National Dex","log":"|html|<div class=\"broadcast-blue\"><strong>[Gen 9] National Dex is currently suspecting Sneasler! For information on how to participate check out the <a href=\"https:\/\/www.smogon.com\/forums\/threads\/sv-national-dex-suspect-8-just-dance.3731534\/\">suspect thread<\/a>.<\/strong><\/div>\n|j|\u2606KevMagnet\n|j|\u2606Andrew cross\n|t:|1700888047\n|gametype|singles\n|player|p1|KevMagnet|flint|1192\n|player|p2|Andrew cross|cynthia-gen4|1137\n|teamsize|p1|6\n|teamsize|p2|6\n|gen|9\n|tier|[Gen 9] National Dex\n|rated|\n|rule|HP Percentage Mod: HP is shown in percentages\n|rule|Endless Battle Clause: Forcing endless battles is banned\n|rule|OHKO Clause: OHKO moves are banned\n|rule|Evasion Clause: Evasion abilities, items, and moves are banned\n|rule|Evasion Abilities Clause: Evasion abilities are banned\n|rule|Evasion Items Clause: Evasion items are banned\n|rule|Evasion Moves Clause: Evasion moves are banned\n|rule|Species Clause: Limit one of each Pok\u00e9mon\n|rule|Sleep Clause Mod: Limit one foe put to sleep\n|clearpoke\n|poke|p1|Grapploct, M|\n|poke|p1|Ferrothorn, M|\n|poke|p1|Garchomp, F|\n|poke|p1|Charizard, F|\n|poke|p1|Great Tusk|\n|poke|p1|Tapu Koko|\n|poke|p2|Garchomp, F|\n|poke|p2|Roserade, F|\n|poke|p2|Spiritomb, F|\n|poke|p2|Togekiss, M|\n|poke|p2|Milotic, M|\n|poke|p2|Gastrodon-East, M|\n|teampreview\n|inactive|Battle timer is ON: inactive players will automatically lose when time's up. (requested by KevMagnet)\n|\n|t:|1700888065\n|start\n|switch|p1a: Grapploct|Grapploct, M|100\/100\n|switch|p2a: Spiritomb|Spiritomb, F|100\/100\n|turn|1\n|\n|t:|1700888074\n|move|p1a: Grapploct|Payback|p2a: Spiritomb\n|-damage|p2a: Spiritomb|75\/100\n|move|p2a: Spiritomb|Will-O-Wisp|p1a: Grapploct\n|-status|p1a: Grapploct|brn\n|-enditem|p1a: Grapploct|Lum Berry|[eat]\n|-curestatus|p1a: Grapploct|brn|[msg]\n|\n|upkeep\n|turn|2\n|\n|t:|1700888081\n|switch|p1a: Ferrothorn|Ferrothorn, M|100\/100\n|move|p2a: Spiritomb|Shadow Ball|p1a: Ferrothorn\n|-damage|p1a: Ferrothorn|79\/100\n|\n|upkeep\n|turn|3\n|\n|t:|1700888086\n|move|p2a: Spiritomb|Will-O-Wisp|p1a: Ferrothorn\n|-status|p1a: Ferrothorn|brn\n|move|p1a: Ferrothorn|Gyro Ball|p2a: Spiritomb\n|-damage|p2a: Spiritomb|58\/100\n|\n|-damage|p1a: Ferrothorn|73\/100 brn|[from] brn\n|upkeep\n|turn|4\n|\n|t:|1700888093\n|switch|p1a: Great Tusk|Great Tusk|100\/100\n|move|p2a: Spiritomb|Shadow Ball|p1a: Great Tusk\n|-damage|p1a: Great Tusk|46\/100\n|\n|upkeep\n|turn|5\n|\n|t:|1700888098\n|move|p1a: Great Tusk|Headlong Rush|p2a: Spiritomb\n|-damage|p2a: Spiritomb|0 fnt\n|-unboost|p1a: Great Tusk|def|1\n|-unboost|p1a: Great Tusk|spd|1\n|faint|p2a: Spiritomb\n|\n|upkeep\n|\n|t:|1700888109\n|switch|p2a: Milotic|Milotic, M|100\/100\n|turn|6\n|\n|t:|1700888115\n|-end|p1a: Great Tusk|Protosynthesis|[silent]\n|switch|p1a: Grapploct|Grapploct, M|100\/100\n|move|p2a: Milotic|Hypnosis|p1a: Grapploct|[miss]\n|-miss|p2a: Milotic|p1a: Grapploct\n|\n|upkeep\n|turn|7\n|\n|t:|1700888119\n|move|p2a: Milotic|Coil|p2a: Milotic\n|-boost|p2a: Milotic|atk|1\n|-boost|p2a: Milotic|def|1\n|-boost|p2a: Milotic|accuracy|1\n|move|p1a: Grapploct|Power-Up Punch|p2a: Milotic\n|-damage|p2a: Milotic|75\/100\n|-boost|p1a: Grapploct|atk|1\n|\n|-heal|p2a: Milotic|81\/100|[from] item: Leftovers\n|upkeep\n|turn|8\n|\n|t:|1700888125\n|move|p2a: Milotic|Coil|p2a: Milotic\n|-boost|p2a: Milotic|atk|1\n|-boost|p2a: Milotic|def|1\n|-boost|p2a: Milotic|accuracy|1\n|move|p1a: Grapploct|Power-Up Punch|p2a: Milotic\n|-damage|p2a: Milotic|48\/100\n|-boost|p1a: Grapploct|atk|1\n|\n|-heal|p2a: Milotic|54\/100|[from] item: Leftovers\n|upkeep\n|turn|9\n|\n|t:|1700888131\n|move|p2a: Milotic|Hypnosis|p1a: Grapploct\n|-status|p1a: Grapploct|slp|[from] move: Hypnosis\n|cant|p1a: Grapploct|slp\n|\n|-heal|p2a: Milotic|60\/100|[from] item: Leftovers\n|upkeep\n|turn|10\n|\n|t:|1700888135\n|move|p2a: Milotic|Hydro Pump|p1a: Grapploct\n|-damage|p1a: Grapploct|44\/100 slp\n|cant|p1a: Grapploct|slp\n|\n|-heal|p2a: Milotic|66\/100|[from] item: Leftovers\n|upkeep\n|turn|11\n|\n|t:|1700888139\n|move|p2a: Milotic|Hydro Pump|p1a: Grapploct\n|-damage|p1a: Grapploct|0 fnt\n|faint|p1a: Grapploct\n|\n|-heal|p2a: Milotic|72\/100|[from] item: Leftovers\n|upkeep\n|\n|t:|1700888143\n|switch|p1a: Tapu Koko|Tapu Koko|100\/100\n|-fieldstart|move: Electric Terrain|[from] ability: Electric Surge|[of] p1a: Tapu Koko\n|turn|12\n|\n|t:|1700888154\n|switch|p2a: Gastrodon|Gastrodon-East, M|100\/100\n|-zpower|p1a: Tapu Koko\n|move|p1a: Tapu Koko|Guardian of Alola|p2a: Gastrodon|[zeffect]\n|-damage|p2a: Gastrodon|26\/100\n|\n|-heal|p2a: Gastrodon|32\/100|[from] item: Leftovers\n|upkeep\n|turn|13\n|\n|t:|1700888166\n|move|p1a: Tapu Koko|Acrobatics|p2a: Gastrodon\n|-crit|p2a: Gastrodon\n|-damage|p2a: Gastrodon|1\/100\n|move|p2a: Gastrodon|Recover|p2a: Gastrodon\n|-heal|p2a: Gastrodon|51\/100\n|\n|-heal|p2a: Gastrodon|58\/100|[from] item: Leftovers\n|upkeep\n|turn|14\n|\n|t:|1700888175\n|move|p1a: Tapu Koko|Nature's Madness|p2a: Gastrodon\n|-damage|p2a: Gastrodon|29\/100\n|move|p2a: Gastrodon|Recover|p2a: Gastrodon\n|-heal|p2a: Gastrodon|79\/100\n|\n|-heal|p2a: Gastrodon|85\/100|[from] item: Leftovers\n|upkeep\n|turn|15\n|\n|t:|1700888180\n|move|p1a: Tapu Koko|Nature's Madness|p2a: Gastrodon\n|-damage|p2a: Gastrodon|43\/100\n|move|p2a: Gastrodon|Earth Power|p1a: Tapu Koko\n|-supereffective|p1a: Tapu Koko\n|-crit|p1a: Tapu Koko\n|-damage|p1a: Tapu Koko|0 fnt\n|faint|p1a: Tapu Koko\n|\n|-heal|p2a: Gastrodon|49\/100|[from] item: Leftovers\n|upkeep\n|\n|t:|1700888185\n|switch|p1a: Ferrothorn|Ferrothorn, M|73\/100 brn\n|turn|16\n|\n|t:|1700888189\n|move|p2a: Gastrodon|Recover|p2a: Gastrodon\n|-heal|p2a: Gastrodon|99\/100\n|move|p1a: Ferrothorn|Power Whip|p2a: Gastrodon\n|-supereffective|p2a: Gastrodon\n|-damage|p2a: Gastrodon|0 fnt\n|faint|p2a: Gastrodon\n|\n|-damage|p1a: Ferrothorn|67\/100 brn|[from] brn\n|-fieldend|move: Electric Terrain\n|upkeep\n|\n|t:|1700888199\n|switch|p2a: Togekiss|Togekiss, M|100\/100\n|turn|17\n|\n|t:|1700888204\n|move|p2a: Togekiss|Flamethrower|p1a: Ferrothorn\n|-supereffective|p1a: Ferrothorn\n|-damage|p1a: Ferrothorn|0 fnt\n|faint|p1a: Ferrothorn\n|\n|upkeep\n|\n|t:|1700888207\n|switch|p1a: Charizard|Charizard, F|100\/100\n|turn|18\n|\n|t:|1700888211\n|detailschange|p1a: Charizard|Charizard-Mega-Y, F\n|-mega|p1a: Charizard|Charizard|Charizardite Y\n|-weather|SunnyDay|[from] ability: Drought|[of] p1a: Charizard\n|move|p1a: Charizard|Heat Wave|p2a: Togekiss|[miss]\n|-miss|p1a: Charizard|p2a: Togekiss\n|move|p2a: Togekiss|Thunder Wave|p1a: Charizard\n|-status|p1a: Charizard|par\n|\n|-weather|SunnyDay|[upkeep]\n|upkeep\n|turn|19\n|\n|t:|1700888217\n|move|p2a: Togekiss|Ancient Power|p1a: Charizard\n|-supereffective|p1a: Charizard\n|-damage|p1a: Charizard|13\/100 par\n|move|p1a: Charizard|Heat Wave|p2a: Togekiss\n|-damage|p2a: Togekiss|13\/100\n|-status|p2a: Togekiss|brn\n|\n|-weather|SunnyDay|[upkeep]\n|-damage|p2a: Togekiss|7\/100 brn|[from] brn\n|upkeep\n|turn|20\n|\n|t:|1700888226\n|move|p2a: Togekiss|Ancient Power|p1a: Charizard\n|-supereffective|p1a: Charizard\n|-damage|p1a: Charizard|0 fnt\n|faint|p1a: Charizard\n|\n|-weather|SunnyDay|[upkeep]\n|-damage|p2a: Togekiss|1\/100 brn|[from] brn\n|upkeep\n|\n|t:|1700888229\n|switch|p1a: Great Tusk|Great Tusk|46\/100\n|-activate|p1a: Great Tusk|ability: Protosynthesis\n|-start|p1a: Great Tusk|protosynthesisatk\n|turn|21\n|\n|t:|1700888232\n|move|p1a: Great Tusk|Rapid Spin|p2a: Togekiss\n|-damage|p2a: Togekiss|0 fnt\n|-boost|p1a: Great Tusk|spe|1\n|faint|p2a: Togekiss\n|\n|-weather|SunnyDay|[upkeep]\n|upkeep\n|\n|t:|1700888236\n|switch|p2a: Garchomp|Garchomp, F|100\/100\n|turn|22\n|\n|t:|1700888242\n|move|p1a: Great Tusk|Ice Spinner|p2a: Garchomp\n|-supereffective|p2a: Garchomp\n|-damage|p2a: Garchomp|0 fnt\n|-damage|p1a: Great Tusk|33\/100|[from] ability: Rough Skin|[of] p2a: Garchomp\n|faint|p2a: Garchomp\n|\n|-weather|none\n|-end|p1a: Great Tusk|Protosynthesis\n|upkeep\n|\n|t:|1700888245\n|switch|p2a: Roserade|Roserade, F|100\/100\n|turn|23\n|\n|t:|1700888249\n|move|p1a: Great Tusk|Ice Spinner|p2a: Roserade\n|-supereffective|p2a: Roserade\n|-damage|p2a: Roserade|0 fnt\n|faint|p2a: Roserade\n|\n|upkeep\n|\n|t:|1700888252\n|switch|p2a: Milotic|Milotic, M|72\/100\n|turn|24\n|\n|t:|1700888261\n|move|p1a: Great Tusk|Headlong Rush|p2a: Milotic\n|-crit|p2a: Milotic\n|-damage|p2a: Milotic|0 fnt\n|-unboost|p1a: Great Tusk|def|1\n|-unboost|p1a: Great Tusk|spd|1\n|faint|p2a: Milotic\n|\n|win|KevMagnet\n|raw|KevMagnet's rating: 1192 &rarr; <strong>1213<\/strong><br \/>(+21 for winning)\n|raw|Andrew cross's rating: 1137 &rarr; <strong>1116<\/strong><br \/>(-21 for losing)\n|c|\u2606KevMagnet|Gg\n|l|\u2606Andrew cross\n","uploadtime":1700888274,"views":12,"p1id":"kevmagnet","p2id":"andrewcross","formatid":"gen9nationaldex","rating":1116,"private":0,"password":""}