{"id":"gen9nationaldex-1996506612","p1":"sampl_txt","p2":"law s fun","format":"[Gen 9] National Dex","log":"|html|<div class=\"broadcast-blue\"><strong>[Gen 9] National Dex is currently suspecting Sneasler! For information on how to participate check out the <a href=\"https:\/\/www.smogon.com\/forums\/threads\/sv-national-dex-suspect-8-just-dance.3731534\/\">suspect thread<\/a>.<\/strong><\/div>\n|j|\u2606sampl_txt\n|j|\u2606law s fun\n|t:|1700688708\n|gametype|singles\n|player|p1|sampl_txt|fisherman-gen3|1652\n|player|p2|law s fun|2|1737\n|teamsize|p1|6\n|teamsize|p2|6\n|gen|9\n|tier|[Gen 9] National Dex\n|rated|\n|rule|HP Percentage Mod: HP is shown in percentages\n|rule|Endless Battle Clause: Forcing endless battles is banned\n|rule|OHKO Clause: OHKO moves are banned\n|rule|Evasion Clause: Evasion abilities, items, and moves are banned\n|rule|Evasion Abilities Clause: Evasion abilities are banned\n|rule|Evasion Items Clause: Evasion items are banned\n|rule|Evasion Moves Clause: Evasion moves are banned\n|rule|Species Clause: Limit one of each Pok\u00e9mon\n|rule|Sleep Clause Mod: Limit one foe put to sleep\n|clearpoke\n|poke|p1|Infernape, F|\n|poke|p1|Tapu Lele|\n|poke|p1|Great Tusk|\n|poke|p1|Ting-Lu|\n|poke|p1|Sneasler, F|\n|poke|p1|Beedrill, F|\n|poke|p2|Zamazenta-*|\n|poke|p2|Cresselia, F|\n|poke|p2|Alomomola, M|\n|poke|p2|Clodsire, M|\n|poke|p2|Tapu Lele|\n|poke|p2|Sneasler, F|\n|teampreview\n|inactive|Battle timer is ON: inactive players will automatically lose when time's up. (requested by law s fun)\n|\n|t:|1700688714\n|start\n|switch|p1a: Beedrill|Beedrill, F|100\/100\n|switch|p2a: \u9178\u7b0b|Clodsire, M|100\/100\n|turn|1\n|\n|t:|1700688718\n|detailschange|p1a: Beedrill|Beedrill-Mega, F\n|-mega|p1a: Beedrill|Beedrill|Beedrillite\n|move|p1a: Beedrill|Drill Run|p2a: \u9178\u7b0b|[miss]\n|-miss|p1a: Beedrill|p2a: \u9178\u7b0b\n|move|p2a: \u9178\u7b0b|Stealth Rock|p1a: Beedrill\n|-sidestart|p1: sampl_txt|move: Stealth Rock\n|\n|upkeep\n|turn|2\n|\n|t:|1700688727\n|switch|p2a: \u70b8\u86cb|Alomomola, M|100\/100\n|move|p1a: Beedrill|U-turn|p2a: \u70b8\u86cb\n|-damage|p2a: \u70b8\u86cb|74\/100\n|-damage|p1a: Beedrill|84\/100|[from] item: Rocky Helmet|[of] p2a: \u70b8\u86cb\n|\n|t:|1700688756\n|switch|p1a: Great Tusk|Great Tusk|100\/100|[from] U-turn\n|-damage|p1a: Great Tusk|98\/100|[from] Stealth Rock\n|\n|-heal|p1a: Great Tusk|100\/100|[from] item: Leftovers\n|upkeep\n|turn|3\n|\n|t:|1700688762\n|move|p1a: Great Tusk|Stealth Rock|p2a: \u70b8\u86cb\n|-sidestart|p2: law s fun|move: Stealth Rock\n|move|p2a: \u70b8\u86cb|Scald|p1a: Great Tusk\n|-supereffective|p1a: Great Tusk\n|-damage|p1a: Great Tusk|62\/100\n|\n|-heal|p1a: Great Tusk|68\/100|[from] item: Leftovers\n|upkeep\n|turn|4\n|\n|t:|1700688766\n|move|p1a: Great Tusk|Rapid Spin|p2a: \u70b8\u86cb\n|-damage|p2a: \u70b8\u86cb|66\/100\n|-boost|p1a: Great Tusk|spe|1\n|-damage|p1a: Great Tusk|51\/100|[from] item: Rocky Helmet|[of] p2a: \u70b8\u86cb\n|-sideend|p1: sampl_txt|Stealth Rock|[from] move: Rapid Spin|[of] p1a: Great Tusk\n|move|p2a: \u70b8\u86cb|Scald|p1a: Great Tusk\n|-supereffective|p1a: Great Tusk\n|-damage|p1a: Great Tusk|19\/100\n|-status|p1a: Great Tusk|brn\n|\n|-heal|p1a: Great Tusk|25\/100 brn|[from] item: Leftovers\n|-damage|p1a: Great Tusk|19\/100 brn|[from] brn\n|upkeep\n|turn|5\n|\n|t:|1700688774\n|move|p1a: Great Tusk|Earthquake|p2a: \u70b8\u86cb\n|-damage|p2a: \u70b8\u86cb|54\/100\n|move|p2a: \u70b8\u86cb|Flip Turn|p1a: Great Tusk\n|-supereffective|p1a: Great Tusk\n|-damage|p1a: Great Tusk|3\/100 brn\n|\n|t:|1700688776\n|switch|p2a: \u9178\u7b0b|Clodsire, M|100\/100|[from] Flip Turn\n|-damage|p2a: \u9178\u7b0b|94\/100|[from] Stealth Rock\n|\n|-heal|p1a: Great Tusk|9\/100 brn|[from] item: Leftovers\n|-heal|p2a: \u9178\u7b0b|100\/100|[from] item: Leftovers\n|-damage|p1a: Great Tusk|3\/100 brn|[from] brn\n|upkeep\n|turn|6\n|\n|t:|1700688779\n|move|p1a: Great Tusk|Earthquake|p2a: \u9178\u7b0b\n|-supereffective|p2a: \u9178\u7b0b\n|-damage|p2a: \u9178\u7b0b|51\/100\n|move|p2a: \u9178\u7b0b|Stealth Rock|p1a: Great Tusk\n|-sidestart|p1: sampl_txt|move: Stealth Rock\n|\n|-heal|p1a: Great Tusk|9\/100 brn|[from] item: Leftovers\n|-heal|p2a: \u9178\u7b0b|57\/100|[from] item: Leftovers\n|-damage|p1a: Great Tusk|3\/100 brn|[from] brn\n|upkeep\n|turn|7\n|\n|t:|1700688783\n|switch|p2a: \u70b8\u86cb|Alomomola, M|88\/100\n|-damage|p2a: \u70b8\u86cb|75\/100|[from] Stealth Rock\n|move|p1a: Great Tusk|Rapid Spin|p2a: \u70b8\u86cb\n|-damage|p2a: \u70b8\u86cb|71\/100\n|-boost|p1a: Great Tusk|spe|1\n|-damage|p1a: Great Tusk|0 fnt|[from] item: Rocky Helmet|[of] p2a: \u70b8\u86cb\n|faint|p1a: Great Tusk\n|-end|p1a: Great Tusk|Protosynthesis|[silent]\n|\n|upkeep\n|\n|t:|1700688807\n|switch|p1a: Tapu Lele|Tapu Lele|100\/100\n|-damage|p1a: Tapu Lele|88\/100|[from] Stealth Rock\n|-fieldstart|move: Psychic Terrain|[from] ability: Psychic Surge|[of] p1a: Tapu Lele\n|turn|8\n|\n|t:|1700688832\n|move|p1a: Tapu Lele|Psychic|p2a: \u70b8\u86cb\n|-damage|p2a: \u70b8\u86cb|0 fnt\n|faint|p2a: \u70b8\u86cb\n|\n|upkeep\n|\n|t:|1700688834\n|switch|p2a: \u8150\u7af9|Cresselia, F|100\/100\n|-damage|p2a: \u8150\u7af9|88\/100|[from] Stealth Rock\n|turn|9\n|\n|t:|1700688837\n|switch|p1a: Ting-Lu|Ting-Lu|100\/100\n|-damage|p1a: Ting-Lu|94\/100|[from] Stealth Rock\n|-ability|p1a: Ting-Lu|Vessel of Ruin\n|move|p2a: \u8150\u7af9|Calm Mind|p2a: \u8150\u7af9\n|-boost|p2a: \u8150\u7af9|spa|1\n|-boost|p2a: \u8150\u7af9|spd|1\n|\n|-heal|p2a: \u8150\u7af9|94\/100|[from] item: Leftovers\n|-heal|p1a: Ting-Lu|100\/100|[from] item: Leftovers\n|upkeep\n|turn|10\n|\n|t:|1700688854\n|-terastallize|p2a: \u8150\u7af9|Poison\n|move|p2a: \u8150\u7af9|Moonblast|p1a: Ting-Lu\n|-supereffective|p1a: Ting-Lu\n|-damage|p1a: Ting-Lu|77\/100\n|move|p1a: Ting-Lu|Spikes|p2a: \u8150\u7af9\n|-sidestart|p2: law s fun|Spikes\n|\n|-heal|p2a: \u8150\u7af9|99\/100|[from] item: Leftovers\n|-heal|p1a: Ting-Lu|83\/100|[from] item: Leftovers\n|upkeep\n|turn|11\n|\n|t:|1700688861\n|move|p2a: \u8150\u7af9|Calm Mind|p2a: \u8150\u7af9\n|-boost|p2a: \u8150\u7af9|spa|1\n|-boost|p2a: \u8150\u7af9|spd|1\n|move|p1a: Ting-Lu|Whirlwind|p2a: \u8150\u7af9\n|drag|p2a: \u9178\u7b0b|Clodsire, M|57\/100\n|-damage|p2a: \u9178\u7b0b|51\/100|[from] Stealth Rock\n|-damage|p2a: \u9178\u7b0b|39\/100|[from] Spikes\n|\n|-heal|p1a: Ting-Lu|90\/100|[from] item: Leftovers\n|-heal|p2a: \u9178\u7b0b|45\/100|[from] item: Leftovers\n|upkeep\n|turn|12\n|\n|t:|1700688874\n|move|p1a: Ting-Lu|Earthquake|p2a: \u9178\u7b0b\n|-supereffective|p2a: \u9178\u7b0b\n|-damage|p2a: \u9178\u7b0b|0 fnt\n|faint|p2a: \u9178\u7b0b\n|\n|-heal|p1a: Ting-Lu|96\/100|[from] item: Leftovers\n|-fieldend|move: Psychic Terrain\n|upkeep\n|\n|t:|1700688877\n|switch|p2a: \u7c73\u7c89|Zamazenta|100\/100\n|-damage|p2a: \u7c73\u7c89|94\/100|[from] Stealth Rock\n|-damage|p2a: \u7c73\u7c89|82\/100|[from] Spikes\n|-ability|p2a: \u7c73\u7c89|Dauntless Shield|boost\n|-boost|p2a: \u7c73\u7c89|def|1\n|turn|13\n|\n|t:|1700688881\n|move|p2a: \u7c73\u7c89|Iron Defense|p2a: \u7c73\u7c89\n|-boost|p2a: \u7c73\u7c89|def|2\n|move|p1a: Ting-Lu|Whirlwind|p2a: \u7c73\u7c89\n|drag|p2a: \u8150\u7af9|Cresselia, F, tera:Poison|99\/100\n|-damage|p2a: \u8150\u7af9|88\/100|[from] Stealth Rock\n|\n|-heal|p2a: \u8150\u7af9|94\/100|[from] item: Leftovers\n|-heal|p1a: Ting-Lu|100\/100|[from] item: Leftovers\n|upkeep\n|turn|14\n|\n|t:|1700688885\n|move|p2a: \u8150\u7af9|Moonblast|p1a: Ting-Lu\n|-supereffective|p1a: Ting-Lu\n|-damage|p1a: Ting-Lu|86\/100\n|-unboost|p1a: Ting-Lu|spa|1\n|move|p1a: Ting-Lu|Spikes|p2a: \u8150\u7af9\n|-sidestart|p2: law s fun|Spikes\n|\n|-heal|p2a: \u8150\u7af9|99\/100|[from] item: Leftovers\n|-heal|p1a: Ting-Lu|92\/100|[from] item: Leftovers\n|upkeep\n|turn|15\n|\n|t:|1700688888\n|move|p2a: \u8150\u7af9|Calm Mind|p2a: \u8150\u7af9\n|-boost|p2a: \u8150\u7af9|spa|1\n|-boost|p2a: \u8150\u7af9|spd|1\n|move|p1a: Ting-Lu|Spikes|p2a: \u8150\u7af9\n|-sidestart|p2: law s fun|Spikes\n|\n|-heal|p2a: \u8150\u7af9|100\/100|[from] item: Leftovers\n|-heal|p1a: Ting-Lu|98\/100|[from] item: Leftovers\n|upkeep\n|turn|16\n|\n|t:|1700688895\n|move|p2a: \u8150\u7af9|Moonblast|p1a: Ting-Lu\n|-supereffective|p1a: Ting-Lu\n|-damage|p1a: Ting-Lu|76\/100\n|move|p1a: Ting-Lu|Whirlwind|p2a: \u8150\u7af9\n|drag|p2a: \u82b1\u751f|Sneasler, F|100\/100\n|-damage|p2a: \u82b1\u751f|94\/100|[from] Stealth Rock\n|-damage|p2a: \u82b1\u751f|70\/100|[from] Spikes\n|\n|-heal|p1a: Ting-Lu|82\/100|[from] item: Leftovers\n|upkeep\n|turn|17\n|\n|t:|1700688914\n|switch|p1a: Beedrill|Beedrill-Mega, F|84\/100\n|-damage|p1a: Beedrill|59\/100|[from] Stealth Rock\n|move|p2a: \u82b1\u751f|Dire Claw|p1a: Beedrill\n|-resisted|p1a: Beedrill\n|-damage|p1a: Beedrill|3\/100\n|\n|upkeep\n|turn|18\n|\n|t:|1700688934\n|move|p1a: Beedrill|U-turn|p2a: \u82b1\u751f\n|-resisted|p2a: \u82b1\u751f\n|-damage|p2a: \u82b1\u751f|50\/100\n|\n|t:|1700688944\n|switch|p1a: Sneasler|Sneasler, F|100\/100|[from] U-turn\n|-damage|p1a: Sneasler|95\/100|[from] Stealth Rock\n|move|p2a: \u82b1\u751f|Dire Claw|p1a: Sneasler\n|-resisted|p1a: Sneasler\n|-damage|p1a: Sneasler|56\/100\n|-status|p1a: Sneasler|slp\n|\n|upkeep\n|turn|19\n|inactive|sampl_txt has 120 seconds left.\n|\n|t:|1700688962\n|switch|p1a: Beedrill|Beedrill-Mega, F|3\/100\n|-damage|p1a: Beedrill|0 fnt|[from] Stealth Rock\n|faint|p1a: Beedrill\n|switch|p2a: \u7c73\u7c89|Zamazenta|82\/100\n|-damage|p2a: \u7c73\u7c89|76\/100|[from] Stealth Rock\n|-damage|p2a: \u7c73\u7c89|51\/100|[from] Spikes\n|\n|-heal|p2a: \u7c73\u7c89|57\/100|[from] item: Leftovers\n|upkeep\n|\n|t:|1700688966\n|switch|p1a: Tapu Lele|Tapu Lele|88\/100\n|-damage|p1a: Tapu Lele|76\/100|[from] Stealth Rock\n|-fieldstart|move: Psychic Terrain|[from] ability: Psychic Surge|[of] p1a: Tapu Lele\n|turn|20\n|inactive|sampl_txt has 120 seconds left.\n|\n|t:|1700688984\n|switch|p2a: \u87ba\u4e1d|Tapu Lele|100\/100\n|-damage|p2a: \u87ba\u4e1d|88\/100|[from] Stealth Rock\n|-damage|p2a: \u87ba\u4e1d|63\/100|[from] Spikes\n|-terastallize|p1a: Tapu Lele|Psychic\n|move|p1a: Tapu Lele|Psychic|p2a: \u87ba\u4e1d\n|-resisted|p2a: \u87ba\u4e1d\n|-damage|p2a: \u87ba\u4e1d|23\/100\n|\n|upkeep\n|turn|21\n|inactive|sampl_txt has 120 seconds left.\n|\n|t:|1700689006\n|switch|p1a: Ting-Lu|Ting-Lu|82\/100\n|-damage|p1a: Ting-Lu|76\/100|[from] Stealth Rock\n|-ability|p1a: Ting-Lu|Vessel of Ruin\n|move|p2a: \u87ba\u4e1d|Moonblast|p1a: Ting-Lu\n|-supereffective|p1a: Ting-Lu\n|-damage|p1a: Ting-Lu|31\/100\n|\n|-heal|p1a: Ting-Lu|37\/100|[from] item: Leftovers\n|upkeep\n|turn|22\n|\n|t:|1700689011\n|move|p2a: \u87ba\u4e1d|Moonblast|p1a: Ting-Lu\n|-supereffective|p1a: Ting-Lu\n|-damage|p1a: Ting-Lu|0 fnt\n|faint|p1a: Ting-Lu\n|\n|upkeep\n|\n|t:|1700689017\n|switch|p1a: Tapu Lele|Tapu Lele, tera:Psychic|76\/100\n|-damage|p1a: Tapu Lele|63\/100|[from] Stealth Rock\n|turn|23\n|\n|t:|1700689019\n|move|p1a: Tapu Lele|Psychic|p2a: \u87ba\u4e1d\n|-resisted|p2a: \u87ba\u4e1d\n|-damage|p2a: \u87ba\u4e1d|0 fnt\n|faint|p2a: \u87ba\u4e1d\n|\n|upkeep\n|\n|t:|1700689022\n|switch|p2a: \u8150\u7af9|Cresselia, F, tera:Poison|100\/100\n|-damage|p2a: \u8150\u7af9|88\/100|[from] Stealth Rock\n|turn|24\n|\n|t:|1700689031\n|switch|p2a: \u82b1\u751f|Sneasler, F|50\/100\n|-damage|p2a: \u82b1\u751f|44\/100|[from] Stealth Rock\n|-damage|p2a: \u82b1\u751f|19\/100|[from] Spikes\n|-enditem|p2a: \u82b1\u751f|Psychic Seed\n|-boost|p2a: \u82b1\u751f|spd|1|[from] item: Psychic Seed\n|move|p1a: Tapu Lele|Psychic|p2a: \u82b1\u751f\n|-supereffective|p2a: \u82b1\u751f\n|-damage|p2a: \u82b1\u751f|0 fnt\n|faint|p2a: \u82b1\u751f\n|\n|-fieldend|move: Psychic Terrain\n|upkeep\n|\n|t:|1700689040\n|switch|p2a: \u8150\u7af9|Cresselia, F, tera:Poison|88\/100\n|-damage|p2a: \u8150\u7af9|76\/100|[from] Stealth Rock\n|turn|25\n|\n|t:|1700689043\n|move|p1a: Tapu Lele|Psychic|p2a: \u8150\u7af9\n|-supereffective|p2a: \u8150\u7af9\n|-damage|p2a: \u8150\u7af9|0 fnt\n|faint|p2a: \u8150\u7af9\n|\n|upkeep\n|-message|law s fun forfeited.\n|\n|win|sampl_txt\n|raw|sampl_txt's rating: 1652 &rarr; <strong>1677<\/strong><br \/>(+25 for winning)\n|raw|law s fun's rating: 1737 &rarr; <strong>1712<\/strong><br \/>(-25 for losing)\n|l|\u2606law s fun\n","uploadtime":1700689050,"views":4,"p1id":"sampltxt","p2id":"lawsfun","formatid":"gen9nationaldex","rating":1677,"private":0,"password":""}