{"id":"gen9nationaldex-1988864421","p1":"jxjsjfdoso","p2":"king0fallkarp","format":"[Gen 9] National Dex","log":"|j|\u2606jxjsjfdoso\n|j|\u2606king0fallkarp\n|t:|1699776524\n|gametype|singles\n|player|p1|jxjsjfdoso|101|1000\n|player|p2|king0fallkarp|1|1000\n|teamsize|p1|6\n|teamsize|p2|6\n|gen|9\n|tier|[Gen 9] National Dex\n|rated|\n|rule|HP Percentage Mod: HP is shown in percentages\n|rule|Endless Battle Clause: Forcing endless battles is banned\n|rule|OHKO Clause: OHKO moves are banned\n|rule|Evasion Clause: Evasion abilities, items, and moves are banned\n|rule|Evasion Abilities Clause: Evasion abilities are banned\n|rule|Evasion Items Clause: Evasion items are banned\n|rule|Evasion Moves Clause: Evasion moves are banned\n|rule|Species Clause: Limit one of each Pok\u00e9mon\n|rule|Sleep Clause Mod: Limit one foe put to sleep\n|clearpoke\n|poke|p1|Mawile, M|\n|poke|p1|Volcarona, M|\n|poke|p1|Landorus-Therian, M|\n|poke|p1|Umbreon, M|\n|poke|p1|Samurott-Hisui, M|\n|poke|p1|Gengar, M|\n|poke|p2|Gigalith, M|\n|poke|p2|Pawmot, M|\n|poke|p2|Rabsca, F|\n|poke|p2|Blacephalon|\n|poke|p2|Glalie, F|\n|poke|p2|Landorus-Therian, M|\n|teampreview\n|inactive|Battle timer is ON: inactive players will automatically lose when time's up. (requested by king0fallkarp)\n|\n|t:|1699776540\n|start\n|switch|p1a: Landorus|Landorus-Therian, M|100\/100\n|switch|p2a: Landorus|Landorus-Therian, M|100\/100\n|-ability|p2a: Landorus|Intimidate|boost\n|-unboost|p1a: Landorus|atk|1\n|-ability|p1a: Landorus|Intimidate|boost\n|-unboost|p2a: Landorus|atk|1\n|turn|1\n|\n|t:|1699776547\n|move|p2a: Landorus|Explosion|p1a: Landorus\n|-damage|p1a: Landorus|33\/100\n|faint|p2a: Landorus\n|move|p1a: Landorus|Toxic|p2: Landorus|[notarget]\n|-fail|p1a: Landorus\n|\n|upkeep\n|\n|t:|1699776559\n|switch|p2a: Gigalith|Gigalith, M|100\/100\n|turn|2\n|\n|t:|1699776570\n|move|p1a: Landorus|Earthquake|p2a: Gigalith\n|-supereffective|p2a: Gigalith\n|-damage|p2a: Gigalith|45\/100\n|move|p2a: Gigalith|Explosion|p1a: Landorus\n|-damage|p1a: Landorus|0 fnt\n|faint|p2a: Gigalith\n|faint|p1a: Landorus\n|\n|upkeep\n|\n|t:|1699776579\n|switch|p1a: Volcarona|Volcarona, M|100\/100\n|switch|p2a: Blacephalon|Blacephalon|100\/100\n|turn|3\n|\n|t:|1699776588\n|switch|p1a: Umbreon|Umbreon, M|100\/100\n|-terastallize|p2a: Blacephalon|Fire\n|move|p2a: Blacephalon|Mind Blown|p1a: Umbreon\n|-damage|p1a: Umbreon|13\/100\n|-damage|p2a: Blacephalon|50\/100|[from] mindblown\n|\n|-heal|p1a: Umbreon|19\/100|[from] item: Leftovers\n|upkeep\n|turn|4\n|\n|t:|1699776599\n|switch|p2a: Rabsca|Rabsca, F|100\/100\n|move|p1a: Umbreon|Foul Play|p2a: Rabsca\n|-supereffective|p2a: Rabsca\n|-damage|p2a: Rabsca|78\/100\n|\n|-heal|p1a: Umbreon|25\/100|[from] item: Leftovers\n|upkeep\n|turn|5\n|\n|t:|1699776606\n|move|p1a: Umbreon|Wish|p1a: Umbreon\n|move|p2a: Rabsca|Revival Blessing|p2a: Rabsca\n|-enditem|p2a: Rabsca|Leppa Berry|[eat]\n|-activate|p2a: Rabsca|item: Leppa Berry|Revival Blessing|[consumed]\n|\n|t:|1699776610\n|-heal|p2: Landorus|50\/100|[from] move: Revival Blessing\n|\n|-heal|p1a: Umbreon|31\/100|[from] item: Leftovers\n|upkeep\n|turn|6\n|\n|t:|1699776620\n|move|p1a: Umbreon|Toxic|p2a: Rabsca\n|-status|p2a: Rabsca|tox\n|-activate|p2a: Rabsca|ability: Synchronize\n|-status|p1a: Umbreon|tox\n|-activate|p1a: Umbreon|ability: Synchronize\n|-fail|p2a: Rabsca|tox\n|move|p2a: Rabsca|Revival Blessing|p2a: Rabsca\n|\n|t:|1699776629\n|-heal|p2: Gigalith|50\/100|[from] move: Revival Blessing\n|\n|-heal|p1a: Umbreon|81\/100 tox|[from] move: Wish|[wisher] Umbreon\n|-heal|p1a: Umbreon|88\/100 tox|[from] item: Leftovers\n|-damage|p1a: Umbreon|81\/100 tox|[from] psn\n|-damage|p2a: Rabsca|71\/100 tox|[from] psn\n|upkeep\n|turn|7\n|\n|t:|1699776638\n|move|p1a: Umbreon|Heal Bell|p1a: Umbreon\n|-activate|p1a: Umbreon|move: Heal Bell\n|-curestatus|p1a: Umbreon|tox|[msg]\n|-activate|p2a: Rabsca|move: Struggle\n|move|p2a: Rabsca|Struggle|p1a: Umbreon\n|-damage|p1a: Umbreon|78\/100\n|-damage|p2a: Rabsca|46\/100 tox|[from] recoil\n|\n|-heal|p1a: Umbreon|84\/100|[from] item: Leftovers\n|-damage|p2a: Rabsca|34\/100 tox|[from] psn\n|upkeep\n|turn|8\n|\n|t:|1699776648\n|move|p1a: Umbreon|Wish|p1a: Umbreon\n|-activate|p2a: Rabsca|move: Struggle\n|move|p2a: Rabsca|Struggle|p1a: Umbreon\n|-damage|p1a: Umbreon|80\/100\n|-damage|p2a: Rabsca|9\/100 tox|[from] recoil\n|\n|-heal|p1a: Umbreon|86\/100|[from] item: Leftovers\n|-damage|p2a: Rabsca|0 fnt|[from] psn\n|faint|p2a: Rabsca\n|upkeep\n|\n|t:|1699776656\n|switch|p2a: Landorus|Landorus-Therian, M|50\/100\n|-ability|p2a: Landorus|Intimidate|boost\n|-unboost|p1a: Umbreon|atk|1\n|turn|9\n|\n|t:|1699776667\n|switch|p1a: Gengar|Gengar, M|100\/100\n|move|p2a: Landorus|U-turn|p1a: Gengar\n|-resisted|p1a: Gengar\n|-damage|p1a: Gengar|82\/100\n|\n|t:|1699776674\n|switch|p2a: Glalie|Glalie, F|100\/100|[from] U-turn\n|\n|-heal|p1a: Gengar|100\/100|[from] move: Wish|[wisher] Umbreon\n|upkeep\n|turn|10\n|\n|t:|1699776683\n|detailschange|p2a: Glalie|Glalie-Mega, F\n|-mega|p2a: Glalie|Glalie|Glalitite\n|move|p1a: Gengar|Will-O-Wisp|p2a: Glalie\n|-status|p2a: Glalie|brn\n|move|p2a: Glalie|Explosion|p1a: Gengar\n|-damage|p1a: Gengar|0 fnt\n|faint|p2a: Glalie\n|faint|p1a: Gengar\n|\n|upkeep\n|\n|t:|1699776697\n|switch|p1a: Mawile|Mawile, M|100\/100\n|switch|p2a: Pawmot|Pawmot, M|100\/100\n|-ability|p1a: Mawile|Intimidate|boost\n|-unboost|p2a: Pawmot|atk|1\n|turn|11\n|\n|t:|1699776705\n|move|p2a: Pawmot|Revival Blessing|p2a: Pawmot\n|-enditem|p2a: Pawmot|Leppa Berry|[eat]\n|-activate|p2a: Pawmot|item: Leppa Berry|Revival Blessing|[consumed]\n|\n|t:|1699776709\n|-heal|p2: Glalie|50\/100|[from] move: Revival Blessing\n|move|p1a: Mawile|Play Rough|p2a: Pawmot\n|-supereffective|p2a: Pawmot\n|-damage|p2a: Pawmot|9\/100\n|\n|upkeep\n|turn|12\n|\n|t:|1699776722\n|switch|p2a: Landorus|Landorus-Therian, M|50\/100\n|-ability|p2a: Landorus|Intimidate|boost\n|-unboost|p1a: Mawile|atk|1\n|move|p1a: Mawile|Swords Dance|p1a: Mawile\n|-boost|p1a: Mawile|atk|2\n|\n|upkeep\n|turn|13\n|\n|t:|1699776728\n|detailschange|p1a: Mawile|Mawile-Mega, M\n|-mega|p1a: Mawile|Mawile|Mawilite\n|move|p1a: Mawile|Sucker Punch|p2a: Landorus\n|-damage|p2a: Landorus|0 fnt\n|faint|p2a: Landorus\n|\n|upkeep\n|-message|king0fallkarp forfeited.\n|\n|win|jxjsjfdoso\n|raw|jxjsjfdoso's rating: 1000 &rarr; <strong>1040<\/strong><br \/>(+40 for winning)\n|raw|king0fallkarp's rating: 1000 &rarr; <strong>1000<\/strong><br \/>(+0 for losing)\n|l|\u2606king0fallkarp\n","uploadtime":1699776742,"views":11,"p1id":"jxjsjfdoso","p2id":"king0fallkarp","formatid":"gen9nationaldex","rating":1000,"private":0,"password":""}