{"id":"gen9nationaldex-1999341049","p1":"omega7050","p2":"kokomi36","format":"[Gen 9] National Dex","log":"|html|<div class=\"broadcast-blue\"><strong>[Gen 9] National Dex is currently suspecting Sneasler! For information on how to participate check out the <a href=\"https:\/\/www.smogon.com\/forums\/threads\/sv-national-dex-suspect-8-just-dance.3731534\/\">suspect thread<\/a>.<\/strong><\/div>\n|j|\u2606omega7050\n|j|\u2606kokomi36\n|t:|1701063147\n|gametype|singles\n|player|p1|omega7050|ingo|1272\n|player|p2|kokomi36|102|1180\n|teamsize|p1|6\n|teamsize|p2|6\n|gen|9\n|tier|[Gen 9] National Dex\n|rated|\n|rule|HP Percentage Mod: HP is shown in percentages\n|rule|Endless Battle Clause: Forcing endless battles is banned\n|rule|OHKO Clause: OHKO moves are banned\n|rule|Evasion Clause: Evasion abilities, items, and moves are banned\n|rule|Evasion Abilities Clause: Evasion abilities are banned\n|rule|Evasion Items Clause: Evasion items are banned\n|rule|Evasion Moves Clause: Evasion moves are banned\n|rule|Species Clause: Limit one of each Pok\u00e9mon\n|rule|Sleep Clause Mod: Limit one foe put to sleep\n|clearpoke\n|poke|p1|Sceptile, F|\n|poke|p1|Infernape, F|\n|poke|p1|Aggron, M|\n|poke|p1|Drifblim, F|\n|poke|p1|Kyurem|\n|poke|p1|Dondozo, M|\n|poke|p2|Incineroar, M|\n|poke|p2|Typhlosion-Hisui, F|\n|poke|p2|Charizard, M|\n|poke|p2|Garchomp, M|\n|poke|p2|Grimmsnarl, M|\n|poke|p2|Kartana|\n|teampreview\n|inactive|Battle timer is ON: inactive players will automatically lose when time's up. (requested by kokomi36)\n|\n|t:|1701063160\n|start\n|switch|p1a: Kyurem|Kyurem|100\/100\n|switch|p2a: Grimmsnarl|Grimmsnarl, M|100\/100\n|-ability|p1a: Kyurem|Pressure\n|turn|1\n|\n|t:|1701063171\n|move|p2a: Grimmsnarl|Reflect|p2a: Grimmsnarl\n|-sidestart|p2: kokomi36|Reflect\n|move|p1a: Kyurem|Freeze-Dry|p2a: Grimmsnarl\n|-damage|p2a: Grimmsnarl|62\/100\n|\n|upkeep\n|turn|2\n|\n|t:|1701063182\n|move|p2a: Grimmsnarl|Light Screen|p2a: Grimmsnarl\n|-sidestart|p2: kokomi36|move: Light Screen\n|move|p1a: Kyurem|Freeze-Dry|p2a: Grimmsnarl\n|-damage|p2a: Grimmsnarl|40\/100\n|\n|upkeep\n|turn|3\n|\n|t:|1701063188\n|move|p1a: Kyurem|Freeze-Dry|p2a: Grimmsnarl\n|-damage|p2a: Grimmsnarl|20\/100\n|move|p2a: Grimmsnarl|Spirit Break|p1a: Kyurem\n|-supereffective|p1a: Kyurem\n|-damage|p1a: Kyurem|28\/100\n|-unboost|p1a: Kyurem|spa|1\n|\n|upkeep\n|turn|4\n|\n|t:|1701063197\n|move|p2a: Grimmsnarl|Sucker Punch|p1a: Kyurem\n|-crit|p1a: Kyurem\n|-damage|p1a: Kyurem|0 fnt\n|faint|p1a: Kyurem\n|\n|upkeep\n|\n|t:|1701063202\n|switch|p1a: Infernape|Infernape, F|100\/100\n|turn|5\n|\n|t:|1701063210\n|switch|p2a: Typhlosion|Typhlosion-Hisui, F|100\/100\n|-item|p1a: Infernape|Punching Glove|[from] ability: Frisk|[of] p2a: Typhlosion|[identify]\n|move|p1a: Infernape|Thunder Punch|p2a: Typhlosion\n|-damage|p2a: Typhlosion|80\/100\n|\n|upkeep\n|turn|6\n|\n|t:|1701063226\n|move|p1a: Infernape|Thunder Punch|p2a: Typhlosion\n|-damage|p2a: Typhlosion|60\/100\n|move|p2a: Typhlosion|Extrasensory|p1a: Infernape\n|-supereffective|p1a: Infernape\n|-damage|p1a: Infernape|18\/100\n|\n|upkeep\n|turn|7\n|\n|t:|1701063235\n|move|p1a: Infernape|Thunder Punch|p2a: Typhlosion\n|-damage|p2a: Typhlosion|43\/100\n|move|p2a: Typhlosion|Extrasensory|p1a: Infernape\n|-supereffective|p1a: Infernape\n|-damage|p1a: Infernape|0 fnt\n|faint|p1a: Infernape\n|\n|upkeep\n|\n|t:|1701063245\n|switch|p1a: Dondozo|Dondozo, M|100\/100\n|turn|8\n|\n|t:|1701063250\n|switch|p2a: Kartana|Kartana|100\/100\n|move|p1a: Dondozo|Liquidation|p2a: Kartana\n|-resisted|p2a: Kartana\n|-damage|p2a: Kartana|92\/100\n|\n|-sideend|p2: kokomi36|Reflect\n|upkeep\n|turn|9\n|\n|t:|1701063260\n|switch|p1a: Drifblim|Drifblim, F|100\/100\n|move|p2a: Kartana|Leaf Blade|p1a: Drifblim\n|-resisted|p1a: Drifblim\n|-damage|p1a: Drifblim|42\/100\n|-damage|p2a: Kartana|82\/100|[from] item: Life Orb\n|\n|-sideend|p2: kokomi36|move: Light Screen\n|upkeep\n|turn|10\n|\n|t:|1701063271\n|move|p1a: Drifblim|Endure|p1a: Drifblim\n|-singleturn|p1a: Drifblim|move: Endure\n|move|p2a: Kartana|Smart Strike|p1a: Drifblim\n|-activate|p1a: Drifblim|move: Endure\n|-damage|p1a: Drifblim|1\/100\n|-damage|p2a: Kartana|72\/100|[from] item: Life Orb\n|\n|upkeep\n|turn|11\n|\n|t:|1701063280\n|move|p2a: Kartana|Smart Strike|p1a: Drifblim\n|-damage|p1a: Drifblim|0 fnt\n|faint|p1a: Drifblim\n|-ability|p2a: Kartana|Beast Boost|boost\n|-boost|p2a: Kartana|atk|1\n|-damage|p2a: Kartana|62\/100|[from] item: Life Orb\n|\n|upkeep\n|\n|t:|1701063291\n|switch|p1a: Dondozo|Dondozo, M|100\/100\n|turn|12\n|\n|t:|1701063301\n|-terastallize|p1a: Dondozo|Steel\n|move|p2a: Kartana|Leaf Blade|p1a: Dondozo\n|-resisted|p1a: Dondozo\n|-damage|p1a: Dondozo|74\/100\n|-damage|p2a: Kartana|52\/100|[from] item: Life Orb\n|move|p1a: Dondozo|Avalanche|p2a: Kartana\n|-damage|p2a: Kartana|21\/100\n|\n|upkeep\n|turn|13\n|\n|t:|1701063313\n|move|p2a: Kartana|Sacred Sword|p1a: Dondozo\n|-supereffective|p1a: Dondozo\n|-damage|p1a: Dondozo|0 fnt\n|faint|p1a: Dondozo\n|-ability|p2a: Kartana|Beast Boost|boost\n|-boost|p2a: Kartana|atk|1\n|-damage|p2a: Kartana|11\/100|[from] item: Life Orb\n|\n|upkeep\n|\n|t:|1701063316\n|switch|p1a: Aggron|Aggron, M|100\/100\n|turn|14\n|\n|t:|1701063323\n|move|p2a: Kartana|Sacred Sword|p1a: Aggron\n|-supereffective|p1a: Aggron\n|-damage|p1a: Aggron|0 fnt\n|faint|p1a: Aggron\n|-ability|p2a: Kartana|Beast Boost|boost\n|-boost|p2a: Kartana|atk|1\n|-damage|p2a: Kartana|1\/100|[from] item: Life Orb\n|\n|upkeep\n|\n|t:|1701063327\n|switch|p1a: Sceptile|Sceptile, F|100\/100\n|turn|15\n|\n|t:|1701063336\n|move|p1a: Sceptile|Leaf Blade|p2a: Kartana\n|-resisted|p2a: Kartana\n|-damage|p2a: Kartana|0 fnt\n|faint|p2a: Kartana\n|\n|upkeep\n|\n|t:|1701063342\n|switch|p2a: Charizard|Charizard, M|100\/100\n|turn|16\n|\n|t:|1701063349\n|detailschange|p2a: Charizard|Charizard-Mega-X, M\n|-mega|p2a: Charizard|Charizard|Charizardite X\n|move|p1a: Sceptile|Rock Slide|p2a: Charizard\n|-supereffective|p2a: Charizard\n|-damage|p2a: Charizard|58\/100\n|move|p2a: Charizard|Flare Blitz|p1a: Sceptile\n|-supereffective|p1a: Sceptile\n|-damage|p1a: Sceptile|0 fnt\n|faint|p1a: Sceptile\n|-damage|p2a: Charizard|27\/100|[from] Recoil\n|\n|win|kokomi36\n|raw|omega7050's rating: 1272 &rarr; <strong>1241<\/strong><br \/>(-31 for losing)\n|raw|kokomi36's rating: 1180 &rarr; <strong>1211<\/strong><br \/>(+31 for winning)\n|l|\u2606omega7050\n","uploadtime":1701063364,"views":1,"p1id":"omega7050","p2id":"kokomi36","formatid":"gen9nationaldex","rating":1211,"private":0,"password":""}