{"id":"gen9nationaldex-1996689114","p1":"conkzilla","p2":"LimeyAce","format":"[Gen 9] National Dex","log":"|html|<div class=\"broadcast-blue\"><strong>[Gen 9] National Dex is currently suspecting Sneasler! For information on how to participate check out the <a href=\"https:\/\/www.smogon.com\/forums\/threads\/sv-national-dex-suspect-8-just-dance.3731534\/\">suspect thread<\/a>.<\/strong><\/div>\n|j|\u2606conkzilla\n|j|\u2606LimeyAce\n|t:|1700710010\n|gametype|singles\n|player|p1|conkzilla|gardenia|\n|player|p2|LimeyAce|iris|\n|teamsize|p1|6\n|teamsize|p2|6\n|gen|9\n|tier|[Gen 9] National Dex\n|rule|HP Percentage Mod: HP is shown in percentages\n|rule|Endless Battle Clause: Forcing endless battles is banned\n|rule|OHKO Clause: OHKO moves are banned\n|rule|Evasion Clause: Evasion abilities, items, and moves are banned\n|rule|Evasion Abilities Clause: Evasion abilities are banned\n|rule|Evasion Items Clause: Evasion items are banned\n|rule|Evasion Moves Clause: Evasion moves are banned\n|rule|Species Clause: Limit one of each Pok\u00e9mon\n|rule|Sleep Clause Mod: Limit one foe put to sleep\n|clearpoke\n|poke|p1|Iron Valiant|\n|poke|p1|Lilligant-Hisui, F|\n|poke|p1|Weavile, F|\n|poke|p1|Blaziken, M|\n|poke|p1|Greninja-*, M|\n|poke|p1|Ogerpon, F|\n|poke|p2|Passimian, F|\n|poke|p2|Gardevoir, F|\n|poke|p2|Medicham, F|\n|poke|p2|Amoonguss, F|\n|poke|p2|Slurpuff, F|\n|poke|p2|Blastoise, M|\n|teampreview\n|\n|t:|1700710023\n|start\n|switch|p1a: Nerfed as Hell|Greninja, M|100\/100\n|switch|p2a: Cotton Candy \ud83c\udf6a|Slurpuff, F|100\/100\n|turn|1\n|\n|t:|1700710061\n|switch|p1a: Princess Fiona|Ogerpon, F|100\/100\n|move|p2a: Cotton Candy \ud83c\udf6a|Sticky Web|p1a: Princess Fiona\n|-sidestart|p1: conkzilla|move: Sticky Web\n|\n|upkeep\n|turn|2\n|\n|t:|1700710076\n|move|p1a: Princess Fiona|Swords Dance|p1a: Princess Fiona\n|-boost|p1a: Princess Fiona|atk|2\n|move|p2a: Cotton Candy \ud83c\udf6a|Covet|p1a: Princess Fiona\n|-damage|p1a: Princess Fiona|86\/100\n|-item|p2a: Cotton Candy \ud83c\udf6a|Leftovers|[from] move: Covet|[of] p1a: Princess Fiona\n|\n|upkeep\n|turn|3\n|\n|t:|1700710087\n|move|p1a: Princess Fiona|Knock Off|p2a: Cotton Candy \ud83c\udf6a\n|-resisted|p2a: Cotton Candy \ud83c\udf6a\n|-damage|p2a: Cotton Candy \ud83c\udf6a|79\/100\n|-enditem|p2a: Cotton Candy \ud83c\udf6a|Leftovers|[from] move: Knock Off|[of] p1a: Princess Fiona\n|move|p2a: Cotton Candy \ud83c\udf6a|Dazzling Gleam|p1a: Princess Fiona\n|-damage|p1a: Princess Fiona|59\/100\n|\n|upkeep\n|turn|4\n|\n|t:|1700710097\n|move|p1a: Princess Fiona|Ivy Cudgel|p2a: Cotton Candy \ud83c\udf6a\n|-damage|p2a: Cotton Candy \ud83c\udf6a|6\/100\n|move|p2a: Cotton Candy \ud83c\udf6a|Dazzling Gleam|p1a: Princess Fiona\n|-damage|p1a: Princess Fiona|33\/100\n|\n|upkeep\n|turn|5\n|\n|t:|1700710103\n|move|p1a: Princess Fiona|Ivy Cudgel|p2a: Cotton Candy \ud83c\udf6a\n|-damage|p2a: Cotton Candy \ud83c\udf6a|0 fnt\n|faint|p2a: Cotton Candy \ud83c\udf6a\n|\n|upkeep\n|\n|t:|1700710111\n|switch|p2a: Lime Cookie|Passimian, F|100\/100\n|turn|6\n|\n|t:|1700710120\n|move|p2a: Lime Cookie|U-turn|p1a: Princess Fiona\n|-supereffective|p1a: Princess Fiona\n|-damage|p1a: Princess Fiona|0 fnt\n|faint|p1a: Princess Fiona\n|\n|t:|1700710132\n|switch|p2a: Hong Meiling|Medicham, F|100\/100|[from] U-turn\n|\n|upkeep\n|\n|t:|1700710155\n|switch|p1a: It's a Canon Event|Iron Valiant|100\/100\n|-activate|p1a: It's a Canon Event|move: Sticky Web\n|-unboost|p1a: It's a Canon Event|spe|1\n|-enditem|p1a: It's a Canon Event|Booster Energy\n|-activate|p1a: It's a Canon Event|ability: Quark Drive|[fromitem]\n|-start|p1a: It's a Canon Event|quarkdriveatk\n|turn|7\n|\n|t:|1700710173\n|move|p2a: Hong Meiling|Detect|p2a: Hong Meiling\n|-singleturn|p2a: Hong Meiling|Protect\n|move|p1a: It's a Canon Event|Spirit Break|p2a: Hong Meiling\n|-activate|p2a: Hong Meiling|move: Protect\n|\n|upkeep\n|turn|8\n|\n|t:|1700710186\n|move|p2a: Hong Meiling|Zen Headbutt|p1a: It's a Canon Event\n|-supereffective|p1a: It's a Canon Event\n|-damage|p1a: It's a Canon Event|0 fnt\n|faint|p1a: It's a Canon Event\n|-end|p1a: It's a Canon Event|Quark Drive|[silent]\n|-damage|p2a: Hong Meiling|91\/100|[from] item: Life Orb\n|\n|upkeep\n|\n|t:|1700710197\n|switch|p1a: Bird Up!!|Blaziken, M|100\/100\n|-activate|p1a: Bird Up!!|move: Sticky Web\n|-unboost|p1a: Bird Up!!|spe|1\n|turn|9\n|\n|t:|1700710211\n|-terastallize|p1a: Bird Up!!|Fire\n|move|p2a: Hong Meiling|Zen Headbutt|p1a: Bird Up!!\n|-damage|p1a: Bird Up!!|0 fnt\n|faint|p1a: Bird Up!!\n|-damage|p2a: Hong Meiling|81\/100|[from] item: Life Orb\n|\n|upkeep\n|\n|t:|1700710219\n|switch|p1a: Nerfed as Hell|Greninja, M|100\/100\n|-activate|p1a: Nerfed as Hell|move: Sticky Web\n|-unboost|p1a: Nerfed as Hell|spe|1\n|turn|10\n|\n|t:|1700710229\n|move|p2a: Hong Meiling|Axe Kick|p1a: Nerfed as Hell\n|-supereffective|p1a: Nerfed as Hell\n|-damage|p1a: Nerfed as Hell|0 fnt\n|faint|p1a: Nerfed as Hell\n|-damage|p2a: Hong Meiling|71\/100|[from] item: Life Orb\n|\n|upkeep\n|\n|t:|1700710234\n|switch|p1a: FLEENTSTONES!?!|Weavile, F|100\/100\n|-activate|p1a: FLEENTSTONES!?!|move: Sticky Web\n|-unboost|p1a: FLEENTSTONES!?!|spe|1\n|-ability|p1a: FLEENTSTONES!?!|Pressure\n|turn|11\n|\n|t:|1700710243\n|move|p1a: FLEENTSTONES!?!|Ice Shard|p2a: Hong Meiling\n|-damage|p2a: Hong Meiling|20\/100\n|move|p2a: Hong Meiling|Axe Kick|p1a: FLEENTSTONES!?!|[miss]\n|-miss|p2a: Hong Meiling|p1a: FLEENTSTONES!?!\n|-damage|p2a: Hong Meiling|0 fnt|[from] highjumpkick\n|faint|p2a: Hong Meiling\n|\n|upkeep\n|\n|t:|1700710266\n|switch|p2a: Sheldon|Blastoise, M|100\/100\n|turn|12\n|\n|t:|1700710270\n|switch|p1a: Bad Apple|Lilligant-Hisui, F, shiny|100\/100\n|-activate|p1a: Bad Apple|move: Sticky Web\n|-unboost|p1a: Bad Apple|spe|1\n|move|p2a: Sheldon|Shell Smash|p2a: Sheldon\n|-unboost|p2a: Sheldon|def|1\n|-unboost|p2a: Sheldon|spd|1\n|-boost|p2a: Sheldon|atk|2\n|-boost|p2a: Sheldon|spa|2\n|-boost|p2a: Sheldon|spe|2\n|-enditem|p2a: Sheldon|White Herb\n|-clearnegativeboost|p2a: Sheldon|[silent]\n|\n|upkeep\n|turn|13\n|\n|t:|1700710281\n|move|p2a: Sheldon|Ice Beam|p1a: Bad Apple\n|-supereffective|p1a: Bad Apple\n|-damage|p1a: Bad Apple|0 fnt\n|faint|p1a: Bad Apple\n|\n|upkeep\n|-message|conkzilla forfeited.\n|\n|win|LimeyAce\n|l|\u2606conkzilla\n","uploadtime":1700710292,"views":2,"p1id":"conkzilla","p2id":"limeyace","formatid":"gen9nationaldex","rating":0,"private":0,"password":""}