{"id":"gen9nationaldex-1988346012","p1":"Makitoooooooomisto","p2":"I'm papita","format":"[Gen 9] National Dex","log":"|j|\u2606Makitoooooooomisto\n|j|\u2606I'm papita\n|t:|1699711835\n|gametype|singles\n|player|p1|Makitoooooooomisto|steven|1040\n|player|p2|I'm papita|volo|1121\n|teamsize|p1|6\n|teamsize|p2|6\n|gen|9\n|tier|[Gen 9] National Dex\n|rated|\n|rule|HP Percentage Mod: HP is shown in percentages\n|rule|Endless Battle Clause: Forcing endless battles is banned\n|rule|OHKO Clause: OHKO moves are banned\n|rule|Evasion Clause: Evasion abilities, items, and moves are banned\n|rule|Evasion Abilities Clause: Evasion abilities are banned\n|rule|Evasion Items Clause: Evasion items are banned\n|rule|Evasion Moves Clause: Evasion moves are banned\n|rule|Species Clause: Limit one of each Pok\u00e9mon\n|rule|Sleep Clause Mod: Limit one foe put to sleep\n|clearpoke\n|poke|p1|Charizard, M|\n|poke|p1|Hoopa-Unbound|\n|poke|p1|Incineroar, M|\n|poke|p1|Swampert, M|\n|poke|p1|Zoroark-Hisui, F|\n|poke|p1|Garchomp, M|\n|poke|p2|Feraligatr, F|\n|poke|p2|Banette, M|\n|poke|p2|Porygon-Z|\n|poke|p2|Clodsire, M|\n|poke|p2|Orthworm, M|\n|poke|p2|Sableye, F|\n|teampreview\n|\n|t:|1699711866\n|start\n|switch|p1a: Garchomp|Garchomp, M, shiny|100\/100\n|switch|p2a: Sableye|Sableye, F, shiny|100\/100\n|turn|1\n|\n|t:|1699711877\n|move|p2a: Sableye|Reflect|p2a: Sableye\n|-sidestart|p2: I'm papita|Reflect\n|move|p1a: Garchomp|Earthquake|p2a: Sableye\n|-damage|p2a: Sableye|73\/100\n|\n|upkeep\n|turn|2\n|\n|t:|1699711884\n|move|p2a: Sableye|Light Screen|p2a: Sableye\n|-sidestart|p2: I'm papita|move: Light Screen\n|move|p1a: Garchomp|Earthquake|p2a: Sableye\n|-damage|p2a: Sableye|47\/100\n|\n|upkeep\n|turn|3\n|\n|t:|1699711891\n|move|p1a: Garchomp|Earthquake|p2a: Sableye\n|-damage|p2a: Sableye|19\/100\n|move|p2a: Sableye|Knock Off|p1a: Garchomp\n|-damage|p1a: Garchomp|84\/100\n|-damage|p2a: Sableye|7\/100|[from] ability: Rough Skin|[of] p1a: Garchomp\n|\n|upkeep\n|turn|4\n|\n|t:|1699711911\n|switch|p2a: Orthworm|Orthworm, M|100\/100\n|move|p1a: Garchomp|Earthquake|p2a: Orthworm\n|-immune|p2a: Orthworm|[from] ability: Earth Eater\n|\n|upkeep\n|turn|5\n|\n|t:|1699711930\n|move|p1a: Garchomp|Fire Blast|p2a: Orthworm\n|-supereffective|p2a: Orthworm\n|-damage|p2a: Orthworm|59\/100\n|move|p2a: Orthworm|Iron Defense|p2a: Orthworm\n|-boost|p2a: Orthworm|def|2\n|\n|-heal|p2a: Orthworm|65\/100|[from] item: Leftovers\n|upkeep\n|turn|6\n|\n|t:|1699711943\n|detailschange|p1a: Garchomp|Garchomp-Mega, M, shiny\n|-mega|p1a: Garchomp|Garchomp|Garchompite\n|move|p1a: Garchomp|Draco Meteor|p2a: Orthworm\n|-resisted|p2a: Orthworm\n|-damage|p2a: Orthworm|41\/100\n|-unboost|p1a: Garchomp|spa|2\n|move|p2a: Orthworm|Iron Head|p1a: Garchomp\n|-damage|p1a: Garchomp|57\/100\n|\n|-heal|p2a: Orthworm|47\/100|[from] item: Leftovers\n|upkeep\n|turn|7\n|\n|t:|1699711957\n|move|p1a: Garchomp|Draco Meteor|p2a: Orthworm\n|-resisted|p2a: Orthworm\n|-damage|p2a: Orthworm|36\/100\n|-unboost|p1a: Garchomp|spa|2\n|move|p2a: Orthworm|Stealth Rock|p1a: Garchomp\n|-sidestart|p1: Makitoooooooomisto|move: Stealth Rock\n|\n|-heal|p2a: Orthworm|42\/100|[from] item: Leftovers\n|upkeep\n|turn|8\n|\n|t:|1699711980\n|move|p1a: Garchomp|Fire Blast|p2a: Orthworm\n|-supereffective|p2a: Orthworm\n|-damage|p2a: Orthworm|22\/100\n|-status|p2a: Orthworm|brn\n|move|p2a: Orthworm|Iron Head|p1a: Garchomp\n|-crit|p1a: Garchomp\n|-damage|p1a: Garchomp|38\/100\n|\n|-heal|p2a: Orthworm|28\/100 brn|[from] item: Leftovers\n|-damage|p2a: Orthworm|22\/100 brn|[from] brn\n|-sideend|p2: I'm papita|Reflect\n|upkeep\n|turn|9\n|inactive|Battle timer is ON: inactive players will automatically lose when time's up. (requested by I'm papita)\n|\n|t:|1699712001\n|switch|p2a: Feraligatr|Feraligatr, F, shiny|100\/100\n|move|p1a: Garchomp|Draco Meteor|p2a: Feraligatr\n|-damage|p2a: Feraligatr|90\/100\n|-unboost|p1a: Garchomp|spa|2\n|\n|-sideend|p2: I'm papita|move: Light Screen\n|upkeep\n|turn|10\n|\n|t:|1699712014\n|switch|p1a: Incineroar|Incineroar, M, shiny|100\/100\n|-damage|p1a: Incineroar|75\/100|[from] Stealth Rock\n|move|p2a: Feraligatr|Dragon Dance|p2a: Feraligatr\n|-boost|p2a: Feraligatr|atk|1\n|-boost|p2a: Feraligatr|spe|1\n|\n|upkeep\n|turn|11\n|\n|t:|1699712025\n|move|p2a: Feraligatr|Dragon Dance|p2a: Feraligatr\n|-boost|p2a: Feraligatr|atk|1\n|-boost|p2a: Feraligatr|spe|1\n|move|p1a: Incineroar|Crunch|p2a: Feraligatr\n|-damage|p2a: Feraligatr|45\/100\n|\n|upkeep\n|turn|12\n|\n|t:|1699712032\n|move|p2a: Feraligatr|Liquidation|p1a: Incineroar\n|-supereffective|p1a: Incineroar\n|-damage|p1a: Incineroar|0 fnt\n|faint|p1a: Incineroar\n|\n|upkeep\n|\n|t:|1699712052\n|switch|p1a: Swampert|Swampert, M|100\/100\n|-damage|p1a: Swampert|94\/100|[from] Stealth Rock\n|turn|13\n|\n|t:|1699712080\n|-terastallize|p2a: Feraligatr|Water\n|move|p2a: Feraligatr|Liquidation|p1a: Swampert\n|-damage|p1a: Swampert|0 fnt\n|faint|p1a: Swampert\n|\n|upkeep\n|\n|t:|1699712087\n|switch|p1a: Hoopa|Hoopa-Unbound|100\/100\n|-damage|p1a: Hoopa|88\/100|[from] Stealth Rock\n|turn|14\n|\n|t:|1699712101\n|-terastallize|p1a: Hoopa|Psychic\n|move|p2a: Feraligatr|Liquidation|p1a: Hoopa\n|-damage|p1a: Hoopa|0 fnt\n|replace|p1a: Zoroark|Zoroark-Hisui, F, shiny\n|-end|p1a: Zoroark|Illusion\n|faint|p1a: Zoroark\n|\n|upkeep\n|\n|t:|1699712114\n|switch|p1a: Garchomp|Garchomp-Mega, M, shiny|38\/100\n|-damage|p1a: Garchomp|32\/100|[from] Stealth Rock\n|turn|15\n|l|\u2606I'm papita\n|inactive|I'm papita disconnected and has a minute to reconnect!\n|player|p2|\n|j|\u2606I'm papita\n|inactive|I'm papita reconnected and has 135 seconds left.\n|player|p2|I'm papita|volo\n|\n|t:|1699712145\n|move|p2a: Feraligatr|Ice Punch|p1a: Garchomp\n|-supereffective|p1a: Garchomp\n|-damage|p1a: Garchomp|0 fnt\n|faint|p1a: Garchomp\n|\n|upkeep\n|\n|t:|1699712157\n|switch|p1a: Charizard|Charizard, M, shiny|100\/100\n|-damage|p1a: Charizard|51\/100|[from] Stealth Rock\n|turn|16\n|\n|t:|1699712165\n|move|p2a: Feraligatr|Liquidation|p1a: Charizard\n|-supereffective|p1a: Charizard\n|-damage|p1a: Charizard|0 fnt\n|faint|p1a: Charizard\n|\n|upkeep\n|\n|t:|1699712172\n|switch|p1a: Hoopa|Hoopa-Unbound|100\/100\n|-damage|p1a: Hoopa|88\/100|[from] Stealth Rock\n|turn|17\n|\n|t:|1699712180\n|move|p2a: Feraligatr|Crunch|p1a: Hoopa\n|-damage|p1a: Hoopa|0 fnt\n|faint|p1a: Hoopa\n|\n|win|I'm papita\n|raw|Makitoooooooomisto's rating: 1040 &rarr; <strong>1028<\/strong><br \/>(-12 for losing)\n|raw|I&apos;m papita's rating: 1121 &rarr; <strong>1140<\/strong><br \/>(+19 for winning)\n|c|\u2606I'm papita|gg\n","uploadtime":1699712187,"views":4,"p1id":"makitoooooooomisto","p2id":"impapita","formatid":"gen9nationaldex","rating":1028,"private":0,"password":""}