{"id":"gen9nationaldex-1999660520","p1":"ColonialHelmet","p2":"PikaPlayer1001000","format":"[Gen 9] National Dex","log":"|html|<div class=\"broadcast-blue\"><strong>[Gen 9] National Dex is currently suspecting Sneasler! For information on how to participate check out the <a href=\"https:\/\/www.smogon.com\/forums\/threads\/sv-national-dex-suspect-8-just-dance.3731534\/\">suspect thread<\/a>.<\/strong><\/div>\n|j|\u2606ColonialHelmet\n|j|\u2606PikaPlayer1001000\n|t:|1701105493\n|gametype|singles\n|player|p1|ColonialHelmet|170|1076\n|player|p2|PikaPlayer1001000|101|1178\n|teamsize|p1|6\n|teamsize|p2|6\n|gen|9\n|tier|[Gen 9] National Dex\n|rated|\n|rule|HP Percentage Mod: HP is shown in percentages\n|rule|Endless Battle Clause: Forcing endless battles is banned\n|rule|OHKO Clause: OHKO moves are banned\n|rule|Evasion Clause: Evasion abilities, items, and moves are banned\n|rule|Evasion Abilities Clause: Evasion abilities are banned\n|rule|Evasion Items Clause: Evasion items are banned\n|rule|Evasion Moves Clause: Evasion moves are banned\n|rule|Species Clause: Limit one of each Pok\u00e9mon\n|rule|Sleep Clause Mod: Limit one foe put to sleep\n|clearpoke\n|poke|p1|Snorlax, M|\n|poke|p1|Greedent, M|\n|poke|p1|Porygon2|\n|poke|p1|Miltank, F|\n|poke|p1|Wigglytuff, F|\n|poke|p1|Ditto|\n|poke|p2|Chatot, M|\n|poke|p2|Mawile, F|\n|poke|p2|Ninetales-Alola, M|\n|poke|p2|Ribombee, M|\n|poke|p2|Pawmot, M|\n|poke|p2|Excadrill, M|\n|teampreview\n|inactive|Battle timer is ON: inactive players will automatically lose when time's up. (requested by ColonialHelmet)\n|inactive|PikaPlayer1001000 has 120 seconds left.\n|\n|t:|1701105544\n|start\n|switch|p1a: Greedent|Greedent, M|100\/100\n|switch|p2a: Excadrill|Excadrill, M|100\/100\n|-ability|p2a: Excadrill|Mold Breaker\n|turn|1\n|\n|t:|1701105552\n|move|p2a: Excadrill|Stealth Rock|p1a: Greedent\n|-sidestart|p1: ColonialHelmet|move: Stealth Rock\n|move|p1a: Greedent|Belly Drum|p1a: Greedent\n|-damage|p1a: Greedent|51\/100\n|-setboost|p1a: Greedent|atk|6|[from] move: Belly Drum\n|\n|upkeep\n|turn|2\n|\n|t:|1701105571\n|move|p2a: Excadrill|Earthquake|p1a: Greedent\n|-damage|p1a: Greedent|3\/100\n|-enditem|p1a: Greedent|Sitrus Berry|[eat]\n|-heal|p1a: Greedent|28\/100|[from] item: Sitrus Berry\n|-heal|p1a: Greedent|62\/100|[from] ability: Cheek Pouch\n|move|p1a: Greedent|Bullet Seed|p2a: Excadrill\n|-damage|p2a: Excadrill|67\/100\n|-damage|p2a: Excadrill|30\/100\n|-damage|p2a: Excadrill|0 fnt\n|faint|p2a: Excadrill\n|-hitcount|p2: Excadrill|3\n|\n|upkeep\n|\n|t:|1701105579\n|switch|p2a: Mawile|Mawile, F|100\/100\n|turn|3\n|\n|t:|1701105586\n|detailschange|p2a: Mawile|Mawile-Mega, F\n|-mega|p2a: Mawile|Mawile|Mawilite\n|move|p2a: Mawile|Iron Head|p1a: Greedent\n|-damage|p1a: Greedent|0 fnt\n|faint|p1a: Greedent\n|\n|upkeep\n|\n|t:|1701105595\n|switch|p1a: Snorlax|Snorlax, M|100\/100\n|-damage|p1a: Snorlax|88\/100|[from] Stealth Rock\n|turn|4\n|\n|t:|1701105609\n|move|p2a: Mawile|Iron Head|p1a: Snorlax\n|-damage|p1a: Snorlax|34\/100\n|-enditem|p1a: Snorlax|Sitrus Berry|[eat]\n|-heal|p1a: Snorlax|59\/100|[from] item: Sitrus Berry\n|move|p1a: Snorlax|Heat Crash|p2a: Mawile\n|-supereffective|p2a: Mawile\n|-damage|p2a: Mawile|40\/100\n|\n|upkeep\n|turn|5\n|\n|t:|1701105617\n|move|p2a: Mawile|Play Rough|p1a: Snorlax\n|-damage|p1a: Snorlax|5\/100\n|move|p1a: Snorlax|Heat Crash|p2a: Mawile\n|-supereffective|p2a: Mawile\n|-damage|p2a: Mawile|0 fnt\n|faint|p2a: Mawile\n|\n|upkeep\n|\n|t:|1701105621\n|switch|p2a: Pawmot|Pawmot, M|100\/100\n|turn|6\n|\n|t:|1701105626\n|move|p2a: Pawmot|Mach Punch|p1a: Snorlax\n|-supereffective|p1a: Snorlax\n|-damage|p1a: Snorlax|0 fnt\n|faint|p1a: Snorlax\n|\n|upkeep\n|\n|t:|1701105636\n|switch|p1a: Porygon2|Porygon2|100\/100\n|-damage|p1a: Porygon2|88\/100|[from] Stealth Rock\n|turn|7\n|inactive|PikaPlayer1001000 has 120 seconds left.\n|\n|t:|1701105677\n|-terastallize|p1a: Porygon2|Ghost\n|move|p2a: Pawmot|Revival Blessing|p2a: Pawmot\n|-enditem|p2a: Pawmot|Leppa Berry|[eat]\n|-activate|p2a: Pawmot|item: Leppa Berry|Revival Blessing|[consumed]\n|\n|t:|1701105679\n|-heal|p2: Mawile|50\/100|[from] move: Revival Blessing\n|move|p1a: Porygon2|Charge Beam|p2a: Pawmot\n|-immune|p2a: Pawmot|[from] ability: Volt Absorb\n|\n|upkeep\n|turn|8\n|inactive|PikaPlayer1001000 has 120 seconds left.\n|\n|t:|1701105689\n|-terastallize|p2a: Pawmot|Electric\n|move|p2a: Pawmot|Double Shock|p1a: Porygon2\n|-damage|p1a: Porygon2|39\/100\n|-start|p2a: Pawmot|typechange|Electric|[from] move: Double Shock\n|move|p1a: Porygon2|Ice Beam|p2a: Pawmot\n|-damage|p2a: Pawmot|40\/100\n|\n|upkeep\n|turn|9\n|\n|t:|1701105697\n|move|p2a: Pawmot|Double Shock|p1a: Porygon2\n|-damage|p1a: Porygon2|0 fnt\n|-start|p2a: Pawmot|typechange|Electric|[from] move: Double Shock\n|faint|p1a: Porygon2\n|\n|upkeep\n|\n|t:|1701105705\n|switch|p1a: Miltank|Miltank, F|100\/100\n|-damage|p1a: Miltank|88\/100|[from] Stealth Rock\n|turn|10\n|inactive|PikaPlayer1001000 has 120 seconds left.\n|inactive|PikaPlayer1001000 has 90 seconds left.\n|\n|t:|1701105775\n|move|p2a: Pawmot|Close Combat|p1a: Miltank\n|-supereffective|p1a: Miltank\n|-damage|p1a: Miltank|0 fnt\n|-unboost|p2a: Pawmot|def|1\n|-unboost|p2a: Pawmot|spd|1\n|faint|p1a: Miltank\n|\n|upkeep\n|\n|t:|1701105781\n|switch|p1a: Wigglytuff|Wigglytuff, F|100\/100\n|-damage|p1a: Wigglytuff|88\/100|[from] Stealth Rock\n|turn|11\n|inactive|PikaPlayer1001000 has 60 seconds left.\n|\n|t:|1701105840\n|move|p2a: Pawmot|Double Shock|p1a: Wigglytuff\n|-damage|p1a: Wigglytuff|16\/100\n|-start|p2a: Pawmot|typechange|Electric|[from] move: Double Shock\n|move|p1a: Wigglytuff|Body Press|p2a: Pawmot\n|-damage|p2a: Pawmot|2\/100\n|\n|-heal|p1a: Wigglytuff|22\/100|[from] item: Leftovers\n|upkeep\n|turn|12\n|\n|t:|1701105850\n|switch|p2a: Mawile|Mawile-Mega, F|50\/100\n|move|p1a: Wigglytuff|Body Press|p2a: Mawile\n|-damage|p2a: Mawile|35\/100\n|\n|-heal|p1a: Wigglytuff|28\/100|[from] item: Leftovers\n|upkeep\n|turn|13\n|\n|t:|1701105857\n|move|p2a: Mawile|Iron Head|p1a: Wigglytuff\n|-supereffective|p1a: Wigglytuff\n|-damage|p1a: Wigglytuff|0 fnt\n|faint|p1a: Wigglytuff\n|\n|upkeep\n|\n|t:|1701105862\n|switch|p1a: Ditto|Ditto|100\/100\n|-transform|p1a: Ditto|p2a: Mawile|[from] ability: Imposter\n|turn|14\n|inactive|PikaPlayer1001000 has 60 seconds left.\n|\n|t:|1701105869\n|move|p1a: Ditto|Sucker Punch||[still]\n|-fail|p1a: Ditto\n|move|p2a: Mawile|Swords Dance|p2a: Mawile\n|-boost|p2a: Mawile|atk|2\n|\n|upkeep\n|turn|15\n|\n|t:|1701105875\n|move|p1a: Ditto|Iron Head|p2a: Mawile\n|-damage|p2a: Mawile|0 fnt\n|faint|p2a: Mawile\n|\n|upkeep\n|\n|t:|1701105880\n|switch|p2a: Ninetales|Ninetales-Alola, M|100\/100\n|-weather|Snow|[from] ability: Snow Warning|[of] p2a: Ninetales\n|turn|16\n|\n|t:|1701105884\n|move|p2a: Ninetales|Aurora Veil|p2a: Ninetales\n|-sidestart|p2: PikaPlayer1001000|move: Aurora Veil\n|move|p1a: Ditto|Swords Dance|p1a: Ditto\n|-boost|p1a: Ditto|atk|2\n|\n|-weather|Snow|[upkeep]\n|upkeep\n|turn|17\n|\n|t:|1701105889\n|move|p2a: Ninetales|Hypnosis|p1a: Ditto\n|-status|p1a: Ditto|slp|[from] move: Hypnosis\n|cant|p1a: Ditto|slp\n|\n|-weather|Snow|[upkeep]\n|upkeep\n|turn|18\n|\n|t:|1701105895\n|move|p2a: Ninetales|Blizzard|p1a: Ditto\n|-resisted|p1a: Ditto\n|-damage|p1a: Ditto|72\/100 slp\n|-curestatus|p1a: Ditto|slp|[msg]\n|move|p1a: Ditto|Swords Dance|p1a: Ditto\n|-boost|p1a: Ditto|atk|2\n|\n|-weather|Snow|[upkeep]\n|upkeep\n|turn|19\n|\n|t:|1701105903\n|move|p2a: Ninetales|Blizzard|p1a: Ditto\n|-resisted|p1a: Ditto\n|-damage|p1a: Ditto|38\/100\n|move|p1a: Ditto|Iron Head|p2a: Ninetales\n|-supereffective|p2a: Ninetales\n|-damage|p2a: Ninetales|0 fnt\n|faint|p2a: Ninetales\n|\n|-weather|Snow|[upkeep]\n|upkeep\n|\n|t:|1701105909\n|switch|p2a: Pawmot|Pawmot, M, tera:Electric|2\/100\n|turn|20\n|\n|t:|1701105914\n|move|p1a: Ditto|Sucker Punch||[still]\n|-fail|p1a: Ditto\n|move|p2a: Pawmot|Revival Blessing|p2a: Pawmot\n|\n|t:|1701105918\n|-heal|p2: Mawile|50\/100|[from] move: Revival Blessing\n|\n|-weather|none\n|upkeep\n|turn|21\n|\n|t:|1701105921\n|move|p2a: Pawmot|Mach Punch|p1a: Ditto\n|-damage|p1a: Ditto|16\/100\n|move|p1a: Ditto|Sucker Punch||[still]\n|-fail|p1a: Ditto\n|\n|upkeep\n|turn|22\n|\n|t:|1701105926\n|move|p2a: Pawmot|Mach Punch|p1a: Ditto\n|-damage|p1a: Ditto|0 fnt\n|faint|p1a: Ditto\n|\n|win|PikaPlayer1001000\n|raw|ColonialHelmet's rating: 1076 &rarr; <strong>1060<\/strong><br \/>(-16 for losing)\n|raw|PikaPlayer1001000's rating: 1169 &rarr; <strong>1187<\/strong><br \/>(+18 for winning)\n|l|\u2606ColonialHelmet\n","uploadtime":1701105981,"views":6,"p1id":"colonialhelmet","p2id":"pikaplayer1001000","formatid":"gen9nationaldex","rating":1060,"private":0,"password":""}