{"id":"gen9nationaldex-1992455331","p1":"daniel241595","p2":"cbbab","format":"[Gen 9] National Dex","log":"|j|\u2606daniel241595\n|j|\u2606cbbab\n|t:|1700189667\n|gametype|singles\n|player|p1|daniel241595|gambler|1534\n|player|p2|cbbab|169|1554\n|teamsize|p1|6\n|teamsize|p2|6\n|gen|9\n|tier|[Gen 9] National Dex\n|rated|\n|rule|HP Percentage Mod: HP is shown in percentages\n|rule|Endless Battle Clause: Forcing endless battles is banned\n|rule|OHKO Clause: OHKO moves are banned\n|rule|Evasion Clause: Evasion abilities, items, and moves are banned\n|rule|Evasion Abilities Clause: Evasion abilities are banned\n|rule|Evasion Items Clause: Evasion items are banned\n|rule|Evasion Moves Clause: Evasion moves are banned\n|rule|Species Clause: Limit one of each Pok\u00e9mon\n|rule|Sleep Clause Mod: Limit one foe put to sleep\n|clearpoke\n|poke|p1|Arcanine, M|\n|poke|p1|Flygon, F|\n|poke|p1|Empoleon, M|\n|poke|p1|Eelektross, F|\n|poke|p1|Florges, F|\n|poke|p1|Kleavor, M|\n|poke|p2|Rillaboom, F|\n|poke|p2|Sneasler, M|\n|poke|p2|Ogerpon-Wellspring, F|\n|poke|p2|Heatran, M|\n|poke|p2|Diancie|\n|poke|p2|Landorus-Therian, M|\n|teampreview\n|inactive|Battle timer is ON: inactive players will automatically lose when time's up. (requested by cbbab)\n|inactive|daniel241595 has 120 seconds left.\n|\n|t:|1700189722\n|start\n|switch|p1a: Empoleon|Empoleon, M|100\/100\n|switch|p2a: Rillaboom|Rillaboom, F|100\/100\n|-fieldstart|move: Grassy Terrain|[from] ability: Grassy Surge|[of] p2a: Rillaboom\n|turn|1\n|\n|t:|1700189732\n|-terastallize|p2a: Rillaboom|Grass\n|move|p2a: Rillaboom|Wood Hammer|p1a: Empoleon\n|-damage|p1a: Empoleon|0 fnt\n|faint|p1a: Empoleon\n|-damage|p2a: Rillaboom|64\/100|[from] Recoil\n|\n|-heal|p2a: Rillaboom|71\/100|[from] Grassy Terrain\n|upkeep\n|\n|t:|1700189746\n|switch|p1a: Kleavor|Kleavor, M|100\/100\n|turn|2\n|\n|t:|1700189755\n|switch|p2a: Landorus|Landorus-Therian, M, shiny|100\/100\n|-ability|p2a: Landorus|Intimidate|boost\n|-unboost|p1a: Kleavor|atk|1\n|move|p1a: Kleavor|U-turn|p2a: Landorus\n|-resisted|p2a: Landorus\n|-damage|p2a: Landorus|86\/100\n|inactive|daniel241595 has 120 seconds left.\n|\n|t:|1700189799\n|switch|p1a: Flygon|Flygon, F|100\/100|[from] U-turn\n|\n|upkeep\n|turn|3\n|\n|t:|1700189822\n|switch|p2a: Heatran|Heatran, M, shiny|100\/100\n|move|p1a: Flygon|Dragon Dance|p1a: Flygon\n|-boost|p1a: Flygon|atk|1\n|-boost|p1a: Flygon|spe|1\n|\n|upkeep\n|turn|4\n|inactive|daniel241595 has 120 seconds left.\n|\n|t:|1700189833\n|switch|p2a: Landorus|Landorus-Therian, M, shiny|86\/100\n|-ability|p2a: Landorus|Intimidate|boost\n|-unboost|p1a: Flygon|atk|1\n|move|p1a: Flygon|Dragon Dance|p1a: Flygon\n|-boost|p1a: Flygon|atk|1\n|-boost|p1a: Flygon|spe|1\n|\n|upkeep\n|turn|5\n|\n|t:|1700189840\n|move|p1a: Flygon|Dragon Dance|p1a: Flygon\n|-boost|p1a: Flygon|atk|1\n|-boost|p1a: Flygon|spe|1\n|-zpower|p2a: Landorus\n|move|p2a: Landorus|Supersonic Skystrike|p1a: Flygon|[zeffect]\n|-damage|p1a: Flygon|0 fnt\n|faint|p1a: Flygon\n|\n|-fieldend|move: Grassy Terrain\n|upkeep\n|inactive|daniel241595 has 120 seconds left.\n|\n|t:|1700189852\n|switch|p1a: Kleavor|Kleavor, M|100\/100\n|turn|6\n|\n|t:|1700189856\n|switch|p2a: Rillaboom|Rillaboom, F, tera:Grass|71\/100\n|-fieldstart|move: Grassy Terrain|[from] ability: Grassy Surge|[of] p2a: Rillaboom\n|move|p1a: Kleavor|Stone Axe|p2a: Rillaboom\n|-damage|p2a: Rillaboom|14\/100\n|-sidestart|p2: cbbab|move: Stealth Rock\n|\n|-heal|p2a: Rillaboom|20\/100|[from] Grassy Terrain\n|upkeep\n|turn|7\n|\n|t:|1700189865\n|switch|p1a: Arcanine|Arcanine, M, shiny|100\/100\n|-ability|p1a: Arcanine|Intimidate|boost\n|-unboost|p2a: Rillaboom|atk|1\n|move|p2a: Rillaboom|Grassy Glide|p1a: Arcanine\n|-resisted|p1a: Arcanine\n|-damage|p1a: Arcanine|73\/100\n|\n|-heal|p2a: Rillaboom|27\/100|[from] Grassy Terrain\n|-heal|p1a: Arcanine|79\/100|[from] Grassy Terrain\n|upkeep\n|turn|8\n|\n|t:|1700189875\n|switch|p2a: Landorus|Landorus-Therian, M, shiny|86\/100\n|-damage|p2a: Landorus|74\/100|[from] Stealth Rock\n|-ability|p2a: Landorus|Intimidate|boost\n|-unboost|p1a: Arcanine|atk|1\n|switch|p1a: Kleavor|Kleavor, M|100\/100\n|\n|upkeep\n|turn|9\n|\n|t:|1700189881\n|move|p1a: Kleavor|Stone Axe|p2a: Landorus\n|-damage|p2a: Landorus|13\/100\n|move|p2a: Landorus|Defog|p1a: Kleavor\n|-unboost|p1a: Kleavor|evasion|1\n|-sideend|p2: cbbab|Stealth Rock|[from] move: Defog|[of] p2a: Landorus\n|-fieldend|move: Grassy Terrain\n|\n|upkeep\n|turn|10\n|\n|t:|1700189895\n|move|p1a: Kleavor|Stone Axe|p2a: Landorus\n|-damage|p2a: Landorus|0 fnt\n|-sidestart|p2: cbbab|move: Stealth Rock\n|faint|p2a: Landorus\n|\n|upkeep\n|inactive|cbbab has 120 seconds left.\n|\n|t:|1700189921\n|switch|p2a: Ogerpon|Ogerpon-Wellspring, F|100\/100\n|-damage|p2a: Ogerpon|88\/100|[from] Stealth Rock\n|turn|11\n|l|\u2606cbbab\n|inactive|cbbab disconnected and has a minute to reconnect!\n|player|p2|\n|\n|t:|1700189939\n|move|p1a: Kleavor|Stone Axe|p2a: Ogerpon\n|-damage|p2a: Ogerpon|19\/100\n|move|p2a: Ogerpon|Horn Leech|p1a: Kleavor\n|-damage|p1a: Kleavor|46\/100\n|-heal|p2a: Ogerpon|45\/100|[from] drain|[of] p1a: Kleavor\n|\n|upkeep\n|turn|12\n|j|\u2606cbbab\n|inactive|cbbab reconnected and has 130 seconds left.\n|player|p2|cbbab|169\n|inactive|cbbab has 120 seconds left.\n|l|\u2606cbbab\n|inactive|cbbab disconnected and has a minute to reconnect!\n|player|p2|\n|j|\u2606cbbab\n|inactive|cbbab reconnected and has 95 seconds left.\n|player|p2|cbbab|169\n|inactive|cbbab has 90 seconds left.\n|\n|t:|1700190003\n|switch|p2a: Diancie|Diancie|100\/100\n|-damage|p2a: Diancie|88\/100|[from] Stealth Rock\n|move|p1a: Kleavor|Stone Axe|p2a: Diancie\n|-damage|p2a: Diancie|30\/100\n|\n|upkeep\n|turn|13\n|\n|t:|1700190013\n|move|p1a: Kleavor|Stone Axe|p2a: Diancie\n|-damage|p2a: Diancie|0 fnt\n|faint|p2a: Diancie\n|\n|upkeep\n|\n|t:|1700190041\n|switch|p2a: Heatran|Heatran, M, shiny|100\/100\n|-damage|p2a: Heatran|88\/100|[from] Stealth Rock\n|turn|14\n|\n|t:|1700190058\n|switch|p1a: Eelektross|Eelektross, F|100\/100\n|move|p2a: Heatran|Earth Power|p1a: Eelektross\n|-immune|p1a: Eelektross|[from] ability: Levitate\n|\n|-heal|p2a: Heatran|94\/100|[from] item: Leftovers\n|upkeep\n|turn|15\n|inactive|cbbab has 60 seconds left.\n|\n|t:|1700190079\n|move|p2a: Heatran|Magma Storm|p1a: Eelektross\n|-damage|p1a: Eelektross|67\/100\n|-activate|p1a: Eelektross|move: Magma Storm|[of] p2a: Heatran\n|move|p1a: Eelektross|Volt Switch|p2a: Heatran\n|-damage|p2a: Heatran|72\/100\n|\n|t:|1700190082\n|switch|p1a: Arcanine|Arcanine, M, shiny|79\/100|[from] Volt Switch\n|-ability|p1a: Arcanine|Intimidate|boost\n|-unboost|p2a: Heatran|atk|1\n|\n|-heal|p2a: Heatran|78\/100|[from] item: Leftovers\n|upkeep\n|turn|16\n|\n|t:|1700190088\n|move|p1a: Arcanine|Close Combat|p2a: Heatran\n|-supereffective|p2a: Heatran\n|-damage|p2a: Heatran|0 fnt\n|-unboost|p1a: Arcanine|def|1\n|-unboost|p1a: Arcanine|spd|1\n|faint|p2a: Heatran\n|\n|upkeep\n|\n|t:|1700190096\n|switch|p2a: Ogerpon|Ogerpon-Wellspring, F|45\/100\n|-damage|p2a: Ogerpon|33\/100|[from] Stealth Rock\n|turn|17\n|inactive|daniel241595 has 120 seconds left.\n|\n|t:|1700190133\n|switch|p1a: Eelektross|Eelektross, F|67\/100\n|move|p2a: Ogerpon|Ivy Cudgel|p1a: Eelektross|[anim] Ivy Cudgel Water\n|-damage|p1a: Eelektross|0 fnt\n|faint|p1a: Eelektross\n|\n|upkeep\n|\n|t:|1700190135\n|switch|p1a: Kleavor|Kleavor, M|46\/100\n|turn|18\n|inactive|cbbab has 90 seconds left.\n|inactive|daniel241595 has 120 seconds left.\n|\n|t:|1700190150\n|move|p1a: Kleavor|U-turn|p2a: Ogerpon\n|-supereffective|p2a: Ogerpon\n|-damage|p2a: Ogerpon|0 fnt\n|faint|p2a: Ogerpon\n|\n|t:|1700190153\n|switch|p1a: Arcanine|Arcanine, M, shiny|79\/100|[from] U-turn\n|\n|upkeep\n|\n|t:|1700190157\n|switch|p2a: Rillaboom|Rillaboom, F, tera:Grass|27\/100\n|-damage|p2a: Rillaboom|14\/100|[from] Stealth Rock\n|-fieldstart|move: Grassy Terrain|[from] ability: Grassy Surge|[of] p2a: Rillaboom\n|turn|19\n|\n|t:|1700190168\n|move|p1a: Arcanine|Extreme Speed|p2a: Rillaboom\n|-damage|p2a: Rillaboom|0 fnt\n|faint|p2a: Rillaboom\n|\n|-heal|p1a: Arcanine|85\/100|[from] Grassy Terrain\n|upkeep\n|\n|t:|1700190172\n|switch|p2a: Sneasler|Sneasler, M|100\/100\n|-damage|p2a: Sneasler|95\/100|[from] Stealth Rock\n|-enditem|p2a: Sneasler|Grassy Seed\n|-boost|p2a: Sneasler|def|1|[from] item: Grassy Seed\n|turn|20\n|\n|t:|1700190182\n|move|p1a: Arcanine|Extreme Speed|p2a: Sneasler\n|-damage|p2a: Sneasler|47\/100\n|move|p2a: Sneasler|Swords Dance|p2a: Sneasler\n|-boost|p2a: Sneasler|atk|2\n|\n|-heal|p2a: Sneasler|53\/100|[from] Grassy Terrain\n|-heal|p1a: Arcanine|91\/100|[from] Grassy Terrain\n|upkeep\n|turn|21\n|inactive|daniel241595 has 120 seconds left.\n|\n|t:|1700190204\n|switch|p1a: Kleavor|Kleavor, M|46\/100\n|move|p2a: Sneasler|Dire Claw|p1a: Kleavor\n|-resisted|p1a: Kleavor\n|-damage|p1a: Kleavor|0 fnt\n|faint|p1a: Kleavor\n|\n|-heal|p2a: Sneasler|59\/100|[from] Grassy Terrain\n|upkeep\n|\n|t:|1700190206\n|switch|p1a: Florges|Florges, F|100\/100\n|turn|22\n|\n|t:|1700190220\n|-terastallize|p1a: Florges|Steel\n|move|p2a: Sneasler|Dire Claw|p1a: Florges\n|-immune|p1a: Florges\n|move|p1a: Florges|Moonblast|p2a: Sneasler\n|-damage|p2a: Sneasler|8\/100\n|\n|-heal|p2a: Sneasler|14\/100|[from] Grassy Terrain\n|upkeep\n|turn|23\n|\n|t:|1700190225\n|move|p2a: Sneasler|Close Combat|p1a: Florges\n|-supereffective|p1a: Florges\n|-damage|p1a: Florges|0 fnt\n|-unboost|p2a: Sneasler|def|1\n|-unboost|p2a: Sneasler|spd|1\n|faint|p1a: Florges\n|\n|-heal|p2a: Sneasler|20\/100|[from] Grassy Terrain\n|-fieldend|move: Grassy Terrain\n|upkeep\n|\n|t:|1700190227\n|switch|p1a: Arcanine|Arcanine, M, shiny|91\/100\n|-ability|p1a: Arcanine|Intimidate|boost\n|-unboost|p2a: Sneasler|atk|1\n|turn|24\n|\n|t:|1700190233\n|move|p1a: Arcanine|Extreme Speed|p2a: Sneasler\n|-damage|p2a: Sneasler|0 fnt\n|faint|p2a: Sneasler\n|\n|win|daniel241595\n|raw|daniel241595's rating: 1534 &rarr; <strong>1555<\/strong><br \/>(+21 for winning)\n|raw|cbbab's rating: 1554 &rarr; <strong>1533<\/strong><br \/>(-21 for losing)\n","uploadtime":1700190240,"views":18,"p1id":"daniel241595","p2id":"cbbab","formatid":"gen9nationaldex","rating":1533,"private":0,"password":""}