{"id":"gen9nationaldex-1995110869","p1":"Wingman4477","p2":"AlastorTheOverlord","format":"[Gen 9] National Dex","log":"|html|<div class=\"broadcast-blue\"><strong>[Gen 9] National Dex is currently suspecting Sneasler! For information on how to participate check out the <a href=\"https:\/\/www.smogon.com\/forums\/threads\/sv-national-dex-suspect-8-just-dance.3731534\/\">suspect thread<\/a>.<\/strong><\/div>\n|j|\u2606Wingman4477\n|j|\u2606AlastorTheOverlord\n|t:|1700523738\n|gametype|singles\n|player|p1|Wingman4477|red|1110\n|player|p2|AlastorTheOverlord|n|1054\n|teamsize|p1|6\n|teamsize|p2|6\n|gen|9\n|tier|[Gen 9] National Dex\n|rated|\n|rule|HP Percentage Mod: HP is shown in percentages\n|rule|Endless Battle Clause: Forcing endless battles is banned\n|rule|OHKO Clause: OHKO moves are banned\n|rule|Evasion Clause: Evasion abilities, items, and moves are banned\n|rule|Evasion Abilities Clause: Evasion abilities are banned\n|rule|Evasion Items Clause: Evasion items are banned\n|rule|Evasion Moves Clause: Evasion moves are banned\n|rule|Species Clause: Limit one of each Pok\u00e9mon\n|rule|Sleep Clause Mod: Limit one foe put to sleep\n|clearpoke\n|poke|p1|Pikachu, M|\n|poke|p1|Charizard, M|\n|poke|p1|Greninja-*, M|\n|poke|p1|Sceptile, F|\n|poke|p1|Tyranitar, F|\n|poke|p1|Metagross|\n|poke|p2|Greninja-*, M|\n|poke|p2|Garchomp, M|\n|poke|p2|Chandelure, M|\n|poke|p2|Azumarill, M|\n|poke|p2|Aegislash, F|\n|poke|p2|Talonflame, M|\n|teampreview\n|inactive|Battle timer is ON: inactive players will automatically lose when time's up. (requested by AlastorTheOverlord)\n|inactive|Wingman4477 has 120 seconds left.\n|\n|t:|1700523772\n|start\n|switch|p1a: Charizard|Charizard, M|100\/100\n|switch|p2a: Talonflame|Talonflame, M|100\/100\n|turn|1\n|\n|t:|1700523777\n|detailschange|p1a: Charizard|Charizard-Mega-X, M\n|-mega|p1a: Charizard|Charizard|Charizardite X\n|move|p2a: Talonflame|Brave Bird|p1a: Charizard\n|-crit|p1a: Charizard\n|-damage|p1a: Charizard|36\/100\n|-damage|p2a: Talonflame|79\/100|[from] Recoil\n|move|p1a: Charizard|Ancient Power|p2a: Talonflame\n|-supereffective|p2a: Talonflame\n|-damage|p2a: Talonflame|0 fnt\n|faint|p2a: Talonflame\n|\n|upkeep\n|\n|t:|1700523795\n|switch|p2a: Chandelure|Chandelure, M|100\/100\n|turn|2\n|\n|t:|1700523809\n|move|p2a: Chandelure|Shadow Ball|p1a: Charizard\n|-damage|p1a: Charizard|0 fnt\n|faint|p1a: Charizard\n|\n|upkeep\n|\n|t:|1700523828\n|switch|p1a: Greninja|Greninja, M|100\/100\n|turn|3\n|\n|t:|1700523833\n|move|p2a: Chandelure|Shadow Ball|p1a: Greninja\n|-resisted|p1a: Greninja\n|-damage|p1a: Greninja|65\/100\n|-unboost|p1a: Greninja|spd|1\n|-zpower|p1a: Greninja\n|move|p1a: Greninja|Hydro Vortex|p2a: Chandelure|[zeffect]\n|-supereffective|p2a: Chandelure\n|-damage|p2a: Chandelure|0 fnt\n|faint|p2a: Chandelure\n|-ability|p1a: Greninja|Battle Bond|boost\n|-boost|p1a: Greninja|atk|1\n|-boost|p1a: Greninja|spa|1\n|-boost|p1a: Greninja|spe|1\n|-activate|p1a: Greninja|ability: Battle Bond\n|\n|upkeep\n|\n|t:|1700523853\n|switch|p2a: Aegislash|Aegislash, F|100\/100\n|turn|4\n|\n|t:|1700523879\n|-formechange|p2a: Aegislash|Aegislash-Blade||[from] ability: Stance Change\n|move|p2a: Aegislash|Shadow Sneak|p1a: Greninja\n|-resisted|p1a: Greninja\n|-damage|p1a: Greninja|46\/100\n|move|p1a: Greninja|Dark Pulse|p2a: Aegislash\n|-supereffective|p2a: Aegislash\n|-damage|p2a: Aegislash|0 fnt\n|faint|p2a: Aegislash\n|\n|upkeep\n|\n|t:|1700523888\n|switch|p2a: Azumarill|Azumarill, M|100\/100\n|turn|5\n|inactive|Wingman4477 has 120 seconds left.\n|\n|t:|1700523929\n|move|p1a: Greninja|Dark Pulse|p2a: Azumarill\n|-resisted|p2a: Azumarill\n|-damage|p2a: Azumarill|72\/100\n|move|p2a: Azumarill|Belly Drum|p2a: Azumarill\n|-damage|p2a: Azumarill|22\/100\n|-setboost|p2a: Azumarill|atk|6|[from] move: Belly Drum\n|-enditem|p2a: Azumarill|Sitrus Berry|[eat]\n|-heal|p2a: Azumarill|47\/100|[from] item: Sitrus Berry\n|\n|upkeep\n|turn|6\n|c|\u2606AlastorTheOverlord|Good game bro\n|inactive|Wingman4477 has 90 seconds left.\n|\n|t:|1700523970\n|move|p2a: Azumarill|Aqua Jet|p1a: Greninja\n|-resisted|p1a: Greninja\n|-damage|p1a: Greninja|0 fnt\n|faint|p1a: Greninja\n|\n|upkeep\n|inactive|Wingman4477 has 60 seconds left.\n|\n|t:|1700524014\n|switch|p1a: Sceptile|Sceptile, F|100\/100\n|turn|7\n|\n|t:|1700524020\n|move|p2a: Azumarill|Aqua Jet|p1a: Sceptile\n|-resisted|p1a: Sceptile\n|-damage|p1a: Sceptile|19\/100\n|move|p1a: Sceptile|Leaf Blade|p2a: Azumarill\n|-supereffective|p2a: Azumarill\n|-crit|p2a: Azumarill\n|-damage|p2a: Azumarill|0 fnt\n|faint|p2a: Azumarill\n|\n|upkeep\n|\n|t:|1700524026\n|switch|p2a: Greninja|Greninja, M|100\/100\n|turn|8\n|inactive|Wingman4477 has 60 seconds left.\n|\n|t:|1700524034\n|move|p2a: Greninja|Ice Beam|p1a: Sceptile\n|-start|p2a: Greninja|typechange|Ice|[from] ability: Protean\n|-supereffective|p1a: Sceptile\n|-damage|p1a: Sceptile|0 fnt\n|faint|p1a: Sceptile\n|-damage|p2a: Greninja|91\/100|[from] item: Life Orb\n|\n|upkeep\n|inactive|Wingman4477 has 60 seconds left.\n|\n|t:|1700524041\n|switch|p1a: Pikachu|Pikachu, M|100\/100\n|turn|9\n|\n|t:|1700524050\n|move|p2a: Greninja|Water Shuriken|p1a: Pikachu\n|-damage|p1a: Pikachu|85\/100\n|-damage|p1a: Pikachu|69\/100\n|-damage|p1a: Pikachu|52\/100\n|-hitcount|p1a: Pikachu|3\n|-damage|p2a: Greninja|81\/100|[from] item: Life Orb\n|move|p1a: Pikachu|Thunderbolt|p2a: Greninja\n|-damage|p2a: Greninja|0 fnt\n|faint|p2a: Greninja\n|\n|upkeep\n|\n|t:|1700524059\n|switch|p2a: Garchomp|Garchomp, M|100\/100\n|turn|10\n|\n|t:|1700524066\n|detailschange|p2a: Garchomp|Garchomp-Mega, M\n|-mega|p2a: Garchomp|Garchomp|Garchompite\n|-terastallize|p1a: Pikachu|Flying\n|move|p2a: Garchomp|Swords Dance|p2a: Garchomp\n|-boost|p2a: Garchomp|atk|2\n|move|p1a: Pikachu|Iron Tail|p2a: Garchomp\n|-damage|p2a: Garchomp|75\/100\n|-unboost|p2a: Garchomp|def|1\n|\n|upkeep\n|turn|11\n|\n|t:|1700524081\n|move|p2a: Garchomp|Rock Slide|p1a: Pikachu\n|-supereffective|p1a: Pikachu\n|-damage|p1a: Pikachu|0 fnt\n|faint|p1a: Pikachu\n|\n|upkeep\n|\n|t:|1700524090\n|switch|p1a: Metagross|Metagross|100\/100\n|turn|12\n|\n|t:|1700524095\n|move|p2a: Garchomp|Earthquake|p1a: Metagross\n|-supereffective|p1a: Metagross\n|-damage|p1a: Metagross|0 fnt\n|faint|p1a: Metagross\n|\n|upkeep\n|inactive|Wingman4477 has 90 seconds left.\n|\n|t:|1700524111\n|switch|p1a: Tyranitar|Tyranitar, F|100\/100\n|-weather|Sandstorm|[from] ability: Sand Stream|[of] p1a: Tyranitar\n|turn|13\n|\n|t:|1700524117\n|move|p2a: Garchomp|Earthquake|p1a: Tyranitar\n|-supereffective|p1a: Tyranitar\n|-damage|p1a: Tyranitar|0 fnt\n|faint|p1a: Tyranitar\n|\n|win|AlastorTheOverlord\n|raw|Wingman4477's rating: 1110 &rarr; <strong>1081<\/strong><br \/>(-29 for losing)\n|raw|AlastorTheOverlord's rating: 1054 &rarr; <strong>1091<\/strong><br \/>(+37 for winning)\n","uploadtime":1700524122,"views":2,"p1id":"wingman4477","p2id":"alastortheoverlord","formatid":"gen9nationaldex","rating":1081,"private":0,"password":""}