{"id":"gen9nationaldex-1991963374","p1":"False Swipeing\u70b9\u8001\u5e08","p2":"FXT1206","format":"[Gen 9] National Dex","log":"|j|\u2606False Swipeing\u70b9\u8001\u5e08\n|j|\u2606FXT1206\n|t:|1700143069\n|gametype|singles\n|player|p1|False Swipeing\u70b9\u8001\u5e08|169|1639\n|player|p2|FXT1206|iris|1589\n|teamsize|p1|6\n|teamsize|p2|6\n|gen|9\n|tier|[Gen 9] National Dex\n|rated|\n|rule|HP Percentage Mod: HP is shown in percentages\n|rule|Endless Battle Clause: Forcing endless battles is banned\n|rule|OHKO Clause: OHKO moves are banned\n|rule|Evasion Clause: Evasion abilities, items, and moves are banned\n|rule|Evasion Abilities Clause: Evasion abilities are banned\n|rule|Evasion Items Clause: Evasion items are banned\n|rule|Evasion Moves Clause: Evasion moves are banned\n|rule|Species Clause: Limit one of each Pok\u00e9mon\n|rule|Sleep Clause Mod: Limit one foe put to sleep\n|clearpoke\n|poke|p1|Gliscor, F|\n|poke|p1|Heatran, F|\n|poke|p1|Ogerpon-Wellspring, F|\n|poke|p1|Medicham, F|\n|poke|p1|Rillaboom, M|\n|poke|p1|Ursaluna, F|\n|poke|p2|Araquanid, F|\n|poke|p2|Hatterene, F|\n|poke|p2|Ursaluna, F|\n|poke|p2|Stakataka|\n|poke|p2|Enamorus-Therian, F|\n|poke|p2|Porygon2|\n|teampreview\n|inactive|Battle timer is ON: inactive players will automatically lose when time's up. (requested by FXT1206)\n|c|\u2606FXT1206|hi \u597d\u4e45\u4e0d\u89c1\n|\n|t:|1700143092\n|start\n|switch|p1a: Heatran|Heatran, F|100\/100\n|switch|p2a: Hatterene|Hatterene, F|100\/100\n|turn|1\n|\n|t:|1700143097\n|move|p1a: Heatran|Magma Storm|p2a: Hatterene|[miss]\n|-miss|p1a: Heatran|p2a: Hatterene\n|move|p2a: Hatterene|Trick Room|p2a: Hatterene\n|-fieldstart|move: Trick Room|[of] p2a: Hatterene\n|\n|upkeep\n|turn|2\n|\n|t:|1700143103\n|switch|p2a: Araquanid|Araquanid, F|100\/100\n|move|p1a: Heatran|Magma Storm|p2a: Araquanid\n|-crit|p2a: Araquanid\n|-damage|p2a: Araquanid|76\/100\n|-activate|p2a: Araquanid|move: Magma Storm|[of] p1a: Heatran\n|\n|-damage|p2a: Araquanid|64\/100|[from] move: Magma Storm|[partiallytrapped]\n|upkeep\n|turn|3\n|\n|t:|1700143108\n|switch|p1a: Ogerpon|Ogerpon-Wellspring, F|100\/100\n|move|p2a: Araquanid|Liquidation|p1a: Ogerpon\n|-immune|p1a: Ogerpon|[from] ability: Water Absorb\n|\n|-end|p2a: Araquanid|Magma Storm|[partiallytrapped]|[silent]\n|upkeep\n|turn|4\n|\n|t:|1700143116\n|switch|p2a: Enamorus|Enamorus-Therian, F|100\/100\n|switch|p1a: Heatran|Heatran, F|100\/100\n|\n|upkeep\n|turn|5\n|c|\u2606FXT1206|\u5567\u4ee5\u4e3a\u4f60\u6015\u6211\u8bfb\u4f60\u5462\n|\n|t:|1700143128\n|move|p1a: Heatran|Protect|p1a: Heatran\n|-singleturn|p1a: Heatran|Protect\n|move|p2a: Enamorus|Earth Power|p1a: Heatran\n|-activate|p1a: Heatran|move: Protect\n|\n|-fieldend|move: Trick Room\n|upkeep\n|turn|6\n|\n|t:|1700143142\n|switch|p1a: Ogerpon|Ogerpon-Wellspring, F|100\/100\n|switch|p2a: Porygon2|Porygon2|100\/100\n|-ability|p2a: Porygon2|Water Absorb|[from] ability: Trace|[of] p1a: Ogerpon\n|\n|upkeep\n|turn|7\n|\n|t:|1700143146\n|move|p1a: Ogerpon|Ivy Cudgel|p2a: Porygon2|[anim] Ivy Cudgel Water\n|-immune|p2a: Porygon2|[from] ability: Water Absorb\n|move|p2a: Porygon2|Trick Room|p2a: Porygon2\n|-fieldstart|move: Trick Room|[of] p2a: Porygon2\n|\n|upkeep\n|turn|8\n|\n|t:|1700143152\n|switch|p1a: Heatran|Heatran, F|100\/100\n|move|p2a: Porygon2|Teleport|p2a: Porygon2\n|c|\u2606FXT1206|\u554a\u54c8\u54c8~\n|\n|t:|1700143158\n|switch|p2a: Araquanid|Araquanid, F|64\/100|[from] Teleport\n|\n|upkeep\n|turn|9\n|\n|t:|1700143161\n|move|p1a: Heatran|Protect|p1a: Heatran\n|-singleturn|p1a: Heatran|Protect\n|move|p2a: Araquanid|Liquidation|p1a: Heatran\n|-activate|p1a: Heatran|move: Protect\n|\n|upkeep\n|turn|10\n|\n|t:|1700143166\n|switch|p2a: Enamorus|Enamorus-Therian, F|100\/100\n|switch|p1a: Ogerpon|Ogerpon-Wellspring, F|100\/100\n|\n|upkeep\n|turn|11\n|\n|t:|1700143169\n|switch|p1a: Gliscor|Gliscor, F|100\/100\n|move|p2a: Enamorus|Earth Power|p1a: Gliscor\n|-immune|p1a: Gliscor\n|\n|-fieldend|move: Trick Room\n|-status|p1a: Gliscor|tox|[from] item: Toxic Orb\n|upkeep\n|turn|12\n|\n|t:|1700143176\n|switch|p2a: Hatterene|Hatterene, F|100\/100\n|move|p1a: Gliscor|U-turn|p2a: Hatterene\n|-damage|p2a: Hatterene|82\/100\n|\n|t:|1700143180\n|switch|p1a: Rillaboom|Rillaboom, M|100\/100|[from] U-turn\n|-fieldstart|move: Grassy Terrain|[from] ability: Grassy Surge|[of] p1a: Rillaboom\n|\n|-heal|p2a: Hatterene|88\/100|[from] Grassy Terrain\n|upkeep\n|turn|13\n|\n|t:|1700143186\n|switch|p2a: Porygon2|Porygon2|100\/100\n|-ability|p2a: Porygon2|Grassy Surge|[from] ability: Trace|[of] p1a: Rillaboom\n|move|p1a: Rillaboom|Wood Hammer|p2a: Porygon2\n|-damage|p2a: Porygon2|18\/100\n|-damage|p1a: Rillaboom|71\/100|[from] Recoil\n|\n|-heal|p1a: Rillaboom|77\/100|[from] Grassy Terrain\n|-heal|p2a: Porygon2|24\/100|[from] Grassy Terrain\n|upkeep\n|turn|14\n|\n|t:|1700143191\n|move|p1a: Rillaboom|Wood Hammer|p2a: Porygon2\n|-damage|p2a: Porygon2|0 fnt\n|faint|p2a: Porygon2\n|-damage|p1a: Rillaboom|68\/100|[from] Recoil\n|\n|-heal|p1a: Rillaboom|74\/100|[from] Grassy Terrain\n|upkeep\n|\n|t:|1700143194\n|switch|p2a: Stakataka|Stakataka|100\/100\n|-item|p2a: Stakataka|Air Balloon\n|turn|15\n|\n|t:|1700143196\n|move|p1a: Rillaboom|Wood Hammer|p2a: Stakataka\n|-damage|p2a: Stakataka|24\/100\n|-enditem|p2a: Stakataka|Air Balloon\n|-damage|p1a: Rillaboom|50\/100|[from] Recoil\n|move|p2a: Stakataka|Trick Room|p2a: Stakataka\n|-fieldstart|move: Trick Room|[of] p2a: Stakataka\n|\n|-heal|p2a: Stakataka|30\/100|[from] Grassy Terrain\n|-heal|p1a: Rillaboom|57\/100|[from] Grassy Terrain\n|upkeep\n|turn|16\n|\n|t:|1700143202\n|switch|p1a: Gliscor|Gliscor, F|100\/100 tox\n|-terastallize|p2a: Stakataka|Flying\n|move|p2a: Stakataka|Heat Crash|p1a: Gliscor\n|-damage|p1a: Gliscor|70\/100 tox\n|\n|-heal|p1a: Gliscor|82\/100 tox|[from] ability: Poison Heal\n|-fieldend|move: Grassy Terrain\n|upkeep\n|turn|17\n|\n|t:|1700143208\n|move|p2a: Stakataka|Gyro Ball|p1a: Gliscor\n|-damage|p1a: Gliscor|32\/100 tox\n|move|p1a: Gliscor|Roost|p1a: Gliscor\n|-heal|p1a: Gliscor|82\/100 tox\n|-singleturn|p1a: Gliscor|move: Roost\n|\n|-heal|p1a: Gliscor|94\/100 tox|[from] ability: Poison Heal\n|upkeep\n|turn|18\n|\n|t:|1700143212\n|move|p2a: Stakataka|Gyro Ball|p1a: Gliscor\n|-damage|p1a: Gliscor|38\/100 tox\n|move|p1a: Gliscor|Toxic|p2a: Stakataka\n|-status|p2a: Stakataka|tox\n|\n|-damage|p2a: Stakataka|24\/100 tox|[from] psn\n|-heal|p1a: Gliscor|50\/100 tox|[from] ability: Poison Heal\n|upkeep\n|turn|19\n|\n|t:|1700143217\n|switch|p1a: Heatran|Heatran, F|100\/100\n|move|p2a: Stakataka|Earthquake|p1a: Heatran\n|-supereffective|p1a: Heatran\n|-damage|p1a: Heatran|0 fnt\n|faint|p1a: Heatran\n|-ability|p2a: Stakataka|Beast Boost|boost\n|-boost|p2a: Stakataka|atk|1\n|\n|-damage|p2a: Stakataka|12\/100 tox|[from] psn\n|-fieldend|move: Trick Room\n|upkeep\n|\n|t:|1700143220\n|switch|p1a: Rillaboom|Rillaboom, M|57\/100\n|-fieldstart|move: Grassy Terrain|[from] ability: Grassy Surge|[of] p1a: Rillaboom\n|turn|20\n|\n|t:|1700143222\n|move|p1a: Rillaboom|Wood Hammer|p2a: Stakataka\n|-resisted|p2a: Stakataka\n|-damage|p2a: Stakataka|0 fnt\n|faint|p2a: Stakataka\n|-damage|p1a: Rillaboom|53\/100|[from] Recoil\n|\n|-heal|p1a: Rillaboom|59\/100|[from] Grassy Terrain\n|upkeep\n|\n|t:|1700143225\n|switch|p2a: Enamorus|Enamorus-Therian, F|100\/100\n|turn|21\n|\n|t:|1700143232\n|switch|p1a: Ursaluna|Ursaluna, F|100\/100\n|move|p2a: Enamorus|Moonblast|p1a: Ursaluna\n|-damage|p1a: Ursaluna|31\/100\n|-unboost|p1a: Ursaluna|spa|1\n|\n|-heal|p1a: Ursaluna|38\/100|[from] Grassy Terrain\n|-status|p1a: Ursaluna|brn|[from] item: Flame Orb\n|upkeep\n|turn|22\n|\n|t:|1700143240\n|switch|p2a: Ursaluna|Ursaluna, F|100\/100\n|move|p1a: Ursaluna|Facade|p2a: Ursaluna\n|-damage|p2a: Ursaluna|3\/100\n|\n|-heal|p1a: Ursaluna|44\/100 brn|[from] Grassy Terrain\n|-heal|p2a: Ursaluna|9\/100|[from] Grassy Terrain\n|-damage|p1a: Ursaluna|38\/100 brn|[from] brn\n|-status|p2a: Ursaluna|brn|[from] item: Flame Orb\n|upkeep\n|turn|23\n|\n|t:|1700143244\n|move|p2a: Ursaluna|Facade|p1a: Ursaluna\n|-damage|p1a: Ursaluna|0 fnt\n|faint|p1a: Ursaluna\n|\n|-heal|p2a: Ursaluna|15\/100 brn|[from] Grassy Terrain\n|-damage|p2a: Ursaluna|9\/100 brn|[from] brn\n|upkeep\n|\n|t:|1700143254\n|switch|p1a: Rillaboom|Rillaboom, M|59\/100\n|turn|24\n|\n|t:|1700143259\n|move|p1a: Rillaboom|U-turn|p2a: Ursaluna\n|-damage|p2a: Ursaluna|0 fnt\n|faint|p2a: Ursaluna\n|\n|t:|1700143261\n|switch|p1a: Ogerpon|Ogerpon-Wellspring, F|100\/100|[from] U-turn\n|\n|-fieldend|move: Grassy Terrain\n|upkeep\n|\n|t:|1700143263\n|switch|p2a: Hatterene|Hatterene, F|88\/100\n|turn|25\n|\n|t:|1700143266\n|-terastallize|p1a: Ogerpon|Water\n|detailschange|p1a: Ogerpon|Ogerpon-Wellspring-Tera, F, tera:Water\n|-ability|p1a: Ogerpon|Embody Aspect (Wellspring)|boost\n|-boost|p1a: Ogerpon|spd|1\n|move|p1a: Ogerpon|Ivy Cudgel|p2a: Hatterene|[anim] Ivy Cudgel Water\n|-damage|p2a: Hatterene|2\/100\n|move|p2a: Hatterene|Trick Room|p2a: Hatterene\n|-fieldstart|move: Trick Room|[of] p2a: Hatterene\n|\n|upkeep\n|turn|26\n|\n|t:|1700143274\n|move|p2a: Hatterene|Psychic|p1a: Ogerpon\n|-damage|p1a: Ogerpon|61\/100\n|-unboost|p1a: Ogerpon|spd|1\n|move|p1a: Ogerpon|Swords Dance|p1a: Ogerpon\n|-boost|p1a: Ogerpon|atk|2\n|\n|upkeep\n|turn|27\n|\n|t:|1700143279\n|move|p2a: Hatterene|Healing Wish|p2a: Hatterene\n|faint|p2a: Hatterene\n|move|p1a: Ogerpon|Horn Leech|p2: Hatterene|[notarget]\n|-fail|p1a: Ogerpon\n|\n|upkeep\n|\n|t:|1700143281\n|switch|p2a: Araquanid|Araquanid, F|64\/100\n|-heal|p2a: Araquanid|100\/100|[from] move: Healing Wish\n|turn|28\n|\n|t:|1700143283\n|move|p2a: Araquanid|Liquidation|p1a: Ogerpon\n|-resisted|p1a: Ogerpon\n|-damage|p1a: Ogerpon|0 fnt\n|faint|p1a: Ogerpon\n|\n|upkeep\n|\n|t:|1700143289\n|switch|p1a: Medicham|Medicham, F|100\/100\n|turn|29\n|\n|t:|1700143293\n|detailschange|p1a: Medicham|Medicham-Mega, F\n|-mega|p1a: Medicham|Medicham|Medichamite\n|move|p1a: Medicham|Fake Out|p2a: Araquanid\n|-damage|p2a: Araquanid|74\/100\n|cant|p2a: Araquanid|flinch\n|\n|-fieldend|move: Trick Room\n|upkeep\n|turn|30\n|\n|t:|1700143296\n|move|p1a: Medicham|Zen Headbutt|p2a: Araquanid\n|-damage|p2a: Araquanid|5\/100\n|move|p2a: Araquanid|Liquidation|p1a: Medicham\n|-damage|p1a: Medicham|0 fnt\n|faint|p1a: Medicham\n|\n|upkeep\n|\n|t:|1700143305\n|switch|p1a: Rillaboom|Rillaboom, M|59\/100\n|-fieldstart|move: Grassy Terrain|[from] ability: Grassy Surge|[of] p1a: Rillaboom\n|turn|31\n|c|\u2606FXT1206|\u55e8\u55e8\u55e8\n|\n|t:|1700143308\n|move|p1a: Rillaboom|U-turn|p2a: Araquanid\n|-damage|p2a: Araquanid|0 fnt\n|faint|p2a: Araquanid\n|\n|t:|1700143310\n|switch|p1a: Gliscor|Gliscor, F|50\/100 tox|[from] U-turn\n|\n|-heal|p1a: Gliscor|63\/100 tox|[from] ability: Poison Heal\n|upkeep\n|\n|t:|1700143313\n|switch|p2a: Enamorus|Enamorus-Therian, F|100\/100\n|turn|32\n|\n|t:|1700143319\n|move|p1a: Gliscor|Roost|p1a: Gliscor\n|-heal|p1a: Gliscor|100\/100 tox\n|-singleturn|p1a: Gliscor|move: Roost\n|move|p2a: Enamorus|Moonblast|p1a: Gliscor\n|-damage|p1a: Gliscor|5\/100 tox\n|-unboost|p1a: Gliscor|spa|1\n|\n|-heal|p1a: Gliscor|12\/100 tox|[from] Grassy Terrain\n|-heal|p1a: Gliscor|24\/100 tox|[from] ability: Poison Heal\n|upkeep\n|turn|33\n|\n|t:|1700143321\n|move|p1a: Gliscor|Toxic|p2a: Enamorus\n|-status|p2a: Enamorus|tox\n|move|p2a: Enamorus|Moonblast|p1a: Gliscor\n|-damage|p1a: Gliscor|0 fnt\n|faint|p1a: Gliscor\n|\n|-damage|p2a: Enamorus|95\/100 tox|[from] psn\n|upkeep\n|\n|t:|1700143324\n|switch|p1a: Rillaboom|Rillaboom, M|59\/100\n|turn|34\n|\n|t:|1700143331\n|move|p1a: Rillaboom|Wood Hammer|p2a: Enamorus\n|-resisted|p2a: Enamorus\n|-damage|p2a: Enamorus|37\/100 tox\n|-damage|p1a: Rillaboom|40\/100|[from] Recoil\n|move|p2a: Enamorus|Moonblast|p1a: Rillaboom\n|-damage|p1a: Rillaboom|0 fnt\n|faint|p1a: Rillaboom\n|\n|win|FXT1206\n|raw|False Swipeing\u70b9\u8001\u5e08's rating: 1639 &rarr; <strong>1616<\/strong><br \/>(-23 for losing)\n|raw|FXT1206's rating: 1589 &rarr; <strong>1612<\/strong><br \/>(+23 for winning)\n|l|\u2606False Swipeing\u70b9\u8001\u5e08\n","uploadtime":1700143339,"views":14,"p1id":"falseswipeing","p2id":"fxt1206","formatid":"gen9nationaldex","rating":1612,"private":0,"password":""}