{"id":"gen9nationaldex-1989675237","p1":"SOLAROS & LUNARIS","p2":"LizzyLaMorte","format":"[Gen 9] National Dex","log":"|j|\u2606SOLAROS & LUNARIS\n|j|\u2606LizzyLaMorte\n|inactive|Battle timer is ON: inactive players will automatically lose when time's up.\n|t:|1699885755\n|gametype|singles\n|player|p1|SOLAROS & LUNARIS|#solaroslunaris|\n|player|p2|LizzyLaMorte|dawn|\n|teamsize|p1|6\n|teamsize|p2|6\n|gen|9\n|tier|[Gen 9] National Dex\n|rated|Tournament battle\n|rule|HP Percentage Mod: HP is shown in percentages\n|rule|Endless Battle Clause: Forcing endless battles is banned\n|rule|OHKO Clause: OHKO moves are banned\n|rule|Evasion Clause: Evasion abilities, items, and moves are banned\n|rule|Evasion Abilities Clause: Evasion abilities are banned\n|rule|Evasion Items Clause: Evasion items are banned\n|rule|Evasion Moves Clause: Evasion moves are banned\n|rule|Species Clause: Limit one of each Pok\u00e9mon\n|rule|Sleep Clause Mod: Limit one foe put to sleep\n|rule|Terastal Clause: You cannot Terastallize\n|clearpoke\n|poke|p1|Dragapult, F|\n|poke|p1|Gholdengo|\n|poke|p1|Ursaluna-Bloodmoon, M|\n|poke|p1|Ferrothorn, F|\n|poke|p1|Rotom-Wash|\n|poke|p1|Diancie|\n|poke|p2|Raichu-Alola, F|\n|poke|p2|Tapu Koko|\n|poke|p2|Iron Treads|\n|poke|p2|Araquanid, F|\n|poke|p2|Sneasler, F|\n|poke|p2|Iron Hands|\n|teampreview\n|inactive|LizzyLaMorte also wants the timer to be on.\n|c|\u2606LizzyLaMorte|glhf\n|inactive|LizzyLaMorte has 120 seconds left.\n|c|\u2606SOLAROS & LUNARIS|glhf\n|\n|t:|1699885795\n|start\n|switch|p1a: Ursaluna|Ursaluna-Bloodmoon, M|100\/100\n|switch|p2a: Ch'kin|Tapu Koko|100\/100\n|-fieldstart|move: Electric Terrain|[from] ability: Electric Surge|[of] p2a: Ch'kin\n|turn|1\n|\n|t:|1699885805\n|switch|p2a: Gehehe|Sneasler, F|100\/100\n|-item|p2a: Gehehe|Air Balloon\n|move|p1a: Ursaluna|Calm Mind|p1a: Ursaluna\n|-boost|p1a: Ursaluna|spa|1\n|-boost|p1a: Ursaluna|spd|1\n|\n|upkeep\n|turn|2\n|\n|t:|1699885814\n|move|p2a: Gehehe|Close Combat|p1a: Ursaluna\n|-supereffective|p1a: Ursaluna\n|-damage|p1a: Ursaluna|39\/100\n|-unboost|p2a: Gehehe|def|1\n|-unboost|p2a: Gehehe|spd|1\n|move|p1a: Ursaluna|Earth Power|p2a: Gehehe\n|-immune|p2a: Gehehe\n|\n|-heal|p1a: Ursaluna|45\/100|[from] item: Leftovers\n|upkeep\n|turn|3\n|\n|t:|1699885826\n|switch|p1a: Gholdengo|Gholdengo|100\/100\n|move|p2a: Gehehe|Close Combat|p1a: Gholdengo\n|-immune|p1a: Gholdengo\n|\n|upkeep\n|turn|4\n|\n|t:|1699885833\n|switch|p2a: Bugg|Araquanid, F|100\/100\n|move|p1a: Gholdengo|Nasty Plot|p1a: Gholdengo\n|-boost|p1a: Gholdengo|spa|2\n|\n|upkeep\n|turn|5\n|\n|t:|1699885840\n|move|p1a: Gholdengo|Nasty Plot|p1a: Gholdengo\n|-boost|p1a: Gholdengo|spa|2\n|move|p2a: Bugg|Liquidation|p1a: Gholdengo\n|-damage|p1a: Gholdengo|29\/100\n|\n|upkeep\n|turn|6\n|\n|t:|1699885848\n|move|p1a: Gholdengo|Shadow Ball|p2a: Bugg\n|-damage|p2a: Bugg|0 fnt\n|faint|p2a: Bugg\n|\n|upkeep\n|\n|t:|1699885856\n|switch|p2a: Pankaku|Raichu-Alola, F|100\/100\n|turn|7\n|\n|t:|1699885860\n|move|p2a: Pankaku|Rising Voltage|p1a: Gholdengo\n|-hint|Rising Voltage's BP doubled on grounded target.\n|-damage|p1a: Gholdengo|0 fnt\n|faint|p1a: Gholdengo\n|\n|upkeep\n|\n|t:|1699885864\n|switch|p1a: Ferrothorn|Ferrothorn, F|100\/100\n|turn|8\n|\n|t:|1699885871\n|move|p2a: Pankaku|Hidden Power|p1a: Ferrothorn\n|-crit|p1a: Ferrothorn\n|-damage|p1a: Ferrothorn|85\/100\n|move|p1a: Ferrothorn|Spikes|p2a: Pankaku\n|-sidestart|p2: LizzyLaMorte|Spikes\n|\n|-heal|p1a: Ferrothorn|91\/100|[from] item: Leftovers\n|-fieldend|move: Electric Terrain\n|upkeep\n|turn|9\n|\n|t:|1699885879\n|move|p2a: Pankaku|Encore|p1a: Ferrothorn\n|-start|p1a: Ferrothorn|Encore\n|move|p1a: Ferrothorn|Spikes|p2a: Pankaku\n|-sidestart|p2: LizzyLaMorte|Spikes\n|\n|-heal|p1a: Ferrothorn|97\/100|[from] item: Leftovers\n|upkeep\n|turn|10\n|\n|t:|1699885885\n|switch|p1a: Diancie|Diancie|100\/100\n|move|p2a: Pankaku|Volt Switch|p1a: Diancie\n|-crit|p1a: Diancie\n|-damage|p1a: Diancie|59\/100\n|\n|t:|1699885892\n|switch|p2a: Ch'kin|Tapu Koko|100\/100|[from] Volt Switch\n|-damage|p2a: Ch'kin|84\/100|[from] Spikes\n|-fieldstart|move: Electric Terrain|[from] ability: Electric Surge|[of] p2a: Ch'kin\n|\n|upkeep\n|turn|11\n|j| NDUU9SCRN guP\n|\n|t:|1699885901\n|switch|p1a: Ferrothorn|Ferrothorn, F|97\/100\n|move|p2a: Ch'kin|Thunderbolt|p1a: Ferrothorn\n|-resisted|p1a: Ferrothorn\n|-damage|p1a: Ferrothorn|82\/100\n|\n|-heal|p1a: Ferrothorn|88\/100|[from] item: Leftovers\n|upkeep\n|turn|12\n|\n|t:|1699885907\n|move|p2a: Ch'kin|Taunt|p1a: Ferrothorn\n|-start|p1a: Ferrothorn|move: Taunt\n|cant|p1a: Ferrothorn|move: Taunt|Leech Seed\n|\n|-heal|p1a: Ferrothorn|94\/100|[from] item: Leftovers\n|upkeep\n|turn|13\n|\n|t:|1699885914\n|move|p2a: Ch'kin|Volt Switch|p1a: Ferrothorn\n|-resisted|p1a: Ferrothorn\n|-damage|p1a: Ferrothorn|83\/100\n|\n|t:|1699885920\n|switch|p2a: LittleboyBigboy|Iron Hands|100\/100|[from] Volt Switch\n|-damage|p2a: LittleboyBigboy|84\/100|[from] Spikes\n|-activate|p2a: LittleboyBigboy|ability: Quark Drive\n|-start|p2a: LittleboyBigboy|quarkdriveatk\n|move|p1a: Ferrothorn|Knock Off|p2a: LittleboyBigboy\n|-resisted|p2a: LittleboyBigboy\n|-damage|p2a: LittleboyBigboy|77\/100\n|-enditem|p2a: LittleboyBigboy|Leftovers|[from] move: Knock Off|[of] p1a: Ferrothorn\n|\n|-heal|p1a: Ferrothorn|89\/100|[from] item: Leftovers\n|upkeep\n|turn|14\n|l| NDUU9SCRN guP\n|\n|t:|1699885931\n|switch|p1a: Rotom|Rotom-Wash|100\/100\n|move|p2a: LittleboyBigboy|Swords Dance|p2a: LittleboyBigboy\n|-boost|p2a: LittleboyBigboy|atk|2\n|\n|upkeep\n|turn|15\n|\n|t:|1699885937\n|move|p1a: Rotom|Will-O-Wisp|p2a: LittleboyBigboy\n|-status|p2a: LittleboyBigboy|brn\n|move|p2a: LittleboyBigboy|Swords Dance|p2a: LittleboyBigboy\n|-boost|p2a: LittleboyBigboy|atk|2\n|\n|-damage|p2a: LittleboyBigboy|71\/100 brn|[from] brn\n|upkeep\n|turn|16\n|\n|t:|1699885943\n|move|p1a: Rotom|Hydro Pump|p2a: LittleboyBigboy\n|-damage|p2a: LittleboyBigboy|45\/100 brn\n|move|p2a: LittleboyBigboy|Swords Dance|p2a: LittleboyBigboy\n|-boost|p2a: LittleboyBigboy|atk|2\n|\n|-damage|p2a: LittleboyBigboy|39\/100 brn|[from] brn\n|upkeep\n|turn|17\n|\n|t:|1699885948\n|move|p1a: Rotom|Hydro Pump|p2a: LittleboyBigboy|[miss]\n|-miss|p1a: Rotom|p2a: LittleboyBigboy\n|move|p2a: LittleboyBigboy|Drain Punch|p1a: Rotom\n|-crit|p1a: Rotom\n|-damage|p1a: Rotom|0 fnt\n|-heal|p2a: LittleboyBigboy|73\/100 brn|[from] drain|[of] p1a: Rotom\n|faint|p1a: Rotom\n|\n|-damage|p2a: LittleboyBigboy|66\/100 brn|[from] brn\n|-fieldend|move: Electric Terrain\n|-end|p2a: LittleboyBigboy|Quark Drive\n|upkeep\n|\n|t:|1699885958\n|switch|p1a: Diancie|Diancie|59\/100\n|turn|18\n|\n|t:|1699885976\n|detailschange|p1a: Diancie|Diancie-Mega\n|-mega|p1a: Diancie|Diancie|Diancite\n|move|p1a: Diancie|Moonblast|p2a: LittleboyBigboy\n|-supereffective|p2a: LittleboyBigboy\n|-damage|p2a: LittleboyBigboy|0 fnt\n|faint|p2a: LittleboyBigboy\n|-end|p2a: LittleboyBigboy|Quark Drive|[silent]\n|\n|upkeep\n|\n|t:|1699885985\n|switch|p2a: Ch'kin|Tapu Koko|84\/100\n|-damage|p2a: Ch'kin|67\/100|[from] Spikes\n|-fieldstart|move: Electric Terrain|[from] ability: Electric Surge|[of] p2a: Ch'kin\n|turn|19\n|\n|t:|1699885992\n|switch|p1a: Ursaluna|Ursaluna-Bloodmoon, M|45\/100\n|move|p2a: Ch'kin|Thunderbolt|p1a: Ursaluna\n|-immune|p1a: Ursaluna\n|\n|-heal|p1a: Ursaluna|51\/100|[from] item: Leftovers\n|upkeep\n|turn|20\n|\n|t:|1699885997\n|move|p2a: Ch'kin|Dazzling Gleam|p1a: Ursaluna\n|-damage|p1a: Ursaluna|11\/100\n|move|p1a: Ursaluna|Moonlight|p1a: Ursaluna\n|-heal|p1a: Ursaluna|61\/100\n|\n|-heal|p1a: Ursaluna|67\/100|[from] item: Leftovers\n|upkeep\n|turn|21\n|\n|t:|1699886005\n|switch|p2a: Nyoom|Iron Treads|100\/100\n|-damage|p2a: Nyoom|84\/100|[from] Spikes\n|-activate|p2a: Nyoom|ability: Quark Drive\n|-start|p2a: Nyoom|quarkdrivespe\n|move|p1a: Ursaluna|Moonlight|p1a: Ursaluna\n|-heal|p1a: Ursaluna|100\/100\n|\n|upkeep\n|turn|22\n|\n|t:|1699886013\n|-zpower|p2a: Nyoom\n|move|p2a: Nyoom|Subzero Slammer|p1a: Ursaluna|[zeffect]\n|-supereffective|p1a: Ursaluna\n|-damage|p1a: Ursaluna|47\/100\n|move|p1a: Ursaluna|Calm Mind|p1a: Ursaluna\n|-boost|p1a: Ursaluna|spa|1\n|-boost|p1a: Ursaluna|spd|1\n|\n|-heal|p1a: Ursaluna|53\/100|[from] item: Leftovers\n|upkeep\n|turn|23\n|\n|t:|1699886029\n|move|p2a: Nyoom|Earthquake|p1a: Ursaluna\n|-damage|p1a: Ursaluna|30\/100\n|move|p1a: Ursaluna|Moonlight|p1a: Ursaluna\n|-heal|p1a: Ursaluna|80\/100\n|\n|-heal|p1a: Ursaluna|86\/100|[from] item: Leftovers\n|upkeep\n|turn|24\n|\n|t:|1699886034\n|move|p2a: Nyoom|Knock Off|p1a: Ursaluna\n|-damage|p1a: Ursaluna|70\/100\n|-enditem|p1a: Ursaluna|Leftovers|[from] move: Knock Off|[of] p2a: Nyoom\n|move|p1a: Ursaluna|Earth Power|p2a: Nyoom\n|-supereffective|p2a: Nyoom\n|-damage|p2a: Nyoom|0 fnt\n|faint|p2a: Nyoom\n|-end|p2a: Nyoom|Quark Drive|[silent]\n|\n|upkeep\n|\n|t:|1699886049\n|switch|p2a: Gehehe|Sneasler, F|100\/100\n|-item|p2a: Gehehe|Air Balloon\n|turn|25\n|\n|t:|1699886056\n|move|p2a: Gehehe|Close Combat|p1a: Ursaluna\n|-supereffective|p1a: Ursaluna\n|-damage|p1a: Ursaluna|2\/100\n|-unboost|p2a: Gehehe|def|1\n|-unboost|p2a: Gehehe|spd|1\n|move|p1a: Ursaluna|Blood Moon|p2a: Gehehe\n|-damage|p2a: Gehehe|0 fnt\n|-enditem|p2a: Gehehe|Air Balloon\n|faint|p2a: Gehehe\n|\n|upkeep\n|\n|t:|1699886068\n|switch|p2a: Ch'kin|Tapu Koko|67\/100\n|-damage|p2a: Ch'kin|50\/100|[from] Spikes\n|turn|26\n|\n|t:|1699886072\n|move|p2a: Ch'kin|Dazzling Gleam|p1a: Ursaluna\n|-damage|p1a: Ursaluna|0 fnt\n|faint|p1a: Ursaluna\n|\n|-fieldend|move: Electric Terrain\n|upkeep\n|\n|t:|1699886074\n|switch|p1a: Dragapult|Dragapult, F|100\/100\n|turn|27\n|\n|t:|1699886084\n|move|p1a: Dragapult|Shadow Ball|p2a: Ch'kin\n|-damage|p2a: Ch'kin|0 fnt\n|faint|p2a: Ch'kin\n|\n|upkeep\n|\n|t:|1699886091\n|switch|p2a: Pankaku|Raichu-Alola, F|100\/100\n|-damage|p2a: Pankaku|84\/100|[from] Spikes\n|turn|28\n|\n|t:|1699886095\n|move|p1a: Dragapult|Shadow Ball|p2a: Pankaku\n|-supereffective|p2a: Pankaku\n|-damage|p2a: Pankaku|0 fnt\n|faint|p2a: Pankaku\n|\n|win|SOLAROS & LUNARIS\n|n|\u2606SOLAROS & LUNARIS|solaroslunaris\n|n|\u2606LizzyLaMorte|lizzylamorte\n","uploadtime":1699886096,"views":5,"p1id":"solaroslunaris","p2id":"lizzylamorte","formatid":"gen9nationaldex","rating":0,"private":0,"password":""}