{"id":"gen9nationaldex-2000069195","p1":"turtle lover 069","p2":"Nigg4Gamer","format":"[Gen 9] National Dex","log":"|html|<div class=\"broadcast-blue\"><strong>[Gen 9] National Dex is currently suspecting Sneasler! For information on how to participate check out the <a href=\"https:\/\/www.smogon.com\/forums\/threads\/sv-national-dex-suspect-8-just-dance.3731534\/\">suspect thread<\/a>.<\/strong><\/div>\n|j|\u2606turtle lover 069\n|j|\u2606Nigg4Gamer\n|t:|1701149162\n|gametype|singles\n|player|p1|turtle lover 069|cheryl|\n|player|p2|Nigg4Gamer|artist|\n|teamsize|p1|6\n|teamsize|p2|6\n|gen|9\n|tier|[Gen 9] National Dex\n|rule|HP Percentage Mod: HP is shown in percentages\n|rule|Endless Battle Clause: Forcing endless battles is banned\n|rule|OHKO Clause: OHKO moves are banned\n|rule|Evasion Clause: Evasion abilities, items, and moves are banned\n|rule|Evasion Abilities Clause: Evasion abilities are banned\n|rule|Evasion Items Clause: Evasion items are banned\n|rule|Evasion Moves Clause: Evasion moves are banned\n|rule|Species Clause: Limit one of each Pok\u00e9mon\n|rule|Sleep Clause Mod: Limit one foe put to sleep\n|clearpoke\n|poke|p1|Alomomola, M|\n|poke|p1|Gliscor, F|\n|poke|p1|Toxapex, F|\n|poke|p1|Blissey, F|\n|poke|p1|Scizor, F|\n|poke|p1|Skarmory, F|\n|poke|p2|Heatran, M|\n|poke|p2|Venusaur, M|\n|poke|p2|Charizard, F|\n|poke|p2|Kartana|\n|poke|p2|Iron Hands|\n|poke|p2|Garchomp, M|\n|teampreview\n|inactive|Battle timer is ON: inactive players will automatically lose when time's up. (requested by turtle lover 069)\n|inactive|Nigg4Gamer has 270 seconds left.\n|inactive|Nigg4Gamer has 240 seconds left.\n|\n|t:|1701149225\n|start\n|switch|p1a: Blissey|Blissey, F|100\/100\n|switch|p2a: Kartana|Kartana|100\/100\n|turn|1\n|\n|t:|1701149242\n|switch|p1a: Skarmory|Skarmory, F|100\/100\n|move|p2a: Kartana|Psycho Cut|p1a: Skarmory\n|-resisted|p1a: Skarmory\n|-damage|p1a: Skarmory|91\/100\n|\n|-heal|p1a: Skarmory|97\/100|[from] item: Leftovers\n|upkeep\n|turn|2\n|\n|t:|1701149259\n|switch|p2a: Iron Hands|Iron Hands|100\/100\n|move|p1a: Skarmory|Spikes|p2a: Iron Hands\n|-sidestart|p2: Nigg4Gamer|Spikes\n|\n|-heal|p1a: Skarmory|100\/100|[from] item: Leftovers\n|upkeep\n|turn|3\n|\n|t:|1701149263\n|switch|p1a: Gliscor|Gliscor, F|100\/100\n|move|p2a: Iron Hands|Close Combat|p1a: Gliscor\n|-resisted|p1a: Gliscor\n|-damage|p1a: Gliscor|80\/100\n|-unboost|p2a: Iron Hands|def|1\n|-unboost|p2a: Iron Hands|spd|1\n|\n|-status|p1a: Gliscor|tox|[from] item: Toxic Orb\n|upkeep\n|turn|4\n|\n|t:|1701149273\n|move|p1a: Gliscor|Toxic|p2a: Iron Hands\n|-status|p2a: Iron Hands|tox\n|move|p2a: Iron Hands|Close Combat|p1a: Gliscor\n|-resisted|p1a: Gliscor\n|-crit|p1a: Gliscor\n|-damage|p1a: Gliscor|51\/100 tox\n|-unboost|p2a: Iron Hands|def|1\n|-unboost|p2a: Iron Hands|spd|1\n|\n|-heal|p1a: Gliscor|63\/100 tox|[from] ability: Poison Heal\n|-damage|p2a: Iron Hands|94\/100 tox|[from] psn\n|upkeep\n|turn|5\n|\n|t:|1701149279\n|move|p1a: Gliscor|Earthquake|p2a: Iron Hands\n|-supereffective|p2a: Iron Hands\n|-damage|p2a: Iron Hands|10\/100 tox\n|-enditem|p2a: Iron Hands|Aguav Berry|[eat]\n|-heal|p2a: Iron Hands|43\/100 tox|[from] item: Aguav Berry\n|move|p2a: Iron Hands|Earthquake|p1a: Gliscor\n|-immune|p1a: Gliscor\n|\n|-heal|p1a: Gliscor|76\/100 tox|[from] ability: Poison Heal\n|-damage|p2a: Iron Hands|31\/100 tox|[from] psn\n|upkeep\n|turn|6\n|\n|t:|1701149300\n|-end|p2a: Iron Hands|Quark Drive|[silent]\n|switch|p2a: Kartana|Kartana|100\/100\n|-damage|p2a: Kartana|88\/100|[from] Spikes\n|move|p1a: Gliscor|Protect||[still]\n|-fail|p1a: Gliscor\n|\n|-heal|p1a: Gliscor|88\/100 tox|[from] ability: Poison Heal\n|upkeep\n|turn|7\n|\n|t:|1701149309\n|switch|p1a: Skarmory|Skarmory, F|100\/100\n|-terastallize|p2a: Kartana|Grass\n|move|p2a: Kartana|Psycho Cut|p1a: Skarmory\n|-resisted|p1a: Skarmory\n|-damage|p1a: Skarmory|92\/100\n|\n|-heal|p1a: Skarmory|98\/100|[from] item: Leftovers\n|upkeep\n|turn|8\n|\n|t:|1701149317\n|switch|p2a: Charizard|Charizard, F|100\/100\n|move|p1a: Skarmory|Spikes|p2a: Charizard\n|-sidestart|p2: Nigg4Gamer|Spikes\n|\n|-heal|p1a: Skarmory|100\/100|[from] item: Leftovers\n|upkeep\n|turn|9\n|\n|t:|1701149326\n|switch|p1a: Blissey|Blissey, F|100\/100\n|detailschange|p2a: Charizard|Charizard-Mega-Y, F\n|-mega|p2a: Charizard|Charizard|Charizardite Y\n|-weather|SunnyDay|[from] ability: Drought|[of] p2a: Charizard\n|move|p2a: Charizard|Double-Edge|p1a: Blissey\n|-damage|p1a: Blissey|72\/100\n|-damage|p2a: Charizard|80\/100|[from] Recoil\n|\n|-weather|SunnyDay|[upkeep]\n|upkeep\n|turn|10\n|\n|t:|1701149334\n|move|p2a: Charizard|Blaze Kick|p1a: Blissey\n|-damage|p1a: Blissey|32\/100\n|move|p1a: Blissey|Toxic|p2a: Charizard\n|-status|p2a: Charizard|tox\n|\n|-weather|SunnyDay|[upkeep]\n|-damage|p2a: Charizard|74\/100 tox|[from] psn\n|upkeep\n|turn|11\n|\n|t:|1701149337\n|move|p1a: Blissey|Protect|p1a: Blissey\n|-singleturn|p1a: Blissey|Protect\n|move|p2a: Charizard|Blaze Kick|p1a: Blissey\n|-activate|p1a: Blissey|move: Protect\n|\n|-weather|SunnyDay|[upkeep]\n|-damage|p2a: Charizard|62\/100 tox|[from] psn\n|upkeep\n|turn|12\n|\n|t:|1701149342\n|switch|p1a: Alomomola|Alomomola, M|100\/100\n|move|p2a: Charizard|Blaze Kick|p1a: Alomomola\n|-resisted|p1a: Alomomola\n|-damage|p1a: Alomomola|86\/100\n|\n|-weather|SunnyDay|[upkeep]\n|-damage|p2a: Charizard|43\/100 tox|[from] psn\n|upkeep\n|turn|13\n|\n|t:|1701149350\n|switch|p2a: Venusaur|Venusaur, M|100\/100\n|-damage|p2a: Venusaur|84\/100|[from] Spikes\n|move|p1a: Alomomola|Wish|p1a: Alomomola\n|\n|-weather|none\n|upkeep\n|turn|14\n|\n|t:|1701149355\n|switch|p1a: Blissey|Blissey, F|32\/100\n|move|p2a: Venusaur|Earthquake|p1a: Blissey\n|-damage|p1a: Blissey|11\/100\n|\n|-heal|p1a: Blissey|49\/100|[from] move: Wish|[wisher] Alomomola\n|upkeep\n|turn|15\n|\n|t:|1701149366\n|move|p2a: Venusaur|Leaf Storm|p1a: Blissey\n|-damage|p1a: Blissey|29\/100\n|-unboost|p2a: Venusaur|spa|2\n|move|p1a: Blissey|Wish|p1a: Blissey\n|\n|upkeep\n|turn|16\n|\n|t:|1701149382\n|move|p2a: Venusaur|Leaf Storm|p1a: Blissey|[miss]\n|-miss|p2a: Venusaur|p1a: Blissey\n|move|p1a: Blissey|Stealth Rock|p2a: Venusaur\n|-sidestart|p2: Nigg4Gamer|move: Stealth Rock\n|\n|-heal|p1a: Blissey|79\/100|[from] move: Wish|[wisher] Blissey\n|upkeep\n|turn|17\n|\n|t:|1701149393\n|move|p2a: Venusaur|Earthquake|p1a: Blissey\n|-damage|p1a: Blissey|60\/100\n|move|p1a: Blissey|Wish|p1a: Blissey\n|\n|upkeep\n|turn|18\n|\n|t:|1701149404\n|switch|p1a: Gliscor|Gliscor, F|88\/100 tox\n|move|p2a: Venusaur|Body Slam|p1a: Gliscor\n|-damage|p1a: Gliscor|77\/100 tox\n|\n|-heal|p1a: Gliscor|100\/100 tox|[from] move: Wish|[wisher] Blissey\n|upkeep\n|turn|19\n|\n|t:|1701149410\n|switch|p2a: Kartana|Kartana, tera:Grass|88\/100\n|-damage|p2a: Kartana|72\/100|[from] Spikes\n|-damage|p2a: Kartana|59\/100|[from] Stealth Rock\n|move|p1a: Gliscor|Earthquake|p2a: Kartana\n|-resisted|p2a: Kartana\n|-damage|p2a: Kartana|45\/100\n|\n|upkeep\n|turn|20\n|\n|t:|1701149419\n|move|p2a: Kartana|Giga Drain|p1a: Gliscor\n|-damage|p1a: Gliscor|68\/100 tox\n|-heal|p2a: Kartana|66\/100|[from] drain|[of] p1a: Gliscor\n|move|p1a: Gliscor|Toxic|p2a: Kartana\n|-status|p2a: Kartana|tox\n|\n|-damage|p2a: Kartana|60\/100 tox|[from] psn\n|-heal|p1a: Gliscor|80\/100 tox|[from] ability: Poison Heal\n|upkeep\n|turn|21\n|\n|t:|1701149425\n|move|p1a: Gliscor|Protect|p1a: Gliscor\n|-singleturn|p1a: Gliscor|Protect\n|move|p2a: Kartana|Giga Drain|p1a: Gliscor\n|-activate|p1a: Gliscor|move: Protect\n|\n|-damage|p2a: Kartana|48\/100 tox|[from] psn\n|-heal|p1a: Gliscor|93\/100 tox|[from] ability: Poison Heal\n|upkeep\n|turn|22\n|\n|t:|1701149433\n|switch|p1a: Skarmory|Skarmory, F|100\/100\n|move|p2a: Kartana|Psycho Cut|p1a: Skarmory\n|-resisted|p1a: Skarmory\n|-damage|p1a: Skarmory|92\/100\n|\n|-heal|p1a: Skarmory|98\/100|[from] item: Leftovers\n|-damage|p2a: Kartana|30\/100 tox|[from] psn\n|upkeep\n|turn|23\n|\n|t:|1701149443\n|switch|p2a: Charizard|Charizard-Mega-Y, F|43\/100 tox\n|-damage|p2a: Charizard|0 fnt|[from] Stealth Rock\n|faint|p2a: Charizard\n|move|p1a: Skarmory|Spikes|p2: Charizard\n|-sidestart|p2: Nigg4Gamer|Spikes\n|\n|-heal|p1a: Skarmory|100\/100|[from] item: Leftovers\n|upkeep\n|\n|t:|1701149448\n|switch|p2a: Kartana|Kartana, tera:Grass|30\/100 tox\n|-damage|p2a: Kartana|5\/100 tox|[from] Spikes\n|-damage|p2a: Kartana|0 fnt|[from] Stealth Rock\n|faint|p2a: Kartana\n|\n|t:|1701149451\n|switch|p2a: Iron Hands|Iron Hands|31\/100 tox\n|-damage|p2a: Iron Hands|6\/100 tox|[from] Spikes\n|-damage|p2a: Iron Hands|0 fnt|[from] Stealth Rock\n|faint|p2a: Iron Hands\n|-end|p2a: Iron Hands|Quark Drive|[silent]\n|\n|t:|1701149459\n|switch|p2a: Heatran|Heatran, M|100\/100\n|-damage|p2a: Heatran|76\/100|[from] Spikes\n|-damage|p2a: Heatran|63\/100|[from] Stealth Rock\n|turn|24\n|\n|t:|1701149464\n|switch|p1a: Toxapex|Toxapex, F|100\/100\n|move|p2a: Heatran|Body Press|p1a: Toxapex\n|-resisted|p1a: Toxapex\n|-damage|p1a: Toxapex|94\/100\n|\n|upkeep\n|turn|25\n|\n|t:|1701149470\n|switch|p2a: Venusaur|Venusaur, M|84\/100\n|-damage|p2a: Venusaur|59\/100|[from] Spikes\n|-damage|p2a: Venusaur|46\/100|[from] Stealth Rock\n|move|p1a: Toxapex|Scald|p2a: Venusaur\n|-resisted|p2a: Venusaur\n|-damage|p2a: Venusaur|38\/100\n|\n|upkeep\n|turn|26\n|\n|t:|1701149481\n|switch|p1a: Blissey|Blissey, F|60\/100\n|move|p2a: Venusaur|Body Slam|p1a: Blissey\n|-damage|p1a: Blissey|44\/100\n|\n|upkeep\n|turn|27\n|\n|t:|1701149488\n|switch|p2a: Garchomp|Garchomp, M|100\/100\n|-damage|p2a: Garchomp|76\/100|[from] Spikes\n|-damage|p2a: Garchomp|69\/100|[from] Stealth Rock\n|move|p1a: Blissey|Wish|p1a: Blissey\n|\n|upkeep\n|turn|28\n|\n|t:|1701149496\n|move|p2a: Garchomp|Draco Meteor|p1a: Blissey\n|-damage|p1a: Blissey|28\/100\n|-unboost|p2a: Garchomp|spa|2\n|move|p1a: Blissey|Toxic|p2a: Garchomp|[miss]\n|-miss|p1a: Blissey|p2a: Garchomp\n|\n|-heal|p1a: Blissey|78\/100|[from] move: Wish|[wisher] Blissey\n|upkeep\n|turn|29\n|\n|t:|1701149503\n|move|p2a: Garchomp|Crunch|p1a: Blissey\n|-damage|p1a: Blissey|58\/100\n|move|p1a: Blissey|Toxic|p2a: Garchomp\n|-status|p2a: Garchomp|tox\n|\n|-damage|p2a: Garchomp|63\/100 tox|[from] psn\n|upkeep\n|turn|30\n|\n|t:|1701149507\n|move|p2a: Garchomp|Body Slam|p1a: Blissey\n|-damage|p1a: Blissey|35\/100\n|move|p1a: Blissey|Wish|p1a: Blissey\n|\n|-damage|p2a: Garchomp|51\/100 tox|[from] psn\n|upkeep\n|turn|31\n|\n|t:|1701149515\n|move|p1a: Blissey|Protect|p1a: Blissey\n|-singleturn|p1a: Blissey|Protect\n|move|p2a: Garchomp|Aqua Tail|p1a: Blissey\n|-activate|p1a: Blissey|move: Protect\n|\n|-heal|p1a: Blissey|85\/100|[from] move: Wish|[wisher] Blissey\n|-damage|p2a: Garchomp|33\/100 tox|[from] psn\n|upkeep\n|turn|32\n|\n|t:|1701149522\n|switch|p2a: Venusaur|Venusaur, M|38\/100\n|-damage|p2a: Venusaur|13\/100|[from] Spikes\n|-damage|p2a: Venusaur|0 fnt|[from] Stealth Rock\n|faint|p2a: Venusaur\n|move|p1a: Blissey|Wish|p1a: Blissey\n|\n|upkeep\n|\n|t:|1701149524\n|switch|p2a: Garchomp|Garchomp, M|33\/100 tox\n|-damage|p2a: Garchomp|8\/100 tox|[from] Spikes\n|-damage|p2a: Garchomp|2\/100 tox|[from] Stealth Rock\n|turn|33\n|\n|t:|1701149529\n|switch|p1a: Skarmory|Skarmory, F|100\/100\n|move|p2a: Garchomp|Body Slam|p1a: Skarmory\n|-resisted|p1a: Skarmory\n|-damage|p1a: Skarmory|92\/100\n|\n|-heal|p1a: Skarmory|100\/100|[from] move: Wish|[wisher] Blissey\n|-damage|p2a: Garchomp|0 fnt|[from] psn\n|faint|p2a: Garchomp\n|upkeep\n|\n|t:|1701149533\n|switch|p2a: Heatran|Heatran, M|63\/100\n|-damage|p2a: Heatran|38\/100|[from] Spikes\n|-damage|p2a: Heatran|26\/100|[from] Stealth Rock\n|turn|34\n|c|\u2606Nigg4Gamer|*Rage Quit*\n|inactive|Nigg4Gamer has 270 seconds left.\n|\n|t:|1701149576\n|switch|p1a: Toxapex|Toxapex, F|100\/100\n|move|p2a: Heatran|Fire Blast|p1a: Toxapex\n|-resisted|p1a: Toxapex\n|-damage|p1a: Toxapex|78\/100\n|\n|upkeep\n|turn|35\n|\n|t:|1701149582\n|move|p2a: Heatran|Body Slam|p1a: Toxapex\n|-damage|p1a: Toxapex|67\/100\n|move|p1a: Toxapex|Scald|p2a: Heatran\n|-supereffective|p2a: Heatran\n|-damage|p2a: Heatran|0 fnt\n|faint|p2a: Heatran\n|\n|win|turtle lover 069\n","uploadtime":1701149589,"views":11,"p1id":"turtlelover069","p2id":"nigg4gamer","formatid":"gen9nationaldex","rating":0,"private":0,"password":""}