{"id":"gen9nationaldex-1998878473","p1":"Fv8hd","p2":"h0t water","format":"[Gen 9] National Dex","log":"|html|<div class=\"broadcast-blue\"><strong>[Gen 9] National Dex is currently suspecting Sneasler! For information on how to participate check out the <a href=\"https:\/\/www.smogon.com\/forums\/threads\/sv-national-dex-suspect-8-just-dance.3731534\/\">suspect thread<\/a>.<\/strong><\/div>\n|j|\u2606Fv8hd\n|j|\u2606h0t water\n|t:|1701007485\n|gametype|singles\n|player|p1|Fv8hd|102|1246\n|player|p2|h0t water|1|1258\n|teamsize|p1|2\n|teamsize|p2|6\n|gen|9\n|tier|[Gen 9] National Dex\n|rated|\n|rule|HP Percentage Mod: HP is shown in percentages\n|rule|Endless Battle Clause: Forcing endless battles is banned\n|rule|OHKO Clause: OHKO moves are banned\n|rule|Evasion Clause: Evasion abilities, items, and moves are banned\n|rule|Evasion Abilities Clause: Evasion abilities are banned\n|rule|Evasion Items Clause: Evasion items are banned\n|rule|Evasion Moves Clause: Evasion moves are banned\n|rule|Species Clause: Limit one of each Pok\u00e9mon\n|rule|Sleep Clause Mod: Limit one foe put to sleep\n|clearpoke\n|poke|p1|Ninetales-Alola, F|\n|poke|p1|Moltres-Galar|\n|poke|p2|Iron Valiant|\n|poke|p2|Ribombee, M|\n|poke|p2|Grimmsnarl, M|\n|poke|p2|Blaziken, M|\n|poke|p2|Espeon, M|\n|poke|p2|Haxorus, M|\n|teampreview\n|inactive|Battle timer is ON: inactive players will automatically lose when time's up. (requested by h0t water)\n|\n|t:|1701007496\n|start\n|switch|p1a: Ninetales|Ninetales-Alola, F|100\/100\n|switch|p2a: Espeon|Espeon, M|100\/100\n|-weather|Snow|[from] ability: Snow Warning|[of] p1a: Ninetales\n|turn|1\n|\n|t:|1701007514\n|move|p2a: Espeon|Trick|p1a: Ninetales\n|-activate|p2a: Espeon|move: Trick|[of] p1a: Ninetales\n|-item|p1a: Ninetales|Choice Specs|[from] move: Trick\n|-item|p2a: Espeon|Icy Rock|[from] move: Trick\n|move|p1a: Ninetales|Aurora Veil|p1a: Ninetales\n|-sidestart|p1: Fv8hd|move: Aurora Veil\n|\n|-weather|Snow|[upkeep]\n|upkeep\n|turn|2\n|\n|t:|1701007526\n|switch|p1a: Moltres|Moltres-Galar|100\/100\n|move|p2a: Espeon|Dazzling Gleam|p1a: Moltres\n|-supereffective|p1a: Moltres\n|-damage|p1a: Moltres|87\/100\n|\n|-weather|Snow|[upkeep]\n|upkeep\n|turn|3\n|\n|t:|1701007534\n|-terastallize|p1a: Moltres|Ice\n|move|p2a: Espeon|Trick|p1a: Moltres\n|-activate|p2a: Espeon|move: Trick|[of] p1a: Moltres\n|-item|p1a: Moltres|Icy Rock|[from] move: Trick\n|-item|p2a: Espeon|Assault Vest|[from] move: Trick\n|move|p1a: Moltres|Fiery Wrath|p2a: Espeon\n|-supereffective|p2a: Espeon\n|-damage|p2a: Espeon|45\/100\n|\n|-weather|Snow|[upkeep]\n|upkeep\n|turn|4\n|\n|t:|1701007545\n|move|p2a: Espeon|Psychic|p1a: Moltres\n|-damage|p1a: Moltres|70\/100\n|move|p1a: Moltres|Fiery Wrath|p2a: Espeon\n|-supereffective|p2a: Espeon\n|-damage|p2a: Espeon|0 fnt\n|faint|p2a: Espeon\n|\n|-weather|Snow|[upkeep]\n|upkeep\n|\n|t:|1701007553\n|switch|p2a: Ribombee|Ribombee, M|100\/100\n|turn|5\n|\n|t:|1701007559\n|move|p2a: Ribombee|Stun Spore|p1a: Moltres|[miss]\n|-miss|p2a: Ribombee|p1a: Moltres\n|move|p1a: Moltres|Air Slash|p2a: Ribombee|[miss]\n|-miss|p1a: Moltres|p2a: Ribombee\n|\n|-weather|Snow|[upkeep]\n|-sideend|p1: Fv8hd|move: Aurora Veil\n|upkeep\n|turn|6\n|\n|t:|1701007564\n|move|p2a: Ribombee|Stun Spore|p1a: Moltres\n|-status|p1a: Moltres|par\n|cant|p1a: Moltres|par\n|\n|-weather|Snow|[upkeep]\n|upkeep\n|turn|7\n|\n|t:|1701007569\n|move|p2a: Ribombee|Moonblast|p1a: Moltres\n|-damage|p1a: Moltres|40\/100 par\n|-ability|p1a: Moltres|Berserk|boost\n|-boost|p1a: Moltres|spa|1\n|move|p1a: Moltres|Air Slash|p2a: Ribombee\n|-supereffective|p2a: Ribombee\n|-enditem|p2a: Ribombee|Focus Sash\n|-damage|p2a: Ribombee|1\/100\n|\n|-weather|Snow|[upkeep]\n|upkeep\n|turn|8\n|\n|t:|1701007578\n|move|p2a: Ribombee|Moonblast|p1a: Moltres\n|-damage|p1a: Moltres|13\/100 par\n|-unboost|p1a: Moltres|spa|1\n|move|p1a: Moltres|U-turn|p2a: Ribombee\n|-resisted|p2a: Ribombee\n|-damage|p2a: Ribombee|0 fnt\n|faint|p2a: Ribombee\n|\n|t:|1701007585\n|switch|p1a: Ninetales|Ninetales-Alola, F|100\/100|[from] U-turn\n|\n|-weather|none\n|upkeep\n|\n|t:|1701007600\n|switch|p2a: Blaziken|Blaziken, M|100\/100\n|turn|9\n|\n|t:|1701007604\n|switch|p1a: Moltres|Moltres-Galar, tera:Ice|13\/100 par\n|move|p2a: Blaziken|Swords Dance|p2a: Blaziken\n|-boost|p2a: Blaziken|atk|2\n|\n|-ability|p2a: Blaziken|Speed Boost|boost\n|-boost|p2a: Blaziken|spe|1\n|upkeep\n|turn|10\n|\n|t:|1701007616\n|move|p2a: Blaziken|Blaze Kick|p1a: Moltres\n|-supereffective|p1a: Moltres\n|-damage|p1a: Moltres|0 fnt\n|faint|p1a: Moltres\n|\n|-ability|p2a: Blaziken|Speed Boost|boost\n|-boost|p2a: Blaziken|spe|1\n|upkeep\n|\n|t:|1701007624\n|switch|p1a: Ninetales|Ninetales-Alola, F|100\/100\n|-weather|Snow|[from] ability: Snow Warning|[of] p1a: Ninetales\n|turn|11\n|\n|t:|1701007631\n|move|p2a: Blaziken|Blaze Kick|p1a: Ninetales\n|-supereffective|p1a: Ninetales\n|-damage|p1a: Ninetales|0 fnt\n|faint|p1a: Ninetales\n|\n|win|h0t water\n|raw|Fv8hd's rating: 1246 &rarr; <strong>1222<\/strong><br \/>(-24 for losing)\n|raw|h0t water's rating: 1258 &rarr; <strong>1282<\/strong><br \/>(+24 for winning)\n|l|\u2606Fv8hd\n","uploadtime":1701007638,"views":1,"p1id":"fv8hd","p2id":"h0twater","formatid":"gen9nationaldex","rating":1222,"private":0,"password":""}