{"id":"gen9nationaldex-1995969725","p1":"daybreak wave4","p2":"IceBerryCoffee","format":"[Gen 9] National Dex","log":"|html|<div class=\"broadcast-blue\"><strong>[Gen 9] National Dex is currently suspecting Sneasler! For information on how to participate check out the <a href=\"https:\/\/www.smogon.com\/forums\/threads\/sv-national-dex-suspect-8-just-dance.3731534\/\">suspect thread<\/a>.<\/strong><\/div>\n|j|\u2606daybreak wave4\n|j|\u2606IceBerryCoffee\n|t:|1700623459\n|gametype|singles\n|player|p1|daybreak wave4|lillie-masters2|1268\n|player|p2|IceBerryCoffee|265|1247\n|teamsize|p1|6\n|teamsize|p2|6\n|gen|9\n|tier|[Gen 9] National Dex\n|rated|\n|rule|HP Percentage Mod: HP is shown in percentages\n|rule|Endless Battle Clause: Forcing endless battles is banned\n|rule|OHKO Clause: OHKO moves are banned\n|rule|Evasion Clause: Evasion abilities, items, and moves are banned\n|rule|Evasion Abilities Clause: Evasion abilities are banned\n|rule|Evasion Items Clause: Evasion items are banned\n|rule|Evasion Moves Clause: Evasion moves are banned\n|rule|Species Clause: Limit one of each Pok\u00e9mon\n|rule|Sleep Clause Mod: Limit one foe put to sleep\n|clearpoke\n|poke|p1|Garganacl, M|\n|poke|p1|Crabominable, F|\n|poke|p1|Great Tusk|\n|poke|p1|Moltres|\n|poke|p1|Hoopa-Unbound|\n|poke|p1|Sceptile, F|\n|poke|p2|Maushold-Four|\n|poke|p2|Empoleon, M|\n|poke|p2|Conkeldurr, F|\n|poke|p2|Typhlosion-Hisui, M|\n|poke|p2|Gyarados, F|\n|poke|p2|Hydreigon, M|\n|teampreview\n|inactive|Battle timer is ON: inactive players will automatically lose when time's up. (requested by IceBerryCoffee)\n|\n|t:|1700623494\n|start\n|switch|p1a: Crabominable|Crabominable, F|100\/100\n|switch|p2a: Hydreigon|Hydreigon, M|100\/100\n|turn|1\n|\n|t:|1700623508\n|move|p2a: Hydreigon|Draco Meteor|p1a: Crabominable\n|-damage|p1a: Crabominable|28\/100\n|-unboost|p2a: Hydreigon|spa|2\n|move|p1a: Crabominable|Drain Punch|p2a: Hydreigon\n|-supereffective|p2a: Hydreigon\n|-damage|p2a: Hydreigon|0 fnt\n|-heal|p1a: Crabominable|69\/100|[from] drain|[of] p2a: Hydreigon\n|faint|p2a: Hydreigon\n|\n|upkeep\n|\n|t:|1700623517\n|switch|p2a: Typhlosion|Typhlosion-Hisui, M|100\/100\n|-item|p1a: Crabominable|Assault Vest|[from] ability: Frisk|[of] p2a: Typhlosion|[identify]\n|turn|2\n|\n|t:|1700623531\n|switch|p1a: Garganacl|Garganacl, M|100\/100\n|-terastallize|p2a: Typhlosion|Fire\n|move|p2a: Typhlosion|Eruption|p1a: Garganacl\n|-resisted|p1a: Garganacl\n|-damage|p1a: Garganacl|67\/100\n|\n|-heal|p1a: Garganacl|73\/100|[from] item: Leftovers\n|upkeep\n|turn|3\n|\n|t:|1700623542\n|switch|p2a: Empoleon|Empoleon, M|100\/100\n|move|p1a: Garganacl|Stealth Rock|p2a: Empoleon\n|-sidestart|p2: IceBerryCoffee|move: Stealth Rock\n|\n|-heal|p1a: Garganacl|79\/100|[from] item: Leftovers\n|upkeep\n|turn|4\n|\n|t:|1700623548\n|move|p2a: Empoleon|Surf|p1a: Garganacl\n|-supereffective|p1a: Garganacl\n|-damage|p1a: Garganacl|37\/100\n|move|p1a: Garganacl|Salt Cure|p2a: Empoleon\n|-resisted|p2a: Empoleon\n|-damage|p2a: Empoleon|95\/100\n|-start|p2a: Empoleon|Salt Cure\n|\n|-heal|p2a: Empoleon|100\/100|[from] item: Leftovers\n|-heal|p1a: Garganacl|43\/100|[from] item: Leftovers\n|-damage|p2a: Empoleon|75\/100|[from] Salt Cure\n|upkeep\n|turn|5\n|\n|t:|1700623559\n|move|p1a: Garganacl|Protect|p1a: Garganacl\n|-singleturn|p1a: Garganacl|Protect\n|move|p2a: Empoleon|Flip Turn|p1a: Garganacl\n|-activate|p1a: Garganacl|move: Protect\n|\n|-heal|p2a: Empoleon|82\/100|[from] item: Leftovers\n|-heal|p1a: Garganacl|49\/100|[from] item: Leftovers\n|-damage|p2a: Empoleon|57\/100|[from] Salt Cure\n|upkeep\n|turn|6\n|\n|t:|1700623568\n|move|p2a: Empoleon|Flip Turn|p1a: Garganacl\n|-supereffective|p1a: Garganacl\n|-damage|p1a: Garganacl|24\/100\n|\n|t:|1700623571\n|switch|p2a: Maushold|Maushold-Four|100\/100|[from] Flip Turn\n|-damage|p2a: Maushold|88\/100|[from] Stealth Rock\n|move|p1a: Garganacl|Recover|p1a: Garganacl\n|-heal|p1a: Garganacl|74\/100\n|\n|-heal|p1a: Garganacl|80\/100|[from] item: Leftovers\n|upkeep\n|turn|7\n|\n|t:|1700623580\n|move|p2a: Maushold|Tidy Up|p2a: Maushold\n|-sideend|p2: IceBerryCoffee|Stealth Rock\n|-activate|p2a: Maushold|move: Tidy Up\n|-boost|p2a: Maushold|atk|1\n|-boost|p2a: Maushold|spe|1\n|move|p1a: Garganacl|Salt Cure|p2a: Maushold\n|-damage|p2a: Maushold|66\/100\n|-start|p2a: Maushold|Salt Cure\n|\n|-heal|p1a: Garganacl|86\/100|[from] item: Leftovers\n|-damage|p2a: Maushold|53\/100|[from] Salt Cure\n|upkeep\n|turn|8\n|\n|t:|1700623591\n|move|p2a: Maushold|Population Bomb|p1a: Garganacl\n|-resisted|p1a: Garganacl\n|-damage|p1a: Garganacl|81\/100\n|-resisted|p1a: Garganacl\n|-damage|p1a: Garganacl|76\/100\n|-resisted|p1a: Garganacl\n|-crit|p1a: Garganacl\n|-damage|p1a: Garganacl|67\/100\n|-resisted|p1a: Garganacl\n|-damage|p1a: Garganacl|62\/100\n|-resisted|p1a: Garganacl\n|-damage|p1a: Garganacl|57\/100\n|-resisted|p1a: Garganacl\n|-damage|p1a: Garganacl|51\/100\n|-resisted|p1a: Garganacl\n|-damage|p1a: Garganacl|46\/100\n|-resisted|p1a: Garganacl\n|-crit|p1a: Garganacl\n|-damage|p1a: Garganacl|38\/100\n|-resisted|p1a: Garganacl\n|-damage|p1a: Garganacl|32\/100\n|-resisted|p1a: Garganacl\n|-damage|p1a: Garganacl|27\/100\n|-hitcount|p1a: Garganacl|10\n|move|p1a: Garganacl|Stealth Rock|p2a: Maushold\n|-sidestart|p2: IceBerryCoffee|move: Stealth Rock\n|\n|-heal|p1a: Garganacl|33\/100|[from] item: Leftovers\n|-damage|p2a: Maushold|41\/100|[from] Salt Cure\n|upkeep\n|turn|9\n|\n|t:|1700623613\n|move|p1a: Garganacl|Protect|p1a: Garganacl\n|-singleturn|p1a: Garganacl|Protect\n|move|p2a: Maushold|Tidy Up|p2a: Maushold\n|-sideend|p2: IceBerryCoffee|Stealth Rock\n|-activate|p2a: Maushold|move: Tidy Up\n|-boost|p2a: Maushold|atk|1\n|-boost|p2a: Maushold|spe|1\n|\n|-heal|p1a: Garganacl|39\/100|[from] item: Leftovers\n|-damage|p2a: Maushold|29\/100|[from] Salt Cure\n|upkeep\n|turn|10\n|\n|t:|1700623622\n|move|p1a: Garganacl|Protect|p1a: Garganacl\n|-singleturn|p1a: Garganacl|Protect\n|move|p2a: Maushold|Population Bomb|p1a: Garganacl\n|-activate|p1a: Garganacl|move: Protect\n|\n|-heal|p1a: Garganacl|45\/100|[from] item: Leftovers\n|-damage|p2a: Maushold|16\/100|[from] Salt Cure\n|upkeep\n|turn|11\n|\n|t:|1700623631\n|move|p2a: Maushold|Population Bomb|p1a: Garganacl\n|-resisted|p1a: Garganacl\n|-damage|p1a: Garganacl|38\/100\n|-resisted|p1a: Garganacl\n|-damage|p1a: Garganacl|31\/100\n|-resisted|p1a: Garganacl\n|-damage|p1a: Garganacl|23\/100\n|-resisted|p1a: Garganacl\n|-damage|p1a: Garganacl|16\/100\n|-resisted|p1a: Garganacl\n|-damage|p1a: Garganacl|9\/100\n|-resisted|p1a: Garganacl\n|-crit|p1a: Garganacl\n|-damage|p1a: Garganacl|0 fnt\n|faint|p1a: Garganacl\n|-hitcount|p1: Garganacl|6\n|\n|-damage|p2a: Maushold|4\/100|[from] Salt Cure\n|upkeep\n|\n|t:|1700623644\n|switch|p1a: \u70c8\u7bad\u9e70|Moltres|100\/100\n|turn|12\n|\n|t:|1700623647\n|move|p2a: Maushold|Population Bomb|p1a: \u70c8\u7bad\u9e70\n|-damage|p1a: \u70c8\u7bad\u9e70|84\/100\n|-damage|p1a: \u70c8\u7bad\u9e70|69\/100\n|-damage|p1a: \u70c8\u7bad\u9e70|55\/100\n|-damage|p1a: \u70c8\u7bad\u9e70|38\/100\n|-status|p2a: Maushold|brn|[from] ability: Flame Body|[of] p1a: \u70c8\u7bad\u9e70\n|-crit|p1a: \u70c8\u7bad\u9e70\n|-damage|p1a: \u70c8\u7bad\u9e70|27\/100\n|-damage|p1a: \u70c8\u7bad\u9e70|19\/100\n|-damage|p1a: \u70c8\u7bad\u9e70|12\/100\n|-damage|p1a: \u70c8\u7bad\u9e70|5\/100\n|-crit|p1a: \u70c8\u7bad\u9e70\n|-damage|p1a: \u70c8\u7bad\u9e70|0 fnt\n|faint|p1a: \u70c8\u7bad\u9e70\n|-hitcount|p1: \u70c8\u7bad\u9e70|9\n|\n|-damage|p2a: Maushold|0 fnt|[from] brn\n|faint|p2a: Maushold\n|upkeep\n|inactive|IceBerryCoffee has 120 seconds left.\n|\n|t:|1700623680\n|switch|p2a: Gyarados|Gyarados, F|100\/100\n|switch|p1a: Hoopa|Hoopa-Unbound|100\/100\n|-ability|p2a: Gyarados|Intimidate|boost\n|-unboost|p1a: Hoopa|atk|1\n|turn|13\n|inactive|IceBerryCoffee has 120 seconds left.\n|inactive|daybreak wave4 has 120 seconds left.\n|inactive|daybreak wave4 has 90 seconds left.\n|\n|t:|1700623747\n|detailschange|p2a: Gyarados|Gyarados-Mega, F\n|-mega|p2a: Gyarados|Gyarados|Gyaradosite\n|-ability|p2a: Gyarados|Mold Breaker\n|move|p1a: Hoopa|Thunderbolt|p2a: Gyarados\n|-supereffective|p2a: Gyarados\n|-damage|p2a: Gyarados|38\/100\n|move|p2a: Gyarados|Substitute|p2a: Gyarados\n|-start|p2a: Gyarados|Substitute\n|-damage|p2a: Gyarados|13\/100\n|\n|upkeep\n|turn|14\n|inactive|daybreak wave4 has 90 seconds left.\n|inactive|IceBerryCoffee has 120 seconds left.\n|\n|t:|1700623765\n|move|p1a: Hoopa|Thunderbolt|p2a: Gyarados\n|-supereffective|p2a: Gyarados\n|-end|p2a: Gyarados|Substitute\n|move|p2a: Gyarados|Dragon Dance|p2a: Gyarados\n|-boost|p2a: Gyarados|atk|1\n|-boost|p2a: Gyarados|spe|1\n|\n|upkeep\n|turn|15\n|inactive|IceBerryCoffee has 120 seconds left.\n|inactive|daybreak wave4 has 90 seconds left.\n|\n|t:|1700623784\n|move|p2a: Gyarados|Waterfall|p1a: Hoopa\n|-damage|p1a: Hoopa|0 fnt\n|faint|p1a: Hoopa\n|\n|upkeep\n|\n|t:|1700623793\n|switch|p1a: Great Tusk|Great Tusk|100\/100\n|turn|16\n|inactive|daybreak wave4 has 90 seconds left.\n|\n|t:|1700623800\n|-terastallize|p1a: Great Tusk|Water\n|move|p2a: Gyarados|Waterfall|p1a: Great Tusk\n|-resisted|p1a: Great Tusk\n|-damage|p1a: Great Tusk|74\/100\n|cant|p1a: Great Tusk|flinch\n|\n|upkeep\n|turn|17\n|\n|t:|1700623806\n|move|p2a: Gyarados|Crunch|p1a: Great Tusk\n|-damage|p1a: Great Tusk|21\/100\n|-unboost|p1a: Great Tusk|def|1\n|move|p1a: Great Tusk|Rapid Spin|p2a: Gyarados\n|-damage|p2a: Gyarados|0 fnt\n|-boost|p1a: Great Tusk|spe|1\n|faint|p2a: Gyarados\n|\n|upkeep\n|\n|t:|1700623815\n|switch|p2a: Conkeldurr|Conkeldurr, F|100\/100\n|turn|18\n|\n|t:|1700623822\n|move|p2a: Conkeldurr|Mach Punch|p1a: Great Tusk\n|-damage|p1a: Great Tusk|0 fnt\n|faint|p1a: Great Tusk\n|-end|p1a: Great Tusk|Protosynthesis|[silent]\n|\n|-status|p2a: Conkeldurr|brn|[from] item: Flame Orb\n|upkeep\n|\n|t:|1700623832\n|switch|p1a: Sceptile|Sceptile, F|100\/100\n|turn|19\n|\n|t:|1700623840\n|detailschange|p1a: Sceptile|Sceptile-Mega, F\n|-mega|p1a: Sceptile|Sceptile|Sceptilite\n|move|p1a: Sceptile|Leaf Storm|p2a: Conkeldurr\n|-damage|p2a: Conkeldurr|2\/100 brn\n|-unboost|p1a: Sceptile|spa|2\n|move|p2a: Conkeldurr|Facade|p1a: Sceptile\n|-damage|p1a: Sceptile|0 fnt\n|faint|p1a: Sceptile\n|\n|-damage|p2a: Conkeldurr|0 fnt|[from] brn\n|faint|p2a: Conkeldurr\n|upkeep\n|inactive|daybreak wave4 has 120 seconds left.\n|\n|t:|1700623851\n|switch|p1a: Crabominable|Crabominable, F|69\/100\n|switch|p2a: Typhlosion|Typhlosion-Hisui, M, tera:Fire|100\/100\n|-item|p1a: Crabominable|Assault Vest|[from] ability: Frisk|[of] p2a: Typhlosion|[identify]\n|turn|20\n|\n|t:|1700623858\n|move|p2a: Typhlosion|Eruption|p1a: Crabominable\n|-supereffective|p1a: Crabominable\n|-damage|p1a: Crabominable|0 fnt\n|faint|p1a: Crabominable\n|\n|win|IceBerryCoffee\n|raw|daybreak wave4's rating: 1268 &rarr; <strong>1241<\/strong><br \/>(-27 for losing)\n|raw|IceBerryCoffee's rating: 1247 &rarr; <strong>1274<\/strong><br \/>(+27 for winning)\n|l|\u2606daybreak wave4\n","uploadtime":1700623865,"views":0,"p1id":"daybreakwave4","p2id":"iceberrycoffee","formatid":"gen9nationaldex","rating":1241,"private":0,"password":""}