{"id":"gen9nationaldex-1994211732","p1":"FeioNando","p2":"Art5623","format":"[Gen 9] National Dex","log":"|j|\u2606FeioNando\n|j|\u2606Art5623\n|t:|1700419427\n|gametype|singles\n|player|p1|FeioNando|serena-anime|1000\n|player|p2|Art5623|hilbert|1068\n|teamsize|p1|6\n|teamsize|p2|6\n|gen|9\n|tier|[Gen 9] National Dex\n|rated|\n|rule|HP Percentage Mod: HP is shown in percentages\n|rule|Endless Battle Clause: Forcing endless battles is banned\n|rule|OHKO Clause: OHKO moves are banned\n|rule|Evasion Clause: Evasion abilities, items, and moves are banned\n|rule|Evasion Abilities Clause: Evasion abilities are banned\n|rule|Evasion Items Clause: Evasion items are banned\n|rule|Evasion Moves Clause: Evasion moves are banned\n|rule|Species Clause: Limit one of each Pok\u00e9mon\n|rule|Sleep Clause Mod: Limit one foe put to sleep\n|clearpoke\n|poke|p1|Salazzle, F|\n|poke|p1|Emboar, M|\n|poke|p1|Marowak-Alola, F|\n|poke|p1|Talonflame, M|\n|poke|p1|Magcargo, F|\n|poke|p1|Torracat, M|\n|poke|p2|Primarina, M|\n|poke|p2|Diggersby, M|\n|poke|p2|Talonflame, M|\n|poke|p2|Luxray, M|\n|poke|p2|Azumarill, F|\n|poke|p2|Zoroark, M|\n|teampreview\n|inactive|Battle timer is ON: inactive players will automatically lose when time's up. (requested by Art5623)\n|\n|t:|1700419455\n|start\n|switch|p1a: Salazzle|Salazzle, F|100\/100\n|switch|p2a: Azumarill|Azumarill, F|100\/100\n|turn|1\n|\n|t:|1700419462\n|-terastallize|p2a: Azumarill|Steel\n|move|p1a: Salazzle|Protect|p1a: Salazzle\n|-singleturn|p1a: Salazzle|Protect\n|move|p2a: Azumarill|Aqua Ring|p2a: Azumarill\n|-start|p2a: Azumarill|Aqua Ring\n|\n|upkeep\n|turn|2\n|\n|t:|1700419471\n|move|p1a: Salazzle|Toxic|p2a: Azumarill\n|-status|p2a: Azumarill|tox\n|move|p2a: Azumarill|Aqua Tail|p1a: Salazzle\n|-supereffective|p1a: Salazzle\n|-damage|p1a: Salazzle|10\/100\n|\n|-heal|p1a: Salazzle|16\/100|[from] item: Black Sludge\n|-damage|p2a: Azumarill|94\/100 tox|[from] psn\n|upkeep\n|turn|3\n|\n|t:|1700419481\n|move|p1a: Salazzle|Disable|p2a: Azumarill\n|-start|p2a: Azumarill|Disable|Aqua Tail\n|cant|p2a: Azumarill|Disable|Aqua Tail\n|\n|-heal|p1a: Salazzle|22\/100|[from] item: Black Sludge\n|-heal|p2a: Azumarill|100\/100 tox|[from] Aqua Ring\n|-damage|p2a: Azumarill|88\/100 tox|[from] psn\n|upkeep\n|turn|4\n|\n|t:|1700419492\n|move|p1a: Salazzle|Protect|p1a: Salazzle\n|-singleturn|p1a: Salazzle|Protect\n|move|p2a: Azumarill|Play Rough|p1a: Salazzle\n|-activate|p1a: Salazzle|move: Protect\n|\n|-heal|p1a: Salazzle|28\/100|[from] item: Black Sludge\n|-heal|p2a: Azumarill|94\/100 tox|[from] Aqua Ring\n|-damage|p2a: Azumarill|76\/100 tox|[from] psn\n|upkeep\n|turn|5\n|\n|t:|1700419501\n|move|p1a: Salazzle|Substitute|p1a: Salazzle\n|-start|p1a: Salazzle|Substitute\n|-damage|p1a: Salazzle|3\/100\n|move|p2a: Azumarill|Superpower|p1a: Salazzle\n|-resisted|p1a: Salazzle\n|-activate|p1a: Salazzle|move: Substitute|[damage]\n|-unboost|p2a: Azumarill|atk|1\n|-unboost|p2a: Azumarill|def|1\n|\n|-heal|p1a: Salazzle|10\/100|[from] item: Black Sludge\n|-heal|p2a: Azumarill|82\/100 tox|[from] Aqua Ring\n|-damage|p2a: Azumarill|57\/100 tox|[from] psn\n|upkeep\n|turn|6\n|\n|t:|1700419513\n|move|p1a: Salazzle|Protect|p1a: Salazzle\n|-singleturn|p1a: Salazzle|Protect\n|move|p2a: Azumarill|Play Rough|p1a: Salazzle\n|-activate|p1a: Salazzle|move: Protect\n|\n|-heal|p1a: Salazzle|16\/100|[from] item: Black Sludge\n|-heal|p2a: Azumarill|63\/100 tox|[from] Aqua Ring\n|-damage|p2a: Azumarill|32\/100 tox|[from] psn\n|-end|p2a: Azumarill|Disable\n|upkeep\n|-enditem|p2a: Azumarill|Sitrus Berry|[eat]\n|-heal|p2a: Azumarill|57\/100 tox|[from] item: Sitrus Berry\n|turn|7\n|c|\u2606FeioNando|nice team\n|\n|t:|1700419530\n|move|p1a: Salazzle|Disable|p2a: Azumarill\n|-start|p2a: Azumarill|Disable|Play Rough\n|cant|p2a: Azumarill|Disable|Play Rough\n|\n|-heal|p1a: Salazzle|22\/100|[from] item: Black Sludge\n|-heal|p2a: Azumarill|63\/100 tox|[from] Aqua Ring\n|-damage|p2a: Azumarill|26\/100 tox|[from] psn\n|upkeep\n|turn|8\n|c|\u2606Art5623|tu \u00e9 br?\n|c|\u2606FeioNando|sou kk\n|c|\u2606Art5623|tbm, com o esse nick ai, da pra saber dboa kk\n|inactive|Art5623 has 120 seconds left.\n|\n|t:|1700419568\n|move|p1a: Salazzle|Protect|p1a: Salazzle\n|-singleturn|p1a: Salazzle|Protect\n|move|p2a: Azumarill|Aqua Tail|p1a: Salazzle\n|-activate|p1a: Salazzle|move: Protect\n|\n|-heal|p1a: Salazzle|28\/100|[from] item: Black Sludge\n|-heal|p2a: Azumarill|32\/100 tox|[from] Aqua Ring\n|-damage|p2a: Azumarill|0 fnt|[from] psn\n|faint|p2a: Azumarill\n|upkeep\n|c|\u2606FeioNando|pse :vv\n|\n|t:|1700419574\n|switch|p2a: Primarino|Primarina, M|100\/100\n|turn|9\n|inactive|Art5623 has 120 seconds left.\n|\n|t:|1700419588\n|move|p1a: Salazzle|Toxic|p2a: Primarino\n|-status|p2a: Primarino|tox\n|move|p2a: Primarino|Night Daze|p1a: Salazzle\n|-end|p1a: Salazzle|Substitute\n|\n|-heal|p1a: Salazzle|34\/100|[from] item: Black Sludge\n|-damage|p2a: Primarino|94\/100 tox|[from] psn\n|upkeep\n|turn|10\n|\n|t:|1700419596\n|move|p1a: Salazzle|Protect|p1a: Salazzle\n|-singleturn|p1a: Salazzle|Protect\n|move|p2a: Primarino|Night Daze|p1a: Salazzle\n|-activate|p1a: Salazzle|move: Protect\n|\n|-heal|p1a: Salazzle|41\/100|[from] item: Black Sludge\n|-damage|p2a: Primarino|82\/100 tox|[from] psn\n|upkeep\n|turn|11\n|\n|t:|1700419604\n|move|p1a: Salazzle|Disable|p2a: Primarino\n|-start|p2a: Primarino|Disable|Night Daze\n|cant|p2a: Primarino|Disable|Night Daze\n|\n|-heal|p1a: Salazzle|47\/100|[from] item: Black Sludge\n|-damage|p2a: Primarino|64\/100 tox|[from] psn\n|upkeep\n|turn|12\n|\n|t:|1700419612\n|move|p1a: Salazzle|Substitute|p1a: Salazzle\n|-start|p1a: Salazzle|Substitute\n|-damage|p1a: Salazzle|22\/100\n|move|p2a: Primarino|Foul Play|p1a: Salazzle\n|-end|p1a: Salazzle|Substitute\n|\n|-heal|p1a: Salazzle|28\/100|[from] item: Black Sludge\n|-damage|p2a: Primarino|40\/100 tox|[from] psn\n|upkeep\n|turn|13\n|\n|t:|1700419621\n|move|p1a: Salazzle|Protect|p1a: Salazzle\n|-singleturn|p1a: Salazzle|Protect\n|move|p2a: Primarino|Foul Play|p1a: Salazzle\n|-activate|p1a: Salazzle|move: Protect\n|\n|-heal|p1a: Salazzle|34\/100|[from] item: Black Sludge\n|-damage|p2a: Primarino|10\/100 tox|[from] psn\n|upkeep\n|turn|14\n|\n|t:|1700419629\n|move|p1a: Salazzle|Substitute|p1a: Salazzle\n|-start|p1a: Salazzle|Substitute\n|-damage|p1a: Salazzle|10\/100\n|move|p2a: Primarino|Foul Play|p1a: Salazzle\n|-activate|p1a: Salazzle|move: Substitute|[damage]\n|\n|-heal|p1a: Salazzle|16\/100|[from] item: Black Sludge\n|-damage|p2a: Primarino|0 fnt|[from] psn\n|faint|p2a: Primarino\n|upkeep\n|c|\u2606Art5623|cara, vc n enjoa n?\n|c|\u2606FeioNando|n\u00e3o, amo stall\n|\n|t:|1700419648\n|switch|p2a: Primarino|Primarina, M|100\/100\n|turn|15\n|c|\u2606FeioNando|KKKK os kra fica p*to\n|\n|t:|1700419658\n|move|p1a: Salazzle|Toxic|p2a: Primarino\n|-status|p2a: Primarino|tox\n|move|p2a: Primarino|Sparkling Aria|p1a: Salazzle\n|-supereffective|p1a: Salazzle\n|-damage|p1a: Salazzle|0 fnt\n|faint|p1a: Salazzle\n|\n|-damage|p2a: Primarino|94\/100 tox|[from] psn\n|upkeep\n|c|\u2606Art5623|tbm, d\u00e1 m\u00f3 agonia\n|\n|t:|1700419672\n|switch|p1a: Talonflame|Talonflame, M|100\/100\n|turn|16\n|\n|t:|1700419676\n|move|p1a: Talonflame|Tailwind|p1a: Talonflame\n|-sidestart|p1: FeioNando|move: Tailwind\n|move|p2a: Primarino|Sparkling Aria|p1a: Talonflame\n|-supereffective|p1a: Talonflame\n|-damage|p1a: Talonflame|0 fnt\n|faint|p1a: Talonflame\n|\n|-damage|p2a: Primarino|82\/100 tox|[from] psn\n|upkeep\n|\n|t:|1700419684\n|switch|p1a: Marowak|Marowak-Alola, F|100\/100\n|turn|17\n|c|\u2606Art5623|qual \u00e9 o teu mais forte ae?\n|inactive|Art5623 has 120 seconds left.\n|\n|t:|1700419721\n|move|p1a: Marowak|Thunderbolt|p2a: Primarino\n|-supereffective|p2a: Primarino\n|-damage|p2a: Primarino|21\/100 tox\n|move|p2a: Primarino|Sparkling Aria|p1a: Marowak\n|-supereffective|p1a: Marowak\n|-damage|p1a: Marowak|0 fnt\n|faint|p1a: Marowak\n|\n|-damage|p2a: Primarino|2\/100 tox|[from] psn\n|upkeep\n|c|\u2606FeioNando|a Salazzle e o emboar eu acho\n|\n|t:|1700419730\n|switch|p1a: Torracat|Torracat, M|100\/100\n|-ability|p1a: Torracat|Intimidate|boost\n|-unboost|p2a: Primarino|atk|1\n|turn|18\n|c|\u2606Art5623|eu tenho o zmove, e eu queria usar\n|inactive|Art5623 has 120 seconds left.\n|c|\u2606Art5623|mas n vai dar mais\n|\n|t:|1700419748\n|move|p2a: Primarino|Aqua Jet|p1a: Torracat\n|-supereffective|p1a: Torracat\n|-damage|p1a: Torracat|74\/100\n|move|p1a: Torracat|Flame Charge|p2a: Primarino\n|-resisted|p2a: Primarino\n|-damage|p2a: Primarino|0 fnt\n|-boost|p1a: Torracat|spe|1\n|faint|p2a: Primarino\n|\n|upkeep\n|c|\u2606FeioNando|f\n|\n|t:|1700419760\n|switch|p2a: Luxray|Luxray, M|100\/100\n|-ability|p2a: Luxray|Intimidate|boost\n|-unboost|p1a: Torracat|atk|1\n|turn|19\n|\n|t:|1700419768\n|move|p1a: Torracat|Bulk Up|p1a: Torracat\n|-boost|p1a: Torracat|atk|1\n|-boost|p1a: Torracat|def|1\n|move|p2a: Luxray|Crunch|p1a: Torracat\n|-damage|p1a: Torracat|53\/100\n|\n|-sideend|p1: FeioNando|move: Tailwind\n|upkeep\n|turn|20\n|inactive|Art5623 has 120 seconds left.\n|\n|t:|1700419780\n|move|p1a: Torracat|Swords Dance|p1a: Torracat\n|-boost|p1a: Torracat|atk|2\n|move|p2a: Luxray|Wild Charge|p1a: Torracat\n|-damage|p1a: Torracat|16\/100\n|-damage|p2a: Luxray|92\/100|[from] Recoil\n|\n|upkeep\n|turn|21\n|inactive|Art5623 has 120 seconds left.\n|\n|t:|1700419787\n|move|p1a: Torracat|Power Trip|p2a: Luxray\n|-damage|p2a: Luxray|41\/100\n|-enditem|p2a: Luxray|Sitrus Berry|[eat]\n|-heal|p2a: Luxray|66\/100|[from] item: Sitrus Berry\n|move|p2a: Luxray|Wild Charge|p1a: Torracat\n|-damage|p1a: Torracat|0 fnt\n|faint|p1a: Torracat\n|-damage|p2a: Luxray|62\/100|[from] Recoil\n|\n|upkeep\n|\n|t:|1700419797\n|switch|p1a: Magcargo|Magcargo, F|100\/100\n|turn|22\n|\n|t:|1700419810\n|move|p2a: Luxray|Crunch|p1a: Magcargo\n|-damage|p1a: Magcargo|73\/100\n|-ability|p1a: Magcargo|Weak Armor|boost\n|-unboost|p1a: Magcargo|def|1\n|-boost|p1a: Magcargo|spe|2\n|move|p1a: Magcargo|Shell Smash|p1a: Magcargo\n|-unboost|p1a: Magcargo|def|1\n|-unboost|p1a: Magcargo|spd|1\n|-boost|p1a: Magcargo|atk|2\n|-boost|p1a: Magcargo|spa|2\n|-boost|p1a: Magcargo|spe|2\n|\n|upkeep\n|turn|23\n|\n|t:|1700419821\n|move|p1a: Magcargo|Earth Power|p2a: Luxray\n|-supereffective|p2a: Luxray\n|-damage|p2a: Luxray|0 fnt\n|faint|p2a: Luxray\n|\n|upkeep\n|\n|t:|1700419826\n|switch|p2a: Talonflame|Talonflame, M|100\/100\n|turn|24\n|\n|t:|1700419833\n|move|p1a: Magcargo|Rock Blast|p2a: Talonflame\n|-supereffective|p2a: Talonflame\n|-damage|p2a: Talonflame|39\/100\n|-supereffective|p2a: Talonflame\n|-damage|p2a: Talonflame|0 fnt\n|faint|p2a: Talonflame\n|-hitcount|p2: Talonflame|2\n|\n|upkeep\n|c|\u2606Art5623|qual\u00e9\n|\n|t:|1700419841\n|switch|p2a: Diggersby|Diggersby, M|100\/100\n|turn|25\n|\n|t:|1700419846\n|move|p1a: Magcargo|Earth Power|p2a: Diggersby\n|-damage|p2a: Diggersby|47\/100\n|move|p2a: Diggersby|Earthquake|p1a: Magcargo\n|-supereffective|p1a: Magcargo\n|-crit|p1a: Magcargo\n|-damage|p1a: Magcargo|0 fnt\n|faint|p1a: Magcargo\n|\n|upkeep\n|\n|t:|1700419854\n|switch|p1a: Emboar|Emboar, M|100\/100\n|turn|26\n|\n|t:|1700419860\n|-terastallize|p1a: Emboar|Fire\n|move|p2a: Diggersby|Earthquake|p1a: Emboar\n|-supereffective|p1a: Emboar\n|-damage|p1a: Emboar|0 fnt\n|faint|p1a: Emboar\n|\n|win|Art5623\n|raw|FeioNando's rating: 1000 &rarr; <strong>1000<\/strong><br \/>(+0 for losing)\n|raw|Art5623's rating: 1068 &rarr; <strong>1092<\/strong><br \/>(+24 for winning)\n","uploadtime":1700419655,"views":4,"p1id":"feionando","p2id":"art5623","formatid":"gen9nationaldex","rating":1000,"private":0,"password":""}