{"id":"gen9nationaldex-1995541055","p1":"ashXYZmoments","p2":"SrPorquet","format":"[Gen 9] National Dex","log":"|html|<div class=\"broadcast-blue\"><strong>[Gen 9] National Dex is currently suspecting Sneasler! For information on how to participate check out the <a href=\"https:\/\/www.smogon.com\/forums\/threads\/sv-national-dex-suspect-8-just-dance.3731534\/\">suspect thread<\/a>.<\/strong><\/div>\n|j|\u2606ashXYZmoments\n|j|\u203dSrPorquet\n|t:|1700581231\n|gametype|singles\n|player|p1|ashXYZmoments|emmet|1144\n|player|p2|SrPorquet|falkner|1279\n|teamsize|p1|6\n|teamsize|p2|6\n|gen|9\n|tier|[Gen 9] National Dex\n|rated|\n|rule|HP Percentage Mod: HP is shown in percentages\n|rule|Endless Battle Clause: Forcing endless battles is banned\n|rule|OHKO Clause: OHKO moves are banned\n|rule|Evasion Clause: Evasion abilities, items, and moves are banned\n|rule|Evasion Abilities Clause: Evasion abilities are banned\n|rule|Evasion Items Clause: Evasion items are banned\n|rule|Evasion Moves Clause: Evasion moves are banned\n|rule|Species Clause: Limit one of each Pok\u00e9mon\n|rule|Sleep Clause Mod: Limit one foe put to sleep\n|clearpoke\n|poke|p1|Kommo-o, F|\n|poke|p1|Charizard, F|\n|poke|p1|Kartana|\n|poke|p1|Cinderace, M|\n|poke|p1|Urshifu-*, F|\n|poke|p1|Ribombee, M|\n|poke|p2|Pidgeot, M|\n|poke|p2|Magmortar, M|\n|poke|p2|Raichu, F|\n|poke|p2|Clefable, M|\n|poke|p2|Vileplume, M|\n|poke|p2|Politoed, M|\n|teampreview\n|inactive|Battle timer is ON: inactive players will automatically lose when time's up. (requested by ashXYZmoments)\n|inactive|SrPorquet has 120 seconds left.\n|\n|t:|1700581261\n|start\n|switch|p1a: Ribombee|Ribombee, M, shiny|100\/100\n|switch|p2a: Raichu|Raichu, F|100\/100\n|turn|1\n|\n|t:|1700581268\n|move|p1a: Ribombee|Sticky Web|p2a: Raichu\n|-sidestart|p2: SrPorquet|move: Sticky Web\n|move|p2a: Raichu|Volt Tackle|p1a: Ribombee\n|-damage|p1a: Ribombee|4\/100\n|-damage|p2a: Raichu|61\/100|[from] Recoil\n|-damage|p2a: Raichu|51\/100|[from] item: Life Orb\n|\n|upkeep\n|turn|2\n|\n|t:|1700581277\n|move|p2a: Raichu|Extreme Speed|p1a: Ribombee\n|-damage|p1a: Ribombee|0 fnt\n|faint|p1a: Ribombee\n|-damage|p2a: Raichu|41\/100|[from] item: Life Orb\n|\n|upkeep\n|\n|t:|1700581292\n|switch|p1a: Kartana|Kartana|100\/100\n|turn|3\n|\n|t:|1700581295\n|move|p2a: Raichu|Nuzzle|p1a: Kartana\n|-resisted|p1a: Kartana\n|-damage|p1a: Kartana|95\/100\n|-status|p1a: Kartana|par\n|-damage|p2a: Raichu|31\/100|[from] item: Life Orb\n|cant|p1a: Kartana|par\n|\n|upkeep\n|turn|4\n|\n|t:|1700581306\n|switch|p2a: Magmortar|Magmortar, M|100\/100\n|-activate|p2a: Magmortar|move: Sticky Web\n|-unboost|p2a: Magmortar|spe|1\n|move|p1a: Kartana|Smart Strike|p2a: Magmortar\n|-resisted|p2a: Magmortar\n|-damage|p2a: Magmortar|55\/100\n|\n|upkeep\n|turn|5\n|\n|t:|1700581314\n|move|p2a: Magmortar|Flamethrower|p1a: Kartana\n|-supereffective|p1a: Kartana\n|-crit|p1a: Kartana\n|-damage|p1a: Kartana|0 fnt\n|faint|p1a: Kartana\n|\n|upkeep\n|\n|t:|1700581319\n|switch|p1a: Urshifu|Urshifu-Rapid-Strike, F|100\/100\n|turn|6\n|\n|t:|1700581322\n|move|p1a: Urshifu|Surging Strikes|p2a: Magmortar\n|-supereffective|p2a: Magmortar\n|-crit|p2a: Magmortar\n|-damage|p2a: Magmortar|0 fnt\n|faint|p2a: Magmortar\n|-hitcount|p2: Magmortar|1\n|-damage|p1a: Urshifu|91\/100|[from] item: Life Orb\n|\n|upkeep\n|\n|t:|1700581331\n|switch|p2a: Pidgeot|Pidgeot, M|100\/100\n|turn|7\n|\n|t:|1700581334\n|detailschange|p2a: Pidgeot|Pidgeot-Mega, M\n|-mega|p2a: Pidgeot|Pidgeot|Pidgeotite\n|move|p2a: Pidgeot|Hurricane|p1a: Urshifu\n|-supereffective|p1a: Urshifu\n|-damage|p1a: Urshifu|0 fnt\n|faint|p1a: Urshifu\n|\n|upkeep\n|\n|t:|1700581341\n|switch|p1a: Kommo-o|Kommo-o, F|100\/100\n|turn|8\n|\n|t:|1700581351\n|switch|p2a: Clefable|Clefable, M|100\/100\n|-activate|p2a: Clefable|move: Sticky Web\n|-unboost|p2a: Clefable|spe|1\n|-zpower|p1a: Kommo-o\n|move|p1a: Kommo-o|Clangorous Soulblaze|p2a: Clefable|[zeffect]\n|-immune|p2a: Clefable\n|\n|upkeep\n|turn|9\n|\n|t:|1700581358\n|move|p1a: Kommo-o|Earthquake|p2a: Clefable\n|-damage|p2a: Clefable|72\/100\n|move|p2a: Clefable|Moonblast|p1a: Kommo-o\n|-supereffective|p1a: Kommo-o\n|-damage|p1a: Kommo-o|0 fnt\n|faint|p1a: Kommo-o\n|\n|upkeep\n|\n|t:|1700581364\n|switch|p1a: Cinderace|Cinderace, M|100\/100\n|turn|10\n|\n|t:|1700581368\n|-terastallize|p1a: Cinderace|Fire\n|move|p1a: Cinderace|Pyro Ball|p2a: Clefable\n|-damage|p2a: Clefable|0 fnt\n|faint|p2a: Clefable\n|\n|upkeep\n|\n|t:|1700581377\n|switch|p2a: Politoed|Politoed, M|100\/100\n|-activate|p2a: Politoed|move: Sticky Web\n|-unboost|p2a: Politoed|spe|1\n|turn|11\n|\n|t:|1700581381\n|move|p1a: Cinderace|Pyro Ball|p2a: Politoed\n|-resisted|p2a: Politoed\n|-damage|p2a: Politoed|45\/100\n|move|p2a: Politoed|Surf|p1a: Cinderace\n|-supereffective|p1a: Cinderace\n|-damage|p1a: Cinderace|0 fnt\n|faint|p1a: Cinderace\n|\n|-heal|p2a: Politoed|51\/100|[from] item: Leftovers\n|upkeep\n|\n|t:|1700581387\n|switch|p1a: Charizard|Charizard, F, shiny|100\/100\n|turn|12\n|\n|t:|1700581390\n|detailschange|p1a: Charizard|Charizard-Mega-Y, F, shiny\n|-mega|p1a: Charizard|Charizard|Charizardite Y\n|-weather|SunnyDay|[from] ability: Drought|[of] p1a: Charizard\n|move|p1a: Charizard|Weather Ball|p2a: Politoed\n|-resisted|p2a: Politoed\n|-damage|p2a: Politoed|5\/100\n|move|p2a: Politoed|Surf|p1a: Charizard\n|-supereffective|p1a: Charizard\n|-damage|p1a: Charizard|70\/100\n|\n|-weather|SunnyDay|[upkeep]\n|-heal|p2a: Politoed|11\/100|[from] item: Leftovers\n|upkeep\n|turn|13\n|\n|t:|1700581399\n|move|p1a: Charizard|Weather Ball|p2a: Politoed\n|-resisted|p2a: Politoed\n|-crit|p2a: Politoed\n|-damage|p2a: Politoed|0 fnt\n|faint|p2a: Politoed\n|\n|-weather|SunnyDay|[upkeep]\n|upkeep\n|\n|t:|1700581402\n|switch|p2a: Pidgeot|Pidgeot-Mega, M|100\/100\n|turn|14\n|\n|t:|1700581406\n|move|p2a: Pidgeot|Hurricane|p1a: Charizard\n|-damage|p1a: Charizard|25\/100\n|move|p1a: Charizard|Weather Ball|p2a: Pidgeot\n|-damage|p2a: Pidgeot|0 fnt\n|faint|p2a: Pidgeot\n|\n|-weather|SunnyDay|[upkeep]\n|upkeep\n|\n|t:|1700581409\n|switch|p2a: Raichu|Raichu, F|31\/100\n|-activate|p2a: Raichu|move: Sticky Web\n|-unboost|p2a: Raichu|spe|1\n|turn|15\n|\n|t:|1700581418\n|move|p2a: Raichu|Extreme Speed|p1a: Charizard\n|-damage|p1a: Charizard|0 fnt\n|faint|p1a: Charizard\n|-damage|p2a: Raichu|21\/100|[from] item: Life Orb\n|\n|win|SrPorquet\n|raw|ashXYZmoments's rating: 1144 &rarr; <strong>1128<\/strong><br \/>(-16 for losing)\n|raw|SrPorquet's rating: 1279 &rarr; <strong>1295<\/strong><br \/>(+16 for winning)\n|l|\u2606ashXYZmoments\n","uploadtime":1700581423,"views":2,"p1id":"ashxyzmoments","p2id":"srporquet","formatid":"gen9nationaldex","rating":1128,"private":0,"password":""}