{"id":"gen9nationaldex-1996932534","p1":"Woundsave","p2":"LunySama","format":"[Gen 9] National Dex","log":"|html|<div class=\"broadcast-blue\"><strong>[Gen 9] National Dex is currently suspecting Sneasler! For information on how to participate check out the <a href=\"https:\/\/www.smogon.com\/forums\/threads\/sv-national-dex-suspect-8-just-dance.3731534\/\">suspect thread<\/a>.<\/strong><\/div>\n|j|\u2606Woundsave\n|j|\u2606LunySama\n|t:|1700746496\n|gametype|singles\n|player|p1|Woundsave|carmine-festival|1167\n|player|p2|LunySama|iris|1072\n|teamsize|p1|6\n|teamsize|p2|6\n|gen|9\n|tier|[Gen 9] National Dex\n|rated|\n|rule|HP Percentage Mod: HP is shown in percentages\n|rule|Endless Battle Clause: Forcing endless battles is banned\n|rule|OHKO Clause: OHKO moves are banned\n|rule|Evasion Clause: Evasion abilities, items, and moves are banned\n|rule|Evasion Abilities Clause: Evasion abilities are banned\n|rule|Evasion Items Clause: Evasion items are banned\n|rule|Evasion Moves Clause: Evasion moves are banned\n|rule|Species Clause: Limit one of each Pok\u00e9mon\n|rule|Sleep Clause Mod: Limit one foe put to sleep\n|clearpoke\n|poke|p1|Incineroar, M|\n|poke|p1|Sneasler, M|\n|poke|p1|Rillaboom, M|\n|poke|p1|Hydreigon, M|\n|poke|p1|Greninja-*, M|\n|poke|p1|Turtonator, F|\n|poke|p2|Heliolisk, M|\n|poke|p2|Raichu-Alola, F|\n|poke|p2|Pincurchin, M|\n|poke|p2|Magnezone|\n|poke|p2|Oricorio-Pom-Pom, F|\n|poke|p2|Galvantula, M|\n|teampreview\n|\n|t:|1700746504\n|start\n|switch|p1a: Incineroar|Incineroar, M|100\/100\n|switch|p2a: Galvantula|Galvantula, M|100\/100\n|-ability|p1a: Incineroar|Intimidate|boost\n|-unboost|p2a: Galvantula|atk|1\n|turn|1\n|\n|t:|1700746508\n|move|p1a: Incineroar|Fake Out|p2a: Galvantula\n|-damage|p2a: Galvantula|81\/100\n|cant|p2a: Galvantula|flinch\n|\n|-heal|p2a: Galvantula|87\/100|[from] item: Leftovers\n|upkeep\n|turn|2\n|\n|t:|1700746514\n|move|p2a: Galvantula|Sticky Web|p1a: Incineroar\n|-sidestart|p1: Woundsave|move: Sticky Web\n|move|p1a: Incineroar|Knock Off|p2a: Galvantula\n|-damage|p2a: Galvantula|7\/100\n|-enditem|p2a: Galvantula|Leftovers|[from] move: Knock Off|[of] p1a: Incineroar\n|\n|upkeep\n|turn|3\n|\n|t:|1700746518\n|move|p2a: Galvantula|Toxic|p1a: Incineroar\n|-status|p1a: Incineroar|tox\n|move|p1a: Incineroar|Parting Shot|p2a: Galvantula\n|-unboost|p2a: Galvantula|atk|1\n|-unboost|p2a: Galvantula|spa|1\n|\n|t:|1700746521\n|switch|p1a: Turtonator|Turtonator, F|100\/100|[from] Parting Shot\n|-activate|p1a: Turtonator|move: Sticky Web\n|-unboost|p1a: Turtonator|spe|1\n|\n|upkeep\n|turn|4\n|\n|t:|1700746527\n|move|p1a: Turtonator|Protect|p1a: Turtonator\n|-singleturn|p1a: Turtonator|Protect\n|move|p2a: Galvantula|Toxic|p1a: Turtonator\n|-activate|p1a: Turtonator|move: Protect\n|\n|upkeep\n|turn|5\n|\n|t:|1700746531\n|move|p2a: Galvantula|Toxic|p1a: Turtonator\n|-status|p1a: Turtonator|tox\n|move|p1a: Turtonator|Rapid Spin|p2a: Galvantula\n|-damage|p2a: Galvantula|0 fnt\n|-boost|p1a: Turtonator|spe|1\n|-sideend|p1: Woundsave|Sticky Web|[from] move: Rapid Spin|[of] p1a: Turtonator\n|faint|p2a: Galvantula\n|\n|-damage|p1a: Turtonator|94\/100 tox|[from] psn\n|upkeep\n|\n|t:|1700746538\n|switch|p2a: Shadow|Pincurchin, M|100\/100\n|-fieldstart|move: Electric Terrain|[from] ability: Electric Surge|[of] p2a: Shadow\n|turn|6\n|\n|t:|1700746545\n|switch|p1a: Rillaboom|Rillaboom, M|100\/100\n|-fieldstart|move: Grassy Terrain|[from] ability: Grassy Surge|[of] p1a: Rillaboom\n|move|p2a: Shadow|Rising Voltage|p1a: Rillaboom\n|-resisted|p1a: Rillaboom\n|-damage|p1a: Rillaboom|89\/100\n|\n|-heal|p1a: Rillaboom|96\/100|[from] Grassy Terrain\n|upkeep\n|turn|7\n|\n|t:|1700746558\n|switch|p2a: Lohanne|Oricorio-Pom-Pom, F|100\/100\n|move|p1a: Rillaboom|Knock Off|p2a: Lohanne\n|-damage|p2a: Lohanne|33\/100\n|-enditem|p2a: Lohanne|Life Orb|[from] move: Knock Off|[of] p1a: Rillaboom\n|\n|-heal|p1a: Rillaboom|100\/100|[from] Grassy Terrain\n|upkeep\n|turn|8\n|\n|t:|1700746567\n|switch|p1a: Incineroar|Incineroar, M|100\/100 tox\n|-ability|p1a: Incineroar|Intimidate|boost\n|-unboost|p2a: Lohanne|atk|1\n|move|p2a: Lohanne|Hurricane|p1a: Incineroar\n|-damage|p1a: Incineroar|59\/100 tox\n|\n|-heal|p1a: Incineroar|65\/100 tox|[from] Grassy Terrain\n|-damage|p1a: Incineroar|59\/100 tox|[from] psn\n|upkeep\n|turn|9\n|\n|t:|1700746580\n|move|p2a: Lohanne|Revelation Dance|p1a: Incineroar\n|-damage|p1a: Incineroar|23\/100 tox\n|-enditem|p1a: Incineroar|Sitrus Berry|[eat]\n|-heal|p1a: Incineroar|48\/100 tox|[from] item: Sitrus Berry\n|move|p1a: Incineroar|Fire Punch|p2a: Lohanne\n|-damage|p2a: Lohanne|0 fnt\n|faint|p2a: Lohanne\n|\n|-heal|p1a: Incineroar|54\/100 tox|[from] Grassy Terrain\n|-damage|p1a: Incineroar|42\/100 tox|[from] psn\n|upkeep\n|\n|t:|1700746604\n|switch|p2a: Shadow|Pincurchin, M|100\/100\n|-fieldstart|move: Electric Terrain|[from] ability: Electric Surge|[of] p2a: Shadow\n|turn|10\n|\n|t:|1700746610\n|move|p1a: Incineroar|Parting Shot|p2a: Shadow\n|-unboost|p2a: Shadow|atk|1\n|-unboost|p2a: Shadow|spa|1\n|\n|t:|1700746612\n|switch|p1a: Rillaboom|Rillaboom, M|100\/100|[from] Parting Shot\n|-fieldstart|move: Grassy Terrain|[from] ability: Grassy Surge|[of] p1a: Rillaboom\n|move|p2a: Shadow|Rising Voltage|p1a: Rillaboom\n|-resisted|p1a: Rillaboom\n|-damage|p1a: Rillaboom|93\/100\n|\n|-heal|p1a: Rillaboom|99\/100|[from] Grassy Terrain\n|upkeep\n|turn|11\n|\n|t:|1700746639\n|switch|p2a: Silver Chariot|Magnezone|100\/100\n|move|p1a: Rillaboom|Knock Off|p2a: Silver Chariot\n|-damage|p2a: Silver Chariot|64\/100\n|-enditem|p2a: Silver Chariot|Life Orb|[from] move: Knock Off|[of] p1a: Rillaboom\n|\n|-heal|p1a: Rillaboom|100\/100|[from] Grassy Terrain\n|-heal|p2a: Silver Chariot|70\/100|[from] Grassy Terrain\n|upkeep\n|turn|12\n|\n|t:|1700746649\n|switch|p1a: Incineroar|Incineroar, M|42\/100 tox\n|-ability|p1a: Incineroar|Intimidate|boost\n|-unboost|p2a: Silver Chariot|atk|1\n|move|p2a: Silver Chariot|Flash Cannon|p1a: Incineroar\n|-resisted|p1a: Incineroar\n|-damage|p1a: Incineroar|14\/100 tox\n|\n|-heal|p1a: Incineroar|20\/100 tox|[from] Grassy Terrain\n|-heal|p2a: Silver Chariot|76\/100|[from] Grassy Terrain\n|-damage|p1a: Incineroar|14\/100 tox|[from] psn\n|upkeep\n|turn|13\n|\n|t:|1700746658\n|move|p1a: Incineroar|Parting Shot|p2a: Silver Chariot\n|-unboost|p2a: Silver Chariot|atk|1\n|-unboost|p2a: Silver Chariot|spa|1\n|\n|t:|1700746661\n|switch|p1a: Turtonator|Turtonator, F|94\/100 tox|[from] Parting Shot\n|move|p2a: Silver Chariot|Volt Switch|p1a: Turtonator\n|-resisted|p1a: Turtonator\n|-damage|p1a: Turtonator|81\/100 tox\n|\n|t:|1700746674\n|switch|p2a: Shadow|Pincurchin, M|100\/100|[from] Volt Switch\n|-fieldstart|move: Electric Terrain|[from] ability: Electric Surge|[of] p2a: Shadow\n|\n|-heal|p1a: Turtonator|87\/100 tox|[from] item: Leftovers\n|-damage|p1a: Turtonator|81\/100 tox|[from] psn\n|upkeep\n|turn|14\n|\n|t:|1700746686\n|switch|p1a: Rillaboom|Rillaboom, M|100\/100\n|-fieldstart|move: Grassy Terrain|[from] ability: Grassy Surge|[of] p1a: Rillaboom\n|move|p2a: Shadow|Toxic Spikes|p1a: Rillaboom\n|-sidestart|p1: Woundsave|move: Toxic Spikes\n|\n|upkeep\n|turn|15\n|\n|t:|1700746700\n|switch|p2a: Silver Chariot|Magnezone|76\/100\n|move|p1a: Rillaboom|U-turn|p2a: Silver Chariot\n|-resisted|p2a: Silver Chariot\n|-damage|p2a: Silver Chariot|63\/100\n|\n|t:|1700746705\n|switch|p1a: Turtonator|Turtonator, F|81\/100 tox|[from] U-turn\n|\n|-heal|p2a: Silver Chariot|69\/100|[from] Grassy Terrain\n|-heal|p1a: Turtonator|87\/100 tox|[from] Grassy Terrain\n|-heal|p1a: Turtonator|93\/100 tox|[from] item: Leftovers\n|-damage|p1a: Turtonator|87\/100 tox|[from] psn\n|upkeep\n|turn|16\n|\n|t:|1700746716\n|move|p2a: Silver Chariot|Thunderbolt|p1a: Turtonator\n|-resisted|p1a: Turtonator\n|-damage|p1a: Turtonator|65\/100 tox\n|move|p1a: Turtonator|Rapid Spin|p2a: Silver Chariot\n|-resisted|p2a: Silver Chariot\n|-damage|p2a: Silver Chariot|65\/100\n|-boost|p1a: Turtonator|spe|1\n|-sideend|p1: Woundsave|Toxic Spikes|[from] move: Rapid Spin|[of] p1a: Turtonator\n|\n|-heal|p1a: Turtonator|71\/100 tox|[from] Grassy Terrain\n|-heal|p1a: Turtonator|77\/100 tox|[from] item: Leftovers\n|-heal|p2a: Silver Chariot|71\/100|[from] Grassy Terrain\n|-damage|p1a: Turtonator|65\/100 tox|[from] psn\n|upkeep\n|turn|17\n|\n|t:|1700746724\n|move|p1a: Turtonator|Flamethrower|p2a: Silver Chariot\n|-supereffective|p2a: Silver Chariot\n|-damage|p2a: Silver Chariot|10\/100\n|-status|p2a: Silver Chariot|brn\n|move|p2a: Silver Chariot|Volt Switch|p1a: Turtonator\n|-resisted|p1a: Turtonator\n|-damage|p1a: Turtonator|42\/100 tox\n|\n|t:|1700746739\n|switch|p2a: Yunk Vino|Heliolisk, M|100\/100|[from] Volt Switch\n|\n|-heal|p1a: Turtonator|48\/100 tox|[from] Grassy Terrain\n|-heal|p1a: Turtonator|54\/100 tox|[from] item: Leftovers\n|-damage|p1a: Turtonator|35\/100 tox|[from] psn\n|upkeep\n|turn|18\n|\n|t:|1700746744\n|switch|p1a: Incineroar|Incineroar, M|14\/100 tox\n|-ability|p1a: Incineroar|Intimidate|boost\n|-unboost|p2a: Yunk Vino|atk|1\n|move|p2a: Yunk Vino|Dark Pulse|p1a: Incineroar\n|-resisted|p1a: Incineroar\n|-damage|p1a: Incineroar|0 fnt\n|faint|p1a: Incineroar\n|\n|-fieldend|move: Grassy Terrain\n|upkeep\n|\n|t:|1700746747\n|switch|p1a: Hydreigon|Hydreigon, M|100\/100\n|turn|19\n|\n|t:|1700746763\n|move|p2a: Yunk Vino|Dark Pulse|p1a: Hydreigon\n|-resisted|p1a: Hydreigon\n|-damage|p1a: Hydreigon|81\/100\n|move|p1a: Hydreigon|Draco Meteor|p2a: Yunk Vino\n|-damage|p2a: Yunk Vino|0 fnt\n|-unboost|p1a: Hydreigon|spa|2\n|-enditem|p1a: Hydreigon|Eject Pack\n|faint|p2a: Yunk Vino\n|\n|t:|1700746773\n|switch|p1a: Rillaboom|Rillaboom, M|100\/100\n|-fieldstart|move: Grassy Terrain|[from] ability: Grassy Surge|[of] p1a: Rillaboom\n|\n|upkeep\n|\n|t:|1700746788\n|switch|p2a: morre na praia|Raichu-Alola, F|100\/100\n|turn|20\n|\n|t:|1700746808\n|move|p2a: morre na praia|Psychic|p1a: Rillaboom\n|-damage|p1a: Rillaboom|40\/100\n|move|p1a: Rillaboom|Knock Off|p2a: morre na praia\n|-supereffective|p2a: morre na praia\n|-damage|p2a: morre na praia|0 fnt\n|-enditem|p2a: morre na praia|Choice Specs|[from] move: Knock Off|[of] p1a: Rillaboom\n|faint|p2a: morre na praia\n|\n|-heal|p1a: Rillaboom|46\/100|[from] Grassy Terrain\n|upkeep\n|\n|t:|1700746818\n|switch|p2a: Shadow|Pincurchin, M|100\/100\n|-fieldstart|move: Electric Terrain|[from] ability: Electric Surge|[of] p2a: Shadow\n|turn|21\n|\n|t:|1700746848\n|switch|p1a: Turtonator|Turtonator, F|35\/100 tox\n|move|p2a: Shadow|Thunder Wave||[still]\n|-fail|p2a: Shadow\n|\n|-heal|p1a: Turtonator|42\/100 tox|[from] item: Leftovers\n|-damage|p1a: Turtonator|35\/100 tox|[from] psn\n|upkeep\n|turn|22\n|\n|t:|1700746862\n|switch|p1a: Rillaboom|Rillaboom, M|46\/100\n|-fieldstart|move: Grassy Terrain|[from] ability: Grassy Surge|[of] p1a: Rillaboom\n|move|p2a: Shadow|Rising Voltage|p1a: Rillaboom\n|-resisted|p1a: Rillaboom\n|-damage|p1a: Rillaboom|34\/100\n|\n|-heal|p1a: Rillaboom|40\/100|[from] Grassy Terrain\n|upkeep\n|turn|23\n|\n|t:|1700746867\n|move|p1a: Rillaboom|Drain Punch|p2a: Shadow\n|-damage|p2a: Shadow|73\/100\n|-heal|p1a: Rillaboom|52\/100|[from] drain|[of] p2a: Shadow\n|move|p2a: Shadow|Toxic Spikes|p1a: Rillaboom\n|-sidestart|p1: Woundsave|move: Toxic Spikes\n|\n|-heal|p1a: Rillaboom|59\/100|[from] Grassy Terrain\n|-heal|p2a: Shadow|79\/100|[from] Grassy Terrain\n|upkeep\n|turn|24\n|\n|t:|1700746879\n|switch|p1a: Turtonator|Turtonator, F|35\/100 tox\n|switch|p2a: Silver Chariot|Magnezone|10\/100 brn\n|\n|-heal|p2a: Silver Chariot|16\/100 brn|[from] Grassy Terrain\n|-heal|p1a: Turtonator|42\/100 tox|[from] Grassy Terrain\n|-heal|p1a: Turtonator|48\/100 tox|[from] item: Leftovers\n|-damage|p1a: Turtonator|42\/100 tox|[from] psn\n|-damage|p2a: Silver Chariot|10\/100 brn|[from] brn\n|upkeep\n|turn|25\n|\n|t:|1700746902\n|switch|p2a: Shadow|Pincurchin, M|79\/100\n|-fieldstart|move: Electric Terrain|[from] ability: Electric Surge|[of] p2a: Shadow\n|move|p1a: Turtonator|Rapid Spin|p2a: Shadow\n|-damage|p2a: Shadow|71\/100\n|-boost|p1a: Turtonator|spe|1\n|-sideend|p1: Woundsave|Toxic Spikes|[from] move: Rapid Spin|[of] p1a: Turtonator\n|\n|-heal|p1a: Turtonator|48\/100 tox|[from] item: Leftovers\n|-damage|p1a: Turtonator|35\/100 tox|[from] psn\n|upkeep\n|turn|26\n|\n|t:|1700746923\n|switch|p1a: Rillaboom|Rillaboom, M|59\/100\n|-fieldstart|move: Grassy Terrain|[from] ability: Grassy Surge|[of] p1a: Rillaboom\n|move|p2a: Shadow|Rising Voltage|p1a: Rillaboom\n|-resisted|p1a: Rillaboom\n|-damage|p1a: Rillaboom|45\/100\n|\n|-heal|p1a: Rillaboom|52\/100|[from] Grassy Terrain\n|-heal|p2a: Shadow|77\/100|[from] Grassy Terrain\n|upkeep\n|turn|27\n|-message|LunySama forfeited.\n|\n|win|Woundsave\n|raw|Woundsave's rating: 1167 &rarr; <strong>1185<\/strong><br \/>(+18 for winning)\n|raw|LunySama's rating: 1072 &rarr; <strong>1057<\/strong><br \/>(-15 for losing)\n|l|\u2606LunySama\n","uploadtime":1700746933,"views":4,"p1id":"woundsave","p2id":"lunysama","formatid":"gen9nationaldex","rating":1057,"private":0,"password":""}