{"id":"gen9nationaldex-1998650286","p1":"GlaDosDOs","p2":"dicexdxd","format":"[Gen 9] National Dex","log":"|html|<div class=\"broadcast-blue\"><strong>[Gen 9] National Dex is currently suspecting Sneasler! For information on how to participate check out the <a href=\"https:\/\/www.smogon.com\/forums\/threads\/sv-national-dex-suspect-8-just-dance.3731534\/\">suspect thread<\/a>.<\/strong><\/div>\n|j|\u2606GlaDosDOs\n|j|\u2606dicexdxd\n|t:|1700967622\n|gametype|singles\n|player|p1|GlaDosDOs|cheren-gen5bw2|1112\n|player|p2|dicexdxd|2|1099\n|teamsize|p1|6\n|teamsize|p2|6\n|gen|9\n|tier|[Gen 9] National Dex\n|rated|\n|rule|HP Percentage Mod: HP is shown in percentages\n|rule|Endless Battle Clause: Forcing endless battles is banned\n|rule|OHKO Clause: OHKO moves are banned\n|rule|Evasion Clause: Evasion abilities, items, and moves are banned\n|rule|Evasion Abilities Clause: Evasion abilities are banned\n|rule|Evasion Items Clause: Evasion items are banned\n|rule|Evasion Moves Clause: Evasion moves are banned\n|rule|Species Clause: Limit one of each Pok\u00e9mon\n|rule|Sleep Clause Mod: Limit one foe put to sleep\n|clearpoke\n|poke|p1|Audino, F|\n|poke|p1|Scolipede, M|\n|poke|p1|Delphox, F|\n|poke|p1|Krookodile, M|\n|poke|p1|Aegislash, M|\n|poke|p1|Ditto|\n|poke|p2|Alomomola, M|\n|poke|p2|Garganacl, F|\n|poke|p2|Ninetales-Alola, F|\n|poke|p2|Corviknight, M|\n|poke|p2|Blissey, F|\n|poke|p2|Altaria, F|\n|teampreview\n|c|\u2606dicexdxd|hi again\n|\n|t:|1700967633\n|start\n|switch|p1a: Lemonade|Delphox, F|100\/100\n|switch|p2a: Ninetales|Ninetales-Alola, F|100\/100\n|-weather|Snow|[from] ability: Snow Warning|[of] p2a: Ninetales\n|turn|1\n|\n|t:|1700967639\n|switch|p2a: Alomomola|Alomomola, M|100\/100\n|move|p1a: Lemonade|Trick|p2a: Alomomola\n|-activate|p1a: Lemonade|move: Trick|[of] p2a: Alomomola\n|-item|p2a: Alomomola|Choice Scarf|[from] move: Trick\n|-item|p1a: Lemonade|Leftovers|[from] move: Trick\n|\n|-weather|Snow|[upkeep]\n|upkeep\n|turn|2\n|\n|t:|1700967653\n|-terastallize|p1a: Lemonade|Psychic\n|move|p1a: Lemonade|Skill Swap|p2a: Alomomola\n|-activate|p1a: Lemonade|move: Skill Swap|Regenerator|Blaze|[of] p2a: Alomomola\n|move|p2a: Alomomola|Toxic|p1a: Lemonade\n|-status|p1a: Lemonade|tox\n|\n|-weather|Snow|[upkeep]\n|-damage|p1a: Lemonade|94\/100 tox|[from] psn\n|upkeep\n|turn|3\n|\n|t:|1700967671\n|switch|p2a: Altaria|Altaria, F|100\/100\n|move|p1a: Lemonade|Calm Mind|p1a: Lemonade\n|-boost|p1a: Lemonade|spa|1\n|-boost|p1a: Lemonade|spd|1\n|\n|-weather|Snow|[upkeep]\n|-heal|p1a: Lemonade|100\/100 tox|[from] item: Leftovers\n|-damage|p1a: Lemonade|88\/100 tox|[from] psn\n|upkeep\n|turn|4\n|\n|t:|1700967688\n|switch|p2a: Blissey|Blissey, F|100\/100\n|move|p1a: Lemonade|Skill Swap|p2a: Blissey\n|-activate|p1a: Lemonade|move: Skill Swap|Natural Cure|Regenerator|[of] p2a: Blissey\n|\n|-weather|Snow|[upkeep]\n|-heal|p1a: Lemonade|94\/100 tox|[from] item: Leftovers\n|-damage|p1a: Lemonade|76\/100 tox|[from] psn\n|upkeep\n|turn|5\n|\n|t:|1700967702\n|-curestatus|p1a: Lemonade|tox|[from] ability: Natural Cure\n|switch|p1a: Eye Sword|Aegislash, M|100\/100\n|move|p2a: Blissey|Calm Mind|p2a: Blissey\n|-boost|p2a: Blissey|spa|1\n|-boost|p2a: Blissey|spd|1\n|\n|-weather|none\n|upkeep\n|turn|6\n|\n|t:|1700967712\n|switch|p2a: Garganacl|Garganacl, F|100\/100\n|move|p1a: Eye Sword|Swords Dance|p1a: Eye Sword\n|-boost|p1a: Eye Sword|atk|2\n|\n|upkeep\n|turn|7\n|\n|t:|1700967728\n|-terastallize|p2a: Garganacl|Ghost\n|-formechange|p1a: Eye Sword|Aegislash-Blade||[from] ability: Stance Change\n|move|p1a: Eye Sword|Iron Head|p2a: Garganacl\n|-damage|p2a: Garganacl|37\/100\n|cant|p2a: Garganacl|flinch\n|\n|-heal|p2a: Garganacl|43\/100|[from] item: Leftovers\n|upkeep\n|turn|8\n|\n|t:|1700967738\n|switch|p2a: Alomomola|Alomomola, M|100\/100\n|move|p1a: Eye Sword|Iron Head|p2a: Alomomola\n|-resisted|p2a: Alomomola\n|-damage|p2a: Alomomola|73\/100\n|\n|upkeep\n|turn|9\n|\n|t:|1700967754\n|move|p2a: Alomomola|Wish|p2a: Alomomola\n|move|p1a: Eye Sword|Swords Dance|p1a: Eye Sword\n|-boost|p1a: Eye Sword|atk|2\n|\n|upkeep\n|turn|10\n|\n|t:|1700967761\n|switch|p2a: Altaria|Altaria, F|100\/100\n|move|p1a: Eye Sword|Sacred Sword|p2a: Altaria\n|-resisted|p2a: Altaria\n|-damage|p2a: Altaria|63\/100\n|\n|-heal|p2a: Altaria|100\/100|[from] move: Wish|[wisher] Alomomola\n|upkeep\n|turn|11\n|\n|t:|1700967780\n|detailschange|p2a: Altaria|Altaria-Mega, F\n|-mega|p2a: Altaria|Altaria|Altarianite\n|move|p1a: Eye Sword|Iron Head|p2a: Altaria\n|-supereffective|p2a: Altaria\n|-damage|p2a: Altaria|0 fnt\n|faint|p2a: Altaria\n|\n|upkeep\n|-message|dicexdxd forfeited.\n|\n|win|GlaDosDOs\n|raw|GlaDosDOs's rating: 1112 &rarr; <strong>1136<\/strong><br \/>(+24 for winning)\n|raw|dicexdxd's rating: 1099 &rarr; <strong>1075<\/strong><br \/>(-24 for losing)\n|l|\u2606dicexdxd\n","uploadtime":1700967789,"views":12,"p1id":"gladosdos","p2id":"dicexdxd","formatid":"gen9nationaldex","rating":1075,"private":0,"password":""}