{"id":"gen9nationaldex-1992700625","p1":"testing a funni3","p2":"ZHEGER","format":"[Gen 9] National Dex","log":"|j|\u2606testing a funni3\n|j|\u2606ZHEGER\n|t:|1700226828\n|gametype|singles\n|player|p1|testing a funni3|unknownf|1478\n|player|p2|ZHEGER|101|1419\n|teamsize|p1|6\n|teamsize|p2|6\n|gen|9\n|tier|[Gen 9] National Dex\n|rated|\n|rule|HP Percentage Mod: HP is shown in percentages\n|rule|Endless Battle Clause: Forcing endless battles is banned\n|rule|OHKO Clause: OHKO moves are banned\n|rule|Evasion Clause: Evasion abilities, items, and moves are banned\n|rule|Evasion Abilities Clause: Evasion abilities are banned\n|rule|Evasion Items Clause: Evasion items are banned\n|rule|Evasion Moves Clause: Evasion moves are banned\n|rule|Species Clause: Limit one of each Pok\u00e9mon\n|rule|Sleep Clause Mod: Limit one foe put to sleep\n|clearpoke\n|poke|p1|Latios, M|\n|poke|p1|Buzzwole|\n|poke|p1|Gliscor, M|\n|poke|p1|Weavile, M|\n|poke|p1|Heatran, F|\n|poke|p1|Ogerpon-Wellspring, F|\n|poke|p2|Slowbro-Galar, F|\n|poke|p2|Ferrothorn, M|\n|poke|p2|Maushold-Four|\n|poke|p2|Meowstic, M|\n|poke|p2|Vikavolt, M|\n|poke|p2|Dubwool, M|\n|teampreview\n|\n|t:|1700226838\n|start\n|switch|p1a: Weavile|Weavile, M|100\/100\n|switch|p2a: Ferrothorn|Ferrothorn, M|100\/100\n|-ability|p1a: Weavile|Pressure\n|turn|1\n|\n|t:|1700226847\n|switch|p1a: Gliscor|Gliscor, M|100\/100\n|move|p2a: Ferrothorn|Stealth Rock|p1a: Gliscor\n|-sidestart|p1: testing a funni3|move: Stealth Rock\n|\n|-status|p1a: Gliscor|tox|[from] item: Toxic Orb\n|upkeep\n|turn|2\n|\n|t:|1700226851\n|move|p1a: Gliscor|Defog|p2a: Ferrothorn\n|-unboost|p2a: Ferrothorn|evasion|1\n|-sideend|p1: testing a funni3|Stealth Rock|[from] move: Defog|[of] p1a: Gliscor\n|move|p2a: Ferrothorn|Leech Seed|p1a: Gliscor\n|-start|p1a: Gliscor|move: Leech Seed\n|\n|-damage|p1a: Gliscor|88\/100 tox|[from] Leech Seed|[of] p2a: Ferrothorn\n|-heal|p1a: Gliscor|100\/100 tox|[from] ability: Poison Heal\n|upkeep\n|turn|3\n|\n|t:|1700226855\n|switch|p1a: Heatran|Heatran, F|100\/100\n|move|p2a: Ferrothorn|Stealth Rock|p1a: Heatran\n|-sidestart|p1: testing a funni3|move: Stealth Rock\n|\n|upkeep\n|turn|4\n|\n|t:|1700226861\n|switch|p2a: Slowbro|Slowbro-Galar, F|100\/100\n|move|p1a: Heatran|Magma Storm|p2a: Slowbro|[miss]\n|-miss|p1a: Heatran|p2a: Slowbro\n|\n|upkeep\n|turn|5\n|\n|t:|1700226868\n|move|p1a: Heatran|Taunt|p2a: Slowbro\n|-start|p2a: Slowbro|move: Taunt\n|cant|p2a: Slowbro|move: Taunt|Calm Mind\n|\n|upkeep\n|turn|6\n|\n|t:|1700226875\n|detailschange|p2a: Slowbro|Slowbro-Mega, F\n|-mega|p2a: Slowbro|Slowbro|Slowbronite\n|move|p1a: Heatran|Stealth Rock|p2a: Slowbro\n|-sidestart|p2: ZHEGER|move: Stealth Rock\n|move|p2a: Slowbro|Scald|p1a: Heatran\n|-supereffective|p1a: Heatran\n|-damage|p1a: Heatran|52\/100\n|\n|-heal|p1a: Heatran|58\/100|[from] item: Leftovers\n|upkeep\n|turn|7\n|\n|t:|1700226883\n|switch|p1a: Ogerpon|Ogerpon-Wellspring, F|100\/100\n|-damage|p1a: Ogerpon|88\/100|[from] Stealth Rock\n|move|p2a: Slowbro|Scald|p1a: Ogerpon\n|-heal|p1a: Ogerpon|100\/100|[from] ability: Water Absorb|[of] p2a: Slowbro\n|\n|-end|p2a: Slowbro|move: Taunt\n|upkeep\n|turn|8\n|\n|t:|1700226890\n|move|p1a: Ogerpon|Swords Dance|p1a: Ogerpon\n|-boost|p1a: Ogerpon|atk|2\n|move|p2a: Slowbro|Calm Mind|p2a: Slowbro\n|-boost|p2a: Slowbro|spa|1\n|-boost|p2a: Slowbro|spd|1\n|\n|upkeep\n|turn|9\n|\n|t:|1700226895\n|move|p1a: Ogerpon|Power Whip|p2a: Slowbro\n|-supereffective|p2a: Slowbro\n|-damage|p2a: Slowbro|0 fnt\n|faint|p2a: Slowbro\n|\n|upkeep\n|\n|t:|1700226905\n|switch|p2a: Dubwool|Dubwool, M|100\/100\n|-damage|p2a: Dubwool|88\/100|[from] Stealth Rock\n|turn|10\n|\n|t:|1700226911\n|-terastallize|p1a: Ogerpon|Water\n|detailschange|p1a: Ogerpon|Ogerpon-Wellspring-Tera, F, tera:Water\n|-ability|p1a: Ogerpon|Embody Aspect (Wellspring)|boost\n|-boost|p1a: Ogerpon|spd|1\n|move|p1a: Ogerpon|Ivy Cudgel|p2a: Dubwool|[anim] Ivy Cudgel Water\n|-damage|p2a: Dubwool|0 fnt\n|faint|p2a: Dubwool\n|\n|upkeep\n|\n|t:|1700226917\n|switch|p2a: Ferrothorn|Ferrothorn, M|100\/100\n|-damage|p2a: Ferrothorn|94\/100|[from] Stealth Rock\n|turn|11\n|\n|t:|1700226935\n|switch|p1a: Gliscor|Gliscor, M|100\/100 tox\n|-damage|p1a: Gliscor|88\/100 tox|[from] Stealth Rock\n|move|p2a: Ferrothorn|Leech Seed|p1a: Gliscor\n|-start|p1a: Gliscor|move: Leech Seed\n|\n|-heal|p2a: Ferrothorn|100\/100|[from] item: Leftovers\n|-damage|p1a: Gliscor|76\/100 tox|[from] Leech Seed|[of] p2a: Ferrothorn\n|-heal|p1a: Gliscor|88\/100 tox|[from] ability: Poison Heal\n|upkeep\n|turn|12\n|\n|t:|1700226944\n|switch|p2a: Vikavolt|Vikavolt, M|100\/100\n|move|p1a: Gliscor|Defog|p2a: Vikavolt\n|-unboost|p2a: Vikavolt|evasion|1\n|-sideend|p2: ZHEGER|Stealth Rock|[from] move: Defog|[of] p1a: Gliscor\n|-sideend|p1: testing a funni3|Stealth Rock|[from] move: Defog|[of] p1a: Gliscor\n|\n|-damage|p1a: Gliscor|76\/100 tox|[from] Leech Seed|[of] p2a: Vikavolt\n|-heal|p1a: Gliscor|88\/100 tox|[from] ability: Poison Heal\n|upkeep\n|turn|13\n|\n|t:|1700226948\n|-terastallize|p2a: Vikavolt|Ice\n|move|p1a: Gliscor|Toxic|p2a: Vikavolt\n|-status|p2a: Vikavolt|tox\n|move|p2a: Vikavolt|Tera Blast|p1a: Gliscor|[anim] Tera Blast Ice\n|-supereffective|p1a: Gliscor\n|-damage|p1a: Gliscor|0 fnt\n|faint|p1a: Gliscor\n|\n|-damage|p2a: Vikavolt|94\/100 tox|[from] psn\n|upkeep\n|\n|t:|1700226955\n|switch|p1a: Heatran|Heatran, F|58\/100\n|turn|14\n|\n|t:|1700226962\n|switch|p2a: Meowstic|Meowstic, M|100\/100\n|move|p1a: Heatran|Magma Storm|p2a: Meowstic\n|-damage|p2a: Meowstic|49\/100\n|-activate|p2a: Meowstic|move: Magma Storm|[of] p1a: Heatran\n|\n|-heal|p1a: Heatran|65\/100|[from] item: Leftovers\n|-damage|p2a: Meowstic|37\/100|[from] move: Magma Storm|[partiallytrapped]\n|upkeep\n|turn|15\n|\n|t:|1700226968\n|switch|p1a: Weavile|Weavile, M|100\/100\n|-ability|p1a: Weavile|Pressure\n|move|p2a: Meowstic|Light Screen|p2a: Meowstic\n|-sidestart|p2: ZHEGER|move: Light Screen\n|\n|-end|p2a: Meowstic|Magma Storm|[partiallytrapped]|[silent]\n|upkeep\n|turn|16\n|\n|t:|1700226977\n|move|p2a: Meowstic|Reflect|p2a: Meowstic\n|-sidestart|p2: ZHEGER|Reflect\n|move|p1a: Weavile|Pursuit|p2a: Meowstic\n|-supereffective|p2a: Meowstic\n|-damage|p2a: Meowstic|8\/100\n|\n|upkeep\n|turn|17\n|\n|t:|1700226983\n|move|p2a: Meowstic|Toxic|p1a: Weavile\n|-hint|Since gen 7, Dark is immune to Prankster moves.\n|-immune|p1a: Weavile\n|move|p1a: Weavile|Pursuit|p2a: Meowstic\n|-supereffective|p2a: Meowstic\n|-damage|p2a: Meowstic|0 fnt\n|faint|p2a: Meowstic\n|\n|upkeep\n|\n|t:|1700226990\n|switch|p2a: Maushold|Maushold-Four|100\/100\n|turn|18\n|\n|t:|1700227010\n|switch|p1a: Buzzwole|Buzzwole|100\/100\n|move|p2a: Maushold|Encore||[still]\n|-fail|p2a: Maushold\n|\n|upkeep\n|turn|19\n|\n|t:|1700227017\n|move|p2a: Maushold|Tidy Up|p2a: Maushold\n|-boost|p2a: Maushold|atk|1\n|-boost|p2a: Maushold|spe|1\n|move|p1a: Buzzwole|Drain Punch|p2a: Maushold\n|-supereffective|p2a: Maushold\n|-damage|p2a: Maushold|43\/100\n|\n|-sideend|p2: ZHEGER|move: Light Screen\n|upkeep\n|turn|20\n|\n|t:|1700227024\n|move|p2a: Maushold|Population Bomb|p1a: Buzzwole\n|-damage|p1a: Buzzwole|93\/100\n|-damage|p1a: Buzzwole|85\/100\n|-damage|p1a: Buzzwole|77\/100\n|-damage|p1a: Buzzwole|70\/100\n|-damage|p1a: Buzzwole|61\/100\n|-damage|p1a: Buzzwole|53\/100\n|-damage|p1a: Buzzwole|46\/100\n|-damage|p1a: Buzzwole|39\/100\n|-damage|p1a: Buzzwole|31\/100\n|-hitcount|p1a: Buzzwole|9\n|move|p1a: Buzzwole|Drain Punch|p2a: Maushold\n|-supereffective|p2a: Maushold\n|-damage|p2a: Maushold|0 fnt\n|-heal|p1a: Buzzwole|46\/100|[from] drain|[of] p2a: Maushold\n|faint|p2a: Maushold\n|-ability|p1a: Buzzwole|Beast Boost|boost\n|-boost|p1a: Buzzwole|def|1\n|\n|-sideend|p2: ZHEGER|Reflect\n|upkeep\n|\n|t:|1700227030\n|switch|p2a: Vikavolt|Vikavolt, M, tera:Ice|94\/100 tox\n|turn|21\n|\n|t:|1700227039\n|switch|p1a: Heatran|Heatran, F|65\/100\n|move|p2a: Vikavolt|Thunderbolt|p1a: Heatran\n|-damage|p1a: Heatran|29\/100\n|\n|-heal|p1a: Heatran|35\/100|[from] item: Leftovers\n|-damage|p2a: Vikavolt|88\/100 tox|[from] psn\n|upkeep\n|turn|22\n|inactive|Battle timer is ON: inactive players will automatically lose when time's up. (requested by testing a funni3)\n|inactive|ZHEGER has 120 seconds left.\n|\n|t:|1700227121\n|move|p1a: Heatran|Magma Storm|p2a: Vikavolt\n|-supereffective|p2a: Vikavolt\n|-damage|p2a: Vikavolt|0 fnt\n|faint|p2a: Vikavolt\n|\n|-heal|p1a: Heatran|41\/100|[from] item: Leftovers\n|upkeep\n|\n|t:|1700227123\n|switch|p2a: Ferrothorn|Ferrothorn, M|100\/100\n|turn|23\n|\n|t:|1700227128\n|move|p1a: Heatran|Taunt|p2a: Ferrothorn\n|-start|p2a: Ferrothorn|move: Taunt\n|cant|p2a: Ferrothorn|move: Taunt|Leech Seed\n|\n|-heal|p1a: Heatran|48\/100|[from] item: Leftovers\n|upkeep\n|turn|24\n|-message|ZHEGER forfeited.\n|\n|win|testing a funni3\n|raw|testing a funni3's rating: 1478 &rarr; <strong>1495<\/strong><br \/>(+17 for winning)\n|raw|ZHEGER's rating: 1419 &rarr; <strong>1402<\/strong><br \/>(-17 for losing)\n|l|\u2606ZHEGER\n","uploadtime":1700227137,"views":6,"p1id":"testingafunni3","p2id":"zheger","formatid":"gen9nationaldex","rating":1402,"private":0,"password":""}