{"id":"gen9nationaldex-1991462425","p1":"Chompas","p2":"Sal002","format":"[Gen 9] National Dex","log":"|j|\u2606Chompas\n|j|\u2606Sal002\n|t:|1700079212\n|gametype|singles\n|player|p1|Chompas|ghetsis-gen5bw|\n|player|p2|Sal002|ethan|\n|teamsize|p1|6\n|teamsize|p2|6\n|gen|9\n|tier|[Gen 9] National Dex\n|rule|HP Percentage Mod: HP is shown in percentages\n|rule|Endless Battle Clause: Forcing endless battles is banned\n|rule|OHKO Clause: OHKO moves are banned\n|rule|Evasion Clause: Evasion abilities, items, and moves are banned\n|rule|Evasion Abilities Clause: Evasion abilities are banned\n|rule|Evasion Items Clause: Evasion items are banned\n|rule|Evasion Moves Clause: Evasion moves are banned\n|rule|Species Clause: Limit one of each Pok\u00e9mon\n|rule|Sleep Clause Mod: Limit one foe put to sleep\n|clearpoke\n|poke|p1|Sableye, M|\n|poke|p1|Iron Leaves|\n|poke|p1|Torkoal, F|\n|poke|p1|Pincurchin, M|\n|poke|p1|Slither Wing|\n|poke|p1|Skeledirge, M|\n|poke|p2|Samurott-Hisui, F|\n|poke|p2|Cinderace, F|\n|poke|p2|Aggron, F|\n|poke|p2|Espeon, M|\n|poke|p2|Kilowattrel, M|\n|poke|p2|Tyranitar, F|\n|teampreview\n|\n|t:|1700079231\n|start\n|switch|p1a: Pelo amor de deus|Torkoal, F|100\/100\n|switch|p2a: \u00c9 por Deus|Espeon, M|100\/100\n|-weather|SunnyDay|[from] ability: Drought|[of] p1a: Pelo amor de deus\n|turn|1\n|\n|t:|1700079235\n|move|p2a: \u00c9 por Deus|Calm Mind|p2a: \u00c9 por Deus\n|-boost|p2a: \u00c9 por Deus|spa|1\n|-boost|p2a: \u00c9 por Deus|spd|1\n|move|p1a: Pelo amor de deus|Eruption|p2a: \u00c9 por Deus\n|-crit|p2a: \u00c9 por Deus\n|-damage|p2a: \u00c9 por Deus|0 fnt\n|faint|p2a: \u00c9 por Deus\n|\n|-weather|SunnyDay|[upkeep]\n|upkeep\n|\n|t:|1700079248\n|switch|p2a: Pacote sinistro|Tyranitar, F|100\/100\n|-weather|Sandstorm|[from] ability: Sand Stream|[of] p2a: Pacote sinistro\n|turn|2\n|\n|t:|1700079260\n|move|p2a: Pacote sinistro|Stone Edge|p1a: Pelo amor de deus\n|-supereffective|p1a: Pelo amor de deus\n|-damage|p1a: Pelo amor de deus|0 fnt\n|faint|p1a: Pelo amor de deus\n|\n|-weather|Sandstorm|[upkeep]\n|upkeep\n|\n|t:|1700079268\n|switch|p1a: Cavalo|Iron Leaves|100\/100\n|turn|3\n|\n|t:|1700079289\n|move|p1a: Cavalo|Swords Dance|p1a: Cavalo\n|-boost|p1a: Cavalo|atk|2\n|move|p2a: Pacote sinistro|Stone Edge|p1a: Cavalo\n|-damage|p1a: Cavalo|5\/100\n|\n|-weather|Sandstorm|[upkeep]\n|-damage|p1a: Cavalo|0 fnt|[from] Sandstorm\n|faint|p1a: Cavalo\n|-end|p1a: Cavalo|Quark Drive|[silent]\n|upkeep\n|\n|t:|1700079302\n|switch|p1a: Supernova|Slither Wing|100\/100\n|turn|4\n|\n|t:|1700079328\n|-terastallize|p2a: Pacote sinistro|Dark\n|move|p1a: Supernova|Close Combat|p2a: Pacote sinistro\n|-supereffective|p2a: Pacote sinistro\n|-damage|p2a: Pacote sinistro|0 fnt\n|-unboost|p1a: Supernova|def|1\n|-unboost|p1a: Supernova|spd|1\n|faint|p2a: Pacote sinistro\n|\n|-weather|Sandstorm|[upkeep]\n|-damage|p1a: Supernova|94\/100|[from] Sandstorm\n|upkeep\n|\n|t:|1700079347\n|switch|p2a: Png macetavel|Cinderace, F|100\/100\n|turn|5\n|\n|t:|1700079354\n|move|p1a: Supernova|Close Combat|p2a: Png macetavel\n|-damage|p2a: Png macetavel|0 fnt\n|-unboost|p1a: Supernova|def|1\n|-unboost|p1a: Supernova|spd|1\n|faint|p2a: Png macetavel\n|\n|-weather|Sandstorm|[upkeep]\n|-damage|p1a: Supernova|88\/100|[from] Sandstorm\n|upkeep\n|\n|t:|1700079376\n|switch|p2a: Fazer nada farei..|Samurott-Hisui, F|100\/100\n|turn|6\n|\n|t:|1700079394\n|-end|p1a: Supernova|Protosynthesis|[silent]\n|switch|p1a: Sabugo de milho|Sableye, M|100\/100\n|move|p2a: Fazer nada farei..|Razor Shell|p1a: Sabugo de milho\n|-damage|p1a: Sabugo de milho|30\/100\n|-unboost|p1a: Sabugo de milho|def|1\n|\n|-weather|none\n|upkeep\n|turn|7\n|\n|t:|1700079405\n|move|p1a: Sabugo de milho|Recover|p1a: Sabugo de milho\n|-heal|p1a: Sabugo de milho|80\/100\n|move|p2a: Fazer nada farei..|Razor Shell|p1a: Sabugo de milho\n|-damage|p1a: Sabugo de milho|0 fnt\n|faint|p1a: Sabugo de milho\n|\n|upkeep\n|\n|t:|1700079409\n|switch|p1a: Supernova|Slither Wing|88\/100\n|turn|8\n|\n|t:|1700079415\n|move|p1a: Supernova|First Impression|p2a: Fazer nada farei..\n|-supereffective|p2a: Fazer nada farei..\n|-damage|p2a: Fazer nada farei..|0 fnt\n|faint|p2a: Fazer nada farei..\n|\n|upkeep\n|\n|t:|1700079419\n|switch|p2a: Obesidade imoral|Aggron, F|100\/100\n|turn|9\n|\n|t:|1700079426\n|-end|p1a: Supernova|Protosynthesis|[silent]\n|switch|p1a: Boseta marinha|Pincurchin, M|100\/100\n|-fieldstart|move: Electric Terrain|[from] ability: Electric Surge|[of] p1a: Boseta marinha\n|detailschange|p2a: Obesidade imoral|Aggron-Mega, F\n|-mega|p2a: Obesidade imoral|Aggron|Aggronite\n|move|p2a: Obesidade imoral|Iron Defense|p2a: Obesidade imoral\n|-boost|p2a: Obesidade imoral|def|2\n|\n|upkeep\n|turn|10\n|\n|t:|1700079434\n|switch|p2a: N\u00e3o sei...|Kilowattrel, M|100\/100\n|move|p1a: Boseta marinha|Rising Voltage|p2a: N\u00e3o sei...\n|-immune|p2a: N\u00e3o sei...|[from] ability: Volt Absorb\n|\n|upkeep\n|turn|11\n|\n|t:|1700079441\n|switch|p1a: Q dor ese fogo|Skeledirge, M|100\/100\n|move|p2a: N\u00e3o sei...|Hurricane|p1a: Q dor ese fogo\n|-damage|p1a: Q dor ese fogo|65\/100\n|-enditem|p1a: Q dor ese fogo|Red Card|[of] p2a: N\u00e3o sei...\n|drag|p2a: Obesidade imoral|Aggron-Mega, F|100\/100\n|\n|upkeep\n|turn|12\n|\n|t:|1700079455\n|move|p1a: Q dor ese fogo|Torch Song|p2a: Obesidade imoral\n|-supereffective|p2a: Obesidade imoral\n|-damage|p2a: Obesidade imoral|61\/100\n|-boost|p1a: Q dor ese fogo|spa|1\n|move|p2a: Obesidade imoral|Earthquake|p1a: Q dor ese fogo\n|-supereffective|p1a: Q dor ese fogo\n|-damage|p1a: Q dor ese fogo|11\/100\n|\n|upkeep\n|turn|13\n|\n|t:|1700079465\n|move|p1a: Q dor ese fogo|Torch Song|p2a: Obesidade imoral\n|-supereffective|p2a: Obesidade imoral\n|-damage|p2a: Obesidade imoral|3\/100\n|-boost|p1a: Q dor ese fogo|spa|1\n|move|p2a: Obesidade imoral|Earthquake|p1a: Q dor ese fogo\n|-supereffective|p1a: Q dor ese fogo\n|-damage|p1a: Q dor ese fogo|0 fnt\n|faint|p1a: Q dor ese fogo\n|\n|-fieldend|move: Electric Terrain\n|upkeep\n|\n|t:|1700079487\n|switch|p1a: Supernova|Slither Wing|88\/100\n|turn|14\n|\n|t:|1700079495\n|move|p1a: Supernova|First Impression|p2a: Obesidade imoral\n|-resisted|p2a: Obesidade imoral\n|-damage|p2a: Obesidade imoral|0 fnt\n|faint|p2a: Obesidade imoral\n|\n|upkeep\n|\n|t:|1700079497\n|switch|p2a: N\u00e3o sei...|Kilowattrel, M|100\/100\n|turn|15\n|\n|t:|1700079502\n|-end|p1a: Supernova|Protosynthesis|[silent]\n|switch|p1a: Boseta marinha|Pincurchin, M|100\/100\n|-fieldstart|move: Electric Terrain|[from] ability: Electric Surge|[of] p1a: Boseta marinha\n|move|p2a: N\u00e3o sei...|Hurricane|p1a: Boseta marinha|[miss]\n|-miss|p2a: N\u00e3o sei...|p1a: Boseta marinha\n|\n|upkeep\n|turn|16\n|\n|t:|1700079510\n|move|p1a: Boseta marinha|Sucker Punch|p2a: N\u00e3o sei...\n|-damage|p2a: N\u00e3o sei...|73\/100\n|move|p2a: N\u00e3o sei...|Hurricane|p1a: Boseta marinha\n|-resisted|p1a: Boseta marinha\n|-damage|p1a: Boseta marinha|68\/100\n|\n|upkeep\n|turn|17\n|\n|t:|1700079519\n|move|p1a: Boseta marinha|Sucker Punch|p2a: N\u00e3o sei...\n|-damage|p2a: N\u00e3o sei...|44\/100\n|move|p2a: N\u00e3o sei...|Thunderbolt|p1a: Boseta marinha\n|-resisted|p1a: Boseta marinha\n|-damage|p1a: Boseta marinha|42\/100\n|\n|upkeep\n|turn|18\n|\n|t:|1700079526\n|move|p1a: Boseta marinha|Sucker Punch||[still]\n|-fail|p1a: Boseta marinha\n|move|p2a: N\u00e3o sei...|Roost|p2a: N\u00e3o sei...\n|-heal|p2a: N\u00e3o sei...|94\/100\n|-singleturn|p2a: N\u00e3o sei...|move: Roost\n|\n|upkeep\n|turn|19\n|\n|t:|1700079539\n|move|p1a: Boseta marinha|Sucker Punch|p2a: N\u00e3o sei...\n|-damage|p2a: N\u00e3o sei...|65\/100\n|move|p2a: N\u00e3o sei...|Thunderbolt|p1a: Boseta marinha\n|-resisted|p1a: Boseta marinha\n|-damage|p1a: Boseta marinha|16\/100\n|\n|-fieldend|move: Electric Terrain\n|upkeep\n|turn|20\n|\n|t:|1700079546\n|move|p1a: Boseta marinha|Sucker Punch||[still]\n|-fail|p1a: Boseta marinha\n|move|p2a: N\u00e3o sei...|Roost|p2a: N\u00e3o sei...\n|-heal|p2a: N\u00e3o sei...|100\/100\n|-singleturn|p2a: N\u00e3o sei...|move: Roost\n|\n|upkeep\n|turn|21\n|\n|t:|1700079553\n|move|p1a: Boseta marinha|Sucker Punch||[still]\n|-fail|p1a: Boseta marinha\n|move|p2a: N\u00e3o sei...|Roost||[still]\n|-fail|p2a: N\u00e3o sei...|heal\n|\n|upkeep\n|turn|22\n|\n|t:|1700079566\n|move|p1a: Boseta marinha|Sucker Punch||[still]\n|-fail|p1a: Boseta marinha\n|move|p2a: N\u00e3o sei...|Roost||[still]\n|-fail|p2a: N\u00e3o sei...|heal\n|\n|upkeep\n|turn|23\n|\n|t:|1700079572\n|move|p1a: Boseta marinha|Sucker Punch||[still]\n|-fail|p1a: Boseta marinha\n|move|p2a: N\u00e3o sei...|Roost||[still]\n|-fail|p2a: N\u00e3o sei...|heal\n|\n|upkeep\n|turn|24\n|\n|t:|1700079577\n|move|p2a: N\u00e3o sei...|Roost||[still]\n|-fail|p2a: N\u00e3o sei...|heal\n|-activate|p1a: Boseta marinha|move: Struggle\n|move|p1a: Boseta marinha|Struggle|p2a: N\u00e3o sei...\n|-damage|p2a: N\u00e3o sei...|82\/100\n|-damage|p1a: Boseta marinha|0 fnt|[from] recoil\n|faint|p1a: Boseta marinha\n|\n|upkeep\n|\n|t:|1700079584\n|switch|p1a: Supernova|Slither Wing|88\/100\n|turn|25\n|\n|t:|1700079588\n|-terastallize|p1a: Supernova|Steel\n|move|p1a: Supernova|Flare Blitz|p2a: N\u00e3o sei...\n|-damage|p2a: N\u00e3o sei...|0 fnt\n|faint|p2a: N\u00e3o sei...\n|-damage|p1a: Supernova|64\/100|[from] Recoil\n|\n|win|Chompas\n|l|\u2606Sal002\n","uploadtime":1700079610,"views":5,"p1id":"chompas","p2id":"sal002","formatid":"gen9nationaldex","rating":0,"private":0,"password":""}