{"id":"gen9nationaldex-1992328583","p1":"MasterList2015","p2":"Sieeemano","format":"[Gen 9] National Dex","log":"|j|\u2606MasterList2015\n|j|\u2606Sieeemano\n|t:|1700175201\n|gametype|singles\n|player|p1|MasterList2015|red|1188\n|player|p2|Sieeemano|266|1069\n|teamsize|p1|6\n|teamsize|p2|6\n|gen|9\n|tier|[Gen 9] National Dex\n|rated|\n|rule|HP Percentage Mod: HP is shown in percentages\n|rule|Endless Battle Clause: Forcing endless battles is banned\n|rule|OHKO Clause: OHKO moves are banned\n|rule|Evasion Clause: Evasion abilities, items, and moves are banned\n|rule|Evasion Abilities Clause: Evasion abilities are banned\n|rule|Evasion Items Clause: Evasion items are banned\n|rule|Evasion Moves Clause: Evasion moves are banned\n|rule|Species Clause: Limit one of each Pok\u00e9mon\n|rule|Sleep Clause Mod: Limit one foe put to sleep\n|clearpoke\n|poke|p1|Pikachu-Kalos, M|\n|poke|p1|Charizard, M|\n|poke|p1|Krookodile, F|\n|poke|p1|Greninja-*, M|\n|poke|p1|Infernape, F|\n|poke|p1|Sceptile, M|\n|poke|p2|Blaziken, F|\n|poke|p2|Swampert, M|\n|poke|p2|Weavile, F|\n|poke|p2|Eelektross, F|\n|poke|p2|Serperior, M|\n|poke|p2|Garchomp, M|\n|teampreview\n|\n|t:|1700175213\n|start\n|switch|p1a: Krookodile|Krookodile, F|100\/100\n|switch|p2a: Eelektross|Eelektross, F|100\/100\n|-ability|p1a: Krookodile|Intimidate|boost\n|-unboost|p2a: Eelektross|atk|1\n|turn|1\n|\n|t:|1700175249\n|move|p1a: Krookodile|Stealth Rock|p2a: Eelektross\n|-sidestart|p2: Sieeemano|move: Stealth Rock\n|move|p2a: Eelektross|Aqua Tail|p1a: Krookodile\n|-supereffective|p1a: Krookodile\n|-damage|p1a: Krookodile|46\/100\n|\n|upkeep\n|turn|2\n|\n|t:|1700175299\n|switch|p1a: Sceptile|Sceptile, M|100\/100\n|move|p2a: Eelektross|Aqua Tail|p1a: Sceptile\n|-resisted|p1a: Sceptile\n|-damage|p1a: Sceptile|82\/100\n|\n|upkeep\n|turn|3\n|\n|t:|1700175324\n|move|p1a: Sceptile|Leaf Storm|p2a: Eelektross\n|-damage|p2a: Eelektross|7\/100\n|-unboost|p1a: Sceptile|spa|2\n|move|p2a: Eelektross|U-turn|p1a: Sceptile\n|-supereffective|p1a: Sceptile\n|-damage|p1a: Sceptile|27\/100\n|\n|t:|1700175330\n|switch|p2a: Blaziken|Blaziken, F|100\/100|[from] U-turn\n|-damage|p2a: Blaziken|88\/100|[from] Stealth Rock\n|\n|-heal|p2a: Blaziken|94\/100|[from] item: Leftovers\n|upkeep\n|turn|4\n|\n|t:|1700175388\n|switch|p1a: Krookodile|Krookodile, F|46\/100\n|-ability|p1a: Krookodile|Intimidate|boost\n|-unboost|p2a: Blaziken|atk|1\n|move|p2a: Blaziken|Swords Dance|p2a: Blaziken\n|-boost|p2a: Blaziken|atk|2\n|\n|-heal|p2a: Blaziken|99\/100|[from] item: Leftovers\n|-ability|p2a: Blaziken|Speed Boost|boost\n|-boost|p2a: Blaziken|spe|1\n|upkeep\n|turn|5\n|\n|t:|1700175404\n|-terastallize|p2a: Blaziken|Ground\n|move|p2a: Blaziken|Swords Dance|p2a: Blaziken\n|-boost|p2a: Blaziken|atk|2\n|move|p1a: Krookodile|Earthquake|p2a: Blaziken\n|-damage|p2a: Blaziken|26\/100\n|\n|-heal|p2a: Blaziken|32\/100|[from] item: Leftovers\n|-ability|p2a: Blaziken|Speed Boost|boost\n|-boost|p2a: Blaziken|spe|1\n|upkeep\n|turn|6\n|\n|t:|1700175423\n|move|p2a: Blaziken|Protect|p2a: Blaziken\n|-singleturn|p2a: Blaziken|Protect\n|move|p1a: Krookodile|Earthquake|p2a: Blaziken\n|-activate|p2a: Blaziken|move: Protect\n|\n|-heal|p2a: Blaziken|38\/100|[from] item: Leftovers\n|-ability|p2a: Blaziken|Speed Boost|boost\n|-boost|p2a: Blaziken|spe|1\n|upkeep\n|turn|7\n|\n|t:|1700175431\n|move|p2a: Blaziken|Earthquake|p1a: Krookodile\n|-damage|p1a: Krookodile|0 fnt\n|faint|p1a: Krookodile\n|\n|-heal|p2a: Blaziken|44\/100|[from] item: Leftovers\n|-ability|p2a: Blaziken|Speed Boost|boost\n|-boost|p2a: Blaziken|spe|1\n|upkeep\n|\n|t:|1700175433\n|switch|p1a: Greninja|Greninja, M|100\/100\n|turn|8\n|inactive|Battle timer is ON: inactive players will automatically lose when time's up. (requested by MasterList2015)\n|\n|t:|1700175467\n|move|p1a: Greninja|Water Shuriken|p2a: Blaziken\n|-supereffective|p2a: Blaziken\n|-damage|p2a: Blaziken|22\/100\n|-supereffective|p2a: Blaziken\n|-damage|p2a: Blaziken|0 fnt\n|faint|p2a: Blaziken\n|-ability|p1a: Greninja|Battle Bond|boost\n|-boost|p1a: Greninja|atk|1\n|-boost|p1a: Greninja|spa|1\n|-boost|p1a: Greninja|spe|1\n|-activate|p1a: Greninja|ability: Battle Bond\n|-hitcount|p2: Blaziken|2\n|\n|upkeep\n|\n|t:|1700175478\n|switch|p2a: Eelektross|Eelektross, F|7\/100\n|-damage|p2a: Eelektross|0 fnt|[from] Stealth Rock\n|faint|p2a: Eelektross\n|\n|t:|1700175483\n|switch|p2a: Serperior|Serperior, M|100\/100\n|-damage|p2a: Serperior|88\/100|[from] Stealth Rock\n|turn|9\n|\n|t:|1700175491\n|move|p1a: Greninja|Ice Beam|p2a: Serperior\n|-supereffective|p2a: Serperior\n|-damage|p2a: Serperior|0 fnt\n|faint|p2a: Serperior\n|\n|upkeep\n|\n|t:|1700175498\n|switch|p2a: Garchomp|Garchomp, M|100\/100\n|-damage|p2a: Garchomp|94\/100|[from] Stealth Rock\n|turn|10\n|\n|t:|1700175502\n|move|p1a: Greninja|Ice Beam|p2a: Garchomp\n|-supereffective|p2a: Garchomp\n|-damage|p2a: Garchomp|0 fnt\n|faint|p2a: Garchomp\n|\n|upkeep\n|\n|t:|1700175508\n|switch|p2a: Swampert|Swampert, M|100\/100\n|-damage|p2a: Swampert|94\/100|[from] Stealth Rock\n|turn|11\n|\n|t:|1700175512\n|detailschange|p2a: Swampert|Swampert-Mega, M\n|-mega|p2a: Swampert|Swampert|Swampertite\n|move|p1a: Greninja|Scald|p2a: Swampert\n|-damage|p2a: Swampert|42\/100\n|-status|p2a: Swampert|brn\n|move|p2a: Swampert|Earthquake|p1a: Greninja\n|-damage|p1a: Greninja|51\/100\n|\n|-damage|p2a: Swampert|36\/100 brn|[from] brn\n|upkeep\n|turn|12\n|\n|t:|1700175521\n|move|p1a: Greninja|Scald|p2a: Swampert\n|-damage|p2a: Swampert|0 fnt\n|faint|p2a: Swampert\n|\n|upkeep\n|\n|t:|1700175526\n|switch|p2a: Weavile|Weavile, F|100\/100\n|-damage|p2a: Weavile|76\/100|[from] Stealth Rock\n|-ability|p2a: Weavile|Pressure\n|turn|13\n|\n|t:|1700175532\n|move|p1a: Greninja|Scald|p2a: Weavile\n|-damage|p2a: Weavile|0 fnt\n|faint|p2a: Weavile\n|\n|win|MasterList2015\n|raw|MasterList2015's rating: 1188 &rarr; <strong>1205<\/strong><br \/>(+17 for winning)\n|raw|Sieeemano's rating: 1069 &rarr; <strong>1055<\/strong><br \/>(-14 for losing)\n","uploadtime":1700175541,"views":10,"p1id":"masterlist2015","p2id":"sieeemano","formatid":"gen9nationaldex","rating":1055,"private":0,"password":""}