{"id":"gen9nationaldex-1993807807","p1":"Yuan. xyz\u997f\u554a\u6574\u6d3b\u6574\u6d3b","p2":"hhxh\u955c\u82b1\u6c34\u6708","format":"[Gen 9] National Dex","log":"|j|\u2606Yuan. xyz\u997f\u554a\u6574\u6d3b\u6574\u6d3b\n|j|\u2606hhxh\u955c\u82b1\u6c34\u6708\n|t:|1700359752\n|gametype|singles\n|player|p1|Yuan. xyz\u997f\u554a\u6574\u6d3b\u6574\u6d3b|waitress|\n|player|p2|hhxh\u955c\u82b1\u6c34\u6708|penny|\n|teamsize|p1|6\n|teamsize|p2|6\n|gen|9\n|tier|[Gen 9] National Dex\n|rule|HP Percentage Mod: HP is shown in percentages\n|rule|Endless Battle Clause: Forcing endless battles is banned\n|rule|OHKO Clause: OHKO moves are banned\n|rule|Evasion Clause: Evasion abilities, items, and moves are banned\n|rule|Evasion Abilities Clause: Evasion abilities are banned\n|rule|Evasion Items Clause: Evasion items are banned\n|rule|Evasion Moves Clause: Evasion moves are banned\n|rule|Species Clause: Limit one of each Pok\u00e9mon\n|rule|Sleep Clause Mod: Limit one foe put to sleep\n|clearpoke\n|poke|p1|Ogerpon, F|\n|poke|p1|Corviknight, F|\n|poke|p1|Clodsire, M|\n|poke|p1|Tyranitar, M|\n|poke|p1|Tapu Fini|\n|poke|p1|Banette, M|\n|poke|p2|Volcanion|\n|poke|p2|Slowbro, F|\n|poke|p2|Mawile, F|\n|poke|p2|Ursaluna, F|\n|poke|p2|Maushold|\n|poke|p2|Dragonite, F|\n|teampreview\n|inactive|Battle timer is ON: inactive players will automatically lose when time's up. (requested by Yuan. xyz\u997f\u554a\u6574\u6d3b\u6574\u6d3b)\n|\n|t:|1700359779\n|start\n|switch|p1a: Tapu Fini|Tapu Fini|100\/100\n|switch|p2a: Volcanion|Volcanion|100\/100\n|-fieldstart|move: Misty Terrain|[from] ability: Misty Surge|[of] p1a: Tapu Fini\n|turn|1\n|\n|t:|1700359796\n|move|p1a: Tapu Fini|Taunt|p2a: Volcanion\n|-start|p2a: Volcanion|move: Taunt\n|move|p2a: Volcanion|Hidden Power|p1a: Tapu Fini\n|-supereffective|p1a: Tapu Fini\n|-damage|p1a: Tapu Fini|55\/100\n|\n|-heal|p1a: Tapu Fini|61\/100|[from] item: Leftovers\n|upkeep\n|turn|2\n|\n|t:|1700359805\n|switch|p1a: Clodsire|Clodsire, M|100\/100\n|move|p2a: Volcanion|Hidden Power|p1a: Clodsire\n|-immune|p1a: Clodsire\n|\n|upkeep\n|turn|3\n|\n|t:|1700359815\n|switch|p2a: Maushold|Maushold, shiny|100\/100\n|move|p1a: Clodsire|Stealth Rock|p2a: Maushold\n|-sidestart|p2: hhxh\u955c\u82b1\u6c34\u6708|move: Stealth Rock\n|\n|upkeep\n|turn|4\n|\n|t:|1700359819\n|switch|p1a: Corviknight|Corviknight, F|100\/100\n|-ability|p1a: Corviknight|Pressure\n|move|p2a: Maushold|Encore||[still]\n|-fail|p2a: Maushold\n|\n|upkeep\n|turn|5\n|\n|t:|1700359823\n|move|p2a: Maushold|Tidy Up|p2a: Maushold\n|-sideend|p2: hhxh\u955c\u82b1\u6c34\u6708|Stealth Rock\n|-activate|p2a: Maushold|move: Tidy Up\n|-boost|p2a: Maushold|atk|1\n|-boost|p2a: Maushold|spe|1\n|move|p1a: Corviknight|U-turn|p2a: Maushold\n|-damage|p2a: Maushold|79\/100\n|\n|t:|1700359827\n|switch|p1a: Banette|Banette, M|100\/100|[from] U-turn\n|\n|-fieldend|Misty Terrain\n|upkeep\n|turn|6\n|\n|t:|1700359830\n|detailschange|p1a: Banette|Banette-Mega, M\n|-mega|p1a: Banette|Banette|Banettite\n|-terastallize|p2a: Maushold|Dark\n|move|p1a: Banette|Encore|p2a: Maushold\n|-hint|Since gen 7, Dark is immune to Prankster moves.\n|-immune|p2a: Maushold\n|move|p2a: Maushold|Bite|p1a: Banette\n|-supereffective|p1a: Banette\n|-damage|p1a: Banette|0 fnt\n|faint|p1a: Banette\n|\n|upkeep\n|\n|t:|1700359839\n|switch|p1a: Ogerpon|Ogerpon, F|100\/100\n|turn|7\n|c|\u2606hhxh\u955c\u82b1\u6c34\u6708|\u597d\u4f3c\n|\n|t:|1700359846\n|switch|p1a: Corviknight|Corviknight, F|100\/100\n|-ability|p1a: Corviknight|Pressure\n|move|p2a: Maushold|Population Bomb|p1a: Corviknight\n|-resisted|p1a: Corviknight\n|-damage|p1a: Corviknight|95\/100\n|-resisted|p1a: Corviknight\n|-crit|p1a: Corviknight\n|-damage|p1a: Corviknight|88\/100\n|-resisted|p1a: Corviknight\n|-damage|p1a: Corviknight|83\/100\n|-resisted|p1a: Corviknight\n|-damage|p1a: Corviknight|79\/100\n|-resisted|p1a: Corviknight\n|-damage|p1a: Corviknight|74\/100\n|-hitcount|p1a: Corviknight|5\n|\n|upkeep\n|turn|8\n|\n|t:|1700359853\n|move|p2a: Maushold|Bite|p1a: Corviknight\n|-damage|p1a: Corviknight|45\/100\n|move|p1a: Corviknight|Iron Defense|p1a: Corviknight\n|-boost|p1a: Corviknight|def|2\n|\n|upkeep\n|turn|9\n|\n|t:|1700359857\n|move|p2a: Maushold|Encore|p1a: Corviknight\n|-start|p1a: Corviknight|Encore\n|move|p1a: Corviknight|Iron Defense|p1a: Corviknight\n|-boost|p1a: Corviknight|def|2\n|\n|upkeep\n|turn|10\n|\n|t:|1700359861\n|move|p2a: Maushold|Tidy Up|p2a: Maushold\n|-boost|p2a: Maushold|atk|1\n|-boost|p2a: Maushold|spe|1\n|move|p1a: Corviknight|Iron Defense|p1a: Corviknight\n|-boost|p1a: Corviknight|def|2\n|\n|upkeep\n|turn|11\n|\n|t:|1700359870\n|move|p2a: Maushold|Tidy Up|p2a: Maushold\n|-boost|p2a: Maushold|atk|1\n|-boost|p2a: Maushold|spe|1\n|move|p1a: Corviknight|Iron Defense|p1a: Corviknight\n|-boost|p1a: Corviknight|def|0\n|\n|-end|p1a: Corviknight|Encore\n|upkeep\n|turn|12\n|\n|t:|1700359883\n|move|p2a: Maushold|Encore|p1a: Corviknight\n|-start|p1a: Corviknight|Encore\n|move|p1a: Corviknight|Iron Defense|p1a: Corviknight\n|-boost|p1a: Corviknight|def|0\n|\n|upkeep\n|turn|13\n|\n|t:|1700359886\n|move|p2a: Maushold|Tidy Up|p2a: Maushold\n|-boost|p2a: Maushold|atk|1\n|-boost|p2a: Maushold|spe|1\n|move|p1a: Corviknight|Iron Defense|p1a: Corviknight\n|-boost|p1a: Corviknight|def|0\n|\n|upkeep\n|turn|14\n|-message|Yuan. xyz\u997f\u554a\u6574\u6d3b\u6574\u6d3b forfeited.\n|\n|win|hhxh\u955c\u82b1\u6c34\u6708\n|l|\u2606Yuan. xyz\u997f\u554a\u6574\u6d3b\u6574\u6d3b\n|j|\u2606Yuan. xyz\u997f\u554a\u6574\u6d3b\u6574\u6d3b\n|player|p1|Yuan. xyz\u997f\u554a\u6574\u6d3b\u6574\u6d3b|waitress\n|l|\u2606Yuan. xyz\u997f\u554a\u6574\u6d3b\u6574\u6d3b\n|player|p1|\n","uploadtime":1700359896,"views":7,"p1id":"yuanxyz","p2id":"hhxh","formatid":"gen9nationaldex","rating":0,"private":0,"password":""}