{"id":"gen9nationaldex-1987001437","p1":"ShelmetSoup","p2":"luh geek pack","format":"[Gen 9] National Dex","log":"|j|\u2606ShelmetSoup\n|j|\u203dluh geek pack\n|t:|1699548036\n|gametype|singles\n|player|p1|ShelmetSoup|266|1360\n|player|p2|luh geek pack|n|1440\n|teamsize|p1|6\n|teamsize|p2|6\n|gen|9\n|tier|[Gen 9] National Dex\n|rated|\n|rule|HP Percentage Mod: HP is shown in percentages\n|rule|Endless Battle Clause: Forcing endless battles is banned\n|rule|OHKO Clause: OHKO moves are banned\n|rule|Evasion Clause: Evasion abilities, items, and moves are banned\n|rule|Evasion Abilities Clause: Evasion abilities are banned\n|rule|Evasion Items Clause: Evasion items are banned\n|rule|Evasion Moves Clause: Evasion moves are banned\n|rule|Species Clause: Limit one of each Pok\u00e9mon\n|rule|Sleep Clause Mod: Limit one foe put to sleep\n|clearpoke\n|poke|p1|Tangrowth, F|\n|poke|p1|Ferrothorn, F|\n|poke|p1|Tapu Koko|\n|poke|p1|Iron Moth|\n|poke|p1|Gliscor, F|\n|poke|p1|Gyarados, M|\n|poke|p2|Latios, M|\n|poke|p2|Heatran, M|\n|poke|p2|Tapu Fini|\n|poke|p2|Rillaboom, M|\n|poke|p2|Ursaluna-Bloodmoon, M|\n|poke|p2|Sneasler, M|\n|teampreview\n|\n|t:|1699548061\n|start\n|switch|p1a: Tapu Koko|Tapu Koko|100\/100\n|switch|p2a: Ursaluna|Ursaluna-Bloodmoon, M|100\/100\n|-fieldstart|move: Electric Terrain|[from] ability: Electric Surge|[of] p1a: Tapu Koko\n|turn|1\n|inactive|Battle timer is ON: inactive players will automatically lose when time's up. (requested by ShelmetSoup)\n|\n|t:|1699548091\n|move|p1a: Tapu Koko|U-turn|p2a: Ursaluna\n|-damage|p2a: Ursaluna|88\/100\n|\n|t:|1699548103\n|switch|p1a: Gyarados|Gyarados, M|100\/100|[from] U-turn\n|-ability|p1a: Gyarados|Intimidate|boost\n|-unboost|p2a: Ursaluna|atk|1\n|move|p2a: Ursaluna|Blood Moon|p1a: Gyarados\n|-damage|p1a: Gyarados|15\/100\n|\n|upkeep\n|turn|2\n|\n|t:|1699548115\n|-terastallize|p2a: Ursaluna|Fairy\n|move|p1a: Gyarados|Waterfall|p2a: Ursaluna\n|-damage|p2a: Ursaluna|56\/100\n|move|p2a: Ursaluna|Moonblast|p1a: Gyarados\n|-damage|p1a: Gyarados|0 fnt\n|faint|p1a: Gyarados\n|\n|upkeep\n|c|\u2606ShelmetSoup|av bruh\n|\n|t:|1699548126\n|switch|p1a: Iron Moth|Iron Moth|100\/100\n|-activate|p1a: Iron Moth|ability: Quark Drive\n|-start|p1a: Iron Moth|quarkdrivespa\n|turn|3\n|\n|t:|1699548132\n|switch|p2a: Heatran|Heatran, M|100\/100\n|move|p1a: Iron Moth|U-turn|p2a: Heatran\n|-resisted|p2a: Heatran\n|-damage|p2a: Heatran|98\/100\n|\n|t:|1699548136\n|-end|p1a: Iron Moth|Quark Drive|[silent]\n|switch|p1a: Gliscor|Gliscor, F|100\/100|[from] U-turn\n|\n|-heal|p2a: Heatran|100\/100|[from] item: Leftovers\n|-status|p1a: Gliscor|tox|[from] item: Toxic Orb\n|upkeep\n|turn|4\n|\n|t:|1699548150\n|switch|p2a: Tapu Fini|Tapu Fini|100\/100\n|-fieldstart|move: Misty Terrain|[from] ability: Misty Surge|[of] p2a: Tapu Fini\n|move|p1a: Gliscor|Earthquake|p2a: Tapu Fini\n|-damage|p2a: Tapu Fini|78\/100\n|\n|-heal|p2a: Tapu Fini|85\/100|[from] item: Leftovers\n|upkeep\n|turn|5\n|l|\u2606ShelmetSoup\n|inactive|ShelmetSoup disconnected and has a minute to reconnect!\n|player|p1|\n|j|\u2606ShelmetSoup\n|inactive|ShelmetSoup reconnected and has 120 seconds left.\n|player|p1|ShelmetSoup|266\n|\n|t:|1699548185\n|switch|p1a: Iron Moth|Iron Moth|100\/100\n|move|p2a: Tapu Fini|Knock Off|p1a: Iron Moth\n|-damage|p1a: Iron Moth|72\/100\n|-enditem|p1a: Iron Moth|Heavy-Duty Boots|[from] move: Knock Off|[of] p2a: Tapu Fini\n|\n|-heal|p2a: Tapu Fini|91\/100|[from] item: Leftovers\n|upkeep\n|turn|6\n|l|\u2606ShelmetSoup\n|inactive|ShelmetSoup disconnected and has a minute to reconnect!\n|player|p1|\n|inactive|luh geek pack has 120 seconds left.\n|\n|t:|1699548228\n|move|p1a: Iron Moth|Sludge Wave|p2a: Tapu Fini\n|-supereffective|p2a: Tapu Fini\n|-damage|p2a: Tapu Fini|12\/100\n|move|p2a: Tapu Fini|Scald|p1a: Iron Moth\n|-supereffective|p1a: Iron Moth\n|-damage|p1a: Iron Moth|15\/100\n|\n|-heal|p2a: Tapu Fini|18\/100|[from] item: Leftovers\n|upkeep\n|turn|7\n|j|\u2606ShelmetSoup\n|inactive|ShelmetSoup reconnected and has 130 seconds left.\n|player|p1|ShelmetSoup|266\n|\n|t:|1699548242\n|switch|p2a: Heatran|Heatran, M|100\/100\n|move|p1a: Iron Moth|U-turn|p2a: Heatran\n|-resisted|p2a: Heatran\n|-damage|p2a: Heatran|98\/100\n|\n|t:|1699548246\n|-end|p1a: Iron Moth|Quark Drive|[silent]\n|switch|p1a: Gliscor|Gliscor, F|100\/100 tox|[from] U-turn\n|\n|-heal|p2a: Heatran|100\/100|[from] item: Leftovers\n|upkeep\n|turn|8\n|\n|t:|1699548251\n|move|p1a: Gliscor|Earthquake|p2a: Heatran\n|-supereffective|p2a: Heatran\n|-damage|p2a: Heatran|0 fnt\n|faint|p2a: Heatran\n|\n|-fieldend|Misty Terrain\n|upkeep\n|\n|t:|1699548259\n|switch|p2a: Tapu Fini|Tapu Fini|18\/100\n|-fieldstart|move: Misty Terrain|[from] ability: Misty Surge|[of] p2a: Tapu Fini\n|turn|9\n|c|\u2606ShelmetSoup|xd\n|\n|t:|1699548285\n|move|p1a: Gliscor|Earthquake|p2a: Tapu Fini\n|-damage|p2a: Tapu Fini|0 fnt\n|faint|p2a: Tapu Fini\n|\n|upkeep\n|\n|t:|1699548293\n|switch|p2a: Ursaluna|Ursaluna-Bloodmoon, M, tera:Fairy|56\/100\n|turn|10\n|\n|t:|1699548301\n|move|p1a: Gliscor|Toxic|p2a: Ursaluna\n|-activate|p2a: Ursaluna|move: Misty Terrain\n|move|p2a: Ursaluna|Blood Moon|p1a: Gliscor\n|-damage|p1a: Gliscor|31\/100 tox\n|\n|-heal|p1a: Gliscor|44\/100 tox|[from] ability: Poison Heal\n|upkeep\n|turn|11\n|\n|t:|1699548307\n|move|p1a: Gliscor|Earthquake|p2a: Ursaluna\n|-damage|p2a: Ursaluna|34\/100\n|move|p2a: Ursaluna|Moonblast|p1a: Gliscor\n|-damage|p1a: Gliscor|0 fnt\n|faint|p1a: Gliscor\n|\n|upkeep\n|\n|t:|1699548315\n|switch|p1a: Tapu Koko|Tapu Koko|100\/100\n|-fieldstart|move: Electric Terrain|[from] ability: Electric Surge|[of] p1a: Tapu Koko\n|turn|12\n|\n|t:|1699548324\n|move|p1a: Tapu Koko|Thunderbolt|p2a: Ursaluna\n|-damage|p2a: Ursaluna|0 fnt\n|faint|p2a: Ursaluna\n|\n|upkeep\n|\n|t:|1699548334\n|switch|p2a: Rillaboom|Rillaboom, M|100\/100\n|-fieldstart|move: Grassy Terrain|[from] ability: Grassy Surge|[of] p2a: Rillaboom\n|turn|13\n|\n|t:|1699548347\n|move|p1a: Tapu Koko|U-turn|p2a: Rillaboom\n|-supereffective|p2a: Rillaboom\n|-damage|p2a: Rillaboom|63\/100\n|\n|t:|1699548350\n|switch|p1a: Ferrothorn|Ferrothorn, F|100\/100|[from] U-turn\n|move|p2a: Rillaboom|Swords Dance|p2a: Rillaboom\n|-boost|p2a: Rillaboom|atk|2\n|\n|-heal|p2a: Rillaboom|69\/100|[from] Grassy Terrain\n|upkeep\n|turn|14\n|\n|t:|1699548357\n|switch|p2a: Latios|Latios, M|100\/100\n|move|p1a: Ferrothorn|Toxic|p2a: Latios\n|-status|p2a: Latios|tox\n|\n|-damage|p2a: Latios|95\/100 tox|[from] psn\n|upkeep\n|turn|15\n|\n|t:|1699548365\n|detailschange|p2a: Latios|Latios-Mega, M\n|-mega|p2a: Latios|Latios|Latiosite\n|move|p2a: Latios|Mystical Fire|p1a: Ferrothorn\n|-supereffective|p1a: Ferrothorn\n|-damage|p1a: Ferrothorn|19\/100\n|-unboost|p1a: Ferrothorn|spa|1\n|move|p1a: Ferrothorn|Stealth Rock|p2a: Latios\n|-sidestart|p2: luh geek pack|move: Stealth Rock\n|\n|-heal|p1a: Ferrothorn|25\/100|[from] Grassy Terrain\n|-heal|p1a: Ferrothorn|31\/100|[from] item: Leftovers\n|-damage|p2a: Latios|83\/100 tox|[from] psn\n|upkeep\n|turn|16\n|\n|t:|1699548372\n|switch|p1a: Tapu Koko|Tapu Koko|100\/100\n|-fieldstart|move: Electric Terrain|[from] ability: Electric Surge|[of] p1a: Tapu Koko\n|move|p2a: Latios|Mystical Fire|p1a: Tapu Koko\n|-damage|p1a: Tapu Koko|55\/100\n|-unboost|p1a: Tapu Koko|spa|1\n|\n|-damage|p2a: Latios|65\/100 tox|[from] psn\n|upkeep\n|turn|17\n|\n|t:|1699548379\n|move|p1a: Tapu Koko|U-turn|p2a: Latios\n|-supereffective|p2a: Latios\n|-damage|p2a: Latios|27\/100 tox\n|\n|t:|1699548382\n|switch|p1a: Iron Moth|Iron Moth|15\/100|[from] U-turn\n|-activate|p1a: Iron Moth|ability: Quark Drive\n|-start|p1a: Iron Moth|quarkdrivespa\n|move|p2a: Latios|Mystical Fire|p1a: Iron Moth\n|-resisted|p1a: Iron Moth\n|-damage|p1a: Iron Moth|0 fnt\n|faint|p1a: Iron Moth\n|-end|p1a: Iron Moth|Quark Drive|[silent]\n|\n|-damage|p2a: Latios|3\/100 tox|[from] psn\n|upkeep\n|\n|t:|1699548384\n|switch|p1a: Tapu Koko|Tapu Koko|55\/100\n|turn|18\n|\n|t:|1699548388\n|move|p1a: Tapu Koko|Thunderbolt|p2a: Latios\n|-resisted|p2a: Latios\n|-damage|p2a: Latios|0 fnt\n|faint|p2a: Latios\n|\n|upkeep\n|\n|t:|1699548391\n|switch|p2a: Rillaboom|Rillaboom, M|69\/100\n|-damage|p2a: Rillaboom|57\/100|[from] Stealth Rock\n|-fieldstart|move: Grassy Terrain|[from] ability: Grassy Surge|[of] p2a: Rillaboom\n|turn|19\n|\n|t:|1699548396\n|move|p1a: Tapu Koko|U-turn|p2a: Rillaboom\n|-supereffective|p2a: Rillaboom\n|-damage|p2a: Rillaboom|23\/100\n|\n|t:|1699548401\n|switch|p1a: Ferrothorn|Ferrothorn, F|31\/100|[from] U-turn\n|move|p2a: Rillaboom|U-turn|p1a: Ferrothorn\n|-damage|p1a: Ferrothorn|9\/100\n|-damage|p2a: Rillaboom|10\/100|[from] ability: Iron Barbs|[of] p1a: Ferrothorn\n|\n|t:|1699548408\n|switch|p2a: Sneasler|Sneasler, M|100\/100|[from] U-turn\n|-damage|p2a: Sneasler|95\/100|[from] Stealth Rock\n|-enditem|p2a: Sneasler|Grassy Seed\n|-boost|p2a: Sneasler|def|1|[from] item: Grassy Seed\n|\n|-heal|p2a: Sneasler|100\/100|[from] Grassy Terrain\n|-heal|p1a: Ferrothorn|16\/100|[from] Grassy Terrain\n|-heal|p1a: Ferrothorn|22\/100|[from] item: Leftovers\n|upkeep\n|turn|20\n|\n|t:|1699548418\n|move|p2a: Sneasler|Close Combat|p1a: Ferrothorn\n|-supereffective|p1a: Ferrothorn\n|-damage|p1a: Ferrothorn|0 fnt\n|-unboost|p2a: Sneasler|def|1\n|-unboost|p2a: Sneasler|spd|1\n|-damage|p2a: Sneasler|88\/100|[from] ability: Iron Barbs|[of] p1a: Ferrothorn\n|faint|p1a: Ferrothorn\n|\n|-heal|p2a: Sneasler|94\/100|[from] Grassy Terrain\n|upkeep\n|\n|t:|1699548429\n|switch|p1a: Tangrowth|Tangrowth, F|100\/100\n|turn|21\n|\n|t:|1699548432\n|move|p2a: Sneasler|Acrobatics|p1a: Tangrowth\n|-supereffective|p1a: Tangrowth\n|-damage|p1a: Tangrowth|61\/100\n|-damage|p2a: Sneasler|78\/100|[from] item: Rocky Helmet|[of] p1a: Tangrowth\n|move|p1a: Tangrowth|Stun Spore|p2a: Sneasler\n|-status|p2a: Sneasler|par\n|\n|-heal|p2a: Sneasler|84\/100 par|[from] Grassy Terrain\n|-heal|p1a: Tangrowth|67\/100|[from] Grassy Terrain\n|upkeep\n|turn|22\n|\n|t:|1699548440\n|cant|p2a: Sneasler|par\n|move|p1a: Tangrowth|Knock Off|p2a: Sneasler\n|-resisted|p2a: Sneasler\n|-damage|p2a: Sneasler|72\/100 par\n|\n|-heal|p2a: Sneasler|78\/100 par|[from] Grassy Terrain\n|-heal|p1a: Tangrowth|73\/100|[from] Grassy Terrain\n|upkeep\n|turn|23\n|\n|t:|1699548449\n|move|p2a: Sneasler|Swords Dance|p2a: Sneasler\n|-boost|p2a: Sneasler|atk|2\n|move|p1a: Tangrowth|Hidden Power|p2a: Sneasler\n|-damage|p2a: Sneasler|50\/100 par\n|\n|-heal|p2a: Sneasler|56\/100 par|[from] Grassy Terrain\n|-heal|p1a: Tangrowth|79\/100|[from] Grassy Terrain\n|upkeep\n|turn|24\n|\n|t:|1699548466\n|move|p2a: Sneasler|Acrobatics|p1a: Tangrowth\n|-supereffective|p1a: Tangrowth\n|-damage|p1a: Tangrowth|0 fnt\n|-damage|p2a: Sneasler|39\/100 par|[from] item: Rocky Helmet|[of] p1a: Tangrowth\n|faint|p1a: Tangrowth\n|\n|-heal|p2a: Sneasler|45\/100 par|[from] Grassy Terrain\n|upkeep\n|\n|t:|1699548470\n|switch|p1a: Tapu Koko|Tapu Koko|55\/100\n|-fieldstart|move: Electric Terrain|[from] ability: Electric Surge|[of] p1a: Tapu Koko\n|turn|25\n|\n|t:|1699548477\n|move|p1a: Tapu Koko|Thunderbolt|p2a: Sneasler\n|-damage|p2a: Sneasler|0 fnt\n|faint|p2a: Sneasler\n|\n|upkeep\n|\n|t:|1699548480\n|switch|p2a: Rillaboom|Rillaboom, M|10\/100\n|-damage|p2a: Rillaboom|0 fnt|[from] Stealth Rock\n|faint|p2a: Rillaboom\n|\n|win|ShelmetSoup\n|raw|ShelmetSoup's rating: 1360 &rarr; <strong>1385<\/strong><br \/>(+25 for winning)\n|raw|luh geek pack's rating: 1440 &rarr; <strong>1415<\/strong><br \/>(-25 for losing)\n|l|\u203dluh geek pack\n","uploadtime":1699548489,"views":6,"p1id":"shelmetsoup","p2id":"luhgeekpack","formatid":"gen9nationaldex","rating":1385,"private":0,"password":""}