{"id":"gen9nationaldex-1996471195","p1":"Zera & Lucy","p2":"Motorgis3534","format":"[Gen 9] National Dex","log":"|html|<div class=\"broadcast-blue\"><strong>[Gen 9] National Dex is currently suspecting Sneasler! For information on how to participate check out the <a href=\"https:\/\/www.smogon.com\/forums\/threads\/sv-national-dex-suspect-8-just-dance.3731534\/\">suspect thread<\/a>.<\/strong><\/div>\n|j|\u2606Zera & Lucy\n|j|\u2606Motorgis3534\n|t:|1700685224\n|gametype|singles\n|player|p1|Zera & Lucy|cynthia|\n|player|p2|Motorgis3534|benga|\n|teamsize|p1|6\n|teamsize|p2|6\n|gen|9\n|tier|[Gen 9] National Dex\n|rule|HP Percentage Mod: HP is shown in percentages\n|rule|Endless Battle Clause: Forcing endless battles is banned\n|rule|OHKO Clause: OHKO moves are banned\n|rule|Evasion Clause: Evasion abilities, items, and moves are banned\n|rule|Evasion Abilities Clause: Evasion abilities are banned\n|rule|Evasion Items Clause: Evasion items are banned\n|rule|Evasion Moves Clause: Evasion moves are banned\n|rule|Species Clause: Limit one of each Pok\u00e9mon\n|rule|Sleep Clause Mod: Limit one foe put to sleep\n|clearpoke\n|poke|p1|Ambipom, F|\n|poke|p1|Hatterene, F|\n|poke|p1|Samurott-Hisui, M|\n|poke|p1|Alomomola, F|\n|poke|p1|Zoroark-Hisui, F|\n|poke|p1|Garchomp, M|\n|poke|p2|Ogerpon-Cornerstone, F|\n|poke|p2|Obstagoon, M|\n|poke|p2|Kleavor, M|\n|poke|p2|Garganacl, F|\n|poke|p2|Gallade, M|\n|poke|p2|Dragonite, M|\n|teampreview\n|inactive|Battle timer is ON: inactive players will automatically lose when time's up. (requested by Zera & Lucy)\n|\n|t:|1700685249\n|start\n|switch|p1a: Ambipom|Ambipom, F|100\/100\n|switch|p2a: Dragonite|Dragonite, M|100\/100\n|turn|1\n|\n|t:|1700685258\n|switch|p2a: Kleavor|Kleavor, M|100\/100\n|-terastallize|p1a: Ambipom|Normal\n|move|p1a: Ambipom|Fake Out|p2a: Kleavor\n|-resisted|p2a: Kleavor\n|-damage|p2a: Kleavor|75\/100\n|\n|upkeep\n|turn|2\n|\n|t:|1700685272\n|switch|p1a: Garchomp|Garchomp, M|100\/100\n|move|p2a: Kleavor|Stone Axe|p1a: Garchomp|[miss]\n|-miss|p2a: Kleavor|p1a: Garchomp\n|\n|upkeep\n|turn|3\n|\n|t:|1700685281\n|move|p1a: Garchomp|Earthquake|p2a: Kleavor\n|-damage|p2a: Kleavor|8\/100\n|move|p2a: Kleavor|Lunge|p1a: Garchomp\n|-damage|p1a: Garchomp|43\/100\n|-unboost|p1a: Garchomp|atk|1\n|-damage|p2a: Kleavor|0 fnt|[from] ability: Rough Skin|[of] p1a: Garchomp\n|faint|p2a: Kleavor\n|\n|upkeep\n|\n|t:|1700685296\n|switch|p2a: Gallade|Gallade, M|100\/100\n|turn|4\n|\n|t:|1700685307\n|switch|p1a: Alomomola|Alomomola, F|100\/100\n|move|p2a: Gallade|Aqua Cutter|p1a: Alomomola\n|-resisted|p1a: Alomomola\n|-damage|p1a: Alomomola|91\/100\n|\n|upkeep\n|turn|5\n|\n|t:|1700685314\n|switch|p2a: Dragonite|Dragonite, M|100\/100\n|move|p1a: Alomomola|Wish|p1a: Alomomola\n|\n|upkeep\n|turn|6\n|\n|t:|1700685321\n|move|p2a: Dragonite|Dragon Dance|p2a: Dragonite\n|-boost|p2a: Dragonite|atk|1\n|-boost|p2a: Dragonite|spe|1\n|move|p1a: Alomomola|Flip Turn|p2a: Dragonite\n|-resisted|p2a: Dragonite\n|-damage|p2a: Dragonite|96\/100\n|-heal|p1a: Alomomola|91\/100|[from] item: Shell Bell|[of] p2a: Dragonite\n|\n|t:|1700685325\n|switch|p1a: Ambipom|Ambipom, F, tera:Normal|100\/100|[from] Flip Turn\n|\n|upkeep\n|turn|7\n|\n|t:|1700685332\n|move|p1a: Ambipom|Fake Out|p2a: Dragonite\n|-damage|p2a: Dragonite|52\/100\n|cant|p2a: Dragonite|flinch\n|\n|upkeep\n|turn|8\n|\n|t:|1700685335\n|switch|p1a: Alomomola|Alomomola, F|100\/100\n|move|p2a: Dragonite|Dragon Dance|p2a: Dragonite\n|-boost|p2a: Dragonite|atk|1\n|-boost|p2a: Dragonite|spe|1\n|\n|upkeep\n|turn|9\n|\n|t:|1700685340\n|move|p2a: Dragonite|Dual Wingbeat|p1a: Alomomola\n|-damage|p1a: Alomomola|75\/100\n|-damage|p1a: Alomomola|49\/100\n|-hitcount|p1a: Alomomola|2\n|move|p1a: Alomomola|Flip Turn|p2a: Dragonite\n|-resisted|p2a: Dragonite\n|-damage|p2a: Dragonite|42\/100\n|-heal|p1a: Alomomola|50\/100|[from] item: Shell Bell|[of] p2a: Dragonite\n|\n|t:|1700685348\n|switch|p1a: Ambipom|Ambipom, F, tera:Normal|100\/100|[from] Flip Turn\n|\n|upkeep\n|turn|10\n|\n|t:|1700685350\n|-terastallize|p2a: Dragonite|Normal\n|move|p1a: Ambipom|Fake Out|p2a: Dragonite\n|-damage|p2a: Dragonite|0 fnt\n|faint|p2a: Dragonite\n|\n|upkeep\n|\n|t:|1700685357\n|switch|p2a: Gallade|Gallade, M|100\/100\n|turn|11\n|\n|t:|1700685365\n|switch|p1a: Alomomola|Alomomola, F|83\/100\n|move|p2a: Gallade|Psycho Cut|p1a: Alomomola\n|-damage|p1a: Alomomola|57\/100\n|\n|upkeep\n|turn|12\n|\n|t:|1700685375\n|move|p2a: Gallade|Psycho Cut|p1a: Alomomola\n|-crit|p1a: Alomomola\n|-damage|p1a: Alomomola|16\/100\n|move|p1a: Alomomola|Pain Split|p2a: Gallade\n|-sethp|p2a: Gallade|65\/100|[from] move: Pain Split|[silent]\n|-sethp|p1a: Alomomola|34\/100|[from] move: Pain Split\n|\n|upkeep\n|turn|13\n|\n|t:|1700685382\n|move|p2a: Gallade|Psycho Cut|p1a: Alomomola\n|-damage|p1a: Alomomola|7\/100\n|move|p1a: Alomomola|Flip Turn|p2a: Gallade\n|-damage|p2a: Gallade|36\/100\n|-heal|p1a: Alomomola|9\/100|[from] item: Shell Bell|[of] p2a: Gallade\n|\n|t:|1700685389\n|switch|p1a: Ambipom|Ambipom, F, tera:Normal|100\/100|[from] Flip Turn\n|\n|upkeep\n|turn|14\n|\n|t:|1700685394\n|switch|p2a: Garganacl|Garganacl, F|100\/100\n|move|p1a: Ambipom|Fake Out|p2a: Garganacl\n|-resisted|p2a: Garganacl\n|-damage|p2a: Garganacl|90\/100\n|\n|-heal|p2a: Garganacl|96\/100|[from] item: Leftovers\n|upkeep\n|turn|15\n|\n|t:|1700685398\n|move|p1a: Ambipom|Knock Off|p2a: Garganacl\n|-damage|p2a: Garganacl|82\/100\n|-enditem|p2a: Garganacl|Leftovers|[from] move: Knock Off|[of] p1a: Ambipom\n|move|p2a: Garganacl|Curse|p2a: Garganacl\n|-unboost|p2a: Garganacl|spe|1\n|-boost|p2a: Garganacl|atk|1\n|-boost|p2a: Garganacl|def|1\n|\n|upkeep\n|turn|16\n|\n|t:|1700685407\n|switch|p1a: Garchomp|Garchomp, M|43\/100\n|move|p2a: Garganacl|Curse|p2a: Garganacl\n|-unboost|p2a: Garganacl|spe|1\n|-boost|p2a: Garganacl|atk|1\n|-boost|p2a: Garganacl|def|1\n|\n|upkeep\n|turn|17\n|\n|t:|1700685415\n|move|p1a: Garchomp|Earthquake|p2a: Garganacl\n|-supereffective|p2a: Garganacl\n|-damage|p2a: Garganacl|53\/100\n|move|p2a: Garganacl|Recover|p2a: Garganacl\n|-heal|p2a: Garganacl|100\/100\n|\n|upkeep\n|turn|18\n|\n|t:|1700685419\n|move|p1a: Garchomp|Swords Dance|p1a: Garchomp\n|-boost|p1a: Garchomp|atk|2\n|move|p2a: Garganacl|Body Press|p1a: Garchomp\n|-damage|p1a: Garchomp|0 fnt\n|-damage|p2a: Garganacl|88\/100|[from] ability: Rough Skin|[of] p1a: Garchomp\n|-damage|p2a: Garganacl|72\/100|[from] item: Rocky Helmet|[of] p1a: Garchomp\n|faint|p1a: Garchomp\n|\n|upkeep\n|\n|t:|1700685428\n|switch|p1a: Samurott|Samurott-Hisui, M|100\/100\n|turn|19\n|\n|t:|1700685437\n|move|p1a: Samurott|Razor Shell|p2a: Garganacl\n|-supereffective|p2a: Garganacl\n|-damage|p2a: Garganacl|42\/100\n|-unboost|p2a: Garganacl|def|1\n|move|p2a: Garganacl|Recover|p2a: Garganacl\n|-heal|p2a: Garganacl|92\/100\n|\n|upkeep\n|turn|20\n|\n|t:|1700685444\n|move|p1a: Samurott|Razor Shell|p2a: Garganacl\n|-supereffective|p2a: Garganacl\n|-damage|p2a: Garganacl|48\/100\n|-unboost|p2a: Garganacl|def|1\n|move|p2a: Garganacl|Body Press|p1a: Samurott\n|-supereffective|p1a: Samurott\n|-damage|p1a: Samurott|22\/100\n|\n|upkeep\n|turn|21\n|\n|t:|1700685456\n|move|p1a: Samurott|Razor Shell|p2a: Garganacl\n|-supereffective|p2a: Garganacl\n|-damage|p2a: Garganacl|0 fnt\n|faint|p2a: Garganacl\n|\n|upkeep\n|\n|t:|1700685468\n|switch|p2a: Ogerpon|Ogerpon-Cornerstone, F|100\/100\n|turn|22\n|c|\u2606Zera & Lucy|Me obligaste a sacar al equipo de desgaste\n|\n|t:|1700685481\n|move|p2a: Ogerpon|Ivy Cudgel|p1a: Samurott|[anim] Ivy Cudgel Rock\n|-damage|p1a: Samurott|0 fnt\n|faint|p1a: Samurott\n|\n|upkeep\n|\n|t:|1700685486\n|switch|p1a: Ambipom|Ambipom, F, tera:Normal|100\/100\n|turn|23\n|\n|t:|1700685498\n|move|p1a: Ambipom|Fake Out|p2a: Ogerpon\n|-resisted|p2a: Ogerpon\n|-damage|p2a: Ogerpon|72\/100\n|cant|p2a: Ogerpon|flinch\n|\n|upkeep\n|turn|24\n|\n|t:|1700685502\n|move|p1a: Ambipom|U-turn|p2a: Ogerpon\n|-supereffective|p2a: Ogerpon\n|-damage|p2a: Ogerpon|19\/100\n|\n|t:|1700685505\n|switch|p1a: Alomomola|Alomomola, F|43\/100|[from] U-turn\n|move|p2a: Ogerpon|Knock Off|p1a: Alomomola\n|-damage|p1a: Alomomola|24\/100\n|-enditem|p1a: Alomomola|Shell Bell|[from] move: Knock Off|[of] p2a: Ogerpon\n|\n|upkeep\n|turn|25\n|\n|t:|1700685514\n|move|p2a: Ogerpon|Ivy Cudgel|p1a: Alomomola|[anim] Ivy Cudgel Rock\n|-crit|p1a: Alomomola\n|-damage|p1a: Alomomola|0 fnt\n|faint|p1a: Alomomola\n|\n|upkeep\n|\n|t:|1700685517\n|switch|p1a: Ambipom|Ambipom, F, tera:Normal|100\/100\n|turn|26\n|\n|t:|1700685521\n|move|p1a: Ambipom|Fake Out|p2a: Ogerpon\n|-resisted|p2a: Ogerpon\n|-damage|p2a: Ogerpon|0 fnt\n|faint|p2a: Ogerpon\n|\n|upkeep\n|\n|t:|1700685529\n|switch|p2a: Gallade|Gallade, M|36\/100\n|turn|27\n|\n|t:|1700685536\n|switch|p1a: Ambipom|Ambipom, F|100\/100\n|move|p2a: Gallade|Psycho Cut|p1a: Ambipom\n|-damage|p1a: Ambipom|0 fnt\n|replace|p1a: Zoroark|Zoroark-Hisui, F\n|-end|p1a: Zoroark|Illusion\n|faint|p1a: Zoroark\n|\n|upkeep\n|\n|t:|1700685541\n|switch|p1a: Ambipom|Ambipom, F, tera:Normal|100\/100\n|turn|28\n|\n|t:|1700685547\n|move|p1a: Ambipom|Fake Out|p2a: Gallade\n|-damage|p2a: Gallade|0 fnt\n|faint|p2a: Gallade\n|\n|upkeep\n|\n|t:|1700685549\n|switch|p2a: Obstagoon|Obstagoon, M|100\/100\n|turn|29\n|\n|t:|1700685557\n|move|p1a: Ambipom|Brick Break|p2a: Obstagoon\n|-supereffective|p2a: Obstagoon\n|-damage|p2a: Obstagoon|1\/100\n|move|p2a: Obstagoon|Bulk Up|p2a: Obstagoon\n|-boost|p2a: Obstagoon|atk|1\n|-boost|p2a: Obstagoon|def|1\n|\n|-status|p2a: Obstagoon|brn|[from] item: Flame Orb\n|upkeep\n|turn|30\n|\n|t:|1700685561\n|move|p2a: Obstagoon|Obstruct|p2a: Obstagoon\n|-singleturn|p2a: Obstagoon|Protect\n|move|p1a: Ambipom|Knock Off|p2a: Obstagoon\n|-activate|p2a: Obstagoon|move: Protect\n|-unboost|p1a: Ambipom|def|2\n|\n|-damage|p2a: Obstagoon|0 fnt|[from] brn\n|faint|p2a: Obstagoon\n|\n|win|Zera & Lucy\n|upkeep\n|l|\u2606Motorgis3534\n","uploadtime":1700685573,"views":2,"p1id":"zeralucy","p2id":"motorgis3534","formatid":"gen9nationaldex","rating":0,"private":0,"password":""}