{"id":"gen9nationaldex-1993098570","p1":"quiteghost","p2":"Kuhrrohsion","format":"[Gen 9] National Dex","log":"|j|\u2606quiteghost\n|j|\u2606Kuhrrohsion\n|t:|1700264565\n|gametype|singles\n|player|p1|quiteghost|caitlin-masters|1508\n|player|p2|Kuhrrohsion|hapu|1688\n|teamsize|p1|6\n|teamsize|p2|6\n|gen|9\n|tier|[Gen 9] National Dex\n|rated|\n|rule|HP Percentage Mod: HP is shown in percentages\n|rule|Endless Battle Clause: Forcing endless battles is banned\n|rule|OHKO Clause: OHKO moves are banned\n|rule|Evasion Clause: Evasion abilities, items, and moves are banned\n|rule|Evasion Abilities Clause: Evasion abilities are banned\n|rule|Evasion Items Clause: Evasion items are banned\n|rule|Evasion Moves Clause: Evasion moves are banned\n|rule|Species Clause: Limit one of each Pok\u00e9mon\n|rule|Sleep Clause Mod: Limit one foe put to sleep\n|clearpoke\n|poke|p1|Tapu Koko|\n|poke|p1|Alomomola, F|\n|poke|p1|Heatran, F|\n|poke|p1|Landorus-Therian, M|\n|poke|p1|Tapu Lele|\n|poke|p1|Medicham, M|\n|poke|p2|Kartana|\n|poke|p2|Rillaboom, F|\n|poke|p2|Heatran, M|\n|poke|p2|Landorus-Therian, M|\n|poke|p2|Rotom-Wash|\n|poke|p2|Xurkitree|\n|teampreview\n|inactive|Battle timer is ON: inactive players will automatically lose when time's up. (requested by Kuhrrohsion)\n|j| Kybushi\n|\n|t:|1700264588\n|start\n|switch|p1a: Medicham|Medicham, M|100\/100\n|switch|p2a: Rising-Edge|Rotom-Wash|100\/100\n|turn|1\n|\n|t:|1700264592\n|switch|p2a: Bandorus-Beberian|Landorus-Therian, M|100\/100\n|-ability|p2a: Bandorus-Beberian|Intimidate|boost\n|-unboost|p1a: Medicham|atk|1\n|detailschange|p1a: Medicham|Medicham-Mega, M\n|-mega|p1a: Medicham|Medicham|Medichamite\n|move|p1a: Medicham|Fake Out|p2a: Bandorus-Beberian\n|-crit|p2a: Bandorus-Beberian\n|-damage|p2a: Bandorus-Beberian|77\/100\n|-damage|p1a: Medicham|84\/100|[from] item: Rocky Helmet|[of] p2a: Bandorus-Beberian\n|\n|upkeep\n|turn|2\n|\n|t:|1700264605\n|switch|p2a: Taxmaker|Heatran, M|100\/100\n|move|p1a: Medicham|Ice Punch|p2a: Taxmaker\n|-resisted|p2a: Taxmaker\n|-damage|p2a: Taxmaker|95\/100\n|\n|-heal|p2a: Taxmaker|100\/100|[from] item: Leftovers\n|upkeep\n|turn|3\n|\n|t:|1700264609\n|switch|p2a: Bandorus-Beberian|Landorus-Therian, M|77\/100\n|-ability|p2a: Bandorus-Beberian|Intimidate|boost\n|-unboost|p1a: Medicham|atk|1\n|move|p1a: Medicham|Close Combat|p2a: Bandorus-Beberian\n|-resisted|p2a: Bandorus-Beberian\n|-damage|p2a: Bandorus-Beberian|60\/100\n|-unboost|p1a: Medicham|def|1\n|-unboost|p1a: Medicham|spd|1\n|-damage|p1a: Medicham|68\/100|[from] item: Rocky Helmet|[of] p2a: Bandorus-Beberian\n|\n|upkeep\n|turn|4\n|\n|t:|1700264618\n|switch|p1a: Landorus|Landorus-Therian, M|100\/100\n|-ability|p1a: Landorus|Intimidate|boost\n|-unboost|p2a: Bandorus-Beberian|atk|1\n|switch|p2a: Perfect Puncturing|Kartana, shiny|100\/100\n|\n|upkeep\n|turn|5\n|\n|t:|1700264625\n|move|p1a: Landorus|Earthquake|p2a: Perfect Puncturing\n|-damage|p2a: Perfect Puncturing|38\/100\n|move|p2a: Perfect Puncturing|Knock Off|p1a: Landorus\n|-damage|p1a: Landorus|50\/100\n|-enditem|p1a: Landorus|Choice Scarf|[from] move: Knock Off|[of] p2a: Perfect Puncturing\n|\n|upkeep\n|turn|6\n|\n|t:|1700264634\n|move|p2a: Perfect Puncturing|Leaf Blade|p1a: Landorus\n|-damage|p1a: Landorus|0 fnt\n|faint|p1a: Landorus\n|-ability|p2a: Perfect Puncturing|Beast Boost|boost\n|-boost|p2a: Perfect Puncturing|atk|1\n|\n|upkeep\n|\n|t:|1700264641\n|switch|p1a: Tapu Koko|Tapu Koko|100\/100\n|-fieldstart|move: Electric Terrain|[from] ability: Electric Surge|[of] p1a: Tapu Koko\n|turn|7\n|\n|t:|1700264646\n|switch|p2a: Rising-Edge|Rotom-Wash|100\/100\n|move|p1a: Tapu Koko|Thunderbolt|p2a: Rising-Edge\n|-damage|p2a: Rising-Edge|46\/100\n|\n|-heal|p2a: Rising-Edge|52\/100|[from] item: Leftovers\n|upkeep\n|turn|8\n|\n|t:|1700264657\n|switch|p2a: Bandorus-Beberian|Landorus-Therian, M|60\/100\n|-ability|p2a: Bandorus-Beberian|Intimidate|boost\n|-unboost|p1a: Tapu Koko|atk|1\n|move|p1a: Tapu Koko|U-turn|p2a: Bandorus-Beberian\n|-resisted|p2a: Bandorus-Beberian\n|-damage|p2a: Bandorus-Beberian|56\/100\n|-damage|p1a: Tapu Koko|84\/100|[from] item: Rocky Helmet|[of] p2a: Bandorus-Beberian\n|\n|t:|1700264666\n|switch|p1a: Medicham|Medicham-Mega, M|68\/100|[from] U-turn\n|\n|upkeep\n|turn|9\n|\n|t:|1700264678\n|switch|p2a: Rising-Edge|Rotom-Wash|52\/100\n|move|p1a: Medicham|Zen Headbutt|p2a: Rising-Edge\n|-damage|p2a: Rising-Edge|3\/100\n|\n|-heal|p2a: Rising-Edge|9\/100|[from] item: Leftovers\n|upkeep\n|turn|10\n|\n|t:|1700264681\n|move|p1a: Medicham|Ice Punch|p2a: Rising-Edge\n|-resisted|p2a: Rising-Edge\n|-damage|p2a: Rising-Edge|0 fnt\n|faint|p2a: Rising-Edge\n|\n|upkeep\n|\n|t:|1700264683\n|switch|p2a: Monostable Xurkit|Xurkitree, shiny|100\/100\n|turn|11\n|\n|t:|1700264687\n|move|p2a: Monostable Xurkit|Volt Switch|p1a: Medicham\n|-damage|p1a: Medicham|0 fnt\n|faint|p1a: Medicham\n|-ability|p2a: Monostable Xurkit|Beast Boost|boost\n|-boost|p2a: Monostable Xurkit|spa|1\n|\n|t:|1700264698\n|switch|p2a: Perfect Puncturing|Kartana, shiny|38\/100|[from] Volt Switch\n|\n|-fieldend|move: Electric Terrain\n|upkeep\n|\n|t:|1700264700\n|switch|p1a: Tapu Lele|Tapu Lele|100\/100\n|-fieldstart|move: Psychic Terrain|[from] ability: Psychic Surge|[of] p1a: Tapu Lele\n|turn|12\n|\n|t:|1700264704\n|move|p1a: Tapu Lele|Focus Blast|p2a: Perfect Puncturing\n|-supereffective|p2a: Perfect Puncturing\n|-damage|p2a: Perfect Puncturing|0 fnt\n|faint|p2a: Perfect Puncturing\n|\n|upkeep\n|\n|t:|1700264706\n|switch|p2a: Bandorus-Beberian|Landorus-Therian, M|56\/100\n|-ability|p2a: Bandorus-Beberian|Intimidate|boost\n|-unboost|p1a: Tapu Lele|atk|1\n|turn|13\n|\n|t:|1700264710\n|switch|p1a: Alomomola|Alomomola, F|100\/100\n|move|p2a: Bandorus-Beberian|Stealth Rock|p1a: Alomomola\n|-sidestart|p1: quiteghost|move: Stealth Rock\n|\n|upkeep\n|turn|14\n|\n|t:|1700264716\n|move|p2a: Bandorus-Beberian|Earthquake|p1a: Alomomola\n|-damage|p1a: Alomomola|72\/100\n|move|p1a: Alomomola|Flip Turn|p2a: Bandorus-Beberian\n|-supereffective|p2a: Bandorus-Beberian\n|-damage|p2a: Bandorus-Beberian|34\/100\n|-damage|p1a: Alomomola|55\/100|[from] item: Rocky Helmet|[of] p2a: Bandorus-Beberian\n|\n|t:|1700264721\n|switch|p1a: Tapu Lele|Tapu Lele|100\/100|[from] Flip Turn\n|-damage|p1a: Tapu Lele|88\/100|[from] Stealth Rock\n|\n|upkeep\n|turn|15\n|\n|t:|1700264724\n|switch|p2a: Taxmaker|Heatran, M|100\/100\n|move|p1a: Tapu Lele|Psychic|p2a: Taxmaker\n|-resisted|p2a: Taxmaker\n|-damage|p2a: Taxmaker|81\/100\n|\n|-heal|p2a: Taxmaker|87\/100|[from] item: Leftovers\n|upkeep\n|turn|16\n|\n|t:|1700264729\n|switch|p1a: Heatran|Heatran, F|100\/100\n|-damage|p1a: Heatran|88\/100|[from] Stealth Rock\n|move|p2a: Taxmaker|Magma Storm|p1a: Heatran\n|-start|p1a: Heatran|ability: Flash Fire\n|\n|-heal|p2a: Taxmaker|93\/100|[from] item: Leftovers\n|-heal|p1a: Heatran|94\/100|[from] item: Leftovers\n|-fieldend|move: Psychic Terrain\n|upkeep\n|turn|17\n|\n|t:|1700264737\n|-terastallize|p1a: Heatran|Grass\n|move|p2a: Taxmaker|Earth Power|p1a: Heatran\n|-resisted|p1a: Heatran\n|-damage|p1a: Heatran|86\/100\n|move|p1a: Heatran|Earth Power|p2a: Taxmaker\n|-supereffective|p2a: Taxmaker\n|-damage|p2a: Taxmaker|28\/100\n|\n|-heal|p2a: Taxmaker|34\/100|[from] item: Leftovers\n|-heal|p1a: Heatran|92\/100|[from] item: Leftovers\n|upkeep\n|turn|18\n|\n|t:|1700264753\n|switch|p2a: Perfect Pummelling|Rillaboom, F|100\/100\n|-fieldstart|move: Grassy Terrain|[from] ability: Grassy Surge|[of] p2a: Perfect Pummelling\n|move|p1a: Heatran|Stealth Rock|p2a: Perfect Pummelling\n|-sidestart|p2: Kuhrrohsion|move: Stealth Rock\n|\n|-heal|p1a: Heatran|99\/100|[from] Grassy Terrain\n|-heal|p1a: Heatran|100\/100|[from] item: Leftovers\n|upkeep\n|turn|19\n|\n|t:|1700264759\n|move|p2a: Perfect Pummelling|U-turn|p1a: Heatran\n|-supereffective|p1a: Heatran\n|-damage|p1a: Heatran|31\/100\n|\n|t:|1700264762\n|switch|p2a: Taxmaker|Heatran, M|34\/100|[from] U-turn\n|-damage|p2a: Taxmaker|22\/100|[from] Stealth Rock\n|move|p1a: Heatran|Magma Storm|p2a: Taxmaker\n|-start|p2a: Taxmaker|ability: Flash Fire\n|\n|-heal|p2a: Taxmaker|28\/100|[from] Grassy Terrain\n|-heal|p2a: Taxmaker|34\/100|[from] item: Leftovers\n|-heal|p1a: Heatran|37\/100|[from] Grassy Terrain\n|-heal|p1a: Heatran|43\/100|[from] item: Leftovers\n|upkeep\n|turn|20\n|\n|t:|1700264768\n|-end|p2a: Taxmaker|ability: Flash Fire|[silent]\n|switch|p2a: Bandorus-Beberian|Landorus-Therian, M|34\/100\n|-damage|p2a: Bandorus-Beberian|21\/100|[from] Stealth Rock\n|-ability|p2a: Bandorus-Beberian|Intimidate|boost\n|-unboost|p1a: Heatran|atk|1\n|move|p1a: Heatran|Earth Power|p2a: Bandorus-Beberian\n|-immune|p2a: Bandorus-Beberian\n|\n|-heal|p1a: Heatran|49\/100|[from] Grassy Terrain\n|-heal|p1a: Heatran|55\/100|[from] item: Leftovers\n|upkeep\n|turn|21\n|\n|t:|1700264775\n|-end|p1a: Heatran|ability: Flash Fire|[silent]\n|switch|p1a: Alomomola|Alomomola, F|89\/100\n|move|p2a: Bandorus-Beberian|U-turn|p1a: Alomomola\n|-damage|p1a: Alomomola|76\/100\n|c|\u2606Kuhrrohsion|dude i played that so good\n|c|\u2606Kuhrrohsion|im cracked?\n|\n|t:|1700264795\n|switch|p2a: Perfect Pummelling|Rillaboom, F|100\/100|[from] U-turn\n|-damage|p2a: Perfect Pummelling|88\/100|[from] Stealth Rock\n|\n|-heal|p2a: Perfect Pummelling|94\/100|[from] Grassy Terrain\n|-heal|p1a: Alomomola|82\/100|[from] Grassy Terrain\n|upkeep\n|turn|22\n|\n|t:|1700264801\n|move|p2a: Perfect Pummelling|Wood Hammer|p1a: Alomomola\n|-supereffective|p1a: Alomomola\n|-damage|p1a: Alomomola|0 fnt\n|faint|p1a: Alomomola\n|-damage|p2a: Perfect Pummelling|63\/100|[from] Recoil\n|\n|-heal|p2a: Perfect Pummelling|69\/100|[from] Grassy Terrain\n|-fieldend|move: Grassy Terrain\n|upkeep\n|\n|t:|1700264804\n|switch|p1a: Tapu Lele|Tapu Lele|88\/100\n|-damage|p1a: Tapu Lele|76\/100|[from] Stealth Rock\n|-fieldstart|move: Psychic Terrain|[from] ability: Psychic Surge|[of] p1a: Tapu Lele\n|turn|23\n|\n|t:|1700264809\n|switch|p2a: Taxmaker|Heatran, M|34\/100\n|-damage|p2a: Taxmaker|22\/100|[from] Stealth Rock\n|move|p1a: Tapu Lele|Psychic|p2a: Taxmaker\n|-resisted|p2a: Taxmaker\n|-damage|p2a: Taxmaker|0 fnt\n|faint|p2a: Taxmaker\n|\n|upkeep\n|\n|t:|1700264814\n|switch|p2a: Perfect Pummelling|Rillaboom, F|69\/100\n|-damage|p2a: Perfect Pummelling|56\/100|[from] Stealth Rock\n|-fieldstart|move: Grassy Terrain|[from] ability: Grassy Surge|[of] p2a: Perfect Pummelling\n|turn|24\n|\n|t:|1700264826\n|switch|p1a: Heatran|Heatran, F, tera:Grass|55\/100\n|-damage|p1a: Heatran|43\/100|[from] Stealth Rock\n|-terastallize|p2a: Perfect Pummelling|Grass\n|move|p2a: Perfect Pummelling|Grassy Glide|p1a: Heatran\n|-resisted|p1a: Heatran\n|-damage|p1a: Heatran|11\/100\n|\n|-heal|p2a: Perfect Pummelling|63\/100|[from] Grassy Terrain\n|-heal|p1a: Heatran|17\/100|[from] Grassy Terrain\n|-heal|p1a: Heatran|23\/100|[from] item: Leftovers\n|upkeep\n|turn|25\n|\n|t:|1700264837\n|move|p2a: Perfect Pummelling|Grassy Glide|p1a: Heatran\n|-resisted|p1a: Heatran\n|-damage|p1a: Heatran|0 fnt\n|faint|p1a: Heatran\n|\n|-heal|p2a: Perfect Pummelling|69\/100|[from] Grassy Terrain\n|upkeep\n|\n|t:|1700264842\n|switch|p1a: Tapu Lele|Tapu Lele|76\/100\n|-damage|p1a: Tapu Lele|63\/100|[from] Stealth Rock\n|-fieldstart|move: Psychic Terrain|[from] ability: Psychic Surge|[of] p1a: Tapu Lele\n|turn|26\n|\n|t:|1700264846\n|switch|p2a: Bandorus-Beberian|Landorus-Therian, M|21\/100\n|-damage|p2a: Bandorus-Beberian|9\/100|[from] Stealth Rock\n|-ability|p2a: Bandorus-Beberian|Intimidate|boost\n|-unboost|p1a: Tapu Lele|atk|1\n|move|p1a: Tapu Lele|Future Sight|p2a: Bandorus-Beberian\n|-start|p1a: Tapu Lele|move: Future Sight\n|\n|upkeep\n|turn|27\n|\n|t:|1700264853\n|move|p1a: Tapu Lele|Future Sight||[still]\n|-fail|p1a: Tapu Lele\n|move|p2a: Bandorus-Beberian|Earthquake|p1a: Tapu Lele\n|-damage|p1a: Tapu Lele|0 fnt\n|faint|p1a: Tapu Lele\n|\n|upkeep\n|\n|t:|1700264856\n|switch|p1a: Tapu Koko|Tapu Koko|84\/100\n|-fieldstart|move: Electric Terrain|[from] ability: Electric Surge|[of] p1a: Tapu Koko\n|turn|28\n|c|\u2606Kuhrrohsion|gg\n|\n|t:|1700264859\n|move|p1a: Tapu Koko|Grass Knot|p2a: Bandorus-Beberian\n|-damage|p2a: Bandorus-Beberian|0 fnt\n|-damage|p1a: Tapu Koko|68\/100|[from] item: Rocky Helmet|[of] p2a: Bandorus-Beberian\n|faint|p2a: Bandorus-Beberian\n|\n|-hint|Future Sight did not hit because the target is fainted.\n|upkeep\n|\n|t:|1700264862\n|switch|p2a: Perfect Pummelling|Rillaboom, F, tera:Grass|69\/100\n|-damage|p2a: Perfect Pummelling|56\/100|[from] Stealth Rock\n|-fieldstart|move: Grassy Terrain|[from] ability: Grassy Surge|[of] p2a: Perfect Pummelling\n|turn|29\n|\n|t:|1700264864\n|move|p2a: Perfect Pummelling|Grassy Glide|p1a: Tapu Koko\n|-damage|p1a: Tapu Koko|0 fnt\n|faint|p1a: Tapu Koko\n|\n|win|Kuhrrohsion\n|raw|quiteghost's rating: 1508 &rarr; <strong>1498<\/strong><br \/>(-10 for losing)\n|raw|Kuhrrohsion's rating: 1704 &rarr; <strong>1714<\/strong><br \/>(+10 for winning)\n|l|\u2606quiteghost\n|l|\u2606Kuhrrohsion\n|j|\u2606Kuhrrohsion\n|player|p2|Kuhrrohsion|hapu\n","uploadtime":1700264890,"views":7,"p1id":"quiteghost","p2id":"kuhrrohsion","formatid":"gen9nationaldex","rating":1498,"private":0,"password":""}