{"id":"gen9nationaldex-1989150431","p1":"Nuzleafwarrior7778","p2":"Elgino","format":"[Gen 9] National Dex","log":"|j|\u2606Nuzleafwarrior7778\n|j|\u2606Elgino\n|t:|1699817592\n|gametype|singles\n|player|p1|Nuzleafwarrior7778|boarder|\n|player|p2|Elgino|#rbtt6teammewtwof|\n|teamsize|p1|6\n|teamsize|p2|6\n|gen|9\n|tier|[Gen 9] National Dex\n|rule|HP Percentage Mod: HP is shown in percentages\n|rule|Endless Battle Clause: Forcing endless battles is banned\n|rule|OHKO Clause: OHKO moves are banned\n|rule|Evasion Clause: Evasion abilities, items, and moves are banned\n|rule|Evasion Abilities Clause: Evasion abilities are banned\n|rule|Evasion Items Clause: Evasion items are banned\n|rule|Evasion Moves Clause: Evasion moves are banned\n|rule|Species Clause: Limit one of each Pok\u00e9mon\n|rule|Sleep Clause Mod: Limit one foe put to sleep\n|clearpoke\n|poke|p1|Zamazenta-*|\n|poke|p1|Garganacl, M|\n|poke|p1|Latias, F|\n|poke|p1|Alomomola, F|\n|poke|p1|Slowking-Galar, M|\n|poke|p1|Gliscor, M|\n|poke|p2|Quaquaval, M|\n|poke|p2|Scizor, F|\n|poke|p2|Iron Moth|\n|poke|p2|Hippowdon, F|\n|poke|p2|Samurott-Hisui, M|\n|poke|p2|Sandslash, F|\n|teampreview\n|c|\u2606Nuzleafwarrior7778|gl\n|c|\u2606Elgino|u2\n|j| Green Croagunk\n|c| Green Croagunk|Hup Nuzleaf\n|c| Green Croagunk|Pak hem\n|\n|t:|1699817662\n|start\n|switch|p1a: Alomomola|Alomomola, F|100\/100\n|switch|p2a: Scizor|Scizor, F|100\/100\n|turn|1\n|\n|t:|1699817668\n|detailschange|p2a: Scizor|Scizor-Mega, F\n|-mega|p2a: Scizor|Scizor|Scizorite\n|move|p2a: Scizor|U-turn|p1a: Alomomola\n|-damage|p1a: Alomomola|76\/100\n|j| Frank1997\n|j| Fant'sy Beast\n|\n|t:|1699817681\n|switch|p2a: Hippowdon|Hippowdon, F|100\/100|[from] U-turn\n|-weather|Sandstorm|[from] ability: Sand Stream|[of] p2a: Hippowdon\n|move|p1a: Alomomola|Flip Turn|p2a: Hippowdon\n|-supereffective|p2a: Hippowdon\n|-damage|p2a: Hippowdon|84\/100\n|\n|t:|1699817686\n|switch|p1a: Gliscor|Gliscor, M|100\/100|[from] Flip Turn\n|\n|-weather|Sandstorm|[upkeep]\n|-status|p1a: Gliscor|tox|[from] item: Toxic Orb\n|upkeep\n|turn|2\n|c| Frank1997|Let's go Nuz\n|\n|t:|1699817691\n|move|p1a: Gliscor|Toxic|p2a: Hippowdon\n|-status|p2a: Hippowdon|tox\n|move|p2a: Hippowdon|Stealth Rock|p1a: Gliscor\n|-sidestart|p1: Nuzleafwarrior7778|move: Stealth Rock\n|\n|-weather|Sandstorm|[upkeep]\n|-damage|p2a: Hippowdon|78\/100 tox|[from] psn\n|upkeep\n|turn|3\n|\n|t:|1699817699\n|move|p1a: Gliscor|Stealth Rock|p2a: Hippowdon\n|-sidestart|p2: Elgino|move: Stealth Rock\n|move|p2a: Hippowdon|Whirlwind|p1a: Gliscor\n|drag|p1a: Latias|Latias, F|100\/100\n|-damage|p1a: Latias|88\/100|[from] Stealth Rock\n|\n|-weather|Sandstorm|[upkeep]\n|-damage|p1a: Latias|82\/100|[from] Sandstorm\n|-damage|p2a: Hippowdon|66\/100 tox|[from] psn\n|upkeep\n|turn|4\n|j| Gymlead11b\n|\n|t:|1699817708\n|switch|p1a: Alomomola|Alomomola, F|100\/100\n|switch|p2a: Scizor|Scizor-Mega, F|100\/100\n|-damage|p2a: Scizor|88\/100|[from] Stealth Rock\n|\n|-weather|Sandstorm|[upkeep]\n|-damage|p1a: Alomomola|94\/100|[from] Sandstorm\n|upkeep\n|turn|5\n|\n|t:|1699817714\n|move|p2a: Scizor|Defog|p1a: Alomomola\n|-unboost|p1a: Alomomola|evasion|1\n|-sideend|p1: Nuzleafwarrior7778|Stealth Rock|[from] move: Defog|[of] p2a: Scizor\n|-sideend|p2: Elgino|Stealth Rock|[from] move: Defog|[of] p2a: Scizor\n|move|p1a: Alomomola|Wish|p1a: Alomomola\n|\n|-weather|none\n|upkeep\n|turn|6\n|\n|t:|1699817717\n|move|p2a: Scizor|U-turn|p1a: Alomomola\n|-crit|p1a: Alomomola\n|-damage|p1a: Alomomola|62\/100\n|\n|t:|1699817722\n|switch|p2a: Samurott|Samurott-Hisui, M|100\/100|[from] U-turn\n|move|p1a: Alomomola|Flip Turn|p2a: Samurott\n|-resisted|p2a: Samurott\n|-damage|p2a: Samurott|91\/100\n|\n|t:|1699817731\n|switch|p1a: Zamazenta|Zamazenta|100\/100|[from] Flip Turn\n|-ability|p1a: Zamazenta|Dauntless Shield|boost\n|-boost|p1a: Zamazenta|def|1\n|\n|upkeep\n|turn|7\n|\n|t:|1699817739\n|switch|p2a: Hippowdon|Hippowdon, F|66\/100 tox\n|-weather|Sandstorm|[from] ability: Sand Stream|[of] p2a: Hippowdon\n|move|p1a: Zamazenta|Substitute|p1a: Zamazenta\n|-start|p1a: Zamazenta|Substitute\n|-damage|p1a: Zamazenta|75\/100\n|\n|-weather|Sandstorm|[upkeep]\n|-damage|p1a: Zamazenta|69\/100|[from] Sandstorm\n|-heal|p1a: Zamazenta|75\/100|[from] item: Leftovers\n|-damage|p2a: Hippowdon|60\/100 tox|[from] psn\n|upkeep\n|turn|8\n|\n|t:|1699817745\n|move|p1a: Zamazenta|Body Press|p2a: Hippowdon\n|-damage|p2a: Hippowdon|35\/100 tox\n|move|p2a: Hippowdon|Slack Off|p2a: Hippowdon\n|-heal|p2a: Hippowdon|85\/100 tox\n|\n|-weather|Sandstorm|[upkeep]\n|-damage|p1a: Zamazenta|69\/100|[from] Sandstorm\n|-heal|p1a: Zamazenta|75\/100|[from] item: Leftovers\n|-damage|p2a: Hippowdon|72\/100 tox|[from] psn\n|upkeep\n|turn|9\n|\n|t:|1699817748\n|move|p1a: Zamazenta|Iron Defense|p1a: Zamazenta\n|-boost|p1a: Zamazenta|def|2\n|move|p2a: Hippowdon|Whirlwind|p1a: Zamazenta\n|drag|p1a: Latias|Latias, F|82\/100\n|\n|-weather|Sandstorm|[upkeep]\n|-damage|p1a: Latias|76\/100|[from] Sandstorm\n|-damage|p2a: Hippowdon|54\/100 tox|[from] psn\n|upkeep\n|turn|10\n|\n|t:|1699817754\n|switch|p1a: Gliscor|Gliscor, M|100\/100 tox\n|switch|p2a: Samurott|Samurott-Hisui, M|91\/100\n|\n|-weather|Sandstorm|[upkeep]\n|-damage|p2a: Samurott|85\/100|[from] Sandstorm\n|upkeep\n|turn|11\n|\n|t:|1699817760\n|move|p2a: Samurott|Ceaseless Edge|p1a: Gliscor\n|-damage|p1a: Gliscor|59\/100 tox\n|-sidestart|p1: Nuzleafwarrior7778|Spikes\n|move|p1a: Gliscor|Stealth Rock|p2a: Samurott\n|-sidestart|p2: Elgino|move: Stealth Rock\n|\n|-weather|none\n|-heal|p1a: Gliscor|71\/100 tox|[from] ability: Poison Heal\n|upkeep\n|turn|12\n|\n|t:|1699817765\n|switch|p1a: Zamazenta|Zamazenta|75\/100\n|-damage|p1a: Zamazenta|63\/100|[from] Spikes\n|move|p2a: Samurott|Ceaseless Edge|p1a: Zamazenta\n|-resisted|p1a: Zamazenta\n|-damage|p1a: Zamazenta|46\/100\n|-sidestart|p1: Nuzleafwarrior7778|Spikes\n|\n|-heal|p1a: Zamazenta|52\/100|[from] item: Leftovers\n|upkeep\n|turn|13\n|\n|t:|1699817771\n|move|p1a: Zamazenta|Iron Defense|p1a: Zamazenta\n|-boost|p1a: Zamazenta|def|2\n|move|p2a: Samurott|Aqua Cutter|p1a: Zamazenta\n|-damage|p1a: Zamazenta|31\/100\n|\n|-heal|p1a: Zamazenta|37\/100|[from] item: Leftovers\n|upkeep\n|turn|14\n|\n|t:|1699817802\n|-terastallize|p2a: Samurott|Poison\n|move|p1a: Zamazenta|Body Press|p2a: Samurott\n|-resisted|p2a: Samurott\n|-crit|p2a: Samurott\n|-damage|p2a: Samurott|32\/100\n|move|p2a: Samurott|Aqua Cutter|p1a: Zamazenta\n|-damage|p1a: Zamazenta|16\/100\n|\n|-heal|p1a: Zamazenta|22\/100|[from] item: Leftovers\n|upkeep\n|turn|15\n|\n|t:|1699817809\n|move|p2a: Samurott|Aqua Jet|p1a: Zamazenta\n|-damage|p1a: Zamazenta|14\/100\n|move|p1a: Zamazenta|Body Press|p2a: Samurott\n|-resisted|p2a: Samurott\n|-damage|p2a: Samurott|0 fnt\n|faint|p2a: Samurott\n|\n|-heal|p1a: Zamazenta|21\/100|[from] item: Leftovers\n|upkeep\n|\n|t:|1699817819\n|switch|p2a: Iron Moth|Iron Moth|100\/100\n|-damage|p2a: Iron Moth|75\/100|[from] Stealth Rock\n|-enditem|p2a: Iron Moth|Booster Energy\n|-activate|p2a: Iron Moth|ability: Quark Drive|[fromitem]\n|-start|p2a: Iron Moth|quarkdrivespe\n|turn|16\n|l| Frank1997\n|\n|t:|1699817844\n|move|p2a: Iron Moth|Fiery Dance|p1a: Zamazenta\n|-damage|p1a: Zamazenta|0 fnt\n|faint|p1a: Zamazenta\n|\n|upkeep\n|j| Frank1997\n|\n|t:|1699817847\n|switch|p1a: Slowking|Slowking-Galar, M|100\/100\n|turn|17\n|j| Damnright\n|\n|t:|1699817854\n|move|p2a: Iron Moth|Fiery Dance|p1a: Slowking\n|-damage|p1a: Slowking|75\/100\n|move|p1a: Slowking|Future Sight|p2a: Iron Moth\n|-start|p1a: Slowking|move: Future Sight\n|\n|upkeep\n|turn|18\n|\n|t:|1699817866\n|-end|p2a: Iron Moth|Quark Drive|[silent]\n|switch|p2a: Scizor|Scizor-Mega, F|88\/100\n|-damage|p2a: Scizor|75\/100|[from] Stealth Rock\n|move|p1a: Slowking|Chilly Reception|p1a: Slowking\n|-weather|Snow\n|l| Fant'sy Beast\n|\n|t:|1699817874\n|switch|p1a: Gliscor|Gliscor, M|71\/100 tox|[from] Chilly Reception\n|\n|-weather|Snow|[upkeep]\n|-heal|p1a: Gliscor|84\/100 tox|[from] ability: Poison Heal\n|upkeep\n|turn|19\n|l| Green Croagunk\n|\n|t:|1699817880\n|move|p1a: Gliscor|Earthquake|p2a: Scizor\n|-damage|p2a: Scizor|53\/100\n|move|p2a: Scizor|Roost|p2a: Scizor\n|-heal|p2a: Scizor|100\/100\n|-singleturn|p2a: Scizor|move: Roost\n|\n|-weather|Snow|[upkeep]\n|-end|p2a: Scizor|move: Future Sight\n|-resisted|p2a: Scizor\n|-damage|p2a: Scizor|80\/100\n|-heal|p1a: Gliscor|96\/100 tox|[from] ability: Poison Heal\n|upkeep\n|turn|20\n|\n|t:|1699817885\n|move|p1a: Gliscor|Earthquake|p2a: Scizor\n|-damage|p2a: Scizor|56\/100\n|move|p2a: Scizor|U-turn|p1a: Gliscor\n|-resisted|p1a: Gliscor\n|-damage|p1a: Gliscor|82\/100 tox\n|\n|t:|1699817894\n|switch|p2a: Quaquaval|Quaquaval, M|100\/100|[from] U-turn\n|-damage|p2a: Quaquaval|94\/100|[from] Stealth Rock\n|\n|-weather|Snow|[upkeep]\n|-heal|p1a: Gliscor|94\/100 tox|[from] ability: Poison Heal\n|upkeep\n|turn|21\n|\n|t:|1699817909\n|switch|p1a: Slowking|Slowking-Galar, M|100\/100\n|move|p2a: Quaquaval|Close Combat|p1a: Slowking\n|-resisted|p1a: Slowking\n|-damage|p1a: Slowking|87\/100\n|-unboost|p2a: Quaquaval|def|1\n|-unboost|p2a: Quaquaval|spd|1\n|\n|-weather|Snow|[upkeep]\n|upkeep\n|turn|22\n|\n|t:|1699817916\n|switch|p2a: Sandslash|Sandslash, F|100\/100\n|move|p1a: Slowking|Thunder Wave|p2a: Sandslash\n|-immune|p2a: Sandslash\n|\n|-weather|none\n|upkeep\n|turn|23\n|j| Green Croagunk\n|\n|t:|1699817924\n|switch|p1a: Gliscor|Gliscor, M|94\/100 tox\n|move|p2a: Sandslash|Rapid Spin|p1a: Gliscor\n|-damage|p1a: Gliscor|81\/100 tox\n|-boost|p2a: Sandslash|spe|1\n|-sideend|p2: Elgino|Stealth Rock|[from] move: Rapid Spin|[of] p2a: Sandslash\n|\n|-heal|p1a: Gliscor|93\/100 tox|[from] ability: Poison Heal\n|upkeep\n|turn|24\n|\n|t:|1699817940\n|move|p2a: Sandslash|Swords Dance|p2a: Sandslash\n|-boost|p2a: Sandslash|atk|2\n|move|p1a: Gliscor|Toxic|p2a: Sandslash\n|-status|p2a: Sandslash|tox\n|\n|-damage|p2a: Sandslash|94\/100 tox|[from] psn\n|-heal|p1a: Gliscor|100\/100 tox|[from] ability: Poison Heal\n|upkeep\n|turn|25\n|\n|t:|1699817949\n|move|p2a: Sandslash|Stone Edge|p1a: Gliscor\n|-damage|p1a: Gliscor|51\/100 tox\n|move|p1a: Gliscor|Earthquake|p2a: Sandslash\n|-damage|p2a: Sandslash|58\/100 tox\n|\n|-damage|p2a: Sandslash|46\/100 tox|[from] psn\n|-heal|p1a: Gliscor|63\/100 tox|[from] ability: Poison Heal\n|upkeep\n|turn|26\n|\n|t:|1699817952\n|move|p2a: Sandslash|Stone Edge|p1a: Gliscor\n|-damage|p1a: Gliscor|12\/100 tox\n|move|p1a: Gliscor|Roost|p1a: Gliscor\n|-heal|p1a: Gliscor|62\/100 tox\n|-singleturn|p1a: Gliscor|move: Roost\n|\n|-damage|p2a: Sandslash|27\/100 tox|[from] psn\n|-heal|p1a: Gliscor|75\/100 tox|[from] ability: Poison Heal\n|upkeep\n|turn|27\n|\n|t:|1699817955\n|move|p2a: Sandslash|Stone Edge|p1a: Gliscor|[miss]\n|-miss|p2a: Sandslash|p1a: Gliscor\n|move|p1a: Gliscor|Roost|p1a: Gliscor\n|-heal|p1a: Gliscor|100\/100 tox\n|-singleturn|p1a: Gliscor|move: Roost\n|\n|-damage|p2a: Sandslash|3\/100 tox|[from] psn\n|upkeep\n|turn|28\n|\n|t:|1699817958\n|move|p2a: Sandslash|Stone Edge|p1a: Gliscor\n|-damage|p1a: Gliscor|52\/100 tox\n|move|p1a: Gliscor|Roost|p1a: Gliscor\n|-heal|p1a: Gliscor|100\/100 tox\n|-singleturn|p1a: Gliscor|move: Roost\n|\n|-damage|p2a: Sandslash|0 fnt|[from] psn\n|faint|p2a: Sandslash\n|upkeep\n|\n|t:|1699817961\n|switch|p2a: Quaquaval|Quaquaval, M|94\/100\n|turn|29\n|\n|t:|1699817967\n|switch|p1a: Slowking|Slowking-Galar, M|100\/100\n|move|p2a: Quaquaval|Swords Dance|p2a: Quaquaval\n|-boost|p2a: Quaquaval|atk|2\n|\n|upkeep\n|turn|30\n|\n|t:|1699817971\n|move|p2a: Quaquaval|Aqua Step|p1a: Slowking\n|-damage|p1a: Slowking|31\/100\n|-boost|p2a: Quaquaval|spe|1\n|move|p1a: Slowking|Thunder Wave|p2a: Quaquaval\n|-status|p2a: Quaquaval|par\n|\n|upkeep\n|turn|31\n|c| Green Croagunk|De stall is big\n|\n|t:|1699817993\n|switch|p1a: Latias|Latias, F|76\/100\n|move|p2a: Quaquaval|Aqua Step|p1a: Latias\n|-resisted|p1a: Latias\n|-damage|p1a: Latias|35\/100\n|-boost|p2a: Quaquaval|spe|1\n|\n|upkeep\n|turn|32\n|\n|t:|1699818009\n|detailschange|p1a: Latias|Latias-Mega, F\n|-mega|p1a: Latias|Latias|Latiasite\n|move|p1a: Latias|Roost|p1a: Latias\n|-heal|p1a: Latias|85\/100\n|-singleturn|p1a: Latias|move: Roost\n|move|p2a: Quaquaval|Aqua Step|p1a: Latias\n|-resisted|p1a: Latias\n|-crit|p1a: Latias\n|-damage|p1a: Latias|38\/100\n|-boost|p2a: Quaquaval|spe|1\n|\n|upkeep\n|turn|33\n|c| Frank1997|ouch\n|\n|t:|1699818021\n|move|p2a: Quaquaval|Aqua Step|p1a: Latias\n|-resisted|p1a: Latias\n|-damage|p1a: Latias|7\/100\n|-boost|p2a: Quaquaval|spe|1\n|move|p1a: Latias|Stored Power|p2a: Quaquaval\n|-supereffective|p2a: Quaquaval\n|-damage|p2a: Quaquaval|69\/100 par\n|\n|upkeep\n|turn|34\n|\n|t:|1699818027\n|move|p2a: Quaquaval|Aqua Step|p1a: Latias\n|-resisted|p1a: Latias\n|-damage|p1a: Latias|0 fnt\n|-boost|p2a: Quaquaval|spe|1\n|faint|p1a: Latias\n|-ability|p2a: Quaquaval|Moxie|boost\n|-boost|p2a: Quaquaval|atk|1\n|\n|upkeep\n|\n|t:|1699818029\n|switch|p1a: Alomomola|Alomomola, F|95\/100\n|turn|35\n|j| Fant'sy Beast\n|\n|t:|1699818059\n|cant|p2a: Quaquaval|par\n|move|p1a: Alomomola|Flip Turn|p2a: Quaquaval\n|-resisted|p2a: Quaquaval\n|-damage|p2a: Quaquaval|58\/100 par\n|\n|t:|1699818061\n|switch|p1a: Garganacl|Garganacl, M|100\/100|[from] Flip Turn\n|-damage|p1a: Garganacl|84\/100|[from] Spikes\n|\n|-heal|p1a: Garganacl|90\/100|[from] item: Leftovers\n|upkeep\n|turn|36\n|\n|t:|1699818071\n|-terastallize|p1a: Garganacl|Electric\n|move|p2a: Quaquaval|Aqua Step|p1a: Garganacl\n|-damage|p1a: Garganacl|18\/100\n|-boost|p2a: Quaquaval|spe|1\n|move|p1a: Garganacl|Salt Cure|p2a: Quaquaval\n|-resisted|p2a: Quaquaval\n|-crit|p2a: Quaquaval\n|-damage|p2a: Quaquaval|45\/100 par\n|-start|p2a: Quaquaval|Salt Cure\n|\n|-heal|p1a: Garganacl|25\/100|[from] item: Leftovers\n|-damage|p2a: Quaquaval|20\/100 par|[from] Salt Cure\n|upkeep\n|turn|37\n|\n|t:|1699818092\n|move|p2a: Quaquaval|Close Combat|p1a: Garganacl\n|-damage|p1a: Garganacl|0 fnt\n|-unboost|p2a: Quaquaval|def|1\n|-unboost|p2a: Quaquaval|spd|1\n|faint|p1a: Garganacl\n|-ability|p2a: Quaquaval|Moxie|boost\n|-boost|p2a: Quaquaval|atk|1\n|\n|-damage|p2a: Quaquaval|0 fnt|[from] Salt Cure\n|faint|p2a: Quaquaval\n|upkeep\n|\n|t:|1699818100\n|switch|p2a: Iron Moth|Iron Moth|75\/100\n|switch|p1a: Alomomola|Alomomola, F|100\/100\n|turn|38\n|\n|t:|1699818107\n|move|p2a: Iron Moth|Fiery Dance|p1a: Alomomola\n|-resisted|p1a: Alomomola\n|-damage|p1a: Alomomola|83\/100\n|-boost|p2a: Iron Moth|spa|1\n|move|p1a: Alomomola|Flip Turn|p2a: Iron Moth\n|-supereffective|p2a: Iron Moth\n|-damage|p2a: Iron Moth|19\/100\n|\n|t:|1699818112\n|switch|p1a: Slowking|Slowking-Galar, M|64\/100|[from] Flip Turn\n|\n|upkeep\n|turn|39\n|\n|t:|1699818120\n|move|p2a: Iron Moth|Fiery Dance|p1a: Slowking\n|-damage|p1a: Slowking|28\/100\n|move|p1a: Slowking|Thunder Wave|p2a: Iron Moth\n|-status|p2a: Iron Moth|par\n|\n|upkeep\n|turn|40\n|\n|t:|1699818132\n|switch|p1a: Alomomola|Alomomola, F|100\/100\n|move|p2a: Iron Moth|Fiery Dance|p1a: Alomomola\n|-resisted|p1a: Alomomola\n|-damage|p1a: Alomomola|73\/100\n|\n|upkeep\n|turn|41\n|\n|t:|1699818139\n|move|p2a: Iron Moth|Energy Ball|p1a: Alomomola\n|-supereffective|p1a: Alomomola\n|-damage|p1a: Alomomola|0 fnt\n|faint|p1a: Alomomola\n|\n|upkeep\n|\n|t:|1699818144\n|switch|p1a: Gliscor|Gliscor, M|100\/100 tox\n|turn|42\n|\n|t:|1699818154\n|-end|p2a: Iron Moth|Quark Drive|[silent]\n|switch|p2a: Hippowdon|Hippowdon, F|54\/100 tox\n|-weather|Sandstorm|[from] ability: Sand Stream|[of] p2a: Hippowdon\n|move|p1a: Gliscor|Earthquake|p2a: Hippowdon\n|-damage|p2a: Hippowdon|35\/100 tox\n|\n|-weather|Sandstorm|[upkeep]\n|-damage|p2a: Hippowdon|29\/100 tox|[from] psn\n|upkeep\n|turn|43\n|\n|t:|1699818156\n|move|p1a: Gliscor|Stealth Rock|p2a: Hippowdon\n|-sidestart|p2: Elgino|move: Stealth Rock\n|move|p2a: Hippowdon|Slack Off|p2a: Hippowdon\n|-heal|p2a: Hippowdon|79\/100 tox\n|\n|-weather|Sandstorm|[upkeep]\n|-damage|p2a: Hippowdon|66\/100 tox|[from] psn\n|upkeep\n|turn|44\n|\n|t:|1699818165\n|move|p1a: Gliscor|Toxic|p2a: Hippowdon\n|-fail|p2a: Hippowdon|tox\n|move|p2a: Hippowdon|Slack Off|p2a: Hippowdon\n|-heal|p2a: Hippowdon|100\/100 tox\n|\n|-weather|Sandstorm|[upkeep]\n|-damage|p2a: Hippowdon|82\/100 tox|[from] psn\n|upkeep\n|turn|45\n|\n|t:|1699818172\n|switch|p1a: Slowking|Slowking-Galar, M|62\/100\n|switch|p2a: Iron Moth|Iron Moth|19\/100 par\n|-damage|p2a: Iron Moth|0 fnt|[from] Stealth Rock\n|faint|p2a: Iron Moth\n|-end|p2a: Iron Moth|Quark Drive|[silent]\n|\n|-weather|Sandstorm|[upkeep]\n|-damage|p1a: Slowking|56\/100|[from] Sandstorm\n|upkeep\n|j| groteneus\n|\n|t:|1699818175\n|switch|p2a: Scizor|Scizor-Mega, F|56\/100\n|-damage|p2a: Scizor|44\/100|[from] Stealth Rock\n|turn|46\n|\n|t:|1699818182\n|move|p2a: Scizor|Defog|p1a: Slowking\n|-unboost|p1a: Slowking|evasion|1\n|-sideend|p1: Nuzleafwarrior7778|Spikes|[from] move: Defog|[of] p2a: Scizor\n|-sideend|p2: Elgino|Stealth Rock|[from] move: Defog|[of] p2a: Scizor\n|move|p1a: Slowking|Thunder Wave|p2a: Scizor\n|-status|p2a: Scizor|par\n|\n|-weather|none\n|upkeep\n|turn|47\n|\n|t:|1699818185\n|move|p2a: Scizor|Roost|p2a: Scizor\n|-heal|p2a: Scizor|94\/100 par\n|-singleturn|p2a: Scizor|move: Roost\n|move|p1a: Slowking|Future Sight|p2a: Scizor\n|-start|p1a: Slowking|move: Future Sight\n|\n|upkeep\n|turn|48\n|\n|t:|1699818188\n|move|p2a: Scizor|Bullet Punch|p1a: Slowking\n|-damage|p1a: Slowking|25\/100\n|move|p1a: Slowking|Chilly Reception|p1a: Slowking\n|-weather|Snow\n|\n|t:|1699818190\n|switch|p1a: Gliscor|Gliscor, M|100\/100 tox|[from] Chilly Reception\n|\n|-weather|Snow|[upkeep]\n|upkeep\n|turn|49\n|\n|t:|1699818194\n|move|p2a: Scizor|Bullet Punch|p1a: Gliscor\n|-damage|p1a: Gliscor|72\/100 tox\n|move|p1a: Gliscor|Stealth Rock|p2a: Scizor\n|-sidestart|p2: Elgino|move: Stealth Rock\n|\n|-weather|Snow|[upkeep]\n|-end|p2a: Scizor|move: Future Sight\n|-resisted|p2a: Scizor\n|-damage|p2a: Scizor|74\/100 par\n|-heal|p1a: Gliscor|85\/100 tox|[from] ability: Poison Heal\n|upkeep\n|turn|50\n|\n|t:|1699818199\n|move|p2a: Scizor|Bullet Punch|p1a: Gliscor\n|-damage|p1a: Gliscor|59\/100 tox\n|move|p1a: Gliscor|Earthquake|p2a: Scizor\n|-damage|p2a: Scizor|50\/100 par\n|\n|-weather|Snow|[upkeep]\n|-heal|p1a: Gliscor|71\/100 tox|[from] ability: Poison Heal\n|upkeep\n|turn|51\n|\n|t:|1699818203\n|move|p2a: Scizor|Bullet Punch|p1a: Gliscor\n|-damage|p1a: Gliscor|43\/100 tox\n|move|p1a: Gliscor|Earthquake|p2a: Scizor\n|-damage|p2a: Scizor|28\/100 par\n|\n|-weather|Snow|[upkeep]\n|-heal|p1a: Gliscor|56\/100 tox|[from] ability: Poison Heal\n|upkeep\n|turn|52\n|\n|t:|1699818209\n|move|p2a: Scizor|Bullet Punch|p1a: Gliscor\n|-damage|p1a: Gliscor|29\/100 tox\n|move|p1a: Gliscor|Earthquake|p2a: Scizor\n|-damage|p2a: Scizor|5\/100 par\n|\n|-weather|none\n|-heal|p1a: Gliscor|41\/100 tox|[from] ability: Poison Heal\n|upkeep\n|turn|53\n|\n|t:|1699818213\n|move|p1a: Gliscor|Earthquake|p2a: Scizor\n|-damage|p2a: Scizor|0 fnt\n|faint|p2a: Scizor\n|\n|-heal|p1a: Gliscor|54\/100 tox|[from] ability: Poison Heal\n|upkeep\n|\n|t:|1699818215\n|switch|p2a: Hippowdon|Hippowdon, F|82\/100 tox\n|-damage|p2a: Hippowdon|76\/100 tox|[from] Stealth Rock\n|-weather|Sandstorm|[from] ability: Sand Stream|[of] p2a: Hippowdon\n|turn|54\n|c|\u2606Elgino|gg\n|\n|t:|1699818225\n|move|p1a: Gliscor|Earthquake|p2a: Hippowdon\n|-damage|p2a: Hippowdon|59\/100 tox\n|move|p2a: Hippowdon|Earthquake|p1a: Gliscor\n|-immune|p1a: Gliscor\n|\n|-weather|Sandstorm|[upkeep]\n|-heal|p1a: Gliscor|66\/100 tox|[from] ability: Poison Heal\n|-damage|p2a: Hippowdon|53\/100 tox|[from] psn\n|upkeep\n|turn|55\n|\n|t:|1699818228\n|move|p1a: Gliscor|Earthquake|p2a: Hippowdon\n|-damage|p2a: Hippowdon|37\/100 tox\n|move|p2a: Hippowdon|Earthquake|p1a: Gliscor\n|-immune|p1a: Gliscor\n|\n|-weather|Sandstorm|[upkeep]\n|-heal|p1a: Gliscor|79\/100 tox|[from] ability: Poison Heal\n|-damage|p2a: Hippowdon|25\/100 tox|[from] psn\n|upkeep\n|turn|56\n|\n|t:|1699818229\n|move|p1a: Gliscor|Earthquake|p2a: Hippowdon\n|-damage|p2a: Hippowdon|7\/100 tox\n|move|p2a: Hippowdon|Earthquake|p1a: Gliscor\n|-immune|p1a: Gliscor\n|\n|-weather|Sandstorm|[upkeep]\n|-heal|p1a: Gliscor|91\/100 tox|[from] ability: Poison Heal\n|-damage|p2a: Hippowdon|0 fnt|[from] psn\n|faint|p2a: Hippowdon\n|\n|win|Nuzleafwarrior7778\n|upkeep\n|l|\u2606Elgino\n|c|\u2606Nuzleafwarrior7778|gg\n|l| Gymlead11b\n","uploadtime":1699818253,"views":5,"p1id":"nuzleafwarrior7778","p2id":"elgino","formatid":"gen9nationaldex","rating":0,"private":0,"password":""}