{"id":"gen9nationaldex-2000485931","p1":"Najirs","p2":"etherlords","format":"[Gen 9] National Dex","log":"|html|<div class=\"broadcast-blue\"><strong>[Gen 9] National Dex is currently suspecting Sneasler! For information on how to participate check out the <a href=\"https:\/\/www.smogon.com\/forums\/threads\/sv-national-dex-suspect-8-just-dance.3731534\/\">suspect thread<\/a>.<\/strong><\/div>\n|j|\u2606Najirs\n|j|\u2606etherlords\n|t:|1701198819\n|gametype|singles\n|player|p1|Najirs|grimsley-masters|\n|player|p2|etherlords|gambler|\n|teamsize|p1|6\n|teamsize|p2|6\n|gen|9\n|tier|[Gen 9] National Dex\n|rule|HP Percentage Mod: HP is shown in percentages\n|rule|Endless Battle Clause: Forcing endless battles is banned\n|rule|OHKO Clause: OHKO moves are banned\n|rule|Evasion Clause: Evasion abilities, items, and moves are banned\n|rule|Evasion Abilities Clause: Evasion abilities are banned\n|rule|Evasion Items Clause: Evasion items are banned\n|rule|Evasion Moves Clause: Evasion moves are banned\n|rule|Species Clause: Limit one of each Pok\u00e9mon\n|rule|Sleep Clause Mod: Limit one foe put to sleep\n|clearpoke\n|poke|p1|Bronzong|\n|poke|p1|Charizard, M|\n|poke|p1|Magnezone|\n|poke|p1|Urshifu-*, M|\n|poke|p1|Dusknoir, F|\n|poke|p1|Moltres|\n|poke|p2|Venusaur, M|\n|poke|p2|Kyurem|\n|poke|p2|Excadrill, F|\n|poke|p2|Torkoal, F|\n|poke|p2|Volcanion|\n|poke|p2|Kartana|\n|teampreview\n|inactive|Battle timer is ON: inactive players will automatically lose when time's up. (requested by etherlords)\n|j| DracoShivam\n|inactive|Najirs has 270 seconds left.\n|\n|t:|1701198853\n|start\n|switch|p1a: BlueWingsNotGreen|Charizard, M|100\/100\n|switch|p2a: Arson|Volcanion|100\/100\n|turn|1\n|\n|t:|1701198862\n|move|p1a: BlueWingsNotGreen|Scorching Sands|p2a: Arson\n|-supereffective|p2a: Arson\n|-damage|p2a: Arson|69\/100\n|move|p2a: Arson|Steam Eruption|p1a: BlueWingsNotGreen\n|-supereffective|p1a: BlueWingsNotGreen\n|-damage|p1a: BlueWingsNotGreen|0 fnt\n|faint|p1a: BlueWingsNotGreen\n|\n|upkeep\n|c|\u2606Najirs|beauty\n|c| DracoShivam|..\n|c|\u2606etherlords|y?\n|\n|t:|1701198879\n|switch|p1a: Inner Peace|Urshifu-Rapid-Strike, M|100\/100\n|turn|2\n|c|\u2606etherlords|u knew my set\n|c|\u2606Najirs|yup\n|\n|t:|1701198904\n|switch|p2a: Sunny boi|Torkoal, F|100\/100\n|-weather|SunnyDay|[from] ability: Drought|[of] p2a: Sunny boi\n|move|p1a: Inner Peace|Rock Slide|p2a: Sunny boi\n|-supereffective|p2a: Sunny boi\n|-damage|p2a: Sunny boi|63\/100\n|\n|-weather|SunnyDay|[upkeep]\n|upkeep\n|turn|3\n|\n|t:|1701198930\n|move|p1a: Inner Peace|Rock Slide|p2a: Sunny boi\n|-supereffective|p2a: Sunny boi\n|-damage|p2a: Sunny boi|25\/100\n|move|p2a: Sunny boi|Stealth Rock|p1a: Inner Peace\n|-sidestart|p1: Najirs|move: Stealth Rock\n|\n|-weather|SunnyDay|[upkeep]\n|upkeep\n|turn|4\n|\n|t:|1701198937\n|move|p1a: Inner Peace|Rock Slide|p2a: Sunny boi\n|-supereffective|p2a: Sunny boi\n|-damage|p2a: Sunny boi|0 fnt\n|faint|p2a: Sunny boi\n|\n|-weather|SunnyDay|[upkeep]\n|upkeep\n|\n|t:|1701198941\n|switch|p2a: Sir chonk|Venusaur, M|100\/100\n|turn|5\n|\n|t:|1701198951\n|move|p2a: Sir chonk|Giga Drain|p1a: Inner Peace\n|-supereffective|p1a: Inner Peace\n|-damage|p1a: Inner Peace|10\/100\n|move|p1a: Inner Peace|Zen Headbutt|p2a: Sir chonk\n|-supereffective|p2a: Sir chonk\n|-damage|p2a: Sir chonk|31\/100\n|\n|-weather|SunnyDay|[upkeep]\n|upkeep\n|turn|6\n|c|\u2606Najirs|nice\n|\n|t:|1701198959\n|move|p2a: Sir chonk|Giga Drain|p1a: Inner Peace\n|-supereffective|p1a: Inner Peace\n|-damage|p1a: Inner Peace|0 fnt\n|-heal|p2a: Sir chonk|36\/100|[from] drain|[of] p1a: Inner Peace\n|faint|p1a: Inner Peace\n|\n|-weather|SunnyDay|[upkeep]\n|upkeep\n|\n|t:|1701198965\n|switch|p1a: Spin Me Round|Bronzong|100\/100\n|-damage|p1a: Spin Me Round|94\/100|[from] Stealth Rock\n|turn|7\n|\n|t:|1701198979\n|move|p2a: Sir chonk|Giga Drain|p1a: Spin Me Round\n|-resisted|p1a: Spin Me Round\n|-damage|p1a: Spin Me Round|78\/100\n|-heal|p2a: Sir chonk|43\/100|[from] drain|[of] p1a: Spin Me Round\n|move|p1a: Spin Me Round|Stealth Rock|p2a: Sir chonk\n|-sidestart|p2: etherlords|move: Stealth Rock\n|\n|-weather|SunnyDay|[upkeep]\n|upkeep\n|turn|8\n|\n|t:|1701198991\n|detailschange|p2a: Sir chonk|Venusaur-Mega, M\n|-mega|p2a: Sir chonk|Venusaur|Venusaurite\n|move|p2a: Sir chonk|Giga Drain|p1a: Spin Me Round\n|-resisted|p1a: Spin Me Round\n|-damage|p1a: Spin Me Round|59\/100\n|-heal|p2a: Sir chonk|50\/100|[from] drain|[of] p1a: Spin Me Round\n|move|p1a: Spin Me Round|Earthquake|p2a: Sir chonk\n|-damage|p2a: Sir chonk|30\/100\n|\n|-weather|SunnyDay|[upkeep]\n|upkeep\n|turn|9\n|\n|t:|1701199002\n|move|p2a: Sir chonk|Growth|p2a: Sir chonk\n|-boost|p2a: Sir chonk|atk|2\n|-boost|p2a: Sir chonk|spa|2\n|move|p1a: Spin Me Round|Earthquake|p2a: Sir chonk\n|-damage|p2a: Sir chonk|8\/100\n|\n|-weather|none\n|upkeep\n|turn|10\n|\n|t:|1701199011\n|move|p2a: Sir chonk|Giga Drain|p1a: Spin Me Round\n|-resisted|p1a: Spin Me Round\n|-damage|p1a: Spin Me Round|18\/100\n|-heal|p2a: Sir chonk|25\/100|[from] drain|[of] p1a: Spin Me Round\n|move|p1a: Spin Me Round|Earthquake|p2a: Sir chonk\n|-damage|p2a: Sir chonk|1\/100\n|\n|upkeep\n|turn|11\n|c|\u2606etherlords|oof\n|\n|t:|1701199021\n|switch|p1a: Chardos|Moltres|100\/100\n|-ability|p1a: Chardos|Pressure\n|move|p2a: Sir chonk|Giga Drain|p1a: Chardos\n|-resisted|p1a: Chardos\n|-damage|p1a: Chardos|80\/100\n|-heal|p2a: Sir chonk|11\/100|[from] drain|[of] p1a: Chardos\n|\n|upkeep\n|turn|12\n|c|\u2606Najirs|forgot to keep the heal in mind\n|\n|t:|1701199039\n|move|p1a: Chardos|Flamethrower|p2a: Sir chonk\n|-supereffective|p2a: Sir chonk\n|-damage|p2a: Sir chonk|0 fnt\n|faint|p2a: Sir chonk\n|\n|upkeep\n|\n|t:|1701199047\n|switch|p2a: Arson|Volcanion|69\/100\n|-damage|p2a: Arson|44\/100|[from] Stealth Rock\n|turn|13\n|\n|t:|1701199051\n|move|p1a: Chardos|Scorching Sands|p2a: Arson\n|-supereffective|p2a: Arson\n|-crit|p2a: Arson\n|-damage|p2a: Arson|0 fnt\n|faint|p2a: Arson\n|\n|upkeep\n|c|\u2606Najirs|F\n|c|\u2606Najirs|gg\n|c| DracoShivam|Did it matter\n|c|\u2606Najirs|yes\n|c|\u2606Najirs|it has the same spA stat as charizard\n|c|\u2606etherlords|yup\n|inactive|etherlords has 270 seconds left.\n|c| DracoShivam|Zamn\n|\n|t:|1701199100\n|switch|p2a: Kyu:3|Kyurem|100\/100\n|-damage|p2a: Kyu:3|76\/100|[from] Stealth Rock\n|-ability|p2a: Kyu:3|Pressure\n|turn|14\n|\n|t:|1701199115\n|move|p2a: Kyu:3|Freeze-Dry|p1a: Chardos\n|-damage|p1a: Chardos|26\/100\n|-status|p1a: Chardos|frz\n|cant|p1a: Chardos|frz\n|\n|upkeep\n|turn|15\n|inactive|etherlords has 270 seconds left.\n|c|\u2606Najirs|wow\n|c| DracoShivam|......\n|c|\u2606Najirs|lmao\n|c| DracoShivam|Welp karma\n|\n|t:|1701199131\n|switch|p2a: Papercut|Kartana|100\/100\n|-damage|p2a: Papercut|94\/100|[from] Stealth Rock\n|cant|p1a: Chardos|frz\n|\n|upkeep\n|turn|16\n|c|\u2606Najirs|bruh\n|c|\u2606etherlords|XD\n|c|\u2606Najirs|I thought fire moves burn frz\n|c|\u2606Najirs|wtf\n|\n|t:|1701199148\n|move|p2a: Papercut|Knock Off|p1a: Chardos\n|-damage|p1a: Chardos|0 fnt\n|-enditem|p1a: Chardos|Heavy-Duty Boots|[from] move: Knock Off|[of] p2a: Papercut\n|faint|p1a: Chardos\n|-ability|p2a: Papercut|Beast Boost|boost\n|-boost|p2a: Papercut|atk|1\n|\n|upkeep\n|c| DracoShivam|Why do you not have flame body\n|\n|t:|1701199167\n|switch|p1a: UFO|Magnezone|100\/100\n|-damage|p1a: UFO|94\/100|[from] Stealth Rock\n|-item|p1a: UFO|Air Balloon\n|turn|17\n|\n|t:|1701199178\n|-terastallize|p1a: UFO|Flying\n|move|p2a: Papercut|Sacred Sword|p1a: UFO\n|-resisted|p1a: UFO\n|-damage|p1a: UFO|73\/100\n|-enditem|p1a: UFO|Air Balloon\n|move|p1a: UFO|Hidden Power|p2a: Papercut\n|-supereffective|p2a: Papercut\n|-damage|p2a: Papercut|0 fnt\n|faint|p2a: Papercut\n|\n|upkeep\n|inactive|etherlords has 270 seconds left.\n|\n|t:|1701199197\n|switch|p2a: Naked mole rat|Excadrill, F|100\/100\n|-damage|p2a: Naked mole rat|97\/100|[from] Stealth Rock\n|-ability|p2a: Naked mole rat|Mold Breaker\n|turn|18\n|inactive|Najirs has 270 seconds left.\n|\n|t:|1701199224\n|move|p2a: Naked mole rat|Iron Head|p1a: UFO\n|-damage|p1a: UFO|42\/100\n|cant|p1a: UFO|flinch\n|\n|upkeep\n|turn|19\n|c|\u2606Najirs|oof\n|\n|t:|1701199236\n|-terastallize|p2a: Naked mole rat|Flying\n|move|p2a: Naked mole rat|Iron Head|p1a: UFO\n|-damage|p1a: UFO|8\/100\n|cant|p1a: UFO|flinch\n|\n|upkeep\n|turn|20\n|c| DracoShivam|Get Srijaned\n|c|\u2606Najirs|lol\n|c|\u2606etherlords|lmao\n|\n|t:|1701199247\n|move|p2a: Naked mole rat|Iron Head|p1a: UFO\n|-damage|p1a: UFO|0 fnt\n|faint|p1a: UFO\n|\n|upkeep\n|\n|t:|1701199253\n|switch|p1a: >:3|Dusknoir, F|100\/100\n|-damage|p1a: >:3|88\/100|[from] Stealth Rock\n|-ability|p1a: >:3|Pressure\n|turn|21\n|inactive|etherlords has 270 seconds left.\n|c|\u2606Najirs|istg if this misses\n|\n|t:|1701199293\n|move|p2a: Naked mole rat|Iron Head|p1a: >:3\n|-damage|p1a: >:3|49\/100\n|cant|p1a: >:3|flinch\n|\n|upkeep\n|turn|22\n|c|\u2606etherlords|lmaooooo\n|c|\u2606Najirs|wooooooooooooooooooooooooooooooooooooooooooooooooooooooooooooooow\n|c| DracoShivam|Betrayal\n|c|\u2606Najirs|fr\n|c| DracoShivam|Fate betrayed you\n|\n|t:|1701199311\n|move|p2a: Naked mole rat|Iron Head|p1a: >:3\n|-damage|p1a: >:3|12\/100\n|move|p1a: >:3|Rock Slide|p2a: Naked mole rat\n|-supereffective|p2a: Naked mole rat\n|-damage|p2a: Naked mole rat|34\/100\n|\n|upkeep\n|turn|23\n|c|\u2606Najirs|cmon man\n|c|\u2606Najirs|I was a flinchaway from victory\n|\n|t:|1701199326\n|move|p1a: >:3|Shadow Sneak|p2a: Naked mole rat\n|-damage|p2a: Naked mole rat|6\/100\n|move|p2a: Naked mole rat|Iron Head|p1a: >:3\n|-damage|p1a: >:3|0 fnt\n|faint|p1a: >:3\n|\n|upkeep\n|\n|t:|1701199332\n|switch|p1a: Spin Me Round|Bronzong|18\/100\n|-damage|p1a: Spin Me Round|12\/100|[from] Stealth Rock\n|turn|24\n|c|\u2606etherlords|nah not really kyurem wins after chip\n|\n|t:|1701199355\n|move|p2a: Naked mole rat|Earthquake|p1a: Spin Me Round\n|-supereffective|p1a: Spin Me Round\n|-damage|p1a: Spin Me Round|0 fnt\n|faint|p1a: Spin Me Round\n|\n|win|etherlords\n|c|\u2606Najirs|how do people even play this stupid game\n|c|\u2606Najirs|kyurem doesn't win\n|c|\u2606Najirs|assault vest\n|c|\u2606etherlords|ahh\n|c|\u2606Najirs|gg\n","uploadtime":1701199380,"views":4,"p1id":"najirs","p2id":"etherlords","formatid":"gen9nationaldex","rating":0,"private":0,"password":""}