{"id":"gen9nationaldex-1998049588","p1":"dumpiergoose","p2":"sighz 0-0","format":"[Gen 9] National Dex","log":"|html|<div class=\"broadcast-blue\"><strong>[Gen 9] National Dex is currently suspecting Sneasler! For information on how to participate check out the <a href=\"https:\/\/www.smogon.com\/forums\/threads\/sv-national-dex-suspect-8-just-dance.3731534\/\">suspect thread<\/a>.<\/strong><\/div>\n|j|\u2606dumpiergoose\n|j|\u2606sighz 0-0\n|t:|1700883724\n|gametype|singles\n|player|p1|dumpiergoose|blue|1209\n|player|p2|sighz 0-0|may-contest|1319\n|teamsize|p1|6\n|teamsize|p2|6\n|gen|9\n|tier|[Gen 9] National Dex\n|rated|\n|rule|HP Percentage Mod: HP is shown in percentages\n|rule|Endless Battle Clause: Forcing endless battles is banned\n|rule|OHKO Clause: OHKO moves are banned\n|rule|Evasion Clause: Evasion abilities, items, and moves are banned\n|rule|Evasion Abilities Clause: Evasion abilities are banned\n|rule|Evasion Items Clause: Evasion items are banned\n|rule|Evasion Moves Clause: Evasion moves are banned\n|rule|Species Clause: Limit one of each Pok\u00e9mon\n|rule|Sleep Clause Mod: Limit one foe put to sleep\n|clearpoke\n|poke|p1|Greninja-*, M|\n|poke|p1|Scyther, M|\n|poke|p1|Alakazam, M|\n|poke|p1|Galvantula, F|\n|poke|p1|Garchomp, F|\n|poke|p1|Blaziken, M|\n|poke|p2|Blacephalon|\n|poke|p2|Snorlax, F|\n|poke|p2|Landorus-Therian, M|\n|poke|p2|Victini|\n|poke|p2|Bisharp, M|\n|poke|p2|Diancie|\n|teampreview\n|\n|t:|1700883732\n|start\n|switch|p1a: Garchomp|Garchomp, F|100\/100\n|switch|p2a: Diancie|Diancie|100\/100\n|turn|1\n|\n|t:|1700883750\n|detailschange|p2a: Diancie|Diancie-Mega\n|-mega|p2a: Diancie|Diancie|Diancite\n|-terastallize|p1a: Garchomp|Ghost\n|move|p2a: Diancie|Moonblast|p1a: Garchomp\n|-damage|p1a: Garchomp|45\/100\n|move|p1a: Garchomp|Earthquake|p2a: Diancie\n|-supereffective|p2a: Diancie\n|-crit|p2a: Diancie\n|-damage|p2a: Diancie|0 fnt\n|faint|p2a: Diancie\n|\n|upkeep\n|\n|t:|1700883761\n|switch|p2a: Bisharp|Bisharp, M|100\/100\n|turn|2\n|\n|t:|1700883766\n|move|p2a: Bisharp|Knock Off|p1a: Garchomp\n|-supereffective|p1a: Garchomp\n|-damage|p1a: Garchomp|0 fnt\n|-damage|p2a: Bisharp|88\/100|[from] ability: Rough Skin|[of] p1a: Garchomp\n|-damage|p2a: Bisharp|72\/100|[from] item: Rocky Helmet|[of] p1a: Garchomp\n|-enditem|p1a: Garchomp|Rocky Helmet|[from] move: Knock Off|[of] p2a: Bisharp\n|faint|p1a: Garchomp\n|-damage|p2a: Bisharp|62\/100|[from] item: Life Orb\n|\n|upkeep\n|\n|t:|1700883781\n|switch|p1a: Chicken Brent|Blaziken, M, shiny|100\/100\n|turn|3\n|\n|t:|1700883791\n|switch|p2a: Landorus|Landorus-Therian, M|100\/100\n|-ability|p2a: Landorus|Intimidate|boost\n|-unboost|p1a: Chicken Brent|atk|1\n|move|p1a: Chicken Brent|Close Combat|p2a: Landorus\n|-resisted|p2a: Landorus\n|-damage|p2a: Landorus|88\/100\n|-unboost|p1a: Chicken Brent|def|1\n|-unboost|p1a: Chicken Brent|spd|1\n|\n|-ability|p1a: Chicken Brent|Speed Boost|boost\n|-boost|p1a: Chicken Brent|spe|1\n|upkeep\n|turn|4\n|\n|t:|1700883807\n|switch|p1a: Gary Vantula|Galvantula, F|100\/100\n|move|p2a: Landorus|Stealth Rock|p1a: Gary Vantula\n|-sidestart|p1: dumpiergoose|move: Stealth Rock\n|\n|upkeep\n|turn|5\n|\n|t:|1700883814\n|move|p1a: Gary Vantula|Sticky Web|p2a: Landorus\n|-sidestart|p2: sighz 0-0|move: Sticky Web\n|move|p2a: Landorus|Earthquake|p1a: Gary Vantula\n|-damage|p1a: Gary Vantula|19\/100\n|\n|upkeep\n|turn|6\n|\n|t:|1700883820\n|move|p1a: Gary Vantula|Bug Buzz|p2a: Landorus\n|-resisted|p2a: Landorus\n|-damage|p2a: Landorus|66\/100\n|move|p2a: Landorus|Earthquake|p1a: Gary Vantula\n|-damage|p1a: Gary Vantula|0 fnt\n|faint|p1a: Gary Vantula\n|\n|upkeep\n|\n|t:|1700883839\n|switch|p1a: Greninja|Greninja, M|100\/100\n|-damage|p1a: Greninja|88\/100|[from] Stealth Rock\n|turn|7\n|\n|t:|1700883852\n|switch|p2a: Snorlax|Snorlax, F, shiny|100\/100\n|-activate|p2a: Snorlax|move: Sticky Web\n|-unboost|p2a: Snorlax|spe|1\n|move|p1a: Greninja|Hydro Pump|p2a: Snorlax|[miss]\n|-miss|p1a: Greninja|p2a: Snorlax\n|\n|upkeep\n|turn|8\n|\n|t:|1700883859\n|move|p1a: Greninja|Grass Knot|p2a: Snorlax\n|-damage|p2a: Snorlax|86\/100\n|move|p2a: Snorlax|Curse|p2a: Snorlax\n|-unboost|p2a: Snorlax|spe|1\n|-boost|p2a: Snorlax|atk|1\n|-boost|p2a: Snorlax|def|1\n|\n|upkeep\n|turn|9\n|\n|t:|1700883862\n|move|p1a: Greninja|Hydro Pump|p2a: Snorlax\n|-damage|p2a: Snorlax|62\/100\n|move|p2a: Snorlax|Curse|p2a: Snorlax\n|-unboost|p2a: Snorlax|spe|1\n|-boost|p2a: Snorlax|atk|1\n|-boost|p2a: Snorlax|def|1\n|\n|upkeep\n|turn|10\n|\n|t:|1700883866\n|move|p1a: Greninja|Hydro Pump|p2a: Snorlax\n|-damage|p2a: Snorlax|40\/100\n|move|p2a: Snorlax|Body Slam|p1a: Greninja\n|-damage|p1a: Greninja|0 fnt\n|faint|p1a: Greninja\n|\n|upkeep\n|\n|t:|1700883874\n|switch|p1a: Alakazam|Alakazam, M|100\/100\n|turn|11\n|\n|t:|1700883878\n|move|p1a: Alakazam|Focus Blast|p2a: Snorlax\n|-supereffective|p2a: Snorlax\n|-damage|p2a: Snorlax|0 fnt\n|faint|p2a: Snorlax\n|\n|upkeep\n|\n|t:|1700883885\n|switch|p2a: Blacephalon|Blacephalon|100\/100\n|-activate|p2a: Blacephalon|move: Sticky Web\n|-unboost|p2a: Blacephalon|spe|1\n|turn|12\n|\n|t:|1700883897\n|move|p1a: Alakazam|Psychic|p2a: Blacephalon\n|-damage|p2a: Blacephalon|0 fnt\n|faint|p2a: Blacephalon\n|\n|upkeep\n|\n|t:|1700883905\n|switch|p2a: Victini|Victini|100\/100\n|-activate|p2a: Victini|move: Sticky Web\n|-unboost|p2a: Victini|spe|1\n|turn|13\n|\n|t:|1700883915\n|move|p1a: Alakazam|Psychic|p2a: Victini\n|-resisted|p2a: Victini\n|-damage|p2a: Victini|76\/100\n|move|p2a: Victini|V-create|p1a: Alakazam\n|-damage|p1a: Alakazam|0 fnt\n|-unboost|p2a: Victini|spe|1\n|-unboost|p2a: Victini|def|1\n|-unboost|p2a: Victini|spd|1\n|faint|p1a: Alakazam\n|\n|upkeep\n|\n|t:|1700883935\n|switch|p1a: Chicken Brent|Blaziken, M, shiny|100\/100\n|-damage|p1a: Chicken Brent|88\/100|[from] Stealth Rock\n|turn|14\n|\n|t:|1700883942\n|switch|p2a: Landorus|Landorus-Therian, M|66\/100\n|-ability|p2a: Landorus|Intimidate|boost\n|-unboost|p1a: Chicken Brent|atk|1\n|move|p1a: Chicken Brent|Stone Edge|p2a: Landorus\n|-damage|p2a: Landorus|54\/100\n|\n|-heal|p1a: Chicken Brent|94\/100|[from] item: Leftovers\n|-ability|p1a: Chicken Brent|Speed Boost|boost\n|-boost|p1a: Chicken Brent|spe|1\n|upkeep\n|turn|15\n|\n|t:|1700883965\n|move|p1a: Chicken Brent|Swords Dance|p1a: Chicken Brent\n|-boost|p1a: Chicken Brent|atk|2\n|move|p2a: Landorus|Earthquake|p1a: Chicken Brent\n|-supereffective|p1a: Chicken Brent\n|-damage|p1a: Chicken Brent|0 fnt\n|faint|p1a: Chicken Brent\n|\n|upkeep\n|\n|t:|1700883973\n|switch|p1a: Scyther|Scyther, M|100\/100\n|-damage|p1a: Scyther|51\/100|[from] Stealth Rock\n|turn|16\n|\n|t:|1700883980\n|move|p1a: Scyther|Dual Wingbeat|p2a: Landorus\n|-damage|p2a: Landorus|33\/100\n|-damage|p2a: Landorus|13\/100\n|-hitcount|p2a: Landorus|2\n|move|p2a: Landorus|Explosion|p1a: Scyther\n|-enditem|p2a: Landorus|Normal Gem|[from] gem\n|-damage|p1a: Scyther|0 fnt\n|faint|p2a: Landorus\n|faint|p1a: Scyther\n|\n|win|sighz 0-0\n|raw|dumpiergoose's rating: 1209 &rarr; <strong>1192<\/strong><br \/>(-17 for losing)\n|raw|sighz 0-0's rating: 1319 &rarr; <strong>1333<\/strong><br \/>(+14 for winning)\n","uploadtime":1700883985,"views":1,"p1id":"dumpiergoose","p2id":"sighz00","formatid":"gen9nationaldex","rating":1192,"private":0,"password":""}