{"id":"gen9nationaldex-1994611051","p1":"10RUB","p2":"TeaBooker","format":"[Gen 9] National Dex","log":"|html|<div class=\"broadcast-blue\"><strong>[Gen 9] National Dex is currently suspecting Sneasler! For information on how to participate check out the <a href=\"https:\/\/www.smogon.com\/forums\/threads\/sv-national-dex-suspect-8-just-dance.3731534\/\">suspect thread<\/a>.<\/strong><\/div>\n|j|\u260610RUB\n|j|\u2606TeaBooker\n|t:|1700469056\n|gametype|singles\n|player|p1|10RUB|lance|1388\n|player|p2|TeaBooker|ash-kalos|1299\n|teamsize|p1|6\n|teamsize|p2|6\n|gen|9\n|tier|[Gen 9] National Dex\n|rated|\n|rule|HP Percentage Mod: HP is shown in percentages\n|rule|Endless Battle Clause: Forcing endless battles is banned\n|rule|OHKO Clause: OHKO moves are banned\n|rule|Evasion Clause: Evasion abilities, items, and moves are banned\n|rule|Evasion Abilities Clause: Evasion abilities are banned\n|rule|Evasion Items Clause: Evasion items are banned\n|rule|Evasion Moves Clause: Evasion moves are banned\n|rule|Species Clause: Limit one of each Pok\u00e9mon\n|rule|Sleep Clause Mod: Limit one foe put to sleep\n|clearpoke\n|poke|p1|Kartana|\n|poke|p1|Zoroark-Hisui, M|\n|poke|p1|Porygon2|\n|poke|p1|Zapdos|\n|poke|p1|Pyukumuku, M|\n|poke|p1|Garchomp, M|\n|poke|p2|Diancie|\n|poke|p2|Lopunny, F|\n|poke|p2|Alomomola, F|\n|poke|p2|Arcanine, F|\n|poke|p2|Tapu Lele|\n|poke|p2|Ursaluna, F|\n|teampreview\n|inactive|Battle timer is ON: inactive players will automatically lose when time's up. (requested by TeaBooker)\n|inactive|10RUB also wants the timer to be on.\n|\n|t:|1700469078\n|start\n|switch|p1a: Garchomp|Garchomp, M|100\/100\n|switch|p2a: Lopunny|Lopunny, F, shiny|100\/100\n|turn|1\n|\n|t:|1700469088\n|switch|p1a: Pyukumuku|Pyukumuku, M|100\/100\n|detailschange|p2a: Lopunny|Lopunny-Mega, F, shiny\n|-mega|p2a: Lopunny|Lopunny|Lopunnite\n|move|p2a: Lopunny|Fake Out|p1a: Pyukumuku\n|-damage|p1a: Pyukumuku|85\/100\n|\n|-heal|p1a: Pyukumuku|91\/100|[from] item: Leftovers\n|upkeep\n|turn|2\n|\n|t:|1700469095\n|move|p2a: Lopunny|U-turn|p1a: Pyukumuku\n|-damage|p1a: Pyukumuku|76\/100\n|\n|t:|1700469105\n|switch|p2a: Alomomola|Alomomola, F|100\/100|[from] U-turn\n|move|p1a: Pyukumuku|Toxic|p2a: Alomomola\n|-status|p2a: Alomomola|tox\n|\n|-heal|p1a: Pyukumuku|82\/100|[from] item: Leftovers\n|-damage|p2a: Alomomola|94\/100 tox|[from] psn\n|upkeep\n|turn|3\n|\n|t:|1700469110\n|switch|p1a: Kartana|Kartana|100\/100\n|move|p2a: Alomomola|Toxic|p1a: Kartana\n|-immune|p1a: Kartana\n|\n|-damage|p2a: Alomomola|82\/100 tox|[from] psn\n|upkeep\n|turn|4\n|\n|t:|1700469122\n|switch|p2a: Arcanine|Arcanine, F|100\/100\n|-ability|p2a: Arcanine|Intimidate|boost\n|-unboost|p1a: Kartana|atk|1\n|move|p1a: Kartana|Leaf Blade|p2a: Arcanine\n|-resisted|p2a: Arcanine\n|-crit|p2a: Arcanine\n|-damage|p2a: Arcanine|57\/100\n|\n|upkeep\n|turn|5\n|\n|t:|1700469132\n|switch|p1a: Garchomp|Garchomp, M|100\/100\n|move|p2a: Arcanine|Will-O-Wisp|p1a: Garchomp\n|-status|p1a: Garchomp|brn\n|\n|-damage|p1a: Garchomp|94\/100 brn|[from] brn\n|upkeep\n|turn|6\n|\n|t:|1700469142\n|switch|p2a: Alomomola|Alomomola, F|100\/100 tox\n|detailschange|p1a: Garchomp|Garchomp-Mega, M\n|-mega|p1a: Garchomp|Garchomp|Garchompite\n|move|p1a: Garchomp|Earthquake|p2a: Alomomola\n|-damage|p2a: Alomomola|81\/100 tox\n|\n|-damage|p2a: Alomomola|75\/100 tox|[from] psn\n|-damage|p1a: Garchomp|88\/100 brn|[from] brn\n|upkeep\n|turn|7\n|\n|t:|1700469153\n|move|p1a: Garchomp|Swords Dance|p1a: Garchomp\n|-boost|p1a: Garchomp|atk|2\n|move|p2a: Alomomola|Wish|p2a: Alomomola\n|\n|-damage|p2a: Alomomola|63\/100 tox|[from] psn\n|-damage|p1a: Garchomp|82\/100 brn|[from] brn\n|upkeep\n|turn|8\n|\n|t:|1700469156\n|move|p1a: Garchomp|Scale Shot|p2a: Alomomola\n|-damage|p2a: Alomomola|54\/100 tox\n|-damage|p2a: Alomomola|44\/100 tox\n|-damage|p2a: Alomomola|34\/100 tox\n|-damage|p2a: Alomomola|25\/100 tox\n|-damage|p2a: Alomomola|16\/100 tox\n|-hitcount|p2a: Alomomola|5\n|-unboost|p1a: Garchomp|def|1\n|-boost|p1a: Garchomp|spe|1\n|move|p2a: Alomomola|Flip Turn|p1a: Garchomp\n|-damage|p1a: Garchomp|64\/100 brn\n|\n|t:|1700469174\n|switch|p2a: Tapu Lele|Tapu Lele|100\/100|[from] Flip Turn\n|-fieldstart|move: Psychic Terrain|[from] ability: Psychic Surge|[of] p2a: Tapu Lele\n|\n|-damage|p1a: Garchomp|57\/100 brn|[from] brn\n|upkeep\n|turn|9\n|\n|t:|1700469179\n|move|p2a: Tapu Lele|Psychic|p1a: Garchomp\n|-crit|p1a: Garchomp\n|-damage|p1a: Garchomp|0 fnt\n|faint|p1a: Garchomp\n|\n|upkeep\n|\n|t:|1700469181\n|switch|p1a: Kartana|Kartana|100\/100\n|turn|10\n|\n|t:|1700469193\n|switch|p2a: Arcanine|Arcanine, F|57\/100\n|-ability|p2a: Arcanine|Intimidate|boost\n|-unboost|p1a: Kartana|atk|1\n|move|p1a: Kartana|Smart Strike|p2a: Arcanine\n|-resisted|p2a: Arcanine\n|-damage|p2a: Arcanine|42\/100\n|\n|upkeep\n|turn|11\n|\n|t:|1700469203\n|switch|p1a: Zapdos|Zapdos|100\/100\n|move|p2a: Arcanine|Morning Sun|p2a: Arcanine\n|-heal|p2a: Arcanine|92\/100\n|\n|upkeep\n|turn|12\n|inactive|10RUB has 120 seconds left.\n|\n|t:|1700469238\n|move|p1a: Zapdos|Hurricane|p2a: Arcanine|[miss]\n|-miss|p1a: Zapdos|p2a: Arcanine\n|move|p2a: Arcanine|Flare Blitz|p1a: Zapdos\n|-damage|p1a: Zapdos|63\/100\n|-status|p2a: Arcanine|par|[from] ability: Static|[of] p1a: Zapdos\n|-damage|p2a: Arcanine|79\/100 par|[from] Recoil\n|\n|-fieldend|move: Psychic Terrain\n|upkeep\n|turn|13\n|\n|t:|1700469259\n|switch|p2a: Diancie|Diancie|100\/100\n|move|p1a: Zapdos|Roost|p1a: Zapdos\n|-heal|p1a: Zapdos|100\/100\n|-singleturn|p1a: Zapdos|move: Roost\n|\n|upkeep\n|turn|14\n|inactive|10RUB has 120 seconds left.\n|\n|t:|1700469283\n|switch|p1a: Porygon2|Porygon2|100\/100\n|-ability|p1a: Porygon2|Download|boost\n|-boost|p1a: Porygon2|atk|1\n|switch|p2a: Tapu Lele|Tapu Lele|100\/100\n|-fieldstart|move: Psychic Terrain|[from] ability: Psychic Surge|[of] p2a: Tapu Lele\n|\n|upkeep\n|turn|15\n|inactive|10RUB has 120 seconds left.\n|inactive|TeaBooker has 120 seconds left.\n|\n|t:|1700469303\n|move|p2a: Tapu Lele|Psychic|p1a: Porygon2\n|-damage|p1a: Porygon2|65\/100\n|move|p1a: Porygon2|Tri Attack|p2a: Tapu Lele\n|-damage|p2a: Tapu Lele|59\/100\n|\n|upkeep\n|turn|16\n|inactive|TeaBooker has 120 seconds left.\n|\n|t:|1700469312\n|move|p2a: Tapu Lele|Psychic|p1a: Porygon2\n|-damage|p1a: Porygon2|28\/100\n|move|p1a: Porygon2|Recover|p1a: Porygon2\n|-heal|p1a: Porygon2|78\/100\n|\n|upkeep\n|turn|17\n|\n|t:|1700469317\n|switch|p2a: Diancie|Diancie|100\/100\n|move|p1a: Porygon2|Tri Attack|p2a: Diancie\n|-resisted|p2a: Diancie\n|-damage|p2a: Diancie|88\/100\n|-enditem|p2a: Diancie|Eject Button\n|\n|t:|1700469325\n|switch|p2a: Ursaluna|Ursaluna, F|100\/100\n|\n|-status|p2a: Ursaluna|brn|[from] item: Flame Orb\n|upkeep\n|turn|18\n|\n|t:|1700469336\n|switch|p1a: Zapdos|Zapdos|100\/100\n|move|p2a: Ursaluna|Facade|p1a: Zapdos\n|-damage|p1a: Zapdos|3\/100\n|\n|-damage|p2a: Ursaluna|94\/100 brn|[from] brn\n|-fieldend|move: Psychic Terrain\n|upkeep\n|turn|19\n|\n|t:|1700469342\n|switch|p2a: Diancie|Diancie|88\/100\n|move|p1a: Zapdos|Hurricane|p2a: Diancie\n|-resisted|p2a: Diancie\n|-damage|p2a: Diancie|73\/100\n|\n|upkeep\n|turn|20\n|\n|t:|1700469350\n|move|p1a: Zapdos|Roost|p1a: Zapdos\n|-heal|p1a: Zapdos|53\/100\n|-singleturn|p1a: Zapdos|move: Roost\n|move|p2a: Diancie|Trick Room|p2a: Diancie\n|-fieldstart|move: Trick Room|[of] p2a: Diancie\n|\n|upkeep\n|turn|21\n|\n|t:|1700469356\n|move|p2a: Diancie|Stealth Rock|p1a: Zapdos\n|-sidestart|p1: 10RUB|move: Stealth Rock\n|move|p1a: Zapdos|Roost|p1a: Zapdos\n|-heal|p1a: Zapdos|100\/100\n|-singleturn|p1a: Zapdos|move: Roost\n|\n|upkeep\n|turn|22\n|\n|t:|1700469360\n|move|p2a: Diancie|Diamond Storm|p1a: Zapdos\n|-supereffective|p1a: Zapdos\n|-damage|p1a: Zapdos|52\/100\n|move|p1a: Zapdos|Defog|p2a: Diancie\n|-fail|p2a: Diancie|unboost|[from] ability: Clear Body|[of] p2a: Diancie\n|-sideend|p1: 10RUB|Stealth Rock|[from] move: Defog|[of] p1a: Zapdos\n|\n|upkeep\n|turn|23\n|\n|t:|1700469372\n|switch|p1a: Pyukumuku|Pyukumuku, M|82\/100\n|move|p2a: Diancie|Diamond Storm|p1a: Pyukumuku\n|-damage|p1a: Pyukumuku|59\/100\n|\n|-heal|p1a: Pyukumuku|65\/100|[from] item: Leftovers\n|upkeep\n|turn|24\n|\n|t:|1700469376\n|move|p1a: Pyukumuku|Recover|p1a: Pyukumuku\n|-heal|p1a: Pyukumuku|100\/100\n|move|p2a: Diancie|Stealth Rock|p1a: Pyukumuku\n|-sidestart|p1: 10RUB|move: Stealth Rock\n|\n|-fieldend|move: Trick Room\n|upkeep\n|turn|25\n|\n|t:|1700469387\n|move|p1a: Pyukumuku|Toxic|p2a: Diancie\n|-status|p2a: Diancie|tox\n|move|p2a: Diancie|Trick Room|p2a: Diancie\n|-fieldstart|move: Trick Room|[of] p2a: Diancie\n|\n|-damage|p2a: Diancie|67\/100 tox|[from] psn\n|upkeep\n|turn|26\n|\n|t:|1700469392\n|switch|p2a: Ursaluna|Ursaluna, F|94\/100 brn\n|move|p1a: Pyukumuku|Recover||[still]\n|-fail|p1a: Pyukumuku|heal\n|\n|-damage|p2a: Ursaluna|88\/100 brn|[from] brn\n|upkeep\n|turn|27\n|\n|t:|1700469398\n|move|p2a: Ursaluna|Headlong Rush|p1a: Pyukumuku\n|-damage|p1a: Pyukumuku|25\/100\n|-unboost|p2a: Ursaluna|def|1\n|-unboost|p2a: Ursaluna|spd|1\n|move|p1a: Pyukumuku|Counter|p2a: Ursaluna\n|-damage|p2a: Ursaluna|0 fnt\n|faint|p2a: Ursaluna\n|\n|-heal|p1a: Pyukumuku|31\/100|[from] item: Leftovers\n|upkeep\n|\n|t:|1700469416\n|switch|p2a: Lopunny|Lopunny-Mega, F, shiny|100\/100\n|turn|28\n|\n|t:|1700469422\n|move|p2a: Lopunny|Fake Out|p1a: Pyukumuku\n|-damage|p1a: Pyukumuku|16\/100\n|cant|p1a: Pyukumuku|flinch\n|\n|-heal|p1a: Pyukumuku|22\/100|[from] item: Leftovers\n|upkeep\n|turn|29\n|\n|t:|1700469438\n|move|p1a: Pyukumuku|Recover|p1a: Pyukumuku\n|-heal|p1a: Pyukumuku|72\/100\n|move|p2a: Lopunny|Return|p1a: Pyukumuku\n|-damage|p1a: Pyukumuku|38\/100\n|\n|-heal|p1a: Pyukumuku|44\/100|[from] item: Leftovers\n|-fieldend|move: Trick Room\n|upkeep\n|turn|30\n|\n|t:|1700469453\n|switch|p2a: Alomomola|Alomomola, F|49\/100 tox\n|move|p1a: Pyukumuku|Counter||[still]\n|-fail|p1a: Pyukumuku\n|\n|-heal|p1a: Pyukumuku|50\/100|[from] item: Leftovers\n|-damage|p2a: Alomomola|43\/100 tox|[from] psn\n|upkeep\n|turn|31\n|\n|t:|1700469459\n|switch|p1a: Kartana|Kartana|100\/100\n|-damage|p1a: Kartana|94\/100|[from] Stealth Rock\n|move|p2a: Alomomola|Toxic|p1a: Kartana\n|-immune|p1a: Kartana\n|\n|-damage|p2a: Alomomola|30\/100 tox|[from] psn\n|upkeep\n|turn|32\n|\n|t:|1700469476\n|move|p1a: Kartana|Psycho Cut|p2a: Alomomola\n|-damage|p2a: Alomomola|12\/100 tox\n|move|p2a: Alomomola|Scald|p1a: Kartana\n|-resisted|p1a: Kartana\n|-damage|p1a: Kartana|74\/100\n|-status|p1a: Kartana|brn\n|\n|-damage|p2a: Alomomola|0 fnt|[from] psn\n|faint|p2a: Alomomola\n|-damage|p1a: Kartana|68\/100 brn|[from] brn\n|upkeep\n|\n|t:|1700469492\n|switch|p2a: Arcanine|Arcanine, F|79\/100 par\n|-ability|p2a: Arcanine|Intimidate|boost\n|-unboost|p1a: Kartana|atk|1\n|turn|33\n|\n|t:|1700469503\n|switch|p1a: Pyukumuku|Pyukumuku, M|50\/100\n|-damage|p1a: Pyukumuku|38\/100|[from] Stealth Rock\n|cant|p2a: Arcanine|par\n|\n|-heal|p1a: Pyukumuku|44\/100|[from] item: Leftovers\n|upkeep\n|turn|34\n|\n|t:|1700469513\n|move|p2a: Arcanine|Flare Blitz|p1a: Pyukumuku\n|-resisted|p1a: Pyukumuku\n|-crit|p1a: Pyukumuku\n|-damage|p1a: Pyukumuku|16\/100\n|-damage|p2a: Arcanine|72\/100 par|[from] Recoil\n|move|p1a: Pyukumuku|Recover|p1a: Pyukumuku\n|-heal|p1a: Pyukumuku|66\/100\n|\n|-heal|p1a: Pyukumuku|72\/100|[from] item: Leftovers\n|upkeep\n|turn|35\n|\n|t:|1700469517\n|move|p2a: Arcanine|Will-O-Wisp|p1a: Pyukumuku\n|-status|p1a: Pyukumuku|brn\n|move|p1a: Pyukumuku|Recover|p1a: Pyukumuku\n|-heal|p1a: Pyukumuku|100\/100 brn\n|\n|-damage|p1a: Pyukumuku|94\/100 brn|[from] brn\n|upkeep\n|turn|36\n|\n|t:|1700469526\n|move|p2a: Arcanine|Morning Sun|p2a: Arcanine\n|-heal|p2a: Arcanine|100\/100 par\n|move|p1a: Pyukumuku|Counter||[still]\n|-fail|p1a: Pyukumuku\n|\n|-heal|p1a: Pyukumuku|100\/100 brn|[from] item: Leftovers\n|-damage|p1a: Pyukumuku|94\/100 brn|[from] brn\n|upkeep\n|turn|37\n|\n|t:|1700469547\n|switch|p2a: Tapu Lele|Tapu Lele|59\/100\n|-fieldstart|move: Psychic Terrain|[from] ability: Psychic Surge|[of] p2a: Tapu Lele\n|move|p1a: Pyukumuku|Toxic|p2a: Tapu Lele\n|-status|p2a: Tapu Lele|tox\n|\n|-heal|p1a: Pyukumuku|100\/100 brn|[from] item: Leftovers\n|-damage|p2a: Tapu Lele|52\/100 tox|[from] psn\n|-damage|p1a: Pyukumuku|94\/100 brn|[from] brn\n|upkeep\n|turn|38\n|\n|t:|1700469567\n|switch|p1a: Porygon2|Porygon2|78\/100\n|-damage|p1a: Porygon2|66\/100|[from] Stealth Rock\n|-ability|p1a: Porygon2|Download|boost\n|-boost|p1a: Porygon2|atk|1\n|-terastallize|p2a: Tapu Lele|Psychic\n|move|p2a: Tapu Lele|Psychic|p1a: Porygon2\n|-damage|p1a: Porygon2|16\/100\n|\n|-damage|p2a: Tapu Lele|40\/100 tox|[from] psn\n|upkeep\n|turn|39\n|\n|t:|1700469577\n|move|p2a: Tapu Lele|Psychic|p1a: Porygon2\n|-damage|p1a: Porygon2|0 fnt\n|faint|p1a: Porygon2\n|\n|-damage|p2a: Tapu Lele|22\/100 tox|[from] psn\n|upkeep\n|\n|t:|1700469588\n|switch|p1a: Kartana|Kartana|68\/100 brn\n|-damage|p1a: Kartana|62\/100 brn|[from] Stealth Rock\n|turn|40\n|\n|t:|1700469591\n|move|p1a: Kartana|Smart Strike|p2a: Tapu Lele\n|-damage|p2a: Tapu Lele|0 fnt\n|faint|p2a: Tapu Lele\n|-ability|p1a: Kartana|Beast Boost|boost\n|-boost|p1a: Kartana|atk|1\n|\n|-damage|p1a: Kartana|56\/100 brn|[from] brn\n|upkeep\n|\n|t:|1700469600\n|switch|p2a: Arcanine|Arcanine, F|100\/100 par\n|-ability|p2a: Arcanine|Intimidate|boost\n|-unboost|p1a: Kartana|atk|1\n|turn|41\n|\n|t:|1700469608\n|switch|p1a: Zapdos|Zapdos|52\/100\n|switch|p2a: Lopunny|Lopunny-Mega, F, shiny|100\/100\n|\n|-fieldend|move: Psychic Terrain\n|upkeep\n|turn|42\n|\n|t:|1700469617\n|move|p2a: Lopunny|Fake Out|p1a: Zapdos\n|-damage|p1a: Zapdos|37\/100\n|cant|p1a: Zapdos|flinch\n|\n|upkeep\n|turn|43\n|\n|t:|1700469622\n|move|p2a: Lopunny|Return|p1a: Zapdos\n|-damage|p1a: Zapdos|0 fnt\n|faint|p1a: Zapdos\n|\n|upkeep\n|\n|t:|1700469626\n|switch|p1a: Pyukumuku|Pyukumuku, M|94\/100 brn\n|-damage|p1a: Pyukumuku|82\/100 brn|[from] Stealth Rock\n|turn|44\n|\n|t:|1700469635\n|switch|p2a: Arcanine|Arcanine, F|100\/100 par\n|-ability|p2a: Arcanine|Intimidate|boost\n|-unboost|p1a: Pyukumuku|atk|1\n|move|p1a: Pyukumuku|Toxic|p2a: Arcanine|[miss]\n|-miss|p1a: Pyukumuku|p2a: Arcanine\n|\n|-heal|p1a: Pyukumuku|88\/100 brn|[from] item: Leftovers\n|-damage|p1a: Pyukumuku|82\/100 brn|[from] brn\n|upkeep\n|turn|45\n|\n|t:|1700469654\n|move|p2a: Arcanine|Flare Blitz|p1a: Pyukumuku\n|-resisted|p1a: Pyukumuku\n|-damage|p1a: Pyukumuku|64\/100 brn\n|-damage|p2a: Arcanine|96\/100 par|[from] Recoil\n|move|p1a: Pyukumuku|Counter|p2a: Arcanine\n|-damage|p2a: Arcanine|65\/100 par\n|\n|-heal|p1a: Pyukumuku|70\/100 brn|[from] item: Leftovers\n|-damage|p1a: Pyukumuku|64\/100 brn|[from] brn\n|upkeep\n|turn|46\n|\n|t:|1700469669\n|move|p2a: Arcanine|Morning Sun|p2a: Arcanine\n|-heal|p2a: Arcanine|100\/100 par\n|move|p1a: Pyukumuku|Counter||[still]\n|-fail|p1a: Pyukumuku\n|\n|-heal|p1a: Pyukumuku|70\/100 brn|[from] item: Leftovers\n|-damage|p1a: Pyukumuku|64\/100 brn|[from] brn\n|upkeep\n|turn|47\n|\n|t:|1700469682\n|cant|p2a: Arcanine|par\n|move|p1a: Pyukumuku|Counter||[still]\n|-fail|p1a: Pyukumuku\n|\n|-heal|p1a: Pyukumuku|70\/100 brn|[from] item: Leftovers\n|-damage|p1a: Pyukumuku|64\/100 brn|[from] brn\n|upkeep\n|turn|48\n|\n|t:|1700469689\n|switch|p1a: Kartana|Kartana|56\/100 brn\n|-damage|p1a: Kartana|50\/100 brn|[from] Stealth Rock\n|move|p2a: Arcanine|Flare Blitz|p1a: Kartana\n|-supereffective|p1a: Kartana\n|-damage|p1a: Kartana|0 fnt\n|faint|p1a: Kartana\n|-damage|p2a: Arcanine|90\/100 par|[from] Recoil\n|\n|upkeep\n|\n|t:|1700469691\n|switch|p1a: Pyukumuku|Pyukumuku, M|100\/100\n|-damage|p1a: Pyukumuku|88\/100|[from] Stealth Rock\n|turn|49\n|\n|t:|1700469710\n|replace|p1a: Zoroark|Zoroark-Hisui, M\n|-end|p1a: Zoroark|Illusion\n|-zpower|p1a: Zoroark\n|move|p1a: Zoroark|Never-Ending Nightmare|p2a: Arcanine|[zeffect]\n|-damage|p2a: Arcanine|1\/100 par\n|move|p2a: Arcanine|Flare Blitz|p1a: Zoroark\n|-damage|p1a: Zoroark|0 fnt\n|faint|p1a: Zoroark\n|-damage|p2a: Arcanine|0 fnt|[from] Recoil\n|faint|p2a: Arcanine\n|\n|upkeep\n|\n|t:|1700469728\n|switch|p1a: Pyukumuku|Pyukumuku, M|64\/100 brn\n|switch|p2a: Diancie|Diancie|67\/100 tox\n|-damage|p1a: Pyukumuku|51\/100 brn|[from] Stealth Rock\n|turn|50\n|\n|t:|1700469745\n|move|p2a: Diancie|Moonblast|p1a: Pyukumuku\n|-damage|p1a: Pyukumuku|22\/100 brn\n|move|p1a: Pyukumuku|Recover|p1a: Pyukumuku\n|-heal|p1a: Pyukumuku|72\/100 brn\n|\n|-heal|p1a: Pyukumuku|79\/100 brn|[from] item: Leftovers\n|-damage|p2a: Diancie|62\/100 tox|[from] psn\n|-damage|p1a: Pyukumuku|72\/100 brn|[from] brn\n|upkeep\n|turn|51\n|\n|t:|1700469753\n|move|p2a: Diancie|Moonblast|p1a: Pyukumuku\n|-damage|p1a: Pyukumuku|44\/100 brn\n|move|p1a: Pyukumuku|Recover|p1a: Pyukumuku\n|-heal|p1a: Pyukumuku|94\/100 brn\n|\n|-heal|p1a: Pyukumuku|100\/100 brn|[from] item: Leftovers\n|-damage|p2a: Diancie|50\/100 tox|[from] psn\n|-damage|p1a: Pyukumuku|94\/100 brn|[from] brn\n|upkeep\n|turn|52\n|\n|t:|1700469764\n|switch|p2a: Lopunny|Lopunny-Mega, F, shiny|100\/100\n|move|p1a: Pyukumuku|Soak|p2a: Lopunny\n|-start|p2a: Lopunny|typechange|Water\n|\n|-heal|p1a: Pyukumuku|100\/100 brn|[from] item: Leftovers\n|-damage|p1a: Pyukumuku|94\/100 brn|[from] brn\n|upkeep\n|turn|53\n|\n|t:|1700469773\n|switch|p2a: Diancie|Diancie|50\/100 tox\n|move|p1a: Pyukumuku|Counter||[still]\n|-fail|p1a: Pyukumuku\n|\n|-heal|p1a: Pyukumuku|100\/100 brn|[from] item: Leftovers\n|-damage|p2a: Diancie|44\/100 tox|[from] psn\n|-damage|p1a: Pyukumuku|94\/100 brn|[from] brn\n|upkeep\n|turn|54\n|\n|t:|1700469780\n|move|p2a: Diancie|Moonblast|p1a: Pyukumuku\n|-damage|p1a: Pyukumuku|65\/100 brn\n|move|p1a: Pyukumuku|Soak|p2a: Diancie\n|-start|p2a: Diancie|typechange|Water\n|\n|-heal|p1a: Pyukumuku|71\/100 brn|[from] item: Leftovers\n|-damage|p2a: Diancie|32\/100 tox|[from] psn\n|-damage|p1a: Pyukumuku|65\/100 brn|[from] brn\n|upkeep\n|turn|55\n|\n|t:|1700469790\n|move|p2a: Diancie|Moonblast|p1a: Pyukumuku\n|-damage|p1a: Pyukumuku|46\/100 brn\n|-unboost|p1a: Pyukumuku|spa|1\n|move|p1a: Pyukumuku|Counter||[still]\n|-fail|p1a: Pyukumuku\n|\n|-heal|p1a: Pyukumuku|52\/100 brn|[from] item: Leftovers\n|-damage|p2a: Diancie|14\/100 tox|[from] psn\n|-damage|p1a: Pyukumuku|46\/100 brn|[from] brn\n|upkeep\n|turn|56\n|\n|t:|1700469807\n|move|p2a: Diancie|Diamond Storm|p1a: Pyukumuku\n|-damage|p1a: Pyukumuku|31\/100 brn\n|-boost|p2a: Diancie|def|2\n|move|p1a: Pyukumuku|Recover|p1a: Pyukumuku\n|-heal|p1a: Pyukumuku|81\/100 brn\n|\n|-heal|p1a: Pyukumuku|87\/100 brn|[from] item: Leftovers\n|-damage|p2a: Diancie|0 fnt|[from] psn\n|faint|p2a: Diancie\n|-damage|p1a: Pyukumuku|81\/100 brn|[from] brn\n|upkeep\n|\n|t:|1700469814\n|switch|p2a: Lopunny|Lopunny-Mega, F, shiny|100\/100\n|turn|57\n|\n|t:|1700469818\n|move|p2a: Lopunny|Fake Out|p1a: Pyukumuku\n|-damage|p1a: Pyukumuku|68\/100 brn\n|cant|p1a: Pyukumuku|flinch\n|\n|-heal|p1a: Pyukumuku|74\/100 brn|[from] item: Leftovers\n|-damage|p1a: Pyukumuku|68\/100 brn|[from] brn\n|upkeep\n|turn|58\n|\n|t:|1700469824\n|move|p2a: Lopunny|Return|p1a: Pyukumuku\n|-damage|p1a: Pyukumuku|30\/100 brn\n|move|p1a: Pyukumuku|Counter|p2a: Lopunny\n|-damage|p2a: Lopunny|13\/100\n|\n|-heal|p1a: Pyukumuku|36\/100 brn|[from] item: Leftovers\n|-damage|p1a: Pyukumuku|30\/100 brn|[from] brn\n|upkeep\n|turn|59\n|\n|t:|1700469830\n|move|p2a: Lopunny|Return|p1a: Pyukumuku\n|-damage|p1a: Pyukumuku|0 fnt\n|faint|p1a: Pyukumuku\n|\n|win|TeaBooker\n|raw|10RUB's rating: 1388 &rarr; <strong>1363<\/strong><br \/>(-25 for losing)\n|raw|TeaBooker's rating: 1299 &rarr; <strong>1330<\/strong><br \/>(+31 for winning)\n|l|\u260610RUB\n","uploadtime":1700469844,"views":7,"p1id":"10rub","p2id":"teabooker","formatid":"gen9nationaldex","rating":1330,"private":0,"password":""}