{"id":"gen9nationaldex-1987096374","p1":"PokeFed08","p2":"DayBlood","format":"[Gen 9] National Dex","log":"|j|\u2606PokeFed08\n|j|\u2606DayBlood\n|t:|1699555738\n|gametype|singles\n|player|p1|PokeFed08|169|1115\n|player|p2|DayBlood|ethan|1135\n|teamsize|p1|6\n|teamsize|p2|6\n|gen|9\n|tier|[Gen 9] National Dex\n|rated|\n|rule|HP Percentage Mod: HP is shown in percentages\n|rule|Endless Battle Clause: Forcing endless battles is banned\n|rule|OHKO Clause: OHKO moves are banned\n|rule|Evasion Clause: Evasion abilities, items, and moves are banned\n|rule|Evasion Abilities Clause: Evasion abilities are banned\n|rule|Evasion Items Clause: Evasion items are banned\n|rule|Evasion Moves Clause: Evasion moves are banned\n|rule|Species Clause: Limit one of each Pok\u00e9mon\n|rule|Sleep Clause Mod: Limit one foe put to sleep\n|clearpoke\n|poke|p1|Haxorus, F|\n|poke|p1|Lycanroc-Dusk, M|\n|poke|p1|Snorlax, F|\n|poke|p1|Swampert, M|\n|poke|p1|Sableye, F|\n|poke|p1|Typhlosion, F|\n|poke|p2|Typhlosion, M|\n|poke|p2|Meowscarada, M|\n|poke|p2|Togekiss, M|\n|poke|p2|Gyarados, M|\n|poke|p2|Lucario, M|\n|poke|p2|Marowak-Alola, M|\n|teampreview\n|\n|t:|1699555748\n|start\n|switch|p1a: Swampert|Swampert, M|100\/100\n|switch|p2a: Red Sea|Gyarados, M, shiny|100\/100\n|-ability|p2a: Red Sea|Intimidate|boost\n|-unboost|p1a: Swampert|atk|1\n|turn|1\n|\n|t:|1699555763\n|move|p2a: Red Sea|Dragon Dance|p2a: Red Sea\n|-boost|p2a: Red Sea|atk|1\n|-boost|p2a: Red Sea|spe|1\n|move|p1a: Swampert|Stealth Rock|p2a: Red Sea\n|-sidestart|p2: DayBlood|move: Stealth Rock\n|\n|upkeep\n|turn|2\n|\n|t:|1699555773\n|switch|p1a: Sableye|Sableye, F|100\/100\n|detailschange|p2a: Red Sea|Gyarados-Mega, M, shiny\n|-mega|p2a: Red Sea|Gyarados|Gyaradosite\n|-ability|p2a: Red Sea|Mold Breaker\n|move|p2a: Red Sea|Crunch|p1a: Sableye\n|-damage|p1a: Sableye|30\/100\n|\n|-heal|p1a: Sableye|36\/100|[from] item: Leftovers\n|upkeep\n|turn|3\n|\n|t:|1699555785\n|move|p1a: Sableye|Thunder Wave|p2a: Red Sea\n|-hint|Since gen 7, Dark is immune to Prankster moves.\n|-immune|p2a: Red Sea\n|move|p2a: Red Sea|Crunch|p1a: Sableye\n|-damage|p1a: Sableye|0 fnt\n|faint|p1a: Sableye\n|\n|upkeep\n|\n|t:|1699555795\n|switch|p1a: Haxorus|Haxorus, F|100\/100\n|-ability|p1a: Haxorus|Mold Breaker\n|turn|4\n|\n|t:|1699555807\n|-terastallize|p1a: Haxorus|Fairy\n|move|p2a: Red Sea|Outrage|p1a: Haxorus\n|-immune|p1a: Haxorus\n|move|p1a: Haxorus|Dragon Dance|p1a: Haxorus\n|-boost|p1a: Haxorus|atk|1\n|-boost|p1a: Haxorus|spe|1\n|\n|upkeep\n|turn|5\n|\n|t:|1699555822\n|switch|p2a: EggShell|Togekiss, M|100\/100\n|-damage|p2a: EggShell|75\/100|[from] Stealth Rock\n|move|p1a: Haxorus|Dragon Claw|p2a: EggShell\n|-immune|p2a: EggShell\n|\n|upkeep\n|turn|6\n|\n|t:|1699555834\n|move|p1a: Haxorus|Iron Head|p2a: EggShell\n|-supereffective|p2a: EggShell\n|-damage|p2a: EggShell|0 fnt\n|faint|p2a: EggShell\n|\n|upkeep\n|\n|t:|1699555847\n|switch|p2a: Goku|Lucario, M|100\/100\n|-damage|p2a: Goku|98\/100|[from] Stealth Rock\n|turn|7\n|\n|t:|1699555852\n|move|p1a: Haxorus|Earthquake|p2a: Goku\n|-supereffective|p2a: Goku\n|-damage|p2a: Goku|0 fnt\n|faint|p2a: Goku\n|\n|upkeep\n|\n|t:|1699555870\n|switch|p2a: Tux|Meowscarada, M|100\/100\n|-damage|p2a: Tux|88\/100|[from] Stealth Rock\n|turn|8\n|\n|t:|1699555885\n|move|p2a: Tux|Flower Trick|p1a: Haxorus\n|-start|p2a: Tux|typechange|Grass|[from] ability: Protean\n|-crit|p1a: Haxorus\n|-damage|p1a: Haxorus|34\/100\n|move|p1a: Haxorus|Dragon Claw|p2a: Tux\n|-damage|p2a: Tux|0 fnt\n|faint|p2a: Tux\n|\n|upkeep\n|\n|t:|1699555898\n|switch|p2a: Red Sea|Gyarados-Mega, M, shiny|100\/100\n|-damage|p2a: Red Sea|88\/100|[from] Stealth Rock\n|-ability|p2a: Red Sea|Mold Breaker\n|turn|9\n|\n|t:|1699555906\n|move|p1a: Haxorus|Dragon Claw|p2a: Red Sea\n|-damage|p2a: Red Sea|7\/100\n|move|p2a: Red Sea|Aqua Tail|p1a: Haxorus|[miss]\n|-miss|p2a: Red Sea|p1a: Haxorus\n|\n|upkeep\n|turn|10\n|inactive|Battle timer is ON: inactive players will automatically lose when time's up. (requested by DayBlood)\n|c|\u2606PokeFed08|You should\u2019ve gave him waterfall\n|\n|t:|1699555933\n|move|p1a: Haxorus|Dragon Claw|p2a: Red Sea\n|-crit|p2a: Red Sea\n|-damage|p2a: Red Sea|0 fnt\n|faint|p2a: Red Sea\n|\n|upkeep\n|c|\u2606DayBlood|Doesn't hit hard enough\n|\n|t:|1699555944\n|switch|p2a: Taylon|Typhlosion, M|100\/100\n|-damage|p2a: Taylon|76\/100|[from] Stealth Rock\n|turn|11\n|\n|t:|1699555954\n|move|p1a: Haxorus|Earthquake|p2a: Taylon\n|-supereffective|p2a: Taylon\n|-damage|p2a: Taylon|0 fnt\n|faint|p2a: Taylon\n|\n|upkeep\n|\n|t:|1699555958\n|switch|p2a: Mavrin|Marowak-Alola, M|100\/100\n|-damage|p2a: Mavrin|76\/100|[from] Stealth Rock\n|turn|12\n|c|\u2606PokeFed08|True\n|\n|t:|1699555968\n|move|p1a: Haxorus|Earthquake|p2a: Mavrin\n|-supereffective|p2a: Mavrin\n|-damage|p2a: Mavrin|0 fnt\n|faint|p2a: Mavrin\n|\n|win|PokeFed08\n|raw|PokeFed08's rating: 1115 &rarr; <strong>1141<\/strong><br \/>(+26 for winning)\n|raw|DayBlood's rating: 1135 &rarr; <strong>1109<\/strong><br \/>(-26 for losing)\n|c|\u2606PokeFed08|GG\n|c|\u2606DayBlood|gg\n|l|\u2606DayBlood\n","uploadtime":1699555981,"views":23,"p1id":"pokefed08","p2id":"dayblood","formatid":"gen9nationaldex","rating":1109,"private":0,"password":""}