{"id":"gen9nationaldex-1998840812","p1":"cyan maple","p2":"umm... hedgehog?","format":"[Gen 9] National Dex","log":"|html|<div class=\"broadcast-blue\"><strong>[Gen 9] National Dex is currently suspecting Sneasler! For information on how to participate check out the <a href=\"https:\/\/www.smogon.com\/forums\/threads\/sv-national-dex-suspect-8-just-dance.3731534\/\">suspect thread<\/a>.<\/strong><\/div>\n|j|\u2606cyan maple\n|j|\u2606umm... hedgehog?\n|t:|1701001321\n|gametype|singles\n|player|p1|cyan maple|n-masters|1624\n|player|p2|umm... hedgehog?|ghetsis|1583\n|teamsize|p1|6\n|teamsize|p2|6\n|gen|9\n|tier|[Gen 9] National Dex\n|rated|\n|rule|HP Percentage Mod: HP is shown in percentages\n|rule|Endless Battle Clause: Forcing endless battles is banned\n|rule|OHKO Clause: OHKO moves are banned\n|rule|Evasion Clause: Evasion abilities, items, and moves are banned\n|rule|Evasion Abilities Clause: Evasion abilities are banned\n|rule|Evasion Items Clause: Evasion items are banned\n|rule|Evasion Moves Clause: Evasion moves are banned\n|rule|Species Clause: Limit one of each Pok\u00e9mon\n|rule|Sleep Clause Mod: Limit one foe put to sleep\n|clearpoke\n|poke|p1|Rillaboom, M|\n|poke|p1|Charizard, M|\n|poke|p1|Greninja-*, M|\n|poke|p1|Volcanion|\n|poke|p1|Zapdos|\n|poke|p1|Garchomp, M|\n|poke|p2|Medicham, M|\n|poke|p2|Weavile, F|\n|poke|p2|Sinistcha|\n|poke|p2|Alomomola, M|\n|poke|p2|Corviknight, M|\n|poke|p2|Garganacl, F|\n|teampreview\n|inactive|Battle timer is ON: inactive players will automatically lose when time's up. (requested by cyan maple)\n|\n|t:|1701001338\n|start\n|switch|p1a: Garchomp|Garchomp, M, shiny|100\/100\n|switch|p2a: Weavile|Weavile, F|100\/100\n|-ability|p2a: Weavile|Pressure\n|turn|1\n|\n|t:|1701001347\n|switch|p1a: Volcanion|Volcanion|100\/100\n|move|p2a: Weavile|Triple Axel|p1a: Volcanion\n|-resisted|p1a: Volcanion\n|-damage|p1a: Volcanion|98\/100\n|-resisted|p1a: Volcanion\n|-damage|p1a: Volcanion|94\/100\n|-resisted|p1a: Volcanion\n|-damage|p1a: Volcanion|87\/100\n|-hitcount|p1a: Volcanion|3\n|\n|upkeep\n|turn|2\n|\n|t:|1701001367\n|switch|p2a: Alomomola|Alomomola, M|100\/100\n|move|p1a: Volcanion|Steam Eruption|p2a: Alomomola\n|-resisted|p2a: Alomomola\n|-damage|p2a: Alomomola|71\/100\n|\n|upkeep\n|turn|3\n|\n|t:|1701001374\n|move|p1a: Volcanion|Toxic|p2a: Alomomola\n|-status|p2a: Alomomola|tox\n|move|p2a: Alomomola|Toxic|p1a: Volcanion\n|-status|p1a: Volcanion|tox\n|\n|-damage|p1a: Volcanion|81\/100 tox|[from] psn\n|-damage|p2a: Alomomola|65\/100 tox|[from] psn\n|upkeep\n|turn|4\n|\n|t:|1701001382\n|move|p1a: Volcanion|Body Press|p2a: Alomomola\n|-damage|p2a: Alomomola|48\/100 tox\n|move|p2a: Alomomola|Wish|p2a: Alomomola\n|\n|-damage|p1a: Volcanion|69\/100 tox|[from] psn\n|-damage|p2a: Alomomola|36\/100 tox|[from] psn\n|upkeep\n|turn|5\n|\n|t:|1701001390\n|switch|p1a: My hammer|Rillaboom, M|100\/100\n|-fieldstart|move: Grassy Terrain|[from] ability: Grassy Surge|[of] p1a: My hammer\n|move|p2a: Alomomola|Protect||[still]\n|-fail|p2a: Alomomola\n|\n|-heal|p2a: Alomomola|86\/100 tox|[from] move: Wish|[wisher] Alomomola\n|-heal|p2a: Alomomola|92\/100 tox|[from] Grassy Terrain\n|-damage|p2a: Alomomola|74\/100 tox|[from] psn\n|upkeep\n|turn|6\n|\n|t:|1701001403\n|switch|p2a: Sinistcha|Sinistcha|100\/100\n|move|p1a: My hammer|U-turn|p2a: Sinistcha\n|-damage|p2a: Sinistcha|72\/100\n|inactive|cyan maple has 120 seconds left.\n|\n|t:|1701001439\n|switch|p1a: cyan|Charizard, M|100\/100|[from] U-turn\n|\n|-heal|p2a: Sinistcha|78\/100|[from] Grassy Terrain\n|-heal|p2a: Sinistcha|84\/100|[from] item: Leftovers\n|upkeep\n|turn|7\n|\n|t:|1701001454\n|switch|p2a: Garganacl|Garganacl, F|100\/100\n|detailschange|p1a: cyan|Charizard-Mega-X, M\n|-mega|p1a: cyan|Charizard|Charizardite X\n|move|p1a: cyan|Flare Blitz|p2a: Garganacl\n|-resisted|p2a: Garganacl\n|-damage|p2a: Garganacl|71\/100\n|-damage|p1a: cyan|87\/100|[from] Recoil\n|\n|-heal|p1a: cyan|93\/100|[from] Grassy Terrain\n|-heal|p2a: Garganacl|77\/100|[from] Grassy Terrain\n|-heal|p2a: Garganacl|84\/100|[from] item: Leftovers\n|upkeep\n|turn|8\n|j| Fhow\u2740\n|inactive|cyan maple has 120 seconds left.\n|\n|t:|1701001469\n|switch|p1a: Volcanion|Volcanion|69\/100 tox\n|move|p2a: Garganacl|Salt Cure|p1a: Volcanion\n|-supereffective|p1a: Volcanion\n|-damage|p1a: Volcanion|51\/100 tox\n|-start|p1a: Volcanion|Salt Cure\n|\n|-heal|p1a: Volcanion|57\/100 tox|[from] Grassy Terrain\n|-heal|p2a: Garganacl|90\/100|[from] Grassy Terrain\n|-heal|p2a: Garganacl|96\/100|[from] item: Leftovers\n|-damage|p1a: Volcanion|51\/100 tox|[from] psn\n|-damage|p1a: Volcanion|26\/100 tox|[from] Salt Cure\n|upkeep\n|turn|9\n|\n|t:|1701001483\n|switch|p1a: Garchomp|Garchomp, M, shiny|100\/100\n|switch|p2a: Alomomola|Alomomola, M|100\/100 tox\n|\n|-damage|p2a: Alomomola|94\/100 tox|[from] psn\n|-fieldend|move: Grassy Terrain\n|upkeep\n|turn|10\n|inactive|cyan maple has 120 seconds left.\n|\n|t:|1701001526\n|move|p1a: Garchomp|Stealth Rock|p2a: Alomomola\n|-sidestart|p2: umm... hedgehog?|move: Stealth Rock\n|move|p2a: Alomomola|Toxic|p1a: Garchomp\n|-status|p1a: Garchomp|tox\n|\n|-damage|p1a: Garchomp|94\/100 tox|[from] psn\n|-damage|p2a: Alomomola|82\/100 tox|[from] psn\n|upkeep\n|turn|11\n|\n|t:|1701001534\n|move|p1a: Garchomp|Earthquake|p2a: Alomomola\n|-damage|p2a: Alomomola|58\/100 tox\n|move|p2a: Alomomola|Wish|p2a: Alomomola\n|\n|-heal|p1a: Garchomp|100\/100 tox|[from] item: Leftovers\n|-damage|p1a: Garchomp|88\/100 tox|[from] psn\n|-damage|p2a: Alomomola|40\/100 tox|[from] psn\n|upkeep\n|turn|12\n|\n|t:|1701001543\n|switch|p1a: My hammer|Rillaboom, M|100\/100\n|-fieldstart|move: Grassy Terrain|[from] ability: Grassy Surge|[of] p1a: My hammer\n|move|p2a: Alomomola|Protect||[still]\n|-fail|p2a: Alomomola\n|\n|-heal|p2a: Alomomola|90\/100 tox|[from] move: Wish|[wisher] Alomomola\n|-heal|p2a: Alomomola|96\/100 tox|[from] Grassy Terrain\n|-damage|p2a: Alomomola|71\/100 tox|[from] psn\n|upkeep\n|turn|13\n|\n|t:|1701001554\n|switch|p2a: Corviknight|Corviknight, M|100\/100\n|-damage|p2a: Corviknight|88\/100|[from] Stealth Rock\n|-ability|p2a: Corviknight|Pressure\n|move|p1a: My hammer|U-turn|p2a: Corviknight\n|-resisted|p2a: Corviknight\n|-damage|p2a: Corviknight|82\/100\n|\n|t:|1701001558\n|switch|p1a: Greninja|Greninja, M|100\/100|[from] U-turn\n|\n|-heal|p2a: Corviknight|88\/100|[from] item: Leftovers\n|upkeep\n|turn|14\n|\n|t:|1701001568\n|-terastallize|p1a: Greninja|Water\n|move|p1a: Greninja|Surf|p2a: Corviknight\n|-damage|p2a: Corviknight|26\/100\n|move|p2a: Corviknight|U-turn|p1a: Greninja\n|-damage|p1a: Greninja|75\/100\n|\n|t:|1701001585\n|switch|p2a: Sinistcha|Sinistcha|84\/100|[from] U-turn\n|-damage|p2a: Sinistcha|72\/100|[from] Stealth Rock\n|\n|-heal|p1a: Greninja|80\/100|[from] Grassy Terrain\n|-heal|p2a: Sinistcha|78\/100|[from] Grassy Terrain\n|-heal|p2a: Sinistcha|84\/100|[from] item: Leftovers\n|upkeep\n|turn|15\n|inactive|cyan maple has 120 seconds left.\n|\n|t:|1701001633\n|move|p1a: Greninja|Surf|p2a: Sinistcha\n|-resisted|p2a: Sinistcha\n|-damage|p2a: Sinistcha|38\/100\n|move|p2a: Sinistcha|Matcha Gotcha|p1a: Greninja\n|-supereffective|p1a: Greninja\n|-damage|p1a: Greninja|0 fnt\n|-heal|p2a: Sinistcha|71\/100|[from] drain|[of] p1a: Greninja\n|faint|p1a: Greninja\n|\n|-heal|p2a: Sinistcha|77\/100|[from] Grassy Terrain\n|-heal|p2a: Sinistcha|83\/100|[from] item: Leftovers\n|upkeep\n|\n|t:|1701001638\n|switch|p1a: cyan|Charizard-Mega-X, M|93\/100\n|turn|16\n|\n|t:|1701001650\n|switch|p2a: Alomomola|Alomomola, M|100\/100 tox\n|move|p1a: cyan|Dragon Dance|p1a: cyan\n|-boost|p1a: cyan|atk|1\n|-boost|p1a: cyan|spe|1\n|\n|-heal|p1a: cyan|99\/100|[from] Grassy Terrain\n|-damage|p2a: Alomomola|94\/100 tox|[from] psn\n|-fieldend|move: Grassy Terrain\n|upkeep\n|turn|17\n|\n|t:|1701001661\n|move|p1a: cyan|Dragon Claw|p2a: Alomomola\n|-damage|p2a: Alomomola|52\/100 tox\n|move|p2a: Alomomola|Toxic|p1a: cyan\n|-status|p1a: cyan|tox\n|\n|-damage|p1a: cyan|93\/100 tox|[from] psn\n|-damage|p2a: Alomomola|40\/100 tox|[from] psn\n|upkeep\n|turn|18\n|\n|t:|1701001672\n|switch|p2a: Corviknight|Corviknight, M|26\/100\n|-damage|p2a: Corviknight|13\/100|[from] Stealth Rock\n|-ability|p2a: Corviknight|Pressure\n|move|p1a: cyan|Dragon Dance|p1a: cyan\n|-boost|p1a: cyan|atk|1\n|-boost|p1a: cyan|spe|1\n|\n|-heal|p2a: Corviknight|19\/100|[from] item: Leftovers\n|-damage|p1a: cyan|81\/100 tox|[from] psn\n|upkeep\n|turn|19\n|\n|t:|1701001685\n|move|p1a: cyan|Dragon Claw|p2a: Corviknight\n|-resisted|p2a: Corviknight\n|-crit|p2a: Corviknight\n|-damage|p2a: Corviknight|0 fnt\n|faint|p2a: Corviknight\n|\n|-damage|p1a: cyan|63\/100 tox|[from] psn\n|upkeep\n|\n|t:|1701001693\n|switch|p2a: Medicham|Medicham, M|100\/100\n|-damage|p2a: Medicham|94\/100|[from] Stealth Rock\n|turn|20\n|inactive|cyan maple has 120 seconds left.\n|\n|t:|1701001726\n|detailschange|p2a: Medicham|Medicham-Mega, M\n|-mega|p2a: Medicham|Medicham|Medichamite\n|move|p2a: Medicham|Fake Out|p1a: cyan\n|-damage|p1a: cyan|40\/100 tox\n|cant|p1a: cyan|flinch\n|\n|-damage|p1a: cyan|16\/100 tox|[from] psn\n|upkeep\n|turn|21\n|\n|t:|1701001737\n|switch|p2a: Alomomola|Alomomola, M|73\/100 tox\n|move|p1a: cyan|Dragon Claw|p2a: Alomomola\n|-damage|p2a: Alomomola|15\/100 tox\n|\n|-damage|p1a: cyan|0 fnt|[from] psn\n|faint|p1a: cyan\n|-damage|p2a: Alomomola|8\/100 tox|[from] psn\n|upkeep\n|inactive|cyan maple has 120 seconds left.\n|\n|t:|1701001753\n|switch|p1a: My hammer|Rillaboom, M|100\/100\n|-fieldstart|move: Grassy Terrain|[from] ability: Grassy Surge|[of] p1a: My hammer\n|turn|22\n|\n|t:|1701001759\n|switch|p2a: Sinistcha|Sinistcha|83\/100\n|-damage|p2a: Sinistcha|71\/100|[from] Stealth Rock\n|move|p1a: My hammer|Grassy Glide|p2a: Sinistcha\n|-resisted|p2a: Sinistcha\n|-damage|p2a: Sinistcha|49\/100\n|\n|-heal|p2a: Sinistcha|55\/100|[from] Grassy Terrain\n|-heal|p2a: Sinistcha|61\/100|[from] item: Leftovers\n|upkeep\n|turn|23\n|\n|t:|1701001770\n|switch|p1a: Zapdos|Zapdos|100\/100\n|move|p2a: Sinistcha|Strength Sap|p1a: Zapdos\n|-unboost|p1a: Zapdos|atk|1\n|-heal|p2a: Sinistcha|100\/100\n|\n|upkeep\n|turn|24\n|\n|t:|1701001784\n|switch|p2a: Garganacl|Garganacl, F|96\/100\n|-damage|p2a: Garganacl|84\/100|[from] Stealth Rock\n|move|p1a: Zapdos|Hurricane|p2a: Garganacl\n|-resisted|p2a: Garganacl\n|-damage|p2a: Garganacl|69\/100\n|\n|-heal|p2a: Garganacl|75\/100|[from] Grassy Terrain\n|-heal|p2a: Garganacl|82\/100|[from] item: Leftovers\n|upkeep\n|turn|25\n|\n|t:|1701001796\n|move|p1a: Zapdos|Volt Switch|p2a: Garganacl\n|-damage|p2a: Garganacl|63\/100\n|\n|t:|1701001800\n|switch|p1a: My hammer|Rillaboom, M|100\/100|[from] Volt Switch\n|move|p2a: Garganacl|Salt Cure|p1a: My hammer\n|-damage|p1a: My hammer|88\/100\n|-start|p1a: My hammer|Salt Cure\n|\n|-heal|p1a: My hammer|94\/100|[from] Grassy Terrain\n|-heal|p2a: Garganacl|69\/100|[from] Grassy Terrain\n|-heal|p2a: Garganacl|75\/100|[from] item: Leftovers\n|-damage|p1a: My hammer|81\/100|[from] Salt Cure\n|upkeep\n|turn|26\n|\n|t:|1701001813\n|switch|p1a: Volcanion|Volcanion|26\/100 tox\n|move|p2a: Garganacl|Protect||[still]\n|-fail|p2a: Garganacl\n|\n|-heal|p1a: Volcanion|32\/100 tox|[from] Grassy Terrain\n|-heal|p2a: Garganacl|82\/100|[from] Grassy Terrain\n|-heal|p2a: Garganacl|88\/100|[from] item: Leftovers\n|-damage|p1a: Volcanion|26\/100 tox|[from] psn\n|-fieldend|move: Grassy Terrain\n|upkeep\n|turn|27\n|\n|t:|1701001827\n|switch|p2a: Alomomola|Alomomola, M|42\/100 tox\n|move|p1a: Volcanion|Steam Eruption|p2a: Alomomola\n|-resisted|p2a: Alomomola\n|-damage|p2a: Alomomola|11\/100 tox\n|\n|-damage|p1a: Volcanion|14\/100 tox|[from] psn\n|-damage|p2a: Alomomola|5\/100 tox|[from] psn\n|upkeep\n|turn|28\n|\n|t:|1701001836\n|move|p2a: Alomomola|Protect|p2a: Alomomola\n|-singleturn|p2a: Alomomola|Protect\n|move|p1a: Volcanion|Flamethrower|p2a: Alomomola\n|-activate|p2a: Alomomola|move: Protect\n|\n|-damage|p1a: Volcanion|0 fnt|[from] psn\n|faint|p1a: Volcanion\n|-damage|p2a: Alomomola|0 fnt|[from] psn\n|faint|p2a: Alomomola\n|upkeep\n|\n|t:|1701001861\n|switch|p1a: My hammer|Rillaboom, M|81\/100\n|switch|p2a: Weavile|Weavile, F|100\/100\n|-damage|p2a: Weavile|76\/100|[from] Stealth Rock\n|-ability|p2a: Weavile|Pressure\n|-fieldstart|move: Grassy Terrain|[from] ability: Grassy Surge|[of] p1a: My hammer\n|turn|29\n|\n|t:|1701001872\n|move|p2a: Weavile|Ice Shard|p1a: My hammer\n|-supereffective|p1a: My hammer\n|-damage|p1a: My hammer|23\/100\n|move|p1a: My hammer|Grassy Glide|p2a: Weavile\n|-damage|p2a: Weavile|0 fnt\n|faint|p2a: Weavile\n|\n|-heal|p1a: My hammer|29\/100|[from] Grassy Terrain\n|upkeep\n|\n|t:|1701001882\n|switch|p2a: Medicham|Medicham-Mega, M|94\/100\n|-damage|p2a: Medicham|88\/100|[from] Stealth Rock\n|turn|30\n|\n|t:|1701001905\n|switch|p1a: Zapdos|Zapdos|100\/100\n|move|p2a: Medicham|Fake Out|p1a: Zapdos\n|-damage|p1a: Zapdos|83\/100\n|\n|-heal|p2a: Medicham|94\/100|[from] Grassy Terrain\n|upkeep\n|turn|31\n|\n|t:|1701001913\n|switch|p2a: Garganacl|Garganacl, F|88\/100\n|-damage|p2a: Garganacl|75\/100|[from] Stealth Rock\n|move|p1a: Zapdos|Volt Switch|p2a: Garganacl\n|-damage|p2a: Garganacl|57\/100\n|inactive|cyan maple has 120 seconds left.\n|\n|t:|1701001944\n|switch|p1a: My hammer|Rillaboom, M|29\/100|[from] Volt Switch\n|\n|-heal|p1a: My hammer|35\/100|[from] Grassy Terrain\n|-heal|p2a: Garganacl|63\/100|[from] Grassy Terrain\n|-heal|p2a: Garganacl|69\/100|[from] item: Leftovers\n|upkeep\n|turn|32\n|\n|t:|1701001953\n|switch|p2a: Sinistcha|Sinistcha|100\/100\n|-damage|p2a: Sinistcha|88\/100|[from] Stealth Rock\n|move|p1a: My hammer|Wood Hammer|p2a: Sinistcha\n|-resisted|p2a: Sinistcha\n|-damage|p2a: Sinistcha|40\/100\n|-damage|p1a: My hammer|21\/100|[from] Recoil\n|\n|-heal|p1a: My hammer|27\/100|[from] Grassy Terrain\n|-heal|p2a: Sinistcha|46\/100|[from] Grassy Terrain\n|-heal|p2a: Sinistcha|52\/100|[from] item: Leftovers\n|upkeep\n|turn|33\n|inactive|cyan maple has 120 seconds left.\n|\n|t:|1701001980\n|switch|p1a: Zapdos|Zapdos|83\/100\n|move|p2a: Sinistcha|Strength Sap|p1a: Zapdos\n|-unboost|p1a: Zapdos|atk|1\n|-heal|p2a: Sinistcha|100\/100\n|\n|-fieldend|move: Grassy Terrain\n|upkeep\n|turn|34\n|\n|t:|1701001991\n|switch|p2a: Garganacl|Garganacl, F|69\/100\n|-damage|p2a: Garganacl|57\/100|[from] Stealth Rock\n|move|p1a: Zapdos|Hurricane|p2a: Garganacl|[miss]\n|-miss|p1a: Zapdos|p2a: Garganacl\n|\n|-heal|p2a: Garganacl|63\/100|[from] item: Leftovers\n|upkeep\n|turn|35\n|\n|t:|1701002001\n|move|p1a: Zapdos|Volt Switch|p2a: Garganacl\n|-damage|p2a: Garganacl|46\/100\n|\n|t:|1701002003\n|switch|p1a: Garchomp|Garchomp, M, shiny|88\/100 tox|[from] Volt Switch\n|move|p2a: Garganacl|Salt Cure|p1a: Garchomp\n|-resisted|p1a: Garchomp\n|-damage|p1a: Garchomp|84\/100 tox\n|-start|p1a: Garchomp|Salt Cure\n|\n|-heal|p1a: Garchomp|90\/100 tox|[from] item: Leftovers\n|-heal|p2a: Garganacl|52\/100|[from] item: Leftovers\n|-damage|p1a: Garchomp|84\/100 tox|[from] psn\n|-damage|p1a: Garchomp|71\/100 tox|[from] Salt Cure\n|upkeep\n|turn|36\n|\n|t:|1701002016\n|move|p2a: Garganacl|Protect|p2a: Garganacl\n|-singleturn|p2a: Garganacl|Protect\n|move|p1a: Garchomp|Earthquake|p2a: Garganacl\n|-activate|p2a: Garganacl|move: Protect\n|\n|-heal|p1a: Garchomp|78\/100 tox|[from] item: Leftovers\n|-heal|p2a: Garganacl|58\/100|[from] item: Leftovers\n|-damage|p1a: Garchomp|65\/100 tox|[from] psn\n|-damage|p1a: Garchomp|53\/100 tox|[from] Salt Cure\n|upkeep\n|turn|37\n|\n|t:|1701002029\n|switch|p2a: Sinistcha|Sinistcha|100\/100\n|-damage|p2a: Sinistcha|88\/100|[from] Stealth Rock\n|move|p1a: Garchomp|Earthquake|p2a: Sinistcha\n|-resisted|p2a: Sinistcha\n|-damage|p2a: Sinistcha|75\/100\n|\n|-heal|p1a: Garchomp|59\/100 tox|[from] item: Leftovers\n|-heal|p2a: Sinistcha|81\/100|[from] item: Leftovers\n|-damage|p1a: Garchomp|40\/100 tox|[from] psn\n|-damage|p1a: Garchomp|28\/100 tox|[from] Salt Cure\n|upkeep\n|turn|38\n|\n|t:|1701002047\n|switch|p1a: Zapdos|Zapdos|83\/100\n|move|p2a: Sinistcha|Matcha Gotcha|p1a: Zapdos\n|-resisted|p1a: Zapdos\n|-damage|p1a: Zapdos|68\/100\n|-heal|p2a: Sinistcha|89\/100|[from] drain|[of] p1a: Zapdos\n|\n|-heal|p2a: Sinistcha|95\/100|[from] item: Leftovers\n|upkeep\n|turn|39\n|\n|t:|1701002058\n|switch|p2a: Garganacl|Garganacl, F|58\/100\n|-damage|p2a: Garganacl|46\/100|[from] Stealth Rock\n|move|p1a: Zapdos|Volt Switch|p2a: Garganacl\n|-damage|p2a: Garganacl|25\/100\n|\n|t:|1701002070\n|switch|p1a: Garchomp|Garchomp, M, shiny|28\/100 tox|[from] Volt Switch\n|\n|-heal|p1a: Garchomp|34\/100 tox|[from] item: Leftovers\n|-heal|p2a: Garganacl|31\/100|[from] item: Leftovers\n|-damage|p1a: Garchomp|28\/100 tox|[from] psn\n|upkeep\n|turn|40\n|\n|t:|1701002078\n|move|p2a: Garganacl|Protect|p2a: Garganacl\n|-singleturn|p2a: Garganacl|Protect\n|move|p1a: Garchomp|Earthquake|p2a: Garganacl\n|-activate|p2a: Garganacl|move: Protect\n|\n|-heal|p1a: Garchomp|34\/100 tox|[from] item: Leftovers\n|-heal|p2a: Garganacl|37\/100|[from] item: Leftovers\n|-damage|p1a: Garchomp|22\/100 tox|[from] psn\n|upkeep\n|turn|41\n|\n|t:|1701002093\n|move|p1a: Garchomp|Earthquake|p2a: Garganacl\n|-supereffective|p2a: Garganacl\n|-damage|p2a: Garganacl|0 fnt\n|faint|p2a: Garganacl\n|\n|-heal|p1a: Garchomp|28\/100 tox|[from] item: Leftovers\n|-damage|p1a: Garchomp|10\/100 tox|[from] psn\n|upkeep\n|j| NicksRokaya\n|\n|t:|1701002102\n|switch|p2a: Medicham|Medicham-Mega, M|94\/100\n|-damage|p2a: Medicham|88\/100|[from] Stealth Rock\n|turn|42\n|\n|t:|1701002116\n|move|p2a: Medicham|Zen Headbutt|p1a: Garchomp|[miss]\n|-miss|p2a: Medicham|p1a: Garchomp\n|move|p1a: Garchomp|Earthquake|p2a: Medicham\n|-damage|p2a: Medicham|29\/100\n|\n|-heal|p1a: Garchomp|16\/100 tox|[from] item: Leftovers\n|-damage|p1a: Garchomp|0 fnt|[from] psn\n|faint|p1a: Garchomp\n|upkeep\n|\n|t:|1701002120\n|switch|p1a: Zapdos|Zapdos|68\/100\n|turn|43\n|\n|t:|1701002130\n|move|p2a: Medicham|Zen Headbutt|p1a: Zapdos\n|-damage|p1a: Zapdos|14\/100\n|move|p1a: Zapdos|Roost|p1a: Zapdos\n|-heal|p1a: Zapdos|64\/100\n|-singleturn|p1a: Zapdos|move: Roost\n|\n|upkeep\n|turn|44\n|inactive|cyan maple has 120 seconds left.\n|\n|t:|1701002167\n|move|p2a: Medicham|Zen Headbutt|p1a: Zapdos\n|-damage|p1a: Zapdos|15\/100\n|move|p1a: Zapdos|Volt Switch|p2a: Medicham\n|-damage|p2a: Medicham|0 fnt\n|faint|p2a: Medicham\n|\n|t:|1701002169\n|switch|p1a: My hammer|Rillaboom, M|27\/100|[from] Volt Switch\n|-fieldstart|move: Grassy Terrain|[from] ability: Grassy Surge|[of] p1a: My hammer\n|\n|-heal|p1a: My hammer|33\/100|[from] Grassy Terrain\n|upkeep\n|\n|t:|1701002180\n|switch|p2a: Sinistcha|Sinistcha|95\/100\n|-damage|p2a: Sinistcha|83\/100|[from] Stealth Rock\n|turn|45\n|inactive|cyan maple has 120 seconds left.\n|inactive|cyan maple has 90 seconds left.\n|\n|t:|1701002240\n|move|p1a: My hammer|U-turn|p2a: Sinistcha\n|-damage|p2a: Sinistcha|55\/100\n|\n|t:|1701002242\n|switch|p1a: Zapdos|Zapdos|15\/100|[from] U-turn\n|move|p2a: Sinistcha|Shadow Ball|p1a: Zapdos\n|-damage|p1a: Zapdos|0 fnt\n|faint|p1a: Zapdos\n|\n|-heal|p2a: Sinistcha|61\/100|[from] Grassy Terrain\n|-heal|p2a: Sinistcha|67\/100|[from] item: Leftovers\n|upkeep\n|-message|cyan maple forfeited.\n|\n|win|umm... hedgehog?\n|raw|cyan maple's rating: 1624 &rarr; <strong>1602<\/strong><br \/>(-22 for losing)\n|raw|umm... hedgehog?'s rating: 1583 &rarr; <strong>1605<\/strong><br \/>(+22 for winning)\n|l|\u2606cyan maple\n","uploadtime":1701002252,"views":1,"p1id":"cyanmaple","p2id":"ummhedgehog","formatid":"gen9nationaldex","rating":1602,"private":0,"password":""}