{"id":"gen9nationaldex-1990275345","p1":"ninjatime678","p2":"gargoyle76","format":"[Gen 9] National Dex","log":"|j|\u2606ninjatime678\n|j|\u2606gargoyle76\n|t:|1699949074\n|gametype|singles\n|player|p1|ninjatime678|1|1083\n|player|p2|gargoyle76|beauty-gen4dp|1086\n|teamsize|p1|6\n|teamsize|p2|6\n|gen|9\n|tier|[Gen 9] National Dex\n|rated|\n|rule|HP Percentage Mod: HP is shown in percentages\n|rule|Endless Battle Clause: Forcing endless battles is banned\n|rule|OHKO Clause: OHKO moves are banned\n|rule|Evasion Clause: Evasion abilities, items, and moves are banned\n|rule|Evasion Abilities Clause: Evasion abilities are banned\n|rule|Evasion Items Clause: Evasion items are banned\n|rule|Evasion Moves Clause: Evasion moves are banned\n|rule|Species Clause: Limit one of each Pok\u00e9mon\n|rule|Sleep Clause Mod: Limit one foe put to sleep\n|clearpoke\n|poke|p1|Typhlosion, M|\n|poke|p1|Ampharos, F|\n|poke|p1|Crobat, M|\n|poke|p1|Heracross, M|\n|poke|p1|Kingdra, F|\n|poke|p1|Tyranitar, M|\n|poke|p2|Diancie|\n|poke|p2|Ninetales-Alola, F|\n|poke|p2|Tapu Lele|\n|poke|p2|Tapu Fini|\n|poke|p2|Clefable, F|\n|poke|p2|Togekiss, F|\n|teampreview\n|\n|t:|1699949094\n|start\n|switch|p1a: Typhlosion|Typhlosion, M|100\/100\n|switch|p2a: Tapu Lele|Tapu Lele|100\/100\n|-fieldstart|move: Psychic Terrain|[from] ability: Psychic Surge|[of] p2a: Tapu Lele\n|turn|1\n|\n|t:|1699949101\n|move|p1a: Typhlosion|Eruption|p2a: Tapu Lele\n|-damage|p2a: Tapu Lele|22\/100\n|move|p2a: Tapu Lele|Calm Mind|p2a: Tapu Lele\n|-boost|p2a: Tapu Lele|spa|1\n|-boost|p2a: Tapu Lele|spd|1\n|\n|-heal|p2a: Tapu Lele|28\/100|[from] item: Leftovers\n|upkeep\n|turn|2\n|\n|t:|1699949105\n|move|p1a: Typhlosion|Eruption|p2a: Tapu Lele\n|-damage|p2a: Tapu Lele|0 fnt\n|faint|p2a: Tapu Lele\n|\n|upkeep\n|\n|t:|1699949108\n|switch|p2a: Diancie|Diancie|100\/100\n|turn|3\n|\n|t:|1699949116\n|switch|p1a: Kingdra|Kingdra, F, shiny|100\/100\n|move|p2a: Diancie|Earth Power|p1a: Kingdra\n|-damage|p1a: Kingdra|69\/100\n|\n|upkeep\n|turn|4\n|\n|t:|1699949124\n|move|p1a: Kingdra|Flash Cannon|p2a: Diancie\n|-supereffective|p2a: Diancie\n|-damage|p2a: Diancie|27\/100\n|move|p2a: Diancie|Moonblast|p1a: Kingdra\n|-supereffective|p1a: Kingdra\n|-damage|p1a: Kingdra|0 fnt\n|faint|p1a: Kingdra\n|\n|upkeep\n|\n|t:|1699949137\n|switch|p1a: Heracross|Heracross, M|100\/100\n|turn|5\n|\n|t:|1699949146\n|move|p1a: Heracross|Close Combat|p2a: Diancie\n|-damage|p2a: Diancie|0 fnt\n|-unboost|p1a: Heracross|def|1\n|-unboost|p1a: Heracross|spd|1\n|faint|p2a: Diancie\n|-ability|p1a: Heracross|Moxie|boost\n|-boost|p1a: Heracross|atk|1\n|\n|-fieldend|move: Psychic Terrain\n|upkeep\n|\n|t:|1699949152\n|switch|p2a: Togekiss|Togekiss, F|100\/100\n|turn|6\n|\n|t:|1699949157\n|detailschange|p1a: Heracross|Heracross-Mega, M\n|-mega|p1a: Heracross|Heracross|Heracronite\n|move|p1a: Heracross|Rock Blast|p2a: Togekiss\n|-supereffective|p2a: Togekiss\n|-damage|p2a: Togekiss|63\/100\n|-supereffective|p2a: Togekiss\n|-damage|p2a: Togekiss|23\/100\n|-supereffective|p2a: Togekiss\n|-damage|p2a: Togekiss|0 fnt\n|faint|p2a: Togekiss\n|-hitcount|p2: Togekiss|3\n|\n|upkeep\n|\n|t:|1699949162\n|switch|p2a: Tapu Fini|Tapu Fini|100\/100\n|-fieldstart|move: Misty Terrain|[from] ability: Misty Surge|[of] p2a: Tapu Fini\n|turn|7\n|\n|t:|1699949166\n|move|p1a: Heracross|Bullet Seed|p2a: Tapu Fini\n|-supereffective|p2a: Tapu Fini\n|-damage|p2a: Tapu Fini|63\/100\n|-supereffective|p2a: Tapu Fini\n|-damage|p2a: Tapu Fini|24\/100\n|-supereffective|p2a: Tapu Fini\n|-damage|p2a: Tapu Fini|0 fnt\n|faint|p2a: Tapu Fini\n|-hitcount|p2: Tapu Fini|3\n|\n|upkeep\n|\n|t:|1699949172\n|switch|p2a: Clefable|Clefable, F|100\/100\n|turn|8\n|\n|t:|1699949189\n|switch|p1a: Crobat|Crobat, M|100\/100\n|move|p2a: Clefable|Moonblast|p1a: Crobat\n|-resisted|p1a: Crobat\n|-damage|p1a: Crobat|72\/100\n|\n|upkeep\n|turn|9\n|\n|t:|1699949198\n|move|p1a: Crobat|Cross Poison|p2a: Clefable\n|-supereffective|p2a: Clefable\n|-damage|p2a: Clefable|31\/100\n|move|p2a: Clefable|Moonblast|p1a: Crobat\n|-resisted|p1a: Crobat\n|-damage|p1a: Crobat|43\/100\n|-unboost|p1a: Crobat|spa|1\n|\n|-heal|p2a: Clefable|38\/100|[from] item: Leftovers\n|upkeep\n|turn|10\n|\n|t:|1699949202\n|move|p1a: Crobat|Cross Poison|p2a: Clefable\n|-supereffective|p2a: Clefable\n|-crit|p2a: Clefable\n|-damage|p2a: Clefable|0 fnt\n|faint|p2a: Clefable\n|\n|upkeep\n|\n|t:|1699949205\n|switch|p2a: Ninetales|Ninetales-Alola, F|100\/100\n|-weather|Snow|[from] ability: Snow Warning|[of] p2a: Ninetales\n|turn|11\n|\n|t:|1699949207\n|move|p1a: Crobat|Cross Poison|p2a: Ninetales\n|-supereffective|p2a: Ninetales\n|-crit|p2a: Ninetales\n|-damage|p2a: Ninetales|11\/100\n|move|p2a: Ninetales|Ice Beam|p1a: Crobat\n|-supereffective|p1a: Crobat\n|-damage|p1a: Crobat|0 fnt\n|faint|p1a: Crobat\n|\n|-weather|Snow|[upkeep]\n|-heal|p2a: Ninetales|17\/100|[from] item: Leftovers\n|-fieldend|Misty Terrain\n|upkeep\n|\n|t:|1699949212\n|switch|p1a: Typhlosion|Typhlosion, M|100\/100\n|turn|12\n|\n|t:|1699949217\n|move|p1a: Typhlosion|Eruption|p2a: Ninetales\n|-supereffective|p2a: Ninetales\n|-damage|p2a: Ninetales|0 fnt\n|faint|p2a: Ninetales\n|\n|win|ninjatime678\n|raw|ninjatime678's rating: 1083 &rarr; <strong>1111<\/strong><br \/>(+28 for winning)\n|raw|gargoyle76's rating: 1086 &rarr; <strong>1063<\/strong><br \/>(-23 for losing)\n|l|\u2606gargoyle76\n|c|\u2606ninjatime678|Gg\n","uploadtime":1699949229,"views":6,"p1id":"ninjatime678","p2id":"gargoyle76","formatid":"gen9nationaldex","rating":1063,"private":0,"password":""}