{"id":"gen9nationaldex-1987876893","p1":"BTT2023","p2":"cinderace123456","format":"[Gen 9] National Dex","log":"|j|\u2606BTT2023\n|j|\u2606cinderace123456\n|t:|1699645058\n|gametype|singles\n|player|p1|BTT2023|red|1197\n|player|p2|cinderace123456|hilbert|1293\n|teamsize|p1|6\n|teamsize|p2|6\n|gen|9\n|tier|[Gen 9] National Dex\n|rated|\n|rule|HP Percentage Mod: HP is shown in percentages\n|rule|Endless Battle Clause: Forcing endless battles is banned\n|rule|OHKO Clause: OHKO moves are banned\n|rule|Evasion Clause: Evasion abilities, items, and moves are banned\n|rule|Evasion Abilities Clause: Evasion abilities are banned\n|rule|Evasion Items Clause: Evasion items are banned\n|rule|Evasion Moves Clause: Evasion moves are banned\n|rule|Species Clause: Limit one of each Pok\u00e9mon\n|rule|Sleep Clause Mod: Limit one foe put to sleep\n|clearpoke\n|poke|p1|Golurk|\n|poke|p1|Primeape, M|\n|poke|p1|Thundurus, M|\n|poke|p1|Chesnaught, M|\n|poke|p1|Liepard, F|\n|poke|p1|Decidueye, M|\n|poke|p2|Rapidash-Galar, F|\n|poke|p2|Empoleon, M|\n|poke|p2|Machamp, M|\n|poke|p2|Heracross, M|\n|poke|p2|Ribombee, F|\n|poke|p2|Hatterene, F|\n|teampreview\n|c|\u2606BTT2023|Avengers Assemble!\n|c|\u2606cinderace123456|O.o\n|\n|t:|1699645081\n|start\n|switch|p1a: Primeape|Primeape, M|100\/100\n|switch|p2a: Ribombee|Ribombee, F|100\/100\n|turn|1\n|\n|t:|1699645086\n|move|p2a: Ribombee|Sticky Web|p1a: Primeape\n|-sidestart|p1: BTT2023|move: Sticky Web\n|move|p1a: Primeape|Taunt|p2a: Ribombee\n|-start|p2a: Ribombee|move: Taunt\n|\n|upkeep\n|turn|2\n|\n|t:|1699645093\n|move|p2a: Ribombee|Moonblast|p1a: Primeape\n|-supereffective|p1a: Primeape\n|-crit|p1a: Primeape\n|-enditem|p1a: Primeape|Focus Sash\n|-damage|p1a: Primeape|1\/100\n|move|p1a: Primeape|Stealth Rock|p2a: Ribombee\n|-sidestart|p2: cinderace123456|move: Stealth Rock\n|\n|upkeep\n|turn|3\n|\n|t:|1699645102\n|move|p2a: Ribombee|Moonblast|p1a: Primeape\n|-supereffective|p1a: Primeape\n|-damage|p1a: Primeape|0 fnt\n|faint|p1a: Primeape\n|\n|upkeep\n|\n|t:|1699645133\n|switch|p1a: Golurk|Golurk|100\/100\n|-activate|p1a: Golurk|move: Sticky Web\n|-unboost|p1a: Golurk|spe|1\n|turn|4\n|\n|t:|1699645141\n|move|p2a: Ribombee|Moonblast|p1a: Golurk\n|-damage|p1a: Golurk|60\/100\n|move|p1a: Golurk|Poltergeist|p2a: Ribombee\n|-activate|p2a: Ribombee|move: Poltergeist|Focus Sash\n|-enditem|p2a: Ribombee|Focus Sash\n|-damage|p2a: Ribombee|1\/100\n|\n|-end|p2a: Ribombee|move: Taunt\n|upkeep\n|turn|5\n|\n|t:|1699645152\n|move|p2a: Ribombee|Moonblast|p1a: Golurk\n|-damage|p1a: Golurk|16\/100\n|-unboost|p1a: Golurk|spa|1\n|move|p1a: Golurk|Poltergeist||[still]\n|-fail|p1a: Golurk\n|\n|upkeep\n|turn|6\n|\n|t:|1699645162\n|move|p2a: Ribombee|Bug Buzz|p1a: Golurk\n|-resisted|p1a: Golurk\n|-damage|p1a: Golurk|0 fnt\n|faint|p1a: Golurk\n|\n|upkeep\n|\n|t:|1699645165\n|switch|p1a: Thundurus|Thundurus, M|100\/100\n|turn|7\n|\n|t:|1699645169\n|move|p2a: Ribombee|Moonblast|p1a: Thundurus\n|-crit|p1a: Thundurus\n|-damage|p1a: Thundurus|25\/100\n|-unboost|p1a: Thundurus|spa|1\n|move|p1a: Thundurus|Thunderbolt|p2a: Ribombee\n|-damage|p2a: Ribombee|0 fnt\n|faint|p2a: Ribombee\n|\n|upkeep\n|c|\u2606cinderace123456|bro why ami so lucky\n|c|\u2606cinderace123456|am i*\n|\n|t:|1699645195\n|switch|p2a: Hatterene|Hatterene, F|100\/100\n|-damage|p2a: Hatterene|88\/100|[from] Stealth Rock\n|turn|8\n|\n|t:|1699645202\n|move|p1a: Thundurus|Thunderbolt|p2a: Hatterene\n|-damage|p2a: Hatterene|58\/100\n|-status|p2a: Hatterene|par\n|move|p2a: Hatterene|Dazzling Gleam|p1a: Thundurus\n|-damage|p1a: Thundurus|0 fnt\n|faint|p1a: Thundurus\n|\n|upkeep\n|\n|t:|1699645225\n|switch|p1a: Decidueye|Decidueye, M|100\/100\n|-activate|p1a: Decidueye|move: Sticky Web\n|-unboost|p1a: Decidueye|spe|1\n|turn|9\n|\n|t:|1699645229\n|move|p1a: Decidueye|Swords Dance|p1a: Decidueye\n|-boost|p1a: Decidueye|atk|2\n|cant|p2a: Hatterene|par\n|\n|upkeep\n|turn|10\n|\n|t:|1699645234\n|move|p1a: Decidueye|Shadow Sneak|p2a: Hatterene\n|-supereffective|p2a: Hatterene\n|-damage|p2a: Hatterene|0 fnt\n|faint|p2a: Hatterene\n|\n|upkeep\n|\n|t:|1699645253\n|switch|p2a: Empoleon|Empoleon, M|100\/100\n|-damage|p2a: Empoleon|94\/100|[from] Stealth Rock\n|turn|11\n|\n|t:|1699645259\n|move|p1a: Decidueye|Shadow Sneak|p2a: Empoleon\n|-damage|p2a: Empoleon|61\/100\n|move|p2a: Empoleon|Flash Cannon|p1a: Decidueye\n|-crit|p1a: Decidueye\n|-damage|p1a: Decidueye|59\/100\n|\n|-heal|p2a: Empoleon|67\/100|[from] item: Leftovers\n|upkeep\n|turn|12\n|\n|t:|1699645267\n|move|p2a: Empoleon|Flash Cannon|p1a: Decidueye\n|-damage|p1a: Decidueye|31\/100\n|move|p1a: Decidueye|Leaf Blade|p2a: Empoleon\n|-damage|p2a: Empoleon|3\/100\n|\n|-heal|p2a: Empoleon|9\/100|[from] item: Leftovers\n|upkeep\n|turn|13\n|\n|t:|1699645278\n|move|p1a: Decidueye|Shadow Sneak|p2a: Empoleon\n|-damage|p2a: Empoleon|0 fnt\n|faint|p2a: Empoleon\n|\n|upkeep\n|\n|t:|1699645283\n|switch|p2a: Machamp|Machamp, M|100\/100\n|-damage|p2a: Machamp|94\/100|[from] Stealth Rock\n|turn|14\n|\n|t:|1699645288\n|move|p1a: Decidueye|Shadow Sneak|p2a: Machamp\n|-damage|p2a: Machamp|46\/100\n|move|p2a: Machamp|Stone Edge|p1a: Decidueye\n|-damage|p1a: Decidueye|0 fnt\n|faint|p1a: Decidueye\n|\n|-heal|p2a: Machamp|52\/100|[from] item: Leftovers\n|upkeep\n|\n|t:|1699645306\n|switch|p1a: Chesnaught|Chesnaught, M|100\/100\n|-activate|p1a: Chesnaught|move: Sticky Web\n|-unboost|p1a: Chesnaught|spe|1\n|turn|15\n|\n|t:|1699645311\n|move|p1a: Chesnaught|Spiky Shield|p1a: Chesnaught\n|-singleturn|p1a: Chesnaught|move: Protect\n|move|p2a: Machamp|Dynamic Punch|p1a: Chesnaught\n|-activate|p1a: Chesnaught|move: Protect\n|-damage|p2a: Machamp|40\/100|[from] Spiky Shield|[of] p1a: Chesnaught\n|\n|-heal|p2a: Machamp|46\/100|[from] item: Leftovers\n|upkeep\n|turn|16\n|\n|t:|1699645337\n|-terastallize|p1a: Chesnaught|Poison\n|move|p2a: Machamp|Dynamic Punch|p1a: Chesnaught\n|-resisted|p1a: Chesnaught\n|-damage|p1a: Chesnaught|79\/100\n|-start|p1a: Chesnaught|confusion\n|-activate|p1a: Chesnaught|confusion\n|move|p1a: Chesnaught|Iron Defense|p1a: Chesnaught\n|-boost|p1a: Chesnaught|def|2\n|\n|-heal|p2a: Machamp|52\/100|[from] item: Leftovers\n|-heal|p1a: Chesnaught|85\/100|[from] item: Leftovers\n|upkeep\n|turn|17\n|\n|t:|1699645348\n|switch|p2a: Rapidash|Rapidash-Galar, F|100\/100\n|-damage|p2a: Rapidash|88\/100|[from] Stealth Rock\n|-end|p1a: Chesnaught|confusion\n|move|p1a: Chesnaught|Body Press|p2a: Rapidash\n|-resisted|p2a: Rapidash\n|-damage|p2a: Rapidash|61\/100\n|\n|-heal|p1a: Chesnaught|91\/100|[from] item: Leftovers\n|upkeep\n|turn|18\n|\n|t:|1699645358\n|move|p1a: Chesnaught|Spiky Shield|p1a: Chesnaught\n|-singleturn|p1a: Chesnaught|move: Protect\n|move|p2a: Rapidash|Morning Sun|p2a: Rapidash\n|-heal|p2a: Rapidash|100\/100\n|\n|-heal|p1a: Chesnaught|97\/100|[from] item: Leftovers\n|upkeep\n|turn|19\n|\n|t:|1699645371\n|move|p2a: Rapidash|Swords Dance|p2a: Rapidash\n|-boost|p2a: Rapidash|atk|2\n|move|p1a: Chesnaught|Wood Hammer|p2a: Rapidash\n|-damage|p2a: Rapidash|27\/100\n|-damage|p1a: Chesnaught|79\/100|[from] Recoil\n|\n|-heal|p1a: Chesnaught|85\/100|[from] item: Leftovers\n|upkeep\n|turn|20\n|\n|t:|1699645382\n|move|p2a: Rapidash|Zen Headbutt|p1a: Chesnaught\n|-supereffective|p1a: Chesnaught\n|-damage|p1a: Chesnaught|20\/100\n|-damage|p2a: Rapidash|17\/100|[from] item: Life Orb\n|move|p1a: Chesnaught|Wood Hammer|p2a: Rapidash\n|-damage|p2a: Rapidash|0 fnt\n|faint|p2a: Rapidash\n|-damage|p1a: Chesnaught|16\/100|[from] Recoil\n|\n|-heal|p1a: Chesnaught|22\/100|[from] item: Leftovers\n|upkeep\n|\n|t:|1699645393\n|switch|p2a: Machamp|Machamp, M|52\/100\n|-damage|p2a: Machamp|46\/100|[from] Stealth Rock\n|turn|21\n|\n|t:|1699645401\n|move|p1a: Chesnaught|Spiky Shield|p1a: Chesnaught\n|-singleturn|p1a: Chesnaught|move: Protect\n|move|p2a: Machamp|Stone Edge|p1a: Chesnaught\n|-activate|p1a: Chesnaught|move: Protect\n|\n|-heal|p2a: Machamp|52\/100|[from] item: Leftovers\n|-heal|p1a: Chesnaught|28\/100|[from] item: Leftovers\n|upkeep\n|turn|22\n|\n|t:|1699645411\n|move|p2a: Machamp|Stone Edge|p1a: Chesnaught\n|-damage|p1a: Chesnaught|14\/100\n|move|p1a: Chesnaught|Body Press|p2a: Machamp\n|-damage|p2a: Machamp|0 fnt\n|faint|p2a: Machamp\n|\n|-heal|p1a: Chesnaught|20\/100|[from] item: Leftovers\n|upkeep\n|\n|t:|1699645414\n|switch|p2a: Heracross|Heracross, M|100\/100\n|-damage|p2a: Heracross|88\/100|[from] Stealth Rock\n|turn|23\n|\n|t:|1699645426\n|move|p1a: Chesnaught|Spiky Shield|p1a: Chesnaught\n|-singleturn|p1a: Chesnaught|move: Protect\n|move|p2a: Heracross|Stone Edge|p1a: Chesnaught\n|-activate|p1a: Chesnaught|move: Protect\n|\n|-heal|p1a: Chesnaught|26\/100|[from] item: Leftovers\n|upkeep\n|turn|24\n|\n|t:|1699645433\n|move|p2a: Heracross|Stone Edge|p1a: Chesnaught|[miss]\n|-miss|p2a: Heracross|p1a: Chesnaught\n|move|p1a: Chesnaught|Body Press|p2a: Heracross\n|-resisted|p2a: Heracross\n|-damage|p2a: Heracross|44\/100\n|\n|-heal|p1a: Chesnaught|32\/100|[from] item: Leftovers\n|upkeep\n|turn|25\n|\n|t:|1699645441\n|move|p1a: Chesnaught|Spiky Shield|p1a: Chesnaught\n|-singleturn|p1a: Chesnaught|move: Protect\n|move|p2a: Heracross|Stone Edge|p1a: Chesnaught\n|-activate|p1a: Chesnaught|move: Protect\n|\n|-heal|p1a: Chesnaught|38\/100|[from] item: Leftovers\n|upkeep\n|turn|26\n|inactive|Battle timer is ON: inactive players will automatically lose when time's up. (requested by BTT2023)\n|\n|t:|1699645448\n|move|p2a: Heracross|Stone Edge|p1a: Chesnaught\n|-damage|p1a: Chesnaught|22\/100\n|-damage|p2a: Heracross|34\/100|[from] item: Life Orb\n|move|p1a: Chesnaught|Body Press|p2a: Heracross\n|-resisted|p2a: Heracross\n|-crit|p2a: Heracross\n|-damage|p2a: Heracross|0 fnt\n|faint|p2a: Heracross\n|\n|win|BTT2023\n|raw|BTT2023's rating: 1197 &rarr; <strong>1229<\/strong><br \/>(+32 for winning)\n|raw|cinderace123456's rating: 1293 &rarr; <strong>1261<\/strong><br \/>(-32 for losing)\n|c|\u2606BTT2023|GG :)\n|c|\u2606cinderace123456|gg ;D\n|l|\u2606cinderace123456\n","uploadtime":1699645464,"views":4,"p1id":"btt2023","p2id":"cinderace123456","formatid":"gen9nationaldex","rating":1229,"private":0,"password":""}