{"id":"gen9nationaldex-1987748966","p1":"Dimlightbulb","p2":"wolfizin","format":"[Gen 9] National Dex","log":"|j|\u2606Dimlightbulb\n|j|\u2606wolfizin\n|t:|1699633415\n|gametype|singles\n|player|p1|Dimlightbulb|102|1109\n|player|p2|wolfizin|n|1087\n|teamsize|p1|6\n|teamsize|p2|6\n|gen|9\n|tier|[Gen 9] National Dex\n|rated|\n|rule|HP Percentage Mod: HP is shown in percentages\n|rule|Endless Battle Clause: Forcing endless battles is banned\n|rule|OHKO Clause: OHKO moves are banned\n|rule|Evasion Clause: Evasion abilities, items, and moves are banned\n|rule|Evasion Abilities Clause: Evasion abilities are banned\n|rule|Evasion Items Clause: Evasion items are banned\n|rule|Evasion Moves Clause: Evasion moves are banned\n|rule|Species Clause: Limit one of each Pok\u00e9mon\n|rule|Sleep Clause Mod: Limit one foe put to sleep\n|clearpoke\n|poke|p1|Garchomp, F|\n|poke|p1|Blaziken, F|\n|poke|p1|Corviknight, F|\n|poke|p1|Greninja-*, M|\n|poke|p1|Lopunny, F|\n|poke|p1|Sneasler, F|\n|poke|p2|Grimmsnarl, M|\n|poke|p2|Hatterene, F|\n|poke|p2|Ferrothorn, M|\n|poke|p2|Lopunny, F|\n|poke|p2|Ambipom, F|\n|poke|p2|Garchomp, M|\n|teampreview\n|c|\u2606Dimlightbulb|ello\n|\n|t:|1699633429\n|start\n|switch|p1a: Blahaj|Garchomp, F|100\/100\n|switch|p2a: Grimmsnarl|Grimmsnarl, M, shiny|100\/100\n|turn|1\n|\n|t:|1699633435\n|move|p2a: Grimmsnarl|Reflect|p2a: Grimmsnarl\n|-sidestart|p2: wolfizin|Reflect\n|move|p1a: Blahaj|Stealth Rock|p2a: Grimmsnarl\n|-sidestart|p2: wolfizin|move: Stealth Rock\n|\n|upkeep\n|turn|2\n|\n|t:|1699633442\n|move|p2a: Grimmsnarl|Light Screen|p2a: Grimmsnarl\n|-sidestart|p2: wolfizin|move: Light Screen\n|move|p1a: Blahaj|Stealth Rock||[still]\n|-fail|p1a: Blahaj\n|\n|upkeep\n|turn|3\n|\n|t:|1699633454\n|move|p2a: Grimmsnarl|Taunt|p1a: Blahaj\n|-start|p1a: Blahaj|move: Taunt\n|move|p1a: Blahaj|Aqua Tail|p2a: Grimmsnarl\n|-damage|p2a: Grimmsnarl|79\/100\n|\n|upkeep\n|turn|4\n|\n|t:|1699633469\n|move|p2a: Grimmsnarl|Parting Shot|p1a: Blahaj\n|-unboost|p1a: Blahaj|atk|1\n|-unboost|p1a: Blahaj|spa|1\n|\n|t:|1699633473\n|switch|p2a: Hatterene|Hatterene, F, shiny|100\/100|[from] Parting Shot\n|-damage|p2a: Hatterene|88\/100|[from] Stealth Rock\n|move|p1a: Blahaj|Dragon Claw|p2a: Hatterene\n|-immune|p2a: Hatterene\n|\n|-heal|p2a: Hatterene|94\/100|[from] item: Leftovers\n|upkeep\n|turn|5\n|\n|t:|1699633494\n|switch|p1a: Slasher|Sneasler, F|100\/100\n|move|p2a: Hatterene|Calm Mind|p2a: Hatterene\n|-boost|p2a: Hatterene|spa|1\n|-boost|p2a: Hatterene|spd|1\n|\n|-heal|p2a: Hatterene|99\/100|[from] item: Leftovers\n|upkeep\n|turn|6\n|\n|t:|1699633503\n|move|p1a: Slasher|Fake Out|p2a: Hatterene\n|-damage|p2a: Hatterene|95\/100\n|cant|p2a: Hatterene|flinch\n|\n|-heal|p2a: Hatterene|100\/100|[from] item: Leftovers\n|upkeep\n|turn|7\n|\n|t:|1699633509\n|move|p1a: Slasher|Night Slash|p2a: Hatterene\n|-damage|p2a: Hatterene|90\/100\n|-status|p2a: Hatterene|psn|[from] ability: Poison Touch|[of] p1a: Slasher\n|move|p2a: Hatterene|Stored Power|p1a: Slasher\n|-supereffective|p1a: Slasher\n|-damage|p1a: Slasher|0 fnt\n|faint|p1a: Slasher\n|\n|-heal|p2a: Hatterene|96\/100 psn|[from] item: Leftovers\n|-damage|p2a: Hatterene|84\/100 psn|[from] psn\n|upkeep\n|\n|t:|1699633527\n|switch|p1a: Crow Knight|Corviknight, F, shiny|100\/100\n|-ability|p1a: Crow Knight|Unnerve\n|turn|8\n|\n|t:|1699633537\n|move|p1a: Crow Knight|Tailwind|p1a: Crow Knight\n|-sidestart|p1: Dimlightbulb|move: Tailwind\n|move|p2a: Hatterene|Calm Mind|p2a: Hatterene\n|-boost|p2a: Hatterene|spa|1\n|-boost|p2a: Hatterene|spd|1\n|\n|-heal|p2a: Hatterene|90\/100 psn|[from] item: Leftovers\n|-damage|p2a: Hatterene|78\/100 psn|[from] psn\n|-sideend|p2: wolfizin|Reflect\n|upkeep\n|turn|9\n|\n|t:|1699633546\n|move|p1a: Crow Knight|Drill Peck|p2a: Hatterene\n|-damage|p2a: Hatterene|55\/100 psn\n|move|p2a: Hatterene|Mystical Fire|p1a: Crow Knight\n|-supereffective|p1a: Crow Knight\n|-damage|p1a: Crow Knight|22\/100\n|-unboost|p1a: Crow Knight|spa|1\n|\n|-heal|p1a: Crow Knight|28\/100|[from] item: Leftovers\n|-heal|p2a: Hatterene|61\/100 psn|[from] item: Leftovers\n|-damage|p2a: Hatterene|49\/100 psn|[from] psn\n|-sideend|p2: wolfizin|move: Light Screen\n|upkeep\n|turn|10\n|\n|t:|1699633556\n|move|p1a: Crow Knight|Drill Peck|p2a: Hatterene\n|-damage|p2a: Hatterene|26\/100 psn\n|move|p2a: Hatterene|Mystical Fire|p1a: Crow Knight\n|-supereffective|p1a: Crow Knight\n|-damage|p1a: Crow Knight|0 fnt\n|faint|p1a: Crow Knight\n|\n|-heal|p2a: Hatterene|32\/100 psn|[from] item: Leftovers\n|-damage|p2a: Hatterene|20\/100 psn|[from] psn\n|upkeep\n|\n|t:|1699633568\n|switch|p1a: Kick Bird|Blaziken, F|100\/100\n|turn|11\n|\n|t:|1699633574\n|move|p1a: Kick Bird|Blaze Kick|p2a: Hatterene\n|-damage|p2a: Hatterene|0 fnt\n|faint|p2a: Hatterene\n|\n|-sideend|p1: Dimlightbulb|move: Tailwind\n|-ability|p1a: Kick Bird|Speed Boost|boost\n|-boost|p1a: Kick Bird|spe|1\n|upkeep\n|\n|t:|1699633578\n|switch|p2a: Grimmsnarl|Grimmsnarl, M, shiny|79\/100\n|-damage|p2a: Grimmsnarl|67\/100|[from] Stealth Rock\n|turn|12\n|\n|t:|1699633589\n|move|p2a: Grimmsnarl|Reflect|p2a: Grimmsnarl\n|-sidestart|p2: wolfizin|Reflect\n|move|p1a: Kick Bird|High Jump Kick|p2a: Grimmsnarl\n|-damage|p2a: Grimmsnarl|29\/100\n|\n|-ability|p1a: Kick Bird|Speed Boost|boost\n|-boost|p1a: Kick Bird|spe|1\n|upkeep\n|turn|13\n|\n|t:|1699633605\n|move|p2a: Grimmsnarl|Light Screen|p2a: Grimmsnarl\n|-sidestart|p2: wolfizin|move: Light Screen\n|move|p1a: Kick Bird|High Jump Kick|p2a: Grimmsnarl\n|-damage|p2a: Grimmsnarl|0 fnt\n|faint|p2a: Grimmsnarl\n|\n|-ability|p1a: Kick Bird|Speed Boost|boost\n|-boost|p1a: Kick Bird|spe|1\n|upkeep\n|\n|t:|1699633610\n|switch|p2a: Lopunny|Lopunny, F, shiny|100\/100\n|-damage|p2a: Lopunny|88\/100|[from] Stealth Rock\n|turn|14\n|\n|t:|1699633617\n|detailschange|p2a: Lopunny|Lopunny-Mega, F, shiny\n|-mega|p2a: Lopunny|Lopunny|Lopunnite\n|-terastallize|p1a: Kick Bird|Fighting\n|move|p2a: Lopunny|Fake Out|p1a: Kick Bird\n|-damage|p1a: Kick Bird|70\/100\n|cant|p1a: Kick Bird|flinch\n|\n|-ability|p1a: Kick Bird|Speed Boost|boost\n|-boost|p1a: Kick Bird|spe|1\n|upkeep\n|turn|15\n|\n|t:|1699633627\n|move|p1a: Kick Bird|High Jump Kick|p2a: Lopunny\n|-supereffective|p2a: Lopunny\n|-damage|p2a: Lopunny|0 fnt\n|faint|p2a: Lopunny\n|\n|-ability|p1a: Kick Bird|Speed Boost|boost\n|-boost|p1a: Kick Bird|spe|1\n|upkeep\n|\n|t:|1699633631\n|switch|p2a: Garchomp|Garchomp, M|100\/100\n|-damage|p2a: Garchomp|94\/100|[from] Stealth Rock\n|turn|16\n|\n|t:|1699633638\n|move|p1a: Kick Bird|High Jump Kick|p2a: Garchomp\n|-damage|p2a: Garchomp|52\/100\n|-damage|p1a: Kick Bird|58\/100|[from] ability: Rough Skin|[of] p2a: Garchomp\n|move|p2a: Garchomp|Scale Shot|p1a: Kick Bird\n|-damage|p1a: Kick Bird|41\/100\n|-damage|p1a: Kick Bird|24\/100\n|-enditem|p1a: Kick Bird|Lansat Berry|[eat]\n|-start|p1a: Kick Bird|move: Focus Energy\n|-damage|p1a: Kick Bird|7\/100\n|-damage|p1a: Kick Bird|0 fnt\n|faint|p1a: Kick Bird\n|-hitcount|p1: Kick Bird|4\n|-unboost|p2a: Garchomp|def|1\n|-boost|p2a: Garchomp|spe|1\n|\n|upkeep\n|c|\u2606Dimlightbulb|well played\n|\n|t:|1699633660\n|switch|p1a: Furry Bait|Lopunny, F, shiny|100\/100\n|turn|17\n|\n|t:|1699633670\n|detailschange|p1a: Furry Bait|Lopunny-Mega, F, shiny\n|-mega|p1a: Furry Bait|Lopunny|Lopunnite\n|move|p2a: Garchomp|Earthquake|p1a: Furry Bait\n|-damage|p1a: Furry Bait|31\/100\n|move|p1a: Furry Bait|Ice Punch|p2a: Garchomp\n|-supereffective|p2a: Garchomp\n|-damage|p2a: Garchomp|0 fnt\n|-damage|p1a: Furry Bait|19\/100|[from] ability: Rough Skin|[of] p2a: Garchomp\n|faint|p2a: Garchomp\n|\n|upkeep\n|\n|t:|1699633677\n|switch|p2a: Ferrothorn|Ferrothorn, M, shiny|100\/100\n|-damage|p2a: Ferrothorn|95\/100|[from] Stealth Rock\n|turn|18\n|\n|t:|1699633684\n|move|p1a: Furry Bait|Drain Punch|p2a: Ferrothorn\n|-supereffective|p2a: Ferrothorn\n|-damage|p2a: Ferrothorn|70\/100\n|-heal|p1a: Furry Bait|34\/100|[from] drain|[of] p2a: Ferrothorn\n|-damage|p1a: Furry Bait|22\/100|[from] ability: Iron Barbs|[of] p2a: Ferrothorn\n|-damage|p1a: Furry Bait|6\/100|[from] item: Rocky Helmet|[of] p2a: Ferrothorn\n|move|p2a: Ferrothorn|Leech Seed|p1a: Furry Bait|[miss]\n|-miss|p2a: Ferrothorn|p1a: Furry Bait\n|\n|upkeep\n|turn|19\n|\n|t:|1699633696\n|move|p1a: Furry Bait|Thunder Punch|p2a: Ferrothorn\n|-resisted|p2a: Ferrothorn\n|-damage|p2a: Ferrothorn|67\/100\n|-damage|p1a: Furry Bait|0 fnt|[from] ability: Iron Barbs|[of] p2a: Ferrothorn\n|faint|p1a: Furry Bait\n|move|p2a: Ferrothorn|Leech Seed|p1: Furry Bait|[notarget]\n|-fail|p2a: Ferrothorn\n|\n|-sideend|p2: wolfizin|Reflect\n|upkeep\n|\n|t:|1699633707\n|switch|p1a: Blahaj|Garchomp, F|100\/100\n|turn|20\n|\n|t:|1699633710\n|move|p1a: Blahaj|Aqua Tail|p2a: Ferrothorn\n|-resisted|p2a: Ferrothorn\n|-damage|p2a: Ferrothorn|55\/100\n|-damage|p1a: Blahaj|88\/100|[from] ability: Iron Barbs|[of] p2a: Ferrothorn\n|-damage|p1a: Blahaj|72\/100|[from] item: Rocky Helmet|[of] p2a: Ferrothorn\n|move|p2a: Ferrothorn|Leech Seed|p1a: Blahaj\n|-start|p1a: Blahaj|move: Leech Seed\n|\n|-damage|p1a: Blahaj|59\/100|[from] Leech Seed|[of] p2a: Ferrothorn\n|-heal|p2a: Ferrothorn|68\/100|[silent]\n|-sideend|p2: wolfizin|move: Light Screen\n|upkeep\n|turn|21\n|\n|t:|1699633721\n|move|p1a: Blahaj|Earthquake|p2a: Ferrothorn\n|-damage|p2a: Ferrothorn|40\/100\n|move|p2a: Ferrothorn|Ingrain|p2a: Ferrothorn\n|-start|p2a: Ferrothorn|move: Ingrain\n|\n|-heal|p2a: Ferrothorn|46\/100|[from] Ingrain\n|-damage|p1a: Blahaj|47\/100|[from] Leech Seed|[of] p2a: Ferrothorn\n|-heal|p2a: Ferrothorn|58\/100|[silent]\n|upkeep\n|turn|22\n|\n|t:|1699633735\n|move|p2a: Ferrothorn|Endure|p2a: Ferrothorn\n|-singleturn|p2a: Ferrothorn|move: Endure\n|move|p1a: Blahaj|Dragon Claw|p2a: Ferrothorn\n|-resisted|p2a: Ferrothorn\n|-damage|p2a: Ferrothorn|47\/100\n|-damage|p1a: Blahaj|35\/100|[from] ability: Iron Barbs|[of] p2a: Ferrothorn\n|-damage|p1a: Blahaj|18\/100|[from] item: Rocky Helmet|[of] p2a: Ferrothorn\n|\n|-heal|p2a: Ferrothorn|53\/100|[from] Ingrain\n|-damage|p1a: Blahaj|6\/100|[from] Leech Seed|[of] p2a: Ferrothorn\n|-heal|p2a: Ferrothorn|66\/100|[silent]\n|upkeep\n|turn|23\n|\n|t:|1699633756\n|move|p1a: Blahaj|Aqua Tail|p2a: Ferrothorn\n|-resisted|p2a: Ferrothorn\n|-damage|p2a: Ferrothorn|54\/100\n|-damage|p1a: Blahaj|0 fnt|[from] ability: Iron Barbs|[of] p2a: Ferrothorn\n|faint|p1a: Blahaj\n|move|p2a: Ferrothorn|Ingrain||[still]\n|-fail|p2a: Ferrothorn\n|\n|-heal|p2a: Ferrothorn|60\/100|[from] Ingrain\n|upkeep\n|inactive|Battle timer is ON: inactive players will automatically lose when time's up. (requested by wolfizin)\n|\n|t:|1699633764\n|switch|p1a: Frog|Greninja, M, shiny|100\/100\n|turn|24\n|\n|t:|1699633774\n|move|p1a: Frog|Shadow Sneak|p2a: Ferrothorn\n|-start|p1a: Frog|typechange|Ghost|[from] ability: Protean\n|-damage|p2a: Ferrothorn|50\/100\n|-damage|p1a: Frog|88\/100|[from] ability: Iron Barbs|[of] p2a: Ferrothorn\n|-damage|p1a: Frog|72\/100|[from] item: Rocky Helmet|[of] p2a: Ferrothorn\n|move|p2a: Ferrothorn|Leech Seed|p1a: Frog\n|-start|p1a: Frog|move: Leech Seed\n|\n|-heal|p2a: Ferrothorn|56\/100|[from] Ingrain\n|-damage|p1a: Frog|59\/100|[from] Leech Seed|[of] p2a: Ferrothorn\n|-heal|p2a: Ferrothorn|66\/100|[silent]\n|upkeep\n|turn|25\n|\n|t:|1699633789\n|move|p2a: Ferrothorn|Protect|p2a: Ferrothorn\n|-singleturn|p2a: Ferrothorn|Protect\n|move|p1a: Frog|Waterfall|p2a: Ferrothorn\n|-activate|p2a: Ferrothorn|move: Protect\n|\n|-heal|p2a: Ferrothorn|72\/100|[from] Ingrain\n|-damage|p1a: Frog|47\/100|[from] Leech Seed|[of] p2a: Ferrothorn\n|-heal|p2a: Ferrothorn|82\/100|[silent]\n|upkeep\n|turn|26\n|\n|t:|1699633799\n|move|p1a: Frog|U-turn|p2a: Ferrothorn\n|-damage|p2a: Ferrothorn|69\/100\n|-damage|p1a: Frog|35\/100|[from] ability: Iron Barbs|[of] p2a: Ferrothorn\n|-damage|p1a: Frog|18\/100|[from] item: Rocky Helmet|[of] p2a: Ferrothorn\n|-enditem|p1a: Frog|Salac Berry|[eat]\n|-boost|p1a: Frog|spe|1|[from] item: Salac Berry\n|move|p2a: Ferrothorn|Ingrain||[still]\n|-fail|p2a: Ferrothorn\n|\n|-heal|p2a: Ferrothorn|75\/100|[from] Ingrain\n|-damage|p1a: Frog|6\/100|[from] Leech Seed|[of] p2a: Ferrothorn\n|-heal|p2a: Ferrothorn|85\/100|[silent]\n|upkeep\n|turn|27\n|c|\u2606Dimlightbulb|gg\n|c|\u2606wolfizin|gg\n|\n|t:|1699633818\n|move|p2a: Ferrothorn|Protect|p2a: Ferrothorn\n|-singleturn|p2a: Ferrothorn|Protect\n|move|p1a: Frog|Acrobatics|p2a: Ferrothorn\n|-activate|p2a: Ferrothorn|move: Protect\n|\n|-heal|p2a: Ferrothorn|91\/100|[from] Ingrain\n|-damage|p1a: Frog|0 fnt|[from] Leech Seed|[of] p2a: Ferrothorn\n|-heal|p2a: Ferrothorn|96\/100|[silent]\n|faint|p1a: Frog\n|\n|win|wolfizin\n|upkeep\n|raw|Dimlightbulb's rating: 1109 &rarr; <strong>1082<\/strong><br \/>(-27 for losing)\n|raw|wolfizin's rating: 1087 &rarr; <strong>1116<\/strong><br \/>(+29 for winning)\n|l|\u2606Dimlightbulb\n","uploadtime":1699633830,"views":6,"p1id":"dimlightbulb","p2id":"wolfizin","formatid":"gen9nationaldex","rating":1082,"private":0,"password":""}