{"id":"gen9nationaldex-1997641430","p1":"Deathbang","p2":"L ghul","format":"[Gen 9] National Dex","log":"|html|<div class=\"broadcast-blue\"><strong>[Gen 9] National Dex is currently suspecting Sneasler! For information on how to participate check out the <a href=\"https:\/\/www.smogon.com\/forums\/threads\/sv-national-dex-suspect-8-just-dance.3731534\/\">suspect thread<\/a>.<\/strong><\/div>\n|j|\u2606Deathbang\n|j|\u2606L ghul\n|t:|1700836497\n|gametype|singles\n|player|p1|Deathbang|swimmerf-gen4|1182\n|player|p2|L ghul|101|1173\n|teamsize|p1|6\n|teamsize|p2|6\n|gen|9\n|tier|[Gen 9] National Dex\n|rated|\n|rule|HP Percentage Mod: HP is shown in percentages\n|rule|Endless Battle Clause: Forcing endless battles is banned\n|rule|OHKO Clause: OHKO moves are banned\n|rule|Evasion Clause: Evasion abilities, items, and moves are banned\n|rule|Evasion Abilities Clause: Evasion abilities are banned\n|rule|Evasion Items Clause: Evasion items are banned\n|rule|Evasion Moves Clause: Evasion moves are banned\n|rule|Species Clause: Limit one of each Pok\u00e9mon\n|rule|Sleep Clause Mod: Limit one foe put to sleep\n|clearpoke\n|poke|p1|Beedrill, M|\n|poke|p1|Torkoal, M|\n|poke|p1|Stakataka|\n|poke|p1|Carracosta, F|\n|poke|p1|Wormadam-Trash, F|\n|poke|p1|Rabsca, F|\n|poke|p2|Rillaboom, M|\n|poke|p2|Tapu Koko|\n|poke|p2|Iron Moth|\n|poke|p2|Iron Treads|\n|poke|p2|Greninja-*, M|\n|poke|p2|Lopunny, F|\n|teampreview\n|\n|t:|1700836509\n|start\n|switch|p1a: Wormadam|Wormadam-Trash, F|100\/100\n|switch|p2a: Iron Treads|Iron Treads|100\/100\n|-enditem|p2a: Iron Treads|Booster Energy\n|-activate|p2a: Iron Treads|ability: Quark Drive|[fromitem]\n|-start|p2a: Iron Treads|quarkdrivespe\n|turn|1\n|\n|t:|1700836520\n|move|p2a: Iron Treads|Stealth Rock|p1a: Wormadam\n|-sidestart|p1: Deathbang|move: Stealth Rock\n|move|p1a: Wormadam|Stealth Rock|p2a: Iron Treads\n|-sidestart|p2: L ghul|move: Stealth Rock\n|\n|upkeep\n|turn|2\n|\n|t:|1700836526\n|move|p2a: Iron Treads|Rapid Spin|p1a: Wormadam\n|-resisted|p1a: Wormadam\n|-damage|p1a: Wormadam|91\/100\n|-boost|p2a: Iron Treads|spe|1\n|-sideend|p2: L ghul|Stealth Rock|[from] move: Rapid Spin|[of] p2a: Iron Treads\n|move|p1a: Wormadam|Gyro Ball|p2a: Iron Treads\n|-resisted|p2a: Iron Treads\n|-damage|p2a: Iron Treads|82\/100\n|\n|upkeep\n|turn|3\n|\n|t:|1700836537\n|move|p2a: Iron Treads|Earthquake|p1a: Wormadam\n|-damage|p1a: Wormadam|38\/100\n|move|p1a: Wormadam|Stealth Rock|p2a: Iron Treads\n|-sidestart|p2: L ghul|move: Stealth Rock\n|\n|upkeep\n|turn|4\n|\n|t:|1700836543\n|move|p2a: Iron Treads|Rapid Spin|p1a: Wormadam\n|-resisted|p1a: Wormadam\n|-damage|p1a: Wormadam|29\/100\n|-boost|p2a: Iron Treads|spe|1\n|-sideend|p2: L ghul|Stealth Rock|[from] move: Rapid Spin|[of] p2a: Iron Treads\n|move|p1a: Wormadam|Endeavor|p2a: Iron Treads\n|-damage|p2a: Iron Treads|29\/100\n|\n|upkeep\n|turn|5\n|\n|t:|1700836552\n|move|p2a: Iron Treads|Earthquake|p1a: Wormadam\n|-damage|p1a: Wormadam|0 fnt\n|faint|p1a: Wormadam\n|\n|upkeep\n|\n|t:|1700836557\n|switch|p1a: Rabsca|Rabsca, F|100\/100\n|-damage|p1a: Rabsca|76\/100|[from] Stealth Rock\n|turn|6\n|\n|t:|1700836563\n|move|p2a: Iron Treads|Stone Edge|p1a: Rabsca\n|-supereffective|p1a: Rabsca\n|-damage|p1a: Rabsca|6\/100\n|move|p1a: Rabsca|Trick Room|p1a: Rabsca\n|-fieldstart|move: Trick Room|[of] p1a: Rabsca\n|\n|upkeep\n|turn|7\n|\n|t:|1700836574\n|move|p1a: Rabsca|Psychic|p2a: Iron Treads\n|-resisted|p2a: Iron Treads\n|-damage|p2a: Iron Treads|2\/100\n|move|p2a: Iron Treads|Earthquake|p1a: Rabsca\n|-resisted|p1a: Rabsca\n|-damage|p1a: Rabsca|0 fnt\n|faint|p1a: Rabsca\n|\n|upkeep\n|\n|t:|1700836576\n|switch|p1a: Stakataka|Stakataka|100\/100\n|-damage|p1a: Stakataka|94\/100|[from] Stealth Rock\n|turn|8\n|\n|t:|1700836586\n|move|p1a: Stakataka|Gyro Ball|p2a: Iron Treads\n|-resisted|p2a: Iron Treads\n|-damage|p2a: Iron Treads|0 fnt\n|faint|p2a: Iron Treads\n|-end|p2a: Iron Treads|Quark Drive|[silent]\n|-ability|p1a: Stakataka|Beast Boost|boost\n|-boost|p1a: Stakataka|atk|1\n|-damage|p1a: Stakataka|85\/100|[from] item: Life Orb\n|\n|upkeep\n|\n|t:|1700836602\n|switch|p2a: Rillaboom|Rillaboom, M|100\/100\n|-fieldstart|move: Grassy Terrain|[from] ability: Grassy Surge|[of] p2a: Rillaboom\n|turn|9\n|\n|t:|1700836612\n|move|p1a: Stakataka|Gyro Ball|p2a: Rillaboom\n|-damage|p2a: Rillaboom|0 fnt\n|faint|p2a: Rillaboom\n|-ability|p1a: Stakataka|Beast Boost|boost\n|-boost|p1a: Stakataka|atk|1\n|-damage|p1a: Stakataka|75\/100|[from] item: Life Orb\n|\n|-heal|p1a: Stakataka|81\/100|[from] Grassy Terrain\n|upkeep\n|\n|t:|1700836629\n|switch|p2a: Lopunny|Lopunny, F|100\/100\n|turn|10\n|\n|t:|1700836635\n|move|p2a: Lopunny|Fake Out|p1a: Stakataka\n|-resisted|p1a: Stakataka\n|-damage|p1a: Stakataka|79\/100\n|cant|p1a: Stakataka|flinch\n|\n|-heal|p1a: Stakataka|85\/100|[from] Grassy Terrain\n|-fieldend|move: Trick Room\n|upkeep\n|turn|11\n|\n|t:|1700836644\n|-terastallize|p1a: Stakataka|Water\n|move|p2a: Lopunny|Close Combat|p1a: Stakataka\n|-damage|p1a: Stakataka|67\/100\n|-unboost|p2a: Lopunny|def|1\n|-unboost|p2a: Lopunny|spd|1\n|move|p1a: Stakataka|Trick Room|p1a: Stakataka\n|-fieldstart|move: Trick Room|[of] p1a: Stakataka\n|\n|-heal|p1a: Stakataka|74\/100|[from] Grassy Terrain\n|upkeep\n|turn|12\n|\n|t:|1700836665\n|move|p1a: Stakataka|Gyro Ball|p2a: Lopunny\n|-damage|p2a: Lopunny|0 fnt\n|faint|p2a: Lopunny\n|-ability|p1a: Stakataka|Beast Boost|boost\n|-boost|p1a: Stakataka|atk|1\n|-damage|p1a: Stakataka|64\/100|[from] item: Life Orb\n|\n|-heal|p1a: Stakataka|70\/100|[from] Grassy Terrain\n|upkeep\n|\n|t:|1700836674\n|switch|p2a: Iron Moth|Iron Moth|100\/100\n|turn|13\n|\n|t:|1700836678\n|move|p1a: Stakataka|Earthquake|p2a: Iron Moth\n|-supereffective|p2a: Iron Moth\n|-damage|p2a: Iron Moth|0 fnt\n|faint|p2a: Iron Moth\n|-end|p2a: Iron Moth|Quark Drive|[silent]\n|-ability|p1a: Stakataka|Beast Boost|boost\n|-boost|p1a: Stakataka|atk|1\n|-damage|p1a: Stakataka|60\/100|[from] item: Life Orb\n|\n|-heal|p1a: Stakataka|66\/100|[from] Grassy Terrain\n|-fieldend|move: Grassy Terrain\n|upkeep\n|\n|t:|1700836708\n|switch|p2a: Greninja|Greninja, M|100\/100\n|turn|14\n|\n|t:|1700836717\n|move|p1a: Stakataka|Gyro Ball|p2a: Greninja\n|-resisted|p2a: Greninja\n|-damage|p2a: Greninja|0 fnt\n|faint|p2a: Greninja\n|-ability|p1a: Stakataka|Beast Boost|boost\n|-boost|p1a: Stakataka|atk|1\n|-damage|p1a: Stakataka|56\/100|[from] item: Life Orb\n|\n|upkeep\n|\n|t:|1700836726\n|switch|p2a: Tapu Koko|Tapu Koko|100\/100\n|-fieldstart|move: Electric Terrain|[from] ability: Electric Surge|[of] p2a: Tapu Koko\n|turn|15\n|\n|t:|1700836732\n|move|p1a: Stakataka|Earthquake|p2a: Tapu Koko\n|-supereffective|p2a: Tapu Koko\n|-damage|p2a: Tapu Koko|0 fnt\n|faint|p2a: Tapu Koko\n|-damage|p1a: Stakataka|47\/100|[from] item: Life Orb\n|\n|win|Deathbang\n|raw|Deathbang's rating: 1182 &rarr; <strong>1206<\/strong><br \/>(+24 for winning)\n|raw|L ghul's rating: 1173 &rarr; <strong>1149<\/strong><br \/>(-24 for losing)\n","uploadtime":1700836743,"views":0,"p1id":"deathbang","p2id":"lghul","formatid":"gen9nationaldex","rating":1149,"private":0,"password":""}