{"id":"gen9nationaldex-1992515322","p1":"zhendec","p2":"Grilled Cheems","format":"[Gen 9] National Dex","log":"|j|\u2606zhendec\n|j|\u2606Grilled Cheems\n|t:|1700197915\n|gametype|singles\n|player|p1|zhendec|hilda|1344\n|player|p2|Grilled Cheems|102|1358\n|teamsize|p1|6\n|teamsize|p2|6\n|gen|9\n|tier|[Gen 9] National Dex\n|rated|\n|rule|HP Percentage Mod: HP is shown in percentages\n|rule|Endless Battle Clause: Forcing endless battles is banned\n|rule|OHKO Clause: OHKO moves are banned\n|rule|Evasion Clause: Evasion abilities, items, and moves are banned\n|rule|Evasion Abilities Clause: Evasion abilities are banned\n|rule|Evasion Items Clause: Evasion items are banned\n|rule|Evasion Moves Clause: Evasion moves are banned\n|rule|Species Clause: Limit one of each Pok\u00e9mon\n|rule|Sleep Clause Mod: Limit one foe put to sleep\n|clearpoke\n|poke|p1|Heatran, F|\n|poke|p1|Cresselia, F|\n|poke|p1|Crawdaunt, M|\n|poke|p1|Beedrill, M|\n|poke|p1|Porygon2|\n|poke|p1|Mimikyu, F|\n|poke|p2|Tentacruel, F|\n|poke|p2|Moltres|\n|poke|p2|Breloom, M|\n|poke|p2|Ribombee, F|\n|poke|p2|Electivire, F|\n|poke|p2|Noivern, F|\n|teampreview\n|inactive|Battle timer is ON: inactive players will automatically lose when time's up. (requested by Grilled Cheems)\n|\n|t:|1700197929\n|start\n|switch|p1a: Cresselia|Cresselia, F|100\/100\n|switch|p2a: Breloom|Breloom, M|100\/100\n|turn|1\n|\n|t:|1700197958\n|move|p2a: Breloom|Bullet Seed|p1a: Cresselia\n|-damage|p1a: Cresselia|89\/100\n|-damage|p1a: Cresselia|79\/100\n|-damage|p1a: Cresselia|67\/100\n|-damage|p1a: Cresselia|57\/100\n|-hitcount|p1a: Cresselia|4\n|move|p1a: Cresselia|Trick Room|p1a: Cresselia\n|-fieldstart|move: Trick Room|[of] p1a: Cresselia\n|\n|upkeep\n|turn|2\n|\n|t:|1700197970\n|switch|p1a: Heatran|Heatran, F|100\/100\n|switch|p2a: Moltres|Moltres|100\/100\n|\n|upkeep\n|turn|3\n|\n|t:|1700197984\n|switch|p1a: Crawdaunt|Crawdaunt, M|100\/100\n|move|p2a: Moltres|Scorching Sands|p1a: Crawdaunt\n|-damage|p1a: Crawdaunt|65\/100\n|\n|upkeep\n|turn|4\n|\n|t:|1700198000\n|move|p1a: Crawdaunt|Knock Off|p2a: Moltres\n|-damage|p2a: Moltres|23\/100\n|-status|p1a: Crawdaunt|brn|[from] ability: Flame Body|[of] p2a: Moltres\n|-enditem|p2a: Moltres|Heavy-Duty Boots|[from] move: Knock Off|[of] p1a: Crawdaunt\n|move|p2a: Moltres|Will-O-Wisp|p1a: Crawdaunt\n|-fail|p1a: Crawdaunt|brn\n|\n|-damage|p1a: Crawdaunt|59\/100 brn|[from] brn\n|upkeep\n|turn|5\n|\n|t:|1700198015\n|switch|p2a: Breloom|Breloom, M|100\/100\n|move|p1a: Crawdaunt|Knock Off|p2a: Breloom\n|-resisted|p2a: Breloom\n|-crit|p2a: Breloom\n|-damage|p2a: Breloom|44\/100\n|-enditem|p2a: Breloom|Loaded Dice|[from] move: Knock Off|[of] p1a: Crawdaunt\n|\n|-damage|p1a: Crawdaunt|53\/100 brn|[from] brn\n|-fieldend|move: Trick Room\n|upkeep\n|turn|6\n|inactive|zhendec has 120 seconds left.\n|\n|t:|1700198035\n|switch|p1a: Cresselia|Cresselia, F|57\/100\n|move|p2a: Breloom|Drain Punch|p1a: Cresselia\n|-resisted|p1a: Cresselia\n|-damage|p1a: Cresselia|45\/100\n|-heal|p2a: Breloom|54\/100|[from] drain|[of] p1a: Cresselia\n|\n|upkeep\n|turn|7\n|inactive|zhendec has 120 seconds left.\n|\n|t:|1700198045\n|move|p2a: Breloom|Bullet Seed|p1a: Cresselia\n|-damage|p1a: Cresselia|35\/100\n|-damage|p1a: Cresselia|23\/100\n|-hitcount|p1a: Cresselia|2\n|move|p1a: Cresselia|Moonlight|p1a: Cresselia\n|-heal|p1a: Cresselia|73\/100\n|\n|upkeep\n|turn|8\n|\n|t:|1700198054\n|move|p2a: Breloom|Bullet Seed|p1a: Cresselia\n|-damage|p1a: Cresselia|63\/100\n|-damage|p1a: Cresselia|53\/100\n|-damage|p1a: Cresselia|40\/100\n|-hitcount|p1a: Cresselia|3\n|move|p1a: Cresselia|Trick Room|p1a: Cresselia\n|-fieldstart|move: Trick Room|[of] p1a: Cresselia\n|\n|upkeep\n|turn|9\n|\n|t:|1700198063\n|move|p1a: Cresselia|Lunar Dance|p1a: Cresselia\n|faint|p1a: Cresselia\n|move|p2a: Breloom|Drain Punch|p1: Cresselia|[notarget]\n|-fail|p2a: Breloom\n|\n|upkeep\n|\n|t:|1700198069\n|switch|p1a: Crawdaunt|Crawdaunt, M|53\/100 brn\n|-heal|p1a: Crawdaunt|100\/100|[from] move: Lunar Dance\n|turn|10\n|\n|t:|1700198084\n|-terastallize|p1a: Crawdaunt|Water\n|-terastallize|p2a: Breloom|Fighting\n|move|p2a: Breloom|Mach Punch|p1a: Crawdaunt\n|-damage|p1a: Crawdaunt|51\/100\n|move|p1a: Crawdaunt|Crabhammer|p2a: Breloom\n|-damage|p2a: Breloom|0 fnt\n|faint|p2a: Breloom\n|\n|upkeep\n|\n|t:|1700198094\n|switch|p2a: Tentacruel|Tentacruel, F|100\/100\n|turn|11\n|\n|t:|1700198115\n|switch|p1a: Mimikyu|Mimikyu, F|100\/100\n|move|p2a: Tentacruel|Giga Drain|p1a: Mimikyu\n|-activate|p1a: Mimikyu|ability: Disguise\n|-damage|p1a: Mimikyu|100\/100\n|detailschange|p1a: Mimikyu|Mimikyu-Busted, F\n|-damage|p1a: Mimikyu|88\/100|[from] pokemon: Mimikyu-Busted\n|\n|upkeep\n|turn|12\n|\n|t:|1700198126\n|move|p2a: Tentacruel|Sludge Bomb|p1a: Mimikyu\n|-damage|p1a: Mimikyu|48\/100\n|move|p1a: Mimikyu|Swords Dance|p1a: Mimikyu\n|-boost|p1a: Mimikyu|atk|2\n|\n|-fieldend|move: Trick Room\n|upkeep\n|turn|13\n|\n|t:|1700198140\n|switch|p2a: Moltres|Moltres|23\/100\n|-zpower|p1a: Mimikyu\n|move|p1a: Mimikyu|Let's Snuggle Forever|p2a: Moltres|[zeffect]\n|-resisted|p2a: Moltres\n|-damage|p2a: Moltres|0 fnt\n|faint|p2a: Moltres\n|\n|upkeep\n|\n|t:|1700198152\n|switch|p2a: Ribombee|Ribombee, F|100\/100\n|turn|14\n|\n|t:|1700198160\n|move|p2a: Ribombee|Psychic|p1a: Mimikyu\n|-damage|p1a: Mimikyu|16\/100\n|move|p1a: Mimikyu|Drain Punch|p2a: Ribombee\n|-resisted|p2a: Ribombee\n|-damage|p2a: Ribombee|79\/100\n|-heal|p1a: Mimikyu|27\/100|[from] drain|[of] p2a: Ribombee\n|\n|upkeep\n|turn|15\n|\n|t:|1700198169\n|move|p2a: Ribombee|Psychic|p1a: Mimikyu\n|-damage|p1a: Mimikyu|0 fnt\n|faint|p1a: Mimikyu\n|\n|upkeep\n|l|\u2606zhendec\n|inactive|zhendec disconnected and has a minute to reconnect!\n|player|p1|\n|j|\u2606zhendec\n|inactive|zhendec reconnected and has 120 seconds left.\n|player|p1|zhendec|hilda\n|\n|t:|1700198198\n|switch|p1a: Beedrill|Beedrill, M|100\/100\n|turn|16\n|\n|t:|1700198204\n|detailschange|p1a: Beedrill|Beedrill-Mega, M\n|-mega|p1a: Beedrill|Beedrill|Beedrillite\n|move|p1a: Beedrill|Poison Jab|p2a: Ribombee\n|-supereffective|p2a: Ribombee\n|-damage|p2a: Ribombee|0 fnt\n|faint|p2a: Ribombee\n|\n|upkeep\n|\n|t:|1700198216\n|switch|p2a: Noivern|Noivern, F|100\/100\n|turn|17\n|l|\u2606zhendec\n|inactive|zhendec disconnected and has a minute to reconnect!\n|player|p1|\n|j|\u2606zhendec\n|inactive|zhendec reconnected and has 115 seconds left.\n|player|p1|zhendec|hilda\n|\n|t:|1700198248\n|move|p1a: Beedrill|U-turn|p2a: Noivern\n|-resisted|p2a: Noivern\n|-damage|p2a: Noivern|64\/100\n|\n|t:|1700198252\n|switch|p1a: Porygon2|Porygon2|100\/100|[from] U-turn\n|-ability|p1a: Porygon2|Download|boost\n|-boost|p1a: Porygon2|spa|1\n|move|p2a: Noivern|Boomburst|p1a: Porygon2\n|-damage|p1a: Porygon2|80\/100\n|-enditem|p2a: Noivern|Throat Spray\n|-boost|p2a: Noivern|spa|1|[from] item: Throat Spray\n|\n|upkeep\n|turn|18\n|inactive|zhendec has 120 seconds left.\n|\n|t:|1700198263\n|move|p2a: Noivern|Boomburst|p1a: Porygon2\n|-damage|p1a: Porygon2|44\/100\n|move|p1a: Porygon2|Trick Room|p1a: Porygon2\n|-fieldstart|move: Trick Room|[of] p1a: Porygon2\n|\n|upkeep\n|turn|19\n|inactive|zhendec has 120 seconds left.\n|\n|t:|1700198269\n|move|p2a: Noivern|Boomburst|p1a: Porygon2\n|-damage|p1a: Porygon2|11\/100\n|move|p1a: Porygon2|Teleport|p1a: Porygon2\n|\n|t:|1700198274\n|switch|p1a: Crawdaunt|Crawdaunt, M, tera:Water|51\/100|[from] Teleport\n|\n|upkeep\n|turn|20\n|\n|t:|1700198282\n|move|p1a: Crawdaunt|Knock Off|p2a: Noivern\n|-damage|p2a: Noivern|0 fnt\n|faint|p2a: Noivern\n|\n|upkeep\n|\n|t:|1700198284\n|switch|p2a: Tentacruel|Tentacruel, F|100\/100\n|turn|21\n|\n|t:|1700198289\n|move|p1a: Crawdaunt|Knock Off|p2a: Tentacruel\n|-damage|p2a: Tentacruel|0 fnt\n|-enditem|p2a: Tentacruel|Assault Vest|[from] move: Knock Off|[of] p1a: Crawdaunt\n|faint|p2a: Tentacruel\n|\n|upkeep\n|\n|t:|1700198291\n|switch|p2a: Electivire|Electivire, F|100\/100\n|turn|22\n|\n|t:|1700198297\n|move|p1a: Crawdaunt|Knock Off|p2a: Electivire\n|-damage|p2a: Electivire|0 fnt\n|-enditem|p2a: Electivire|Punching Glove|[from] move: Knock Off|[of] p1a: Crawdaunt\n|faint|p2a: Electivire\n|\n|win|zhendec\n|raw|zhendec's rating: 1344 &rarr; <strong>1365<\/strong><br \/>(+21 for winning)\n|raw|Grilled Cheems's rating: 1358 &rarr; <strong>1337<\/strong><br \/>(-21 for losing)\n|l|\u2606Grilled Cheems\n","uploadtime":1700198309,"views":22,"p1id":"zhendec","p2id":"grilledcheems","formatid":"gen9nationaldex","rating":1337,"private":0,"password":""}