{"id":"gen9nationaldex-1990594988","p1":"Fransjd","p2":"chige54321","format":"[Gen 9] National Dex","log":"|j|\u2606Fransjd\n|j|\u2606chige54321\n|t:|1699984287\n|gametype|singles\n|player|p1|Fransjd|101|1066\n|player|p2|chige54321|preschooler|1048\n|teamsize|p1|6\n|teamsize|p2|6\n|gen|9\n|tier|[Gen 9] National Dex\n|rated|\n|rule|HP Percentage Mod: HP is shown in percentages\n|rule|Endless Battle Clause: Forcing endless battles is banned\n|rule|OHKO Clause: OHKO moves are banned\n|rule|Evasion Clause: Evasion abilities, items, and moves are banned\n|rule|Evasion Abilities Clause: Evasion abilities are banned\n|rule|Evasion Items Clause: Evasion items are banned\n|rule|Evasion Moves Clause: Evasion moves are banned\n|rule|Species Clause: Limit one of each Pok\u00e9mon\n|rule|Sleep Clause Mod: Limit one foe put to sleep\n|clearpoke\n|poke|p1|Okidogi, M|\n|poke|p1|Tapu Koko|\n|poke|p1|Greninja-*, M|\n|poke|p1|Charizard, M|\n|poke|p1|Kleavor, F|\n|poke|p1|Haxorus, M|\n|poke|p2|Lileep, F|\n|poke|p2|Torkoal, M|\n|poke|p2|Alomomola, M|\n|poke|p2|Toxapex, M|\n|poke|p2|Altaria, F|\n|poke|p2|Claydol|\n|teampreview\n|inactive|Battle timer is ON: inactive players will automatically lose when time's up. (requested by Fransjd)\n|\n|t:|1699984293\n|start\n|switch|p1a: Tapu Koko|Tapu Koko|100\/100\n|switch|p2a: Torkoal|Torkoal, M|100\/100\n|-fieldstart|move: Electric Terrain|[from] ability: Electric Surge|[of] p1a: Tapu Koko\n|-weather|SunnyDay|[from] ability: Drought|[of] p2a: Torkoal\n|turn|1\n|\n|t:|1699984302\n|move|p1a: Tapu Koko|Thunderbolt|p2a: Torkoal\n|-damage|p2a: Torkoal|39\/100\n|move|p2a: Torkoal|Stealth Rock|p1a: Tapu Koko\n|-sidestart|p1: Fransjd|move: Stealth Rock\n|\n|-weather|SunnyDay|[upkeep]\n|upkeep\n|turn|2\n|\n|t:|1699984327\n|switch|p2a: Claydol|Claydol|100\/100\n|move|p1a: Tapu Koko|Volt Switch|p2a: Claydol\n|-immune|p2a: Claydol\n|\n|-weather|SunnyDay|[upkeep]\n|upkeep\n|turn|3\n|\n|t:|1699984338\n|move|p1a: Tapu Koko|Grass Knot|p2a: Claydol\n|-supereffective|p2a: Claydol\n|-damage|p2a: Claydol|65\/100\n|move|p2a: Claydol|Toxic|p1a: Tapu Koko\n|-status|p1a: Tapu Koko|tox\n|\n|-weather|SunnyDay|[upkeep]\n|-heal|p2a: Claydol|71\/100|[from] item: Leftovers\n|-damage|p1a: Tapu Koko|94\/100 tox|[from] psn\n|upkeep\n|turn|4\n|\n|t:|1699984349\n|switch|p1a: Greninja|Greninja, M|100\/100\n|-damage|p1a: Greninja|88\/100|[from] Stealth Rock\n|move|p2a: Claydol|Future Sight|p1a: Greninja\n|-start|p2a: Claydol|move: Future Sight\n|\n|-weather|SunnyDay|[upkeep]\n|-heal|p2a: Claydol|78\/100|[from] item: Leftovers\n|upkeep\n|turn|5\n|\n|t:|1699984360\n|move|p2a: Claydol|Protect|p2a: Claydol\n|-singleturn|p2a: Claydol|Protect\n|move|p1a: Greninja|Dark Pulse|p2a: Claydol\n|-activate|p2a: Claydol|move: Protect\n|\n|-weather|SunnyDay|[upkeep]\n|-heal|p2a: Claydol|84\/100|[from] item: Leftovers\n|-fieldend|move: Electric Terrain\n|upkeep\n|turn|6\n|inactive|chige54321 has 120 seconds left.\n|\n|t:|1699984385\n|move|p1a: Greninja|Dark Pulse|p2a: Claydol\n|-supereffective|p2a: Claydol\n|-damage|p2a: Claydol|34\/100\n|move|p2a: Claydol|Toxic|p1a: Greninja\n|-status|p1a: Greninja|tox\n|\n|-weather|SunnyDay|[upkeep]\n|-end|p1a: Greninja|move: Future Sight\n|-immune|p1a: Greninja\n|-heal|p2a: Claydol|40\/100|[from] item: Leftovers\n|-damage|p1a: Greninja|82\/100 tox|[from] psn\n|upkeep\n|turn|7\n|inactive|chige54321 has 120 seconds left.\n|\n|t:|1699984397\n|move|p2a: Claydol|Protect|p2a: Claydol\n|-singleturn|p2a: Claydol|Protect\n|move|p1a: Greninja|Water Shuriken|p2a: Claydol\n|-activate|p2a: Claydol|move: Protect\n|\n|-weather|SunnyDay|[upkeep]\n|-heal|p2a: Claydol|46\/100|[from] item: Leftovers\n|-damage|p1a: Greninja|70\/100 tox|[from] psn\n|upkeep\n|turn|8\n|inactive|chige54321 has 120 seconds left.\n|\n|t:|1699984410\n|switch|p2a: Alomomola|Alomomola, M|100\/100\n|move|p1a: Greninja|Surf|p2a: Alomomola\n|-resisted|p2a: Alomomola\n|-damage|p2a: Alomomola|89\/100\n|\n|-weather|none\n|-heal|p2a: Alomomola|95\/100|[from] item: Leftovers\n|-damage|p1a: Greninja|52\/100 tox|[from] psn\n|upkeep\n|turn|9\n|inactive|chige54321 has 120 seconds left.\n|\n|t:|1699984422\n|switch|p1a: Haxorus|Haxorus, M|100\/100\n|-damage|p1a: Haxorus|88\/100|[from] Stealth Rock\n|move|p2a: Alomomola|Wish|p2a: Alomomola\n|\n|-heal|p2a: Alomomola|100\/100|[from] item: Leftovers\n|upkeep\n|turn|10\n|inactive|chige54321 has 120 seconds left.\n|\n|t:|1699984440\n|move|p1a: Haxorus|Dragon Dance|p1a: Haxorus\n|-boost|p1a: Haxorus|atk|1\n|-boost|p1a: Haxorus|spe|1\n|move|p2a: Alomomola|Flip Turn|p1a: Haxorus\n|-resisted|p1a: Haxorus\n|-damage|p1a: Haxorus|78\/100\n|\n|t:|1699984450\n|switch|p2a: Torkoal|Torkoal, M|39\/100|[from] Flip Turn\n|-weather|SunnyDay|[from] ability: Drought|[of] p2a: Torkoal\n|\n|-weather|SunnyDay|[upkeep]\n|-heal|p2a: Torkoal|100\/100|[from] move: Wish|[wisher] Alomomola\n|upkeep\n|turn|11\n|\n|t:|1699984468\n|move|p1a: Haxorus|Dragon Dance|p1a: Haxorus\n|-boost|p1a: Haxorus|atk|1\n|-boost|p1a: Haxorus|spe|1\n|move|p2a: Torkoal|Yawn|p1a: Haxorus\n|-start|p1a: Haxorus|move: Yawn|[of] p2a: Torkoal\n|\n|-weather|SunnyDay|[upkeep]\n|upkeep\n|turn|12\n|\n|t:|1699984488\n|move|p1a: Haxorus|Dragon Claw|p2a: Torkoal\n|-crit|p2a: Torkoal\n|-damage|p2a: Torkoal|0 fnt\n|faint|p2a: Torkoal\n|-damage|p1a: Haxorus|68\/100|[from] item: Life Orb\n|\n|-weather|SunnyDay|[upkeep]\n|-end|p1a: Haxorus|move: Yawn|[silent]\n|-status|p1a: Haxorus|slp\n|upkeep\n|\n|t:|1699984497\n|switch|p2a: Altaria|Altaria, F|100\/100\n|turn|13\n|\n|t:|1699984521\n|detailschange|p2a: Altaria|Altaria-Mega, F\n|-mega|p2a: Altaria|Altaria|Altarianite\n|cant|p1a: Haxorus|slp\n|move|p2a: Altaria|Dragon Dance|p2a: Altaria\n|-boost|p2a: Altaria|atk|1\n|-boost|p2a: Altaria|spe|1\n|\n|-weather|SunnyDay|[upkeep]\n|upkeep\n|turn|14\n|\n|t:|1699984535\n|-curestatus|p1a: Haxorus|slp|[msg]\n|move|p1a: Haxorus|Dragon Claw|p2a: Altaria\n|-immune|p2a: Altaria\n|move|p2a: Altaria|Return|p1a: Haxorus\n|-supereffective|p1a: Haxorus\n|-damage|p1a: Haxorus|0 fnt\n|faint|p1a: Haxorus\n|\n|-weather|SunnyDay|[upkeep]\n|upkeep\n|\n|t:|1699984541\n|switch|p1a: Okidogi|Okidogi, M|100\/100\n|-damage|p1a: Okidogi|94\/100|[from] Stealth Rock\n|turn|15\n|inactive|chige54321 has 120 seconds left.\n|\n|t:|1699984552\n|move|p2a: Altaria|Earthquake|p1a: Okidogi\n|-supereffective|p1a: Okidogi\n|-damage|p1a: Okidogi|9\/100\n|move|p1a: Okidogi|Gunk Shot|p2a: Altaria\n|-supereffective|p2a: Altaria\n|-damage|p2a: Altaria|0 fnt\n|faint|p2a: Altaria\n|\n|-weather|SunnyDay|[upkeep]\n|upkeep\n|inactive|chige54321 has 90 seconds left.\n|\n|t:|1699984590\n|switch|p2a: Alomomola|Alomomola, M|100\/100\n|turn|16\n|\n|t:|1699984598\n|move|p1a: Okidogi|Gunk Shot|p2a: Alomomola\n|-damage|p2a: Alomomola|63\/100\n|move|p2a: Alomomola|Wish|p2a: Alomomola\n|\n|-weather|SunnyDay|[upkeep]\n|-heal|p2a: Alomomola|70\/100|[from] item: Leftovers\n|upkeep\n|turn|17\n|\n|t:|1699984607\n|move|p1a: Okidogi|Knock Off|p2a: Alomomola\n|-damage|p2a: Alomomola|48\/100\n|-enditem|p2a: Alomomola|Leftovers|[from] move: Knock Off|[of] p1a: Okidogi\n|move|p2a: Alomomola|Flip Turn|p1a: Okidogi\n|-damage|p1a: Okidogi|2\/100\n|\n|t:|1699984613\n|switch|p2a: Claydol|Claydol|46\/100|[from] Flip Turn\n|\n|-weather|none\n|-heal|p2a: Claydol|100\/100|[from] move: Wish|[wisher] Alomomola\n|upkeep\n|turn|18\n|\n|t:|1699984627\n|switch|p2a: Alomomola|Alomomola, M|81\/100\n|move|p1a: Okidogi|Knock Off|p2a: Alomomola\n|-damage|p2a: Alomomola|66\/100\n|\n|upkeep\n|turn|19\n|\n|t:|1699984637\n|move|p1a: Okidogi|Gunk Shot|p2a: Alomomola|[miss]\n|-miss|p1a: Okidogi|p2a: Alomomola\n|move|p2a: Alomomola|Wish|p2a: Alomomola\n|\n|upkeep\n|turn|20\n|\n|t:|1699984644\n|move|p2a: Alomomola|Protect|p2a: Alomomola\n|-singleturn|p2a: Alomomola|Protect\n|move|p1a: Okidogi|Drain Punch|p2a: Alomomola\n|-activate|p2a: Alomomola|move: Protect\n|\n|-heal|p2a: Alomomola|100\/100|[from] move: Wish|[wisher] Alomomola\n|upkeep\n|turn|21\n|\n|t:|1699984653\n|move|p1a: Okidogi|Drain Punch|p2a: Alomomola\n|-damage|p2a: Alomomola|75\/100\n|-heal|p1a: Okidogi|20\/100|[from] drain|[of] p2a: Alomomola\n|-status|p2a: Alomomola|tox|[from] ability: Toxic Chain|[of] p1a: Okidogi\n|move|p2a: Alomomola|Flip Turn|p1a: Okidogi\n|-damage|p1a: Okidogi|7\/100\n|\n|t:|1699984670\n|switch|p2a: Toxapex|Toxapex, M|100\/100|[from] Flip Turn\n|\n|upkeep\n|turn|22\n|\n|t:|1699984676\n|move|p1a: Okidogi|Knock Off|p2a: Toxapex\n|-damage|p2a: Toxapex|74\/100\n|-enditem|p2a: Toxapex|Black Sludge|[from] move: Knock Off|[of] p1a: Okidogi\n|move|p2a: Toxapex|Scald|p1a: Okidogi\n|-damage|p1a: Okidogi|0 fnt\n|faint|p1a: Okidogi\n|\n|upkeep\n|\n|t:|1699984683\n|switch|p1a: Tapu Koko|Tapu Koko|94\/100 tox\n|-damage|p1a: Tapu Koko|82\/100 tox|[from] Stealth Rock\n|-fieldstart|move: Electric Terrain|[from] ability: Electric Surge|[of] p1a: Tapu Koko\n|turn|23\n|\n|t:|1699984694\n|switch|p2a: Lileep|Lileep, F|100\/100\n|move|p1a: Tapu Koko|Dazzling Gleam|p2a: Lileep\n|-damage|p2a: Lileep|78\/100\n|\n|-damage|p1a: Tapu Koko|76\/100 tox|[from] psn\n|upkeep\n|turn|24\n|\n|t:|1699984707\n|move|p1a: Tapu Koko|Volt Switch|p2a: Lileep\n|-resisted|p2a: Lileep\n|-crit|p2a: Lileep\n|-damage|p2a: Lileep|61\/100\n|\n|t:|1699984710\n|switch|p1a: Kleavor|Kleavor, F|100\/100|[from] Volt Switch\n|-damage|p1a: Kleavor|76\/100|[from] Stealth Rock\n|move|p2a: Lileep|Synthesis|p2a: Lileep\n|-heal|p2a: Lileep|100\/100\n|\n|upkeep\n|turn|25\n|inactive|chige54321 has 120 seconds left.\n|\n|t:|1699984723\n|move|p1a: Kleavor|Stone Axe|p2a: Lileep\n|-damage|p2a: Lileep|55\/100\n|-sidestart|p2: chige54321|move: Stealth Rock\n|move|p2a: Lileep|Toxic|p1a: Kleavor\n|-status|p1a: Kleavor|tox\n|\n|-damage|p1a: Kleavor|70\/100 tox|[from] psn\n|upkeep\n|turn|26\n|inactive|chige54321 has 120 seconds left.\n|\n|t:|1699984735\n|move|p2a: Lileep|Protect|p2a: Lileep\n|-singleturn|p2a: Lileep|Protect\n|move|p1a: Kleavor|Stone Axe|p2a: Lileep\n|-activate|p2a: Lileep|move: Protect\n|\n|-damage|p1a: Kleavor|57\/100 tox|[from] psn\n|upkeep\n|turn|27\n|inactive|chige54321 has 120 seconds left.\n|\n|t:|1699984743\n|move|p1a: Kleavor|Stone Axe|p2a: Lileep\n|-damage|p2a: Lileep|14\/100\n|move|p2a: Lileep|Synthesis|p2a: Lileep\n|-heal|p2a: Lileep|64\/100\n|\n|-damage|p1a: Kleavor|39\/100 tox|[from] psn\n|-fieldend|move: Electric Terrain\n|upkeep\n|turn|28\n|\n|t:|1699984752\n|switch|p1a: Charizard|Charizard, M|100\/100\n|-damage|p1a: Charizard|51\/100|[from] Stealth Rock\n|move|p2a: Lileep|Protect||[still]\n|-fail|p2a: Lileep\n|\n|upkeep\n|turn|29\n|inactive|chige54321 has 120 seconds left.\n|\n|t:|1699984776\n|switch|p2a: Toxapex|Toxapex, M|100\/100\n|-damage|p2a: Toxapex|88\/100|[from] Stealth Rock\n|detailschange|p1a: Charizard|Charizard-Mega-Y, M\n|-mega|p1a: Charizard|Charizard|Charizardite Y\n|-weather|SunnyDay|[from] ability: Drought|[of] p1a: Charizard\n|move|p1a: Charizard|Weather Ball|p2a: Toxapex\n|-resisted|p2a: Toxapex\n|-damage|p2a: Toxapex|58\/100\n|\n|-weather|SunnyDay|[upkeep]\n|upkeep\n|turn|30\n|inactive|chige54321 has 120 seconds left.\n|\n|t:|1699984799\n|move|p2a: Toxapex|Baneful Bunker|p2a: Toxapex\n|-singleturn|p2a: Toxapex|move: Protect\n|move|p1a: Charizard|Air Slash|p2a: Toxapex\n|-activate|p2a: Toxapex|move: Protect\n|\n|-weather|SunnyDay|[upkeep]\n|upkeep\n|turn|31\n|\n|t:|1699984821\n|move|p1a: Charizard|Air Slash|p2a: Toxapex\n|-damage|p2a: Toxapex|24\/100\n|move|p2a: Toxapex|Toxic|p1a: Charizard\n|-status|p1a: Charizard|tox\n|\n|-weather|SunnyDay|[upkeep]\n|-damage|p1a: Charizard|45\/100 tox|[from] psn\n|upkeep\n|turn|32\n|\n|t:|1699984831\n|move|p2a: Toxapex|Baneful Bunker|p2a: Toxapex\n|-singleturn|p2a: Toxapex|move: Protect\n|move|p1a: Charizard|Ancient Power|p2a: Toxapex\n|-activate|p2a: Toxapex|move: Protect\n|\n|-weather|SunnyDay|[upkeep]\n|-damage|p1a: Charizard|32\/100 tox|[from] psn\n|upkeep\n|turn|33\n|\n|t:|1699984845\n|switch|p2a: Claydol|Claydol|100\/100\n|-damage|p2a: Claydol|94\/100|[from] Stealth Rock\n|move|p1a: Charizard|Solar Beam||[still]\n|-prepare|p1a: Charizard|Solar Beam\n|-anim|p1a: Charizard|Solar Beam|p2a: Claydol\n|-supereffective|p2a: Claydol\n|-damage|p2a: Claydol|33\/100\n|\n|-weather|none\n|-heal|p2a: Claydol|39\/100|[from] item: Leftovers\n|-damage|p1a: Charizard|14\/100 tox|[from] psn\n|upkeep\n|turn|34\n|\n|t:|1699984863\n|move|p2a: Claydol|Protect|p2a: Claydol\n|-singleturn|p2a: Claydol|Protect\n|move|p1a: Charizard|Solar Beam||[still]\n|-prepare|p1a: Charizard|Solar Beam\n|\n|-heal|p2a: Claydol|46\/100|[from] item: Leftovers\n|-damage|p1a: Charizard|0 fnt|[from] psn\n|faint|p1a: Charizard\n|upkeep\n|\n|t:|1699984866\n|switch|p1a: Greninja|Greninja, M|52\/100 tox\n|-damage|p1a: Greninja|40\/100 tox|[from] Stealth Rock\n|turn|35\n|inactive|chige54321 has 90 seconds left.\n|\n|t:|1699984888\n|switch|p2a: Alomomola|Alomomola, M|100\/100 tox\n|-damage|p2a: Alomomola|88\/100 tox|[from] Stealth Rock\n|move|p1a: Greninja|Dark Pulse|p2a: Alomomola\n|-damage|p2a: Alomomola|45\/100 tox\n|\n|-damage|p1a: Greninja|34\/100 tox|[from] psn\n|-damage|p2a: Alomomola|39\/100 tox|[from] psn\n|upkeep\n|turn|36\n|inactive|chige54321 has 90 seconds left.\n|\n|t:|1699984907\n|switch|p1a: Kleavor|Kleavor, F|39\/100 tox\n|-damage|p1a: Kleavor|14\/100 tox|[from] Stealth Rock\n|move|p2a: Alomomola|Wish|p2a: Alomomola\n|\n|-damage|p1a: Kleavor|8\/100 tox|[from] psn\n|-damage|p2a: Alomomola|27\/100 tox|[from] psn\n|upkeep\n|turn|37\n|inactive|chige54321 has 90 seconds left.\n|\n|t:|1699984930\n|switch|p2a: Claydol|Claydol|46\/100\n|-damage|p2a: Claydol|39\/100|[from] Stealth Rock\n|move|p1a: Kleavor|X-Scissor|p2a: Claydol\n|-supereffective|p2a: Claydol\n|-damage|p2a: Claydol|0 fnt\n|faint|p2a: Claydol\n|\n|-damage|p1a: Kleavor|0 fnt|[from] psn\n|faint|p1a: Kleavor\n|upkeep\n|\n|t:|1699984949\n|switch|p1a: Tapu Koko|Tapu Koko|76\/100 tox\n|switch|p2a: Toxapex|Toxapex, M|57\/100\n|-damage|p1a: Tapu Koko|63\/100 tox|[from] Stealth Rock\n|-fieldstart|move: Electric Terrain|[from] ability: Electric Surge|[of] p1a: Tapu Koko\n|-damage|p2a: Toxapex|45\/100|[from] Stealth Rock\n|turn|38\n|\n|t:|1699984965\n|move|p1a: Tapu Koko|Thunderbolt|p2a: Toxapex\n|-supereffective|p2a: Toxapex\n|-damage|p2a: Toxapex|0 fnt\n|faint|p2a: Toxapex\n|\n|-damage|p1a: Tapu Koko|57\/100 tox|[from] psn\n|upkeep\n|\n|t:|1699984972\n|switch|p2a: Lileep|Lileep, F|64\/100\n|-damage|p2a: Lileep|52\/100|[from] Stealth Rock\n|turn|39\n|\n|t:|1699984995\n|move|p2a: Lileep|Protect|p2a: Lileep\n|-singleturn|p2a: Lileep|Protect\n|move|p1a: Tapu Koko|Thunderbolt|p2a: Lileep\n|-activate|p2a: Lileep|move: Protect\n|\n|-damage|p1a: Tapu Koko|45\/100 tox|[from] psn\n|upkeep\n|turn|40\n|\n|t:|1699985004\n|-terastallize|p1a: Tapu Koko|Electric\n|move|p1a: Tapu Koko|Thunderbolt|p2a: Lileep\n|-resisted|p2a: Lileep\n|-damage|p2a: Lileep|35\/100\n|move|p2a: Lileep|Synthesis|p2a: Lileep\n|-heal|p2a: Lileep|85\/100\n|\n|-damage|p1a: Tapu Koko|27\/100 tox|[from] psn\n|upkeep\n|turn|41\n|\n|t:|1699985032\n|move|p2a: Lileep|Protect|p2a: Lileep\n|-singleturn|p2a: Lileep|Protect\n|move|p1a: Tapu Koko|Volt Switch|p2a: Lileep\n|-activate|p2a: Lileep|move: Protect\n|\n|-damage|p1a: Tapu Koko|3\/100 tox|[from] psn\n|upkeep\n|turn|42\n|\n|t:|1699985044\n|move|p1a: Tapu Koko|Thunderbolt|p2a: Lileep\n|-resisted|p2a: Lileep\n|-damage|p2a: Lileep|66\/100\n|move|p2a: Lileep|Synthesis|p2a: Lileep\n|-heal|p2a: Lileep|100\/100\n|\n|-damage|p1a: Tapu Koko|0 fnt|[from] psn\n|faint|p1a: Tapu Koko\n|-fieldend|move: Electric Terrain\n|upkeep\n|\n|t:|1699985049\n|switch|p1a: Greninja|Greninja, M|34\/100 tox\n|-damage|p1a: Greninja|22\/100 tox|[from] Stealth Rock\n|turn|43\n|\n|t:|1699985058\n|-terastallize|p2a: Lileep|Ghost\n|move|p1a: Greninja|Ice Beam|p2a: Lileep\n|-damage|p2a: Lileep|87\/100\n|move|p2a: Lileep|Curse|p1a: Greninja\n|-start|p1a: Greninja|Curse|[of] p2a: Lileep\n|-damage|p2a: Lileep|37\/100\n|\n|-damage|p1a: Greninja|16\/100 tox|[from] psn\n|-damage|p1a: Greninja|0 fnt|[from] Curse\n|faint|p1a: Greninja\n|\n|win|chige54321\n|upkeep\n|raw|Fransjd's rating: 1104 &rarr; <strong>1075<\/strong><br \/>(-29 for losing)\n|raw|chige54321's rating: 1048 &rarr; <strong>1086<\/strong><br \/>(+38 for winning)\n|l|\u2606Fransjd\n|j|\u2606Fransjd\n|player|p1|Fransjd|101\n|l|\u2606Fransjd\n|player|p1|\n","uploadtime":1699985091,"views":4,"p1id":"fransjd","p2id":"chige54321","formatid":"gen9nationaldex","rating":1075,"private":0,"password":""}