{"id":"gen9nationaldex-1993869948","p1":"zeonteo","p2":"Bumpers362","format":"[Gen 9] National Dex","log":"|j|\u2606zeonteo\n|j|\u2606Bumpers362\n|t:|1700367799\n|gametype|singles\n|player|p1|zeonteo|pokemonranger-gen4|1396\n|player|p2|Bumpers362|steven|1314\n|teamsize|p1|6\n|teamsize|p2|6\n|gen|9\n|tier|[Gen 9] National Dex\n|rated|\n|rule|HP Percentage Mod: HP is shown in percentages\n|rule|Endless Battle Clause: Forcing endless battles is banned\n|rule|OHKO Clause: OHKO moves are banned\n|rule|Evasion Clause: Evasion abilities, items, and moves are banned\n|rule|Evasion Abilities Clause: Evasion abilities are banned\n|rule|Evasion Items Clause: Evasion items are banned\n|rule|Evasion Moves Clause: Evasion moves are banned\n|rule|Species Clause: Limit one of each Pok\u00e9mon\n|rule|Sleep Clause Mod: Limit one foe put to sleep\n|clearpoke\n|poke|p1|Lopunny, F|\n|poke|p1|Gliscor, F|\n|poke|p1|Skarmory, M|\n|poke|p1|Volcarona, M|\n|poke|p1|Toxapex, F|\n|poke|p1|Garganacl, F|\n|poke|p2|Beedrill, M|\n|poke|p2|Umbreon, F|\n|poke|p2|Grimmsnarl, M|\n|poke|p2|Garganacl, M|\n|poke|p2|Iron Moth|\n|poke|p2|Gliscor, F|\n|teampreview\n|inactive|Battle timer is ON: inactive players will automatically lose when time's up. (requested by Bumpers362)\n|inactive|zeonteo also wants the timer to be on.\n|\n|t:|1700367811\n|start\n|switch|p1a: LOVE|Lopunny, F|100\/100\n|switch|p2a: Gliscor|Gliscor, F|100\/100\n|turn|1\n|\n|t:|1700367821\n|detailschange|p1a: LOVE|Lopunny-Mega, F\n|-mega|p1a: LOVE|Lopunny|Lopunnite\n|move|p2a: Gliscor|Protect|p2a: Gliscor\n|-singleturn|p2a: Gliscor|Protect\n|move|p1a: LOVE|U-turn|p2a: Gliscor\n|-activate|p2a: Gliscor|move: Protect\n|\n|-status|p2a: Gliscor|tox|[from] item: Toxic Orb\n|upkeep\n|turn|2\n|\n|t:|1700367834\n|move|p1a: LOVE|U-turn|p2a: Gliscor\n|-resisted|p2a: Gliscor\n|-damage|p2a: Gliscor|92\/100 tox\n|\n|t:|1700367840\n|switch|p1a: Skarmory|Skarmory, M|100\/100|[from] U-turn\n|move|p2a: Gliscor|Toxic|p1a: Skarmory\n|-immune|p1a: Skarmory\n|\n|-heal|p2a: Gliscor|100\/100 tox|[from] ability: Poison Heal\n|upkeep\n|turn|3\n|\n|t:|1700367850\n|switch|p2a: Grimmsnarl|Grimmsnarl, M|100\/100\n|move|p1a: Skarmory|Stealth Rock|p2a: Grimmsnarl\n|-sidestart|p2: Bumpers362|move: Stealth Rock\n|\n|upkeep\n|turn|4\n|\n|t:|1700367859\n|switch|p1a: Garganacl|Garganacl, F|100\/100\n|move|p2a: Grimmsnarl|Thunder Wave|p1a: Garganacl\n|-immune|p1a: Garganacl|[from] ability: Purifying Salt\n|\n|upkeep\n|turn|5\n|\n|t:|1700367867\n|move|p2a: Grimmsnarl|Reflect|p2a: Grimmsnarl\n|-sidestart|p2: Bumpers362|Reflect\n|move|p1a: Garganacl|Salt Cure|p2a: Grimmsnarl\n|-damage|p2a: Grimmsnarl|92\/100\n|-start|p2a: Grimmsnarl|Salt Cure\n|\n|-damage|p2a: Grimmsnarl|79\/100|[from] Salt Cure\n|upkeep\n|turn|6\n|\n|t:|1700367875\n|switch|p2a: Gliscor|Gliscor, F|100\/100 tox\n|-damage|p2a: Gliscor|88\/100 tox|[from] Stealth Rock\n|move|p1a: Garganacl|Salt Cure|p2a: Gliscor\n|-damage|p2a: Gliscor|83\/100 tox\n|-start|p2a: Gliscor|Salt Cure\n|\n|-heal|p2a: Gliscor|95\/100 tox|[from] ability: Poison Heal\n|-damage|p2a: Gliscor|83\/100 tox|[from] Salt Cure\n|upkeep\n|turn|7\n|\n|t:|1700367887\n|-terastallize|p1a: Garganacl|Water\n|move|p2a: Gliscor|Defog|p1a: Garganacl\n|-unboost|p1a: Garganacl|evasion|1\n|-sideend|p2: Bumpers362|Stealth Rock|[from] move: Defog|[of] p2a: Gliscor\n|move|p1a: Garganacl|Iron Defense|p1a: Garganacl\n|-boost|p1a: Garganacl|def|2\n|\n|-heal|p2a: Gliscor|95\/100 tox|[from] ability: Poison Heal\n|-damage|p2a: Gliscor|83\/100 tox|[from] Salt Cure\n|upkeep\n|turn|8\n|\n|t:|1700367903\n|switch|p2a: Garganacl|Garganacl, M|100\/100\n|move|p1a: Garganacl|Salt Cure|p2a: Garganacl\n|-damage|p2a: Garganacl|97\/100\n|-start|p2a: Garganacl|Salt Cure\n|\n|-heal|p2a: Garganacl|100\/100|[from] item: Leftovers\n|-damage|p2a: Garganacl|88\/100|[from] Salt Cure\n|upkeep\n|turn|9\n|\n|t:|1700367916\n|switch|p1a: Toxapex|Toxapex, F|100\/100\n|-terastallize|p2a: Garganacl|Ghost\n|move|p2a: Garganacl|Salt Cure|p1a: Toxapex\n|-damage|p1a: Toxapex|92\/100\n|-start|p1a: Toxapex|Salt Cure\n|\n|-heal|p1a: Toxapex|99\/100|[from] item: Leftovers\n|-heal|p2a: Garganacl|94\/100|[from] item: Leftovers\n|-damage|p1a: Toxapex|74\/100|[from] Salt Cure\n|-damage|p2a: Garganacl|82\/100|[from] Salt Cure\n|upkeep\n|turn|10\n|\n|t:|1700367931\n|switch|p2a: Umbreon|Umbreon, F, shiny|100\/100\n|switch|p1a: NIGHTMARE|Gliscor, F|100\/100\n|\n|-status|p1a: NIGHTMARE|tox|[from] item: Toxic Orb\n|upkeep\n|turn|11\n|\n|t:|1700367941\n|move|p1a: NIGHTMARE|Toxic|p2a: Umbreon\n|-status|p2a: Umbreon|tox\n|-activate|p2a: Umbreon|ability: Synchronize\n|-fail|p1a: NIGHTMARE|tox\n|move|p2a: Umbreon|Wish|p2a: Umbreon\n|\n|-damage|p2a: Umbreon|94\/100 tox|[from] psn\n|upkeep\n|turn|12\n|\n|t:|1700367952\n|move|p1a: NIGHTMARE|Knock Off|p2a: Umbreon\n|-resisted|p2a: Umbreon\n|-damage|p2a: Umbreon|90\/100 tox\n|-enditem|p2a: Umbreon|Leftovers|[from] move: Knock Off|[of] p1a: NIGHTMARE\n|move|p2a: Umbreon|Foul Play|p1a: NIGHTMARE\n|-crit|p1a: NIGHTMARE\n|-damage|p1a: NIGHTMARE|71\/100 tox\n|\n|-heal|p2a: Umbreon|100\/100 tox|[from] move: Wish|[wisher] Umbreon\n|-heal|p1a: NIGHTMARE|83\/100 tox|[from] ability: Poison Heal\n|-damage|p2a: Umbreon|88\/100 tox|[from] psn\n|-sideend|p2: Bumpers362|Reflect\n|upkeep\n|turn|13\n|\n|t:|1700367965\n|switch|p2a: Gliscor|Gliscor, F|83\/100 tox\n|move|p1a: NIGHTMARE|Knock Off|p2a: Gliscor\n|-damage|p2a: Gliscor|67\/100 tox\n|-enditem|p2a: Gliscor|Toxic Orb|[from] move: Knock Off|[of] p1a: NIGHTMARE\n|\n|-heal|p2a: Gliscor|79\/100 tox|[from] ability: Poison Heal\n|-heal|p1a: NIGHTMARE|95\/100 tox|[from] ability: Poison Heal\n|upkeep\n|turn|14\n|\n|t:|1700367983\n|move|p2a: Gliscor|Protect|p2a: Gliscor\n|-singleturn|p2a: Gliscor|Protect\n|move|p1a: NIGHTMARE|Knock Off|p2a: Gliscor\n|-activate|p2a: Gliscor|move: Protect\n|\n|-heal|p2a: Gliscor|92\/100 tox|[from] ability: Poison Heal\n|-heal|p1a: NIGHTMARE|100\/100 tox|[from] ability: Poison Heal\n|upkeep\n|turn|15\n|\n|t:|1700367993\n|switch|p2a: Grimmsnarl|Grimmsnarl, M|79\/100\n|move|p1a: NIGHTMARE|Knock Off|p2a: Grimmsnarl\n|-resisted|p2a: Grimmsnarl\n|-damage|p2a: Grimmsnarl|73\/100\n|-enditem|p2a: Grimmsnarl|Light Clay|[from] move: Knock Off|[of] p1a: NIGHTMARE\n|\n|upkeep\n|turn|16\n|\n|t:|1700368001\n|move|p2a: Grimmsnarl|Reflect|p2a: Grimmsnarl\n|-sidestart|p2: Bumpers362|Reflect\n|move|p1a: NIGHTMARE|Toxic|p2a: Grimmsnarl\n|-status|p2a: Grimmsnarl|tox\n|\n|-damage|p2a: Grimmsnarl|67\/100 tox|[from] psn\n|upkeep\n|turn|17\n|\n|t:|1700368009\n|move|p2a: Grimmsnarl|Light Screen|p2a: Grimmsnarl\n|-sidestart|p2: Bumpers362|move: Light Screen\n|move|p1a: NIGHTMARE|U-turn|p2a: Grimmsnarl\n|-damage|p2a: Grimmsnarl|57\/100 tox\n|\n|t:|1700368015\n|switch|p1a: Garganacl|Garganacl, F, tera:Water|100\/100|[from] U-turn\n|\n|-damage|p2a: Grimmsnarl|45\/100 tox|[from] psn\n|upkeep\n|turn|18\n|\n|t:|1700368022\n|switch|p2a: Iron Moth|Iron Moth|100\/100\n|move|p1a: Garganacl|Salt Cure|p2a: Iron Moth\n|-supereffective|p2a: Iron Moth\n|-damage|p2a: Iron Moth|76\/100\n|-start|p2a: Iron Moth|Salt Cure\n|\n|-damage|p2a: Iron Moth|63\/100|[from] Salt Cure\n|upkeep\n|turn|19\n|\n|t:|1700368033\n|switch|p1a: Toxapex|Toxapex, F|100\/100\n|move|p2a: Iron Moth|Energy Ball|p1a: Toxapex\n|-damage|p1a: Toxapex|60\/100\n|-unboost|p1a: Toxapex|spd|1\n|\n|-heal|p1a: Toxapex|66\/100|[from] item: Leftovers\n|-damage|p2a: Iron Moth|51\/100|[from] Salt Cure\n|upkeep\n|turn|20\n|\n|t:|1700368044\n|-end|p2a: Iron Moth|Quark Drive|[silent]\n|switch|p2a: Garganacl|Garganacl, M, tera:Ghost|82\/100\n|move|p1a: Toxapex|Baneful Bunker||[still]\n|-fail|p1a: Toxapex\n|\n|-heal|p1a: Toxapex|73\/100|[from] item: Leftovers\n|-heal|p2a: Garganacl|88\/100|[from] item: Leftovers\n|-sideend|p2: Bumpers362|Reflect\n|upkeep\n|turn|21\n|\n|t:|1700368055\n|switch|p1a: NIGHTMARE|Gliscor, F|100\/100 tox\n|move|p2a: Garganacl|Salt Cure|p1a: NIGHTMARE\n|-damage|p1a: NIGHTMARE|93\/100 tox\n|-start|p1a: NIGHTMARE|Salt Cure\n|\n|-heal|p2a: Garganacl|94\/100|[from] item: Leftovers\n|-heal|p1a: NIGHTMARE|100\/100 tox|[from] ability: Poison Heal\n|-damage|p1a: NIGHTMARE|88\/100 tox|[from] Salt Cure\n|-sideend|p2: Bumpers362|move: Light Screen\n|upkeep\n|turn|22\n|\n|t:|1700368069\n|move|p1a: NIGHTMARE|Knock Off|p2a: Garganacl\n|-supereffective|p2a: Garganacl\n|-damage|p2a: Garganacl|72\/100\n|-enditem|p2a: Garganacl|Leftovers|[from] move: Knock Off|[of] p1a: NIGHTMARE\n|move|p2a: Garganacl|Iron Defense|p2a: Garganacl\n|-boost|p2a: Garganacl|def|2\n|\n|-heal|p1a: NIGHTMARE|100\/100 tox|[from] ability: Poison Heal\n|-damage|p1a: NIGHTMARE|88\/100 tox|[from] Salt Cure\n|upkeep\n|turn|23\n|\n|t:|1700368081\n|move|p1a: NIGHTMARE|U-turn|p2a: Garganacl\n|-resisted|p2a: Garganacl\n|-damage|p2a: Garganacl|69\/100\n|\n|t:|1700368086\n|switch|p1a: Garganacl|Garganacl, F, tera:Water|100\/100|[from] U-turn\n|move|p2a: Garganacl|Iron Defense|p2a: Garganacl\n|-boost|p2a: Garganacl|def|2\n|\n|upkeep\n|turn|24\n|\n|t:|1700368101\n|move|p2a: Garganacl|Salt Cure|p1a: Garganacl\n|-damage|p1a: Garganacl|91\/100\n|-start|p1a: Garganacl|Salt Cure\n|move|p1a: Garganacl|Salt Cure|p2a: Garganacl\n|-damage|p2a: Garganacl|67\/100\n|-start|p2a: Garganacl|Salt Cure\n|\n|-heal|p1a: Garganacl|97\/100|[from] item: Leftovers\n|-damage|p2a: Garganacl|54\/100|[from] Salt Cure\n|-damage|p1a: Garganacl|72\/100|[from] Salt Cure\n|upkeep\n|turn|25\n|\n|t:|1700368113\n|switch|p1a: NIGHTMARE|Gliscor, F|88\/100 tox\n|move|p2a: Garganacl|Recover|p2a: Garganacl\n|-heal|p2a: Garganacl|100\/100\n|\n|-heal|p1a: NIGHTMARE|100\/100 tox|[from] ability: Poison Heal\n|-damage|p2a: Garganacl|88\/100|[from] Salt Cure\n|upkeep\n|turn|26\n|\n|t:|1700368126\n|move|p1a: NIGHTMARE|Knock Off|p2a: Garganacl\n|-supereffective|p2a: Garganacl\n|-damage|p2a: Garganacl|83\/100\n|move|p2a: Garganacl|Salt Cure|p1a: NIGHTMARE\n|-damage|p1a: NIGHTMARE|92\/100 tox\n|-start|p1a: NIGHTMARE|Salt Cure\n|\n|-heal|p1a: NIGHTMARE|100\/100 tox|[from] ability: Poison Heal\n|-damage|p1a: NIGHTMARE|88\/100 tox|[from] Salt Cure\n|-damage|p2a: Garganacl|71\/100|[from] Salt Cure\n|upkeep\n|turn|27\n|\n|t:|1700368137\n|move|p1a: NIGHTMARE|U-turn|p2a: Garganacl\n|-resisted|p2a: Garganacl\n|-damage|p2a: Garganacl|69\/100\n|\n|t:|1700368140\n|switch|p1a: Toxapex|Toxapex, F|100\/100|[from] U-turn\n|move|p2a: Garganacl|Iron Defense|p2a: Garganacl\n|-boost|p2a: Garganacl|def|2\n|\n|-damage|p2a: Garganacl|57\/100|[from] Salt Cure\n|upkeep\n|turn|28\n|\n|t:|1700368150\n|move|p1a: Toxapex|Baneful Bunker|p1a: Toxapex\n|-singleturn|p1a: Toxapex|move: Protect\n|move|p2a: Garganacl|Recover|p2a: Garganacl\n|-heal|p2a: Garganacl|100\/100\n|\n|-damage|p2a: Garganacl|88\/100|[from] Salt Cure\n|upkeep\n|turn|29\n|\n|t:|1700368158\n|move|p1a: Toxapex|Haze|p1a: Toxapex\n|-clearallboost\n|move|p2a: Garganacl|Salt Cure|p1a: Toxapex\n|-damage|p1a: Toxapex|93\/100\n|-start|p1a: Toxapex|Salt Cure\n|\n|-heal|p1a: Toxapex|99\/100|[from] item: Leftovers\n|-damage|p1a: Toxapex|74\/100|[from] Salt Cure\n|-damage|p2a: Garganacl|76\/100|[from] Salt Cure\n|upkeep\n|turn|30\n|\n|t:|1700368171\n|switch|p1a: NIGHTMARE|Gliscor, F|88\/100 tox\n|switch|p2a: Umbreon|Umbreon, F, shiny|88\/100 tox\n|\n|-heal|p1a: NIGHTMARE|100\/100 tox|[from] ability: Poison Heal\n|-damage|p2a: Umbreon|82\/100 tox|[from] psn\n|upkeep\n|turn|31\n|\n|t:|1700368180\n|move|p1a: NIGHTMARE|U-turn|p2a: Umbreon\n|-supereffective|p2a: Umbreon\n|-damage|p2a: Umbreon|59\/100 tox\n|\n|t:|1700368197\n|switch|p1a: LOVE|Lopunny-Mega, F|100\/100|[from] U-turn\n|move|p2a: Umbreon|Wish|p2a: Umbreon\n|\n|-damage|p2a: Umbreon|47\/100 tox|[from] psn\n|upkeep\n|turn|32\n|\n|t:|1700368209\n|move|p2a: Umbreon|Protect|p2a: Umbreon\n|-singleturn|p2a: Umbreon|Protect\n|move|p1a: LOVE|U-turn|p2a: Umbreon\n|-activate|p2a: Umbreon|move: Protect\n|\n|-heal|p2a: Umbreon|97\/100 tox|[from] move: Wish|[wisher] Umbreon\n|-damage|p2a: Umbreon|79\/100 tox|[from] psn\n|upkeep\n|turn|33\n|\n|t:|1700368225\n|switch|p2a: Iron Moth|Iron Moth|51\/100\n|move|p1a: LOVE|U-turn|p2a: Iron Moth\n|-resisted|p2a: Iron Moth\n|-damage|p2a: Iron Moth|40\/100\n|\n|t:|1700368235\n|switch|p1a: Toxapex|Toxapex, F|100\/100|[from] U-turn\n|\n|upkeep\n|turn|34\n|\n|t:|1700368243\n|move|p1a: Toxapex|Baneful Bunker|p1a: Toxapex\n|-singleturn|p1a: Toxapex|move: Protect\n|move|p2a: Iron Moth|Psychic|p1a: Toxapex\n|-activate|p1a: Toxapex|move: Protect\n|\n|upkeep\n|turn|35\n|\n|t:|1700368251\n|switch|p1a: Skarmory|Skarmory, M|100\/100\n|move|p2a: Iron Moth|Psychic|p1a: Skarmory\n|-resisted|p1a: Skarmory\n|-damage|p1a: Skarmory|67\/100\n|\n|upkeep\n|turn|36\n|\n|t:|1700368260\n|-end|p2a: Iron Moth|Quark Drive|[silent]\n|switch|p2a: Gliscor|Gliscor, F|92\/100 tox\n|move|p1a: Skarmory|Roost|p1a: Skarmory\n|-heal|p1a: Skarmory|100\/100\n|-singleturn|p1a: Skarmory|move: Roost\n|\n|-heal|p2a: Gliscor|100\/100 tox|[from] ability: Poison Heal\n|upkeep\n|turn|37\n|\n|t:|1700368282\n|switch|p2a: Garganacl|Garganacl, M, tera:Ghost|76\/100\n|move|p1a: Skarmory|Stealth Rock|p2a: Garganacl\n|-sidestart|p2: Bumpers362|move: Stealth Rock\n|\n|upkeep\n|turn|38\n|\n|t:|1700368288\n|switch|p1a: Toxapex|Toxapex, F|100\/100\n|move|p2a: Garganacl|Salt Cure|p1a: Toxapex\n|-damage|p1a: Toxapex|92\/100\n|-start|p1a: Toxapex|Salt Cure\n|\n|-heal|p1a: Toxapex|99\/100|[from] item: Leftovers\n|-damage|p1a: Toxapex|74\/100|[from] Salt Cure\n|upkeep\n|turn|39\n|\n|t:|1700368300\n|switch|p1a: Garganacl|Garganacl, F, tera:Water|72\/100\n|move|p2a: Garganacl|Body Press|p1a: Garganacl\n|-damage|p1a: Garganacl|50\/100\n|\n|-heal|p1a: Garganacl|56\/100|[from] item: Leftovers\n|upkeep\n|turn|40\n|\n|t:|1700368312\n|move|p2a: Garganacl|Salt Cure|p1a: Garganacl\n|-crit|p1a: Garganacl\n|-damage|p1a: Garganacl|42\/100\n|-start|p1a: Garganacl|Salt Cure\n|move|p1a: Garganacl|Salt Cure|p2a: Garganacl\n|-damage|p2a: Garganacl|68\/100\n|-start|p2a: Garganacl|Salt Cure\n|\n|-heal|p1a: Garganacl|49\/100|[from] item: Leftovers\n|-damage|p2a: Garganacl|56\/100|[from] Salt Cure\n|-damage|p1a: Garganacl|24\/100|[from] Salt Cure\n|upkeep\n|turn|41\n|\n|t:|1700368327\n|switch|p2a: Gliscor|Gliscor, F|100\/100 tox\n|-damage|p2a: Gliscor|88\/100 tox|[from] Stealth Rock\n|switch|p1a: NIGHTMARE|Gliscor, F|100\/100 tox\n|\n|-heal|p2a: Gliscor|100\/100 tox|[from] ability: Poison Heal\n|upkeep\n|turn|42\n|\n|t:|1700368341\n|move|p2a: Gliscor|Defog|p1a: NIGHTMARE\n|-unboost|p1a: NIGHTMARE|evasion|1\n|-sideend|p2: Bumpers362|Stealth Rock|[from] move: Defog|[of] p2a: Gliscor\n|move|p1a: NIGHTMARE|U-turn|p2a: Gliscor\n|-resisted|p2a: Gliscor\n|-damage|p2a: Gliscor|95\/100 tox\n|\n|t:|1700368358\n|switch|p1a: Garganacl|Garganacl, F, tera:Water|24\/100|[from] U-turn\n|\n|-heal|p1a: Garganacl|30\/100|[from] item: Leftovers\n|-heal|p2a: Gliscor|100\/100 tox|[from] ability: Poison Heal\n|upkeep\n|turn|43\n|\n|t:|1700368367\n|switch|p1a: NIGHTMARE|Gliscor, F|100\/100 tox\n|move|p2a: Gliscor|Earthquake|p1a: NIGHTMARE\n|-immune|p1a: NIGHTMARE\n|\n|upkeep\n|turn|44\n|\n|t:|1700368379\n|switch|p1a: Toxapex|Toxapex, F|100\/100\n|move|p2a: Gliscor|Protect||[still]\n|-fail|p2a: Gliscor\n|\n|upkeep\n|turn|45\n|\n|t:|1700368385\n|switch|p1a: NIGHTMARE|Gliscor, F|100\/100 tox\n|move|p2a: Gliscor|Earthquake|p1a: NIGHTMARE\n|-immune|p1a: NIGHTMARE\n|\n|upkeep\n|turn|46\n|\n|t:|1700368394\n|switch|p2a: Grimmsnarl|Grimmsnarl, M|45\/100 tox\n|move|p1a: NIGHTMARE|U-turn|p2a: Grimmsnarl\n|-crit|p2a: Grimmsnarl\n|-damage|p2a: Grimmsnarl|15\/100 tox\n|\n|t:|1700368403\n|switch|p1a: Skarmory|Skarmory, M|100\/100|[from] U-turn\n|\n|-damage|p2a: Grimmsnarl|9\/100 tox|[from] psn\n|upkeep\n|turn|47\n|\n|t:|1700368411\n|move|p2a: Grimmsnarl|Thunder Wave|p1a: Skarmory|[miss]\n|-miss|p2a: Grimmsnarl|p1a: Skarmory\n|move|p1a: Skarmory|Whirlwind|p2a: Grimmsnarl\n|drag|p2a: Garganacl|Garganacl, M, tera:Ghost|56\/100\n|\n|upkeep\n|turn|48\n|\n|t:|1700368423\n|switch|p1a: NIGHTMARE|Gliscor, F|100\/100 tox\n|move|p2a: Garganacl|Salt Cure|p1a: NIGHTMARE\n|-damage|p1a: NIGHTMARE|92\/100 tox\n|-start|p1a: NIGHTMARE|Salt Cure\n|\n|-heal|p1a: NIGHTMARE|100\/100 tox|[from] ability: Poison Heal\n|-damage|p1a: NIGHTMARE|88\/100 tox|[from] Salt Cure\n|upkeep\n|turn|49\n|\n|t:|1700368437\n|move|p1a: NIGHTMARE|U-turn|p2a: Garganacl\n|-resisted|p2a: Garganacl\n|-damage|p2a: Garganacl|52\/100\n|\n|t:|1700368443\n|switch|p1a: Toxapex|Toxapex, F|100\/100|[from] U-turn\n|move|p2a: Garganacl|Iron Defense|p2a: Garganacl\n|-boost|p2a: Garganacl|def|2\n|\n|upkeep\n|turn|50\n|\n|t:|1700368456\n|move|p1a: Toxapex|Haze|p1a: Toxapex\n|-clearallboost\n|move|p2a: Garganacl|Recover|p2a: Garganacl\n|-heal|p2a: Garganacl|100\/100\n|\n|upkeep\n|turn|51\n|\n|t:|1700368477\n|switch|p1a: NIGHTMARE|Gliscor, F|88\/100 tox\n|move|p2a: Garganacl|Salt Cure|p1a: NIGHTMARE\n|-crit|p1a: NIGHTMARE\n|-damage|p1a: NIGHTMARE|75\/100 tox\n|-start|p1a: NIGHTMARE|Salt Cure\n|\n|-heal|p1a: NIGHTMARE|88\/100 tox|[from] ability: Poison Heal\n|-damage|p1a: NIGHTMARE|75\/100 tox|[from] Salt Cure\n|upkeep\n|turn|52\n|c|\u2606Bumpers362|do you genuinely find it fun playing full stall teams\n|\n|t:|1700368502\n|move|p1a: NIGHTMARE|U-turn|p2a: Garganacl\n|-resisted|p2a: Garganacl\n|-damage|p2a: Garganacl|97\/100\n|\n|t:|1700368506\n|switch|p1a: Toxapex|Toxapex, F|100\/100|[from] U-turn\n|move|p2a: Garganacl|Iron Defense|p2a: Garganacl\n|-boost|p2a: Garganacl|def|2\n|\n|upkeep\n|turn|53\n|\n|t:|1700368516\n|move|p1a: Toxapex|Haze|p1a: Toxapex\n|-clearallboost\n|move|p2a: Garganacl|Salt Cure|p1a: Toxapex\n|-damage|p1a: Toxapex|93\/100\n|-start|p1a: Toxapex|Salt Cure\n|\n|-heal|p1a: Toxapex|99\/100|[from] item: Leftovers\n|-damage|p1a: Toxapex|74\/100|[from] Salt Cure\n|upkeep\n|turn|54\n|\n|t:|1700368527\n|switch|p1a: NIGHTMARE|Gliscor, F|75\/100 tox\n|move|p2a: Garganacl|Iron Defense|p2a: Garganacl\n|-boost|p2a: Garganacl|def|2\n|\n|-heal|p1a: NIGHTMARE|88\/100 tox|[from] ability: Poison Heal\n|upkeep\n|turn|55\n|\n|t:|1700368537\n|move|p1a: NIGHTMARE|U-turn|p2a: Garganacl\n|-resisted|p2a: Garganacl\n|-damage|p2a: Garganacl|94\/100\n|\n|t:|1700368541\n|switch|p1a: Toxapex|Toxapex, F|100\/100|[from] U-turn\n|move|p2a: Garganacl|Body Press|p1a: Toxapex\n|-resisted|p1a: Toxapex\n|-damage|p1a: Toxapex|83\/100\n|\n|-heal|p1a: Toxapex|89\/100|[from] item: Leftovers\n|upkeep\n|turn|56\n|\n|t:|1700368557\n|switch|p2a: Umbreon|Umbreon, F, shiny|79\/100 tox\n|switch|p1a: NIGHTMARE|Gliscor, F|88\/100 tox\n|\n|-heal|p1a: NIGHTMARE|99\/100 tox|[from] ability: Poison Heal\n|-damage|p2a: Umbreon|73\/100 tox|[from] psn\n|upkeep\n|turn|57\n|\n|t:|1700368574\n|move|p1a: NIGHTMARE|U-turn|p2a: Umbreon\n|-supereffective|p2a: Umbreon\n|-damage|p2a: Umbreon|46\/100 tox\n|\n|t:|1700368579\n|switch|p1a: FIRESTORMZ|Volcarona, M|100\/100|[from] U-turn\n|move|p2a: Umbreon|Wish|p2a: Umbreon\n|\n|-damage|p2a: Umbreon|34\/100 tox|[from] psn\n|upkeep\n|turn|58\n|\n|t:|1700368600\n|switch|p2a: Grimmsnarl|Grimmsnarl, M|9\/100 tox\n|move|p1a: FIRESTORMZ|Fiery Dance|p2a: Grimmsnarl\n|-damage|p2a: Grimmsnarl|0 fnt\n|faint|p2a: Grimmsnarl\n|\n|upkeep\n|inactive|Bumpers362 has 120 seconds left.\n|\n|t:|1700368615\n|switch|p2a: Iron Moth|Iron Moth|40\/100\n|turn|59\n|\n|t:|1700368630\n|move|p2a: Iron Moth|Sludge Wave|p1a: FIRESTORMZ\n|-damage|p1a: FIRESTORMZ|25\/100\n|move|p1a: FIRESTORMZ|Fiery Dance|p2a: Iron Moth\n|-resisted|p2a: Iron Moth\n|-damage|p2a: Iron Moth|17\/100\n|-boost|p1a: FIRESTORMZ|spa|1\n|\n|upkeep\n|turn|60\n|\n|t:|1700368639\n|switch|p1a: Skarmory|Skarmory, M|100\/100\n|move|p2a: Iron Moth|Sludge Wave|p1a: Skarmory\n|-immune|p1a: Skarmory\n|\n|upkeep\n|turn|61\n|\n|t:|1700368648\n|-end|p2a: Iron Moth|Quark Drive|[silent]\n|switch|p2a: Umbreon|Umbreon, F, shiny|34\/100 tox\n|move|p1a: Skarmory|Stealth Rock|p2a: Umbreon\n|-sidestart|p2: Bumpers362|move: Stealth Rock\n|\n|-damage|p2a: Umbreon|28\/100 tox|[from] psn\n|upkeep\n|turn|62\n|\n|t:|1700368657\n|switch|p1a: Toxapex|Toxapex, F|100\/100\n|move|p2a: Umbreon|Wish|p2a: Umbreon\n|\n|-damage|p2a: Umbreon|15\/100 tox|[from] psn\n|upkeep\n|turn|63\n|\n|t:|1700368665\n|move|p2a: Umbreon|Protect|p2a: Umbreon\n|-singleturn|p2a: Umbreon|Protect\n|move|p1a: Toxapex|Scald|p2a: Umbreon\n|-activate|p2a: Umbreon|move: Protect\n|\n|-heal|p2a: Umbreon|65\/100 tox|[from] move: Wish|[wisher] Umbreon\n|-damage|p2a: Umbreon|47\/100 tox|[from] psn\n|upkeep\n|turn|64\n|\n|t:|1700368676\n|move|p2a: Umbreon|Wish|p2a: Umbreon\n|move|p1a: Toxapex|Scald|p2a: Umbreon\n|-damage|p2a: Umbreon|39\/100 tox\n|\n|-damage|p2a: Umbreon|14\/100 tox|[from] psn\n|upkeep\n|turn|65\n|\n|t:|1700368687\n|move|p2a: Umbreon|Foul Play|p1a: Toxapex\n|-damage|p1a: Toxapex|91\/100\n|move|p1a: Toxapex|Scald|p2a: Umbreon\n|-damage|p2a: Umbreon|5\/100 tox\n|\n|-heal|p2a: Umbreon|55\/100 tox|[from] move: Wish|[wisher] Umbreon\n|-heal|p1a: Toxapex|98\/100|[from] item: Leftovers\n|-damage|p2a: Umbreon|25\/100 tox|[from] psn\n|upkeep\n|turn|66\n|\n|t:|1700368699\n|switch|p2a: Gliscor|Gliscor, F|100\/100 tox\n|-damage|p2a: Gliscor|88\/100 tox|[from] Stealth Rock\n|move|p1a: Toxapex|Scald|p2a: Gliscor\n|-supereffective|p2a: Gliscor\n|-damage|p2a: Gliscor|54\/100 tox\n|\n|-heal|p1a: Toxapex|100\/100|[from] item: Leftovers\n|-heal|p2a: Gliscor|66\/100 tox|[from] ability: Poison Heal\n|upkeep\n|turn|67\n|\n|t:|1700368712\n|switch|p1a: NIGHTMARE|Gliscor, F|99\/100 tox\n|move|p2a: Gliscor|Defog|p1a: NIGHTMARE\n|-unboost|p1a: NIGHTMARE|evasion|1\n|-sideend|p2: Bumpers362|Stealth Rock|[from] move: Defog|[of] p2a: Gliscor\n|\n|-heal|p2a: Gliscor|79\/100 tox|[from] ability: Poison Heal\n|-heal|p1a: NIGHTMARE|100\/100 tox|[from] ability: Poison Heal\n|upkeep\n|turn|68\n|\n|t:|1700368726\n|move|p2a: Gliscor|Protect|p2a: Gliscor\n|-singleturn|p2a: Gliscor|Protect\n|move|p1a: NIGHTMARE|Knock Off|p2a: Gliscor\n|-activate|p2a: Gliscor|move: Protect\n|\n|-heal|p2a: Gliscor|91\/100 tox|[from] ability: Poison Heal\n|upkeep\n|turn|69\n|inactive|Bumpers362 has 120 seconds left.\n|inactive|Bumpers362 has 90 seconds left.\n|l|\u2606Bumpers362\n|inactive|Bumpers362 disconnected and has a minute to reconnect!\n|player|p2|\n|j|\u2606Bumpers362\n|inactive|Bumpers362 reconnected and has 65 seconds left.\n|player|p2|Bumpers362|steven\n|inactive|Bumpers362 has 60 seconds left.\n|inactive|Bumpers362 has 30 seconds left.\n|inactive|Bumpers362 has 20 seconds left.\n|\n|t:|1700368857\n|switch|p2a: Garganacl|Garganacl, M, tera:Ghost|94\/100\n|move|p1a: NIGHTMARE|U-turn|p2a: Garganacl\n|-resisted|p2a: Garganacl\n|-damage|p2a: Garganacl|90\/100\n|inactive|Bumpers362 has 25 seconds left this turn.\n|\n|t:|1700368865\n|switch|p1a: Garganacl|Garganacl, F, tera:Water|30\/100|[from] U-turn\n|\n|-heal|p1a: Garganacl|36\/100|[from] item: Leftovers\n|upkeep\n|turn|70\n|inactive|Bumpers362 has 30 seconds left.\n|inactive|Bumpers362 has 20 seconds left.\n|inactive|Bumpers362 has 15 seconds left.\n|inactive|Bumpers362 has 10 seconds left.\n|\n|t:|1700368891\n|move|p2a: Garganacl|Salt Cure|p1a: Garganacl\n|-damage|p1a: Garganacl|27\/100\n|-start|p1a: Garganacl|Salt Cure\n|move|p1a: Garganacl|Recover|p1a: Garganacl\n|-heal|p1a: Garganacl|77\/100\n|\n|-heal|p1a: Garganacl|83\/100|[from] item: Leftovers\n|-damage|p1a: Garganacl|58\/100|[from] Salt Cure\n|upkeep\n|turn|71\n|inactive|Bumpers362 has 20 seconds left this turn.\n|inactive|Bumpers362 has 15 seconds left.\n|inactive|Bumpers362 has 10 seconds left.\n|\n|t:|1700368903\n|switch|p1a: Toxapex|Toxapex, F|100\/100\n|move|p2a: Garganacl|Body Press|p1a: Toxapex\n|-resisted|p1a: Toxapex\n|-damage|p1a: Toxapex|92\/100\n|\n|-heal|p1a: Toxapex|98\/100|[from] item: Leftovers\n|upkeep\n|turn|72\n|inactive|Bumpers362 has 20 seconds left this turn.\n|inactive|Bumpers362 has 15 seconds left.\n|\n|t:|1700368913\n|move|p1a: Toxapex|Scald|p2a: Garganacl\n|-damage|p2a: Garganacl|74\/100\n|move|p2a: Garganacl|Salt Cure|p1a: Toxapex\n|-damage|p1a: Toxapex|90\/100\n|-start|p1a: Toxapex|Salt Cure\n|\n|-heal|p1a: Toxapex|96\/100|[from] item: Leftovers\n|-damage|p1a: Toxapex|71\/100|[from] Salt Cure\n|upkeep\n|turn|73\n|inactive|Bumpers362 has 25 seconds left this turn.\n|inactive|Bumpers362 has 20 seconds left.\n|\n|t:|1700368923\n|move|p1a: Toxapex|Scald|p2a: Garganacl\n|-damage|p2a: Garganacl|57\/100\n|move|p2a: Garganacl|Iron Defense|p2a: Garganacl\n|-boost|p2a: Garganacl|def|2\n|\n|-heal|p1a: Toxapex|77\/100|[from] item: Leftovers\n|-damage|p1a: Toxapex|52\/100|[from] Salt Cure\n|upkeep\n|turn|74\n|inactive|Bumpers362 has 30 seconds left this turn.\n|\n|t:|1700368934\n|move|p2a: Garganacl|Recover|p2a: Garganacl\n|-heal|p2a: Garganacl|100\/100\n|move|p1a: Toxapex|Haze|p1a: Toxapex\n|-clearallboost\n|\n|-heal|p1a: Toxapex|59\/100|[from] item: Leftovers\n|-damage|p1a: Toxapex|34\/100|[from] Salt Cure\n|upkeep\n|turn|75\n|\n|t:|1700368948\n|switch|p1a: Garganacl|Garganacl, F, tera:Water|58\/100\n|move|p2a: Garganacl|Iron Defense|p2a: Garganacl\n|-boost|p2a: Garganacl|def|2\n|\n|-heal|p1a: Garganacl|64\/100|[from] item: Leftovers\n|upkeep\n|turn|76\n|\n|t:|1700368957\n|move|p2a: Garganacl|Salt Cure|p1a: Garganacl\n|-crit|p1a: Garganacl\n|-damage|p1a: Garganacl|50\/100\n|-start|p1a: Garganacl|Salt Cure\n|move|p1a: Garganacl|Salt Cure|p2a: Garganacl\n|-damage|p2a: Garganacl|96\/100\n|-start|p2a: Garganacl|Salt Cure\n|\n|-heal|p1a: Garganacl|56\/100|[from] item: Leftovers\n|-damage|p2a: Garganacl|84\/100|[from] Salt Cure\n|-damage|p1a: Garganacl|31\/100|[from] Salt Cure\n|upkeep\n|turn|77\n|\n|t:|1700368969\n|switch|p1a: NIGHTMARE|Gliscor, F|100\/100 tox\n|move|p2a: Garganacl|Body Press|p1a: NIGHTMARE\n|-resisted|p1a: NIGHTMARE\n|-damage|p1a: NIGHTMARE|82\/100 tox\n|\n|-heal|p1a: NIGHTMARE|95\/100 tox|[from] ability: Poison Heal\n|-damage|p2a: Garganacl|71\/100|[from] Salt Cure\n|upkeep\n|turn|78\n|inactive|Bumpers362 has 60 seconds left.\n|\n|t:|1700368984\n|switch|p2a: Gliscor|Gliscor, F|91\/100 tox\n|move|p1a: NIGHTMARE|U-turn|p2a: Gliscor\n|-resisted|p2a: Gliscor\n|-damage|p2a: Gliscor|85\/100 tox\n|\n|t:|1700368991\n|switch|p1a: Garganacl|Garganacl, F, tera:Water|31\/100|[from] U-turn\n|\n|-heal|p1a: Garganacl|37\/100|[from] item: Leftovers\n|-heal|p2a: Gliscor|98\/100 tox|[from] ability: Poison Heal\n|upkeep\n|turn|79\n|\n|t:|1700368999\n|switch|p1a: Skarmory|Skarmory, M|100\/100\n|move|p2a: Gliscor|Earthquake|p1a: Skarmory\n|-immune|p1a: Skarmory\n|\n|-heal|p2a: Gliscor|100\/100 tox|[from] ability: Poison Heal\n|upkeep\n|turn|80\n|\n|t:|1700369012\n|switch|p2a: Umbreon|Umbreon, F, shiny|25\/100 tox\n|move|p1a: Skarmory|Stealth Rock|p2a: Umbreon\n|-sidestart|p2: Bumpers362|move: Stealth Rock\n|\n|-damage|p2a: Umbreon|19\/100 tox|[from] psn\n|upkeep\n|turn|81\n|\n|t:|1700369022\n|move|p2a: Umbreon|Wish|p2a: Umbreon\n|move|p1a: Skarmory|Whirlwind|p2a: Umbreon\n|drag|p2a: Gliscor|Gliscor, F|100\/100 tox\n|-damage|p2a: Gliscor|88\/100 tox|[from] Stealth Rock\n|\n|-heal|p2a: Gliscor|100\/100 tox|[from] ability: Poison Heal\n|upkeep\n|turn|82\n|\n|t:|1700369034\n|switch|p1a: NIGHTMARE|Gliscor, F|95\/100 tox\n|move|p2a: Gliscor|Defog|p1a: NIGHTMARE\n|-unboost|p1a: NIGHTMARE|evasion|1\n|-sideend|p2: Bumpers362|Stealth Rock|[from] move: Defog|[of] p2a: Gliscor\n|\n|-heal|p1a: NIGHTMARE|100\/100 tox|[from] ability: Poison Heal\n|upkeep\n|turn|83\n|\n|t:|1700369045\n|switch|p2a: Umbreon|Umbreon, F, shiny|19\/100 tox\n|switch|p1a: Skarmory|Skarmory, M|100\/100\n|\n|-damage|p2a: Umbreon|12\/100 tox|[from] psn\n|upkeep\n|turn|84\n|inactive|Bumpers362 has 90 seconds left.\n|\n|t:|1700369053\n|move|p1a: Skarmory|Stealth Rock|p2a: Umbreon\n|-sidestart|p2: Bumpers362|move: Stealth Rock\n|move|p2a: Umbreon|Wish|p2a: Umbreon\n|\n|-damage|p2a: Umbreon|0 fnt|[from] psn\n|faint|p2a: Umbreon\n|upkeep\n|inactive|Bumpers362 has 90 seconds left.\n|\n|t:|1700369060\n|switch|p2a: Gliscor|Gliscor, F|100\/100 tox\n|-damage|p2a: Gliscor|88\/100 tox|[from] Stealth Rock\n|turn|85\n|\n|t:|1700369068\n|switch|p1a: NIGHTMARE|Gliscor, F|100\/100 tox\n|move|p2a: Gliscor|Defog|p1a: NIGHTMARE\n|-unboost|p1a: NIGHTMARE|evasion|1\n|-sideend|p2: Bumpers362|Stealth Rock|[from] move: Defog|[of] p2a: Gliscor\n|\n|-heal|p2a: Gliscor|100\/100 tox|[from] move: Wish|[wisher] Umbreon\n|upkeep\n|turn|86\n|inactive|Bumpers362 has 90 seconds left.\n|\n|t:|1700369080\n|switch|p2a: Beedrill|Beedrill, M|100\/100\n|move|p1a: NIGHTMARE|U-turn|p2a: Beedrill\n|-resisted|p2a: Beedrill\n|-damage|p2a: Beedrill|82\/100\n|\n|t:|1700369094\n|switch|p1a: Skarmory|Skarmory, M|100\/100|[from] U-turn\n|\n|upkeep\n|turn|87\n|\n|t:|1700369101\n|move|p2a: Beedrill|Knock Off|p1a: Skarmory\n|-damage|p1a: Skarmory|84\/100\n|-damage|p2a: Beedrill|65\/100|[from] item: Rocky Helmet|[of] p1a: Skarmory\n|-enditem|p1a: Skarmory|Rocky Helmet|[from] move: Knock Off|[of] p2a: Beedrill\n|move|p1a: Skarmory|Stealth Rock|p2a: Beedrill\n|-sidestart|p2: Bumpers362|move: Stealth Rock\n|\n|upkeep\n|turn|88\n|\n|t:|1700369110\n|switch|p2a: Gliscor|Gliscor, F|100\/100 tox\n|-damage|p2a: Gliscor|88\/100 tox|[from] Stealth Rock\n|move|p1a: Skarmory|Whirlwind|p2a: Gliscor\n|drag|p2a: Beedrill|Beedrill, M|65\/100\n|-damage|p2a: Beedrill|40\/100|[from] Stealth Rock\n|\n|upkeep\n|turn|89\n|\n|t:|1700369122\n|move|p2a: Beedrill|U-turn|p1a: Skarmory\n|-resisted|p1a: Skarmory\n|-damage|p1a: Skarmory|80\/100\n|\n|t:|1700369126\n|switch|p2a: Gliscor|Gliscor, F|88\/100 tox|[from] U-turn\n|-damage|p2a: Gliscor|75\/100 tox|[from] Stealth Rock\n|move|p1a: Skarmory|Stealth Rock||[still]\n|-fail|p1a: Skarmory\n|\n|-heal|p2a: Gliscor|88\/100 tox|[from] ability: Poison Heal\n|upkeep\n|turn|90\n|\n|t:|1700369141\n|switch|p1a: NIGHTMARE|Gliscor, F|100\/100 tox\n|move|p2a: Gliscor|Defog|p1a: NIGHTMARE\n|-unboost|p1a: NIGHTMARE|evasion|1\n|-sideend|p2: Bumpers362|Stealth Rock|[from] move: Defog|[of] p2a: Gliscor\n|\n|-heal|p2a: Gliscor|100\/100 tox|[from] ability: Poison Heal\n|upkeep\n|turn|91\n|\n|t:|1700369151\n|move|p2a: Gliscor|Defog|p1a: NIGHTMARE\n|-unboost|p1a: NIGHTMARE|evasion|1\n|move|p1a: NIGHTMARE|U-turn|p2a: Gliscor\n|-resisted|p2a: Gliscor\n|-damage|p2a: Gliscor|94\/100 tox\n|\n|t:|1700369158\n|switch|p1a: Garganacl|Garganacl, F, tera:Water|37\/100|[from] U-turn\n|\n|-heal|p1a: Garganacl|44\/100|[from] item: Leftovers\n|-heal|p2a: Gliscor|100\/100 tox|[from] ability: Poison Heal\n|upkeep\n|turn|92\n|\n|t:|1700369166\n|move|p2a: Gliscor|Earthquake|p1a: Garganacl\n|-damage|p1a: Garganacl|22\/100\n|move|p1a: Garganacl|Recover|p1a: Garganacl\n|-heal|p1a: Garganacl|72\/100\n|\n|-heal|p1a: Garganacl|78\/100|[from] item: Leftovers\n|upkeep\n|turn|93\n|inactive|zeonteo has 120 seconds left.\n|\n|t:|1700369178\n|switch|p2a: Garganacl|Garganacl, M, tera:Ghost|71\/100\n|move|p1a: Garganacl|Salt Cure|p2a: Garganacl\n|-damage|p2a: Garganacl|64\/100\n|-start|p2a: Garganacl|Salt Cure\n|\n|-heal|p1a: Garganacl|84\/100|[from] item: Leftovers\n|-damage|p2a: Garganacl|52\/100|[from] Salt Cure\n|upkeep\n|turn|94\n|inactive|zeonteo has 120 seconds left.\n|\n|t:|1700369190\n|switch|p1a: NIGHTMARE|Gliscor, F|100\/100 tox\n|move|p2a: Garganacl|Salt Cure|p1a: NIGHTMARE\n|-damage|p1a: NIGHTMARE|92\/100 tox\n|-start|p1a: NIGHTMARE|Salt Cure\n|\n|-heal|p1a: NIGHTMARE|100\/100 tox|[from] ability: Poison Heal\n|-damage|p1a: NIGHTMARE|88\/100 tox|[from] Salt Cure\n|-damage|p2a: Garganacl|40\/100|[from] Salt Cure\n|upkeep\n|turn|95\n|\n|t:|1700369200\n|move|p1a: NIGHTMARE|U-turn|p2a: Garganacl\n|-resisted|p2a: Garganacl\n|-damage|p2a: Garganacl|35\/100\n|\n|t:|1700369207\n|switch|p1a: Skarmory|Skarmory, M|80\/100|[from] U-turn\n|move|p2a: Garganacl|Recover|p2a: Garganacl\n|-heal|p2a: Garganacl|85\/100\n|\n|-damage|p2a: Garganacl|73\/100|[from] Salt Cure\n|upkeep\n|turn|96\n|\n|t:|1700369217\n|move|p1a: Skarmory|Stealth Rock|p2a: Garganacl\n|-sidestart|p2: Bumpers362|move: Stealth Rock\n|move|p2a: Garganacl|Salt Cure|p1a: Skarmory\n|-damage|p1a: Skarmory|72\/100\n|-start|p1a: Skarmory|Salt Cure\n|\n|-damage|p1a: Skarmory|47\/100|[from] Salt Cure\n|-damage|p2a: Garganacl|61\/100|[from] Salt Cure\n|upkeep\n|turn|97\n|\n|t:|1700369231\n|switch|p1a: Toxapex|Toxapex, F|67\/100\n|move|p2a: Garganacl|Recover|p2a: Garganacl\n|-heal|p2a: Garganacl|100\/100\n|\n|-heal|p1a: Toxapex|73\/100|[from] item: Leftovers\n|-damage|p2a: Garganacl|88\/100|[from] Salt Cure\n|upkeep\n|turn|98\n|\n|t:|1700369240\n|switch|p2a: Gliscor|Gliscor, F|100\/100 tox\n|-damage|p2a: Gliscor|88\/100 tox|[from] Stealth Rock\n|move|p1a: Toxapex|Scald|p2a: Gliscor\n|-supereffective|p2a: Gliscor\n|-damage|p2a: Gliscor|55\/100 tox\n|\n|-heal|p1a: Toxapex|79\/100|[from] item: Leftovers\n|-heal|p2a: Gliscor|68\/100 tox|[from] ability: Poison Heal\n|upkeep\n|turn|99\n|\n|t:|1700369251\n|move|p2a: Gliscor|Defog|p1a: Toxapex\n|-unboost|p1a: Toxapex|evasion|1\n|-sideend|p2: Bumpers362|Stealth Rock|[from] move: Defog|[of] p2a: Gliscor\n|move|p1a: Toxapex|Scald|p2a: Gliscor\n|-supereffective|p2a: Gliscor\n|-damage|p2a: Gliscor|35\/100 tox\n|\n|-heal|p1a: Toxapex|86\/100|[from] item: Leftovers\n|-heal|p2a: Gliscor|48\/100 tox|[from] ability: Poison Heal\n|upkeep\n|turn|100\n|inactive|zeonteo has 90 seconds left.\n|\n|t:|1700369268\n|switch|p1a: NIGHTMARE|Gliscor, F|88\/100 tox\n|move|p2a: Gliscor|Protect||[still]\n|-fail|p2a: Gliscor\n|\n|-heal|p2a: Gliscor|60\/100 tox|[from] ability: Poison Heal\n|-heal|p1a: NIGHTMARE|100\/100 tox|[from] ability: Poison Heal\n|upkeep\n|turn|101\n|inactive|zeonteo has 90 seconds left.\n|\n|t:|1700369278\n|move|p2a: Gliscor|Toxic|p1a: NIGHTMARE\n|-fail|p1a: NIGHTMARE|tox\n|move|p1a: NIGHTMARE|U-turn|p2a: Gliscor\n|-resisted|p2a: Gliscor\n|-damage|p2a: Gliscor|54\/100 tox\n|inactive|zeonteo has 90 seconds left.\n|\n|t:|1700369286\n|switch|p1a: Skarmory|Skarmory, M|47\/100|[from] U-turn\n|\n|-heal|p2a: Gliscor|67\/100 tox|[from] ability: Poison Heal\n|upkeep\n|turn|102\n|inactive|zeonteo has 90 seconds left.\n|\n|t:|1700369299\n|move|p2a: Gliscor|Protect|p2a: Gliscor\n|-singleturn|p2a: Gliscor|Protect\n|move|p1a: Skarmory|Stealth Rock|p2a: Gliscor\n|-sidestart|p2: Bumpers362|move: Stealth Rock\n|\n|-heal|p2a: Gliscor|79\/100 tox|[from] ability: Poison Heal\n|upkeep\n|turn|103\n|\n|t:|1700369309\n|move|p2a: Gliscor|Defog|p1a: Skarmory\n|-unboost|p1a: Skarmory|evasion|1\n|-sideend|p2: Bumpers362|Stealth Rock|[from] move: Defog|[of] p2a: Gliscor\n|move|p1a: Skarmory|Roost|p1a: Skarmory\n|-heal|p1a: Skarmory|97\/100\n|-singleturn|p1a: Skarmory|move: Roost\n|\n|-heal|p2a: Gliscor|92\/100 tox|[from] ability: Poison Heal\n|upkeep\n|turn|104\n|\n|t:|1700369319\n|move|p2a: Gliscor|Defog|p1a: Skarmory\n|-unboost|p1a: Skarmory|evasion|1\n|move|p1a: Skarmory|Stealth Rock|p2a: Gliscor\n|-sidestart|p2: Bumpers362|move: Stealth Rock\n|\n|-heal|p2a: Gliscor|100\/100 tox|[from] ability: Poison Heal\n|upkeep\n|turn|105\n|\n|t:|1700369330\n|switch|p1a: NIGHTMARE|Gliscor, F|100\/100 tox\n|move|p2a: Gliscor|Defog|p1a: NIGHTMARE\n|-unboost|p1a: NIGHTMARE|evasion|1\n|-sideend|p2: Bumpers362|Stealth Rock|[from] move: Defog|[of] p2a: Gliscor\n|\n|upkeep\n|turn|106\n|inactive|Bumpers362 has 120 seconds left.\n|\n|t:|1700369349\n|switch|p2a: Garganacl|Garganacl, M, tera:Ghost|88\/100\n|switch|p1a: Skarmory|Skarmory, M|97\/100\n|\n|upkeep\n|turn|107\n|\n|t:|1700369356\n|move|p1a: Skarmory|Stealth Rock|p2a: Garganacl\n|-sidestart|p2: Bumpers362|move: Stealth Rock\n|move|p2a: Garganacl|Salt Cure|p1a: Skarmory\n|-damage|p1a: Skarmory|89\/100\n|-start|p1a: Skarmory|Salt Cure\n|\n|-damage|p1a: Skarmory|64\/100|[from] Salt Cure\n|upkeep\n|turn|108\n|\n|t:|1700369368\n|switch|p1a: Toxapex|Toxapex, F|100\/100\n|move|p2a: Garganacl|Iron Defense|p2a: Garganacl\n|-boost|p2a: Garganacl|def|2\n|\n|upkeep\n|turn|109\n|\n|t:|1700369374\n|move|p1a: Toxapex|Scald|p2a: Garganacl\n|-damage|p2a: Garganacl|73\/100\n|move|p2a: Garganacl|Iron Defense|p2a: Garganacl\n|-boost|p2a: Garganacl|def|2\n|\n|upkeep\n|turn|110\n|\n|t:|1700369381\n|move|p1a: Toxapex|Haze|p1a: Toxapex\n|-clearallboost\n|move|p2a: Garganacl|Body Press|p1a: Toxapex\n|-resisted|p1a: Toxapex\n|-damage|p1a: Toxapex|92\/100\n|\n|-heal|p1a: Toxapex|99\/100|[from] item: Leftovers\n|upkeep\n|turn|111\n|\n|t:|1700369392\n|move|p1a: Toxapex|Scald|p2a: Garganacl\n|-damage|p2a: Garganacl|58\/100\n|move|p2a: Garganacl|Salt Cure|p1a: Toxapex\n|-damage|p1a: Toxapex|91\/100\n|-start|p1a: Toxapex|Salt Cure\n|\n|-heal|p1a: Toxapex|97\/100|[from] item: Leftovers\n|-damage|p1a: Toxapex|72\/100|[from] Salt Cure\n|upkeep\n|turn|112\n|inactive|zeonteo has 60 seconds left.\n|\n|t:|1700369402\n|switch|p1a: NIGHTMARE|Gliscor, F|100\/100 tox\n|move|p2a: Garganacl|Recover|p2a: Garganacl\n|-heal|p2a: Garganacl|100\/100\n|\n|upkeep\n|turn|113\n|inactive|zeonteo has 60 seconds left.\n|\n|t:|1700369410\n|move|p1a: NIGHTMARE|Knock Off|p2a: Garganacl\n|-supereffective|p2a: Garganacl\n|-damage|p2a: Garganacl|85\/100\n|move|p2a: Garganacl|Salt Cure|p1a: NIGHTMARE\n|-damage|p1a: NIGHTMARE|92\/100 tox\n|-start|p1a: NIGHTMARE|Salt Cure\n|\n|-heal|p1a: NIGHTMARE|100\/100 tox|[from] ability: Poison Heal\n|-damage|p1a: NIGHTMARE|88\/100 tox|[from] Salt Cure\n|upkeep\n|turn|114\n|inactive|zeonteo has 60 seconds left.\n|\n|t:|1700369420\n|switch|p1a: Toxapex|Toxapex, F|100\/100\n|move|p2a: Garganacl|Iron Defense|p2a: Garganacl\n|-boost|p2a: Garganacl|def|2\n|\n|upkeep\n|turn|115\n|\n|t:|1700369427\n|move|p2a: Garganacl|Iron Defense|p2a: Garganacl\n|-boost|p2a: Garganacl|def|2\n|move|p1a: Toxapex|Scald|p2a: Garganacl\n|-damage|p2a: Garganacl|70\/100\n|\n|upkeep\n|turn|116\n|\n|t:|1700369434\n|move|p1a: Toxapex|Haze|p1a: Toxapex\n|-clearallboost\n|move|p2a: Garganacl|Body Press|p1a: Toxapex\n|-resisted|p1a: Toxapex\n|-damage|p1a: Toxapex|91\/100\n|\n|-heal|p1a: Toxapex|97\/100|[from] item: Leftovers\n|upkeep\n|turn|117\n|\n|t:|1700369443\n|move|p2a: Garganacl|Iron Defense|p2a: Garganacl\n|-boost|p2a: Garganacl|def|2\n|move|p1a: Toxapex|Scald|p2a: Garganacl\n|-damage|p2a: Garganacl|53\/100\n|\n|-heal|p1a: Toxapex|100\/100|[from] item: Leftovers\n|upkeep\n|turn|118\n|\n|t:|1700369454\n|move|p1a: Toxapex|Scald|p2a: Garganacl\n|-damage|p2a: Garganacl|38\/100\n|move|p2a: Garganacl|Recover|p2a: Garganacl\n|-heal|p2a: Garganacl|88\/100\n|\n|upkeep\n|turn|119\n|\n|t:|1700369474\n|move|p2a: Garganacl|Iron Defense|p2a: Garganacl\n|-boost|p2a: Garganacl|def|2\n|move|p1a: Toxapex|Scald|p2a: Garganacl\n|-damage|p2a: Garganacl|74\/100\n|\n|upkeep\n|turn|120\n|\n|t:|1700369481\n|switch|p2a: Iron Moth|Iron Moth|17\/100\n|-damage|p2a: Iron Moth|0 fnt|[from] Stealth Rock\n|faint|p2a: Iron Moth\n|-end|p2a: Iron Moth|Quark Drive|[silent]\n|move|p1a: Toxapex|Haze|p1a: Toxapex\n|-clearallboost\n|\n|upkeep\n|\n|t:|1700369485\n|switch|p2a: Gliscor|Gliscor, F|100\/100 tox\n|-damage|p2a: Gliscor|88\/100 tox|[from] Stealth Rock\n|turn|121\n|\n|t:|1700369494\n|switch|p1a: Skarmory|Skarmory, M|64\/100\n|move|p2a: Gliscor|Defog|p1a: Skarmory\n|-unboost|p1a: Skarmory|evasion|1\n|-sideend|p2: Bumpers362|Stealth Rock|[from] move: Defog|[of] p2a: Gliscor\n|\n|-heal|p2a: Gliscor|100\/100 tox|[from] ability: Poison Heal\n|upkeep\n|turn|122\n|inactive|Bumpers362 has 120 seconds left.\n|inactive|Bumpers362 has 90 seconds left.\n|inactive|Bumpers362 has 60 seconds left.\n|inactive|Bumpers362 has 30 seconds left.\n|inactive|Bumpers362 has 20 seconds left.\n|inactive|Bumpers362 has 15 seconds left.\n|inactive|Bumpers362 has 10 seconds left.\n|inactive|Bumpers362 has 5 seconds left.\n|-message|Bumpers362 lost due to inactivity.\n|\n|win|zeonteo\n|raw|zeonteo's rating: 1396 &rarr; <strong>1411<\/strong><br \/>(+15 for winning)\n|raw|Bumpers362's rating: 1314 &rarr; <strong>1299<\/strong><br \/>(-15 for losing)\n|c|\u2606zeonteo|gg\n","uploadtime":1700369673,"views":25,"p1id":"zeonteo","p2id":"bumpers362","formatid":"gen9nationaldex","rating":1299,"private":0,"password":""}