{"id":"gen9nationaldex-1991580564","p1":"SkDoodleee","p2":"Kozuru_Koken","format":"[Gen 9] National Dex","log":"|j|\u2606SkDoodleee\n|j|\u2606Kozuru_Koken\n|t:|1700090603\n|gametype|singles\n|player|p1|SkDoodleee|unknown|1301\n|player|p2|Kozuru_Koken|red|1297\n|teamsize|p1|6\n|teamsize|p2|6\n|gen|9\n|tier|[Gen 9] National Dex\n|rated|\n|rule|HP Percentage Mod: HP is shown in percentages\n|rule|Endless Battle Clause: Forcing endless battles is banned\n|rule|OHKO Clause: OHKO moves are banned\n|rule|Evasion Clause: Evasion abilities, items, and moves are banned\n|rule|Evasion Abilities Clause: Evasion abilities are banned\n|rule|Evasion Items Clause: Evasion items are banned\n|rule|Evasion Moves Clause: Evasion moves are banned\n|rule|Species Clause: Limit one of each Pok\u00e9mon\n|rule|Sleep Clause Mod: Limit one foe put to sleep\n|clearpoke\n|poke|p1|Jirachi|\n|poke|p1|Toxapex, F|\n|poke|p1|Zapdos|\n|poke|p1|Gliscor, M|\n|poke|p1|Victini|\n|poke|p1|Rotom-Wash|\n|poke|p2|Zapdos|\n|poke|p2|Pidgeot, F|\n|poke|p2|Corviknight, F|\n|poke|p2|Dragonite, F|\n|poke|p2|Gyarados, M|\n|poke|p2|Moltres-Galar|\n|teampreview\n|inactive|Battle timer is ON: inactive players will automatically lose when time's up. (requested by SkDoodleee)\n|\n|t:|1700090615\n|start\n|switch|p1a: Rotom|Rotom-Wash|100\/100\n|switch|p2a: Gyarados|Gyarados, M|100\/100\n|turn|1\n|c|\u2606SkDoodleee|glhf\n|\n|t:|1700090624\n|-terastallize|p2a: Gyarados|Ground\n|move|p2a: Gyarados|Dragon Dance|p2a: Gyarados\n|-boost|p2a: Gyarados|atk|1\n|-boost|p2a: Gyarados|spe|1\n|move|p1a: Rotom|Volt Switch|p2a: Gyarados\n|-immune|p2a: Gyarados\n|\n|upkeep\n|turn|2\n|\n|t:|1700090636\n|move|p2a: Gyarados|Crunch|p1a: Rotom\n|-damage|p1a: Rotom|58\/100\n|-unboost|p1a: Rotom|def|1\n|-damage|p2a: Gyarados|91\/100|[from] item: Life Orb\n|move|p1a: Rotom|Hydro Pump|p2a: Gyarados\n|-supereffective|p2a: Gyarados\n|-damage|p2a: Gyarados|9\/100\n|\n|-heal|p1a: Rotom|64\/100|[from] item: Leftovers\n|upkeep\n|turn|3\n|\n|t:|1700090646\n|move|p1a: Rotom|Protect|p1a: Rotom\n|-singleturn|p1a: Rotom|Protect\n|move|p2a: Gyarados|Crunch|p1a: Rotom\n|-activate|p1a: Rotom|move: Protect\n|\n|-heal|p1a: Rotom|71\/100|[from] item: Leftovers\n|upkeep\n|turn|4\n|\n|t:|1700090657\n|switch|p1a: Toxapex|Toxapex, F|100\/100\n|move|p2a: Gyarados|Crunch|p1a: Toxapex\n|-damage|p1a: Toxapex|65\/100\n|-damage|p2a: Gyarados|0 fnt|[from] item: Life Orb\n|faint|p2a: Gyarados\n|\n|-heal|p1a: Toxapex|72\/100|[from] item: Leftovers\n|upkeep\n|\n|t:|1700090664\n|switch|p2a: Corviknight|Corviknight, F|100\/100\n|turn|5\n|\n|t:|1700090676\n|move|p2a: Corviknight|Agility|p2a: Corviknight\n|-boost|p2a: Corviknight|spe|2\n|move|p1a: Toxapex|Infestation|p2a: Corviknight\n|-resisted|p2a: Corviknight\n|-damage|p2a: Corviknight|99\/100\n|-activate|p2a: Corviknight|move: Infestation|[of] p1a: Toxapex\n|\n|-heal|p2a: Corviknight|100\/100|[from] item: Leftovers\n|-heal|p1a: Toxapex|78\/100|[from] item: Leftovers\n|-damage|p2a: Corviknight|88\/100|[from] move: Infestation|[partiallytrapped]\n|upkeep\n|turn|6\n|\n|t:|1700090692\n|move|p2a: Corviknight|Nasty Plot|p2a: Corviknight\n|-boost|p2a: Corviknight|spa|2\n|move|p1a: Toxapex|Haze|p1a: Toxapex\n|-clearallboost\n|\n|-heal|p2a: Corviknight|94\/100|[from] item: Leftovers\n|-heal|p1a: Toxapex|84\/100|[from] item: Leftovers\n|-damage|p2a: Corviknight|82\/100|[from] move: Infestation|[partiallytrapped]\n|upkeep\n|turn|7\n|\n|t:|1700090701\n|move|p2a: Corviknight|Nasty Plot|p2a: Corviknight\n|-boost|p2a: Corviknight|spa|2\n|move|p1a: Toxapex|Haze|p1a: Toxapex\n|-clearallboost\n|\n|-heal|p2a: Corviknight|88\/100|[from] item: Leftovers\n|-heal|p1a: Toxapex|90\/100|[from] item: Leftovers\n|-damage|p2a: Corviknight|76\/100|[from] move: Infestation|[partiallytrapped]\n|upkeep\n|turn|8\n|\n|t:|1700090712\n|move|p2a: Corviknight|Air Slash|p1a: Toxapex\n|-damage|p1a: Toxapex|70\/100\n|move|p1a: Toxapex|Haze|p1a: Toxapex\n|-clearallboost\n|\n|-heal|p2a: Corviknight|82\/100|[from] item: Leftovers\n|-heal|p1a: Toxapex|76\/100|[from] item: Leftovers\n|-damage|p2a: Corviknight|69\/100|[from] move: Infestation|[partiallytrapped]\n|upkeep\n|turn|9\n|\n|t:|1700090728\n|switch|p1a: Zapdos|Zapdos|100\/100\n|move|p2a: Corviknight|Nasty Plot|p2a: Corviknight\n|-boost|p2a: Corviknight|spa|2\n|\n|-heal|p2a: Corviknight|75\/100|[from] item: Leftovers\n|-end|p2a: Corviknight|Infestation|[partiallytrapped]|[silent]\n|upkeep\n|turn|10\n|\n|t:|1700090742\n|move|p1a: Zapdos|Volt Switch|p2a: Corviknight\n|-supereffective|p2a: Corviknight\n|-damage|p2a: Corviknight|21\/100\n|\n|t:|1700090745\n|switch|p1a: Toxapex|Toxapex, F|100\/100|[from] Volt Switch\n|move|p2a: Corviknight|Agility|p2a: Corviknight\n|-boost|p2a: Corviknight|spe|2\n|\n|-heal|p2a: Corviknight|27\/100|[from] item: Leftovers\n|upkeep\n|turn|11\n|\n|t:|1700090753\n|move|p2a: Corviknight|Air Slash|p1a: Toxapex\n|-damage|p1a: Toxapex|63\/100\n|cant|p1a: Toxapex|flinch\n|\n|-heal|p2a: Corviknight|33\/100|[from] item: Leftovers\n|-heal|p1a: Toxapex|69\/100|[from] item: Leftovers\n|upkeep\n|turn|12\n|\n|t:|1700090760\n|move|p2a: Corviknight|Air Slash|p1a: Toxapex\n|-damage|p1a: Toxapex|29\/100\n|cant|p1a: Toxapex|flinch\n|\n|-heal|p2a: Corviknight|39\/100|[from] item: Leftovers\n|-heal|p1a: Toxapex|35\/100|[from] item: Leftovers\n|upkeep\n|turn|13\n|\n|t:|1700090773\n|switch|p1a: Zapdos|Zapdos|100\/100\n|move|p2a: Corviknight|Air Slash|p1a: Zapdos\n|-resisted|p1a: Zapdos\n|-crit|p1a: Zapdos\n|-damage|p1a: Zapdos|64\/100\n|\n|-heal|p2a: Corviknight|45\/100|[from] item: Leftovers\n|upkeep\n|turn|14\n|\n|t:|1700090787\n|move|p2a: Corviknight|Air Slash|p1a: Zapdos\n|-resisted|p1a: Zapdos\n|-damage|p1a: Zapdos|39\/100\n|cant|p1a: Zapdos|flinch\n|\n|-heal|p2a: Corviknight|51\/100|[from] item: Leftovers\n|upkeep\n|turn|15\n|\n|t:|1700090793\n|move|p2a: Corviknight|Air Slash|p1a: Zapdos\n|-resisted|p1a: Zapdos\n|-damage|p1a: Zapdos|14\/100\n|cant|p1a: Zapdos|flinch\n|\n|-heal|p2a: Corviknight|57\/100|[from] item: Leftovers\n|upkeep\n|turn|16\n|c|\u2606SkDoodleee|...\n|c|\u2606SkDoodleee|alright\n|c|\u2606Kozuru_Koken|Omg\n|\n|t:|1700090820\n|switch|p1a: Toxapex|Toxapex, F|69\/100\n|move|p2a: Corviknight|Flash Cannon|p1a: Toxapex\n|-resisted|p1a: Toxapex\n|-damage|p1a: Toxapex|46\/100\n|\n|-heal|p2a: Corviknight|63\/100|[from] item: Leftovers\n|-heal|p1a: Toxapex|52\/100|[from] item: Leftovers\n|upkeep\n|turn|17\n|c|\u2606Kozuru_Koken|Flinch god corviknight\n|\n|t:|1700090828\n|move|p2a: Corviknight|Air Slash|p1a: Toxapex\n|-damage|p1a: Toxapex|8\/100\n|move|p1a: Toxapex|Haze|p1a: Toxapex\n|-clearallboost\n|\n|-heal|p2a: Corviknight|69\/100|[from] item: Leftovers\n|-heal|p1a: Toxapex|14\/100|[from] item: Leftovers\n|upkeep\n|turn|18\n|\n|t:|1700090836\n|switch|p1a: Rotom|Rotom-Wash|71\/100\n|move|p2a: Corviknight|Air Slash|p1a: Rotom\n|-resisted|p1a: Rotom\n|-damage|p1a: Rotom|59\/100\n|\n|-heal|p1a: Rotom|65\/100|[from] item: Leftovers\n|-heal|p2a: Corviknight|75\/100|[from] item: Leftovers\n|upkeep\n|turn|19\n|\n|t:|1700090846\n|move|p1a: Rotom|Thunder Wave|p2a: Corviknight\n|-status|p2a: Corviknight|par\n|move|p2a: Corviknight|Agility|p2a: Corviknight\n|-boost|p2a: Corviknight|spe|2\n|\n|-heal|p1a: Rotom|71\/100|[from] item: Leftovers\n|-heal|p2a: Corviknight|81\/100 par|[from] item: Leftovers\n|upkeep\n|turn|20\n|\n|t:|1700090855\n|move|p1a: Rotom|Volt Switch|p2a: Corviknight\n|-supereffective|p2a: Corviknight\n|-damage|p2a: Corviknight|33\/100 par\n|\n|t:|1700090865\n|switch|p1a: Toxapex|Toxapex, F|48\/100|[from] Volt Switch\n|move|p2a: Corviknight|Nasty Plot|p2a: Corviknight\n|-boost|p2a: Corviknight|spa|2\n|\n|-heal|p2a: Corviknight|39\/100 par|[from] item: Leftovers\n|-heal|p1a: Toxapex|54\/100|[from] item: Leftovers\n|upkeep\n|turn|21\n|\n|t:|1700090878\n|move|p2a: Corviknight|Air Slash|p1a: Toxapex\n|-damage|p1a: Toxapex|14\/100\n|move|p1a: Toxapex|Haze|p1a: Toxapex\n|-clearallboost\n|\n|-heal|p1a: Toxapex|20\/100|[from] item: Leftovers\n|-heal|p2a: Corviknight|45\/100 par|[from] item: Leftovers\n|upkeep\n|turn|22\n|\n|t:|1700090888\n|switch|p1a: Rotom|Rotom-Wash|71\/100\n|move|p2a: Corviknight|Nasty Plot|p2a: Corviknight\n|-boost|p2a: Corviknight|spa|2\n|\n|-heal|p1a: Rotom|77\/100|[from] item: Leftovers\n|-heal|p2a: Corviknight|51\/100 par|[from] item: Leftovers\n|upkeep\n|turn|23\n|\n|t:|1700090895\n|move|p1a: Rotom|Volt Switch|p2a: Corviknight\n|-supereffective|p2a: Corviknight\n|-damage|p2a: Corviknight|0 fnt\n|faint|p2a: Corviknight\n|\n|t:|1700090900\n|switch|p1a: Zapdos|Zapdos|14\/100|[from] Volt Switch\n|\n|upkeep\n|\n|t:|1700090903\n|switch|p2a: Zapdos|Zapdos|100\/100\n|turn|24\n|\n|t:|1700090909\n|move|p2a: Zapdos|Ominous Wind|p1a: Zapdos\n|-damage|p1a: Zapdos|0 fnt\n|faint|p1a: Zapdos\n|\n|upkeep\n|\n|t:|1700090919\n|switch|p1a: Toxapex|Toxapex, F|53\/100\n|turn|25\n|inactive|Kozuru_Koken has 120 seconds left.\n|\n|t:|1700090961\n|switch|p1a: Gliscor|Gliscor, M|100\/100\n|move|p2a: Zapdos|Discharge|p1a: Gliscor\n|-immune|p1a: Gliscor\n|\n|-status|p1a: Gliscor|tox|[from] item: Toxic Orb\n|upkeep\n|turn|26\n|\n|t:|1700090979\n|move|p2a: Zapdos|Hurricane|p1a: Gliscor\n|-damage|p1a: Gliscor|24\/100 tox\n|-start|p1a: Gliscor|confusion\n|-activate|p1a: Gliscor|confusion\n|move|p1a: Gliscor|Swords Dance|p1a: Gliscor\n|-boost|p1a: Gliscor|atk|2\n|\n|-heal|p1a: Gliscor|36\/100 tox|[from] ability: Poison Heal\n|upkeep\n|turn|27\n|inactive|Kozuru_Koken has 120 seconds left.\n|inactive|Kozuru_Koken has 90 seconds left.\n|\n|t:|1700091020\n|-activate|p1a: Gliscor|confusion\n|-damage|p1a: Gliscor|16\/100 tox|[from] confusion\n|move|p2a: Zapdos|Hurricane|p1a: Gliscor|[miss]\n|-miss|p2a: Zapdos|p1a: Gliscor\n|\n|-heal|p1a: Gliscor|28\/100 tox|[from] ability: Poison Heal\n|upkeep\n|turn|28\n|\n|t:|1700091032\n|switch|p1a: Rotom|Rotom-Wash|77\/100\n|move|p2a: Zapdos|Ominous Wind|p1a: Rotom\n|-damage|p1a: Rotom|54\/100\n|\n|-heal|p1a: Rotom|60\/100|[from] item: Leftovers\n|upkeep\n|turn|29\n|\n|t:|1700091050\n|move|p2a: Zapdos|Discharge|p1a: Rotom\n|-damage|p1a: Rotom|19\/100\n|move|p1a: Rotom|Volt Switch|p2a: Zapdos\n|-damage|p2a: Zapdos|71\/100\n|\n|t:|1700091060\n|switch|p1a: Victini|Victini|100\/100|[from] Volt Switch\n|\n|-heal|p2a: Zapdos|77\/100|[from] item: Leftovers\n|upkeep\n|turn|30\n|\n|t:|1700091069\n|move|p1a: Victini|V-create|p2a: Zapdos\n|-damage|p2a: Zapdos|0 fnt\n|-unboost|p1a: Victini|spe|1\n|-unboost|p1a: Victini|def|1\n|-unboost|p1a: Victini|spd|1\n|faint|p2a: Zapdos\n|\n|upkeep\n|\n|t:|1700091072\n|switch|p2a: Pidgeot|Pidgeot, F|100\/100\n|turn|31\n|inactive|Kozuru_Koken has 120 seconds left.\n|\n|t:|1700091088\n|switch|p1a: Gliscor|Gliscor, M|28\/100 tox\n|detailschange|p2a: Pidgeot|Pidgeot-Mega, F\n|-mega|p2a: Pidgeot|Pidgeot|Pidgeotite\n|move|p2a: Pidgeot|Substitute|p2a: Pidgeot\n|-start|p2a: Pidgeot|Substitute\n|-damage|p2a: Pidgeot|76\/100\n|\n|-heal|p1a: Gliscor|40\/100 tox|[from] ability: Poison Heal\n|upkeep\n|turn|32\n|\n|t:|1700091098\n|move|p2a: Pidgeot|Work Up|p2a: Pidgeot\n|-boost|p2a: Pidgeot|atk|1\n|-boost|p2a: Pidgeot|spa|1\n|move|p1a: Gliscor|Facade|p2a: Pidgeot\n|-end|p2a: Pidgeot|Substitute\n|\n|-heal|p1a: Gliscor|53\/100 tox|[from] ability: Poison Heal\n|upkeep\n|turn|33\n|inactive|Kozuru_Koken has 120 seconds left.\n|\n|t:|1700091115\n|move|p2a: Pidgeot|Hurricane|p1a: Gliscor\n|-damage|p1a: Gliscor|0 fnt\n|faint|p1a: Gliscor\n|\n|upkeep\n|\n|t:|1700091121\n|switch|p1a: Victini|Victini|100\/100\n|turn|34\n|inactive|Kozuru_Koken has 120 seconds left.\n|\n|t:|1700091142\n|move|p1a: Victini|Bolt Strike|p2a: Pidgeot\n|-supereffective|p2a: Pidgeot\n|-damage|p2a: Pidgeot|0 fnt\n|faint|p2a: Pidgeot\n|\n|upkeep\n|\n|t:|1700091146\n|switch|p2a: Dragonite|Dragonite, F|100\/100\n|turn|35\n|inactive|Kozuru_Koken has 120 seconds left.\n|inactive|Kozuru_Koken has 90 seconds left.\n|\n|t:|1700091189\n|switch|p1a: Jirachi|Jirachi|100\/100\n|move|p2a: Dragonite|Dragon Dance|p2a: Dragonite\n|-boost|p2a: Dragonite|atk|1\n|-boost|p2a: Dragonite|spe|1\n|\n|upkeep\n|turn|36\n|\n|t:|1700091198\n|move|p1a: Jirachi|Ice Punch|p2a: Dragonite\n|-supereffective|p2a: Dragonite\n|-damage|p2a: Dragonite|48\/100\n|move|p2a: Dragonite|Earthquake|p1a: Jirachi\n|-supereffective|p1a: Jirachi\n|-damage|p1a: Jirachi|0 fnt\n|faint|p1a: Jirachi\n|\n|upkeep\n|\n|t:|1700091208\n|switch|p1a: Victini|Victini|100\/100\n|turn|37\n|inactive|Kozuru_Koken has 90 seconds left.\n|\n|t:|1700091263\n|move|p1a: Victini|U-turn|p2a: Dragonite\n|-resisted|p2a: Dragonite\n|-damage|p2a: Dragonite|36\/100\n|\n|t:|1700091266\n|switch|p1a: Rotom|Rotom-Wash|19\/100|[from] U-turn\n|move|p2a: Dragonite|Earthquake|p1a: Rotom\n|-immune|p1a: Rotom|[from] ability: Levitate\n|\n|-heal|p1a: Rotom|25\/100|[from] item: Leftovers\n|upkeep\n|turn|38\n|inactive|SkDoodleee has 120 seconds left.\n|\n|t:|1700091299\n|move|p2a: Dragonite|Extreme Speed|p1a: Rotom\n|-damage|p1a: Rotom|0 fnt\n|faint|p1a: Rotom\n|\n|upkeep\n|inactive|SkDoodleee has 120 seconds left.\n|\n|t:|1700091311\n|switch|p1a: Toxapex|Toxapex, F|87\/100\n|turn|39\n|inactive|SkDoodleee has 120 seconds left.\n|inactive|Kozuru_Koken has 90 seconds left.\n|\n|t:|1700091327\n|move|p2a: Dragonite|Earthquake|p1a: Toxapex\n|-supereffective|p1a: Toxapex\n|-damage|p1a: Toxapex|19\/100\n|move|p1a: Toxapex|Toxic|p2a: Dragonite\n|-status|p2a: Dragonite|tox\n|-enditem|p2a: Dragonite|Lum Berry|[eat]\n|-curestatus|p2a: Dragonite|tox|[msg]\n|\n|-heal|p1a: Toxapex|25\/100|[from] item: Leftovers\n|upkeep\n|turn|40\n|inactive|SkDoodleee has 120 seconds left.\n|\n|t:|1700091345\n|move|p1a: Toxapex|Baneful Bunker|p1a: Toxapex\n|-singleturn|p1a: Toxapex|move: Protect\n|move|p2a: Dragonite|Earthquake|p1a: Toxapex\n|-activate|p1a: Toxapex|move: Protect\n|\n|-heal|p1a: Toxapex|31\/100|[from] item: Leftovers\n|upkeep\n|turn|41\n|inactive|Kozuru_Koken has 90 seconds left.\n|\n|t:|1700091369\n|move|p2a: Dragonite|Earthquake|p1a: Toxapex\n|-supereffective|p1a: Toxapex\n|-damage|p1a: Toxapex|0 fnt\n|faint|p1a: Toxapex\n|\n|upkeep\n|\n|t:|1700091374\n|switch|p1a: Victini|Victini|100\/100\n|turn|42\n|inactive|SkDoodleee has 120 seconds left.\n|\n|t:|1700091383\n|-terastallize|p1a: Victini|Grass\n|move|p2a: Dragonite|Extreme Speed|p1a: Victini\n|-damage|p1a: Victini|57\/100\n|move|p1a: Victini|Bolt Strike|p2a: Dragonite\n|-damage|p2a: Dragonite|0 fnt\n|faint|p2a: Dragonite\n|\n|upkeep\n|inactive|Kozuru_Koken has 90 seconds left.\n|\n|t:|1700091390\n|switch|p2a: Moltres|Moltres-Galar|100\/100\n|turn|43\n|\n|t:|1700091394\n|move|p1a: Victini|Bolt Strike|p2a: Moltres\n|-supereffective|p2a: Moltres\n|-damage|p2a: Moltres|16\/100\n|-ability|p2a: Moltres|Berserk|boost\n|-boost|p2a: Moltres|spa|1\n|move|p2a: Moltres|Fiery Wrath|p1a: Victini\n|-damage|p1a: Victini|0 fnt\n|faint|p1a: Victini\n|\n|win|Kozuru_Koken\n|raw|SkDoodleee's rating: 1301 &rarr; <strong>1281<\/strong><br \/>(-20 for losing)\n|raw|Kozuru_Koken's rating: 1297 &rarr; <strong>1322<\/strong><br \/>(+25 for winning)\n|c|\u2606SkDoodleee|gg\n|c|\u2606Kozuru_Koken|Gg\n","uploadtime":1700091411,"views":4,"p1id":"skdoodleee","p2id":"kozurukoken","formatid":"gen9nationaldex","rating":1281,"private":0,"password":""}