{"id":"gen9nationaldex-1989443937","p1":"Tank Tests","p2":"jarmoney","format":"[Gen 9] National Dex","log":"|j|\u2606Tank Tests\n|j|\u2606jarmoney\n|t:|1699851324\n|gametype|singles\n|player|p1|Tank Tests|101|1293\n|player|p2|jarmoney|palmer|1376\n|teamsize|p1|6\n|teamsize|p2|6\n|gen|9\n|tier|[Gen 9] National Dex\n|rated|\n|rule|HP Percentage Mod: HP is shown in percentages\n|rule|Endless Battle Clause: Forcing endless battles is banned\n|rule|OHKO Clause: OHKO moves are banned\n|rule|Evasion Clause: Evasion abilities, items, and moves are banned\n|rule|Evasion Abilities Clause: Evasion abilities are banned\n|rule|Evasion Items Clause: Evasion items are banned\n|rule|Evasion Moves Clause: Evasion moves are banned\n|rule|Species Clause: Limit one of each Pok\u00e9mon\n|rule|Sleep Clause Mod: Limit one foe put to sleep\n|clearpoke\n|poke|p1|Cresselia, F|\n|poke|p1|Ferrothorn, M|\n|poke|p1|Chansey, F|\n|poke|p1|Gliscor, F|\n|poke|p1|Clodsire, M|\n|poke|p1|Grimmsnarl, M|\n|poke|p2|Charizard, F|\n|poke|p2|Venusaur, F|\n|poke|p2|Torkoal, M|\n|poke|p2|Gliscor, M|\n|poke|p2|Rhyperior, F|\n|poke|p2|Dragonite, M|\n|teampreview\n|\n|t:|1699851335\n|start\n|switch|p1a: Grimmsnarl|Grimmsnarl, M|100\/100\n|switch|p2a: Charizard|Charizard, F|100\/100\n|turn|1\n|inactive|Battle timer is ON: inactive players will automatically lose when time's up. (requested by jarmoney)\n|\n|t:|1699851345\n|switch|p2a: Rhyperior|Rhyperior, F|100\/100\n|move|p1a: Grimmsnarl|Light Screen|p1a: Grimmsnarl\n|-sidestart|p1: Tank Tests|move: Light Screen\n|\n|upkeep\n|turn|2\n|\n|t:|1699851355\n|move|p1a: Grimmsnarl|Reflect|p1a: Grimmsnarl\n|-sidestart|p1: Tank Tests|Reflect\n|move|p2a: Rhyperior|Brick Break|p1a: Grimmsnarl\n|-sideend|p1: Tank Tests|Reflect\n|-sideend|p1: Tank Tests|move: Light Screen\n|-damage|p1a: Grimmsnarl|78\/100\n|\n|upkeep\n|turn|3\n|\n|t:|1699851360\n|move|p1a: Grimmsnarl|Parting Shot|p2a: Rhyperior\n|-unboost|p2a: Rhyperior|atk|1\n|-unboost|p2a: Rhyperior|spa|1\n|\n|t:|1699851366\n|switch|p1a: Cresselia|Cresselia, F|100\/100|[from] Parting Shot\n|move|p2a: Rhyperior|Earthquake|p1a: Cresselia\n|-immune|p1a: Cresselia|[from] ability: Levitate\n|\n|upkeep\n|turn|4\n|\n|t:|1699851375\n|switch|p2a: Charizard|Charizard, F|100\/100\n|move|p1a: Cresselia|Calm Mind|p1a: Cresselia\n|-boost|p1a: Cresselia|spa|1\n|-boost|p1a: Cresselia|spd|1\n|\n|upkeep\n|turn|5\n|\n|t:|1699851383\n|detailschange|p2a: Charizard|Charizard-Mega-Y, F\n|-mega|p2a: Charizard|Charizard|Charizardite Y\n|-weather|SunnyDay|[from] ability: Drought|[of] p2a: Charizard\n|move|p2a: Charizard|Fire Blast|p1a: Cresselia\n|-damage|p1a: Cresselia|61\/100\n|move|p1a: Cresselia|Calm Mind|p1a: Cresselia\n|-boost|p1a: Cresselia|spa|1\n|-boost|p1a: Cresselia|spd|1\n|\n|-weather|SunnyDay|[upkeep]\n|upkeep\n|turn|6\n|\n|t:|1699851396\n|move|p2a: Charizard|Fire Blast|p1a: Cresselia|[miss]\n|-miss|p2a: Charizard|p1a: Cresselia\n|move|p1a: Cresselia|Calm Mind|p1a: Cresselia\n|-boost|p1a: Cresselia|spa|1\n|-boost|p1a: Cresselia|spd|1\n|\n|-weather|SunnyDay|[upkeep]\n|upkeep\n|turn|7\n|\n|t:|1699851406\n|switch|p2a: Gliscor|Gliscor, M|100\/100\n|move|p1a: Cresselia|Calm Mind|p1a: Cresselia\n|-boost|p1a: Cresselia|spa|1\n|-boost|p1a: Cresselia|spd|1\n|\n|-weather|SunnyDay|[upkeep]\n|-status|p2a: Gliscor|tox|[from] item: Toxic Orb\n|upkeep\n|turn|8\n|\n|t:|1699851412\n|move|p2a: Gliscor|Toxic|p1a: Cresselia\n|-status|p1a: Cresselia|tox\n|move|p1a: Cresselia|Stored Power|p2a: Gliscor\n|-damage|p2a: Gliscor|0 fnt\n|faint|p2a: Gliscor\n|\n|-weather|SunnyDay|[upkeep]\n|-damage|p1a: Cresselia|54\/100 tox|[from] psn\n|upkeep\n|\n|t:|1699851417\n|switch|p2a: Dragonite|Dragonite, M|100\/100\n|turn|9\n|\n|t:|1699851420\n|move|p2a: Dragonite|Dragon Claw|p1a: Cresselia\n|-damage|p1a: Cresselia|25\/100 tox\n|-enditem|p1a: Cresselia|Kee Berry|[eat]\n|-boost|p1a: Cresselia|def|1|[from] item: Kee Berry\n|move|p1a: Cresselia|Rest|p1a: Cresselia\n|-status|p1a: Cresselia|slp|[from] move: Rest\n|-heal|p1a: Cresselia|100\/100 slp|[silent]\n|\n|-weather|none\n|upkeep\n|turn|10\n|\n|t:|1699851430\n|move|p2a: Dragonite|Dragon Dance|p2a: Dragonite\n|-boost|p2a: Dragonite|atk|1\n|-boost|p2a: Dragonite|spe|1\n|cant|p1a: Cresselia|slp\n|\n|upkeep\n|turn|11\n|\n|t:|1699851435\n|move|p2a: Dragonite|Dragon Dance|p2a: Dragonite\n|-boost|p2a: Dragonite|atk|1\n|-boost|p2a: Dragonite|spe|1\n|cant|p1a: Cresselia|slp\n|\n|upkeep\n|turn|12\n|\n|t:|1699851444\n|move|p2a: Dragonite|Dragon Dance|p2a: Dragonite\n|-boost|p2a: Dragonite|atk|1\n|-boost|p2a: Dragonite|spe|1\n|-curestatus|p1a: Cresselia|slp|[msg]\n|move|p1a: Cresselia|Stored Power|p2a: Dragonite\n|-damage|p2a: Dragonite|21\/100\n|\n|upkeep\n|turn|13\n|\n|t:|1699851453\n|-terastallize|p2a: Dragonite|Dragon\n|move|p2a: Dragonite|Dragon Claw|p1a: Cresselia\n|-damage|p1a: Cresselia|37\/100\n|move|p1a: Cresselia|Stored Power|p2a: Dragonite\n|-damage|p2a: Dragonite|0 fnt\n|faint|p2a: Dragonite\n|\n|upkeep\n|-message|jarmoney forfeited.\n|\n|win|Tank Tests\n|raw|Tank Tests's rating: 1293 &rarr; <strong>1324<\/strong><br \/>(+31 for winning)\n|raw|jarmoney's rating: 1376 &rarr; <strong>1351<\/strong><br \/>(-25 for losing)\n|l|\u2606jarmoney\n","uploadtime":1699851468,"views":5,"p1id":"tanktests","p2id":"jarmoney","formatid":"gen9nationaldex","rating":1324,"private":0,"password":""}