{"id":"gen9nationaldex-1988474552","p1":"magneezonite","p2":"FiveFingerIcePunch","format":"[Gen 9] National Dex","log":"|j|\u2606magneezonite\n|j|\u2606FiveFingerIcePunch\n|t:|1699726836\n|gametype|singles\n|player|p1|magneezonite|steven|1456\n|player|p2|FiveFingerIcePunch|workerice|1503\n|teamsize|p1|6\n|teamsize|p2|6\n|gen|9\n|tier|[Gen 9] National Dex\n|rated|\n|rule|HP Percentage Mod: HP is shown in percentages\n|rule|Endless Battle Clause: Forcing endless battles is banned\n|rule|OHKO Clause: OHKO moves are banned\n|rule|Evasion Clause: Evasion abilities, items, and moves are banned\n|rule|Evasion Abilities Clause: Evasion abilities are banned\n|rule|Evasion Items Clause: Evasion items are banned\n|rule|Evasion Moves Clause: Evasion moves are banned\n|rule|Species Clause: Limit one of each Pok\u00e9mon\n|rule|Sleep Clause Mod: Limit one foe put to sleep\n|clearpoke\n|poke|p1|Mawile, F|\n|poke|p1|Gliscor, M|\n|poke|p1|Tapu Fini|\n|poke|p1|Tornadus-Therian, M|\n|poke|p1|Hoopa-Unbound|\n|poke|p1|Garganacl, M|\n|poke|p2|Tangela, M|\n|poke|p2|Iron Valiant|\n|poke|p2|Excadrill, M|\n|poke|p2|Toxapex, F|\n|poke|p2|Lopunny, F|\n|poke|p2|Blacephalon|\n|teampreview\n|inactive|Battle timer is ON: inactive players will automatically lose when time's up. (requested by magneezonite)\n|\n|t:|1699726843\n|start\n|switch|p1a: Mawile|Mawile, F|100\/100\n|switch|p2a: The Entire Circus|Blacephalon, shiny|100\/100\n|-ability|p1a: Mawile|Intimidate|boost\n|-unboost|p2a: The Entire Circus|atk|1\n|turn|1\n|\n|t:|1699726853\n|switch|p2a: Spaghetti Man|Tangela, M, shiny|100\/100\n|detailschange|p1a: Mawile|Mawile-Mega, F\n|-mega|p1a: Mawile|Mawile|Mawilite\n|move|p1a: Mawile|Sucker Punch||[still]\n|-fail|p1a: Mawile\n|\n|upkeep\n|turn|2\n|\n|t:|1699726859\n|switch|p1a: Tapu Fini|Tapu Fini|100\/100\n|-fieldstart|move: Misty Terrain|[from] ability: Misty Surge|[of] p1a: Tapu Fini\n|move|p2a: Spaghetti Man|Leech Seed|p1a: Tapu Fini\n|-start|p1a: Tapu Fini|move: Leech Seed\n|\n|-damage|p1a: Tapu Fini|88\/100|[from] Leech Seed|[of] p2a: Spaghetti Man\n|upkeep\n|turn|3\n|\n|t:|1699726871\n|switch|p2a: Hatred|Toxapex, F, shiny|100\/100\n|move|p1a: Tapu Fini|Trick|p2a: Hatred\n|-activate|p1a: Tapu Fini|move: Trick|[of] p2a: Hatred\n|-item|p2a: Hatred|Choice Scarf|[from] move: Trick\n|-item|p1a: Tapu Fini|Black Sludge|[from] move: Trick\n|\n|-damage|p1a: Tapu Fini|76\/100|[from] item: Black Sludge\n|-damage|p1a: Tapu Fini|63\/100|[from] Leech Seed|[of] p2a: Hatred\n|upkeep\n|turn|4\n|\n|t:|1699726883\n|switch|p1a: Gliscor|Gliscor, M|100\/100\n|move|p2a: Hatred|Knock Off|p1a: Gliscor\n|-damage|p1a: Gliscor|92\/100\n|-enditem|p1a: Gliscor|Toxic Orb|[from] move: Knock Off|[of] p2a: Hatred\n|\n|upkeep\n|turn|5\n|\n|t:|1699726890\n|switch|p2a: Spaghetti Man|Tangela, M, shiny|100\/100\n|move|p1a: Gliscor|U-turn|p2a: Spaghetti Man\n|-supereffective|p2a: Spaghetti Man\n|-damage|p2a: Spaghetti Man|86\/100\n|\n|t:|1699726893\n|switch|p1a: Tornadus|Tornadus-Therian, M|100\/100|[from] U-turn\n|\n|upkeep\n|turn|6\n|\n|t:|1699726909\n|switch|p2a: Hatred|Toxapex, F, shiny|100\/100\n|move|p1a: Tornadus|Hurricane|p2a: Hatred\n|-damage|p2a: Hatred|75\/100\n|\n|-fieldend|Misty Terrain\n|upkeep\n|turn|7\n|\n|t:|1699726914\n|move|p1a: Tornadus|U-turn|p2a: Hatred\n|-resisted|p2a: Hatred\n|-damage|p2a: Hatred|70\/100\n|\n|t:|1699726917\n|switch|p1a: Gliscor|Gliscor, M|92\/100|[from] U-turn\n|move|p2a: Hatred|Knock Off|p1a: Gliscor\n|-damage|p1a: Gliscor|85\/100\n|\n|upkeep\n|turn|8\n|\n|t:|1699726921\n|switch|p2a: Spaghetti Man|Tangela, M, shiny|100\/100\n|move|p1a: Gliscor|Spikes|p2a: Spaghetti Man\n|-sidestart|p2: FiveFingerIcePunch|Spikes\n|\n|upkeep\n|turn|9\n|\n|t:|1699726924\n|move|p1a: Gliscor|Spikes|p2a: Spaghetti Man\n|-sidestart|p2: FiveFingerIcePunch|Spikes\n|move|p2a: Spaghetti Man|Sleep Powder|p1a: Gliscor|[miss]\n|-miss|p2a: Spaghetti Man|p1a: Gliscor\n|\n|upkeep\n|turn|10\n|\n|t:|1699726927\n|move|p1a: Gliscor|Spikes|p2a: Spaghetti Man\n|-sidestart|p2: FiveFingerIcePunch|Spikes\n|move|p2a: Spaghetti Man|Leech Seed|p1a: Gliscor\n|-start|p1a: Gliscor|move: Leech Seed\n|\n|-damage|p1a: Gliscor|72\/100|[from] Leech Seed|[of] p2a: Spaghetti Man\n|upkeep\n|turn|11\n|\n|t:|1699726931\n|move|p1a: Gliscor|U-turn|p2a: Spaghetti Man\n|-supereffective|p2a: Spaghetti Man\n|-damage|p2a: Spaghetti Man|86\/100\n|\n|t:|1699726933\n|switch|p1a: Tapu Fini|Tapu Fini|63\/100|[from] U-turn\n|-fieldstart|move: Misty Terrain|[from] ability: Misty Surge|[of] p1a: Tapu Fini\n|move|p2a: Spaghetti Man|Sleep Powder|p1a: Tapu Fini\n|-activate|p1a: Tapu Fini|move: Misty Terrain\n|\n|-damage|p1a: Tapu Fini|51\/100|[from] item: Black Sludge\n|upkeep\n|turn|12\n|\n|t:|1699726939\n|move|p1a: Tapu Fini|Trick|p2a: Spaghetti Man\n|-activate|p1a: Tapu Fini|move: Trick|[of] p2a: Spaghetti Man\n|-item|p2a: Spaghetti Man|Black Sludge|[from] move: Trick\n|-item|p1a: Tapu Fini|Eviolite|[from] move: Trick\n|move|p2a: Spaghetti Man|Leech Seed|p1a: Tapu Fini|[miss]\n|-miss|p2a: Spaghetti Man|p1a: Tapu Fini\n|\n|-damage|p2a: Spaghetti Man|74\/100|[from] item: Black Sludge\n|upkeep\n|turn|13\n|\n|t:|1699726947\n|move|p1a: Tapu Fini|Moonblast|p2a: Spaghetti Man\n|-damage|p2a: Spaghetti Man|0 fnt\n|faint|p2a: Spaghetti Man\n|\n|upkeep\n|\n|t:|1699726951\n|switch|p2a: Hello Brother|Excadrill, M, shiny|100\/100\n|-damage|p2a: Hello Brother|76\/100|[from] Spikes\n|-ability|p2a: Hello Brother|Mold Breaker\n|turn|14\n|\n|t:|1699726954\n|move|p2a: Hello Brother|Rapid Spin|p1a: Tapu Fini\n|-damage|p1a: Tapu Fini|32\/100\n|-boost|p2a: Hello Brother|spe|1\n|-sideend|p2: FiveFingerIcePunch|Spikes|[from] move: Rapid Spin|[of] p2a: Hello Brother\n|move|p1a: Tapu Fini|Hydro Pump|p2a: Hello Brother\n|-supereffective|p2a: Hello Brother\n|-damage|p2a: Hello Brother|0 fnt\n|faint|p2a: Hello Brother\n|\n|upkeep\n|\n|t:|1699726957\n|switch|p2a: The Entire Circus|Blacephalon, shiny|100\/100\n|turn|15\n|\n|t:|1699726965\n|move|p2a: The Entire Circus|Shadow Ball|p1a: Tapu Fini\n|-damage|p1a: Tapu Fini|0 fnt\n|faint|p1a: Tapu Fini\n|-ability|p2a: The Entire Circus|Beast Boost|boost\n|-boost|p2a: The Entire Circus|spa|1\n|\n|-fieldend|Misty Terrain\n|upkeep\n|\n|t:|1699726969\n|switch|p1a: Mawile|Mawile-Mega, F|100\/100\n|turn|16\n|\n|t:|1699726973\n|switch|p2a: Valentine|Lopunny, F, shiny|100\/100\n|move|p1a: Mawile|Sucker Punch||[still]\n|-fail|p1a: Mawile\n|\n|upkeep\n|turn|17\n|\n|t:|1699726980\n|switch|p1a: Gliscor|Gliscor, M|72\/100\n|detailschange|p2a: Valentine|Lopunny-Mega, F, shiny\n|-mega|p2a: Valentine|Lopunny|Lopunnite\n|move|p2a: Valentine|Fake Out|p1a: Gliscor\n|-damage|p1a: Gliscor|60\/100\n|\n|upkeep\n|turn|18\n|\n|t:|1699726983\n|move|p2a: Valentine|Triple Axel|p1a: Gliscor\n|-supereffective|p1a: Gliscor\n|-damage|p1a: Gliscor|42\/100\n|-supereffective|p1a: Gliscor\n|-damage|p1a: Gliscor|6\/100\n|-supereffective|p1a: Gliscor\n|-damage|p1a: Gliscor|0 fnt\n|faint|p1a: Gliscor\n|-hitcount|p1: Gliscor|3\n|\n|upkeep\n|\n|t:|1699726999\n|switch|p1a: Garganacl|Garganacl, M|100\/100\n|turn|19\n|\n|t:|1699727002\n|switch|p2a: Hatred|Toxapex, F, shiny|100\/100\n|-terastallize|p1a: Garganacl|Water\n|move|p1a: Garganacl|Iron Defense|p1a: Garganacl\n|-boost|p1a: Garganacl|def|2\n|\n|upkeep\n|turn|20\n|\n|t:|1699727006\n|move|p2a: Hatred|Knock Off|p1a: Garganacl\n|-damage|p1a: Garganacl|95\/100\n|-enditem|p1a: Garganacl|Leftovers|[from] move: Knock Off|[of] p2a: Hatred\n|move|p1a: Garganacl|Salt Cure|p2a: Hatred\n|-damage|p2a: Hatred|90\/100\n|-start|p2a: Hatred|Salt Cure\n|\n|-damage|p2a: Hatred|65\/100|[from] Salt Cure\n|upkeep\n|turn|21\n|\n|t:|1699727028\n|switch|p2a: Soda Machine|Iron Valiant, shiny|100\/100\n|-enditem|p2a: Soda Machine|Booster Energy\n|-activate|p2a: Soda Machine|ability: Quark Drive|[fromitem]\n|-start|p2a: Soda Machine|quarkdrivespe\n|move|p1a: Garganacl|Iron Defense|p1a: Garganacl\n|-boost|p1a: Garganacl|def|2\n|\n|upkeep\n|turn|22\n|inactive|magneezonite has 120 seconds left.\n|\n|t:|1699727069\n|move|p2a: Soda Machine|Calm Mind|p2a: Soda Machine\n|-boost|p2a: Soda Machine|spa|1\n|-boost|p2a: Soda Machine|spd|1\n|move|p1a: Garganacl|Salt Cure|p2a: Soda Machine\n|-resisted|p2a: Soda Machine\n|-damage|p2a: Soda Machine|92\/100\n|-start|p2a: Soda Machine|Salt Cure\n|\n|-damage|p2a: Soda Machine|79\/100|[from] Salt Cure\n|upkeep\n|turn|23\n|\n|t:|1699727085\n|switch|p1a: Hoopa|Hoopa-Unbound|100\/100\n|move|p2a: Soda Machine|Calm Mind|p2a: Soda Machine\n|-boost|p2a: Soda Machine|spa|1\n|-boost|p2a: Soda Machine|spd|1\n|\n|-damage|p2a: Soda Machine|67\/100|[from] Salt Cure\n|upkeep\n|turn|24\n|\n|t:|1699727088\n|move|p2a: Soda Machine|Moonblast|p1a: Hoopa\n|-supereffective|p1a: Hoopa\n|-damage|p1a: Hoopa|0 fnt\n|faint|p1a: Hoopa\n|\n|-damage|p2a: Soda Machine|54\/100|[from] Salt Cure\n|upkeep\n|\n|t:|1699727100\n|switch|p1a: Mawile|Mawile-Mega, F|100\/100\n|turn|25\n|\n|t:|1699727105\n|move|p1a: Mawile|Sucker Punch|p2a: Soda Machine\n|-resisted|p2a: Soda Machine\n|-damage|p2a: Soda Machine|40\/100\n|move|p2a: Soda Machine|Aura Sphere|p1a: Mawile\n|-crit|p1a: Mawile\n|-damage|p1a: Mawile|0 fnt\n|faint|p1a: Mawile\n|\n|-damage|p2a: Soda Machine|27\/100|[from] Salt Cure\n|upkeep\n|inactive|magneezonite has 120 seconds left.\n|\n|t:|1699727111\n|switch|p1a: Garganacl|Garganacl, M, tera:Water|95\/100\n|turn|26\n|\n|t:|1699727120\n|move|p2a: Soda Machine|Thunderbolt|p1a: Garganacl\n|-supereffective|p1a: Garganacl\n|-damage|p1a: Garganacl|17\/100\n|move|p1a: Garganacl|Recover|p1a: Garganacl\n|-heal|p1a: Garganacl|67\/100\n|\n|-damage|p2a: Soda Machine|15\/100|[from] Salt Cure\n|upkeep\n|turn|27\n|\n|t:|1699727126\n|switch|p1a: Tornadus|Tornadus-Therian, M|100\/100\n|move|p2a: Soda Machine|Thunderbolt|p1a: Tornadus\n|-supereffective|p1a: Tornadus\n|-damage|p1a: Tornadus|0 fnt\n|faint|p1a: Tornadus\n|\n|-damage|p2a: Soda Machine|2\/100|[from] Salt Cure\n|upkeep\n|\n|t:|1699727127\n|switch|p1a: Garganacl|Garganacl, M, tera:Water|67\/100\n|turn|28\n|\n|t:|1699727130\n|move|p2a: Soda Machine|Thunderbolt|p1a: Garganacl\n|-supereffective|p1a: Garganacl\n|-damage|p1a: Garganacl|0 fnt\n|faint|p1a: Garganacl\n|\n|win|FiveFingerIcePunch\n|raw|magneezonite's rating: 1456 &rarr; <strong>1439<\/strong><br \/>(-17 for losing)\n|raw|FiveFingerIcePunch's rating: 1503 &rarr; <strong>1520<\/strong><br \/>(+17 for winning)\n|l|\u2606magneezonite\n","uploadtime":1699727146,"views":9,"p1id":"magneezonite","p2id":"fivefingericepunch","formatid":"gen9nationaldex","rating":1439,"private":0,"password":""}