{"id":"gen9nationaldex-1990735869","p1":"silvieno","p2":"Dabman1069","format":"[Gen 9] National Dex","log":"|j|\u2606silvieno\n|j|\u2606Dabman1069\n|t:|1699996016\n|gametype|singles\n|player|p1|silvieno|pilot|1528\n|player|p2|Dabman1069|steven-masters2|1612\n|teamsize|p1|6\n|teamsize|p2|6\n|gen|9\n|tier|[Gen 9] National Dex\n|rated|\n|rule|HP Percentage Mod: HP is shown in percentages\n|rule|Endless Battle Clause: Forcing endless battles is banned\n|rule|OHKO Clause: OHKO moves are banned\n|rule|Evasion Clause: Evasion abilities, items, and moves are banned\n|rule|Evasion Abilities Clause: Evasion abilities are banned\n|rule|Evasion Items Clause: Evasion items are banned\n|rule|Evasion Moves Clause: Evasion moves are banned\n|rule|Species Clause: Limit one of each Pok\u00e9mon\n|rule|Sleep Clause Mod: Limit one foe put to sleep\n|clearpoke\n|poke|p1|Cinderace, M|\n|poke|p1|Tapu Koko|\n|poke|p1|Iron Valiant|\n|poke|p1|Samurott-Hisui, M|\n|poke|p1|Zapdos|\n|poke|p1|Venusaur, F|\n|poke|p2|Torkoal, M|\n|poke|p2|Charizard, F|\n|poke|p2|Iron Moth|\n|poke|p2|Heliolisk, M|\n|poke|p2|Landorus-Therian, M|\n|poke|p2|Weavile, F|\n|teampreview\n|c|\u2606Dabman1069|GL\n|c|\u2606silvieno|hf\n|inactive|Battle timer is ON: inactive players will automatically lose when time's up. (requested by Dabman1069)\n|j| Pokrunk\n|l| Pokrunk\n|\n|t:|1699996074\n|start\n|switch|p1a: Tapu Koko|Tapu Koko|100\/100\n|switch|p2a: Landorus|Landorus-Therian, M|100\/100\n|-fieldstart|move: Electric Terrain|[from] ability: Electric Surge|[of] p1a: Tapu Koko\n|-ability|p2a: Landorus|Intimidate|boost\n|-unboost|p1a: Tapu Koko|atk|1\n|turn|1\n|\n|t:|1699996085\n|switch|p1a: Zapdos|Zapdos|100\/100\n|move|p2a: Landorus|Earthquake|p1a: Zapdos\n|-immune|p1a: Zapdos\n|\n|upkeep\n|turn|2\n|\n|t:|1699996095\n|move|p1a: Zapdos|Volt Switch|p2a: Landorus\n|-immune|p2a: Landorus\n|move|p2a: Landorus|Toxic|p1a: Zapdos\n|-status|p1a: Zapdos|tox\n|\n|-damage|p1a: Zapdos|94\/100 tox|[from] psn\n|upkeep\n|turn|3\n|\n|t:|1699996108\n|switch|p1a: Venusaur|Venusaur, F|100\/100\n|switch|p2a: Torkoal|Torkoal, M|100\/100\n|-weather|SunnyDay|[from] ability: Drought|[of] p2a: Torkoal\n|\n|-weather|SunnyDay|[upkeep]\n|upkeep\n|turn|4\n|\n|t:|1699996124\n|detailschange|p1a: Venusaur|Venusaur-Mega, F\n|-mega|p1a: Venusaur|Venusaur|Venusaurite\n|move|p1a: Venusaur|Sludge Bomb|p2a: Torkoal\n|-damage|p2a: Torkoal|31\/100\n|move|p2a: Torkoal|Lava Plume|p1a: Venusaur\n|-supereffective|p1a: Venusaur\n|-damage|p1a: Venusaur|71\/100\n|\n|-weather|SunnyDay|[upkeep]\n|upkeep\n|turn|5\n|\n|t:|1699996136\n|move|p1a: Venusaur|Earth Power|p2a: Torkoal\n|-supereffective|p2a: Torkoal\n|-damage|p2a: Torkoal|0 fnt\n|faint|p2a: Torkoal\n|\n|-weather|SunnyDay|[upkeep]\n|-fieldend|move: Electric Terrain\n|upkeep\n|\n|t:|1699996152\n|switch|p2a: Weavile|Weavile, F|100\/100\n|-ability|p2a: Weavile|Pressure\n|turn|6\n|\n|t:|1699996158\n|-terastallize|p2a: Weavile|Dark\n|move|p2a: Weavile|Beat Up|p1a: Venusaur\n|-damage|p1a: Venusaur|57\/100\n|-damage|p1a: Venusaur|46\/100\n|-damage|p1a: Venusaur|36\/100\n|-damage|p1a: Venusaur|28\/100\n|-crit|p1a: Venusaur\n|-damage|p1a: Venusaur|4\/100\n|-hitcount|p1a: Venusaur|5\n|move|p1a: Venusaur|Sludge Bomb|p2a: Weavile\n|-damage|p2a: Weavile|33\/100\n|\n|-weather|SunnyDay|[upkeep]\n|upkeep\n|turn|7\n|\n|t:|1699996179\n|move|p2a: Weavile|Beat Up|p1a: Venusaur\n|-damage|p1a: Venusaur|0 fnt\n|faint|p1a: Venusaur\n|-hitcount|p1: Venusaur|1\n|\n|-weather|SunnyDay|[upkeep]\n|upkeep\n|inactive|silvieno has 120 seconds left.\n|\n|t:|1699996195\n|switch|p1a: Samurott|Samurott-Hisui, M|100\/100\n|turn|8\n|inactive|silvieno has 120 seconds left.\n|\n|t:|1699996217\n|switch|p2a: Landorus|Landorus-Therian, M|100\/100\n|-ability|p2a: Landorus|Intimidate|boost\n|-unboost|p1a: Samurott|atk|1\n|move|p1a: Samurott|Sacred Sword|p2a: Landorus\n|-resisted|p2a: Landorus\n|-damage|p2a: Landorus|90\/100\n|-damage|p1a: Samurott|84\/100|[from] item: Rocky Helmet|[of] p2a: Landorus\n|\n|-weather|SunnyDay|[upkeep]\n|upkeep\n|turn|9\n|\n|t:|1699996230\n|switch|p1a: Zapdos|Zapdos|94\/100 tox\n|switch|p2a: Charizard|Charizard, F|100\/100\n|\n|-weather|SunnyDay|[upkeep]\n|-damage|p1a: Zapdos|88\/100 tox|[from] psn\n|upkeep\n|turn|10\n|inactive|silvieno has 120 seconds left.\n|\n|t:|1699996242\n|detailschange|p2a: Charizard|Charizard-Mega-X, F\n|-mega|p2a: Charizard|Charizard|Charizardite X\n|-terastallize|p1a: Zapdos|Water\n|move|p2a: Charizard|Dragon Dance|p2a: Charizard\n|-boost|p2a: Charizard|atk|1\n|-boost|p2a: Charizard|spe|1\n|move|p1a: Zapdos|Volt Switch|p2a: Charizard\n|-resisted|p2a: Charizard\n|-damage|p2a: Charizard|82\/100\n|\n|t:|1699996252\n|switch|p1a: Tapu Koko|Tapu Koko|100\/100|[from] Volt Switch\n|-fieldstart|move: Electric Terrain|[from] ability: Electric Surge|[of] p1a: Tapu Koko\n|\n|-weather|none\n|upkeep\n|turn|11\n|\n|t:|1699996256\n|move|p2a: Charizard|Dragon Dance|p2a: Charizard\n|-boost|p2a: Charizard|atk|1\n|-boost|p2a: Charizard|spe|1\n|move|p1a: Tapu Koko|Dazzling Gleam|p2a: Charizard\n|-damage|p2a: Charizard|17\/100\n|\n|upkeep\n|turn|12\n|\n|t:|1699996272\n|switch|p1a: Zapdos|Zapdos, tera:Water|88\/100 tox\n|move|p2a: Charizard|Flare Blitz|p1a: Zapdos\n|-resisted|p1a: Zapdos\n|-damage|p1a: Zapdos|31\/100 tox\n|-damage|p2a: Charizard|0 fnt|[from] Recoil\n|faint|p2a: Charizard\n|\n|-damage|p1a: Zapdos|24\/100 tox|[from] psn\n|upkeep\n|\n|t:|1699996282\n|switch|p2a: Heliolisk|Heliolisk, M|100\/100\n|turn|13\n|\n|t:|1699996287\n|move|p2a: Heliolisk|Thunderbolt|p1a: Zapdos\n|-supereffective|p1a: Zapdos\n|-damage|p1a: Zapdos|0 fnt\n|faint|p1a: Zapdos\n|\n|upkeep\n|\n|t:|1699996295\n|switch|p1a: Iron Valiant|Iron Valiant|100\/100\n|-activate|p1a: Iron Valiant|ability: Quark Drive\n|-start|p1a: Iron Valiant|quarkdrivespe\n|turn|14\n|\n|t:|1699996300\n|move|p1a: Iron Valiant|Aura Sphere|p2a: Heliolisk\n|-supereffective|p2a: Heliolisk\n|-damage|p2a: Heliolisk|0 fnt\n|faint|p2a: Heliolisk\n|\n|-fieldend|move: Electric Terrain\n|-end|p1a: Iron Valiant|Quark Drive\n|upkeep\n|\n|t:|1699996307\n|switch|p2a: Iron Moth|Iron Moth|100\/100\n|-enditem|p2a: Iron Moth|Booster Energy\n|-activate|p2a: Iron Moth|ability: Quark Drive|[fromitem]\n|-start|p2a: Iron Moth|quarkdrivespe\n|turn|15\n|\n|t:|1699996322\n|-end|p1a: Iron Valiant|Quark Drive|[silent]\n|switch|p1a: Tapu Koko|Tapu Koko|100\/100\n|-fieldstart|move: Electric Terrain|[from] ability: Electric Surge|[of] p1a: Tapu Koko\n|move|p2a: Iron Moth|Sludge Wave|p1a: Tapu Koko\n|-supereffective|p1a: Tapu Koko\n|-damage|p1a: Tapu Koko|0 fnt\n|faint|p1a: Tapu Koko\n|\n|upkeep\n|\n|t:|1699996331\n|switch|p1a: Iron Valiant|Iron Valiant|100\/100\n|-activate|p1a: Iron Valiant|ability: Quark Drive\n|-start|p1a: Iron Valiant|quarkdrivespe\n|turn|16\n|\n|t:|1699996336\n|-end|p2a: Iron Moth|Quark Drive|[silent]\n|switch|p2a: Weavile|Weavile, F, tera:Dark|33\/100\n|-ability|p2a: Weavile|Pressure\n|move|p1a: Iron Valiant|Psyshock|p2a: Weavile\n|-immune|p2a: Weavile\n|\n|upkeep\n|turn|17\n|\n|t:|1699996361\n|-end|p1a: Iron Valiant|Quark Drive|[silent]\n|switch|p1a: Samurott|Samurott-Hisui, M|84\/100\n|move|p2a: Weavile|Triple Axel|p1a: Samurott\n|-resisted|p1a: Samurott\n|-damage|p1a: Samurott|75\/100\n|-resisted|p1a: Samurott\n|-damage|p1a: Samurott|57\/100\n|-resisted|p1a: Samurott\n|-damage|p1a: Samurott|30\/100\n|-hitcount|p1a: Samurott|3\n|\n|upkeep\n|turn|18\n|\n|t:|1699996387\n|switch|p1a: Cinderace|Cinderace, M|100\/100\n|move|p2a: Weavile|Triple Axel|p1a: Cinderace\n|-resisted|p1a: Cinderace\n|-damage|p1a: Cinderace|91\/100\n|-resisted|p1a: Cinderace\n|-damage|p1a: Cinderace|68\/100\n|-resisted|p1a: Cinderace\n|-damage|p1a: Cinderace|35\/100\n|-hitcount|p1a: Cinderace|3\n|\n|upkeep\n|turn|19\n|\n|t:|1699996396\n|move|p2a: Weavile|Triple Axel|p1a: Cinderace\n|-resisted|p1a: Cinderace\n|-damage|p1a: Cinderace|24\/100\n|-resisted|p1a: Cinderace\n|-damage|p1a: Cinderace|4\/100\n|-resisted|p1a: Cinderace\n|-damage|p1a: Cinderace|0 fnt\n|faint|p1a: Cinderace\n|-hitcount|p1: Cinderace|3\n|\n|-fieldend|move: Electric Terrain\n|upkeep\n|\n|t:|1699996404\n|switch|p1a: Iron Valiant|Iron Valiant|100\/100\n|turn|20\n|\n|t:|1699996410\n|move|p2a: Weavile|Triple Axel|p1a: Iron Valiant\n|-damage|p1a: Iron Valiant|83\/100\n|-damage|p1a: Iron Valiant|44\/100\n|-damage|p1a: Iron Valiant|0 fnt\n|faint|p1a: Iron Valiant\n|-end|p1a: Iron Valiant|Quark Drive|[silent]\n|-hitcount|p1: Iron Valiant|3\n|\n|upkeep\n|\n|t:|1699996413\n|switch|p1a: Samurott|Samurott-Hisui, M|30\/100\n|turn|21\n|c|\u2606silvieno|gg\n|\n|t:|1699996416\n|move|p2a: Weavile|Triple Axel|p1a: Samurott\n|-resisted|p1a: Samurott\n|-damage|p1a: Samurott|20\/100\n|-resisted|p1a: Samurott\n|-damage|p1a: Samurott|0 fnt\n|faint|p1a: Samurott\n|-hitcount|p1: Samurott|2\n|\n|win|Dabman1069\n|raw|silvieno's rating: 1528 &rarr; <strong>1513<\/strong><br \/>(-15 for losing)\n|raw|Dabman1069's rating: 1612 &rarr; <strong>1627<\/strong><br \/>(+15 for winning)\n|c|\u2606Dabman1069|gg\n|l|\u2606silvieno\n","uploadtime":1699996429,"views":4,"p1id":"silvieno","p2id":"dabman1069","formatid":"gen9nationaldex","rating":1513,"private":0,"password":""}