{"id":"gen9nationaldex-1992381633","p1":"Xoky_Jose Ale 55","p2":"Crossaint \u00a9","format":"[Gen 9] National Dex","log":"|j|\u2606Xoky_Jose Ale 55\n|j|\u2606Crossaint \u00a9\n|t:|1700181047\n|gametype|singles\n|player|p1|Xoky_Jose Ale 55|red-masters|\n|player|p2|Crossaint \u00a9|lance-gen3|\n|teamsize|p1|6\n|teamsize|p2|6\n|gen|9\n|tier|[Gen 9] National Dex\n|rule|HP Percentage Mod: HP is shown in percentages\n|rule|Endless Battle Clause: Forcing endless battles is banned\n|rule|OHKO Clause: OHKO moves are banned\n|rule|Evasion Clause: Evasion abilities, items, and moves are banned\n|rule|Evasion Abilities Clause: Evasion abilities are banned\n|rule|Evasion Items Clause: Evasion items are banned\n|rule|Evasion Moves Clause: Evasion moves are banned\n|rule|Species Clause: Limit one of each Pok\u00e9mon\n|rule|Sleep Clause Mod: Limit one foe put to sleep\n|clearpoke\n|poke|p1|Ferrothorn, M|\n|poke|p1|Heatran, M|\n|poke|p1|Landorus-Therian, M|\n|poke|p1|Tapu Lele|\n|poke|p1|Lopunny, M|\n|poke|p1|Kommo-o, M|\n|poke|p2|Iron Valiant|\n|poke|p2|Scizor, F|\n|poke|p2|Great Tusk|\n|poke|p2|Gliscor, M|\n|poke|p2|Samurott-Hisui, M|\n|poke|p2|Ninetales-Alola, M|\n|teampreview\n|c|\u2606Xoky_Jose Ale 55|Suerte\n|c|\u2606Crossaint \u00a9|Glhf\n|\n|t:|1700181107\n|start\n|switch|p1a: Lopunny|Lopunny, M|100\/100\n|switch|p2a: Ninetales|Ninetales-Alola, M|100\/100\n|-weather|Snow|[from] ability: Snow Warning|[of] p2a: Ninetales\n|turn|1\n|\n|t:|1700181114\n|switch|p2a: Gliscor|Gliscor, M|100\/100\n|detailschange|p1a: Lopunny|Lopunny-Mega, M\n|-mega|p1a: Lopunny|Lopunny|Lopunnite\n|move|p1a: Lopunny|Fake Out|p2a: Gliscor\n|-damage|p2a: Gliscor|81\/100\n|\n|-weather|Snow|[upkeep]\n|-status|p2a: Gliscor|tox|[from] item: Toxic Orb\n|upkeep\n|turn|2\n|j| JesusGameplays2\n|\n|t:|1700181122\n|switch|p2a: Great Tusk|Great Tusk|100\/100\n|move|p1a: Lopunny|Ice Punch|p2a: Great Tusk\n|-supereffective|p2a: Great Tusk\n|-damage|p2a: Great Tusk|75\/100\n|\n|-weather|Snow|[upkeep]\n|-heal|p2a: Great Tusk|81\/100|[from] item: Leftovers\n|upkeep\n|turn|3\n|\n|t:|1700181129\n|switch|p1a: Ferrothorn|Ferrothorn, M|100\/100\n|move|p2a: Great Tusk|Stealth Rock|p1a: Ferrothorn\n|-sidestart|p1: Xoky_Jose Ale 55|move: Stealth Rock\n|\n|-weather|Snow|[upkeep]\n|-heal|p2a: Great Tusk|87\/100|[from] item: Leftovers\n|upkeep\n|turn|4\n|\n|t:|1700181139\n|-end|p2a: Great Tusk|Protosynthesis|[silent]\n|switch|p2a: Scizor|Scizor, F|100\/100\n|move|p1a: Ferrothorn|Stealth Rock|p2a: Scizor\n|-sidestart|p2: Crossaint \u00a9|move: Stealth Rock\n|\n|-weather|Snow|[upkeep]\n|upkeep\n|turn|5\n|\n|t:|1700181153\n|detailschange|p2a: Scizor|Scizor-Mega, F\n|-mega|p2a: Scizor|Scizor|Scizorite\n|move|p2a: Scizor|U-turn|p1a: Ferrothorn\n|-damage|p1a: Ferrothorn|80\/100\n|-damage|p2a: Scizor|88\/100|[from] ability: Iron Barbs|[of] p1a: Ferrothorn\n|\n|t:|1700181170\n|switch|p2a: Gliscor|Gliscor, M|81\/100 tox|[from] U-turn\n|-damage|p2a: Gliscor|69\/100 tox|[from] Stealth Rock\n|move|p1a: Ferrothorn|Leech Seed|p2a: Gliscor\n|-start|p2a: Gliscor|move: Leech Seed\n|\n|-weather|none\n|-heal|p1a: Ferrothorn|86\/100|[from] item: Leftovers\n|-damage|p2a: Gliscor|56\/100 tox|[from] Leech Seed|[of] p1a: Ferrothorn\n|-heal|p1a: Ferrothorn|99\/100|[silent]\n|-heal|p2a: Gliscor|69\/100 tox|[from] ability: Poison Heal\n|upkeep\n|turn|6\n|\n|t:|1700181177\n|switch|p2a: Great Tusk|Great Tusk|87\/100\n|-damage|p2a: Great Tusk|84\/100|[from] Stealth Rock\n|switch|p1a: Lopunny|Lopunny-Mega, M|100\/100\n|-damage|p1a: Lopunny|95\/100|[from] Stealth Rock\n|\n|-heal|p2a: Great Tusk|90\/100|[from] item: Leftovers\n|upkeep\n|turn|7\n|\n|t:|1700181194\n|switch|p1a: Landorus|Landorus-Therian, M|100\/100\n|-damage|p1a: Landorus|88\/100|[from] Stealth Rock\n|-ability|p1a: Landorus|Intimidate|boost\n|-unboost|p2a: Great Tusk|atk|1\n|move|p2a: Great Tusk|Rapid Spin|p1a: Landorus\n|-damage|p1a: Landorus|80\/100\n|-boost|p2a: Great Tusk|spe|1\n|-sideend|p2: Crossaint \u00a9|Stealth Rock|[from] move: Rapid Spin|[of] p2a: Great Tusk\n|\n|-heal|p2a: Great Tusk|97\/100|[from] item: Leftovers\n|-heal|p1a: Landorus|86\/100|[from] item: Leftovers\n|upkeep\n|turn|8\n|\n|t:|1700181198\n|switch|p1a: Ferrothorn|Ferrothorn, M|99\/100\n|-damage|p1a: Ferrothorn|92\/100|[from] Stealth Rock\n|move|p2a: Great Tusk|Ice Spinner|p1a: Ferrothorn\n|-crit|p1a: Ferrothorn\n|-damage|p1a: Ferrothorn|72\/100\n|-damage|p2a: Great Tusk|84\/100|[from] ability: Iron Barbs|[of] p1a: Ferrothorn\n|\n|-heal|p2a: Great Tusk|90\/100|[from] item: Leftovers\n|-heal|p1a: Ferrothorn|79\/100|[from] item: Leftovers\n|upkeep\n|turn|9\n|\n|t:|1700181206\n|-end|p2a: Great Tusk|Protosynthesis|[silent]\n|switch|p2a: Scizor|Scizor-Mega, F|88\/100\n|move|p1a: Ferrothorn|Stealth Rock|p2a: Scizor\n|-sidestart|p2: Crossaint \u00a9|move: Stealth Rock\n|\n|-heal|p1a: Ferrothorn|85\/100|[from] item: Leftovers\n|upkeep\n|turn|10\n|\n|t:|1700181211\n|move|p2a: Scizor|Swords Dance|p2a: Scizor\n|-boost|p2a: Scizor|atk|2\n|move|p1a: Ferrothorn|Leech Seed|p2a: Scizor\n|-start|p2a: Scizor|move: Leech Seed\n|\n|-heal|p1a: Ferrothorn|91\/100|[from] item: Leftovers\n|-damage|p2a: Scizor|76\/100|[from] Leech Seed|[of] p1a: Ferrothorn\n|-heal|p1a: Ferrothorn|100\/100|[silent]\n|upkeep\n|turn|11\n|\n|t:|1700181216\n|switch|p1a: Landorus|Landorus-Therian, M|86\/100\n|-damage|p1a: Landorus|74\/100|[from] Stealth Rock\n|-ability|p1a: Landorus|Intimidate|boost\n|-unboost|p2a: Scizor|atk|1\n|move|p2a: Scizor|U-turn|p1a: Landorus\n|-resisted|p1a: Landorus\n|-damage|p1a: Landorus|52\/100\n|\n|t:|1700181231\n|switch|p2a: Ninetales|Ninetales-Alola, M|100\/100|[from] U-turn\n|-damage|p2a: Ninetales|76\/100|[from] Stealth Rock\n|-weather|Snow|[from] ability: Snow Warning|[of] p2a: Ninetales\n|\n|-weather|Snow|[upkeep]\n|-heal|p1a: Landorus|58\/100|[from] item: Leftovers\n|upkeep\n|turn|12\n|\n|t:|1700181236\n|move|p2a: Ninetales|Aurora Veil|p2a: Ninetales\n|-sidestart|p2: Crossaint \u00a9|move: Aurora Veil\n|move|p1a: Landorus|Defog|p2a: Ninetales\n|-unboost|p2a: Ninetales|evasion|1\n|-sideend|p2: Crossaint \u00a9|move: Aurora Veil\n|-sideend|p2: Crossaint \u00a9|Stealth Rock|[from] move: Defog|[of] p1a: Landorus\n|-sideend|p1: Xoky_Jose Ale 55|Stealth Rock|[from] move: Defog|[of] p1a: Landorus\n|\n|-weather|Snow|[upkeep]\n|-heal|p1a: Landorus|64\/100|[from] item: Leftovers\n|upkeep\n|turn|13\n|\n|t:|1700181244\n|switch|p1a: Heatran|Heatran, M|100\/100\n|move|p2a: Ninetales|Aurora Veil|p2a: Ninetales\n|-sidestart|p2: Crossaint \u00a9|move: Aurora Veil\n|\n|-weather|Snow|[upkeep]\n|upkeep\n|turn|14\n|\n|t:|1700181251\n|switch|p2a: Samurott|Samurott-Hisui, M|100\/100\n|move|p1a: Heatran|Magma Storm|p2a: Samurott\n|-resisted|p2a: Samurott\n|-damage|p2a: Samurott|83\/100\n|-activate|p2a: Samurott|move: Magma Storm|[of] p1a: Heatran\n|\n|-weather|Snow|[upkeep]\n|-damage|p2a: Samurott|71\/100|[from] move: Magma Storm|[partiallytrapped]\n|upkeep\n|turn|15\n|\n|t:|1700181257\n|move|p1a: Heatran|Protect|p1a: Heatran\n|-singleturn|p1a: Heatran|Protect\n|move|p2a: Samurott|Sacred Sword|p1a: Heatran\n|-activate|p1a: Heatran|move: Protect\n|\n|-weather|none\n|-damage|p2a: Samurott|58\/100|[from] move: Magma Storm|[partiallytrapped]\n|upkeep\n|turn|16\n|\n|t:|1700181281\n|move|p2a: Samurott|Sacred Sword|p1a: Heatran\n|-supereffective|p1a: Heatran\n|-damage|p1a: Heatran|30\/100\n|move|p1a: Heatran|Earth Power|p2a: Samurott\n|-crit|p2a: Samurott\n|-damage|p2a: Samurott|0 fnt\n|faint|p2a: Samurott\n|\n|-heal|p1a: Heatran|36\/100|[from] item: Leftovers\n|upkeep\n|\n|t:|1700181289\n|switch|p2a: Gliscor|Gliscor, M|69\/100 tox\n|turn|17\n|\n|t:|1700181295\n|switch|p1a: Ferrothorn|Ferrothorn, M|100\/100\n|move|p2a: Gliscor|Earthquake|p1a: Ferrothorn\n|-damage|p1a: Ferrothorn|83\/100\n|\n|-heal|p1a: Ferrothorn|89\/100|[from] item: Leftovers\n|-heal|p2a: Gliscor|81\/100 tox|[from] ability: Poison Heal\n|upkeep\n|turn|18\n|\n|t:|1700181303\n|move|p2a: Gliscor|Earthquake|p1a: Ferrothorn\n|-damage|p1a: Ferrothorn|70\/100\n|move|p1a: Ferrothorn|Stealth Rock|p2a: Gliscor\n|-sidestart|p2: Crossaint \u00a9|move: Stealth Rock\n|\n|-heal|p1a: Ferrothorn|76\/100|[from] item: Leftovers\n|-heal|p2a: Gliscor|94\/100 tox|[from] ability: Poison Heal\n|upkeep\n|turn|19\n|\n|t:|1700181309\n|move|p2a: Gliscor|Defog|p1a: Ferrothorn\n|-unboost|p1a: Ferrothorn|evasion|1\n|-sideend|p2: Crossaint \u00a9|Stealth Rock|[from] move: Defog|[of] p2a: Gliscor\n|move|p1a: Ferrothorn|Gyro Ball|p2a: Gliscor\n|-damage|p2a: Gliscor|79\/100 tox\n|\n|-heal|p1a: Ferrothorn|82\/100|[from] item: Leftovers\n|-heal|p2a: Gliscor|91\/100 tox|[from] ability: Poison Heal\n|upkeep\n|turn|20\n|\n|t:|1700181318\n|switch|p2a: Scizor|Scizor-Mega, F|76\/100\n|move|p1a: Ferrothorn|Stealth Rock|p2a: Scizor\n|-sidestart|p2: Crossaint \u00a9|move: Stealth Rock\n|\n|-heal|p1a: Ferrothorn|88\/100|[from] item: Leftovers\n|-sideend|p2: Crossaint \u00a9|move: Aurora Veil\n|upkeep\n|turn|21\n|\n|t:|1700181327\n|move|p2a: Scizor|Swords Dance|p2a: Scizor\n|-boost|p2a: Scizor|atk|2\n|move|p1a: Ferrothorn|Leech Seed|p2a: Scizor\n|-start|p2a: Scizor|move: Leech Seed\n|\n|-heal|p1a: Ferrothorn|95\/100|[from] item: Leftovers\n|-damage|p2a: Scizor|64\/100|[from] Leech Seed|[of] p1a: Ferrothorn\n|-heal|p1a: Ferrothorn|100\/100|[silent]\n|upkeep\n|turn|22\n|\n|t:|1700181334\n|switch|p1a: Landorus|Landorus-Therian, M|64\/100\n|-ability|p1a: Landorus|Intimidate|boost\n|-unboost|p2a: Scizor|atk|1\n|move|p2a: Scizor|Roost|p2a: Scizor\n|-heal|p2a: Scizor|100\/100\n|-singleturn|p2a: Scizor|move: Roost\n|\n|-heal|p1a: Landorus|70\/100|[from] item: Leftovers\n|-damage|p2a: Scizor|88\/100|[from] Leech Seed|[of] p1a: Landorus\n|-heal|p1a: Landorus|81\/100|[silent]\n|upkeep\n|turn|23\n|\n|t:|1700181338\n|move|p1a: Landorus|Earthquake|p2a: Scizor\n|-damage|p2a: Scizor|62\/100\n|move|p2a: Scizor|U-turn|p1a: Landorus\n|-resisted|p1a: Landorus\n|-crit|p1a: Landorus\n|-damage|p1a: Landorus|46\/100\n|\n|t:|1700181344\n|switch|p2a: Great Tusk|Great Tusk|90\/100|[from] U-turn\n|-damage|p2a: Great Tusk|87\/100|[from] Stealth Rock\n|\n|-heal|p2a: Great Tusk|94\/100|[from] item: Leftovers\n|-heal|p1a: Landorus|52\/100|[from] item: Leftovers\n|upkeep\n|turn|24\n|j| Totogito45\n|\n|t:|1700181348\n|move|p2a: Great Tusk|Rapid Spin|p1a: Landorus\n|-crit|p1a: Landorus\n|-damage|p1a: Landorus|32\/100\n|-boost|p2a: Great Tusk|spe|1\n|-sideend|p2: Crossaint \u00a9|Stealth Rock|[from] move: Rapid Spin|[of] p2a: Great Tusk\n|move|p1a: Landorus|Knock Off|p2a: Great Tusk\n|-resisted|p2a: Great Tusk\n|-damage|p2a: Great Tusk|86\/100\n|-enditem|p2a: Great Tusk|Leftovers|[from] move: Knock Off|[of] p1a: Landorus\n|\n|-heal|p1a: Landorus|38\/100|[from] item: Leftovers\n|upkeep\n|turn|25\n|\n|t:|1700181356\n|switch|p1a: Ferrothorn|Ferrothorn, M|100\/100\n|move|p2a: Great Tusk|Stealth Rock|p1a: Ferrothorn\n|-sidestart|p1: Xoky_Jose Ale 55|move: Stealth Rock\n|\n|upkeep\n|turn|26\n|\n|t:|1700181379\n|-end|p2a: Great Tusk|Protosynthesis|[silent]\n|switch|p2a: Scizor|Scizor-Mega, F|62\/100\n|move|p1a: Ferrothorn|Leech Seed|p2a: Scizor|[miss]\n|-miss|p1a: Ferrothorn|p2a: Scizor\n|\n|upkeep\n|turn|27\n|\n|t:|1700181384\n|move|p2a: Scizor|Roost|p2a: Scizor\n|-heal|p2a: Scizor|100\/100\n|-singleturn|p2a: Scizor|move: Roost\n|move|p1a: Ferrothorn|Leech Seed|p2a: Scizor\n|-start|p2a: Scizor|move: Leech Seed\n|\n|-damage|p2a: Scizor|88\/100|[from] Leech Seed|[of] p1a: Ferrothorn\n|upkeep\n|turn|28\n|\n|t:|1700181387\n|move|p2a: Scizor|U-turn|p1a: Ferrothorn\n|-damage|p1a: Ferrothorn|81\/100\n|-damage|p2a: Scizor|76\/100|[from] ability: Iron Barbs|[of] p1a: Ferrothorn\n|\n|t:|1700181391\n|switch|p2a: Gliscor|Gliscor, M|91\/100 tox|[from] U-turn\n|move|p1a: Ferrothorn|Stealth Rock|p2a: Gliscor\n|-sidestart|p2: Crossaint \u00a9|move: Stealth Rock\n|\n|-heal|p1a: Ferrothorn|87\/100|[from] item: Leftovers\n|-heal|p2a: Gliscor|100\/100 tox|[from] ability: Poison Heal\n|upkeep\n|turn|29\n|\n|t:|1700181416\n|switch|p1a: Landorus|Landorus-Therian, M|38\/100\n|-damage|p1a: Landorus|25\/100|[from] Stealth Rock\n|-ability|p1a: Landorus|Intimidate|boost\n|-unboost|p2a: Gliscor|atk|1\n|move|p2a: Gliscor|Defog|p1a: Landorus\n|-unboost|p1a: Landorus|evasion|1\n|-sideend|p1: Xoky_Jose Ale 55|Stealth Rock|[from] move: Defog|[of] p2a: Gliscor\n|-sideend|p2: Crossaint \u00a9|Stealth Rock|[from] move: Defog|[of] p2a: Gliscor\n|\n|-heal|p1a: Landorus|31\/100|[from] item: Leftovers\n|upkeep\n|turn|30\n|\n|t:|1700181426\n|move|p2a: Gliscor|Toxic|p1a: Landorus\n|-status|p1a: Landorus|tox\n|move|p1a: Landorus|U-turn|p2a: Gliscor\n|-resisted|p2a: Gliscor\n|-damage|p2a: Gliscor|92\/100 tox\n|\n|t:|1700181440\n|switch|p1a: Lopunny|Lopunny-Mega, M|95\/100|[from] U-turn\n|\n|-heal|p2a: Gliscor|100\/100 tox|[from] ability: Poison Heal\n|upkeep\n|turn|31\n|\n|t:|1700181447\n|switch|p1a: Tapu Lele|Tapu Lele|100\/100\n|-fieldstart|move: Psychic Terrain|[from] ability: Psychic Surge|[of] p1a: Tapu Lele\n|switch|p2a: Scizor|Scizor-Mega, F|76\/100\n|\n|upkeep\n|turn|32\n|\n|t:|1700181482\n|move|p1a: Tapu Lele|Psychic|p2a: Scizor\n|-resisted|p2a: Scizor\n|-damage|p2a: Scizor|45\/100\n|move|p2a: Scizor|Roost|p2a: Scizor\n|-heal|p2a: Scizor|96\/100\n|-singleturn|p2a: Scizor|move: Roost\n|\n|upkeep\n|turn|33\n|\n|t:|1700181491\n|switch|p1a: Ferrothorn|Ferrothorn, M|87\/100\n|move|p2a: Scizor|Swords Dance|p2a: Scizor\n|-boost|p2a: Scizor|atk|2\n|\n|-heal|p1a: Ferrothorn|93\/100|[from] item: Leftovers\n|upkeep\n|turn|34\n|\n|t:|1700181496\n|move|p2a: Scizor|Swords Dance|p2a: Scizor\n|-boost|p2a: Scizor|atk|2\n|move|p1a: Ferrothorn|Leech Seed|p2a: Scizor\n|-start|p2a: Scizor|move: Leech Seed\n|\n|-heal|p1a: Ferrothorn|99\/100|[from] item: Leftovers\n|-damage|p2a: Scizor|83\/100|[from] Leech Seed|[of] p1a: Ferrothorn\n|-heal|p1a: Ferrothorn|100\/100|[silent]\n|upkeep\n|turn|35\n|\n|t:|1700181507\n|move|p2a: Scizor|U-turn|p1a: Ferrothorn\n|-damage|p1a: Ferrothorn|41\/100\n|-damage|p2a: Scizor|71\/100|[from] ability: Iron Barbs|[of] p1a: Ferrothorn\n|\n|t:|1700181514\n|switch|p2a: Gliscor|Gliscor, M|100\/100 tox|[from] U-turn\n|move|p1a: Ferrothorn|Gyro Ball|p2a: Gliscor\n|-damage|p2a: Gliscor|66\/100 tox\n|\n|-heal|p1a: Ferrothorn|48\/100|[from] item: Leftovers\n|-heal|p2a: Gliscor|79\/100 tox|[from] ability: Poison Heal\n|-fieldend|move: Psychic Terrain\n|upkeep\n|turn|36\n|\n|t:|1700181522\n|move|p2a: Gliscor|Earthquake|p1a: Ferrothorn\n|-damage|p1a: Ferrothorn|27\/100\n|move|p1a: Ferrothorn|Leech Seed|p2a: Gliscor\n|-start|p2a: Gliscor|move: Leech Seed\n|\n|-heal|p1a: Ferrothorn|33\/100|[from] item: Leftovers\n|-damage|p2a: Gliscor|66\/100 tox|[from] Leech Seed|[of] p1a: Ferrothorn\n|-heal|p1a: Ferrothorn|46\/100|[silent]\n|-heal|p2a: Gliscor|79\/100 tox|[from] ability: Poison Heal\n|upkeep\n|turn|37\n|l|\u2606Xoky_Jose Ale 55\n|player|p1|\n|j|\u2606Xoky_Jose Ale 55\n|player|p1|Xoky_Jose Ale 55|red-masters\n|\n|t:|1700181552\n|switch|p2a: Scizor|Scizor-Mega, F|71\/100\n|move|p1a: Ferrothorn|Stealth Rock|p2a: Scizor\n|-sidestart|p2: Crossaint \u00a9|move: Stealth Rock\n|\n|-heal|p1a: Ferrothorn|52\/100|[from] item: Leftovers\n|upkeep\n|turn|38\n|\n|t:|1700181558\n|move|p2a: Scizor|Swords Dance|p2a: Scizor\n|-boost|p2a: Scizor|atk|2\n|move|p1a: Ferrothorn|Leech Seed|p2a: Scizor|[miss]\n|-miss|p1a: Ferrothorn|p2a: Scizor\n|\n|-heal|p1a: Ferrothorn|58\/100|[from] item: Leftovers\n|upkeep\n|turn|39\n|\n|t:|1700181565\n|move|p2a: Scizor|U-turn|p1a: Ferrothorn\n|-damage|p1a: Ferrothorn|16\/100\n|-damage|p2a: Scizor|59\/100|[from] ability: Iron Barbs|[of] p1a: Ferrothorn\n|\n|t:|1700181568\n|switch|p2a: Gliscor|Gliscor, M|79\/100 tox|[from] U-turn\n|-damage|p2a: Gliscor|66\/100 tox|[from] Stealth Rock\n|move|p1a: Ferrothorn|Leech Seed|p2a: Gliscor|[miss]\n|-miss|p1a: Ferrothorn|p2a: Gliscor\n|\n|-heal|p1a: Ferrothorn|23\/100|[from] item: Leftovers\n|-heal|p2a: Gliscor|79\/100 tox|[from] ability: Poison Heal\n|upkeep\n|turn|40\n|\n|t:|1700181583\n|move|p1a: Ferrothorn|Protect|p1a: Ferrothorn\n|-singleturn|p1a: Ferrothorn|Protect\n|move|p2a: Gliscor|Earthquake|p1a: Ferrothorn\n|-activate|p1a: Ferrothorn|move: Protect\n|\n|-heal|p1a: Ferrothorn|29\/100|[from] item: Leftovers\n|-heal|p2a: Gliscor|91\/100 tox|[from] ability: Poison Heal\n|upkeep\n|turn|41\n|\n|t:|1700181587\n|move|p2a: Gliscor|Defog|p1a: Ferrothorn\n|-unboost|p1a: Ferrothorn|evasion|1\n|-sideend|p2: Crossaint \u00a9|Stealth Rock|[from] move: Defog|[of] p2a: Gliscor\n|move|p1a: Ferrothorn|Leech Seed|p2a: Gliscor\n|-start|p2a: Gliscor|move: Leech Seed\n|\n|-heal|p1a: Ferrothorn|35\/100|[from] item: Leftovers\n|-damage|p2a: Gliscor|79\/100 tox|[from] Leech Seed|[of] p1a: Ferrothorn\n|-heal|p1a: Ferrothorn|48\/100|[silent]\n|-heal|p2a: Gliscor|91\/100 tox|[from] ability: Poison Heal\n|upkeep\n|turn|42\n|\n|t:|1700181592\n|switch|p2a: Great Tusk|Great Tusk|86\/100\n|move|p1a: Ferrothorn|Stealth Rock|p2a: Great Tusk\n|-sidestart|p2: Crossaint \u00a9|move: Stealth Rock\n|\n|-heal|p1a: Ferrothorn|54\/100|[from] item: Leftovers\n|upkeep\n|turn|43\n|\n|t:|1700181600\n|switch|p1a: Tapu Lele|Tapu Lele|100\/100\n|-fieldstart|move: Psychic Terrain|[from] ability: Psychic Surge|[of] p1a: Tapu Lele\n|move|p2a: Great Tusk|Stealth Rock|p1a: Tapu Lele\n|-sidestart|p1: Xoky_Jose Ale 55|move: Stealth Rock\n|\n|upkeep\n|turn|44\n|\n|t:|1700181640\n|-end|p2a: Great Tusk|Protosynthesis|[silent]\n|switch|p2a: Ninetales|Ninetales-Alola, M|76\/100\n|-damage|p2a: Ninetales|51\/100|[from] Stealth Rock\n|-weather|Snow|[from] ability: Snow Warning|[of] p2a: Ninetales\n|-terastallize|p1a: Tapu Lele|Psychic\n|move|p1a: Tapu Lele|Psychic|p2a: Ninetales\n|-damage|p2a: Ninetales|0 fnt\n|faint|p2a: Ninetales\n|\n|-weather|Snow|[upkeep]\n|upkeep\n|\n|t:|1700181657\n|switch|p2a: Iron Valiant|Iron Valiant|100\/100\n|-damage|p2a: Iron Valiant|94\/100|[from] Stealth Rock\n|-enditem|p2a: Iron Valiant|Booster Energy\n|-activate|p2a: Iron Valiant|ability: Quark Drive|[fromitem]\n|-start|p2a: Iron Valiant|quarkdrivespe\n|turn|45\n|\n|t:|1700181715\n|move|p2a: Iron Valiant|Destiny Bond|p2a: Iron Valiant\n|-singlemove|p2a: Iron Valiant|Destiny Bond\n|move|p1a: Tapu Lele|Psychic|p2a: Iron Valiant\n|-supereffective|p2a: Iron Valiant\n|-damage|p2a: Iron Valiant|0 fnt\n|faint|p2a: Iron Valiant\n|-activate|p2a: Iron Valiant|move: Destiny Bond\n|-end|p2a: Iron Valiant|Quark Drive|[silent]\n|faint|p1a: Tapu Lele\n|\n|-weather|Snow|[upkeep]\n|upkeep\n|\n|t:|1700181733\n|switch|p2a: Great Tusk|Great Tusk|86\/100\n|switch|p1a: Kommo-o|Kommo-o, M|100\/100\n|-damage|p1a: Kommo-o|94\/100|[from] Stealth Rock\n|-damage|p2a: Great Tusk|83\/100|[from] Stealth Rock\n|turn|46\n|\n|t:|1700181738\n|-zpower|p1a: Kommo-o\n|move|p1a: Kommo-o|Clangorous Soulblaze|p2a: Great Tusk|[zeffect]\n|-damage|p2a: Great Tusk|0 fnt\n|faint|p2a: Great Tusk\n|-end|p2a: Great Tusk|Protosynthesis|[silent]\n|-boost|p1a: Kommo-o|atk|1\n|-boost|p1a: Kommo-o|def|1\n|-boost|p1a: Kommo-o|spa|1\n|-boost|p1a: Kommo-o|spd|1\n|-boost|p1a: Kommo-o|spe|1\n|\n|-weather|Snow|[upkeep]\n|upkeep\n|\n|t:|1700181745\n|switch|p2a: Gliscor|Gliscor, M|91\/100 tox\n|-damage|p2a: Gliscor|79\/100 tox|[from] Stealth Rock\n|turn|47\n|\n|t:|1700181749\n|-terastallize|p2a: Gliscor|Fairy\n|move|p1a: Kommo-o|Clanging Scales|p2a: Gliscor\n|-immune|p2a: Gliscor\n|move|p2a: Gliscor|Toxic|p1a: Kommo-o\n|-status|p1a: Kommo-o|tox\n|\n|-weather|Snow|[upkeep]\n|-damage|p1a: Kommo-o|88\/100 tox|[from] psn\n|-heal|p2a: Gliscor|91\/100 tox|[from] ability: Poison Heal\n|-fieldend|move: Psychic Terrain\n|upkeep\n|turn|48\n|\n|t:|1700181753\n|move|p1a: Kommo-o|Flash Cannon|p2a: Gliscor\n|-supereffective|p2a: Gliscor\n|-damage|p2a: Gliscor|30\/100 tox\n|move|p2a: Gliscor|Roost|p2a: Gliscor\n|-heal|p2a: Gliscor|80\/100 tox\n|\n|-weather|none\n|-damage|p1a: Kommo-o|76\/100 tox|[from] psn\n|-heal|p2a: Gliscor|93\/100 tox|[from] ability: Poison Heal\n|upkeep\n|turn|49\n|\n|t:|1700181796\n|move|p1a: Kommo-o|Flash Cannon|p2a: Gliscor\n|-supereffective|p2a: Gliscor\n|-damage|p2a: Gliscor|29\/100 tox\n|move|p2a: Gliscor|Roost|p2a: Gliscor\n|-heal|p2a: Gliscor|79\/100 tox\n|\n|-damage|p1a: Kommo-o|57\/100 tox|[from] psn\n|-heal|p2a: Gliscor|92\/100 tox|[from] ability: Poison Heal\n|upkeep\n|turn|50\n|j| haxlolo\n|\n|t:|1700181819\n|switch|p1a: Ferrothorn|Ferrothorn, M|54\/100\n|-damage|p1a: Ferrothorn|48\/100|[from] Stealth Rock\n|move|p2a: Gliscor|Roost|p2a: Gliscor\n|-heal|p2a: Gliscor|100\/100 tox\n|\n|-heal|p1a: Ferrothorn|54\/100|[from] item: Leftovers\n|upkeep\n|turn|51\n|\n|t:|1700181829\n|move|p2a: Gliscor|Defog|p1a: Ferrothorn\n|-unboost|p1a: Ferrothorn|evasion|1\n|-sideend|p1: Xoky_Jose Ale 55|Stealth Rock|[from] move: Defog|[of] p2a: Gliscor\n|-sideend|p2: Crossaint \u00a9|Stealth Rock|[from] move: Defog|[of] p2a: Gliscor\n|move|p1a: Ferrothorn|Leech Seed|p2a: Gliscor|[miss]\n|-miss|p1a: Ferrothorn|p2a: Gliscor\n|\n|-heal|p1a: Ferrothorn|60\/100|[from] item: Leftovers\n|upkeep\n|turn|52\n|\n|t:|1700181835\n|move|p2a: Gliscor|Earthquake|p1a: Ferrothorn\n|-damage|p1a: Ferrothorn|41\/100\n|move|p1a: Ferrothorn|Leech Seed|p2a: Gliscor\n|-start|p2a: Gliscor|move: Leech Seed\n|\n|-heal|p1a: Ferrothorn|48\/100|[from] item: Leftovers\n|-damage|p2a: Gliscor|88\/100 tox|[from] Leech Seed|[of] p1a: Ferrothorn\n|-heal|p1a: Ferrothorn|60\/100|[silent]\n|-heal|p2a: Gliscor|100\/100 tox|[from] ability: Poison Heal\n|upkeep\n|turn|53\n|\n|t:|1700181839\n|switch|p2a: Scizor|Scizor-Mega, F|59\/100\n|move|p1a: Ferrothorn|Gyro Ball|p2a: Scizor\n|-resisted|p2a: Scizor\n|-damage|p2a: Scizor|50\/100\n|\n|-heal|p1a: Ferrothorn|66\/100|[from] item: Leftovers\n|upkeep\n|turn|54\n|\n|t:|1700181844\n|switch|p1a: Heatran|Heatran, M|36\/100\n|move|p2a: Scizor|Roost|p2a: Scizor\n|-heal|p2a: Scizor|99\/100\n|-singleturn|p2a: Scizor|move: Roost\n|\n|-heal|p1a: Heatran|42\/100|[from] item: Leftovers\n|upkeep\n|turn|55\n|\n|t:|1700181850\n|move|p1a: Heatran|Magma Storm|p2a: Scizor\n|-supereffective|p2a: Scizor\n|-damage|p2a: Scizor|0 fnt\n|faint|p2a: Scizor\n|\n|-heal|p1a: Heatran|48\/100|[from] item: Leftovers\n|upkeep\n|\n|t:|1700181854\n|switch|p2a: Gliscor|Gliscor, M, tera:Fairy|100\/100 tox\n|turn|56\n|\n|t:|1700181857\n|move|p2a: Gliscor|Earthquake|p1a: Heatran\n|-supereffective|p1a: Heatran\n|-damage|p1a: Heatran|0 fnt\n|faint|p1a: Heatran\n|\n|upkeep\n|\n|t:|1700181870\n|switch|p1a: Ferrothorn|Ferrothorn, M|66\/100\n|turn|57\n|\n|t:|1700181878\n|move|p1a: Ferrothorn|Protect|p1a: Ferrothorn\n|-singleturn|p1a: Ferrothorn|Protect\n|move|p2a: Gliscor|Earthquake|p1a: Ferrothorn\n|-activate|p1a: Ferrothorn|move: Protect\n|\n|-heal|p1a: Ferrothorn|73\/100|[from] item: Leftovers\n|upkeep\n|turn|58\n|\n|t:|1700181883\n|switch|p1a: Landorus|Landorus-Therian, M|31\/100 tox\n|-ability|p1a: Landorus|Intimidate|boost\n|-unboost|p2a: Gliscor|atk|1\n|move|p2a: Gliscor|Earthquake|p1a: Landorus\n|-immune|p1a: Landorus\n|\n|-heal|p1a: Landorus|37\/100 tox|[from] item: Leftovers\n|-damage|p1a: Landorus|31\/100 tox|[from] psn\n|upkeep\n|turn|59\n|\n|t:|1700181891\n|switch|p1a: Ferrothorn|Ferrothorn, M|73\/100\n|move|p2a: Gliscor|Earthquake|p1a: Ferrothorn\n|-damage|p1a: Ferrothorn|61\/100\n|\n|-heal|p1a: Ferrothorn|67\/100|[from] item: Leftovers\n|upkeep\n|turn|60\n|\n|t:|1700181897\n|move|p1a: Ferrothorn|Protect|p1a: Ferrothorn\n|-singleturn|p1a: Ferrothorn|Protect\n|move|p2a: Gliscor|Toxic|p1a: Ferrothorn\n|-activate|p1a: Ferrothorn|move: Protect\n|\n|-heal|p1a: Ferrothorn|73\/100|[from] item: Leftovers\n|upkeep\n|turn|61\n|\n|t:|1700181905\n|move|p2a: Gliscor|Toxic|p1a: Ferrothorn\n|-immune|p1a: Ferrothorn\n|move|p1a: Ferrothorn|Leech Seed|p2a: Gliscor\n|-start|p2a: Gliscor|move: Leech Seed\n|\n|-heal|p1a: Ferrothorn|79\/100|[from] item: Leftovers\n|-damage|p2a: Gliscor|88\/100 tox|[from] Leech Seed|[of] p1a: Ferrothorn\n|-heal|p1a: Ferrothorn|92\/100|[silent]\n|-heal|p2a: Gliscor|100\/100 tox|[from] ability: Poison Heal\n|upkeep\n|turn|62\n|\n|t:|1700181912\n|switch|p1a: Landorus|Landorus-Therian, M|31\/100 tox\n|-ability|p1a: Landorus|Intimidate|boost\n|-unboost|p2a: Gliscor|atk|1\n|move|p2a: Gliscor|Earthquake|p1a: Landorus\n|-immune|p1a: Landorus\n|\n|-heal|p1a: Landorus|37\/100 tox|[from] item: Leftovers\n|-damage|p2a: Gliscor|88\/100 tox|[from] Leech Seed|[of] p1a: Landorus\n|-heal|p1a: Landorus|49\/100 tox|[silent]\n|-heal|p2a: Gliscor|100\/100 tox|[from] ability: Poison Heal\n|-damage|p1a: Landorus|43\/100 tox|[from] psn\n|upkeep\n|turn|63\n|\n|t:|1700181920\n|move|p2a: Gliscor|Toxic|p1a: Landorus\n|-fail|p1a: Landorus|tox\n|move|p1a: Landorus|U-turn|p2a: Gliscor\n|-resisted|p2a: Gliscor\n|-damage|p2a: Gliscor|92\/100 tox\n|\n|t:|1700181929\n|switch|p1a: Lopunny|Lopunny-Mega, M|95\/100|[from] U-turn\n|\n|-damage|p2a: Gliscor|80\/100 tox|[from] Leech Seed|[of] p1a: Lopunny\n|-heal|p1a: Lopunny|100\/100|[silent]\n|-heal|p2a: Gliscor|92\/100 tox|[from] ability: Poison Heal\n|upkeep\n|turn|64\n|\n|t:|1700181936\n|move|p1a: Lopunny|Fake Out|p2a: Gliscor\n|-damage|p2a: Gliscor|76\/100 tox\n|cant|p2a: Gliscor|flinch\n|\n|-damage|p2a: Gliscor|63\/100 tox|[from] Leech Seed|[of] p1a: Lopunny\n|-heal|p2a: Gliscor|76\/100 tox|[from] ability: Poison Heal\n|upkeep\n|turn|65\n|\n|t:|1700181946\n|move|p1a: Lopunny|Return|p2a: Gliscor\n|-damage|p2a: Gliscor|32\/100 tox\n|move|p2a: Gliscor|Toxic|p1a: Lopunny\n|-status|p1a: Lopunny|tox\n|\n|-damage|p2a: Gliscor|20\/100 tox|[from] Leech Seed|[of] p1a: Lopunny\n|-damage|p1a: Lopunny|95\/100 tox|[from] psn\n|-heal|p2a: Gliscor|32\/100 tox|[from] ability: Poison Heal\n|upkeep\n|turn|66\n|\n|t:|1700181950\n|move|p1a: Lopunny|Return|p2a: Gliscor\n|-damage|p2a: Gliscor|0 fnt\n|faint|p2a: Gliscor\n|\n|win|Xoky_Jose Ale 55\n|c|\u2606Xoky_Jose Ale 55|gg\n","uploadtime":1700181958,"views":13,"p1id":"xokyjoseale55","p2id":"crossaint","formatid":"gen9nationaldex","rating":0,"private":0,"password":""}