{"id":"gen9nationaldex-1997326349","p1":"enenooxx3","p2":"UUbers Vesp","format":"[Gen 9] National Dex","log":"|html|<div class=\"broadcast-blue\"><strong>[Gen 9] National Dex is currently suspecting Sneasler! For information on how to participate check out the <a href=\"https:\/\/www.smogon.com\/forums\/threads\/sv-national-dex-suspect-8-just-dance.3731534\/\">suspect thread<\/a>.<\/strong><\/div>\n|j|\u2606enenooxx3\n|j|\u2606UUbers Vesp\n|t:|1700789756\n|gametype|singles\n|player|p1|enenooxx3|beauty-gen4dp|1569\n|player|p2|UUbers Vesp|juggler|1697\n|teamsize|p1|6\n|teamsize|p2|6\n|gen|9\n|tier|[Gen 9] National Dex\n|rated|\n|rule|HP Percentage Mod: HP is shown in percentages\n|rule|Endless Battle Clause: Forcing endless battles is banned\n|rule|OHKO Clause: OHKO moves are banned\n|rule|Evasion Clause: Evasion abilities, items, and moves are banned\n|rule|Evasion Abilities Clause: Evasion abilities are banned\n|rule|Evasion Items Clause: Evasion items are banned\n|rule|Evasion Moves Clause: Evasion moves are banned\n|rule|Species Clause: Limit one of each Pok\u00e9mon\n|rule|Sleep Clause Mod: Limit one foe put to sleep\n|clearpoke\n|poke|p1|Hatterene, F|\n|poke|p1|Sinistcha|\n|poke|p1|Garchomp, M|\n|poke|p1|Tyranitar, M|\n|poke|p1|Corviknight, F|\n|poke|p1|Zamazenta-*|\n|poke|p2|Ursaluna, M|\n|poke|p2|Alomomola, F|\n|poke|p2|Iron Valiant|\n|poke|p2|Scizor, M|\n|poke|p2|Zapdos|\n|poke|p2|Garchomp, F|\n|teampreview\n|\n|t:|1700789763\n|start\n|switch|p1a: Garchomp|Garchomp, M|100\/100\n|switch|p2a: LIBERATE ME|Scizor, M|100\/100\n|turn|1\n|\n|t:|1700789766\n|switch|p2a: I WISH I KNEW YOU|Alomomola, F|100\/100\n|move|p1a: Garchomp|Stealth Rock|p2a: I WISH I KNEW YOU\n|-sidestart|p2: UUbers Vesp|move: Stealth Rock\n|\n|upkeep\n|turn|2\n|\n|t:|1700789769\n|switch|p1a: Hatterene|Hatterene, F|100\/100\n|move|p2a: I WISH I KNEW YOU|Toxic|p1a: Hatterene\n|move|p1a: Hatterene|Toxic|p2a: I WISH I KNEW YOU|[from]ability: Magic Bounce\n|-status|p2a: I WISH I KNEW YOU|tox\n|\n|-damage|p2a: I WISH I KNEW YOU|94\/100 tox|[from] psn\n|upkeep\n|turn|3\n|\n|t:|1700789777\n|move|p2a: I WISH I KNEW YOU|Flip Turn|p1a: Hatterene\n|-damage|p1a: Hatterene|87\/100\n|\n|t:|1700789780\n|switch|p2a: COMPARE COMBUST|Ursaluna, M|100\/100|[from] Flip Turn\n|-damage|p2a: COMPARE COMBUST|94\/100|[from] Stealth Rock\n|move|p1a: Hatterene|Mystical Fire|p2a: COMPARE COMBUST\n|-damage|p2a: COMPARE COMBUST|78\/100\n|-unboost|p2a: COMPARE COMBUST|spa|1\n|\n|-heal|p1a: Hatterene|93\/100|[from] item: Leftovers\n|-status|p2a: COMPARE COMBUST|brn|[from] item: Flame Orb\n|upkeep\n|turn|4\n|\n|t:|1700789790\n|switch|p2a: 21ST CENTURY|Iron Valiant|100\/100\n|-damage|p2a: 21ST CENTURY|94\/100|[from] Stealth Rock\n|switch|p1a: Zamazenta|Zamazenta|100\/100\n|-ability|p1a: Zamazenta|Dauntless Shield|boost\n|-boost|p1a: Zamazenta|def|1\n|\n|upkeep\n|turn|5\n|\n|t:|1700789797\n|-end|p2a: 21ST CENTURY|Quark Drive|[silent]\n|switch|p2a: CHASING CLOUDS YEA|Zapdos|100\/100\n|move|p1a: Zamazenta|Heavy Slam|p2a: CHASING CLOUDS YEA\n|-resisted|p2a: CHASING CLOUDS YEA\n|-damage|p2a: CHASING CLOUDS YEA|91\/100\n|-status|p1a: Zamazenta|par|[from] ability: Static|[of] p2a: CHASING CLOUDS YEA\n|\n|upkeep\n|turn|6\n|\n|t:|1700789803\n|switch|p1a: Tyranitar|Tyranitar, M|100\/100\n|-weather|Sandstorm|[from] ability: Sand Stream|[of] p1a: Tyranitar\n|move|p2a: CHASING CLOUDS YEA|Defog|p1a: Tyranitar\n|-unboost|p1a: Tyranitar|evasion|1\n|-sideend|p2: UUbers Vesp|Stealth Rock|[from] move: Defog|[of] p2a: CHASING CLOUDS YEA\n|\n|-weather|Sandstorm|[upkeep]\n|-damage|p2a: CHASING CLOUDS YEA|85\/100|[from] Sandstorm\n|upkeep\n|turn|7\n|\n|t:|1700789808\n|switch|p2a: I WISH I KNEW YOU|Alomomola, F|100\/100 tox\n|move|p1a: Tyranitar|Dragon Dance|p1a: Tyranitar\n|-boost|p1a: Tyranitar|atk|1\n|-boost|p1a: Tyranitar|spe|1\n|\n|-weather|Sandstorm|[upkeep]\n|-damage|p2a: I WISH I KNEW YOU|94\/100 tox|[from] Sandstorm\n|-damage|p2a: I WISH I KNEW YOU|88\/100 tox|[from] psn\n|upkeep\n|turn|8\n|\n|t:|1700789814\n|switch|p1a: Corviknight|Corviknight, F|100\/100\n|move|p2a: I WISH I KNEW YOU|Toxic|p1a: Corviknight\n|-immune|p1a: Corviknight\n|\n|-weather|Sandstorm|[upkeep]\n|-damage|p2a: I WISH I KNEW YOU|82\/100 tox|[from] Sandstorm\n|-damage|p2a: I WISH I KNEW YOU|70\/100 tox|[from] psn\n|upkeep\n|turn|9\n|\n|t:|1700789830\n|switch|p1a: Garchomp|Garchomp, M|100\/100\n|move|p2a: I WISH I KNEW YOU|Flip Turn|p1a: Garchomp\n|-damage|p1a: Garchomp|88\/100\n|-damage|p2a: I WISH I KNEW YOU|57\/100 tox|[from] ability: Rough Skin|[of] p1a: Garchomp\n|-damage|p2a: I WISH I KNEW YOU|41\/100 tox|[from] item: Rocky Helmet|[of] p1a: Garchomp\n|\n|t:|1700789840\n|switch|p2a: 21ST CENTURY|Iron Valiant|94\/100|[from] Flip Turn\n|\n|-weather|Sandstorm|[upkeep]\n|-damage|p2a: 21ST CENTURY|88\/100|[from] Sandstorm\n|upkeep\n|turn|10\n|\n|t:|1700789867\n|move|p2a: 21ST CENTURY|Trick|p1a: Garchomp\n|-activate|p2a: 21ST CENTURY|move: Trick|[of] p1a: Garchomp\n|-item|p1a: Garchomp|Choice Specs|[from] move: Trick\n|-item|p2a: 21ST CENTURY|Rocky Helmet|[from] move: Trick\n|move|p1a: Garchomp|Stealth Rock|p2a: 21ST CENTURY\n|-sidestart|p2: UUbers Vesp|move: Stealth Rock\n|\n|-weather|none\n|upkeep\n|turn|11\n|\n|t:|1700789881\n|switch|p1a: Corviknight|Corviknight, F|100\/100\n|move|p2a: 21ST CENTURY|Moonblast|p1a: Corviknight\n|-resisted|p1a: Corviknight\n|-damage|p1a: Corviknight|81\/100\n|\n|-heal|p1a: Corviknight|87\/100|[from] item: Leftovers\n|upkeep\n|turn|12\n|\n|t:|1700789892\n|-end|p2a: 21ST CENTURY|Quark Drive|[silent]\n|switch|p2a: CHASING CLOUDS YEA|Zapdos|85\/100\n|move|p1a: Corviknight|Bulk Up|p1a: Corviknight\n|-boost|p1a: Corviknight|atk|1\n|-boost|p1a: Corviknight|def|1\n|\n|-heal|p1a: Corviknight|93\/100|[from] item: Leftovers\n|upkeep\n|turn|13\n|\n|t:|1700789900\n|move|p2a: CHASING CLOUDS YEA|Defog|p1a: Corviknight\n|-ability|p1a: Corviknight|Mirror Armor\n|-unboost|p2a: CHASING CLOUDS YEA|evasion|1\n|-sideend|p2: UUbers Vesp|Stealth Rock|[from] move: Defog|[of] p2a: CHASING CLOUDS YEA\n|move|p1a: Corviknight|Roost|p1a: Corviknight\n|-heal|p1a: Corviknight|100\/100\n|-singleturn|p1a: Corviknight|move: Roost\n|\n|upkeep\n|turn|14\n|\n|t:|1700789906\n|move|p2a: CHASING CLOUDS YEA|Volt Switch|p1a: Corviknight\n|-supereffective|p1a: Corviknight\n|-damage|p1a: Corviknight|52\/100\n|\n|t:|1700789909\n|switch|p2a: 21ST CENTURY|Iron Valiant|88\/100|[from] Volt Switch\n|move|p1a: Corviknight|Agility|p1a: Corviknight\n|-boost|p1a: Corviknight|spe|2\n|\n|-heal|p1a: Corviknight|58\/100|[from] item: Leftovers\n|upkeep\n|turn|15\n|\n|t:|1700789921\n|-terastallize|p2a: 21ST CENTURY|Fairy\n|move|p1a: Corviknight|Roost|p1a: Corviknight\n|-heal|p1a: Corviknight|100\/100\n|-singleturn|p1a: Corviknight|move: Roost\n|move|p2a: 21ST CENTURY|Thunderbolt|p1a: Corviknight\n|-damage|p1a: Corviknight|75\/100\n|\n|-heal|p1a: Corviknight|82\/100|[from] item: Leftovers\n|upkeep\n|turn|16\n|\n|t:|1700789936\n|move|p1a: Corviknight|Bulk Up|p1a: Corviknight\n|-boost|p1a: Corviknight|atk|1\n|-boost|p1a: Corviknight|def|1\n|move|p2a: 21ST CENTURY|Focus Blast|p1a: Corviknight\n|-damage|p1a: Corviknight|36\/100\n|\n|-heal|p1a: Corviknight|43\/100|[from] item: Leftovers\n|upkeep\n|turn|17\n|\n|t:|1700789942\n|move|p1a: Corviknight|Roost|p1a: Corviknight\n|-heal|p1a: Corviknight|93\/100\n|-singleturn|p1a: Corviknight|move: Roost\n|move|p2a: 21ST CENTURY|Focus Blast|p1a: Corviknight\n|-supereffective|p1a: Corviknight\n|-damage|p1a: Corviknight|0 fnt\n|faint|p1a: Corviknight\n|\n|upkeep\n|-message|enenooxx3 forfeited.\n|\n|win|UUbers Vesp\n|raw|enenooxx3's rating: 1569 &rarr; <strong>1556<\/strong><br \/>(-13 for losing)\n|raw|UUbers Vesp's rating: 1697 &rarr; <strong>1710<\/strong><br \/>(+13 for winning)\n|l|\u2606enenooxx3\n","uploadtime":1700789953,"views":4,"p1id":"enenooxx3","p2id":"uubersvesp","formatid":"gen9nationaldex","rating":1556,"private":0,"password":""}