{"id":"gen9nationaldex-1988092580","p1":"Sylveon(404)","p2":"PeppsiAsiEs","format":"[Gen 9] National Dex","log":"|j|\u2606Sylveon(404)\n|j|\u2606PeppsiAsiEs\n|t:|1699668602\n|gametype|singles\n|player|p1|Sylveon(404)|serena|\n|player|p2|PeppsiAsiEs|poppy|\n|teamsize|p1|6\n|teamsize|p2|6\n|gen|9\n|tier|[Gen 9] National Dex\n|rule|HP Percentage Mod: HP is shown in percentages\n|rule|Endless Battle Clause: Forcing endless battles is banned\n|rule|OHKO Clause: OHKO moves are banned\n|rule|Evasion Clause: Evasion abilities, items, and moves are banned\n|rule|Evasion Abilities Clause: Evasion abilities are banned\n|rule|Evasion Items Clause: Evasion items are banned\n|rule|Evasion Moves Clause: Evasion moves are banned\n|rule|Species Clause: Limit one of each Pok\u00e9mon\n|rule|Sleep Clause Mod: Limit one foe put to sleep\n|clearpoke\n|poke|p1|Minior-Violet|\n|poke|p1|Articuno-Galar|\n|poke|p1|Togekiss, M|\n|poke|p1|Corviknight, M|\n|poke|p1|Dragonite, M|\n|poke|p1|Venusaur, F|\n|poke|p2|Skarmory, F|\n|poke|p2|Jirachi|\n|poke|p2|Celesteela|\n|poke|p2|Bisharp, M|\n|poke|p2|Aegislash, M|\n|poke|p2|Heatran, M|\n|teampreview\n|j| WSoldat\n|\n|t:|1699668669\n|start\n|switch|p1a: cosmic|Minior-Violet|100\/100\n|switch|p2a: Skarmory|Skarmory, F|100\/100\n|-formechange|p1a: cosmic|Minior-Meteor||[from] ability: Shields Down\n|turn|1\n|j| matu 1402\n|c|\u2606PeppsiAsiEs|Antes roto que   doblarme\n|\n|t:|1699668677\n|move|p2a: Skarmory|Taunt|p1a: cosmic\n|-start|p1a: cosmic|move: Taunt\n|cant|p1a: cosmic|move: Taunt|Shell Smash\n|\n|upkeep\n|turn|2\n|c| WSoldat|La batlla es por?\n|c|\u2606Sylveon(404)|puta\n|\n|t:|1699668686\n|move|p2a: Skarmory|Stealth Rock|p1a: cosmic\n|-sidestart|p1: Sylveon(404)|move: Stealth Rock\n|move|p1a: cosmic|Rock Slide|p2a: Skarmory|[miss]\n|-miss|p1a: cosmic|p2a: Skarmory\n|\n|upkeep\n|turn|3\n|c| matu 1402|Sylvie no tiene mi medalla\n|\n|t:|1699668696\n|switch|p2a: Aegislash|Aegislash, M|100\/100\n|move|p1a: cosmic|Rock Slide|p2a: Aegislash\n|-resisted|p2a: Aegislash\n|-damage|p2a: Aegislash|91\/100\n|\n|-end|p1a: cosmic|move: Taunt\n|upkeep\n|turn|4\n|c| matu 1402|Sylveon\n|c| matu 1402|Yo splo digo\n|\n|t:|1699668710\n|move|p1a: cosmic|Shell Smash|p1a: cosmic\n|-unboost|p1a: cosmic|def|1\n|-unboost|p1a: cosmic|spd|1\n|-boost|p1a: cosmic|atk|2\n|-boost|p1a: cosmic|spa|2\n|-boost|p1a: cosmic|spe|2\n|move|p2a: Aegislash|Swords Dance|p2a: Aegislash\n|-boost|p2a: Aegislash|atk|2\n|\n|upkeep\n|turn|5\n|c| WSoldat|No la necesita\n|c| matu 1402|Por?\n|\n|t:|1699668721\n|-terastallize|p1a: cosmic|Ground\n|move|p1a: cosmic|Earthquake|p2a: Aegislash\n|-supereffective|p2a: Aegislash\n|-damage|p2a: Aegislash|0 fnt\n|faint|p2a: Aegislash\n|\n|upkeep\n|\n|t:|1699668726\n|switch|p2a: Celesteela|Celesteela|100\/100\n|turn|6\n|\n|t:|1699668729\n|move|p1a: cosmic|Rock Slide|p2a: Celesteela\n|-damage|p2a: Celesteela|44\/100\n|move|p2a: Celesteela|Giga Drain|p1a: cosmic\n|-supereffective|p1a: cosmic\n|-damage|p1a: cosmic|13\/100\n|-heal|p2a: Celesteela|78\/100|[from] drain|[of] p1a: cosmic\n|\n|-formechange|p1a: cosmic|Minior-Violet||[from] ability: Shields Down\n|upkeep\n|turn|7\n|\n|t:|1699668738\n|-terastallize|p2a: Celesteela|Steel\n|move|p1a: cosmic|Rock Slide|p2a: Celesteela\n|-resisted|p2a: Celesteela\n|-damage|p2a: Celesteela|44\/100\n|move|p2a: Celesteela|Giga Drain|p1a: cosmic\n|-supereffective|p1a: cosmic\n|-damage|p1a: cosmic|0 fnt\n|-heal|p2a: Celesteela|49\/100|[from] drain|[of] p1a: cosmic\n|faint|p1a: cosmic\n|-ability|p2a: Celesteela|Beast Boost|boost\n|-boost|p2a: Celesteela|spa|1\n|\n|upkeep\n|c| WSoldat|Los lideres pueden retar asi nomas a la e4\n|c| matu 1402|A\n|\n|t:|1699668755\n|switch|p1a: barni|Dragonite, M|100\/100\n|-damage|p1a: barni|75\/100|[from] Stealth Rock\n|turn|8\n|c|\u2606Sylveon(404)|uf\n|c| matu 1402|Pero con team de liga, no?\n|c|\u2606Sylveon(404)|q rico fire pucnh\n|c|\u2606Sylveon(404)|se comera\n|c| WSoldat|No\n|\n|t:|1699668773\n|move|p1a: barni|Dragon Dance|p1a: barni\n|-boost|p1a: barni|atk|1\n|-boost|p1a: barni|spe|1\n|move|p2a: Celesteela|Meteor Beam||[still]\n|-prepare|p2a: Celesteela|Meteor Beam\n|-boost|p2a: Celesteela|spa|1\n|-enditem|p2a: Celesteela|Power Herb\n|-anim|p2a: Celesteela|Meteor Beam|p1a: barni\n|-supereffective|p1a: barni\n|-damage|p1a: barni|0 fnt\n|faint|p1a: barni\n|-ability|p2a: Celesteela|Beast Boost|boost\n|-boost|p2a: Celesteela|spa|1\n|\n|upkeep\n|c| WSoldat|Con cualquiera\n|c| matu 1402|Entiendo xd\n|\n|t:|1699668785\n|switch|p1a: rosita|Venusaur, F|100\/100\n|-damage|p1a: rosita|88\/100|[from] Stealth Rock\n|turn|9\n|\n|t:|1699668789\n|detailschange|p1a: rosita|Venusaur-Mega, F\n|-mega|p1a: rosita|Venusaur|Venusaurite\n|move|p2a: Celesteela|Flamethrower|p1a: rosita\n|-supereffective|p1a: rosita\n|-damage|p1a: rosita|32\/100\n|move|p1a: rosita|Earth Power|p2a: Celesteela\n|-supereffective|p2a: Celesteela\n|-damage|p2a: Celesteela|0 fnt\n|faint|p2a: Celesteela\n|\n|upkeep\n|\n|t:|1699668803\n|switch|p2a: Skarmory|Skarmory, F|100\/100\n|turn|10\n|c| matu 1402|El dragonite de Sylveon como siempre vendiendo humo xd\n|\n|t:|1699668807\n|move|p2a: Skarmory|Brave Bird|p1a: rosita\n|-supereffective|p1a: rosita\n|-damage|p1a: rosita|0 fnt\n|faint|p1a: rosita\n|-damage|p2a: Skarmory|89\/100|[from] Recoil\n|\n|upkeep\n|c| matu 1402|Nunca hace nada\n|\n|t:|1699668814\n|switch|p1a: night bird|Corviknight, M|100\/100\n|-damage|p1a: night bird|88\/100|[from] Stealth Rock\n|turn|11\n|\n|t:|1699668819\n|switch|p2a: Jirachi|Jirachi, shiny|100\/100\n|move|p1a: night bird|Iron Defense|p1a: night bird\n|-boost|p1a: night bird|def|2\n|\n|-heal|p1a: night bird|94\/100|[from] item: Leftovers\n|upkeep\n|turn|12\n|\n|t:|1699668826\n|-zpower|p2a: Jirachi\n|move|p2a: Jirachi|Z-Happy Hour|p2a: Jirachi|[anim]Happy Hour\n|-boost|p2a: Jirachi|atk|1|[zeffect]\n|-boost|p2a: Jirachi|def|1|[zeffect]\n|-boost|p2a: Jirachi|spa|1|[zeffect]\n|-boost|p2a: Jirachi|spd|1|[zeffect]\n|-boost|p2a: Jirachi|spe|1|[zeffect]\n|move|p1a: night bird|Body Press|p2a: Jirachi\n|-damage|p2a: Jirachi|67\/100\n|\n|-heal|p1a: night bird|100\/100|[from] item: Leftovers\n|upkeep\n|turn|13\n|\n|t:|1699668837\n|move|p2a: Jirachi|Thunderbolt|p1a: night bird\n|-supereffective|p1a: night bird\n|-damage|p1a: night bird|34\/100\n|-status|p1a: night bird|par\n|move|p1a: night bird|Body Press|p2a: Jirachi\n|-damage|p2a: Jirachi|35\/100\n|\n|-heal|p1a: night bird|40\/100 par|[from] item: Leftovers\n|upkeep\n|turn|14\n|\n|t:|1699668845\n|move|p2a: Jirachi|Thunderbolt|p1a: night bird\n|-supereffective|p1a: night bird\n|-damage|p1a: night bird|0 fnt\n|faint|p1a: night bird\n|\n|upkeep\n|\n|t:|1699668851\n|switch|p1a: el yisus|Togekiss, M|100\/100\n|-damage|p1a: el yisus|76\/100|[from] Stealth Rock\n|turn|15\n|\n|t:|1699668855\n|move|p2a: Jirachi|Psychic|p1a: el yisus\n|-damage|p1a: el yisus|32\/100\n|-enditem|p1a: el yisus|Sitrus Berry|[eat]\n|-heal|p1a: el yisus|57\/100|[from] item: Sitrus Berry\n|move|p1a: el yisus|Flamethrower|p2a: Jirachi\n|-supereffective|p2a: Jirachi\n|-damage|p2a: Jirachi|0 fnt\n|faint|p2a: Jirachi\n|\n|upkeep\n|c| matu 1402|Bueno gg\n|\n|t:|1699668865\n|switch|p2a: Heatran|Heatran, M|100\/100\n|-item|p2a: Heatran|Air Balloon\n|turn|16\n|\n|t:|1699668869\n|move|p1a: el yisus|Thunder Wave|p2a: Heatran|[miss]\n|-miss|p1a: el yisus|p2a: Heatran\n|move|p2a: Heatran|Magma Storm|p1a: el yisus|[miss]\n|-miss|p2a: Heatran|p1a: el yisus\n|\n|upkeep\n|turn|17\n|\n|t:|1699668877\n|move|p1a: el yisus|Thunder Wave|p2a: Heatran\n|-status|p2a: Heatran|par\n|move|p2a: Heatran|Magma Storm|p1a: el yisus\n|-damage|p1a: el yisus|23\/100\n|-activate|p1a: el yisus|move: Magma Storm|[of] p2a: Heatran\n|\n|-damage|p1a: el yisus|11\/100|[from] move: Magma Storm|[partiallytrapped]\n|upkeep\n|turn|18\n|c| WSoldat|XD\n|\n|t:|1699668885\n|move|p1a: el yisus|Air Slash|p2a: Heatran\n|-resisted|p2a: Heatran\n|-damage|p2a: Heatran|91\/100 par\n|-enditem|p2a: Heatran|Air Balloon\n|move|p2a: Heatran|Magma Storm|p1a: el yisus\n|-damage|p1a: el yisus|0 fnt\n|faint|p1a: el yisus\n|\n|upkeep\n|c| WSoldat|BATALLA DE INVALIDOS\n|\n|t:|1699668895\n|switch|p1a: ais mi ciela|Articuno-Galar|100\/100\n|-damage|p1a: ais mi ciela|76\/100|[from] Stealth Rock\n|turn|19\n|\n|t:|1699668902\n|move|p1a: ais mi ciela|Substitute|p1a: ais mi ciela\n|-start|p1a: ais mi ciela|Substitute\n|-damage|p1a: ais mi ciela|51\/100\n|cant|p2a: Heatran|par\n|\n|-heal|p1a: ais mi ciela|57\/100|[from] item: Leftovers\n|upkeep\n|turn|20\n|\n|t:|1699668909\n|move|p1a: ais mi ciela|Calm Mind|p1a: ais mi ciela\n|-boost|p1a: ais mi ciela|spa|1\n|-boost|p1a: ais mi ciela|spd|1\n|cant|p2a: Heatran|par\n|\n|-heal|p1a: ais mi ciela|63\/100|[from] item: Leftovers\n|upkeep\n|turn|21\n|\n|t:|1699668916\n|move|p1a: ais mi ciela|Calm Mind|p1a: ais mi ciela\n|-boost|p1a: ais mi ciela|spa|1\n|-boost|p1a: ais mi ciela|spd|1\n|move|p2a: Heatran|Magma Storm|p1a: ais mi ciela\n|-activate|p1a: ais mi ciela|move: Substitute|[damage]\n|\n|-heal|p1a: ais mi ciela|69\/100|[from] item: Leftovers\n|upkeep\n|turn|22\n|c|\u2606PeppsiAsiEs|Aja y pa cuando dejas de trolear heatran\n|\n|t:|1699668925\n|move|p1a: ais mi ciela|Calm Mind|p1a: ais mi ciela\n|-boost|p1a: ais mi ciela|spa|1\n|-boost|p1a: ais mi ciela|spd|1\n|move|p2a: Heatran|Stone Edge|p1a: ais mi ciela|[miss]\n|-miss|p2a: Heatran|p1a: ais mi ciela\n|\n|-heal|p1a: ais mi ciela|76\/100|[from] item: Leftovers\n|upkeep\n|turn|23\n|c| matu 1402|Se tardo en meter a bisharp\n|\n|t:|1699668933\n|move|p1a: ais mi ciela|Calm Mind|p1a: ais mi ciela\n|-boost|p1a: ais mi ciela|spa|1\n|-boost|p1a: ais mi ciela|spd|1\n|move|p2a: Heatran|Stone Edge|p1a: ais mi ciela|[miss]\n|-miss|p2a: Heatran|p1a: ais mi ciela\n|\n|-heal|p1a: ais mi ciela|82\/100|[from] item: Leftovers\n|upkeep\n|turn|24\n|c|\u2606Sylveon(404)|XD\n|\n|t:|1699668942\n|move|p1a: ais mi ciela|Air Slash|p2a: Heatran\n|-resisted|p2a: Heatran\n|-damage|p2a: Heatran|55\/100 par\n|move|p2a: Heatran|Stone Edge|p1a: ais mi ciela\n|-supereffective|p1a: ais mi ciela\n|-end|p1a: ais mi ciela|Substitute\n|\n|-heal|p1a: ais mi ciela|88\/100|[from] item: Leftovers\n|upkeep\n|turn|25\n|\n|t:|1699668952\n|move|p1a: ais mi ciela|Substitute|p1a: ais mi ciela\n|-start|p1a: ais mi ciela|Substitute\n|-damage|p1a: ais mi ciela|63\/100\n|cant|p2a: Heatran|par\n|\n|-heal|p1a: ais mi ciela|69\/100|[from] item: Leftovers\n|upkeep\n|turn|26\n|\n|t:|1699668958\n|move|p1a: ais mi ciela|Calm Mind|p1a: ais mi ciela\n|-boost|p1a: ais mi ciela|spa|1\n|-boost|p1a: ais mi ciela|spd|1\n|move|p2a: Heatran|Taunt|p1a: ais mi ciela\n|-start|p1a: ais mi ciela|move: Taunt\n|\n|-heal|p1a: ais mi ciela|76\/100|[from] item: Leftovers\n|upkeep\n|turn|27\n|\n|t:|1699668966\n|move|p1a: ais mi ciela|Stored Power|p2a: Heatran\n|-resisted|p2a: Heatran\n|-damage|p2a: Heatran|0 fnt\n|faint|p2a: Heatran\n|\n|-heal|p1a: ais mi ciela|82\/100|[from] item: Leftovers\n|upkeep\n|c| matu 1402|Un poquoto tarde para ese\n|\n|t:|1699668970\n|switch|p2a: Skarmory|Skarmory, F|89\/100\n|turn|28\n|\n|t:|1699668974\n|move|p2a: Skarmory|Brave Bird|p1a: ais mi ciela\n|-end|p1a: ais mi ciela|Substitute\n|-damage|p2a: Skarmory|79\/100|[from] Recoil|[of] p1a: ais mi ciela\n|move|p1a: ais mi ciela|Stored Power|p2a: Skarmory\n|-resisted|p2a: Skarmory\n|-damage|p2a: Skarmory|0 fnt\n|faint|p2a: Skarmory\n|\n|-heal|p1a: ais mi ciela|88\/100|[from] item: Leftovers\n|upkeep\n|c| matu 1402|Ptm bisharp\n|\n|t:|1699668980\n|switch|p2a: Bisharp|Bisharp, M|100\/100\n|turn|29\n|\n|t:|1699668984\n|move|p2a: Bisharp|Sucker Punch|p1a: ais mi ciela\n|-supereffective|p1a: ais mi ciela\n|-damage|p1a: ais mi ciela|0 fnt\n|faint|p1a: ais mi ciela\n|\n|win|PeppsiAsiEs\n|c|\u2606Sylveon(404)|cais\n|c|\u2606PeppsiAsiEs|Gg\n|c|\u2606Sylveon(404)|*casi\n|c|\u2606Sylveon(404)|ggs\n|c|\u2606PeppsiAsiEs|Casi por la haxeada viste\n|l| WSoldat\n|c| matu 1402|Era hace 30turnos bisharp\n|l|\u2606Sylveon(404)\n|l| matu 1402\n","uploadtime":1699669054,"views":8,"p1id":"sylveon404","p2id":"peppsiasies","formatid":"gen9nationaldex","rating":0,"private":0,"password":""}