{"id":"gen9nationaldex-1992465169","p1":"vacuumcleanerpt.2","p2":"yakuza0KUZA","format":"[Gen 9] National Dex","log":"|j|\u2606vacuumcleanerpt.2\n|j|\u2606yakuza0KUZA\n|t:|1700190877\n|gametype|singles\n|player|p1|vacuumcleanerpt.2|170|1085\n|player|p2|yakuza0KUZA|cheren-gen5bw2|1000\n|teamsize|p1|6\n|teamsize|p2|6\n|gen|9\n|tier|[Gen 9] National Dex\n|rated|\n|rule|HP Percentage Mod: HP is shown in percentages\n|rule|Endless Battle Clause: Forcing endless battles is banned\n|rule|OHKO Clause: OHKO moves are banned\n|rule|Evasion Clause: Evasion abilities, items, and moves are banned\n|rule|Evasion Abilities Clause: Evasion abilities are banned\n|rule|Evasion Items Clause: Evasion items are banned\n|rule|Evasion Moves Clause: Evasion moves are banned\n|rule|Species Clause: Limit one of each Pok\u00e9mon\n|rule|Sleep Clause Mod: Limit one foe put to sleep\n|clearpoke\n|poke|p1|Blaziken, M|\n|poke|p1|Garchomp, M|\n|poke|p1|Tinkaton, F|\n|poke|p1|Heliolisk, F|\n|poke|p1|Fezandipiti, M|\n|poke|p1|Skarmory, M|\n|poke|p2|Cinccino, F|\n|poke|p2|Smeargle, F|\n|poke|p2|Indeedee-F, F|\n|poke|p2|Ditto|\n|poke|p2|Komala, F|\n|poke|p2|Bibarel, M|\n|teampreview\n|\n|t:|1700190885\n|start\n|switch|p1a: Blaziken|Blaziken, M, shiny|100\/100\n|switch|p2a: Alkene|Smeargle, F|100\/100\n|turn|1\n|\n|t:|1700190896\n|move|p2a: Alkene|Sticky Web|p1a: Blaziken\n|-sidestart|p1: vacuumcleanerpt.2|move: Sticky Web\n|move|p1a: Blaziken|Swords Dance|p1a: Blaziken\n|-boost|p1a: Blaziken|atk|2\n|\n|-ability|p1a: Blaziken|Speed Boost|boost\n|-boost|p1a: Blaziken|spe|1\n|upkeep\n|turn|2\n|\n|t:|1700190905\n|move|p1a: Blaziken|Blaze Kick|p2a: Alkene\n|-enditem|p2a: Alkene|Focus Sash\n|-damage|p2a: Alkene|1\/100\n|move|p2a: Alkene|Spore|p1a: Blaziken\n|-status|p1a: Blaziken|slp|[from] move: Spore\n|\n|-ability|p1a: Blaziken|Speed Boost|boost\n|-boost|p1a: Blaziken|spe|1\n|upkeep\n|turn|3\n|\n|t:|1700190915\n|cant|p1a: Blaziken|slp\n|move|p2a: Alkene|Stealth Rock|p1a: Blaziken\n|-sidestart|p1: vacuumcleanerpt.2|move: Stealth Rock\n|\n|-ability|p1a: Blaziken|Speed Boost|boost\n|-boost|p1a: Blaziken|spe|1\n|upkeep\n|turn|4\n|\n|t:|1700190924\n|cant|p1a: Blaziken|slp\n|move|p2a: Alkene|Destiny Bond|p2a: Alkene\n|-singlemove|p2a: Alkene|Destiny Bond\n|\n|-ability|p1a: Blaziken|Speed Boost|boost\n|-boost|p1a: Blaziken|spe|1\n|upkeep\n|turn|5\n|\n|t:|1700190932\n|cant|p1a: Blaziken|slp\n|move|p2a: Alkene|Spore|p1a: Blaziken\n|-fail|p1a: Blaziken|slp\n|\n|-ability|p1a: Blaziken|Speed Boost|boost\n|-boost|p1a: Blaziken|spe|1\n|upkeep\n|turn|6\n|\n|t:|1700190941\n|-curestatus|p1a: Blaziken|slp|[msg]\n|move|p1a: Blaziken|Earthquake|p2a: Alkene\n|-damage|p2a: Alkene|0 fnt\n|faint|p2a: Alkene\n|\n|-ability|p1a: Blaziken|Speed Boost|boost\n|-boost|p1a: Blaziken|spe|1\n|upkeep\n|\n|t:|1700190950\n|switch|p2a: Freelancer|Ditto|100\/100\n|-transform|p2a: Freelancer|p1a: Blaziken|[from] ability: Imposter\n|turn|7\n|\n|t:|1700190959\n|move|p2a: Freelancer|Brave Bird|p1a: Blaziken\n|-supereffective|p1a: Blaziken\n|-enditem|p1a: Blaziken|Focus Sash\n|-damage|p1a: Blaziken|1\/100\n|-damage|p2a: Freelancer|67\/100|[from] Recoil\n|move|p1a: Blaziken|Brave Bird|p2a: Freelancer\n|-supereffective|p2a: Freelancer\n|-damage|p2a: Freelancer|0 fnt\n|faint|p2a: Freelancer\n|-damage|p1a: Blaziken|0 fnt|[from] Recoil\n|faint|p1a: Blaziken\n|\n|upkeep\n|\n|t:|1700190975\n|switch|p1a: Fezandipiti|Fezandipiti, M|100\/100\n|switch|p2a: Freddy Fastbear|Bibarel, M|100\/100\n|-activate|p1a: Fezandipiti|move: Sticky Web\n|-unboost|p1a: Fezandipiti|spe|1\n|-damage|p1a: Fezandipiti|88\/100|[from] Stealth Rock\n|turn|8\n|\n|t:|1700190984\n|move|p2a: Freddy Fastbear|Swords Dance|p2a: Freddy Fastbear\n|-boost|p2a: Freddy Fastbear|atk|4\n|move|p1a: Fezandipiti|Sludge Bomb|p2a: Freddy Fastbear\n|-damage|p2a: Freddy Fastbear|66\/100\n|\n|-heal|p1a: Fezandipiti|94\/100|[from] item: Leftovers\n|upkeep\n|turn|9\n|\n|t:|1700191015\n|move|p1a: Fezandipiti|Protect|p1a: Fezandipiti\n|-singleturn|p1a: Fezandipiti|Protect\n|move|p2a: Freddy Fastbear|Aqua Jet|p1a: Fezandipiti\n|-activate|p1a: Fezandipiti|move: Protect\n|\n|-heal|p1a: Fezandipiti|99\/100|[from] item: Leftovers\n|upkeep\n|turn|10\n|\n|t:|1700191037\n|move|p2a: Freddy Fastbear|Swords Dance|p2a: Freddy Fastbear\n|-boost|p2a: Freddy Fastbear|atk|2\n|move|p1a: Fezandipiti|Sludge Bomb|p2a: Freddy Fastbear\n|-damage|p2a: Freddy Fastbear|27\/100\n|-status|p2a: Freddy Fastbear|psn\n|\n|-heal|p1a: Fezandipiti|100\/100|[from] item: Leftovers\n|-damage|p2a: Freddy Fastbear|15\/100 psn|[from] psn\n|upkeep\n|turn|11\n|\n|t:|1700191048\n|move|p1a: Fezandipiti|Protect|p1a: Fezandipiti\n|-singleturn|p1a: Fezandipiti|Protect\n|move|p2a: Freddy Fastbear|Aqua Jet|p1a: Fezandipiti\n|-activate|p1a: Fezandipiti|move: Protect\n|\n|-damage|p2a: Freddy Fastbear|3\/100 psn|[from] psn\n|upkeep\n|turn|12\n|\n|t:|1700191061\n|move|p2a: Freddy Fastbear|Aqua Jet|p1a: Fezandipiti\n|-damage|p1a: Fezandipiti|27\/100\n|-damage|p2a: Freddy Fastbear|0 fnt|[from] item: Life Orb\n|faint|p2a: Freddy Fastbear\n|move|p1a: Fezandipiti|Nasty Plot|p1a: Fezandipiti\n|-boost|p1a: Fezandipiti|spa|2\n|\n|-heal|p1a: Fezandipiti|33\/100|[from] item: Leftovers\n|upkeep\n|\n|t:|1700191077\n|switch|p2a: Ketone|Komala, F|100\/100\n|-ability|p2a: Ketone|Comatose\n|turn|13\n|\n|t:|1700191091\n|move|p2a: Ketone|Sleep Talk|p2a: Ketone\n|move|p2a: Ketone|Last Resort|p1a: Fezandipiti|[from]move: Sleep Talk\n|-damage|p1a: Fezandipiti|0 fnt\n|faint|p1a: Fezandipiti\n|\n|upkeep\n|\n|t:|1700191100\n|switch|p1a: Tinkaton|Tinkaton, F, shiny|100\/100\n|-activate|p1a: Tinkaton|move: Sticky Web\n|-unboost|p1a: Tinkaton|spe|1\n|-damage|p1a: Tinkaton|94\/100|[from] Stealth Rock\n|-ability|p1a: Tinkaton|Mold Breaker\n|turn|14\n|\n|t:|1700191111\n|move|p2a: Ketone|Sleep Talk|p2a: Ketone\n|move|p2a: Ketone|Last Resort|p1a: Tinkaton|[from]move: Sleep Talk\n|-resisted|p1a: Tinkaton\n|-damage|p1a: Tinkaton|34\/100\n|move|p1a: Tinkaton|Thunder Wave|p2a: Ketone\n|-immune|p2a: Ketone|[from] ability: Comatose\n|\n|-heal|p1a: Tinkaton|41\/100|[from] item: Leftovers\n|upkeep\n|turn|15\n|\n|t:|1700191127\n|switch|p1a: Skarmory|Skarmory, M, shiny|100\/100\n|-damage|p1a: Skarmory|88\/100|[from] Stealth Rock\n|move|p2a: Ketone|Sleep Talk|p2a: Ketone\n|move|p2a: Ketone|Last Resort|p1a: Skarmory|[from]move: Sleep Talk\n|-resisted|p1a: Skarmory\n|-damage|p1a: Skarmory|55\/100\n|\n|-heal|p1a: Skarmory|61\/100|[from] item: Leftovers\n|upkeep\n|turn|16\n|\n|t:|1700191137\n|move|p1a: Skarmory|Iron Defense|p1a: Skarmory\n|-boost|p1a: Skarmory|def|2\n|move|p2a: Ketone|Sleep Talk|p2a: Ketone\n|move|p2a: Ketone|Last Resort|p1a: Skarmory|[from]move: Sleep Talk\n|-resisted|p1a: Skarmory\n|-damage|p1a: Skarmory|45\/100\n|\n|-heal|p1a: Skarmory|51\/100|[from] item: Leftovers\n|upkeep\n|turn|17\n|\n|t:|1700191148\n|switch|p2a: Amide|Indeedee-F, F|100\/100\n|-fieldstart|move: Psychic Terrain|[from] ability: Psychic Surge|[of] p2a: Amide\n|move|p1a: Skarmory|Iron Defense|p1a: Skarmory\n|-boost|p1a: Skarmory|def|2\n|\n|-heal|p1a: Skarmory|57\/100|[from] item: Leftovers\n|upkeep\n|turn|18\n|\n|t:|1700191162\n|move|p2a: Amide|Mystical Fire|p1a: Skarmory\n|-supereffective|p1a: Skarmory\n|-damage|p1a: Skarmory|0 fnt\n|faint|p1a: Skarmory\n|\n|upkeep\n|\n|t:|1700191169\n|switch|p1a: Tinkaton|Tinkaton, F, shiny|41\/100\n|-activate|p1a: Tinkaton|move: Sticky Web\n|-unboost|p1a: Tinkaton|spe|1\n|-damage|p1a: Tinkaton|34\/100|[from] Stealth Rock\n|-ability|p1a: Tinkaton|Mold Breaker\n|turn|19\n|\n|t:|1700191177\n|move|p2a: Amide|Mystical Fire|p1a: Tinkaton\n|-supereffective|p1a: Tinkaton\n|-damage|p1a: Tinkaton|2\/100\n|-unboost|p1a: Tinkaton|spa|1\n|move|p1a: Tinkaton|Knock Off|p2a: Amide\n|-supereffective|p2a: Amide\n|-damage|p2a: Amide|26\/100\n|-enditem|p2a: Amide|Assault Vest|[from] move: Knock Off|[of] p1a: Tinkaton\n|\n|-heal|p1a: Tinkaton|9\/100|[from] item: Leftovers\n|upkeep\n|turn|20\n|\n|t:|1700191191\n|move|p2a: Amide|Mystical Fire|p1a: Tinkaton\n|-supereffective|p1a: Tinkaton\n|-damage|p1a: Tinkaton|0 fnt\n|faint|p1a: Tinkaton\n|\n|upkeep\n|\n|t:|1700191197\n|switch|p1a: Garchomp|Garchomp, M, shiny|100\/100\n|-activate|p1a: Garchomp|move: Sticky Web\n|-unboost|p1a: Garchomp|spe|1\n|-damage|p1a: Garchomp|94\/100|[from] Stealth Rock\n|turn|21\n|\n|t:|1700191208\n|detailschange|p1a: Garchomp|Garchomp-Mega, M, shiny\n|-mega|p1a: Garchomp|Garchomp|Garchompite\n|-terastallize|p2a: Amide|Psychic\n|move|p1a: Garchomp|Earthquake|p2a: Amide\n|-damage|p2a: Amide|0 fnt\n|faint|p2a: Amide\n|\n|-fieldend|move: Psychic Terrain\n|upkeep\n|\n|t:|1700191217\n|switch|p2a: Ketone|Komala, F|100\/100\n|-ability|p2a: Ketone|Comatose\n|turn|22\n|\n|t:|1700191222\n|move|p1a: Garchomp|Earthquake|p2a: Ketone\n|-damage|p2a: Ketone|4\/100\n|move|p2a: Ketone|Sleep Talk|p2a: Ketone\n|move|p2a: Ketone|Last Resort|p1a: Garchomp|[from]move: Sleep Talk\n|-damage|p1a: Garchomp|9\/100\n|\n|upkeep\n|turn|23\n|\n|t:|1700191230\n|move|p1a: Garchomp|Earthquake|p2a: Ketone\n|-damage|p2a: Ketone|0 fnt\n|faint|p2a: Ketone\n|\n|upkeep\n|\n|t:|1700191234\n|switch|p2a: Miku|Cinccino, F|100\/100\n|turn|24\n|\n|t:|1700191242\n|move|p2a: Miku|Bullet Seed|p1a: Garchomp\n|-damage|p1a: Garchomp|0 fnt\n|faint|p1a: Garchomp\n|-hitcount|p1: Garchomp|1\n|\n|upkeep\n|\n|t:|1700191246\n|switch|p1a: Heliolisk|Heliolisk, F|100\/100\n|-activate|p1a: Heliolisk|move: Sticky Web\n|-unboost|p1a: Heliolisk|spe|1\n|-damage|p1a: Heliolisk|88\/100|[from] Stealth Rock\n|turn|25\n|\n|t:|1700191264\n|-terastallize|p1a: Heliolisk|Electric\n|move|p2a: Miku|Tail Slap|p1a: Heliolisk|[miss]\n|-miss|p2a: Miku|p1a: Heliolisk\n|move|p1a: Heliolisk|Parabolic Charge|p2a: Miku\n|-damage|p2a: Miku|18\/100\n|-heal|p1a: Heliolisk|100\/100|[from] drain|[of] p2a: Miku\n|\n|upkeep\n|turn|26\n|\n|t:|1700191273\n|move|p2a: Miku|Tail Slap|p1a: Heliolisk\n|-damage|p1a: Heliolisk|65\/100\n|-damage|p1a: Heliolisk|34\/100\n|-damage|p1a: Heliolisk|2\/100\n|-crit|p1a: Heliolisk\n|-damage|p1a: Heliolisk|0 fnt\n|faint|p1a: Heliolisk\n|-hitcount|p1: Heliolisk|4\n|\n|win|yakuza0KUZA\n|raw|vacuumcleanerpt.2's rating: 1085 &rarr; <strong>1057<\/strong><br \/>(-28 for losing)\n|raw|yakuza0KUZA's rating: 1000 &rarr; <strong>1050<\/strong><br \/>(+50 for winning)\n|c|\u2606vacuumcleanerpt.2|gg\n|l|\u2606vacuumcleanerpt.2\n","uploadtime":1700191285,"views":19,"p1id":"vacuumcleanerpt2","p2id":"yakuza0kuza","formatid":"gen9nationaldex","rating":1050,"private":0,"password":""}