{"id":"gen9nationaldex-1993833799","p1":"Toxic Ariados","p2":"Shay ObsidianEW","format":"[Gen 9] National Dex","log":"|j|\u2606Toxic Ariados\n|j|\u2606Shay ObsidianEW\n|t:|1700362998\n|gametype|singles\n|player|p1|Toxic Ariados|lucas|1670\n|player|p2|Shay ObsidianEW|n|1714\n|teamsize|p1|6\n|teamsize|p2|6\n|gen|9\n|tier|[Gen 9] National Dex\n|rated|\n|rule|HP Percentage Mod: HP is shown in percentages\n|rule|Endless Battle Clause: Forcing endless battles is banned\n|rule|OHKO Clause: OHKO moves are banned\n|rule|Evasion Clause: Evasion abilities, items, and moves are banned\n|rule|Evasion Abilities Clause: Evasion abilities are banned\n|rule|Evasion Items Clause: Evasion items are banned\n|rule|Evasion Moves Clause: Evasion moves are banned\n|rule|Species Clause: Limit one of each Pok\u00e9mon\n|rule|Sleep Clause Mod: Limit one foe put to sleep\n|clearpoke\n|poke|p1|Grimmsnarl, M|\n|poke|p1|Okidogi, M|\n|poke|p1|Volcarona, F|\n|poke|p1|Great Tusk|\n|poke|p1|Ogerpon-Cornerstone, F|\n|poke|p1|Jirachi|\n|poke|p2|Skeledirge, F|\n|poke|p2|Clodsire, F|\n|poke|p2|Corviknight, F|\n|poke|p2|Tapu Lele|\n|poke|p2|Urshifu-*, F|\n|poke|p2|Gardevoir, F|\n|teampreview\n|inactive|Battle timer is ON: inactive players will automatically lose when time's up. (requested by Shay ObsidianEW)\n|\n|t:|1700363025\n|start\n|switch|p1a: Wrath|Okidogi, M|100\/100\n|switch|p2a: Gardevoir|Gardevoir, F|100\/100\n|-ability|p2a: Gardevoir|Toxic Chain|[from] ability: Trace|[of] p1a: Wrath\n|turn|1\n|\n|t:|1700363032\n|detailschange|p2a: Gardevoir|Gardevoir-Mega, F\n|-mega|p2a: Gardevoir|Gardevoir|Gardevoirite\n|-terastallize|p1a: Wrath|Dark\n|move|p2a: Gardevoir|Hyper Voice|p1a: Wrath\n|-supereffective|p1a: Wrath\n|-damage|p1a: Wrath|0 fnt\n|faint|p1a: Wrath\n|\n|upkeep\n|\n|t:|1700363043\n|switch|p1a: Diablo|Grimmsnarl, M|100\/100\n|turn|2\n|\n|t:|1700363047\n|move|p1a: Diablo|Light Screen|p1a: Diablo\n|-sidestart|p1: Toxic Ariados|move: Light Screen\n|move|p2a: Gardevoir|Hyper Voice|p1a: Diablo\n|-supereffective|p1a: Diablo\n|-damage|p1a: Diablo|45\/100\n|\n|upkeep\n|turn|3\n|\n|t:|1700363055\n|move|p1a: Diablo|Reflect|p1a: Diablo\n|-sidestart|p1: Toxic Ariados|Reflect\n|move|p2a: Gardevoir|Hyper Voice|p1a: Diablo\n|-supereffective|p1a: Diablo\n|-damage|p1a: Diablo|0 fnt\n|faint|p1a: Diablo\n|\n|upkeep\n|\n|t:|1700363056\n|switch|p1a: Stardust|Jirachi, shiny|100\/100\n|turn|4\n|\n|t:|1700363065\n|-zpower|p1a: Stardust\n|move|p1a: Stardust|Z-Happy Hour|p1a: Stardust|[anim]Happy Hour\n|-boost|p1a: Stardust|atk|1|[zeffect]\n|-boost|p1a: Stardust|def|1|[zeffect]\n|-boost|p1a: Stardust|spa|1|[zeffect]\n|-boost|p1a: Stardust|spd|1|[zeffect]\n|-boost|p1a: Stardust|spe|1|[zeffect]\n|move|p2a: Gardevoir|Mystical Fire|p1a: Stardust\n|-supereffective|p1a: Stardust\n|-damage|p1a: Stardust|77\/100\n|-unboost|p1a: Stardust|spa|1\n|\n|upkeep\n|turn|5\n|\n|t:|1700363081\n|switch|p2a: Corviknight|Corviknight, F|100\/100\n|-ability|p2a: Corviknight|Pressure\n|move|p1a: Stardust|Calm Mind|p1a: Stardust\n|-boost|p1a: Stardust|spa|1\n|-boost|p1a: Stardust|spd|1\n|\n|upkeep\n|turn|6\n|\n|t:|1700363086\n|move|p1a: Stardust|Calm Mind|p1a: Stardust\n|-boost|p1a: Stardust|spa|1\n|-boost|p1a: Stardust|spd|1\n|move|p2a: Corviknight|Defog|p1a: Stardust\n|-unboost|p1a: Stardust|evasion|1\n|-sideend|p1: Toxic Ariados|Reflect\n|-sideend|p1: Toxic Ariados|move: Light Screen\n|\n|upkeep\n|turn|7\n|\n|t:|1700363091\n|move|p1a: Stardust|Calm Mind|p1a: Stardust\n|-boost|p1a: Stardust|spa|1\n|-boost|p1a: Stardust|spd|1\n|move|p2a: Corviknight|U-turn|p1a: Stardust\n|-crit|p1a: Stardust\n|-damage|p1a: Stardust|55\/100\n|\n|t:|1700363093\n|switch|p2a: Skeledirge|Skeledirge, F|100\/100|[from] U-turn\n|\n|upkeep\n|turn|8\n|\n|t:|1700363095\n|move|p1a: Stardust|Stored Power|p2a: Skeledirge\n|-damage|p2a: Skeledirge|0 fnt\n|faint|p2a: Skeledirge\n|\n|upkeep\n|\n|t:|1700363112\n|switch|p2a: Clodsire|Clodsire, F|100\/100\n|turn|9\n|\n|t:|1700363121\n|-terastallize|p2a: Clodsire|Dark\n|move|p1a: Stardust|Iron Head|p2a: Clodsire\n|-damage|p2a: Clodsire|52\/100\n|cant|p2a: Clodsire|flinch\n|\n|-heal|p2a: Clodsire|59\/100|[from] item: Leftovers\n|upkeep\n|turn|10\n|\n|t:|1700363126\n|move|p1a: Stardust|Iron Head|p2a: Clodsire\n|-damage|p2a: Clodsire|11\/100\n|cant|p2a: Clodsire|flinch\n|\n|-heal|p2a: Clodsire|17\/100|[from] item: Leftovers\n|upkeep\n|turn|11\n|j| OuterDreams\n|-message|Shay ObsidianEW forfeited.\n|\n|win|Toxic Ariados\n|raw|Toxic Ariados's rating: 1652 &rarr; <strong>1676<\/strong><br \/>(+24 for winning)\n|raw|Shay ObsidianEW's rating: 1714 &rarr; <strong>1690<\/strong><br \/>(-24 for losing)\n|l|\u2606Shay ObsidianEW\n|c|\u2606Toxic Ariados|this isnt my first rodeo\n|l| OuterDreams\n|c|\u2606Toxic Ariados|ive seen that trick one too many times\n","uploadtime":1700363140,"views":7,"p1id":"toxicariados","p2id":"shayobsidianew","formatid":"gen9nationaldex","rating":1676,"private":0,"password":""}