{"id":"gen9nationaldex-1996220713","p1":"subnori","p2":"Ricardo2221","format":"[Gen 9] National Dex","log":"|html|<div class=\"broadcast-blue\"><strong>[Gen 9] National Dex is currently suspecting Sneasler! For information on how to participate check out the <a href=\"https:\/\/www.smogon.com\/forums\/threads\/sv-national-dex-suspect-8-just-dance.3731534\/\">suspect thread<\/a>.<\/strong><\/div>\n|j|\u2606subnori\n|j|\u2606Ricardo2221\n|t:|1700660758\n|gametype|singles\n|player|p1|subnori|266|\n|player|p2|Ricardo2221|benga|\n|teamsize|p1|6\n|teamsize|p2|6\n|gen|9\n|tier|[Gen 9] National Dex\n|rule|HP Percentage Mod: HP is shown in percentages\n|rule|Endless Battle Clause: Forcing endless battles is banned\n|rule|OHKO Clause: OHKO moves are banned\n|rule|Evasion Clause: Evasion abilities, items, and moves are banned\n|rule|Evasion Abilities Clause: Evasion abilities are banned\n|rule|Evasion Items Clause: Evasion items are banned\n|rule|Evasion Moves Clause: Evasion moves are banned\n|rule|Species Clause: Limit one of each Pok\u00e9mon\n|rule|Sleep Clause Mod: Limit one foe put to sleep\n|clearpoke\n|poke|p1|Reuniclus, M|\n|poke|p1|Skarmory, F|\n|poke|p1|Gastrodon-East, F|\n|poke|p1|Lopunny, F|\n|poke|p1|Toxapex, M|\n|poke|p1|Zapdos|\n|poke|p2|Sneasler, F|\n|poke|p2|Iron Valiant|\n|poke|p2|Zapdos|\n|poke|p2|Pinsir, F|\n|poke|p2|Landorus-Therian, M|\n|poke|p2|Garganacl, F|\n|teampreview\n|inactive|Battle timer is ON: inactive players will automatically lose when time's up. (requested by Ricardo2221)\n|inactive|Ricardo2221 has 270 seconds left.\n|\n|t:|1700660790\n|start\n|switch|p1a: Zapdos|Zapdos|100\/100\n|switch|p2a: Landorus|Landorus-Therian, M|100\/100\n|-ability|p2a: Landorus|Intimidate|boost\n|-unboost|p1a: Zapdos|atk|1\n|turn|1\n|\n|t:|1700660794\n|move|p2a: Landorus|Stone Edge|p1a: Zapdos\n|-supereffective|p1a: Zapdos\n|-damage|p1a: Zapdos|43\/100\n|move|p1a: Zapdos|Heat Wave|p2a: Landorus\n|-damage|p2a: Landorus|64\/100\n|\n|upkeep\n|turn|2\n|\n|t:|1700660800\n|switch|p1a: Iluru|Gastrodon-East, F|100\/100\n|move|p2a: Landorus|Stealth Rock|p1a: Iluru\n|-sidestart|p1: subnori|move: Stealth Rock\n|\n|upkeep\n|turn|3\n|\n|t:|1700660809\n|switch|p2a: Garganacl|Garganacl, F|100\/100\n|move|p1a: Iluru|Stealth Rock|p2a: Garganacl\n|-sidestart|p2: Ricardo2221|move: Stealth Rock\n|\n|upkeep\n|turn|4\n|\n|t:|1700660813\n|move|p1a: Iluru|Scald|p2a: Garganacl\n|-supereffective|p2a: Garganacl\n|-damage|p2a: Garganacl|67\/100\n|move|p2a: Garganacl|Iron Defense|p2a: Garganacl\n|-boost|p2a: Garganacl|def|2\n|\n|-heal|p2a: Garganacl|74\/100|[from] item: Leftovers\n|upkeep\n|turn|5\n|\n|t:|1700660818\n|-terastallize|p2a: Garganacl|Ghost\n|move|p1a: Iluru|Scald|p2a: Garganacl\n|-damage|p2a: Garganacl|55\/100\n|move|p2a: Garganacl|Iron Defense|p2a: Garganacl\n|-boost|p2a: Garganacl|def|2\n|\n|-heal|p2a: Garganacl|62\/100|[from] item: Leftovers\n|upkeep\n|turn|6\n|\n|t:|1700660822\n|switch|p1a: Caranalga|Reuniclus, M|100\/100\n|move|p2a: Garganacl|Iron Defense|p2a: Garganacl\n|-boost|p2a: Garganacl|def|2\n|\n|-heal|p2a: Garganacl|68\/100|[from] item: Leftovers\n|upkeep\n|turn|7\n|\n|t:|1700660828\n|move|p1a: Caranalga|Calm Mind|p1a: Caranalga\n|-boost|p1a: Caranalga|spa|1\n|-boost|p1a: Caranalga|spd|1\n|move|p2a: Garganacl|Salt Cure|p1a: Caranalga\n|-damage|p1a: Caranalga|91\/100\n|-start|p1a: Caranalga|Salt Cure\n|\n|-heal|p1a: Caranalga|97\/100|[from] item: Leftovers\n|-heal|p2a: Garganacl|74\/100|[from] item: Leftovers\n|upkeep\n|turn|8\n|\n|t:|1700660833\n|move|p1a: Caranalga|Calm Mind|p1a: Caranalga\n|-boost|p1a: Caranalga|spa|1\n|-boost|p1a: Caranalga|spd|1\n|move|p2a: Garganacl|Body Press|p1a: Caranalga\n|-resisted|p1a: Caranalga\n|-damage|p1a: Caranalga|64\/100\n|\n|-heal|p1a: Caranalga|70\/100|[from] item: Leftovers\n|-heal|p2a: Garganacl|80\/100|[from] item: Leftovers\n|upkeep\n|turn|9\n|\n|t:|1700660843\n|move|p1a: Caranalga|Calm Mind|p1a: Caranalga\n|-boost|p1a: Caranalga|spa|1\n|-boost|p1a: Caranalga|spd|1\n|move|p2a: Garganacl|Body Press|p1a: Caranalga\n|-resisted|p1a: Caranalga\n|-damage|p1a: Caranalga|37\/100\n|\n|-heal|p1a: Caranalga|43\/100|[from] item: Leftovers\n|-heal|p2a: Garganacl|86\/100|[from] item: Leftovers\n|upkeep\n|turn|10\n|\n|t:|1700660846\n|move|p1a: Caranalga|Recover|p1a: Caranalga\n|-heal|p1a: Caranalga|93\/100\n|move|p2a: Garganacl|Body Press|p1a: Caranalga\n|-resisted|p1a: Caranalga\n|-damage|p1a: Caranalga|62\/100\n|\n|-heal|p1a: Caranalga|69\/100|[from] item: Leftovers\n|-heal|p2a: Garganacl|93\/100|[from] item: Leftovers\n|upkeep\n|turn|11\n|\n|t:|1700660850\n|move|p1a: Caranalga|Calm Mind|p1a: Caranalga\n|-boost|p1a: Caranalga|spa|1\n|-boost|p1a: Caranalga|spd|1\n|move|p2a: Garganacl|Body Press|p1a: Caranalga\n|-resisted|p1a: Caranalga\n|-damage|p1a: Caranalga|34\/100\n|\n|-heal|p1a: Caranalga|40\/100|[from] item: Leftovers\n|-heal|p2a: Garganacl|99\/100|[from] item: Leftovers\n|upkeep\n|turn|12\n|\n|t:|1700660857\n|move|p1a: Caranalga|Recover|p1a: Caranalga\n|-heal|p1a: Caranalga|91\/100\n|move|p2a: Garganacl|Body Press|p1a: Caranalga\n|-resisted|p1a: Caranalga\n|-damage|p1a: Caranalga|60\/100\n|\n|-heal|p1a: Caranalga|66\/100|[from] item: Leftovers\n|-heal|p2a: Garganacl|100\/100|[from] item: Leftovers\n|upkeep\n|turn|13\n|\n|t:|1700660859\n|move|p1a: Caranalga|Recover|p1a: Caranalga\n|-heal|p1a: Caranalga|100\/100\n|move|p2a: Garganacl|Body Press|p1a: Caranalga\n|-resisted|p1a: Caranalga\n|-damage|p1a: Caranalga|66\/100\n|\n|-heal|p1a: Caranalga|72\/100|[from] item: Leftovers\n|upkeep\n|turn|14\n|\n|t:|1700660861\n|move|p1a: Caranalga|Stored Power|p2a: Garganacl\n|-damage|p2a: Garganacl|0 fnt\n|faint|p2a: Garganacl\n|\n|-heal|p1a: Caranalga|78\/100|[from] item: Leftovers\n|upkeep\n|\n|t:|1700660866\n|switch|p2a: Pinsir|Pinsir, F|100\/100\n|-damage|p2a: Pinsir|76\/100|[from] Stealth Rock\n|turn|15\n|\n|t:|1700660872\n|switch|p1a: PhantomFigther|Skarmory, F|100\/100\n|-damage|p1a: PhantomFigther|88\/100|[from] Stealth Rock\n|detailschange|p2a: Pinsir|Pinsir-Mega, F\n|-mega|p2a: Pinsir|Pinsir|Pinsirite\n|move|p2a: Pinsir|Return|p1a: PhantomFigther\n|-resisted|p1a: PhantomFigther\n|-damage|p1a: PhantomFigther|67\/100\n|-damage|p2a: Pinsir|59\/100|[from] item: Rocky Helmet|[of] p1a: PhantomFigther\n|\n|upkeep\n|turn|16\n|\n|t:|1700660879\n|move|p2a: Pinsir|Swords Dance|p2a: Pinsir\n|-boost|p2a: Pinsir|atk|2\n|move|p1a: PhantomFigther|Iron Defense|p1a: PhantomFigther\n|-boost|p1a: PhantomFigther|def|2\n|\n|upkeep\n|turn|17\n|\n|t:|1700660889\n|move|p2a: Pinsir|Return|p1a: PhantomFigther\n|-resisted|p1a: PhantomFigther\n|-damage|p1a: PhantomFigther|47\/100\n|-damage|p2a: Pinsir|43\/100|[from] item: Rocky Helmet|[of] p1a: PhantomFigther\n|move|p1a: PhantomFigther|Iron Defense|p1a: PhantomFigther\n|-boost|p1a: PhantomFigther|def|2\n|\n|upkeep\n|turn|18\n|\n|t:|1700660896\n|switch|p2a: Zapdos|Zapdos|100\/100\n|move|p1a: PhantomFigther|Iron Defense|p1a: PhantomFigther\n|-boost|p1a: PhantomFigther|def|2\n|\n|upkeep\n|turn|19\n|\n|t:|1700660903\n|switch|p1a: Iluru|Gastrodon-East, F|100\/100\n|move|p2a: Zapdos|Hurricane|p1a: Iluru\n|-damage|p1a: Iluru|59\/100\n|\n|upkeep\n|turn|20\n|\n|t:|1700660908\n|move|p2a: Zapdos|Hurricane|p1a: Iluru\n|-damage|p1a: Iluru|17\/100\n|move|p1a: Iluru|Recover|p1a: Iluru\n|-heal|p1a: Iluru|67\/100\n|\n|upkeep\n|turn|21\n|\n|t:|1700660915\n|move|p2a: Zapdos|Defog|p1a: Iluru\n|-unboost|p1a: Iluru|evasion|1\n|-sideend|p1: subnori|Stealth Rock|[from] move: Defog|[of] p2a: Zapdos\n|-sideend|p2: Ricardo2221|Stealth Rock|[from] move: Defog|[of] p2a: Zapdos\n|move|p1a: Iluru|Toxic|p2a: Zapdos\n|-status|p2a: Zapdos|tox\n|\n|-damage|p2a: Zapdos|94\/100 tox|[from] psn\n|upkeep\n|turn|22\n|\n|t:|1700660924\n|move|p2a: Zapdos|Hurricane|p1a: Iluru\n|-damage|p1a: Iluru|23\/100\n|move|p1a: Iluru|Recover|p1a: Iluru\n|-heal|p1a: Iluru|74\/100\n|\n|-damage|p2a: Zapdos|82\/100 tox|[from] psn\n|upkeep\n|turn|23\n|\n|t:|1700660932\n|switch|p2a: Sneasler|Sneasler, F|100\/100\n|switch|p1a: Toxapex|Toxapex, M|100\/100\n|\n|upkeep\n|turn|24\n|\n|t:|1700660937\n|move|p2a: Sneasler|Swords Dance|p2a: Sneasler\n|-boost|p2a: Sneasler|atk|2\n|move|p1a: Toxapex|Knock Off|p2a: Sneasler\n|-resisted|p2a: Sneasler\n|-damage|p2a: Sneasler|88\/100\n|-enditem|p2a: Sneasler|White Herb|[from] move: Knock Off|[of] p1a: Toxapex\n|\n|upkeep\n|turn|25\n|\n|t:|1700660943\n|move|p2a: Sneasler|Swords Dance|p2a: Sneasler\n|-boost|p2a: Sneasler|atk|2\n|move|p1a: Toxapex|Scald|p2a: Sneasler\n|-damage|p2a: Sneasler|67\/100\n|-status|p2a: Sneasler|brn\n|\n|-damage|p2a: Sneasler|61\/100 brn|[from] brn\n|upkeep\n|turn|26\n|\n|t:|1700660949\n|move|p2a: Sneasler|Swords Dance|p2a: Sneasler\n|-boost|p2a: Sneasler|atk|2\n|move|p1a: Toxapex|Scald|p2a: Sneasler\n|-damage|p2a: Sneasler|38\/100 brn\n|\n|-damage|p2a: Sneasler|32\/100 brn|[from] brn\n|upkeep\n|turn|27\n|\n|t:|1700660955\n|move|p1a: Toxapex|Baneful Bunker|p1a: Toxapex\n|-singleturn|p1a: Toxapex|move: Protect\n|move|p2a: Sneasler|Acrobatics|p1a: Toxapex\n|-activate|p1a: Toxapex|move: Protect\n|\n|-damage|p2a: Sneasler|26\/100 brn|[from] brn\n|upkeep\n|turn|28\n|\n|t:|1700660963\n|move|p2a: Sneasler|Acrobatics|p1a: Toxapex\n|-damage|p1a: Toxapex|35\/100\n|move|p1a: Toxapex|Scald|p2a: Sneasler\n|-damage|p2a: Sneasler|4\/100 brn\n|\n|-damage|p2a: Sneasler|0 fnt|[from] brn\n|faint|p2a: Sneasler\n|upkeep\n|\n|t:|1700660971\n|switch|p2a: Pinsir|Pinsir-Mega, F|43\/100\n|turn|29\n|\n|t:|1700660978\n|move|p1a: Toxapex|Baneful Bunker|p1a: Toxapex\n|-singleturn|p1a: Toxapex|move: Protect\n|move|p2a: Pinsir|Swords Dance|p2a: Pinsir\n|-boost|p2a: Pinsir|atk|2\n|\n|upkeep\n|turn|30\n|\n|t:|1700660984\n|switch|p1a: Zapdos|Zapdos|43\/100\n|move|p2a: Pinsir|Return|p1a: Zapdos\n|-resisted|p1a: Zapdos\n|-damage|p1a: Zapdos|0 fnt\n|faint|p1a: Zapdos\n|\n|upkeep\n|\n|t:|1700660987\n|switch|p1a: Chocolat|Lopunny, F|100\/100\n|turn|31\n|\n|t:|1700660990\n|detailschange|p1a: Chocolat|Lopunny-Mega, F\n|-mega|p1a: Chocolat|Lopunny|Lopunnite\n|move|p1a: Chocolat|Fake Out|p2a: Pinsir\n|-damage|p2a: Pinsir|19\/100\n|cant|p2a: Pinsir|flinch\n|\n|upkeep\n|turn|32\n|\n|t:|1700660996\n|move|p2a: Pinsir|Quick Attack|p1a: Chocolat\n|-supereffective|p1a: Chocolat\n|-damage|p1a: Chocolat|0 fnt\n|faint|p1a: Chocolat\n|\n|upkeep\n|\n|t:|1700661002\n|switch|p1a: PhantomFigther|Skarmory, F|47\/100\n|turn|33\n|\n|t:|1700661006\n|move|p2a: Pinsir|Return|p1a: PhantomFigther\n|-resisted|p1a: PhantomFigther\n|-damage|p1a: PhantomFigther|1\/100\n|-damage|p2a: Pinsir|2\/100|[from] item: Rocky Helmet|[of] p1a: PhantomFigther\n|move|p1a: PhantomFigther|Roost|p1a: PhantomFigther\n|-heal|p1a: PhantomFigther|51\/100\n|-singleturn|p1a: PhantomFigther|move: Roost\n|\n|upkeep\n|turn|34\n|\n|t:|1700661013\n|move|p2a: Pinsir|Swords Dance|p2a: Pinsir\n|-boost|p2a: Pinsir|atk|2\n|move|p1a: PhantomFigther|Roost|p1a: PhantomFigther\n|-heal|p1a: PhantomFigther|100\/100\n|-singleturn|p1a: PhantomFigther|move: Roost\n|\n|upkeep\n|turn|35\n|\n|t:|1700661017\n|move|p2a: Pinsir|Return|p1a: PhantomFigther\n|-resisted|p1a: PhantomFigther\n|-damage|p1a: PhantomFigther|29\/100\n|-damage|p2a: Pinsir|0 fnt|[from] item: Rocky Helmet|[of] p1a: PhantomFigther\n|faint|p2a: Pinsir\n|move|p1a: PhantomFigther|Iron Defense|p1a: PhantomFigther\n|-boost|p1a: PhantomFigther|def|2\n|\n|upkeep\n|\n|t:|1700661022\n|switch|p2a: Zapdos|Zapdos|82\/100 tox\n|turn|36\n|\n|t:|1700661027\n|switch|p1a: Iluru|Gastrodon-East, F|74\/100\n|move|p2a: Zapdos|Hurricane|p1a: Iluru\n|-damage|p1a: Iluru|29\/100\n|\n|-damage|p2a: Zapdos|76\/100 tox|[from] psn\n|upkeep\n|turn|37\n|\n|t:|1700661030\n|move|p2a: Zapdos|Hurricane|p1a: Iluru|[miss]\n|-miss|p2a: Zapdos|p1a: Iluru\n|move|p1a: Iluru|Recover|p1a: Iluru\n|-heal|p1a: Iluru|79\/100\n|\n|-damage|p2a: Zapdos|63\/100 tox|[from] psn\n|upkeep\n|turn|38\n|\n|t:|1700661034\n|switch|p2a: Iron Valiant|Iron Valiant|100\/100\n|-enditem|p2a: Iron Valiant|Booster Energy\n|-activate|p2a: Iron Valiant|ability: Quark Drive|[fromitem]\n|-start|p2a: Iron Valiant|quarkdrivespe\n|move|p1a: Iluru|Stealth Rock|p2a: Iron Valiant\n|-sidestart|p2: Ricardo2221|move: Stealth Rock\n|\n|upkeep\n|turn|39\n|\n|t:|1700661040\n|move|p2a: Iron Valiant|Calm Mind|p2a: Iron Valiant\n|-boost|p2a: Iron Valiant|spa|1\n|-boost|p2a: Iron Valiant|spd|1\n|move|p1a: Iluru|Toxic|p2a: Iron Valiant\n|-status|p2a: Iron Valiant|tox\n|\n|-damage|p2a: Iron Valiant|94\/100 tox|[from] psn\n|upkeep\n|turn|40\n|\n|t:|1700661044\n|switch|p1a: Caranalga|Reuniclus, M|78\/100\n|move|p2a: Iron Valiant|Moonblast|p1a: Caranalga\n|-damage|p1a: Caranalga|12\/100\n|-unboost|p1a: Caranalga|spa|1\n|\n|-heal|p1a: Caranalga|18\/100|[from] item: Leftovers\n|-damage|p2a: Iron Valiant|82\/100 tox|[from] psn\n|upkeep\n|turn|41\n|\n|t:|1700661051\n|move|p2a: Iron Valiant|Moonblast|p1a: Caranalga\n|-damage|p1a: Caranalga|0 fnt\n|faint|p1a: Caranalga\n|\n|-damage|p2a: Iron Valiant|63\/100 tox|[from] psn\n|upkeep\n|\n|t:|1700661053\n|switch|p1a: Toxapex|Toxapex, M|68\/100\n|turn|42\n|\n|t:|1700661056\n|move|p1a: Toxapex|Baneful Bunker|p1a: Toxapex\n|-singleturn|p1a: Toxapex|move: Protect\n|move|p2a: Iron Valiant|Calm Mind|p2a: Iron Valiant\n|-boost|p2a: Iron Valiant|spa|1\n|-boost|p2a: Iron Valiant|spd|1\n|\n|-damage|p2a: Iron Valiant|38\/100 tox|[from] psn\n|upkeep\n|turn|43\n|\n|t:|1700661059\n|move|p2a: Iron Valiant|Thunderbolt|p1a: Toxapex\n|-supereffective|p1a: Toxapex\n|-damage|p1a: Toxapex|0 fnt\n|faint|p1a: Toxapex\n|\n|-damage|p2a: Iron Valiant|7\/100 tox|[from] psn\n|upkeep\n|\n|t:|1700661062\n|switch|p1a: Iluru|Gastrodon-East, F|79\/100\n|turn|44\n|\n|t:|1700661064\n|move|p2a: Iron Valiant|Moonblast|p1a: Iluru\n|-crit|p1a: Iluru\n|-damage|p1a: Iluru|0 fnt\n|faint|p1a: Iluru\n|\n|-damage|p2a: Iron Valiant|0 fnt|[from] psn\n|faint|p2a: Iron Valiant\n|-end|p2a: Iron Valiant|Quark Drive|[silent]\n|upkeep\n|\n|t:|1700661068\n|switch|p2a: Zapdos|Zapdos|63\/100 tox\n|switch|p1a: PhantomFigther|Skarmory, F|29\/100\n|turn|45\n|\n|t:|1700661071\n|move|p2a: Zapdos|Thunderbolt|p1a: PhantomFigther\n|-supereffective|p1a: PhantomFigther\n|-damage|p1a: PhantomFigther|0 fnt\n|faint|p1a: PhantomFigther\n|\n|win|Ricardo2221\n|c|\u2606subnori|Gg\n","uploadtime":1700661079,"views":24,"p1id":"subnori","p2id":"ricardo2221","formatid":"gen9nationaldex","rating":0,"private":0,"password":""}