{"id":"gen9nationaldex-2000009478","p1":"Capnoob62087","p2":"Zersturer23","format":"[Gen 9] National Dex","log":"|html|<div class=\"broadcast-blue\"><strong>[Gen 9] National Dex is currently suspecting Sneasler! For information on how to participate check out the <a href=\"https:\/\/www.smogon.com\/forums\/threads\/sv-national-dex-suspect-8-just-dance.3731534\/\">suspect thread<\/a>.<\/strong><\/div>\n|j|\u2606Capnoob62087\n|j|\u2606Zersturer23\n|t:|1701140700\n|gametype|singles\n|player|p1|Capnoob62087|265|1083\n|player|p2|Zersturer23|266|1022\n|teamsize|p1|6\n|teamsize|p2|6\n|gen|9\n|tier|[Gen 9] National Dex\n|rated|\n|rule|HP Percentage Mod: HP is shown in percentages\n|rule|Endless Battle Clause: Forcing endless battles is banned\n|rule|OHKO Clause: OHKO moves are banned\n|rule|Evasion Clause: Evasion abilities, items, and moves are banned\n|rule|Evasion Abilities Clause: Evasion abilities are banned\n|rule|Evasion Items Clause: Evasion items are banned\n|rule|Evasion Moves Clause: Evasion moves are banned\n|rule|Species Clause: Limit one of each Pok\u00e9mon\n|rule|Sleep Clause Mod: Limit one foe put to sleep\n|clearpoke\n|poke|p1|Clefable, F|\n|poke|p1|Slowbro, F|\n|poke|p1|Dragonite, M|\n|poke|p1|Muk-Alola, F|\n|poke|p1|Machamp, F|\n|poke|p1|Gengar, F|\n|poke|p2|Centiskorch, M|\n|poke|p2|Ferrothorn, F|\n|poke|p2|Articuno|\n|poke|p2|Sharpedo, F|\n|poke|p2|Garchomp, F|\n|poke|p2|Ting-Lu|\n|teampreview\n|\n|t:|1701140771\n|start\n|switch|p1a: Clefable|Clefable, F|100\/100\n|switch|p2a: Sharpedo|Sharpedo, F|100\/100\n|turn|1\n|\n|t:|1701140778\n|move|p2a: Sharpedo|Protect|p2a: Sharpedo\n|-singleturn|p2a: Sharpedo|Protect\n|move|p1a: Clefable|Reflect|p1a: Clefable\n|-sidestart|p1: Capnoob62087|Reflect\n|\n|-ability|p2a: Sharpedo|Speed Boost|boost\n|-boost|p2a: Sharpedo|spe|1\n|upkeep\n|turn|2\n|\n|t:|1701140784\n|detailschange|p2a: Sharpedo|Sharpedo-Mega, F\n|-mega|p2a: Sharpedo|Sharpedo|Sharpedonite\n|move|p2a: Sharpedo|Psychic Fangs|p1a: Clefable\n|-sideend|p1: Capnoob62087|Reflect\n|-damage|p1a: Clefable|42\/100\n|move|p1a: Clefable|Calm Mind|p1a: Clefable\n|-boost|p1a: Clefable|spa|1\n|-boost|p1a: Clefable|spd|1\n|\n|-heal|p1a: Clefable|48\/100|[from] item: Leftovers\n|upkeep\n|turn|3\n|\n|t:|1701140803\n|switch|p1a: Slowbro|Slowbro, F|100\/100\n|move|p2a: Sharpedo|Poison Fang|p1a: Slowbro\n|-damage|p1a: Slowbro|84\/100\n|-status|p1a: Slowbro|tox\n|-damage|p2a: Sharpedo|84\/100|[from] item: Rocky Helmet|[of] p1a: Slowbro\n|\n|-damage|p1a: Slowbro|78\/100 tox|[from] psn\n|upkeep\n|turn|4\n|\n|t:|1701140814\n|move|p2a: Sharpedo|Crunch|p1a: Slowbro\n|-supereffective|p1a: Slowbro\n|-damage|p1a: Slowbro|0 fnt\n|-damage|p2a: Sharpedo|67\/100|[from] item: Rocky Helmet|[of] p1a: Slowbro\n|faint|p1a: Slowbro\n|\n|upkeep\n|\n|t:|1701140824\n|switch|p1a: Muk|Muk-Alola, F|100\/100\n|turn|5\n|\n|t:|1701140881\n|switch|p2a: Ting-Lu|Ting-Lu|100\/100\n|-ability|p2a: Ting-Lu|Vessel of Ruin\n|move|p1a: Muk|Knock Off|p2a: Ting-Lu\n|-resisted|p2a: Ting-Lu\n|-damage|p2a: Ting-Lu|93\/100\n|-enditem|p2a: Ting-Lu|Assault Vest|[from] move: Knock Off|[of] p1a: Muk\n|\n|upkeep\n|turn|6\n|\n|t:|1701140895\n|switch|p1a: Machamp|Machamp, F|100\/100\n|move|p2a: Ting-Lu|Body Press|p1a: Machamp\n|-damage|p1a: Machamp|70\/100\n|\n|upkeep\n|turn|7\n|\n|t:|1701140903\n|move|p1a: Machamp|Substitute|p1a: Machamp\n|-start|p1a: Machamp|Substitute\n|-damage|p1a: Machamp|45\/100\n|move|p2a: Ting-Lu|Body Press|p1a: Machamp\n|-end|p1a: Machamp|Substitute\n|\n|upkeep\n|turn|8\n|\n|t:|1701140910\n|move|p1a: Machamp|Dynamic Punch|p2a: Ting-Lu\n|-supereffective|p2a: Ting-Lu\n|-damage|p2a: Ting-Lu|44\/100\n|-start|p2a: Ting-Lu|confusion\n|-activate|p2a: Ting-Lu|confusion\n|-damage|p2a: Ting-Lu|40\/100|[from] confusion\n|\n|upkeep\n|turn|9\n|\n|t:|1701140926\n|switch|p2a: Articuno|Articuno|100\/100\n|-ability|p2a: Articuno|Pressure\n|move|p1a: Machamp|Cross Chop|p2a: Articuno\n|-damage|p2a: Articuno|46\/100\n|\n|-heal|p2a: Articuno|53\/100|[from] item: Leftovers\n|upkeep\n|turn|10\n|\n|t:|1701140935\n|move|p2a: Articuno|Roost|p2a: Articuno\n|-heal|p2a: Articuno|100\/100\n|-singleturn|p2a: Articuno|move: Roost\n|move|p1a: Machamp|Stone Edge|p2a: Articuno\n|-supereffective|p2a: Articuno\n|-damage|p2a: Articuno|33\/100\n|\n|-heal|p2a: Articuno|40\/100|[from] item: Leftovers\n|upkeep\n|turn|11\n|\n|t:|1701140949\n|move|p2a: Articuno|Roost|p2a: Articuno\n|-heal|p2a: Articuno|90\/100\n|-singleturn|p2a: Articuno|move: Roost\n|move|p1a: Machamp|Stone Edge|p2a: Articuno\n|-supereffective|p2a: Articuno\n|-crit|p2a: Articuno\n|-damage|p2a: Articuno|0 fnt\n|faint|p2a: Articuno\n|\n|upkeep\n|\n|t:|1701140957\n|switch|p2a: Sharpedo|Sharpedo-Mega, F|67\/100\n|turn|12\n|inactive|Battle timer is ON: inactive players will automatically lose when time's up. (requested by Zersturer23)\n|\n|t:|1701140982\n|move|p2a: Sharpedo|Psychic Fangs|p1a: Machamp\n|-supereffective|p1a: Machamp\n|-damage|p1a: Machamp|0 fnt\n|faint|p1a: Machamp\n|\n|upkeep\n|\n|t:|1701140990\n|switch|p1a: Dragonite|Dragonite, M|100\/100\n|turn|13\n|\n|t:|1701140996\n|move|p2a: Sharpedo|Crunch|p1a: Dragonite\n|-damage|p1a: Dragonite|66\/100\n|-unboost|p1a: Dragonite|def|1\n|move|p1a: Dragonite|Dragon Rush|p2a: Sharpedo\n|-crit|p2a: Sharpedo\n|-damage|p2a: Sharpedo|0 fnt\n|faint|p2a: Sharpedo\n|-damage|p1a: Dragonite|56\/100|[from] item: Life Orb\n|\n|upkeep\n|\n|t:|1701141003\n|switch|p2a: Garchomp|Garchomp, F|100\/100\n|turn|14\n|\n|t:|1701141009\n|move|p2a: Garchomp|Outrage|p1a: Dragonite\n|-supereffective|p1a: Dragonite\n|-damage|p1a: Dragonite|0 fnt\n|faint|p1a: Dragonite\n|\n|upkeep\n|\n|t:|1701141015\n|switch|p1a: Muk|Muk-Alola, F|100\/100\n|turn|15\n|\n|t:|1701141019\n|move|p2a: Garchomp|Outrage|p1a: Muk|[from]lockedmove\n|-damage|p1a: Muk|32\/100\n|-start|p2a: Garchomp|confusion|[fatigue]\n|move|p1a: Muk|Knock Off|p2a: Garchomp\n|-damage|p2a: Garchomp|77\/100\n|-damage|p1a: Muk|20\/100|[from] ability: Rough Skin|[of] p2a: Garchomp\n|\n|-heal|p1a: Muk|26\/100|[from] item: Black Sludge\n|upkeep\n|turn|16\n|\n|t:|1701141035\n|switch|p2a: Ting-Lu|Ting-Lu|40\/100\n|-ability|p2a: Ting-Lu|Vessel of Ruin\n|move|p1a: Muk|Pain Split|p2a: Ting-Lu\n|-sethp|p2a: Ting-Lu|31\/100|[from] move: Pain Split|[silent]\n|-sethp|p1a: Muk|38\/100|[from] move: Pain Split\n|\n|-heal|p1a: Muk|44\/100|[from] item: Black Sludge\n|upkeep\n|turn|17\n|\n|t:|1701141044\n|switch|p1a: Clefable|Clefable, F|48\/100\n|move|p2a: Ting-Lu|Body Press|p1a: Clefable\n|-resisted|p1a: Clefable\n|-damage|p1a: Clefable|33\/100\n|\n|-heal|p1a: Clefable|39\/100|[from] item: Leftovers\n|upkeep\n|turn|18\n|\n|t:|1701141054\n|move|p1a: Clefable|Moonlight|p1a: Clefable\n|-heal|p1a: Clefable|89\/100\n|move|p2a: Ting-Lu|Heavy Slam|p1a: Clefable\n|-supereffective|p1a: Clefable\n|-damage|p1a: Clefable|16\/100\n|\n|-heal|p1a: Clefable|23\/100|[from] item: Leftovers\n|upkeep\n|turn|19\n|\n|t:|1701141066\n|move|p1a: Clefable|Calm Mind|p1a: Clefable\n|-boost|p1a: Clefable|spa|1\n|-boost|p1a: Clefable|spd|1\n|move|p2a: Ting-Lu|Heavy Slam|p1a: Clefable\n|-supereffective|p1a: Clefable\n|-damage|p1a: Clefable|0 fnt\n|faint|p1a: Clefable\n|\n|upkeep\n|\n|t:|1701141073\n|switch|p1a: Gengar|Gengar, F|100\/100\n|turn|20\n|\n|t:|1701141079\n|move|p1a: Gengar|Sludge Bomb|p2a: Ting-Lu\n|-resisted|p2a: Ting-Lu\n|-damage|p2a: Ting-Lu|12\/100\n|-damage|p1a: Gengar|91\/100|[from] item: Life Orb\n|move|p2a: Ting-Lu|Heavy Slam|p1a: Gengar\n|-damage|p1a: Gengar|32\/100\n|\n|upkeep\n|turn|21\n|\n|t:|1701141089\n|move|p1a: Gengar|Hex|p2a: Ting-Lu\n|-resisted|p2a: Ting-Lu\n|-damage|p2a: Ting-Lu|0 fnt\n|faint|p2a: Ting-Lu\n|-damage|p1a: Gengar|22\/100|[from] item: Life Orb\n|\n|upkeep\n|\n|t:|1701141098\n|switch|p2a: Centiskorch|Centiskorch, M|100\/100\n|turn|22\n|\n|t:|1701141101\n|move|p2a: Centiskorch|Crunch|p1a: Gengar\n|-supereffective|p1a: Gengar\n|-damage|p1a: Gengar|0 fnt\n|-start|p2a: Centiskorch|Disable|Crunch|[from] ability: Cursed Body|[of] p1a: Gengar\n|faint|p1a: Gengar\n|\n|upkeep\n|\n|t:|1701141107\n|switch|p1a: Muk|Muk-Alola, F|44\/100\n|turn|23\n|\n|t:|1701141111\n|switch|p2a: Ferrothorn|Ferrothorn, F|100\/100\n|move|p1a: Muk|Knock Off|p2a: Ferrothorn\n|-damage|p2a: Ferrothorn|80\/100\n|-damage|p1a: Muk|32\/100|[from] ability: Iron Barbs|[of] p2a: Ferrothorn\n|-enditem|p2a: Ferrothorn|Leftovers|[from] move: Knock Off|[of] p1a: Muk\n|\n|-heal|p1a: Muk|38\/100|[from] item: Black Sludge\n|upkeep\n|turn|24\n|\n|t:|1701141120\n|move|p1a: Muk|Protect|p1a: Muk\n|-singleturn|p1a: Muk|Protect\n|move|p2a: Ferrothorn|Leech Seed|p1a: Muk\n|-activate|p1a: Muk|move: Protect\n|\n|-heal|p1a: Muk|44\/100|[from] item: Black Sludge\n|upkeep\n|turn|25\n|\n|t:|1701141129\n|move|p1a: Muk|Pain Split|p2a: Ferrothorn\n|-sethp|p2a: Ferrothorn|66\/100|[from] move: Pain Split|[silent]\n|-sethp|p1a: Muk|56\/100|[from] move: Pain Split\n|move|p2a: Ferrothorn|Leech Seed|p1a: Muk\n|-start|p1a: Muk|move: Leech Seed\n|\n|-heal|p1a: Muk|62\/100|[from] item: Black Sludge\n|-damage|p1a: Muk|50\/100|[from] Leech Seed|[of] p2a: Ferrothorn\n|-heal|p2a: Ferrothorn|80\/100|[silent]\n|upkeep\n|turn|26\n|\n|t:|1701141141\n|move|p1a: Muk|Protect|p1a: Muk\n|-singleturn|p1a: Muk|Protect\n|move|p2a: Ferrothorn|Thunder Wave|p1a: Muk\n|-activate|p1a: Muk|move: Protect\n|\n|-heal|p1a: Muk|56\/100|[from] item: Black Sludge\n|-damage|p1a: Muk|43\/100|[from] Leech Seed|[of] p2a: Ferrothorn\n|-heal|p2a: Ferrothorn|95\/100|[silent]\n|upkeep\n|turn|27\n|\n|t:|1701141153\n|move|p1a: Muk|Protect|p1a: Muk\n|-singleturn|p1a: Muk|Protect\n|move|p2a: Ferrothorn|Thunder Wave|p1a: Muk\n|-activate|p1a: Muk|move: Protect\n|\n|-heal|p1a: Muk|49\/100|[from] item: Black Sludge\n|-damage|p1a: Muk|37\/100|[from] Leech Seed|[of] p2a: Ferrothorn\n|-heal|p2a: Ferrothorn|100\/100|[silent]\n|upkeep\n|turn|28\n|\n|t:|1701141165\n|move|p1a: Muk|Pursuit|p2a: Ferrothorn\n|-damage|p2a: Ferrothorn|93\/100\n|-damage|p1a: Muk|25\/100|[from] ability: Iron Barbs|[of] p2a: Ferrothorn\n|move|p2a: Ferrothorn|Thunder Wave|p1a: Muk\n|-status|p1a: Muk|par\n|\n|-heal|p1a: Muk|31\/100 par|[from] item: Black Sludge\n|-damage|p1a: Muk|18\/100 par|[from] Leech Seed|[of] p2a: Ferrothorn\n|-heal|p2a: Ferrothorn|100\/100|[silent]\n|upkeep\n|turn|29\n|\n|t:|1701141175\n|move|p2a: Ferrothorn|Stealth Rock|p1a: Muk\n|-sidestart|p1: Capnoob62087|move: Stealth Rock\n|move|p1a: Muk|Pain Split|p2a: Ferrothorn\n|-sethp|p2a: Ferrothorn|61\/100|[from] move: Pain Split|[silent]\n|-sethp|p1a: Muk|52\/100 par|[from] move: Pain Split\n|\n|-heal|p1a: Muk|58\/100 par|[from] item: Black Sludge\n|-damage|p1a: Muk|46\/100 par|[from] Leech Seed|[of] p2a: Ferrothorn\n|-heal|p2a: Ferrothorn|75\/100|[silent]\n|upkeep\n|turn|30\n|\n|t:|1701141187\n|move|p2a: Ferrothorn|Protect|p2a: Ferrothorn\n|-singleturn|p2a: Ferrothorn|Protect\n|move|p1a: Muk|Protect||[still]\n|-fail|p1a: Muk\n|\n|-heal|p1a: Muk|52\/100 par|[from] item: Black Sludge\n|-damage|p1a: Muk|39\/100 par|[from] Leech Seed|[of] p2a: Ferrothorn\n|-heal|p2a: Ferrothorn|90\/100|[silent]\n|upkeep\n|turn|31\n|\n|t:|1701141196\n|move|p2a: Ferrothorn|Protect||[still]\n|-fail|p2a: Ferrothorn\n|cant|p1a: Muk|par\n|\n|-heal|p1a: Muk|45\/100 par|[from] item: Black Sludge\n|-damage|p1a: Muk|33\/100 par|[from] Leech Seed|[of] p2a: Ferrothorn\n|-heal|p2a: Ferrothorn|100\/100|[silent]\n|upkeep\n|turn|32\n|\n|t:|1701141208\n|move|p2a: Ferrothorn|Protect|p2a: Ferrothorn\n|-singleturn|p2a: Ferrothorn|Protect\n|move|p1a: Muk|Pursuit|p2a: Ferrothorn\n|-activate|p2a: Ferrothorn|move: Protect\n|\n|-heal|p1a: Muk|39\/100 par|[from] item: Black Sludge\n|-damage|p1a: Muk|27\/100 par|[from] Leech Seed|[of] p2a: Ferrothorn\n|upkeep\n|turn|33\n|\n|t:|1701141229\n|move|p2a: Ferrothorn|Protect|p2a: Ferrothorn\n|-singleturn|p2a: Ferrothorn|Protect\n|move|p1a: Muk|Pain Split|p2a: Ferrothorn\n|-activate|p2a: Ferrothorn|move: Protect\n|\n|-heal|p1a: Muk|33\/100 par|[from] item: Black Sludge\n|-damage|p1a: Muk|21\/100 par|[from] Leech Seed|[of] p2a: Ferrothorn\n|upkeep\n|turn|34\n|\n|t:|1701141239\n|move|p2a: Ferrothorn|Protect||[still]\n|-fail|p2a: Ferrothorn\n|move|p1a: Muk|Pain Split|p2a: Ferrothorn\n|-sethp|p2a: Ferrothorn|62\/100|[from] move: Pain Split|[silent]\n|-sethp|p1a: Muk|53\/100 par|[from] move: Pain Split\n|\n|-heal|p1a: Muk|59\/100 par|[from] item: Black Sludge\n|-damage|p1a: Muk|47\/100 par|[from] Leech Seed|[of] p2a: Ferrothorn\n|-heal|p2a: Ferrothorn|77\/100|[silent]\n|upkeep\n|turn|35\n|inactive|Capnoob62087 has 120 seconds left.\n|inactive|Capnoob62087 has 90 seconds left.\n|inactive|Capnoob62087 has 60 seconds left.\n|inactive|Capnoob62087 has 30 seconds left.\n|inactive|Capnoob62087 has 20 seconds left.\n|inactive|Capnoob62087 has 15 seconds left.\n|inactive|Capnoob62087 has 10 seconds left.\n|inactive|Capnoob62087 has 5 seconds left.\n|-message|Capnoob62087 lost due to inactivity.\n|\n|win|Zersturer23\n|raw|Capnoob62087's rating: 1083 &rarr; <strong>1057<\/strong><br \/>(-26 for losing)\n|raw|Zersturer23's rating: 1022 &rarr; <strong>1065<\/strong><br \/>(+43 for winning)\n","uploadtime":1701141391,"views":4,"p1id":"capnoob62087","p2id":"zersturer23","formatid":"gen9nationaldex","rating":1057,"private":0,"password":""}