{"id":"gen9nationaldex-1989460657","p1":"popo4456","p2":"hantengu","format":"[Gen 9] National Dex","log":"|j|\u2606popo4456\n|j|\u2606hantengu\n|t:|1699853981\n|gametype|singles\n|player|p1|popo4456|galacticgrunt|1752\n|player|p2|hantengu|iris-gen5bw2|2058\n|teamsize|p1|6\n|teamsize|p2|6\n|gen|9\n|tier|[Gen 9] National Dex\n|rated|\n|rule|HP Percentage Mod: HP is shown in percentages\n|rule|Endless Battle Clause: Forcing endless battles is banned\n|rule|OHKO Clause: OHKO moves are banned\n|rule|Evasion Clause: Evasion abilities, items, and moves are banned\n|rule|Evasion Abilities Clause: Evasion abilities are banned\n|rule|Evasion Items Clause: Evasion items are banned\n|rule|Evasion Moves Clause: Evasion moves are banned\n|rule|Species Clause: Limit one of each Pok\u00e9mon\n|rule|Sleep Clause Mod: Limit one foe put to sleep\n|clearpoke\n|poke|p1|Banette, F|\n|poke|p1|Ting-Lu|\n|poke|p1|Ribombee, M|\n|poke|p1|Celesteela|\n|poke|p1|Kommo-o, F|\n|poke|p1|Serperior, M|\n|poke|p2|Gliscor, M|\n|poke|p2|Clefable, F|\n|poke|p2|Dondozo, M|\n|poke|p2|Tornadus-Therian, M|\n|poke|p2|Toxapex, F|\n|poke|p2|Blissey, F|\n|teampreview\n|\n|t:|1699853993\n|start\n|switch|p1a: Serperior|Serperior, M|100\/100\n|switch|p2a: Blissey|Blissey, F|100\/100\n|turn|1\n|\n|t:|1699853997\n|move|p1a: Serperior|Taunt|p2a: Blissey\n|-start|p2a: Blissey|move: Taunt\n|cant|p2a: Blissey|move: Taunt|Toxic\n|\n|upkeep\n|turn|2\n|\n|t:|1699854001\n|move|p1a: Serperior|Leaf Storm|p2a: Blissey\n|-damage|p2a: Blissey|87\/100\n|-boost|p1a: Serperior|spa|2\n|move|p2a: Blissey|Seismic Toss|p1a: Serperior\n|-damage|p1a: Serperior|66\/100\n|\n|-heal|p1a: Serperior|72\/100|[from] item: Leftovers\n|upkeep\n|turn|3\n|\n|t:|1699854008\n|move|p1a: Serperior|Leaf Storm|p2a: Blissey\n|-damage|p2a: Blissey|63\/100\n|-boost|p1a: Serperior|spa|2\n|move|p2a: Blissey|Seismic Toss|p1a: Serperior\n|-damage|p1a: Serperior|38\/100\n|\n|-heal|p1a: Serperior|44\/100|[from] item: Leftovers\n|-end|p2a: Blissey|move: Taunt\n|upkeep\n|turn|4\n|\n|t:|1699854016\n|move|p1a: Serperior|Leaf Storm|p2a: Blissey|[miss]\n|-miss|p1a: Serperior|p2a: Blissey\n|move|p2a: Blissey|Soft-Boiled|p2a: Blissey\n|-heal|p2a: Blissey|100\/100\n|\n|-heal|p1a: Serperior|50\/100|[from] item: Leftovers\n|upkeep\n|turn|5\n|\n|t:|1699854020\n|move|p1a: Serperior|Leaf Storm|p2a: Blissey\n|-damage|p2a: Blissey|58\/100\n|-boost|p1a: Serperior|spa|2\n|move|p2a: Blissey|Seismic Toss|p1a: Serperior\n|-damage|p1a: Serperior|16\/100\n|\n|-heal|p1a: Serperior|22\/100|[from] item: Leftovers\n|upkeep\n|turn|6\n|\n|t:|1699854026\n|move|p1a: Serperior|Leaf Storm|p2a: Blissey\n|-damage|p2a: Blissey|8\/100\n|move|p2a: Blissey|Seismic Toss|p1a: Serperior\n|-damage|p1a: Serperior|0 fnt\n|faint|p1a: Serperior\n|\n|upkeep\n|\n|t:|1699854047\n|switch|p1a: Celesteela|Celesteela|100\/100\n|turn|7\n|\n|t:|1699854049\n|switch|p2a: Gliscor|Gliscor, M|100\/100\n|move|p1a: Celesteela|Air Slash|p2a: Gliscor\n|-damage|p2a: Gliscor|66\/100\n|\n|-status|p2a: Gliscor|tox|[from] item: Toxic Orb\n|upkeep\n|turn|8\n|\n|t:|1699854054\n|move|p2a: Gliscor|Roost|p2a: Gliscor\n|-heal|p2a: Gliscor|100\/100 tox\n|-singleturn|p2a: Gliscor|move: Roost\n|move|p1a: Celesteela|Autotomize|p1a: Celesteela\n|-boost|p1a: Celesteela|spe|2\n|-start|p1a: Celesteela|Autotomize\n|\n|upkeep\n|turn|9\n|j| hainiumm\n|\n|t:|1699854058\n|switch|p2a: Toxapex|Toxapex, F|100\/100\n|move|p1a: Celesteela|Air Slash|p2a: Toxapex\n|-damage|p2a: Toxapex|78\/100\n|\n|upkeep\n|turn|10\n|j| oomizuhasuoo\n|\n|t:|1699854062\n|move|p1a: Celesteela|Air Slash|p2a: Toxapex\n|-damage|p2a: Toxapex|54\/100\n|move|p2a: Toxapex|Haze|p2a: Toxapex\n|-clearallboost\n|\n|upkeep\n|turn|11\n|\n|t:|1699854066\n|move|p1a: Celesteela|Air Slash|p2a: Toxapex\n|-damage|p2a: Toxapex|28\/100\n|move|p2a: Toxapex|Recover|p2a: Toxapex\n|-heal|p2a: Toxapex|78\/100\n|\n|upkeep\n|turn|12\n|\n|t:|1699854070\n|move|p1a: Celesteela|Air Slash|p2a: Toxapex\n|-damage|p2a: Toxapex|56\/100\n|move|p2a: Toxapex|Scald|p1a: Celesteela\n|-damage|p1a: Celesteela|84\/100\n|\n|upkeep\n|turn|13\n|\n|t:|1699854076\n|-terastallize|p2a: Toxapex|Steel\n|move|p1a: Celesteela|Air Slash|p2a: Toxapex\n|-resisted|p2a: Toxapex\n|-damage|p2a: Toxapex|43\/100\n|move|p2a: Toxapex|Recover|p2a: Toxapex\n|-heal|p2a: Toxapex|93\/100\n|\n|upkeep\n|turn|14\n|\n|t:|1699854083\n|switch|p1a: Ting-Lu|Ting-Lu|100\/100\n|-ability|p1a: Ting-Lu|Vessel of Ruin\n|move|p2a: Toxapex|Scald|p1a: Ting-Lu\n|-supereffective|p1a: Ting-Lu\n|-damage|p1a: Ting-Lu|84\/100\n|-status|p1a: Ting-Lu|brn\n|\n|-heal|p1a: Ting-Lu|90\/100 brn|[from] item: Leftovers\n|-damage|p1a: Ting-Lu|84\/100 brn|[from] brn\n|upkeep\n|turn|15\n|\n|t:|1699854096\n|switch|p1a: Kommo-o|Kommo-o, F|100\/100\n|switch|p2a: Clefable|Clefable, F|100\/100\n|\n|upkeep\n|turn|16\n|\n|t:|1699854100\n|switch|p1a: Ting-Lu|Ting-Lu|84\/100 brn\n|-ability|p1a: Ting-Lu|Vessel of Ruin\n|move|p2a: Clefable|Stealth Rock|p1a: Ting-Lu\n|-sidestart|p1: popo4456|move: Stealth Rock\n|\n|-heal|p1a: Ting-Lu|90\/100 brn|[from] item: Leftovers\n|-damage|p1a: Ting-Lu|84\/100 brn|[from] brn\n|upkeep\n|turn|17\n|\n|t:|1699854108\n|switch|p2a: Blissey|Blissey, F|8\/100\n|move|p1a: Ting-Lu|Earthquake|p2a: Blissey\n|-damage|p2a: Blissey|0 fnt\n|faint|p2a: Blissey\n|\n|-heal|p1a: Ting-Lu|90\/100 brn|[from] item: Leftovers\n|-damage|p1a: Ting-Lu|84\/100 brn|[from] brn\n|upkeep\n|\n|t:|1699854110\n|switch|p2a: Gliscor|Gliscor, M|100\/100 tox\n|turn|18\n|\n|t:|1699854113\n|move|p2a: Gliscor|Spikes|p1a: Ting-Lu\n|-sidestart|p1: popo4456|Spikes\n|move|p1a: Ting-Lu|Stealth Rock|p2a: Gliscor\n|-sidestart|p2: hantengu|move: Stealth Rock\n|\n|-heal|p1a: Ting-Lu|90\/100 brn|[from] item: Leftovers\n|-damage|p1a: Ting-Lu|84\/100 brn|[from] brn\n|upkeep\n|turn|19\n|\n|t:|1699854116\n|switch|p2a: Tornadus|Tornadus-Therian, M|100\/100\n|move|p1a: Ting-Lu|Whirlwind|p2a: Tornadus\n|drag|p2a: Toxapex|Toxapex, F, tera:Steel|100\/100\n|\n|-heal|p1a: Ting-Lu|90\/100 brn|[from] item: Leftovers\n|-damage|p1a: Ting-Lu|84\/100 brn|[from] brn\n|upkeep\n|turn|20\n|l| hainiumm\n|\n|t:|1699854122\n|switch|p2a: Gliscor|Gliscor, M|100\/100 tox\n|-damage|p2a: Gliscor|88\/100 tox|[from] Stealth Rock\n|move|p1a: Ting-Lu|Earthquake|p2a: Gliscor\n|-immune|p2a: Gliscor\n|\n|-heal|p1a: Ting-Lu|90\/100 brn|[from] item: Leftovers\n|-heal|p2a: Gliscor|100\/100 tox|[from] ability: Poison Heal\n|-damage|p1a: Ting-Lu|84\/100 brn|[from] brn\n|upkeep\n|turn|21\n|\n|t:|1699854128\n|switch|p1a: Celesteela|Celesteela|84\/100\n|-damage|p1a: Celesteela|72\/100|[from] Stealth Rock\n|move|p2a: Gliscor|Spikes|p1a: Celesteela\n|-sidestart|p1: popo4456|Spikes\n|\n|upkeep\n|turn|22\n|j| hainiumm\n|l|\u2606hantengu\n|player|p2|\n|j|\u2606hantengu\n|player|p2|hantengu|iris-gen5bw2\n|\n|t:|1699854159\n|switch|p2a: Toxapex|Toxapex, F, tera:Steel|100\/100\n|move|p1a: Celesteela|Giga Drain|p2a: Toxapex\n|-resisted|p2a: Toxapex\n|-damage|p2a: Toxapex|93\/100\n|-heal|p1a: Celesteela|76\/100|[from] drain|[of] p2a: Toxapex\n|\n|upkeep\n|turn|23\n|\n|t:|1699854167\n|switch|p1a: Kommo-o|Kommo-o, F|100\/100\n|-damage|p1a: Kommo-o|94\/100|[from] Stealth Rock\n|-damage|p1a: Kommo-o|78\/100|[from] Spikes\n|move|p2a: Toxapex|Scald|p1a: Kommo-o\n|-resisted|p1a: Kommo-o\n|-damage|p1a: Kommo-o|69\/100\n|\n|upkeep\n|turn|24\n|j| YJLF2\n|\n|t:|1699854174\n|switch|p2a: Clefable|Clefable, F|100\/100\n|move|p1a: Kommo-o|Poison Jab|p2a: Clefable\n|-supereffective|p2a: Clefable\n|-damage|p2a: Clefable|62\/100\n|\n|-heal|p2a: Clefable|68\/100|[from] item: Leftovers\n|upkeep\n|turn|25\n|l| hainiumm\n|\n|t:|1699854185\n|move|p1a: Kommo-o|Poison Jab|p2a: Clefable\n|-supereffective|p2a: Clefable\n|-damage|p2a: Clefable|27\/100\n|move|p2a: Clefable|Wish|p2a: Clefable\n|\n|-heal|p2a: Clefable|33\/100|[from] item: Leftovers\n|upkeep\n|turn|26\n|\n|t:|1699854195\n|move|p2a: Clefable|Protect|p2a: Clefable\n|-singleturn|p2a: Clefable|Protect\n|move|p1a: Kommo-o|Poison Jab|p2a: Clefable\n|-activate|p2a: Clefable|move: Protect\n|\n|-heal|p2a: Clefable|83\/100|[from] move: Wish|[wisher] Clefable\n|-heal|p2a: Clefable|90\/100|[from] item: Leftovers\n|upkeep\n|turn|27\n|\n|t:|1699854199\n|move|p1a: Kommo-o|Poison Jab|p2a: Clefable\n|-supereffective|p2a: Clefable\n|-damage|p2a: Clefable|50\/100\n|move|p2a: Clefable|Moonblast|p1a: Kommo-o\n|-supereffective|p1a: Kommo-o\n|-damage|p1a: Kommo-o|0 fnt\n|faint|p1a: Kommo-o\n|\n|-heal|p2a: Clefable|57\/100|[from] item: Leftovers\n|upkeep\n|l| oomizuhasuoo\n|j| hainiumm\n|\n|t:|1699854205\n|switch|p1a: Banette|Banette, F|100\/100\n|-damage|p1a: Banette|88\/100|[from] Stealth Rock\n|-damage|p1a: Banette|72\/100|[from] Spikes\n|turn|28\n|\n|t:|1699854208\n|detailschange|p1a: Banette|Banette-Mega, F\n|-mega|p1a: Banette|Banette|Banettite\n|move|p2a: Clefable|Protect|p2a: Clefable\n|-singleturn|p2a: Clefable|Protect\n|move|p1a: Banette|Shadow Claw|p2a: Clefable\n|-activate|p2a: Clefable|move: Protect\n|\n|-heal|p2a: Clefable|63\/100|[from] item: Leftovers\n|upkeep\n|turn|29\n|\n|t:|1699854213\n|move|p1a: Banette|Shadow Claw|p2a: Clefable\n|-damage|p2a: Clefable|30\/100\n|move|p2a: Clefable|Wish|p2a: Clefable\n|\n|-heal|p2a: Clefable|36\/100|[from] item: Leftovers\n|upkeep\n|turn|30\n|\n|t:|1699854225\n|move|p2a: Clefable|Protect|p2a: Clefable\n|-singleturn|p2a: Clefable|Protect\n|move|p1a: Banette|Shadow Claw|p2a: Clefable\n|-activate|p2a: Clefable|move: Protect\n|\n|-heal|p2a: Clefable|86\/100|[from] move: Wish|[wisher] Clefable\n|-heal|p2a: Clefable|92\/100|[from] item: Leftovers\n|upkeep\n|turn|31\n|\n|t:|1699854228\n|move|p1a: Banette|Shadow Claw|p2a: Clefable\n|-damage|p2a: Clefable|59\/100\n|move|p2a: Clefable|Moonblast|p1a: Banette\n|-damage|p1a: Banette|35\/100\n|-unboost|p1a: Banette|spa|1\n|\n|-heal|p2a: Clefable|65\/100|[from] item: Leftovers\n|upkeep\n|turn|32\n|\n|t:|1699854233\n|move|p1a: Banette|Shadow Claw|p2a: Clefable\n|-damage|p2a: Clefable|32\/100\n|move|p2a: Clefable|Wish|p2a: Clefable\n|\n|-heal|p2a: Clefable|38\/100|[from] item: Leftovers\n|upkeep\n|turn|33\n|\n|t:|1699854240\n|move|p2a: Clefable|Protect|p2a: Clefable\n|-singleturn|p2a: Clefable|Protect\n|move|p1a: Banette|Shadow Claw|p2a: Clefable\n|-activate|p2a: Clefable|move: Protect\n|\n|-heal|p2a: Clefable|88\/100|[from] move: Wish|[wisher] Clefable\n|-heal|p2a: Clefable|94\/100|[from] item: Leftovers\n|upkeep\n|turn|34\n|j| oomizuhasuoo\n|\n|t:|1699854242\n|move|p1a: Banette|Destiny Bond|p1a: Banette\n|-singlemove|p1a: Banette|Destiny Bond\n|move|p2a: Clefable|Wish|p2a: Clefable\n|\n|-heal|p2a: Clefable|100\/100|[from] item: Leftovers\n|upkeep\n|turn|35\n|\n|t:|1699854252\n|move|p1a: Banette|Shadow Claw|p2a: Clefable\n|-damage|p2a: Clefable|68\/100\n|move|p2a: Clefable|Moonblast|p1a: Banette\n|-damage|p1a: Banette|0 fnt\n|faint|p1a: Banette\n|\n|-heal|p2a: Clefable|100\/100|[from] move: Wish|[wisher] Clefable\n|upkeep\n|\n|t:|1699854256\n|switch|p1a: Celesteela|Celesteela|76\/100\n|-damage|p1a: Celesteela|63\/100|[from] Stealth Rock\n|turn|36\n|\n|t:|1699854263\n|switch|p2a: Toxapex|Toxapex, F, tera:Steel|100\/100\n|move|p1a: Celesteela|Meteor Beam||[still]\n|-prepare|p1a: Celesteela|Meteor Beam\n|-boost|p1a: Celesteela|spa|1\n|-enditem|p1a: Celesteela|Power Herb\n|-anim|p1a: Celesteela|Meteor Beam|p2a: Toxapex\n|-resisted|p2a: Toxapex\n|-damage|p2a: Toxapex|81\/100\n|\n|upkeep\n|turn|37\n|\n|t:|1699854270\n|move|p1a: Celesteela|Air Slash|p2a: Toxapex\n|-resisted|p2a: Toxapex\n|-damage|p2a: Toxapex|64\/100\n|move|p2a: Toxapex|Haze|p2a: Toxapex\n|-clearallboost\n|\n|upkeep\n|turn|38\n|\n|t:|1699854274\n|move|p1a: Celesteela|Air Slash|p2a: Toxapex\n|-resisted|p2a: Toxapex\n|-damage|p2a: Toxapex|52\/100\n|move|p2a: Toxapex|Scald|p1a: Celesteela\n|-damage|p1a: Celesteela|45\/100\n|\n|upkeep\n|turn|39\n|\n|t:|1699854278\n|move|p1a: Celesteela|Air Slash|p2a: Toxapex\n|-resisted|p2a: Toxapex\n|-damage|p2a: Toxapex|40\/100\n|cant|p2a: Toxapex|flinch\n|\n|upkeep\n|turn|40\n|\n|t:|1699854285\n|move|p1a: Celesteela|Air Slash|p2a: Toxapex\n|-resisted|p2a: Toxapex\n|-damage|p2a: Toxapex|28\/100\n|move|p2a: Toxapex|Recover|p2a: Toxapex\n|-heal|p2a: Toxapex|78\/100\n|\n|upkeep\n|turn|41\n|c|\u2606popo4456|isnt this fun guys?\n|\n|t:|1699854299\n|move|p1a: Celesteela|Air Slash|p2a: Toxapex\n|-resisted|p2a: Toxapex\n|-damage|p2a: Toxapex|66\/100\n|move|p2a: Toxapex|Scald|p1a: Celesteela\n|-damage|p1a: Celesteela|26\/100\n|-status|p1a: Celesteela|brn\n|\n|-damage|p1a: Celesteela|20\/100 brn|[from] brn\n|upkeep\n|turn|42\n|\n|t:|1699854304\n|move|p1a: Celesteela|Air Slash|p2a: Toxapex\n|-resisted|p2a: Toxapex\n|-damage|p2a: Toxapex|55\/100\n|cant|p2a: Toxapex|flinch\n|\n|-damage|p1a: Celesteela|15\/100 brn|[from] brn\n|upkeep\n|turn|43\n|\n|t:|1699854309\n|move|p1a: Celesteela|Air Slash|p2a: Toxapex|[miss]\n|-miss|p1a: Celesteela|p2a: Toxapex\n|move|p2a: Toxapex|Scald|p1a: Celesteela\n|-damage|p1a: Celesteela|0 fnt\n|faint|p1a: Celesteela\n|\n|upkeep\n|-message|popo4456 forfeited.\n|\n|win|hantengu\n|raw|popo4456's rating: 1752 &rarr; <strong>1746<\/strong><br \/>(-6 for losing)\n|raw|hantengu's rating: 2058 &rarr; <strong>2064<\/strong><br \/>(+6 for winning)\n|l|\u2606popo4456\n|l| oomizuhasuoo\n|c|\u2606hantengu|Ez\n|l| YJLF2\n","uploadtime":1699854322,"views":72,"p1id":"popo4456","p2id":"hantengu","formatid":"gen9nationaldex","rating":1746,"private":0,"password":""}