{"id":"gen9nationaldex-1991396593","p1":"djman346688","p2":"ShelmetSoup","format":"[Gen 9] National Dex","log":"|j|\u2606djman346688\n|j|\u2606ShelmetSoup\n|t:|1700073617\n|gametype|singles\n|player|p1|djman346688|lucy|1323\n|player|p2|ShelmetSoup|265|1425\n|teamsize|p1|6\n|teamsize|p2|6\n|gen|9\n|tier|[Gen 9] National Dex\n|rated|\n|rule|HP Percentage Mod: HP is shown in percentages\n|rule|Endless Battle Clause: Forcing endless battles is banned\n|rule|OHKO Clause: OHKO moves are banned\n|rule|Evasion Clause: Evasion abilities, items, and moves are banned\n|rule|Evasion Abilities Clause: Evasion abilities are banned\n|rule|Evasion Items Clause: Evasion items are banned\n|rule|Evasion Moves Clause: Evasion moves are banned\n|rule|Species Clause: Limit one of each Pok\u00e9mon\n|rule|Sleep Clause Mod: Limit one foe put to sleep\n|clearpoke\n|poke|p1|Garganacl, M|\n|poke|p1|Garchomp, M|\n|poke|p1|Lopunny, F|\n|poke|p1|Urshifu-*, M|\n|poke|p1|Greninja-*, M|\n|poke|p1|Hitmontop, M|\n|poke|p2|Iron Hands|\n|poke|p2|Alomomola, F|\n|poke|p2|Hatterene, F|\n|poke|p2|Great Tusk|\n|poke|p2|Charizard, F|\n|poke|p2|Rillaboom, F|\n|teampreview\n|inactive|Battle timer is ON: inactive players will automatically lose when time's up. (requested by djman346688)\n|j| calamity2008\n|inactive|ShelmetSoup has 120 seconds left.\n|\n|t:|1700073649\n|start\n|switch|p1a: Garchomp|Garchomp, M|100\/100\n|switch|p2a: Rillaboom|Rillaboom, F|100\/100\n|-fieldstart|move: Grassy Terrain|[from] ability: Grassy Surge|[of] p2a: Rillaboom\n|turn|1\n|inactive|djman346688 has 120 seconds left.\n|inactive|djman346688 has 90 seconds left.\n|\n|t:|1700073727\n|-terastallize|p2a: Rillaboom|Grass\n|move|p1a: Garchomp|Protect|p1a: Garchomp\n|-singleturn|p1a: Garchomp|Protect\n|move|p2a: Rillaboom|Wood Hammer|p1a: Garchomp\n|-activate|p1a: Garchomp|move: Protect\n|\n|upkeep\n|turn|2\n|\n|t:|1700073734\n|move|p1a: Garchomp|Swords Dance|p1a: Garchomp\n|-boost|p1a: Garchomp|atk|2\n|move|p2a: Rillaboom|Wood Hammer|p1a: Garchomp\n|-damage|p1a: Garchomp|0 fnt\n|-damage|p2a: Rillaboom|88\/100|[from] ability: Rough Skin|[of] p1a: Garchomp\n|-damage|p2a: Rillaboom|72\/100|[from] item: Rocky Helmet|[of] p1a: Garchomp\n|faint|p1a: Garchomp\n|-damage|p2a: Rillaboom|37\/100|[from] Recoil\n|\n|-heal|p2a: Rillaboom|43\/100|[from] Grassy Terrain\n|upkeep\n|\n|t:|1700073743\n|switch|p1a: Hitmontop|Hitmontop, M|100\/100\n|turn|3\n|\n|t:|1700073750\n|switch|p2a: Great Tusk|Great Tusk|100\/100\n|move|p1a: Hitmontop|Triple Axel|p2a: Great Tusk\n|-supereffective|p2a: Great Tusk\n|-damage|p2a: Great Tusk|92\/100\n|-supereffective|p2a: Great Tusk\n|-damage|p2a: Great Tusk|75\/100\n|-supereffective|p2a: Great Tusk\n|-damage|p2a: Great Tusk|50\/100\n|-hitcount|p2a: Great Tusk|3\n|\n|-heal|p2a: Great Tusk|56\/100|[from] Grassy Terrain\n|-heal|p2a: Great Tusk|62\/100|[from] item: Leftovers\n|upkeep\n|turn|4\n|\n|t:|1700073759\n|move|p1a: Hitmontop|Rapid Spin|p2a: Great Tusk\n|-damage|p2a: Great Tusk|51\/100\n|-boost|p1a: Hitmontop|spe|1\n|move|p2a: Great Tusk|Stealth Rock|p1a: Hitmontop\n|-sidestart|p1: djman346688|move: Stealth Rock\n|\n|-heal|p2a: Great Tusk|58\/100|[from] Grassy Terrain\n|-heal|p2a: Great Tusk|64\/100|[from] item: Leftovers\n|upkeep\n|turn|5\n|inactive|djman346688 has 90 seconds left.\n|\n|t:|1700073776\n|move|p1a: Hitmontop|Triple Axel|p2a: Great Tusk\n|-supereffective|p2a: Great Tusk\n|-damage|p2a: Great Tusk|54\/100\n|-supereffective|p2a: Great Tusk\n|-damage|p2a: Great Tusk|38\/100\n|-supereffective|p2a: Great Tusk\n|-damage|p2a: Great Tusk|10\/100\n|-hitcount|p2a: Great Tusk|3\n|move|p2a: Great Tusk|Ice Spinner|p1a: Hitmontop\n|-damage|p1a: Hitmontop|66\/100\n|-fieldend|move: Grassy Terrain\n|\n|-heal|p2a: Great Tusk|16\/100|[from] item: Leftovers\n|upkeep\n|turn|6\n|\n|t:|1700073785\n|-end|p2a: Great Tusk|Protosynthesis|[silent]\n|switch|p2a: Alomomola|Alomomola, F|100\/100\n|move|p1a: Hitmontop|Rapid Spin|p2a: Alomomola\n|-damage|p2a: Alomomola|89\/100\n|-boost|p1a: Hitmontop|spe|1\n|-sideend|p1: djman346688|Stealth Rock|[from] move: Rapid Spin|[of] p1a: Hitmontop\n|\n|upkeep\n|turn|7\n|\n|t:|1700073789\n|move|p1a: Hitmontop|High Jump Kick|p2a: Alomomola\n|-damage|p2a: Alomomola|58\/100\n|move|p2a: Alomomola|Toxic|p1a: Hitmontop\n|-status|p1a: Hitmontop|tox\n|\n|-damage|p1a: Hitmontop|60\/100 tox|[from] psn\n|upkeep\n|turn|8\n|\n|t:|1700073797\n|move|p1a: Hitmontop|High Jump Kick|p2a: Alomomola\n|-damage|p2a: Alomomola|22\/100\n|move|p2a: Alomomola|Flip Turn|p1a: Hitmontop\n|-damage|p1a: Hitmontop|35\/100 tox\n|\n|t:|1700073803\n|switch|p2a: Rillaboom|Rillaboom, F, tera:Grass|43\/100|[from] Flip Turn\n|-fieldstart|move: Grassy Terrain|[from] ability: Grassy Surge|[of] p2a: Rillaboom\n|\n|-heal|p1a: Hitmontop|41\/100 tox|[from] Grassy Terrain\n|-heal|p2a: Rillaboom|49\/100|[from] Grassy Terrain\n|-damage|p1a: Hitmontop|29\/100 tox|[from] psn\n|upkeep\n|turn|9\n|inactive|djman346688 has 120 seconds left.\n|\n|t:|1700073840\n|move|p1a: Hitmontop|Mach Punch|p2a: Rillaboom\n|-damage|p2a: Rillaboom|20\/100\n|move|p2a: Rillaboom|Grassy Glide|p1a: Hitmontop\n|-damage|p1a: Hitmontop|0 fnt\n|faint|p1a: Hitmontop\n|\n|-heal|p2a: Rillaboom|26\/100|[from] Grassy Terrain\n|upkeep\n|\n|t:|1700073846\n|switch|p1a: Lopunny|Lopunny, F, shiny|100\/100\n|turn|10\n|\n|t:|1700073851\n|switch|p2a: Hatterene|Hatterene, F|100\/100\n|detailschange|p1a: Lopunny|Lopunny-Mega, F, shiny\n|-mega|p1a: Lopunny|Lopunny|Lopunnite\n|move|p1a: Lopunny|Fake Out|p2a: Hatterene\n|-damage|p2a: Hatterene|83\/100\n|\n|-heal|p2a: Hatterene|89\/100|[from] Grassy Terrain\n|-heal|p2a: Hatterene|95\/100|[from] item: Leftovers\n|upkeep\n|turn|11\n|inactive|djman346688 has 90 seconds left.\n|\n|t:|1700073894\n|move|p1a: Lopunny|Return|p2a: Hatterene\n|-damage|p2a: Hatterene|54\/100\n|move|p2a: Hatterene|Draining Kiss|p1a: Lopunny\n|-supereffective|p1a: Lopunny\n|-damage|p1a: Lopunny|40\/100\n|-heal|p2a: Hatterene|93\/100|[from] drain|[of] p1a: Lopunny\n|\n|-heal|p1a: Lopunny|46\/100|[from] Grassy Terrain\n|-heal|p2a: Hatterene|99\/100|[from] Grassy Terrain\n|-heal|p2a: Hatterene|100\/100|[from] item: Leftovers\n|upkeep\n|turn|12\n|\n|t:|1700073901\n|move|p1a: Lopunny|Return|p2a: Hatterene\n|-damage|p2a: Hatterene|55\/100\n|move|p2a: Hatterene|Draining Kiss|p1a: Lopunny\n|-supereffective|p1a: Lopunny\n|-damage|p1a: Lopunny|0 fnt\n|-heal|p2a: Hatterene|84\/100|[from] drain|[of] p1a: Lopunny\n|faint|p1a: Lopunny\n|\n|-heal|p2a: Hatterene|90\/100|[from] Grassy Terrain\n|-heal|p2a: Hatterene|96\/100|[from] item: Leftovers\n|-fieldend|move: Grassy Terrain\n|upkeep\n|\n|t:|1700073921\n|switch|p1a: Urshifu|Urshifu-Rapid-Strike, M|100\/100\n|turn|13\n|\n|t:|1700073930\n|-terastallize|p1a: Urshifu|Water\n|move|p1a: Urshifu|Surging Strikes|p2a: Hatterene\n|-crit|p2a: Hatterene\n|-damage|p2a: Hatterene|77\/100\n|-crit|p2a: Hatterene\n|-damage|p2a: Hatterene|55\/100\n|-crit|p2a: Hatterene\n|-damage|p2a: Hatterene|36\/100\n|-hitcount|p2a: Hatterene|3\n|move|p2a: Hatterene|Draining Kiss|p1a: Urshifu\n|-damage|p1a: Urshifu|64\/100\n|-heal|p2a: Hatterene|66\/100|[from] drain|[of] p1a: Urshifu\n|\n|-heal|p2a: Hatterene|72\/100|[from] item: Leftovers\n|upkeep\n|turn|14\n|inactive|djman346688 has 60 seconds left.\n|\n|t:|1700073974\n|move|p1a: Urshifu|Surging Strikes|p2a: Hatterene\n|-crit|p2a: Hatterene\n|-damage|p2a: Hatterene|48\/100\n|-crit|p2a: Hatterene\n|-damage|p2a: Hatterene|26\/100\n|-crit|p2a: Hatterene\n|-damage|p2a: Hatterene|4\/100\n|-hitcount|p2a: Hatterene|3\n|move|p2a: Hatterene|Draining Kiss|p1a: Urshifu\n|-damage|p1a: Urshifu|31\/100\n|-heal|p2a: Hatterene|31\/100|[from] drain|[of] p1a: Urshifu\n|\n|-heal|p2a: Hatterene|37\/100|[from] item: Leftovers\n|upkeep\n|turn|15\n|\n|t:|1700073986\n|move|p1a: Urshifu|Surging Strikes|p2a: Hatterene\n|-crit|p2a: Hatterene\n|-damage|p2a: Hatterene|17\/100\n|-crit|p2a: Hatterene\n|-damage|p2a: Hatterene|0 fnt\n|faint|p2a: Hatterene\n|-hitcount|p2: Hatterene|2\n|\n|upkeep\n|\n|t:|1700073988\n|switch|p2a: Rillaboom|Rillaboom, F, tera:Grass|26\/100\n|-fieldstart|move: Grassy Terrain|[from] ability: Grassy Surge|[of] p2a: Rillaboom\n|turn|16\n|inactive|djman346688 has 60 seconds left.\n|inactive|djman346688 has 30 seconds left.\n|\n|t:|1700074029\n|move|p2a: Rillaboom|Grassy Glide|p1a: Urshifu\n|-supereffective|p1a: Urshifu\n|-damage|p1a: Urshifu|0 fnt\n|faint|p1a: Urshifu\n|\n|-heal|p2a: Rillaboom|32\/100|[from] Grassy Terrain\n|upkeep\n|inactive|djman346688 has 30 seconds left this turn.\n|\n|t:|1700074031\n|switch|p1a: Greninja|Greninja, M|100\/100\n|turn|17\n|\n|t:|1700074052\n|move|p2a: Rillaboom|Grassy Glide|p1a: Greninja\n|-supereffective|p1a: Greninja\n|-enditem|p1a: Greninja|Focus Sash\n|-damage|p1a: Greninja|1\/100\n|move|p1a: Greninja|Ice Beam|p2a: Rillaboom\n|-supereffective|p2a: Rillaboom\n|-damage|p2a: Rillaboom|0 fnt\n|faint|p2a: Rillaboom\n|-ability|p1a: Greninja|Battle Bond|boost\n|-boost|p1a: Greninja|atk|1\n|-boost|p1a: Greninja|spa|1\n|-boost|p1a: Greninja|spe|1\n|-activate|p1a: Greninja|ability: Battle Bond\n|\n|-heal|p1a: Greninja|7\/100|[from] Grassy Terrain\n|upkeep\n|\n|t:|1700074065\n|switch|p2a: Alomomola|Alomomola, F|56\/100\n|turn|18\n|\n|t:|1700074070\n|move|p1a: Greninja|Grass Knot|p2a: Alomomola\n|-supereffective|p2a: Alomomola\n|-damage|p2a: Alomomola|0 fnt\n|faint|p2a: Alomomola\n|\n|-heal|p1a: Greninja|13\/100|[from] Grassy Terrain\n|upkeep\n|\n|t:|1700074077\n|switch|p2a: Iron Hands|Iron Hands|100\/100\n|turn|19\n|inactive|djman346688 has 60 seconds left.\n|\n|t:|1700074109\n|move|p1a: Greninja|Grass Knot|p2a: Iron Hands\n|-damage|p2a: Iron Hands|59\/100\n|move|p2a: Iron Hands|Drain Punch|p1a: Greninja\n|-supereffective|p1a: Greninja\n|-damage|p1a: Greninja|0 fnt\n|-heal|p2a: Iron Hands|63\/100|[from] drain|[of] p1a: Greninja\n|faint|p1a: Greninja\n|\n|-heal|p2a: Iron Hands|69\/100|[from] Grassy Terrain\n|-heal|p2a: Iron Hands|75\/100|[from] item: Leftovers\n|upkeep\n|\n|t:|1700074111\n|switch|p1a: Garganacl|Garganacl, M|100\/100\n|turn|20\n|\n|t:|1700074117\n|move|p2a: Iron Hands|Swords Dance|p2a: Iron Hands\n|-boost|p2a: Iron Hands|atk|2\n|move|p1a: Garganacl|Salt Cure|p2a: Iron Hands\n|-resisted|p2a: Iron Hands\n|-damage|p2a: Iron Hands|69\/100\n|-start|p2a: Iron Hands|Salt Cure\n|\n|-heal|p2a: Iron Hands|75\/100|[from] Grassy Terrain\n|-heal|p2a: Iron Hands|81\/100|[from] item: Leftovers\n|-damage|p2a: Iron Hands|69\/100|[from] Salt Cure\n|-fieldend|move: Grassy Terrain\n|upkeep\n|turn|21\n|inactive|djman346688 has 60 seconds left.\n|c|\u2606ShelmetSoup|ggwp\n|\n|t:|1700074141\n|move|p1a: Garganacl|Protect|p1a: Garganacl\n|-singleturn|p1a: Garganacl|Protect\n|move|p2a: Iron Hands|Swords Dance|p2a: Iron Hands\n|-boost|p2a: Iron Hands|atk|2\n|\n|-heal|p2a: Iron Hands|75\/100|[from] item: Leftovers\n|-damage|p2a: Iron Hands|62\/100|[from] Salt Cure\n|upkeep\n|turn|22\n|\n|t:|1700074145\n|move|p2a: Iron Hands|Drain Punch|p1a: Garganacl\n|-supereffective|p1a: Garganacl\n|-damage|p1a: Garganacl|0 fnt\n|-heal|p2a: Iron Hands|99\/100|[from] drain|[of] p1a: Garganacl\n|faint|p1a: Garganacl\n|\n|win|ShelmetSoup\n|raw|djman346688's rating: 1302 &rarr; <strong>1289<\/strong><br \/>(-13 for losing)\n|raw|ShelmetSoup's rating: 1425 &rarr; <strong>1438<\/strong><br \/>(+13 for winning)\n|l|\u2606djman346688\n","uploadtime":1700074153,"views":4,"p1id":"djman346688","p2id":"shelmetsoup","formatid":"gen9nationaldex","rating":1289,"private":0,"password":""}