{"id":"gen9nationaldex-1987136902","p1":"Garry97","p2":"cjiu","format":"[Gen 9] National Dex","log":"|j|\u2606Garry97\n|j|\u203dcjiu\n|t:|1699559112\n|gametype|singles\n|player|p1|Garry97|eri|1542\n|player|p2|cjiu|169|1580\n|teamsize|p1|6\n|teamsize|p2|6\n|gen|9\n|tier|[Gen 9] National Dex\n|rated|\n|rule|HP Percentage Mod: HP is shown in percentages\n|rule|Endless Battle Clause: Forcing endless battles is banned\n|rule|OHKO Clause: OHKO moves are banned\n|rule|Evasion Clause: Evasion abilities, items, and moves are banned\n|rule|Evasion Abilities Clause: Evasion abilities are banned\n|rule|Evasion Items Clause: Evasion items are banned\n|rule|Evasion Moves Clause: Evasion moves are banned\n|rule|Species Clause: Limit one of each Pok\u00e9mon\n|rule|Sleep Clause Mod: Limit one foe put to sleep\n|clearpoke\n|poke|p1|Bewear, M|\n|poke|p1|Hariyama, M|\n|poke|p1|Kommo-o, M|\n|poke|p1|Gallade, M|\n|poke|p1|Lucario, M|\n|poke|p1|Blaziken, M|\n|poke|p2|Ninetales-Alola, F|\n|poke|p2|Baxcalibur, M|\n|poke|p2|Mawile, F|\n|poke|p2|Ursaluna-Bloodmoon, M|\n|poke|p2|Manaphy|\n|poke|p2|Cinderace, M|\n|teampreview\n|inactive|Battle timer is ON: inactive players will automatically lose when time's up. (requested by Garry97)\n|\n|t:|1699559125\n|start\n|switch|p1a: Lord Beerus|Lucario, M|100\/100\n|switch|p2a: Ninetales|Ninetales-Alola, F|100\/100\n|-weather|Snow|[from] ability: Snow Warning|[of] p2a: Ninetales\n|turn|1\n|\n|t:|1699559133\n|move|p1a: Lord Beerus|Bullet Punch|p2a: Ninetales\n|-supereffective|p2a: Ninetales\n|-damage|p2a: Ninetales|0 fnt\n|faint|p2a: Ninetales\n|\n|-weather|Snow|[upkeep]\n|upkeep\n|\n|t:|1699559136\n|switch|p2a: Mawile|Mawile, F|100\/100\n|-ability|p2a: Mawile|Intimidate|boost\n|-fail|p1a: Lord Beerus|unboost|Attack|[from] ability: Inner Focus|[of] p1a: Lord Beerus\n|turn|2\n|\n|t:|1699559145\n|switch|p1a: Freddy|Bewear, M|100\/100\n|detailschange|p2a: Mawile|Mawile-Mega, F\n|-mega|p2a: Mawile|Mawile|Mawilite\n|move|p2a: Mawile|Fire Fang|p1a: Freddy\n|-damage|p1a: Freddy|71\/100\n|-damage|p2a: Mawile|84\/100|[from] item: Rocky Helmet|[of] p1a: Freddy\n|\n|-weather|Snow|[upkeep]\n|upkeep\n|turn|3\n|\n|t:|1699559156\n|move|p1a: Freddy|Earthquake|p2a: Mawile\n|-supereffective|p2a: Mawile\n|-damage|p2a: Mawile|27\/100\n|move|p2a: Mawile|Play Rough|p1a: Freddy\n|-supereffective|p1a: Freddy\n|-damage|p1a: Freddy|11\/100\n|-damage|p2a: Mawile|11\/100|[from] item: Rocky Helmet|[of] p1a: Freddy\n|\n|-weather|Snow|[upkeep]\n|upkeep\n|turn|4\n|\n|t:|1699559166\n|move|p1a: Freddy|Drain Punch|p2a: Mawile\n|-damage|p2a: Mawile|0 fnt\n|-heal|p1a: Freddy|14\/100|[from] drain|[of] p2a: Mawile\n|faint|p2a: Mawile\n|\n|-weather|Snow|[upkeep]\n|upkeep\n|\n|t:|1699559174\n|switch|p2a: Baxcalibur|Baxcalibur, M|100\/100\n|turn|5\n|\n|t:|1699559182\n|move|p2a: Baxcalibur|Swords Dance|p2a: Baxcalibur\n|-boost|p2a: Baxcalibur|atk|2\n|move|p1a: Freddy|Toxic|p2a: Baxcalibur\n|-status|p2a: Baxcalibur|tox\n|\n|-weather|none\n|-damage|p2a: Baxcalibur|94\/100 tox|[from] psn\n|upkeep\n|turn|6\n|\n|t:|1699559192\n|move|p2a: Baxcalibur|Scale Shot|p1a: Freddy\n|-damage|p1a: Freddy|0 fnt\n|faint|p1a: Freddy\n|-hitcount|p1: Freddy|1\n|-unboost|p2a: Baxcalibur|def|1\n|-boost|p2a: Baxcalibur|spe|1\n|\n|-damage|p2a: Baxcalibur|82\/100 tox|[from] psn\n|upkeep\n|\n|t:|1699559204\n|switch|p1a: Lord Beerus|Lucario, M|100\/100\n|turn|7\n|\n|t:|1699559213\n|-terastallize|p1a: Lord Beerus|Normal\n|move|p1a: Lord Beerus|Extreme Speed|p2a: Baxcalibur\n|-damage|p2a: Baxcalibur|0 fnt\n|faint|p2a: Baxcalibur\n|\n|upkeep\n|\n|t:|1699559220\n|switch|p2a: Manaphy|Manaphy|100\/100\n|turn|8\n|\n|t:|1699559223\n|move|p1a: Lord Beerus|Extreme Speed|p2a: Manaphy\n|-damage|p2a: Manaphy|41\/100\n|move|p2a: Manaphy|Tail Glow|p2a: Manaphy\n|-boost|p2a: Manaphy|spa|3\n|\n|upkeep\n|turn|9\n|j| Nomer16\n|\n|t:|1699559229\n|move|p1a: Lord Beerus|Extreme Speed|p2a: Manaphy\n|-damage|p2a: Manaphy|0 fnt\n|faint|p2a: Manaphy\n|\n|upkeep\n|\n|t:|1699559232\n|switch|p2a: Cinderace|Cinderace, M|100\/100\n|turn|10\n|\n|t:|1699559237\n|switch|p1a: Kommo-or!!!??|Kommo-o, M|100\/100\n|move|p2a: Cinderace|Will-O-Wisp|p1a: Kommo-or!!!??\n|-status|p1a: Kommo-or!!!??|brn\n|\n|-damage|p1a: Kommo-or!!!??|94\/100 brn|[from] brn\n|upkeep\n|turn|11\n|\n|t:|1699559248\n|move|p2a: Cinderace|U-turn|p1a: Kommo-or!!!??\n|-resisted|p1a: Kommo-or!!!??\n|-damage|p1a: Kommo-or!!!??|85\/100 brn\n|\n|t:|1699559250\n|switch|p2a: Ursaluna|Ursaluna-Bloodmoon, M|100\/100|[from] U-turn\n|-zpower|p1a: Kommo-or!!!??\n|move|p1a: Kommo-or!!!??|Clangorous Soulblaze|p2a: Ursaluna|[zeffect]\n|-damage|p2a: Ursaluna|6\/100\n|-boost|p1a: Kommo-or!!!??|atk|1\n|-boost|p1a: Kommo-or!!!??|def|1\n|-boost|p1a: Kommo-or!!!??|spa|1\n|-boost|p1a: Kommo-or!!!??|spd|1\n|-boost|p1a: Kommo-or!!!??|spe|1\n|\n|-heal|p2a: Ursaluna|12\/100|[from] item: Leftovers\n|-damage|p1a: Kommo-or!!!??|79\/100 brn|[from] brn\n|upkeep\n|turn|12\n|l|\u203dcjiu\n|inactive|cjiu disconnected and has a minute to reconnect!\n|player|p2|\n|c|\u2606Garry97|gg\n|inactive|cjiu has 30 seconds to reconnect!\n|inactive|cjiu has 20 seconds to reconnect!\n|inactive|cjiu has 15 seconds to reconnect!\n|inactive|cjiu has 10 seconds to reconnect!\n|inactive|cjiu has 5 seconds to reconnect!\n|-message|cjiu lost due to inactivity.\n|\n|win|Garry97\n|raw|Garry97's rating: 1542 &rarr; <strong>1564<\/strong><br \/>(+22 for winning)\n|raw|cjiu's rating: 1580 &rarr; <strong>1558<\/strong><br \/>(-22 for losing)\n","uploadtime":1699559323,"views":30,"p1id":"garry97","p2id":"cjiu","formatid":"gen9nationaldex","rating":1558,"private":0,"password":""}