{"id":"gen9nationaldex-1991402963","p1":"DragonbusterLP","p2":"perv51","format":"[Gen 9] National Dex","log":"|j|\u2606DragonbusterLP\n|j|\u2606perv51\n|t:|1700074146\n|gametype|singles\n|player|p1|DragonbusterLP|crasherwake|1051\n|player|p2|perv51|jasmine|1133\n|teamsize|p1|6\n|teamsize|p2|6\n|gen|9\n|tier|[Gen 9] National Dex\n|rated|\n|rule|HP Percentage Mod: HP is shown in percentages\n|rule|Endless Battle Clause: Forcing endless battles is banned\n|rule|OHKO Clause: OHKO moves are banned\n|rule|Evasion Clause: Evasion abilities, items, and moves are banned\n|rule|Evasion Abilities Clause: Evasion abilities are banned\n|rule|Evasion Items Clause: Evasion items are banned\n|rule|Evasion Moves Clause: Evasion moves are banned\n|rule|Species Clause: Limit one of each Pok\u00e9mon\n|rule|Sleep Clause Mod: Limit one foe put to sleep\n|clearpoke\n|poke|p1|Golisopod, F|\n|poke|p1|Swampert, F|\n|poke|p1|Slaking, M|\n|poke|p1|Scrafty, F|\n|poke|p1|Fezandipiti, M|\n|poke|p1|Palossand, F|\n|poke|p2|Clawitzer, M|\n|poke|p2|Tapu Koko|\n|poke|p2|Swampert, M|\n|poke|p2|Pelipper, M|\n|poke|p2|Urshifu-*, M|\n|poke|p2|Cloyster, M|\n|teampreview\n|inactive|Battle timer is ON: inactive players will automatically lose when time's up. (requested by perv51)\n|\n|t:|1700074165\n|start\n|switch|p1a: Fezandipiti|Fezandipiti, M|100\/100\n|switch|p2a: Urshifu|Urshifu-Rapid-Strike, M|100\/100\n|turn|1\n|\n|t:|1700074179\n|move|p2a: Urshifu|Surging Strikes|p1a: Fezandipiti\n|-crit|p1a: Fezandipiti\n|-damage|p1a: Fezandipiti|76\/100\n|-crit|p1a: Fezandipiti\n|-damage|p1a: Fezandipiti|52\/100\n|-crit|p1a: Fezandipiti\n|-damage|p1a: Fezandipiti|28\/100\n|-hitcount|p1a: Fezandipiti|3\n|move|p1a: Fezandipiti|Dual Wingbeat|p2a: Urshifu\n|-supereffective|p2a: Urshifu\n|-damage|p2a: Urshifu|65\/100\n|-supereffective|p2a: Urshifu\n|-damage|p2a: Urshifu|32\/100\n|-hitcount|p2a: Urshifu|2\n|\n|upkeep\n|turn|2\n|inactive|DragonbusterLP has 120 seconds left.\n|\n|t:|1700074228\n|switch|p1a: Golisopod|Golisopod, F, shiny|100\/100\n|move|p2a: Urshifu|Surging Strikes|p1a: Golisopod\n|-resisted|p1a: Golisopod\n|-crit|p1a: Golisopod\n|-damage|p1a: Golisopod|92\/100\n|-resisted|p1a: Golisopod\n|-crit|p1a: Golisopod\n|-damage|p1a: Golisopod|84\/100\n|-resisted|p1a: Golisopod\n|-crit|p1a: Golisopod\n|-damage|p1a: Golisopod|76\/100\n|-hitcount|p1a: Golisopod|3\n|\n|upkeep\n|turn|3\n|\n|t:|1700074249\n|move|p1a: Golisopod|First Impression|p2a: Urshifu\n|-resisted|p2a: Urshifu\n|-damage|p2a: Urshifu|3\/100\n|move|p2a: Urshifu|Poison Jab|p1a: Golisopod\n|-damage|p1a: Golisopod|52\/100\n|\n|upkeep\n|turn|4\n|\n|t:|1700074257\n|move|p1a: Golisopod|Aqua Jet|p2a: Urshifu\n|-resisted|p2a: Urshifu\n|-damage|p2a: Urshifu|0 fnt\n|faint|p2a: Urshifu\n|\n|upkeep\n|\n|t:|1700074261\n|switch|p2a: Cloyster|Cloyster, M, shiny|100\/100\n|turn|5\n|\n|t:|1700074275\n|move|p2a: Cloyster|Shell Smash|p2a: Cloyster\n|-unboost|p2a: Cloyster|def|1\n|-unboost|p2a: Cloyster|spd|1\n|-boost|p2a: Cloyster|atk|2\n|-boost|p2a: Cloyster|spa|2\n|-boost|p2a: Cloyster|spe|2\n|-enditem|p2a: Cloyster|White Herb\n|-clearnegativeboost|p2a: Cloyster|[silent]\n|move|p1a: Golisopod|Rock Slide|p2a: Cloyster\n|-supereffective|p2a: Cloyster\n|-damage|p2a: Cloyster|63\/100\n|\n|upkeep\n|turn|6\n|\n|t:|1700074294\n|-terastallize|p2a: Cloyster|Water\n|move|p2a: Cloyster|Body Slam|p1a: Golisopod\n|-damage|p1a: Golisopod|18\/100\n|-activate|p1a: Golisopod|ability: Emergency Exit\n|inactive|DragonbusterLP has 90 seconds left.\n|\n|t:|1700074309\n|switch|p1a: Fezandipiti|Fezandipiti, M|28\/100\n|\n|upkeep\n|turn|7\n|\n|t:|1700074317\n|move|p2a: Cloyster|Icicle Spear|p1a: Fezandipiti\n|-damage|p1a: Fezandipiti|6\/100\n|-enditem|p1a: Fezandipiti|Aguav Berry|[eat]\n|-heal|p1a: Fezandipiti|39\/100|[from] item: Aguav Berry\n|-crit|p1a: Fezandipiti\n|-damage|p1a: Fezandipiti|5\/100\n|-damage|p1a: Fezandipiti|0 fnt\n|faint|p1a: Fezandipiti\n|-hitcount|p1: Fezandipiti|3\n|\n|upkeep\n|\n|t:|1700074325\n|switch|p1a: Slaking|Slaking, M|100\/100\n|turn|8\n|\n|t:|1700074331\n|move|p1a: Slaking|Retaliate|p2a: Cloyster\n|-damage|p2a: Cloyster|11\/100\n|move|p2a: Cloyster|Icicle Spear|p1a: Slaking\n|-damage|p1a: Slaking|83\/100\n|-damage|p1a: Slaking|67\/100\n|-damage|p1a: Slaking|51\/100\n|-damage|p1a: Slaking|35\/100\n|-damage|p1a: Slaking|20\/100\n|-hitcount|p1a: Slaking|5\n|\n|upkeep\n|turn|9\n|\n|t:|1700074342\n|cant|p1a: Slaking|ability: Truant\n|move|p2a: Cloyster|Icicle Spear|p1a: Slaking\n|-damage|p1a: Slaking|3\/100\n|-damage|p1a: Slaking|0 fnt\n|faint|p1a: Slaking\n|-hitcount|p1: Slaking|2\n|\n|upkeep\n|\n|t:|1700074349\n|switch|p1a: Golisopod|Golisopod, F, shiny|18\/100\n|turn|10\n|\n|t:|1700074354\n|move|p1a: Golisopod|First Impression|p2a: Cloyster\n|-damage|p2a: Cloyster|0 fnt\n|faint|p2a: Cloyster\n|\n|upkeep\n|\n|t:|1700074358\n|switch|p2a: Pelipper|Pelipper, M|100\/100\n|-weather|RainDance|[from] ability: Drizzle|[of] p2a: Pelipper\n|turn|11\n|inactive|DragonbusterLP has 120 seconds left.\n|\n|t:|1700074372\n|switch|p1a: Swampert|Swampert, F|100\/100\n|move|p2a: Pelipper|U-turn|p1a: Swampert\n|-damage|p1a: Swampert|87\/100\n|\n|t:|1700074375\n|switch|p2a: Swampert|Swampert, M|100\/100|[from] U-turn\n|\n|-weather|RainDance|[upkeep]\n|upkeep\n|turn|12\n|inactive|DragonbusterLP has 120 seconds left.\n|\n|t:|1700074400\n|detailschange|p2a: Swampert|Swampert-Mega, M\n|-mega|p2a: Swampert|Swampert|Swampertite\n|move|p2a: Swampert|Earthquake|p1a: Swampert\n|-damage|p1a: Swampert|25\/100\n|move|p1a: Swampert|Counter|p2a: Swampert\n|-damage|p2a: Swampert|0 fnt\n|faint|p2a: Swampert\n|\n|-weather|RainDance|[upkeep]\n|upkeep\n|\n|t:|1700074408\n|switch|p2a: Pelipper|Pelipper, M|100\/100\n|turn|13\n|inactive|DragonbusterLP has 120 seconds left.\n|\n|t:|1700074414\n|move|p2a: Pelipper|Ice Beam|p1a: Swampert\n|-damage|p1a: Swampert|8\/100\n|move|p1a: Swampert|Yawn|p2a: Pelipper\n|-start|p2a: Pelipper|move: Yawn|[of] p1a: Swampert\n|\n|-weather|RainDance|[upkeep]\n|upkeep\n|turn|14\n|inactive|DragonbusterLP has 120 seconds left.\n|\n|t:|1700074426\n|move|p2a: Pelipper|U-turn|p1a: Swampert\n|-damage|p1a: Swampert|0 fnt\n|faint|p1a: Swampert\n|\n|t:|1700074429\n|switch|p2a: Tapu Koko|Tapu Koko|100\/100|[from] U-turn\n|-fieldstart|move: Electric Terrain|[from] ability: Electric Surge|[of] p2a: Tapu Koko\n|\n|-weather|RainDance|[upkeep]\n|upkeep\n|inactive|DragonbusterLP has 120 seconds left.\n|\n|t:|1700074446\n|switch|p1a: Palossand|Palossand, F|100\/100\n|turn|15\n|inactive|DragonbusterLP has 120 seconds left.\n|\n|t:|1700074458\n|move|p2a: Tapu Koko|Iron Head|p1a: Palossand\n|-damage|p1a: Palossand|72\/100\n|-damage|p2a: Tapu Koko|91\/100|[from] item: Life Orb\n|cant|p1a: Palossand|flinch\n|\n|-weather|RainDance|[upkeep]\n|-heal|p1a: Palossand|78\/100|[from] item: Leftovers\n|upkeep\n|turn|16\n|inactive|DragonbusterLP has 120 seconds left.\n|\n|t:|1700074466\n|move|p2a: Tapu Koko|Iron Head|p1a: Palossand\n|-damage|p1a: Palossand|48\/100\n|-damage|p2a: Tapu Koko|81\/100|[from] item: Life Orb\n|move|p1a: Palossand|Stockpile|p1a: Palossand\n|-start|p1a: Palossand|stockpile1\n|-boost|p1a: Palossand|def|1\n|-boost|p1a: Palossand|spd|1\n|\n|-weather|RainDance|[upkeep]\n|-heal|p1a: Palossand|54\/100|[from] item: Leftovers\n|upkeep\n|turn|17\n|inactive|DragonbusterLP has 120 seconds left.\n|\n|t:|1700074476\n|move|p2a: Tapu Koko|Iron Head|p1a: Palossand\n|-damage|p1a: Palossand|35\/100\n|-damage|p2a: Tapu Koko|71\/100|[from] item: Life Orb\n|move|p1a: Palossand|Shore Up|p1a: Palossand\n|-heal|p1a: Palossand|85\/100\n|\n|-weather|RainDance|[upkeep]\n|-heal|p1a: Palossand|91\/100|[from] item: Leftovers\n|upkeep\n|turn|18\n|\n|t:|1700074485\n|move|p2a: Tapu Koko|U-turn|p1a: Palossand\n|-resisted|p1a: Palossand\n|-damage|p1a: Palossand|83\/100\n|-damage|p2a: Tapu Koko|61\/100|[from] item: Life Orb\n|\n|t:|1700074487\n|switch|p2a: Pelipper|Pelipper, M|100\/100|[from] U-turn\n|move|p1a: Palossand|Stockpile|p1a: Palossand\n|-start|p1a: Palossand|stockpile2\n|-boost|p1a: Palossand|def|1\n|-boost|p1a: Palossand|spd|1\n|\n|-weather|none\n|-heal|p1a: Palossand|90\/100|[from] item: Leftovers\n|-fieldend|move: Electric Terrain\n|upkeep\n|turn|19\n|inactive|DragonbusterLP has 120 seconds left.\n|\n|t:|1700074510\n|move|p2a: Pelipper|Ice Beam|p1a: Palossand\n|-supereffective|p1a: Palossand\n|-crit|p1a: Palossand\n|-damage|p1a: Palossand|21\/100\n|move|p1a: Palossand|Shadow Ball|p2a: Pelipper\n|-crit|p2a: Pelipper\n|-damage|p2a: Pelipper|8\/100\n|\n|-heal|p1a: Palossand|27\/100|[from] item: Leftovers\n|upkeep\n|turn|20\n|inactive|DragonbusterLP has 120 seconds left.\n|\n|t:|1700074535\n|-terastallize|p1a: Palossand|Normal\n|move|p2a: Pelipper|Ice Beam|p1a: Palossand\n|-damage|p1a: Palossand|15\/100\n|move|p1a: Palossand|Shore Up|p1a: Palossand\n|-heal|p1a: Palossand|65\/100\n|\n|-heal|p1a: Palossand|71\/100|[from] item: Leftovers\n|upkeep\n|turn|21\n|\n|t:|1700074546\n|move|p2a: Pelipper|Dual Wingbeat|p1a: Palossand\n|-damage|p1a: Palossand|65\/100\n|-damage|p1a: Palossand|60\/100\n|-hitcount|p1a: Palossand|2\n|move|p1a: Palossand|Shadow Ball|p2a: Pelipper\n|-damage|p2a: Pelipper|0 fnt\n|faint|p2a: Pelipper\n|\n|-heal|p1a: Palossand|67\/100|[from] item: Leftovers\n|upkeep\n|\n|t:|1700074550\n|switch|p2a: Tapu Koko|Tapu Koko|61\/100\n|-fieldstart|move: Electric Terrain|[from] ability: Electric Surge|[of] p2a: Tapu Koko\n|turn|22\n|inactive|DragonbusterLP has 120 seconds left.\n|\n|t:|1700074562\n|move|p2a: Tapu Koko|Iron Head|p1a: Palossand\n|-damage|p1a: Palossand|53\/100\n|-damage|p2a: Tapu Koko|51\/100|[from] item: Life Orb\n|move|p1a: Palossand|Spit Up|p2a: Tapu Koko\n|-damage|p2a: Tapu Koko|0 fnt\n|faint|p2a: Tapu Koko\n|-unboost|p1a: Palossand|def|2\n|-unboost|p1a: Palossand|spd|2\n|-end|p1a: Palossand|Stockpile\n|\n|-heal|p1a: Palossand|59\/100|[from] item: Leftovers\n|upkeep\n|\n|t:|1700074565\n|switch|p2a: Clawitzer|Clawitzer, M, shiny|100\/100\n|turn|23\n|inactive|DragonbusterLP has 120 seconds left.\n|\n|t:|1700074584\n|move|p2a: Clawitzer|Terrain Pulse|p1a: Palossand\n|-crit|p1a: Palossand\n|-damage|p1a: Palossand|0 fnt\n|faint|p1a: Palossand\n|\n|upkeep\n|\n|t:|1700074600\n|switch|p1a: Golisopod|Golisopod, F, shiny|18\/100\n|turn|24\n|\n|t:|1700074605\n|move|p1a: Golisopod|First Impression|p2a: Clawitzer\n|-damage|p2a: Clawitzer|26\/100\n|move|p2a: Clawitzer|Terrain Pulse|p1a: Golisopod\n|-supereffective|p1a: Golisopod\n|-damage|p1a: Golisopod|0 fnt\n|faint|p1a: Golisopod\n|\n|upkeep\n|\n|t:|1700074624\n|switch|p1a: Scrafty|Scrafty, F|100\/100\n|-ability|p1a: Scrafty|Intimidate|boost\n|-unboost|p2a: Clawitzer|atk|1\n|turn|25\n|\n|t:|1700074631\n|move|p2a: Clawitzer|Terrain Pulse|p1a: Scrafty\n|-damage|p1a: Scrafty|41\/100\n|move|p1a: Scrafty|Knock Off|p2a: Clawitzer\n|-damage|p2a: Clawitzer|0 fnt\n|-enditem|p2a: Clawitzer|Choice Scarf|[from] move: Knock Off|[of] p1a: Scrafty\n|faint|p2a: Clawitzer\n|\n|win|DragonbusterLP\n|raw|DragonbusterLP's rating: 1051 &rarr; <strong>1091<\/strong><br \/>(+40 for winning)\n|raw|perv51's rating: 1133 &rarr; <strong>1102<\/strong><br \/>(-31 for losing)\n|l|\u2606perv51\n|c|\u2606DragonbusterLP|gg\n","uploadtime":1700074761,"views":15,"p1id":"dragonbusterlp","p2id":"perv51","formatid":"gen9nationaldex","rating":1091,"private":0,"password":""}