{"id":"gen9nationaldex-1998770275","p1":"sylwcj","p2":"Coffee falk","format":"[Gen 9] National Dex","log":"|html|<div class=\"broadcast-blue\"><strong>[Gen 9] National Dex is currently suspecting Sneasler! For information on how to participate check out the <a href=\"https:\/\/www.smogon.com\/forums\/threads\/sv-national-dex-suspect-8-just-dance.3731534\/\">suspect thread<\/a>.<\/strong><\/div>\n|j|\u2606sylwcj\n|j|\u2606Coffee falk\n|t:|1700987197\n|gametype|singles\n|player|p1|sylwcj|169|1255\n|player|p2|Coffee falk|zinnia|1279\n|teamsize|p1|6\n|teamsize|p2|6\n|gen|9\n|tier|[Gen 9] National Dex\n|rated|\n|rule|HP Percentage Mod: HP is shown in percentages\n|rule|Endless Battle Clause: Forcing endless battles is banned\n|rule|OHKO Clause: OHKO moves are banned\n|rule|Evasion Clause: Evasion abilities, items, and moves are banned\n|rule|Evasion Abilities Clause: Evasion abilities are banned\n|rule|Evasion Items Clause: Evasion items are banned\n|rule|Evasion Moves Clause: Evasion moves are banned\n|rule|Species Clause: Limit one of each Pok\u00e9mon\n|rule|Sleep Clause Mod: Limit one foe put to sleep\n|clearpoke\n|poke|p1|Hoopa-Unbound|\n|poke|p1|Ogerpon-Wellspring, F|\n|poke|p1|Moltres|\n|poke|p1|Samurott-Hisui, M|\n|poke|p1|Tapu Lele|\n|poke|p1|Aegislash, M|\n|poke|p2|Lopunny, F|\n|poke|p2|Rillaboom, M|\n|poke|p2|Slowking-Galar, M|\n|poke|p2|Vikavolt, M|\n|poke|p2|Blacephalon|\n|poke|p2|Corviknight, F|\n|teampreview\n|\n|t:|1700987209\n|start\n|switch|p1a: Samurott|Samurott-Hisui, M, shiny|100\/100\n|switch|p2a: Lopunny|Lopunny, F|100\/100\n|turn|1\n|\n|t:|1700987216\n|switch|p1a: Tapu Lele|Tapu Lele, shiny|100\/100\n|-fieldstart|move: Psychic Terrain|[from] ability: Psychic Surge|[of] p1a: Tapu Lele\n|detailschange|p2a: Lopunny|Lopunny-Mega, F\n|-mega|p2a: Lopunny|Lopunny|Lopunnite\n|move|p2a: Lopunny|Fake Out|p1a: Tapu Lele\n|-activate|p1a: Tapu Lele|move: Psychic Terrain\n|\n|upkeep\n|turn|2\n|inactive|Battle timer is ON: inactive players will automatically lose when time's up. (requested by Coffee falk)\n|\n|t:|1700987241\n|switch|p2a: Slowking|Slowking-Galar, M|100\/100\n|move|p1a: Tapu Lele|Psychic|p2a: Slowking\n|-damage|p2a: Slowking|29\/100\n|\n|-heal|p2a: Slowking|35\/100|[from] item: Leftovers\n|upkeep\n|turn|3\n|\n|t:|1700987251\n|-terastallize|p2a: Slowking|Dark\n|move|p1a: Tapu Lele|Psychic|p2a: Slowking\n|-immune|p2a: Slowking\n|move|p2a: Slowking|Thunder Wave|p1a: Tapu Lele\n|-status|p1a: Tapu Lele|par\n|\n|-heal|p2a: Slowking|41\/100|[from] item: Leftovers\n|upkeep\n|turn|4\n|c|\u2606sylwcj|???????????????????????\n|\n|t:|1700987277\n|switch|p1a: Aegislash|Aegislash, M, shiny|100\/100\n|move|p2a: Slowking|Future Sight|p1a: Aegislash\n|-start|p2a: Slowking|move: Future Sight\n|\n|-heal|p2a: Slowking|47\/100|[from] item: Leftovers\n|upkeep\n|turn|5\n|\n|t:|1700987294\n|move|p1a: Aegislash|Substitute|p1a: Aegislash\n|-start|p1a: Aegislash|Substitute\n|-damage|p1a: Aegislash|75\/100\n|move|p2a: Slowking|Chilly Reception|p2a: Slowking\n|-weather|Snow\n|\n|t:|1700987313\n|switch|p2a: Vikavolt|Vikavolt, M, shiny|100\/100|[from] Chilly Reception\n|\n|-weather|Snow|[upkeep]\n|-heal|p1a: Aegislash|82\/100|[from] item: Leftovers\n|-fieldend|move: Psychic Terrain\n|upkeep\n|turn|6\n|\n|t:|1700987324\n|-formechange|p1a: Aegislash|Aegislash-Blade||[from] ability: Stance Change\n|move|p1a: Aegislash|Shadow Claw|p2a: Vikavolt\n|-damage|p2a: Vikavolt|67\/100\n|move|p2a: Vikavolt|Sticky Web|p1a: Aegislash\n|-sidestart|p1: sylwcj|move: Sticky Web\n|\n|-weather|Snow|[upkeep]\n|-end|p1a: Aegislash|move: Future Sight\n|-resisted|p1a: Aegislash\n|-end|p1a: Aegislash|Substitute\n|-heal|p1a: Aegislash|88\/100|[from] item: Leftovers\n|upkeep\n|turn|7\n|\n|t:|1700987339\n|-formechange|p1a: Aegislash|Aegislash||[from] ability: Stance Change\n|move|p1a: Aegislash|King's Shield|p1a: Aegislash\n|-singleturn|p1a: Aegislash|Protect\n|move|p2a: Vikavolt|Volt Switch|p1a: Aegislash\n|-activate|p1a: Aegislash|move: Protect\n|\n|-weather|Snow|[upkeep]\n|-heal|p1a: Aegislash|94\/100|[from] item: Leftovers\n|upkeep\n|turn|8\n|\n|t:|1700987359\n|-formechange|p1a: Aegislash|Aegislash-Blade||[from] ability: Stance Change\n|move|p1a: Aegislash|Shadow Claw|p2a: Vikavolt\n|-damage|p2a: Vikavolt|28\/100\n|move|p2a: Vikavolt|Volt Switch|p1a: Aegislash\n|-damage|p1a: Aegislash|8\/100\n|inactive|Coffee falk has 120 seconds left.\n|\n|t:|1700987370\n|switch|p2a: Lopunny|Lopunny-Mega, F|100\/100|[from] Volt Switch\n|\n|-weather|Snow|[upkeep]\n|-heal|p1a: Aegislash|14\/100|[from] item: Leftovers\n|upkeep\n|turn|9\n|\n|t:|1700987380\n|-formechange|p1a: Aegislash|Aegislash||[from] ability: Stance Change\n|move|p1a: Aegislash|King's Shield|p1a: Aegislash\n|-singleturn|p1a: Aegislash|Protect\n|move|p2a: Lopunny|Fake Out|p1a: Aegislash\n|-activate|p1a: Aegislash|move: Protect\n|-unboost|p2a: Lopunny|atk|1\n|\n|-weather|none\n|-heal|p1a: Aegislash|20\/100|[from] item: Leftovers\n|upkeep\n|turn|10\n|inactive|Coffee falk has 120 seconds left.\n|\n|t:|1700987398\n|switch|p1a: Moltres|Moltres|100\/100\n|move|p2a: Lopunny|Close Combat|p1a: Moltres\n|-resisted|p1a: Moltres\n|-damage|p1a: Moltres|86\/100\n|-unboost|p2a: Lopunny|def|1\n|-unboost|p2a: Lopunny|spd|1\n|-status|p2a: Lopunny|brn|[from] ability: Flame Body|[of] p1a: Moltres\n|\n|-damage|p2a: Lopunny|94\/100 brn|[from] brn\n|upkeep\n|turn|11\n|inactive|Coffee falk has 120 seconds left.\n|\n|t:|1700987417\n|switch|p2a: Slowking|Slowking-Galar, M, tera:Dark|80\/100\n|move|p1a: Moltres|Tailwind|p1a: Moltres\n|-sidestart|p1: sylwcj|move: Tailwind\n|\n|-heal|p2a: Slowking|86\/100|[from] item: Leftovers\n|upkeep\n|turn|12\n|inactive|Coffee falk has 120 seconds left.\n|\n|t:|1700987425\n|move|p1a: Moltres|U-turn|p2a: Slowking\n|-supereffective|p2a: Slowking\n|-damage|p2a: Slowking|65\/100\n|\n|t:|1700987430\n|switch|p1a: Tapu Lele|Tapu Lele, shiny|100\/100 par|[from] U-turn\n|-activate|p1a: Tapu Lele|move: Sticky Web\n|-unboost|p1a: Tapu Lele|spe|1\n|-fieldstart|move: Psychic Terrain|[from] ability: Psychic Surge|[of] p1a: Tapu Lele\n|move|p2a: Slowking|Future Sight|p1a: Tapu Lele\n|-start|p2a: Slowking|move: Future Sight\n|\n|-heal|p2a: Slowking|72\/100|[from] item: Leftovers\n|upkeep\n|turn|13\n|inactive|Coffee falk has 120 seconds left.\n|\n|t:|1700987445\n|switch|p2a: Vikavolt|Vikavolt, M, shiny|28\/100\n|cant|p1a: Tapu Lele|par\n|\n|upkeep\n|turn|14\n|\n|t:|1700987455\n|move|p1a: Tapu Lele|Moonblast|p2a: Vikavolt\n|-damage|p2a: Vikavolt|0 fnt\n|faint|p2a: Vikavolt\n|\n|-end|p1a: Tapu Lele|move: Future Sight\n|-resisted|p1a: Tapu Lele\n|-damage|p1a: Tapu Lele|71\/100 par\n|-sideend|p1: sylwcj|move: Tailwind\n|upkeep\n|\n|t:|1700987463\n|switch|p2a: Blacephalon|Blacephalon, shiny|100\/100\n|turn|15\n|\n|t:|1700987478\n|switch|p1a: Samurott|Samurott-Hisui, M, shiny|100\/100\n|-activate|p1a: Samurott|move: Sticky Web\n|-unboost|p1a: Samurott|spe|1\n|move|p2a: Blacephalon|Shadow Ball|p1a: Samurott\n|-resisted|p1a: Samurott\n|-damage|p1a: Samurott|48\/100\n|\n|upkeep\n|turn|16\n|\n|t:|1700987487\n|move|p1a: Samurott|Aqua Jet|p2a: Blacephalon\n|-activate|p2a: Blacephalon|move: Psychic Terrain\n|move|p2a: Blacephalon|Shadow Ball|p1a: Samurott\n|-resisted|p1a: Samurott\n|-damage|p1a: Samurott|0 fnt\n|faint|p1a: Samurott\n|-ability|p2a: Blacephalon|Beast Boost|boost\n|-boost|p2a: Blacephalon|spa|1\n|\n|-fieldend|move: Psychic Terrain\n|upkeep\n|\n|t:|1700987496\n|switch|p1a: Ogerpon|Ogerpon-Wellspring, F|100\/100\n|-activate|p1a: Ogerpon|move: Sticky Web\n|-unboost|p1a: Ogerpon|spe|1\n|turn|17\n|\n|t:|1700987501\n|-terastallize|p1a: Ogerpon|Water\n|detailschange|p1a: Ogerpon|Ogerpon-Wellspring-Tera, F, tera:Water\n|-ability|p1a: Ogerpon|Embody Aspect (Wellspring)|boost\n|-boost|p1a: Ogerpon|spd|1\n|move|p2a: Blacephalon|Shadow Ball|p1a: Ogerpon\n|-damage|p1a: Ogerpon|13\/100\n|move|p1a: Ogerpon|Ivy Cudgel|p2a: Blacephalon|[anim] Ivy Cudgel Water\n|-supereffective|p2a: Blacephalon\n|-damage|p2a: Blacephalon|0 fnt\n|faint|p2a: Blacephalon\n|\n|upkeep\n|\n|t:|1700987514\n|switch|p2a: Rillaboom|Rillaboom, M|100\/100\n|-fieldstart|move: Grassy Terrain|[from] ability: Grassy Surge|[of] p2a: Rillaboom\n|turn|18\n|\n|t:|1700987528\n|switch|p1a: Moltres|Moltres|86\/100\n|move|p2a: Rillaboom|Wood Hammer|p1a: Moltres\n|-resisted|p1a: Moltres\n|-damage|p1a: Moltres|71\/100\n|-damage|p2a: Rillaboom|96\/100|[from] Recoil\n|\n|-heal|p2a: Rillaboom|100\/100|[from] Grassy Terrain\n|upkeep\n|turn|19\n|-message|Coffee falk forfeited.\n|\n|win|sylwcj\n|raw|sylwcj's rating: 1255 &rarr; <strong>1282<\/strong><br \/>(+27 for winning)\n|raw|Coffee falk's rating: 1279 &rarr; <strong>1252<\/strong><br \/>(-27 for losing)\n|l|\u2606Coffee falk\n|j| nzthenoob\n|c|\u2606sylwcj|gg\n|l| nzthenoob\n","uploadtime":1700987562,"views":1,"p1id":"sylwcj","p2id":"coffeefalk","formatid":"gen9nationaldex","rating":1252,"private":0,"password":""}