{"id":"gen9nationaldex-1991000922","p1":"scp096isgay","p2":"SenorSol","format":"[Gen 9] National Dex","log":"|j|\u2606scp096isgay\n|j|\u2606SenorSol\n|t:|1700025896\n|gametype|singles\n|player|p1|scp096isgay|266|1082\n|player|p2|SenorSol|265|1000\n|teamsize|p1|6\n|teamsize|p2|6\n|gen|9\n|tier|[Gen 9] National Dex\n|rated|\n|rule|HP Percentage Mod: HP is shown in percentages\n|rule|Endless Battle Clause: Forcing endless battles is banned\n|rule|OHKO Clause: OHKO moves are banned\n|rule|Evasion Clause: Evasion abilities, items, and moves are banned\n|rule|Evasion Abilities Clause: Evasion abilities are banned\n|rule|Evasion Items Clause: Evasion items are banned\n|rule|Evasion Moves Clause: Evasion moves are banned\n|rule|Species Clause: Limit one of each Pok\u00e9mon\n|rule|Sleep Clause Mod: Limit one foe put to sleep\n|clearpoke\n|poke|p1|Ogerpon-Wellspring, F|\n|poke|p1|Ceruledge, F|\n|poke|p1|Dracozolt|\n|poke|p1|Iron Treads|\n|poke|p1|Scizor, M|\n|poke|p1|Ferrothorn, F|\n|poke|p2|Sceptile, M|\n|poke|p2|Snorlax, F|\n|poke|p2|Toxicroak, M|\n|poke|p2|Yanmega, M|\n|poke|p2|Salazzle, F|\n|poke|p2|Nidoqueen, F|\n|teampreview\n|\n|t:|1700025902\n|start\n|switch|p1a: Anti meme|Ceruledge, F|100\/100\n|switch|p2a: Sceptile|Sceptile, M|100\/100\n|turn|1\n|\n|t:|1700025913\n|move|p2a: Sceptile|Dragon Pulse|p1a: Anti meme\n|-damage|p1a: Anti meme|82\/100\n|move|p1a: Anti meme|Swords Dance|p1a: Anti meme\n|-boost|p1a: Anti meme|atk|2\n|\n|-heal|p1a: Anti meme|88\/100|[from] item: Leftovers\n|upkeep\n|turn|2\n|\n|t:|1700025922\n|move|p2a: Sceptile|Leech Seed|p1a: Anti meme\n|-start|p1a: Anti meme|move: Leech Seed\n|move|p1a: Anti meme|Bitter Blade|p2a: Sceptile\n|-supereffective|p2a: Sceptile\n|-damage|p2a: Sceptile|0 fnt\n|-heal|p1a: Anti meme|100\/100|[from] drain|[of] p2a: Sceptile\n|faint|p2a: Sceptile\n|\n|upkeep\n|\n|t:|1700025935\n|switch|p2a: Snorlax|Snorlax, F|100\/100\n|turn|3\n|\n|t:|1700025940\n|-terastallize|p1a: Anti meme|Grass\n|move|p1a: Anti meme|Bitter Blade|p2a: Snorlax\n|-damage|p2a: Snorlax|53\/100\n|move|p2a: Snorlax|Curse|p2a: Snorlax\n|-unboost|p2a: Snorlax|spe|1\n|-boost|p2a: Snorlax|atk|1\n|-boost|p2a: Snorlax|def|1\n|\n|-heal|p2a: Snorlax|59\/100|[from] item: Leftovers\n|-damage|p1a: Anti meme|88\/100|[from] Leech Seed|[of] p2a: Snorlax\n|-heal|p2a: Snorlax|68\/100|[silent]\n|upkeep\n|turn|4\n|\n|t:|1700025954\n|move|p1a: Anti meme|Swords Dance|p1a: Anti meme\n|-boost|p1a: Anti meme|atk|2\n|move|p2a: Snorlax|Rest|p2a: Snorlax\n|-status|p2a: Snorlax|slp|[from] move: Rest\n|-heal|p2a: Snorlax|100\/100 slp|[silent]\n|\n|-heal|p1a: Anti meme|94\/100|[from] item: Leftovers\n|-damage|p1a: Anti meme|82\/100|[from] Leech Seed|[of] p2a: Snorlax\n|upkeep\n|turn|5\n|\n|t:|1700025966\n|move|p1a: Anti meme|Swords Dance|p1a: Anti meme\n|-boost|p1a: Anti meme|atk|2\n|cant|p2a: Snorlax|slp\n|move|p2a: Snorlax|Sleep Talk|p2a: Snorlax\n|move|p2a: Snorlax|Curse|p2a: Snorlax|[from]move: Sleep Talk\n|-unboost|p2a: Snorlax|spe|1\n|-boost|p2a: Snorlax|atk|1\n|-boost|p2a: Snorlax|def|1\n|\n|-heal|p1a: Anti meme|88\/100|[from] item: Leftovers\n|-damage|p1a: Anti meme|76\/100|[from] Leech Seed|[of] p2a: Snorlax\n|upkeep\n|turn|6\n|\n|t:|1700025981\n|move|p1a: Anti meme|Bitter Blade|p2a: Snorlax\n|-damage|p2a: Snorlax|55\/100 slp\n|-heal|p1a: Anti meme|100\/100|[from] drain|[of] p2a: Snorlax\n|cant|p2a: Snorlax|slp\n|move|p2a: Snorlax|Sleep Talk|p2a: Snorlax\n|move|p2a: Snorlax|Rest||[from]move: Sleep Talk|[still]\n|-fail|p2a: Snorlax\n|\n|-heal|p2a: Snorlax|61\/100 slp|[from] item: Leftovers\n|-damage|p1a: Anti meme|88\/100|[from] Leech Seed|[of] p2a: Snorlax\n|-heal|p2a: Snorlax|69\/100 slp|[silent]\n|upkeep\n|turn|7\n|\n|t:|1700025996\n|move|p1a: Anti meme|Bitter Blade|p2a: Snorlax\n|-damage|p2a: Snorlax|26\/100 slp\n|-heal|p1a: Anti meme|100\/100|[from] drain|[of] p2a: Snorlax\n|-curestatus|p2a: Snorlax|slp|[msg]\n|move|p2a: Snorlax|Sleep Talk||[still]\n|-fail|p2a: Snorlax\n|\n|-heal|p2a: Snorlax|32\/100|[from] item: Leftovers\n|-damage|p1a: Anti meme|88\/100|[from] Leech Seed|[of] p2a: Snorlax\n|-heal|p2a: Snorlax|40\/100|[silent]\n|upkeep\n|turn|8\n|\n|t:|1700026008\n|move|p1a: Anti meme|Bitter Blade|p2a: Snorlax\n|-crit|p2a: Snorlax\n|-damage|p2a: Snorlax|0 fnt\n|-heal|p1a: Anti meme|100\/100|[from] drain|[of] p2a: Snorlax\n|faint|p2a: Snorlax\n|\n|upkeep\n|\n|t:|1700026015\n|switch|p2a: Salazzle|Salazzle, F|100\/100\n|turn|9\n|\n|t:|1700026022\n|move|p1a: Anti meme|Shadow Sneak|p2a: Salazzle\n|-crit|p2a: Salazzle\n|-damage|p2a: Salazzle|0 fnt\n|faint|p2a: Salazzle\n|\n|upkeep\n|\n|t:|1700026028\n|switch|p2a: Toxicroak|Toxicroak, M|100\/100\n|turn|10\n|\n|t:|1700026034\n|move|p1a: Anti meme|Shadow Sneak|p2a: Toxicroak\n|-damage|p2a: Toxicroak|0 fnt\n|faint|p2a: Toxicroak\n|\n|upkeep\n|\n|t:|1700026039\n|switch|p2a: Nidoqueen|Nidoqueen, F|100\/100\n|turn|11\n|\n|t:|1700026044\n|move|p1a: Anti meme|Shadow Sneak|p2a: Nidoqueen\n|-damage|p2a: Nidoqueen|0 fnt\n|faint|p2a: Nidoqueen\n|\n|upkeep\n|\n|t:|1700026049\n|switch|p2a: Yanmega|Yanmega, M|100\/100\n|turn|12\n|\n|t:|1700026054\n|move|p2a: Yanmega|Protect|p2a: Yanmega\n|-singleturn|p2a: Yanmega|Protect\n|move|p1a: Anti meme|Shadow Sneak|p2a: Yanmega\n|-activate|p2a: Yanmega|move: Protect\n|\n|-damage|p1a: Anti meme|88\/100|[from] Leech Seed|[of] p2a: Yanmega\n|-ability|p2a: Yanmega|Speed Boost|boost\n|-boost|p2a: Yanmega|spe|1\n|upkeep\n|turn|13\n|\n|t:|1700026064\n|move|p1a: Anti meme|Shadow Sneak|p2a: Yanmega\n|-damage|p2a: Yanmega|0 fnt\n|faint|p2a: Yanmega\n|\n|win|scp096isgay\n|raw|scp096isgay's rating: 1082 &rarr; <strong>1103<\/strong><br \/>(+21 for winning)\n|raw|SenorSol's rating: 1000 &rarr; <strong>1000<\/strong><br \/>(+0 for losing)\n","uploadtime":1700026075,"views":8,"p1id":"scp096isgay","p2id":"senorsol","formatid":"gen9nationaldex","rating":1000,"private":0,"password":""}