{"id":"gen9nationaldex-1999042509","p1":"Kekleon-lord","p2":"drossito pambisito","format":"[Gen 9] National Dex","log":"|html|<div class=\"broadcast-blue\"><strong>[Gen 9] National Dex is currently suspecting Sneasler! For information on how to participate check out the <a href=\"https:\/\/www.smogon.com\/forums\/threads\/sv-national-dex-suspect-8-just-dance.3731534\/\">suspect thread<\/a>.<\/strong><\/div>\n|j|\u2606Kekleon-lord\n|j|\u2606drossito pambisito\n|t:|1701026994\n|gametype|singles\n|player|p1|Kekleon-lord|2|1300\n|player|p2|drossito pambisito|169|1442\n|teamsize|p1|6\n|teamsize|p2|6\n|gen|9\n|tier|[Gen 9] National Dex\n|rated|\n|rule|HP Percentage Mod: HP is shown in percentages\n|rule|Endless Battle Clause: Forcing endless battles is banned\n|rule|OHKO Clause: OHKO moves are banned\n|rule|Evasion Clause: Evasion abilities, items, and moves are banned\n|rule|Evasion Abilities Clause: Evasion abilities are banned\n|rule|Evasion Items Clause: Evasion items are banned\n|rule|Evasion Moves Clause: Evasion moves are banned\n|rule|Species Clause: Limit one of each Pok\u00e9mon\n|rule|Sleep Clause Mod: Limit one foe put to sleep\n|clearpoke\n|poke|p1|Nihilego|\n|poke|p1|Buzzwole|\n|poke|p1|Kartana|\n|poke|p1|Celesteela|\n|poke|p1|Xurkitree|\n|poke|p1|Blacephalon|\n|poke|p2|Blacephalon|\n|poke|p2|Tapu Lele|\n|poke|p2|Sneasler, M|\n|poke|p2|Samurott-Hisui, F|\n|poke|p2|Kyurem|\n|poke|p2|Manectric, M|\n|teampreview\n|\n|t:|1701027036\n|start\n|switch|p1a: Blacephalon|Blacephalon|100\/100\n|switch|p2a: Manectric|Manectric, M|100\/100\n|turn|1\n|inactive|Battle timer is ON: inactive players will automatically lose when time's up. (requested by drossito pambisito)\n|\n|t:|1701027065\n|detailschange|p2a: Manectric|Manectric-Mega, M\n|-mega|p2a: Manectric|Manectric|Manectite\n|-ability|p2a: Manectric|Intimidate|boost\n|-unboost|p1a: Blacephalon|atk|1\n|move|p2a: Manectric|Volt Switch|p1a: Blacephalon\n|-damage|p1a: Blacephalon|32\/100\n|\n|t:|1701027071\n|switch|p2a: Samurott|Samurott-Hisui, F|100\/100|[from] Volt Switch\n|move|p1a: Blacephalon|Mind Blown|p2a: Samurott\n|-resisted|p2a: Samurott\n|-damage|p2a: Samurott|36\/100\n|-damage|p1a: Blacephalon|0 fnt|[from] mindblown\n|faint|p1a: Blacephalon\n|\n|upkeep\n|\n|t:|1701027081\n|switch|p1a: Buzzwole|Buzzwole|100\/100\n|turn|2\n|\n|t:|1701027096\n|move|p2a: Samurott|Ceaseless Edge|p1a: Buzzwole\n|-resisted|p1a: Buzzwole\n|-damage|p1a: Buzzwole|82\/100\n|-sidestart|p1: Kekleon-lord|Spikes\n|move|p1a: Buzzwole|Earthquake|p2a: Samurott\n|-damage|p2a: Samurott|0 fnt\n|faint|p2a: Samurott\n|-ability|p1a: Buzzwole|Beast Boost|boost\n|-boost|p1a: Buzzwole|atk|1\n|\n|upkeep\n|\n|t:|1701027105\n|switch|p2a: Manectric|Manectric-Mega, M|100\/100\n|-ability|p2a: Manectric|Intimidate|boost\n|-unboost|p1a: Buzzwole|atk|1\n|turn|3\n|\n|t:|1701027115\n|move|p2a: Manectric|Flamethrower|p1a: Buzzwole\n|-supereffective|p1a: Buzzwole\n|-damage|p1a: Buzzwole|30\/100\n|move|p1a: Buzzwole|Leech Life|p2a: Manectric\n|-damage|p2a: Manectric|29\/100\n|-heal|p1a: Buzzwole|58\/100|[from] drain|[of] p2a: Manectric\n|\n|upkeep\n|turn|4\n|inactive|drossito pambisito has 120 seconds left.\n|\n|t:|1701027150\n|move|p2a: Manectric|Flamethrower|p1a: Buzzwole\n|-supereffective|p1a: Buzzwole\n|-crit|p1a: Buzzwole\n|-damage|p1a: Buzzwole|0 fnt\n|faint|p1a: Buzzwole\n|\n|upkeep\n|\n|t:|1701027160\n|switch|p1a: Nihilego|Nihilego|100\/100\n|-damage|p1a: Nihilego|88\/100|[from] Spikes\n|turn|5\n|\n|t:|1701027180\n|move|p2a: Manectric|Volt Switch|p1a: Nihilego\n|-damage|p1a: Nihilego|59\/100\n|\n|t:|1701027183\n|switch|p2a: Tapu Lele|Tapu Lele|100\/100|[from] Volt Switch\n|-fieldstart|move: Psychic Terrain|[from] ability: Psychic Surge|[of] p2a: Tapu Lele\n|move|p1a: Nihilego|Psyshock|p2a: Tapu Lele\n|-resisted|p2a: Tapu Lele\n|-damage|p2a: Tapu Lele|74\/100\n|\n|upkeep\n|turn|6\n|\n|t:|1701027193\n|-terastallize|p1a: Nihilego|Psychic\n|move|p1a: Nihilego|Sludge Wave|p2a: Tapu Lele\n|-supereffective|p2a: Tapu Lele\n|-damage|p2a: Tapu Lele|0 fnt\n|faint|p2a: Tapu Lele\n|-ability|p1a: Nihilego|Beast Boost|boost\n|-boost|p1a: Nihilego|spa|1\n|\n|upkeep\n|\n|t:|1701027202\n|switch|p2a: Sneasler|Sneasler, M|100\/100\n|turn|7\n|\n|t:|1701027217\n|-terastallize|p2a: Sneasler|Flying\n|move|p2a: Sneasler|Acrobatics|p1a: Nihilego\n|-damage|p1a: Nihilego|4\/100\n|move|p1a: Nihilego|Psyshock|p2a: Sneasler\n|-damage|p2a: Sneasler|0 fnt\n|faint|p2a: Sneasler\n|-ability|p1a: Nihilego|Beast Boost|boost\n|-boost|p1a: Nihilego|spa|1\n|\n|upkeep\n|\n|t:|1701027220\n|switch|p2a: Manectric|Manectric-Mega, M|29\/100\n|-ability|p2a: Manectric|Intimidate|boost\n|-unboost|p1a: Nihilego|atk|1\n|turn|8\n|\n|t:|1701027233\n|move|p2a: Manectric|Volt Switch|p1a: Nihilego\n|-damage|p1a: Nihilego|0 fnt\n|faint|p1a: Nihilego\n|\n|t:|1701027235\n|switch|p2a: Blacephalon|Blacephalon|100\/100|[from] Volt Switch\n|\n|upkeep\n|\n|t:|1701027246\n|switch|p1a: Xurkitree|Xurkitree|100\/100\n|-damage|p1a: Xurkitree|88\/100|[from] Spikes\n|turn|9\n|\n|t:|1701027254\n|-zpower|p2a: Blacephalon\n|move|p2a: Blacephalon|Z-Hypnosis|p1a: Xurkitree|[anim]Hypnosis\n|-boost|p2a: Blacephalon|spe|1|[zeffect]\n|-status|p1a: Xurkitree|slp|[from] move: Hypnosis\n|cant|p1a: Xurkitree|slp\n|\n|-fieldend|move: Psychic Terrain\n|upkeep\n|turn|10\n|\n|t:|1701027262\n|move|p2a: Blacephalon|Flamethrower|p1a: Xurkitree\n|-damage|p1a: Xurkitree|17\/100 slp\n|cant|p1a: Xurkitree|slp\n|\n|upkeep\n|turn|11\n|\n|t:|1701027267\n|move|p2a: Blacephalon|Flamethrower|p1a: Xurkitree\n|-damage|p1a: Xurkitree|0 fnt\n|faint|p1a: Xurkitree\n|-ability|p2a: Blacephalon|Beast Boost|boost\n|-boost|p2a: Blacephalon|spa|1\n|\n|upkeep\n|\n|t:|1701027273\n|switch|p1a: Celesteela|Celesteela|100\/100\n|turn|12\n|\n|t:|1701027289\n|move|p1a: Celesteela|Protect|p1a: Celesteela\n|-singleturn|p1a: Celesteela|Protect\n|move|p2a: Blacephalon|Flamethrower|p1a: Celesteela\n|-activate|p1a: Celesteela|move: Protect\n|\n|upkeep\n|turn|13\n|\n|t:|1701027294\n|move|p2a: Blacephalon|Flamethrower|p1a: Celesteela\n|-supereffective|p1a: Celesteela\n|-damage|p1a: Celesteela|0 fnt\n|faint|p1a: Celesteela\n|-ability|p2a: Blacephalon|Beast Boost|boost\n|-boost|p2a: Blacephalon|spa|1\n|\n|upkeep\n|\n|t:|1701027301\n|switch|p1a: Kartana|Kartana|100\/100\n|-damage|p1a: Kartana|88\/100|[from] Spikes\n|turn|14\n|\n|t:|1701027314\n|move|p2a: Blacephalon|Flamethrower|p1a: Kartana\n|-supereffective|p1a: Kartana\n|-damage|p1a: Kartana|0 fnt\n|faint|p1a: Kartana\n|\n|win|drossito pambisito\n|raw|Kekleon-lord's rating: 1300 &rarr; <strong>1285<\/strong><br \/>(-15 for losing)\n|raw|drossito pambisito's rating: 1442 &rarr; <strong>1454<\/strong><br \/>(+12 for winning)\n|l|\u2606Kekleon-lord\n","uploadtime":1701027324,"views":1,"p1id":"kekleonlord","p2id":"drossitopambisito","formatid":"gen9nationaldex","rating":1285,"private":0,"password":""}