{"id":"gen9nationaldex-1994322365","p1":"6DFirapaka","p2":"hank7766","format":"[Gen 9] National Dex","log":"|j|\u26066DFirapaka\n|j|\u2606hank7766\n|t:|1700430968\n|gametype|singles\n|player|p1|6DFirapaka|scientist-gen4dp|1327\n|player|p2|hank7766|1|1399\n|teamsize|p1|6\n|teamsize|p2|6\n|gen|9\n|tier|[Gen 9] National Dex\n|rated|\n|rule|HP Percentage Mod: HP is shown in percentages\n|rule|Endless Battle Clause: Forcing endless battles is banned\n|rule|OHKO Clause: OHKO moves are banned\n|rule|Evasion Clause: Evasion abilities, items, and moves are banned\n|rule|Evasion Abilities Clause: Evasion abilities are banned\n|rule|Evasion Items Clause: Evasion items are banned\n|rule|Evasion Moves Clause: Evasion moves are banned\n|rule|Species Clause: Limit one of each Pok\u00e9mon\n|rule|Sleep Clause Mod: Limit one foe put to sleep\n|clearpoke\n|poke|p1|Clodsire, F|\n|poke|p1|Grimmsnarl, M|\n|poke|p1|Beedrill, M|\n|poke|p1|Jirachi|\n|poke|p1|Mimikyu, F|\n|poke|p1|Glimmora, M|\n|poke|p2|Gengar, M|\n|poke|p2|Milotic, F|\n|poke|p2|Tapu Lele|\n|poke|p2|Salamence, M|\n|poke|p2|Aggron, F|\n|poke|p2|Roserade, F|\n|teampreview\n|inactive|Battle timer is ON: inactive players will automatically lose when time's up. (requested by hank7766)\n|\n|t:|1700430978\n|start\n|switch|p1a: Grimmsnarl|Grimmsnarl, M, shiny|100\/100\n|switch|p2a: Rosa|Roserade, F|100\/100\n|turn|1\n|\n|t:|1700430984\n|move|p1a: Grimmsnarl|Thunder Wave|p2a: Rosa\n|-status|p2a: Rosa|par\n|move|p2a: Rosa|Sludge Bomb|p1a: Grimmsnarl\n|-supereffective|p1a: Grimmsnarl\n|-damage|p1a: Grimmsnarl|25\/100\n|\n|upkeep\n|turn|2\n|\n|t:|1700430991\n|move|p1a: Grimmsnarl|Parting Shot|p2a: Rosa\n|-unboost|p2a: Rosa|atk|1\n|-unboost|p2a: Rosa|spa|1\n|\n|t:|1700430994\n|switch|p1a: Glimmora|Glimmora, M|100\/100|[from] Parting Shot\n|cant|p2a: Rosa|par\n|\n|upkeep\n|turn|3\n|\n|t:|1700430999\n|move|p1a: Glimmora|Light Screen|p1a: Glimmora\n|-sidestart|p1: 6DFirapaka|move: Light Screen\n|cant|p2a: Rosa|par\n|\n|upkeep\n|turn|4\n|\n|t:|1700431003\n|move|p1a: Glimmora|Reflect|p1a: Glimmora\n|-sidestart|p1: 6DFirapaka|Reflect\n|move|p2a: Rosa|Giga Drain|p1a: Glimmora\n|-damage|p1a: Glimmora|86\/100\n|\n|upkeep\n|turn|5\n|\n|t:|1700431014\n|move|p1a: Glimmora|Stealth Rock|p2a: Rosa\n|-sidestart|p2: hank7766|move: Stealth Rock\n|move|p2a: Rosa|Toxic Spikes|p1a: Glimmora\n|-sidestart|p1: 6DFirapaka|move: Toxic Spikes\n|\n|upkeep\n|turn|6\n|\n|t:|1700431019\n|switch|p2a: Mila|Milotic, F|100\/100\n|-damage|p2a: Mila|88\/100|[from] Stealth Rock\n|move|p1a: Glimmora|Mortal Spin|p2a: Mila\n|-damage|p2a: Mila|80\/100\n|-status|p2a: Mila|psn\n|-sideend|p1: 6DFirapaka|Toxic Spikes|[from] move: Mortal Spin|[of] p1a: Glimmora\n|\n|-damage|p2a: Mila|68\/100 psn|[from] psn\n|upkeep\n|turn|7\n|\n|t:|1700431036\n|switch|p1a: Jirachi|Jirachi|100\/100\n|-terastallize|p2a: Mila|Water\n|move|p2a: Mila|Surf|p1a: Jirachi\n|-damage|p1a: Jirachi|60\/100\n|\n|-damage|p2a: Mila|56\/100 psn|[from] psn\n|upkeep\n|turn|8\n|\n|t:|1700431045\n|move|p1a: Jirachi|Iron Head|p2a: Mila\n|-resisted|p2a: Mila\n|-damage|p2a: Mila|34\/100 psn\n|cant|p2a: Mila|flinch\n|\n|-damage|p2a: Mila|22\/100 psn|[from] psn\n|upkeep\n|turn|9\n|\n|t:|1700431051\n|switch|p2a: Bossgodora|Aggron, F|100\/100\n|-damage|p2a: Bossgodora|94\/100|[from] Stealth Rock\n|move|p1a: Jirachi|Ancient Power|p2a: Bossgodora\n|-resisted|p2a: Bossgodora\n|-damage|p2a: Bossgodora|86\/100\n|\n|upkeep\n|turn|10\n|\n|t:|1700431059\n|detailschange|p2a: Bossgodora|Aggron-Mega, F\n|-mega|p2a: Bossgodora|Aggron|Aggronite\n|move|p1a: Jirachi|Drain Punch|p2a: Bossgodora\n|-supereffective|p2a: Bossgodora\n|-damage|p2a: Bossgodora|70\/100\n|-heal|p1a: Jirachi|68\/100|[from] drain|[of] p2a: Bossgodora\n|move|p2a: Bossgodora|Stealth Rock|p1a: Jirachi\n|-sidestart|p1: 6DFirapaka|move: Stealth Rock\n|\n|-sideend|p1: 6DFirapaka|move: Light Screen\n|upkeep\n|turn|11\n|\n|t:|1700431070\n|move|p1a: Jirachi|Ancient Power|p2a: Bossgodora\n|-resisted|p2a: Bossgodora\n|-crit|p2a: Bossgodora\n|-damage|p2a: Bossgodora|60\/100\n|-boost|p1a: Jirachi|atk|1\n|-boost|p1a: Jirachi|def|1\n|-boost|p1a: Jirachi|spa|1\n|-boost|p1a: Jirachi|spd|1\n|-boost|p1a: Jirachi|spe|1\n|move|p2a: Bossgodora|Body Press|p1a: Jirachi\n|-damage|p1a: Jirachi|53\/100\n|\n|-sideend|p1: 6DFirapaka|Reflect\n|upkeep\n|turn|12\n|\n|t:|1700431080\n|move|p1a: Jirachi|Iron Head|p2a: Bossgodora\n|-resisted|p2a: Bossgodora\n|-damage|p2a: Bossgodora|47\/100\n|move|p2a: Bossgodora|Body Press|p1a: Jirachi\n|-damage|p1a: Jirachi|24\/100\n|\n|upkeep\n|turn|13\n|\n|t:|1700431087\n|move|p1a: Jirachi|Drain Punch|p2a: Bossgodora\n|-supereffective|p2a: Bossgodora\n|-damage|p2a: Bossgodora|23\/100\n|-heal|p1a: Jirachi|34\/100|[from] drain|[of] p2a: Bossgodora\n|move|p2a: Bossgodora|Body Press|p1a: Jirachi\n|-damage|p1a: Jirachi|9\/100\n|\n|upkeep\n|turn|14\n|\n|t:|1700431095\n|move|p1a: Jirachi|Iron Head|p2a: Bossgodora\n|-resisted|p2a: Bossgodora\n|-damage|p2a: Bossgodora|10\/100\n|move|p2a: Bossgodora|Body Press|p1a: Jirachi\n|-damage|p1a: Jirachi|0 fnt\n|faint|p1a: Jirachi\n|\n|upkeep\n|c|\u2606hank7766|deserved\n|c|\u26066DFirapaka|debatable\n|inactive|6DFirapaka has 120 seconds left.\n|\n|t:|1700431134\n|switch|p1a: Mimikyu|Mimikyu, F, shiny|100\/100\n|-damage|p1a: Mimikyu|88\/100|[from] Stealth Rock\n|turn|15\n|\n|t:|1700431139\n|move|p1a: Mimikyu|Swords Dance|p1a: Mimikyu\n|-boost|p1a: Mimikyu|atk|2\n|move|p2a: Bossgodora|Heavy Slam|p1a: Mimikyu\n|-activate|p1a: Mimikyu|ability: Disguise\n|-damage|p1a: Mimikyu|88\/100\n|detailschange|p1a: Mimikyu|Mimikyu-Busted, F, shiny\n|-damage|p1a: Mimikyu|76\/100|[from] pokemon: Mimikyu-Busted\n|\n|upkeep\n|turn|16\n|\n|t:|1700431148\n|move|p1a: Mimikyu|Drain Punch|p2a: Bossgodora\n|-supereffective|p2a: Bossgodora\n|-damage|p2a: Bossgodora|0 fnt\n|-heal|p1a: Mimikyu|83\/100|[from] drain|[of] p2a: Bossgodora\n|faint|p2a: Bossgodora\n|-damage|p1a: Mimikyu|73\/100|[from] item: Life Orb\n|\n|upkeep\n|\n|t:|1700431154\n|switch|p2a: Yuna|Tapu Lele|100\/100\n|-damage|p2a: Yuna|88\/100|[from] Stealth Rock\n|-fieldstart|move: Psychic Terrain|[from] ability: Psychic Surge|[of] p2a: Yuna\n|turn|17\n|\n|t:|1700431163\n|switch|p2a: Mila|Milotic, F, tera:Water|22\/100 psn\n|-damage|p2a: Mila|9\/100 psn|[from] Stealth Rock\n|move|p1a: Mimikyu|Play Rough|p2a: Mila\n|-damage|p2a: Mila|0 fnt\n|faint|p2a: Mila\n|-damage|p1a: Mimikyu|63\/100|[from] item: Life Orb\n|\n|upkeep\n|\n|t:|1700431171\n|switch|p2a: Nightmare|Gengar, M, shiny|100\/100\n|-damage|p2a: Nightmare|88\/100|[from] Stealth Rock\n|turn|18\n|\n|t:|1700431178\n|move|p2a: Nightmare|Shadow Ball|p1a: Mimikyu\n|-supereffective|p1a: Mimikyu\n|-crit|p1a: Mimikyu\n|-damage|p1a: Mimikyu|0 fnt\n|faint|p1a: Mimikyu\n|\n|upkeep\n|\n|t:|1700431186\n|switch|p1a: Clodsire|Clodsire, F|100\/100\n|-damage|p1a: Clodsire|94\/100|[from] Stealth Rock\n|turn|19\n|\n|t:|1700431191\n|switch|p2a: Rosa|Roserade, F|100\/100 par\n|-damage|p2a: Rosa|88\/100 par|[from] Stealth Rock\n|move|p1a: Clodsire|Curse|p1a: Clodsire\n|-unboost|p1a: Clodsire|spe|1\n|-boost|p1a: Clodsire|atk|1\n|-boost|p1a: Clodsire|def|1\n|\n|-heal|p1a: Clodsire|100\/100|[from] item: Black Sludge\n|upkeep\n|turn|20\n|\n|t:|1700431206\n|move|p2a: Rosa|Giga Drain|p1a: Clodsire\n|-damage|p1a: Clodsire|76\/100\n|-heal|p2a: Rosa|100\/100 par|[from] drain|[of] p1a: Clodsire\n|move|p1a: Clodsire|Curse|p1a: Clodsire\n|-unboost|p1a: Clodsire|spe|1\n|-boost|p1a: Clodsire|atk|1\n|-boost|p1a: Clodsire|def|1\n|\n|-heal|p1a: Clodsire|83\/100|[from] item: Black Sludge\n|upkeep\n|turn|21\n|\n|t:|1700431216\n|move|p2a: Rosa|Giga Drain|p1a: Clodsire\n|-damage|p1a: Clodsire|62\/100\n|move|p1a: Clodsire|Curse|p1a: Clodsire\n|-unboost|p1a: Clodsire|spe|1\n|-boost|p1a: Clodsire|atk|1\n|-boost|p1a: Clodsire|def|1\n|\n|-heal|p1a: Clodsire|68\/100|[from] item: Black Sludge\n|upkeep\n|turn|22\n|\n|t:|1700431224\n|move|p2a: Rosa|Giga Drain|p1a: Clodsire\n|-damage|p1a: Clodsire|47\/100\n|move|p1a: Clodsire|Recover|p1a: Clodsire\n|-heal|p1a: Clodsire|97\/100\n|\n|-heal|p1a: Clodsire|100\/100|[from] item: Black Sludge\n|upkeep\n|turn|23\n|\n|t:|1700431251\n|cant|p2a: Rosa|par\n|move|p1a: Clodsire|Curse|p1a: Clodsire\n|-unboost|p1a: Clodsire|spe|1\n|-boost|p1a: Clodsire|atk|1\n|-boost|p1a: Clodsire|def|1\n|\n|upkeep\n|turn|24\n|\n|t:|1700431264\n|move|p2a: Rosa|Giga Drain|p1a: Clodsire\n|-damage|p1a: Clodsire|79\/100\n|move|p1a: Clodsire|Curse|p1a: Clodsire\n|-unboost|p1a: Clodsire|spe|1\n|-boost|p1a: Clodsire|atk|1\n|-boost|p1a: Clodsire|def|1\n|\n|-heal|p1a: Clodsire|85\/100|[from] item: Black Sludge\n|-fieldend|move: Psychic Terrain\n|upkeep\n|turn|25\n|\n|t:|1700431272\n|switch|p2a: Smaug|Salamence, M|100\/100\n|-damage|p2a: Smaug|76\/100|[from] Stealth Rock\n|move|p1a: Clodsire|Curse|p1a: Clodsire\n|-unboost|p1a: Clodsire|spe|1\n|-boost|p1a: Clodsire|atk|1\n|-boost|p1a: Clodsire|def|1\n|\n|-heal|p1a: Clodsire|92\/100|[from] item: Black Sludge\n|upkeep\n|turn|26\n|\n|t:|1700431281\n|move|p2a: Smaug|Substitute|p2a: Smaug\n|-start|p2a: Smaug|Substitute\n|-damage|p2a: Smaug|51\/100\n|move|p1a: Clodsire|Liquidation|p2a: Smaug\n|-resisted|p2a: Smaug\n|-end|p2a: Smaug|Substitute\n|\n|-heal|p1a: Clodsire|98\/100|[from] item: Black Sludge\n|upkeep\n|turn|27\n|\n|t:|1700431293\n|-zpower|p2a: Smaug\n|move|p2a: Smaug|Devastating Drake|p1a: Clodsire|[zeffect]\n|-damage|p1a: Clodsire|67\/100\n|move|p1a: Clodsire|Liquidation|p2a: Smaug\n|-resisted|p2a: Smaug\n|-damage|p2a: Smaug|16\/100\n|\n|-heal|p1a: Clodsire|73\/100|[from] item: Black Sludge\n|upkeep\n|turn|28\n|\n|t:|1700431303\n|move|p2a: Smaug|Earthquake|p1a: Clodsire\n|-supereffective|p1a: Clodsire\n|-damage|p1a: Clodsire|51\/100\n|move|p1a: Clodsire|Recover|p1a: Clodsire\n|-heal|p1a: Clodsire|100\/100\n|\n|upkeep\n|turn|29\n|\n|t:|1700431309\n|move|p2a: Smaug|Earthquake|p1a: Clodsire\n|-supereffective|p1a: Clodsire\n|-damage|p1a: Clodsire|79\/100\n|move|p1a: Clodsire|Liquidation|p2a: Smaug\n|-resisted|p2a: Smaug\n|-damage|p2a: Smaug|0 fnt\n|faint|p2a: Smaug\n|\n|-heal|p1a: Clodsire|85\/100|[from] item: Black Sludge\n|upkeep\n|\n|t:|1700431317\n|switch|p2a: Yuna|Tapu Lele|88\/100\n|-damage|p2a: Yuna|76\/100|[from] Stealth Rock\n|-fieldstart|move: Psychic Terrain|[from] ability: Psychic Surge|[of] p2a: Yuna\n|turn|30\n|\n|t:|1700431325\n|move|p2a: Yuna|Psyshock|p1a: Clodsire\n|-supereffective|p1a: Clodsire\n|-damage|p1a: Clodsire|53\/100\n|move|p1a: Clodsire|Earthquake|p2a: Yuna\n|-damage|p2a: Yuna|0 fnt\n|faint|p2a: Yuna\n|\n|-heal|p1a: Clodsire|59\/100|[from] item: Black Sludge\n|upkeep\n|\n|t:|1700431333\n|switch|p2a: Nightmare|Gengar, M, shiny|88\/100\n|-damage|p2a: Nightmare|76\/100|[from] Stealth Rock\n|turn|31\n|\n|t:|1700431337\n|move|p2a: Nightmare|Psychic|p1a: Clodsire\n|-supereffective|p1a: Clodsire\n|-damage|p1a: Clodsire|10\/100\n|move|p1a: Clodsire|Recover|p1a: Clodsire\n|-heal|p1a: Clodsire|60\/100\n|\n|-heal|p1a: Clodsire|66\/100|[from] item: Black Sludge\n|upkeep\n|turn|32\n|\n|t:|1700431345\n|move|p2a: Nightmare|Psychic|p1a: Clodsire\n|-supereffective|p1a: Clodsire\n|-damage|p1a: Clodsire|22\/100\n|-unboost|p1a: Clodsire|spd|1\n|move|p1a: Clodsire|Earthquake|p2a: Nightmare\n|-supereffective|p2a: Nightmare\n|-damage|p2a: Nightmare|0 fnt\n|faint|p2a: Nightmare\n|\n|-heal|p1a: Clodsire|28\/100|[from] item: Black Sludge\n|upkeep\n|\n|t:|1700431354\n|switch|p2a: Rosa|Roserade, F|100\/100 par\n|-damage|p2a: Rosa|88\/100 par|[from] Stealth Rock\n|turn|33\n|\n|t:|1700431365\n|move|p2a: Rosa|Giga Drain|p1a: Clodsire\n|-damage|p1a: Clodsire|0 fnt\n|-heal|p2a: Rosa|100\/100 par|[from] drain|[of] p1a: Clodsire\n|faint|p1a: Clodsire\n|\n|upkeep\n|\n|t:|1700431371\n|switch|p1a: Grimmsnarl|Grimmsnarl, M, shiny|25\/100\n|-damage|p1a: Grimmsnarl|13\/100|[from] Stealth Rock\n|turn|34\n|\n|t:|1700431376\n|move|p1a: Grimmsnarl|Spirit Break|p2a: Rosa\n|-resisted|p2a: Rosa\n|-damage|p2a: Rosa|72\/100 par\n|-unboost|p2a: Rosa|spa|1\n|move|p2a: Rosa|Giga Drain|p1a: Grimmsnarl\n|-damage|p1a: Grimmsnarl|0 fnt\n|-heal|p2a: Rosa|81\/100 par|[from] drain|[of] p1a: Grimmsnarl\n|faint|p1a: Grimmsnarl\n|\n|upkeep\n|\n|t:|1700431385\n|switch|p1a: Beedrill|Beedrill, M, shiny|100\/100\n|-damage|p1a: Beedrill|76\/100|[from] Stealth Rock\n|turn|35\n|\n|t:|1700431390\n|detailschange|p1a: Beedrill|Beedrill-Mega, M, shiny\n|-mega|p1a: Beedrill|Beedrill|Beedrillite\n|move|p1a: Beedrill|U-turn|p2a: Rosa\n|-damage|p2a: Rosa|0 fnt\n|faint|p2a: Rosa\n|\n|win|6DFirapaka\n|raw|6DFirapaka's rating: 1327 &rarr; <strong>1351<\/strong><br \/>(+24 for winning)\n|raw|hank7766's rating: 1399 &rarr; <strong>1375<\/strong><br \/>(-24 for losing)\n|c|\u26066DFirapaka|deserved\n|c|\u26066DFirapaka|ggs\n|c|\u2606hank7766|cornball\n|l|\u2606hank7766\n","uploadtime":1700431505,"views":10,"p1id":"6dfirapaka","p2id":"hank7766","formatid":"gen9nationaldex","rating":1351,"private":0,"password":""}