{"id":"gen9nationaldex-1997155250","p1":"Fixxxer_2","p2":"Reivya","format":"[Gen 9] National Dex","log":"|html|<div class=\"broadcast-blue\"><strong>[Gen 9] National Dex is currently suspecting Sneasler! For information on how to participate check out the <a href=\"https:\/\/www.smogon.com\/forums\/threads\/sv-national-dex-suspect-8-just-dance.3731534\/\">suspect thread<\/a>.<\/strong><\/div>\n|j|\u2606Fixxxer_2\n|j|\u2606Reivya\n|t:|1700770124\n|gametype|singles\n|player|p1|Fixxxer_2|winona|1066\n|player|p2|Reivya|jupiter|1078\n|teamsize|p1|6\n|teamsize|p2|6\n|gen|9\n|tier|[Gen 9] National Dex\n|rated|\n|rule|HP Percentage Mod: HP is shown in percentages\n|rule|Endless Battle Clause: Forcing endless battles is banned\n|rule|OHKO Clause: OHKO moves are banned\n|rule|Evasion Clause: Evasion abilities, items, and moves are banned\n|rule|Evasion Abilities Clause: Evasion abilities are banned\n|rule|Evasion Items Clause: Evasion items are banned\n|rule|Evasion Moves Clause: Evasion moves are banned\n|rule|Species Clause: Limit one of each Pok\u00e9mon\n|rule|Sleep Clause Mod: Limit one foe put to sleep\n|clearpoke\n|poke|p1|Swampert, F|\n|poke|p1|Blissey, F|\n|poke|p1|Skarmory, F|\n|poke|p1|Tyranitar, F|\n|poke|p1|Breloom, M|\n|poke|p1|Blaziken, F|\n|poke|p2|Ribombee, F|\n|poke|p2|Skarmory, M|\n|poke|p2|Gardevoir, F|\n|poke|p2|Drapion, M|\n|poke|p2|Starmie|\n|poke|p2|Gigalith, F|\n|teampreview\n|c|\u2606Reivya|glhf\n|\n|t:|1700770132\n|start\n|switch|p1a: Sanji|Skarmory, F|100\/100\n|switch|p2a: skrrrrra!|Starmie|100\/100\n|turn|1\n|\n|t:|1700770141\n|move|p2a: skrrrrra!|Magic Coat|p2a: skrrrrra!\n|-singleturn|p2a: skrrrrra!|move: Magic Coat\n|move|p1a: Sanji|Spikes|p2a: skrrrrra!\n|move|p2a: skrrrrra!|Spikes|p1a: Sanji|[from]Magic Coat\n|-sidestart|p1: Fixxxer_2|Spikes\n|\n|upkeep\n|turn|2\n|\n|t:|1700770147\n|move|p2a: skrrrrra!|Magic Coat|p2a: skrrrrra!\n|-singleturn|p2a: skrrrrra!|move: Magic Coat\n|move|p1a: Sanji|Toxic|p2a: skrrrrra!\n|move|p2a: skrrrrra!|Toxic|p1a: Sanji|[from]Magic Coat\n|-immune|p1a: Sanji\n|\n|upkeep\n|turn|3\n|\n|t:|1700770153\n|move|p2a: skrrrrra!|Magic Coat|p2a: skrrrrra!\n|-singleturn|p2a: skrrrrra!|move: Magic Coat\n|move|p1a: Sanji|Whirlwind|p2a: skrrrrra!\n|move|p2a: skrrrrra!|Whirlwind|p1a: Sanji|[from]Magic Coat\n|drag|p1a: Nami|Swampert, F|100\/100\n|-damage|p1a: Nami|88\/100|[from] Spikes\n|\n|upkeep\n|turn|4\n|c|\u2606Fixxxer_2|WAIT WHAT!?\n|c|\u2606Reivya|:)\n|\n|t:|1700770178\n|switch|p2a: skra|Skarmory, M|100\/100\n|detailschange|p1a: Nami|Swampert-Mega, F\n|-mega|p1a: Nami|Swampert|Swampertite\n|move|p1a: Nami|Waterfall|p2a: skra\n|-damage|p2a: skra|65\/100\n|\n|-heal|p2a: skra|71\/100|[from] item: Leftovers\n|upkeep\n|turn|5\n|c|\u2606Reivya|i love magic coat\n|\n|t:|1700770192\n|move|p1a: Nami|Flip Turn|p2a: skra\n|-damage|p2a: skra|44\/100\n|\n|t:|1700770195\n|switch|p1a: Monkey D. Luffy|Blaziken, F|100\/100|[from] Flip Turn\n|-damage|p1a: Monkey D. Luffy|88\/100|[from] Spikes\n|move|p2a: skra|Whirlwind|p1a: Monkey D. Luffy\n|drag|p1a: Sanji|Skarmory, F|100\/100\n|\n|-heal|p2a: skra|50\/100|[from] item: Leftovers\n|upkeep\n|turn|6\n|\n|t:|1700770204\n|move|p1a: Sanji|Spikes|p2a: skra\n|-sidestart|p2: Reivya|Spikes\n|move|p2a: skra|Stealth Rock|p1a: Sanji\n|-sidestart|p1: Fixxxer_2|move: Stealth Rock\n|\n|-heal|p2a: skra|56\/100|[from] item: Leftovers\n|upkeep\n|turn|7\n|\n|t:|1700770210\n|move|p1a: Sanji|Spikes|p2a: skra\n|-sidestart|p2: Reivya|Spikes\n|move|p2a: skra|Spikes|p1a: Sanji\n|-sidestart|p1: Fixxxer_2|Spikes\n|\n|-heal|p2a: skra|62\/100|[from] item: Leftovers\n|upkeep\n|turn|8\n|\n|t:|1700770216\n|move|p2a: skra|Spikes|p1a: Sanji\n|-sidestart|p1: Fixxxer_2|Spikes\n|move|p1a: Sanji|Whirlwind|p2a: skra\n|drag|p2a: ayy lmao|Gardevoir, F|100\/100\n|-damage|p2a: ayy lmao|84\/100|[from] Spikes\n|\n|upkeep\n|turn|9\n|\n|t:|1700770227\n|move|p2a: ayy lmao|Thunderbolt|p1a: Sanji\n|-supereffective|p1a: Sanji\n|-damage|p1a: Sanji|10\/100\n|move|p1a: Sanji|Spikes|p2a: ayy lmao\n|-sidestart|p2: Reivya|Spikes\n|\n|-heal|p1a: Sanji|16\/100|[from] item: Leftovers\n|upkeep\n|turn|10\n|c|\u2606Fixxxer_2|IM NEW\n|c|\u2606Fixxxer_2|WHY DOES GAREVOIR HAV TBOLT!?\n|c|\u2606Reivya|she's always had thunderbolt\n|\n|t:|1700770261\n|move|p2a: ayy lmao|Draining Kiss|p1a: Sanji\n|-resisted|p1a: Sanji\n|-damage|p1a: Sanji|0 fnt\n|-heal|p2a: ayy lmao|98\/100|[from] drain|[of] p1a: Sanji\n|faint|p1a: Sanji\n|\n|upkeep\n|c|\u2606Reivya|you just don't see it often\n|\n|t:|1700770268\n|switch|p1a: Sogeking|Breloom, M|100\/100\n|-damage|p1a: Sogeking|76\/100|[from] Spikes\n|-damage|p1a: Sogeking|69\/100|[from] Stealth Rock\n|turn|11\n|\n|t:|1700770280\n|move|p1a: Sogeking|Spore|p2a: ayy lmao\n|-status|p2a: ayy lmao|slp|[from] move: Spore\n|cant|p2a: ayy lmao|slp\n|\n|upkeep\n|turn|12\n|\n|t:|1700770291\n|switch|p1a: Zoro|Tyranitar, F|100\/100\n|-damage|p1a: Zoro|76\/100|[from] Spikes\n|-damage|p1a: Zoro|63\/100|[from] Stealth Rock\n|-weather|Sandstorm|[from] ability: Sand Stream|[of] p1a: Zoro\n|switch|p2a: skrrrrra!|Starmie|100\/100\n|\n|-weather|Sandstorm|[upkeep]\n|-damage|p2a: skrrrrra!|94\/100|[from] Sandstorm\n|upkeep\n|turn|13\n|c|\u2606Fixxxer_2|WHY IS STARMIE IMMUNE TO SPIKES\n|\n|t:|1700770316\n|move|p2a: skrrrrra!|Rapid Spin|p1a: Zoro\n|-resisted|p1a: Zoro\n|-damage|p1a: Zoro|60\/100\n|-boost|p2a: skrrrrra!|spe|1\n|-sideend|p2: Reivya|Spikes|[from] move: Rapid Spin|[of] p2a: skrrrrra!\n|move|p1a: Zoro|Dragon Dance|p1a: Zoro\n|-boost|p1a: Zoro|atk|1\n|-boost|p1a: Zoro|spe|1\n|\n|-weather|Sandstorm|[upkeep]\n|-damage|p2a: skrrrrra!|88\/100|[from] Sandstorm\n|upkeep\n|turn|14\n|c|\u2606Reivya|held item\n|c|\u2606Fixxxer_2|oml I have no idea how to play this game\n|\n|t:|1700770342\n|move|p2a: skrrrrra!|Surf|p1a: Zoro\n|-supereffective|p1a: Zoro\n|-damage|p1a: Zoro|9\/100\n|move|p1a: Zoro|Thunder Punch|p2a: skrrrrra!\n|-supereffective|p2a: skrrrrra!\n|-damage|p2a: skrrrrra!|0 fnt\n|faint|p2a: skrrrrra!\n|\n|-weather|Sandstorm|[upkeep]\n|upkeep\n|c|\u2606Reivya|heavy duty boots make the holder immune to entry hazards\n|\n|t:|1700770357\n|switch|p2a: subarashii|Gigalith, F|100\/100\n|turn|15\n|\n|t:|1700770364\n|move|p1a: Zoro|Earthquake|p2a: subarashii\n|-supereffective|p2a: subarashii\n|-damage|p2a: subarashii|32\/100\n|move|p2a: subarashii|Stone Edge|p1a: Zoro\n|-damage|p1a: Zoro|0 fnt\n|faint|p1a: Zoro\n|\n|-weather|Sandstorm|[upkeep]\n|upkeep\n|\n|t:|1700770376\n|switch|p1a: Nami|Swampert-Mega, F|88\/100\n|-damage|p1a: Nami|63\/100|[from] Spikes\n|-damage|p1a: Nami|57\/100|[from] Stealth Rock\n|turn|16\n|\n|t:|1700770382\n|move|p2a: subarashii|Endure|p2a: subarashii\n|-singleturn|p2a: subarashii|move: Endure\n|move|p1a: Nami|Flip Turn|p2a: subarashii\n|-supereffective|p2a: subarashii\n|-activate|p2a: subarashii|move: Endure\n|-damage|p2a: subarashii|1\/100\n|\n|t:|1700770393\n|switch|p1a: Sogeking|Breloom, M|69\/100|[from] Flip Turn\n|-damage|p1a: Sogeking|45\/100|[from] Spikes\n|-damage|p1a: Sogeking|38\/100|[from] Stealth Rock\n|\n|-weather|none\n|upkeep\n|turn|17\n|c|\u2606Fixxxer_2|endure!?\n|-enditem|p2a: subarashii|Custap Berry|[eat]\n|-activate|p2a: subarashii|item: Custap Berry|[consumed]\n|\n|t:|1700770405\n|move|p2a: subarashii|Explosion|p1a: Sogeking\n|-damage|p1a: Sogeking|0 fnt\n|faint|p2a: subarashii\n|faint|p1a: Sogeking\n|\n|upkeep\n|c|\u2606Reivya|subarashii!\n|c|\u2606Fixxxer_2|NO!\n|c|\u2606Fixxxer_2|WHY!\n|\n|t:|1700770424\n|switch|p1a: Monkey D. Luffy|Blaziken, F|88\/100\n|switch|p2a: mr. hugs|Drapion, M|100\/100\n|-damage|p1a: Monkey D. Luffy|63\/100|[from] Spikes\n|-damage|p1a: Monkey D. Luffy|51\/100|[from] Stealth Rock\n|turn|18\n|c|\u2606Reivya|I love explosions\n|c|\u2606Reivya|That's why\n|\n|t:|1700770435\n|move|p1a: Monkey D. Luffy|Protect|p1a: Monkey D. Luffy\n|-singleturn|p1a: Monkey D. Luffy|Protect\n|move|p2a: mr. hugs|Roar|p1a: Monkey D. Luffy\n|drag|p1a: Blissey|Blissey, F|100\/100\n|-damage|p1a: Blissey|76\/100|[from] Spikes\n|-damage|p1a: Blissey|63\/100|[from] Stealth Rock\n|\n|-heal|p1a: Blissey|69\/100|[from] item: Leftovers\n|upkeep\n|turn|19\n|c|\u2606Fixxxer_2|oml ROAR TOO!?\n|\n|t:|1700770454\n|move|p2a: mr. hugs|Toxic Spikes|p1a: Blissey\n|-sidestart|p1: Fixxxer_2|move: Toxic Spikes\n|move|p1a: Blissey|Ice Beam|p2a: mr. hugs\n|-damage|p2a: mr. hugs|78\/100\n|\n|-heal|p2a: mr. hugs|84\/100|[from] item: Leftovers\n|-heal|p1a: Blissey|75\/100|[from] item: Leftovers\n|upkeep\n|turn|20\n|c|\u2606Reivya|this is a very silly build I apologize for what's about to happen\n|\n|t:|1700770469\n|move|p2a: mr. hugs|Toxic Spikes|p1a: Blissey\n|-sidestart|p1: Fixxxer_2|move: Toxic Spikes\n|move|p1a: Blissey|Wish|p1a: Blissey\n|\n|-heal|p2a: mr. hugs|90\/100|[from] item: Leftovers\n|-heal|p1a: Blissey|82\/100|[from] item: Leftovers\n|upkeep\n|turn|21\n|\n|t:|1700770482\n|switch|p1a: Monkey D. Luffy|Blaziken, F|51\/100\n|-damage|p1a: Monkey D. Luffy|26\/100|[from] Spikes\n|-damage|p1a: Monkey D. Luffy|14\/100|[from] Stealth Rock\n|-status|p1a: Monkey D. Luffy|tox\n|move|p2a: mr. hugs|Roar|p1a: Monkey D. Luffy\n|drag|p1a: Blissey|Blissey, F|82\/100\n|-damage|p1a: Blissey|57\/100|[from] Spikes\n|-damage|p1a: Blissey|44\/100|[from] Stealth Rock\n|-status|p1a: Blissey|tox\n|\n|-heal|p1a: Blissey|94\/100 tox|[from] move: Wish|[wisher] Blissey\n|-heal|p2a: mr. hugs|96\/100|[from] item: Leftovers\n|-heal|p1a: Blissey|99\/100 tox|[from] item: Leftovers\n|-damage|p1a: Blissey|94\/100 tox|[from] psn\n|upkeep\n|turn|22\n|c|\u2606Fixxxer_2|oml\n|c|\u2606Reivya|roar op\n|c|\u2606Fixxxer_2|WHAT AM I EVEN SUPPOSED TO DO\n|\n|t:|1700770520\n|switch|p2a: it's hip|Ribombee, F|100\/100\n|move|p1a: Blissey|Wish|p1a: Blissey\n|\n|-heal|p1a: Blissey|99\/100 tox|[from] item: Leftovers\n|-damage|p1a: Blissey|88\/100 tox|[from] psn\n|upkeep\n|turn|23\n|c|\u2606Reivya|good question\n|\n|t:|1700770531\n|-curestatus|p1a: Blissey|tox|[from] ability: Natural Cure\n|switch|p1a: Nami|Swampert-Mega, F|57\/100\n|-damage|p1a: Nami|32\/100|[from] Spikes\n|-damage|p1a: Nami|26\/100|[from] Stealth Rock\n|-status|p1a: Nami|tox\n|move|p2a: it's hip|Switcheroo||[still]\n|-fail|p2a: it's hip\n|\n|-heal|p1a: Nami|100\/100 tox|[from] move: Wish|[wisher] Blissey\n|-damage|p1a: Nami|94\/100 tox|[from] psn\n|upkeep\n|turn|24\n|\n|t:|1700770548\n|switch|p2a: skra|Skarmory, M|62\/100\n|move|p1a: Nami|Waterfall|p2a: skra\n|-damage|p2a: skra|24\/100\n|\n|-heal|p2a: skra|30\/100|[from] item: Leftovers\n|-damage|p1a: Nami|82\/100 tox|[from] psn\n|upkeep\n|turn|25\n|\n|t:|1700770558\n|move|p1a: Nami|Waterfall|p2a: skra\n|-damage|p2a: skra|0 fnt\n|faint|p2a: skra\n|\n|-damage|p1a: Nami|63\/100 tox|[from] psn\n|upkeep\n|\n|t:|1700770567\n|switch|p2a: it's hip|Ribombee, F|100\/100\n|turn|26\n|\n|t:|1700770571\n|move|p2a: it's hip|Sticky Web|p1a: Nami\n|-sidestart|p1: Fixxxer_2|move: Sticky Web\n|move|p1a: Nami|Waterfall|p2a: it's hip\n|-damage|p2a: it's hip|2\/100\n|\n|-damage|p1a: Nami|39\/100 tox|[from] psn\n|upkeep\n|turn|27\n|c|\u2606Reivya|there\n|c|\u2606Reivya|now you have all hazards\n|c|\u2606Reivya|enjoy\n|\n|t:|1700770583\n|move|p2a: it's hip|Sticky Web||[still]\n|-fail|p2a: it's hip\n|move|p1a: Nami|Waterfall|p2a: it's hip\n|-damage|p2a: it's hip|0 fnt\n|faint|p2a: it's hip\n|\n|-damage|p1a: Nami|8\/100 tox|[from] psn\n|upkeep\n|c|\u2606Fixxxer_2|KILL HIM SWAMPERT\n|\n|t:|1700770593\n|switch|p2a: mr. hugs|Drapion, M|96\/100\n|turn|28\n|c|\u2606Fixxxer_2|ITS ALL YOU\n|\n|t:|1700770602\n|move|p1a: Nami|Waterfall|p2a: mr. hugs\n|-damage|p2a: mr. hugs|54\/100\n|move|p2a: mr. hugs|Roar|p1a: Nami\n|drag|p1a: Blissey|Blissey, F|88\/100\n|-damage|p1a: Blissey|63\/100|[from] Spikes\n|-damage|p1a: Blissey|51\/100|[from] Stealth Rock\n|-status|p1a: Blissey|tox\n|-activate|p1a: Blissey|move: Sticky Web\n|-unboost|p1a: Blissey|spe|1\n|\n|-heal|p2a: mr. hugs|60\/100|[from] item: Leftovers\n|-heal|p1a: Blissey|57\/100 tox|[from] item: Leftovers\n|-damage|p1a: Blissey|51\/100 tox|[from] psn\n|upkeep\n|turn|29\n|\n|t:|1700770619\n|move|p1a: Blissey|Soft-Boiled|p1a: Blissey\n|-heal|p1a: Blissey|100\/100 tox\n|move|p2a: mr. hugs|Roar|p1a: Blissey\n|-curestatus|p1a: Blissey|tox|[from] ability: Natural Cure\n|drag|p1a: Monkey D. Luffy|Blaziken, F|14\/100 tox\n|-damage|p1a: Monkey D. Luffy|0 fnt|[from] Spikes\n|-activate|p1a: Monkey D. Luffy|move: Sticky Web\n|faint|p1a: Monkey D. Luffy\n|\n|-heal|p2a: mr. hugs|66\/100|[from] item: Leftovers\n|upkeep\n|c|\u2606Fixxxer_2|nah man\n|c|\u2606Fixxxer_2|not my blaziken\n|\n|t:|1700770642\n|switch|p1a: Nami|Swampert-Mega, F|8\/100 tox\n|-damage|p1a: Nami|0 fnt|[from] Spikes\n|-activate|p1a: Nami|move: Sticky Web\n|faint|p1a: Nami\n|c|\u2606Reivya|he stepped in a minefield\n|\n|t:|1700770647\n|switch|p1a: Blissey|Blissey, F|100\/100\n|-damage|p1a: Blissey|76\/100|[from] Spikes\n|-damage|p1a: Blissey|63\/100|[from] Stealth Rock\n|-status|p1a: Blissey|tox\n|-activate|p1a: Blissey|move: Sticky Web\n|-unboost|p1a: Blissey|spe|1\n|turn|30\n|c|\u2606Reivya|gone, but not forgotten\n|\n|t:|1700770658\n|-terastallize|p2a: mr. hugs|Ground\n|move|p2a: mr. hugs|Earthquake|p1a: Blissey\n|-damage|p1a: Blissey|26\/100 tox\n|move|p1a: Blissey|Ice Beam|p2a: mr. hugs\n|-supereffective|p2a: mr. hugs\n|-damage|p2a: mr. hugs|25\/100\n|\n|-heal|p2a: mr. hugs|31\/100|[from] item: Leftovers\n|-heal|p1a: Blissey|32\/100 tox|[from] item: Leftovers\n|-damage|p1a: Blissey|26\/100 tox|[from] psn\n|upkeep\n|turn|31\n|\n|t:|1700770671\n|move|p2a: mr. hugs|Earthquake|p1a: Blissey\n|-damage|p1a: Blissey|0 fnt\n|faint|p1a: Blissey\n|\n|win|Reivya\n|raw|Fixxxer_2's rating: 1066 &rarr; <strong>1047<\/strong><br \/>(-19 for losing)\n|raw|Reivya's rating: 1078 &rarr; <strong>1105<\/strong><br \/>(+27 for winning)\n|c|\u2606Reivya|ggwp!\n|c|\u2606Fixxxer_2|ggs man\n|c|\u2606Fixxxer_2|i have much to learn\n|c|\u2606Reivya|I recommend taunt\/encore in the future to prevent setups\n|c|\u2606Reivya|And either rapid spin or defog to get rid of hazards\n|c|\u2606Fixxxer_2|im literally using a gen 3 ou team\n|c|\u2606Reivya|oh lmao I was wondering about that\n|c|\u2606Reivya|to be fair I'm new to gen 9 I've just been experimenting\n|c|\u2606Fixxxer_2|gen 3 except they have moves that arent gen 3\n|c|\u2606Fixxxer_2|well you beat my ass so...\n|c|\u2606Reivya|to be fair it's really hard to counter if you don't see it coming\n|c|\u2606Reivya|even with the right tools it can be tough\n|c|\u2606Fixxxer_2|tbh i dont know what i was supposed to do lmao\n|c|\u2606Reivya|at the same time, I'm using less than optimal pokemon, so... theoretically this could be worse\n|c|\u2606Reivya|rapid spin clears hazards on your side of the field, defog clears hazards on both sides\n|c|\u2606Fixxxer_2|llast game some dude used garganacle and swept me\n|c|\u2606Reivya|taunt makes it so pokemon can only use attacking moves for the next three turns, which is good against setup\/status mons\n|c|\u2606Reivya|encore makes them repeat the last action for three turns which is good for similar reasons\n|c|\u2606Reivya|also, heavy duty boots, very useful item\n|c|\u2606Fixxxer_2|yeah when you used taunt on my skarmory lmao\n|c|\u2606Reivya|oh i didn't have taunt i have magic coat\n|c|\u2606Reivya|it reflects status\/hazard moves\n|c|\u2606Fixxxer_2|oh yeah when i was trynna spike and toxic you?\n|c|\u2606Fixxxer_2|man you whooped my ass lmao\n|c|\u2606Reivya|it's also good, keep in mind that some pokemon have the ability magic bounce which does the same thing but passively (espeon and diancie often have this)\n|c|\u2606Reivya|it happens, it's the only way to learn\n|c|\u2606Fixxxer_2|believe it or not this team is actually not bad in gen 3 ou\n|c|\u2606Reivya|I believe you, but my first foray into competitive was gen vi, and I got my ass kicked a lot back then lmao\n|c|\u2606Reivya|wanna see some of my other teams? you might learn something new\n|c|\u2606Fixxxer_2|im down\n|c|\u2606Fixxxer_2|ive been getting my ass kicked (for the most part)\n","uploadtime":1700771089,"views":13,"p1id":"fixxxer2","p2id":"reivya","formatid":"gen9nationaldex","rating":1047,"private":0,"password":""}