{"id":"gen9nationaldex-1987609507","p1":"Techvast","p2":"Munchback","format":"[Gen 9] National Dex","log":"|j|\u2606Techvast\n|j|\u2606Munchback\n|t:|1699619140\n|gametype|singles\n|player|p1|Techvast|pilot|1212\n|player|p2|Munchback|veteran|1183\n|teamsize|p1|6\n|teamsize|p2|6\n|gen|9\n|tier|[Gen 9] National Dex\n|rated|\n|rule|HP Percentage Mod: HP is shown in percentages\n|rule|Endless Battle Clause: Forcing endless battles is banned\n|rule|OHKO Clause: OHKO moves are banned\n|rule|Evasion Clause: Evasion abilities, items, and moves are banned\n|rule|Evasion Abilities Clause: Evasion abilities are banned\n|rule|Evasion Items Clause: Evasion items are banned\n|rule|Evasion Moves Clause: Evasion moves are banned\n|rule|Species Clause: Limit one of each Pok\u00e9mon\n|rule|Sleep Clause Mod: Limit one foe put to sleep\n|clearpoke\n|poke|p1|Pelipper, F|\n|poke|p1|Swampert, M|\n|poke|p1|Ferrothorn, F|\n|poke|p1|Zapdos|\n|poke|p1|Arctovish|\n|poke|p1|Hatterene, F|\n|poke|p2|Arbok, F|\n|poke|p2|Landorus-Therian, M|\n|poke|p2|Gliscor, F|\n|poke|p2|Alomomola, M|\n|poke|p2|Toxapex, F|\n|poke|p2|Clodsire, F|\n|teampreview\n|\n|t:|1699619149\n|start\n|switch|p1a: Pelipper|Pelipper, F|100\/100\n|switch|p2a: Clodsire|Clodsire, F|100\/100\n|-weather|RainDance|[from] ability: Drizzle|[of] p1a: Pelipper\n|turn|1\n|\n|t:|1699619154\n|switch|p2a: Toxapex|Toxapex, F|100\/100\n|move|p1a: Pelipper|U-turn|p2a: Toxapex\n|-resisted|p2a: Toxapex\n|-damage|p2a: Toxapex|97\/100\n|\n|t:|1699619157\n|switch|p1a: Arctovish|Arctovish|100\/100|[from] U-turn\n|\n|-weather|RainDance|[upkeep]\n|upkeep\n|turn|2\n|\n|t:|1699619162\n|-terastallize|p1a: Arctovish|Water\n|move|p1a: Arctovish|Fishious Rend|p2a: Toxapex\n|-resisted|p2a: Toxapex\n|-damage|p2a: Toxapex|41\/100\n|move|p2a: Toxapex|Knock Off|p1a: Arctovish\n|-damage|p1a: Arctovish|84\/100\n|-enditem|p1a: Arctovish|Choice Scarf|[from] move: Knock Off|[of] p2a: Toxapex\n|\n|-weather|RainDance|[upkeep]\n|upkeep\n|turn|3\n|\n|t:|1699619181\n|switch|p2a: Landorus|Landorus-Therian, M|100\/100\n|-ability|p2a: Landorus|Intimidate|boost\n|-unboost|p1a: Arctovish|atk|1\n|move|p1a: Arctovish|Fishious Rend|p2a: Landorus\n|-supereffective|p2a: Landorus\n|-damage|p2a: Landorus|0 fnt\n|faint|p2a: Landorus\n|\n|-weather|RainDance|[upkeep]\n|upkeep\n|\n|t:|1699619187\n|switch|p2a: Arbok|Arbok, F|100\/100\n|-ability|p2a: Arbok|Intimidate|boost\n|-unboost|p1a: Arctovish|atk|1\n|turn|4\n|\n|t:|1699619197\n|switch|p1a: Ferrothorn|Ferrothorn, F|100\/100\n|move|p2a: Arbok|Toxic|p1a: Ferrothorn\n|-immune|p1a: Ferrothorn\n|\n|-weather|RainDance|[upkeep]\n|upkeep\n|turn|5\n|\n|t:|1699619205\n|move|p2a: Arbok|Substitute|p2a: Arbok\n|-start|p2a: Arbok|Substitute\n|-damage|p2a: Arbok|75\/100\n|move|p1a: Ferrothorn|Stealth Rock|p2a: Arbok\n|-sidestart|p2: Munchback|move: Stealth Rock\n|\n|-weather|RainDance|[upkeep]\n|-heal|p2a: Arbok|82\/100|[from] item: Black Sludge\n|upkeep\n|turn|6\n|\n|t:|1699619210\n|move|p2a: Arbok|Switcheroo|p1a: Ferrothorn\n|-activate|p2a: Arbok|move: Trick|[of] p1a: Ferrothorn\n|-item|p1a: Ferrothorn|Black Sludge|[from] move: Switcheroo\n|-item|p2a: Arbok|Leftovers|[from] move: Switcheroo\n|move|p1a: Ferrothorn|Power Whip|p2a: Arbok\n|-resisted|p2a: Arbok\n|-activate|p2a: Arbok|move: Substitute|[damage]\n|\n|-weather|RainDance|[upkeep]\n|-heal|p2a: Arbok|88\/100|[from] item: Leftovers\n|-damage|p1a: Ferrothorn|88\/100|[from] item: Black Sludge\n|upkeep\n|turn|7\n|\n|t:|1699619220\n|move|p2a: Arbok|Protect|p2a: Arbok\n|-singleturn|p2a: Arbok|Protect\n|move|p1a: Ferrothorn|Power Whip|p2a: Arbok\n|-activate|p2a: Arbok|move: Protect\n|\n|-weather|RainDance|[upkeep]\n|-heal|p2a: Arbok|94\/100|[from] item: Leftovers\n|-damage|p1a: Ferrothorn|75\/100|[from] item: Black Sludge\n|upkeep\n|turn|8\n|\n|t:|1699619231\n|move|p2a: Arbok|Substitute|p2a: Arbok\n|-fail|p2a: Arbok|move: Substitute\n|move|p1a: Ferrothorn|Power Whip|p2a: Arbok|[miss]\n|-miss|p1a: Ferrothorn|p2a: Arbok\n|\n|-weather|none\n|-heal|p2a: Arbok|99\/100|[from] item: Leftovers\n|-damage|p1a: Ferrothorn|63\/100|[from] item: Black Sludge\n|upkeep\n|turn|9\n|\n|t:|1699619240\n|switch|p1a: Pelipper|Pelipper, F|100\/100\n|-weather|RainDance|[from] ability: Drizzle|[of] p1a: Pelipper\n|move|p2a: Arbok|Protect||[still]\n|-fail|p2a: Arbok\n|\n|-weather|RainDance|[upkeep]\n|-heal|p2a: Arbok|100\/100|[from] item: Leftovers\n|upkeep\n|turn|10\n|\n|t:|1699619245\n|move|p2a: Arbok|Toxic|p1a: Pelipper\n|-status|p1a: Pelipper|tox\n|move|p1a: Pelipper|Scald|p2a: Arbok\n|-end|p2a: Arbok|Substitute\n|\n|-weather|RainDance|[upkeep]\n|-damage|p1a: Pelipper|94\/100 tox|[from] psn\n|upkeep\n|turn|11\n|\n|t:|1699619252\n|switch|p1a: Hatterene|Hatterene, F|100\/100\n|move|p2a: Arbok|Protect||[still]\n|-fail|p2a: Arbok\n|\n|-weather|RainDance|[upkeep]\n|upkeep\n|turn|12\n|\n|t:|1699619264\n|switch|p2a: Gliscor|Gliscor, F|100\/100\n|-damage|p2a: Gliscor|88\/100|[from] Stealth Rock\n|move|p1a: Hatterene|Aromatherapy|p1a: Hatterene\n|-activate|p1a: Hatterene|move: Aromatherapy\n|-curestatus|p1: Pelipper|tox|[msg]\n|\n|-weather|RainDance|[upkeep]\n|-status|p2a: Gliscor|tox|[from] item: Toxic Orb\n|upkeep\n|turn|13\n|\n|t:|1699619272\n|switch|p1a: Zapdos|Zapdos|100\/100\n|move|p2a: Gliscor|Earthquake|p1a: Zapdos\n|-immune|p1a: Zapdos\n|\n|-weather|RainDance|[upkeep]\n|-heal|p2a: Gliscor|100\/100 tox|[from] ability: Poison Heal\n|upkeep\n|turn|14\n|\n|t:|1699619277\n|move|p2a: Gliscor|Protect|p2a: Gliscor\n|-singleturn|p2a: Gliscor|Protect\n|move|p1a: Zapdos|Tailwind|p1a: Zapdos\n|-sidestart|p1: Techvast|move: Tailwind\n|\n|-weather|RainDance|[upkeep]\n|upkeep\n|turn|15\n|\n|t:|1699619281\n|move|p1a: Zapdos|Hidden Power|p2a: Gliscor\n|-supereffective|p2a: Gliscor\n|-damage|p2a: Gliscor|50\/100 tox\n|move|p2a: Gliscor|Defog|p1a: Zapdos\n|-unboost|p1a: Zapdos|evasion|1\n|-sideend|p2: Munchback|Stealth Rock|[from] move: Defog|[of] p2a: Gliscor\n|\n|-weather|RainDance|[upkeep]\n|-heal|p2a: Gliscor|62\/100 tox|[from] ability: Poison Heal\n|upkeep\n|turn|16\n|\n|t:|1699619289\n|move|p2a: Gliscor|Protect|p2a: Gliscor\n|-singleturn|p2a: Gliscor|Protect\n|move|p1a: Zapdos|Hidden Power|p2a: Gliscor\n|-activate|p2a: Gliscor|move: Protect\n|\n|-weather|none\n|-heal|p2a: Gliscor|75\/100 tox|[from] ability: Poison Heal\n|upkeep\n|turn|17\n|\n|t:|1699619296\n|move|p1a: Zapdos|Hidden Power|p2a: Gliscor\n|-supereffective|p2a: Gliscor\n|-damage|p2a: Gliscor|18\/100 tox\n|move|p2a: Gliscor|Toxic|p1a: Zapdos\n|-status|p1a: Zapdos|tox\n|\n|-damage|p1a: Zapdos|94\/100 tox|[from] psn\n|-heal|p2a: Gliscor|30\/100 tox|[from] ability: Poison Heal\n|-sideend|p1: Techvast|move: Tailwind\n|upkeep\n|turn|18\n|\n|t:|1699619301\n|move|p2a: Gliscor|Protect|p2a: Gliscor\n|-singleturn|p2a: Gliscor|Protect\n|move|p1a: Zapdos|Tailwind|p1a: Zapdos\n|-sidestart|p1: Techvast|move: Tailwind\n|\n|-heal|p1a: Zapdos|100\/100 tox|[from] item: Leftovers\n|-damage|p1a: Zapdos|88\/100 tox|[from] psn\n|-heal|p2a: Gliscor|43\/100 tox|[from] ability: Poison Heal\n|upkeep\n|turn|19\n|\n|t:|1699619307\n|switch|p2a: Toxapex|Toxapex, F|75\/100\n|move|p1a: Zapdos|Hidden Power|p2a: Toxapex\n|-resisted|p2a: Toxapex\n|-damage|p2a: Toxapex|70\/100\n|\n|-heal|p1a: Zapdos|94\/100 tox|[from] item: Leftovers\n|-damage|p1a: Zapdos|75\/100 tox|[from] psn\n|upkeep\n|turn|20\n|\n|t:|1699619317\n|switch|p1a: Hatterene|Hatterene, F|100\/100\n|move|p2a: Toxapex|Knock Off|p1a: Hatterene\n|-damage|p1a: Hatterene|88\/100\n|-enditem|p1a: Hatterene|Leftovers|[from] move: Knock Off|[of] p2a: Toxapex\n|\n|upkeep\n|turn|21\n|\n|t:|1699619323\n|move|p1a: Hatterene|Aromatherapy|p1a: Hatterene\n|-activate|p1a: Hatterene|move: Aromatherapy\n|-curestatus|p1: Zapdos|tox|[msg]\n|move|p2a: Toxapex|Sludge Bomb|p1a: Hatterene\n|-supereffective|p1a: Hatterene\n|-damage|p1a: Hatterene|30\/100\n|\n|-sideend|p1: Techvast|move: Tailwind\n|upkeep\n|turn|22\n|\n|t:|1699619330\n|move|p1a: Hatterene|Healing Wish|p1a: Hatterene\n|faint|p1a: Hatterene\n|move|p2a: Toxapex|Scald|p1: Hatterene|[notarget]\n|-fail|p2a: Toxapex\n|\n|upkeep\n|\n|t:|1699619337\n|switch|p1a: Ferrothorn|Ferrothorn, F|63\/100\n|-heal|p1a: Ferrothorn|100\/100|[from] move: Healing Wish\n|turn|23\n|\n|t:|1699619346\n|switch|p2a: Arbok|Arbok, F|100\/100\n|-ability|p2a: Arbok|Intimidate|boost\n|-unboost|p1a: Ferrothorn|atk|1\n|move|p1a: Ferrothorn|Stealth Rock|p2a: Arbok\n|-sidestart|p2: Munchback|move: Stealth Rock\n|\n|-damage|p1a: Ferrothorn|88\/100|[from] item: Black Sludge\n|upkeep\n|turn|24\n|inactive|Battle timer is ON: inactive players will automatically lose when time's up. (requested by Munchback)\n|\n|t:|1699619376\n|switch|p1a: Arctovish|Arctovish, tera:Water|84\/100\n|move|p2a: Arbok|Substitute|p2a: Arbok\n|-start|p2a: Arbok|Substitute\n|-damage|p2a: Arbok|75\/100\n|\n|-heal|p2a: Arbok|82\/100|[from] item: Leftovers\n|upkeep\n|turn|25\n|\n|t:|1699619381\n|move|p1a: Arctovish|Fishious Rend|p2a: Arbok\n|-end|p2a: Arbok|Substitute\n|move|p2a: Arbok|Toxic|p1a: Arctovish\n|-status|p1a: Arctovish|tox\n|\n|-heal|p2a: Arbok|88\/100|[from] item: Leftovers\n|-damage|p1a: Arctovish|78\/100 tox|[from] psn\n|upkeep\n|turn|26\n|\n|t:|1699619391\n|switch|p2a: Toxapex|Toxapex, F|100\/100\n|-damage|p2a: Toxapex|88\/100|[from] Stealth Rock\n|move|p1a: Arctovish|Fishious Rend|p2a: Toxapex\n|-resisted|p2a: Toxapex\n|-damage|p2a: Toxapex|52\/100\n|\n|-damage|p1a: Arctovish|66\/100 tox|[from] psn\n|upkeep\n|turn|27\n|\n|t:|1699619406\n|switch|p1a: Pelipper|Pelipper, F|94\/100\n|-weather|RainDance|[from] ability: Drizzle|[of] p1a: Pelipper\n|move|p2a: Toxapex|Scald|p1a: Pelipper\n|-resisted|p1a: Pelipper\n|-damage|p1a: Pelipper|73\/100\n|\n|-weather|RainDance|[upkeep]\n|upkeep\n|turn|28\n|\n|t:|1699619412\n|move|p1a: Pelipper|U-turn|p2a: Toxapex\n|-resisted|p2a: Toxapex\n|-damage|p2a: Toxapex|49\/100\n|\n|t:|1699619414\n|switch|p1a: Arctovish|Arctovish, tera:Water|66\/100 tox|[from] U-turn\n|move|p2a: Toxapex|Knock Off|p1a: Arctovish\n|-damage|p1a: Arctovish|54\/100 tox\n|\n|-weather|RainDance|[upkeep]\n|-damage|p1a: Arctovish|48\/100 tox|[from] psn\n|upkeep\n|turn|29\n|\n|t:|1699619424\n|move|p1a: Arctovish|Fishious Rend|p2a: Toxapex\n|-resisted|p2a: Toxapex\n|-damage|p2a: Toxapex|0 fnt\n|faint|p2a: Toxapex\n|\n|-weather|RainDance|[upkeep]\n|-damage|p1a: Arctovish|36\/100 tox|[from] psn\n|upkeep\n|\n|t:|1699619432\n|switch|p2a: Gliscor|Gliscor, F|43\/100 tox\n|-damage|p2a: Gliscor|30\/100 tox|[from] Stealth Rock\n|turn|30\n|\n|t:|1699619436\n|switch|p1a: Swampert|Swampert, M|100\/100\n|move|p2a: Gliscor|Protect||[still]\n|-fail|p2a: Gliscor\n|\n|-weather|RainDance|[upkeep]\n|-heal|p2a: Gliscor|43\/100 tox|[from] ability: Poison Heal\n|upkeep\n|turn|31\n|\n|t:|1699619443\n|detailschange|p1a: Swampert|Swampert-Mega, M\n|-mega|p1a: Swampert|Swampert|Swampertite\n|move|p1a: Swampert|Waterfall|p2a: Gliscor\n|-supereffective|p2a: Gliscor\n|-damage|p2a: Gliscor|0 fnt\n|faint|p2a: Gliscor\n|\n|-weather|RainDance|[upkeep]\n|upkeep\n|\n|t:|1699619449\n|switch|p2a: Alomomola|Alomomola, M|100\/100\n|-damage|p2a: Alomomola|88\/100|[from] Stealth Rock\n|turn|32\n|\n|t:|1699619465\n|move|p1a: Swampert|Earthquake|p2a: Alomomola\n|-damage|p2a: Alomomola|56\/100\n|move|p2a: Alomomola|Toxic|p1a: Swampert\n|-status|p1a: Swampert|tox\n|\n|-weather|RainDance|[upkeep]\n|-heal|p2a: Alomomola|62\/100|[from] item: Leftovers\n|-damage|p1a: Swampert|94\/100 tox|[from] psn\n|upkeep\n|turn|33\n|\n|t:|1699619471\n|switch|p1a: Pelipper|Pelipper, F|73\/100\n|move|p2a: Alomomola|Protect||[still]\n|-fail|p2a: Alomomola\n|\n|-weather|RainDance|[upkeep]\n|-heal|p2a: Alomomola|68\/100|[from] item: Leftovers\n|upkeep\n|turn|34\n|\n|t:|1699619473\n|move|p1a: Pelipper|Toxic|p2a: Alomomola\n|-status|p2a: Alomomola|tox\n|move|p2a: Alomomola|Toxic|p1a: Pelipper\n|-status|p1a: Pelipper|tox\n|\n|-weather|none\n|-heal|p2a: Alomomola|74\/100 tox|[from] item: Leftovers\n|-damage|p1a: Pelipper|66\/100 tox|[from] psn\n|-damage|p2a: Alomomola|68\/100 tox|[from] psn\n|upkeep\n|turn|35\n|\n|t:|1699619477\n|move|p1a: Pelipper|U-turn|p2a: Alomomola\n|-damage|p2a: Alomomola|63\/100 tox\n|\n|t:|1699619482\n|switch|p1a: Ferrothorn|Ferrothorn, F|88\/100|[from] U-turn\n|move|p2a: Alomomola|Flip Turn|p1a: Ferrothorn\n|-resisted|p1a: Ferrothorn\n|-damage|p1a: Ferrothorn|83\/100\n|-damage|p2a: Alomomola|51\/100 tox|[from] ability: Iron Barbs|[of] p1a: Ferrothorn\n|\n|t:|1699619485\n|switch|p2a: Arbok|Arbok, F|88\/100|[from] Flip Turn\n|-damage|p2a: Arbok|75\/100|[from] Stealth Rock\n|-ability|p2a: Arbok|Intimidate|boost\n|-unboost|p1a: Ferrothorn|atk|1\n|\n|-heal|p2a: Arbok|82\/100|[from] item: Leftovers\n|-damage|p1a: Ferrothorn|70\/100|[from] item: Black Sludge\n|upkeep\n|turn|36\n|\n|t:|1699619495\n|switch|p1a: Swampert|Swampert-Mega, M|94\/100 tox\n|move|p2a: Arbok|Substitute|p2a: Arbok\n|-start|p2a: Arbok|Substitute\n|-damage|p2a: Arbok|57\/100\n|\n|-heal|p2a: Arbok|63\/100|[from] item: Leftovers\n|-damage|p1a: Swampert|88\/100 tox|[from] psn\n|upkeep\n|turn|37\n|\n|t:|1699619500\n|move|p2a: Arbok|Protect|p2a: Arbok\n|-singleturn|p2a: Arbok|Protect\n|move|p1a: Swampert|Earthquake|p2a: Arbok\n|-activate|p2a: Arbok|move: Protect\n|\n|-heal|p2a: Arbok|69\/100|[from] item: Leftovers\n|-damage|p1a: Swampert|76\/100 tox|[from] psn\n|upkeep\n|turn|38\n|\n|t:|1699619512\n|move|p1a: Swampert|Earthquake|p2a: Arbok\n|-supereffective|p2a: Arbok\n|-end|p2a: Arbok|Substitute\n|move|p2a: Arbok|Substitute|p2a: Arbok\n|-start|p2a: Arbok|Substitute\n|-damage|p2a: Arbok|44\/100\n|\n|-heal|p2a: Arbok|50\/100|[from] item: Leftovers\n|-damage|p1a: Swampert|57\/100 tox|[from] psn\n|upkeep\n|turn|39\n|\n|t:|1699619520\n|switch|p1a: Pelipper|Pelipper, F|66\/100 tox\n|-weather|RainDance|[from] ability: Drizzle|[of] p1a: Pelipper\n|move|p2a: Arbok|Protect||[still]\n|-fail|p2a: Arbok\n|\n|-weather|RainDance|[upkeep]\n|-heal|p2a: Arbok|56\/100|[from] item: Leftovers\n|-damage|p1a: Pelipper|60\/100 tox|[from] psn\n|upkeep\n|turn|40\n|\n|t:|1699619533\n|switch|p1a: Swampert|Swampert-Mega, M|57\/100 tox\n|move|p2a: Arbok|Substitute|p2a: Arbok\n|-fail|p2a: Arbok|move: Substitute\n|\n|-weather|RainDance|[upkeep]\n|-heal|p2a: Arbok|63\/100|[from] item: Leftovers\n|-damage|p1a: Swampert|51\/100 tox|[from] psn\n|upkeep\n|turn|41\n|\n|t:|1699619536\n|move|p2a: Arbok|Protect|p2a: Arbok\n|-singleturn|p2a: Arbok|Protect\n|move|p1a: Swampert|Earthquake|p2a: Arbok\n|-activate|p2a: Arbok|move: Protect\n|\n|-weather|RainDance|[upkeep]\n|-heal|p2a: Arbok|69\/100|[from] item: Leftovers\n|-damage|p1a: Swampert|39\/100 tox|[from] psn\n|upkeep\n|turn|42\n|\n|t:|1699619544\n|move|p1a: Swampert|Earthquake|p2a: Arbok\n|-supereffective|p2a: Arbok\n|-end|p2a: Arbok|Substitute\n|move|p2a: Arbok|Substitute|p2a: Arbok\n|-start|p2a: Arbok|Substitute\n|-damage|p2a: Arbok|44\/100\n|\n|-weather|RainDance|[upkeep]\n|-heal|p2a: Arbok|50\/100|[from] item: Leftovers\n|-damage|p1a: Swampert|20\/100 tox|[from] psn\n|upkeep\n|turn|43\n|\n|t:|1699619553\n|switch|p1a: Ferrothorn|Ferrothorn, F|70\/100\n|move|p2a: Arbok|Protect||[still]\n|-fail|p2a: Arbok\n|\n|-weather|RainDance|[upkeep]\n|-heal|p2a: Arbok|56\/100|[from] item: Leftovers\n|-damage|p1a: Ferrothorn|58\/100|[from] item: Black Sludge\n|upkeep\n|turn|44\n|\n|t:|1699619570\n|move|p2a: Arbok|Toxic|p1a: Ferrothorn\n|-immune|p1a: Ferrothorn\n|move|p1a: Ferrothorn|Power Whip|p2a: Arbok\n|-resisted|p2a: Arbok\n|-activate|p2a: Arbok|move: Substitute|[damage]\n|\n|-weather|RainDance|[upkeep]\n|-heal|p2a: Arbok|62\/100|[from] item: Leftovers\n|-damage|p1a: Ferrothorn|45\/100|[from] item: Black Sludge\n|upkeep\n|turn|45\n|\n|t:|1699619596\n|switch|p1a: Swampert|Swampert-Mega, M|20\/100 tox\n|move|p2a: Arbok|Toxic|p1a: Swampert\n|-fail|p1a: Swampert|tox\n|\n|-weather|RainDance|[upkeep]\n|-heal|p2a: Arbok|68\/100|[from] item: Leftovers\n|-damage|p1a: Swampert|14\/100 tox|[from] psn\n|upkeep\n|turn|46\n|\n|t:|1699619606\n|move|p2a: Arbok|Protect|p2a: Arbok\n|-singleturn|p2a: Arbok|Protect\n|move|p1a: Swampert|Earthquake|p2a: Arbok\n|-activate|p2a: Arbok|move: Protect\n|\n|-weather|none\n|-heal|p2a: Arbok|75\/100|[from] item: Leftovers\n|-damage|p1a: Swampert|2\/100 tox|[from] psn\n|upkeep\n|turn|47\n|\n|t:|1699619614\n|move|p1a: Swampert|Earthquake|p2a: Arbok\n|-supereffective|p2a: Arbok\n|-end|p2a: Arbok|Substitute\n|move|p2a: Arbok|Toxic|p1a: Swampert\n|-fail|p1a: Swampert|tox\n|\n|-heal|p2a: Arbok|81\/100|[from] item: Leftovers\n|-damage|p1a: Swampert|0 fnt|[from] psn\n|faint|p1a: Swampert\n|upkeep\n|\n|t:|1699619629\n|switch|p1a: Arctovish|Arctovish, tera:Water|36\/100 tox\n|turn|48\n|\n|t:|1699619632\n|move|p2a: Arbok|Protect|p2a: Arbok\n|-singleturn|p2a: Arbok|Protect\n|move|p1a: Arctovish|Fishious Rend|p2a: Arbok\n|-activate|p2a: Arbok|move: Protect\n|\n|-heal|p2a: Arbok|87\/100|[from] item: Leftovers\n|-damage|p1a: Arctovish|29\/100 tox|[from] psn\n|upkeep\n|turn|49\n|\n|t:|1699619655\n|switch|p2a: Alomomola|Alomomola, M|84\/100 tox\n|-damage|p2a: Alomomola|72\/100 tox|[from] Stealth Rock\n|move|p1a: Arctovish|Fishious Rend|p2a: Alomomola\n|-resisted|p2a: Alomomola\n|-damage|p2a: Alomomola|49\/100 tox\n|\n|-heal|p2a: Alomomola|56\/100 tox|[from] item: Leftovers\n|-damage|p1a: Arctovish|17\/100 tox|[from] psn\n|-damage|p2a: Alomomola|49\/100 tox|[from] psn\n|upkeep\n|turn|50\n|\n|t:|1699619669\n|switch|p1a: Pelipper|Pelipper, F|60\/100 tox\n|-weather|RainDance|[from] ability: Drizzle|[of] p1a: Pelipper\n|move|p2a: Alomomola|Wish|p2a: Alomomola\n|\n|-weather|RainDance|[upkeep]\n|-heal|p2a: Alomomola|56\/100 tox|[from] item: Leftovers\n|-damage|p1a: Pelipper|54\/100 tox|[from] psn\n|-damage|p2a: Alomomola|43\/100 tox|[from] psn\n|upkeep\n|turn|51\n|\n|t:|1699619675\n|move|p2a: Alomomola|Protect|p2a: Alomomola\n|-singleturn|p2a: Alomomola|Protect\n|move|p1a: Pelipper|Scald|p2a: Alomomola\n|-activate|p2a: Alomomola|move: Protect\n|\n|-weather|RainDance|[upkeep]\n|-heal|p2a: Alomomola|93\/100 tox|[from] move: Wish|[wisher] Alomomola\n|-heal|p2a: Alomomola|99\/100 tox|[from] item: Leftovers\n|-damage|p1a: Pelipper|42\/100 tox|[from] psn\n|-damage|p2a: Alomomola|81\/100 tox|[from] psn\n|upkeep\n|turn|52\n|\n|t:|1699619682\n|move|p1a: Pelipper|Roost|p1a: Pelipper\n|-heal|p1a: Pelipper|92\/100 tox\n|-singleturn|p1a: Pelipper|move: Roost\n|move|p2a: Alomomola|Flip Turn|p1a: Pelipper\n|-resisted|p1a: Pelipper\n|-damage|p1a: Pelipper|83\/100 tox\n|\n|t:|1699619692\n|switch|p2a: Arbok|Arbok, F|87\/100|[from] Flip Turn\n|-damage|p2a: Arbok|75\/100|[from] Stealth Rock\n|-ability|p2a: Arbok|Intimidate|boost\n|-unboost|p1a: Pelipper|atk|1\n|\n|-weather|RainDance|[upkeep]\n|-heal|p2a: Arbok|81\/100|[from] item: Leftovers\n|-damage|p1a: Pelipper|64\/100 tox|[from] psn\n|upkeep\n|turn|53\n|\n|t:|1699619700\n|move|p2a: Arbok|Substitute|p2a: Arbok\n|-start|p2a: Arbok|Substitute\n|-damage|p2a: Arbok|56\/100\n|move|p1a: Pelipper|Scald|p2a: Arbok\n|-end|p2a: Arbok|Substitute\n|\n|-weather|RainDance|[upkeep]\n|-heal|p2a: Arbok|62\/100|[from] item: Leftovers\n|-damage|p1a: Pelipper|39\/100 tox|[from] psn\n|upkeep\n|turn|54\n|\n|t:|1699619708\n|switch|p1a: Arctovish|Arctovish, tera:Water|17\/100 tox\n|move|p2a: Arbok|Protect||[still]\n|-fail|p2a: Arbok\n|\n|-weather|RainDance|[upkeep]\n|-heal|p2a: Arbok|68\/100|[from] item: Leftovers\n|-damage|p1a: Arctovish|11\/100 tox|[from] psn\n|upkeep\n|turn|55\n|\n|t:|1699619721\n|switch|p1a: Zapdos|Zapdos|75\/100\n|switch|p2a: Alomomola|Alomomola, M|100\/100 tox\n|-damage|p2a: Alomomola|88\/100 tox|[from] Stealth Rock\n|\n|-weather|RainDance|[upkeep]\n|-heal|p1a: Zapdos|82\/100|[from] item: Leftovers\n|-heal|p2a: Alomomola|94\/100 tox|[from] item: Leftovers\n|-damage|p2a: Alomomola|88\/100 tox|[from] psn\n|upkeep\n|turn|56\n|\n|t:|1699619728\n|move|p2a: Alomomola|Protect|p2a: Alomomola\n|-singleturn|p2a: Alomomola|Protect\n|move|p1a: Zapdos|Thunder|p2a: Alomomola\n|-activate|p2a: Alomomola|move: Protect\n|\n|-weather|RainDance|[upkeep]\n|-heal|p1a: Zapdos|88\/100|[from] item: Leftovers\n|-heal|p2a: Alomomola|94\/100 tox|[from] item: Leftovers\n|-damage|p2a: Alomomola|82\/100 tox|[from] psn\n|upkeep\n|turn|57\n|\n|t:|1699619733\n|switch|p2a: Clodsire|Clodsire, F|100\/100\n|-damage|p2a: Clodsire|94\/100|[from] Stealth Rock\n|move|p1a: Zapdos|Thunder|p2a: Clodsire\n|-immune|p2a: Clodsire\n|\n|-weather|none\n|-heal|p1a: Zapdos|94\/100|[from] item: Leftovers\n|-heal|p2a: Clodsire|100\/100|[from] item: Leftovers\n|upkeep\n|turn|58\n|\n|t:|1699619737\n|switch|p1a: Pelipper|Pelipper, F|39\/100 tox\n|-weather|RainDance|[from] ability: Drizzle|[of] p1a: Pelipper\n|move|p2a: Clodsire|Poison Jab|p1a: Pelipper\n|-damage|p1a: Pelipper|21\/100 tox\n|\n|-weather|RainDance|[upkeep]\n|-damage|p1a: Pelipper|15\/100 tox|[from] psn\n|upkeep\n|turn|59\n|\n|t:|1699619741\n|move|p1a: Pelipper|Roost|p1a: Pelipper\n|-heal|p1a: Pelipper|65\/100 tox\n|-singleturn|p1a: Pelipper|move: Roost\n|move|p2a: Clodsire|Poison Jab|p1a: Pelipper\n|-damage|p1a: Pelipper|49\/100 tox\n|\n|-weather|RainDance|[upkeep]\n|-damage|p1a: Pelipper|37\/100 tox|[from] psn\n|upkeep\n|turn|60\n|\n|t:|1699619745\n|move|p1a: Pelipper|Roost|p1a: Pelipper\n|-heal|p1a: Pelipper|87\/100 tox\n|-singleturn|p1a: Pelipper|move: Roost\n|move|p2a: Clodsire|Poison Jab|p1a: Pelipper\n|-damage|p1a: Pelipper|71\/100 tox\n|\n|-weather|RainDance|[upkeep]\n|-damage|p1a: Pelipper|52\/100 tox|[from] psn\n|upkeep\n|turn|61\n|\n|t:|1699619751\n|switch|p1a: Ferrothorn|Ferrothorn, F|45\/100\n|switch|p2a: Alomomola|Alomomola, M|100\/100 tox\n|-damage|p2a: Alomomola|88\/100 tox|[from] Stealth Rock\n|\n|-weather|RainDance|[upkeep]\n|-heal|p2a: Alomomola|94\/100 tox|[from] item: Leftovers\n|-damage|p1a: Ferrothorn|33\/100|[from] item: Black Sludge\n|-damage|p2a: Alomomola|88\/100 tox|[from] psn\n|upkeep\n|turn|62\n|\n|t:|1699619758\n|move|p2a: Alomomola|Flip Turn|p1a: Ferrothorn\n|-resisted|p1a: Ferrothorn\n|-damage|p1a: Ferrothorn|25\/100\n|-damage|p2a: Alomomola|76\/100 tox|[from] ability: Iron Barbs|[of] p1a: Ferrothorn\n|\n|t:|1699619762\n|switch|p2a: Arbok|Arbok, F|68\/100|[from] Flip Turn\n|-damage|p2a: Arbok|56\/100|[from] Stealth Rock\n|-ability|p2a: Arbok|Intimidate|boost\n|-unboost|p1a: Ferrothorn|atk|1\n|move|p1a: Ferrothorn|Leech Seed|p2a: Arbok\n|-start|p2a: Arbok|move: Leech Seed\n|\n|-weather|RainDance|[upkeep]\n|-heal|p2a: Arbok|62\/100|[from] item: Leftovers\n|-damage|p1a: Ferrothorn|13\/100|[from] item: Black Sludge\n|-damage|p2a: Arbok|50\/100|[from] Leech Seed|[of] p1a: Ferrothorn\n|-heal|p1a: Ferrothorn|24\/100|[silent]\n|upkeep\n|turn|63\n|\n|t:|1699619774\n|switch|p2a: Clodsire|Clodsire, F|100\/100\n|-damage|p2a: Clodsire|94\/100|[from] Stealth Rock\n|switch|p1a: Arctovish|Arctovish, tera:Water|11\/100 tox\n|\n|-weather|RainDance|[upkeep]\n|-heal|p2a: Clodsire|100\/100|[from] item: Leftovers\n|-damage|p1a: Arctovish|5\/100 tox|[from] psn\n|upkeep\n|turn|64\n|\n|t:|1699619782\n|switch|p2a: Alomomola|Alomomola, M|100\/100 tox\n|-damage|p2a: Alomomola|88\/100 tox|[from] Stealth Rock\n|move|p1a: Arctovish|Fishious Rend|p2a: Alomomola\n|-resisted|p2a: Alomomola\n|-damage|p2a: Alomomola|48\/100 tox\n|\n|-weather|RainDance|[upkeep]\n|-heal|p2a: Alomomola|54\/100 tox|[from] item: Leftovers\n|-damage|p1a: Arctovish|0 fnt|[from] psn\n|faint|p1a: Arctovish\n|-damage|p2a: Alomomola|48\/100 tox|[from] psn\n|upkeep\n|\n|t:|1699619786\n|switch|p1a: Zapdos|Zapdos|94\/100\n|turn|65\n|\n|t:|1699619796\n|move|p2a: Alomomola|Protect|p2a: Alomomola\n|-singleturn|p2a: Alomomola|Protect\n|move|p1a: Zapdos|Thunder|p2a: Alomomola\n|-activate|p2a: Alomomola|move: Protect\n|\n|-weather|none\n|-heal|p1a: Zapdos|100\/100|[from] item: Leftovers\n|-heal|p2a: Alomomola|54\/100 tox|[from] item: Leftovers\n|-damage|p2a: Alomomola|42\/100 tox|[from] psn\n|upkeep\n|turn|66\n|\n|t:|1699619800\n|switch|p2a: Clodsire|Clodsire, F|100\/100\n|-damage|p2a: Clodsire|94\/100|[from] Stealth Rock\n|move|p1a: Zapdos|Thunder|p2a: Clodsire\n|-immune|p2a: Clodsire\n|\n|-heal|p2a: Clodsire|100\/100|[from] item: Leftovers\n|upkeep\n|turn|67\n|\n|t:|1699619803\n|switch|p1a: Pelipper|Pelipper, F|52\/100 tox\n|-weather|RainDance|[from] ability: Drizzle|[of] p1a: Pelipper\n|move|p2a: Clodsire|Poison Jab|p1a: Pelipper\n|-damage|p1a: Pelipper|35\/100 tox\n|\n|-weather|RainDance|[upkeep]\n|-damage|p1a: Pelipper|28\/100 tox|[from] psn\n|upkeep\n|turn|68\n|\n|t:|1699619810\n|switch|p2a: Alomomola|Alomomola, M|75\/100 tox\n|-damage|p2a: Alomomola|63\/100 tox|[from] Stealth Rock\n|move|p1a: Pelipper|Roost|p1a: Pelipper\n|-heal|p1a: Pelipper|79\/100 tox\n|-singleturn|p1a: Pelipper|move: Roost\n|\n|-weather|RainDance|[upkeep]\n|-heal|p2a: Alomomola|69\/100 tox|[from] item: Leftovers\n|-damage|p1a: Pelipper|66\/100 tox|[from] psn\n|-damage|p2a: Alomomola|63\/100 tox|[from] psn\n|upkeep\n|turn|69\n|\n|t:|1699619815\n|move|p1a: Pelipper|Roost|p1a: Pelipper\n|-heal|p1a: Pelipper|100\/100 tox\n|-singleturn|p1a: Pelipper|move: Roost\n|move|p2a: Alomomola|Wish|p2a: Alomomola\n|\n|-weather|RainDance|[upkeep]\n|-heal|p2a: Alomomola|69\/100 tox|[from] item: Leftovers\n|-damage|p1a: Pelipper|82\/100 tox|[from] psn\n|-damage|p2a: Alomomola|57\/100 tox|[from] psn\n|upkeep\n|turn|70\n|\n|t:|1699619825\n|switch|p1a: Zapdos|Zapdos|100\/100\n|move|p2a: Alomomola|Protect||[still]\n|-fail|p2a: Alomomola\n|\n|-weather|RainDance|[upkeep]\n|-heal|p2a: Alomomola|100\/100 tox|[from] move: Wish|[wisher] Alomomola\n|-damage|p2a: Alomomola|82\/100 tox|[from] psn\n|upkeep\n|turn|71\n|\n|t:|1699619828\n|switch|p2a: Clodsire|Clodsire, F|100\/100\n|-damage|p2a: Clodsire|94\/100|[from] Stealth Rock\n|move|p1a: Zapdos|Thunder|p2a: Clodsire\n|-immune|p2a: Clodsire\n|\n|-weather|RainDance|[upkeep]\n|-heal|p2a: Clodsire|100\/100|[from] item: Leftovers\n|upkeep\n|turn|72\n|\n|t:|1699619837\n|move|p1a: Zapdos|Hidden Power|p2a: Clodsire\n|-supereffective|p2a: Clodsire\n|-damage|p2a: Clodsire|81\/100\n|move|p2a: Clodsire|Poison Jab|p1a: Zapdos\n|-damage|p1a: Zapdos|84\/100\n|\n|-weather|RainDance|[upkeep]\n|-heal|p1a: Zapdos|90\/100|[from] item: Leftovers\n|-heal|p2a: Clodsire|87\/100|[from] item: Leftovers\n|upkeep\n|turn|73\n|\n|t:|1699619845\n|switch|p1a: Ferrothorn|Ferrothorn, F|24\/100\n|move|p2a: Clodsire|Poison Jab|p1a: Ferrothorn\n|-immune|p1a: Ferrothorn\n|\n|-weather|RainDance|[upkeep]\n|-heal|p2a: Clodsire|94\/100|[from] item: Leftovers\n|-damage|p1a: Ferrothorn|12\/100|[from] item: Black Sludge\n|upkeep\n|turn|74\n|\n|t:|1699619849\n|move|p2a: Clodsire|Earthquake|p1a: Ferrothorn\n|-damage|p1a: Ferrothorn|0 fnt\n|faint|p1a: Ferrothorn\n|\n|-weather|none\n|-heal|p2a: Clodsire|99\/100|[from] item: Leftovers\n|upkeep\n|\n|t:|1699619852\n|switch|p1a: Zapdos|Zapdos|90\/100\n|turn|75\n|\n|t:|1699619857\n|switch|p1a: Pelipper|Pelipper, F|82\/100 tox\n|-weather|RainDance|[from] ability: Drizzle|[of] p1a: Pelipper\n|move|p2a: Clodsire|Poison Jab|p1a: Pelipper\n|-damage|p1a: Pelipper|64\/100 tox\n|\n|-weather|RainDance|[upkeep]\n|-heal|p2a: Clodsire|100\/100|[from] item: Leftovers\n|-damage|p1a: Pelipper|58\/100 tox|[from] psn\n|upkeep\n|turn|76\n|\n|t:|1699619862\n|switch|p2a: Alomomola|Alomomola, M|100\/100 tox\n|-damage|p2a: Alomomola|88\/100 tox|[from] Stealth Rock\n|move|p1a: Pelipper|Scald|p2a: Alomomola\n|-resisted|p2a: Alomomola\n|-damage|p2a: Alomomola|66\/100 tox\n|\n|-weather|RainDance|[upkeep]\n|-heal|p2a: Alomomola|72\/100 tox|[from] item: Leftovers\n|-damage|p1a: Pelipper|45\/100 tox|[from] psn\n|-damage|p2a: Alomomola|66\/100 tox|[from] psn\n|upkeep\n|turn|77\n|\n|t:|1699619869\n|move|p1a: Pelipper|Scald|p2a: Alomomola\n|-resisted|p2a: Alomomola\n|-damage|p2a: Alomomola|44\/100 tox\n|move|p2a: Alomomola|Wish|p2a: Alomomola\n|\n|-weather|RainDance|[upkeep]\n|-heal|p2a: Alomomola|50\/100 tox|[from] item: Leftovers\n|-damage|p1a: Pelipper|27\/100 tox|[from] psn\n|-damage|p2a: Alomomola|38\/100 tox|[from] psn\n|upkeep\n|turn|78\n|\n|t:|1699619876\n|move|p2a: Alomomola|Protect|p2a: Alomomola\n|-singleturn|p2a: Alomomola|Protect\n|move|p1a: Pelipper|Roost|p1a: Pelipper\n|-heal|p1a: Pelipper|77\/100 tox\n|-singleturn|p1a: Pelipper|move: Roost\n|\n|-weather|RainDance|[upkeep]\n|-heal|p2a: Alomomola|88\/100 tox|[from] move: Wish|[wisher] Alomomola\n|-heal|p2a: Alomomola|94\/100 tox|[from] item: Leftovers\n|-damage|p1a: Pelipper|52\/100 tox|[from] psn\n|-damage|p2a: Alomomola|76\/100 tox|[from] psn\n|upkeep\n|turn|79\n|\n|t:|1699619884\n|switch|p1a: Zapdos|Zapdos|90\/100\n|move|p2a: Alomomola|Flip Turn|p1a: Zapdos\n|-damage|p1a: Zapdos|71\/100\n|\n|t:|1699619886\n|switch|p2a: Clodsire|Clodsire, F|100\/100|[from] Flip Turn\n|-damage|p2a: Clodsire|94\/100|[from] Stealth Rock\n|\n|-weather|RainDance|[upkeep]\n|-heal|p1a: Zapdos|77\/100|[from] item: Leftovers\n|-heal|p2a: Clodsire|100\/100|[from] item: Leftovers\n|upkeep\n|turn|80\n|\n|t:|1699619889\n|switch|p1a: Pelipper|Pelipper, F|52\/100 tox\n|move|p2a: Clodsire|Poison Jab|p1a: Pelipper\n|-damage|p1a: Pelipper|34\/100 tox\n|\n|-weather|RainDance|[upkeep]\n|-damage|p1a: Pelipper|28\/100 tox|[from] psn\n|upkeep\n|turn|81\n|\n|t:|1699619898\n|-terastallize|p2a: Clodsire|Water\n|move|p1a: Pelipper|Roost|p1a: Pelipper\n|-heal|p1a: Pelipper|78\/100 tox\n|-singleturn|p1a: Pelipper|move: Roost\n|move|p2a: Clodsire|Poison Jab|p1a: Pelipper\n|-damage|p1a: Pelipper|62\/100 tox\n|\n|-weather|RainDance|[upkeep]\n|-damage|p1a: Pelipper|50\/100 tox|[from] psn\n|upkeep\n|turn|82\n|\n|t:|1699619908\n|switch|p1a: Zapdos|Zapdos|77\/100\n|move|p2a: Clodsire|Poison Jab|p1a: Zapdos\n|-damage|p1a: Zapdos|60\/100\n|\n|-weather|none\n|-heal|p1a: Zapdos|66\/100|[from] item: Leftovers\n|upkeep\n|turn|83\n|\n|t:|1699619922\n|switch|p2a: Arbok|Arbok, F|50\/100\n|-damage|p2a: Arbok|37\/100|[from] Stealth Rock\n|-ability|p2a: Arbok|Intimidate|boost\n|-unboost|p1a: Zapdos|atk|1\n|move|p1a: Zapdos|Thunder|p2a: Arbok\n|-damage|p2a: Arbok|0 fnt\n|faint|p2a: Arbok\n|\n|-heal|p1a: Zapdos|73\/100|[from] item: Leftovers\n|upkeep\n|\n|t:|1699619928\n|switch|p2a: Clodsire|Clodsire, F, tera:Water|100\/100\n|-damage|p2a: Clodsire|88\/100|[from] Stealth Rock\n|turn|84\n|\n|t:|1699619934\n|switch|p1a: Pelipper|Pelipper, F|50\/100 tox\n|-weather|RainDance|[from] ability: Drizzle|[of] p1a: Pelipper\n|move|p2a: Clodsire|Poison Jab|p1a: Pelipper\n|-damage|p1a: Pelipper|32\/100 tox\n|\n|-weather|RainDance|[upkeep]\n|-heal|p2a: Clodsire|94\/100|[from] item: Leftovers\n|-damage|p1a: Pelipper|26\/100 tox|[from] psn\n|upkeep\n|turn|85\n|\n|t:|1699619938\n|switch|p2a: Alomomola|Alomomola, M|100\/100 tox\n|-damage|p2a: Alomomola|88\/100 tox|[from] Stealth Rock\n|move|p1a: Pelipper|U-turn|p2a: Alomomola\n|-damage|p2a: Alomomola|84\/100 tox\n|\n|t:|1699619941\n|switch|p1a: Zapdos|Zapdos|73\/100|[from] U-turn\n|\n|-weather|RainDance|[upkeep]\n|-heal|p1a: Zapdos|79\/100|[from] item: Leftovers\n|-heal|p2a: Alomomola|90\/100 tox|[from] item: Leftovers\n|-damage|p2a: Alomomola|84\/100 tox|[from] psn\n|upkeep\n|turn|86\n|\n|t:|1699619944\n|move|p2a: Alomomola|Protect|p2a: Alomomola\n|-singleturn|p2a: Alomomola|Protect\n|move|p1a: Zapdos|Thunder|p2a: Alomomola\n|-activate|p2a: Alomomola|move: Protect\n|\n|-weather|RainDance|[upkeep]\n|-heal|p1a: Zapdos|85\/100|[from] item: Leftovers\n|-heal|p2a: Alomomola|90\/100 tox|[from] item: Leftovers\n|-damage|p2a: Alomomola|77\/100 tox|[from] psn\n|upkeep\n|turn|87\n|\n|t:|1699619947\n|switch|p2a: Clodsire|Clodsire, F, tera:Water|94\/100\n|-damage|p2a: Clodsire|82\/100|[from] Stealth Rock\n|move|p1a: Zapdos|Thunder|p2a: Clodsire\n|-supereffective|p2a: Clodsire\n|-damage|p2a: Clodsire|31\/100\n|\n|-weather|RainDance|[upkeep]\n|-heal|p1a: Zapdos|91\/100|[from] item: Leftovers\n|-heal|p2a: Clodsire|37\/100|[from] item: Leftovers\n|upkeep\n|turn|88\n|\n|t:|1699619955\n|move|p1a: Zapdos|Thunder|p2a: Clodsire\n|-supereffective|p2a: Clodsire\n|-damage|p2a: Clodsire|0 fnt\n|faint|p2a: Clodsire\n|\n|-weather|RainDance|[upkeep]\n|-heal|p1a: Zapdos|98\/100|[from] item: Leftovers\n|upkeep\n|-message|Munchback forfeited.\n|\n|win|Techvast\n|raw|Techvast's rating: 1212 &rarr; <strong>1235<\/strong><br \/>(+23 for winning)\n|raw|Munchback's rating: 1183 &rarr; <strong>1160<\/strong><br \/>(-23 for losing)\n|l|\u2606Munchback\n|c|\u2606Techvast|YESS\n","uploadtime":1699619971,"views":9,"p1id":"techvast","p2id":"munchback","formatid":"gen9nationaldex","rating":1160,"private":0,"password":""}