{"id":"gen9nationaldex-1991943387","p1":"lololofe","p2":"DJRRRR","format":"[Gen 9] National Dex","log":"|j|\u2606lololofe\n|j|\u2606DJRRRR\n|t:|1700140967\n|gametype|singles\n|player|p1|lololofe|roxie|1244\n|player|p2|DJRRRR|265|1336\n|teamsize|p1|6\n|teamsize|p2|6\n|gen|9\n|tier|[Gen 9] National Dex\n|rated|\n|rule|HP Percentage Mod: HP is shown in percentages\n|rule|Endless Battle Clause: Forcing endless battles is banned\n|rule|OHKO Clause: OHKO moves are banned\n|rule|Evasion Clause: Evasion abilities, items, and moves are banned\n|rule|Evasion Abilities Clause: Evasion abilities are banned\n|rule|Evasion Items Clause: Evasion items are banned\n|rule|Evasion Moves Clause: Evasion moves are banned\n|rule|Species Clause: Limit one of each Pok\u00e9mon\n|rule|Sleep Clause Mod: Limit one foe put to sleep\n|clearpoke\n|poke|p1|Absol, M|\n|poke|p1|Alomomola, F|\n|poke|p1|Victini|\n|poke|p1|Tornadus-Therian, M|\n|poke|p1|Magnezone|\n|poke|p1|Iron Treads|\n|poke|p2|Banette, F|\n|poke|p2|Dragonite, M|\n|poke|p2|Tapu Koko|\n|poke|p2|Iron Valiant|\n|poke|p2|Rillaboom, M|\n|poke|p2|Greninja-*, M|\n|teampreview\n|j| European G1ovanni\n|\n|t:|1700140978\n|start\n|switch|p1a: Victini|Victini|100\/100\n|switch|p2a: Tapu Koko|Tapu Koko|100\/100\n|-fieldstart|move: Electric Terrain|[from] ability: Electric Surge|[of] p2a: Tapu Koko\n|turn|1\n|\n|t:|1700140992\n|switch|p2a: Banette|Banette, F|100\/100\n|move|p1a: Victini|Final Gambit|p2a: Banette\n|-immune|p2a: Banette\n|\n|upkeep\n|turn|2\n|inactive|Battle timer is ON: inactive players will automatically lose when time's up. (requested by DJRRRR)\n|\n|t:|1700141001\n|switch|p1a: Absol|Absol, M|100\/100\n|detailschange|p2a: Banette|Banette-Mega, F\n|-mega|p2a: Banette|Banette|Banettite\n|move|p2a: Banette|Poltergeist|p1a: Absol|[miss]\n|-miss|p2a: Banette|p1a: Absol\n|\n|upkeep\n|turn|3\n|\n|t:|1700141012\n|switch|p2a: Iron Valiant|Iron Valiant|100\/100\n|-activate|p2a: Iron Valiant|ability: Quark Drive\n|-start|p2a: Iron Valiant|quarkdrivespe\n|detailschange|p1a: Absol|Absol-Mega, M\n|-mega|p1a: Absol|Absol|Absolite\n|move|p1a: Absol|Swords Dance|p1a: Absol\n|-boost|p1a: Absol|atk|2\n|\n|upkeep\n|turn|4\n|inactive|lololofe has 120 seconds left.\n|\n|t:|1700141045\n|switch|p1a: Alomomola|Alomomola, F|100\/100\n|move|p2a: Iron Valiant|Close Combat|p1a: Alomomola\n|-damage|p1a: Alomomola|56\/100\n|-unboost|p2a: Iron Valiant|def|1\n|-unboost|p2a: Iron Valiant|spd|1\n|-damage|p2a: Iron Valiant|84\/100|[from] item: Rocky Helmet|[of] p1a: Alomomola\n|-damage|p2a: Iron Valiant|74\/100|[from] item: Life Orb\n|\n|upkeep\n|turn|5\n|inactive|lololofe has 120 seconds left.\n|\n|t:|1700141056\n|switch|p1a: Iron Treads|Iron Treads|100\/100\n|-activate|p1a: Iron Treads|ability: Quark Drive\n|-start|p1a: Iron Treads|quarkdrivedef\n|move|p2a: Iron Valiant|Swords Dance|p2a: Iron Valiant\n|-boost|p2a: Iron Valiant|atk|2\n|\n|-fieldend|move: Electric Terrain\n|-end|p2a: Iron Valiant|Quark Drive\n|-end|p1a: Iron Treads|Quark Drive\n|upkeep\n|-enditem|p1a: Iron Treads|Booster Energy\n|-activate|p1a: Iron Treads|ability: Quark Drive|[fromitem]\n|-start|p1a: Iron Treads|quarkdrivedef\n|turn|6\n|inactive|lololofe has 120 seconds left.\n|\n|t:|1700141071\n|move|p2a: Iron Valiant|Close Combat|p1a: Iron Treads\n|-supereffective|p1a: Iron Treads\n|-damage|p1a: Iron Treads|0 fnt\n|-unboost|p2a: Iron Valiant|def|1\n|-unboost|p2a: Iron Valiant|spd|1\n|faint|p1a: Iron Treads\n|-end|p1a: Iron Treads|Quark Drive|[silent]\n|-damage|p2a: Iron Valiant|65\/100|[from] item: Life Orb\n|\n|upkeep\n|\n|t:|1700141082\n|switch|p1a: Victini|Victini|100\/100\n|turn|7\n|\n|t:|1700141096\n|-end|p2a: Iron Valiant|Quark Drive|[silent]\n|switch|p2a: Greninja|Greninja, M|100\/100\n|move|p1a: Victini|U-turn|p2a: Greninja\n|-supereffective|p2a: Greninja\n|-damage|p2a: Greninja|31\/100\n|\n|t:|1700141107\n|switch|p1a: Magnezone|Magnezone|100\/100|[from] U-turn\n|\n|upkeep\n|turn|8\n|\n|t:|1700141125\n|move|p2a: Greninja|Protect|p2a: Greninja\n|-singleturn|p2a: Greninja|Protect\n|move|p1a: Magnezone|Volt Switch|p2a: Greninja\n|-activate|p2a: Greninja|move: Protect\n|\n|upkeep\n|turn|9\n|\n|t:|1700141129\n|switch|p2a: Rillaboom|Rillaboom, M|100\/100\n|-fieldstart|move: Grassy Terrain|[from] ability: Grassy Surge|[of] p2a: Rillaboom\n|move|p1a: Magnezone|Volt Switch|p2a: Rillaboom\n|-resisted|p2a: Rillaboom\n|-damage|p2a: Rillaboom|61\/100\n|\n|t:|1700141138\n|switch|p1a: Victini|Victini|100\/100|[from] Volt Switch\n|\n|-heal|p2a: Rillaboom|67\/100|[from] Grassy Terrain\n|upkeep\n|turn|10\n|\n|t:|1700141149\n|switch|p2a: Tapu Koko|Tapu Koko|100\/100\n|-fieldstart|move: Electric Terrain|[from] ability: Electric Surge|[of] p2a: Tapu Koko\n|move|p1a: Victini|U-turn|p2a: Tapu Koko\n|-resisted|p2a: Tapu Koko\n|-damage|p2a: Tapu Koko|87\/100\n|\n|t:|1700141162\n|switch|p1a: Magnezone|Magnezone|100\/100|[from] U-turn\n|\n|upkeep\n|turn|11\n|inactive|lololofe has 120 seconds left.\n|\n|t:|1700141188\n|-terastallize|p2a: Tapu Koko|Electric\n|move|p2a: Tapu Koko|Volt Switch|p1a: Magnezone\n|-resisted|p1a: Magnezone\n|-damage|p1a: Magnezone|58\/100\n|\n|t:|1700141198\n|switch|p2a: Rillaboom|Rillaboom, M|67\/100|[from] Volt Switch\n|-fieldstart|move: Grassy Terrain|[from] ability: Grassy Surge|[of] p2a: Rillaboom\n|move|p1a: Magnezone|Volt Switch|p2a: Rillaboom\n|-resisted|p2a: Rillaboom\n|-damage|p2a: Rillaboom|30\/100\n|inactive|lololofe has 120 seconds left.\n|\n|t:|1700141218\n|switch|p1a: Victini|Victini|100\/100|[from] Volt Switch\n|\n|-heal|p2a: Rillaboom|36\/100|[from] Grassy Terrain\n|upkeep\n|turn|12\n|\n|t:|1700141225\n|switch|p2a: Tapu Koko|Tapu Koko, tera:Electric|87\/100\n|-fieldstart|move: Electric Terrain|[from] ability: Electric Surge|[of] p2a: Tapu Koko\n|move|p1a: Victini|U-turn|p2a: Tapu Koko\n|-damage|p2a: Tapu Koko|60\/100\n|\n|t:|1700141240\n|switch|p1a: Magnezone|Magnezone|58\/100|[from] U-turn\n|\n|upkeep\n|turn|13\n|\n|t:|1700141247\n|move|p2a: Tapu Koko|Thunder|p1a: Magnezone\n|-resisted|p1a: Magnezone\n|-damage|p1a: Magnezone|0 fnt\n|faint|p1a: Magnezone\n|\n|upkeep\n|\n|t:|1700141256\n|switch|p1a: Victini|Victini|100\/100\n|turn|14\n|\n|t:|1700141277\n|switch|p2a: Greninja|Greninja, M|31\/100\n|move|p1a: Victini|V-create|p2a: Greninja\n|-resisted|p2a: Greninja\n|-damage|p2a: Greninja|0 fnt\n|-unboost|p1a: Victini|spe|1\n|-unboost|p1a: Victini|def|1\n|-unboost|p1a: Victini|spd|1\n|faint|p2a: Greninja\n|\n|upkeep\n|\n|t:|1700141290\n|switch|p2a: Tapu Koko|Tapu Koko, tera:Electric|60\/100\n|turn|15\n|\n|t:|1700141295\n|move|p2a: Tapu Koko|Volt Switch|p1a: Victini\n|-damage|p1a: Victini|0 fnt\n|faint|p1a: Victini\n|-message|lololofe forfeited.\n|\n|win|DJRRRR\n|raw|lololofe's rating: 1244 &rarr; <strong>1227<\/strong><br \/>(-17 for losing)\n|raw|DJRRRR's rating: 1361 &rarr; <strong>1375<\/strong><br \/>(+14 for winning)\n|l|\u2606lololofe\n|l| European G1ovanni\n","uploadtime":1700141302,"views":4,"p1id":"lololofe","p2id":"djrrrr","formatid":"gen9nationaldex","rating":1227,"private":0,"password":""}