{"id":"gen9nationaldex-1993055376","p1":"tprip15","p2":"JogadorCaro","format":"[Gen 9] National Dex","log":"|j|\u2606tprip15\n|j|\u2606JogadorCaro\n|t:|1700259787\n|gametype|singles\n|player|p1|tprip15|flint|1637\n|player|p2|JogadorCaro|tate|1804\n|teamsize|p1|6\n|teamsize|p2|6\n|gen|9\n|tier|[Gen 9] National Dex\n|rated|\n|rule|HP Percentage Mod: HP is shown in percentages\n|rule|Endless Battle Clause: Forcing endless battles is banned\n|rule|OHKO Clause: OHKO moves are banned\n|rule|Evasion Clause: Evasion abilities, items, and moves are banned\n|rule|Evasion Abilities Clause: Evasion abilities are banned\n|rule|Evasion Items Clause: Evasion items are banned\n|rule|Evasion Moves Clause: Evasion moves are banned\n|rule|Species Clause: Limit one of each Pok\u00e9mon\n|rule|Sleep Clause Mod: Limit one foe put to sleep\n|clearpoke\n|poke|p1|Jirachi|\n|poke|p1|Great Tusk|\n|poke|p1|Alomomola, F|\n|poke|p1|Tapu Lele|\n|poke|p1|Hydreigon, M|\n|poke|p1|Sneasler, M|\n|poke|p2|Garganacl, F|\n|poke|p2|Zamazenta-*|\n|poke|p2|Volcarona, M|\n|poke|p2|Hoopa-Unbound|\n|poke|p2|Dondozo, F|\n|poke|p2|Rotom-Wash|\n|teampreview\n|inactive|Battle timer is ON: inactive players will automatically lose when time's up. (requested by tprip15)\n|\n|t:|1700259796\n|start\n|switch|p1a: Tapu Lele|Tapu Lele|100\/100\n|switch|p2a: mulher|Rotom-Wash|100\/100\n|-fieldstart|move: Psychic Terrain|[from] ability: Psychic Surge|[of] p1a: Tapu Lele\n|turn|1\n|\n|t:|1700259801\n|move|p1a: Tapu Lele|Psychic|p2a: mulher\n|-damage|p2a: mulher|46\/100\n|move|p2a: mulher|Volt Switch|p1a: Tapu Lele\n|-damage|p1a: Tapu Lele|76\/100\n|\n|t:|1700259804\n|switch|p2a: Agito|Hoopa-Unbound|100\/100|[from] Volt Switch\n|\n|upkeep\n|turn|2\n|\n|t:|1700259815\n|switch|p1a: Hydreigon|Hydreigon, M|100\/100\n|move|p2a: Agito|Dark Pulse|p1a: Hydreigon\n|-resisted|p1a: Hydreigon\n|-damage|p1a: Hydreigon|77\/100\n|\n|upkeep\n|turn|3\n|\n|t:|1700259823\n|switch|p2a: Endeavor|Volcarona, M|100\/100\n|move|p1a: Hydreigon|Draco Meteor|p2a: Endeavor\n|-damage|p2a: Endeavor|28\/100\n|-unboost|p1a: Hydreigon|spa|2\n|\n|upkeep\n|turn|4\n|\n|t:|1700259827\n|move|p2a: Endeavor|Bug Buzz|p1a: Hydreigon\n|-supereffective|p1a: Hydreigon\n|-damage|p1a: Hydreigon|16\/100\n|move|p1a: Hydreigon|Draco Meteor|p2a: Endeavor\n|-damage|p2a: Endeavor|0 fnt\n|-unboost|p1a: Hydreigon|spa|2\n|faint|p2a: Endeavor\n|\n|upkeep\n|\n|t:|1700259836\n|switch|p2a: Toji|Zamazenta|100\/100\n|-ability|p2a: Toji|Dauntless Shield|boost\n|-boost|p2a: Toji|def|1\n|turn|5\n|\n|t:|1700259844\n|switch|p1a: Alomomola|Alomomola, F|100\/100\n|move|p2a: Toji|Wild Charge|p1a: Alomomola\n|-supereffective|p1a: Alomomola\n|-damage|p1a: Alomomola|52\/100\n|-damage|p2a: Toji|84\/100|[from] item: Rocky Helmet|[of] p1a: Alomomola\n|-damage|p2a: Toji|64\/100|[from] Recoil\n|\n|-fieldend|move: Psychic Terrain\n|upkeep\n|turn|6\n|\n|t:|1700259850\n|move|p2a: Toji|Wild Charge|p1a: Alomomola\n|-supereffective|p1a: Alomomola\n|-damage|p1a: Alomomola|3\/100\n|-damage|p2a: Toji|47\/100|[from] item: Rocky Helmet|[of] p1a: Alomomola\n|-damage|p2a: Toji|27\/100|[from] Recoil\n|move|p1a: Alomomola|Toxic|p2a: Toji\n|-status|p2a: Toji|tox\n|\n|-damage|p2a: Toji|21\/100 tox|[from] psn\n|upkeep\n|turn|7\n|\n|t:|1700259856\n|switch|p2a: Agito|Hoopa-Unbound|100\/100\n|move|p1a: Alomomola|Protect||[still]\n|-fail|p1a: Alomomola\n|\n|upkeep\n|turn|8\n|\n|t:|1700259867\n|switch|p1a: Hydreigon|Hydreigon, M|16\/100\n|move|p2a: Agito|Dark Pulse|p1a: Hydreigon\n|-resisted|p1a: Hydreigon\n|-damage|p1a: Hydreigon|0 fnt\n|faint|p1a: Hydreigon\n|\n|upkeep\n|\n|t:|1700259871\n|switch|p1a: Tapu Lele|Tapu Lele|76\/100\n|-fieldstart|move: Psychic Terrain|[from] ability: Psychic Surge|[of] p1a: Tapu Lele\n|turn|9\n|\n|t:|1700259877\n|switch|p2a: Toji|Zamazenta|21\/100 tox\n|move|p1a: Tapu Lele|Moonblast|p2a: Toji\n|-supereffective|p2a: Toji\n|-damage|p2a: Toji|0 fnt\n|faint|p2a: Toji\n|\n|upkeep\n|\n|t:|1700259882\n|switch|p2a: Bale\u00e3o|Dondozo, F|100\/100\n|turn|10\n|\n|t:|1700259889\n|switch|p1a: Alomomola|Alomomola, F|36\/100\n|move|p2a: Bale\u00e3o|Wave Crash|p1a: Alomomola\n|-resisted|p1a: Alomomola\n|-damage|p1a: Alomomola|26\/100\n|-damage|p2a: Bale\u00e3o|84\/100|[from] item: Rocky Helmet|[of] p1a: Alomomola\n|-damage|p2a: Bale\u00e3o|80\/100|[from] Recoil\n|\n|-heal|p2a: Bale\u00e3o|86\/100|[from] item: Leftovers\n|upkeep\n|turn|11\n|\n|t:|1700259894\n|switch|p2a: Agito|Hoopa-Unbound|100\/100\n|move|p1a: Alomomola|Toxic|p2a: Agito\n|-status|p2a: Agito|tox\n|\n|-damage|p2a: Agito|95\/100 tox|[from] psn\n|upkeep\n|turn|12\n|\n|t:|1700259901\n|move|p1a: Alomomola|Protect|p1a: Alomomola\n|-singleturn|p1a: Alomomola|Protect\n|move|p2a: Agito|Dark Pulse|p1a: Alomomola\n|-activate|p1a: Alomomola|move: Protect\n|\n|-damage|p2a: Agito|83\/100 tox|[from] psn\n|upkeep\n|turn|13\n|\n|t:|1700259908\n|switch|p1a: Sneasler|Sneasler, M|100\/100\n|-enditem|p1a: Sneasler|Psychic Seed\n|-boost|p1a: Sneasler|spd|1|[from] item: Psychic Seed\n|move|p2a: Agito|Dark Pulse|p1a: Sneasler\n|-resisted|p1a: Sneasler\n|-damage|p1a: Sneasler|63\/100\n|\n|-damage|p2a: Agito|65\/100 tox|[from] psn\n|-fieldend|move: Psychic Terrain\n|upkeep\n|turn|14\n|\n|t:|1700259924\n|switch|p2a: Bale\u00e3o|Dondozo, F|86\/100\n|move|p1a: Sneasler|Dire Claw|p2a: Bale\u00e3o\n|-damage|p2a: Bale\u00e3o|58\/100\n|\n|-heal|p2a: Bale\u00e3o|64\/100|[from] item: Leftovers\n|upkeep\n|turn|15\n|\n|t:|1700259935\n|switch|p1a: Alomomola|Alomomola, F|60\/100\n|move|p2a: Bale\u00e3o|Wave Crash|p1a: Alomomola\n|-resisted|p1a: Alomomola\n|-damage|p1a: Alomomola|48\/100\n|-damage|p2a: Bale\u00e3o|47\/100|[from] item: Rocky Helmet|[of] p1a: Alomomola\n|-damage|p2a: Bale\u00e3o|43\/100|[from] Recoil\n|\n|-heal|p2a: Bale\u00e3o|49\/100|[from] item: Leftovers\n|upkeep\n|turn|16\n|\n|t:|1700259940\n|move|p1a: Alomomola|Flip Turn|p2a: Bale\u00e3o\n|-resisted|p2a: Bale\u00e3o\n|-damage|p2a: Bale\u00e3o|44\/100\n|\n|t:|1700259946\n|switch|p1a: Tapu Lele|Tapu Lele|76\/100|[from] Flip Turn\n|-fieldstart|move: Psychic Terrain|[from] ability: Psychic Surge|[of] p1a: Tapu Lele\n|move|p2a: Bale\u00e3o|Rest|p2a: Bale\u00e3o\n|-status|p2a: Bale\u00e3o|slp|[from] move: Rest\n|-heal|p2a: Bale\u00e3o|100\/100 slp|[silent]\n|\n|upkeep\n|turn|17\n|\n|t:|1700259953\n|move|p1a: Tapu Lele|Moonblast|p2a: Bale\u00e3o\n|-damage|p2a: Bale\u00e3o|66\/100 slp\n|cant|p2a: Bale\u00e3o|slp\n|move|p2a: Bale\u00e3o|Sleep Talk|p2a: Bale\u00e3o\n|move|p2a: Bale\u00e3o|Curse|p2a: Bale\u00e3o|[from]move: Sleep Talk\n|-unboost|p2a: Bale\u00e3o|spe|1\n|-boost|p2a: Bale\u00e3o|atk|1\n|-boost|p2a: Bale\u00e3o|def|1\n|\n|-heal|p2a: Bale\u00e3o|72\/100 slp|[from] item: Leftovers\n|upkeep\n|turn|18\n|\n|t:|1700259962\n|move|p1a: Tapu Lele|Moonblast|p2a: Bale\u00e3o\n|-damage|p2a: Bale\u00e3o|36\/100 slp\n|cant|p2a: Bale\u00e3o|slp\n|move|p2a: Bale\u00e3o|Sleep Talk|p2a: Bale\u00e3o\n|move|p2a: Bale\u00e3o|Rest||[from]move: Sleep Talk|[still]\n|-fail|p2a: Bale\u00e3o\n|\n|-heal|p2a: Bale\u00e3o|43\/100 slp|[from] item: Leftovers\n|upkeep\n|turn|19\n|\n|t:|1700259987\n|switch|p1a: Jirachi|Jirachi|100\/100\n|-curestatus|p2a: Bale\u00e3o|slp|[msg]\n|move|p2a: Bale\u00e3o|Wave Crash|p1a: Jirachi\n|-damage|p1a: Jirachi|44\/100\n|-damage|p2a: Bale\u00e3o|28\/100|[from] Recoil\n|\n|-heal|p1a: Jirachi|50\/100|[from] item: Leftovers\n|-heal|p2a: Bale\u00e3o|34\/100|[from] item: Leftovers\n|upkeep\n|turn|20\n|\n|t:|1700259994\n|switch|p1a: Alomomola|Alomomola, F|81\/100\n|move|p2a: Bale\u00e3o|Wave Crash|p1a: Alomomola\n|-resisted|p1a: Alomomola\n|-damage|p1a: Alomomola|65\/100\n|-damage|p2a: Bale\u00e3o|17\/100|[from] item: Rocky Helmet|[of] p1a: Alomomola\n|-damage|p2a: Bale\u00e3o|12\/100|[from] Recoil\n|\n|-heal|p2a: Bale\u00e3o|18\/100|[from] item: Leftovers\n|-fieldend|move: Psychic Terrain\n|upkeep\n|turn|21\n|\n|t:|1700260000\n|move|p1a: Alomomola|Wish|p1a: Alomomola\n|move|p2a: Bale\u00e3o|Rest|p2a: Bale\u00e3o\n|-status|p2a: Bale\u00e3o|slp|[from] move: Rest\n|-heal|p2a: Bale\u00e3o|100\/100 slp|[silent]\n|\n|upkeep\n|turn|22\n|\n|t:|1700260005\n|move|p1a: Alomomola|Flip Turn|p2a: Bale\u00e3o\n|-resisted|p2a: Bale\u00e3o\n|-damage|p2a: Bale\u00e3o|97\/100 slp\n|\n|t:|1700260006\n|switch|p1a: Tapu Lele|Tapu Lele|76\/100|[from] Flip Turn\n|-fieldstart|move: Psychic Terrain|[from] ability: Psychic Surge|[of] p1a: Tapu Lele\n|cant|p2a: Bale\u00e3o|slp\n|move|p2a: Bale\u00e3o|Sleep Talk|p2a: Bale\u00e3o\n|move|p2a: Bale\u00e3o|Wave Crash|p1a: Tapu Lele|[from]move: Sleep Talk\n|-crit|p1a: Tapu Lele\n|-damage|p1a: Tapu Lele|0 fnt\n|faint|p1a: Tapu Lele\n|-damage|p2a: Bale\u00e3o|83\/100 slp|[from] Recoil\n|\n|-heal|p2a: Bale\u00e3o|89\/100 slp|[from] item: Leftovers\n|upkeep\n|-message|tprip15 forfeited.\n|\n|win|JogadorCaro\n|raw|tprip15's rating: 1637 &rarr; <strong>1626<\/strong><br \/>(-11 for losing)\n|raw|JogadorCaro's rating: 1804 &rarr; <strong>1815<\/strong><br \/>(+11 for winning)\n|l|\u2606tprip15\n","uploadtime":1700260031,"views":8,"p1id":"tprip15","p2id":"jogadorcaro","formatid":"gen9nationaldex","rating":1626,"private":0,"password":""}