{"id":"gen9nationaldex-1991092553","p1":"liuyu6666","p2":"Balazs1102","format":"[Gen 9] National Dex","log":"|j|\u2606liuyu6666\n|j|\u2606Balazs1102\n|t:|1700041669\n|gametype|singles\n|player|p1|liuyu6666|iono|1331\n|player|p2|Balazs1102|jogger|1484\n|teamsize|p1|6\n|teamsize|p2|6\n|gen|9\n|tier|[Gen 9] National Dex\n|rated|\n|rule|HP Percentage Mod: HP is shown in percentages\n|rule|Endless Battle Clause: Forcing endless battles is banned\n|rule|OHKO Clause: OHKO moves are banned\n|rule|Evasion Clause: Evasion abilities, items, and moves are banned\n|rule|Evasion Abilities Clause: Evasion abilities are banned\n|rule|Evasion Items Clause: Evasion items are banned\n|rule|Evasion Moves Clause: Evasion moves are banned\n|rule|Species Clause: Limit one of each Pok\u00e9mon\n|rule|Sleep Clause Mod: Limit one foe put to sleep\n|clearpoke\n|poke|p1|Gyarados, M|\n|poke|p1|Gallade, M|\n|poke|p1|Ting-Lu|\n|poke|p1|Gliscor, F|\n|poke|p1|Tangrowth, M|\n|poke|p1|Delphox, M|\n|poke|p2|Galvantula, M|\n|poke|p2|Mawile, F|\n|poke|p2|Goodra-Hisui, M|\n|poke|p2|Articuno-Galar|\n|poke|p2|Tsareena, F|\n|poke|p2|Arcanine-Hisui, M|\n|teampreview\n|inactive|Battle timer is ON: inactive players will automatically lose when time's up. (requested by Balazs1102)\n|inactive|liuyu6666 also wants the timer to be on.\n|c|\u2606Balazs1102|gl\n|\n|t:|1700041675\n|start\n|switch|p1a: Delphox|Delphox, M|100\/100\n|switch|p2a: Charlotte|Tsareena, F|100\/100\n|turn|1\n|\n|t:|1700041681\n|switch|p2a: Smolder|Arcanine-Hisui, M|100\/100\n|move|p1a: Delphox|Fire Blast|p2a: Smolder\n|-resisted|p2a: Smolder\n|-damage|p2a: Smolder|85\/100\n|\n|upkeep\n|turn|2\n|\n|t:|1700041689\n|move|p1a: Delphox|Future Sight|p2a: Smolder\n|-start|p1a: Delphox|move: Future Sight\n|move|p2a: Smolder|Head Smash|p1a: Delphox|[miss]\n|-miss|p2a: Smolder|p1a: Delphox\n|\n|upkeep\n|turn|3\n|\n|t:|1700041704\n|switch|p1a: Tangrowth|Tangrowth, M|100\/100\n|move|p2a: Smolder|Head Smash|p1a: Tangrowth|[miss]\n|-miss|p2a: Smolder|p1a: Tangrowth\n|\n|upkeep\n|turn|4\n|c|\u2606Balazs1102|bruh\n|\n|t:|1700041712\n|switch|p2a: Azure|Goodra-Hisui, M|100\/100\n|move|p1a: Tangrowth|Leech Seed|p2a: Azure\n|-start|p2a: Azure|move: Leech Seed\n|\n|-end|p2a: Azure|move: Future Sight\n|-resisted|p2a: Azure\n|-damage|p2a: Azure|84\/100\n|-heal|p2a: Azure|90\/100|[from] item: Leftovers\n|-damage|p2a: Azure|78\/100|[from] Leech Seed|[of] p1a: Tangrowth\n|upkeep\n|turn|5\n|\n|t:|1700041731\n|switch|p1a: Gliscor|Gliscor, F|100\/100\n|move|p2a: Azure|Toxic|p1a: Gliscor\n|-status|p1a: Gliscor|tox\n|\n|-heal|p2a: Azure|84\/100|[from] item: Leftovers\n|-damage|p2a: Azure|72\/100|[from] Leech Seed|[of] p1a: Gliscor\n|upkeep\n|turn|6\n|\n|t:|1700041744\n|switch|p2a: Charlotte|Tsareena, F|100\/100\n|move|p1a: Gliscor|Toxic|p2a: Charlotte\n|-status|p2a: Charlotte|tox\n|\n|-damage|p2a: Charlotte|94\/100 tox|[from] psn\n|upkeep\n|turn|7\n|\n|t:|1700041753\n|switch|p1a: Gyarados|Gyarados, M|100\/100\n|-ability|p1a: Gyarados|Intimidate|boost\n|-unboost|p2a: Charlotte|atk|1\n|move|p2a: Charlotte|Triple Axel|p1a: Gyarados\n|-damage|p1a: Gyarados|94\/100\n|-damage|p1a: Gyarados|83\/100\n|-damage|p1a: Gyarados|64\/100\n|-hitcount|p1a: Gyarados|3\n|\n|-damage|p2a: Charlotte|82\/100 tox|[from] psn\n|upkeep\n|turn|8\n|\n|t:|1700041764\n|switch|p2a: Alactria|Mawile, F|100\/100\n|-ability|p2a: Alactria|Intimidate|boost\n|-unboost|p1a: Gyarados|atk|1\n|move|p1a: Gyarados|Dragon Dance|p1a: Gyarados\n|-boost|p1a: Gyarados|atk|1\n|-boost|p1a: Gyarados|spe|1\n|\n|upkeep\n|turn|9\n|\n|t:|1700041771\n|detailschange|p1a: Gyarados|Gyarados-Mega, M\n|-mega|p1a: Gyarados|Gyarados|Gyaradosite\n|-ability|p1a: Gyarados|Mold Breaker\n|detailschange|p2a: Alactria|Mawile-Mega, F\n|-mega|p2a: Alactria|Mawile|Mawilite\n|move|p1a: Gyarados|Earthquake|p2a: Alactria\n|-supereffective|p2a: Alactria\n|-damage|p2a: Alactria|33\/100\n|move|p2a: Alactria|Play Rough|p1a: Gyarados|[miss]\n|-miss|p2a: Alactria|p1a: Gyarados\n|\n|upkeep\n|turn|10\n|\n|t:|1700041784\n|move|p2a: Alactria|Sucker Punch|p1a: Gyarados\n|-resisted|p1a: Gyarados\n|-damage|p1a: Gyarados|43\/100\n|move|p1a: Gyarados|Earthquake|p2a: Alactria\n|-supereffective|p2a: Alactria\n|-damage|p2a: Alactria|0 fnt\n|faint|p2a: Alactria\n|\n|upkeep\n|\n|t:|1700041791\n|switch|p2a: Charlotte|Tsareena, F|82\/100 tox\n|turn|11\n|\n|t:|1700041798\n|move|p1a: Gyarados|Crunch|p2a: Charlotte\n|-damage|p2a: Charlotte|33\/100 tox\n|move|p2a: Charlotte|Power Whip|p1a: Gyarados\n|-supereffective|p1a: Gyarados\n|-damage|p1a: Gyarados|0 fnt\n|faint|p1a: Gyarados\n|\n|-damage|p2a: Charlotte|27\/100 tox|[from] psn\n|upkeep\n|\n|t:|1700041803\n|switch|p1a: Tangrowth|Tangrowth, M|100\/100\n|turn|12\n|\n|t:|1700041807\n|move|p2a: Charlotte|Triple Axel|p1a: Tangrowth\n|-supereffective|p1a: Tangrowth\n|-damage|p1a: Tangrowth|93\/100\n|-damage|p2a: Charlotte|11\/100 tox|[from] item: Rocky Helmet|[of] p1a: Tangrowth\n|-supereffective|p1a: Tangrowth\n|-damage|p1a: Tangrowth|77\/100\n|-damage|p2a: Charlotte|0 fnt|[from] item: Rocky Helmet|[of] p1a: Tangrowth\n|faint|p2a: Charlotte\n|-hitcount|p1a: Tangrowth|2\n|move|p1a: Tangrowth|Power Whip|p2: Charlotte|[notarget]\n|-fail|p1a: Tangrowth\n|\n|upkeep\n|\n|t:|1700041817\n|switch|p2a: Sibyl|Articuno-Galar|100\/100\n|turn|13\n|\n|t:|1700041822\n|switch|p1a: Gliscor|Gliscor, F|100\/100 tox\n|move|p2a: Sibyl|Hurricane|p1a: Gliscor\n|-damage|p1a: Gliscor|36\/100 tox\n|-start|p1a: Gliscor|confusion\n|\n|-heal|p1a: Gliscor|49\/100 tox|[from] ability: Poison Heal\n|upkeep\n|turn|14\n|\n|t:|1700041835\n|switch|p1a: Delphox|Delphox, M|100\/100\n|move|p2a: Sibyl|Hurricane|p1a: Delphox|[miss]\n|-miss|p2a: Sibyl|p1a: Delphox\n|\n|upkeep\n|turn|15\n|\n|t:|1700041842\n|move|p1a: Delphox|Fire Blast|p2a: Sibyl\n|-damage|p2a: Sibyl|45\/100\n|move|p2a: Sibyl|Hurricane|p1a: Delphox\n|-enditem|p1a: Delphox|Focus Sash\n|-damage|p1a: Delphox|1\/100\n|\n|upkeep\n|turn|16\n|\n|t:|1700041850\n|switch|p2a: Azure|Goodra-Hisui, M|72\/100\n|move|p1a: Delphox|Fire Blast|p2a: Azure\n|-damage|p2a: Azure|25\/100\n|\n|-heal|p2a: Azure|32\/100|[from] item: Leftovers\n|upkeep\n|turn|17\n|\n|t:|1700041860\n|-terastallize|p2a: Azure|Dragon\n|move|p1a: Delphox|Fire Blast|p2a: Azure|[miss]\n|-miss|p1a: Delphox|p2a: Azure\n|move|p2a: Azure|Dragon Pulse|p1a: Delphox\n|-damage|p1a: Delphox|0 fnt\n|faint|p1a: Delphox\n|\n|-heal|p2a: Azure|38\/100|[from] item: Leftovers\n|upkeep\n|\n|t:|1700041868\n|switch|p1a: Gallade|Gallade, M|100\/100\n|turn|18\n|\n|t:|1700041873\n|move|p1a: Gallade|Sacred Sword|p2a: Azure\n|-damage|p2a: Azure|0 fnt\n|-ability|p2a: Azure|Gooey\n|-unboost|p1a: Gallade|spe|1\n|faint|p2a: Azure\n|\n|upkeep\n|\n|t:|1700041881\n|switch|p2a: Sibyl|Articuno-Galar|45\/100\n|turn|19\n|\n|t:|1700041897\n|switch|p1a: Ting-Lu|Ting-Lu|100\/100\n|-ability|p1a: Ting-Lu|Vessel of Ruin\n|move|p2a: Sibyl|Hurricane|p1a: Ting-Lu\n|-damage|p1a: Ting-Lu|65\/100\n|\n|-heal|p1a: Ting-Lu|71\/100|[from] item: Leftovers\n|upkeep\n|turn|20\n|\n|t:|1700041909\n|switch|p2a: Galvan|Galvantula, M|100\/100\n|move|p1a: Ting-Lu|Stealth Rock|p2a: Galvan\n|-sidestart|p2: Balazs1102|move: Stealth Rock\n|\n|-heal|p1a: Ting-Lu|77\/100|[from] item: Leftovers\n|upkeep\n|turn|21\n|\n|t:|1700041915\n|move|p2a: Galvan|Bug Buzz|p1a: Ting-Lu\n|-supereffective|p1a: Ting-Lu\n|-damage|p1a: Ting-Lu|42\/100\n|move|p1a: Ting-Lu|Earthquake|p2a: Galvan\n|-damage|p2a: Galvan|32\/100\n|\n|-heal|p1a: Ting-Lu|49\/100|[from] item: Leftovers\n|upkeep\n|turn|22\n|\n|t:|1700041919\n|switch|p1a: Gliscor|Gliscor, F|49\/100 tox\n|move|p2a: Galvan|Bug Buzz|p1a: Gliscor\n|-resisted|p1a: Gliscor\n|-damage|p1a: Gliscor|34\/100 tox\n|\n|-heal|p1a: Gliscor|46\/100 tox|[from] ability: Poison Heal\n|upkeep\n|turn|23\n|\n|t:|1700041928\n|switch|p2a: Sibyl|Articuno-Galar|45\/100\n|-damage|p2a: Sibyl|20\/100|[from] Stealth Rock\n|move|p1a: Gliscor|Roost|p1a: Gliscor\n|-heal|p1a: Gliscor|96\/100 tox\n|-singleturn|p1a: Gliscor|move: Roost\n|\n|-heal|p1a: Gliscor|100\/100 tox|[from] ability: Poison Heal\n|upkeep\n|turn|24\n|\n|t:|1700041934\n|move|p2a: Sibyl|Hurricane|p1a: Gliscor\n|-damage|p1a: Gliscor|30\/100 tox\n|-start|p1a: Gliscor|confusion\n|-activate|p1a: Gliscor|confusion\n|move|p1a: Gliscor|Toxic|p2a: Sibyl\n|-status|p2a: Sibyl|tox\n|\n|-damage|p2a: Sibyl|14\/100 tox|[from] psn\n|-heal|p1a: Gliscor|43\/100 tox|[from] ability: Poison Heal\n|upkeep\n|turn|25\n|\n|t:|1700041958\n|move|p2a: Sibyl|Hurricane|p1a: Gliscor|[miss]\n|-miss|p2a: Sibyl|p1a: Gliscor\n|-activate|p1a: Gliscor|confusion\n|move|p1a: Gliscor|Roost|p1a: Gliscor\n|-heal|p1a: Gliscor|93\/100 tox\n|-singleturn|p1a: Gliscor|move: Roost\n|\n|-damage|p2a: Sibyl|2\/100 tox|[from] psn\n|-heal|p1a: Gliscor|100\/100 tox|[from] ability: Poison Heal\n|upkeep\n|turn|26\n|c|\u2606Balazs1102|damn\n|\n|t:|1700041970\n|move|p2a: Sibyl|Hurricane|p1a: Gliscor\n|-damage|p1a: Gliscor|26\/100 tox\n|-end|p1a: Gliscor|confusion\n|move|p1a: Gliscor|Roost|p1a: Gliscor\n|-heal|p1a: Gliscor|76\/100 tox\n|-singleturn|p1a: Gliscor|move: Roost\n|\n|-damage|p2a: Sibyl|0 fnt|[from] psn\n|faint|p2a: Sibyl\n|-heal|p1a: Gliscor|88\/100 tox|[from] ability: Poison Heal\n|upkeep\n|\n|t:|1700041977\n|switch|p2a: Smolder|Arcanine-Hisui, M|85\/100\n|-damage|p2a: Smolder|60\/100|[from] Stealth Rock\n|turn|27\n|\n|t:|1700041982\n|move|p2a: Smolder|Flare Blitz|p1a: Gliscor\n|-damage|p1a: Gliscor|21\/100 tox\n|move|p1a: Gliscor|Earthquake|p2a: Smolder\n|-supereffective|p2a: Smolder\n|-damage|p2a: Smolder|0 fnt\n|faint|p2a: Smolder\n|\n|-heal|p1a: Gliscor|33\/100 tox|[from] ability: Poison Heal\n|upkeep\n|\n|t:|1700041986\n|switch|p2a: Galvan|Galvantula, M|32\/100\n|-damage|p2a: Galvan|7\/100|[from] Stealth Rock\n|turn|28\n|\n|t:|1700041988\n|move|p2a: Galvan|Bug Buzz|p1a: Gliscor\n|-resisted|p1a: Gliscor\n|-damage|p1a: Gliscor|19\/100 tox\n|move|p1a: Gliscor|Earthquake|p2a: Galvan\n|-damage|p2a: Galvan|0 fnt\n|faint|p2a: Galvan\n|\n|win|liuyu6666\n|raw|liuyu6666's rating: 1331 &rarr; <strong>1359<\/strong><br \/>(+28 for winning)\n|raw|Balazs1102's rating: 1484 &rarr; <strong>1456<\/strong><br \/>(-28 for losing)\n|c|\u2606Balazs1102|wp\n|l|\u2606Balazs1102\n|l|\u2606liuyu6666\n|j|\u2606liuyu6666\n|player|p1|liuyu6666|iono\n","uploadtime":1700042022,"views":6,"p1id":"liuyu6666","p2id":"balazs1102","formatid":"gen9nationaldex","rating":1359,"private":0,"password":""}