{"id":"gen9nationaldex-1987124975","p1":"Zera & Lucy","p2":"Pokemontryhard134","format":"[Gen 9] National Dex","log":"|j|\u2606Zera & Lucy\n|j|\u2606Pokemontryhard134\n|t:|1699558112\n|gametype|singles\n|player|p1|Zera & Lucy|cynthia|1044\n|player|p2|Pokemontryhard134|lucas-gen4pt|1009\n|teamsize|p1|6\n|teamsize|p2|6\n|gen|9\n|tier|[Gen 9] National Dex\n|rated|\n|rule|HP Percentage Mod: HP is shown in percentages\n|rule|Endless Battle Clause: Forcing endless battles is banned\n|rule|OHKO Clause: OHKO moves are banned\n|rule|Evasion Clause: Evasion abilities, items, and moves are banned\n|rule|Evasion Abilities Clause: Evasion abilities are banned\n|rule|Evasion Items Clause: Evasion items are banned\n|rule|Evasion Moves Clause: Evasion moves are banned\n|rule|Species Clause: Limit one of each Pok\u00e9mon\n|rule|Sleep Clause Mod: Limit one foe put to sleep\n|clearpoke\n|poke|p1|Ambipom, F|\n|poke|p1|Zoroark-Hisui, F|\n|poke|p1|Cinccino, M|\n|poke|p1|Indeedee, M|\n|poke|p1|Cyclizar, M|\n|poke|p1|Heliolisk, M|\n|poke|p2|Greninja-*, M|\n|poke|p2|Aegislash, M|\n|poke|p2|Noivern, M|\n|poke|p2|Pangoro, M|\n|poke|p2|Pyroar, M|\n|poke|p2|Sylveon, M|\n|teampreview\n|inactive|Battle timer is ON: inactive players will automatically lose when time's up. (requested by Zera & Lucy)\n|\n|t:|1699558121\n|start\n|switch|p1a: Ambipom|Ambipom, F|100\/100\n|switch|p2a: Sylveon|Sylveon, M|100\/100\n|turn|1\n|\n|t:|1699558129\n|-terastallize|p1a: Ambipom|Normal\n|move|p1a: Ambipom|Fake Out|p2a: Sylveon\n|-damage|p2a: Sylveon|48\/100\n|cant|p2a: Sylveon|flinch\n|\n|upkeep\n|turn|2\n|\n|t:|1699558137\n|move|p1a: Ambipom|Knock Off|p2a: Sylveon\n|-resisted|p2a: Sylveon\n|-damage|p2a: Sylveon|36\/100\n|move|p2a: Sylveon|Moonblast|p1a: Ambipom\n|-damage|p1a: Ambipom|47\/100\n|-unboost|p1a: Ambipom|spa|1\n|\n|upkeep\n|turn|3\n|\n|t:|1699558144\n|move|p1a: Ambipom|U-turn|p2a: Sylveon\n|-resisted|p2a: Sylveon\n|-crit|p2a: Sylveon\n|-damage|p2a: Sylveon|16\/100\n|\n|t:|1699558149\n|switch|p1a: Cyclizar|Cyclizar, M|100\/100|[from] U-turn\n|move|p2a: Sylveon|Wish|p2a: Sylveon\n|\n|upkeep\n|turn|4\n|\n|t:|1699558157\n|move|p1a: Cyclizar|Rapid Spin|p2a: Sylveon\n|-damage|p2a: Sylveon|0 fnt\n|-boost|p1a: Cyclizar|spe|1\n|faint|p2a: Sylveon\n|\n|upkeep\n|\n|t:|1699558172\n|switch|p2a: Noivern|Noivern, M|100\/100\n|-item|p1a: Cyclizar|Silk Scarf|[from] ability: Frisk|[of] p2a: Noivern|[identify]\n|turn|5\n|\n|t:|1699558181\n|move|p1a: Cyclizar|Knock Off|p2a: Noivern\n|-damage|p2a: Noivern|74\/100\n|move|p2a: Noivern|Dragon Claw|p1a: Cyclizar\n|-supereffective|p1a: Cyclizar\n|-damage|p1a: Cyclizar|34\/100\n|\n|upkeep\n|turn|6\n|\n|t:|1699558193\n|-terastallize|p2a: Noivern|Flying\n|move|p1a: Cyclizar|Body Slam|p2a: Noivern\n|-damage|p2a: Noivern|10\/100\n|move|p2a: Noivern|Dragon Claw|p1a: Cyclizar\n|-supereffective|p1a: Cyclizar\n|-damage|p1a: Cyclizar|0 fnt\n|faint|p1a: Cyclizar\n|\n|upkeep\n|\n|t:|1699558201\n|switch|p1a: Heliolisk|Heliolisk, M|100\/100\n|turn|7\n|\n|t:|1699558208\n|move|p2a: Noivern|Boomburst|p1a: Heliolisk\n|-damage|p1a: Heliolisk|50\/100\n|move|p1a: Heliolisk|Volt Switch|p2a: Noivern\n|-supereffective|p2a: Noivern\n|-damage|p2a: Noivern|0 fnt\n|faint|p2a: Noivern\n|\n|t:|1699558216\n|switch|p1a: Heliolisk|Heliolisk, M|100\/100|[from] Volt Switch\n|\n|upkeep\n|\n|t:|1699558220\n|switch|p2a: Aegislash|Aegislash, M|100\/100\n|turn|8\n|\n|t:|1699558229\n|move|p1a: Heliolisk|Bitter Malice|p2a: Aegislash\n|-supereffective|p2a: Aegislash\n|-damage|p2a: Aegislash|38\/100\n|-unboost|p2a: Aegislash|atk|1\n|-formechange|p2a: Aegislash|Aegislash-Blade||[from] ability: Stance Change\n|move|p2a: Aegislash|Shadow Ball|p1a: Heliolisk\n|-immune|p1a: Heliolisk\n|\n|upkeep\n|turn|9\n|-message|Pokemontryhard134 forfeited.\n|\n|win|Zera & Lucy\n|raw|Zera &amp; Lucy's rating: 1044 &rarr; <strong>1074<\/strong><br \/>(+30 for winning)\n|raw|Pokemontryhard134's rating: 1009 &rarr; <strong>1000<\/strong><br \/>(-9 for losing)\n|l|\u2606Pokemontryhard134\n","uploadtime":1699558243,"views":8,"p1id":"zeralucy","p2id":"pokemontryhard134","formatid":"gen9nationaldex","rating":1000,"private":0,"password":""}