{"id":"gen9nationaldex-1995361422","p1":"as cheu","p2":"afnkm","format":"[Gen 9] National Dex","log":"|html|<div class=\"broadcast-blue\"><strong>[Gen 9] National Dex is currently suspecting Sneasler! For information on how to participate check out the <a href=\"https:\/\/www.smogon.com\/forums\/threads\/sv-national-dex-suspect-8-just-dance.3731534\/\">suspect thread<\/a>.<\/strong><\/div>\n|j|\u2606as cheu\n|j|\u2606afnkm\n|t:|1700559917\n|gametype|singles\n|player|p1|as cheu|1|1827\n|player|p2|afnkm|266|1781\n|teamsize|p1|6\n|teamsize|p2|6\n|gen|9\n|tier|[Gen 9] National Dex\n|rated|\n|rule|HP Percentage Mod: HP is shown in percentages\n|rule|Endless Battle Clause: Forcing endless battles is banned\n|rule|OHKO Clause: OHKO moves are banned\n|rule|Evasion Clause: Evasion abilities, items, and moves are banned\n|rule|Evasion Abilities Clause: Evasion abilities are banned\n|rule|Evasion Items Clause: Evasion items are banned\n|rule|Evasion Moves Clause: Evasion moves are banned\n|rule|Species Clause: Limit one of each Pok\u00e9mon\n|rule|Sleep Clause Mod: Limit one foe put to sleep\n|clearpoke\n|poke|p1|Steelix, M|\n|poke|p1|Hatterene, F|\n|poke|p1|Greninja-*, M|\n|poke|p1|Medicham, F|\n|poke|p1|Marowak-Alola, M|\n|poke|p1|Salamence, M|\n|poke|p2|Charizard, M|\n|poke|p2|Great Tusk|\n|poke|p2|Garganacl, M|\n|poke|p2|Hatterene, F|\n|poke|p2|Rillaboom, F|\n|poke|p2|Sneasler, F|\n|teampreview\n|inactive|Battle timer is ON: inactive players will automatically lose when time's up. (requested by as cheu)\n|\n|t:|1700559938\n|start\n|switch|p1a: Medicham|Medicham, F|100\/100\n|switch|p2a: Rillaboom|Rillaboom, F|100\/100\n|-fieldstart|move: Grassy Terrain|[from] ability: Grassy Surge|[of] p2a: Rillaboom\n|turn|1\n|\n|t:|1700559948\n|detailschange|p1a: Medicham|Medicham-Mega, F\n|-mega|p1a: Medicham|Medicham|Medichamite\n|move|p1a: Medicham|Fake Out|p2a: Rillaboom\n|-damage|p2a: Rillaboom|77\/100\n|cant|p2a: Rillaboom|flinch\n|\n|-heal|p2a: Rillaboom|83\/100|[from] Grassy Terrain\n|upkeep\n|turn|2\n|\n|t:|1700559952\n|move|p1a: Medicham|Close Combat|p2a: Rillaboom\n|-damage|p2a: Rillaboom|0 fnt\n|-unboost|p1a: Medicham|def|1\n|-unboost|p1a: Medicham|spd|1\n|faint|p2a: Rillaboom\n|\n|upkeep\n|\n|t:|1700559957\n|switch|p2a: Sneasler|Sneasler, F|100\/100\n|-enditem|p2a: Sneasler|Grassy Seed\n|-boost|p2a: Sneasler|def|1|[from] item: Grassy Seed\n|turn|3\n|\n|t:|1700559962\n|switch|p1a: Steelix|Steelix, M|100\/100\n|move|p2a: Sneasler|Close Combat|p1a: Steelix\n|-supereffective|p1a: Steelix\n|-damage|p1a: Steelix|41\/100\n|-unboost|p2a: Sneasler|def|1\n|-unboost|p2a: Sneasler|spd|1\n|-damage|p2a: Sneasler|84\/100|[from] item: Rocky Helmet|[of] p1a: Steelix\n|\n|-heal|p2a: Sneasler|90\/100|[from] Grassy Terrain\n|-heal|p1a: Steelix|47\/100|[from] Grassy Terrain\n|upkeep\n|turn|4\n|\n|t:|1700559970\n|move|p2a: Sneasler|Swords Dance|p2a: Sneasler\n|-boost|p2a: Sneasler|atk|2\n|move|p1a: Steelix|Roar|p2a: Sneasler\n|drag|p2a: \u8d85\u6781\u5de8\u5c0f\u5c0f\u8c61|Great Tusk|100\/100\n|\n|-heal|p1a: Steelix|54\/100|[from] Grassy Terrain\n|upkeep\n|turn|5\n|\n|t:|1700559978\n|move|p2a: \u8d85\u6781\u5de8\u5c0f\u5c0f\u8c61|Headlong Rush|p1a: Steelix\n|-supereffective|p1a: Steelix\n|-damage|p1a: Steelix|0 fnt\n|-unboost|p2a: \u8d85\u6781\u5de8\u5c0f\u5c0f\u8c61|def|1\n|-unboost|p2a: \u8d85\u6781\u5de8\u5c0f\u5c0f\u8c61|spd|1\n|-damage|p2a: \u8d85\u6781\u5de8\u5c0f\u5c0f\u8c61|84\/100|[from] item: Rocky Helmet|[of] p1a: Steelix\n|faint|p1a: Steelix\n|-damage|p2a: \u8d85\u6781\u5de8\u5c0f\u5c0f\u8c61|74\/100|[from] item: Life Orb\n|\n|-heal|p2a: \u8d85\u6781\u5de8\u5c0f\u5c0f\u8c61|80\/100|[from] Grassy Terrain\n|-fieldend|move: Grassy Terrain\n|upkeep\n|\n|t:|1700559995\n|switch|p1a: Greninja|Greninja, M|100\/100\n|turn|6\n|\n|t:|1700559999\n|-end|p2a: \u8d85\u6781\u5de8\u5c0f\u5c0f\u8c61|Protosynthesis|[silent]\n|switch|p2a: Hatterene|Hatterene, F|100\/100\n|move|p1a: Greninja|Grass Knot|p2a: Hatterene\n|-start|p1a: Greninja|typechange|Grass|[from] ability: Protean\n|-damage|p2a: Hatterene|94\/100\n|\n|-heal|p2a: Hatterene|99\/100|[from] item: Leftovers\n|upkeep\n|turn|7\n|\n|t:|1700560004\n|switch|p1a: Hatterene|Hatterene, F|100\/100\n|switch|p2a: Charizard|Charizard, M|100\/100\n|\n|upkeep\n|turn|8\n|\n|t:|1700560008\n|detailschange|p2a: Charizard|Charizard-Mega-Y, M\n|-mega|p2a: Charizard|Charizard|Charizardite Y\n|-weather|SunnyDay|[from] ability: Drought|[of] p2a: Charizard\n|move|p2a: Charizard|Weather Ball|p1a: Hatterene\n|-damage|p1a: Hatterene|32\/100\n|move|p1a: Hatterene|Nuzzle|p2a: Charizard\n|-supereffective|p2a: Charizard\n|-damage|p2a: Charizard|90\/100\n|-status|p2a: Charizard|par\n|\n|-weather|SunnyDay|[upkeep]\n|upkeep\n|turn|9\n|j| eguipengxia\n|\n|t:|1700560021\n|move|p2a: Charizard|Weather Ball|p1a: Hatterene\n|-damage|p1a: Hatterene|0 fnt\n|faint|p1a: Hatterene\n|\n|-weather|SunnyDay|[upkeep]\n|upkeep\n|\n|t:|1700560025\n|switch|p1a: Salamence|Salamence, M|100\/100\n|turn|10\n|\n|t:|1700560028\n|move|p1a: Salamence|Dragon Dance|p1a: Salamence\n|-boost|p1a: Salamence|atk|1\n|-boost|p1a: Salamence|spe|1\n|move|p2a: Charizard|Weather Ball|p1a: Salamence\n|-resisted|p1a: Salamence\n|-damage|p1a: Salamence|40\/100\n|\n|-weather|SunnyDay|[upkeep]\n|upkeep\n|turn|11\n|\n|t:|1700560036\n|-terastallize|p1a: Salamence|Normal\n|move|p1a: Salamence|Return|p2a: Charizard\n|-damage|p2a: Charizard|0 fnt\n|faint|p2a: Charizard\n|-ability|p1a: Salamence|Moxie|boost\n|-boost|p1a: Salamence|atk|1\n|\n|-weather|SunnyDay|[upkeep]\n|upkeep\n|\n|t:|1700560042\n|switch|p2a: \u9664\u5269|Garganacl, M|100\/100\n|turn|12\n|\n|t:|1700560045\n|-terastallize|p2a: \u9664\u5269|Dragon\n|move|p1a: Salamence|Earthquake|p2a: \u9664\u5269\n|-damage|p2a: \u9664\u5269|67\/100\n|move|p2a: \u9664\u5269|Salt Cure|p1a: Salamence\n|-damage|p1a: Salamence|24\/100\n|-start|p1a: Salamence|Salt Cure\n|\n|-weather|none\n|-heal|p2a: \u9664\u5269|73\/100|[from] item: Leftovers\n|-damage|p1a: Salamence|11\/100|[from] Salt Cure\n|upkeep\n|turn|13\n|\n|t:|1700560053\n|switch|p1a: Medicham|Medicham-Mega, F|100\/100\n|move|p2a: \u9664\u5269|Protect||[still]\n|-fail|p2a: \u9664\u5269\n|\n|-heal|p2a: \u9664\u5269|79\/100|[from] item: Leftovers\n|upkeep\n|turn|14\n|\n|t:|1700560056\n|move|p2a: \u9664\u5269|Protect|p2a: \u9664\u5269\n|-singleturn|p2a: \u9664\u5269|Protect\n|move|p1a: Medicham|Fake Out|p2a: \u9664\u5269\n|-activate|p2a: \u9664\u5269|move: Protect\n|\n|-heal|p2a: \u9664\u5269|85\/100|[from] item: Leftovers\n|upkeep\n|turn|15\n|\n|t:|1700560069\n|move|p1a: Medicham|Close Combat|p2a: \u9664\u5269\n|-damage|p2a: \u9664\u5269|32\/100\n|-unboost|p1a: Medicham|def|1\n|-unboost|p1a: Medicham|spd|1\n|move|p2a: \u9664\u5269|Recover|p2a: \u9664\u5269\n|-heal|p2a: \u9664\u5269|82\/100\n|\n|-heal|p2a: \u9664\u5269|89\/100|[from] item: Leftovers\n|upkeep\n|turn|16\n|\n|t:|1700560081\n|move|p2a: \u9664\u5269|Protect|p2a: \u9664\u5269\n|-singleturn|p2a: \u9664\u5269|Protect\n|move|p1a: Medicham|Zen Headbutt|p2a: \u9664\u5269\n|-activate|p2a: \u9664\u5269|move: Protect\n|\n|-heal|p2a: \u9664\u5269|95\/100|[from] item: Leftovers\n|upkeep\n|turn|17\n|\n|t:|1700560084\n|switch|p2a: Hatterene|Hatterene, F|99\/100\n|move|p1a: Medicham|Zen Headbutt|p2a: Hatterene\n|-resisted|p2a: Hatterene\n|-damage|p2a: Hatterene|55\/100\n|\n|-heal|p2a: Hatterene|61\/100|[from] item: Leftovers\n|upkeep\n|turn|18\n|\n|t:|1700560091\n|switch|p1a: Marowak|Marowak-Alola, M|100\/100\n|switch|p2a: \u8d85\u6781\u5de8\u5c0f\u5c0f\u8c61|Great Tusk|80\/100\n|\n|upkeep\n|turn|19\n|\n|t:|1700560098\n|switch|p1a: Salamence|Salamence, M, tera:Normal|11\/100\n|move|p2a: \u8d85\u6781\u5de8\u5c0f\u5c0f\u8c61|Headlong Rush|p1a: Salamence\n|-damage|p1a: Salamence|0 fnt\n|-unboost|p2a: \u8d85\u6781\u5de8\u5c0f\u5c0f\u8c61|def|1\n|-unboost|p2a: \u8d85\u6781\u5de8\u5c0f\u5c0f\u8c61|spd|1\n|faint|p1a: Salamence\n|-damage|p2a: \u8d85\u6781\u5de8\u5c0f\u5c0f\u8c61|70\/100|[from] item: Life Orb\n|\n|upkeep\n|\n|t:|1700560107\n|switch|p1a: Medicham|Medicham-Mega, F|100\/100\n|turn|20\n|\n|t:|1700560117\n|-end|p2a: \u8d85\u6781\u5de8\u5c0f\u5c0f\u8c61|Protosynthesis|[silent]\n|switch|p2a: Hatterene|Hatterene, F|61\/100\n|move|p1a: Medicham|Close Combat|p2a: Hatterene\n|-resisted|p2a: Hatterene\n|-damage|p2a: Hatterene|31\/100\n|-unboost|p1a: Medicham|def|1\n|-unboost|p1a: Medicham|spd|1\n|\n|-heal|p2a: Hatterene|37\/100|[from] item: Leftovers\n|upkeep\n|turn|21\n|\n|t:|1700560130\n|switch|p1a: Marowak|Marowak-Alola, M|100\/100\n|move|p2a: Hatterene|Draining Kiss|p1a: Marowak\n|-resisted|p1a: Marowak\n|-damage|p1a: Marowak|87\/100\n|-heal|p2a: Hatterene|47\/100|[from] drain|[of] p1a: Marowak\n|\n|-heal|p2a: Hatterene|53\/100|[from] item: Leftovers\n|upkeep\n|turn|22\n|\n|t:|1700560138\n|move|p1a: Marowak|Flare Blitz|p2a: Hatterene\n|-damage|p2a: Hatterene|0 fnt\n|faint|p2a: Hatterene\n|\n|upkeep\n|\n|t:|1700560140\n|switch|p2a: \u8d85\u6781\u5de8\u5c0f\u5c0f\u8c61|Great Tusk|70\/100\n|turn|23\n|\n|t:|1700560147\n|move|p2a: \u8d85\u6781\u5de8\u5c0f\u5c0f\u8c61|Headlong Rush|p1a: Marowak\n|-supereffective|p1a: Marowak\n|-damage|p1a: Marowak|0 fnt\n|-unboost|p2a: \u8d85\u6781\u5de8\u5c0f\u5c0f\u8c61|def|1\n|-unboost|p2a: \u8d85\u6781\u5de8\u5c0f\u5c0f\u8c61|spd|1\n|faint|p1a: Marowak\n|-damage|p2a: \u8d85\u6781\u5de8\u5c0f\u5c0f\u8c61|60\/100|[from] item: Life Orb\n|\n|upkeep\n|\n|t:|1700560150\n|switch|p1a: Greninja|Greninja, M|100\/100\n|turn|24\n|\n|t:|1700560157\n|-end|p2a: \u8d85\u6781\u5de8\u5c0f\u5c0f\u8c61|Protosynthesis|[silent]\n|switch|p2a: \u9664\u5269|Garganacl, M, tera:Dragon|95\/100\n|move|p1a: Greninja|Ice Beam|p2a: \u9664\u5269\n|-start|p1a: Greninja|typechange|Ice|[from] ability: Protean\n|-supereffective|p2a: \u9664\u5269\n|-damage|p2a: \u9664\u5269|22\/100\n|\n|-heal|p2a: \u9664\u5269|28\/100|[from] item: Leftovers\n|upkeep\n|turn|25\n|\n|t:|1700560164\n|move|p2a: \u9664\u5269|Protect|p2a: \u9664\u5269\n|-singleturn|p2a: \u9664\u5269|Protect\n|move|p1a: Greninja|Ice Beam|p2a: \u9664\u5269\n|-activate|p2a: \u9664\u5269|move: Protect\n|\n|-heal|p2a: \u9664\u5269|34\/100|[from] item: Leftovers\n|upkeep\n|turn|26\n|\n|t:|1700560176\n|move|p1a: Greninja|Ice Beam|p2a: \u9664\u5269\n|-supereffective|p2a: \u9664\u5269\n|-damage|p2a: \u9664\u5269|0 fnt\n|faint|p2a: \u9664\u5269\n|\n|upkeep\n|\n|t:|1700560178\n|switch|p2a: Sneasler|Sneasler, F|90\/100\n|turn|27\n|\n|t:|1700560184\n|switch|p1a: Medicham|Medicham-Mega, F|100\/100\n|move|p2a: Sneasler|Close Combat|p1a: Medicham\n|-resisted|p1a: Medicham\n|-crit|p1a: Medicham\n|-damage|p1a: Medicham|27\/100\n|-unboost|p2a: Sneasler|def|1\n|-unboost|p2a: Sneasler|spd|1\n|\n|upkeep\n|turn|28\n|\n|t:|1700560191\n|move|p1a: Medicham|Fake Out|p2a: Sneasler\n|-damage|p2a: Sneasler|22\/100\n|cant|p2a: Sneasler|flinch\n|\n|upkeep\n|turn|29\n|\n|t:|1700560194\n|move|p1a: Medicham|Bullet Punch|p2a: Sneasler\n|-damage|p2a: Sneasler|0 fnt\n|faint|p2a: Sneasler\n|\n|upkeep\n|\n|t:|1700560198\n|switch|p2a: \u8d85\u6781\u5de8\u5c0f\u5c0f\u8c61|Great Tusk|60\/100\n|turn|30\n|\n|t:|1700560202\n|move|p2a: \u8d85\u6781\u5de8\u5c0f\u5c0f\u8c61|Rapid Spin|p1a: Medicham\n|-damage|p1a: Medicham|0 fnt\n|-boost|p2a: \u8d85\u6781\u5de8\u5c0f\u5c0f\u8c61|spe|1\n|faint|p1a: Medicham\n|-damage|p2a: \u8d85\u6781\u5de8\u5c0f\u5c0f\u8c61|50\/100|[from] item: Life Orb\n|\n|upkeep\n|\n|t:|1700560206\n|switch|p1a: Greninja|Greninja, M|100\/100\n|turn|31\n|c|\u2606as cheu|\u56f4\u5dfe\u7684 \u4e0d\u597d\u610f\u601d\n|\n|t:|1700560220\n|move|p1a: Greninja|Ice Beam|p2a: \u8d85\u6781\u5de8\u5c0f\u5c0f\u8c61\n|-start|p1a: Greninja|typechange|Ice|[from] ability: Protean\n|-supereffective|p2a: \u8d85\u6781\u5de8\u5c0f\u5c0f\u8c61\n|-damage|p2a: \u8d85\u6781\u5de8\u5c0f\u5c0f\u8c61|0 fnt\n|faint|p2a: \u8d85\u6781\u5de8\u5c0f\u5c0f\u8c61\n|-end|p2a: \u8d85\u6781\u5de8\u5c0f\u5c0f\u8c61|Protosynthesis|[silent]\n|\n|win|as cheu\n|raw|as cheu's rating: 1827 &rarr; <strong>1844<\/strong><br \/>(+17 for winning)\n|raw|afnkm's rating: 1781 &rarr; <strong>1764<\/strong><br \/>(-17 for losing)\n|l| eguipengxia\n|l|\u2606afnkm\n","uploadtime":1700560236,"views":5,"p1id":"ascheu","p2id":"afnkm","formatid":"gen9nationaldex","rating":1764,"private":0,"password":""}