{"id":"gen9nationaldex-1999116389","p1":"Poopoo2","p2":"Th3K1ng123","format":"[Gen 9] National Dex","log":"|html|<div class=\"broadcast-blue\"><strong>[Gen 9] National Dex is currently suspecting Sneasler! For information on how to participate check out the <a href=\"https:\/\/www.smogon.com\/forums\/threads\/sv-national-dex-suspect-8-just-dance.3731534\/\">suspect thread<\/a>.<\/strong><\/div>\n|j|\u2606Poopoo2\n|j|\u2606Th3K1ng123\n|t:|1701034880\n|gametype|singles\n|player|p1|Poopoo2|unknown|1375\n|player|p2|Th3K1ng123|turo|1335\n|teamsize|p1|6\n|teamsize|p2|6\n|gen|9\n|tier|[Gen 9] National Dex\n|rated|\n|rule|HP Percentage Mod: HP is shown in percentages\n|rule|Endless Battle Clause: Forcing endless battles is banned\n|rule|OHKO Clause: OHKO moves are banned\n|rule|Evasion Clause: Evasion abilities, items, and moves are banned\n|rule|Evasion Abilities Clause: Evasion abilities are banned\n|rule|Evasion Items Clause: Evasion items are banned\n|rule|Evasion Moves Clause: Evasion moves are banned\n|rule|Species Clause: Limit one of each Pok\u00e9mon\n|rule|Sleep Clause Mod: Limit one foe put to sleep\n|clearpoke\n|poke|p1|Emolga, M|\n|poke|p1|Simisage, M|\n|poke|p1|Crustle, M|\n|poke|p1|Basculin-Blue-Striped, M|\n|poke|p1|Bisharp, M|\n|poke|p1|Bouffalant, M|\n|poke|p2|Pinsir, M|\n|poke|p2|Crobat, M|\n|poke|p2|Landorus-Therian, M|\n|poke|p2|Dragonite, M|\n|poke|p2|Thundurus-Therian, M|\n|poke|p2|Tornadus-Therian, M|\n|teampreview\n|inactive|Battle timer is ON: inactive players will automatically lose when time's up. (requested by Th3K1ng123)\n|\n|t:|1701034896\n|start\n|switch|p1a: Basculin|Basculin-Blue-Striped, M|100\/100\n|switch|p2a: Tyga|Landorus-Therian, M, shiny|100\/100\n|-ability|p2a: Tyga|Intimidate|boost\n|-unboost|p1a: Basculin|atk|1\n|turn|1\n|\n|t:|1701034911\n|switch|p2a: Electric Co.|Thundurus-Therian, M, shiny|100\/100\n|move|p1a: Basculin|Wave Crash|p2a: Electric Co.\n|-damage|p2a: Electric Co.|23\/100\n|\n|upkeep\n|turn|2\n|\n|t:|1701034921\n|switch|p1a: Bisharp|Bisharp, M|100\/100\n|move|p2a: Electric Co.|Thunderbolt|p1a: Bisharp\n|-damage|p1a: Bisharp|42\/100\n|\n|upkeep\n|turn|3\n|\n|t:|1701034931\n|switch|p2a: Big Boi|Dragonite, M, shiny|100\/100\n|move|p1a: Bisharp|Sucker Punch||[still]\n|-fail|p1a: Bisharp\n|\n|upkeep\n|turn|4\n|\n|t:|1701034938\n|switch|p1a: Emolga|Emolga, M|100\/100\n|move|p2a: Big Boi|Earthquake|p1a: Emolga\n|-immune|p1a: Emolga\n|\n|upkeep\n|turn|5\n|\n|t:|1701034943\n|move|p1a: Emolga|Air Slash|p2a: Big Boi\n|-damage|p2a: Big Boi|86\/100\n|move|p2a: Big Boi|Dragon Dance|p2a: Big Boi\n|-boost|p2a: Big Boi|atk|1\n|-boost|p2a: Big Boi|spe|1\n|\n|upkeep\n|turn|6\n|\n|t:|1701034949\n|move|p2a: Big Boi|Ice Spinner|p1a: Emolga\n|-supereffective|p1a: Emolga\n|-enditem|p1a: Emolga|Focus Sash\n|-damage|p1a: Emolga|1\/100\n|move|p1a: Emolga|Nuzzle|p2a: Big Boi\n|-damage|p2a: Big Boi|80\/100\n|-status|p2a: Big Boi|par\n|\n|upkeep\n|turn|7\n|\n|t:|1701034956\n|move|p2a: Big Boi|Extreme Speed|p1a: Emolga\n|-damage|p1a: Emolga|0 fnt\n|faint|p1a: Emolga\n|\n|upkeep\n|\n|t:|1701034960\n|switch|p1a: Crustle|Crustle, M|100\/100\n|turn|8\n|\n|t:|1701034964\n|cant|p2a: Big Boi|par\n|move|p1a: Crustle|Rock Blast|p2a: Big Boi\n|-supereffective|p2a: Big Boi\n|-crit|p2a: Big Boi\n|-damage|p2a: Big Boi|39\/100 par\n|-supereffective|p2a: Big Boi\n|-damage|p2a: Big Boi|16\/100 par\n|-supereffective|p2a: Big Boi\n|-damage|p2a: Big Boi|0 fnt\n|faint|p2a: Big Boi\n|-hitcount|p2: Big Boi|3\n|\n|upkeep\n|\n|t:|1701034978\n|switch|p2a: Tyga|Landorus-Therian, M, shiny|100\/100\n|-ability|p2a: Tyga|Intimidate|boost\n|-unboost|p1a: Crustle|atk|1\n|turn|9\n|\n|t:|1701034984\n|move|p2a: Tyga|Stealth Rock|p1a: Crustle\n|-sidestart|p1: Poopoo2|move: Stealth Rock\n|move|p1a: Crustle|Shell Smash|p1a: Crustle\n|-unboost|p1a: Crustle|def|1\n|-unboost|p1a: Crustle|spd|1\n|-boost|p1a: Crustle|atk|2\n|-boost|p1a: Crustle|spa|2\n|-boost|p1a: Crustle|spe|2\n|\n|upkeep\n|turn|10\n|\n|t:|1701034997\n|move|p1a: Crustle|Rock Blast|p2a: Tyga\n|-damage|p2a: Tyga|87\/100\n|-damage|p2a: Tyga|74\/100\n|-damage|p2a: Tyga|60\/100\n|-damage|p2a: Tyga|46\/100\n|-damage|p2a: Tyga|33\/100\n|-hitcount|p2a: Tyga|5\n|move|p2a: Tyga|Earthquake|p1a: Crustle\n|-damage|p1a: Crustle|23\/100\n|\n|-heal|p2a: Tyga|39\/100|[from] item: Leftovers\n|upkeep\n|turn|11\n|\n|t:|1701035010\n|-terastallize|p2a: Tyga|Steel\n|move|p1a: Crustle|Rock Blast|p2a: Tyga\n|-resisted|p2a: Tyga\n|-damage|p2a: Tyga|31\/100\n|-resisted|p2a: Tyga\n|-damage|p2a: Tyga|24\/100\n|-resisted|p2a: Tyga\n|-damage|p2a: Tyga|17\/100\n|-resisted|p2a: Tyga\n|-damage|p2a: Tyga|10\/100\n|-resisted|p2a: Tyga\n|-damage|p2a: Tyga|2\/100\n|-hitcount|p2a: Tyga|5\n|move|p2a: Tyga|Earthquake|p1a: Crustle\n|-damage|p1a: Crustle|0 fnt\n|faint|p1a: Crustle\n|\n|-heal|p2a: Tyga|8\/100|[from] item: Leftovers\n|upkeep\n|\n|t:|1701035035\n|switch|p1a: Basculin|Basculin-Blue-Striped, M|100\/100\n|-damage|p1a: Basculin|88\/100|[from] Stealth Rock\n|turn|12\n|\n|t:|1701035043\n|move|p1a: Basculin|Aqua Jet|p2a: Tyga\n|-damage|p2a: Tyga|0 fnt\n|faint|p2a: Tyga\n|\n|upkeep\n|\n|t:|1701035052\n|switch|p2a: Buggin' Bro|Pinsir, M, shiny|100\/100\n|turn|13\n|\n|t:|1701035062\n|move|p1a: Basculin|Aqua Jet|p2a: Buggin' Bro\n|-damage|p2a: Buggin' Bro|70\/100\n|move|p2a: Buggin' Bro|X-Scissor|p1a: Basculin\n|-damage|p1a: Basculin|13\/100\n|\n|upkeep\n|turn|14\n|\n|t:|1701035071\n|move|p1a: Basculin|Aqua Jet|p2a: Buggin' Bro\n|-damage|p2a: Buggin' Bro|41\/100\n|move|p2a: Buggin' Bro|Quick Attack|p1a: Basculin\n|-damage|p1a: Basculin|0 fnt\n|faint|p1a: Basculin\n|-ability|p2a: Buggin' Bro|Moxie|boost\n|-boost|p2a: Buggin' Bro|atk|1\n|\n|upkeep\n|\n|t:|1701035074\n|switch|p1a: Bisharp|Bisharp, M|42\/100\n|-damage|p1a: Bisharp|36\/100|[from] Stealth Rock\n|turn|15\n|\n|t:|1701035084\n|detailschange|p2a: Buggin' Bro|Pinsir-Mega, M, shiny\n|-mega|p2a: Buggin' Bro|Pinsir|Pinsirite\n|move|p2a: Buggin' Bro|Quick Attack|p1a: Bisharp\n|-resisted|p1a: Bisharp\n|-damage|p1a: Bisharp|20\/100\n|move|p1a: Bisharp|Sucker Punch||[still]\n|-fail|p1a: Bisharp\n|\n|upkeep\n|turn|16\n|\n|t:|1701035096\n|move|p2a: Buggin' Bro|X-Scissor|p1a: Bisharp\n|-damage|p1a: Bisharp|0 fnt\n|faint|p1a: Bisharp\n|\n|upkeep\n|\n|t:|1701035104\n|switch|p1a: Bouffalant|Bouffalant, M|100\/100\n|-damage|p1a: Bouffalant|88\/100|[from] Stealth Rock\n|turn|17\n|\n|t:|1701035108\n|move|p2a: Buggin' Bro|Frustration|p1a: Bouffalant\n|-damage|p1a: Bouffalant|0 fnt\n|faint|p1a: Bouffalant\n|\n|upkeep\n|-message|Poopoo2 forfeited.\n|\n|win|Th3K1ng123\n|raw|Poopoo2's rating: 1375 &rarr; <strong>1353<\/strong><br \/>(-22 for losing)\n|raw|Th3K1ng123's rating: 1335 &rarr; <strong>1357<\/strong><br \/>(+22 for winning)\n|l|\u2606Poopoo2\n","uploadtime":1701035114,"views":1,"p1id":"poopoo2","p2id":"th3k1ng123","formatid":"gen9nationaldex","rating":1353,"private":0,"password":""}