{"id":"gen9nationaldex-1988378141","p1":"Pekkapekka","p2":"Player_Delta","format":"[Gen 9] National Dex","log":"|j|\u2606Pekkapekka\n|j|\u2606Player_Delta\n|t:|1699716085\n|gametype|singles\n|player|p1|Pekkapekka|galacticgrunt|\n|player|p2|Player_Delta|lucas-gen4pt|\n|teamsize|p1|6\n|teamsize|p2|6\n|gen|9\n|tier|[Gen 9] National Dex\n|rule|HP Percentage Mod: HP is shown in percentages\n|rule|Endless Battle Clause: Forcing endless battles is banned\n|rule|OHKO Clause: OHKO moves are banned\n|rule|Evasion Clause: Evasion abilities, items, and moves are banned\n|rule|Evasion Abilities Clause: Evasion abilities are banned\n|rule|Evasion Items Clause: Evasion items are banned\n|rule|Evasion Moves Clause: Evasion moves are banned\n|rule|Species Clause: Limit one of each Pok\u00e9mon\n|rule|Sleep Clause Mod: Limit one foe put to sleep\n|clearpoke\n|poke|p1|Alomomola, F|\n|poke|p1|Blissey, F|\n|poke|p1|Gliscor, F|\n|poke|p1|Medicham, F|\n|poke|p1|Blacephalon|\n|poke|p1|Iron Valiant|\n|poke|p2|Gengar, M|\n|poke|p2|Meowscarada, M|\n|poke|p2|Corviknight, M|\n|poke|p2|Greninja-*, M|\n|poke|p2|Cinderace, M|\n|poke|p2|Garganacl, F|\n|teampreview\n|c|\u2606Player_Delta|on commence ?\n|\n|t:|1699716127\n|start\n|switch|p1a: Alomomola|Alomomola, F, shiny|100\/100\n|switch|p2a: Guizmo|Meowscarada, M|100\/100\n|turn|1\n|\n|t:|1699716136\n|move|p1a: Alomomola|Protect|p1a: Alomomola\n|-singleturn|p1a: Alomomola|Protect\n|move|p2a: Guizmo|U-turn|p1a: Alomomola\n|-start|p2a: Guizmo|typechange|Bug|[from] ability: Protean\n|-activate|p1a: Alomomola|move: Protect\n|\n|upkeep\n|turn|2\n|\n|t:|1699716149\n|move|p2a: Guizmo|U-turn|p1a: Alomomola\n|-damage|p1a: Alomomola|83\/100\n|\n|t:|1699716156\n|switch|p2a: Specter|Gengar, M|100\/100|[from] U-turn\n|move|p1a: Alomomola|Flip Turn|p2a: Specter\n|-damage|p2a: Specter|67\/100\n|\n|t:|1699716176\n|switch|p1a: Iron Valiant|Iron Valiant, shiny|100\/100|[from] Flip Turn\n|-enditem|p1a: Iron Valiant|Booster Energy\n|-activate|p1a: Iron Valiant|ability: Quark Drive|[fromitem]\n|-start|p1a: Iron Valiant|quarkdrivespe\n|\n|upkeep\n|turn|3\n|\n|t:|1699716221\n|move|p1a: Iron Valiant|Knock Off|p2a: Specter\n|-supereffective|p2a: Specter\n|-damage|p2a: Specter|0 fnt\n|-enditem|p2a: Specter|Focus Sash|[from] move: Knock Off|[of] p1a: Iron Valiant\n|faint|p2a: Specter\n|\n|upkeep\n|\n|t:|1699716251\n|switch|p2a: Libero|Cinderace, M|100\/100\n|turn|4\n|\n|t:|1699716262\n|-end|p1a: Iron Valiant|Quark Drive|[silent]\n|switch|p1a: Gliscor|Gliscor, F, shiny|100\/100\n|move|p2a: Libero|Pyro Ball|p1a: Gliscor\n|-damage|p1a: Gliscor|66\/100\n|-status|p1a: Gliscor|brn\n|\n|-damage|p1a: Gliscor|60\/100 brn|[from] brn\n|upkeep\n|turn|5\n|c|\u2606Player_Delta|ok l\u00e0 j'ai juste eu de la luck\n|\n|t:|1699716281\n|switch|p2a: Corvi|Corviknight, M, shiny|100\/100\n|-ability|p2a: Corvi|Pressure\n|switch|p1a: Alomomola|Alomomola, F, shiny|100\/100\n|\n|upkeep\n|turn|6\n|\n|t:|1699716299\n|move|p2a: Corvi|Bulk Up|p2a: Corvi\n|-boost|p2a: Corvi|atk|1\n|-boost|p2a: Corvi|def|1\n|move|p1a: Alomomola|Flip Turn|p2a: Corvi\n|-damage|p2a: Corvi|91\/100\n|\n|t:|1699716306\n|switch|p1a: Iron Valiant|Iron Valiant, shiny|100\/100|[from] Flip Turn\n|\n|-heal|p2a: Corvi|98\/100|[from] item: Leftovers\n|upkeep\n|turn|7\n|\n|t:|1699716316\n|-terastallize|p1a: Iron Valiant|Electric\n|-terastallize|p2a: Corvi|Dragon\n|move|p1a: Iron Valiant|Thunderbolt|p2a: Corvi\n|-resisted|p2a: Corvi\n|-damage|p2a: Corvi|82\/100\n|move|p2a: Corvi|Brave Bird|p1a: Iron Valiant\n|-resisted|p1a: Iron Valiant\n|-damage|p1a: Iron Valiant|65\/100\n|-damage|p2a: Corvi|74\/100|[from] Recoil\n|\n|-heal|p2a: Corvi|80\/100|[from] item: Leftovers\n|upkeep\n|turn|8\n|c|\u2606Player_Delta|AH\n|\n|t:|1699716330\n|move|p1a: Iron Valiant|Moonblast|p2a: Corvi\n|-supereffective|p2a: Corvi\n|-damage|p2a: Corvi|21\/100\n|move|p2a: Corvi|Body Press|p1a: Iron Valiant\n|-damage|p1a: Iron Valiant|28\/100\n|\n|-heal|p2a: Corvi|27\/100|[from] item: Leftovers\n|upkeep\n|turn|9\n|\n|t:|1699716340\n|move|p1a: Iron Valiant|Moonblast|p2a: Corvi\n|-supereffective|p2a: Corvi\n|-damage|p2a: Corvi|0 fnt\n|faint|p2a: Corvi\n|\n|upkeep\n|\n|t:|1699716347\n|switch|p2a: Guizmo|Meowscarada, M|100\/100\n|turn|10\n|\n|t:|1699716358\n|-end|p1a: Iron Valiant|Quark Drive|[silent]\n|switch|p1a: Gliscor|Gliscor, F, shiny|60\/100 brn\n|move|p2a: Guizmo|U-turn|p1a: Gliscor\n|-start|p2a: Guizmo|typechange|Bug|[from] ability: Protean\n|-resisted|p1a: Gliscor\n|-damage|p1a: Gliscor|49\/100 brn\n|\n|t:|1699716378\n|switch|p2a: Byana|Greninja, M, shiny|100\/100|[from] U-turn\n|\n|-damage|p1a: Gliscor|43\/100 brn|[from] brn\n|upkeep\n|turn|11\n|\n|t:|1699716393\n|switch|p2a: Libero|Cinderace, M|100\/100\n|switch|p1a: Blissey|Blissey, F, shiny|100\/100\n|\n|upkeep\n|turn|12\n|\n|t:|1699716403\n|switch|p1a: Alomomola|Alomomola, F, shiny|100\/100\n|move|p2a: Libero|Pyro Ball|p1a: Alomomola\n|-resisted|p1a: Alomomola\n|-damage|p1a: Alomomola|86\/100\n|\n|-heal|p1a: Alomomola|92\/100|[from] item: Leftovers\n|upkeep\n|turn|13\n|\n|t:|1699716414\n|switch|p2a: Guizmo|Meowscarada, M|100\/100\n|move|p1a: Alomomola|Flip Turn|p2a: Guizmo\n|-resisted|p2a: Guizmo\n|-damage|p2a: Guizmo|87\/100\n|\n|t:|1699716423\n|switch|p1a: Medicham|Medicham, F, shiny|100\/100|[from] Flip Turn\n|\n|upkeep\n|turn|14\n|\n|t:|1699716434\n|detailschange|p1a: Medicham|Medicham-Mega, F, shiny\n|-mega|p1a: Medicham|Medicham|Medichamite\n|move|p1a: Medicham|Fake Out|p2a: Guizmo\n|-crit|p2a: Guizmo\n|-damage|p2a: Guizmo|36\/100\n|cant|p2a: Guizmo|flinch\n|\n|upkeep\n|turn|15\n|\n|t:|1699716442\n|switch|p1a: Gliscor|Gliscor, F, shiny|43\/100 brn\n|move|p2a: Guizmo|Play Rough|p1a: Gliscor\n|-start|p2a: Guizmo|typechange|Fairy|[from] ability: Protean\n|-damage|p1a: Gliscor|14\/100 brn\n|\n|-damage|p1a: Gliscor|8\/100 brn|[from] brn\n|upkeep\n|turn|16\n|\n|t:|1699716454\n|switch|p1a: Alomomola|Alomomola, F, shiny|100\/100\n|move|p2a: Guizmo|Play Rough|p1a: Alomomola|[miss]\n|-miss|p2a: Guizmo|p1a: Alomomola\n|\n|upkeep\n|turn|17\n|\n|t:|1699716462\n|switch|p2a: Byana|Greninja, M, shiny|100\/100\n|move|p1a: Alomomola|Flip Turn|p2a: Byana\n|-resisted|p2a: Byana\n|-damage|p2a: Byana|87\/100\n|\n|t:|1699716475\n|switch|p1a: Blissey|Blissey, F, shiny|100\/100|[from] Flip Turn\n|\n|upkeep\n|turn|18\n|\n|t:|1699716505\n|switch|p2a: Libero|Cinderace, M|100\/100\n|move|p1a: Blissey|Seismic Toss|p2a: Libero\n|-damage|p2a: Libero|67\/100\n|\n|upkeep\n|turn|19\n|\n|t:|1699716519\n|switch|p1a: Gliscor|Gliscor, F, shiny|8\/100 brn\n|move|p2a: Libero|High Jump Kick|p1a: Gliscor\n|-start|p2a: Libero|typechange|Fighting|[from] ability: Libero\n|-resisted|p1a: Gliscor\n|-damage|p1a: Gliscor|0 fnt\n|faint|p1a: Gliscor\n|\n|upkeep\n|\n|t:|1699716533\n|switch|p1a: Blacephalon|Blacephalon, shiny|100\/100\n|turn|20\n|\n|t:|1699716541\n|move|p2a: Libero|Sucker Punch|p1a: Blacephalon\n|-supereffective|p1a: Blacephalon\n|-damage|p1a: Blacephalon|1\/100\n|move|p1a: Blacephalon|Shadow Ball|p2a: Libero\n|-damage|p2a: Libero|0 fnt\n|faint|p2a: Libero\n|-ability|p1a: Blacephalon|Beast Boost|boost\n|-boost|p1a: Blacephalon|spa|1\n|\n|upkeep\n|\n|t:|1699716549\n|switch|p2a: Guizmo|Meowscarada, M|36\/100\n|turn|21\n|\n|t:|1699716559\n|move|p2a: Guizmo|U-turn|p1a: Blacephalon\n|-start|p2a: Guizmo|typechange|Bug|[from] ability: Protean\n|-resisted|p1a: Blacephalon\n|-damage|p1a: Blacephalon|0 fnt\n|faint|p1a: Blacephalon\n|\n|t:|1699716564\n|switch|p2a: C'est sal\u00e9e|Garganacl, F|100\/100|[from] U-turn\n|\n|upkeep\n|\n|t:|1699716569\n|switch|p1a: Medicham|Medicham-Mega, F, shiny|100\/100\n|turn|22\n|\n|t:|1699716581\n|move|p1a: Medicham|Close Combat|p2a: C'est sal\u00e9e\n|-supereffective|p2a: C'est sal\u00e9e\n|-damage|p2a: C'est sal\u00e9e|0 fnt\n|-unboost|p1a: Medicham|def|1\n|-unboost|p1a: Medicham|spd|1\n|-damage|p1a: Medicham|84\/100|[from] item: Rocky Helmet|[of] p2a: C'est sal\u00e9e\n|faint|p2a: C'est sal\u00e9e\n|\n|upkeep\n|\n|t:|1699716606\n|switch|p2a: Byana|Greninja, M, shiny|87\/100\n|turn|23\n|inactive|Battle timer is ON: inactive players will automatically lose when time's up. (requested by Player_Delta)\n|\n|t:|1699716619\n|switch|p1a: Blissey|Blissey, F, shiny|100\/100\n|move|p2a: Byana|Water Shuriken|p1a: Blissey\n|-start|p2a: Byana|typechange|Water|[from] ability: Protean\n|-damage|p1a: Blissey|98\/100\n|-damage|p1a: Blissey|96\/100\n|-hitcount|p1a: Blissey|2\n|-damage|p2a: Byana|77\/100|[from] item: Life Orb\n|\n|upkeep\n|turn|24\n|\n|t:|1699716634\n|switch|p2a: Guizmo|Meowscarada, M|36\/100\n|move|p1a: Blissey|Seismic Toss|p2a: Guizmo\n|-damage|p2a: Guizmo|2\/100\n|\n|upkeep\n|turn|25\n|\n|t:|1699716662\n|switch|p1a: Iron Valiant|Iron Valiant, shiny, tera:Electric|28\/100\n|move|p2a: Guizmo|Flower Trick|p1a: Iron Valiant\n|-start|p2a: Guizmo|typechange|Grass|[from] ability: Protean\n|-crit|p1a: Iron Valiant\n|-damage|p1a: Iron Valiant|0 fnt\n|faint|p1a: Iron Valiant\n|-end|p1a: Iron Valiant|Quark Drive|[silent]\n|\n|upkeep\n|\n|t:|1699716673\n|switch|p1a: Medicham|Medicham-Mega, F, shiny|84\/100\n|turn|26\n|\n|t:|1699716678\n|switch|p2a: Byana|Greninja, M, shiny|77\/100\n|move|p1a: Medicham|Fake Out|p2a: Byana\n|-damage|p2a: Byana|36\/100\n|\n|upkeep\n|turn|27\n|\n|t:|1699716690\n|switch|p1a: Blissey|Blissey, F, shiny|96\/100\n|move|p2a: Byana|Dark Pulse|p1a: Blissey\n|-start|p2a: Byana|typechange|Dark|[from] ability: Protean\n|-damage|p1a: Blissey|84\/100\n|-damage|p2a: Byana|26\/100|[from] item: Life Orb\n|\n|upkeep\n|turn|28\n|\n|t:|1699716701\n|move|p2a: Byana|Dark Pulse|p1a: Blissey\n|-damage|p1a: Blissey|72\/100\n|-damage|p2a: Byana|17\/100|[from] item: Life Orb\n|cant|p1a: Blissey|flinch\n|\n|upkeep\n|turn|29\n|\n|t:|1699716709\n|move|p2a: Byana|Dark Pulse|p1a: Blissey\n|-damage|p1a: Blissey|59\/100\n|-damage|p2a: Byana|7\/100|[from] item: Life Orb\n|move|p1a: Blissey|Seismic Toss|p2a: Byana\n|-damage|p2a: Byana|0 fnt\n|faint|p2a: Byana\n|\n|upkeep\n|\n|t:|1699716717\n|switch|p2a: Guizmo|Meowscarada, M|2\/100\n|turn|30\n|\n|t:|1699716725\n|move|p2a: Guizmo|Flower Trick|p1a: Blissey\n|-start|p2a: Guizmo|typechange|Grass|[from] ability: Protean\n|-crit|p1a: Blissey\n|-damage|p1a: Blissey|0 fnt\n|faint|p1a: Blissey\n|\n|upkeep\n|\n|t:|1699716733\n|switch|p1a: Medicham|Medicham-Mega, F, shiny|84\/100\n|turn|31\n|c|\u2606Player_Delta|gg t'as win\n|\n|t:|1699716737\n|move|p1a: Medicham|Fake Out|p2a: Guizmo\n|-damage|p2a: Guizmo|0 fnt\n|faint|p2a: Guizmo\n|\n|win|Pekkapekka\n|l|\u2606Pekkapekka\n","uploadtime":1699716744,"views":6,"p1id":"pekkapekka","p2id":"playerdelta","formatid":"gen9nationaldex","rating":0,"private":0,"password":""}