{"id":"gen9nationaldex-1996553636","p1":"Karlushi06","p2":"wgasewarty","format":"[Gen 9] National Dex","log":"|html|<div class=\"broadcast-blue\"><strong>[Gen 9] National Dex is currently suspecting Sneasler! For information on how to participate check out the <a href=\"https:\/\/www.smogon.com\/forums\/threads\/sv-national-dex-suspect-8-just-dance.3731534\/\">suspect thread<\/a>.<\/strong><\/div>\n|j|\u2606Karlushi06\n|j|\u2606wgasewarty\n|t:|1700693629\n|gametype|singles\n|player|p1|Karlushi06|102|1086\n|player|p2|wgasewarty|hilbert|1171\n|teamsize|p1|6\n|teamsize|p2|6\n|gen|9\n|tier|[Gen 9] National Dex\n|rated|\n|rule|HP Percentage Mod: HP is shown in percentages\n|rule|Endless Battle Clause: Forcing endless battles is banned\n|rule|OHKO Clause: OHKO moves are banned\n|rule|Evasion Clause: Evasion abilities, items, and moves are banned\n|rule|Evasion Abilities Clause: Evasion abilities are banned\n|rule|Evasion Items Clause: Evasion items are banned\n|rule|Evasion Moves Clause: Evasion moves are banned\n|rule|Species Clause: Limit one of each Pok\u00e9mon\n|rule|Sleep Clause Mod: Limit one foe put to sleep\n|clearpoke\n|poke|p1|Greninja-*, M|\n|poke|p1|Forretress, F|\n|poke|p1|Garchomp, F|\n|poke|p1|Alomomola, F|\n|poke|p1|Iron Valiant|\n|poke|p1|Garganacl, M|\n|poke|p2|Meowscarada, M|\n|poke|p2|Haxorus, F|\n|poke|p2|Toxtricity, F|\n|poke|p2|Hawlucha, M|\n|poke|p2|Tapu Lele|\n|poke|p2|Armarouge, F|\n|teampreview\n|\n|t:|1700693637\n|start\n|switch|p1a: Greninja|Greninja, M, shiny|100\/100\n|switch|p2a: Hawlucha|Hawlucha, M|100\/100\n|turn|1\n|\n|t:|1700693645\n|move|p1a: Greninja|U-turn|p2a: Hawlucha\n|-start|p1a: Greninja|typechange|Bug|[from] ability: Protean\n|-resisted|p2a: Hawlucha\n|-damage|p2a: Hawlucha|89\/100\n|\n|t:|1700693653\n|switch|p1a: 8313 N0143|Iron Valiant, shiny|100\/100|[from] U-turn\n|-enditem|p1a: 8313 N0143|Booster Energy\n|-activate|p1a: 8313 N0143|ability: Quark Drive|[fromitem]\n|-start|p1a: 8313 N0143|quarkdrivespe\n|move|p2a: Hawlucha|Dual Wingbeat|p1a: 8313 N0143\n|-supereffective|p1a: 8313 N0143\n|-damage|p1a: 8313 N0143|53\/100\n|-supereffective|p1a: 8313 N0143\n|-damage|p1a: 8313 N0143|7\/100\n|-hitcount|p1a: 8313 N0143|2\n|\n|upkeep\n|turn|2\n|c|\u2606Karlushi06|!dt Hawlucha\n|raw|<div class=\"message\"><ul class=\"utilichart\"><li class=\"result\"><span class=\"col numcol\">RUBL<\/span> <span class=\"col iconcol\"><psicon pokemon=\"hawlucha\"\/><\/span> <span class=\"col pokemonnamecol\" style=\"white-space:nowrap\"><a href=\"https:\/\/dex.pokemonshowdown.com\/pokemon\/hawlucha\" target=\"_blank\">Hawlucha<\/a><\/span> <span class=\"col typecol\"><img src=\"https:\/\/play.pokemonshowdown.com\/sprites\/types\/Fighting.png\" alt=\"Fighting\" height=\"14\" width=\"32\"><img src=\"https:\/\/play.pokemonshowdown.com\/sprites\/types\/Flying.png\" alt=\"Flying\" height=\"14\" width=\"32\"><\/span> <span style=\"float:left;min-height:26px\"><span class=\"col twoabilitycol\">Limber<br \/>Unburden<\/span><span class=\"col abilitycol\"><em>Mold Breaker<\/em><\/span><\/span><span style=\"float:left;min-height:26px\"><span class=\"col statcol\"><em>HP<\/em><br \/>78<\/span> <span class=\"col statcol\"><em>Atk<\/em><br \/>92<\/span> <span class=\"col statcol\"><em>Def<\/em><br \/>75<\/span> <span class=\"col statcol\"><em>SpA<\/em><br \/>74<\/span> <span class=\"col statcol\"><em>SpD<\/em><br \/>63<\/span> <span class=\"col statcol\"><em>Spe<\/em><br \/>118<\/span> <span class=\"col bstcol\"><em>BST<br \/>500<\/em><\/span> <\/span><\/li><li style=\"clear:both\"><\/li><\/ul><\/div>\n|raw|<font size=\"1\"><font color=\"#686868\">Dex#:<\/font> 701&nbsp;|&ThickSpace;<font color=\"#686868\">Gen:<\/font> 6&nbsp;|&ThickSpace;<font color=\"#686868\">Height:<\/font> 0.8 m&nbsp;|&ThickSpace;<font color=\"#686868\">Weight:<\/font> 21.5 kg <em>(40 BP)<\/em>&nbsp;|&ThickSpace;<font color=\"#686868\">Dex Colour:<\/font> Green&nbsp;|&ThickSpace;<font color=\"#686868\">Egg Group(s):<\/font> Flying, Human-Like&nbsp;|&ThickSpace;<font color=\"#686868\">Does Not Evolve<\/font><\/font>\n\n|inactive|Battle timer is ON: inactive players will automatically lose when time's up. (requested by wgasewarty)\n|\n|t:|1700693689\n|move|p1a: 8313 N0143|Moonblast|p2a: Hawlucha\n|-supereffective|p2a: Hawlucha\n|-damage|p2a: Hawlucha|0 fnt\n|faint|p2a: Hawlucha\n|\n|upkeep\n|\n|t:|1700693693\n|switch|p2a: Haxorus|Haxorus, F|100\/100\n|-ability|p2a: Haxorus|Mold Breaker\n|turn|3\n|\n|t:|1700693700\n|move|p2a: Haxorus|First Impression|p1a: 8313 N0143\n|-resisted|p1a: 8313 N0143\n|-damage|p1a: 8313 N0143|0 fnt\n|faint|p1a: 8313 N0143\n|-end|p1a: 8313 N0143|Quark Drive|[silent]\n|\n|upkeep\n|\n|t:|1700693711\n|switch|p1a: Alomomola|Alomomola, F|100\/100\n|turn|4\n|\n|t:|1700693719\n|-terastallize|p2a: Haxorus|Poison\n|move|p2a: Haxorus|Dragon Dance|p2a: Haxorus\n|-boost|p2a: Haxorus|atk|1\n|-boost|p2a: Haxorus|spe|1\n|move|p1a: Alomomola|Toxic|p2a: Haxorus\n|-immune|p2a: Haxorus\n|\n|upkeep\n|turn|5\n|\n|t:|1700693733\n|move|p2a: Haxorus|Dragon Dance|p2a: Haxorus\n|-boost|p2a: Haxorus|atk|1\n|-boost|p2a: Haxorus|spe|1\n|move|p1a: Alomomola|Flip Turn|p2a: Haxorus\n|-damage|p2a: Haxorus|78\/100\n|\n|t:|1700693743\n|switch|p1a: Greninja|Greninja, M, shiny|100\/100|[from] Flip Turn\n|\n|upkeep\n|turn|6\n|\n|t:|1700693748\n|move|p2a: Haxorus|Outrage|p1a: Greninja\n|-damage|p1a: Greninja|0 fnt\n|faint|p1a: Greninja\n|\n|upkeep\n|\n|t:|1700693755\n|switch|p1a: La Roca|Forretress, F, shiny|100\/100\n|turn|7\n|\n|t:|1700693759\n|move|p2a: Haxorus|Outrage|p1a: La Roca|[from]lockedmove\n|-resisted|p1a: La Roca\n|-damage|p1a: La Roca|66\/100\n|-damage|p2a: Haxorus|62\/100|[from] item: Rocky Helmet|[of] p1a: La Roca\n|move|p1a: La Roca|Stealth Rock|p2a: Haxorus\n|-sidestart|p2: wgasewarty|move: Stealth Rock\n|\n|upkeep\n|turn|8\n|\n|t:|1700693768\n|move|p2a: Haxorus|Outrage|p1a: La Roca|[from]lockedmove\n|-resisted|p1a: La Roca\n|-damage|p1a: La Roca|25\/100\n|-damage|p2a: Haxorus|45\/100|[from] item: Rocky Helmet|[of] p1a: La Roca\n|-start|p2a: Haxorus|confusion|[fatigue]\n|-enditem|p2a: Haxorus|Lum Berry|[eat]\n|-end|p2a: Haxorus|confusion\n|move|p1a: La Roca|Toxic Spikes|p2a: Haxorus\n|-sidestart|p2: wgasewarty|move: Toxic Spikes\n|\n|upkeep\n|turn|9\n|\n|t:|1700693778\n|move|p2a: Haxorus|Iron Tail|p1a: La Roca\n|-resisted|p1a: La Roca\n|-damage|p1a: La Roca|5\/100\n|-damage|p2a: Haxorus|29\/100|[from] item: Rocky Helmet|[of] p1a: La Roca\n|move|p1a: La Roca|Toxic Spikes|p2a: Haxorus\n|-sidestart|p2: wgasewarty|move: Toxic Spikes\n|\n|upkeep\n|turn|10\n|\n|t:|1700693786\n|move|p2a: Haxorus|Outrage|p1a: La Roca\n|-resisted|p1a: La Roca\n|-crit|p1a: La Roca\n|-damage|p1a: La Roca|0 fnt\n|-damage|p2a: Haxorus|12\/100|[from] item: Rocky Helmet|[of] p1a: La Roca\n|faint|p1a: La Roca\n|\n|upkeep\n|\n|t:|1700693798\n|switch|p1a: Alomomola|Alomomola, F|100\/100\n|turn|11\n|\n|t:|1700693801\n|move|p1a: Alomomola|Aqua Jet|p2a: Haxorus\n|-damage|p2a: Haxorus|0 fnt\n|faint|p2a: Haxorus\n|\n|upkeep\n|\n|t:|1700693810\n|switch|p2a: Toxtricity|Toxtricity, F|100\/100\n|-damage|p2a: Toxtricity|88\/100|[from] Stealth Rock\n|-item|p2a: Toxtricity|Air Balloon\n|turn|12\n|\n|t:|1700693823\n|switch|p1a: Bete Noire|Garchomp, F, shiny|100\/100\n|move|p2a: Toxtricity|Boomburst|p1a: Bete Noire\n|-damage|p1a: Bete Noire|26\/100\n|\n|upkeep\n|turn|13\n|\n|t:|1700693834\n|switch|p1a: Garganacl|Garganacl, M|100\/100\n|move|p2a: Toxtricity|Boomburst|p1a: Garganacl\n|-resisted|p1a: Garganacl\n|-damage|p1a: Garganacl|74\/100\n|\n|-heal|p1a: Garganacl|80\/100|[from] item: Leftovers\n|upkeep\n|turn|14\n|\n|t:|1700693847\n|move|p2a: Toxtricity|Overdrive|p1a: Garganacl\n|-damage|p1a: Garganacl|30\/100\n|move|p1a: Garganacl|Salt Cure|p2a: Toxtricity\n|-damage|p2a: Toxtricity|72\/100\n|-start|p2a: Toxtricity|Salt Cure\n|-enditem|p2a: Toxtricity|Air Balloon\n|\n|-heal|p1a: Garganacl|36\/100|[from] item: Leftovers\n|-damage|p2a: Toxtricity|59\/100|[from] Salt Cure\n|upkeep\n|turn|15\n|\n|t:|1700693863\n|move|p2a: Toxtricity|Overdrive|p1a: Garganacl\n|-damage|p1a: Garganacl|0 fnt\n|faint|p1a: Garganacl\n|\n|-damage|p2a: Toxtricity|47\/100|[from] Salt Cure\n|upkeep\n|\n|t:|1700693870\n|switch|p1a: Bete Noire|Garchomp, F, shiny|26\/100\n|turn|16\n|\n|t:|1700693878\n|detailschange|p1a: Bete Noire|Garchomp-Mega, F, shiny\n|-mega|p1a: Bete Noire|Garchomp|Garchompite\n|move|p1a: Bete Noire|Earthquake|p2a: Toxtricity\n|-supereffective|p2a: Toxtricity\n|-damage|p2a: Toxtricity|0 fnt\n|faint|p2a: Toxtricity\n|\n|upkeep\n|\n|t:|1700693882\n|switch|p2a: Tapu Lele|Tapu Lele|100\/100\n|-damage|p2a: Tapu Lele|88\/100|[from] Stealth Rock\n|-status|p2a: Tapu Lele|tox\n|-fieldstart|move: Psychic Terrain|[from] ability: Psychic Surge|[of] p2a: Tapu Lele\n|turn|17\n|\n|t:|1700693894\n|move|p2a: Tapu Lele|Energy Ball|p1a: Bete Noire\n|-damage|p1a: Bete Noire|0 fnt\n|faint|p1a: Bete Noire\n|\n|-damage|p2a: Tapu Lele|82\/100 tox|[from] psn\n|upkeep\n|-message|Karlushi06 forfeited.\n|\n|win|wgasewarty\n|raw|Karlushi06's rating: 1086 &rarr; <strong>1069<\/strong><br \/>(-17 for losing)\n|raw|wgasewarty's rating: 1171 &rarr; <strong>1190<\/strong><br \/>(+19 for winning)\n|l|\u2606Karlushi06\n","uploadtime":1700693976,"views":1,"p1id":"karlushi06","p2id":"wgasewarty","formatid":"gen9nationaldex","rating":1069,"private":0,"password":""}