{"id":"gen9nationaldex-1994511016","p1":"azeniya","p2":"ReptileMedias","format":"[Gen 9] National Dex","log":"|j|\u2606azeniya\n|j|\u2606ReptileMedias\n|t:|1700452631\n|gametype|singles\n|player|p1|azeniya|roxie|1168\n|player|p2|ReptileMedias|may|1253\n|teamsize|p1|6\n|teamsize|p2|6\n|gen|9\n|tier|[Gen 9] National Dex\n|rated|\n|rule|HP Percentage Mod: HP is shown in percentages\n|rule|Endless Battle Clause: Forcing endless battles is banned\n|rule|OHKO Clause: OHKO moves are banned\n|rule|Evasion Clause: Evasion abilities, items, and moves are banned\n|rule|Evasion Abilities Clause: Evasion abilities are banned\n|rule|Evasion Items Clause: Evasion items are banned\n|rule|Evasion Moves Clause: Evasion moves are banned\n|rule|Species Clause: Limit one of each Pok\u00e9mon\n|rule|Sleep Clause Mod: Limit one foe put to sleep\n|clearpoke\n|poke|p1|Alomomola, F|\n|poke|p1|Ting-Lu|\n|poke|p1|Ferrothorn, F|\n|poke|p1|Gliscor, M|\n|poke|p1|Scizor, M|\n|poke|p1|Glimmora, F|\n|poke|p2|Scizor, M|\n|poke|p2|Venusaur, M|\n|poke|p2|Arcanine, F|\n|poke|p2|Crawdaunt, M|\n|poke|p2|Jolteon, M|\n|poke|p2|Crobat, M|\n|teampreview\n|\n|t:|1700452643\n|start\n|switch|p1a: Glimmora|Glimmora, F|100\/100\n|switch|p2a: Lobstarno|Crawdaunt, M|100\/100\n|turn|1\n|\n|t:|1700452649\n|move|p2a: Lobstarno|Aqua Jet|p1a: Glimmora\n|-supereffective|p1a: Glimmora\n|-damage|p1a: Glimmora|0 fnt\n|-activate|p1a: Glimmora|ability: Toxic Debris\n|-sidestart|p2: ReptileMedias|move: Toxic Spikes\n|faint|p1a: Glimmora\n|\n|upkeep\n|\n|t:|1700452658\n|switch|p1a: Ferrothorn|Ferrothorn, F|100\/100\n|turn|2\n|\n|t:|1700452661\n|switch|p2a: COw bat (lol)|Crobat, M|100\/100\n|move|p1a: Ferrothorn|Leech Seed|p2a: COw bat (lol)\n|-start|p2a: COw bat (lol)|move: Leech Seed\n|\n|-damage|p2a: COw bat (lol)|88\/100|[from] Leech Seed|[of] p1a: Ferrothorn\n|upkeep\n|turn|3\n|\n|t:|1700452668\n|switch|p1a: Ting-Lu|Ting-Lu|100\/100\n|-ability|p1a: Ting-Lu|Vessel of Ruin\n|move|p2a: COw bat (lol)|Heat Wave|p1a: Ting-Lu\n|-damage|p1a: Ting-Lu|94\/100\n|\n|-damage|p2a: COw bat (lol)|75\/100|[from] Leech Seed|[of] p1a: Ting-Lu\n|-heal|p1a: Ting-Lu|100\/100|[silent]\n|upkeep\n|turn|4\n|\n|t:|1700452678\n|switch|p2a: Penusaur|Venusaur, M|100\/100\n|-sideend|p2: ReptileMedias|move: Toxic Spikes|[of] p2a: Penusaur\n|move|p1a: Ting-Lu|Stone Edge|p2a: Penusaur\n|-damage|p2a: Penusaur|80\/100\n|\n|upkeep\n|turn|5\n|\n|t:|1700452688\n|detailschange|p2a: Penusaur|Venusaur-Mega, M\n|-mega|p2a: Penusaur|Venusaur|Venusaurite\n|move|p2a: Penusaur|Leech Seed|p1a: Ting-Lu\n|-start|p1a: Ting-Lu|move: Leech Seed\n|move|p1a: Ting-Lu|Earthquake|p2a: Penusaur\n|-crit|p2a: Penusaur\n|-damage|p2a: Penusaur|40\/100\n|\n|-damage|p1a: Ting-Lu|88\/100|[from] Leech Seed|[of] p2a: Penusaur\n|-heal|p2a: Penusaur|58\/100|[silent]\n|upkeep\n|turn|6\n|\n|t:|1700452706\n|switch|p1a: Gliscor|Gliscor, M|100\/100\n|move|p2a: Penusaur|Giga Drain|p1a: Gliscor\n|-damage|p1a: Gliscor|58\/100\n|-heal|p2a: Penusaur|77\/100|[from] drain|[of] p1a: Gliscor\n|\n|-status|p1a: Gliscor|tox|[from] item: Toxic Orb\n|upkeep\n|turn|7\n|\n|t:|1700452714\n|move|p1a: Gliscor|Swords Dance|p1a: Gliscor\n|-boost|p1a: Gliscor|atk|2\n|move|p2a: Penusaur|Leech Seed|p1a: Gliscor\n|-start|p1a: Gliscor|move: Leech Seed\n|\n|-damage|p1a: Gliscor|46\/100 tox|[from] Leech Seed|[of] p2a: Penusaur\n|-heal|p2a: Penusaur|89\/100|[silent]\n|-heal|p1a: Gliscor|58\/100 tox|[from] ability: Poison Heal\n|upkeep\n|turn|8\n|\n|t:|1700452723\n|switch|p2a: COw bat (lol)|Crobat, M|75\/100\n|move|p1a: Gliscor|Roost|p1a: Gliscor\n|-heal|p1a: Gliscor|100\/100 tox\n|-singleturn|p1a: Gliscor|move: Roost\n|\n|-damage|p1a: Gliscor|88\/100 tox|[from] Leech Seed|[of] p2a: COw bat (lol)\n|-heal|p2a: COw bat (lol)|89\/100|[silent]\n|-heal|p1a: Gliscor|100\/100 tox|[from] ability: Poison Heal\n|upkeep\n|turn|9\n|\n|t:|1700452731\n|move|p2a: COw bat (lol)|Taunt|p1a: Gliscor\n|-start|p1a: Gliscor|move: Taunt\n|move|p1a: Gliscor|Facade|p2a: COw bat (lol)\n|-damage|p2a: COw bat (lol)|0 fnt\n|faint|p2a: COw bat (lol)\n|\n|upkeep\n|\n|t:|1700452738\n|switch|p2a: Bullet Ant|Scizor, M|100\/100\n|turn|10\n|\n|t:|1700452744\n|switch|p1a: Alomomola|Alomomola, F|100\/100\n|move|p2a: Bullet Ant|Swords Dance|p2a: Bullet Ant\n|-boost|p2a: Bullet Ant|atk|2\n|\n|upkeep\n|turn|11\n|\n|t:|1700452756\n|move|p1a: Alomomola|Wish|p1a: Alomomola\n|move|p2a: Bullet Ant|Knock Off|p1a: Alomomola\n|-damage|p1a: Alomomola|66\/100\n|-damage|p2a: Bullet Ant|84\/100|[from] item: Rocky Helmet|[of] p1a: Alomomola\n|-enditem|p1a: Alomomola|Rocky Helmet|[from] move: Knock Off|[of] p2a: Bullet Ant\n|\n|upkeep\n|turn|12\n|\n|t:|1700452763\n|switch|p1a: Ferrothorn|Ferrothorn, F|100\/100\n|move|p2a: Bullet Ant|Swords Dance|p2a: Bullet Ant\n|-boost|p2a: Bullet Ant|atk|2\n|\n|upkeep\n|turn|13\n|\n|t:|1700452770\n|move|p2a: Bullet Ant|Close Combat|p1a: Ferrothorn\n|-supereffective|p1a: Ferrothorn\n|-damage|p1a: Ferrothorn|0 fnt\n|-unboost|p2a: Bullet Ant|def|1\n|-unboost|p2a: Bullet Ant|spd|1\n|-damage|p2a: Bullet Ant|71\/100|[from] ability: Iron Barbs|[of] p1a: Ferrothorn\n|-damage|p2a: Bullet Ant|55\/100|[from] item: Rocky Helmet|[of] p1a: Ferrothorn\n|faint|p1a: Ferrothorn\n|\n|upkeep\n|\n|t:|1700452777\n|switch|p1a: Scizor|Scizor, M|100\/100\n|turn|14\n|\n|t:|1700452787\n|detailschange|p1a: Scizor|Scizor-Mega, M\n|-mega|p1a: Scizor|Scizor|Scizorite\n|move|p1a: Scizor|Bullet Punch|p2a: Bullet Ant\n|-resisted|p2a: Bullet Ant\n|-damage|p2a: Bullet Ant|38\/100\n|-damage|p1a: Scizor|84\/100|[from] item: Rocky Helmet|[of] p2a: Bullet Ant\n|move|p2a: Bullet Ant|Close Combat|p1a: Scizor\n|-damage|p1a: Scizor|24\/100\n|-unboost|p2a: Bullet Ant|def|1\n|-unboost|p2a: Bullet Ant|spd|1\n|\n|upkeep\n|turn|15\n|\n|t:|1700452807\n|move|p2a: Bullet Ant|Bullet Punch|p1a: Scizor\n|-resisted|p1a: Scizor\n|-damage|p1a: Scizor|2\/100\n|move|p1a: Scizor|U-turn|p2a: Bullet Ant\n|-resisted|p2a: Bullet Ant\n|-damage|p2a: Bullet Ant|9\/100\n|-damage|p1a: Scizor|0 fnt|[from] item: Rocky Helmet|[of] p2a: Bullet Ant\n|faint|p1a: Scizor\n|\n|upkeep\n|\n|t:|1700452813\n|switch|p1a: Alomomola|Alomomola, F|99\/100\n|turn|16\n|\n|t:|1700452824\n|move|p1a: Alomomola|Scald|p2a: Bullet Ant\n|-damage|p2a: Bullet Ant|0 fnt\n|faint|p2a: Bullet Ant\n|\n|upkeep\n|\n|t:|1700452830\n|switch|p2a: Penusaur|Venusaur-Mega, M|89\/100\n|turn|17\n|\n|t:|1700452839\n|switch|p1a: Ting-Lu|Ting-Lu|88\/100\n|-ability|p1a: Ting-Lu|Vessel of Ruin\n|move|p2a: Penusaur|Leech Seed|p1a: Ting-Lu\n|-start|p1a: Ting-Lu|move: Leech Seed\n|\n|-damage|p1a: Ting-Lu|76\/100|[from] Leech Seed|[of] p2a: Penusaur\n|-heal|p2a: Penusaur|100\/100|[silent]\n|upkeep\n|turn|18\n|\n|t:|1700452862\n|move|p2a: Penusaur|Giga Drain|p1a: Ting-Lu\n|-supereffective|p1a: Ting-Lu\n|-damage|p1a: Ting-Lu|59\/100\n|move|p1a: Ting-Lu|Earthquake|p2a: Penusaur\n|-damage|p2a: Penusaur|74\/100\n|\n|-damage|p1a: Ting-Lu|47\/100|[from] Leech Seed|[of] p2a: Penusaur\n|-heal|p2a: Penusaur|91\/100|[silent]\n|upkeep\n|turn|19\n|-message|azeniya forfeited.\n|\n|win|ReptileMedias\n|raw|azeniya's rating: 1168 &rarr; <strong>1149<\/strong><br \/>(-19 for losing)\n|raw|ReptileMedias's rating: 1253 &rarr; <strong>1272<\/strong><br \/>(+19 for winning)\n|l|\u2606azeniya\n","uploadtime":1700452871,"views":5,"p1id":"azeniya","p2id":"reptilemedias","formatid":"gen9nationaldex","rating":1149,"private":0,"password":""}