{"id":"gen9nationaldex-1993121962","p1":"SlowySlow","p2":"PearlHarbor1996","format":"[Gen 9] National Dex","log":"|j|\u2606SlowySlow\n|j|\u2606PearlHarbor1996\n|t:|1700267342\n|gametype|singles\n|player|p1|SlowySlow|lance|1232\n|player|p2|PearlHarbor1996|rocketgrunt|1252\n|teamsize|p1|6\n|teamsize|p2|6\n|gen|9\n|tier|[Gen 9] National Dex\n|rated|\n|rule|HP Percentage Mod: HP is shown in percentages\n|rule|Endless Battle Clause: Forcing endless battles is banned\n|rule|OHKO Clause: OHKO moves are banned\n|rule|Evasion Clause: Evasion abilities, items, and moves are banned\n|rule|Evasion Abilities Clause: Evasion abilities are banned\n|rule|Evasion Items Clause: Evasion items are banned\n|rule|Evasion Moves Clause: Evasion moves are banned\n|rule|Species Clause: Limit one of each Pok\u00e9mon\n|rule|Sleep Clause Mod: Limit one foe put to sleep\n|clearpoke\n|poke|p1|Gyarados, F|\n|poke|p1|Galvantula, M|\n|poke|p1|Excadrill, M|\n|poke|p1|Clefable, F|\n|poke|p1|Serperior, M|\n|poke|p1|Ninetales-Alola, F|\n|poke|p2|Aegislash, M|\n|poke|p2|Hydreigon, M|\n|poke|p2|Gardevoir, F|\n|poke|p2|Roserade, M|\n|poke|p2|Gastrodon, M|\n|poke|p2|Gliscor, F|\n|teampreview\n|inactive|Battle timer is ON: inactive players will automatically lose when time's up. (requested by SlowySlow)\n|\n|t:|1700267351\n|start\n|switch|p1a: Galvantula|Galvantula, M|100\/100\n|switch|p2a: Aegislash|Aegislash, M|100\/100\n|turn|1\n|\n|t:|1700267358\n|switch|p2a: Gliscor|Gliscor, F|100\/100\n|move|p1a: Galvantula|Sticky Web|p2a: Gliscor\n|-sidestart|p2: PearlHarbor1996|move: Sticky Web\n|\n|-status|p2a: Gliscor|tox|[from] item: Toxic Orb\n|upkeep\n|turn|2\n|\n|t:|1700267365\n|switch|p1a: Ninetales|Ninetales-Alola, F|100\/100\n|-weather|Snow|[from] ability: Snow Warning|[of] p1a: Ninetales\n|move|p2a: Gliscor|Toxic|p1a: Ninetales\n|-status|p1a: Ninetales|tox\n|\n|-weather|Snow|[upkeep]\n|-damage|p1a: Ninetales|94\/100 tox|[from] psn\n|upkeep\n|turn|3\n|\n|t:|1700267377\n|move|p1a: Ninetales|Aurora Veil|p1a: Ninetales\n|-sidestart|p1: SlowySlow|move: Aurora Veil\n|move|p2a: Gliscor|Defog|p1a: Ninetales\n|-unboost|p1a: Ninetales|evasion|1\n|-sideend|p1: SlowySlow|move: Aurora Veil\n|-sideend|p2: PearlHarbor1996|Sticky Web|[from] move: Defog|[of] p2a: Gliscor\n|\n|-weather|Snow|[upkeep]\n|-damage|p1a: Ninetales|82\/100 tox|[from] psn\n|upkeep\n|turn|4\n|\n|t:|1700267385\n|switch|p2a: Aegislash|Aegislash, M|100\/100\n|move|p1a: Ninetales|Freeze-Dry|p2a: Aegislash\n|-resisted|p2a: Aegislash\n|-damage|p2a: Aegislash|95\/100\n|-status|p2a: Aegislash|frz\n|\n|-weather|Snow|[upkeep]\n|-heal|p2a: Aegislash|100\/100 frz|[from] item: Leftovers\n|-damage|p1a: Ninetales|64\/100 tox|[from] psn\n|upkeep\n|turn|5\n|c|\u2606SlowySlow|eu vou tomar um tacaca\n|\n|t:|1700267396\n|move|p1a: Ninetales|Aurora Veil|p1a: Ninetales\n|-sidestart|p1: SlowySlow|move: Aurora Veil\n|-curestatus|p2a: Aegislash|frz|[msg]\n|move|p2a: Aegislash|Substitute|p2a: Aegislash\n|-start|p2a: Aegislash|Substitute\n|-damage|p2a: Aegislash|75\/100\n|\n|-weather|Snow|[upkeep]\n|-heal|p2a: Aegislash|82\/100|[from] item: Leftovers\n|-damage|p1a: Ninetales|40\/100 tox|[from] psn\n|upkeep\n|turn|6\n|inactive|PearlHarbor1996 has 120 seconds left.\n|\n|t:|1700267436\n|switch|p1a: Serperior|Serperior, M|100\/100\n|-formechange|p2a: Aegislash|Aegislash-Blade||[from] ability: Stance Change\n|move|p2a: Aegislash|Shadow Ball|p1a: Serperior\n|-damage|p1a: Serperior|76\/100\n|-boost|p1a: Serperior|spd|1\n|\n|-weather|none\n|-heal|p2a: Aegislash|88\/100|[from] item: Leftovers\n|upkeep\n|turn|7\n|inactive|PearlHarbor1996 has 120 seconds left.\n|\n|t:|1700267447\n|move|p1a: Serperior|Leaf Storm|p2a: Aegislash\n|-resisted|p2a: Aegislash\n|-end|p2a: Aegislash|Substitute\n|-boost|p1a: Serperior|spa|2\n|move|p2a: Aegislash|Toxic|p1a: Serperior|[miss]\n|-miss|p2a: Aegislash|p1a: Serperior\n|\n|-heal|p2a: Aegislash|94\/100|[from] item: Leftovers\n|upkeep\n|turn|8\n|inactive|PearlHarbor1996 has 120 seconds left.\n|\n|t:|1700267457\n|switch|p2a: Roserade|Roserade, M|100\/100\n|move|p1a: Serperior|Leaf Storm|p2a: Roserade\n|-resisted|p2a: Roserade\n|-damage|p2a: Roserade|82\/100\n|-boost|p1a: Serperior|spa|2\n|\n|-heal|p2a: Roserade|88\/100|[from] item: Leftovers\n|upkeep\n|turn|9\n|\n|t:|1700267464\n|move|p1a: Serperior|Leaf Storm|p2a: Roserade\n|-resisted|p2a: Roserade\n|-damage|p2a: Roserade|61\/100\n|-boost|p1a: Serperior|spa|2\n|move|p2a: Roserade|Sludge Bomb|p1a: Serperior\n|-supereffective|p1a: Serperior\n|-damage|p1a: Serperior|43\/100\n|\n|-heal|p2a: Roserade|67\/100|[from] item: Leftovers\n|upkeep\n|turn|10\n|\n|t:|1700267474\n|move|p1a: Serperior|Leaf Storm|p2a: Roserade|[miss]\n|-miss|p1a: Serperior|p2a: Roserade\n|move|p2a: Roserade|Sludge Bomb|p1a: Serperior\n|-supereffective|p1a: Serperior\n|-damage|p1a: Serperior|11\/100\n|\n|-heal|p2a: Roserade|74\/100|[from] item: Leftovers\n|upkeep\n|turn|11\n|c|\u2606SlowySlow|eu vou tomar um tacaca\n|\n|t:|1700267483\n|move|p1a: Serperior|Leaf Storm|p2a: Roserade\n|-resisted|p2a: Roserade\n|-crit|p2a: Roserade\n|-damage|p2a: Roserade|22\/100\n|move|p2a: Roserade|Sludge Bomb|p1a: Serperior\n|-supereffective|p1a: Serperior\n|-damage|p1a: Serperior|0 fnt\n|faint|p1a: Serperior\n|\n|-heal|p2a: Roserade|29\/100|[from] item: Leftovers\n|upkeep\n|\n|t:|1700267496\n|switch|p1a: Galvantula|Galvantula, M|100\/100\n|turn|12\n|\n|t:|1700267500\n|switch|p2a: Gliscor|Gliscor, F|100\/100 tox\n|move|p1a: Galvantula|Sticky Web|p2a: Gliscor\n|-sidestart|p2: PearlHarbor1996|move: Sticky Web\n|\n|-sideend|p1: SlowySlow|move: Aurora Veil\n|upkeep\n|turn|13\n|inactive|PearlHarbor1996 has 120 seconds left.\n|inactive|PearlHarbor1996 has 90 seconds left.\n|\n|t:|1700267560\n|switch|p1a: Gyarados|Gyarados, F, shiny|100\/100\n|-ability|p1a: Gyarados|Intimidate|boost\n|-unboost|p2a: Gliscor|atk|1\n|move|p2a: Gliscor|Toxic|p1a: Gyarados|[miss]\n|-miss|p2a: Gliscor|p1a: Gyarados\n|\n|upkeep\n|turn|14\n|inactive|PearlHarbor1996 has 90 seconds left.\n|\n|t:|1700267575\n|switch|p2a: Gastrodon|Gastrodon, M|100\/100\n|-activate|p2a: Gastrodon|move: Sticky Web\n|-unboost|p2a: Gastrodon|spe|1\n|detailschange|p1a: Gyarados|Gyarados-Mega, F, shiny\n|-mega|p1a: Gyarados|Gyarados|Gyaradosite\n|-ability|p1a: Gyarados|Mold Breaker\n|move|p1a: Gyarados|Dragon Dance|p1a: Gyarados\n|-boost|p1a: Gyarados|atk|1\n|-boost|p1a: Gyarados|spe|1\n|\n|upkeep\n|turn|15\n|\n|t:|1700267582\n|move|p1a: Gyarados|Crunch|p2a: Gastrodon\n|-damage|p2a: Gastrodon|44\/100\n|-unboost|p2a: Gastrodon|def|1\n|move|p2a: Gastrodon|Clear Smog|p1a: Gyarados\n|-damage|p1a: Gyarados|91\/100\n|-clearboost|p1a: Gyarados\n|\n|-heal|p2a: Gastrodon|50\/100|[from] item: Leftovers\n|upkeep\n|turn|16\n|inactive|PearlHarbor1996 has 90 seconds left.\n|\n|t:|1700267603\n|move|p1a: Gyarados|Dragon Dance|p1a: Gyarados\n|-boost|p1a: Gyarados|atk|1\n|-boost|p1a: Gyarados|spe|1\n|move|p2a: Gastrodon|Scald|p1a: Gyarados\n|-resisted|p1a: Gyarados\n|-damage|p1a: Gyarados|81\/100\n|\n|-heal|p2a: Gastrodon|56\/100|[from] item: Leftovers\n|upkeep\n|turn|17\n|\n|t:|1700267612\n|switch|p2a: Hydreigon|Hydreigon, M|100\/100\n|move|p1a: Gyarados|Crunch|p2a: Hydreigon\n|-resisted|p2a: Hydreigon\n|-damage|p2a: Hydreigon|53\/100\n|\n|upkeep\n|turn|18\n|\n|t:|1700267620\n|move|p2a: Hydreigon|Draco Meteor|p1a: Gyarados\n|-damage|p1a: Gyarados|26\/100\n|-unboost|p2a: Hydreigon|spa|2\n|move|p1a: Gyarados|Waterfall|p2a: Hydreigon\n|-resisted|p2a: Hydreigon\n|-damage|p2a: Hydreigon|9\/100\n|\n|upkeep\n|turn|19\n|\n|t:|1700267631\n|switch|p1a: Clefable|Clefable, F|100\/100\n|move|p2a: Hydreigon|Draco Meteor|p1a: Clefable\n|-immune|p1a: Clefable\n|\n|upkeep\n|turn|20\n|\n|t:|1700267641\n|switch|p2a: Roserade|Roserade, M|29\/100\n|-activate|p2a: Roserade|move: Sticky Web\n|-unboost|p2a: Roserade|spe|1\n|move|p1a: Clefable|Wish|p1a: Clefable\n|\n|-heal|p2a: Roserade|35\/100|[from] item: Leftovers\n|upkeep\n|turn|21\n|\n|t:|1700267648\n|move|p2a: Roserade|Leech Seed|p1a: Clefable\n|-start|p1a: Clefable|move: Leech Seed\n|move|p1a: Clefable|Teleport|p1a: Clefable\n|\n|t:|1700267652\n|switch|p1a: Gyarados|Gyarados-Mega, F, shiny|26\/100|[from] Teleport\n|-ability|p1a: Gyarados|Mold Breaker\n|\n|-heal|p1a: Gyarados|85\/100|[from] move: Wish|[wisher] Clefable\n|-heal|p2a: Roserade|41\/100|[from] item: Leftovers\n|upkeep\n|turn|22\n|\n|t:|1700267661\n|move|p1a: Gyarados|Fire Blast|p2a: Roserade\n|-supereffective|p2a: Roserade\n|-damage|p2a: Roserade|10\/100\n|-status|p2a: Roserade|brn\n|move|p2a: Roserade|Giga Drain|p1a: Gyarados\n|-supereffective|p1a: Gyarados\n|-damage|p1a: Gyarados|34\/100\n|-heal|p2a: Roserade|36\/100 brn|[from] drain|[of] p1a: Gyarados\n|\n|-heal|p2a: Roserade|42\/100 brn|[from] item: Leftovers\n|-damage|p2a: Roserade|36\/100 brn|[from] brn\n|upkeep\n|turn|23\n|inactive|PearlHarbor1996 has 120 seconds left.\n|c|\u2606SlowySlow|i was supposed to crunch\n|c|\u2606SlowySlow|fuck\n|\n|t:|1700267699\n|-curestatus|p2a: Roserade|brn|[from] ability: Natural Cure\n|switch|p2a: Gliscor|Gliscor, F|100\/100 tox\n|move|p1a: Gyarados|Crunch|p2a: Gliscor\n|-damage|p2a: Gliscor|68\/100 tox\n|\n|-heal|p2a: Gliscor|80\/100 tox|[from] ability: Poison Heal\n|upkeep\n|turn|24\n|\n|t:|1700267710\n|-terastallize|p2a: Gliscor|Water\n|move|p1a: Gyarados|Waterfall|p2a: Gliscor\n|-resisted|p2a: Gliscor\n|-crit|p2a: Gliscor\n|-damage|p2a: Gliscor|54\/100 tox\n|cant|p2a: Gliscor|flinch\n|\n|-heal|p2a: Gliscor|67\/100 tox|[from] ability: Poison Heal\n|upkeep\n|turn|25\n|\n|t:|1700267722\n|switch|p1a: Galvantula|Galvantula, M|100\/100\n|move|p2a: Gliscor|Earthquake|p1a: Galvantula\n|-damage|p1a: Galvantula|43\/100\n|\n|-heal|p2a: Gliscor|79\/100 tox|[from] ability: Poison Heal\n|upkeep\n|turn|26\n|\n|t:|1700267732\n|switch|p2a: Gastrodon|Gastrodon, M|56\/100\n|-activate|p2a: Gastrodon|move: Sticky Web\n|-unboost|p2a: Gastrodon|spe|1\n|move|p1a: Galvantula|Thunder|p2a: Gastrodon\n|-immune|p2a: Gastrodon\n|\n|-heal|p2a: Gastrodon|62\/100|[from] item: Leftovers\n|upkeep\n|turn|27\n|\n|t:|1700267747\n|switch|p1a: Ninetales|Ninetales-Alola, F|40\/100 tox\n|-weather|Snow|[from] ability: Snow Warning|[of] p1a: Ninetales\n|move|p2a: Gastrodon|Recover|p2a: Gastrodon\n|-heal|p2a: Gastrodon|100\/100\n|\n|-weather|Snow|[upkeep]\n|-damage|p1a: Ninetales|34\/100 tox|[from] psn\n|upkeep\n|turn|28\n|\n|t:|1700267756\n|switch|p2a: Aegislash|Aegislash, M|94\/100\n|-activate|p2a: Aegislash|move: Sticky Web\n|-unboost|p2a: Aegislash|spe|1\n|move|p1a: Ninetales|Aurora Veil|p1a: Ninetales\n|-sidestart|p1: SlowySlow|move: Aurora Veil\n|\n|-weather|Snow|[upkeep]\n|-heal|p2a: Aegislash|99\/100|[from] item: Leftovers\n|-damage|p1a: Ninetales|22\/100 tox|[from] psn\n|upkeep\n|turn|29\n|\n|t:|1700267763\n|switch|p1a: Excadrill|Excadrill, M|100\/100\n|-ability|p1a: Excadrill|Mold Breaker\n|move|p2a: Aegislash|Substitute|p2a: Aegislash\n|-start|p2a: Aegislash|Substitute\n|-damage|p2a: Aegislash|75\/100\n|\n|-weather|Snow|[upkeep]\n|-heal|p2a: Aegislash|81\/100|[from] item: Leftovers\n|upkeep\n|turn|30\n|\n|t:|1700267767\n|move|p1a: Excadrill|Stealth Rock|p2a: Aegislash\n|-sidestart|p2: PearlHarbor1996|move: Stealth Rock\n|-formechange|p2a: Aegislash|Aegislash-Blade||[from] ability: Stance Change\n|move|p2a: Aegislash|Shadow Ball|p1a: Excadrill\n|-damage|p1a: Excadrill|76\/100\n|\n|-weather|Snow|[upkeep]\n|-heal|p1a: Excadrill|82\/100|[from] item: Leftovers\n|-heal|p2a: Aegislash|88\/100|[from] item: Leftovers\n|upkeep\n|turn|31\n|\n|t:|1700267779\n|move|p1a: Excadrill|Earthquake|p2a: Aegislash\n|-supereffective|p2a: Aegislash\n|-end|p2a: Aegislash|Substitute\n|move|p2a: Aegislash|Shadow Ball|p1a: Excadrill\n|-damage|p1a: Excadrill|56\/100\n|-unboost|p1a: Excadrill|spd|1\n|\n|-weather|none\n|-heal|p1a: Excadrill|62\/100|[from] item: Leftovers\n|-heal|p2a: Aegislash|94\/100|[from] item: Leftovers\n|upkeep\n|turn|32\n|\n|t:|1700267791\n|-formechange|p2a: Aegislash|Aegislash||[from] ability: Stance Change\n|move|p2a: Aegislash|King's Shield|p2a: Aegislash\n|-singleturn|p2a: Aegislash|Protect\n|move|p1a: Excadrill|Earthquake|p2a: Aegislash\n|-activate|p2a: Aegislash|move: Protect\n|\n|-heal|p1a: Excadrill|68\/100|[from] item: Leftovers\n|-heal|p2a: Aegislash|99\/100|[from] item: Leftovers\n|upkeep\n|turn|33\n|\n|t:|1700267803\n|switch|p2a: Gastrodon|Gastrodon, M|100\/100\n|-activate|p2a: Gastrodon|move: Sticky Web\n|-unboost|p2a: Gastrodon|spe|1\n|-damage|p2a: Gastrodon|94\/100|[from] Stealth Rock\n|move|p1a: Excadrill|Earthquake|p2a: Gastrodon\n|-damage|p2a: Gastrodon|54\/100\n|\n|-heal|p1a: Excadrill|74\/100|[from] item: Leftovers\n|-heal|p2a: Gastrodon|60\/100|[from] item: Leftovers\n|upkeep\n|turn|34\n|\n|t:|1700267814\n|move|p1a: Excadrill|Earthquake|p2a: Gastrodon\n|-damage|p2a: Gastrodon|17\/100\n|move|p2a: Gastrodon|Recover|p2a: Gastrodon\n|-heal|p2a: Gastrodon|67\/100\n|\n|-heal|p1a: Excadrill|80\/100|[from] item: Leftovers\n|-heal|p2a: Gastrodon|73\/100|[from] item: Leftovers\n|upkeep\n|turn|35\n|\n|t:|1700267830\n|switch|p1a: Clefable|Clefable, F|100\/100\n|move|p2a: Gastrodon|Recover|p2a: Gastrodon\n|-heal|p2a: Gastrodon|100\/100\n|\n|-sideend|p1: SlowySlow|move: Aurora Veil\n|upkeep\n|turn|36\n|\n|t:|1700267836\n|switch|p2a: Gliscor|Gliscor, F, tera:Water|79\/100 tox\n|-activate|p2a: Gliscor|move: Sticky Web\n|-unboost|p2a: Gliscor|spe|1\n|-damage|p2a: Gliscor|67\/100 tox|[from] Stealth Rock\n|move|p1a: Clefable|Wish|p1a: Clefable\n|\n|-heal|p2a: Gliscor|79\/100 tox|[from] ability: Poison Heal\n|upkeep\n|turn|37\n|\n|t:|1700267841\n|move|p2a: Gliscor|Defog|p1a: Clefable\n|-unboost|p1a: Clefable|evasion|1\n|-sideend|p2: PearlHarbor1996|Stealth Rock|[from] move: Defog|[of] p2a: Gliscor\n|-sideend|p2: PearlHarbor1996|Sticky Web|[from] move: Defog|[of] p2a: Gliscor\n|move|p1a: Clefable|Teleport|p1a: Clefable\n|\n|t:|1700267848\n|switch|p1a: Ninetales|Ninetales-Alola, F|22\/100 tox|[from] Teleport\n|-weather|Snow|[from] ability: Snow Warning|[of] p1a: Ninetales\n|\n|-weather|Snow|[upkeep]\n|-heal|p1a: Ninetales|79\/100 tox|[from] move: Wish|[wisher] Clefable\n|-damage|p1a: Ninetales|73\/100 tox|[from] psn\n|-heal|p2a: Gliscor|91\/100 tox|[from] ability: Poison Heal\n|upkeep\n|turn|38\n|\n|t:|1700267859\n|move|p1a: Ninetales|Freeze-Dry|p2a: Gliscor\n|-supereffective|p2a: Gliscor\n|-damage|p2a: Gliscor|39\/100 tox\n|move|p2a: Gliscor|Earthquake|p1a: Ninetales\n|-damage|p1a: Ninetales|45\/100 tox\n|\n|-weather|Snow|[upkeep]\n|-damage|p1a: Ninetales|33\/100 tox|[from] psn\n|-heal|p2a: Gliscor|51\/100 tox|[from] ability: Poison Heal\n|upkeep\n|turn|39\n|\n|t:|1700267869\n|switch|p2a: Aegislash|Aegislash, M|99\/100\n|move|p1a: Ninetales|Aurora Veil|p1a: Ninetales\n|-sidestart|p1: SlowySlow|move: Aurora Veil\n|\n|-weather|Snow|[upkeep]\n|-heal|p2a: Aegislash|100\/100|[from] item: Leftovers\n|-damage|p1a: Ninetales|15\/100 tox|[from] psn\n|upkeep\n|turn|40\n|\n|t:|1700267886\n|switch|p2a: Gliscor|Gliscor, F, tera:Water|51\/100 tox\n|move|p1a: Ninetales|Encore||[still]\n|-fail|p1a: Ninetales\n|\n|-weather|Snow|[upkeep]\n|-damage|p1a: Ninetales|0 fnt|[from] psn\n|faint|p1a: Ninetales\n|-heal|p2a: Gliscor|64\/100 tox|[from] ability: Poison Heal\n|upkeep\n|\n|t:|1700267892\n|switch|p1a: Galvantula|Galvantula, M|43\/100\n|turn|41\n|\n|t:|1700267900\n|switch|p2a: Roserade|Roserade, M|36\/100\n|move|p1a: Galvantula|Bug Buzz|p2a: Roserade\n|-damage|p2a: Roserade|8\/100\n|\n|-weather|none\n|-heal|p2a: Roserade|14\/100|[from] item: Leftovers\n|upkeep\n|turn|42\n|\n|t:|1700267909\n|move|p1a: Galvantula|Volt Switch|p2a: Roserade\n|-resisted|p2a: Roserade\n|-damage|p2a: Roserade|3\/100\n|-message|SlowySlow forfeited.\n|\n|win|PearlHarbor1996\n|raw|SlowySlow's rating: 1232 &rarr; <strong>1208<\/strong><br \/>(-24 for losing)\n|raw|PearlHarbor1996's rating: 1252 &rarr; <strong>1276<\/strong><br \/>(+24 for winning)\n|l|\u2606SlowySlow\n","uploadtime":1700267927,"views":16,"p1id":"slowyslow","p2id":"pearlharbor1996","formatid":"gen9nationaldex","rating":1208,"private":0,"password":""}