{"id":"gen9nationaldex-1993996691","p1":"chl158981215","p2":"fvv21","format":"[Gen 9] National Dex","log":"|j|\u2606chl158981215\n|j|\u2606fvv21\n|t:|1700390488\n|gametype|singles\n|player|p1|chl158981215|brycen|1429\n|player|p2|fvv21|fisherman-gen4|1371\n|teamsize|p1|6\n|teamsize|p2|6\n|gen|9\n|tier|[Gen 9] National Dex\n|rated|\n|rule|HP Percentage Mod: HP is shown in percentages\n|rule|Endless Battle Clause: Forcing endless battles is banned\n|rule|OHKO Clause: OHKO moves are banned\n|rule|Evasion Clause: Evasion abilities, items, and moves are banned\n|rule|Evasion Abilities Clause: Evasion abilities are banned\n|rule|Evasion Items Clause: Evasion items are banned\n|rule|Evasion Moves Clause: Evasion moves are banned\n|rule|Species Clause: Limit one of each Pok\u00e9mon\n|rule|Sleep Clause Mod: Limit one foe put to sleep\n|clearpoke\n|poke|p1|Tapu Koko|\n|poke|p1|Moltres|\n|poke|p1|Tapu Lele|\n|poke|p1|Scizor, M|\n|poke|p1|Samurott-Hisui, M|\n|poke|p1|Gliscor, F|\n|poke|p2|Garchomp, M|\n|poke|p2|Mimikyu, M|\n|poke|p2|Ogerpon-Wellspring, F|\n|poke|p2|Iron Valiant|\n|poke|p2|Scizor, F|\n|poke|p2|Dragonite, F|\n|teampreview\n|inactive|Battle timer is ON: inactive players will automatically lose when time's up. (requested by chl158981215)\n|\n|t:|1700390497\n|start\n|switch|p1a: Scizor|Scizor, M|100\/100\n|switch|p2a: Iron Valiant|Iron Valiant|100\/100\n|-enditem|p2a: Iron Valiant|Booster Energy\n|-activate|p2a: Iron Valiant|ability: Quark Drive|[fromitem]\n|-start|p2a: Iron Valiant|quarkdrivespe\n|turn|1\n|\n|t:|1700390516\n|detailschange|p1a: Scizor|Scizor-Mega, M\n|-mega|p1a: Scizor|Scizor|Scizorite\n|move|p2a: Iron Valiant|Aura Sphere|p1a: Scizor\n|-damage|p1a: Scizor|62\/100\n|move|p1a: Scizor|Swords Dance|p1a: Scizor\n|-boost|p1a: Scizor|atk|2\n|\n|upkeep\n|turn|2\n|\n|t:|1700390532\n|-end|p2a: Iron Valiant|Quark Drive|[silent]\n|switch|p2a: Garchomp|Garchomp, M|100\/100\n|move|p1a: Scizor|Bullet Punch|p2a: Garchomp\n|-damage|p2a: Garchomp|19\/100\n|-damage|p1a: Scizor|50\/100|[from] ability: Rough Skin|[of] p2a: Garchomp\n|\n|upkeep\n|turn|3\n|\n|t:|1700390540\n|move|p1a: Scizor|Bullet Punch|p2a: Garchomp\n|-damage|p2a: Garchomp|0 fnt\n|-damage|p1a: Scizor|38\/100|[from] ability: Rough Skin|[of] p2a: Garchomp\n|faint|p2a: Garchomp\n|\n|upkeep\n|\n|t:|1700390547\n|switch|p2a: Scizor|Scizor, F, shiny|100\/100\n|turn|4\n|\n|t:|1700390553\n|switch|p1a: Moltres|Moltres, shiny|100\/100\n|detailschange|p2a: Scizor|Scizor-Mega, F, shiny\n|-mega|p2a: Scizor|Scizor|Scizorite\n|move|p2a: Scizor|Close Combat|p1a: Moltres\n|-resisted|p1a: Moltres\n|-damage|p1a: Moltres|78\/100\n|-unboost|p2a: Scizor|def|1\n|-unboost|p2a: Scizor|spd|1\n|\n|upkeep\n|turn|5\n|\n|t:|1700390570\n|switch|p2a: Ogerpon|Ogerpon-Wellspring, F|100\/100\n|move|p1a: Moltres|Flamethrower|p2a: Ogerpon\n|-damage|p2a: Ogerpon|59\/100\n|-status|p2a: Ogerpon|brn\n|\n|-damage|p2a: Ogerpon|53\/100 brn|[from] brn\n|upkeep\n|turn|6\n|\n|t:|1700390591\n|switch|p1a: Gliscor|Gliscor, F|100\/100\n|move|p2a: Ogerpon|Ivy Cudgel|p1a: Gliscor|[anim] Ivy Cudgel Water\n|-supereffective|p1a: Gliscor\n|-crit|p1a: Gliscor\n|-damage|p1a: Gliscor|26\/100\n|\n|-damage|p2a: Ogerpon|47\/100 brn|[from] brn\n|-status|p1a: Gliscor|tox|[from] item: Toxic Orb\n|upkeep\n|turn|7\n|\n|t:|1700390604\n|move|p2a: Ogerpon|Trailblaze|p1a: Gliscor\n|-damage|p1a: Gliscor|14\/100 tox\n|-boost|p2a: Ogerpon|spe|1\n|move|p1a: Gliscor|Roost|p1a: Gliscor\n|-heal|p1a: Gliscor|64\/100 tox\n|-singleturn|p1a: Gliscor|move: Roost\n|\n|-heal|p1a: Gliscor|76\/100 tox|[from] ability: Poison Heal\n|-damage|p2a: Ogerpon|41\/100 brn|[from] brn\n|upkeep\n|turn|8\n|inactive|chl158981215 has 120 seconds left.\n|\n|t:|1700390623\n|-terastallize|p1a: Gliscor|Steel\n|move|p2a: Ogerpon|Swords Dance|p2a: Ogerpon\n|-boost|p2a: Ogerpon|atk|2\n|move|p1a: Gliscor|Stealth Rock|p2a: Ogerpon\n|-sidestart|p2: fvv21|move: Stealth Rock\n|\n|-heal|p1a: Gliscor|89\/100 tox|[from] ability: Poison Heal\n|-damage|p2a: Ogerpon|35\/100 brn|[from] brn\n|upkeep\n|turn|9\n|inactive|chl158981215 has 120 seconds left.\n|\n|t:|1700390638\n|move|p2a: Ogerpon|Ivy Cudgel|p1a: Gliscor|[anim] Ivy Cudgel Water\n|-damage|p1a: Gliscor|38\/100 tox\n|move|p1a: Gliscor|Earthquake|p2a: Ogerpon\n|-resisted|p2a: Ogerpon\n|-damage|p2a: Ogerpon|13\/100 brn\n|\n|-heal|p1a: Gliscor|50\/100 tox|[from] ability: Poison Heal\n|-damage|p2a: Ogerpon|7\/100 brn|[from] brn\n|upkeep\n|turn|10\n|inactive|chl158981215 has 120 seconds left.\n|\n|t:|1700390649\n|move|p2a: Ogerpon|Ivy Cudgel|p1a: Gliscor|[anim] Ivy Cudgel Water\n|-damage|p1a: Gliscor|0 fnt\n|faint|p1a: Gliscor\n|\n|-damage|p2a: Ogerpon|1\/100 brn|[from] brn\n|upkeep\n|\n|t:|1700390665\n|switch|p1a: Samurott|Samurott-Hisui, M|100\/100\n|turn|11\n|\n|t:|1700390670\n|move|p1a: Samurott|Aqua Jet|p2a: Ogerpon\n|-heal|p2a: Ogerpon|26\/100 brn|[from] ability: Water Absorb|[of] p1a: Samurott\n|move|p2a: Ogerpon|Play Rough|p1a: Samurott\n|-supereffective|p1a: Samurott\n|-damage|p1a: Samurott|22\/100\n|\n|-damage|p2a: Ogerpon|20\/100 brn|[from] brn\n|upkeep\n|turn|12\n|inactive|chl158981215 has 120 seconds left.\n|\n|t:|1700390679\n|move|p2a: Ogerpon|Trailblaze|p1a: Samurott\n|-supereffective|p1a: Samurott\n|-damage|p1a: Samurott|0 fnt\n|-boost|p2a: Ogerpon|spe|1\n|faint|p1a: Samurott\n|\n|-damage|p2a: Ogerpon|14\/100 brn|[from] brn\n|upkeep\n|inactive|chl158981215 has 120 seconds left.\n|\n|t:|1700390687\n|switch|p1a: Scizor|Scizor-Mega, M|38\/100\n|turn|13\n|\n|t:|1700390692\n|move|p1a: Scizor|Bullet Punch|p2a: Ogerpon\n|-resisted|p2a: Ogerpon\n|-damage|p2a: Ogerpon|0 fnt\n|faint|p2a: Ogerpon\n|\n|upkeep\n|\n|t:|1700390698\n|switch|p2a: Dragonite|Dragonite, F|100\/100\n|-damage|p2a: Dragonite|76\/100|[from] Stealth Rock\n|turn|14\n|\n|t:|1700390706\n|move|p1a: Scizor|Bullet Punch|p2a: Dragonite\n|-damage|p2a: Dragonite|40\/100\n|move|p2a: Dragonite|Dual Wingbeat|p1a: Scizor\n|-damage|p1a: Scizor|9\/100\n|-damage|p1a: Scizor|0 fnt\n|faint|p1a: Scizor\n|-hitcount|p1: Scizor|2\n|\n|upkeep\n|\n|t:|1700390718\n|switch|p1a: Tapu Koko|Tapu Koko, shiny|100\/100\n|-fieldstart|move: Electric Terrain|[from] ability: Electric Surge|[of] p1a: Tapu Koko\n|turn|15\n|\n|t:|1700390728\n|switch|p2a: Scizor|Scizor-Mega, F, shiny|100\/100\n|-damage|p2a: Scizor|88\/100|[from] Stealth Rock\n|move|p1a: Tapu Koko|Reflect|p1a: Tapu Koko\n|-sidestart|p1: chl158981215|Reflect\n|\n|upkeep\n|turn|16\n|\n|t:|1700390736\n|switch|p1a: Moltres|Moltres, shiny|78\/100\n|move|p2a: Scizor|U-turn|p1a: Moltres\n|-resisted|p1a: Moltres\n|-damage|p1a: Moltres|74\/100\n|-status|p2a: Scizor|brn|[from] ability: Flame Body|[of] p1a: Moltres\n|\n|t:|1700390740\n|switch|p2a: Iron Valiant|Iron Valiant|100\/100|[from] U-turn\n|-damage|p2a: Iron Valiant|94\/100|[from] Stealth Rock\n|-activate|p2a: Iron Valiant|ability: Quark Drive\n|-start|p2a: Iron Valiant|quarkdrivespe\n|\n|upkeep\n|turn|17\n|\n|t:|1700390763\n|move|p2a: Iron Valiant|Thunderbolt|p1a: Moltres\n|-supereffective|p1a: Moltres\n|-damage|p1a: Moltres|13\/100\n|move|p1a: Moltres|Flamethrower|p2a: Iron Valiant\n|-damage|p2a: Iron Valiant|23\/100\n|\n|upkeep\n|turn|18\n|\n|t:|1700390777\n|switch|p1a: Tapu Lele|Tapu Lele|100\/100\n|-fieldstart|move: Psychic Terrain|[from] ability: Psychic Surge|[of] p1a: Tapu Lele\n|-end|p2a: Iron Valiant|Quark Drive\n|move|p2a: Iron Valiant|Moonblast|p1a: Tapu Lele\n|-damage|p1a: Tapu Lele|50\/100\n|-unboost|p1a: Tapu Lele|spa|1\n|\n|upkeep\n|turn|19\n|\n|t:|1700390791\n|move|p2a: Iron Valiant|Moonblast|p1a: Tapu Lele\n|-damage|p1a: Tapu Lele|3\/100\n|-unboost|p1a: Tapu Lele|spa|1\n|move|p1a: Tapu Lele|Psychic|p2a: Iron Valiant\n|-supereffective|p2a: Iron Valiant\n|-damage|p2a: Iron Valiant|0 fnt\n|faint|p2a: Iron Valiant\n|-end|p2a: Iron Valiant|Quark Drive|[silent]\n|\n|upkeep\n|\n|t:|1700390801\n|switch|p2a: Scizor|Scizor-Mega, F, shiny|88\/100 brn\n|-damage|p2a: Scizor|76\/100 brn|[from] Stealth Rock\n|turn|20\n|\n|t:|1700390809\n|switch|p1a: Tapu Koko|Tapu Koko, shiny|100\/100\n|-fieldstart|move: Electric Terrain|[from] ability: Electric Surge|[of] p1a: Tapu Koko\n|move|p2a: Scizor|U-turn|p1a: Tapu Koko\n|-resisted|p1a: Tapu Koko\n|-damage|p1a: Tapu Koko|93\/100\n|\n|t:|1700390814\n|switch|p2a: Dragonite|Dragonite, F|40\/100|[from] U-turn\n|-damage|p2a: Dragonite|15\/100|[from] Stealth Rock\n|\n|upkeep\n|turn|21\n|\n|t:|1700390828\n|move|p2a: Dragonite|Extreme Speed|p1a: Tapu Koko\n|-damage|p1a: Tapu Koko|59\/100\n|move|p1a: Tapu Koko|Volt Switch|p2a: Dragonite\n|-damage|p2a: Dragonite|0 fnt\n|faint|p2a: Dragonite\n|\n|t:|1700390837\n|switch|p1a: Moltres|Moltres, shiny|13\/100|[from] Volt Switch\n|\n|upkeep\n|\n|t:|1700390853\n|switch|p2a: Mimikyu|Mimikyu, M|100\/100\n|-damage|p2a: Mimikyu|88\/100|[from] Stealth Rock\n|turn|22\n|\n|t:|1700390866\n|move|p2a: Mimikyu|Substitute|p2a: Mimikyu\n|-start|p2a: Mimikyu|Substitute\n|-damage|p2a: Mimikyu|63\/100\n|move|p1a: Moltres|Flamethrower|p2a: Mimikyu\n|-end|p2a: Mimikyu|Substitute\n|\n|-sideend|p1: chl158981215|Reflect\n|upkeep\n|turn|23\n|\n|t:|1700390875\n|move|p2a: Mimikyu|Shadow Sneak|p1a: Moltres\n|-damage|p1a: Moltres|0 fnt\n|faint|p1a: Moltres\n|\n|upkeep\n|\n|t:|1700390900\n|switch|p1a: Tapu Koko|Tapu Koko, shiny|59\/100\n|turn|24\n|\n|t:|1700390915\n|move|p1a: Tapu Koko|Volt Switch|p2a: Mimikyu\n|-activate|p2a: Mimikyu|ability: Disguise\n|-damage|p2a: Mimikyu|63\/100\n|detailschange|p2a: Mimikyu|Mimikyu-Busted, M\n|-damage|p2a: Mimikyu|51\/100|[from] pokemon: Mimikyu-Busted\n|-enditem|p2a: Mimikyu|Red Card|[of] p1a: Tapu Koko\n|drag|p1a: Tapu Lele|Tapu Lele|3\/100\n|-fieldstart|move: Psychic Terrain|[from] ability: Psychic Surge|[of] p1a: Tapu Lele\n|move|p2a: Mimikyu|Play Rough|p1a: Tapu Lele\n|-damage|p1a: Tapu Lele|0 fnt\n|faint|p1a: Tapu Lele\n|\n|upkeep\n|\n|t:|1700390929\n|switch|p1a: Tapu Koko|Tapu Koko, shiny|59\/100\n|-fieldstart|move: Electric Terrain|[from] ability: Electric Surge|[of] p1a: Tapu Koko\n|turn|25\n|\n|t:|1700390942\n|-terastallize|p2a: Mimikyu|Ghost\n|move|p2a: Mimikyu|Shadow Sneak|p1a: Tapu Koko\n|-damage|p1a: Tapu Koko|32\/100\n|move|p1a: Tapu Koko|Reflect|p1a: Tapu Koko\n|-sidestart|p1: chl158981215|Reflect\n|\n|upkeep\n|turn|26\n|\n|t:|1700390948\n|move|p2a: Mimikyu|Shadow Sneak|p1a: Tapu Koko\n|-damage|p1a: Tapu Koko|17\/100\n|move|p1a: Tapu Koko|Volt Switch|p2a: Mimikyu\n|-damage|p2a: Mimikyu|3\/100\n|\n|upkeep\n|turn|27\n|\n|t:|1700390954\n|move|p2a: Mimikyu|Shadow Sneak|p1a: Tapu Koko\n|-damage|p1a: Tapu Koko|2\/100\n|move|p1a: Tapu Koko|Volt Switch|p2a: Mimikyu\n|-damage|p2a: Mimikyu|0 fnt\n|faint|p2a: Mimikyu\n|\n|upkeep\n|\n|t:|1700390957\n|switch|p2a: Scizor|Scizor-Mega, F, shiny|76\/100 brn\n|-damage|p2a: Scizor|64\/100 brn|[from] Stealth Rock\n|turn|28\n|\n|t:|1700390964\n|move|p2a: Scizor|Bullet Punch|p1a: Tapu Koko\n|-damage|p1a: Tapu Koko|0 fnt\n|faint|p1a: Tapu Koko\n|\n|win|fvv21\n|raw|chl158981215's rating: 1429 &rarr; <strong>1406<\/strong><br \/>(-23 for losing)\n|raw|fvv21's rating: 1371 &rarr; <strong>1394<\/strong><br \/>(+23 for winning)\n|l|\u2606chl158981215\n","uploadtime":1700390977,"views":27,"p1id":"chl158981215","p2id":"fvv21","formatid":"gen9nationaldex","rating":1394,"private":0,"password":""}