{"id":"gen9nationaldex-1993314686","p1":"Sasuna","p2":"merfa","format":"[Gen 9] National Dex","log":"|j|\u2606Sasuna\n|j|\u2606merfa\n|t:|1700296431\n|gametype|singles\n|player|p1|Sasuna|roark|1000\n|player|p2|merfa|lass-gen4dp|1076\n|teamsize|p1|6\n|teamsize|p2|6\n|gen|9\n|tier|[Gen 9] National Dex\n|rated|\n|rule|HP Percentage Mod: HP is shown in percentages\n|rule|Endless Battle Clause: Forcing endless battles is banned\n|rule|OHKO Clause: OHKO moves are banned\n|rule|Evasion Clause: Evasion abilities, items, and moves are banned\n|rule|Evasion Abilities Clause: Evasion abilities are banned\n|rule|Evasion Items Clause: Evasion items are banned\n|rule|Evasion Moves Clause: Evasion moves are banned\n|rule|Species Clause: Limit one of each Pok\u00e9mon\n|rule|Sleep Clause Mod: Limit one foe put to sleep\n|clearpoke\n|poke|p1|Tornadus-Therian, M|\n|poke|p1|Gigalith, F|\n|poke|p1|Excadrill, M|\n|poke|p1|Hippowdon, F|\n|poke|p1|Dracozolt|\n|poke|p1|Landorus-Therian, M|\n|poke|p2|Manaphy|\n|poke|p2|Pikachu, F|\n|poke|p2|Bewear, F|\n|poke|p2|Swellow, F|\n|poke|p2|Whimsicott, F|\n|poke|p2|Aegislash, F|\n|teampreview\n|\n|t:|1700296445\n|start\n|switch|p1a: Hippowdon|Hippowdon, F|100\/100\n|switch|p2a: Whimsicott|Whimsicott, F|100\/100\n|-weather|Sandstorm|[from] ability: Sand Stream|[of] p1a: Hippowdon\n|turn|1\n|\n|t:|1700296464\n|move|p2a: Whimsicott|Leech Seed|p1a: Hippowdon\n|-start|p1a: Hippowdon|move: Leech Seed\n|move|p1a: Hippowdon|Stealth Rock|p2a: Whimsicott\n|-sidestart|p2: merfa|move: Stealth Rock\n|\n|-weather|Sandstorm|[upkeep]\n|-damage|p2a: Whimsicott|94\/100|[from] Sandstorm\n|-heal|p2a: Whimsicott|100\/100|[from] item: Leftovers\n|-damage|p1a: Hippowdon|88\/100|[from] Leech Seed|[of] p2a: Whimsicott\n|upkeep\n|turn|2\n|\n|t:|1700296473\n|move|p2a: Whimsicott|Encore|p1a: Hippowdon\n|-start|p1a: Hippowdon|Encore\n|move|p1a: Hippowdon|Stealth Rock||[still]\n|-fail|p1a: Hippowdon\n|\n|-weather|Sandstorm|[upkeep]\n|-damage|p2a: Whimsicott|94\/100|[from] Sandstorm\n|-heal|p2a: Whimsicott|100\/100|[from] item: Leftovers\n|-damage|p1a: Hippowdon|76\/100|[from] Leech Seed|[of] p2a: Whimsicott\n|upkeep\n|turn|3\n|\n|t:|1700296479\n|move|p2a: Whimsicott|Toxic|p1a: Hippowdon|[miss]\n|-miss|p2a: Whimsicott|p1a: Hippowdon\n|move|p1a: Hippowdon|Stealth Rock||[still]\n|-fail|p1a: Hippowdon\n|\n|-weather|Sandstorm|[upkeep]\n|-damage|p2a: Whimsicott|94\/100|[from] Sandstorm\n|-heal|p2a: Whimsicott|100\/100|[from] item: Leftovers\n|-damage|p1a: Hippowdon|63\/100|[from] Leech Seed|[of] p2a: Whimsicott\n|upkeep\n|turn|4\n|\n|t:|1700296484\n|move|p2a: Whimsicott|Substitute|p2a: Whimsicott\n|-start|p2a: Whimsicott|Substitute\n|-damage|p2a: Whimsicott|75\/100\n|move|p1a: Hippowdon|Stealth Rock||[still]\n|-fail|p1a: Hippowdon\n|\n|-weather|Sandstorm|[upkeep]\n|-damage|p2a: Whimsicott|69\/100|[from] Sandstorm\n|-heal|p2a: Whimsicott|75\/100|[from] item: Leftovers\n|-damage|p1a: Hippowdon|51\/100|[from] Leech Seed|[of] p2a: Whimsicott\n|-heal|p2a: Whimsicott|92\/100|[silent]\n|-end|p1a: Hippowdon|Encore\n|upkeep\n|turn|5\n|\n|t:|1700296489\n|move|p2a: Whimsicott|Encore|p1a: Hippowdon\n|-start|p1a: Hippowdon|Encore\n|move|p1a: Hippowdon|Stealth Rock||[still]\n|-fail|p1a: Hippowdon\n|\n|-weather|Sandstorm|[upkeep]\n|-damage|p2a: Whimsicott|85\/100|[from] Sandstorm\n|-heal|p2a: Whimsicott|92\/100|[from] item: Leftovers\n|-damage|p1a: Hippowdon|39\/100|[from] Leech Seed|[of] p2a: Whimsicott\n|-heal|p2a: Whimsicott|100\/100|[silent]\n|upkeep\n|turn|6\n|\n|t:|1700296493\n|move|p2a: Whimsicott|Toxic|p1a: Hippowdon\n|-status|p1a: Hippowdon|tox\n|move|p1a: Hippowdon|Stealth Rock||[still]\n|-fail|p1a: Hippowdon\n|\n|-weather|Sandstorm|[upkeep]\n|-damage|p2a: Whimsicott|94\/100|[from] Sandstorm\n|-heal|p2a: Whimsicott|100\/100|[from] item: Leftovers\n|-damage|p1a: Hippowdon|26\/100 tox|[from] Leech Seed|[of] p2a: Whimsicott\n|-damage|p1a: Hippowdon|20\/100 tox|[from] psn\n|upkeep\n|turn|7\n|\n|t:|1700296502\n|switch|p1a: Tornadus|Tornadus-Therian, M|100\/100\n|move|p2a: Whimsicott|Leech Seed|p1a: Tornadus\n|-start|p1a: Tornadus|move: Leech Seed\n|\n|-weather|Sandstorm|[upkeep]\n|-damage|p1a: Tornadus|94\/100|[from] Sandstorm\n|-damage|p2a: Whimsicott|94\/100|[from] Sandstorm\n|-heal|p2a: Whimsicott|100\/100|[from] item: Leftovers\n|-damage|p1a: Tornadus|82\/100|[from] Leech Seed|[of] p2a: Whimsicott\n|upkeep\n|turn|8\n|\n|t:|1700296508\n|move|p2a: Whimsicott|Toxic|p1a: Tornadus\n|-status|p1a: Tornadus|tox\n|move|p1a: Tornadus|Hurricane|p2a: Whimsicott\n|-supereffective|p2a: Whimsicott\n|-end|p2a: Whimsicott|Substitute\n|\n|-weather|none\n|-damage|p1a: Tornadus|70\/100 tox|[from] Leech Seed|[of] p2a: Whimsicott\n|-damage|p1a: Tornadus|64\/100 tox|[from] psn\n|upkeep\n|turn|9\n|\n|t:|1700296517\n|move|p2a: Whimsicott|Substitute|p2a: Whimsicott\n|-start|p2a: Whimsicott|Substitute\n|-damage|p2a: Whimsicott|75\/100\n|move|p1a: Tornadus|Hurricane|p2a: Whimsicott\n|-supereffective|p2a: Whimsicott\n|-end|p2a: Whimsicott|Substitute\n|\n|-heal|p2a: Whimsicott|82\/100|[from] item: Leftovers\n|-damage|p1a: Tornadus|51\/100 tox|[from] Leech Seed|[of] p2a: Whimsicott\n|-heal|p2a: Whimsicott|93\/100|[silent]\n|-damage|p1a: Tornadus|39\/100 tox|[from] psn\n|upkeep\n|turn|10\n|\n|t:|1700296528\n|move|p2a: Whimsicott|Substitute|p2a: Whimsicott\n|-start|p2a: Whimsicott|Substitute\n|-damage|p2a: Whimsicott|68\/100\n|move|p1a: Tornadus|Hurricane|p2a: Whimsicott\n|-supereffective|p2a: Whimsicott\n|-end|p2a: Whimsicott|Substitute\n|\n|-heal|p2a: Whimsicott|74\/100|[from] item: Leftovers\n|-damage|p1a: Tornadus|27\/100 tox|[from] Leech Seed|[of] p2a: Whimsicott\n|-heal|p2a: Whimsicott|86\/100|[silent]\n|-damage|p1a: Tornadus|9\/100 tox|[from] psn\n|upkeep\n|turn|11\n|\n|t:|1700296540\n|move|p2a: Whimsicott|Encore|p1a: Tornadus\n|-start|p1a: Tornadus|Encore\n|move|p1a: Tornadus|Hurricane|p2a: Whimsicott|[miss]\n|-miss|p1a: Tornadus|p2a: Whimsicott\n|\n|-heal|p2a: Whimsicott|92\/100|[from] item: Leftovers\n|-damage|p1a: Tornadus|0 fnt|[from] Leech Seed|[of] p2a: Whimsicott\n|-heal|p2a: Whimsicott|99\/100|[silent]\n|faint|p1a: Tornadus\n|upkeep\n|\n|t:|1700296555\n|switch|p1a: Landorus|Landorus-Therian, M|100\/100\n|-ability|p1a: Landorus|Intimidate|boost\n|-unboost|p2a: Whimsicott|atk|1\n|turn|12\n|\n|t:|1700296566\n|move|p2a: Whimsicott|Leech Seed|p1a: Landorus\n|-start|p1a: Landorus|move: Leech Seed\n|move|p1a: Landorus|Earthquake|p2a: Whimsicott\n|-resisted|p2a: Whimsicott\n|-damage|p2a: Whimsicott|64\/100\n|\n|-heal|p2a: Whimsicott|70\/100|[from] item: Leftovers\n|-damage|p1a: Landorus|88\/100|[from] Leech Seed|[of] p2a: Whimsicott\n|-heal|p2a: Whimsicott|82\/100|[silent]\n|upkeep\n|turn|13\n|\n|t:|1700296583\n|switch|p1a: Excadrill|Excadrill, M|100\/100\n|move|p2a: Whimsicott|Substitute|p2a: Whimsicott\n|-start|p2a: Whimsicott|Substitute\n|-damage|p2a: Whimsicott|57\/100\n|\n|-heal|p2a: Whimsicott|63\/100|[from] item: Leftovers\n|upkeep\n|turn|14\n|\n|t:|1700296591\n|switch|p1a: Dracozolt|Dracozolt|100\/100\n|move|p2a: Whimsicott|Leech Seed|p1a: Dracozolt\n|-start|p1a: Dracozolt|move: Leech Seed\n|\n|-heal|p2a: Whimsicott|69\/100|[from] item: Leftovers\n|-damage|p1a: Dracozolt|88\/100|[from] Leech Seed|[of] p2a: Whimsicott\n|-heal|p2a: Whimsicott|82\/100|[silent]\n|upkeep\n|turn|15\n|\n|t:|1700296594\n|move|p2a: Whimsicott|Toxic|p1a: Dracozolt\n|-status|p1a: Dracozolt|tox\n|move|p1a: Dracozolt|Fire Blast|p2a: Whimsicott\n|-supereffective|p2a: Whimsicott\n|-end|p2a: Whimsicott|Substitute\n|-damage|p1a: Dracozolt|78\/100 tox|[from] item: Life Orb\n|\n|-heal|p2a: Whimsicott|88\/100|[from] item: Leftovers\n|-damage|p1a: Dracozolt|66\/100 tox|[from] Leech Seed|[of] p2a: Whimsicott\n|-heal|p2a: Whimsicott|99\/100|[silent]\n|-damage|p1a: Dracozolt|59\/100 tox|[from] psn\n|upkeep\n|turn|16\n|\n|t:|1700296599\n|move|p2a: Whimsicott|Substitute|p2a: Whimsicott\n|-start|p2a: Whimsicott|Substitute\n|-damage|p2a: Whimsicott|75\/100\n|move|p1a: Dracozolt|Fire Blast|p2a: Whimsicott\n|-supereffective|p2a: Whimsicott\n|-crit|p2a: Whimsicott\n|-end|p2a: Whimsicott|Substitute\n|-damage|p1a: Dracozolt|49\/100 tox|[from] item: Life Orb\n|\n|-heal|p2a: Whimsicott|81\/100|[from] item: Leftovers\n|-damage|p1a: Dracozolt|37\/100 tox|[from] Leech Seed|[of] p2a: Whimsicott\n|-heal|p2a: Whimsicott|94\/100|[silent]\n|-damage|p1a: Dracozolt|24\/100 tox|[from] psn\n|upkeep\n|turn|17\n|\n|t:|1700296615\n|switch|p1a: Landorus|Landorus-Therian, M|88\/100\n|-ability|p1a: Landorus|Intimidate|boost\n|-unboost|p2a: Whimsicott|atk|1\n|move|p2a: Whimsicott|Substitute|p2a: Whimsicott\n|-start|p2a: Whimsicott|Substitute\n|-damage|p2a: Whimsicott|69\/100\n|\n|-heal|p1a: Landorus|94\/100|[from] item: Leftovers\n|-heal|p2a: Whimsicott|75\/100|[from] item: Leftovers\n|upkeep\n|turn|18\n|\n|t:|1700296627\n|move|p2a: Whimsicott|Toxic|p1a: Landorus\n|-status|p1a: Landorus|tox\n|move|p1a: Landorus|Swords Dance|p1a: Landorus\n|-boost|p1a: Landorus|atk|2\n|\n|-heal|p1a: Landorus|99\/100 tox|[from] item: Leftovers\n|-heal|p2a: Whimsicott|81\/100|[from] item: Leftovers\n|-damage|p1a: Landorus|94\/100 tox|[from] psn\n|upkeep\n|turn|19\n|\n|t:|1700296638\n|move|p2a: Whimsicott|Leech Seed|p1a: Landorus\n|-start|p1a: Landorus|move: Leech Seed\n|move|p1a: Landorus|Earthquake|p2a: Whimsicott\n|-resisted|p2a: Whimsicott\n|-end|p2a: Whimsicott|Substitute\n|\n|-heal|p1a: Landorus|99\/100 tox|[from] item: Leftovers\n|-heal|p2a: Whimsicott|87\/100|[from] item: Leftovers\n|-damage|p1a: Landorus|88\/100 tox|[from] Leech Seed|[of] p2a: Whimsicott\n|-heal|p2a: Whimsicott|99\/100|[silent]\n|-damage|p1a: Landorus|76\/100 tox|[from] psn\n|upkeep\n|turn|20\n|\n|t:|1700296658\n|move|p2a: Whimsicott|Substitute|p2a: Whimsicott\n|-start|p2a: Whimsicott|Substitute\n|-damage|p2a: Whimsicott|74\/100\n|move|p1a: Landorus|Earthquake|p2a: Whimsicott\n|-resisted|p2a: Whimsicott\n|-end|p2a: Whimsicott|Substitute\n|\n|-heal|p1a: Landorus|82\/100 tox|[from] item: Leftovers\n|-heal|p2a: Whimsicott|80\/100|[from] item: Leftovers\n|-damage|p1a: Landorus|70\/100 tox|[from] Leech Seed|[of] p2a: Whimsicott\n|-heal|p2a: Whimsicott|92\/100|[silent]\n|-damage|p1a: Landorus|52\/100 tox|[from] psn\n|upkeep\n|turn|21\n|\n|t:|1700296670\n|move|p2a: Whimsicott|Substitute|p2a: Whimsicott\n|-start|p2a: Whimsicott|Substitute\n|-damage|p2a: Whimsicott|67\/100\n|move|p1a: Landorus|Earthquake|p2a: Whimsicott\n|-resisted|p2a: Whimsicott\n|-end|p2a: Whimsicott|Substitute\n|\n|-heal|p1a: Landorus|58\/100 tox|[from] item: Leftovers\n|-heal|p2a: Whimsicott|74\/100|[from] item: Leftovers\n|-damage|p1a: Landorus|46\/100 tox|[from] Leech Seed|[of] p2a: Whimsicott\n|-heal|p2a: Whimsicott|86\/100|[silent]\n|-damage|p1a: Landorus|22\/100 tox|[from] psn\n|upkeep\n|turn|22\n|\n|t:|1700296677\n|switch|p1a: Gigalith|Gigalith, F|100\/100\n|-weather|Sandstorm|[from] ability: Sand Stream|[of] p1a: Gigalith\n|move|p2a: Whimsicott|Substitute|p2a: Whimsicott\n|-start|p2a: Whimsicott|Substitute\n|-damage|p2a: Whimsicott|61\/100\n|\n|-weather|Sandstorm|[upkeep]\n|-damage|p2a: Whimsicott|55\/100|[from] Sandstorm\n|-heal|p2a: Whimsicott|61\/100|[from] item: Leftovers\n|upkeep\n|turn|23\n|\n|t:|1700296688\n|move|p2a: Whimsicott|Leech Seed|p1a: Gigalith\n|-start|p1a: Gigalith|move: Leech Seed\n|move|p1a: Gigalith|Gravity|p1a: Gigalith\n|-fieldstart|move: Gravity\n|\n|-weather|Sandstorm|[upkeep]\n|-damage|p2a: Whimsicott|55\/100|[from] Sandstorm\n|-heal|p2a: Whimsicott|61\/100|[from] item: Leftovers\n|-damage|p1a: Gigalith|88\/100|[from] Leech Seed|[of] p2a: Whimsicott\n|-heal|p2a: Whimsicott|75\/100|[silent]\n|upkeep\n|turn|24\n|\n|t:|1700296701\n|move|p2a: Whimsicott|Toxic|p1a: Gigalith\n|-status|p1a: Gigalith|tox\n|move|p1a: Gigalith|Stealth Rock||[still]\n|-fail|p1a: Gigalith\n|\n|-weather|Sandstorm|[upkeep]\n|-damage|p2a: Whimsicott|69\/100|[from] Sandstorm\n|-heal|p2a: Whimsicott|75\/100|[from] item: Leftovers\n|-damage|p1a: Gigalith|76\/100 tox|[from] Leech Seed|[of] p2a: Whimsicott\n|-heal|p2a: Whimsicott|89\/100|[silent]\n|-damage|p1a: Gigalith|70\/100 tox|[from] psn\n|upkeep\n|turn|25\n|\n|t:|1700296724\n|switch|p1a: Excadrill|Excadrill, M|100\/100\n|move|p2a: Whimsicott|Encore||[still]\n|-fail|p2a: Whimsicott\n|\n|-weather|Sandstorm|[upkeep]\n|-damage|p2a: Whimsicott|83\/100|[from] Sandstorm\n|-heal|p2a: Whimsicott|89\/100|[from] item: Leftovers\n|upkeep\n|turn|26\n|\n|t:|1700296733\n|move|p2a: Whimsicott|Leech Seed|p1a: Excadrill\n|-start|p1a: Excadrill|move: Leech Seed\n|move|p1a: Excadrill|Earthquake|p2a: Whimsicott\n|-resisted|p2a: Whimsicott\n|-end|p2a: Whimsicott|Substitute\n|\n|-weather|Sandstorm|[upkeep]\n|-damage|p2a: Whimsicott|83\/100|[from] Sandstorm\n|-heal|p2a: Whimsicott|89\/100|[from] item: Leftovers\n|-damage|p1a: Excadrill|88\/100|[from] Leech Seed|[of] p2a: Whimsicott\n|-heal|p2a: Whimsicott|100\/100|[silent]\n|upkeep\n|turn|27\n|\n|t:|1700296759\n|-terastallize|p1a: Excadrill|Ground\n|move|p2a: Whimsicott|Substitute|p2a: Whimsicott\n|-start|p2a: Whimsicott|Substitute\n|-damage|p2a: Whimsicott|75\/100\n|move|p1a: Excadrill|Earthquake|p2a: Whimsicott\n|-resisted|p2a: Whimsicott\n|-end|p2a: Whimsicott|Substitute\n|\n|-weather|Sandstorm|[upkeep]\n|-damage|p2a: Whimsicott|69\/100|[from] Sandstorm\n|-heal|p2a: Whimsicott|75\/100|[from] item: Leftovers\n|-damage|p1a: Excadrill|76\/100|[from] Leech Seed|[of] p2a: Whimsicott\n|-heal|p2a: Whimsicott|89\/100|[silent]\n|-fieldend|move: Gravity\n|upkeep\n|turn|28\n|\n|t:|1700296772\n|switch|p1a: Dracozolt|Dracozolt|24\/100 tox\n|move|p2a: Whimsicott|Substitute|p2a: Whimsicott\n|-start|p2a: Whimsicott|Substitute\n|-damage|p2a: Whimsicott|64\/100\n|\n|-weather|Sandstorm|[upkeep]\n|-damage|p2a: Whimsicott|58\/100|[from] Sandstorm\n|-heal|p2a: Whimsicott|64\/100|[from] item: Leftovers\n|-damage|p1a: Dracozolt|18\/100 tox|[from] psn\n|upkeep\n|turn|29\n|\n|t:|1700296780\n|switch|p1a: Excadrill|Excadrill, M, tera:Ground|76\/100\n|move|p2a: Whimsicott|Leech Seed|p1a: Excadrill\n|-start|p1a: Excadrill|move: Leech Seed\n|\n|-weather|none\n|-heal|p2a: Whimsicott|71\/100|[from] item: Leftovers\n|-damage|p1a: Excadrill|63\/100|[from] Leech Seed|[of] p2a: Whimsicott\n|-heal|p2a: Whimsicott|84\/100|[silent]\n|upkeep\n|turn|30\n|\n|t:|1700296800\n|move|p2a: Whimsicott|Encore||[still]\n|-fail|p2a: Whimsicott\n|move|p1a: Excadrill|Iron Head|p2a: Whimsicott\n|-supereffective|p2a: Whimsicott\n|-end|p2a: Whimsicott|Substitute\n|\n|-heal|p2a: Whimsicott|91\/100|[from] item: Leftovers\n|-damage|p1a: Excadrill|51\/100|[from] Leech Seed|[of] p2a: Whimsicott\n|-heal|p2a: Whimsicott|100\/100|[silent]\n|upkeep\n|turn|31\n|\n|t:|1700296806\n|move|p2a: Whimsicott|Toxic|p1a: Excadrill\n|-status|p1a: Excadrill|tox\n|move|p1a: Excadrill|Iron Head|p2a: Whimsicott\n|-supereffective|p2a: Whimsicott\n|-damage|p2a: Whimsicott|0 fnt\n|faint|p2a: Whimsicott\n|\n|-damage|p1a: Excadrill|45\/100 tox|[from] psn\n|upkeep\n|\n|t:|1700296814\n|switch|p2a: Bewear|Bewear, F|100\/100\n|-damage|p2a: Bewear|94\/100|[from] Stealth Rock\n|turn|32\n|\n|t:|1700296817\n|move|p1a: Excadrill|Iron Head|p2a: Bewear\n|-crit|p2a: Bewear\n|-damage|p2a: Bewear|59\/100\n|-damage|p1a: Excadrill|28\/100 tox|[from] item: Rocky Helmet|[of] p2a: Bewear\n|cant|p2a: Bewear|flinch\n|\n|-damage|p1a: Excadrill|15\/100 tox|[from] Leech Seed|[of] p2a: Bewear\n|-heal|p2a: Bewear|69\/100|[silent]\n|-damage|p1a: Excadrill|3\/100 tox|[from] psn\n|upkeep\n|turn|33\n|\n|t:|1700296820\n|move|p1a: Excadrill|Iron Head|p2a: Bewear\n|-damage|p2a: Bewear|46\/100\n|-damage|p1a: Excadrill|0 fnt|[from] item: Rocky Helmet|[of] p2a: Bewear\n|faint|p1a: Excadrill\n|move|p2a: Bewear|Bulk Up|p2a: Bewear\n|-boost|p2a: Bewear|atk|1\n|-boost|p2a: Bewear|def|1\n|\n|upkeep\n|\n|t:|1700296824\n|switch|p1a: Landorus|Landorus-Therian, M|22\/100 tox\n|-ability|p1a: Landorus|Intimidate|boost\n|-unboost|p2a: Bewear|atk|1\n|turn|34\n|\n|t:|1700296829\n|move|p1a: Landorus|Earthquake|p2a: Bewear\n|-damage|p2a: Bewear|20\/100\n|move|p2a: Bewear|Return|p1a: Landorus\n|-damage|p1a: Landorus|0 fnt\n|faint|p1a: Landorus\n|\n|upkeep\n|\n|t:|1700296833\n|switch|p1a: Dracozolt|Dracozolt|18\/100 tox\n|turn|35\n|\n|t:|1700296837\n|move|p1a: Dracozolt|Bolt Beak|p2a: Bewear\n|-damage|p2a: Bewear|0 fnt\n|-damage|p1a: Dracozolt|2\/100 tox|[from] item: Rocky Helmet|[of] p2a: Bewear\n|faint|p2a: Bewear\n|-damage|p1a: Dracozolt|0 fnt|[from] item: Life Orb\n|faint|p1a: Dracozolt\n|\n|upkeep\n|\n|t:|1700296843\n|switch|p1a: Hippowdon|Hippowdon, F|20\/100 tox\n|switch|p2a: Swellow|Swellow, F|100\/100\n|-damage|p2a: Swellow|76\/100|[from] Stealth Rock\n|-weather|Sandstorm|[from] ability: Sand Stream|[of] p1a: Hippowdon\n|turn|36\n|\n|t:|1700296849\n|move|p2a: Swellow|Protect|p2a: Swellow\n|-singleturn|p2a: Swellow|Protect\n|move|p1a: Hippowdon|Toxic|p2a: Swellow\n|-activate|p2a: Swellow|move: Protect\n|\n|-weather|Sandstorm|[upkeep]\n|-damage|p2a: Swellow|70\/100|[from] Sandstorm\n|-damage|p1a: Hippowdon|14\/100 tox|[from] psn\n|-status|p2a: Swellow|brn|[from] item: Flame Orb\n|upkeep\n|turn|37\n|\n|t:|1700296854\n|move|p2a: Swellow|Facade|p1a: Hippowdon\n|-damage|p1a: Hippowdon|0 fnt\n|faint|p1a: Hippowdon\n|\n|-weather|Sandstorm|[upkeep]\n|-damage|p2a: Swellow|63\/100 brn|[from] Sandstorm\n|-damage|p2a: Swellow|57\/100 brn|[from] brn\n|upkeep\n|\n|t:|1700296856\n|switch|p1a: Gigalith|Gigalith, F|70\/100 tox\n|turn|38\n|\n|t:|1700296859\n|-terastallize|p2a: Swellow|Normal\n|move|p2a: Swellow|Facade|p1a: Gigalith\n|-resisted|p1a: Gigalith\n|-damage|p1a: Gigalith|27\/100 tox\n|move|p1a: Gigalith|Rock Blast|p2a: Swellow\n|-damage|p2a: Swellow|25\/100 brn\n|-damage|p2a: Swellow|0 fnt\n|faint|p2a: Swellow\n|-hitcount|p2: Swellow|2\n|\n|-weather|Sandstorm|[upkeep]\n|-damage|p1a: Gigalith|21\/100 tox|[from] psn\n|upkeep\n|\n|t:|1700296865\n|switch|p2a: Pikachu|Pikachu, F|100\/100\n|-damage|p2a: Pikachu|88\/100|[from] Stealth Rock\n|turn|39\n|\n|t:|1700296868\n|move|p2a: Pikachu|Fake Out|p1a: Gigalith\n|-resisted|p1a: Gigalith\n|-damage|p1a: Gigalith|14\/100 tox\n|cant|p1a: Gigalith|flinch\n|\n|-weather|Sandstorm|[upkeep]\n|-damage|p2a: Pikachu|82\/100|[from] Sandstorm\n|-damage|p1a: Gigalith|2\/100 tox|[from] psn\n|upkeep\n|turn|40\n|\n|t:|1700296872\n|move|p2a: Pikachu|Volt Tackle|p1a: Gigalith\n|-crit|p1a: Gigalith\n|-damage|p1a: Gigalith|0 fnt\n|faint|p1a: Gigalith\n|-damage|p2a: Pikachu|81\/100|[from] Recoil\n|\n|win|merfa\n|raw|Sasuna's rating: 1000 &rarr; <strong>1000<\/strong><br \/>(+0 for losing)\n|raw|merfa's rating: 1076 &rarr; <strong>1098<\/strong><br \/>(+22 for winning)\n","uploadtime":1700296876,"views":15,"p1id":"sasuna","p2id":"merfa","formatid":"gen9nationaldex","rating":1000,"private":0,"password":""}