{"id":"gen9nationaldex-2000388423","p1":"MrLukis","p2":"Torrente777","format":"[Gen 9] National Dex","log":"|html|<div class=\"broadcast-blue\"><strong>[Gen 9] National Dex is currently suspecting Sneasler! For information on how to participate check out the <a href=\"https:\/\/www.smogon.com\/forums\/threads\/sv-national-dex-suspect-8-just-dance.3731534\/\">suspect thread<\/a>.<\/strong><\/div>\n|j|\u2606MrLukis\n|j|\u2606Torrente777\n|t:|1701190637\n|gametype|singles\n|player|p1|MrLukis|hugh|\n|player|p2|Torrente777|biker-gen4|\n|teamsize|p1|6\n|teamsize|p2|6\n|gen|9\n|tier|[Gen 9] National Dex\n|rule|HP Percentage Mod: HP is shown in percentages\n|rule|Endless Battle Clause: Forcing endless battles is banned\n|rule|OHKO Clause: OHKO moves are banned\n|rule|Evasion Clause: Evasion abilities, items, and moves are banned\n|rule|Evasion Abilities Clause: Evasion abilities are banned\n|rule|Evasion Items Clause: Evasion items are banned\n|rule|Evasion Moves Clause: Evasion moves are banned\n|rule|Species Clause: Limit one of each Pok\u00e9mon\n|rule|Sleep Clause Mod: Limit one foe put to sleep\n|clearpoke\n|poke|p1|Raichu, M|\n|poke|p1|Luxray, M|\n|poke|p1|Raikou|\n|poke|p1|Ampharos, M|\n|poke|p1|Electivire, M|\n|poke|p1|Jolteon, M|\n|poke|p2|Entei|\n|poke|p2|Torkoal, F|\n|poke|p2|Magmortar, M|\n|poke|p2|Darmanitan, M|\n|poke|p2|Flareon, M|\n|poke|p2|Arcanine, M|\n|teampreview\n|inactive|Battle timer is ON: inactive players will automatically lose when time's up. (requested by MrLukis)\n|\n|t:|1701190651\n|start\n|switch|p1a: Pies r\u00e1pidos|Jolteon, M|100\/100\n|switch|p2a: Darmanitan|Darmanitan, M|100\/100\n|turn|1\n|\n|t:|1701190667\n|move|p1a: Pies r\u00e1pidos|Protect|p1a: Pies r\u00e1pidos\n|-singleturn|p1a: Pies r\u00e1pidos|Protect\n|move|p2a: Darmanitan|Earthquake|p1a: Pies r\u00e1pidos\n|-activate|p1a: Pies r\u00e1pidos|move: Protect\n|\n|-status|p1a: Pies r\u00e1pidos|brn|[from] item: Flame Orb\n|upkeep\n|turn|2\n|\n|t:|1701190675\n|move|p1a: Pies r\u00e1pidos|Thunderbolt|p2a: Darmanitan\n|-damage|p2a: Darmanitan|29\/100\n|move|p2a: Darmanitan|Earthquake|p1a: Pies r\u00e1pidos\n|-supereffective|p1a: Pies r\u00e1pidos\n|-damage|p1a: Pies r\u00e1pidos|0 fnt\n|faint|p1a: Pies r\u00e1pidos\n|-damage|p2a: Darmanitan|20\/100|[from] item: Life Orb\n|\n|upkeep\n|\n|t:|1701190678\n|switch|p1a: Abascal|Raikou, shiny|100\/100\n|-item|p1a: Abascal|Air Balloon\n|turn|3\n|\n|t:|1701190687\n|move|p1a: Abascal|Extreme Speed|p2a: Darmanitan\n|-damage|p2a: Darmanitan|0 fnt\n|faint|p2a: Darmanitan\n|\n|upkeep\n|\n|t:|1701190695\n|switch|p2a: MeCuroConFuego|Arcanine, M|100\/100\n|-ability|p2a: MeCuroConFuego|Intimidate|boost\n|-fail|p1a: Abascal|unboost|Attack|[from] ability: Inner Focus|[of] p1a: Abascal\n|turn|4\n|\n|t:|1701190707\n|move|p1a: Abascal|Volt Switch|p2a: MeCuroConFuego\n|-damage|p2a: MeCuroConFuego|69\/100\n|\n|t:|1701190713\n|switch|p1a: OvejaMallorquina|Ampharos, M, shiny|100\/100|[from] Volt Switch\n|move|p2a: MeCuroConFuego|Flare Blitz|p1a: OvejaMallorquina\n|-crit|p1a: OvejaMallorquina\n|-damage|p1a: OvejaMallorquina|0 fnt\n|faint|p1a: OvejaMallorquina\n|-damage|p2a: MeCuroConFuego|36\/100|[from] Recoil\n|-damage|p2a: MeCuroConFuego|26\/100|[from] item: Life Orb\n|\n|upkeep\n|\n|t:|1701190717\n|switch|p1a: Barriga enchufera|Electivire, M, shiny|100\/100\n|turn|5\n|c|\u2606Torrente777|en fin\n|c|\u2606MrLukis|asi va la vida\n|\n|t:|1701190734\n|move|p2a: MeCuroConFuego|Extreme Speed|p1a: Barriga enchufera\n|-damage|p1a: Barriga enchufera|39\/100\n|-damage|p2a: MeCuroConFuego|16\/100|[from] item: Life Orb\n|move|p1a: Barriga enchufera|Earthquake|p2a: MeCuroConFuego\n|-supereffective|p2a: MeCuroConFuego\n|-damage|p2a: MeCuroConFuego|0 fnt\n|faint|p2a: MeCuroConFuego\n|\n|upkeep\n|c|\u2606MrLukis|saque a ampharos porque tenia m\u00e1s PS\n|\n|t:|1701190753\n|switch|p2a: Torkoal|Torkoal, F|100\/100\n|-weather|SunnyDay|[from] ability: Drought|[of] p2a: Torkoal\n|turn|6\n|\n|t:|1701190757\n|move|p1a: Barriga enchufera|Earthquake|p2a: Torkoal\n|-supereffective|p2a: Torkoal\n|-damage|p2a: Torkoal|46\/100\n|move|p2a: Torkoal|Yawn|p1a: Barriga enchufera\n|-start|p1a: Barriga enchufera|move: Yawn|[of] p2a: Torkoal\n|\n|-weather|SunnyDay|[upkeep]\n|-heal|p2a: Torkoal|52\/100|[from] item: Leftovers\n|upkeep\n|turn|7\n|\n|t:|1701190766\n|move|p1a: Barriga enchufera|Earthquake|p2a: Torkoal\n|-supereffective|p2a: Torkoal\n|-damage|p2a: Torkoal|0 fnt\n|faint|p2a: Torkoal\n|\n|-weather|SunnyDay|[upkeep]\n|-end|p1a: Barriga enchufera|move: Yawn|[silent]\n|-status|p1a: Barriga enchufera|slp\n|upkeep\n|c|\u2606MrLukis|y el motor drive que\n|\n|t:|1701190789\n|switch|p2a: Magmortar|Magmortar, M|100\/100\n|turn|8\n|\n|t:|1701190794\n|cant|p1a: Barriga enchufera|slp\n|move|p2a: Magmortar|Flamethrower|p1a: Barriga enchufera\n|-damage|p1a: Barriga enchufera|0 fnt\n|faint|p1a: Barriga enchufera\n|\n|-weather|SunnyDay|[upkeep]\n|upkeep\n|\n|t:|1701190805\n|switch|p1a: Abascal|Raikou, shiny|100\/100\n|-item|p1a: Abascal|Air Balloon\n|turn|9\n|\n|t:|1701190817\n|move|p1a: Abascal|Thunderbolt|p2a: Magmortar\n|-damage|p2a: Magmortar|46\/100\n|move|p2a: Magmortar|Flamethrower|p1a: Abascal\n|-damage|p1a: Abascal|26\/100\n|-enditem|p1a: Abascal|Air Balloon\n|\n|-weather|SunnyDay|[upkeep]\n|upkeep\n|turn|10\n|\n|t:|1701190825\n|move|p1a: Abascal|Thunderbolt|p2a: Magmortar\n|-damage|p2a: Magmortar|0 fnt\n|faint|p2a: Magmortar\n|\n|-weather|none\n|upkeep\n|\n|t:|1701190835\n|switch|p2a: Flareon|Flareon, M|100\/100\n|turn|11\n|\n|t:|1701190839\n|switch|p1a: Nosoytiposiniestro|Luxray, M, shiny|100\/100\n|move|p2a: Flareon|Protect||[still]\n|-fail|p2a: Flareon\n|\n|-status|p1a: Nosoytiposiniestro|brn|[from] item: Flame Orb\n|-status|p2a: Flareon|tox|[from] item: Toxic Orb\n|upkeep\n|turn|12\n|\n|t:|1701190851\n|move|p1a: Nosoytiposiniestro|Wild Charge|p2a: Flareon\n|-damage|p2a: Flareon|0 fnt\n|faint|p2a: Flareon\n|-damage|p1a: Nosoytiposiniestro|78\/100 brn|[from] Recoil\n|\n|-damage|p1a: Nosoytiposiniestro|72\/100 brn|[from] brn\n|upkeep\n|\n|t:|1701190858\n|switch|p2a: Entei|Entei|100\/100\n|turn|13\n|c|\u2606MrLukis|como tan muchacho\n|\n|t:|1701190867\n|-terastallize|p2a: Entei|Normal\n|move|p2a: Entei|Extreme Speed|p1a: Nosoytiposiniestro\n|-damage|p1a: Nosoytiposiniestro|0 fnt\n|faint|p1a: Nosoytiposiniestro\n|\n|upkeep\n|c|\u2606Torrente777|no muy bien la verdad\n|\n|t:|1701190877\n|switch|p1a: Abascal|Raikou, shiny|26\/100\n|turn|14\n|\n|t:|1701190883\n|-terastallize|p1a: Abascal|Normal\n|move|p1a: Abascal|Extreme Speed|p2a: Entei\n|-damage|p2a: Entei|77\/100\n|move|p2a: Entei|Extreme Speed|p1a: Abascal\n|-damage|p1a: Abascal|0 fnt\n|faint|p1a: Abascal\n|\n|upkeep\n|c|\u2606MrLukis|bueno\n|c|\u2606Torrente777|que triste\n|c|\u2606MrLukis|raikou nunca fue fisico\n|\n|t:|1701190898\n|switch|p1a: Wilson|Raichu, M, shiny|100\/100\n|turn|15\n|\n|t:|1701190901\n|move|p2a: Entei|Extreme Speed|p1a: Wilson\n|-damage|p1a: Wilson|0 fnt\n|faint|p1a: Wilson\n|\n|win|Torrente777\n","uploadtime":1701190908,"views":1,"p1id":"mrlukis","p2id":"torrente777","formatid":"gen9nationaldex","rating":0,"private":0,"password":""}