{"id":"gen9nationaldex-1991858898","p1":"poly gone zee","p2":"ijnmkopl","format":"[Gen 9] National Dex","log":"|j|\u2606poly gone zee\n|j|\u2606ijnmkopl\n|t:|1700129597\n|gametype|singles\n|player|p1|poly gone zee|preschooler|1453\n|player|p2|ijnmkopl|veteran|1392\n|teamsize|p1|6\n|teamsize|p2|6\n|gen|9\n|tier|[Gen 9] National Dex\n|rated|\n|rule|HP Percentage Mod: HP is shown in percentages\n|rule|Endless Battle Clause: Forcing endless battles is banned\n|rule|OHKO Clause: OHKO moves are banned\n|rule|Evasion Clause: Evasion abilities, items, and moves are banned\n|rule|Evasion Abilities Clause: Evasion abilities are banned\n|rule|Evasion Items Clause: Evasion items are banned\n|rule|Evasion Moves Clause: Evasion moves are banned\n|rule|Species Clause: Limit one of each Pok\u00e9mon\n|rule|Sleep Clause Mod: Limit one foe put to sleep\n|clearpoke\n|poke|p1|Rotom-Wash|\n|poke|p1|Iron Valiant|\n|poke|p1|Ferrothorn, M|\n|poke|p1|Charizard, F|\n|poke|p1|Slowking-Galar, F|\n|poke|p1|Ursaluna, M|\n|poke|p2|Mew|\n|poke|p2|Hatterene, F|\n|poke|p2|Porygon2|\n|poke|p2|Mawile, F|\n|poke|p2|Ursaluna, F|\n|poke|p2|Marowak-Alola, F|\n|teampreview\n|inactive|Battle timer is ON: inactive players will automatically lose when time's up. (requested by poly gone zee)\n|\n|t:|1700129605\n|start\n|switch|p1a: Slowking|Slowking-Galar, F|100\/100\n|switch|p2a: Hatterene|Hatterene, F|100\/100\n|turn|1\n|\n|t:|1700129615\n|move|p1a: Slowking|Sludge Bomb|p2a: Hatterene\n|-supereffective|p2a: Hatterene\n|-damage|p2a: Hatterene|17\/100\n|move|p2a: Hatterene|Trick Room|p2a: Hatterene\n|-fieldstart|move: Trick Room|[of] p2a: Hatterene\n|\n|upkeep\n|turn|2\n|\n|t:|1700129620\n|move|p2a: Hatterene|Psychic|p1a: Slowking\n|-damage|p1a: Slowking|63\/100\n|-unboost|p1a: Slowking|spd|1\n|move|p1a: Slowking|Sludge Bomb|p2a: Hatterene\n|-supereffective|p2a: Hatterene\n|-damage|p2a: Hatterene|0 fnt\n|faint|p2a: Hatterene\n|\n|-heal|p1a: Slowking|69\/100|[from] item: Leftovers\n|upkeep\n|\n|t:|1700129626\n|switch|p2a: Ursaluna|Ursaluna, F|100\/100\n|turn|3\n|\n|t:|1700129634\n|switch|p1a: Rotom|Rotom-Wash|100\/100\n|move|p2a: Ursaluna|Earthquake|p1a: Rotom\n|-immune|p1a: Rotom|[from] ability: Levitate\n|\n|-status|p2a: Ursaluna|brn|[from] item: Flame Orb\n|upkeep\n|turn|4\n|\n|t:|1700129647\n|switch|p1a: Ferrothorn|Ferrothorn, M|100\/100\n|move|p2a: Ursaluna|Facade|p1a: Ferrothorn\n|-resisted|p1a: Ferrothorn\n|-damage|p1a: Ferrothorn|62\/100\n|-damage|p2a: Ursaluna|88\/100 brn|[from] ability: Iron Barbs|[of] p1a: Ferrothorn\n|-damage|p2a: Ursaluna|72\/100 brn|[from] item: Rocky Helmet|[of] p1a: Ferrothorn\n|\n|-damage|p2a: Ursaluna|66\/100 brn|[from] brn\n|upkeep\n|turn|5\n|\n|t:|1700129659\n|move|p1a: Ferrothorn|Leech Seed|p2a: Ursaluna\n|-start|p2a: Ursaluna|move: Leech Seed\n|move|p2a: Ursaluna|Fire Punch|p1a: Ferrothorn\n|-supereffective|p1a: Ferrothorn\n|-damage|p1a: Ferrothorn|0 fnt\n|-damage|p2a: Ursaluna|53\/100 brn|[from] ability: Iron Barbs|[of] p1a: Ferrothorn\n|-damage|p2a: Ursaluna|37\/100 brn|[from] item: Rocky Helmet|[of] p1a: Ferrothorn\n|faint|p1a: Ferrothorn\n|\n|-damage|p2a: Ursaluna|31\/100 brn|[from] brn\n|-fieldend|move: Trick Room\n|upkeep\n|\n|t:|1700129676\n|switch|p1a: Charizard|Charizard, F|100\/100\n|turn|6\n|\n|t:|1700129699\n|switch|p2a: Marowak|Marowak-Alola, F|100\/100\n|detailschange|p1a: Charizard|Charizard-Mega-Y, F\n|-mega|p1a: Charizard|Charizard|Charizardite Y\n|-weather|SunnyDay|[from] ability: Drought|[of] p1a: Charizard\n|move|p1a: Charizard|Solar Beam||[still]\n|-prepare|p1a: Charizard|Solar Beam\n|-anim|p1a: Charizard|Solar Beam|p2a: Marowak\n|-resisted|p2a: Marowak\n|-damage|p2a: Marowak|72\/100\n|\n|-weather|SunnyDay|[upkeep]\n|upkeep\n|turn|7\n|\n|t:|1700129711\n|switch|p1a: Ursaluna|Ursaluna, M|100\/100\n|-terastallize|p2a: Marowak|Fire\n|move|p2a: Marowak|Flare Blitz|p1a: Ursaluna\n|-damage|p1a: Ursaluna|0 fnt\n|faint|p1a: Ursaluna\n|\n|-weather|SunnyDay|[upkeep]\n|upkeep\n|\n|t:|1700129718\n|switch|p1a: Charizard|Charizard-Mega-Y, F|100\/100\n|turn|8\n|\n|t:|1700129722\n|move|p1a: Charizard|Scorching Sands|p2a: Marowak\n|-supereffective|p2a: Marowak\n|-damage|p2a: Marowak|0 fnt\n|faint|p2a: Marowak\n|\n|-weather|SunnyDay|[upkeep]\n|upkeep\n|\n|t:|1700129727\n|switch|p2a: Mew|Mew|100\/100\n|turn|9\n|\n|t:|1700129737\n|move|p1a: Charizard|Fire Blast|p2a: Mew\n|-damage|p2a: Mew|0 fnt\n|faint|p2a: Mew\n|\n|-weather|SunnyDay|[upkeep]\n|upkeep\n|\n|t:|1700129742\n|switch|p2a: Porygon2|Porygon2|100\/100\n|-ability|p2a: Porygon2|Drought|[from] ability: Trace|[of] p1a: Charizard\n|turn|10\n|\n|t:|1700129745\n|move|p1a: Charizard|Fire Blast|p2a: Porygon2\n|-damage|p2a: Porygon2|45\/100\n|-status|p2a: Porygon2|brn\n|move|p2a: Porygon2|Trick Room|p2a: Porygon2\n|-fieldstart|move: Trick Room|[of] p2a: Porygon2\n|\n|-weather|none\n|-damage|p2a: Porygon2|39\/100 brn|[from] brn\n|upkeep\n|turn|11\n|\n|t:|1700129750\n|switch|p1a: Slowking|Slowking-Galar, F|100\/100\n|move|p2a: Porygon2|Pain Split|p1a: Slowking\n|-sethp|p1a: Slowking|69\/100|[from] move: Pain Split|[silent]\n|-sethp|p2a: Porygon2|72\/100 brn|[from] move: Pain Split\n|\n|-heal|p1a: Slowking|75\/100|[from] item: Leftovers\n|-damage|p2a: Porygon2|66\/100 brn|[from] brn\n|upkeep\n|turn|12\n|\n|t:|1700129756\n|switch|p2a: Ursaluna|Ursaluna, F|31\/100 brn\n|move|p1a: Slowking|Future Sight|p2a: Ursaluna\n|-start|p1a: Slowking|move: Future Sight\n|\n|-heal|p1a: Slowking|81\/100|[from] item: Leftovers\n|-damage|p2a: Ursaluna|24\/100 brn|[from] brn\n|upkeep\n|turn|13\n|\n|t:|1700129767\n|switch|p1a: Rotom|Rotom-Wash|100\/100\n|move|p2a: Ursaluna|Facade|p1a: Rotom\n|-damage|p1a: Rotom|0 fnt\n|faint|p1a: Rotom\n|\n|-damage|p2a: Ursaluna|18\/100 brn|[from] brn\n|upkeep\n|\n|t:|1700129771\n|switch|p1a: Slowking|Slowking-Galar, F|100\/100\n|turn|14\n|\n|t:|1700129776\n|move|p1a: Slowking|Sludge Bomb|p2a: Ursaluna\n|-resisted|p2a: Ursaluna\n|-damage|p2a: Ursaluna|2\/100 brn\n|move|p2a: Ursaluna|Facade|p1a: Slowking\n|-damage|p1a: Slowking|0 fnt\n|faint|p1a: Slowking\n|\n|-end|p2a: Ursaluna|move: Future Sight\n|-damage|p2a: Ursaluna|0 fnt\n|faint|p2a: Ursaluna\n|-fieldend|move: Trick Room\n|upkeep\n|\n|t:|1700129784\n|switch|p2a: Porygon2|Porygon2|66\/100 brn\n|switch|p1a: Iron Valiant|Iron Valiant|100\/100\n|-enditem|p1a: Iron Valiant|Booster Energy\n|-activate|p1a: Iron Valiant|ability: Quark Drive|[fromitem]\n|-start|p1a: Iron Valiant|quarkdrivespe\n|turn|15\n|\n|t:|1700129788\n|switch|p2a: Mawile|Mawile, F|100\/100\n|-ability|p2a: Mawile|Intimidate|boost\n|-unboost|p1a: Iron Valiant|atk|1\n|move|p1a: Iron Valiant|Aura Sphere|p2a: Mawile\n|-damage|p2a: Mawile|35\/100\n|\n|upkeep\n|turn|16\n|-message|ijnmkopl forfeited.\n|\n|win|poly gone zee\n|raw|poly gone zee's rating: 1453 &rarr; <strong>1470<\/strong><br \/>(+17 for winning)\n|raw|ijnmkopl's rating: 1392 &rarr; <strong>1375<\/strong><br \/>(-17 for losing)\n|l|\u2606ijnmkopl\n|l|\u2606poly gone zee\n|j|\u2606poly gone zee\n|player|p1|poly gone zee|preschooler\n","uploadtime":1700130242,"views":4,"p1id":"polygonezee","p2id":"ijnmkopl","formatid":"gen9nationaldex","rating":1375,"private":0,"password":""}