{"id":"gen9nationaldex-1999208719","p1":"davi5342","p2":"Irly","format":"[Gen 9] National Dex","log":"|html|<div class=\"broadcast-blue\"><strong>[Gen 9] National Dex is currently suspecting Sneasler! For information on how to participate check out the <a href=\"https:\/\/www.smogon.com\/forums\/threads\/sv-national-dex-suspect-8-just-dance.3731534\/\">suspect thread<\/a>.<\/strong><\/div>\n|j|\u2606davi5342\n|j|\u2606Irly\n|inactive|Battle timer is ON: inactive players will automatically lose when time's up.\n|t:|1701045630\n|gametype|singles\n|player|p1|davi5342|clair|\n|player|p2|Irly|dawn-masters3|\n|teamsize|p1|6\n|teamsize|p2|6\n|gen|9\n|tier|[Gen 9] National Dex\n|rated|Tournament battle\n|rule|HP Percentage Mod: HP is shown in percentages\n|rule|Endless Battle Clause: Forcing endless battles is banned\n|rule|OHKO Clause: OHKO moves are banned\n|rule|Evasion Clause: Evasion abilities, items, and moves are banned\n|rule|Evasion Abilities Clause: Evasion abilities are banned\n|rule|Evasion Items Clause: Evasion items are banned\n|rule|Evasion Moves Clause: Evasion moves are banned\n|rule|Species Clause: Limit one of each Pok\u00e9mon\n|rule|Sleep Clause Mod: Limit one foe put to sleep\n|clearpoke\n|poke|p1|Buzzwole|\n|poke|p1|Guzzlord|\n|poke|p1|Blacephalon|\n|poke|p1|Nihilego|\n|poke|p1|Kartana|\n|poke|p1|Celesteela|\n|poke|p2|Tapu Koko|\n|poke|p2|Iron Valiant|\n|poke|p2|Hawlucha, M|\n|poke|p2|Iron Moth|\n|poke|p2|Landorus-Therian, M|\n|poke|p2|Scizor, F|\n|teampreview\n|inactive|Irly also wants the timer to be on.\n|c|\u2606Irly|~eita\n|j|+mendigo da esquina\n|\n|t:|1701045636\n|start\n|switch|p1a: Nihilego|Nihilego|100\/100\n|switch|p2a: Landorus|Landorus-Therian, M|100\/100\n|-ability|p2a: Landorus|Intimidate|boost\n|-unboost|p1a: Nihilego|atk|1\n|turn|1\n|c|+mendigo da esquina|esse que \u00e9 um time de macho\n|c|+mendigo da esquina|n essas cringisses q o Irly usa\n|\n|t:|1701045662\n|move|p2a: Landorus|Stealth Rock|p1a: Nihilego\n|-sidestart|p1: davi5342|move: Stealth Rock\n|move|p1a: Nihilego|Stealth Rock|p2a: Landorus\n|-sidestart|p2: Irly|move: Stealth Rock\n|\n|upkeep\n|turn|2\n|c|+mendigo da esquina|kokolucha kkkkkkkkkk\n|c|\u2606davi5342|kkkk\n|c|\u2606Irly|\u00e9 que eu s\u00f3 quero clicar bot\u00e3o\n|c|\u2606Irly|mde ql sua opini\u00e3o sobre ouro branco\n|\n|t:|1701045676\n|switch|p1a: Celesteela|Celesteela|100\/100\n|-damage|p1a: Celesteela|88\/100|[from] Stealth Rock\n|move|p2a: Landorus|Earthquake|p1a: Celesteela\n|-immune|p1a: Celesteela\n|\n|upkeep\n|turn|3\n|c|+mendigo da esquina|quando eu tinha 10 anos era muito bom\n|\n|t:|1701045684\n|move|p2a: Landorus|U-turn|p1a: Celesteela\n|-resisted|p1a: Celesteela\n|-damage|p1a: Celesteela|83\/100\n|\n|t:|1701045688\n|switch|p2a: Tapu Koko|Tapu Koko|100\/100|[from] U-turn\n|-damage|p2a: Tapu Koko|88\/100|[from] Stealth Rock\n|-fieldstart|move: Electric Terrain|[from] ability: Electric Surge|[of] p2a: Tapu Koko\n|move|p1a: Celesteela|Autotomize|p1a: Celesteela\n|-boost|p1a: Celesteela|spe|2\n|-start|p1a: Celesteela|Autotomize\n|\n|upkeep\n|turn|4\n|c|+mendigo da esquina|hoje tem gosto de cera de ouvido\n|c|\u2606Irly|eita\n|c|\u2606Irly|e amandita\n|c|+mendigo da esquina|msm coisa\n|\n|t:|1701045699\n|move|p1a: Celesteela|Meteor Beam||[still]\n|-prepare|p1a: Celesteela|Meteor Beam\n|-boost|p1a: Celesteela|spa|1\n|-enditem|p1a: Celesteela|Power Herb\n|-anim|p1a: Celesteela|Meteor Beam|p2a: Tapu Koko|[miss]\n|-miss|p1a: Celesteela|p2a: Tapu Koko\n|move|p2a: Tapu Koko|Thunderbolt|p1a: Celesteela\n|-supereffective|p1a: Celesteela\n|-damage|p1a: Celesteela|0 fnt\n|faint|p1a: Celesteela\n|\n|upkeep\n|c|+mendigo da esquina|mt melhor antigamente\n|c|\u2606davi5342|tristeza\n|c|\u2606Irly|q chocolate vc acha bom\n|c|\u2606Irly|hj em dia\n|\n|t:|1701045717\n|switch|p1a: Guzzlord|Guzzlord|100\/100\n|-damage|p1a: Guzzlord|88\/100|[from] Stealth Rock\n|turn|5\n|\n|t:|1701045723\n|move|p2a: Tapu Koko|Dazzling Gleam|p1a: Guzzlord\n|-supereffective|p1a: Guzzlord\n|-damage|p1a: Guzzlord|6\/100\n|move|p1a: Guzzlord|Toxic|p2a: Tapu Koko\n|-status|p2a: Tapu Koko|tox\n|\n|-heal|p1a: Guzzlord|12\/100|[from] item: Leftovers\n|-damage|p2a: Tapu Koko|82\/100 tox|[from] psn\n|upkeep\n|turn|6\n|c|+mendigo da esquina|milka\n|c|+mendigo da esquina|os da cacau show\n|c|+mendigo da esquina|lindt\n|\n|t:|1701045736\n|move|p2a: Tapu Koko|Dazzling Gleam|p1a: Guzzlord\n|-supereffective|p1a: Guzzlord\n|-damage|p1a: Guzzlord|0 fnt\n|faint|p1a: Guzzlord\n|\n|-damage|p2a: Tapu Koko|70\/100 tox|[from] psn\n|upkeep\n|c|\u2606Irly|ja comeu trrento?\n|c|\u2606Irly|trento\n|\n|t:|1701045742\n|switch|p1a: Buzzwole|Buzzwole|100\/100\n|-damage|p1a: Buzzwole|88\/100|[from] Stealth Rock\n|turn|7\n|c|\u2606Irly|acho bom os da hershey\n|c|+mendigo da esquina|ja\n|c|\u2606Irly|\u00e9 o que tem por aqui\n|c|\u2606Irly|em todo lugar\n|\n|t:|1701045751\n|-terastallize|p1a: Buzzwole|Electric\n|move|p2a: Tapu Koko|Dazzling Gleam|p1a: Buzzwole\n|-damage|p1a: Buzzwole|62\/100\n|move|p1a: Buzzwole|Power-Up Punch|p2a: Tapu Koko\n|-resisted|p2a: Tapu Koko\n|-damage|p2a: Tapu Koko|55\/100 tox\n|-boost|p1a: Buzzwole|atk|1\n|\n|-damage|p2a: Tapu Koko|37\/100 tox|[from] psn\n|-fieldend|move: Electric Terrain\n|upkeep\n|turn|8\n|\n|t:|1701045761\n|move|p2a: Tapu Koko|U-turn|p1a: Buzzwole\n|-damage|p1a: Buzzwole|51\/100\n|c|+mendigo da esquina|hershey \u00e9 o chocolate popular melhorzinho msm\n|\n|t:|1701045765\n|switch|p2a: Landorus|Landorus-Therian, M|100\/100|[from] U-turn\n|-damage|p2a: Landorus|88\/100|[from] Stealth Rock\n|-ability|p2a: Landorus|Intimidate|boost\n|-unboost|p1a: Buzzwole|atk|1\n|move|p1a: Buzzwole|Leech Life|p2a: Landorus\n|-resisted|p2a: Landorus\n|-damage|p2a: Landorus|68\/100\n|-heal|p1a: Buzzwole|62\/100|[from] drain|[of] p2a: Landorus\n|-enditem|p2a: Landorus|Eject Button\n|c|+mendigo da esquina|o wafer deles \u00e9 o melhor\n|c|\u2606Irly|?\n|c|\u2606Irly|pq eu tenho isso\n|\n|t:|1701045786\n|switch|p2a: Tapu Koko|Tapu Koko|37\/100 tox\n|-damage|p2a: Tapu Koko|25\/100 tox|[from] Stealth Rock\n|-fieldstart|move: Electric Terrain|[from] ability: Electric Surge|[of] p2a: Tapu Koko\n|\n|-damage|p2a: Tapu Koko|19\/100 tox|[from] psn\n|upkeep\n|turn|9\n|c|+mendigo da esquina|n consigo mais comer chocolate merda\n|\n|t:|1701045794\n|move|p2a: Tapu Koko|Dazzling Gleam|p1a: Buzzwole\n|-damage|p1a: Buzzwole|37\/100\n|move|p1a: Buzzwole|Iron Head|p2a: Tapu Koko\n|-crit|p2a: Tapu Koko\n|-damage|p2a: Tapu Koko|0 fnt\n|faint|p2a: Tapu Koko\n|-ability|p1a: Buzzwole|Beast Boost|boost\n|-boost|p1a: Buzzwole|atk|1\n|\n|upkeep\n|c|+mendigo da esquina|a\u00ed compro esses mais caros mas como bem menos\n|c|+mendigo da esquina|vale a pena\n|c|\u2606Irly|deveria fazer o mesmo\n|inactive|Irly has 120 seconds left.\n|\n|t:|1701045823\n|switch|p2a: Iron Valiant|Iron Valiant|100\/100\n|-damage|p2a: Iron Valiant|94\/100|[from] Stealth Rock\n|-activate|p2a: Iron Valiant|ability: Quark Drive\n|-start|p2a: Iron Valiant|quarkdrivespe\n|turn|10\n|c|\u2606Irly|nao que eu coma muito chocolate\n|c|\u2606Irly|de qlqr forma\n|c|\u2606davi5342|pq caralhos meu cora\u00e7\u00e3o ta batendo t\u00e3o rapido deus\n|\n|t:|1701045841\n|move|p2a: Iron Valiant|Moonblast|p1a: Buzzwole\n|-damage|p1a: Buzzwole|0 fnt\n|faint|p1a: Buzzwole\n|-damage|p2a: Iron Valiant|85\/100|[from] item: Life Orb\n|\n|upkeep\n|c|\u2606Irly|calma\n|c|+mendigo da esquina|pq\n|c|\u2606Irly|\u00e9 s\u00f3 Pok\u00e9mon\n|\n|t:|1701045850\n|switch|p1a: Kartana|Kartana|100\/100\n|-damage|p1a: Kartana|94\/100|[from] Stealth Rock\n|turn|11\n|\n|t:|1701045860\n|move|p2a: Iron Valiant|Aura Sphere|p1a: Kartana\n|-supereffective|p1a: Kartana\n|-damage|p1a: Kartana|0 fnt\n|faint|p1a: Kartana\n|-damage|p2a: Iron Valiant|75\/100|[from] item: Life Orb\n|\n|upkeep\n|c|\u2606davi5342|exato\n|c|\u2606davi5342|eu nao sei pq\n|\n|t:|1701045869\n|switch|p1a: Blacephalon|Blacephalon|100\/100\n|-damage|p1a: Blacephalon|76\/100|[from] Stealth Rock\n|turn|12\n|\n|t:|1701045879\n|-terastallize|p2a: Iron Valiant|Electric\n|move|p2a: Iron Valiant|Thunderbolt|p1a: Blacephalon\n|-damage|p1a: Blacephalon|0 fnt\n|faint|p1a: Blacephalon\n|-damage|p2a: Iron Valiant|65\/100|[from] item: Life Orb\n|\n|-fieldend|move: Electric Terrain\n|-end|p2a: Iron Valiant|Quark Drive\n|upkeep\n|c|\u2606davi5342|gg\n|\n|t:|1701045886\n|switch|p1a: Nihilego|Nihilego|100\/100\n|-damage|p1a: Nihilego|88\/100|[from] Stealth Rock\n|turn|13\n|c|\u2606Irly|gg\n|\n|t:|1701045892\n|move|p2a: Iron Valiant|Psyshock|p1a: Nihilego\n|-supereffective|p1a: Nihilego\n|-crit|p1a: Nihilego\n|-damage|p1a: Nihilego|0 fnt\n|faint|p1a: Nihilego\n|-damage|p2a: Iron Valiant|56\/100|[from] item: Life Orb\n|\n|win|Irly\n|n|\u2606davi5342|davi5342\n|n|\u2606Irly|irly\n|n| mendigo da esquina|mendigodaesquina\n|l|\u2606davi5342\n|l|\u2606Irly\n|l| mendigo da esquina\n","uploadtime":1701045990,"views":2,"p1id":"davi5342","p2id":"irly","formatid":"gen9nationaldex","rating":0,"private":0,"password":""}