{"id":"gen9nationaldex-1998486143","p1":"camilorage","p2":"Arplux","format":"[Gen 9] National Dex","log":"|html|<div class=\"broadcast-blue\"><strong>[Gen 9] National Dex is currently suspecting Sneasler! For information on how to participate check out the <a href=\"https:\/\/www.smogon.com\/forums\/threads\/sv-national-dex-suspect-8-just-dance.3731534\/\">suspect thread<\/a>.<\/strong><\/div>\n|j|\u2606camilorage\n|j|\u2606Arplux\n|t:|1700947747\n|gametype|singles\n|player|p1|camilorage|alder|1205\n|player|p2|Arplux|265|1282\n|teamsize|p1|6\n|teamsize|p2|6\n|gen|9\n|tier|[Gen 9] National Dex\n|rated|\n|rule|HP Percentage Mod: HP is shown in percentages\n|rule|Endless Battle Clause: Forcing endless battles is banned\n|rule|OHKO Clause: OHKO moves are banned\n|rule|Evasion Clause: Evasion abilities, items, and moves are banned\n|rule|Evasion Abilities Clause: Evasion abilities are banned\n|rule|Evasion Items Clause: Evasion items are banned\n|rule|Evasion Moves Clause: Evasion moves are banned\n|rule|Species Clause: Limit one of each Pok\u00e9mon\n|rule|Sleep Clause Mod: Limit one foe put to sleep\n|clearpoke\n|poke|p1|Alomomola, M|\n|poke|p1|Scizor, M|\n|poke|p1|Skeledirge, M|\n|poke|p1|Gliscor, F|\n|poke|p1|Cinccino, F|\n|poke|p1|Klefki, F|\n|poke|p2|Iron Hands|\n|poke|p2|Toxapex, M|\n|poke|p2|Ogerpon, F|\n|poke|p2|Heatran, M|\n|poke|p2|Dragonite, F|\n|poke|p2|Sableye, F|\n|teampreview\n|\n|t:|1700947769\n|start\n|switch|p1a: Klefki|Klefki, F|100\/100\n|switch|p2a: Sableye|Sableye, F|100\/100\n|turn|1\n|\n|t:|1700947793\n|switch|p1a: Skeledirge|Skeledirge, M|100\/100\n|detailschange|p2a: Sableye|Sableye-Mega, F\n|-mega|p2a: Sableye|Sableye|Sablenite\n|move|p2a: Sableye|Will-O-Wisp|p1a: Skeledirge\n|-immune|p1a: Skeledirge\n|\n|upkeep\n|turn|2\n|inactive|Battle timer is ON: inactive players will automatically lose when time's up. (requested by camilorage)\n|\n|t:|1700947804\n|move|p1a: Skeledirge|Torch Song|p2a: Sableye\n|-damage|p2a: Sableye|79\/100\n|-boost|p1a: Skeledirge|spa|1\n|move|p2a: Sableye|Hex|p1a: Skeledirge\n|-supereffective|p1a: Skeledirge\n|-damage|p1a: Skeledirge|73\/100\n|\n|upkeep\n|turn|3\n|\n|t:|1700947813\n|move|p1a: Skeledirge|Slack Off|p1a: Skeledirge\n|-heal|p1a: Skeledirge|100\/100\n|move|p2a: Sableye|Hex|p1a: Skeledirge\n|-supereffective|p1a: Skeledirge\n|-damage|p1a: Skeledirge|69\/100\n|\n|upkeep\n|turn|4\n|\n|t:|1700947822\n|move|p1a: Skeledirge|Torch Song|p2a: Sableye\n|-damage|p2a: Sableye|48\/100\n|-boost|p1a: Skeledirge|spa|1\n|move|p2a: Sableye|Hex|p1a: Skeledirge\n|-supereffective|p1a: Skeledirge\n|-damage|p1a: Skeledirge|40\/100\n|\n|upkeep\n|turn|5\n|\n|t:|1700947836\n|switch|p2a: Toxapex|Toxapex, M|100\/100\n|move|p1a: Skeledirge|Slack Off|p1a: Skeledirge\n|-heal|p1a: Skeledirge|90\/100\n|\n|upkeep\n|turn|6\n|\n|t:|1700947846\n|move|p1a: Skeledirge|Hex|p2a: Toxapex\n|-damage|p2a: Toxapex|66\/100\n|move|p2a: Toxapex|Haze|p2a: Toxapex\n|-clearallboost\n|\n|-heal|p2a: Toxapex|72\/100|[from] item: Black Sludge\n|upkeep\n|turn|7\n|\n|t:|1700947859\n|move|p1a: Skeledirge|Torch Song|p2a: Toxapex\n|-resisted|p2a: Toxapex\n|-damage|p2a: Toxapex|61\/100\n|-boost|p1a: Skeledirge|spa|1\n|move|p2a: Toxapex|Toxic|p1a: Skeledirge\n|-status|p1a: Skeledirge|tox\n|\n|-heal|p2a: Toxapex|68\/100|[from] item: Black Sludge\n|-damage|p1a: Skeledirge|84\/100 tox|[from] psn\n|upkeep\n|turn|8\n|\n|t:|1700947867\n|move|p1a: Skeledirge|Hex|p2a: Toxapex\n|-damage|p2a: Toxapex|38\/100\n|move|p2a: Toxapex|Recover|p2a: Toxapex\n|-heal|p2a: Toxapex|88\/100\n|\n|-heal|p2a: Toxapex|94\/100|[from] item: Black Sludge\n|-damage|p1a: Skeledirge|72\/100 tox|[from] psn\n|upkeep\n|turn|9\n|\n|t:|1700947878\n|switch|p1a: Klefki|Klefki, F|100\/100\n|move|p2a: Toxapex|Scald|p1a: Klefki\n|-damage|p1a: Klefki|83\/100\n|\n|-heal|p2a: Toxapex|99\/100|[from] item: Black Sludge\n|upkeep\n|turn|10\n|\n|t:|1700947887\n|switch|p2a: Sableye|Sableye-Mega, F|48\/100\n|move|p1a: Klefki|Light Screen|p1a: Klefki\n|-sidestart|p1: camilorage|move: Light Screen\n|\n|upkeep\n|turn|11\n|\n|t:|1700947892\n|move|p1a: Klefki|Reflect|p1a: Klefki\n|-sidestart|p1: camilorage|Reflect\n|move|p2a: Sableye|Will-O-Wisp|p1a: Klefki|[miss]\n|-miss|p2a: Sableye|p1a: Klefki\n|\n|upkeep\n|turn|12\n|\n|t:|1700947902\n|switch|p1a: Skeledirge|Skeledirge, M|72\/100 tox\n|move|p2a: Sableye|Hex|p1a: Skeledirge\n|-supereffective|p1a: Skeledirge\n|-damage|p1a: Skeledirge|44\/100 tox\n|\n|-damage|p1a: Skeledirge|38\/100 tox|[from] psn\n|upkeep\n|turn|13\n|\n|t:|1700947907\n|move|p1a: Skeledirge|Slack Off|p1a: Skeledirge\n|-heal|p1a: Skeledirge|88\/100 tox\n|move|p2a: Sableye|Recover|p2a: Sableye\n|-heal|p2a: Sableye|98\/100\n|\n|-damage|p1a: Skeledirge|76\/100 tox|[from] psn\n|upkeep\n|turn|14\n|\n|t:|1700947914\n|switch|p2a: Toxapex|Toxapex, M|100\/100\n|move|p1a: Skeledirge|Hex|p2a: Toxapex\n|-damage|p2a: Toxapex|80\/100\n|\n|-heal|p2a: Toxapex|87\/100|[from] item: Black Sludge\n|-damage|p1a: Skeledirge|58\/100 tox|[from] psn\n|upkeep\n|turn|15\n|\n|t:|1700947924\n|switch|p1a: Alomomola|Alomomola, M|100\/100\n|move|p2a: Toxapex|Scald|p1a: Alomomola\n|-resisted|p1a: Alomomola\n|-damage|p1a: Alomomola|97\/100\n|-status|p1a: Alomomola|brn\n|\n|-heal|p1a: Alomomola|100\/100 brn|[from] item: Leftovers\n|-heal|p2a: Toxapex|93\/100|[from] item: Black Sludge\n|-damage|p1a: Alomomola|94\/100 brn|[from] brn\n|upkeep\n|turn|16\n|\n|t:|1700947933\n|switch|p2a: Sableye|Sableye-Mega, F|98\/100\n|move|p1a: Alomomola|Wish|p1a: Alomomola\n|\n|-heal|p1a: Alomomola|100\/100 brn|[from] item: Leftovers\n|-damage|p1a: Alomomola|94\/100 brn|[from] brn\n|upkeep\n|turn|17\n|\n|t:|1700947947\n|switch|p1a: Skeledirge|Skeledirge, M|58\/100 tox\n|move|p2a: Sableye|Will-O-Wisp||[still]\n|-fail|p2a: Sableye\n|\n|-heal|p1a: Skeledirge|100\/100 tox|[from] move: Wish|[wisher] Alomomola\n|-damage|p1a: Skeledirge|94\/100 tox|[from] psn\n|-sideend|p1: camilorage|move: Light Screen\n|upkeep\n|turn|18\n|\n|t:|1700947956\n|move|p1a: Skeledirge|Hex|p2a: Sableye\n|-damage|p2a: Sableye|81\/100\n|move|p2a: Sableye|Foul Play|p1a: Skeledirge\n|-supereffective|p1a: Skeledirge\n|-damage|p1a: Skeledirge|78\/100 tox\n|\n|-damage|p1a: Skeledirge|66\/100 tox|[from] psn\n|-sideend|p1: camilorage|Reflect\n|upkeep\n|turn|19\n|\n|t:|1700947967\n|switch|p1a: Alomomola|Alomomola, M|100\/100 brn\n|move|p2a: Sableye|Hex|p1a: Alomomola\n|-damage|p1a: Alomomola|62\/100 brn\n|\n|-heal|p1a: Alomomola|68\/100 brn|[from] item: Leftovers\n|-damage|p1a: Alomomola|62\/100 brn|[from] brn\n|upkeep\n|turn|20\n|\n|t:|1700947978\n|switch|p2a: Dragonite|Dragonite, F|100\/100\n|move|p1a: Alomomola|Wish|p1a: Alomomola\n|\n|-heal|p1a: Alomomola|68\/100 brn|[from] item: Leftovers\n|-damage|p1a: Alomomola|62\/100 brn|[from] brn\n|upkeep\n|turn|21\n|\n|t:|1700947985\n|switch|p1a: Klefki|Klefki, F|83\/100\n|move|p2a: Dragonite|Dragon Dance|p2a: Dragonite\n|-boost|p2a: Dragonite|atk|1\n|-boost|p2a: Dragonite|spe|1\n|\n|-heal|p1a: Klefki|100\/100|[from] move: Wish|[wisher] Alomomola\n|upkeep\n|turn|22\n|\n|t:|1700947989\n|move|p1a: Klefki|Thunder Wave|p2a: Dragonite\n|-status|p2a: Dragonite|par\n|move|p2a: Dragonite|Earthquake|p1a: Klefki\n|-supereffective|p1a: Klefki\n|-damage|p1a: Klefki|0 fnt\n|faint|p1a: Klefki\n|\n|upkeep\n|\n|t:|1700948004\n|switch|p1a: Scizor|Scizor, M|100\/100\n|turn|23\n|l|\u2606Arplux\n|inactive|Arplux disconnected and has a minute to reconnect!\n|player|p2|\n|j|\u2606Arplux\n|inactive|Arplux reconnected and has 130 seconds left.\n|player|p2|Arplux|265\n|\n|t:|1700948030\n|detailschange|p1a: Scizor|Scizor-Mega, M\n|-mega|p1a: Scizor|Scizor|Scizorite\n|cant|p2a: Dragonite|par\n|move|p1a: Scizor|Pursuit|p2a: Dragonite\n|-damage|p2a: Dragonite|90\/100 par\n|\n|upkeep\n|turn|24\n|\n|t:|1700948039\n|move|p2a: Dragonite|Earthquake|p1a: Scizor\n|-damage|p1a: Scizor|61\/100\n|move|p1a: Scizor|Swords Dance|p1a: Scizor\n|-boost|p1a: Scizor|atk|2\n|\n|upkeep\n|turn|25\n|\n|t:|1700948044\n|move|p2a: Dragonite|Extreme Speed|p1a: Scizor\n|-resisted|p1a: Scizor\n|-damage|p1a: Scizor|44\/100\n|move|p1a: Scizor|Roost|p1a: Scizor\n|-heal|p1a: Scizor|94\/100\n|-singleturn|p1a: Scizor|move: Roost\n|\n|upkeep\n|turn|26\n|\n|t:|1700948052\n|move|p1a: Scizor|Bullet Punch|p2a: Dragonite\n|-damage|p2a: Dragonite|29\/100 par\n|cant|p2a: Dragonite|par\n|\n|upkeep\n|turn|27\n|\n|t:|1700948058\n|move|p2a: Dragonite|Earthquake|p1a: Scizor\n|-damage|p1a: Scizor|56\/100\n|move|p1a: Scizor|Pursuit|p2a: Dragonite\n|-damage|p2a: Dragonite|0 fnt\n|faint|p2a: Dragonite\n|\n|upkeep\n|\n|t:|1700948062\n|switch|p2a: Toxapex|Toxapex, M|100\/100\n|turn|28\n|\n|t:|1700948069\n|switch|p1a: Alomomola|Alomomola, M|95\/100 brn\n|move|p2a: Toxapex|Scald|p1a: Alomomola\n|-resisted|p1a: Alomomola\n|-damage|p1a: Alomomola|87\/100 brn\n|\n|-heal|p1a: Alomomola|93\/100 brn|[from] item: Leftovers\n|-damage|p1a: Alomomola|87\/100 brn|[from] brn\n|upkeep\n|turn|29\n|\n|t:|1700948075\n|switch|p2a: Sableye|Sableye-Mega, F|81\/100\n|move|p1a: Alomomola|Wish|p1a: Alomomola\n|\n|-heal|p1a: Alomomola|93\/100 brn|[from] item: Leftovers\n|-damage|p1a: Alomomola|87\/100 brn|[from] brn\n|upkeep\n|turn|30\n|\n|t:|1700948082\n|move|p1a: Alomomola|Scald|p2a: Sableye\n|-damage|p2a: Sableye|71\/100\n|move|p2a: Sableye|Hex|p1a: Alomomola\n|-damage|p1a: Alomomola|46\/100 brn\n|\n|-heal|p1a: Alomomola|96\/100 brn|[from] move: Wish|[wisher] Alomomola\n|-heal|p1a: Alomomola|100\/100 brn|[from] item: Leftovers\n|-damage|p1a: Alomomola|94\/100 brn|[from] brn\n|upkeep\n|turn|31\n|\n|t:|1700948089\n|move|p1a: Alomomola|Wish|p1a: Alomomola\n|move|p2a: Sableye|Hex|p1a: Alomomola\n|-damage|p1a: Alomomola|57\/100 brn\n|\n|-heal|p1a: Alomomola|63\/100 brn|[from] item: Leftovers\n|-damage|p1a: Alomomola|57\/100 brn|[from] brn\n|upkeep\n|turn|32\n|l|\u2606camilorage\n|inactive|camilorage disconnected and has a minute to reconnect!\n|player|p1|\n|j|\u2606camilorage\n|inactive|camilorage reconnected and has 120 seconds left.\n|player|p1|camilorage|alder\n|\n|t:|1700948135\n|move|p1a: Alomomola|Scald|p2a: Sableye\n|-damage|p2a: Sableye|60\/100\n|move|p2a: Sableye|Recover|p2a: Sableye\n|-heal|p2a: Sableye|100\/100\n|\n|-heal|p1a: Alomomola|100\/100 brn|[from] move: Wish|[wisher] Alomomola\n|-damage|p1a: Alomomola|94\/100 brn|[from] brn\n|upkeep\n|turn|33\n|\n|t:|1700948147\n|move|p1a: Alomomola|Wish|p1a: Alomomola\n|move|p2a: Sableye|Hex|p1a: Alomomola\n|-damage|p1a: Alomomola|56\/100 brn\n|\n|-heal|p1a: Alomomola|62\/100 brn|[from] item: Leftovers\n|-damage|p1a: Alomomola|56\/100 brn|[from] brn\n|upkeep\n|turn|34\n|\n|t:|1700948153\n|switch|p2a: Ogerpon|Ogerpon, F|100\/100\n|move|p1a: Alomomola|Scald|p2a: Ogerpon\n|-resisted|p2a: Ogerpon\n|-damage|p2a: Ogerpon|92\/100\n|-status|p2a: Ogerpon|brn\n|\n|-heal|p1a: Alomomola|100\/100 brn|[from] move: Wish|[wisher] Alomomola\n|-damage|p2a: Ogerpon|86\/100 brn|[from] brn\n|-damage|p1a: Alomomola|94\/100 brn|[from] brn\n|upkeep\n|turn|35\n|inactive|camilorage has 120 seconds left.\n|\n|t:|1700948170\n|switch|p1a: Skeledirge|Skeledirge, M|66\/100 tox\n|move|p2a: Ogerpon|Swords Dance|p2a: Ogerpon\n|-boost|p2a: Ogerpon|atk|2\n|\n|-damage|p1a: Skeledirge|60\/100 tox|[from] psn\n|-damage|p2a: Ogerpon|80\/100 brn|[from] brn\n|upkeep\n|turn|36\n|\n|t:|1700948182\n|move|p2a: Ogerpon|Stomping Tantrum|p1a: Skeledirge\n|-supereffective|p1a: Skeledirge\n|-damage|p1a: Skeledirge|39\/100 tox\n|move|p1a: Skeledirge|Torch Song|p2a: Ogerpon\n|-supereffective|p2a: Ogerpon\n|-damage|p2a: Ogerpon|4\/100 brn\n|-boost|p1a: Skeledirge|spa|1\n|\n|-damage|p1a: Skeledirge|26\/100 tox|[from] psn\n|-damage|p2a: Ogerpon|0 fnt|[from] brn\n|faint|p2a: Ogerpon\n|upkeep\n|\n|t:|1700948192\n|switch|p2a: Heatran|Heatran, M|100\/100\n|turn|37\n|inactive|camilorage has 120 seconds left.\n|\n|t:|1700948199\n|switch|p1a: Gliscor|Gliscor, F|100\/100\n|-terastallize|p2a: Heatran|Fire\n|move|p2a: Heatran|Eruption|p1a: Gliscor\n|-damage|p1a: Gliscor|13\/100\n|\n|-status|p1a: Gliscor|tox|[from] item: Toxic Orb\n|upkeep\n|turn|38\n|inactive|camilorage has 120 seconds left.\n|inactive|camilorage has 90 seconds left.\n|\n|t:|1700948239\n|switch|p1a: Skeledirge|Skeledirge, M|26\/100 tox\n|move|p2a: Heatran|Eruption|p1a: Skeledirge\n|-resisted|p1a: Skeledirge\n|-damage|p1a: Skeledirge|0 fnt\n|faint|p1a: Skeledirge\n|\n|upkeep\n|inactive|camilorage has 90 seconds left.\n|\n|t:|1700948253\n|switch|p1a: Cinccino|Cinccino, F|100\/100\n|turn|39\n|\n|t:|1700948257\n|move|p2a: Heatran|Eruption|p1a: Cinccino\n|-damage|p1a: Cinccino|0 fnt\n|faint|p1a: Cinccino\n|\n|upkeep\n|\n|t:|1700948265\n|switch|p1a: Alomomola|Alomomola, M|100\/100 brn\n|turn|40\n|\n|t:|1700948270\n|move|p2a: Heatran|Eruption|p1a: Alomomola\n|-resisted|p1a: Alomomola\n|-damage|p1a: Alomomola|48\/100 brn\n|move|p1a: Alomomola|Scald|p2a: Heatran\n|-supereffective|p2a: Heatran\n|-crit|p2a: Heatran\n|-damage|p2a: Heatran|55\/100\n|\n|-heal|p1a: Alomomola|54\/100 brn|[from] item: Leftovers\n|-damage|p1a: Alomomola|48\/100 brn|[from] brn\n|upkeep\n|turn|41\n|\n|t:|1700948284\n|switch|p2a: Iron Hands|Iron Hands|100\/100\n|move|p1a: Alomomola|Wish|p1a: Alomomola\n|\n|-heal|p1a: Alomomola|54\/100 brn|[from] item: Leftovers\n|-damage|p1a: Alomomola|48\/100 brn|[from] brn\n|upkeep\n|turn|42\n|\n|t:|1700948294\n|move|p1a: Alomomola|Protect|p1a: Alomomola\n|-singleturn|p1a: Alomomola|Protect\n|move|p2a: Iron Hands|Play Rough|p1a: Alomomola\n|-activate|p1a: Alomomola|move: Protect\n|\n|-heal|p1a: Alomomola|98\/100 brn|[from] move: Wish|[wisher] Alomomola\n|-heal|p1a: Alomomola|100\/100 brn|[from] item: Leftovers\n|-damage|p1a: Alomomola|94\/100 brn|[from] brn\n|upkeep\n|turn|43\n|inactive|camilorage has 120 seconds left.\n|\n|t:|1700948304\n|move|p1a: Alomomola|Wish|p1a: Alomomola\n|move|p2a: Iron Hands|Wild Charge|p1a: Alomomola\n|-supereffective|p1a: Alomomola\n|-damage|p1a: Alomomola|33\/100 brn\n|-damage|p2a: Iron Hands|84\/100|[from] Recoil\n|\n|-heal|p1a: Alomomola|39\/100 brn|[from] item: Leftovers\n|-damage|p1a: Alomomola|33\/100 brn|[from] brn\n|upkeep\n|turn|44\n|inactive|camilorage has 120 seconds left.\n|\n|t:|1700948319\n|switch|p1a: Gliscor|Gliscor, F|13\/100 tox\n|move|p2a: Iron Hands|Wild Charge|p1a: Gliscor\n|-immune|p1a: Gliscor\n|\n|-heal|p1a: Gliscor|89\/100 tox|[from] move: Wish|[wisher] Alomomola\n|-heal|p1a: Gliscor|100\/100 tox|[from] ability: Poison Heal\n|upkeep\n|turn|45\n|inactive|camilorage has 120 seconds left.\n|l|\u2606Arplux\n|inactive|Arplux disconnected and has a minute to reconnect!\n|player|p2|\n|j|\u2606Arplux\n|inactive|Arplux reconnected and has 130 seconds left.\n|player|p2|Arplux|265\n|\n|t:|1700948346\n|switch|p1a: Scizor|Scizor-Mega, M|56\/100\n|-end|p2a: Iron Hands|Quark Drive|[silent]\n|switch|p2a: Sableye|Sableye-Mega, F|100\/100\n|\n|upkeep\n|turn|46\n|\n|t:|1700948352\n|switch|p1a: Alomomola|Alomomola, M|67\/100 brn\n|move|p2a: Sableye|Will-O-Wisp|p1a: Alomomola\n|-fail|p1a: Alomomola|brn\n|\n|-heal|p1a: Alomomola|73\/100 brn|[from] item: Leftovers\n|-damage|p1a: Alomomola|67\/100 brn|[from] brn\n|upkeep\n|turn|47\n|\n|t:|1700948355\n|move|p1a: Alomomola|Wish|p1a: Alomomola\n|move|p2a: Sableye|Hex|p1a: Alomomola\n|-damage|p1a: Alomomola|25\/100 brn\n|\n|-heal|p1a: Alomomola|31\/100 brn|[from] item: Leftovers\n|-damage|p1a: Alomomola|25\/100 brn|[from] brn\n|upkeep\n|turn|48\n|\n|t:|1700948361\n|switch|p1a: Scizor|Scizor-Mega, M|56\/100\n|move|p2a: Sableye|Hex|p1a: Scizor\n|-damage|p1a: Scizor|40\/100\n|\n|-heal|p1a: Scizor|100\/100|[from] move: Wish|[wisher] Alomomola\n|upkeep\n|turn|49\n|\n|t:|1700948377\n|switch|p1a: Gliscor|Gliscor, F|100\/100 tox\n|move|p2a: Sableye|Will-O-Wisp||[still]\n|-fail|p2a: Sableye\n|\n|upkeep\n|turn|50\n|\n|t:|1700948383\n|move|p1a: Gliscor|Swords Dance|p1a: Gliscor\n|-boost|p1a: Gliscor|atk|2\n|move|p2a: Sableye|Hex|p1a: Gliscor\n|-damage|p1a: Gliscor|65\/100 tox\n|\n|-heal|p1a: Gliscor|77\/100 tox|[from] ability: Poison Heal\n|upkeep\n|turn|51\n|\n|t:|1700948388\n|move|p1a: Gliscor|Swords Dance|p1a: Gliscor\n|-boost|p1a: Gliscor|atk|2\n|move|p2a: Sableye|Foul Play|p1a: Gliscor\n|-damage|p1a: Gliscor|2\/100 tox\n|\n|-heal|p1a: Gliscor|14\/100 tox|[from] ability: Poison Heal\n|upkeep\n|turn|52\n|\n|t:|1700948399\n|move|p1a: Gliscor|Roost|p1a: Gliscor\n|-heal|p1a: Gliscor|64\/100 tox\n|-singleturn|p1a: Gliscor|move: Roost\n|move|p2a: Sableye|Foul Play|p1a: Gliscor\n|-damage|p1a: Gliscor|0 fnt\n|faint|p1a: Gliscor\n|\n|upkeep\n|\n|t:|1700948418\n|switch|p1a: Alomomola|Alomomola, M|58\/100 brn\n|turn|53\n|\n|t:|1700948422\n|switch|p2a: Iron Hands|Iron Hands|84\/100\n|move|p1a: Alomomola|Wish|p1a: Alomomola\n|\n|-heal|p1a: Alomomola|65\/100 brn|[from] item: Leftovers\n|-damage|p1a: Alomomola|58\/100 brn|[from] brn\n|upkeep\n|turn|54\n|\n|t:|1700948428\n|move|p1a: Alomomola|Protect|p1a: Alomomola\n|-singleturn|p1a: Alomomola|Protect\n|move|p2a: Iron Hands|Wild Charge|p1a: Alomomola\n|-activate|p1a: Alomomola|move: Protect\n|\n|-heal|p1a: Alomomola|100\/100 brn|[from] move: Wish|[wisher] Alomomola\n|-damage|p1a: Alomomola|94\/100 brn|[from] brn\n|upkeep\n|turn|55\n|\n|t:|1700948435\n|switch|p1a: Scizor|Scizor-Mega, M|100\/100\n|move|p2a: Iron Hands|Wild Charge|p1a: Scizor\n|-damage|p1a: Scizor|61\/100\n|-damage|p2a: Iron Hands|78\/100|[from] Recoil\n|\n|upkeep\n|turn|56\n|\n|t:|1700948439\n|move|p1a: Scizor|Roost|p1a: Scizor\n|-heal|p1a: Scizor|100\/100\n|-singleturn|p1a: Scizor|move: Roost\n|move|p2a: Iron Hands|Drain Punch|p1a: Scizor\n|-damage|p1a: Scizor|70\/100\n|-heal|p2a: Iron Hands|88\/100|[from] drain|[of] p1a: Scizor\n|\n|upkeep\n|turn|57\n|\n|t:|1700948450\n|-end|p2a: Iron Hands|Quark Drive|[silent]\n|switch|p2a: Sableye|Sableye-Mega, F|100\/100\n|move|p1a: Scizor|Swords Dance|p1a: Scizor\n|-boost|p1a: Scizor|atk|2\n|\n|upkeep\n|turn|58\n|\n|t:|1700948465\n|switch|p1a: Alomomola|Alomomola, M|100\/100 brn\n|move|p2a: Sableye|Hex|p1a: Alomomola\n|-damage|p1a: Alomomola|60\/100 brn\n|\n|-heal|p1a: Alomomola|66\/100 brn|[from] item: Leftovers\n|-damage|p1a: Alomomola|60\/100 brn|[from] brn\n|upkeep\n|turn|59\n|\n|t:|1700948470\n|move|p1a: Alomomola|Wish|p1a: Alomomola\n|move|p2a: Sableye|Hex|p1a: Alomomola\n|-damage|p1a: Alomomola|19\/100 brn\n|\n|-heal|p1a: Alomomola|25\/100 brn|[from] item: Leftovers\n|-damage|p1a: Alomomola|19\/100 brn|[from] brn\n|upkeep\n|turn|60\n|\n|t:|1700948473\n|move|p1a: Alomomola|Protect|p1a: Alomomola\n|-singleturn|p1a: Alomomola|Protect\n|move|p2a: Sableye|Hex|p1a: Alomomola\n|-activate|p1a: Alomomola|move: Protect\n|\n|-heal|p1a: Alomomola|69\/100 brn|[from] move: Wish|[wisher] Alomomola\n|-heal|p1a: Alomomola|75\/100 brn|[from] item: Leftovers\n|-damage|p1a: Alomomola|69\/100 brn|[from] brn\n|upkeep\n|turn|61\n|\n|t:|1700948480\n|switch|p2a: Toxapex|Toxapex, M|100\/100\n|move|p1a: Alomomola|Wish|p1a: Alomomola\n|\n|-heal|p1a: Alomomola|75\/100 brn|[from] item: Leftovers\n|-damage|p1a: Alomomola|69\/100 brn|[from] brn\n|upkeep\n|turn|62\n|\n|t:|1700948492\n|move|p1a: Alomomola|Scald|p2a: Toxapex\n|-resisted|p2a: Toxapex\n|-crit|p2a: Toxapex\n|-damage|p2a: Toxapex|92\/100\n|move|p2a: Toxapex|Scald|p1a: Alomomola\n|-resisted|p1a: Alomomola\n|-damage|p1a: Alomomola|61\/100 brn\n|\n|-heal|p1a: Alomomola|100\/100 brn|[from] move: Wish|[wisher] Alomomola\n|-heal|p2a: Toxapex|99\/100|[from] item: Black Sludge\n|-damage|p1a: Alomomola|94\/100 brn|[from] brn\n|upkeep\n|turn|63\n|\n|t:|1700948502\n|move|p1a: Alomomola|Scald|p2a: Toxapex\n|-resisted|p2a: Toxapex\n|-damage|p2a: Toxapex|93\/100\n|move|p2a: Toxapex|Scald|p1a: Alomomola\n|-resisted|p1a: Alomomola\n|-damage|p1a: Alomomola|85\/100 brn\n|\n|-heal|p1a: Alomomola|92\/100 brn|[from] item: Leftovers\n|-heal|p2a: Toxapex|99\/100|[from] item: Black Sludge\n|-damage|p1a: Alomomola|85\/100 brn|[from] brn\n|upkeep\n|turn|64\n|\n|t:|1700948507\n|move|p1a: Alomomola|Scald|p2a: Toxapex\n|-resisted|p2a: Toxapex\n|-damage|p2a: Toxapex|94\/100\n|move|p2a: Toxapex|Scald|p1a: Alomomola\n|-resisted|p1a: Alomomola\n|-damage|p1a: Alomomola|77\/100 brn\n|\n|-heal|p1a: Alomomola|84\/100 brn|[from] item: Leftovers\n|-heal|p2a: Toxapex|99\/100|[from] item: Black Sludge\n|-damage|p1a: Alomomola|77\/100 brn|[from] brn\n|upkeep\n|turn|65\n|\n|t:|1700948515\n|move|p1a: Alomomola|Scald|p2a: Toxapex\n|-resisted|p2a: Toxapex\n|-damage|p2a: Toxapex|95\/100\n|move|p2a: Toxapex|Scald|p1a: Alomomola\n|-resisted|p1a: Alomomola\n|-damage|p1a: Alomomola|70\/100 brn\n|\n|-heal|p1a: Alomomola|76\/100 brn|[from] item: Leftovers\n|-heal|p2a: Toxapex|100\/100|[from] item: Black Sludge\n|-damage|p1a: Alomomola|70\/100 brn|[from] brn\n|upkeep\n|turn|66\n|\n|t:|1700948521\n|move|p1a: Alomomola|Scald|p2a: Toxapex\n|-resisted|p2a: Toxapex\n|-damage|p2a: Toxapex|95\/100\n|-status|p2a: Toxapex|brn\n|move|p2a: Toxapex|Scald|p1a: Alomomola\n|-resisted|p1a: Alomomola\n|-damage|p1a: Alomomola|61\/100 brn\n|\n|-heal|p1a: Alomomola|67\/100 brn|[from] item: Leftovers\n|-heal|p2a: Toxapex|100\/100 brn|[from] item: Black Sludge\n|-damage|p1a: Alomomola|61\/100 brn|[from] brn\n|-damage|p2a: Toxapex|94\/100 brn|[from] brn\n|upkeep\n|turn|67\n|\n|t:|1700948531\n|move|p1a: Alomomola|Scald|p2a: Toxapex\n|-resisted|p2a: Toxapex\n|-damage|p2a: Toxapex|89\/100 brn\n|move|p2a: Toxapex|Scald|p1a: Alomomola\n|-resisted|p1a: Alomomola\n|-damage|p1a: Alomomola|52\/100 brn\n|\n|-heal|p1a: Alomomola|58\/100 brn|[from] item: Leftovers\n|-heal|p2a: Toxapex|96\/100 brn|[from] item: Black Sludge\n|-damage|p1a: Alomomola|52\/100 brn|[from] brn\n|-damage|p2a: Toxapex|89\/100 brn|[from] brn\n|upkeep\n|turn|68\n|\n|t:|1700948535\n|move|p1a: Alomomola|Wish|p1a: Alomomola\n|move|p2a: Toxapex|Scald|p1a: Alomomola\n|-resisted|p1a: Alomomola\n|-damage|p1a: Alomomola|43\/100 brn\n|\n|-heal|p1a: Alomomola|49\/100 brn|[from] item: Leftovers\n|-heal|p2a: Toxapex|96\/100 brn|[from] item: Black Sludge\n|-damage|p1a: Alomomola|43\/100 brn|[from] brn\n|-damage|p2a: Toxapex|89\/100 brn|[from] brn\n|upkeep\n|turn|69\n|\n|t:|1700948543\n|switch|p2a: Heatran|Heatran, M, tera:Fire|55\/100\n|move|p1a: Alomomola|Scald|p2a: Heatran\n|-supereffective|p2a: Heatran\n|-damage|p2a: Heatran|27\/100\n|\n|-heal|p1a: Alomomola|93\/100 brn|[from] move: Wish|[wisher] Alomomola\n|-heal|p1a: Alomomola|99\/100 brn|[from] item: Leftovers\n|-damage|p1a: Alomomola|93\/100 brn|[from] brn\n|upkeep\n|turn|70\n|\n|t:|1700948553\n|move|p1a: Alomomola|Protect|p1a: Alomomola\n|-singleturn|p1a: Alomomola|Protect\n|move|p2a: Heatran|Earth Power|p1a: Alomomola\n|-activate|p1a: Alomomola|move: Protect\n|\n|-heal|p1a: Alomomola|99\/100 brn|[from] item: Leftovers\n|-damage|p1a: Alomomola|93\/100 brn|[from] brn\n|upkeep\n|turn|71\n|\n|t:|1700948559\n|move|p2a: Heatran|Earth Power|p1a: Alomomola\n|-damage|p1a: Alomomola|62\/100 brn\n|move|p1a: Alomomola|Scald|p2a: Heatran\n|-supereffective|p2a: Heatran\n|-damage|p2a: Heatran|1\/100\n|\n|-heal|p1a: Alomomola|68\/100 brn|[from] item: Leftovers\n|-damage|p1a: Alomomola|62\/100 brn|[from] brn\n|upkeep\n|turn|72\n|\n|t:|1700948571\n|move|p2a: Heatran|Earth Power|p1a: Alomomola\n|-damage|p1a: Alomomola|31\/100 brn\n|move|p1a: Alomomola|Wish|p1a: Alomomola\n|\n|-heal|p1a: Alomomola|37\/100 brn|[from] item: Leftovers\n|-damage|p1a: Alomomola|31\/100 brn|[from] brn\n|upkeep\n|turn|73\n|\n|t:|1700948576\n|move|p1a: Alomomola|Protect|p1a: Alomomola\n|-singleturn|p1a: Alomomola|Protect\n|move|p2a: Heatran|Earth Power|p1a: Alomomola\n|-activate|p1a: Alomomola|move: Protect\n|\n|-heal|p1a: Alomomola|81\/100 brn|[from] move: Wish|[wisher] Alomomola\n|-heal|p1a: Alomomola|87\/100 brn|[from] item: Leftovers\n|-damage|p1a: Alomomola|81\/100 brn|[from] brn\n|upkeep\n|turn|74\n|\n|t:|1700948578\n|move|p2a: Heatran|Earth Power|p1a: Alomomola\n|-damage|p1a: Alomomola|48\/100 brn\n|move|p1a: Alomomola|Scald|p2a: Heatran\n|-supereffective|p2a: Heatran\n|-damage|p2a: Heatran|0 fnt\n|faint|p2a: Heatran\n|\n|-heal|p1a: Alomomola|54\/100 brn|[from] item: Leftovers\n|-damage|p1a: Alomomola|48\/100 brn|[from] brn\n|upkeep\n|\n|t:|1700948584\n|switch|p2a: Iron Hands|Iron Hands|88\/100\n|turn|75\n|\n|t:|1700948587\n|switch|p1a: Scizor|Scizor-Mega, M|70\/100\n|move|p2a: Iron Hands|Wild Charge|p1a: Scizor\n|-damage|p1a: Scizor|34\/100\n|-damage|p2a: Iron Hands|82\/100|[from] Recoil\n|\n|upkeep\n|turn|76\n|\n|t:|1700948593\n|move|p1a: Scizor|Roost|p1a: Scizor\n|-heal|p1a: Scizor|84\/100\n|-singleturn|p1a: Scizor|move: Roost\n|move|p2a: Iron Hands|Wild Charge|p1a: Scizor\n|-crit|p1a: Scizor\n|-damage|p1a: Scizor|28\/100\n|-damage|p2a: Iron Hands|73\/100|[from] Recoil\n|\n|upkeep\n|turn|77\n|\n|t:|1700948600\n|move|p1a: Scizor|Roost|p1a: Scizor\n|-heal|p1a: Scizor|78\/100\n|-singleturn|p1a: Scizor|move: Roost\n|move|p2a: Iron Hands|Wild Charge|p1a: Scizor\n|-damage|p1a: Scizor|42\/100\n|-damage|p2a: Iron Hands|67\/100|[from] Recoil\n|\n|upkeep\n|turn|78\n|\n|t:|1700948609\n|move|p1a: Scizor|Roost|p1a: Scizor\n|-heal|p1a: Scizor|92\/100\n|-singleturn|p1a: Scizor|move: Roost\n|move|p2a: Iron Hands|Drain Punch|p1a: Scizor\n|-damage|p1a: Scizor|60\/100\n|-heal|p2a: Iron Hands|78\/100|[from] drain|[of] p1a: Scizor\n|\n|upkeep\n|turn|79\n|\n|t:|1700948621\n|move|p1a: Scizor|Swords Dance|p1a: Scizor\n|-boost|p1a: Scizor|atk|2\n|move|p2a: Iron Hands|Drain Punch|p1a: Scizor\n|-damage|p1a: Scizor|27\/100\n|-heal|p2a: Iron Hands|89\/100|[from] drain|[of] p1a: Scizor\n|\n|upkeep\n|turn|80\n|\n|t:|1700948625\n|move|p1a: Scizor|Roost|p1a: Scizor\n|-heal|p1a: Scizor|77\/100\n|-singleturn|p1a: Scizor|move: Roost\n|move|p2a: Iron Hands|Wild Charge|p1a: Scizor\n|-damage|p1a: Scizor|37\/100\n|-damage|p2a: Iron Hands|82\/100|[from] Recoil\n|\n|upkeep\n|turn|81\n|\n|t:|1700948631\n|move|p1a: Scizor|Roost|p1a: Scizor\n|-heal|p1a: Scizor|87\/100\n|-singleturn|p1a: Scizor|move: Roost\n|move|p2a: Iron Hands|Drain Punch|p1a: Scizor\n|-damage|p1a: Scizor|57\/100\n|-heal|p2a: Iron Hands|92\/100|[from] drain|[of] p1a: Scizor\n|\n|upkeep\n|turn|82\n|\n|t:|1700948636\n|-end|p2a: Iron Hands|Quark Drive|[silent]\n|switch|p2a: Toxapex|Toxapex, M|100\/100 brn\n|move|p1a: Scizor|Bullet Punch|p2a: Toxapex\n|-resisted|p2a: Toxapex\n|-damage|p2a: Toxapex|83\/100 brn\n|\n|-heal|p2a: Toxapex|89\/100 brn|[from] item: Black Sludge\n|-damage|p2a: Toxapex|83\/100 brn|[from] brn\n|upkeep\n|turn|83\n|\n|t:|1700948646\n|switch|p2a: Iron Hands|Iron Hands|92\/100\n|move|p1a: Scizor|Swords Dance|p1a: Scizor\n|-boost|p1a: Scizor|atk|2\n|\n|upkeep\n|turn|84\n|\n|t:|1700948654\n|-end|p2a: Iron Hands|Quark Drive|[silent]\n|switch|p2a: Toxapex|Toxapex, M|100\/100 brn\n|move|p1a: Scizor|Bullet Punch|p2a: Toxapex\n|-resisted|p2a: Toxapex\n|-damage|p2a: Toxapex|72\/100 brn\n|\n|-heal|p2a: Toxapex|78\/100 brn|[from] item: Black Sludge\n|-damage|p2a: Toxapex|72\/100 brn|[from] brn\n|upkeep\n|turn|85\n|\n|t:|1700948660\n|move|p1a: Scizor|Swords Dance|p1a: Scizor\n|-boost|p1a: Scizor|atk|2\n|move|p2a: Toxapex|Haze|p2a: Toxapex\n|-clearallboost\n|\n|-heal|p2a: Toxapex|78\/100 brn|[from] item: Black Sludge\n|-damage|p2a: Toxapex|72\/100 brn|[from] brn\n|upkeep\n|turn|86\n|\n|t:|1700948664\n|switch|p2a: Iron Hands|Iron Hands|92\/100\n|move|p1a: Scizor|Swords Dance|p1a: Scizor\n|-boost|p1a: Scizor|atk|2\n|\n|upkeep\n|turn|87\n|\n|t:|1700948670\n|-end|p2a: Iron Hands|Quark Drive|[silent]\n|switch|p2a: Toxapex|Toxapex, M|100\/100 brn\n|move|p1a: Scizor|Bullet Punch|p2a: Toxapex\n|-resisted|p2a: Toxapex\n|-damage|p2a: Toxapex|83\/100 brn\n|\n|-heal|p2a: Toxapex|89\/100 brn|[from] item: Black Sludge\n|-damage|p2a: Toxapex|83\/100 brn|[from] brn\n|upkeep\n|turn|88\n|\n|t:|1700948673\n|move|p1a: Scizor|Swords Dance|p1a: Scizor\n|-boost|p1a: Scizor|atk|2\n|move|p2a: Toxapex|Haze|p2a: Toxapex\n|-clearallboost\n|\n|-heal|p2a: Toxapex|89\/100 brn|[from] item: Black Sludge\n|-damage|p2a: Toxapex|83\/100 brn|[from] brn\n|upkeep\n|turn|89\n|\n|t:|1700948675\n|move|p1a: Scizor|Swords Dance|p1a: Scizor\n|-boost|p1a: Scizor|atk|2\n|move|p2a: Toxapex|Scald|p1a: Scizor\n|-damage|p1a: Scizor|44\/100\n|-status|p1a: Scizor|brn\n|\n|-heal|p2a: Toxapex|89\/100 brn|[from] item: Black Sludge\n|-damage|p1a: Scizor|38\/100 brn|[from] brn\n|-damage|p2a: Toxapex|83\/100 brn|[from] brn\n|upkeep\n|turn|90\n|\n|t:|1700948682\n|move|p1a: Scizor|Pursuit|p2a: Toxapex\n|-damage|p2a: Toxapex|69\/100 brn\n|move|p2a: Toxapex|Haze|p2a: Toxapex\n|-clearallboost\n|\n|-heal|p2a: Toxapex|75\/100 brn|[from] item: Black Sludge\n|-damage|p1a: Scizor|32\/100 brn|[from] brn\n|-damage|p2a: Toxapex|69\/100 brn|[from] brn\n|upkeep\n|turn|91\n|-message|camilorage forfeited.\n|\n|win|Arplux\n|raw|camilorage's rating: 1205 &rarr; <strong>1185<\/strong><br \/>(-20 for losing)\n|raw|Arplux's rating: 1282 &rarr; <strong>1302<\/strong><br \/>(+20 for winning)\n|l|\u2606camilorage\n","uploadtime":1700948708,"views":7,"p1id":"camilorage","p2id":"arplux","formatid":"gen9nationaldex","rating":1185,"private":0,"password":""}