{"id":"gen9nationaldex-1995793755","p1":"jlsdfhpjksdhfni","p2":"greencake","format":"[Gen 9] National Dex","log":"|html|<div class=\"broadcast-blue\"><strong>[Gen 9] National Dex is currently suspecting Sneasler! For information on how to participate check out the <a href=\"https:\/\/www.smogon.com\/forums\/threads\/sv-national-dex-suspect-8-just-dance.3731534\/\">suspect thread<\/a>.<\/strong><\/div>\n|j|\u2606jlsdfhpjksdhfni\n|j|\u2606greencake\n|t:|1700603757\n|gametype|singles\n|player|p1|jlsdfhpjksdhfni|169|1559\n|player|p2|greencake|maid|1703\n|teamsize|p1|6\n|teamsize|p2|6\n|gen|9\n|tier|[Gen 9] National Dex\n|rated|\n|rule|HP Percentage Mod: HP is shown in percentages\n|rule|Endless Battle Clause: Forcing endless battles is banned\n|rule|OHKO Clause: OHKO moves are banned\n|rule|Evasion Clause: Evasion abilities, items, and moves are banned\n|rule|Evasion Abilities Clause: Evasion abilities are banned\n|rule|Evasion Items Clause: Evasion items are banned\n|rule|Evasion Moves Clause: Evasion moves are banned\n|rule|Species Clause: Limit one of each Pok\u00e9mon\n|rule|Sleep Clause Mod: Limit one foe put to sleep\n|clearpoke\n|poke|p1|Tapu Koko|\n|poke|p1|Zapdos|\n|poke|p1|Iron Treads|\n|poke|p1|Urshifu-*, M|\n|poke|p1|Iron Valiant|\n|poke|p1|Latias, F|\n|poke|p2|Lopunny, F|\n|poke|p2|Garganacl, M|\n|poke|p2|Alomomola, F|\n|poke|p2|Gliscor, F|\n|poke|p2|Hoopa-Unbound|\n|poke|p2|Jirachi|\n|teampreview\n|inactive|Battle timer is ON: inactive players will automatically lose when time's up. (requested by greencake)\n|inactive|jlsdfhpjksdhfni has 120 seconds left.\n|\n|t:|1700603796\n|start\n|switch|p1a: Iron Treads|Iron Treads|100\/100\n|switch|p2a: Alomomola|Alomomola, F|100\/100\n|turn|1\n|\n|t:|1700603804\n|move|p1a: Iron Treads|Stealth Rock|p2a: Alomomola\n|-sidestart|p2: greencake|move: Stealth Rock\n|move|p2a: Alomomola|Flip Turn|p1a: Iron Treads\n|-supereffective|p1a: Iron Treads\n|-crit|p1a: Iron Treads\n|-damage|p1a: Iron Treads|55\/100\n|\n|t:|1700603812\n|switch|p2a: Gliscor|Gliscor, F|100\/100|[from] Flip Turn\n|-damage|p2a: Gliscor|88\/100|[from] Stealth Rock\n|\n|-status|p2a: Gliscor|tox|[from] item: Toxic Orb\n|upkeep\n|turn|2\n|\n|t:|1700603839\n|-end|p1a: Iron Treads|Quark Drive|[silent]\n|switch|p1a: Iron Valiant|Iron Valiant|100\/100\n|move|p2a: Gliscor|Earthquake|p1a: Iron Valiant\n|-damage|p1a: Iron Valiant|60\/100\n|\n|-heal|p2a: Gliscor|100\/100 tox|[from] ability: Poison Heal\n|upkeep\n|turn|3\n|\n|t:|1700603852\n|switch|p2a: Alomomola|Alomomola, F|100\/100\n|-terastallize|p1a: Iron Valiant|Fairy\n|move|p1a: Iron Valiant|Moonblast|p2a: Alomomola\n|-damage|p2a: Alomomola|16\/100\n|\n|upkeep\n|turn|4\n|\n|t:|1700603867\n|switch|p2a: Jirachi|Jirachi|100\/100\n|-damage|p2a: Jirachi|94\/100|[from] Stealth Rock\n|move|p1a: Iron Valiant|Moonblast|p2a: Jirachi\n|-resisted|p2a: Jirachi\n|-damage|p2a: Jirachi|67\/100\n|\n|-heal|p2a: Jirachi|73\/100|[from] item: Leftovers\n|upkeep\n|turn|5\n|\n|t:|1700603881\n|-end|p1a: Iron Valiant|Quark Drive|[silent]\n|switch|p1a: Zapdos|Zapdos|100\/100\n|move|p2a: Jirachi|Iron Head|p1a: Zapdos\n|-resisted|p1a: Zapdos\n|-damage|p1a: Zapdos|91\/100\n|\n|-heal|p2a: Jirachi|79\/100|[from] item: Leftovers\n|upkeep\n|turn|6\n|\n|t:|1700603892\n|switch|p1a: Iron Valiant|Iron Valiant, tera:Fairy|60\/100\n|move|p2a: Jirachi|Toxic|p1a: Iron Valiant\n|-status|p1a: Iron Valiant|tox\n|\n|-heal|p2a: Jirachi|85\/100|[from] item: Leftovers\n|-damage|p1a: Iron Valiant|53\/100 tox|[from] psn\n|upkeep\n|turn|7\n|\n|t:|1700603904\n|-end|p1a: Iron Valiant|Quark Drive|[silent]\n|switch|p1a: Zapdos|Zapdos|91\/100\n|move|p2a: Jirachi|Protect||[still]\n|-fail|p2a: Jirachi\n|\n|-heal|p2a: Jirachi|92\/100|[from] item: Leftovers\n|upkeep\n|turn|8\n|\n|t:|1700603910\n|switch|p1a: Iron Treads|Iron Treads|55\/100\n|move|p2a: Jirachi|Toxic|p1a: Iron Treads\n|-immune|p1a: Iron Treads\n|\n|-heal|p2a: Jirachi|98\/100|[from] item: Leftovers\n|upkeep\n|turn|9\n|\n|t:|1700603917\n|switch|p2a: Gliscor|Gliscor, F|100\/100 tox\n|-damage|p2a: Gliscor|88\/100 tox|[from] Stealth Rock\n|move|p1a: Iron Treads|Earthquake|p2a: Gliscor\n|-immune|p2a: Gliscor\n|\n|-heal|p2a: Gliscor|100\/100 tox|[from] ability: Poison Heal\n|upkeep\n|turn|10\n|\n|t:|1700603928\n|-end|p1a: Iron Treads|Quark Drive|[silent]\n|switch|p1a: Urshifu|Urshifu-Rapid-Strike, M|100\/100\n|move|p2a: Gliscor|Earthquake|p1a: Urshifu\n|-damage|p1a: Urshifu|69\/100\n|\n|upkeep\n|turn|11\n|\n|t:|1700603943\n|move|p1a: Urshifu|Close Combat|p2a: Gliscor\n|-resisted|p2a: Gliscor\n|-damage|p2a: Gliscor|64\/100 tox\n|-unboost|p1a: Urshifu|def|1\n|-unboost|p1a: Urshifu|spd|1\n|move|p2a: Gliscor|Stealth Rock|p1a: Urshifu\n|-sidestart|p1: jlsdfhpjksdhfni|move: Stealth Rock\n|\n|-heal|p2a: Gliscor|76\/100 tox|[from] ability: Poison Heal\n|upkeep\n|turn|12\n|\n|t:|1700603958\n|switch|p1a: Latias|Latias, F|100\/100\n|-damage|p1a: Latias|88\/100|[from] Stealth Rock\n|move|p2a: Gliscor|Earthquake|p1a: Latias\n|-immune|p1a: Latias|[from] ability: Levitate\n|\n|-heal|p2a: Gliscor|89\/100 tox|[from] ability: Poison Heal\n|upkeep\n|turn|13\n|\n|t:|1700603972\n|switch|p2a: Hoopa|Hoopa-Unbound|100\/100\n|-damage|p2a: Hoopa|88\/100|[from] Stealth Rock\n|detailschange|p1a: Latias|Latias-Mega, F\n|-mega|p1a: Latias|Latias|Latiasite\n|move|p1a: Latias|Psyshock|p2a: Hoopa\n|-immune|p2a: Hoopa\n|\n|-heal|p2a: Hoopa|94\/100|[from] item: Leftovers\n|upkeep\n|turn|14\n|\n|t:|1700603986\n|switch|p1a: Urshifu|Urshifu-Rapid-Strike, M|69\/100\n|-damage|p1a: Urshifu|63\/100|[from] Stealth Rock\n|move|p2a: Hoopa|Substitute|p2a: Hoopa\n|-start|p2a: Hoopa|Substitute\n|-damage|p2a: Hoopa|69\/100\n|\n|-heal|p2a: Hoopa|75\/100|[from] item: Leftovers\n|upkeep\n|turn|15\n|\n|t:|1700603996\n|switch|p2a: Alomomola|Alomomola, F|49\/100\n|move|p1a: Urshifu|Surging Strikes|p2a: Alomomola\n|-resisted|p2a: Alomomola\n|-crit|p2a: Alomomola\n|-damage|p2a: Alomomola|41\/100\n|-resisted|p2a: Alomomola\n|-crit|p2a: Alomomola\n|-damage|p2a: Alomomola|31\/100\n|-resisted|p2a: Alomomola\n|-crit|p2a: Alomomola\n|-damage|p2a: Alomomola|23\/100\n|-hitcount|p2a: Alomomola|3\n|\n|upkeep\n|turn|16\n|\n|t:|1700604010\n|switch|p2a: Gliscor|Gliscor, F|89\/100 tox\n|-damage|p2a: Gliscor|76\/100 tox|[from] Stealth Rock\n|move|p1a: Urshifu|Surging Strikes|p2a: Gliscor\n|-supereffective|p2a: Gliscor\n|-crit|p2a: Gliscor\n|-damage|p2a: Gliscor|28\/100 tox\n|-supereffective|p2a: Gliscor\n|-crit|p2a: Gliscor\n|-damage|p2a: Gliscor|0 fnt\n|faint|p2a: Gliscor\n|-hitcount|p2: Gliscor|2\n|\n|upkeep\n|\n|t:|1700604033\n|switch|p2a: Alomomola|Alomomola, F|56\/100\n|turn|17\n|\n|t:|1700604038\n|switch|p1a: Tapu Koko|Tapu Koko|100\/100\n|-damage|p1a: Tapu Koko|88\/100|[from] Stealth Rock\n|-fieldstart|move: Electric Terrain|[from] ability: Electric Surge|[of] p1a: Tapu Koko\n|move|p2a: Alomomola|Wish|p2a: Alomomola\n|\n|upkeep\n|turn|18\n|\n|t:|1700604056\n|move|p2a: Alomomola|Protect|p2a: Alomomola\n|-singleturn|p2a: Alomomola|Protect\n|move|p1a: Tapu Koko|Thunderbolt|p2a: Alomomola\n|-activate|p2a: Alomomola|move: Protect\n|\n|-heal|p2a: Alomomola|100\/100|[from] move: Wish|[wisher] Alomomola\n|upkeep\n|turn|19\n|\n|t:|1700604061\n|switch|p2a: Jirachi|Jirachi|98\/100\n|-damage|p2a: Jirachi|92\/100|[from] Stealth Rock\n|move|p1a: Tapu Koko|U-turn|p2a: Jirachi\n|-damage|p2a: Jirachi|78\/100\n|\n|t:|1700604086\n|switch|p1a: Iron Treads|Iron Treads|55\/100|[from] U-turn\n|-damage|p1a: Iron Treads|52\/100|[from] Stealth Rock\n|-activate|p1a: Iron Treads|ability: Quark Drive\n|-start|p1a: Iron Treads|quarkdrivespe\n|\n|-heal|p2a: Jirachi|84\/100|[from] item: Leftovers\n|upkeep\n|turn|20\n|\n|t:|1700604094\n|move|p2a: Jirachi|Protect|p2a: Jirachi\n|-singleturn|p2a: Jirachi|Protect\n|move|p1a: Iron Treads|Earthquake|p2a: Jirachi\n|-activate|p2a: Jirachi|move: Protect\n|\n|-heal|p2a: Jirachi|90\/100|[from] item: Leftovers\n|upkeep\n|turn|21\n|\n|t:|1700604102\n|switch|p2a: Alomomola|Alomomola, F|100\/100\n|move|p1a: Iron Treads|Volt Switch|p2a: Alomomola\n|-supereffective|p2a: Alomomola\n|-damage|p2a: Alomomola|65\/100\n|-damage|p1a: Iron Treads|42\/100|[from] item: Life Orb\n|\n|t:|1700604120\n|-end|p1a: Iron Treads|Quark Drive|[silent]\n|switch|p1a: Iron Valiant|Iron Valiant, tera:Fairy|53\/100 tox|[from] Volt Switch\n|-damage|p1a: Iron Valiant|41\/100 tox|[from] Stealth Rock\n|-activate|p1a: Iron Valiant|ability: Quark Drive\n|-start|p1a: Iron Valiant|quarkdrivespe\n|\n|-damage|p1a: Iron Valiant|35\/100 tox|[from] psn\n|upkeep\n|turn|22\n|\n|t:|1700604138\n|move|p2a: Alomomola|Protect|p2a: Alomomola\n|-singleturn|p2a: Alomomola|Protect\n|move|p1a: Iron Valiant|Thunderbolt|p2a: Alomomola\n|-activate|p2a: Alomomola|move: Protect\n|\n|-damage|p1a: Iron Valiant|22\/100 tox|[from] psn\n|upkeep\n|turn|23\n|\n|t:|1700604142\n|switch|p2a: Jirachi|Jirachi|90\/100\n|-damage|p2a: Jirachi|84\/100|[from] Stealth Rock\n|move|p1a: Iron Valiant|Thunderbolt|p2a: Jirachi\n|-damage|p2a: Jirachi|49\/100\n|\n|-heal|p2a: Jirachi|55\/100|[from] item: Leftovers\n|-damage|p1a: Iron Valiant|4\/100 tox|[from] psn\n|upkeep\n|turn|24\n|\n|t:|1700604150\n|move|p1a: Iron Valiant|Thunderbolt|p2a: Jirachi\n|-damage|p2a: Jirachi|20\/100\n|move|p2a: Jirachi|Wish|p2a: Jirachi\n|\n|-heal|p2a: Jirachi|26\/100|[from] item: Leftovers\n|-damage|p1a: Iron Valiant|0 fnt|[from] psn\n|faint|p1a: Iron Valiant\n|-end|p1a: Iron Valiant|Quark Drive|[silent]\n|-fieldend|move: Electric Terrain\n|upkeep\n|\n|t:|1700604169\n|switch|p1a: Urshifu|Urshifu-Rapid-Strike, M|63\/100\n|-damage|p1a: Urshifu|57\/100|[from] Stealth Rock\n|turn|25\n|\n|t:|1700604176\n|switch|p2a: Alomomola|Alomomola, F|98\/100\n|move|p1a: Urshifu|Close Combat|p2a: Alomomola\n|-damage|p2a: Alomomola|45\/100\n|-unboost|p1a: Urshifu|def|1\n|-unboost|p1a: Urshifu|spd|1\n|\n|-heal|p2a: Alomomola|87\/100|[from] move: Wish|[wisher] Jirachi\n|upkeep\n|turn|26\n|\n|t:|1700604185\n|move|p1a: Urshifu|Close Combat|p2a: Alomomola\n|-damage|p2a: Alomomola|27\/100\n|-unboost|p1a: Urshifu|def|1\n|-unboost|p1a: Urshifu|spd|1\n|move|p2a: Alomomola|Flip Turn|p1a: Urshifu\n|-resisted|p1a: Urshifu\n|-damage|p1a: Urshifu|42\/100\n|\n|t:|1700604192\n|switch|p2a: Lopunny|Lopunny, F|100\/100|[from] Flip Turn\n|-damage|p2a: Lopunny|88\/100|[from] Stealth Rock\n|\n|upkeep\n|turn|27\n|\n|t:|1700604197\n|switch|p1a: Zapdos|Zapdos|91\/100\n|detailschange|p2a: Lopunny|Lopunny-Mega, F\n|-mega|p2a: Lopunny|Lopunny|Lopunnite\n|move|p2a: Lopunny|Fake Out|p1a: Zapdos\n|-damage|p1a: Zapdos|72\/100\n|-status|p2a: Lopunny|par|[from] ability: Static|[of] p1a: Zapdos\n|\n|upkeep\n|turn|28\n|\n|t:|1700604205\n|switch|p2a: Hoopa|Hoopa-Unbound|75\/100\n|-damage|p2a: Hoopa|63\/100|[from] Stealth Rock\n|move|p1a: Zapdos|Heat Wave|p2a: Hoopa|[miss]\n|-miss|p1a: Zapdos|p2a: Hoopa\n|\n|-heal|p2a: Hoopa|69\/100|[from] item: Leftovers\n|upkeep\n|turn|29\n|\n|t:|1700604220\n|move|p2a: Hoopa|Psyshock|p1a: Zapdos\n|-damage|p1a: Zapdos|36\/100\n|move|p1a: Zapdos|Volt Switch|p2a: Hoopa\n|-crit|p2a: Hoopa\n|-damage|p2a: Hoopa|29\/100\n|\n|t:|1700604229\n|switch|p1a: Iron Treads|Iron Treads|42\/100|[from] Volt Switch\n|-damage|p1a: Iron Treads|39\/100|[from] Stealth Rock\n|\n|-heal|p2a: Hoopa|35\/100|[from] item: Leftovers\n|upkeep\n|turn|30\n|\n|t:|1700604234\n|move|p1a: Iron Treads|Earthquake|p2a: Hoopa\n|-damage|p2a: Hoopa|0 fnt\n|faint|p2a: Hoopa\n|-damage|p1a: Iron Treads|29\/100|[from] item: Life Orb\n|\n|upkeep\n|\n|t:|1700604239\n|switch|p2a: Alomomola|Alomomola, F|60\/100\n|turn|31\n|\n|t:|1700604261\n|-end|p1a: Iron Treads|Quark Drive|[silent]\n|switch|p1a: Tapu Koko|Tapu Koko|88\/100\n|-damage|p1a: Tapu Koko|76\/100|[from] Stealth Rock\n|-fieldstart|move: Electric Terrain|[from] ability: Electric Surge|[of] p1a: Tapu Koko\n|move|p2a: Alomomola|Flip Turn|p1a: Tapu Koko\n|-damage|p1a: Tapu Koko|51\/100\n|\n|t:|1700604269\n|switch|p2a: Jirachi|Jirachi|26\/100|[from] Flip Turn\n|-damage|p2a: Jirachi|20\/100|[from] Stealth Rock\n|\n|-heal|p2a: Jirachi|26\/100|[from] item: Leftovers\n|upkeep\n|turn|32\n|\n|t:|1700604273\n|move|p1a: Tapu Koko|Thunderbolt|p2a: Jirachi\n|-damage|p2a: Jirachi|0 fnt\n|faint|p2a: Jirachi\n|\n|upkeep\n|\n|t:|1700604287\n|switch|p2a: Lopunny|Lopunny-Mega, F|88\/100 par\n|-damage|p2a: Lopunny|82\/100 par|[from] Stealth Rock\n|turn|33\n|\n|t:|1700604299\n|switch|p1a: Zapdos|Zapdos|36\/100\n|move|p2a: Lopunny|Fake Out|p1a: Zapdos\n|-damage|p1a: Zapdos|21\/100\n|\n|upkeep\n|turn|34\n|\n|t:|1700604310\n|move|p1a: Zapdos|Roost|p1a: Zapdos\n|-heal|p1a: Zapdos|71\/100\n|-singleturn|p1a: Zapdos|move: Roost\n|move|p2a: Lopunny|Return|p1a: Zapdos\n|-damage|p1a: Zapdos|26\/100\n|\n|upkeep\n|turn|35\n|\n|t:|1700604318\n|switch|p2a: Alomomola|Alomomola, F|94\/100\n|move|p1a: Zapdos|Roost|p1a: Zapdos\n|-heal|p1a: Zapdos|76\/100\n|-singleturn|p1a: Zapdos|move: Roost\n|\n|upkeep\n|turn|36\n|\n|t:|1700604346\n|move|p1a: Zapdos|Defog|p2a: Alomomola\n|-unboost|p2a: Alomomola|evasion|1\n|-sideend|p2: greencake|Stealth Rock|[from] move: Defog|[of] p1a: Zapdos\n|-sideend|p1: jlsdfhpjksdhfni|Stealth Rock|[from] move: Defog|[of] p1a: Zapdos\n|-fieldend|move: Electric Terrain\n|move|p2a: Alomomola|Flip Turn|p1a: Zapdos\n|-damage|p1a: Zapdos|65\/100\n|-status|p2a: Alomomola|par|[from] ability: Static|[of] p1a: Zapdos\n|inactive|greencake has 120 seconds left.\n|\n|t:|1700604358\n|switch|p2a: Garganacl|Garganacl, M|100\/100|[from] Flip Turn\n|\n|upkeep\n|turn|37\n|inactive|greencake has 120 seconds left.\n|\n|t:|1700604371\n|move|p1a: Zapdos|Volt Switch|p2a: Garganacl\n|-damage|p2a: Garganacl|80\/100\n|\n|t:|1700604382\n|switch|p1a: Latias|Latias-Mega, F|88\/100|[from] Volt Switch\n|move|p2a: Garganacl|Salt Cure|p1a: Latias\n|-damage|p1a: Latias|77\/100\n|-start|p1a: Latias|Salt Cure\n|\n|-heal|p2a: Garganacl|86\/100|[from] item: Leftovers\n|-damage|p1a: Latias|64\/100|[from] Salt Cure\n|upkeep\n|turn|38\n|\n|t:|1700604394\n|switch|p2a: Alomomola|Alomomola, F|100\/100 par\n|move|p1a: Latias|Aura Sphere|p2a: Alomomola\n|-damage|p2a: Alomomola|77\/100 par\n|\n|-damage|p1a: Latias|52\/100|[from] Salt Cure\n|upkeep\n|turn|39\n|\n|t:|1700604415\n|switch|p1a: Urshifu|Urshifu-Rapid-Strike, M|42\/100\n|move|p2a: Alomomola|Wish|p2a: Alomomola\n|\n|upkeep\n|turn|40\n|\n|t:|1700604427\n|move|p1a: Urshifu|Close Combat|p2a: Alomomola\n|-damage|p2a: Alomomola|24\/100 par\n|-unboost|p1a: Urshifu|def|1\n|-unboost|p1a: Urshifu|spd|1\n|move|p2a: Alomomola|Toxic|p1a: Urshifu\n|-status|p1a: Urshifu|tox\n|\n|-heal|p2a: Alomomola|74\/100 par|[from] move: Wish|[wisher] Alomomola\n|-damage|p1a: Urshifu|36\/100 tox|[from] psn\n|upkeep\n|turn|41\n|\n|t:|1700604437\n|switch|p1a: Zapdos|Zapdos|65\/100\n|move|p2a: Alomomola|Flip Turn|p1a: Zapdos\n|-damage|p1a: Zapdos|52\/100\n|\n|t:|1700604445\n|switch|p2a: Garganacl|Garganacl, M|86\/100|[from] Flip Turn\n|\n|-heal|p2a: Garganacl|93\/100|[from] item: Leftovers\n|upkeep\n|turn|42\n|\n|t:|1700604451\n|move|p1a: Zapdos|Volt Switch|p2a: Garganacl\n|-damage|p2a: Garganacl|73\/100\n|\n|t:|1700604455\n|switch|p1a: Latias|Latias-Mega, F|52\/100|[from] Volt Switch\n|move|p2a: Garganacl|Salt Cure|p1a: Latias\n|-damage|p1a: Latias|40\/100\n|-start|p1a: Latias|Salt Cure\n|\n|-heal|p2a: Garganacl|79\/100|[from] item: Leftovers\n|-damage|p1a: Latias|28\/100|[from] Salt Cure\n|upkeep\n|turn|43\n|\n|t:|1700604460\n|switch|p2a: Alomomola|Alomomola, F|100\/100 par\n|move|p1a: Latias|Roost|p1a: Latias\n|-heal|p1a: Latias|78\/100\n|-singleturn|p1a: Latias|move: Roost\n|\n|-damage|p1a: Latias|66\/100|[from] Salt Cure\n|upkeep\n|turn|44\n|\n|t:|1700604471\n|switch|p1a: Iron Treads|Iron Treads|29\/100\n|move|p2a: Alomomola|Toxic|p1a: Iron Treads\n|-immune|p1a: Iron Treads\n|\n|upkeep\n|turn|45\n|\n|t:|1700604487\n|-end|p1a: Iron Treads|Quark Drive|[silent]\n|switch|p1a: Tapu Koko|Tapu Koko|51\/100\n|-fieldstart|move: Electric Terrain|[from] ability: Electric Surge|[of] p1a: Tapu Koko\n|move|p2a: Alomomola|Wish|p2a: Alomomola\n|\n|upkeep\n|turn|46\n|\n|t:|1700604501\n|switch|p1a: Iron Treads|Iron Treads|29\/100\n|-activate|p1a: Iron Treads|ability: Quark Drive\n|-start|p1a: Iron Treads|quarkdrivespe\n|switch|p2a: Garganacl|Garganacl, M|79\/100\n|\n|-heal|p2a: Garganacl|100\/100|[from] move: Wish|[wisher] Alomomola\n|upkeep\n|turn|47\n|\n|t:|1700604518\n|-terastallize|p2a: Garganacl|Fairy\n|move|p1a: Iron Treads|Earthquake|p2a: Garganacl\n|-damage|p2a: Garganacl|62\/100\n|-damage|p1a: Iron Treads|19\/100|[from] item: Life Orb\n|move|p2a: Garganacl|Salt Cure|p1a: Iron Treads\n|-resisted|p1a: Iron Treads\n|-damage|p1a: Iron Treads|16\/100\n|-start|p1a: Iron Treads|Salt Cure\n|\n|-heal|p2a: Garganacl|68\/100|[from] item: Leftovers\n|-damage|p1a: Iron Treads|0 fnt|[from] Salt Cure\n|faint|p1a: Iron Treads\n|-end|p1a: Iron Treads|Quark Drive|[silent]\n|upkeep\n|\n|t:|1700604532\n|switch|p1a: Tapu Koko|Tapu Koko|51\/100\n|turn|48\n|\n|t:|1700604546\n|move|p1a: Tapu Koko|Thunderbolt|p2a: Garganacl\n|-damage|p2a: Garganacl|34\/100\n|move|p2a: Garganacl|Recover|p2a: Garganacl\n|-heal|p2a: Garganacl|84\/100\n|\n|-heal|p2a: Garganacl|91\/100|[from] item: Leftovers\n|upkeep\n|turn|49\n|\n|t:|1700604573\n|switch|p1a: Urshifu|Urshifu-Rapid-Strike, M|36\/100 tox\n|move|p2a: Garganacl|Salt Cure|p1a: Urshifu\n|-resisted|p1a: Urshifu\n|-damage|p1a: Urshifu|29\/100 tox\n|-start|p1a: Urshifu|Salt Cure\n|\n|-heal|p2a: Garganacl|97\/100|[from] item: Leftovers\n|-damage|p1a: Urshifu|22\/100 tox|[from] psn\n|-damage|p1a: Urshifu|0 fnt|[from] Salt Cure\n|faint|p1a: Urshifu\n|upkeep\n|\n|t:|1700604577\n|switch|p1a: Latias|Latias-Mega, F|66\/100\n|turn|50\n|\n|t:|1700604582\n|move|p1a: Latias|Calm Mind|p1a: Latias\n|-boost|p1a: Latias|spa|1\n|-boost|p1a: Latias|spd|1\n|move|p2a: Garganacl|Salt Cure|p1a: Latias\n|-damage|p1a: Latias|54\/100\n|-start|p1a: Latias|Salt Cure\n|\n|-heal|p2a: Garganacl|100\/100|[from] item: Leftovers\n|-damage|p1a: Latias|42\/100|[from] Salt Cure\n|upkeep\n|turn|51\n|\n|t:|1700604590\n|move|p1a: Latias|Roost|p1a: Latias\n|-heal|p1a: Latias|92\/100\n|-singleturn|p1a: Latias|move: Roost\n|move|p2a: Garganacl|Iron Defense|p2a: Garganacl\n|-boost|p2a: Garganacl|def|2\n|\n|-damage|p1a: Latias|80\/100|[from] Salt Cure\n|upkeep\n|turn|52\n|\n|t:|1700604600\n|switch|p2a: Alomomola|Alomomola, F|100\/100 par\n|move|p1a: Latias|Calm Mind|p1a: Latias\n|-boost|p1a: Latias|spa|1\n|-boost|p1a: Latias|spd|1\n|\n|-damage|p1a: Latias|67\/100|[from] Salt Cure\n|-fieldend|move: Electric Terrain\n|upkeep\n|turn|53\n|\n|t:|1700604615\n|move|p1a: Latias|Aura Sphere|p2a: Alomomola\n|-damage|p2a: Alomomola|60\/100 par\n|move|p2a: Alomomola|Toxic|p1a: Latias\n|-status|p1a: Latias|tox\n|\n|-damage|p1a: Latias|61\/100 tox|[from] psn\n|-damage|p1a: Latias|49\/100 tox|[from] Salt Cure\n|upkeep\n|turn|54\n|\n|t:|1700604636\n|switch|p1a: Tapu Koko|Tapu Koko|51\/100\n|-fieldstart|move: Electric Terrain|[from] ability: Electric Surge|[of] p1a: Tapu Koko\n|move|p2a: Alomomola|Flip Turn|p1a: Tapu Koko\n|-damage|p1a: Tapu Koko|27\/100\n|\n|t:|1700604642\n|switch|p2a: Lopunny|Lopunny-Mega, F|82\/100 par|[from] Flip Turn\n|\n|upkeep\n|turn|55\n|\n|t:|1700604647\n|switch|p1a: Zapdos|Zapdos|52\/100\n|cant|p2a: Lopunny|par\n|\n|upkeep\n|turn|56\n|\n|t:|1700604673\n|move|p1a: Zapdos|Heat Wave|p2a: Lopunny\n|-damage|p2a: Lopunny|46\/100 par\n|move|p2a: Lopunny|Return|p1a: Zapdos\n|-damage|p1a: Zapdos|10\/100\n|\n|upkeep\n|turn|57\n|\n|t:|1700604678\n|move|p2a: Lopunny|Quick Attack|p1a: Zapdos\n|-damage|p1a: Zapdos|0 fnt\n|faint|p1a: Zapdos\n|\n|upkeep\n|c|\u2606jlsdfhpjksdhfni|gg\n|-message|jlsdfhpjksdhfni forfeited.\n|\n|win|greencake\n|raw|jlsdfhpjksdhfni's rating: 1559 &rarr; <strong>1547<\/strong><br \/>(-12 for losing)\n|raw|greencake's rating: 1703 &rarr; <strong>1715<\/strong><br \/>(+12 for winning)\n|l|\u2606jlsdfhpjksdhfni\n","uploadtime":1700604690,"views":1,"p1id":"jlsdfhpjksdhfni","p2id":"greencake","formatid":"gen9nationaldex","rating":1547,"private":0,"password":""}