{"id":"gen9nationaldex-2000091272","p1":"Syant","p2":"mantidfly","format":"[Gen 9] National Dex","log":"|html|<div class=\"broadcast-blue\"><strong>[Gen 9] National Dex is currently suspecting Sneasler! For information on how to participate check out the <a href=\"https:\/\/www.smogon.com\/forums\/threads\/sv-national-dex-suspect-8-just-dance.3731534\/\">suspect thread<\/a>.<\/strong><\/div>\n|j|\u2606Syant\n|j|\u2606mantidfly\n|t:|1701153101\n|gametype|singles\n|player|p1|Syant|unknown|1000\n|player|p2|mantidfly|rocketgrunt|1074\n|teamsize|p1|6\n|teamsize|p2|6\n|gen|9\n|tier|[Gen 9] National Dex\n|rated|\n|rule|HP Percentage Mod: HP is shown in percentages\n|rule|Endless Battle Clause: Forcing endless battles is banned\n|rule|OHKO Clause: OHKO moves are banned\n|rule|Evasion Clause: Evasion abilities, items, and moves are banned\n|rule|Evasion Abilities Clause: Evasion abilities are banned\n|rule|Evasion Items Clause: Evasion items are banned\n|rule|Evasion Moves Clause: Evasion moves are banned\n|rule|Species Clause: Limit one of each Pok\u00e9mon\n|rule|Sleep Clause Mod: Limit one foe put to sleep\n|clearpoke\n|poke|p1|Gallade, M|\n|poke|p1|Armarouge, F|\n|poke|p1|Lycanroc-Dusk, M|\n|poke|p1|Swanna, F|\n|poke|p1|Salamence, M|\n|poke|p1|Hatterene, F|\n|poke|p2|Sceptile, M|\n|poke|p2|Aegislash, F|\n|poke|p2|Suicune|\n|poke|p2|Salamence, F|\n|poke|p2|Mienshao, M|\n|poke|p2|Weavile, F|\n|teampreview\n|inactive|Battle timer is ON: inactive players will automatically lose when time's up. (requested by mantidfly)\n|c|\u2606mantidfly|Glhf\n|\n|t:|1701153115\n|start\n|switch|p1a: Salamence|Salamence, M|100\/100\n|switch|p2a: Aegislash|Aegislash, F|100\/100\n|-ability|p1a: Salamence|Intimidate|boost\n|-unboost|p2a: Aegislash|atk|1\n|turn|1\n|\n|t:|1701153125\n|move|p1a: Salamence|Flamethrower|p2a: Aegislash\n|-supereffective|p2a: Aegislash\n|-damage|p2a: Aegislash|60\/100\n|-formechange|p2a: Aegislash|Aegislash-Blade||[from] ability: Stance Change\n|move|p2a: Aegislash|Iron Head|p1a: Salamence\n|-damage|p1a: Salamence|54\/100\n|-damage|p2a: Aegislash|50\/100|[from] item: Life Orb\n|\n|-heal|p1a: Salamence|60\/100|[from] item: Leftovers\n|upkeep\n|turn|2\n|\n|t:|1701153141\n|move|p2a: Aegislash|Shadow Sneak|p1a: Salamence\n|-damage|p1a: Salamence|38\/100\n|-damage|p2a: Aegislash|40\/100|[from] item: Life Orb\n|move|p1a: Salamence|Flamethrower|p2a: Aegislash\n|-supereffective|p2a: Aegislash\n|-damage|p2a: Aegislash|0 fnt\n|faint|p2a: Aegislash\n|\n|-heal|p1a: Salamence|45\/100|[from] item: Leftovers\n|upkeep\n|\n|t:|1701153159\n|switch|p2a: Salamence|Salamence, F|100\/100\n|turn|3\n|\n|t:|1701153167\n|-terastallize|p1a: Salamence|Fairy\n|move|p2a: Salamence|Dragon Dance|p2a: Salamence\n|-boost|p2a: Salamence|atk|1\n|-boost|p2a: Salamence|spe|1\n|move|p1a: Salamence|Dragon Tail|p2a: Salamence\n|-supereffective|p2a: Salamence\n|-damage|p2a: Salamence|36\/100\n|drag|p2a: Mienshao|Mienshao, M|100\/100\n|\n|-heal|p1a: Salamence|51\/100|[from] item: Leftovers\n|upkeep\n|turn|4\n|\n|t:|1701153179\n|move|p2a: Mienshao|U-turn|p1a: Salamence\n|-resisted|p1a: Salamence\n|-damage|p1a: Salamence|31\/100\n|\n|t:|1701153183\n|switch|p2a: Suicune|Suicune|100\/100|[from] U-turn\n|-ability|p2a: Suicune|Pressure\n|move|p1a: Salamence|Earthquake|p2a: Suicune\n|-damage|p2a: Suicune|83\/100\n|\n|-heal|p1a: Salamence|37\/100|[from] item: Leftovers\n|-heal|p2a: Suicune|89\/100|[from] item: Leftovers\n|upkeep\n|turn|5\n|\n|t:|1701153198\n|switch|p1a: Swanna|Swanna, F, shiny|100\/100\n|move|p2a: Suicune|Scald|p1a: Swanna\n|-resisted|p1a: Swanna\n|-damage|p1a: Swanna|83\/100\n|\n|-heal|p2a: Suicune|95\/100|[from] item: Leftovers\n|upkeep\n|turn|6\n|\n|t:|1701153211\n|move|p1a: Swanna|Flip Turn|p2a: Suicune\n|-resisted|p2a: Suicune\n|-damage|p2a: Suicune|90\/100\n|\n|t:|1701153215\n|switch|p1a: Armarouge|Armarouge, F|100\/100|[from] Flip Turn\n|move|p2a: Suicune|Calm Mind|p2a: Suicune\n|-boost|p2a: Suicune|spa|1\n|-boost|p2a: Suicune|spd|1\n|\n|-heal|p2a: Suicune|96\/100|[from] item: Leftovers\n|upkeep\n|turn|7\n|\n|t:|1701153222\n|move|p1a: Armarouge|Destiny Bond|p1a: Armarouge\n|-singlemove|p1a: Armarouge|Destiny Bond\n|move|p2a: Suicune|Calm Mind|p2a: Suicune\n|-boost|p2a: Suicune|spa|1\n|-boost|p2a: Suicune|spd|1\n|\n|-heal|p2a: Suicune|100\/100|[from] item: Leftovers\n|upkeep\n|turn|8\n|\n|t:|1701153230\n|move|p1a: Armarouge|Energy Ball|p2a: Suicune\n|-supereffective|p2a: Suicune\n|-damage|p2a: Suicune|78\/100\n|move|p2a: Suicune|Scald|p1a: Armarouge\n|-supereffective|p1a: Armarouge\n|-enditem|p1a: Armarouge|Focus Sash\n|-damage|p1a: Armarouge|1\/100\n|\n|-heal|p2a: Suicune|84\/100|[from] item: Leftovers\n|upkeep\n|turn|9\n|\n|t:|1701153240\n|switch|p2a: Salamence|Salamence, F|36\/100\n|move|p1a: Armarouge|Destiny Bond|p1a: Armarouge\n|-singlemove|p1a: Armarouge|Destiny Bond\n|\n|upkeep\n|turn|10\n|\n|t:|1701153250\n|switch|p2a: Mienshao|Mienshao, M|100\/100\n|move|p1a: Armarouge|Energy Ball|p2a: Mienshao\n|-damage|p2a: Mienshao|43\/100\n|\n|upkeep\n|turn|11\n|\n|t:|1701153258\n|move|p2a: Mienshao|Fake Out|p1a: Armarouge\n|-damage|p1a: Armarouge|0 fnt\n|faint|p1a: Armarouge\n|\n|upkeep\n|\n|t:|1701153264\n|switch|p1a: Hatterene|Hatterene, F|100\/100\n|turn|12\n|\n|t:|1701153271\n|switch|p2a: Suicune|Suicune|84\/100\n|-ability|p2a: Suicune|Pressure\n|move|p1a: Hatterene|Draining Kiss|p2a: Suicune\n|-damage|p2a: Suicune|62\/100\n|\n|-heal|p2a: Suicune|69\/100|[from] item: Leftovers\n|upkeep\n|turn|13\n|\n|t:|1701153281\n|move|p2a: Suicune|Calm Mind|p2a: Suicune\n|-boost|p2a: Suicune|spa|1\n|-boost|p2a: Suicune|spd|1\n|move|p1a: Hatterene|Substitute|p1a: Hatterene\n|-start|p1a: Hatterene|Substitute\n|-damage|p1a: Hatterene|76\/100\n|\n|-heal|p2a: Suicune|75\/100|[from] item: Leftovers\n|upkeep\n|turn|14\n|\n|t:|1701153290\n|move|p2a: Suicune|Calm Mind|p2a: Suicune\n|-boost|p2a: Suicune|spa|1\n|-boost|p2a: Suicune|spd|1\n|move|p1a: Hatterene|Calm Mind|p1a: Hatterene\n|-boost|p1a: Hatterene|spa|1\n|-boost|p1a: Hatterene|spd|1\n|\n|-heal|p2a: Suicune|81\/100|[from] item: Leftovers\n|upkeep\n|turn|15\n|\n|t:|1701153298\n|move|p2a: Suicune|Calm Mind|p2a: Suicune\n|-boost|p2a: Suicune|spa|1\n|-boost|p2a: Suicune|spd|1\n|move|p1a: Hatterene|Calm Mind|p1a: Hatterene\n|-boost|p1a: Hatterene|spa|1\n|-boost|p1a: Hatterene|spd|1\n|\n|-heal|p2a: Suicune|87\/100|[from] item: Leftovers\n|upkeep\n|turn|16\n|\n|t:|1701153306\n|move|p2a: Suicune|Scald|p1a: Hatterene\n|-end|p1a: Hatterene|Substitute\n|move|p1a: Hatterene|Calm Mind|p1a: Hatterene\n|-boost|p1a: Hatterene|spa|1\n|-boost|p1a: Hatterene|spd|1\n|\n|-heal|p2a: Suicune|93\/100|[from] item: Leftovers\n|upkeep\n|turn|17\n|\n|t:|1701153314\n|move|p2a: Suicune|Scald|p1a: Hatterene\n|-damage|p1a: Hatterene|47\/100\n|-status|p1a: Hatterene|brn\n|move|p1a: Hatterene|Draining Kiss|p2a: Suicune\n|-damage|p2a: Suicune|73\/100\n|-heal|p1a: Hatterene|68\/100 brn|[from] drain|[of] p2a: Suicune\n|\n|-heal|p2a: Suicune|79\/100|[from] item: Leftovers\n|-damage|p1a: Hatterene|62\/100 brn|[from] brn\n|upkeep\n|turn|18\n|\n|t:|1701153325\n|move|p2a: Suicune|Calm Mind|p2a: Suicune\n|-boost|p2a: Suicune|spa|1\n|-boost|p2a: Suicune|spd|1\n|move|p1a: Hatterene|Draining Kiss|p2a: Suicune\n|-damage|p2a: Suicune|61\/100\n|-heal|p1a: Hatterene|82\/100 brn|[from] drain|[of] p2a: Suicune\n|\n|-heal|p2a: Suicune|67\/100|[from] item: Leftovers\n|-damage|p1a: Hatterene|76\/100 brn|[from] brn\n|upkeep\n|turn|19\n|\n|t:|1701153335\n|move|p2a: Suicune|Calm Mind|p2a: Suicune\n|-boost|p2a: Suicune|spa|1\n|-boost|p2a: Suicune|spd|1\n|move|p1a: Hatterene|Calm Mind|p1a: Hatterene\n|-boost|p1a: Hatterene|spa|1\n|-boost|p1a: Hatterene|spd|1\n|\n|-heal|p2a: Suicune|73\/100|[from] item: Leftovers\n|-damage|p1a: Hatterene|70\/100 brn|[from] brn\n|upkeep\n|turn|20\n|\n|t:|1701153345\n|move|p2a: Suicune|Calm Mind|p2a: Suicune\n|-boost|p2a: Suicune|spa|1\n|-boost|p2a: Suicune|spd|1\n|move|p1a: Hatterene|Substitute|p1a: Hatterene\n|-start|p1a: Hatterene|Substitute\n|-damage|p1a: Hatterene|45\/100 brn\n|\n|-heal|p2a: Suicune|79\/100|[from] item: Leftovers\n|-damage|p1a: Hatterene|39\/100 brn|[from] brn\n|upkeep\n|turn|21\n|\n|t:|1701153353\n|move|p2a: Suicune|Scald|p1a: Hatterene\n|-end|p1a: Hatterene|Substitute\n|move|p1a: Hatterene|Draining Kiss|p2a: Suicune\n|-damage|p2a: Suicune|64\/100\n|-heal|p1a: Hatterene|55\/100 brn|[from] drain|[of] p2a: Suicune\n|\n|-heal|p2a: Suicune|71\/100|[from] item: Leftovers\n|-damage|p1a: Hatterene|49\/100 brn|[from] brn\n|upkeep\n|turn|22\n|\n|t:|1701153362\n|move|p2a: Suicune|Scald|p1a: Hatterene\n|-crit|p1a: Hatterene\n|-damage|p1a: Hatterene|0 fnt\n|faint|p1a: Hatterene\n|\n|-heal|p2a: Suicune|77\/100|[from] item: Leftovers\n|upkeep\n|\n|t:|1701153371\n|switch|p1a: Salamence|Salamence, M, tera:Fairy|37\/100\n|-ability|p1a: Salamence|Intimidate|boost\n|-unboost|p2a: Suicune|atk|1\n|turn|23\n|\n|t:|1701153388\n|move|p2a: Suicune|Scald|p1a: Salamence\n|-damage|p1a: Salamence|0 fnt\n|faint|p1a: Salamence\n|\n|-heal|p2a: Suicune|83\/100|[from] item: Leftovers\n|upkeep\n|\n|t:|1701153395\n|switch|p1a: Lycanroc|Lycanroc-Dusk, M|100\/100\n|turn|24\n|\n|t:|1701153402\n|move|p1a: Lycanroc|Sucker Punch|p2a: Suicune\n|-damage|p2a: Suicune|66\/100\n|move|p2a: Suicune|Scald|p1a: Lycanroc\n|-supereffective|p1a: Lycanroc\n|-enditem|p1a: Lycanroc|Focus Sash\n|-damage|p1a: Lycanroc|1\/100\n|\n|-heal|p2a: Suicune|73\/100|[from] item: Leftovers\n|upkeep\n|turn|25\n|\n|t:|1701153413\n|move|p1a: Lycanroc|Stealth Rock|p2a: Suicune\n|-sidestart|p2: mantidfly|move: Stealth Rock\n|move|p2a: Suicune|Scald|p1a: Lycanroc\n|-supereffective|p1a: Lycanroc\n|-damage|p1a: Lycanroc|0 fnt\n|faint|p1a: Lycanroc\n|\n|-heal|p2a: Suicune|79\/100|[from] item: Leftovers\n|upkeep\n|\n|t:|1701153422\n|switch|p1a: Gallade|Gallade, M, shiny|100\/100\n|turn|26\n|\n|t:|1701153429\n|move|p1a: Gallade|Drain Punch|p2a: Suicune\n|-damage|p2a: Suicune|57\/100\n|move|p2a: Suicune|Scald|p1a: Gallade\n|-damage|p1a: Gallade|0 fnt\n|faint|p1a: Gallade\n|\n|-heal|p2a: Suicune|63\/100|[from] item: Leftovers\n|upkeep\n|-message|Syant forfeited.\n|\n|win|mantidfly\n|raw|Syant's rating: 1000 &rarr; <strong>1000<\/strong><br \/>(+0 for losing)\n|raw|mantidfly's rating: 1074 &rarr; <strong>1097<\/strong><br \/>(+23 for winning)\n|l|\u2606Syant\n","uploadtime":1701153441,"views":1,"p1id":"syant","p2id":"mantidfly","formatid":"gen9nationaldex","rating":1000,"private":0,"password":""}