{"id":"gen9nationaldex-1989427653","p1":"zsjbluemiracle","p2":"qingxiaoqing","format":"[Gen 9] National Dex","log":"|j|\u2606zsjbluemiracle\n|j|\u2606qingxiaoqing\n|t:|1699848965\n|gametype|singles\n|player|p1|zsjbluemiracle|red|1430\n|player|p2|qingxiaoqing|265|1456\n|teamsize|p1|6\n|teamsize|p2|6\n|gen|9\n|tier|[Gen 9] National Dex\n|rated|\n|rule|HP Percentage Mod: HP is shown in percentages\n|rule|Endless Battle Clause: Forcing endless battles is banned\n|rule|OHKO Clause: OHKO moves are banned\n|rule|Evasion Clause: Evasion abilities, items, and moves are banned\n|rule|Evasion Abilities Clause: Evasion abilities are banned\n|rule|Evasion Items Clause: Evasion items are banned\n|rule|Evasion Moves Clause: Evasion moves are banned\n|rule|Species Clause: Limit one of each Pok\u00e9mon\n|rule|Sleep Clause Mod: Limit one foe put to sleep\n|clearpoke\n|poke|p1|Swampert, M|\n|poke|p1|Pelipper, M|\n|poke|p1|Greninja-*, M|\n|poke|p1|Ferrothorn, M|\n|poke|p1|Ditto|\n|poke|p1|Zapdos|\n|poke|p2|Swampert, F|\n|poke|p2|Pelipper, M|\n|poke|p2|Hoopa-Unbound|\n|poke|p2|Glimmora, M|\n|poke|p2|Urshifu-*, M|\n|poke|p2|Ogerpon-Wellspring, F|\n|teampreview\n|inactive|Battle timer is ON: inactive players will automatically lose when time's up. (requested by zsjbluemiracle)\n|\n|t:|1699848983\n|start\n|switch|p1a: \u7a0b\u5b66\u8d85|Ferrothorn, M, shiny|100\/100\n|switch|p2a: Pelipper|Pelipper, M|100\/100\n|-weather|RainDance|[from] ability: Drizzle|[of] p2a: Pelipper\n|turn|1\n|\n|t:|1699848991\n|move|p2a: Pelipper|Hurricane|p1a: \u7a0b\u5b66\u8d85\n|-damage|p1a: \u7a0b\u5b66\u8d85|47\/100\n|move|p1a: \u7a0b\u5b66\u8d85|Knock Off|p2a: Pelipper\n|-damage|p2a: Pelipper|75\/100\n|-enditem|p2a: Pelipper|Choice Specs|[from] move: Knock Off|[of] p1a: \u7a0b\u5b66\u8d85\n|\n|-weather|RainDance|[upkeep]\n|-heal|p1a: \u7a0b\u5b66\u8d85|54\/100|[from] item: Leftovers\n|upkeep\n|turn|2\n|\n|t:|1699849004\n|switch|p2a: Glimmora|Glimmora, M|100\/100\n|move|p1a: \u7a0b\u5b66\u8d85|Leech Seed|p2a: Glimmora\n|-start|p2a: Glimmora|move: Leech Seed\n|\n|-weather|RainDance|[upkeep]\n|-heal|p1a: \u7a0b\u5b66\u8d85|60\/100|[from] item: Leftovers\n|-damage|p2a: Glimmora|88\/100|[from] Leech Seed|[of] p1a: \u7a0b\u5b66\u8d85\n|-heal|p1a: \u7a0b\u5b66\u8d85|71\/100|[silent]\n|upkeep\n|turn|3\n|\n|t:|1699849015\n|switch|p2a: Ogerpon|Ogerpon-Wellspring, F|100\/100\n|move|p1a: \u7a0b\u5b66\u8d85|Stealth Rock|p2a: Ogerpon\n|-sidestart|p2: qingxiaoqing|move: Stealth Rock\n|\n|-weather|RainDance|[upkeep]\n|-heal|p1a: \u7a0b\u5b66\u8d85|77\/100|[from] item: Leftovers\n|upkeep\n|turn|4\n|\n|t:|1699849022\n|move|p2a: Ogerpon|Encore|p1a: \u7a0b\u5b66\u8d85\n|-start|p1a: \u7a0b\u5b66\u8d85|Encore\n|move|p1a: \u7a0b\u5b66\u8d85|Stealth Rock||[still]\n|-fail|p1a: \u7a0b\u5b66\u8d85\n|\n|-weather|RainDance|[upkeep]\n|-heal|p1a: \u7a0b\u5b66\u8d85|83\/100|[from] item: Leftovers\n|upkeep\n|turn|5\n|\n|t:|1699849027\n|switch|p1a: \u9ec4\u91d1\u8106\u76ae\u9e21|Zapdos, shiny|100\/100\n|move|p2a: Ogerpon|Swords Dance|p2a: Ogerpon\n|-boost|p2a: Ogerpon|atk|2\n|\n|-weather|none\n|upkeep\n|turn|6\n|\n|t:|1699849039\n|move|p2a: Ogerpon|Ivy Cudgel|p1a: \u9ec4\u91d1\u8106\u76ae\u9e21\n|-damage|p1a: \u9ec4\u91d1\u8106\u76ae\u9e21|12\/100\n|move|p1a: \u9ec4\u91d1\u8106\u76ae\u9e21|Hurricane|p2a: Ogerpon|[miss]\n|-miss|p1a: \u9ec4\u91d1\u8106\u76ae\u9e21|p2a: Ogerpon\n|\n|upkeep\n|turn|7\n|\n|t:|1699849052\n|move|p2a: Ogerpon|Power Whip|p1a: \u9ec4\u91d1\u8106\u76ae\u9e21\n|-resisted|p1a: \u9ec4\u91d1\u8106\u76ae\u9e21\n|-crit|p1a: \u9ec4\u91d1\u8106\u76ae\u9e21\n|-damage|p1a: \u9ec4\u91d1\u8106\u76ae\u9e21|0 fnt\n|faint|p1a: \u9ec4\u91d1\u8106\u76ae\u9e21\n|\n|upkeep\n|\n|t:|1699849056\n|switch|p1a: man in the mirror|Ditto, shiny|100\/100\n|-transform|p1a: man in the mirror|p2a: Ogerpon|[from] ability: Imposter\n|turn|8\n|\n|t:|1699849062\n|switch|p2a: Glimmora|Glimmora, M|88\/100\n|-damage|p2a: Glimmora|76\/100|[from] Stealth Rock\n|move|p1a: man in the mirror|Power Whip|p2a: Glimmora\n|-damage|p2a: Glimmora|0 fnt\n|-activate|p2a: Glimmora|ability: Toxic Debris\n|-sidestart|p1: zsjbluemiracle|move: Toxic Spikes\n|faint|p2a: Glimmora\n|\n|upkeep\n|\n|t:|1699849089\n|switch|p2a: Urshifu|Urshifu-Rapid-Strike, M|100\/100\n|-damage|p2a: Urshifu|94\/100|[from] Stealth Rock\n|turn|9\n|\n|t:|1699849092\n|move|p1a: man in the mirror|Power Whip|p2a: Urshifu|[miss]\n|-miss|p1a: man in the mirror|p2a: Urshifu\n|move|p2a: Urshifu|Close Combat|p1a: man in the mirror\n|-damage|p1a: man in the mirror|0 fnt\n|-unboost|p2a: Urshifu|def|1\n|-unboost|p2a: Urshifu|spd|1\n|faint|p1a: man in the mirror\n|\n|upkeep\n|\n|t:|1699849101\n|switch|p1a: \u6842\u5a77|Pelipper, M, shiny|100\/100\n|-weather|RainDance|[from] ability: Drizzle|[of] p1a: \u6842\u5a77\n|turn|10\n|\n|t:|1699849114\n|switch|p2a: Swampert|Swampert, F|100\/100\n|-damage|p2a: Swampert|94\/100|[from] Stealth Rock\n|move|p1a: \u6842\u5a77|Hurricane|p2a: Swampert\n|-damage|p2a: Swampert|18\/100\n|-start|p2a: Swampert|confusion\n|\n|-weather|RainDance|[upkeep]\n|upkeep\n|turn|11\n|\n|t:|1699849124\n|detailschange|p2a: Swampert|Swampert-Mega, F\n|-mega|p2a: Swampert|Swampert|Swampertite\n|-activate|p2a: Swampert|confusion\n|-damage|p2a: Swampert|3\/100|[from] confusion\n|move|p1a: \u6842\u5a77|Hurricane|p2a: Swampert\n|-damage|p2a: Swampert|0 fnt\n|faint|p2a: Swampert\n|\n|-weather|RainDance|[upkeep]\n|upkeep\n|c|\u2606qingxiaoqing|\u4f60\u4e5f\u662f\u773c\u955c\u7684\uff1f\n|c|\u2606zsjbluemiracle|\u662f\u7684\n|\n|t:|1699849146\n|switch|p2a: Hoopa|Hoopa-Unbound|100\/100\n|-damage|p2a: Hoopa|88\/100|[from] Stealth Rock\n|turn|12\n|\n|t:|1699849152\n|switch|p1a: \u7a0b\u5b66\u8d85|Ferrothorn, M, shiny|83\/100\n|move|p2a: Hoopa|Dark Pulse|p1a: \u7a0b\u5b66\u8d85\n|-damage|p1a: \u7a0b\u5b66\u8d85|33\/100\n|\n|-weather|RainDance|[upkeep]\n|-heal|p1a: \u7a0b\u5b66\u8d85|40\/100|[from] item: Leftovers\n|upkeep\n|turn|13\n|\n|t:|1699849166\n|-terastallize|p1a: \u7a0b\u5b66\u8d85|Fairy\n|move|p2a: Hoopa|Dark Pulse|p1a: \u7a0b\u5b66\u8d85\n|-resisted|p1a: \u7a0b\u5b66\u8d85\n|-damage|p1a: \u7a0b\u5b66\u8d85|15\/100\n|move|p1a: \u7a0b\u5b66\u8d85|Gyro Ball|p2a: Hoopa\n|-damage|p2a: Hoopa|0 fnt\n|faint|p2a: Hoopa\n|\n|-weather|RainDance|[upkeep]\n|-heal|p1a: \u7a0b\u5b66\u8d85|21\/100|[from] item: Leftovers\n|upkeep\n|\n|t:|1699849179\n|switch|p2a: Ogerpon|Ogerpon-Wellspring, F|100\/100\n|-damage|p2a: Ogerpon|88\/100|[from] Stealth Rock\n|turn|14\n|\n|t:|1699849192\n|move|p2a: Ogerpon|Swords Dance|p2a: Ogerpon\n|-boost|p2a: Ogerpon|atk|2\n|move|p1a: \u7a0b\u5b66\u8d85|Gyro Ball|p2a: Ogerpon\n|-resisted|p2a: Ogerpon\n|-damage|p2a: Ogerpon|54\/100\n|\n|-weather|none\n|-heal|p1a: \u7a0b\u5b66\u8d85|27\/100|[from] item: Leftovers\n|upkeep\n|turn|15\n|\n|t:|1699849198\n|move|p2a: Ogerpon|Ivy Cudgel|p1a: \u7a0b\u5b66\u8d85\n|-damage|p1a: \u7a0b\u5b66\u8d85|0 fnt\n|faint|p1a: \u7a0b\u5b66\u8d85\n|\n|upkeep\n|\n|t:|1699849202\n|switch|p1a: \u6842\u5a77|Pelipper, M, shiny|100\/100\n|-weather|RainDance|[from] ability: Drizzle|[of] p1a: \u6842\u5a77\n|turn|16\n|\n|t:|1699849218\n|move|p2a: Ogerpon|Power Whip|p1a: \u6842\u5a77\n|-damage|p1a: \u6842\u5a77|0 fnt\n|faint|p1a: \u6842\u5a77\n|\n|-weather|RainDance|[upkeep]\n|upkeep\n|\n|t:|1699849225\n|switch|p1a: \u8273|Swampert, M, shiny|100\/100\n|-status|p1a: \u8273|psn\n|turn|17\n|\n|t:|1699849245\n|detailschange|p1a: \u8273|Swampert-Mega, M, shiny\n|-mega|p1a: \u8273|Swampert|Swampertite\n|move|p1a: \u8273|Liquidation|p2a: Ogerpon\n|-heal|p2a: Ogerpon|79\/100|[from] ability: Water Absorb|[of] p1a: \u8273\n|move|p2a: Ogerpon|Ivy Cudgel|p1a: \u8273\n|-damage|p1a: \u8273|0 fnt\n|faint|p1a: \u8273\n|\n|-weather|RainDance|[upkeep]\n|upkeep\n|\n|t:|1699849253\n|switch|p1a: \u5bb9\u751f|Greninja, M|100\/100\n|-status|p1a: \u5bb9\u751f|psn\n|turn|18\n|\n|t:|1699849257\n|-terastallize|p2a: Ogerpon|Water\n|detailschange|p2a: Ogerpon|Ogerpon-Wellspring-Tera, F, tera:Water\n|-ability|p2a: Ogerpon|Embody Aspect (Wellspring)|boost\n|-boost|p2a: Ogerpon|spd|1\n|move|p1a: \u5bb9\u751f|Dark Pulse|p2a: Ogerpon\n|-damage|p2a: Ogerpon|50\/100\n|move|p2a: Ogerpon|Ivy Cudgel|p1a: \u5bb9\u751f\n|-resisted|p1a: \u5bb9\u751f\n|-damage|p1a: \u5bb9\u751f|0 fnt\n|faint|p1a: \u5bb9\u751f\n|\n|win|qingxiaoqing\n|raw|zsjbluemiracle's rating: 1430 &rarr; <strong>1411<\/strong><br \/>(-19 for losing)\n|raw|qingxiaoqing's rating: 1456 &rarr; <strong>1475<\/strong><br \/>(+19 for winning)\n|l|\u2606zsjbluemiracle\n","uploadtime":1699849273,"views":6,"p1id":"zsjbluemiracle","p2id":"qingxiaoqing","formatid":"gen9nationaldex","rating":1411,"private":0,"password":""}