{"id":"gen9nationaldex-1991272860","p1":"yanyuan","p2":"loch2009","format":"[Gen 9] National Dex","log":"|j|\u2606yanyuan\n|j|\u2606loch2009\n|t:|1700063233\n|gametype|singles\n|player|p1|yanyuan|caitlin|1228\n|player|p2|loch2009|lance|1223\n|teamsize|p1|6\n|teamsize|p2|6\n|gen|9\n|tier|[Gen 9] National Dex\n|rated|\n|rule|HP Percentage Mod: HP is shown in percentages\n|rule|Endless Battle Clause: Forcing endless battles is banned\n|rule|OHKO Clause: OHKO moves are banned\n|rule|Evasion Clause: Evasion abilities, items, and moves are banned\n|rule|Evasion Abilities Clause: Evasion abilities are banned\n|rule|Evasion Items Clause: Evasion items are banned\n|rule|Evasion Moves Clause: Evasion moves are banned\n|rule|Species Clause: Limit one of each Pok\u00e9mon\n|rule|Sleep Clause Mod: Limit one foe put to sleep\n|clearpoke\n|poke|p1|Charizard, M|\n|poke|p1|Great Tusk|\n|poke|p1|Garganacl, M|\n|poke|p1|Hatterene, F|\n|poke|p1|Rillaboom, M|\n|poke|p1|Sneasler, F|\n|poke|p2|Duraludon, F|\n|poke|p2|Kingdra, F|\n|poke|p2|Dragonite, M|\n|poke|p2|Noivern, F|\n|poke|p2|Latios, M|\n|poke|p2|Haxorus, M|\n|teampreview\n|c|\u2606loch2009|\"I've been waiting for you. yanyuan! I knew that you, with your skills, would eventually reach me here. There's no need for words now. We will battle to determine who is the stronger of the two of us. As the most powerful trainer and as the Pok\u00e9mon League Champion\u2026 I, Lance the dragon master, accept your challenge!\n|inactive|Battle timer is ON: inactive players will automatically lose when time's up. (requested by yanyuan)\n|\n|t:|1700063289\n|start\n|switch|p1a: \u9664\u5269|Garganacl, M|100\/100\n|switch|p2a: Kingdra|Kingdra, F, shiny|100\/100\n|turn|1\n|\n|t:|1700063309\n|move|p1a: \u9664\u5269|Protect|p1a: \u9664\u5269\n|-singleturn|p1a: \u9664\u5269|Protect\n|move|p2a: Kingdra|Rain Dance|p2a: Kingdra\n|-weather|RainDance\n|\n|-weather|RainDance|[upkeep]\n|upkeep\n|turn|2\n|\n|t:|1700063320\n|switch|p1a: Hatterene|Hatterene, F|100\/100\n|move|p2a: Kingdra|Hydro Pump|p1a: Hatterene\n|-damage|p1a: Hatterene|21\/100\n|-damage|p2a: Kingdra|91\/100|[from] item: Life Orb\n|\n|-weather|RainDance|[upkeep]\n|upkeep\n|turn|3\n|c|\u2606loch2009|:\/\n|\n|t:|1700063333\n|move|p2a: Kingdra|Ice Beam|p1a: Hatterene\n|-damage|p1a: Hatterene|0 fnt\n|faint|p1a: Hatterene\n|-damage|p2a: Kingdra|81\/100|[from] item: Life Orb\n|\n|-weather|RainDance|[upkeep]\n|upkeep\n|\n|t:|1700063336\n|switch|p1a: Rillaboom|Rillaboom, M|100\/100\n|-fieldstart|move: Grassy Terrain|[from] ability: Grassy Surge|[of] p1a: Rillaboom\n|turn|4\n|\n|t:|1700063353\n|move|p1a: Rillaboom|Grassy Glide|p2a: Kingdra\n|-damage|p2a: Kingdra|6\/100\n|move|p2a: Kingdra|Ice Beam|p1a: Rillaboom\n|-supereffective|p1a: Rillaboom\n|-damage|p1a: Rillaboom|17\/100\n|-damage|p2a: Kingdra|0 fnt|[from] item: Life Orb\n|faint|p2a: Kingdra\n|\n|-weather|RainDance|[upkeep]\n|-heal|p1a: Rillaboom|23\/100|[from] Grassy Terrain\n|upkeep\n|\n|t:|1700063367\n|switch|p2a: Noivern|Noivern, F|100\/100\n|turn|5\n|\n|t:|1700063382\n|move|p1a: Rillaboom|Grassy Glide|p2a: Noivern\n|-resisted|p2a: Noivern\n|-damage|p2a: Noivern|79\/100\n|move|p2a: Noivern|Boomburst|p1a: Rillaboom\n|-damage|p1a: Rillaboom|0 fnt\n|faint|p1a: Rillaboom\n|\n|-weather|none\n|upkeep\n|\n|t:|1700063385\n|switch|p1a: \u9664\u5269|Garganacl, M|100\/100\n|turn|6\n|\n|t:|1700063397\n|move|p2a: Noivern|U-turn|p1a: \u9664\u5269\n|-damage|p1a: \u9664\u5269|95\/100\n|\n|t:|1700063400\n|switch|p2a: Duraludon|Duraludon, F, shiny|100\/100|[from] U-turn\n|move|p1a: \u9664\u5269|Salt Cure|p2a: Duraludon\n|-resisted|p2a: Duraludon\n|-damage|p2a: Duraludon|95\/100\n|-start|p2a: Duraludon|Salt Cure\n|\n|-heal|p2a: Duraludon|100\/100|[from] Grassy Terrain\n|-heal|p1a: \u9664\u5269|100\/100|[from] Grassy Terrain\n|-damage|p2a: Duraludon|75\/100|[from] Salt Cure\n|upkeep\n|turn|7\n|\n|t:|1700063412\n|move|p1a: \u9664\u5269|Protect|p1a: \u9664\u5269\n|-singleturn|p1a: \u9664\u5269|Protect\n|move|p2a: Duraludon|Stealth Rock|p1a: \u9664\u5269\n|-sidestart|p1: yanyuan|move: Stealth Rock\n|\n|-heal|p2a: Duraludon|82\/100|[from] Grassy Terrain\n|-damage|p2a: Duraludon|57\/100|[from] Salt Cure\n|upkeep\n|turn|8\n|\n|t:|1700063420\n|move|p2a: Duraludon|Thunder Wave|p1a: \u9664\u5269\n|-immune|p1a: \u9664\u5269|[from] ability: Purifying Salt\n|move|p1a: \u9664\u5269|Stealth Rock|p2a: Duraludon\n|-sidestart|p2: loch2009|move: Stealth Rock\n|\n|-heal|p2a: Duraludon|63\/100|[from] Grassy Terrain\n|-damage|p2a: Duraludon|38\/100|[from] Salt Cure\n|-fieldend|move: Grassy Terrain\n|upkeep\n|turn|9\n|\n|t:|1700063427\n|switch|p1a: \u8d85\u6781\u5de8\u5c0f\u5c0f\u8c61|Great Tusk|100\/100\n|-damage|p1a: \u8d85\u6781\u5de8\u5c0f\u5c0f\u8c61|98\/100|[from] Stealth Rock\n|move|p2a: Duraludon|Flash Cannon|p1a: \u8d85\u6781\u5de8\u5c0f\u5c0f\u8c61\n|-damage|p1a: \u8d85\u6781\u5de8\u5c0f\u5c0f\u8c61|48\/100\n|\n|-damage|p2a: Duraludon|13\/100|[from] Salt Cure\n|upkeep\n|turn|10\n|\n|t:|1700063431\n|move|p1a: \u8d85\u6781\u5de8\u5c0f\u5c0f\u8c61|Rapid Spin|p2a: Duraludon\n|-resisted|p2a: Duraludon\n|-damage|p2a: Duraludon|3\/100\n|-boost|p1a: \u8d85\u6781\u5de8\u5c0f\u5c0f\u8c61|spe|1\n|-damage|p1a: \u8d85\u6781\u5de8\u5c0f\u5c0f\u8c61|31\/100|[from] item: Rocky Helmet|[of] p2a: Duraludon\n|-sideend|p1: yanyuan|Stealth Rock|[from] move: Rapid Spin|[of] p1a: \u8d85\u6781\u5de8\u5c0f\u5c0f\u8c61\n|-damage|p1a: \u8d85\u6781\u5de8\u5c0f\u5c0f\u8c61|22\/100|[from] item: Life Orb\n|move|p2a: Duraludon|Dragon Pulse|p1a: \u8d85\u6781\u5de8\u5c0f\u5c0f\u8c61\n|-damage|p1a: \u8d85\u6781\u5de8\u5c0f\u5c0f\u8c61|0 fnt\n|faint|p1a: \u8d85\u6781\u5de8\u5c0f\u5c0f\u8c61\n|-end|p1a: \u8d85\u6781\u5de8\u5c0f\u5c0f\u8c61|Protosynthesis|[silent]\n|\n|-damage|p2a: Duraludon|0 fnt|[from] Salt Cure\n|faint|p2a: Duraludon\n|upkeep\n|\n|t:|1700063448\n|switch|p1a: \u9664\u5269|Garganacl, M|100\/100\n|switch|p2a: Noivern|Noivern, F|79\/100\n|turn|11\n|\n|t:|1700063454\n|move|p2a: Noivern|Defog|p1a: \u9664\u5269\n|-unboost|p1a: \u9664\u5269|evasion|1\n|-sideend|p2: loch2009|Stealth Rock|[from] move: Defog|[of] p2a: Noivern\n|move|p1a: \u9664\u5269|Salt Cure|p2a: Noivern\n|-supereffective|p2a: Noivern\n|-damage|p2a: Noivern|40\/100\n|-start|p2a: Noivern|Salt Cure\n|\n|-damage|p2a: Noivern|28\/100|[from] Salt Cure\n|upkeep\n|turn|12\n|\n|t:|1700063457\n|move|p2a: Noivern|U-turn|p1a: \u9664\u5269\n|-damage|p1a: \u9664\u5269|94\/100\n|\n|t:|1700063461\n|switch|p2a: Haxorus|Haxorus, M, shiny|100\/100|[from] U-turn\n|-ability|p2a: Haxorus|Mold Breaker\n|move|p1a: \u9664\u5269|Stealth Rock|p2a: Haxorus\n|-sidestart|p2: loch2009|move: Stealth Rock\n|\n|-heal|p1a: \u9664\u5269|100\/100|[from] item: Leftovers\n|upkeep\n|turn|13\n|\n|t:|1700063469\n|move|p2a: Haxorus|Dragon Dance|p2a: Haxorus\n|-boost|p2a: Haxorus|atk|1\n|-boost|p2a: Haxorus|spe|1\n|move|p1a: \u9664\u5269|Salt Cure|p2a: Haxorus\n|-damage|p2a: Haxorus|81\/100\n|-start|p2a: Haxorus|Salt Cure\n|\n|-damage|p2a: Haxorus|69\/100|[from] Salt Cure\n|upkeep\n|turn|14\n|\n|t:|1700063479\n|move|p1a: \u9664\u5269|Protect|p1a: \u9664\u5269\n|-singleturn|p1a: \u9664\u5269|Protect\n|move|p2a: Haxorus|Dragon Dance|p2a: Haxorus\n|-boost|p2a: Haxorus|atk|1\n|-boost|p2a: Haxorus|spe|1\n|\n|-damage|p2a: Haxorus|56\/100|[from] Salt Cure\n|upkeep\n|turn|15\n|\n|t:|1700063487\n|move|p2a: Haxorus|Earthquake|p1a: \u9664\u5269\n|-supereffective|p1a: \u9664\u5269\n|-damage|p1a: \u9664\u5269|10\/100\n|move|p1a: \u9664\u5269|Salt Cure|p2a: Haxorus\n|-damage|p2a: Haxorus|39\/100\n|\n|-heal|p1a: \u9664\u5269|17\/100|[from] item: Leftovers\n|-damage|p2a: Haxorus|26\/100|[from] Salt Cure\n|upkeep\n|turn|16\n|\n|t:|1700063494\n|move|p1a: \u9664\u5269|Protect|p1a: \u9664\u5269\n|-singleturn|p1a: \u9664\u5269|Protect\n|move|p2a: Haxorus|Earthquake|p1a: \u9664\u5269\n|-activate|p1a: \u9664\u5269|move: Protect\n|\n|-heal|p1a: \u9664\u5269|23\/100|[from] item: Leftovers\n|-damage|p2a: Haxorus|14\/100|[from] Salt Cure\n|upkeep\n|-enditem|p2a: Haxorus|Figy Berry|[eat]\n|-heal|p2a: Haxorus|47\/100|[from] item: Figy Berry\n|turn|17\n|\n|t:|1700063500\n|switch|p1a: Charizard|Charizard, M|100\/100\n|move|p2a: Haxorus|Earthquake|p1a: Charizard\n|-immune|p1a: Charizard\n|\n|-damage|p2a: Haxorus|35\/100|[from] Salt Cure\n|upkeep\n|turn|18\n|\n|t:|1700063505\n|switch|p1a: Sneasler|Sneasler, F|100\/100\n|move|p2a: Haxorus|Dragon Claw|p1a: Sneasler\n|-damage|p1a: Sneasler|0 fnt\n|faint|p1a: Sneasler\n|\n|-damage|p2a: Haxorus|23\/100|[from] Salt Cure\n|upkeep\n|\n|t:|1700063515\n|switch|p1a: \u9664\u5269|Garganacl, M|23\/100\n|turn|19\n|\n|t:|1700063519\n|move|p1a: \u9664\u5269|Protect|p1a: \u9664\u5269\n|-singleturn|p1a: \u9664\u5269|Protect\n|move|p2a: Haxorus|Earthquake|p1a: \u9664\u5269\n|-activate|p1a: \u9664\u5269|move: Protect\n|\n|-heal|p1a: \u9664\u5269|29\/100|[from] item: Leftovers\n|-damage|p2a: Haxorus|10\/100|[from] Salt Cure\n|upkeep\n|turn|20\n|\n|t:|1700063535\n|move|p1a: \u9664\u5269|Protect||[still]\n|-fail|p1a: \u9664\u5269\n|move|p2a: Haxorus|Earthquake|p1a: \u9664\u5269\n|-supereffective|p1a: \u9664\u5269\n|-damage|p1a: \u9664\u5269|0 fnt\n|faint|p1a: \u9664\u5269\n|\n|-damage|p2a: Haxorus|0 fnt|[from] Salt Cure\n|faint|p2a: Haxorus\n|upkeep\n|\n|t:|1700063549\n|switch|p2a: Noivern|Noivern, F|28\/100\n|switch|p1a: Charizard|Charizard, M|100\/100\n|turn|21\n|\n|t:|1700063558\n|detailschange|p1a: Charizard|Charizard-Mega-Y, M\n|-mega|p1a: Charizard|Charizard|Charizardite Y\n|-weather|SunnyDay|[from] ability: Drought|[of] p1a: Charizard\n|move|p2a: Noivern|Draco Meteor|p1a: Charizard\n|-damage|p1a: Charizard|48\/100\n|-unboost|p2a: Noivern|spa|2\n|move|p1a: Charizard|Air Slash|p2a: Noivern\n|-damage|p2a: Noivern|0 fnt\n|faint|p2a: Noivern\n|\n|-weather|SunnyDay|[upkeep]\n|upkeep\n|\n|t:|1700063569\n|switch|p2a: Latios|Latios, M|100\/100\n|-damage|p2a: Latios|88\/100|[from] Stealth Rock\n|turn|22\n|\n|t:|1700063574\n|detailschange|p2a: Latios|Latios-Mega, M\n|-mega|p2a: Latios|Latios|Latiosite\n|move|p2a: Latios|Psyshock|p1a: Charizard\n|-damage|p1a: Charizard|0 fnt\n|faint|p1a: Charizard\n|\n|win|loch2009\n|raw|yanyuan's rating: 1267 &rarr; <strong>1239<\/strong><br \/>(-28 for losing)\n|raw|loch2009's rating: 1223 &rarr; <strong>1251<\/strong><br \/>(+28 for winning)\n|l|\u2606yanyuan\n|c|\u2606loch2009|good attempt\n","uploadtime":1700063635,"views":4,"p1id":"yanyuan","p2id":"loch2009","formatid":"gen9nationaldex","rating":1239,"private":0,"password":""}