{"id":"gen9nationaldex-1998445479","p1":"Onlymanever","p2":"Sarugame","format":"[Gen 9] National Dex","log":"|html|<div class=\"broadcast-blue\"><strong>[Gen 9] National Dex is currently suspecting Sneasler! For information on how to participate check out the <a href=\"https:\/\/www.smogon.com\/forums\/threads\/sv-national-dex-suspect-8-just-dance.3731534\/\">suspect thread<\/a>.<\/strong><\/div>\n|j|\u203dOnlymanever\n|j|\u2606Sarugame\n|t:|1700943143\n|gametype|singles\n|player|p1|Onlymanever|lyra|1067\n|player|p2|Sarugame|shadowtriad|1175\n|teamsize|p1|6\n|teamsize|p2|6\n|gen|9\n|tier|[Gen 9] National Dex\n|rated|\n|rule|HP Percentage Mod: HP is shown in percentages\n|rule|Endless Battle Clause: Forcing endless battles is banned\n|rule|OHKO Clause: OHKO moves are banned\n|rule|Evasion Clause: Evasion abilities, items, and moves are banned\n|rule|Evasion Abilities Clause: Evasion abilities are banned\n|rule|Evasion Items Clause: Evasion items are banned\n|rule|Evasion Moves Clause: Evasion moves are banned\n|rule|Species Clause: Limit one of each Pok\u00e9mon\n|rule|Sleep Clause Mod: Limit one foe put to sleep\n|clearpoke\n|poke|p1|Raichu, F|\n|poke|p1|Poliwrath, M|\n|poke|p1|Charizard, F|\n|poke|p1|Tauros, M|\n|poke|p1|Machamp, M|\n|poke|p1|Vileplume, M|\n|poke|p2|Golisopod, M|\n|poke|p2|Volcarona, M|\n|poke|p2|Scizor, M|\n|poke|p2|Kleavor, M|\n|poke|p2|Buzzwole|\n|poke|p2|Galvantula, F|\n|teampreview\n|\n|t:|1700943160\n|start\n|switch|p1a: Poliwrath|Poliwrath, M|100\/100\n|switch|p2a: Galvantula|Galvantula, F|100\/100\n|turn|1\n|\n|t:|1700943171\n|move|p2a: Galvantula|Thunder|p1a: Poliwrath|[miss]\n|-miss|p2a: Galvantula|p1a: Poliwrath\n|move|p1a: Poliwrath|Encore|p2a: Galvantula\n|-start|p2a: Galvantula|Encore\n|\n|upkeep\n|turn|2\n|\n|t:|1700943177\n|switch|p1a: Raichu|Raichu, F|100\/100\n|move|p2a: Galvantula|Thunder|p1a: Raichu\n|-ability|p1a: Raichu|Lightning Rod|boost\n|-boost|p1a: Raichu|spa|1\n|\n|upkeep\n|turn|3\n|inactive|Battle timer is ON: inactive players will automatically lose when time's up. (requested by Onlymanever)\n|\n|t:|1700943198\n|switch|p2a: Kleavor|Kleavor, M|100\/100\n|move|p1a: Raichu|Nasty Plot|p1a: Raichu\n|-boost|p1a: Raichu|spa|2\n|\n|upkeep\n|turn|4\n|\n|t:|1700943205\n|move|p1a: Raichu|Thunderbolt|p2a: Kleavor\n|-damage|p2a: Kleavor|36\/100\n|move|p2a: Kleavor|Stone Axe|p1a: Raichu|[miss]\n|-miss|p2a: Kleavor|p1a: Raichu\n|\n|upkeep\n|turn|5\n|\n|t:|1700943214\n|move|p1a: Raichu|Thunderbolt|p2a: Kleavor\n|-damage|p2a: Kleavor|0 fnt\n|faint|p2a: Kleavor\n|\n|upkeep\n|\n|t:|1700943218\n|switch|p2a: Scizor|Scizor, M, shiny|100\/100\n|turn|6\n|inactive|Sarugame has 120 seconds left.\n|\n|t:|1700943254\n|detailschange|p2a: Scizor|Scizor-Mega, M, shiny\n|-mega|p2a: Scizor|Scizor|Scizorite\n|move|p2a: Scizor|Bullet Punch|p1a: Raichu\n|-resisted|p1a: Raichu\n|-damage|p1a: Raichu|68\/100\n|move|p1a: Raichu|Thunderbolt|p2a: Scizor\n|-damage|p2a: Scizor|31\/100\n|\n|-heal|p1a: Raichu|74\/100|[from] item: Leftovers\n|upkeep\n|turn|7\n|inactive|Sarugame has 120 seconds left.\n|\n|t:|1700943275\n|move|p2a: Scizor|Bullet Punch|p1a: Raichu\n|-resisted|p1a: Raichu\n|-damage|p1a: Raichu|43\/100\n|move|p1a: Raichu|Thunderbolt|p2a: Scizor\n|-damage|p2a: Scizor|0 fnt\n|faint|p2a: Scizor\n|\n|-heal|p1a: Raichu|49\/100|[from] item: Leftovers\n|upkeep\n|\n|t:|1700943279\n|switch|p2a: Buzzwole|Buzzwole|100\/100\n|turn|8\n|\n|t:|1700943290\n|move|p1a: Raichu|Thunderbolt|p2a: Buzzwole\n|-damage|p2a: Buzzwole|0 fnt\n|faint|p2a: Buzzwole\n|\n|-heal|p1a: Raichu|55\/100|[from] item: Leftovers\n|upkeep\n|\n|t:|1700943295\n|switch|p2a: Volcarona|Volcarona, M, shiny|100\/100\n|turn|9\n|\n|t:|1700943300\n|move|p1a: Raichu|Thunderbolt|p2a: Volcarona\n|-damage|p2a: Volcarona|35\/100\n|move|p2a: Volcarona|Quiver Dance|p2a: Volcarona\n|-boost|p2a: Volcarona|spa|1\n|-boost|p2a: Volcarona|spd|1\n|-boost|p2a: Volcarona|spe|1\n|\n|-heal|p1a: Raichu|61\/100|[from] item: Leftovers\n|upkeep\n|turn|10\n|\n|t:|1700943314\n|move|p2a: Volcarona|Roost|p2a: Volcarona\n|-heal|p2a: Volcarona|85\/100\n|-singleturn|p2a: Volcarona|move: Roost\n|move|p1a: Raichu|Thunderbolt|p2a: Volcarona\n|-damage|p2a: Volcarona|47\/100\n|\n|-heal|p1a: Raichu|67\/100|[from] item: Leftovers\n|upkeep\n|turn|11\n|\n|t:|1700943322\n|move|p2a: Volcarona|Quiver Dance|p2a: Volcarona\n|-boost|p2a: Volcarona|spa|1\n|-boost|p2a: Volcarona|spd|1\n|-boost|p2a: Volcarona|spe|1\n|move|p1a: Raichu|Volt Tackle|p2a: Volcarona\n|-damage|p2a: Volcarona|0 fnt\n|faint|p2a: Volcarona\n|-damage|p1a: Raichu|45\/100|[from] Recoil\n|\n|-heal|p1a: Raichu|51\/100|[from] item: Leftovers\n|upkeep\n|-message|Sarugame forfeited.\n|\n|win|Onlymanever\n|raw|Onlymanever's rating: 1067 &rarr; <strong>1104<\/strong><br \/>(+37 for winning)\n|raw|Sarugame's rating: 1148 &rarr; <strong>1117<\/strong><br \/>(-31 for losing)\n|l|\u2606Sarugame\n","uploadtime":1700943343,"views":2,"p1id":"onlymanever","p2id":"sarugame","formatid":"gen9nationaldex","rating":1104,"private":0,"password":""}