{"id":"gen9nationaldex-1993404774","p1":"Mikasa001","p2":"grass knot zygarde","format":"[Gen 9] National Dex","log":"|j|\u2606Mikasa001\n|j|\u2606grass knot zygarde\n|t:|1700313292\n|gametype|singles\n|player|p1|Mikasa001|265|1603\n|player|p2|grass knot zygarde|dawn|1694\n|teamsize|p1|6\n|teamsize|p2|6\n|gen|9\n|tier|[Gen 9] National Dex\n|rated|\n|rule|HP Percentage Mod: HP is shown in percentages\n|rule|Endless Battle Clause: Forcing endless battles is banned\n|rule|OHKO Clause: OHKO moves are banned\n|rule|Evasion Clause: Evasion abilities, items, and moves are banned\n|rule|Evasion Abilities Clause: Evasion abilities are banned\n|rule|Evasion Items Clause: Evasion items are banned\n|rule|Evasion Moves Clause: Evasion moves are banned\n|rule|Species Clause: Limit one of each Pok\u00e9mon\n|rule|Sleep Clause Mod: Limit one foe put to sleep\n|clearpoke\n|poke|p1|Aegislash, F|\n|poke|p1|Bisharp, F|\n|poke|p1|Ceruledge, M|\n|poke|p1|Keldeo-Resolute|\n|poke|p1|Iron Valiant|\n|poke|p1|Landorus-Therian, M|\n|poke|p2|Tapu Lele|\n|poke|p2|Sneasler, F|\n|poke|p2|Alomomola, M|\n|poke|p2|Gliscor, F|\n|poke|p2|Kartana|\n|poke|p2|Slowking-Galar, M|\n|teampreview\n|inactive|Battle timer is ON: inactive players will automatically lose when time's up. (requested by grass knot zygarde)\n|inactive|Mikasa001 also wants the timer to be on.\n|\n|t:|1700313321\n|start\n|switch|p1a: Keldeo|Keldeo-Resolute|100\/100\n|switch|p2a: immortal|Gliscor, F, shiny|100\/100\n|turn|1\n|\n|t:|1700313327\n|switch|p2a: guy|Slowking-Galar, M, shiny|100\/100\n|move|p1a: Keldeo|Hydro Pump|p2a: guy\n|-damage|p2a: guy|61\/100\n|-damage|p1a: Keldeo|91\/100|[from] item: Life Orb\n|\n|upkeep\n|turn|2\n|\n|t:|1700313340\n|move|p1a: Keldeo|Hydro Pump|p2a: guy\n|-damage|p2a: guy|15\/100\n|-damage|p1a: Keldeo|81\/100|[from] item: Life Orb\n|move|p2a: guy|Chilly Reception|p2a: guy\n|-weather|Snow\n|\n|t:|1700313347\n|switch|p2a: permanent scars|Tapu Lele, shiny|100\/100|[from] Chilly Reception\n|-fieldstart|move: Psychic Terrain|[from] ability: Psychic Surge|[of] p2a: permanent scars\n|\n|-weather|Snow|[upkeep]\n|upkeep\n|turn|3\n|\n|t:|1700313358\n|switch|p1a: Aegislash|Aegislash, F|100\/100\n|move|p2a: permanent scars|Moonblast|p1a: Aegislash\n|-resisted|p1a: Aegislash\n|-damage|p1a: Aegislash|81\/100\n|-unboost|p1a: Aegislash|spa|1\n|\n|-weather|Snow|[upkeep]\n|-heal|p1a: Aegislash|87\/100|[from] item: Leftovers\n|upkeep\n|turn|4\n|\n|t:|1700313371\n|switch|p2a: immortal|Gliscor, F, shiny|100\/100\n|-formechange|p1a: Aegislash|Aegislash-Blade||[from] ability: Stance Change\n|move|p1a: Aegislash|Shadow Ball|p2a: immortal\n|-damage|p2a: immortal|73\/100\n|\n|-weather|Snow|[upkeep]\n|-heal|p1a: Aegislash|93\/100|[from] item: Leftovers\n|-status|p2a: immortal|tox|[from] item: Toxic Orb\n|upkeep\n|turn|5\n|\n|t:|1700313395\n|-formechange|p1a: Aegislash|Aegislash||[from] ability: Stance Change\n|move|p1a: Aegislash|King's Shield|p1a: Aegislash\n|-singleturn|p1a: Aegislash|Protect\n|move|p2a: immortal|Stealth Rock|p1a: Aegislash\n|-sidestart|p1: Mikasa001|move: Stealth Rock\n|\n|-weather|Snow|[upkeep]\n|-heal|p1a: Aegislash|99\/100|[from] item: Leftovers\n|-heal|p2a: immortal|85\/100 tox|[from] ability: Poison Heal\n|upkeep\n|turn|6\n|\n|t:|1700313415\n|switch|p1a: Bisharp|Bisharp, F|100\/100\n|-damage|p1a: Bisharp|95\/100|[from] Stealth Rock\n|move|p2a: immortal|Earthquake|p1a: Bisharp\n|-supereffective|p1a: Bisharp\n|-damage|p1a: Bisharp|47\/100\n|\n|-weather|none\n|-heal|p2a: immortal|98\/100 tox|[from] ability: Poison Heal\n|-fieldend|move: Psychic Terrain\n|upkeep\n|turn|7\n|\n|t:|1700313435\n|-terastallize|p1a: Bisharp|Flying\n|move|p2a: immortal|Earthquake|p1a: Bisharp\n|-immune|p1a: Bisharp\n|move|p1a: Bisharp|Swords Dance|p1a: Bisharp\n|-boost|p1a: Bisharp|atk|2\n|\n|-heal|p2a: immortal|100\/100 tox|[from] ability: Poison Heal\n|upkeep\n|turn|8\n|\n|t:|1700313451\n|switch|p2a: guy|Slowking-Galar, M, shiny|48\/100\n|move|p1a: Bisharp|Knock Off|p2a: guy\n|-supereffective|p2a: guy\n|-enditem|p2a: guy|Colbur Berry|[eat]\n|-enditem|p2a: guy|Colbur Berry|[weaken]\n|-damage|p2a: guy|0 fnt\n|faint|p2a: guy\n|\n|upkeep\n|\n|t:|1700313462\n|switch|p2a: permanent scars|Tapu Lele, shiny|100\/100\n|-fieldstart|move: Psychic Terrain|[from] ability: Psychic Surge|[of] p2a: permanent scars\n|turn|9\n|\n|t:|1700313468\n|move|p2a: permanent scars|Psyshock|p1a: Bisharp\n|-damage|p1a: Bisharp|9\/100\n|move|p1a: Bisharp|Knock Off|p2a: permanent scars\n|-damage|p2a: permanent scars|0 fnt\n|-enditem|p2a: permanent scars|Choice Scarf|[from] move: Knock Off|[of] p1a: Bisharp\n|faint|p2a: permanent scars\n|\n|upkeep\n|\n|t:|1700313479\n|switch|p2a: u kil gliscor yet?|Kartana, shiny|100\/100\n|turn|10\n|\n|t:|1700313493\n|switch|p1a: Landorus|Landorus-Therian, M|100\/100\n|-damage|p1a: Landorus|88\/100|[from] Stealth Rock\n|-ability|p1a: Landorus|Intimidate|boost\n|-unboost|p2a: u kil gliscor yet?|atk|1\n|move|p2a: u kil gliscor yet?|Knock Off|p1a: Landorus\n|-damage|p1a: Landorus|64\/100\n|-damage|p2a: u kil gliscor yet?|84\/100|[from] item: Rocky Helmet|[of] p1a: Landorus\n|-enditem|p1a: Landorus|Rocky Helmet|[from] move: Knock Off|[of] p2a: u kil gliscor yet?\n|\n|upkeep\n|turn|11\n|\n|t:|1700313509\n|switch|p2a: ok|Alomomola, M, shiny|100\/100\n|move|p1a: Landorus|Defog|p2a: ok\n|-unboost|p2a: ok|evasion|1\n|-sideend|p1: Mikasa001|Stealth Rock|[from] move: Defog|[of] p1a: Landorus\n|-fieldend|move: Psychic Terrain\n|\n|upkeep\n|turn|12\n|\n|t:|1700313518\n|move|p1a: Landorus|Stealth Rock|p2a: ok\n|-sidestart|p2: grass knot zygarde|move: Stealth Rock\n|move|p2a: ok|Flip Turn|p1a: Landorus\n|-supereffective|p1a: Landorus\n|-damage|p1a: Landorus|31\/100\n|\n|t:|1700313524\n|switch|p2a: u kil gliscor yet?|Kartana, shiny|84\/100|[from] Flip Turn\n|-damage|p2a: u kil gliscor yet?|78\/100|[from] Stealth Rock\n|\n|upkeep\n|turn|13\n|\n|t:|1700313537\n|move|p2a: u kil gliscor yet?|Leaf Blade|p1a: Landorus\n|-damage|p1a: Landorus|0 fnt\n|faint|p1a: Landorus\n|-ability|p2a: u kil gliscor yet?|Beast Boost|boost\n|-boost|p2a: u kil gliscor yet?|atk|1\n|\n|upkeep\n|\n|t:|1700313543\n|switch|p1a: Iron Valiant|Iron Valiant|100\/100\n|-enditem|p1a: Iron Valiant|Booster Energy\n|-activate|p1a: Iron Valiant|ability: Quark Drive|[fromitem]\n|-start|p1a: Iron Valiant|quarkdrivespe\n|turn|14\n|\n|t:|1700313551\n|switch|p2a: immortal|Gliscor, F, shiny|100\/100 tox\n|-damage|p2a: immortal|88\/100 tox|[from] Stealth Rock\n|move|p1a: Iron Valiant|Aura Sphere|p2a: immortal\n|-resisted|p2a: immortal\n|-damage|p2a: immortal|72\/100 tox\n|\n|-heal|p2a: immortal|84\/100 tox|[from] ability: Poison Heal\n|upkeep\n|turn|15\n|\n|t:|1700313565\n|-end|p1a: Iron Valiant|Quark Drive|[silent]\n|switch|p1a: Keldeo|Keldeo-Resolute|81\/100\n|move|p2a: immortal|Toxic|p1a: Keldeo\n|-status|p1a: Keldeo|tox\n|\n|-damage|p1a: Keldeo|75\/100 tox|[from] psn\n|-heal|p2a: immortal|97\/100 tox|[from] ability: Poison Heal\n|upkeep\n|turn|16\n|\n|t:|1700313576\n|-terastallize|p2a: immortal|Fairy\n|move|p1a: Keldeo|Hydro Pump|p2a: immortal\n|-damage|p2a: immortal|30\/100 tox\n|-damage|p1a: Keldeo|65\/100 tox|[from] item: Life Orb\n|move|p2a: immortal|Stealth Rock|p1a: Keldeo\n|-sidestart|p1: Mikasa001|move: Stealth Rock\n|\n|-damage|p1a: Keldeo|52\/100 tox|[from] psn\n|-heal|p2a: immortal|43\/100 tox|[from] ability: Poison Heal\n|upkeep\n|turn|17\n|\n|t:|1700313596\n|switch|p2a: ok|Alomomola, M, shiny|100\/100\n|move|p1a: Keldeo|Hydro Pump|p2a: ok|[miss]\n|-miss|p1a: Keldeo|p2a: ok\n|\n|-damage|p1a: Keldeo|34\/100 tox|[from] psn\n|upkeep\n|turn|18\n|\n|t:|1700313603\n|move|p1a: Keldeo|Hydro Pump|p2a: ok|[miss]\n|-miss|p1a: Keldeo|p2a: ok\n|move|p2a: ok|Wish|p2a: ok\n|\n|-damage|p1a: Keldeo|9\/100 tox|[from] psn\n|upkeep\n|turn|19\n|\n|t:|1700313607\n|move|p1a: Keldeo|Hydro Pump|p2a: ok\n|-resisted|p2a: ok\n|-damage|p2a: ok|69\/100\n|-damage|p1a: Keldeo|0 fnt|[from] item: Life Orb\n|faint|p1a: Keldeo\n|move|p2a: ok|Flip Turn|p1: Keldeo|[notarget]\n|-fail|p2a: ok\n|\n|-heal|p2a: ok|100\/100|[from] move: Wish|[wisher] ok\n|upkeep\n|\n|t:|1700313630\n|switch|p1a: Ceruledge|Ceruledge, M|100\/100\n|-damage|p1a: Ceruledge|76\/100|[from] Stealth Rock\n|turn|20\n|\n|t:|1700313642\n|switch|p2a: u kil gliscor yet?|Kartana, shiny|78\/100\n|-damage|p2a: u kil gliscor yet?|72\/100|[from] Stealth Rock\n|move|p1a: Ceruledge|Bulk Up|p1a: Ceruledge\n|-boost|p1a: Ceruledge|atk|1\n|-boost|p1a: Ceruledge|def|1\n|\n|-heal|p1a: Ceruledge|82\/100|[from] item: Leftovers\n|upkeep\n|turn|21\n|\n|t:|1700313653\n|move|p2a: u kil gliscor yet?|Knock Off|p1a: Ceruledge\n|-supereffective|p1a: Ceruledge\n|-damage|p1a: Ceruledge|23\/100\n|-enditem|p1a: Ceruledge|Leftovers|[from] move: Knock Off|[of] p2a: u kil gliscor yet?\n|move|p1a: Ceruledge|Bitter Blade|p2a: u kil gliscor yet?\n|-supereffective|p2a: u kil gliscor yet?\n|-damage|p2a: u kil gliscor yet?|0 fnt\n|-heal|p1a: Ceruledge|52\/100|[from] drain|[of] p2a: u kil gliscor yet?\n|faint|p2a: u kil gliscor yet?\n|\n|upkeep\n|\n|t:|1700313665\n|switch|p2a: ok|Alomomola, M, shiny|100\/100\n|turn|22\n|\n|t:|1700313676\n|move|p1a: Ceruledge|Poltergeist|p2a: ok\n|-activate|p2a: ok|move: Poltergeist|Heavy-Duty Boots\n|-damage|p2a: ok|45\/100\n|move|p2a: ok|Toxic|p1a: Ceruledge\n|-status|p1a: Ceruledge|tox\n|\n|-damage|p1a: Ceruledge|46\/100 tox|[from] psn\n|upkeep\n|turn|23\n|j| Aziz Le Bledart\n|\n|t:|1700313687\n|switch|p2a: immortal|Gliscor, F, shiny, tera:Fairy|43\/100 tox\n|-damage|p2a: immortal|30\/100 tox|[from] Stealth Rock\n|move|p1a: Ceruledge|Bulk Up|p1a: Ceruledge\n|-boost|p1a: Ceruledge|atk|1\n|-boost|p1a: Ceruledge|def|1\n|\n|-heal|p2a: immortal|43\/100 tox|[from] ability: Poison Heal\n|-damage|p1a: Ceruledge|34\/100 tox|[from] psn\n|upkeep\n|turn|24\n|\n|t:|1700313698\n|move|p2a: immortal|Earthquake|p1a: Ceruledge\n|-supereffective|p1a: Ceruledge\n|-damage|p1a: Ceruledge|0 fnt\n|faint|p1a: Ceruledge\n|\n|-heal|p2a: immortal|55\/100 tox|[from] ability: Poison Heal\n|upkeep\n|\n|t:|1700313719\n|switch|p1a: Aegislash|Aegislash, F|99\/100\n|-damage|p1a: Aegislash|93\/100|[from] Stealth Rock\n|turn|25\n|\n|t:|1700313726\n|move|p2a: immortal|Roost|p2a: immortal\n|-heal|p2a: immortal|100\/100 tox\n|-formechange|p1a: Aegislash|Aegislash-Blade||[from] ability: Stance Change\n|move|p1a: Aegislash|Shadow Ball|p2a: immortal\n|-damage|p2a: immortal|61\/100 tox\n|\n|-heal|p1a: Aegislash|99\/100|[from] item: Leftovers\n|-heal|p2a: immortal|74\/100 tox|[from] ability: Poison Heal\n|upkeep\n|turn|26\n|\n|t:|1700313739\n|move|p2a: immortal|Earthquake|p1a: Aegislash\n|-supereffective|p1a: Aegislash\n|-damage|p1a: Aegislash|0 fnt\n|faint|p1a: Aegislash\n|\n|-heal|p2a: immortal|86\/100 tox|[from] ability: Poison Heal\n|upkeep\n|\n|t:|1700313743\n|switch|p1a: Iron Valiant|Iron Valiant|100\/100\n|-damage|p1a: Iron Valiant|94\/100|[from] Stealth Rock\n|turn|27\n|\n|t:|1700313749\n|move|p1a: Iron Valiant|Moonblast|p2a: immortal\n|-damage|p2a: immortal|46\/100 tox\n|-unboost|p2a: immortal|spa|1\n|move|p2a: immortal|Earthquake|p1a: Iron Valiant\n|-damage|p1a: Iron Valiant|54\/100\n|\n|-heal|p2a: immortal|58\/100 tox|[from] ability: Poison Heal\n|upkeep\n|turn|28\n|-message|Mikasa001 forfeited.\n|\n|win|grass knot zygarde\n|raw|Mikasa001's rating: 1603 &rarr; <strong>1588<\/strong><br \/>(-15 for losing)\n|raw|grass knot zygarde's rating: 1694 &rarr; <strong>1709<\/strong><br \/>(+15 for winning)\n|l|\u2606Mikasa001\n","uploadtime":1700313770,"views":6,"p1id":"mikasa001","p2id":"grassknotzygarde","formatid":"gen9nationaldex","rating":1588,"private":0,"password":""}