{"id":"gen9nationaldex-1996634146","p1":"shuijun1\u82cd\u708e\u5203\u9b3c\u4fa0","p2":"josh_bullet","format":"[Gen 9] National Dex","log":"|html|<div class=\"broadcast-blue\"><strong>[Gen 9] National Dex is currently suspecting Sneasler! For information on how to participate check out the <a href=\"https:\/\/www.smogon.com\/forums\/threads\/sv-national-dex-suspect-8-just-dance.3731534\/\">suspect thread<\/a>.<\/strong><\/div>\n|j|\u2606shuijun1\u82cd\u708e\u5203\u9b3c\u4fa0\n|j|\u2606josh_bullet\n|t:|1700703199\n|gametype|singles\n|player|p1|shuijun1\u82cd\u708e\u5203\u9b3c\u4fa0|iono|1402\n|player|p2|josh_bullet|n|1320\n|teamsize|p1|6\n|teamsize|p2|6\n|gen|9\n|tier|[Gen 9] National Dex\n|rated|\n|rule|HP Percentage Mod: HP is shown in percentages\n|rule|Endless Battle Clause: Forcing endless battles is banned\n|rule|OHKO Clause: OHKO moves are banned\n|rule|Evasion Clause: Evasion abilities, items, and moves are banned\n|rule|Evasion Abilities Clause: Evasion abilities are banned\n|rule|Evasion Items Clause: Evasion items are banned\n|rule|Evasion Moves Clause: Evasion moves are banned\n|rule|Species Clause: Limit one of each Pok\u00e9mon\n|rule|Sleep Clause Mod: Limit one foe put to sleep\n|clearpoke\n|poke|p1|Alomomola, M|\n|poke|p1|Slowking-Galar, M|\n|poke|p1|Samurott-Hisui, F|\n|poke|p1|Zamazenta-*|\n|poke|p1|Thundurus-Therian, M|\n|poke|p1|Kartana|\n|poke|p2|Scream Tail|\n|poke|p2|Yanmega, F|\n|poke|p2|Zoroark-Hisui, F|\n|poke|p2|Dondozo, M|\n|poke|p2|Great Tusk|\n|poke|p2|Heatran, M|\n|teampreview\n|\n|t:|1700703236\n|start\n|switch|p1a: Thundurus|Thundurus-Therian, M|100\/100\n|switch|p2a: Heatran|Heatran, M|100\/100\n|turn|1\n|inactive|Battle timer is ON: inactive players will automatically lose when time's up. (requested by josh_bullet)\n|\n|t:|1700703244\n|move|p2a: Heatran|Shadow Ball|p1a: Thundurus\n|-damage|p1a: Thundurus|43\/100\n|move|p1a: Thundurus|Volt Switch|p2a: Heatran\n|-damage|p2a: Heatran|20\/100\n|replace|p2a: Zoroark|Zoroark-Hisui, F\n|-end|p2a: Zoroark|Illusion\n|\n|t:|1700703253\n|switch|p1a: Samurott|Samurott-Hisui, F|100\/100|[from] Volt Switch\n|\n|upkeep\n|turn|2\n|\n|t:|1700703259\n|move|p2a: Zoroark|Shadow Ball|p1a: Samurott\n|-resisted|p1a: Samurott\n|-damage|p1a: Samurott|70\/100\n|move|p1a: Samurott|Ceaseless Edge|p2a: Zoroark\n|-supereffective|p2a: Zoroark\n|-damage|p2a: Zoroark|0 fnt\n|-sidestart|p2: josh_bullet|Spikes\n|faint|p2a: Zoroark\n|\n|upkeep\n|\n|t:|1700703268\n|switch|p2a: Dondozo|Dondozo, M|100\/100\n|-damage|p2a: Dondozo|88\/100|[from] Spikes\n|turn|3\n|\n|t:|1700703276\n|switch|p1a: Alomomola|Alomomola, M|100\/100\n|move|p2a: Dondozo|Body Press|p1a: Alomomola\n|-damage|p1a: Alomomola|85\/100\n|-damage|p2a: Dondozo|72\/100|[from] item: Rocky Helmet|[of] p1a: Alomomola\n|\n|upkeep\n|turn|4\n|\n|t:|1700703298\n|switch|p2a: Scream Tail|Scream Tail|100\/100\n|-damage|p2a: Scream Tail|88\/100|[from] Spikes\n|move|p1a: Alomomola|Flip Turn|p2a: Scream Tail\n|-damage|p2a: Scream Tail|75\/100\n|\n|t:|1700703302\n|switch|p1a: Thundurus|Thundurus-Therian, M|43\/100|[from] Flip Turn\n|\n|-heal|p2a: Scream Tail|81\/100|[from] item: Leftovers\n|upkeep\n|turn|5\n|\n|t:|1700703314\n|move|p2a: Scream Tail|Protect|p2a: Scream Tail\n|-singleturn|p2a: Scream Tail|Protect\n|move|p1a: Thundurus|Sludge Wave|p2a: Scream Tail\n|-activate|p2a: Scream Tail|move: Protect\n|\n|-heal|p2a: Scream Tail|87\/100|[from] item: Leftovers\n|upkeep\n|turn|6\n|\n|t:|1700703325\n|-end|p2a: Scream Tail|Protosynthesis|[silent]\n|switch|p2a: Heatran|Heatran, M|100\/100\n|-damage|p2a: Heatran|88\/100|[from] Spikes\n|switch|p1a: Slowking|Slowking-Galar, M|100\/100\n|\n|-heal|p2a: Heatran|94\/100|[from] item: Leftovers\n|upkeep\n|turn|7\n|\n|t:|1700703334\n|move|p2a: Heatran|Stealth Rock|p1a: Slowking\n|-sidestart|p1: shuijun1\u82cd\u708e\u5203\u9b3c\u4fa0|move: Stealth Rock\n|move|p1a: Slowking|Chilly Reception|p1a: Slowking\n|-weather|Snow\n|\n|t:|1700703341\n|switch|p1a: Samurott|Samurott-Hisui, F|70\/100|[from] Chilly Reception\n|-damage|p1a: Samurott|57\/100|[from] Stealth Rock\n|\n|-weather|Snow|[upkeep]\n|-heal|p2a: Heatran|100\/100|[from] item: Leftovers\n|upkeep\n|turn|8\n|\n|t:|1700703354\n|switch|p2a: Scream Tail|Scream Tail|87\/100\n|-damage|p2a: Scream Tail|75\/100|[from] Spikes\n|move|p1a: Samurott|Ceaseless Edge|p2a: Scream Tail|[miss]\n|-miss|p1a: Samurott|p2a: Scream Tail\n|\n|-weather|Snow|[upkeep]\n|-heal|p2a: Scream Tail|81\/100|[from] item: Leftovers\n|upkeep\n|turn|9\n|\n|t:|1700703365\n|move|p2a: Scream Tail|Dazzling Gleam|p1a: Samurott\n|-supereffective|p1a: Samurott\n|-damage|p1a: Samurott|0 fnt\n|faint|p1a: Samurott\n|\n|-weather|Snow|[upkeep]\n|-heal|p2a: Scream Tail|87\/100|[from] item: Leftovers\n|upkeep\n|\n|t:|1700703379\n|switch|p1a: Thundurus|Thundurus-Therian, M|43\/100\n|turn|10\n|\n|t:|1700703382\n|-end|p2a: Scream Tail|Protosynthesis|[silent]\n|switch|p2a: Great Tusk|Great Tusk|100\/100\n|-damage|p2a: Great Tusk|88\/100|[from] Spikes\n|move|p1a: Thundurus|Defog|p2a: Great Tusk\n|-unboost|p2a: Great Tusk|evasion|1\n|-sideend|p2: josh_bullet|Spikes|[from] move: Defog|[of] p1a: Thundurus\n|-sideend|p1: shuijun1\u82cd\u708e\u5203\u9b3c\u4fa0|Stealth Rock|[from] move: Defog|[of] p1a: Thundurus\n|\n|-weather|Snow|[upkeep]\n|upkeep\n|turn|11\n|\n|t:|1700703390\n|switch|p1a: Alomomola|Alomomola, M|100\/100\n|move|p2a: Great Tusk|Rapid Spin|p1a: Alomomola\n|-damage|p1a: Alomomola|92\/100\n|-boost|p2a: Great Tusk|spe|1\n|-damage|p2a: Great Tusk|72\/100|[from] item: Rocky Helmet|[of] p1a: Alomomola\n|\n|-weather|none\n|upkeep\n|turn|12\n|\n|t:|1700703404\n|-end|p2a: Great Tusk|Protosynthesis|[silent]\n|switch|p2a: Dondozo|Dondozo, M|72\/100\n|move|p1a: Alomomola|Flip Turn|p2a: Dondozo\n|-resisted|p2a: Dondozo\n|-damage|p2a: Dondozo|68\/100\n|-damage|p1a: Alomomola|75\/100|[from] item: Rocky Helmet|[of] p2a: Dondozo\n|\n|t:|1700703415\n|switch|p1a: Thundurus|Thundurus-Therian, M|43\/100|[from] Flip Turn\n|\n|upkeep\n|turn|13\n|\n|t:|1700703427\n|switch|p2a: Heatran|Heatran, M|100\/100\n|move|p1a: Thundurus|Hidden Power|p2a: Heatran\n|-resisted|p2a: Heatran\n|-damage|p2a: Heatran|97\/100\n|\n|-heal|p2a: Heatran|100\/100|[from] item: Leftovers\n|upkeep\n|turn|14\n|\n|t:|1700703438\n|move|p1a: Thundurus|Volt Switch|p2a: Heatran\n|-damage|p2a: Heatran|75\/100\n|\n|t:|1700703443\n|switch|p1a: Zamazenta|Zamazenta|100\/100|[from] Volt Switch\n|-ability|p1a: Zamazenta|Dauntless Shield|boost\n|-boost|p1a: Zamazenta|def|1\n|move|p2a: Heatran|Taunt|p1a: Zamazenta\n|-start|p1a: Zamazenta|move: Taunt\n|\n|-heal|p2a: Heatran|82\/100|[from] item: Leftovers\n|upkeep\n|turn|15\n|\n|t:|1700703452\n|switch|p2a: Dondozo|Dondozo, M|68\/100\n|move|p1a: Zamazenta|Wild Charge|p2a: Dondozo\n|-supereffective|p2a: Dondozo\n|-damage|p2a: Dondozo|45\/100\n|-damage|p1a: Zamazenta|84\/100|[from] item: Rocky Helmet|[of] p2a: Dondozo\n|-damage|p1a: Zamazenta|77\/100|[from] Recoil\n|\n|-heal|p1a: Zamazenta|83\/100|[from] item: Leftovers\n|upkeep\n|turn|16\n|\n|t:|1700703463\n|switch|p1a: Alomomola|Alomomola, M|100\/100\n|move|p2a: Dondozo|Rest|p2a: Dondozo\n|-status|p2a: Dondozo|slp|[from] move: Rest\n|-heal|p2a: Dondozo|100\/100 slp|[silent]\n|\n|upkeep\n|turn|17\n|\n|t:|1700703475\n|move|p1a: Alomomola|Wish|p1a: Alomomola\n|cant|p2a: Dondozo|slp\n|\n|upkeep\n|turn|18\n|\n|t:|1700703489\n|switch|p1a: Thundurus|Thundurus-Therian, M|43\/100\n|switch|p2a: Heatran|Heatran, M|82\/100\n|\n|-heal|p1a: Thundurus|100\/100|[from] move: Wish|[wisher] Alomomola\n|-heal|p2a: Heatran|88\/100|[from] item: Leftovers\n|upkeep\n|turn|19\n|\n|t:|1700703498\n|move|p1a: Thundurus|Volt Switch|p2a: Heatran\n|-damage|p2a: Heatran|60\/100\n|\n|t:|1700703504\n|switch|p1a: Alomomola|Alomomola, M|100\/100|[from] Volt Switch\n|move|p2a: Heatran|Stealth Rock|p1a: Alomomola\n|-sidestart|p1: shuijun1\u82cd\u708e\u5203\u9b3c\u4fa0|move: Stealth Rock\n|\n|-heal|p2a: Heatran|67\/100|[from] item: Leftovers\n|upkeep\n|turn|20\n|\n|t:|1700703512\n|switch|p2a: Dondozo|Dondozo, M|100\/100 slp\n|move|p1a: Alomomola|Flip Turn|p2a: Dondozo\n|-resisted|p2a: Dondozo\n|-damage|p2a: Dondozo|97\/100 slp\n|-damage|p1a: Alomomola|84\/100|[from] item: Rocky Helmet|[of] p2a: Dondozo\n|\n|t:|1700703517\n|switch|p1a: Kartana|Kartana|100\/100|[from] Flip Turn\n|-damage|p1a: Kartana|94\/100|[from] Stealth Rock\n|\n|upkeep\n|turn|21\n|\n|t:|1700703527\n|-terastallize|p2a: Dondozo|Poison\n|move|p1a: Kartana|Knock Off|p2a: Dondozo\n|-damage|p2a: Dondozo|78\/100 slp\n|-damage|p1a: Kartana|78\/100|[from] item: Rocky Helmet|[of] p2a: Dondozo\n|-enditem|p2a: Dondozo|Rocky Helmet|[from] move: Knock Off|[of] p1a: Kartana\n|cant|p2a: Dondozo|slp\n|move|p2a: Dondozo|Sleep Talk|p2a: Dondozo\n|move|p2a: Dondozo|Rest||[from]move: Sleep Talk|[still]\n|-fail|p2a: Dondozo\n|\n|upkeep\n|turn|22\n|\n|t:|1700703544\n|switch|p1a: Alomomola|Alomomola, M|100\/100\n|-damage|p1a: Alomomola|88\/100|[from] Stealth Rock\n|-curestatus|p2a: Dondozo|slp|[msg]\n|move|p2a: Dondozo|Body Press|p1a: Alomomola\n|-damage|p1a: Alomomola|73\/100\n|-damage|p2a: Dondozo|62\/100|[from] item: Rocky Helmet|[of] p1a: Alomomola\n|\n|upkeep\n|turn|23\n|\n|t:|1700703556\n|move|p1a: Alomomola|Wish|p1a: Alomomola\n|move|p2a: Dondozo|Rest|p2a: Dondozo\n|-status|p2a: Dondozo|slp|[from] move: Rest\n|-heal|p2a: Dondozo|100\/100 slp|[silent]\n|\n|upkeep\n|turn|24\n|\n|t:|1700703584\n|switch|p2a: Scream Tail|Scream Tail|87\/100\n|move|p1a: Alomomola|Flip Turn|p2a: Scream Tail\n|-damage|p2a: Scream Tail|74\/100\n|\n|t:|1700703595\n|switch|p1a: Kartana|Kartana|78\/100|[from] Flip Turn\n|-damage|p1a: Kartana|72\/100|[from] Stealth Rock\n|\n|-heal|p1a: Kartana|100\/100|[from] move: Wish|[wisher] Alomomola\n|-heal|p2a: Scream Tail|80\/100|[from] item: Leftovers\n|upkeep\n|turn|25\n|\n|t:|1700703606\n|switch|p1a: Slowking|Slowking-Galar, M|100\/100\n|-damage|p1a: Slowking|88\/100|[from] Stealth Rock\n|move|p2a: Scream Tail|Protect||[still]\n|-fail|p2a: Scream Tail\n|\n|-heal|p2a: Scream Tail|87\/100|[from] item: Leftovers\n|upkeep\n|turn|26\n|\n|t:|1700703622\n|-end|p2a: Scream Tail|Protosynthesis|[silent]\n|switch|p2a: Yanmega|Yanmega, F|100\/100\n|move|p1a: Slowking|Future Sight|p2a: Yanmega\n|-start|p1a: Slowking|move: Future Sight\n|\n|upkeep\n|turn|27\n|\n|t:|1700703632\n|move|p2a: Yanmega|Bug Buzz|p1a: Slowking\n|-damage|p1a: Slowking|47\/100\n|move|p1a: Slowking|Fire Blast|p2a: Yanmega\n|-supereffective|p2a: Yanmega\n|-damage|p2a: Yanmega|12\/100\n|\n|upkeep\n|turn|28\n|\n|t:|1700703646\n|switch|p2a: Heatran|Heatran, M|67\/100\n|switch|p1a: Zamazenta|Zamazenta|83\/100\n|-damage|p1a: Zamazenta|77\/100|[from] Stealth Rock\n|\n|-end|p2a: Heatran|move: Future Sight\n|-resisted|p2a: Heatran\n|-crit|p2a: Heatran\n|-damage|p2a: Heatran|43\/100\n|-heal|p1a: Zamazenta|83\/100|[from] item: Leftovers\n|-heal|p2a: Heatran|50\/100|[from] item: Leftovers\n|upkeep\n|turn|29\n|\n|t:|1700703658\n|move|p2a: Heatran|Magma Storm|p1a: Zamazenta\n|-damage|p1a: Zamazenta|49\/100\n|-activate|p1a: Zamazenta|move: Magma Storm|[of] p2a: Heatran\n|move|p1a: Zamazenta|Roar|p2a: Heatran\n|drag|p2a: Scream Tail|Scream Tail|87\/100\n|\n|-heal|p1a: Zamazenta|55\/100|[from] item: Leftovers\n|-heal|p2a: Scream Tail|93\/100|[from] item: Leftovers\n|-end|p1a: Zamazenta|Magma Storm|[partiallytrapped]|[silent]\n|upkeep\n|turn|30\n|\n|t:|1700703670\n|switch|p1a: Slowking|Slowking-Galar, M|81\/100\n|-damage|p1a: Slowking|68\/100|[from] Stealth Rock\n|move|p2a: Scream Tail|Dazzling Gleam|p1a: Slowking\n|-resisted|p1a: Slowking\n|-damage|p1a: Slowking|62\/100\n|\n|-heal|p2a: Scream Tail|99\/100|[from] item: Leftovers\n|upkeep\n|turn|31\n|\n|t:|1700703684\n|-end|p2a: Scream Tail|Protosynthesis|[silent]\n|switch|p2a: Dondozo|Dondozo, M, tera:Poison|100\/100 slp\n|move|p1a: Slowking|Chilly Reception|p1a: Slowking\n|-weather|Snow\n|\n|t:|1700703690\n|switch|p1a: Thundurus|Thundurus-Therian, M|100\/100|[from] Chilly Reception\n|\n|-weather|Snow|[upkeep]\n|upkeep\n|turn|32\n|\n|t:|1700703696\n|switch|p2a: Scream Tail|Scream Tail|99\/100\n|move|p1a: Thundurus|Defog|p2a: Scream Tail\n|-unboost|p2a: Scream Tail|evasion|1\n|-sideend|p1: shuijun1\u82cd\u708e\u5203\u9b3c\u4fa0|Stealth Rock|[from] move: Defog|[of] p1a: Thundurus\n|\n|-weather|Snow|[upkeep]\n|-heal|p2a: Scream Tail|100\/100|[from] item: Leftovers\n|upkeep\n|turn|33\n|\n|t:|1700703706\n|move|p2a: Scream Tail|Protect|p2a: Scream Tail\n|-singleturn|p2a: Scream Tail|Protect\n|move|p1a: Thundurus|Volt Switch|p2a: Scream Tail\n|-activate|p2a: Scream Tail|move: Protect\n|\n|-weather|Snow|[upkeep]\n|upkeep\n|turn|34\n|\n|t:|1700703717\n|-end|p2a: Scream Tail|Protosynthesis|[silent]\n|switch|p2a: Great Tusk|Great Tusk|72\/100\n|move|p1a: Thundurus|Hidden Power|p2a: Great Tusk\n|-supereffective|p2a: Great Tusk\n|-damage|p2a: Great Tusk|23\/100\n|\n|-weather|Snow|[upkeep]\n|upkeep\n|turn|35\n|\n|t:|1700703731\n|move|p1a: Thundurus|Hidden Power|p2a: Great Tusk\n|-supereffective|p2a: Great Tusk\n|-damage|p2a: Great Tusk|0 fnt\n|faint|p2a: Great Tusk\n|-end|p2a: Great Tusk|Protosynthesis|[silent]\n|\n|-weather|none\n|upkeep\n|\n|t:|1700703742\n|switch|p2a: Heatran|Heatran, M|50\/100\n|turn|36\n|\n|t:|1700703748\n|move|p1a: Thundurus|Volt Switch|p2a: Heatran\n|-damage|p2a: Heatran|22\/100\n|\n|t:|1700703756\n|switch|p1a: Alomomola|Alomomola, M|100\/100|[from] Volt Switch\n|move|p2a: Heatran|Magma Storm|p1a: Alomomola\n|-resisted|p1a: Alomomola\n|-damage|p1a: Alomomola|75\/100\n|-activate|p1a: Alomomola|move: Magma Storm|[of] p2a: Heatran\n|\n|-heal|p2a: Heatran|29\/100|[from] item: Leftovers\n|-damage|p1a: Alomomola|62\/100|[from] move: Magma Storm|[partiallytrapped]\n|upkeep\n|turn|37\n|\n|t:|1700703773\n|switch|p2a: Dondozo|Dondozo, M, tera:Poison|100\/100 slp\n|move|p1a: Alomomola|Flip Turn|p2a: Dondozo\n|-damage|p2a: Dondozo|93\/100 slp\n|\n|t:|1700703777\n|switch|p1a: Slowking|Slowking-Galar, M|95\/100|[from] Flip Turn\n|\n|upkeep\n|turn|38\n|\n|t:|1700703782\n|cant|p2a: Dondozo|slp\n|move|p2a: Dondozo|Sleep Talk|p2a: Dondozo\n|move|p2a: Dondozo|Body Press|p1a: Slowking|[from]move: Sleep Talk\n|-resisted|p1a: Slowking\n|-damage|p1a: Slowking|89\/100\n|-zpower|p1a: Slowking\n|move|p1a: Slowking|Shattered Psyche|p2a: Dondozo|[zeffect]\n|-supereffective|p2a: Dondozo\n|-damage|p2a: Dondozo|0 fnt\n|faint|p2a: Dondozo\n|\n|upkeep\n|\n|t:|1700703794\n|switch|p2a: Yanmega|Yanmega, F|12\/100\n|turn|39\n|\n|t:|1700703802\n|move|p2a: Yanmega|Psychic|p1a: Slowking\n|-damage|p1a: Slowking|59\/100\n|move|p1a: Slowking|Sludge Bomb|p2a: Yanmega\n|-damage|p2a: Yanmega|0 fnt\n|faint|p2a: Yanmega\n|\n|upkeep\n|\n|t:|1700703809\n|switch|p2a: Heatran|Heatran, M|29\/100\n|turn|40\n|\n|t:|1700703816\n|switch|p1a: Thundurus|Thundurus-Therian, M|100\/100\n|move|p2a: Heatran|Magma Storm|p1a: Thundurus\n|-damage|p1a: Thundurus|41\/100\n|-activate|p1a: Thundurus|move: Magma Storm|[of] p2a: Heatran\n|\n|-heal|p2a: Heatran|35\/100|[from] item: Leftovers\n|-damage|p1a: Thundurus|29\/100|[from] move: Magma Storm|[partiallytrapped]\n|upkeep\n|turn|41\n|\n|t:|1700703824\n|move|p1a: Thundurus|Volt Switch|p2a: Heatran\n|-damage|p2a: Heatran|9\/100\n|\n|t:|1700703832\n|switch|p1a: Zamazenta|Zamazenta|55\/100|[from] Volt Switch\n|move|p2a: Heatran|Magma Storm|p1a: Zamazenta|[miss]\n|-miss|p2a: Heatran|p1a: Zamazenta\n|\n|-heal|p1a: Zamazenta|61\/100|[from] item: Leftovers\n|-heal|p2a: Heatran|15\/100|[from] item: Leftovers\n|upkeep\n|turn|42\n|\n|t:|1700703841\n|switch|p2a: Scream Tail|Scream Tail|100\/100\n|move|p1a: Zamazenta|Body Press|p2a: Scream Tail\n|-resisted|p2a: Scream Tail\n|-damage|p2a: Scream Tail|94\/100\n|\n|-heal|p1a: Zamazenta|67\/100|[from] item: Leftovers\n|-heal|p2a: Scream Tail|100\/100|[from] item: Leftovers\n|upkeep\n|turn|43\n|\n|t:|1700703849\n|move|p2a: Scream Tail|Dazzling Gleam|p1a: Zamazenta\n|-supereffective|p1a: Zamazenta\n|-damage|p1a: Zamazenta|39\/100\n|move|p1a: Zamazenta|Roar|p2a: Scream Tail\n|-end|p2a: Scream Tail|Protosynthesis|[silent]\n|drag|p2a: Heatran|Heatran, M|15\/100\n|\n|-heal|p1a: Zamazenta|46\/100|[from] item: Leftovers\n|-heal|p2a: Heatran|21\/100|[from] item: Leftovers\n|upkeep\n|turn|44\n|\n|t:|1700703866\n|switch|p1a: Slowking|Slowking-Galar, M|92\/100\n|switch|p2a: Scream Tail|Scream Tail|100\/100\n|\n|upkeep\n|turn|45\n|\n|t:|1700703875\n|move|p2a: Scream Tail|Protect|p2a: Scream Tail\n|-singleturn|p2a: Scream Tail|Protect\n|move|p1a: Slowking|Chilly Reception|p1a: Slowking\n|-weather|Snow\n|\n|t:|1700703884\n|switch|p1a: Alomomola|Alomomola, M|96\/100|[from] Chilly Reception\n|\n|-weather|Snow|[upkeep]\n|upkeep\n|turn|46\n|\n|t:|1700703890\n|move|p2a: Scream Tail|Dazzling Gleam|p1a: Alomomola\n|-damage|p1a: Alomomola|72\/100\n|move|p1a: Alomomola|Wish|p1a: Alomomola\n|\n|-weather|Snow|[upkeep]\n|upkeep\n|turn|47\n|\n|t:|1700703896\n|switch|p1a: Zamazenta|Zamazenta|46\/100\n|move|p2a: Scream Tail|Dazzling Gleam|p1a: Zamazenta\n|-supereffective|p1a: Zamazenta\n|-damage|p1a: Zamazenta|18\/100\n|\n|-weather|Snow|[upkeep]\n|-heal|p1a: Zamazenta|87\/100|[from] move: Wish|[wisher] Alomomola\n|-heal|p1a: Zamazenta|93\/100|[from] item: Leftovers\n|upkeep\n|turn|48\n|\n|t:|1700703908\n|switch|p1a: Kartana|Kartana|100\/100\n|move|p2a: Scream Tail|Dazzling Gleam|p1a: Kartana\n|-resisted|p1a: Kartana\n|-damage|p1a: Kartana|68\/100\n|\n|-weather|Snow|[upkeep]\n|upkeep\n|turn|49\n|\n|t:|1700703916\n|move|p2a: Scream Tail|Protect|p2a: Scream Tail\n|-singleturn|p2a: Scream Tail|Protect\n|move|p1a: Kartana|Knock Off|p2a: Scream Tail\n|-activate|p2a: Scream Tail|move: Protect\n|\n|-weather|none\n|upkeep\n|turn|50\n|\n|t:|1700703924\n|move|p1a: Kartana|Knock Off|p2a: Scream Tail\n|-crit|p2a: Scream Tail\n|-damage|p2a: Scream Tail|54\/100\n|-enditem|p2a: Scream Tail|Leftovers|[from] move: Knock Off|[of] p1a: Kartana\n|move|p2a: Scream Tail|Dazzling Gleam|p1a: Kartana\n|-resisted|p1a: Kartana\n|-damage|p1a: Kartana|36\/100\n|\n|upkeep\n|turn|51\n|\n|t:|1700703934\n|switch|p1a: Slowking|Slowking-Galar, M|100\/100\n|move|p2a: Scream Tail|Protect||[still]\n|-fail|p2a: Scream Tail\n|\n|upkeep\n|turn|52\n|\n|t:|1700703942\n|move|p2a: Scream Tail|Wish|p2a: Scream Tail\n|move|p1a: Slowking|Future Sight|p2a: Scream Tail\n|-start|p1a: Slowking|move: Future Sight\n|\n|upkeep\n|turn|53\n|\n|t:|1700703947\n|move|p2a: Scream Tail|Encore|p1a: Slowking\n|-start|p1a: Slowking|Encore\n|move|p1a: Slowking|Future Sight||[still]\n|-fail|p1a: Slowking\n|\n|-heal|p2a: Scream Tail|100\/100|[from] move: Wish|[wisher] Scream Tail\n|upkeep\n|turn|54\n|\n|t:|1700703955\n|move|p2a: Scream Tail|Dazzling Gleam|p1a: Slowking\n|-resisted|p1a: Slowking\n|-damage|p1a: Slowking|95\/100\n|move|p1a: Slowking|Future Sight||[still]\n|-fail|p1a: Slowking\n|\n|-end|p2a: Scream Tail|move: Future Sight\n|-resisted|p2a: Scream Tail\n|-damage|p2a: Scream Tail|84\/100\n|upkeep\n|turn|55\n|\n|t:|1700703963\n|move|p2a: Scream Tail|Dazzling Gleam|p1a: Slowking\n|-resisted|p1a: Slowking\n|-damage|p1a: Slowking|89\/100\n|move|p1a: Slowking|Future Sight|p2a: Scream Tail\n|-start|p1a: Slowking|move: Future Sight\n|\n|-end|p1a: Slowking|Encore\n|upkeep\n|turn|56\n|\n|t:|1700703974\n|switch|p1a: Alomomola|Alomomola, M|100\/100\n|move|p2a: Scream Tail|Wish|p2a: Scream Tail\n|\n|upkeep\n|turn|57\n|\n|t:|1700703980\n|move|p2a: Scream Tail|Protect|p2a: Scream Tail\n|-singleturn|p2a: Scream Tail|Protect\n|move|p1a: Alomomola|Wish|p1a: Alomomola\n|\n|-end|p2a: Scream Tail|move: Future Sight\n|-resisted|p2a: Scream Tail\n|-damage|p2a: Scream Tail|67\/100\n|-heal|p2a: Scream Tail|100\/100|[from] move: Wish|[wisher] Scream Tail\n|upkeep\n|turn|58\n|\n|t:|1700703990\n|switch|p1a: Zamazenta|Zamazenta|93\/100\n|move|p2a: Scream Tail|Wish|p2a: Scream Tail\n|\n|-heal|p1a: Zamazenta|100\/100|[from] move: Wish|[wisher] Alomomola\n|upkeep\n|turn|59\n|\n|t:|1700704003\n|switch|p1a: Slowking|Slowking-Galar, M|100\/100\n|-end|p2a: Scream Tail|Protosynthesis|[silent]\n|switch|p2a: Heatran|Heatran, M|21\/100\n|\n|-heal|p2a: Heatran|74\/100|[from] move: Wish|[wisher] Scream Tail\n|-heal|p2a: Heatran|80\/100|[from] item: Leftovers\n|upkeep\n|turn|60\n|\n|t:|1700704015\n|move|p2a: Heatran|Stealth Rock|p1a: Slowking\n|-sidestart|p1: shuijun1\u82cd\u708e\u5203\u9b3c\u4fa0|move: Stealth Rock\n|move|p1a: Slowking|Sludge Bomb|p2a: Heatran\n|-immune|p2a: Heatran\n|\n|-heal|p2a: Heatran|86\/100|[from] item: Leftovers\n|upkeep\n|turn|61\n|\n|t:|1700704023\n|move|p2a: Heatran|Magma Storm|p1a: Slowking|[miss]\n|-miss|p2a: Heatran|p1a: Slowking\n|move|p1a: Slowking|Chilly Reception|p1a: Slowking\n|-weather|Snow\n|\n|t:|1700704027\n|switch|p1a: Kartana|Kartana|36\/100|[from] Chilly Reception\n|-damage|p1a: Kartana|30\/100|[from] Stealth Rock\n|\n|-weather|Snow|[upkeep]\n|-heal|p2a: Heatran|92\/100|[from] item: Leftovers\n|upkeep\n|turn|62\n|\n|t:|1700704034\n|move|p1a: Kartana|Knock Off|p2a: Heatran\n|-damage|p2a: Heatran|59\/100\n|-enditem|p2a: Heatran|Leftovers|[from] move: Knock Off|[of] p1a: Kartana\n|move|p2a: Heatran|Magma Storm|p1a: Kartana\n|-supereffective|p1a: Kartana\n|-damage|p1a: Kartana|0 fnt\n|faint|p1a: Kartana\n|\n|-weather|Snow|[upkeep]\n|upkeep\n|\n|t:|1700704049\n|switch|p1a: Alomomola|Alomomola, M|100\/100\n|-damage|p1a: Alomomola|88\/100|[from] Stealth Rock\n|turn|63\n|\n|t:|1700704063\n|switch|p2a: Scream Tail|Scream Tail|100\/100\n|move|p1a: Alomomola|Magic Coat|p1a: Alomomola\n|-singleturn|p1a: Alomomola|move: Magic Coat\n|\n|-weather|Snow|[upkeep]\n|upkeep\n|turn|64\n|\n|t:|1700704072\n|move|p1a: Alomomola|Protect|p1a: Alomomola\n|-singleturn|p1a: Alomomola|Protect\n|move|p2a: Scream Tail|Encore|p1a: Alomomola\n|-activate|p1a: Alomomola|move: Protect\n|\n|-weather|Snow|[upkeep]\n|upkeep\n|turn|65\n|\n|t:|1700704082\n|switch|p1a: Slowking|Slowking-Galar, M|100\/100\n|-damage|p1a: Slowking|88\/100|[from] Stealth Rock\n|move|p2a: Scream Tail|Dazzling Gleam|p1a: Slowking\n|-resisted|p1a: Slowking\n|-damage|p1a: Slowking|82\/100\n|\n|-weather|none\n|upkeep\n|turn|66\n|\n|t:|1700704089\n|-end|p2a: Scream Tail|Protosynthesis|[silent]\n|switch|p2a: Heatran|Heatran, M|59\/100\n|move|p1a: Slowking|Chilly Reception|p1a: Slowking\n|-weather|Snow\n|\n|t:|1700704092\n|switch|p1a: Zamazenta|Zamazenta|100\/100|[from] Chilly Reception\n|-damage|p1a: Zamazenta|94\/100|[from] Stealth Rock\n|\n|-weather|Snow|[upkeep]\n|-heal|p1a: Zamazenta|100\/100|[from] item: Leftovers\n|upkeep\n|turn|67\n|\n|t:|1700704101\n|move|p1a: Zamazenta|Body Press|p2a: Heatran\n|-supereffective|p2a: Heatran\n|-damage|p2a: Heatran|6\/100\n|move|p2a: Heatran|Magma Storm|p1a: Zamazenta\n|-damage|p1a: Zamazenta|70\/100\n|-activate|p1a: Zamazenta|move: Magma Storm|[of] p2a: Heatran\n|\n|-weather|Snow|[upkeep]\n|-heal|p1a: Zamazenta|76\/100|[from] item: Leftovers\n|-damage|p1a: Zamazenta|63\/100|[from] move: Magma Storm|[partiallytrapped]\n|upkeep\n|turn|68\n|\n|t:|1700704111\n|switch|p2a: Scream Tail|Scream Tail|100\/100\n|move|p1a: Zamazenta|Body Press|p2a: Scream Tail\n|-resisted|p2a: Scream Tail\n|-damage|p2a: Scream Tail|94\/100\n|\n|-weather|Snow|[upkeep]\n|-heal|p1a: Zamazenta|70\/100|[from] item: Leftovers\n|-end|p1a: Zamazenta|Magma Storm|[partiallytrapped]|[silent]\n|upkeep\n|turn|69\n|\n|t:|1700704120\n|switch|p1a: Slowking|Slowking-Galar, M|100\/100\n|-damage|p1a: Slowking|88\/100|[from] Stealth Rock\n|move|p2a: Scream Tail|Wish|p2a: Scream Tail\n|\n|-weather|Snow|[upkeep]\n|upkeep\n|turn|70\n|\n|t:|1700704126\n|-end|p2a: Scream Tail|Protosynthesis|[silent]\n|switch|p2a: Heatran|Heatran, M|6\/100\n|move|p1a: Slowking|Chilly Reception|p1a: Slowking\n|\n|t:|1700704131\n|switch|p1a: Zamazenta|Zamazenta|70\/100|[from] Chilly Reception\n|-damage|p1a: Zamazenta|63\/100|[from] Stealth Rock\n|\n|-weather|none\n|-heal|p2a: Heatran|58\/100|[from] move: Wish|[wisher] Scream Tail\n|-heal|p1a: Zamazenta|70\/100|[from] item: Leftovers\n|upkeep\n|turn|71\n|\n|t:|1700704139\n|switch|p2a: Scream Tail|Scream Tail|94\/100\n|move|p1a: Zamazenta|Roar|p2a: Scream Tail\n|-end|p2a: Scream Tail|Protosynthesis|[silent]\n|drag|p2a: Heatran|Heatran, M|58\/100\n|\n|-heal|p1a: Zamazenta|76\/100|[from] item: Leftovers\n|upkeep\n|turn|72\n|\n|t:|1700704145\n|switch|p2a: Scream Tail|Scream Tail|94\/100\n|move|p1a: Zamazenta|Body Press|p2a: Scream Tail\n|-resisted|p2a: Scream Tail\n|-damage|p2a: Scream Tail|88\/100\n|\n|-heal|p1a: Zamazenta|82\/100|[from] item: Leftovers\n|upkeep\n|turn|73\n|\n|t:|1700704154\n|switch|p1a: Slowking|Slowking-Galar, M|100\/100\n|-damage|p1a: Slowking|88\/100|[from] Stealth Rock\n|move|p2a: Scream Tail|Wish|p2a: Scream Tail\n|\n|upkeep\n|turn|74\n|\n|t:|1700704159\n|-end|p2a: Scream Tail|Protosynthesis|[silent]\n|switch|p2a: Heatran|Heatran, M|58\/100\n|move|p1a: Slowking|Chilly Reception|p1a: Slowking\n|-weather|Snow\n|\n|t:|1700704166\n|switch|p1a: Zamazenta|Zamazenta|82\/100|[from] Chilly Reception\n|-damage|p1a: Zamazenta|76\/100|[from] Stealth Rock\n|\n|-weather|Snow|[upkeep]\n|-heal|p2a: Heatran|100\/100|[from] move: Wish|[wisher] Scream Tail\n|-heal|p1a: Zamazenta|82\/100|[from] item: Leftovers\n|upkeep\n|turn|75\n|\n|t:|1700704174\n|switch|p2a: Scream Tail|Scream Tail|88\/100\n|move|p1a: Zamazenta|Body Press|p2a: Scream Tail\n|-resisted|p2a: Scream Tail\n|-damage|p2a: Scream Tail|81\/100\n|\n|-weather|Snow|[upkeep]\n|-heal|p1a: Zamazenta|88\/100|[from] item: Leftovers\n|upkeep\n|turn|76\n|\n|t:|1700704183\n|move|p1a: Zamazenta|Iron Defense|p1a: Zamazenta\n|-boost|p1a: Zamazenta|def|2\n|move|p2a: Scream Tail|Dazzling Gleam|p1a: Zamazenta\n|-supereffective|p1a: Zamazenta\n|-damage|p1a: Zamazenta|57\/100\n|\n|-weather|Snow|[upkeep]\n|-heal|p1a: Zamazenta|63\/100|[from] item: Leftovers\n|upkeep\n|turn|77\n|\n|t:|1700704192\n|move|p1a: Zamazenta|Body Press|p2a: Scream Tail\n|-resisted|p2a: Scream Tail\n|-damage|p2a: Scream Tail|68\/100\n|move|p2a: Scream Tail|Encore|p1a: Zamazenta\n|-start|p1a: Zamazenta|Encore\n|\n|-weather|Snow|[upkeep]\n|-heal|p1a: Zamazenta|70\/100|[from] item: Leftovers\n|upkeep\n|turn|78\n|\n|t:|1700704201\n|switch|p1a: Slowking|Slowking-Galar, M|100\/100\n|-damage|p1a: Slowking|88\/100|[from] Stealth Rock\n|move|p2a: Scream Tail|Dazzling Gleam|p1a: Slowking\n|-resisted|p1a: Slowking\n|-crit|p1a: Slowking\n|-damage|p1a: Slowking|79\/100\n|\n|-weather|none\n|upkeep\n|turn|79\n|\n|t:|1700704215\n|move|p2a: Scream Tail|Wish|p2a: Scream Tail\n|move|p1a: Slowking|Chilly Reception|p1a: Slowking\n|-weather|Snow\n|\n|t:|1700704220\n|switch|p1a: Alomomola|Alomomola, M|100\/100|[from] Chilly Reception\n|-damage|p1a: Alomomola|88\/100|[from] Stealth Rock\n|\n|-weather|Snow|[upkeep]\n|upkeep\n|turn|80\n|\n|t:|1700704227\n|move|p2a: Scream Tail|Dazzling Gleam|p1a: Alomomola\n|-damage|p1a: Alomomola|67\/100\n|move|p1a: Alomomola|Wish|p1a: Alomomola\n|\n|-weather|Snow|[upkeep]\n|-heal|p2a: Scream Tail|100\/100|[from] move: Wish|[wisher] Scream Tail\n|upkeep\n|turn|81\n|\n|t:|1700704240\n|-end|p2a: Scream Tail|Protosynthesis|[silent]\n|switch|p2a: Heatran|Heatran, M|100\/100\n|switch|p1a: Zamazenta|Zamazenta|70\/100\n|-damage|p1a: Zamazenta|63\/100|[from] Stealth Rock\n|\n|-weather|Snow|[upkeep]\n|-heal|p1a: Zamazenta|100\/100|[from] move: Wish|[wisher] Alomomola\n|upkeep\n|turn|82\n|\n|t:|1700704253\n|move|p2a: Heatran|Magma Storm|p1a: Zamazenta\n|-damage|p1a: Zamazenta|69\/100\n|-activate|p1a: Zamazenta|move: Magma Storm|[of] p2a: Heatran\n|move|p1a: Zamazenta|Roar|p2a: Heatran\n|drag|p2a: Scream Tail|Scream Tail|100\/100\n|\n|-weather|Snow|[upkeep]\n|-heal|p1a: Zamazenta|75\/100|[from] item: Leftovers\n|-end|p1a: Zamazenta|Magma Storm|[partiallytrapped]|[silent]\n|upkeep\n|turn|83\n|\n|t:|1700704263\n|switch|p1a: Slowking|Slowking-Galar, M|100\/100\n|-damage|p1a: Slowking|88\/100|[from] Stealth Rock\n|move|p2a: Scream Tail|Dazzling Gleam|p1a: Slowking\n|-resisted|p1a: Slowking\n|-damage|p1a: Slowking|82\/100\n|\n|-weather|none\n|upkeep\n|turn|84\n|\n|t:|1700704274\n|move|p2a: Scream Tail|Dazzling Gleam|p1a: Slowking\n|-resisted|p1a: Slowking\n|-damage|p1a: Slowking|76\/100\n|move|p1a: Slowking|Future Sight|p2a: Scream Tail\n|-start|p1a: Slowking|move: Future Sight\n|\n|upkeep\n|turn|85\n|\n|t:|1700704281\n|-end|p2a: Scream Tail|Protosynthesis|[silent]\n|switch|p2a: Heatran|Heatran, M|100\/100\n|move|p1a: Slowking|Chilly Reception|p1a: Slowking\n|-weather|Snow\n|\n|t:|1700704287\n|switch|p1a: Zamazenta|Zamazenta|75\/100|[from] Chilly Reception\n|-damage|p1a: Zamazenta|69\/100|[from] Stealth Rock\n|\n|-weather|Snow|[upkeep]\n|-heal|p1a: Zamazenta|75\/100|[from] item: Leftovers\n|upkeep\n|turn|86\n|\n|t:|1700704297\n|switch|p2a: Scream Tail|Scream Tail|100\/100\n|move|p1a: Zamazenta|Body Press|p2a: Scream Tail\n|-resisted|p2a: Scream Tail\n|-damage|p2a: Scream Tail|95\/100\n|\n|-weather|Snow|[upkeep]\n|-end|p2a: Scream Tail|move: Future Sight\n|-resisted|p2a: Scream Tail\n|-damage|p2a: Scream Tail|77\/100\n|-heal|p1a: Zamazenta|82\/100|[from] item: Leftovers\n|upkeep\n|turn|87\n|\n|t:|1700704307\n|switch|p1a: Slowking|Slowking-Galar, M|100\/100\n|-damage|p1a: Slowking|88\/100|[from] Stealth Rock\n|move|p2a: Scream Tail|Dazzling Gleam|p1a: Slowking\n|-resisted|p1a: Slowking\n|-damage|p1a: Slowking|81\/100\n|\n|-weather|Snow|[upkeep]\n|upkeep\n|turn|88\n|\n|t:|1700704319\n|-end|p2a: Scream Tail|Protosynthesis|[silent]\n|switch|p2a: Heatran|Heatran, M|100\/100\n|move|p1a: Slowking|Sludge Bomb|p2a: Heatran\n|-immune|p2a: Heatran\n|\n|-weather|Snow|[upkeep]\n|upkeep\n|turn|89\n|\n|t:|1700704330\n|move|p2a: Heatran|Earth Power|p1a: Slowking\n|-supereffective|p1a: Slowking\n|-damage|p1a: Slowking|47\/100\n|move|p1a: Slowking|Chilly Reception|p1a: Slowking\n|\n|t:|1700704338\n|switch|p1a: Alomomola|Alomomola, M|100\/100|[from] Chilly Reception\n|-damage|p1a: Alomomola|88\/100|[from] Stealth Rock\n|\n|-weather|none\n|upkeep\n|turn|90\n|\n|t:|1700704345\n|move|p2a: Heatran|Taunt|p1a: Alomomola\n|-start|p1a: Alomomola|move: Taunt\n|cant|p1a: Alomomola|move: Taunt|Wish\n|\n|upkeep\n|turn|91\n|\n|t:|1700704350\n|move|p2a: Heatran|Earth Power|p1a: Alomomola\n|-damage|p1a: Alomomola|59\/100\n|move|p1a: Alomomola|Flip Turn|p2a: Heatran\n|-supereffective|p2a: Heatran\n|-damage|p2a: Heatran|75\/100\n|\n|t:|1700704353\n|switch|p1a: Thundurus|Thundurus-Therian, M|29\/100|[from] Flip Turn\n|\n|upkeep\n|turn|92\n|\n|t:|1700704360\n|switch|p2a: Scream Tail|Scream Tail|77\/100\n|move|p1a: Thundurus|Defog|p2a: Scream Tail\n|-unboost|p2a: Scream Tail|evasion|1\n|-sideend|p1: shuijun1\u82cd\u708e\u5203\u9b3c\u4fa0|Stealth Rock|[from] move: Defog|[of] p1a: Thundurus\n|\n|upkeep\n|turn|93\n|\n|t:|1700704372\n|move|p2a: Scream Tail|Encore|p1a: Thundurus\n|-start|p1a: Thundurus|Encore\n|move|p1a: Thundurus|Defog|p2a: Scream Tail\n|-unboost|p2a: Scream Tail|evasion|1\n|\n|upkeep\n|turn|94\n|\n|t:|1700704381\n|switch|p1a: Alomomola|Alomomola, M|92\/100\n|move|p2a: Scream Tail|Wish|p2a: Scream Tail\n|\n|upkeep\n|turn|95\n|\n|t:|1700704387\n|move|p2a: Scream Tail|Protect|p2a: Scream Tail\n|-singleturn|p2a: Scream Tail|Protect\n|move|p1a: Alomomola|Wish|p1a: Alomomola\n|\n|-heal|p2a: Scream Tail|100\/100|[from] move: Wish|[wisher] Scream Tail\n|upkeep\n|turn|96\n|\n|t:|1700704395\n|switch|p1a: Thundurus|Thundurus-Therian, M|29\/100\n|move|p2a: Scream Tail|Encore||[still]\n|-fail|p2a: Scream Tail\n|\n|-heal|p1a: Thundurus|100\/100|[from] move: Wish|[wisher] Alomomola\n|upkeep\n|turn|97\n|\n|t:|1700704405\n|switch|p1a: Slowking|Slowking-Galar, M|80\/100\n|move|p2a: Scream Tail|Encore||[still]\n|-fail|p2a: Scream Tail\n|\n|upkeep\n|turn|98\n|\n|t:|1700704416\n|switch|p1a: Alomomola|Alomomola, M|100\/100\n|move|p2a: Scream Tail|Encore||[still]\n|-fail|p2a: Scream Tail\n|\n|upkeep\n|turn|99\n|\n|t:|1700704423\n|switch|p1a: Slowking|Slowking-Galar, M|100\/100\n|move|p2a: Scream Tail|Encore||[still]\n|-fail|p2a: Scream Tail\n|\n|upkeep\n|turn|100\n|\n|t:|1700704428\n|switch|p1a: Alomomola|Alomomola, M|100\/100\n|move|p2a: Scream Tail|Wish|p2a: Scream Tail\n|\n|upkeep\n|turn|101\n|\n|t:|1700704437\n|switch|p1a: Thundurus|Thundurus-Therian, M|100\/100\n|move|p2a: Scream Tail|Protect||[still]\n|-fail|p2a: Scream Tail\n|\n|upkeep\n|turn|102\n|\n|t:|1700704445\n|move|p2a: Scream Tail|Protect|p2a: Scream Tail\n|-singleturn|p2a: Scream Tail|Protect\n|move|p1a: Thundurus|Volt Switch|p2a: Scream Tail\n|-activate|p2a: Scream Tail|move: Protect\n|\n|upkeep\n|turn|103\n|\n|t:|1700704451\n|-end|p2a: Scream Tail|Protosynthesis|[silent]\n|switch|p2a: Heatran|Heatran, M|75\/100\n|move|p1a: Thundurus|Volt Switch|p2a: Heatran\n|-damage|p2a: Heatran|48\/100\n|\n|t:|1700704456\n|switch|p1a: Zamazenta|Zamazenta|82\/100|[from] Volt Switch\n|\n|-heal|p1a: Zamazenta|88\/100|[from] item: Leftovers\n|upkeep\n|turn|104\n|\n|t:|1700704462\n|switch|p1a: Slowking|Slowking-Galar, M|100\/100\n|switch|p2a: Scream Tail|Scream Tail|100\/100\n|\n|upkeep\n|turn|105\n|\n|t:|1700704471\n|move|p2a: Scream Tail|Protect|p2a: Scream Tail\n|-singleturn|p2a: Scream Tail|Protect\n|move|p1a: Slowking|Sludge Bomb|p2a: Scream Tail\n|-activate|p2a: Scream Tail|move: Protect\n|\n|upkeep\n|turn|106\n|\n|t:|1700704477\n|-end|p2a: Scream Tail|Protosynthesis|[silent]\n|switch|p2a: Heatran|Heatran, M|48\/100\n|switch|p1a: Alomomola|Alomomola, M|100\/100\n|\n|upkeep\n|turn|107\n|\n|t:|1700704482\n|switch|p2a: Scream Tail|Scream Tail|100\/100\n|move|p1a: Alomomola|Flip Turn|p2a: Scream Tail\n|-damage|p2a: Scream Tail|87\/100\n|\n|t:|1700704490\n|switch|p1a: Slowking|Slowking-Galar, M|100\/100|[from] Flip Turn\n|\n|upkeep\n|turn|108\n|\n|t:|1700704494\n|switch|p1a: Thundurus|Thundurus-Therian, M|100\/100\n|move|p2a: Scream Tail|Wish|p2a: Scream Tail\n|\n|upkeep\n|turn|109\n|\n|t:|1700704503\n|-end|p2a: Scream Tail|Protosynthesis|[silent]\n|switch|p2a: Heatran|Heatran, M|48\/100\n|move|p1a: Thundurus|Volt Switch|p2a: Heatran\n|-damage|p2a: Heatran|22\/100\n|\n|t:|1700704510\n|switch|p1a: Zamazenta|Zamazenta|88\/100|[from] Volt Switch\n|\n|-heal|p2a: Heatran|74\/100|[from] move: Wish|[wisher] Scream Tail\n|-heal|p1a: Zamazenta|94\/100|[from] item: Leftovers\n|upkeep\n|turn|110\n|\n|t:|1700704516\n|switch|p1a: Thundurus|Thundurus-Therian, M|100\/100\n|switch|p2a: Scream Tail|Scream Tail|87\/100\n|\n|upkeep\n|turn|111\n|\n|t:|1700704524\n|-end|p2a: Scream Tail|Protosynthesis|[silent]\n|switch|p2a: Heatran|Heatran, M|74\/100\n|switch|p1a: Zamazenta|Zamazenta|94\/100\n|\n|-heal|p1a: Zamazenta|99\/100|[from] item: Leftovers\n|upkeep\n|turn|112\n|\n|t:|1700704530\n|switch|p1a: Thundurus|Thundurus-Therian, M|100\/100\n|switch|p2a: Scream Tail|Scream Tail|87\/100\n|\n|upkeep\n|turn|113\n|\n|t:|1700704540\n|move|p2a: Scream Tail|Protect|p2a: Scream Tail\n|-singleturn|p2a: Scream Tail|Protect\n|move|p1a: Thundurus|Sludge Wave|p2a: Scream Tail\n|-activate|p2a: Scream Tail|move: Protect\n|\n|upkeep\n|turn|114\n|\n|t:|1700704545\n|-end|p2a: Scream Tail|Protosynthesis|[silent]\n|switch|p2a: Heatran|Heatran, M|74\/100\n|move|p1a: Thundurus|Volt Switch|p2a: Heatran\n|-crit|p2a: Heatran\n|-damage|p2a: Heatran|33\/100\n|\n|t:|1700704551\n|switch|p1a: Zamazenta|Zamazenta|99\/100|[from] Volt Switch\n|\n|-heal|p1a: Zamazenta|100\/100|[from] item: Leftovers\n|upkeep\n|turn|115\n|\n|t:|1700704557\n|move|p1a: Zamazenta|Wild Charge|p2a: Heatran\n|-damage|p2a: Heatran|13\/100\n|-damage|p1a: Zamazenta|96\/100|[from] Recoil\n|move|p2a: Heatran|Stealth Rock|p1a: Zamazenta\n|-sidestart|p1: shuijun1\u82cd\u708e\u5203\u9b3c\u4fa0|move: Stealth Rock\n|\n|-heal|p1a: Zamazenta|100\/100|[from] item: Leftovers\n|upkeep\n|turn|116\n|\n|t:|1700704564\n|switch|p2a: Scream Tail|Scream Tail|87\/100\n|move|p1a: Zamazenta|Wild Charge|p2a: Scream Tail\n|-damage|p2a: Scream Tail|69\/100\n|-damage|p1a: Zamazenta|96\/100|[from] Recoil\n|\n|-heal|p1a: Zamazenta|100\/100|[from] item: Leftovers\n|upkeep\n|turn|117\n|\n|t:|1700704572\n|switch|p1a: Thundurus|Thundurus-Therian, M|100\/100\n|move|p2a: Scream Tail|Wish|p2a: Scream Tail\n|\n|upkeep\n|turn|118\n|\n|t:|1700704579\n|move|p2a: Scream Tail|Protect|p2a: Scream Tail\n|-singleturn|p2a: Scream Tail|Protect\n|move|p1a: Thundurus|Defog|p2a: Scream Tail\n|-activate|p2a: Scream Tail|move: Protect\n|\n|-heal|p2a: Scream Tail|100\/100|[from] move: Wish|[wisher] Scream Tail\n|upkeep\n|turn|119\n|\n|t:|1700704589\n|move|p2a: Scream Tail|Protect|p2a: Scream Tail\n|-singleturn|p2a: Scream Tail|Protect\n|move|p1a: Thundurus|Defog|p2a: Scream Tail\n|-activate|p2a: Scream Tail|move: Protect\n|\n|upkeep\n|turn|120\n|\n|t:|1700704596\n|move|p2a: Scream Tail|Wish|p2a: Scream Tail\n|move|p1a: Thundurus|Defog|p2a: Scream Tail\n|-unboost|p2a: Scream Tail|evasion|1\n|-sideend|p1: shuijun1\u82cd\u708e\u5203\u9b3c\u4fa0|Stealth Rock|[from] move: Defog|[of] p1a: Thundurus\n|\n|upkeep\n|turn|121\n|\n|t:|1700704602\n|switch|p1a: Alomomola|Alomomola, M|100\/100\n|move|p2a: Scream Tail|Protect||[still]\n|-fail|p2a: Scream Tail\n|\n|upkeep\n|turn|122\n|\n|t:|1700704611\n|move|p2a: Scream Tail|Protect|p2a: Scream Tail\n|-singleturn|p2a: Scream Tail|Protect\n|move|p1a: Alomomola|Protect||[still]\n|-fail|p1a: Alomomola\n|\n|upkeep\n|turn|123\n|\n|t:|1700704618\n|move|p2a: Scream Tail|Wish|p2a: Scream Tail\n|move|p1a: Alomomola|Flip Turn|p2a: Scream Tail\n|-damage|p2a: Scream Tail|88\/100\n|\n|t:|1700704623\n|switch|p1a: Thundurus|Thundurus-Therian, M|100\/100|[from] Flip Turn\n|\n|upkeep\n|turn|124\n|\n|t:|1700704627\n|-end|p2a: Scream Tail|Protosynthesis|[silent]\n|switch|p2a: Heatran|Heatran, M|13\/100\n|move|p1a: Thundurus|Volt Switch|p2a: Heatran\n|-damage|p2a: Heatran|0 fnt\n|faint|p2a: Heatran\n|\n|t:|1700704633\n|switch|p1a: Slowking|Slowking-Galar, M|100\/100|[from] Volt Switch\n|\n|upkeep\n|\n|t:|1700704636\n|switch|p2a: Scream Tail|Scream Tail|88\/100\n|turn|125\n|\n|t:|1700704639\n|move|p2a: Scream Tail|Wish|p2a: Scream Tail\n|move|p1a: Slowking|Sludge Bomb|p2a: Scream Tail\n|-supereffective|p2a: Scream Tail\n|-damage|p2a: Scream Tail|41\/100\n|\n|upkeep\n|turn|126\n|\n|t:|1700704644\n|move|p2a: Scream Tail|Wish||[still]\n|-fail|p2a: Scream Tail\n|move|p1a: Slowking|Sludge Bomb|p2a: Scream Tail\n|-supereffective|p2a: Scream Tail\n|-damage|p2a: Scream Tail|0 fnt\n|faint|p2a: Scream Tail\n|-end|p2a: Scream Tail|Protosynthesis|[silent]\n|\n|win|shuijun1\u82cd\u708e\u5203\u9b3c\u4fa0\n|raw|shuijun1\u82cd\u708e\u5203\u9b3c\u4fa0's rating: 1402 &rarr; <strong>1417<\/strong><br \/>(+15 for winning)\n|raw|josh_bullet's rating: 1320 &rarr; <strong>1305<\/strong><br \/>(-15 for losing)\n|l|\u2606josh_bullet\n","uploadtime":1700704752,"views":12,"p1id":"shuijun1","p2id":"joshbullet","formatid":"gen9nationaldex","rating":1305,"private":0,"password":""}