{"id":"gen9nationaldex-1997488281","p1":"123321qw\u708e\u62f3\u4fa0","p2":"Pure Hackmons","format":"[Gen 9] National Dex","log":"|j|\u2606123321qw\u708e\u62f3\u4fa0\n|j|\u2606Pure Hackmons\n|t:|1700814114\n|gametype|singles\n|player|p1|123321qw\u708e\u62f3\u4fa0|brycenman|\n|player|p2|Pure Hackmons|ethan|\n|teamsize|p1|6\n|teamsize|p2|6\n|gen|9\n|tier|[Gen 9] National Dex\n|rated|Tournament battle\n|rule|HP Percentage Mod: HP is shown in percentages\n|rule|Endless Battle Clause: Forcing endless battles is banned\n|rule|OHKO Clause: OHKO moves are banned\n|rule|Evasion Clause: Evasion abilities, items, and moves are banned\n|rule|Evasion Abilities Clause: Evasion abilities are banned\n|rule|Evasion Items Clause: Evasion items are banned\n|rule|Evasion Moves Clause: Evasion moves are banned\n|rule|Species Clause: Limit one of each Pok\u00e9mon\n|rule|Sleep Clause Mod: Limit one foe put to sleep\n|rule|Camomons Mod: Pok\u00e9mon have their types set to match their first two moves.\n|rule|CFZ Clause: Crystal-free Z-Moves are banned\n|rule|Sleep Moves Clause: Sleep-inducing moves are banned\n|rule|Terastal Clause: You cannot Terastallize\n|clearpoke\n|poke|p1|Haxorus, F|\n|poke|p1|Iron Valiant|\n|poke|p1|Ursaluna, M|\n|poke|p1|Alakazam, M|\n|poke|p1|Coalossal, F|\n|poke|p1|Lopunny, F|\n|poke|p2|Alomomola, F|\n|poke|p2|Slowking, M|\n|poke|p2|Blissey, F|\n|poke|p2|Coalossal, F|\n|poke|p2|Avalugg-Hisui, M|\n|poke|p2|Ditto|\n|teampreview\n|j|%Iolanthe\n|\n|t:|1700814128\n|start\n|switch|p1a: Ursaluna|Ursaluna, M|100\/100\n|switch|p2a: Ditto|Ditto|100\/100\n|-start|p1a: Ursaluna|typechange|Normal\/Ghost|[silent]\n|-start|p2a: Ditto|typechange|Ground\/Flying|[silent]\n|-transform|p2a: Ditto|p1a: Ursaluna|[from] ability: Imposter\n|-start|p1a: Ursaluna|typechange|Normal\/Ghost|[silent]\n|-start|p2a: Ditto|typechange|Normal\/Ghost|[silent]\n|turn|1\n|l|%Iolanthe\n|\n|t:|1700814148\n|switch|p2a: Avalugg|Avalugg-Hisui, M|100\/100\n|-start|p2a: Avalugg|typechange|Dark\/Ghost|[silent]\n|switch|p1a: Lopunny|Lopunny, F|100\/100\n|-start|p1a: Lopunny|typechange|Rock\/Fighting|[silent]\n|\n|upkeep\n|-start|p1a: Lopunny|typechange|Rock\/Fighting|[silent]\n|-start|p2a: Avalugg|typechange|Dark\/Ghost|[silent]\n|turn|2\n|\n|t:|1700814155\n|switch|p2a: Alomomola|Alomomola, F|100\/100\n|-start|p2a: Alomomola|typechange|Water\/Ground|[silent]\n|detailschange|p1a: Lopunny|Lopunny-Mega, F\n|-mega|p1a: Lopunny|Lopunny|Lopunnite\n|-start|p1a: Lopunny|typechange|Rock\/Fighting|[silent]\n|move|p1a: Lopunny|Collision Course|p2a: Alomomola\n|-damage|p2a: Alomomola|73\/100\n|-damage|p1a: Lopunny|84\/100|[from] item: Rocky Helmet|[of] p2a: Alomomola\n|\n|upkeep\n|-start|p1a: Lopunny|typechange|Rock\/Fighting|[silent]\n|-start|p2a: Alomomola|typechange|Water\/Ground|[silent]\n|turn|3\n|\n|t:|1700814174\n|switch|p2a: Coalossal|Coalossal, F|100\/100\n|-start|p2a: Coalossal|typechange|Bug\/Steel|[silent]\n|move|p1a: Lopunny|Taunt|p2a: Coalossal\n|-start|p2a: Coalossal|move: Taunt\n|\n|upkeep\n|-start|p2a: Coalossal|typechange|Bug\/Steel|[silent]\n|turn|4\n|j| AAATD Pressha\n|\n|t:|1700814181\n|switch|p2a: Alomomola|Alomomola, F|100\/100\n|-start|p2a: Alomomola|typechange|Water\/Ground|[silent]\n|move|p1a: Lopunny|U-turn|p2a: Alomomola\n|-damage|p2a: Alomomola|87\/100\n|-damage|p1a: Lopunny|67\/100|[from] item: Rocky Helmet|[of] p2a: Alomomola\n|\n|t:|1700814185\n|switch|p1a: Haxorus|Haxorus, F|100\/100|[from] U-turn\n|-start|p1a: Haxorus|typechange|Fire\/Water|[silent]\n|-ability|p1a: Haxorus|Mold Breaker\n|\n|upkeep\n|-start|p1a: Haxorus|typechange|Fire\/Water|[silent]\n|-start|p2a: Alomomola|typechange|Water\/Ground|[silent]\n|turn|5\n|\n|t:|1700814192\n|switch|p2a: Avalugg|Avalugg-Hisui, M|100\/100\n|-start|p2a: Avalugg|typechange|Dark\/Ghost|[silent]\n|move|p1a: Haxorus|Aqua Step|p2a: Avalugg\n|-damage|p2a: Avalugg|82\/100\n|-boost|p1a: Haxorus|spe|1\n|\n|-heal|p2a: Avalugg|88\/100|[from] item: Leftovers\n|upkeep\n|-start|p2a: Avalugg|typechange|Dark\/Ghost|[silent]\n|turn|6\n|\n|t:|1700814211\n|switch|p1a: Coalossal|Coalossal, F|100\/100\n|-start|p1a: Coalossal|typechange|Steel\/Bug|[silent]\n|move|p2a: Avalugg|Stone Axe|p1a: Coalossal|[miss]\n|-miss|p2a: Avalugg|p1a: Coalossal\n|\n|-heal|p2a: Avalugg|94\/100|[from] item: Leftovers\n|upkeep\n|-start|p1a: Coalossal|typechange|Steel\/Bug|[silent]\n|turn|7\n|\n|t:|1700814219\n|switch|p2a: Alomomola|Alomomola, F|100\/100\n|-start|p2a: Alomomola|typechange|Water\/Ground|[silent]\n|move|p1a: Coalossal|Infestation|p2a: Alomomola\n|-damage|p2a: Alomomola|93\/100\n|-activate|p2a: Alomomola|move: Infestation|[of] p1a: Coalossal\n|-damage|p1a: Coalossal|84\/100|[from] item: Rocky Helmet|[of] p2a: Alomomola\n|\n|-damage|p2a: Alomomola|81\/100|[from] move: Infestation|[partiallytrapped]\n|upkeep\n|-start|p2a: Alomomola|typechange|Water\/Ground|[silent]\n|turn|8\n|\n|t:|1700814231\n|move|p2a: Alomomola|Flip Turn|p1a: Coalossal\n|-damage|p1a: Coalossal|73\/100\n|\n|t:|1700814235\n|switch|p2a: Slowking|Slowking, M|100\/100|[from] Flip Turn\n|-start|p2a: Slowking|typechange|Dark\/Poison|[silent]\n|move|p1a: Coalossal|Substitute|p1a: Coalossal\n|-start|p1a: Coalossal|Substitute\n|-damage|p1a: Coalossal|48\/100\n|\n|upkeep\n|-start|p2a: Slowking|typechange|Dark\/Poison|[silent]\n|turn|9\n|\n|t:|1700814243\n|move|p1a: Coalossal|Anchor Shot|p2a: Slowking\n|-damage|p2a: Slowking|75\/100\n|-activate|p2a: Slowking|trapped\n|move|p2a: Slowking|U-turn|p1a: Coalossal\n|-resisted|p1a: Coalossal\n|-activate|p1a: Coalossal|move: Substitute|[damage]\n|\n|t:|1700814246\n|switch|p2a: Avalugg|Avalugg-Hisui, M|94\/100|[from] U-turn\n|-start|p2a: Avalugg|typechange|Dark\/Ghost|[silent]\n|\n|-heal|p2a: Avalugg|100\/100|[from] item: Leftovers\n|upkeep\n|-start|p2a: Avalugg|typechange|Dark\/Ghost|[silent]\n|turn|10\n|\n|t:|1700814253\n|move|p1a: Coalossal|Infestation|p2a: Avalugg\n|-damage|p2a: Avalugg|90\/100\n|-activate|p2a: Avalugg|move: Infestation|[of] p1a: Coalossal\n|move|p2a: Avalugg|Stone Axe|p1a: Coalossal\n|-activate|p1a: Coalossal|move: Substitute|[damage]\n|-sidestart|p1: 123321qw\u708e\u62f3\u4fa0|move: Stealth Rock\n|\n|-heal|p2a: Avalugg|96\/100|[from] item: Leftovers\n|-damage|p2a: Avalugg|83\/100|[from] move: Infestation|[partiallytrapped]\n|upkeep\n|turn|11\n|\n|t:|1700814260\n|switch|p2a: Alomomola|Alomomola, F|100\/100\n|-start|p2a: Alomomola|typechange|Water\/Ground|[silent]\n|move|p1a: Coalossal|Heal Order|p1a: Coalossal\n|-heal|p1a: Coalossal|98\/100\n|\n|upkeep\n|-start|p2a: Alomomola|typechange|Water\/Ground|[silent]\n|turn|12\n|c|\u2606123321qw\u708e\u62f3\u4fa0|right\n|c|\u2606123321qw\u708e\u62f3\u4fa0|ghost can't be trapped\n|\n|t:|1700814285\n|switch|p1a: Ursaluna|Ursaluna, M|100\/100\n|-start|p1a: Ursaluna|typechange|Normal\/Ghost|[silent]\n|-damage|p1a: Ursaluna|88\/100|[from] Stealth Rock\n|move|p2a: Alomomola|Spikes|p1a: Ursaluna\n|-sidestart|p1: 123321qw\u708e\u62f3\u4fa0|Spikes\n|\n|-status|p1a: Ursaluna|brn|[from] item: Flame Orb\n|upkeep\n|-start|p1a: Ursaluna|typechange|Normal\/Ghost|[silent]\n|turn|13\n|\n|t:|1700814295\n|move|p1a: Ursaluna|Swords Dance|p1a: Ursaluna\n|-boost|p1a: Ursaluna|atk|2\n|move|p2a: Alomomola|Flip Turn|p1a: Ursaluna\n|-damage|p1a: Ursaluna|76\/100 brn\n|\n|t:|1700814297\n|switch|p2a: Ditto|Ditto|100\/100|[from] Flip Turn\n|-start|p2a: Ditto|typechange|Ground\/Flying|[silent]\n|-transform|p2a: Ditto|p1a: Ursaluna|[from] ability: Imposter\n|\n|-damage|p1a: Ursaluna|70\/100 brn|[from] brn\n|upkeep\n|turn|14\n|\n|t:|1700814305\n|move|p2a: Ditto|Knock Off|p1a: Ursaluna\n|-supereffective|p1a: Ursaluna\n|-damage|p1a: Ursaluna|0 fnt\n|-enditem|p1a: Ursaluna|Flame Orb|[from] move: Knock Off|[of] p2a: Ditto\n|faint|p1a: Ursaluna\n|\n|upkeep\n|\n|t:|1700814323\n|switch|p1a: Alakazam|Alakazam, M|100\/100\n|-start|p1a: Alakazam|typechange|Fire\/Fairy|[silent]\n|-start|p1a: Alakazam|typechange|Fire\/Fairy|[silent]\n|turn|15\n|\n|t:|1700814327\n|switch|p2a: Slowking|Slowking, M|100\/100\n|-start|p2a: Slowking|typechange|Dark\/Poison|[silent]\n|move|p1a: Alakazam|Mind Blown|p2a: Slowking\n|-damage|p2a: Slowking|60\/100\n|\n|upkeep\n|-start|p2a: Slowking|typechange|Dark\/Poison|[silent]\n|turn|16\n|l| AAATD Pressha\n|\n|t:|1700814353\n|switch|p1a: Lopunny|Lopunny-Mega, F|67\/100\n|-start|p1a: Lopunny|typechange|Rock\/Fighting|[silent]\n|-damage|p1a: Lopunny|61\/100|[from] Stealth Rock\n|-damage|p1a: Lopunny|49\/100|[from] Spikes\n|move|p2a: Slowking|Knock Off|p1a: Lopunny\n|-resisted|p1a: Lopunny\n|-damage|p1a: Lopunny|38\/100\n|\n|upkeep\n|-start|p1a: Lopunny|typechange|Rock\/Fighting|[silent]\n|turn|17\n|\n|t:|1700814361\n|switch|p2a: Alomomola|Alomomola, F|100\/100\n|-start|p2a: Alomomola|typechange|Water\/Ground|[silent]\n|move|p1a: Lopunny|Diamond Storm|p2a: Alomomola\n|-resisted|p2a: Alomomola\n|-damage|p2a: Alomomola|86\/100\n|-boost|p1a: Lopunny|def|2\n|\n|upkeep\n|-start|p2a: Alomomola|typechange|Water\/Ground|[silent]\n|turn|18\n|\n|t:|1700814370\n|move|p1a: Lopunny|Diamond Storm|p2a: Alomomola\n|-resisted|p2a: Alomomola\n|-damage|p2a: Alomomola|72\/100\n|-boost|p1a: Lopunny|def|2\n|move|p2a: Alomomola|Flip Turn|p1a: Lopunny\n|-supereffective|p1a: Lopunny\n|-damage|p1a: Lopunny|24\/100\n|\n|t:|1700814373\n|switch|p2a: Avalugg|Avalugg-Hisui, M|83\/100|[from] Flip Turn\n|-start|p2a: Avalugg|typechange|Dark\/Ghost|[silent]\n|\n|-heal|p2a: Avalugg|89\/100|[from] item: Leftovers\n|upkeep\n|-start|p2a: Avalugg|typechange|Dark\/Ghost|[silent]\n|turn|19\n|\n|t:|1700814381\n|switch|p2a: Alomomola|Alomomola, F|100\/100\n|-start|p2a: Alomomola|typechange|Water\/Ground|[silent]\n|move|p1a: Lopunny|U-turn|p2a: Alomomola\n|-damage|p2a: Alomomola|87\/100\n|-damage|p1a: Lopunny|8\/100|[from] item: Rocky Helmet|[of] p2a: Alomomola\n|\n|t:|1700814390\n|switch|p1a: Alakazam|Alakazam, M|100\/100|[from] U-turn\n|-start|p1a: Alakazam|typechange|Fire\/Fairy|[silent]\n|\n|upkeep\n|-start|p1a: Alakazam|typechange|Fire\/Fairy|[silent]\n|-start|p2a: Alomomola|typechange|Water\/Ground|[silent]\n|turn|20\n|\n|t:|1700814394\n|switch|p2a: Slowking|Slowking, M|93\/100\n|-start|p2a: Slowking|typechange|Dark\/Poison|[silent]\n|move|p1a: Alakazam|Chloroblast|p2a: Slowking\n|-resisted|p2a: Slowking\n|-damage|p2a: Slowking|80\/100\n|\n|upkeep\n|-start|p2a: Slowking|typechange|Dark\/Poison|[silent]\n|turn|21\n|\n|t:|1700814406\n|switch|p1a: Iron Valiant|Iron Valiant|100\/100\n|-start|p1a: Iron Valiant|typechange|Steel\/Ghost|[silent]\n|-damage|p1a: Iron Valiant|94\/100|[from] Stealth Rock\n|-damage|p1a: Iron Valiant|82\/100|[from] Spikes\n|-enditem|p1a: Iron Valiant|Booster Energy\n|-activate|p1a: Iron Valiant|ability: Quark Drive|[fromitem]\n|-start|p1a: Iron Valiant|quarkdrivespe\n|move|p2a: Slowking|Knock Off|p1a: Iron Valiant\n|-supereffective|p1a: Iron Valiant\n|-damage|p1a: Iron Valiant|33\/100\n|\n|upkeep\n|-start|p1a: Iron Valiant|typechange|Steel\/Ghost|[silent]\n|turn|22\n|\n|t:|1700814422\n|switch|p2a: Coalossal|Coalossal, F|100\/100\n|-start|p2a: Coalossal|typechange|Bug\/Steel|[silent]\n|move|p1a: Iron Valiant|Swords Dance|p1a: Iron Valiant\n|-boost|p1a: Iron Valiant|atk|2\n|\n|upkeep\n|-start|p2a: Coalossal|typechange|Bug\/Steel|[silent]\n|turn|23\n|\n|t:|1700814429\n|move|p1a: Iron Valiant|Imprison|p1a: Iron Valiant\n|-start|p1a: Iron Valiant|move: Imprison\n|cant|p2a: Coalossal|move: Imprison|Spectral Thief\n|\n|upkeep\n|turn|24\n|\n|t:|1700814439\n|switch|p2a: Alomomola|Alomomola, F|100\/100\n|-start|p2a: Alomomola|typechange|Water\/Ground|[silent]\n|move|p1a: Iron Valiant|Spectral Thief|p2a: Alomomola\n|-damage|p2a: Alomomola|47\/100\n|-damage|p1a: Iron Valiant|17\/100|[from] item: Rocky Helmet|[of] p2a: Alomomola\n|\n|upkeep\n|-start|p2a: Alomomola|typechange|Water\/Ground|[silent]\n|turn|25\n|\n|t:|1700814446\n|switch|p2a: Coalossal|Coalossal, F|100\/100\n|-start|p2a: Coalossal|typechange|Bug\/Steel|[silent]\n|move|p1a: Iron Valiant|Gigaton Hammer|p2a: Coalossal\n|-resisted|p2a: Coalossal\n|-damage|p2a: Coalossal|48\/100\n|\n|-heal|p2a: Coalossal|54\/100|[from] item: Leftovers\n|upkeep\n|-start|p2a: Coalossal|typechange|Bug\/Steel|[silent]\n|turn|26\n|\n|t:|1700814454\n|switch|p2a: Alomomola|Alomomola, F|80\/100\n|-start|p2a: Alomomola|typechange|Water\/Ground|[silent]\n|move|p1a: Iron Valiant|Swords Dance|p1a: Iron Valiant\n|-boost|p1a: Iron Valiant|atk|2\n|\n|upkeep\n|-start|p2a: Alomomola|typechange|Water\/Ground|[silent]\n|turn|27\n|\n|t:|1700814460\n|move|p1a: Iron Valiant|Gigaton Hammer|p2a: Alomomola\n|-resisted|p2a: Alomomola\n|-damage|p2a: Alomomola|9\/100\n|move|p2a: Alomomola|Flip Turn|p1a: Iron Valiant\n|-damage|p1a: Iron Valiant|0 fnt\n|faint|p1a: Iron Valiant\n|-end|p1a: Iron Valiant|Quark Drive|[silent]\n|\n|t:|1700814462\n|switch|p2a: Coalossal|Coalossal, F|54\/100|[from] Flip Turn\n|-start|p2a: Coalossal|typechange|Bug\/Steel|[silent]\n|\n|-heal|p2a: Coalossal|60\/100|[from] item: Leftovers\n|upkeep\n|\n|t:|1700814467\n|switch|p1a: Haxorus|Haxorus, F|100\/100\n|-start|p1a: Haxorus|typechange|Fire\/Water|[silent]\n|-damage|p1a: Haxorus|76\/100|[from] Stealth Rock\n|-damage|p1a: Haxorus|63\/100|[from] Spikes\n|-ability|p1a: Haxorus|Mold Breaker\n|-start|p1a: Haxorus|typechange|Fire\/Water|[silent]\n|-start|p2a: Coalossal|typechange|Bug\/Steel|[silent]\n|turn|28\n|\n|t:|1700814471\n|switch|p2a: Avalugg|Avalugg-Hisui, M|89\/100\n|-start|p2a: Avalugg|typechange|Dark\/Ghost|[silent]\n|move|p1a: Haxorus|Bitter Blade|p2a: Avalugg\n|-damage|p2a: Avalugg|68\/100\n|-heal|p1a: Haxorus|78\/100|[from] drain|[of] p2a: Avalugg\n|\n|-heal|p2a: Avalugg|74\/100|[from] item: Leftovers\n|upkeep\n|-start|p2a: Avalugg|typechange|Dark\/Ghost|[silent]\n|turn|29\n|\n|t:|1700814479\n|move|p1a: Haxorus|Bitter Blade|p2a: Avalugg\n|-damage|p2a: Avalugg|55\/100\n|-heal|p1a: Haxorus|91\/100|[from] drain|[of] p2a: Avalugg\n|move|p2a: Avalugg|Spectral Thief|p1a: Haxorus\n|-damage|p1a: Haxorus|44\/100\n|\n|-heal|p2a: Avalugg|61\/100|[from] item: Leftovers\n|upkeep\n|turn|30\n|\n|t:|1700814488\n|move|p1a: Haxorus|Bitter Blade|p2a: Avalugg\n|-damage|p2a: Avalugg|39\/100\n|-heal|p1a: Haxorus|58\/100|[from] drain|[of] p2a: Avalugg\n|move|p2a: Avalugg|Heal Order|p2a: Avalugg\n|-heal|p2a: Avalugg|89\/100\n|\n|-heal|p2a: Avalugg|95\/100|[from] item: Leftovers\n|upkeep\n|turn|31\n|\n|t:|1700814496\n|move|p1a: Haxorus|Bitter Blade|p2a: Avalugg\n|-damage|p2a: Avalugg|75\/100\n|-heal|p1a: Haxorus|72\/100|[from] drain|[of] p2a: Avalugg\n|move|p2a: Avalugg|Spectral Thief|p1a: Haxorus\n|-damage|p1a: Haxorus|22\/100\n|\n|-heal|p2a: Avalugg|81\/100|[from] item: Leftovers\n|upkeep\n|turn|32\n|\n|t:|1700814506\n|switch|p2a: Ditto|Ditto|100\/100\n|-start|p2a: Ditto|typechange|Ground\/Flying|[silent]\n|-transform|p2a: Ditto|p1a: Haxorus|[from] ability: Imposter\n|-ability|p2a: Ditto|Mold Breaker\n|move|p1a: Haxorus|Bitter Blade|p2a: Ditto\n|-resisted|p2a: Ditto\n|-damage|p2a: Ditto|84\/100\n|-heal|p1a: Haxorus|30\/100|[from] drain|[of] p2a: Ditto\n|\n|upkeep\n|turn|33\n|\n|t:|1700814512\n|move|p2a: Ditto|Aqua Step|p1a: Haxorus\n|-damage|p1a: Haxorus|0 fnt\n|-boost|p2a: Ditto|spe|1\n|faint|p1a: Haxorus\n|\n|upkeep\n|\n|t:|1700814517\n|switch|p1a: Lopunny|Lopunny-Mega, F|8\/100\n|-start|p1a: Lopunny|typechange|Rock\/Fighting|[silent]\n|-damage|p1a: Lopunny|2\/100|[from] Stealth Rock\n|-damage|p1a: Lopunny|0 fnt|[from] Spikes\n|faint|p1a: Lopunny\n|\n|t:|1700814522\n|switch|p1a: Coalossal|Coalossal, F|98\/100\n|-start|p1a: Coalossal|typechange|Steel\/Bug|[silent]\n|-damage|p1a: Coalossal|86\/100|[from] Stealth Rock\n|-damage|p1a: Coalossal|73\/100|[from] Spikes\n|-start|p1a: Coalossal|typechange|Steel\/Bug|[silent]\n|turn|34\n|\n|t:|1700814526\n|switch|p2a: Alomomola|Alomomola, F|42\/100\n|-start|p2a: Alomomola|typechange|Water\/Ground|[silent]\n|move|p1a: Coalossal|Infestation|p2a: Alomomola\n|-crit|p2a: Alomomola\n|-damage|p2a: Alomomola|32\/100\n|-activate|p2a: Alomomola|move: Infestation|[of] p1a: Coalossal\n|-damage|p1a: Coalossal|57\/100|[from] item: Rocky Helmet|[of] p2a: Alomomola\n|\n|-damage|p2a: Alomomola|20\/100|[from] move: Infestation|[partiallytrapped]\n|upkeep\n|-start|p2a: Alomomola|typechange|Water\/Ground|[silent]\n|turn|35\n|\n|t:|1700814532\n|move|p2a: Alomomola|Flip Turn|p1a: Coalossal\n|-damage|p1a: Coalossal|47\/100\n|\n|t:|1700814535\n|switch|p2a: Avalugg|Avalugg-Hisui, M|81\/100|[from] Flip Turn\n|-start|p2a: Avalugg|typechange|Dark\/Ghost|[silent]\n|move|p1a: Coalossal|Heal Order|p1a: Coalossal\n|-heal|p1a: Coalossal|97\/100\n|\n|-heal|p2a: Avalugg|87\/100|[from] item: Leftovers\n|upkeep\n|-start|p2a: Avalugg|typechange|Dark\/Ghost|[silent]\n|turn|36\n|c|\u2606123321qw\u708e\u62f3\u4fa0|avalugg is so strong\n|\n|t:|1700814568\n|switch|p2a: Alomomola|Alomomola, F|53\/100\n|-start|p2a: Alomomola|typechange|Water\/Ground|[silent]\n|move|p1a: Coalossal|Anchor Shot|p2a: Alomomola\n|-resisted|p2a: Alomomola\n|-damage|p2a: Alomomola|47\/100\n|-activate|p2a: Alomomola|trapped\n|-damage|p1a: Coalossal|80\/100|[from] item: Rocky Helmet|[of] p2a: Alomomola\n|\n|upkeep\n|-start|p2a: Alomomola|typechange|Water\/Ground|[silent]\n|turn|37\n|c|\u2606Pure Hackmons|goes crazy yea\n|\n|t:|1700814576\n|switch|p1a: Alakazam|Alakazam, M|100\/100\n|-start|p1a: Alakazam|typechange|Fire\/Fairy|[silent]\n|move|p2a: Alomomola|Strength Sap|p1a: Alakazam\n|-unboost|p1a: Alakazam|atk|1\n|-heal|p2a: Alomomola|64\/100\n|\n|upkeep\n|-start|p1a: Alakazam|typechange|Fire\/Fairy|[silent]\n|turn|38\n|\n|t:|1700814581\n|switch|p2a: Slowking|Slowking, M|100\/100\n|-start|p2a: Slowking|typechange|Dark\/Poison|[silent]\n|move|p1a: Alakazam|Chloroblast|p2a: Slowking\n|-resisted|p2a: Slowking\n|-damage|p2a: Slowking|88\/100\n|\n|upkeep\n|-start|p2a: Slowking|typechange|Dark\/Poison|[silent]\n|turn|39\n|\n|t:|1700814590\n|move|p1a: Alakazam|Mind Blown|p2a: Slowking\n|-damage|p2a: Slowking|43\/100\n|move|p2a: Slowking|Knock Off|p1a: Alakazam\n|-resisted|p1a: Alakazam\n|-damage|p1a: Alakazam|69\/100\n|-enditem|p1a: Alakazam|Life Orb|[from] move: Knock Off|[of] p2a: Slowking\n|\n|upkeep\n|turn|40\n|\n|t:|1700814597\n|switch|p2a: Coalossal|Coalossal, F|60\/100\n|-start|p2a: Coalossal|typechange|Bug\/Steel|[silent]\n|move|p1a: Alakazam|Mind Blown|p2a: Coalossal\n|-start|p2a: Coalossal|ability: Flash Fire\n|\n|-heal|p2a: Coalossal|67\/100|[from] item: Leftovers\n|upkeep\n|-start|p2a: Coalossal|typechange|Bug\/Steel|[silent]\n|turn|41\n|\n|t:|1700814602\n|move|p1a: Alakazam|Light of Ruin|p2a: Coalossal\n|-resisted|p2a: Coalossal\n|-damage|p2a: Coalossal|39\/100\n|move|p2a: Coalossal|Heal Order|p2a: Coalossal\n|-heal|p2a: Coalossal|89\/100\n|\n|-heal|p2a: Coalossal|95\/100|[from] item: Leftovers\n|upkeep\n|turn|42\n|\n|t:|1700814611\n|move|p1a: Alakazam|Light of Ruin|p2a: Coalossal\n|-resisted|p2a: Coalossal\n|-damage|p2a: Coalossal|71\/100\n|move|p2a: Coalossal|Spectral Thief|p1a: Alakazam\n|-damage|p1a: Alakazam|27\/100\n|\n|-heal|p2a: Coalossal|77\/100|[from] item: Leftovers\n|upkeep\n|turn|43\n|\n|t:|1700814619\n|move|p1a: Alakazam|Light of Ruin|p2a: Coalossal\n|-resisted|p2a: Coalossal\n|-damage|p2a: Coalossal|50\/100\n|move|p2a: Coalossal|Spectral Thief|p1a: Alakazam\n|-damage|p1a: Alakazam|0 fnt\n|faint|p1a: Alakazam\n|\n|-heal|p2a: Coalossal|56\/100|[from] item: Leftovers\n|upkeep\n|\n|t:|1700814627\n|switch|p1a: Coalossal|Coalossal, F|80\/100\n|-start|p1a: Coalossal|typechange|Steel\/Bug|[silent]\n|-damage|p1a: Coalossal|68\/100|[from] Stealth Rock\n|-damage|p1a: Coalossal|55\/100|[from] Spikes\n|-start|p1a: Coalossal|typechange|Steel\/Bug|[silent]\n|turn|44\n|c|\u2606123321qw\u708e\u62f3\u4fa0|welp\n|c|\u2606123321qw\u708e\u62f3\u4fa0|gg\n|c|\u2606Pure Hackmons|gg\n|-message|123321qw\u708e\u62f3\u4fa0 forfeited.\n|\n|win|Pure Hackmons\n|n|\u2606123321qw\u708e\u62f3\u4fa0|123321qw\n|n|\u2606Pure Hackmons|purehackmons\n|l|\u2606Pure Hackmons\n|j| ShionShadows\n|l| ShionShadows\n","uploadtime":1700814641,"views":39,"p1id":"123321qw","p2id":"purehackmons","formatid":"gen9nationaldex","rating":0,"private":0,"password":""}