{"id":"gen9nationaldex-1989349574","p1":"biezouhaoma","p2":"Toxic Ariados","format":"[Gen 9] National Dex","log":"|j|\u203dbiezouhaoma\n|j|\u2606Toxic Ariados\n|t:|1699839359\n|gametype|singles\n|player|p1|biezouhaoma|bugcatcher-gen4dp|1716\n|player|p2|Toxic Ariados|lucas|1726\n|teamsize|p1|6\n|teamsize|p2|6\n|gen|9\n|tier|[Gen 9] National Dex\n|rated|\n|rule|HP Percentage Mod: HP is shown in percentages\n|rule|Endless Battle Clause: Forcing endless battles is banned\n|rule|OHKO Clause: OHKO moves are banned\n|rule|Evasion Clause: Evasion abilities, items, and moves are banned\n|rule|Evasion Abilities Clause: Evasion abilities are banned\n|rule|Evasion Items Clause: Evasion items are banned\n|rule|Evasion Moves Clause: Evasion moves are banned\n|rule|Species Clause: Limit one of each Pok\u00e9mon\n|rule|Sleep Clause Mod: Limit one foe put to sleep\n|clearpoke\n|poke|p1|Pelipper, F|\n|poke|p1|Barraskewda, M|\n|poke|p1|Garganacl, F|\n|poke|p1|Scizor, M|\n|poke|p1|Volcanion|\n|poke|p1|Iron Treads|\n|poke|p2|Grimmsnarl, M|\n|poke|p2|Okidogi, M|\n|poke|p2|Volcarona, F|\n|poke|p2|Great Tusk|\n|poke|p2|Ogerpon-Cornerstone, F|\n|poke|p2|Jirachi|\n|teampreview\n|inactive|Battle timer is ON: inactive players will automatically lose when time's up. (requested by biezouhaoma)\n|\n|t:|1699839363\n|start\n|switch|p1a: Iron Treads|Iron Treads|100\/100\n|switch|p2a: Solstice|Volcarona, F|100\/100\n|turn|1\n|\n|t:|1699839372\n|move|p1a: Iron Treads|Earthquake|p2a: Solstice\n|-damage|p2a: Solstice|47\/100\n|move|p2a: Solstice|Fiery Dance|p1a: Iron Treads\n|-supereffective|p1a: Iron Treads\n|-damage|p1a: Iron Treads|0 fnt\n|-boost|p2a: Solstice|spa|1\n|faint|p1a: Iron Treads\n|-end|p1a: Iron Treads|Quark Drive|[silent]\n|\n|upkeep\n|\n|t:|1699839378\n|switch|p1a: Barraskewda|Barraskewda, M|100\/100\n|turn|2\n|\n|t:|1699839385\n|switch|p2a: Diablo|Grimmsnarl, M|100\/100\n|move|p1a: Barraskewda|Flip Turn|p2a: Diablo\n|-damage|p2a: Diablo|51\/100\n|\n|t:|1699839389\n|switch|p1a: Scizor|Scizor, M|100\/100|[from] Flip Turn\n|\n|upkeep\n|turn|3\n|\n|t:|1699839393\n|switch|p2a: Solstice|Volcarona, F|47\/100\n|detailschange|p1a: Scizor|Scizor-Mega, M\n|-mega|p1a: Scizor|Scizor|Scizorite\n|move|p1a: Scizor|Bullet Punch|p2a: Solstice\n|-resisted|p2a: Solstice\n|-damage|p2a: Solstice|28\/100\n|\n|upkeep\n|turn|4\n|\n|t:|1699839396\n|move|p2a: Solstice|Fiery Dance|p1a: Scizor\n|-supereffective|p1a: Scizor\n|-damage|p1a: Scizor|0 fnt\n|faint|p1a: Scizor\n|\n|upkeep\n|\n|t:|1699839398\n|switch|p1a: Barraskewda|Barraskewda, M|100\/100\n|turn|5\n|\n|t:|1699839408\n|switch|p2a: Wrath|Okidogi, M|100\/100\n|move|p1a: Barraskewda|Liquidation|p2a: Wrath\n|-damage|p2a: Wrath|47\/100\n|\n|upkeep\n|turn|6\n|\n|t:|1699839416\n|move|p1a: Barraskewda|Liquidation|p2a: Wrath\n|-damage|p2a: Wrath|0 fnt\n|faint|p2a: Wrath\n|\n|upkeep\n|\n|t:|1699839418\n|switch|p2a: Diablo|Grimmsnarl, M|51\/100\n|turn|7\n|\n|t:|1699839421\n|move|p2a: Diablo|Reflect|p2a: Diablo\n|-sidestart|p2: Toxic Ariados|Reflect\n|move|p1a: Barraskewda|Liquidation|p2a: Diablo\n|-damage|p2a: Diablo|15\/100\n|\n|upkeep\n|turn|8\n|\n|t:|1699839426\n|move|p2a: Diablo|Light Screen|p2a: Diablo\n|-sidestart|p2: Toxic Ariados|move: Light Screen\n|move|p1a: Barraskewda|Liquidation|p2a: Diablo\n|-crit|p2a: Diablo\n|-damage|p2a: Diablo|0 fnt\n|faint|p2a: Diablo\n|\n|upkeep\n|\n|t:|1699839428\n|switch|p2a: Ogerpon|Ogerpon-Cornerstone, F|100\/100\n|turn|9\n|\n|t:|1699839439\n|switch|p1a: Garganacl|Garganacl, F|100\/100\n|move|p2a: Ogerpon|Horn Leech|p1a: Garganacl\n|-supereffective|p1a: Garganacl\n|-damage|p1a: Garganacl|38\/100\n|\n|-heal|p1a: Garganacl|44\/100|[from] item: Leftovers\n|upkeep\n|turn|10\n|\n|t:|1699839446\n|-terastallize|p1a: Garganacl|Dragon\n|move|p2a: Ogerpon|Swords Dance|p2a: Ogerpon\n|-boost|p2a: Ogerpon|atk|2\n|move|p1a: Garganacl|Iron Defense|p1a: Garganacl\n|-boost|p1a: Garganacl|def|2\n|\n|-heal|p1a: Garganacl|50\/100|[from] item: Leftovers\n|upkeep\n|turn|11\n|\n|t:|1699839452\n|-terastallize|p2a: Ogerpon|Rock\n|detailschange|p2a: Ogerpon|Ogerpon-Cornerstone-Tera, F, tera:Rock\n|-ability|p2a: Ogerpon|Embody Aspect (Cornerstone)|boost\n|-boost|p2a: Ogerpon|def|1\n|move|p2a: Ogerpon|Ivy Cudgel|p1a: Garganacl\n|-damage|p1a: Garganacl|0 fnt\n|faint|p1a: Garganacl\n|\n|upkeep\n|\n|t:|1699839461\n|switch|p1a: Barraskewda|Barraskewda, M|100\/100\n|turn|12\n|\n|t:|1699839467\n|move|p1a: Barraskewda|Flip Turn|p2a: Ogerpon\n|-supereffective|p2a: Ogerpon\n|-damage|p2a: Ogerpon|53\/100\n|\n|t:|1699839469\n|switch|p1a: Pelipper|Pelipper, F|100\/100|[from] Flip Turn\n|-weather|RainDance|[from] ability: Drizzle|[of] p1a: Pelipper\n|move|p2a: Ogerpon|Horn Leech|p1a: Pelipper\n|-damage|p1a: Pelipper|36\/100\n|-heal|p2a: Ogerpon|88\/100|[from] drain|[of] p1a: Pelipper\n|\n|-weather|RainDance|[upkeep]\n|upkeep\n|turn|13\n|\n|t:|1699839474\n|move|p2a: Ogerpon|Horn Leech|p1a: Pelipper\n|-damage|p1a: Pelipper|0 fnt\n|-heal|p2a: Ogerpon|100\/100|[from] drain|[of] p1a: Pelipper\n|faint|p1a: Pelipper\n|\n|-weather|RainDance|[upkeep]\n|upkeep\n|\n|t:|1699839476\n|switch|p1a: Barraskewda|Barraskewda, M|100\/100\n|turn|14\n|\n|t:|1699839486\n|move|p1a: Barraskewda|Flip Turn|p2a: Ogerpon\n|-supereffective|p2a: Ogerpon\n|-damage|p2a: Ogerpon|35\/100\n|\n|t:|1699839488\n|switch|p1a: Volcanion|Volcanion|100\/100|[from] Flip Turn\n|move|p2a: Ogerpon|Horn Leech|p1a: Volcanion\n|-damage|p1a: Volcanion|7\/100\n|-heal|p2a: Ogerpon|81\/100|[from] drain|[of] p1a: Volcanion\n|\n|-weather|RainDance|[upkeep]\n|-sideend|p2: Toxic Ariados|Reflect\n|upkeep\n|turn|15\n|\n|t:|1699839494\n|move|p2a: Ogerpon|Horn Leech|p1a: Volcanion\n|-damage|p1a: Volcanion|0 fnt\n|-heal|p2a: Ogerpon|85\/100|[from] drain|[of] p1a: Volcanion\n|faint|p1a: Volcanion\n|\n|-weather|RainDance|[upkeep]\n|-sideend|p2: Toxic Ariados|move: Light Screen\n|upkeep\n|\n|t:|1699839496\n|switch|p1a: Barraskewda|Barraskewda, M|100\/100\n|turn|16\n|\n|t:|1699839510\n|move|p1a: Barraskewda|Liquidation|p2a: Ogerpon\n|-supereffective|p2a: Ogerpon\n|-damage|p2a: Ogerpon|0 fnt\n|faint|p2a: Ogerpon\n|\n|-weather|RainDance|[upkeep]\n|upkeep\n|\n|t:|1699839513\n|switch|p2a: Solstice|Volcarona, F|28\/100\n|turn|17\n|\n|t:|1699839515\n|move|p1a: Barraskewda|Liquidation|p2a: Solstice\n|-supereffective|p2a: Solstice\n|-damage|p2a: Solstice|0 fnt\n|faint|p2a: Solstice\n|\n|-weather|RainDance|[upkeep]\n|upkeep\n|\n|t:|1699839519\n|switch|p2a: Stardust|Jirachi, shiny|100\/100\n|turn|18\n|\n|t:|1699839528\n|move|p1a: Barraskewda|Liquidation|p2a: Stardust\n|-damage|p2a: Stardust|0 fnt\n|faint|p2a: Stardust\n|\n|-weather|RainDance|[upkeep]\n|upkeep\n|\n|t:|1699839530\n|switch|p2a: Bedrock|Great Tusk|100\/100\n|turn|19\n|\n|t:|1699839532\n|move|p1a: Barraskewda|Liquidation|p2a: Bedrock\n|-supereffective|p2a: Bedrock\n|-damage|p2a: Bedrock|0 fnt\n|faint|p2a: Bedrock\n|-end|p2a: Bedrock|Protosynthesis|[silent]\n|\n|win|biezouhaoma\n|raw|biezouhaoma's rating: 1716 &rarr; <strong>1737<\/strong><br \/>(+21 for winning)\n|raw|Toxic Ariados's rating: 1726 &rarr; <strong>1705<\/strong><br \/>(-21 for losing)\n|c|\u2606Toxic Ariados|gg\n|l|\u2606Toxic Ariados\n","uploadtime":1699839548,"views":7,"p1id":"biezouhaoma","p2id":"toxicariados","formatid":"gen9nationaldex","rating":1705,"private":0,"password":""}