{"id":"gen9nationaldex-1992202956","p1":"mastro uccello","p2":"Hi my name is Goku","format":"[Gen 9] National Dex","log":"|j|\u2606mastro uccello\n|j|\u2606Hi my name is Goku\n|t:|1700163543\n|gametype|singles\n|player|p1|mastro uccello|guitarist-gen4|1427\n|player|p2|Hi my name is Goku|blackbelt-gen4dp|1466\n|teamsize|p1|6\n|teamsize|p2|6\n|gen|9\n|tier|[Gen 9] National Dex\n|rated|\n|rule|HP Percentage Mod: HP is shown in percentages\n|rule|Endless Battle Clause: Forcing endless battles is banned\n|rule|OHKO Clause: OHKO moves are banned\n|rule|Evasion Clause: Evasion abilities, items, and moves are banned\n|rule|Evasion Abilities Clause: Evasion abilities are banned\n|rule|Evasion Items Clause: Evasion items are banned\n|rule|Evasion Moves Clause: Evasion moves are banned\n|rule|Species Clause: Limit one of each Pok\u00e9mon\n|rule|Sleep Clause Mod: Limit one foe put to sleep\n|clearpoke\n|poke|p1|Musharna, F|\n|poke|p1|Furfrou-Dandy, M|\n|poke|p1|Gardevoir, M|\n|poke|p1|Raichu-Alola, M|\n|poke|p1|Sandy Shocks|\n|poke|p1|Mesprit|\n|poke|p2|Garchomp, M|\n|poke|p2|Kommo-o, M|\n|poke|p2|Goodra-Hisui, M|\n|poke|p2|Salamence, M|\n|poke|p2|Dipplin, M|\n|poke|p2|Kyurem|\n|teampreview\n|inactive|Battle timer is ON: inactive players will automatically lose when time's up. (requested by mastro uccello)\n|inactive|mastro uccello has 120 seconds left.\n|inactive|mastro uccello has 90 seconds left.\n|\n|t:|1700163612\n|start\n|switch|p1a: Terrorist 2|Mesprit|100\/100\n|switch|p2a: Boeing 777|Garchomp, M, shiny|100\/100\n|turn|1\n|\n|t:|1700163619\n|move|p2a: Boeing 777|Stealth Rock|p1a: Terrorist 2\n|-sidestart|p1: mastro uccello|move: Stealth Rock\n|move|p1a: Terrorist 2|Ice Beam|p2a: Boeing 777\n|-supereffective|p2a: Boeing 777\n|-damage|p2a: Boeing 777|0 fnt\n|faint|p2a: Boeing 777\n|\n|upkeep\n|\n|t:|1700163627\n|switch|p2a: Swiffer Jet|Kommo-o, M, shiny|100\/100\n|turn|2\n|\n|t:|1700163630\n|-zpower|p2a: Swiffer Jet\n|move|p2a: Swiffer Jet|Clangorous Soulblaze|p1a: Terrorist 2|[zeffect]\n|-damage|p1a: Terrorist 2|65\/100\n|-boost|p2a: Swiffer Jet|atk|1\n|-boost|p2a: Swiffer Jet|def|1\n|-boost|p2a: Swiffer Jet|spa|1\n|-boost|p2a: Swiffer Jet|spd|1\n|-boost|p2a: Swiffer Jet|spe|1\n|move|p1a: Terrorist 2|Dazzling Gleam|p2a: Swiffer Jet\n|-supereffective|p2a: Swiffer Jet\n|-damage|p2a: Swiffer Jet|14\/100\n|\n|upkeep\n|turn|3\n|\n|t:|1700163646\n|move|p2a: Swiffer Jet|Clanging Scales|p1a: Terrorist 2\n|-damage|p1a: Terrorist 2|31\/100\n|-unboost|p2a: Swiffer Jet|def|1\n|move|p1a: Terrorist 2|Dazzling Gleam|p2a: Swiffer Jet\n|-supereffective|p2a: Swiffer Jet\n|-damage|p2a: Swiffer Jet|0 fnt\n|faint|p2a: Swiffer Jet\n|\n|upkeep\n|\n|t:|1700163650\n|switch|p2a: The cave|Kyurem|100\/100\n|-ability|p2a: The cave|Pressure\n|turn|4\n|\n|t:|1700163657\n|move|p2a: The cave|Scale Shot|p1a: Terrorist 2\n|-damage|p1a: Terrorist 2|16\/100\n|-damage|p1a: Terrorist 2|0 fnt\n|faint|p1a: Terrorist 2\n|-hitcount|p1: Terrorist 2|2\n|-unboost|p2a: The cave|def|1\n|-boost|p2a: The cave|spe|1\n|\n|upkeep\n|\n|t:|1700163665\n|switch|p1a: Arceus cane|Furfrou-Dandy, M|100\/100\n|-damage|p1a: Arceus cane|88\/100|[from] Stealth Rock\n|turn|5\n|\n|t:|1700163676\n|move|p2a: The cave|Scale Shot|p1a: Arceus cane\n|-damage|p1a: Arceus cane|80\/100\n|-damage|p1a: Arceus cane|73\/100\n|-damage|p1a: Arceus cane|66\/100\n|-damage|p1a: Arceus cane|59\/100\n|-damage|p1a: Arceus cane|52\/100\n|-hitcount|p1a: Arceus cane|5\n|-unboost|p2a: The cave|def|1\n|-boost|p2a: The cave|spe|1\n|move|p1a: Arceus cane|Cotton Guard|p1a: Arceus cane\n|-boost|p1a: Arceus cane|def|3\n|\n|-heal|p1a: Arceus cane|58\/100|[from] item: Leftovers\n|upkeep\n|turn|6\n|\n|t:|1700163689\n|move|p2a: The cave|Scale Shot|p1a: Arceus cane\n|-damage|p1a: Arceus cane|56\/100\n|-damage|p1a: Arceus cane|53\/100\n|-damage|p1a: Arceus cane|50\/100\n|-damage|p1a: Arceus cane|47\/100\n|-hitcount|p1a: Arceus cane|4\n|-unboost|p2a: The cave|def|1\n|-boost|p2a: The cave|spe|1\n|move|p1a: Arceus cane|Toxic|p2a: The cave\n|-status|p2a: The cave|tox\n|\n|-heal|p1a: Arceus cane|54\/100|[from] item: Leftovers\n|-damage|p2a: The cave|94\/100 tox|[from] psn\n|upkeep\n|turn|7\n|\n|t:|1700163700\n|switch|p2a: Dripplin Gapple|Dipplin, M, shiny|100\/100\n|move|p1a: Arceus cane|Return|p2a: Dripplin Gapple\n|-damage|p2a: Dripplin Gapple|89\/100\n|\n|-heal|p1a: Arceus cane|60\/100|[from] item: Leftovers\n|upkeep\n|turn|8\n|\n|t:|1700163710\n|-terastallize|p2a: Dripplin Gapple|Poison\n|move|p1a: Arceus cane|Toxic|p2a: Dripplin Gapple\n|-immune|p2a: Dripplin Gapple\n|move|p2a: Dripplin Gapple|Tera Blast|p1a: Arceus cane|[anim] Tera Blast Poison\n|-damage|p1a: Arceus cane|30\/100\n|\n|-heal|p1a: Arceus cane|36\/100|[from] item: Leftovers\n|upkeep\n|turn|9\n|\n|t:|1700163727\n|switch|p1a: Fetuso|Musharna, F|100\/100\n|-damage|p1a: Fetuso|88\/100|[from] Stealth Rock\n|move|p2a: Dripplin Gapple|Giga Drain|p1a: Fetuso\n|-crit|p1a: Fetuso\n|-damage|p1a: Fetuso|59\/100\n|-heal|p2a: Dripplin Gapple|100\/100|[from] drain|[of] p1a: Fetuso\n|\n|-heal|p1a: Fetuso|65\/100|[from] item: Leftovers\n|upkeep\n|turn|10\n|\n|t:|1700163734\n|switch|p2a: Big tail|Goodra-Hisui, M, shiny|100\/100\n|move|p1a: Fetuso|Calm Mind|p1a: Fetuso\n|-boost|p1a: Fetuso|spa|1\n|-boost|p1a: Fetuso|spd|1\n|\n|-heal|p1a: Fetuso|72\/100|[from] item: Leftovers\n|upkeep\n|turn|11\n|\n|t:|1700163745\n|move|p2a: Big tail|Knock Off|p1a: Fetuso\n|-supereffective|p1a: Fetuso\n|-damage|p1a: Fetuso|21\/100\n|-enditem|p1a: Fetuso|Leftovers|[from] move: Knock Off|[of] p2a: Big tail\n|move|p1a: Fetuso|Moonlight|p1a: Fetuso\n|-heal|p1a: Fetuso|71\/100\n|\n|upkeep\n|turn|12\n|\n|t:|1700163752\n|move|p1a: Fetuso|Moonlight|p1a: Fetuso\n|-heal|p1a: Fetuso|100\/100\n|move|p2a: Big tail|Dragon Tail|p1a: Fetuso\n|-damage|p1a: Fetuso|74\/100\n|drag|p1a: Arceus cane|Furfrou-Dandy, M|36\/100\n|-damage|p1a: Arceus cane|24\/100|[from] Stealth Rock\n|\n|-heal|p1a: Arceus cane|30\/100|[from] item: Leftovers\n|upkeep\n|turn|13\n|\n|t:|1700163764\n|move|p1a: Arceus cane|Rest|p1a: Arceus cane\n|-status|p1a: Arceus cane|slp|[from] move: Rest\n|-heal|p1a: Arceus cane|100\/100 slp|[silent]\n|move|p2a: Big tail|Dragon Tail|p1a: Arceus cane\n|-damage|p1a: Arceus cane|86\/100 slp\n|drag|p1a: Waifu suprema|Gardevoir, M|100\/100\n|-damage|p1a: Waifu suprema|88\/100|[from] Stealth Rock\n|-ability|p1a: Waifu suprema|Shell Armor|[from] ability: Trace|[of] p2a: Big tail\n|\n|upkeep\n|turn|14\n|\n|t:|1700163789\n|switch|p1a: Arceus cane|Furfrou-Dandy, M|86\/100 slp\n|-damage|p1a: Arceus cane|74\/100 slp|[from] Stealth Rock\n|move|p2a: Big tail|Iron Head|p1a: Arceus cane\n|-damage|p1a: Arceus cane|56\/100 slp\n|\n|-heal|p1a: Arceus cane|62\/100 slp|[from] item: Leftovers\n|upkeep\n|turn|15\n|\n|t:|1700163796\n|cant|p1a: Arceus cane|slp\n|move|p2a: Big tail|Knock Off|p1a: Arceus cane\n|-damage|p1a: Arceus cane|46\/100 slp\n|-enditem|p1a: Arceus cane|Leftovers|[from] move: Knock Off|[of] p2a: Big tail\n|\n|upkeep\n|turn|16\n|\n|t:|1700163801\n|cant|p1a: Arceus cane|slp\n|move|p2a: Big tail|Dragon Tail|p1a: Arceus cane\n|-damage|p1a: Arceus cane|32\/100 slp\n|drag|p1a: Fetuso|Musharna, F|74\/100\n|-damage|p1a: Fetuso|62\/100|[from] Stealth Rock\n|\n|upkeep\n|turn|17\n|\n|t:|1700163807\n|move|p2a: Big tail|Knock Off|p1a: Fetuso\n|-supereffective|p1a: Fetuso\n|-damage|p1a: Fetuso|23\/100\n|move|p1a: Fetuso|Moonlight|p1a: Fetuso\n|-heal|p1a: Fetuso|73\/100\n|\n|upkeep\n|turn|18\n|\n|t:|1700163813\n|move|p1a: Fetuso|Moonblast|p2a: Big tail\n|-damage|p2a: Big tail|86\/100\n|move|p2a: Big tail|Dragon Tail|p1a: Fetuso\n|-damage|p1a: Fetuso|48\/100\n|drag|p1a: Fagiolante|Raichu-Alola, M|100\/100\n|-damage|p1a: Fagiolante|88\/100|[from] Stealth Rock\n|\n|upkeep\n|turn|19\n|\n|t:|1700163829\n|move|p1a: Fagiolante|Focus Blast|p2a: Big tail\n|-supereffective|p2a: Big tail\n|-damage|p2a: Big tail|52\/100\n|move|p2a: Big tail|Knock Off|p1a: Fagiolante\n|-supereffective|p1a: Fagiolante\n|-crit|p1a: Fagiolante\n|-damage|p1a: Fagiolante|0 fnt\n|-enditem|p1a: Fagiolante|Magnet|[from] move: Knock Off|[of] p2a: Big tail\n|faint|p1a: Fagiolante\n|\n|upkeep\n|\n|t:|1700163837\n|switch|p1a: Peldascella|Sandy Shocks|100\/100\n|-damage|p1a: Peldascella|94\/100|[from] Stealth Rock\n|-enditem|p1a: Peldascella|Booster Energy\n|-activate|p1a: Peldascella|ability: Protosynthesis|[fromitem]\n|-start|p1a: Peldascella|protosynthesisspa\n|turn|20\n|\n|t:|1700163844\n|move|p1a: Peldascella|Earth Power|p2a: Big tail\n|-supereffective|p2a: Big tail\n|-damage|p2a: Big tail|5\/100\n|move|p2a: Big tail|Ice Spinner|p1a: Peldascella\n|-supereffective|p1a: Peldascella\n|-damage|p1a: Peldascella|34\/100\n|\n|upkeep\n|turn|21\n|\n|t:|1700163851\n|move|p1a: Peldascella|Thunderbolt|p2a: Big tail\n|-resisted|p2a: Big tail\n|-damage|p2a: Big tail|0 fnt\n|faint|p2a: Big tail\n|\n|upkeep\n|\n|t:|1700163854\n|switch|p2a: Dripplin Gapple|Dipplin, M, shiny, tera:Poison|100\/100\n|turn|22\n|\n|t:|1700163865\n|move|p1a: Peldascella|Thunder Wave|p2a: Dripplin Gapple\n|-status|p2a: Dripplin Gapple|par\n|move|p2a: Dripplin Gapple|Giga Drain|p1a: Peldascella\n|-supereffective|p1a: Peldascella\n|-damage|p1a: Peldascella|0 fnt\n|faint|p1a: Peldascella\n|-end|p1a: Peldascella|Protosynthesis|[silent]\n|\n|upkeep\n|\n|t:|1700163878\n|switch|p1a: Fetuso|Musharna, F|48\/100\n|-damage|p1a: Fetuso|36\/100|[from] Stealth Rock\n|turn|23\n|\n|t:|1700163889\n|move|p1a: Fetuso|Moonlight|p1a: Fetuso\n|-heal|p1a: Fetuso|86\/100\n|move|p2a: Dripplin Gapple|Dragon Tail|p1a: Fetuso\n|-damage|p1a: Fetuso|71\/100\n|drag|p1a: Arceus cane|Furfrou-Dandy, M|32\/100 slp\n|-damage|p1a: Arceus cane|19\/100 slp|[from] Stealth Rock\n|\n|upkeep\n|turn|24\n|\n|t:|1700163896\n|-curestatus|p1a: Arceus cane|slp|[msg]\n|move|p1a: Arceus cane|Rest|p1a: Arceus cane\n|-status|p1a: Arceus cane|slp|[from] move: Rest\n|-heal|p1a: Arceus cane|100\/100 slp|[silent]\n|move|p2a: Dripplin Gapple|Tera Blast|p1a: Arceus cane|[anim] Tera Blast Poison\n|-damage|p1a: Arceus cane|70\/100 slp\n|\n|upkeep\n|turn|25\n|\n|t:|1700163905\n|cant|p1a: Arceus cane|slp\n|move|p2a: Dripplin Gapple|Tera Blast|p1a: Arceus cane|[anim] Tera Blast Poison\n|-damage|p1a: Arceus cane|43\/100 slp\n|\n|upkeep\n|turn|26\n|\n|t:|1700163911\n|cant|p1a: Arceus cane|slp\n|move|p2a: Dripplin Gapple|Dragon Tail|p1a: Arceus cane\n|-damage|p1a: Arceus cane|35\/100 slp\n|drag|p1a: Waifu suprema|Gardevoir, M|88\/100\n|-damage|p1a: Waifu suprema|76\/100|[from] Stealth Rock\n|-ability|p1a: Waifu suprema|Sticky Hold|[from] ability: Trace|[of] p2a: Dripplin Gapple\n|\n|upkeep\n|turn|27\n|\n|t:|1700163928\n|move|p1a: Waifu suprema|Psychic|p2a: Dripplin Gapple\n|-supereffective|p2a: Dripplin Gapple\n|-damage|p2a: Dripplin Gapple|34\/100 par\n|move|p2a: Dripplin Gapple|Tera Blast|p1a: Waifu suprema|[anim] Tera Blast Poison\n|-supereffective|p1a: Waifu suprema\n|-damage|p1a: Waifu suprema|23\/100\n|\n|upkeep\n|turn|28\n|\n|t:|1700163933\n|move|p1a: Waifu suprema|Psychic|p2a: Dripplin Gapple\n|-supereffective|p2a: Dripplin Gapple\n|-damage|p2a: Dripplin Gapple|0 fnt\n|faint|p2a: Dripplin Gapple\n|\n|upkeep\n|\n|t:|1700163942\n|switch|p2a: Smaug|Salamence, M, shiny|100\/100\n|turn|29\n|\n|t:|1700163947\n|move|p1a: Waifu suprema|Psychic|p2a: Smaug\n|-damage|p2a: Smaug|42\/100\n|move|p2a: Smaug|Fire Fang|p1a: Waifu suprema\n|-damage|p1a: Waifu suprema|0 fnt\n|faint|p1a: Waifu suprema\n|-ability|p2a: Smaug|Moxie|boost\n|-boost|p2a: Smaug|atk|1\n|\n|-heal|p2a: Smaug|48\/100|[from] item: Leftovers\n|upkeep\n|\n|t:|1700163955\n|switch|p1a: Arceus cane|Furfrou-Dandy, M|35\/100 slp\n|-damage|p1a: Arceus cane|23\/100 slp|[from] Stealth Rock\n|turn|30\n|\n|t:|1700163960\n|move|p2a: Smaug|Dragon Dance|p2a: Smaug\n|-boost|p2a: Smaug|atk|1\n|-boost|p2a: Smaug|spe|1\n|-curestatus|p1a: Arceus cane|slp|[msg]\n|move|p1a: Arceus cane|Rest|p1a: Arceus cane\n|-status|p1a: Arceus cane|slp|[from] move: Rest\n|-heal|p1a: Arceus cane|100\/100 slp|[silent]\n|\n|-heal|p2a: Smaug|54\/100|[from] item: Leftovers\n|upkeep\n|turn|31\n|\n|t:|1700163970\n|move|p2a: Smaug|Dragon Dance|p2a: Smaug\n|-boost|p2a: Smaug|atk|1\n|-boost|p2a: Smaug|spe|1\n|cant|p1a: Arceus cane|slp\n|\n|-heal|p2a: Smaug|60\/100|[from] item: Leftovers\n|upkeep\n|turn|32\n|\n|t:|1700163976\n|move|p2a: Smaug|Roost|p2a: Smaug\n|-heal|p2a: Smaug|100\/100\n|-singleturn|p2a: Smaug|move: Roost\n|cant|p1a: Arceus cane|slp\n|\n|upkeep\n|turn|33\n|\n|t:|1700163993\n|move|p2a: Smaug|Dragon Claw|p1a: Arceus cane\n|-damage|p1a: Arceus cane|43\/100 slp\n|-curestatus|p1a: Arceus cane|slp|[msg]\n|move|p1a: Arceus cane|Cotton Guard|p1a: Arceus cane\n|-boost|p1a: Arceus cane|def|3\n|\n|upkeep\n|turn|34\n|\n|t:|1700163998\n|move|p2a: Smaug|Dragon Claw|p1a: Arceus cane\n|-damage|p1a: Arceus cane|21\/100\n|move|p1a: Arceus cane|Cotton Guard|p1a: Arceus cane\n|-boost|p1a: Arceus cane|def|3\n|\n|upkeep\n|turn|35\n|\n|t:|1700164001\n|move|p2a: Smaug|Dragon Claw|p1a: Arceus cane\n|-damage|p1a: Arceus cane|8\/100\n|move|p1a: Arceus cane|Rest|p1a: Arceus cane\n|-status|p1a: Arceus cane|slp|[from] move: Rest\n|-heal|p1a: Arceus cane|100\/100 slp|[silent]\n|\n|upkeep\n|turn|36\n|\n|t:|1700164006\n|move|p2a: Smaug|Dragon Dance|p2a: Smaug\n|-boost|p2a: Smaug|atk|1\n|-boost|p2a: Smaug|spe|1\n|cant|p1a: Arceus cane|slp\n|\n|upkeep\n|turn|37\n|\n|t:|1700164018\n|move|p2a: Smaug|Dragon Claw|p1a: Arceus cane\n|-damage|p1a: Arceus cane|84\/100 slp\n|cant|p1a: Arceus cane|slp\n|\n|upkeep\n|turn|38\n|\n|t:|1700164023\n|move|p2a: Smaug|Dragon Claw|p1a: Arceus cane\n|-damage|p1a: Arceus cane|68\/100 slp\n|-curestatus|p1a: Arceus cane|slp|[msg]\n|move|p1a: Arceus cane|Toxic|p2a: Smaug\n|-status|p2a: Smaug|tox\n|\n|-damage|p2a: Smaug|94\/100 tox|[from] psn\n|upkeep\n|turn|39\n|\n|t:|1700164028\n|move|p2a: Smaug|Dragon Claw|p1a: Arceus cane\n|-damage|p1a: Arceus cane|51\/100\n|move|p1a: Arceus cane|Return|p2a: Smaug\n|-damage|p2a: Smaug|55\/100 tox\n|\n|-heal|p2a: Smaug|62\/100 tox|[from] item: Leftovers\n|-damage|p2a: Smaug|49\/100 tox|[from] psn\n|upkeep\n|turn|40\n|\n|t:|1700164035\n|move|p2a: Smaug|Roost|p2a: Smaug\n|-heal|p2a: Smaug|99\/100 tox\n|-singleturn|p2a: Smaug|move: Roost\n|move|p1a: Arceus cane|Rest|p1a: Arceus cane\n|-status|p1a: Arceus cane|slp|[from] move: Rest\n|-heal|p1a: Arceus cane|100\/100 slp|[silent]\n|\n|-heal|p2a: Smaug|100\/100 tox|[from] item: Leftovers\n|-damage|p2a: Smaug|82\/100 tox|[from] psn\n|upkeep\n|turn|41\n|\n|t:|1700164051\n|move|p2a: Smaug|Dragon Dance|p2a: Smaug\n|-boost|p2a: Smaug|atk|1\n|-boost|p2a: Smaug|spe|1\n|cant|p1a: Arceus cane|slp\n|\n|-heal|p2a: Smaug|88\/100 tox|[from] item: Leftovers\n|-damage|p2a: Smaug|64\/100 tox|[from] psn\n|upkeep\n|turn|42\n|\n|t:|1700164059\n|move|p2a: Smaug|Dragon Dance|p2a: Smaug\n|-boost|p2a: Smaug|atk|1\n|-boost|p2a: Smaug|spe|1\n|cant|p1a: Arceus cane|slp\n|\n|-heal|p2a: Smaug|70\/100 tox|[from] item: Leftovers\n|-damage|p2a: Smaug|40\/100 tox|[from] psn\n|upkeep\n|turn|43\n|\n|t:|1700164063\n|move|p2a: Smaug|Roost|p2a: Smaug\n|-heal|p2a: Smaug|90\/100 tox\n|-singleturn|p2a: Smaug|move: Roost\n|-curestatus|p1a: Arceus cane|slp|[msg]\n|move|p1a: Arceus cane|Return|p2a: Smaug\n|-damage|p2a: Smaug|53\/100 tox\n|\n|-heal|p2a: Smaug|59\/100 tox|[from] item: Leftovers\n|-damage|p2a: Smaug|23\/100 tox|[from] psn\n|upkeep\n|turn|44\n|\n|t:|1700164075\n|move|p2a: Smaug|Dragon Claw|p1a: Arceus cane\n|-damage|p1a: Arceus cane|79\/100\n|move|p1a: Arceus cane|Return|p2a: Smaug\n|-damage|p2a: Smaug|0 fnt\n|faint|p2a: Smaug\n|\n|upkeep\n|\n|t:|1700164078\n|switch|p2a: The cave|Kyurem|94\/100 tox\n|-ability|p2a: The cave|Pressure\n|turn|45\n|\n|t:|1700164086\n|move|p1a: Arceus cane|Return|p2a: The cave\n|-damage|p2a: The cave|72\/100 tox\n|move|p2a: The cave|Scale Shot|p1a: Arceus cane\n|-damage|p1a: Arceus cane|77\/100\n|-damage|p1a: Arceus cane|75\/100\n|-crit|p1a: Arceus cane\n|-damage|p1a: Arceus cane|65\/100\n|-damage|p1a: Arceus cane|63\/100\n|-hitcount|p1a: Arceus cane|4\n|-unboost|p2a: The cave|def|1\n|-boost|p2a: The cave|spe|1\n|\n|-damage|p2a: The cave|66\/100 tox|[from] psn\n|upkeep\n|turn|46\n|\n|t:|1700164098\n|move|p2a: The cave|Icicle Spear|p1a: Arceus cane\n|-damage|p1a: Arceus cane|61\/100\n|-damage|p1a: Arceus cane|59\/100\n|-damage|p1a: Arceus cane|57\/100\n|-damage|p1a: Arceus cane|54\/100\n|-hitcount|p1a: Arceus cane|4\n|move|p1a: Arceus cane|Return|p2a: The cave\n|-damage|p2a: The cave|29\/100 tox\n|\n|-damage|p2a: The cave|17\/100 tox|[from] psn\n|upkeep\n|turn|47\n|\n|t:|1700164111\n|move|p2a: The cave|Roost|p2a: The cave\n|-heal|p2a: The cave|67\/100 tox\n|-singleturn|p2a: The cave|move: Roost\n|move|p1a: Arceus cane|Rest|p1a: Arceus cane\n|-status|p1a: Arceus cane|slp|[from] move: Rest\n|-heal|p1a: Arceus cane|100\/100 slp|[silent]\n|\n|-damage|p2a: The cave|48\/100 tox|[from] psn\n|upkeep\n|turn|48\n|\n|t:|1700164120\n|move|p2a: The cave|Roost|p2a: The cave\n|-heal|p2a: The cave|98\/100 tox\n|-singleturn|p2a: The cave|move: Roost\n|cant|p1a: Arceus cane|slp\n|\n|-damage|p2a: The cave|74\/100 tox|[from] psn\n|upkeep\n|turn|49\n|\n|t:|1700164142\n|move|p2a: The cave|Stone Edge|p1a: Arceus cane\n|-damage|p1a: Arceus cane|96\/100 slp\n|cant|p1a: Arceus cane|slp\n|\n|-damage|p2a: The cave|43\/100 tox|[from] psn\n|upkeep\n|turn|50\n|\n|t:|1700164148\n|move|p2a: The cave|Roost|p2a: The cave\n|-heal|p2a: The cave|93\/100 tox\n|-singleturn|p2a: The cave|move: Roost\n|-curestatus|p1a: Arceus cane|slp|[msg]\n|move|p1a: Arceus cane|Return|p2a: The cave\n|-crit|p2a: The cave\n|-damage|p2a: The cave|43\/100 tox\n|\n|-damage|p2a: The cave|6\/100 tox|[from] psn\n|upkeep\n|turn|51\n|\n|t:|1700164162\n|move|p2a: The cave|Roost|p2a: The cave\n|-heal|p2a: The cave|56\/100 tox\n|-singleturn|p2a: The cave|move: Roost\n|move|p1a: Arceus cane|Rest|p1a: Arceus cane\n|-status|p1a: Arceus cane|slp|[from] move: Rest\n|-heal|p1a: Arceus cane|100\/100 slp|[silent]\n|\n|-damage|p2a: The cave|13\/100 tox|[from] psn\n|upkeep\n|turn|52\n|\n|t:|1700164175\n|move|p2a: The cave|Roost|p2a: The cave\n|-heal|p2a: The cave|63\/100 tox\n|-singleturn|p2a: The cave|move: Roost\n|cant|p1a: Arceus cane|slp\n|\n|-damage|p2a: The cave|13\/100 tox|[from] psn\n|upkeep\n|turn|53\n|\n|t:|1700164185\n|move|p2a: The cave|Roost|p2a: The cave\n|-heal|p2a: The cave|63\/100 tox\n|-singleturn|p2a: The cave|move: Roost\n|cant|p1a: Arceus cane|slp\n|\n|-damage|p2a: The cave|8\/100 tox|[from] psn\n|upkeep\n|turn|54\n|\n|t:|1700164194\n|move|p2a: The cave|Roost|p2a: The cave\n|-heal|p2a: The cave|58\/100 tox\n|-singleturn|p2a: The cave|move: Roost\n|-curestatus|p1a: Arceus cane|slp|[msg]\n|move|p1a: Arceus cane|Return|p2a: The cave\n|-damage|p2a: The cave|24\/100 tox\n|\n|-damage|p2a: The cave|0 fnt|[from] psn\n|faint|p2a: The cave\n|\n|win|mastro uccello\n|upkeep\n|raw|mastro uccello's rating: 1427 &rarr; <strong>1449<\/strong><br \/>(+22 for winning)\n|raw|Hi my name is Goku's rating: 1466 &rarr; <strong>1444<\/strong><br \/>(-22 for losing)\n|l|\u2606Hi my name is Goku\n","uploadtime":1700164206,"views":21,"p1id":"mastrouccello","p2id":"himynameisgoku","formatid":"gen9nationaldex","rating":1444,"private":0,"password":""}