{"id":"gen9nationaldex-1999157183","p1":"Sleepinghhxh","p2":"Rigel509","format":"[Gen 9] National Dex","log":"|html|<div class=\"broadcast-blue\"><strong>[Gen 9] National Dex is currently suspecting Sneasler! For information on how to participate check out the <a href=\"https:\/\/www.smogon.com\/forums\/threads\/sv-national-dex-suspect-8-just-dance.3731534\/\">suspect thread<\/a>.<\/strong><\/div>\n|j|\u2606Sleepinghhxh\n|j|\u2606Rigel509\n|t:|1701039443\n|gametype|singles\n|player|p1|Sleepinghhxh|penny|1392\n|player|p2|Rigel509|102|1521\n|teamsize|p1|6\n|teamsize|p2|6\n|gen|9\n|tier|[Gen 9] National Dex\n|rated|\n|rule|HP Percentage Mod: HP is shown in percentages\n|rule|Endless Battle Clause: Forcing endless battles is banned\n|rule|OHKO Clause: OHKO moves are banned\n|rule|Evasion Clause: Evasion abilities, items, and moves are banned\n|rule|Evasion Abilities Clause: Evasion abilities are banned\n|rule|Evasion Items Clause: Evasion items are banned\n|rule|Evasion Moves Clause: Evasion moves are banned\n|rule|Species Clause: Limit one of each Pok\u00e9mon\n|rule|Sleep Clause Mod: Limit one foe put to sleep\n|clearpoke\n|poke|p1|Zamazenta-*|\n|poke|p1|Zapdos|\n|poke|p1|Ceruledge, M|\n|poke|p1|Bisharp, M|\n|poke|p1|Ogerpon-Wellspring, F|\n|poke|p1|Banette, M|\n|poke|p2|Kartana|\n|poke|p2|Cinderace, M|\n|poke|p2|Landorus-Therian, M|\n|poke|p2|Kyurem|\n|poke|p2|Toxapex, M|\n|poke|p2|Mawile, F|\n|teampreview\n|inactive|Battle timer is ON: inactive players will automatically lose when time's up. (requested by Rigel509)\n|\n|t:|1701039455\n|start\n|switch|p1a: Zamazenta|Zamazenta|100\/100\n|switch|p2a: Cinderace|Cinderace, M|100\/100\n|-ability|p1a: Zamazenta|Dauntless Shield|boost\n|-boost|p1a: Zamazenta|def|1\n|turn|1\n|\n|t:|1701039459\n|move|p2a: Cinderace|U-turn|p1a: Zamazenta\n|-start|p2a: Cinderace|typechange|Bug|[from] ability: Libero\n|-resisted|p1a: Zamazenta\n|-damage|p1a: Zamazenta|93\/100\n|\n|t:|1701039460\n|switch|p2a: Toxapex|Toxapex, M|100\/100|[from] U-turn\n|move|p1a: Zamazenta|Iron Defense|p1a: Zamazenta\n|-boost|p1a: Zamazenta|def|2\n|\n|-heal|p1a: Zamazenta|99\/100|[from] item: Leftovers\n|upkeep\n|turn|2\n|\n|t:|1701039466\n|switch|p1a: Zapdos|Zapdos, shiny|100\/100\n|move|p2a: Toxapex|Haze|p2a: Toxapex\n|-clearallboost\n|\n|upkeep\n|turn|3\n|\n|t:|1701039470\n|switch|p2a: Kyurem|Kyurem|100\/100\n|-ability|p2a: Kyurem|Pressure\n|move|p1a: Zapdos|Volt Switch|p2a: Kyurem\n|-resisted|p2a: Kyurem\n|-damage|p2a: Kyurem|87\/100\n|\n|t:|1701039481\n|switch|p1a: Banette|Banette, M|100\/100|[from] Volt Switch\n|-item|p2a: Kyurem|Choice Specs|[from] ability: Frisk|[of] p1a: Banette|[identify]\n|\n|upkeep\n|turn|4\n|\n|t:|1701039486\n|detailschange|p1a: Banette|Banette-Mega, M\n|-mega|p1a: Banette|Banette|Banettite\n|move|p2a: Kyurem|Ice Beam|p1a: Banette\n|-damage|p1a: Banette|21\/100\n|move|p1a: Banette|Poltergeist|p2a: Kyurem|[miss]\n|-miss|p1a: Banette|p2a: Kyurem\n|\n|upkeep\n|turn|5\n|\n|t:|1701039494\n|switch|p2a: Toxapex|Toxapex, M|100\/100\n|move|p1a: Banette|Destiny Bond|p1a: Banette\n|-singlemove|p1a: Banette|Destiny Bond\n|\n|upkeep\n|turn|6\n|\n|t:|1701039496\n|move|p1a: Banette|Poltergeist|p2a: Toxapex\n|-activate|p2a: Toxapex|move: Poltergeist|Black Sludge\n|-damage|p2a: Toxapex|58\/100\n|move|p2a: Toxapex|Toxic Spikes|p1a: Banette\n|-sidestart|p1: Sleepinghhxh|move: Toxic Spikes\n|\n|-heal|p2a: Toxapex|64\/100|[from] item: Black Sludge\n|upkeep\n|turn|7\n|\n|t:|1701039503\n|move|p1a: Banette|Encore|p2a: Toxapex\n|-start|p2a: Toxapex|Encore\n|move|p2a: Toxapex|Toxic Spikes|p1a: Banette\n|-sidestart|p1: Sleepinghhxh|move: Toxic Spikes\n|\n|-heal|p2a: Toxapex|70\/100|[from] item: Black Sludge\n|upkeep\n|turn|8\n|\n|t:|1701039506\n|switch|p2a: Landorus|Landorus-Therian, M|100\/100\n|-ability|p2a: Landorus|Intimidate|boost\n|-unboost|p1a: Banette|atk|1\n|move|p1a: Banette|Poltergeist|p2a: Landorus\n|-activate|p2a: Landorus|move: Poltergeist|Flyinium Z\n|-damage|p2a: Landorus|39\/100\n|\n|upkeep\n|turn|9\n|\n|t:|1701039512\n|move|p1a: Banette|Destiny Bond|p1a: Banette\n|-singlemove|p1a: Banette|Destiny Bond\n|move|p2a: Landorus|Stealth Rock|p1a: Banette\n|-sidestart|p1: Sleepinghhxh|move: Stealth Rock\n|\n|upkeep\n|turn|10\n|\n|t:|1701039515\n|switch|p2a: Toxapex|Toxapex, M|100\/100\n|move|p1a: Banette|Encore||[still]\n|-fail|p1a: Banette\n|\n|upkeep\n|turn|11\n|\n|t:|1701039517\n|move|p1a: Banette|Will-O-Wisp|p2a: Toxapex|[miss]\n|-miss|p1a: Banette|p2a: Toxapex\n|move|p2a: Toxapex|Scald|p1a: Banette\n|-damage|p1a: Banette|1\/100\n|\n|upkeep\n|turn|12\n|\n|t:|1701039526\n|switch|p2a: Landorus|Landorus-Therian, M|39\/100\n|-ability|p2a: Landorus|Intimidate|boost\n|-unboost|p1a: Banette|atk|1\n|move|p1a: Banette|Destiny Bond|p1a: Banette\n|-singlemove|p1a: Banette|Destiny Bond\n|\n|upkeep\n|turn|13\n|\n|t:|1701039530\n|switch|p2a: Toxapex|Toxapex, M|100\/100\n|move|p1a: Banette|Will-O-Wisp|p2a: Toxapex\n|-status|p2a: Toxapex|brn\n|\n|-damage|p2a: Toxapex|94\/100 brn|[from] brn\n|upkeep\n|turn|14\n|\n|t:|1701039534\n|switch|p2a: Cinderace|Cinderace, M|100\/100\n|move|p1a: Banette|Destiny Bond|p1a: Banette\n|-singlemove|p1a: Banette|Destiny Bond\n|\n|upkeep\n|turn|15\n|\n|t:|1701039538\n|switch|p2a: Toxapex|Toxapex, M|100\/100 brn\n|move|p1a: Banette|Poltergeist|p2a: Toxapex\n|-activate|p2a: Toxapex|move: Poltergeist|Black Sludge\n|-damage|p2a: Toxapex|78\/100 brn\n|\n|-heal|p2a: Toxapex|85\/100 brn|[from] item: Black Sludge\n|-damage|p2a: Toxapex|78\/100 brn|[from] brn\n|upkeep\n|turn|16\n|\n|t:|1701039543\n|move|p1a: Banette|Poltergeist|p2a: Toxapex\n|-activate|p2a: Toxapex|move: Poltergeist|Black Sludge\n|-damage|p2a: Toxapex|57\/100 brn\n|move|p2a: Toxapex|Haze|p2a: Toxapex\n|-clearallboost\n|\n|-heal|p2a: Toxapex|63\/100 brn|[from] item: Black Sludge\n|-damage|p2a: Toxapex|57\/100 brn|[from] brn\n|upkeep\n|turn|17\n|\n|t:|1701039547\n|move|p1a: Banette|Destiny Bond|p1a: Banette\n|-singlemove|p1a: Banette|Destiny Bond\n|move|p2a: Toxapex|Recover|p2a: Toxapex\n|-heal|p2a: Toxapex|100\/100 brn\n|\n|-damage|p2a: Toxapex|94\/100 brn|[from] brn\n|upkeep\n|turn|18\n|\n|t:|1701039550\n|move|p1a: Banette|Encore|p2a: Toxapex\n|-start|p2a: Toxapex|Encore\n|move|p2a: Toxapex|Recover|p2a: Toxapex\n|-heal|p2a: Toxapex|100\/100 brn\n|\n|-damage|p2a: Toxapex|94\/100 brn|[from] brn\n|upkeep\n|turn|19\n|\n|t:|1701039554\n|switch|p2a: Cinderace|Cinderace, M|100\/100\n|move|p1a: Banette|Will-O-Wisp|p2a: Cinderace\n|-immune|p2a: Cinderace\n|\n|upkeep\n|turn|20\n|\n|t:|1701039556\n|switch|p2a: Toxapex|Toxapex, M|100\/100 brn\n|move|p1a: Banette|Destiny Bond|p1a: Banette\n|-singlemove|p1a: Banette|Destiny Bond\n|\n|-damage|p2a: Toxapex|94\/100 brn|[from] brn\n|upkeep\n|turn|21\n|\n|t:|1701039561\n|switch|p1a: Zapdos|Zapdos, shiny|100\/100\n|move|p2a: Toxapex|Haze|p2a: Toxapex\n|-clearallboost\n|\n|-heal|p2a: Toxapex|100\/100 brn|[from] item: Black Sludge\n|-damage|p2a: Toxapex|94\/100 brn|[from] brn\n|upkeep\n|turn|22\n|\n|t:|1701039565\n|switch|p2a: Landorus|Landorus-Therian, M|39\/100\n|-ability|p2a: Landorus|Intimidate|boost\n|-unboost|p1a: Zapdos|atk|1\n|move|p1a: Zapdos|Defog|p2a: Landorus\n|-unboost|p2a: Landorus|evasion|1\n|-sideend|p1: Sleepinghhxh|Toxic Spikes|[from] move: Defog|[of] p1a: Zapdos\n|-sideend|p1: Sleepinghhxh|Stealth Rock|[from] move: Defog|[of] p1a: Zapdos\n|\n|upkeep\n|turn|23\n|\n|t:|1701039567\n|move|p2a: Landorus|Stealth Rock|p1a: Zapdos\n|-sidestart|p1: Sleepinghhxh|move: Stealth Rock\n|move|p1a: Zapdos|Hurricane|p2a: Landorus\n|-damage|p2a: Landorus|0 fnt\n|faint|p2a: Landorus\n|\n|upkeep\n|\n|t:|1701039570\n|switch|p2a: Kyurem|Kyurem|87\/100\n|-ability|p2a: Kyurem|Pressure\n|turn|24\n|\n|t:|1701039575\n|switch|p1a: Banette|Banette-Mega, M|1\/100\n|-damage|p1a: Banette|0 fnt|[from] Stealth Rock\n|faint|p1a: Banette\n|move|p2a: Kyurem|Ice Beam|p1: Banette|[notarget]\n|-fail|p2a: Kyurem\n|\n|upkeep\n|\n|t:|1701039580\n|switch|p1a: Zamazenta|Zamazenta|99\/100\n|-damage|p1a: Zamazenta|93\/100|[from] Stealth Rock\n|turn|25\n|\n|t:|1701039583\n|switch|p1a: Zapdos|Zapdos, shiny|100\/100\n|switch|p2a: Toxapex|Toxapex, M|100\/100 brn\n|\n|-damage|p2a: Toxapex|94\/100 brn|[from] brn\n|upkeep\n|turn|26\n|\n|t:|1701039588\n|move|p1a: Zapdos|Defog|p2a: Toxapex\n|-unboost|p2a: Toxapex|evasion|1\n|-sideend|p1: Sleepinghhxh|Stealth Rock|[from] move: Defog|[of] p1a: Zapdos\n|move|p2a: Toxapex|Recover|p2a: Toxapex\n|-heal|p2a: Toxapex|100\/100 brn\n|\n|-damage|p2a: Toxapex|94\/100 brn|[from] brn\n|upkeep\n|turn|27\n|\n|t:|1701039590\n|move|p1a: Zapdos|Volt Switch|p2a: Toxapex\n|-supereffective|p2a: Toxapex\n|-damage|p2a: Toxapex|46\/100 brn\n|\n|t:|1701039602\n|switch|p1a: Bisharp|Bisharp, M, shiny|100\/100|[from] Volt Switch\n|move|p2a: Toxapex|Toxic Spikes|p1a: Bisharp\n|-sidestart|p1: Sleepinghhxh|move: Toxic Spikes\n|\n|-heal|p2a: Toxapex|52\/100 brn|[from] item: Black Sludge\n|-damage|p2a: Toxapex|46\/100 brn|[from] brn\n|upkeep\n|turn|28\n|\n|t:|1701039606\n|move|p1a: Bisharp|Swords Dance|p1a: Bisharp\n|-boost|p1a: Bisharp|atk|2\n|move|p2a: Toxapex|Recover|p2a: Toxapex\n|-heal|p2a: Toxapex|96\/100 brn\n|\n|-heal|p2a: Toxapex|100\/100 brn|[from] item: Black Sludge\n|-damage|p2a: Toxapex|94\/100 brn|[from] brn\n|upkeep\n|turn|29\n|\n|t:|1701039609\n|move|p1a: Bisharp|Swords Dance|p1a: Bisharp\n|-boost|p1a: Bisharp|atk|2\n|move|p2a: Toxapex|Scald|p1a: Bisharp\n|-damage|p1a: Bisharp|84\/100\n|-status|p1a: Bisharp|brn\n|\n|-heal|p2a: Toxapex|100\/100 brn|[from] item: Black Sludge\n|-damage|p1a: Bisharp|78\/100 brn|[from] brn\n|-damage|p2a: Toxapex|94\/100 brn|[from] brn\n|upkeep\n|turn|30\n|\n|t:|1701039612\n|move|p1a: Bisharp|Knock Off|p2a: Toxapex\n|-damage|p2a: Toxapex|47\/100 brn\n|-enditem|p2a: Toxapex|Black Sludge|[from] move: Knock Off|[of] p1a: Bisharp\n|move|p2a: Toxapex|Haze|p2a: Toxapex\n|-clearallboost\n|\n|-damage|p1a: Bisharp|72\/100 brn|[from] brn\n|-damage|p2a: Toxapex|40\/100 brn|[from] brn\n|upkeep\n|turn|31\n|\n|t:|1701039614\n|move|p1a: Bisharp|Knock Off|p2a: Toxapex\n|-damage|p2a: Toxapex|29\/100 brn\n|move|p2a: Toxapex|Recover|p2a: Toxapex\n|-heal|p2a: Toxapex|79\/100 brn\n|\n|-damage|p1a: Bisharp|66\/100 brn|[from] brn\n|-damage|p2a: Toxapex|73\/100 brn|[from] brn\n|upkeep\n|turn|32\n|\n|t:|1701039616\n|move|p1a: Bisharp|Swords Dance|p1a: Bisharp\n|-boost|p1a: Bisharp|atk|2\n|move|p2a: Toxapex|Scald|p1a: Bisharp\n|-damage|p1a: Bisharp|48\/100 brn\n|\n|-damage|p1a: Bisharp|42\/100 brn|[from] brn\n|-damage|p2a: Toxapex|66\/100 brn|[from] brn\n|upkeep\n|turn|33\n|\n|t:|1701039619\n|move|p1a: Bisharp|Knock Off|p2a: Toxapex\n|-damage|p2a: Toxapex|46\/100 brn\n|move|p2a: Toxapex|Recover|p2a: Toxapex\n|-heal|p2a: Toxapex|96\/100 brn\n|\n|-damage|p1a: Bisharp|36\/100 brn|[from] brn\n|-damage|p2a: Toxapex|90\/100 brn|[from] brn\n|upkeep\n|turn|34\n|\n|t:|1701039622\n|move|p1a: Bisharp|Knock Off|p2a: Toxapex\n|-damage|p2a: Toxapex|67\/100 brn\n|move|p2a: Toxapex|Haze|p2a: Toxapex\n|-clearallboost\n|\n|-damage|p1a: Bisharp|30\/100 brn|[from] brn\n|-damage|p2a: Toxapex|60\/100 brn|[from] brn\n|upkeep\n|turn|35\n|\n|t:|1701039625\n|move|p1a: Bisharp|Knock Off|p2a: Toxapex\n|-damage|p2a: Toxapex|49\/100 brn\n|move|p2a: Toxapex|Scald|p1a: Bisharp\n|-damage|p1a: Bisharp|13\/100 brn\n|\n|-damage|p1a: Bisharp|7\/100 brn|[from] brn\n|-damage|p2a: Toxapex|43\/100 brn|[from] brn\n|upkeep\n|turn|36\n|\n|t:|1701039628\n|move|p1a: Bisharp|Knock Off|p2a: Toxapex\n|-damage|p2a: Toxapex|31\/100 brn\n|move|p2a: Toxapex|Recover|p2a: Toxapex\n|-heal|p2a: Toxapex|81\/100 brn\n|\n|-damage|p1a: Bisharp|1\/100 brn|[from] brn\n|-damage|p2a: Toxapex|75\/100 brn|[from] brn\n|upkeep\n|turn|37\n|\n|t:|1701039632\n|switch|p2a: Mawile|Mawile, F|100\/100\n|-ability|p2a: Mawile|Intimidate|boost\n|-unboost|p1a: Bisharp|atk|1\n|-ability|p1a: Bisharp|Defiant|boost\n|-boost|p1a: Bisharp|atk|2\n|move|p1a: Bisharp|Knock Off|p2a: Mawile\n|-resisted|p2a: Mawile\n|-damage|p2a: Mawile|82\/100\n|\n|-damage|p1a: Bisharp|0 fnt|[from] brn\n|faint|p1a: Bisharp\n|upkeep\n|\n|t:|1701039639\n|switch|p1a: Zapdos|Zapdos, shiny|100\/100\n|turn|38\n|\n|t:|1701039643\n|detailschange|p2a: Mawile|Mawile-Mega, F\n|-mega|p2a: Mawile|Mawile|Mawilite\n|move|p1a: Zapdos|Defog|p2a: Mawile\n|-unboost|p2a: Mawile|evasion|1\n|-sideend|p1: Sleepinghhxh|Toxic Spikes|[from] move: Defog|[of] p1a: Zapdos\n|move|p2a: Mawile|Play Rough|p1a: Zapdos\n|-damage|p1a: Zapdos|40\/100\n|\n|upkeep\n|turn|39\n|\n|t:|1701039649\n|move|p1a: Zapdos|Roost|p1a: Zapdos\n|-heal|p1a: Zapdos|90\/100\n|-singleturn|p1a: Zapdos|move: Roost\n|move|p2a: Mawile|Play Rough|p1a: Zapdos\n|-damage|p1a: Zapdos|30\/100\n|\n|upkeep\n|turn|40\n|\n|t:|1701039651\n|move|p1a: Zapdos|Roost|p1a: Zapdos\n|-heal|p1a: Zapdos|80\/100\n|-singleturn|p1a: Zapdos|move: Roost\n|move|p2a: Mawile|Swords Dance|p2a: Mawile\n|-boost|p2a: Mawile|atk|2\n|\n|upkeep\n|turn|41\n|\n|t:|1701039654\n|move|p1a: Zapdos|Volt Switch|p2a: Mawile\n|-damage|p2a: Mawile|48\/100\n|\n|t:|1701039661\n|switch|p1a: Ceruledge|Ceruledge, M|100\/100|[from] Volt Switch\n|move|p2a: Mawile|Play Rough|p1a: Ceruledge\n|-resisted|p1a: Ceruledge\n|-enditem|p1a: Ceruledge|Focus Sash\n|-damage|p1a: Ceruledge|1\/100\n|-ability|p1a: Ceruledge|Weak Armor|boost\n|-unboost|p1a: Ceruledge|def|1\n|-boost|p1a: Ceruledge|spe|2\n|\n|upkeep\n|turn|42\n|\n|t:|1701039665\n|move|p2a: Mawile|Sucker Punch||[still]\n|-fail|p2a: Mawile\n|move|p1a: Ceruledge|Swords Dance|p1a: Ceruledge\n|-boost|p1a: Ceruledge|atk|2\n|\n|upkeep\n|turn|43\n|\n|t:|1701039667\n|move|p2a: Mawile|Sucker Punch||[still]\n|-fail|p2a: Mawile\n|move|p1a: Ceruledge|Swords Dance|p1a: Ceruledge\n|-boost|p1a: Ceruledge|atk|2\n|\n|upkeep\n|turn|44\n|\n|t:|1701039669\n|move|p2a: Mawile|Sucker Punch||[still]\n|-fail|p2a: Mawile\n|move|p1a: Ceruledge|Swords Dance|p1a: Ceruledge\n|-boost|p1a: Ceruledge|atk|2\n|\n|upkeep\n|turn|45\n|\n|t:|1701039670\n|move|p2a: Mawile|Sucker Punch||[still]\n|-fail|p2a: Mawile\n|move|p1a: Ceruledge|Swords Dance|p1a: Ceruledge\n|-boost|p1a: Ceruledge|atk|0\n|\n|upkeep\n|turn|46\n|\n|t:|1701039672\n|move|p2a: Mawile|Sucker Punch||[still]\n|-fail|p2a: Mawile\n|move|p1a: Ceruledge|Swords Dance|p1a: Ceruledge\n|-boost|p1a: Ceruledge|atk|0\n|\n|upkeep\n|turn|47\n|\n|t:|1701039674\n|move|p2a: Mawile|Sucker Punch||[still]\n|-fail|p2a: Mawile\n|move|p1a: Ceruledge|Swords Dance|p1a: Ceruledge\n|-boost|p1a: Ceruledge|atk|0\n|\n|upkeep\n|turn|48\n|\n|t:|1701039677\n|move|p1a: Ceruledge|Swords Dance|p1a: Ceruledge\n|-boost|p1a: Ceruledge|atk|0\n|move|p2a: Mawile|Play Rough|p1a: Ceruledge\n|-resisted|p1a: Ceruledge\n|-damage|p1a: Ceruledge|0 fnt\n|faint|p1a: Ceruledge\n|\n|upkeep\n|\n|t:|1701039681\n|switch|p1a: Ogerpon|Ogerpon-Wellspring, F|100\/100\n|turn|49\n|\n|t:|1701039683\n|move|p2a: Mawile|Sucker Punch||[still]\n|-fail|p2a: Mawile\n|move|p1a: Ogerpon|Swords Dance|p1a: Ogerpon\n|-boost|p1a: Ogerpon|atk|2\n|\n|upkeep\n|turn|50\n|\n|t:|1701039686\n|move|p1a: Ogerpon|Ivy Cudgel|p2a: Mawile|[anim] Ivy Cudgel Water\n|-damage|p2a: Mawile|0 fnt\n|faint|p2a: Mawile\n|\n|upkeep\n|\n|t:|1701039688\n|switch|p2a: Kyurem|Kyurem|87\/100\n|-ability|p2a: Kyurem|Pressure\n|turn|51\n|\n|t:|1701039695\n|move|p1a: Ogerpon|Rock Tomb|p2a: Kyurem\n|-supereffective|p2a: Kyurem\n|-damage|p2a: Kyurem|0 fnt\n|faint|p2a: Kyurem\n|\n|upkeep\n|\n|t:|1701039699\n|switch|p2a: Cinderace|Cinderace, M|100\/100\n|turn|52\n|\n|t:|1701039702\n|move|p2a: Cinderace|U-turn|p1a: Ogerpon\n|-start|p2a: Cinderace|typechange|Bug|[from] ability: Libero\n|-supereffective|p1a: Ogerpon\n|-damage|p1a: Ogerpon|5\/100\n|\n|t:|1701039704\n|switch|p2a: Toxapex|Toxapex, M|100\/100 brn|[from] U-turn\n|move|p1a: Ogerpon|Rock Tomb|p2a: Toxapex\n|-damage|p2a: Toxapex|73\/100 brn\n|-unboost|p2a: Toxapex|spe|1\n|\n|-damage|p2a: Toxapex|67\/100 brn|[from] brn\n|upkeep\n|turn|53\n|\n|t:|1701039707\n|move|p1a: Ogerpon|Horn Leech|p2a: Toxapex\n|-damage|p2a: Toxapex|17\/100 brn\n|-heal|p1a: Ogerpon|30\/100|[from] drain|[of] p2a: Toxapex\n|move|p2a: Toxapex|Toxic Spikes|p1a: Ogerpon\n|-sidestart|p1: Sleepinghhxh|move: Toxic Spikes\n|\n|-damage|p2a: Toxapex|11\/100 brn|[from] brn\n|upkeep\n|turn|54\n|\n|t:|1701039711\n|move|p1a: Ogerpon|Horn Leech|p2a: Toxapex\n|-crit|p2a: Toxapex\n|-damage|p2a: Toxapex|0 fnt\n|-heal|p1a: Ogerpon|35\/100|[from] drain|[of] p2a: Toxapex\n|faint|p2a: Toxapex\n|\n|upkeep\n|\n|t:|1701039713\n|switch|p2a: Cinderace|Cinderace, M|100\/100\n|turn|55\n|\n|t:|1701039715\n|switch|p1a: Zapdos|Zapdos, shiny|80\/100\n|move|p2a: Cinderace|U-turn|p1a: Zapdos\n|-start|p2a: Cinderace|typechange|Bug|[from] ability: Libero\n|-resisted|p1a: Zapdos\n|-damage|p1a: Zapdos|69\/100\n|\n|t:|1701039717\n|switch|p2a: Kartana|Kartana|100\/100|[from] U-turn\n|\n|upkeep\n|turn|56\n|\n|t:|1701039725\n|move|p2a: Kartana|Knock Off|p1a: Zapdos\n|-damage|p1a: Zapdos|36\/100\n|-status|p2a: Kartana|par|[from] ability: Static|[of] p1a: Zapdos\n|-enditem|p1a: Zapdos|Heavy-Duty Boots|[from] move: Knock Off|[of] p2a: Kartana\n|move|p1a: Zapdos|Roost|p1a: Zapdos\n|-heal|p1a: Zapdos|86\/100\n|-singleturn|p1a: Zapdos|move: Roost\n|\n|upkeep\n|turn|57\n|\n|t:|1701039729\n|switch|p2a: Cinderace|Cinderace, M|100\/100\n|move|p1a: Zapdos|Defog|p2a: Cinderace\n|-unboost|p2a: Cinderace|evasion|1\n|-sideend|p1: Sleepinghhxh|Toxic Spikes|[from] move: Defog|[of] p1a: Zapdos\n|\n|upkeep\n|turn|58\n|\n|t:|1701039732\n|-terastallize|p2a: Cinderace|Fire\n|move|p2a: Cinderace|Pyro Ball|p1a: Zapdos\n|-crit|p1a: Zapdos\n|-damage|p1a: Zapdos|1\/100\n|move|p1a: Zapdos|Hurricane|p2a: Cinderace\n|-damage|p2a: Cinderace|37\/100\n|\n|upkeep\n|turn|59\n|\n|t:|1701039738\n|move|p2a: Cinderace|Pyro Ball|p1a: Zapdos\n|-damage|p1a: Zapdos|0 fnt\n|faint|p1a: Zapdos\n|\n|upkeep\n|\n|t:|1701039740\n|switch|p1a: Zamazenta|Zamazenta|93\/100\n|turn|60\n|\n|t:|1701039742\n|move|p2a: Cinderace|Pyro Ball|p1a: Zamazenta\n|-damage|p1a: Zamazenta|40\/100\n|move|p1a: Zamazenta|Iron Defense|p1a: Zamazenta\n|-boost|p1a: Zamazenta|def|2\n|\n|-heal|p1a: Zamazenta|46\/100|[from] item: Leftovers\n|upkeep\n|turn|61\n|\n|t:|1701039745\n|move|p2a: Cinderace|Pyro Ball|p1a: Zamazenta\n|-damage|p1a: Zamazenta|22\/100\n|move|p1a: Zamazenta|Body Press|p2a: Cinderace\n|-damage|p2a: Cinderace|0 fnt\n|faint|p2a: Cinderace\n|\n|-heal|p1a: Zamazenta|28\/100|[from] item: Leftovers\n|upkeep\n|\n|t:|1701039747\n|switch|p2a: Kartana|Kartana|100\/100 par\n|turn|62\n|\n|t:|1701039749\n|move|p1a: Zamazenta|Body Press|p2a: Kartana\n|-supereffective|p2a: Kartana\n|-damage|p2a: Kartana|0 fnt\n|faint|p2a: Kartana\n|\n|win|Sleepinghhxh\n|raw|Sleepinghhxh's rating: 1392 &rarr; <strong>1419<\/strong><br \/>(+27 for winning)\n|raw|Rigel509's rating: 1521 &rarr; <strong>1494<\/strong><br \/>(-27 for losing)\n|l|\u2606Rigel509\n","uploadtime":1701039771,"views":1,"p1id":"sleepinghhxh","p2id":"rigel509","formatid":"gen9nationaldex","rating":1419,"private":0,"password":""}