{"id":"gen9nationaldex-1993638045","p1":"FernandaCoxta","p2":"AiraAira","format":"[Gen 9] National Dex","log":"|j|\u2606FernandaCoxta\n|j|\u2606AiraAira\n|t:|1700340237\n|gametype|singles\n|player|p1|FernandaCoxta|lady-gen4|\n|player|p2|AiraAira|170|\n|teamsize|p1|6\n|teamsize|p2|6\n|gen|9\n|tier|[Gen 9] National Dex\n|rule|HP Percentage Mod: HP is shown in percentages\n|rule|Endless Battle Clause: Forcing endless battles is banned\n|rule|OHKO Clause: OHKO moves are banned\n|rule|Evasion Clause: Evasion abilities, items, and moves are banned\n|rule|Evasion Abilities Clause: Evasion abilities are banned\n|rule|Evasion Items Clause: Evasion items are banned\n|rule|Evasion Moves Clause: Evasion moves are banned\n|rule|Species Clause: Limit one of each Pok\u00e9mon\n|rule|Sleep Clause Mod: Limit one foe put to sleep\n|clearpoke\n|poke|p1|Ninetales, F|\n|poke|p1|Armarouge, M|\n|poke|p1|Volcarona, F|\n|poke|p1|Heatmor, M|\n|poke|p1|Centiskorch, F|\n|poke|p1|Infernape, F|\n|poke|p2|Infernape, M|\n|poke|p2|Coalossal, M|\n|poke|p2|Ceruledge, M|\n|poke|p2|Armarouge, F|\n|poke|p2|Skeledirge, F|\n|poke|p2|Rotom-Heat|\n|teampreview\n|\n|t:|1700340262\n|start\n|switch|p1a: 25 de Mar\u00e7o|Heatmor, M|100\/100\n|switch|p2a: Rotom|Rotom-Heat|100\/100\n|turn|1\n|\n|t:|1700340270\n|move|p2a: Rotom|Thunder Wave|p1a: 25 de Mar\u00e7o\n|-status|p1a: 25 de Mar\u00e7o|par\n|move|p1a: 25 de Mar\u00e7o|Rain Dance|p1a: 25 de Mar\u00e7o\n|-weather|RainDance\n|\n|-weather|RainDance|[upkeep]\n|upkeep\n|turn|2\n|\n|t:|1700340278\n|move|p2a: Rotom|Hidden Power|p1a: 25 de Mar\u00e7o\n|-supereffective|p1a: 25 de Mar\u00e7o\n|-damage|p1a: 25 de Mar\u00e7o|17\/100 par\n|cant|p1a: 25 de Mar\u00e7o|par\n|\n|-weather|RainDance|[upkeep]\n|upkeep\n|turn|3\n|\n|t:|1700340286\n|move|p2a: Rotom|Hidden Power|p1a: 25 de Mar\u00e7o\n|-supereffective|p1a: 25 de Mar\u00e7o\n|-damage|p1a: 25 de Mar\u00e7o|0 fnt\n|faint|p1a: 25 de Mar\u00e7o\n|\n|-weather|RainDance|[upkeep]\n|upkeep\n|\n|t:|1700340293\n|switch|p1a: R$ 100|Armarouge, M|100\/100\n|turn|4\n|\n|t:|1700340296\n|move|p2a: Rotom|Volt Switch|p1a: R$ 100\n|-damage|p1a: R$ 100|67\/100\n|\n|t:|1700340305\n|switch|p2a: Skeledirge|Skeledirge, F|100\/100|[from] Volt Switch\n|move|p1a: R$ 100|Weather Ball|p2a: Skeledirge\n|-supereffective|p2a: Skeledirge\n|-damage|p2a: Skeledirge|0 fnt\n|faint|p2a: Skeledirge\n|\n|-weather|RainDance|[upkeep]\n|upkeep\n|\n|t:|1700340319\n|switch|p2a: Armarouge|Armarouge, F|100\/100\n|turn|5\n|\n|t:|1700340326\n|move|p1a: R$ 100|Weather Ball|p2a: Armarouge\n|-supereffective|p2a: Armarouge\n|-enditem|p2a: Armarouge|Focus Sash\n|-damage|p2a: Armarouge|1\/100\n|move|p2a: Armarouge|Trick Room|p2a: Armarouge\n|-fieldstart|move: Trick Room|[of] p2a: Armarouge\n|\n|-weather|RainDance|[upkeep]\n|upkeep\n|turn|6\n|\n|t:|1700340346\n|switch|p1a: Esperando UBER|Centiskorch, F|100\/100\n|move|p2a: Armarouge|Psychic|p1a: Esperando UBER\n|-damage|p1a: Esperando UBER|56\/100\n|\n|-weather|RainDance|[upkeep]\n|upkeep\n|turn|7\n|\n|t:|1700340358\n|move|p1a: Esperando UBER|Scald|p2a: Armarouge\n|-supereffective|p2a: Armarouge\n|-damage|p2a: Armarouge|0 fnt\n|faint|p2a: Armarouge\n|\n|-weather|RainDance|[upkeep]\n|upkeep\n|\n|t:|1700340365\n|switch|p2a: Coalossal|Coalossal, M, shiny|100\/100\n|turn|8\n|\n|t:|1700340372\n|move|p2a: Coalossal|Rock Blast|p1a: Esperando UBER\n|-supereffective|p1a: Esperando UBER\n|-damage|p1a: Esperando UBER|23\/100\n|-supereffective|p1a: Esperando UBER\n|-damage|p1a: Esperando UBER|0 fnt\n|faint|p1a: Esperando UBER\n|-hitcount|p1: Esperando UBER|2\n|\n|-weather|none\n|upkeep\n|\n|t:|1700340388\n|switch|p1a: R$ 100|Armarouge, M|67\/100\n|turn|9\n|\n|t:|1700340393\n|move|p2a: Coalossal|Rock Blast|p1a: R$ 100\n|-supereffective|p1a: R$ 100\n|-damage|p1a: R$ 100|49\/100\n|-ability|p1a: R$ 100|Weak Armor|boost\n|-unboost|p1a: R$ 100|def|1\n|-boost|p1a: R$ 100|spe|2\n|-enditem|p1a: R$ 100|Weakness Policy\n|-boost|p1a: R$ 100|atk|2|[from] item: Weakness Policy\n|-boost|p1a: R$ 100|spa|2|[from] item: Weakness Policy\n|-supereffective|p1a: R$ 100\n|-damage|p1a: R$ 100|21\/100\n|-ability|p1a: R$ 100|Weak Armor|boost\n|-unboost|p1a: R$ 100|def|1\n|-boost|p1a: R$ 100|spe|2\n|-supereffective|p1a: R$ 100\n|-damage|p1a: R$ 100|0 fnt\n|faint|p1a: R$ 100\n|-hitcount|p1: R$ 100|3\n|\n|-fieldend|move: Trick Room\n|upkeep\n|\n|t:|1700340415\n|switch|p1a: Nihao China|Infernape, F|100\/100\n|turn|10\n|\n|t:|1700340423\n|-terastallize|p2a: Coalossal|Fire\n|move|p1a: Nihao China|Bulk Up|p1a: Nihao China\n|-boost|p1a: Nihao China|atk|1\n|-boost|p1a: Nihao China|def|1\n|move|p2a: Coalossal|Iron Defense|p2a: Coalossal\n|-boost|p2a: Coalossal|def|2\n|\n|upkeep\n|turn|11\n|\n|t:|1700340436\n|move|p1a: Nihao China|Earthquake|p2a: Coalossal\n|-supereffective|p2a: Coalossal\n|-damage|p2a: Coalossal|69\/100\n|move|p2a: Coalossal|Earthquake|p1a: Nihao China\n|-supereffective|p1a: Nihao China\n|-damage|p1a: Nihao China|46\/100\n|\n|upkeep\n|turn|12\n|\n|t:|1700340443\n|move|p1a: Nihao China|Drain Punch|p2a: Coalossal\n|-damage|p2a: Coalossal|47\/100\n|-heal|p1a: Nihao China|62\/100|[from] drain|[of] p2a: Coalossal\n|move|p2a: Coalossal|Earthquake|p1a: Nihao China\n|-supereffective|p1a: Nihao China\n|-damage|p1a: Nihao China|1\/100\n|\n|upkeep\n|turn|13\n|\n|t:|1700340452\n|move|p1a: Nihao China|Drain Punch|p2a: Coalossal\n|-damage|p2a: Coalossal|25\/100\n|-heal|p1a: Nihao China|17\/100|[from] drain|[of] p2a: Coalossal\n|move|p2a: Coalossal|Rock Blast|p1a: Nihao China\n|-damage|p1a: Nihao China|6\/100\n|-damage|p1a: Nihao China|0 fnt\n|faint|p1a: Nihao China\n|-hitcount|p1: Nihao China|2\n|\n|upkeep\n|\n|t:|1700340465\n|switch|p1a: COXTMAS|Volcarona, F|100\/100\n|turn|14\n|\n|t:|1700340470\n|-terastallize|p1a: COXTMAS|Fire\n|move|p1a: COXTMAS|Hidden Power|p2a: Coalossal\n|-supereffective|p2a: Coalossal\n|-damage|p2a: Coalossal|0 fnt\n|faint|p2a: Coalossal\n|\n|upkeep\n|\n|t:|1700340477\n|switch|p2a: Rotom|Rotom-Heat|100\/100\n|turn|15\n|\n|t:|1700340481\n|move|p1a: COXTMAS|Quiver Dance|p1a: COXTMAS\n|-boost|p1a: COXTMAS|spa|1\n|-boost|p1a: COXTMAS|spd|1\n|-boost|p1a: COXTMAS|spe|1\n|move|p2a: Rotom|Thunder Wave|p1a: COXTMAS\n|-status|p1a: COXTMAS|par\n|\n|upkeep\n|turn|16\n|\n|t:|1700340496\n|move|p2a: Rotom|Hex|p1a: COXTMAS\n|-damage|p1a: COXTMAS|73\/100 par\n|move|p1a: COXTMAS|Hidden Power|p2a: Rotom\n|-supereffective|p2a: Rotom\n|-crit|p2a: Rotom\n|-damage|p2a: Rotom|0 fnt\n|faint|p2a: Rotom\n|\n|upkeep\n|\n|t:|1700340507\n|switch|p2a: Ceruledge|Ceruledge, M|100\/100\n|turn|17\n|\n|t:|1700340522\n|move|p2a: Ceruledge|Swords Dance|p2a: Ceruledge\n|-boost|p2a: Ceruledge|atk|2\n|cant|p1a: COXTMAS|par\n|\n|upkeep\n|turn|18\n|\n|t:|1700340529\n|move|p2a: Ceruledge|Poltergeist|p1a: COXTMAS\n|-activate|p1a: COXTMAS|move: Poltergeist|Heavy-Duty Boots\n|-damage|p1a: COXTMAS|0 fnt\n|faint|p1a: COXTMAS\n|\n|upkeep\n|\n|t:|1700340534\n|switch|p1a: N\u00e3o tenho Senhora|Ninetales, F|100\/100\n|-item|p1a: N\u00e3o tenho Senhora|Air Balloon\n|turn|19\n|\n|t:|1700340539\n|move|p1a: N\u00e3o tenho Senhora|Scorching Sands|p2a: Ceruledge\n|-supereffective|p2a: Ceruledge\n|-crit|p2a: Ceruledge\n|-damage|p2a: Ceruledge|42\/100\n|move|p2a: Ceruledge|Poltergeist|p1a: N\u00e3o tenho Senhora|[miss]\n|-miss|p2a: Ceruledge|p1a: N\u00e3o tenho Senhora\n|\n|upkeep\n|turn|20\n|\n|t:|1700340548\n|move|p1a: N\u00e3o tenho Senhora|Scorching Sands|p2a: Ceruledge\n|-supereffective|p2a: Ceruledge\n|-damage|p2a: Ceruledge|0 fnt\n|faint|p2a: Ceruledge\n|\n|upkeep\n|\n|t:|1700340553\n|switch|p2a: Infernape|Infernape, M, shiny|100\/100\n|turn|21\n|\n|t:|1700340561\n|move|p2a: Infernape|Close Combat|p1a: N\u00e3o tenho Senhora\n|-damage|p1a: N\u00e3o tenho Senhora|15\/100\n|-unboost|p2a: Infernape|def|1\n|-unboost|p2a: Infernape|spd|1\n|-enditem|p1a: N\u00e3o tenho Senhora|Air Balloon\n|move|p1a: N\u00e3o tenho Senhora|Nasty Plot|p1a: N\u00e3o tenho Senhora\n|-boost|p1a: N\u00e3o tenho Senhora|spa|2\n|\n|upkeep\n|turn|22\n|\n|t:|1700340572\n|move|p2a: Infernape|Mach Punch|p1a: N\u00e3o tenho Senhora\n|-damage|p1a: N\u00e3o tenho Senhora|0 fnt\n|faint|p1a: N\u00e3o tenho Senhora\n|\n|win|AiraAira\n|l|\u2606AiraAira\n|j|\u2606AiraAira\n|player|p2|AiraAira|170\n|l|\u2606AiraAira\n|player|p2|\n","uploadtime":1700340722,"views":7,"p1id":"fernandacoxta","p2id":"airaaira","formatid":"gen9nationaldex","rating":0,"private":0,"password":""}