{"id":"gen9nationaldex-1988960382","p1":"sgsegesgeah","p2":"fengfengzuikeai","format":"[Gen 9] National Dex","log":"|j|\u2606sgsegesgeah\n|j|\u2606fengfengzuikeai\n|t:|1699794866\n|gametype|singles\n|player|p1|sgsegesgeah|roark|1523\n|player|p2|fengfengzuikeai|2|1768\n|teamsize|p1|6\n|teamsize|p2|6\n|gen|9\n|tier|[Gen 9] National Dex\n|rated|\n|rule|HP Percentage Mod: HP is shown in percentages\n|rule|Endless Battle Clause: Forcing endless battles is banned\n|rule|OHKO Clause: OHKO moves are banned\n|rule|Evasion Clause: Evasion abilities, items, and moves are banned\n|rule|Evasion Abilities Clause: Evasion abilities are banned\n|rule|Evasion Items Clause: Evasion items are banned\n|rule|Evasion Moves Clause: Evasion moves are banned\n|rule|Species Clause: Limit one of each Pok\u00e9mon\n|rule|Sleep Clause Mod: Limit one foe put to sleep\n|clearpoke\n|poke|p1|Tyranitar, M|\n|poke|p1|Garganacl, F|\n|poke|p1|Aggron, M|\n|poke|p1|Cradily, F|\n|poke|p1|Glimmora, F|\n|poke|p1|Solrock|\n|poke|p2|Urshifu-*, M|\n|poke|p2|Garchomp, M|\n|poke|p2|Zapdos|\n|poke|p2|Blaziken, M|\n|poke|p2|Rillaboom, F|\n|poke|p2|Slowking, F|\n|teampreview\n|inactive|Battle timer is ON: inactive players will automatically lose when time's up. (requested by fengfengzuikeai)\n|\n|t:|1699794918\n|start\n|switch|p1a: Solrock|Solrock|100\/100\n|switch|p2a: Garchomp|Garchomp, M|100\/100\n|turn|1\n|\n|t:|1699794928\n|detailschange|p2a: Garchomp|Garchomp-Mega, M\n|-mega|p2a: Garchomp|Garchomp|Garchompite\n|move|p2a: Garchomp|Stealth Rock|p1a: Solrock\n|-sidestart|p1: sgsegesgeah|move: Stealth Rock\n|move|p1a: Solrock|Will-O-Wisp|p2a: Garchomp\n|-status|p2a: Garchomp|brn\n|\n|-damage|p2a: Garchomp|94\/100 brn|[from] brn\n|upkeep\n|turn|2\n|\n|t:|1699794934\n|move|p2a: Garchomp|Draco Meteor|p1a: Solrock\n|-damage|p1a: Solrock|31\/100\n|-unboost|p2a: Garchomp|spa|2\n|move|p1a: Solrock|Cosmic Power|p1a: Solrock\n|-boost|p1a: Solrock|def|1\n|-boost|p1a: Solrock|spd|1\n|\n|-damage|p2a: Garchomp|88\/100 brn|[from] brn\n|upkeep\n|turn|3\n|\n|t:|1699794945\n|switch|p2a: Slowking|Slowking, F|100\/100\n|move|p1a: Solrock|Pain Split|p2a: Slowking\n|-sethp|p2a: Slowking|65\/100|[from] move: Pain Split|[silent]\n|-sethp|p1a: Solrock|67\/100|[from] move: Pain Split\n|\n|upkeep\n|turn|4\n|\n|t:|1699794952\n|move|p1a: Solrock|Will-O-Wisp|p2a: Slowking\n|-status|p2a: Slowking|brn\n|move|p2a: Slowking|Toxic|p1a: Solrock\n|-status|p1a: Solrock|tox\n|\n|-damage|p1a: Solrock|61\/100 tox|[from] psn\n|-damage|p2a: Slowking|59\/100 brn|[from] brn\n|upkeep\n|turn|5\n|\n|t:|1699794957\n|move|p1a: Solrock|Pain Split|p2a: Slowking\n|-sethp|p2a: Slowking|59\/100 brn|[from] move: Pain Split|[silent]\n|-sethp|p1a: Solrock|61\/100 tox|[from] move: Pain Split\n|move|p2a: Slowking|Chilly Reception|p2a: Slowking\n|-weather|Snow\n|\n|t:|1699794961\n|switch|p2a: Urshifu|Urshifu-Rapid-Strike, M|100\/100|[from] Chilly Reception\n|\n|-weather|Snow|[upkeep]\n|-damage|p1a: Solrock|48\/100 tox|[from] psn\n|upkeep\n|turn|6\n|\n|t:|1699794965\n|move|p2a: Urshifu|U-turn|p1a: Solrock\n|-supereffective|p1a: Solrock\n|-damage|p1a: Solrock|24\/100 tox\n|\n|t:|1699794968\n|switch|p2a: Slowking|Slowking, F|93\/100 brn|[from] U-turn\n|move|p1a: Solrock|Pain Split|p2a: Slowking\n|-sethp|p2a: Slowking|58\/100 brn|[from] move: Pain Split|[silent]\n|-sethp|p1a: Solrock|59\/100 tox|[from] move: Pain Split\n|\n|-weather|Snow|[upkeep]\n|-damage|p1a: Solrock|41\/100 tox|[from] psn\n|-damage|p2a: Slowking|52\/100 brn|[from] brn\n|upkeep\n|turn|7\n|\n|t:|1699794971\n|move|p1a: Solrock|Pain Split|p2a: Slowking\n|-sethp|p2a: Slowking|46\/100 brn|[from] move: Pain Split|[silent]\n|-sethp|p1a: Solrock|47\/100 tox|[from] move: Pain Split\n|move|p2a: Slowking|Chilly Reception|p2a: Slowking\n|\n|t:|1699794974\n|switch|p2a: Urshifu|Urshifu-Rapid-Strike, M|100\/100|[from] Chilly Reception\n|\n|-weather|Snow|[upkeep]\n|-damage|p1a: Solrock|22\/100 tox|[from] psn\n|upkeep\n|turn|8\n|\n|t:|1699794976\n|move|p2a: Urshifu|U-turn|p1a: Solrock\n|-supereffective|p1a: Solrock\n|-damage|p1a: Solrock|0 fnt\n|faint|p1a: Solrock\n|\n|t:|1699794982\n|switch|p2a: Garchomp|Garchomp-Mega, M|88\/100 brn|[from] U-turn\n|\n|-weather|Snow|[upkeep]\n|-damage|p2a: Garchomp|82\/100 brn|[from] brn\n|upkeep\n|\n|t:|1699794989\n|switch|p1a: Garganacl|Garganacl, F|100\/100\n|-damage|p1a: Garganacl|88\/100|[from] Stealth Rock\n|turn|9\n|\n|t:|1699794992\n|move|p2a: Garchomp|Earth Power|p1a: Garganacl\n|-supereffective|p1a: Garganacl\n|-damage|p1a: Garganacl|38\/100\n|-enditem|p1a: Garganacl|Maranga Berry|[eat]\n|-boost|p1a: Garganacl|spd|1|[from] item: Maranga Berry\n|move|p1a: Garganacl|Iron Defense|p1a: Garganacl\n|-boost|p1a: Garganacl|def|2\n|\n|-weather|none\n|-damage|p2a: Garchomp|76\/100 brn|[from] brn\n|upkeep\n|turn|10\n|\n|t:|1699795002\n|move|p2a: Garchomp|Earth Power|p1a: Garganacl\n|-supereffective|p1a: Garganacl\n|-damage|p1a: Garganacl|2\/100\n|move|p1a: Garganacl|Recover|p1a: Garganacl\n|-heal|p1a: Garganacl|52\/100\n|\n|-damage|p2a: Garchomp|70\/100 brn|[from] brn\n|upkeep\n|turn|11\n|\n|t:|1699795008\n|-terastallize|p1a: Garganacl|Ghost\n|move|p2a: Garchomp|Earth Power|p1a: Garganacl\n|-damage|p1a: Garganacl|35\/100\n|-unboost|p1a: Garganacl|spd|1\n|move|p1a: Garganacl|Recover|p1a: Garganacl\n|-heal|p1a: Garganacl|85\/100\n|\n|-damage|p2a: Garchomp|63\/100 brn|[from] brn\n|upkeep\n|turn|12\n|\n|t:|1699795016\n|move|p2a: Garchomp|Earth Power|p1a: Garganacl\n|-damage|p1a: Garganacl|57\/100\n|move|p1a: Garganacl|Iron Defense|p1a: Garganacl\n|-boost|p1a: Garganacl|def|2\n|\n|-damage|p2a: Garchomp|57\/100 brn|[from] brn\n|upkeep\n|turn|13\n|\n|t:|1699795020\n|move|p2a: Garchomp|Earth Power|p1a: Garganacl\n|-damage|p1a: Garganacl|32\/100\n|move|p1a: Garganacl|Recover|p1a: Garganacl\n|-heal|p1a: Garganacl|82\/100\n|\n|-damage|p2a: Garchomp|51\/100 brn|[from] brn\n|upkeep\n|turn|14\n|\n|t:|1699795023\n|move|p2a: Garchomp|Earth Power|p1a: Garganacl\n|-damage|p1a: Garganacl|56\/100\n|move|p1a: Garganacl|Recover|p1a: Garganacl\n|-heal|p1a: Garganacl|100\/100\n|\n|-damage|p2a: Garchomp|45\/100 brn|[from] brn\n|upkeep\n|turn|15\n|\n|t:|1699795026\n|move|p2a: Garchomp|Earth Power|p1a: Garganacl\n|-damage|p1a: Garganacl|74\/100\n|move|p1a: Garganacl|Body Press|p2a: Garchomp\n|-damage|p2a: Garchomp|4\/100 brn\n|\n|-damage|p2a: Garchomp|0 fnt|[from] brn\n|faint|p2a: Garchomp\n|upkeep\n|\n|t:|1699795029\n|switch|p2a: Urshifu|Urshifu-Rapid-Strike, M|100\/100\n|turn|16\n|\n|t:|1699795035\n|-terastallize|p2a: Urshifu|Water\n|move|p2a: Urshifu|Surging Strikes|p1a: Garganacl\n|-crit|p1a: Garganacl\n|-damage|p1a: Garganacl|57\/100\n|-crit|p1a: Garganacl\n|-damage|p1a: Garganacl|38\/100\n|-crit|p1a: Garganacl\n|-damage|p1a: Garganacl|20\/100\n|-hitcount|p1a: Garganacl|3\n|move|p1a: Garganacl|Recover|p1a: Garganacl\n|-heal|p1a: Garganacl|70\/100\n|\n|upkeep\n|turn|17\n|\n|t:|1699795042\n|move|p2a: Urshifu|Surging Strikes|p1a: Garganacl\n|-crit|p1a: Garganacl\n|-damage|p1a: Garganacl|51\/100\n|-crit|p1a: Garganacl\n|-damage|p1a: Garganacl|33\/100\n|-crit|p1a: Garganacl\n|-damage|p1a: Garganacl|15\/100\n|-hitcount|p1a: Garganacl|3\n|move|p1a: Garganacl|Recover|p1a: Garganacl\n|-heal|p1a: Garganacl|65\/100\n|\n|upkeep\n|turn|18\n|\n|t:|1699795045\n|switch|p1a: Cradily|Cradily, F|100\/100\n|-damage|p1a: Cradily|88\/100|[from] Stealth Rock\n|move|p2a: Urshifu|Surging Strikes|p1a: Cradily\n|-ability|p1a: Cradily|Storm Drain|boost\n|-boost|p1a: Cradily|spa|1\n|\n|upkeep\n|turn|19\n|\n|t:|1699795049\n|switch|p2a: Slowking|Slowking, F|79\/100 brn\n|move|p1a: Cradily|Infestation|p2a: Slowking\n|-supereffective|p2a: Slowking\n|-damage|p2a: Slowking|72\/100 brn\n|-activate|p2a: Slowking|move: Infestation|[of] p1a: Cradily\n|\n|-damage|p2a: Slowking|66\/100 brn|[from] brn\n|-damage|p2a: Slowking|50\/100 brn|[from] move: Infestation|[partiallytrapped]\n|upkeep\n|turn|20\n|\n|t:|1699795054\n|switch|p1a: Glimmora|Glimmora, F|100\/100\n|-damage|p1a: Glimmora|88\/100|[from] Stealth Rock\n|move|p2a: Slowking|Chilly Reception|p2a: Slowking\n|-weather|Snow\n|\n|t:|1699795070\n|switch|p2a: Blaziken|Blaziken, M|100\/100|[from] Chilly Reception\n|\n|-weather|Snow|[upkeep]\n|upkeep\n|turn|21\n|\n|t:|1699795079\n|move|p2a: Blaziken|Protect|p2a: Blaziken\n|-singleturn|p2a: Blaziken|Protect\n|move|p1a: Glimmora|Mortal Spin|p2a: Blaziken\n|-activate|p2a: Blaziken|move: Protect\n|\n|-weather|Snow|[upkeep]\n|-ability|p2a: Blaziken|Speed Boost|boost\n|-boost|p2a: Blaziken|spe|1\n|upkeep\n|turn|22\n|\n|t:|1699795082\n|move|p1a: Glimmora|Mortal Spin|p2a: Blaziken\n|-damage|p2a: Blaziken|92\/100\n|-status|p2a: Blaziken|psn\n|-sideend|p1: sgsegesgeah|Stealth Rock|[from] move: Mortal Spin|[of] p1a: Glimmora\n|move|p2a: Blaziken|Close Combat|p1a: Glimmora\n|-damage|p1a: Glimmora|11\/100\n|-unboost|p2a: Blaziken|def|1\n|-unboost|p2a: Blaziken|spd|1\n|-activate|p1a: Glimmora|ability: Toxic Debris\n|-sidestart|p2: fengfengzuikeai|move: Toxic Spikes\n|\n|-weather|Snow|[upkeep]\n|-damage|p2a: Blaziken|79\/100 psn|[from] psn\n|-ability|p2a: Blaziken|Speed Boost|boost\n|-boost|p2a: Blaziken|spe|1\n|upkeep\n|turn|23\n|\n|t:|1699795091\n|move|p2a: Blaziken|Swords Dance|p2a: Blaziken\n|-boost|p2a: Blaziken|atk|2\n|move|p1a: Glimmora|Mortal Spin|p2a: Blaziken\n|-damage|p2a: Blaziken|65\/100 psn\n|\n|-weather|Snow|[upkeep]\n|-damage|p2a: Blaziken|53\/100 psn|[from] psn\n|-ability|p2a: Blaziken|Speed Boost|boost\n|-boost|p2a: Blaziken|spe|1\n|upkeep\n|turn|24\n|\n|t:|1699795093\n|move|p2a: Blaziken|Close Combat|p1a: Glimmora\n|-damage|p1a: Glimmora|0 fnt\n|-unboost|p2a: Blaziken|def|1\n|-unboost|p2a: Blaziken|spd|1\n|-activate|p1a: Glimmora|ability: Toxic Debris\n|-sidestart|p2: fengfengzuikeai|move: Toxic Spikes\n|faint|p1a: Glimmora\n|\n|-weather|none\n|-damage|p2a: Blaziken|41\/100 psn|[from] psn\n|-ability|p2a: Blaziken|Speed Boost|boost\n|-boost|p2a: Blaziken|spe|1\n|upkeep\n|\n|t:|1699795096\n|switch|p1a: Aggron|Aggron, M|100\/100\n|turn|25\n|\n|t:|1699795099\n|detailschange|p1a: Aggron|Aggron-Mega, M\n|-mega|p1a: Aggron|Aggron|Aggronite\n|move|p2a: Blaziken|Close Combat|p1a: Aggron\n|-supereffective|p1a: Aggron\n|-damage|p1a: Aggron|19\/100\n|-unboost|p2a: Blaziken|def|1\n|-unboost|p2a: Blaziken|spd|1\n|move|p1a: Aggron|Body Press|p2a: Blaziken\n|-damage|p2a: Blaziken|0 fnt\n|faint|p2a: Blaziken\n|\n|upkeep\n|\n|t:|1699795108\n|switch|p2a: Zapdos|Zapdos|100\/100\n|turn|26\n|\n|t:|1699795111\n|switch|p1a: Tyranitar|Tyranitar, M|100\/100\n|-weather|Sandstorm|[from] ability: Sand Stream|[of] p1a: Tyranitar\n|move|p2a: Zapdos|Volt Switch|p1a: Tyranitar\n|-damage|p1a: Tyranitar|91\/100\n|\n|t:|1699795120\n|switch|p2a: Rillaboom|Rillaboom, F|100\/100|[from] Volt Switch\n|-status|p2a: Rillaboom|tox\n|-fieldstart|move: Grassy Terrain|[from] ability: Grassy Surge|[of] p2a: Rillaboom\n|\n|-weather|Sandstorm|[upkeep]\n|-damage|p2a: Rillaboom|94\/100 tox|[from] Sandstorm\n|-heal|p2a: Rillaboom|100\/100 tox|[from] Grassy Terrain\n|-heal|p1a: Tyranitar|97\/100|[from] Grassy Terrain\n|-damage|p2a: Rillaboom|94\/100 tox|[from] psn\n|upkeep\n|turn|27\n|\n|t:|1699795126\n|move|p2a: Rillaboom|Wood Hammer|p1a: Tyranitar\n|-supereffective|p1a: Tyranitar\n|-damage|p1a: Tyranitar|0 fnt\n|faint|p1a: Tyranitar\n|-damage|p2a: Rillaboom|63\/100 tox|[from] Recoil\n|\n|-weather|Sandstorm|[upkeep]\n|-damage|p2a: Rillaboom|56\/100 tox|[from] Sandstorm\n|-heal|p2a: Rillaboom|63\/100 tox|[from] Grassy Terrain\n|-heal|p2a: Rillaboom|69\/100 tox|[from] item: Leftovers\n|-damage|p2a: Rillaboom|56\/100 tox|[from] psn\n|upkeep\n|\n|t:|1699795129\n|switch|p1a: Aggron|Aggron-Mega, M|19\/100\n|turn|28\n|\n|t:|1699795134\n|switch|p2a: Zapdos|Zapdos|100\/100\n|move|p1a: Aggron|Rest|p1a: Aggron\n|-status|p1a: Aggron|slp|[from] move: Rest\n|-heal|p1a: Aggron|100\/100 slp|[silent]\n|\n|-weather|Sandstorm|[upkeep]\n|-damage|p2a: Zapdos|94\/100|[from] Sandstorm\n|upkeep\n|turn|29\n|\n|t:|1699795147\n|move|p2a: Zapdos|Defog|p1a: Aggron\n|-unboost|p1a: Aggron|evasion|1\n|-sideend|p2: fengfengzuikeai|Toxic Spikes|[from] move: Defog|[of] p2a: Zapdos\n|-fieldend|move: Grassy Terrain\n|cant|p1a: Aggron|slp\n|move|p1a: Aggron|Sleep Talk|p1a: Aggron\n|move|p1a: Aggron|Rest||[from]move: Sleep Talk|[still]\n|-fail|p1a: Aggron\n|\n|-weather|Sandstorm|[upkeep]\n|-damage|p2a: Zapdos|88\/100|[from] Sandstorm\n|upkeep\n|turn|30\n|\n|t:|1699795152\n|move|p2a: Zapdos|Volt Switch|p1a: Aggron\n|-damage|p1a: Aggron|55\/100 slp\n|\n|t:|1699795157\n|switch|p2a: Urshifu|Urshifu-Rapid-Strike, M, tera:Water|100\/100|[from] Volt Switch\n|cant|p1a: Aggron|slp\n|move|p1a: Aggron|Sleep Talk|p1a: Aggron\n|move|p1a: Aggron|Rest||[from]move: Sleep Talk|[still]\n|-fail|p1a: Aggron\n|\n|-weather|none\n|upkeep\n|turn|31\n|\n|t:|1699795163\n|move|p2a: Urshifu|Surging Strikes|p1a: Aggron\n|-crit|p1a: Aggron\n|-damage|p1a: Aggron|44\/100 slp\n|-crit|p1a: Aggron\n|-damage|p1a: Aggron|33\/100 slp\n|-crit|p1a: Aggron\n|-damage|p1a: Aggron|22\/100 slp\n|-hitcount|p1a: Aggron|3\n|-curestatus|p1a: Aggron|slp|[msg]\n|move|p1a: Aggron|Body Press|p2a: Urshifu\n|-damage|p2a: Urshifu|53\/100\n|\n|upkeep\n|turn|32\n|\n|t:|1699795168\n|switch|p2a: Rillaboom|Rillaboom, F|56\/100 tox\n|-fieldstart|move: Grassy Terrain|[from] ability: Grassy Surge|[of] p2a: Rillaboom\n|switch|p1a: Cradily|Cradily, F|88\/100\n|\n|-heal|p2a: Rillaboom|63\/100 tox|[from] Grassy Terrain\n|-heal|p2a: Rillaboom|69\/100 tox|[from] item: Leftovers\n|-heal|p1a: Cradily|94\/100|[from] Grassy Terrain\n|-damage|p2a: Rillaboom|63\/100 tox|[from] psn\n|upkeep\n|turn|33\n|\n|t:|1699795173\n|move|p2a: Rillaboom|Wood Hammer|p1a: Cradily\n|-damage|p1a: Cradily|41\/100\n|-damage|p2a: Rillaboom|46\/100 tox|[from] Recoil\n|move|p1a: Cradily|Infestation|p2a: Rillaboom\n|-supereffective|p2a: Rillaboom\n|-damage|p2a: Rillaboom|38\/100 tox\n|-activate|p2a: Rillaboom|move: Infestation|[of] p1a: Cradily\n|\n|-heal|p2a: Rillaboom|44\/100 tox|[from] Grassy Terrain\n|-heal|p2a: Rillaboom|50\/100 tox|[from] item: Leftovers\n|-heal|p1a: Cradily|47\/100|[from] Grassy Terrain\n|-damage|p2a: Rillaboom|38\/100 tox|[from] psn\n|-damage|p2a: Rillaboom|21\/100 tox|[from] move: Infestation|[partiallytrapped]\n|upkeep\n|turn|34\n|\n|t:|1699795182\n|move|p2a: Rillaboom|U-turn|p1a: Cradily\n|-supereffective|p1a: Cradily\n|-damage|p1a: Cradily|13\/100\n|\n|t:|1699795186\n|switch|p2a: Urshifu|Urshifu-Rapid-Strike, M, tera:Water|53\/100|[from] U-turn\n|move|p1a: Cradily|Infestation|p2a: Urshifu\n|-damage|p2a: Urshifu|48\/100\n|-activate|p2a: Urshifu|move: Infestation|[of] p1a: Cradily\n|\n|-heal|p2a: Urshifu|54\/100|[from] Grassy Terrain\n|-heal|p1a: Cradily|19\/100|[from] Grassy Terrain\n|-damage|p2a: Urshifu|37\/100|[from] move: Infestation|[partiallytrapped]\n|upkeep\n|turn|35\n|\n|t:|1699795191\n|move|p2a: Urshifu|U-turn|p1a: Cradily\n|-supereffective|p1a: Cradily\n|-damage|p1a: Cradily|0 fnt\n|faint|p1a: Cradily\n|\n|t:|1699795194\n|switch|p2a: Zapdos|Zapdos|88\/100|[from] U-turn\n|\n|upkeep\n|\n|t:|1699795196\n|switch|p1a: Garganacl|Garganacl, F, tera:Ghost|65\/100\n|turn|36\n|\n|t:|1699795200\n|move|p2a: Zapdos|Volt Switch|p1a: Garganacl\n|-damage|p1a: Garganacl|37\/100\n|\n|t:|1699795202\n|switch|p2a: Slowking|Slowking, F|83\/100 brn|[from] Volt Switch\n|move|p1a: Garganacl|Recover|p1a: Garganacl\n|-heal|p1a: Garganacl|87\/100\n|\n|-heal|p1a: Garganacl|93\/100|[from] Grassy Terrain\n|-heal|p2a: Slowking|89\/100 brn|[from] Grassy Terrain\n|-damage|p2a: Slowking|83\/100 brn|[from] brn\n|-fieldend|move: Grassy Terrain\n|upkeep\n|turn|37\n|\n|t:|1699795207\n|move|p1a: Garganacl|Iron Defense|p1a: Garganacl\n|-boost|p1a: Garganacl|def|2\n|move|p2a: Slowking|Future Sight|p1a: Garganacl\n|-start|p2a: Slowking|move: Future Sight\n|\n|-damage|p2a: Slowking|77\/100 brn|[from] brn\n|upkeep\n|turn|38\n|j| zgiatq\u8d85\u7ea7\u53ef\u7231\u4e4b\u795e\n|\n|t:|1699795209\n|move|p1a: Garganacl|Iron Defense|p1a: Garganacl\n|-boost|p1a: Garganacl|def|2\n|move|p2a: Slowking|Scald|p1a: Garganacl\n|-damage|p1a: Garganacl|75\/100\n|\n|-damage|p2a: Slowking|71\/100 brn|[from] brn\n|upkeep\n|turn|39\n|\n|t:|1699795216\n|move|p1a: Garganacl|Recover|p1a: Garganacl\n|-heal|p1a: Garganacl|100\/100\n|move|p2a: Slowking|Chilly Reception|p2a: Slowking\n|-weather|Snow\n|\n|t:|1699795218\n|switch|p2a: Urshifu|Urshifu-Rapid-Strike, M, tera:Water|37\/100|[from] Chilly Reception\n|\n|-weather|Snow|[upkeep]\n|-end|p1a: Garganacl|move: Future Sight\n|-damage|p1a: Garganacl|72\/100\n|upkeep\n|turn|40\n|\n|t:|1699795226\n|move|p2a: Urshifu|Surging Strikes|p1a: Garganacl\n|-crit|p1a: Garganacl\n|-damage|p1a: Garganacl|55\/100\n|-crit|p1a: Garganacl\n|-damage|p1a: Garganacl|38\/100\n|-crit|p1a: Garganacl\n|-damage|p1a: Garganacl|21\/100\n|-hitcount|p1a: Garganacl|3\n|move|p1a: Garganacl|Body Press|p2a: Urshifu\n|-damage|p2a: Urshifu|0 fnt\n|faint|p2a: Urshifu\n|\n|-weather|Snow|[upkeep]\n|upkeep\n|\n|t:|1699795229\n|switch|p2a: Zapdos|Zapdos|88\/100\n|turn|41\n|\n|t:|1699795232\n|move|p2a: Zapdos|Volt Switch|p1a: Garganacl\n|-damage|p1a: Garganacl|0 fnt\n|faint|p1a: Garganacl\n|\n|t:|1699795236\n|switch|p2a: Slowking|Slowking, F|100\/100 brn|[from] Volt Switch\n|\n|-weather|Snow|[upkeep]\n|-damage|p2a: Slowking|94\/100 brn|[from] brn\n|upkeep\n|-message|sgsegesgeah forfeited.\n|\n|win|fengfengzuikeai\n|raw|sgsegesgeah's rating: 1523 &rarr; <strong>1515<\/strong><br \/>(-8 for losing)\n|raw|fengfengzuikeai's rating: 1768 &rarr; <strong>1776<\/strong><br \/>(+8 for winning)\n|l|\u2606sgsegesgeah\n","uploadtime":1699795243,"views":4,"p1id":"sgsegesgeah","p2id":"fengfengzuikeai","formatid":"gen9nationaldex","rating":1515,"private":0,"password":""}