{"id":"gen9nationaldex-1987105609","p1":"Bananas2001","p2":"dvdpoola","format":"[Gen 9] National Dex","log":"|j|\u2606Bananas2001\n|j|\u2606dvdpoola\n|t:|1699556502\n|gametype|singles\n|player|p1|Bananas2001|cyrus|1173\n|player|p2|dvdpoola|clown|1211\n|teamsize|p1|6\n|teamsize|p2|6\n|gen|9\n|tier|[Gen 9] National Dex\n|rated|\n|rule|HP Percentage Mod: HP is shown in percentages\n|rule|Endless Battle Clause: Forcing endless battles is banned\n|rule|OHKO Clause: OHKO moves are banned\n|rule|Evasion Clause: Evasion abilities, items, and moves are banned\n|rule|Evasion Abilities Clause: Evasion abilities are banned\n|rule|Evasion Items Clause: Evasion items are banned\n|rule|Evasion Moves Clause: Evasion moves are banned\n|rule|Species Clause: Limit one of each Pok\u00e9mon\n|rule|Sleep Clause Mod: Limit one foe put to sleep\n|clearpoke\n|poke|p1|Malamar, F|\n|poke|p1|Machamp, M|\n|poke|p1|Baxcalibur, F|\n|poke|p1|Iron Valiant|\n|poke|p1|Ursaluna-Bloodmoon, M|\n|poke|p1|Cinderace, M|\n|poke|p2|Hatterene, F|\n|poke|p2|Rabsca, F|\n|poke|p2|Rhyperior, M|\n|poke|p2|Bisharp, M|\n|poke|p2|Salamence, F|\n|poke|p2|Dudunsparce-*, M|\n|teampreview\n|\n|t:|1699556508\n|start\n|switch|p1a: Ursaluna|Ursaluna-Bloodmoon, M|100\/100\n|switch|p2a: Hatterene|Hatterene, F|100\/100\n|turn|1\n|inactive|Battle timer is ON: inactive players will automatically lose when time's up. (requested by dvdpoola)\n|inactive|Bananas2001 also wants the timer to be on.\n|\n|t:|1699556522\n|move|p1a: Ursaluna|Moonblast|p2a: Hatterene\n|-damage|p2a: Hatterene|68\/100\n|move|p2a: Hatterene|Trick Room|p2a: Hatterene\n|-fieldstart|move: Trick Room|[of] p2a: Hatterene\n|\n|upkeep\n|turn|2\n|\n|t:|1699556531\n|move|p2a: Hatterene|Mystical Fire|p1a: Ursaluna\n|-damage|p1a: Ursaluna|76\/100\n|-unboost|p1a: Ursaluna|spa|1\n|move|p1a: Ursaluna|Blood Moon|p2a: Hatterene\n|-damage|p2a: Hatterene|14\/100\n|\n|-heal|p1a: Ursaluna|82\/100|[from] item: Leftovers\n|upkeep\n|turn|3\n|\n|t:|1699556541\n|move|p2a: Hatterene|Misty Explosion|p1a: Ursaluna\n|-damage|p1a: Ursaluna|27\/100\n|faint|p2a: Hatterene\n|move|p1a: Ursaluna|Moonblast|p2: Hatterene|[notarget]\n|-fail|p1a: Ursaluna\n|\n|-heal|p1a: Ursaluna|34\/100|[from] item: Leftovers\n|upkeep\n|\n|t:|1699556552\n|switch|p2a: Dudunsparce|Dudunsparce, M|100\/100\n|turn|4\n|\n|t:|1699556558\n|move|p1a: Ursaluna|Brick Break|p2a: Dudunsparce\n|-supereffective|p2a: Dudunsparce\n|-damage|p2a: Dudunsparce|82\/100\n|move|p2a: Dudunsparce|Ancient Power|p1a: Ursaluna\n|-resisted|p1a: Ursaluna\n|-damage|p1a: Ursaluna|26\/100\n|\n|-heal|p1a: Ursaluna|32\/100|[from] item: Leftovers\n|upkeep\n|turn|5\n|\n|t:|1699556569\n|-terastallize|p2a: Dudunsparce|Poison\n|move|p1a: Ursaluna|Brick Break|p2a: Dudunsparce\n|-resisted|p2a: Dudunsparce\n|-damage|p2a: Dudunsparce|78\/100\n|move|p2a: Dudunsparce|Ancient Power|p1a: Ursaluna\n|-resisted|p1a: Ursaluna\n|-crit|p1a: Ursaluna\n|-damage|p1a: Ursaluna|22\/100\n|-boost|p2a: Dudunsparce|atk|1\n|-boost|p2a: Dudunsparce|def|1\n|-boost|p2a: Dudunsparce|spa|1\n|-boost|p2a: Dudunsparce|spd|1\n|-boost|p2a: Dudunsparce|spe|1\n|\n|-heal|p1a: Ursaluna|28\/100|[from] item: Leftovers\n|-fieldend|move: Trick Room\n|upkeep\n|turn|6\n|\n|t:|1699556583\n|move|p2a: Dudunsparce|Air Slash|p1a: Ursaluna\n|-damage|p1a: Ursaluna|1\/100\n|cant|p1a: Ursaluna|flinch\n|\n|-heal|p1a: Ursaluna|7\/100|[from] item: Leftovers\n|upkeep\n|turn|7\n|\n|t:|1699556590\n|move|p2a: Dudunsparce|Ancient Power|p1a: Ursaluna\n|-resisted|p1a: Ursaluna\n|-damage|p1a: Ursaluna|0 fnt\n|faint|p1a: Ursaluna\n|\n|upkeep\n|\n|t:|1699556597\n|switch|p1a: Malamar|Malamar, F|100\/100\n|turn|8\n|\n|t:|1699556607\n|move|p1a: Malamar|Stored Power|p2a: Dudunsparce\n|-supereffective|p2a: Dudunsparce\n|-damage|p2a: Dudunsparce|73\/100\n|move|p2a: Dudunsparce|Air Slash|p1a: Malamar\n|-damage|p1a: Malamar|70\/100\n|\n|-heal|p1a: Malamar|76\/100|[from] item: Leftovers\n|upkeep\n|turn|9\n|\n|t:|1699556618\n|move|p1a: Malamar|Superpower|p2a: Dudunsparce\n|-resisted|p2a: Dudunsparce\n|-damage|p2a: Dudunsparce|68\/100\n|-boost|p1a: Malamar|atk|1\n|-boost|p1a: Malamar|def|1\n|move|p2a: Dudunsparce|Ancient Power|p1a: Malamar\n|-damage|p1a: Malamar|54\/100\n|\n|-heal|p1a: Malamar|61\/100|[from] item: Leftovers\n|upkeep\n|turn|10\n|\n|t:|1699556628\n|move|p1a: Malamar|Superpower|p2a: Dudunsparce\n|-resisted|p2a: Dudunsparce\n|-damage|p2a: Dudunsparce|58\/100\n|-boost|p1a: Malamar|atk|1\n|-boost|p1a: Malamar|def|1\n|move|p2a: Dudunsparce|Ancient Power|p1a: Malamar\n|-damage|p1a: Malamar|35\/100\n|-boost|p2a: Dudunsparce|atk|1\n|-boost|p2a: Dudunsparce|def|1\n|-boost|p2a: Dudunsparce|spa|1\n|-boost|p2a: Dudunsparce|spd|1\n|-boost|p2a: Dudunsparce|spe|1\n|\n|-heal|p1a: Malamar|41\/100|[from] item: Leftovers\n|upkeep\n|turn|11\n|\n|t:|1699556644\n|move|p2a: Dudunsparce|Earth Power|p1a: Malamar\n|-damage|p1a: Malamar|0 fnt\n|faint|p1a: Malamar\n|\n|upkeep\n|\n|t:|1699556648\n|switch|p1a: Machamp|Machamp, M|100\/100\n|turn|12\n|\n|t:|1699556655\n|move|p2a: Dudunsparce|Air Slash|p1a: Machamp\n|-supereffective|p1a: Machamp\n|-damage|p1a: Machamp|29\/100\n|move|p1a: Machamp|Knock Off|p2a: Dudunsparce\n|-damage|p2a: Dudunsparce|48\/100\n|-enditem|p2a: Dudunsparce|Assault Vest|[from] move: Knock Off|[of] p1a: Machamp\n|\n|upkeep\n|turn|13\n|\n|t:|1699556667\n|move|p2a: Dudunsparce|Air Slash|p1a: Machamp\n|-supereffective|p1a: Machamp\n|-damage|p1a: Machamp|0 fnt\n|faint|p1a: Machamp\n|\n|upkeep\n|\n|t:|1699556672\n|switch|p1a: Cinderace|Cinderace, M|100\/100\n|turn|14\n|\n|t:|1699556679\n|move|p1a: Cinderace|Acrobatics|p2a: Dudunsparce\n|-start|p1a: Cinderace|typechange|Flying|[from] ability: Libero\n|-damage|p2a: Dudunsparce|38\/100\n|move|p2a: Dudunsparce|Ancient Power|p1a: Cinderace\n|-supereffective|p1a: Cinderace\n|-damage|p1a: Cinderace|19\/100\n|-boost|p2a: Dudunsparce|atk|1\n|-boost|p2a: Dudunsparce|def|1\n|-boost|p2a: Dudunsparce|spa|1\n|-boost|p2a: Dudunsparce|spd|1\n|-boost|p2a: Dudunsparce|spe|1\n|\n|upkeep\n|turn|15\n|\n|t:|1699556691\n|move|p1a: Cinderace|Blaze Kick|p2a: Dudunsparce\n|-damage|p2a: Dudunsparce|31\/100\n|move|p2a: Dudunsparce|Ancient Power|p1a: Cinderace\n|-supereffective|p1a: Cinderace\n|-damage|p1a: Cinderace|0 fnt\n|faint|p1a: Cinderace\n|\n|upkeep\n|\n|t:|1699556695\n|switch|p1a: Iron Valiant|Iron Valiant|100\/100\n|-enditem|p1a: Iron Valiant|Booster Energy\n|-activate|p1a: Iron Valiant|ability: Quark Drive|[fromitem]\n|-start|p1a: Iron Valiant|quarkdrivespa\n|turn|16\n|\n|t:|1699556704\n|-terastallize|p1a: Iron Valiant|Ghost\n|move|p2a: Dudunsparce|Air Slash|p1a: Iron Valiant\n|-damage|p1a: Iron Valiant|24\/100\n|cant|p1a: Iron Valiant|flinch\n|\n|upkeep\n|turn|17\n|\n|t:|1699556712\n|move|p2a: Dudunsparce|Air Slash|p1a: Iron Valiant|[miss]\n|-miss|p2a: Dudunsparce|p1a: Iron Valiant\n|move|p1a: Iron Valiant|Psychic|p2a: Dudunsparce\n|-supereffective|p2a: Dudunsparce\n|-damage|p2a: Dudunsparce|0 fnt\n|faint|p2a: Dudunsparce\n|\n|upkeep\n|\n|t:|1699556728\n|switch|p2a: Rabsca|Rabsca, F|100\/100\n|turn|18\n|\n|t:|1699556734\n|move|p1a: Iron Valiant|Moonblast|p2a: Rabsca\n|-damage|p2a: Rabsca|39\/100\n|move|p2a: Rabsca|Trick Room|p2a: Rabsca\n|-fieldstart|move: Trick Room|[of] p2a: Rabsca\n|\n|upkeep\n|turn|19\n|\n|t:|1699556744\n|-end|p1a: Iron Valiant|Quark Drive|[silent]\n|switch|p1a: Baxcalibur|Baxcalibur, F|100\/100\n|move|p2a: Rabsca|Psychic|p1a: Baxcalibur\n|-damage|p1a: Baxcalibur|40\/100\n|-damage|p2a: Rabsca|29\/100|[from] item: Life Orb\n|\n|-heal|p1a: Baxcalibur|47\/100|[from] item: Leftovers\n|upkeep\n|turn|20\n|\n|t:|1699556754\n|move|p2a: Rabsca|Psychic|p1a: Baxcalibur\n|-damage|p1a: Baxcalibur|0 fnt\n|faint|p1a: Baxcalibur\n|-damage|p2a: Rabsca|19\/100|[from] item: Life Orb\n|\n|upkeep\n|\n|t:|1699556759\n|switch|p1a: Iron Valiant|Iron Valiant, tera:Ghost|24\/100\n|turn|21\n|c|\u2606Bananas2001|gg\n|\n|t:|1699556763\n|move|p2a: Rabsca|Psychic|p1a: Iron Valiant\n|-damage|p1a: Iron Valiant|0 fnt\n|faint|p1a: Iron Valiant\n|-end|p1a: Iron Valiant|Quark Drive|[silent]\n|-damage|p2a: Rabsca|10\/100|[from] item: Life Orb\n|\n|win|dvdpoola\n|raw|Bananas2001's rating: 1173 &rarr; <strong>1151<\/strong><br \/>(-22 for losing)\n|raw|dvdpoola's rating: 1211 &rarr; <strong>1233<\/strong><br \/>(+22 for winning)\n|l|\u2606Bananas2001\n","uploadtime":1699556778,"views":19,"p1id":"bananas2001","p2id":"dvdpoola","formatid":"gen9nationaldex","rating":1151,"private":0,"password":""}