{"id":"gen9nationaldex-1987999243","p1":"JL_recruta","p2":"LaArianaGrande","format":"[Gen 9] National Dex","log":"|j|\u2606JL_recruta\n|j|\u2606LaArianaGrande\n|t:|1699657560\n|gametype|singles\n|player|p1|JL_recruta|nate|1419\n|player|p2|LaArianaGrande|266|1354\n|teamsize|p1|6\n|teamsize|p2|6\n|gen|9\n|tier|[Gen 9] National Dex\n|rated|\n|rule|HP Percentage Mod: HP is shown in percentages\n|rule|Endless Battle Clause: Forcing endless battles is banned\n|rule|OHKO Clause: OHKO moves are banned\n|rule|Evasion Clause: Evasion abilities, items, and moves are banned\n|rule|Evasion Abilities Clause: Evasion abilities are banned\n|rule|Evasion Items Clause: Evasion items are banned\n|rule|Evasion Moves Clause: Evasion moves are banned\n|rule|Species Clause: Limit one of each Pok\u00e9mon\n|rule|Sleep Clause Mod: Limit one foe put to sleep\n|clearpoke\n|poke|p1|Charizard, F|\n|poke|p1|Leafeon, M|\n|poke|p1|Maushold-Four|\n|poke|p1|Kleavor, F|\n|poke|p1|Iron Valiant|\n|poke|p1|Moltres-Galar|\n|poke|p2|Maushold-Four|\n|poke|p2|Heatran, F|\n|poke|p2|Gliscor, M|\n|poke|p2|Gyarados, F|\n|poke|p2|Tapu Koko|\n|poke|p2|Iron Valiant|\n|teampreview\n|c|\u2606JL_recruta|Maushold XD\n|inactive|Battle timer is ON: inactive players will automatically lose when time's up. (requested by LaArianaGrande)\n|\n|t:|1699657580\n|start\n|switch|p1a: Kleavor|Kleavor, F|100\/100\n|switch|p2a: Gliscor|Gliscor, M|100\/100\n|turn|1\n|\n|t:|1699657586\n|move|p1a: Kleavor|Stone Axe|p2a: Gliscor\n|-damage|p2a: Gliscor|71\/100\n|-sidestart|p2: LaArianaGrande|move: Stealth Rock\n|move|p2a: Gliscor|Substitute|p2a: Gliscor\n|-start|p2a: Gliscor|Substitute\n|-damage|p2a: Gliscor|46\/100\n|\n|-status|p2a: Gliscor|tox|[from] item: Toxic Orb\n|upkeep\n|turn|2\n|\n|t:|1699657591\n|move|p2a: Gliscor|Protect|p2a: Gliscor\n|-singleturn|p2a: Gliscor|Protect\n|move|p1a: Kleavor|Stone Axe|p2a: Gliscor\n|-activate|p2a: Gliscor|move: Protect\n|\n|-heal|p2a: Gliscor|58\/100 tox|[from] ability: Poison Heal\n|upkeep\n|turn|3\n|\n|t:|1699657598\n|move|p1a: Kleavor|Stone Axe|p2a: Gliscor\n|-end|p2a: Gliscor|Substitute\n|move|p2a: Gliscor|Swords Dance|p2a: Gliscor\n|-boost|p2a: Gliscor|atk|2\n|\n|-heal|p2a: Gliscor|71\/100 tox|[from] ability: Poison Heal\n|upkeep\n|turn|4\n|\n|t:|1699657605\n|move|p2a: Gliscor|Protect|p2a: Gliscor\n|-singleturn|p2a: Gliscor|Protect\n|move|p1a: Kleavor|Stone Axe|p2a: Gliscor\n|-activate|p2a: Gliscor|move: Protect\n|\n|-heal|p2a: Gliscor|83\/100 tox|[from] ability: Poison Heal\n|upkeep\n|turn|5\n|\n|t:|1699657617\n|move|p1a: Kleavor|Stone Axe|p2a: Gliscor\n|-damage|p2a: Gliscor|52\/100 tox\n|move|p2a: Gliscor|Substitute|p2a: Gliscor\n|-start|p2a: Gliscor|Substitute\n|-damage|p2a: Gliscor|28\/100 tox\n|\n|-heal|p2a: Gliscor|40\/100 tox|[from] ability: Poison Heal\n|upkeep\n|turn|6\n|\n|t:|1699657621\n|switch|p1a: Maushold|Maushold-Four|100\/100\n|move|p2a: Gliscor|Protect||[still]\n|-fail|p2a: Gliscor\n|\n|-heal|p2a: Gliscor|52\/100 tox|[from] ability: Poison Heal\n|upkeep\n|turn|7\n|\n|t:|1699657626\n|move|p1a: Maushold|Encore|p2a: Gliscor\n|-start|p2a: Gliscor|Encore\n|move|p2a: Gliscor|Protect||[still]\n|-fail|p2a: Gliscor\n|\n|-heal|p2a: Gliscor|65\/100 tox|[from] ability: Poison Heal\n|upkeep\n|turn|8\n|\n|t:|1699657630\n|move|p2a: Gliscor|Protect|p2a: Gliscor\n|-singleturn|p2a: Gliscor|Protect\n|move|p1a: Maushold|Tidy Up|p1a: Maushold\n|-end|p2a: Gliscor|Substitute\n|-sideend|p2: LaArianaGrande|Stealth Rock\n|-activate|p1a: Maushold|move: Tidy Up\n|-boost|p1a: Maushold|atk|1\n|-boost|p1a: Maushold|spe|1\n|\n|-heal|p2a: Gliscor|77\/100 tox|[from] ability: Poison Heal\n|upkeep\n|turn|9\n|\n|t:|1699657635\n|switch|p2a: Gyarados|Gyarados, F|100\/100\n|-ability|p2a: Gyarados|Intimidate|boost\n|-unboost|p1a: Maushold|atk|1\n|move|p1a: Maushold|Population Bomb|p2a: Gyarados\n|-damage|p2a: Gyarados|88\/100\n|-damage|p2a: Gyarados|72\/100\n|-damage|p2a: Gyarados|60\/100\n|-damage|p2a: Gyarados|45\/100\n|-damage|p2a: Gyarados|30\/100\n|-damage|p2a: Gyarados|14\/100\n|-damage|p2a: Gyarados|0 fnt\n|faint|p2a: Gyarados\n|-hitcount|p2: Gyarados|7\n|\n|upkeep\n|\n|t:|1699657646\n|switch|p2a: Maushold|Maushold-Four|100\/100\n|turn|10\n|\n|t:|1699657655\n|move|p1a: Maushold|Population Bomb|p2a: Maushold\n|-damage|p2a: Maushold|85\/100\n|-damage|p2a: Maushold|69\/100\n|-damage|p2a: Maushold|51\/100\n|-damage|p2a: Maushold|34\/100\n|-damage|p2a: Maushold|16\/100\n|-damage|p2a: Maushold|0 fnt\n|faint|p2a: Maushold\n|-hitcount|p2: Maushold|6\n|\n|upkeep\n|\n|t:|1699657660\n|switch|p2a: Tapu Koko|Tapu Koko|100\/100\n|-fieldstart|move: Electric Terrain|[from] ability: Electric Surge|[of] p2a: Tapu Koko\n|turn|11\n|\n|t:|1699657668\n|move|p1a: Maushold|Tidy Up|p1a: Maushold\n|-boost|p1a: Maushold|atk|1\n|-boost|p1a: Maushold|spe|1\n|move|p2a: Tapu Koko|Reflect|p2a: Tapu Koko\n|-sidestart|p2: LaArianaGrande|Reflect\n|\n|upkeep\n|turn|12\n|\n|t:|1699657677\n|move|p1a: Maushold|Encore|p2a: Tapu Koko\n|-start|p2a: Tapu Koko|Encore\n|move|p2a: Tapu Koko|Reflect||[still]\n|-fail|p2a: Tapu Koko\n|\n|upkeep\n|turn|13\n|\n|t:|1699657683\n|switch|p2a: Gliscor|Gliscor, M|77\/100 tox\n|move|p1a: Maushold|Tidy Up|p1a: Maushold\n|-boost|p1a: Maushold|atk|1\n|-boost|p1a: Maushold|spe|1\n|\n|-heal|p2a: Gliscor|90\/100 tox|[from] ability: Poison Heal\n|upkeep\n|turn|14\n|\n|t:|1699657688\n|move|p1a: Maushold|Population Bomb|p2a: Gliscor\n|-damage|p2a: Gliscor|83\/100 tox\n|-damage|p2a: Gliscor|76\/100 tox\n|-damage|p2a: Gliscor|70\/100 tox\n|-damage|p2a: Gliscor|64\/100 tox\n|-damage|p2a: Gliscor|58\/100 tox\n|-damage|p2a: Gliscor|51\/100 tox\n|-damage|p2a: Gliscor|44\/100 tox\n|-damage|p2a: Gliscor|38\/100 tox\n|-damage|p2a: Gliscor|31\/100 tox\n|-damage|p2a: Gliscor|25\/100 tox\n|-hitcount|p2a: Gliscor|10\n|move|p2a: Gliscor|Dual Wingbeat|p1a: Maushold\n|-damage|p1a: Maushold|80\/100\n|-damage|p1a: Maushold|58\/100\n|-hitcount|p1a: Maushold|2\n|\n|-heal|p2a: Gliscor|37\/100 tox|[from] ability: Poison Heal\n|upkeep\n|turn|15\n|\n|t:|1699657700\n|-terastallize|p1a: Maushold|Normal\n|move|p1a: Maushold|Population Bomb|p2a: Gliscor\n|-crit|p2a: Gliscor\n|-damage|p2a: Gliscor|13\/100 tox\n|-damage|p2a: Gliscor|4\/100 tox\n|-damage|p2a: Gliscor|0 fnt\n|faint|p2a: Gliscor\n|-hitcount|p2: Gliscor|3\n|\n|-fieldend|move: Electric Terrain\n|upkeep\n|\n|t:|1699657702\n|switch|p2a: Iron Valiant|Iron Valiant|100\/100\n|turn|16\n|\n|t:|1699657709\n|-end|p2a: Iron Valiant|Quark Drive|[silent]\n|switch|p2a: Tapu Koko|Tapu Koko|100\/100\n|-fieldstart|move: Electric Terrain|[from] ability: Electric Surge|[of] p2a: Tapu Koko\n|move|p1a: Maushold|Population Bomb|p2a: Tapu Koko\n|-damage|p2a: Tapu Koko|85\/100\n|-damage|p2a: Tapu Koko|68\/100\n|-damage|p2a: Tapu Koko|52\/100\n|-damage|p2a: Tapu Koko|36\/100\n|-damage|p2a: Tapu Koko|21\/100\n|-hitcount|p2a: Tapu Koko|5\n|\n|upkeep\n|turn|17\n|\n|t:|1699657713\n|move|p1a: Maushold|Population Bomb|p2a: Tapu Koko\n|-damage|p2a: Tapu Koko|4\/100\n|-damage|p2a: Tapu Koko|0 fnt\n|faint|p2a: Tapu Koko\n|-hitcount|p2: Tapu Koko|2\n|\n|upkeep\n|\n|t:|1699657715\n|switch|p2a: Iron Valiant|Iron Valiant|100\/100\n|-activate|p2a: Iron Valiant|ability: Quark Drive\n|-start|p2a: Iron Valiant|quarkdrivespe\n|turn|18\n|\n|t:|1699657724\n|-terastallize|p2a: Iron Valiant|Fairy\n|move|p1a: Maushold|Population Bomb|p2a: Iron Valiant\n|-damage|p2a: Iron Valiant|82\/100\n|-damage|p2a: Iron Valiant|63\/100\n|-damage|p2a: Iron Valiant|44\/100\n|-damage|p2a: Iron Valiant|25\/100\n|-damage|p2a: Iron Valiant|7\/100\n|-damage|p2a: Iron Valiant|0 fnt\n|faint|p2a: Iron Valiant\n|-end|p2a: Iron Valiant|Quark Drive|[silent]\n|-hitcount|p2: Iron Valiant|6\n|\n|-sideend|p2: LaArianaGrande|Reflect\n|upkeep\n|-message|LaArianaGrande forfeited.\n|\n|win|JL_recruta\n|raw|JL_recruta's rating: 1419 &rarr; <strong>1435<\/strong><br \/>(+16 for winning)\n|raw|LaArianaGrande's rating: 1354 &rarr; <strong>1338<\/strong><br \/>(-16 for losing)\n|l|\u2606LaArianaGrande\n","uploadtime":1699657738,"views":5,"p1id":"jlrecruta","p2id":"laarianagrande","formatid":"gen9nationaldex","rating":1338,"private":0,"password":""}