{"id":"gen9nationaldex-1998923997","p1":"EeeeGgKR","p2":"MMM12341234124","format":"[Gen 9] National Dex","log":"|html|<div class=\"broadcast-blue\"><strong>[Gen 9] National Dex is currently suspecting Sneasler! For information on how to participate check out the <a href=\"https:\/\/www.smogon.com\/forums\/threads\/sv-national-dex-suspect-8-just-dance.3731534\/\">suspect thread<\/a>.<\/strong><\/div>\n|j|\u2606EeeeGgKR\n|j|\u2606MMM12341234124\n|t:|1701013655\n|gametype|singles\n|player|p1|EeeeGgKR|2|1461\n|player|p2|MMM12341234124|iris|1501\n|teamsize|p1|6\n|teamsize|p2|6\n|gen|9\n|tier|[Gen 9] National Dex\n|rated|\n|rule|HP Percentage Mod: HP is shown in percentages\n|rule|Endless Battle Clause: Forcing endless battles is banned\n|rule|OHKO Clause: OHKO moves are banned\n|rule|Evasion Clause: Evasion abilities, items, and moves are banned\n|rule|Evasion Abilities Clause: Evasion abilities are banned\n|rule|Evasion Items Clause: Evasion items are banned\n|rule|Evasion Moves Clause: Evasion moves are banned\n|rule|Species Clause: Limit one of each Pok\u00e9mon\n|rule|Sleep Clause Mod: Limit one foe put to sleep\n|clearpoke\n|poke|p1|Zapdos|\n|poke|p1|Tapu Lele|\n|poke|p1|Infernape, M|\n|poke|p1|Sneasler, M|\n|poke|p1|Diancie|\n|poke|p1|Greninja-*, M|\n|poke|p2|Nihilego|\n|poke|p2|Ting-Lu|\n|poke|p2|Moltres|\n|poke|p2|Scizor, F|\n|poke|p2|Kommo-o, F|\n|poke|p2|Ursaluna, M|\n|teampreview\n|inactive|Battle timer is ON: inactive players will automatically lose when time's up. (requested by MMM12341234124)\n|\n|t:|1701013671\n|start\n|switch|p1a: Diancie|Diancie|100\/100\n|switch|p2a: Scizor|Scizor, F|100\/100\n|turn|1\n|\n|t:|1701013678\n|switch|p1a: Tapu Lele|Tapu Lele|100\/100\n|-fieldstart|move: Psychic Terrain|[from] ability: Psychic Surge|[of] p1a: Tapu Lele\n|detailschange|p2a: Scizor|Scizor-Mega, F\n|-mega|p2a: Scizor|Scizor|Scizorite\n|move|p2a: Scizor|Bullet Punch|p1a: Tapu Lele\n|-activate|p1a: Tapu Lele|move: Psychic Terrain\n|\n|upkeep\n|turn|2\n|\n|t:|1701013688\n|switch|p1a: Sneasler|Sneasler, M|100\/100\n|-enditem|p1a: Sneasler|Psychic Seed\n|-boost|p1a: Sneasler|spd|1|[from] item: Psychic Seed\n|switch|p2a: Moltres|Moltres|100\/100\n|\n|upkeep\n|turn|3\n|\n|t:|1701013698\n|-terastallize|p1a: Sneasler|Flying\n|move|p1a: Sneasler|Acrobatics|p2a: Moltres\n|-damage|p2a: Moltres|55\/100\n|move|p2a: Moltres|Mystical Fire|p1a: Sneasler\n|-damage|p1a: Sneasler|71\/100\n|-unboost|p1a: Sneasler|spa|1\n|\n|upkeep\n|turn|4\n|\n|t:|1701013705\n|move|p1a: Sneasler|Dire Claw|p2a: Moltres\n|-damage|p2a: Moltres|24\/100\n|-status|p2a: Moltres|par\n|cant|p2a: Moltres|par\n|\n|upkeep\n|turn|5\n|\n|t:|1701013719\n|move|p1a: Sneasler|Swords Dance|p1a: Sneasler\n|-boost|p1a: Sneasler|atk|2\n|cant|p2a: Moltres|par\n|\n|-fieldend|move: Psychic Terrain\n|upkeep\n|turn|6\n|\n|t:|1701013724\n|move|p1a: Sneasler|Acrobatics|p2a: Moltres\n|-damage|p2a: Moltres|0 fnt\n|-status|p1a: Sneasler|brn|[from] ability: Flame Body|[of] p2a: Moltres\n|faint|p2a: Moltres\n|\n|-damage|p1a: Sneasler|65\/100 brn|[from] brn\n|upkeep\n|\n|t:|1701013729\n|switch|p2a: Scizor|Scizor-Mega, F|100\/100\n|turn|7\n|\n|t:|1701013732\n|move|p1a: Sneasler|Close Combat|p2a: Scizor\n|-crit|p2a: Scizor\n|-damage|p2a: Scizor|21\/100\n|-unboost|p1a: Sneasler|def|1\n|-unboost|p1a: Sneasler|spd|1\n|move|p2a: Scizor|Curse|p2a: Scizor\n|-unboost|p2a: Scizor|spe|1\n|-boost|p2a: Scizor|atk|1\n|-boost|p2a: Scizor|def|1\n|\n|-damage|p1a: Sneasler|59\/100 brn|[from] brn\n|upkeep\n|turn|8\n|c|\u2606MMM12341234124|\uff1f\n|\n|t:|1701013742\n|switch|p1a: Tapu Lele|Tapu Lele|100\/100\n|-fieldstart|move: Psychic Terrain|[from] ability: Psychic Surge|[of] p1a: Tapu Lele\n|move|p2a: Scizor|Roost|p2a: Scizor\n|-heal|p2a: Scizor|71\/100\n|-singleturn|p2a: Scizor|move: Roost\n|\n|upkeep\n|turn|9\n|\n|t:|1701013750\n|switch|p1a: Sneasler|Sneasler, M, tera:Flying|59\/100 brn\n|switch|p2a: \u770b\u5230\u53d7\u961f\u5c31\u6295|Ting-Lu|100\/100\n|-ability|p2a: \u770b\u5230\u53d7\u961f\u5c31\u6295|Vessel of Ruin\n|\n|-damage|p1a: Sneasler|53\/100 brn|[from] brn\n|upkeep\n|turn|10\n|\n|t:|1701013755\n|move|p1a: Sneasler|Dire Claw|p2a: \u770b\u5230\u53d7\u961f\u5c31\u6295\n|-resisted|p2a: \u770b\u5230\u53d7\u961f\u5c31\u6295\n|-damage|p2a: \u770b\u5230\u53d7\u961f\u5c31\u6295|94\/100\n|-status|p2a: \u770b\u5230\u53d7\u961f\u5c31\u6295|par\n|move|p2a: \u770b\u5230\u53d7\u961f\u5c31\u6295|Stealth Rock|p1a: Sneasler\n|-sidestart|p1: EeeeGgKR|move: Stealth Rock\n|\n|-heal|p2a: \u770b\u5230\u53d7\u961f\u5c31\u6295|99\/100 par|[from] item: Leftovers\n|-damage|p1a: Sneasler|48\/100 brn|[from] brn\n|upkeep\n|turn|11\n|c|\u2606MMM12341234124|\uff1f\n|\n|t:|1701013762\n|move|p1a: Sneasler|Swords Dance|p1a: Sneasler\n|-boost|p1a: Sneasler|atk|2\n|move|p2a: \u770b\u5230\u53d7\u961f\u5c31\u6295|Whirlwind|p1a: Sneasler\n|drag|p1a: Infernape|Infernape, M|100\/100\n|-damage|p1a: Infernape|88\/100|[from] Stealth Rock\n|\n|-heal|p2a: \u770b\u5230\u53d7\u961f\u5c31\u6295|100\/100 par|[from] item: Leftovers\n|upkeep\n|turn|12\n|\n|t:|1701013770\n|move|p1a: Infernape|Swords Dance|p1a: Infernape\n|-boost|p1a: Infernape|atk|2\n|move|p2a: \u770b\u5230\u53d7\u961f\u5c31\u6295|Earthquake|p1a: Infernape\n|-supereffective|p1a: Infernape\n|-damage|p1a: Infernape|0 fnt\n|faint|p1a: Infernape\n|\n|-fieldend|move: Psychic Terrain\n|upkeep\n|\n|t:|1701013778\n|switch|p1a: Zapdos|Zapdos|100\/100\n|turn|13\n|\n|t:|1701013786\n|move|p1a: Zapdos|Defog|p2a: \u770b\u5230\u53d7\u961f\u5c31\u6295\n|-unboost|p2a: \u770b\u5230\u53d7\u961f\u5c31\u6295|evasion|1\n|-sideend|p1: EeeeGgKR|Stealth Rock|[from] move: Defog|[of] p1a: Zapdos\n|cant|p2a: \u770b\u5230\u53d7\u961f\u5c31\u6295|par\n|\n|upkeep\n|turn|14\n|\n|t:|1701013793\n|switch|p1a: Sneasler|Sneasler, M, tera:Flying|48\/100 brn\n|move|p2a: \u770b\u5230\u53d7\u961f\u5c31\u6295|Ruination|p1a: Sneasler\n|-damage|p1a: Sneasler|24\/100 brn\n|\n|-damage|p1a: Sneasler|18\/100 brn|[from] brn\n|upkeep\n|turn|15\n|\n|t:|1701013801\n|switch|p2a: Scizor|Scizor-Mega, F|71\/100\n|move|p1a: Sneasler|Swords Dance|p1a: Sneasler\n|-boost|p1a: Sneasler|atk|2\n|\n|-damage|p1a: Sneasler|12\/100 brn|[from] brn\n|upkeep\n|turn|16\n|\n|t:|1701013807\n|switch|p1a: Zapdos|Zapdos|100\/100\n|move|p2a: Scizor|Close Combat|p1a: Zapdos\n|-resisted|p1a: Zapdos\n|-damage|p1a: Zapdos|83\/100\n|-unboost|p2a: Scizor|def|1\n|-unboost|p2a: Scizor|spd|1\n|\n|upkeep\n|turn|17\n|\n|t:|1701013818\n|switch|p2a: \u770b\u5230\u53d7\u961f\u5c31\u6295|Ting-Lu|100\/100 par\n|-ability|p2a: \u770b\u5230\u53d7\u961f\u5c31\u6295|Vessel of Ruin\n|move|p1a: Zapdos|Thunder Wave|p2a: \u770b\u5230\u53d7\u961f\u5c31\u6295\n|-immune|p2a: \u770b\u5230\u53d7\u961f\u5c31\u6295\n|\n|upkeep\n|turn|18\n|\n|t:|1701013833\n|switch|p1a: Sneasler|Sneasler, M, tera:Flying|12\/100 brn\n|move|p2a: \u770b\u5230\u53d7\u961f\u5c31\u6295|Stealth Rock|p1a: Sneasler\n|-sidestart|p1: EeeeGgKR|move: Stealth Rock\n|\n|-damage|p1a: Sneasler|6\/100 brn|[from] brn\n|upkeep\n|turn|19\n|\n|t:|1701013842\n|switch|p2a: Ursaluna|Ursaluna, M|100\/100\n|move|p1a: Sneasler|Close Combat|p2a: Ursaluna\n|-supereffective|p2a: Ursaluna\n|-damage|p2a: Ursaluna|51\/100\n|-unboost|p1a: Sneasler|def|1\n|-unboost|p1a: Sneasler|spd|1\n|\n|-damage|p1a: Sneasler|0 fnt|[from] brn\n|faint|p1a: Sneasler\n|-status|p2a: Ursaluna|brn|[from] item: Flame Orb\n|upkeep\n|\n|t:|1701013849\n|switch|p1a: Greninja|Greninja, M|100\/100\n|-damage|p1a: Greninja|88\/100|[from] Stealth Rock\n|turn|20\n|\n|t:|1701013857\n|-terastallize|p2a: Ursaluna|Normal\n|move|p1a: Greninja|Scald|p2a: Ursaluna\n|-damage|p2a: Ursaluna|7\/100 brn\n|-damage|p1a: Greninja|78\/100|[from] item: Life Orb\n|move|p2a: Ursaluna|Facade|p1a: Greninja\n|-damage|p1a: Greninja|0 fnt\n|faint|p1a: Greninja\n|\n|-damage|p2a: Ursaluna|1\/100 brn|[from] brn\n|upkeep\n|\n|t:|1701013865\n|switch|p1a: Diancie|Diancie|100\/100\n|-damage|p1a: Diancie|88\/100|[from] Stealth Rock\n|turn|21\n|\n|t:|1701013871\n|detailschange|p1a: Diancie|Diancie-Mega\n|-mega|p1a: Diancie|Diancie|Diancite\n|move|p1a: Diancie|Diamond Storm|p2a: Ursaluna\n|-damage|p2a: Ursaluna|0 fnt\n|-boost|p1a: Diancie|def|2\n|faint|p2a: Ursaluna\n|\n|upkeep\n|\n|t:|1701013874\n|switch|p2a: Scizor|Scizor-Mega, F|71\/100\n|turn|22\n|\n|t:|1701013878\n|switch|p1a: Zapdos|Zapdos|83\/100\n|move|p2a: Scizor|Bullet Punch|p1a: Zapdos\n|-resisted|p1a: Zapdos\n|-damage|p1a: Zapdos|69\/100\n|-status|p2a: Scizor|par|[from] ability: Static|[of] p1a: Zapdos\n|\n|upkeep\n|turn|23\n|\n|t:|1701013899\n|switch|p2a: \u770b\u5230\u53d7\u961f\u5c31\u6295|Ting-Lu|100\/100 par\n|-ability|p2a: \u770b\u5230\u53d7\u961f\u5c31\u6295|Vessel of Ruin\n|move|p1a: Zapdos|Defog|p2a: \u770b\u5230\u53d7\u961f\u5c31\u6295\n|-unboost|p2a: \u770b\u5230\u53d7\u961f\u5c31\u6295|evasion|1\n|-sideend|p1: EeeeGgKR|Stealth Rock|[from] move: Defog|[of] p1a: Zapdos\n|\n|upkeep\n|turn|24\n|\n|t:|1701013911\n|switch|p1a: Diancie|Diancie-Mega|88\/100\n|move|p2a: \u770b\u5230\u53d7\u961f\u5c31\u6295|Stealth Rock|p1a: Diancie\n|move|p1a: Diancie|Stealth Rock|p2a: \u770b\u5230\u53d7\u961f\u5c31\u6295|[from]ability: Magic Bounce\n|-sidestart|p2: MMM12341234124|move: Stealth Rock\n|\n|upkeep\n|turn|25\n|\n|t:|1701013915\n|move|p1a: Diancie|Diamond Storm|p2a: \u770b\u5230\u53d7\u961f\u5c31\u6295\n|-resisted|p2a: \u770b\u5230\u53d7\u961f\u5c31\u6295\n|-damage|p2a: \u770b\u5230\u53d7\u961f\u5c31\u6295|87\/100 par\n|-boost|p1a: Diancie|def|2\n|cant|p2a: \u770b\u5230\u53d7\u961f\u5c31\u6295|par\n|\n|-heal|p2a: \u770b\u5230\u53d7\u961f\u5c31\u6295|93\/100 par|[from] item: Leftovers\n|upkeep\n|turn|26\n|\n|t:|1701013924\n|move|p1a: Diancie|Diamond Storm|p2a: \u770b\u5230\u53d7\u961f\u5c31\u6295\n|-resisted|p2a: \u770b\u5230\u53d7\u961f\u5c31\u6295\n|-damage|p2a: \u770b\u5230\u53d7\u961f\u5c31\u6295|78\/100 par\n|move|p2a: \u770b\u5230\u53d7\u961f\u5c31\u6295|Earthquake|p1a: Diancie\n|-supereffective|p1a: Diancie\n|-damage|p1a: Diancie|30\/100\n|\n|-heal|p2a: \u770b\u5230\u53d7\u961f\u5c31\u6295|84\/100 par|[from] item: Leftovers\n|upkeep\n|turn|27\n|\n|t:|1701013929\n|move|p1a: Diancie|Draining Kiss|p2a: \u770b\u5230\u53d7\u961f\u5c31\u6295\n|-supereffective|p2a: \u770b\u5230\u53d7\u961f\u5c31\u6295\n|-damage|p2a: \u770b\u5230\u53d7\u961f\u5c31\u6295|59\/100 par\n|-heal|p1a: Diancie|71\/100|[from] drain|[of] p2a: \u770b\u5230\u53d7\u961f\u5c31\u6295\n|cant|p2a: \u770b\u5230\u53d7\u961f\u5c31\u6295|par\n|\n|-heal|p2a: \u770b\u5230\u53d7\u961f\u5c31\u6295|65\/100 par|[from] item: Leftovers\n|upkeep\n|turn|28\n|\n|t:|1701013935\n|move|p1a: Diancie|Diamond Storm|p2a: \u770b\u5230\u53d7\u961f\u5c31\u6295\n|-resisted|p2a: \u770b\u5230\u53d7\u961f\u5c31\u6295\n|-damage|p2a: \u770b\u5230\u53d7\u961f\u5c31\u6295|50\/100 par\n|cant|p2a: \u770b\u5230\u53d7\u961f\u5c31\u6295|par\n|\n|-heal|p2a: \u770b\u5230\u53d7\u961f\u5c31\u6295|57\/100 par|[from] item: Leftovers\n|upkeep\n|turn|29\n|\n|t:|1701013939\n|move|p1a: Diancie|Diamond Storm|p2a: \u770b\u5230\u53d7\u961f\u5c31\u6295\n|-resisted|p2a: \u770b\u5230\u53d7\u961f\u5c31\u6295\n|-damage|p2a: \u770b\u5230\u53d7\u961f\u5c31\u6295|41\/100 par\n|move|p2a: \u770b\u5230\u53d7\u961f\u5c31\u6295|Earthquake|p1a: Diancie\n|-supereffective|p1a: Diancie\n|-damage|p1a: Diancie|19\/100\n|\n|-heal|p2a: \u770b\u5230\u53d7\u961f\u5c31\u6295|48\/100 par|[from] item: Leftovers\n|upkeep\n|turn|30\n|\n|t:|1701013944\n|move|p1a: Diancie|Draining Kiss|p2a: \u770b\u5230\u53d7\u961f\u5c31\u6295\n|-supereffective|p2a: \u770b\u5230\u53d7\u961f\u5c31\u6295\n|-damage|p2a: \u770b\u5230\u53d7\u961f\u5c31\u6295|20\/100 par\n|-heal|p1a: Diancie|62\/100|[from] drain|[of] p2a: \u770b\u5230\u53d7\u961f\u5c31\u6295\n|cant|p2a: \u770b\u5230\u53d7\u961f\u5c31\u6295|par\n|\n|-heal|p2a: \u770b\u5230\u53d7\u961f\u5c31\u6295|27\/100 par|[from] item: Leftovers\n|upkeep\n|turn|31\n|\n|t:|1701013949\n|move|p1a: Diancie|Draining Kiss|p2a: \u770b\u5230\u53d7\u961f\u5c31\u6295\n|-supereffective|p2a: \u770b\u5230\u53d7\u961f\u5c31\u6295\n|-damage|p2a: \u770b\u5230\u53d7\u961f\u5c31\u6295|1\/100 par\n|-heal|p1a: Diancie|100\/100|[from] drain|[of] p2a: \u770b\u5230\u53d7\u961f\u5c31\u6295\n|cant|p2a: \u770b\u5230\u53d7\u961f\u5c31\u6295|par\n|\n|-heal|p2a: \u770b\u5230\u53d7\u961f\u5c31\u6295|7\/100 par|[from] item: Leftovers\n|upkeep\n|turn|32\n|c|\u2606MMM12341234124|\uff1f\uff1f\n|\n|t:|1701013956\n|move|p1a: Diancie|Diamond Storm|p2a: \u770b\u5230\u53d7\u961f\u5c31\u6295\n|-resisted|p2a: \u770b\u5230\u53d7\u961f\u5c31\u6295\n|-damage|p2a: \u770b\u5230\u53d7\u961f\u5c31\u6295|0 fnt\n|-boost|p1a: Diancie|def|2\n|faint|p2a: \u770b\u5230\u53d7\u961f\u5c31\u6295\n|\n|upkeep\n|\n|t:|1701013959\n|switch|p2a: Scizor|Scizor-Mega, F|71\/100 par\n|-damage|p2a: Scizor|58\/100 par|[from] Stealth Rock\n|turn|33\n|\n|t:|1701013967\n|switch|p1a: Zapdos|Zapdos|69\/100\n|switch|p2a: Nihilego|Nihilego, shiny|100\/100\n|-damage|p2a: Nihilego|88\/100|[from] Stealth Rock\n|\n|upkeep\n|turn|34\n|\n|t:|1701013970\n|move|p2a: Nihilego|Meteor Beam||[still]\n|-prepare|p2a: Nihilego|Meteor Beam\n|-boost|p2a: Nihilego|spa|1\n|-enditem|p2a: Nihilego|Power Herb\n|-anim|p2a: Nihilego|Meteor Beam|p1a: Zapdos\n|-supereffective|p1a: Zapdos\n|-crit|p1a: Zapdos\n|-damage|p1a: Zapdos|0 fnt\n|faint|p1a: Zapdos\n|-ability|p2a: Nihilego|Beast Boost|boost\n|-boost|p2a: Nihilego|spe|1\n|\n|upkeep\n|\n|t:|1701013982\n|switch|p1a: Tapu Lele|Tapu Lele|100\/100\n|-fieldstart|move: Psychic Terrain|[from] ability: Psychic Surge|[of] p1a: Tapu Lele\n|turn|35\n|\n|t:|1701013985\n|move|p2a: Nihilego|Sludge Wave|p1a: Tapu Lele\n|-supereffective|p1a: Tapu Lele\n|-damage|p1a: Tapu Lele|0 fnt\n|faint|p1a: Tapu Lele\n|-ability|p2a: Nihilego|Beast Boost|boost\n|-boost|p2a: Nihilego|spe|1\n|\n|upkeep\n|\n|t:|1701013988\n|switch|p1a: Diancie|Diancie-Mega|100\/100\n|turn|36\n|\n|t:|1701014004\n|move|p2a: Nihilego|Sludge Wave|p1a: Diancie\n|-damage|p1a: Diancie|3\/100\n|move|p1a: Diancie|Stored Power|p2a: Nihilego\n|-supereffective|p2a: Nihilego\n|-damage|p2a: Nihilego|72\/100\n|\n|upkeep\n|turn|37\n|c|\u2606MMM12341234124|\u518d\u89c1\u4e86\u6b27\u6d32\u4eba\n|\n|t:|1701014013\n|move|p2a: Nihilego|Sludge Wave|p1a: Diancie\n|-damage|p1a: Diancie|0 fnt\n|faint|p1a: Diancie\n|\n|win|MMM12341234124\n|raw|EeeeGgKR's rating: 1461 &rarr; <strong>1443<\/strong><br \/>(-18 for losing)\n|raw|MMM12341234124's rating: 1501 &rarr; <strong>1519<\/strong><br \/>(+18 for winning)\n|l|\u2606EeeeGgKR\n","uploadtime":1701014025,"views":1,"p1id":"eeeeggkr","p2id":"mmm12341234124","formatid":"gen9nationaldex","rating":1443,"private":0,"password":""}