{"id":"gen9nationaldex-1990699543","p1":"pikapig1000","p2":"Blake-Mamba","format":"[Gen 9] National Dex","log":"|j|\u2606pikapig1000\n|j|\u2606Blake-Mamba\n|t:|1699992856\n|gametype|singles\n|player|p1|pikapig1000|dragontamer|1340\n|player|p2|Blake-Mamba|juan|1442\n|teamsize|p1|6\n|teamsize|p2|6\n|gen|9\n|tier|[Gen 9] National Dex\n|rated|\n|rule|HP Percentage Mod: HP is shown in percentages\n|rule|Endless Battle Clause: Forcing endless battles is banned\n|rule|OHKO Clause: OHKO moves are banned\n|rule|Evasion Clause: Evasion abilities, items, and moves are banned\n|rule|Evasion Abilities Clause: Evasion abilities are banned\n|rule|Evasion Items Clause: Evasion items are banned\n|rule|Evasion Moves Clause: Evasion moves are banned\n|rule|Species Clause: Limit one of each Pok\u00e9mon\n|rule|Sleep Clause Mod: Limit one foe put to sleep\n|clearpoke\n|poke|p1|Tapu Lele|\n|poke|p1|Alakazam, F|\n|poke|p1|Cloyster, M|\n|poke|p1|Xurkitree|\n|poke|p1|Salamence, M|\n|poke|p1|Glimmora, F|\n|poke|p2|Cinccino, F|\n|poke|p2|Zebstrika, F|\n|poke|p2|Ferrothorn, F|\n|poke|p2|Seismitoad, F|\n|poke|p2|Krookodile, F|\n|poke|p2|Emboar, F|\n|teampreview\n|inactive|Battle timer is ON: inactive players will automatically lose when time's up. (requested by pikapig1000)\n|j| Bayern72915\n|\n|t:|1699992878\n|start\n|switch|p1a: Glimmora|Glimmora, F|100\/100\n|switch|p2a: Seismitoad|Seismitoad, F|100\/100\n|turn|1\n|\n|t:|1699992892\n|move|p1a: Glimmora|Stealth Rock|p2a: Seismitoad\n|-sidestart|p2: Blake-Mamba|move: Stealth Rock\n|move|p2a: Seismitoad|Earth Power|p1a: Glimmora\n|-supereffective|p1a: Glimmora\n|-enditem|p1a: Glimmora|Focus Sash\n|-damage|p1a: Glimmora|1\/100\n|\n|upkeep\n|turn|2\n|\n|t:|1699992900\n|move|p1a: Glimmora|Memento|p2a: Seismitoad\n|-unboost|p2a: Seismitoad|atk|2\n|-unboost|p2a: Seismitoad|spa|2\n|faint|p1a: Glimmora\n|move|p2a: Seismitoad|Earth Power|p1: Glimmora|[notarget]\n|-fail|p2a: Seismitoad\n|\n|upkeep\n|\n|t:|1699992909\n|switch|p1a: Cloyster|Cloyster, M|100\/100\n|turn|3\n|\n|t:|1699992912\n|move|p1a: Cloyster|Shell Smash|p1a: Cloyster\n|-unboost|p1a: Cloyster|def|1\n|-unboost|p1a: Cloyster|spd|1\n|-boost|p1a: Cloyster|atk|2\n|-boost|p1a: Cloyster|spa|2\n|-boost|p1a: Cloyster|spe|2\n|move|p2a: Seismitoad|Earth Power|p1a: Cloyster\n|-enditem|p1a: Cloyster|Focus Sash\n|-damage|p1a: Cloyster|1\/100\n|-unboost|p1a: Cloyster|spd|1\n|\n|upkeep\n|turn|4\n|\n|t:|1699992932\n|switch|p2a: Gamble|Cinccino, F|100\/100\n|-damage|p2a: Gamble|88\/100|[from] Stealth Rock\n|move|p1a: Cloyster|Icicle Spear|p2a: Gamble\n|-damage|p2a: Gamble|46\/100\n|-crit|p2a: Gamble\n|-damage|p2a: Gamble|0 fnt\n|faint|p2a: Gamble\n|-hitcount|p2: Gamble|2\n|\n|upkeep\n|l| Bayern72915\n|\n|t:|1699992942\n|switch|p2a: Zebstrika|Zebstrika, F, shiny|100\/100\n|-damage|p2a: Zebstrika|88\/100|[from] Stealth Rock\n|turn|5\n|\n|t:|1699992946\n|move|p2a: Zebstrika|Quick Attack|p1a: Cloyster\n|-damage|p1a: Cloyster|0 fnt\n|faint|p1a: Cloyster\n|\n|upkeep\n|\n|t:|1699992956\n|switch|p1a: Salamence|Salamence, M|100\/100\n|turn|6\n|\n|t:|1699992960\n|move|p1a: Salamence|Outrage|p2a: Zebstrika\n|-damage|p2a: Zebstrika|0 fnt\n|faint|p2a: Zebstrika\n|-ability|p1a: Salamence|Moxie|boost\n|-boost|p1a: Salamence|atk|1\n|\n|upkeep\n|\n|t:|1699992967\n|switch|p2a: Ferrothorn|Ferrothorn, F, shiny|100\/100\n|-damage|p2a: Ferrothorn|94\/100|[from] Stealth Rock\n|turn|7\n|\n|t:|1699992971\n|move|p1a: Salamence|Outrage|p2a: Ferrothorn|[from]lockedmove\n|-resisted|p2a: Ferrothorn\n|-damage|p2a: Ferrothorn|61\/100\n|-damage|p1a: Salamence|88\/100|[from] ability: Iron Barbs|[of] p2a: Ferrothorn\n|-damage|p1a: Salamence|71\/100|[from] item: Rocky Helmet|[of] p2a: Ferrothorn\n|move|p2a: Ferrothorn|Iron Defense|p2a: Ferrothorn\n|-boost|p2a: Ferrothorn|def|2\n|\n|upkeep\n|turn|8\n|\n|t:|1699992981\n|move|p1a: Salamence|Outrage|p2a: Ferrothorn|[from]lockedmove\n|-resisted|p2a: Ferrothorn\n|-damage|p2a: Ferrothorn|47\/100\n|-damage|p1a: Salamence|59\/100|[from] ability: Iron Barbs|[of] p2a: Ferrothorn\n|-damage|p1a: Salamence|42\/100|[from] item: Rocky Helmet|[of] p2a: Ferrothorn\n|-start|p1a: Salamence|confusion|[fatigue]\n|move|p2a: Ferrothorn|Leech Seed|p1a: Salamence|[miss]\n|-miss|p2a: Ferrothorn|p1a: Salamence\n|\n|upkeep\n|turn|9\n|\n|t:|1699992992\n|switch|p1a: Tapu Lele|Tapu Lele|100\/100\n|-fieldstart|move: Psychic Terrain|[from] ability: Psychic Surge|[of] p1a: Tapu Lele\n|move|p2a: Ferrothorn|Leech Seed|p1a: Tapu Lele\n|-start|p1a: Tapu Lele|move: Leech Seed\n|\n|-damage|p1a: Tapu Lele|88\/100|[from] Leech Seed|[of] p2a: Ferrothorn\n|-heal|p2a: Ferrothorn|56\/100|[silent]\n|upkeep\n|turn|10\n|\n|t:|1699993002\n|switch|p2a: Emboar|Emboar, F, shiny|100\/100\n|-damage|p2a: Emboar|88\/100|[from] Stealth Rock\n|move|p1a: Tapu Lele|Psychic|p2a: Emboar\n|-supereffective|p2a: Emboar\n|-damage|p2a: Emboar|0 fnt\n|faint|p2a: Emboar\n|\n|upkeep\n|\n|t:|1699993012\n|switch|p2a: Seismitoad|Seismitoad, F|100\/100\n|-damage|p2a: Seismitoad|94\/100|[from] Stealth Rock\n|turn|11\n|\n|t:|1699993017\n|move|p1a: Tapu Lele|Gravity|p1a: Tapu Lele\n|-fieldstart|move: Gravity\n|move|p2a: Seismitoad|Sludge Bomb|p1a: Tapu Lele\n|-supereffective|p1a: Tapu Lele\n|-damage|p1a: Tapu Lele|7\/100\n|-status|p1a: Tapu Lele|psn\n|\n|-damage|p1a: Tapu Lele|0 fnt|[from] Leech Seed|[of] p2a: Seismitoad\n|-heal|p2a: Seismitoad|99\/100|[silent]\n|faint|p1a: Tapu Lele\n|upkeep\n|\n|t:|1699993022\n|switch|p1a: Xurkitree|Xurkitree|100\/100\n|turn|12\n|\n|t:|1699993030\n|-zpower|p1a: Xurkitree\n|move|p1a: Xurkitree|Z-Hypnosis|p2a: Seismitoad|[anim]Hypnosis\n|-boost|p1a: Xurkitree|spe|1|[zeffect]\n|-status|p2a: Seismitoad|slp|[from] move: Hypnosis\n|cant|p2a: Seismitoad|slp\n|\n|upkeep\n|turn|13\n|\n|t:|1699993039\n|move|p1a: Xurkitree|Grass Knot|p2a: Seismitoad\n|-supereffective|p2a: Seismitoad\n|-damage|p2a: Seismitoad|0 fnt\n|faint|p2a: Seismitoad\n|-ability|p1a: Xurkitree|Beast Boost|boost\n|-boost|p1a: Xurkitree|spa|1\n|\n|upkeep\n|\n|t:|1699993047\n|switch|p2a: Krookodile|Krookodile, F|100\/100\n|-damage|p2a: Krookodile|94\/100|[from] Stealth Rock\n|turn|14\n|\n|t:|1699993053\n|-terastallize|p2a: Krookodile|Dragon\n|move|p1a: Xurkitree|Grass Knot|p2a: Krookodile\n|-resisted|p2a: Krookodile\n|-damage|p2a: Krookodile|56\/100\n|move|p2a: Krookodile|Scale Shot|p1a: Xurkitree\n|-damage|p1a: Xurkitree|80\/100\n|-damage|p1a: Xurkitree|61\/100\n|-damage|p1a: Xurkitree|42\/100\n|-damage|p1a: Xurkitree|22\/100\n|-crit|p1a: Xurkitree\n|-damage|p1a: Xurkitree|0 fnt\n|faint|p1a: Xurkitree\n|-ability|p2a: Krookodile|Moxie|boost\n|-boost|p2a: Krookodile|atk|1\n|-hitcount|p1: Xurkitree|5\n|-unboost|p2a: Krookodile|def|1\n|-boost|p2a: Krookodile|spe|1\n|\n|upkeep\n|\n|t:|1699993066\n|switch|p1a: Salamence|Salamence, M|42\/100\n|turn|15\n|\n|t:|1699993072\n|move|p1a: Salamence|Outrage|p2a: Krookodile\n|-supereffective|p2a: Krookodile\n|-damage|p2a: Krookodile|0 fnt\n|faint|p2a: Krookodile\n|-ability|p1a: Salamence|Moxie|boost\n|-boost|p1a: Salamence|atk|1\n|\n|-fieldend|move: Gravity\n|upkeep\n|\n|t:|1699993080\n|switch|p2a: Ferrothorn|Ferrothorn, F, shiny|56\/100\n|-damage|p2a: Ferrothorn|50\/100|[from] Stealth Rock\n|turn|16\n|\n|t:|1699993084\n|move|p1a: Salamence|Outrage|p2a: Ferrothorn|[from]lockedmove\n|-resisted|p2a: Ferrothorn\n|-damage|p2a: Ferrothorn|20\/100\n|-damage|p1a: Salamence|30\/100|[from] ability: Iron Barbs|[of] p2a: Ferrothorn\n|-damage|p1a: Salamence|13\/100|[from] item: Rocky Helmet|[of] p2a: Ferrothorn\n|move|p2a: Ferrothorn|Iron Defense|p2a: Ferrothorn\n|-boost|p2a: Ferrothorn|def|2\n|\n|-fieldend|move: Psychic Terrain\n|upkeep\n|turn|17\n|\n|t:|1699993094\n|move|p1a: Salamence|Outrage|p2a: Ferrothorn|[from]lockedmove\n|-resisted|p2a: Ferrothorn\n|-damage|p2a: Ferrothorn|5\/100\n|-damage|p1a: Salamence|1\/100|[from] ability: Iron Barbs|[of] p2a: Ferrothorn\n|-damage|p1a: Salamence|0 fnt|[from] item: Rocky Helmet|[of] p2a: Ferrothorn\n|faint|p1a: Salamence\n|move|p2a: Ferrothorn|Rest|p2a: Ferrothorn\n|-status|p2a: Ferrothorn|slp|[from] move: Rest\n|-heal|p2a: Ferrothorn|100\/100 slp|[silent]\n|\n|upkeep\n|\n|t:|1699993102\n|switch|p1a: Alakazam|Alakazam, F|100\/100\n|turn|18\n|\n|t:|1699993107\n|move|p1a: Alakazam|Nasty Plot|p1a: Alakazam\n|-boost|p1a: Alakazam|spa|2\n|cant|p2a: Ferrothorn|slp\n|\n|upkeep\n|turn|19\n|\n|t:|1699993113\n|move|p1a: Alakazam|Nasty Plot|p1a: Alakazam\n|-boost|p1a: Alakazam|spa|2\n|cant|p2a: Ferrothorn|slp\n|\n|upkeep\n|turn|20\n|\n|t:|1699993118\n|move|p1a: Alakazam|Nasty Plot|p1a: Alakazam\n|-boost|p1a: Alakazam|spa|2\n|-curestatus|p2a: Ferrothorn|slp|[msg]\n|move|p2a: Ferrothorn|Body Press|p1a: Alakazam\n|-resisted|p1a: Alakazam\n|-damage|p1a: Alakazam|17\/100\n|\n|upkeep\n|turn|21\n|\n|t:|1699993127\n|move|p1a: Alakazam|Expanding Force|p2a: Ferrothorn\n|-resisted|p2a: Ferrothorn\n|-damage|p2a: Ferrothorn|6\/100\n|move|p2a: Ferrothorn|Body Press|p1a: Alakazam\n|-resisted|p1a: Alakazam\n|-damage|p1a: Alakazam|0 fnt\n|faint|p1a: Alakazam\n|\n|win|Blake-Mamba\n|raw|pikapig1000's rating: 1340 &rarr; <strong>1326<\/strong><br \/>(-14 for losing)\n|raw|Blake-Mamba's rating: 1442 &rarr; <strong>1456<\/strong><br \/>(+14 for winning)\n|l|\u2606pikapig1000\n|c|\u2606Blake-Mamba|Gg\n","uploadtime":1699993138,"views":3,"p1id":"pikapig1000","p2id":"blakemamba","formatid":"gen9nationaldex","rating":1326,"private":0,"password":""}