{"id":"gen9nationaldex-1988240756","p1":"Butterfreeguy","p2":"Primis Dempsey","format":"[Gen 9] National Dex","log":"|j|\u2606Butterfreeguy\n|j|\u2606Primis Dempsey\n|t:|1699692359\n|gametype|singles\n|player|p1|Butterfreeguy|101|1085\n|player|p2|Primis Dempsey|drayden|1166\n|teamsize|p1|6\n|teamsize|p2|6\n|gen|9\n|tier|[Gen 9] National Dex\n|rated|\n|rule|HP Percentage Mod: HP is shown in percentages\n|rule|Endless Battle Clause: Forcing endless battles is banned\n|rule|OHKO Clause: OHKO moves are banned\n|rule|Evasion Clause: Evasion abilities, items, and moves are banned\n|rule|Evasion Abilities Clause: Evasion abilities are banned\n|rule|Evasion Items Clause: Evasion items are banned\n|rule|Evasion Moves Clause: Evasion moves are banned\n|rule|Species Clause: Limit one of each Pok\u00e9mon\n|rule|Sleep Clause Mod: Limit one foe put to sleep\n|clearpoke\n|poke|p1|Togekiss, F|\n|poke|p1|Slowbro, M|\n|poke|p1|Tangrowth, F|\n|poke|p1|Tapu Lele|\n|poke|p1|Volcarona, F|\n|poke|p1|Urshifu-*, M|\n|poke|p2|Gyarados, F|\n|poke|p2|Mew|\n|poke|p2|Serperior, F|\n|poke|p2|Sneasler, M|\n|poke|p2|Charizard, F|\n|poke|p2|Iron Treads|\n|teampreview\n|\n|t:|1699692363\n|start\n|switch|p1a: Volcarona|Volcarona, F, shiny|100\/100\n|switch|p2a: Mew|Mew|100\/100\n|turn|1\n|inactive|Battle timer is ON: inactive players will automatically lose when time's up. (requested by Butterfreeguy)\n|\n|t:|1699692369\n|move|p2a: Mew|Taunt|p1a: Volcarona\n|-start|p1a: Volcarona|move: Taunt\n|cant|p1a: Volcarona|move: Taunt|Quiver Dance\n|\n|upkeep\n|turn|2\n|\n|t:|1699692375\n|move|p2a: Mew|Stealth Rock|p1a: Volcarona\n|-sidestart|p1: Butterfreeguy|move: Stealth Rock\n|move|p1a: Volcarona|Bug Buzz|p2a: Mew\n|-supereffective|p2a: Mew\n|-damage|p2a: Mew|12\/100\n|\n|upkeep\n|turn|3\n|\n|t:|1699692379\n|move|p2a: Mew|Spikes|p1a: Volcarona\n|-sidestart|p1: Butterfreeguy|Spikes\n|move|p1a: Volcarona|Bug Buzz|p2a: Mew\n|-supereffective|p2a: Mew\n|-damage|p2a: Mew|0 fnt\n|faint|p2a: Mew\n|\n|-end|p1a: Volcarona|move: Taunt\n|upkeep\n|\n|t:|1699692387\n|switch|p2a: Gyarados|Gyarados, F|100\/100\n|turn|4\n|\n|t:|1699692394\n|switch|p1a: Coomrag|Tangrowth, F|100\/100\n|-damage|p1a: Coomrag|88\/100|[from] Stealth Rock\n|-damage|p1a: Coomrag|76\/100|[from] Spikes\n|move|p2a: Gyarados|Dragon Dance|p2a: Gyarados\n|-boost|p2a: Gyarados|atk|1\n|-boost|p2a: Gyarados|spe|1\n|\n|upkeep\n|turn|5\n|\n|t:|1699692401\n|-zpower|p2a: Gyarados\n|move|p2a: Gyarados|Supersonic Skystrike|p1a: Coomrag|[zeffect]\n|-supereffective|p1a: Coomrag\n|-damage|p1a: Coomrag|0 fnt\n|faint|p1a: Coomrag\n|-ability|p2a: Gyarados|Moxie|boost\n|-boost|p2a: Gyarados|atk|1\n|\n|upkeep\n|\n|t:|1699692408\n|switch|p1a: Togekiss|Togekiss, F|100\/100\n|-damage|p1a: Togekiss|76\/100|[from] Stealth Rock\n|turn|6\n|\n|t:|1699692412\n|move|p2a: Gyarados|Waterfall|p1a: Togekiss\n|-damage|p1a: Togekiss|0 fnt\n|faint|p1a: Togekiss\n|-ability|p2a: Gyarados|Moxie|boost\n|-boost|p2a: Gyarados|atk|1\n|\n|upkeep\n|\n|t:|1699692415\n|switch|p1a: Slowbro|Slowbro, M|100\/100\n|-damage|p1a: Slowbro|88\/100|[from] Stealth Rock\n|-damage|p1a: Slowbro|76\/100|[from] Spikes\n|turn|7\n|\n|t:|1699692419\n|move|p2a: Gyarados|Earthquake|p1a: Slowbro\n|-damage|p1a: Slowbro|30\/100\n|move|p1a: Slowbro|Toxic|p2a: Gyarados\n|-status|p2a: Gyarados|tox\n|\n|-damage|p2a: Gyarados|94\/100 tox|[from] psn\n|upkeep\n|turn|8\n|\n|t:|1699692424\n|move|p2a: Gyarados|Earthquake|p1a: Slowbro\n|-damage|p1a: Slowbro|0 fnt\n|faint|p1a: Slowbro\n|-ability|p2a: Gyarados|Moxie|boost\n|-boost|p2a: Gyarados|atk|1\n|\n|-damage|p2a: Gyarados|82\/100 tox|[from] psn\n|upkeep\n|\n|t:|1699692427\n|switch|p1a: TeenMutantNinjaDog|Urshifu-Rapid-Strike, M|100\/100\n|-damage|p1a: TeenMutantNinjaDog|94\/100|[from] Stealth Rock\n|-damage|p1a: TeenMutantNinjaDog|82\/100|[from] Spikes\n|turn|9\n|\n|t:|1699692430\n|-terastallize|p1a: TeenMutantNinjaDog|Fighting\n|move|p2a: Gyarados|Earthquake|p1a: TeenMutantNinjaDog\n|-damage|p1a: TeenMutantNinjaDog|0 fnt\n|faint|p1a: TeenMutantNinjaDog\n|-ability|p2a: Gyarados|Moxie|boost\n|-boost|p2a: Gyarados|atk|1\n|\n|-damage|p2a: Gyarados|64\/100 tox|[from] psn\n|upkeep\n|\n|t:|1699692436\n|switch|p1a: Volcarona|Volcarona, F, shiny|100\/100\n|-damage|p1a: Volcarona|51\/100|[from] Stealth Rock\n|-damage|p1a: Volcarona|38\/100|[from] Spikes\n|turn|10\n|-message|Butterfreeguy forfeited.\n|\n|win|Primis Dempsey\n|raw|Butterfreeguy's rating: 1085 &rarr; <strong>1067<\/strong><br \/>(-18 for losing)\n|raw|Primis Dempsey's rating: 1166 &rarr; <strong>1185<\/strong><br \/>(+19 for winning)\n|l|\u2606Butterfreeguy\n","uploadtime":1699692456,"views":4,"p1id":"butterfreeguy","p2id":"primisdempsey","formatid":"gen9nationaldex","rating":1067,"private":0,"password":""}