{"id":"gen9nationaldex-1988263674","p1":"UrBeardsWeird","p2":"MMQZA6","format":"[Gen 9] National Dex","log":"|j|\u2606UrBeardsWeird\n|j|\u2606MMQZA6\n|t:|1699697341\n|gametype|singles\n|player|p1|UrBeardsWeird|1|1577\n|player|p2|MMQZA6|101|1483\n|teamsize|p1|6\n|teamsize|p2|6\n|gen|9\n|tier|[Gen 9] National Dex\n|rated|\n|rule|HP Percentage Mod: HP is shown in percentages\n|rule|Endless Battle Clause: Forcing endless battles is banned\n|rule|OHKO Clause: OHKO moves are banned\n|rule|Evasion Clause: Evasion abilities, items, and moves are banned\n|rule|Evasion Abilities Clause: Evasion abilities are banned\n|rule|Evasion Items Clause: Evasion items are banned\n|rule|Evasion Moves Clause: Evasion moves are banned\n|rule|Species Clause: Limit one of each Pok\u00e9mon\n|rule|Sleep Clause Mod: Limit one foe put to sleep\n|clearpoke\n|poke|p1|Pelipper, F|\n|poke|p1|Swampert, M|\n|poke|p1|Tornadus-Therian, M|\n|poke|p1|Ferrothorn, M|\n|poke|p1|Urshifu-*, M|\n|poke|p1|Tapu Koko|\n|poke|p2|Ting-Lu|\n|poke|p2|Greninja-*, M|\n|poke|p2|Hoopa-Unbound|\n|poke|p2|Gyarados, F|\n|poke|p2|Sableye, M|\n|poke|p2|Hydreigon, M|\n|teampreview\n|inactive|Battle timer is ON: inactive players will automatically lose when time's up. (requested by UrBeardsWeird)\n|\n|t:|1699697358\n|start\n|switch|p1a: Pelipper|Pelipper, F|100\/100\n|switch|p2a: Hydreigon|Hydreigon, M|100\/100\n|-weather|RainDance|[from] ability: Drizzle|[of] p1a: Pelipper\n|turn|1\n|\n|t:|1699697361\n|switch|p1a: Ferrothorn|Ferrothorn, M|100\/100\n|move|p2a: Hydreigon|Draco Meteor|p1a: Ferrothorn\n|-resisted|p1a: Ferrothorn\n|-damage|p1a: Ferrothorn|79\/100\n|-unboost|p2a: Hydreigon|spa|2\n|\n|-weather|RainDance|[upkeep]\n|-heal|p1a: Ferrothorn|85\/100|[from] item: Leftovers\n|upkeep\n|turn|2\n|\n|t:|1699697370\n|switch|p2a: Sableye|Sableye, M|100\/100\n|move|p1a: Ferrothorn|Stealth Rock|p2a: Sableye\n|-sidestart|p2: MMQZA6|move: Stealth Rock\n|\n|-weather|RainDance|[upkeep]\n|-heal|p1a: Ferrothorn|91\/100|[from] item: Leftovers\n|upkeep\n|turn|3\n|\n|t:|1699697377\n|switch|p1a: Tornadus|Tornadus-Therian, M|100\/100\n|move|p2a: Sableye|Encore||[still]\n|-fail|p2a: Sableye\n|\n|-weather|RainDance|[upkeep]\n|upkeep\n|turn|4\n|\n|t:|1699697380\n|move|p2a: Sableye|Thunder Wave|p1a: Tornadus|[miss]\n|-miss|p2a: Sableye|p1a: Tornadus\n|move|p1a: Tornadus|Nasty Plot|p1a: Tornadus\n|-boost|p1a: Tornadus|spa|2\n|\n|-weather|RainDance|[upkeep]\n|upkeep\n|turn|5\n|\n|t:|1699697385\n|switch|p1a: Swampert|Swampert, M|100\/100\n|move|p2a: Sableye|Encore||[still]\n|-fail|p2a: Sableye\n|\n|-weather|RainDance|[upkeep]\n|upkeep\n|turn|6\n|\n|t:|1699697407\n|switch|p2a: Gyarados|Gyarados, F|100\/100\n|-damage|p2a: Gyarados|76\/100|[from] Stealth Rock\n|-ability|p2a: Gyarados|Intimidate|boost\n|-unboost|p1a: Swampert|atk|1\n|detailschange|p1a: Swampert|Swampert-Mega, M\n|-mega|p1a: Swampert|Swampert|Swampertite\n|move|p1a: Swampert|Liquidation|p2a: Gyarados\n|-resisted|p2a: Gyarados\n|-damage|p2a: Gyarados|47\/100\n|\n|-weather|RainDance|[upkeep]\n|upkeep\n|turn|7\n|\n|t:|1699697424\n|detailschange|p2a: Gyarados|Gyarados-Mega, F\n|-mega|p2a: Gyarados|Gyarados|Gyaradosite\n|-ability|p2a: Gyarados|Mold Breaker\n|move|p1a: Swampert|Liquidation|p2a: Gyarados\n|-resisted|p2a: Gyarados\n|-crit|p2a: Gyarados\n|-damage|p2a: Gyarados|0 fnt\n|faint|p2a: Gyarados\n|\n|-weather|RainDance|[upkeep]\n|upkeep\n|inactive|MMQZA6 has 120 seconds left.\n|\n|t:|1699697445\n|switch|p2a: Ting-Lu|Ting-Lu|100\/100\n|-damage|p2a: Ting-Lu|94\/100|[from] Stealth Rock\n|-ability|p2a: Ting-Lu|Vessel of Ruin\n|turn|8\n|\n|t:|1699697455\n|move|p1a: Swampert|Liquidation|p2a: Ting-Lu\n|-supereffective|p2a: Ting-Lu\n|-damage|p2a: Ting-Lu|40\/100\n|move|p2a: Ting-Lu|Ruination|p1a: Swampert\n|-damage|p1a: Swampert|50\/100\n|\n|-weather|none\n|-heal|p2a: Ting-Lu|46\/100|[from] item: Leftovers\n|upkeep\n|turn|9\n|inactive|MMQZA6 has 120 seconds left.\n|\n|t:|1699697477\n|switch|p2a: Hydreigon|Hydreigon, M|100\/100\n|-damage|p2a: Hydreigon|88\/100|[from] Stealth Rock\n|move|p1a: Swampert|Flip Turn|p2a: Hydreigon\n|-resisted|p2a: Hydreigon\n|-damage|p2a: Hydreigon|75\/100\n|\n|t:|1699697479\n|switch|p1a: Ferrothorn|Ferrothorn, M|91\/100|[from] Flip Turn\n|\n|-heal|p1a: Ferrothorn|97\/100|[from] item: Leftovers\n|upkeep\n|turn|10\n|\n|t:|1699697489\n|move|p2a: Hydreigon|Dark Pulse|p1a: Ferrothorn\n|-damage|p1a: Ferrothorn|72\/100\n|cant|p1a: Ferrothorn|flinch\n|\n|-heal|p1a: Ferrothorn|78\/100|[from] item: Leftovers\n|upkeep\n|turn|11\n|\n|t:|1699697500\n|switch|p2a: Hoopa|Hoopa-Unbound|100\/100\n|-damage|p2a: Hoopa|88\/100|[from] Stealth Rock\n|move|p1a: Ferrothorn|Gyro Ball|p2a: Hoopa\n|-damage|p2a: Hoopa|1\/100\n|\n|-heal|p1a: Ferrothorn|84\/100|[from] item: Leftovers\n|upkeep\n|turn|12\n|j| amun-ra666\n|\n|t:|1699697517\n|switch|p1a: Pelipper|Pelipper, F|100\/100\n|-weather|RainDance|[from] ability: Drizzle|[of] p1a: Pelipper\n|move|p2a: Hoopa|Zen Headbutt|p1a: Pelipper\n|-damage|p1a: Pelipper|44\/100\n|\n|-weather|RainDance|[upkeep]\n|upkeep\n|turn|13\n|\n|t:|1699697523\n|switch|p1a: Ferrothorn|Ferrothorn, M|84\/100\n|move|p2a: Hoopa|Zen Headbutt|p1a: Ferrothorn\n|-resisted|p1a: Ferrothorn\n|-damage|p1a: Ferrothorn|56\/100\n|-damage|p2a: Hoopa|0 fnt|[from] ability: Iron Barbs|[of] p1a: Ferrothorn\n|faint|p2a: Hoopa\n|\n|-weather|RainDance|[upkeep]\n|-heal|p1a: Ferrothorn|62\/100|[from] item: Leftovers\n|upkeep\n|\n|t:|1699697539\n|switch|p2a: Ting-Lu|Ting-Lu|46\/100\n|-damage|p2a: Ting-Lu|40\/100|[from] Stealth Rock\n|-ability|p2a: Ting-Lu|Vessel of Ruin\n|turn|14\n|\n|t:|1699697547\n|switch|p1a: Swampert|Swampert-Mega, M|50\/100\n|move|p2a: Ting-Lu|Stealth Rock|p1a: Swampert\n|-sidestart|p1: UrBeardsWeird|move: Stealth Rock\n|\n|-weather|RainDance|[upkeep]\n|-heal|p2a: Ting-Lu|46\/100|[from] item: Leftovers\n|upkeep\n|turn|15\n|\n|t:|1699697549\n|-terastallize|p2a: Ting-Lu|Poison\n|move|p1a: Swampert|Liquidation|p2a: Ting-Lu\n|-damage|p2a: Ting-Lu|4\/100\n|move|p2a: Ting-Lu|Whirlwind|p1a: Swampert\n|drag|p1a: Tornadus|Tornadus-Therian, M|100\/100\n|-damage|p1a: Tornadus|75\/100|[from] Stealth Rock\n|\n|-weather|RainDance|[upkeep]\n|-heal|p2a: Ting-Lu|10\/100|[from] item: Leftovers\n|upkeep\n|turn|16\n|\n|t:|1699697560\n|move|p1a: Tornadus|Hurricane|p2a: Ting-Lu\n|-damage|p2a: Ting-Lu|0 fnt\n|faint|p2a: Ting-Lu\n|\n|-weather|RainDance|[upkeep]\n|upkeep\n|\n|t:|1699697580\n|switch|p2a: Greninja|Greninja, M|100\/100\n|-damage|p2a: Greninja|88\/100|[from] Stealth Rock\n|turn|17\n|\n|t:|1699697583\n|move|p2a: Greninja|Ice Beam|p1a: Tornadus\n|-supereffective|p1a: Tornadus\n|-damage|p1a: Tornadus|0 fnt\n|faint|p1a: Tornadus\n|-ability|p2a: Greninja|Battle Bond|boost\n|-boost|p2a: Greninja|atk|1\n|-boost|p2a: Greninja|spa|1\n|-boost|p2a: Greninja|spe|1\n|-activate|p2a: Greninja|ability: Battle Bond\n|-damage|p2a: Greninja|78\/100|[from] item: Life Orb\n|\n|-weather|RainDance|[upkeep]\n|upkeep\n|\n|t:|1699697586\n|switch|p1a: Urshifu|Urshifu-Rapid-Strike, M|100\/100\n|-damage|p1a: Urshifu|94\/100|[from] Stealth Rock\n|turn|18\n|\n|t:|1699697596\n|-terastallize|p1a: Urshifu|Water\n|move|p2a: Greninja|Dark Pulse|p1a: Urshifu\n|-damage|p1a: Urshifu|0 fnt\n|faint|p1a: Urshifu\n|-damage|p2a: Greninja|69\/100|[from] item: Life Orb\n|\n|-weather|RainDance|[upkeep]\n|upkeep\n|\n|t:|1699697602\n|switch|p1a: Ferrothorn|Ferrothorn, M|62\/100\n|-damage|p1a: Ferrothorn|56\/100|[from] Stealth Rock\n|turn|19\n|\n|t:|1699697608\n|move|p2a: Greninja|Dark Pulse|p1a: Ferrothorn\n|-damage|p1a: Ferrothorn|8\/100\n|-damage|p2a: Greninja|59\/100|[from] item: Life Orb\n|move|p1a: Ferrothorn|Gyro Ball|p2a: Greninja\n|-resisted|p2a: Greninja\n|-damage|p2a: Greninja|19\/100\n|\n|-weather|none\n|-heal|p1a: Ferrothorn|14\/100|[from] item: Leftovers\n|upkeep\n|turn|20\n|\n|t:|1699697618\n|move|p2a: Greninja|Dark Pulse|p1a: Ferrothorn\n|-damage|p1a: Ferrothorn|0 fnt\n|faint|p1a: Ferrothorn\n|-damage|p2a: Greninja|9\/100|[from] item: Life Orb\n|\n|upkeep\n|\n|t:|1699697620\n|switch|p1a: Pelipper|Pelipper, F|44\/100\n|-damage|p1a: Pelipper|19\/100|[from] Stealth Rock\n|-weather|RainDance|[from] ability: Drizzle|[of] p1a: Pelipper\n|turn|21\n|\n|t:|1699697626\n|move|p2a: Greninja|Dark Pulse|p1a: Pelipper\n|-damage|p1a: Pelipper|0 fnt\n|faint|p1a: Pelipper\n|-damage|p2a: Greninja|0 fnt|[from] item: Life Orb\n|faint|p2a: Greninja\n|\n|-weather|RainDance|[upkeep]\n|upkeep\n|\n|t:|1699697630\n|switch|p2a: Hydreigon|Hydreigon, M|75\/100\n|switch|p1a: Tapu Koko|Tapu Koko|100\/100\n|-damage|p2a: Hydreigon|63\/100|[from] Stealth Rock\n|-damage|p1a: Tapu Koko|88\/100|[from] Stealth Rock\n|-fieldstart|move: Electric Terrain|[from] ability: Electric Surge|[of] p1a: Tapu Koko\n|turn|22\n|\n|t:|1699697638\n|move|p2a: Hydreigon|Earth Power|p1a: Tapu Koko\n|-supereffective|p1a: Tapu Koko\n|-damage|p1a: Tapu Koko|0 fnt\n|faint|p1a: Tapu Koko\n|\n|-weather|RainDance|[upkeep]\n|upkeep\n|\n|t:|1699697640\n|switch|p1a: Swampert|Swampert-Mega, M|50\/100\n|-damage|p1a: Swampert|44\/100|[from] Stealth Rock\n|turn|23\n|\n|t:|1699697645\n|switch|p2a: Sableye|Sableye, M|100\/100\n|move|p1a: Swampert|Ice Punch|p2a: Sableye\n|-damage|p2a: Sableye|72\/100\n|\n|-weather|RainDance|[upkeep]\n|upkeep\n|turn|24\n|\n|t:|1699697649\n|move|p2a: Sableye|Encore|p1a: Swampert\n|-start|p1a: Swampert|Encore\n|move|p1a: Swampert|Ice Punch|p2a: Sableye\n|-damage|p2a: Sableye|45\/100\n|\n|-weather|RainDance|[upkeep]\n|upkeep\n|turn|25\n|\n|t:|1699697653\n|move|p2a: Sableye|Recover|p2a: Sableye\n|-heal|p2a: Sableye|95\/100\n|move|p1a: Swampert|Ice Punch|p2a: Sableye\n|-damage|p2a: Sableye|69\/100\n|\n|-weather|RainDance|[upkeep]\n|upkeep\n|turn|26\n|\n|t:|1699697657\n|move|p1a: Swampert|Ice Punch|p2a: Sableye\n|-damage|p2a: Sableye|38\/100\n|move|p2a: Sableye|Knock Off|p1a: Swampert\n|-damage|p1a: Swampert|27\/100\n|\n|-weather|RainDance|[upkeep]\n|-end|p1a: Swampert|Encore\n|-fieldend|move: Electric Terrain\n|upkeep\n|turn|27\n|\n|t:|1699697661\n|move|p2a: Sableye|Encore|p1a: Swampert\n|-start|p1a: Swampert|Encore\n|move|p1a: Swampert|Ice Punch|p2a: Sableye\n|-damage|p2a: Sableye|9\/100\n|\n|-weather|RainDance|[upkeep]\n|upkeep\n|turn|28\n|\n|t:|1699697664\n|move|p2a: Sableye|Recover|p2a: Sableye\n|-heal|p2a: Sableye|59\/100\n|move|p1a: Swampert|Ice Punch|p2a: Sableye\n|-damage|p2a: Sableye|30\/100\n|\n|-weather|none\n|upkeep\n|turn|29\n|\n|t:|1699697667\n|move|p2a: Sableye|Recover|p2a: Sableye\n|-heal|p2a: Sableye|80\/100\n|move|p1a: Swampert|Ice Punch|p2a: Sableye\n|-damage|p2a: Sableye|50\/100\n|\n|-end|p1a: Swampert|Encore\n|upkeep\n|turn|30\n|-message|UrBeardsWeird forfeited.\n|\n|win|MMQZA6\n|raw|UrBeardsWeird's rating: 1577 &rarr; <strong>1552<\/strong><br \/>(-25 for losing)\n|raw|MMQZA6's rating: 1483 &rarr; <strong>1508<\/strong><br \/>(+25 for winning)\n|l|\u2606UrBeardsWeird\n","uploadtime":1699697677,"views":5,"p1id":"urbeardsweird","p2id":"mmqza6","formatid":"gen9nationaldex","rating":1508,"private":0,"password":""}