{"id":"gen9nationaldex-1991524958","p1":"Freezybreezy","p2":"mannmilk","format":"[Gen 9] National Dex","log":"|j|\u2606Freezybreezy\n|j|\u2606mannmilk\n|t:|1700084933\n|gametype|singles\n|player|p1|Freezybreezy|sabrina|1252\n|player|p2|mannmilk|clown|1340\n|teamsize|p1|6\n|teamsize|p2|6\n|gen|9\n|tier|[Gen 9] National Dex\n|rated|\n|rule|HP Percentage Mod: HP is shown in percentages\n|rule|Endless Battle Clause: Forcing endless battles is banned\n|rule|OHKO Clause: OHKO moves are banned\n|rule|Evasion Clause: Evasion abilities, items, and moves are banned\n|rule|Evasion Abilities Clause: Evasion abilities are banned\n|rule|Evasion Items Clause: Evasion items are banned\n|rule|Evasion Moves Clause: Evasion moves are banned\n|rule|Species Clause: Limit one of each Pok\u00e9mon\n|rule|Sleep Clause Mod: Limit one foe put to sleep\n|clearpoke\n|poke|p1|Masquerain, F|\n|poke|p1|Pinsir, M|\n|poke|p1|Armaldo, F|\n|poke|p1|Accelgor, M|\n|poke|p1|Vikavolt, M|\n|poke|p1|Centiskorch, F|\n|poke|p2|Lickilicky, M|\n|poke|p2|Banette, M|\n|poke|p2|Rabsca, M|\n|poke|p2|Hoopa-Unbound|\n|poke|p2|Dusknoir, M|\n|poke|p2|Togekiss, F|\n|teampreview\n|\n|t:|1700084967\n|start\n|switch|p1a: Masquerain|Masquerain, F|100\/100\n|switch|p2a: Magic Mike|Hoopa-Unbound|100\/100\n|-ability|p1a: Masquerain|Intimidate|boost\n|-unboost|p2a: Magic Mike|atk|1\n|turn|1\n|\n|t:|1700084972\n|-terastallize|p2a: Magic Mike|Steel\n|move|p1a: Masquerain|Bug Buzz|p2a: Magic Mike\n|-resisted|p2a: Magic Mike\n|-damage|p2a: Magic Mike|88\/100\n|-enditem|p2a: Magic Mike|Red Card|[of] p1a: Masquerain\n|drag|p1a: Pinsir|Pinsir, M|100\/100\n|move|p2a: Magic Mike|Trick Room|p2a: Magic Mike\n|-fieldstart|move: Trick Room|[of] p2a: Magic Mike\n|\n|upkeep\n|turn|2\n|\n|t:|1700084981\n|move|p2a: Magic Mike|Psychic|p1a: Pinsir\n|-damage|p1a: Pinsir|10\/100\n|-item|p2a: Magic Mike|Choice Scarf|[from] ability: Magician|[of] p1a: Pinsir\n|move|p1a: Pinsir|Close Combat|p2a: Magic Mike\n|-supereffective|p2a: Magic Mike\n|-damage|p2a: Magic Mike|4\/100\n|-unboost|p1a: Pinsir|def|1\n|-unboost|p1a: Pinsir|spd|1\n|\n|upkeep\n|turn|3\n|\n|t:|1700084994\n|switch|p2a: \ud83d\ude02\ud83d\ude02\ud83d\ude02|Dusknoir, M|100\/100\n|move|p1a: Pinsir|Close Combat|p2a: \ud83d\ude02\ud83d\ude02\ud83d\ude02\n|-immune|p2a: \ud83d\ude02\ud83d\ude02\ud83d\ude02\n|\n|upkeep\n|turn|4\n|\n|t:|1700084998\n|move|p2a: \ud83d\ude02\ud83d\ude02\ud83d\ude02|Power-Up Punch|p1a: Pinsir\n|-resisted|p1a: Pinsir\n|-damage|p1a: Pinsir|0 fnt\n|-boost|p2a: \ud83d\ude02\ud83d\ude02\ud83d\ude02|atk|1\n|faint|p1a: Pinsir\n|-damage|p2a: \ud83d\ude02\ud83d\ude02\ud83d\ude02|91\/100|[from] item: Life Orb\n|\n|upkeep\n|\n|t:|1700085001\n|switch|p1a: Masquerain|Masquerain, F|100\/100\n|-ability|p1a: Masquerain|Intimidate|boost\n|-unboost|p2a: \ud83d\ude02\ud83d\ude02\ud83d\ude02|atk|1\n|turn|5\n|\n|t:|1700085005\n|move|p2a: \ud83d\ude02\ud83d\ude02\ud83d\ude02|Poltergeist|p1a: Masquerain\n|-activate|p1a: Masquerain|move: Poltergeist|Leftovers\n|-damage|p1a: Masquerain|0 fnt\n|faint|p1a: Masquerain\n|-damage|p2a: \ud83d\ude02\ud83d\ude02\ud83d\ude02|81\/100|[from] item: Life Orb\n|\n|-fieldend|move: Trick Room\n|upkeep\n|\n|t:|1700085013\n|switch|p1a: Armaldo|Armaldo, F|100\/100\n|turn|6\n|\n|t:|1700085015\n|move|p1a: Armaldo|Knock Off|p2a: \ud83d\ude02\ud83d\ude02\ud83d\ude02\n|-supereffective|p2a: \ud83d\ude02\ud83d\ude02\ud83d\ude02\n|-damage|p2a: \ud83d\ude02\ud83d\ude02\ud83d\ude02|14\/100\n|-enditem|p2a: \ud83d\ude02\ud83d\ude02\ud83d\ude02|Life Orb|[from] move: Knock Off|[of] p1a: Armaldo\n|move|p2a: \ud83d\ude02\ud83d\ude02\ud83d\ude02|Trick Room|p2a: \ud83d\ude02\ud83d\ude02\ud83d\ude02\n|-fieldstart|move: Trick Room|[of] p2a: \ud83d\ude02\ud83d\ude02\ud83d\ude02\n|\n|upkeep\n|turn|7\n|\n|t:|1700085020\n|move|p2a: \ud83d\ude02\ud83d\ude02\ud83d\ude02|Pain Split|p1a: Armaldo\n|-sethp|p1a: Armaldo|56\/100|[from] move: Pain Split|[silent]\n|-sethp|p2a: \ud83d\ude02\ud83d\ude02\ud83d\ude02|70\/100|[from] move: Pain Split\n|move|p1a: Armaldo|Knock Off|p2a: \ud83d\ude02\ud83d\ude02\ud83d\ude02\n|-supereffective|p2a: \ud83d\ude02\ud83d\ude02\ud83d\ude02\n|-damage|p2a: \ud83d\ude02\ud83d\ude02\ud83d\ude02|23\/100\n|\n|upkeep\n|turn|8\n|inactive|Battle timer is ON: inactive players will automatically lose when time's up. (requested by Freezybreezy)\n|\n|t:|1700085024\n|move|p2a: \ud83d\ude02\ud83d\ude02\ud83d\ude02|Poltergeist|p1a: Armaldo\n|-activate|p1a: Armaldo|move: Poltergeist|Assault Vest\n|-damage|p1a: Armaldo|0 fnt\n|faint|p1a: Armaldo\n|\n|upkeep\n|c|\u2606mannmilk|hehe\n|\n|t:|1700085030\n|switch|p1a: Centiskorch|Centiskorch, F|100\/100\n|turn|9\n|\n|t:|1700085034\n|move|p2a: \ud83d\ude02\ud83d\ude02\ud83d\ude02|Pain Split|p1a: Centiskorch\n|-sethp|p1a: Centiskorch|57\/100|[from] move: Pain Split|[silent]\n|-sethp|p2a: \ud83d\ude02\ud83d\ude02\ud83d\ude02|99\/100|[from] move: Pain Split\n|move|p1a: Centiskorch|Coil|p1a: Centiskorch\n|-boost|p1a: Centiskorch|atk|1\n|-boost|p1a: Centiskorch|def|1\n|-boost|p1a: Centiskorch|accuracy|1\n|\n|-heal|p1a: Centiskorch|63\/100|[from] item: Leftovers\n|upkeep\n|turn|10\n|\n|t:|1700085040\n|move|p2a: \ud83d\ude02\ud83d\ude02\ud83d\ude02|Poltergeist|p1a: Centiskorch\n|-activate|p1a: Centiskorch|move: Poltergeist|Leftovers\n|-damage|p1a: Centiskorch|32\/100\n|move|p1a: Centiskorch|Coil|p1a: Centiskorch\n|-boost|p1a: Centiskorch|atk|1\n|-boost|p1a: Centiskorch|def|1\n|-boost|p1a: Centiskorch|accuracy|1\n|\n|-heal|p1a: Centiskorch|38\/100|[from] item: Leftovers\n|-fieldend|move: Trick Room\n|upkeep\n|turn|11\n|\n|t:|1700085045\n|move|p1a: Centiskorch|Fire Lash|p2a: \ud83d\ude02\ud83d\ude02\ud83d\ude02\n|-damage|p2a: \ud83d\ude02\ud83d\ude02\ud83d\ude02|26\/100\n|-unboost|p2a: \ud83d\ude02\ud83d\ude02\ud83d\ude02|def|1\n|move|p2a: \ud83d\ude02\ud83d\ude02\ud83d\ude02|Trick Room|p2a: \ud83d\ude02\ud83d\ude02\ud83d\ude02\n|-fieldstart|move: Trick Room|[of] p2a: \ud83d\ude02\ud83d\ude02\ud83d\ude02\n|\n|-heal|p1a: Centiskorch|44\/100|[from] item: Leftovers\n|upkeep\n|turn|12\n|\n|t:|1700085049\n|move|p2a: \ud83d\ude02\ud83d\ude02\ud83d\ude02|Poltergeist|p1a: Centiskorch\n|-activate|p1a: Centiskorch|move: Poltergeist|Leftovers\n|-damage|p1a: Centiskorch|20\/100\n|move|p1a: Centiskorch|Leech Life|p2a: \ud83d\ude02\ud83d\ude02\ud83d\ude02\n|-resisted|p2a: \ud83d\ude02\ud83d\ude02\ud83d\ude02\n|-damage|p2a: \ud83d\ude02\ud83d\ude02\ud83d\ude02|0 fnt\n|-heal|p1a: Centiskorch|27\/100|[from] drain|[of] p2a: \ud83d\ude02\ud83d\ude02\ud83d\ude02\n|faint|p2a: \ud83d\ude02\ud83d\ude02\ud83d\ude02\n|\n|-heal|p1a: Centiskorch|33\/100|[from] item: Leftovers\n|upkeep\n|\n|t:|1700085057\n|switch|p2a: Togepiss|Togekiss, F, shiny|100\/100\n|turn|13\n|\n|t:|1700085063\n|-terastallize|p1a: Centiskorch|Steel\n|move|p1a: Centiskorch|Fire Lash|p2a: Togepiss\n|-damage|p2a: Togepiss|28\/100\n|-unboost|p2a: Togepiss|def|1\n|move|p2a: Togepiss|Air Slash|p1a: Centiskorch\n|-resisted|p1a: Centiskorch\n|-damage|p1a: Centiskorch|16\/100\n|\n|-heal|p1a: Centiskorch|22\/100|[from] item: Leftovers\n|-heal|p2a: Togepiss|34\/100|[from] item: Leftovers\n|upkeep\n|turn|14\n|\n|t:|1700085070\n|move|p1a: Centiskorch|Leech Life|p2a: Togepiss\n|-resisted|p2a: Togepiss\n|-damage|p2a: Togepiss|7\/100\n|-heal|p1a: Centiskorch|34\/100|[from] drain|[of] p2a: Togepiss\n|move|p2a: Togepiss|Shadow Ball|p1a: Centiskorch\n|-damage|p1a: Centiskorch|9\/100\n|-unboost|p1a: Centiskorch|spd|1\n|\n|-heal|p1a: Centiskorch|16\/100|[from] item: Leftovers\n|-heal|p2a: Togepiss|13\/100|[from] item: Leftovers\n|upkeep\n|turn|15\n|\n|t:|1700085078\n|move|p1a: Centiskorch|Leech Life|p2a: Togepiss\n|-resisted|p2a: Togepiss\n|-damage|p2a: Togepiss|0 fnt\n|-heal|p1a: Centiskorch|21\/100|[from] drain|[of] p2a: Togepiss\n|faint|p2a: Togepiss\n|\n|-heal|p1a: Centiskorch|27\/100|[from] item: Leftovers\n|-fieldend|move: Trick Room\n|upkeep\n|\n|t:|1700085082\n|switch|p2a: Magic Mike|Hoopa-Unbound, tera:Steel|4\/100\n|turn|16\n|\n|t:|1700085087\n|move|p2a: Magic Mike|Dark Pulse|p1a: Centiskorch\n|-damage|p1a: Centiskorch|0 fnt\n|faint|p1a: Centiskorch\n|\n|upkeep\n|\n|t:|1700085090\n|switch|p1a: Accelgor|Accelgor, M|100\/100\n|turn|17\n|\n|t:|1700085093\n|move|p1a: Accelgor|Bug Buzz|p2a: Magic Mike\n|-resisted|p2a: Magic Mike\n|-damage|p2a: Magic Mike|0 fnt\n|faint|p2a: Magic Mike\n|-enditem|p1a: Accelgor|Throat Spray\n|-boost|p1a: Accelgor|spa|1|[from] item: Throat Spray\n|\n|upkeep\n|\n|t:|1700085099\n|switch|p2a: pooplover69|Banette, M|100\/100\n|turn|18\n|\n|t:|1700085117\n|detailschange|p2a: pooplover69|Banette-Mega, M\n|-mega|p2a: pooplover69|Banette|Banettite\n|move|p2a: pooplover69|Destiny Bond|p2a: pooplover69\n|-singlemove|p2a: pooplover69|Destiny Bond\n|move|p1a: Accelgor|Energy Ball|p2a: pooplover69\n|-damage|p2a: pooplover69|46\/100\n|\n|upkeep\n|turn|19\n|\n|t:|1700085120\n|move|p1a: Accelgor|Encore|p2a: pooplover69\n|-start|p2a: pooplover69|Encore\n|move|p2a: pooplover69|Destiny Bond||[still]\n|-fail|p2a: pooplover69\n|\n|upkeep\n|turn|20\n|\n|t:|1700085129\n|move|p2a: pooplover69|Destiny Bond|p2a: pooplover69\n|-singlemove|p2a: pooplover69|Destiny Bond\n|move|p1a: Accelgor|Bug Buzz|p2a: pooplover69\n|-resisted|p2a: pooplover69\n|-damage|p2a: pooplover69|7\/100\n|\n|upkeep\n|turn|21\n|\n|t:|1700085133\n|switch|p2a: THANK U BASEDG\ud83e\udeb2D|Rabsca, M|100\/100\n|move|p1a: Accelgor|Encore||[still]\n|-fail|p1a: Accelgor\n|\n|upkeep\n|turn|22\n|\n|t:|1700085145\n|move|p1a: Accelgor|Bug Buzz|p2a: THANK U BASEDG\ud83e\udeb2D\n|-supereffective|p2a: THANK U BASEDG\ud83e\udeb2D\n|-damage|p2a: THANK U BASEDG\ud83e\udeb2D|0 fnt\n|faint|p2a: THANK U BASEDG\ud83e\udeb2D\n|\n|upkeep\n|\n|t:|1700085157\n|switch|p2a: pooplover69|Banette-Mega, M|7\/100\n|turn|23\n|\n|t:|1700085163\n|move|p2a: pooplover69|Destiny Bond|p2a: pooplover69\n|-singlemove|p2a: pooplover69|Destiny Bond\n|move|p1a: Accelgor|Encore|p2a: pooplover69\n|-start|p2a: pooplover69|Encore\n|\n|upkeep\n|turn|24\n|-message|mannmilk forfeited.\n|\n|win|Freezybreezy\n|raw|Freezybreezy's rating: 1252 &rarr; <strong>1283<\/strong><br \/>(+31 for winning)\n|raw|mannmilk's rating: 1340 &rarr; <strong>1315<\/strong><br \/>(-25 for losing)\n|l|\u2606mannmilk\n","uploadtime":1700085200,"views":13,"p1id":"freezybreezy","p2id":"mannmilk","formatid":"gen9nationaldex","rating":1283,"private":0,"password":""}