{"id":"gen9nationaldex-1999597688","p1":"runeatest","p2":"TetraVentus","format":"[Gen 9] National Dex","log":"|html|<div class=\"broadcast-blue\"><strong>[Gen 9] National Dex is currently suspecting Sneasler! For information on how to participate check out the <a href=\"https:\/\/www.smogon.com\/forums\/threads\/sv-national-dex-suspect-8-just-dance.3731534\/\">suspect thread<\/a>.<\/strong><\/div>\n|j|\u2606runeatest\n|j|\u2606TetraVentus\n|t:|1701099779\n|gametype|singles\n|player|p1|runeatest|fisherman-gen4|1143\n|player|p2|TetraVentus|caitlin|1222\n|teamsize|p1|6\n|teamsize|p2|6\n|gen|9\n|tier|[Gen 9] National Dex\n|rated|\n|rule|HP Percentage Mod: HP is shown in percentages\n|rule|Endless Battle Clause: Forcing endless battles is banned\n|rule|OHKO Clause: OHKO moves are banned\n|rule|Evasion Clause: Evasion abilities, items, and moves are banned\n|rule|Evasion Abilities Clause: Evasion abilities are banned\n|rule|Evasion Items Clause: Evasion items are banned\n|rule|Evasion Moves Clause: Evasion moves are banned\n|rule|Species Clause: Limit one of each Pok\u00e9mon\n|rule|Sleep Clause Mod: Limit one foe put to sleep\n|clearpoke\n|poke|p1|Vaporeon, M|\n|poke|p1|Salamence, M|\n|poke|p1|Hitmontop, M|\n|poke|p1|Electivire, M|\n|poke|p1|Togekiss, M|\n|poke|p1|Houndoom, M|\n|poke|p2|Landorus-Therian, M|\n|poke|p2|Jirachi|\n|poke|p2|Mawile, F|\n|poke|p2|Zapdos|\n|poke|p2|Slowbro, M|\n|poke|p2|Amoonguss, F|\n|teampreview\n|\n|t:|1701099782\n|start\n|switch|p1a: Salamence|Salamence, M|100\/100\n|switch|p2a: Jirachi|Jirachi|100\/100\n|-ability|p1a: Salamence|Intimidate|boost\n|-unboost|p2a: Jirachi|atk|1\n|turn|1\n|\n|t:|1701099789\n|move|p1a: Salamence|Flamethrower|p2a: Jirachi\n|-supereffective|p2a: Jirachi\n|-damage|p2a: Jirachi|22\/100\n|move|p2a: Jirachi|Doom Desire|p1a: Salamence\n|-start|p2a: Jirachi|Doom Desire\n|\n|-heal|p2a: Jirachi|28\/100|[from] item: Leftovers\n|upkeep\n|turn|2\n|\n|t:|1701099797\n|switch|p2a: Slowbro|Slowbro, M|100\/100\n|move|p1a: Salamence|Flamethrower|p2a: Slowbro\n|-resisted|p2a: Slowbro\n|-damage|p2a: Slowbro|78\/100\n|\n|upkeep\n|turn|3\n|\n|t:|1701099803\n|switch|p1a: Vaporeon|Vaporeon, M|100\/100\n|move|p2a: Slowbro|Ice Beam|p1a: Vaporeon\n|-resisted|p1a: Vaporeon\n|-damage|p1a: Vaporeon|91\/100\n|-status|p1a: Vaporeon|frz\n|\n|-end|p1a: Vaporeon|move: Doom Desire\n|-resisted|p1a: Vaporeon\n|-damage|p1a: Vaporeon|66\/100 frz\n|-heal|p1a: Vaporeon|72\/100 frz|[from] item: Leftovers\n|upkeep\n|turn|4\n|\n|t:|1701099814\n|switch|p2a: Jirachi|Jirachi|28\/100\n|cant|p1a: Vaporeon|frz\n|\n|-heal|p2a: Jirachi|34\/100|[from] item: Leftovers\n|-heal|p1a: Vaporeon|78\/100 frz|[from] item: Leftovers\n|upkeep\n|turn|5\n|\n|t:|1701099821\n|move|p2a: Jirachi|Wish|p2a: Jirachi\n|cant|p1a: Vaporeon|frz\n|\n|-heal|p2a: Jirachi|40\/100|[from] item: Leftovers\n|-heal|p1a: Vaporeon|84\/100 frz|[from] item: Leftovers\n|upkeep\n|turn|6\n|\n|t:|1701099828\n|move|p2a: Jirachi|Calm Mind|p2a: Jirachi\n|-boost|p2a: Jirachi|spa|1\n|-boost|p2a: Jirachi|spd|1\n|cant|p1a: Vaporeon|frz\n|\n|-heal|p2a: Jirachi|90\/100|[from] move: Wish|[wisher] Jirachi\n|-heal|p2a: Jirachi|97\/100|[from] item: Leftovers\n|-heal|p1a: Vaporeon|91\/100 frz|[from] item: Leftovers\n|upkeep\n|turn|7\n|\n|t:|1701099837\n|move|p2a: Jirachi|Calm Mind|p2a: Jirachi\n|-boost|p2a: Jirachi|spa|1\n|-boost|p2a: Jirachi|spd|1\n|-curestatus|p1a: Vaporeon|frz|[msg]\n|move|p1a: Vaporeon|Hydro Pump|p2a: Jirachi\n|-damage|p2a: Jirachi|72\/100\n|\n|-heal|p2a: Jirachi|79\/100|[from] item: Leftovers\n|-heal|p1a: Vaporeon|97\/100|[from] item: Leftovers\n|upkeep\n|turn|8\n|\n|t:|1701099850\n|switch|p1a: Hitmontop|Hitmontop, M|100\/100\n|move|p2a: Jirachi|Calm Mind|p2a: Jirachi\n|-boost|p2a: Jirachi|spa|1\n|-boost|p2a: Jirachi|spd|1\n|\n|-heal|p2a: Jirachi|85\/100|[from] item: Leftovers\n|upkeep\n|turn|9\n|\n|t:|1701099857\n|move|p2a: Jirachi|Aura Sphere|p1a: Hitmontop\n|-damage|p1a: Hitmontop|21\/100\n|move|p1a: Hitmontop|High Jump Kick|p2a: Jirachi\n|-damage|p2a: Jirachi|27\/100\n|\n|-heal|p2a: Jirachi|33\/100|[from] item: Leftovers\n|upkeep\n|turn|10\n|\n|t:|1701099867\n|move|p2a: Jirachi|Aura Sphere|p1a: Hitmontop\n|-damage|p1a: Hitmontop|0 fnt\n|faint|p1a: Hitmontop\n|\n|-heal|p2a: Jirachi|39\/100|[from] item: Leftovers\n|upkeep\n|\n|t:|1701099873\n|switch|p1a: Electivire|Electivire, M, shiny|100\/100\n|-item|p1a: Electivire|Air Balloon\n|turn|11\n|\n|t:|1701099877\n|move|p1a: Electivire|Earthquake|p2a: Jirachi\n|-supereffective|p2a: Jirachi\n|-damage|p2a: Jirachi|0 fnt\n|faint|p2a: Jirachi\n|\n|upkeep\n|\n|t:|1701099882\n|switch|p2a: Landorus|Landorus-Therian, M|100\/100\n|-ability|p2a: Landorus|Intimidate|boost\n|-unboost|p1a: Electivire|atk|1\n|turn|12\n|\n|t:|1701099886\n|switch|p1a: Salamence|Salamence, M|100\/100\n|-ability|p1a: Salamence|Intimidate|boost\n|-unboost|p2a: Landorus|atk|1\n|move|p2a: Landorus|Stone Edge|p1a: Salamence\n|-supereffective|p1a: Salamence\n|-damage|p1a: Salamence|33\/100\n|\n|upkeep\n|turn|13\n|\n|t:|1701099893\n|move|p2a: Landorus|Stone Edge|p1a: Salamence\n|-supereffective|p1a: Salamence\n|-damage|p1a: Salamence|0 fnt\n|faint|p1a: Salamence\n|\n|upkeep\n|\n|t:|1701099898\n|switch|p1a: Vaporeon|Vaporeon, M|97\/100\n|turn|14\n|\n|t:|1701099902\n|switch|p2a: Amoonguss|Amoonguss, F|100\/100\n|move|p1a: Vaporeon|Ice Beam|p2a: Amoonguss\n|-supereffective|p2a: Amoonguss\n|-damage|p2a: Amoonguss|46\/100\n|\n|-heal|p1a: Vaporeon|100\/100|[from] item: Leftovers\n|upkeep\n|turn|15\n|\n|t:|1701099911\n|switch|p2a: Slowbro|Slowbro, M|100\/100\n|move|p1a: Vaporeon|Ice Beam|p2a: Slowbro\n|-resisted|p2a: Slowbro\n|-damage|p2a: Slowbro|86\/100\n|\n|upkeep\n|turn|16\n|\n|t:|1701099917\n|move|p1a: Vaporeon|Hidden Power|p2a: Slowbro\n|-supereffective|p2a: Slowbro\n|-damage|p2a: Slowbro|45\/100\n|move|p2a: Slowbro|Teleport|p2a: Slowbro\n|\n|t:|1701099921\n|switch|p2a: Amoonguss|Amoonguss, F|79\/100|[from] Teleport\n|\n|upkeep\n|turn|17\n|\n|t:|1701099925\n|switch|p1a: Togekiss|Togekiss, M, shiny|100\/100\n|move|p2a: Amoonguss|Giga Drain|p1a: Togekiss\n|-resisted|p1a: Togekiss\n|-damage|p1a: Togekiss|91\/100\n|-heal|p2a: Amoonguss|83\/100|[from] drain|[of] p1a: Togekiss\n|\n|upkeep\n|turn|18\n|\n|t:|1701099932\n|move|p1a: Togekiss|Air Slash|p2a: Amoonguss\n|-supereffective|p2a: Amoonguss\n|-damage|p2a: Amoonguss|11\/100\n|move|p2a: Amoonguss|Sludge Bomb|p1a: Togekiss\n|-supereffective|p1a: Togekiss\n|-damage|p1a: Togekiss|41\/100\n|\n|upkeep\n|turn|19\n|\n|t:|1701099939\n|switch|p2a: Zapdos|Zapdos|100\/100\n|move|p1a: Togekiss|Dazzling Gleam|p2a: Zapdos\n|-damage|p2a: Zapdos|69\/100\n|\n|upkeep\n|turn|20\n|\n|t:|1701099945\n|switch|p1a: Electivire|Electivire, M, shiny|100\/100\n|-item|p1a: Electivire|Air Balloon\n|move|p2a: Zapdos|Discharge|p1a: Electivire\n|-ability|p1a: Electivire|Motor Drive|boost\n|-boost|p1a: Electivire|spe|1\n|\n|upkeep\n|turn|21\n|\n|t:|1701099954\n|move|p1a: Electivire|Ice Punch|p2a: Zapdos\n|-supereffective|p2a: Zapdos\n|-damage|p2a: Zapdos|22\/100\n|move|p2a: Zapdos|Toxic|p1a: Electivire|[miss]\n|-miss|p2a: Zapdos|p1a: Electivire\n|\n|upkeep\n|turn|22\n|\n|t:|1701099964\n|switch|p2a: Slowbro|Slowbro, M|79\/100\n|move|p1a: Electivire|Ice Punch|p2a: Slowbro\n|-resisted|p2a: Slowbro\n|-damage|p2a: Slowbro|70\/100\n|\n|upkeep\n|turn|23\n|\n|t:|1701099970\n|move|p1a: Electivire|Thunder Punch|p2a: Slowbro\n|-supereffective|p2a: Slowbro\n|-damage|p2a: Slowbro|21\/100\n|move|p2a: Slowbro|Teleport|p2a: Slowbro\n|\n|t:|1701099975\n|switch|p2a: Landorus|Landorus-Therian, M|100\/100|[from] Teleport\n|-ability|p2a: Landorus|Intimidate|boost\n|-unboost|p1a: Electivire|atk|1\n|\n|upkeep\n|turn|24\n|\n|t:|1701099980\n|move|p2a: Landorus|Stone Edge|p1a: Electivire\n|-damage|p1a: Electivire|34\/100\n|-enditem|p1a: Electivire|Air Balloon\n|move|p1a: Electivire|Ice Punch|p2a: Landorus\n|-supereffective|p2a: Landorus\n|-damage|p2a: Landorus|9\/100\n|\n|upkeep\n|turn|25\n|\n|t:|1701099989\n|switch|p1a: Vaporeon|Vaporeon, M|100\/100\n|move|p2a: Landorus|Stone Edge|p1a: Vaporeon\n|-damage|p1a: Vaporeon|68\/100\n|\n|-heal|p1a: Vaporeon|74\/100|[from] item: Leftovers\n|upkeep\n|turn|26\n|\n|t:|1701100000\n|switch|p2a: Slowbro|Slowbro, M|55\/100\n|move|p1a: Vaporeon|Ice Beam|p2a: Slowbro\n|-resisted|p2a: Slowbro\n|-damage|p2a: Slowbro|40\/100\n|\n|-heal|p1a: Vaporeon|80\/100|[from] item: Leftovers\n|upkeep\n|turn|27\n|\n|t:|1701100018\n|move|p1a: Vaporeon|Ice Beam|p2a: Slowbro\n|-resisted|p2a: Slowbro\n|-damage|p2a: Slowbro|24\/100\n|move|p2a: Slowbro|Teleport|p2a: Slowbro\n|\n|t:|1701100022\n|switch|p2a: Miss Munch|Mawile, F|100\/100|[from] Teleport\n|-ability|p2a: Miss Munch|Intimidate|boost\n|-unboost|p1a: Vaporeon|atk|1\n|\n|-heal|p1a: Vaporeon|86\/100|[from] item: Leftovers\n|upkeep\n|turn|28\n|\n|t:|1701100032\n|switch|p1a: Houndoom|Houndoom, M|100\/100\n|detailschange|p2a: Miss Munch|Mawile-Mega, F\n|-mega|p2a: Miss Munch|Mawile|Mawilite\n|move|p2a: Miss Munch|Swords Dance|p2a: Miss Munch\n|-boost|p2a: Miss Munch|atk|2\n|\n|upkeep\n|turn|29\n|\n|t:|1701100038\n|move|p2a: Miss Munch|Sucker Punch|p1a: Houndoom\n|-resisted|p1a: Houndoom\n|-damage|p1a: Houndoom|9\/100\n|move|p1a: Houndoom|Flamethrower|p2a: Miss Munch\n|-supereffective|p2a: Miss Munch\n|-damage|p2a: Miss Munch|0 fnt\n|faint|p2a: Miss Munch\n|\n|upkeep\n|\n|t:|1701100043\n|switch|p2a: Landorus|Landorus-Therian, M|9\/100\n|-ability|p2a: Landorus|Intimidate|boost\n|-unboost|p1a: Houndoom|atk|1\n|turn|30\n|\n|t:|1701100051\n|switch|p1a: Vaporeon|Vaporeon, M|86\/100\n|move|p2a: Landorus|U-turn|p1a: Vaporeon\n|-damage|p1a: Vaporeon|61\/100\n|\n|t:|1701100054\n|switch|p2a: Amoonguss|Amoonguss, F|44\/100|[from] U-turn\n|\n|-heal|p1a: Vaporeon|67\/100|[from] item: Leftovers\n|upkeep\n|turn|31\n|\n|t:|1701100060\n|switch|p1a: Houndoom|Houndoom, M|9\/100\n|switch|p2a: Slowbro|Slowbro, M|57\/100\n|\n|upkeep\n|turn|32\n|\n|t:|1701100066\n|move|p1a: Houndoom|Dark Pulse|p2a: Slowbro\n|-supereffective|p2a: Slowbro\n|-damage|p2a: Slowbro|0 fnt\n|faint|p2a: Slowbro\n|\n|upkeep\n|\n|t:|1701100074\n|switch|p2a: Landorus|Landorus-Therian, M|9\/100\n|-ability|p2a: Landorus|Intimidate|boost\n|-unboost|p1a: Houndoom|atk|1\n|turn|33\n|\n|t:|1701100080\n|switch|p1a: Togekiss|Togekiss, M, shiny|41\/100\n|move|p2a: Landorus|Stone Edge|p1a: Togekiss|[miss]\n|-miss|p2a: Landorus|p1a: Togekiss\n|\n|upkeep\n|turn|34\n|\n|t:|1701100092\n|switch|p1a: Houndoom|Houndoom, M|9\/100\n|move|p2a: Landorus|Stone Edge|p1a: Houndoom\n|-supereffective|p1a: Houndoom\n|-damage|p1a: Houndoom|0 fnt\n|faint|p1a: Houndoom\n|\n|upkeep\n|\n|t:|1701100099\n|switch|p1a: Vaporeon|Vaporeon, M|67\/100\n|turn|35\n|\n|t:|1701100104\n|move|p2a: Landorus|Stone Edge|p1a: Vaporeon\n|-crit|p1a: Vaporeon\n|-damage|p1a: Vaporeon|13\/100\n|move|p1a: Vaporeon|Ice Beam|p2a: Landorus\n|-supereffective|p2a: Landorus\n|-damage|p2a: Landorus|0 fnt\n|faint|p2a: Landorus\n|\n|-heal|p1a: Vaporeon|20\/100|[from] item: Leftovers\n|upkeep\n|\n|t:|1701100108\n|switch|p2a: Amoonguss|Amoonguss, F|77\/100\n|turn|36\n|\n|t:|1701100122\n|move|p1a: Vaporeon|Ice Beam|p2a: Amoonguss\n|-supereffective|p2a: Amoonguss\n|-damage|p2a: Amoonguss|25\/100\n|move|p2a: Amoonguss|Sludge Bomb|p1a: Vaporeon\n|-damage|p1a: Vaporeon|0 fnt\n|faint|p1a: Vaporeon\n|\n|upkeep\n|\n|t:|1701100128\n|switch|p1a: Togekiss|Togekiss, M, shiny|41\/100\n|turn|37\n|\n|t:|1701100132\n|switch|p2a: Zapdos|Zapdos|22\/100\n|move|p1a: Togekiss|Air Slash|p2a: Zapdos\n|-resisted|p2a: Zapdos\n|-damage|p2a: Zapdos|9\/100\n|\n|upkeep\n|turn|38\n|\n|t:|1701100138\n|switch|p1a: Electivire|Electivire, M, shiny|34\/100\n|move|p2a: Zapdos|Roost|p2a: Zapdos\n|-heal|p2a: Zapdos|59\/100\n|-singleturn|p2a: Zapdos|move: Roost\n|\n|upkeep\n|turn|39\n|\n|t:|1701100145\n|switch|p2a: Amoonguss|Amoonguss, F|59\/100\n|move|p1a: Electivire|Ice Punch|p2a: Amoonguss\n|-supereffective|p2a: Amoonguss\n|-damage|p2a: Amoonguss|18\/100\n|-damage|p1a: Electivire|18\/100|[from] item: Rocky Helmet|[of] p2a: Amoonguss\n|\n|upkeep\n|turn|40\n|\n|t:|1701100152\n|move|p1a: Electivire|Ice Punch|p2a: Amoonguss\n|-supereffective|p2a: Amoonguss\n|-damage|p2a: Amoonguss|0 fnt\n|-damage|p1a: Electivire|1\/100|[from] item: Rocky Helmet|[of] p2a: Amoonguss\n|faint|p2a: Amoonguss\n|\n|upkeep\n|\n|t:|1701100155\n|switch|p2a: Zapdos|Zapdos|59\/100\n|turn|41\n|\n|t:|1701100163\n|move|p1a: Electivire|Ice Punch|p2a: Zapdos\n|-supereffective|p2a: Zapdos\n|-damage|p2a: Zapdos|7\/100\n|move|p2a: Zapdos|Discharge|p1a: Electivire\n|-ability|p1a: Electivire|Motor Drive|boost\n|-boost|p1a: Electivire|spe|1\n|\n|upkeep\n|turn|42\n|-message|TetraVentus forfeited.\n|\n|win|runeatest\n|raw|runeatest's rating: 1143 &rarr; <strong>1174<\/strong><br \/>(+31 for winning)\n|raw|TetraVentus's rating: 1222 &rarr; <strong>1191<\/strong><br \/>(-31 for losing)\n|l|\u2606TetraVentus\n","uploadtime":1701100193,"views":2,"p1id":"runeatest","p2id":"tetraventus","formatid":"gen9nationaldex","rating":1174,"private":0,"password":""}