{"id":"gen9nationaldex-1987897244","p1":"PlasmaGruntTboltz","p2":"The Kitten Boy","format":"[Gen 9] National Dex","log":"|j|\u2606PlasmaGruntTboltz\n|j|\u2606The Kitten Boy\n|inactive|Battle timer is ON: inactive players will automatically lose when time's up.\n|t:|1699647000\n|gametype|singles\n|player|p1|PlasmaGruntTboltz|guzma|\n|player|p2|The Kitten Boy|kieran-festival|\n|teamsize|p1|6\n|teamsize|p2|6\n|gen|9\n|tier|[Gen 9] National Dex\n|rated|Tournament battle\n|rule|HP Percentage Mod: HP is shown in percentages\n|rule|Endless Battle Clause: Forcing endless battles is banned\n|rule|OHKO Clause: OHKO moves are banned\n|rule|Evasion Clause: Evasion abilities, items, and moves are banned\n|rule|Evasion Abilities Clause: Evasion abilities are banned\n|rule|Evasion Items Clause: Evasion items are banned\n|rule|Evasion Moves Clause: Evasion moves are banned\n|rule|Species Clause: Limit one of each Pok\u00e9mon\n|rule|Sleep Clause Mod: Limit one foe put to sleep\n|clearpoke\n|poke|p1|Haxorus, M|\n|poke|p1|Hatterene, F|\n|poke|p1|Ogerpon-Cornerstone, F|\n|poke|p1|Aegislash, M|\n|poke|p1|Urshifu-*, M|\n|poke|p1|Charizard, M|\n|poke|p2|Tapu Koko|\n|poke|p2|Iron Valiant|\n|poke|p2|Hawlucha, F|\n|poke|p2|Iron Moth|\n|poke|p2|Landorus-Therian, M|\n|poke|p2|Scizor, M|\n|teampreview\n|inactive|PlasmaGruntTboltz also wants the timer to be on.\n|c|\u2606The Kitten Boy|glhf\n|c|\u2606PlasmaGruntTboltz|De onde tirastes essa Sample?\n|c|\u2606PlasmaGruntTboltz|Glhf\n|\n|t:|1699647017\n|start\n|switch|p1a: Charizard|Charizard, M|100\/100\n|switch|p2a: Tapu Koko|Tapu Koko|100\/100\n|-fieldstart|move: Electric Terrain|[from] ability: Electric Surge|[of] p2a: Tapu Koko\n|turn|1\n|c|\u2606The Kitten Boy|smogon direto\n|\n|t:|1699647025\n|detailschange|p1a: Charizard|Charizard-Mega-Y, M\n|-mega|p1a: Charizard|Charizard|Charizardite Y\n|-weather|SunnyDay|[from] ability: Drought|[of] p1a: Charizard\n|move|p2a: Tapu Koko|U-turn|p1a: Charizard\n|-resisted|p1a: Charizard\n|-damage|p1a: Charizard|94\/100\n|\n|t:|1699647029\n|switch|p2a: Landorus|Landorus-Therian, M|100\/100|[from] U-turn\n|-ability|p2a: Landorus|Intimidate|boost\n|-unboost|p1a: Charizard|atk|1\n|move|p1a: Charizard|Fire Blast|p2a: Landorus\n|-damage|p2a: Landorus|0 fnt\n|faint|p2a: Landorus\n|\n|-weather|SunnyDay|[upkeep]\n|upkeep\n|c|\u2606PlasmaGruntTboltz|Rip\n|\n|t:|1699647032\n|switch|p2a: Iron Valiant|Iron Valiant|100\/100\n|-activate|p2a: Iron Valiant|ability: Quark Drive\n|-start|p2a: Iron Valiant|quarkdrivespe\n|turn|2\n|\n|t:|1699647036\n|move|p2a: Iron Valiant|Thunderbolt|p1a: Charizard\n|-supereffective|p1a: Charizard\n|-damage|p1a: Charizard|17\/100\n|-status|p1a: Charizard|par\n|move|p1a: Charizard|Air Slash|p2a: Iron Valiant\n|-supereffective|p2a: Iron Valiant\n|-damage|p2a: Iron Valiant|0 fnt\n|faint|p2a: Iron Valiant\n|-end|p2a: Iron Valiant|Quark Drive|[silent]\n|\n|-weather|SunnyDay|[upkeep]\n|upkeep\n|\n|t:|1699647045\n|switch|p2a: Iron Moth|Iron Moth|100\/100\n|-activate|p2a: Iron Moth|ability: Quark Drive\n|-start|p2a: Iron Moth|quarkdrivespe\n|turn|3\n|\n|t:|1699647052\n|move|p2a: Iron Moth|Fiery Dance|p1a: Charizard\n|-resisted|p1a: Charizard\n|-damage|p1a: Charizard|0 fnt\n|-boost|p2a: Iron Moth|spa|1\n|faint|p1a: Charizard\n|\n|-weather|SunnyDay|[upkeep]\n|upkeep\n|\n|t:|1699647058\n|switch|p1a: Ogerpon|Ogerpon-Cornerstone, F|100\/100\n|turn|4\n|\n|t:|1699647061\n|-end|p2a: Iron Moth|Quark Drive|[silent]\n|switch|p2a: Scizor|Scizor, M|100\/100\n|move|p1a: Ogerpon|Ivy Cudgel|p2a: Scizor\n|-damage|p2a: Scizor|38\/100\n|\n|-weather|SunnyDay|[upkeep]\n|upkeep\n|turn|5\n|c|\u2606PlasmaGruntTboltz|UGA UGA\n|\n|t:|1699647068\n|detailschange|p2a: Scizor|Scizor-Mega, M\n|-mega|p2a: Scizor|Scizor|Scizorite\n|move|p2a: Scizor|Bullet Punch|p1a: Ogerpon\n|-supereffective|p1a: Ogerpon\n|-damage|p1a: Ogerpon|6\/100\n|move|p1a: Ogerpon|Ivy Cudgel|p2a: Scizor\n|-crit|p2a: Scizor\n|-damage|p2a: Scizor|0 fnt\n|faint|p2a: Scizor\n|\n|-weather|none\n|upkeep\n|c|\u2606The Kitten Boy|acho mt engra\u00e7adinha ela assim\n|\n|t:|1699647077\n|switch|p2a: Iron Moth|Iron Moth|100\/100\n|-activate|p2a: Iron Moth|ability: Quark Drive\n|-start|p2a: Iron Moth|quarkdrivespe\n|turn|6\n|\n|t:|1699647079\n|move|p2a: Iron Moth|Fiery Dance|p1a: Ogerpon\n|-damage|p1a: Ogerpon|0 fnt\n|-boost|p2a: Iron Moth|spa|1\n|faint|p1a: Ogerpon\n|\n|upkeep\n|\n|t:|1699647081\n|switch|p1a: Urshifu|Urshifu-Rapid-Strike, M|100\/100\n|turn|7\n|\n|t:|1699647085\n|-terastallize|p2a: Iron Moth|Grass\n|move|p1a: Urshifu|Aqua Jet|p2a: Iron Moth\n|-resisted|p2a: Iron Moth\n|-damage|p2a: Iron Moth|84\/100\n|move|p2a: Iron Moth|Energy Ball|p1a: Urshifu\n|-supereffective|p1a: Urshifu\n|-damage|p1a: Urshifu|0 fnt\n|faint|p1a: Urshifu\n|\n|upkeep\n|\n|t:|1699647090\n|switch|p1a: Raiden|Haxorus, M, shiny|100\/100\n|-ability|p1a: Raiden|Mold Breaker\n|turn|8\n|\n|t:|1699647094\n|-terastallize|p1a: Raiden|Poison\n|move|p2a: Iron Moth|U-turn|p1a: Raiden\n|-resisted|p1a: Raiden\n|-damage|p1a: Raiden|93\/100\n|\n|t:|1699647097\n|-end|p2a: Iron Moth|Quark Drive|[silent]\n|switch|p2a: Tapu Koko|Tapu Koko|100\/100|[from] U-turn\n|move|p1a: Raiden|Dragon Dance|p1a: Raiden\n|-boost|p1a: Raiden|atk|1\n|-boost|p1a: Raiden|spe|1\n|\n|-fieldend|move: Electric Terrain\n|upkeep\n|turn|9\n|c|\u2606PlasmaGruntTboltz|RECEBA\n|c|\u2606The Kitten Boy|n esparava por essa\n|\n|t:|1699647115\n|switch|p2a: Iron Moth|Iron Moth, tera:Grass|84\/100\n|move|p1a: Raiden|Poison Jab|p2a: Iron Moth\n|-supereffective|p2a: Iron Moth\n|-damage|p2a: Iron Moth|0 fnt\n|faint|p2a: Iron Moth\n|-end|p2a: Iron Moth|Quark Drive|[silent]\n|\n|upkeep\n|\n|t:|1699647117\n|switch|p2a: Tapu Koko|Tapu Koko|100\/100\n|-fieldstart|move: Electric Terrain|[from] ability: Electric Surge|[of] p2a: Tapu Koko\n|turn|10\n|c|\u2606PlasmaGruntTboltz|O Drag\u00e3o das l\u00e2mina\n|\n|t:|1699647121\n|move|p1a: Raiden|Poison Jab|p2a: Tapu Koko\n|-supereffective|p2a: Tapu Koko\n|-damage|p2a: Tapu Koko|0 fnt\n|faint|p2a: Tapu Koko\n|\n|upkeep\n|\n|t:|1699647122\n|switch|p2a: Hawlucha|Hawlucha, F|100\/100\n|-enditem|p2a: Hawlucha|Electric Seed\n|-boost|p2a: Hawlucha|def|1|[from] item: Electric Seed\n|turn|11\n|c|\u2606The Kitten Boy|gg\n|c|\u2606PlasmaGruntTboltz|Impar\u00e1vel grazadeus\n|c|\u2606PlasmaGruntTboltz|Ggwp\n|\n|t:|1699647133\n|move|p2a: Hawlucha|Acrobatics|p1a: Raiden\n|-damage|p1a: Raiden|33\/100\n|move|p1a: Raiden|Outrage|p2a: Hawlucha\n|-damage|p2a: Hawlucha|0 fnt\n|faint|p2a: Hawlucha\n|\n|win|PlasmaGruntTboltz\n|n|\u2606PlasmaGruntTboltz|plasmagrunttboltz\n|n|\u2606The Kitten Boy|thekittenboy\n","uploadtime":1699647134,"views":6,"p1id":"plasmagrunttboltz","p2id":"thekittenboy","formatid":"gen9nationaldex","rating":0,"private":0,"password":""}