{"id":"gen9nationaldex-1989217247","p1":"Pickedman","p2":"Shelmuxe","format":"[Gen 9] National Dex","log":"|j|\u2606Pickedman\n|j|\u2606Shelmuxe\n|t:|1699824500\n|gametype|singles\n|player|p1|Pickedman|zinnia|1315\n|player|p2|Shelmuxe|266|1243\n|teamsize|p1|6\n|teamsize|p2|6\n|gen|9\n|tier|[Gen 9] National Dex\n|rated|\n|rule|HP Percentage Mod: HP is shown in percentages\n|rule|Endless Battle Clause: Forcing endless battles is banned\n|rule|OHKO Clause: OHKO moves are banned\n|rule|Evasion Clause: Evasion abilities, items, and moves are banned\n|rule|Evasion Abilities Clause: Evasion abilities are banned\n|rule|Evasion Items Clause: Evasion items are banned\n|rule|Evasion Moves Clause: Evasion moves are banned\n|rule|Species Clause: Limit one of each Pok\u00e9mon\n|rule|Sleep Clause Mod: Limit one foe put to sleep\n|clearpoke\n|poke|p1|Arbok, M|\n|poke|p1|Landorus-Therian, M|\n|poke|p1|Gliscor, F|\n|poke|p1|Alomomola, M|\n|poke|p1|Toxapex, M|\n|poke|p1|Clodsire, F|\n|poke|p2|Iron Hands|\n|poke|p2|Alomomola, M|\n|poke|p2|Umbreon, F|\n|poke|p2|Weezing-Galar, F|\n|poke|p2|Mawile, F|\n|poke|p2|Zapdos|\n|teampreview\n|\n|t:|1699824523\n|start\n|switch|p1a: Arbok|Arbok, M|100\/100\n|switch|p2a: Mawile|Mawile, F|100\/100\n|-ability|p1a: Arbok|Intimidate|boost\n|-unboost|p2a: Mawile|atk|1\n|-ability|p2a: Mawile|Intimidate|boost\n|-unboost|p1a: Arbok|atk|1\n|turn|1\n|inactive|Battle timer is ON: inactive players will automatically lose when time's up. (requested by Shelmuxe)\n|\n|t:|1699824530\n|detailschange|p2a: Mawile|Mawile-Mega, F\n|-mega|p2a: Mawile|Mawile|Mawilite\n|move|p1a: Arbok|Substitute|p1a: Arbok\n|-start|p1a: Arbok|Substitute\n|-damage|p1a: Arbok|75\/100\n|move|p2a: Mawile|Knock Off|p1a: Arbok\n|-end|p1a: Arbok|Substitute\n|\n|-heal|p1a: Arbok|82\/100|[from] item: Black Sludge\n|upkeep\n|turn|2\n|\n|t:|1699824538\n|switch|p1a: Alomomola|Alomomola, M|100\/100\n|move|p2a: Mawile|Knock Off|p1a: Alomomola\n|-damage|p1a: Alomomola|79\/100\n|-enditem|p1a: Alomomola|Leftovers|[from] move: Knock Off|[of] p2a: Mawile\n|\n|upkeep\n|turn|3\n|\n|t:|1699824547\n|switch|p2a: Alomomola|Alomomola, M|100\/100\n|move|p1a: Alomomola|Flip Turn|p2a: Alomomola\n|-resisted|p2a: Alomomola\n|-damage|p2a: Alomomola|95\/100\n|\n|t:|1699824551\n|switch|p1a: Arbok|Arbok, M|82\/100|[from] Flip Turn\n|-ability|p1a: Arbok|Intimidate|boost\n|-unboost|p2a: Alomomola|atk|1\n|\n|-heal|p1a: Arbok|88\/100|[from] item: Black Sludge\n|upkeep\n|turn|4\n|\n|t:|1699824555\n|move|p1a: Arbok|Toxic|p2a: Alomomola\n|-status|p2a: Alomomola|tox\n|move|p2a: Alomomola|Flip Turn|p1a: Arbok\n|-damage|p1a: Arbok|77\/100\n|\n|t:|1699824559\n|switch|p2a: Umbreon|Umbreon, F|100\/100|[from] Flip Turn\n|\n|-heal|p1a: Arbok|83\/100|[from] item: Black Sludge\n|upkeep\n|turn|5\n|\n|t:|1699824562\n|move|p1a: Arbok|Substitute|p1a: Arbok\n|-start|p1a: Arbok|Substitute\n|-damage|p1a: Arbok|58\/100\n|move|p2a: Umbreon|Heal Bell|p2a: Umbreon\n|-activate|p2a: Umbreon|move: Heal Bell\n|-curestatus|p2: Alomomola|tox|[msg]\n|\n|-heal|p1a: Arbok|64\/100|[from] item: Black Sludge\n|upkeep\n|turn|6\n|\n|t:|1699824573\n|move|p1a: Arbok|Switcheroo|p2a: Umbreon\n|-activate|p1a: Arbok|move: Trick|[of] p2a: Umbreon\n|-item|p2a: Umbreon|Black Sludge|[from] move: Switcheroo\n|-item|p1a: Arbok|Leftovers|[from] move: Switcheroo\n|move|p2a: Umbreon|Foul Play|p1a: Arbok\n|-end|p1a: Arbok|Substitute\n|\n|-heal|p1a: Arbok|70\/100|[from] item: Leftovers\n|-damage|p2a: Umbreon|88\/100|[from] item: Black Sludge\n|upkeep\n|turn|7\n|\n|t:|1699824582\n|-terastallize|p2a: Umbreon|Poison\n|move|p1a: Arbok|Protect|p1a: Arbok\n|-singleturn|p1a: Arbok|Protect\n|move|p2a: Umbreon|Foul Play|p1a: Arbok\n|-activate|p1a: Arbok|move: Protect\n|\n|-heal|p1a: Arbok|76\/100|[from] item: Leftovers\n|-heal|p2a: Umbreon|94\/100|[from] item: Black Sludge\n|upkeep\n|turn|8\n|\n|t:|1699824598\n|switch|p1a: Gliscor|Gliscor, F|100\/100\n|move|p2a: Umbreon|Foul Play|p1a: Gliscor\n|-crit|p1a: Gliscor\n|-damage|p1a: Gliscor|66\/100\n|\n|-heal|p2a: Umbreon|99\/100|[from] item: Black Sludge\n|-status|p1a: Gliscor|tox|[from] item: Toxic Orb\n|upkeep\n|turn|9\n|\n|t:|1699824609\n|switch|p2a: Weezing|Weezing-Galar, F|100\/100\n|move|p1a: Gliscor|Earthquake|p2a: Weezing\n|-immune|p2a: Weezing|[from] ability: Levitate\n|\n|-heal|p1a: Gliscor|78\/100 tox|[from] ability: Poison Heal\n|upkeep\n|turn|10\n|\n|t:|1699824617\n|switch|p1a: Toxapex|Toxapex, M|100\/100\n|move|p2a: Weezing|Sludge Bomb|p1a: Toxapex\n|-resisted|p1a: Toxapex\n|-damage|p1a: Toxapex|93\/100\n|\n|upkeep\n|turn|11\n|\n|t:|1699824624\n|move|p2a: Weezing|Will-O-Wisp|p1a: Toxapex\n|-status|p1a: Toxapex|brn\n|move|p1a: Toxapex|Sludge Bomb|p2a: Weezing\n|-damage|p2a: Weezing|60\/100\n|\n|-damage|p1a: Toxapex|87\/100 brn|[from] brn\n|upkeep\n|turn|12\n|\n|t:|1699824635\n|move|p2a: Weezing|Sludge Bomb|p1a: Toxapex\n|-resisted|p1a: Toxapex\n|-damage|p1a: Toxapex|80\/100 brn\n|move|p1a: Toxapex|Knock Off|p2a: Weezing\n|-resisted|p2a: Weezing\n|-damage|p2a: Weezing|58\/100\n|-enditem|p2a: Weezing|Heavy-Duty Boots|[from] move: Knock Off|[of] p1a: Toxapex\n|\n|-damage|p1a: Toxapex|74\/100 brn|[from] brn\n|upkeep\n|turn|13\n|\n|t:|1699824646\n|switch|p2a: Umbreon|Umbreon, F, tera:Poison|99\/100\n|move|p1a: Toxapex|Acid Spray|p2a: Umbreon\n|-resisted|p2a: Umbreon\n|-damage|p2a: Umbreon|96\/100\n|-unboost|p2a: Umbreon|spd|2\n|\n|-heal|p2a: Umbreon|100\/100|[from] item: Black Sludge\n|-damage|p1a: Toxapex|68\/100 brn|[from] brn\n|upkeep\n|turn|14\n|\n|t:|1699824650\n|move|p2a: Umbreon|Wish|p2a: Umbreon\n|move|p1a: Toxapex|Scald|p2a: Umbreon\n|-damage|p2a: Umbreon|70\/100\n|\n|-heal|p2a: Umbreon|76\/100|[from] item: Black Sludge\n|-damage|p1a: Toxapex|62\/100 brn|[from] brn\n|upkeep\n|turn|15\n|\n|t:|1699824656\n|switch|p2a: Zapdos|Zapdos|100\/100\n|move|p1a: Toxapex|Acid Spray|p2a: Zapdos\n|-crit|p2a: Zapdos\n|-damage|p2a: Zapdos|82\/100\n|-unboost|p2a: Zapdos|spd|2\n|\n|-heal|p2a: Zapdos|100\/100|[from] move: Wish|[wisher] Umbreon\n|-damage|p1a: Toxapex|56\/100 brn|[from] brn\n|upkeep\n|turn|16\n|\n|t:|1699824665\n|-zpower|p2a: Zapdos\n|move|p2a: Zapdos|Supersonic Skystrike|p1a: Toxapex|[zeffect]\n|-damage|p1a: Toxapex|15\/100 brn\n|move|p1a: Toxapex|Sludge Bomb|p2a: Zapdos\n|-damage|p2a: Zapdos|38\/100\n|\n|-damage|p1a: Toxapex|9\/100 brn|[from] brn\n|upkeep\n|turn|17\n|\n|t:|1699824675\n|switch|p1a: Landorus|Landorus-Therian, M|100\/100\n|-ability|p1a: Landorus|Intimidate|boost\n|-unboost|p2a: Zapdos|atk|1\n|move|p2a: Zapdos|Hurricane|p1a: Landorus|[miss]\n|-miss|p2a: Zapdos|p1a: Landorus\n|\n|upkeep\n|turn|18\n|\n|t:|1699824682\n|switch|p2a: Alomomola|Alomomola, M|100\/100\n|move|p1a: Landorus|Stone Edge|p2a: Alomomola\n|-damage|p2a: Alomomola|77\/100\n|\n|upkeep\n|turn|19\n|\n|t:|1699824688\n|switch|p1a: Toxapex|Toxapex, M|43\/100 brn\n|move|p2a: Alomomola|Wish|p2a: Alomomola\n|\n|-damage|p1a: Toxapex|37\/100 brn|[from] brn\n|upkeep\n|turn|20\n|\n|t:|1699824696\n|switch|p1a: Gliscor|Gliscor, F|78\/100 tox\n|move|p2a: Alomomola|Flip Turn|p1a: Gliscor\n|-supereffective|p1a: Gliscor\n|-damage|p1a: Gliscor|51\/100 tox\n|\n|t:|1699824704\n|switch|p2a: Zapdos|Zapdos|38\/100|[from] Flip Turn\n|\n|-heal|p2a: Zapdos|100\/100|[from] move: Wish|[wisher] Alomomola\n|-heal|p1a: Gliscor|63\/100 tox|[from] ability: Poison Heal\n|upkeep\n|turn|21\n|\n|t:|1699824710\n|move|p2a: Zapdos|Hurricane|p1a: Gliscor\n|-damage|p1a: Gliscor|23\/100 tox\n|move|p1a: Gliscor|Toxic|p2a: Zapdos\n|-status|p2a: Zapdos|tox\n|\n|-damage|p2a: Zapdos|94\/100 tox|[from] psn\n|-heal|p1a: Gliscor|35\/100 tox|[from] ability: Poison Heal\n|upkeep\n|turn|22\n|\n|t:|1699824718\n|move|p1a: Gliscor|Protect|p1a: Gliscor\n|-singleturn|p1a: Gliscor|Protect\n|move|p2a: Zapdos|Hurricane|p1a: Gliscor\n|-activate|p1a: Gliscor|move: Protect\n|\n|-damage|p2a: Zapdos|82\/100 tox|[from] psn\n|-heal|p1a: Gliscor|48\/100 tox|[from] ability: Poison Heal\n|upkeep\n|turn|23\n|\n|t:|1699824728\n|switch|p2a: Weezing|Weezing-Galar, F|58\/100\n|switch|p1a: Clodsire|Clodsire, F|100\/100\n|\n|upkeep\n|turn|24\n|\n|t:|1699824734\n|move|p2a: Weezing|Will-O-Wisp|p1a: Clodsire\n|-status|p1a: Clodsire|brn\n|move|p1a: Clodsire|Toxic Spikes|p2a: Weezing\n|-sidestart|p2: Shelmuxe|move: Toxic Spikes\n|\n|-damage|p1a: Clodsire|94\/100 brn|[from] brn\n|upkeep\n|turn|25\n|\n|t:|1699824739\n|switch|p1a: Landorus|Landorus-Therian, M|100\/100\n|-ability|p1a: Landorus|Intimidate|boost\n|-unboost|p2a: Weezing|atk|1\n|move|p2a: Weezing|Pain Split|p1a: Landorus\n|-sethp|p1a: Landorus|80\/100|[from] move: Pain Split|[silent]\n|-sethp|p2a: Weezing|77\/100|[from] move: Pain Split\n|\n|upkeep\n|turn|26\n|\n|t:|1699824745\n|move|p1a: Landorus|Stealth Rock|p2a: Weezing\n|-sidestart|p2: Shelmuxe|move: Stealth Rock\n|move|p2a: Weezing|Will-O-Wisp|p1a: Landorus\n|-status|p1a: Landorus|brn\n|\n|-damage|p1a: Landorus|74\/100 brn|[from] brn\n|upkeep\n|turn|27\n|\n|t:|1699824764\n|switch|p1a: Arbok|Arbok, M|76\/100\n|-ability|p1a: Arbok|Intimidate|boost\n|-unboost|p2a: Weezing|atk|1\n|move|p2a: Weezing|Defog|p1a: Arbok\n|-unboost|p1a: Arbok|evasion|1\n|-sideend|p2: Shelmuxe|Toxic Spikes|[from] move: Defog|[of] p2a: Weezing\n|-sideend|p2: Shelmuxe|Stealth Rock|[from] move: Defog|[of] p2a: Weezing\n|\n|-heal|p1a: Arbok|83\/100|[from] item: Leftovers\n|upkeep\n|turn|28\n|\n|t:|1699824768\n|move|p1a: Arbok|Substitute|p1a: Arbok\n|-start|p1a: Arbok|Substitute\n|-damage|p1a: Arbok|58\/100\n|move|p2a: Weezing|Sludge Bomb|p1a: Arbok\n|-resisted|p1a: Arbok\n|-activate|p1a: Arbok|move: Substitute|[damage]\n|\n|-heal|p1a: Arbok|64\/100|[from] item: Leftovers\n|upkeep\n|turn|29\n|\n|t:|1699824774\n|move|p1a: Arbok|Protect|p1a: Arbok\n|-singleturn|p1a: Arbok|Protect\n|move|p2a: Weezing|Sludge Bomb|p1a: Arbok\n|-activate|p1a: Arbok|move: Protect\n|\n|-heal|p1a: Arbok|70\/100|[from] item: Leftovers\n|upkeep\n|turn|30\n|\n|t:|1699824786\n|switch|p2a: Mawile|Mawile-Mega, F|100\/100\n|move|p1a: Arbok|Substitute|p1a: Arbok\n|-fail|p1a: Arbok|move: Substitute\n|\n|-heal|p1a: Arbok|76\/100|[from] item: Leftovers\n|upkeep\n|turn|31\n|\n|t:|1699824796\n|switch|p1a: Landorus|Landorus-Therian, M|74\/100 brn\n|-ability|p1a: Landorus|Intimidate|boost\n|-unboost|p2a: Mawile|atk|1\n|move|p2a: Mawile|Knock Off|p1a: Landorus\n|-damage|p1a: Landorus|27\/100 brn\n|-enditem|p1a: Landorus|Choice Scarf|[from] move: Knock Off|[of] p2a: Mawile\n|\n|-damage|p1a: Landorus|21\/100 brn|[from] brn\n|upkeep\n|turn|32\n|\n|t:|1699824803\n|switch|p2a: Weezing|Weezing-Galar, F|77\/100\n|move|p1a: Landorus|Stealth Rock|p2a: Weezing\n|-sidestart|p2: Shelmuxe|move: Stealth Rock\n|\n|-damage|p1a: Landorus|15\/100 brn|[from] brn\n|upkeep\n|turn|33\n|\n|t:|1699824806\n|move|p1a: Landorus|U-turn|p2a: Weezing\n|-resisted|p2a: Weezing\n|-damage|p2a: Weezing|75\/100\n|\n|t:|1699824811\n|switch|p1a: Toxapex|Toxapex, M|70\/100 brn|[from] U-turn\n|move|p2a: Weezing|Defog|p1a: Toxapex\n|-unboost|p1a: Toxapex|evasion|1\n|-sideend|p2: Shelmuxe|Stealth Rock|[from] move: Defog|[of] p2a: Weezing\n|\n|-damage|p1a: Toxapex|64\/100 brn|[from] brn\n|upkeep\n|turn|34\n|\n|t:|1699824820\n|move|p2a: Weezing|Sludge Bomb|p1a: Toxapex\n|-resisted|p1a: Toxapex\n|-damage|p1a: Toxapex|57\/100 brn\n|move|p1a: Toxapex|Acid Spray|p2a: Weezing\n|-damage|p2a: Weezing|59\/100\n|-unboost|p2a: Weezing|spd|2\n|\n|-damage|p1a: Toxapex|51\/100 brn|[from] brn\n|upkeep\n|turn|35\n|\n|t:|1699824832\n|move|p2a: Weezing|Sludge Bomb|p1a: Toxapex\n|-resisted|p1a: Toxapex\n|-damage|p1a: Toxapex|45\/100 brn\n|move|p1a: Toxapex|Scald|p2a: Weezing\n|-damage|p2a: Weezing|0 fnt\n|faint|p2a: Weezing\n|\n|-damage|p1a: Toxapex|39\/100 brn|[from] brn\n|upkeep\n|\n|t:|1699824845\n|switch|p2a: Iron Hands|Iron Hands|100\/100\n|turn|36\n|\n|t:|1699824851\n|switch|p1a: Landorus|Landorus-Therian, M|15\/100 brn\n|-ability|p1a: Landorus|Intimidate|boost\n|-unboost|p2a: Iron Hands|atk|1\n|move|p2a: Iron Hands|Ice Punch|p1a: Landorus\n|-supereffective|p1a: Landorus\n|-damage|p1a: Landorus|0 fnt\n|faint|p1a: Landorus\n|\n|upkeep\n|\n|t:|1699824858\n|switch|p1a: Arbok|Arbok, M|76\/100\n|-ability|p1a: Arbok|Intimidate|boost\n|-unboost|p2a: Iron Hands|atk|1\n|turn|37\n|\n|t:|1699824864\n|-end|p2a: Iron Hands|Quark Drive|[silent]\n|switch|p2a: Zapdos|Zapdos|82\/100 tox\n|move|p1a: Arbok|Toxic|p2a: Zapdos\n|-fail|p2a: Zapdos|tox\n|\n|-heal|p1a: Arbok|82\/100|[from] item: Leftovers\n|-damage|p2a: Zapdos|76\/100 tox|[from] psn\n|upkeep\n|turn|38\n|\n|t:|1699824867\n|move|p2a: Zapdos|Volt Switch|p1a: Arbok\n|-damage|p1a: Arbok|40\/100\n|\n|t:|1699824871\n|switch|p2a: Umbreon|Umbreon, F, tera:Poison|76\/100|[from] Volt Switch\n|move|p1a: Arbok|Substitute|p1a: Arbok\n|-start|p1a: Arbok|Substitute\n|-damage|p1a: Arbok|15\/100\n|\n|-heal|p1a: Arbok|21\/100|[from] item: Leftovers\n|-heal|p2a: Umbreon|82\/100|[from] item: Black Sludge\n|upkeep\n|turn|39\n|\n|t:|1699824876\n|move|p1a: Arbok|Switcheroo|p2a: Umbreon\n|-activate|p1a: Arbok|move: Trick|[of] p2a: Umbreon\n|-item|p2a: Umbreon|Leftovers|[from] move: Switcheroo\n|-item|p1a: Arbok|Black Sludge|[from] move: Switcheroo\n|move|p2a: Umbreon|Foul Play|p1a: Arbok\n|-end|p1a: Arbok|Substitute\n|\n|-heal|p1a: Arbok|28\/100|[from] item: Black Sludge\n|-heal|p2a: Umbreon|88\/100|[from] item: Leftovers\n|upkeep\n|turn|40\n|inactive|Shelmuxe has 120 seconds left.\n|\n|t:|1699824907\n|move|p1a: Arbok|Protect|p1a: Arbok\n|-singleturn|p1a: Arbok|Protect\n|move|p2a: Umbreon|Foul Play|p1a: Arbok\n|-activate|p1a: Arbok|move: Protect\n|\n|-heal|p1a: Arbok|34\/100|[from] item: Black Sludge\n|-heal|p2a: Umbreon|94\/100|[from] item: Leftovers\n|upkeep\n|turn|41\n|inactive|Pickedman has 120 seconds left.\n|\n|t:|1699824939\n|switch|p1a: Clodsire|Clodsire, F|94\/100 brn\n|move|p2a: Umbreon|Heal Bell|p2a: Umbreon\n|-activate|p2a: Umbreon|move: Heal Bell\n|-curestatus|p2: Zapdos|tox|[msg]\n|\n|-heal|p2a: Umbreon|99\/100|[from] item: Leftovers\n|-heal|p1a: Clodsire|100\/100 brn|[from] item: Leftovers\n|-damage|p1a: Clodsire|94\/100 brn|[from] brn\n|upkeep\n|turn|42\n|\n|t:|1699824948\n|move|p2a: Umbreon|Foul Play|p1a: Clodsire\n|-damage|p1a: Clodsire|67\/100 brn\n|move|p1a: Clodsire|Toxic Spikes|p2a: Umbreon\n|-sidestart|p2: Shelmuxe|move: Toxic Spikes\n|\n|-heal|p2a: Umbreon|100\/100|[from] item: Leftovers\n|-heal|p1a: Clodsire|73\/100 brn|[from] item: Leftovers\n|-damage|p1a: Clodsire|67\/100 brn|[from] brn\n|upkeep\n|turn|43\n|\n|t:|1699824954\n|switch|p2a: Mawile|Mawile-Mega, F|100\/100\n|move|p1a: Clodsire|Toxic Spikes|p2a: Mawile\n|-sidestart|p2: Shelmuxe|move: Toxic Spikes\n|\n|-heal|p1a: Clodsire|73\/100 brn|[from] item: Leftovers\n|-damage|p1a: Clodsire|67\/100 brn|[from] brn\n|upkeep\n|turn|44\n|\n|t:|1699824960\n|switch|p1a: Arbok|Arbok, M|34\/100\n|-ability|p1a: Arbok|Intimidate|boost\n|-unboost|p2a: Mawile|atk|1\n|move|p2a: Mawile|Swords Dance|p2a: Mawile\n|-boost|p2a: Mawile|atk|2\n|\n|-heal|p1a: Arbok|40\/100|[from] item: Black Sludge\n|upkeep\n|turn|45\n|\n|t:|1699824967\n|switch|p1a: Alomomola|Alomomola, M|100\/100\n|move|p2a: Mawile|Swords Dance|p2a: Mawile\n|-boost|p2a: Mawile|atk|2\n|\n|upkeep\n|turn|46\n|\n|t:|1699824973\n|move|p2a: Mawile|Swords Dance|p2a: Mawile\n|-boost|p2a: Mawile|atk|2\n|move|p1a: Alomomola|Flip Turn|p2a: Mawile\n|-damage|p2a: Mawile|84\/100\n|\n|t:|1699824976\n|switch|p1a: Toxapex|Toxapex, M|72\/100 brn|[from] Flip Turn\n|\n|-damage|p1a: Toxapex|66\/100 brn|[from] brn\n|upkeep\n|turn|47\n|\n|t:|1699824987\n|move|p2a: Mawile|Knock Off|p1a: Toxapex\n|-damage|p1a: Toxapex|0 fnt\n|-enditem|p1a: Toxapex|Assault Vest|[from] move: Knock Off|[of] p2a: Mawile\n|faint|p1a: Toxapex\n|\n|upkeep\n|c|\u2606Shelmuxe|ggwp\n|\n|t:|1699824998\n|switch|p1a: Arbok|Arbok, M|40\/100\n|-ability|p1a: Arbok|Intimidate|boost\n|-unboost|p2a: Mawile|atk|1\n|turn|48\n|\n|t:|1699825004\n|move|p1a: Arbok|Protect|p1a: Arbok\n|-singleturn|p1a: Arbok|Protect\n|move|p2a: Mawile|Knock Off|p1a: Arbok\n|-activate|p1a: Arbok|move: Protect\n|\n|-heal|p1a: Arbok|46\/100|[from] item: Black Sludge\n|upkeep\n|turn|49\n|\n|t:|1699825011\n|switch|p1a: Alomomola|Alomomola, M|100\/100\n|move|p2a: Mawile|Knock Off|p1a: Alomomola\n|-damage|p1a: Alomomola|33\/100\n|\n|upkeep\n|turn|50\n|\n|t:|1699825016\n|move|p1a: Alomomola|Protect|p1a: Alomomola\n|-singleturn|p1a: Alomomola|Protect\n|move|p2a: Mawile|Knock Off|p1a: Alomomola\n|-activate|p1a: Alomomola|move: Protect\n|\n|upkeep\n|turn|51\n|\n|t:|1699825020\n|switch|p1a: Arbok|Arbok, M|46\/100\n|-ability|p1a: Arbok|Intimidate|boost\n|-unboost|p2a: Mawile|atk|1\n|move|p2a: Mawile|Knock Off|p1a: Arbok\n|-damage|p1a: Arbok|0 fnt\n|-enditem|p1a: Arbok|Black Sludge|[from] move: Knock Off|[of] p2a: Mawile\n|faint|p1a: Arbok\n|\n|upkeep\n|\n|t:|1699825026\n|switch|p1a: Clodsire|Clodsire, F|67\/100 brn\n|turn|52\n|\n|t:|1699825031\n|move|p2a: Mawile|Swords Dance|p2a: Mawile\n|-boost|p2a: Mawile|atk|2\n|move|p1a: Clodsire|Earthquake|p2a: Mawile\n|-supereffective|p2a: Mawile\n|-damage|p2a: Mawile|58\/100\n|\n|-heal|p1a: Clodsire|73\/100 brn|[from] item: Leftovers\n|-damage|p1a: Clodsire|67\/100 brn|[from] brn\n|upkeep\n|turn|53\n|\n|t:|1699825035\n|move|p2a: Mawile|Knock Off|p1a: Clodsire\n|-damage|p1a: Clodsire|3\/100 brn\n|-enditem|p1a: Clodsire|Leftovers|[from] move: Knock Off|[of] p2a: Mawile\n|move|p1a: Clodsire|Earthquake|p2a: Mawile\n|-supereffective|p2a: Mawile\n|-damage|p2a: Mawile|34\/100\n|\n|-damage|p1a: Clodsire|0 fnt|[from] brn\n|faint|p1a: Clodsire\n|upkeep\n|\n|t:|1699825038\n|switch|p1a: Gliscor|Gliscor, F|48\/100 tox\n|turn|54\n|\n|t:|1699825042\n|move|p2a: Mawile|Sucker Punch|p1a: Gliscor\n|-damage|p1a: Gliscor|0 fnt\n|faint|p1a: Gliscor\n|\n|upkeep\n|\n|t:|1699825044\n|switch|p1a: Alomomola|Alomomola, M|66\/100\n|turn|55\n|\n|t:|1699825062\n|move|p1a: Alomomola|Protect|p1a: Alomomola\n|-singleturn|p1a: Alomomola|Protect\n|move|p2a: Mawile|Play Rough|p1a: Alomomola\n|-activate|p1a: Alomomola|move: Protect\n|\n|upkeep\n|turn|56\n|\n|t:|1699825067\n|move|p2a: Mawile|Play Rough|p1a: Alomomola\n|-damage|p1a: Alomomola|0 fnt\n|faint|p1a: Alomomola\n|\n|win|Shelmuxe\n|raw|Pickedman's rating: 1315 &rarr; <strong>1291<\/strong><br \/>(-24 for losing)\n|raw|Shelmuxe's rating: 1243 &rarr; <strong>1273<\/strong><br \/>(+30 for winning)\n|l|\u2606Pickedman\n","uploadtime":1699825073,"views":4,"p1id":"pickedman","p2id":"shelmuxe","formatid":"gen9nationaldex","rating":1273,"private":0,"password":""}