{"id":"gen9nationaldex-1993348949","p1":"fly groudon","p2":"JJdragon slayer","format":"[Gen 9] National Dex","log":"|j|\u2606fly groudon\n|j|\u2606JJdragon slayer\n|t:|1700303544\n|gametype|singles\n|player|p1|fly groudon|alec-anime|1704\n|player|p2|JJdragon slayer|backersf|1590\n|teamsize|p1|6\n|teamsize|p2|6\n|gen|9\n|tier|[Gen 9] National Dex\n|rated|\n|rule|HP Percentage Mod: HP is shown in percentages\n|rule|Endless Battle Clause: Forcing endless battles is banned\n|rule|OHKO Clause: OHKO moves are banned\n|rule|Evasion Clause: Evasion abilities, items, and moves are banned\n|rule|Evasion Abilities Clause: Evasion abilities are banned\n|rule|Evasion Items Clause: Evasion items are banned\n|rule|Evasion Moves Clause: Evasion moves are banned\n|rule|Species Clause: Limit one of each Pok\u00e9mon\n|rule|Sleep Clause Mod: Limit one foe put to sleep\n|clearpoke\n|poke|p1|Great Tusk|\n|poke|p1|Ogerpon-Wellspring, F|\n|poke|p1|Volcarona, F|\n|poke|p1|Iron Valiant|\n|poke|p1|Ceruledge, M|\n|poke|p1|Pinsir, M|\n|poke|p2|Rillaboom, M|\n|poke|p2|Dhelmise|\n|poke|p2|Sneasler, M|\n|poke|p2|Tapu Bulu|\n|poke|p2|Venusaur, F|\n|poke|p2|Corviknight, F|\n|teampreview\n|inactive|Battle timer is ON: inactive players will automatically lose when time's up. (requested by fly groudon)\n|inactive|JJdragon slayer also wants the timer to be on.\n|\n|t:|1700303559\n|start\n|switch|p1a: Great Tusk|Great Tusk|100\/100\n|switch|p2a: Tapu Bulu|Tapu Bulu|100\/100\n|-fieldstart|move: Grassy Terrain|[from] ability: Grassy Surge|[of] p2a: Tapu Bulu\n|turn|1\n|\n|t:|1700303563\n|move|p1a: Great Tusk|Stealth Rock|p2a: Tapu Bulu\n|-sidestart|p2: JJdragon slayer|move: Stealth Rock\n|move|p2a: Tapu Bulu|Leech Seed|p1a: Great Tusk\n|-start|p1a: Great Tusk|move: Leech Seed\n|\n|-damage|p1a: Great Tusk|88\/100|[from] Leech Seed|[of] p2a: Tapu Bulu\n|upkeep\n|turn|2\n|\n|t:|1700303569\n|move|p1a: Great Tusk|Head Smash|p2a: Tapu Bulu\n|-damage|p2a: Tapu Bulu|55\/100\n|-damage|p1a: Great Tusk|67\/100|[from] Recoil\n|move|p2a: Tapu Bulu|Horn Leech|p1a: Great Tusk\n|-supereffective|p1a: Great Tusk\n|-damage|p1a: Great Tusk|4\/100\n|-heal|p2a: Tapu Bulu|90\/100|[from] drain|[of] p1a: Great Tusk\n|\n|-heal|p1a: Great Tusk|10\/100|[from] Grassy Terrain\n|-heal|p2a: Tapu Bulu|96\/100|[from] Grassy Terrain\n|-damage|p1a: Great Tusk|0 fnt|[from] Leech Seed|[of] p2a: Tapu Bulu\n|-heal|p2a: Tapu Bulu|100\/100|[silent]\n|faint|p1a: Great Tusk\n|-end|p1a: Great Tusk|Protosynthesis|[silent]\n|upkeep\n|\n|t:|1700303574\n|switch|p1a: Volcarona|Volcarona, F, shiny|100\/100\n|turn|3\n|\n|t:|1700303579\n|move|p1a: Volcarona|Substitute|p1a: Volcarona\n|-start|p1a: Volcarona|Substitute\n|-damage|p1a: Volcarona|76\/100\n|move|p2a: Tapu Bulu|Leech Seed||[still]\n|-fail|p2a: Tapu Bulu\n|\n|-heal|p1a: Volcarona|82\/100|[from] Grassy Terrain\n|-heal|p1a: Volcarona|88\/100|[from] item: Leftovers\n|upkeep\n|turn|4\n|\n|t:|1700303596\n|switch|p2a: Dhelmise|Dhelmise|100\/100\n|-damage|p2a: Dhelmise|88\/100|[from] Stealth Rock\n|move|p1a: Volcarona|Quiver Dance|p1a: Volcarona\n|-boost|p1a: Volcarona|spa|1\n|-boost|p1a: Volcarona|spd|1\n|-boost|p1a: Volcarona|spe|1\n|\n|-heal|p1a: Volcarona|94\/100|[from] Grassy Terrain\n|-heal|p1a: Volcarona|99\/100|[from] item: Leftovers\n|-heal|p2a: Dhelmise|94\/100|[from] Grassy Terrain\n|upkeep\n|turn|5\n|\n|t:|1700303600\n|move|p2a: Dhelmise|Grassy Glide|p1a: Volcarona\n|-resisted|p1a: Volcarona\n|-end|p1a: Volcarona|Substitute\n|move|p1a: Volcarona|Bug Buzz|p2a: Dhelmise\n|-damage|p2a: Dhelmise|5\/100\n|\n|-heal|p1a: Volcarona|100\/100|[from] Grassy Terrain\n|-heal|p2a: Dhelmise|11\/100|[from] Grassy Terrain\n|upkeep\n|turn|6\n|\n|t:|1700303608\n|move|p2a: Dhelmise|Grassy Glide|p1a: Volcarona\n|-resisted|p1a: Volcarona\n|-damage|p1a: Volcarona|78\/100\n|move|p1a: Volcarona|Substitute|p1a: Volcarona\n|-start|p1a: Volcarona|Substitute\n|-damage|p1a: Volcarona|53\/100\n|\n|-heal|p1a: Volcarona|59\/100|[from] Grassy Terrain\n|-heal|p1a: Volcarona|65\/100|[from] item: Leftovers\n|-heal|p2a: Dhelmise|17\/100|[from] Grassy Terrain\n|upkeep\n|turn|7\n|\n|t:|1700303621\n|move|p2a: Dhelmise|Grassy Glide|p1a: Volcarona\n|-resisted|p1a: Volcarona\n|-activate|p1a: Volcarona|move: Substitute|[damage]\n|move|p1a: Volcarona|Substitute|p1a: Volcarona\n|-fail|p1a: Volcarona|move: Substitute\n|\n|-heal|p1a: Volcarona|72\/100|[from] Grassy Terrain\n|-heal|p1a: Volcarona|78\/100|[from] item: Leftovers\n|-heal|p2a: Dhelmise|23\/100|[from] Grassy Terrain\n|upkeep\n|turn|8\n|\n|t:|1700303629\n|move|p2a: Dhelmise|Grassy Glide|p1a: Volcarona\n|-resisted|p1a: Volcarona\n|-end|p1a: Volcarona|Substitute\n|move|p1a: Volcarona|Bug Buzz|p2a: Dhelmise\n|-damage|p2a: Dhelmise|0 fnt\n|faint|p2a: Dhelmise\n|\n|-heal|p1a: Volcarona|84\/100|[from] Grassy Terrain\n|-heal|p1a: Volcarona|90\/100|[from] item: Leftovers\n|-fieldend|move: Grassy Terrain\n|upkeep\n|\n|t:|1700303639\n|switch|p2a: Rillaboom|Rillaboom, M|100\/100\n|-damage|p2a: Rillaboom|88\/100|[from] Stealth Rock\n|-fieldstart|move: Grassy Terrain|[from] ability: Grassy Surge|[of] p2a: Rillaboom\n|turn|9\n|\n|t:|1700303643\n|move|p1a: Volcarona|Substitute|p1a: Volcarona\n|-start|p1a: Volcarona|Substitute\n|-damage|p1a: Volcarona|65\/100\n|move|p2a: Rillaboom|U-turn|p1a: Volcarona\n|-resisted|p1a: Volcarona\n|-activate|p1a: Volcarona|move: Substitute|[damage]\n|\n|t:|1700303663\n|switch|p2a: Sneasler|Sneasler, M|100\/100|[from] U-turn\n|-damage|p2a: Sneasler|95\/100|[from] Stealth Rock\n|-enditem|p2a: Sneasler|Grassy Seed\n|-boost|p2a: Sneasler|def|1|[from] item: Grassy Seed\n|\n|-heal|p2a: Sneasler|100\/100|[from] Grassy Terrain\n|-heal|p1a: Volcarona|71\/100|[from] Grassy Terrain\n|-heal|p1a: Volcarona|77\/100|[from] item: Leftovers\n|upkeep\n|turn|10\n|\n|t:|1700303672\n|-terastallize|p2a: Sneasler|Fire\n|move|p2a: Sneasler|Fire Punch|p1a: Volcarona\n|-end|p1a: Volcarona|Substitute\n|move|p1a: Volcarona|Flamethrower|p2a: Sneasler\n|-resisted|p2a: Sneasler\n|-damage|p2a: Sneasler|47\/100\n|\n|-heal|p2a: Sneasler|53\/100|[from] Grassy Terrain\n|-heal|p1a: Volcarona|83\/100|[from] Grassy Terrain\n|-heal|p1a: Volcarona|90\/100|[from] item: Leftovers\n|upkeep\n|turn|11\n|\n|t:|1700303680\n|switch|p1a: Ceruledge|Ceruledge, M|100\/100\n|move|p2a: Sneasler|Swords Dance|p2a: Sneasler\n|-boost|p2a: Sneasler|atk|2\n|\n|-heal|p2a: Sneasler|59\/100|[from] Grassy Terrain\n|upkeep\n|turn|12\n|\n|t:|1700303685\n|move|p2a: Sneasler|Night Slash|p1a: Ceruledge\n|-supereffective|p1a: Ceruledge\n|-damage|p1a: Ceruledge|0 fnt\n|faint|p1a: Ceruledge\n|\n|-heal|p2a: Sneasler|65\/100|[from] Grassy Terrain\n|upkeep\n|\n|t:|1700303700\n|switch|p1a: Iron Valiant|Iron Valiant|100\/100\n|-enditem|p1a: Iron Valiant|Booster Energy\n|-activate|p1a: Iron Valiant|ability: Quark Drive|[fromitem]\n|-start|p1a: Iron Valiant|quarkdrivespe\n|turn|13\n|\n|t:|1700303709\n|-terastallize|p1a: Iron Valiant|Electric\n|move|p2a: Sneasler|Fire Punch|p1a: Iron Valiant\n|-damage|p1a: Iron Valiant|0 fnt\n|faint|p1a: Iron Valiant\n|-end|p1a: Iron Valiant|Quark Drive|[silent]\n|\n|-heal|p2a: Sneasler|71\/100|[from] Grassy Terrain\n|-fieldend|move: Grassy Terrain\n|upkeep\n|-message|fly groudon forfeited.\n|\n|win|JJdragon slayer\n|raw|fly groudon's rating: 1704 &rarr; <strong>1678<\/strong><br \/>(-26 for losing)\n|raw|JJdragon slayer's rating: 1590 &rarr; <strong>1616<\/strong><br \/>(+26 for winning)\n|l|\u2606fly groudon\n","uploadtime":1700303722,"views":15,"p1id":"flygroudon","p2id":"jjdragonslayer","formatid":"gen9nationaldex","rating":1616,"private":0,"password":""}