{"id":"gen9nationaldex-1998813708","p1":"pikaplayer1001000","p2":"test111111111","format":"[Gen 9] National Dex","log":"|html|<div class=\"broadcast-blue\"><strong>[Gen 9] National Dex is currently suspecting Sneasler! For information on how to participate check out the <a href=\"https:\/\/www.smogon.com\/forums\/threads\/sv-national-dex-suspect-8-just-dance.3731534\/\">suspect thread<\/a>.<\/strong><\/div>\n|j|\u2606pikaplayer1001000\n|j|\u2606test111111111\n|t:|1700996229\n|gametype|singles\n|player|p1|pikaplayer1001000|red-gen2|1282\n|player|p2|test111111111|hilbert|1349\n|teamsize|p1|6\n|teamsize|p2|6\n|gen|9\n|tier|[Gen 9] National Dex\n|rated|\n|rule|HP Percentage Mod: HP is shown in percentages\n|rule|Endless Battle Clause: Forcing endless battles is banned\n|rule|OHKO Clause: OHKO moves are banned\n|rule|Evasion Clause: Evasion abilities, items, and moves are banned\n|rule|Evasion Abilities Clause: Evasion abilities are banned\n|rule|Evasion Items Clause: Evasion items are banned\n|rule|Evasion Moves Clause: Evasion moves are banned\n|rule|Species Clause: Limit one of each Pok\u00e9mon\n|rule|Sleep Clause Mod: Limit one foe put to sleep\n|clearpoke\n|poke|p1|Chatot, M|\n|poke|p1|Mawile, F|\n|poke|p1|Ninetales-Alola, F|\n|poke|p1|Ribombee, M|\n|poke|p1|Pawmot, M|\n|poke|p1|Excadrill, M|\n|poke|p2|Scizor, M|\n|poke|p2|Heatran, F|\n|poke|p2|Zapdos|\n|poke|p2|Samurott-Hisui, M|\n|poke|p2|Tapu Lele|\n|poke|p2|Urshifu-*, M|\n|teampreview\n|inactive|Battle timer is ON: inactive players will automatically lose when time's up. (requested by test111111111)\n|inactive|pikaplayer1001000 has 120 seconds left.\n|\n|t:|1700996281\n|start\n|switch|p1a: Ribombee|Ribombee, M|100\/100\n|switch|p2a: Scizor|Scizor, M|100\/100\n|turn|1\n|\n|t:|1700996297\n|detailschange|p2a: Scizor|Scizor-Mega, M\n|-mega|p2a: Scizor|Scizor|Scizorite\n|move|p1a: Ribombee|Sticky Web|p2a: Scizor\n|-sidestart|p2: test111111111|move: Sticky Web\n|move|p2a: Scizor|Swords Dance|p2a: Scizor\n|-boost|p2a: Scizor|atk|2\n|\n|upkeep\n|turn|2\n|inactive|pikaplayer1001000 has 120 seconds left.\n|\n|t:|1700996331\n|move|p2a: Scizor|Bullet Punch|p1a: Ribombee\n|-supereffective|p1a: Ribombee\n|-enditem|p1a: Ribombee|Focus Sash\n|-damage|p1a: Ribombee|1\/100\n|move|p1a: Ribombee|U-turn|p2a: Scizor\n|-resisted|p2a: Scizor\n|-damage|p2a: Scizor|97\/100\n|inactive|pikaplayer1001000 has 120 seconds left.\n|\n|t:|1700996337\n|switch|p1a: Excadrill|Excadrill, M|100\/100|[from] U-turn\n|-ability|p1a: Excadrill|Mold Breaker\n|\n|upkeep\n|turn|3\n|\n|t:|1700996346\n|move|p1a: Excadrill|Earthquake|p2a: Scizor\n|-damage|p2a: Scizor|65\/100\n|move|p2a: Scizor|Bug Bite|p1a: Excadrill\n|-resisted|p1a: Excadrill\n|-damage|p1a: Excadrill|41\/100\n|\n|upkeep\n|turn|4\n|\n|t:|1700996354\n|move|p1a: Excadrill|Earthquake|p2a: Scizor\n|-damage|p2a: Scizor|33\/100\n|move|p2a: Scizor|Roost|p2a: Scizor\n|-heal|p2a: Scizor|83\/100\n|-singleturn|p2a: Scizor|move: Roost\n|\n|upkeep\n|turn|5\n|\n|t:|1700996363\n|move|p2a: Scizor|Bullet Punch|p1a: Excadrill\n|-resisted|p1a: Excadrill\n|-damage|p1a: Excadrill|2\/100\n|move|p1a: Excadrill|Earthquake|p2a: Scizor\n|-damage|p2a: Scizor|48\/100\n|\n|upkeep\n|turn|6\n|\n|t:|1700996370\n|move|p1a: Excadrill|Iron Head|p2a: Scizor\n|-resisted|p2a: Scizor\n|-damage|p2a: Scizor|34\/100\n|cant|p2a: Scizor|flinch\n|\n|upkeep\n|turn|7\n|\n|t:|1700996379\n|move|p1a: Excadrill|Earthquake|p2a: Scizor\n|-damage|p2a: Scizor|2\/100\n|move|p2a: Scizor|Roost|p2a: Scizor\n|-heal|p2a: Scizor|52\/100\n|-singleturn|p2a: Scizor|move: Roost\n|\n|upkeep\n|turn|8\n|\n|t:|1700996382\n|move|p1a: Excadrill|Iron Head|p2a: Scizor\n|-resisted|p2a: Scizor\n|-damage|p2a: Scizor|39\/100\n|cant|p2a: Scizor|flinch\n|\n|upkeep\n|turn|9\n|c|\u2606test111111111|hey\n|c|\u2606test111111111|impossible\n|inactive|pikaplayer1001000 has 120 seconds left.\n|\n|t:|1700996437\n|move|p1a: Excadrill|Iron Head|p2a: Scizor\n|-resisted|p2a: Scizor\n|-damage|p2a: Scizor|27\/100\n|cant|p2a: Scizor|flinch\n|\n|upkeep\n|turn|10\n|c|\u2606test111111111|what\uff1f\n|\n|t:|1700996452\n|move|p2a: Scizor|Bullet Punch|p1a: Excadrill\n|-resisted|p1a: Excadrill\n|-damage|p1a: Excadrill|0 fnt\n|faint|p1a: Excadrill\n|\n|upkeep\n|inactive|pikaplayer1001000 has 90 seconds left.\n|inactive|pikaplayer1001000 has 60 seconds left.\n|\n|t:|1700996511\n|switch|p1a: Pawmot|Pawmot, M|100\/100\n|turn|11\n|c|\u2606test111111111|how can you so lucky...three hax\n|\n|t:|1700996525\n|move|p1a: Pawmot|Double Shock|p2a: Scizor\n|-damage|p2a: Scizor|0 fnt\n|-start|p1a: Pawmot|typechange|???\/Fighting|[from] move: Double Shock\n|faint|p2a: Scizor\n|\n|upkeep\n|\n|t:|1700996534\n|switch|p2a: Tapu Lele|Tapu Lele|100\/100\n|-activate|p2a: Tapu Lele|move: Sticky Web\n|-unboost|p2a: Tapu Lele|spe|1\n|-fieldstart|move: Psychic Terrain|[from] ability: Psychic Surge|[of] p2a: Tapu Lele\n|turn|12\n|\n|t:|1700996554\n|move|p1a: Pawmot|Revival Blessing|p1a: Pawmot\n|-enditem|p1a: Pawmot|Leppa Berry|[eat]\n|-activate|p1a: Pawmot|item: Leppa Berry|Revival Blessing|[consumed]\n|\n|t:|1700996555\n|-heal|p1: Excadrill|50\/100|[from] move: Revival Blessing\n|move|p2a: Tapu Lele|Moonblast|p1a: Pawmot\n|-supereffective|p1a: Pawmot\n|-damage|p1a: Pawmot|0 fnt\n|faint|p1a: Pawmot\n|\n|upkeep\n|\n|t:|1700996557\n|switch|p1a: Ninetales|Ninetales-Alola, F|100\/100\n|-weather|Snow|[from] ability: Snow Warning|[of] p1a: Ninetales\n|turn|13\n|\n|t:|1700996570\n|switch|p2a: Zapdos|Zapdos|100\/100\n|move|p1a: Ninetales|Aurora Veil|p1a: Ninetales\n|-sidestart|p1: pikaplayer1001000|move: Aurora Veil\n|\n|-weather|Snow|[upkeep]\n|upkeep\n|turn|14\n|inactive|pikaplayer1001000 has 90 seconds left.\n|\n|t:|1700996597\n|move|p1a: Ninetales|Blizzard|p2a: Zapdos\n|-supereffective|p2a: Zapdos\n|-damage|p2a: Zapdos|22\/100\n|move|p2a: Zapdos|Defog|p1a: Ninetales\n|-unboost|p1a: Ninetales|evasion|1\n|-sideend|p1: pikaplayer1001000|move: Aurora Veil\n|-sideend|p2: test111111111|Sticky Web|[from] move: Defog|[of] p2a: Zapdos\n|-fieldend|move: Psychic Terrain\n|\n|-weather|Snow|[upkeep]\n|upkeep\n|turn|15\n|\n|t:|1700996608\n|switch|p2a: Heatran|Heatran, F|100\/100\n|move|p1a: Ninetales|Hypnosis|p2a: Heatran\n|-status|p2a: Heatran|slp|[from] move: Hypnosis\n|\n|-weather|Snow|[upkeep]\n|upkeep\n|turn|16\n|c|\u2606test111111111|what\uff1f\uff01\n|c|\u2606test111111111|55%\uff01\n|\n|t:|1700996632\n|switch|p1a: Ribombee|Ribombee, M|1\/100\n|cant|p2a: Heatran|slp\n|\n|-weather|Snow|[upkeep]\n|upkeep\n|turn|17\n|inactive|pikaplayer1001000 has 90 seconds left.\n|\n|t:|1700996649\n|switch|p2a: Zapdos|Zapdos|22\/100\n|move|p1a: Ribombee|Sticky Web|p2a: Zapdos\n|-sidestart|p2: test111111111|move: Sticky Web\n|\n|-weather|none\n|upkeep\n|turn|18\n|\n|t:|1700996656\n|move|p1a: Ribombee|Moonblast|p2a: Zapdos\n|-damage|p2a: Zapdos|0 fnt\n|faint|p2a: Zapdos\n|\n|upkeep\n|inactive|test111111111 has 120 seconds left.\n|c|\u2606test111111111|i can\u2018t win such an impossible macth\n|\n|t:|1700996699\n|switch|p2a: Urshifu|Urshifu-Rapid-Strike, M|100\/100\n|-activate|p2a: Urshifu|move: Sticky Web\n|-unboost|p2a: Urshifu|spe|1\n|turn|19\n|\n|t:|1700996719\n|move|p1a: Ribombee|U-turn|p2a: Urshifu\n|-resisted|p2a: Urshifu\n|-damage|p2a: Urshifu|94\/100\n|\n|t:|1700996722\n|switch|p1a: Excadrill|Excadrill, M|50\/100|[from] U-turn\n|-ability|p1a: Excadrill|Mold Breaker\n|move|p2a: Urshifu|Surging Strikes|p1a: Excadrill\n|-supereffective|p1a: Excadrill\n|-crit|p1a: Excadrill\n|-damage|p1a: Excadrill|0 fnt\n|faint|p1a: Excadrill\n|-hitcount|p1: Excadrill|1\n|\n|upkeep\n|\n|t:|1700996725\n|switch|p1a: Ninetales|Ninetales-Alola, F|100\/100\n|-weather|Snow|[from] ability: Snow Warning|[of] p1a: Ninetales\n|turn|20\n|\n|t:|1700996732\n|-terastallize|p2a: Urshifu|Water\n|move|p1a: Ninetales|Aurora Veil|p1a: Ninetales\n|-sidestart|p1: pikaplayer1001000|move: Aurora Veil\n|move|p2a: Urshifu|Surging Strikes|p1a: Ninetales\n|-crit|p1a: Ninetales\n|-damage|p1a: Ninetales|73\/100\n|-crit|p1a: Ninetales\n|-damage|p1a: Ninetales|46\/100\n|-crit|p1a: Ninetales\n|-damage|p1a: Ninetales|16\/100\n|-hitcount|p1a: Ninetales|3\n|\n|-weather|Snow|[upkeep]\n|upkeep\n|turn|21\n|\n|t:|1700996737\n|move|p1a: Ninetales|Blizzard|p2a: Urshifu\n|-resisted|p2a: Urshifu\n|-damage|p2a: Urshifu|64\/100\n|move|p2a: Urshifu|Surging Strikes|p1a: Ninetales\n|-crit|p1a: Ninetales\n|-damage|p1a: Ninetales|0 fnt\n|faint|p1a: Ninetales\n|-hitcount|p1: Ninetales|1\n|\n|-weather|Snow|[upkeep]\n|upkeep\n|\n|t:|1700996740\n|switch|p1a: Chatot|Chatot, M|100\/100\n|turn|22\n|\n|t:|1700996751\n|-terastallize|p1a: Chatot|Normal\n|move|p2a: Urshifu|Surging Strikes|p1a: Chatot\n|-crit|p1a: Chatot\n|-damage|p1a: Chatot|40\/100\n|-crit|p1a: Chatot\n|-damage|p1a: Chatot|0 fnt\n|faint|p1a: Chatot\n|-hitcount|p1: Chatot|2\n|\n|-weather|Snow|[upkeep]\n|upkeep\n|\n|t:|1700996770\n|switch|p1a: Ribombee|Ribombee, M|1\/100\n|turn|23\n|\n|t:|1700996782\n|move|p1a: Ribombee|Moonblast|p2a: Urshifu\n|-damage|p2a: Urshifu|13\/100\n|-unboost|p2a: Urshifu|spa|1\n|move|p2a: Urshifu|Surging Strikes|p1a: Ribombee\n|-crit|p1a: Ribombee\n|-damage|p1a: Ribombee|0 fnt\n|faint|p1a: Ribombee\n|-hitcount|p1: Ribombee|1\n|\n|-weather|Snow|[upkeep]\n|upkeep\n|\n|t:|1700996792\n|switch|p1a: Mawile|Mawile, F|100\/100\n|turn|24\n|\n|t:|1700996796\n|detailschange|p1a: Mawile|Mawile-Mega, F\n|-mega|p1a: Mawile|Mawile|Mawilite\n|move|p1a: Mawile|Sucker Punch|p2a: Urshifu\n|-damage|p2a: Urshifu|0 fnt\n|faint|p2a: Urshifu\n|\n|-weather|none\n|upkeep\n|\n|t:|1700996805\n|switch|p2a: Samurott|Samurott-Hisui, M|100\/100\n|-activate|p2a: Samurott|move: Sticky Web\n|-unboost|p2a: Samurott|spe|1\n|turn|25\n|c|\u2606test111111111|\u5982\u679c\u4f60\u662f\u56fd\u4eba\u7684\u8bdd\u8bf7\u53bbb\u7ad9\u5ba3\u4f20\u4f60\u7684\u5947\u8ff9\n|inactive|test111111111 has 120 seconds left.\n|\n|t:|1700996837\n|move|p2a: Samurott|Sucker Punch|p1a: Mawile\n|-resisted|p1a: Mawile\n|-damage|p1a: Mawile|93\/100\n|move|p1a: Mawile|Play Rough|p2a: Samurott\n|-supereffective|p2a: Samurott\n|-damage|p2a: Samurott|0 fnt\n|faint|p2a: Samurott\n|\n|upkeep\n|inactive|test111111111 has 120 seconds left.\n|\n|t:|1700996845\n|switch|p2a: Heatran|Heatran, F|100\/100 slp\n|-activate|p2a: Heatran|move: Sticky Web\n|-unboost|p2a: Heatran|spe|1\n|turn|26\n|\n|t:|1700996852\n|move|p1a: Mawile|Swords Dance|p1a: Mawile\n|-boost|p1a: Mawile|atk|2\n|cant|p2a: Heatran|slp\n|\n|upkeep\n|turn|27\n|\n|t:|1700996857\n|move|p1a: Mawile|Iron Head|p2a: Heatran\n|-resisted|p2a: Heatran\n|-damage|p2a: Heatran|69\/100 slp\n|cant|p2a: Heatran|slp\n|\n|-heal|p2a: Heatran|75\/100 slp|[from] item: Leftovers\n|-sideend|p1: pikaplayer1001000|move: Aurora Veil\n|upkeep\n|turn|28\n|\n|t:|1700996865\n|move|p1a: Mawile|Sucker Punch|p2a: Heatran\n|-damage|p2a: Heatran|3\/100 slp\n|-curestatus|p2a: Heatran|slp|[msg]\n|move|p2a: Heatran|Magma Storm|p1a: Mawile\n|-supereffective|p1a: Mawile\n|-damage|p1a: Mawile|0 fnt\n|faint|p1a: Mawile\n|\n|win|test111111111\n|raw|pikaplayer1001000's rating: 1234 &rarr; <strong>1217<\/strong><br \/>(-17 for losing)\n|raw|test111111111's rating: 1349 &rarr; <strong>1363<\/strong><br \/>(+14 for winning)\n","uploadtime":1700996870,"views":11,"p1id":"pikaplayer1001000","p2id":"test111111111","formatid":"gen9nationaldex","rating":1217,"private":0,"password":""}