{"id":"gen9nationaldex-1995899879","p1":"Arlo Ghost","p2":"HitmonGimmeTop","format":"[Gen 9] National Dex","log":"|html|<div class=\"broadcast-blue\"><strong>[Gen 9] National Dex is currently suspecting Sneasler! For information on how to participate check out the <a href=\"https:\/\/www.smogon.com\/forums\/threads\/sv-national-dex-suspect-8-just-dance.3731534\/\">suspect thread<\/a>.<\/strong><\/div>\n|j|\u2606Arlo Ghost\n|j|\u2606HitmonGimmeTop\n|t:|1700615197\n|gametype|singles\n|player|p1|Arlo Ghost|mars|1637\n|player|p2|HitmonGimmeTop|koga|1569\n|teamsize|p1|6\n|teamsize|p2|6\n|gen|9\n|tier|[Gen 9] National Dex\n|rated|\n|rule|HP Percentage Mod: HP is shown in percentages\n|rule|Endless Battle Clause: Forcing endless battles is banned\n|rule|OHKO Clause: OHKO moves are banned\n|rule|Evasion Clause: Evasion abilities, items, and moves are banned\n|rule|Evasion Abilities Clause: Evasion abilities are banned\n|rule|Evasion Items Clause: Evasion items are banned\n|rule|Evasion Moves Clause: Evasion moves are banned\n|rule|Species Clause: Limit one of each Pok\u00e9mon\n|rule|Sleep Clause Mod: Limit one foe put to sleep\n|clearpoke\n|poke|p1|Sableye, M|\n|poke|p1|Muk-Alola, M|\n|poke|p1|Mandibuzz, F|\n|poke|p1|Ting-Lu|\n|poke|p1|Grimmsnarl, M|\n|poke|p1|Hydreigon, M|\n|poke|p2|Scizor, M|\n|poke|p2|Zapdos|\n|poke|p2|Kyurem|\n|poke|p2|Landorus-Therian, M|\n|poke|p2|Iron Valiant|\n|poke|p2|Rillaboom, F|\n|teampreview\n|\n|t:|1700615222\n|start\n|switch|p1a: Ti-lin|Ting-Lu|100\/100\n|switch|p2a: Scizor|Scizor, M|100\/100\n|-ability|p1a: Ti-lin|Vessel of Ruin\n|turn|1\n|\n|t:|1700615231\n|detailschange|p2a: Scizor|Scizor-Mega, M\n|-mega|p2a: Scizor|Scizor|Scizorite\n|move|p2a: Scizor|U-turn|p1a: Ti-lin\n|-supereffective|p1a: Ti-lin\n|-damage|p1a: Ti-lin|67\/100\n|\n|t:|1700615238\n|switch|p2a: Rillaboom|Rillaboom, F|100\/100|[from] U-turn\n|-fieldstart|move: Grassy Terrain|[from] ability: Grassy Surge|[of] p2a: Rillaboom\n|move|p1a: Ti-lin|Stealth Rock|p2a: Rillaboom\n|-sidestart|p2: HitmonGimmeTop|move: Stealth Rock\n|\n|-heal|p1a: Ti-lin|73\/100|[from] Grassy Terrain\n|-heal|p1a: Ti-lin|79\/100|[from] item: Leftovers\n|upkeep\n|turn|2\n|\n|t:|1700615249\n|switch|p1a: Winona|Mandibuzz, F|100\/100\n|move|p2a: Rillaboom|U-turn|p1a: Winona\n|-damage|p1a: Winona|80\/100\n|-damage|p2a: Rillaboom|84\/100|[from] item: Rocky Helmet|[of] p1a: Winona\n|\n|t:|1700615263\n|switch|p2a: Iron Valiant|Iron Valiant|100\/100|[from] U-turn\n|-damage|p2a: Iron Valiant|94\/100|[from] Stealth Rock\n|-enditem|p2a: Iron Valiant|Booster Energy\n|-activate|p2a: Iron Valiant|ability: Quark Drive|[fromitem]\n|-start|p2a: Iron Valiant|quarkdrivespe\n|\n|-heal|p2a: Iron Valiant|100\/100|[from] Grassy Terrain\n|upkeep\n|turn|3\n|\n|t:|1700615273\n|switch|p1a: Marijuano|Muk-Alola, M|100\/100\n|move|p2a: Iron Valiant|Calm Mind|p2a: Iron Valiant\n|-boost|p2a: Iron Valiant|spa|1\n|-boost|p2a: Iron Valiant|spd|1\n|\n|upkeep\n|turn|4\n|\n|t:|1700615280\n|-terastallize|p2a: Iron Valiant|Fairy\n|move|p2a: Iron Valiant|Moonblast|p1a: Marijuano\n|-damage|p1a: Marijuano|62\/100\n|move|p1a: Marijuano|Poison Jab|p2a: Iron Valiant\n|-supereffective|p2a: Iron Valiant\n|-damage|p2a: Iron Valiant|29\/100\n|-status|p2a: Iron Valiant|psn|[from] ability: Poison Touch|[of] p1a: Marijuano\n|\n|-heal|p2a: Iron Valiant|35\/100 psn|[from] Grassy Terrain\n|-heal|p1a: Marijuano|68\/100|[from] Grassy Terrain\n|-damage|p2a: Iron Valiant|23\/100 psn|[from] psn\n|upkeep\n|turn|5\n|\n|t:|1700615290\n|move|p2a: Iron Valiant|Moonblast|p1a: Marijuano\n|-damage|p1a: Marijuano|32\/100\n|-unboost|p1a: Marijuano|spa|1\n|move|p1a: Marijuano|Poison Jab|p2a: Iron Valiant\n|-supereffective|p2a: Iron Valiant\n|-damage|p2a: Iron Valiant|0 fnt\n|faint|p2a: Iron Valiant\n|-end|p2a: Iron Valiant|Quark Drive|[silent]\n|\n|-heal|p1a: Marijuano|38\/100|[from] Grassy Terrain\n|-fieldend|move: Grassy Terrain\n|upkeep\n|\n|t:|1700615293\n|switch|p2a: Landorus|Landorus-Therian, M|100\/100\n|-damage|p2a: Landorus|88\/100|[from] Stealth Rock\n|-ability|p2a: Landorus|Intimidate|boost\n|-unboost|p1a: Marijuano|atk|1\n|turn|6\n|\n|t:|1700615298\n|switch|p1a: Sherkemo|Grimmsnarl, M|100\/100\n|move|p2a: Landorus|U-turn|p1a: Sherkemo\n|-damage|p1a: Sherkemo|77\/100\n|\n|t:|1700615323\n|switch|p2a: Scizor|Scizor-Mega, M|100\/100|[from] U-turn\n|-damage|p2a: Scizor|88\/100|[from] Stealth Rock\n|\n|upkeep\n|turn|7\n|\n|t:|1700615327\n|switch|p1a: Winona|Mandibuzz, F|80\/100\n|move|p2a: Scizor|Bullet Punch|p1a: Winona\n|-damage|p1a: Winona|63\/100\n|-damage|p2a: Scizor|72\/100|[from] item: Rocky Helmet|[of] p1a: Winona\n|\n|upkeep\n|turn|8\n|\n|t:|1700615335\n|move|p1a: Winona|Roost|p1a: Winona\n|-heal|p1a: Winona|100\/100\n|-singleturn|p1a: Winona|move: Roost\n|move|p2a: Scizor|Knock Off|p1a: Winona\n|-resisted|p1a: Winona\n|-damage|p1a: Winona|92\/100\n|-damage|p2a: Scizor|55\/100|[from] item: Rocky Helmet|[of] p1a: Winona\n|-enditem|p1a: Winona|Rocky Helmet|[from] move: Knock Off|[of] p2a: Scizor\n|\n|upkeep\n|turn|9\n|\n|t:|1700615339\n|move|p1a: Winona|Foul Play|p2a: Scizor\n|-damage|p2a: Scizor|29\/100\n|move|p2a: Scizor|Roost|p2a: Scizor\n|-heal|p2a: Scizor|80\/100\n|-singleturn|p2a: Scizor|move: Roost\n|\n|upkeep\n|turn|10\n|\n|t:|1700615348\n|switch|p2a: Kyurem|Kyurem|100\/100\n|-damage|p2a: Kyurem|76\/100|[from] Stealth Rock\n|-ability|p2a: Kyurem|Pressure\n|move|p1a: Winona|Foul Play|p2a: Kyurem\n|-damage|p2a: Kyurem|45\/100\n|\n|upkeep\n|turn|11\n|\n|t:|1700615356\n|switch|p1a: Sherkemo|Grimmsnarl, M|77\/100\n|move|p2a: Kyurem|Ice Beam|p1a: Sherkemo\n|-damage|p1a: Sherkemo|37\/100\n|-status|p1a: Sherkemo|frz\n|\n|upkeep\n|turn|12\n|\n|t:|1700615360\n|cant|p1a: Sherkemo|frz\n|move|p2a: Kyurem|Ice Beam|p1a: Sherkemo\n|-damage|p1a: Sherkemo|0 fnt\n|faint|p1a: Sherkemo\n|\n|upkeep\n|\n|t:|1700615371\n|switch|p1a: Marijuano|Muk-Alola, M|38\/100\n|turn|13\n|\n|t:|1700615377\n|switch|p2a: Landorus|Landorus-Therian, M|88\/100\n|-damage|p2a: Landorus|76\/100|[from] Stealth Rock\n|-ability|p2a: Landorus|Intimidate|boost\n|-unboost|p1a: Marijuano|atk|1\n|move|p1a: Marijuano|Knock Off|p2a: Landorus\n|-damage|p2a: Landorus|53\/100\n|-damage|p1a: Marijuano|21\/100|[from] item: Rocky Helmet|[of] p2a: Landorus\n|-enditem|p2a: Landorus|Rocky Helmet|[from] move: Knock Off|[of] p1a: Marijuano\n|\n|upkeep\n|turn|14\n|\n|t:|1700615387\n|move|p2a: Landorus|Knock Off|p1a: Marijuano\n|-resisted|p1a: Marijuano\n|-damage|p1a: Marijuano|7\/100\n|-enditem|p1a: Marijuano|Assault Vest|[from] move: Knock Off|[of] p2a: Landorus\n|move|p1a: Marijuano|Poison Jab|p2a: Landorus\n|-resisted|p2a: Landorus\n|-damage|p2a: Landorus|43\/100\n|\n|upkeep\n|turn|15\n|\n|t:|1700615393\n|move|p1a: Marijuano|Shadow Sneak|p2a: Landorus\n|-damage|p2a: Landorus|37\/100\n|move|p2a: Landorus|U-turn|p1a: Marijuano\n|-damage|p1a: Marijuano|0 fnt\n|faint|p1a: Marijuano\n|\n|t:|1700615407\n|switch|p2a: Kyurem|Kyurem|45\/100|[from] U-turn\n|-damage|p2a: Kyurem|20\/100|[from] Stealth Rock\n|-ability|p2a: Kyurem|Pressure\n|\n|upkeep\n|\n|t:|1700615415\n|switch|p1a: Ti-lin|Ting-Lu|79\/100\n|-ability|p1a: Ti-lin|Vessel of Ruin\n|turn|16\n|\n|t:|1700615422\n|move|p2a: Kyurem|Ice Beam|p1a: Ti-lin\n|-supereffective|p1a: Ti-lin\n|-damage|p1a: Ti-lin|31\/100\n|move|p1a: Ti-lin|Earthquake|p2a: Kyurem\n|-damage|p2a: Kyurem|0 fnt\n|faint|p2a: Kyurem\n|\n|-heal|p1a: Ti-lin|37\/100|[from] item: Leftovers\n|upkeep\n|\n|t:|1700615430\n|switch|p2a: Scizor|Scizor-Mega, M|80\/100\n|-damage|p2a: Scizor|67\/100|[from] Stealth Rock\n|turn|17\n|j| bunman234\n|\n|t:|1700615434\n|move|p2a: Scizor|U-turn|p1a: Ti-lin\n|-supereffective|p1a: Ti-lin\n|-damage|p1a: Ti-lin|4\/100\n|\n|t:|1700615437\n|switch|p2a: Zapdos|Zapdos|100\/100|[from] U-turn\n|move|p1a: Ti-lin|Spikes|p2a: Zapdos\n|-sidestart|p2: HitmonGimmeTop|Spikes\n|\n|-heal|p1a: Ti-lin|10\/100|[from] item: Leftovers\n|upkeep\n|turn|18\n|\n|t:|1700615441\n|move|p2a: Zapdos|Defog|p1a: Ti-lin\n|-unboost|p1a: Ti-lin|evasion|1\n|-sideend|p2: HitmonGimmeTop|Spikes|[from] move: Defog|[of] p2a: Zapdos\n|-sideend|p2: HitmonGimmeTop|Stealth Rock|[from] move: Defog|[of] p2a: Zapdos\n|move|p1a: Ti-lin|Spikes|p2a: Zapdos\n|-sidestart|p2: HitmonGimmeTop|Spikes\n|\n|-heal|p1a: Ti-lin|17\/100|[from] item: Leftovers\n|upkeep\n|turn|19\n|\n|t:|1700615445\n|move|p2a: Zapdos|U-turn|p1a: Ti-lin\n|-supereffective|p1a: Ti-lin\n|-damage|p1a: Ti-lin|2\/100\n|\n|t:|1700615449\n|switch|p2a: Scizor|Scizor-Mega, M|67\/100|[from] U-turn\n|-damage|p2a: Scizor|55\/100|[from] Spikes\n|move|p1a: Ti-lin|Stealth Rock|p2a: Scizor\n|-sidestart|p2: HitmonGimmeTop|move: Stealth Rock\n|\n|-heal|p1a: Ti-lin|8\/100|[from] item: Leftovers\n|upkeep\n|turn|20\n|\n|t:|1700615461\n|move|p2a: Scizor|U-turn|p1a: Ti-lin\n|-supereffective|p1a: Ti-lin\n|-damage|p1a: Ti-lin|0 fnt\n|faint|p1a: Ti-lin\n|\n|t:|1700615475\n|switch|p2a: Landorus|Landorus-Therian, M|37\/100|[from] U-turn\n|-damage|p2a: Landorus|25\/100|[from] Stealth Rock\n|\n|upkeep\n|\n|t:|1700615500\n|switch|p1a: Winona|Mandibuzz, F|92\/100\n|turn|21\n|\n|t:|1700615503\n|move|p2a: Landorus|Earthquake|p1a: Winona\n|-immune|p1a: Winona\n|move|p1a: Winona|Foul Play|p2a: Landorus\n|-damage|p2a: Landorus|0 fnt\n|faint|p2a: Landorus\n|\n|upkeep\n|\n|t:|1700615529\n|switch|p2a: Zapdos|Zapdos|100\/100\n|turn|22\n|\n|t:|1700615542\n|move|p1a: Winona|Toxic|p2a: Zapdos\n|-status|p2a: Zapdos|tox\n|move|p2a: Zapdos|Defog|p1a: Winona\n|-unboost|p1a: Winona|evasion|1\n|-sideend|p2: HitmonGimmeTop|Spikes|[from] move: Defog|[of] p2a: Zapdos\n|-sideend|p2: HitmonGimmeTop|Stealth Rock|[from] move: Defog|[of] p2a: Zapdos\n|\n|-damage|p2a: Zapdos|94\/100 tox|[from] psn\n|upkeep\n|turn|23\n|\n|t:|1700615561\n|switch|p1a: rangollum|Sableye, M|100\/100\n|move|p2a: Zapdos|U-turn|p1a: rangollum\n|-damage|p1a: rangollum|82\/100\n|\n|t:|1700615576\n|switch|p2a: Rillaboom|Rillaboom, F|84\/100|[from] U-turn\n|-fieldstart|move: Grassy Terrain|[from] ability: Grassy Surge|[of] p2a: Rillaboom\n|\n|-heal|p2a: Rillaboom|90\/100|[from] Grassy Terrain\n|-heal|p1a: rangollum|88\/100|[from] Grassy Terrain\n|upkeep\n|turn|24\n|\n|t:|1700615582\n|switch|p1a: Winona|Mandibuzz, F|92\/100\n|move|p2a: Rillaboom|Grassy Glide|p1a: Winona\n|-resisted|p1a: Winona\n|-damage|p1a: Winona|76\/100\n|\n|-heal|p2a: Rillaboom|96\/100|[from] Grassy Terrain\n|upkeep\n|turn|25\n|\n|t:|1700615586\n|switch|p2a: Zapdos|Zapdos|94\/100 tox\n|move|p1a: Winona|Foul Play|p2a: Zapdos\n|-damage|p2a: Zapdos|73\/100 tox\n|-status|p1a: Winona|par|[from] ability: Static|[of] p2a: Zapdos\n|\n|-damage|p2a: Zapdos|67\/100 tox|[from] psn\n|upkeep\n|turn|26\n|\n|t:|1700615607\n|switch|p1a: rangollum|Sableye, M|88\/100\n|move|p2a: Zapdos|Discharge|p1a: rangollum\n|-damage|p1a: rangollum|52\/100\n|\n|-heal|p1a: rangollum|58\/100|[from] Grassy Terrain\n|-damage|p2a: Zapdos|54\/100 tox|[from] psn\n|upkeep\n|turn|27\n|\n|t:|1700615615\n|move|p1a: rangollum|Will-O-Wisp||[still]\n|-fail|p1a: rangollum\n|move|p2a: Zapdos|Roost|p2a: Zapdos\n|-heal|p2a: Zapdos|100\/100 tox\n|-singleturn|p2a: Zapdos|move: Roost\n|\n|-heal|p1a: rangollum|64\/100|[from] Grassy Terrain\n|-damage|p2a: Zapdos|82\/100 tox|[from] psn\n|-fieldend|move: Grassy Terrain\n|upkeep\n|turn|28\n|\n|t:|1700615627\n|move|p1a: rangollum|Calm Mind|p1a: rangollum\n|-boost|p1a: rangollum|spa|1\n|-boost|p1a: rangollum|spd|1\n|move|p2a: Zapdos|Discharge|p1a: rangollum\n|-damage|p1a: rangollum|38\/100\n|\n|-damage|p2a: Zapdos|57\/100 tox|[from] psn\n|upkeep\n|turn|29\n|\n|t:|1700615650\n|switch|p2a: Rillaboom|Rillaboom, F|96\/100\n|-fieldstart|move: Grassy Terrain|[from] ability: Grassy Surge|[of] p2a: Rillaboom\n|move|p1a: rangollum|Recover|p1a: rangollum\n|-heal|p1a: rangollum|88\/100\n|\n|-heal|p2a: Rillaboom|100\/100|[from] Grassy Terrain\n|-heal|p1a: rangollum|94\/100|[from] Grassy Terrain\n|upkeep\n|turn|30\n|\n|t:|1700615668\n|switch|p1a: Winona|Mandibuzz, F|76\/100 par\n|move|p2a: Rillaboom|Grassy Glide|p1a: Winona\n|-resisted|p1a: Winona\n|-damage|p1a: Winona|61\/100 par\n|\n|upkeep\n|turn|31\n|\n|t:|1700615685\n|switch|p2a: Zapdos|Zapdos|57\/100 tox\n|cant|p1a: Winona|par\n|\n|-damage|p2a: Zapdos|50\/100 tox|[from] psn\n|upkeep\n|turn|32\n|\n|t:|1700615695\n|switch|p1a: rangollum|Sableye, M|94\/100\n|move|p2a: Zapdos|Roost|p2a: Zapdos\n|-heal|p2a: Zapdos|100\/100 tox\n|-singleturn|p2a: Zapdos|move: Roost\n|\n|-heal|p1a: rangollum|99\/100|[from] Grassy Terrain\n|-damage|p2a: Zapdos|88\/100 tox|[from] psn\n|upkeep\n|turn|33\n|\n|t:|1700615709\n|move|p1a: rangollum|Calm Mind|p1a: rangollum\n|-boost|p1a: rangollum|spa|1\n|-boost|p1a: rangollum|spd|1\n|move|p2a: Zapdos|Discharge|p1a: rangollum\n|-damage|p1a: rangollum|72\/100\n|\n|-heal|p1a: rangollum|78\/100|[from] Grassy Terrain\n|-damage|p2a: Zapdos|69\/100 tox|[from] psn\n|-fieldend|move: Grassy Terrain\n|upkeep\n|turn|34\n|\n|t:|1700615720\n|move|p2a: Zapdos|U-turn|p1a: rangollum\n|-damage|p1a: rangollum|60\/100\n|\n|t:|1700615729\n|switch|p2a: Rillaboom|Rillaboom, F|100\/100|[from] U-turn\n|-fieldstart|move: Grassy Terrain|[from] ability: Grassy Surge|[of] p2a: Rillaboom\n|move|p1a: rangollum|Shadow Ball|p2a: Rillaboom\n|-damage|p2a: Rillaboom|61\/100\n|\n|-heal|p2a: Rillaboom|67\/100|[from] Grassy Terrain\n|-heal|p1a: rangollum|66\/100|[from] Grassy Terrain\n|upkeep\n|turn|35\n|\n|t:|1700615750\n|switch|p1a: Hydrarlo|Hydreigon, M|100\/100\n|move|p2a: Rillaboom|U-turn|p1a: Hydrarlo\n|-supereffective|p1a: Hydrarlo\n|-damage|p1a: Hydrarlo|26\/100\n|\n|t:|1700615765\n|switch|p2a: Scizor|Scizor-Mega, M|55\/100|[from] U-turn\n|\n|-heal|p1a: Hydrarlo|32\/100|[from] item: Leftovers\n|-heal|p2a: Scizor|61\/100|[from] Grassy Terrain\n|upkeep\n|turn|36\n|\n|t:|1700615772\n|-terastallize|p1a: Hydrarlo|Steel\n|move|p2a: Scizor|Bullet Punch|p1a: Hydrarlo\n|-resisted|p1a: Hydrarlo\n|-damage|p1a: Hydrarlo|15\/100\n|move|p1a: Hydrarlo|Substitute|p1a: Hydrarlo\n|-fail|p1a: Hydrarlo|move: Substitute|[weak]\n|\n|-heal|p1a: Hydrarlo|21\/100|[from] item: Leftovers\n|-heal|p2a: Scizor|67\/100|[from] Grassy Terrain\n|upkeep\n|turn|37\n|\n|t:|1700615782\n|move|p1a: Hydrarlo|Dark Pulse|p2a: Scizor\n|-damage|p2a: Scizor|32\/100\n|move|p2a: Scizor|Knock Off|p1a: Hydrarlo\n|-damage|p1a: Hydrarlo|0 fnt\n|-enditem|p1a: Hydrarlo|Leftovers|[from] move: Knock Off|[of] p2a: Scizor\n|faint|p1a: Hydrarlo\n|\n|-heal|p2a: Scizor|38\/100|[from] Grassy Terrain\n|upkeep\n|\n|t:|1700615788\n|switch|p1a: Winona|Mandibuzz, F|61\/100 par\n|turn|38\n|\n|t:|1700615801\n|move|p2a: Scizor|Roost|p2a: Scizor\n|-heal|p2a: Scizor|89\/100\n|-singleturn|p2a: Scizor|move: Roost\n|move|p1a: Winona|Roost|p1a: Winona\n|-heal|p1a: Winona|100\/100 par\n|-singleturn|p1a: Winona|move: Roost\n|\n|-heal|p2a: Scizor|95\/100|[from] Grassy Terrain\n|-fieldend|move: Grassy Terrain\n|upkeep\n|turn|39\n|\n|t:|1700615813\n|switch|p2a: Zapdos|Zapdos|69\/100 tox\n|cant|p1a: Winona|par\n|\n|-damage|p2a: Zapdos|63\/100 tox|[from] psn\n|upkeep\n|turn|40\n|\n|t:|1700615834\n|switch|p1a: rangollum|Sableye, M|66\/100\n|move|p2a: Zapdos|Discharge|p1a: rangollum\n|-damage|p1a: rangollum|26\/100\n|\n|-damage|p2a: Zapdos|50\/100 tox|[from] psn\n|upkeep\n|turn|41\n|\n|t:|1700615849\n|switch|p2a: Rillaboom|Rillaboom, F|67\/100\n|-fieldstart|move: Grassy Terrain|[from] ability: Grassy Surge|[of] p2a: Rillaboom\n|move|p1a: rangollum|Recover|p1a: rangollum\n|-heal|p1a: rangollum|76\/100\n|\n|-heal|p2a: Rillaboom|73\/100|[from] Grassy Terrain\n|-heal|p1a: rangollum|82\/100|[from] Grassy Terrain\n|upkeep\n|turn|42\n|\n|t:|1700615860\n|move|p2a: Rillaboom|Grassy Glide|p1a: rangollum\n|-damage|p1a: rangollum|15\/100\n|move|p1a: rangollum|Will-O-Wisp|p2a: Rillaboom\n|-status|p2a: Rillaboom|brn\n|\n|-heal|p2a: Rillaboom|79\/100 brn|[from] Grassy Terrain\n|-heal|p1a: rangollum|21\/100|[from] Grassy Terrain\n|-damage|p2a: Rillaboom|73\/100 brn|[from] brn\n|upkeep\n|turn|43\n|\n|t:|1700615875\n|switch|p2a: Zapdos|Zapdos|50\/100 tox\n|switch|p1a: Winona|Mandibuzz, F|100\/100 par\n|\n|-damage|p2a: Zapdos|44\/100 tox|[from] psn\n|upkeep\n|turn|44\n|\n|t:|1700615881\n|move|p2a: Zapdos|Discharge|p1a: Winona\n|-supereffective|p1a: Winona\n|-damage|p1a: Winona|40\/100 par\n|move|p1a: Winona|Foul Play|p2a: Zapdos\n|-damage|p2a: Zapdos|22\/100 tox\n|\n|-damage|p2a: Zapdos|9\/100 tox|[from] psn\n|upkeep\n|turn|45\n|\n|t:|1700615889\n|move|p2a: Zapdos|Discharge|p1a: Winona\n|-supereffective|p1a: Winona\n|-damage|p1a: Winona|0 fnt\n|faint|p1a: Winona\n|\n|-damage|p2a: Zapdos|0 fnt|[from] psn\n|faint|p2a: Zapdos\n|-fieldend|move: Grassy Terrain\n|upkeep\n|\n|t:|1700615894\n|switch|p1a: rangollum|Sableye, M|21\/100\n|switch|p2a: Scizor|Scizor-Mega, M|95\/100\n|turn|46\n|\n|t:|1700615900\n|detailschange|p1a: rangollum|Sableye-Mega, M\n|-mega|p1a: rangollum|Sableye|Sablenite\n|move|p2a: Scizor|Bullet Punch|p1a: rangollum\n|-damage|p1a: rangollum|0 fnt\n|faint|p1a: rangollum\n|\n|win|HitmonGimmeTop\n|raw|Arlo Ghost's rating: 1637 &rarr; <strong>1613<\/strong><br \/>(-24 for losing)\n|raw|HitmonGimmeTop's rating: 1569 &rarr; <strong>1593<\/strong><br \/>(+24 for winning)\n|l|\u2606HitmonGimmeTop\n|l|\u2606Arlo Ghost\n|j|\u2606HitmonGimmeTop\n|player|p2|HitmonGimmeTop|koga\n","uploadtime":1700615979,"views":5,"p1id":"arloghost","p2id":"hitmongimmetop","formatid":"gen9nationaldex","rating":1593,"private":0,"password":""}