{"id":"gen9nationaldex-1991473076","p1":"Leafeon Enjoyer","p2":"AFreeVirus!","format":"[Gen 9] National Dex","log":"|j|\u2606Leafeon Enjoyer\n|j|\u2606AFreeVirus!\n|t:|1700080163\n|gametype|singles\n|player|p1|Leafeon Enjoyer|rosa-masters|1277\n|player|p2|AFreeVirus!|ingo|1394\n|teamsize|p1|6\n|teamsize|p2|6\n|gen|9\n|tier|[Gen 9] National Dex\n|rated|\n|rule|HP Percentage Mod: HP is shown in percentages\n|rule|Endless Battle Clause: Forcing endless battles is banned\n|rule|OHKO Clause: OHKO moves are banned\n|rule|Evasion Clause: Evasion abilities, items, and moves are banned\n|rule|Evasion Abilities Clause: Evasion abilities are banned\n|rule|Evasion Items Clause: Evasion items are banned\n|rule|Evasion Moves Clause: Evasion moves are banned\n|rule|Species Clause: Limit one of each Pok\u00e9mon\n|rule|Sleep Clause Mod: Limit one foe put to sleep\n|clearpoke\n|poke|p1|Charizard, M|\n|poke|p1|Landorus-Therian, M|\n|poke|p1|Aegislash, M|\n|poke|p1|Tapu Lele|\n|poke|p1|Kartana|\n|poke|p1|Clefable, F|\n|poke|p2|Tapu Koko|\n|poke|p2|Raichu-Alola, M|\n|poke|p2|Landorus-Therian, M|\n|poke|p2|Iron Valiant|\n|poke|p2|Alomomola, F|\n|poke|p2|Corviknight, F|\n|teampreview\n|inactive|Battle timer is ON: inactive players will automatically lose when time's up. (requested by Leafeon Enjoyer)\n|\n|t:|1700080174\n|start\n|switch|p1a: Landorus|Landorus-Therian, M|100\/100\n|switch|p2a: Tapu Koko|Tapu Koko|100\/100\n|-fieldstart|move: Electric Terrain|[from] ability: Electric Surge|[of] p2a: Tapu Koko\n|-ability|p1a: Landorus|Intimidate|boost\n|-unboost|p2a: Tapu Koko|atk|1\n|turn|1\n|\n|t:|1700080179\n|switch|p2a: Landorus|Landorus-Therian, M|100\/100\n|-ability|p2a: Landorus|Intimidate|boost\n|-unboost|p1a: Landorus|atk|1\n|move|p1a: Landorus|Earthquake|p2a: Landorus\n|-immune|p2a: Landorus\n|\n|upkeep\n|turn|2\n|\n|t:|1700080187\n|move|p2a: Landorus|Knock Off|p1a: Landorus\n|-damage|p1a: Landorus|78\/100\n|-enditem|p1a: Landorus|Leftovers|[from] move: Knock Off|[of] p2a: Landorus\n|move|p1a: Landorus|U-turn|p2a: Landorus\n|-resisted|p2a: Landorus\n|-damage|p2a: Landorus|96\/100\n|-damage|p1a: Landorus|62\/100|[from] item: Rocky Helmet|[of] p2a: Landorus\n|\n|t:|1700080195\n|switch|p1a: Charizard|Charizard, M|100\/100|[from] U-turn\n|\n|upkeep\n|turn|3\n|\n|t:|1700080225\n|move|p1a: Charizard|Dragon Dance|p1a: Charizard\n|-boost|p1a: Charizard|atk|1\n|-boost|p1a: Charizard|spe|1\n|move|p2a: Landorus|Stealth Rock|p1a: Charizard\n|-sidestart|p1: Leafeon Enjoyer|move: Stealth Rock\n|\n|upkeep\n|turn|4\n|\n|t:|1700080241\n|move|p1a: Charizard|Dragon Dance|p1a: Charizard\n|-boost|p1a: Charizard|atk|1\n|-boost|p1a: Charizard|spe|1\n|move|p2a: Landorus|U-turn|p1a: Charizard\n|-resisted|p1a: Charizard\n|-damage|p1a: Charizard|92\/100\n|\n|t:|1700080250\n|switch|p2a: Raichu|Raichu-Alola, M|100\/100|[from] U-turn\n|\n|upkeep\n|turn|5\n|\n|t:|1700080267\n|detailschange|p1a: Charizard|Charizard-Mega-X, M\n|-mega|p1a: Charizard|Charizard|Charizardite X\n|-terastallize|p2a: Raichu|Electric\n|move|p1a: Charizard|Dragon Dance|p1a: Charizard\n|-boost|p1a: Charizard|atk|1\n|-boost|p1a: Charizard|spe|1\n|move|p2a: Raichu|Rising Voltage|p1a: Charizard\n|-hint|Rising Voltage's BP doubled on grounded target.\n|-resisted|p1a: Charizard\n|-damage|p1a: Charizard|3\/100\n|-damage|p2a: Raichu|91\/100|[from] item: Life Orb\n|\n|upkeep\n|turn|6\n|\n|t:|1700080284\n|switch|p2a: Landorus|Landorus-Therian, M|96\/100\n|-ability|p2a: Landorus|Intimidate|boost\n|-unboost|p1a: Charizard|atk|1\n|move|p1a: Charizard|Earthquake|p2a: Landorus\n|-immune|p2a: Landorus\n|\n|upkeep\n|turn|7\n|\n|t:|1700080292\n|move|p1a: Charizard|Flare Blitz|p2a: Landorus\n|-damage|p2a: Landorus|0 fnt\n|-damage|p1a: Charizard|0 fnt|[from] item: Rocky Helmet|[of] p2a: Landorus\n|faint|p2a: Landorus\n|faint|p1a: Charizard\n|\n|upkeep\n|\n|t:|1700080300\n|switch|p1a: Aegislash|Aegislash, M|100\/100\n|switch|p2a: Raichu|Raichu-Alola, M, tera:Electric|91\/100\n|-damage|p1a: Aegislash|94\/100|[from] Stealth Rock\n|turn|8\n|\n|t:|1700080308\n|switch|p1a: Landorus|Landorus-Therian, M|62\/100\n|-damage|p1a: Landorus|49\/100|[from] Stealth Rock\n|-ability|p1a: Landorus|Intimidate|boost\n|-unboost|p2a: Raichu|atk|1\n|move|p2a: Raichu|Rising Voltage|p1a: Landorus\n|-immune|p1a: Landorus\n|\n|-fieldend|move: Electric Terrain\n|upkeep\n|turn|9\n|\n|t:|1700080311\n|move|p2a: Raichu|Surf|p1a: Landorus\n|-supereffective|p1a: Landorus\n|-damage|p1a: Landorus|0 fnt\n|faint|p1a: Landorus\n|-damage|p2a: Raichu|81\/100|[from] item: Life Orb\n|\n|upkeep\n|\n|t:|1700080313\n|switch|p1a: Tapu Lele|Tapu Lele|100\/100\n|-damage|p1a: Tapu Lele|88\/100|[from] Stealth Rock\n|-fieldstart|move: Psychic Terrain|[from] ability: Psychic Surge|[of] p1a: Tapu Lele\n|turn|10\n|\n|t:|1700080317\n|switch|p2a: Tapu Koko|Tapu Koko|100\/100\n|-fieldstart|move: Electric Terrain|[from] ability: Electric Surge|[of] p2a: Tapu Koko\n|move|p1a: Tapu Lele|Moonblast|p2a: Tapu Koko\n|-damage|p2a: Tapu Koko|18\/100\n|\n|upkeep\n|turn|11\n|\n|t:|1700080325\n|move|p1a: Tapu Lele|Moonblast|p2a: Tapu Koko\n|-damage|p2a: Tapu Koko|0 fnt\n|faint|p2a: Tapu Koko\n|\n|upkeep\n|\n|t:|1700080329\n|switch|p2a: Raichu|Raichu-Alola, M, tera:Electric|81\/100\n|turn|12\n|\n|t:|1700080334\n|move|p2a: Raichu|Rising Voltage|p1a: Tapu Lele\n|-hint|Rising Voltage's BP doubled on grounded target.\n|-damage|p1a: Tapu Lele|0 fnt\n|faint|p1a: Tapu Lele\n|-damage|p2a: Raichu|71\/100|[from] item: Life Orb\n|\n|upkeep\n|\n|t:|1700080336\n|switch|p1a: Aegislash|Aegislash, M|94\/100\n|-damage|p1a: Aegislash|88\/100|[from] Stealth Rock\n|turn|13\n|\n|t:|1700080343\n|move|p1a: Aegislash|King's Shield|p1a: Aegislash\n|-singleturn|p1a: Aegislash|Protect\n|move|p2a: Raichu|Rising Voltage|p1a: Aegislash\n|-activate|p1a: Aegislash|move: Protect\n|\n|-heal|p1a: Aegislash|94\/100|[from] item: Leftovers\n|upkeep\n|turn|14\n|\n|t:|1700080347\n|move|p2a: Raichu|Rising Voltage|p1a: Aegislash\n|-hint|Rising Voltage's BP doubled on grounded target.\n|-damage|p1a: Aegislash|3\/100\n|-damage|p2a: Raichu|61\/100|[from] item: Life Orb\n|move|p1a: Aegislash|Substitute|p1a: Aegislash\n|-fail|p1a: Aegislash|move: Substitute|[weak]\n|\n|-heal|p1a: Aegislash|9\/100|[from] item: Leftovers\n|upkeep\n|turn|15\n|\n|t:|1700080352\n|move|p1a: Aegislash|King's Shield|p1a: Aegislash\n|-singleturn|p1a: Aegislash|Protect\n|move|p2a: Raichu|Rising Voltage|p1a: Aegislash\n|-activate|p1a: Aegislash|move: Protect\n|\n|-heal|p1a: Aegislash|16\/100|[from] item: Leftovers\n|upkeep\n|turn|16\n|-message|Leafeon Enjoyer forfeited.\n|\n|win|AFreeVirus!\n|raw|Leafeon Enjoyer's rating: 1277 &rarr; <strong>1260<\/strong><br \/>(-17 for losing)\n|raw|AFreeVirus!'s rating: 1394 &rarr; <strong>1408<\/strong><br \/>(+14 for winning)\n|l|\u2606Leafeon Enjoyer\n","uploadtime":1700080358,"views":5,"p1id":"leafeonenjoyer","p2id":"afreevirus","formatid":"gen9nationaldex","rating":1260,"private":0,"password":""}