{"id":"gen9nationaldex-1997531651","p1":"221savage","p2":"QIxhQI","format":"[Gen 9] National Dex","log":"|html|<div class=\"broadcast-blue\"><strong>[Gen 9] National Dex is currently suspecting Sneasler! For information on how to participate check out the <a href=\"https:\/\/www.smogon.com\/forums\/threads\/sv-national-dex-suspect-8-just-dance.3731534\/\">suspect thread<\/a>.<\/strong><\/div>\n|j|\u2606221savage\n|j|\u2606QIxhQI\n|t:|1700821180\n|gametype|singles\n|player|p1|221savage|2|1451\n|player|p2|QIxhQI|170|1637\n|teamsize|p1|6\n|teamsize|p2|6\n|gen|9\n|tier|[Gen 9] National Dex\n|rated|\n|rule|HP Percentage Mod: HP is shown in percentages\n|rule|Endless Battle Clause: Forcing endless battles is banned\n|rule|OHKO Clause: OHKO moves are banned\n|rule|Evasion Clause: Evasion abilities, items, and moves are banned\n|rule|Evasion Abilities Clause: Evasion abilities are banned\n|rule|Evasion Items Clause: Evasion items are banned\n|rule|Evasion Moves Clause: Evasion moves are banned\n|rule|Species Clause: Limit one of each Pok\u00e9mon\n|rule|Sleep Clause Mod: Limit one foe put to sleep\n|clearpoke\n|poke|p1|Blastoise, F|\n|poke|p1|Banette, M|\n|poke|p1|Machamp, F|\n|poke|p1|Darmanitan, M|\n|poke|p1|Tsareena, F|\n|poke|p1|Toxtricity, F|\n|poke|p2|Mawile, M|\n|poke|p2|Marowak-Alola, M|\n|poke|p2|Hatterene, F|\n|poke|p2|Cresselia, F|\n|poke|p2|Porygon2|\n|poke|p2|Ursaluna, F|\n|teampreview\n|\n|t:|1700821194\n|start\n|switch|p1a: Banette|Banette, M|100\/100\n|switch|p2a: Hatterene|Hatterene, F|100\/100\n|turn|1\n|\n|t:|1700821207\n|detailschange|p1a: Banette|Banette-Mega, M\n|-mega|p1a: Banette|Banette|Banettite\n|move|p1a: Banette|Poltergeist|p2a: Hatterene\n|-activate|p2a: Hatterene|move: Poltergeist|Focus Sash\n|-supereffective|p2a: Hatterene\n|-enditem|p2a: Hatterene|Focus Sash\n|-damage|p2a: Hatterene|1\/100\n|move|p2a: Hatterene|Trick Room|p2a: Hatterene\n|-fieldstart|move: Trick Room|[of] p2a: Hatterene\n|\n|upkeep\n|turn|2\n|inactive|Battle timer is ON: inactive players will automatically lose when time's up. (requested by QIxhQI)\n|\n|t:|1700821218\n|move|p2a: Hatterene|Misty Explosion|p1a: Banette\n|-damage|p1a: Banette|33\/100\n|faint|p2a: Hatterene\n|move|p1a: Banette|Pursuit|p2: Hatterene|[notarget]\n|-fail|p1a: Banette\n|\n|upkeep\n|\n|t:|1700821239\n|switch|p2a: Porygon2|Porygon2|100\/100\n|-ability|p2a: Porygon2|Prankster|[from] ability: Trace|[of] p1a: Banette\n|turn|3\n|\n|t:|1700821258\n|switch|p1a: Machamp|Machamp, F|100\/100\n|move|p2a: Porygon2|Thunderbolt|p1a: Machamp\n|-damage|p1a: Machamp|78\/100\n|-status|p1a: Machamp|par\n|\n|upkeep\n|turn|4\n|\n|t:|1700821267\n|switch|p2a: Marowak|Marowak-Alola, M|100\/100\n|move|p1a: Machamp|Stone Edge|p2a: Marowak\n|-supereffective|p2a: Marowak\n|-crit|p2a: Marowak\n|-damage|p2a: Marowak|0 fnt\n|faint|p2a: Marowak\n|-damage|p1a: Machamp|68\/100 par|[from] item: Life Orb\n|\n|upkeep\n|\n|t:|1700821277\n|switch|p2a: Mawile|Mawile, M|100\/100\n|-ability|p2a: Mawile|Intimidate|boost\n|-unboost|p1a: Machamp|atk|1\n|turn|5\n|inactive|221savage has 120 seconds left.\n|inactive|221savage has 90 seconds left.\n|\n|t:|1700821344\n|detailschange|p2a: Mawile|Mawile-Mega, M\n|-mega|p2a: Mawile|Mawile|Mawilite\n|move|p1a: Machamp|Bullet Punch|p2a: Mawile\n|-damage|p2a: Mawile|89\/100\n|-damage|p1a: Machamp|58\/100 par|[from] item: Life Orb\n|move|p2a: Mawile|Play Rough|p1a: Machamp\n|-supereffective|p1a: Machamp\n|-damage|p1a: Machamp|0 fnt\n|faint|p1a: Machamp\n|\n|-fieldend|move: Trick Room\n|upkeep\n|\n|t:|1700821356\n|switch|p1a: Darmanitan|Darmanitan, M|100\/100\n|turn|6\n|\n|t:|1700821363\n|switch|p2a: Porygon2|Porygon2|100\/100\n|-ability|p2a: Porygon2|Sheer Force|[from] ability: Trace|[of] p1a: Darmanitan\n|move|p1a: Darmanitan|Flare Blitz|p2a: Porygon2\n|-damage|p2a: Porygon2|56\/100\n|-damage|p1a: Darmanitan|85\/100|[from] Recoil\n|\n|upkeep\n|turn|7\n|\n|t:|1700821374\n|-terastallize|p1a: Darmanitan|Fire\n|move|p1a: Darmanitan|Flare Blitz|p2a: Porygon2\n|-damage|p2a: Porygon2|0 fnt\n|faint|p2a: Porygon2\n|-damage|p1a: Darmanitan|66\/100|[from] Recoil\n|\n|upkeep\n|\n|t:|1700821380\n|switch|p2a: Ursaluna|Ursaluna, F|100\/100\n|turn|8\n|\n|t:|1700821400\n|move|p1a: Darmanitan|Flare Blitz|p2a: Ursaluna\n|-damage|p2a: Ursaluna|14\/100\n|-damage|p1a: Darmanitan|28\/100|[from] Recoil\n|move|p2a: Ursaluna|Earthquake|p1a: Darmanitan\n|-supereffective|p1a: Darmanitan\n|-damage|p1a: Darmanitan|0 fnt\n|faint|p1a: Darmanitan\n|\n|-status|p2a: Ursaluna|brn|[from] item: Flame Orb\n|upkeep\n|inactive|221savage has 90 seconds left.\n|\n|t:|1700821414\n|switch|p1a: Toxtricity|Toxtricity, F|100\/100\n|turn|9\n|\n|t:|1700821422\n|move|p1a: Toxtricity|Boomburst|p2a: Ursaluna\n|-damage|p2a: Ursaluna|0 fnt\n|faint|p2a: Ursaluna\n|\n|upkeep\n|\n|t:|1700821427\n|switch|p2a: Mawile|Mawile-Mega, M|89\/100\n|turn|10\n|\n|t:|1700821438\n|move|p1a: Toxtricity|Boomburst|p2a: Mawile\n|-resisted|p2a: Mawile\n|-damage|p2a: Mawile|34\/100\n|move|p2a: Mawile|Play Rough|p1a: Toxtricity\n|-resisted|p1a: Toxtricity\n|-damage|p1a: Toxtricity|47\/100\n|\n|upkeep\n|turn|11\n|\n|t:|1700821444\n|move|p2a: Mawile|Sucker Punch|p1a: Toxtricity\n|-damage|p1a: Toxtricity|0 fnt\n|faint|p1a: Toxtricity\n|\n|upkeep\n|\n|t:|1700821450\n|switch|p1a: Blastoise|Blastoise, F|100\/100\n|turn|12\n|\n|t:|1700821456\n|move|p1a: Blastoise|Hydro Pump|p2a: Mawile|[miss]\n|-miss|p1a: Blastoise|p2a: Mawile\n|move|p2a: Mawile|Play Rough|p1a: Blastoise\n|-damage|p1a: Blastoise|6\/100\n|\n|upkeep\n|turn|13\n|inactive|221savage has 120 seconds left.\n|\n|t:|1700821468\n|move|p2a: Mawile|Sucker Punch|p1a: Blastoise\n|-damage|p1a: Blastoise|0 fnt\n|faint|p1a: Blastoise\n|\n|upkeep\n|inactive|221savage has 120 seconds left.\n|\n|t:|1700821474\n|switch|p1a: Tsareena|Tsareena, F|100\/100\n|turn|14\n|\n|t:|1700821478\n|switch|p2a: Cresselia|Cresselia, F|100\/100\n|move|p1a: Tsareena|High Jump Kick|p2a: Cresselia\n|-resisted|p2a: Cresselia\n|-damage|p2a: Cresselia|89\/100\n|\n|upkeep\n|turn|15\n|\n|t:|1700821490\n|move|p1a: Tsareena|Power Whip|p2a: Cresselia\n|-damage|p2a: Cresselia|57\/100\n|move|p2a: Cresselia|Trick Room|p2a: Cresselia\n|-fieldstart|move: Trick Room|[of] p2a: Cresselia\n|\n|upkeep\n|turn|16\n|\n|t:|1700821494\n|switch|p1a: Banette|Banette-Mega, M|33\/100\n|move|p2a: Cresselia|Ice Beam|p1a: Banette\n|-damage|p1a: Banette|11\/100\n|\n|upkeep\n|turn|17\n|\n|t:|1700821501\n|move|p1a: Banette|Poltergeist|p2a: Cresselia|[miss]\n|-miss|p1a: Banette|p2a: Cresselia\n|move|p2a: Cresselia|Ice Beam|p1a: Banette\n|-damage|p1a: Banette|0 fnt\n|faint|p1a: Banette\n|\n|upkeep\n|-message|221savage forfeited.\n|\n|win|QIxhQI\n|raw|221savage's rating: 1451 &rarr; <strong>1441<\/strong><br \/>(-10 for losing)\n|raw|QIxhQI's rating: 1637 &rarr; <strong>1647<\/strong><br \/>(+10 for winning)\n|l|\u2606221savage\n","uploadtime":1700821523,"views":6,"p1id":"221savage","p2id":"qixhqi","formatid":"gen9nationaldex","rating":1441,"private":0,"password":""}