{"id":"gen9nationaldex-1998118452","p1":"bu wei chen chen","p2":"Marty1010","format":"[Gen 9] National Dex","log":"|html|<div class=\"broadcast-blue\"><strong>[Gen 9] National Dex is currently suspecting Sneasler! For information on how to participate check out the <a href=\"https:\/\/www.smogon.com\/forums\/threads\/sv-national-dex-suspect-8-just-dance.3731534\/\">suspect thread<\/a>.<\/strong><\/div>\n|j|\u2606bu wei chen chen\n|j|\u2606Marty1010\n|t:|1700894612\n|gametype|singles\n|player|p1|bu wei chen chen|dawn|1497\n|player|p2|Marty1010|blackbelt-gen4|1372\n|teamsize|p1|6\n|teamsize|p2|6\n|gen|9\n|tier|[Gen 9] National Dex\n|rated|\n|rule|HP Percentage Mod: HP is shown in percentages\n|rule|Endless Battle Clause: Forcing endless battles is banned\n|rule|OHKO Clause: OHKO moves are banned\n|rule|Evasion Clause: Evasion abilities, items, and moves are banned\n|rule|Evasion Abilities Clause: Evasion abilities are banned\n|rule|Evasion Items Clause: Evasion items are banned\n|rule|Evasion Moves Clause: Evasion moves are banned\n|rule|Species Clause: Limit one of each Pok\u00e9mon\n|rule|Sleep Clause Mod: Limit one foe put to sleep\n|clearpoke\n|poke|p1|Mew|\n|poke|p1|Heatran, M|\n|poke|p1|Rotom-Wash|\n|poke|p1|Scizor, M|\n|poke|p1|Greninja-*, M|\n|poke|p1|Sneasler, F|\n|poke|p2|Landorus-Therian, M|\n|poke|p2|Zapdos|\n|poke|p2|Ferrothorn, F|\n|poke|p2|Corviknight, F|\n|poke|p2|Garganacl, M|\n|poke|p2|Toxapex, F|\n|teampreview\n|inactive|Battle timer is ON: inactive players will automatically lose when time's up. (requested by bu wei chen chen)\n|\n|t:|1700894623\n|start\n|switch|p1a: Mew|Mew|100\/100\n|switch|p2a: Salty|Garganacl, M|100\/100\n|turn|1\n|\n|t:|1700894629\n|move|p1a: Mew|Earth Power|p2a: Salty\n|-supereffective|p2a: Salty\n|-damage|p2a: Salty|39\/100\n|move|p2a: Salty|Salt Cure|p1a: Mew\n|-damage|p1a: Mew|86\/100\n|-start|p1a: Mew|Salt Cure\n|\n|-heal|p2a: Salty|46\/100|[from] item: Leftovers\n|-damage|p1a: Mew|74\/100|[from] Salt Cure\n|upkeep\n|turn|2\n|\n|t:|1700894641\n|switch|p2a: Spikey|Ferrothorn, F|100\/100\n|move|p1a: Mew|Earth Power|p2a: Spikey\n|-damage|p2a: Spikey|78\/100\n|\n|-damage|p1a: Mew|62\/100|[from] Salt Cure\n|upkeep\n|turn|3\n|\n|t:|1700894650\n|move|p1a: Mew|Fire Blast|p2a: Spikey\n|-supereffective|p2a: Spikey\n|-damage|p2a: Spikey|0 fnt\n|faint|p2a: Spikey\n|\n|-damage|p1a: Mew|49\/100|[from] Salt Cure\n|upkeep\n|\n|t:|1700894660\n|switch|p2a: Dog God|Landorus-Therian, M|100\/100\n|-ability|p2a: Dog God|Intimidate|boost\n|-unboost|p1a: Mew|atk|1\n|turn|4\n|\n|t:|1700894665\n|move|p1a: Mew|Ice Beam|p2a: Dog God\n|-supereffective|p2a: Dog God\n|-damage|p2a: Dog God|0 fnt\n|faint|p2a: Dog God\n|\n|-damage|p1a: Mew|37\/100|[from] Salt Cure\n|upkeep\n|\n|t:|1700894671\n|switch|p2a: Poison|Toxapex, F|100\/100\n|turn|5\n|\n|t:|1700894675\n|move|p2a: Poison|Baneful Bunker|p2a: Poison\n|-singleturn|p2a: Poison|move: Protect\n|move|p1a: Mew|Earth Power|p2a: Poison\n|-activate|p2a: Poison|move: Protect\n|\n|-damage|p1a: Mew|25\/100|[from] Salt Cure\n|upkeep\n|turn|6\n|\n|t:|1700894682\n|switch|p2a: Hello Darkness|Corviknight, F|100\/100\n|-ability|p2a: Hello Darkness|Pressure\n|move|p1a: Mew|Earth Power|p2a: Hello Darkness\n|-immune|p2a: Hello Darkness\n|\n|-damage|p1a: Mew|13\/100|[from] Salt Cure\n|upkeep\n|turn|7\n|\n|t:|1700894691\n|move|p1a: Mew|Fire Blast|p2a: Hello Darkness\n|-supereffective|p2a: Hello Darkness\n|-damage|p2a: Hello Darkness|46\/100\n|move|p2a: Hello Darkness|Iron Defense|p2a: Hello Darkness\n|-boost|p2a: Hello Darkness|def|2\n|\n|-damage|p1a: Mew|0 fnt|[from] Salt Cure\n|faint|p1a: Mew\n|upkeep\n|\n|t:|1700894702\n|switch|p1a: Greninja|Greninja, M|100\/100\n|turn|8\n|\n|t:|1700894707\n|move|p1a: Greninja|Surf|p2a: Hello Darkness\n|-damage|p2a: Hello Darkness|13\/100\n|-damage|p1a: Greninja|91\/100|[from] item: Life Orb\n|move|p2a: Hello Darkness|Roost|p2a: Hello Darkness\n|-heal|p2a: Hello Darkness|63\/100\n|-singleturn|p2a: Hello Darkness|move: Roost\n|\n|upkeep\n|turn|9\n|\n|t:|1700894718\n|switch|p1a: Rotom|Rotom-Wash|100\/100\n|move|p2a: Hello Darkness|Roost|p2a: Hello Darkness\n|-heal|p2a: Hello Darkness|100\/100\n|-singleturn|p2a: Hello Darkness|move: Roost\n|\n|upkeep\n|turn|10\n|\n|t:|1700894729\n|switch|p2a: Salty|Garganacl, M|46\/100\n|move|p1a: Rotom|Will-O-Wisp|p2a: Salty\n|-immune|p2a: Salty|[from] ability: Purifying Salt\n|\n|-heal|p2a: Salty|52\/100|[from] item: Leftovers\n|upkeep\n|turn|11\n|\n|t:|1700894746\n|move|p2a: Salty|Protect|p2a: Salty\n|-singleturn|p2a: Salty|Protect\n|move|p1a: Rotom|Volt Switch|p2a: Salty\n|-activate|p2a: Salty|move: Protect\n|\n|-heal|p2a: Salty|58\/100|[from] item: Leftovers\n|upkeep\n|turn|12\n|\n|t:|1700894759\n|move|p1a: Rotom|Volt Switch|p2a: Salty\n|-damage|p2a: Salty|34\/100\n|\n|t:|1700894763\n|switch|p1a: Scizor|Scizor, M|100\/100|[from] Volt Switch\n|move|p2a: Salty|Salt Cure|p1a: Scizor\n|-damage|p1a: Scizor|87\/100\n|-start|p1a: Scizor|Salt Cure\n|\n|-heal|p2a: Salty|40\/100|[from] item: Leftovers\n|-damage|p1a: Scizor|62\/100|[from] Salt Cure\n|upkeep\n|turn|13\n|\n|t:|1700894773\n|switch|p2a: Hello Darkness|Corviknight, F|100\/100\n|-ability|p2a: Hello Darkness|Pressure\n|detailschange|p1a: Scizor|Scizor-Mega, M\n|-mega|p1a: Scizor|Scizor|Scizorite\n|move|p1a: Scizor|U-turn|p2a: Hello Darkness\n|-resisted|p2a: Hello Darkness\n|-damage|p2a: Hello Darkness|92\/100\n|\n|t:|1700894791\n|switch|p1a: Rotom|Rotom-Wash|100\/100|[from] U-turn\n|\n|upkeep\n|turn|14\n|\n|t:|1700894796\n|switch|p2a: Salty|Garganacl, M|40\/100\n|move|p1a: Rotom|Volt Switch|p2a: Salty\n|-damage|p2a: Salty|17\/100\n|inactive|bu wei chen chen has 120 seconds left.\n|\n|t:|1700894831\n|switch|p1a: Heatran|Heatran, M|100\/100|[from] Volt Switch\n|\n|-heal|p2a: Salty|23\/100|[from] item: Leftovers\n|upkeep\n|turn|15\n|inactive|bu wei chen chen has 120 seconds left.\n|\n|t:|1700894838\n|move|p2a: Salty|Protect|p2a: Salty\n|-singleturn|p2a: Salty|Protect\n|move|p1a: Heatran|Fire Blast|p2a: Salty\n|-activate|p2a: Salty|move: Protect\n|\n|-heal|p2a: Salty|29\/100|[from] item: Leftovers\n|upkeep\n|turn|16\n|\n|t:|1700894859\n|-terastallize|p2a: Salty|Water\n|move|p1a: Heatran|Earth Power|p2a: Salty\n|-damage|p2a: Salty|5\/100\n|move|p2a: Salty|Recover|p2a: Salty\n|-heal|p2a: Salty|55\/100\n|\n|-heal|p2a: Salty|61\/100|[from] item: Leftovers\n|upkeep\n|turn|17\n|\n|t:|1700894870\n|switch|p1a: Rotom|Rotom-Wash|100\/100\n|move|p2a: Salty|Salt Cure|p1a: Rotom\n|-damage|p1a: Rotom|90\/100\n|-start|p1a: Rotom|Salt Cure\n|\n|-heal|p1a: Rotom|96\/100|[from] item: Leftovers\n|-heal|p2a: Salty|68\/100|[from] item: Leftovers\n|-damage|p1a: Rotom|71\/100|[from] Salt Cure\n|upkeep\n|turn|18\n|\n|t:|1700894879\n|move|p2a: Salty|Protect|p2a: Salty\n|-singleturn|p2a: Salty|Protect\n|move|p1a: Rotom|Volt Switch|p2a: Salty\n|-activate|p2a: Salty|move: Protect\n|\n|-heal|p1a: Rotom|77\/100|[from] item: Leftovers\n|-heal|p2a: Salty|74\/100|[from] item: Leftovers\n|-damage|p1a: Rotom|52\/100|[from] Salt Cure\n|upkeep\n|turn|19\n|\n|t:|1700894889\n|move|p1a: Rotom|Volt Switch|p2a: Salty\n|-supereffective|p2a: Salty\n|-crit|p2a: Salty\n|-damage|p2a: Salty|7\/100\n|\n|t:|1700894911\n|switch|p1a: Greninja|Greninja, M|91\/100|[from] Volt Switch\n|move|p2a: Salty|Salt Cure|p1a: Greninja\n|-damage|p1a: Greninja|69\/100\n|-start|p1a: Greninja|Salt Cure\n|\n|-heal|p2a: Salty|13\/100|[from] item: Leftovers\n|-damage|p1a: Greninja|45\/100|[from] Salt Cure\n|upkeep\n|turn|20\n|\n|t:|1700894919\n|switch|p1a: Rotom|Rotom-Wash|52\/100\n|move|p2a: Salty|Protect||[still]\n|-fail|p2a: Salty\n|\n|-heal|p1a: Rotom|58\/100|[from] item: Leftovers\n|-heal|p2a: Salty|19\/100|[from] item: Leftovers\n|upkeep\n|turn|21\n|\n|t:|1700894931\n|move|p2a: Salty|Protect|p2a: Salty\n|-singleturn|p2a: Salty|Protect\n|move|p1a: Rotom|Volt Switch|p2a: Salty\n|-activate|p2a: Salty|move: Protect\n|\n|-heal|p1a: Rotom|65\/100|[from] item: Leftovers\n|-heal|p2a: Salty|25\/100|[from] item: Leftovers\n|upkeep\n|turn|22\n|\n|t:|1700894942\n|switch|p2a: Sparks|Zapdos|100\/100\n|move|p1a: Rotom|Volt Switch|p2a: Sparks\n|-damage|p2a: Sparks|78\/100\n|\n|t:|1700894957\n|switch|p1a: Greninja|Greninja, M|45\/100|[from] Volt Switch\n|\n|upkeep\n|turn|23\n|\n|t:|1700894964\n|switch|p2a: Poison|Toxapex, F|100\/100\n|move|p1a: Greninja|Ice Beam|p2a: Poison\n|-resisted|p2a: Poison\n|-damage|p2a: Poison|87\/100\n|-status|p2a: Poison|frz\n|-damage|p1a: Greninja|35\/100|[from] item: Life Orb\n|\n|-heal|p2a: Poison|93\/100 frz|[from] item: Black Sludge\n|upkeep\n|turn|24\n|\n|t:|1700894973\n|move|p1a: Greninja|Dark Pulse|p2a: Poison\n|-damage|p2a: Poison|57\/100 frz\n|-damage|p1a: Greninja|25\/100|[from] item: Life Orb\n|-curestatus|p2a: Poison|frz|[from] move: Scald\n|move|p2a: Poison|Scald|p1a: Greninja\n|-resisted|p1a: Greninja\n|-damage|p1a: Greninja|11\/100\n|\n|-heal|p2a: Poison|63\/100|[from] item: Black Sludge\n|upkeep\n|turn|25\n|\n|t:|1700894988\n|move|p1a: Greninja|Dark Pulse|p2a: Poison\n|-crit|p2a: Poison\n|-damage|p2a: Poison|8\/100\n|-damage|p1a: Greninja|2\/100|[from] item: Life Orb\n|move|p2a: Poison|Scald|p1a: Greninja\n|-resisted|p1a: Greninja\n|-damage|p1a: Greninja|0 fnt\n|faint|p1a: Greninja\n|\n|-heal|p2a: Poison|14\/100|[from] item: Black Sludge\n|upkeep\n|\n|t:|1700895003\n|switch|p1a: Rotom|Rotom-Wash|65\/100\n|turn|26\n|\n|t:|1700895008\n|move|p2a: Poison|Baneful Bunker|p2a: Poison\n|-singleturn|p2a: Poison|move: Protect\n|move|p1a: Rotom|Volt Switch|p2a: Poison\n|-activate|p2a: Poison|move: Protect\n|\n|-heal|p1a: Rotom|71\/100|[from] item: Leftovers\n|-heal|p2a: Poison|20\/100|[from] item: Black Sludge\n|upkeep\n|turn|27\n|\n|t:|1700895016\n|switch|p2a: Hello Darkness|Corviknight, F|92\/100\n|-ability|p2a: Hello Darkness|Pressure\n|move|p1a: Rotom|Volt Switch|p2a: Hello Darkness\n|-supereffective|p2a: Hello Darkness\n|-damage|p2a: Hello Darkness|57\/100\n|\n|t:|1700895023\n|switch|p1a: Heatran|Heatran, M|100\/100|[from] Volt Switch\n|\n|upkeep\n|turn|28\n|\n|t:|1700895031\n|move|p1a: Heatran|Earth Power|p2a: Hello Darkness\n|-immune|p2a: Hello Darkness\n|move|p2a: Hello Darkness|Iron Defense|p2a: Hello Darkness\n|-boost|p2a: Hello Darkness|def|2\n|\n|upkeep\n|turn|29\n|\n|t:|1700895036\n|move|p1a: Heatran|Fire Blast|p2a: Hello Darkness|[miss]\n|-miss|p1a: Heatran|p2a: Hello Darkness\n|move|p2a: Hello Darkness|Body Press|p1a: Heatran\n|-supereffective|p1a: Heatran\n|-damage|p1a: Heatran|19\/100\n|-damage|p2a: Hello Darkness|48\/100|[from] item: Life Orb\n|\n|-heal|p1a: Heatran|25\/100|[from] item: Leftovers\n|upkeep\n|turn|30\n|\n|t:|1700895045\n|move|p1a: Heatran|Fire Blast|p2a: Hello Darkness\n|-supereffective|p2a: Hello Darkness\n|-damage|p2a: Hello Darkness|0 fnt\n|faint|p2a: Hello Darkness\n|\n|-heal|p1a: Heatran|31\/100|[from] item: Leftovers\n|upkeep\n|\n|t:|1700895051\n|switch|p2a: Poison|Toxapex, F|53\/100\n|turn|31\n|c|\u2606bu wei chen chen|good luck\n|\n|t:|1700895062\n|move|p1a: Heatran|Earth Power|p2a: Poison\n|-supereffective|p2a: Poison\n|-damage|p2a: Poison|13\/100\n|move|p2a: Poison|Scald|p1a: Heatran\n|-supereffective|p1a: Heatran\n|-damage|p1a: Heatran|10\/100\n|\n|-heal|p1a: Heatran|16\/100|[from] item: Leftovers\n|-heal|p2a: Poison|20\/100|[from] item: Black Sludge\n|upkeep\n|turn|32\n|\n|t:|1700895072\n|move|p2a: Poison|Baneful Bunker|p2a: Poison\n|-singleturn|p2a: Poison|move: Protect\n|move|p1a: Heatran|Earth Power|p2a: Poison\n|-activate|p2a: Poison|move: Protect\n|\n|-heal|p1a: Heatran|22\/100|[from] item: Leftovers\n|-heal|p2a: Poison|26\/100|[from] item: Black Sludge\n|upkeep\n|turn|33\n|\n|t:|1700895080\n|switch|p2a: Sparks|Zapdos|78\/100\n|move|p1a: Heatran|Earth Power|p2a: Sparks\n|-immune|p2a: Sparks\n|\n|-heal|p1a: Heatran|28\/100|[from] item: Leftovers\n|upkeep\n|turn|34\n|\n|t:|1700895090\n|move|p2a: Sparks|Volt Switch|p1a: Heatran\n|-damage|p1a: Heatran|5\/100\n|\n|t:|1700895097\n|switch|p2a: Salty|Garganacl, M, tera:Water|25\/100|[from] Volt Switch\n|move|p1a: Heatran|Toxic|p2a: Salty\n|-immune|p2a: Salty|[from] ability: Purifying Salt\n|\n|-heal|p1a: Heatran|11\/100|[from] item: Leftovers\n|-heal|p2a: Salty|32\/100|[from] item: Leftovers\n|upkeep\n|turn|35\n|\n|t:|1700895105\n|move|p1a: Heatran|Earth Power|p2a: Salty\n|-damage|p2a: Salty|7\/100\n|move|p2a: Salty|Salt Cure|p1a: Heatran\n|-damage|p1a: Heatran|0 fnt\n|faint|p1a: Heatran\n|\n|-heal|p2a: Salty|13\/100|[from] item: Leftovers\n|upkeep\n|\n|t:|1700895111\n|switch|p1a: Sneasler|Sneasler, F|100\/100\n|-item|p1a: Sneasler|Air Balloon\n|turn|36\n|\n|t:|1700895118\n|move|p1a: Sneasler|Swords Dance|p1a: Sneasler\n|-boost|p1a: Sneasler|atk|2\n|move|p2a: Salty|Recover|p2a: Salty\n|-heal|p2a: Salty|63\/100\n|\n|-heal|p2a: Salty|70\/100|[from] item: Leftovers\n|upkeep\n|turn|37\n|\n|t:|1700895135\n|move|p1a: Sneasler|Swords Dance|p1a: Sneasler\n|-boost|p1a: Sneasler|atk|2\n|move|p2a: Salty|Salt Cure|p1a: Sneasler\n|-resisted|p1a: Sneasler\n|-damage|p1a: Sneasler|90\/100\n|-start|p1a: Sneasler|Salt Cure\n|-enditem|p1a: Sneasler|Air Balloon\n|\n|-heal|p2a: Salty|76\/100|[from] item: Leftovers\n|-damage|p1a: Sneasler|78\/100|[from] Salt Cure\n|upkeep\n|turn|38\n|\n|t:|1700895150\n|move|p2a: Salty|Protect|p2a: Salty\n|-singleturn|p2a: Salty|Protect\n|move|p1a: Sneasler|Night Slash|p2a: Salty\n|-activate|p2a: Salty|move: Protect\n|\n|-heal|p2a: Salty|82\/100|[from] item: Leftovers\n|-damage|p1a: Sneasler|65\/100|[from] Salt Cure\n|upkeep\n|turn|39\n|inactive|Marty1010 has 120 seconds left.\n|\n|t:|1700895177\n|move|p1a: Sneasler|Acrobatics|p2a: Salty\n|-damage|p2a: Salty|20\/100\n|move|p2a: Salty|Stealth Rock|p1a: Sneasler\n|-sidestart|p1: bu wei chen chen|move: Stealth Rock\n|\n|-heal|p2a: Salty|26\/100|[from] item: Leftovers\n|-damage|p1a: Sneasler|53\/100|[from] Salt Cure\n|upkeep\n|turn|40\n|c|\u2606Marty1010|the lag\n|\n|t:|1700895185\n|move|p2a: Salty|Protect|p2a: Salty\n|-singleturn|p2a: Salty|Protect\n|move|p1a: Sneasler|Night Slash|p2a: Salty\n|-activate|p2a: Salty|move: Protect\n|\n|-heal|p2a: Salty|32\/100|[from] item: Leftovers\n|-damage|p1a: Sneasler|40\/100|[from] Salt Cure\n|upkeep\n|turn|41\n|\n|t:|1700895195\n|move|p1a: Sneasler|Night Slash|p2a: Salty\n|-damage|p2a: Salty|0 fnt\n|faint|p2a: Salty\n|\n|-damage|p1a: Sneasler|28\/100|[from] Salt Cure\n|upkeep\n|\n|t:|1700895200\n|switch|p2a: Poison|Toxapex, F|59\/100\n|turn|42\n|\n|t:|1700895207\n|move|p2a: Poison|Baneful Bunker|p2a: Poison\n|-singleturn|p2a: Poison|move: Protect\n|move|p1a: Sneasler|Acrobatics|p2a: Poison\n|-activate|p2a: Poison|move: Protect\n|\n|-heal|p2a: Poison|65\/100|[from] item: Black Sludge\n|-damage|p1a: Sneasler|15\/100|[from] Salt Cure\n|upkeep\n|turn|43\n|\n|t:|1700895221\n|move|p1a: Sneasler|Night Slash|p2a: Poison\n|-damage|p2a: Poison|20\/100\n|move|p2a: Poison|Haze|p2a: Poison\n|-clearallboost\n|\n|-heal|p2a: Poison|26\/100|[from] item: Black Sludge\n|-damage|p1a: Sneasler|3\/100|[from] Salt Cure\n|upkeep\n|turn|44\n|\n|t:|1700895231\n|move|p2a: Poison|Baneful Bunker|p2a: Poison\n|-singleturn|p2a: Poison|move: Protect\n|move|p1a: Sneasler|Acrobatics|p2a: Poison\n|-activate|p2a: Poison|move: Protect\n|\n|-heal|p2a: Poison|33\/100|[from] item: Black Sludge\n|-damage|p1a: Sneasler|0 fnt|[from] Salt Cure\n|faint|p1a: Sneasler\n|upkeep\n|\n|t:|1700895236\n|switch|p1a: Rotom|Rotom-Wash|71\/100\n|-damage|p1a: Rotom|58\/100|[from] Stealth Rock\n|turn|45\n|\n|t:|1700895249\n|switch|p2a: Sparks|Zapdos|78\/100\n|move|p1a: Rotom|Will-O-Wisp|p2a: Sparks\n|-status|p2a: Sparks|brn\n|\n|-heal|p1a: Rotom|65\/100|[from] item: Leftovers\n|-damage|p2a: Sparks|72\/100 brn|[from] brn\n|upkeep\n|turn|46\n|\n|t:|1700895257\n|move|p2a: Sparks|Roost|p2a: Sparks\n|-heal|p2a: Sparks|100\/100 brn\n|-singleturn|p2a: Sparks|move: Roost\n|move|p1a: Rotom|Volt Switch|p2a: Sparks\n|-resisted|p2a: Sparks\n|-damage|p2a: Sparks|88\/100 brn\n|\n|t:|1700895260\n|switch|p1a: Scizor|Scizor-Mega, M|62\/100|[from] Volt Switch\n|-damage|p1a: Scizor|50\/100|[from] Stealth Rock\n|\n|-damage|p2a: Sparks|82\/100 brn|[from] brn\n|upkeep\n|turn|47\n|\n|t:|1700895269\n|move|p2a: Sparks|Volt Switch|p1a: Scizor\n|-damage|p1a: Scizor|3\/100\n|\n|t:|1700895272\n|switch|p2a: Poison|Toxapex, F|66\/100|[from] Volt Switch\n|move|p1a: Scizor|Roost|p1a: Scizor\n|-heal|p1a: Scizor|53\/100\n|-singleturn|p1a: Scizor|move: Roost\n|\n|-heal|p2a: Poison|72\/100|[from] item: Black Sludge\n|upkeep\n|turn|48\n|\n|t:|1700895281\n|move|p1a: Scizor|Roost|p1a: Scizor\n|-heal|p1a: Scizor|100\/100\n|-singleturn|p1a: Scizor|move: Roost\n|move|p2a: Poison|Scald|p1a: Scizor\n|-damage|p1a: Scizor|82\/100\n|-status|p1a: Scizor|brn\n|\n|-heal|p2a: Poison|78\/100|[from] item: Black Sludge\n|-damage|p1a: Scizor|76\/100 brn|[from] brn\n|upkeep\n|turn|49\n|c|\u2606bu wei chen chen|gg\n|\n|t:|1700895293\n|move|p1a: Scizor|Swords Dance|p1a: Scizor\n|-boost|p1a: Scizor|atk|2\n|move|p2a: Poison|Scald|p1a: Scizor\n|-damage|p1a: Scizor|56\/100 brn\n|\n|-heal|p2a: Poison|85\/100|[from] item: Black Sludge\n|-damage|p1a: Scizor|50\/100 brn|[from] brn\n|upkeep\n|turn|50\n|\n|t:|1700895304\n|move|p1a: Scizor|U-turn|p2a: Poison\n|-resisted|p2a: Poison\n|-damage|p2a: Poison|71\/100\n|\n|t:|1700895307\n|switch|p1a: Rotom|Rotom-Wash|65\/100|[from] U-turn\n|-damage|p1a: Rotom|52\/100|[from] Stealth Rock\n|move|p2a: Poison|Haze|p2a: Poison\n|-clearallboost\n|\n|-heal|p1a: Rotom|58\/100|[from] item: Leftovers\n|-heal|p2a: Poison|77\/100|[from] item: Black Sludge\n|upkeep\n|turn|51\n|\n|t:|1700895318\n|move|p1a: Rotom|Volt Switch|p2a: Poison\n|-supereffective|p2a: Poison\n|-damage|p2a: Poison|35\/100\n|\n|t:|1700895322\n|switch|p1a: Scizor|Scizor-Mega, M|50\/100 brn|[from] Volt Switch\n|-damage|p1a: Scizor|38\/100 brn|[from] Stealth Rock\n|move|p2a: Poison|Scald|p1a: Scizor\n|-damage|p1a: Scizor|19\/100 brn\n|\n|-heal|p2a: Poison|41\/100|[from] item: Black Sludge\n|-damage|p1a: Scizor|12\/100 brn|[from] brn\n|upkeep\n|turn|52\n|\n|t:|1700895332\n|move|p1a: Scizor|Roost|p1a: Scizor\n|-heal|p1a: Scizor|63\/100 brn\n|-singleturn|p1a: Scizor|move: Roost\n|move|p2a: Poison|Haze|p2a: Poison\n|-clearallboost\n|\n|-heal|p2a: Poison|48\/100|[from] item: Black Sludge\n|-damage|p1a: Scizor|56\/100 brn|[from] brn\n|upkeep\n|turn|53\n|\n|t:|1700895340\n|move|p1a: Scizor|U-turn|p2a: Poison\n|-resisted|p2a: Poison\n|-damage|p2a: Poison|41\/100\n|\n|t:|1700895344\n|switch|p1a: Rotom|Rotom-Wash|58\/100|[from] U-turn\n|-damage|p1a: Rotom|46\/100|[from] Stealth Rock\n|move|p2a: Poison|Toxic Spikes|p1a: Rotom\n|-sidestart|p1: bu wei chen chen|move: Toxic Spikes\n|\n|-heal|p1a: Rotom|52\/100|[from] item: Leftovers\n|-heal|p2a: Poison|47\/100|[from] item: Black Sludge\n|upkeep\n|turn|54\n|\n|t:|1700895353\n|move|p2a: Poison|Baneful Bunker|p2a: Poison\n|-singleturn|p2a: Poison|move: Protect\n|move|p1a: Rotom|Volt Switch|p2a: Poison\n|-activate|p2a: Poison|move: Protect\n|\n|-heal|p1a: Rotom|58\/100|[from] item: Leftovers\n|-heal|p2a: Poison|53\/100|[from] item: Black Sludge\n|upkeep\n|turn|55\n|\n|t:|1700895362\n|switch|p2a: Sparks|Zapdos|82\/100 brn\n|move|p1a: Rotom|Volt Switch|p2a: Sparks\n|-damage|p2a: Sparks|58\/100 brn\n|\n|t:|1700895365\n|switch|p1a: Scizor|Scizor-Mega, M|56\/100 brn|[from] Volt Switch\n|-damage|p1a: Scizor|44\/100 brn|[from] Stealth Rock\n|\n|-damage|p2a: Sparks|52\/100 brn|[from] brn\n|-damage|p1a: Scizor|38\/100 brn|[from] brn\n|upkeep\n|turn|56\n|\n|t:|1700895378\n|move|p2a: Sparks|Roost|p2a: Sparks\n|-heal|p2a: Sparks|100\/100 brn\n|-singleturn|p2a: Sparks|move: Roost\n|move|p1a: Scizor|Roost|p1a: Scizor\n|-heal|p1a: Scizor|88\/100 brn\n|-singleturn|p1a: Scizor|move: Roost\n|\n|-damage|p2a: Sparks|94\/100 brn|[from] brn\n|-damage|p1a: Scizor|82\/100 brn|[from] brn\n|upkeep\n|turn|57\n|\n|t:|1700895386\n|move|p2a: Sparks|Thunderbolt|p1a: Scizor\n|-damage|p1a: Scizor|25\/100 brn\n|move|p1a: Scizor|Roost|p1a: Scizor\n|-heal|p1a: Scizor|75\/100 brn\n|-singleturn|p1a: Scizor|move: Roost\n|\n|-damage|p2a: Sparks|88\/100 brn|[from] brn\n|-damage|p1a: Scizor|69\/100 brn|[from] brn\n|upkeep\n|turn|58\n|\n|t:|1700895396\n|move|p2a: Sparks|Thunderbolt|p1a: Scizor\n|-damage|p1a: Scizor|15\/100 brn\n|move|p1a: Scizor|Swords Dance|p1a: Scizor\n|-boost|p1a: Scizor|atk|2\n|\n|-damage|p2a: Sparks|82\/100 brn|[from] brn\n|-damage|p1a: Scizor|9\/100 brn|[from] brn\n|upkeep\n|turn|59\n|\n|t:|1700895405\n|move|p1a: Scizor|Bullet Punch|p2a: Sparks\n|-resisted|p2a: Sparks\n|-damage|p2a: Sparks|64\/100 brn\n|move|p2a: Sparks|Thunderbolt|p1a: Scizor\n|-damage|p1a: Scizor|0 fnt\n|faint|p1a: Scizor\n|\n|-damage|p2a: Sparks|58\/100 brn|[from] brn\n|upkeep\n|\n|t:|1700895407\n|switch|p1a: Rotom|Rotom-Wash|58\/100\n|-damage|p1a: Rotom|46\/100|[from] Stealth Rock\n|turn|60\n|\n|t:|1700895419\n|move|p2a: Sparks|Volt Switch|p1a: Rotom\n|-damage|p1a: Rotom|1\/100\n|c|\u2606bu wei chen chen|goodluck\n|\n|t:|1700895422\n|switch|p2a: Poison|Toxapex, F|86\/100|[from] Volt Switch\n|move|p1a: Rotom|Hydro Pump|p2a: Poison\n|-resisted|p2a: Poison\n|-damage|p2a: Poison|71\/100\n|\n|-heal|p1a: Rotom|7\/100|[from] item: Leftovers\n|-heal|p2a: Poison|77\/100|[from] item: Black Sludge\n|upkeep\n|turn|61\n|\n|t:|1700895431\n|move|p1a: Rotom|Will-O-Wisp|p2a: Poison|[miss]\n|-miss|p1a: Rotom|p2a: Poison\n|move|p2a: Poison|Scald|p1a: Rotom\n|-resisted|p1a: Rotom\n|-damage|p1a: Rotom|0 fnt\n|faint|p1a: Rotom\n|\n|win|Marty1010\n|raw|bu wei chen chen's rating: 1497 &rarr; <strong>1470<\/strong><br \/>(-27 for losing)\n|raw|Marty1010's rating: 1372 &rarr; <strong>1399<\/strong><br \/>(+27 for winning)\n|c|\u2606Marty1010|gg\n","uploadtime":1700895440,"views":13,"p1id":"buweichenchen","p2id":"marty1010","formatid":"gen9nationaldex","rating":1399,"private":0,"password":""}