{"id":"gen9nationaldex-1992246957","p1":"Cashdatrox1236","p2":"HighSchoolHeroine","format":"[Gen 9] National Dex","log":"|j|\u2606Cashdatrox1236\n|j|\u2606HighSchoolHeroine\n|t:|1700167394\n|gametype|singles\n|player|p1|Cashdatrox1236|lucas|1048\n|player|p2|HighSchoolHeroine|magmagruntf|1000\n|teamsize|p1|6\n|teamsize|p2|6\n|gen|9\n|tier|[Gen 9] National Dex\n|rated|\n|rule|HP Percentage Mod: HP is shown in percentages\n|rule|Endless Battle Clause: Forcing endless battles is banned\n|rule|OHKO Clause: OHKO moves are banned\n|rule|Evasion Clause: Evasion abilities, items, and moves are banned\n|rule|Evasion Abilities Clause: Evasion abilities are banned\n|rule|Evasion Items Clause: Evasion items are banned\n|rule|Evasion Moves Clause: Evasion moves are banned\n|rule|Species Clause: Limit one of each Pok\u00e9mon\n|rule|Sleep Clause Mod: Limit one foe put to sleep\n|clearpoke\n|poke|p1|Gliscor, M|\n|poke|p1|Samurott-Hisui, M|\n|poke|p1|Xurkitree|\n|poke|p1|Scizor, F|\n|poke|p1|Blaziken, F|\n|poke|p1|Serperior, M|\n|poke|p2|Blacephalon|\n|poke|p2|Tapu Lele|\n|poke|p2|Ribombee, M|\n|poke|p2|Great Tusk|\n|poke|p2|Beedrill, M|\n|poke|p2|Porygon-Z|\n|teampreview\n|\n|t:|1700167407\n|start\n|switch|p1a: Samurott|Samurott-Hisui, M|100\/100\n|switch|p2a: i love ribee!!!|Ribombee, M, shiny|100\/100\n|turn|1\n|\n|t:|1700167426\n|-terastallize|p1a: Samurott|Water\n|move|p2a: i love ribee!!!|Pollen Puff|p1a: Samurott\n|-damage|p1a: Samurott|43\/100\n|move|p1a: Samurott|Air Slash|p2a: i love ribee!!!\n|-supereffective|p2a: i love ribee!!!\n|-enditem|p2a: i love ribee!!!|Focus Sash\n|-damage|p2a: i love ribee!!!|1\/100\n|\n|upkeep\n|turn|2\n|\n|t:|1700167442\n|switch|p1a: Scizor|Scizor, F|100\/100\n|move|p2a: i love ribee!!!|Sticky Web|p1a: Scizor\n|-sidestart|p1: Cashdatrox1236|move: Sticky Web\n|\n|upkeep\n|turn|3\n|\n|t:|1700167462\n|switch|p2a: big man|Great Tusk|100\/100\n|detailschange|p1a: Scizor|Scizor-Mega, F\n|-mega|p1a: Scizor|Scizor|Scizorite\n|move|p1a: Scizor|Bullet Punch|p2a: big man\n|-damage|p2a: big man|76\/100\n|\n|upkeep\n|turn|4\n|\n|t:|1700167482\n|move|p2a: big man|Headlong Rush|p1a: Scizor\n|-damage|p1a: Scizor|52\/100\n|-unboost|p2a: big man|def|1\n|-unboost|p2a: big man|spd|1\n|move|p1a: Scizor|Aerial Ace|p2a: big man\n|-supereffective|p2a: big man\n|-damage|p2a: big man|0 fnt\n|faint|p2a: big man\n|-end|p2a: big man|Protosynthesis|[silent]\n|\n|upkeep\n|\n|t:|1700167490\n|switch|p2a: bozo|Blacephalon, shiny|100\/100\n|turn|5\n|\n|t:|1700167503\n|switch|p1a: Gliscor|Gliscor, M|100\/100\n|move|p2a: bozo|Flamethrower|p1a: Gliscor\n|-damage|p1a: Gliscor|21\/100\n|\n|-status|p1a: Gliscor|tox|[from] item: Toxic Orb\n|upkeep\n|turn|6\n|\n|t:|1700167520\n|move|p2a: bozo|Flamethrower|p1a: Gliscor\n|-damage|p1a: Gliscor|0 fnt\n|faint|p1a: Gliscor\n|-ability|p2a: bozo|Beast Boost|boost\n|-boost|p2a: bozo|spa|1\n|\n|upkeep\n|\n|t:|1700167527\n|switch|p1a: Samurott|Samurott-Hisui, M, tera:Water|43\/100\n|-activate|p1a: Samurott|move: Sticky Web\n|-unboost|p1a: Samurott|spe|1\n|turn|7\n|\n|t:|1700167533\n|move|p2a: bozo|Flamethrower|p1a: Samurott\n|-resisted|p1a: Samurott\n|-damage|p1a: Samurott|0 fnt\n|faint|p1a: Samurott\n|-ability|p2a: bozo|Beast Boost|boost\n|-boost|p2a: bozo|spa|1\n|\n|upkeep\n|\n|t:|1700167542\n|switch|p1a: Xurkitree|Xurkitree|100\/100\n|-activate|p1a: Xurkitree|move: Sticky Web\n|-unboost|p1a: Xurkitree|spe|1\n|turn|8\n|\n|t:|1700167552\n|move|p2a: bozo|Flamethrower|p1a: Xurkitree\n|-damage|p1a: Xurkitree|10\/100\n|move|p1a: Xurkitree|Dazzling Gleam|p2a: bozo\n|-resisted|p2a: bozo\n|-damage|p2a: bozo|69\/100\n|\n|upkeep\n|turn|9\n|inactive|Battle timer is ON: inactive players will automatically lose when time's up. (requested by Cashdatrox1236)\n|\n|t:|1700167580\n|move|p2a: bozo|Flamethrower|p1a: Xurkitree\n|-damage|p1a: Xurkitree|0 fnt\n|faint|p1a: Xurkitree\n|-ability|p2a: bozo|Beast Boost|boost\n|-boost|p2a: bozo|spa|1\n|\n|upkeep\n|-message|Cashdatrox1236 forfeited.\n|\n|win|HighSchoolHeroine\n|raw|Cashdatrox1236's rating: 1048 &rarr; <strong>1028<\/strong><br \/>(-20 for losing)\n|raw|HighSchoolHeroine's rating: 1000 &rarr; <strong>1045<\/strong><br \/>(+45 for winning)\n|l|\u2606Cashdatrox1236\n|c|\u2606HighSchoolHeroine|gg\n","uploadtime":1700167600,"views":5,"p1id":"cashdatrox1236","p2id":"highschoolheroine","formatid":"gen9nationaldex","rating":1028,"private":0,"password":""}