{"id":"gen9nationaldex-1992749416","p1":"FMRMPL","p2":"RandoTestAccount","format":"[Gen 9] National Dex","log":"|j|\u2606FMRMPL\n|j|\u2606RandoTestAccount\n|t:|1700231942\n|gametype|singles\n|player|p1|FMRMPL|266|1383\n|player|p2|RandoTestAccount|pokemonrangerf|1339\n|teamsize|p1|6\n|teamsize|p2|6\n|gen|9\n|tier|[Gen 9] National Dex\n|rated|\n|rule|HP Percentage Mod: HP is shown in percentages\n|rule|Endless Battle Clause: Forcing endless battles is banned\n|rule|OHKO Clause: OHKO moves are banned\n|rule|Evasion Clause: Evasion abilities, items, and moves are banned\n|rule|Evasion Abilities Clause: Evasion abilities are banned\n|rule|Evasion Items Clause: Evasion items are banned\n|rule|Evasion Moves Clause: Evasion moves are banned\n|rule|Species Clause: Limit one of each Pok\u00e9mon\n|rule|Sleep Clause Mod: Limit one foe put to sleep\n|clearpoke\n|poke|p1|Blissey, F|\n|poke|p1|Garganacl, M|\n|poke|p1|Clefable, M|\n|poke|p1|Venusaur, M|\n|poke|p1|Ferrothorn, M|\n|poke|p1|Toxapex, M|\n|poke|p2|Umbreon, F|\n|poke|p2|Excadrill, F|\n|poke|p2|Corviknight, F|\n|poke|p2|Sableye, F|\n|poke|p2|Tapu Fini|\n|poke|p2|Dragalge, F|\n|teampreview\n|inactive|Battle timer is ON: inactive players will automatically lose when time's up. (requested by RandoTestAccount)\n|\n|t:|1700231958\n|start\n|switch|p1a: Ferrothorn|Ferrothorn, M|100\/100\n|switch|p2a: Spectre of Emerald|Sableye, F, shiny|100\/100\n|turn|1\n|\n|t:|1700231967\n|switch|p1a: Garganacl|Garganacl, M|100\/100\n|detailschange|p2a: Spectre of Emerald|Sableye-Mega, F, shiny\n|-mega|p2a: Spectre of Emerald|Sableye|Sablenite\n|move|p2a: Spectre of Emerald|Will-O-Wisp|p1a: Garganacl\n|-immune|p1a: Garganacl|[from] ability: Purifying Salt\n|\n|upkeep\n|turn|2\n|\n|t:|1700231980\n|switch|p2a: Nika Reanukko|Umbreon, F, shiny|100\/100\n|move|p1a: Garganacl|Substitute|p1a: Garganacl\n|-start|p1a: Garganacl|Substitute\n|-damage|p1a: Garganacl|76\/100\n|\n|-heal|p1a: Garganacl|82\/100|[from] item: Leftovers\n|upkeep\n|turn|3\n|\n|t:|1700231990\n|move|p2a: Nika Reanukko|Payback|p1a: Garganacl\n|-activate|p1a: Garganacl|move: Substitute|[damage]\n|move|p1a: Garganacl|Salt Cure|p2a: Nika Reanukko\n|-damage|p2a: Nika Reanukko|90\/100\n|-start|p2a: Nika Reanukko|Salt Cure\n|\n|-heal|p2a: Nika Reanukko|96\/100|[from] item: Leftovers\n|-heal|p1a: Garganacl|88\/100|[from] item: Leftovers\n|-damage|p2a: Nika Reanukko|84\/100|[from] Salt Cure\n|upkeep\n|turn|4\n|\n|t:|1700232002\n|switch|p2a: The Droplet Tear|Tapu Fini, shiny|100\/100\n|-fieldstart|move: Misty Terrain|[from] ability: Misty Surge|[of] p2a: The Droplet Tear\n|move|p1a: Garganacl|Salt Cure|p2a: The Droplet Tear\n|-damage|p2a: The Droplet Tear|90\/100\n|-start|p2a: The Droplet Tear|Salt Cure\n|\n|-heal|p2a: The Droplet Tear|96\/100|[from] item: Leftovers\n|-heal|p1a: Garganacl|94\/100|[from] item: Leftovers\n|-damage|p2a: The Droplet Tear|71\/100|[from] Salt Cure\n|upkeep\n|turn|5\n|\n|t:|1700232013\n|switch|p2a: Nika Reanukko|Umbreon, F, shiny|84\/100\n|move|p1a: Garganacl|Protect||[still]\n|-fail|p1a: Garganacl\n|\n|-heal|p2a: Nika Reanukko|90\/100|[from] item: Leftovers\n|-heal|p1a: Garganacl|99\/100|[from] item: Leftovers\n|upkeep\n|turn|6\n|\n|t:|1700232018\n|move|p2a: Nika Reanukko|Wish|p2a: Nika Reanukko\n|move|p1a: Garganacl|Salt Cure|p2a: Nika Reanukko\n|-damage|p2a: Nika Reanukko|80\/100\n|-start|p2a: Nika Reanukko|Salt Cure\n|\n|-heal|p2a: Nika Reanukko|86\/100|[from] item: Leftovers\n|-heal|p1a: Garganacl|100\/100|[from] item: Leftovers\n|-damage|p2a: Nika Reanukko|74\/100|[from] Salt Cure\n|upkeep\n|turn|7\n|\n|t:|1700232029\n|switch|p2a: The Droplet Tear|Tapu Fini, shiny|71\/100\n|move|p1a: Garganacl|Salt Cure|p2a: The Droplet Tear\n|-damage|p2a: The Droplet Tear|60\/100\n|-start|p2a: The Droplet Tear|Salt Cure\n|\n|-heal|p2a: The Droplet Tear|100\/100|[from] move: Wish|[wisher] Nika Reanukko\n|-damage|p2a: The Droplet Tear|76\/100|[from] Salt Cure\n|upkeep\n|turn|8\n|\n|t:|1700232040\n|switch|p2a: Nika Reanukko|Umbreon, F, shiny|74\/100\n|move|p1a: Garganacl|Salt Cure|p2a: Nika Reanukko\n|-damage|p2a: Nika Reanukko|62\/100\n|-start|p2a: Nika Reanukko|Salt Cure\n|\n|-heal|p2a: Nika Reanukko|68\/100|[from] item: Leftovers\n|-damage|p2a: Nika Reanukko|56\/100|[from] Salt Cure\n|-fieldend|Misty Terrain\n|upkeep\n|turn|9\n|\n|t:|1700232058\n|move|p2a: Nika Reanukko|Wish|p2a: Nika Reanukko\n|move|p1a: Garganacl|Salt Cure|p2a: Nika Reanukko\n|-damage|p2a: Nika Reanukko|45\/100\n|\n|-heal|p2a: Nika Reanukko|52\/100|[from] item: Leftovers\n|-damage|p2a: Nika Reanukko|39\/100|[from] Salt Cure\n|upkeep\n|turn|10\n|\n|t:|1700232066\n|move|p2a: Nika Reanukko|Payback|p1a: Garganacl\n|-crit|p1a: Garganacl\n|-activate|p1a: Garganacl|move: Substitute|[damage]\n|move|p1a: Garganacl|Salt Cure|p2a: Nika Reanukko\n|-damage|p2a: Nika Reanukko|27\/100\n|\n|-heal|p2a: Nika Reanukko|77\/100|[from] move: Wish|[wisher] Nika Reanukko\n|-heal|p2a: Nika Reanukko|83\/100|[from] item: Leftovers\n|-damage|p2a: Nika Reanukko|71\/100|[from] Salt Cure\n|upkeep\n|turn|11\n|\n|t:|1700232092\n|switch|p2a: The Droplet Tear|Tapu Fini, shiny|76\/100\n|-fieldstart|move: Misty Terrain|[from] ability: Misty Surge|[of] p2a: The Droplet Tear\n|switch|p1a: Ferrothorn|Ferrothorn, M|100\/100\n|\n|-heal|p2a: The Droplet Tear|82\/100|[from] item: Leftovers\n|upkeep\n|turn|12\n|\n|t:|1700232100\n|switch|p2a: Spectre of Emerald|Sableye-Mega, F, shiny|100\/100\n|move|p1a: Ferrothorn|Protect||[still]\n|-fail|p1a: Ferrothorn\n|\n|upkeep\n|turn|13\n|\n|t:|1700232117\n|switch|p1a: Venusaur|Venusaur, M|100\/100\n|switch|p2a: Agony Steelheart|Dragalge, F, shiny|100\/100\n|\n|upkeep\n|turn|14\n|\n|t:|1700232123\n|detailschange|p1a: Venusaur|Venusaur-Mega, M\n|-mega|p1a: Venusaur|Venusaur|Venusaurite\n|move|p1a: Venusaur|Earth Power|p2a: Agony Steelheart\n|-supereffective|p2a: Agony Steelheart\n|-damage|p2a: Agony Steelheart|62\/100\n|move|p2a: Agony Steelheart|Acid Spray|p1a: Venusaur\n|-damage|p1a: Venusaur|86\/100\n|-unboost|p1a: Venusaur|spd|2\n|\n|-heal|p2a: Agony Steelheart|68\/100|[from] item: Black Sludge\n|upkeep\n|turn|15\n|\n|t:|1700232136\n|switch|p1a: Ferrothorn|Ferrothorn, M|100\/100\n|move|p2a: Agony Steelheart|Acid Spray|p1a: Ferrothorn\n|-immune|p1a: Ferrothorn\n|\n|-heal|p2a: Agony Steelheart|74\/100|[from] item: Black Sludge\n|-fieldend|Misty Terrain\n|upkeep\n|turn|16\n|\n|t:|1700232139\n|move|p2a: Agony Steelheart|Hidden Power|p1a: Ferrothorn\n|-supereffective|p1a: Ferrothorn\n|-damage|p1a: Ferrothorn|57\/100\n|move|p1a: Ferrothorn|Stealth Rock|p2a: Agony Steelheart\n|-sidestart|p2: RandoTestAccount|move: Stealth Rock\n|\n|-heal|p2a: Agony Steelheart|80\/100|[from] item: Black Sludge\n|-heal|p1a: Ferrothorn|64\/100|[from] item: Leftovers\n|upkeep\n|turn|17\n|inactive|RandoTestAccount has 120 seconds left.\n|\n|t:|1700232186\n|move|p1a: Ferrothorn|Protect|p1a: Ferrothorn\n|-singleturn|p1a: Ferrothorn|Protect\n|move|p2a: Agony Steelheart|Hidden Power|p1a: Ferrothorn\n|-activate|p1a: Ferrothorn|move: Protect\n|\n|-heal|p2a: Agony Steelheart|86\/100|[from] item: Black Sludge\n|-heal|p1a: Ferrothorn|70\/100|[from] item: Leftovers\n|upkeep\n|turn|18\n|\n|t:|1700232195\n|move|p2a: Agony Steelheart|Hidden Power|p1a: Ferrothorn\n|-supereffective|p1a: Ferrothorn\n|-damage|p1a: Ferrothorn|22\/100\n|move|p1a: Ferrothorn|Leech Seed|p2a: Agony Steelheart\n|-start|p2a: Agony Steelheart|move: Leech Seed\n|\n|-heal|p2a: Agony Steelheart|92\/100|[from] item: Black Sludge\n|-heal|p1a: Ferrothorn|28\/100|[from] item: Leftovers\n|-damage|p2a: Agony Steelheart|79\/100|[from] Leech Seed|[of] p1a: Ferrothorn\n|-heal|p1a: Ferrothorn|40\/100|[silent]\n|upkeep\n|turn|19\n|inactive|RandoTestAccount has 120 seconds left.\n|\n|t:|1700232206\n|switch|p2a: Ephialtes Keeper|Corviknight, F, shiny|100\/100\n|-damage|p2a: Ephialtes Keeper|88\/100|[from] Stealth Rock\n|-ability|p2a: Ephialtes Keeper|Pressure\n|move|p1a: Ferrothorn|Protect||[still]\n|-fail|p1a: Ferrothorn\n|\n|-heal|p1a: Ferrothorn|46\/100|[from] item: Leftovers\n|upkeep\n|turn|20\n|\n|t:|1700232215\n|move|p1a: Ferrothorn|Protect|p1a: Ferrothorn\n|-singleturn|p1a: Ferrothorn|Protect\n|move|p2a: Ephialtes Keeper|Defog|p1a: Ferrothorn\n|-activate|p1a: Ferrothorn|move: Protect\n|\n|-heal|p1a: Ferrothorn|52\/100|[from] item: Leftovers\n|upkeep\n|turn|21\n|\n|t:|1700232224\n|move|p2a: Ephialtes Keeper|Defog|p1a: Ferrothorn\n|-unboost|p1a: Ferrothorn|evasion|1\n|-sideend|p2: RandoTestAccount|Stealth Rock|[from] move: Defog|[of] p2a: Ephialtes Keeper\n|move|p1a: Ferrothorn|Leech Seed|p2a: Ephialtes Keeper\n|-start|p2a: Ephialtes Keeper|move: Leech Seed\n|\n|-heal|p1a: Ferrothorn|59\/100|[from] item: Leftovers\n|-damage|p2a: Ephialtes Keeper|76\/100|[from] Leech Seed|[of] p1a: Ferrothorn\n|-heal|p1a: Ferrothorn|71\/100|[silent]\n|upkeep\n|turn|22\n|\n|t:|1700232238\n|switch|p2a: Spectre of Emerald|Sableye-Mega, F, shiny|100\/100\n|move|p1a: Ferrothorn|Stealth Rock|p2a: Spectre of Emerald\n|move|p2a: Spectre of Emerald|Stealth Rock|p1a: Ferrothorn|[from]ability: Magic Bounce\n|-sidestart|p1: FMRMPL|move: Stealth Rock\n|\n|-heal|p1a: Ferrothorn|77\/100|[from] item: Leftovers\n|upkeep\n|turn|23\n|\n|t:|1700232248\n|switch|p1a: Venusaur|Venusaur-Mega, M|86\/100\n|-damage|p1a: Venusaur|73\/100|[from] Stealth Rock\n|move|p2a: Spectre of Emerald|Dark Pulse|p1a: Venusaur\n|-damage|p1a: Venusaur|53\/100\n|\n|upkeep\n|turn|24\n|\n|t:|1700232251\n|move|p1a: Venusaur|Giga Drain|p2a: Spectre of Emerald\n|-damage|p2a: Spectre of Emerald|61\/100\n|-heal|p1a: Venusaur|70\/100|[from] drain|[of] p2a: Spectre of Emerald\n|move|p2a: Spectre of Emerald|Will-O-Wisp|p1a: Venusaur\n|-status|p1a: Venusaur|brn\n|\n|-damage|p1a: Venusaur|64\/100 brn|[from] brn\n|upkeep\n|turn|25\n|\n|t:|1700232256\n|switch|p2a: Agony Steelheart|Dragalge, F, shiny|79\/100\n|move|p1a: Venusaur|Giga Drain|p2a: Agony Steelheart\n|-resisted|p2a: Agony Steelheart\n|-damage|p2a: Agony Steelheart|73\/100\n|-heal|p1a: Venusaur|67\/100 brn|[from] drain|[of] p2a: Agony Steelheart\n|\n|-heal|p2a: Agony Steelheart|79\/100|[from] item: Black Sludge\n|-damage|p1a: Venusaur|61\/100 brn|[from] brn\n|upkeep\n|turn|26\n|\n|t:|1700232272\n|move|p1a: Venusaur|Earth Power|p2a: Agony Steelheart\n|-supereffective|p2a: Agony Steelheart\n|-damage|p2a: Agony Steelheart|35\/100\n|move|p2a: Agony Steelheart|Acid Spray|p1a: Venusaur\n|-damage|p1a: Venusaur|45\/100 brn\n|-unboost|p1a: Venusaur|spd|2\n|\n|-heal|p2a: Agony Steelheart|41\/100|[from] item: Black Sludge\n|-damage|p1a: Venusaur|39\/100 brn|[from] brn\n|upkeep\n|turn|27\n|\n|t:|1700232286\n|switch|p1a: Blisse|Blissey, F|100\/100\n|-damage|p1a: Blisse|88\/100|[from] Stealth Rock\n|switch|p2a: Ephialtes Keeper|Corviknight, F, shiny|76\/100\n|-ability|p2a: Ephialtes Keeper|Pressure\n|\n|-heal|p1a: Blisse|94\/100|[from] item: Leftovers\n|upkeep\n|turn|28\n|\n|t:|1700232300\n|switch|p2a: Spectre of Emerald|Sableye-Mega, F, shiny|61\/100\n|-terastallize|p1a: Blisse|Ghost\n|move|p1a: Blisse|Wish|p1a: Blisse\n|\n|-heal|p1a: Blisse|99\/100|[from] item: Leftovers\n|upkeep\n|turn|29\n|\n|t:|1700232322\n|switch|p2a: Nika Reanukko|Umbreon, F, shiny|71\/100\n|move|p1a: Blisse|Shadow Ball|p2a: Nika Reanukko\n|-resisted|p2a: Nika Reanukko\n|-damage|p2a: Nika Reanukko|65\/100\n|\n|-heal|p1a: Blisse|100\/100|[from] move: Wish|[wisher] Blisse\n|-heal|p2a: Nika Reanukko|71\/100|[from] item: Leftovers\n|upkeep\n|turn|30\n|\n|t:|1700232340\n|switch|p1a: Clefable|Clefable, M|100\/100\n|move|p2a: Nika Reanukko|Wish|p2a: Nika Reanukko\n|\n|-heal|p2a: Nika Reanukko|77\/100|[from] item: Leftovers\n|-status|p1a: Clefable|brn|[from] item: Flame Orb\n|upkeep\n|turn|31\n|\n|t:|1700232345\n|switch|p2a: Agony Steelheart|Dragalge, F, shiny|41\/100\n|move|p1a: Clefable|Trick|p2a: Agony Steelheart\n|-activate|p1a: Clefable|move: Trick|[of] p2a: Agony Steelheart\n|-item|p2a: Agony Steelheart|Flame Orb|[from] move: Trick\n|-item|p1a: Clefable|Black Sludge|[from] move: Trick\n|\n|-heal|p2a: Agony Steelheart|99\/100|[from] move: Wish|[wisher] Nika Reanukko\n|-status|p2a: Agony Steelheart|brn|[from] item: Flame Orb\n|upkeep\n|turn|32\n|\n|t:|1700232360\n|switch|p1a: Toxapex|Toxapex, M|100\/100\n|-damage|p1a: Toxapex|88\/100|[from] Stealth Rock\n|move|p2a: Agony Steelheart|Acid Spray|p1a: Toxapex\n|-resisted|p1a: Toxapex\n|-damage|p1a: Toxapex|81\/100\n|-unboost|p1a: Toxapex|spd|2\n|\n|-heal|p1a: Toxapex|87\/100|[from] item: Leftovers\n|-damage|p2a: Agony Steelheart|94\/100 brn|[from] brn\n|upkeep\n|turn|33\n|\n|t:|1700232367\n|switch|p2a: Spectre of Emerald|Sableye-Mega, F, shiny|61\/100\n|move|p1a: Toxapex|Baneful Bunker||[still]\n|-fail|p1a: Toxapex\n|\n|-heal|p1a: Toxapex|93\/100|[from] item: Leftovers\n|upkeep\n|turn|34\n|\n|t:|1700232374\n|switch|p2a: The Droplet Tear|Tapu Fini, shiny|82\/100\n|-fieldstart|move: Misty Terrain|[from] ability: Misty Surge|[of] p2a: The Droplet Tear\n|move|p1a: Toxapex|Haze|p1a: Toxapex\n|-clearallboost\n|\n|-heal|p2a: The Droplet Tear|88\/100|[from] item: Leftovers\n|-heal|p1a: Toxapex|99\/100|[from] item: Leftovers\n|upkeep\n|turn|35\n|\n|t:|1700232386\n|switch|p2a: Spectre of Emerald|Sableye-Mega, F, shiny|61\/100\n|move|p1a: Toxapex|Toxic|p2a: Spectre of Emerald\n|move|p2a: Spectre of Emerald|Toxic|p1a: Toxapex|[from]ability: Magic Bounce\n|-immune|p1a: Toxapex\n|\n|-heal|p1a: Toxapex|100\/100|[from] item: Leftovers\n|upkeep\n|turn|36\n|\n|t:|1700232406\n|switch|p2a: Agony Steelheart|Dragalge, F, shiny|94\/100 brn\n|move|p1a: Toxapex|Toxic||[still]\n|-fail|p1a: Toxapex\n|\n|-damage|p2a: Agony Steelheart|88\/100 brn|[from] brn\n|upkeep\n|turn|37\n|\n|t:|1700232412\n|switch|p2a: The Lonesome One|Excadrill, F, shiny|100\/100\n|-ability|p2a: The Lonesome One|Mold Breaker\n|switch|p1a: Blisse|Blissey, F, tera:Ghost|100\/100\n|-damage|p1a: Blisse|88\/100|[from] Stealth Rock\n|\n|-heal|p1a: Blisse|94\/100|[from] item: Leftovers\n|upkeep\n|turn|38\n|\n|t:|1700232416\n|switch|p1a: Ferrothorn|Ferrothorn, M|77\/100\n|-damage|p1a: Ferrothorn|71\/100|[from] Stealth Rock\n|move|p2a: The Lonesome One|Swords Dance|p2a: The Lonesome One\n|-boost|p2a: The Lonesome One|atk|2\n|\n|-heal|p1a: Ferrothorn|77\/100|[from] item: Leftovers\n|-fieldend|Misty Terrain\n|upkeep\n|turn|39\n|\n|t:|1700232426\n|move|p2a: The Lonesome One|Earthquake|p1a: Ferrothorn\n|-damage|p1a: Ferrothorn|5\/100\n|move|p1a: Ferrothorn|Leech Seed|p2a: The Lonesome One\n|-start|p2a: The Lonesome One|move: Leech Seed\n|\n|-heal|p1a: Ferrothorn|11\/100|[from] item: Leftovers\n|-damage|p2a: The Lonesome One|88\/100|[from] Leech Seed|[of] p1a: Ferrothorn\n|-heal|p1a: Ferrothorn|25\/100|[silent]\n|upkeep\n|turn|40\n|\n|t:|1700232433\n|move|p1a: Ferrothorn|Protect|p1a: Ferrothorn\n|-singleturn|p1a: Ferrothorn|Protect\n|move|p2a: The Lonesome One|Swords Dance|p2a: The Lonesome One\n|-boost|p2a: The Lonesome One|atk|2\n|\n|-heal|p2a: The Lonesome One|94\/100|[from] item: Leftovers\n|-heal|p1a: Ferrothorn|32\/100|[from] item: Leftovers\n|-damage|p2a: The Lonesome One|82\/100|[from] Leech Seed|[of] p1a: Ferrothorn\n|-heal|p1a: Ferrothorn|46\/100|[silent]\n|upkeep\n|turn|41\n|\n|t:|1700232445\n|move|p2a: The Lonesome One|Earthquake|p1a: Ferrothorn\n|-damage|p1a: Ferrothorn|0 fnt\n|faint|p1a: Ferrothorn\n|\n|-heal|p2a: The Lonesome One|88\/100|[from] item: Leftovers\n|upkeep\n|-message|FMRMPL forfeited.\n|\n|win|RandoTestAccount\n|raw|FMRMPL's rating: 1383 &rarr; <strong>1361<\/strong><br \/>(-22 for losing)\n|raw|RandoTestAccount's rating: 1355 &rarr; <strong>1377<\/strong><br \/>(+22 for winning)\n|l|\u2606FMRMPL\n","uploadtime":1700232464,"views":5,"p1id":"fmrmpl","p2id":"randotestaccount","formatid":"gen9nationaldex","rating":1361,"private":0,"password":""}