{"id":"gen9nationaldex-1993438963","p1":"PanaMomos","p2":"Sleeping Demons","format":"[Gen 9] National Dex","log":"|j|\u2606PanaMomos\n|j|\u2606Sleeping Demons\n|t:|1700318018\n|gametype|singles\n|player|p1|PanaMomos|alder|1386\n|player|p2|Sleeping Demons|2|1477\n|teamsize|p1|6\n|teamsize|p2|6\n|gen|9\n|tier|[Gen 9] National Dex\n|rated|\n|rule|HP Percentage Mod: HP is shown in percentages\n|rule|Endless Battle Clause: Forcing endless battles is banned\n|rule|OHKO Clause: OHKO moves are banned\n|rule|Evasion Clause: Evasion abilities, items, and moves are banned\n|rule|Evasion Abilities Clause: Evasion abilities are banned\n|rule|Evasion Items Clause: Evasion items are banned\n|rule|Evasion Moves Clause: Evasion moves are banned\n|rule|Species Clause: Limit one of each Pok\u00e9mon\n|rule|Sleep Clause Mod: Limit one foe put to sleep\n|clearpoke\n|poke|p1|Tapu Koko|\n|poke|p1|Iron Valiant|\n|poke|p1|Hawlucha, F|\n|poke|p1|Iron Moth|\n|poke|p1|Landorus-Therian, M|\n|poke|p1|Scizor, M|\n|poke|p2|Weavile, M|\n|poke|p2|Landorus-Therian, M|\n|poke|p2|Zapdos|\n|poke|p2|Volcanion|\n|poke|p2|Ursaluna, F|\n|poke|p2|Kartana|\n|teampreview\n|inactive|Battle timer is ON: inactive players will automatically lose when time's up. (requested by PanaMomos)\n|\n|t:|1700318030\n|start\n|switch|p1a: Tapu Koko|Tapu Koko|100\/100\n|switch|p2a: Ursaluna|Ursaluna, F|100\/100\n|-fieldstart|move: Electric Terrain|[from] ability: Electric Surge|[of] p1a: Tapu Koko\n|turn|1\n|inactive|PanaMomos has 120 seconds left.\n|\n|t:|1700318065\n|move|p1a: Tapu Koko|U-turn|p2a: Ursaluna\n|-damage|p2a: Ursaluna|88\/100\n|inactive|PanaMomos has 120 seconds left.\n|\n|t:|1700318070\n|switch|p1a: Landorus|Landorus-Therian, M|100\/100|[from] U-turn\n|-ability|p1a: Landorus|Intimidate|boost\n|-unboost|p2a: Ursaluna|atk|1\n|move|p2a: Ursaluna|Headlong Rush|p1a: Landorus\n|-immune|p1a: Landorus\n|\n|-status|p2a: Ursaluna|brn|[from] item: Flame Orb\n|upkeep\n|turn|2\n|\n|t:|1700318079\n|switch|p2a: Landorus|Landorus-Therian, M|100\/100\n|-ability|p2a: Landorus|Intimidate|boost\n|-unboost|p1a: Landorus|atk|1\n|move|p1a: Landorus|Stealth Rock|p2a: Landorus\n|-sidestart|p2: Sleeping Demons|move: Stealth Rock\n|\n|upkeep\n|turn|3\n|\n|t:|1700318082\n|move|p1a: Landorus|Hidden Power|p2a: Landorus\n|-supereffective|p2a: Landorus\n|-damage|p2a: Landorus|57\/100\n|move|p2a: Landorus|Defog|p1a: Landorus\n|-unboost|p1a: Landorus|evasion|1\n|-sideend|p2: Sleeping Demons|Stealth Rock|[from] move: Defog|[of] p2a: Landorus\n|-fieldend|move: Electric Terrain\n|\n|-heal|p2a: Landorus|63\/100|[from] item: Leftovers\n|upkeep\n|turn|4\n|\n|t:|1700318091\n|switch|p2a: Weavile|Weavile, M|100\/100\n|-ability|p2a: Weavile|Pressure\n|move|p1a: Landorus|Stealth Rock|p2a: Weavile\n|-sidestart|p2: Sleeping Demons|move: Stealth Rock\n|\n|upkeep\n|turn|5\n|\n|t:|1700318097\n|move|p2a: Weavile|Triple Axel|p1a: Landorus\n|-supereffective|p1a: Landorus\n|-damage|p1a: Landorus|46\/100\n|-supereffective|p1a: Landorus\n|-damage|p1a: Landorus|0 fnt\n|faint|p1a: Landorus\n|-hitcount|p1: Landorus|2\n|\n|upkeep\n|\n|t:|1700318103\n|switch|p1a: Tapu Koko|Tapu Koko|100\/100\n|-fieldstart|move: Electric Terrain|[from] ability: Electric Surge|[of] p1a: Tapu Koko\n|turn|6\n|\n|t:|1700318113\n|-terastallize|p2a: Weavile|Dark\n|move|p1a: Tapu Koko|Dazzling Gleam|p2a: Weavile\n|-supereffective|p2a: Weavile\n|-damage|p2a: Weavile|13\/100\n|move|p2a: Weavile|Triple Axel|p1a: Tapu Koko\n|-damage|p1a: Tapu Koko|78\/100\n|-crit|p1a: Tapu Koko\n|-damage|p1a: Tapu Koko|13\/100\n|-damage|p1a: Tapu Koko|0 fnt\n|faint|p1a: Tapu Koko\n|-hitcount|p1: Tapu Koko|3\n|\n|upkeep\n|\n|t:|1700318120\n|switch|p1a: Scizor|Scizor, M|100\/100\n|turn|7\n|\n|t:|1700318125\n|detailschange|p1a: Scizor|Scizor-Mega, M\n|-mega|p1a: Scizor|Scizor|Scizorite\n|move|p2a: Weavile|Triple Axel|p1a: Scizor\n|-resisted|p1a: Scizor\n|-damage|p1a: Scizor|94\/100\n|-resisted|p1a: Scizor\n|-damage|p1a: Scizor|81\/100\n|-resisted|p1a: Scizor\n|-damage|p1a: Scizor|62\/100\n|-hitcount|p1a: Scizor|3\n|move|p1a: Scizor|Trailblaze|p2a: Weavile\n|-crit|p2a: Weavile\n|-damage|p2a: Weavile|0 fnt\n|-boost|p1a: Scizor|spe|1\n|faint|p2a: Weavile\n|\n|upkeep\n|\n|t:|1700318131\n|switch|p2a: Landorus|Landorus-Therian, M|63\/100\n|-damage|p2a: Landorus|51\/100|[from] Stealth Rock\n|-ability|p2a: Landorus|Intimidate|boost\n|-unboost|p1a: Scizor|atk|1\n|turn|8\n|\n|t:|1700318135\n|move|p1a: Scizor|Swords Dance|p1a: Scizor\n|-boost|p1a: Scizor|atk|2\n|move|p2a: Landorus|Defog|p1a: Scizor\n|-unboost|p1a: Scizor|evasion|1\n|-sideend|p2: Sleeping Demons|Stealth Rock|[from] move: Defog|[of] p2a: Landorus\n|-fieldend|move: Electric Terrain\n|\n|-heal|p2a: Landorus|57\/100|[from] item: Leftovers\n|upkeep\n|turn|9\n|\n|t:|1700318139\n|move|p1a: Scizor|Swords Dance|p1a: Scizor\n|-boost|p1a: Scizor|atk|2\n|move|p2a: Landorus|Earthquake|p1a: Scizor\n|-damage|p1a: Scizor|19\/100\n|\n|-heal|p2a: Landorus|63\/100|[from] item: Leftovers\n|upkeep\n|turn|10\n|\n|t:|1700318146\n|move|p1a: Scizor|Trailblaze|p2a: Landorus\n|-damage|p2a: Landorus|0 fnt\n|-boost|p1a: Scizor|spe|1\n|faint|p2a: Landorus\n|\n|upkeep\n|\n|t:|1700318150\n|switch|p2a: Zapdos|Zapdos|100\/100\n|turn|11\n|\n|t:|1700318153\n|move|p1a: Scizor|Bullet Punch|p2a: Zapdos\n|-resisted|p2a: Zapdos\n|-crit|p2a: Zapdos\n|-damage|p2a: Zapdos|45\/100\n|move|p2a: Zapdos|Discharge|p1a: Scizor\n|-damage|p1a: Scizor|0 fnt\n|faint|p1a: Scizor\n|\n|upkeep\n|\n|t:|1700318161\n|switch|p1a: Iron Moth|Iron Moth|100\/100\n|turn|12\n|\n|t:|1700318167\n|move|p1a: Iron Moth|Fiery Dance|p2a: Zapdos\n|-damage|p2a: Zapdos|8\/100\n|-boost|p1a: Iron Moth|spa|1\n|move|p2a: Zapdos|Hurricane|p1a: Iron Moth\n|-damage|p1a: Iron Moth|60\/100\n|-start|p1a: Iron Moth|confusion\n|\n|upkeep\n|turn|13\n|\n|t:|1700318177\n|-activate|p1a: Iron Moth|confusion\n|-damage|p1a: Iron Moth|51\/100|[from] confusion\n|move|p2a: Zapdos|Roost|p2a: Zapdos\n|-heal|p2a: Zapdos|58\/100\n|-singleturn|p2a: Zapdos|move: Roost\n|\n|upkeep\n|turn|14\n|\n|t:|1700318186\n|-activate|p1a: Iron Moth|confusion\n|-damage|p1a: Iron Moth|42\/100|[from] confusion\n|move|p2a: Zapdos|Roost|p2a: Zapdos\n|-heal|p2a: Zapdos|100\/100\n|-singleturn|p2a: Zapdos|move: Roost\n|\n|upkeep\n|turn|15\n|\n|t:|1700318190\n|-activate|p1a: Iron Moth|confusion\n|-damage|p1a: Iron Moth|34\/100|[from] confusion\n|move|p2a: Zapdos|Discharge|p1a: Iron Moth\n|-damage|p1a: Iron Moth|2\/100\n|-status|p1a: Iron Moth|par\n|\n|upkeep\n|turn|16\n|c|\u2606PanaMomos|...\n|\n|t:|1700318199\n|move|p2a: Zapdos|U-turn|p1a: Iron Moth\n|-resisted|p1a: Iron Moth\n|-damage|p1a: Iron Moth|0 fnt\n|faint|p1a: Iron Moth\n|-end|p1a: Iron Moth|Quark Drive|[silent]\n|\n|t:|1700318214\n|switch|p2a: Volcanion|Volcanion|100\/100|[from] U-turn\n|\n|upkeep\n|\n|t:|1700318228\n|switch|p1a: Iron Valiant|Iron Valiant|100\/100\n|turn|17\n|\n|t:|1700318234\n|move|p1a: Iron Valiant|Thunderbolt|p2a: Volcanion\n|-supereffective|p2a: Volcanion\n|-damage|p2a: Volcanion|20\/100\n|-damage|p1a: Iron Valiant|91\/100|[from] item: Life Orb\n|move|p2a: Volcanion|Steam Eruption|p1a: Iron Valiant\n|-damage|p1a: Iron Valiant|6\/100\n|\n|upkeep\n|turn|18\n|\n|t:|1700318243\n|switch|p2a: Ursaluna|Ursaluna, F|88\/100 brn\n|move|p1a: Iron Valiant|Moonblast|p2a: Ursaluna\n|-damage|p2a: Ursaluna|21\/100 brn\n|-damage|p1a: Iron Valiant|0 fnt|[from] item: Life Orb\n|faint|p1a: Iron Valiant\n|-end|p1a: Iron Valiant|Quark Drive|[silent]\n|\n|-damage|p2a: Ursaluna|15\/100 brn|[from] brn\n|upkeep\n|\n|t:|1700318248\n|switch|p1a: Hawlucha|Hawlucha, F|100\/100\n|turn|19\n|\n|t:|1700318253\n|-terastallize|p1a: Hawlucha|Steel\n|move|p1a: Hawlucha|Swords Dance|p1a: Hawlucha\n|-boost|p1a: Hawlucha|atk|2\n|move|p2a: Ursaluna|Facade|p1a: Hawlucha\n|-resisted|p1a: Hawlucha\n|-damage|p1a: Hawlucha|17\/100\n|\n|-damage|p2a: Ursaluna|9\/100 brn|[from] brn\n|upkeep\n|turn|20\n|\n|t:|1700318261\n|move|p1a: Hawlucha|Acrobatics|p2a: Ursaluna\n|-damage|p2a: Ursaluna|0 fnt\n|faint|p2a: Ursaluna\n|\n|upkeep\n|\n|t:|1700318264\n|switch|p2a: Kartana|Kartana|100\/100\n|turn|21\n|\n|t:|1700318266\n|move|p2a: Kartana|Sacred Sword|p1a: Hawlucha\n|-supereffective|p1a: Hawlucha\n|-damage|p1a: Hawlucha|0 fnt\n|faint|p1a: Hawlucha\n|\n|win|Sleeping Demons\n|raw|PanaMomos's rating: 1386 &rarr; <strong>1371<\/strong><br \/>(-15 for losing)\n|raw|Sleeping Demons's rating: 1477 &rarr; <strong>1492<\/strong><br \/>(+15 for winning)\n|l|\u2606PanaMomos\n","uploadtime":1700318275,"views":6,"p1id":"panamomos","p2id":"sleepingdemons","formatid":"gen9nationaldex","rating":1371,"private":0,"password":""}