{"id":"gen9nationaldex-1993651771","p1":"Sonbwad","p2":"sky678932","format":"[Gen 9] National Dex","log":"|j|\u2606Sonbwad\n|j|\u2606sky678932\n|t:|1700341730\n|gametype|singles\n|player|p1|Sonbwad|petrel|1083\n|player|p2|sky678932|101|1005\n|teamsize|p1|6\n|teamsize|p2|2\n|gen|9\n|tier|[Gen 9] National Dex\n|rated|\n|rule|HP Percentage Mod: HP is shown in percentages\n|rule|Endless Battle Clause: Forcing endless battles is banned\n|rule|OHKO Clause: OHKO moves are banned\n|rule|Evasion Clause: Evasion abilities, items, and moves are banned\n|rule|Evasion Abilities Clause: Evasion abilities are banned\n|rule|Evasion Items Clause: Evasion items are banned\n|rule|Evasion Moves Clause: Evasion moves are banned\n|rule|Species Clause: Limit one of each Pok\u00e9mon\n|rule|Sleep Clause Mod: Limit one foe put to sleep\n|clearpoke\n|poke|p1|Tyranitar, M|\n|poke|p1|Scizor, M|\n|poke|p1|Seismitoad, M|\n|poke|p1|Nidoking, M|\n|poke|p1|Aegislash, F|\n|poke|p1|Glimmora, M|\n|poke|p2|Squirtle, F|\n|poke|p2|Rockruff, F|\n|teampreview\n|\n|t:|1700341736\n|start\n|switch|p1a: Tyranitar|Tyranitar, M|100\/100\n|switch|p2a: Tortal|Squirtle, F|100\/100\n|-weather|Sandstorm|[from] ability: Sand Stream|[of] p1a: Tyranitar\n|turn|1\n|\n|t:|1700341746\n|move|p2a: Tortal|Scald|p1a: Tyranitar\n|-supereffective|p1a: Tyranitar\n|-damage|p1a: Tyranitar|73\/100\n|-status|p1a: Tyranitar|brn\n|move|p1a: Tyranitar|Knock Off|p2a: Tortal\n|-damage|p2a: Tortal|66\/100\n|\n|-weather|Sandstorm|[upkeep]\n|-damage|p2a: Tortal|60\/100|[from] Sandstorm\n|-damage|p1a: Tyranitar|67\/100 brn|[from] brn\n|upkeep\n|turn|2\n|\n|t:|1700341758\n|move|p2a: Tortal|Aura Sphere|p1a: Tyranitar\n|-supereffective|p1a: Tyranitar\n|-damage|p1a: Tyranitar|27\/100 brn\n|move|p1a: Tyranitar|Body Slam|p2a: Tortal\n|-damage|p2a: Tortal|29\/100\n|-status|p2a: Tortal|par\n|\n|-weather|Sandstorm|[upkeep]\n|-damage|p2a: Tortal|23\/100 par|[from] Sandstorm\n|-damage|p1a: Tyranitar|21\/100 brn|[from] brn\n|upkeep\n|turn|3\n|\n|t:|1700341768\n|move|p1a: Tyranitar|Body Slam|p2a: Tortal\n|-damage|p2a: Tortal|0 fnt\n|faint|p2a: Tortal\n|\n|-weather|Sandstorm|[upkeep]\n|-damage|p1a: Tyranitar|15\/100 brn|[from] brn\n|upkeep\n|\n|t:|1700341774\n|switch|p2a: Roki (Rocky)|Rockruff, F|100\/100\n|turn|4\n|\n|t:|1700341780\n|move|p2a: Roki (Rocky)|Stomping Tantrum|p1a: Tyranitar\n|-supereffective|p1a: Tyranitar\n|-damage|p1a: Tyranitar|0 fnt\n|faint|p1a: Tyranitar\n|\n|-weather|Sandstorm|[upkeep]\n|upkeep\n|\n|t:|1700341794\n|switch|p1a: Seismitoad|Seismitoad, M|100\/100\n|turn|5\n|\n|t:|1700341802\n|move|p2a: Roki (Rocky)|Crunch|p1a: Seismitoad\n|-damage|p1a: Seismitoad|84\/100\n|move|p1a: Seismitoad|Liquidation|p2a: Roki (Rocky)\n|-supereffective|p2a: Roki (Rocky)\n|-damage|p2a: Roki (Rocky)|0 fnt\n|faint|p2a: Roki (Rocky)\n|\n|win|Sonbwad\n|raw|Sonbwad's rating: 1083 &rarr; <strong>1104<\/strong><br \/>(+21 for winning)\n|raw|sky678932's rating: 1005 &rarr; <strong>1000<\/strong><br \/>(-5 for losing)\n|l|\u2606Sonbwad\n","uploadtime":1700341811,"views":15,"p1id":"sonbwad","p2id":"sky678932","formatid":"gen9nationaldex","rating":1000,"private":0,"password":""}