{"id":"gen9nationaldex-1998142247","p1":"Legenddragon800","p2":"evenhot","format":"[Gen 9] National Dex","log":"|html|<div class=\"broadcast-blue\"><strong>[Gen 9] National Dex is currently suspecting Sneasler! For information on how to participate check out the <a href=\"https:\/\/www.smogon.com\/forums\/threads\/sv-national-dex-suspect-8-just-dance.3731534\/\">suspect thread<\/a>.<\/strong><\/div>\n|j|\u2606Legenddragon800\n|j|\u2606evenhot\n|t:|1700899398\n|gametype|singles\n|player|p1|Legenddragon800|ethan|1505\n|player|p2|evenhot|irida|1540\n|teamsize|p1|6\n|teamsize|p2|6\n|gen|9\n|tier|[Gen 9] National Dex\n|rated|\n|rule|HP Percentage Mod: HP is shown in percentages\n|rule|Endless Battle Clause: Forcing endless battles is banned\n|rule|OHKO Clause: OHKO moves are banned\n|rule|Evasion Clause: Evasion abilities, items, and moves are banned\n|rule|Evasion Abilities Clause: Evasion abilities are banned\n|rule|Evasion Items Clause: Evasion items are banned\n|rule|Evasion Moves Clause: Evasion moves are banned\n|rule|Species Clause: Limit one of each Pok\u00e9mon\n|rule|Sleep Clause Mod: Limit one foe put to sleep\n|clearpoke\n|poke|p1|Ferrothorn, F|\n|poke|p1|Lopunny, M|\n|poke|p1|Volcarona, F|\n|poke|p1|Landorus-Therian, M|\n|poke|p1|Tapu Lele|\n|poke|p1|Sneasler, F|\n|poke|p2|Bisharp, M|\n|poke|p2|Moltres|\n|poke|p2|Tapu Lele|\n|poke|p2|Clodsire, M|\n|poke|p2|Manaphy|\n|poke|p2|Medicham, F|\n|teampreview\n|inactive|Battle timer is ON: inactive players will automatically lose when time's up. (requested by evenhot)\n|\n|t:|1700899412\n|start\n|switch|p1a: Landorus|Landorus-Therian, M|100\/100\n|switch|p2a: Medicham|Medicham, F|100\/100\n|-ability|p1a: Landorus|Intimidate|boost\n|-unboost|p2a: Medicham|atk|1\n|turn|1\n|\n|t:|1700899421\n|detailschange|p2a: Medicham|Medicham-Mega, F\n|-mega|p2a: Medicham|Medicham|Medichamite\n|move|p2a: Medicham|Fake Out|p1a: Landorus\n|-damage|p1a: Landorus|91\/100\n|-damage|p2a: Medicham|84\/100|[from] item: Rocky Helmet|[of] p1a: Landorus\n|cant|p1a: Landorus|flinch\n|\n|upkeep\n|turn|2\n|\n|t:|1700899428\n|move|p2a: Medicham|Ice Punch|p1a: Landorus\n|-supereffective|p1a: Landorus\n|-damage|p1a: Landorus|13\/100\n|-status|p1a: Landorus|frz\n|-damage|p2a: Medicham|68\/100|[from] item: Rocky Helmet|[of] p1a: Landorus\n|cant|p1a: Landorus|frz\n|\n|upkeep\n|turn|3\n|c|\u2606Legenddragon800|I hate life\n|\n|t:|1700899449\n|move|p2a: Medicham|Close Combat|p1a: Landorus\n|-resisted|p1a: Landorus\n|-damage|p1a: Landorus|0 fnt\n|-unboost|p2a: Medicham|def|1\n|-unboost|p2a: Medicham|spd|1\n|-damage|p2a: Medicham|51\/100|[from] item: Rocky Helmet|[of] p1a: Landorus\n|faint|p1a: Landorus\n|\n|upkeep\n|c|\u2606Legenddragon800|Why does this consistently happen to me\n|\n|t:|1700899458\n|switch|p1a: Tapu Lele|Tapu Lele|100\/100\n|-fieldstart|move: Psychic Terrain|[from] ability: Psychic Surge|[of] p1a: Tapu Lele\n|turn|4\n|\n|t:|1700899470\n|switch|p2a: Tapu Lele|Tapu Lele|100\/100\n|move|p1a: Tapu Lele|Psyshock|p2a: Tapu Lele\n|-resisted|p2a: Tapu Lele\n|-damage|p2a: Tapu Lele|35\/100\n|\n|upkeep\n|turn|5\n|\n|t:|1700899490\n|move|p2a: Tapu Lele|Psyshock|p1a: Tapu Lele\n|-resisted|p1a: Tapu Lele\n|-damage|p1a: Tapu Lele|58\/100\n|move|p1a: Tapu Lele|Psyshock|p2a: Tapu Lele\n|-resisted|p2a: Tapu Lele\n|-damage|p2a: Tapu Lele|0 fnt\n|faint|p2a: Tapu Lele\n|\n|upkeep\n|\n|t:|1700899494\n|switch|p2a: Bisharp|Bisharp, M|100\/100\n|turn|6\n|\n|t:|1700899505\n|-activate|p1a: Tapu Lele|move: Pursuit\n|move|p2a: Bisharp|Pursuit|p1a: Tapu Lele|[from]Pursuit\n|-damage|p1a: Tapu Lele|0 fnt\n|faint|p1a: Tapu Lele\n|-hint|A Pokemon can't switch between when it runs out of HP and when it faints\n|\n|upkeep\n|\n|t:|1700899514\n|switch|p1a: Lopunny|Lopunny, M|100\/100\n|turn|7\n|\n|t:|1700899519\n|switch|p2a: Moltres|Moltres, shiny|100\/100\n|detailschange|p1a: Lopunny|Lopunny-Mega, M\n|-mega|p1a: Lopunny|Lopunny|Lopunnite\n|move|p1a: Lopunny|Close Combat|p2a: Moltres\n|-resisted|p2a: Moltres\n|-damage|p2a: Moltres|78\/100\n|-unboost|p1a: Lopunny|def|1\n|-unboost|p1a: Lopunny|spd|1\n|-status|p1a: Lopunny|brn|[from] ability: Flame Body|[of] p2a: Moltres\n|\n|-damage|p1a: Lopunny|94\/100 brn|[from] brn\n|upkeep\n|turn|8\n|\n|t:|1700899525\n|move|p1a: Lopunny|Frustration|p2a: Moltres\n|-damage|p2a: Moltres|58\/100\n|move|p2a: Moltres|U-turn|p1a: Lopunny\n|-resisted|p1a: Lopunny\n|-damage|p1a: Lopunny|80\/100 brn\n|c|\u2606Legenddragon800|And ofc i get burnt on the first hut\n|c|\u2606Legenddragon800|Hit\n|c|\u2606Legenddragon800|Jesus, why is my luck so consistently bad\n|\n|t:|1700899548\n|switch|p2a: Medicham|Medicham-Mega, F|51\/100|[from] U-turn\n|\n|-damage|p1a: Lopunny|74\/100 brn|[from] brn\n|-fieldend|move: Psychic Terrain\n|upkeep\n|turn|9\n|\n|t:|1700899553\n|switch|p1a: Ferrothorn|Ferrothorn, F|100\/100\n|move|p2a: Medicham|Fake Out|p1a: Ferrothorn\n|-resisted|p1a: Ferrothorn\n|-damage|p1a: Ferrothorn|94\/100\n|-damage|p2a: Medicham|39\/100|[from] ability: Iron Barbs|[of] p1a: Ferrothorn\n|\n|-heal|p1a: Ferrothorn|99\/100|[from] item: Leftovers\n|upkeep\n|turn|10\n|\n|t:|1700899565\n|-terastallize|p1a: Ferrothorn|Water\n|move|p2a: Medicham|Close Combat|p1a: Ferrothorn\n|-damage|p1a: Ferrothorn|43\/100\n|-unboost|p2a: Medicham|def|1\n|-unboost|p2a: Medicham|spd|1\n|-damage|p2a: Medicham|27\/100|[from] ability: Iron Barbs|[of] p1a: Ferrothorn\n|move|p1a: Ferrothorn|Knock Off|p2a: Medicham\n|-damage|p2a: Medicham|0 fnt\n|faint|p2a: Medicham\n|\n|-heal|p1a: Ferrothorn|50\/100|[from] item: Leftovers\n|upkeep\n|\n|t:|1700899578\n|switch|p2a: Bisharp|Bisharp, M|100\/100\n|turn|11\n|\n|t:|1700899586\n|move|p2a: Bisharp|Knock Off|p1a: Ferrothorn\n|-damage|p1a: Ferrothorn|1\/100\n|-damage|p2a: Bisharp|88\/100|[from] ability: Iron Barbs|[of] p1a: Ferrothorn\n|-enditem|p1a: Ferrothorn|Leftovers|[from] move: Knock Off|[of] p2a: Bisharp\n|move|p1a: Ferrothorn|Leech Seed|p2a: Bisharp\n|-start|p2a: Bisharp|move: Leech Seed\n|\n|-damage|p2a: Bisharp|76\/100|[from] Leech Seed|[of] p1a: Ferrothorn\n|-heal|p1a: Ferrothorn|10\/100|[silent]\n|upkeep\n|turn|12\n|\n|t:|1700899594\n|move|p2a: Bisharp|Knock Off|p1a: Ferrothorn\n|-damage|p1a: Ferrothorn|0 fnt\n|-damage|p2a: Bisharp|64\/100|[from] ability: Iron Barbs|[of] p1a: Ferrothorn\n|faint|p1a: Ferrothorn\n|\n|upkeep\n|\n|t:|1700899598\n|switch|p1a: Lopunny|Lopunny-Mega, M|74\/100 brn\n|turn|13\n|\n|t:|1700899612\n|switch|p2a: Manaphy|Manaphy|100\/100\n|move|p1a: Lopunny|U-turn|p2a: Manaphy\n|-damage|p2a: Manaphy|93\/100\n|\n|t:|1700899620\n|switch|p1a: Sneasler|Sneasler, F|100\/100|[from] U-turn\n|\n|-heal|p2a: Manaphy|99\/100|[from] item: Leftovers\n|upkeep\n|turn|14\n|\n|t:|1700899636\n|move|p1a: Sneasler|Swords Dance|p1a: Sneasler\n|-boost|p1a: Sneasler|atk|2\n|move|p2a: Manaphy|Acid Armor|p2a: Manaphy\n|-boost|p2a: Manaphy|def|2\n|\n|-heal|p2a: Manaphy|100\/100|[from] item: Leftovers\n|upkeep\n|turn|15\n|\n|t:|1700899646\n|move|p1a: Sneasler|Gunk Shot|p2a: Manaphy\n|-damage|p2a: Manaphy|62\/100\n|-status|p2a: Manaphy|psn\n|move|p2a: Manaphy|Acid Armor|p2a: Manaphy\n|-boost|p2a: Manaphy|def|2\n|\n|-heal|p2a: Manaphy|68\/100 psn|[from] item: Leftovers\n|-damage|p2a: Manaphy|56\/100 psn|[from] psn\n|upkeep\n|turn|16\n|\n|t:|1700899652\n|move|p1a: Sneasler|Swords Dance|p1a: Sneasler\n|-boost|p1a: Sneasler|atk|2\n|move|p2a: Manaphy|Take Heart|p2a: Manaphy\n|-boost|p2a: Manaphy|spa|1\n|-boost|p2a: Manaphy|spd|1\n|-curestatus|p2a: Manaphy|psn|[msg]\n|\n|-heal|p2a: Manaphy|62\/100|[from] item: Leftovers\n|upkeep\n|turn|17\n|\n|t:|1700899661\n|move|p1a: Sneasler|Gunk Shot|p2a: Manaphy|[miss]\n|-miss|p1a: Sneasler|p2a: Manaphy\n|move|p2a: Manaphy|Stored Power|p1a: Sneasler\n|-supereffective|p1a: Sneasler\n|-damage|p1a: Sneasler|0 fnt\n|faint|p1a: Sneasler\n|\n|-heal|p2a: Manaphy|68\/100|[from] item: Leftovers\n|upkeep\n|\n|t:|1700899667\n|switch|p1a: Volcarona|Volcarona, F|100\/100\n|turn|18\n|\n|t:|1700899675\n|move|p1a: Volcarona|Quiver Dance|p1a: Volcarona\n|-boost|p1a: Volcarona|spa|1\n|-boost|p1a: Volcarona|spd|1\n|-boost|p1a: Volcarona|spe|1\n|move|p2a: Manaphy|Take Heart|p2a: Manaphy\n|-boost|p2a: Manaphy|spa|1\n|-boost|p2a: Manaphy|spd|1\n|\n|-heal|p2a: Manaphy|74\/100|[from] item: Leftovers\n|upkeep\n|turn|19\n|\n|t:|1700899681\n|move|p1a: Volcarona|Quiver Dance|p1a: Volcarona\n|-boost|p1a: Volcarona|spa|1\n|-boost|p1a: Volcarona|spd|1\n|-boost|p1a: Volcarona|spe|1\n|move|p2a: Manaphy|Take Heart|p2a: Manaphy\n|-boost|p2a: Manaphy|spa|1\n|-boost|p2a: Manaphy|spd|1\n|\n|-heal|p2a: Manaphy|80\/100|[from] item: Leftovers\n|upkeep\n|turn|20\n|\n|t:|1700899695\n|move|p1a: Volcarona|Bug Buzz|p2a: Manaphy\n|-damage|p2a: Manaphy|47\/100\n|move|p2a: Manaphy|Scald|p1a: Volcarona\n|-supereffective|p1a: Volcarona\n|-damage|p1a: Volcarona|23\/100\n|\n|-heal|p2a: Manaphy|53\/100|[from] item: Leftovers\n|upkeep\n|turn|21\n|\n|t:|1700899704\n|move|p1a: Volcarona|Bug Buzz|p2a: Manaphy\n|-damage|p2a: Manaphy|19\/100\n|move|p2a: Manaphy|Scald|p1a: Volcarona\n|-supereffective|p1a: Volcarona\n|-damage|p1a: Volcarona|0 fnt\n|faint|p1a: Volcarona\n|\n|-heal|p2a: Manaphy|25\/100|[from] item: Leftovers\n|upkeep\n|\n|t:|1700899705\n|switch|p1a: Lopunny|Lopunny-Mega, M|74\/100 brn\n|turn|22\n|\n|t:|1700899709\n|move|p1a: Lopunny|Close Combat|p2a: Manaphy\n|-damage|p2a: Manaphy|19\/100\n|-unboost|p1a: Lopunny|def|1\n|-unboost|p1a: Lopunny|spd|1\n|move|p2a: Manaphy|Stored Power|p1a: Lopunny\n|-supereffective|p1a: Lopunny\n|-damage|p1a: Lopunny|0 fnt\n|faint|p1a: Lopunny\n|\n|win|evenhot\n|raw|Legenddragon800's rating: 1505 &rarr; <strong>1487<\/strong><br \/>(-18 for losing)\n|raw|evenhot's rating: 1540 &rarr; <strong>1558<\/strong><br \/>(+18 for winning)\n|l|\u2606Legenddragon800\n","uploadtime":1700899741,"views":1,"p1id":"legenddragon800","p2id":"evenhot","formatid":"gen9nationaldex","rating":1487,"private":0,"password":""}