{"id":"gen9nationaldex-1992403534","p1":"Kam346","p2":"Nuwyrm","format":"[Gen 9] National Dex","log":"|j|\u2606Kam346\n|j|\u2606Nuwyrm\n|t:|1700183541\n|gametype|singles\n|player|p1|Kam346|red|\n|player|p2|Nuwyrm|1|\n|teamsize|p1|6\n|teamsize|p2|6\n|gen|9\n|tier|[Gen 9] National Dex\n|rule|HP Percentage Mod: HP is shown in percentages\n|rule|Endless Battle Clause: Forcing endless battles is banned\n|rule|OHKO Clause: OHKO moves are banned\n|rule|Evasion Clause: Evasion abilities, items, and moves are banned\n|rule|Evasion Abilities Clause: Evasion abilities are banned\n|rule|Evasion Items Clause: Evasion items are banned\n|rule|Evasion Moves Clause: Evasion moves are banned\n|rule|Species Clause: Limit one of each Pok\u00e9mon\n|rule|Sleep Clause Mod: Limit one foe put to sleep\n|clearpoke\n|poke|p1|Blaziken, F|\n|poke|p1|Alcremie, F|\n|poke|p1|Appletun, M|\n|poke|p1|Vanilluxe, M|\n|poke|p1|Garganacl, F|\n|poke|p1|Gourgeist-*, F|\n|poke|p2|Tsareena, F|\n|poke|p2|Garganacl, M|\n|poke|p2|Polteageist|\n|poke|p2|Alcremie, F|\n|poke|p2|Blaziken, M|\n|poke|p2|Sirfetch\u2019d, F|\n|teampreview\n|\n|t:|1700183681\n|start\n|switch|p1a: Vaniluxe|Vanilluxe, M|100\/100\n|switch|p2a: Sanders|Blaziken, M|100\/100\n|-weather|Snow|[from] ability: Snow Warning|[of] p1a: Vaniluxe\n|turn|1\n|\n|t:|1700183765\n|move|p2a: Sanders|Swords Dance|p2a: Sanders\n|-boost|p2a: Sanders|atk|2\n|move|p1a: Vaniluxe|Blizzard|p2a: Sanders\n|-resisted|p2a: Sanders\n|-damage|p2a: Sanders|40\/100\n|\n|-weather|Snow|[upkeep]\n|-ability|p2a: Sanders|Speed Boost|boost\n|-boost|p2a: Sanders|spe|1\n|upkeep\n|turn|2\n|\n|t:|1700183783\n|move|p2a: Sanders|Close Combat|p1a: Vaniluxe\n|-supereffective|p1a: Vaniluxe\n|-damage|p1a: Vaniluxe|0 fnt\n|-unboost|p2a: Sanders|def|1\n|-unboost|p2a: Sanders|spd|1\n|faint|p1a: Vaniluxe\n|-damage|p2a: Sanders|30\/100|[from] item: Life Orb\n|\n|-weather|Snow|[upkeep]\n|-ability|p2a: Sanders|Speed Boost|boost\n|-boost|p2a: Sanders|spe|1\n|upkeep\n|\n|t:|1700183802\n|switch|p1a: Gourgeist|Gourgeist-Super, F|100\/100\n|-item|p2a: Sanders|Life Orb|[from] ability: Frisk|[of] p1a: Gourgeist|[identify]\n|turn|3\n|\n|t:|1700183812\n|move|p1a: Gourgeist|Shadow Sneak|p2a: Sanders\n|-damage|p2a: Sanders|0 fnt\n|faint|p2a: Sanders\n|\n|-weather|Snow|[upkeep]\n|upkeep\n|\n|t:|1700183818\n|switch|p2a: *sips tea*|Polteageist|100\/100\n|turn|4\n|\n|t:|1700183850\n|move|p2a: *sips tea*|Shell Smash|p2a: *sips tea*\n|-unboost|p2a: *sips tea*|def|1\n|-unboost|p2a: *sips tea*|spd|1\n|-boost|p2a: *sips tea*|atk|2\n|-boost|p2a: *sips tea*|spa|2\n|-boost|p2a: *sips tea*|spe|2\n|move|p1a: Gourgeist|Poltergeist|p2a: *sips tea*\n|-activate|p2a: *sips tea*|move: Poltergeist|Focus Sash\n|-supereffective|p2a: *sips tea*\n|-enditem|p2a: *sips tea*|Focus Sash\n|-damage|p2a: *sips tea*|1\/100\n|-ability|p2a: *sips tea*|Weak Armor|boost\n|-unboost|p2a: *sips tea*|def|1\n|-boost|p2a: *sips tea*|spe|2\n|\n|-weather|Snow|[upkeep]\n|upkeep\n|turn|5\n|\n|t:|1700183866\n|move|p1a: Gourgeist|Shadow Sneak|p2a: *sips tea*\n|-supereffective|p2a: *sips tea*\n|-damage|p2a: *sips tea*|0 fnt\n|faint|p2a: *sips tea*\n|\n|-weather|none\n|upkeep\n|\n|t:|1700183873\n|switch|p2a: Sirfetch\u2019d|Sirfetch\u2019d, F|100\/100\n|turn|6\n|\n|t:|1700183879\n|-terastallize|p2a: Sirfetch\u2019d|Dark\n|move|p2a: Sirfetch\u2019d|Night Slash|p1a: Gourgeist\n|-supereffective|p1a: Gourgeist\n|-crit|p1a: Gourgeist\n|-damage|p1a: Gourgeist|3\/100\n|move|p1a: Gourgeist|Trick-or-Treat||[still]\n|-fail|p1a: Gourgeist\n|\n|upkeep\n|turn|7\n|\n|t:|1700183887\n|move|p1a: Gourgeist|Shadow Sneak|p2a: Sirfetch\u2019d\n|-resisted|p2a: Sirfetch\u2019d\n|-damage|p2a: Sirfetch\u2019d|88\/100\n|move|p2a: Sirfetch\u2019d|Night Slash|p1a: Gourgeist\n|-supereffective|p1a: Gourgeist\n|-crit|p1a: Gourgeist\n|-damage|p1a: Gourgeist|0 fnt\n|faint|p1a: Gourgeist\n|\n|upkeep\n|\n|t:|1700183895\n|switch|p1a: Blaziken|Blaziken, F|100\/100\n|turn|8\n|\n|t:|1700183907\n|move|p1a: Blaziken|Close Combat|p2a: Sirfetch\u2019d\n|-supereffective|p2a: Sirfetch\u2019d\n|-crit|p2a: Sirfetch\u2019d\n|-damage|p2a: Sirfetch\u2019d|0 fnt\n|-unboost|p1a: Blaziken|def|1\n|-unboost|p1a: Blaziken|spd|1\n|faint|p2a: Sirfetch\u2019d\n|-damage|p1a: Blaziken|91\/100|[from] item: Life Orb\n|\n|-ability|p1a: Blaziken|Speed Boost|boost\n|-boost|p1a: Blaziken|spe|1\n|upkeep\n|\n|t:|1700183916\n|switch|p2a: SALTY|Garganacl, M|100\/100\n|turn|9\n|\n|t:|1700183935\n|move|p1a: Blaziken|Close Combat|p2a: SALTY\n|-supereffective|p2a: SALTY\n|-crit|p2a: SALTY\n|-damage|p2a: SALTY|0 fnt\n|-unboost|p1a: Blaziken|def|1\n|-unboost|p1a: Blaziken|spd|1\n|faint|p2a: SALTY\n|-damage|p1a: Blaziken|81\/100|[from] item: Life Orb\n|\n|-ability|p1a: Blaziken|Speed Boost|boost\n|-boost|p1a: Blaziken|spe|1\n|upkeep\n|\n|t:|1700183945\n|switch|p2a: VELVET|Alcremie, F|100\/100\n|turn|10\n|\n|t:|1700183953\n|move|p1a: Blaziken|Flare Blitz|p2a: VELVET\n|-damage|p2a: VELVET|0 fnt\n|faint|p2a: VELVET\n|-damage|p1a: Blaziken|44\/100|[from] Recoil\n|-damage|p1a: Blaziken|34\/100|[from] item: Life Orb\n|\n|-ability|p1a: Blaziken|Speed Boost|boost\n|-boost|p1a: Blaziken|spe|1\n|upkeep\n|\n|t:|1700183960\n|switch|p2a: Juice|Tsareena, F|100\/100\n|turn|11\n|\n|t:|1700183964\n|move|p1a: Blaziken|Flare Blitz|p2a: Juice\n|-supereffective|p2a: Juice\n|-damage|p2a: Juice|0 fnt\n|faint|p2a: Juice\n|-damage|p1a: Blaziken|3\/100|[from] Recoil\n|-damage|p1a: Blaziken|0 fnt|[from] item: Life Orb\n|faint|p1a: Blaziken\n|\n|win|Kam346\n","uploadtime":1700183973,"views":4,"p1id":"kam346","p2id":"nuwyrm","formatid":"gen9nationaldex","rating":0,"private":0,"password":""}