{"id":"gen9nationaldex-2000161720","p1":"Krysta11","p2":"Gen70","format":"[Gen 9] National Dex","log":"|html|<div class=\"broadcast-blue\"><strong>[Gen 9] National Dex is currently suspecting Sneasler! For information on how to participate check out the <a href=\"https:\/\/www.smogon.com\/forums\/threads\/sv-national-dex-suspect-8-just-dance.3731534\/\">suspect thread<\/a>.<\/strong><\/div>\n|j|\u2606Krysta11\n|j|\u2606Gen70\n|t:|1701165375\n|gametype|singles\n|player|p1|Krysta11|bellelba|1258\n|player|p2|Gen70|lance|1087\n|teamsize|p1|6\n|teamsize|p2|6\n|gen|9\n|tier|[Gen 9] National Dex\n|rated|\n|rule|HP Percentage Mod: HP is shown in percentages\n|rule|Endless Battle Clause: Forcing endless battles is banned\n|rule|OHKO Clause: OHKO moves are banned\n|rule|Evasion Clause: Evasion abilities, items, and moves are banned\n|rule|Evasion Abilities Clause: Evasion abilities are banned\n|rule|Evasion Items Clause: Evasion items are banned\n|rule|Evasion Moves Clause: Evasion moves are banned\n|rule|Species Clause: Limit one of each Pok\u00e9mon\n|rule|Sleep Clause Mod: Limit one foe put to sleep\n|clearpoke\n|poke|p1|Ferrothorn, F|\n|poke|p1|Swampert, M|\n|poke|p1|Pelipper, M|\n|poke|p1|Urshifu-*, F|\n|poke|p1|Landorus-Therian, M|\n|poke|p1|Nidoking, M|\n|poke|p2|Weavile, M|\n|poke|p2|Arcanine-Hisui, F|\n|poke|p2|Metagross|\n|poke|p2|Toxapex, M|\n|poke|p2|Ribombee, M|\n|poke|p2|Abomasnow, F|\n|teampreview\n|inactive|Battle timer is ON: inactive players will automatically lose when time's up. (requested by Gen70)\n|\n|t:|1701165386\n|start\n|switch|p1a: Nidoking|Nidoking, M|100\/100\n|switch|p2a: Arcanine|Arcanine-Hisui, F, shiny|100\/100\n|turn|1\n|\n|t:|1701165396\n|switch|p2a: Weavile|Weavile, M|100\/100\n|move|p1a: Nidoking|Earth Power|p2a: Weavile\n|-damage|p2a: Weavile|15\/100\n|\n|upkeep\n|turn|2\n|\n|t:|1701165405\n|switch|p1a: Ferrothorn|Ferrothorn, F, shiny|100\/100\n|move|p2a: Weavile|Fake Out|p1a: Ferrothorn\n|-resisted|p1a: Ferrothorn\n|-damage|p1a: Ferrothorn|97\/100\n|-damage|p2a: Weavile|3\/100|[from] ability: Iron Barbs|[of] p1a: Ferrothorn\n|-damage|p2a: Weavile|0 fnt|[from] item: Rocky Helmet|[of] p1a: Ferrothorn\n|faint|p2a: Weavile\n|\n|upkeep\n|\n|t:|1701165410\n|switch|p2a: Arcanine|Arcanine-Hisui, F, shiny|100\/100\n|turn|3\n|\n|t:|1701165416\n|switch|p1a: Landorus|Landorus-Therian, M|100\/100\n|-ability|p1a: Landorus|Intimidate|boost\n|-unboost|p2a: Arcanine|atk|1\n|move|p2a: Arcanine|Flare Blitz|p1a: Landorus\n|-damage|p1a: Landorus|38\/100\n|\n|upkeep\n|turn|4\n|\n|t:|1701165433\n|switch|p1a: Pelipper|Pelipper, M|100\/100\n|-weather|RainDance|[from] ability: Drizzle|[of] p1a: Pelipper\n|move|p2a: Arcanine|Flare Blitz|p1a: Pelipper\n|-resisted|p1a: Pelipper\n|-damage|p1a: Pelipper|85\/100\n|\n|-weather|RainDance|[upkeep]\n|upkeep\n|turn|5\n|\n|t:|1701165444\n|switch|p2a: Metagross|Metagross, shiny|100\/100\n|move|p1a: Pelipper|Hurricane|p2a: Metagross\n|-resisted|p2a: Metagross\n|-damage|p2a: Metagross|79\/100\n|\n|-weather|RainDance|[upkeep]\n|upkeep\n|turn|6\n|\n|t:|1701165454\n|switch|p1a: Landorus|Landorus-Therian, M|38\/100\n|-ability|p1a: Landorus|Intimidate|boost\n|-fail|p2a: Metagross|unboost|[from] ability: Clear Body|[of] p2a: Metagross\n|move|p2a: Metagross|Meteor Mash|p1a: Landorus\n|-damage|p1a: Landorus|0 fnt\n|faint|p1a: Landorus\n|\n|-weather|RainDance|[upkeep]\n|upkeep\n|\n|t:|1701165465\n|switch|p1a: Nidoking|Nidoking, M|100\/100\n|turn|7\n|\n|t:|1701165469\n|move|p1a: Nidoking|Earth Power|p2a: Metagross\n|-supereffective|p2a: Metagross\n|-damage|p2a: Metagross|0 fnt\n|faint|p2a: Metagross\n|\n|-weather|RainDance|[upkeep]\n|upkeep\n|\n|t:|1701165476\n|switch|p2a: Arcanine|Arcanine-Hisui, F, shiny|100\/100\n|turn|8\n|\n|t:|1701165485\n|move|p2a: Arcanine|Extreme Speed|p1a: Nidoking\n|-damage|p1a: Nidoking|38\/100\n|move|p1a: Nidoking|Earth Power|p2a: Arcanine\n|-supereffective|p2a: Arcanine\n|-damage|p2a: Arcanine|0 fnt\n|faint|p2a: Arcanine\n|\n|-weather|none\n|upkeep\n|\n|t:|1701165491\n|switch|p2a: Abomasnow|Abomasnow, F, shiny|100\/100\n|-weather|Snow|[from] ability: Snow Warning|[of] p2a: Abomasnow\n|turn|9\n|\n|t:|1701165497\n|detailschange|p2a: Abomasnow|Abomasnow-Mega, F, shiny\n|-mega|p2a: Abomasnow|Abomasnow|Abomasite\n|move|p1a: Nidoking|Flamethrower|p2a: Abomasnow\n|-supereffective|p2a: Abomasnow\n|-damage|p2a: Abomasnow|0 fnt\n|faint|p2a: Abomasnow\n|\n|-weather|Snow|[upkeep]\n|upkeep\n|-message|Gen70 forfeited.\n|\n|win|Krysta11\n|raw|Krysta11's rating: 1258 &rarr; <strong>1272<\/strong><br \/>(+14 for winning)\n|raw|Gen70's rating: 1087 &rarr; <strong>1074<\/strong><br \/>(-13 for losing)\n|l|\u2606Gen70\n","uploadtime":1701165508,"views":2,"p1id":"krysta11","p2id":"gen70","formatid":"gen9nationaldex","rating":1074,"private":0,"password":""}