{"id":"gen9nationaldex-1990188489","p1":"HarmoniChaos","p2":"ProfessionalFemboy","format":"[Gen 9] National Dex","log":"|j|\u2606HarmoniChaos\n|j|\u2606ProfessionalFemboy\n|t:|1699934775\n|gametype|singles\n|player|p1|HarmoniChaos|cheren|1107\n|player|p2|ProfessionalFemboy|hexmaniac-gen6|1088\n|teamsize|p1|6\n|teamsize|p2|6\n|gen|9\n|tier|[Gen 9] National Dex\n|rated|\n|rule|HP Percentage Mod: HP is shown in percentages\n|rule|Endless Battle Clause: Forcing endless battles is banned\n|rule|OHKO Clause: OHKO moves are banned\n|rule|Evasion Clause: Evasion abilities, items, and moves are banned\n|rule|Evasion Abilities Clause: Evasion abilities are banned\n|rule|Evasion Items Clause: Evasion items are banned\n|rule|Evasion Moves Clause: Evasion moves are banned\n|rule|Species Clause: Limit one of each Pok\u00e9mon\n|rule|Sleep Clause Mod: Limit one foe put to sleep\n|clearpoke\n|poke|p1|Ninetales, M|\n|poke|p1|Torkoal, M|\n|poke|p1|Leavanny, F|\n|poke|p1|Heliolisk, F|\n|poke|p1|Lilligant-Hisui, F|\n|poke|p1|Houndoom, F|\n|poke|p2|Lopunny, F|\n|poke|p2|Xurkitree|\n|poke|p2|Serperior, M|\n|poke|p2|Greninja-*, M|\n|poke|p2|Volcarona, F|\n|poke|p2|Urshifu-*, F|\n|teampreview\n|\n|t:|1699934787\n|start\n|switch|p1a: Torkoal|Torkoal, M|100\/100\n|switch|p2a: Greninja|Greninja, M|100\/100\n|-weather|SunnyDay|[from] ability: Drought|[of] p1a: Torkoal\n|turn|1\n|\n|t:|1699934793\n|move|p2a: Greninja|Hydro Pump|p1a: Torkoal\n|-start|p2a: Greninja|typechange|Water|[from] ability: Protean\n|-supereffective|p1a: Torkoal\n|-damage|p1a: Torkoal|24\/100\n|move|p1a: Torkoal|Solar Beam||[still]\n|-prepare|p1a: Torkoal|Solar Beam\n|-anim|p1a: Torkoal|Solar Beam|p2a: Greninja\n|-supereffective|p2a: Greninja\n|-damage|p2a: Greninja|0 fnt\n|faint|p2a: Greninja\n|\n|-weather|SunnyDay|[upkeep]\n|upkeep\n|c|\u2606HarmoniChaos|no\n|\n|t:|1699934811\n|switch|p2a: Urshifu|Urshifu-Rapid-Strike, F|100\/100\n|turn|2\n|\n|t:|1699934824\n|move|p2a: Urshifu|Surging Strikes|p1a: Torkoal\n|-supereffective|p1a: Torkoal\n|-crit|p1a: Torkoal\n|-damage|p1a: Torkoal|0 fnt\n|faint|p1a: Torkoal\n|-hitcount|p1: Torkoal|1\n|\n|-weather|SunnyDay|[upkeep]\n|upkeep\n|c|\u2606ProfessionalFemboy|skibidi\n|\n|t:|1699934840\n|switch|p1a: Leavanny|Leavanny, F|100\/100\n|turn|3\n|\n|t:|1699934847\n|switch|p2a: Volcarona|Volcarona, F|100\/100\n|move|p1a: Leavanny|Leaf Blade|p2a: Volcarona\n|-resisted|p2a: Volcarona\n|-damage|p2a: Volcarona|86\/100\n|-damage|p1a: Leavanny|91\/100|[from] item: Life Orb\n|\n|-weather|SunnyDay|[upkeep]\n|upkeep\n|turn|4\n|\n|t:|1699934858\n|switch|p1a: Houndoom|Houndoom, F|100\/100\n|move|p2a: Volcarona|Quiver Dance|p2a: Volcarona\n|-boost|p2a: Volcarona|spa|1\n|-boost|p2a: Volcarona|spd|1\n|-boost|p2a: Volcarona|spe|1\n|\n|-weather|SunnyDay|[upkeep]\n|upkeep\n|turn|5\n|\n|t:|1699934866\n|detailschange|p1a: Houndoom|Houndoom-Mega, F\n|-mega|p1a: Houndoom|Houndoom|Houndoominite\n|move|p2a: Volcarona|Quiver Dance|p2a: Volcarona\n|-boost|p2a: Volcarona|spa|1\n|-boost|p2a: Volcarona|spd|1\n|-boost|p2a: Volcarona|spe|1\n|move|p1a: Houndoom|Hyper Voice|p2a: Volcarona\n|-damage|p2a: Volcarona|64\/100\n|\n|-weather|none\n|upkeep\n|turn|6\n|\n|t:|1699934882\n|move|p2a: Volcarona|Roost|p2a: Volcarona\n|-heal|p2a: Volcarona|100\/100\n|-singleturn|p2a: Volcarona|move: Roost\n|move|p1a: Houndoom|Hyper Voice|p2a: Volcarona\n|-damage|p2a: Volcarona|84\/100\n|\n|upkeep\n|turn|7\n|\n|t:|1699934890\n|move|p2a: Volcarona|Quiver Dance|p2a: Volcarona\n|-boost|p2a: Volcarona|spa|1\n|-boost|p2a: Volcarona|spd|1\n|-boost|p2a: Volcarona|spe|1\n|move|p1a: Houndoom|Dark Pulse|p2a: Volcarona\n|-damage|p2a: Volcarona|66\/100\n|\n|upkeep\n|turn|8\n|\n|t:|1699934897\n|switch|p1a: Ninetales|Ninetales, M|100\/100\n|-weather|SunnyDay|[from] ability: Drought|[of] p1a: Ninetales\n|move|p2a: Volcarona|Quiver Dance|p2a: Volcarona\n|-boost|p2a: Volcarona|spa|1\n|-boost|p2a: Volcarona|spd|1\n|-boost|p2a: Volcarona|spe|1\n|\n|-weather|SunnyDay|[upkeep]\n|upkeep\n|turn|9\n|\n|t:|1699934907\n|move|p2a: Volcarona|Roost|p2a: Volcarona\n|-heal|p2a: Volcarona|100\/100\n|-singleturn|p2a: Volcarona|move: Roost\n|move|p1a: Ninetales|Shadow Ball|p2a: Volcarona\n|-damage|p2a: Volcarona|94\/100\n|\n|-weather|SunnyDay|[upkeep]\n|upkeep\n|turn|10\n|\n|t:|1699934916\n|move|p2a: Volcarona|Quiver Dance|p2a: Volcarona\n|-boost|p2a: Volcarona|spa|1\n|-boost|p2a: Volcarona|spd|1\n|-boost|p2a: Volcarona|spe|1\n|move|p1a: Ninetales|Shadow Ball|p2a: Volcarona\n|-damage|p2a: Volcarona|88\/100\n|\n|-weather|SunnyDay|[upkeep]\n|upkeep\n|turn|11\n|c|\u2606ProfessionalFemboy|lol\n|c|\u2606HarmoniChaos|dude i literally cannot counter this\n|\n|t:|1699934927\n|move|p2a: Volcarona|Quiver Dance|p2a: Volcarona\n|-boost|p2a: Volcarona|spa|1\n|-boost|p2a: Volcarona|spd|1\n|-boost|p2a: Volcarona|spe|1\n|move|p1a: Ninetales|Shadow Ball|p2a: Volcarona\n|-damage|p2a: Volcarona|83\/100\n|\n|-weather|SunnyDay|[upkeep]\n|upkeep\n|turn|12\n|\n|t:|1699934942\n|move|p2a: Volcarona|Bug Buzz|p1a: Ninetales\n|-resisted|p1a: Ninetales\n|-damage|p1a: Ninetales|13\/100\n|move|p1a: Ninetales|Shadow Ball|p2a: Volcarona\n|-damage|p2a: Volcarona|78\/100\n|\n|-weather|SunnyDay|[upkeep]\n|upkeep\n|turn|13\n|c|\u2606ProfessionalFemboy|sowwy >w<\n|\n|t:|1699934950\n|move|p2a: Volcarona|Bug Buzz|p1a: Ninetales\n|-resisted|p1a: Ninetales\n|-damage|p1a: Ninetales|0 fnt\n|faint|p1a: Ninetales\n|\n|-weather|SunnyDay|[upkeep]\n|upkeep\n|c|\u2606HarmoniChaos|no you're not don't lie\n|\n|t:|1699934964\n|switch|p1a: Lilligant|Lilligant-Hisui, F|100\/100\n|turn|14\n|\n|t:|1699934969\n|move|p2a: Volcarona|Flamethrower|p1a: Lilligant\n|-supereffective|p1a: Lilligant\n|-damage|p1a: Lilligant|0 fnt\n|faint|p1a: Lilligant\n|\n|-weather|SunnyDay|[upkeep]\n|upkeep\n|\n|t:|1699934974\n|switch|p1a: Leavanny|Leavanny, F|91\/100\n|turn|15\n|\n|t:|1699934986\n|switch|p1a: Houndoom|Houndoom-Mega, F|100\/100\n|move|p2a: Volcarona|Flamethrower|p1a: Houndoom\n|-resisted|p1a: Houndoom\n|-damage|p1a: Houndoom|0 fnt\n|faint|p1a: Houndoom\n|\n|-weather|none\n|upkeep\n|c|\u2606HarmoniChaos|mhm\n|\n|t:|1699934996\n|switch|p1a: Heliolisk|Heliolisk, F|100\/100\n|turn|16\n|\n|t:|1699935008\n|-terastallize|p1a: Heliolisk|Electric\n|move|p2a: Volcarona|Bug Buzz|p1a: Heliolisk\n|-damage|p1a: Heliolisk|0 fnt\n|faint|p1a: Heliolisk\n|\n|upkeep\n|c|\u2606ProfessionalFemboy|gg \/\/w\/\/\n|c|\u2606HarmoniChaos|yeah\n|\n|t:|1699935024\n|switch|p1a: Leavanny|Leavanny, F|91\/100\n|turn|17\n|\n|t:|1699935029\n|move|p2a: Volcarona|Flamethrower|p1a: Leavanny\n|-supereffective|p1a: Leavanny\n|-damage|p1a: Leavanny|0 fnt\n|faint|p1a: Leavanny\n|\n|win|ProfessionalFemboy\n|raw|HarmoniChaos's rating: 1107 &rarr; <strong>1081<\/strong><br \/>(-26 for losing)\n|raw|ProfessionalFemboy's rating: 1088 &rarr; <strong>1116<\/strong><br \/>(+28 for winning)\n|l|\u2606HarmoniChaos\n","uploadtime":1699935064,"views":11,"p1id":"harmonichaos","p2id":"professionalfemboy","formatid":"gen9nationaldex","rating":1081,"private":0,"password":""}