{"id":"gen9nationaldex-1987354031","p1":"FisheePhishee","p2":"PapaPena","format":"[Gen 9] National Dex","log":"|j|\u2606FisheePhishee\n|j|\u2606PapaPena\n|t:|1699580962\n|gametype|singles\n|player|p1|FisheePhishee|170|\n|player|p2|PapaPena|roughneck|\n|teamsize|p1|6\n|teamsize|p2|6\n|gen|9\n|tier|[Gen 9] National Dex\n|rule|HP Percentage Mod: HP is shown in percentages\n|rule|Endless Battle Clause: Forcing endless battles is banned\n|rule|OHKO Clause: OHKO moves are banned\n|rule|Evasion Clause: Evasion abilities, items, and moves are banned\n|rule|Evasion Abilities Clause: Evasion abilities are banned\n|rule|Evasion Items Clause: Evasion items are banned\n|rule|Evasion Moves Clause: Evasion moves are banned\n|rule|Species Clause: Limit one of each Pok\u00e9mon\n|rule|Sleep Clause Mod: Limit one foe put to sleep\n|clearpoke\n|poke|p1|Toxapex, M|\n|poke|p1|Ceruledge, F|\n|poke|p1|Slither Wing|\n|poke|p1|Vivillon, M|\n|poke|p1|Perrserker, F|\n|poke|p1|Krokorok, M|\n|poke|p2|Moltres|\n|poke|p2|Tornadus-Therian, M|\n|poke|p2|Klefki, F|\n|poke|p2|Eelektross, F|\n|poke|p2|Basculin, M|\n|poke|p2|Toedscool, M|\n|teampreview\n|\n|t:|1699581002\n|start\n|switch|p1a: Krokorok|Krokorok, M|100\/100\n|switch|p2a: Klefki|Klefki, F|100\/100\n|-ability|p1a: Krokorok|Intimidate|boost\n|-unboost|p2a: Klefki|atk|1\n|turn|1\n|\n|t:|1699581012\n|move|p2a: Klefki|Reflect|p2a: Klefki\n|-sidestart|p2: PapaPena|Reflect\n|move|p1a: Krokorok|Earthquake|p2a: Klefki\n|-supereffective|p2a: Klefki\n|-damage|p2a: Klefki|69\/100\n|\n|upkeep\n|turn|2\n|\n|t:|1699581025\n|move|p2a: Klefki|Light Screen|p2a: Klefki\n|-sidestart|p2: PapaPena|move: Light Screen\n|move|p1a: Krokorok|Earthquake|p2a: Klefki\n|-supereffective|p2a: Klefki\n|-damage|p2a: Klefki|37\/100\n|\n|upkeep\n|turn|3\n|\n|t:|1699581032\n|move|p1a: Krokorok|Stone Edge|p2a: Klefki|[miss]\n|-miss|p1a: Krokorok|p2a: Klefki\n|move|p2a: Klefki|Draining Kiss|p1a: Krokorok\n|-supereffective|p1a: Krokorok\n|-damage|p1a: Krokorok|55\/100\n|-heal|p2a: Klefki|65\/100|[from] drain|[of] p1a: Krokorok\n|\n|upkeep\n|turn|4\n|\n|t:|1699581046\n|move|p2a: Klefki|Spikes|p1a: Krokorok\n|-sidestart|p1: FisheePhishee|Spikes\n|move|p1a: Krokorok|Stone Edge|p2a: Klefki\n|-resisted|p2a: Klefki\n|-damage|p2a: Klefki|60\/100\n|\n|upkeep\n|turn|5\n|\n|t:|1699581053\n|move|p1a: Krokorok|Earthquake|p2a: Klefki\n|-supereffective|p2a: Klefki\n|-damage|p2a: Klefki|31\/100\n|move|p2a: Klefki|Draining Kiss|p1a: Krokorok\n|-supereffective|p1a: Krokorok\n|-damage|p1a: Krokorok|11\/100\n|-heal|p2a: Klefki|58\/100|[from] drain|[of] p1a: Krokorok\n|\n|upkeep\n|turn|6\n|\n|t:|1699581062\n|move|p1a: Krokorok|Earthquake|p2a: Klefki\n|-supereffective|p2a: Klefki\n|-damage|p2a: Klefki|27\/100\n|move|p2a: Klefki|Draining Kiss|p1a: Krokorok\n|-supereffective|p1a: Krokorok\n|-damage|p1a: Krokorok|0 fnt\n|-heal|p2a: Klefki|33\/100|[from] drain|[of] p1a: Krokorok\n|faint|p1a: Krokorok\n|\n|upkeep\n|\n|t:|1699581089\n|switch|p1a: Perrserker|Perrserker, F|100\/100\n|-damage|p1a: Perrserker|88\/100|[from] Spikes\n|turn|7\n|\n|t:|1699581104\n|switch|p2a: what dat mouth do|Eelektross, F|100\/100\n|move|p1a: Perrserker|Fake Out|p2a: what dat mouth do\n|-damage|p2a: what dat mouth do|93\/100\n|\n|upkeep\n|turn|8\n|\n|t:|1699581125\n|move|p1a: Perrserker|Close Combat|p2a: what dat mouth do\n|-crit|p2a: what dat mouth do\n|-damage|p2a: what dat mouth do|22\/100\n|-unboost|p1a: Perrserker|def|1\n|-unboost|p1a: Perrserker|spd|1\n|move|p2a: what dat mouth do|Close Combat|p1a: Perrserker\n|-supereffective|p1a: Perrserker\n|-damage|p1a: Perrserker|0 fnt\n|-unboost|p2a: what dat mouth do|def|1\n|-unboost|p2a: what dat mouth do|spd|1\n|faint|p1a: Perrserker\n|\n|-sideend|p2: PapaPena|Reflect\n|upkeep\n|\n|t:|1699581140\n|switch|p1a: Ceruledge|Ceruledge, F, shiny|100\/100\n|-damage|p1a: Ceruledge|88\/100|[from] Spikes\n|turn|9\n|\n|t:|1699581148\n|switch|p2a: Basculin|Basculin, M|100\/100\n|move|p1a: Ceruledge|Bulk Up|p1a: Ceruledge\n|-boost|p1a: Ceruledge|atk|1\n|-boost|p1a: Ceruledge|def|1\n|\n|-sideend|p2: PapaPena|move: Light Screen\n|upkeep\n|turn|10\n|\n|t:|1699581178\n|-terastallize|p1a: Ceruledge|Bug\n|move|p2a: Basculin|Wave Crash|p1a: Ceruledge\n|-damage|p1a: Ceruledge|37\/100\n|-damage|p2a: Basculin|83\/100|[from] Recoil\n|move|p1a: Ceruledge|Close Combat|p2a: Basculin\n|-damage|p2a: Basculin|0 fnt\n|-unboost|p1a: Ceruledge|def|1\n|-unboost|p1a: Ceruledge|spd|1\n|faint|p2a: Basculin\n|\n|upkeep\n|\n|t:|1699581191\n|switch|p2a: Tornadus|Tornadus-Therian, M|100\/100\n|turn|11\n|\n|t:|1699581208\n|move|p1a: Ceruledge|Shadow Sneak|p2a: Tornadus\n|-damage|p2a: Tornadus|60\/100\n|move|p2a: Tornadus|Bleakwind Storm|p1a: Ceruledge\n|-supereffective|p1a: Ceruledge\n|-damage|p1a: Ceruledge|0 fnt\n|faint|p1a: Ceruledge\n|\n|-heal|p2a: Tornadus|66\/100|[from] item: Leftovers\n|upkeep\n|\n|t:|1699581224\n|switch|p1a: Toxapex|Toxapex, M|100\/100\n|-damage|p1a: Toxapex|88\/100|[from] Spikes\n|turn|12\n|\n|t:|1699581244\n|switch|p2a: squeeward|Toedscool, M|100\/100\n|move|p1a: Toxapex|Toxic|p2a: squeeward\n|-status|p2a: squeeward|tox\n|\n|-heal|p1a: Toxapex|94\/100|[from] item: Leftovers\n|-damage|p2a: squeeward|95\/100 tox|[from] psn\n|upkeep\n|turn|13\n|\n|t:|1699581269\n|switch|p1a: Vivillon|Vivillon, M|100\/100\n|move|p2a: squeeward|Knock Off|p1a: Vivillon\n|-damage|p1a: Vivillon|84\/100\n|-enditem|p1a: Vivillon|Heavy-Duty Boots|[from] move: Knock Off|[of] p2a: squeeward\n|\n|-damage|p2a: squeeward|83\/100 tox|[from] psn\n|upkeep\n|turn|14\n|\n|t:|1699581298\n|switch|p2a: Klefki|Klefki, F|33\/100\n|move|p1a: Vivillon|Hurricane|p2a: Klefki\n|-resisted|p2a: Klefki\n|-damage|p2a: Klefki|8\/100\n|\n|upkeep\n|turn|15\n|\n|t:|1699581315\n|move|p2a: Klefki|Light Screen|p2a: Klefki\n|-sidestart|p2: PapaPena|move: Light Screen\n|move|p1a: Vivillon|Bug Buzz|p2a: Klefki\n|-resisted|p2a: Klefki\n|-damage|p2a: Klefki|3\/100\n|\n|upkeep\n|turn|16\n|\n|t:|1699581325\n|move|p2a: Klefki|Reflect|p2a: Klefki\n|-sidestart|p2: PapaPena|Reflect\n|move|p1a: Vivillon|Bug Buzz|p2a: Klefki\n|-resisted|p2a: Klefki\n|-damage|p2a: Klefki|0 fnt\n|faint|p2a: Klefki\n|\n|upkeep\n|\n|t:|1699581332\n|switch|p2a: what dat mouth do|Eelektross, F|22\/100\n|turn|17\n|\n|t:|1699581360\n|move|p1a: Vivillon|Sleep Powder|p2a: what dat mouth do\n|-status|p2a: what dat mouth do|slp|[from] move: Sleep Powder\n|cant|p2a: what dat mouth do|slp\n|\n|upkeep\n|turn|18\n|\n|t:|1699581367\n|move|p1a: Vivillon|Quiver Dance|p1a: Vivillon\n|-boost|p1a: Vivillon|spa|1\n|-boost|p1a: Vivillon|spd|1\n|-boost|p1a: Vivillon|spe|1\n|cant|p2a: what dat mouth do|slp\n|\n|upkeep\n|turn|19\n|\n|t:|1699581373\n|move|p1a: Vivillon|Quiver Dance|p1a: Vivillon\n|-boost|p1a: Vivillon|spa|1\n|-boost|p1a: Vivillon|spd|1\n|-boost|p1a: Vivillon|spe|1\n|-curestatus|p2a: what dat mouth do|slp|[msg]\n|move|p2a: what dat mouth do|Outrage|p1a: Vivillon\n|-crit|p1a: Vivillon\n|-damage|p1a: Vivillon|0 fnt\n|faint|p1a: Vivillon\n|\n|upkeep\n|\n|t:|1699581385\n|switch|p1a: Slither Wing|Slither Wing|100\/100\n|-damage|p1a: Slither Wing|88\/100|[from] Spikes\n|-enditem|p1a: Slither Wing|Booster Energy\n|-activate|p1a: Slither Wing|ability: Protosynthesis|[fromitem]\n|-start|p1a: Slither Wing|protosynthesisatk\n|turn|20\n|\n|t:|1699581391\n|move|p1a: Slither Wing|First Impression|p2a: what dat mouth do\n|-damage|p2a: what dat mouth do|0 fnt\n|faint|p2a: what dat mouth do\n|\n|upkeep\n|\n|t:|1699581403\n|switch|p2a: Tornadus|Tornadus-Therian, M|99\/100\n|turn|21\n|\n|t:|1699581415\n|move|p2a: Tornadus|Bleakwind Storm|p1a: Slither Wing\n|-supereffective|p1a: Slither Wing\n|-damage|p1a: Slither Wing|0 fnt\n|faint|p1a: Slither Wing\n|-end|p1a: Slither Wing|Protosynthesis|[silent]\n|\n|-heal|p2a: Tornadus|100\/100|[from] item: Leftovers\n|upkeep\n|\n|t:|1699581421\n|switch|p1a: Toxapex|Toxapex, M|100\/100\n|-damage|p1a: Toxapex|88\/100|[from] Spikes\n|turn|22\n|\n|t:|1699581432\n|move|p2a: Tornadus|Extrasensory|p1a: Toxapex\n|-supereffective|p1a: Toxapex\n|-damage|p1a: Toxapex|48\/100\n|move|p1a: Toxapex|Toxic|p2a: Tornadus\n|-status|p2a: Tornadus|tox\n|\n|-heal|p1a: Toxapex|54\/100|[from] item: Leftovers\n|-damage|p2a: Tornadus|94\/100 tox|[from] psn\n|-sideend|p2: PapaPena|move: Light Screen\n|upkeep\n|turn|23\n|\n|t:|1699581440\n|move|p2a: Tornadus|Extrasensory|p1a: Toxapex\n|-supereffective|p1a: Toxapex\n|-damage|p1a: Toxapex|18\/100\n|move|p1a: Toxapex|Recover|p1a: Toxapex\n|-heal|p1a: Toxapex|68\/100\n|\n|-heal|p2a: Tornadus|100\/100 tox|[from] item: Leftovers\n|-heal|p1a: Toxapex|74\/100|[from] item: Leftovers\n|-damage|p2a: Tornadus|88\/100 tox|[from] psn\n|-sideend|p2: PapaPena|Reflect\n|upkeep\n|turn|24\n|\n|t:|1699581449\n|move|p2a: Tornadus|Extrasensory|p1a: Toxapex\n|-supereffective|p1a: Toxapex\n|-damage|p1a: Toxapex|38\/100\n|move|p1a: Toxapex|Recover|p1a: Toxapex\n|-heal|p1a: Toxapex|88\/100\n|\n|-heal|p2a: Tornadus|94\/100 tox|[from] item: Leftovers\n|-heal|p1a: Toxapex|94\/100|[from] item: Leftovers\n|-damage|p2a: Tornadus|76\/100 tox|[from] psn\n|upkeep\n|turn|25\n|\n|t:|1699581460\n|move|p2a: Tornadus|Extrasensory|p1a: Toxapex\n|-supereffective|p1a: Toxapex\n|-damage|p1a: Toxapex|54\/100\n|move|p1a: Toxapex|Recover|p1a: Toxapex\n|-heal|p1a: Toxapex|100\/100\n|\n|-heal|p2a: Tornadus|82\/100 tox|[from] item: Leftovers\n|-damage|p2a: Tornadus|58\/100 tox|[from] psn\n|upkeep\n|turn|26\n|j| HeirEhm\n|\n|t:|1699581470\n|switch|p2a: squeeward|Toedscool, M|83\/100 tox\n|move|p1a: Toxapex|Recover||[still]\n|-fail|p1a: Toxapex|heal\n|\n|-damage|p2a: squeeward|77\/100 tox|[from] psn\n|upkeep\n|turn|27\n|\n|t:|1699581480\n|move|p1a: Toxapex|Scald|p2a: squeeward\n|-damage|p2a: squeeward|66\/100 tox\n|move|p2a: squeeward|Leech Seed|p1a: Toxapex\n|-start|p1a: Toxapex|move: Leech Seed\n|\n|-damage|p1a: Toxapex|88\/100|[from] Leech Seed|[of] p2a: squeeward\n|-heal|p2a: squeeward|79\/100 tox|[silent]\n|-damage|p2a: squeeward|67\/100 tox|[from] psn\n|upkeep\n|turn|28\n|\n|t:|1699581490\n|move|p2a: squeeward|Knock Off|p1a: Toxapex\n|-damage|p1a: Toxapex|80\/100\n|-enditem|p1a: Toxapex|Leftovers|[from] move: Knock Off|[of] p2a: squeeward\n|move|p1a: Toxapex|Recover|p1a: Toxapex\n|-heal|p1a: Toxapex|100\/100\n|\n|-damage|p1a: Toxapex|88\/100|[from] Leech Seed|[of] p2a: squeeward\n|-heal|p2a: squeeward|81\/100 tox|[silent]\n|-damage|p2a: squeeward|63\/100 tox|[from] psn\n|upkeep\n|turn|29\n|\n|t:|1699581501\n|switch|p2a: Tornadus|Tornadus-Therian, M|91\/100 tox\n|move|p1a: Toxapex|Scald|p2a: Tornadus\n|-damage|p2a: Tornadus|71\/100 tox\n|\n|-heal|p2a: Tornadus|77\/100 tox|[from] item: Leftovers\n|-damage|p1a: Toxapex|75\/100|[from] Leech Seed|[of] p2a: Tornadus\n|-heal|p2a: Tornadus|90\/100 tox|[silent]\n|-damage|p2a: Tornadus|84\/100 tox|[from] psn\n|upkeep\n|turn|30\n|\n|t:|1699581511\n|move|p2a: Tornadus|Extrasensory|p1a: Toxapex\n|-supereffective|p1a: Toxapex\n|-damage|p1a: Toxapex|38\/100\n|move|p1a: Toxapex|Recover|p1a: Toxapex\n|-heal|p1a: Toxapex|88\/100\n|\n|-heal|p2a: Tornadus|90\/100 tox|[from] item: Leftovers\n|-damage|p1a: Toxapex|75\/100|[from] Leech Seed|[of] p2a: Tornadus\n|-heal|p2a: Tornadus|100\/100 tox|[silent]\n|-damage|p2a: Tornadus|88\/100 tox|[from] psn\n|upkeep\n|turn|31\n|\n|t:|1699581524\n|move|p2a: Tornadus|Extrasensory|p1a: Toxapex\n|-supereffective|p1a: Toxapex\n|-damage|p1a: Toxapex|33\/100\n|move|p1a: Toxapex|Recover|p1a: Toxapex\n|-heal|p1a: Toxapex|83\/100\n|\n|-heal|p2a: Tornadus|94\/100 tox|[from] item: Leftovers\n|-damage|p1a: Toxapex|70\/100|[from] Leech Seed|[of] p2a: Tornadus\n|-heal|p2a: Tornadus|100\/100 tox|[silent]\n|-damage|p2a: Tornadus|82\/100 tox|[from] psn\n|upkeep\n|turn|32\n|\n|t:|1699581533\n|move|p2a: Tornadus|Extrasensory|p1a: Toxapex\n|-supereffective|p1a: Toxapex\n|-damage|p1a: Toxapex|30\/100\n|move|p1a: Toxapex|Recover|p1a: Toxapex\n|-heal|p1a: Toxapex|80\/100\n|\n|-heal|p2a: Tornadus|88\/100 tox|[from] item: Leftovers\n|-damage|p1a: Toxapex|68\/100|[from] Leech Seed|[of] p2a: Tornadus\n|-heal|p2a: Tornadus|100\/100 tox|[silent]\n|-damage|p2a: Tornadus|76\/100 tox|[from] psn\n|upkeep\n|turn|33\n|\n|t:|1699581550\n|move|p2a: Tornadus|Extrasensory|p1a: Toxapex\n|-supereffective|p1a: Toxapex\n|-damage|p1a: Toxapex|30\/100\n|move|p1a: Toxapex|Toxic|p2a: Tornadus\n|-fail|p2a: Tornadus|tox\n|\n|-heal|p2a: Tornadus|82\/100 tox|[from] item: Leftovers\n|-damage|p1a: Toxapex|18\/100|[from] Leech Seed|[of] p2a: Tornadus\n|-heal|p2a: Tornadus|95\/100 tox|[silent]\n|-damage|p2a: Tornadus|65\/100 tox|[from] psn\n|upkeep\n|turn|34\n|\n|t:|1699581560\n|move|p2a: Tornadus|Extrasensory|p1a: Toxapex\n|-supereffective|p1a: Toxapex\n|-damage|p1a: Toxapex|0 fnt\n|faint|p1a: Toxapex\n|\n|win|PapaPena\n|l|\u2606FisheePhishee\n","uploadtime":1699581626,"views":5,"p1id":"fisheephishee","p2id":"papapena","formatid":"gen9nationaldex","rating":0,"private":0,"password":""}