{"id":"gen9nationaldex-1991080940","p1":"Nick2488","p2":"woodsliberty","format":"[Gen 9] National Dex","log":"|j|\u2606Nick2488\n|j|\u2606woodsliberty\n|t:|1700039808\n|gametype|singles\n|player|p1|Nick2488|cynthia-gen4|1132\n|player|p2|woodsliberty|hilbert-wonderlauncher|1140\n|teamsize|p1|6\n|teamsize|p2|6\n|gen|9\n|tier|[Gen 9] National Dex\n|rated|\n|rule|HP Percentage Mod: HP is shown in percentages\n|rule|Endless Battle Clause: Forcing endless battles is banned\n|rule|OHKO Clause: OHKO moves are banned\n|rule|Evasion Clause: Evasion abilities, items, and moves are banned\n|rule|Evasion Abilities Clause: Evasion abilities are banned\n|rule|Evasion Items Clause: Evasion items are banned\n|rule|Evasion Moves Clause: Evasion moves are banned\n|rule|Species Clause: Limit one of each Pok\u00e9mon\n|rule|Sleep Clause Mod: Limit one foe put to sleep\n|clearpoke\n|poke|p1|Ampharos, F|\n|poke|p1|Primarina, F|\n|poke|p1|Aegislash, F|\n|poke|p1|Overqwil, M|\n|poke|p1|Sigilyph, F|\n|poke|p1|Golurk|\n|poke|p2|Dragonite, F|\n|poke|p2|Alomomola, M|\n|poke|p2|Bisharp, F|\n|poke|p2|Lopunny, M|\n|poke|p2|Iron Moth|\n|poke|p2|Gliscor, F|\n|teampreview\n|inactive|Battle timer is ON: inactive players will automatically lose when time's up. (requested by Nick2488)\n|\n|t:|1700039832\n|start\n|switch|p1a: Aegislash|Aegislash, F|100\/100\n|switch|p2a: Gliscor|Gliscor, F|100\/100\n|turn|1\n|\n|t:|1700039840\n|move|p2a: Gliscor|Toxic|p1a: Aegislash\n|-immune|p1a: Aegislash\n|-formechange|p1a: Aegislash|Aegislash-Blade||[from] ability: Stance Change\n|move|p1a: Aegislash|Iron Head|p2a: Gliscor\n|-damage|p2a: Gliscor|60\/100\n|\n|-status|p2a: Gliscor|tox|[from] item: Toxic Orb\n|upkeep\n|turn|2\n|\n|t:|1700039848\n|move|p2a: Gliscor|Stealth Rock|p1a: Aegislash\n|-sidestart|p1: Nick2488|move: Stealth Rock\n|move|p1a: Aegislash|Iron Head|p2a: Gliscor\n|-damage|p2a: Gliscor|23\/100 tox\n|\n|-heal|p2a: Gliscor|35\/100 tox|[from] ability: Poison Heal\n|upkeep\n|turn|3\n|\n|t:|1700039859\n|move|p2a: Gliscor|Roost|p2a: Gliscor\n|-heal|p2a: Gliscor|85\/100 tox\n|-singleturn|p2a: Gliscor|move: Roost\n|move|p1a: Aegislash|Shadow Claw|p2a: Gliscor\n|-damage|p2a: Gliscor|51\/100 tox\n|\n|-heal|p2a: Gliscor|64\/100 tox|[from] ability: Poison Heal\n|upkeep\n|turn|4\n|\n|t:|1700039867\n|move|p2a: Gliscor|Earthquake|p1a: Aegislash\n|-supereffective|p1a: Aegislash\n|-damage|p1a: Aegislash|0 fnt\n|faint|p1a: Aegislash\n|\n|-heal|p2a: Gliscor|76\/100 tox|[from] ability: Poison Heal\n|upkeep\n|\n|t:|1700039875\n|switch|p1a: Primarina|Primarina, F|100\/100\n|-damage|p1a: Primarina|88\/100|[from] Stealth Rock\n|turn|5\n|\n|t:|1700039879\n|switch|p2a: Alomomola|Alomomola, M|100\/100\n|move|p1a: Primarina|Sparkling Aria|p2a: Alomomola\n|-resisted|p2a: Alomomola\n|-damage|p2a: Alomomola|79\/100\n|\n|upkeep\n|turn|6\n|\n|t:|1700039885\n|move|p2a: Alomomola|Toxic|p1a: Primarina\n|-status|p1a: Primarina|tox\n|move|p1a: Primarina|Energy Ball|p2a: Alomomola\n|-supereffective|p2a: Alomomola\n|-crit|p2a: Alomomola\n|-damage|p2a: Alomomola|0 fnt\n|faint|p2a: Alomomola\n|\n|-damage|p1a: Primarina|82\/100 tox|[from] psn\n|upkeep\n|\n|t:|1700039901\n|switch|p2a: Lopunny|Lopunny, M|100\/100\n|turn|7\n|\n|t:|1700039904\n|detailschange|p2a: Lopunny|Lopunny-Mega, M\n|-mega|p2a: Lopunny|Lopunny|Lopunnite\n|move|p2a: Lopunny|Fake Out|p1a: Primarina\n|-damage|p1a: Primarina|54\/100 tox\n|cant|p1a: Primarina|flinch\n|\n|-damage|p1a: Primarina|42\/100 tox|[from] psn\n|upkeep\n|turn|8\n|\n|t:|1700039912\n|move|p2a: Lopunny|Return|p1a: Primarina\n|-damage|p1a: Primarina|0 fnt\n|faint|p1a: Primarina\n|\n|upkeep\n|\n|t:|1700039916\n|switch|p1a: Sigilyph|Sigilyph, F|100\/100\n|turn|9\n|\n|t:|1700039923\n|switch|p2a: Bisharp|Bisharp, F|100\/100\n|move|p1a: Sigilyph|Psychic|p2a: Bisharp\n|-immune|p2a: Bisharp\n|\n|upkeep\n|turn|10\n|\n|t:|1700039930\n|move|p1a: Sigilyph|Heat Wave|p2a: Bisharp\n|-supereffective|p2a: Bisharp\n|-damage|p2a: Bisharp|40\/100\n|move|p2a: Bisharp|Swords Dance|p2a: Bisharp\n|-boost|p2a: Bisharp|atk|2\n|\n|upkeep\n|turn|11\n|\n|t:|1700039937\n|move|p2a: Bisharp|Sucker Punch|p1a: Sigilyph\n|-supereffective|p1a: Sigilyph\n|-damage|p1a: Sigilyph|0 fnt\n|faint|p1a: Sigilyph\n|\n|upkeep\n|\n|t:|1700039941\n|switch|p1a: Golurk|Golurk|100\/100\n|-damage|p1a: Golurk|94\/100|[from] Stealth Rock\n|turn|12\n|\n|t:|1700039945\n|move|p2a: Bisharp|Sucker Punch|p1a: Golurk\n|-supereffective|p1a: Golurk\n|-damage|p1a: Golurk|0 fnt\n|faint|p1a: Golurk\n|\n|upkeep\n|\n|t:|1700039948\n|switch|p1a: Ampharos|Ampharos, F|100\/100\n|-damage|p1a: Ampharos|88\/100|[from] Stealth Rock\n|turn|13\n|\n|t:|1700039954\n|detailschange|p1a: Ampharos|Ampharos-Mega, F\n|-mega|p1a: Ampharos|Ampharos|Ampharosite\n|-ability|p1a: Ampharos|Mold Breaker\n|move|p2a: Bisharp|Sucker Punch|p1a: Ampharos\n|-damage|p1a: Ampharos|21\/100\n|move|p1a: Ampharos|Discharge|p2a: Bisharp\n|-damage|p2a: Bisharp|0 fnt\n|faint|p2a: Bisharp\n|\n|upkeep\n|\n|t:|1700039963\n|switch|p2a: Lopunny|Lopunny-Mega, M|100\/100\n|turn|14\n|\n|t:|1700039970\n|move|p2a: Lopunny|Fake Out|p1a: Ampharos\n|-damage|p1a: Ampharos|3\/100\n|cant|p1a: Ampharos|flinch\n|\n|upkeep\n|turn|15\n|\n|t:|1700039976\n|move|p2a: Lopunny|Return|p1a: Ampharos\n|-damage|p1a: Ampharos|0 fnt\n|faint|p1a: Ampharos\n|\n|upkeep\n|\n|t:|1700039978\n|switch|p1a: Overqwil|Overqwil, M|100\/100\n|-damage|p1a: Overqwil|88\/100|[from] Stealth Rock\n|-ability|p1a: Overqwil|Intimidate|boost\n|-fail|p2a: Lopunny|unboost|Attack|[from] ability: Scrappy|[of] p2a: Lopunny\n|turn|16\n|\n|t:|1700039987\n|move|p2a: Lopunny|Close Combat|p1a: Overqwil\n|-damage|p1a: Overqwil|15\/100\n|-unboost|p2a: Lopunny|def|1\n|-unboost|p2a: Lopunny|spd|1\n|move|p1a: Overqwil|Swords Dance|p1a: Overqwil\n|-boost|p1a: Overqwil|atk|2\n|\n|upkeep\n|turn|17\n|\n|t:|1700039997\n|move|p2a: Lopunny|Quick Attack|p1a: Overqwil\n|-damage|p1a: Overqwil|0 fnt\n|faint|p1a: Overqwil\n|\n|win|woodsliberty\n|raw|Nick2488's rating: 1132 &rarr; <strong>1108<\/strong><br \/>(-24 for losing)\n|raw|woodsliberty's rating: 1140 &rarr; <strong>1164<\/strong><br \/>(+24 for winning)\n|l|\u2606Nick2488\n","uploadtime":1700040006,"views":4,"p1id":"nick2488","p2id":"woodsliberty","formatid":"gen9nationaldex","rating":1108,"private":0,"password":""}