{"id":"gen9nationaldex-1988914373","p1":"mops2002","p2":"TexanFarmersMarket","format":"[Gen 9] National Dex","log":"|j|\u2606mops2002\n|j|\u2606TexanFarmersMarket\n|t:|1699786811\n|gametype|singles\n|player|p1|mops2002|169|\n|player|p2|TexanFarmersMarket|bellepa|\n|teamsize|p1|6\n|teamsize|p2|6\n|gen|9\n|tier|[Gen 9] National Dex\n|rule|HP Percentage Mod: HP is shown in percentages\n|rule|Endless Battle Clause: Forcing endless battles is banned\n|rule|OHKO Clause: OHKO moves are banned\n|rule|Evasion Clause: Evasion abilities, items, and moves are banned\n|rule|Evasion Abilities Clause: Evasion abilities are banned\n|rule|Evasion Items Clause: Evasion items are banned\n|rule|Evasion Moves Clause: Evasion moves are banned\n|rule|Species Clause: Limit one of each Pok\u00e9mon\n|rule|Sleep Clause Mod: Limit one foe put to sleep\n|clearpoke\n|poke|p1|Venusaur, F|\n|poke|p1|Rotom-Mow|\n|poke|p1|Ferrothorn, F|\n|poke|p1|Toedscruel, F|\n|poke|p1|Sinistcha|\n|poke|p1|Meowscarada, F|\n|poke|p2|Ursaluna, M|\n|poke|p2|Noivern, F|\n|poke|p2|Hitmontop, M|\n|poke|p2|Mimikyu, M|\n|poke|p2|Aggron, F|\n|poke|p2|Lopunny, M|\n|teampreview\n|inactive|Battle timer is ON: inactive players will automatically lose when time's up. (requested by TexanFarmersMarket)\n|c|\u2606TexanFarmersMarket|glhf\n|c|\u2606mops2002|glhf\n|\n|t:|1699786828\n|start\n|switch|p1a: Rotom|Rotom-Mow|100\/100\n|switch|p2a: Breakdancer|Hitmontop, M|100\/100\n|turn|1\n|\n|t:|1699786835\n|move|p2a: Breakdancer|Fake Out|p1a: Rotom\n|-damage|p1a: Rotom|78\/100\n|cant|p1a: Rotom|flinch\n|\n|upkeep\n|turn|2\n|\n|t:|1699786840\n|move|p1a: Rotom|Volt Switch|p2a: Breakdancer\n|-damage|p2a: Breakdancer|66\/100\n|\n|t:|1699786851\n|switch|p1a: Ferrothorn|Ferrothorn, F|100\/100|[from] Volt Switch\n|move|p2a: Breakdancer|Triple Axel|p1a: Ferrothorn\n|-damage|p1a: Ferrothorn|95\/100\n|-damage|p2a: Breakdancer|54\/100|[from] ability: Iron Barbs|[of] p1a: Ferrothorn\n|-damage|p2a: Breakdancer|37\/100|[from] item: Rocky Helmet|[of] p1a: Ferrothorn\n|-hitcount|p1a: Ferrothorn|1\n|\n|upkeep\n|turn|3\n|\n|t:|1699786865\n|switch|p2a: Contact Only|Aggron, F|100\/100\n|move|p1a: Ferrothorn|Stealth Rock|p2a: Contact Only\n|-sidestart|p2: TexanFarmersMarket|move: Stealth Rock\n|\n|upkeep\n|turn|4\n|\n|t:|1699786873\n|move|p2a: Contact Only|Earthquake|p1a: Ferrothorn\n|-crit|p1a: Ferrothorn\n|-damage|p1a: Ferrothorn|67\/100\n|move|p1a: Ferrothorn|Leech Seed|p2a: Contact Only\n|-start|p2a: Contact Only|move: Leech Seed\n|\n|-damage|p2a: Contact Only|88\/100|[from] Leech Seed|[of] p1a: Ferrothorn\n|-heal|p1a: Ferrothorn|79\/100|[silent]\n|upkeep\n|turn|5\n|\n|t:|1699786881\n|move|p1a: Ferrothorn|Body Press|p2a: Contact Only\n|-supereffective|p2a: Contact Only\n|-damage|p2a: Contact Only|10\/100\n|move|p2a: Contact Only|Counter|p1a: Ferrothorn\n|-damage|p1a: Ferrothorn|0 fnt\n|-damage|p2a: Contact Only|0 fnt|[from] ability: Iron Barbs|[of] p1a: Ferrothorn\n|faint|p1a: Ferrothorn\n|faint|p2a: Contact Only\n|\n|upkeep\n|\n|t:|1699786890\n|switch|p2a: Not Pikachu|Mimikyu, M|100\/100\n|switch|p1a: Toedscruel|Toedscruel, F|100\/100\n|-damage|p2a: Not Pikachu|88\/100|[from] Stealth Rock\n|turn|6\n|\n|t:|1699786903\n|-zpower|p2a: Not Pikachu\n|move|p2a: Not Pikachu|Let's Snuggle Forever|p1a: Toedscruel|[zeffect]\n|-damage|p1a: Toedscruel|4\/100\n|move|p1a: Toedscruel|Earth Power|p2a: Not Pikachu\n|-activate|p2a: Not Pikachu|ability: Disguise\n|-damage|p2a: Not Pikachu|88\/100\n|detailschange|p2a: Not Pikachu|Mimikyu-Busted, M\n|-damage|p2a: Not Pikachu|76\/100|[from] pokemon: Mimikyu-Busted\n|\n|upkeep\n|turn|7\n|\n|t:|1699786920\n|switch|p1a: Rotom|Rotom-Mow|78\/100\n|move|p2a: Not Pikachu|Shadow Sneak|p1a: Rotom\n|-damage|p1a: Rotom|56\/100\n|\n|upkeep\n|turn|8\n|\n|t:|1699786934\n|move|p1a: Rotom|Hex|p2a: Not Pikachu\n|-supereffective|p2a: Not Pikachu\n|-damage|p2a: Not Pikachu|25\/100\n|move|p2a: Not Pikachu|Swords Dance|p2a: Not Pikachu\n|-boost|p2a: Not Pikachu|atk|2\n|\n|upkeep\n|turn|9\n|\n|t:|1699786948\n|move|p2a: Not Pikachu|Shadow Sneak|p1a: Rotom\n|-damage|p1a: Rotom|16\/100\n|move|p1a: Rotom|Hex|p2a: Not Pikachu\n|-supereffective|p2a: Not Pikachu\n|-damage|p2a: Not Pikachu|0 fnt\n|faint|p2a: Not Pikachu\n|\n|upkeep\n|\n|t:|1699786952\n|switch|p2a: Breakdancer|Hitmontop, M|37\/100\n|-damage|p2a: Breakdancer|31\/100|[from] Stealth Rock\n|turn|10\n|\n|t:|1699786957\n|switch|p1a: Sinistcha|Sinistcha|100\/100\n|move|p2a: Breakdancer|Fake Out|p1a: Sinistcha\n|-immune|p1a: Sinistcha\n|\n|upkeep\n|turn|11\n|\n|t:|1699786975\n|switch|p1a: Rotom|Rotom-Mow|16\/100\n|move|p2a: Breakdancer|Triple Axel|p1a: Rotom|[miss]\n|-miss|p2a: Breakdancer|p1a: Rotom\n|\n|upkeep\n|turn|12\n|\n|t:|1699786981\n|move|p2a: Breakdancer|Mach Punch|p1a: Rotom\n|-damage|p1a: Rotom|0 fnt\n|faint|p1a: Rotom\n|\n|upkeep\n|\n|t:|1699786986\n|switch|p1a: Meowscarada|Meowscarada, F|100\/100\n|turn|13\n|\n|t:|1699786995\n|-terastallize|p2a: Breakdancer|Fighting\n|move|p2a: Breakdancer|Mach Punch|p1a: Meowscarada\n|-supereffective|p1a: Meowscarada\n|-damage|p1a: Meowscarada|0 fnt\n|faint|p1a: Meowscarada\n|\n|upkeep\n|\n|t:|1699787006\n|switch|p1a: Venusaur|Venusaur, F|100\/100\n|turn|14\n|\n|t:|1699787015\n|detailschange|p1a: Venusaur|Venusaur-Mega, F\n|-mega|p1a: Venusaur|Venusaur|Venusaurite\n|move|p1a: Venusaur|Earth Power|p2a: Breakdancer\n|-damage|p2a: Breakdancer|1\/100\n|move|p2a: Breakdancer|Triple Axel|p1a: Venusaur\n|-supereffective|p1a: Venusaur\n|-crit|p1a: Venusaur\n|-damage|p1a: Venusaur|86\/100\n|-supereffective|p1a: Venusaur\n|-damage|p1a: Venusaur|69\/100\n|-supereffective|p1a: Venusaur\n|-damage|p1a: Venusaur|41\/100\n|-hitcount|p1a: Venusaur|3\n|\n|upkeep\n|turn|15\n|\n|t:|1699787030\n|move|p2a: Breakdancer|Mach Punch|p1a: Venusaur\n|-resisted|p1a: Venusaur\n|-damage|p1a: Venusaur|26\/100\n|move|p1a: Venusaur|Sludge Bomb|p2a: Breakdancer\n|-damage|p2a: Breakdancer|0 fnt\n|faint|p2a: Breakdancer\n|\n|upkeep\n|\n|t:|1699787034\n|switch|p2a: Gamefreak What|Lopunny, M|100\/100\n|-damage|p2a: Gamefreak What|88\/100|[from] Stealth Rock\n|turn|16\n|\n|t:|1699787045\n|switch|p1a: Sinistcha|Sinistcha|100\/100\n|detailschange|p2a: Gamefreak What|Lopunny-Mega, M\n|-mega|p2a: Gamefreak What|Lopunny|Lopunnite\n|move|p2a: Gamefreak What|Fake Out|p1a: Sinistcha\n|-damage|p1a: Sinistcha|85\/100\n|\n|-heal|p1a: Sinistcha|91\/100|[from] item: Leftovers\n|upkeep\n|turn|17\n|\n|t:|1699787054\n|move|p2a: Gamefreak What|High Jump Kick|p1a: Sinistcha\n|-damage|p1a: Sinistcha|46\/100\n|move|p1a: Sinistcha|Calm Mind|p1a: Sinistcha\n|-boost|p1a: Sinistcha|spa|1\n|-boost|p1a: Sinistcha|spd|1\n|\n|-heal|p1a: Sinistcha|52\/100|[from] item: Leftovers\n|upkeep\n|turn|18\n|\n|t:|1699787062\n|move|p2a: Gamefreak What|Ice Punch|p1a: Sinistcha\n|-supereffective|p1a: Sinistcha\n|-damage|p1a: Sinistcha|16\/100\n|move|p1a: Sinistcha|Strength Sap|p2a: Gamefreak What\n|-unboost|p2a: Gamefreak What|atk|1\n|-heal|p1a: Sinistcha|100\/100\n|\n|upkeep\n|turn|19\n|\n|t:|1699787077\n|switch|p2a: Not Ursaring|Ursaluna, M|100\/100\n|-damage|p2a: Not Ursaring|94\/100|[from] Stealth Rock\n|move|p1a: Sinistcha|Calm Mind|p1a: Sinistcha\n|-boost|p1a: Sinistcha|spa|1\n|-boost|p1a: Sinistcha|spd|1\n|\n|-status|p2a: Not Ursaring|brn|[from] item: Flame Orb\n|upkeep\n|turn|20\n|\n|t:|1699787087\n|move|p1a: Sinistcha|Energy Ball|p2a: Not Ursaring\n|-supereffective|p2a: Not Ursaring\n|-damage|p2a: Not Ursaring|0 fnt\n|faint|p2a: Not Ursaring\n|\n|upkeep\n|\n|t:|1699787090\n|switch|p2a: AHHHH!!!!!|Noivern, F|100\/100\n|-damage|p2a: AHHHH!!!!!|76\/100|[from] Stealth Rock\n|-item|p1a: Sinistcha|Leftovers|[from] ability: Frisk|[of] p2a: AHHHH!!!!!|[identify]\n|turn|21\n|\n|t:|1699787106\n|-terastallize|p1a: Sinistcha|Poison\n|move|p2a: AHHHH!!!!!|Hurricane|p1a: Sinistcha\n|-damage|p1a: Sinistcha|62\/100\n|-start|p1a: Sinistcha|confusion\n|-activate|p1a: Sinistcha|confusion\n|-damage|p1a: Sinistcha|59\/100|[from] confusion\n|\n|-heal|p1a: Sinistcha|65\/100|[from] item: Leftovers\n|upkeep\n|turn|22\n|\n|t:|1699787115\n|move|p2a: AHHHH!!!!!|Hurricane|p1a: Sinistcha\n|-damage|p1a: Sinistcha|26\/100\n|-activate|p1a: Sinistcha|confusion\n|-damage|p1a: Sinistcha|22\/100|[from] confusion\n|\n|-heal|p1a: Sinistcha|28\/100|[from] item: Leftovers\n|upkeep\n|turn|23\n|\n|t:|1699787125\n|move|p2a: AHHHH!!!!!|Hurricane|p1a: Sinistcha|[miss]\n|-miss|p2a: AHHHH!!!!!|p1a: Sinistcha\n|-end|p1a: Sinistcha|confusion\n|move|p1a: Sinistcha|Hex|p2a: AHHHH!!!!!\n|-damage|p2a: AHHHH!!!!!|4\/100\n|\n|-heal|p1a: Sinistcha|34\/100|[from] item: Leftovers\n|upkeep\n|turn|24\n|c|\u2606TexanFarmersMarket|rng manipulation\n|\n|t:|1699787137\n|move|p2a: AHHHH!!!!!|Hurricane|p1a: Sinistcha\n|-damage|p1a: Sinistcha|0 fnt\n|faint|p1a: Sinistcha\n|\n|upkeep\n|\n|t:|1699787145\n|switch|p1a: Venusaur|Venusaur-Mega, F|26\/100\n|turn|25\n|\n|t:|1699787149\n|move|p2a: AHHHH!!!!!|Hurricane|p1a: Venusaur\n|-supereffective|p1a: Venusaur\n|-damage|p1a: Venusaur|0 fnt\n|faint|p1a: Venusaur\n|\n|upkeep\n|\n|t:|1699787153\n|switch|p1a: Toedscruel|Toedscruel, F|4\/100\n|turn|26\n|\n|t:|1699787156\n|move|p2a: AHHHH!!!!!|Hurricane|p1a: Toedscruel|[miss]\n|-miss|p2a: AHHHH!!!!!|p1a: Toedscruel\n|move|p1a: Toedscruel|Rapid Spin|p2a: AHHHH!!!!!\n|-damage|p2a: AHHHH!!!!!|0 fnt\n|-boost|p1a: Toedscruel|spe|1\n|faint|p2a: AHHHH!!!!!\n|\n|upkeep\n|\n|t:|1699787158\n|switch|p2a: Gamefreak What|Lopunny-Mega, M|88\/100\n|-damage|p2a: Gamefreak What|82\/100|[from] Stealth Rock\n|turn|27\n|\n|t:|1699787167\n|move|p2a: Gamefreak What|Fake Out|p1a: Toedscruel\n|-damage|p1a: Toedscruel|0 fnt\n|faint|p1a: Toedscruel\n|\n|win|TexanFarmersMarket\n|c|\u2606TexanFarmersMarket|ggwp\n|c|\u2606mops2002|gg\n|c|\u2606mops2002|rng sucked\n","uploadtime":1699787185,"views":39,"p1id":"mops2002","p2id":"texanfarmersmarket","formatid":"gen9nationaldex","rating":0,"private":0,"password":""}