{"id":"gen9nationaldex-1987106592","p1":"Rising skies","p2":"thagreatbuffalo","format":"[Gen 9] National Dex","log":"|j|\u2606Rising skies\n|j|\u2606thagreatbuffalo\n|t:|1699556583\n|gametype|singles\n|player|p1|Rising skies|fisherman-gen4|1434\n|player|p2|thagreatbuffalo|caitlin-masters|1449\n|teamsize|p1|6\n|teamsize|p2|6\n|gen|9\n|tier|[Gen 9] National Dex\n|rated|\n|rule|HP Percentage Mod: HP is shown in percentages\n|rule|Endless Battle Clause: Forcing endless battles is banned\n|rule|OHKO Clause: OHKO moves are banned\n|rule|Evasion Clause: Evasion abilities, items, and moves are banned\n|rule|Evasion Abilities Clause: Evasion abilities are banned\n|rule|Evasion Items Clause: Evasion items are banned\n|rule|Evasion Moves Clause: Evasion moves are banned\n|rule|Species Clause: Limit one of each Pok\u00e9mon\n|rule|Sleep Clause Mod: Limit one foe put to sleep\n|clearpoke\n|poke|p1|Tapu Lele|\n|poke|p1|Tornadus-Therian, M|\n|poke|p1|Zamazenta-*|\n|poke|p1|Meowscarada, F|\n|poke|p1|Blacephalon|\n|poke|p1|Aerodactyl, F|\n|poke|p2|Okidogi, M|\n|poke|p2|Urshifu-*, F|\n|poke|p2|Tapu Bulu|\n|poke|p2|Mew|\n|poke|p2|Sneasler, F|\n|poke|p2|Dondozo, F|\n|teampreview\n|inactive|Battle timer is ON: inactive players will automatically lose when time's up. (requested by Rising skies)\n|\n|t:|1699556602\n|start\n|switch|p1a: Meowscarada|Meowscarada, F|100\/100\n|switch|p2a: Envy|Okidogi, M|100\/100\n|turn|1\n|\n|t:|1699556608\n|move|p1a: Meowscarada|U-turn|p2a: Envy\n|-start|p1a: Meowscarada|typechange|Bug|[from] ability: Protean\n|-resisted|p2a: Envy\n|-damage|p2a: Envy|92\/100\n|\n|t:|1699556616\n|switch|p1a: Blacephalon|Blacephalon|100\/100|[from] U-turn\n|move|p2a: Envy|Poison Jab|p1a: Blacephalon\n|-resisted|p1a: Blacephalon\n|-damage|p1a: Blacephalon|46\/100\n|\n|upkeep\n|turn|2\n|\n|t:|1699556625\n|move|p1a: Blacephalon|Expanding Force|p2a: Envy\n|-supereffective|p2a: Envy\n|-damage|p2a: Envy|0 fnt\n|faint|p2a: Envy\n|-ability|p1a: Blacephalon|Beast Boost|boost\n|-boost|p1a: Blacephalon|spa|1\n|\n|upkeep\n|\n|t:|1699556634\n|switch|p2a: Sloth|Urshifu-Rapid-Strike, F|100\/100\n|turn|3\n|\n|t:|1699556636\n|move|p2a: Sloth|Aqua Jet|p1a: Blacephalon\n|-supereffective|p1a: Blacephalon\n|-damage|p1a: Blacephalon|0 fnt\n|faint|p1a: Blacephalon\n|\n|upkeep\n|\n|t:|1699556641\n|switch|p1a: Tapu Lele|Tapu Lele|100\/100\n|-fieldstart|move: Psychic Terrain|[from] ability: Psychic Surge|[of] p1a: Tapu Lele\n|turn|4\n|\n|t:|1699556649\n|switch|p2a: Lust|Mew, shiny|100\/100\n|move|p1a: Tapu Lele|Moonblast|p2a: Lust\n|-damage|p2a: Lust|54\/100\n|\n|upkeep\n|turn|5\n|\n|t:|1699556661\n|switch|p1a: Tornadus|Tornadus-Therian, M|100\/100\n|move|p2a: Lust|Psychic|p1a: Tornadus\n|-damage|p1a: Tornadus|63\/100\n|\n|-heal|p1a: Tornadus|69\/100|[from] item: Leftovers\n|upkeep\n|turn|6\n|\n|t:|1699556677\n|switch|p2a: Pride|Tapu Bulu, shiny|100\/100\n|-fieldstart|move: Grassy Terrain|[from] ability: Grassy Surge|[of] p2a: Pride\n|move|p1a: Tornadus|U-turn|p2a: Pride\n|-damage|p2a: Pride|88\/100\n|\n|t:|1699556683\n|switch|p1a: Aerodactyl|Aerodactyl, F|100\/100|[from] U-turn\n|\n|-heal|p2a: Pride|94\/100|[from] Grassy Terrain\n|upkeep\n|turn|7\n|\n|t:|1699556688\n|detailschange|p1a: Aerodactyl|Aerodactyl-Mega, F\n|-mega|p1a: Aerodactyl|Aerodactyl|Aerodactylite\n|move|p1a: Aerodactyl|Dual Wingbeat|p2a: Pride\n|-supereffective|p2a: Pride\n|-damage|p2a: Pride|37\/100\n|-supereffective|p2a: Pride\n|-damage|p2a: Pride|0 fnt\n|faint|p2a: Pride\n|-hitcount|p2: Pride|2\n|\n|upkeep\n|\n|t:|1699556716\n|switch|p2a: Greed|Sneasler, F, shiny|100\/100\n|-enditem|p2a: Greed|Grassy Seed\n|-boost|p2a: Greed|def|1|[from] item: Grassy Seed\n|turn|8\n|inactive|Rising skies has 120 seconds left.\n|\n|t:|1699556748\n|-terastallize|p2a: Greed|Flying\n|move|p2a: Greed|Swords Dance|p2a: Greed\n|-boost|p2a: Greed|atk|2\n|move|p1a: Aerodactyl|Dual Wingbeat|p2a: Greed\n|-damage|p2a: Greed|64\/100\n|-damage|p2a: Greed|28\/100\n|-hitcount|p2a: Greed|2\n|\n|upkeep\n|turn|9\n|\n|t:|1699556761\n|switch|p1a: Tapu Lele|Tapu Lele|100\/100\n|-fieldstart|move: Psychic Terrain|[from] ability: Psychic Surge|[of] p1a: Tapu Lele\n|move|p2a: Greed|Close Combat|p1a: Tapu Lele\n|-resisted|p1a: Tapu Lele\n|-damage|p1a: Tapu Lele|45\/100\n|-unboost|p2a: Greed|def|1\n|-unboost|p2a: Greed|spd|1\n|\n|upkeep\n|turn|10\n|\n|t:|1699556770\n|move|p2a: Greed|Dire Claw|p1a: Tapu Lele\n|-supereffective|p1a: Tapu Lele\n|-damage|p1a: Tapu Lele|0 fnt\n|faint|p1a: Tapu Lele\n|\n|upkeep\n|\n|t:|1699556777\n|switch|p1a: Zamazenta|Zamazenta|100\/100\n|-ability|p1a: Zamazenta|Dauntless Shield|boost\n|-boost|p1a: Zamazenta|def|1\n|turn|11\n|\n|t:|1699556785\n|move|p2a: Greed|Acrobatics|p1a: Zamazenta\n|-supereffective|p1a: Zamazenta\n|-damage|p1a: Zamazenta|0 fnt\n|faint|p1a: Zamazenta\n|\n|upkeep\n|\n|t:|1699556792\n|switch|p1a: Tornadus|Tornadus-Therian, M|100\/100\n|turn|12\n|\n|t:|1699556796\n|move|p2a: Greed|Acrobatics|p1a: Tornadus\n|-damage|p1a: Tornadus|0 fnt\n|faint|p1a: Tornadus\n|\n|upkeep\n|-message|Rising skies forfeited.\n|\n|win|thagreatbuffalo\n|raw|Rising skies's rating: 1434 &rarr; <strong>1415<\/strong><br \/>(-19 for losing)\n|raw|thagreatbuffalo's rating: 1449 &rarr; <strong>1468<\/strong><br \/>(+19 for winning)\n|l|\u2606Rising skies\n","uploadtime":1699556816,"views":5,"p1id":"risingskies","p2id":"thagreatbuffalo","formatid":"gen9nationaldex","rating":1415,"private":0,"password":""}