{"id":"gen9nationaldex-2000296690","p1":"SaladofKale","p2":"yikiru233","format":"[Gen 9] National Dex","log":"|html|<div class=\"broadcast-blue\"><strong>[Gen 9] National Dex is currently suspecting Sneasler! For information on how to participate check out the <a href=\"https:\/\/www.smogon.com\/forums\/threads\/sv-national-dex-suspect-8-just-dance.3731534\/\">suspect thread<\/a>.<\/strong><\/div>\n|j|\u2606SaladofKale\n|j|\u2606yikiru233\n|t:|1701182444\n|gametype|singles\n|player|p1|SaladofKale|maid|1291\n|player|p2|yikiru233|lillie-z|1225\n|teamsize|p1|6\n|teamsize|p2|6\n|gen|9\n|tier|[Gen 9] National Dex\n|rated|\n|rule|HP Percentage Mod: HP is shown in percentages\n|rule|Endless Battle Clause: Forcing endless battles is banned\n|rule|OHKO Clause: OHKO moves are banned\n|rule|Evasion Clause: Evasion abilities, items, and moves are banned\n|rule|Evasion Abilities Clause: Evasion abilities are banned\n|rule|Evasion Items Clause: Evasion items are banned\n|rule|Evasion Moves Clause: Evasion moves are banned\n|rule|Species Clause: Limit one of each Pok\u00e9mon\n|rule|Sleep Clause Mod: Limit one foe put to sleep\n|clearpoke\n|poke|p1|Ferrothorn, M|\n|poke|p1|Clodsire, F|\n|poke|p1|Diancie|\n|poke|p1|Xurkitree|\n|poke|p1|Rillaboom, M|\n|poke|p1|Kommo-o, F|\n|poke|p2|Hoopa-Unbound|\n|poke|p2|Tornadus-Therian, M|\n|poke|p2|Glimmora, M|\n|poke|p2|Slowking, M|\n|poke|p2|Great Tusk|\n|poke|p2|Urshifu-*, F|\n|teampreview\n|inactive|Battle timer is ON: inactive players will automatically lose when time's up. (requested by SaladofKale)\n|\n|t:|1701182468\n|start\n|switch|p1a: Rillaboom|Rillaboom, M|100\/100\n|switch|p2a: Glimmora|Glimmora, M, shiny|100\/100\n|-fieldstart|move: Grassy Terrain|[from] ability: Grassy Surge|[of] p1a: Rillaboom\n|turn|1\n|\n|t:|1701182479\n|move|p2a: Glimmora|Sludge Bomb|p1a: Rillaboom\n|-supereffective|p1a: Rillaboom\n|-damage|p1a: Rillaboom|0 fnt\n|faint|p1a: Rillaboom\n|\n|upkeep\n|\n|t:|1701182486\n|switch|p1a: Diancie|Diancie|100\/100\n|turn|2\n|\n|t:|1701182502\n|detailschange|p1a: Diancie|Diancie-Mega\n|-mega|p1a: Diancie|Diancie|Diancite\n|move|p2a: Glimmora|Sludge Bomb|p1a: Diancie\n|-damage|p1a: Diancie|32\/100\n|-status|p1a: Diancie|psn\n|move|p1a: Diancie|Earth Power|p2a: Glimmora\n|-supereffective|p2a: Glimmora\n|-damage|p2a: Glimmora|0 fnt\n|faint|p2a: Glimmora\n|\n|-heal|p1a: Diancie|38\/100 psn|[from] Grassy Terrain\n|-damage|p1a: Diancie|25\/100 psn|[from] psn\n|upkeep\n|inactive|yikiru233 has 120 seconds left.\n|\n|t:|1701182523\n|switch|p2a: Urshifu|Urshifu-Rapid-Strike, F|100\/100\n|turn|3\n|\n|t:|1701182532\n|switch|p1a: Ferrothorn|Ferrothorn, M|100\/100\n|move|p2a: Urshifu|Swords Dance|p2a: Urshifu\n|-boost|p2a: Urshifu|atk|2\n|\n|upkeep\n|turn|4\n|\n|t:|1701182542\n|-terastallize|p2a: Urshifu|Fire\n|move|p2a: Urshifu|Swords Dance|p2a: Urshifu\n|-boost|p2a: Urshifu|atk|2\n|move|p1a: Ferrothorn|Leech Seed|p2a: Urshifu\n|-start|p2a: Urshifu|move: Leech Seed\n|\n|-damage|p2a: Urshifu|88\/100|[from] Leech Seed|[of] p1a: Ferrothorn\n|upkeep\n|turn|5\n|\n|t:|1701182557\n|-terastallize|p1a: Ferrothorn|Ghost\n|move|p2a: Urshifu|Trailblaze|p1a: Ferrothorn\n|-damage|p1a: Ferrothorn|64\/100\n|-boost|p2a: Urshifu|spe|1\n|-activate|p1a: Ferrothorn|ability: Iron Barbs\n|-activate|p2a: Urshifu|item: Protective Pads\n|move|p1a: Ferrothorn|Thunder Wave|p2a: Urshifu|[miss]\n|-miss|p1a: Ferrothorn|p2a: Urshifu\n|\n|-heal|p2a: Urshifu|94\/100|[from] Grassy Terrain\n|-heal|p1a: Ferrothorn|70\/100|[from] Grassy Terrain\n|-damage|p2a: Urshifu|82\/100|[from] Leech Seed|[of] p1a: Ferrothorn\n|-heal|p1a: Ferrothorn|82\/100|[silent]\n|upkeep\n|turn|6\n|\n|t:|1701182582\n|move|p2a: Urshifu|Surging Strikes|p1a: Ferrothorn\n|-crit|p1a: Ferrothorn\n|-damage|p1a: Ferrothorn|45\/100\n|-activate|p1a: Ferrothorn|ability: Iron Barbs\n|-activate|p2a: Urshifu|item: Protective Pads\n|-crit|p1a: Ferrothorn\n|-damage|p1a: Ferrothorn|10\/100\n|-activate|p1a: Ferrothorn|ability: Iron Barbs\n|-activate|p2a: Urshifu|item: Protective Pads\n|-crit|p1a: Ferrothorn\n|-damage|p1a: Ferrothorn|0 fnt\n|-activate|p1a: Ferrothorn|ability: Iron Barbs\n|-activate|p2a: Urshifu|item: Protective Pads\n|faint|p1a: Ferrothorn\n|-hitcount|p1: Ferrothorn|3\n|\n|-heal|p2a: Urshifu|88\/100|[from] Grassy Terrain\n|upkeep\n|\n|t:|1701182587\n|switch|p1a: Clodsire|Clodsire, F|100\/100\n|turn|7\n|\n|t:|1701182603\n|move|p2a: Urshifu|Surging Strikes|p1a: Clodsire\n|-supereffective|p1a: Clodsire\n|-crit|p1a: Clodsire\n|-damage|p1a: Clodsire|60\/100\n|-supereffective|p1a: Clodsire\n|-crit|p1a: Clodsire\n|-damage|p1a: Clodsire|17\/100\n|-supereffective|p1a: Clodsire\n|-crit|p1a: Clodsire\n|-damage|p1a: Clodsire|0 fnt\n|faint|p1a: Clodsire\n|-hitcount|p1: Clodsire|3\n|\n|-heal|p2a: Urshifu|94\/100|[from] Grassy Terrain\n|upkeep\n|-message|SaladofKale forfeited.\n|\n|win|yikiru233\n|raw|SaladofKale's rating: 1291 &rarr; <strong>1261<\/strong><br \/>(-30 for losing)\n|raw|yikiru233's rating: 1225 &rarr; <strong>1255<\/strong><br \/>(+30 for winning)\n|l|\u2606SaladofKale\n","uploadtime":1701182629,"views":3,"p1id":"saladofkale","p2id":"yikiru233","formatid":"gen9nationaldex","rating":1255,"private":0,"password":""}