{"id":"gen9nationaldex-1989929808","p1":"Blake-Mamba","p2":"Mscoquart8","format":"[Gen 9] National Dex","log":"|j|\u2606Blake-Mamba\n|j|\u2606Mscoquart8\n|t:|1699907649\n|gametype|singles\n|player|p1|Blake-Mamba|juan|1384\n|player|p2|Mscoquart8|170|1313\n|teamsize|p1|6\n|teamsize|p2|6\n|gen|9\n|tier|[Gen 9] National Dex\n|rated|\n|rule|HP Percentage Mod: HP is shown in percentages\n|rule|Endless Battle Clause: Forcing endless battles is banned\n|rule|OHKO Clause: OHKO moves are banned\n|rule|Evasion Clause: Evasion abilities, items, and moves are banned\n|rule|Evasion Abilities Clause: Evasion abilities are banned\n|rule|Evasion Items Clause: Evasion items are banned\n|rule|Evasion Moves Clause: Evasion moves are banned\n|rule|Species Clause: Limit one of each Pok\u00e9mon\n|rule|Sleep Clause Mod: Limit one foe put to sleep\n|clearpoke\n|poke|p1|Galvantula, F|\n|poke|p1|Serperior, M|\n|poke|p1|Volcarona, F|\n|poke|p1|Carracosta, M|\n|poke|p1|Archeops, M|\n|poke|p1|Golurk|\n|poke|p2|Zeraora|\n|poke|p2|Toxapex, F|\n|poke|p2|Lopunny, F|\n|poke|p2|Shiftry, M|\n|poke|p2|Heatran, F|\n|poke|p2|Dragonite, F|\n|teampreview\n|j| Gypsum\n|c|\u2606Blake-Mamba|Glhf\n|\n|t:|1699907663\n|start\n|switch|p1a: Galvantula|Galvantula, F|100\/100\n|switch|p2a: Dragonite|Dragonite, F|100\/100\n|turn|1\n|\n|t:|1699907670\n|move|p1a: Galvantula|Sticky Web|p2a: Dragonite\n|-sidestart|p2: Mscoquart8|move: Sticky Web\n|move|p2a: Dragonite|Dual Wingbeat|p1a: Galvantula\n|-damage|p1a: Galvantula|70\/100\n|-damage|p1a: Galvantula|35\/100\n|-hitcount|p1a: Galvantula|2\n|\n|upkeep\n|turn|2\n|\n|t:|1699907678\n|switch|p2a: Zeraora|Zeraora|100\/100\n|-activate|p2a: Zeraora|move: Sticky Web\n|-unboost|p2a: Zeraora|spe|1\n|move|p1a: Galvantula|Thunder|p2a: Zeraora\n|-immune|p2a: Zeraora|[from] ability: Volt Absorb\n|\n|upkeep\n|turn|3\n|\n|t:|1699907689\n|move|p1a: Galvantula|Bug Buzz|p2a: Zeraora\n|-damage|p2a: Zeraora|43\/100\n|move|p2a: Zeraora|Knock Off|p1a: Galvantula\n|-damage|p1a: Galvantula|0 fnt\n|-enditem|p1a: Galvantula|Focus Sash|[from] move: Knock Off|[of] p2a: Zeraora\n|faint|p1a: Galvantula\n|\n|upkeep\n|\n|t:|1699907699\n|switch|p1a: Golurk|Golurk|100\/100\n|turn|4\n|\n|t:|1699907702\n|move|p2a: Zeraora|Knock Off|p1a: Golurk\n|-supereffective|p1a: Golurk\n|-damage|p1a: Golurk|0 fnt\n|-enditem|p1a: Golurk|Weakness Policy|[from] move: Knock Off|[of] p2a: Zeraora\n|faint|p1a: Golurk\n|\n|upkeep\n|\n|t:|1699907708\n|switch|p1a: Serperior|Serperior, M|100\/100\n|turn|5\n|\n|t:|1699907713\n|switch|p2a: Shiftry|Shiftry, M|100\/100\n|-activate|p2a: Shiftry|move: Sticky Web\n|-unboost|p2a: Shiftry|spe|1\n|move|p1a: Serperior|Leaf Storm|p2a: Shiftry\n|-resisted|p2a: Shiftry\n|-damage|p2a: Shiftry|52\/100\n|-boost|p1a: Serperior|spa|2\n|-damage|p1a: Serperior|91\/100|[from] item: Life Orb\n|\n|upkeep\n|turn|6\n|\n|t:|1699907725\n|move|p2a: Shiftry|Sucker Punch||[still]\n|-fail|p2a: Shiftry\n|move|p1a: Serperior|Substitute|p1a: Serperior\n|-start|p1a: Serperior|Substitute\n|-damage|p1a: Serperior|66\/100\n|\n|upkeep\n|turn|7\n|\n|t:|1699907732\n|switch|p2a: Dragonite|Dragonite, F|100\/100\n|move|p1a: Serperior|Leaf Storm|p2a: Dragonite\n|-resisted|p2a: Dragonite\n|-damage|p2a: Dragonite|71\/100\n|-boost|p1a: Serperior|spa|2\n|-damage|p1a: Serperior|56\/100|[from] item: Life Orb\n|\n|upkeep\n|turn|8\n|\n|t:|1699907741\n|move|p1a: Serperior|Leaf Storm|p2a: Dragonite\n|-resisted|p2a: Dragonite\n|-damage|p2a: Dragonite|26\/100\n|-boost|p1a: Serperior|spa|2\n|-damage|p1a: Serperior|46\/100|[from] item: Life Orb\n|move|p2a: Dragonite|Dual Wingbeat|p1a: Serperior\n|-supereffective|p1a: Serperior\n|-end|p1a: Serperior|Substitute\n|-supereffective|p1a: Serperior\n|-damage|p1a: Serperior|4\/100\n|-hitcount|p1a: Serperior|2\n|\n|upkeep\n|turn|9\n|\n|t:|1699907754\n|move|p2a: Dragonite|Extreme Speed|p1a: Serperior\n|-damage|p1a: Serperior|0 fnt\n|faint|p1a: Serperior\n|\n|upkeep\n|inactive|Battle timer is ON: inactive players will automatically lose when time's up. (requested by Mscoquart8)\n|\n|t:|1699907763\n|switch|p1a: Archeops|Archeops, M|100\/100\n|turn|10\n|\n|t:|1699907771\n|move|p1a: Archeops|Stone Edge|p2a: Dragonite\n|-supereffective|p2a: Dragonite\n|-damage|p2a: Dragonite|0 fnt\n|faint|p2a: Dragonite\n|\n|upkeep\n|\n|t:|1699907779\n|switch|p2a: Toxapex|Toxapex, F|100\/100\n|-activate|p2a: Toxapex|move: Sticky Web\n|-unboost|p2a: Toxapex|spe|1\n|turn|11\n|\n|t:|1699907785\n|-terastallize|p1a: Archeops|Rock\n|move|p1a: Archeops|Stone Edge|p2a: Toxapex\n|-damage|p2a: Toxapex|0 fnt\n|faint|p2a: Toxapex\n|\n|upkeep\n|\n|t:|1699907796\n|switch|p2a: Lopunny|Lopunny, F|100\/100\n|-activate|p2a: Lopunny|move: Sticky Web\n|-unboost|p2a: Lopunny|spe|1\n|turn|12\n|\n|t:|1699907802\n|switch|p1a: Volcarona|Volcarona, F|100\/100\n|detailschange|p2a: Lopunny|Lopunny-Mega, F\n|-mega|p2a: Lopunny|Lopunny|Lopunnite\n|move|p2a: Lopunny|Fake Out|p1a: Volcarona\n|-damage|p1a: Volcarona|76\/100\n|\n|upkeep\n|turn|13\n|\n|t:|1699907810\n|move|p2a: Lopunny|Power-Up Punch|p1a: Volcarona\n|-resisted|p1a: Volcarona\n|-damage|p1a: Volcarona|65\/100\n|-boost|p2a: Lopunny|atk|1\n|move|p1a: Volcarona|Fiery Dance|p2a: Lopunny\n|-damage|p2a: Lopunny|46\/100\n|-boost|p1a: Volcarona|spa|1\n|\n|upkeep\n|turn|14\n|\n|t:|1699907819\n|move|p2a: Lopunny|Drain Punch|p1a: Volcarona\n|-resisted|p1a: Volcarona\n|-damage|p1a: Volcarona|34\/100\n|-heal|p2a: Lopunny|67\/100|[from] drain|[of] p1a: Volcarona\n|move|p1a: Volcarona|Fiery Dance|p2a: Lopunny\n|-damage|p2a: Lopunny|0 fnt\n|faint|p2a: Lopunny\n|\n|upkeep\n|\n|t:|1699907832\n|switch|p2a: Zeraora|Zeraora|43\/100\n|-activate|p2a: Zeraora|move: Sticky Web\n|-unboost|p2a: Zeraora|spe|1\n|turn|15\n|\n|t:|1699907838\n|move|p2a: Zeraora|Knock Off|p1a: Volcarona\n|-damage|p1a: Volcarona|0 fnt\n|-enditem|p1a: Volcarona|Heavy-Duty Boots|[from] move: Knock Off|[of] p2a: Zeraora\n|faint|p1a: Volcarona\n|\n|upkeep\n|\n|t:|1699907844\n|switch|p1a: Archeops|Archeops, M, tera:Rock|100\/100\n|turn|16\n|\n|t:|1699907849\n|move|p1a: Archeops|Stone Edge|p2a: Zeraora\n|-damage|p2a: Zeraora|0 fnt\n|faint|p2a: Zeraora\n|\n|upkeep\n|\n|t:|1699907854\n|switch|p2a: Shiftry|Shiftry, M|52\/100\n|-activate|p2a: Shiftry|move: Sticky Web\n|-unboost|p2a: Shiftry|spe|1\n|turn|17\n|\n|t:|1699907861\n|move|p1a: Archeops|Stone Edge|p2a: Shiftry|[miss]\n|-miss|p1a: Archeops|p2a: Shiftry\n|move|p2a: Shiftry|Leech Seed|p1a: Archeops\n|-start|p1a: Archeops|move: Leech Seed\n|\n|-damage|p1a: Archeops|88\/100|[from] Leech Seed|[of] p2a: Shiftry\n|-heal|p2a: Shiftry|63\/100|[silent]\n|upkeep\n|turn|18\n|\n|t:|1699907869\n|switch|p1a: Carracosta|Carracosta, M|100\/100\n|move|p2a: Shiftry|Protect||[still]\n|-fail|p2a: Shiftry\n|\n|upkeep\n|turn|19\n|\n|t:|1699907877\n|move|p2a: Shiftry|Trailblaze|p1a: Carracosta\n|-supereffective|p1a: Carracosta\n|-damage|p1a: Carracosta|26\/100\n|-boost|p2a: Shiftry|spe|1\n|-enditem|p1a: Carracosta|Weakness Policy\n|-boost|p1a: Carracosta|atk|2|[from] item: Weakness Policy\n|-boost|p1a: Carracosta|spa|2|[from] item: Weakness Policy\n|move|p1a: Carracosta|Shell Smash|p1a: Carracosta\n|-unboost|p1a: Carracosta|def|1\n|-unboost|p1a: Carracosta|spd|1\n|-boost|p1a: Carracosta|atk|2\n|-boost|p1a: Carracosta|spa|2\n|-boost|p1a: Carracosta|spe|2\n|\n|upkeep\n|turn|20\n|\n|t:|1699907892\n|move|p1a: Carracosta|Aqua Jet|p2a: Shiftry\n|-resisted|p2a: Shiftry\n|-damage|p2a: Shiftry|16\/100\n|move|p2a: Shiftry|Sucker Punch||[still]\n|-fail|p2a: Shiftry\n|\n|upkeep\n|turn|21\n|\n|t:|1699907902\n|move|p2a: Shiftry|Protect|p2a: Shiftry\n|-singleturn|p2a: Shiftry|Protect\n|move|p1a: Carracosta|Aqua Jet|p2a: Shiftry\n|-activate|p2a: Shiftry|move: Protect\n|\n|upkeep\n|turn|22\n|\n|t:|1699907910\n|move|p1a: Carracosta|Aqua Jet|p2a: Shiftry\n|-resisted|p2a: Shiftry\n|-damage|p2a: Shiftry|0 fnt\n|faint|p2a: Shiftry\n|\n|upkeep\n|\n|t:|1699907915\n|switch|p2a: Heatran|Heatran, F|100\/100\n|-item|p2a: Heatran|Air Balloon\n|turn|23\n|\n|t:|1699907924\n|move|p1a: Carracosta|Aqua Jet|p2a: Heatran\n|-supereffective|p2a: Heatran\n|-damage|p2a: Heatran|0 fnt\n|-enditem|p2a: Heatran|Air Balloon\n|faint|p2a: Heatran\n|\n|win|Blake-Mamba\n|raw|Blake-Mamba's rating: 1384 &rarr; <strong>1400<\/strong><br \/>(+16 for winning)\n|raw|Mscoquart8's rating: 1313 &rarr; <strong>1297<\/strong><br \/>(-16 for losing)\n|l|\u2606Mscoquart8\n|c|\u2606Blake-Mamba|Gg\n","uploadtime":1699907936,"views":4,"p1id":"blakemamba","p2id":"mscoquart8","formatid":"gen9nationaldex","rating":1297,"private":0,"password":""}