{"id":"gen9nationaldex-1988559861","p1":"obvious stater","p2":"female charizard","format":"[Gen 9] National Dex","log":"|j|\u2606obvious stater\n|j|\u2606female charizard\n|t:|1699736123\n|gametype|singles\n|player|p1|obvious stater|266|1068\n|player|p2|female charizard|170|1135\n|teamsize|p1|6\n|teamsize|p2|6\n|gen|9\n|tier|[Gen 9] National Dex\n|rated|\n|rule|HP Percentage Mod: HP is shown in percentages\n|rule|Endless Battle Clause: Forcing endless battles is banned\n|rule|OHKO Clause: OHKO moves are banned\n|rule|Evasion Clause: Evasion abilities, items, and moves are banned\n|rule|Evasion Abilities Clause: Evasion abilities are banned\n|rule|Evasion Items Clause: Evasion items are banned\n|rule|Evasion Moves Clause: Evasion moves are banned\n|rule|Species Clause: Limit one of each Pok\u00e9mon\n|rule|Sleep Clause Mod: Limit one foe put to sleep\n|clearpoke\n|poke|p1|Greninja-*, M|\n|poke|p1|Umbreon, M|\n|poke|p1|Tapu Koko|\n|poke|p1|Dragonite, M|\n|poke|p1|Charizard, M|\n|poke|p1|Rillaboom, M|\n|poke|p2|Rampardos, M|\n|poke|p2|Scream Tail|\n|poke|p2|Slowking, F|\n|poke|p2|Stakataka|\n|poke|p2|Gigalith, F|\n|poke|p2|Electrode-Hisui|\n|teampreview\n|j| snugglesnfluff\n|\n|t:|1699736137\n|start\n|switch|p1a: hashirama|Rillaboom, M|100\/100\n|switch|p2a: ROULETTE ROCK|Gigalith, F|100\/100\n|-fieldstart|move: Grassy Terrain|[from] ability: Grassy Surge|[of] p1a: hashirama\n|turn|1\n|\n|t:|1699736150\n|move|p1a: hashirama|Drum Beating|p2a: ROULETTE ROCK\n|-supereffective|p2a: ROULETTE ROCK\n|-damage|p2a: ROULETTE ROCK|22\/100\n|-unboost|p2a: ROULETTE ROCK|spe|1\n|-enditem|p2a: ROULETTE ROCK|Red Card|[of] p1a: hashirama\n|drag|p1a: Sasuke|Charizard, M, shiny|100\/100\n|move|p2a: ROULETTE ROCK|Explosion|p1a: Sasuke\n|-damage|p1a: Sasuke|0 fnt\n|faint|p2a: ROULETTE ROCK\n|faint|p1a: Sasuke\n|\n|upkeep\n|\n|t:|1699736167\n|switch|p1a: tobirama|Greninja, M|100\/100\n|switch|p2a: fear and anger|Electrode-Hisui|100\/100\n|turn|2\n|j| Lonsol\n|\n|t:|1699736178\n|-terastallize|p1a: tobirama|Steel\n|move|p1a: tobirama|Quick Attack|p2a: fear and anger\n|-damage|p2a: fear and anger|82\/100\n|move|p2a: fear and anger|Thunderbolt|p1a: tobirama\n|-damage|p1a: tobirama|56\/100\n|\n|-heal|p2a: fear and anger|88\/100|[from] Grassy Terrain\n|-heal|p2a: fear and anger|94\/100|[from] item: Leftovers\n|-heal|p1a: tobirama|62\/100|[from] Grassy Terrain\n|upkeep\n|turn|3\n|j| kung fu pokechu\n|j| mistahmerrikuu\n|j| imbleach\n|j| it's ogrepon\n|\n|t:|1699736195\n|move|p2a: fear and anger|Thunderbolt|p1a: tobirama\n|-damage|p1a: tobirama|15\/100\n|move|p1a: tobirama|Night Slash|p2a: fear and anger\n|-damage|p2a: fear and anger|50\/100\n|\n|-heal|p2a: fear and anger|56\/100|[from] Grassy Terrain\n|-heal|p2a: fear and anger|63\/100|[from] item: Leftovers\n|-heal|p1a: tobirama|21\/100|[from] Grassy Terrain\n|upkeep\n|turn|4\n|\n|t:|1699736206\n|switch|p1a: Kakashi|Tapu Koko, shiny|100\/100\n|-fieldstart|move: Electric Terrain|[from] ability: Electric Surge|[of] p1a: Kakashi\n|move|p2a: fear and anger|Thunderbolt|p1a: Kakashi\n|-resisted|p1a: Kakashi\n|-damage|p1a: Kakashi|63\/100\n|\n|-heal|p2a: fear and anger|69\/100|[from] item: Leftovers\n|upkeep\n|turn|5\n|inactive|Battle timer is ON: inactive players will automatically lose when time's up. (requested by female charizard)\n|\n|t:|1699736230\n|move|p2a: fear and anger|Thunderbolt|p1a: Kakashi\n|-resisted|p1a: Kakashi\n|-damage|p1a: Kakashi|25\/100\n|-zpower|p1a: Kakashi\n|move|p1a: Kakashi|Guardian of Alola|p2a: fear and anger|[zeffect]\n|-damage|p2a: fear and anger|18\/100\n|\n|-heal|p2a: fear and anger|24\/100|[from] item: Leftovers\n|upkeep\n|turn|6\n|c|\u2606female charizard|my alola.....\n|\n|t:|1699736248\n|move|p1a: Kakashi|Protect|p1a: Kakashi\n|-singleturn|p1a: Kakashi|Protect\n|move|p2a: fear and anger|Thunderbolt|p1a: Kakashi\n|-activate|p1a: Kakashi|move: Protect\n|\n|-heal|p2a: fear and anger|30\/100|[from] item: Leftovers\n|upkeep\n|turn|7\n|c|\u2606obvious stater|no Kakashi of the Sharingan will destroy you\n|\n|t:|1699736268\n|move|p2a: fear and anger|Thunderbolt|p1a: Kakashi\n|-resisted|p1a: Kakashi\n|-damage|p1a: Kakashi|0 fnt\n|faint|p1a: Kakashi\n|\n|-heal|p2a: fear and anger|36\/100|[from] item: Leftovers\n|upkeep\n|l| Lonsol\n|inactive|obvious stater has 120 seconds left.\n|c|\u2606female charizard|-ACKashit\n|c|\u2606obvious stater|don't worry he revived with izanagi\n|\n|t:|1699736288\n|switch|p1a: madara|Dragonite, M|100\/100\n|turn|8\n|inactive|obvious stater has 120 seconds left.\n|\n|t:|1699736293\n|move|p2a: fear and anger|Thunderbolt|p1a: madara\n|-damage|p1a: madara|79\/100\n|move|p1a: madara|Hurricane|p2a: fear and anger\n|-damage|p2a: fear and anger|0 fnt\n|faint|p2a: fear and anger\n|\n|-fieldend|move: Electric Terrain\n|upkeep\n|\n|t:|1699736301\n|switch|p2a: too anxious >.<|Stakataka|100\/100\n|turn|9\n|c|\u2606obvious stater|Madara the ghost of the Uchiha will win\n|inactive|obvious stater has 120 seconds left.\n|\n|t:|1699736317\n|move|p1a: madara|Draco Meteor|p2a: too anxious >.<\n|-resisted|p2a: too anxious >.<\n|-damage|p2a: too anxious >.<|73\/100\n|-unboost|p1a: madara|spa|2\n|move|p2a: too anxious >.<|Trick Room|p2a: too anxious >.<\n|-fieldstart|move: Trick Room|[of] p2a: too anxious >.<\n|\n|upkeep\n|turn|10\n|inactive|obvious stater has 120 seconds left.\n|\n|t:|1699736330\n|switch|p1a: hashirama|Rillaboom, M|100\/100\n|-fieldstart|move: Grassy Terrain|[from] ability: Grassy Surge|[of] p1a: hashirama\n|move|p2a: too anxious >.<|Gyro Ball|p1a: hashirama\n|-damage|p1a: hashirama|0 fnt\n|faint|p1a: hashirama\n|-ability|p2a: too anxious >.<|Beast Boost|boost\n|-boost|p2a: too anxious >.<|atk|1\n|-damage|p2a: too anxious >.<|63\/100|[from] item: Life Orb\n|\n|-heal|p2a: too anxious >.<|69\/100|[from] Grassy Terrain\n|upkeep\n|inactive|obvious stater has 120 seconds left.\n|c| snugglesnfluff|is this edo tensei or two rinegan or pre ninja war EMS or 10 tails jubidara?\n|c|\u2606female charizard|Madara bros....\n|c|\u2606obvious stater|jubidara\n|c|\u2606obvious stater|cuz he flys\n|inactive|obvious stater has 90 seconds left.\n|\n|t:|1699736368\n|switch|p1a: hidan the immortal|Umbreon, M, shiny|100\/100\n|turn|11\n|\n|t:|1699736375\n|move|p2a: too anxious >.<|Superpower|p1a: hidan the immortal\n|-supereffective|p1a: hidan the immortal\n|-damage|p1a: hidan the immortal|0 fnt\n|-unboost|p2a: too anxious >.<|atk|1\n|-unboost|p2a: too anxious >.<|def|1\n|-damage|p2a: too anxious >.<|53\/100|[from] item: Rocky Helmet|[of] p1a: hidan the immortal\n|faint|p1a: hidan the immortal\n|-ability|p2a: too anxious >.<|Beast Boost|boost\n|-boost|p2a: too anxious >.<|atk|1\n|-damage|p2a: too anxious >.<|43\/100|[from] item: Life Orb\n|\n|-heal|p2a: too anxious >.<|49\/100|[from] Grassy Terrain\n|upkeep\n|inactive|obvious stater has 90 seconds left.\n|\n|t:|1699736387\n|switch|p1a: tobirama|Greninja, M, tera:Steel|21\/100\n|turn|12\n|\n|t:|1699736390\n|move|p2a: too anxious >.<|Gyro Ball|p1a: tobirama\n|-resisted|p1a: tobirama\n|-damage|p1a: tobirama|0 fnt\n|faint|p1a: tobirama\n|-ability|p2a: too anxious >.<|Beast Boost|boost\n|-boost|p2a: too anxious >.<|atk|1\n|-damage|p2a: too anxious >.<|39\/100|[from] item: Life Orb\n|\n|-heal|p2a: too anxious >.<|45\/100|[from] Grassy Terrain\n|upkeep\n|\n|t:|1699736397\n|switch|p1a: madara|Dragonite, M|79\/100\n|turn|13\n|c|\u2606female charizard|Im so scare\n|\n|t:|1699736406\n|move|p2a: too anxious >.<|Gyro Ball|p1a: madara\n|-damage|p1a: madara|0 fnt\n|faint|p1a: madara\n|-damage|p2a: too anxious >.<|35\/100|[from] item: Life Orb\n|\n|win|female charizard\n|raw|obvious stater's rating: 1068 &rarr; <strong>1052<\/strong><br \/>(-16 for losing)\n|raw|female charizard's rating: 1135 &rarr; <strong>1155<\/strong><br \/>(+20 for winning)\n|c|\u2606female charizard|where was naruto fake fan\n","uploadtime":1699736421,"views":4,"p1id":"obviousstater","p2id":"femalecharizard","formatid":"gen9nationaldex","rating":1052,"private":0,"password":""}