{"id":"gen9nationaldex-1993216911","p1":"Durr plant100","p2":"fyhqjzyz","format":"[Gen 9] National Dex","log":"|j|\u2606Durr plant100\n|j|\u2606fyhqjzyz\n|t:|1700279373\n|gametype|singles\n|player|p1|Durr plant100|ultraforestkartenvoy|1615\n|player|p2|fyhqjzyz|biker|1505\n|teamsize|p1|6\n|teamsize|p2|6\n|gen|9\n|tier|[Gen 9] National Dex\n|rated|\n|rule|HP Percentage Mod: HP is shown in percentages\n|rule|Endless Battle Clause: Forcing endless battles is banned\n|rule|OHKO Clause: OHKO moves are banned\n|rule|Evasion Clause: Evasion abilities, items, and moves are banned\n|rule|Evasion Abilities Clause: Evasion abilities are banned\n|rule|Evasion Items Clause: Evasion items are banned\n|rule|Evasion Moves Clause: Evasion moves are banned\n|rule|Species Clause: Limit one of each Pok\u00e9mon\n|rule|Sleep Clause Mod: Limit one foe put to sleep\n|clearpoke\n|poke|p1|Volcarona, F|\n|poke|p1|Tyranitar, M|\n|poke|p1|Excadrill, M|\n|poke|p1|Vikavolt, F|\n|poke|p1|Ogerpon-Wellspring, F|\n|poke|p1|Gliscor, M|\n|poke|p2|Alomomola, M|\n|poke|p2|Tapu Lele|\n|poke|p2|Landorus-Therian, M|\n|poke|p2|Urshifu-*, M|\n|poke|p2|Corviknight, F|\n|poke|p2|Charizard, M|\n|teampreview\n|inactive|Battle timer is ON: inactive players will automatically lose when time's up. (requested by Durr plant100)\n|\n|t:|1700279383\n|start\n|switch|p1a: Megalon|Vikavolt, F|100\/100\n|switch|p2a: Landorus|Landorus-Therian, M|100\/100\n|-ability|p2a: Landorus|Intimidate|boost\n|-unboost|p1a: Megalon|atk|1\n|turn|1\n|\n|t:|1700279394\n|switch|p1a: Godzilla|Tyranitar, M|100\/100\n|-weather|Sandstorm|[from] ability: Sand Stream|[of] p1a: Godzilla\n|move|p2a: Landorus|Knock Off|p1a: Godzilla\n|-resisted|p1a: Godzilla\n|-damage|p1a: Godzilla|85\/100\n|-enditem|p1a: Godzilla|Assault Vest|[from] move: Knock Off|[of] p2a: Landorus\n|\n|-weather|Sandstorm|[upkeep]\n|upkeep\n|turn|2\n|\n|t:|1700279408\n|switch|p2a: \u4ebb\u5c14 \u5973 \u5b50|Alomomola, M|100\/100\n|switch|p1a: Varan|Gliscor, M|100\/100\n|\n|-weather|Sandstorm|[upkeep]\n|-damage|p2a: \u4ebb\u5c14 \u5973 \u5b50|94\/100|[from] Sandstorm\n|-status|p1a: Varan|tox|[from] item: Toxic Orb\n|upkeep\n|turn|3\n|\n|t:|1700279429\n|move|p1a: Varan|Toxic|p2a: \u4ebb\u5c14 \u5973 \u5b50\n|-status|p2a: \u4ebb\u5c14 \u5973 \u5b50|tox\n|move|p2a: \u4ebb\u5c14 \u5973 \u5b50|Wish|p2a: \u4ebb\u5c14 \u5973 \u5b50\n|\n|-weather|Sandstorm|[upkeep]\n|-damage|p2a: \u4ebb\u5c14 \u5973 \u5b50|88\/100 tox|[from] Sandstorm\n|-damage|p2a: \u4ebb\u5c14 \u5973 \u5b50|82\/100 tox|[from] psn\n|upkeep\n|turn|4\n|\n|t:|1700279437\n|switch|p1a: Gabara|Ogerpon-Wellspring, F|100\/100\n|move|p2a: \u4ebb\u5c14 \u5973 \u5b50|Flip Turn|p1a: Gabara\n|-immune|p1a: Gabara|[from] ability: Water Absorb\n|\n|-weather|Sandstorm|[upkeep]\n|-damage|p1a: Gabara|95\/100|[from] Sandstorm\n|-damage|p2a: \u4ebb\u5c14 \u5973 \u5b50|76\/100 tox|[from] Sandstorm\n|-heal|p2a: \u4ebb\u5c14 \u5973 \u5b50|100\/100 tox|[from] move: Wish|[wisher] \u4ebb\u5c14 \u5973 \u5b50\n|-damage|p2a: \u4ebb\u5c14 \u5973 \u5b50|88\/100 tox|[from] psn\n|upkeep\n|turn|5\n|\n|t:|1700279455\n|switch|p1a: Megalon|Vikavolt, F|100\/100\n|switch|p2a: Landorus|Landorus-Therian, M|100\/100\n|-ability|p2a: Landorus|Intimidate|boost\n|-unboost|p1a: Megalon|atk|1\n|\n|-weather|none\n|upkeep\n|turn|6\n|\n|t:|1700279463\n|move|p2a: Landorus|U-turn|p1a: Megalon\n|-damage|p1a: Megalon|72\/100\n|\n|t:|1700279471\n|switch|p2a: Urshifu|Urshifu-Rapid-Strike, M|100\/100|[from] U-turn\n|move|p1a: Megalon|Sticky Web|p2a: Urshifu\n|-sidestart|p2: fyhqjzyz|move: Sticky Web\n|\n|upkeep\n|turn|7\n|\n|t:|1700279479\n|move|p2a: Urshifu|Close Combat|p1a: Megalon\n|-resisted|p1a: Megalon\n|-damage|p1a: Megalon|37\/100\n|-unboost|p2a: Urshifu|def|1\n|-unboost|p2a: Urshifu|spd|1\n|move|p1a: Megalon|Volt Switch|p2a: Urshifu\n|-supereffective|p2a: Urshifu\n|-damage|p2a: Urshifu|0 fnt\n|faint|p2a: Urshifu\n|\n|t:|1700279496\n|switch|p1a: Mothra|Volcarona, F, shiny|100\/100|[from] Volt Switch\n|\n|upkeep\n|\n|t:|1700279505\n|switch|p2a: Landorus|Landorus-Therian, M|100\/100\n|-ability|p2a: Landorus|Intimidate|boost\n|-unboost|p1a: Mothra|atk|1\n|turn|8\n|\n|t:|1700279510\n|move|p2a: Landorus|Stone Edge|p1a: Mothra\n|-supereffective|p1a: Mothra\n|-damage|p1a: Mothra|0 fnt\n|faint|p1a: Mothra\n|\n|upkeep\n|c|\u2606Durr plant100|Ooooh\n|c|\u2606Durr plant100|i get it now\n|\n|t:|1700279537\n|switch|p1a: Varan|Gliscor, M|100\/100 tox\n|turn|9\n|\n|t:|1700279549\n|switch|p2a: Corviknight|Corviknight, F|100\/100\n|switch|p1a: Megalon|Vikavolt, F|37\/100\n|\n|upkeep\n|turn|10\n|\n|t:|1700279559\n|move|p2a: Corviknight|Body Press|p1a: Megalon\n|-resisted|p1a: Megalon\n|-damage|p1a: Megalon|25\/100\n|move|p1a: Megalon|Volt Switch|p2a: Corviknight\n|-supereffective|p2a: Corviknight\n|-damage|p2a: Corviknight|34\/100\n|\n|t:|1700279563\n|switch|p1a: Gabara|Ogerpon-Wellspring, F|95\/100|[from] Volt Switch\n|\n|-heal|p2a: Corviknight|41\/100|[from] item: Leftovers\n|upkeep\n|turn|11\n|\n|t:|1700279570\n|move|p1a: Gabara|Ivy Cudgel|p2a: Corviknight|[anim] Ivy Cudgel Water\n|-crit|p2a: Corviknight\n|-damage|p2a: Corviknight|0 fnt\n|faint|p2a: Corviknight\n|\n|upkeep\n|\n|t:|1700279579\n|switch|p2a: Landorus|Landorus-Therian, M|100\/100\n|-ability|p2a: Landorus|Intimidate|boost\n|-unboost|p1a: Gabara|atk|1\n|turn|12\n|\n|t:|1700279583\n|switch|p1a: Megalon|Vikavolt, F|25\/100\n|move|p2a: Landorus|U-turn|p1a: Megalon\n|-damage|p1a: Megalon|0 fnt\n|faint|p1a: Megalon\n|\n|t:|1700279590\n|switch|p2a: Charizard|Charizard, M|100\/100|[from] U-turn\n|\n|upkeep\n|\n|t:|1700279594\n|switch|p1a: Gabara|Ogerpon-Wellspring, F|95\/100\n|turn|13\n|\n|t:|1700279598\n|detailschange|p2a: Charizard|Charizard-Mega-X, M\n|-mega|p2a: Charizard|Charizard|Charizardite X\n|-terastallize|p1a: Gabara|Water\n|detailschange|p1a: Gabara|Ogerpon-Wellspring-Tera, F, tera:Water\n|-ability|p1a: Gabara|Embody Aspect (Wellspring)|boost\n|-boost|p1a: Gabara|spd|1\n|move|p1a: Gabara|Ivy Cudgel|p2a: Charizard|[anim] Ivy Cudgel Water\n|-damage|p2a: Charizard|22\/100\n|move|p2a: Charizard|Dragon Dance|p2a: Charizard\n|-boost|p2a: Charizard|atk|1\n|-boost|p2a: Charizard|spe|1\n|\n|upkeep\n|turn|14\n|\n|t:|1700279612\n|switch|p1a: Godzilla|Tyranitar, M|85\/100\n|-weather|Sandstorm|[from] ability: Sand Stream|[of] p1a: Godzilla\n|move|p2a: Charizard|Earthquake|p1a: Godzilla\n|-supereffective|p1a: Godzilla\n|-damage|p1a: Godzilla|3\/100\n|\n|-weather|Sandstorm|[upkeep]\n|-damage|p2a: Charizard|16\/100|[from] Sandstorm\n|upkeep\n|turn|15\n|\n|t:|1700279623\n|move|p2a: Charizard|Roost|p2a: Charizard\n|-heal|p2a: Charizard|66\/100\n|-singleturn|p2a: Charizard|move: Roost\n|move|p1a: Godzilla|Pursuit|p2a: Charizard\n|-damage|p2a: Charizard|41\/100\n|\n|-weather|Sandstorm|[upkeep]\n|-damage|p2a: Charizard|35\/100|[from] Sandstorm\n|upkeep\n|turn|16\n|\n|t:|1700279630\n|move|p2a: Charizard|Flare Blitz|p1a: Godzilla\n|-resisted|p1a: Godzilla\n|-damage|p1a: Godzilla|0 fnt\n|faint|p1a: Godzilla\n|-damage|p2a: Charizard|34\/100|[from] Recoil\n|\n|-weather|Sandstorm|[upkeep]\n|-damage|p2a: Charizard|28\/100|[from] Sandstorm\n|upkeep\n|\n|t:|1700279636\n|switch|p1a: Anguirus|Excadrill, M|100\/100\n|turn|17\n|\n|t:|1700279640\n|switch|p2a: Landorus|Landorus-Therian, M|100\/100\n|-ability|p2a: Landorus|Intimidate|boost\n|-unboost|p1a: Anguirus|atk|1\n|move|p1a: Anguirus|Iron Head|p2a: Landorus\n|-damage|p2a: Landorus|68\/100\n|\n|-weather|Sandstorm|[upkeep]\n|upkeep\n|turn|18\n|\n|t:|1700279653\n|switch|p2a: \u4ebb\u5c14 \u5973 \u5b50|Alomomola, M|100\/100 tox\n|-activate|p2a: \u4ebb\u5c14 \u5973 \u5b50|move: Sticky Web\n|-unboost|p2a: \u4ebb\u5c14 \u5973 \u5b50|spe|1\n|-zpower|p1a: Anguirus\n|move|p1a: Anguirus|Corkscrew Crash|p2a: \u4ebb\u5c14 \u5973 \u5b50|[zeffect]\n|-resisted|p2a: \u4ebb\u5c14 \u5973 \u5b50\n|-damage|p2a: \u4ebb\u5c14 \u5973 \u5b50|83\/100 tox\n|\n|-weather|none\n|-damage|p2a: \u4ebb\u5c14 \u5973 \u5b50|77\/100 tox|[from] psn\n|upkeep\n|turn|19\n|\n|t:|1700279664\n|switch|p1a: Varan|Gliscor, M|100\/100 tox\n|move|p2a: \u4ebb\u5c14 \u5973 \u5b50|Wish|p2a: \u4ebb\u5c14 \u5973 \u5b50\n|\n|-damage|p2a: \u4ebb\u5c14 \u5973 \u5b50|64\/100 tox|[from] psn\n|upkeep\n|turn|20\n|\n|t:|1700279669\n|move|p1a: Varan|Earthquake|p2a: \u4ebb\u5c14 \u5973 \u5b50\n|-damage|p2a: \u4ebb\u5c14 \u5973 \u5b50|46\/100 tox\n|move|p2a: \u4ebb\u5c14 \u5973 \u5b50|Flip Turn|p1a: Varan\n|-supereffective|p1a: Varan\n|-damage|p1a: Varan|82\/100 tox\n|\n|t:|1700279675\n|switch|p2a: Charizard|Charizard-Mega-X, M|28\/100|[from] Flip Turn\n|-activate|p2a: Charizard|move: Sticky Web\n|-unboost|p2a: Charizard|spe|1\n|\n|-heal|p2a: Charizard|100\/100|[from] move: Wish|[wisher] \u4ebb\u5c14 \u5973 \u5b50\n|-heal|p1a: Varan|94\/100 tox|[from] ability: Poison Heal\n|upkeep\n|turn|21\n|c|\u2606Durr plant100|I thought wish was 50%\n|c|\u2606Durr plant100|L\n|\n|t:|1700279697\n|move|p1a: Varan|Earthquake|p2a: Charizard\n|-supereffective|p2a: Charizard\n|-damage|p2a: Charizard|31\/100\n|move|p2a: Charizard|Dragon Dance|p2a: Charizard\n|-boost|p2a: Charizard|atk|1\n|-boost|p2a: Charizard|spe|1\n|\n|-heal|p1a: Varan|100\/100 tox|[from] ability: Poison Heal\n|upkeep\n|turn|22\n|\n|t:|1700279707\n|switch|p2a: \u4ebb\u5c14 \u5973 \u5b50|Alomomola, M|79\/100 tox\n|-activate|p2a: \u4ebb\u5c14 \u5973 \u5b50|move: Sticky Web\n|-unboost|p2a: \u4ebb\u5c14 \u5973 \u5b50|spe|1\n|move|p1a: Varan|Earthquake|p2a: \u4ebb\u5c14 \u5973 \u5b50\n|-damage|p2a: \u4ebb\u5c14 \u5973 \u5b50|59\/100 tox\n|\n|-damage|p2a: \u4ebb\u5c14 \u5973 \u5b50|53\/100 tox|[from] psn\n|upkeep\n|turn|23\n|\n|t:|1700279714\n|move|p1a: Varan|Earthquake|p2a: \u4ebb\u5c14 \u5973 \u5b50\n|-damage|p2a: \u4ebb\u5c14 \u5973 \u5b50|33\/100 tox\n|move|p2a: \u4ebb\u5c14 \u5973 \u5b50|Wish|p2a: \u4ebb\u5c14 \u5973 \u5b50\n|\n|-damage|p2a: \u4ebb\u5c14 \u5973 \u5b50|21\/100 tox|[from] psn\n|upkeep\n|turn|24\n|\n|t:|1700279722\n|switch|p1a: Gabara|Ogerpon-Wellspring-Tera, F, tera:Water|95\/100\n|-ability|p1a: Gabara|Embody Aspect (Wellspring)|boost\n|-boost|p1a: Gabara|spd|1\n|switch|p2a: Landorus|Landorus-Therian, M|68\/100\n|-ability|p2a: Landorus|Intimidate|boost\n|-unboost|p1a: Gabara|atk|1\n|\n|-heal|p2a: Landorus|100\/100|[from] move: Wish|[wisher] \u4ebb\u5c14 \u5973 \u5b50\n|upkeep\n|turn|25\n|\n|t:|1700279735\n|switch|p2a: \u4ebb\u5c14 \u5973 \u5b50|Alomomola, M|54\/100 tox\n|-activate|p2a: \u4ebb\u5c14 \u5973 \u5b50|move: Sticky Web\n|-unboost|p2a: \u4ebb\u5c14 \u5973 \u5b50|spe|1\n|switch|p1a: Varan|Gliscor, M|100\/100 tox\n|\n|-damage|p2a: \u4ebb\u5c14 \u5973 \u5b50|48\/100 tox|[from] psn\n|upkeep\n|turn|26\n|\n|t:|1700279742\n|move|p1a: Varan|Earthquake|p2a: \u4ebb\u5c14 \u5973 \u5b50\n|-damage|p2a: \u4ebb\u5c14 \u5973 \u5b50|26\/100 tox\n|move|p2a: \u4ebb\u5c14 \u5973 \u5b50|Wish|p2a: \u4ebb\u5c14 \u5973 \u5b50\n|\n|-damage|p2a: \u4ebb\u5c14 \u5973 \u5b50|14\/100 tox|[from] psn\n|upkeep\n|turn|27\n|\n|t:|1700279750\n|switch|p2a: Landorus|Landorus-Therian, M|100\/100\n|-ability|p2a: Landorus|Intimidate|boost\n|-unboost|p1a: Varan|atk|1\n|move|p1a: Varan|Toxic|p2a: Landorus\n|-status|p2a: Landorus|tox\n|\n|-damage|p2a: Landorus|94\/100 tox|[from] psn\n|upkeep\n|turn|28\n|\n|t:|1700279771\n|move|p2a: Landorus|Knock Off|p1a: Varan\n|-damage|p1a: Varan|77\/100 tox\n|-enditem|p1a: Varan|Toxic Orb|[from] move: Knock Off|[of] p2a: Landorus\n|move|p1a: Varan|Roost|p1a: Varan\n|-heal|p1a: Varan|100\/100 tox\n|-singleturn|p1a: Varan|move: Roost\n|\n|-damage|p2a: Landorus|82\/100 tox|[from] psn\n|upkeep\n|turn|29\n|\n|t:|1700279779\n|switch|p2a: \u4ebb\u5c14 \u5973 \u5b50|Alomomola, M|47\/100 tox\n|-activate|p2a: \u4ebb\u5c14 \u5973 \u5b50|move: Sticky Web\n|-unboost|p2a: \u4ebb\u5c14 \u5973 \u5b50|spe|1\n|move|p1a: Varan|Toxic|p2a: \u4ebb\u5c14 \u5973 \u5b50\n|-fail|p2a: \u4ebb\u5c14 \u5973 \u5b50|tox\n|\n|-damage|p2a: \u4ebb\u5c14 \u5973 \u5b50|41\/100 tox|[from] psn\n|upkeep\n|turn|30\n|\n|t:|1700279793\n|switch|p2a: Landorus|Landorus-Therian, M|82\/100 tox\n|-ability|p2a: Landorus|Intimidate|boost\n|-unboost|p1a: Varan|atk|1\n|move|p1a: Varan|Earthquake|p2a: Landorus\n|-immune|p2a: Landorus\n|\n|-damage|p2a: Landorus|75\/100 tox|[from] psn\n|upkeep\n|turn|31\n|\n|t:|1700279801\n|move|p2a: Landorus|Stone Edge|p1a: Varan\n|-damage|p1a: Varan|78\/100 tox\n|move|p1a: Varan|Toxic|p2a: Landorus\n|-fail|p2a: Landorus|tox\n|\n|-damage|p2a: Landorus|63\/100 tox|[from] psn\n|-heal|p1a: Varan|91\/100 tox|[from] ability: Poison Heal\n|upkeep\n|turn|32\n|\n|t:|1700279808\n|switch|p2a: Tapu Lele|Tapu Lele|100\/100\n|-activate|p2a: Tapu Lele|move: Sticky Web\n|-unboost|p2a: Tapu Lele|spe|1\n|-fieldstart|move: Psychic Terrain|[from] ability: Psychic Surge|[of] p2a: Tapu Lele\n|move|p1a: Varan|Earthquake|p2a: Tapu Lele\n|-damage|p2a: Tapu Lele|75\/100\n|\n|-heal|p1a: Varan|100\/100 tox|[from] ability: Poison Heal\n|upkeep\n|turn|33\n|\n|t:|1700279820\n|switch|p1a: Anguirus|Excadrill, M|100\/100\n|-terastallize|p2a: Tapu Lele|Psychic\n|move|p2a: Tapu Lele|Psychic|p1a: Anguirus\n|-resisted|p1a: Anguirus\n|-damage|p1a: Anguirus|26\/100\n|-unboost|p1a: Anguirus|spd|1\n|\n|upkeep\n|turn|34\n|\n|t:|1700279831\n|switch|p2a: Landorus|Landorus-Therian, M|63\/100 tox\n|-ability|p2a: Landorus|Intimidate|boost\n|-unboost|p1a: Anguirus|atk|1\n|move|p1a: Anguirus|Iron Head|p2a: Landorus\n|-damage|p2a: Landorus|32\/100 tox\n|\n|-damage|p2a: Landorus|25\/100 tox|[from] psn\n|upkeep\n|turn|35\n|\n|t:|1700279844\n|move|p2a: Landorus|Knock Off|p1a: Anguirus\n|-damage|p1a: Anguirus|0 fnt\n|faint|p1a: Anguirus\n|\n|-damage|p2a: Landorus|13\/100 tox|[from] psn\n|upkeep\n|\n|t:|1700279850\n|switch|p1a: Varan|Gliscor, M|100\/100 tox\n|turn|36\n|\n|t:|1700279854\n|switch|p2a: \u4ebb\u5c14 \u5973 \u5b50|Alomomola, M|74\/100 tox\n|-activate|p2a: \u4ebb\u5c14 \u5973 \u5b50|move: Sticky Web\n|-unboost|p2a: \u4ebb\u5c14 \u5973 \u5b50|spe|1\n|switch|p1a: Gabara|Ogerpon-Wellspring-Tera, F, tera:Water|95\/100\n|-ability|p1a: Gabara|Embody Aspect (Wellspring)|boost\n|-boost|p1a: Gabara|spd|1\n|\n|-damage|p2a: \u4ebb\u5c14 \u5973 \u5b50|68\/100 tox|[from] psn\n|-fieldend|move: Psychic Terrain\n|upkeep\n|turn|37\n|\n|t:|1700279870\n|move|p1a: Gabara|Horn Leech|p2a: \u4ebb\u5c14 \u5973 \u5b50\n|-supereffective|p2a: \u4ebb\u5c14 \u5973 \u5b50\n|-damage|p2a: \u4ebb\u5c14 \u5973 \u5b50|11\/100 tox\n|-heal|p1a: Gabara|100\/100|[from] drain|[of] p2a: \u4ebb\u5c14 \u5973 \u5b50\n|-damage|p1a: Gabara|84\/100|[from] item: Rocky Helmet|[of] p2a: \u4ebb\u5c14 \u5973 \u5b50\n|move|p2a: \u4ebb\u5c14 \u5973 \u5b50|Wish|p2a: \u4ebb\u5c14 \u5973 \u5b50\n|\n|-damage|p2a: \u4ebb\u5c14 \u5973 \u5b50|0 fnt|[from] psn\n|faint|p2a: \u4ebb\u5c14 \u5973 \u5b50\n|upkeep\n|\n|t:|1700279881\n|switch|p2a: Landorus|Landorus-Therian, M|13\/100 tox\n|-ability|p2a: Landorus|Intimidate|boost\n|-unboost|p1a: Gabara|atk|1\n|turn|38\n|\n|t:|1700279890\n|switch|p1a: Varan|Gliscor, M|100\/100 tox\n|move|p2a: Landorus|U-turn|p1a: Varan\n|-resisted|p1a: Varan\n|-damage|p1a: Varan|93\/100 tox\n|\n|t:|1700279894\n|switch|p2a: Tapu Lele|Tapu Lele, tera:Psychic|75\/100|[from] U-turn\n|-activate|p2a: Tapu Lele|move: Sticky Web\n|-unboost|p2a: Tapu Lele|spe|1\n|-fieldstart|move: Psychic Terrain|[from] ability: Psychic Surge|[of] p2a: Tapu Lele\n|\n|-heal|p2a: Tapu Lele|100\/100|[from] move: Wish|[wisher] \u4ebb\u5c14 \u5973 \u5b50\n|-heal|p1a: Varan|100\/100 tox|[from] ability: Poison Heal\n|upkeep\n|turn|39\n|\n|t:|1700279908\n|switch|p1a: Gabara|Ogerpon-Wellspring-Tera, F, tera:Water|84\/100\n|-ability|p1a: Gabara|Embody Aspect (Wellspring)|boost\n|-boost|p1a: Gabara|spd|1\n|move|p2a: Tapu Lele|Psychic|p1a: Gabara\n|-damage|p1a: Gabara|0 fnt\n|faint|p1a: Gabara\n|\n|upkeep\n|\n|t:|1700279913\n|switch|p1a: Varan|Gliscor, M|100\/100 tox\n|turn|40\n|\n|t:|1700279916\n|move|p1a: Varan|Defog|p2a: Tapu Lele\n|-unboost|p2a: Tapu Lele|evasion|1\n|-sideend|p2: fyhqjzyz|Sticky Web|[from] move: Defog|[of] p1a: Varan\n|-fieldend|move: Psychic Terrain\n|move|p2a: Tapu Lele|Psychic|p1a: Varan\n|-damage|p1a: Varan|0 fnt\n|faint|p1a: Varan\n|\n|win|fyhqjzyz\n|raw|Durr plant100's rating: 1615 &rarr; <strong>1589<\/strong><br \/>(-26 for losing)\n|raw|fyhqjzyz's rating: 1505 &rarr; <strong>1531<\/strong><br \/>(+26 for winning)\n|c|\u2606Durr plant100|Gg\n|l|\u2606Durr plant100\n","uploadtime":1700279943,"views":12,"p1id":"durrplant100","p2id":"fyhqjzyz","formatid":"gen9nationaldex","rating":1531,"private":0,"password":""}