{"id":"gen9nationaldex-1990143078","p1":"Delreynan","p2":"mallemort","format":"[Gen 9] National Dex","log":"|j|\u2606Delreynan\n|j|\u2606mallemort\n|t:|1699929235\n|gametype|singles\n|player|p1|Delreynan|cynthia-gen4|1084\n|player|p2|mallemort|erbie-unite|1209\n|teamsize|p1|6\n|teamsize|p2|6\n|gen|9\n|tier|[Gen 9] National Dex\n|rated|\n|rule|HP Percentage Mod: HP is shown in percentages\n|rule|Endless Battle Clause: Forcing endless battles is banned\n|rule|OHKO Clause: OHKO moves are banned\n|rule|Evasion Clause: Evasion abilities, items, and moves are banned\n|rule|Evasion Abilities Clause: Evasion abilities are banned\n|rule|Evasion Items Clause: Evasion items are banned\n|rule|Evasion Moves Clause: Evasion moves are banned\n|rule|Species Clause: Limit one of each Pok\u00e9mon\n|rule|Sleep Clause Mod: Limit one foe put to sleep\n|clearpoke\n|poke|p1|Arbok, F|\n|poke|p1|Serperior, F|\n|poke|p1|Milotic, F|\n|poke|p1|Sandaconda, F|\n|poke|p1|Steelix, F|\n|poke|p1|Seviper, F|\n|poke|p2|Gengar, M|\n|poke|p2|Munkidori, M|\n|poke|p2|Krookodile, F|\n|poke|p2|Grimmsnarl, M|\n|poke|p2|Talonflame, F|\n|poke|p2|Mew|\n|teampreview\n|\n|t:|1699929248\n|start\n|switch|p1a: Seviper|Seviper, F|100\/100\n|switch|p2a: mayou|Mew|100\/100\n|turn|1\n|\n|t:|1699929252\n|switch|p2a: Grimmsnarl|Grimmsnarl, M, shiny|100\/100\n|move|p1a: Seviper|Switcheroo|p2a: Grimmsnarl\n|-activate|p1a: Seviper|move: Trick|[of] p2a: Grimmsnarl\n|-item|p2a: Grimmsnarl|Choice Scarf|[from] move: Switcheroo\n|-item|p1a: Seviper|Light Clay|[from] move: Switcheroo\n|\n|upkeep\n|turn|2\n|\n|t:|1699929262\n|move|p2a: Grimmsnarl|Thunder Wave|p1a: Seviper\n|-status|p1a: Seviper|par\n|move|p1a: Seviper|Sludge Wave|p2a: Grimmsnarl\n|-supereffective|p2a: Grimmsnarl\n|-damage|p2a: Grimmsnarl|33\/100\n|\n|upkeep\n|turn|3\n|\n|t:|1699929276\n|switch|p2a: Krookodile|Krookodile, F|100\/100\n|-ability|p2a: Krookodile|Intimidate|boost\n|-unboost|p1a: Seviper|atk|1\n|switch|p1a: Sandaconda|Sandaconda, F|100\/100\n|\n|upkeep\n|turn|4\n|\n|t:|1699929286\n|move|p2a: Krookodile|Taunt|p1a: Sandaconda\n|-start|p1a: Sandaconda|move: Taunt\n|cant|p1a: Sandaconda|move: Taunt|Stealth Rock\n|\n|upkeep\n|turn|5\n|\n|t:|1699929289\n|move|p2a: Krookodile|Stealth Rock|p1a: Sandaconda\n|-sidestart|p1: Delreynan|move: Stealth Rock\n|move|p1a: Sandaconda|Body Press|p2a: Krookodile\n|-supereffective|p2a: Krookodile\n|-damage|p2a: Krookodile|36\/100\n|\n|upkeep\n|turn|6\n|\n|t:|1699929298\n|switch|p2a: mayou|Mew|100\/100\n|move|p1a: Sandaconda|Body Press|p2a: mayou\n|-resisted|p2a: mayou\n|-damage|p2a: mayou|92\/100\n|\n|-heal|p2a: mayou|98\/100|[from] item: Leftovers\n|-end|p1a: Sandaconda|move: Taunt\n|upkeep\n|turn|7\n|\n|t:|1699929307\n|move|p2a: mayou|Will-O-Wisp|p1a: Sandaconda\n|-status|p1a: Sandaconda|brn\n|move|p1a: Sandaconda|Stealth Rock|p2a: mayou\n|-sidestart|p2: mallemort|move: Stealth Rock\n|\n|-heal|p2a: mayou|100\/100|[from] item: Leftovers\n|-damage|p1a: Sandaconda|95\/100 brn|[from] brn\n|upkeep\n|turn|8\n|\n|t:|1699929317\n|switch|p1a: Seviper|Seviper, F|100\/100 par\n|-damage|p1a: Seviper|88\/100 par|[from] Stealth Rock\n|move|p2a: mayou|Toxic Spikes|p1a: Seviper\n|-sidestart|p1: Delreynan|move: Toxic Spikes\n|\n|upkeep\n|turn|9\n|\n|t:|1699929326\n|switch|p2a: Talonflame|Talonflame, F|100\/100\n|cant|p1a: Seviper|par\n|\n|upkeep\n|turn|10\n|\n|t:|1699929334\n|move|p2a: Talonflame|Brave Bird|p1a: Seviper\n|-damage|p1a: Seviper|2\/100 par\n|-damage|p2a: Talonflame|73\/100|[from] Recoil\n|move|p1a: Seviper|Switcheroo|p2a: Talonflame\n|-activate|p1a: Seviper|move: Trick|[of] p2a: Talonflame\n|-item|p2a: Talonflame|Light Clay|[from] move: Switcheroo\n|-item|p1a: Seviper|Heavy-Duty Boots|[from] move: Switcheroo\n|\n|upkeep\n|turn|11\n|\n|t:|1699929348\n|switch|p1a: Steelix|Steelix, F|100\/100\n|-damage|p1a: Steelix|97\/100|[from] Stealth Rock\n|move|p2a: Talonflame|U-turn|p1a: Steelix\n|-resisted|p1a: Steelix\n|-damage|p1a: Steelix|93\/100\n|\n|t:|1699929360\n|switch|p2a: Krookodile|Krookodile, F|36\/100|[from] U-turn\n|-damage|p2a: Krookodile|30\/100|[from] Stealth Rock\n|-ability|p2a: Krookodile|Intimidate|boost\n|-unboost|p1a: Steelix|atk|1\n|\n|upkeep\n|turn|12\n|\n|t:|1699929372\n|switch|p1a: Seviper|Seviper, F|2\/100 par\n|-sideend|p1: Delreynan|move: Toxic Spikes|[of] p1a: Seviper\n|move|p2a: Krookodile|Earthquake|p1a: Seviper\n|-supereffective|p1a: Seviper\n|-damage|p1a: Seviper|0 fnt\n|faint|p1a: Seviper\n|\n|upkeep\n|\n|t:|1699929380\n|switch|p1a: Serperior|Serperior, F, shiny|100\/100\n|-damage|p1a: Serperior|88\/100|[from] Stealth Rock\n|turn|13\n|\n|t:|1699929397\n|switch|p2a: Grimmsnarl|Grimmsnarl, M, shiny|33\/100\n|-damage|p2a: Grimmsnarl|21\/100|[from] Stealth Rock\n|move|p1a: Serperior|Leaf Storm|p2a: Grimmsnarl\n|-damage|p2a: Grimmsnarl|0 fnt\n|-boost|p1a: Serperior|spa|2\n|faint|p2a: Grimmsnarl\n|\n|-heal|p1a: Serperior|94\/100|[from] item: Leftovers\n|upkeep\n|\n|t:|1699929402\n|switch|p2a: Munkidori|Munkidori, M|100\/100\n|-damage|p2a: Munkidori|88\/100|[from] Stealth Rock\n|turn|14\n|\n|t:|1699929412\n|-terastallize|p1a: Serperior|Dragon\n|move|p2a: Munkidori|Fake Out|p1a: Serperior\n|-damage|p1a: Serperior|82\/100\n|cant|p1a: Serperior|flinch\n|\n|-heal|p1a: Serperior|88\/100|[from] item: Leftovers\n|-heal|p2a: Munkidori|94\/100|[from] item: Leftovers\n|upkeep\n|turn|15\n|inactive|Battle timer is ON: inactive players will automatically lose when time's up. (requested by Delreynan)\n|\n|t:|1699929459\n|move|p1a: Serperior|Dragon Pulse|p2a: Munkidori\n|-damage|p2a: Munkidori|18\/100\n|move|p2a: Munkidori|U-turn|p1a: Serperior\n|-damage|p1a: Serperior|68\/100\n|\n|t:|1699929466\n|switch|p2a: Talonflame|Talonflame, F|73\/100|[from] U-turn\n|-damage|p2a: Talonflame|23\/100|[from] Stealth Rock\n|\n|-heal|p1a: Serperior|74\/100|[from] item: Leftovers\n|upkeep\n|turn|16\n|\n|t:|1699929484\n|move|p2a: Talonflame|Brave Bird|p1a: Serperior\n|-damage|p1a: Serperior|22\/100\n|-damage|p2a: Talonflame|6\/100|[from] Recoil\n|move|p1a: Serperior|Leaf Storm|p2a: Talonflame\n|-resisted|p2a: Talonflame\n|-damage|p2a: Talonflame|0 fnt\n|-boost|p1a: Serperior|spa|2\n|faint|p2a: Talonflame\n|\n|-heal|p1a: Serperior|28\/100|[from] item: Leftovers\n|upkeep\n|\n|t:|1699929491\n|switch|p2a: Munkidori|Munkidori, M|18\/100\n|-damage|p2a: Munkidori|6\/100|[from] Stealth Rock\n|turn|17\n|\n|t:|1699929501\n|move|p2a: Munkidori|Fake Out|p1a: Serperior\n|-damage|p1a: Serperior|15\/100\n|cant|p1a: Serperior|flinch\n|\n|-heal|p1a: Serperior|21\/100|[from] item: Leftovers\n|-heal|p2a: Munkidori|12\/100|[from] item: Leftovers\n|upkeep\n|turn|18\n|\n|t:|1699929524\n|switch|p2a: Krookodile|Krookodile, F|30\/100\n|-damage|p2a: Krookodile|24\/100|[from] Stealth Rock\n|-ability|p2a: Krookodile|Intimidate|boost\n|-boost|p1a: Serperior|atk|1\n|-enditem|p2a: Krookodile|Iapapa Berry|[eat]\n|-heal|p2a: Krookodile|57\/100|[from] item: Iapapa Berry\n|move|p1a: Serperior|Hidden Power|p2a: Krookodile\n|-damage|p2a: Krookodile|0 fnt\n|faint|p2a: Krookodile\n|\n|-heal|p1a: Serperior|28\/100|[from] item: Leftovers\n|upkeep\n|\n|t:|1699929538\n|switch|p2a: Munkidori|Munkidori, M|12\/100\n|-damage|p2a: Munkidori|0 fnt|[from] Stealth Rock\n|faint|p2a: Munkidori\n|\n|t:|1699929544\n|switch|p2a: mayou|Mew|100\/100\n|-damage|p2a: mayou|88\/100|[from] Stealth Rock\n|turn|19\n|\n|t:|1699929555\n|move|p1a: Serperior|Leaf Storm|p2a: mayou\n|-damage|p2a: mayou|0 fnt\n|-boost|p1a: Serperior|spa|2\n|faint|p2a: mayou\n|\n|-heal|p1a: Serperior|34\/100|[from] item: Leftovers\n|upkeep\n|\n|t:|1699929558\n|switch|p2a: edgar|Gengar, M|100\/100\n|-damage|p2a: edgar|88\/100|[from] Stealth Rock\n|turn|20\n|\n|t:|1699929576\n|move|p1a: Serperior|Dragon Pulse|p2a: edgar\n|-damage|p2a: edgar|0 fnt\n|faint|p2a: edgar\n|\n|win|Delreynan\n|raw|Delreynan's rating: 1084 &rarr; <strong>1121<\/strong><br \/>(+37 for winning)\n|raw|mallemort's rating: 1209 &rarr; <strong>1175<\/strong><br \/>(-34 for losing)\n|l|\u2606mallemort\n","uploadtime":1699929580,"views":5,"p1id":"delreynan","p2id":"mallemort","formatid":"gen9nationaldex","rating":1121,"private":0,"password":""}