{"id":"gen9nationaldex-1998079438","p1":"TKmaoz_xj","p2":"Glonxxu","format":"[Gen 9] National Dex","log":"|html|<div class=\"broadcast-blue\"><strong>[Gen 9] National Dex is currently suspecting Sneasler! For information on how to participate check out the <a href=\"https:\/\/www.smogon.com\/forums\/threads\/sv-national-dex-suspect-8-just-dance.3731534\/\">suspect thread<\/a>.<\/strong><\/div>\n|j|\u2606TKmaoz_xj\n|j|\u2606Glonxxu\n|t:|1700887963\n|gametype|singles\n|player|p1|TKmaoz_xj|265|1162\n|player|p2|Glonxxu|candice|1210\n|teamsize|p1|6\n|teamsize|p2|6\n|gen|9\n|tier|[Gen 9] National Dex\n|rated|\n|rule|HP Percentage Mod: HP is shown in percentages\n|rule|Endless Battle Clause: Forcing endless battles is banned\n|rule|OHKO Clause: OHKO moves are banned\n|rule|Evasion Clause: Evasion abilities, items, and moves are banned\n|rule|Evasion Abilities Clause: Evasion abilities are banned\n|rule|Evasion Items Clause: Evasion items are banned\n|rule|Evasion Moves Clause: Evasion moves are banned\n|rule|Species Clause: Limit one of each Pok\u00e9mon\n|rule|Sleep Clause Mod: Limit one foe put to sleep\n|clearpoke\n|poke|p1|Espeon, F|\n|poke|p1|Heatran, M|\n|poke|p1|Rillaboom, M|\n|poke|p1|Mudsdale, F|\n|poke|p1|Scizor, F|\n|poke|p1|Gyarados, F|\n|poke|p2|Ninetales-Alola, F|\n|poke|p2|Arctozolt|\n|poke|p2|Weavile, F|\n|poke|p2|Froslass, F|\n|poke|p2|Lapras, M|\n|poke|p2|Frosmoth, F|\n|teampreview\n|inactive|Battle timer is ON: inactive players will automatically lose when time's up. (requested by Glonxxu)\n|inactive|TKmaoz_xj also wants the timer to be on.\n|\n|t:|1700887970\n|start\n|switch|p1a: Scizor|Scizor, F|100\/100\n|switch|p2a: Ninetales|Ninetales-Alola, F|100\/100\n|-weather|Snow|[from] ability: Snow Warning|[of] p2a: Ninetales\n|turn|1\n|\n|t:|1700887980\n|detailschange|p1a: Scizor|Scizor-Mega, F\n|-mega|p1a: Scizor|Scizor|Scizorite\n|-terastallize|p2a: Ninetales|Fire\n|move|p2a: Ninetales|Hidden Power|p1a: Scizor\n|-supereffective|p1a: Scizor\n|-damage|p1a: Scizor|5\/100\n|move|p1a: Scizor|U-turn|p2a: Ninetales\n|-resisted|p2a: Ninetales\n|-damage|p2a: Ninetales|67\/100\n|\n|t:|1700887998\n|switch|p1a: Espeon|Espeon, F|100\/100|[from] U-turn\n|\n|-weather|Snow|[upkeep]\n|upkeep\n|turn|2\n|\n|t:|1700888011\n|switch|p2a: Weavile|Weavile, F|100\/100\n|-ability|p2a: Weavile|Pressure\n|move|p1a: Espeon|Wish|p1a: Espeon\n|\n|-weather|Snow|[upkeep]\n|upkeep\n|turn|3\n|\n|t:|1700888020\n|switch|p1a: Mudsdale|Mudsdale, F|100\/100\n|move|p2a: Weavile|Knock Off|p1a: Mudsdale\n|-damage|p1a: Mudsdale|53\/100\n|-ability|p1a: Mudsdale|Stamina|boost\n|-boost|p1a: Mudsdale|def|1\n|-enditem|p1a: Mudsdale|Leftovers|[from] move: Knock Off|[of] p2a: Weavile\n|\n|-weather|Snow|[upkeep]\n|-heal|p1a: Mudsdale|87\/100|[from] move: Wish|[wisher] Espeon\n|upkeep\n|turn|4\n|\n|t:|1700888042\n|switch|p2a: Lapras|Lapras, M|100\/100\n|move|p1a: Mudsdale|Protect||[still]\n|-fail|p1a: Mudsdale\n|\n|-weather|Snow|[upkeep]\n|upkeep\n|turn|5\n|\n|t:|1700888052\n|-terastallize|p1a: Mudsdale|Steel\n|move|p2a: Lapras|Liquidation|p1a: Mudsdale\n|-damage|p1a: Mudsdale|72\/100\n|-ability|p1a: Mudsdale|Stamina|boost\n|-boost|p1a: Mudsdale|def|1\n|move|p1a: Mudsdale|Stealth Rock|p2a: Lapras\n|-sidestart|p2: Glonxxu|move: Stealth Rock\n|\n|-weather|Snow|[upkeep]\n|upkeep\n|turn|6\n|\n|t:|1700888068\n|switch|p2a: Frosmoth|Frosmoth, F|100\/100\n|-damage|p2a: Frosmoth|51\/100|[from] Stealth Rock\n|move|p1a: Mudsdale|Protect||[still]\n|-fail|p1a: Mudsdale\n|\n|-weather|Snow|[upkeep]\n|upkeep\n|turn|7\n|\n|t:|1700888075\n|move|p1a: Mudsdale|Protect|p1a: Mudsdale\n|-singleturn|p1a: Mudsdale|Protect\n|move|p2a: Frosmoth|Defog|p1a: Mudsdale\n|-activate|p1a: Mudsdale|move: Protect\n|\n|-weather|Snow|[upkeep]\n|upkeep\n|turn|8\n|\n|t:|1700888084\n|move|p2a: Frosmoth|Defog|p1a: Mudsdale\n|-unboost|p1a: Mudsdale|evasion|1\n|-sideend|p2: Glonxxu|Stealth Rock|[from] move: Defog|[of] p2a: Frosmoth\n|move|p1a: Mudsdale|Body Press|p2a: Frosmoth\n|-damage|p2a: Frosmoth|0 fnt\n|faint|p2a: Frosmoth\n|\n|-weather|none\n|upkeep\n|\n|t:|1700888093\n|switch|p2a: Ninetales|Ninetales-Alola, F, tera:Fire|67\/100\n|-weather|Snow|[from] ability: Snow Warning|[of] p2a: Ninetales\n|turn|9\n|\n|t:|1700888099\n|move|p2a: Ninetales|Hidden Power|p1a: Mudsdale\n|-supereffective|p1a: Mudsdale\n|-damage|p1a: Mudsdale|23\/100\n|-ability|p1a: Mudsdale|Stamina|boost\n|-boost|p1a: Mudsdale|def|1\n|move|p1a: Mudsdale|Stealth Rock|p2a: Ninetales\n|-sidestart|p2: Glonxxu|move: Stealth Rock\n|\n|-weather|Snow|[upkeep]\n|upkeep\n|turn|10\n|\n|t:|1700888109\n|move|p1a: Mudsdale|Protect|p1a: Mudsdale\n|-singleturn|p1a: Mudsdale|Protect\n|move|p2a: Ninetales|Hidden Power|p1a: Mudsdale\n|-activate|p1a: Mudsdale|move: Protect\n|\n|-weather|Snow|[upkeep]\n|upkeep\n|turn|11\n|\n|t:|1700888124\n|switch|p2a: Arctozolt|Arctozolt|100\/100\n|-damage|p2a: Arctozolt|76\/100|[from] Stealth Rock\n|switch|p1a: Heatran|Heatran, M|100\/100\n|\n|-weather|Snow|[upkeep]\n|upkeep\n|turn|12\n|\n|t:|1700888131\n|move|p2a: Arctozolt|Stomping Tantrum|p1a: Heatran\n|-supereffective|p1a: Heatran\n|-damage|p1a: Heatran|0 fnt\n|faint|p1a: Heatran\n|-damage|p2a: Arctozolt|66\/100|[from] item: Life Orb\n|\n|-weather|Snow|[upkeep]\n|upkeep\n|\n|t:|1700888138\n|switch|p1a: Rillaboom|Rillaboom, M|100\/100\n|-fieldstart|move: Grassy Terrain|[from] ability: Grassy Surge|[of] p1a: Rillaboom\n|turn|13\n|\n|t:|1700888144\n|move|p1a: Rillaboom|Grassy Glide|p2a: Arctozolt\n|-damage|p2a: Arctozolt|15\/100\n|move|p2a: Arctozolt|Blizzard|p1a: Rillaboom\n|-supereffective|p1a: Rillaboom\n|-damage|p1a: Rillaboom|0 fnt\n|faint|p1a: Rillaboom\n|-damage|p2a: Arctozolt|5\/100|[from] item: Life Orb\n|\n|-weather|Snow|[upkeep]\n|-heal|p2a: Arctozolt|11\/100|[from] Grassy Terrain\n|upkeep\n|\n|t:|1700888155\n|switch|p1a: Gyarados|Gyarados, F|100\/100\n|turn|14\n|\n|t:|1700888160\n|move|p2a: Arctozolt|Bolt Beak|p1a: Gyarados\n|-supereffective|p1a: Gyarados\n|-damage|p1a: Gyarados|0 fnt\n|faint|p1a: Gyarados\n|-damage|p2a: Arctozolt|1\/100|[from] item: Life Orb\n|\n|-weather|Snow|[upkeep]\n|-heal|p2a: Arctozolt|7\/100|[from] Grassy Terrain\n|upkeep\n|\n|t:|1700888168\n|switch|p1a: Espeon|Espeon, F|100\/100\n|turn|15\n|\n|t:|1700888178\n|move|p2a: Arctozolt|Bolt Beak|p1a: Espeon\n|-damage|p1a: Espeon|0 fnt\n|faint|p1a: Espeon\n|-damage|p2a: Arctozolt|0 fnt|[from] item: Life Orb\n|faint|p2a: Arctozolt\n|\n|-weather|Snow|[upkeep]\n|upkeep\n|-message|TKmaoz_xj forfeited.\n|\n|win|Glonxxu\n|raw|TKmaoz_xj's rating: 1162 &rarr; <strong>1140<\/strong><br \/>(-22 for losing)\n|raw|Glonxxu's rating: 1210 &rarr; <strong>1232<\/strong><br \/>(+22 for winning)\n|l|\u2606TKmaoz_xj\n","uploadtime":1700888189,"views":1,"p1id":"tkmaozxj","p2id":"glonxxu","formatid":"gen9nationaldex","rating":1140,"private":0,"password":""}