{"id":"gen9nationaldex-1997511857","p1":"Miku Nakano ily","p2":"BingXillingBoom","format":"[Gen 9] National Dex","log":"|html|<div class=\"broadcast-blue\"><strong>[Gen 9] National Dex is currently suspecting Sneasler! For information on how to participate check out the <a href=\"https:\/\/www.smogon.com\/forums\/threads\/sv-national-dex-suspect-8-just-dance.3731534\/\">suspect thread<\/a>.<\/strong><\/div>\n|j|\u2606Miku Nakano ily\n|j|\u2606BingXillingBoom\n|inactive|Battle timer is ON: inactive players will automatically lose when time's up.\n|t:|1700817994\n|gametype|singles\n|player|p1|Miku Nakano ily|red|\n|player|p2|BingXillingBoom|steven|\n|teamsize|p1|6\n|teamsize|p2|6\n|gen|9\n|tier|[Gen 9] National Dex\n|rated|Tournament battle\n|rule|HP Percentage Mod: HP is shown in percentages\n|rule|Endless Battle Clause: Forcing endless battles is banned\n|rule|OHKO Clause: OHKO moves are banned\n|rule|Evasion Clause: Evasion abilities, items, and moves are banned\n|rule|Evasion Abilities Clause: Evasion abilities are banned\n|rule|Evasion Items Clause: Evasion items are banned\n|rule|Evasion Moves Clause: Evasion moves are banned\n|rule|Species Clause: Limit one of each Pok\u00e9mon\n|rule|Sleep Clause Mod: Limit one foe put to sleep\n|clearpoke\n|poke|p1|Charizard, F|\n|poke|p1|Alomomola, M|\n|poke|p1|Slowking-Galar, F|\n|poke|p1|Iron Valiant|\n|poke|p1|Landorus-Therian, M|\n|poke|p1|Cinderace, F|\n|poke|p2|Ting-Lu|\n|poke|p2|Iron Valiant|\n|poke|p2|Toxapex, M|\n|poke|p2|Heatran, M|\n|poke|p2|Latias, F|\n|poke|p2|Galvantula, M|\n|teampreview\n|c|\u2606Miku Nakano ily|Hf\n|\n|t:|1700818003\n|start\n|switch|p1a: Landorus|Landorus-Therian, M|100\/100\n|switch|p2a: Galvantula|Galvantula, M|100\/100\n|-ability|p1a: Landorus|Intimidate|boost\n|-unboost|p2a: Galvantula|atk|1\n|turn|1\n|\n|t:|1700818012\n|move|p2a: Galvantula|Sticky Web|p1a: Landorus\n|-sidestart|p1: Miku Nakano ily|move: Sticky Web\n|move|p1a: Landorus|Earthquake|p2a: Galvantula\n|-damage|p2a: Galvantula|9\/100\n|\n|upkeep\n|turn|2\n|j| draco cula\n|\n|t:|1700818018\n|switch|p2a: Latias|Latias, F|100\/100\n|move|p1a: Landorus|Knock Off|p2a: Latias\n|-supereffective|p2a: Latias\n|-damage|p2a: Latias|45\/100\n|\n|upkeep\n|turn|3\n|\n|t:|1700818022\n|detailschange|p2a: Latias|Latias-Mega, F\n|-mega|p2a: Latias|Latias|Latiasite\n|move|p2a: Latias|Draco Meteor|p1a: Landorus\n|-damage|p1a: Landorus|39\/100\n|-unboost|p2a: Latias|spa|2\n|move|p1a: Landorus|Knock Off|p2a: Latias\n|-supereffective|p2a: Latias\n|-damage|p2a: Latias|7\/100\n|\n|-heal|p1a: Landorus|45\/100|[from] item: Leftovers\n|upkeep\n|turn|4\n|\n|t:|1700818028\n|switch|p1a: Slowking|Slowking-Galar, F|100\/100\n|-activate|p1a: Slowking|move: Sticky Web\n|-unboost|p1a: Slowking|spe|1\n|move|p2a: Latias|Ice Beam|p1a: Slowking\n|-damage|p1a: Slowking|91\/100\n|\n|-heal|p1a: Slowking|97\/100|[from] item: Leftovers\n|upkeep\n|turn|5\n|\n|t:|1700818035\n|switch|p2a: Galvantula|Galvantula, M|9\/100\n|move|p1a: Slowking|Chilly Reception|p1a: Slowking\n|-weather|Snow\n|\n|t:|1700818038\n|switch|p1a: Cinderace|Cinderace, F|100\/100|[from] Chilly Reception\n|\n|-weather|Snow|[upkeep]\n|upkeep\n|turn|6\n|\n|t:|1700818042\n|move|p1a: Cinderace|U-turn|p2a: Galvantula\n|-start|p1a: Cinderace|typechange|Bug|[from] ability: Libero\n|-damage|p2a: Galvantula|0 fnt\n|faint|p2a: Galvantula\n|\n|t:|1700818045\n|switch|p1a: Landorus|Landorus-Therian, M|45\/100|[from] U-turn\n|\n|-weather|Snow|[upkeep]\n|-heal|p1a: Landorus|51\/100|[from] item: Leftovers\n|upkeep\n|\n|t:|1700818048\n|switch|p2a: Latias|Latias-Mega, F|7\/100\n|turn|7\n|\n|t:|1700818054\n|switch|p1a: Slowking|Slowking-Galar, F|100\/100\n|-activate|p1a: Slowking|move: Sticky Web\n|-unboost|p1a: Slowking|spe|1\n|move|p2a: Latias|Ice Beam|p1a: Slowking\n|-damage|p1a: Slowking|81\/100\n|\n|-weather|Snow|[upkeep]\n|-heal|p1a: Slowking|87\/100|[from] item: Leftovers\n|upkeep\n|turn|8\n|\n|t:|1700818083\n|switch|p2a: Eruption Go Boom|Heatran, M|100\/100\n|move|p1a: Slowking|Ice Beam|p2a: Eruption Go Boom\n|-resisted|p2a: Eruption Go Boom\n|-damage|p2a: Eruption Go Boom|94\/100\n|\n|-weather|Snow|[upkeep]\n|-heal|p1a: Slowking|93\/100|[from] item: Leftovers\n|upkeep\n|turn|9\n|\n|t:|1700818089\n|move|p2a: Eruption Go Boom|Eruption|p1a: Slowking\n|-damage|p1a: Slowking|54\/100\n|move|p1a: Slowking|Chilly Reception|p1a: Slowking\n|\n|t:|1700818094\n|switch|p1a: Cinderace|Cinderace, F|100\/100|[from] Chilly Reception\n|\n|-weather|none\n|upkeep\n|turn|10\n|\n|t:|1700818102\n|switch|p2a: Iron Valiant|Iron Valiant|100\/100\n|move|p1a: Cinderace|High Jump Kick|p2a: Iron Valiant\n|-start|p1a: Cinderace|typechange|Fighting|[from] ability: Libero\n|-resisted|p2a: Iron Valiant\n|-damage|p2a: Iron Valiant|60\/100\n|\n|upkeep\n|turn|11\n|\n|t:|1700818110\n|switch|p1a: Slowking|Slowking-Galar, F|87\/100\n|-activate|p1a: Slowking|move: Sticky Web\n|-unboost|p1a: Slowking|spe|1\n|move|p2a: Iron Valiant|Close Combat|p1a: Slowking\n|-resisted|p1a: Slowking\n|-damage|p1a: Slowking|65\/100\n|-unboost|p2a: Iron Valiant|def|1\n|-unboost|p2a: Iron Valiant|spd|1\n|-damage|p2a: Iron Valiant|50\/100|[from] item: Life Orb\n|\n|-heal|p1a: Slowking|71\/100|[from] item: Leftovers\n|upkeep\n|turn|12\n|\n|t:|1700818118\n|-end|p2a: Iron Valiant|Quark Drive|[silent]\n|switch|p2a: Eruption Go Boom|Heatran, M|94\/100\n|move|p1a: Slowking|Chilly Reception|p1a: Slowking\n|-weather|Snow\n|\n|t:|1700818120\n|switch|p1a: Cinderace|Cinderace, F|100\/100|[from] Chilly Reception\n|\n|-weather|Snow|[upkeep]\n|upkeep\n|turn|13\n|\n|t:|1700818127\n|move|p2a: Eruption Go Boom|Earth Power|p1a: Cinderace\n|-supereffective|p1a: Cinderace\n|-damage|p1a: Cinderace|8\/100\n|move|p1a: Cinderace|High Jump Kick|p2a: Eruption Go Boom\n|-start|p1a: Cinderace|typechange|Fighting|[from] ability: Libero\n|-supereffective|p2a: Eruption Go Boom\n|-damage|p2a: Eruption Go Boom|0 fnt\n|faint|p2a: Eruption Go Boom\n|\n|-weather|Snow|[upkeep]\n|upkeep\n|\n|t:|1700818137\n|switch|p2a: Ting-Lu|Ting-Lu|100\/100\n|-ability|p2a: Ting-Lu|Vessel of Ruin\n|turn|14\n|\n|t:|1700818140\n|move|p1a: Cinderace|U-turn|p2a: Ting-Lu\n|-supereffective|p2a: Ting-Lu\n|-damage|p2a: Ting-Lu|75\/100\n|\n|t:|1700818148\n|switch|p1a: Alomomola|Alomomola, M|100\/100|[from] U-turn\n|-activate|p1a: Alomomola|move: Sticky Web\n|-unboost|p1a: Alomomola|spe|1\n|move|p2a: Ting-Lu|Earthquake|p1a: Alomomola\n|-damage|p1a: Alomomola|79\/100\n|\n|-weather|Snow|[upkeep]\n|-heal|p2a: Ting-Lu|81\/100|[from] item: Leftovers\n|upkeep\n|turn|15\n|c| draco cula|Miku your cinderace is op\n|\n|t:|1700818167\n|move|p2a: Ting-Lu|Stealth Rock|p1a: Alomomola\n|-sidestart|p1: Miku Nakano ily|move: Stealth Rock\n|move|p1a: Alomomola|Toxic|p2a: Ting-Lu\n|-status|p2a: Ting-Lu|tox\n|\n|-weather|Snow|[upkeep]\n|-heal|p2a: Ting-Lu|87\/100 tox|[from] item: Leftovers\n|-damage|p2a: Ting-Lu|81\/100 tox|[from] psn\n|upkeep\n|turn|16\n|\n|t:|1700818172\n|switch|p2a: Its just a phase|Toxapex, M|100\/100\n|move|p1a: Alomomola|Wish|p1a: Alomomola\n|\n|-weather|none\n|upkeep\n|turn|17\n|\n|t:|1700818177\n|move|p2a: Its just a phase|Scald|p1a: Alomomola\n|-resisted|p1a: Alomomola\n|-damage|p1a: Alomomola|68\/100\n|-status|p1a: Alomomola|brn\n|move|p1a: Alomomola|Flip Turn|p2a: Its just a phase\n|-resisted|p2a: Its just a phase\n|-damage|p2a: Its just a phase|98\/100\n|\n|t:|1700818185\n|switch|p1a: Cinderace|Cinderace, F|8\/100|[from] Flip Turn\n|\n|-heal|p1a: Cinderace|97\/100|[from] move: Wish|[wisher] Alomomola\n|-heal|p2a: Its just a phase|100\/100|[from] item: Leftovers\n|upkeep\n|turn|18\n|c|\u2606Miku Nakano ily|Lol thx\n|\n|t:|1700818206\n|move|p1a: Cinderace|Court Change|p1a: Cinderace\n|-start|p1a: Cinderace|typechange|Normal|[from] ability: Libero\n|-swapsideconditions\n|-activate|p1a: Cinderace|move: Court Change\n|move|p2a: Its just a phase|Scald|p1a: Cinderace\n|-damage|p1a: Cinderace|71\/100\n|-status|p1a: Cinderace|brn\n|\n|-damage|p1a: Cinderace|65\/100 brn|[from] brn\n|upkeep\n|turn|19\n|\n|t:|1700818214\n|switch|p2a: Latias|Latias-Mega, F|7\/100\n|-damage|p2a: Latias|0 fnt|[from] Stealth Rock\n|faint|p2a: Latias\n|move|p1a: Cinderace|U-turn|p2: Latias|[notarget]\n|-fail|p1a: Cinderace\n|\n|-damage|p1a: Cinderace|59\/100 brn|[from] brn\n|upkeep\n|\n|t:|1700818221\n|switch|p2a: Iron Valiant|Iron Valiant|50\/100\n|-activate|p2a: Iron Valiant|move: Sticky Web\n|-unboost|p2a: Iron Valiant|spe|1\n|-damage|p2a: Iron Valiant|44\/100|[from] Stealth Rock\n|turn|20\n|\n|t:|1700818226\n|move|p1a: Cinderace|U-turn|p2a: Iron Valiant\n|-resisted|p2a: Iron Valiant\n|-damage|p2a: Iron Valiant|41\/100\n|\n|t:|1700818228\n|switch|p1a: Alomomola|Alomomola, M|100\/100 brn|[from] U-turn\n|move|p2a: Iron Valiant|Close Combat|p1a: Alomomola\n|-damage|p1a: Alomomola|58\/100 brn\n|-unboost|p2a: Iron Valiant|def|1\n|-unboost|p2a: Iron Valiant|spd|1\n|-damage|p2a: Iron Valiant|31\/100|[from] item: Life Orb\n|\n|-damage|p1a: Alomomola|52\/100 brn|[from] brn\n|upkeep\n|turn|21\n|\n|t:|1700818239\n|switch|p1a: Landorus|Landorus-Therian, M|51\/100\n|-ability|p1a: Landorus|Intimidate|boost\n|-unboost|p2a: Iron Valiant|atk|1\n|move|p2a: Iron Valiant|Leaf Blade|p1a: Landorus\n|-damage|p1a: Landorus|29\/100\n|-damage|p2a: Iron Valiant|21\/100|[from] item: Life Orb\n|\n|-heal|p1a: Landorus|35\/100|[from] item: Leftovers\n|upkeep\n|turn|22\n|\n|t:|1700818259\n|move|p2a: Iron Valiant|Spirit Break|p1a: Landorus\n|-damage|p1a: Landorus|2\/100\n|-unboost|p1a: Landorus|spa|1\n|-damage|p2a: Iron Valiant|11\/100|[from] item: Life Orb\n|move|p1a: Landorus|Knock Off|p2a: Iron Valiant\n|-resisted|p2a: Iron Valiant\n|-damage|p2a: Iron Valiant|0 fnt\n|-enditem|p2a: Iron Valiant|Life Orb|[from] move: Knock Off|[of] p1a: Landorus\n|faint|p2a: Iron Valiant\n|-end|p2a: Iron Valiant|Quark Drive|[silent]\n|\n|-heal|p1a: Landorus|8\/100|[from] item: Leftovers\n|upkeep\n|\n|t:|1700818264\n|switch|p2a: Ting-Lu|Ting-Lu|81\/100 tox\n|-activate|p2a: Ting-Lu|move: Sticky Web\n|-unboost|p2a: Ting-Lu|spe|1\n|-damage|p2a: Ting-Lu|75\/100 tox|[from] Stealth Rock\n|-ability|p2a: Ting-Lu|Vessel of Ruin\n|turn|23\n|\n|t:|1700818270\n|move|p1a: Landorus|Taunt|p2a: Ting-Lu\n|-start|p2a: Ting-Lu|move: Taunt\n|move|p2a: Ting-Lu|Payback|p1a: Landorus\n|-damage|p1a: Landorus|0 fnt\n|faint|p1a: Landorus\n|\n|-heal|p2a: Ting-Lu|81\/100 tox|[from] item: Leftovers\n|-damage|p2a: Ting-Lu|75\/100 tox|[from] psn\n|upkeep\n|\n|t:|1700818278\n|switch|p1a: Charizard|Charizard, F|100\/100\n|turn|24\n|\n|t:|1700818291\n|detailschange|p1a: Charizard|Charizard-Mega-Y, F\n|-mega|p1a: Charizard|Charizard|Charizardite Y\n|-weather|SunnyDay|[from] ability: Drought|[of] p1a: Charizard\n|move|p1a: Charizard|Solar Beam||[still]\n|-prepare|p1a: Charizard|Solar Beam\n|-anim|p1a: Charizard|Solar Beam|p2a: Ting-Lu\n|-supereffective|p2a: Ting-Lu\n|-damage|p2a: Ting-Lu|27\/100 tox\n|move|p2a: Ting-Lu|Payback|p1a: Charizard\n|-damage|p1a: Charizard|49\/100\n|\n|-weather|SunnyDay|[upkeep]\n|-heal|p2a: Ting-Lu|33\/100 tox|[from] item: Leftovers\n|-damage|p2a: Ting-Lu|21\/100 tox|[from] psn\n|upkeep\n|turn|25\n|\n|t:|1700818299\n|-terastallize|p2a: Ting-Lu|Ghost\n|move|p1a: Charizard|Solar Beam||[still]\n|-prepare|p1a: Charizard|Solar Beam\n|-anim|p1a: Charizard|Solar Beam|p2a: Ting-Lu\n|-damage|p2a: Ting-Lu|0 fnt\n|faint|p2a: Ting-Lu\n|\n|-weather|SunnyDay|[upkeep]\n|upkeep\n|\n|t:|1700818304\n|switch|p2a: Its just a phase|Toxapex, M|100\/100\n|-activate|p2a: Its just a phase|move: Sticky Web\n|-unboost|p2a: Its just a phase|spe|1\n|-damage|p2a: Its just a phase|88\/100|[from] Stealth Rock\n|turn|26\n|\n|t:|1700818309\n|switch|p1a: Slowking|Slowking-Galar, F|100\/100\n|move|p2a: Its just a phase|Scald|p1a: Slowking\n|-damage|p1a: Slowking|96\/100\n|-status|p1a: Slowking|brn\n|\n|-weather|SunnyDay|[upkeep]\n|-heal|p2a: Its just a phase|94\/100|[from] item: Leftovers\n|-heal|p1a: Slowking|100\/100 brn|[from] item: Leftovers\n|-damage|p1a: Slowking|94\/100 brn|[from] brn\n|upkeep\n|turn|27\n|-message|BingXillingBoom forfeited.\n|\n|win|Miku Nakano ily\n|n|\u2606Miku Nakano ily|mikunakanoily\n|n|\u2606BingXillingBoom|bingxillingboom\n|n| draco cula|dracocula\n","uploadtime":1700818317,"views":5,"p1id":"mikunakanoily","p2id":"bingxillingboom","formatid":"gen9nationaldex","rating":0,"private":0,"password":""}