{"id":"gen9nationaldex-1992871096","p1":"GodLikeAlon","p2":"fitz646","format":"[Gen 9] National Dex","log":"|j|\u2606GodLikeAlon\n|j|\u2606fitz646\n|t:|1700242647\n|gametype|singles\n|player|p1|GodLikeAlon|1|1000\n|player|p2|fitz646|crasherwake|1037\n|teamsize|p1|6\n|teamsize|p2|6\n|gen|9\n|tier|[Gen 9] National Dex\n|rated|\n|rule|HP Percentage Mod: HP is shown in percentages\n|rule|Endless Battle Clause: Forcing endless battles is banned\n|rule|OHKO Clause: OHKO moves are banned\n|rule|Evasion Clause: Evasion abilities, items, and moves are banned\n|rule|Evasion Abilities Clause: Evasion abilities are banned\n|rule|Evasion Items Clause: Evasion items are banned\n|rule|Evasion Moves Clause: Evasion moves are banned\n|rule|Species Clause: Limit one of each Pok\u00e9mon\n|rule|Sleep Clause Mod: Limit one foe put to sleep\n|clearpoke\n|poke|p1|Indeedee-F, F|\n|poke|p1|Armarouge, F|\n|poke|p1|Polteageist-Antique|\n|poke|p1|Hatterene, F|\n|poke|p1|Volcarona, M|\n|poke|p1|Great Tusk|\n|poke|p2|Swampert, M|\n|poke|p2|Togekiss, M|\n|poke|p2|Garganacl, M|\n|poke|p2|Vanilluxe, M|\n|poke|p2|Greedent, M|\n|poke|p2|Bellibolt, M|\n|teampreview\n|\n|t:|1700242661\n|start\n|switch|p1a: D boy|Indeedee-F, F|100\/100\n|switch|p2a: Swampert|Swampert, M|100\/100\n|-fieldstart|move: Psychic Terrain|[from] ability: Psychic Surge|[of] p1a: D boy\n|turn|1\n|\n|t:|1700242677\n|switch|p1a: does he know??|Hatterene, F|100\/100\n|move|p2a: Swampert|Stealth Rock|p1a: does he know??\n|move|p1a: does he know??|Stealth Rock|p2a: Swampert|[from]ability: Magic Bounce\n|-sidestart|p2: fitz646|move: Stealth Rock\n|\n|upkeep\n|turn|2\n|\n|t:|1700242692\n|move|p2a: Swampert|Flip Turn|p1a: does he know??\n|-damage|p1a: does he know??|83\/100\n|\n|t:|1700242704\n|switch|p2a: Greedent|Greedent, M|100\/100|[from] Flip Turn\n|-damage|p2a: Greedent|88\/100|[from] Stealth Rock\n|move|p1a: does he know??|Calm Mind|p1a: does he know??\n|-boost|p1a: does he know??|spa|1\n|-boost|p1a: does he know??|spd|1\n|\n|-heal|p1a: does he know??|89\/100|[from] item: Leftovers\n|upkeep\n|turn|3\n|c|\u2606GodLikeAlon|**does he know chat**\n|\n|t:|1700242713\n|move|p1a: does he know??|Calm Mind|p1a: does he know??\n|-boost|p1a: does he know??|spa|1\n|-boost|p1a: does he know??|spd|1\n|move|p2a: Greedent|Stuff Cheeks|p2a: Greedent\n|-boost|p2a: Greedent|def|2\n|-enditem|p2a: Greedent|Ganlon Berry|[eat]\n|-boost|p2a: Greedent|def|1|[from] item: Ganlon Berry\n|-heal|p2a: Greedent|100\/100|[from] ability: Cheek Pouch\n|\n|-heal|p1a: does he know??|95\/100|[from] item: Leftovers\n|upkeep\n|turn|4\n|\n|t:|1700242734\n|-terastallize|p1a: does he know??|Fire\n|move|p1a: does he know??|Mystical Fire|p2a: Greedent\n|-damage|p2a: Greedent|52\/100\n|-unboost|p2a: Greedent|spa|1\n|move|p2a: Greedent|Swords Dance|p2a: Greedent\n|-boost|p2a: Greedent|atk|2\n|\n|-heal|p1a: does he know??|100\/100|[from] item: Leftovers\n|upkeep\n|turn|5\n|\n|t:|1700242748\n|-terastallize|p2a: Greedent|Normal\n|move|p1a: does he know??|Mystical Fire|p2a: Greedent\n|-damage|p2a: Greedent|8\/100\n|-unboost|p2a: Greedent|spa|1\n|move|p2a: Greedent|Body Slam|p1a: does he know??\n|-damage|p1a: does he know??|41\/100\n|\n|-heal|p1a: does he know??|47\/100|[from] item: Leftovers\n|upkeep\n|turn|6\n|\n|t:|1700242759\n|move|p1a: does he know??|Draining Kiss|p2a: Greedent\n|-damage|p2a: Greedent|0 fnt\n|-heal|p1a: does he know??|55\/100|[from] drain|[of] p2a: Greedent\n|faint|p2a: Greedent\n|\n|-heal|p1a: does he know??|61\/100|[from] item: Leftovers\n|upkeep\n|c|\u2606GodLikeAlon|**DOEs HE Know CHAT**\n|inactive|Battle timer is ON: inactive players will automatically lose when time's up. (requested by GodLikeAlon)\n|inactive|fitz646 has 120 seconds left.\n|\n|t:|1700242836\n|switch|p2a: Swampert|Swampert, M|100\/100\n|-damage|p2a: Swampert|94\/100|[from] Stealth Rock\n|turn|7\n|\n|t:|1700242849\n|move|p2a: Swampert|Earthquake|p1a: does he know??\n|-supereffective|p1a: does he know??\n|-damage|p1a: does he know??|0 fnt\n|faint|p1a: does he know??\n|\n|upkeep\n|\n|t:|1700242873\n|switch|p1a: remember him?|Volcarona, M|100\/100\n|turn|8\n|\n|t:|1700242887\n|switch|p2a: Togekiss|Togekiss, M|100\/100\n|move|p1a: remember him?|Quiver Dance|p1a: remember him?\n|-boost|p1a: remember him?|spa|1\n|-boost|p1a: remember him?|spd|1\n|-boost|p1a: remember him?|spe|1\n|\n|-fieldend|move: Psychic Terrain\n|upkeep\n|turn|9\n|inactive|GodLikeAlon has 120 seconds left.\n|c|\u2606GodLikeAlon|!weak togekiss\n|c| GodLikeAlon|\/raw <div class=\"infobox\">Togekiss (ignoring abilities):<br \/><span class=\"message-effect-weak\">Weaknesses<\/span>: Electric, Ice, Poison, Rock, Steel<br \/><span class=\"message-effect-resist\">Resistances<\/span>: <b>Bug<\/b>, Dark, <b>Fighting<\/b>, Grass<br \/><span class=\"message-effect-immune\">Immunities<\/span>: Dragon, Ground<\/div>\n|\n|t:|1700242922\n|move|p1a: remember him?|Fiery Dance|p2a: Togekiss\n|-damage|p2a: Togekiss|31\/100\n|-boost|p1a: remember him?|spa|1\n|move|p2a: Togekiss|Thunder Wave|p1a: remember him?\n|-status|p1a: remember him?|par\n|\n|upkeep\n|turn|10\n|\n|t:|1700242935\n|move|p2a: Togekiss|Air Slash|p1a: remember him?\n|-supereffective|p1a: remember him?\n|-damage|p1a: remember him?|44\/100 par\n|move|p1a: remember him?|Fiery Dance|p2a: Togekiss\n|-damage|p2a: Togekiss|0 fnt\n|-boost|p1a: remember him?|spa|1\n|faint|p2a: Togekiss\n|\n|upkeep\n|c|\u2606GodLikeAlon|L mans\n|c|\u2606GodLikeAlon|Bro had to paralyze me\n|n|!GodLikeAlon|godlikealon\n|inactive|fitz646 has 120 seconds left.\n|\n|t:|1700242988\n|switch|p2a: Vanilluxe|Vanilluxe, M, shiny|100\/100\n|-damage|p2a: Vanilluxe|75\/100|[from] Stealth Rock\n|turn|11\n|\n|t:|1700242994\n|move|p2a: Vanilluxe|Endure|p2a: Vanilluxe\n|-singleturn|p2a: Vanilluxe|move: Endure\n|move|p1a: remember him?|Fiery Dance|p2a: Vanilluxe\n|-supereffective|p2a: Vanilluxe\n|-activate|p2a: Vanilluxe|move: Endure\n|-damage|p2a: Vanilluxe|1\/100\n|-enditem|p2a: Vanilluxe|Weakness Policy\n|-boost|p2a: Vanilluxe|atk|2|[from] item: Weakness Policy\n|-boost|p2a: Vanilluxe|spa|2|[from] item: Weakness Policy\n|\n|upkeep\n|turn|12\n|\n|t:|1700243004\n|move|p2a: Vanilluxe|Ice Beam|p1a: remember him?\n|-resisted|p1a: remember him?\n|-damage|p1a: remember him?|13\/100 par\n|cant|p1a: remember him?|par\n|\n|upkeep\n|turn|13\n|\n|t:|1700243014\n|move|p2a: Vanilluxe|Ice Beam|p1a: remember him?\n|-resisted|p1a: remember him?\n|-damage|p1a: remember him?|0 fnt\n|faint|p1a: remember him?\n|\n|upkeep\n|inactive|GodLikeAlon has 120 seconds left.\n|\n|t:|1700243025\n|switch|p1a: D boy|Indeedee-F, F|100\/100\n|-fieldstart|move: Psychic Terrain|[from] ability: Psychic Surge|[of] p1a: D boy\n|turn|14\n|inactive|fitz646 has 120 seconds left.\n|\n|t:|1700243034\n|switch|p1a: Hati mera sathi|Great Tusk|100\/100\n|move|p2a: Vanilluxe|Endure||[still]\n|-fail|p2a: Vanilluxe\n|\n|upkeep\n|turn|15\n|\n|t:|1700243041\n|move|p2a: Vanilluxe|Endure|p2a: Vanilluxe\n|-singleturn|p2a: Vanilluxe|move: Endure\n|move|p1a: Hati mera sathi|Knock Off|p2a: Vanilluxe\n|-activate|p2a: Vanilluxe|move: Endure\n|-damage|p2a: Vanilluxe|1\/100\n|-ability|p2a: Vanilluxe|Weak Armor|boost\n|-unboost|p2a: Vanilluxe|def|1\n|-boost|p2a: Vanilluxe|spe|2\n|\n|upkeep\n|turn|16\n|\n|t:|1700243050\n|move|p2a: Vanilluxe|Ice Beam|p1a: Hati mera sathi\n|-supereffective|p1a: Hati mera sathi\n|-damage|p1a: Hati mera sathi|0 fnt\n|faint|p1a: Hati mera sathi\n|-end|p1a: Hati mera sathi|Protosynthesis|[silent]\n|\n|upkeep\n|\n|t:|1700243061\n|switch|p1a: Cheta two tea|Polteageist-Antique|100\/100\n|turn|17\n|\n|t:|1700243067\n|move|p2a: Vanilluxe|Ice Beam|p1a: Cheta two tea\n|-enditem|p1a: Cheta two tea|Focus Sash\n|-damage|p1a: Cheta two tea|1\/100\n|move|p1a: Cheta two tea|Shell Smash|p1a: Cheta two tea\n|-unboost|p1a: Cheta two tea|def|1\n|-unboost|p1a: Cheta two tea|spd|1\n|-boost|p1a: Cheta two tea|atk|2\n|-boost|p1a: Cheta two tea|spa|2\n|-boost|p1a: Cheta two tea|spe|2\n|\n|upkeep\n|turn|18\n|\n|t:|1700243081\n|move|p2a: Vanilluxe|Ice Shard|p1a: Cheta two tea\n|-activate|p1a: Cheta two tea|move: Psychic Terrain\n|move|p1a: Cheta two tea|Stored Power|p2a: Vanilluxe\n|-damage|p2a: Vanilluxe|0 fnt\n|faint|p2a: Vanilluxe\n|\n|upkeep\n|\n|t:|1700243092\n|switch|p2a: Bellibolt|Bellibolt, M|100\/100\n|-damage|p2a: Bellibolt|88\/100|[from] Stealth Rock\n|-item|p2a: Bellibolt|Air Balloon\n|turn|19\n|\n|t:|1700243100\n|move|p1a: Cheta two tea|Stored Power|p2a: Bellibolt\n|-damage|p2a: Bellibolt|0 fnt\n|-enditem|p2a: Bellibolt|Air Balloon\n|faint|p2a: Bellibolt\n|\n|upkeep\n|\n|t:|1700243111\n|switch|p2a: Swampert|Swampert, M|94\/100\n|-damage|p2a: Swampert|88\/100|[from] Stealth Rock\n|turn|20\n|\n|t:|1700243121\n|move|p1a: Cheta two tea|Stored Power|p2a: Swampert\n|-damage|p2a: Swampert|0 fnt\n|faint|p2a: Swampert\n|\n|upkeep\n|\n|t:|1700243126\n|switch|p2a: Garganacl|Garganacl, M|100\/100\n|-damage|p2a: Garganacl|88\/100|[from] Stealth Rock\n|turn|21\n|\n|t:|1700243132\n|move|p1a: Cheta two tea|Stored Power|p2a: Garganacl\n|-damage|p2a: Garganacl|0 fnt\n|faint|p2a: Garganacl\n|\n|win|GodLikeAlon\n|raw|GodLikeAlon's rating: 1000 &rarr; <strong>1044<\/strong><br \/>(+44 for winning)\n|raw|fitz646's rating: 1037 &rarr; <strong>1020<\/strong><br \/>(-17 for losing)\n","uploadtime":1700242958,"views":8,"p1id":"godlikealon","p2id":"fitz646","formatid":"gen9nationaldex","rating":1020,"private":0,"password":""}