{"id":"gen9nationaldex-1988806398","p1":"marshawdo","p2":"Zera & Lucy","format":"[Gen 9] National Dex","log":"|j|\u2606marshawdo\n|j|\u2606Zera & Lucy\n|t:|1699765869\n|gametype|singles\n|player|p1|marshawdo|265|\n|player|p2|Zera & Lucy|cynthia|\n|teamsize|p1|6\n|teamsize|p2|6\n|gen|9\n|tier|[Gen 9] National Dex\n|rule|HP Percentage Mod: HP is shown in percentages\n|rule|Endless Battle Clause: Forcing endless battles is banned\n|rule|OHKO Clause: OHKO moves are banned\n|rule|Evasion Clause: Evasion abilities, items, and moves are banned\n|rule|Evasion Abilities Clause: Evasion abilities are banned\n|rule|Evasion Items Clause: Evasion items are banned\n|rule|Evasion Moves Clause: Evasion moves are banned\n|rule|Species Clause: Limit one of each Pok\u00e9mon\n|rule|Sleep Clause Mod: Limit one foe put to sleep\n|clearpoke\n|poke|p1|Indeedee, M|\n|poke|p1|Victini|\n|poke|p1|Gardevoir, F|\n|poke|p1|Gallade, M|\n|poke|p1|Slowking-Galar, M|\n|poke|p1|Braviary-Hisui, M|\n|poke|p2|Maushold|\n|poke|p2|Ambipom, F|\n|poke|p2|Zoroark-Hisui, M|\n|poke|p2|Komala, F|\n|poke|p2|Indeedee, M|\n|poke|p2|Cinccino, M|\n|teampreview\n|inactive|Battle timer is ON: inactive players will automatically lose when time's up. (requested by Zera & Lucy)\n|c|\u2606marshawdo|ahora un team normal\n|c|\u2606Zera & Lucy|Aja\n|c|\u2606marshawdo|ok me sirve\n|c|\u2606Zera & Lucy|Veras\n|\n|t:|1699765897\n|start\n|switch|p1a: Victini|Victini|100\/100\n|switch|p2a: Protect trust :)|Ambipom, F|100\/100\n|turn|1\n|c|\u2606Zera & Lucy|Te dire lo que no te dije antes\n|c|\u2606Zera & Lucy|Estas peleando con el sub-campeon de smogon :3\n|inactive|Zera & Lucy has 270 seconds left.\n|c|\u2606marshawdo|a tampoco es que me interese mucho que digamos\n|c|\u2606Zera & Lucy|Y este es el monotipo normal del ttop 20 UU(monotyope)\n|\n|t:|1699765944\n|switch|p1a: Indeedee|Indeedee, M|100\/100\n|-fieldstart|move: Psychic Terrain|[from] ability: Psychic Surge|[of] p1a: Indeedee\n|-terastallize|p2a: Protect trust :)|Normal\n|move|p2a: Protect trust :)|Fake Out|p1a: Indeedee\n|-activate|p1a: Indeedee|move: Psychic Terrain\n|\n|upkeep\n|turn|2\n|\n|t:|1699765965\n|move|p2a: Protect trust :)|U-turn|p1a: Indeedee\n|-supereffective|p1a: Indeedee\n|-damage|p1a: Indeedee|15\/100\n|\n|t:|1699765970\n|switch|p2a: Kuki|Komala, F|100\/100|[from] U-turn\n|-ability|p2a: Kuki|Comatose\n|move|p1a: Indeedee|Expanding Force|p2a: Kuki\n|-damage|p2a: Kuki|0 fnt\n|faint|p2a: Kuki\n|\n|upkeep\n|c|\u2606marshawdo|vale\n|c|\u2606Zera & Lucy|Sorpresa!\n|\n|t:|1699765984\n|switch|p2a: Cinccino|Cinccino, M|100\/100\n|turn|3\n|inactive|marshawdo has 270 seconds left.\n|c|\u2606marshawdo|de verdad no se mucho de smongo asi que pues sorpresa muy grande no me llevo\n|\n|t:|1699766023\n|move|p2a: Cinccino|Bullet Seed|p1a: Indeedee\n|-damage|p1a: Indeedee|0 fnt\n|faint|p1a: Indeedee\n|-hitcount|p1: Indeedee|1\n|\n|upkeep\n|\n|t:|1699766029\n|switch|p1a: Victini|Victini|100\/100\n|turn|4\n|inactive|marshawdo has 270 seconds left.\n|\n|t:|1699766036\n|move|p1a: Victini|Zen Headbutt|p2a: Cinccino\n|-damage|p2a: Cinccino|17\/100\n|move|p2a: Cinccino|Rock Blast|p1a: Victini\n|-supereffective|p1a: Victini\n|-damage|p1a: Victini|79\/100\n|-supereffective|p1a: Victini\n|-damage|p1a: Victini|59\/100\n|-supereffective|p1a: Victini\n|-damage|p1a: Victini|35\/100\n|-supereffective|p1a: Victini\n|-crit|p1a: Victini\n|-damage|p1a: Victini|4\/100\n|-hitcount|p1a: Victini|4\n|\n|upkeep\n|turn|5\n|\n|t:|1699766048\n|move|p1a: Victini|Zen Headbutt|p2a: Cinccino\n|-damage|p2a: Cinccino|0 fnt\n|faint|p2a: Cinccino\n|\n|-fieldend|move: Psychic Terrain\n|upkeep\n|\n|t:|1699766051\n|switch|p2a: Protect trust :)|Ambipom, F, tera:Normal|100\/100\n|turn|6\n|\n|t:|1699766057\n|move|p2a: Protect trust :)|Fake Out|p1a: Victini\n|-damage|p1a: Victini|0 fnt\n|faint|p1a: Victini\n|\n|upkeep\n|\n|t:|1699766062\n|switch|p1a: Gallade|Gallade, M|100\/100\n|turn|7\n|\n|t:|1699766067\n|detailschange|p1a: Gallade|Gallade-Mega, M\n|-mega|p1a: Gallade|Gallade|Galladite\n|move|p2a: Protect trust :)|U-turn|p1a: Gallade\n|-damage|p1a: Gallade|73\/100\n|\n|t:|1699766072\n|switch|p2a: Dee!|Indeedee, M|100\/100|[from] U-turn\n|move|p1a: Gallade|Drain Punch|p2a: Dee!\n|-immune|p2a: Dee!\n|\n|upkeep\n|turn|8\n|\n|t:|1699766086\n|move|p2a: Dee!|Shadow Ball|p1a: Gallade\n|-supereffective|p1a: Gallade\n|-damage|p1a: Gallade|0 fnt\n|faint|p1a: Gallade\n|\n|upkeep\n|\n|t:|1699766091\n|switch|p1a: Gardevoir|Gardevoir, F, shiny|100\/100\n|turn|9\n|\n|t:|1699766101\n|move|p2a: Dee!|Shadow Ball|p1a: Gardevoir\n|-supereffective|p1a: Gardevoir\n|-enditem|p1a: Gardevoir|Focus Sash\n|-damage|p1a: Gardevoir|1\/100\n|move|p1a: Gardevoir|Psychic|p2a: Dee!\n|-damage|p2a: Dee!|4\/100\n|replace|p2a: I tricked you :3|Zoroark-Hisui, M\n|-end|p2a: I tricked you :3|Illusion\n|\n|upkeep\n|turn|10\n|\n|t:|1699766111\n|move|p2a: I tricked you :3|Shadow Ball|p1a: Gardevoir\n|-supereffective|p1a: Gardevoir\n|-damage|p1a: Gardevoir|0 fnt\n|faint|p1a: Gardevoir\n|\n|upkeep\n|\n|t:|1699766119\n|switch|p1a: Braviary|Braviary-Hisui, M|100\/100\n|turn|11\n|\n|t:|1699766123\n|move|p2a: I tricked you :3|Shadow Ball|p1a: Braviary\n|-supereffective|p1a: Braviary\n|-damage|p1a: Braviary|0 fnt\n|faint|p1a: Braviary\n|\n|upkeep\n|\n|t:|1699766129\n|switch|p1a: Slowking|Slowking-Galar, M|100\/100\n|turn|12\n|\n|t:|1699766143\n|move|p2a: I tricked you :3|Shadow Ball|p1a: Slowking\n|-supereffective|p1a: Slowking\n|-damage|p1a: Slowking|29\/100\n|move|p1a: Slowking|Sludge Bomb|p2a: I tricked you :3\n|-resisted|p2a: I tricked you :3\n|-damage|p2a: I tricked you :3|0 fnt\n|faint|p2a: I tricked you :3\n|\n|-heal|p1a: Slowking|35\/100|[from] item: Leftovers\n|upkeep\n|\n|t:|1699766149\n|switch|p2a: Protect trust :)|Ambipom, F, tera:Normal|100\/100\n|turn|13\n|c|\u2606marshawdo|y pues aqui vamos de nuevo\n|\n|t:|1699766154\n|move|p2a: Protect trust :)|Fake Out|p1a: Slowking\n|-damage|p1a: Slowking|0 fnt\n|faint|p1a: Slowking\n|\n|win|Zera & Lucy\n|c|\u2606Zera & Lucy|Y si\n","uploadtime":1699766161,"views":5,"p1id":"marshawdo","p2id":"zeralucy","formatid":"gen9nationaldex","rating":0,"private":0,"password":""}