{"id":"gen9nationaldex-1987857888","p1":"Johnathan0205","p2":"The_biggest_noob1","format":"[Gen 9] National Dex","log":"|j|\u2606Johnathan0205\n|j|\u2606The_biggest_noob1\n|t:|1699643297\n|gametype|singles\n|player|p1|Johnathan0205|pokemonrangerf|1289\n|player|p2|The_biggest_noob1|102|1274\n|teamsize|p1|6\n|teamsize|p2|6\n|gen|9\n|tier|[Gen 9] National Dex\n|rated|\n|rule|HP Percentage Mod: HP is shown in percentages\n|rule|Endless Battle Clause: Forcing endless battles is banned\n|rule|OHKO Clause: OHKO moves are banned\n|rule|Evasion Clause: Evasion abilities, items, and moves are banned\n|rule|Evasion Abilities Clause: Evasion abilities are banned\n|rule|Evasion Items Clause: Evasion items are banned\n|rule|Evasion Moves Clause: Evasion moves are banned\n|rule|Species Clause: Limit one of each Pok\u00e9mon\n|rule|Sleep Clause Mod: Limit one foe put to sleep\n|clearpoke\n|poke|p1|Tapu Lele|\n|poke|p1|Toxapex, F|\n|poke|p1|Tyranitar, F|\n|poke|p1|Zapdos|\n|poke|p1|Ferrothorn, F|\n|poke|p1|Urshifu-*, F|\n|poke|p2|Charizard, F|\n|poke|p2|Thundurus-Therian, M|\n|poke|p2|Masquerain, F|\n|poke|p2|Breloom, M|\n|poke|p2|Tyranitar, M|\n|poke|p2|Mew|\n|teampreview\n|inactive|Battle timer is ON: inactive players will automatically lose when time's up. (requested by The_biggest_noob1)\n|\n|t:|1699643313\n|start\n|switch|p1a: Urshifu|Urshifu-Rapid-Strike, F|100\/100\n|switch|p2a: Thundurus|Thundurus-Therian, M|100\/100\n|turn|1\n|\n|t:|1699643324\n|switch|p1a: Ferrothorn|Ferrothorn, F|100\/100\n|move|p2a: Thundurus|Volt Switch|p1a: Ferrothorn\n|-resisted|p1a: Ferrothorn\n|-damage|p1a: Ferrothorn|77\/100\n|\n|t:|1699643346\n|switch|p2a: Charizard|Charizard, F|100\/100|[from] Volt Switch\n|\n|-heal|p1a: Ferrothorn|83\/100|[from] item: Leftovers\n|upkeep\n|turn|2\n|\n|t:|1699643355\n|switch|p1a: Tyranitar|Tyranitar, F|100\/100\n|-weather|Sandstorm|[from] ability: Sand Stream|[of] p1a: Tyranitar\n|detailschange|p2a: Charizard|Charizard-Mega-X, F\n|-mega|p2a: Charizard|Charizard|Charizardite X\n|move|p2a: Charizard|Dragon Dance|p2a: Charizard\n|-boost|p2a: Charizard|atk|1\n|-boost|p2a: Charizard|spe|1\n|\n|-weather|Sandstorm|[upkeep]\n|-damage|p2a: Charizard|94\/100|[from] Sandstorm\n|upkeep\n|turn|3\n|\n|t:|1699643368\n|detailschange|p1a: Tyranitar|Tyranitar-Mega, F\n|-mega|p1a: Tyranitar|Tyranitar|Tyranitarite\n|move|p2a: Charizard|Earthquake|p1a: Tyranitar\n|-supereffective|p1a: Tyranitar\n|-damage|p1a: Tyranitar|30\/100\n|move|p1a: Tyranitar|Stone Edge|p2a: Charizard\n|-supereffective|p2a: Charizard\n|-damage|p2a: Charizard|0 fnt\n|faint|p2a: Charizard\n|\n|-weather|Sandstorm|[upkeep]\n|upkeep\n|\n|t:|1699643379\n|switch|p2a: Thundurus|Thundurus-Therian, M|100\/100\n|turn|4\n|\n|t:|1699643395\n|move|p2a: Thundurus|Volt Switch|p1a: Tyranitar\n|-damage|p1a: Tyranitar|0 fnt\n|faint|p1a: Tyranitar\n|\n|t:|1699643399\n|switch|p2a: Masquerain|Masquerain, F|100\/100|[from] Volt Switch\n|\n|-weather|Sandstorm|[upkeep]\n|-damage|p2a: Masquerain|94\/100|[from] Sandstorm\n|upkeep\n|\n|t:|1699643411\n|switch|p1a: Urshifu|Urshifu-Rapid-Strike, F|100\/100\n|turn|5\n|\n|t:|1699643415\n|move|p1a: Urshifu|Surging Strikes|p2a: Masquerain\n|-crit|p2a: Masquerain\n|-damage|p2a: Masquerain|55\/100\n|-crit|p2a: Masquerain\n|-damage|p2a: Masquerain|13\/100\n|-crit|p2a: Masquerain\n|-damage|p2a: Masquerain|0 fnt\n|faint|p2a: Masquerain\n|-hitcount|p2: Masquerain|3\n|\n|-weather|Sandstorm|[upkeep]\n|-damage|p1a: Urshifu|94\/100|[from] Sandstorm\n|upkeep\n|\n|t:|1699643423\n|switch|p2a: Thundurus|Thundurus-Therian, M|100\/100\n|turn|6\n|\n|t:|1699643431\n|switch|p1a: Zapdos|Zapdos|100\/100\n|move|p2a: Thundurus|Focus Blast|p1a: Zapdos\n|-resisted|p1a: Zapdos\n|-crit|p1a: Zapdos\n|-damage|p1a: Zapdos|54\/100\n|\n|-weather|none\n|upkeep\n|turn|7\n|\n|t:|1699643439\n|switch|p2a: Tyranitar|Tyranitar, M|100\/100\n|-weather|Sandstorm|[from] ability: Sand Stream|[of] p2a: Tyranitar\n|move|p1a: Zapdos|Roost|p1a: Zapdos\n|-heal|p1a: Zapdos|100\/100\n|-singleturn|p1a: Zapdos|move: Roost\n|\n|-weather|Sandstorm|[upkeep]\n|-damage|p1a: Zapdos|94\/100|[from] Sandstorm\n|upkeep\n|turn|8\n|inactive|The_biggest_noob1 has 120 seconds left.\n|\n|t:|1699643473\n|switch|p1a: Toxapex|Toxapex, F|100\/100\n|move|p2a: Tyranitar|Stone Edge|p1a: Toxapex\n|-damage|p1a: Toxapex|43\/100\n|\n|-weather|Sandstorm|[upkeep]\n|-damage|p1a: Toxapex|37\/100|[from] Sandstorm\n|-heal|p1a: Toxapex|43\/100|[from] item: Leftovers\n|upkeep\n|turn|9\n|\n|t:|1699643491\n|switch|p2a: Thundurus|Thundurus-Therian, M|100\/100\n|switch|p1a: Urshifu|Urshifu-Rapid-Strike, F|94\/100\n|\n|-weather|Sandstorm|[upkeep]\n|-damage|p2a: Thundurus|94\/100|[from] Sandstorm\n|-damage|p1a: Urshifu|88\/100|[from] Sandstorm\n|upkeep\n|turn|10\n|\n|t:|1699643505\n|switch|p1a: Tapu Lele|Tapu Lele|100\/100\n|-fieldstart|move: Psychic Terrain|[from] ability: Psychic Surge|[of] p1a: Tapu Lele\n|move|p2a: Thundurus|Volt Switch|p1a: Tapu Lele\n|-damage|p1a: Tapu Lele|33\/100\n|\n|t:|1699643510\n|switch|p2a: Mew|Mew|100\/100|[from] Volt Switch\n|\n|-weather|Sandstorm|[upkeep]\n|-damage|p1a: Tapu Lele|27\/100|[from] Sandstorm\n|-damage|p2a: Mew|94\/100|[from] Sandstorm\n|upkeep\n|turn|11\n|\n|t:|1699643530\n|switch|p1a: Ferrothorn|Ferrothorn, F|83\/100\n|move|p2a: Mew|Cosmic Power|p2a: Mew\n|-boost|p2a: Mew|def|1\n|-boost|p2a: Mew|spd|1\n|\n|-weather|none\n|-heal|p1a: Ferrothorn|89\/100|[from] item: Leftovers\n|upkeep\n|turn|12\n|inactive|The_biggest_noob1 has 120 seconds left.\n|\n|t:|1699643560\n|-terastallize|p2a: Mew|Poison\n|move|p2a: Mew|Cosmic Power|p2a: Mew\n|-boost|p2a: Mew|def|1\n|-boost|p2a: Mew|spd|1\n|move|p1a: Ferrothorn|Leech Seed|p2a: Mew\n|-start|p2a: Mew|move: Leech Seed\n|\n|-heal|p1a: Ferrothorn|95\/100|[from] item: Leftovers\n|-damage|p2a: Mew|82\/100|[from] Leech Seed|[of] p1a: Ferrothorn\n|-heal|p1a: Ferrothorn|100\/100|[silent]\n|upkeep\n|turn|13\n|\n|t:|1699643577\n|move|p2a: Mew|Body Press|p1a: Ferrothorn\n|-supereffective|p1a: Ferrothorn\n|-damage|p1a: Ferrothorn|60\/100\n|-damage|p2a: Mew|70\/100|[from] ability: Iron Barbs|[of] p1a: Ferrothorn\n|move|p1a: Ferrothorn|Gyro Ball|p2a: Mew\n|-damage|p2a: Mew|47\/100\n|\n|-heal|p1a: Ferrothorn|66\/100|[from] item: Leftovers\n|-damage|p2a: Mew|35\/100|[from] Leech Seed|[of] p1a: Ferrothorn\n|-heal|p1a: Ferrothorn|81\/100|[silent]\n|upkeep\n|turn|14\n|\n|t:|1699643595\n|move|p2a: Mew|Roost|p2a: Mew\n|-heal|p2a: Mew|85\/100\n|move|p1a: Ferrothorn|Gyro Ball|p2a: Mew\n|-damage|p2a: Mew|65\/100\n|\n|-heal|p1a: Ferrothorn|87\/100|[from] item: Leftovers\n|-damage|p2a: Mew|52\/100|[from] Leech Seed|[of] p1a: Ferrothorn\n|-heal|p1a: Ferrothorn|100\/100|[silent]\n|-fieldend|move: Psychic Terrain\n|upkeep\n|turn|15\n|\n|t:|1699643612\n|move|p2a: Mew|Roost|p2a: Mew\n|-heal|p2a: Mew|100\/100\n|move|p1a: Ferrothorn|Gyro Ball|p2a: Mew\n|-damage|p2a: Mew|82\/100\n|\n|-damage|p2a: Mew|69\/100|[from] Leech Seed|[of] p1a: Ferrothorn\n|upkeep\n|turn|16\n|\n|t:|1699643623\n|move|p2a: Mew|Cosmic Power|p2a: Mew\n|-boost|p2a: Mew|def|1\n|-boost|p2a: Mew|spd|1\n|move|p1a: Ferrothorn|Gyro Ball|p2a: Mew\n|-damage|p2a: Mew|53\/100\n|\n|-damage|p2a: Mew|41\/100|[from] Leech Seed|[of] p1a: Ferrothorn\n|upkeep\n|turn|17\n|\n|t:|1699643636\n|move|p2a: Mew|Cosmic Power|p2a: Mew\n|-boost|p2a: Mew|def|1\n|-boost|p2a: Mew|spd|1\n|move|p1a: Ferrothorn|Gyro Ball|p2a: Mew\n|-damage|p2a: Mew|26\/100\n|\n|-damage|p2a: Mew|14\/100|[from] Leech Seed|[of] p1a: Ferrothorn\n|upkeep\n|turn|18\n|\n|t:|1699643647\n|move|p2a: Mew|Roost|p2a: Mew\n|-heal|p2a: Mew|64\/100\n|move|p1a: Ferrothorn|Gyro Ball|p2a: Mew\n|-damage|p2a: Mew|50\/100\n|\n|-damage|p2a: Mew|38\/100|[from] Leech Seed|[of] p1a: Ferrothorn\n|upkeep\n|turn|19\n|\n|t:|1699643664\n|move|p2a: Mew|Roost|p2a: Mew\n|-heal|p2a: Mew|88\/100\n|move|p1a: Ferrothorn|Thunder Wave|p2a: Mew\n|-status|p2a: Mew|par\n|-activate|p2a: Mew|ability: Synchronize\n|-status|p1a: Ferrothorn|par\n|\n|-damage|p2a: Mew|76\/100 par|[from] Leech Seed|[of] p1a: Ferrothorn\n|upkeep\n|turn|20\n|\n|t:|1699643682\n|move|p2a: Mew|Body Press|p1a: Ferrothorn\n|-supereffective|p1a: Ferrothorn\n|-damage|p1a: Ferrothorn|31\/100 par\n|-damage|p2a: Mew|63\/100 par|[from] ability: Iron Barbs|[of] p1a: Ferrothorn\n|move|p1a: Ferrothorn|Gyro Ball|p2a: Mew\n|-damage|p2a: Mew|50\/100 par\n|\n|-heal|p1a: Ferrothorn|37\/100 par|[from] item: Leftovers\n|-damage|p2a: Mew|37\/100 par|[from] Leech Seed|[of] p1a: Ferrothorn\n|-heal|p1a: Ferrothorn|52\/100 par|[silent]\n|upkeep\n|turn|21\n|inactive|Johnathan0205 has 120 seconds left.\n|\n|t:|1699643700\n|switch|p1a: Toxapex|Toxapex, F|76\/100\n|move|p2a: Mew|Roost|p2a: Mew\n|-heal|p2a: Mew|87\/100 par\n|\n|-heal|p1a: Toxapex|82\/100|[from] item: Leftovers\n|-damage|p2a: Mew|75\/100 par|[from] Leech Seed|[of] p1a: Toxapex\n|-heal|p1a: Toxapex|99\/100|[silent]\n|upkeep\n|turn|22\n|inactive|Johnathan0205 has 120 seconds left.\n|\n|t:|1699643717\n|move|p2a: Mew|Stored Power|p1a: Toxapex\n|-supereffective|p1a: Toxapex\n|-damage|p1a: Toxapex|6\/100\n|move|p1a: Toxapex|Haze|p1a: Toxapex\n|-clearallboost\n|\n|-heal|p1a: Toxapex|12\/100|[from] item: Leftovers\n|-damage|p2a: Mew|63\/100 par|[from] Leech Seed|[of] p1a: Toxapex\n|-heal|p1a: Toxapex|28\/100|[silent]\n|upkeep\n|turn|23\n|inactive|Johnathan0205 has 120 seconds left.\n|\n|t:|1699643729\n|switch|p1a: Ferrothorn|Ferrothorn, F|52\/100 par\n|move|p2a: Mew|Cosmic Power|p2a: Mew\n|-boost|p2a: Mew|def|1\n|-boost|p2a: Mew|spd|1\n|\n|-heal|p1a: Ferrothorn|58\/100 par|[from] item: Leftovers\n|-damage|p2a: Mew|50\/100 par|[from] Leech Seed|[of] p1a: Ferrothorn\n|-heal|p1a: Ferrothorn|72\/100 par|[silent]\n|upkeep\n|turn|24\n|inactive|Johnathan0205 has 120 seconds left.\n|\n|t:|1699643740\n|switch|p2a: Thundurus|Thundurus-Therian, M|94\/100\n|move|p1a: Ferrothorn|Spikes|p2a: Thundurus\n|-sidestart|p2: The_biggest_noob1|Spikes\n|\n|-heal|p1a: Ferrothorn|78\/100 par|[from] item: Leftovers\n|upkeep\n|turn|25\n|inactive|Johnathan0205 has 120 seconds left.\n|\n|t:|1699643756\n|switch|p1a: Zapdos|Zapdos|94\/100\n|move|p2a: Thundurus|Volt Switch|p1a: Zapdos\n|-damage|p1a: Zapdos|36\/100\n|\n|t:|1699643759\n|switch|p2a: Tyranitar|Tyranitar, M|100\/100|[from] Volt Switch\n|-damage|p2a: Tyranitar|88\/100|[from] Spikes\n|-weather|Sandstorm|[from] ability: Sand Stream|[of] p2a: Tyranitar\n|\n|-weather|Sandstorm|[upkeep]\n|-damage|p1a: Zapdos|30\/100|[from] Sandstorm\n|upkeep\n|turn|26\n|\n|t:|1699643770\n|switch|p1a: Urshifu|Urshifu-Rapid-Strike, F|88\/100\n|move|p2a: Tyranitar|Stone Edge|p1a: Urshifu|[miss]\n|-miss|p2a: Tyranitar|p1a: Urshifu\n|\n|-weather|Sandstorm|[upkeep]\n|-damage|p1a: Urshifu|82\/100|[from] Sandstorm\n|upkeep\n|turn|27\n|\n|t:|1699643779\n|switch|p2a: Mew|Mew, tera:Poison|50\/100 par\n|-damage|p2a: Mew|38\/100 par|[from] Spikes\n|move|p1a: Urshifu|Surging Strikes|p2a: Mew\n|-crit|p2a: Mew\n|-damage|p2a: Mew|21\/100 par\n|-crit|p2a: Mew\n|-damage|p2a: Mew|4\/100 par\n|-crit|p2a: Mew\n|-damage|p2a: Mew|0 fnt\n|faint|p2a: Mew\n|-hitcount|p2: Mew|3\n|\n|-weather|Sandstorm|[upkeep]\n|-damage|p1a: Urshifu|76\/100|[from] Sandstorm\n|upkeep\n|\n|t:|1699643782\n|switch|p2a: Thundurus|Thundurus-Therian, M|94\/100\n|turn|28\n|\n|t:|1699643803\n|switch|p1a: Ferrothorn|Ferrothorn, F|78\/100 par\n|move|p2a: Thundurus|Thunderbolt|p1a: Ferrothorn\n|-resisted|p1a: Ferrothorn\n|-damage|p1a: Ferrothorn|45\/100 par\n|\n|-weather|Sandstorm|[upkeep]\n|-damage|p2a: Thundurus|88\/100|[from] Sandstorm\n|-heal|p1a: Ferrothorn|51\/100 par|[from] item: Leftovers\n|upkeep\n|turn|29\n|inactive|Johnathan0205 has 120 seconds left.\n|\n|t:|1699643826\n|switch|p2a: Breloom|Breloom, M|100\/100\n|-damage|p2a: Breloom|88\/100|[from] Spikes\n|move|p1a: Ferrothorn|Leech Seed|p2a: Breloom\n|-immune|p2a: Breloom\n|\n|-weather|none\n|-heal|p1a: Ferrothorn|58\/100 par|[from] item: Leftovers\n|upkeep\n|turn|30\n|inactive|Johnathan0205 has 120 seconds left.\n|\n|t:|1699643842\n|switch|p1a: Zapdos|Zapdos|30\/100\n|move|p2a: Breloom|Swords Dance|p2a: Breloom\n|-boost|p2a: Breloom|atk|2\n|\n|upkeep\n|turn|31\n|\n|t:|1699643854\n|move|p2a: Breloom|Mach Punch|p1a: Zapdos\n|-resisted|p1a: Zapdos\n|-damage|p1a: Zapdos|2\/100\n|-status|p2a: Breloom|par|[from] ability: Static|[of] p1a: Zapdos\n|move|p1a: Zapdos|Heat Wave|p2a: Breloom\n|-supereffective|p2a: Breloom\n|-damage|p2a: Breloom|0 fnt\n|faint|p2a: Breloom\n|\n|upkeep\n|\n|t:|1699643865\n|switch|p2a: Thundurus|Thundurus-Therian, M|88\/100\n|turn|32\n|inactive|Johnathan0205 has 120 seconds left.\n|\n|t:|1699643876\n|move|p2a: Thundurus|Thunderbolt|p1a: Zapdos\n|-damage|p1a: Zapdos|0 fnt\n|faint|p1a: Zapdos\n|\n|upkeep\n|\n|t:|1699643889\n|switch|p1a: Tapu Lele|Tapu Lele|27\/100\n|-fieldstart|move: Psychic Terrain|[from] ability: Psychic Surge|[of] p1a: Tapu Lele\n|turn|33\n|\n|t:|1699643902\n|move|p1a: Tapu Lele|Psychic|p2a: Thundurus\n|-damage|p2a: Thundurus|2\/100\n|move|p2a: Thundurus|Thunderbolt|p1a: Tapu Lele\n|-damage|p1a: Tapu Lele|0 fnt\n|faint|p1a: Tapu Lele\n|\n|upkeep\n|\n|t:|1699643916\n|switch|p1a: Ferrothorn|Ferrothorn, F|58\/100 par\n|turn|34\n|\n|t:|1699643926\n|switch|p2a: Tyranitar|Tyranitar, M|88\/100\n|-damage|p2a: Tyranitar|76\/100|[from] Spikes\n|-weather|Sandstorm|[from] ability: Sand Stream|[of] p2a: Tyranitar\n|move|p1a: Ferrothorn|Gyro Ball|p2a: Tyranitar\n|-supereffective|p2a: Tyranitar\n|-damage|p2a: Tyranitar|0 fnt\n|faint|p2a: Tyranitar\n|\n|-weather|Sandstorm|[upkeep]\n|-heal|p1a: Ferrothorn|64\/100 par|[from] item: Leftovers\n|upkeep\n|\n|t:|1699643929\n|switch|p2a: Thundurus|Thundurus-Therian, M|2\/100\n|turn|35\n|inactive|Johnathan0205 has 120 seconds left.\n|\n|t:|1699643941\n|move|p2a: Thundurus|Thunderbolt|p1a: Ferrothorn\n|-resisted|p1a: Ferrothorn\n|-damage|p1a: Ferrothorn|32\/100 par\n|move|p1a: Ferrothorn|Leech Seed|p2a: Thundurus\n|-start|p2a: Thundurus|move: Leech Seed\n|\n|-weather|Sandstorm|[upkeep]\n|-damage|p2a: Thundurus|0 fnt|[from] Sandstorm\n|faint|p2a: Thundurus\n|\n|win|Johnathan0205\n|upkeep\n|raw|Johnathan0205's rating: 1289 &rarr; <strong>1313<\/strong><br \/>(+24 for winning)\n|raw|The_biggest_noob1's rating: 1274 &rarr; <strong>1250<\/strong><br \/>(-24 for losing)\n|l|\u2606The_biggest_noob1\n","uploadtime":1699643961,"views":4,"p1id":"johnathan0205","p2id":"thebiggestnoob1","formatid":"gen9nationaldex","rating":1250,"private":0,"password":""}