{"id":"gen9nationaldex-1988437010","p1":"sprayreal","p2":"tyjed5ty","format":"[Gen 9] National Dex","log":"|j|\u2606sprayreal\n|j|\u2606tyjed5ty\n|t:|1699722829\n|gametype|singles\n|player|p1|sprayreal|265|1000\n|player|p2|tyjed5ty|169|1035\n|teamsize|p1|3\n|teamsize|p2|6\n|gen|9\n|tier|[Gen 9] National Dex\n|rated|\n|rule|HP Percentage Mod: HP is shown in percentages\n|rule|Endless Battle Clause: Forcing endless battles is banned\n|rule|OHKO Clause: OHKO moves are banned\n|rule|Evasion Clause: Evasion abilities, items, and moves are banned\n|rule|Evasion Abilities Clause: Evasion abilities are banned\n|rule|Evasion Items Clause: Evasion items are banned\n|rule|Evasion Moves Clause: Evasion moves are banned\n|rule|Species Clause: Limit one of each Pok\u00e9mon\n|rule|Sleep Clause Mod: Limit one foe put to sleep\n|clearpoke\n|poke|p1|Mudkip, L5, F|\n|poke|p1|Ogerpon-Cornerstone, F|\n|poke|p1|Noivern, M|\n|poke|p2|Gliscor, F|\n|poke|p2|Heatran, F|\n|poke|p2|Keldeo-Resolute|\n|poke|p2|Amoonguss, F|\n|poke|p2|Hatterene, F|\n|poke|p2|Cyclizar, M|\n|teampreview\n|\n|t:|1699722834\n|start\n|switch|p1a: wolfie|Mudkip, L5, F|100\/100\n|switch|p2a: Cyclizar|Cyclizar, M|100\/100\n|turn|1\n|\n|t:|1699722840\n|move|p2a: Cyclizar|Knock Off|p1a: wolfie\n|-enditem|p1a: wolfie|Focus Sash\n|-damage|p1a: wolfie|5\/100\n|move|p1a: wolfie|Toxic|p2a: Cyclizar\n|-status|p2a: Cyclizar|tox\n|\n|-damage|p2a: Cyclizar|94\/100 tox|[from] psn\n|upkeep\n|turn|2\n|\n|t:|1699722849\n|move|p1a: wolfie|Protect|p1a: wolfie\n|-singleturn|p1a: wolfie|Protect\n|move|p2a: Cyclizar|U-turn|p1a: wolfie\n|-activate|p1a: wolfie|move: Protect\n|\n|-damage|p2a: Cyclizar|82\/100 tox|[from] psn\n|upkeep\n|turn|3\n|\n|t:|1699722858\n|move|p2a: Cyclizar|U-turn|p1a: wolfie\n|-damage|p1a: wolfie|0 fnt\n|faint|p1a: wolfie\n|\n|t:|1699722865\n|switch|p2a: Heatran|Heatran, F|100\/100|[from] U-turn\n|\n|upkeep\n|\n|t:|1699722871\n|switch|p1a: noob|Ogerpon-Cornerstone, F|100\/100\n|turn|4\n|\n|t:|1699722883\n|-terastallize|p1a: noob|Rock\n|detailschange|p1a: noob|Ogerpon-Cornerstone-Tera, F, tera:Rock\n|-ability|p1a: noob|Embody Aspect (Cornerstone)|boost\n|-boost|p1a: noob|def|1\n|move|p1a: noob|Swords Dance|p1a: noob\n|-boost|p1a: noob|atk|2\n|move|p2a: Heatran|Flamethrower|p1a: noob\n|-resisted|p1a: noob\n|-damage|p1a: noob|73\/100\n|\n|upkeep\n|turn|5\n|\n|t:|1699722892\n|move|p1a: noob|Superpower|p2a: Heatran\n|-supereffective|p2a: Heatran\n|-damage|p2a: Heatran|0 fnt\n|-unboost|p1a: noob|atk|1\n|-unboost|p1a: noob|def|1\n|faint|p2a: Heatran\n|\n|upkeep\n|\n|t:|1699722903\n|switch|p2a: Cyclizar|Cyclizar, M|100\/100 tox\n|turn|6\n|\n|t:|1699722908\n|move|p2a: Cyclizar|Knock Off|p1a: noob\n|-damage|p1a: noob|51\/100\n|move|p1a: noob|Ivy Cudgel|p2a: Cyclizar\n|-damage|p2a: Cyclizar|0 fnt\n|faint|p2a: Cyclizar\n|\n|upkeep\n|\n|t:|1699722915\n|switch|p2a: Keldeo|Keldeo-Resolute|100\/100\n|turn|7\n|\n|t:|1699722921\n|move|p1a: noob|Horn Leech|p2a: Keldeo\n|-supereffective|p2a: Keldeo\n|-damage|p2a: Keldeo|0 fnt\n|-heal|p1a: noob|100\/100|[from] drain|[of] p2a: Keldeo\n|faint|p2a: Keldeo\n|\n|upkeep\n|\n|t:|1699722926\n|switch|p2a: Amoonguss|Amoonguss, F|100\/100\n|turn|8\n|\n|t:|1699722931\n|move|p1a: noob|Ivy Cudgel|p2a: Amoonguss\n|-damage|p2a: Amoonguss|0 fnt\n|faint|p2a: Amoonguss\n|\n|upkeep\n|-message|tyjed5ty forfeited.\n|\n|win|sprayreal\n|raw|sprayreal's rating: 1000 &rarr; <strong>1044<\/strong><br \/>(+44 for winning)\n|raw|tyjed5ty's rating: 1035 &rarr; <strong>1018<\/strong><br \/>(-17 for losing)\n|l|\u2606tyjed5ty\n","uploadtime":1699722949,"views":13,"p1id":"sprayreal","p2id":"tyjed5ty","formatid":"gen9nationaldex","rating":1018,"private":0,"password":""}