{"id":"gen9nationaldex-1993970682","p1":"jujibalaoshi001","p2":"qiyuanxing oc","format":"[Gen 9] National Dex","log":"|j|\u2606jujibalaoshi001\n|j|\u2606qiyuanxing oc\n|t:|1700385436\n|gametype|singles\n|player|p1|jujibalaoshi001|hexmaniac-gen6|1518\n|player|p2|qiyuanxing oc|lillie-masters|1555\n|teamsize|p1|6\n|teamsize|p2|6\n|gen|9\n|tier|[Gen 9] National Dex\n|rated|\n|rule|HP Percentage Mod: HP is shown in percentages\n|rule|Endless Battle Clause: Forcing endless battles is banned\n|rule|OHKO Clause: OHKO moves are banned\n|rule|Evasion Clause: Evasion abilities, items, and moves are banned\n|rule|Evasion Abilities Clause: Evasion abilities are banned\n|rule|Evasion Items Clause: Evasion items are banned\n|rule|Evasion Moves Clause: Evasion moves are banned\n|rule|Species Clause: Limit one of each Pok\u00e9mon\n|rule|Sleep Clause Mod: Limit one foe put to sleep\n|clearpoke\n|poke|p1|Scizor, F|\n|poke|p1|Cloyster, M|\n|poke|p1|Garchomp, M|\n|poke|p1|Zapdos|\n|poke|p1|Heatran, M|\n|poke|p1|Chansey, F|\n|poke|p2|Ceruledge, F|\n|poke|p2|Keldeo-Resolute|\n|poke|p2|Grimmsnarl, M|\n|poke|p2|Volcarona, M|\n|poke|p2|Hoopa-Unbound|\n|poke|p2|Mawile, M|\n|teampreview\n|\n|t:|1700385447\n|start\n|switch|p1a: Heatran|Heatran, M|100\/100\n|switch|p2a: Keldeo|Keldeo-Resolute|100\/100\n|turn|1\n|\n|t:|1700385457\n|switch|p1a: Chansey|Chansey, F|100\/100\n|move|p2a: Keldeo|Taunt|p1a: Chansey\n|-start|p1a: Chansey|move: Taunt\n|\n|upkeep\n|turn|2\n|\n|t:|1700385463\n|move|p2a: Keldeo|Calm Mind|p2a: Keldeo\n|-boost|p2a: Keldeo|spa|1\n|-boost|p2a: Keldeo|spd|1\n|move|p1a: Chansey|Seismic Toss|p2a: Keldeo\n|-damage|p2a: Keldeo|70\/100\n|\n|upkeep\n|turn|3\n|\n|t:|1700385470\n|move|p2a: Keldeo|Secret Sword|p1a: Chansey\n|-supereffective|p1a: Chansey\n|-damage|p1a: Chansey|11\/100\n|move|p1a: Chansey|Seismic Toss|p2a: Keldeo\n|-damage|p2a: Keldeo|39\/100\n|\n|-end|p1a: Chansey|move: Taunt\n|upkeep\n|turn|4\n|\n|t:|1700385481\n|-terastallize|p1a: Chansey|Ghost\n|move|p2a: Keldeo|Secret Sword|p1a: Chansey\n|-immune|p1a: Chansey\n|move|p1a: Chansey|Soft-Boiled|p1a: Chansey\n|-heal|p1a: Chansey|61\/100\n|\n|upkeep\n|turn|5\n|\n|t:|1700385489\n|switch|p2a: Hoopa|Hoopa-Unbound|100\/100\n|move|p1a: Chansey|Seismic Toss|p2a: Hoopa\n|-damage|p2a: Hoopa|67\/100\n|\n|upkeep\n|turn|6\n|\n|t:|1700385498\n|switch|p1a: Scizor|Scizor, F|100\/100\n|-terastallize|p2a: Hoopa|Dark\n|move|p2a: Hoopa|Hyperspace Fury|p1a: Scizor\n|-damage|p1a: Scizor|0 fnt\n|-unboost|p2a: Hoopa|def|1\n|faint|p1a: Scizor\n|\n|upkeep\n|\n|t:|1700385507\n|switch|p1a: Cloyster|Cloyster, M|100\/100\n|turn|7\n|\n|t:|1700385514\n|move|p2a: Hoopa|Hyperspace Fury|p1a: Cloyster\n|-enditem|p1a: Cloyster|Focus Sash\n|-damage|p1a: Cloyster|1\/100\n|-unboost|p2a: Hoopa|def|1\n|move|p1a: Cloyster|Shell Smash|p1a: Cloyster\n|-unboost|p1a: Cloyster|def|1\n|-unboost|p1a: Cloyster|spd|1\n|-boost|p1a: Cloyster|atk|2\n|-boost|p1a: Cloyster|spa|2\n|-boost|p1a: Cloyster|spe|2\n|\n|upkeep\n|turn|8\n|\n|t:|1700385519\n|move|p1a: Cloyster|Icicle Spear|p2a: Hoopa\n|-damage|p2a: Hoopa|0 fnt\n|faint|p2a: Hoopa\n|-hitcount|p2: Hoopa|1\n|\n|upkeep\n|\n|t:|1700385522\n|switch|p2a: Mawile|Mawile, M|100\/100\n|-ability|p2a: Mawile|Intimidate|boost\n|-unboost|p1a: Cloyster|atk|1\n|turn|9\n|\n|t:|1700385528\n|detailschange|p2a: Mawile|Mawile-Mega, M\n|-mega|p2a: Mawile|Mawile|Mawilite\n|move|p2a: Mawile|Sucker Punch||[still]\n|-fail|p2a: Mawile\n|move|p1a: Cloyster|Shell Smash|p1a: Cloyster\n|-unboost|p1a: Cloyster|def|1\n|-unboost|p1a: Cloyster|spd|1\n|-boost|p1a: Cloyster|atk|2\n|-boost|p1a: Cloyster|spa|2\n|-boost|p1a: Cloyster|spe|2\n|\n|upkeep\n|turn|10\n|\n|t:|1700385538\n|move|p1a: Cloyster|Liquidation|p2a: Mawile\n|-damage|p2a: Mawile|5\/100\n|move|p2a: Mawile|Iron Head|p1a: Cloyster\n|-damage|p1a: Cloyster|0 fnt\n|faint|p1a: Cloyster\n|\n|upkeep\n|\n|t:|1700385554\n|switch|p1a: Zapdos|Zapdos|100\/100\n|turn|11\n|\n|t:|1700385577\n|move|p1a: Zapdos|Volt Switch|p2a: Mawile\n|-damage|p2a: Mawile|0 fnt\n|faint|p2a: Mawile\n|\n|t:|1700385606\n|switch|p1a: Garchomp|Garchomp, M|100\/100|[from] Volt Switch\n|\n|upkeep\n|\n|t:|1700385640\n|switch|p2a: Grimmsnarl|Grimmsnarl, M|100\/100\n|turn|12\n|\n|t:|1700385650\n|move|p2a: Grimmsnarl|Reflect|p2a: Grimmsnarl\n|-sidestart|p2: qiyuanxing oc|Reflect\n|move|p1a: Garchomp|Stealth Rock|p2a: Grimmsnarl\n|-sidestart|p2: qiyuanxing oc|move: Stealth Rock\n|\n|upkeep\n|turn|13\n|\n|t:|1700385656\n|switch|p1a: Chansey|Chansey, F, tera:Ghost|61\/100\n|move|p2a: Grimmsnarl|Parting Shot|p1a: Chansey\n|-unboost|p1a: Chansey|atk|1\n|-unboost|p1a: Chansey|spa|1\n|\n|t:|1700385659\n|switch|p2a: Ceruledge|Ceruledge, F|100\/100|[from] Parting Shot\n|\n|upkeep\n|turn|14\n|\n|t:|1700385667\n|move|p2a: Ceruledge|Poltergeist|p1a: Chansey\n|-activate|p1a: Chansey|move: Poltergeist|Eviolite\n|-supereffective|p1a: Chansey\n|-damage|p1a: Chansey|0 fnt\n|faint|p1a: Chansey\n|\n|upkeep\n|\n|t:|1700385683\n|switch|p1a: Heatran|Heatran, M|100\/100\n|turn|15\n|\n|t:|1700385688\n|move|p2a: Ceruledge|Swords Dance|p2a: Ceruledge\n|-boost|p2a: Ceruledge|atk|2\n|move|p1a: Heatran|Earth Power|p2a: Ceruledge\n|-supereffective|p2a: Ceruledge\n|-damage|p2a: Ceruledge|37\/100\n|\n|upkeep\n|turn|16\n|\n|t:|1700385694\n|move|p2a: Ceruledge|Close Combat|p1a: Heatran\n|-supereffective|p1a: Heatran\n|-damage|p1a: Heatran|0 fnt\n|-unboost|p2a: Ceruledge|def|1\n|-unboost|p2a: Ceruledge|spd|1\n|faint|p1a: Heatran\n|\n|upkeep\n|\n|t:|1700385698\n|switch|p1a: Zapdos|Zapdos|100\/100\n|turn|17\n|\n|t:|1700385706\n|move|p2a: Ceruledge|Poltergeist|p1a: Zapdos\n|-activate|p1a: Zapdos|move: Poltergeist|Heavy-Duty Boots\n|-damage|p1a: Zapdos|16\/100\n|move|p1a: Zapdos|Volt Switch|p2a: Ceruledge\n|-damage|p2a: Ceruledge|0 fnt\n|faint|p2a: Ceruledge\n|\n|t:|1700385715\n|switch|p1a: Garchomp|Garchomp, M|100\/100|[from] Volt Switch\n|\n|upkeep\n|\n|t:|1700385738\n|switch|p2a: Grimmsnarl|Grimmsnarl, M|100\/100\n|-damage|p2a: Grimmsnarl|88\/100|[from] Stealth Rock\n|turn|18\n|\n|t:|1700385746\n|move|p2a: Grimmsnarl|Parting Shot|p1a: Garchomp\n|-unboost|p1a: Garchomp|atk|1\n|-unboost|p1a: Garchomp|spa|1\n|\n|t:|1700385751\n|switch|p2a: Keldeo|Keldeo-Resolute|39\/100|[from] Parting Shot\n|-damage|p2a: Keldeo|32\/100|[from] Stealth Rock\n|move|p1a: Garchomp|Swords Dance|p1a: Garchomp\n|-boost|p1a: Garchomp|atk|2\n|\n|upkeep\n|turn|19\n|\n|t:|1700385766\n|-zpower|p2a: Keldeo\n|move|p2a: Keldeo|Hydro Vortex|p1a: Garchomp|[zeffect]\n|-damage|p1a: Garchomp|0 fnt\n|faint|p1a: Garchomp\n|\n|-sideend|p2: qiyuanxing oc|Reflect\n|upkeep\n|\n|t:|1700385774\n|switch|p1a: Zapdos|Zapdos|16\/100\n|turn|20\n|\n|t:|1700385782\n|move|p2a: Keldeo|Hydro Pump|p1a: Zapdos\n|-damage|p1a: Zapdos|0 fnt\n|faint|p1a: Zapdos\n|\n|win|qiyuanxing oc\n|raw|jujibalaoshi001's rating: 1518 &rarr; <strong>1500<\/strong><br \/>(-18 for losing)\n|raw|qiyuanxing oc's rating: 1555 &rarr; <strong>1573<\/strong><br \/>(+18 for winning)\n","uploadtime":1700385788,"views":6,"p1id":"jujibalaoshi001","p2id":"qiyuanxingoc","formatid":"gen9nationaldex","rating":1500,"private":0,"password":""}