{"id":"gen9nationaldex-1987249702","p1":"SeraphZ\u2605","p2":"delemon","format":"[Gen 9] National Dex","log":"|j|\u2606SeraphZ\u2605\n|j|\u2606delemon\n|inactive|Battle timer is ON: inactive players will automatically lose when time's up.\n|t:|1699569400\n|gametype|singles\n|player|p1|SeraphZ\u2605|#ptplivdazzlingdiancies|\n|player|p2|delemon|#delemon|\n|teamsize|p1|6\n|teamsize|p2|6\n|gen|9\n|tier|[Gen 9] National Dex\n|rated|Tournament battle\n|rule|HP Percentage Mod: HP is shown in percentages\n|rule|Endless Battle Clause: Forcing endless battles is banned\n|rule|OHKO Clause: OHKO moves are banned\n|rule|Evasion Clause: Evasion abilities, items, and moves are banned\n|rule|Evasion Abilities Clause: Evasion abilities are banned\n|rule|Evasion Items Clause: Evasion items are banned\n|rule|Evasion Moves Clause: Evasion moves are banned\n|rule|Species Clause: Limit one of each Pok\u00e9mon\n|rule|Sleep Clause Mod: Limit one foe put to sleep\n|clearpoke\n|poke|p1|Alomomola, F|\n|poke|p1|Ursaluna, F|\n|poke|p1|Tornadus-Therian, M|\n|poke|p1|Zamazenta-*|\n|poke|p1|Gliscor, M|\n|poke|p1|Mawile, F|\n|poke|p2|Victini|\n|poke|p2|Garchomp, F|\n|poke|p2|Kyurem|\n|poke|p2|Lopunny, F|\n|poke|p2|Tangrowth, F|\n|poke|p2|Zapdos|\n|teampreview\n|inactive|delemon also wants the timer to be on.\n|c|\u2606delemon|hf\n|j| thebestever543\n|c|\u2606SeraphZ\u2605|u2\n|j| Sinful Ky\n|j| ForeverWing\n|j| Toxic Ariados\n|\n|t:|1699569416\n|start\n|switch|p1a: Tornadus|Tornadus-Therian, M|100\/100\n|switch|p2a: Garchomp|Garchomp, F|100\/100\n|turn|1\n|\n|t:|1699569424\n|switch|p2a: Zapdos|Zapdos|100\/100\n|move|p1a: Tornadus|Nasty Plot|p1a: Tornadus\n|-boost|p1a: Tornadus|spa|2\n|\n|upkeep\n|turn|2\n|c| thebestever543|6-0 by kyurem...\n|c| Sinful Ky|not really\n|\n|t:|1699569440\n|switch|p1a: Gliscor|Gliscor, M|100\/100\n|move|p2a: Zapdos|Volt Switch|p1a: Gliscor\n|-immune|p1a: Gliscor\n|\n|-status|p1a: Gliscor|tox|[from] item: Toxic Orb\n|upkeep\n|turn|3\n|\n|t:|1699569443\n|switch|p2a: Kyurem|Kyurem|100\/100\n|-ability|p2a: Kyurem|Pressure\n|move|p1a: Gliscor|Spikes|p2a: Kyurem\n|-sidestart|p2: delemon|Spikes\n|\n|upkeep\n|turn|4\n|\n|t:|1699569448\n|switch|p1a: Zamazenta|Zamazenta|100\/100\n|-ability|p1a: Zamazenta|Dauntless Shield|boost\n|-boost|p1a: Zamazenta|def|1\n|move|p2a: Kyurem|Substitute|p2a: Kyurem\n|-start|p2a: Kyurem|Substitute\n|-damage|p2a: Kyurem|76\/100\n|\n|upkeep\n|turn|5\n|j| gyygu\n|\n|t:|1699569452\n|move|p1a: Zamazenta|Substitute|p1a: Zamazenta\n|-start|p1a: Zamazenta|Substitute\n|-damage|p1a: Zamazenta|75\/100\n|move|p2a: Kyurem|Freeze-Dry|p1a: Zamazenta\n|-crit|p1a: Zamazenta\n|-end|p1a: Zamazenta|Substitute\n|\n|-heal|p1a: Zamazenta|82\/100|[from] item: Leftovers\n|upkeep\n|turn|6\n|\n|t:|1699569456\n|move|p1a: Zamazenta|Body Press|p2a: Kyurem\n|-supereffective|p2a: Kyurem\n|-crit|p2a: Kyurem\n|-end|p2a: Kyurem|Substitute\n|move|p2a: Kyurem|Freeze-Dry|p1a: Zamazenta\n|-damage|p1a: Zamazenta|52\/100\n|\n|-heal|p1a: Zamazenta|58\/100|[from] item: Leftovers\n|upkeep\n|turn|7\n|\n|t:|1699569463\n|switch|p1a: Ursaluna|Ursaluna, F|100\/100\n|switch|p2a: Zapdos|Zapdos|100\/100\n|\n|upkeep\n|turn|8\n|\n|t:|1699569468\n|switch|p2a: Garchomp|Garchomp, F|100\/100\n|-damage|p2a: Garchomp|88\/100|[from] Spikes\n|move|p1a: Ursaluna|Bulk Up|p1a: Ursaluna\n|-boost|p1a: Ursaluna|atk|1\n|-boost|p1a: Ursaluna|def|1\n|\n|upkeep\n|turn|9\n|\n|t:|1699569471\n|move|p1a: Ursaluna|Earthquake|p2a: Garchomp\n|-damage|p2a: Garchomp|47\/100\n|move|p2a: Garchomp|Dragon Tail|p1a: Ursaluna\n|-damage|p1a: Ursaluna|88\/100\n|drag|p1a: Alomomola|Alomomola, F|100\/100\n|\n|upkeep\n|turn|10\n|\n|t:|1699569475\n|move|p2a: Garchomp|Stealth Rock|p1a: Alomomola\n|-sidestart|p1: SeraphZ\u2605|move: Stealth Rock\n|move|p1a: Alomomola|Wish|p1a: Alomomola\n|\n|upkeep\n|turn|11\n|\n|t:|1699569486\n|switch|p1a: Zamazenta|Zamazenta|58\/100\n|-damage|p1a: Zamazenta|52\/100|[from] Stealth Rock\n|move|p2a: Garchomp|Dragon Tail|p1a: Zamazenta\n|-damage|p1a: Zamazenta|32\/100\n|drag|p1a: Mawile|Mawile, F|100\/100\n|-damage|p1a: Mawile|95\/100|[from] Stealth Rock\n|-ability|p1a: Mawile|Intimidate|boost\n|-unboost|p2a: Garchomp|atk|1\n|\n|-heal|p1a: Mawile|100\/100|[from] move: Wish|[wisher] Alomomola\n|upkeep\n|turn|12\n|\n|t:|1699569494\n|detailschange|p1a: Mawile|Mawile-Mega, F\n|-mega|p1a: Mawile|Mawile|Mawilite\n|move|p2a: Garchomp|Earthquake|p1a: Mawile\n|-supereffective|p1a: Mawile\n|-damage|p1a: Mawile|50\/100\n|move|p1a: Mawile|Play Rough|p2a: Garchomp\n|-supereffective|p2a: Garchomp\n|-damage|p2a: Garchomp|0 fnt\n|-damage|p1a: Mawile|38\/100|[from] ability: Rough Skin|[of] p2a: Garchomp\n|-damage|p1a: Mawile|22\/100|[from] item: Rocky Helmet|[of] p2a: Garchomp\n|faint|p2a: Garchomp\n|\n|upkeep\n|\n|t:|1699569498\n|switch|p2a: Kyurem|Kyurem|76\/100\n|-ability|p2a: Kyurem|Pressure\n|turn|13\n|\n|t:|1699569502\n|move|p2a: Kyurem|Earth Power|p1a: Mawile\n|-supereffective|p1a: Mawile\n|-crit|p1a: Mawile\n|-damage|p1a: Mawile|0 fnt\n|faint|p1a: Mawile\n|\n|upkeep\n|\n|t:|1699569505\n|switch|p1a: Zamazenta|Zamazenta|32\/100\n|-damage|p1a: Zamazenta|26\/100|[from] Stealth Rock\n|turn|14\n|\n|t:|1699569514\n|switch|p1a: Ursaluna|Ursaluna, F|88\/100\n|-damage|p1a: Ursaluna|82\/100|[from] Stealth Rock\n|switch|p2a: Zapdos|Zapdos|100\/100\n|\n|-heal|p1a: Ursaluna|88\/100|[from] item: Leftovers\n|upkeep\n|turn|15\n|\n|t:|1699569518\n|switch|p2a: Tangrowth|Tangrowth, F|100\/100\n|-damage|p2a: Tangrowth|88\/100|[from] Spikes\n|move|p1a: Ursaluna|Bulk Up|p1a: Ursaluna\n|-boost|p1a: Ursaluna|atk|1\n|-boost|p1a: Ursaluna|def|1\n|\n|-heal|p1a: Ursaluna|94\/100|[from] item: Leftovers\n|upkeep\n|turn|16\n|\n|t:|1699569521\n|-terastallize|p1a: Ursaluna|Ghost\n|move|p1a: Ursaluna|Bulk Up|p1a: Ursaluna\n|-boost|p1a: Ursaluna|atk|1\n|-boost|p1a: Ursaluna|def|1\n|move|p2a: Tangrowth|Knock Off|p1a: Ursaluna\n|-supereffective|p1a: Ursaluna\n|-damage|p1a: Ursaluna|79\/100\n|-enditem|p1a: Ursaluna|Leftovers|[from] move: Knock Off|[of] p2a: Tangrowth\n|\n|upkeep\n|turn|17\n|\n|t:|1699569523\n|move|p1a: Ursaluna|Body Slam|p2a: Tangrowth\n|-damage|p2a: Tangrowth|35\/100\n|-status|p2a: Tangrowth|par\n|move|p2a: Tangrowth|Giga Drain|p1a: Ursaluna\n|-damage|p1a: Ursaluna|56\/100\n|-heal|p2a: Tangrowth|48\/100 par|[from] drain|[of] p1a: Ursaluna\n|\n|upkeep\n|turn|18\n|\n|t:|1699569528\n|move|p1a: Ursaluna|Body Slam|p2a: Tangrowth\n|-crit|p2a: Tangrowth\n|-damage|p2a: Tangrowth|0 fnt\n|faint|p2a: Tangrowth\n|\n|upkeep\n|\n|t:|1699569532\n|switch|p2a: Lopunny|Lopunny, F|100\/100\n|-damage|p2a: Lopunny|88\/100|[from] Spikes\n|turn|19\n|\n|t:|1699569538\n|detailschange|p2a: Lopunny|Lopunny-Mega, F\n|-mega|p2a: Lopunny|Lopunny|Lopunnite\n|move|p2a: Lopunny|Fake Out|p1a: Ursaluna\n|-damage|p1a: Ursaluna|47\/100\n|cant|p1a: Ursaluna|flinch\n|\n|upkeep\n|turn|20\n|\n|t:|1699569541\n|switch|p2a: Zapdos|Zapdos|100\/100\n|move|p1a: Ursaluna|Body Slam|p2a: Zapdos\n|-damage|p2a: Zapdos|40\/100\n|\n|upkeep\n|turn|21\n|\n|t:|1699569545\n|move|p2a: Zapdos|Hurricane|p1a: Ursaluna\n|-damage|p1a: Ursaluna|10\/100\n|move|p1a: Ursaluna|Body Slam|p2a: Zapdos\n|-damage|p2a: Zapdos|0 fnt\n|faint|p2a: Zapdos\n|\n|upkeep\n|\n|t:|1699569548\n|switch|p2a: Kyurem|Kyurem|76\/100\n|-ability|p2a: Kyurem|Pressure\n|turn|22\n|\n|t:|1699569551\n|move|p2a: Kyurem|Freeze-Dry|p1a: Ursaluna\n|-damage|p1a: Ursaluna|0 fnt\n|faint|p1a: Ursaluna\n|\n|upkeep\n|\n|t:|1699569555\n|switch|p1a: Zamazenta|Zamazenta|26\/100\n|-damage|p1a: Zamazenta|20\/100|[from] Stealth Rock\n|turn|23\n|\n|t:|1699569563\n|-terastallize|p2a: Kyurem|Fairy\n|move|p1a: Zamazenta|Body Press|p2a: Kyurem\n|-resisted|p2a: Kyurem\n|-damage|p2a: Kyurem|60\/100\n|move|p2a: Kyurem|Freeze-Dry|p1a: Zamazenta\n|-damage|p1a: Zamazenta|0 fnt\n|faint|p1a: Zamazenta\n|\n|upkeep\n|c| Sinful Ky|kryum may solo now\n|\n|t:|1699569565\n|switch|p1a: Tornadus|Tornadus-Therian, M|100\/100\n|-damage|p1a: Tornadus|75\/100|[from] Stealth Rock\n|turn|24\n|\n|t:|1699569571\n|switch|p2a: Lopunny|Lopunny-Mega, F|88\/100\n|-damage|p2a: Lopunny|76\/100|[from] Spikes\n|-zpower|p1a: Tornadus\n|move|p1a: Tornadus|Supersonic Skystrike|p2a: Lopunny|[zeffect]\n|-supereffective|p2a: Lopunny\n|-damage|p2a: Lopunny|0 fnt\n|faint|p2a: Lopunny\n|\n|upkeep\n|\n|t:|1699569575\n|switch|p2a: Kyurem|Kyurem, tera:Fairy|60\/100\n|-ability|p2a: Kyurem|Pressure\n|turn|25\n|c| thebestever543|told u\n|j| XXMurdrXX\n|c| thebestever543|gg\n|l| thebestever543\n|\n|t:|1699569582\n|move|p1a: Tornadus|Hurricane|p2a: Kyurem|[miss]\n|-miss|p1a: Tornadus|p2a: Kyurem\n|move|p2a: Kyurem|Freeze-Dry|p1a: Tornadus\n|-supereffective|p1a: Tornadus\n|-damage|p1a: Tornadus|0 fnt\n|faint|p1a: Tornadus\n|\n|upkeep\n|c| Sinful Ky|yeah\n|c|\u2606SeraphZ\u2605|gg\n|c| Sinful Ky|LOL\n|c|\u2606delemon|gg\n|-message|SeraphZ\u2605 forfeited.\n|\n|win|delemon\n|n|\u2606SeraphZ\u2605|seraphz\n|n|\u2606delemon|delemon\n|n| Sinful Ky|sinfulky\n|n| ForeverWing|foreverwing\n|n| Toxic Ariados|toxicariados\n|n| gyygu|gyygu\n|n| XXMurdrXX|xxmurdrxx\n","uploadtime":1699569590,"views":53,"p1id":"seraphz","p2id":"delemon","formatid":"gen9nationaldex","rating":0,"private":0,"password":""}