{"id":"gen9nationaldex-1989577997","p1":"ogerponice","p2":"Teo12","format":"[Gen 9] National Dex","log":"|j|\u2606ogerponice\n|j|\u2606Teo12\n|t:|1699874036\n|gametype|singles\n|player|p1|ogerponice|nurse|1294\n|player|p2|Teo12|pokemonbreeder-gen4|1234\n|teamsize|p1|6\n|teamsize|p2|6\n|gen|9\n|tier|[Gen 9] National Dex\n|rated|\n|rule|HP Percentage Mod: HP is shown in percentages\n|rule|Endless Battle Clause: Forcing endless battles is banned\n|rule|OHKO Clause: OHKO moves are banned\n|rule|Evasion Clause: Evasion abilities, items, and moves are banned\n|rule|Evasion Abilities Clause: Evasion abilities are banned\n|rule|Evasion Items Clause: Evasion items are banned\n|rule|Evasion Moves Clause: Evasion moves are banned\n|rule|Species Clause: Limit one of each Pok\u00e9mon\n|rule|Sleep Clause Mod: Limit one foe put to sleep\n|clearpoke\n|poke|p1|Toxapex, F|\n|poke|p1|Dondozo, F|\n|poke|p1|Garganacl, M|\n|poke|p1|Sableye, F|\n|poke|p1|Clodsire, F|\n|poke|p1|Gliscor, F|\n|poke|p2|Hawlucha, F|\n|poke|p2|Cramorant, M|\n|poke|p2|Rillaboom, M|\n|poke|p2|Bisharp, M|\n|poke|p2|Azumarill, F|\n|poke|p2|Ogerpon-Wellspring, F|\n|teampreview\n|inactive|Battle timer is ON: inactive players will automatically lose when time's up. (requested by Teo12)\n|\n|t:|1699874043\n|start\n|switch|p1a: \u52fe\u54e5|Sableye, F|100\/100\n|switch|p2a: Ogerpon|Ogerpon-Wellspring, F|100\/100\n|turn|1\n|\n|t:|1699874051\n|move|p1a: \u52fe\u54e5|Will-O-Wisp|p2a: Ogerpon\n|-status|p2a: Ogerpon|brn\n|move|p2a: Ogerpon|Ivy Cudgel|p1a: \u52fe\u54e5\n|-damage|p1a: \u52fe\u54e5|70\/100\n|\n|-damage|p2a: Ogerpon|95\/100 brn|[from] brn\n|upkeep\n|turn|2\n|\n|t:|1699874062\n|detailschange|p1a: \u52fe\u54e5|Sableye-Mega, F\n|-mega|p1a: \u52fe\u54e5|Sableye|Sablenite\n|move|p2a: Ogerpon|Trailblaze|p1a: \u52fe\u54e5\n|-damage|p1a: \u52fe\u54e5|60\/100\n|-boost|p2a: Ogerpon|spe|1\n|move|p1a: \u52fe\u54e5|Recover|p1a: \u52fe\u54e5\n|-heal|p1a: \u52fe\u54e5|100\/100\n|\n|-damage|p2a: Ogerpon|89\/100 brn|[from] brn\n|upkeep\n|turn|3\n|\n|t:|1699874077\n|switch|p1a: \u574f\u574f|Toxapex, F|100\/100\n|move|p2a: Ogerpon|Swords Dance|p2a: Ogerpon\n|-boost|p2a: Ogerpon|atk|2\n|\n|-damage|p2a: Ogerpon|83\/100 brn|[from] brn\n|upkeep\n|turn|4\n|\n|t:|1699874082\n|move|p2a: Ogerpon|Swords Dance|p2a: Ogerpon\n|-boost|p2a: Ogerpon|atk|2\n|move|p1a: \u574f\u574f|Haze|p1a: \u574f\u574f\n|-clearallboost\n|\n|-damage|p2a: Ogerpon|77\/100 brn|[from] brn\n|upkeep\n|turn|5\n|\n|t:|1699874099\n|switch|p1a: \u571f\u738b~|Clodsire, F|100\/100\n|move|p2a: Ogerpon|Swords Dance|p2a: Ogerpon\n|-boost|p2a: Ogerpon|atk|2\n|\n|-damage|p2a: Ogerpon|71\/100 brn|[from] brn\n|upkeep\n|turn|6\n|\n|t:|1699874108\n|move|p2a: Ogerpon|Ivy Cudgel|p1a: \u571f\u738b~\n|-supereffective|p1a: \u571f\u738b~\n|-damage|p1a: \u571f\u738b~|30\/100\n|move|p1a: \u571f\u738b~|Spikes|p2a: Ogerpon\n|-sidestart|p2: Teo12|Spikes\n|\n|-damage|p2a: Ogerpon|65\/100 brn|[from] brn\n|upkeep\n|turn|7\n|\n|t:|1699874116\n|switch|p1a: \u574f\u574f|Toxapex, F|100\/100\n|move|p2a: Ogerpon|Swords Dance|p2a: Ogerpon\n|-boost|p2a: Ogerpon|atk|2\n|\n|-damage|p2a: Ogerpon|59\/100 brn|[from] brn\n|upkeep\n|turn|8\n|\n|t:|1699874124\n|-terastallize|p2a: Ogerpon|Water\n|detailschange|p2a: Ogerpon|Ogerpon-Wellspring-Tera, F, tera:Water\n|-ability|p2a: Ogerpon|Embody Aspect (Wellspring)|boost\n|-boost|p2a: Ogerpon|spd|1\n|move|p2a: Ogerpon|Ivy Cudgel|p1a: \u574f\u574f\n|-resisted|p1a: \u574f\u574f\n|-crit|p1a: \u574f\u574f\n|-damage|p1a: \u574f\u574f|31\/100\n|move|p1a: \u574f\u574f|Haze|p1a: \u574f\u574f\n|-clearallboost\n|\n|-damage|p2a: Ogerpon|53\/100 brn|[from] brn\n|upkeep\n|turn|9\n|\n|t:|1699874136\n|switch|p1a: \u9738\u54e5|Dondozo, F|100\/100\n|move|p2a: Ogerpon|Horn Leech|p1a: \u9738\u54e5\n|-supereffective|p1a: \u9738\u54e5\n|-damage|p1a: \u9738\u54e5|82\/100\n|-heal|p2a: Ogerpon|68\/100 brn|[from] drain|[of] p1a: \u9738\u54e5\n|\n|-heal|p1a: \u9738\u54e5|88\/100|[from] item: Leftovers\n|-damage|p2a: Ogerpon|62\/100 brn|[from] brn\n|upkeep\n|turn|10\n|\n|t:|1699874146\n|-terastallize|p1a: \u9738\u54e5|Dragon\n|move|p2a: Ogerpon|Swords Dance|p2a: Ogerpon\n|-boost|p2a: Ogerpon|atk|2\n|move|p1a: \u9738\u54e5|Curse|p1a: \u9738\u54e5\n|-unboost|p1a: \u9738\u54e5|spe|1\n|-boost|p1a: \u9738\u54e5|atk|1\n|-boost|p1a: \u9738\u54e5|def|1\n|\n|-heal|p1a: \u9738\u54e5|94\/100|[from] item: Leftovers\n|-damage|p2a: Ogerpon|56\/100 brn|[from] brn\n|upkeep\n|turn|11\n|\n|t:|1699874153\n|move|p2a: Ogerpon|Swords Dance|p2a: Ogerpon\n|-boost|p2a: Ogerpon|atk|2\n|move|p1a: \u9738\u54e5|Curse|p1a: \u9738\u54e5\n|-unboost|p1a: \u9738\u54e5|spe|1\n|-boost|p1a: \u9738\u54e5|atk|1\n|-boost|p1a: \u9738\u54e5|def|1\n|\n|-heal|p1a: \u9738\u54e5|99\/100|[from] item: Leftovers\n|-damage|p2a: Ogerpon|50\/100 brn|[from] brn\n|upkeep\n|turn|12\n|\n|t:|1699874158\n|move|p2a: Ogerpon|Ivy Cudgel|p1a: \u9738\u54e5\n|-resisted|p1a: \u9738\u54e5\n|-damage|p1a: \u9738\u54e5|96\/100\n|move|p1a: \u9738\u54e5|Curse|p1a: \u9738\u54e5\n|-unboost|p1a: \u9738\u54e5|spe|1\n|-boost|p1a: \u9738\u54e5|atk|1\n|-boost|p1a: \u9738\u54e5|def|1\n|\n|-heal|p1a: \u9738\u54e5|100\/100|[from] item: Leftovers\n|-damage|p2a: Ogerpon|44\/100 brn|[from] brn\n|upkeep\n|turn|13\n|\n|t:|1699874165\n|switch|p2a: Cramorant|Cramorant, M|100\/100\n|move|p1a: \u9738\u54e5|Curse|p1a: \u9738\u54e5\n|-unboost|p1a: \u9738\u54e5|spe|1\n|-boost|p1a: \u9738\u54e5|atk|1\n|-boost|p1a: \u9738\u54e5|def|1\n|\n|upkeep\n|turn|14\n|\n|t:|1699874174\n|move|p2a: Cramorant|Surf|p1a: \u9738\u54e5\n|-formechange|p2a: Cramorant|Cramorant-Gulping|\n|-resisted|p1a: \u9738\u54e5\n|-damage|p1a: \u9738\u54e5|81\/100\n|move|p1a: \u9738\u54e5|Liquidation|p2a: Cramorant\n|-resisted|p2a: Cramorant\n|-damage|p2a: Cramorant|27\/100\n|-damage|p1a: \u9738\u54e5|56\/100|[from] ability: Gulp Missile|[of] p2a: Cramorant\n|-unboost|p1a: \u9738\u54e5|def|1\n|-formechange|p2a: Cramorant|Cramorant|\n|\n|-heal|p2a: Cramorant|33\/100|[from] item: Leftovers\n|-heal|p1a: \u9738\u54e5|62\/100|[from] item: Leftovers\n|upkeep\n|turn|15\n|\n|t:|1699874183\n|move|p2a: Cramorant|Surf|p1a: \u9738\u54e5\n|-formechange|p2a: Cramorant|Cramorant-Gorging|\n|-resisted|p1a: \u9738\u54e5\n|-damage|p1a: \u9738\u54e5|43\/100\n|move|p1a: \u9738\u54e5|Curse|p1a: \u9738\u54e5\n|-unboost|p1a: \u9738\u54e5|spe|1\n|-boost|p1a: \u9738\u54e5|atk|1\n|-boost|p1a: \u9738\u54e5|def|1\n|\n|-heal|p2a: Cramorant|39\/100|[from] item: Leftovers\n|-heal|p1a: \u9738\u54e5|49\/100|[from] item: Leftovers\n|upkeep\n|turn|16\n|\n|t:|1699874191\n|move|p2a: Cramorant|Roost|p2a: Cramorant\n|-heal|p2a: Cramorant|89\/100\n|-singleturn|p2a: Cramorant|move: Roost\n|move|p1a: \u9738\u54e5|Curse|p1a: \u9738\u54e5\n|-unboost|p1a: \u9738\u54e5|spe|1\n|-boost|p1a: \u9738\u54e5|atk|1\n|-boost|p1a: \u9738\u54e5|def|1\n|\n|-heal|p2a: Cramorant|96\/100|[from] item: Leftovers\n|-heal|p1a: \u9738\u54e5|55\/100|[from] item: Leftovers\n|upkeep\n|turn|17\n|\n|t:|1699874201\n|move|p2a: Cramorant|Surf|p1a: \u9738\u54e5\n|-resisted|p1a: \u9738\u54e5\n|-damage|p1a: \u9738\u54e5|37\/100\n|move|p1a: \u9738\u54e5|Rest|p1a: \u9738\u54e5\n|-status|p1a: \u9738\u54e5|slp|[from] move: Rest\n|-heal|p1a: \u9738\u54e5|100\/100 slp|[silent]\n|\n|-heal|p2a: Cramorant|100\/100|[from] item: Leftovers\n|upkeep\n|turn|18\n|\n|t:|1699874207\n|move|p2a: Cramorant|Stockpile|p2a: Cramorant\n|-start|p2a: Cramorant|stockpile1\n|-boost|p2a: Cramorant|def|1\n|-boost|p2a: Cramorant|spd|1\n|cant|p1a: \u9738\u54e5|slp\n|move|p1a: \u9738\u54e5|Sleep Talk|p1a: \u9738\u54e5\n|move|p1a: \u9738\u54e5|Liquidation|p2a: Cramorant|[from]move: Sleep Talk\n|-resisted|p2a: Cramorant\n|-damage|p2a: Cramorant|13\/100\n|-unboost|p2a: Cramorant|def|1\n|-damage|p1a: \u9738\u54e5|76\/100 slp|[from] ability: Gulp Missile|[of] p2a: Cramorant\n|-formechange|p2a: Cramorant|Cramorant|\n|\n|-heal|p2a: Cramorant|19\/100|[from] item: Leftovers\n|-heal|p1a: \u9738\u54e5|82\/100 slp|[from] item: Leftovers\n|upkeep\n|turn|19\n|\n|t:|1699874218\n|move|p2a: Cramorant|Surf|p1a: \u9738\u54e5\n|-formechange|p2a: Cramorant|Cramorant-Gorging|\n|-resisted|p1a: \u9738\u54e5\n|-damage|p1a: \u9738\u54e5|63\/100 slp\n|cant|p1a: \u9738\u54e5|slp\n|move|p1a: \u9738\u54e5|Sleep Talk|p1a: \u9738\u54e5\n|move|p1a: \u9738\u54e5|Liquidation|p2a: Cramorant|[from]move: Sleep Talk\n|-resisted|p2a: Cramorant\n|-damage|p2a: Cramorant|0 fnt\n|-damage|p1a: \u9738\u54e5|38\/100 slp|[from] ability: Gulp Missile|[of] p2a: Cramorant\n|-formechange|p2a: Cramorant|Cramorant|\n|faint|p2a: Cramorant\n|\n|-heal|p1a: \u9738\u54e5|44\/100 slp|[from] item: Leftovers\n|upkeep\n|\n|t:|1699874224\n|switch|p2a: Rillaboom|Rillaboom, M|100\/100\n|-damage|p2a: Rillaboom|88\/100|[from] Spikes\n|-fieldstart|move: Grassy Terrain|[from] ability: Grassy Surge|[of] p2a: Rillaboom\n|turn|20\n|\n|t:|1699874231\n|move|p2a: Rillaboom|Knock Off|p1a: \u9738\u54e5\n|-damage|p1a: \u9738\u54e5|37\/100 slp\n|-enditem|p1a: \u9738\u54e5|Leftovers|[from] move: Knock Off|[of] p2a: Rillaboom\n|-curestatus|p1a: \u9738\u54e5|slp|[msg]\n|move|p1a: \u9738\u54e5|Sleep Talk||[still]\n|-fail|p1a: \u9738\u54e5\n|\n|-heal|p2a: Rillaboom|94\/100|[from] Grassy Terrain\n|-heal|p1a: \u9738\u54e5|43\/100|[from] Grassy Terrain\n|upkeep\n|turn|21\n|\n|t:|1699874243\n|switch|p2a: Ogerpon|Ogerpon-Wellspring-Tera, F, tera:Water|44\/100 brn\n|-damage|p2a: Ogerpon|32\/100 brn|[from] Spikes\n|-ability|p2a: Ogerpon|Embody Aspect (Wellspring)|boost\n|-boost|p2a: Ogerpon|spd|1\n|move|p1a: \u9738\u54e5|Rest|p1a: \u9738\u54e5\n|-status|p1a: \u9738\u54e5|slp|[from] move: Rest\n|-heal|p1a: \u9738\u54e5|100\/100 slp|[silent]\n|\n|-heal|p2a: Ogerpon|38\/100 brn|[from] Grassy Terrain\n|-damage|p2a: Ogerpon|32\/100 brn|[from] brn\n|upkeep\n|turn|22\n|\n|t:|1699874248\n|move|p2a: Ogerpon|Swords Dance|p2a: Ogerpon\n|-boost|p2a: Ogerpon|atk|2\n|cant|p1a: \u9738\u54e5|slp\n|move|p1a: \u9738\u54e5|Sleep Talk|p1a: \u9738\u54e5\n|move|p1a: \u9738\u54e5|Rest||[from]move: Sleep Talk|[still]\n|-fail|p1a: \u9738\u54e5\n|\n|-heal|p2a: Ogerpon|38\/100 brn|[from] Grassy Terrain\n|-damage|p2a: Ogerpon|32\/100 brn|[from] brn\n|upkeep\n|turn|23\n|\n|t:|1699874259\n|move|p2a: Ogerpon|Swords Dance|p2a: Ogerpon\n|-boost|p2a: Ogerpon|atk|2\n|cant|p1a: \u9738\u54e5|slp\n|move|p1a: \u9738\u54e5|Sleep Talk|p1a: \u9738\u54e5\n|move|p1a: \u9738\u54e5|Liquidation|p2a: Ogerpon|[from]move: Sleep Talk\n|-resisted|p2a: Ogerpon\n|-damage|p2a: Ogerpon|0 fnt\n|faint|p2a: Ogerpon\n|\n|upkeep\n|\n|t:|1699874261\n|switch|p2a: Azumarill|Azumarill, F|100\/100\n|-damage|p2a: Azumarill|88\/100|[from] Spikes\n|turn|24\n|\n|t:|1699874271\n|-zpower|p2a: Azumarill\n|move|p2a: Azumarill|Z-Belly Drum|p2a: Azumarill|[anim]Belly Drum\n|-heal|p2a: Azumarill|100\/100|[zeffect]\n|-damage|p2a: Azumarill|51\/100\n|-setboost|p2a: Azumarill|atk|6|[from] move: Belly Drum\n|-curestatus|p1a: \u9738\u54e5|slp|[msg]\n|move|p1a: \u9738\u54e5|Sleep Talk||[still]\n|-fail|p1a: \u9738\u54e5\n|\n|-heal|p2a: Azumarill|57\/100|[from] Grassy Terrain\n|-fieldend|move: Grassy Terrain\n|upkeep\n|turn|25\n|\n|t:|1699874291\n|move|p2a: Azumarill|Play Rough|p1a: \u9738\u54e5|[miss]\n|-miss|p2a: Azumarill|p1a: \u9738\u54e5\n|move|p1a: \u9738\u54e5|Liquidation|p2a: Azumarill\n|-resisted|p2a: Azumarill\n|-damage|p2a: Azumarill|2\/100\n|\n|upkeep\n|turn|26\n|\n|t:|1699874299\n|move|p2a: Azumarill|Play Rough|p1a: \u9738\u54e5\n|-supereffective|p1a: \u9738\u54e5\n|-crit|p1a: \u9738\u54e5\n|-damage|p1a: \u9738\u54e5|17\/100\n|move|p1a: \u9738\u54e5|Liquidation|p2a: Azumarill\n|-resisted|p2a: Azumarill\n|-crit|p2a: Azumarill\n|-damage|p2a: Azumarill|0 fnt\n|faint|p2a: Azumarill\n|\n|upkeep\n|\n|t:|1699874307\n|switch|p2a: Hawlucha|Hawlucha, F|100\/100\n|turn|27\n|\n|t:|1699874311\n|move|p2a: Hawlucha|Close Combat|p1a: \u9738\u54e5\n|-damage|p1a: \u9738\u54e5|10\/100\n|-unboost|p2a: Hawlucha|def|1\n|-unboost|p2a: Hawlucha|spd|1\n|-enditem|p2a: Hawlucha|White Herb\n|-clearnegativeboost|p2a: Hawlucha|[silent]\n|move|p1a: \u9738\u54e5|Rest|p1a: \u9738\u54e5\n|-status|p1a: \u9738\u54e5|slp|[from] move: Rest\n|-heal|p1a: \u9738\u54e5|100\/100 slp|[silent]\n|\n|upkeep\n|turn|28\n|\n|t:|1699874321\n|move|p2a: Hawlucha|Swords Dance|p2a: Hawlucha\n|-boost|p2a: Hawlucha|atk|2\n|cant|p1a: \u9738\u54e5|slp\n|\n|upkeep\n|turn|29\n|-message|Teo12 forfeited.\n|\n|win|ogerponice\n|raw|ogerponice's rating: 1294 &rarr; <strong>1315<\/strong><br \/>(+21 for winning)\n|raw|Teo12's rating: 1234 &rarr; <strong>1213<\/strong><br \/>(-21 for losing)\n|l|\u2606Teo12\n","uploadtime":1699874335,"views":4,"p1id":"ogerponice","p2id":"teo12","formatid":"gen9nationaldex","rating":1213,"private":0,"password":""}