{"id":"gen9nationaldex-1989739283","p1":"zizhuzhaosheng","p2":"Autistic_Rabbit","format":"[Gen 9] National Dex","log":"|j|\u2606zizhuzhaosheng\n|j|\u2606Autistic_Rabbit\n|t:|1699891618\n|gametype|singles\n|player|p1|zizhuzhaosheng|2|1636\n|player|p2|Autistic_Rabbit|dawn|1547\n|teamsize|p1|6\n|teamsize|p2|6\n|gen|9\n|tier|[Gen 9] National Dex\n|rated|\n|rule|HP Percentage Mod: HP is shown in percentages\n|rule|Endless Battle Clause: Forcing endless battles is banned\n|rule|OHKO Clause: OHKO moves are banned\n|rule|Evasion Clause: Evasion abilities, items, and moves are banned\n|rule|Evasion Abilities Clause: Evasion abilities are banned\n|rule|Evasion Items Clause: Evasion items are banned\n|rule|Evasion Moves Clause: Evasion moves are banned\n|rule|Species Clause: Limit one of each Pok\u00e9mon\n|rule|Sleep Clause Mod: Limit one foe put to sleep\n|clearpoke\n|poke|p1|Medicham, F|\n|poke|p1|Zapdos|\n|poke|p1|Alomomola, F|\n|poke|p1|Landorus-Therian, M|\n|poke|p1|Urshifu-*, F|\n|poke|p1|Hoopa-Unbound|\n|poke|p2|Tapu Koko|\n|poke|p2|Barraskewda, M|\n|poke|p2|Pelipper, F|\n|poke|p2|Sneasler, F|\n|poke|p2|Gliscor, M|\n|poke|p2|Ferrothorn, M|\n|teampreview\n|\n|t:|1699891628\n|start\n|switch|p1a: Zapdos|Zapdos|100\/100\n|switch|p2a: Barraskewda|Barraskewda, M|100\/100\n|turn|1\n|\n|t:|1699891632\n|move|p2a: Barraskewda|Flip Turn|p1a: Zapdos\n|-damage|p1a: Zapdos|71\/100\n|\n|t:|1699891642\n|switch|p2a: Gliscor|Gliscor, M|100\/100|[from] Flip Turn\n|move|p1a: Zapdos|Heat Wave|p2a: Gliscor\n|-damage|p2a: Gliscor|75\/100\n|\n|-status|p2a: Gliscor|tox|[from] item: Toxic Orb\n|upkeep\n|turn|2\n|\n|t:|1699891651\n|switch|p1a: Alomomola|Alomomola, F|100\/100\n|move|p2a: Gliscor|Spikes|p1a: Alomomola\n|-sidestart|p1: zizhuzhaosheng|Spikes\n|\n|-heal|p2a: Gliscor|88\/100 tox|[from] ability: Poison Heal\n|upkeep\n|turn|3\n|\n|t:|1699891655\n|move|p2a: Gliscor|Spikes|p1a: Alomomola\n|-sidestart|p1: zizhuzhaosheng|Spikes\n|move|p1a: Alomomola|Flip Turn|p2a: Gliscor\n|-supereffective|p2a: Gliscor\n|-damage|p2a: Gliscor|65\/100 tox\n|\n|t:|1699891659\n|switch|p1a: Zapdos|Zapdos|71\/100|[from] Flip Turn\n|\n|-heal|p2a: Gliscor|78\/100 tox|[from] ability: Poison Heal\n|upkeep\n|turn|4\n|\n|t:|1699891665\n|move|p1a: Zapdos|Defog|p2a: Gliscor\n|-unboost|p2a: Gliscor|evasion|1\n|-sideend|p1: zizhuzhaosheng|Spikes|[from] move: Defog|[of] p1a: Zapdos\n|move|p2a: Gliscor|U-turn|p1a: Zapdos\n|-resisted|p1a: Zapdos\n|-damage|p1a: Zapdos|65\/100\n|\n|t:|1699891668\n|switch|p2a: Tapu Koko|Tapu Koko, shiny|100\/100|[from] U-turn\n|-fieldstart|move: Electric Terrain|[from] ability: Electric Surge|[of] p2a: Tapu Koko\n|\n|upkeep\n|turn|5\n|\n|t:|1699891674\n|switch|p1a: Landorus|Landorus-Therian, M|100\/100\n|-ability|p1a: Landorus|Intimidate|boost\n|-unboost|p2a: Tapu Koko|atk|1\n|move|p2a: Tapu Koko|Volt Switch|p1a: Landorus\n|-immune|p1a: Landorus\n|\n|upkeep\n|turn|6\n|\n|t:|1699891679\n|move|p2a: Tapu Koko|U-turn|p1a: Landorus\n|-resisted|p1a: Landorus\n|-damage|p1a: Landorus|96\/100\n|\n|t:|1699891689\n|switch|p2a: Gliscor|Gliscor, M|78\/100 tox|[from] U-turn\n|move|p1a: Landorus|U-turn|p2a: Gliscor\n|-resisted|p2a: Gliscor\n|-damage|p2a: Gliscor|70\/100 tox\n|inactive|Battle timer is ON: inactive players will automatically lose when time's up. (requested by zizhuzhaosheng)\n|\n|t:|1699891693\n|switch|p1a: Hoopa|Hoopa-Unbound|100\/100|[from] U-turn\n|\n|-heal|p2a: Gliscor|83\/100 tox|[from] ability: Poison Heal\n|upkeep\n|turn|7\n|\n|t:|1699891702\n|switch|p2a: Ferrothorn|Ferrothorn, M|100\/100\n|-terastallize|p1a: Hoopa|Dark\n|move|p1a: Hoopa|Dark Pulse|p2a: Ferrothorn\n|-damage|p2a: Ferrothorn|15\/100\n|-enditem|p2a: Ferrothorn|Eject Button\n|\n|t:|1699891707\n|switch|p2a: Sneasler|Sneasler, F|100\/100\n|-enditem|p2a: Sneasler|Electric Seed\n|-boost|p2a: Sneasler|def|1|[from] item: Electric Seed\n|\n|upkeep\n|turn|8\n|\n|t:|1699891717\n|switch|p1a: Landorus|Landorus-Therian, M|96\/100\n|-ability|p1a: Landorus|Intimidate|boost\n|-unboost|p2a: Sneasler|atk|1\n|move|p2a: Sneasler|Swords Dance|p2a: Sneasler\n|-boost|p2a: Sneasler|atk|2\n|\n|-fieldend|move: Electric Terrain\n|upkeep\n|turn|9\n|\n|t:|1699891726\n|move|p2a: Sneasler|Acrobatics|p1a: Landorus\n|-damage|p1a: Landorus|39\/100\n|move|p1a: Landorus|Smack Down|p2a: Sneasler\n|-resisted|p2a: Sneasler\n|-damage|p2a: Sneasler|91\/100\n|\n|upkeep\n|turn|10\n|\n|t:|1699891731\n|move|p2a: Sneasler|Acrobatics|p1a: Landorus\n|-damage|p1a: Landorus|0 fnt\n|faint|p1a: Landorus\n|\n|upkeep\n|\n|t:|1699891734\n|switch|p1a: Zapdos|Zapdos|65\/100\n|turn|11\n|\n|t:|1699891741\n|-terastallize|p2a: Sneasler|Electric\n|move|p2a: Sneasler|Swords Dance|p2a: Sneasler\n|-boost|p2a: Sneasler|atk|2\n|move|p1a: Zapdos|Roost|p1a: Zapdos\n|-heal|p1a: Zapdos|100\/100\n|-singleturn|p1a: Zapdos|move: Roost\n|\n|upkeep\n|turn|12\n|\n|t:|1699891747\n|move|p2a: Sneasler|Tera Blast|p1a: Zapdos|[anim] Tera Blast Electric\n|-damage|p1a: Zapdos|28\/100\n|move|p1a: Zapdos|Heat Wave|p2a: Sneasler\n|-damage|p2a: Sneasler|57\/100\n|\n|upkeep\n|turn|13\n|\n|t:|1699891752\n|move|p2a: Sneasler|Tera Blast|p1a: Zapdos|[anim] Tera Blast Electric\n|-damage|p1a: Zapdos|0 fnt\n|faint|p1a: Zapdos\n|\n|upkeep\n|\n|t:|1699891757\n|switch|p1a: Medicham|Medicham, F|100\/100\n|turn|14\n|\n|t:|1699891761\n|detailschange|p1a: Medicham|Medicham-Mega, F\n|-mega|p1a: Medicham|Medicham|Medichamite\n|move|p1a: Medicham|Bullet Punch|p2a: Sneasler\n|-resisted|p2a: Sneasler\n|-crit|p2a: Sneasler\n|-damage|p2a: Sneasler|27\/100\n|move|p2a: Sneasler|Acrobatics|p1a: Medicham\n|-supereffective|p1a: Medicham\n|-damage|p1a: Medicham|0 fnt\n|faint|p1a: Medicham\n|\n|upkeep\n|\n|t:|1699891768\n|switch|p1a: Alomomola|Alomomola, F|100\/100\n|turn|15\n|\n|t:|1699891770\n|move|p2a: Sneasler|Tera Blast|p1a: Alomomola|[anim] Tera Blast Electric\n|-supereffective|p1a: Alomomola\n|-damage|p1a: Alomomola|0 fnt\n|faint|p1a: Alomomola\n|\n|upkeep\n|-message|zizhuzhaosheng forfeited.\n|\n|win|Autistic_Rabbit\n|raw|zizhuzhaosheng's rating: 1636 &rarr; <strong>1611<\/strong><br \/>(-25 for losing)\n|raw|Autistic_Rabbit's rating: 1547 &rarr; <strong>1572<\/strong><br \/>(+25 for winning)\n|l|\u2606zizhuzhaosheng\n","uploadtime":1699891780,"views":8,"p1id":"zizhuzhaosheng","p2id":"autisticrabbit","formatid":"gen9nationaldex","rating":1572,"private":0,"password":""}