{"id":"gen9nationaldex-1989105732","p1":"WSoldat","p2":"Gamer00ooO","format":"[Gen 9] National Dex","log":"|j|\u2606WSoldat\n|j|\u2606Gamer00ooO\n|t:|1699812799\n|gametype|singles\n|player|p1|WSoldat|n|\n|player|p2|Gamer00ooO|hilbert|\n|teamsize|p1|6\n|teamsize|p2|6\n|gen|9\n|tier|[Gen 9] National Dex\n|rule|HP Percentage Mod: HP is shown in percentages\n|rule|Endless Battle Clause: Forcing endless battles is banned\n|rule|OHKO Clause: OHKO moves are banned\n|rule|Evasion Clause: Evasion abilities, items, and moves are banned\n|rule|Evasion Abilities Clause: Evasion abilities are banned\n|rule|Evasion Items Clause: Evasion items are banned\n|rule|Evasion Moves Clause: Evasion moves are banned\n|rule|Species Clause: Limit one of each Pok\u00e9mon\n|rule|Sleep Clause Mod: Limit one foe put to sleep\n|clearpoke\n|poke|p1|Corviknight, M|\n|poke|p1|Clodsire, M|\n|poke|p1|Goodra-Hisui, M|\n|poke|p1|Xurkitree|\n|poke|p1|Zapdos-Galar|\n|poke|p1|Scizor, M|\n|poke|p2|Iron Valiant|\n|poke|p2|Weezing-Galar, F|\n|poke|p2|Diancie|\n|poke|p2|Gliscor, M|\n|poke|p2|Gardevoir, F|\n|poke|p2|Klefki, M|\n|teampreview\n|inactive|Battle timer is ON: inactive players will automatically lose when time's up. (requested by WSoldat)\n|inactiveoff|Battle timer is now OFF.\n|j| PeppsiAsiEs\n|\n|t:|1699812828\n|start\n|switch|p1a: Tamo'Elecricos|Xurkitree|100\/100\n|switch|p2a: Llaveros|Klefki, M|100\/100\n|turn|1\n|c| PeppsiAsiEs|tu puedesss derr\n|\n|t:|1699812842\n|move|p2a: Llaveros|Light Screen|p2a: Llaveros\n|-sidestart|p2: Gamer00ooO|move: Light Screen\n|move|p1a: Tamo'Elecricos|Tail Glow|p1a: Tamo'Elecricos\n|-boost|p1a: Tamo'Elecricos|spa|3\n|\n|upkeep\n|turn|2\n|\n|t:|1699812848\n|switch|p2a: Scorp corp|Gliscor, M|100\/100\n|move|p1a: Tamo'Elecricos|Tail Glow|p1a: Tamo'Elecricos\n|-boost|p1a: Tamo'Elecricos|spa|3\n|\n|-status|p2a: Scorp corp|tox|[from] item: Toxic Orb\n|upkeep\n|turn|3\n|\n|t:|1699812868\n|-zpower|p1a: Tamo'Elecricos\n|move|p1a: Tamo'Elecricos|Z-Hypnosis||[anim]Hypnosis|[still]\n|-boost|p1a: Tamo'Elecricos|spe|1|[zeffect]\n|-fail|p1a: Tamo'Elecricos\n|move|p2a: Scorp corp|Earthquake|p1a: Tamo'Elecricos\n|-supereffective|p1a: Tamo'Elecricos\n|-damage|p1a: Tamo'Elecricos|0 fnt\n|faint|p1a: Tamo'Elecricos\n|\n|upkeep\n|c| PeppsiAsiEs|pero der\n|c| PeppsiAsiEs|eres o te haces\n|c|\u2606Gamer00ooO|Pens\u00f3 que har\u00edas cambio\n|c|\u2606Gamer00ooO|Eso pasa\n|c| PeppsiAsiEs|\u00bf?\n|c|\u2606WSoldat|Mi estrategia se fue a la mierda\n|c|\u2606WSoldat|Toca improvisar\n|c| PeppsiAsiEs|gamer y sus predicciones con la percepci\u00f3n de la realidad completamente alterada\n|c|\u2606Gamer00ooO|No pens\u00e9 que el tuviera el cristal z\n|\n|t:|1699812976\n|switch|p1a: Elver Galarga|Zapdos-Galar|100\/100\n|turn|4\n|\n|t:|1699813006\n|move|p1a: Elver Galarga|U-turn|p2a: Scorp corp\n|-resisted|p2a: Scorp corp\n|-crit|p2a: Scorp corp\n|-damage|p2a: Scorp corp|83\/100 tox\n|\n|t:|1699813021\n|switch|p1a: Corvos|Corviknight, M|100\/100|[from] U-turn\n|-ability|p1a: Corvos|Pressure\n|move|p2a: Scorp corp|Swords Dance|p2a: Scorp corp\n|-boost|p2a: Scorp corp|atk|2\n|\n|-heal|p2a: Scorp corp|96\/100 tox|[from] ability: Poison Heal\n|upkeep\n|turn|5\n|\n|t:|1699813036\n|move|p2a: Scorp corp|Facade|p1a: Corvos\n|-resisted|p1a: Corvos\n|-damage|p1a: Corvos|77\/100\n|-damage|p2a: Scorp corp|79\/100 tox|[from] item: Rocky Helmet|[of] p1a: Corvos\n|move|p1a: Corvos|Roost|p1a: Corvos\n|-heal|p1a: Corvos|100\/100\n|-singleturn|p1a: Corvos|move: Roost\n|\n|-heal|p2a: Scorp corp|92\/100 tox|[from] ability: Poison Heal\n|upkeep\n|turn|6\n|\n|t:|1699813049\n|move|p2a: Scorp corp|Swords Dance|p2a: Scorp corp\n|-boost|p2a: Scorp corp|atk|2\n|move|p1a: Corvos|Defog|p2a: Scorp corp\n|-unboost|p2a: Scorp corp|evasion|1\n|-sideend|p2: Gamer00ooO|move: Light Screen\n|\n|-heal|p2a: Scorp corp|100\/100 tox|[from] ability: Poison Heal\n|upkeep\n|turn|7\n|\n|t:|1699813073\n|move|p2a: Scorp corp|Swords Dance|p2a: Scorp corp\n|-boost|p2a: Scorp corp|atk|2\n|move|p1a: Corvos|Roost||[still]\n|-fail|p1a: Corvos|heal\n|\n|upkeep\n|turn|8\n|\n|t:|1699813081\n|move|p2a: Scorp corp|Facade|p1a: Corvos\n|-resisted|p1a: Corvos\n|-damage|p1a: Corvos|53\/100\n|-damage|p2a: Scorp corp|84\/100 tox|[from] item: Rocky Helmet|[of] p1a: Corvos\n|move|p1a: Corvos|Brave Bird|p2a: Scorp corp\n|-damage|p2a: Scorp corp|51\/100 tox\n|-damage|p1a: Corvos|45\/100|[from] Recoil\n|\n|-heal|p2a: Scorp corp|63\/100 tox|[from] ability: Poison Heal\n|upkeep\n|turn|9\n|\n|t:|1699813114\n|move|p2a: Scorp corp|Facade|p1a: Corvos\n|-resisted|p1a: Corvos\n|-damage|p1a: Corvos|2\/100\n|-damage|p2a: Scorp corp|47\/100 tox|[from] item: Rocky Helmet|[of] p1a: Corvos\n|move|p1a: Corvos|Roost|p1a: Corvos\n|-heal|p1a: Corvos|52\/100\n|-singleturn|p1a: Corvos|move: Roost\n|\n|-heal|p2a: Scorp corp|59\/100 tox|[from] ability: Poison Heal\n|upkeep\n|turn|10\n|\n|t:|1699813142\n|move|p2a: Scorp corp|Facade|p1a: Corvos\n|-resisted|p1a: Corvos\n|-damage|p1a: Corvos|6\/100\n|-damage|p2a: Scorp corp|43\/100 tox|[from] item: Rocky Helmet|[of] p1a: Corvos\n|move|p1a: Corvos|Brave Bird|p2a: Scorp corp\n|-damage|p2a: Scorp corp|6\/100 tox\n|-damage|p1a: Corvos|0 fnt|[from] Recoil\n|faint|p1a: Corvos\n|\n|-heal|p2a: Scorp corp|18\/100 tox|[from] ability: Poison Heal\n|upkeep\n|\n|t:|1699813157\n|switch|p1a: Elver Galarga|Zapdos-Galar|100\/100\n|turn|11\n|\n|t:|1699813168\n|move|p1a: Elver Galarga|Knock Off|p2a: Scorp corp\n|-damage|p2a: Scorp corp|0 fnt\n|-enditem|p2a: Scorp corp|Toxic Orb|[from] move: Knock Off|[of] p1a: Elver Galarga\n|faint|p2a: Scorp corp\n|\n|upkeep\n|\n|t:|1699813173\n|switch|p2a: Patriota de hierro|Iron Valiant|100\/100\n|turn|12\n|\n|t:|1699813183\n|switch|p1a: Babo SA .Inc|Goodra-Hisui, M|100\/100\n|move|p2a: Patriota de hierro|Thunderbolt|p1a: Babo SA .Inc\n|-resisted|p1a: Babo SA .Inc\n|-damage|p1a: Babo SA .Inc|95\/100\n|\n|upkeep\n|turn|13\n|\n|t:|1699813193\n|move|p2a: Patriota de hierro|Aura Sphere|p1a: Babo SA .Inc\n|-supereffective|p1a: Babo SA .Inc\n|-damage|p1a: Babo SA .Inc|67\/100\n|move|p1a: Babo SA .Inc|Flash Cannon|p2a: Patriota de hierro\n|-supereffective|p2a: Patriota de hierro\n|-damage|p2a: Patriota de hierro|29\/100\n|\n|upkeep\n|turn|14\n|\n|t:|1699813204\n|move|p2a: Patriota de hierro|Aura Sphere|p1a: Babo SA .Inc\n|-supereffective|p1a: Babo SA .Inc\n|-damage|p1a: Babo SA .Inc|42\/100\n|move|p1a: Babo SA .Inc|Knock Off|p2a: Patriota de hierro\n|-resisted|p2a: Patriota de hierro\n|-damage|p2a: Patriota de hierro|22\/100\n|-enditem|p2a: Patriota de hierro|Assault Vest|[from] move: Knock Off|[of] p1a: Babo SA .Inc\n|\n|upkeep\n|turn|15\n|\n|t:|1699813216\n|switch|p1a: Ricardo|Clodsire, M|100\/100\n|move|p2a: Patriota de hierro|Aura Sphere|p1a: Ricardo\n|-resisted|p1a: Ricardo\n|-damage|p1a: Ricardo|90\/100\n|\n|-heal|p1a: Ricardo|96\/100|[from] item: Leftovers\n|upkeep\n|turn|16\n|\n|t:|1699813237\n|-end|p2a: Patriota de hierro|Quark Drive|[silent]\n|switch|p2a: Llaveros|Klefki, M|100\/100\n|move|p1a: Ricardo|Earthquake|p2a: Llaveros\n|-supereffective|p2a: Llaveros\n|-damage|p2a: Llaveros|53\/100\n|\n|-heal|p1a: Ricardo|100\/100|[from] item: Leftovers\n|upkeep\n|turn|17\n|\n|t:|1699813247\n|move|p2a: Llaveros|Reflect|p2a: Llaveros\n|-sidestart|p2: Gamer00ooO|Reflect\n|move|p1a: Ricardo|Earthquake|p2a: Llaveros\n|-supereffective|p2a: Llaveros\n|-damage|p2a: Llaveros|25\/100\n|\n|upkeep\n|turn|18\n|\n|t:|1699813254\n|move|p2a: Llaveros|Light Screen|p2a: Llaveros\n|-sidestart|p2: Gamer00ooO|move: Light Screen\n|move|p1a: Ricardo|Earthquake|p2a: Llaveros\n|-supereffective|p2a: Llaveros\n|-damage|p2a: Llaveros|0 fnt\n|faint|p2a: Llaveros\n|\n|upkeep\n|\n|t:|1699813258\n|switch|p2a: Eco Eco|Gardevoir, F|100\/100\n|-ability|p2a: Eco Eco|Unaware|[from] ability: Trace|[of] p1a: Ricardo\n|turn|19\n|\n|t:|1699813277\n|detailschange|p2a: Eco Eco|Gardevoir-Mega, F\n|-mega|p2a: Eco Eco|Gardevoir|Gardevoirite\n|-terastallize|p1a: Ricardo|Water\n|move|p2a: Eco Eco|Psyshock|p1a: Ricardo\n|-damage|p1a: Ricardo|55\/100\n|move|p1a: Ricardo|Toxic|p2a: Eco Eco\n|-status|p2a: Eco Eco|tox\n|\n|-heal|p1a: Ricardo|61\/100|[from] item: Leftovers\n|-damage|p2a: Eco Eco|94\/100 tox|[from] psn\n|upkeep\n|turn|20\n|\n|t:|1699813321\n|move|p2a: Eco Eco|Psyshock|p1a: Ricardo\n|-damage|p1a: Ricardo|10\/100\n|move|p1a: Ricardo|Recover|p1a: Ricardo\n|-heal|p1a: Ricardo|60\/100\n|\n|-heal|p1a: Ricardo|67\/100|[from] item: Leftovers\n|-damage|p2a: Eco Eco|82\/100 tox|[from] psn\n|upkeep\n|turn|21\n|\n|t:|1699813342\n|move|p2a: Eco Eco|Hyper Voice|p1a: Ricardo\n|-damage|p1a: Ricardo|33\/100\n|move|p1a: Ricardo|Recover|p1a: Ricardo\n|-heal|p1a: Ricardo|83\/100\n|\n|-heal|p1a: Ricardo|90\/100|[from] item: Leftovers\n|-damage|p2a: Eco Eco|64\/100 tox|[from] psn\n|upkeep\n|turn|22\n|\n|t:|1699813355\n|switch|p2a: Steven|Diancie|100\/100\n|move|p1a: Ricardo|Recover|p1a: Ricardo\n|-heal|p1a: Ricardo|100\/100\n|\n|upkeep\n|turn|23\n|\n|t:|1699813367\n|move|p2a: Steven|Diamond Storm|p1a: Ricardo\n|-damage|p1a: Ricardo|61\/100\n|-boost|p2a: Steven|def|2\n|move|p1a: Ricardo|Toxic|p2a: Steven\n|-status|p2a: Steven|tox\n|\n|-heal|p1a: Ricardo|67\/100|[from] item: Leftovers\n|-damage|p2a: Steven|94\/100 tox|[from] psn\n|upkeep\n|turn|24\n|\n|t:|1699813381\n|move|p2a: Steven|Body Press|p1a: Ricardo\n|-crit|p1a: Ricardo\n|-damage|p1a: Ricardo|12\/100\n|move|p1a: Ricardo|Recover|p1a: Ricardo\n|-heal|p1a: Ricardo|62\/100\n|\n|-heal|p2a: Steven|100\/100 tox|[from] item: Leftovers\n|-heal|p1a: Ricardo|68\/100|[from] item: Leftovers\n|-damage|p2a: Steven|88\/100 tox|[from] psn\n|-sideend|p2: Gamer00ooO|Reflect\n|upkeep\n|turn|25\n|\n|t:|1699813394\n|move|p2a: Steven|Iron Defense|p2a: Steven\n|-boost|p2a: Steven|def|2\n|move|p1a: Ricardo|Recover|p1a: Ricardo\n|-heal|p1a: Ricardo|100\/100\n|\n|-heal|p2a: Steven|94\/100 tox|[from] item: Leftovers\n|-damage|p2a: Steven|76\/100 tox|[from] psn\n|-sideend|p2: Gamer00ooO|move: Light Screen\n|upkeep\n|turn|26\n|\n|t:|1699813405\n|move|p2a: Steven|Iron Defense|p2a: Steven\n|-boost|p2a: Steven|def|2\n|move|p1a: Ricardo|Earthquake|p2a: Steven\n|-supereffective|p2a: Steven\n|-damage|p2a: Steven|35\/100 tox\n|\n|-heal|p2a: Steven|41\/100 tox|[from] item: Leftovers\n|-damage|p2a: Steven|16\/100 tox|[from] psn\n|upkeep\n|turn|27\n|\n|t:|1699813418\n|move|p2a: Steven|Body Press|p1a: Ricardo\n|-damage|p1a: Ricardo|67\/100\n|move|p1a: Ricardo|Stealth Rock|p2a: Steven\n|-sidestart|p2: Gamer00ooO|move: Stealth Rock\n|\n|-heal|p2a: Steven|23\/100 tox|[from] item: Leftovers\n|-heal|p1a: Ricardo|73\/100|[from] item: Leftovers\n|-damage|p2a: Steven|0 fnt|[from] psn\n|faint|p2a: Steven\n|upkeep\n|\n|t:|1699813429\n|switch|p2a: Patriota de hierro|Iron Valiant|22\/100\n|-damage|p2a: Patriota de hierro|16\/100|[from] Stealth Rock\n|turn|28\n|\n|t:|1699813440\n|switch|p1a: Babo SA .Inc|Goodra-Hisui, M|42\/100\n|move|p2a: Patriota de hierro|Thunderbolt|p1a: Babo SA .Inc\n|-resisted|p1a: Babo SA .Inc\n|-damage|p1a: Babo SA .Inc|37\/100\n|\n|upkeep\n|turn|29\n|\n|t:|1699813448\n|move|p2a: Patriota de hierro|Aura Sphere|p1a: Babo SA .Inc\n|-supereffective|p1a: Babo SA .Inc\n|-damage|p1a: Babo SA .Inc|10\/100\n|move|p1a: Babo SA .Inc|Flash Cannon|p2a: Patriota de hierro\n|-supereffective|p2a: Patriota de hierro\n|-damage|p2a: Patriota de hierro|0 fnt\n|faint|p2a: Patriota de hierro\n|-end|p2a: Patriota de hierro|Quark Drive|[silent]\n|\n|upkeep\n|\n|t:|1699813454\n|switch|p2a: Eco Eco|Gardevoir-Mega, F|64\/100 tox\n|-damage|p2a: Eco Eco|51\/100 tox|[from] Stealth Rock\n|turn|30\n|\n|t:|1699813465\n|move|p2a: Eco Eco|Aura Sphere|p1a: Babo SA .Inc\n|-supereffective|p1a: Babo SA .Inc\n|-damage|p1a: Babo SA .Inc|0 fnt\n|faint|p1a: Babo SA .Inc\n|\n|-damage|p2a: Eco Eco|45\/100 tox|[from] psn\n|upkeep\n|\n|t:|1699813476\n|switch|p1a: Ernesto Tijeras|Scizor, M|100\/100\n|turn|31\n|\n|t:|1699813482\n|detailschange|p1a: Ernesto Tijeras|Scizor-Mega, M\n|-mega|p1a: Ernesto Tijeras|Scizor|Scizorite\n|move|p1a: Ernesto Tijeras|Bullet Punch|p2a: Eco Eco\n|-supereffective|p2a: Eco Eco\n|-damage|p2a: Eco Eco|0 fnt\n|faint|p2a: Eco Eco\n|\n|upkeep\n|\n|t:|1699813486\n|switch|p2a: Sr de carb\u00f3n|Weezing-Galar, F|100\/100\n|-damage|p2a: Sr de carb\u00f3n|88\/100|[from] Stealth Rock\n|-fieldstart|move: Misty Terrain|[from] ability: Misty Surge|[of] p2a: Sr de carb\u00f3n\n|turn|32\n|\n|t:|1699813498\n|-terastallize|p2a: Sr de carb\u00f3n|Flying\n|move|p1a: Ernesto Tijeras|Bullet Punch|p2a: Sr de carb\u00f3n\n|-damage|p2a: Sr de carb\u00f3n|52\/100\n|move|p2a: Sr de carb\u00f3n|Flamethrower|p1a: Ernesto Tijeras\n|-supereffective|p1a: Ernesto Tijeras\n|-damage|p1a: Ernesto Tijeras|28\/100\n|\n|upkeep\n|turn|33\n|j| Sylveon(404)\n|c| Sylveon(404)|otia\n|c| Sylveon(404)|si gano\n|\n|t:|1699813511\n|switch|p1a: Ricardo|Clodsire, M, tera:Water|73\/100\n|move|p2a: Sr de carb\u00f3n|Flamethrower|p1a: Ricardo\n|-resisted|p1a: Ricardo\n|-damage|p1a: Ricardo|68\/100\n|\n|-heal|p1a: Ricardo|75\/100|[from] item: Leftovers\n|upkeep\n|turn|34\n|\n|t:|1699813530\n|move|p2a: Sr de carb\u00f3n|Clear Smog|p1a: Ricardo\n|-damage|p1a: Ricardo|67\/100\n|-clearboost|p1a: Ricardo\n|move|p1a: Ricardo|Toxic|p2a: Sr de carb\u00f3n\n|-status|p2a: Sr de carb\u00f3n|tox\n|\n|-heal|p1a: Ricardo|73\/100|[from] item: Leftovers\n|-damage|p2a: Sr de carb\u00f3n|46\/100 tox|[from] psn\n|upkeep\n|turn|35\n|\n|t:|1699813544\n|move|p2a: Sr de carb\u00f3n|Clear Smog|p1a: Ricardo\n|-damage|p1a: Ricardo|65\/100\n|-clearboost|p1a: Ricardo\n|move|p1a: Ricardo|Recover|p1a: Ricardo\n|-heal|p1a: Ricardo|100\/100\n|\n|-damage|p2a: Sr de carb\u00f3n|34\/100 tox|[from] psn\n|upkeep\n|turn|36\n|l| Sylveon(404)\n|\n|t:|1699813555\n|switch|p1a: Elver Galarga|Zapdos-Galar|100\/100\n|move|p2a: Sr de carb\u00f3n|Clear Smog|p1a: Elver Galarga\n|-damage|p1a: Elver Galarga|82\/100\n|-clearboost|p1a: Elver Galarga\n|\n|-damage|p2a: Sr de carb\u00f3n|16\/100 tox|[from] psn\n|-fieldend|Misty Terrain\n|upkeep\n|turn|37\n|\n|t:|1699813566\n|move|p1a: Elver Galarga|Brave Bird|p2a: Sr de carb\u00f3n\n|-damage|p2a: Sr de carb\u00f3n|0 fnt\n|faint|p2a: Sr de carb\u00f3n\n|-damage|p1a: Elver Galarga|77\/100|[from] Recoil\n|\n|win|WSoldat\n|c|\u2606Gamer00ooO|Gg\n","uploadtime":1699813596,"views":14,"p1id":"wsoldat","p2id":"gamer00ooo","formatid":"gen9nationaldex","rating":0,"private":0,"password":""}