{"id":"gen9nationaldex-1994913974","p1":"mixco","p2":"JuzOzuj","format":"[Gen 9] National Dex","log":"|html|<div class=\"broadcast-blue\"><strong>[Gen 9] National Dex is currently suspecting Sneasler! For information on how to participate check out the <a href=\"https:\/\/www.smogon.com\/forums\/threads\/sv-national-dex-suspect-8-just-dance.3731534\/\">suspect thread<\/a>.<\/strong><\/div>\n|j|\u2606mixco\n|j|\u2606JuzOzuj\n|t:|1700504201\n|gametype|singles\n|player|p1|mixco|penny|\n|player|p2|JuzOzuj|265|\n|teamsize|p1|6\n|teamsize|p2|6\n|gen|9\n|tier|[Gen 9] National Dex\n|rule|HP Percentage Mod: HP is shown in percentages\n|rule|Endless Battle Clause: Forcing endless battles is banned\n|rule|OHKO Clause: OHKO moves are banned\n|rule|Evasion Clause: Evasion abilities, items, and moves are banned\n|rule|Evasion Abilities Clause: Evasion abilities are banned\n|rule|Evasion Items Clause: Evasion items are banned\n|rule|Evasion Moves Clause: Evasion moves are banned\n|rule|Species Clause: Limit one of each Pok\u00e9mon\n|rule|Sleep Clause Mod: Limit one foe put to sleep\n|clearpoke\n|poke|p1|Greninja-*, M|\n|poke|p1|Sylveon, F|\n|poke|p1|Heliolisk, F|\n|poke|p1|Dragalge, F|\n|poke|p1|Medicham, M|\n|poke|p1|Trevenant, M|\n|poke|p2|Leafeon, M|\n|poke|p2|Empoleon, M|\n|poke|p2|Garchomp, M|\n|poke|p2|Yanmega, F|\n|poke|p2|Electivire, M|\n|poke|p2|Floatzel, F|\n|teampreview\n|inactive|Battle timer is ON: inactive players will automatically lose when time's up. (requested by mixco)\n|\n|t:|1700504275\n|start\n|switch|p1a: Liacier|Medicham, M|100\/100\n|switch|p2a: Denryoku|Electivire, M|100\/100\n|turn|1\n|\n|t:|1700504280\n|switch|p2a: Dakari|Leafeon, M|100\/100\n|switch|p1a: Kusuri|Dragalge, F|100\/100\n|\n|upkeep\n|turn|2\n|\n|t:|1700504290\n|move|p2a: Dakari|Knock Off|p1a: Kusuri\n|-damage|p1a: Kusuri|80\/100\n|-enditem|p1a: Kusuri|Assault Vest|[from] move: Knock Off|[of] p2a: Dakari\n|move|p1a: Kusuri|Flip Turn|p2a: Dakari\n|-resisted|p2a: Dakari\n|-damage|p2a: Dakari|98\/100\n|-damage|p1a: Kusuri|64\/100|[from] item: Rocky Helmet|[of] p2a: Dakari\n|\n|t:|1700504298\n|switch|p1a: Raiden|Greninja, M|100\/100|[from] Flip Turn\n|\n|upkeep\n|turn|3\n|\n|t:|1700504310\n|switch|p2a: Constantine|Empoleon, M|100\/100\n|move|p1a: Raiden|Dark Pulse|p2a: Constantine\n|-damage|p2a: Constantine|78\/100\n|\n|-heal|p2a: Constantine|84\/100|[from] item: Leftovers\n|upkeep\n|turn|4\n|\n|t:|1700504320\n|switch|p1a: Amity|Sylveon, F|100\/100\n|move|p2a: Constantine|Stealth Rock|p1a: Amity\n|-sidestart|p1: mixco|move: Stealth Rock\n|\n|-heal|p2a: Constantine|90\/100|[from] item: Leftovers\n|upkeep\n|turn|5\n|inactive|JuzOzuj has 270 seconds left.\n|\n|t:|1700504353\n|switch|p2a: Dakari|Leafeon, M|98\/100\n|move|p1a: Amity|Wish|p1a: Amity\n|\n|upkeep\n|turn|6\n|inactive|JuzOzuj has 270 seconds left.\n|\n|t:|1700504367\n|switch|p1a: Kusuri|Dragalge, F|64\/100\n|-damage|p1a: Kusuri|51\/100|[from] Stealth Rock\n|move|p2a: Dakari|Toxic|p1a: Kusuri\n|-immune|p1a: Kusuri\n|\n|-heal|p1a: Kusuri|100\/100|[from] move: Wish|[wisher] Amity\n|upkeep\n|turn|7\n|inactive|JuzOzuj has 270 seconds left.\n|\n|t:|1700504379\n|switch|p2a: Constantine|Empoleon, M|90\/100\n|move|p1a: Kusuri|Sludge Bomb|p2a: Constantine\n|-immune|p2a: Constantine\n|\n|-heal|p2a: Constantine|96\/100|[from] item: Leftovers\n|upkeep\n|turn|8\n|\n|t:|1700504386\n|move|p2a: Constantine|Scald|p1a: Kusuri\n|-resisted|p1a: Kusuri\n|-damage|p1a: Kusuri|88\/100\n|move|p1a: Kusuri|Flip Turn|p2a: Constantine\n|-resisted|p2a: Constantine\n|-damage|p2a: Constantine|91\/100\n|\n|t:|1700504394\n|switch|p1a: Liacier|Medicham, M|100\/100|[from] Flip Turn\n|-damage|p1a: Liacier|94\/100|[from] Stealth Rock\n|\n|-heal|p2a: Constantine|97\/100|[from] item: Leftovers\n|upkeep\n|turn|9\n|\n|t:|1700504400\n|detailschange|p1a: Liacier|Medicham-Mega, M\n|-mega|p1a: Liacier|Medicham|Medichamite\n|move|p1a: Liacier|Close Combat|p2a: Constantine\n|-supereffective|p2a: Constantine\n|-damage|p2a: Constantine|0 fnt\n|-unboost|p1a: Liacier|def|1\n|-unboost|p1a: Liacier|spd|1\n|faint|p2a: Constantine\n|\n|upkeep\n|\n|t:|1700504414\n|switch|p2a: Yul|Floatzel, F|100\/100\n|turn|10\n|\n|t:|1700504420\n|switch|p1a: Fouret|Trevenant, M|100\/100\n|-damage|p1a: Fouret|88\/100|[from] Stealth Rock\n|move|p2a: Yul|Ice Spinner|p1a: Fouret\n|-supereffective|p1a: Fouret\n|-damage|p1a: Fouret|30\/100\n|-enditem|p1a: Fouret|Sitrus Berry|[eat]\n|-heal|p1a: Fouret|55\/100|[from] item: Sitrus Berry\n|\n|-item|p1a: Fouret|Sitrus Berry|[from] ability: Harvest\n|upkeep\n|turn|11\n|\n|t:|1700504435\n|switch|p2a: Ester|Yanmega, F|100\/100\n|move|p1a: Fouret|Poltergeist|p2a: Ester\n|-activate|p2a: Ester|move: Poltergeist|Heavy-Duty Boots\n|-damage|p2a: Ester|49\/100\n|\n|upkeep\n|turn|12\n|\n|t:|1700504450\n|switch|p1a: Amity|Sylveon, F|100\/100\n|-damage|p1a: Amity|88\/100|[from] Stealth Rock\n|move|p2a: Ester|Air Slash|p1a: Amity|[miss]\n|-miss|p2a: Ester|p1a: Amity\n|\n|-heal|p1a: Amity|94\/100|[from] item: Leftovers\n|-ability|p2a: Ester|Speed Boost|boost\n|-boost|p2a: Ester|spe|1\n|upkeep\n|turn|13\n|inactive|JuzOzuj has 270 seconds left.\n|\n|t:|1700504488\n|move|p2a: Ester|Protect|p2a: Ester\n|-singleturn|p2a: Ester|Protect\n|move|p1a: Amity|Hyper Voice|p2a: Ester\n|-activate|p2a: Ester|move: Protect\n|\n|-heal|p1a: Amity|99\/100|[from] item: Leftovers\n|-ability|p2a: Ester|Speed Boost|boost\n|-boost|p2a: Ester|spe|1\n|upkeep\n|turn|14\n|inactive|JuzOzuj has 270 seconds left.\n|\n|t:|1700504501\n|move|p2a: Ester|Air Slash|p1a: Amity\n|-damage|p1a: Amity|78\/100\n|move|p1a: Amity|Hyper Voice|p2a: Ester\n|-crit|p2a: Ester\n|-damage|p2a: Ester|0 fnt\n|faint|p2a: Ester\n|\n|-heal|p1a: Amity|84\/100|[from] item: Leftovers\n|upkeep\n|\n|t:|1700504508\n|switch|p2a: Denryoku|Electivire, M|100\/100\n|turn|15\n|inactive|JuzOzuj has 270 seconds left.\n|\n|t:|1700504514\n|move|p1a: Amity|Protect|p1a: Amity\n|-singleturn|p1a: Amity|Protect\n|move|p2a: Denryoku|Ice Punch|p1a: Amity\n|-activate|p1a: Amity|move: Protect\n|\n|-heal|p1a: Amity|90\/100|[from] item: Leftovers\n|upkeep\n|turn|16\n|inactive|JuzOzuj has 270 seconds left.\n|\n|t:|1700504527\n|move|p2a: Denryoku|Ice Punch|p1a: Amity\n|-damage|p1a: Amity|65\/100\n|move|p1a: Amity|Wish|p1a: Amity\n|\n|-heal|p1a: Amity|71\/100|[from] item: Leftovers\n|upkeep\n|turn|17\n|\n|t:|1700504534\n|move|p2a: Denryoku|Ice Punch|p1a: Amity\n|-damage|p1a: Amity|48\/100\n|-status|p1a: Amity|frz\n|cant|p1a: Amity|frz\n|\n|-heal|p1a: Amity|98\/100 frz|[from] move: Wish|[wisher] Amity\n|-heal|p1a: Amity|100\/100 frz|[from] item: Leftovers\n|upkeep\n|turn|18\n|\n|t:|1700504543\n|move|p2a: Denryoku|Ice Punch|p1a: Amity\n|-damage|p1a: Amity|76\/100 frz\n|cant|p1a: Amity|frz\n|\n|-heal|p1a: Amity|82\/100 frz|[from] item: Leftovers\n|upkeep\n|turn|19\n|\n|t:|1700504550\n|switch|p2a: Genesis|Garchomp, M|100\/100\n|cant|p1a: Amity|frz\n|\n|-heal|p1a: Amity|88\/100 frz|[from] item: Leftovers\n|upkeep\n|turn|20\n|\n|t:|1700504565\n|move|p2a: Genesis|Swords Dance|p2a: Genesis\n|-boost|p2a: Genesis|atk|2\n|cant|p1a: Amity|frz\n|\n|-heal|p1a: Amity|94\/100 frz|[from] item: Leftovers\n|upkeep\n|turn|21\n|\n|t:|1700504583\n|move|p2a: Genesis|Earthquake|p1a: Amity\n|-damage|p1a: Amity|0 fnt\n|faint|p1a: Amity\n|\n|upkeep\n|\n|t:|1700504585\n|switch|p1a: Raiden|Greninja, M|100\/100\n|-damage|p1a: Raiden|88\/100|[from] Stealth Rock\n|turn|22\n|\n|t:|1700504600\n|-terastallize|p1a: Raiden|Water\n|move|p1a: Raiden|Hydro Pump|p2a: Genesis\n|-damage|p2a: Genesis|33\/100\n|move|p2a: Genesis|Scale Shot|p1a: Raiden\n|-damage|p1a: Raiden|43\/100\n|-damage|p1a: Raiden|1\/100\n|-damage|p1a: Raiden|0 fnt\n|faint|p1a: Raiden\n|-hitcount|p1: Raiden|3\n|-unboost|p2a: Genesis|def|1\n|-boost|p2a: Genesis|spe|1\n|\n|upkeep\n|\n|t:|1700504608\n|switch|p1a: Liacier|Medicham-Mega, M|94\/100\n|-damage|p1a: Liacier|88\/100|[from] Stealth Rock\n|turn|23\n|\n|t:|1700504622\n|move|p1a: Liacier|Fake Out|p2a: Genesis\n|-damage|p2a: Genesis|0 fnt\n|-damage|p1a: Liacier|76\/100|[from] ability: Rough Skin|[of] p2a: Genesis\n|faint|p2a: Genesis\n|\n|upkeep\n|\n|t:|1700504629\n|switch|p2a: Yul|Floatzel, F|100\/100\n|turn|24\n|\n|t:|1700504648\n|switch|p1a: Fouret|Trevenant, M|55\/100\n|-damage|p1a: Fouret|42\/100|[from] Stealth Rock\n|-enditem|p1a: Fouret|Sitrus Berry|[eat]\n|-heal|p1a: Fouret|67\/100|[from] item: Sitrus Berry\n|-terastallize|p2a: Yul|Water\n|move|p2a: Yul|Wave Crash|p1a: Fouret\n|-resisted|p1a: Fouret\n|-damage|p1a: Fouret|21\/100\n|-damage|p2a: Yul|82\/100|[from] Recoil\n|\n|upkeep\n|turn|25\n|\n|t:|1700504664\n|move|p2a: Yul|Wave Crash|p1a: Fouret\n|-resisted|p1a: Fouret\n|-damage|p1a: Fouret|0 fnt\n|faint|p1a: Fouret\n|-damage|p2a: Yul|74\/100|[from] Recoil\n|\n|upkeep\n|\n|t:|1700504671\n|switch|p1a: Surey|Heliolisk, F|100\/100\n|-damage|p1a: Surey|88\/100|[from] Stealth Rock\n|turn|26\n|c|\u2606mixco|Por pura hax pero si\n|c|\u2606mixco|Podrias ganar\n|inactive|JuzOzuj has 270 seconds left.\n|\n|t:|1700504705\n|switch|p2a: Denryoku|Electivire, M|100\/100\n|move|p1a: Surey|Hyper Voice|p2a: Denryoku\n|-damage|p2a: Denryoku|42\/100\n|\n|upkeep\n|turn|27\n|\n|t:|1700504712\n|move|p1a: Surey|Hyper Voice|p2a: Denryoku\n|-damage|p2a: Denryoku|0 fnt\n|faint|p2a: Denryoku\n|\n|upkeep\n|\n|t:|1700504720\n|switch|p2a: Dakari|Leafeon, M|98\/100\n|turn|28\n|\n|t:|1700504726\n|switch|p1a: Kusuri|Dragalge, F|88\/100\n|-damage|p1a: Kusuri|76\/100|[from] Stealth Rock\n|move|p2a: Dakari|Knock Off|p1a: Kusuri\n|-damage|p1a: Kusuri|63\/100\n|\n|upkeep\n|turn|29\n|\n|t:|1700504732\n|move|p2a: Dakari|Knock Off|p1a: Kusuri\n|-damage|p1a: Kusuri|50\/100\n|move|p1a: Kusuri|Sludge Bomb|p2a: Dakari\n|-supereffective|p2a: Dakari\n|-damage|p2a: Dakari|0 fnt\n|faint|p2a: Dakari\n|\n|upkeep\n|\n|t:|1700504745\n|switch|p2a: Yul|Floatzel, F, tera:Water|74\/100\n|turn|30\n|\n|t:|1700504762\n|move|p2a: Yul|Aqua Jet|p1a: Kusuri\n|-resisted|p1a: Kusuri\n|-damage|p1a: Kusuri|34\/100\n|move|p1a: Kusuri|Sludge Bomb|p2a: Yul\n|-damage|p2a: Yul|2\/100\n|\n|upkeep\n|turn|31\n|-message|JuzOzuj forfeited.\n|\n|win|mixco\n|l|\u2606JuzOzuj\n","uploadtime":1700504775,"views":3,"p1id":"mixco","p2id":"juzozuj","formatid":"gen9nationaldex","rating":0,"private":0,"password":""}