{"id":"gen9nationaldex-1989962575","p1":"2011ChevyS10Xtreme","p2":"Theadonia","format":"[Gen 9] National Dex","log":"|j|\u26062011ChevyS10Xtreme\n|j|\u2606Theadonia\n|t:|1699910570\n|gametype|singles\n|player|p1|2011ChevyS10Xtreme|ghetsis|1159\n|player|p2|Theadonia|roxie|1198\n|teamsize|p1|6\n|teamsize|p2|6\n|gen|9\n|tier|[Gen 9] National Dex\n|rated|\n|rule|HP Percentage Mod: HP is shown in percentages\n|rule|Endless Battle Clause: Forcing endless battles is banned\n|rule|OHKO Clause: OHKO moves are banned\n|rule|Evasion Clause: Evasion abilities, items, and moves are banned\n|rule|Evasion Abilities Clause: Evasion abilities are banned\n|rule|Evasion Items Clause: Evasion items are banned\n|rule|Evasion Moves Clause: Evasion moves are banned\n|rule|Species Clause: Limit one of each Pok\u00e9mon\n|rule|Sleep Clause Mod: Limit one foe put to sleep\n|clearpoke\n|poke|p1|Ribombee, M|\n|poke|p1|Tsareena, F|\n|poke|p1|Inteleon, F|\n|poke|p1|Zeraora|\n|poke|p1|Tyranitar, F|\n|poke|p1|Banette, M|\n|poke|p2|Torterra, M|\n|poke|p2|Furret, M|\n|poke|p2|Ribombee, F|\n|poke|p2|Arcanine-Hisui, F|\n|poke|p2|Gyarados, F|\n|poke|p2|Muk-Alola, F|\n|teampreview\n|inactive|Battle timer is ON: inactive players will automatically lose when time's up. (requested by 2011ChevyS10Xtreme)\n|\n|t:|1699910580\n|start\n|switch|p1a: Ribombee|Ribombee, M, shiny|100\/100\n|switch|p2a: Torterra|Torterra, M|100\/100\n|turn|1\n|\n|t:|1699910586\n|move|p1a: Ribombee|Switcheroo|p2a: Torterra\n|-activate|p1a: Ribombee|move: Trick|[of] p2a: Torterra\n|-item|p2a: Torterra|Choice Scarf|[from] move: Switcheroo\n|-item|p1a: Ribombee|Loaded Dice|[from] move: Switcheroo\n|move|p2a: Torterra|Rock Blast|p1a: Ribombee|[miss]\n|-miss|p2a: Torterra|p1a: Ribombee\n|\n|upkeep\n|turn|2\n|\n|t:|1699910591\n|switch|p1a: Tyranitar|Tyranitar, F|100\/100\n|-weather|Sandstorm|[from] ability: Sand Stream|[of] p1a: Tyranitar\n|move|p2a: Torterra|Rock Blast|p1a: Tyranitar\n|-damage|p1a: Tyranitar|94\/100\n|-damage|p1a: Tyranitar|88\/100\n|-hitcount|p1a: Tyranitar|2\n|\n|-weather|Sandstorm|[upkeep]\n|upkeep\n|turn|3\n|\n|t:|1699910619\n|switch|p2a: Gyarados|Gyarados, F, shiny|100\/100\n|-ability|p2a: Gyarados|Intimidate|boost\n|-unboost|p1a: Tyranitar|atk|1\n|switch|p1a: Tsareena|Tsareena, F|100\/100\n|\n|-weather|Sandstorm|[upkeep]\n|-damage|p1a: Tsareena|95\/100|[from] Sandstorm\n|-damage|p2a: Gyarados|94\/100|[from] Sandstorm\n|upkeep\n|turn|4\n|\n|t:|1699910634\n|switch|p1a: Ribombee|Ribombee, M, shiny|100\/100\n|move|p2a: Gyarados|Dragon Dance|p2a: Gyarados\n|-boost|p2a: Gyarados|atk|1\n|-boost|p2a: Gyarados|spe|1\n|\n|-weather|Sandstorm|[upkeep]\n|-damage|p2a: Gyarados|88\/100|[from] Sandstorm\n|-damage|p1a: Ribombee|94\/100|[from] Sandstorm\n|upkeep\n|turn|5\n|\n|t:|1699910640\n|move|p2a: Gyarados|Waterfall|p1a: Ribombee\n|-damage|p1a: Ribombee|0 fnt\n|faint|p1a: Ribombee\n|\n|-weather|Sandstorm|[upkeep]\n|-damage|p2a: Gyarados|82\/100|[from] Sandstorm\n|upkeep\n|\n|t:|1699910646\n|switch|p1a: Banette|Banette, M|100\/100\n|turn|6\n|\n|t:|1699910649\n|detailschange|p1a: Banette|Banette-Mega, M\n|-mega|p1a: Banette|Banette|Banettite\n|move|p1a: Banette|Destiny Bond|p1a: Banette\n|-singlemove|p1a: Banette|Destiny Bond\n|move|p2a: Gyarados|Crunch|p1a: Banette\n|-supereffective|p1a: Banette\n|-damage|p1a: Banette|0 fnt\n|faint|p1a: Banette\n|-activate|p1a: Banette|move: Destiny Bond\n|faint|p2a: Gyarados\n|\n|-weather|none\n|upkeep\n|\n|t:|1699910660\n|switch|p2a: Torterra|Torterra, M|100\/100\n|switch|p1a: Inteleon|Inteleon, F|100\/100\n|turn|7\n|\n|t:|1699910666\n|move|p1a: Inteleon|Ice Beam|p2a: Torterra\n|-supereffective|p2a: Torterra\n|-damage|p2a: Torterra|0 fnt\n|faint|p2a: Torterra\n|\n|upkeep\n|\n|t:|1699910670\n|switch|p2a: Ribombee|Ribombee, F|100\/100\n|turn|8\n|\n|t:|1699910674\n|move|p2a: Ribombee|Sticky Web|p1a: Inteleon\n|-sidestart|p1: 2011ChevyS10Xtreme|move: Sticky Web\n|move|p1a: Inteleon|Snipe Shot|p2a: Ribombee\n|-crit|p2a: Ribombee\n|-enditem|p2a: Ribombee|Focus Sash\n|-damage|p2a: Ribombee|1\/100\n|\n|upkeep\n|turn|9\n|\n|t:|1699910676\n|move|p2a: Ribombee|Stun Spore|p1a: Inteleon\n|-status|p1a: Inteleon|par\n|move|p1a: Inteleon|Snipe Shot|p2a: Ribombee\n|-damage|p2a: Ribombee|0 fnt\n|faint|p2a: Ribombee\n|\n|upkeep\n|\n|t:|1699910679\n|switch|p2a: Arcanine|Arcanine-Hisui, F, shiny|100\/100\n|turn|10\n|\n|t:|1699910684\n|-terastallize|p2a: Arcanine|Grass\n|move|p2a: Arcanine|Tera Blast|p1a: Inteleon|[anim] Tera Blast Grass\n|-supereffective|p1a: Inteleon\n|-damage|p1a: Inteleon|0 fnt\n|faint|p1a: Inteleon\n|\n|upkeep\n|\n|t:|1699910692\n|switch|p1a: Tsareena|Tsareena, F|95\/100\n|-activate|p1a: Tsareena|move: Sticky Web\n|-unboost|p1a: Tsareena|spe|1\n|turn|11\n|\n|t:|1699910696\n|-terastallize|p1a: Tsareena|Fire\n|move|p2a: Arcanine|Flare Blitz|p1a: Tsareena\n|-resisted|p1a: Tsareena\n|-damage|p1a: Tsareena|58\/100\n|move|p1a: Tsareena|Rapid Spin|p2a: Arcanine\n|-crit|p2a: Arcanine\n|-damage|p2a: Arcanine|67\/100\n|-boost|p1a: Tsareena|spe|1\n|-sideend|p1: 2011ChevyS10Xtreme|Sticky Web|[from] move: Rapid Spin|[of] p1a: Tsareena\n|\n|upkeep\n|turn|12\n|\n|t:|1699910706\n|switch|p1a: Tyranitar|Tyranitar, F|88\/100\n|-weather|Sandstorm|[from] ability: Sand Stream|[of] p1a: Tyranitar\n|move|p2a: Arcanine|Head Smash|p1a: Tyranitar|[miss]\n|-miss|p2a: Arcanine|p1a: Tyranitar\n|-enditem|p2a: Arcanine|Blunder Policy\n|-boost|p2a: Arcanine|spe|2\n|\n|-weather|Sandstorm|[upkeep]\n|-damage|p2a: Arcanine|61\/100|[from] Sandstorm\n|upkeep\n|turn|13\n|\n|t:|1699910713\n|move|p2a: Arcanine|Close Combat|p1a: Tyranitar\n|-supereffective|p1a: Tyranitar\n|-damage|p1a: Tyranitar|0 fnt\n|-unboost|p2a: Arcanine|def|1\n|-unboost|p2a: Arcanine|spd|1\n|faint|p1a: Tyranitar\n|\n|-weather|Sandstorm|[upkeep]\n|-damage|p2a: Arcanine|55\/100|[from] Sandstorm\n|upkeep\n|\n|t:|1699910721\n|switch|p1a: Zeraora|Zeraora|100\/100\n|turn|14\n|\n|t:|1699910730\n|move|p2a: Arcanine|Head Smash|p1a: Zeraora\n|-damage|p1a: Zeraora|0 fnt\n|faint|p1a: Zeraora\n|\n|-weather|Sandstorm|[upkeep]\n|-damage|p2a: Arcanine|49\/100|[from] Sandstorm\n|upkeep\n|\n|t:|1699910732\n|switch|p1a: Tsareena|Tsareena, F, tera:Fire|58\/100\n|turn|15\n|\n|t:|1699910738\n|move|p2a: Arcanine|Head Smash|p1a: Tsareena|[miss]\n|-miss|p2a: Arcanine|p1a: Tsareena\n|move|p1a: Tsareena|Tera Blast|p2a: Arcanine|[anim] Tera Blast Fire\n|-supereffective|p2a: Arcanine\n|-crit|p2a: Arcanine\n|-damage|p2a: Arcanine|0 fnt\n|faint|p2a: Arcanine\n|\n|-weather|Sandstorm|[upkeep]\n|-damage|p1a: Tsareena|52\/100|[from] Sandstorm\n|upkeep\n|\n|t:|1699910740\n|switch|p2a: Muk|Muk-Alola, F, shiny|100\/100\n|turn|16\n|\n|t:|1699910743\n|move|p1a: Tsareena|Tera Blast|p2a: Muk|[anim] Tera Blast Fire\n|-crit|p2a: Muk\n|-damage|p2a: Muk|35\/100\n|move|p2a: Muk|Knock Off|p1a: Tsareena\n|-damage|p1a: Tsareena|0 fnt\n|-enditem|p1a: Tsareena|Choice Scarf|[from] move: Knock Off|[of] p2a: Muk\n|faint|p1a: Tsareena\n|\n|win|Theadonia\n|raw|2011ChevyS10Xtreme's rating: 1159 &rarr; <strong>1137<\/strong><br \/>(-22 for losing)\n|raw|Theadonia's rating: 1198 &rarr; <strong>1220<\/strong><br \/>(+22 for winning)\n|l|\u26062011ChevyS10Xtreme\n","uploadtime":1699910757,"views":4,"p1id":"2011chevys10xtreme","p2id":"theadonia","formatid":"gen9nationaldex","rating":1137,"private":0,"password":""}