{"id":"gen9nationaldex-1988707868","p1":"rimm099._","p2":"Skye32","format":"[Gen 9] National Dex","log":"|j|\u2606rimm099._\n|j|\u2606Skye32\n|t:|1699753179\n|gametype|singles\n|player|p1|rimm099._|265|\n|player|p2|Skye32|170|\n|teamsize|p1|6\n|teamsize|p2|6\n|gen|9\n|tier|[Gen 9] National Dex\n|rule|HP Percentage Mod: HP is shown in percentages\n|rule|Endless Battle Clause: Forcing endless battles is banned\n|rule|OHKO Clause: OHKO moves are banned\n|rule|Evasion Clause: Evasion abilities, items, and moves are banned\n|rule|Evasion Abilities Clause: Evasion abilities are banned\n|rule|Evasion Items Clause: Evasion items are banned\n|rule|Evasion Moves Clause: Evasion moves are banned\n|rule|Species Clause: Limit one of each Pok\u00e9mon\n|rule|Sleep Clause Mod: Limit one foe put to sleep\n|clearpoke\n|poke|p1|Torkoal, M|\n|poke|p1|Iron Moth|\n|poke|p1|Great Tusk|\n|poke|p1|Charizard, F|\n|poke|p1|Whimsicott, F|\n|poke|p1|Skeledirge, M|\n|poke|p2|Pinsir, M|\n|poke|p2|Volcarona, M|\n|poke|p2|Ribombee, F|\n|poke|p2|Galvantula, F|\n|poke|p2|Kleavor, M|\n|poke|p2|Scizor, M|\n|teampreview\n|\n|t:|1699753193\n|start\n|switch|p1a: ninja turtle|Torkoal, M|100\/100\n|switch|p2a: Ribombee|Ribombee, F|100\/100\n|-weather|SunnyDay|[from] ability: Drought|[of] p1a: ninja turtle\n|turn|1\n|\n|t:|1699753199\n|move|p2a: Ribombee|Sticky Web|p1a: ninja turtle\n|-sidestart|p1: rimm099._|move: Sticky Web\n|move|p1a: ninja turtle|Stealth Rock|p2a: Ribombee\n|-sidestart|p2: Skye32|move: Stealth Rock\n|\n|-weather|SunnyDay|[upkeep]\n|upkeep\n|turn|2\n|\n|t:|1699753213\n|switch|p2a: Volcarona|Volcarona, M|100\/100\n|move|p1a: ninja turtle|Rapid Spin|p2a: Volcarona\n|-damage|p2a: Volcarona|86\/100\n|-boost|p1a: ninja turtle|spe|1\n|-sideend|p1: rimm099._|Sticky Web|[from] move: Rapid Spin|[of] p1a: ninja turtle\n|\n|-weather|SunnyDay|[upkeep]\n|upkeep\n|turn|3\n|\n|t:|1699753221\n|move|p2a: Volcarona|Quiver Dance|p2a: Volcarona\n|-boost|p2a: Volcarona|spa|1\n|-boost|p2a: Volcarona|spd|1\n|-boost|p2a: Volcarona|spe|1\n|move|p1a: ninja turtle|Clear Smog|p2a: Volcarona\n|-damage|p2a: Volcarona|80\/100\n|-clearboost|p2a: Volcarona\n|\n|-weather|SunnyDay|[upkeep]\n|upkeep\n|turn|4\n|\n|t:|1699753230\n|switch|p1a: Skeledirge|Skeledirge, M|100\/100\n|move|p2a: Volcarona|Quiver Dance|p2a: Volcarona\n|-boost|p2a: Volcarona|spa|1\n|-boost|p2a: Volcarona|spd|1\n|-boost|p2a: Volcarona|spe|1\n|\n|-weather|SunnyDay|[upkeep]\n|upkeep\n|turn|5\n|\n|t:|1699753234\n|move|p2a: Volcarona|Psychic|p1a: Skeledirge\n|-damage|p1a: Skeledirge|60\/100\n|-unboost|p1a: Skeledirge|spd|1\n|move|p1a: Skeledirge|Torch Song|p2a: Volcarona\n|-damage|p2a: Volcarona|26\/100\n|-boost|p1a: Skeledirge|spa|1\n|\n|-weather|SunnyDay|[upkeep]\n|-heal|p1a: Skeledirge|66\/100|[from] item: Leftovers\n|upkeep\n|turn|6\n|\n|t:|1699753249\n|move|p2a: Volcarona|Psychic|p1a: Skeledirge\n|-damage|p1a: Skeledirge|11\/100\n|move|p1a: Skeledirge|Torch Song|p2a: Volcarona\n|-damage|p2a: Volcarona|0 fnt\n|-boost|p1a: Skeledirge|spa|1\n|faint|p2a: Volcarona\n|\n|-weather|SunnyDay|[upkeep]\n|-heal|p1a: Skeledirge|17\/100|[from] item: Leftovers\n|upkeep\n|\n|t:|1699753266\n|switch|p2a: Pinsir|Pinsir, M|100\/100\n|-damage|p2a: Pinsir|76\/100|[from] Stealth Rock\n|turn|7\n|\n|t:|1699753274\n|detailschange|p2a: Pinsir|Pinsir-Mega, M\n|-mega|p2a: Pinsir|Pinsir|Pinsirite\n|move|p2a: Pinsir|Earthquake|p1a: Skeledirge\n|-supereffective|p1a: Skeledirge\n|-damage|p1a: Skeledirge|0 fnt\n|faint|p1a: Skeledirge\n|\n|-weather|SunnyDay|[upkeep]\n|upkeep\n|\n|t:|1699753290\n|switch|p1a: Iron Moth|Iron Moth|100\/100\n|-enditem|p1a: Iron Moth|Booster Energy\n|-activate|p1a: Iron Moth|ability: Quark Drive|[fromitem]\n|-start|p1a: Iron Moth|quarkdrivespa\n|turn|8\n|\n|t:|1699753299\n|move|p1a: Iron Moth|Fiery Dance|p2a: Pinsir\n|-supereffective|p2a: Pinsir\n|-damage|p2a: Pinsir|0 fnt\n|faint|p2a: Pinsir\n|\n|-weather|none\n|upkeep\n|\n|t:|1699753303\n|switch|p2a: Kleavor|Kleavor, M|100\/100\n|-damage|p2a: Kleavor|76\/100|[from] Stealth Rock\n|turn|9\n|\n|t:|1699753313\n|-terastallize|p2a: Kleavor|Rock\n|move|p2a: Kleavor|Stone Axe|p1a: Iron Moth\n|-supereffective|p1a: Iron Moth\n|-damage|p1a: Iron Moth|0 fnt\n|-sidestart|p1: rimm099._|move: Stealth Rock\n|faint|p1a: Iron Moth\n|-end|p1a: Iron Moth|Quark Drive|[silent]\n|\n|upkeep\n|\n|t:|1699753316\n|switch|p1a: ninja turtle|Torkoal, M|100\/100\n|-damage|p1a: ninja turtle|75\/100|[from] Stealth Rock\n|-weather|SunnyDay|[from] ability: Drought|[of] p1a: ninja turtle\n|turn|10\n|\n|t:|1699753324\n|move|p2a: Kleavor|Stone Axe|p1a: ninja turtle\n|-supereffective|p1a: ninja turtle\n|-damage|p1a: ninja turtle|0 fnt\n|faint|p1a: ninja turtle\n|\n|-weather|SunnyDay|[upkeep]\n|upkeep\n|\n|t:|1699753342\n|switch|p1a: Great Tusk|Great Tusk|100\/100\n|-damage|p1a: Great Tusk|98\/100|[from] Stealth Rock\n|-activate|p1a: Great Tusk|ability: Protosynthesis\n|-start|p1a: Great Tusk|protosynthesisatk\n|turn|11\n|\n|t:|1699753357\n|switch|p2a: Scizor|Scizor, M|100\/100\n|-damage|p2a: Scizor|88\/100|[from] Stealth Rock\n|move|p1a: Great Tusk|Ice Spinner|p2a: Scizor\n|-resisted|p2a: Scizor\n|-damage|p2a: Scizor|71\/100\n|\n|-weather|SunnyDay|[upkeep]\n|upkeep\n|turn|12\n|\n|t:|1699753388\n|move|p2a: Scizor|Bullet Punch|p1a: Great Tusk\n|-damage|p1a: Great Tusk|65\/100\n|-damage|p2a: Scizor|61\/100|[from] item: Life Orb\n|move|p1a: Great Tusk|Headlong Rush|p2a: Scizor\n|-damage|p2a: Scizor|0 fnt\n|-unboost|p1a: Great Tusk|def|1\n|-unboost|p1a: Great Tusk|spd|1\n|faint|p2a: Scizor\n|\n|-weather|SunnyDay|[upkeep]\n|upkeep\n|\n|t:|1699753396\n|switch|p2a: Galvantula|Galvantula, F|100\/100\n|turn|13\n|\n|t:|1699753405\n|move|p2a: Galvantula|Energy Ball|p1a: Great Tusk\n|-supereffective|p1a: Great Tusk\n|-damage|p1a: Great Tusk|0 fnt\n|faint|p1a: Great Tusk\n|-end|p1a: Great Tusk|Protosynthesis|[silent]\n|\n|-weather|SunnyDay|[upkeep]\n|upkeep\n|\n|t:|1699753411\n|switch|p1a: Charizard|Charizard, F|100\/100\n|-damage|p1a: Charizard|51\/100|[from] Stealth Rock\n|turn|14\n|\n|t:|1699753420\n|detailschange|p1a: Charizard|Charizard-Mega-X, F\n|-mega|p1a: Charizard|Charizard|Charizardite X\n|move|p1a: Charizard|Roost|p1a: Charizard\n|-heal|p1a: Charizard|100\/100\n|-singleturn|p1a: Charizard|move: Roost\n|move|p2a: Galvantula|Thunder|p1a: Charizard\n|-resisted|p1a: Charizard\n|-damage|p1a: Charizard|66\/100\n|-status|p1a: Charizard|par\n|\n|-weather|SunnyDay|[upkeep]\n|upkeep\n|turn|15\n|\n|t:|1699753431\n|move|p2a: Galvantula|Thunder|p1a: Charizard|[miss]\n|-miss|p2a: Galvantula|p1a: Charizard\n|move|p1a: Charizard|Blaze Kick|p2a: Galvantula\n|-supereffective|p2a: Galvantula\n|-damage|p2a: Galvantula|0 fnt\n|faint|p2a: Galvantula\n|\n|-weather|SunnyDay|[upkeep]\n|upkeep\n|\n|t:|1699753435\n|switch|p2a: Kleavor|Kleavor, M, tera:Rock|76\/100\n|-damage|p2a: Kleavor|63\/100|[from] Stealth Rock\n|turn|16\n|\n|t:|1699753442\n|move|p2a: Kleavor|Stone Axe|p1a: Charizard\n|-supereffective|p1a: Charizard\n|-damage|p1a: Charizard|0 fnt\n|faint|p1a: Charizard\n|\n|-weather|SunnyDay|[upkeep]\n|upkeep\n|\n|t:|1699753443\n|switch|p1a: Whimsicott|Whimsicott, F, shiny|100\/100\n|-damage|p1a: Whimsicott|88\/100|[from] Stealth Rock\n|turn|17\n|\n|t:|1699753451\n|move|p1a: Whimsicott|Moonblast|p2a: Kleavor\n|-damage|p2a: Kleavor|3\/100\n|move|p2a: Kleavor|Stone Axe|p1a: Whimsicott\n|-damage|p1a: Whimsicott|0 fnt\n|faint|p1a: Whimsicott\n|\n|win|Skye32\n|c|\u2606rimm099._|gg\n","uploadtime":1699753459,"views":15,"p1id":"rimm099","p2id":"skye32","formatid":"gen9nationaldex","rating":0,"private":0,"password":""}