{"id":"gen9nationaldex-1993971191","p1":"As cheu","p2":"baigu","format":"[Gen 9] National Dex","log":"|j|\u2606As cheu\n|j|\u2606baigu\n|t:|1700385552\n|gametype|singles\n|player|p1|As cheu|officeworker|1670\n|player|p2|baigu|dawn-gen4pt|1813\n|teamsize|p1|6\n|teamsize|p2|6\n|gen|9\n|tier|[Gen 9] National Dex\n|rated|\n|rule|HP Percentage Mod: HP is shown in percentages\n|rule|Endless Battle Clause: Forcing endless battles is banned\n|rule|OHKO Clause: OHKO moves are banned\n|rule|Evasion Clause: Evasion abilities, items, and moves are banned\n|rule|Evasion Abilities Clause: Evasion abilities are banned\n|rule|Evasion Items Clause: Evasion items are banned\n|rule|Evasion Moves Clause: Evasion moves are banned\n|rule|Species Clause: Limit one of each Pok\u00e9mon\n|rule|Sleep Clause Mod: Limit one foe put to sleep\n|clearpoke\n|poke|p1|Cloyster, M|\n|poke|p1|Umbreon, F|\n|poke|p1|Gardevoir, F|\n|poke|p1|Forretress, M|\n|poke|p1|Thundurus-Therian, M|\n|poke|p1|Sneasler, M|\n|poke|p2|Ursaluna, M|\n|poke|p2|Dragonite, M|\n|poke|p2|Slowking, F|\n|poke|p2|Tapu Koko|\n|poke|p2|Hoopa-Unbound|\n|poke|p2|Great Tusk|\n|teampreview\n|inactive|Battle timer is ON: inactive players will automatically lose when time's up. (requested by As cheu)\n|\n|t:|1700385566\n|start\n|switch|p1a: Sneasler|Sneasler, M|100\/100\n|switch|p2a: Great Tusk|Great Tusk|100\/100\n|turn|1\n|\n|t:|1700385568\n|move|p1a: Sneasler|U-turn|p2a: Great Tusk\n|-resisted|p2a: Great Tusk\n|-damage|p2a: Great Tusk|94\/100\n|\n|t:|1700385573\n|switch|p1a: Forretress|Forretress, M|100\/100|[from] U-turn\n|move|p2a: Great Tusk|Stealth Rock|p1a: Forretress\n|-sidestart|p1: As cheu|move: Stealth Rock\n|\n|upkeep\n|turn|2\n|\n|t:|1700385580\n|-end|p2a: Great Tusk|Protosynthesis|[silent]\n|switch|p2a: Dragonite|Dragonite, M|100\/100\n|move|p1a: Forretress|Stealth Rock|p2a: Dragonite\n|-sidestart|p2: baigu|move: Stealth Rock\n|\n|upkeep\n|turn|3\n|j| xuxiansheng\n|\n|t:|1700385592\n|-terastallize|p1a: Forretress|Fire\n|move|p2a: Dragonite|Fire Punch|p1a: Forretress\n|-resisted|p1a: Forretress\n|-damage|p1a: Forretress|86\/100\n|-damage|p2a: Dragonite|84\/100|[from] item: Rocky Helmet|[of] p1a: Forretress\n|move|p1a: Forretress|Toxic|p2a: Dragonite|[miss]\n|-miss|p1a: Forretress|p2a: Dragonite\n|\n|upkeep\n|turn|4\n|\n|t:|1700385597\n|switch|p2a: Ursaluna|Ursaluna, M|100\/100\n|-damage|p2a: Ursaluna|94\/100|[from] Stealth Rock\n|move|p1a: Forretress|Toxic|p2a: Ursaluna\n|-status|p2a: Ursaluna|tox\n|\n|-damage|p2a: Ursaluna|88\/100 tox|[from] psn\n|upkeep\n|turn|5\n|\n|t:|1700385613\n|move|p2a: Ursaluna|Facade|p1a: Forretress\n|-damage|p1a: Forretress|14\/100\n|-damage|p2a: Ursaluna|71\/100 tox|[from] item: Rocky Helmet|[of] p1a: Forretress\n|move|p1a: Forretress|Rapid Spin|p2a: Ursaluna\n|-damage|p2a: Ursaluna|65\/100 tox\n|-boost|p1a: Forretress|spe|1\n|-sideend|p1: As cheu|Stealth Rock|[from] move: Rapid Spin|[of] p1a: Forretress\n|\n|-damage|p2a: Ursaluna|52\/100 tox|[from] psn\n|upkeep\n|turn|6\n|\n|t:|1700385622\n|move|p1a: Forretress|Rapid Spin|p2a: Ursaluna\n|-damage|p2a: Ursaluna|44\/100 tox\n|-boost|p1a: Forretress|spe|1\n|move|p2a: Ursaluna|Facade|p1a: Forretress\n|-damage|p1a: Forretress|0 fnt\n|-damage|p2a: Ursaluna|28\/100 tox|[from] item: Rocky Helmet|[of] p1a: Forretress\n|faint|p1a: Forretress\n|\n|-damage|p2a: Ursaluna|9\/100 tox|[from] psn\n|upkeep\n|\n|t:|1700385632\n|switch|p1a: Sneasler|Sneasler, M|100\/100\n|turn|7\n|\n|t:|1700385639\n|switch|p2a: Great Tusk|Great Tusk|94\/100\n|move|p1a: Sneasler|U-turn|p2a: Great Tusk\n|-resisted|p2a: Great Tusk\n|-damage|p2a: Great Tusk|86\/100\n|\n|t:|1700385645\n|switch|p1a: \u9b3c\u65af|Cloyster, M|100\/100|[from] U-turn\n|\n|upkeep\n|turn|8\n|\n|t:|1700385650\n|-terastallize|p2a: Great Tusk|Steel\n|move|p1a: \u9b3c\u65af|Icicle Spear|p2a: Great Tusk\n|-resisted|p2a: Great Tusk\n|-damage|p2a: Great Tusk|82\/100\n|-resisted|p2a: Great Tusk\n|-damage|p2a: Great Tusk|79\/100\n|-resisted|p2a: Great Tusk\n|-damage|p2a: Great Tusk|75\/100\n|-resisted|p2a: Great Tusk\n|-damage|p2a: Great Tusk|71\/100\n|-resisted|p2a: Great Tusk\n|-damage|p2a: Great Tusk|68\/100\n|-hitcount|p2a: Great Tusk|5\n|move|p2a: Great Tusk|Rapid Spin|p1a: \u9b3c\u65af\n|-damage|p1a: \u9b3c\u65af|83\/100\n|-boost|p2a: Great Tusk|spe|1\n|-sideend|p2: baigu|Stealth Rock|[from] move: Rapid Spin|[of] p2a: Great Tusk\n|\n|upkeep\n|turn|9\n|\n|t:|1700385660\n|move|p2a: Great Tusk|Stealth Rock|p1a: \u9b3c\u65af\n|-sidestart|p1: As cheu|move: Stealth Rock\n|move|p1a: \u9b3c\u65af|Shell Smash|p1a: \u9b3c\u65af\n|-unboost|p1a: \u9b3c\u65af|def|1\n|-unboost|p1a: \u9b3c\u65af|spd|1\n|-boost|p1a: \u9b3c\u65af|atk|2\n|-boost|p1a: \u9b3c\u65af|spa|2\n|-boost|p1a: \u9b3c\u65af|spe|2\n|\n|upkeep\n|turn|10\n|\n|t:|1700385664\n|move|p1a: \u9b3c\u65af|Waterfall|p2a: Great Tusk\n|-damage|p2a: Great Tusk|19\/100\n|move|p2a: Great Tusk|Headlong Rush|p1a: \u9b3c\u65af\n|-damage|p1a: \u9b3c\u65af|0 fnt\n|-unboost|p2a: Great Tusk|def|1\n|-unboost|p2a: Great Tusk|spd|1\n|faint|p1a: \u9b3c\u65af\n|\n|upkeep\n|\n|t:|1700385676\n|switch|p1a: Thundurus|Thundurus-Therian, M|100\/100\n|turn|11\n|\n|t:|1700385688\n|-end|p2a: Great Tusk|Protosynthesis|[silent]\n|switch|p2a: Tapu Koko|Tapu Koko|100\/100\n|-fieldstart|move: Electric Terrain|[from] ability: Electric Surge|[of] p2a: Tapu Koko\n|move|p1a: Thundurus|Thunderbolt|p2a: Tapu Koko\n|-resisted|p2a: Tapu Koko\n|-damage|p2a: Tapu Koko|61\/100\n|\n|upkeep\n|turn|12\n|\n|t:|1700385695\n|move|p2a: Tapu Koko|Dazzling Gleam|p1a: Thundurus\n|-damage|p1a: Thundurus|30\/100\n|move|p1a: Thundurus|Thunderbolt|p2a: Tapu Koko\n|-resisted|p2a: Tapu Koko\n|-damage|p2a: Tapu Koko|24\/100\n|\n|upkeep\n|turn|13\n|\n|t:|1700385700\n|switch|p1a: Sneasler|Sneasler, M|100\/100\n|-damage|p1a: Sneasler|95\/100|[from] Stealth Rock\n|move|p2a: Tapu Koko|Dazzling Gleam|p1a: Sneasler\n|-damage|p1a: Sneasler|32\/100\n|\n|upkeep\n|turn|14\n|\n|t:|1700385708\n|switch|p2a: Slowking|Slowking, F|100\/100\n|move|p1a: Sneasler|U-turn|p2a: Slowking\n|-supereffective|p2a: Slowking\n|-damage|p2a: Slowking|48\/100\n|-status|p2a: Slowking|psn|[from] ability: Poison Touch|[of] p1a: Sneasler\n|\n|t:|1700385712\n|switch|p1a: Thundurus|Thundurus-Therian, M|30\/100|[from] U-turn\n|\n|-damage|p2a: Slowking|36\/100 psn|[from] psn\n|upkeep\n|turn|15\n|\n|t:|1700385716\n|switch|p2a: Great Tusk|Great Tusk, tera:Steel|19\/100\n|move|p1a: Thundurus|Thunderbolt|p2a: Great Tusk\n|-damage|p2a: Great Tusk|0 fnt\n|faint|p2a: Great Tusk\n|-end|p2a: Great Tusk|Protosynthesis|[silent]\n|\n|-fieldend|move: Electric Terrain\n|upkeep\n|\n|t:|1700385723\n|switch|p2a: Tapu Koko|Tapu Koko|24\/100\n|-fieldstart|move: Electric Terrain|[from] ability: Electric Surge|[of] p2a: Tapu Koko\n|turn|16\n|\n|t:|1700385726\n|move|p2a: Tapu Koko|Dazzling Gleam|p1a: Thundurus\n|-damage|p1a: Thundurus|0 fnt\n|faint|p1a: Thundurus\n|\n|upkeep\n|\n|t:|1700385729\n|switch|p1a: Sneasler|Sneasler, M|32\/100\n|-damage|p1a: Sneasler|26\/100|[from] Stealth Rock\n|turn|17\n|\n|t:|1700385736\n|switch|p2a: Dragonite|Dragonite, M|84\/100\n|move|p1a: Sneasler|Dire Claw|p2a: Dragonite\n|-damage|p2a: Dragonite|43\/100\n|\n|upkeep\n|turn|18\n|\n|t:|1700385743\n|switch|p1a: \u56e1\u56e1|Umbreon, F|100\/100\n|-damage|p1a: \u56e1\u56e1|88\/100|[from] Stealth Rock\n|move|p2a: Dragonite|Extreme Speed|p1a: \u56e1\u56e1\n|-damage|p1a: \u56e1\u56e1|62\/100\n|\n|-heal|p1a: \u56e1\u56e1|68\/100|[from] item: Leftovers\n|upkeep\n|turn|19\n|\n|t:|1700385747\n|switch|p2a: Hoopa|Hoopa-Unbound|100\/100\n|move|p1a: \u56e1\u56e1|Wish|p1a: \u56e1\u56e1\n|\n|-heal|p1a: \u56e1\u56e1|74\/100|[from] item: Leftovers\n|upkeep\n|turn|20\n|\n|t:|1700385755\n|move|p2a: Hoopa|Psychic|p1a: \u56e1\u56e1\n|-immune|p1a: \u56e1\u56e1\n|move|p1a: \u56e1\u56e1|Foul Play|p2a: Hoopa\n|-damage|p2a: Hoopa|13\/100\n|\n|-heal|p1a: \u56e1\u56e1|100\/100|[from] move: Wish|[wisher] \u56e1\u56e1\n|-fieldend|move: Electric Terrain\n|upkeep\n|turn|21\n|\n|t:|1700385761\n|move|p1a: \u56e1\u56e1|Protect|p1a: \u56e1\u56e1\n|-singleturn|p1a: \u56e1\u56e1|Protect\n|-zpower|p2a: Hoopa\n|move|p2a: Hoopa|All-Out Pummeling|p1a: \u56e1\u56e1|[zeffect]\n|-supereffective|p1a: \u56e1\u56e1\n|-zbroken|p1a: \u56e1\u56e1\n|-damage|p1a: \u56e1\u56e1|71\/100\n|\n|-heal|p1a: \u56e1\u56e1|77\/100|[from] item: Leftovers\n|upkeep\n|turn|22\n|\n|t:|1700385776\n|switch|p1a: \u88d9\u4e0b\u4e4b\u81e3|Gardevoir, F, shiny|100\/100\n|-damage|p1a: \u88d9\u4e0b\u4e4b\u81e3|88\/100|[from] Stealth Rock\n|-ability|p1a: \u88d9\u4e0b\u4e4b\u81e3|Magician|[from] ability: Trace|[of] p2a: Hoopa\n|move|p2a: Hoopa|Focus Blast|p1a: \u88d9\u4e0b\u4e4b\u81e3|[miss]\n|-miss|p2a: Hoopa|p1a: \u88d9\u4e0b\u4e4b\u81e3\n|\n|upkeep\n|turn|23\n|\n|t:|1700385783\n|switch|p2a: Slowking|Slowking, F|69\/100 psn\n|detailschange|p1a: \u88d9\u4e0b\u4e4b\u81e3|Gardevoir-Mega, F, shiny\n|-mega|p1a: \u88d9\u4e0b\u4e4b\u81e3|Gardevoir|Gardevoirite\n|move|p1a: \u88d9\u4e0b\u4e4b\u81e3|Hyper Voice|p2a: Slowking\n|-damage|p2a: Slowking|30\/100 psn\n|\n|-damage|p2a: Slowking|18\/100 psn|[from] psn\n|upkeep\n|turn|24\n|\n|t:|1700385790\n|move|p1a: \u88d9\u4e0b\u4e4b\u81e3|Hyper Voice|p2a: Slowking\n|-damage|p2a: Slowking|0 fnt\n|faint|p2a: Slowking\n|\n|upkeep\n|\n|t:|1700385792\n|switch|p2a: Tapu Koko|Tapu Koko|24\/100\n|-fieldstart|move: Electric Terrain|[from] ability: Electric Surge|[of] p2a: Tapu Koko\n|turn|25\n|\n|t:|1700385795\n|move|p2a: Tapu Koko|Volt Switch|p1a: \u88d9\u4e0b\u4e4b\u81e3\n|-damage|p1a: \u88d9\u4e0b\u4e4b\u81e3|40\/100\n|\n|t:|1700385798\n|switch|p2a: Hoopa|Hoopa-Unbound|13\/100|[from] Volt Switch\n|move|p1a: \u88d9\u4e0b\u4e4b\u81e3|Hyper Voice|p2a: Hoopa\n|-supereffective|p2a: Hoopa\n|-damage|p2a: Hoopa|0 fnt\n|faint|p2a: Hoopa\n|\n|upkeep\n|\n|t:|1700385800\n|switch|p2a: Dragonite|Dragonite, M|43\/100\n|turn|26\n|\n|t:|1700385804\n|move|p2a: Dragonite|Extreme Speed|p1a: \u88d9\u4e0b\u4e4b\u81e3\n|-damage|p1a: \u88d9\u4e0b\u4e4b\u81e3|0 fnt\n|faint|p1a: \u88d9\u4e0b\u4e4b\u81e3\n|\n|upkeep\n|\n|t:|1700385807\n|switch|p1a: \u56e1\u56e1|Umbreon, F|77\/100\n|-damage|p1a: \u56e1\u56e1|64\/100|[from] Stealth Rock\n|turn|27\n|\n|t:|1700385811\n|switch|p2a: Ursaluna|Ursaluna, M|9\/100 tox\n|move|p1a: \u56e1\u56e1|Wish|p1a: \u56e1\u56e1\n|\n|-heal|p1a: \u56e1\u56e1|70\/100|[from] item: Leftovers\n|-damage|p2a: Ursaluna|3\/100 tox|[from] psn\n|upkeep\n|turn|28\n|\n|t:|1700385814\n|move|p1a: \u56e1\u56e1|Protect|p1a: \u56e1\u56e1\n|-singleturn|p1a: \u56e1\u56e1|Protect\n|move|p2a: Ursaluna|Facade|p1a: \u56e1\u56e1\n|-activate|p1a: \u56e1\u56e1|move: Protect\n|\n|-heal|p1a: \u56e1\u56e1|100\/100|[from] move: Wish|[wisher] \u56e1\u56e1\n|-damage|p2a: Ursaluna|0 fnt|[from] psn\n|faint|p2a: Ursaluna\n|upkeep\n|\n|t:|1700385817\n|switch|p2a: Tapu Koko|Tapu Koko|24\/100\n|turn|29\n|\n|t:|1700385821\n|move|p2a: Tapu Koko|Dazzling Gleam|p1a: \u56e1\u56e1\n|-supereffective|p1a: \u56e1\u56e1\n|-crit|p1a: \u56e1\u56e1\n|-damage|p1a: \u56e1\u56e1|1\/100\n|move|p1a: \u56e1\u56e1|Foul Play|p2a: Tapu Koko\n|-resisted|p2a: Tapu Koko\n|-damage|p2a: Tapu Koko|3\/100\n|\n|-heal|p1a: \u56e1\u56e1|7\/100|[from] item: Leftovers\n|-fieldend|move: Electric Terrain\n|upkeep\n|turn|30\n|-message|As cheu forfeited.\n|\n|win|baigu\n|raw|As cheu's rating: 1670 &rarr; <strong>1658<\/strong><br \/>(-12 for losing)\n|raw|baigu's rating: 1813 &rarr; <strong>1825<\/strong><br \/>(+12 for winning)\n|l|\u2606As cheu\n","uploadtime":1700385832,"views":6,"p1id":"ascheu","p2id":"baigu","formatid":"gen9nationaldex","rating":1658,"private":0,"password":""}