{"id":"gen9nationaldex-1993447642","p1":"As cheu","p2":"baigu2","format":"[Gen 9] National Dex","log":"|j|\u2606As cheu\n|j|\u2606baigu2\n|t:|1700319107\n|gametype|singles\n|player|p1|As cheu|officeworker|1651\n|player|p2|baigu2|dawn|1747\n|teamsize|p1|6\n|teamsize|p2|6\n|gen|9\n|tier|[Gen 9] National Dex\n|rated|\n|rule|HP Percentage Mod: HP is shown in percentages\n|rule|Endless Battle Clause: Forcing endless battles is banned\n|rule|OHKO Clause: OHKO moves are banned\n|rule|Evasion Clause: Evasion abilities, items, and moves are banned\n|rule|Evasion Abilities Clause: Evasion abilities are banned\n|rule|Evasion Items Clause: Evasion items are banned\n|rule|Evasion Moves Clause: Evasion moves are banned\n|rule|Species Clause: Limit one of each Pok\u00e9mon\n|rule|Sleep Clause Mod: Limit one foe put to sleep\n|clearpoke\n|poke|p1|Cloyster, M|\n|poke|p1|Umbreon, F|\n|poke|p1|Gardevoir, F|\n|poke|p1|Forretress, M|\n|poke|p1|Thundurus-Therian, M|\n|poke|p1|Sneasler, M|\n|poke|p2|Ursaluna, F|\n|poke|p2|Dragonite, F|\n|poke|p2|Slowking, F|\n|poke|p2|Tapu Koko|\n|poke|p2|Hoopa-Unbound|\n|poke|p2|Great Tusk|\n|teampreview\n|inactive|Battle timer is ON: inactive players will automatically lose when time's up. (requested by As cheu)\n|\n|t:|1700319117\n|start\n|switch|p1a: Forretress|Forretress, M|100\/100\n|switch|p2a: Tapu Koko|Tapu Koko|100\/100\n|-fieldstart|move: Electric Terrain|[from] ability: Electric Surge|[of] p2a: Tapu Koko\n|turn|1\n|\n|t:|1700319124\n|move|p2a: Tapu Koko|Thunderbolt|p1a: Forretress\n|-damage|p1a: Forretress|10\/100\n|move|p1a: Forretress|Toxic|p2a: Tapu Koko\n|-status|p2a: Tapu Koko|tox\n|\n|-damage|p2a: Tapu Koko|94\/100 tox|[from] psn\n|upkeep\n|turn|2\n|\n|t:|1700319136\n|switch|p2a: Ursaluna|Ursaluna, F|100\/100\n|move|p1a: Forretress|Stealth Rock|p2a: Ursaluna\n|-sidestart|p2: baigu2|move: Stealth Rock\n|\n|-status|p2a: Ursaluna|brn|[from] item: Flame Orb\n|upkeep\n|turn|3\n|\n|t:|1700319140\n|move|p2a: Ursaluna|Facade|p1a: Forretress\n|-resisted|p1a: Forretress\n|-damage|p1a: Forretress|0 fnt\n|-damage|p2a: Ursaluna|84\/100 brn|[from] item: Rocky Helmet|[of] p1a: Forretress\n|faint|p1a: Forretress\n|\n|-damage|p2a: Ursaluna|78\/100 brn|[from] brn\n|upkeep\n|\n|t:|1700319143\n|switch|p1a: Sneasler|Sneasler, M|100\/100\n|turn|4\n|\n|t:|1700319147\n|switch|p2a: Great Tusk|Great Tusk|100\/100\n|move|p1a: Sneasler|U-turn|p2a: Great Tusk\n|-resisted|p2a: Great Tusk\n|-damage|p2a: Great Tusk|92\/100\n|-status|p2a: Great Tusk|psn|[from] ability: Poison Touch|[of] p1a: Sneasler\n|\n|t:|1700319162\n|switch|p1a: \u88d9\u4e0b\u4e4b\u81e3|Gardevoir, F, shiny|100\/100|[from] U-turn\n|\n|-damage|p2a: Great Tusk|80\/100 psn|[from] psn\n|upkeep\n|turn|5\n|\n|t:|1700319168\n|-end|p2a: Great Tusk|Protosynthesis|[silent]\n|switch|p2a: Slowking|Slowking, F|100\/100\n|-ability|p1a: \u88d9\u4e0b\u4e4b\u81e3|Regenerator|[from] ability: Trace|[of] p2a: Slowking\n|detailschange|p1a: \u88d9\u4e0b\u4e4b\u81e3|Gardevoir-Mega, F, shiny\n|-mega|p1a: \u88d9\u4e0b\u4e4b\u81e3|Gardevoir|Gardevoirite\n|move|p1a: \u88d9\u4e0b\u4e4b\u81e3|Hyper Voice|p2a: Slowking\n|-damage|p2a: Slowking|66\/100\n|\n|-fieldend|move: Electric Terrain\n|upkeep\n|turn|6\n|\n|t:|1700319177\n|move|p1a: \u88d9\u4e0b\u4e4b\u81e3|Calm Mind|p1a: \u88d9\u4e0b\u4e4b\u81e3\n|-boost|p1a: \u88d9\u4e0b\u4e4b\u81e3|spa|1\n|-boost|p1a: \u88d9\u4e0b\u4e4b\u81e3|spd|1\n|move|p2a: Slowking|Slack Off|p2a: Slowking\n|-heal|p2a: Slowking|100\/100\n|\n|upkeep\n|turn|7\n|\n|t:|1700319182\n|move|p1a: \u88d9\u4e0b\u4e4b\u81e3|Hyper Voice|p2a: Slowking\n|-damage|p2a: Slowking|46\/100\n|move|p2a: Slowking|Trick Room|p2a: Slowking\n|-fieldstart|move: Trick Room|[of] p2a: Slowking\n|\n|upkeep\n|turn|8\n|\n|t:|1700319191\n|switch|p2a: Hoopa|Hoopa-Unbound|100\/100\n|-damage|p2a: Hoopa|88\/100|[from] Stealth Rock\n|move|p1a: \u88d9\u4e0b\u4e4b\u81e3|Hyper Voice|p2a: Hoopa\n|-supereffective|p2a: Hoopa\n|-damage|p2a: Hoopa|0 fnt\n|faint|p2a: Hoopa\n|\n|upkeep\n|\n|t:|1700319193\n|switch|p2a: Ursaluna|Ursaluna, F|78\/100 brn\n|-damage|p2a: Ursaluna|71\/100 brn|[from] Stealth Rock\n|turn|9\n|\n|t:|1700319216\n|switch|p1a: Thundurus|Thundurus-Therian, M|100\/100\n|move|p2a: Ursaluna|Facade|p1a: Thundurus\n|-damage|p1a: Thundurus|0 fnt\n|faint|p1a: Thundurus\n|\n|-damage|p2a: Ursaluna|65\/100 brn|[from] brn\n|upkeep\n|\n|t:|1700319222\n|switch|p1a: \u9b3c\u65af|Cloyster, M|100\/100\n|turn|10\n|\n|t:|1700319228\n|move|p2a: Ursaluna|Facade|p1a: \u9b3c\u65af\n|-enditem|p1a: \u9b3c\u65af|Focus Sash\n|-damage|p1a: \u9b3c\u65af|1\/100\n|move|p1a: \u9b3c\u65af|Icicle Spear|p2a: Ursaluna\n|-supereffective|p2a: Ursaluna\n|-damage|p2a: Ursaluna|48\/100 brn\n|-supereffective|p2a: Ursaluna\n|-damage|p2a: Ursaluna|31\/100 brn\n|-supereffective|p2a: Ursaluna\n|-damage|p2a: Ursaluna|14\/100 brn\n|-supereffective|p2a: Ursaluna\n|-damage|p2a: Ursaluna|0 fnt\n|faint|p2a: Ursaluna\n|-hitcount|p2: Ursaluna|4\n|\n|upkeep\n|\n|t:|1700319235\n|switch|p2a: Slowking|Slowking, F|79\/100\n|turn|11\n|\n|t:|1700319244\n|switch|p1a: \u56e1\u56e1|Umbreon, F|100\/100\n|move|p2a: Slowking|Scald|p1a: \u56e1\u56e1\n|-damage|p1a: \u56e1\u56e1|82\/100\n|\n|-heal|p1a: \u56e1\u56e1|88\/100|[from] item: Leftovers\n|-fieldend|move: Trick Room\n|upkeep\n|turn|12\n|\n|t:|1700319250\n|switch|p1a: \u88d9\u4e0b\u4e4b\u81e3|Gardevoir-Mega, F, shiny|100\/100\n|move|p2a: Slowking|Teleport|p2a: Slowking\n|\n|t:|1700319255\n|switch|p2a: Tapu Koko|Tapu Koko|94\/100 tox|[from] Teleport\n|-damage|p2a: Tapu Koko|82\/100 tox|[from] Stealth Rock\n|-fieldstart|move: Electric Terrain|[from] ability: Electric Surge|[of] p2a: Tapu Koko\n|\n|-damage|p2a: Tapu Koko|76\/100 tox|[from] psn\n|upkeep\n|turn|13\n|\n|t:|1700319261\n|switch|p1a: \u9b3c\u65af|Cloyster, M|1\/100\n|move|p2a: Tapu Koko|Thunderbolt|p1a: \u9b3c\u65af\n|-supereffective|p1a: \u9b3c\u65af\n|-damage|p1a: \u9b3c\u65af|0 fnt\n|faint|p1a: \u9b3c\u65af\n|\n|-damage|p2a: Tapu Koko|64\/100 tox|[from] psn\n|upkeep\n|\n|t:|1700319268\n|switch|p1a: Sneasler|Sneasler, M|100\/100\n|turn|14\n|\n|t:|1700319272\n|move|p1a: Sneasler|Dire Claw|p2a: Tapu Koko\n|-supereffective|p2a: Tapu Koko\n|-damage|p2a: Tapu Koko|0 fnt\n|faint|p2a: Tapu Koko\n|\n|upkeep\n|\n|t:|1700319274\n|switch|p2a: Great Tusk|Great Tusk|80\/100 psn\n|turn|15\n|\n|t:|1700319279\n|switch|p1a: \u56e1\u56e1|Umbreon, F|88\/100\n|move|p2a: Great Tusk|Rapid Spin|p1a: \u56e1\u56e1\n|-damage|p1a: \u56e1\u56e1|76\/100\n|-boost|p2a: Great Tusk|spe|1\n|-sideend|p2: baigu2|Stealth Rock|[from] move: Rapid Spin|[of] p2a: Great Tusk\n|\n|-heal|p1a: \u56e1\u56e1|82\/100|[from] item: Leftovers\n|-damage|p2a: Great Tusk|68\/100 psn|[from] psn\n|upkeep\n|turn|16\n|\n|t:|1700319282\n|move|p1a: \u56e1\u56e1|Protect|p1a: \u56e1\u56e1\n|-singleturn|p1a: \u56e1\u56e1|Protect\n|move|p2a: Great Tusk|Stealth Rock|p1a: \u56e1\u56e1\n|-sidestart|p1: As cheu|move: Stealth Rock\n|\n|-heal|p1a: \u56e1\u56e1|88\/100|[from] item: Leftovers\n|-damage|p2a: Great Tusk|55\/100 psn|[from] psn\n|-fieldend|move: Electric Terrain\n|upkeep\n|turn|17\n|\n|t:|1700319287\n|move|p2a: Great Tusk|Headlong Rush|p1a: \u56e1\u56e1\n|-damage|p1a: \u56e1\u56e1|48\/100\n|-unboost|p2a: Great Tusk|def|1\n|-unboost|p2a: Great Tusk|spd|1\n|move|p1a: \u56e1\u56e1|Wish|p1a: \u56e1\u56e1\n|\n|-heal|p1a: \u56e1\u56e1|54\/100|[from] item: Leftovers\n|-damage|p2a: Great Tusk|43\/100 psn|[from] psn\n|upkeep\n|turn|18\n|\n|t:|1700319295\n|-end|p2a: Great Tusk|Protosynthesis|[silent]\n|switch|p2a: Slowking|Slowking, F|100\/100\n|move|p1a: \u56e1\u56e1|Foul Play|p2a: Slowking\n|-supereffective|p2a: Slowking\n|-damage|p2a: Slowking|54\/100\n|\n|-heal|p1a: \u56e1\u56e1|100\/100|[from] move: Wish|[wisher] \u56e1\u56e1\n|upkeep\n|turn|19\n|\n|t:|1700319302\n|move|p1a: \u56e1\u56e1|Wish|p1a: \u56e1\u56e1\n|move|p2a: Slowking|Slack Off|p2a: Slowking\n|-heal|p2a: Slowking|100\/100\n|\n|upkeep\n|turn|20\n|\n|t:|1700319309\n|move|p1a: \u56e1\u56e1|Foul Play|p2a: Slowking\n|-supereffective|p2a: Slowking\n|-damage|p2a: Slowking|58\/100\n|move|p2a: Slowking|Teleport|p2a: Slowking\n|\n|t:|1700319313\n|switch|p2a: Dragonite|Dragonite, F|100\/100|[from] Teleport\n|\n|upkeep\n|turn|21\n|\n|t:|1700319321\n|switch|p2a: Slowking|Slowking, F|91\/100\n|move|p1a: \u56e1\u56e1|Foul Play|p2a: Slowking\n|-supereffective|p2a: Slowking\n|-damage|p2a: Slowking|48\/100\n|\n|upkeep\n|turn|22\n|\n|t:|1700319324\n|move|p1a: \u56e1\u56e1|Foul Play|p2a: Slowking\n|-supereffective|p2a: Slowking\n|-damage|p2a: Slowking|2\/100\n|move|p2a: Slowking|Slack Off|p2a: Slowking\n|-heal|p2a: Slowking|52\/100\n|\n|upkeep\n|turn|23\n|\n|t:|1700319330\n|switch|p2a: Great Tusk|Great Tusk|43\/100 psn\n|move|p1a: \u56e1\u56e1|Foul Play|p2a: Great Tusk\n|-resisted|p2a: Great Tusk\n|-damage|p2a: Great Tusk|25\/100 psn\n|\n|-damage|p2a: Great Tusk|12\/100 psn|[from] psn\n|upkeep\n|turn|24\n|\n|t:|1700319337\n|move|p1a: \u56e1\u56e1|Protect|p1a: \u56e1\u56e1\n|-singleturn|p1a: \u56e1\u56e1|Protect\n|move|p2a: Great Tusk|Headlong Rush|p1a: \u56e1\u56e1\n|-activate|p1a: \u56e1\u56e1|move: Protect\n|\n|-damage|p2a: Great Tusk|0 fnt|[from] psn\n|faint|p2a: Great Tusk\n|-end|p2a: Great Tusk|Protosynthesis|[silent]\n|upkeep\n|\n|t:|1700319341\n|switch|p2a: Dragonite|Dragonite, F|100\/100\n|turn|25\n|\n|t:|1700319350\n|move|p2a: Dragonite|Dual Wingbeat|p1a: \u56e1\u56e1\n|-damage|p1a: \u56e1\u56e1|81\/100\n|-damage|p1a: \u56e1\u56e1|61\/100\n|-hitcount|p1a: \u56e1\u56e1|2\n|move|p1a: \u56e1\u56e1|Foul Play|p2a: Dragonite\n|-damage|p2a: Dragonite|74\/100\n|\n|-heal|p1a: \u56e1\u56e1|67\/100|[from] item: Leftovers\n|upkeep\n|turn|26\n|\n|t:|1700319360\n|move|p1a: \u56e1\u56e1|Protect|p1a: \u56e1\u56e1\n|-singleturn|p1a: \u56e1\u56e1|Protect\n|move|p2a: Dragonite|Dual Wingbeat|p1a: \u56e1\u56e1\n|-activate|p1a: \u56e1\u56e1|move: Protect\n|\n|-heal|p1a: \u56e1\u56e1|73\/100|[from] item: Leftovers\n|upkeep\n|turn|27\n|\n|t:|1700319368\n|move|p2a: Dragonite|Dual Wingbeat|p1a: \u56e1\u56e1\n|-damage|p1a: \u56e1\u56e1|53\/100\n|-damage|p1a: \u56e1\u56e1|31\/100\n|-hitcount|p1a: \u56e1\u56e1|2\n|move|p1a: \u56e1\u56e1|Wish|p1a: \u56e1\u56e1\n|\n|-heal|p1a: \u56e1\u56e1|37\/100|[from] item: Leftovers\n|upkeep\n|turn|28\n|\n|t:|1700319376\n|switch|p2a: Slowking|Slowking, F|86\/100\n|move|p1a: \u56e1\u56e1|Protect||[still]\n|-fail|p1a: \u56e1\u56e1\n|\n|-heal|p1a: \u56e1\u56e1|87\/100|[from] move: Wish|[wisher] \u56e1\u56e1\n|-heal|p1a: \u56e1\u56e1|93\/100|[from] item: Leftovers\n|upkeep\n|turn|29\n|\n|t:|1700319381\n|move|p1a: \u56e1\u56e1|Foul Play|p2a: Slowking\n|-supereffective|p2a: Slowking\n|-damage|p2a: Slowking|39\/100\n|move|p2a: Slowking|Scald|p1a: \u56e1\u56e1\n|-damage|p1a: \u56e1\u56e1|75\/100\n|-status|p1a: \u56e1\u56e1|brn\n|-activate|p1a: \u56e1\u56e1|ability: Synchronize\n|-status|p2a: Slowking|brn\n|\n|-heal|p1a: \u56e1\u56e1|81\/100 brn|[from] item: Leftovers\n|-damage|p1a: \u56e1\u56e1|75\/100 brn|[from] brn\n|-damage|p2a: Slowking|33\/100 brn|[from] brn\n|upkeep\n|turn|30\n|\n|t:|1700319388\n|move|p1a: \u56e1\u56e1|Heal Bell|p1a: \u56e1\u56e1\n|-activate|p1a: \u56e1\u56e1|move: Heal Bell\n|-curestatus|p1a: \u56e1\u56e1|brn|[msg]\n|move|p2a: Slowking|Slack Off|p2a: Slowking\n|-heal|p2a: Slowking|83\/100 brn\n|\n|-heal|p1a: \u56e1\u56e1|81\/100|[from] item: Leftovers\n|-damage|p2a: Slowking|77\/100 brn|[from] brn\n|upkeep\n|turn|31\n|-message|baigu2 forfeited.\n|\n|win|As cheu\n|raw|As cheu's rating: 1651 &rarr; <strong>1676<\/strong><br \/>(+25 for winning)\n|raw|baigu2's rating: 1747 &rarr; <strong>1722<\/strong><br \/>(-25 for losing)\n|l|\u2606baigu2\n","uploadtime":1700319399,"views":10,"p1id":"ascheu","p2id":"baigu2","formatid":"gen9nationaldex","rating":1676,"private":0,"password":""}