{"id":"gen9nationaldex-1992731704","p1":"Clayanto","p2":"Vekotj","format":"[Gen 9] National Dex","log":"|j|\u2606Clayanto\n|j|\u2606Vekotj\n|t:|1700230143\n|gametype|singles\n|player|p1|Clayanto|ariana|1388\n|player|p2|Vekotj|ghetsis-gen5bw|1432\n|teamsize|p1|6\n|teamsize|p2|6\n|gen|9\n|tier|[Gen 9] National Dex\n|rated|\n|rule|HP Percentage Mod: HP is shown in percentages\n|rule|Endless Battle Clause: Forcing endless battles is banned\n|rule|OHKO Clause: OHKO moves are banned\n|rule|Evasion Clause: Evasion abilities, items, and moves are banned\n|rule|Evasion Abilities Clause: Evasion abilities are banned\n|rule|Evasion Items Clause: Evasion items are banned\n|rule|Evasion Moves Clause: Evasion moves are banned\n|rule|Species Clause: Limit one of each Pok\u00e9mon\n|rule|Sleep Clause Mod: Limit one foe put to sleep\n|clearpoke\n|poke|p1|Alomomola, M|\n|poke|p1|Smeargle, F|\n|poke|p1|Tapu Koko|\n|poke|p1|Clodsire, M|\n|poke|p1|Landorus-Therian, M|\n|poke|p1|Scizor, M|\n|poke|p2|Urshifu-*, F|\n|poke|p2|Greninja-*, M|\n|poke|p2|Ditto|\n|poke|p2|Great Tusk|\n|poke|p2|Kommo-o, F|\n|poke|p2|Scizor, F|\n|teampreview\n|inactive|Battle timer is ON: inactive players will automatically lose when time's up. (requested by Vekotj)\n|inactive|Clayanto also wants the timer to be on.\n|c|\u2606Vekotj|-_-\n|\n|t:|1700230159\n|start\n|switch|p1a: Smeargle|Smeargle, F|100\/100\n|switch|p2a: Kommo-o|Kommo-o, F, shiny|100\/100\n|turn|1\n|\n|t:|1700230169\n|switch|p1a: Landorus|Landorus-Therian, M|100\/100\n|-ability|p1a: Landorus|Intimidate|boost\n|-unboost|p2a: Kommo-o|atk|1\n|move|p2a: Kommo-o|Aura Sphere|p1a: Landorus\n|-resisted|p1a: Landorus\n|-damage|p1a: Landorus|77\/100\n|\n|upkeep\n|turn|2\n|\n|t:|1700230182\n|move|p1a: Landorus|U-turn|p2a: Kommo-o\n|-resisted|p2a: Kommo-o\n|-damage|p2a: Kommo-o|88\/100\n|\n|t:|1700230184\n|switch|p1a: Tapu Koko|Tapu Koko|100\/100|[from] U-turn\n|-fieldstart|move: Electric Terrain|[from] ability: Electric Surge|[of] p1a: Tapu Koko\n|-zpower|p2a: Kommo-o\n|move|p2a: Kommo-o|Clangorous Soulblaze|p1a: Tapu Koko|[zeffect]\n|-immune|p1a: Tapu Koko\n|\n|upkeep\n|turn|3\n|\n|t:|1700230195\n|switch|p2a: Scizor|Scizor, F, shiny|100\/100\n|move|p1a: Tapu Koko|Dazzling Gleam|p2a: Scizor\n|-resisted|p2a: Scizor\n|-damage|p2a: Scizor|76\/100\n|\n|upkeep\n|turn|4\n|\n|t:|1700230200\n|detailschange|p2a: Scizor|Scizor-Mega, F, shiny\n|-mega|p2a: Scizor|Scizor|Scizorite\n|move|p1a: Tapu Koko|Volt Switch|p2a: Scizor\n|-damage|p2a: Scizor|33\/100\n|\n|t:|1700230205\n|switch|p1a: Scizor|Scizor, M|100\/100|[from] Volt Switch\n|move|p2a: Scizor|Swords Dance|p2a: Scizor\n|-boost|p2a: Scizor|atk|2\n|\n|upkeep\n|turn|5\n|\n|t:|1700230217\n|detailschange|p1a: Scizor|Scizor-Mega, M\n|-mega|p1a: Scizor|Scizor|Scizorite\n|move|p2a: Scizor|Bullet Punch|p1a: Scizor\n|-resisted|p1a: Scizor\n|-damage|p1a: Scizor|70\/100\n|move|p1a: Scizor|Swords Dance|p1a: Scizor\n|-boost|p1a: Scizor|atk|2\n|\n|upkeep\n|turn|6\n|\n|t:|1700230223\n|move|p2a: Scizor|Roost|p2a: Scizor\n|-heal|p2a: Scizor|83\/100\n|-singleturn|p2a: Scizor|move: Roost\n|move|p1a: Scizor|U-turn|p2a: Scizor\n|-resisted|p2a: Scizor\n|-damage|p2a: Scizor|47\/100\n|\n|t:|1700230228\n|switch|p1a: Smeargle|Smeargle, F|100\/100|[from] U-turn\n|\n|-fieldend|move: Electric Terrain\n|upkeep\n|turn|7\n|\n|t:|1700230232\n|move|p1a: Smeargle|Spore|p2a: Scizor\n|-status|p2a: Scizor|slp|[from] move: Spore\n|cant|p2a: Scizor|slp\n|\n|upkeep\n|turn|8\n|\n|t:|1700230237\n|move|p1a: Smeargle|Sticky Web|p2a: Scizor\n|-sidestart|p2: Vekotj|move: Sticky Web\n|-curestatus|p2a: Scizor|slp|[msg]\n|move|p2a: Scizor|Roost|p2a: Scizor\n|-heal|p2a: Scizor|98\/100\n|-singleturn|p2a: Scizor|move: Roost\n|\n|upkeep\n|turn|9\n|\n|t:|1700230242\n|move|p1a: Smeargle|Spore|p2a: Scizor\n|-status|p2a: Scizor|slp|[from] move: Spore\n|cant|p2a: Scizor|slp\n|\n|upkeep\n|turn|10\n|\n|t:|1700230245\n|move|p1a: Smeargle|Shell Smash|p1a: Smeargle\n|-unboost|p1a: Smeargle|def|1\n|-unboost|p1a: Smeargle|spd|1\n|-boost|p1a: Smeargle|atk|2\n|-boost|p1a: Smeargle|spa|2\n|-boost|p1a: Smeargle|spe|2\n|cant|p2a: Scizor|slp\n|\n|upkeep\n|turn|11\n|\n|t:|1700230249\n|move|p1a: Smeargle|Population Bomb|p2a: Scizor\n|-resisted|p2a: Scizor\n|-damage|p2a: Scizor|91\/100 slp\n|-resisted|p2a: Scizor\n|-damage|p2a: Scizor|85\/100 slp\n|-resisted|p2a: Scizor\n|-crit|p2a: Scizor\n|-damage|p2a: Scizor|75\/100 slp\n|-resisted|p2a: Scizor\n|-crit|p2a: Scizor\n|-damage|p2a: Scizor|66\/100 slp\n|-hitcount|p2a: Scizor|4\n|-curestatus|p2a: Scizor|slp|[msg]\n|move|p2a: Scizor|Swords Dance|p2a: Scizor\n|-boost|p2a: Scizor|atk|2\n|\n|upkeep\n|turn|12\n|c|\u2606Vekotj|!!!!!!!!?????????\n|\n|t:|1700230272\n|move|p2a: Scizor|Bullet Punch|p1a: Smeargle\n|-enditem|p1a: Smeargle|Focus Sash\n|-damage|p1a: Smeargle|1\/100\n|move|p1a: Smeargle|Spore|p2a: Scizor\n|-status|p2a: Scizor|slp|[from] move: Spore\n|\n|upkeep\n|turn|13\n|\n|t:|1700230278\n|cant|p2a: Scizor|slp\n|move|p1a: Smeargle|Population Bomb|p2a: Scizor\n|-resisted|p2a: Scizor\n|-damage|p2a: Scizor|60\/100 slp\n|-resisted|p2a: Scizor\n|-damage|p2a: Scizor|54\/100 slp\n|-resisted|p2a: Scizor\n|-crit|p2a: Scizor\n|-damage|p2a: Scizor|44\/100 slp\n|-resisted|p2a: Scizor\n|-damage|p2a: Scizor|38\/100 slp\n|-resisted|p2a: Scizor\n|-damage|p2a: Scizor|31\/100 slp\n|-resisted|p2a: Scizor\n|-crit|p2a: Scizor\n|-damage|p2a: Scizor|22\/100 slp\n|-resisted|p2a: Scizor\n|-damage|p2a: Scizor|15\/100 slp\n|-resisted|p2a: Scizor\n|-damage|p2a: Scizor|9\/100 slp\n|-resisted|p2a: Scizor\n|-damage|p2a: Scizor|3\/100 slp\n|-resisted|p2a: Scizor\n|-damage|p2a: Scizor|0 fnt\n|faint|p2a: Scizor\n|-hitcount|p2: Scizor|10\n|\n|upkeep\n|\n|t:|1700230284\n|switch|p2a: Ditto|Ditto, shiny|100\/100\n|-activate|p2a: Ditto|move: Sticky Web\n|-unboost|p2a: Ditto|spe|1\n|-transform|p2a: Ditto|p1a: Smeargle|[from] ability: Imposter\n|turn|14\n|\n|t:|1700230295\n|-terastallize|p1a: Smeargle|Ghost\n|move|p2a: Ditto|Population Bomb|p1a: Smeargle\n|-immune|p1a: Smeargle\n|move|p1a: Smeargle|Population Bomb|p2a: Ditto\n|-damage|p2a: Ditto|45\/100\n|-damage|p2a: Ditto|0 fnt\n|faint|p2a: Ditto\n|-hitcount|p2: Ditto|2\n|\n|upkeep\n|\n|t:|1700230306\n|switch|p2a: Urshifu|Urshifu-Rapid-Strike, F|100\/100\n|-activate|p2a: Urshifu|move: Sticky Web\n|-unboost|p2a: Urshifu|spe|1\n|turn|15\n|\n|t:|1700230310\n|switch|p1a: Clodsire|Clodsire, M|100\/100\n|move|p2a: Urshifu|Aqua Jet|p1a: Clodsire\n|-immune|p1a: Clodsire|[from] ability: Water Absorb\n|\n|upkeep\n|turn|16\n|\n|t:|1700230314\n|move|p2a: Urshifu|U-turn|p1a: Clodsire\n|-resisted|p1a: Clodsire\n|-damage|p1a: Clodsire|86\/100\n|\n|t:|1700230317\n|switch|p2a: Great Tusk|Great Tusk, shiny|100\/100|[from] U-turn\n|-activate|p2a: Great Tusk|move: Sticky Web\n|-unboost|p2a: Great Tusk|spe|1\n|move|p1a: Clodsire|Toxic|p2a: Great Tusk\n|-status|p2a: Great Tusk|tox\n|\n|-heal|p1a: Clodsire|93\/100|[from] item: Black Sludge\n|-damage|p2a: Great Tusk|94\/100 tox|[from] psn\n|upkeep\n|turn|17\n|-message|Vekotj forfeited.\n|\n|win|Clayanto\n|raw|Clayanto's rating: 1388 &rarr; <strong>1411<\/strong><br \/>(+23 for winning)\n|raw|Vekotj's rating: 1432 &rarr; <strong>1409<\/strong><br \/>(-23 for losing)\n|l|\u2606Vekotj\n","uploadtime":1700230341,"views":11,"p1id":"clayanto","p2id":"vekotj","formatid":"gen9nationaldex","rating":1409,"private":0,"password":""}