{"id":"gen9nationaldex-1995388402","p1":"Yuanshen61\u6211\u8981\u73a9\u539f\u795e","p2":"qwqwqqw","format":"[Gen 9] National Dex","log":"|html|<div class=\"broadcast-blue\"><strong>[Gen 9] National Dex is currently suspecting Sneasler! For information on how to participate check out the <a href=\"https:\/\/www.smogon.com\/forums\/threads\/sv-national-dex-suspect-8-just-dance.3731534\/\">suspect thread<\/a>.<\/strong><\/div>\n|j|\u2606Yuanshen61\u6211\u8981\u73a9\u539f\u795e\n|j|\u2606qwqwqqw\n|t:|1700564037\n|gametype|singles\n|player|p1|Yuanshen61\u6211\u8981\u73a9\u539f\u795e|dawn-contest|1529\n|player|p2|qwqwqqw|102|1649\n|teamsize|p1|6\n|teamsize|p2|6\n|gen|9\n|tier|[Gen 9] National Dex\n|rated|\n|rule|HP Percentage Mod: HP is shown in percentages\n|rule|Endless Battle Clause: Forcing endless battles is banned\n|rule|OHKO Clause: OHKO moves are banned\n|rule|Evasion Clause: Evasion abilities, items, and moves are banned\n|rule|Evasion Abilities Clause: Evasion abilities are banned\n|rule|Evasion Items Clause: Evasion items are banned\n|rule|Evasion Moves Clause: Evasion moves are banned\n|rule|Species Clause: Limit one of each Pok\u00e9mon\n|rule|Sleep Clause Mod: Limit one foe put to sleep\n|clearpoke\n|poke|p1|Tapu Lele|\n|poke|p1|Sneasler, F|\n|poke|p1|Empoleon, F|\n|poke|p1|Dondozo, M|\n|poke|p1|Garchomp, M|\n|poke|p1|Charizard, M|\n|poke|p2|Ribombee, F|\n|poke|p2|Ogerpon-Wellspring, F|\n|poke|p2|Garchomp, F|\n|poke|p2|Heatran, M|\n|poke|p2|Enamorus, F|\n|poke|p2|Pinsir, F|\n|teampreview\n|inactive|Battle timer is ON: inactive players will automatically lose when time's up. (requested by Yuanshen61\u6211\u8981\u73a9\u539f\u795e)\n|\n|t:|1700564051\n|start\n|switch|p1a: Tapu Lele|Tapu Lele|100\/100\n|switch|p2a: stickywebQAQ|Ribombee, F|100\/100\n|-fieldstart|move: Psychic Terrain|[from] ability: Psychic Surge|[of] p1a: Tapu Lele\n|turn|1\n|\n|t:|1700564080\n|switch|p2a: Heatran|Heatran, M|100\/100\n|move|p1a: Tapu Lele|Psychic|p2a: Heatran\n|-resisted|p2a: Heatran\n|-damage|p2a: Heatran|72\/100\n|\n|-heal|p2a: Heatran|78\/100|[from] item: Leftovers\n|upkeep\n|turn|2\n|inactive|qwqwqqw has 120 seconds left.\n|\n|t:|1700564103\n|switch|p1a: Garchomp|Garchomp, M|100\/100\n|switch|p2a: stickywebQAQ|Ribombee, F|100\/100\n|\n|upkeep\n|turn|3\n|\n|t:|1700564106\n|move|p2a: stickywebQAQ|Moonblast|p1a: Garchomp\n|-supereffective|p1a: Garchomp\n|-damage|p1a: Garchomp|11\/100\n|move|p1a: Garchomp|Stealth Rock|p2a: stickywebQAQ\n|-sidestart|p2: qwqwqqw|move: Stealth Rock\n|\n|-heal|p1a: Garchomp|18\/100|[from] item: Leftovers\n|upkeep\n|turn|4\n|\n|t:|1700564121\n|switch|p1a: Empoleon|Empoleon, F|100\/100\n|move|p2a: stickywebQAQ|Moonblast|p1a: Empoleon\n|-resisted|p1a: Empoleon\n|-damage|p1a: Empoleon|87\/100\n|-unboost|p1a: Empoleon|spa|1\n|-ability|p1a: Empoleon|Competitive|boost\n|-boost|p1a: Empoleon|spa|2\n|\n|-heal|p1a: Empoleon|94\/100|[from] item: Leftovers\n|upkeep\n|turn|5\n|\n|t:|1700564124\n|move|p2a: stickywebQAQ|Defog|p1a: Empoleon\n|-unboost|p1a: Empoleon|evasion|1\n|-ability|p1a: Empoleon|Competitive|boost\n|-boost|p1a: Empoleon|spa|2\n|-sideend|p2: qwqwqqw|Stealth Rock|[from] move: Defog|[of] p2a: stickywebQAQ\n|-fieldend|move: Psychic Terrain\n|move|p1a: Empoleon|Flash Cannon|p2a: stickywebQAQ\n|-supereffective|p2a: stickywebQAQ\n|-enditem|p2a: stickywebQAQ|Focus Sash\n|-damage|p2a: stickywebQAQ|1\/100\n|\n|-heal|p1a: Empoleon|99\/100|[from] item: Leftovers\n|upkeep\n|turn|6\n|\n|t:|1700564128\n|move|p2a: stickywebQAQ|Sticky Web|p1a: Empoleon\n|-sidestart|p1: Yuanshen61\u6211\u8981\u73a9\u539f\u795e|move: Sticky Web\n|move|p1a: Empoleon|Flash Cannon|p2a: stickywebQAQ\n|-supereffective|p2a: stickywebQAQ\n|-damage|p2a: stickywebQAQ|0 fnt\n|faint|p2a: stickywebQAQ\n|\n|-heal|p1a: Empoleon|100\/100|[from] item: Leftovers\n|upkeep\n|\n|t:|1700564138\n|switch|p2a: Enamorus|Enamorus, F|100\/100\n|turn|7\n|\n|t:|1700564142\n|move|p2a: Enamorus|Taunt|p1a: Empoleon\n|-start|p1a: Empoleon|move: Taunt\n|move|p1a: Empoleon|Flash Cannon|p2a: Enamorus\n|-supereffective|p2a: Enamorus\n|-damage|p2a: Enamorus|0 fnt\n|faint|p2a: Enamorus\n|\n|upkeep\n|\n|t:|1700564144\n|switch|p2a: Garchomp|Garchomp, F|100\/100\n|turn|8\n|\n|t:|1700564149\n|-terastallize|p1a: Empoleon|Flying\n|move|p2a: Garchomp|Earthquake|p1a: Empoleon\n|-immune|p1a: Empoleon\n|move|p1a: Empoleon|Flash Cannon|p2a: Garchomp\n|-damage|p2a: Garchomp|13\/100\n|\n|upkeep\n|turn|9\n|\n|t:|1700564153\n|-zpower|p2a: Garchomp\n|move|p2a: Garchomp|Devastating Drake|p1a: Empoleon|[zeffect]\n|-damage|p1a: Empoleon|3\/100\n|move|p1a: Empoleon|Flash Cannon|p2a: Garchomp\n|-damage|p2a: Garchomp|0 fnt\n|faint|p2a: Garchomp\n|\n|-heal|p1a: Empoleon|9\/100|[from] item: Leftovers\n|-end|p1a: Empoleon|move: Taunt\n|upkeep\n|\n|t:|1700564155\n|switch|p2a: Pinsir|Pinsir, F|100\/100\n|turn|10\n|\n|t:|1700564158\n|switch|p1a: Garchomp|Garchomp, M|18\/100\n|-activate|p1a: Garchomp|move: Sticky Web\n|-unboost|p1a: Garchomp|spe|1\n|move|p2a: Pinsir|Frustration|p1a: Garchomp\n|-damage|p1a: Garchomp|0 fnt\n|-damage|p2a: Pinsir|88\/100|[from] ability: Rough Skin|[of] p1a: Garchomp\n|faint|p1a: Garchomp\n|-ability|p2a: Pinsir|Moxie|boost\n|-boost|p2a: Pinsir|atk|1\n|\n|upkeep\n|\n|t:|1700564164\n|switch|p1a: Charizard|Charizard, M|100\/100\n|turn|11\n|\n|t:|1700564169\n|detailschange|p1a: Charizard|Charizard-Mega-Y, M\n|-mega|p1a: Charizard|Charizard|Charizardite Y\n|-weather|SunnyDay|[from] ability: Drought|[of] p1a: Charizard\n|detailschange|p2a: Pinsir|Pinsir-Mega, F\n|-mega|p2a: Pinsir|Pinsir|Pinsirite\n|move|p2a: Pinsir|Frustration|p1a: Charizard\n|-damage|p1a: Charizard|0 fnt\n|faint|p1a: Charizard\n|\n|-weather|SunnyDay|[upkeep]\n|upkeep\n|\n|t:|1700564174\n|switch|p1a: Dondozo|Dondozo, M|100\/100\n|-activate|p1a: Dondozo|move: Sticky Web\n|-unboost|p1a: Dondozo|spe|1\n|turn|12\n|c|\u2606qwqwqqw|\uff1f\n|\n|t:|1700564179\n|switch|p2a: Ogerpon|Ogerpon-Wellspring, F|100\/100\n|switch|p1a: Tapu Lele|Tapu Lele|100\/100\n|-activate|p1a: Tapu Lele|move: Sticky Web\n|-unboost|p1a: Tapu Lele|spe|1\n|-fieldstart|move: Psychic Terrain|[from] ability: Psychic Surge|[of] p1a: Tapu Lele\n|\n|-weather|SunnyDay|[upkeep]\n|upkeep\n|turn|13\n|c|\u2606qwqwqqw|y\u55b7\u770b\u4e0d\u8d77\u8c01\u5462\n|\n|t:|1700564187\n|switch|p2a: Heatran|Heatran, M|78\/100\n|move|p1a: Tapu Lele|Focus Blast|p2a: Heatran\n|-supereffective|p2a: Heatran\n|-damage|p2a: Heatran|10\/100\n|\n|-weather|SunnyDay|[upkeep]\n|-heal|p2a: Heatran|16\/100|[from] item: Leftovers\n|upkeep\n|turn|14\n|\n|t:|1700564191\n|move|p1a: Tapu Lele|Focus Blast|p2a: Heatran\n|-supereffective|p2a: Heatran\n|-damage|p2a: Heatran|0 fnt\n|faint|p2a: Heatran\n|\n|-weather|SunnyDay|[upkeep]\n|upkeep\n|\n|t:|1700564193\n|switch|p2a: Pinsir|Pinsir-Mega, F|88\/100\n|turn|15\n|\n|t:|1700564198\n|switch|p1a: Empoleon|Empoleon, F, tera:Flying|9\/100\n|move|p2a: Pinsir|Frustration|p1a: Empoleon\n|-damage|p1a: Empoleon|0 fnt\n|faint|p1a: Empoleon\n|\n|-weather|none\n|upkeep\n|\n|t:|1700564200\n|switch|p1a: Sneasler|Sneasler, F|100\/100\n|-activate|p1a: Sneasler|move: Sticky Web\n|-unboost|p1a: Sneasler|spe|1\n|-enditem|p1a: Sneasler|Psychic Seed\n|-boost|p1a: Sneasler|spd|1|[from] item: Psychic Seed\n|turn|16\n|\n|t:|1700564205\n|switch|p2a: Ogerpon|Ogerpon-Wellspring, F|100\/100\n|move|p1a: Sneasler|Acrobatics|p2a: Ogerpon\n|-supereffective|p2a: Ogerpon\n|-damage|p2a: Ogerpon|0 fnt\n|faint|p2a: Ogerpon\n|\n|-fieldend|move: Psychic Terrain\n|upkeep\n|\n|t:|1700564207\n|switch|p2a: Pinsir|Pinsir-Mega, F|88\/100\n|turn|17\n|\n|t:|1700564209\n|move|p2a: Pinsir|Quick Attack|p1a: Sneasler\n|-supereffective|p1a: Sneasler\n|-damage|p1a: Sneasler|0 fnt\n|faint|p1a: Sneasler\n|\n|upkeep\n|\n|t:|1700564212\n|switch|p1a: Dondozo|Dondozo, M|100\/100\n|-activate|p1a: Dondozo|move: Sticky Web\n|-unboost|p1a: Dondozo|spe|1\n|turn|18\n|\n|t:|1700564214\n|move|p2a: Pinsir|Frustration|p1a: Dondozo\n|-damage|p1a: Dondozo|67\/100\n|move|p1a: Dondozo|Curse|p1a: Dondozo\n|-unboost|p1a: Dondozo|spe|1\n|-boost|p1a: Dondozo|atk|1\n|-boost|p1a: Dondozo|def|1\n|\n|-heal|p1a: Dondozo|73\/100|[from] item: Leftovers\n|upkeep\n|turn|19\n|\n|t:|1700564217\n|move|p2a: Pinsir|Frustration|p1a: Dondozo\n|-damage|p1a: Dondozo|48\/100\n|move|p1a: Dondozo|Curse|p1a: Dondozo\n|-unboost|p1a: Dondozo|spe|1\n|-boost|p1a: Dondozo|atk|1\n|-boost|p1a: Dondozo|def|1\n|\n|-heal|p1a: Dondozo|54\/100|[from] item: Leftovers\n|upkeep\n|turn|20\n|\n|t:|1700564225\n|move|p2a: Pinsir|Frustration|p1a: Dondozo\n|-damage|p1a: Dondozo|36\/100\n|move|p1a: Dondozo|Rest|p1a: Dondozo\n|-status|p1a: Dondozo|slp|[from] move: Rest\n|-heal|p1a: Dondozo|100\/100 slp|[silent]\n|\n|upkeep\n|turn|21\n|\n|t:|1700564228\n|move|p2a: Pinsir|Frustration|p1a: Dondozo\n|-damage|p1a: Dondozo|83\/100 slp\n|cant|p1a: Dondozo|slp\n|move|p1a: Dondozo|Sleep Talk|p1a: Dondozo\n|move|p1a: Dondozo|Rest||[from]move: Sleep Talk|[still]\n|-fail|p1a: Dondozo\n|\n|-heal|p1a: Dondozo|89\/100 slp|[from] item: Leftovers\n|upkeep\n|turn|22\n|-message|qwqwqqw forfeited.\n|\n|win|Yuanshen61\u6211\u8981\u73a9\u539f\u795e\n|raw|Yuanshen61\u6211\u8981\u73a9\u539f\u795e's rating: 1529 &rarr; <strong>1557<\/strong><br \/>(+28 for winning)\n|raw|qwqwqqw's rating: 1675 &rarr; <strong>1647<\/strong><br \/>(-28 for losing)\n|l|\u2606qwqwqqw\n","uploadtime":1700564236,"views":6,"p1id":"yuanshen61","p2id":"qwqwqqw","formatid":"gen9nationaldex","rating":1557,"private":0,"password":""}