{"id":"gen9nationaldex-1988944832","p1":"jiangxiuxiu1218","p2":"Uwsc","format":"[Gen 9] National Dex","log":"|j|\u2606jiangxiuxiu1218\n|j|\u2606Uwsc\n|t:|1699792370\n|gametype|singles\n|player|p1|jiangxiuxiu1218|riley|1305\n|player|p2|Uwsc|backers|1349\n|teamsize|p1|6\n|teamsize|p2|6\n|gen|9\n|tier|[Gen 9] National Dex\n|rated|\n|rule|HP Percentage Mod: HP is shown in percentages\n|rule|Endless Battle Clause: Forcing endless battles is banned\n|rule|OHKO Clause: OHKO moves are banned\n|rule|Evasion Clause: Evasion abilities, items, and moves are banned\n|rule|Evasion Abilities Clause: Evasion abilities are banned\n|rule|Evasion Items Clause: Evasion items are banned\n|rule|Evasion Moves Clause: Evasion moves are banned\n|rule|Species Clause: Limit one of each Pok\u00e9mon\n|rule|Sleep Clause Mod: Limit one foe put to sleep\n|clearpoke\n|poke|p1|Ferrothorn, F|\n|poke|p1|Landorus-Therian, M|\n|poke|p1|Cloyster, M|\n|poke|p1|Glalie, M|\n|poke|p1|Golem-Alola, F|\n|poke|p1|Gigalith, M|\n|poke|p2|Diancie|\n|poke|p2|Hoopa-Unbound|\n|poke|p2|Gliscor, M|\n|poke|p2|Kartana|\n|poke|p2|Dragonite, M|\n|poke|p2|Volcanion|\n|teampreview\n|inactive|Battle timer is ON: inactive players will automatically lose when time's up. (requested by jiangxiuxiu1218)\n|\n|t:|1699792379\n|start\n|switch|p1a: Landorus|Landorus-Therian, M|100\/100\n|switch|p2a: Diancie|Diancie|100\/100\n|-ability|p1a: Landorus|Intimidate|boost\n|-fail|p2a: Diancie|unboost|[from] ability: Clear Body|[of] p2a: Diancie\n|turn|1\n|\n|t:|1699792394\n|switch|p2a: Gliscor|Gliscor, M|100\/100\n|move|p1a: Landorus|Stealth Rock|p2a: Gliscor\n|-sidestart|p2: Uwsc|move: Stealth Rock\n|\n|-status|p2a: Gliscor|tox|[from] item: Toxic Orb\n|upkeep\n|turn|2\n|\n|t:|1699792407\n|switch|p1a: Ferrothorn|Ferrothorn, F|100\/100\n|move|p2a: Gliscor|Swords Dance|p2a: Gliscor\n|-boost|p2a: Gliscor|atk|2\n|\n|upkeep\n|turn|3\n|\n|t:|1699792421\n|-terastallize|p2a: Gliscor|Fire\n|move|p2a: Gliscor|Tera Blast|p1a: Ferrothorn|[anim] Tera Blast Fire\n|-supereffective|p1a: Ferrothorn\n|-damage|p1a: Ferrothorn|0 fnt\n|faint|p1a: Ferrothorn\n|\n|upkeep\n|\n|t:|1699792431\n|switch|p1a: Landorus|Landorus-Therian, M|100\/100\n|-ability|p1a: Landorus|Intimidate|boost\n|-unboost|p2a: Gliscor|atk|1\n|turn|4\n|\n|t:|1699792438\n|switch|p2a: Dragonite|Dragonite, M|100\/100\n|-damage|p2a: Dragonite|76\/100|[from] Stealth Rock\n|move|p1a: Landorus|Explosion|p2a: Dragonite\n|-damage|p2a: Dragonite|0 fnt\n|faint|p1a: Landorus\n|faint|p2a: Dragonite\n|\n|upkeep\n|\n|t:|1699792451\n|switch|p1a: Glalie|Glalie, M|100\/100\n|switch|p2a: Diancie|Diancie|100\/100\n|-damage|p2a: Diancie|88\/100|[from] Stealth Rock\n|turn|5\n|\n|t:|1699792477\n|detailschange|p1a: Glalie|Glalie-Mega, M\n|-mega|p1a: Glalie|Glalie|Glalitite\n|move|p1a: Glalie|Explosion|p2a: Diancie\n|-damage|p2a: Diancie|0 fnt\n|faint|p1a: Glalie\n|faint|p2a: Diancie\n|\n|upkeep\n|inactive|jiangxiuxiu1218 has 120 seconds left.\n|\n|t:|1699792501\n|switch|p1a: Gigalith|Gigalith, M|100\/100\n|switch|p2a: Volcanion|Volcanion|100\/100\n|-damage|p2a: Volcanion|76\/100|[from] Stealth Rock\n|turn|6\n|inactive|jiangxiuxiu1218 has 120 seconds left.\n|\n|t:|1699792510\n|-terastallize|p1a: Gigalith|Normal\n|move|p2a: Volcanion|Steam Eruption|p1a: Gigalith\n|-damage|p1a: Gigalith|29\/100\n|move|p1a: Gigalith|Explosion|p2a: Volcanion\n|-enditem|p1a: Gigalith|Normal Gem|[from] gem\n|-damage|p2a: Volcanion|0 fnt\n|faint|p1a: Gigalith\n|faint|p2a: Volcanion\n|\n|upkeep\n|inactive|jiangxiuxiu1218 has 120 seconds left.\n|\n|t:|1699792541\n|switch|p2a: Kartana|Kartana|100\/100\n|switch|p1a: Cloyster|Cloyster, M|100\/100\n|-damage|p2a: Kartana|94\/100|[from] Stealth Rock\n|turn|7\n|inactive|jiangxiuxiu1218 has 90 seconds left.\n|\n|t:|1699792571\n|move|p2a: Kartana|Leaf Blade|p1a: Cloyster\n|-supereffective|p1a: Cloyster\n|-enditem|p1a: Cloyster|Focus Sash\n|-damage|p1a: Cloyster|1\/100\n|move|p1a: Cloyster|Shell Smash|p1a: Cloyster\n|-unboost|p1a: Cloyster|def|1\n|-unboost|p1a: Cloyster|spd|1\n|-boost|p1a: Cloyster|atk|2\n|-boost|p1a: Cloyster|spa|2\n|-boost|p1a: Cloyster|spe|2\n|\n|upkeep\n|turn|8\n|\n|t:|1699792583\n|move|p1a: Cloyster|Icicle Spear|p2a: Kartana\n|-damage|p2a: Kartana|72\/100\n|-damage|p2a: Kartana|47\/100\n|-damage|p2a: Kartana|25\/100\n|-damage|p2a: Kartana|2\/100\n|-damage|p2a: Kartana|0 fnt\n|faint|p2a: Kartana\n|-hitcount|p2: Kartana|5\n|\n|upkeep\n|\n|t:|1699792594\n|switch|p2a: Gliscor|Gliscor, M, tera:Fire|100\/100 tox\n|-damage|p2a: Gliscor|76\/100 tox|[from] Stealth Rock\n|turn|9\n|\n|t:|1699792600\n|move|p1a: Cloyster|Rock Blast|p2a: Gliscor\n|-supereffective|p2a: Gliscor\n|-damage|p2a: Gliscor|49\/100 tox\n|-supereffective|p2a: Gliscor\n|-damage|p2a: Gliscor|25\/100 tox\n|-supereffective|p2a: Gliscor\n|-damage|p2a: Gliscor|0 fnt\n|faint|p2a: Gliscor\n|-hitcount|p2: Gliscor|3\n|\n|upkeep\n|\n|t:|1699792603\n|switch|p2a: Hoopa|Hoopa-Unbound|100\/100\n|-damage|p2a: Hoopa|88\/100|[from] Stealth Rock\n|turn|10\n|\n|t:|1699792612\n|move|p1a: Cloyster|Icicle Spear|p2a: Hoopa\n|-damage|p2a: Hoopa|56\/100\n|-damage|p2a: Hoopa|24\/100\n|-enditem|p2a: Hoopa|Sitrus Berry|[eat]\n|-heal|p2a: Hoopa|49\/100|[from] item: Sitrus Berry\n|-damage|p2a: Hoopa|16\/100\n|-damage|p2a: Hoopa|0 fnt\n|faint|p2a: Hoopa\n|-hitcount|p2: Hoopa|4\n|\n|win|jiangxiuxiu1218\n|raw|jiangxiuxiu1218's rating: 1305 &rarr; <strong>1328<\/strong><br \/>(+23 for winning)\n|raw|Uwsc's rating: 1349 &rarr; <strong>1326<\/strong><br \/>(-23 for losing)\n","uploadtime":1699792764,"views":4,"p1id":"jiangxiuxiu1218","p2id":"uwsc","formatid":"gen9nationaldex","rating":1326,"private":0,"password":""}