{"id":"gen9nationaldex-1999369456","p1":"Claribel L.P","p2":"Bookmasterharry","format":"[Gen 9] National Dex","log":"|html|<div class=\"broadcast-blue\"><strong>[Gen 9] National Dex is currently suspecting Sneasler! For information on how to participate check out the <a href=\"https:\/\/www.smogon.com\/forums\/threads\/sv-national-dex-suspect-8-just-dance.3731534\/\">suspect thread<\/a>.<\/strong><\/div>\n|j|\u2606Claribel L.P\n|j|\u2606Bookmasterharry\n|t:|1701068348\n|gametype|singles\n|player|p1|Claribel L.P|lady|1092\n|player|p2|Bookmasterharry|lucian|1089\n|teamsize|p1|6\n|teamsize|p2|6\n|gen|9\n|tier|[Gen 9] National Dex\n|rated|\n|rule|HP Percentage Mod: HP is shown in percentages\n|rule|Endless Battle Clause: Forcing endless battles is banned\n|rule|OHKO Clause: OHKO moves are banned\n|rule|Evasion Clause: Evasion abilities, items, and moves are banned\n|rule|Evasion Abilities Clause: Evasion abilities are banned\n|rule|Evasion Items Clause: Evasion items are banned\n|rule|Evasion Moves Clause: Evasion moves are banned\n|rule|Species Clause: Limit one of each Pok\u00e9mon\n|rule|Sleep Clause Mod: Limit one foe put to sleep\n|clearpoke\n|poke|p1|Polteageist-Antique|\n|poke|p1|Alcremie-Ruby-Cream, F|\n|poke|p1|Furfrou-Matron, F|\n|poke|p1|Carbink|\n|poke|p1|Lilligant, F|\n|poke|p1|Xatu, M|\n|poke|p2|Jellicent, F|\n|poke|p2|Ferrothorn, M|\n|poke|p2|Crustle, F|\n|poke|p2|Emboar, M|\n|poke|p2|Eelektross, F|\n|poke|p2|Gothitelle, M|\n|teampreview\n|inactive|Battle timer is ON: inactive players will automatically lose when time's up. (requested by Bookmasterharry)\n|c|\u2606Bookmasterharry|Glhf\n|\n|t:|1701068361\n|start\n|switch|p1a: Xatu|Xatu, M|100\/100\n|switch|p2a: Ferrothorn|Ferrothorn, M, shiny|100\/100\n|turn|1\n|c|\u2606Claribel L.P|You too\n|\n|t:|1701068378\n|move|p1a: Xatu|Cosmic Power|p1a: Xatu\n|-boost|p1a: Xatu|def|1\n|-boost|p1a: Xatu|spd|1\n|move|p2a: Ferrothorn|Knock Off|p1a: Xatu\n|-supereffective|p1a: Xatu\n|-damage|p1a: Xatu|65\/100\n|-enditem|p1a: Xatu|Weakness Policy\n|-boost|p1a: Xatu|atk|2|[from] item: Weakness Policy\n|-boost|p1a: Xatu|spa|2|[from] item: Weakness Policy\n|\n|upkeep\n|turn|2\n|\n|t:|1701068388\n|move|p1a: Xatu|Cosmic Power|p1a: Xatu\n|-boost|p1a: Xatu|def|1\n|-boost|p1a: Xatu|spd|1\n|move|p2a: Ferrothorn|Stealth Rock|p1a: Xatu\n|move|p1a: Xatu|Stealth Rock|p2a: Ferrothorn|[from]ability: Magic Bounce\n|-sidestart|p2: Bookmasterharry|move: Stealth Rock\n|\n|upkeep\n|turn|3\n|\n|t:|1701068396\n|move|p1a: Xatu|Cosmic Power|p1a: Xatu\n|-boost|p1a: Xatu|def|1\n|-boost|p1a: Xatu|spd|1\n|move|p2a: Ferrothorn|Iron Head|p1a: Xatu\n|-crit|p1a: Xatu\n|-damage|p1a: Xatu|21\/100\n|\n|upkeep\n|turn|4\n|\n|t:|1701068407\n|move|p1a: Xatu|Roost|p1a: Xatu\n|-heal|p1a: Xatu|71\/100\n|-singleturn|p1a: Xatu|move: Roost\n|move|p2a: Ferrothorn|Knock Off|p1a: Xatu\n|-supereffective|p1a: Xatu\n|-crit|p1a: Xatu\n|-damage|p1a: Xatu|23\/100\n|\n|upkeep\n|turn|5\n|\n|t:|1701068416\n|move|p1a: Xatu|Roost|p1a: Xatu\n|-heal|p1a: Xatu|73\/100\n|-singleturn|p1a: Xatu|move: Roost\n|move|p2a: Ferrothorn|Knock Off|p1a: Xatu\n|-supereffective|p1a: Xatu\n|-damage|p1a: Xatu|59\/100\n|\n|upkeep\n|turn|6\n|\n|t:|1701068424\n|move|p1a: Xatu|Roost|p1a: Xatu\n|-heal|p1a: Xatu|100\/100\n|-singleturn|p1a: Xatu|move: Roost\n|move|p2a: Ferrothorn|Iron Head|p1a: Xatu\n|-damage|p1a: Xatu|89\/100\n|\n|upkeep\n|turn|7\n|\n|t:|1701068433\n|move|p1a: Xatu|Stored Power|p2a: Ferrothorn\n|-resisted|p2a: Ferrothorn\n|-damage|p2a: Ferrothorn|44\/100\n|move|p2a: Ferrothorn|Iron Head|p1a: Xatu\n|-damage|p1a: Xatu|75\/100\n|\n|upkeep\n|turn|8\n|\n|t:|1701068440\n|move|p1a: Xatu|Stored Power|p2a: Ferrothorn\n|-resisted|p2a: Ferrothorn\n|-damage|p2a: Ferrothorn|0 fnt\n|faint|p2a: Ferrothorn\n|\n|upkeep\n|\n|t:|1701068447\n|switch|p2a: Gothitelle|Gothitelle, M|100\/100\n|-damage|p2a: Gothitelle|88\/100|[from] Stealth Rock\n|turn|9\n|\n|t:|1701068459\n|move|p1a: Xatu|Cosmic Power|p1a: Xatu\n|-boost|p1a: Xatu|def|1\n|-boost|p1a: Xatu|spd|1\n|move|p2a: Gothitelle|Dark Pulse|p1a: Xatu\n|-supereffective|p1a: Xatu\n|-damage|p1a: Xatu|55\/100\n|\n|-heal|p2a: Gothitelle|94\/100|[from] item: Leftovers\n|upkeep\n|turn|10\n|\n|t:|1701068468\n|move|p1a: Xatu|Roost|p1a: Xatu\n|-heal|p1a: Xatu|100\/100\n|-singleturn|p1a: Xatu|move: Roost\n|move|p2a: Gothitelle|Dark Pulse|p1a: Xatu\n|-supereffective|p1a: Xatu\n|-damage|p1a: Xatu|82\/100\n|\n|-heal|p2a: Gothitelle|99\/100|[from] item: Leftovers\n|upkeep\n|turn|11\n|\n|t:|1701068478\n|move|p1a: Xatu|Stored Power|p2a: Gothitelle\n|-resisted|p2a: Gothitelle\n|-damage|p2a: Gothitelle|24\/100\n|move|p2a: Gothitelle|Dark Pulse|p1a: Xatu\n|-supereffective|p1a: Xatu\n|-damage|p1a: Xatu|61\/100\n|\n|-heal|p2a: Gothitelle|30\/100|[from] item: Leftovers\n|upkeep\n|turn|12\n|\n|t:|1701068489\n|move|p1a: Xatu|Stored Power|p2a: Gothitelle\n|-resisted|p2a: Gothitelle\n|-damage|p2a: Gothitelle|0 fnt\n|faint|p2a: Gothitelle\n|\n|upkeep\n|c|\u2606Bookmasterharry|Gg\n|\n|t:|1701068504\n|switch|p2a: Eelektross|Eelektross, F, shiny|100\/100\n|-damage|p2a: Eelektross|88\/100|[from] Stealth Rock\n|turn|13\n|c|\u2606Claribel L.P|Gg\n|\n|t:|1701068516\n|move|p1a: Xatu|Stored Power|p2a: Eelektross\n|-damage|p2a: Eelektross|0 fnt\n|faint|p2a: Eelektross\n|\n|upkeep\n|\n|t:|1701068524\n|switch|p2a: Emboar|Emboar, M, shiny|100\/100\n|-damage|p2a: Emboar|88\/100|[from] Stealth Rock\n|turn|14\n|\n|t:|1701068529\n|move|p1a: Xatu|Stored Power|p2a: Emboar\n|-supereffective|p2a: Emboar\n|-damage|p2a: Emboar|0 fnt\n|faint|p2a: Emboar\n|\n|upkeep\n|\n|t:|1701068534\n|switch|p2a: Jellicent|Jellicent, F, shiny|100\/100\n|-damage|p2a: Jellicent|88\/100|[from] Stealth Rock\n|turn|15\n|\n|t:|1701068539\n|move|p1a: Xatu|Stored Power|p2a: Jellicent\n|-damage|p2a: Jellicent|0 fnt\n|faint|p2a: Jellicent\n|\n|upkeep\n|\n|t:|1701068543\n|switch|p2a: Crustle|Crustle, F, shiny|100\/100\n|-damage|p2a: Crustle|76\/100|[from] Stealth Rock\n|turn|16\n|\n|t:|1701068548\n|move|p1a: Xatu|Stored Power|p2a: Crustle\n|-damage|p2a: Crustle|0 fnt\n|faint|p2a: Crustle\n|\n|win|Claribel L.P\n|raw|Claribel L.P's rating: 1092 &rarr; <strong>1118<\/strong><br \/>(+26 for winning)\n|raw|Bookmasterharry's rating: 1089 &rarr; <strong>1066<\/strong><br \/>(-23 for losing)\n|l|\u2606Bookmasterharry\n","uploadtime":1701068562,"views":5,"p1id":"claribellp","p2id":"bookmasterharry","formatid":"gen9nationaldex","rating":1066,"private":0,"password":""}