{"id":"gen9nationaldex-1999540402","p1":"minipokeneuron","p2":"gudwbs","format":"[Gen 9] National Dex","log":"|html|<div class=\"broadcast-blue\"><strong>[Gen 9] National Dex is currently suspecting Sneasler! For information on how to participate check out the <a href=\"https:\/\/www.smogon.com\/forums\/threads\/sv-national-dex-suspect-8-just-dance.3731534\/\">suspect thread<\/a>.<\/strong><\/div>\n|j|\u2606minipokeneuron\n|j|\u2606gudwbs\n|t:|1701094145\n|gametype|singles\n|player|p1|minipokeneuron|265|1557\n|player|p2|gudwbs|lady|1499\n|teamsize|p1|6\n|teamsize|p2|6\n|gen|9\n|tier|[Gen 9] National Dex\n|rated|\n|rule|HP Percentage Mod: HP is shown in percentages\n|rule|Endless Battle Clause: Forcing endless battles is banned\n|rule|OHKO Clause: OHKO moves are banned\n|rule|Evasion Clause: Evasion abilities, items, and moves are banned\n|rule|Evasion Abilities Clause: Evasion abilities are banned\n|rule|Evasion Items Clause: Evasion items are banned\n|rule|Evasion Moves Clause: Evasion moves are banned\n|rule|Species Clause: Limit one of each Pok\u00e9mon\n|rule|Sleep Clause Mod: Limit one foe put to sleep\n|clearpoke\n|poke|p1|Medicham, M|\n|poke|p1|Samurott-Hisui, M|\n|poke|p1|Goodra-Hisui, F|\n|poke|p1|Alomomola, M|\n|poke|p1|Moltres|\n|poke|p1|Swellow, F|\n|poke|p2|Iron Valiant|\n|poke|p2|Charizard, M|\n|poke|p2|Garganacl, F|\n|poke|p2|Great Tusk|\n|poke|p2|Dragonite, M|\n|poke|p2|Celesteela|\n|teampreview\n|inactive|Battle timer is ON: inactive players will automatically lose when time's up. (requested by gudwbs)\n|\n|t:|1701094153\n|start\n|switch|p1a: Alomomola|Alomomola, M|100\/100\n|switch|p2a: Dragonite|Dragonite, M, shiny|100\/100\n|turn|1\n|\n|t:|1701094155\n|move|p2a: Dragonite|Dragon Dance|p2a: Dragonite\n|-boost|p2a: Dragonite|atk|1\n|-boost|p2a: Dragonite|spe|1\n|move|p1a: Alomomola|Toxic|p2a: Dragonite\n|-status|p2a: Dragonite|tox\n|\n|-damage|p2a: Dragonite|94\/100 tox|[from] psn\n|upkeep\n|turn|2\n|\n|t:|1701094159\n|move|p2a: Dragonite|Dragon Dance|p2a: Dragonite\n|-boost|p2a: Dragonite|atk|1\n|-boost|p2a: Dragonite|spe|1\n|move|p1a: Alomomola|Knock Off|p2a: Dragonite\n|-damage|p2a: Dragonite|81\/100 tox\n|\n|-damage|p2a: Dragonite|68\/100 tox|[from] psn\n|upkeep\n|turn|3\n|\n|t:|1701094172\n|switch|p1a: Goodra|Goodra-Hisui, F|100\/100\n|-zpower|p2a: Dragonite\n|move|p2a: Dragonite|Devastating Drake|p1a: Goodra|[zeffect]\n|-damage|p1a: Goodra|0 fnt\n|faint|p1a: Goodra\n|\n|-damage|p2a: Dragonite|50\/100 tox|[from] psn\n|upkeep\n|\n|t:|1701094181\n|switch|p1a: Medicham|Medicham, M|100\/100\n|turn|4\n|\n|t:|1701094183\n|detailschange|p1a: Medicham|Medicham-Mega, M\n|-mega|p1a: Medicham|Medicham|Medichamite\n|move|p1a: Medicham|Fake Out|p2a: Dragonite\n|-damage|p2a: Dragonite|26\/100 tox\n|cant|p2a: Dragonite|flinch\n|\n|-damage|p2a: Dragonite|1\/100 tox|[from] psn\n|upkeep\n|turn|5\n|\n|t:|1701094192\n|move|p1a: Medicham|Bullet Punch|p2a: Dragonite\n|-damage|p2a: Dragonite|0 fnt\n|faint|p2a: Dragonite\n|\n|upkeep\n|\n|t:|1701094194\n|switch|p2a: Celesteela|Celesteela|100\/100\n|turn|6\n|\n|t:|1701094199\n|move|p1a: Medicham|Close Combat|p2a: Celesteela\n|-damage|p2a: Celesteela|39\/100\n|-unboost|p1a: Medicham|def|1\n|-unboost|p1a: Medicham|spd|1\n|move|p2a: Celesteela|Heavy Slam|p1a: Medicham\n|-damage|p1a: Medicham|0 fnt\n|faint|p1a: Medicham\n|-ability|p2a: Celesteela|Beast Boost|boost\n|-boost|p2a: Celesteela|def|1\n|\n|upkeep\n|\n|t:|1701094210\n|switch|p1a: Samurott|Samurott-Hisui, M, shiny|100\/100\n|turn|7\n|\n|t:|1701094214\n|move|p2a: Celesteela|Protect|p2a: Celesteela\n|-singleturn|p2a: Celesteela|Protect\n|move|p1a: Samurott|Ceaseless Edge|p2a: Celesteela\n|-activate|p2a: Celesteela|move: Protect\n|\n|upkeep\n|turn|8\n|\n|t:|1701094218\n|move|p1a: Samurott|Ceaseless Edge|p2a: Celesteela\n|-damage|p2a: Celesteela|21\/100\n|-sidestart|p2: gudwbs|Spikes\n|move|p2a: Celesteela|Leech Seed|p1a: Samurott|[miss]\n|-miss|p2a: Celesteela|p1a: Samurott\n|\n|upkeep\n|turn|9\n|\n|t:|1701094224\n|move|p1a: Samurott|Ceaseless Edge|p2a: Celesteela\n|-damage|p2a: Celesteela|4\/100\n|-sidestart|p2: gudwbs|Spikes\n|move|p2a: Celesteela|Leech Seed|p1a: Samurott\n|-start|p1a: Samurott|move: Leech Seed\n|\n|-damage|p1a: Samurott|88\/100|[from] Leech Seed|[of] p2a: Celesteela\n|-heal|p2a: Celesteela|14\/100|[silent]\n|upkeep\n|turn|10\n|\n|t:|1701094231\n|switch|p1a: Moltres|Moltres|100\/100\n|move|p2a: Celesteela|Protect||[still]\n|-fail|p2a: Celesteela\n|\n|upkeep\n|turn|11\n|\n|t:|1701094238\n|move|p1a: Moltres|Burn Up|p2a: Celesteela\n|-supereffective|p2a: Celesteela\n|-damage|p2a: Celesteela|0 fnt\n|-start|p1a: Moltres|typechange|???\/Flying|[from] move: Burn Up\n|faint|p2a: Celesteela\n|\n|upkeep\n|\n|t:|1701094244\n|switch|p2a: Charizard|Charizard, M, shiny|100\/100\n|turn|12\n|inactive|minipokeneuron has 120 seconds left.\n|\n|t:|1701094276\n|switch|p1a: Alomomola|Alomomola, M|100\/100\n|detailschange|p2a: Charizard|Charizard-Mega-Y, M, shiny\n|-mega|p2a: Charizard|Charizard|Charizardite Y\n|-weather|SunnyDay|[from] ability: Drought|[of] p2a: Charizard\n|move|p2a: Charizard|Flamethrower|p1a: Alomomola\n|-resisted|p1a: Alomomola\n|-damage|p1a: Alomomola|53\/100\n|\n|-weather|SunnyDay|[upkeep]\n|upkeep\n|turn|13\n|\n|t:|1701094285\n|move|p2a: Charizard|Solar Beam||[still]\n|-prepare|p2a: Charizard|Solar Beam\n|-anim|p2a: Charizard|Solar Beam|p1a: Alomomola\n|-supereffective|p1a: Alomomola\n|-damage|p1a: Alomomola|0 fnt\n|faint|p1a: Alomomola\n|\n|-weather|SunnyDay|[upkeep]\n|upkeep\n|\n|t:|1701094293\n|switch|p1a: Moltres|Moltres|100\/100\n|turn|14\n|\n|t:|1701094299\n|switch|p2a: Garganacl|Garganacl, F, shiny|100\/100\n|-damage|p2a: Garganacl|84\/100|[from] Spikes\n|move|p1a: Moltres|Burn Up|p2a: Garganacl\n|-resisted|p2a: Garganacl\n|-damage|p2a: Garganacl|56\/100\n|-start|p1a: Moltres|typechange|???\/Flying|[from] move: Burn Up\n|\n|-weather|SunnyDay|[upkeep]\n|-heal|p2a: Garganacl|63\/100|[from] item: Leftovers\n|upkeep\n|turn|15\n|\n|t:|1701094305\n|move|p1a: Moltres|U-turn|p2a: Garganacl\n|-damage|p2a: Garganacl|52\/100\n|\n|t:|1701094307\n|switch|p1a: Samurott|Samurott-Hisui, M, shiny|88\/100|[from] U-turn\n|move|p2a: Garganacl|Salt Cure|p1a: Samurott\n|-damage|p1a: Samurott|70\/100\n|-start|p1a: Samurott|Salt Cure\n|\n|-weather|SunnyDay|[upkeep]\n|-heal|p2a: Garganacl|58\/100|[from] item: Leftovers\n|-damage|p1a: Samurott|45\/100|[from] Salt Cure\n|upkeep\n|turn|16\n|\n|t:|1701094312\n|-terastallize|p2a: Garganacl|Fairy\n|move|p1a: Samurott|Ceaseless Edge|p2a: Garganacl\n|-resisted|p2a: Garganacl\n|-damage|p2a: Garganacl|43\/100\n|-sidestart|p2: gudwbs|Spikes\n|move|p2a: Garganacl|Salt Cure|p1a: Samurott\n|-damage|p1a: Samurott|26\/100\n|\n|-weather|none\n|-heal|p2a: Garganacl|49\/100|[from] item: Leftovers\n|-damage|p1a: Samurott|1\/100|[from] Salt Cure\n|upkeep\n|turn|17\n|\n|t:|1701094322\n|move|p1a: Samurott|Razor Shell|p2a: Garganacl\n|-damage|p2a: Garganacl|15\/100\n|move|p2a: Garganacl|Recover|p2a: Garganacl\n|-heal|p2a: Garganacl|65\/100\n|\n|-heal|p2a: Garganacl|71\/100|[from] item: Leftovers\n|-damage|p1a: Samurott|0 fnt|[from] Salt Cure\n|faint|p1a: Samurott\n|upkeep\n|\n|t:|1701094327\n|switch|p1a: Swellow|Swellow, F|100\/100\n|turn|18\n|\n|t:|1701094331\n|-terastallize|p1a: Swellow|Normal\n|move|p1a: Swellow|Boomburst|p2a: Garganacl\n|-damage|p2a: Garganacl|8\/100\n|move|p2a: Garganacl|Salt Cure|p1a: Swellow\n|-damage|p1a: Swellow|71\/100\n|-start|p1a: Swellow|Salt Cure\n|\n|-heal|p2a: Garganacl|15\/100|[from] item: Leftovers\n|-damage|p1a: Swellow|58\/100|[from] Salt Cure\n|upkeep\n|turn|19\n|\n|t:|1701094337\n|move|p1a: Swellow|Boomburst|p2a: Garganacl\n|-damage|p2a: Garganacl|0 fnt\n|faint|p2a: Garganacl\n|\n|-damage|p1a: Swellow|46\/100|[from] Salt Cure\n|upkeep\n|\n|t:|1701094344\n|switch|p2a: Iron Valiant|Iron Valiant, shiny|100\/100\n|-damage|p2a: Iron Valiant|76\/100|[from] Spikes\n|-enditem|p2a: Iron Valiant|Booster Energy\n|-activate|p2a: Iron Valiant|ability: Quark Drive|[fromitem]\n|-start|p2a: Iron Valiant|quarkdrivespe\n|turn|20\n|\n|t:|1701094348\n|switch|p1a: Moltres|Moltres|100\/100\n|move|p2a: Iron Valiant|Thunderbolt|p1a: Moltres\n|-supereffective|p1a: Moltres\n|-damage|p1a: Moltres|37\/100\n|\n|upkeep\n|turn|21\n|\n|t:|1701094355\n|move|p2a: Iron Valiant|Thunderbolt|p1a: Moltres\n|-supereffective|p1a: Moltres\n|-damage|p1a: Moltres|0 fnt\n|faint|p1a: Moltres\n|\n|upkeep\n|\n|t:|1701094358\n|switch|p1a: Swellow|Swellow, F, tera:Normal|46\/100\n|turn|22\n|\n|t:|1701094360\n|move|p2a: Iron Valiant|Fire Punch|p1a: Swellow\n|-damage|p1a: Swellow|5\/100\n|move|p1a: Swellow|Boomburst|p2a: Iron Valiant\n|-damage|p2a: Iron Valiant|0 fnt\n|faint|p2a: Iron Valiant\n|-end|p2a: Iron Valiant|Quark Drive|[silent]\n|\n|upkeep\n|\n|t:|1701094365\n|switch|p2a: Great Tusk|Great Tusk, shiny|100\/100\n|-damage|p2a: Great Tusk|76\/100|[from] Spikes\n|-enditem|p2a: Great Tusk|Booster Energy\n|-activate|p2a: Great Tusk|ability: Protosynthesis|[fromitem]\n|-start|p2a: Great Tusk|protosynthesisatk\n|turn|23\n|\n|t:|1701094370\n|move|p1a: Swellow|Boomburst|p2a: Great Tusk\n|-damage|p2a: Great Tusk|0 fnt\n|faint|p2a: Great Tusk\n|-end|p2a: Great Tusk|Protosynthesis|[silent]\n|\n|upkeep\n|\n|t:|1701094372\n|switch|p2a: Charizard|Charizard-Mega-Y, M, shiny|100\/100\n|-weather|SunnyDay|[from] ability: Drought|[of] p2a: Charizard\n|turn|24\n|\n|t:|1701094374\n|move|p1a: Swellow|Boomburst|p2a: Charizard\n|-damage|p2a: Charizard|0 fnt\n|faint|p2a: Charizard\n|\n|win|minipokeneuron\n|raw|minipokeneuron's rating: 1557 &rarr; <strong>1574<\/strong><br \/>(+17 for winning)\n|raw|gudwbs's rating: 1499 &rarr; <strong>1482<\/strong><br \/>(-17 for losing)\n|l|\u2606gudwbs\n","uploadtime":1701094382,"views":3,"p1id":"minipokeneuron","p2id":"gudwbs","formatid":"gen9nationaldex","rating":1482,"private":0,"password":""}