{"id":"gen9nationaldex-1999581871","p1":"CONFUS3","p2":"Asymatical","format":"[Gen 9] National Dex","log":"|html|<div class=\"broadcast-blue\"><strong>[Gen 9] National Dex is currently suspecting Sneasler! For information on how to participate check out the <a href=\"https:\/\/www.smogon.com\/forums\/threads\/sv-national-dex-suspect-8-just-dance.3731534\/\">suspect thread<\/a>.<\/strong><\/div>\n|j|\u2606CONFUS3\n|j|\u2606Asymatical\n|t:|1701098310\n|gametype|singles\n|player|p1|CONFUS3|rocketgrunt|1192\n|player|p2|Asymatical|169|1084\n|teamsize|p1|6\n|teamsize|p2|6\n|gen|9\n|tier|[Gen 9] National Dex\n|rated|\n|rule|HP Percentage Mod: HP is shown in percentages\n|rule|Endless Battle Clause: Forcing endless battles is banned\n|rule|OHKO Clause: OHKO moves are banned\n|rule|Evasion Clause: Evasion abilities, items, and moves are banned\n|rule|Evasion Abilities Clause: Evasion abilities are banned\n|rule|Evasion Items Clause: Evasion items are banned\n|rule|Evasion Moves Clause: Evasion moves are banned\n|rule|Species Clause: Limit one of each Pok\u00e9mon\n|rule|Sleep Clause Mod: Limit one foe put to sleep\n|clearpoke\n|poke|p1|Goodra-Hisui, M|\n|poke|p1|Arcanine-Hisui, F|\n|poke|p1|Clodsire, F|\n|poke|p1|Hawlucha, F|\n|poke|p1|Bronzong|\n|poke|p1|Araquanid, F|\n|poke|p2|Gliscor, F|\n|poke|p2|Blacephalon|\n|poke|p2|Toxapex, M|\n|poke|p2|Medicham, M|\n|poke|p2|Tropius, F|\n|poke|p2|Kyurem|\n|teampreview\n|inactive|Battle timer is ON: inactive players will automatically lose when time's up. (requested by CONFUS3)\n|\n|t:|1701098315\n|start\n|switch|p1a: Hawlucha|Hawlucha, F|100\/100\n|switch|p2a: Gliscor|Gliscor, F, shiny|100\/100\n|turn|1\n|\n|t:|1701098321\n|move|p1a: Hawlucha|Swagger|p2a: Gliscor\n|-boost|p2a: Gliscor|atk|2\n|-enditem|p1a: Hawlucha|Mirror Herb\n|-boost|p1a: Hawlucha|atk|2|[from] item: Mirror Herb\n|-start|p2a: Gliscor|confusion\n|-activate|p2a: Gliscor|confusion\n|move|p2a: Gliscor|Toxic|p1a: Hawlucha\n|-status|p1a: Hawlucha|tox\n|\n|-damage|p1a: Hawlucha|94\/100 tox|[from] psn\n|-status|p2a: Gliscor|tox|[from] item: Toxic Orb\n|upkeep\n|turn|2\n|\n|t:|1701098334\n|move|p1a: Hawlucha|Acrobatics|p2a: Gliscor\n|-damage|p2a: Gliscor|35\/100 tox\n|-end|p2a: Gliscor|confusion\n|move|p2a: Gliscor|Substitute|p2a: Gliscor\n|-start|p2a: Gliscor|Substitute\n|-damage|p2a: Gliscor|10\/100 tox\n|\n|-damage|p1a: Hawlucha|82\/100 tox|[from] psn\n|-heal|p2a: Gliscor|23\/100 tox|[from] ability: Poison Heal\n|upkeep\n|turn|3\n|\n|t:|1701098345\n|move|p2a: Gliscor|Protect|p2a: Gliscor\n|-singleturn|p2a: Gliscor|Protect\n|move|p1a: Hawlucha|Acrobatics|p2a: Gliscor\n|-activate|p2a: Gliscor|move: Protect\n|\n|-damage|p1a: Hawlucha|64\/100 tox|[from] psn\n|-heal|p2a: Gliscor|35\/100 tox|[from] ability: Poison Heal\n|upkeep\n|turn|4\n|\n|t:|1701098354\n|move|p1a: Hawlucha|Acrobatics|p2a: Gliscor\n|-end|p2a: Gliscor|Substitute\n|move|p2a: Gliscor|Stealth Rock|p1a: Hawlucha\n|-sidestart|p1: CONFUS3|move: Stealth Rock\n|\n|-damage|p1a: Hawlucha|40\/100 tox|[from] psn\n|-heal|p2a: Gliscor|47\/100 tox|[from] ability: Poison Heal\n|upkeep\n|turn|5\n|c|\u2606CONFUS3|Gliscor users deserve to be hit in the head with a brick\n|\n|t:|1701098374\n|move|p2a: Gliscor|Protect|p2a: Gliscor\n|-singleturn|p2a: Gliscor|Protect\n|move|p1a: Hawlucha|Acrobatics|p2a: Gliscor\n|-activate|p2a: Gliscor|move: Protect\n|\n|-damage|p1a: Hawlucha|10\/100 tox|[from] psn\n|-heal|p2a: Gliscor|60\/100 tox|[from] ability: Poison Heal\n|upkeep\n|turn|6\n|c|\u2606Asymatical|facts lol\n|\n|t:|1701098384\n|move|p1a: Hawlucha|Acrobatics|p2a: Gliscor\n|-damage|p2a: Gliscor|0 fnt\n|faint|p2a: Gliscor\n|\n|-damage|p1a: Hawlucha|0 fnt|[from] psn\n|faint|p1a: Hawlucha\n|upkeep\n|\n|t:|1701098395\n|switch|p1a: Goodra|Goodra-Hisui, M|100\/100\n|switch|p2a: Blacephalon|Blacephalon|100\/100\n|-damage|p1a: Goodra|95\/100|[from] Stealth Rock\n|turn|7\n|\n|t:|1701098408\n|move|p2a: Blacephalon|Shadow Ball|p1a: Goodra\n|-damage|p1a: Goodra|60\/100\n|move|p1a: Goodra|Surf|p2a: Blacephalon\n|-supereffective|p2a: Blacephalon\n|-damage|p2a: Blacephalon|0 fnt\n|faint|p2a: Blacephalon\n|\n|upkeep\n|\n|t:|1701098416\n|switch|p2a: Medicham|Medicham, M|100\/100\n|turn|8\n|\n|t:|1701098431\n|detailschange|p2a: Medicham|Medicham-Mega, M\n|-mega|p2a: Medicham|Medicham|Medichamite\n|move|p2a: Medicham|High Jump Kick|p1a: Goodra\n|-supereffective|p1a: Goodra\n|-damage|p1a: Goodra|0 fnt\n|-ability|p1a: Goodra|Gooey\n|-unboost|p2a: Medicham|spe|1\n|faint|p1a: Goodra\n|\n|upkeep\n|\n|t:|1701098436\n|switch|p1a: Araquanid|Araquanid, F|100\/100\n|-damage|p1a: Araquanid|76\/100|[from] Stealth Rock\n|turn|9\n|\n|t:|1701098445\n|-terastallize|p1a: Araquanid|Water\n|move|p2a: Medicham|Ice Punch|p1a: Araquanid\n|-resisted|p1a: Araquanid\n|-damage|p1a: Araquanid|46\/100\n|-enditem|p1a: Araquanid|Sitrus Berry|[eat]\n|-heal|p1a: Araquanid|71\/100|[from] item: Sitrus Berry\n|move|p1a: Araquanid|Liquidation|p2a: Medicham\n|-damage|p2a: Medicham|0 fnt\n|faint|p2a: Medicham\n|\n|upkeep\n|\n|t:|1701098456\n|switch|p2a: Kyurem|Kyurem, shiny|100\/100\n|-ability|p2a: Kyurem|Pressure\n|turn|10\n|\n|t:|1701098464\n|-terastallize|p2a: Kyurem|Bug\n|move|p2a: Kyurem|Dragon Dance|p2a: Kyurem\n|-boost|p2a: Kyurem|atk|1\n|-boost|p2a: Kyurem|spe|1\n|move|p1a: Araquanid|Liquidation|p2a: Kyurem\n|-damage|p2a: Kyurem|2\/100\n|\n|upkeep\n|turn|11\n|\n|t:|1701098479\n|move|p2a: Kyurem|Dragon Pulse|p1a: Araquanid\n|-damage|p1a: Araquanid|41\/100\n|move|p1a: Araquanid|Leech Life|p2a: Kyurem\n|-damage|p2a: Kyurem|0 fnt\n|-heal|p1a: Araquanid|43\/100|[from] drain|[of] p2a: Kyurem\n|faint|p2a: Kyurem\n|\n|upkeep\n|-message|Asymatical forfeited.\n|\n|win|CONFUS3\n|raw|CONFUS3's rating: 1192 &rarr; <strong>1209<\/strong><br \/>(+17 for winning)\n|raw|Asymatical's rating: 1084 &rarr; <strong>1068<\/strong><br \/>(-16 for losing)\n|l|\u2606Asymatical\n","uploadtime":1701098371,"views":2,"p1id":"confus3","p2id":"asymatical","formatid":"gen9nationaldex","rating":1068,"private":0,"password":""}