{"id":"gen9nationaldex-1988937834","p1":"nidokingphysical3","p2":"CapnTophat","format":"[Gen 9] National Dex","log":"|j|\u2606nidokingphysical3\n|j|\u2606CapnTophat\n|t:|1699791161\n|gametype|singles\n|player|p1|nidokingphysical3|beauty|1613\n|player|p2|CapnTophat|wallace|1690\n|teamsize|p1|6\n|teamsize|p2|6\n|gen|9\n|tier|[Gen 9] National Dex\n|rated|\n|rule|HP Percentage Mod: HP is shown in percentages\n|rule|Endless Battle Clause: Forcing endless battles is banned\n|rule|OHKO Clause: OHKO moves are banned\n|rule|Evasion Clause: Evasion abilities, items, and moves are banned\n|rule|Evasion Abilities Clause: Evasion abilities are banned\n|rule|Evasion Items Clause: Evasion items are banned\n|rule|Evasion Moves Clause: Evasion moves are banned\n|rule|Species Clause: Limit one of each Pok\u00e9mon\n|rule|Sleep Clause Mod: Limit one foe put to sleep\n|clearpoke\n|poke|p1|Keldeo-Resolute|\n|poke|p1|Hydreigon, M|\n|poke|p1|Ferrothorn, F|\n|poke|p1|Iron Valiant|\n|poke|p1|Tapu Koko|\n|poke|p1|Toxapex, M|\n|poke|p2|Charizard, F|\n|poke|p2|Great Tusk|\n|poke|p2|Clodsire, F|\n|poke|p2|Ceruledge, M|\n|poke|p2|Victini|\n|poke|p2|Venusaur, M|\n|teampreview\n|inactive|Battle timer is ON: inactive players will automatically lose when time's up. (requested by CapnTophat)\n|c|\u2606nidokingphysical3|gl\n|inactive|CapnTophat has 120 seconds left.\n|\n|t:|1699791211\n|start\n|switch|p1a: Toxapex|Toxapex, M|100\/100\n|switch|p2a: Clodsire|Clodsire, F|100\/100\n|turn|1\n|\n|t:|1699791214\n|move|p1a: Toxapex|Scald|p2a: Clodsire\n|-immune|p2a: Clodsire|[from] ability: Water Absorb\n|move|p2a: Clodsire|Spikes|p1a: Toxapex\n|-sidestart|p1: nidokingphysical3|Spikes\n|\n|upkeep\n|turn|2\n|\n|t:|1699791218\n|move|p1a: Toxapex|Knock Off|p2a: Clodsire\n|-damage|p2a: Clodsire|86\/100\n|-enditem|p2a: Clodsire|Heavy-Duty Boots|[from] move: Knock Off|[of] p1a: Toxapex\n|move|p2a: Clodsire|Toxic|p1a: Toxapex\n|-immune|p1a: Toxapex\n|\n|upkeep\n|turn|3\n|\n|t:|1699791222\n|switch|p1a: Hydreigon|Hydreigon, M|100\/100\n|move|p2a: Clodsire|Spikes|p1a: Hydreigon\n|-sidestart|p1: nidokingphysical3|Spikes\n|\n|upkeep\n|turn|4\n|\n|t:|1699791224\n|move|p1a: Hydreigon|Substitute|p1a: Hydreigon\n|-start|p1a: Hydreigon|Substitute\n|-damage|p1a: Hydreigon|76\/100\n|move|p2a: Clodsire|Toxic||[still]\n|-fail|p2a: Clodsire\n|\n|-heal|p1a: Hydreigon|82\/100|[from] item: Leftovers\n|upkeep\n|turn|5\n|\n|t:|1699791226\n|switch|p2a: Victini|Victini|100\/100\n|move|p1a: Hydreigon|Nasty Plot|p1a: Hydreigon\n|-boost|p1a: Hydreigon|spa|2\n|\n|-heal|p1a: Hydreigon|88\/100|[from] item: Leftovers\n|upkeep\n|turn|6\n|\n|t:|1699791230\n|move|p2a: Victini|U-turn|p1a: Hydreigon\n|-supereffective|p1a: Hydreigon\n|-end|p1a: Hydreigon|Substitute\n|\n|t:|1699791234\n|switch|p2a: Charizard|Charizard, F|100\/100|[from] U-turn\n|move|p1a: Hydreigon|Dark Pulse|p2a: Charizard\n|-damage|p2a: Charizard|0 fnt\n|faint|p2a: Charizard\n|\n|-heal|p1a: Hydreigon|94\/100|[from] item: Leftovers\n|upkeep\n|\n|t:|1699791244\n|switch|p2a: Victini|Victini|100\/100\n|turn|7\n|\n|t:|1699791251\n|switch|p1a: Toxapex|Toxapex, M|100\/100\n|move|p2a: Victini|Trick|p1a: Toxapex\n|-activate|p2a: Victini|move: Trick|[of] p1a: Toxapex\n|-item|p1a: Toxapex|Choice Scarf|[from] move: Trick\n|-item|p2a: Victini|Heavy-Duty Boots|[from] move: Trick\n|\n|upkeep\n|turn|8\n|\n|t:|1699791260\n|move|p2a: Victini|U-turn|p1a: Toxapex\n|-resisted|p1a: Toxapex\n|-damage|p1a: Toxapex|92\/100\n|\n|t:|1699791262\n|switch|p2a: Clodsire|Clodsire, F|86\/100|[from] U-turn\n|move|p1a: Toxapex|Knock Off|p2a: Clodsire\n|-damage|p2a: Clodsire|76\/100\n|\n|upkeep\n|turn|9\n|\n|t:|1699791265\n|move|p1a: Toxapex|Knock Off|p2a: Clodsire\n|-damage|p2a: Clodsire|66\/100\n|move|p2a: Clodsire|Toxic|p1a: Toxapex\n|-immune|p1a: Toxapex\n|\n|upkeep\n|turn|10\n|\n|t:|1699791268\n|switch|p1a: Ferrothorn|Ferrothorn, F, shiny|100\/100\n|-damage|p1a: Ferrothorn|84\/100|[from] Spikes\n|move|p2a: Clodsire|Toxic|p1a: Ferrothorn\n|-immune|p1a: Ferrothorn\n|\n|upkeep\n|turn|11\n|\n|t:|1699791270\n|move|p1a: Ferrothorn|Leech Seed|p2a: Clodsire\n|-start|p2a: Clodsire|move: Leech Seed\n|move|p2a: Clodsire|Spikes|p1a: Ferrothorn\n|-sidestart|p1: nidokingphysical3|Spikes\n|\n|-damage|p2a: Clodsire|54\/100|[from] Leech Seed|[of] p1a: Ferrothorn\n|-heal|p1a: Ferrothorn|99\/100|[silent]\n|upkeep\n|turn|12\n|\n|t:|1699791272\n|move|p2a: Clodsire|Recover|p2a: Clodsire\n|-heal|p2a: Clodsire|100\/100\n|move|p1a: Ferrothorn|Stealth Rock|p2a: Clodsire\n|-sidestart|p2: CapnTophat|move: Stealth Rock\n|\n|-damage|p2a: Clodsire|88\/100|[from] Leech Seed|[of] p1a: Ferrothorn\n|-heal|p1a: Ferrothorn|100\/100|[silent]\n|upkeep\n|turn|13\n|\n|t:|1699791276\n|switch|p2a: Great Tusk|Great Tusk|100\/100\n|-damage|p2a: Great Tusk|97\/100|[from] Stealth Rock\n|move|p1a: Ferrothorn|Power Whip|p2a: Great Tusk\n|-supereffective|p2a: Great Tusk\n|-damage|p2a: Great Tusk|60\/100\n|\n|-heal|p2a: Great Tusk|66\/100|[from] item: Leftovers\n|upkeep\n|turn|14\n|\n|t:|1699791278\n|move|p2a: Great Tusk|Rapid Spin|p1a: Ferrothorn\n|-resisted|p1a: Ferrothorn\n|-damage|p1a: Ferrothorn|96\/100\n|-boost|p2a: Great Tusk|spe|1\n|-damage|p2a: Great Tusk|54\/100|[from] ability: Iron Barbs|[of] p1a: Ferrothorn\n|-damage|p2a: Great Tusk|37\/100|[from] item: Rocky Helmet|[of] p1a: Ferrothorn\n|-sideend|p2: CapnTophat|Stealth Rock|[from] move: Rapid Spin|[of] p2a: Great Tusk\n|move|p1a: Ferrothorn|Leech Seed|p2a: Great Tusk|[miss]\n|-miss|p1a: Ferrothorn|p2a: Great Tusk\n|\n|-heal|p2a: Great Tusk|43\/100|[from] item: Leftovers\n|upkeep\n|turn|15\n|\n|t:|1699791281\n|-end|p2a: Great Tusk|Protosynthesis|[silent]\n|switch|p2a: Ceruledge|Ceruledge, M|100\/100\n|move|p1a: Ferrothorn|Power Whip|p2a: Ceruledge\n|-resisted|p2a: Ceruledge\n|-damage|p2a: Ceruledge|72\/100\n|-ability|p2a: Ceruledge|Weak Armor|boost\n|-unboost|p2a: Ceruledge|def|1\n|-boost|p2a: Ceruledge|spe|2\n|\n|upkeep\n|turn|16\n|\n|t:|1699791288\n|-terastallize|p1a: Ferrothorn|Poison\n|move|p2a: Ceruledge|Swords Dance|p2a: Ceruledge\n|-boost|p2a: Ceruledge|atk|2\n|move|p1a: Ferrothorn|Knock Off|p2a: Ceruledge\n|-supereffective|p2a: Ceruledge\n|-damage|p2a: Ceruledge|0 fnt\n|-enditem|p2a: Ceruledge|Focus Sash|[from] move: Knock Off|[of] p1a: Ferrothorn\n|faint|p2a: Ceruledge\n|\n|upkeep\n|\n|t:|1699791294\n|switch|p2a: Great Tusk|Great Tusk|43\/100\n|turn|17\n|\n|t:|1699791298\n|move|p2a: Great Tusk|Earthquake|p1a: Ferrothorn\n|-supereffective|p1a: Ferrothorn\n|-damage|p1a: Ferrothorn|38\/100\n|move|p1a: Ferrothorn|Power Whip|p2a: Great Tusk\n|-supereffective|p2a: Great Tusk\n|-damage|p2a: Great Tusk|1\/100\n|\n|-heal|p2a: Great Tusk|8\/100|[from] item: Leftovers\n|upkeep\n|turn|18\n|\n|t:|1699791309\n|move|p2a: Great Tusk|Ice Spinner|p1a: Ferrothorn\n|-damage|p1a: Ferrothorn|22\/100\n|-damage|p2a: Great Tusk|0 fnt|[from] ability: Iron Barbs|[of] p1a: Ferrothorn\n|faint|p2a: Great Tusk\n|-end|p2a: Great Tusk|Protosynthesis|[silent]\n|move|p1a: Ferrothorn|Power Whip|p2: Great Tusk|[notarget]\n|-fail|p1a: Ferrothorn\n|\n|upkeep\n|\n|t:|1699791315\n|switch|p2a: Venusaur|Venusaur, M|100\/100\n|turn|19\n|\n|t:|1699791320\n|move|p2a: Venusaur|Growth|p2a: Venusaur\n|-boost|p2a: Venusaur|atk|1\n|-boost|p2a: Venusaur|spa|1\n|move|p1a: Ferrothorn|Knock Off|p2a: Venusaur\n|-damage|p2a: Venusaur|82\/100\n|\n|upkeep\n|turn|20\n|\n|t:|1699791323\n|move|p2a: Venusaur|Earth Power|p1a: Ferrothorn\n|-supereffective|p1a: Ferrothorn\n|-damage|p1a: Ferrothorn|0 fnt\n|faint|p1a: Ferrothorn\n|\n|upkeep\n|\n|t:|1699791328\n|switch|p1a: Hydreigon|Hydreigon, M|94\/100\n|turn|21\n|\n|t:|1699791330\n|move|p1a: Hydreigon|Substitute|p1a: Hydreigon\n|-start|p1a: Hydreigon|Substitute\n|-damage|p1a: Hydreigon|69\/100\n|-zpower|p2a: Venusaur\n|move|p2a: Venusaur|Bloom Doom|p1a: Hydreigon|[zeffect]\n|-resisted|p1a: Hydreigon\n|-end|p1a: Hydreigon|Substitute\n|\n|-heal|p1a: Hydreigon|75\/100|[from] item: Leftovers\n|upkeep\n|turn|22\n|\n|t:|1699791333\n|move|p1a: Hydreigon|Substitute|p1a: Hydreigon\n|-start|p1a: Hydreigon|Substitute\n|-damage|p1a: Hydreigon|50\/100\n|move|p2a: Venusaur|Weather Ball|p1a: Hydreigon\n|-end|p1a: Hydreigon|Substitute\n|\n|-heal|p1a: Hydreigon|57\/100|[from] item: Leftovers\n|upkeep\n|turn|23\n|\n|t:|1699791337\n|move|p1a: Hydreigon|Dark Pulse|p2a: Venusaur\n|-damage|p2a: Venusaur|36\/100\n|move|p2a: Venusaur|Weather Ball|p1a: Hydreigon\n|-damage|p1a: Hydreigon|33\/100\n|\n|-heal|p1a: Hydreigon|39\/100|[from] item: Leftovers\n|upkeep\n|turn|24\n|\n|t:|1699791341\n|move|p1a: Hydreigon|Dark Pulse|p2a: Venusaur\n|-damage|p2a: Venusaur|0 fnt\n|faint|p2a: Venusaur\n|\n|-heal|p1a: Hydreigon|46\/100|[from] item: Leftovers\n|upkeep\n|\n|t:|1699791342\n|switch|p2a: Victini|Victini|100\/100\n|turn|25\n|\n|t:|1699791345\n|switch|p1a: Toxapex|Toxapex, M|100\/100\n|-damage|p1a: Toxapex|75\/100|[from] Spikes\n|move|p2a: Victini|U-turn|p1a: Toxapex\n|-resisted|p1a: Toxapex\n|-damage|p1a: Toxapex|68\/100\n|\n|t:|1699791347\n|switch|p2a: Clodsire|Clodsire, F|88\/100|[from] U-turn\n|\n|upkeep\n|turn|26\n|\n|t:|1699791351\n|move|p1a: Toxapex|Knock Off|p2a: Clodsire\n|-damage|p2a: Clodsire|78\/100\n|move|p2a: Clodsire|Toxic|p1a: Toxapex\n|-immune|p1a: Toxapex\n|\n|upkeep\n|turn|27\n|\n|t:|1699791353\n|move|p1a: Toxapex|Knock Off|p2a: Clodsire\n|-damage|p2a: Clodsire|67\/100\n|move|p2a: Clodsire|Toxic|p1a: Toxapex\n|-immune|p1a: Toxapex\n|\n|upkeep\n|turn|28\n|\n|t:|1699791355\n|move|p1a: Toxapex|Knock Off|p2a: Clodsire\n|-damage|p2a: Clodsire|58\/100\n|move|p2a: Clodsire|Toxic|p1a: Toxapex\n|-immune|p1a: Toxapex\n|\n|upkeep\n|turn|29\n|\n|t:|1699791357\n|move|p1a: Toxapex|Knock Off|p2a: Clodsire\n|-damage|p2a: Clodsire|48\/100\n|move|p2a: Clodsire|Earthquake|p1a: Toxapex\n|-supereffective|p1a: Toxapex\n|-crit|p1a: Toxapex\n|-damage|p1a: Toxapex|9\/100\n|\n|upkeep\n|turn|30\n|\n|t:|1699791360\n|move|p1a: Toxapex|Knock Off|p2a: Clodsire\n|-damage|p2a: Clodsire|38\/100\n|move|p2a: Clodsire|Recover|p2a: Clodsire\n|-heal|p2a: Clodsire|88\/100\n|\n|upkeep\n|turn|31\n|\n|t:|1699791371\n|switch|p2a: Victini|Victini|100\/100\n|move|p1a: Toxapex|Knock Off|p2a: Victini\n|-supereffective|p2a: Victini\n|-crit|p2a: Victini\n|-damage|p2a: Victini|62\/100\n|-enditem|p2a: Victini|Heavy-Duty Boots|[from] move: Knock Off|[of] p1a: Toxapex\n|\n|upkeep\n|turn|32\n|\n|t:|1699791376\n|switch|p1a: Tapu Koko|Tapu Koko, shiny|100\/100\n|-damage|p1a: Tapu Koko|76\/100|[from] Spikes\n|-fieldstart|move: Electric Terrain|[from] ability: Electric Surge|[of] p1a: Tapu Koko\n|move|p2a: Victini|Bolt Strike|p1a: Tapu Koko\n|-resisted|p1a: Tapu Koko\n|-damage|p1a: Tapu Koko|40\/100\n|\n|upkeep\n|turn|33\n|\n|t:|1699791384\n|switch|p2a: Clodsire|Clodsire, F|88\/100\n|move|p1a: Tapu Koko|Defog|p2a: Clodsire\n|-unboost|p2a: Clodsire|evasion|1\n|-sideend|p1: nidokingphysical3|Spikes|[from] move: Defog|[of] p1a: Tapu Koko\n|-fieldend|move: Electric Terrain\n|\n|upkeep\n|turn|34\n|\n|t:|1699791386\n|move|p1a: Tapu Koko|U-turn|p2a: Clodsire\n|-resisted|p2a: Clodsire\n|-damage|p2a: Clodsire|76\/100\n|\n|t:|1699791389\n|switch|p1a: Toxapex|Toxapex, M|42\/100|[from] U-turn\n|move|p2a: Clodsire|Toxic|p1a: Toxapex\n|-immune|p1a: Toxapex\n|\n|upkeep\n|turn|35\n|\n|t:|1699791391\n|switch|p1a: Hydreigon|Hydreigon, M|46\/100\n|move|p2a: Clodsire|Earthquake|p1a: Hydreigon\n|-immune|p1a: Hydreigon|[from] ability: Levitate\n|\n|-heal|p1a: Hydreigon|52\/100|[from] item: Leftovers\n|upkeep\n|turn|36\n|\n|t:|1699791393\n|switch|p2a: Victini|Victini|62\/100\n|move|p1a: Hydreigon|Substitute|p1a: Hydreigon\n|-start|p1a: Hydreigon|Substitute\n|-damage|p1a: Hydreigon|27\/100\n|\n|-heal|p1a: Hydreigon|33\/100|[from] item: Leftovers\n|upkeep\n|turn|37\n|\n|t:|1699791395\n|move|p2a: Victini|U-turn|p1a: Hydreigon\n|-supereffective|p1a: Hydreigon\n|-end|p1a: Hydreigon|Substitute\n|\n|t:|1699791397\n|switch|p2a: Clodsire|Clodsire, F|76\/100|[from] U-turn\n|move|p1a: Hydreigon|Dark Pulse|p2a: Clodsire\n|-damage|p2a: Clodsire|53\/100\n|\n|-heal|p1a: Hydreigon|39\/100|[from] item: Leftovers\n|upkeep\n|turn|38\n|\n|t:|1699791400\n|switch|p2a: Victini|Victini|62\/100\n|move|p1a: Hydreigon|Earth Power|p2a: Victini\n|-supereffective|p2a: Victini\n|-damage|p2a: Victini|0 fnt\n|faint|p2a: Victini\n|\n|-heal|p1a: Hydreigon|45\/100|[from] item: Leftovers\n|upkeep\n|\n|t:|1699791401\n|switch|p2a: Clodsire|Clodsire, F|53\/100\n|turn|39\n|-message|CapnTophat forfeited.\n|\n|win|nidokingphysical3\n|raw|nidokingphysical3's rating: 1613 &rarr; <strong>1637<\/strong><br \/>(+24 for winning)\n|raw|CapnTophat's rating: 1690 &rarr; <strong>1666<\/strong><br \/>(-24 for losing)\n|l|\u2606CapnTophat\n|c|\u2606nidokingphysical3|gg\n","uploadtime":1699791409,"views":6,"p1id":"nidokingphysical3","p2id":"capntophat","formatid":"gen9nationaldex","rating":1637,"private":0,"password":""}