{"id":"gen9nationaldex-1992191264","p1":"Siddharth42c","p2":"The power of ROCK","format":"[Gen 9] National Dex","log":"|j|\u2606Siddharth42c\n|j|\u2606The power of ROCK\n|inactive|Battle timer is ON: inactive players will automatically lose when time's up.\n|t:|1700162552\n|gametype|singles\n|player|p1|Siddharth42c|red-gen1main|\n|player|p2|The power of ROCK|roark|\n|teamsize|p1|6\n|teamsize|p2|6\n|gen|9\n|tier|[Gen 9] National Dex\n|rated|Tournament battle\n|rule|HP Percentage Mod: HP is shown in percentages\n|rule|Endless Battle Clause: Forcing endless battles is banned\n|rule|OHKO Clause: OHKO moves are banned\n|rule|Evasion Clause: Evasion abilities, items, and moves are banned\n|rule|Evasion Abilities Clause: Evasion abilities are banned\n|rule|Evasion Items Clause: Evasion items are banned\n|rule|Evasion Moves Clause: Evasion moves are banned\n|rule|Species Clause: Limit one of each Pok\u00e9mon\n|rule|Sleep Clause Mod: Limit one foe put to sleep\n|clearpoke\n|poke|p1|Slowbro, F|\n|poke|p1|Moltres|\n|poke|p1|Ursaluna, F|\n|poke|p1|Garchomp, F|\n|poke|p1|Ferrothorn, F|\n|poke|p1|Greninja-*, F|\n|poke|p2|Tyranitar, M|\n|poke|p2|Garganacl, F|\n|poke|p2|Aggron, M|\n|poke|p2|Cradily, M|\n|poke|p2|Glimmora, F|\n|poke|p2|Avalugg-Hisui, M|\n|teampreview\n|inactive|Siddharth42c also wants the timer to be on.\n|j| greencake\n|c|\u2606The power of ROCK|Welcome to the ROCK gym\n|j| Rillamaui\n|c|\u2606Siddharth42c|ur trolling or something?\n|inactive|The power of ROCK has 120 seconds left.\n|j| its for fun lol\n|\n|t:|1700162599\n|start\n|switch|p1a: Garchomp|Garchomp, F|100\/100\n|switch|p2a: Avalugg|Avalugg-Hisui, M|100\/100\n|turn|1\n|\n|t:|1700162609\n|detailschange|p1a: Garchomp|Garchomp-Mega, F\n|-mega|p1a: Garchomp|Garchomp|Garchompite\n|move|p1a: Garchomp|Fire Blast|p2a: Avalugg\n|-damage|p2a: Avalugg|29\/100\n|move|p2a: Avalugg|Avalanche|p1a: Garchomp\n|-supereffective|p1a: Garchomp\n|-damage|p1a: Garchomp|0 fnt\n|faint|p1a: Garchomp\n|\n|upkeep\n|j| leona misa\n|\n|t:|1700162619\n|switch|p1a: Ferrothorn|Ferrothorn, F|100\/100\n|turn|2\n|\n|t:|1700162628\n|move|p2a: Avalugg|Rapid Spin|p1a: Ferrothorn\n|-resisted|p1a: Ferrothorn\n|-damage|p1a: Ferrothorn|96\/100\n|-boost|p2a: Avalugg|spe|1\n|-damage|p2a: Avalugg|16\/100|[from] ability: Iron Barbs|[of] p1a: Ferrothorn\n|-damage|p2a: Avalugg|0 fnt|[from] item: Rocky Helmet|[of] p1a: Ferrothorn\n|faint|p2a: Avalugg\n|move|p1a: Ferrothorn|Leech Seed|p2: Avalugg|[notarget]\n|-fail|p1a: Ferrothorn\n|\n|upkeep\n|\n|t:|1700162634\n|switch|p2a: Glimmora|Glimmora, F|100\/100\n|turn|3\n|\n|t:|1700162638\n|move|p2a: Glimmora|Spikes|p1a: Ferrothorn\n|-sidestart|p1: Siddharth42c|Spikes\n|move|p1a: Ferrothorn|Leech Seed|p2a: Glimmora\n|-start|p2a: Glimmora|move: Leech Seed\n|\n|-damage|p2a: Glimmora|88\/100|[from] Leech Seed|[of] p1a: Ferrothorn\n|-heal|p1a: Ferrothorn|100\/100|[silent]\n|upkeep\n|turn|4\n|\n|t:|1700162642\n|move|p2a: Glimmora|Spikes|p1a: Ferrothorn\n|-sidestart|p1: Siddharth42c|Spikes\n|move|p1a: Ferrothorn|Stealth Rock|p2a: Glimmora\n|-sidestart|p2: The power of ROCK|move: Stealth Rock\n|\n|-damage|p2a: Glimmora|76\/100|[from] Leech Seed|[of] p1a: Ferrothorn\n|upkeep\n|turn|5\n|\n|t:|1700162648\n|switch|p2a: Cradily|Cradily, M|100\/100\n|-damage|p2a: Cradily|88\/100|[from] Stealth Rock\n|move|p1a: Ferrothorn|Gyro Ball|p2a: Cradily\n|-supereffective|p2a: Cradily\n|-damage|p2a: Cradily|57\/100\n|\n|upkeep\n|turn|6\n|\n|t:|1700162663\n|move|p2a: Cradily|Infestation|p1a: Ferrothorn\n|-damage|p1a: Ferrothorn|98\/100\n|-activate|p1a: Ferrothorn|move: Infestation|[of] p2a: Cradily\n|-damage|p2a: Cradily|45\/100|[from] ability: Iron Barbs|[of] p1a: Ferrothorn\n|-damage|p2a: Cradily|28\/100|[from] item: Rocky Helmet|[of] p1a: Ferrothorn\n|move|p1a: Ferrothorn|Gyro Ball|p2a: Cradily\n|-supereffective|p2a: Cradily\n|-crit|p2a: Cradily\n|-damage|p2a: Cradily|0 fnt\n|faint|p2a: Cradily\n|\n|-end|p1a: Ferrothorn|Infestation|[partiallytrapped]|[silent]\n|upkeep\n|\n|t:|1700162665\n|switch|p2a: Garganacl|Garganacl, F|100\/100\n|-damage|p2a: Garganacl|88\/100|[from] Stealth Rock\n|turn|7\n|\n|t:|1700162674\n|-terastallize|p2a: Garganacl|Ghost\n|move|p2a: Garganacl|Iron Defense|p2a: Garganacl\n|-boost|p2a: Garganacl|def|2\n|move|p1a: Ferrothorn|Leech Seed|p2a: Garganacl\n|-start|p2a: Garganacl|move: Leech Seed\n|\n|-damage|p2a: Garganacl|76\/100|[from] Leech Seed|[of] p1a: Ferrothorn\n|-heal|p1a: Ferrothorn|100\/100|[silent]\n|upkeep\n|turn|8\n|\n|t:|1700162691\n|move|p2a: Garganacl|Iron Defense|p2a: Garganacl\n|-boost|p2a: Garganacl|def|2\n|move|p1a: Ferrothorn|Gyro Ball|p2a: Garganacl\n|-damage|p2a: Garganacl|71\/100\n|\n|-damage|p2a: Garganacl|59\/100|[from] Leech Seed|[of] p1a: Ferrothorn\n|upkeep\n|turn|9\n|\n|t:|1700162695\n|move|p2a: Garganacl|Iron Defense|p2a: Garganacl\n|-boost|p2a: Garganacl|def|2\n|move|p1a: Ferrothorn|Gyro Ball|p2a: Garganacl\n|-damage|p2a: Garganacl|55\/100\n|\n|-damage|p2a: Garganacl|43\/100|[from] Leech Seed|[of] p1a: Ferrothorn\n|upkeep\n|turn|10\n|\n|t:|1700162703\n|-terastallize|p1a: Ferrothorn|Ghost\n|move|p2a: Garganacl|Recover|p2a: Garganacl\n|-heal|p2a: Garganacl|93\/100\n|move|p1a: Ferrothorn|Power Whip|p2a: Garganacl\n|-damage|p2a: Garganacl|85\/100\n|\n|-damage|p2a: Garganacl|73\/100|[from] Leech Seed|[of] p1a: Ferrothorn\n|upkeep\n|turn|11\n|\n|t:|1700162712\n|move|p2a: Garganacl|Salt Cure|p1a: Ferrothorn\n|-damage|p1a: Ferrothorn|90\/100\n|-start|p1a: Ferrothorn|Salt Cure\n|move|p1a: Ferrothorn|Gyro Ball|p2a: Garganacl\n|-damage|p2a: Garganacl|70\/100\n|\n|-damage|p2a: Garganacl|57\/100|[from] Leech Seed|[of] p1a: Ferrothorn\n|-heal|p1a: Ferrothorn|100\/100|[silent]\n|-damage|p1a: Ferrothorn|88\/100|[from] Salt Cure\n|upkeep\n|turn|12\n|\n|t:|1700162721\n|move|p2a: Garganacl|Recover|p2a: Garganacl\n|-heal|p2a: Garganacl|100\/100\n|move|p1a: Ferrothorn|Power Whip|p2a: Garganacl\n|-damage|p2a: Garganacl|94\/100\n|\n|-damage|p2a: Garganacl|81\/100|[from] Leech Seed|[of] p1a: Ferrothorn\n|-heal|p1a: Ferrothorn|100\/100|[silent]\n|-damage|p1a: Ferrothorn|88\/100|[from] Salt Cure\n|upkeep\n|turn|13\n|\n|t:|1700162731\n|switch|p2a: Glimmora|Glimmora, F|76\/100\n|-damage|p2a: Glimmora|63\/100|[from] Stealth Rock\n|move|p1a: Ferrothorn|Stealth Rock||[still]\n|-fail|p1a: Ferrothorn\n|\n|-damage|p1a: Ferrothorn|75\/100|[from] Salt Cure\n|upkeep\n|turn|14\n|\n|t:|1700162734\n|move|p2a: Glimmora|Mortal Spin|p1a: Ferrothorn\n|-resisted|p1a: Ferrothorn\n|-damage|p1a: Ferrothorn|74\/100\n|-status|p1a: Ferrothorn|psn\n|-damage|p2a: Glimmora|51\/100|[from] ability: Iron Barbs|[of] p1a: Ferrothorn\n|-damage|p2a: Glimmora|35\/100|[from] item: Rocky Helmet|[of] p1a: Ferrothorn\n|-sideend|p2: The power of ROCK|Stealth Rock|[from] move: Mortal Spin|[of] p2a: Glimmora\n|move|p1a: Ferrothorn|Leech Seed|p2a: Glimmora\n|-start|p2a: Glimmora|move: Leech Seed\n|\n|-damage|p2a: Glimmora|22\/100|[from] Leech Seed|[of] p1a: Ferrothorn\n|-heal|p1a: Ferrothorn|84\/100 psn|[silent]\n|-damage|p1a: Ferrothorn|72\/100 psn|[from] psn\n|-damage|p1a: Ferrothorn|59\/100 psn|[from] Salt Cure\n|upkeep\n|turn|15\n|\n|t:|1700162740\n|switch|p2a: Garganacl|Garganacl, F, tera:Ghost|81\/100\n|move|p1a: Ferrothorn|Gyro Ball|p2a: Garganacl\n|-damage|p2a: Garganacl|69\/100\n|\n|-damage|p1a: Ferrothorn|47\/100 psn|[from] psn\n|-damage|p1a: Ferrothorn|34\/100 psn|[from] Salt Cure\n|upkeep\n|turn|16\n|\n|t:|1700162746\n|switch|p1a: Slowbro|Slowbro, F|100\/100\n|-damage|p1a: Slowbro|84\/100|[from] Spikes\n|move|p2a: Garganacl|Iron Defense|p2a: Garganacl\n|-boost|p2a: Garganacl|def|2\n|\n|upkeep\n|turn|17\n|\n|t:|1700162755\n|move|p2a: Garganacl|Recover|p2a: Garganacl\n|-heal|p2a: Garganacl|100\/100\n|move|p1a: Slowbro|Future Sight|p2a: Garganacl\n|-start|p1a: Slowbro|move: Future Sight\n|\n|upkeep\n|turn|18\n|\n|t:|1700162760\n|move|p2a: Garganacl|Iron Defense|p2a: Garganacl\n|-boost|p2a: Garganacl|def|2\n|move|p1a: Slowbro|Scald|p2a: Garganacl\n|-damage|p2a: Garganacl|75\/100\n|-enditem|p2a: Garganacl|Maranga Berry|[eat]\n|-boost|p2a: Garganacl|spd|1|[from] item: Maranga Berry\n|\n|upkeep\n|turn|19\n|\n|t:|1700162769\n|move|p2a: Garganacl|Iron Defense|p2a: Garganacl\n|-boost|p2a: Garganacl|def|2\n|move|p1a: Slowbro|Scald|p2a: Garganacl\n|-damage|p2a: Garganacl|59\/100\n|\n|-end|p2a: Garganacl|move: Future Sight\n|-damage|p2a: Garganacl|31\/100\n|upkeep\n|turn|20\n|\n|t:|1700162776\n|move|p2a: Garganacl|Recover|p2a: Garganacl\n|-heal|p2a: Garganacl|81\/100\n|move|p1a: Slowbro|Future Sight|p2a: Garganacl\n|-start|p1a: Slowbro|move: Future Sight\n|\n|upkeep\n|turn|21\n|\n|t:|1700162780\n|move|p2a: Garganacl|Salt Cure|p1a: Slowbro\n|-damage|p1a: Slowbro|73\/100\n|-start|p1a: Slowbro|Salt Cure\n|move|p1a: Slowbro|Scald|p2a: Garganacl\n|-damage|p2a: Garganacl|64\/100\n|\n|-damage|p1a: Slowbro|48\/100|[from] Salt Cure\n|upkeep\n|turn|22\n|j| Potatofromsinnoh\n|\n|t:|1700162786\n|move|p2a: Garganacl|Recover|p2a: Garganacl\n|-heal|p2a: Garganacl|100\/100\n|move|p1a: Slowbro|Teleport|p1a: Slowbro\n|\n|t:|1700162791\n|switch|p1a: Ferrothorn|Ferrothorn, F, tera:Ghost|34\/100 psn|[from] Teleport\n|-damage|p1a: Ferrothorn|18\/100 psn|[from] Spikes\n|\n|-end|p2a: Garganacl|move: Future Sight\n|-damage|p2a: Garganacl|76\/100\n|-damage|p1a: Ferrothorn|5\/100 psn|[from] psn\n|upkeep\n|turn|23\n|c| Potatofromsinnoh|NOOOOOOO\n|\n|t:|1700162797\n|move|p2a: Garganacl|Salt Cure|p1a: Ferrothorn\n|-damage|p1a: Ferrothorn|0 fnt\n|faint|p1a: Ferrothorn\n|\n|upkeep\n|c| Potatofromsinnoh|no more garg sweeps !\n|\n|t:|1700162805\n|switch|p1a: Moltres|Moltres|100\/100\n|-ability|p1a: Moltres|Pressure\n|turn|24\n|\n|t:|1700162811\n|move|p1a: Moltres|Hurricane|p2a: Garganacl|[miss]\n|-miss|p1a: Moltres|p2a: Garganacl\n|move|p2a: Garganacl|Salt Cure|p1a: Moltres\n|-supereffective|p1a: Moltres\n|-damage|p1a: Moltres|50\/100\n|-start|p1a: Moltres|Salt Cure\n|\n|-damage|p1a: Moltres|38\/100|[from] Salt Cure\n|upkeep\n|turn|25\n|c|\u2606The power of ROCK|garg sweeps are cute\n|c|\u2606The power of ROCK|look how cute it looks\n|\n|t:|1700162830\n|move|p1a: Moltres|Hurricane|p2a: Garganacl|[miss]\n|-miss|p1a: Moltres|p2a: Garganacl\n|move|p2a: Garganacl|Recover|p2a: Garganacl\n|-heal|p2a: Garganacl|100\/100\n|\n|-damage|p1a: Moltres|25\/100|[from] Salt Cure\n|upkeep\n|turn|26\n|c| Potatofromsinnoh|i hate that fucking salt golem\n|\n|t:|1700162837\n|move|p1a: Moltres|Hurricane|p2a: Garganacl\n|-damage|p2a: Garganacl|80\/100\n|move|p2a: Garganacl|Salt Cure|p1a: Moltres\n|-supereffective|p1a: Moltres\n|-damage|p1a: Moltres|0 fnt\n|faint|p1a: Moltres\n|\n|upkeep\n|c| Potatofromsinnoh|bro you woulda gotten smoked if both of those hit\n|\n|t:|1700162850\n|switch|p1a: Greninja|Greninja, F|100\/100\n|-damage|p1a: Greninja|84\/100|[from] Spikes\n|turn|27\n|c|\u2606Siddharth42c|ikr\n|\n|t:|1700162860\n|move|p1a: Greninja|Ice Beam|p2a: Garganacl\n|-start|p1a: Greninja|typechange|Ice|[from] ability: Protean\n|-damage|p2a: Garganacl|66\/100\n|move|p2a: Garganacl|Body Press|p1a: Greninja\n|-supereffective|p1a: Greninja\n|-damage|p1a: Greninja|0 fnt\n|faint|p1a: Greninja\n|\n|upkeep\n|\n|t:|1700162866\n|switch|p1a: Slowbro|Slowbro, F|82\/100\n|-damage|p1a: Slowbro|65\/100|[from] Spikes\n|turn|28\n|c|\u2606The power of ROCK|erm\n|c| its for fun lol|do you not have dark pulse\u2026\n|c|\u2606The power of ROCK|hurricane to a max hp, max sp.def garg at +1\n|c|\u2606The power of ROCK|does 0\n|c| Potatofromsinnoh|naw\n|c|\u2606The power of ROCK|dark pulse does 29\n|c|\u2606The power of ROCK|trust me\n|inactive|The power of ROCK has 120 seconds left.\n|c|\u2606The power of ROCK|i know my clac\n|c|\u2606The power of ROCK|s\n|c| its for fun lol|but flinch chance\n|\n|t:|1700162904\n|move|p2a: Garganacl|Salt Cure|p1a: Slowbro\n|-damage|p1a: Slowbro|54\/100\n|-start|p1a: Slowbro|Salt Cure\n|move|p1a: Slowbro|Trick Room|p1a: Slowbro\n|-fieldstart|move: Trick Room|[of] p1a: Slowbro\n|\n|-damage|p1a: Slowbro|29\/100|[from] Salt Cure\n|upkeep\n|turn|29\n|inactive|The power of ROCK has 120 seconds left.\n|\n|t:|1700162909\n|move|p2a: Garganacl|Recover|p2a: Garganacl\n|-heal|p2a: Garganacl|100\/100\n|move|p1a: Slowbro|Teleport|p1a: Slowbro\n|\n|t:|1700162912\n|switch|p1a: Ursaluna|Ursaluna, F|100\/100|[from] Teleport\n|-damage|p1a: Ursaluna|84\/100|[from] Spikes\n|\n|-status|p1a: Ursaluna|brn|[from] item: Flame Orb\n|upkeep\n|turn|30\n|\n|t:|1700162915\n|move|p2a: Garganacl|Body Press|p1a: Ursaluna\n|-supereffective|p1a: Ursaluna\n|-damage|p1a: Ursaluna|0 fnt\n|faint|p1a: Ursaluna\n|\n|upkeep\n|\n|t:|1700162919\n|switch|p1a: Slowbro|Slowbro, F|62\/100\n|-damage|p1a: Slowbro|46\/100|[from] Spikes\n|turn|31\n|c|\u2606Siddharth42c|gg\n|c|\u2606The power of ROCK|gg\n|c|\u2606Siddharth42c|i hate you\n|c|\u2606The power of ROCK|xD\n|c| its for fun lol|lol\n|c| Potatofromsinnoh|\u261d\ufe0f\ud83e\udd13\n|-message|Siddharth42c forfeited.\n|\n|win|The power of ROCK\n|n|\u2606Siddharth42c|siddharth42c\n|n|\u2606The power of ROCK|thepowerofrock\n|n| greencake|greencake\n|n| Rillamaui|rillamaui\n|n| its for fun lol|itsforfunlol\n|n| leona misa|leonamisa\n|n| Potatofromsinnoh|potatofromsinnoh\n|l| its for fun lol\n|l| leona misa\n|l| Potatofromsinnoh\n|l|\u2606Siddharth42c\n|l| greencake\n","uploadtime":1700162942,"views":5,"p1id":"siddharth42c","p2id":"thepowerofrock","formatid":"gen9nationaldex","rating":0,"private":0,"password":""}