{"id":"gen9nationaldex-1995079841","p1":"LEONERROR500","p2":"Pokrunk","format":"[Gen 9] National Dex","log":"|html|<div class=\"broadcast-blue\"><strong>[Gen 9] National Dex is currently suspecting Sneasler! For information on how to participate check out the <a href=\"https:\/\/www.smogon.com\/forums\/threads\/sv-national-dex-suspect-8-just-dance.3731534\/\">suspect thread<\/a>.<\/strong><\/div>\n|j|\u2606LEONERROR500\n|j|\u2606Pokrunk\n|t:|1700520326\n|gametype|singles\n|player|p1|LEONERROR500|red|1644\n|player|p2|Pokrunk|red-gen1rb|1666\n|teamsize|p1|6\n|teamsize|p2|6\n|gen|9\n|tier|[Gen 9] National Dex\n|rated|\n|rule|HP Percentage Mod: HP is shown in percentages\n|rule|Endless Battle Clause: Forcing endless battles is banned\n|rule|OHKO Clause: OHKO moves are banned\n|rule|Evasion Clause: Evasion abilities, items, and moves are banned\n|rule|Evasion Abilities Clause: Evasion abilities are banned\n|rule|Evasion Items Clause: Evasion items are banned\n|rule|Evasion Moves Clause: Evasion moves are banned\n|rule|Species Clause: Limit one of each Pok\u00e9mon\n|rule|Sleep Clause Mod: Limit one foe put to sleep\n|clearpoke\n|poke|p1|Meowscarada, F|\n|poke|p1|Great Tusk|\n|poke|p1|Heatran, F|\n|poke|p1|Zapdos|\n|poke|p1|Ogerpon-Wellspring, F|\n|poke|p1|Tapu Lele|\n|poke|p2|Kleavor, F|\n|poke|p2|Aegislash, F|\n|poke|p2|Garchomp, M|\n|poke|p2|Alomomola, M|\n|poke|p2|Urshifu-*, M|\n|poke|p2|Ogerpon, F|\n|teampreview\n|inactive|Battle timer is ON: inactive players will automatically lose when time's up. (requested by LEONERROR500)\n|\n|t:|1700520336\n|start\n|switch|p1a: Great Tusk|Great Tusk|100\/100\n|switch|p2a: Kleavor|Kleavor, F|100\/100\n|turn|1\n|\n|t:|1700520339\n|switch|p2a: Alomomola|Alomomola, M|100\/100\n|move|p1a: Great Tusk|Headlong Rush|p2a: Alomomola\n|-damage|p2a: Alomomola|47\/100\n|-unboost|p1a: Great Tusk|def|1\n|-unboost|p1a: Great Tusk|spd|1\n|-damage|p1a: Great Tusk|84\/100|[from] item: Rocky Helmet|[of] p2a: Alomomola\n|\n|upkeep\n|turn|2\n|\n|t:|1700520350\n|move|p2a: Alomomola|Protect|p2a: Alomomola\n|-singleturn|p2a: Alomomola|Protect\n|move|p1a: Great Tusk|Headlong Rush|p2a: Alomomola\n|-activate|p2a: Alomomola|move: Protect\n|\n|upkeep\n|turn|3\n|\n|t:|1700520355\n|switch|p2a: Garchomp|Garchomp, M|100\/100\n|move|p1a: Great Tusk|Headlong Rush|p2a: Garchomp\n|-damage|p2a: Garchomp|11\/100\n|-unboost|p1a: Great Tusk|def|1\n|-unboost|p1a: Great Tusk|spd|1\n|-damage|p1a: Great Tusk|72\/100|[from] ability: Rough Skin|[of] p2a: Garchomp\n|\n|upkeep\n|turn|4\n|\n|t:|1700520360\n|-end|p1a: Great Tusk|Protosynthesis|[silent]\n|switch|p1a: Zapdos|Zapdos|100\/100\n|move|p2a: Garchomp|Scale Shot|p1a: Zapdos\n|-damage|p1a: Zapdos|91\/100\n|-damage|p1a: Zapdos|82\/100\n|-damage|p1a: Zapdos|73\/100\n|-damage|p1a: Zapdos|63\/100\n|-hitcount|p1a: Zapdos|4\n|-unboost|p2a: Garchomp|def|1\n|-boost|p2a: Garchomp|spe|1\n|\n|upkeep\n|turn|5\n|\n|t:|1700520380\n|-terastallize|p1a: Zapdos|Steel\n|move|p2a: Garchomp|Stone Edge|p1a: Zapdos\n|-resisted|p1a: Zapdos\n|-damage|p1a: Zapdos|50\/100\n|move|p1a: Zapdos|Hurricane|p2a: Garchomp\n|-damage|p2a: Garchomp|0 fnt\n|faint|p2a: Garchomp\n|\n|upkeep\n|\n|t:|1700520394\n|switch|p2a: Kleavor|Kleavor, F|100\/100\n|turn|6\n|\n|t:|1700520409\n|switch|p1a: Great Tusk|Great Tusk|72\/100\n|move|p2a: Kleavor|Close Combat|p1a: Great Tusk\n|-damage|p1a: Great Tusk|39\/100\n|-unboost|p2a: Kleavor|def|1\n|-unboost|p2a: Kleavor|spd|1\n|\n|upkeep\n|turn|7\n|\n|t:|1700520422\n|move|p1a: Great Tusk|Close Combat|p2a: Kleavor\n|-enditem|p2a: Kleavor|Focus Sash\n|-damage|p2a: Kleavor|1\/100\n|-unboost|p1a: Great Tusk|def|1\n|-unboost|p1a: Great Tusk|spd|1\n|move|p2a: Kleavor|Stone Axe|p1a: Great Tusk\n|-resisted|p1a: Great Tusk\n|-damage|p1a: Great Tusk|24\/100\n|-sidestart|p1: LEONERROR500|move: Stealth Rock\n|\n|upkeep\n|turn|8\n|\n|t:|1700520435\n|switch|p2a: Aegislash|Aegislash, F|100\/100\n|move|p1a: Great Tusk|Close Combat|p2a: Aegislash\n|-immune|p2a: Aegislash\n|\n|upkeep\n|turn|9\n|\n|t:|1700520442\n|-end|p1a: Great Tusk|Protosynthesis|[silent]\n|switch|p1a: Zapdos|Zapdos, tera:Steel|50\/100\n|-formechange|p2a: Aegislash|Aegislash-Blade||[from] ability: Stance Change\n|move|p2a: Aegislash|Close Combat|p1a: Zapdos\n|-supereffective|p1a: Zapdos\n|-damage|p1a: Zapdos|0 fnt\n|-unboost|p2a: Aegislash|def|1\n|-unboost|p2a: Aegislash|spd|1\n|-status|p2a: Aegislash|par|[from] ability: Static|[of] p1a: Zapdos\n|faint|p1a: Zapdos\n|\n|upkeep\n|\n|t:|1700520450\n|switch|p1a: Heatran|Heatran, F|100\/100\n|-damage|p1a: Heatran|88\/100|[from] Stealth Rock\n|-item|p1a: Heatran|Air Balloon\n|turn|10\n|\n|t:|1700520456\n|switch|p2a: Alomomola|Alomomola, M|81\/100\n|move|p1a: Heatran|Stealth Rock|p2a: Alomomola\n|-sidestart|p2: Pokrunk|move: Stealth Rock\n|\n|upkeep\n|turn|11\n|\n|t:|1700520464\n|move|p1a: Heatran|Taunt|p2a: Alomomola\n|-start|p2a: Alomomola|move: Taunt\n|cant|p2a: Alomomola|move: Taunt|Wish\n|\n|upkeep\n|turn|12\n|\n|t:|1700520468\n|switch|p1a: Ogerpon|Ogerpon-Wellspring, F|100\/100\n|-damage|p1a: Ogerpon|88\/100|[from] Stealth Rock\n|switch|p2a: Ogerpon|Ogerpon, F|100\/100\n|-damage|p2a: Ogerpon|88\/100|[from] Stealth Rock\n|\n|upkeep\n|turn|13\n|\n|t:|1700520483\n|switch|p1a: Great Tusk|Great Tusk|24\/100\n|-damage|p1a: Great Tusk|21\/100|[from] Stealth Rock\n|move|p2a: Ogerpon|Swords Dance|p2a: Ogerpon\n|-boost|p2a: Ogerpon|atk|2\n|\n|upkeep\n|turn|14\n|\n|t:|1700520490\n|move|p2a: Ogerpon|Ivy Cudgel|p1a: Great Tusk\n|-supereffective|p1a: Great Tusk\n|-damage|p1a: Great Tusk|0 fnt\n|faint|p1a: Great Tusk\n|-end|p1a: Great Tusk|Protosynthesis|[silent]\n|-damage|p2a: Ogerpon|78\/100|[from] item: Life Orb\n|\n|upkeep\n|\n|t:|1700520497\n|switch|p1a: Tapu Lele|Tapu Lele|100\/100\n|-damage|p1a: Tapu Lele|88\/100|[from] Stealth Rock\n|-fieldstart|move: Psychic Terrain|[from] ability: Psychic Surge|[of] p1a: Tapu Lele\n|turn|15\n|\n|t:|1700520502\n|-terastallize|p2a: Ogerpon|Grass\n|detailschange|p2a: Ogerpon|Ogerpon-Teal-Tera, F, tera:Grass\n|-ability|p2a: Ogerpon|Embody Aspect (Teal)|boost\n|-boost|p2a: Ogerpon|spe|1\n|move|p2a: Ogerpon|Ivy Cudgel|p1a: Tapu Lele\n|-crit|p1a: Tapu Lele\n|-damage|p1a: Tapu Lele|0 fnt\n|faint|p1a: Tapu Lele\n|-damage|p2a: Ogerpon|68\/100|[from] item: Life Orb\n|\n|upkeep\n|\n|t:|1700520506\n|switch|p1a: Heatran|Heatran, F|88\/100\n|-damage|p1a: Heatran|76\/100|[from] Stealth Rock\n|-item|p1a: Heatran|Air Balloon\n|turn|16\n|\n|t:|1700520516\n|move|p2a: Ogerpon|Superpower|p1a: Heatran\n|-supereffective|p1a: Heatran\n|-damage|p1a: Heatran|0 fnt\n|-unboost|p2a: Ogerpon|atk|1\n|-unboost|p2a: Ogerpon|def|1\n|-enditem|p1a: Heatran|Air Balloon\n|faint|p1a: Heatran\n|-damage|p2a: Ogerpon|58\/100|[from] item: Life Orb\n|\n|upkeep\n|-message|LEONERROR500 forfeited.\n|\n|win|Pokrunk\n|raw|LEONERROR500's rating: 1644 &rarr; <strong>1625<\/strong><br \/>(-19 for losing)\n|raw|Pokrunk's rating: 1666 &rarr; <strong>1685<\/strong><br \/>(+19 for winning)\n|l|\u2606LEONERROR500\n","uploadtime":1700520532,"views":1,"p1id":"leonerror500","p2id":"pokrunk","formatid":"gen9nationaldex","rating":1625,"private":0,"password":""}