{"id":"gen9nationaldex-1993105586","p1":"yorkist trainer","p2":"zezinhodozap","format":"[Gen 9] National Dex","log":"|j|\u2606yorkist trainer\n|j|\u2606zezinhodozap\n|t:|1700265385\n|gametype|singles\n|player|p1|yorkist trainer|marley|\n|player|p2|zezinhodozap|170|\n|teamsize|p1|6\n|teamsize|p2|6\n|gen|9\n|tier|[Gen 9] National Dex\n|rule|HP Percentage Mod: HP is shown in percentages\n|rule|Endless Battle Clause: Forcing endless battles is banned\n|rule|OHKO Clause: OHKO moves are banned\n|rule|Evasion Clause: Evasion abilities, items, and moves are banned\n|rule|Evasion Abilities Clause: Evasion abilities are banned\n|rule|Evasion Items Clause: Evasion items are banned\n|rule|Evasion Moves Clause: Evasion moves are banned\n|rule|Species Clause: Limit one of each Pok\u00e9mon\n|rule|Sleep Clause Mod: Limit one foe put to sleep\n|clearpoke\n|poke|p1|Alomomola, F|\n|poke|p1|Ferrothorn, F|\n|poke|p1|Volcarona, M|\n|poke|p1|Galvantula, F|\n|poke|p1|Hydreigon, M|\n|poke|p1|Scrafty, M|\n|poke|p2|Togekiss, F|\n|poke|p2|Tangrowth, F|\n|poke|p2|Rotom-Wash|\n|poke|p2|Heatran, M|\n|poke|p2|Garchomp, M|\n|poke|p2|Magnezone|\n|teampreview\n|inactive|Battle timer is ON: inactive players will automatically lose when time's up. (requested by yorkist trainer)\n|j| Olheiro d0 Vasco\n|inactive|yorkist trainer has 270 seconds left.\n|inactive|zezinhodozap has 270 seconds left.\n|inactiveoff|Battle timer is now OFF.\n|c|\u2606yorkist trainer|SUCUMBA\n|n|\u2606zezinhodozap|zezinhodozap\n|c|\u2606zezinhodozap|se der \/calc \u00e9 gay\n|c|\u2606yorkist trainer|puta\n|\n|t:|1700265607\n|start\n|switch|p1a: Galvantula|Galvantula, F|100\/100\n|switch|p2a: Heatran|Heatran, M|100\/100\n|turn|1\n|\n|t:|1700265630\n|switch|p1a: Alomomola|Alomomola, F|100\/100\n|move|p2a: Heatran|Magma Storm|p1a: Alomomola\n|-resisted|p1a: Alomomola\n|-damage|p1a: Alomomola|73\/100\n|-activate|p1a: Alomomola|move: Magma Storm|[of] p2a: Heatran\n|\n|-heal|p1a: Alomomola|79\/100|[from] item: Leftovers\n|-damage|p1a: Alomomola|67\/100|[from] move: Magma Storm|[partiallytrapped]\n|upkeep\n|turn|2\n|\n|t:|1700265645\n|switch|p2a: Tangrowth|Tangrowth, F|100\/100\n|move|p1a: Alomomola|Flip Turn|p2a: Tangrowth\n|-resisted|p2a: Tangrowth\n|-damage|p2a: Tangrowth|95\/100\n|\n|t:|1700265657\n|switch|p1a: Ferrothorn|Ferrothorn, F|100\/100|[from] Flip Turn\n|\n|upkeep\n|turn|3\n|\n|t:|1700265682\n|switch|p2a: Heatran|Heatran, M|100\/100\n|move|p1a: Ferrothorn|Stealth Rock|p2a: Heatran\n|-sidestart|p2: zezinhodozap|move: Stealth Rock\n|\n|upkeep\n|turn|4\n|\n|t:|1700265695\n|switch|p1a: Alomomola|Alomomola, F|99\/100\n|move|p2a: Heatran|Stealth Rock|p1a: Alomomola\n|-sidestart|p1: yorkist trainer|move: Stealth Rock\n|\n|-heal|p1a: Alomomola|100\/100|[from] item: Leftovers\n|upkeep\n|turn|5\n|\n|t:|1700265714\n|switch|p2a: Rotom|Rotom-Wash|100\/100\n|-damage|p2a: Rotom|88\/100|[from] Stealth Rock\n|move|p1a: Alomomola|Scald|p2a: Rotom\n|-resisted|p2a: Rotom\n|-damage|p2a: Rotom|81\/100\n|\n|-heal|p2a: Rotom|87\/100|[from] item: Leftovers\n|upkeep\n|turn|6\n|\n|t:|1700265729\n|move|p2a: Rotom|Protect|p2a: Rotom\n|-singleturn|p2a: Rotom|Protect\n|move|p1a: Alomomola|Flip Turn|p2a: Rotom\n|-activate|p2a: Rotom|move: Protect\n|\n|-heal|p2a: Rotom|94\/100|[from] item: Leftovers\n|upkeep\n|turn|7\n|\n|t:|1700265747\n|move|p2a: Rotom|Volt Switch|p1a: Alomomola\n|-supereffective|p1a: Alomomola\n|-damage|p1a: Alomomola|43\/100\n|\n|t:|1700265777\n|switch|p2a: Magnezone|Magnezone|100\/100|[from] Volt Switch\n|-damage|p2a: Magnezone|94\/100|[from] Stealth Rock\n|move|p1a: Alomomola|Flip Turn|p2a: Magnezone\n|-damage|p2a: Magnezone|77\/100\n|\n|t:|1700265799\n|switch|p1a: Volcarona|Volcarona, M|100\/100|[from] Flip Turn\n|\n|upkeep\n|turn|8\n|\n|t:|1700265815\n|move|p2a: Magnezone|Volt Switch|p1a: Volcarona\n|-damage|p1a: Volcarona|68\/100\n|\n|t:|1700265861\n|switch|p2a: Togekiss|Togekiss, F|100\/100|[from] Volt Switch\n|move|p1a: Volcarona|Will-O-Wisp|p2a: Togekiss\n|-status|p2a: Togekiss|brn\n|\n|-damage|p2a: Togekiss|94\/100 brn|[from] brn\n|upkeep\n|turn|9\n|\n|t:|1700265910\n|switch|p2a: Rotom|Rotom-Wash|94\/100\n|-damage|p2a: Rotom|81\/100|[from] Stealth Rock\n|switch|p1a: Alomomola|Alomomola, F|77\/100\n|-damage|p1a: Alomomola|64\/100|[from] Stealth Rock\n|\n|-heal|p2a: Rotom|87\/100|[from] item: Leftovers\n|-heal|p1a: Alomomola|70\/100|[from] item: Leftovers\n|upkeep\n|turn|10\n|\n|t:|1700265921\n|move|p2a: Rotom|Volt Switch|p1a: Alomomola\n|-supereffective|p1a: Alomomola\n|-damage|p1a: Alomomola|6\/100\n|\n|t:|1700265933\n|switch|p2a: Togekiss|Togekiss, F|94\/100 brn|[from] Volt Switch\n|move|p1a: Alomomola|Wish|p1a: Alomomola\n|\n|-heal|p1a: Alomomola|12\/100|[from] item: Leftovers\n|-damage|p2a: Togekiss|88\/100 brn|[from] brn\n|upkeep\n|turn|11\n|\n|t:|1700265960\n|move|p1a: Alomomola|Protect|p1a: Alomomola\n|-singleturn|p1a: Alomomola|Protect\n|move|p2a: Togekiss|Air Slash|p1a: Alomomola\n|-activate|p1a: Alomomola|move: Protect\n|\n|-heal|p1a: Alomomola|62\/100|[from] move: Wish|[wisher] Alomomola\n|-heal|p1a: Alomomola|68\/100|[from] item: Leftovers\n|-damage|p2a: Togekiss|82\/100 brn|[from] brn\n|upkeep\n|turn|12\n|\n|t:|1700265970\n|move|p2a: Togekiss|Air Slash|p1a: Alomomola\n|-damage|p1a: Alomomola|31\/100\n|move|p1a: Alomomola|Wish|p1a: Alomomola\n|\n|-heal|p1a: Alomomola|37\/100|[from] item: Leftovers\n|-damage|p2a: Togekiss|76\/100 brn|[from] brn\n|upkeep\n|turn|13\n|\n|t:|1700265977\n|move|p1a: Alomomola|Protect|p1a: Alomomola\n|-singleturn|p1a: Alomomola|Protect\n|move|p2a: Togekiss|Heal Bell|p2a: Togekiss\n|-activate|p2a: Togekiss|move: Heal Bell\n|-curestatus|p2a: Togekiss|brn|[msg]\n|\n|-heal|p1a: Alomomola|87\/100|[from] move: Wish|[wisher] Alomomola\n|-heal|p1a: Alomomola|94\/100|[from] item: Leftovers\n|upkeep\n|turn|14\n|\n|t:|1700265983\n|move|p2a: Togekiss|Air Slash|p1a: Alomomola\n|-damage|p1a: Alomomola|56\/100\n|cant|p1a: Alomomola|flinch\n|\n|-heal|p1a: Alomomola|63\/100|[from] item: Leftovers\n|upkeep\n|turn|15\n|\n|t:|1700265987\n|move|p1a: Alomomola|Protect|p1a: Alomomola\n|-singleturn|p1a: Alomomola|Protect\n|move|p2a: Togekiss|Air Slash|p1a: Alomomola\n|-activate|p1a: Alomomola|move: Protect\n|\n|-heal|p1a: Alomomola|69\/100|[from] item: Leftovers\n|upkeep\n|turn|16\n|\n|t:|1700265989\n|move|p2a: Togekiss|Air Slash|p1a: Alomomola\n|-damage|p1a: Alomomola|36\/100\n|cant|p1a: Alomomola|flinch\n|\n|-heal|p1a: Alomomola|42\/100|[from] item: Leftovers\n|upkeep\n|turn|17\n|\n|t:|1700266000\n|move|p1a: Alomomola|Protect|p1a: Alomomola\n|-singleturn|p1a: Alomomola|Protect\n|move|p2a: Togekiss|Air Slash|p1a: Alomomola\n|-activate|p1a: Alomomola|move: Protect\n|\n|-heal|p1a: Alomomola|48\/100|[from] item: Leftovers\n|upkeep\n|turn|18\n|\n|t:|1700266004\n|move|p2a: Togekiss|Air Slash|p1a: Alomomola\n|-damage|p1a: Alomomola|12\/100\n|move|p1a: Alomomola|Wish|p1a: Alomomola\n|\n|-heal|p1a: Alomomola|19\/100|[from] item: Leftovers\n|upkeep\n|turn|19\n|\n|t:|1700266013\n|move|p1a: Alomomola|Protect|p1a: Alomomola\n|-singleturn|p1a: Alomomola|Protect\n|move|p2a: Togekiss|Roost|p2a: Togekiss\n|-heal|p2a: Togekiss|100\/100\n|-singleturn|p2a: Togekiss|move: Roost\n|\n|-heal|p1a: Alomomola|69\/100|[from] move: Wish|[wisher] Alomomola\n|-heal|p1a: Alomomola|75\/100|[from] item: Leftovers\n|upkeep\n|turn|20\n|\n|t:|1700266017\n|move|p2a: Togekiss|Air Slash|p1a: Alomomola\n|-damage|p1a: Alomomola|42\/100\n|move|p1a: Alomomola|Flip Turn|p2a: Togekiss\n|-damage|p2a: Togekiss|85\/100\n|\n|t:|1700266022\n|switch|p1a: Galvantula|Galvantula, F|100\/100|[from] Flip Turn\n|-damage|p1a: Galvantula|76\/100|[from] Stealth Rock\n|\n|upkeep\n|turn|21\n|\n|t:|1700266073\n|switch|p2a: Tangrowth|Tangrowth, F|100\/100\n|-damage|p2a: Tangrowth|88\/100|[from] Stealth Rock\n|move|p1a: Galvantula|Thunder|p2a: Tangrowth\n|-resisted|p2a: Tangrowth\n|-damage|p2a: Tangrowth|74\/100\n|-status|p2a: Tangrowth|par\n|\n|upkeep\n|turn|22\n|\n|t:|1700266108\n|move|p1a: Galvantula|Bug Buzz|p2a: Tangrowth\n|-supereffective|p2a: Tangrowth\n|-damage|p2a: Tangrowth|26\/100 par\n|cant|p2a: Tangrowth|par\n|\n|upkeep\n|turn|23\n|\n|t:|1700266167\n|switch|p2a: Magnezone|Magnezone|77\/100\n|-damage|p2a: Magnezone|71\/100|[from] Stealth Rock\n|move|p1a: Galvantula|Bug Buzz|p2a: Magnezone\n|-resisted|p2a: Magnezone\n|-damage|p2a: Magnezone|46\/100\n|\n|upkeep\n|turn|24\n|\n|t:|1700266178\n|move|p2a: Magnezone|Volt Switch|p1a: Galvantula\n|-resisted|p1a: Galvantula\n|-damage|p1a: Galvantula|40\/100\n|\n|t:|1700266190\n|switch|p2a: Heatran|Heatran, M|100\/100|[from] Volt Switch\n|-damage|p2a: Heatran|88\/100|[from] Stealth Rock\n|move|p1a: Galvantula|Thunder|p2a: Heatran\n|-damage|p2a: Heatran|59\/100\n|\n|-heal|p2a: Heatran|65\/100|[from] item: Leftovers\n|upkeep\n|turn|25\n|\n|t:|1700266219\n|move|p1a: Galvantula|Thunder Wave|p2a: Heatran\n|-status|p2a: Heatran|par\n|cant|p2a: Heatran|par\n|\n|-heal|p2a: Heatran|71\/100 par|[from] item: Leftovers\n|upkeep\n|turn|26\n|\n|t:|1700266223\n|move|p1a: Galvantula|Thunder|p2a: Heatran\n|-damage|p2a: Heatran|40\/100 par\n|move|p2a: Heatran|Magma Storm|p1a: Galvantula\n|-supereffective|p1a: Galvantula\n|-damage|p1a: Galvantula|0 fnt\n|faint|p1a: Galvantula\n|\n|-heal|p2a: Heatran|46\/100 par|[from] item: Leftovers\n|upkeep\n|\n|t:|1700266261\n|switch|p1a: Alomomola|Alomomola, F|75\/100\n|-damage|p1a: Alomomola|63\/100|[from] Stealth Rock\n|turn|27\n|\n|t:|1700266304\n|switch|p2a: Rotom|Rotom-Wash|87\/100\n|-damage|p2a: Rotom|75\/100|[from] Stealth Rock\n|move|p1a: Alomomola|Scald|p2a: Rotom\n|-resisted|p2a: Rotom\n|-damage|p2a: Rotom|67\/100\n|\n|-heal|p2a: Rotom|73\/100|[from] item: Leftovers\n|-heal|p1a: Alomomola|69\/100|[from] item: Leftovers\n|upkeep\n|turn|28\n|\n|t:|1700266334\n|move|p1a: Alomomola|Protect|p1a: Alomomola\n|-singleturn|p1a: Alomomola|Protect\n|move|p2a: Rotom|Volt Switch|p1a: Alomomola\n|-activate|p1a: Alomomola|move: Protect\n|\n|-heal|p2a: Rotom|79\/100|[from] item: Leftovers\n|-heal|p1a: Alomomola|75\/100|[from] item: Leftovers\n|upkeep\n|turn|29\n|\n|t:|1700266345\n|move|p2a: Rotom|Volt Switch|p1a: Alomomola\n|-supereffective|p1a: Alomomola\n|-damage|p1a: Alomomola|13\/100\n|\n|t:|1700266359\n|switch|p2a: Tangrowth|Tangrowth, F|60\/100 par|[from] Volt Switch\n|-damage|p2a: Tangrowth|47\/100 par|[from] Stealth Rock\n|move|p1a: Alomomola|Flip Turn|p2a: Tangrowth\n|-resisted|p2a: Tangrowth\n|-damage|p2a: Tangrowth|42\/100 par\n|\n|t:|1700266431\n|switch|p1a: Volcarona|Volcarona, M|68\/100|[from] Flip Turn\n|\n|upkeep\n|turn|30\n|\n|t:|1700266512\n|switch|p1a: Ferrothorn|Ferrothorn, F|100\/100\n|-damage|p1a: Ferrothorn|94\/100|[from] Stealth Rock\n|switch|p2a: Heatran|Heatran, M|46\/100 par\n|-damage|p2a: Heatran|34\/100 par|[from] Stealth Rock\n|\n|-heal|p2a: Heatran|40\/100 par|[from] item: Leftovers\n|-heal|p1a: Ferrothorn|100\/100|[from] item: Leftovers\n|upkeep\n|turn|31\n|\n|t:|1700266531\n|cant|p2a: Heatran|par\n|move|p1a: Ferrothorn|Body Press|p2a: Heatran\n|-supereffective|p2a: Heatran\n|-damage|p2a: Heatran|0 fnt\n|faint|p2a: Heatran\n|\n|upkeep\n|\n|t:|1700266584\n|switch|p2a: Togekiss|Togekiss, F|85\/100\n|turn|32\n|\n|t:|1700266589\n|move|p2a: Togekiss|Flamethrower|p1a: Ferrothorn\n|-supereffective|p1a: Ferrothorn\n|-damage|p1a: Ferrothorn|18\/100\n|move|p1a: Ferrothorn|Leech Seed|p2a: Togekiss\n|-start|p2a: Togekiss|move: Leech Seed\n|\n|-heal|p1a: Ferrothorn|24\/100|[from] item: Leftovers\n|-damage|p2a: Togekiss|73\/100|[from] Leech Seed|[of] p1a: Ferrothorn\n|-heal|p1a: Ferrothorn|37\/100|[silent]\n|upkeep\n|turn|33\n|\n|t:|1700266615\n|switch|p1a: Hydreigon|Hydreigon, M|100\/100\n|-damage|p1a: Hydreigon|88\/100|[from] Stealth Rock\n|move|p2a: Togekiss|Flamethrower|p1a: Hydreigon\n|-resisted|p1a: Hydreigon\n|-damage|p1a: Hydreigon|75\/100\n|\n|-damage|p2a: Togekiss|60\/100|[from] Leech Seed|[of] p1a: Hydreigon\n|-heal|p1a: Hydreigon|89\/100|[silent]\n|upkeep\n|turn|34\n|\n|t:|1700266650\n|switch|p2a: Tangrowth|Tangrowth, F|75\/100 par\n|-damage|p2a: Tangrowth|63\/100 par|[from] Stealth Rock\n|move|p1a: Hydreigon|U-turn|p2a: Tangrowth\n|-supereffective|p2a: Tangrowth\n|-damage|p2a: Tangrowth|23\/100 par\n|-damage|p1a: Hydreigon|79\/100|[from] item: Life Orb\n|\n|t:|1700266671\n|switch|p1a: Alomomola|Alomomola, F|46\/100|[from] U-turn\n|-damage|p1a: Alomomola|34\/100|[from] Stealth Rock\n|\n|-heal|p1a: Alomomola|40\/100|[from] item: Leftovers\n|upkeep\n|turn|35\n|\n|t:|1700266679\n|move|p1a: Alomomola|Flip Turn|p2a: Tangrowth\n|-resisted|p2a: Tangrowth\n|-damage|p2a: Tangrowth|17\/100 par\n|\n|t:|1700266686\n|switch|p1a: Volcarona|Volcarona, M|68\/100|[from] Flip Turn\n|move|p2a: Tangrowth|Giga Drain|p1a: Volcarona\n|-resisted|p1a: Volcarona\n|-damage|p1a: Volcarona|63\/100\n|-heal|p2a: Tangrowth|20\/100 par|[from] drain|[of] p1a: Volcarona\n|\n|upkeep\n|turn|36\n|\n|t:|1700266708\n|move|p1a: Volcarona|Will-O-Wisp||[still]\n|-fail|p1a: Volcarona\n|cant|p2a: Tangrowth|par\n|\n|upkeep\n|turn|37\n|\n|t:|1700266733\n|move|p1a: Volcarona|Bug Buzz|p2a: Tangrowth\n|-supereffective|p2a: Tangrowth\n|-damage|p2a: Tangrowth|0 fnt\n|faint|p2a: Tangrowth\n|\n|upkeep\n|\n|t:|1700266752\n|switch|p2a: Rotom|Rotom-Wash|79\/100\n|-damage|p2a: Rotom|67\/100|[from] Stealth Rock\n|turn|38\n|\n|t:|1700266766\n|move|p1a: Volcarona|Morning Sun|p1a: Volcarona\n|-heal|p1a: Volcarona|100\/100\n|move|p2a: Rotom|Hydro Pump|p1a: Volcarona|[miss]\n|-miss|p2a: Rotom|p1a: Volcarona\n|\n|-heal|p2a: Rotom|73\/100|[from] item: Leftovers\n|upkeep\n|turn|39\n|\n|t:|1700266805\n|move|p1a: Volcarona|Quiver Dance|p1a: Volcarona\n|-boost|p1a: Volcarona|spa|1\n|-boost|p1a: Volcarona|spd|1\n|-boost|p1a: Volcarona|spe|1\n|move|p2a: Rotom|Volt Switch|p1a: Volcarona\n|-damage|p1a: Volcarona|86\/100\n|\n|t:|1700266827\n|switch|p2a: Magnezone|Magnezone|46\/100|[from] Volt Switch\n|-damage|p2a: Magnezone|40\/100|[from] Stealth Rock\n|\n|upkeep\n|turn|40\n|\n|t:|1700266837\n|move|p1a: Volcarona|Bug Buzz|p2a: Magnezone\n|-resisted|p2a: Magnezone\n|-damage|p2a: Magnezone|0 fnt\n|faint|p2a: Magnezone\n|\n|upkeep\n|\n|t:|1700266888\n|switch|p2a: Rotom|Rotom-Wash|73\/100\n|-damage|p2a: Rotom|61\/100|[from] Stealth Rock\n|turn|41\n|\n|t:|1700266893\n|move|p2a: Rotom|Protect|p2a: Rotom\n|-singleturn|p2a: Rotom|Protect\n|move|p1a: Volcarona|Bug Buzz|p2a: Rotom\n|-activate|p2a: Rotom|move: Protect\n|\n|-heal|p2a: Rotom|67\/100|[from] item: Leftovers\n|upkeep\n|turn|42\n|\n|t:|1700266905\n|move|p1a: Volcarona|Bug Buzz|p2a: Rotom\n|-damage|p2a: Rotom|0 fnt\n|faint|p2a: Rotom\n|\n|upkeep\n|\n|t:|1700266924\n|switch|p2a: Garchomp|Garchomp, M|100\/100\n|-damage|p2a: Garchomp|94\/100|[from] Stealth Rock\n|turn|43\n|\n|t:|1700266929\n|move|p1a: Volcarona|Bug Buzz|p2a: Garchomp\n|-damage|p2a: Garchomp|47\/100\n|move|p2a: Garchomp|Toxic|p1a: Volcarona\n|-status|p1a: Volcarona|tox\n|\n|-heal|p2a: Garchomp|53\/100|[from] item: Leftovers\n|-damage|p1a: Volcarona|80\/100 tox|[from] psn\n|upkeep\n|turn|44\n|\n|t:|1700266938\n|move|p2a: Garchomp|Protect|p2a: Garchomp\n|-singleturn|p2a: Garchomp|Protect\n|move|p1a: Volcarona|Bug Buzz|p2a: Garchomp\n|-activate|p2a: Garchomp|move: Protect\n|\n|-heal|p2a: Garchomp|59\/100|[from] item: Leftovers\n|-damage|p1a: Volcarona|68\/100 tox|[from] psn\n|upkeep\n|turn|45\n|\n|t:|1700266950\n|move|p1a: Volcarona|Bug Buzz|p2a: Garchomp\n|-damage|p2a: Garchomp|5\/100\n|move|p2a: Garchomp|Earthquake|p1a: Volcarona\n|-damage|p1a: Volcarona|8\/100 tox\n|\n|-heal|p2a: Garchomp|11\/100|[from] item: Leftovers\n|-damage|p1a: Volcarona|0 fnt|[from] psn\n|faint|p1a: Volcarona\n|upkeep\n|\n|t:|1700266962\n|switch|p1a: Alomomola|Alomomola, F|73\/100\n|-damage|p1a: Alomomola|61\/100|[from] Stealth Rock\n|turn|46\n|\n|t:|1700266974\n|move|p2a: Garchomp|Toxic|p1a: Alomomola\n|-status|p1a: Alomomola|tox\n|move|p1a: Alomomola|Scald|p2a: Garchomp\n|-damage|p2a: Garchomp|2\/100\n|\n|-heal|p2a: Garchomp|8\/100|[from] item: Leftovers\n|-heal|p1a: Alomomola|67\/100 tox|[from] item: Leftovers\n|-damage|p1a: Alomomola|61\/100 tox|[from] psn\n|upkeep\n|turn|47\n|\n|t:|1700266984\n|move|p2a: Garchomp|Protect|p2a: Garchomp\n|-singleturn|p2a: Garchomp|Protect\n|move|p1a: Alomomola|Wish|p1a: Alomomola\n|\n|-heal|p2a: Garchomp|14\/100|[from] item: Leftovers\n|-heal|p1a: Alomomola|67\/100 tox|[from] item: Leftovers\n|-damage|p1a: Alomomola|55\/100 tox|[from] psn\n|upkeep\n|turn|48\n|\n|t:|1700266998\n|switch|p1a: Ferrothorn|Ferrothorn, F|37\/100\n|-damage|p1a: Ferrothorn|31\/100|[from] Stealth Rock\n|move|p2a: Garchomp|Earthquake|p1a: Ferrothorn\n|-damage|p1a: Ferrothorn|7\/100\n|\n|-heal|p1a: Ferrothorn|83\/100|[from] move: Wish|[wisher] Alomomola\n|-heal|p2a: Garchomp|20\/100|[from] item: Leftovers\n|-heal|p1a: Ferrothorn|89\/100|[from] item: Leftovers\n|upkeep\n|turn|49\n|\n|t:|1700267040\n|move|p2a: Garchomp|Earthquake|p1a: Ferrothorn\n|-damage|p1a: Ferrothorn|63\/100\n|move|p1a: Ferrothorn|Leech Seed|p2a: Garchomp\n|-start|p2a: Garchomp|move: Leech Seed\n|\n|-heal|p2a: Garchomp|26\/100|[from] item: Leftovers\n|-heal|p1a: Ferrothorn|69\/100|[from] item: Leftovers\n|-damage|p2a: Garchomp|14\/100|[from] Leech Seed|[of] p1a: Ferrothorn\n|-heal|p1a: Ferrothorn|84\/100|[silent]\n|upkeep\n|turn|50\n|\n|t:|1700267056\n|move|p2a: Garchomp|Earthquake|p1a: Ferrothorn\n|-damage|p1a: Ferrothorn|58\/100\n|move|p1a: Ferrothorn|Iron Defense|p1a: Ferrothorn\n|-boost|p1a: Ferrothorn|def|2\n|\n|-heal|p2a: Garchomp|20\/100|[from] item: Leftovers\n|-heal|p1a: Ferrothorn|65\/100|[from] item: Leftovers\n|-damage|p2a: Garchomp|8\/100|[from] Leech Seed|[of] p1a: Ferrothorn\n|-heal|p1a: Ferrothorn|79\/100|[silent]\n|upkeep\n|turn|51\n|\n|t:|1700267064\n|move|p2a: Garchomp|Earthquake|p1a: Ferrothorn\n|-damage|p1a: Ferrothorn|67\/100\n|move|p1a: Ferrothorn|Iron Defense|p1a: Ferrothorn\n|-boost|p1a: Ferrothorn|def|2\n|\n|-heal|p2a: Garchomp|14\/100|[from] item: Leftovers\n|-heal|p1a: Ferrothorn|74\/100|[from] item: Leftovers\n|-damage|p2a: Garchomp|2\/100|[from] Leech Seed|[of] p1a: Ferrothorn\n|-heal|p1a: Ferrothorn|88\/100|[silent]\n|upkeep\n|turn|52\n|\n|t:|1700267068\n|move|p2a: Garchomp|Earthquake|p1a: Ferrothorn\n|-damage|p1a: Ferrothorn|80\/100\n|move|p1a: Ferrothorn|Iron Defense|p1a: Ferrothorn\n|-boost|p1a: Ferrothorn|def|2\n|\n|-heal|p2a: Garchomp|8\/100|[from] item: Leftovers\n|-heal|p1a: Ferrothorn|86\/100|[from] item: Leftovers\n|-damage|p2a: Garchomp|0 fnt|[from] Leech Seed|[of] p1a: Ferrothorn\n|-heal|p1a: Ferrothorn|95\/100|[silent]\n|faint|p2a: Garchomp\n|upkeep\n|\n|t:|1700267071\n|switch|p2a: Togekiss|Togekiss, F|60\/100\n|turn|53\n|\n|t:|1700267085\n|move|p2a: Togekiss|Air Slash|p1a: Ferrothorn\n|-damage|p1a: Ferrothorn|69\/100\n|cant|p1a: Ferrothorn|flinch\n|\n|-heal|p1a: Ferrothorn|75\/100|[from] item: Leftovers\n|upkeep\n|turn|54\n|\n|t:|1700267134\n|move|p2a: Togekiss|Flamethrower|p1a: Ferrothorn\n|-supereffective|p1a: Ferrothorn\n|-damage|p1a: Ferrothorn|0 fnt\n|faint|p1a: Ferrothorn\n|\n|upkeep\n|\n|t:|1700267151\n|switch|p1a: Hydreigon|Hydreigon, M|79\/100\n|-damage|p1a: Hydreigon|67\/100|[from] Stealth Rock\n|turn|55\n|\n|t:|1700267159\n|move|p1a: Hydreigon|U-turn|p2a: Togekiss\n|-resisted|p2a: Togekiss\n|-damage|p2a: Togekiss|53\/100\n|-damage|p1a: Hydreigon|57\/100|[from] item: Life Orb\n|\n|t:|1700267161\n|switch|p1a: Alomomola|Alomomola, F|88\/100 tox|[from] U-turn\n|-damage|p1a: Alomomola|76\/100 tox|[from] Stealth Rock\n|move|p2a: Togekiss|Air Slash|p1a: Alomomola\n|-damage|p1a: Alomomola|40\/100 tox\n|\n|-heal|p1a: Alomomola|46\/100 tox|[from] item: Leftovers\n|-damage|p1a: Alomomola|40\/100 tox|[from] psn\n|upkeep\n|turn|56\n|\n|t:|1700267181\n|move|p2a: Togekiss|Air Slash|p1a: Alomomola\n|-damage|p1a: Alomomola|5\/100 tox\n|move|p1a: Alomomola|Scald|p2a: Togekiss\n|-damage|p2a: Togekiss|42\/100\n|\n|-heal|p1a: Alomomola|11\/100 tox|[from] item: Leftovers\n|-damage|p1a: Alomomola|0 fnt|[from] psn\n|faint|p1a: Alomomola\n|upkeep\n|\n|t:|1700267183\n|switch|p1a: Scrafty|Scrafty, M|100\/100\n|-damage|p1a: Scrafty|95\/100|[from] Stealth Rock\n|-ability|p1a: Scrafty|Intimidate|boost\n|-unboost|p2a: Togekiss|atk|1\n|turn|57\n|\n|t:|1700267192\n|move|p2a: Togekiss|Air Slash|p1a: Scrafty\n|-supereffective|p1a: Scrafty\n|-damage|p1a: Scrafty|41\/100\n|move|p1a: Scrafty|Close Combat|p2a: Togekiss\n|-resisted|p2a: Togekiss\n|-damage|p2a: Togekiss|30\/100\n|-unboost|p1a: Scrafty|def|1\n|-unboost|p1a: Scrafty|spd|1\n|\n|-heal|p1a: Scrafty|47\/100|[from] item: Leftovers\n|upkeep\n|turn|58\n|\n|t:|1700267198\n|move|p2a: Togekiss|Air Slash|p1a: Scrafty\n|-supereffective|p1a: Scrafty\n|-damage|p1a: Scrafty|0 fnt\n|faint|p1a: Scrafty\n|\n|upkeep\n|\n|t:|1700267199\n|switch|p1a: Hydreigon|Hydreigon, M|57\/100\n|-damage|p1a: Hydreigon|45\/100|[from] Stealth Rock\n|turn|59\n|\n|t:|1700267203\n|move|p1a: Hydreigon|Outrage|p2a: Togekiss\n|-immune|p2a: Togekiss\n|move|p2a: Togekiss|Air Slash|p1a: Hydreigon\n|-damage|p1a: Hydreigon|8\/100\n|\n|upkeep\n|turn|60\n|\n|t:|1700267207\n|move|p1a: Hydreigon|Outrage|p2a: Togekiss\n|-immune|p2a: Togekiss\n|move|p2a: Togekiss|Air Slash|p1a: Hydreigon\n|-damage|p1a: Hydreigon|0 fnt\n|faint|p1a: Hydreigon\n|\n|win|zezinhodozap\n","uploadtime":1700267215,"views":9,"p1id":"yorkisttrainer","p2id":"zezinhodozap","formatid":"gen9nationaldex","rating":0,"private":0,"password":""}