{"id":"gen9nationaldex-1992585450","p1":"Krish2278","p2":"Shuvam124","format":"[Gen 9] National Dex","log":"|j|\u2606Krish2278\n|j|\u2606Shuvam124\n|t:|1700210244\n|gametype|singles\n|player|p1|Krish2278|bellelba|\n|player|p2|Shuvam124|steven|\n|teamsize|p1|6\n|teamsize|p2|6\n|gen|9\n|tier|[Gen 9] National Dex\n|rule|HP Percentage Mod: HP is shown in percentages\n|rule|Endless Battle Clause: Forcing endless battles is banned\n|rule|OHKO Clause: OHKO moves are banned\n|rule|Evasion Clause: Evasion abilities, items, and moves are banned\n|rule|Evasion Abilities Clause: Evasion abilities are banned\n|rule|Evasion Items Clause: Evasion items are banned\n|rule|Evasion Moves Clause: Evasion moves are banned\n|rule|Species Clause: Limit one of each Pok\u00e9mon\n|rule|Sleep Clause Mod: Limit one foe put to sleep\n|clearpoke\n|poke|p1|Gyarados, M|\n|poke|p1|Skeledirge, F|\n|poke|p1|Scizor, M|\n|poke|p1|Buzzwole|\n|poke|p1|Tapu Lele|\n|poke|p1|Rillaboom, M|\n|poke|p2|Tyranitar, F|\n|poke|p2|Excadrill, F|\n|poke|p2|Tapu Fini|\n|poke|p2|Dracozolt|\n|poke|p2|Hippowdon, F|\n|poke|p2|Landorus-Therian, M|\n|teampreview\n|j| Blazzeon\n|\n|t:|1700210282\n|start\n|switch|p1a: Gyarados|Gyarados, M|100\/100\n|switch|p2a: Hippowdon|Hippowdon, F|100\/100\n|-weather|Sandstorm|[from] ability: Sand Stream|[of] p2a: Hippowdon\n|turn|1\n|\n|t:|1700210290\n|-zpower|p1a: Gyarados\n|move|p1a: Gyarados|Z-Celebrate|p1a: Gyarados|[anim]Celebrate\n|-boost|p1a: Gyarados|atk|1|[zeffect]\n|-boost|p1a: Gyarados|def|1|[zeffect]\n|-boost|p1a: Gyarados|spa|1|[zeffect]\n|-boost|p1a: Gyarados|spd|1|[zeffect]\n|-boost|p1a: Gyarados|spe|1|[zeffect]\n|-activate|p1a: Gyarados|move: Celebrate\n|move|p2a: Hippowdon|Toxic|p1a: Gyarados\n|-status|p1a: Gyarados|tox\n|\n|-weather|Sandstorm|[upkeep]\n|-damage|p1a: Gyarados|94\/100 tox|[from] Sandstorm\n|-damage|p1a: Gyarados|88\/100 tox|[from] psn\n|upkeep\n|turn|2\n|j| Gaurav Charizard x\n|\n|t:|1700210314\n|move|p1a: Gyarados|Waterfall|p2a: Hippowdon\n|-supereffective|p2a: Hippowdon\n|-damage|p2a: Hippowdon|41\/100\n|move|p2a: Hippowdon|Slack Off|p2a: Hippowdon\n|-heal|p2a: Hippowdon|91\/100\n|\n|-weather|Sandstorm|[upkeep]\n|-damage|p1a: Gyarados|82\/100 tox|[from] Sandstorm\n|-damage|p1a: Gyarados|70\/100 tox|[from] psn\n|upkeep\n|turn|3\n|\n|t:|1700210325\n|move|p1a: Gyarados|Waterfall|p2a: Hippowdon\n|-supereffective|p2a: Hippowdon\n|-damage|p2a: Hippowdon|33\/100\n|move|p2a: Hippowdon|Slack Off|p2a: Hippowdon\n|-heal|p2a: Hippowdon|83\/100\n|\n|-weather|Sandstorm|[upkeep]\n|-damage|p1a: Gyarados|64\/100 tox|[from] Sandstorm\n|-damage|p1a: Gyarados|46\/100 tox|[from] psn\n|upkeep\n|turn|4\n|\n|t:|1700210336\n|move|p1a: Gyarados|Waterfall|p2a: Hippowdon\n|-supereffective|p2a: Hippowdon\n|-damage|p2a: Hippowdon|21\/100\n|move|p2a: Hippowdon|Slack Off|p2a: Hippowdon\n|-heal|p2a: Hippowdon|71\/100\n|\n|-weather|Sandstorm|[upkeep]\n|-damage|p1a: Gyarados|40\/100 tox|[from] Sandstorm\n|-damage|p1a: Gyarados|16\/100 tox|[from] psn\n|upkeep\n|turn|5\n|c| Blazzeon|Lmao\n|\n|t:|1700210352\n|move|p1a: Gyarados|Waterfall|p2a: Hippowdon\n|-supereffective|p2a: Hippowdon\n|-damage|p2a: Hippowdon|3\/100\n|move|p2a: Hippowdon|Stealth Rock|p1a: Gyarados\n|-sidestart|p1: Krish2278|move: Stealth Rock\n|\n|-weather|Sandstorm|[upkeep]\n|-damage|p1a: Gyarados|10\/100 tox|[from] Sandstorm\n|-damage|p1a: Gyarados|0 fnt|[from] psn\n|faint|p1a: Gyarados\n|upkeep\n|c| Blazzeon|Shuvam bro\n|\n|t:|1700210380\n|switch|p1a: Tapu Lele|Tapu Lele|100\/100\n|-damage|p1a: Tapu Lele|88\/100|[from] Stealth Rock\n|-fieldstart|move: Psychic Terrain|[from] ability: Psychic Surge|[of] p1a: Tapu Lele\n|turn|6\n|c| Blazzeon|\ud83d\udc80\n|c| Gaurav Charizard x|\ud83d\udc80\ud83d\udc80\n|\n|t:|1700210402\n|move|p1a: Tapu Lele|Moonblast|p2a: Hippowdon\n|-damage|p2a: Hippowdon|0 fnt\n|faint|p2a: Hippowdon\n|-damage|p1a: Tapu Lele|78\/100|[from] item: Life Orb\n|\n|-weather|Sandstorm|[upkeep]\n|-damage|p1a: Tapu Lele|72\/100|[from] Sandstorm\n|upkeep\n|c|\u2606Krish2278|Sand gayi\n|c| Gaurav Charizard x|Switch was never an option\n|\n|t:|1700210414\n|switch|p2a: Excadrill|Excadrill, F|100\/100\n|turn|7\n|c|\u2606Krish2278|Ab kya hoga iska\n|c| Blazzeon|Ni gyi\n|\n|t:|1700210426\n|switch|p1a: Buzzwole|Buzzwole|100\/100\n|-damage|p1a: Buzzwole|88\/100|[from] Stealth Rock\n|move|p2a: Excadrill|Iron Head|p1a: Buzzwole\n|-damage|p1a: Buzzwole|52\/100\n|-damage|p2a: Excadrill|91\/100|[from] item: Life Orb\n|\n|-weather|Sandstorm|[upkeep]\n|-damage|p1a: Buzzwole|45\/100|[from] Sandstorm\n|upkeep\n|turn|8\n|\n|t:|1700210438\n|move|p2a: Excadrill|Iron Head|p1a: Buzzwole\n|-damage|p1a: Buzzwole|12\/100\n|-damage|p2a: Excadrill|81\/100|[from] item: Life Orb\n|cant|p1a: Buzzwole|flinch\n|\n|-weather|none\n|upkeep\n|turn|9\n|\n|t:|1700210450\n|move|p2a: Excadrill|Iron Head|p1a: Buzzwole\n|-damage|p1a: Buzzwole|0 fnt\n|faint|p1a: Buzzwole\n|-damage|p2a: Excadrill|71\/100|[from] item: Life Orb\n|\n|upkeep\n|\n|t:|1700210461\n|switch|p1a: Scizor|Scizor, M|100\/100\n|-damage|p1a: Scizor|88\/100|[from] Stealth Rock\n|turn|10\n|\n|t:|1700210471\n|detailschange|p1a: Scizor|Scizor-Mega, M\n|-mega|p1a: Scizor|Scizor|Scizorite\n|move|p2a: Excadrill|Earthquake|p1a: Scizor\n|-damage|p1a: Scizor|37\/100\n|-damage|p2a: Excadrill|61\/100|[from] item: Life Orb\n|move|p1a: Scizor|Swords Dance|p1a: Scizor\n|-boost|p1a: Scizor|atk|2\n|\n|-fieldend|move: Psychic Terrain\n|upkeep\n|turn|11\n|c| Blazzeon|Lmao\n|\n|t:|1700210484\n|move|p1a: Scizor|Bullet Punch|p2a: Excadrill\n|-resisted|p2a: Excadrill\n|-damage|p2a: Excadrill|6\/100\n|move|p2a: Excadrill|Earthquake|p1a: Scizor\n|-damage|p1a: Scizor|0 fnt\n|faint|p1a: Scizor\n|-damage|p2a: Excadrill|0 fnt|[from] item: Life Orb\n|faint|p2a: Excadrill\n|\n|upkeep\n|\n|t:|1700210500\n|switch|p2a: Landorus|Landorus-Therian, M|100\/100\n|switch|p1a: Rillaboom|Rillaboom, M|100\/100\n|-ability|p2a: Landorus|Intimidate|boost\n|-unboost|p1a: Rillaboom|atk|1\n|-damage|p1a: Rillaboom|88\/100|[from] Stealth Rock\n|-fieldstart|move: Grassy Terrain|[from] ability: Grassy Surge|[of] p1a: Rillaboom\n|turn|12\n|\n|t:|1700210511\n|move|p1a: Rillaboom|Grassy Glide|p2a: Landorus\n|-damage|p2a: Landorus|60\/100\n|move|p2a: Landorus|U-turn|p1a: Rillaboom\n|-supereffective|p1a: Rillaboom\n|-damage|p1a: Rillaboom|34\/100\n|c| h1rsfr|Achha\n|\n|t:|1700210523\n|switch|p2a: Dracozolt|Dracozolt|100\/100|[from] U-turn\n|\n|-heal|p1a: Rillaboom|40\/100|[from] Grassy Terrain\n|upkeep\n|turn|13\n|\n|t:|1700210531\n|switch|p1a: Skeledirge|Skeledirge, F|100\/100\n|-damage|p1a: Skeledirge|75\/100|[from] Stealth Rock\n|move|p2a: Dracozolt|Fire Fang|p1a: Skeledirge\n|-resisted|p1a: Skeledirge\n|-damage|p1a: Skeledirge|67\/100\n|-damage|p2a: Dracozolt|91\/100|[from] item: Life Orb\n|\n|-heal|p2a: Dracozolt|97\/100|[from] Grassy Terrain\n|-heal|p1a: Skeledirge|73\/100|[from] Grassy Terrain\n|-heal|p1a: Skeledirge|79\/100|[from] item: Leftovers\n|upkeep\n|turn|14\n|c| h1rsfr|Shuvam chutap krra kya\n|\n|t:|1700210546\n|move|p2a: Dracozolt|Earthquake|p1a: Skeledirge\n|-supereffective|p1a: Skeledirge\n|-damage|p1a: Skeledirge|52\/100\n|-damage|p2a: Dracozolt|87\/100|[from] item: Life Orb\n|move|p1a: Skeledirge|Torch Song|p2a: Dracozolt\n|-resisted|p2a: Dracozolt\n|-damage|p2a: Dracozolt|63\/100\n|-boost|p1a: Skeledirge|spa|1\n|\n|-heal|p2a: Dracozolt|69\/100|[from] Grassy Terrain\n|-heal|p1a: Skeledirge|58\/100|[from] Grassy Terrain\n|-heal|p1a: Skeledirge|64\/100|[from] item: Leftovers\n|upkeep\n|turn|15\n|\n|t:|1700210562\n|switch|p2a: Tyranitar|Tyranitar, F|100\/100\n|-weather|Sandstorm|[from] ability: Sand Stream|[of] p2a: Tyranitar\n|move|p1a: Skeledirge|Slack Off|p1a: Skeledirge\n|-heal|p1a: Skeledirge|100\/100\n|\n|-weather|Sandstorm|[upkeep]\n|-damage|p1a: Skeledirge|94\/100|[from] Sandstorm\n|-heal|p1a: Skeledirge|100\/100|[from] Grassy Terrain\n|upkeep\n|turn|16\n|c| h1rsfr|Asg switch krle ya energyball pelde\n|c| h1rsfr|Energy ball\n|\n|t:|1700210600\n|detailschange|p2a: Tyranitar|Tyranitar-Mega, F\n|-mega|p2a: Tyranitar|Tyranitar|Tyranitarite\n|move|p1a: Skeledirge|Encore||[still]\n|-fail|p1a: Skeledirge\n|move|p2a: Tyranitar|Crunch|p1a: Skeledirge\n|-supereffective|p1a: Skeledirge\n|-damage|p1a: Skeledirge|43\/100\n|\n|-weather|Sandstorm|[upkeep]\n|-damage|p1a: Skeledirge|37\/100|[from] Sandstorm\n|-heal|p1a: Skeledirge|43\/100|[from] Grassy Terrain\n|-heal|p1a: Skeledirge|49\/100|[from] item: Leftovers\n|-fieldend|move: Grassy Terrain\n|upkeep\n|turn|17\n|\n|t:|1700210614\n|move|p1a: Skeledirge|Slack Off|p1a: Skeledirge\n|-heal|p1a: Skeledirge|99\/100\n|move|p2a: Tyranitar|Crunch|p1a: Skeledirge\n|-supereffective|p1a: Skeledirge\n|-damage|p1a: Skeledirge|39\/100\n|\n|-weather|Sandstorm|[upkeep]\n|-damage|p1a: Skeledirge|33\/100|[from] Sandstorm\n|-heal|p1a: Skeledirge|39\/100|[from] item: Leftovers\n|upkeep\n|turn|18\n|c| Blazzeon|Shuvam is a walking W\n|\n|t:|1700210629\n|switch|p1a: Rillaboom|Rillaboom, M|40\/100\n|-damage|p1a: Rillaboom|27\/100|[from] Stealth Rock\n|-fieldstart|move: Grassy Terrain|[from] ability: Grassy Surge|[of] p1a: Rillaboom\n|move|p2a: Tyranitar|Dragon Dance|p2a: Tyranitar\n|-boost|p2a: Tyranitar|atk|1\n|-boost|p2a: Tyranitar|spe|1\n|\n|-weather|Sandstorm|[upkeep]\n|-damage|p1a: Rillaboom|21\/100|[from] Sandstorm\n|-heal|p1a: Rillaboom|27\/100|[from] Grassy Terrain\n|upkeep\n|turn|19\n|c| h1rsfr|Rial\n|c| h1rsfr|Earthquake?\n|\n|t:|1700210648\n|move|p1a: Rillaboom|Grassy Glide|p2a: Tyranitar\n|-supereffective|p2a: Tyranitar\n|-damage|p2a: Tyranitar|40\/100\n|move|p2a: Tyranitar|Crunch|p1a: Rillaboom\n|-damage|p1a: Rillaboom|0 fnt\n|faint|p1a: Rillaboom\n|\n|-weather|none\n|-heal|p2a: Tyranitar|47\/100|[from] Grassy Terrain\n|upkeep\n|\n|t:|1700210654\n|switch|p1a: Tapu Lele|Tapu Lele|72\/100\n|-damage|p1a: Tapu Lele|60\/100|[from] Stealth Rock\n|-fieldstart|move: Psychic Terrain|[from] ability: Psychic Surge|[of] p1a: Tapu Lele\n|turn|20\n|c| h1rsfr|Nice\n|\n|t:|1700210682\n|move|p1a: Tapu Lele|Moonblast|p2a: Tyranitar\n|-supereffective|p2a: Tyranitar\n|-damage|p2a: Tyranitar|0 fnt\n|faint|p2a: Tyranitar\n|-damage|p1a: Tapu Lele|50\/100|[from] item: Life Orb\n|\n|upkeep\n|c|\u2606Krish2278|Sala\n|\n|t:|1700210692\n|switch|p2a: Landorus|Landorus-Therian, M|60\/100\n|-ability|p2a: Landorus|Intimidate|boost\n|-unboost|p1a: Tapu Lele|atk|1\n|turn|21\n|c|\u2606Krish2278|Ye pg ne mere Lili ke move badal diye\n|\n|t:|1700210703\n|-terastallize|p1a: Tapu Lele|Psychic\n|move|p1a: Tapu Lele|Psyshock|p2a: Landorus\n|-damage|p2a: Landorus|0 fnt\n|faint|p2a: Landorus\n|-damage|p1a: Tapu Lele|40\/100|[from] item: Life Orb\n|\n|upkeep\n|\n|t:|1700210716\n|switch|p2a: Tapu Fini|Tapu Fini|100\/100\n|-fieldstart|move: Misty Terrain|[from] ability: Misty Surge|[of] p2a: Tapu Fini\n|turn|22\n|c| h1rsfr|Avhha pr wo fini h\n|\n|t:|1700210728\n|move|p1a: Tapu Lele|Thunderbolt|p2a: Tapu Fini\n|-supereffective|p2a: Tapu Fini\n|-damage|p2a: Tapu Fini|36\/100\n|-damage|p1a: Tapu Lele|30\/100|[from] item: Life Orb\n|move|p2a: Tapu Fini|Moonblast|p1a: Tapu Lele\n|-damage|p1a: Tapu Lele|0 fnt\n|faint|p1a: Tapu Lele\n|\n|-heal|p2a: Tapu Fini|42\/100|[from] item: Leftovers\n|upkeep\n|\n|t:|1700210731\n|switch|p1a: Skeledirge|Skeledirge, F|39\/100\n|-damage|p1a: Skeledirge|14\/100|[from] Stealth Rock\n|turn|23\n|c| Blazzeon|Tf\n|\n|t:|1700210744\n|move|p2a: Tapu Fini|Hydro Pump|p1a: Skeledirge\n|-supereffective|p1a: Skeledirge\n|-damage|p1a: Skeledirge|0 fnt\n|faint|p1a: Skeledirge\n|\n|win|Shuvam124\n|c| h1rsfr|Shuvam W\n|c| h1rsfr|Shuvam W\n","uploadtime":1700210766,"views":11,"p1id":"krish2278","p2id":"shuvam124","formatid":"gen9nationaldex","rating":0,"private":0,"password":""}