{"id":"gen9nationaldex-1996969013","p1":"aryan3003","p2":"Jayruws","format":"[Gen 9] National Dex","log":"|html|<div class=\"broadcast-blue\"><strong>[Gen 9] National Dex is currently suspecting Sneasler! For information on how to participate check out the <a href=\"https:\/\/www.smogon.com\/forums\/threads\/sv-national-dex-suspect-8-just-dance.3731534\/\">suspect thread<\/a>.<\/strong><\/div>\n|j|\u2606aryan3003\n|j|\u2606Jayruws\n|t:|1700750863\n|gametype|singles\n|player|p1|aryan3003|169|\n|player|p2|Jayruws|169|\n|teamsize|p1|6\n|teamsize|p2|6\n|gen|9\n|tier|[Gen 9] National Dex\n|rule|HP Percentage Mod: HP is shown in percentages\n|rule|Endless Battle Clause: Forcing endless battles is banned\n|rule|OHKO Clause: OHKO moves are banned\n|rule|Evasion Clause: Evasion abilities, items, and moves are banned\n|rule|Evasion Abilities Clause: Evasion abilities are banned\n|rule|Evasion Items Clause: Evasion items are banned\n|rule|Evasion Moves Clause: Evasion moves are banned\n|rule|Species Clause: Limit one of each Pok\u00e9mon\n|rule|Sleep Clause Mod: Limit one foe put to sleep\n|clearpoke\n|poke|p1|Hatterene, F|\n|poke|p1|Heatran, M|\n|poke|p1|Landorus-Therian, M|\n|poke|p1|Samurott-Hisui, M|\n|poke|p1|Beedrill, M|\n|poke|p1|Kommo-o, M|\n|poke|p2|Slaking, F|\n|poke|p2|Ribombee, F|\n|poke|p2|Garchomp, F|\n|poke|p2|Charizard, M|\n|poke|p2|Ferrothorn, F|\n|poke|p2|Tapu Fini|\n|teampreview\n|c|\u2606Jayruws|Glhf\n|\n|t:|1700750872\n|start\n|switch|p1a: Heatran|Heatran, M|100\/100\n|switch|p2a: Ribombee|Ribombee, F|100\/100\n|turn|1\n|c|\u2606aryan3003|glhf\n|\n|t:|1700750878\n|move|p2a: Ribombee|Sticky Web|p1a: Heatran\n|-sidestart|p1: aryan3003|move: Sticky Web\n|move|p1a: Heatran|Magma Storm|p2a: Ribombee\n|-supereffective|p2a: Ribombee\n|-enditem|p2a: Ribombee|Focus Sash\n|-damage|p2a: Ribombee|1\/100\n|-activate|p2a: Ribombee|move: Magma Storm|[of] p1a: Heatran\n|\n|-damage|p2a: Ribombee|0 fnt|[from] move: Magma Storm|[partiallytrapped]\n|faint|p2a: Ribombee\n|upkeep\n|\n|t:|1700750885\n|switch|p2a: Garchomp|Garchomp, F|100\/100\n|turn|2\n|\n|t:|1700750896\n|-terastallize|p1a: Heatran|Fairy\n|move|p2a: Garchomp|Swords Dance|p2a: Garchomp\n|-boost|p2a: Garchomp|atk|2\n|move|p1a: Heatran|Will-O-Wisp|p2a: Garchomp|[miss]\n|-miss|p1a: Heatran|p2a: Garchomp\n|\n|upkeep\n|turn|3\n|\n|t:|1700750901\n|-terastallize|p2a: Garchomp|Fire\n|move|p2a: Garchomp|Earthquake|p1a: Heatran\n|-damage|p1a: Heatran|6\/100\n|move|p1a: Heatran|Will-O-Wisp|p2a: Garchomp\n|-immune|p2a: Garchomp\n|\n|upkeep\n|turn|4\n|c|\u2606aryan3003|noo\n|\n|t:|1700750909\n|move|p2a: Garchomp|Earthquake|p1a: Heatran\n|-damage|p1a: Heatran|0 fnt\n|faint|p1a: Heatran\n|\n|upkeep\n|\n|t:|1700750912\n|switch|p1a: Landorus|Landorus-Therian, M|100\/100\n|-ability|p1a: Landorus|Intimidate|boost\n|-unboost|p2a: Garchomp|atk|1\n|turn|5\n|\n|t:|1700750915\n|move|p2a: Garchomp|Scale Shot|p1a: Landorus\n|-damage|p1a: Landorus|76\/100\n|-damage|p1a: Landorus|52\/100\n|-damage|p1a: Landorus|31\/100\n|-damage|p1a: Landorus|7\/100\n|-hitcount|p1a: Landorus|4\n|-unboost|p2a: Garchomp|def|1\n|-boost|p2a: Garchomp|spe|1\n|move|p1a: Landorus|Defog|p2a: Garchomp\n|-unboost|p2a: Garchomp|evasion|1\n|-sideend|p1: aryan3003|Sticky Web|[from] move: Defog|[of] p1a: Landorus\n|\n|upkeep\n|turn|6\n|c|\u2606Jayruws|its joever\n|c|\u2606aryan3003|prob\n|\n|t:|1700750936\n|move|p2a: Garchomp|Tera Blast|p1a: Landorus|[anim] Tera Blast Fire\n|-damage|p1a: Landorus|0 fnt\n|faint|p1a: Landorus\n|\n|upkeep\n|\n|t:|1700750938\n|switch|p1a: Hatterene|Hatterene, F|100\/100\n|turn|7\n|\n|t:|1700750955\n|move|p2a: Garchomp|Swords Dance|p2a: Garchomp\n|-boost|p2a: Garchomp|atk|2\n|move|p1a: Hatterene|Trick|p2a: Garchomp\n|-activate|p1a: Hatterene|move: Trick|[of] p2a: Garchomp\n|-item|p2a: Garchomp|Choice Specs|[from] move: Trick\n|-item|p1a: Hatterene|Loaded Dice|[from] move: Trick\n|\n|upkeep\n|turn|8\n|\n|t:|1700750966\n|move|p2a: Garchomp|Earthquake|p1a: Hatterene\n|-damage|p1a: Hatterene|0 fnt\n|faint|p1a: Hatterene\n|\n|upkeep\n|\n|t:|1700750972\n|switch|p1a: Kommo-o|Kommo-o, M|100\/100\n|turn|9\n|\n|t:|1700750977\n|move|p2a: Garchomp|Earthquake|p1a: Kommo-o\n|-damage|p1a: Kommo-o|0 fnt\n|faint|p1a: Kommo-o\n|\n|upkeep\n|\n|t:|1700750980\n|switch|p1a: Samurott|Samurott-Hisui, M|100\/100\n|turn|10\n|\n|t:|1700750983\n|move|p2a: Garchomp|Earthquake|p1a: Samurott\n|-damage|p1a: Samurott|0 fnt\n|faint|p1a: Samurott\n|\n|upkeep\n|\n|t:|1700750985\n|switch|p1a: Beedrill|Beedrill, M|100\/100\n|turn|11\n|\n|t:|1700750988\n|detailschange|p1a: Beedrill|Beedrill-Mega, M\n|-mega|p1a: Beedrill|Beedrill|Beedrillite\n|move|p2a: Garchomp|Earthquake|p1a: Beedrill\n|-damage|p1a: Beedrill|0 fnt\n|faint|p1a: Beedrill\n|\n|win|Jayruws\n|c|\u2606Jayruws|Ggs\n|c|\u2606aryan3003|lets go chomp\n","uploadtime":1700750995,"views":4,"p1id":"aryan3003","p2id":"jayruws","formatid":"gen9nationaldex","rating":0,"private":0,"password":""}