{"id":"gen9nationaldex-1993727106","p1":"Tyson Mikey 964","p2":"st.john52","format":"[Gen 9] National Dex","log":"|j|\u2606Tyson Mikey 964\n|j|\u2606st.john52\n|t:|1700350088\n|gametype|singles\n|player|p1|Tyson Mikey 964|biker-gen4|1026\n|player|p2|st.john52|clay|1096\n|teamsize|p1|6\n|teamsize|p2|6\n|gen|9\n|tier|[Gen 9] National Dex\n|rated|\n|rule|HP Percentage Mod: HP is shown in percentages\n|rule|Endless Battle Clause: Forcing endless battles is banned\n|rule|OHKO Clause: OHKO moves are banned\n|rule|Evasion Clause: Evasion abilities, items, and moves are banned\n|rule|Evasion Abilities Clause: Evasion abilities are banned\n|rule|Evasion Items Clause: Evasion items are banned\n|rule|Evasion Moves Clause: Evasion moves are banned\n|rule|Species Clause: Limit one of each Pok\u00e9mon\n|rule|Sleep Clause Mod: Limit one foe put to sleep\n|clearpoke\n|poke|p1|Clodsire, F|\n|poke|p1|Salazzle, F|\n|poke|p1|Togekiss, F|\n|poke|p1|Sableye, M|\n|poke|p1|Celesteela|\n|poke|p1|Alomomola, M|\n|poke|p2|Mimikyu, M|\n|poke|p2|Vikavolt, M|\n|poke|p2|Bewear, M|\n|poke|p2|Wishiwashi, M|\n|poke|p2|Incineroar, M|\n|poke|p2|Silvally-*|\n|teampreview\n|inactive|Battle timer is ON: inactive players will automatically lose when time's up. (requested by st.john52)\n|\n|t:|1700350096\n|start\n|switch|p1a: Sableye|Sableye, M|100\/100\n|switch|p2a: Incineroar|Incineroar, M, shiny|100\/100\n|-ability|p2a: Incineroar|Intimidate|boost\n|-unboost|p1a: Sableye|atk|1\n|turn|1\n|\n|t:|1700350111\n|detailschange|p1a: Sableye|Sableye-Mega, M\n|-mega|p1a: Sableye|Sableye|Sablenite\n|-zpower|p2a: Incineroar\n|move|p2a: Incineroar|Malicious Moonsault|p1a: Sableye|[zeffect]\n|-damage|p1a: Sableye|36\/100\n|move|p1a: Sableye|Toxic|p2a: Incineroar\n|-status|p2a: Incineroar|tox\n|\n|-damage|p2a: Incineroar|94\/100 tox|[from] psn\n|upkeep\n|turn|2\n|\n|t:|1700350123\n|move|p1a: Sableye|Protect|p1a: Sableye\n|-singleturn|p1a: Sableye|Protect\n|move|p2a: Incineroar|Parting Shot|p1a: Sableye\n|-activate|p1a: Sableye|move: Protect\n|\n|-damage|p2a: Incineroar|82\/100 tox|[from] psn\n|upkeep\n|turn|3\n|\n|t:|1700350134\n|move|p2a: Incineroar|Darkest Lariat|p1a: Sableye\n|-damage|p1a: Sableye|9\/100\n|move|p1a: Sableye|Recover|p1a: Sableye\n|-heal|p1a: Sableye|59\/100\n|\n|-damage|p2a: Incineroar|64\/100 tox|[from] psn\n|upkeep\n|turn|4\n|\n|t:|1700350143\n|switch|p2a: Vikavolt|Vikavolt, M, shiny|100\/100\n|move|p1a: Sableye|Recover|p1a: Sableye\n|-heal|p1a: Sableye|100\/100\n|\n|upkeep\n|turn|5\n|\n|t:|1700350150\n|-terastallize|p2a: Vikavolt|Steel\n|move|p2a: Vikavolt|Thunderbolt|p1a: Sableye\n|-damage|p1a: Sableye|46\/100\n|move|p1a: Sableye|Toxic|p2a: Vikavolt\n|-immune|p2a: Vikavolt\n|\n|upkeep\n|turn|6\n|\n|t:|1700350159\n|move|p1a: Sableye|Protect|p1a: Sableye\n|-singleturn|p1a: Sableye|Protect\n|move|p2a: Vikavolt|Thunderbolt|p1a: Sableye\n|-activate|p1a: Sableye|move: Protect\n|\n|upkeep\n|turn|7\n|\n|t:|1700350166\n|switch|p1a: Clodsire|Clodsire, F|100\/100\n|move|p2a: Vikavolt|Thunderbolt|p1a: Clodsire\n|-immune|p1a: Clodsire\n|\n|upkeep\n|turn|8\n|\n|t:|1700350172\n|move|p2a: Vikavolt|Energy Ball|p1a: Clodsire\n|-damage|p1a: Clodsire|79\/100\n|move|p1a: Clodsire|Stealth Rock|p2a: Vikavolt\n|-sidestart|p2: st.john52|move: Stealth Rock\n|\n|-heal|p1a: Clodsire|86\/100|[from] item: Black Sludge\n|upkeep\n|turn|9\n|\n|t:|1700350180\n|switch|p2a: Wishiwashi|Wishiwashi, M, shiny|100\/100\n|-damage|p2a: Wishiwashi|88\/100|[from] Stealth Rock\n|-formechange|p2a: Wishiwashi|Wishiwashi-School||[from] ability: Schooling\n|move|p1a: Clodsire|Protect||[still]\n|-fail|p1a: Clodsire\n|\n|-heal|p2a: Wishiwashi|94\/100|[from] item: Leftovers\n|-heal|p1a: Clodsire|92\/100|[from] item: Black Sludge\n|upkeep\n|turn|10\n|\n|t:|1700350192\n|move|p2a: Wishiwashi|Ice Beam|p1a: Clodsire\n|-supereffective|p1a: Clodsire\n|-damage|p1a: Clodsire|54\/100\n|move|p1a: Clodsire|Toxic|p2a: Wishiwashi\n|-status|p2a: Wishiwashi|tox\n|\n|-heal|p2a: Wishiwashi|99\/100 tox|[from] item: Leftovers\n|-heal|p1a: Clodsire|60\/100|[from] item: Black Sludge\n|-damage|p2a: Wishiwashi|94\/100 tox|[from] psn\n|upkeep\n|turn|11\n|\n|t:|1700350203\n|move|p1a: Clodsire|Protect|p1a: Clodsire\n|-singleturn|p1a: Clodsire|Protect\n|move|p2a: Wishiwashi|Ice Beam|p1a: Clodsire\n|-activate|p1a: Clodsire|move: Protect\n|\n|-heal|p2a: Wishiwashi|99\/100 tox|[from] item: Leftovers\n|-heal|p1a: Clodsire|66\/100|[from] item: Black Sludge\n|-damage|p2a: Wishiwashi|88\/100 tox|[from] psn\n|upkeep\n|turn|12\n|\n|t:|1700350213\n|move|p2a: Wishiwashi|Ice Beam|p1a: Clodsire\n|-supereffective|p1a: Clodsire\n|-damage|p1a: Clodsire|30\/100\n|move|p1a: Clodsire|Recover|p1a: Clodsire\n|-heal|p1a: Clodsire|80\/100\n|\n|-heal|p2a: Wishiwashi|94\/100 tox|[from] item: Leftovers\n|-heal|p1a: Clodsire|86\/100|[from] item: Black Sludge\n|-damage|p2a: Wishiwashi|76\/100 tox|[from] psn\n|upkeep\n|turn|13\n|\n|t:|1700350224\n|move|p1a: Clodsire|Protect|p1a: Clodsire\n|-singleturn|p1a: Clodsire|Protect\n|move|p2a: Wishiwashi|Surf|p1a: Clodsire\n|-activate|p1a: Clodsire|move: Protect\n|\n|-heal|p2a: Wishiwashi|82\/100 tox|[from] item: Leftovers\n|-heal|p1a: Clodsire|92\/100|[from] item: Black Sludge\n|-damage|p2a: Wishiwashi|58\/100 tox|[from] psn\n|upkeep\n|turn|14\n|\n|t:|1700350234\n|switch|p2a: Bewear|Bewear, M, shiny|100\/100\n|-damage|p2a: Bewear|94\/100|[from] Stealth Rock\n|move|p1a: Clodsire|Toxic|p2a: Bewear\n|-status|p2a: Bewear|tox\n|\n|-heal|p2a: Bewear|100\/100 tox|[from] item: Leftovers\n|-heal|p1a: Clodsire|99\/100|[from] item: Black Sludge\n|-damage|p2a: Bewear|94\/100 tox|[from] psn\n|upkeep\n|turn|15\n|\n|t:|1700350245\n|move|p1a: Clodsire|Protect|p1a: Clodsire\n|-singleturn|p1a: Clodsire|Protect\n|move|p2a: Bewear|Earthquake|p1a: Clodsire\n|-activate|p1a: Clodsire|move: Protect\n|\n|-heal|p2a: Bewear|100\/100 tox|[from] item: Leftovers\n|-heal|p1a: Clodsire|100\/100|[from] item: Black Sludge\n|-damage|p2a: Bewear|88\/100 tox|[from] psn\n|upkeep\n|turn|16\n|\n|t:|1700350257\n|switch|p1a: Celesteela|Celesteela|100\/100\n|move|p2a: Bewear|Close Combat|p1a: Celesteela\n|-damage|p1a: Celesteela|63\/100\n|-unboost|p2a: Bewear|def|1\n|-unboost|p2a: Bewear|spd|1\n|\n|-heal|p1a: Celesteela|69\/100|[from] item: Leftovers\n|-heal|p2a: Bewear|94\/100 tox|[from] item: Leftovers\n|-damage|p2a: Bewear|76\/100 tox|[from] psn\n|upkeep\n|turn|17\n|\n|t:|1700350269\n|move|p1a: Celesteela|Leech Seed|p2a: Bewear\n|-start|p2a: Bewear|move: Leech Seed\n|move|p2a: Bewear|Close Combat|p1a: Celesteela\n|-damage|p1a: Celesteela|28\/100\n|-unboost|p2a: Bewear|def|1\n|-unboost|p2a: Bewear|spd|1\n|\n|-heal|p1a: Celesteela|34\/100|[from] item: Leftovers\n|-heal|p2a: Bewear|82\/100 tox|[from] item: Leftovers\n|-damage|p2a: Bewear|70\/100 tox|[from] Leech Seed|[of] p1a: Celesteela\n|-heal|p1a: Celesteela|48\/100|[silent]\n|-damage|p2a: Bewear|46\/100 tox|[from] psn\n|upkeep\n|turn|18\n|\n|t:|1700350283\n|switch|p2a: Vikavolt|Vikavolt, M, shiny, tera:Steel|100\/100\n|move|p1a: Celesteela|Protect||[still]\n|-fail|p1a: Celesteela\n|\n|-heal|p1a: Celesteela|54\/100|[from] item: Leftovers\n|upkeep\n|turn|19\n|\n|t:|1700350293\n|move|p1a: Celesteela|Protect|p1a: Celesteela\n|-singleturn|p1a: Celesteela|Protect\n|move|p2a: Vikavolt|Flash Cannon|p1a: Celesteela\n|-activate|p1a: Celesteela|move: Protect\n|\n|-heal|p1a: Celesteela|60\/100|[from] item: Leftovers\n|upkeep\n|turn|20\n|\n|t:|1700350302\n|switch|p1a: Clodsire|Clodsire, F|100\/100\n|move|p2a: Vikavolt|Flash Cannon|p1a: Clodsire\n|-damage|p1a: Clodsire|74\/100\n|\n|-heal|p1a: Clodsire|81\/100|[from] item: Black Sludge\n|upkeep\n|turn|21\n|\n|t:|1700350311\n|move|p1a: Clodsire|Protect|p1a: Clodsire\n|-singleturn|p1a: Clodsire|Protect\n|move|p2a: Vikavolt|Energy Ball|p1a: Clodsire\n|-activate|p1a: Clodsire|move: Protect\n|\n|-heal|p1a: Clodsire|87\/100|[from] item: Black Sludge\n|upkeep\n|turn|22\n|\n|t:|1700350321\n|move|p2a: Vikavolt|Energy Ball|p1a: Clodsire\n|-damage|p1a: Clodsire|67\/100\n|move|p1a: Clodsire|Toxic|p2a: Vikavolt\n|-immune|p2a: Vikavolt\n|\n|-heal|p1a: Clodsire|73\/100|[from] item: Black Sludge\n|upkeep\n|turn|23\n|\n|t:|1700350335\n|move|p2a: Vikavolt|Energy Ball|p1a: Clodsire\n|-damage|p1a: Clodsire|54\/100\n|move|p1a: Clodsire|Recover|p1a: Clodsire\n|-heal|p1a: Clodsire|100\/100\n|\n|upkeep\n|turn|24\n|\n|t:|1700350346\n|switch|p1a: Salazzle|Salazzle, F|100\/100\n|move|p2a: Vikavolt|Flash Cannon|p1a: Salazzle\n|-resisted|p1a: Salazzle\n|-damage|p1a: Salazzle|65\/100\n|\n|-heal|p1a: Salazzle|71\/100|[from] item: Black Sludge\n|upkeep\n|turn|25\n|\n|t:|1700350357\n|switch|p2a: Wishiwashi|Wishiwashi, M, shiny|58\/100 tox\n|-damage|p2a: Wishiwashi|45\/100 tox|[from] Stealth Rock\n|-formechange|p2a: Wishiwashi|Wishiwashi-School||[from] ability: Schooling\n|move|p1a: Salazzle|Substitute|p1a: Salazzle\n|-start|p1a: Salazzle|Substitute\n|-damage|p1a: Salazzle|47\/100\n|\n|-heal|p1a: Salazzle|53\/100|[from] item: Black Sludge\n|-heal|p2a: Wishiwashi|51\/100 tox|[from] item: Leftovers\n|-damage|p2a: Wishiwashi|45\/100 tox|[from] psn\n|upkeep\n|turn|26\n|\n|t:|1700350369\n|move|p1a: Salazzle|Protect|p1a: Salazzle\n|-singleturn|p1a: Salazzle|Protect\n|move|p2a: Wishiwashi|Surf|p1a: Salazzle\n|-activate|p1a: Salazzle|move: Protect\n|\n|-heal|p1a: Salazzle|59\/100|[from] item: Black Sludge\n|-heal|p2a: Wishiwashi|51\/100 tox|[from] item: Leftovers\n|-damage|p2a: Wishiwashi|39\/100 tox|[from] psn\n|upkeep\n|turn|27\n|\n|t:|1700350380\n|move|p1a: Salazzle|Encore|p2a: Wishiwashi\n|-start|p2a: Wishiwashi|Encore\n|move|p2a: Wishiwashi|Surf|p1a: Salazzle\n|-supereffective|p1a: Salazzle\n|-end|p1a: Salazzle|Substitute\n|\n|-heal|p1a: Salazzle|65\/100|[from] item: Black Sludge\n|-heal|p2a: Wishiwashi|45\/100 tox|[from] item: Leftovers\n|-damage|p2a: Wishiwashi|27\/100 tox|[from] psn\n|upkeep\n|turn|28\n|\n|t:|1700350391\n|switch|p1a: Clodsire|Clodsire, F|100\/100\n|move|p2a: Wishiwashi|Surf|p1a: Clodsire\n|-immune|p1a: Clodsire|[from] ability: Water Absorb\n|\n|-heal|p2a: Wishiwashi|33\/100 tox|[from] item: Leftovers\n|-damage|p2a: Wishiwashi|9\/100 tox|[from] psn\n|-formechange|p2a: Wishiwashi|Wishiwashi||[from] ability: Schooling\n|upkeep\n|turn|29\n|\n|t:|1700350402\n|move|p2a: Wishiwashi|Surf|p1a: Clodsire\n|-immune|p1a: Clodsire|[from] ability: Water Absorb\n|move|p1a: Clodsire|Toxic|p2a: Wishiwashi\n|-fail|p2a: Wishiwashi|tox\n|\n|-heal|p2a: Wishiwashi|15\/100 tox|[from] item: Leftovers\n|-damage|p2a: Wishiwashi|0 fnt|[from] psn\n|faint|p2a: Wishiwashi\n|upkeep\n|\n|t:|1700350419\n|switch|p2a: Incineroar|Incineroar, M, shiny|64\/100 tox\n|-damage|p2a: Incineroar|39\/100 tox|[from] Stealth Rock\n|-ability|p2a: Incineroar|Intimidate|boost\n|-unboost|p1a: Clodsire|atk|1\n|turn|30\n|\n|t:|1700350427\n|move|p1a: Clodsire|Protect|p1a: Clodsire\n|-singleturn|p1a: Clodsire|Protect\n|move|p2a: Incineroar|Fake Out|p1a: Clodsire\n|-activate|p1a: Clodsire|move: Protect\n|\n|-damage|p2a: Incineroar|33\/100 tox|[from] psn\n|upkeep\n|turn|31\n|\n|t:|1700350436\n|move|p2a: Incineroar|Blaze Kick|p1a: Clodsire\n|-damage|p1a: Clodsire|52\/100\n|move|p1a: Clodsire|Toxic|p2a: Incineroar\n|-fail|p2a: Incineroar|tox\n|\n|-heal|p1a: Clodsire|58\/100|[from] item: Black Sludge\n|-damage|p2a: Incineroar|21\/100 tox|[from] psn\n|upkeep\n|turn|32\n|\n|t:|1700350445\n|move|p1a: Clodsire|Protect|p1a: Clodsire\n|-singleturn|p1a: Clodsire|Protect\n|move|p2a: Incineroar|Blaze Kick|p1a: Clodsire\n|-activate|p1a: Clodsire|move: Protect\n|\n|-heal|p1a: Clodsire|64\/100|[from] item: Black Sludge\n|-damage|p2a: Incineroar|3\/100 tox|[from] psn\n|upkeep\n|turn|33\n|\n|t:|1700350454\n|move|p2a: Incineroar|Blaze Kick|p1a: Clodsire\n|-damage|p1a: Clodsire|16\/100\n|move|p1a: Clodsire|Recover|p1a: Clodsire\n|-heal|p1a: Clodsire|66\/100\n|\n|-heal|p1a: Clodsire|72\/100|[from] item: Black Sludge\n|-damage|p2a: Incineroar|0 fnt|[from] psn\n|faint|p2a: Incineroar\n|upkeep\n|\n|t:|1700350472\n|switch|p2a: Bewear|Bewear, M, shiny|46\/100 tox\n|-damage|p2a: Bewear|39\/100 tox|[from] Stealth Rock\n|turn|34\n|\n|t:|1700350478\n|move|p1a: Clodsire|Protect|p1a: Clodsire\n|-singleturn|p1a: Clodsire|Protect\n|move|p2a: Bewear|Earthquake|p1a: Clodsire\n|-activate|p1a: Clodsire|move: Protect\n|\n|-heal|p2a: Bewear|46\/100 tox|[from] item: Leftovers\n|-heal|p1a: Clodsire|78\/100|[from] item: Black Sludge\n|-damage|p2a: Bewear|39\/100 tox|[from] psn\n|upkeep\n|turn|35\n|\n|t:|1700350490\n|switch|p1a: Togekiss|Togekiss, F|100\/100\n|move|p2a: Bewear|Close Combat|p1a: Togekiss\n|-resisted|p1a: Togekiss\n|-damage|p1a: Togekiss|84\/100\n|-unboost|p2a: Bewear|def|1\n|-unboost|p2a: Bewear|spd|1\n|\n|-heal|p2a: Bewear|46\/100 tox|[from] item: Leftovers\n|-damage|p2a: Bewear|33\/100 tox|[from] psn\n|upkeep\n|turn|36\n|\n|t:|1700350502\n|move|p1a: Togekiss|Wish|p1a: Togekiss\n|move|p2a: Bewear|Thunder Punch|p1a: Togekiss\n|-supereffective|p1a: Togekiss\n|-damage|p1a: Togekiss|33\/100\n|\n|-heal|p2a: Bewear|39\/100 tox|[from] item: Leftovers\n|-damage|p2a: Bewear|21\/100 tox|[from] psn\n|upkeep\n|turn|37\n|\n|t:|1700350511\n|move|p1a: Togekiss|Protect|p1a: Togekiss\n|-singleturn|p1a: Togekiss|Protect\n|move|p2a: Bewear|Thunder Punch|p1a: Togekiss\n|-activate|p1a: Togekiss|move: Protect\n|\n|-heal|p1a: Togekiss|83\/100|[from] move: Wish|[wisher] Togekiss\n|-heal|p2a: Bewear|27\/100 tox|[from] item: Leftovers\n|-damage|p2a: Bewear|3\/100 tox|[from] psn\n|upkeep\n|turn|38\n|\n|t:|1700350525\n|move|p1a: Togekiss|Wish|p1a: Togekiss\n|move|p2a: Bewear|Thunder Punch|p1a: Togekiss\n|-supereffective|p1a: Togekiss\n|-damage|p1a: Togekiss|26\/100\n|\n|-heal|p2a: Bewear|9\/100 tox|[from] item: Leftovers\n|-damage|p2a: Bewear|0 fnt|[from] psn\n|faint|p2a: Bewear\n|upkeep\n|\n|t:|1700350533\n|switch|p2a: Silvally|Silvally-Ground, shiny|100\/100\n|-damage|p2a: Silvally|94\/100|[from] Stealth Rock\n|turn|39\n|\n|t:|1700350539\n|move|p1a: Togekiss|Protect|p1a: Togekiss\n|-singleturn|p1a: Togekiss|Protect\n|move|p2a: Silvally|Iron Head|p1a: Togekiss\n|-activate|p1a: Togekiss|move: Protect\n|\n|-heal|p1a: Togekiss|76\/100|[from] move: Wish|[wisher] Togekiss\n|upkeep\n|turn|40\n|\n|t:|1700350548\n|switch|p1a: Celesteela|Celesteela|60\/100\n|move|p2a: Silvally|Iron Head|p1a: Celesteela\n|-resisted|p1a: Celesteela\n|-damage|p1a: Celesteela|53\/100\n|\n|-heal|p1a: Celesteela|59\/100|[from] item: Leftovers\n|upkeep\n|turn|41\n|\n|t:|1700350556\n|move|p2a: Silvally|Defog|p1a: Celesteela\n|-unboost|p1a: Celesteela|evasion|1\n|-sideend|p2: st.john52|Stealth Rock|[from] move: Defog|[of] p2a: Silvally\n|move|p1a: Celesteela|Leech Seed|p2a: Silvally|[miss]\n|-miss|p1a: Celesteela|p2a: Silvally\n|\n|-heal|p1a: Celesteela|65\/100|[from] item: Leftovers\n|upkeep\n|turn|42\n|\n|t:|1700350565\n|switch|p2a: Vikavolt|Vikavolt, M, shiny, tera:Steel|100\/100\n|move|p1a: Celesteela|Leech Seed|p2a: Vikavolt|[miss]\n|-miss|p1a: Celesteela|p2a: Vikavolt\n|\n|-heal|p1a: Celesteela|71\/100|[from] item: Leftovers\n|upkeep\n|turn|43\n|\n|t:|1700350573\n|move|p1a: Celesteela|Protect|p1a: Celesteela\n|-singleturn|p1a: Celesteela|Protect\n|move|p2a: Vikavolt|Thunderbolt|p1a: Celesteela\n|-activate|p1a: Celesteela|move: Protect\n|\n|-heal|p1a: Celesteela|77\/100|[from] item: Leftovers\n|upkeep\n|turn|44\n|\n|t:|1700350581\n|move|p2a: Vikavolt|Thunderbolt|p1a: Celesteela\n|-supereffective|p1a: Celesteela\n|-damage|p1a: Celesteela|0 fnt\n|faint|p1a: Celesteela\n|\n|upkeep\n|\n|t:|1700350586\n|switch|p1a: Salazzle|Salazzle, F|65\/100\n|turn|45\n|\n|t:|1700350592\n|move|p1a: Salazzle|Substitute|p1a: Salazzle\n|-start|p1a: Salazzle|Substitute\n|-damage|p1a: Salazzle|40\/100\n|move|p2a: Vikavolt|Thunderbolt|p1a: Salazzle\n|-end|p1a: Salazzle|Substitute\n|\n|-heal|p1a: Salazzle|47\/100|[from] item: Black Sludge\n|upkeep\n|turn|46\n|\n|t:|1700350600\n|move|p1a: Salazzle|Protect|p1a: Salazzle\n|-singleturn|p1a: Salazzle|Protect\n|move|p2a: Vikavolt|Thunderbolt|p1a: Salazzle\n|-activate|p1a: Salazzle|move: Protect\n|\n|-heal|p1a: Salazzle|53\/100|[from] item: Black Sludge\n|upkeep\n|turn|47\n|\n|t:|1700350608\n|move|p1a: Salazzle|Toxic|p2a: Vikavolt\n|-status|p2a: Vikavolt|tox\n|move|p2a: Vikavolt|Thunderbolt|p1a: Salazzle\n|-damage|p1a: Salazzle|0 fnt\n|faint|p1a: Salazzle\n|\n|-damage|p2a: Vikavolt|94\/100 tox|[from] psn\n|upkeep\n|\n|t:|1700350618\n|switch|p1a: Clodsire|Clodsire, F|78\/100\n|turn|48\n|\n|t:|1700350623\n|move|p1a: Clodsire|Protect|p1a: Clodsire\n|-singleturn|p1a: Clodsire|Protect\n|move|p2a: Vikavolt|Energy Ball|p1a: Clodsire\n|-activate|p1a: Clodsire|move: Protect\n|\n|-heal|p1a: Clodsire|84\/100|[from] item: Black Sludge\n|-damage|p2a: Vikavolt|82\/100 tox|[from] psn\n|upkeep\n|turn|49\n|\n|t:|1700350633\n|move|p2a: Vikavolt|Energy Ball|p1a: Clodsire\n|-damage|p1a: Clodsire|65\/100\n|move|p1a: Clodsire|Recover|p1a: Clodsire\n|-heal|p1a: Clodsire|100\/100\n|\n|-damage|p2a: Vikavolt|64\/100 tox|[from] psn\n|upkeep\n|turn|50\n|\n|t:|1700350642\n|switch|p2a: Silvally|Silvally-Ground, shiny|94\/100\n|move|p1a: Clodsire|Stealth Rock|p2a: Silvally\n|-sidestart|p2: st.john52|move: Stealth Rock\n|\n|upkeep\n|turn|51\n|\n|t:|1700350648\n|move|p2a: Silvally|Multi-Attack|p1a: Clodsire\n|-supereffective|p1a: Clodsire\n|-damage|p1a: Clodsire|0 fnt\n|faint|p1a: Clodsire\n|\n|upkeep\n|\n|t:|1700350655\n|switch|p1a: Alomomola|Alomomola, M|100\/100\n|turn|52\n|\n|t:|1700350660\n|switch|p2a: Vikavolt|Vikavolt, M, shiny, tera:Steel|64\/100 tox\n|move|p1a: Alomomola|Toxic|p2a: Vikavolt\n|-fail|p2a: Vikavolt|tox\n|\n|-damage|p2a: Vikavolt|58\/100 tox|[from] psn\n|upkeep\n|turn|53\n|\n|t:|1700350668\n|move|p1a: Alomomola|Protect|p1a: Alomomola\n|-singleturn|p1a: Alomomola|Protect\n|move|p2a: Vikavolt|Thunderbolt|p1a: Alomomola\n|-activate|p1a: Alomomola|move: Protect\n|\n|-damage|p2a: Vikavolt|46\/100 tox|[from] psn\n|upkeep\n|turn|54\n|-message|Tyson Mikey 964 forfeited.\n|\n|win|st.john52\n|raw|Tyson Mikey 964's rating: 1026 &rarr; <strong>1015<\/strong><br \/>(-11 for losing)\n|raw|st.john52's rating: 1096 &rarr; <strong>1117<\/strong><br \/>(+21 for winning)\n|l|\u2606Tyson Mikey 964\n","uploadtime":1700350677,"views":7,"p1id":"tysonmikey964","p2id":"stjohn52","formatid":"gen9nationaldex","rating":1015,"private":0,"password":""}