{"id":"gen9nationaldex-1987417743","p1":"BTT2023","p2":"xdancampanas","format":"[Gen 9] National Dex","log":"|j|\u2606BTT2023\n|j|\u2606xdancampanas\n|t:|1699588693\n|gametype|singles\n|player|p1|BTT2023|red|1151\n|player|p2|xdancampanas|doctor|1123\n|teamsize|p1|6\n|teamsize|p2|6\n|gen|9\n|tier|[Gen 9] National Dex\n|rated|\n|rule|HP Percentage Mod: HP is shown in percentages\n|rule|Endless Battle Clause: Forcing endless battles is banned\n|rule|OHKO Clause: OHKO moves are banned\n|rule|Evasion Clause: Evasion abilities, items, and moves are banned\n|rule|Evasion Abilities Clause: Evasion abilities are banned\n|rule|Evasion Items Clause: Evasion items are banned\n|rule|Evasion Moves Clause: Evasion moves are banned\n|rule|Species Clause: Limit one of each Pok\u00e9mon\n|rule|Sleep Clause Mod: Limit one foe put to sleep\n|clearpoke\n|poke|p1|Golurk|\n|poke|p1|Primeape, M|\n|poke|p1|Thundurus, M|\n|poke|p1|Chesnaught, M|\n|poke|p1|Liepard, F|\n|poke|p1|Decidueye, M|\n|poke|p2|Delphox, F|\n|poke|p2|Goodra, M|\n|poke|p2|Milotic, F|\n|poke|p2|Clefable, F|\n|poke|p2|Umbreon, M|\n|poke|p2|Ribombee, F|\n|teampreview\n|c|\u2606BTT2023|Avengers Assemble!\n|\n|t:|1699588715\n|start\n|switch|p1a: Primeape|Primeape, M|100\/100\n|switch|p2a: Ribombee|Ribombee, F|100\/100\n|turn|1\n|c|\u2606xdancampanas|xd\n|\n|t:|1699588725\n|move|p2a: Ribombee|Moonblast|p1a: Primeape\n|-supereffective|p1a: Primeape\n|-enditem|p1a: Primeape|Focus Sash\n|-damage|p1a: Primeape|1\/100\n|move|p1a: Primeape|Taunt|p2a: Ribombee\n|-start|p2a: Ribombee|move: Taunt\n|\n|upkeep\n|turn|2\n|\n|t:|1699588733\n|move|p2a: Ribombee|Moonblast|p1a: Primeape\n|-supereffective|p1a: Primeape\n|-damage|p1a: Primeape|0 fnt\n|faint|p1a: Primeape\n|\n|upkeep\n|\n|t:|1699588747\n|switch|p1a: Liepard|Liepard, F|100\/100\n|turn|3\n|\n|t:|1699588756\n|move|p1a: Liepard|Sucker Punch|p2a: Ribombee\n|-resisted|p2a: Ribombee\n|-damage|p2a: Ribombee|81\/100\n|move|p2a: Ribombee|Moonblast|p1a: Liepard\n|-supereffective|p1a: Liepard\n|-damage|p1a: Liepard|0 fnt\n|faint|p1a: Liepard\n|\n|upkeep\n|\n|t:|1699588764\n|switch|p1a: Thundurus|Thundurus, M|100\/100\n|turn|4\n|\n|t:|1699588770\n|switch|p2a: Umbreon|Umbreon, M|100\/100\n|move|p1a: Thundurus|Thunderbolt|p2a: Umbreon\n|-damage|p2a: Umbreon|65\/100\n|\n|-heal|p2a: Umbreon|71\/100|[from] item: Leftovers\n|upkeep\n|turn|5\n|\n|t:|1699588777\n|move|p1a: Thundurus|Nasty Plot|p1a: Thundurus\n|-boost|p1a: Thundurus|spa|2\n|move|p2a: Umbreon|Toxic|p1a: Thundurus\n|-status|p1a: Thundurus|tox\n|\n|-heal|p2a: Umbreon|77\/100|[from] item: Leftovers\n|-damage|p1a: Thundurus|94\/100 tox|[from] psn\n|upkeep\n|turn|6\n|\n|t:|1699588783\n|move|p1a: Thundurus|Focus Blast|p2a: Umbreon\n|-supereffective|p2a: Umbreon\n|-damage|p2a: Umbreon|0 fnt\n|faint|p2a: Umbreon\n|\n|-damage|p1a: Thundurus|82\/100 tox|[from] psn\n|upkeep\n|\n|t:|1699588791\n|switch|p2a: Clefable|Clefable, F|100\/100\n|turn|7\n|\n|t:|1699588797\n|move|p1a: Thundurus|Thunderbolt|p2a: Clefable\n|-crit|p2a: Clefable\n|-damage|p2a: Clefable|0 fnt\n|faint|p2a: Clefable\n|\n|-damage|p1a: Thundurus|64\/100 tox|[from] psn\n|upkeep\n|c|\u2606BTT2023|DAMN\n|\n|t:|1699588804\n|switch|p2a: Goodra|Goodra, M|100\/100\n|turn|8\n|\n|t:|1699588808\n|move|p1a: Thundurus|Hidden Power|p2a: Goodra\n|-supereffective|p2a: Goodra\n|-damage|p2a: Goodra|38\/100\n|move|p2a: Goodra|Sludge Wave|p1a: Thundurus\n|-damage|p1a: Thundurus|27\/100 tox\n|\n|-damage|p1a: Thundurus|3\/100 tox|[from] psn\n|upkeep\n|turn|9\n|\n|t:|1699588815\n|move|p1a: Thundurus|Hidden Power|p2a: Goodra\n|-supereffective|p2a: Goodra\n|-damage|p2a: Goodra|0 fnt\n|faint|p2a: Goodra\n|\n|-damage|p1a: Thundurus|0 fnt|[from] psn\n|faint|p1a: Thundurus\n|upkeep\n|\n|t:|1699588835\n|switch|p1a: Golurk|Golurk|100\/100\n|switch|p2a: Ribombee|Ribombee, F|81\/100\n|turn|10\n|\n|t:|1699588840\n|move|p2a: Ribombee|Sticky Web|p1a: Golurk\n|-sidestart|p1: BTT2023|move: Sticky Web\n|move|p1a: Golurk|Poltergeist|p2a: Ribombee\n|-activate|p2a: Ribombee|move: Poltergeist|Focus Sash\n|-damage|p2a: Ribombee|0 fnt\n|faint|p2a: Ribombee\n|\n|upkeep\n|\n|t:|1699588845\n|switch|p2a: Milotic|Milotic, F|100\/100\n|turn|11\n|\n|t:|1699588849\n|move|p2a: Milotic|Whirlpool|p1a: Golurk\n|-supereffective|p1a: Golurk\n|-damage|p1a: Golurk|68\/100\n|-activate|p1a: Golurk|move: Whirlpool|[of] p2a: Milotic\n|move|p1a: Golurk|Poltergeist|p2a: Milotic\n|-activate|p2a: Milotic|move: Poltergeist|Flame Orb\n|-damage|p2a: Milotic|0 fnt\n|faint|p2a: Milotic\n|\n|-end|p1a: Golurk|Whirlpool|[partiallytrapped]|[silent]\n|upkeep\n|\n|t:|1699588855\n|switch|p2a: Delphox|Delphox, F|100\/100\n|turn|12\n|\n|t:|1699588864\n|-terastallize|p2a: Delphox|Fire\n|move|p2a: Delphox|Calm Mind|p2a: Delphox\n|-boost|p2a: Delphox|spa|1\n|-boost|p2a: Delphox|spd|1\n|move|p1a: Golurk|Poltergeist|p2a: Delphox\n|-activate|p2a: Delphox|move: Poltergeist|Wise Glasses\n|-damage|p2a: Delphox|0 fnt\n|faint|p2a: Delphox\n|\n|win|BTT2023\n|raw|BTT2023's rating: 1151 &rarr; <strong>1174<\/strong><br \/>(+23 for winning)\n|raw|xdancampanas's rating: 1123 &rarr; <strong>1100<\/strong><br \/>(-23 for losing)\n|c|\u2606BTT2023|GG :)\n","uploadtime":1699588875,"views":21,"p1id":"btt2023","p2id":"xdancampanas","formatid":"gen9nationaldex","rating":1100,"private":0,"password":""}