{"id":"gen9nationaldex-1993243725","p1":"hsenb\u59da\u67d0","p2":"wwaaa","format":"[Gen 9] National Dex","log":"|j|\u2606hsenb\u59da\u67d0\n|j|\u2606wwaaa\n|t:|1700283238\n|gametype|singles\n|player|p1|hsenb\u59da\u67d0|may-contest|1711\n|player|p2|wwaaa|lillie-masters|1746\n|teamsize|p1|6\n|teamsize|p2|6\n|gen|9\n|tier|[Gen 9] National Dex\n|rated|\n|rule|HP Percentage Mod: HP is shown in percentages\n|rule|Endless Battle Clause: Forcing endless battles is banned\n|rule|OHKO Clause: OHKO moves are banned\n|rule|Evasion Clause: Evasion abilities, items, and moves are banned\n|rule|Evasion Abilities Clause: Evasion abilities are banned\n|rule|Evasion Items Clause: Evasion items are banned\n|rule|Evasion Moves Clause: Evasion moves are banned\n|rule|Species Clause: Limit one of each Pok\u00e9mon\n|rule|Sleep Clause Mod: Limit one foe put to sleep\n|clearpoke\n|poke|p1|Yanmega, M|\n|poke|p1|Centiskorch, M|\n|poke|p1|Durant, F|\n|poke|p1|Ribombee, F|\n|poke|p1|Buzzwole|\n|poke|p1|Pinsir, M|\n|poke|p2|Weavile, M|\n|poke|p2|Zamazenta-*|\n|poke|p2|Banette, F|\n|poke|p2|Dragonite, F|\n|poke|p2|Slowking-Galar, F|\n|poke|p2|Ferrothorn, M|\n|teampreview\n|inactive|Battle timer is ON: inactive players will automatically lose when time's up. (requested by hsenb\u59da\u67d0)\n|\n|t:|1700283258\n|start\n|switch|p1a: \u5403\u6211\u949b\u6676\u866b\u866b\u9e23!|Yanmega, M, shiny|100\/100\n|switch|p2a: Slowking|Slowking-Galar, F|100\/100\n|turn|1\n|j| eguipeng\u5384\u8be1\u692a\u4fa0\n|\n|t:|1700283270\n|switch|p1a: \u5c31\u4f60\u53eb\u706b\u795e\u866b\u554a|Centiskorch, M, shiny|100\/100\n|move|p2a: Slowking|Chilly Reception|p2a: Slowking\n|-weather|Snow\n|\n|t:|1700283287\n|switch|p2a: Banette|Banette, F|100\/100|[from] Chilly Reception\n|-item|p1a: \u5c31\u4f60\u53eb\u706b\u795e\u866b\u554a|Heavy-Duty Boots|[from] ability: Frisk|[of] p2a: Banette|[identify]\n|\n|-weather|Snow|[upkeep]\n|upkeep\n|turn|2\n|inactive|hsenb\u59da\u67d0 has 120 seconds left.\n|j| snivy ye \u53f6\u86c7\n|\n|t:|1700283318\n|switch|p1a: \u868a\u7237\u7237|Buzzwole, shiny|100\/100\n|detailschange|p2a: Banette|Banette-Mega, F\n|-mega|p2a: Banette|Banette|Banettite\n|move|p2a: Banette|Poltergeist|p1a: \u868a\u7237\u7237\n|-activate|p1a: \u868a\u7237\u7237|move: Poltergeist|Rocky Helmet\n|-damage|p1a: \u868a\u7237\u7237|64\/100\n|\n|-weather|Snow|[upkeep]\n|upkeep\n|turn|3\n|inactive|hsenb\u59da\u67d0 has 120 seconds left.\n|\n|t:|1700283330\n|switch|p1a: \u6b7b\u4e5f\u8981\u628a\u866b\u7f51\u6492\u51fa\u6765|Ribombee, F, shiny|100\/100\n|move|p2a: Banette|Poltergeist|p1a: \u6b7b\u4e5f\u8981\u628a\u866b\u7f51\u6492\u51fa\u6765|[miss]\n|-miss|p2a: Banette|p1a: \u6b7b\u4e5f\u8981\u628a\u866b\u7f51\u6492\u51fa\u6765\n|\n|-weather|Snow|[upkeep]\n|upkeep\n|turn|4\n|\n|t:|1700283341\n|switch|p2a: Ferrothorn|Ferrothorn, M|100\/100\n|move|p1a: \u6b7b\u4e5f\u8981\u628a\u866b\u7f51\u6492\u51fa\u6765|Moonblast|p2a: Ferrothorn\n|-resisted|p2a: Ferrothorn\n|-damage|p2a: Ferrothorn|87\/100\n|-unboost|p2a: Ferrothorn|spa|1\n|\n|-weather|Snow|[upkeep]\n|-heal|p2a: Ferrothorn|93\/100|[from] item: Leftovers\n|upkeep\n|turn|5\n|inactive|hsenb\u59da\u67d0 has 120 seconds left.\n|\n|t:|1700283361\n|switch|p1a: \u5c31\u4f60\u53eb\u706b\u795e\u866b\u554a|Centiskorch, M, shiny|100\/100\n|move|p2a: Ferrothorn|Stealth Rock|p1a: \u5c31\u4f60\u53eb\u706b\u795e\u866b\u554a\n|-sidestart|p1: hsenb\u59da\u67d0|move: Stealth Rock\n|\n|-weather|none\n|-heal|p2a: Ferrothorn|99\/100|[from] item: Leftovers\n|upkeep\n|turn|6\n|inactive|hsenb\u59da\u67d0 has 120 seconds left.\n|\n|t:|1700283386\n|switch|p2a: Banette|Banette-Mega, F|100\/100\n|move|p1a: \u5c31\u4f60\u53eb\u706b\u795e\u866b\u554a|Knock Off|p2a: Banette\n|-supereffective|p2a: Banette\n|-damage|p2a: Banette|43\/100\n|\n|upkeep\n|turn|7\n|\n|t:|1700283397\n|move|p2a: Banette|Poltergeist|p1a: \u5c31\u4f60\u53eb\u706b\u795e\u866b\u554a\n|-activate|p1a: \u5c31\u4f60\u53eb\u706b\u795e\u866b\u554a|move: Poltergeist|Heavy-Duty Boots\n|-damage|p1a: \u5c31\u4f60\u53eb\u706b\u795e\u866b\u554a|0 fnt\n|faint|p1a: \u5c31\u4f60\u53eb\u706b\u795e\u866b\u554a\n|\n|upkeep\n|inactive|hsenb\u59da\u67d0 has 120 seconds left.\n|inactive|hsenb\u59da\u67d0 has 90 seconds left.\n|\n|t:|1700283439\n|switch|p1a: \u5927\u7533\uff0c\u542f\u52a8!|Pinsir, M, shiny|100\/100\n|-damage|p1a: \u5927\u7533\uff0c\u542f\u52a8!|76\/100|[from] Stealth Rock\n|turn|8\n|\n|t:|1700283456\n|switch|p2a: Ferrothorn|Ferrothorn, M|99\/100\n|detailschange|p1a: \u5927\u7533\uff0c\u542f\u52a8!|Pinsir-Mega, M, shiny\n|-mega|p1a: \u5927\u7533\uff0c\u542f\u52a8!|Pinsir|Pinsirite\n|move|p1a: \u5927\u7533\uff0c\u542f\u52a8!|Quick Attack|p2a: Ferrothorn\n|-damage|p2a: Ferrothorn|81\/100\n|-damage|p1a: \u5927\u7533\uff0c\u542f\u52a8!|64\/100|[from] ability: Iron Barbs|[of] p2a: Ferrothorn\n|\n|-heal|p2a: Ferrothorn|87\/100|[from] item: Leftovers\n|upkeep\n|turn|9\n|\n|t:|1700283465\n|switch|p2a: Dragonite|Dragonite, F|100\/100\n|move|p1a: \u5927\u7533\uff0c\u542f\u52a8!|Swords Dance|p1a: \u5927\u7533\uff0c\u542f\u52a8!\n|-boost|p1a: \u5927\u7533\uff0c\u542f\u52a8!|atk|2\n|\n|upkeep\n|turn|10\n|\n|t:|1700283472\n|move|p2a: Dragonite|Extreme Speed|p1a: \u5927\u7533\uff0c\u542f\u52a8!\n|-damage|p1a: \u5927\u7533\uff0c\u542f\u52a8!|32\/100\n|move|p1a: \u5927\u7533\uff0c\u542f\u52a8!|Frustration|p2a: Dragonite\n|-damage|p2a: Dragonite|17\/100\n|\n|upkeep\n|turn|11\n|\n|t:|1700283478\n|move|p2a: Dragonite|Extreme Speed|p1a: \u5927\u7533\uff0c\u542f\u52a8!\n|-damage|p1a: \u5927\u7533\uff0c\u542f\u52a8!|0 fnt\n|faint|p1a: \u5927\u7533\uff0c\u542f\u52a8!\n|\n|upkeep\n|\n|t:|1700283487\n|switch|p1a: \u6562\u9664\u96fe\u6211\u5c31\u78e8\u722a|Durant, F, shiny|100\/100\n|-damage|p1a: \u6562\u9664\u96fe\u6211\u5c31\u78e8\u722a|88\/100|[from] Stealth Rock\n|turn|12\n|\n|t:|1700283494\n|move|p1a: \u6562\u9664\u96fe\u6211\u5c31\u78e8\u722a|Iron Head|p2a: Dragonite\n|-damage|p2a: Dragonite|0 fnt\n|faint|p2a: Dragonite\n|\n|upkeep\n|\n|t:|1700283506\n|switch|p2a: Ferrothorn|Ferrothorn, M|87\/100\n|turn|13\n|inactive|hsenb\u59da\u67d0 has 120 seconds left.\n|\n|t:|1700283528\n|move|p1a: \u6562\u9664\u96fe\u6211\u5c31\u78e8\u722a|Superpower|p2a: Ferrothorn|[miss]\n|-miss|p1a: \u6562\u9664\u96fe\u6211\u5c31\u78e8\u722a|p2a: Ferrothorn\n|move|p2a: Ferrothorn|Leech Seed|p1a: \u6562\u9664\u96fe\u6211\u5c31\u78e8\u722a\n|-start|p1a: \u6562\u9664\u96fe\u6211\u5c31\u78e8\u722a|move: Leech Seed\n|\n|-heal|p2a: Ferrothorn|93\/100|[from] item: Leftovers\n|-damage|p1a: \u6562\u9664\u96fe\u6211\u5c31\u78e8\u722a|76\/100|[from] Leech Seed|[of] p2a: Ferrothorn\n|-heal|p2a: Ferrothorn|100\/100|[silent]\n|upkeep\n|turn|14\n|\n|t:|1700283544\n|switch|p1a: \u6b7b\u4e5f\u8981\u628a\u866b\u7f51\u6492\u51fa\u6765|Ribombee, F, shiny|100\/100\n|-damage|p1a: \u6b7b\u4e5f\u8981\u628a\u866b\u7f51\u6492\u51fa\u6765|76\/100|[from] Stealth Rock\n|move|p2a: Ferrothorn|Gyro Ball|p1a: \u6b7b\u4e5f\u8981\u628a\u866b\u7f51\u6492\u51fa\u6765\n|-supereffective|p1a: \u6b7b\u4e5f\u8981\u628a\u866b\u7f51\u6492\u51fa\u6765\n|-damage|p1a: \u6b7b\u4e5f\u8981\u628a\u866b\u7f51\u6492\u51fa\u6765|0 fnt\n|faint|p1a: \u6b7b\u4e5f\u8981\u628a\u866b\u7f51\u6492\u51fa\u6765\n|\n|upkeep\n|\n|t:|1700283554\n|switch|p1a: \u6562\u9664\u96fe\u6211\u5c31\u78e8\u722a|Durant, F, shiny|76\/100\n|-damage|p1a: \u6562\u9664\u96fe\u6211\u5c31\u78e8\u722a|63\/100|[from] Stealth Rock\n|turn|15\n|\n|t:|1700283562\n|move|p1a: \u6562\u9664\u96fe\u6211\u5c31\u78e8\u722a|Superpower|p2a: Ferrothorn\n|-supereffective|p2a: Ferrothorn\n|-damage|p2a: Ferrothorn|23\/100\n|-unboost|p1a: \u6562\u9664\u96fe\u6211\u5c31\u78e8\u722a|atk|1\n|-unboost|p1a: \u6562\u9664\u96fe\u6211\u5c31\u78e8\u722a|def|1\n|-damage|p1a: \u6562\u9664\u96fe\u6211\u5c31\u78e8\u722a|51\/100|[from] ability: Iron Barbs|[of] p2a: Ferrothorn\n|move|p2a: Ferrothorn|Gyro Ball|p1a: \u6562\u9664\u96fe\u6211\u5c31\u78e8\u722a\n|-resisted|p1a: \u6562\u9664\u96fe\u6211\u5c31\u78e8\u722a\n|-damage|p1a: \u6562\u9664\u96fe\u6211\u5c31\u78e8\u722a|3\/100\n|\n|-heal|p2a: Ferrothorn|29\/100|[from] item: Leftovers\n|upkeep\n|turn|16\n|\n|t:|1700283576\n|-zpower|p1a: \u6562\u9664\u96fe\u6211\u5c31\u78e8\u722a\n|move|p1a: \u6562\u9664\u96fe\u6211\u5c31\u78e8\u722a|Continental Crush|p2a: Ferrothorn|[zeffect]\n|-resisted|p2a: Ferrothorn\n|-damage|p2a: Ferrothorn|11\/100\n|move|p2a: Ferrothorn|Leech Seed|p1a: \u6562\u9664\u96fe\u6211\u5c31\u78e8\u722a\n|-start|p1a: \u6562\u9664\u96fe\u6211\u5c31\u78e8\u722a|move: Leech Seed\n|\n|-heal|p2a: Ferrothorn|17\/100|[from] item: Leftovers\n|-damage|p1a: \u6562\u9664\u96fe\u6211\u5c31\u78e8\u722a|0 fnt|[from] Leech Seed|[of] p2a: Ferrothorn\n|-heal|p2a: Ferrothorn|19\/100|[silent]\n|faint|p1a: \u6562\u9664\u96fe\u6211\u5c31\u78e8\u722a\n|upkeep\n|\n|t:|1700283588\n|switch|p1a: \u5403\u6211\u949b\u6676\u866b\u866b\u9e23!|Yanmega, M, shiny|100\/100\n|-damage|p1a: \u5403\u6211\u949b\u6676\u866b\u866b\u9e23!|51\/100|[from] Stealth Rock\n|turn|17\n|\n|t:|1700283592\n|move|p1a: \u5403\u6211\u949b\u6676\u866b\u866b\u9e23!|Bug Buzz|p2a: Ferrothorn\n|-damage|p2a: Ferrothorn|0 fnt\n|faint|p2a: Ferrothorn\n|\n|upkeep\n|\n|t:|1700283597\n|switch|p2a: Weavile|Weavile, M|100\/100\n|-ability|p2a: Weavile|Pressure\n|turn|18\n|\n|t:|1700283601\n|move|p2a: Weavile|Ice Shard|p1a: \u5403\u6211\u949b\u6676\u866b\u866b\u9e23!\n|-supereffective|p1a: \u5403\u6211\u949b\u6676\u866b\u866b\u9e23!\n|-damage|p1a: \u5403\u6211\u949b\u6676\u866b\u866b\u9e23!|5\/100\n|move|p1a: \u5403\u6211\u949b\u6676\u866b\u866b\u9e23!|Bug Buzz|p2a: Weavile\n|-supereffective|p2a: Weavile\n|-damage|p2a: Weavile|0 fnt\n|faint|p2a: Weavile\n|\n|upkeep\n|\n|t:|1700283608\n|switch|p2a: Banette|Banette-Mega, F|43\/100\n|turn|19\n|\n|t:|1700283624\n|move|p2a: Banette|Shadow Sneak|p1a: \u5403\u6211\u949b\u6676\u866b\u866b\u9e23!\n|-damage|p1a: \u5403\u6211\u949b\u6676\u866b\u866b\u9e23!|0 fnt\n|faint|p1a: \u5403\u6211\u949b\u6676\u866b\u866b\u9e23!\n|\n|upkeep\n|-message|hsenb\u59da\u67d0 forfeited.\n|\n|win|wwaaa\n|raw|hsenb\u59da\u67d0's rating: 1711 &rarr; <strong>1693<\/strong><br \/>(-18 for losing)\n|raw|wwaaa's rating: 1746 &rarr; <strong>1764<\/strong><br \/>(+18 for winning)\n|l|\u2606hsenb\u59da\u67d0\n","uploadtime":1700283641,"views":6,"p1id":"hsenb","p2id":"wwaaa","formatid":"gen9nationaldex","rating":1693,"private":0,"password":""}