{"id":"gen9nationaldex-1999718825","p1":"ctufan23","p2":"SkillzBP","format":"[Gen 9] National Dex","log":"|html|<div class=\"broadcast-blue\"><strong>[Gen 9] National Dex is currently suspecting Sneasler! For information on how to participate check out the <a href=\"https:\/\/www.smogon.com\/forums\/threads\/sv-national-dex-suspect-8-just-dance.3731534\/\">suspect thread<\/a>.<\/strong><\/div>\n|j|\u2606ctufan23\n|j|\u2606SkillzBP\n|t:|1701110619\n|gametype|singles\n|player|p1|ctufan23|gentleman-gen4|1699\n|player|p2|SkillzBP|hau|1722\n|teamsize|p1|6\n|teamsize|p2|6\n|gen|9\n|tier|[Gen 9] National Dex\n|rated|\n|rule|HP Percentage Mod: HP is shown in percentages\n|rule|Endless Battle Clause: Forcing endless battles is banned\n|rule|OHKO Clause: OHKO moves are banned\n|rule|Evasion Clause: Evasion abilities, items, and moves are banned\n|rule|Evasion Abilities Clause: Evasion abilities are banned\n|rule|Evasion Items Clause: Evasion items are banned\n|rule|Evasion Moves Clause: Evasion moves are banned\n|rule|Species Clause: Limit one of each Pok\u00e9mon\n|rule|Sleep Clause Mod: Limit one foe put to sleep\n|clearpoke\n|poke|p1|Tapu Fini|\n|poke|p1|Ferrothorn, M|\n|poke|p1|Tapu Lele|\n|poke|p1|Chansey, F|\n|poke|p1|Landorus-Therian, M|\n|poke|p1|Ditto|\n|poke|p2|Glimmora, M|\n|poke|p2|Heatran, M|\n|poke|p2|Sneasler, M|\n|poke|p2|Rotom-Wash|\n|poke|p2|Rillaboom, M|\n|poke|p2|Charizard, M|\n|teampreview\n|inactive|Battle timer is ON: inactive players will automatically lose when time's up. (requested by SkillzBP)\n|inactive|SkillzBP has 120 seconds left.\n|\n|t:|1701110659\n|start\n|switch|p1a: Chansey|Chansey, F|100\/100\n|switch|p2a: Knock Off Ghold|Rotom-Wash|100\/100\n|turn|1\n|\n|t:|1701110665\n|move|p2a: Knock Off Ghold|Trick|p1a: Chansey\n|-activate|p2a: Knock Off Ghold|move: Trick|[of] p1a: Chansey\n|-item|p1a: Chansey|Choice Scarf|[from] move: Trick\n|-item|p2a: Knock Off Ghold|Eviolite|[from] move: Trick\n|move|p1a: Chansey|Stealth Rock|p2a: Knock Off Ghold\n|-sidestart|p2: SkillzBP|move: Stealth Rock\n|\n|upkeep\n|turn|2\n|\n|t:|1701110676\n|switch|p1a: Tapu Lele|Tapu Lele|100\/100\n|-fieldstart|move: Psychic Terrain|[from] ability: Psychic Surge|[of] p1a: Tapu Lele\n|move|p2a: Knock Off Ghold|Volt Switch|p1a: Tapu Lele\n|-damage|p1a: Tapu Lele|64\/100\n|\n|t:|1701110679\n|switch|p2a: Terrain Up?|Rillaboom, M|100\/100|[from] Volt Switch\n|-damage|p2a: Terrain Up?|88\/100|[from] Stealth Rock\n|-fieldstart|move: Grassy Terrain|[from] ability: Grassy Surge|[of] p2a: Terrain Up?\n|\n|-heal|p1a: Tapu Lele|70\/100|[from] Grassy Terrain\n|-heal|p2a: Terrain Up?|94\/100|[from] Grassy Terrain\n|upkeep\n|turn|3\n|\n|t:|1701110688\n|switch|p1a: Ferrothorn|Ferrothorn, M|100\/100\n|move|p2a: Terrain Up?|U-turn|p1a: Ferrothorn\n|-damage|p1a: Ferrothorn|82\/100\n|-damage|p2a: Terrain Up?|82\/100|[from] ability: Iron Barbs|[of] p1a: Ferrothorn\n|-damage|p2a: Terrain Up?|65\/100|[from] item: Rocky Helmet|[of] p1a: Ferrothorn\n|-damage|p2a: Terrain Up?|55\/100|[from] item: Life Orb\n|\n|t:|1701110691\n|switch|p2a: Blood Moon|Heatran, M|100\/100|[from] U-turn\n|-damage|p2a: Blood Moon|88\/100|[from] Stealth Rock\n|\n|-heal|p2a: Blood Moon|94\/100|[from] Grassy Terrain\n|-heal|p1a: Ferrothorn|88\/100|[from] Grassy Terrain\n|upkeep\n|turn|4\n|\n|t:|1701110694\n|switch|p1a: Ditto|Ditto, shiny|100\/100\n|-transform|p1a: Ditto|p2a: Blood Moon|[from] ability: Imposter\n|move|p2a: Blood Moon|Magma Storm|p1a: Ditto\n|-start|p1a: Ditto|ability: Flash Fire\n|\n|-heal|p2a: Blood Moon|100\/100|[from] Grassy Terrain\n|upkeep\n|turn|5\n|\n|t:|1701110709\n|-end|p1a: Ditto|ability: Flash Fire|[silent]\n|switch|p1a: Landorus|Landorus-Therian, M, shiny|100\/100\n|-ability|p1a: Landorus|Intimidate|boost\n|-unboost|p2a: Blood Moon|atk|1\n|move|p2a: Blood Moon|Earth Power|p1a: Landorus\n|-immune|p1a: Landorus\n|\n|upkeep\n|turn|6\n|\n|t:|1701110721\n|move|p1a: Landorus|Substitute|p1a: Landorus\n|-start|p1a: Landorus|Substitute\n|-damage|p1a: Landorus|76\/100\n|move|p2a: Blood Moon|Magma Storm|p1a: Landorus\n|-end|p1a: Landorus|Substitute\n|\n|-heal|p1a: Landorus|82\/100|[from] item: Leftovers\n|-fieldend|move: Grassy Terrain\n|upkeep\n|turn|7\n|\n|t:|1701110727\n|switch|p2a: Terrain Up?|Rillaboom, M|55\/100\n|-damage|p2a: Terrain Up?|43\/100|[from] Stealth Rock\n|-fieldstart|move: Grassy Terrain|[from] ability: Grassy Surge|[of] p2a: Terrain Up?\n|move|p1a: Landorus|Knock Off|p2a: Terrain Up?\n|-damage|p2a: Terrain Up?|9\/100\n|-enditem|p2a: Terrain Up?|Life Orb|[from] move: Knock Off|[of] p1a: Landorus\n|\n|-heal|p1a: Landorus|88\/100|[from] item: Leftovers\n|-heal|p2a: Terrain Up?|16\/100|[from] Grassy Terrain\n|upkeep\n|turn|8\n|\n|t:|1701110738\n|switch|p2a: Knock Off Ghold|Rotom-Wash|100\/100\n|-damage|p2a: Knock Off Ghold|88\/100|[from] Stealth Rock\n|move|p1a: Landorus|Knock Off|p2a: Knock Off Ghold\n|-damage|p2a: Knock Off Ghold|36\/100\n|-enditem|p2a: Knock Off Ghold|Eviolite|[from] move: Knock Off|[of] p1a: Landorus\n|\n|-heal|p1a: Landorus|94\/100|[from] item: Leftovers\n|upkeep\n|turn|9\n|\n|t:|1701110748\n|move|p1a: Landorus|Substitute|p1a: Landorus\n|-start|p1a: Landorus|Substitute\n|-damage|p1a: Landorus|69\/100\n|move|p2a: Knock Off Ghold|Trick||[still]\n|-fail|p2a: Knock Off Ghold\n|\n|-heal|p1a: Landorus|75\/100|[from] item: Leftovers\n|upkeep\n|turn|10\n|\n|t:|1701110752\n|move|p1a: Landorus|Bulk Up|p1a: Landorus\n|-boost|p1a: Landorus|atk|1\n|-boost|p1a: Landorus|def|1\n|move|p2a: Knock Off Ghold|Hydro Pump|p1a: Landorus\n|-supereffective|p1a: Landorus\n|-end|p1a: Landorus|Substitute\n|\n|-heal|p1a: Landorus|81\/100|[from] item: Leftovers\n|upkeep\n|turn|11\n|\n|t:|1701110757\n|move|p1a: Landorus|Knock Off|p2a: Knock Off Ghold\n|-damage|p2a: Knock Off Ghold|0 fnt\n|faint|p2a: Knock Off Ghold\n|\n|-heal|p1a: Landorus|87\/100|[from] item: Leftovers\n|-fieldend|move: Grassy Terrain\n|upkeep\n|\n|t:|1701110769\n|switch|p2a: The Zardinator|Charizard, M|100\/100\n|-damage|p2a: The Zardinator|51\/100|[from] Stealth Rock\n|turn|12\n|\n|t:|1701110773\n|switch|p1a: Chansey|Chansey, F|100\/100\n|detailschange|p2a: The Zardinator|Charizard-Mega-Y, M\n|-mega|p2a: The Zardinator|Charizard|Charizardite Y\n|-weather|SunnyDay|[from] ability: Drought|[of] p2a: The Zardinator\n|move|p2a: The Zardinator|Weather Ball|p1a: Chansey\n|-damage|p1a: Chansey|56\/100\n|\n|-weather|SunnyDay|[upkeep]\n|upkeep\n|turn|13\n|\n|t:|1701110779\n|move|p2a: The Zardinator|Air Slash|p1a: Chansey\n|-damage|p1a: Chansey|35\/100\n|move|p1a: Chansey|Soft-Boiled|p1a: Chansey\n|-heal|p1a: Chansey|86\/100\n|\n|-weather|SunnyDay|[upkeep]\n|upkeep\n|turn|14\n|\n|t:|1701110784\n|switch|p1a: Ditto|Ditto, shiny|100\/100\n|-transform|p1a: Ditto|p2a: The Zardinator|[from] ability: Imposter\n|move|p2a: The Zardinator|Weather Ball|p1a: Ditto\n|-resisted|p1a: Ditto\n|-damage|p1a: Ditto|53\/100\n|\n|-weather|SunnyDay|[upkeep]\n|upkeep\n|turn|15\n|\n|t:|1701110795\n|move|p1a: Ditto|Air Slash|p2a: The Zardinator\n|-damage|p2a: The Zardinator|7\/100\n|cant|p2a: The Zardinator|flinch\n|\n|-weather|SunnyDay|[upkeep]\n|upkeep\n|turn|16\n|\n|t:|1701110798\n|move|p1a: Ditto|Air Slash|p2a: The Zardinator\n|-damage|p2a: The Zardinator|0 fnt\n|faint|p2a: The Zardinator\n|\n|-weather|none\n|upkeep\n|\n|t:|1701110804\n|switch|p2a: Blood Moon|Heatran, M|100\/100\n|-damage|p2a: Blood Moon|88\/100|[from] Stealth Rock\n|turn|17\n|\n|t:|1701110808\n|move|p1a: Ditto|Air Slash|p2a: Blood Moon\n|-resisted|p2a: Blood Moon\n|-damage|p2a: Blood Moon|76\/100\n|move|p2a: Blood Moon|Magma Storm|p1a: Ditto\n|-resisted|p1a: Ditto\n|-damage|p1a: Ditto|25\/100\n|-activate|p1a: Ditto|move: Magma Storm|[of] p2a: Blood Moon\n|\n|-damage|p1a: Ditto|13\/100|[from] move: Magma Storm|[partiallytrapped]\n|upkeep\n|turn|18\n|\n|t:|1701110813\n|move|p1a: Ditto|Air Slash|p2a: Blood Moon\n|-resisted|p2a: Blood Moon\n|-damage|p2a: Blood Moon|64\/100\n|cant|p2a: Blood Moon|flinch\n|\n|-damage|p1a: Ditto|0 fnt|[from] move: Magma Storm|[partiallytrapped]\n|faint|p1a: Ditto\n|upkeep\n|\n|t:|1701110815\n|switch|p1a: Landorus|Landorus-Therian, M, shiny|87\/100\n|-ability|p1a: Landorus|Intimidate|boost\n|-unboost|p2a: Blood Moon|atk|1\n|turn|19\n|\n|t:|1701110834\n|switch|p1a: Ferrothorn|Ferrothorn, M|88\/100\n|switch|p2a: hey check this out|Glimmora, M|100\/100\n|-damage|p2a: hey check this out|88\/100|[from] Stealth Rock\n|\n|upkeep\n|turn|20\n|\n|t:|1701110854\n|move|p2a: hey check this out|Stealth Rock|p1a: Ferrothorn\n|-sidestart|p1: ctufan23|move: Stealth Rock\n|move|p1a: Ferrothorn|Spikes|p2a: hey check this out\n|-sidestart|p2: SkillzBP|Spikes\n|\n|upkeep\n|turn|21\n|\n|t:|1701110858\n|switch|p2a: Blood Moon|Heatran, M|64\/100\n|-damage|p2a: Blood Moon|51\/100|[from] Stealth Rock\n|-damage|p2a: Blood Moon|39\/100|[from] Spikes\n|move|p1a: Ferrothorn|Leech Seed|p2a: Blood Moon\n|-start|p2a: Blood Moon|move: Leech Seed\n|\n|-damage|p2a: Blood Moon|26\/100|[from] Leech Seed|[of] p1a: Ferrothorn\n|-heal|p1a: Ferrothorn|100\/100|[silent]\n|upkeep\n|turn|22\n|j| jkljlkh\n|\n|t:|1701110866\n|move|p1a: Ferrothorn|Protect|p1a: Ferrothorn\n|-singleturn|p1a: Ferrothorn|Protect\n|move|p2a: Blood Moon|Magma Storm|p1a: Ferrothorn\n|-activate|p1a: Ferrothorn|move: Protect\n|\n|-damage|p2a: Blood Moon|14\/100|[from] Leech Seed|[of] p1a: Ferrothorn\n|upkeep\n|turn|23\n|\n|t:|1701110875\n|switch|p1a: Tapu Fini|Tapu Fini|100\/100\n|-damage|p1a: Tapu Fini|88\/100|[from] Stealth Rock\n|-fieldstart|move: Misty Terrain|[from] ability: Misty Surge|[of] p1a: Tapu Fini\n|move|p2a: Blood Moon|Lava Plume|p1a: Tapu Fini\n|-resisted|p1a: Tapu Fini\n|-damage|p1a: Tapu Fini|68\/100\n|\n|-heal|p1a: Tapu Fini|74\/100|[from] item: Leftovers\n|-damage|p2a: Blood Moon|2\/100|[from] Leech Seed|[of] p1a: Tapu Fini\n|-heal|p1a: Tapu Fini|91\/100|[silent]\n|upkeep\n|turn|24\n|\n|t:|1701110882\n|move|p1a: Tapu Fini|Draining Kiss|p2a: Blood Moon\n|-resisted|p2a: Blood Moon\n|-damage|p2a: Blood Moon|0 fnt\n|-heal|p1a: Tapu Fini|92\/100|[from] drain|[of] p2a: Blood Moon\n|faint|p2a: Blood Moon\n|\n|-heal|p1a: Tapu Fini|98\/100|[from] item: Leftovers\n|upkeep\n|\n|t:|1701110888\n|switch|p2a: Terrain Up?|Rillaboom, M|16\/100\n|-damage|p2a: Terrain Up?|3\/100|[from] Stealth Rock\n|-damage|p2a: Terrain Up?|0 fnt|[from] Spikes\n|faint|p2a: Terrain Up?\n|\n|t:|1701110891\n|switch|p2a: hey check this out|Glimmora, M|88\/100\n|-damage|p2a: hey check this out|76\/100|[from] Stealth Rock\n|-damage|p2a: hey check this out|63\/100|[from] Spikes\n|turn|25\n|\n|t:|1701110894\n|move|p2a: hey check this out|Mortal Spin|p1a: Tapu Fini\n|-supereffective|p1a: Tapu Fini\n|-damage|p1a: Tapu Fini|82\/100\n|-sideend|p2: SkillzBP|Spikes|[from] move: Mortal Spin|[of] p2a: hey check this out\n|-sideend|p2: SkillzBP|Stealth Rock|[from] move: Mortal Spin|[of] p2a: hey check this out\n|move|p1a: Tapu Fini|Surf|p2a: hey check this out\n|-supereffective|p2a: hey check this out\n|-damage|p2a: hey check this out|0 fnt\n|faint|p2a: hey check this out\n|\n|-heal|p1a: Tapu Fini|88\/100|[from] item: Leftovers\n|upkeep\n|\n|t:|1701110897\n|switch|p2a: U know the vibes\ud83d\udd25|Sneasler, M|100\/100\n|turn|26\n|\n|t:|1701110901\n|-terastallize|p2a: U know the vibes\ud83d\udd25|Flying\n|move|p2a: U know the vibes\ud83d\udd25|Swords Dance|p2a: U know the vibes\ud83d\udd25\n|-boost|p2a: U know the vibes\ud83d\udd25|atk|2\n|move|p1a: Tapu Fini|Calm Mind|p1a: Tapu Fini\n|-boost|p1a: Tapu Fini|spa|1\n|-boost|p1a: Tapu Fini|spd|1\n|\n|-heal|p1a: Tapu Fini|94\/100|[from] item: Leftovers\n|upkeep\n|turn|27\n|\n|t:|1701110904\n|move|p2a: U know the vibes\ud83d\udd25|Dire Claw|p1a: Tapu Fini\n|-supereffective|p1a: Tapu Fini\n|-damage|p1a: Tapu Fini|0 fnt\n|faint|p1a: Tapu Fini\n|\n|-fieldend|Misty Terrain\n|upkeep\n|\n|t:|1701110908\n|switch|p1a: Ferrothorn|Ferrothorn, M|100\/100\n|-damage|p1a: Ferrothorn|95\/100|[from] Stealth Rock\n|turn|28\n|\n|t:|1701110911\n|-terastallize|p1a: Ferrothorn|Fairy\n|move|p2a: U know the vibes\ud83d\udd25|Close Combat|p1a: Ferrothorn\n|-resisted|p1a: Ferrothorn\n|-damage|p1a: Ferrothorn|54\/100\n|-unboost|p2a: U know the vibes\ud83d\udd25|def|1\n|-unboost|p2a: U know the vibes\ud83d\udd25|spd|1\n|-damage|p2a: U know the vibes\ud83d\udd25|88\/100|[from] ability: Iron Barbs|[of] p1a: Ferrothorn\n|-damage|p2a: U know the vibes\ud83d\udd25|72\/100|[from] item: Rocky Helmet|[of] p1a: Ferrothorn\n|move|p1a: Ferrothorn|Gyro Ball|p2a: U know the vibes\ud83d\udd25\n|-damage|p2a: U know the vibes\ud83d\udd25|0 fnt\n|faint|p2a: U know the vibes\ud83d\udd25\n|\n|win|ctufan23\n|raw|ctufan23's rating: 1699 &rarr; <strong>1720<\/strong><br \/>(+21 for winning)\n|raw|SkillzBP's rating: 1722 &rarr; <strong>1701<\/strong><br \/>(-21 for losing)\n|l|\u2606SkillzBP\n|l| jkljlkh\n","uploadtime":1701110923,"views":10,"p1id":"ctufan23","p2id":"skillzbp","formatid":"gen9nationaldex","rating":1701,"private":0,"password":""}