{"id":"gen9nationaldex-1996636469","p1":"MorthDaMooth","p2":"shyguy and glaceon","format":"[Gen 9] National Dex","log":"|html|<div class=\"broadcast-blue\"><strong>[Gen 9] National Dex is currently suspecting Sneasler! For information on how to participate check out the <a href=\"https:\/\/www.smogon.com\/forums\/threads\/sv-national-dex-suspect-8-just-dance.3731534\/\">suspect thread<\/a>.<\/strong><\/div>\n|j|\u2606MorthDaMooth\n|j|\u2606shyguy and glaceon\n|t:|1700703491\n|gametype|singles\n|player|p1|MorthDaMooth|170|\n|player|p2|shyguy and glaceon|roxanne|\n|teamsize|p1|6\n|teamsize|p2|6\n|gen|9\n|tier|[Gen 9] National Dex\n|rule|HP Percentage Mod: HP is shown in percentages\n|rule|Endless Battle Clause: Forcing endless battles is banned\n|rule|OHKO Clause: OHKO moves are banned\n|rule|Evasion Clause: Evasion abilities, items, and moves are banned\n|rule|Evasion Abilities Clause: Evasion abilities are banned\n|rule|Evasion Items Clause: Evasion items are banned\n|rule|Evasion Moves Clause: Evasion moves are banned\n|rule|Species Clause: Limit one of each Pok\u00e9mon\n|rule|Sleep Clause Mod: Limit one foe put to sleep\n|clearpoke\n|poke|p1|Serperior, M|\n|poke|p1|Noivern, M|\n|poke|p1|Tinkaton, F|\n|poke|p1|Slither Wing|\n|poke|p1|Milotic, F|\n|poke|p1|Clodsire, M|\n|poke|p2|Conkeldurr, M|\n|poke|p2|Tinkaton, F|\n|poke|p2|Greninja-*, M|\n|poke|p2|Heatran, F|\n|poke|p2|Iron Hands|\n|poke|p2|Great Tusk|\n|teampreview\n|\n|t:|1700703500\n|start\n|switch|p1a: The Lad!|Clodsire, M|100\/100\n|switch|p2a: metal mario|Iron Hands, shiny|100\/100\n|turn|1\n|\n|t:|1700703506\n|move|p2a: metal mario|Fake Out|p1a: The Lad!\n|-damage|p1a: The Lad!|83\/100\n|cant|p1a: The Lad!|flinch\n|\n|upkeep\n|turn|2\n|\n|t:|1700703511\n|move|p2a: metal mario|Belly Drum|p2a: metal mario\n|-damage|p2a: metal mario|51\/100\n|-setboost|p2a: metal mario|atk|6|[from] move: Belly Drum\n|move|p1a: The Lad!|Stealth Rock|p2a: metal mario\n|-sidestart|p2: shyguy and glaceon|move: Stealth Rock\n|\n|upkeep\n|turn|3\n|\n|t:|1700703518\n|move|p2a: metal mario|Drain Punch|p1a: The Lad!\n|-resisted|p1a: The Lad!\n|-damage|p1a: The Lad!|0 fnt\n|-heal|p2a: metal mario|93\/100|[from] drain|[of] p1a: The Lad!\n|faint|p1a: The Lad!\n|\n|upkeep\n|j| lemmybro87\n|\n|t:|1700703541\n|switch|p1a: Whamma Slam!|Tinkaton, F|100\/100\n|-ability|p1a: Whamma Slam!|Mold Breaker\n|turn|4\n|\n|t:|1700703554\n|move|p1a: Whamma Slam!|Substitute|p1a: Whamma Slam!\n|-start|p1a: Whamma Slam!|Substitute\n|-damage|p1a: Whamma Slam!|76\/100\n|move|p2a: metal mario|Drain Punch|p1a: Whamma Slam!\n|-end|p1a: Whamma Slam!|Substitute\n|-heal|p2a: metal mario|100\/100|[from] drain|[of] p1a: Whamma Slam!\n|\n|-heal|p1a: Whamma Slam!|82\/100|[from] item: Leftovers\n|upkeep\n|turn|5\n|\n|t:|1700703563\n|move|p1a: Whamma Slam!|Play Rough|p2a: metal mario\n|-supereffective|p2a: metal mario\n|-damage|p2a: metal mario|53\/100\n|move|p2a: metal mario|Drain Punch|p1a: Whamma Slam!\n|-damage|p1a: Whamma Slam!|0 fnt\n|-heal|p2a: metal mario|82\/100|[from] drain|[of] p1a: Whamma Slam!\n|faint|p1a: Whamma Slam!\n|\n|upkeep\n|\n|t:|1700703577\n|switch|p1a: Reverb|Noivern, M, shiny|100\/100\n|turn|6\n|\n|t:|1700703583\n|-terastallize|p1a: Reverb|Fairy\n|move|p1a: Reverb|Tera Blast|p2a: metal mario|[anim] Tera Blast Fairy\n|-supereffective|p2a: metal mario\n|-damage|p2a: metal mario|16\/100\n|-enditem|p2a: metal mario|Sitrus Berry|[eat]\n|-heal|p2a: metal mario|41\/100|[from] item: Sitrus Berry\n|move|p2a: metal mario|Ice Punch|p1a: Reverb\n|-damage|p1a: Reverb|0 fnt\n|faint|p1a: Reverb\n|\n|upkeep\n|\n|t:|1700703597\n|switch|p1a: Da Snoove!|Serperior, M|100\/100\n|turn|7\n|\n|t:|1700703600\n|move|p1a: Da Snoove!|Leaf Storm|p2a: metal mario|[miss]\n|-miss|p1a: Da Snoove!|p2a: metal mario\n|move|p2a: metal mario|Drain Punch|p1a: Da Snoove!\n|-damage|p1a: Da Snoove!|0 fnt\n|-heal|p2a: metal mario|74\/100|[from] drain|[of] p1a: Da Snoove!\n|faint|p1a: Da Snoove!\n|\n|upkeep\n|\n|t:|1700703608\n|switch|p1a: Floof Mooth|Slither Wing|100\/100\n|turn|8\n|\n|t:|1700703613\n|move|p1a: Floof Mooth|Close Combat|p2a: metal mario\n|-damage|p2a: metal mario|31\/100\n|-unboost|p1a: Floof Mooth|def|1\n|-unboost|p1a: Floof Mooth|spd|1\n|move|p2a: metal mario|Drain Punch|p1a: Floof Mooth\n|-resisted|p1a: Floof Mooth\n|-damage|p1a: Floof Mooth|0 fnt\n|-heal|p2a: metal mario|65\/100|[from] drain|[of] p1a: Floof Mooth\n|faint|p1a: Floof Mooth\n|-end|p1a: Floof Mooth|Protosynthesis|[silent]\n|\n|upkeep\n|\n|t:|1700703622\n|switch|p1a: Marvel|Milotic, F|100\/100\n|turn|9\n|\n|t:|1700703628\n|move|p2a: metal mario|Drain Punch|p1a: Marvel\n|-damage|p1a: Marvel|0 fnt\n|-heal|p2a: metal mario|100\/100|[from] drain|[of] p1a: Marvel\n|faint|p1a: Marvel\n|\n|win|shyguy and glaceon\n","uploadtime":1700703636,"views":2,"p1id":"morthdamooth","p2id":"shyguyandglaceon","formatid":"gen9nationaldex","rating":0,"private":0,"password":""}