{"id":"gen9nationaldex-1987753359","p1":"Rite aid st","p2":"Blake-Mamba","format":"[Gen 9] National Dex","log":"|j|\u2606Rite aid st\n|j|\u2606Blake-Mamba\n|t:|1699633806\n|gametype|singles\n|player|p1|Rite aid st|169|1295\n|player|p2|Blake-Mamba|juan|1320\n|teamsize|p1|6\n|teamsize|p2|6\n|gen|9\n|tier|[Gen 9] National Dex\n|rated|\n|rule|HP Percentage Mod: HP is shown in percentages\n|rule|Endless Battle Clause: Forcing endless battles is banned\n|rule|OHKO Clause: OHKO moves are banned\n|rule|Evasion Clause: Evasion abilities, items, and moves are banned\n|rule|Evasion Abilities Clause: Evasion abilities are banned\n|rule|Evasion Items Clause: Evasion items are banned\n|rule|Evasion Moves Clause: Evasion moves are banned\n|rule|Species Clause: Limit one of each Pok\u00e9mon\n|rule|Sleep Clause Mod: Limit one foe put to sleep\n|clearpoke\n|poke|p1|Solosis, F|\n|poke|p1|Stakataka|\n|poke|p1|Accelgor, M|\n|poke|p1|Victini|\n|poke|p1|Samurott-Hisui, M|\n|poke|p1|Tapu Lele|\n|poke|p2|Cinccino, F|\n|poke|p2|Zebstrika, F|\n|poke|p2|Ferrothorn, F|\n|poke|p2|Seismitoad, F|\n|poke|p2|Krookodile, F|\n|poke|p2|Emboar, F|\n|teampreview\n|inactive|Battle timer is ON: inactive players will automatically lose when time's up. (requested by Rite aid st)\n|\n|t:|1699633816\n|start\n|switch|p1a: Accelgor|Accelgor, M, shiny|100\/100\n|switch|p2a: Cinccino|Cinccino, F|100\/100\n|turn|1\n|\n|t:|1699633826\n|switch|p2a: Zebstrika|Zebstrika, F, shiny|100\/100\n|move|p1a: Accelgor|Protect||[still]\n|-fail|p1a: Accelgor\n|\n|upkeep\n|turn|2\n|\n|t:|1699633832\n|move|p1a: Accelgor|Final Gambit|p2a: Zebstrika\n|-damage|p2a: Zebstrika|0 fnt\n|faint|p1a: Accelgor\n|faint|p2a: Zebstrika\n|\n|upkeep\n|\n|t:|1699633838\n|switch|p1a: Victini|Victini|100\/100\n|switch|p2a: Cinccino|Cinccino, F|100\/100\n|turn|3\n|\n|t:|1699633844\n|move|p1a: Victini|Final Gambit|p2a: Cinccino\n|-damage|p2a: Cinccino|0 fnt\n|faint|p1a: Victini\n|faint|p2a: Cinccino\n|\n|upkeep\n|\n|t:|1699633850\n|switch|p2a: Krookodile|Krookodile, F|100\/100\n|switch|p1a: Samurott|Samurott-Hisui, M|100\/100\n|turn|4\n|\n|t:|1699633857\n|move|p1a: Samurott|Copycat|p1a: Samurott\n|move|p1a: Samurott|Final Gambit|p2a: Krookodile|[from]move: Copycat\n|-damage|p2a: Krookodile|0 fnt\n|faint|p1a: Samurott\n|faint|p2a: Krookodile\n|\n|upkeep\n|c|\u2606Blake-Mamba|Alright , I\u2019m sensing a theme\n|\n|t:|1699633879\n|switch|p1a: Tapu Lele|Tapu Lele|100\/100\n|switch|p2a: Emboar|Emboar, F, shiny|100\/100\n|-fieldstart|move: Psychic Terrain|[from] ability: Psychic Surge|[of] p1a: Tapu Lele\n|turn|5\n|\n|t:|1699633888\n|move|p1a: Tapu Lele|Psychic|p2a: Emboar\n|-supereffective|p2a: Emboar\n|-damage|p2a: Emboar|0 fnt\n|faint|p2a: Emboar\n|\n|upkeep\n|\n|t:|1699633893\n|switch|p2a: Ferrothorn|Ferrothorn, F|100\/100\n|turn|6\n|\n|t:|1699633900\n|move|p1a: Tapu Lele|Psychic|p2a: Ferrothorn\n|-resisted|p2a: Ferrothorn\n|-damage|p2a: Ferrothorn|74\/100\n|move|p2a: Ferrothorn|Leech Seed|p1a: Tapu Lele\n|-start|p1a: Tapu Lele|move: Leech Seed\n|\n|-damage|p1a: Tapu Lele|88\/100|[from] Leech Seed|[of] p2a: Ferrothorn\n|-heal|p2a: Ferrothorn|83\/100|[silent]\n|upkeep\n|turn|7\n|\n|t:|1699633909\n|switch|p1a: Stakataka|Stakataka, shiny|100\/100\n|move|p2a: Ferrothorn|Iron Defense|p2a: Ferrothorn\n|-boost|p2a: Ferrothorn|def|2\n|\n|upkeep\n|turn|8\n|\n|t:|1699633915\n|switch|p1a: Solosis|Solosis, F|100\/100\n|move|p2a: Ferrothorn|Body Press|p1a: Solosis\n|-resisted|p1a: Solosis\n|-enditem|p1a: Solosis|Focus Sash\n|-damage|p1a: Solosis|1\/100\n|\n|upkeep\n|turn|9\n|\n|t:|1699633923\n|switch|p2a: Seismitoad|Seismitoad, F|100\/100\n|move|p1a: Solosis|Endeavor|p2a: Seismitoad\n|-damage|p2a: Seismitoad|1\/100\n|\n|-fieldend|move: Psychic Terrain\n|upkeep\n|turn|10\n|\n|t:|1699633931\n|switch|p1a: Tapu Lele|Tapu Lele|88\/100\n|-fieldstart|move: Psychic Terrain|[from] ability: Psychic Surge|[of] p1a: Tapu Lele\n|move|p2a: Seismitoad|Hydro Pump|p1a: Tapu Lele|[miss]\n|-miss|p2a: Seismitoad|p1a: Tapu Lele\n|\n|upkeep\n|turn|11\n|\n|t:|1699633938\n|move|p1a: Tapu Lele|Focus Blast|p2a: Seismitoad|[miss]\n|-miss|p1a: Tapu Lele|p2a: Seismitoad\n|move|p2a: Seismitoad|Hydro Pump|p1a: Tapu Lele\n|-damage|p1a: Tapu Lele|16\/100\n|\n|upkeep\n|turn|12\n|\n|t:|1699633948\n|move|p1a: Tapu Lele|Focus Blast|p2a: Seismitoad|[miss]\n|-miss|p1a: Tapu Lele|p2a: Seismitoad\n|move|p2a: Seismitoad|Hydro Pump|p1a: Tapu Lele\n|-crit|p1a: Tapu Lele\n|-damage|p1a: Tapu Lele|0 fnt\n|faint|p1a: Tapu Lele\n|\n|upkeep\n|\n|t:|1699633951\n|switch|p1a: Stakataka|Stakataka, shiny|100\/100\n|turn|13\n|\n|t:|1699633958\n|-terastallize|p1a: Stakataka|Flying\n|move|p2a: Seismitoad|Hydro Pump|p1a: Stakataka\n|-damage|p1a: Stakataka|27\/100\n|move|p1a: Stakataka|Trick Room|p1a: Stakataka\n|-fieldstart|move: Trick Room|[of] p1a: Stakataka\n|\n|upkeep\n|turn|14\n|\n|t:|1699633966\n|move|p1a: Stakataka|Heat Crash|p2a: Seismitoad\n|-resisted|p2a: Seismitoad\n|-damage|p2a: Seismitoad|0 fnt\n|faint|p2a: Seismitoad\n|-ability|p1a: Stakataka|Beast Boost|boost\n|-boost|p1a: Stakataka|atk|1\n|\n|-fieldend|move: Psychic Terrain\n|upkeep\n|c|\u2606Rite aid st|Ez\n|\n|t:|1699633974\n|switch|p2a: Ferrothorn|Ferrothorn, F|83\/100\n|turn|15\n|\n|t:|1699633978\n|-terastallize|p2a: Ferrothorn|Ghost\n|move|p1a: Stakataka|Heat Crash|p2a: Ferrothorn\n|-damage|p2a: Ferrothorn|45\/100\n|-damage|p1a: Stakataka|14\/100|[from] ability: Iron Barbs|[of] p2a: Ferrothorn\n|-damage|p1a: Stakataka|0 fnt|[from] item: Rocky Helmet|[of] p2a: Ferrothorn\n|faint|p1a: Stakataka\n|move|p2a: Ferrothorn|Iron Defense|p2a: Ferrothorn\n|-boost|p2a: Ferrothorn|def|2\n|\n|upkeep\n|\n|t:|1699633980\n|switch|p1a: Solosis|Solosis, F|1\/100\n|turn|16\n|c|\u2606Blake-Mamba|Gg\n|c|\u2606Blake-Mamba|Ez\n|\n|t:|1699633993\n|move|p1a: Solosis|Psychic|p2a: Ferrothorn\n|-damage|p2a: Ferrothorn|5\/100\n|-unboost|p2a: Ferrothorn|spd|1\n|move|p2a: Ferrothorn|Body Press|p1a: Solosis\n|-resisted|p1a: Solosis\n|-damage|p1a: Solosis|0 fnt\n|faint|p1a: Solosis\n|\n|win|Blake-Mamba\n|raw|Rite aid st's rating: 1295 &rarr; <strong>1272<\/strong><br \/>(-23 for losing)\n|raw|Blake-Mamba's rating: 1320 &rarr; <strong>1339<\/strong><br \/>(+19 for winning)\n|l|\u2606Rite aid st\n","uploadtime":1699634019,"views":4,"p1id":"riteaidst","p2id":"blakemamba","formatid":"gen9nationaldex","rating":1272,"private":0,"password":""}