{"id":"gen9nationaldex-1994501459","p1":"RouroZxa","p2":"shadiversity","format":"[Gen 9] National Dex","log":"|j|\u2606RouroZxa\n|j|\u2606shadiversity\n|t:|1700451403\n|gametype|singles\n|player|p1|RouroZxa|hilbert-wonderlauncher|1105\n|player|p2|shadiversity|cheren-gen5bw2|1042\n|teamsize|p1|6\n|teamsize|p2|6\n|gen|9\n|tier|[Gen 9] National Dex\n|rated|\n|rule|HP Percentage Mod: HP is shown in percentages\n|rule|Endless Battle Clause: Forcing endless battles is banned\n|rule|OHKO Clause: OHKO moves are banned\n|rule|Evasion Clause: Evasion abilities, items, and moves are banned\n|rule|Evasion Abilities Clause: Evasion abilities are banned\n|rule|Evasion Items Clause: Evasion items are banned\n|rule|Evasion Moves Clause: Evasion moves are banned\n|rule|Species Clause: Limit one of each Pok\u00e9mon\n|rule|Sleep Clause Mod: Limit one foe put to sleep\n|clearpoke\n|poke|p1|Charizard, M|\n|poke|p1|Pikachu, M|\n|poke|p1|Excadrill, F|\n|poke|p1|Umbreon, F|\n|poke|p1|Gardevoir, F|\n|poke|p1|Toxapex, F|\n|poke|p2|Audino, F|\n|poke|p2|Scolipede, M|\n|poke|p2|Delphox, F|\n|poke|p2|Krookodile, M|\n|poke|p2|Aegislash, M|\n|poke|p2|Ditto|\n|teampreview\n|\n|t:|1700451411\n|start\n|switch|p1a: Toxapex|Toxapex, F|100\/100\n|switch|p2a: Kroko|Krookodile, M|100\/100\n|-ability|p2a: Kroko|Intimidate|boost\n|-unboost|p1a: Toxapex|atk|1\n|turn|1\n|\n|t:|1700451427\n|move|p2a: Kroko|Knock Off|p1a: Toxapex\n|-damage|p1a: Toxapex|63\/100\n|-enditem|p1a: Toxapex|Black Sludge|[from] move: Knock Off|[of] p2a: Kroko\n|move|p1a: Toxapex|Chilling Water|p2a: Kroko\n|-supereffective|p2a: Kroko\n|-damage|p2a: Kroko|73\/100\n|-unboost|p2a: Kroko|atk|1\n|\n|-heal|p2a: Kroko|79\/100|[from] item: Leftovers\n|upkeep\n|turn|2\n|\n|t:|1700451448\n|switch|p2a: Eye Sword|Aegislash, M|100\/100\n|switch|p1a: Umbreon|Umbreon, F|100\/100\n|\n|upkeep\n|turn|3\n|\n|t:|1700451462\n|move|p2a: Eye Sword|Autotomize|p2a: Eye Sword\n|-boost|p2a: Eye Sword|spe|2\n|-start|p2a: Eye Sword|Autotomize\n|move|p1a: Umbreon|Foul Play|p2a: Eye Sword\n|-supereffective|p2a: Eye Sword\n|-crit|p2a: Eye Sword\n|-damage|p2a: Eye Sword|17\/100\n|-enditem|p2a: Eye Sword|Weakness Policy\n|-boost|p2a: Eye Sword|atk|2|[from] item: Weakness Policy\n|-boost|p2a: Eye Sword|spa|2|[from] item: Weakness Policy\n|\n|upkeep\n|turn|4\n|\n|t:|1700451478\n|-formechange|p2a: Eye Sword|Aegislash-Blade||[from] ability: Stance Change\n|move|p2a: Eye Sword|Sacred Sword|p1a: Umbreon\n|-supereffective|p1a: Umbreon\n|-damage|p1a: Umbreon|0 fnt\n|faint|p1a: Umbreon\n|\n|upkeep\n|\n|t:|1700451491\n|switch|p1a: Toxapex|Toxapex, F|96\/100\n|turn|5\n|\n|t:|1700451509\n|move|p2a: Eye Sword|Iron Head|p1a: Toxapex\n|-resisted|p1a: Toxapex\n|-damage|p1a: Toxapex|61\/100\n|move|p1a: Toxapex|Haze|p1a: Toxapex\n|-clearallboost\n|\n|upkeep\n|turn|6\n|\n|t:|1700451525\n|switch|p2a: Kroko|Krookodile, M|79\/100\n|-ability|p2a: Kroko|Intimidate|boost\n|-unboost|p1a: Toxapex|atk|1\n|move|p1a: Toxapex|Toxic Spikes|p2a: Kroko\n|-sidestart|p2: shadiversity|move: Toxic Spikes\n|\n|-heal|p2a: Kroko|85\/100|[from] item: Leftovers\n|upkeep\n|turn|7\n|\n|t:|1700451537\n|move|p1a: Toxapex|Baneful Bunker|p1a: Toxapex\n|-singleturn|p1a: Toxapex|move: Protect\n|move|p2a: Kroko|Earthquake|p1a: Toxapex\n|-activate|p1a: Toxapex|move: Protect\n|\n|-heal|p2a: Kroko|91\/100|[from] item: Leftovers\n|upkeep\n|turn|8\n|\n|t:|1700451556\n|-terastallize|p1a: Toxapex|Dragon\n|move|p2a: Kroko|Earthquake|p1a: Toxapex\n|-damage|p1a: Toxapex|21\/100\n|move|p1a: Toxapex|Chilling Water|p2a: Kroko\n|-supereffective|p2a: Kroko\n|-damage|p2a: Kroko|61\/100\n|-unboost|p2a: Kroko|atk|1\n|\n|-heal|p2a: Kroko|67\/100|[from] item: Leftovers\n|upkeep\n|turn|9\n|\n|t:|1700451572\n|switch|p1a: Carlitos|Charizard, M|100\/100\n|move|p2a: Kroko|Outrage|p1a: Carlitos\n|-damage|p1a: Carlitos|60\/100\n|\n|-heal|p2a: Kroko|73\/100|[from] item: Leftovers\n|upkeep\n|turn|10\n|\n|t:|1700451588\n|detailschange|p1a: Carlitos|Charizard-Mega-X, M\n|-mega|p1a: Carlitos|Charizard|Charizardite X\n|move|p1a: Carlitos|Dragon Dance|p1a: Carlitos\n|-boost|p1a: Carlitos|atk|1\n|-boost|p1a: Carlitos|spe|1\n|move|p2a: Kroko|Outrage|p1a: Carlitos|[from]lockedmove\n|-supereffective|p1a: Carlitos\n|-damage|p1a: Carlitos|0 fnt\n|faint|p1a: Carlitos\n|-start|p2a: Kroko|confusion|[fatigue]\n|\n|-heal|p2a: Kroko|79\/100|[from] item: Leftovers\n|upkeep\n|\n|t:|1700451611\n|switch|p1a: Gardevoir|Gardevoir, F, shiny|100\/100\n|-ability|p1a: Gardevoir|Intimidate|boost\n|-unboost|p2a: Kroko|atk|1\n|-ability|p1a: Gardevoir|Intimidate|[from] ability: Trace|[of] p2a: Kroko\n|turn|11\n|\n|t:|1700451639\n|-terastallize|p2a: Kroko|Steel\n|move|p1a: Gardevoir|Mystical Fire|p2a: Kroko\n|-supereffective|p2a: Kroko\n|-damage|p2a: Kroko|8\/100\n|-unboost|p2a: Kroko|spa|1\n|-activate|p2a: Kroko|confusion\n|move|p2a: Kroko|Tera Blast|p1a: Gardevoir|[anim] Tera Blast Steel\n|-supereffective|p1a: Gardevoir\n|-damage|p1a: Gardevoir|31\/100\n|\n|-heal|p2a: Kroko|14\/100|[from] item: Leftovers\n|upkeep\n|turn|12\n|\n|t:|1700451667\n|switch|p2a: Lemonade|Delphox, F|100\/100\n|-status|p2a: Lemonade|psn\n|move|p1a: Gardevoir|Mystical Fire|p2a: Lemonade\n|-resisted|p2a: Lemonade\n|-damage|p2a: Lemonade|86\/100 psn\n|-unboost|p2a: Lemonade|spa|1\n|\n|-damage|p2a: Lemonade|74\/100 psn|[from] psn\n|upkeep\n|turn|13\n|\n|t:|1700451681\n|switch|p1a: Toxapex|Toxapex, F, tera:Dragon|54\/100\n|move|p2a: Lemonade|Hypnosis|p1a: Toxapex\n|-status|p1a: Toxapex|slp|[from] move: Hypnosis\n|\n|-damage|p2a: Lemonade|62\/100 psn|[from] psn\n|upkeep\n|turn|14\n|\n|t:|1700451703\n|switch|p1a: Excadrill|Excadrill, F|100\/100\n|-ability|p1a: Excadrill|Mold Breaker\n|move|p2a: Lemonade|Calm Mind|p2a: Lemonade\n|-boost|p2a: Lemonade|spa|1\n|-boost|p2a: Lemonade|spd|1\n|\n|-damage|p2a: Lemonade|49\/100 psn|[from] psn\n|upkeep\n|turn|15\n|\n|t:|1700451714\n|switch|p1a: Toxapex|Toxapex, F, tera:Dragon|87\/100 slp\n|move|p2a: Lemonade|Fire Blast|p1a: Toxapex\n|-resisted|p1a: Toxapex\n|-crit|p1a: Toxapex\n|-damage|p1a: Toxapex|54\/100 slp\n|-damage|p2a: Lemonade|39\/100 psn|[from] item: Life Orb\n|\n|-damage|p2a: Lemonade|27\/100 psn|[from] psn\n|upkeep\n|turn|16\n|\n|t:|1700451740\n|cant|p1a: Toxapex|slp\n|move|p2a: Lemonade|Fire Blast|p1a: Toxapex\n|-resisted|p1a: Toxapex\n|-damage|p1a: Toxapex|17\/100 slp\n|-damage|p2a: Lemonade|17\/100 psn|[from] item: Life Orb\n|\n|-damage|p2a: Lemonade|5\/100 psn|[from] psn\n|upkeep\n|turn|17\n|\n|t:|1700451750\n|cant|p1a: Toxapex|slp\n|move|p2a: Lemonade|Psychic|p1a: Toxapex\n|-damage|p1a: Toxapex|0 fnt\n|faint|p1a: Toxapex\n|-damage|p2a: Lemonade|0 fnt|[from] item: Life Orb\n|faint|p2a: Lemonade\n|\n|upkeep\n|\n|t:|1700451766\n|switch|p2a: Eye Sword|Aegislash, M|17\/100\n|switch|p1a: Excadrill|Excadrill, F|100\/100\n|-ability|p1a: Excadrill|Mold Breaker\n|turn|18\n|\n|t:|1700451776\n|move|p2a: Eye Sword|King's Shield|p2a: Eye Sword\n|-singleturn|p2a: Eye Sword|Protect\n|move|p1a: Excadrill|Earthquake|p2a: Eye Sword\n|-activate|p2a: Eye Sword|move: Protect\n|\n|upkeep\n|turn|19\n|\n|t:|1700451789\n|switch|p2a: Kroko|Krookodile, M, tera:Steel|14\/100\n|-ability|p2a: Kroko|Intimidate|boost\n|-unboost|p1a: Excadrill|atk|1\n|move|p1a: Excadrill|Earthquake|p2a: Kroko\n|-supereffective|p2a: Kroko\n|-damage|p2a: Kroko|0 fnt\n|faint|p2a: Kroko\n|\n|upkeep\n|\n|t:|1700451799\n|switch|p2a: Acid Chloride|Scolipede, M|100\/100\n|-sideend|p2: shadiversity|move: Toxic Spikes|[of] p2a: Acid Chloride\n|turn|20\n|\n|t:|1700451809\n|switch|p1a: Mata Legendarios|Pikachu, M|100\/100\n|move|p2a: Acid Chloride|Swords Dance|p2a: Acid Chloride\n|-boost|p2a: Acid Chloride|atk|2\n|\n|-ability|p2a: Acid Chloride|Speed Boost|boost\n|-boost|p2a: Acid Chloride|spe|1\n|upkeep\n|turn|21\n|\n|t:|1700451821\n|move|p2a: Acid Chloride|Earthquake|p1a: Mata Legendarios\n|-supereffective|p1a: Mata Legendarios\n|-damage|p1a: Mata Legendarios|0 fnt\n|faint|p1a: Mata Legendarios\n|\n|-ability|p2a: Acid Chloride|Speed Boost|boost\n|-boost|p2a: Acid Chloride|spe|1\n|upkeep\n|\n|t:|1700451829\n|switch|p1a: Gardevoir|Gardevoir, F, shiny|31\/100\n|-ability|p1a: Gardevoir|Speed Boost|[from] ability: Trace|[of] p2a: Acid Chloride\n|turn|22\n|\n|t:|1700451842\n|move|p2a: Acid Chloride|Earthquake|p1a: Gardevoir\n|-damage|p1a: Gardevoir|0 fnt\n|faint|p1a: Gardevoir\n|\n|-ability|p2a: Acid Chloride|Speed Boost|boost\n|-boost|p2a: Acid Chloride|spe|1\n|upkeep\n|-message|RouroZxa forfeited.\n|\n|win|shadiversity\n|raw|RouroZxa's rating: 1105 &rarr; <strong>1076<\/strong><br \/>(-29 for losing)\n|raw|shadiversity's rating: 1042 &rarr; <strong>1082<\/strong><br \/>(+40 for winning)\n|l|\u2606RouroZxa\n","uploadtime":1700451855,"views":4,"p1id":"rourozxa","p2id":"shadiversity","formatid":"gen9nationaldex","rating":1076,"private":0,"password":""}