{"id":"gen9nationaldex-1989914530","p1":"TwoSuperPotions5","p2":"Ikfelk","format":"[Gen 9] National Dex","log":"|j|\u2606TwoSuperPotions5\n|j|\u2606Ikfelk\n|t:|1699906326\n|gametype|singles\n|player|p1|TwoSuperPotions5|ethan|1211\n|player|p2|Ikfelk|acetrainersnowf|1186\n|teamsize|p1|6\n|teamsize|p2|6\n|gen|9\n|tier|[Gen 9] National Dex\n|rated|\n|rule|HP Percentage Mod: HP is shown in percentages\n|rule|Endless Battle Clause: Forcing endless battles is banned\n|rule|OHKO Clause: OHKO moves are banned\n|rule|Evasion Clause: Evasion abilities, items, and moves are banned\n|rule|Evasion Abilities Clause: Evasion abilities are banned\n|rule|Evasion Items Clause: Evasion items are banned\n|rule|Evasion Moves Clause: Evasion moves are banned\n|rule|Species Clause: Limit one of each Pok\u00e9mon\n|rule|Sleep Clause Mod: Limit one foe put to sleep\n|clearpoke\n|poke|p1|Starmie|\n|poke|p1|Magnezone|\n|poke|p1|Ludicolo, F|\n|poke|p1|Garchomp, F|\n|poke|p1|Infernape, M|\n|poke|p1|Aerodactyl, M|\n|poke|p2|Porygon2|\n|poke|p2|Gyarados, F|\n|poke|p2|Polteageist-Antique|\n|poke|p2|Klefki, M|\n|poke|p2|Primarina, F|\n|poke|p2|Glaceon, F|\n|teampreview\n|\n|t:|1699906348\n|start\n|switch|p1a: Aerodactyl|Aerodactyl, M|100\/100\n|switch|p2a: Polteageist|Polteageist-Antique|100\/100\n|-ability|p1a: Aerodactyl|Pressure\n|turn|1\n|\n|t:|1699906357\n|move|p1a: Aerodactyl|Stealth Rock|p2a: Polteageist\n|-sidestart|p2: Ikfelk|move: Stealth Rock\n|move|p2a: Polteageist|Shell Smash|p2a: Polteageist\n|-unboost|p2a: Polteageist|def|1\n|-unboost|p2a: Polteageist|spd|1\n|-boost|p2a: Polteageist|atk|2\n|-boost|p2a: Polteageist|spa|2\n|-boost|p2a: Polteageist|spe|2\n|\n|upkeep\n|turn|2\n|\n|t:|1699906365\n|move|p2a: Polteageist|Stored Power|p1a: Aerodactyl\n|-damage|p1a: Aerodactyl|0 fnt\n|faint|p1a: Aerodactyl\n|\n|upkeep\n|\n|t:|1699906371\n|switch|p1a: Garchomp|Garchomp, F|100\/100\n|turn|3\n|\n|t:|1699906376\n|-terastallize|p1a: Garchomp|Steel\n|move|p2a: Polteageist|Stored Power|p1a: Garchomp\n|-resisted|p1a: Garchomp\n|-damage|p1a: Garchomp|43\/100\n|move|p1a: Garchomp|Crunch|p2a: Polteageist\n|-supereffective|p2a: Polteageist\n|-enditem|p2a: Polteageist|Focus Sash\n|-damage|p2a: Polteageist|1\/100\n|-ability|p2a: Polteageist|Weak Armor|boost\n|-unboost|p2a: Polteageist|def|1\n|-boost|p2a: Polteageist|spe|2\n|\n|upkeep\n|turn|4\n|\n|t:|1699906389\n|move|p2a: Polteageist|Stored Power|p1a: Garchomp\n|-resisted|p1a: Garchomp\n|-damage|p1a: Garchomp|0 fnt\n|faint|p1a: Garchomp\n|\n|upkeep\n|\n|t:|1699906394\n|switch|p1a: Magnezone|Magnezone|100\/100\n|turn|5\n|\n|t:|1699906397\n|move|p2a: Polteageist|Shadow Ball|p1a: Magnezone\n|-crit|p1a: Magnezone\n|-ability|p1a: Magnezone|Sturdy\n|-damage|p1a: Magnezone|1\/100\n|move|p1a: Magnezone|Volt Switch|p2a: Polteageist\n|-damage|p2a: Polteageist|0 fnt\n|faint|p2a: Polteageist\n|\n|t:|1699906401\n|switch|p1a: Ludicolo|Ludicolo, F|100\/100|[from] Volt Switch\n|\n|upkeep\n|\n|t:|1699906409\n|switch|p2a: Gyarados|Gyarados, F, shiny|100\/100\n|turn|6\n|\n|t:|1699906414\n|move|p2a: Gyarados|Dragon Dance|p2a: Gyarados\n|-boost|p2a: Gyarados|atk|1\n|-boost|p2a: Gyarados|spe|1\n|move|p1a: Ludicolo|Giga Drain|p2a: Gyarados\n|-damage|p2a: Gyarados|68\/100\n|\n|upkeep\n|turn|7\n|\n|t:|1699906420\n|move|p2a: Gyarados|Bounce||[still]\n|-prepare|p2a: Gyarados|Bounce\n|move|p1a: Ludicolo|Giga Drain|p2a: Gyarados|[miss]\n|-miss|p1a: Ludicolo|p2a: Gyarados\n|\n|upkeep\n|turn|8\n|\n|t:|1699906425\n|switch|p1a: Magnezone|Magnezone|1\/100\n|move|p2a: Gyarados|Bounce|p1a: Magnezone|[from]lockedmove|[miss]\n|-miss|p2a: Gyarados|p1a: Magnezone\n|\n|upkeep\n|turn|9\n|\n|t:|1699906431\n|move|p2a: Gyarados|Earthquake|p1a: Magnezone\n|-supereffective|p1a: Magnezone\n|-damage|p1a: Magnezone|0 fnt\n|faint|p1a: Magnezone\n|-ability|p2a: Gyarados|Moxie|boost\n|-boost|p2a: Gyarados|atk|1\n|\n|upkeep\n|\n|t:|1699906436\n|switch|p1a: Ludicolo|Ludicolo, F|100\/100\n|turn|10\n|\n|t:|1699906439\n|move|p2a: Gyarados|Bounce||[still]\n|-prepare|p2a: Gyarados|Bounce\n|move|p1a: Ludicolo|Giga Drain|p2a: Gyarados|[miss]\n|-miss|p1a: Ludicolo|p2a: Gyarados\n|\n|upkeep\n|turn|11\n|\n|t:|1699906443\n|move|p2a: Gyarados|Bounce|p1a: Ludicolo|[from]lockedmove\n|-supereffective|p1a: Ludicolo\n|-damage|p1a: Ludicolo|0 fnt\n|faint|p1a: Ludicolo\n|-ability|p2a: Gyarados|Moxie|boost\n|-boost|p2a: Gyarados|atk|1\n|\n|upkeep\n|\n|t:|1699906446\n|switch|p1a: Starmie|Starmie|100\/100\n|turn|12\n|\n|t:|1699906452\n|move|p2a: Gyarados|Earthquake|p1a: Starmie\n|-damage|p1a: Starmie|0 fnt\n|faint|p1a: Starmie\n|-ability|p2a: Gyarados|Moxie|boost\n|-boost|p2a: Gyarados|atk|1\n|\n|upkeep\n|-message|TwoSuperPotions5 forfeited.\n|\n|win|Ikfelk\n|raw|TwoSuperPotions5's rating: 1211 &rarr; <strong>1184<\/strong><br \/>(-27 for losing)\n|raw|Ikfelk's rating: 1186 &rarr; <strong>1213<\/strong><br \/>(+27 for winning)\n|l|\u2606TwoSuperPotions5\n","uploadtime":1699906462,"views":4,"p1id":"twosuperpotions5","p2id":"ikfelk","formatid":"gen9nationaldex","rating":1184,"private":0,"password":""}