{"id":"gen9nationaldex-1987617723","p1":"Mqwe","p2":"MMQZA6","format":"[Gen 9] National Dex","log":"|j|\u2606Mqwe\n|j|\u2606MMQZA6\n|t:|1699620195\n|gametype|singles\n|player|p1|Mqwe|cyclistf-gen4|1336\n|player|p2|MMQZA6|102|1347\n|teamsize|p1|6\n|teamsize|p2|6\n|gen|9\n|tier|[Gen 9] National Dex\n|rated|\n|rule|HP Percentage Mod: HP is shown in percentages\n|rule|Endless Battle Clause: Forcing endless battles is banned\n|rule|OHKO Clause: OHKO moves are banned\n|rule|Evasion Clause: Evasion abilities, items, and moves are banned\n|rule|Evasion Abilities Clause: Evasion abilities are banned\n|rule|Evasion Items Clause: Evasion items are banned\n|rule|Evasion Moves Clause: Evasion moves are banned\n|rule|Species Clause: Limit one of each Pok\u00e9mon\n|rule|Sleep Clause Mod: Limit one foe put to sleep\n|clearpoke\n|poke|p1|Banette, F|\n|poke|p1|Alomomola, F|\n|poke|p1|Great Tusk|\n|poke|p1|Ting-Lu|\n|poke|p1|Heatran, M|\n|poke|p1|Corviknight, M|\n|poke|p2|Ting-Lu|\n|poke|p2|Greninja-*, M|\n|poke|p2|Hoopa-Unbound|\n|poke|p2|Lokix, M|\n|poke|p2|Sableye, F|\n|poke|p2|Hydreigon, F|\n|teampreview\n|\n|t:|1699620218\n|start\n|switch|p1a: Banette|Banette, F|100\/100\n|switch|p2a: Lokix|Lokix, M|100\/100\n|turn|1\n|\n|t:|1699620227\n|detailschange|p1a: Banette|Banette-Mega, F\n|-mega|p1a: Banette|Banette|Banettite\n|move|p2a: Lokix|First Impression|p1a: Banette\n|-resisted|p1a: Banette\n|-damage|p1a: Banette|50\/100\n|move|p1a: Banette|Destiny Bond|p1a: Banette\n|-singlemove|p1a: Banette|Destiny Bond\n|\n|upkeep\n|turn|2\n|\n|t:|1699620238\n|move|p1a: Banette|Swords Dance|p1a: Banette\n|-boost|p1a: Banette|atk|2\n|move|p2a: Lokix|U-turn|p1a: Banette\n|-resisted|p1a: Banette\n|-damage|p1a: Banette|13\/100\n|\n|t:|1699620250\n|switch|p2a: Greninja|Greninja, M|100\/100|[from] U-turn\n|\n|upkeep\n|turn|3\n|\n|t:|1699620260\n|switch|p1a: Corviknight|Corviknight, M|100\/100\n|move|p2a: Greninja|Water Shuriken|p1a: Corviknight\n|-damage|p1a: Corviknight|94\/100\n|-damage|p1a: Corviknight|88\/100\n|-damage|p1a: Corviknight|81\/100\n|-hitcount|p1a: Corviknight|3\n|-damage|p2a: Greninja|91\/100|[from] item: Life Orb\n|\n|-heal|p1a: Corviknight|87\/100|[from] item: Leftovers\n|upkeep\n|turn|4\n|\n|t:|1699620277\n|switch|p2a: Sableye|Sableye, F|100\/100\n|move|p1a: Corviknight|U-turn|p2a: Sableye\n|-damage|p2a: Sableye|86\/100\n|l|\u2606MMQZA6\n|player|p2|\n|\n|t:|1699620298\n|switch|p1a: Heatran|Heatran, M|100\/100|[from] U-turn\n|\n|upkeep\n|turn|5\n|j|\u2606MMQZA6\n|player|p2|MMQZA6|102\n|\n|t:|1699620312\n|move|p2a: Sableye|Thunder Wave|p1a: Heatran\n|-status|p1a: Heatran|par\n|move|p1a: Heatran|Magma Storm|p2a: Sableye\n|-damage|p2a: Sableye|23\/100\n|-activate|p2a: Sableye|move: Magma Storm|[of] p1a: Heatran\n|\n|-damage|p2a: Sableye|10\/100|[from] move: Magma Storm|[partiallytrapped]\n|upkeep\n|turn|6\n|\n|t:|1699620323\n|switch|p2a: Ting-Lu|Ting-Lu|100\/100\n|-ability|p2a: Ting-Lu|Vessel of Ruin\n|move|p1a: Heatran|Earth Power|p2a: Ting-Lu\n|-damage|p2a: Ting-Lu|90\/100\n|\n|-heal|p2a: Ting-Lu|96\/100|[from] item: Leftovers\n|upkeep\n|turn|7\n|\n|t:|1699620340\n|-terastallize|p1a: Heatran|Grass\n|move|p2a: Ting-Lu|Stealth Rock|p1a: Heatran\n|-sidestart|p1: Mqwe|move: Stealth Rock\n|move|p1a: Heatran|Toxic|p2a: Ting-Lu\n|-status|p2a: Ting-Lu|tox\n|\n|-heal|p2a: Ting-Lu|100\/100 tox|[from] item: Leftovers\n|-damage|p2a: Ting-Lu|94\/100 tox|[from] psn\n|upkeep\n|turn|8\n|\n|t:|1699620349\n|move|p2a: Ting-Lu|Ruination|p1a: Heatran\n|-damage|p1a: Heatran|50\/100 par\n|move|p1a: Heatran|Taunt|p2a: Ting-Lu\n|-start|p2a: Ting-Lu|move: Taunt\n|\n|-heal|p2a: Ting-Lu|100\/100 tox|[from] item: Leftovers\n|-heal|p1a: Heatran|57\/100 par|[from] item: Leftovers\n|-damage|p2a: Ting-Lu|88\/100 tox|[from] psn\n|upkeep\n|turn|9\n|\n|t:|1699620358\n|switch|p1a: Ting-Lu|Ting-Lu|100\/100\n|-damage|p1a: Ting-Lu|94\/100|[from] Stealth Rock\n|-ability|p1a: Ting-Lu|Vessel of Ruin\n|move|p2a: Ting-Lu|Ruination|p1a: Ting-Lu|[miss]\n|-miss|p2a: Ting-Lu|p1a: Ting-Lu\n|\n|-heal|p2a: Ting-Lu|94\/100 tox|[from] item: Leftovers\n|-heal|p1a: Ting-Lu|100\/100|[from] item: Leftovers\n|-damage|p2a: Ting-Lu|76\/100 tox|[from] psn\n|upkeep\n|turn|10\n|\n|t:|1699620366\n|switch|p2a: Sableye|Sableye, F|10\/100\n|move|p1a: Ting-Lu|Stealth Rock|p2a: Sableye\n|-sidestart|p2: MMQZA6|move: Stealth Rock\n|\n|upkeep\n|turn|11\n|\n|t:|1699620374\n|move|p2a: Sableye|Recover|p2a: Sableye\n|-heal|p2a: Sableye|61\/100\n|move|p1a: Ting-Lu|Earthquake|p2a: Sableye\n|-damage|p2a: Sableye|24\/100\n|\n|upkeep\n|turn|12\n|\n|t:|1699620380\n|move|p2a: Sableye|Recover|p2a: Sableye\n|-heal|p2a: Sableye|74\/100\n|move|p1a: Ting-Lu|Whirlwind|p2a: Sableye\n|drag|p2a: Greninja|Greninja, M|91\/100\n|-damage|p2a: Greninja|78\/100|[from] Stealth Rock\n|\n|upkeep\n|turn|13\n|l|\u2606MMQZA6\n|player|p2|\n|j|\u2606MMQZA6\n|player|p2|MMQZA6|102\n|\n|t:|1699620409\n|-terastallize|p2a: Greninja|Water\n|move|p2a: Greninja|Surf|p1a: Ting-Lu\n|-supereffective|p1a: Ting-Lu\n|-damage|p1a: Ting-Lu|19\/100\n|-damage|p2a: Greninja|69\/100|[from] item: Life Orb\n|move|p1a: Ting-Lu|Earthquake|p2a: Greninja\n|-damage|p2a: Greninja|6\/100\n|\n|-heal|p1a: Ting-Lu|25\/100|[from] item: Leftovers\n|upkeep\n|turn|14\n|\n|t:|1699620422\n|switch|p1a: Alomomola|Alomomola, F|100\/100\n|-damage|p1a: Alomomola|88\/100|[from] Stealth Rock\n|move|p2a: Greninja|Surf|p1a: Alomomola\n|-resisted|p1a: Alomomola\n|-damage|p1a: Alomomola|45\/100\n|-damage|p2a: Greninja|0 fnt|[from] item: Life Orb\n|faint|p2a: Greninja\n|\n|-heal|p1a: Alomomola|51\/100|[from] item: Leftovers\n|upkeep\n|\n|t:|1699620429\n|switch|p2a: Hoopa|Hoopa-Unbound|100\/100\n|-damage|p2a: Hoopa|88\/100|[from] Stealth Rock\n|turn|15\n|\n|t:|1699620438\n|switch|p1a: Ting-Lu|Ting-Lu|25\/100\n|-damage|p1a: Ting-Lu|19\/100|[from] Stealth Rock\n|-ability|p1a: Ting-Lu|Vessel of Ruin\n|move|p2a: Hoopa|Hyperspace Fury|p1a: Ting-Lu\n|-resisted|p1a: Ting-Lu\n|-damage|p1a: Ting-Lu|0 fnt\n|-unboost|p2a: Hoopa|def|1\n|faint|p1a: Ting-Lu\n|\n|upkeep\n|\n|t:|1699620443\n|switch|p1a: Banette|Banette-Mega, F|13\/100\n|-damage|p1a: Banette|1\/100|[from] Stealth Rock\n|turn|16\n|\n|t:|1699620448\n|switch|p2a: Sableye|Sableye, F|74\/100\n|move|p1a: Banette|Destiny Bond|p1a: Banette\n|-singlemove|p1a: Banette|Destiny Bond\n|\n|upkeep\n|turn|17\n|\n|t:|1699620454\n|move|p2a: Sableye|Encore|p1a: Banette\n|-start|p1a: Banette|Encore\n|move|p1a: Banette|Destiny Bond||[still]\n|-fail|p1a: Banette\n|\n|upkeep\n|turn|18\n|\n|t:|1699620467\n|move|p1a: Banette|Destiny Bond|p1a: Banette\n|-singlemove|p1a: Banette|Destiny Bond\n|move|p2a: Sableye|Thunder Wave|p1a: Banette\n|-status|p1a: Banette|par\n|\n|upkeep\n|turn|19\n|\n|t:|1699620477\n|switch|p1a: Heatran|Heatran, M, tera:Grass|57\/100 par\n|-damage|p1a: Heatran|44\/100 par|[from] Stealth Rock\n|move|p2a: Sableye|Knock Off|p1a: Heatran\n|-damage|p1a: Heatran|21\/100 par\n|-enditem|p1a: Heatran|Leftovers|[from] move: Knock Off|[of] p2a: Sableye\n|\n|upkeep\n|turn|20\n|\n|t:|1699620491\n|switch|p2a: Ting-Lu|Ting-Lu|76\/100 tox\n|-damage|p2a: Ting-Lu|69\/100 tox|[from] Stealth Rock\n|-ability|p2a: Ting-Lu|Vessel of Ruin\n|cant|p1a: Heatran|par\n|\n|-heal|p2a: Ting-Lu|76\/100 tox|[from] item: Leftovers\n|-damage|p2a: Ting-Lu|69\/100 tox|[from] psn\n|upkeep\n|turn|21\n|\n|t:|1699620505\n|cant|p1a: Heatran|par\n|move|p2a: Ting-Lu|Whirlwind|p1a: Heatran\n|drag|p1a: Banette|Banette-Mega, F|1\/100 par\n|-damage|p1a: Banette|0 fnt|[from] Stealth Rock\n|faint|p1a: Banette\n|\n|-heal|p2a: Ting-Lu|76\/100 tox|[from] item: Leftovers\n|-damage|p2a: Ting-Lu|63\/100 tox|[from] psn\n|upkeep\n|\n|t:|1699620513\n|switch|p1a: Great Tusk|Great Tusk|100\/100\n|-damage|p1a: Great Tusk|98\/100|[from] Stealth Rock\n|turn|22\n|\n|t:|1699620524\n|switch|p2a: Sableye|Sableye, F|74\/100\n|move|p1a: Great Tusk|Rapid Spin|p2a: Sableye\n|-immune|p2a: Sableye\n|\n|upkeep\n|turn|23\n|\n|t:|1699620538\n|-end|p1a: Great Tusk|Protosynthesis|[silent]\n|switch|p1a: Heatran|Heatran, M, tera:Grass|21\/100 par\n|-damage|p1a: Heatran|8\/100 par|[from] Stealth Rock\n|move|p2a: Sableye|Knock Off|p1a: Heatran\n|-damage|p1a: Heatran|0 fnt\n|faint|p1a: Heatran\n|\n|upkeep\n|\n|t:|1699620548\n|switch|p1a: Great Tusk|Great Tusk|98\/100\n|-damage|p1a: Great Tusk|95\/100|[from] Stealth Rock\n|turn|24\n|\n|t:|1699620553\n|switch|p2a: Ting-Lu|Ting-Lu|63\/100 tox\n|-damage|p2a: Ting-Lu|57\/100 tox|[from] Stealth Rock\n|-ability|p2a: Ting-Lu|Vessel of Ruin\n|move|p1a: Great Tusk|Headlong Rush|p2a: Ting-Lu\n|-damage|p2a: Ting-Lu|21\/100 tox\n|-unboost|p1a: Great Tusk|def|1\n|-unboost|p1a: Great Tusk|spd|1\n|\n|-heal|p2a: Ting-Lu|27\/100 tox|[from] item: Leftovers\n|-damage|p2a: Ting-Lu|21\/100 tox|[from] psn\n|upkeep\n|turn|25\n|\n|t:|1699620569\n|move|p1a: Great Tusk|Rapid Spin|p2a: Ting-Lu\n|-damage|p2a: Ting-Lu|10\/100 tox\n|-boost|p1a: Great Tusk|spe|1\n|-sideend|p1: Mqwe|Stealth Rock|[from] move: Rapid Spin|[of] p1a: Great Tusk\n|move|p2a: Ting-Lu|Whirlwind|p1a: Great Tusk\n|-end|p1a: Great Tusk|Protosynthesis|[silent]\n|drag|p1a: Corviknight|Corviknight, M|87\/100\n|\n|-heal|p1a: Corviknight|93\/100|[from] item: Leftovers\n|-heal|p2a: Ting-Lu|16\/100 tox|[from] item: Leftovers\n|-damage|p2a: Ting-Lu|4\/100 tox|[from] psn\n|upkeep\n|turn|26\n|\n|t:|1699620579\n|move|p1a: Corviknight|U-turn|p2a: Ting-Lu\n|-supereffective|p2a: Ting-Lu\n|-damage|p2a: Ting-Lu|0 fnt\n|faint|p2a: Ting-Lu\n|\n|t:|1699620590\n|switch|p1a: Great Tusk|Great Tusk|95\/100|[from] U-turn\n|\n|upkeep\n|\n|t:|1699620600\n|switch|p2a: Hydreigon|Hydreigon, F|100\/100\n|-damage|p2a: Hydreigon|88\/100|[from] Stealth Rock\n|turn|27\n|\n|t:|1699620615\n|move|p2a: Hydreigon|Draco Meteor|p1a: Great Tusk\n|-damage|p1a: Great Tusk|0 fnt\n|-unboost|p2a: Hydreigon|spa|2\n|faint|p1a: Great Tusk\n|-end|p1a: Great Tusk|Protosynthesis|[silent]\n|\n|upkeep\n|\n|t:|1699620623\n|switch|p1a: Alomomola|Alomomola, F|84\/100\n|turn|28\n|\n|t:|1699620631\n|switch|p2a: Sableye|Sableye, F|74\/100\n|move|p1a: Alomomola|Wish|p1a: Alomomola\n|\n|-heal|p1a: Alomomola|90\/100|[from] item: Leftovers\n|upkeep\n|turn|29\n|\n|t:|1699620644\n|move|p1a: Alomomola|Knock Off|p2a: Sableye\n|-damage|p2a: Sableye|58\/100\n|-enditem|p2a: Sableye|Heavy-Duty Boots|[from] move: Knock Off|[of] p1a: Alomomola\n|move|p2a: Sableye|Knock Off|p1a: Alomomola\n|-damage|p1a: Alomomola|75\/100\n|-enditem|p1a: Alomomola|Leftovers|[from] move: Knock Off|[of] p2a: Sableye\n|\n|-heal|p1a: Alomomola|100\/100|[from] move: Wish|[wisher] Alomomola\n|upkeep\n|turn|30\n|\n|t:|1699620657\n|move|p2a: Sableye|Thunder Wave|p1a: Alomomola\n|-status|p1a: Alomomola|par\n|move|p1a: Alomomola|Flip Turn|p2a: Sableye\n|-crit|p2a: Sableye\n|-damage|p2a: Sableye|32\/100\n|\n|t:|1699620661\n|switch|p1a: Corviknight|Corviknight, M|93\/100|[from] Flip Turn\n|\n|-heal|p1a: Corviknight|99\/100|[from] item: Leftovers\n|upkeep\n|turn|31\n|\n|t:|1699620668\n|switch|p1a: Alomomola|Alomomola, F|100\/100 par\n|move|p2a: Sableye|Recover|p2a: Sableye\n|-heal|p2a: Sableye|82\/100\n|\n|upkeep\n|turn|32\n|\n|t:|1699620674\n|move|p2a: Sableye|Knock Off|p1a: Alomomola\n|-damage|p1a: Alomomola|91\/100 par\n|cant|p1a: Alomomola|par\n|\n|upkeep\n|turn|33\n|\n|t:|1699620681\n|move|p2a: Sableye|Knock Off|p1a: Alomomola\n|-damage|p1a: Alomomola|81\/100 par\n|move|p1a: Alomomola|Wish|p1a: Alomomola\n|\n|upkeep\n|turn|34\n|\n|t:|1699620692\n|move|p2a: Sableye|Encore|p1a: Alomomola\n|-start|p1a: Alomomola|Encore\n|move|p1a: Alomomola|Wish||[still]\n|-fail|p1a: Alomomola\n|\n|-heal|p1a: Alomomola|100\/100 par|[from] move: Wish|[wisher] Alomomola\n|upkeep\n|turn|35\n|\n|t:|1699620700\n|move|p2a: Sableye|Thunder Wave|p1a: Alomomola\n|-fail|p1a: Alomomola|par\n|move|p1a: Alomomola|Wish|p1a: Alomomola\n|\n|upkeep\n|turn|36\n|\n|t:|1699620711\n|switch|p1a: Corviknight|Corviknight, M|99\/100\n|move|p2a: Sableye|Thunder Wave|p1a: Corviknight\n|-status|p1a: Corviknight|par\n|\n|-heal|p1a: Corviknight|100\/100 par|[from] move: Wish|[wisher] Alomomola\n|upkeep\n|turn|37\n|\n|t:|1699620718\n|move|p2a: Sableye|Knock Off|p1a: Corviknight\n|-damage|p1a: Corviknight|78\/100 par\n|-enditem|p1a: Corviknight|Leftovers|[from] move: Knock Off|[of] p2a: Sableye\n|move|p1a: Corviknight|Brave Bird|p2a: Sableye\n|-damage|p2a: Sableye|45\/100\n|-damage|p1a: Corviknight|69\/100 par|[from] Recoil\n|\n|upkeep\n|turn|38\n|\n|t:|1699620729\n|move|p2a: Sableye|Recover|p2a: Sableye\n|-heal|p2a: Sableye|95\/100\n|move|p1a: Corviknight|Taunt|p2a: Sableye\n|-start|p2a: Sableye|move: Taunt\n|\n|upkeep\n|turn|39\n|\n|t:|1699620748\n|move|p2a: Sableye|Knock Off|p1a: Corviknight\n|-damage|p1a: Corviknight|54\/100 par\n|move|p1a: Corviknight|Roost|p1a: Corviknight\n|-heal|p1a: Corviknight|100\/100 par\n|-singleturn|p1a: Corviknight|move: Roost\n|\n|upkeep\n|turn|40\n|\n|t:|1699620754\n|move|p2a: Sableye|Knock Off|p1a: Corviknight\n|-damage|p1a: Corviknight|86\/100 par\n|move|p1a: Corviknight|Brave Bird|p2a: Sableye\n|-damage|p2a: Sableye|61\/100\n|-damage|p1a: Corviknight|77\/100 par|[from] Recoil\n|\n|upkeep\n|turn|41\n|\n|t:|1699620758\n|move|p2a: Sableye|Knock Off|p1a: Corviknight\n|-damage|p1a: Corviknight|61\/100 par\n|move|p1a: Corviknight|Brave Bird|p2a: Sableye\n|-damage|p2a: Sableye|22\/100\n|-damage|p1a: Corviknight|52\/100 par|[from] Recoil\n|\n|-end|p2a: Sableye|move: Taunt\n|upkeep\n|turn|42\n|\n|t:|1699620766\n|move|p2a: Sableye|Recover|p2a: Sableye\n|-heal|p2a: Sableye|72\/100\n|cant|p1a: Corviknight|par\n|\n|upkeep\n|turn|43\n|\n|t:|1699620775\n|switch|p2a: Hoopa|Hoopa-Unbound|88\/100\n|-damage|p2a: Hoopa|76\/100|[from] Stealth Rock\n|move|p1a: Corviknight|Roost|p1a: Corviknight\n|-heal|p1a: Corviknight|100\/100 par\n|-singleturn|p1a: Corviknight|move: Roost\n|\n|upkeep\n|turn|44\n|\n|t:|1699620785\n|move|p2a: Hoopa|Hyperspace Fury|p1a: Corviknight\n|-damage|p1a: Corviknight|30\/100 par\n|-unboost|p2a: Hoopa|def|1\n|move|p1a: Corviknight|U-turn|p2a: Hoopa\n|-supereffective|p2a: Hoopa\n|-damage|p2a: Hoopa|0 fnt\n|faint|p2a: Hoopa\n|\n|t:|1699620793\n|switch|p1a: Alomomola|Alomomola, F|100\/100 par|[from] U-turn\n|\n|upkeep\n|\n|t:|1699620807\n|switch|p2a: Hydreigon|Hydreigon, F|88\/100\n|-damage|p2a: Hydreigon|76\/100|[from] Stealth Rock\n|turn|45\n|\n|t:|1699620813\n|move|p2a: Hydreigon|Dark Pulse|p1a: Alomomola\n|-damage|p1a: Alomomola|56\/100 par\n|move|p1a: Alomomola|Flip Turn|p2a: Hydreigon\n|-resisted|p2a: Hydreigon\n|-damage|p2a: Hydreigon|67\/100\n|\n|t:|1699620817\n|switch|p1a: Corviknight|Corviknight, M|30\/100 par|[from] Flip Turn\n|\n|upkeep\n|turn|46\n|\n|t:|1699620820\n|move|p2a: Hydreigon|Dark Pulse|p1a: Corviknight\n|-damage|p1a: Corviknight|1\/100 par\n|move|p1a: Corviknight|Roost|p1a: Corviknight\n|-heal|p1a: Corviknight|51\/100 par\n|-singleturn|p1a: Corviknight|move: Roost\n|\n|upkeep\n|turn|47\n|\n|t:|1699620828\n|switch|p1a: Alomomola|Alomomola, F|89\/100 par\n|move|p2a: Hydreigon|Dark Pulse|p1a: Alomomola\n|-damage|p1a: Alomomola|38\/100 par\n|\n|upkeep\n|turn|48\n|\n|t:|1699620834\n|switch|p1a: Corviknight|Corviknight, M|51\/100 par\n|move|p2a: Hydreigon|Dark Pulse|p1a: Corviknight\n|-damage|p1a: Corviknight|21\/100 par\n|\n|upkeep\n|turn|49\n|-message|Mqwe forfeited.\n|\n|win|MMQZA6\n|raw|Mqwe's rating: 1336 &rarr; <strong>1317<\/strong><br \/>(-19 for losing)\n|raw|MMQZA6's rating: 1347 &rarr; <strong>1366<\/strong><br \/>(+19 for winning)\n|l|\u2606Mqwe\n","uploadtime":1699620846,"views":4,"p1id":"mqwe","p2id":"mmqza6","formatid":"gen9nationaldex","rating":1317,"private":0,"password":""}