{"id":"gen9nationaldex-2000036684","p1":"Red1902","p2":"Huryuijujilu","format":"[Gen 9] National Dex","log":"|html|<div class=\"broadcast-blue\"><strong>[Gen 9] National Dex is currently suspecting Sneasler! For information on how to participate check out the <a href=\"https:\/\/www.smogon.com\/forums\/threads\/sv-national-dex-suspect-8-just-dance.3731534\/\">suspect thread<\/a>.<\/strong><\/div>\n|j|\u2606Red1902\n|j|\u2606Huryuijujilu\n|t:|1701144224\n|gametype|singles\n|player|p1|Red1902|169|1202\n|player|p2|Huryuijujilu|clown|1245\n|teamsize|p1|6\n|teamsize|p2|6\n|gen|9\n|tier|[Gen 9] National Dex\n|rated|\n|rule|HP Percentage Mod: HP is shown in percentages\n|rule|Endless Battle Clause: Forcing endless battles is banned\n|rule|OHKO Clause: OHKO moves are banned\n|rule|Evasion Clause: Evasion abilities, items, and moves are banned\n|rule|Evasion Abilities Clause: Evasion abilities are banned\n|rule|Evasion Items Clause: Evasion items are banned\n|rule|Evasion Moves Clause: Evasion moves are banned\n|rule|Species Clause: Limit one of each Pok\u00e9mon\n|rule|Sleep Clause Mod: Limit one foe put to sleep\n|clearpoke\n|poke|p1|Zapdos|\n|poke|p1|Venusaur, F|\n|poke|p1|Snorlax, F|\n|poke|p1|Charizard, F|\n|poke|p1|Gengar, F|\n|poke|p1|Blastoise, F|\n|poke|p2|Jumpluff, M|\n|poke|p2|Lapras, M|\n|poke|p2|Ariados, M|\n|poke|p2|Aerodactyl, F|\n|poke|p2|Aegislash, M|\n|poke|p2|Ceruledge, M|\n|teampreview\n|\n|t:|1701144238\n|start\n|switch|p1a: Gengar|Gengar, F|100\/100\n|switch|p2a: Aerodactyl|Aerodactyl, F|100\/100\n|-item|p1a: Gengar|Air Balloon\n|turn|1\n|\n|t:|1701144247\n|detailschange|p2a: Aerodactyl|Aerodactyl-Mega, F\n|-mega|p2a: Aerodactyl|Aerodactyl|Aerodactylite\n|move|p2a: Aerodactyl|Dual Wingbeat|p1a: Gengar\n|-damage|p1a: Gengar|42\/100\n|-enditem|p1a: Gengar|Air Balloon\n|-damage|p1a: Gengar|0 fnt\n|-start|p2a: Aerodactyl|Disable|Dual Wingbeat|[from] ability: Cursed Body|[of] p1a: Gengar\n|faint|p1a: Gengar\n|-hitcount|p1: Gengar|2\n|\n|upkeep\n|\n|t:|1701144260\n|switch|p1a: Blastoise|Blastoise, F|100\/100\n|turn|2\n|\n|t:|1701144267\n|switch|p2a: Lapras|Lapras, M|100\/100\n|move|p1a: Blastoise|Shell Smash|p1a: Blastoise\n|-unboost|p1a: Blastoise|def|1\n|-unboost|p1a: Blastoise|spd|1\n|-boost|p1a: Blastoise|atk|2\n|-boost|p1a: Blastoise|spa|2\n|-boost|p1a: Blastoise|spe|2\n|-enditem|p1a: Blastoise|White Herb\n|-clearnegativeboost|p1a: Blastoise|[silent]\n|\n|upkeep\n|turn|3\n|\n|t:|1701144281\n|move|p1a: Blastoise|Dark Pulse|p2a: Lapras\n|-damage|p2a: Lapras|73\/100\n|move|p2a: Lapras|Freeze-Dry|p1a: Blastoise\n|-supereffective|p1a: Blastoise\n|-damage|p1a: Blastoise|34\/100\n|\n|upkeep\n|turn|4\n|\n|t:|1701144289\n|move|p1a: Blastoise|Dark Pulse|p2a: Lapras\n|-damage|p2a: Lapras|46\/100\n|move|p2a: Lapras|Future Sight|p1a: Blastoise\n|-start|p2a: Lapras|move: Future Sight\n|\n|upkeep\n|turn|5\n|\n|t:|1701144294\n|move|p1a: Blastoise|Dark Pulse|p2a: Lapras\n|-damage|p2a: Lapras|20\/100\n|cant|p2a: Lapras|flinch\n|\n|upkeep\n|turn|6\n|\n|t:|1701144300\n|move|p1a: Blastoise|Dark Pulse|p2a: Lapras\n|-damage|p2a: Lapras|0 fnt\n|faint|p2a: Lapras\n|\n|-end|p1a: Blastoise|move: Future Sight\n|-damage|p1a: Blastoise|0 fnt\n|faint|p1a: Blastoise\n|upkeep\n|\n|t:|1701144312\n|switch|p1a: Charizard|Charizard, F|100\/100\n|switch|p2a: Ariados|Ariados, M|100\/100\n|turn|7\n|\n|t:|1701144318\n|move|p1a: Charizard|Dragon Dance|p1a: Charizard\n|-boost|p1a: Charizard|atk|1\n|-boost|p1a: Charizard|spe|1\n|move|p2a: Ariados|Sticky Web|p1a: Charizard\n|-sidestart|p1: Red1902|move: Sticky Web\n|\n|upkeep\n|turn|8\n|inactive|Battle timer is ON: inactive players will automatically lose when time's up. (requested by Huryuijujilu)\n|\n|t:|1701144388\n|move|p2a: Ariados|Sucker Punch||[still]\n|-fail|p2a: Ariados\n|move|p1a: Charizard|Dragon Dance|p1a: Charizard\n|-boost|p1a: Charizard|atk|1\n|-boost|p1a: Charizard|spe|1\n|\n|upkeep\n|turn|9\n|\n|t:|1701144399\n|move|p2a: Ariados|Sucker Punch|p1a: Charizard\n|-damage|p1a: Charizard|73\/100\n|move|p1a: Charizard|Flare Blitz|p2a: Ariados\n|-supereffective|p2a: Ariados\n|-enditem|p2a: Ariados|Focus Sash\n|-damage|p2a: Ariados|1\/100\n|-damage|p1a: Charizard|42\/100|[from] Recoil\n|\n|upkeep\n|turn|10\n|\n|t:|1701144408\n|move|p2a: Ariados|Sucker Punch||[still]\n|-fail|p2a: Ariados\n|move|p1a: Charizard|Dragon Dance|p1a: Charizard\n|-boost|p1a: Charizard|atk|1\n|-boost|p1a: Charizard|spe|1\n|\n|upkeep\n|turn|11\n|\n|t:|1701144414\n|move|p1a: Charizard|Dragon Dance|p1a: Charizard\n|-boost|p1a: Charizard|atk|1\n|-boost|p1a: Charizard|spe|1\n|move|p2a: Ariados|Leech Life|p1a: Charizard\n|-resisted|p1a: Charizard\n|-damage|p1a: Charizard|22\/100\n|-heal|p2a: Ariados|11\/100|[from] drain|[of] p1a: Charizard\n|\n|upkeep\n|turn|12\n|\n|t:|1701144422\n|move|p2a: Ariados|Sucker Punch|p1a: Charizard\n|-damage|p1a: Charizard|0 fnt\n|faint|p1a: Charizard\n|\n|upkeep\n|\n|t:|1701144425\n|switch|p1a: Snorlax|Snorlax, F|100\/100\n|-activate|p1a: Snorlax|move: Sticky Web\n|-unboost|p1a: Snorlax|spe|1\n|turn|13\n|\n|t:|1701144431\n|move|p2a: Ariados|Leech Life|p1a: Snorlax\n|-damage|p1a: Snorlax|60\/100\n|-heal|p2a: Ariados|45\/100|[from] drain|[of] p1a: Snorlax\n|move|p1a: Snorlax|Curse|p1a: Snorlax\n|-unboost|p1a: Snorlax|spe|1\n|-boost|p1a: Snorlax|atk|1\n|-boost|p1a: Snorlax|def|1\n|\n|-heal|p1a: Snorlax|66\/100|[from] item: Leftovers\n|upkeep\n|turn|14\n|\n|t:|1701144449\n|move|p2a: Ariados|Leech Life|p1a: Snorlax\n|-crit|p1a: Snorlax\n|-damage|p1a: Snorlax|27\/100\n|-heal|p2a: Ariados|77\/100|[from] drain|[of] p1a: Snorlax\n|move|p1a: Snorlax|Curse|p1a: Snorlax\n|-unboost|p1a: Snorlax|spe|1\n|-boost|p1a: Snorlax|atk|1\n|-boost|p1a: Snorlax|def|1\n|\n|-heal|p1a: Snorlax|33\/100|[from] item: Leftovers\n|upkeep\n|turn|15\n|\n|t:|1701144460\n|move|p2a: Ariados|Leech Life|p1a: Snorlax\n|-damage|p1a: Snorlax|20\/100\n|-heal|p2a: Ariados|88\/100|[from] drain|[of] p1a: Snorlax\n|move|p1a: Snorlax|Rest|p1a: Snorlax\n|-status|p1a: Snorlax|slp|[from] move: Rest\n|-heal|p1a: Snorlax|100\/100 slp|[silent]\n|\n|upkeep\n|turn|16\n|\n|t:|1701144471\n|switch|p2a: Jumpluff|Jumpluff, M|100\/100\n|cant|p1a: Snorlax|slp\n|\n|upkeep\n|turn|17\n|\n|t:|1701144501\n|move|p2a: Jumpluff|Leech Seed|p1a: Snorlax\n|-start|p1a: Snorlax|move: Leech Seed\n|cant|p1a: Snorlax|slp\n|\n|-damage|p1a: Snorlax|88\/100 slp|[from] Leech Seed|[of] p2a: Jumpluff\n|upkeep\n|turn|18\n|\n|t:|1701144509\n|move|p2a: Jumpluff|Cotton Guard|p2a: Jumpluff\n|-boost|p2a: Jumpluff|def|3\n|-curestatus|p1a: Snorlax|slp|[msg]\n|move|p1a: Snorlax|Body Slam|p2a: Jumpluff\n|-damage|p2a: Jumpluff|58\/100\n|\n|-heal|p1a: Snorlax|94\/100|[from] item: Leftovers\n|-damage|p1a: Snorlax|82\/100|[from] Leech Seed|[of] p2a: Jumpluff\n|-heal|p2a: Jumpluff|84\/100|[silent]\n|upkeep\n|turn|19\n|\n|t:|1701144519\n|move|p2a: Jumpluff|Leech Seed||[still]\n|-fail|p2a: Jumpluff\n|move|p1a: Snorlax|Body Slam|p2a: Jumpluff\n|-damage|p2a: Jumpluff|45\/100\n|-status|p2a: Jumpluff|par\n|\n|-heal|p1a: Snorlax|88\/100|[from] item: Leftovers\n|-damage|p1a: Snorlax|75\/100|[from] Leech Seed|[of] p2a: Jumpluff\n|-heal|p2a: Jumpluff|71\/100 par|[silent]\n|upkeep\n|turn|20\n|\n|t:|1701144530\n|move|p2a: Jumpluff|Sleep Powder|p1a: Snorlax\n|-status|p1a: Snorlax|slp|[from] move: Sleep Powder\n|cant|p1a: Snorlax|slp\n|\n|-heal|p1a: Snorlax|82\/100 slp|[from] item: Leftovers\n|-damage|p1a: Snorlax|69\/100 slp|[from] Leech Seed|[of] p2a: Jumpluff\n|-heal|p2a: Jumpluff|97\/100 par|[silent]\n|upkeep\n|turn|21\n|\n|t:|1701144539\n|move|p2a: Jumpluff|Cotton Guard|p2a: Jumpluff\n|-boost|p2a: Jumpluff|def|3\n|cant|p1a: Snorlax|slp\n|\n|-heal|p1a: Snorlax|75\/100 slp|[from] item: Leftovers\n|-damage|p1a: Snorlax|63\/100 slp|[from] Leech Seed|[of] p2a: Jumpluff\n|-heal|p2a: Jumpluff|100\/100 par|[silent]\n|upkeep\n|turn|22\n|\n|t:|1701144548\n|move|p2a: Jumpluff|Strength Sap|p1a: Snorlax\n|-unboost|p1a: Snorlax|atk|1\n|cant|p1a: Snorlax|slp\n|\n|-heal|p1a: Snorlax|69\/100 slp|[from] item: Leftovers\n|-damage|p1a: Snorlax|57\/100 slp|[from] Leech Seed|[of] p2a: Jumpluff\n|upkeep\n|turn|23\n|\n|t:|1701144557\n|move|p2a: Jumpluff|Strength Sap|p1a: Snorlax\n|-unboost|p1a: Snorlax|atk|1\n|-curestatus|p1a: Snorlax|slp|[msg]\n|move|p1a: Snorlax|Curse|p1a: Snorlax\n|-unboost|p1a: Snorlax|spe|1\n|-boost|p1a: Snorlax|atk|1\n|-boost|p1a: Snorlax|def|1\n|\n|-heal|p1a: Snorlax|63\/100|[from] item: Leftovers\n|-damage|p1a: Snorlax|50\/100|[from] Leech Seed|[of] p2a: Jumpluff\n|upkeep\n|turn|24\n|\n|t:|1701144569\n|move|p2a: Jumpluff|Sleep Powder|p1a: Snorlax\n|-status|p1a: Snorlax|slp|[from] move: Sleep Powder\n|cant|p1a: Snorlax|slp\n|\n|-heal|p1a: Snorlax|57\/100 slp|[from] item: Leftovers\n|-damage|p1a: Snorlax|44\/100 slp|[from] Leech Seed|[of] p2a: Jumpluff\n|upkeep\n|turn|25\n|\n|t:|1701144578\n|switch|p2a: Aegislash|Aegislash, M|100\/100\n|cant|p1a: Snorlax|slp\n|\n|-heal|p1a: Snorlax|50\/100 slp|[from] item: Leftovers\n|-damage|p1a: Snorlax|38\/100 slp|[from] Leech Seed|[of] p2a: Aegislash\n|upkeep\n|turn|26\n|\n|t:|1701144586\n|move|p2a: Aegislash|Swords Dance|p2a: Aegislash\n|-boost|p2a: Aegislash|atk|2\n|cant|p1a: Snorlax|slp\n|\n|-heal|p1a: Snorlax|44\/100 slp|[from] item: Leftovers\n|-damage|p1a: Snorlax|32\/100 slp|[from] Leech Seed|[of] p2a: Aegislash\n|upkeep\n|turn|27\n|\n|t:|1701144595\n|-formechange|p2a: Aegislash|Aegislash-Blade||[from] ability: Stance Change\n|move|p2a: Aegislash|Iron Head|p1a: Snorlax\n|-damage|p1a: Snorlax|0 fnt\n|faint|p1a: Snorlax\n|-damage|p2a: Aegislash|91\/100|[from] item: Life Orb\n|\n|upkeep\n|\n|t:|1701144603\n|switch|p1a: Venusaur|Venusaur, F|100\/100\n|-activate|p1a: Venusaur|move: Sticky Web\n|-unboost|p1a: Venusaur|spe|1\n|turn|28\n|\n|t:|1701144609\n|detailschange|p1a: Venusaur|Venusaur-Mega, F\n|-mega|p1a: Venusaur|Venusaur|Venusaurite\n|-formechange|p2a: Aegislash|Aegislash||[from] ability: Stance Change\n|move|p2a: Aegislash|King's Shield|p2a: Aegislash\n|-singleturn|p2a: Aegislash|Protect\n|move|p1a: Venusaur|Leech Seed|p2a: Aegislash\n|-start|p2a: Aegislash|move: Leech Seed\n|\n|-damage|p2a: Aegislash|78\/100|[from] Leech Seed|[of] p1a: Venusaur\n|upkeep\n|turn|29\n|\n|t:|1701144620\n|-formechange|p2a: Aegislash|Aegislash-Blade||[from] ability: Stance Change\n|move|p2a: Aegislash|Iron Head|p1a: Venusaur\n|-damage|p1a: Venusaur|7\/100\n|-damage|p2a: Aegislash|68\/100|[from] item: Life Orb\n|move|p1a: Venusaur|Giga Drain|p2a: Aegislash\n|-resisted|p2a: Aegislash\n|-damage|p2a: Aegislash|33\/100\n|-heal|p1a: Venusaur|20\/100|[from] drain|[of] p2a: Aegislash\n|\n|-damage|p2a: Aegislash|20\/100|[from] Leech Seed|[of] p1a: Venusaur\n|-heal|p1a: Venusaur|29\/100|[silent]\n|upkeep\n|turn|30\n|\n|t:|1701144633\n|move|p2a: Aegislash|Iron Head|p1a: Venusaur\n|-damage|p1a: Venusaur|0 fnt\n|faint|p1a: Venusaur\n|-damage|p2a: Aegislash|10\/100|[from] item: Life Orb\n|\n|upkeep\n|\n|t:|1701144635\n|switch|p1a: Zapdos|Zapdos|100\/100\n|turn|31\n|\n|t:|1701144642\n|-terastallize|p2a: Aegislash|Ghost\n|move|p2a: Aegislash|Shadow Sneak|p1a: Zapdos\n|-damage|p1a: Zapdos|0 fnt\n|faint|p1a: Zapdos\n|-damage|p2a: Aegislash|0 fnt|[from] item: Life Orb\n|faint|p2a: Aegislash\n|\n|win|Huryuijujilu\n|raw|Red1902's rating: 1202 &rarr; <strong>1180<\/strong><br \/>(-22 for losing)\n|raw|Huryuijujilu's rating: 1245 &rarr; <strong>1267<\/strong><br \/>(+22 for winning)\n|l|\u2606Red1902\n","uploadtime":1701144760,"views":1,"p1id":"red1902","p2id":"huryuijujilu","formatid":"gen9nationaldex","rating":1180,"private":0,"password":""}