{"id":"gen9nationaldex-1993299889","p1":"Play With Lapras","p2":"but the government","format":"[Gen 9] National Dex","log":"|j|\u2606Play With Lapras\n|j|\u2606but the government\n|t:|1700293326\n|gametype|singles\n|player|p1|Play With Lapras|dragontamer|1150\n|player|p2|but the government|waitress-gen4|1122\n|teamsize|p1|6\n|teamsize|p2|6\n|gen|9\n|tier|[Gen 9] National Dex\n|rated|\n|rule|HP Percentage Mod: HP is shown in percentages\n|rule|Endless Battle Clause: Forcing endless battles is banned\n|rule|OHKO Clause: OHKO moves are banned\n|rule|Evasion Clause: Evasion abilities, items, and moves are banned\n|rule|Evasion Abilities Clause: Evasion abilities are banned\n|rule|Evasion Items Clause: Evasion items are banned\n|rule|Evasion Moves Clause: Evasion moves are banned\n|rule|Species Clause: Limit one of each Pok\u00e9mon\n|rule|Sleep Clause Mod: Limit one foe put to sleep\n|clearpoke\n|poke|p1|Lapras, F|\n|poke|p1|Nihilego|\n|poke|p1|Blastoise, M|\n|poke|p1|Escavalier, M|\n|poke|p1|Salamence, M|\n|poke|p1|Corviknight, M|\n|poke|p2|Nidoking, M|\n|poke|p2|Corviknight, M|\n|poke|p2|Dragonite, F|\n|poke|p2|Tapu Koko|\n|poke|p2|Ferrothorn, F|\n|poke|p2|Pinsir, F|\n|teampreview\n|inactive|Battle timer is ON: inactive players will automatically lose when time's up. (requested by Play With Lapras)\n|\n|t:|1700293344\n|start\n|switch|p1a: Nihilego|Nihilego|100\/100\n|switch|p2a: Tapu Koko|Tapu Koko|100\/100\n|-fieldstart|move: Electric Terrain|[from] ability: Electric Surge|[of] p2a: Tapu Koko\n|turn|1\n|\n|t:|1700293351\n|move|p2a: Tapu Koko|Volt Switch|p1a: Nihilego\n|-damage|p1a: Nihilego|54\/100\n|\n|t:|1700293358\n|switch|p2a: Ferrothorn|Ferrothorn, F|100\/100|[from] Volt Switch\n|move|p1a: Nihilego|Charge Beam|p2a: Ferrothorn|[miss]\n|-miss|p1a: Nihilego|p2a: Ferrothorn\n|\n|upkeep\n|turn|2\n|\n|t:|1700293366\n|move|p1a: Nihilego|Charge Beam|p2a: Ferrothorn\n|-resisted|p2a: Ferrothorn\n|-damage|p2a: Ferrothorn|91\/100\n|-boost|p1a: Nihilego|spa|1\n|move|p2a: Ferrothorn|Leech Seed|p1a: Nihilego\n|-start|p1a: Nihilego|move: Leech Seed\n|\n|-damage|p1a: Nihilego|41\/100|[from] Leech Seed|[of] p2a: Ferrothorn\n|-heal|p2a: Ferrothorn|100\/100|[silent]\n|upkeep\n|turn|3\n|\n|t:|1700293373\n|move|p2a: Ferrothorn|Protect|p2a: Ferrothorn\n|-singleturn|p2a: Ferrothorn|Protect\n|move|p1a: Nihilego|Charge Beam|p2a: Ferrothorn\n|-activate|p2a: Ferrothorn|move: Protect\n|\n|-damage|p1a: Nihilego|29\/100|[from] Leech Seed|[of] p2a: Ferrothorn\n|upkeep\n|turn|4\n|\n|t:|1700293383\n|move|p1a: Nihilego|Charge Beam|p2a: Ferrothorn\n|-resisted|p2a: Ferrothorn\n|-damage|p2a: Ferrothorn|87\/100\n|move|p2a: Ferrothorn|Gyro Ball|p1a: Nihilego\n|-supereffective|p1a: Nihilego\n|-damage|p1a: Nihilego|0 fnt\n|faint|p1a: Nihilego\n|\n|upkeep\n|\n|t:|1700293393\n|switch|p1a: Escavalier|Escavalier, M|100\/100\n|turn|5\n|\n|t:|1700293398\n|move|p2a: Ferrothorn|Protect|p2a: Ferrothorn\n|-singleturn|p2a: Ferrothorn|Protect\n|move|p1a: Escavalier|Agility|p1a: Escavalier\n|-boost|p1a: Escavalier|spe|2\n|\n|-fieldend|move: Electric Terrain\n|upkeep\n|turn|6\n|\n|t:|1700293405\n|switch|p2a: Corviknight|Corviknight, M|100\/100\n|-ability|p2a: Corviknight|Pressure\n|move|p1a: Escavalier|Agility|p1a: Escavalier\n|-boost|p1a: Escavalier|spe|2\n|\n|upkeep\n|turn|7\n|\n|t:|1700293413\n|move|p1a: Escavalier|Close Combat|p2a: Corviknight\n|-damage|p2a: Corviknight|71\/100\n|-unboost|p1a: Escavalier|def|1\n|-unboost|p1a: Escavalier|spd|1\n|-damage|p1a: Escavalier|84\/100|[from] item: Rocky Helmet|[of] p2a: Corviknight\n|move|p2a: Corviknight|Brave Bird|p1a: Escavalier\n|-damage|p1a: Escavalier|23\/100\n|-damage|p2a: Corviknight|57\/100|[from] Recoil\n|\n|upkeep\n|turn|8\n|\n|t:|1700293420\n|move|p1a: Escavalier|Close Combat|p2a: Corviknight\n|-damage|p2a: Corviknight|31\/100\n|-unboost|p1a: Escavalier|def|1\n|-unboost|p1a: Escavalier|spd|1\n|-damage|p1a: Escavalier|7\/100|[from] item: Rocky Helmet|[of] p2a: Corviknight\n|move|p2a: Corviknight|Brave Bird|p1a: Escavalier\n|-damage|p1a: Escavalier|0 fnt\n|faint|p1a: Escavalier\n|-damage|p2a: Corviknight|29\/100|[from] Recoil\n|\n|upkeep\n|\n|t:|1700293424\n|switch|p1a: Blastoise|Blastoise, M|100\/100\n|turn|9\n|\n|t:|1700293429\n|move|p1a: Blastoise|Shell Smash|p1a: Blastoise\n|-unboost|p1a: Blastoise|def|1\n|-unboost|p1a: Blastoise|spd|1\n|-boost|p1a: Blastoise|atk|2\n|-boost|p1a: Blastoise|spa|2\n|-boost|p1a: Blastoise|spe|2\n|-enditem|p1a: Blastoise|White Herb\n|-clearnegativeboost|p1a: Blastoise|[silent]\n|move|p2a: Corviknight|Roost|p2a: Corviknight\n|-heal|p2a: Corviknight|79\/100\n|-singleturn|p2a: Corviknight|move: Roost\n|\n|upkeep\n|turn|10\n|\n|t:|1700293438\n|switch|p2a: Ferrothorn|Ferrothorn, F|87\/100\n|move|p1a: Blastoise|Power-Up Punch|p2a: Ferrothorn\n|-supereffective|p2a: Ferrothorn\n|-damage|p2a: Ferrothorn|62\/100\n|-boost|p1a: Blastoise|atk|1\n|-damage|p1a: Blastoise|88\/100|[from] ability: Iron Barbs|[of] p2a: Ferrothorn\n|-damage|p1a: Blastoise|72\/100|[from] item: Rocky Helmet|[of] p2a: Ferrothorn\n|\n|upkeep\n|turn|11\n|\n|t:|1700293445\n|move|p1a: Blastoise|Power-Up Punch|p2a: Ferrothorn\n|-supereffective|p2a: Ferrothorn\n|-damage|p2a: Ferrothorn|32\/100\n|-boost|p1a: Blastoise|atk|1\n|-damage|p1a: Blastoise|59\/100|[from] ability: Iron Barbs|[of] p2a: Ferrothorn\n|-damage|p1a: Blastoise|43\/100|[from] item: Rocky Helmet|[of] p2a: Ferrothorn\n|move|p2a: Ferrothorn|Leech Seed|p1a: Blastoise\n|-start|p1a: Blastoise|move: Leech Seed\n|\n|-damage|p1a: Blastoise|31\/100|[from] Leech Seed|[of] p2a: Ferrothorn\n|-heal|p2a: Ferrothorn|42\/100|[silent]\n|upkeep\n|turn|12\n|\n|t:|1700293456\n|move|p2a: Ferrothorn|Protect|p2a: Ferrothorn\n|-singleturn|p2a: Ferrothorn|Protect\n|move|p1a: Blastoise|Aqua Jet|p2a: Ferrothorn\n|-activate|p2a: Ferrothorn|move: Protect\n|\n|-damage|p1a: Blastoise|18\/100|[from] Leech Seed|[of] p2a: Ferrothorn\n|-heal|p2a: Ferrothorn|53\/100|[silent]\n|upkeep\n|turn|13\n|\n|t:|1700293467\n|move|p1a: Blastoise|Power-Up Punch|p2a: Ferrothorn\n|-supereffective|p2a: Ferrothorn\n|-damage|p2a: Ferrothorn|15\/100\n|-boost|p1a: Blastoise|atk|1\n|-damage|p1a: Blastoise|6\/100|[from] ability: Iron Barbs|[of] p2a: Ferrothorn\n|-damage|p1a: Blastoise|0 fnt|[from] item: Rocky Helmet|[of] p2a: Ferrothorn\n|faint|p1a: Blastoise\n|move|p2a: Ferrothorn|Gyro Ball|p1: Blastoise|[notarget]\n|-fail|p2a: Ferrothorn\n|\n|upkeep\n|\n|t:|1700293474\n|switch|p1a: Corviknight|Corviknight, M|100\/100\n|-ability|p1a: Corviknight|Pressure\n|turn|14\n|\n|t:|1700293480\n|move|p1a: Corviknight|Brave Bird|p2a: Ferrothorn\n|-damage|p2a: Ferrothorn|0 fnt\n|-damage|p1a: Corviknight|88\/100|[from] ability: Iron Barbs|[of] p2a: Ferrothorn\n|-damage|p1a: Corviknight|72\/100|[from] item: Rocky Helmet|[of] p2a: Ferrothorn\n|faint|p2a: Ferrothorn\n|-damage|p1a: Corviknight|67\/100|[from] Recoil\n|\n|upkeep\n|\n|t:|1700293484\n|switch|p2a: Tapu Koko|Tapu Koko|100\/100\n|-fieldstart|move: Electric Terrain|[from] ability: Electric Surge|[of] p2a: Tapu Koko\n|turn|15\n|\n|t:|1700293490\n|move|p2a: Tapu Koko|Volt Switch|p1a: Corviknight\n|-supereffective|p1a: Corviknight\n|-damage|p1a: Corviknight|0 fnt\n|faint|p1a: Corviknight\n|\n|t:|1700293512\n|switch|p2a: Pinsir|Pinsir, F|100\/100|[from] Volt Switch\n|\n|upkeep\n|inactive|Play With Lapras has 120 seconds left.\n|\n|t:|1700293546\n|switch|p1a: Salamence|Salamence, M|100\/100\n|turn|16\n|\n|t:|1700293554\n|detailschange|p2a: Pinsir|Pinsir-Mega, F\n|-mega|p2a: Pinsir|Pinsir|Pinsirite\n|move|p2a: Pinsir|Return|p1a: Salamence\n|-damage|p1a: Salamence|8\/100\n|move|p1a: Salamence|Dragon Dance|p1a: Salamence\n|-boost|p1a: Salamence|atk|1\n|-boost|p1a: Salamence|spe|1\n|\n|upkeep\n|turn|17\n|\n|t:|1700293566\n|move|p2a: Pinsir|Quick Attack|p1a: Salamence\n|-damage|p1a: Salamence|0 fnt\n|faint|p1a: Salamence\n|\n|upkeep\n|-message|Play With Lapras forfeited.\n|\n|win|but the government\n|raw|Play With Lapras's rating: 1150 &rarr; <strong>1121<\/strong><br \/>(-29 for losing)\n|raw|but the government's rating: 1096 &rarr; <strong>1126<\/strong><br \/>(+30 for winning)\n|l|\u2606Play With Lapras\n","uploadtime":1700293576,"views":7,"p1id":"playwithlapras","p2id":"butthegovernment","formatid":"gen9nationaldex","rating":1121,"private":0,"password":""}