{"id":"gen9nationaldex-1993885538","p1":"mqcing","p2":"ChaosEmperor96","format":"[Gen 9] National Dex","log":"|j|\u2606mqcing\n|j|\u2606ChaosEmperor96\n|t:|1700370039\n|gametype|singles\n|player|p1|mqcing|gardenia|1200\n|player|p2|ChaosEmperor96|marshal|1164\n|teamsize|p1|6\n|teamsize|p2|6\n|gen|9\n|tier|[Gen 9] National Dex\n|rated|\n|rule|HP Percentage Mod: HP is shown in percentages\n|rule|Endless Battle Clause: Forcing endless battles is banned\n|rule|OHKO Clause: OHKO moves are banned\n|rule|Evasion Clause: Evasion abilities, items, and moves are banned\n|rule|Evasion Abilities Clause: Evasion abilities are banned\n|rule|Evasion Items Clause: Evasion items are banned\n|rule|Evasion Moves Clause: Evasion moves are banned\n|rule|Species Clause: Limit one of each Pok\u00e9mon\n|rule|Sleep Clause Mod: Limit one foe put to sleep\n|clearpoke\n|poke|p1|Weavile, M|\n|poke|p1|Bisharp, M|\n|poke|p1|Sableye, M|\n|poke|p1|Iron Jugulis|\n|poke|p1|Mandibuzz, F|\n|poke|p1|Hoopa-Unbound|\n|poke|p2|Emboar, M|\n|poke|p2|Haxorus, M|\n|poke|p2|Excadrill, M|\n|poke|p2|Galvantula, M|\n|poke|p2|Mandibuzz, F|\n|poke|p2|Vanilluxe, M|\n|teampreview\n|inactive|Battle timer is ON: inactive players will automatically lose when time's up. (requested by mqcing)\n|\n|t:|1700370051\n|start\n|switch|p1a: Hoopa|Hoopa-Unbound|100\/100\n|switch|p2a: Galvantula|Galvantula, M, shiny|100\/100\n|turn|1\n|\n|t:|1700370059\n|-zpower|p1a: Hoopa\n|move|p1a: Hoopa|Z-Snatch|p1a: Hoopa|[anim]Snatch\n|-boost|p1a: Hoopa|spe|2|[zeffect]\n|-singleturn|p1a: Hoopa|Snatch\n|move|p2a: Galvantula|Bug Buzz|p1a: Hoopa\n|-supereffective|p1a: Hoopa\n|-damage|p1a: Hoopa|0 fnt\n|faint|p1a: Hoopa\n|\n|upkeep\n|\n|t:|1700370068\n|switch|p1a: Iron Jugulis|Iron Jugulis|100\/100\n|-enditem|p1a: Iron Jugulis|Booster Energy\n|-activate|p1a: Iron Jugulis|ability: Quark Drive|[fromitem]\n|-start|p1a: Iron Jugulis|quarkdrivespe\n|turn|2\n|\n|t:|1700370074\n|switch|p2a: Mandibuzz|Mandibuzz, F, shiny|100\/100\n|move|p1a: Iron Jugulis|Fire Blast|p2a: Mandibuzz|[miss]\n|-miss|p1a: Iron Jugulis|p2a: Mandibuzz\n|\n|upkeep\n|turn|3\n|\n|t:|1700370080\n|move|p1a: Iron Jugulis|Dark Pulse|p2a: Mandibuzz\n|-resisted|p2a: Mandibuzz\n|-damage|p2a: Mandibuzz|84\/100\n|move|p2a: Mandibuzz|Toxic|p1a: Iron Jugulis\n|-status|p1a: Iron Jugulis|tox\n|\n|-damage|p1a: Iron Jugulis|94\/100 tox|[from] psn\n|upkeep\n|turn|4\n|\n|t:|1700370089\n|move|p1a: Iron Jugulis|Hydro Pump|p2a: Mandibuzz\n|-damage|p2a: Mandibuzz|56\/100\n|move|p2a: Mandibuzz|U-turn|p1a: Iron Jugulis\n|-damage|p1a: Iron Jugulis|81\/100 tox\n|\n|t:|1700370095\n|switch|p2a: Vanilluxe|Vanilluxe, M, shiny|100\/100|[from] U-turn\n|\n|-damage|p1a: Iron Jugulis|69\/100 tox|[from] psn\n|upkeep\n|turn|5\n|\n|t:|1700370101\n|move|p1a: Iron Jugulis|Fire Blast|p2a: Vanilluxe\n|-supereffective|p2a: Vanilluxe\n|-damage|p2a: Vanilluxe|9\/100\n|-enditem|p2a: Vanilluxe|Weakness Policy\n|-boost|p2a: Vanilluxe|atk|2|[from] item: Weakness Policy\n|-boost|p2a: Vanilluxe|spa|2|[from] item: Weakness Policy\n|move|p2a: Vanilluxe|Ice Beam|p1a: Iron Jugulis\n|-supereffective|p1a: Iron Jugulis\n|-damage|p1a: Iron Jugulis|0 fnt\n|faint|p1a: Iron Jugulis\n|-end|p1a: Iron Jugulis|Quark Drive|[silent]\n|\n|upkeep\n|\n|t:|1700370113\n|switch|p1a: Weavile|Weavile, M|100\/100\n|-ability|p1a: Weavile|Pressure\n|turn|6\n|\n|t:|1700370119\n|move|p1a: Weavile|Knock Off|p2a: Vanilluxe\n|-damage|p2a: Vanilluxe|0 fnt\n|faint|p2a: Vanilluxe\n|\n|upkeep\n|\n|t:|1700370125\n|switch|p2a: Excadrill|Excadrill, M, shiny|100\/100\n|turn|7\n|\n|t:|1700370130\n|switch|p1a: Mandibuzz|Mandibuzz, F|100\/100\n|move|p2a: Excadrill|Iron Head|p1a: Mandibuzz\n|-crit|p1a: Mandibuzz\n|-damage|p1a: Mandibuzz|59\/100\n|\n|upkeep\n|turn|8\n|\n|t:|1700370136\n|move|p2a: Excadrill|Iron Head|p1a: Mandibuzz\n|-damage|p1a: Mandibuzz|29\/100\n|move|p1a: Mandibuzz|Knock Off|p2a: Excadrill\n|-damage|p2a: Excadrill|68\/100\n|-enditem|p2a: Excadrill|Focus Sash|[from] move: Knock Off|[of] p1a: Mandibuzz\n|\n|upkeep\n|turn|9\n|\n|t:|1700370144\n|switch|p1a: Bisharp|Bisharp, M|100\/100\n|move|p2a: Excadrill|Iron Head|p1a: Bisharp\n|-resisted|p1a: Bisharp\n|-damage|p1a: Bisharp|83\/100\n|\n|upkeep\n|turn|10\n|\n|t:|1700370151\n|-terastallize|p1a: Bisharp|Fairy\n|move|p2a: Excadrill|Brick Break|p1a: Bisharp\n|-resisted|p1a: Bisharp\n|-damage|p1a: Bisharp|73\/100\n|move|p1a: Bisharp|Brick Break|p2a: Excadrill\n|-supereffective|p2a: Excadrill\n|-damage|p2a: Excadrill|0 fnt\n|faint|p2a: Excadrill\n|\n|upkeep\n|\n|t:|1700370162\n|switch|p2a: Haxorus|Haxorus, M, shiny|100\/100\n|-ability|p2a: Haxorus|Mold Breaker\n|turn|11\n|\n|t:|1700370167\n|move|p2a: Haxorus|Poison Jab|p1a: Bisharp\n|-supereffective|p1a: Bisharp\n|-damage|p1a: Bisharp|23\/100\n|-status|p1a: Bisharp|psn\n|move|p1a: Bisharp|Swords Dance|p1a: Bisharp\n|-boost|p1a: Bisharp|atk|2\n|\n|-damage|p1a: Bisharp|11\/100 psn|[from] psn\n|upkeep\n|turn|12\n|\n|t:|1700370177\n|move|p1a: Bisharp|Sucker Punch|p2a: Haxorus\n|-damage|p2a: Haxorus|6\/100\n|move|p2a: Haxorus|Poison Jab|p1a: Bisharp\n|-supereffective|p1a: Bisharp\n|-damage|p1a: Bisharp|0 fnt\n|faint|p1a: Bisharp\n|\n|upkeep\n|\n|t:|1700370182\n|switch|p1a: Weavile|Weavile, M|100\/100\n|-ability|p1a: Weavile|Pressure\n|turn|13\n|\n|t:|1700370189\n|switch|p2a: Mandibuzz|Mandibuzz, F, shiny|56\/100\n|move|p1a: Weavile|Triple Axel|p2a: Mandibuzz\n|-supereffective|p2a: Mandibuzz\n|-damage|p2a: Mandibuzz|40\/100\n|-hitcount|p2a: Mandibuzz|1\n|\n|upkeep\n|turn|14\n|\n|t:|1700370197\n|move|p1a: Weavile|Triple Axel|p2a: Mandibuzz\n|-supereffective|p2a: Mandibuzz\n|-damage|p2a: Mandibuzz|24\/100\n|-supereffective|p2a: Mandibuzz\n|-damage|p2a: Mandibuzz|0 fnt\n|faint|p2a: Mandibuzz\n|-hitcount|p2: Mandibuzz|2\n|\n|upkeep\n|\n|t:|1700370204\n|switch|p2a: Emboar|Emboar, M, shiny|100\/100\n|turn|15\n|\n|t:|1700370207\n|switch|p1a: Sableye|Sableye, M|100\/100\n|-terastallize|p2a: Emboar|Fire\n|move|p2a: Emboar|Flare Blitz|p1a: Sableye\n|-damage|p1a: Sableye|0 fnt\n|faint|p1a: Sableye\n|-damage|p2a: Emboar|73\/100|[from] Recoil\n|\n|upkeep\n|\n|t:|1700370211\n|switch|p1a: Mandibuzz|Mandibuzz, F|29\/100\n|turn|16\n|\n|t:|1700370219\n|move|p2a: Emboar|Flare Blitz|p1a: Mandibuzz\n|-damage|p1a: Mandibuzz|0 fnt\n|faint|p1a: Mandibuzz\n|-damage|p2a: Emboar|62\/100|[from] Recoil\n|\n|upkeep\n|\n|t:|1700370222\n|switch|p1a: Weavile|Weavile, M|100\/100\n|-ability|p1a: Weavile|Pressure\n|turn|17\n|\n|t:|1700370228\n|move|p1a: Weavile|Knock Off|p2a: Emboar\n|-damage|p2a: Emboar|0 fnt\n|-enditem|p2a: Emboar|Choice Scarf|[from] move: Knock Off|[of] p1a: Weavile\n|faint|p2a: Emboar\n|\n|upkeep\n|\n|t:|1700370234\n|switch|p2a: Galvantula|Galvantula, M, shiny|100\/100\n|turn|18\n|\n|t:|1700370237\n|move|p1a: Weavile|Knock Off|p2a: Galvantula\n|-enditem|p2a: Galvantula|Focus Sash\n|-damage|p2a: Galvantula|1\/100\n|move|p2a: Galvantula|Bug Buzz|p1a: Weavile\n|-supereffective|p1a: Weavile\n|-damage|p1a: Weavile|0 fnt\n|faint|p1a: Weavile\n|\n|win|ChaosEmperor96\n|raw|mqcing's rating: 1200 &rarr; <strong>1172<\/strong><br \/>(-28 for losing)\n|raw|ChaosEmperor96's rating: 1164 &rarr; <strong>1192<\/strong><br \/>(+28 for winning)\n|l|\u2606mqcing\n|c|\u2606ChaosEmperor96|Gg\n","uploadtime":1700370259,"views":9,"p1id":"mqcing","p2id":"chaosemperor96","formatid":"gen9nationaldex","rating":1172,"private":0,"password":""}