{"id":"gen9nationaldex-2000122807","p1":"daniel241595","p2":"ohya223s","format":"[Gen 9] National Dex","log":"|html|<div class=\"broadcast-blue\"><strong>[Gen 9] National Dex is currently suspecting Sneasler! For information on how to participate check out the <a href=\"https:\/\/www.smogon.com\/forums\/threads\/sv-national-dex-suspect-8-just-dance.3731534\/\">suspect thread<\/a>.<\/strong><\/div>\n|j|\u2606daniel241595\n|j|\u2606ohya223s\n|t:|1701158926\n|gametype|singles\n|player|p1|daniel241595|gambler|1419\n|player|p2|ohya223s|steven|1319\n|teamsize|p1|6\n|teamsize|p2|6\n|gen|9\n|tier|[Gen 9] National Dex\n|rated|\n|rule|HP Percentage Mod: HP is shown in percentages\n|rule|Endless Battle Clause: Forcing endless battles is banned\n|rule|OHKO Clause: OHKO moves are banned\n|rule|Evasion Clause: Evasion abilities, items, and moves are banned\n|rule|Evasion Abilities Clause: Evasion abilities are banned\n|rule|Evasion Items Clause: Evasion items are banned\n|rule|Evasion Moves Clause: Evasion moves are banned\n|rule|Species Clause: Limit one of each Pok\u00e9mon\n|rule|Sleep Clause Mod: Limit one foe put to sleep\n|clearpoke\n|poke|p1|Arcanine, M|\n|poke|p1|Flygon, F|\n|poke|p1|Empoleon, M|\n|poke|p1|Eelektross, F|\n|poke|p1|Florges, F|\n|poke|p1|Kleavor, M|\n|poke|p2|Swampert, M|\n|poke|p2|Serperior, F|\n|poke|p2|Blaziken, M|\n|poke|p2|Empoleon, M|\n|poke|p2|Salamence, M|\n|poke|p2|Alakazam, M|\n|teampreview\n|inactive|Battle timer is ON: inactive players will automatically lose when time's up. (requested by daniel241595)\n|\n|t:|1701158939\n|start\n|switch|p1a: Eelektross|Eelektross, F|100\/100\n|switch|p2a: Empoleon|Empoleon, M|100\/100\n|turn|1\n|\n|t:|1701158955\n|move|p2a: Empoleon|Scald|p1a: Eelektross\n|-damage|p1a: Eelektross|68\/100\n|-status|p1a: Eelektross|brn\n|move|p1a: Eelektross|Giga Drain|p2a: Empoleon\n|-damage|p2a: Empoleon|85\/100\n|-heal|p1a: Eelektross|76\/100 brn|[from] drain|[of] p2a: Empoleon\n|\n|-damage|p1a: Eelektross|70\/100 brn|[from] brn\n|upkeep\n|turn|2\n|\n|t:|1701158965\n|move|p2a: Empoleon|Scald|p1a: Eelektross\n|-damage|p1a: Eelektross|38\/100 brn\n|move|p1a: Eelektross|Volt Switch|p2a: Empoleon\n|-supereffective|p2a: Empoleon\n|-damage|p2a: Empoleon|43\/100\n|\n|t:|1701158976\n|switch|p1a: Arcanine|Arcanine, M, shiny|100\/100|[from] Volt Switch\n|-ability|p1a: Arcanine|Intimidate|boost\n|-unboost|p2a: Empoleon|atk|1\n|-ability|p2a: Empoleon|Competitive|boost\n|-boost|p2a: Empoleon|spa|2\n|\n|upkeep\n|turn|3\n|\n|t:|1701158989\n|move|p1a: Arcanine|Flare Blitz|p2a: Empoleon\n|-damage|p2a: Empoleon|0 fnt\n|faint|p2a: Empoleon\n|-damage|p1a: Arcanine|87\/100|[from] Recoil\n|\n|upkeep\n|\n|t:|1701158998\n|switch|p2a: Salamence|Salamence, M|100\/100\n|-ability|p2a: Salamence|Intimidate|boost\n|-unboost|p1a: Arcanine|atk|1\n|turn|4\n|\n|t:|1701159004\n|switch|p1a: Florges|Florges, F|100\/100\n|move|p2a: Salamence|Dragon Dance|p2a: Salamence\n|-boost|p2a: Salamence|atk|1\n|-boost|p2a: Salamence|spe|1\n|\n|upkeep\n|turn|5\n|\n|t:|1701159012\n|move|p2a: Salamence|Dual Wingbeat|p1a: Florges\n|-damage|p1a: Florges|67\/100\n|-damage|p1a: Florges|36\/100\n|-hitcount|p1a: Florges|2\n|move|p1a: Florges|Moonblast|p2a: Salamence\n|-supereffective|p2a: Salamence\n|-damage|p2a: Salamence|9\/100\n|-unboost|p2a: Salamence|spa|1\n|\n|-heal|p2a: Salamence|15\/100|[from] item: Leftovers\n|-heal|p1a: Florges|42\/100|[from] item: Leftovers\n|upkeep\n|turn|6\n|\n|t:|1701159033\n|switch|p1a: Eelektross|Eelektross, F|38\/100 brn\n|move|p2a: Salamence|Dual Wingbeat|p1a: Eelektross\n|-resisted|p1a: Eelektross\n|-damage|p1a: Eelektross|18\/100 brn\n|-resisted|p1a: Eelektross\n|-crit|p1a: Eelektross\n|-damage|p1a: Eelektross|0 fnt\n|faint|p1a: Eelektross\n|-hitcount|p1: Eelektross|2\n|\n|-heal|p2a: Salamence|21\/100|[from] item: Leftovers\n|upkeep\n|\n|t:|1701159036\n|switch|p1a: Arcanine|Arcanine, M, shiny|87\/100\n|-ability|p1a: Arcanine|Intimidate|boost\n|-unboost|p2a: Salamence|atk|1\n|turn|7\n|\n|t:|1701159053\n|move|p1a: Arcanine|Extreme Speed|p2a: Salamence\n|-damage|p2a: Salamence|0 fnt\n|faint|p2a: Salamence\n|\n|upkeep\n|\n|t:|1701159063\n|switch|p2a: Swampert|Swampert, M|100\/100\n|turn|8\n|\n|t:|1701159070\n|switch|p1a: Flygon|Flygon, F|100\/100\n|detailschange|p2a: Swampert|Swampert-Mega, M\n|-mega|p2a: Swampert|Swampert|Swampertite\n|move|p2a: Swampert|Rain Dance|p2a: Swampert\n|-weather|RainDance\n|\n|-weather|RainDance|[upkeep]\n|upkeep\n|turn|9\n|\n|t:|1701159096\n|switch|p1a: Empoleon|Empoleon, M|100\/100\n|move|p2a: Swampert|Ice Punch|p1a: Empoleon\n|-resisted|p1a: Empoleon\n|-crit|p1a: Empoleon\n|-damage|p1a: Empoleon|93\/100\n|\n|-weather|RainDance|[upkeep]\n|upkeep\n|turn|10\n|\n|t:|1701159108\n|move|p2a: Swampert|Earthquake|p1a: Empoleon\n|-supereffective|p1a: Empoleon\n|-damage|p1a: Empoleon|8\/100\n|move|p1a: Empoleon|Scald|p2a: Swampert\n|-damage|p2a: Swampert|65\/100\n|\n|-weather|RainDance|[upkeep]\n|upkeep\n|turn|11\n|\n|t:|1701159117\n|move|p2a: Swampert|Liquidation|p1a: Empoleon\n|-resisted|p1a: Empoleon\n|-damage|p1a: Empoleon|0 fnt\n|faint|p1a: Empoleon\n|\n|-weather|RainDance|[upkeep]\n|upkeep\n|inactive|daniel241595 has 120 seconds left.\n|\n|t:|1701159143\n|switch|p1a: Flygon|Flygon, F|100\/100\n|turn|12\n|\n|t:|1701159150\n|-terastallize|p1a: Flygon|Steel\n|move|p2a: Swampert|Ice Punch|p1a: Flygon\n|-resisted|p1a: Flygon\n|-damage|p1a: Flygon|79\/100\n|move|p1a: Flygon|Dragon Dance|p1a: Flygon\n|-boost|p1a: Flygon|atk|1\n|-boost|p1a: Flygon|spe|1\n|\n|-weather|none\n|upkeep\n|turn|13\n|\n|t:|1701159159\n|move|p1a: Flygon|Earthquake|p2a: Swampert\n|-damage|p2a: Swampert|0 fnt\n|faint|p2a: Swampert\n|-damage|p1a: Flygon|69\/100|[from] item: Life Orb\n|\n|upkeep\n|\n|t:|1701159163\n|switch|p2a: Blaziken|Blaziken, M|100\/100\n|turn|14\n|\n|t:|1701159174\n|move|p1a: Flygon|Dual Wingbeat|p2a: Blaziken\n|-supereffective|p2a: Blaziken\n|-damage|p2a: Blaziken|27\/100\n|-supereffective|p2a: Blaziken\n|-damage|p2a: Blaziken|0 fnt\n|faint|p2a: Blaziken\n|-hitcount|p2: Blaziken|2\n|-damage|p1a: Flygon|59\/100|[from] item: Life Orb\n|\n|upkeep\n|\n|t:|1701159178\n|switch|p2a: Alakazam|Alakazam, M|100\/100\n|turn|15\n|\n|t:|1701159190\n|move|p1a: Flygon|Dual Wingbeat|p2a: Alakazam\n|-damage|p2a: Alakazam|46\/100\n|-damage|p2a: Alakazam|0 fnt\n|faint|p2a: Alakazam\n|-hitcount|p2: Alakazam|2\n|-damage|p1a: Flygon|49\/100|[from] item: Life Orb\n|\n|upkeep\n|\n|t:|1701159194\n|switch|p2a: Serperior|Serperior, F|100\/100\n|turn|16\n|\n|t:|1701159204\n|move|p1a: Flygon|Dual Wingbeat|p2a: Serperior\n|-supereffective|p2a: Serperior\n|-damage|p2a: Serperior|41\/100\n|-supereffective|p2a: Serperior\n|-damage|p2a: Serperior|0 fnt\n|faint|p2a: Serperior\n|-hitcount|p2: Serperior|2\n|-damage|p1a: Flygon|39\/100|[from] item: Life Orb\n|\n|win|daniel241595\n|raw|daniel241595's rating: 1419 &rarr; <strong>1433<\/strong><br \/>(+14 for winning)\n|raw|ohya223s's rating: 1319 &rarr; <strong>1305<\/strong><br \/>(-14 for losing)\n","uploadtime":1701159208,"views":5,"p1id":"daniel241595","p2id":"ohya223s","formatid":"gen9nationaldex","rating":1305,"private":0,"password":""}