{"id":"gen9nationaldex-1994864033","p1":"moniika","p2":"johnspicy8","format":"[Gen 9] National Dex","log":"|html|<div class=\"broadcast-blue\"><strong>[Gen 9] National Dex is currently suspecting Sneasler! For information on how to participate check out the <a href=\"https:\/\/www.smogon.com\/forums\/threads\/sv-national-dex-suspect-8-just-dance.3731534\/\">suspect thread<\/a>.<\/strong><\/div>\n|j|\u2606moniika\n|j|\u2606johnspicy8\n|t:|1700499750\n|gametype|singles\n|player|p1|moniika|hexmaniac-gen6|\n|player|p2|johnspicy8|emmet|\n|teamsize|p1|6\n|teamsize|p2|6\n|gen|9\n|tier|[Gen 9] National Dex\n|rule|HP Percentage Mod: HP is shown in percentages\n|rule|Endless Battle Clause: Forcing endless battles is banned\n|rule|OHKO Clause: OHKO moves are banned\n|rule|Evasion Clause: Evasion abilities, items, and moves are banned\n|rule|Evasion Abilities Clause: Evasion abilities are banned\n|rule|Evasion Items Clause: Evasion items are banned\n|rule|Evasion Moves Clause: Evasion moves are banned\n|rule|Species Clause: Limit one of each Pok\u00e9mon\n|rule|Sleep Clause Mod: Limit one foe put to sleep\n|clearpoke\n|poke|p1|Gardevoir, F|\n|poke|p1|Garchomp, F|\n|poke|p1|Bisharp, F|\n|poke|p1|Serperior, F|\n|poke|p1|Ribombee, M|\n|poke|p1|Ditto|\n|poke|p2|Grimmsnarl, M|\n|poke|p2|Iron Hands|\n|poke|p2|Cresselia, F|\n|poke|p2|Corviknight, M|\n|poke|p2|Kommo-o, F|\n|poke|p2|Volcarona, F|\n|teampreview\n|inactive|Battle timer is ON: inactive players will automatically lose when time's up. (requested by johnspicy8)\n|inactive|moniika also wants the timer to be on.\n|c|\u2606moniika|ok what\n|c|\u2606moniika|nah, I'd still win\n|\n|t:|1700499766\n|start\n|switch|p1a: Zankaoka|Bisharp, F, shiny|100\/100\n|switch|p2a: MUTED FOR 7|Grimmsnarl, M, shiny|100\/100\n|turn|1\n|\n|t:|1700499773\n|move|p2a: MUTED FOR 7|Reflect|p2a: MUTED FOR 7\n|-sidestart|p2: johnspicy8|Reflect\n|move|p1a: Zankaoka|Iron Head|p2a: MUTED FOR 7\n|-supereffective|p2a: MUTED FOR 7\n|-damage|p2a: MUTED FOR 7|58\/100\n|\n|upkeep\n|turn|2\n|c|\u2606johnspicy8|watch this forbidden sitrus berry kommo-o tech\n|\n|t:|1700499782\n|move|p2a: MUTED FOR 7|Light Screen|p2a: MUTED FOR 7\n|-sidestart|p2: johnspicy8|move: Light Screen\n|move|p1a: Zankaoka|Iron Head|p2a: MUTED FOR 7\n|-supereffective|p2a: MUTED FOR 7\n|-damage|p2a: MUTED FOR 7|18\/100\n|\n|upkeep\n|turn|3\n|c|\u2606moniika|watching\n|\n|t:|1700499791\n|move|p1a: Zankaoka|Knock Off|p2a: MUTED FOR 7\n|-resisted|p2a: MUTED FOR 7\n|-crit|p2a: MUTED FOR 7\n|-damage|p2a: MUTED FOR 7|0 fnt\n|-enditem|p2a: MUTED FOR 7|Light Clay|[from] move: Knock Off|[of] p1a: Zankaoka\n|faint|p2a: MUTED FOR 7\n|\n|upkeep\n|c|\u2606johnspicy8|ok i was GOING to click superpower\n|c|\u2606johnspicy8|but apparntly not you lil bitch\n|\n|t:|1700499812\n|switch|p2a: HANDREW TATE|Iron Hands|100\/100\n|turn|4\n|c|\u2606moniika|it's cuz nah, I'd win\n|\n|t:|1700499821\n|switch|p1a: Hurtcore|Garchomp, F, shiny|100\/100\n|-end|p2a: HANDREW TATE|Quark Drive|[silent]\n|switch|p2a: DJ KHALED|Cresselia, F, shiny|100\/100\n|\n|upkeep\n|turn|5\n|\n|t:|1700499824\n|move|p1a: Hurtcore|Swords Dance|p1a: Hurtcore\n|-boost|p1a: Hurtcore|atk|2\n|move|p2a: DJ KHALED|Calm Mind|p2a: DJ KHALED\n|-boost|p2a: DJ KHALED|spa|1\n|-boost|p2a: DJ KHALED|spd|1\n|\n|upkeep\n|turn|6\n|\n|t:|1700499832\n|move|p1a: Hurtcore|Scale Shot|p2a: DJ KHALED\n|-damage|p2a: DJ KHALED|94\/100\n|-damage|p2a: DJ KHALED|87\/100\n|-damage|p2a: DJ KHALED|80\/100\n|-damage|p2a: DJ KHALED|73\/100\n|-damage|p2a: DJ KHALED|66\/100\n|-hitcount|p2a: DJ KHALED|5\n|-enditem|p2a: DJ KHALED|Kee Berry|[eat]\n|-boost|p2a: DJ KHALED|def|1|[from] item: Kee Berry\n|-unboost|p1a: Hurtcore|def|1\n|-boost|p1a: Hurtcore|spe|1\n|move|p2a: DJ KHALED|Calm Mind|p2a: DJ KHALED\n|-boost|p2a: DJ KHALED|spa|1\n|-boost|p2a: DJ KHALED|spd|1\n|\n|upkeep\n|turn|7\n|c|\u2606moniika|wtf\n|c|\u2606johnspicy8|heat\n|\n|t:|1700499848\n|switch|p1a: Zankaoka|Bisharp, F, shiny|100\/100\n|move|p2a: DJ KHALED|Calm Mind|p2a: DJ KHALED\n|-boost|p2a: DJ KHALED|spa|1\n|-boost|p2a: DJ KHALED|spd|1\n|\n|upkeep\n|turn|8\n|c|\u2606johnspicy8|blame oculars\n|\n|t:|1700499861\n|move|p1a: Zankaoka|Knock Off|p2a: DJ KHALED\n|-supereffective|p2a: DJ KHALED\n|-damage|p2a: DJ KHALED|54\/100\n|move|p2a: DJ KHALED|Moonblast|p1a: Zankaoka\n|-damage|p1a: Zankaoka|58\/100\n|\n|-sideend|p2: johnspicy8|Reflect\n|upkeep\n|turn|9\n|c|\u2606moniika|that scale shot did nothing\n|\n|t:|1700499873\n|move|p1a: Zankaoka|Iron Head|p2a: DJ KHALED\n|-damage|p2a: DJ KHALED|39\/100\n|cant|p2a: DJ KHALED|flinch\n|\n|-sideend|p2: johnspicy8|move: Light Screen\n|upkeep\n|turn|10\n|\n|t:|1700499880\n|-terastallize|p2a: DJ KHALED|Poison\n|move|p1a: Zankaoka|Knock Off|p2a: DJ KHALED\n|-damage|p2a: DJ KHALED|25\/100\n|move|p2a: DJ KHALED|Moonlight|p2a: DJ KHALED\n|-heal|p2a: DJ KHALED|75\/100\n|\n|upkeep\n|turn|11\n|\n|t:|1700499893\n|move|p1a: Zankaoka|Iron Head|p2a: DJ KHALED\n|-damage|p2a: DJ KHALED|58\/100\n|move|p2a: DJ KHALED|Calm Mind|p2a: DJ KHALED\n|-boost|p2a: DJ KHALED|spa|1\n|-boost|p2a: DJ KHALED|spd|1\n|\n|upkeep\n|turn|12\n|c|\u2606johnspicy8|ditto\n|c|\u2606johnspicy8|tasukete\n|c|\u2606moniika|ok dude\n|c|\u2606johnspicy8|chainsaw man\n|\n|t:|1700499908\n|switch|p1a: dingus|Ditto, shiny|100\/100\n|-transform|p1a: dingus|p2a: DJ KHALED|[from] ability: Imposter\n|move|p2a: DJ KHALED|Calm Mind|p2a: DJ KHALED\n|-boost|p2a: DJ KHALED|spa|1\n|-boost|p2a: DJ KHALED|spd|1\n|\n|upkeep\n|-start|p1a: dingus|typechange|Psychic|[silent]\n|turn|13\n|c|\u2606moniika|save me mahoraga\n|c|\u2606johnspicy8|wait fuck\n|\n|t:|1700499923\n|move|p1a: dingus|Stored Power|p2a: DJ KHALED\n|-supereffective|p2a: DJ KHALED\n|-damage|p2a: DJ KHALED|0 fnt\n|faint|p2a: DJ KHALED\n|\n|upkeep\n|c|\u2606moniika|LOL\n|\n|t:|1700499928\n|switch|p2a: CORVISKARM|Corviknight, M|100\/100\n|turn|14\n|c|\u2606moniika|I win..\n|\n|t:|1700499936\n|move|p1a: dingus|Stored Power|p2a: CORVISKARM\n|-resisted|p2a: CORVISKARM\n|-damage|p2a: CORVISKARM|22\/100\n|move|p2a: CORVISKARM|Bulk Up|p2a: CORVISKARM\n|-boost|p2a: CORVISKARM|atk|1\n|-boost|p2a: CORVISKARM|def|1\n|\n|upkeep\n|turn|15\n|c|\u2606johnspicy8|WAIT WAIT WAIT WAIT\n|\n|t:|1700499946\n|move|p1a: dingus|Stored Power|p2a: CORVISKARM\n|-resisted|p2a: CORVISKARM\n|-damage|p2a: CORVISKARM|0 fnt\n|faint|p2a: CORVISKARM\n|\n|upkeep\n|c|\u2606moniika|LOL\n|\n|t:|1700499951\n|switch|p2a: HANDREW TATE|Iron Hands|100\/100\n|turn|16\n|\n|t:|1700499955\n|move|p1a: dingus|Stored Power|p2a: HANDREW TATE\n|-supereffective|p2a: HANDREW TATE\n|-damage|p2a: HANDREW TATE|0 fnt\n|faint|p2a: HANDREW TATE\n|-end|p2a: HANDREW TATE|Quark Drive|[silent]\n|\n|upkeep\n|c|\u2606johnspicy8|this is just foul bro wtf\n|\n|t:|1700499964\n|switch|p2a: Kommo-o|Kommo-o, F|100\/100\n|turn|17\n|c|\u2606moniika|it's just cuz nah I'd win\n|\n|t:|1700499977\n|move|p1a: dingus|Stored Power|p2a: Kommo-o\n|-supereffective|p2a: Kommo-o\n|-damage|p2a: Kommo-o|0 fnt\n|faint|p2a: Kommo-o\n|\n|upkeep\n|\n|t:|1700499982\n|switch|p2a: PAPER MOTH|Volcarona, F|100\/100\n|turn|18\n|c|\u2606johnspicy8|D:\n|c|\u2606moniika|oh fuck\n|c|\u2606moniika|my pp\n|\n|t:|1700499998\n|switch|p1a: Beezilla|Ribombee, M, shiny|100\/100\n|move|p2a: PAPER MOTH|Bug Buzz|p1a: Beezilla\n|-resisted|p1a: Beezilla\n|-damage|p1a: Beezilla|62\/100\n|\n|upkeep\n|turn|19\n|c|\u2606johnspicy8|oh wait im stupid why didnt i click qd\n|c|\u2606johnspicy8|am i foolish\n|c|\u2606moniika|yes\n|c|\u2606johnspicy8|could i be rarted\n|c|\u2606moniika|dingus\n|\n|t:|1700500013\n|move|p1a: Beezilla|Stun Spore|p2a: PAPER MOTH\n|-status|p2a: PAPER MOTH|par\n|move|p2a: PAPER MOTH|Quiver Dance|p2a: PAPER MOTH\n|-boost|p2a: PAPER MOTH|spa|1\n|-boost|p2a: PAPER MOTH|spd|1\n|-boost|p2a: PAPER MOTH|spe|1\n|\n|upkeep\n|turn|20\n|\n|t:|1700500021\n|move|p1a: Beezilla|Moonblast|p2a: PAPER MOTH\n|-resisted|p2a: PAPER MOTH\n|-damage|p2a: PAPER MOTH|86\/100 par\n|move|p2a: PAPER MOTH|Quiver Dance|p2a: PAPER MOTH\n|-boost|p2a: PAPER MOTH|spa|1\n|-boost|p2a: PAPER MOTH|spd|1\n|-boost|p2a: PAPER MOTH|spe|1\n|\n|upkeep\n|turn|21\n|\n|t:|1700500028\n|move|p1a: Beezilla|Moonblast|p2a: PAPER MOTH\n|-resisted|p2a: PAPER MOTH\n|-damage|p2a: PAPER MOTH|74\/100 par\n|-unboost|p2a: PAPER MOTH|spa|1\n|move|p2a: PAPER MOTH|Quiver Dance|p2a: PAPER MOTH\n|-boost|p2a: PAPER MOTH|spa|1\n|-boost|p2a: PAPER MOTH|spd|1\n|-boost|p2a: PAPER MOTH|spe|1\n|\n|upkeep\n|turn|22\n|c|\u2606johnspicy8|ok now your foolish\n|\n|t:|1700500034\n|move|p2a: PAPER MOTH|Quiver Dance|p2a: PAPER MOTH\n|-boost|p2a: PAPER MOTH|spa|1\n|-boost|p2a: PAPER MOTH|spd|1\n|-boost|p2a: PAPER MOTH|spe|1\n|move|p1a: Beezilla|Moonblast|p2a: PAPER MOTH\n|-resisted|p2a: PAPER MOTH\n|-damage|p2a: PAPER MOTH|68\/100 par\n|\n|upkeep\n|turn|23\n|\n|t:|1700500042\n|cant|p2a: PAPER MOTH|par\n|move|p1a: Beezilla|Moonblast|p2a: PAPER MOTH\n|-resisted|p2a: PAPER MOTH\n|-damage|p2a: PAPER MOTH|61\/100 par\n|\n|upkeep\n|turn|24\n|c|\u2606moniika|bee would win\n|\n|t:|1700500050\n|cant|p2a: PAPER MOTH|par\n|move|p1a: Beezilla|Moonblast|p2a: PAPER MOTH\n|-resisted|p2a: PAPER MOTH\n|-damage|p2a: PAPER MOTH|53\/100 par\n|\n|upkeep\n|turn|25\n|c|\u2606moniika|telling u dude\n|c|\u2606johnspicy8|unless of course that happens\n|\n|t:|1700500059\n|move|p2a: PAPER MOTH|Fiery Dance|p1a: Beezilla\n|-supereffective|p1a: Beezilla\n|-damage|p1a: Beezilla|0 fnt\n|faint|p1a: Beezilla\n|\n|upkeep\n|\n|t:|1700500064\n|switch|p1a: dingus|Ditto, shiny|100\/100\n|-transform|p1a: dingus|p2a: PAPER MOTH|[from] ability: Imposter\n|turn|26\n|c|\u2606johnspicy8|bitch\n|c|\u2606moniika|save me yuta\n|\n|t:|1700500079\n|move|p1a: dingus|Fiery Dance|p2a: PAPER MOTH\n|-damage|p2a: PAPER MOTH|13\/100 par\n|cant|p2a: PAPER MOTH|par\n|\n|upkeep\n|turn|27\n|c|\u2606johnspicy8|ditto should be banned tbh\n|c|\u2606moniika|bee wins\n|\n|t:|1700500090\n|move|p1a: dingus|Fiery Dance|p2a: PAPER MOTH\n|-damage|p2a: PAPER MOTH|0 fnt\n|faint|p2a: PAPER MOTH\n|\n|win|moniika\n|c|\u2606moniika|lol\n|c|\u2606moniika|it counters ag mrayquaza\n","uploadtime":1700500110,"views":3,"p1id":"moniika","p2id":"johnspicy8","formatid":"gen9nationaldex","rating":0,"private":0,"password":""}