{"id":"gen9nationaldex-1995877441","p1":"Eduzin_BR","p2":"Planningtorock","format":"[Gen 9] National Dex","log":"|html|<div class=\"broadcast-blue\"><strong>[Gen 9] National Dex is currently suspecting Sneasler! For information on how to participate check out the <a href=\"https:\/\/www.smogon.com\/forums\/threads\/sv-national-dex-suspect-8-just-dance.3731534\/\">suspect thread<\/a>.<\/strong><\/div>\n|j|\u2606Eduzin_BR\n|j|\u2606Planningtorock\n|t:|1700612597\n|gametype|singles\n|player|p1|Eduzin_BR|wallace|1000\n|player|p2|Planningtorock|ruinmaniac|1079\n|teamsize|p1|6\n|teamsize|p2|6\n|gen|9\n|tier|[Gen 9] National Dex\n|rated|\n|rule|HP Percentage Mod: HP is shown in percentages\n|rule|Endless Battle Clause: Forcing endless battles is banned\n|rule|OHKO Clause: OHKO moves are banned\n|rule|Evasion Clause: Evasion abilities, items, and moves are banned\n|rule|Evasion Abilities Clause: Evasion abilities are banned\n|rule|Evasion Items Clause: Evasion items are banned\n|rule|Evasion Moves Clause: Evasion moves are banned\n|rule|Species Clause: Limit one of each Pok\u00e9mon\n|rule|Sleep Clause Mod: Limit one foe put to sleep\n|clearpoke\n|poke|p1|Obstagoon, M|\n|poke|p1|Scizor, M|\n|poke|p1|Garchomp, M|\n|poke|p1|Mimikyu, F|\n|poke|p1|Urshifu-*, M|\n|poke|p1|Clodsire, M|\n|poke|p2|Greedent, M|\n|poke|p2|Coalossal, F|\n|poke|p2|Toxtricity, M|\n|poke|p2|Polteageist|\n|poke|p2|Hatterene, F|\n|poke|p2|Eldegoss, F|\n|teampreview\n|inactive|Battle timer is ON: inactive players will automatically lose when time's up. (requested by Planningtorock)\n|inactive|Eduzin_BR also wants the timer to be on.\n|\n|t:|1700612616\n|start\n|switch|p1a: Clodsire|Clodsire, M|100\/100\n|switch|p2a: Coalossal|Coalossal, F|100\/100\n|turn|1\n|\n|t:|1700612629\n|move|p2a: Coalossal|Stealth Rock|p1a: Clodsire\n|-sidestart|p1: Eduzin_BR|move: Stealth Rock\n|move|p1a: Clodsire|Earthquake|p2a: Coalossal\n|-supereffective|p2a: Coalossal\n|-damage|p2a: Coalossal|0 fnt\n|faint|p2a: Coalossal\n|\n|upkeep\n|\n|t:|1700612642\n|switch|p2a: Polteageist|Polteageist|100\/100\n|turn|2\n|\n|t:|1700612651\n|move|p2a: Polteageist|Shell Smash|p2a: Polteageist\n|-unboost|p2a: Polteageist|def|1\n|-unboost|p2a: Polteageist|spd|1\n|-boost|p2a: Polteageist|atk|2\n|-boost|p2a: Polteageist|spa|2\n|-boost|p2a: Polteageist|spe|2\n|-enditem|p2a: Polteageist|White Herb\n|-clearnegativeboost|p2a: Polteageist|[silent]\n|move|p1a: Clodsire|Earthquake|p2a: Polteageist\n|-damage|p2a: Polteageist|22\/100\n|-ability|p2a: Polteageist|Weak Armor|boost\n|-unboost|p2a: Polteageist|def|1\n|-boost|p2a: Polteageist|spe|2\n|\n|upkeep\n|turn|3\n|\n|t:|1700612665\n|switch|p1a: Obstagoon|Obstagoon, M, shiny|100\/100\n|-damage|p1a: Obstagoon|88\/100|[from] Stealth Rock\n|move|p2a: Polteageist|Strength Sap|p1a: Obstagoon\n|-unboost|p1a: Obstagoon|atk|1\n|-ability|p1a: Obstagoon|Defiant|boost\n|-boost|p1a: Obstagoon|atk|2\n|-heal|p2a: Polteageist|100\/100\n|\n|upkeep\n|turn|4\n|\n|t:|1700612678\n|move|p2a: Polteageist|Giga Drain|p1a: Obstagoon\n|-damage|p1a: Obstagoon|19\/100\n|move|p1a: Obstagoon|Knock Off|p2a: Polteageist\n|-supereffective|p2a: Polteageist\n|-damage|p2a: Polteageist|0 fnt\n|faint|p2a: Polteageist\n|\n|upkeep\n|\n|t:|1700612688\n|switch|p2a: Eldegoss|Eldegoss, F|100\/100\n|turn|5\n|\n|t:|1700612695\n|move|p1a: Obstagoon|Obstruct|p1a: Obstagoon\n|-singleturn|p1a: Obstagoon|Protect\n|move|p2a: Eldegoss|Rapid Spin|p1a: Obstagoon\n|-activate|p1a: Obstagoon|move: Protect\n|-unboost|p2a: Eldegoss|def|2\n|\n|upkeep\n|turn|6\n|\n|t:|1700612706\n|move|p1a: Obstagoon|Knock Off|p2a: Eldegoss\n|-damage|p2a: Eldegoss|2\/100\n|-enditem|p2a: Eldegoss|Heavy-Duty Boots|[from] move: Knock Off|[of] p1a: Obstagoon\n|move|p2a: Eldegoss|Rapid Spin|p1a: Obstagoon\n|-damage|p1a: Obstagoon|12\/100\n|-boost|p2a: Eldegoss|spe|1\n|\n|upkeep\n|turn|7\n|\n|t:|1700612716\n|move|p1a: Obstagoon|Obstruct|p1a: Obstagoon\n|-singleturn|p1a: Obstagoon|Protect\n|move|p2a: Eldegoss|Giga Drain|p1a: Obstagoon\n|-activate|p1a: Obstagoon|move: Protect\n|\n|upkeep\n|turn|8\n|\n|t:|1700612731\n|move|p1a: Obstagoon|Bulk Up|p1a: Obstagoon\n|-boost|p1a: Obstagoon|atk|1\n|-boost|p1a: Obstagoon|def|1\n|move|p2a: Eldegoss|Giga Drain|p1a: Obstagoon\n|-damage|p1a: Obstagoon|0 fnt\n|-heal|p2a: Eldegoss|9\/100|[from] drain|[of] p1a: Obstagoon\n|faint|p1a: Obstagoon\n|\n|upkeep\n|\n|t:|1700612742\n|switch|p1a: Scizor|Scizor, M, shiny|100\/100\n|-damage|p1a: Scizor|88\/100|[from] Stealth Rock\n|turn|9\n|\n|t:|1700612752\n|switch|p2a: Toxtricity|Toxtricity, M|100\/100\n|move|p1a: Scizor|Bullet Punch|p2a: Toxtricity\n|-resisted|p2a: Toxtricity\n|-damage|p2a: Toxtricity|82\/100\n|\n|upkeep\n|turn|10\n|\n|t:|1700612759\n|detailschange|p1a: Scizor|Scizor-Mega, M, shiny\n|-mega|p1a: Scizor|Scizor|Scizorite\n|move|p2a: Toxtricity|Sludge Bomb|p1a: Scizor\n|-immune|p1a: Scizor\n|move|p1a: Scizor|Swords Dance|p1a: Scizor\n|-boost|p1a: Scizor|atk|2\n|\n|upkeep\n|turn|11\n|-message|Planningtorock forfeited.\n|\n|win|Eduzin_BR\n|raw|Eduzin_BR's rating: 1000 &rarr; <strong>1049<\/strong><br \/>(+49 for winning)\n|raw|Planningtorock's rating: 1079 &rarr; <strong>1052<\/strong><br \/>(-27 for losing)\n|l|\u2606Planningtorock\n","uploadtime":1700612772,"views":1,"p1id":"eduzinbr","p2id":"planningtorock","formatid":"gen9nationaldex","rating":1049,"private":0,"password":""}