{"id":"gen9nationaldex-1999842881","p1":"SylfDream","p2":"VicoSenpai","format":"[Gen 9] National Dex","log":"|html|<div class=\"broadcast-blue\"><strong>[Gen 9] National Dex is currently suspecting Sneasler! For information on how to participate check out the <a href=\"https:\/\/www.smogon.com\/forums\/threads\/sv-national-dex-suspect-8-just-dance.3731534\/\">suspect thread<\/a>.<\/strong><\/div>\n|j|\u2606SylfDream\n|j|\u2606VicoSenpai\n|t:|1701121915\n|gametype|singles\n|player|p1|SylfDream|cogita|1206\n|player|p2|VicoSenpai|lana|1320\n|teamsize|p1|6\n|teamsize|p2|6\n|gen|9\n|tier|[Gen 9] National Dex\n|rated|\n|rule|HP Percentage Mod: HP is shown in percentages\n|rule|Endless Battle Clause: Forcing endless battles is banned\n|rule|OHKO Clause: OHKO moves are banned\n|rule|Evasion Clause: Evasion abilities, items, and moves are banned\n|rule|Evasion Abilities Clause: Evasion abilities are banned\n|rule|Evasion Items Clause: Evasion items are banned\n|rule|Evasion Moves Clause: Evasion moves are banned\n|rule|Species Clause: Limit one of each Pok\u00e9mon\n|rule|Sleep Clause Mod: Limit one foe put to sleep\n|clearpoke\n|poke|p1|Ninetales-Alola, M|\n|poke|p1|Kyurem|\n|poke|p1|Rillaboom, M|\n|poke|p1|Magnezone|\n|poke|p1|Great Tusk|\n|poke|p1|Slowking-Galar, M|\n|poke|p2|Zeraora|\n|poke|p2|Kyurem|\n|poke|p2|Glimmora, M|\n|poke|p2|Scizor, M|\n|poke|p2|Heatran, M|\n|poke|p2|Kommo-o, F|\n|teampreview\n|inactive|Battle timer is ON: inactive players will automatically lose when time's up. (requested by VicoSenpai)\n|\n|t:|1701121922\n|start\n|switch|p1a: Ninetales|Ninetales-Alola, M|100\/100\n|switch|p2a: Scizor|Scizor, M|100\/100\n|-weather|Snow|[from] ability: Snow Warning|[of] p1a: Ninetales\n|turn|1\n|\n|t:|1701121933\n|switch|p1a: Magnezone|Magnezone|100\/100\n|detailschange|p2a: Scizor|Scizor-Mega, M\n|-mega|p2a: Scizor|Scizor|Scizorite\n|move|p2a: Scizor|Bullet Punch|p1a: Magnezone\n|-resisted|p1a: Magnezone\n|-damage|p1a: Magnezone|94\/100\n|\n|-weather|Snow|[upkeep]\n|upkeep\n|turn|2\n|\n|t:|1701121941\n|move|p2a: Scizor|U-turn|p1a: Magnezone\n|-resisted|p1a: Magnezone\n|-damage|p1a: Magnezone|78\/100\n|\n|t:|1701121951\n|switch|p2a: Zeraora|Zeraora, shiny|100\/100|[from] U-turn\n|move|p1a: Magnezone|Hidden Power|p2a: Zeraora\n|-damage|p2a: Zeraora|70\/100\n|\n|-weather|Snow|[upkeep]\n|upkeep\n|turn|3\n|\n|t:|1701121959\n|switch|p1a: Slowking|Slowking-Galar, M|100\/100\n|move|p2a: Zeraora|Close Combat|p1a: Slowking\n|-resisted|p1a: Slowking\n|-damage|p1a: Slowking|91\/100\n|-unboost|p2a: Zeraora|def|1\n|-unboost|p2a: Zeraora|spd|1\n|-enditem|p2a: Zeraora|Eject Pack\n|\n|t:|1701121968\n|switch|p2a: Glimmora|Glimmora, M|100\/100\n|\n|-weather|Snow|[upkeep]\n|upkeep\n|turn|4\n|\n|t:|1701121973\n|move|p2a: Glimmora|Stealth Rock|p1a: Slowking\n|-sidestart|p1: SylfDream|move: Stealth Rock\n|move|p1a: Slowking|Future Sight|p2a: Glimmora\n|-start|p1a: Slowking|move: Future Sight\n|\n|-weather|Snow|[upkeep]\n|upkeep\n|turn|5\n|\n|t:|1701121978\n|move|p2a: Glimmora|Earth Power|p1a: Slowking\n|-supereffective|p1a: Slowking\n|-damage|p1a: Slowking|52\/100\n|move|p1a: Slowking|Sludge Bomb|p2a: Glimmora\n|-resisted|p2a: Glimmora\n|-damage|p2a: Glimmora|90\/100\n|\n|-weather|none\n|upkeep\n|turn|6\n|\n|t:|1701121984\n|move|p2a: Glimmora|Earth Power|p1a: Slowking\n|-supereffective|p1a: Slowking\n|-damage|p1a: Slowking|13\/100\n|move|p1a: Slowking|Chilly Reception|p1a: Slowking\n|-weather|Snow\n|\n|t:|1701121990\n|switch|p1a: Great Tusk|Great Tusk|100\/100|[from] Chilly Reception\n|\n|-weather|Snow|[upkeep]\n|-end|p2a: Glimmora|move: Future Sight\n|-supereffective|p2a: Glimmora\n|-damage|p2a: Glimmora|0 fnt\n|faint|p2a: Glimmora\n|upkeep\n|\n|t:|1701121998\n|switch|p2a: Zeraora|Zeraora, shiny|70\/100\n|turn|7\n|\n|t:|1701122002\n|-terastallize|p2a: Zeraora|Flying\n|move|p2a: Zeraora|Acrobatics|p1a: Great Tusk\n|-supereffective|p1a: Great Tusk\n|-damage|p1a: Great Tusk|20\/100\n|move|p1a: Great Tusk|Rapid Spin|p2a: Zeraora\n|-damage|p2a: Zeraora|46\/100\n|-boost|p1a: Great Tusk|spe|1\n|-sideend|p1: SylfDream|Stealth Rock|[from] move: Rapid Spin|[of] p1a: Great Tusk\n|\n|-weather|Snow|[upkeep]\n|upkeep\n|turn|8\n|\n|t:|1701122011\n|move|p1a: Great Tusk|Ice Spinner|p2a: Zeraora\n|-supereffective|p2a: Zeraora\n|-damage|p2a: Zeraora|0 fnt\n|faint|p2a: Zeraora\n|\n|-weather|Snow|[upkeep]\n|upkeep\n|\n|t:|1701122020\n|switch|p2a: Scizor|Scizor-Mega, M|100\/100\n|turn|9\n|\n|t:|1701122025\n|move|p2a: Scizor|Bullet Punch|p1a: Great Tusk\n|-damage|p1a: Great Tusk|0 fnt\n|faint|p1a: Great Tusk\n|-end|p1a: Great Tusk|Protosynthesis|[silent]\n|\n|-weather|Snow|[upkeep]\n|upkeep\n|\n|t:|1701122046\n|switch|p1a: Ninetales|Ninetales-Alola, M|100\/100\n|turn|10\n|\n|t:|1701122050\n|-terastallize|p1a: Ninetales|Steel\n|move|p2a: Scizor|Bullet Punch|p1a: Ninetales\n|-resisted|p1a: Ninetales\n|-damage|p1a: Ninetales|78\/100\n|move|p1a: Ninetales|Aurora Veil|p1a: Ninetales\n|-sidestart|p1: SylfDream|move: Aurora Veil\n|\n|-weather|none\n|upkeep\n|turn|11\n|c|\u2606VicoSenpai|well played\n|\n|t:|1701122064\n|switch|p1a: Magnezone|Magnezone|78\/100\n|move|p2a: Scizor|Swords Dance|p2a: Scizor\n|-boost|p2a: Scizor|atk|2\n|\n|upkeep\n|turn|12\n|\n|t:|1701122077\n|move|p2a: Scizor|U-turn|p1a: Magnezone\n|-resisted|p1a: Magnezone\n|-damage|p1a: Magnezone|63\/100\n|\n|t:|1701122080\n|switch|p2a: Heatran|Heatran, M|100\/100|[from] U-turn\n|move|p1a: Magnezone|Volt Switch|p2a: Heatran\n|-damage|p2a: Heatran|61\/100\n|\n|t:|1701122104\n|switch|p1a: Rillaboom|Rillaboom, M|100\/100|[from] Volt Switch\n|-fieldstart|move: Grassy Terrain|[from] ability: Grassy Surge|[of] p1a: Rillaboom\n|\n|-heal|p2a: Heatran|67\/100|[from] Grassy Terrain\n|upkeep\n|turn|13\n|\n|t:|1701122117\n|move|p2a: Heatran|Magma Storm|p1a: Rillaboom\n|-supereffective|p1a: Rillaboom\n|-damage|p1a: Rillaboom|26\/100\n|-activate|p1a: Rillaboom|move: Magma Storm|[of] p2a: Heatran\n|move|p1a: Rillaboom|Knock Off|p2a: Heatran\n|-damage|p2a: Heatran|23\/100\n|-enditem|p2a: Heatran|Choice Scarf|[from] move: Knock Off|[of] p1a: Rillaboom\n|-damage|p1a: Rillaboom|16\/100|[from] item: Life Orb\n|\n|-heal|p1a: Rillaboom|22\/100|[from] Grassy Terrain\n|-heal|p2a: Heatran|29\/100|[from] Grassy Terrain\n|-damage|p1a: Rillaboom|10\/100|[from] move: Magma Storm|[partiallytrapped]\n|upkeep\n|turn|14\n|c|\u2606SylfDream|damn my team does not do well with heatran\n|\n|t:|1701122128\n|move|p1a: Rillaboom|Grassy Glide|p2a: Heatran\n|-resisted|p2a: Heatran\n|-damage|p2a: Heatran|17\/100\n|-damage|p1a: Rillaboom|0 fnt|[from] item: Life Orb\n|faint|p1a: Rillaboom\n|move|p2a: Heatran|Magma Storm|p1: Rillaboom|[notarget]\n|-fail|p2a: Heatran\n|\n|-heal|p2a: Heatran|23\/100|[from] Grassy Terrain\n|upkeep\n|\n|t:|1701122134\n|switch|p1a: Magnezone|Magnezone|63\/100\n|turn|15\n|c|\u2606VicoSenpai|ye\n|c|\u2606VicoSenpai|hes a big boi\n|c|\u2606VicoSenpai|and a problematic one at that\n|\n|t:|1701122147\n|move|p2a: Heatran|Magma Storm|p1a: Magnezone|[miss]\n|-miss|p2a: Heatran|p1a: Magnezone\n|move|p1a: Magnezone|Thunderbolt|p2a: Heatran\n|-damage|p2a: Heatran|0 fnt\n|faint|p2a: Heatran\n|\n|-heal|p1a: Magnezone|69\/100|[from] Grassy Terrain\n|upkeep\n|c|\u2606SylfDream|lmao fr\n|c|\u2606VicoSenpai|FUCK\n|c|\u2606SylfDream|my bad\n|c|\u2606VicoSenpai|HEATRAN YOU HAD ONE FUCKING JOB\n|c|\u2606VicoSenpai|its okay\n|c|\u2606SylfDream|lmao\n|\n|t:|1701122165\n|switch|p2a: Kommo-o|Kommo-o, F|100\/100\n|turn|16\n|\n|t:|1701122170\n|move|p2a: Kommo-o|Clangorous Soul|p2a: Kommo-o\n|-boost|p2a: Kommo-o|atk|1\n|-boost|p2a: Kommo-o|def|1\n|-boost|p2a: Kommo-o|spa|1\n|-boost|p2a: Kommo-o|spd|1\n|-boost|p2a: Kommo-o|spe|1\n|-damage|p2a: Kommo-o|68\/100\n|-enditem|p2a: Kommo-o|Throat Spray\n|-boost|p2a: Kommo-o|spa|1|[from] item: Throat Spray\n|move|p1a: Magnezone|Volt Switch|p2a: Kommo-o\n|-resisted|p2a: Kommo-o\n|-damage|p2a: Kommo-o|52\/100\n|\n|t:|1701122173\n|switch|p1a: Ninetales|Ninetales-Alola, M, tera:Steel|78\/100|[from] Volt Switch\n|-weather|Snow|[from] ability: Snow Warning|[of] p1a: Ninetales\n|\n|-weather|Snow|[upkeep]\n|-heal|p2a: Kommo-o|58\/100|[from] Grassy Terrain\n|-heal|p1a: Ninetales|83\/100|[from] Grassy Terrain\n|-fieldend|move: Grassy Terrain\n|upkeep\n|turn|17\n|\n|t:|1701122188\n|move|p2a: Kommo-o|Flamethrower|p1a: Ninetales\n|-supereffective|p1a: Ninetales\n|-damage|p1a: Ninetales|27\/100\n|move|p1a: Ninetales|Moonblast|p2a: Kommo-o\n|-supereffective|p2a: Kommo-o\n|-damage|p2a: Kommo-o|0 fnt\n|faint|p2a: Kommo-o\n|\n|-weather|Snow|[upkeep]\n|-sideend|p1: SylfDream|move: Aurora Veil\n|upkeep\n|c|\u2606VicoSenpai|fck\n|\n|t:|1701122196\n|switch|p2a: Kyurem|Kyurem|100\/100\n|-ability|p2a: Kyurem|Pressure\n|turn|18\n|\n|t:|1701122201\n|move|p2a: Kyurem|Earth Power|p1a: Ninetales\n|-supereffective|p1a: Ninetales\n|-damage|p1a: Ninetales|0 fnt\n|faint|p1a: Ninetales\n|\n|-weather|Snow|[upkeep]\n|upkeep\n|\n|t:|1701122204\n|switch|p1a: Kyurem|Kyurem|100\/100\n|-ability|p1a: Kyurem|Pressure\n|turn|19\n|\n|t:|1701122209\n|switch|p2a: Scizor|Scizor-Mega, M|100\/100\n|move|p1a: Kyurem|Dragon Dance|p1a: Kyurem\n|-boost|p1a: Kyurem|atk|1\n|-boost|p1a: Kyurem|spe|1\n|\n|-weather|Snow|[upkeep]\n|upkeep\n|turn|20\n|\n|t:|1701122222\n|switch|p1a: Slowking|Slowking-Galar, M|46\/100\n|move|p2a: Scizor|Swords Dance|p2a: Scizor\n|-boost|p2a: Scizor|atk|2\n|\n|-weather|none\n|upkeep\n|turn|21\n|\n|t:|1701122229\n|move|p2a: Scizor|Bullet Punch|p1a: Slowking\n|-damage|p1a: Slowking|0 fnt\n|faint|p1a: Slowking\n|\n|upkeep\n|\n|t:|1701122232\n|switch|p1a: Magnezone|Magnezone|69\/100\n|turn|22\n|\n|t:|1701122236\n|move|p2a: Scizor|Bullet Punch|p1a: Magnezone\n|-resisted|p1a: Magnezone\n|-damage|p1a: Magnezone|56\/100\n|move|p1a: Magnezone|Hidden Power|p2a: Scizor\n|-supereffective|p2a: Scizor\n|-damage|p2a: Scizor|14\/100\n|\n|upkeep\n|turn|23\n|c|\u2606VicoSenpai|fuck that did absolute jackshit\n|\n|t:|1701122251\n|move|p2a: Scizor|U-turn|p1a: Magnezone\n|-resisted|p1a: Magnezone\n|-damage|p1a: Magnezone|28\/100\n|\n|t:|1701122254\n|switch|p2a: Kyurem|Kyurem|100\/100|[from] U-turn\n|-ability|p2a: Kyurem|Pressure\n|move|p1a: Magnezone|Volt Switch|p2a: Kyurem\n|-resisted|p2a: Kyurem\n|-damage|p2a: Kyurem|81\/100\n|\n|t:|1701122261\n|switch|p1a: Kyurem|Kyurem|100\/100|[from] Volt Switch\n|-ability|p1a: Kyurem|Pressure\n|\n|upkeep\n|turn|24\n|\n|t:|1701122265\n|move|p2a: Kyurem|Draco Meteor|p1a: Kyurem\n|-supereffective|p1a: Kyurem\n|-damage|p1a: Kyurem|0 fnt\n|-unboost|p2a: Kyurem|spa|2\n|faint|p1a: Kyurem\n|\n|upkeep\n|\n|t:|1701122268\n|switch|p1a: Magnezone|Magnezone|28\/100\n|turn|25\n|\n|t:|1701122271\n|switch|p2a: Scizor|Scizor-Mega, M|14\/100\n|move|p1a: Magnezone|Flash Cannon|p2a: Scizor\n|-resisted|p2a: Scizor\n|-damage|p2a: Scizor|0 fnt\n|faint|p2a: Scizor\n|\n|upkeep\n|c|\u2606VicoSenpai|i might be goated\n|\n|t:|1701122279\n|switch|p2a: Kyurem|Kyurem|81\/100\n|-ability|p2a: Kyurem|Pressure\n|turn|26\n|c|\u2606SylfDream|lmao\n|c|\u2606VicoSenpai|wait... I'm goated ?\n|\n|t:|1701122290\n|move|p2a: Kyurem|Earth Power|p1a: Magnezone\n|-supereffective|p1a: Magnezone\n|-damage|p1a: Magnezone|0 fnt\n|faint|p1a: Magnezone\n|\n|win|VicoSenpai\n|raw|SylfDream's rating: 1206 &rarr; <strong>1189<\/strong><br \/>(-17 for losing)\n|raw|VicoSenpai's rating: 1320 &rarr; <strong>1334<\/strong><br \/>(+14 for winning)\n|c|\u2606VicoSenpai|ggs man\n|c|\u2606SylfDream|fo sho\n|c|\u2606SylfDream|ggs\n|c|\u2606VicoSenpai|thx for putting up w ma bs\n|c|\u2606SylfDream|lmao\n|l|\u2606SylfDream\n","uploadtime":1701122159,"views":1,"p1id":"sylfdream","p2id":"vicosenpai","formatid":"gen9nationaldex","rating":1189,"private":0,"password":""}