{"id":"gen9nationaldex-1988468898","p1":"Maka_bae","p2":"mxtbog","format":"[Gen 9] National Dex","log":"|j|\u203dMaka_bae\n|j|\u2606mxtbog\n|t:|1699726219\n|gametype|singles\n|player|p1|Maka_bae|101|1168\n|player|p2|mxtbog|preschooler|1295\n|teamsize|p1|6\n|teamsize|p2|6\n|gen|9\n|tier|[Gen 9] National Dex\n|rated|\n|rule|HP Percentage Mod: HP is shown in percentages\n|rule|Endless Battle Clause: Forcing endless battles is banned\n|rule|OHKO Clause: OHKO moves are banned\n|rule|Evasion Clause: Evasion abilities, items, and moves are banned\n|rule|Evasion Abilities Clause: Evasion abilities are banned\n|rule|Evasion Items Clause: Evasion items are banned\n|rule|Evasion Moves Clause: Evasion moves are banned\n|rule|Species Clause: Limit one of each Pok\u00e9mon\n|rule|Sleep Clause Mod: Limit one foe put to sleep\n|clearpoke\n|poke|p1|Chansey, F|\n|poke|p1|Iron Valiant|\n|poke|p1|Tapu Koko|\n|poke|p1|Scizor, F|\n|poke|p1|Blaziken, F|\n|poke|p1|Ferrothorn, M|\n|poke|p2|Toucannon, F|\n|poke|p2|Dragonite, F|\n|poke|p2|Toxapex, F|\n|poke|p2|Greninja-*, M|\n|poke|p2|Great Tusk|\n|poke|p2|Mawile, F|\n|teampreview\n|inactive|Battle timer is ON: inactive players will automatically lose when time's up. (requested by Maka_bae)\n|\n|t:|1699726237\n|start\n|switch|p1a: Ferrothorn|Ferrothorn, M|100\/100\n|switch|p2a: Mawile|Mawile, F|100\/100\n|-ability|p2a: Mawile|Intimidate|boost\n|-unboost|p1a: Ferrothorn|atk|1\n|turn|1\n|\n|t:|1699726248\n|detailschange|p2a: Mawile|Mawile-Mega, F\n|-mega|p2a: Mawile|Mawile|Mawilite\n|move|p2a: Mawile|Fire Fang|p1a: Ferrothorn\n|-supereffective|p1a: Ferrothorn\n|-damage|p1a: Ferrothorn|4\/100\n|-damage|p2a: Mawile|88\/100|[from] ability: Iron Barbs|[of] p1a: Ferrothorn\n|-damage|p2a: Mawile|72\/100|[from] item: Rocky Helmet|[of] p1a: Ferrothorn\n|move|p1a: Ferrothorn|Leech Seed|p2a: Mawile\n|-start|p2a: Mawile|move: Leech Seed\n|\n|-damage|p2a: Mawile|60\/100|[from] Leech Seed|[of] p1a: Ferrothorn\n|-heal|p1a: Ferrothorn|12\/100|[silent]\n|upkeep\n|turn|2\n|\n|t:|1699726260\n|switch|p2a: Great Tusk|Great Tusk|100\/100\n|move|p1a: Ferrothorn|Stealth Rock|p2a: Great Tusk\n|-sidestart|p2: mxtbog|move: Stealth Rock\n|\n|upkeep\n|turn|3\n|\n|t:|1699726279\n|move|p2a: Great Tusk|Stealth Rock|p1a: Ferrothorn\n|-sidestart|p1: Maka_bae|move: Stealth Rock\n|move|p1a: Ferrothorn|Leech Seed|p2a: Great Tusk|[miss]\n|-miss|p1a: Ferrothorn|p2a: Great Tusk\n|\n|upkeep\n|turn|4\n|\n|t:|1699726292\n|move|p2a: Great Tusk|Rapid Spin|p1a: Ferrothorn\n|-resisted|p1a: Ferrothorn\n|-damage|p1a: Ferrothorn|7\/100\n|-boost|p2a: Great Tusk|spe|1\n|-damage|p2a: Great Tusk|88\/100|[from] ability: Iron Barbs|[of] p1a: Ferrothorn\n|-damage|p2a: Great Tusk|72\/100|[from] item: Rocky Helmet|[of] p1a: Ferrothorn\n|-sideend|p2: mxtbog|Stealth Rock|[from] move: Rapid Spin|[of] p2a: Great Tusk\n|move|p1a: Ferrothorn|Knock Off|p2a: Great Tusk\n|-resisted|p2a: Great Tusk\n|-damage|p2a: Great Tusk|66\/100\n|-enditem|p2a: Great Tusk|Leftovers|[from] move: Knock Off|[of] p1a: Ferrothorn\n|\n|upkeep\n|turn|5\n|\n|t:|1699726304\n|move|p2a: Great Tusk|Close Combat|p1a: Ferrothorn\n|-supereffective|p1a: Ferrothorn\n|-damage|p1a: Ferrothorn|0 fnt\n|-unboost|p2a: Great Tusk|def|1\n|-unboost|p2a: Great Tusk|spd|1\n|-damage|p2a: Great Tusk|54\/100|[from] ability: Iron Barbs|[of] p1a: Ferrothorn\n|-damage|p2a: Great Tusk|37\/100|[from] item: Rocky Helmet|[of] p1a: Ferrothorn\n|faint|p1a: Ferrothorn\n|\n|upkeep\n|\n|t:|1699726315\n|switch|p1a: Tapu Koko|Tapu Koko|100\/100\n|-fieldstart|move: Electric Terrain|[from] ability: Electric Surge|[of] p1a: Tapu Koko\n|turn|6\n|\n|t:|1699726323\n|move|p2a: Great Tusk|Headlong Rush|p1a: Tapu Koko\n|-supereffective|p1a: Tapu Koko\n|-damage|p1a: Tapu Koko|0 fnt\n|-unboost|p2a: Great Tusk|def|1\n|-unboost|p2a: Great Tusk|spd|1\n|faint|p1a: Tapu Koko\n|\n|upkeep\n|\n|t:|1699726330\n|switch|p1a: Iron Valiant|Iron Valiant|100\/100\n|-damage|p1a: Iron Valiant|94\/100|[from] Stealth Rock\n|-activate|p1a: Iron Valiant|ability: Quark Drive\n|-start|p1a: Iron Valiant|quarkdrivespe\n|turn|7\n|\n|t:|1699726337\n|move|p1a: Iron Valiant|Moonblast|p2a: Great Tusk\n|-supereffective|p2a: Great Tusk\n|-damage|p2a: Great Tusk|0 fnt\n|faint|p2a: Great Tusk\n|-end|p2a: Great Tusk|Protosynthesis|[silent]\n|-damage|p1a: Iron Valiant|85\/100|[from] item: Life Orb\n|\n|upkeep\n|\n|t:|1699726351\n|switch|p2a: Dragonite|Dragonite, F|100\/100\n|turn|8\n|\n|t:|1699726356\n|-terastallize|p1a: Iron Valiant|Fairy\n|-terastallize|p2a: Dragonite|Normal\n|move|p1a: Iron Valiant|Moonblast|p2a: Dragonite\n|-damage|p2a: Dragonite|58\/100\n|-damage|p1a: Iron Valiant|75\/100|[from] item: Life Orb\n|move|p2a: Dragonite|Dragon Dance|p2a: Dragonite\n|-boost|p2a: Dragonite|atk|1\n|-boost|p2a: Dragonite|spe|1\n|\n|upkeep\n|turn|9\n|\n|t:|1699726367\n|move|p2a: Dragonite|Extreme Speed|p1a: Iron Valiant\n|-damage|p1a: Iron Valiant|0 fnt\n|faint|p1a: Iron Valiant\n|-end|p1a: Iron Valiant|Quark Drive|[silent]\n|\n|upkeep\n|-message|Maka_bae forfeited.\n|\n|win|mxtbog\n|raw|Maka_bae's rating: 1168 &rarr; <strong>1152<\/strong><br \/>(-16 for losing)\n|raw|mxtbog's rating: 1295 &rarr; <strong>1311<\/strong><br \/>(+16 for winning)\n|l|\u203dMaka_bae\n","uploadtime":1699726388,"views":4,"p1id":"makabae","p2id":"mxtbog","formatid":"gen9nationaldex","rating":1152,"private":0,"password":""}