{"id":"gen9nationaldex-1992768361","p1":"C00l_skeleton69","p2":"Nekromanta","format":"[Gen 9] National Dex","log":"|j|\u2606C00l_skeleton69\n|j|\u2606Nekromanta\n|t:|1700233746\n|gametype|singles\n|player|p1|C00l_skeleton69|bugcatcher-gen4dp|1047\n|player|p2|Nekromanta|ghetsis|1000\n|teamsize|p1|6\n|teamsize|p2|6\n|gen|9\n|tier|[Gen 9] National Dex\n|rated|\n|rule|HP Percentage Mod: HP is shown in percentages\n|rule|Endless Battle Clause: Forcing endless battles is banned\n|rule|OHKO Clause: OHKO moves are banned\n|rule|Evasion Clause: Evasion abilities, items, and moves are banned\n|rule|Evasion Abilities Clause: Evasion abilities are banned\n|rule|Evasion Items Clause: Evasion items are banned\n|rule|Evasion Moves Clause: Evasion moves are banned\n|rule|Species Clause: Limit one of each Pok\u00e9mon\n|rule|Sleep Clause Mod: Limit one foe put to sleep\n|clearpoke\n|poke|p1|Chatot, M|\n|poke|p1|Lurantis, F|\n|poke|p1|Torkoal, M|\n|poke|p1|Skarmory, F|\n|poke|p1|Ledian, M|\n|poke|p1|Relicanth, M|\n|poke|p2|Chandelure, M|\n|poke|p2|Ceruledge, F|\n|poke|p2|Zoroark, M|\n|poke|p2|Tyranitar, M|\n|poke|p2|Hydreigon, M|\n|poke|p2|Spiritomb, M|\n|teampreview\n|inactive|Battle timer is ON: inactive players will automatically lose when time's up. (requested by C00l_skeleton69)\n|\n|t:|1700233773\n|start\n|switch|p1a: Note|Chatot, M|100\/100\n|switch|p2a: Spiritomb|Spiritomb, M, shiny|100\/100\n|-ability|p2a: Spiritomb|Pressure\n|turn|1\n|\n|t:|1700233784\n|move|p1a: Note|Chatter|p2a: Spiritomb\n|-damage|p2a: Spiritomb|62\/100\n|-start|p2a: Spiritomb|confusion\n|-damage|p1a: Note|91\/100|[from] item: Life Orb\n|-activate|p2a: Spiritomb|confusion\n|move|p2a: Spiritomb|Destiny Bond|p2a: Spiritomb\n|-singlemove|p2a: Spiritomb|Destiny Bond\n|\n|-heal|p2a: Spiritomb|68\/100|[from] item: Leftovers\n|upkeep\n|turn|2\n|\n|t:|1700233796\n|-activate|p2a: Spiritomb|confusion\n|move|p2a: Spiritomb|Protect|p2a: Spiritomb\n|-singleturn|p2a: Spiritomb|Protect\n|move|p1a: Note|Nasty Plot|p1a: Note\n|-boost|p1a: Note|spa|2\n|\n|-heal|p2a: Spiritomb|74\/100|[from] item: Leftovers\n|upkeep\n|turn|3\n|\n|t:|1700233806\n|move|p1a: Note|Chatter|p2a: Spiritomb\n|-damage|p2a: Spiritomb|1\/100\n|-damage|p1a: Note|81\/100|[from] item: Life Orb\n|-activate|p2a: Spiritomb|confusion\n|move|p2a: Spiritomb|Destiny Bond|p2a: Spiritomb\n|-singlemove|p2a: Spiritomb|Destiny Bond\n|\n|-heal|p2a: Spiritomb|7\/100|[from] item: Leftovers\n|upkeep\n|turn|4\n|\n|t:|1700233818\n|move|p1a: Note|Nasty Plot|p1a: Note\n|-boost|p1a: Note|spa|2\n|-activate|p2a: Spiritomb|confusion\n|move|p2a: Spiritomb|Destiny Bond||[still]\n|-fail|p2a: Spiritomb\n|\n|-heal|p2a: Spiritomb|13\/100|[from] item: Leftovers\n|upkeep\n|turn|5\n|\n|t:|1700233833\n|move|p1a: Note|Chatter|p2a: Spiritomb\n|-damage|p2a: Spiritomb|0 fnt\n|faint|p2a: Spiritomb\n|-damage|p1a: Note|71\/100|[from] item: Life Orb\n|\n|upkeep\n|\n|t:|1700233846\n|switch|p2a: Tyranitar|Tyranitar, M|100\/100\n|-ability|p2a: Tyranitar|Unnerve\n|turn|6\n|\n|t:|1700233854\n|move|p1a: Note|Chatter|p2a: Tyranitar\n|-resisted|p2a: Tyranitar\n|-damage|p2a: Tyranitar|64\/100\n|-start|p2a: Tyranitar|confusion\n|-damage|p1a: Note|61\/100|[from] item: Life Orb\n|-activate|p2a: Tyranitar|confusion\n|move|p2a: Tyranitar|Dragon Tail|p1a: Note\n|-damage|p1a: Note|16\/100\n|drag|p1a: Smokey Joe|Torkoal, M|100\/100\n|\n|upkeep\n|turn|7\n|\n|t:|1700233873\n|switch|p1a: REAL TIMS!!?!|Skarmory, F|100\/100\n|detailschange|p2a: Tyranitar|Tyranitar-Mega, M\n|-mega|p2a: Tyranitar|Tyranitar|Tyranitarite\n|-weather|Sandstorm|[from] ability: Sand Stream|[of] p2a: Tyranitar\n|-activate|p2a: Tyranitar|confusion\n|move|p2a: Tyranitar|Aqua Tail|p1a: REAL TIMS!!?!\n|-damage|p1a: REAL TIMS!!?!|80\/100\n|\n|-weather|Sandstorm|[upkeep]\n|upkeep\n|turn|8\n|\n|t:|1700233887\n|move|p1a: REAL TIMS!!?!|Toxic|p2a: Tyranitar\n|-status|p2a: Tyranitar|tox\n|-end|p2a: Tyranitar|confusion\n|move|p2a: Tyranitar|Stealth Rock|p1a: REAL TIMS!!?!\n|-sidestart|p1: C00l_skeleton69|move: Stealth Rock\n|\n|-weather|Sandstorm|[upkeep]\n|-damage|p2a: Tyranitar|58\/100 tox|[from] psn\n|upkeep\n|turn|9\n|\n|t:|1700233897\n|move|p1a: REAL TIMS!!?!|Iron Head|p2a: Tyranitar\n|-supereffective|p2a: Tyranitar\n|-damage|p2a: Tyranitar|29\/100 tox\n|move|p2a: Tyranitar|Dragon Tail|p1a: REAL TIMS!!?!\n|-resisted|p1a: REAL TIMS!!?!\n|-damage|p1a: REAL TIMS!!?!|74\/100\n|drag|p1a: Note|Chatot, M|16\/100\n|-damage|p1a: Note|0 fnt|[from] Stealth Rock\n|faint|p1a: Note\n|\n|-weather|Sandstorm|[upkeep]\n|-damage|p2a: Tyranitar|17\/100 tox|[from] psn\n|upkeep\n|\n|t:|1700233914\n|switch|p1a: Killa fish|Relicanth, M|100\/100\n|-damage|p1a: Killa fish|88\/100|[from] Stealth Rock\n|turn|10\n|\n|t:|1700233924\n|move|p1a: Killa fish|Rock Polish|p1a: Killa fish\n|-boost|p1a: Killa fish|spe|2\n|move|p2a: Tyranitar|Aqua Tail|p1a: Killa fish\n|-damage|p1a: Killa fish|60\/100\n|\n|-weather|Sandstorm|[upkeep]\n|-damage|p2a: Tyranitar|0 fnt|[from] psn\n|faint|p2a: Tyranitar\n|upkeep\n|\n|t:|1700233943\n|switch|p2a: Hydreigon|Hydreigon, M, shiny|100\/100\n|turn|11\n|\n|t:|1700233951\n|move|p1a: Killa fish|Head Smash|p2a: Hydreigon\n|-damage|p2a: Hydreigon|0 fnt\n|-damage|p1a: Killa fish|44\/100|[from] item: Rocky Helmet|[of] p2a: Hydreigon\n|replace|p2a: Zoroark|Zoroark, M, shiny\n|-end|p2a: Zoroark|Illusion\n|faint|p2a: Zoroark\n|\n|-weather|none\n|upkeep\n|\n|t:|1700233960\n|switch|p2a: Hydreigon|Hydreigon, M, shiny|100\/100\n|turn|12\n|\n|t:|1700233968\n|move|p1a: Killa fish|Head Smash|p2a: Hydreigon\n|-damage|p2a: Hydreigon|31\/100\n|move|p2a: Hydreigon|Dragon Dance|p2a: Hydreigon\n|-boost|p2a: Hydreigon|atk|1\n|-boost|p2a: Hydreigon|spe|1\n|\n|upkeep\n|turn|13\n|\n|t:|1700233976\n|move|p2a: Hydreigon|Dragon Dance|p2a: Hydreigon\n|-boost|p2a: Hydreigon|atk|1\n|-boost|p2a: Hydreigon|spe|1\n|move|p1a: Killa fish|Head Smash|p2a: Hydreigon\n|-damage|p2a: Hydreigon|0 fnt\n|faint|p2a: Hydreigon\n|\n|upkeep\n|\n|t:|1700233985\n|switch|p2a: Ceruledge|Ceruledge, F|100\/100\n|turn|14\n|\n|t:|1700233994\n|move|p1a: Killa fish|Liquidation|p2a: Ceruledge\n|-supereffective|p2a: Ceruledge\n|-damage|p2a: Ceruledge|9\/100\n|move|p2a: Ceruledge|Night Shade|p1a: Killa fish\n|-damage|p1a: Killa fish|14\/100\n|-enditem|p1a: Killa fish|Aguav Berry|[eat]\n|-heal|p1a: Killa fish|47\/100|[from] item: Aguav Berry\n|\n|-heal|p2a: Ceruledge|15\/100|[from] item: Leftovers\n|upkeep\n|turn|15\n|\n|t:|1700234008\n|move|p1a: Killa fish|Liquidation|p2a: Ceruledge\n|-supereffective|p2a: Ceruledge\n|-damage|p2a: Ceruledge|0 fnt\n|faint|p2a: Ceruledge\n|\n|upkeep\n|\n|t:|1700234014\n|switch|p2a: Chandelure|Chandelure, M, shiny|100\/100\n|turn|16\n|\n|t:|1700234023\n|move|p2a: Chandelure|Protect|p2a: Chandelure\n|-singleturn|p2a: Chandelure|Protect\n|move|p1a: Killa fish|Head Smash|p2a: Chandelure\n|-activate|p2a: Chandelure|move: Protect\n|\n|upkeep\n|turn|17\n|\n|t:|1700234034\n|-terastallize|p1a: Killa fish|Rock\n|move|p2a: Chandelure|Protect||[still]\n|-fail|p2a: Chandelure\n|move|p1a: Killa fish|Head Smash|p2a: Chandelure\n|-supereffective|p2a: Chandelure\n|-damage|p2a: Chandelure|0 fnt\n|faint|p2a: Chandelure\n|\n|win|C00l_skeleton69\n|raw|C00l_skeleton69's rating: 1047 &rarr; <strong>1076<\/strong><br \/>(+29 for winning)\n|raw|Nekromanta's rating: 1000 &rarr; <strong>1000<\/strong><br \/>(+0 for losing)\n","uploadtime":1700234046,"views":6,"p1id":"c00lskeleton69","p2id":"nekromanta","formatid":"gen9nationaldex","rating":1000,"private":0,"password":""}