{"id":"gen9nationaldex-1988192491","p1":"DroopyKid","p2":"yixghcgkoigkckjcc","format":"[Gen 9] National Dex","log":"|j|\u2606DroopyKid\n|j|\u2606yixghcgkoigkckjcc\n|t:|1699682579\n|gametype|singles\n|player|p1|DroopyKid|harlequin|1068\n|player|p2|yixghcgkoigkckjcc|169|1000\n|teamsize|p1|6\n|teamsize|p2|6\n|gen|9\n|tier|[Gen 9] National Dex\n|rated|\n|rule|HP Percentage Mod: HP is shown in percentages\n|rule|Endless Battle Clause: Forcing endless battles is banned\n|rule|OHKO Clause: OHKO moves are banned\n|rule|Evasion Clause: Evasion abilities, items, and moves are banned\n|rule|Evasion Abilities Clause: Evasion abilities are banned\n|rule|Evasion Items Clause: Evasion items are banned\n|rule|Evasion Moves Clause: Evasion moves are banned\n|rule|Species Clause: Limit one of each Pok\u00e9mon\n|rule|Sleep Clause Mod: Limit one foe put to sleep\n|clearpoke\n|poke|p1|Banette, F|\n|poke|p1|Scolipede, M|\n|poke|p1|Gallade, M|\n|poke|p1|Noivern, M|\n|poke|p1|Swampert, M|\n|poke|p1|Blissey, F|\n|poke|p2|Mawile, M|\n|poke|p2|Rabsca, M|\n|poke|p2|Heatran, F|\n|poke|p2|Ferrothorn, F|\n|poke|p2|Garganacl, M|\n|poke|p2|Arbok, M|\n|teampreview\n|inactive|Battle timer is ON: inactive players will automatically lose when time's up. (requested by yixghcgkoigkckjcc)\n|\n|t:|1699682599\n|start\n|switch|p1a: Swampert|Swampert, M|100\/100\n|switch|p2a: Ferrothorn|Ferrothorn, F|100\/100\n|turn|1\n|\n|t:|1699682608\n|-terastallize|p1a: Swampert|Ice\n|move|p2a: Ferrothorn|Leech Seed|p1a: Swampert\n|-start|p1a: Swampert|move: Leech Seed\n|move|p1a: Swampert|Roar|p2a: Ferrothorn\n|drag|p2a: Garganacl|Garganacl, M|100\/100\n|\n|-damage|p1a: Swampert|88\/100|[from] Leech Seed|[of] p2a: Garganacl\n|upkeep\n|turn|2\n|\n|t:|1699682633\n|move|p1a: Swampert|Earthquake|p2a: Garganacl\n|-supereffective|p2a: Garganacl\n|-damage|p2a: Garganacl|28\/100\n|move|p2a: Garganacl|Salt Cure|p1a: Swampert\n|-supereffective|p1a: Swampert\n|-damage|p1a: Swampert|54\/100\n|-start|p1a: Swampert|Salt Cure\n|\n|-heal|p2a: Garganacl|34\/100|[from] item: Leftovers\n|-damage|p1a: Swampert|42\/100|[from] Leech Seed|[of] p2a: Garganacl\n|-heal|p2a: Garganacl|49\/100|[silent]\n|-damage|p1a: Swampert|29\/100|[from] Salt Cure\n|upkeep\n|turn|3\n|\n|t:|1699682647\n|switch|p2a: Ferrothorn|Ferrothorn, F|100\/100\n|move|p1a: Swampert|Earthquake|p2a: Ferrothorn\n|-damage|p2a: Ferrothorn|60\/100\n|\n|-damage|p1a: Swampert|17\/100|[from] Leech Seed|[of] p2a: Ferrothorn\n|-heal|p2a: Ferrothorn|77\/100|[silent]\n|-damage|p1a: Swampert|4\/100|[from] Salt Cure\n|upkeep\n|-enditem|p1a: Swampert|Mago Berry|[eat]\n|-heal|p1a: Swampert|38\/100|[from] item: Mago Berry\n|turn|4\n|\n|t:|1699682663\n|switch|p1a: Gallade|Gallade, M|100\/100\n|move|p2a: Ferrothorn|Gyro Ball|p1a: Gallade\n|-damage|p1a: Gallade|12\/100\n|\n|upkeep\n|turn|5\n|\n|t:|1699682676\n|switch|p2a: Heatran|Heatran, F|100\/100\n|-zpower|p1a: Gallade\n|move|p1a: Gallade|All-Out Pummeling|p2a: Heatran|[zeffect]\n|-supereffective|p2a: Heatran\n|-damage|p2a: Heatran|0 fnt\n|faint|p2a: Heatran\n|\n|upkeep\n|\n|t:|1699682682\n|switch|p2a: Mawile|Mawile, M|100\/100\n|turn|6\n|\n|t:|1699682692\n|detailschange|p2a: Mawile|Mawile-Mega, M\n|-mega|p2a: Mawile|Mawile|Mawilite\n|move|p1a: Gallade|Sacred Sword|p2a: Mawile\n|-damage|p2a: Mawile|31\/100\n|move|p2a: Mawile|Iron Head|p1a: Gallade\n|-damage|p1a: Gallade|0 fnt\n|faint|p1a: Gallade\n|\n|upkeep\n|\n|t:|1699682708\n|switch|p1a: Banette|Banette, F, shiny|100\/100\n|turn|7\n|\n|t:|1699682716\n|switch|p2a: Arbok|Arbok, M|100\/100\n|detailschange|p1a: Banette|Banette-Mega, F, shiny\n|-mega|p1a: Banette|Banette|Banettite\n|move|p1a: Banette|Shadow Claw|p2a: Arbok\n|-damage|p2a: Arbok|27\/100\n|\n|-heal|p2a: Arbok|33\/100|[from] item: Leftovers\n|upkeep\n|turn|8\n|\n|t:|1699682725\n|-terastallize|p2a: Arbok|Dark\n|move|p1a: Banette|Shadow Sneak|p2a: Arbok\n|-resisted|p2a: Arbok\n|-damage|p2a: Arbok|12\/100\n|move|p2a: Arbok|Rest|p2a: Arbok\n|-status|p2a: Arbok|slp|[from] move: Rest\n|-heal|p2a: Arbok|100\/100 slp|[silent]\n|\n|-activate|p2a: Arbok|ability: Shed Skin\n|-curestatus|p2a: Arbok|slp|[msg]\n|upkeep\n|turn|9\n|\n|t:|1699682737\n|move|p1a: Banette|Thunder Wave|p2a: Arbok\n|-hint|Since gen 7, Dark is immune to Prankster moves.\n|-immune|p2a: Arbok\n|move|p2a: Arbok|Gunk Shot|p1a: Banette\n|-resisted|p1a: Banette\n|-damage|p1a: Banette|61\/100\n|\n|upkeep\n|turn|10\n|\n|t:|1699682746\n|switch|p1a: Scolipede|Scolipede, M, shiny|100\/100\n|move|p2a: Arbok|Earthquake|p1a: Scolipede\n|-damage|p1a: Scolipede|57\/100\n|\n|upkeep\n|turn|11\n|\n|t:|1699682758\n|switch|p2a: Ferrothorn|Ferrothorn, F|77\/100\n|move|p1a: Scolipede|Protect||[still]\n|-fail|p1a: Scolipede\n|\n|-ability|p1a: Scolipede|Speed Boost|boost\n|-boost|p1a: Scolipede|spe|1\n|upkeep\n|turn|12\n|\n|t:|1699682767\n|move|p1a: Scolipede|Megahorn|p2a: Ferrothorn|[miss]\n|-miss|p1a: Scolipede|p2a: Ferrothorn\n|move|p2a: Ferrothorn|Leech Seed|p1a: Scolipede\n|-start|p1a: Scolipede|move: Leech Seed\n|\n|-damage|p1a: Scolipede|45\/100|[from] Leech Seed|[of] p2a: Ferrothorn\n|-heal|p2a: Ferrothorn|88\/100|[silent]\n|-ability|p1a: Scolipede|Speed Boost|boost\n|-boost|p1a: Scolipede|spe|1\n|upkeep\n|turn|13\n|\n|t:|1699682775\n|switch|p1a: Noivern|Noivern, M, shiny|100\/100\n|move|p2a: Ferrothorn|Gyro Ball|p1a: Noivern\n|-damage|p1a: Noivern|33\/100\n|\n|upkeep\n|turn|14\n|\n|t:|1699682785\n|move|p1a: Noivern|Hurricane|p2a: Ferrothorn\n|-damage|p2a: Ferrothorn|51\/100\n|move|p2a: Ferrothorn|Gyro Ball|p1a: Noivern\n|-damage|p1a: Noivern|0 fnt\n|faint|p1a: Noivern\n|\n|upkeep\n|\n|t:|1699682792\n|switch|p1a: Swampert|Swampert, M, tera:Ice|38\/100\n|turn|15\n|\n|t:|1699682806\n|move|p1a: Swampert|Ice Punch|p2a: Ferrothorn\n|-damage|p2a: Ferrothorn|22\/100\n|-damage|p1a: Swampert|25\/100|[from] ability: Iron Barbs|[of] p2a: Ferrothorn\n|-damage|p1a: Swampert|9\/100|[from] item: Rocky Helmet|[of] p2a: Ferrothorn\n|move|p2a: Ferrothorn|Leech Seed|p1a: Swampert\n|-start|p1a: Swampert|move: Leech Seed\n|\n|-damage|p1a: Swampert|0 fnt|[from] Leech Seed|[of] p2a: Ferrothorn\n|-heal|p2a: Ferrothorn|33\/100|[silent]\n|faint|p1a: Swampert\n|upkeep\n|\n|t:|1699682818\n|switch|p1a: Blissey|Blissey, F|100\/100\n|turn|16\n|\n|t:|1699682825\n|move|p1a: Blissey|Reflect|p1a: Blissey\n|-sidestart|p1: DroopyKid|Reflect\n|move|p2a: Ferrothorn|Leech Seed|p1a: Blissey\n|-start|p1a: Blissey|move: Leech Seed\n|\n|-damage|p1a: Blissey|88\/100|[from] Leech Seed|[of] p2a: Ferrothorn\n|-heal|p2a: Ferrothorn|64\/100|[silent]\n|upkeep\n|turn|17\n|\n|t:|1699682832\n|move|p2a: Ferrothorn|Iron Defense|p2a: Ferrothorn\n|-boost|p2a: Ferrothorn|def|2\n|move|p1a: Blissey|Counter||[still]\n|-fail|p1a: Blissey\n|\n|-damage|p1a: Blissey|76\/100|[from] Leech Seed|[of] p2a: Ferrothorn\n|-heal|p2a: Ferrothorn|95\/100|[silent]\n|upkeep\n|turn|18\n|\n|t:|1699682840\n|move|p2a: Ferrothorn|Iron Defense|p2a: Ferrothorn\n|-boost|p2a: Ferrothorn|def|2\n|move|p1a: Blissey|Counter||[still]\n|-fail|p1a: Blissey\n|\n|-damage|p1a: Blissey|63\/100|[from] Leech Seed|[of] p2a: Ferrothorn\n|-heal|p2a: Ferrothorn|100\/100|[silent]\n|upkeep\n|turn|19\n|\n|t:|1699682847\n|move|p1a: Blissey|Soft-Boiled|p1a: Blissey\n|-heal|p1a: Blissey|100\/100\n|move|p2a: Ferrothorn|Iron Defense|p2a: Ferrothorn\n|-boost|p2a: Ferrothorn|def|2\n|\n|-damage|p1a: Blissey|88\/100|[from] Leech Seed|[of] p2a: Ferrothorn\n|upkeep\n|turn|20\n|\n|t:|1699682856\n|move|p2a: Ferrothorn|Gyro Ball|p1a: Blissey\n|-damage|p1a: Blissey|65\/100\n|move|p1a: Blissey|Counter|p2a: Ferrothorn\n|-damage|p2a: Ferrothorn|0 fnt\n|-damage|p1a: Blissey|53\/100|[from] ability: Iron Barbs|[of] p2a: Ferrothorn\n|-damage|p1a: Blissey|36\/100|[from] item: Rocky Helmet|[of] p2a: Ferrothorn\n|faint|p2a: Ferrothorn\n|\n|upkeep\n|\n|t:|1699682859\n|switch|p2a: Mawile|Mawile-Mega, M|31\/100\n|turn|21\n|\n|t:|1699682875\n|switch|p1a: Banette|Banette-Mega, F, shiny|61\/100\n|move|p2a: Mawile|Brick Break|p1a: Banette\n|-immune|p1a: Banette\n|\n|upkeep\n|turn|22\n|\n|t:|1699682883\n|switch|p2a: Arbok|Arbok, M, tera:Dark|100\/100\n|move|p1a: Banette|Shadow Claw|p2a: Arbok\n|-resisted|p2a: Arbok\n|-damage|p2a: Arbok|60\/100\n|\n|-heal|p2a: Arbok|67\/100|[from] item: Leftovers\n|upkeep\n|turn|23\n|\n|t:|1699682891\n|switch|p1a: Scolipede|Scolipede, M, shiny|45\/100\n|move|p2a: Arbok|Coil|p2a: Arbok\n|-boost|p2a: Arbok|atk|1\n|-boost|p2a: Arbok|def|1\n|-boost|p2a: Arbok|accuracy|1\n|\n|-heal|p2a: Arbok|73\/100|[from] item: Leftovers\n|-sideend|p1: DroopyKid|Reflect\n|upkeep\n|turn|24\n|\n|t:|1699682903\n|move|p1a: Scolipede|Protect|p1a: Scolipede\n|-singleturn|p1a: Scolipede|Protect\n|move|p2a: Arbok|Earthquake|p1a: Scolipede\n|-activate|p1a: Scolipede|move: Protect\n|\n|-heal|p2a: Arbok|79\/100|[from] item: Leftovers\n|-ability|p1a: Scolipede|Speed Boost|boost\n|-boost|p1a: Scolipede|spe|1\n|upkeep\n|turn|25\n|\n|t:|1699682913\n|move|p1a: Scolipede|Megahorn|p2a: Arbok\n|-supereffective|p2a: Arbok\n|-damage|p2a: Arbok|0 fnt\n|faint|p2a: Arbok\n|\n|-ability|p1a: Scolipede|Speed Boost|boost\n|-boost|p1a: Scolipede|spe|1\n|upkeep\n|\n|t:|1699682918\n|switch|p2a: Rabsca|Rabsca, M|100\/100\n|turn|26\n|\n|t:|1699682923\n|move|p1a: Scolipede|Megahorn|p2a: Rabsca|[miss]\n|-miss|p1a: Scolipede|p2a: Rabsca\n|move|p2a: Rabsca|Revival Blessing|p2a: Rabsca\n|-enditem|p2a: Rabsca|Leppa Berry|[eat]\n|-activate|p2a: Rabsca|item: Leppa Berry|Revival Blessing|[consumed]\n|\n|t:|1699682931\n|-heal|p2: Ferrothorn|50\/100|[from] move: Revival Blessing\n|\n|-ability|p1a: Scolipede|Speed Boost|boost\n|-boost|p1a: Scolipede|spe|1\n|upkeep\n|turn|27\n|\n|t:|1699682942\n|move|p1a: Scolipede|Megahorn|p2a: Rabsca\n|-supereffective|p2a: Rabsca\n|-damage|p2a: Rabsca|0 fnt\n|faint|p2a: Rabsca\n|\n|-ability|p1a: Scolipede|Speed Boost|boost\n|-boost|p1a: Scolipede|spe|1\n|upkeep\n|\n|t:|1699682951\n|switch|p2a: Garganacl|Garganacl, M|49\/100\n|turn|28\n|\n|t:|1699682954\n|move|p1a: Scolipede|Cross Poison|p2a: Garganacl\n|-resisted|p2a: Garganacl\n|-damage|p2a: Garganacl|38\/100\n|move|p2a: Garganacl|Salt Cure|p1a: Scolipede\n|-supereffective|p1a: Scolipede\n|-damage|p1a: Scolipede|0 fnt\n|faint|p1a: Scolipede\n|\n|-heal|p2a: Garganacl|44\/100|[from] item: Leftovers\n|upkeep\n|\n|t:|1699682964\n|switch|p1a: Banette|Banette-Mega, F, shiny|61\/100\n|turn|29\n|\n|t:|1699682967\n|move|p1a: Banette|Shadow Claw|p2a: Garganacl\n|-damage|p2a: Garganacl|15\/100\n|move|p2a: Garganacl|Recover|p2a: Garganacl\n|-heal|p2a: Garganacl|65\/100\n|\n|-heal|p2a: Garganacl|71\/100|[from] item: Leftovers\n|upkeep\n|turn|30\n|\n|t:|1699682975\n|move|p1a: Banette|Thunder Wave|p2a: Garganacl\n|-status|p2a: Garganacl|par\n|move|p2a: Garganacl|Salt Cure|p1a: Banette\n|-damage|p1a: Banette|31\/100\n|-start|p1a: Banette|Salt Cure\n|\n|-heal|p2a: Garganacl|77\/100 par|[from] item: Leftovers\n|-damage|p1a: Banette|19\/100|[from] Salt Cure\n|upkeep\n|turn|31\n|\n|t:|1699682984\n|switch|p1a: Blissey|Blissey, F|36\/100\n|move|p2a: Garganacl|Recover|p2a: Garganacl\n|-heal|p2a: Garganacl|100\/100 par\n|\n|upkeep\n|turn|32\n|\n|t:|1699682995\n|cant|p2a: Garganacl|par\n|move|p1a: Blissey|Counter||[still]\n|-fail|p1a: Blissey\n|\n|upkeep\n|turn|33\n|\n|t:|1699683003\n|move|p1a: Blissey|Soft-Boiled|p1a: Blissey\n|-heal|p1a: Blissey|86\/100\n|cant|p2a: Garganacl|par\n|\n|upkeep\n|turn|34\n|\n|t:|1699683008\n|move|p1a: Blissey|Reflect|p1a: Blissey\n|-sidestart|p1: DroopyKid|Reflect\n|move|p2a: Garganacl|Salt Cure|p1a: Blissey\n|-damage|p1a: Blissey|69\/100\n|-start|p1a: Blissey|Salt Cure\n|\n|-damage|p1a: Blissey|57\/100|[from] Salt Cure\n|upkeep\n|turn|35\n|\n|t:|1699683018\n|switch|p2a: Mawile|Mawile-Mega, M|31\/100\n|move|p1a: Blissey|Counter||[still]\n|-fail|p1a: Blissey\n|\n|-damage|p1a: Blissey|44\/100|[from] Salt Cure\n|upkeep\n|turn|36\n|\n|t:|1699683028\n|move|p2a: Mawile|Iron Head|p1a: Blissey\n|-damage|p1a: Blissey|0 fnt\n|faint|p1a: Blissey\n|\n|upkeep\n|\n|t:|1699683032\n|switch|p1a: Banette|Banette-Mega, F, shiny|19\/100\n|turn|37\n|\n|t:|1699683038\n|move|p1a: Banette|Shadow Claw|p2a: Mawile\n|-damage|p2a: Mawile|0 fnt\n|faint|p2a: Mawile\n|\n|upkeep\n|\n|t:|1699683041\n|switch|p2a: Garganacl|Garganacl, M|100\/100 par\n|turn|38\n|\n|t:|1699683047\n|move|p1a: Banette|Shadow Claw|p2a: Garganacl\n|-damage|p2a: Garganacl|74\/100 par\n|move|p2a: Garganacl|Salt Cure|p1a: Banette\n|-damage|p1a: Banette|4\/100\n|-start|p1a: Banette|Salt Cure\n|\n|-heal|p2a: Garganacl|80\/100 par|[from] item: Leftovers\n|-damage|p1a: Banette|0 fnt|[from] Salt Cure\n|faint|p1a: Banette\n|\n|win|yixghcgkoigkckjcc\n|upkeep\n|raw|DroopyKid's rating: 1068 &rarr; <strong>1044<\/strong><br \/>(-24 for losing)\n|raw|yixghcgkoigkckjcc's rating: 1000 &rarr; <strong>1048<\/strong><br \/>(+48 for winning)\n|l|\u2606DroopyKid\n","uploadtime":1699683952,"views":6,"p1id":"droopykid","p2id":"yixghcgkoigkckjcc","formatid":"gen9nationaldex","rating":1044,"private":0,"password":""}