{"id":"gen9nationaldex-1987008548","p1":"Hysuto","p2":"Red Vs Showdown","format":"[Gen 9] National Dex","log":"|j|\u2606Hysuto\n|j|\u2606Red Vs Showdown\n|t:|1699548609\n|gametype|singles\n|player|p1|Hysuto|burglar|1715\n|player|p2|Red Vs Showdown|red-gen2|1794\n|teamsize|p1|6\n|teamsize|p2|6\n|gen|9\n|tier|[Gen 9] National Dex\n|rated|\n|rule|HP Percentage Mod: HP is shown in percentages\n|rule|Endless Battle Clause: Forcing endless battles is banned\n|rule|OHKO Clause: OHKO moves are banned\n|rule|Evasion Clause: Evasion abilities, items, and moves are banned\n|rule|Evasion Abilities Clause: Evasion abilities are banned\n|rule|Evasion Items Clause: Evasion items are banned\n|rule|Evasion Moves Clause: Evasion moves are banned\n|rule|Species Clause: Limit one of each Pok\u00e9mon\n|rule|Sleep Clause Mod: Limit one foe put to sleep\n|clearpoke\n|poke|p1|Pinsir, F|\n|poke|p1|Buzzwole|\n|poke|p1|Ting-Lu|\n|poke|p1|Moltres|\n|poke|p1|Kommo-o, M|\n|poke|p1|Kyurem|\n|poke|p2|Pikachu, F|\n|poke|p2|Charizard, F|\n|poke|p2|Blastoise, F|\n|poke|p2|Venusaur, M|\n|poke|p2|Snorlax, F|\n|poke|p2|Espeon, F|\n|teampreview\n|inactive|Battle timer is ON: inactive players will automatically lose when time's up. (requested by Hysuto)\n|c|\u2606Red Vs Showdown|...\n|\n|t:|1699548618\n|start\n|switch|p1a: Buzzwole|Buzzwole|100\/100\n|switch|p2a: Blastoise|Blastoise, F|100\/100\n|turn|1\n|\n|t:|1699548631\n|switch|p1a: Kyurem|Kyurem|100\/100\n|-ability|p1a: Kyurem|Pressure\n|move|p2a: Blastoise|Flip Turn|p1a: Kyurem\n|-resisted|p1a: Kyurem\n|-damage|p1a: Kyurem|92\/100\n|\n|t:|1699548633\n|switch|p2a: Charizard|Charizard, F|100\/100|[from] Flip Turn\n|\n|upkeep\n|turn|2\n|\n|t:|1699548638\n|detailschange|p2a: Charizard|Charizard-Mega-Y, F\n|-mega|p2a: Charizard|Charizard|Charizardite Y\n|-weather|SunnyDay|[from] ability: Drought|[of] p2a: Charizard\n|move|p1a: Kyurem|Draco Meteor|p2a: Charizard\n|-damage|p2a: Charizard|24\/100\n|-unboost|p1a: Kyurem|spa|2\n|move|p2a: Charizard|Fire Blast|p1a: Kyurem\n|-damage|p1a: Kyurem|0 fnt\n|faint|p1a: Kyurem\n|\n|-weather|SunnyDay|[upkeep]\n|upkeep\n|c|\u2606Hysuto|Wow you lived\n|\n|t:|1699548654\n|switch|p1a: Pinsir|Pinsir, F|100\/100\n|turn|3\n|\n|t:|1699548658\n|switch|p2a: Blastoise|Blastoise, F|100\/100\n|move|p1a: Pinsir|Quick Attack|p2a: Blastoise\n|-damage|p2a: Blastoise|91\/100\n|\n|-weather|SunnyDay|[upkeep]\n|-heal|p2a: Blastoise|97\/100|[from] item: Leftovers\n|upkeep\n|turn|4\n|\n|t:|1699548662\n|switch|p1a: Buzzwole|Buzzwole|100\/100\n|move|p2a: Blastoise|Ice Beam|p1a: Buzzwole\n|-damage|p1a: Buzzwole|76\/100\n|\n|-weather|SunnyDay|[upkeep]\n|-heal|p2a: Blastoise|100\/100|[from] item: Leftovers\n|upkeep\n|turn|5\n|\n|t:|1699548669\n|move|p1a: Buzzwole|Drain Punch|p2a: Blastoise\n|-damage|p2a: Blastoise|79\/100\n|-heal|p1a: Buzzwole|85\/100|[from] drain|[of] p2a: Blastoise\n|move|p2a: Blastoise|Flip Turn|p1a: Buzzwole\n|-damage|p1a: Buzzwole|82\/100\n|\n|t:|1699548672\n|switch|p2a: Venusaur|Venusaur, M|100\/100|[from] Flip Turn\n|\n|-weather|SunnyDay|[upkeep]\n|upkeep\n|turn|6\n|\n|t:|1699548676\n|switch|p1a: Moltres|Moltres|100\/100\n|move|p2a: Venusaur|Weather Ball|p1a: Moltres\n|-resisted|p1a: Moltres\n|-damage|p1a: Moltres|82\/100\n|\n|-weather|none\n|upkeep\n|turn|7\n|\n|t:|1699548682\n|switch|p2a: Blastoise|Blastoise, F|79\/100\n|move|p1a: Moltres|Flamethrower|p2a: Blastoise\n|-resisted|p2a: Blastoise\n|-damage|p2a: Blastoise|62\/100\n|\n|-heal|p2a: Blastoise|68\/100|[from] item: Leftovers\n|upkeep\n|turn|8\n|\n|t:|1699548686\n|switch|p1a: Buzzwole|Buzzwole|82\/100\n|move|p2a: Blastoise|Flip Turn|p1a: Buzzwole\n|-damage|p1a: Buzzwole|73\/100\n|\n|t:|1699548688\n|switch|p2a: Charizard|Charizard-Mega-Y, F|24\/100|[from] Flip Turn\n|-weather|SunnyDay|[from] ability: Drought|[of] p2a: Charizard\n|\n|-weather|SunnyDay|[upkeep]\n|upkeep\n|turn|9\n|\n|t:|1699548696\n|switch|p1a: Ting-Lu|Ting-Lu|100\/100\n|-ability|p1a: Ting-Lu|Vessel of Ruin\n|move|p2a: Charizard|Air Slash|p1a: Ting-Lu\n|-crit|p1a: Ting-Lu\n|-damage|p1a: Ting-Lu|71\/100\n|\n|-weather|SunnyDay|[upkeep]\n|-heal|p1a: Ting-Lu|78\/100|[from] item: Leftovers\n|upkeep\n|turn|10\n|\n|t:|1699548702\n|switch|p2a: Espeon|Espeon, F|100\/100\n|move|p1a: Ting-Lu|Stone Edge|p2a: Espeon|[miss]\n|-miss|p1a: Ting-Lu|p2a: Espeon\n|\n|-weather|SunnyDay|[upkeep]\n|-heal|p1a: Ting-Lu|84\/100|[from] item: Leftovers\n|upkeep\n|turn|11\n|\n|t:|1699548706\n|move|p2a: Espeon|Trick|p1a: Ting-Lu\n|-activate|p2a: Espeon|move: Trick|[of] p1a: Ting-Lu\n|-item|p1a: Ting-Lu|Choice Scarf|[from] move: Trick\n|-item|p2a: Espeon|Leftovers|[from] move: Trick\n|move|p1a: Ting-Lu|Earthquake|p2a: Espeon\n|-damage|p2a: Espeon|33\/100\n|\n|-weather|SunnyDay|[upkeep]\n|-heal|p2a: Espeon|39\/100|[from] item: Leftovers\n|upkeep\n|turn|12\n|\n|t:|1699548709\n|switch|p2a: Charizard|Charizard-Mega-Y, F|24\/100\n|switch|p1a: Pinsir|Pinsir, F|100\/100\n|\n|-weather|none\n|upkeep\n|turn|13\n|\n|t:|1699548713\n|switch|p2a: Blastoise|Blastoise, F|68\/100\n|detailschange|p1a: Pinsir|Pinsir-Mega, F\n|-mega|p1a: Pinsir|Pinsir|Pinsirite\n|move|p1a: Pinsir|Frustration|p2a: Blastoise\n|-damage|p2a: Blastoise|21\/100\n|\n|-heal|p2a: Blastoise|27\/100|[from] item: Leftovers\n|upkeep\n|turn|14\n|\n|t:|1699548715\n|move|p1a: Pinsir|Frustration|p2a: Blastoise\n|-damage|p2a: Blastoise|0 fnt\n|faint|p2a: Blastoise\n|\n|upkeep\n|\n|t:|1699548723\n|switch|p2a: Pikachu|Pikachu, F|100\/100\n|turn|15\n|\n|t:|1699548725\n|switch|p1a: Buzzwole|Buzzwole|73\/100\n|-terastallize|p2a: Pikachu|Normal\n|move|p2a: Pikachu|Fake Out|p1a: Buzzwole\n|-damage|p1a: Buzzwole|59\/100\n|\n|upkeep\n|turn|16\n|\n|t:|1699548729\n|switch|p2a: Espeon|Espeon, F|39\/100\n|move|p1a: Buzzwole|Roost|p1a: Buzzwole\n|-heal|p1a: Buzzwole|100\/100\n|-singleturn|p1a: Buzzwole|move: Roost\n|\n|-heal|p2a: Espeon|45\/100|[from] item: Leftovers\n|upkeep\n|turn|17\n|\n|t:|1699548733\n|switch|p1a: Ting-Lu|Ting-Lu|84\/100\n|-ability|p1a: Ting-Lu|Vessel of Ruin\n|move|p2a: Espeon|Dazzling Gleam|p1a: Ting-Lu\n|-supereffective|p1a: Ting-Lu\n|-damage|p1a: Ting-Lu|60\/100\n|\n|-heal|p2a: Espeon|51\/100|[from] item: Leftovers\n|upkeep\n|turn|18\n|\n|t:|1699548736\n|move|p2a: Espeon|Dazzling Gleam|p1a: Ting-Lu\n|-supereffective|p1a: Ting-Lu\n|-damage|p1a: Ting-Lu|35\/100\n|move|p1a: Ting-Lu|Stone Edge|p2a: Espeon\n|-damage|p2a: Espeon|0 fnt\n|faint|p2a: Espeon\n|\n|upkeep\n|\n|t:|1699548742\n|switch|p2a: Charizard|Charizard-Mega-Y, F|24\/100\n|-weather|SunnyDay|[from] ability: Drought|[of] p2a: Charizard\n|turn|19\n|\n|t:|1699548746\n|switch|p1a: Moltres|Moltres|82\/100\n|move|p2a: Charizard|Roost|p2a: Charizard\n|-heal|p2a: Charizard|75\/100\n|-singleturn|p2a: Charizard|move: Roost\n|\n|-weather|SunnyDay|[upkeep]\n|upkeep\n|turn|20\n|\n|t:|1699548752\n|move|p2a: Charizard|Fire Blast|p1a: Moltres\n|-resisted|p1a: Moltres\n|-damage|p1a: Moltres|35\/100\n|move|p1a: Moltres|Flamethrower|p2a: Charizard\n|-resisted|p2a: Charizard\n|-damage|p2a: Charizard|44\/100\n|\n|-weather|SunnyDay|[upkeep]\n|upkeep\n|turn|21\n|\n|t:|1699548760\n|move|p2a: Charizard|Roost|p2a: Charizard\n|-heal|p2a: Charizard|94\/100\n|-singleturn|p2a: Charizard|move: Roost\n|move|p1a: Moltres|Flamethrower|p2a: Charizard\n|-resisted|p2a: Charizard\n|-damage|p2a: Charizard|65\/100\n|\n|-weather|SunnyDay|[upkeep]\n|upkeep\n|turn|22\n|\n|t:|1699548762\n|move|p2a: Charizard|Air Slash|p1a: Moltres\n|-damage|p1a: Moltres|0 fnt\n|faint|p1a: Moltres\n|\n|-weather|SunnyDay|[upkeep]\n|upkeep\n|\n|t:|1699548765\n|switch|p1a: Kommo-o|Kommo-o, M|100\/100\n|turn|23\n|\n|t:|1699548769\n|move|p2a: Charizard|Air Slash|p1a: Kommo-o\n|-supereffective|p1a: Kommo-o\n|-crit|p1a: Kommo-o\n|-damage|p1a: Kommo-o|0 fnt\n|faint|p1a: Kommo-o\n|\n|-weather|none\n|upkeep\n|c|\u2606Hysuto|Damn\n|\n|t:|1699548779\n|switch|p1a: Ting-Lu|Ting-Lu|35\/100\n|-ability|p1a: Ting-Lu|Vessel of Ruin\n|turn|24\n|\n|t:|1699548784\n|switch|p2a: Venusaur|Venusaur, M|100\/100\n|move|p1a: Ting-Lu|Rest|p1a: Ting-Lu\n|-status|p1a: Ting-Lu|slp|[from] move: Rest\n|-heal|p1a: Ting-Lu|100\/100 slp|[silent]\n|\n|upkeep\n|turn|25\n|\n|t:|1699548787\n|switch|p1a: Pinsir|Pinsir-Mega, F|100\/100\n|move|p2a: Venusaur|Sludge Bomb|p1a: Pinsir\n|-damage|p1a: Pinsir|50\/100\n|-status|p1a: Pinsir|psn\n|\n|-damage|p1a: Pinsir|37\/100 psn|[from] psn\n|upkeep\n|turn|26\n|\n|t:|1699548791\n|switch|p2a: Snorlax|Snorlax, F|100\/100\n|move|p1a: Pinsir|Frustration|p2a: Snorlax\n|-damage|p2a: Snorlax|25\/100\n|\n|-damage|p1a: Pinsir|25\/100 psn|[from] psn\n|upkeep\n|turn|27\n|\n|t:|1699548794\n|move|p1a: Pinsir|Frustration|p2a: Snorlax\n|-damage|p2a: Snorlax|0 fnt\n|faint|p2a: Snorlax\n|\n|-damage|p1a: Pinsir|12\/100 psn|[from] psn\n|upkeep\n|\n|t:|1699548795\n|switch|p2a: Pikachu|Pikachu, F, tera:Normal|100\/100\n|turn|28\n|\n|t:|1699548798\n|switch|p1a: Buzzwole|Buzzwole|100\/100\n|move|p2a: Pikachu|Extreme Speed|p1a: Buzzwole\n|-damage|p1a: Buzzwole|74\/100\n|\n|upkeep\n|turn|29\n|\n|t:|1699548802\n|switch|p2a: Charizard|Charizard-Mega-Y, F|65\/100\n|-weather|SunnyDay|[from] ability: Drought|[of] p2a: Charizard\n|switch|p1a: Ting-Lu|Ting-Lu|100\/100 slp\n|-ability|p1a: Ting-Lu|Vessel of Ruin\n|\n|-weather|SunnyDay|[upkeep]\n|upkeep\n|turn|30\n|\n|t:|1699548808\n|switch|p2a: Venusaur|Venusaur, M|100\/100\n|-terastallize|p1a: Ting-Lu|Poison\n|cant|p1a: Ting-Lu|slp\n|\n|-weather|SunnyDay|[upkeep]\n|upkeep\n|turn|31\n|\n|t:|1699548816\n|move|p2a: Venusaur|Growth|p2a: Venusaur\n|-boost|p2a: Venusaur|atk|2\n|-boost|p2a: Venusaur|spa|2\n|cant|p1a: Ting-Lu|slp\n|\n|-weather|SunnyDay|[upkeep]\n|upkeep\n|turn|32\n|\n|t:|1699548819\n|move|p2a: Venusaur|Weather Ball|p1a: Ting-Lu\n|-damage|p1a: Ting-Lu|64\/100 slp\n|-curestatus|p1a: Ting-Lu|slp|[msg]\n|move|p1a: Ting-Lu|Whirlwind|p2a: Venusaur\n|drag|p2a: Pikachu|Pikachu, F, tera:Normal|100\/100\n|\n|-weather|SunnyDay|[upkeep]\n|upkeep\n|turn|33\n|\n|t:|1699548825\n|switch|p2a: Charizard|Charizard-Mega-Y, F|65\/100\n|switch|p1a: Buzzwole|Buzzwole|74\/100\n|\n|-weather|none\n|upkeep\n|turn|34\n|\n|t:|1699548829\n|switch|p1a: Ting-Lu|Ting-Lu, tera:Poison|64\/100\n|-ability|p1a: Ting-Lu|Vessel of Ruin\n|move|p2a: Charizard|Air Slash|p1a: Ting-Lu\n|-damage|p1a: Ting-Lu|43\/100\n|\n|upkeep\n|turn|35\n|\n|t:|1699548833\n|switch|p2a: Venusaur|Venusaur, M|100\/100\n|move|p1a: Ting-Lu|Earthquake|p2a: Venusaur\n|-damage|p2a: Venusaur|52\/100\n|\n|upkeep\n|turn|36\n|\n|t:|1699548837\n|switch|p2a: Charizard|Charizard-Mega-Y, F|65\/100\n|-weather|SunnyDay|[from] ability: Drought|[of] p2a: Charizard\n|move|p1a: Ting-Lu|Earthquake|p2a: Charizard\n|-immune|p2a: Charizard\n|\n|-weather|SunnyDay|[upkeep]\n|upkeep\n|turn|37\n|\n|t:|1699548839\n|switch|p1a: Buzzwole|Buzzwole|74\/100\n|move|p2a: Charizard|Fire Blast|p1a: Buzzwole|[miss]\n|-miss|p2a: Charizard|p1a: Buzzwole\n|\n|-weather|SunnyDay|[upkeep]\n|upkeep\n|turn|38\n|\n|t:|1699548843\n|switch|p1a: Ting-Lu|Ting-Lu, tera:Poison|43\/100\n|-ability|p1a: Ting-Lu|Vessel of Ruin\n|move|p2a: Charizard|Air Slash|p1a: Ting-Lu\n|-damage|p1a: Ting-Lu|25\/100\n|\n|-weather|SunnyDay|[upkeep]\n|upkeep\n|turn|39\n|\n|t:|1699548845\n|move|p2a: Charizard|Fire Blast|p1a: Ting-Lu\n|-damage|p1a: Ting-Lu|0 fnt\n|faint|p1a: Ting-Lu\n|\n|-weather|SunnyDay|[upkeep]\n|upkeep\n|-message|Hysuto forfeited.\n|\n|win|Red Vs Showdown\n|raw|Hysuto's rating: 1715 &rarr; <strong>1699<\/strong><br \/>(-16 for losing)\n|raw|Red Vs Showdown's rating: 1794 &rarr; <strong>1810<\/strong><br \/>(+16 for winning)\n|l|\u2606Hysuto\n|c|\u2606Red Vs Showdown|...\n","uploadtime":1699548854,"views":4,"p1id":"hysuto","p2id":"redvsshowdown","formatid":"gen9nationaldex","rating":1699,"private":0,"password":""}