{"id":"gen9nationaldex-1999574086","p1":"bigdwg123","p2":"aulait","format":"[Gen 9] National Dex","log":"|html|<div class=\"broadcast-blue\"><strong>[Gen 9] National Dex is currently suspecting Sneasler! For information on how to participate check out the <a href=\"https:\/\/www.smogon.com\/forums\/threads\/sv-national-dex-suspect-8-just-dance.3731534\/\">suspect thread<\/a>.<\/strong><\/div>\n|j|\u2606bigdwg123\n|j|\u2606aulait\n|t:|1701097571\n|gametype|singles\n|player|p1|bigdwg123|unknown|1171\n|player|p2|aulait|madame-gen4dp|1133\n|teamsize|p1|6\n|teamsize|p2|6\n|gen|9\n|tier|[Gen 9] National Dex\n|rated|\n|rule|HP Percentage Mod: HP is shown in percentages\n|rule|Endless Battle Clause: Forcing endless battles is banned\n|rule|OHKO Clause: OHKO moves are banned\n|rule|Evasion Clause: Evasion abilities, items, and moves are banned\n|rule|Evasion Abilities Clause: Evasion abilities are banned\n|rule|Evasion Items Clause: Evasion items are banned\n|rule|Evasion Moves Clause: Evasion moves are banned\n|rule|Species Clause: Limit one of each Pok\u00e9mon\n|rule|Sleep Clause Mod: Limit one foe put to sleep\n|clearpoke\n|poke|p1|Weavile, M|\n|poke|p1|Gengar, F|\n|poke|p1|Grimmsnarl, M|\n|poke|p1|Tornadus-Therian, M|\n|poke|p1|Hatterene, F|\n|poke|p1|Toxtricity, M|\n|poke|p2|Mew|\n|poke|p2|Blissey, F|\n|poke|p2|Heatran, M|\n|poke|p2|Barbaracle, M|\n|poke|p2|Zeraora|\n|poke|p2|Tornadus, M|\n|teampreview\n|inactive|Battle timer is ON: inactive players will automatically lose when time's up. (requested by bigdwg123)\n|\n|t:|1701097576\n|start\n|switch|p1a: Grimmsnarl|Grimmsnarl, M|100\/100\n|switch|p2a: Mew|Mew|100\/100\n|turn|1\n|\n|t:|1701097582\n|move|p1a: Grimmsnarl|Taunt|p2a: Mew\n|-start|p2a: Mew|move: Taunt\n|cant|p2a: Mew|move: Taunt|Thunder Wave\n|\n|upkeep\n|turn|2\n|\n|t:|1701097590\n|switch|p2a: Barbaracle|Barbaracle, M|100\/100\n|move|p1a: Grimmsnarl|Metronome|p1a: Grimmsnarl\n|move|p1a: Grimmsnarl|Razor Leaf|p2a: Barbaracle|[from]move: Metronome\n|-supereffective|p2a: Barbaracle\n|-damage|p2a: Barbaracle|37\/100\n|\n|upkeep\n|turn|3\n|\n|t:|1701097598\n|move|p1a: Grimmsnarl|Metronome|p1a: Grimmsnarl\n|move|p1a: Grimmsnarl|Aqua Cutter|p2a: Barbaracle|[from]move: Metronome\n|-damage|p2a: Barbaracle|17\/100\n|move|p2a: Barbaracle|Return|p1a: Grimmsnarl\n|-damage|p1a: Grimmsnarl|45\/100\n|\n|upkeep\n|turn|4\n|c|\u2606aulait|ooh fun\n|\n|t:|1701097607\n|switch|p2a: Zeraora|Zeraora|100\/100\n|move|p1a: Grimmsnarl|Metronome|p1a: Grimmsnarl\n|move|p1a: Grimmsnarl|Gigaton Hammer|p2a: Zeraora|[from]move: Metronome\n|-resisted|p2a: Zeraora\n|-damage|p2a: Zeraora|74\/100\n|\n|upkeep\n|turn|5\n|\n|t:|1701097614\n|move|p2a: Zeraora|Fake Out|p1a: Grimmsnarl\n|-crit|p1a: Grimmsnarl\n|-damage|p1a: Grimmsnarl|13\/100\n|-damage|p2a: Zeraora|64\/100|[from] item: Life Orb\n|cant|p1a: Grimmsnarl|flinch\n|\n|upkeep\n|turn|6\n|\n|t:|1701097622\n|move|p1a: Grimmsnarl|Metronome|p1a: Grimmsnarl\n|move|p1a: Grimmsnarl|Sweet Kiss|p2a: Zeraora|[from]move: Metronome\n|-start|p2a: Zeraora|confusion\n|-activate|p2a: Zeraora|confusion\n|-damage|p2a: Zeraora|46\/100|[from] confusion\n|\n|upkeep\n|turn|7\n|\n|t:|1701097629\n|move|p1a: Grimmsnarl|Metronome|p1a: Grimmsnarl\n|move|p1a: Grimmsnarl|Mortal Spin|p2a: Zeraora|[from]move: Metronome\n|-damage|p2a: Zeraora|34\/100\n|-status|p2a: Zeraora|psn\n|-activate|p2a: Zeraora|confusion\n|move|p2a: Zeraora|Plasma Fists|p1a: Grimmsnarl\n|-damage|p1a: Grimmsnarl|0 fnt\n|-fieldactivate|move: Ion Deluge\n|-hint|Normal-type moves become Electric-type after using Plasma Fists.\n|faint|p1a: Grimmsnarl\n|-damage|p2a: Zeraora|24\/100 psn|[from] item: Life Orb\n|\n|-damage|p2a: Zeraora|12\/100 psn|[from] psn\n|upkeep\n|\n|t:|1701097649\n|switch|p1a: Weavile|Weavile, M|100\/100\n|turn|8\n|\n|t:|1701097654\n|-activate|p2a: Zeraora|confusion\n|move|p2a: Zeraora|Close Combat|p1a: Weavile\n|-supereffective|p1a: Weavile\n|-enditem|p1a: Weavile|Focus Sash\n|-damage|p1a: Weavile|1\/100\n|-unboost|p2a: Zeraora|def|1\n|-unboost|p2a: Zeraora|spd|1\n|-enditem|p2a: Zeraora|Life Orb|[silent]|[from] ability: Pickpocket|[of] p2a: Zeraora\n|-item|p1a: Weavile|Life Orb|[from] ability: Pickpocket|[of] p2a: Zeraora\n|move|p1a: Weavile|Triple Axel|p2a: Zeraora\n|-damage|p2a: Zeraora|0 fnt\n|faint|p2a: Zeraora\n|-hitcount|p2: Zeraora|1\n|-damage|p1a: Weavile|0 fnt|[from] item: Life Orb\n|faint|p1a: Weavile\n|\n|upkeep\n|\n|t:|1701097670\n|switch|p2a: Mew|Mew|100\/100\n|switch|p1a: Hatterene|Hatterene, F|100\/100\n|turn|9\n|\n|t:|1701097679\n|switch|p2a: Heatran|Heatran, M|100\/100\n|move|p1a: Hatterene|Nuzzle|p2a: Heatran\n|-damage|p2a: Heatran|97\/100\n|-status|p2a: Heatran|par\n|\n|upkeep\n|turn|10\n|\n|t:|1701097686\n|cant|p2a: Heatran|par\n|move|p1a: Hatterene|Metronome|p1a: Hatterene\n|move|p1a: Hatterene|Focus Blast|p2a: Heatran|[from]move: Metronome\n|-supereffective|p2a: Heatran\n|-damage|p2a: Heatran|25\/100 par\n|\n|upkeep\n|turn|11\n|\n|t:|1701097693\n|move|p2a: Heatran|Eruption|p1a: Hatterene\n|-damage|p1a: Hatterene|81\/100\n|move|p1a: Hatterene|Metronome|p1a: Hatterene\n|move|p1a: Hatterene|Close Combat|p2a: Heatran|[from]move: Metronome\n|-supereffective|p2a: Heatran\n|-damage|p2a: Heatran|0 fnt\n|-unboost|p1a: Hatterene|def|1\n|-unboost|p1a: Hatterene|spd|1\n|faint|p2a: Heatran\n|\n|-heal|p1a: Hatterene|87\/100|[from] item: Leftovers\n|upkeep\n|\n|t:|1701097703\n|switch|p2a: Tornadus|Tornadus, M|100\/100\n|turn|12\n|\n|t:|1701097706\n|move|p2a: Tornadus|Air Slash|p1a: Hatterene\n|-damage|p1a: Hatterene|12\/100\n|-damage|p2a: Tornadus|91\/100|[from] item: Life Orb\n|move|p1a: Hatterene|Nuzzle|p2a: Tornadus\n|-supereffective|p2a: Tornadus\n|-damage|p2a: Tornadus|77\/100\n|-status|p2a: Tornadus|par\n|\n|-heal|p1a: Hatterene|18\/100|[from] item: Leftovers\n|upkeep\n|turn|13\n|\n|t:|1701097717\n|cant|p2a: Tornadus|par\n|move|p1a: Hatterene|Metronome|p1a: Hatterene\n|move|p1a: Hatterene|Power Gem|p2a: Tornadus|[from]move: Metronome\n|-supereffective|p2a: Tornadus\n|-damage|p2a: Tornadus|0 fnt\n|faint|p2a: Tornadus\n|\n|-heal|p1a: Hatterene|24\/100|[from] item: Leftovers\n|upkeep\n|\n|t:|1701097736\n|switch|p2a: Barbaracle|Barbaracle, M|17\/100\n|turn|14\n|\n|t:|1701097742\n|move|p2a: Barbaracle|Return|p1a: Hatterene\n|-damage|p1a: Hatterene|0 fnt\n|faint|p1a: Hatterene\n|\n|upkeep\n|\n|t:|1701097747\n|switch|p1a: Toxtricity|Toxtricity, M|100\/100\n|turn|15\n|\n|t:|1701097755\n|move|p1a: Toxtricity|Boomburst|p2a: Barbaracle\n|-resisted|p2a: Barbaracle\n|-damage|p2a: Barbaracle|0 fnt\n|faint|p2a: Barbaracle\n|-enditem|p1a: Toxtricity|Throat Spray\n|-boost|p1a: Toxtricity|spa|1|[from] item: Throat Spray\n|\n|upkeep\n|\n|t:|1701097764\n|switch|p2a: Mew|Mew|100\/100\n|turn|16\n|\n|t:|1701097766\n|move|p1a: Toxtricity|Metronome|p1a: Toxtricity\n|move|p1a: Toxtricity|Thunder Fang|p2a: Mew|[from]move: Metronome\n|-damage|p2a: Mew|83\/100\n|move|p2a: Mew|Cosmic Power|p2a: Mew\n|-boost|p2a: Mew|def|1\n|-boost|p2a: Mew|spd|1\n|\n|upkeep\n|turn|17\n|\n|t:|1701097775\n|move|p1a: Toxtricity|Nuzzle|p2a: Mew\n|-damage|p2a: Mew|80\/100\n|-status|p2a: Mew|par\n|-activate|p2a: Mew|ability: Synchronize\n|-immune|p1a: Toxtricity\n|-enditem|p2a: Mew|Lum Berry|[eat]\n|-curestatus|p2a: Mew|par|[msg]\n|move|p2a: Mew|Dragon Tail|p1a: Toxtricity\n|-damage|p1a: Toxtricity|79\/100\n|drag|p1a: Gengar|Gengar, F|100\/100\n|\n|upkeep\n|turn|18\n|\n|t:|1701097786\n|move|p1a: Gengar|Metronome|p1a: Gengar\n|move|p1a: Gengar|Fairy Wind|p2a: Mew|[from]move: Metronome\n|-crit|p2a: Mew\n|-damage|p2a: Mew|68\/100\n|move|p2a: Mew|Thunder Wave|p1a: Gengar\n|-status|p1a: Gengar|par\n|\n|upkeep\n|turn|19\n|\n|t:|1701097794\n|move|p1a: Gengar|Metronome|p1a: Gengar\n|move|p1a: Gengar|Electric Terrain|p1a: Gengar|[from]move: Metronome\n|-fieldstart|move: Electric Terrain\n|move|p2a: Mew|Dragon Tail|p1a: Gengar\n|-damage|p1a: Gengar|71\/100 par\n|-start|p2a: Mew|Disable|Dragon Tail|[from] ability: Cursed Body|[of] p1a: Gengar\n|drag|p1a: Tornadus|Tornadus-Therian, M|100\/100\n|\n|upkeep\n|turn|20\n|\n|t:|1701097801\n|move|p1a: Tornadus|Metronome|p1a: Tornadus\n|move|p1a: Tornadus|Sheer Cold|p2a: Mew|[from]move: Metronome|[miss]\n|-miss|p1a: Tornadus|p2a: Mew\n|move|p2a: Mew|Thunder Wave|p1a: Tornadus\n|-status|p1a: Tornadus|par\n|\n|upkeep\n|turn|21\n|\n|t:|1701097810\n|switch|p2a: Blissey|Blissey, F|100\/100\n|move|p1a: Tornadus|Metronome|p1a: Tornadus\n|move|p1a: Tornadus|Frost Breath|p2a: Blissey|[from]move: Metronome|[miss]\n|-miss|p1a: Tornadus|p2a: Blissey\n|\n|upkeep\n|turn|22\n|\n|t:|1701097817\n|move|p1a: Tornadus|Metronome|p1a: Tornadus\n|move|p1a: Tornadus|Pain Split|p2a: Blissey|[from]move: Metronome\n|-sethp|p2a: Blissey|72\/100|[from] move: Pain Split|[silent]\n|-sethp|p1a: Tornadus|100\/100 par|[from] move: Pain Split\n|move|p2a: Blissey|Echoed Voice|p1a: Tornadus\n|-damage|p1a: Tornadus|85\/100 par\n|\n|-heal|p2a: Blissey|78\/100|[from] item: Leftovers\n|upkeep\n|turn|23\n|\n|t:|1701097826\n|move|p1a: Tornadus|Metronome|p1a: Tornadus\n|move|p1a: Tornadus|Clanging Scales|p2a: Blissey|[from]move: Metronome\n|-damage|p2a: Blissey|64\/100\n|-unboost|p1a: Tornadus|def|1\n|move|p2a: Blissey|Echoed Voice|p1a: Tornadus\n|-damage|p1a: Tornadus|60\/100 par\n|\n|-heal|p2a: Blissey|70\/100|[from] item: Leftovers\n|-fieldend|move: Electric Terrain\n|upkeep\n|turn|24\n|\n|t:|1701097835\n|cant|p1a: Tornadus|par\n|move|p2a: Blissey|Echoed Voice|p1a: Tornadus\n|-damage|p1a: Tornadus|22\/100 par\n|\n|-heal|p2a: Blissey|77\/100|[from] item: Leftovers\n|upkeep\n|turn|25\n|\n|t:|1701097841\n|move|p1a: Tornadus|Metronome|p1a: Tornadus\n|move|p1a: Tornadus|Magical Leaf|p2a: Blissey|[from]move: Metronome\n|-damage|p2a: Blissey|69\/100\n|move|p2a: Blissey|Echoed Voice|p1a: Tornadus\n|-damage|p1a: Tornadus|0 fnt\n|faint|p1a: Tornadus\n|\n|-heal|p2a: Blissey|75\/100|[from] item: Leftovers\n|upkeep\n|\n|t:|1701097848\n|switch|p1a: Gengar|Gengar, F|71\/100 par\n|turn|26\n|\n|t:|1701097852\n|cant|p1a: Gengar|par\n|move|p2a: Blissey|Dazzling Gleam|p1a: Gengar\n|-resisted|p1a: Gengar\n|-damage|p1a: Gengar|59\/100 par\n|-start|p2a: Blissey|Disable|Dazzling Gleam|[from] ability: Cursed Body|[of] p1a: Gengar\n|\n|-heal|p1a: Gengar|65\/100 par|[from] item: Black Sludge\n|-heal|p2a: Blissey|82\/100|[from] item: Leftovers\n|upkeep\n|turn|27\n|\n|t:|1701097872\n|switch|p2a: Mew|Mew|68\/100\n|move|p1a: Gengar|Metronome|p1a: Gengar\n|move|p1a: Gengar|Pluck|p2a: Mew|[from]move: Metronome\n|-damage|p2a: Mew|60\/100\n|\n|-heal|p1a: Gengar|71\/100 par|[from] item: Black Sludge\n|upkeep\n|turn|28\n|\n|t:|1701097882\n|switch|p2a: Blissey|Blissey, F|82\/100\n|move|p1a: Gengar|Metronome|p1a: Gengar\n|move|p1a: Gengar|Terrain Pulse|p2a: Blissey|[from]move: Metronome\n|-crit|p2a: Blissey\n|-damage|p2a: Blissey|71\/100\n|\n|-heal|p1a: Gengar|78\/100 par|[from] item: Black Sludge\n|-heal|p2a: Blissey|77\/100|[from] item: Leftovers\n|upkeep\n|turn|29\n|\n|t:|1701097891\n|cant|p1a: Gengar|par\n|move|p2a: Blissey|Dazzling Gleam|p1a: Gengar\n|-resisted|p1a: Gengar\n|-damage|p1a: Gengar|67\/100 par\n|\n|-heal|p1a: Gengar|73\/100 par|[from] item: Black Sludge\n|-heal|p2a: Blissey|84\/100|[from] item: Leftovers\n|upkeep\n|turn|30\n|\n|t:|1701097901\n|-terastallize|p2a: Blissey|Fairy\n|move|p1a: Gengar|Metronome|p1a: Gengar\n|move|p1a: Gengar|Flare Blitz|p2a: Blissey|[from]move: Metronome\n|-damage|p2a: Blissey|68\/100\n|-damage|p1a: Gengar|59\/100 par|[from] Recoil\n|move|p2a: Blissey|Dazzling Gleam|p1a: Gengar\n|-resisted|p1a: Gengar\n|-damage|p1a: Gengar|41\/100 par\n|-start|p2a: Blissey|Disable|Dazzling Gleam|[from] ability: Cursed Body|[of] p1a: Gengar\n|\n|-heal|p1a: Gengar|47\/100 par|[from] item: Black Sludge\n|-heal|p2a: Blissey|74\/100|[from] item: Leftovers\n|upkeep\n|turn|31\n|\n|t:|1701097914\n|switch|p2a: Mew|Mew|60\/100\n|move|p1a: Gengar|Metronome|p1a: Gengar\n|move|p1a: Gengar|Tar Shot|p2a: Mew|[from]move: Metronome\n|-unboost|p2a: Mew|spe|1\n|-start|p2a: Mew|Tar Shot\n|\n|-heal|p1a: Gengar|53\/100 par|[from] item: Black Sludge\n|upkeep\n|turn|32\n|\n|t:|1701097922\n|switch|p2a: Blissey|Blissey, F, tera:Fairy|74\/100\n|move|p1a: Gengar|Metronome|p1a: Gengar\n|move|p1a: Gengar|Bubble Beam|p2a: Blissey|[from]move: Metronome\n|-damage|p2a: Blissey|66\/100\n|-unboost|p2a: Blissey|spe|1\n|\n|-heal|p1a: Gengar|59\/100 par|[from] item: Black Sludge\n|-heal|p2a: Blissey|72\/100|[from] item: Leftovers\n|upkeep\n|turn|33\n|\n|t:|1701097932\n|cant|p1a: Gengar|par\n|move|p2a: Blissey|Dazzling Gleam|p1a: Gengar\n|-resisted|p1a: Gengar\n|-damage|p1a: Gengar|41\/100 par\n|\n|-heal|p1a: Gengar|47\/100 par|[from] item: Black Sludge\n|-heal|p2a: Blissey|78\/100|[from] item: Leftovers\n|upkeep\n|turn|34\n|\n|t:|1701097940\n|move|p1a: Gengar|Metronome|p1a: Gengar\n|move|p1a: Gengar|Roar|p2a: Blissey|[from]move: Metronome\n|drag|p2a: Mew|Mew|60\/100\n|\n|-heal|p1a: Gengar|54\/100 par|[from] item: Black Sludge\n|upkeep\n|turn|35\n|\n|t:|1701097950\n|move|p2a: Mew|Cosmic Power|p2a: Mew\n|-boost|p2a: Mew|def|1\n|-boost|p2a: Mew|spd|1\n|move|p1a: Gengar|Metronome|p1a: Gengar\n|move|p1a: Gengar|Electro Ball|p2a: Mew|[from]move: Metronome\n|-damage|p2a: Mew|54\/100\n|\n|-heal|p1a: Gengar|60\/100 par|[from] item: Black Sludge\n|upkeep\n|turn|36\n|\n|t:|1701097958\n|move|p2a: Mew|Cosmic Power|p2a: Mew\n|-boost|p2a: Mew|def|1\n|-boost|p2a: Mew|spd|1\n|cant|p1a: Gengar|par\n|\n|-heal|p1a: Gengar|66\/100 par|[from] item: Black Sludge\n|upkeep\n|turn|37\n|\n|t:|1701097966\n|move|p1a: Gengar|Metronome|p1a: Gengar\n|move|p1a: Gengar|Fiery Dance|p2a: Mew|[from]move: Metronome\n|-damage|p2a: Mew|46\/100\n|move|p2a: Mew|Dragon Tail|p1a: Gengar\n|-damage|p1a: Gengar|39\/100 par\n|drag|p1a: Toxtricity|Toxtricity, M|79\/100\n|\n|upkeep\n|turn|38\n|\n|t:|1701097974\n|move|p1a: Toxtricity|Nuzzle|p2a: Mew\n|-damage|p2a: Mew|43\/100\n|-status|p2a: Mew|par\n|-activate|p2a: Mew|ability: Synchronize\n|-immune|p1a: Toxtricity\n|cant|p2a: Mew|par\n|\n|upkeep\n|turn|39\n|\n|t:|1701097983\n|move|p1a: Toxtricity|Metronome|p1a: Toxtricity\n|move|p1a: Toxtricity|Aqua Jet|p2a: Mew|[from]move: Metronome\n|-damage|p2a: Mew|39\/100 par\n|cant|p2a: Mew|par\n|\n|upkeep\n|turn|40\n|\n|t:|1701097990\n|move|p1a: Toxtricity|Metronome|p1a: Toxtricity\n|move|p1a: Toxtricity|Ice Punch|p2a: Mew|[from]move: Metronome\n|-damage|p2a: Mew|32\/100 par\n|move|p2a: Mew|Soft-Boiled|p2a: Mew\n|-heal|p2a: Mew|82\/100 par\n|\n|upkeep\n|turn|41\n|\n|t:|1701097997\n|move|p1a: Toxtricity|Metronome|p1a: Toxtricity\n|move|p1a: Toxtricity|Brine|p2a: Mew|[from]move: Metronome\n|-damage|p2a: Mew|76\/100 par\n|move|p2a: Mew|Dragon Tail|p1a: Toxtricity\n|-damage|p1a: Toxtricity|59\/100\n|drag|p1a: Gengar|Gengar, F|39\/100 par\n|\n|-heal|p1a: Gengar|45\/100 par|[from] item: Black Sludge\n|upkeep\n|turn|42\n|\n|t:|1701098006\n|move|p1a: Gengar|Clear Smog|p2a: Mew\n|-damage|p2a: Mew|68\/100 par\n|-clearboost|p2a: Mew\n|cant|p2a: Mew|par\n|\n|-heal|p1a: Gengar|51\/100 par|[from] item: Black Sludge\n|upkeep\n|turn|43\n|\n|t:|1701098014\n|move|p1a: Gengar|Metronome|p1a: Gengar\n|move|p1a: Gengar|Reversal|p2a: Mew|[from]move: Metronome\n|-resisted|p2a: Mew\n|-damage|p2a: Mew|65\/100 par\n|move|p2a: Mew|Cosmic Power|p2a: Mew\n|-boost|p2a: Mew|def|1\n|-boost|p2a: Mew|spd|1\n|\n|-heal|p1a: Gengar|57\/100 par|[from] item: Black Sludge\n|upkeep\n|turn|44\n|\n|t:|1701098022\n|cant|p1a: Gengar|par\n|move|p2a: Mew|Dragon Tail|p1a: Gengar\n|-damage|p1a: Gengar|29\/100 par\n|drag|p1a: Toxtricity|Toxtricity, M|59\/100\n|\n|upkeep\n|turn|45\n|\n|t:|1701098029\n|move|p1a: Toxtricity|Metronome|p1a: Toxtricity\n|move|p1a: Toxtricity|Spacial Rend|p2a: Mew|[from]move: Metronome\n|-damage|p2a: Mew|53\/100 par\n|cant|p2a: Mew|par\n|\n|upkeep\n|turn|46\n|\n|t:|1701098036\n|move|p1a: Toxtricity|Metronome|p1a: Toxtricity\n|move|p1a: Toxtricity|Gyro Ball|p2a: Mew|[from]move: Metronome\n|-damage|p2a: Mew|51\/100 par\n|move|p2a: Mew|Dragon Tail|p1a: Toxtricity\n|-damage|p1a: Toxtricity|37\/100\n|drag|p1a: Gengar|Gengar, F|29\/100 par\n|\n|-heal|p1a: Gengar|35\/100 par|[from] item: Black Sludge\n|upkeep\n|turn|47\n|\n|t:|1701098045\n|move|p1a: Gengar|Night Shade|p2a: Mew\n|-damage|p2a: Mew|26\/100 par\n|cant|p2a: Mew|par\n|\n|-heal|p1a: Gengar|41\/100 par|[from] item: Black Sludge\n|upkeep\n|turn|48\n|\n|t:|1701098051\n|move|p1a: Gengar|Night Shade|p2a: Mew\n|-damage|p2a: Mew|2\/100 par\n|move|p2a: Mew|Soft-Boiled|p2a: Mew\n|-heal|p2a: Mew|52\/100 par\n|\n|-heal|p1a: Gengar|47\/100 par|[from] item: Black Sludge\n|upkeep\n|turn|49\n|\n|t:|1701098058\n|cant|p1a: Gengar|par\n|cant|p2a: Mew|par\n|\n|-heal|p1a: Gengar|54\/100 par|[from] item: Black Sludge\n|upkeep\n|turn|50\n|\n|t:|1701098063\n|cant|p1a: Gengar|par\n|cant|p2a: Mew|par\n|\n|-heal|p1a: Gengar|60\/100 par|[from] item: Black Sludge\n|upkeep\n|turn|51\n|\n|t:|1701098070\n|move|p1a: Gengar|Clear Smog|p2a: Mew\n|-damage|p2a: Mew|41\/100 par\n|-clearboost|p2a: Mew\n|cant|p2a: Mew|par\n|\n|-heal|p1a: Gengar|66\/100 par|[from] item: Black Sludge\n|upkeep\n|turn|52\n|\n|t:|1701098078\n|move|p1a: Gengar|Night Shade|p2a: Mew\n|-damage|p2a: Mew|16\/100 par\n|move|p2a: Mew|Dragon Tail|p1a: Gengar\n|-damage|p1a: Gengar|38\/100 par\n|drag|p1a: Toxtricity|Toxtricity, M|37\/100\n|\n|upkeep\n|turn|53\n|\n|t:|1701098087\n|move|p1a: Toxtricity|Boomburst|p2a: Mew\n|-damage|p2a: Mew|0 fnt\n|faint|p2a: Mew\n|\n|upkeep\n|\n|t:|1701098092\n|switch|p2a: Blissey|Blissey, F, tera:Fairy|78\/100\n|turn|54\n|\n|t:|1701098096\n|move|p1a: Toxtricity|Nuzzle|p2a: Blissey\n|-damage|p2a: Blissey|73\/100\n|-status|p2a: Blissey|par\n|move|p2a: Blissey|Echoed Voice|p1a: Toxtricity\n|-damage|p1a: Toxtricity|28\/100\n|\n|-heal|p2a: Blissey|79\/100 par|[from] item: Leftovers\n|upkeep\n|turn|55\n|\n|t:|1701098104\n|move|p1a: Toxtricity|Metronome|p1a: Toxtricity\n|move|p1a: Toxtricity|Petal Dance|p2a: Blissey|[from]move: Metronome\n|-damage|p2a: Blissey|64\/100 par\n|move|p2a: Blissey|Echoed Voice|p1a: Toxtricity\n|-damage|p1a: Toxtricity|10\/100\n|\n|-heal|p2a: Blissey|70\/100 par|[from] item: Leftovers\n|upkeep\n|turn|56\n|\n|t:|1701098113\n|move|p1a: Toxtricity|Petal Dance|p2a: Blissey|[from]lockedmove\n|-damage|p2a: Blissey|55\/100 par\n|-start|p1a: Toxtricity|confusion|[fatigue]\n|move|p2a: Blissey|Echoed Voice|p1a: Toxtricity\n|-damage|p1a: Toxtricity|0 fnt\n|faint|p1a: Toxtricity\n|\n|-heal|p2a: Blissey|61\/100 par|[from] item: Leftovers\n|upkeep\n|\n|t:|1701098116\n|switch|p1a: Gengar|Gengar, F|38\/100 par\n|turn|57\n|\n|t:|1701098124\n|move|p1a: Gengar|Metronome|p1a: Gengar\n|move|p1a: Gengar|Acrobatics|p2a: Blissey|[from]move: Metronome\n|-damage|p2a: Blissey|54\/100 par\n|move|p2a: Blissey|Soft-Boiled|p2a: Blissey\n|-heal|p2a: Blissey|100\/100 par\n|\n|-heal|p1a: Gengar|44\/100 par|[from] item: Black Sludge\n|upkeep\n|turn|58\n|\n|t:|1701098133\n|move|p1a: Gengar|Metronome|p1a: Gengar\n|move|p1a: Gengar|Haze|p1a: Gengar|[from]move: Metronome\n|-clearallboost\n|move|p2a: Blissey|Dazzling Gleam|p1a: Gengar\n|-resisted|p1a: Gengar\n|-damage|p1a: Gengar|26\/100 par\n|-start|p2a: Blissey|Disable|Dazzling Gleam|[from] ability: Cursed Body|[of] p1a: Gengar\n|\n|-heal|p1a: Gengar|32\/100 par|[from] item: Black Sludge\n|upkeep\n|turn|59\n|\n|t:|1701098144\n|move|p1a: Gengar|Night Shade|p2a: Blissey\n|-damage|p2a: Blissey|86\/100 par\n|move|p2a: Blissey|Echoed Voice|p1a: Gengar\n|-immune|p1a: Gengar\n|\n|-heal|p1a: Gengar|38\/100 par|[from] item: Black Sludge\n|-heal|p2a: Blissey|93\/100 par|[from] item: Leftovers\n|upkeep\n|turn|60\n|\n|t:|1701098152\n|move|p1a: Gengar|Night Shade|p2a: Blissey\n|-damage|p2a: Blissey|79\/100 par\n|cant|p2a: Blissey|par\n|\n|-heal|p1a: Gengar|44\/100 par|[from] item: Black Sludge\n|-heal|p2a: Blissey|85\/100 par|[from] item: Leftovers\n|upkeep\n|turn|61\n|\n|t:|1701098160\n|move|p1a: Gengar|Metronome|p1a: Gengar\n|move|p1a: Gengar|Water Shuriken|p2a: Blissey|[from]move: Metronome\n|-damage|p2a: Blissey|83\/100 par\n|-damage|p2a: Blissey|81\/100 par\n|-hitcount|p2a: Blissey|2\n|move|p2a: Blissey|Echoed Voice|p1a: Gengar\n|-immune|p1a: Gengar\n|\n|-heal|p1a: Gengar|50\/100 par|[from] item: Black Sludge\n|-heal|p2a: Blissey|87\/100 par|[from] item: Leftovers\n|-end|p2a: Blissey|Disable\n|upkeep\n|turn|62\n|\n|t:|1701098171\n|move|p1a: Gengar|Metronome|p1a: Gengar\n|move|p1a: Gengar|Poison Gas||[from]move: Metronome|[still]\n|-fail|p1a: Gengar\n|move|p2a: Blissey|Dazzling Gleam|p1a: Gengar\n|-resisted|p1a: Gengar\n|-damage|p1a: Gengar|33\/100 par\n|-start|p2a: Blissey|Disable|Dazzling Gleam|[from] ability: Cursed Body|[of] p1a: Gengar\n|\n|-heal|p1a: Gengar|39\/100 par|[from] item: Black Sludge\n|-heal|p2a: Blissey|93\/100 par|[from] item: Leftovers\n|upkeep\n|turn|63\n|\n|t:|1701098181\n|move|p1a: Gengar|Metronome|p1a: Gengar\n|move|p1a: Gengar|Gunk Shot|p2a: Blissey|[from]move: Metronome\n|-supereffective|p2a: Blissey\n|-damage|p2a: Blissey|52\/100 par\n|move|p2a: Blissey|Echoed Voice|p1a: Gengar\n|-immune|p1a: Gengar\n|\n|-heal|p1a: Gengar|46\/100 par|[from] item: Black Sludge\n|-heal|p2a: Blissey|58\/100 par|[from] item: Leftovers\n|upkeep\n|turn|64\n|\n|t:|1701098191\n|cant|p1a: Gengar|par\n|move|p2a: Blissey|Echoed Voice|p1a: Gengar\n|-immune|p1a: Gengar\n|\n|-heal|p1a: Gengar|52\/100 par|[from] item: Black Sludge\n|-heal|p2a: Blissey|64\/100 par|[from] item: Leftovers\n|upkeep\n|turn|65\n|\n|t:|1701098200\n|move|p1a: Gengar|Clear Smog|p2a: Blissey\n|-supereffective|p2a: Blissey\n|-damage|p2a: Blissey|45\/100 par\n|-clearboost|p2a: Blissey\n|move|p2a: Blissey|Echoed Voice|p1a: Gengar\n|-immune|p1a: Gengar\n|\n|-heal|p1a: Gengar|58\/100 par|[from] item: Black Sludge\n|-heal|p2a: Blissey|51\/100 par|[from] item: Leftovers\n|-end|p2a: Blissey|Disable\n|upkeep\n|turn|66\n|\n|t:|1701098211\n|move|p1a: Gengar|Clear Smog|p2a: Blissey\n|-supereffective|p2a: Blissey\n|-damage|p2a: Blissey|32\/100 par\n|-clearboost|p2a: Blissey\n|move|p2a: Blissey|Heal Bell|p2a: Blissey\n|-activate|p2a: Blissey|move: Heal Bell\n|-curestatus|p2a: Blissey|par|[msg]\n|\n|-heal|p1a: Gengar|64\/100 par|[from] item: Black Sludge\n|-heal|p2a: Blissey|38\/100|[from] item: Leftovers\n|upkeep\n|turn|67\n|\n|t:|1701098223\n|move|p1a: Gengar|Clear Smog|p2a: Blissey\n|-supereffective|p2a: Blissey\n|-damage|p2a: Blissey|19\/100\n|-clearboost|p2a: Blissey\n|move|p2a: Blissey|Soft-Boiled|p2a: Blissey\n|-heal|p2a: Blissey|69\/100\n|\n|-heal|p1a: Gengar|70\/100 par|[from] item: Black Sludge\n|-heal|p2a: Blissey|75\/100|[from] item: Leftovers\n|upkeep\n|turn|68\n|\n|t:|1701098249\n|move|p1a: Gengar|Clear Smog|p2a: Blissey\n|-supereffective|p2a: Blissey\n|-damage|p2a: Blissey|55\/100\n|-clearboost|p2a: Blissey\n|move|p2a: Blissey|Dazzling Gleam|p1a: Gengar\n|-resisted|p1a: Gengar\n|-damage|p1a: Gengar|54\/100 par\n|-start|p2a: Blissey|Disable|Dazzling Gleam|[from] ability: Cursed Body|[of] p1a: Gengar\n|\n|-heal|p1a: Gengar|60\/100 par|[from] item: Black Sludge\n|-heal|p2a: Blissey|61\/100|[from] item: Leftovers\n|upkeep\n|turn|69\n|\n|t:|1701098261\n|move|p1a: Gengar|Clear Smog|p2a: Blissey\n|-supereffective|p2a: Blissey\n|-damage|p2a: Blissey|40\/100\n|-clearboost|p2a: Blissey\n|move|p2a: Blissey|Echoed Voice|p1a: Gengar\n|-immune|p1a: Gengar\n|\n|-heal|p1a: Gengar|66\/100 par|[from] item: Black Sludge\n|-heal|p2a: Blissey|46\/100|[from] item: Leftovers\n|upkeep\n|turn|70\n|\n|t:|1701098271\n|move|p1a: Gengar|Clear Smog|p2a: Blissey\n|-supereffective|p2a: Blissey\n|-damage|p2a: Blissey|28\/100\n|-clearboost|p2a: Blissey\n|move|p2a: Blissey|Echoed Voice|p1a: Gengar\n|-immune|p1a: Gengar\n|\n|-heal|p1a: Gengar|72\/100 par|[from] item: Black Sludge\n|-heal|p2a: Blissey|34\/100|[from] item: Leftovers\n|upkeep\n|turn|71\n|\n|t:|1701098287\n|move|p1a: Gengar|Clear Smog|p2a: Blissey\n|-supereffective|p2a: Blissey\n|-damage|p2a: Blissey|14\/100\n|-clearboost|p2a: Blissey\n|move|p2a: Blissey|Soft-Boiled|p2a: Blissey\n|-heal|p2a: Blissey|64\/100\n|\n|-heal|p1a: Gengar|78\/100 par|[from] item: Black Sludge\n|-heal|p2a: Blissey|70\/100|[from] item: Leftovers\n|-end|p2a: Blissey|Disable\n|upkeep\n|turn|72\n|\n|t:|1701098299\n|cant|p1a: Gengar|par\n|move|p2a: Blissey|Echoed Voice|p1a: Gengar\n|-immune|p1a: Gengar\n|\n|-heal|p1a: Gengar|84\/100 par|[from] item: Black Sludge\n|-heal|p2a: Blissey|76\/100|[from] item: Leftovers\n|upkeep\n|turn|73\n|\n|t:|1701098307\n|move|p1a: Gengar|Destiny Bond|p1a: Gengar\n|-singlemove|p1a: Gengar|Destiny Bond\n|move|p2a: Blissey|Dazzling Gleam|p1a: Gengar\n|-resisted|p1a: Gengar\n|-damage|p1a: Gengar|65\/100 par\n|-start|p2a: Blissey|Disable|Dazzling Gleam|[from] ability: Cursed Body|[of] p1a: Gengar\n|\n|-heal|p1a: Gengar|71\/100 par|[from] item: Black Sludge\n|-heal|p2a: Blissey|83\/100|[from] item: Leftovers\n|upkeep\n|turn|74\n|\n|t:|1701098316\n|cant|p1a: Gengar|par\n|move|p2a: Blissey|Echoed Voice|p1a: Gengar\n|-immune|p1a: Gengar\n|\n|-heal|p1a: Gengar|78\/100 par|[from] item: Black Sludge\n|-heal|p2a: Blissey|89\/100|[from] item: Leftovers\n|upkeep\n|turn|75\n|\n|t:|1701098323\n|move|p1a: Gengar|Destiny Bond|p1a: Gengar\n|-singlemove|p1a: Gengar|Destiny Bond\n|move|p2a: Blissey|Echoed Voice|p1a: Gengar\n|-immune|p1a: Gengar\n|\n|-heal|p1a: Gengar|84\/100 par|[from] item: Black Sludge\n|-heal|p2a: Blissey|95\/100|[from] item: Leftovers\n|upkeep\n|turn|76\n|\n|t:|1701098331\n|move|p1a: Gengar|Destiny Bond||[still]\n|-fail|p1a: Gengar\n|move|p2a: Blissey|Echoed Voice|p1a: Gengar\n|-immune|p1a: Gengar\n|\n|-heal|p1a: Gengar|90\/100 par|[from] item: Black Sludge\n|-heal|p2a: Blissey|100\/100|[from] item: Leftovers\n|-end|p2a: Blissey|Disable\n|upkeep\n|turn|77\n|\n|t:|1701098341\n|move|p1a: Gengar|Destiny Bond|p1a: Gengar\n|-singlemove|p1a: Gengar|Destiny Bond\n|move|p2a: Blissey|Dazzling Gleam|p1a: Gengar\n|-resisted|p1a: Gengar\n|-damage|p1a: Gengar|70\/100 par\n|\n|-heal|p1a: Gengar|76\/100 par|[from] item: Black Sludge\n|upkeep\n|turn|78\n|\n|t:|1701098349\n|move|p1a: Gengar|Destiny Bond||[still]\n|-fail|p1a: Gengar\n|move|p2a: Blissey|Dazzling Gleam|p1a: Gengar\n|-resisted|p1a: Gengar\n|-damage|p1a: Gengar|58\/100 par\n|-start|p2a: Blissey|Disable|Dazzling Gleam|[from] ability: Cursed Body|[of] p1a: Gengar\n|\n|-heal|p1a: Gengar|64\/100 par|[from] item: Black Sludge\n|upkeep\n|turn|79\n|\n|t:|1701098357\n|move|p1a: Gengar|Destiny Bond|p1a: Gengar\n|-singlemove|p1a: Gengar|Destiny Bond\n|move|p2a: Blissey|Echoed Voice|p1a: Gengar\n|-immune|p1a: Gengar\n|\n|-heal|p1a: Gengar|70\/100 par|[from] item: Black Sludge\n|upkeep\n|turn|80\n|\n|t:|1701098364\n|move|p1a: Gengar|Destiny Bond||[still]\n|-fail|p1a: Gengar\n|move|p2a: Blissey|Echoed Voice|p1a: Gengar\n|-immune|p1a: Gengar\n|\n|-heal|p1a: Gengar|76\/100 par|[from] item: Black Sludge\n|upkeep\n|turn|81\n|\n|t:|1701098371\n|cant|p1a: Gengar|par\n|move|p2a: Blissey|Echoed Voice|p1a: Gengar\n|-immune|p1a: Gengar\n|\n|-heal|p1a: Gengar|83\/100 par|[from] item: Black Sludge\n|-end|p2a: Blissey|Disable\n|upkeep\n|turn|82\n|\n|t:|1701098378\n|cant|p1a: Gengar|par\n|move|p2a: Blissey|Dazzling Gleam|p1a: Gengar\n|-resisted|p1a: Gengar\n|-damage|p1a: Gengar|63\/100 par\n|\n|-heal|p1a: Gengar|70\/100 par|[from] item: Black Sludge\n|upkeep\n|turn|83\n|\n|t:|1701098385\n|move|p1a: Gengar|Destiny Bond|p1a: Gengar\n|-singlemove|p1a: Gengar|Destiny Bond\n|move|p2a: Blissey|Dazzling Gleam|p1a: Gengar\n|-resisted|p1a: Gengar\n|-damage|p1a: Gengar|50\/100 par\n|\n|-heal|p1a: Gengar|57\/100 par|[from] item: Black Sludge\n|upkeep\n|turn|84\n|\n|t:|1701098392\n|move|p1a: Gengar|Night Shade|p2a: Blissey\n|-damage|p2a: Blissey|86\/100\n|move|p2a: Blissey|Dazzling Gleam|p1a: Gengar\n|-resisted|p1a: Gengar\n|-damage|p1a: Gengar|39\/100 par\n|\n|-heal|p1a: Gengar|45\/100 par|[from] item: Black Sludge\n|-heal|p2a: Blissey|93\/100|[from] item: Leftovers\n|upkeep\n|turn|85\n|\n|t:|1701098400\n|cant|p1a: Gengar|par\n|move|p2a: Blissey|Dazzling Gleam|p1a: Gengar\n|-resisted|p1a: Gengar\n|-damage|p1a: Gengar|26\/100 par\n|\n|-heal|p1a: Gengar|32\/100 par|[from] item: Black Sludge\n|-heal|p2a: Blissey|99\/100|[from] item: Leftovers\n|upkeep\n|turn|86\n|\n|t:|1701098408\n|move|p1a: Gengar|Night Shade|p2a: Blissey\n|-damage|p2a: Blissey|85\/100\n|move|p2a: Blissey|Dazzling Gleam|p1a: Gengar\n|-resisted|p1a: Gengar\n|-damage|p1a: Gengar|15\/100 par\n|-start|p2a: Blissey|Disable|Dazzling Gleam|[from] ability: Cursed Body|[of] p1a: Gengar\n|\n|-heal|p1a: Gengar|21\/100 par|[from] item: Black Sludge\n|-heal|p2a: Blissey|91\/100|[from] item: Leftovers\n|upkeep\n|turn|87\n|\n|t:|1701098417\n|move|p1a: Gengar|Night Shade|p2a: Blissey\n|-damage|p2a: Blissey|77\/100\n|move|p2a: Blissey|Echoed Voice|p1a: Gengar\n|-immune|p1a: Gengar\n|\n|-heal|p1a: Gengar|27\/100 par|[from] item: Black Sludge\n|-heal|p2a: Blissey|83\/100|[from] item: Leftovers\n|upkeep\n|turn|88\n|\n|t:|1701098426\n|move|p1a: Gengar|Night Shade|p2a: Blissey\n|-damage|p2a: Blissey|69\/100\n|move|p2a: Blissey|Echoed Voice|p1a: Gengar\n|-immune|p1a: Gengar\n|\n|-heal|p1a: Gengar|33\/100 par|[from] item: Black Sludge\n|-heal|p2a: Blissey|75\/100|[from] item: Leftovers\n|upkeep\n|turn|89\n|\n|t:|1701098434\n|move|p1a: Gengar|Night Shade|p2a: Blissey\n|-damage|p2a: Blissey|61\/100\n|move|p2a: Blissey|Soft-Boiled|p2a: Blissey\n|-heal|p2a: Blissey|100\/100\n|\n|-heal|p1a: Gengar|39\/100 par|[from] item: Black Sludge\n|-end|p2a: Blissey|Disable\n|upkeep\n|turn|90\n|\n|t:|1701098442\n|move|p1a: Gengar|Night Shade|p2a: Blissey\n|-damage|p2a: Blissey|86\/100\n|move|p2a: Blissey|Dazzling Gleam|p1a: Gengar\n|-resisted|p1a: Gengar\n|-damage|p1a: Gengar|22\/100 par\n|\n|-heal|p1a: Gengar|28\/100 par|[from] item: Black Sludge\n|-heal|p2a: Blissey|93\/100|[from] item: Leftovers\n|upkeep\n|turn|91\n|\n|t:|1701098451\n|move|p1a: Gengar|Night Shade|p2a: Blissey\n|-damage|p2a: Blissey|79\/100\n|move|p2a: Blissey|Echoed Voice|p1a: Gengar\n|-immune|p1a: Gengar\n|\n|-heal|p1a: Gengar|34\/100 par|[from] item: Black Sludge\n|-heal|p2a: Blissey|85\/100|[from] item: Leftovers\n|upkeep\n|turn|92\n|\n|t:|1701098460\n|move|p1a: Gengar|Night Shade|p2a: Blissey\n|-damage|p2a: Blissey|71\/100\n|move|p2a: Blissey|Heal Bell||[still]\n|-activate|p2a: Blissey|move: Heal Bell\n|-fail|p2a: Blissey\n|\n|-heal|p1a: Gengar|41\/100 par|[from] item: Black Sludge\n|-heal|p2a: Blissey|77\/100|[from] item: Leftovers\n|upkeep\n|turn|93\n|\n|t:|1701098468\n|move|p1a: Gengar|Night Shade|p2a: Blissey\n|-damage|p2a: Blissey|63\/100\n|move|p2a: Blissey|Heal Bell||[still]\n|-activate|p2a: Blissey|move: Heal Bell\n|-fail|p2a: Blissey\n|\n|-heal|p1a: Gengar|47\/100 par|[from] item: Black Sludge\n|-heal|p2a: Blissey|69\/100|[from] item: Leftovers\n|upkeep\n|turn|94\n|\n|t:|1701098477\n|move|p1a: Gengar|Night Shade|p2a: Blissey\n|-damage|p2a: Blissey|55\/100\n|move|p2a: Blissey|Heal Bell||[still]\n|-activate|p2a: Blissey|move: Heal Bell\n|-fail|p2a: Blissey\n|\n|-heal|p1a: Gengar|53\/100 par|[from] item: Black Sludge\n|-heal|p2a: Blissey|61\/100|[from] item: Leftovers\n|upkeep\n|turn|95\n|\n|t:|1701098486\n|move|p1a: Gengar|Night Shade|p2a: Blissey\n|-damage|p2a: Blissey|47\/100\n|move|p2a: Blissey|Heal Bell||[still]\n|-activate|p2a: Blissey|move: Heal Bell\n|-fail|p2a: Blissey\n|\n|-heal|p1a: Gengar|59\/100 par|[from] item: Black Sludge\n|-heal|p2a: Blissey|53\/100|[from] item: Leftovers\n|upkeep\n|turn|96\n|\n|t:|1701098495\n|cant|p1a: Gengar|par\n|move|p2a: Blissey|Heal Bell||[still]\n|-activate|p2a: Blissey|move: Heal Bell\n|-fail|p2a: Blissey\n|\n|-heal|p1a: Gengar|65\/100 par|[from] item: Black Sludge\n|-heal|p2a: Blissey|60\/100|[from] item: Leftovers\n|upkeep\n|turn|97\n|\n|t:|1701098503\n|move|p1a: Gengar|Night Shade|p2a: Blissey\n|-damage|p2a: Blissey|46\/100\n|move|p2a: Blissey|Soft-Boiled|p2a: Blissey\n|-heal|p2a: Blissey|96\/100\n|\n|-heal|p1a: Gengar|71\/100 par|[from] item: Black Sludge\n|-heal|p2a: Blissey|100\/100|[from] item: Leftovers\n|upkeep\n|turn|98\n|\n|t:|1701098511\n|move|p1a: Gengar|Night Shade|p2a: Blissey\n|-damage|p2a: Blissey|86\/100\n|move|p2a: Blissey|Heal Bell||[still]\n|-activate|p2a: Blissey|move: Heal Bell\n|-fail|p2a: Blissey\n|\n|-heal|p1a: Gengar|77\/100 par|[from] item: Black Sludge\n|-heal|p2a: Blissey|93\/100|[from] item: Leftovers\n|upkeep\n|turn|99\n|\n|t:|1701098520\n|move|p1a: Gengar|Night Shade|p2a: Blissey\n|-damage|p2a: Blissey|79\/100\n|move|p2a: Blissey|Soft-Boiled|p2a: Blissey\n|-heal|p2a: Blissey|100\/100\n|\n|-heal|p1a: Gengar|83\/100 par|[from] item: Black Sludge\n|upkeep\n|turn|100\n|\n|t:|1701098527\n|cant|p1a: Gengar|par\n|move|p2a: Blissey|Soft-Boiled||[still]\n|-fail|p2a: Blissey|heal\n|\n|-heal|p1a: Gengar|89\/100 par|[from] item: Black Sludge\n|upkeep\n|turn|101\n|\n|t:|1701098533\n|move|p1a: Gengar|Night Shade|p2a: Blissey\n|-damage|p2a: Blissey|86\/100\n|move|p2a: Blissey|Heal Bell||[still]\n|-activate|p2a: Blissey|move: Heal Bell\n|-fail|p2a: Blissey\n|\n|-heal|p1a: Gengar|96\/100 par|[from] item: Black Sludge\n|-heal|p2a: Blissey|93\/100|[from] item: Leftovers\n|upkeep\n|turn|102\n|\n|t:|1701098542\n|move|p1a: Gengar|Night Shade|p2a: Blissey\n|-damage|p2a: Blissey|79\/100\n|move|p2a: Blissey|Soft-Boiled|p2a: Blissey\n|-heal|p2a: Blissey|100\/100\n|\n|-heal|p1a: Gengar|100\/100 par|[from] item: Black Sludge\n|upkeep\n|turn|103\n|\n|t:|1701098550\n|cant|p1a: Gengar|par\n|-activate|p2a: Blissey|move: Struggle\n|move|p2a: Blissey|Struggle|p1a: Gengar\n|-damage|p1a: Gengar|98\/100 par\n|-damage|p2a: Blissey|75\/100|[from] recoil\n|\n|-heal|p1a: Gengar|100\/100 par|[from] item: Black Sludge\n|-heal|p2a: Blissey|82\/100|[from] item: Leftovers\n|upkeep\n|turn|104\n|\n|t:|1701098558\n|move|p1a: Gengar|Clear Smog|p2a: Blissey\n|-supereffective|p2a: Blissey\n|-damage|p2a: Blissey|61\/100\n|-clearboost|p2a: Blissey\n|-activate|p2a: Blissey|move: Struggle\n|move|p2a: Blissey|Struggle|p1a: Gengar\n|-damage|p1a: Gengar|98\/100 par\n|-damage|p2a: Blissey|36\/100|[from] recoil\n|\n|-heal|p1a: Gengar|100\/100 par|[from] item: Black Sludge\n|-heal|p2a: Blissey|42\/100|[from] item: Leftovers\n|upkeep\n|turn|105\n|\n|t:|1701098569\n|move|p1a: Gengar|Clear Smog|p2a: Blissey\n|-supereffective|p2a: Blissey\n|-damage|p2a: Blissey|23\/100\n|-clearboost|p2a: Blissey\n|-activate|p2a: Blissey|move: Struggle\n|move|p2a: Blissey|Struggle|p1a: Gengar\n|-damage|p1a: Gengar|98\/100 par\n|-damage|p2a: Blissey|0 fnt|[from] recoil\n|faint|p2a: Blissey\n|\n|win|bigdwg123\n|raw|bigdwg123's rating: 1171 &rarr; <strong>1193<\/strong><br \/>(+22 for winning)\n|raw|aulait's rating: 1133 &rarr; <strong>1111<\/strong><br \/>(-22 for losing)\n|c|\u2606bigdwg123|gg\n|l|\u2606aulait\n|c|\u2606bigdwg123|very long game\n","uploadtime":1701098585,"views":6,"p1id":"bigdwg123","p2id":"aulait","formatid":"gen9nationaldex","rating":1111,"private":0,"password":""}