{"id":"gen9nationaldex-1989267094","p1":"Mg146","p2":"loch2009","format":"[Gen 9] National Dex","log":"|j|\u2606Mg146\n|j|\u2606loch2009\n|t:|1699829829\n|gametype|singles\n|player|p1|Mg146|giovanni|1225\n|player|p2|loch2009|lance|1133\n|teamsize|p1|6\n|teamsize|p2|6\n|gen|9\n|tier|[Gen 9] National Dex\n|rated|\n|rule|HP Percentage Mod: HP is shown in percentages\n|rule|Endless Battle Clause: Forcing endless battles is banned\n|rule|OHKO Clause: OHKO moves are banned\n|rule|Evasion Clause: Evasion abilities, items, and moves are banned\n|rule|Evasion Abilities Clause: Evasion abilities are banned\n|rule|Evasion Items Clause: Evasion items are banned\n|rule|Evasion Moves Clause: Evasion moves are banned\n|rule|Species Clause: Limit one of each Pok\u00e9mon\n|rule|Sleep Clause Mod: Limit one foe put to sleep\n|clearpoke\n|poke|p1|Rotom-Wash|\n|poke|p1|Alomomola, F|\n|poke|p1|Bisharp, M|\n|poke|p1|Lopunny, F|\n|poke|p1|Rillaboom, M|\n|poke|p1|Volcarona, M|\n|poke|p2|Articuno-Galar|\n|poke|p2|Gyarados, F|\n|poke|p2|Tapu Koko|\n|poke|p2|Xurkitree|\n|poke|p2|Aerodactyl, F|\n|poke|p2|Mew|\n|teampreview\n|inactive|Battle timer is ON: inactive players will automatically lose when time's up. (requested by Mg146)\n|\n|t:|1699829851\n|start\n|switch|p1a: Rotom|Rotom-Wash, shiny|100\/100\n|switch|p2a: Aerodactyl|Aerodactyl, F|100\/100\n|-ability|p2a: Aerodactyl|Pressure\n|turn|1\n|\n|t:|1699829858\n|move|p2a: Aerodactyl|Stealth Rock|p1a: Rotom\n|-sidestart|p1: Mg146|move: Stealth Rock\n|move|p1a: Rotom|Will-O-Wisp|p2a: Aerodactyl\n|-status|p2a: Aerodactyl|brn\n|\n|-damage|p2a: Aerodactyl|94\/100 brn|[from] brn\n|upkeep\n|turn|2\n|\n|t:|1699829863\n|move|p2a: Aerodactyl|Taunt|p1a: Rotom\n|-start|p1a: Rotom|move: Taunt\n|move|p1a: Rotom|Hydro Pump|p2a: Aerodactyl\n|-supereffective|p2a: Aerodactyl\n|-damage|p2a: Aerodactyl|0 fnt\n|faint|p2a: Aerodactyl\n|\n|upkeep\n|\n|t:|1699829873\n|switch|p2a: Mew|Mew|100\/100\n|turn|3\n|\n|t:|1699829877\n|move|p2a: Mew|Agility|p2a: Mew\n|-boost|p2a: Mew|spe|2\n|move|p1a: Rotom|Volt Switch|p2a: Mew\n|-damage|p2a: Mew|77\/100\n|\n|t:|1699829883\n|switch|p1a: Bisharp|Bisharp, M, shiny|100\/100|[from] Volt Switch\n|-damage|p1a: Bisharp|95\/100|[from] Stealth Rock\n|\n|upkeep\n|turn|4\n|\n|t:|1699829890\n|move|p1a: Bisharp|Sucker Punch||[still]\n|-fail|p1a: Bisharp\n|move|p2a: Mew|Calm Mind|p2a: Mew\n|-boost|p2a: Mew|spa|1\n|-boost|p2a: Mew|spd|1\n|\n|upkeep\n|turn|5\n|\n|t:|1699829895\n|move|p1a: Bisharp|Sucker Punch|p2a: Mew\n|-supereffective|p2a: Mew\n|-damage|p2a: Mew|1\/100\n|move|p2a: Mew|Draining Kiss|p1a: Bisharp\n|-damage|p1a: Bisharp|68\/100\n|-heal|p2a: Mew|16\/100|[from] drain|[of] p1a: Bisharp\n|\n|upkeep\n|turn|6\n|\n|t:|1699829899\n|move|p1a: Bisharp|Sucker Punch|p2a: Mew\n|-supereffective|p2a: Mew\n|-damage|p2a: Mew|0 fnt\n|faint|p2a: Mew\n|\n|upkeep\n|\n|t:|1699829904\n|switch|p2a: Xurkitree|Xurkitree|100\/100\n|turn|7\n|\n|t:|1699829912\n|-zpower|p2a: Xurkitree\n|move|p2a: Xurkitree|Z-Hypnosis|p1a: Bisharp|[anim]Hypnosis\n|-boost|p2a: Xurkitree|spe|1|[zeffect]\n|-status|p1a: Bisharp|slp|[from] move: Hypnosis\n|cant|p1a: Bisharp|slp\n|\n|upkeep\n|turn|8\n|\n|t:|1699829917\n|move|p2a: Xurkitree|Tail Glow|p2a: Xurkitree\n|-boost|p2a: Xurkitree|spa|3\n|cant|p1a: Bisharp|slp\n|\n|upkeep\n|turn|9\n|\n|t:|1699829921\n|move|p2a: Xurkitree|Thunderbolt|p1a: Bisharp\n|-damage|p1a: Bisharp|0 fnt\n|faint|p1a: Bisharp\n|-ability|p2a: Xurkitree|Beast Boost|boost\n|-boost|p2a: Xurkitree|spa|1\n|\n|upkeep\n|\n|t:|1699829924\n|switch|p1a: Rotom|Rotom-Wash, shiny|100\/100\n|-damage|p1a: Rotom|88\/100|[from] Stealth Rock\n|turn|10\n|\n|t:|1699829929\n|move|p2a: Xurkitree|Energy Ball|p1a: Rotom\n|-supereffective|p1a: Rotom\n|-damage|p1a: Rotom|0 fnt\n|faint|p1a: Rotom\n|-ability|p2a: Xurkitree|Beast Boost|boost\n|-boost|p2a: Xurkitree|spa|1\n|\n|upkeep\n|\n|t:|1699829935\n|switch|p1a: Rillaboom|Rillaboom, M, shiny|100\/100\n|-damage|p1a: Rillaboom|88\/100|[from] Stealth Rock\n|-fieldstart|move: Grassy Terrain|[from] ability: Grassy Surge|[of] p1a: Rillaboom\n|turn|11\n|\n|t:|1699829960\n|move|p1a: Rillaboom|Grassy Glide|p2a: Xurkitree\n|-damage|p2a: Xurkitree|18\/100\n|move|p2a: Xurkitree|Thunderbolt|p1a: Rillaboom\n|-resisted|p1a: Rillaboom\n|-damage|p1a: Rillaboom|0 fnt\n|faint|p1a: Rillaboom\n|-ability|p2a: Xurkitree|Beast Boost|boost\n|-boost|p2a: Xurkitree|spa|1\n|\n|-heal|p2a: Xurkitree|25\/100|[from] Grassy Terrain\n|upkeep\n|-message|Mg146 forfeited.\n|\n|win|loch2009\n|raw|Mg146's rating: 1225 &rarr; <strong>1194<\/strong><br \/>(-31 for losing)\n|raw|loch2009's rating: 1133 &rarr; <strong>1164<\/strong><br \/>(+31 for winning)\n|l|\u2606Mg146\n|c|\u2606loch2009|gg\n","uploadtime":1699829978,"views":4,"p1id":"mg146","p2id":"loch2009","formatid":"gen9nationaldex","rating":1164,"private":0,"password":""}