{"id":"gen9nationaldex-1987496505","p1":"Andrews Finn2","p2":"Cchelly","format":"[Gen 9] National Dex","log":"|j|\u2606Andrews Finn2\n|j|\u2606Cchelly\n|t:|1699601573\n|gametype|singles\n|player|p1|Andrews Finn2|steven|1240\n|player|p2|Cchelly|dawn|1183\n|teamsize|p1|6\n|teamsize|p2|6\n|gen|9\n|tier|[Gen 9] National Dex\n|rated|\n|rule|HP Percentage Mod: HP is shown in percentages\n|rule|Endless Battle Clause: Forcing endless battles is banned\n|rule|OHKO Clause: OHKO moves are banned\n|rule|Evasion Clause: Evasion abilities, items, and moves are banned\n|rule|Evasion Abilities Clause: Evasion abilities are banned\n|rule|Evasion Items Clause: Evasion items are banned\n|rule|Evasion Moves Clause: Evasion moves are banned\n|rule|Species Clause: Limit one of each Pok\u00e9mon\n|rule|Sleep Clause Mod: Limit one foe put to sleep\n|clearpoke\n|poke|p1|Kartana|\n|poke|p1|Volcarona, F|\n|poke|p1|Samurott-Hisui, M|\n|poke|p1|Iron Valiant|\n|poke|p1|Tapu Lele|\n|poke|p1|Landorus-Therian, M|\n|poke|p2|Tapu Lele|\n|poke|p2|Landorus-Therian, M|\n|poke|p2|Scizor, F|\n|poke|p2|Ogerpon-Cornerstone, F|\n|poke|p2|Toxapex, F|\n|poke|p2|Heatran, F|\n|teampreview\n|\n|t:|1699601584\n|start\n|switch|p1a: Samurott|Samurott-Hisui, M|100\/100\n|switch|p2a: Landorus|Landorus-Therian, M|100\/100\n|-ability|p2a: Landorus|Intimidate|boost\n|-unboost|p1a: Samurott|atk|1\n|turn|1\n|\n|t:|1699601609\n|move|p1a: Samurott|Aqua Cutter|p2a: Landorus\n|-supereffective|p2a: Landorus\n|-damage|p2a: Landorus|57\/100\n|move|p2a: Landorus|Stealth Rock|p1a: Samurott\n|-sidestart|p1: Andrews Finn2|move: Stealth Rock\n|\n|upkeep\n|turn|2\n|\n|t:|1699601620\n|move|p1a: Samurott|Ceaseless Edge|p2a: Landorus\n|-damage|p2a: Landorus|35\/100\n|-damage|p1a: Samurott|84\/100|[from] item: Rocky Helmet|[of] p2a: Landorus\n|-sidestart|p2: Cchelly|Spikes\n|move|p2a: Landorus|U-turn|p1a: Samurott\n|-supereffective|p1a: Samurott\n|-damage|p1a: Samurott|31\/100\n|\n|t:|1699601634\n|switch|p2a: Ogerpon|Ogerpon-Cornerstone, F|100\/100|[from] U-turn\n|-damage|p2a: Ogerpon|88\/100|[from] Spikes\n|\n|upkeep\n|turn|3\n|\n|t:|1699601643\n|move|p1a: Samurott|Sucker Punch|p2a: Ogerpon\n|-damage|p2a: Ogerpon|59\/100\n|move|p2a: Ogerpon|Horn Leech|p1a: Samurott\n|-supereffective|p1a: Samurott\n|-damage|p1a: Samurott|0 fnt\n|-heal|p2a: Ogerpon|75\/100|[from] drain|[of] p1a: Samurott\n|faint|p1a: Samurott\n|\n|upkeep\n|\n|t:|1699601652\n|switch|p1a: Kartana|Kartana|100\/100\n|-damage|p1a: Kartana|94\/100|[from] Stealth Rock\n|turn|4\n|\n|t:|1699601677\n|switch|p2a: Scizor|Scizor, F|100\/100\n|-damage|p2a: Scizor|88\/100|[from] Spikes\n|move|p1a: Kartana|Swords Dance|p1a: Kartana\n|-boost|p1a: Kartana|atk|2\n|\n|upkeep\n|turn|5\n|\n|t:|1699601686\n|detailschange|p2a: Scizor|Scizor-Mega, F\n|-mega|p2a: Scizor|Scizor|Scizorite\n|move|p1a: Kartana|Sacred Sword|p2a: Scizor\n|-crit|p2a: Scizor\n|-damage|p2a: Scizor|14\/100\n|-damage|p1a: Kartana|84\/100|[from] item: Life Orb\n|move|p2a: Scizor|U-turn|p1a: Kartana\n|-damage|p1a: Kartana|55\/100\n|\n|t:|1699601704\n|switch|p2a: Landorus|Landorus-Therian, M|35\/100|[from] U-turn\n|-ability|p2a: Landorus|Intimidate|boost\n|-unboost|p1a: Kartana|atk|1\n|\n|upkeep\n|turn|6\n|\n|t:|1699601720\n|move|p1a: Kartana|Leaf Blade|p2a: Landorus\n|-damage|p2a: Landorus|0 fnt\n|-damage|p1a: Kartana|39\/100|[from] item: Rocky Helmet|[of] p2a: Landorus\n|faint|p2a: Landorus\n|-ability|p1a: Kartana|Beast Boost|boost\n|-boost|p1a: Kartana|spe|1\n|-damage|p1a: Kartana|29\/100|[from] item: Life Orb\n|\n|upkeep\n|\n|t:|1699601729\n|switch|p2a: Toxapex|Toxapex, F, shiny|100\/100\n|-damage|p2a: Toxapex|88\/100|[from] Spikes\n|turn|7\n|\n|t:|1699601745\n|move|p2a: Toxapex|Baneful Bunker|p2a: Toxapex\n|-singleturn|p2a: Toxapex|move: Protect\n|move|p1a: Kartana|Leaf Blade|p2a: Toxapex\n|-activate|p2a: Toxapex|move: Protect\n|\n|-heal|p2a: Toxapex|94\/100|[from] item: Leftovers\n|upkeep\n|turn|8\n|\n|t:|1699601765\n|-terastallize|p1a: Kartana|Grass\n|-terastallize|p2a: Toxapex|Fairy\n|move|p1a: Kartana|Leaf Blade|p2a: Toxapex\n|-damage|p2a: Toxapex|2\/100\n|-damage|p1a: Kartana|19\/100|[from] item: Life Orb\n|move|p2a: Toxapex|Haze|p2a: Toxapex\n|-clearallboost\n|\n|-heal|p2a: Toxapex|8\/100|[from] item: Leftovers\n|upkeep\n|turn|9\n|\n|t:|1699601780\n|move|p1a: Kartana|Swords Dance|p1a: Kartana\n|-boost|p1a: Kartana|atk|2\n|move|p2a: Toxapex|Infestation|p1a: Kartana\n|-supereffective|p1a: Kartana\n|-damage|p1a: Kartana|7\/100\n|-activate|p1a: Kartana|move: Infestation|[of] p2a: Toxapex\n|\n|-heal|p2a: Toxapex|14\/100|[from] item: Leftovers\n|-damage|p1a: Kartana|0 fnt|[from] move: Infestation|[partiallytrapped]\n|faint|p1a: Kartana\n|upkeep\n|\n|t:|1699601788\n|switch|p1a: Tapu Lele|Tapu Lele|100\/100\n|-damage|p1a: Tapu Lele|88\/100|[from] Stealth Rock\n|-fieldstart|move: Psychic Terrain|[from] ability: Psychic Surge|[of] p1a: Tapu Lele\n|turn|10\n|\n|t:|1699601802\n|move|p1a: Tapu Lele|Psychic|p2a: Toxapex\n|-damage|p2a: Toxapex|0 fnt\n|faint|p2a: Toxapex\n|\n|upkeep\n|\n|t:|1699601807\n|switch|p2a: Heatran|Heatran, F|100\/100\n|-damage|p2a: Heatran|88\/100|[from] Spikes\n|turn|11\n|-message|Cchelly forfeited.\n|\n|win|Andrews Finn2\n|raw|Andrews Finn2's rating: 1240 &rarr; <strong>1261<\/strong><br \/>(+21 for winning)\n|raw|Cchelly's rating: 1183 &rarr; <strong>1162<\/strong><br \/>(-21 for losing)\n|l|\u2606Cchelly\n","uploadtime":1699601824,"views":8,"p1id":"andrewsfinn2","p2id":"cchelly","formatid":"gen9nationaldex","rating":1162,"private":0,"password":""}