{"id":"gen9nationaldex-1994684485","p1":"baigu2","p2":"The Np sweep","format":"[Gen 9] National Dex","log":"|html|<div class=\"broadcast-blue\"><strong>[Gen 9] National Dex is currently suspecting Sneasler! For information on how to participate check out the <a href=\"https:\/\/www.smogon.com\/forums\/threads\/sv-national-dex-suspect-8-just-dance.3731534\/\">suspect thread<\/a>.<\/strong><\/div>\n|j|\u2606baigu2\n|j|\u203dThe Np sweep\n|t:|1700480673\n|gametype|singles\n|player|p1|baigu2|101|1854\n|player|p2|The Np sweep|hilbert|1848\n|teamsize|p1|6\n|teamsize|p2|6\n|gen|9\n|tier|[Gen 9] National Dex\n|rated|\n|rule|HP Percentage Mod: HP is shown in percentages\n|rule|Endless Battle Clause: Forcing endless battles is banned\n|rule|OHKO Clause: OHKO moves are banned\n|rule|Evasion Clause: Evasion abilities, items, and moves are banned\n|rule|Evasion Abilities Clause: Evasion abilities are banned\n|rule|Evasion Items Clause: Evasion items are banned\n|rule|Evasion Moves Clause: Evasion moves are banned\n|rule|Species Clause: Limit one of each Pok\u00e9mon\n|rule|Sleep Clause Mod: Limit one foe put to sleep\n|clearpoke\n|poke|p1|Ursaluna, F|\n|poke|p1|Dragonite, M|\n|poke|p1|Slowking, F|\n|poke|p1|Tapu Koko|\n|poke|p1|Hoopa-Unbound|\n|poke|p1|Great Tusk|\n|poke|p2|Tapu Lele|\n|poke|p2|Iron Valiant|\n|poke|p2|Ferrothorn, F|\n|poke|p2|Zamazenta-*|\n|poke|p2|Aegislash, M|\n|poke|p2|Zapdos|\n|teampreview\n|inactive|Battle timer is ON: inactive players will automatically lose when time's up. (requested by baigu2)\n|j| Feuer und Flammen\n|\n|t:|1700480708\n|start\n|switch|p1a: Tapu Koko|Tapu Koko|100\/100\n|switch|p2a: Iron Valiant|Iron Valiant|100\/100\n|-fieldstart|move: Electric Terrain|[from] ability: Electric Surge|[of] p1a: Tapu Koko\n|-activate|p2a: Iron Valiant|ability: Quark Drive\n|-start|p2a: Iron Valiant|quarkdrivespe\n|turn|1\n|\n|t:|1700480717\n|-end|p2a: Iron Valiant|Quark Drive|[silent]\n|switch|p2a: Ferrothorn|Ferrothorn, F|100\/100\n|move|p1a: Tapu Koko|Dazzling Gleam|p2a: Ferrothorn\n|-resisted|p2a: Ferrothorn\n|-damage|p2a: Ferrothorn|80\/100\n|\n|-heal|p2a: Ferrothorn|87\/100|[from] item: Leftovers\n|upkeep\n|turn|2\n|\n|t:|1700480722\n|switch|p1a: Hoopa|Hoopa-Unbound|100\/100\n|move|p2a: Ferrothorn|Leech Seed|p1a: Hoopa|[miss]\n|-miss|p2a: Ferrothorn|p1a: Hoopa\n|\n|-heal|p2a: Ferrothorn|93\/100|[from] item: Leftovers\n|upkeep\n|turn|3\n|\n|t:|1700480735\n|switch|p2a: Zamazenta|Zamazenta|100\/100\n|-ability|p2a: Zamazenta|Dauntless Shield|boost\n|-boost|p2a: Zamazenta|def|1\n|-zpower|p1a: Hoopa\n|move|p1a: Hoopa|All-Out Pummeling|p2a: Zamazenta|[zeffect]\n|-damage|p2a: Zamazenta|28\/100\n|\n|upkeep\n|turn|4\n|\n|t:|1700480746\n|switch|p1a: Great Tusk|Great Tusk|100\/100\n|move|p2a: Zamazenta|Crunch|p1a: Great Tusk\n|-resisted|p1a: Great Tusk\n|-damage|p1a: Great Tusk|89\/100\n|-damage|p2a: Zamazenta|18\/100|[from] item: Life Orb\n|\n|upkeep\n|turn|5\n|\n|t:|1700480752\n|move|p2a: Zamazenta|Close Combat|p1a: Great Tusk\n|-damage|p1a: Great Tusk|43\/100\n|-unboost|p2a: Zamazenta|def|1\n|-unboost|p2a: Zamazenta|spd|1\n|-damage|p2a: Zamazenta|8\/100|[from] item: Life Orb\n|move|p1a: Great Tusk|Stealth Rock|p2a: Zamazenta\n|-sidestart|p2: The Np sweep|move: Stealth Rock\n|\n|-fieldend|move: Electric Terrain\n|upkeep\n|turn|6\n|\n|t:|1700480778\n|switch|p2a: Zapdos|Zapdos, shiny|100\/100\n|move|p1a: Great Tusk|Ice Spinner|p2a: Zapdos\n|-supereffective|p2a: Zapdos\n|-damage|p2a: Zapdos|53\/100\n|-status|p1a: Great Tusk|par|[from] ability: Static|[of] p2a: Zapdos\n|\n|upkeep\n|turn|7\n|\n|t:|1700480788\n|-end|p1a: Great Tusk|Protosynthesis|[silent]\n|switch|p1a: Tapu Koko|Tapu Koko|100\/100\n|-fieldstart|move: Electric Terrain|[from] ability: Electric Surge|[of] p1a: Tapu Koko\n|move|p2a: Zapdos|Roost|p2a: Zapdos\n|-heal|p2a: Zapdos|100\/100\n|-singleturn|p2a: Zapdos|move: Roost\n|\n|upkeep\n|turn|8\n|\n|t:|1700480796\n|move|p1a: Tapu Koko|Thunderbolt|p2a: Zapdos\n|-damage|p2a: Zapdos|29\/100\n|move|p2a: Zapdos|Defog|p1a: Tapu Koko\n|-unboost|p1a: Tapu Koko|evasion|1\n|-sideend|p2: The Np sweep|Stealth Rock|[from] move: Defog|[of] p2a: Zapdos\n|-fieldend|move: Electric Terrain\n|\n|upkeep\n|turn|9\n|\n|t:|1700480800\n|switch|p2a: Ferrothorn|Ferrothorn, F|93\/100\n|move|p1a: Tapu Koko|Thunderbolt|p2a: Ferrothorn\n|-resisted|p2a: Ferrothorn\n|-damage|p2a: Ferrothorn|72\/100\n|\n|-heal|p2a: Ferrothorn|78\/100|[from] item: Leftovers\n|upkeep\n|turn|10\n|\n|t:|1700480806\n|switch|p1a: Hoopa|Hoopa-Unbound|100\/100\n|switch|p2a: Iron Valiant|Iron Valiant|100\/100\n|\n|upkeep\n|turn|11\n|\n|t:|1700480809\n|switch|p1a: Slowking|Slowking, F|100\/100\n|move|p2a: Iron Valiant|Close Combat|p1a: Slowking\n|-resisted|p1a: Slowking\n|-damage|p1a: Slowking|60\/100\n|-unboost|p2a: Iron Valiant|def|1\n|-unboost|p2a: Iron Valiant|spd|1\n|-damage|p2a: Iron Valiant|91\/100|[from] item: Life Orb\n|\n|upkeep\n|turn|12\n|\n|t:|1700480818\n|move|p2a: Iron Valiant|Knock Off|p1a: Slowking\n|-supereffective|p1a: Slowking\n|-damage|p1a: Slowking|0 fnt\n|-enditem|p1a: Slowking|Heavy-Duty Boots|[from] move: Knock Off|[of] p2a: Iron Valiant\n|faint|p1a: Slowking\n|-damage|p2a: Iron Valiant|81\/100|[from] item: Life Orb\n|\n|upkeep\n|\n|t:|1700480824\n|switch|p1a: Dragonite|Dragonite, M|100\/100\n|turn|13\n|\n|t:|1700480828\n|move|p2a: Iron Valiant|Moonblast|p1a: Dragonite\n|-supereffective|p1a: Dragonite\n|-damage|p1a: Dragonite|52\/100\n|-damage|p2a: Iron Valiant|71\/100|[from] item: Life Orb\n|move|p1a: Dragonite|Fire Punch|p2a: Iron Valiant\n|-damage|p2a: Iron Valiant|0 fnt\n|faint|p2a: Iron Valiant\n|-end|p2a: Iron Valiant|Quark Drive|[silent]\n|\n|upkeep\n|\n|t:|1700480836\n|switch|p2a: Tapu Lele|Tapu Lele, shiny|100\/100\n|-fieldstart|move: Psychic Terrain|[from] ability: Psychic Surge|[of] p2a: Tapu Lele\n|turn|14\n|\n|t:|1700480843\n|switch|p1a: Great Tusk|Great Tusk|43\/100 par\n|move|p2a: Tapu Lele|Moonblast|p1a: Great Tusk\n|-supereffective|p1a: Great Tusk\n|-crit|p1a: Great Tusk\n|-damage|p1a: Great Tusk|0 fnt\n|faint|p1a: Great Tusk\n|-end|p1a: Great Tusk|Protosynthesis|[silent]\n|\n|upkeep\n|\n|t:|1700480845\n|switch|p1a: Tapu Koko|Tapu Koko|100\/100\n|-fieldstart|move: Electric Terrain|[from] ability: Electric Surge|[of] p1a: Tapu Koko\n|turn|15\n|\n|t:|1700480855\n|switch|p2a: Ferrothorn|Ferrothorn, F|78\/100\n|move|p1a: Tapu Koko|Volt Switch|p2a: Ferrothorn\n|-resisted|p2a: Ferrothorn\n|-damage|p2a: Ferrothorn|58\/100\n|\n|t:|1700480857\n|switch|p1a: Ursaluna|Ursaluna, F|100\/100|[from] Volt Switch\n|\n|-heal|p2a: Ferrothorn|64\/100|[from] item: Leftovers\n|-status|p1a: Ursaluna|brn|[from] item: Flame Orb\n|upkeep\n|turn|16\n|\n|t:|1700480866\n|switch|p2a: Zapdos|Zapdos, shiny|29\/100\n|move|p1a: Ursaluna|Fire Punch|p2a: Zapdos\n|-damage|p2a: Zapdos|0 fnt\n|faint|p2a: Zapdos\n|\n|-damage|p1a: Ursaluna|94\/100 brn|[from] brn\n|upkeep\n|\n|t:|1700480874\n|switch|p2a: Zamazenta|Zamazenta|8\/100\n|turn|17\n|\n|t:|1700480879\n|switch|p1a: Tapu Koko|Tapu Koko|100\/100\n|move|p2a: Zamazenta|Close Combat|p1a: Tapu Koko\n|-resisted|p1a: Tapu Koko\n|-damage|p1a: Tapu Koko|48\/100\n|-unboost|p2a: Zamazenta|def|1\n|-unboost|p2a: Zamazenta|spd|1\n|-damage|p2a: Zamazenta|0 fnt|[from] item: Life Orb\n|faint|p2a: Zamazenta\n|\n|upkeep\n|\n|t:|1700480881\n|switch|p2a: Tapu Lele|Tapu Lele, shiny|100\/100\n|-fieldstart|move: Psychic Terrain|[from] ability: Psychic Surge|[of] p2a: Tapu Lele\n|turn|18\n|j| xuxiansheng\n|\n|t:|1700480900\n|switch|p1a: Hoopa|Hoopa-Unbound|100\/100\n|move|p2a: Tapu Lele|Moonblast|p1a: Hoopa\n|-supereffective|p1a: Hoopa\n|-damage|p1a: Hoopa|12\/100\n|-unboost|p1a: Hoopa|spa|1\n|\n|upkeep\n|turn|19\n|\n|t:|1700480907\n|move|p2a: Tapu Lele|Moonblast|p1a: Hoopa\n|-supereffective|p1a: Hoopa\n|-damage|p1a: Hoopa|0 fnt\n|faint|p1a: Hoopa\n|\n|upkeep\n|\n|t:|1700480908\n|switch|p1a: Ursaluna|Ursaluna, F|94\/100 brn\n|turn|20\n|\n|t:|1700480911\n|switch|p2a: Ferrothorn|Ferrothorn, F|64\/100\n|move|p1a: Ursaluna|Headlong Rush|p2a: Ferrothorn\n|-damage|p2a: Ferrothorn|0 fnt\n|-unboost|p1a: Ursaluna|def|1\n|-unboost|p1a: Ursaluna|spd|1\n|-damage|p1a: Ursaluna|82\/100 brn|[from] ability: Iron Barbs|[of] p2a: Ferrothorn\n|faint|p2a: Ferrothorn\n|\n|-damage|p1a: Ursaluna|75\/100 brn|[from] brn\n|upkeep\n|\n|t:|1700480913\n|switch|p2a: Tapu Lele|Tapu Lele, shiny|100\/100\n|turn|21\n|\n|t:|1700480920\n|switch|p1a: Tapu Koko|Tapu Koko|48\/100\n|-fieldstart|move: Electric Terrain|[from] ability: Electric Surge|[of] p1a: Tapu Koko\n|-terastallize|p2a: Tapu Lele|Psychic\n|move|p2a: Tapu Lele|Psychic|p1a: Tapu Koko\n|-damage|p1a: Tapu Koko|0 fnt\n|faint|p1a: Tapu Koko\n|\n|upkeep\n|\n|t:|1700480923\n|switch|p1a: Ursaluna|Ursaluna, F|75\/100 brn\n|turn|22\n|\n|t:|1700480931\n|switch|p2a: Aegislash|Aegislash, M, shiny|100\/100\n|move|p1a: Ursaluna|Throat Chop|p2a: Aegislash\n|-supereffective|p2a: Aegislash\n|-damage|p2a: Aegislash|24\/100\n|-start|p2a: Aegislash|Throat Chop|[silent]\n|\n|-damage|p1a: Ursaluna|69\/100 brn|[from] brn\n|upkeep\n|turn|23\n|\n|t:|1700480936\n|switch|p1a: Dragonite|Dragonite, M|52\/100\n|-formechange|p2a: Aegislash|Aegislash-Blade||[from] ability: Stance Change\n|move|p2a: Aegislash|Close Combat|p1a: Dragonite\n|-resisted|p1a: Dragonite\n|-damage|p1a: Dragonite|35\/100\n|-unboost|p2a: Aegislash|def|1\n|-unboost|p2a: Aegislash|spd|1\n|\n|-end|p2a: Aegislash|Throat Chop|[silent]\n|upkeep\n|turn|24\n|\n|t:|1700480943\n|-formechange|p2a: Aegislash|Aegislash||[from] ability: Stance Change\n|move|p2a: Aegislash|King's Shield|p2a: Aegislash\n|-singleturn|p2a: Aegislash|Protect\n|move|p1a: Dragonite|Dual Wingbeat|p2a: Aegislash\n|-activate|p2a: Aegislash|move: Protect\n|-unboost|p1a: Dragonite|atk|1\n|\n|upkeep\n|turn|25\n|\n|t:|1700480948\n|move|p1a: Dragonite|Dual Wingbeat|p2a: Aegislash\n|-resisted|p2a: Aegislash\n|-crit|p2a: Aegislash\n|-damage|p2a: Aegislash|0 fnt\n|faint|p2a: Aegislash\n|-hitcount|p2: Aegislash|1\n|\n|-fieldend|move: Electric Terrain\n|upkeep\n|\n|t:|1700480949\n|switch|p2a: Tapu Lele|Tapu Lele, shiny, tera:Psychic|100\/100\n|-fieldstart|move: Psychic Terrain|[from] ability: Psychic Surge|[of] p2a: Tapu Lele\n|turn|26\n|\n|t:|1700480952\n|move|p2a: Tapu Lele|Psychic|p1a: Dragonite\n|-damage|p1a: Dragonite|0 fnt\n|faint|p1a: Dragonite\n|\n|upkeep\n|\n|t:|1700480954\n|switch|p1a: Ursaluna|Ursaluna, F|69\/100 brn\n|turn|27\n|\n|t:|1700480956\n|-terastallize|p1a: Ursaluna|Normal\n|move|p2a: Tapu Lele|Psychic|p1a: Ursaluna\n|-damage|p1a: Ursaluna|0 fnt\n|faint|p1a: Ursaluna\n|\n|win|The Np sweep\n|raw|baigu2's rating: 1854 &rarr; <strong>1834<\/strong><br \/>(-20 for losing)\n|raw|The Np sweep's rating: 1848 &rarr; <strong>1868<\/strong><br \/>(+20 for winning)\n","uploadtime":1700480962,"views":1,"p1id":"baigu2","p2id":"thenpsweep","formatid":"gen9nationaldex","rating":1834,"private":0,"password":""}