{"id":"gen9nationaldex-1991958162","p1":"Fallout 3 Enjoyer","p2":"ndjeidnjf","format":"[Gen 9] National Dex","log":"|j|\u2606Fallout 3 Enjoyer\n|j|\u2606ndjeidnjf\n|t:|1700142526\n|gametype|singles\n|player|p1|Fallout 3 Enjoyer|acetrainerf|1117\n|player|p2|ndjeidnjf|lucas|1040\n|teamsize|p1|6\n|teamsize|p2|6\n|gen|9\n|tier|[Gen 9] National Dex\n|rated|\n|rule|HP Percentage Mod: HP is shown in percentages\n|rule|Endless Battle Clause: Forcing endless battles is banned\n|rule|OHKO Clause: OHKO moves are banned\n|rule|Evasion Clause: Evasion abilities, items, and moves are banned\n|rule|Evasion Abilities Clause: Evasion abilities are banned\n|rule|Evasion Items Clause: Evasion items are banned\n|rule|Evasion Moves Clause: Evasion moves are banned\n|rule|Species Clause: Limit one of each Pok\u00e9mon\n|rule|Sleep Clause Mod: Limit one foe put to sleep\n|clearpoke\n|poke|p1|Clodsire, F|\n|poke|p1|Bellibolt, F|\n|poke|p1|Politoed, F|\n|poke|p1|Poliwrath, F|\n|poke|p1|Swampert, F|\n|poke|p1|Toxicroak, F|\n|poke|p2|Toxicroak, M|\n|poke|p2|Darmanitan, M|\n|poke|p2|Ursaluna, F|\n|poke|p2|Omastar, F|\n|poke|p2|Iron Leaves|\n|poke|p2|Cresselia, F|\n|teampreview\n|inactive|Battle timer is ON: inactive players will automatically lose when time's up. (requested by ndjeidnjf)\n|inactive|Fallout 3 Enjoyer also wants the timer to be on.\n|c|\u2606Fallout 3 Enjoyer|glhf\n|\n|t:|1700142537\n|start\n|switch|p1a: Damp Frog|Politoed, F, shiny|100\/100\n|switch|p2a: Ursaluna|Ursaluna, F|100\/100\n|-weather|RainDance|[from] ability: Drizzle|[of] p1a: Damp Frog\n|turn|1\n|\n|t:|1700142545\n|move|p1a: Damp Frog|Weather Ball|p2a: Ursaluna\n|-supereffective|p2a: Ursaluna\n|-damage|p2a: Ursaluna|11\/100\n|move|p2a: Ursaluna|Substitute|p2a: Ursaluna\n|-fail|p2a: Ursaluna|move: Substitute|[weak]\n|\n|-weather|RainDance|[upkeep]\n|-status|p2a: Ursaluna|brn|[from] item: Flame Orb\n|upkeep\n|turn|2\n|\n|t:|1700142553\n|switch|p1a: Charge Frog|Bellibolt, F|100\/100\n|switch|p2a: Toxicroak|Toxicroak, M|100\/100\n|\n|-weather|RainDance|[upkeep]\n|upkeep\n|turn|3\n|\n|t:|1700142558\n|move|p2a: Toxicroak|Poison Jab|p1a: Charge Frog\n|-damage|p1a: Charge Frog|77\/100\n|-status|p1a: Charge Frog|psn\n|-start|p1a: Charge Frog|Charge|Poison Jab|[from] ability: Electromorphosis\n|move|p1a: Charge Frog|Charge Beam|p2a: Toxicroak\n|-damage|p2a: Toxicroak|44\/100\n|-boost|p1a: Charge Frog|spa|1\n|-end|p1a: Charge Frog|Charge|[silent]\n|\n|-weather|RainDance|[upkeep]\n|-heal|p2a: Toxicroak|56\/100|[from] ability: Dry Skin\n|-heal|p1a: Charge Frog|83\/100 psn|[from] item: Leftovers\n|-damage|p1a: Charge Frog|71\/100 psn|[from] psn\n|upkeep\n|turn|4\n|\n|t:|1700142563\n|move|p2a: Toxicroak|Drain Punch|p1a: Charge Frog\n|-crit|p1a: Charge Frog\n|-damage|p1a: Charge Frog|39\/100 psn\n|-heal|p2a: Toxicroak|78\/100|[from] drain|[of] p1a: Charge Frog\n|-start|p1a: Charge Frog|Charge|Drain Punch|[from] ability: Electromorphosis\n|move|p1a: Charge Frog|Parabolic Charge|p2a: Toxicroak\n|-damage|p2a: Toxicroak|0 fnt\n|-heal|p1a: Charge Frog|67\/100 psn|[from] drain|[of] p2a: Toxicroak\n|faint|p2a: Toxicroak\n|-end|p1a: Charge Frog|Charge|[silent]\n|\n|-weather|RainDance|[upkeep]\n|-heal|p1a: Charge Frog|73\/100 psn|[from] item: Leftovers\n|-damage|p1a: Charge Frog|61\/100 psn|[from] psn\n|upkeep\n|\n|t:|1700142574\n|switch|p2a: Darmanitan|Darmanitan, M|100\/100\n|turn|5\n|\n|t:|1700142578\n|-terastallize|p1a: Charge Frog|Water\n|move|p2a: Darmanitan|Earthquake|p1a: Charge Frog\n|-damage|p1a: Charge Frog|40\/100 psn\n|-start|p1a: Charge Frog|Charge|Earthquake|[from] ability: Electromorphosis\n|move|p1a: Charge Frog|Muddy Water|p2a: Darmanitan\n|-supereffective|p2a: Darmanitan\n|-damage|p2a: Darmanitan|0 fnt\n|faint|p2a: Darmanitan\n|\n|-weather|RainDance|[upkeep]\n|-heal|p1a: Charge Frog|46\/100 psn|[from] item: Leftovers\n|-damage|p1a: Charge Frog|34\/100 psn|[from] psn\n|upkeep\n|\n|t:|1700142582\n|switch|p2a: Iron Leaves|Iron Leaves|100\/100\n|-enditem|p2a: Iron Leaves|Booster Energy\n|-activate|p2a: Iron Leaves|ability: Quark Drive|[fromitem]\n|-start|p2a: Iron Leaves|quarkdriveatk\n|turn|6\n|\n|t:|1700142587\n|move|p2a: Iron Leaves|Trailblaze|p1a: Charge Frog\n|-supereffective|p1a: Charge Frog\n|-damage|p1a: Charge Frog|0 fnt\n|-boost|p2a: Iron Leaves|spe|1\n|faint|p1a: Charge Frog\n|\n|-weather|RainDance|[upkeep]\n|upkeep\n|\n|t:|1700142590\n|switch|p1a: Poison Frog|Toxicroak, F|100\/100\n|turn|7\n|\n|t:|1700142598\n|move|p1a: Poison Frog|Fake Out|p2a: Iron Leaves\n|-damage|p2a: Iron Leaves|85\/100\n|cant|p2a: Iron Leaves|flinch\n|\n|-weather|RainDance|[upkeep]\n|upkeep\n|turn|8\n|\n|t:|1700142602\n|move|p1a: Poison Frog|Sucker Punch|p2a: Iron Leaves\n|-supereffective|p2a: Iron Leaves\n|-damage|p2a: Iron Leaves|28\/100\n|move|p2a: Iron Leaves|Psyblade|p1a: Poison Frog\n|-supereffective|p1a: Poison Frog\n|-damage|p1a: Poison Frog|0 fnt\n|faint|p1a: Poison Frog\n|\n|-weather|none\n|upkeep\n|\n|t:|1700142605\n|switch|p1a: Damp Frog|Politoed, F, shiny|100\/100\n|-weather|RainDance|[from] ability: Drizzle|[of] p1a: Damp Frog\n|turn|9\n|\n|t:|1700142622\n|move|p2a: Iron Leaves|Trailblaze|p1a: Damp Frog\n|-supereffective|p1a: Damp Frog\n|-damage|p1a: Damp Frog|30\/100\n|-boost|p2a: Iron Leaves|spe|1\n|move|p1a: Damp Frog|Ice Beam|p2a: Iron Leaves\n|-supereffective|p2a: Iron Leaves\n|-damage|p2a: Iron Leaves|0 fnt\n|faint|p2a: Iron Leaves\n|-end|p2a: Iron Leaves|Quark Drive|[silent]\n|\n|-weather|RainDance|[upkeep]\n|upkeep\n|\n|t:|1700142628\n|switch|p2a: Cresselia|Cresselia, F|100\/100\n|turn|10\n|\n|t:|1700142634\n|switch|p1a: Clodsire|Clodsire, F|100\/100\n|move|p2a: Cresselia|Calm Mind|p2a: Cresselia\n|-boost|p2a: Cresselia|spa|1\n|-boost|p2a: Cresselia|spd|1\n|\n|-weather|RainDance|[upkeep]\n|upkeep\n|turn|11\n|\n|t:|1700142639\n|move|p2a: Cresselia|Calm Mind|p2a: Cresselia\n|-boost|p2a: Cresselia|spa|1\n|-boost|p2a: Cresselia|spd|1\n|move|p1a: Clodsire|Stealth Rock|p2a: Cresselia\n|-sidestart|p2: ndjeidnjf|move: Stealth Rock\n|\n|-weather|RainDance|[upkeep]\n|upkeep\n|turn|12\n|\n|t:|1700142643\n|move|p2a: Cresselia|Stored Power|p1a: Clodsire\n|-supereffective|p1a: Clodsire\n|-damage|p1a: Clodsire|40\/100\n|move|p1a: Clodsire|Poison Jab|p2a: Cresselia\n|-damage|p2a: Cresselia|86\/100\n|\n|-weather|RainDance|[upkeep]\n|-heal|p2a: Cresselia|92\/100|[from] item: Leftovers\n|-heal|p1a: Clodsire|46\/100|[from] item: Black Sludge\n|upkeep\n|turn|13\n|\n|t:|1700142648\n|move|p2a: Cresselia|Stored Power|p1a: Clodsire\n|-supereffective|p1a: Clodsire\n|-damage|p1a: Clodsire|0 fnt\n|faint|p1a: Clodsire\n|\n|-weather|RainDance|[upkeep]\n|-heal|p2a: Cresselia|98\/100|[from] item: Leftovers\n|upkeep\n|\n|t:|1700142650\n|switch|p1a: Roid Frog|Swampert, F|100\/100\n|turn|14\n|\n|t:|1700142653\n|detailschange|p1a: Roid Frog|Swampert-Mega, F\n|-mega|p1a: Roid Frog|Swampert|Swampertite\n|move|p1a: Roid Frog|Liquidation|p2a: Cresselia\n|-damage|p2a: Cresselia|36\/100\n|move|p2a: Cresselia|Stored Power|p1a: Roid Frog\n|-damage|p1a: Roid Frog|34\/100\n|\n|-weather|RainDance|[upkeep]\n|-heal|p2a: Cresselia|42\/100|[from] item: Leftovers\n|upkeep\n|turn|15\n|\n|t:|1700142658\n|move|p1a: Roid Frog|Liquidation|p2a: Cresselia\n|-damage|p2a: Cresselia|0 fnt\n|faint|p2a: Cresselia\n|\n|-weather|RainDance|[upkeep]\n|upkeep\n|\n|t:|1700142666\n|switch|p2a: Ursaluna|Ursaluna, F|11\/100 brn\n|-damage|p2a: Ursaluna|5\/100 brn|[from] Stealth Rock\n|turn|16\n|\n|t:|1700142668\n|move|p1a: Roid Frog|Liquidation|p2a: Ursaluna\n|-supereffective|p2a: Ursaluna\n|-damage|p2a: Ursaluna|0 fnt\n|faint|p2a: Ursaluna\n|\n|-weather|none\n|upkeep\n|\n|t:|1700142670\n|switch|p2a: Omastar|Omastar, F|100\/100\n|-damage|p2a: Omastar|88\/100|[from] Stealth Rock\n|turn|17\n|\n|t:|1700142673\n|switch|p1a: Damp Frog|Politoed, F, shiny|30\/100\n|-weather|RainDance|[from] ability: Drizzle|[of] p1a: Damp Frog\n|move|p2a: Omastar|Scald|p1a: Damp Frog\n|-resisted|p1a: Damp Frog\n|-damage|p1a: Damp Frog|9\/100\n|\n|-weather|RainDance|[upkeep]\n|upkeep\n|turn|18\n|-message|ndjeidnjf forfeited.\n|\n|win|Fallout 3 Enjoyer\n|raw|Fallout 3 Enjoyer's rating: 1117 &rarr; <strong>1137<\/strong><br \/>(+20 for winning)\n|raw|ndjeidnjf's rating: 1040 &rarr; <strong>1027<\/strong><br \/>(-13 for losing)\n|l|\u2606ndjeidnjf\n","uploadtime":1700142682,"views":4,"p1id":"fallout3enjoyer","p2id":"ndjeidnjf","formatid":"gen9nationaldex","rating":1027,"private":0,"password":""}