{"id":"gen9nationaldex-1988926026","p1":"grass knot zygarde","p2":"Xy1n","format":"[Gen 9] National Dex","log":"|j|\u2606grass knot zygarde\n|j|\u2606Xy1n\n|t:|1699789041\n|gametype|singles\n|player|p1|grass knot zygarde|dawn|\n|player|p2|Xy1n|marlon|\n|teamsize|p1|6\n|teamsize|p2|6\n|gen|9\n|tier|[Gen 9] National Dex\n|rule|HP Percentage Mod: HP is shown in percentages\n|rule|Endless Battle Clause: Forcing endless battles is banned\n|rule|OHKO Clause: OHKO moves are banned\n|rule|Evasion Clause: Evasion abilities, items, and moves are banned\n|rule|Evasion Abilities Clause: Evasion abilities are banned\n|rule|Evasion Items Clause: Evasion items are banned\n|rule|Evasion Moves Clause: Evasion moves are banned\n|rule|Species Clause: Limit one of each Pok\u00e9mon\n|rule|Sleep Clause Mod: Limit one foe put to sleep\n|clearpoke\n|poke|p1|Tapu Lele|\n|poke|p1|Urshifu-*, M|\n|poke|p1|Zapdos|\n|poke|p1|Ting-Lu|\n|poke|p1|Ferrothorn, M|\n|poke|p1|Heatran, M|\n|poke|p2|Moltres-Galar|\n|poke|p2|Excadrill, M|\n|poke|p2|Charizard, M|\n|poke|p2|Alomomola, F|\n|poke|p2|Hoopa-Unbound|\n|poke|p2|Gliscor, M|\n|teampreview\n|inactive|Battle timer is ON: inactive players will automatically lose when time's up. (requested by grass knot zygarde)\n|c|\u2606Xy1n|ima make new teams every now and then and test them till i improve\n|c|\u2606grass knot zygarde|anddd its that team again\n|c|\u2606Xy1n|after this we gonna do 1 more\n|c|\u2606Xy1n|and ima make a new team\n|inactive|Xy1n has 270 seconds left.\n|\n|t:|1699789074\n|start\n|switch|p1a: high tide|Urshifu-Rapid-Strike, M|100\/100\n|switch|p2a: The King|Charizard, M|100\/100\n|turn|1\n|\n|t:|1699789086\n|switch|p1a: .frog|Heatran, M, shiny|100\/100\n|detailschange|p2a: The King|Charizard-Mega-Y, M\n|-mega|p2a: The King|Charizard|Charizardite Y\n|-weather|SunnyDay|[from] ability: Drought|[of] p2a: The King\n|move|p2a: The King|Air Slash|p1a: .frog\n|-resisted|p1a: .frog\n|-damage|p1a: .frog|87\/100\n|\n|-weather|SunnyDay|[upkeep]\n|-heal|p1a: .frog|93\/100|[from] item: Leftovers\n|upkeep\n|turn|2\n|\n|t:|1699789096\n|switch|p2a: Alomomola|Alomomola, F|100\/100\n|move|p1a: .frog|Magma Storm|p2a: Alomomola\n|-resisted|p2a: Alomomola\n|-damage|p2a: Alomomola|71\/100\n|-activate|p2a: Alomomola|move: Magma Storm|[of] p1a: .frog\n|\n|-weather|SunnyDay|[upkeep]\n|-heal|p1a: .frog|99\/100|[from] item: Leftovers\n|-damage|p2a: Alomomola|59\/100|[from] move: Magma Storm|[partiallytrapped]\n|upkeep\n|turn|3\n|c|\u2606grass knot zygarde|i pull out the mop and let it claim that boy\n|\n|t:|1699789109\n|move|p1a: .frog|Toxic|p2a: Alomomola\n|-status|p2a: Alomomola|tox\n|move|p2a: Alomomola|Wish|p2a: Alomomola\n|\n|-weather|SunnyDay|[upkeep]\n|-heal|p1a: .frog|100\/100|[from] item: Leftovers\n|-damage|p2a: Alomomola|53\/100 tox|[from] psn\n|-damage|p2a: Alomomola|40\/100 tox|[from] move: Magma Storm|[partiallytrapped]\n|upkeep\n|turn|4\n|\n|t:|1699789119\n|move|p1a: .frog|Earth Power|p2a: Alomomola\n|-damage|p2a: Alomomola|16\/100 tox\n|move|p2a: Alomomola|Flip Turn|p1a: .frog\n|-supereffective|p1a: .frog\n|-damage|p1a: .frog|87\/100\n|c|\u2606Xy1n|bruh\n|c|\u2606grass knot zygarde|basically what im tryna say is man i hate that boy\n|c|\u2606Xy1n|the fuck wrong with me\n|c|\u2606grass knot zygarde|straight up\n|c|\u2606grass knot zygarde|IM TRYNA SEND EM TO HELL\n|\n|t:|1699789145\n|switch|p2a: Hoopa|Hoopa-Unbound|100\/100|[from] Flip Turn\n|\n|-weather|SunnyDay|[upkeep]\n|-heal|p1a: .frog|93\/100|[from] item: Leftovers\n|upkeep\n|turn|5\n|\n|t:|1699789155\n|switch|p1a: the shadows|Ting-Lu|100\/100\n|-ability|p1a: the shadows|Vessel of Ruin\n|move|p2a: Hoopa|Drain Punch|p1a: the shadows\n|-supereffective|p1a: the shadows\n|-damage|p1a: the shadows|55\/100\n|\n|-weather|none\n|-heal|p1a: the shadows|61\/100|[from] item: Leftovers\n|upkeep\n|turn|6\n|\n|t:|1699789171\n|switch|p2a: Excadrill|Excadrill, M|100\/100\n|-ability|p2a: Excadrill|Mold Breaker\n|switch|p1a: my liver|Zapdos, shiny|100\/100\n|\n|upkeep\n|turn|7\n|\n|t:|1699789181\n|switch|p1a: end eternal|Ferrothorn, M, shiny|100\/100\n|move|p2a: Excadrill|Toxic|p1a: end eternal\n|-immune|p1a: end eternal\n|\n|upkeep\n|turn|8\n|\n|t:|1699789189\n|switch|p2a: The King|Charizard-Mega-Y, M|100\/100\n|-weather|SunnyDay|[from] ability: Drought|[of] p2a: The King\n|move|p1a: end eternal|Stealth Rock|p2a: The King\n|-sidestart|p2: Xy1n|move: Stealth Rock\n|\n|-weather|SunnyDay|[upkeep]\n|upkeep\n|turn|9\n|\n|t:|1699789202\n|switch|p1a: .frog|Heatran, M, shiny|93\/100\n|move|p2a: The King|Flamethrower|p1a: .frog\n|-start|p1a: .frog|ability: Flash Fire\n|\n|-weather|SunnyDay|[upkeep]\n|-heal|p1a: .frog|99\/100|[from] item: Leftovers\n|upkeep\n|turn|10\n|\n|t:|1699789214\n|switch|p2a: Alomomola|Alomomola, F|49\/100 tox\n|move|p1a: .frog|Magma Storm|p2a: Alomomola\n|-resisted|p2a: Alomomola\n|-damage|p2a: Alomomola|9\/100 tox\n|-activate|p2a: Alomomola|move: Magma Storm|[of] p1a: .frog\n|\n|-weather|SunnyDay|[upkeep]\n|-heal|p1a: .frog|100\/100|[from] item: Leftovers\n|-damage|p2a: Alomomola|2\/100 tox|[from] psn\n|-damage|p2a: Alomomola|0 fnt|[from] move: Magma Storm|[partiallytrapped]\n|faint|p2a: Alomomola\n|upkeep\n|\n|t:|1699789220\n|switch|p2a: Gliscor|Gliscor, M|100\/100\n|-damage|p2a: Gliscor|88\/100|[from] Stealth Rock\n|turn|11\n|\n|t:|1699789238\n|-end|p1a: .frog|ability: Flash Fire|[silent]\n|switch|p1a: end eternal|Ferrothorn, M, shiny|100\/100\n|move|p2a: Gliscor|Earthquake|p1a: end eternal\n|-damage|p1a: end eternal|77\/100\n|\n|-weather|SunnyDay|[upkeep]\n|-heal|p1a: end eternal|83\/100|[from] item: Leftovers\n|-status|p2a: Gliscor|tox|[from] item: Toxic Orb\n|upkeep\n|turn|12\n|\n|t:|1699789247\n|switch|p2a: Excadrill|Excadrill, M|100\/100\n|-damage|p2a: Excadrill|97\/100|[from] Stealth Rock\n|-ability|p2a: Excadrill|Mold Breaker\n|move|p1a: end eternal|Leech Seed|p2a: Excadrill\n|-start|p2a: Excadrill|move: Leech Seed\n|\n|-weather|none\n|-heal|p2a: Excadrill|100\/100|[from] item: Leftovers\n|-heal|p1a: end eternal|90\/100|[from] item: Leftovers\n|-damage|p2a: Excadrill|88\/100|[from] Leech Seed|[of] p1a: end eternal\n|-heal|p1a: end eternal|100\/100|[silent]\n|upkeep\n|turn|13\n|\n|t:|1699789256\n|move|p2a: Excadrill|Rapid Spin|p1a: end eternal\n|-resisted|p1a: end eternal\n|-damage|p1a: end eternal|95\/100\n|-boost|p2a: Excadrill|spe|1\n|-damage|p2a: Excadrill|76\/100|[from] ability: Iron Barbs|[of] p1a: end eternal\n|-end|p2a: Excadrill|Leech Seed|[from] move: Rapid Spin|[of] p2a: Excadrill\n|-sideend|p2: Xy1n|Stealth Rock|[from] move: Rapid Spin|[of] p2a: Excadrill\n|move|p1a: end eternal|Knock Off|p2a: Excadrill\n|-damage|p2a: Excadrill|45\/100\n|-enditem|p2a: Excadrill|Leftovers|[from] move: Knock Off|[of] p1a: end eternal\n|\n|-heal|p1a: end eternal|100\/100|[from] item: Leftovers\n|upkeep\n|turn|14\n|\n|t:|1699789265\n|switch|p2a: The King|Charizard-Mega-Y, M|100\/100\n|-weather|SunnyDay|[from] ability: Drought|[of] p2a: The King\n|move|p1a: end eternal|Leech Seed|p2a: The King\n|-start|p2a: The King|move: Leech Seed\n|\n|-weather|SunnyDay|[upkeep]\n|-damage|p2a: The King|88\/100|[from] Leech Seed|[of] p1a: end eternal\n|upkeep\n|turn|15\n|\n|t:|1699789275\n|switch|p2a: Gliscor|Gliscor, M|88\/100 tox\n|switch|p1a: the shadows|Ting-Lu|61\/100\n|-ability|p1a: the shadows|Vessel of Ruin\n|\n|-weather|SunnyDay|[upkeep]\n|-heal|p1a: the shadows|67\/100|[from] item: Leftovers\n|-heal|p2a: Gliscor|100\/100 tox|[from] ability: Poison Heal\n|upkeep\n|turn|16\n|\n|t:|1699789279\n|switch|p1a: end eternal|Ferrothorn, M, shiny|100\/100\n|move|p2a: Gliscor|Toxic|p1a: end eternal\n|-immune|p1a: end eternal\n|\n|-weather|SunnyDay|[upkeep]\n|upkeep\n|turn|17\n|\n|t:|1699789283\n|move|p2a: Gliscor|Spikes|p1a: end eternal\n|-sidestart|p1: grass knot zygarde|Spikes\n|move|p1a: end eternal|Stealth Rock|p2a: Gliscor\n|-sidestart|p2: Xy1n|move: Stealth Rock\n|\n|-weather|SunnyDay|[upkeep]\n|upkeep\n|turn|18\n|\n|t:|1699789287\n|move|p2a: Gliscor|Spikes|p1a: end eternal\n|-sidestart|p1: grass knot zygarde|Spikes\n|move|p1a: end eternal|Leech Seed|p2a: Gliscor|[miss]\n|-miss|p1a: end eternal|p2a: Gliscor\n|\n|-weather|none\n|upkeep\n|turn|19\n|\n|t:|1699789290\n|move|p2a: Gliscor|Spikes|p1a: end eternal\n|-sidestart|p1: grass knot zygarde|Spikes\n|move|p1a: end eternal|Leech Seed|p2a: Gliscor\n|-start|p2a: Gliscor|move: Leech Seed\n|\n|-damage|p2a: Gliscor|88\/100 tox|[from] Leech Seed|[of] p1a: end eternal\n|-heal|p2a: Gliscor|100\/100 tox|[from] ability: Poison Heal\n|upkeep\n|turn|20\n|\n|t:|1699789299\n|move|p2a: Gliscor|Earthquake|p1a: end eternal\n|-damage|p1a: end eternal|80\/100\n|move|p1a: end eternal|Knock Off|p2a: Gliscor\n|-damage|p2a: Gliscor|83\/100 tox\n|-enditem|p2a: Gliscor|Toxic Orb|[from] move: Knock Off|[of] p1a: end eternal\n|\n|-heal|p1a: end eternal|86\/100|[from] item: Leftovers\n|-damage|p2a: Gliscor|70\/100 tox|[from] Leech Seed|[of] p1a: end eternal\n|-heal|p1a: end eternal|99\/100|[silent]\n|-heal|p2a: Gliscor|83\/100 tox|[from] ability: Poison Heal\n|upkeep\n|turn|21\n|\n|t:|1699789307\n|switch|p2a: Excadrill|Excadrill, M|45\/100\n|-damage|p2a: Excadrill|42\/100|[from] Stealth Rock\n|-ability|p2a: Excadrill|Mold Breaker\n|move|p1a: end eternal|Power Whip|p2a: Excadrill\n|-damage|p2a: Excadrill|0 fnt\n|faint|p2a: Excadrill\n|\n|-heal|p1a: end eternal|100\/100|[from] item: Leftovers\n|upkeep\n|c|\u2606Xy1n|gg\n|\n|t:|1699789313\n|switch|p2a: Moltres|Moltres-Galar|100\/100\n|turn|22\n|\n|t:|1699789328\n|move|p2a: Moltres|Nasty Plot|p2a: Moltres\n|-boost|p2a: Moltres|spa|2\n|move|p1a: end eternal|Leech Seed|p2a: Moltres|[miss]\n|-miss|p1a: end eternal|p2a: Moltres\n|\n|upkeep\n|turn|23\n|\n|t:|1699789338\n|switch|p1a: the shadows|Ting-Lu|67\/100\n|-damage|p1a: the shadows|42\/100|[from] Spikes\n|-ability|p1a: the shadows|Vessel of Ruin\n|move|p2a: Moltres|Agility|p2a: Moltres\n|-boost|p2a: Moltres|spe|2\n|\n|-heal|p1a: the shadows|48\/100|[from] item: Leftovers\n|upkeep\n|turn|24\n|\n|t:|1699789344\n|move|p2a: Moltres|Hurricane|p1a: the shadows\n|-damage|p1a: the shadows|3\/100\n|move|p1a: the shadows|Whirlwind|p2a: Moltres\n|drag|p2a: Gliscor|Gliscor, M|83\/100 tox\n|-damage|p2a: Gliscor|70\/100 tox|[from] Stealth Rock\n|\n|-heal|p1a: the shadows|9\/100|[from] item: Leftovers\n|-heal|p2a: Gliscor|83\/100 tox|[from] ability: Poison Heal\n|upkeep\n|turn|25\n|\n|t:|1699789362\n|move|p2a: Gliscor|Toxic|p1a: the shadows\n|-status|p1a: the shadows|tox\n|move|p1a: the shadows|Spikes|p2a: Gliscor\n|-sidestart|p2: Xy1n|Spikes\n|\n|-heal|p1a: the shadows|15\/100 tox|[from] item: Leftovers\n|-heal|p2a: Gliscor|95\/100 tox|[from] ability: Poison Heal\n|-damage|p1a: the shadows|9\/100 tox|[from] psn\n|upkeep\n|turn|26\n|\n|t:|1699789369\n|move|p2a: Gliscor|Earthquake|p1a: the shadows\n|-damage|p1a: the shadows|0 fnt\n|faint|p1a: the shadows\n|\n|-heal|p2a: Gliscor|100\/100 tox|[from] ability: Poison Heal\n|upkeep\n|\n|t:|1699789371\n|switch|p1a: high tide|Urshifu-Rapid-Strike, M|100\/100\n|-damage|p1a: high tide|76\/100|[from] Spikes\n|turn|27\n|\n|t:|1699789377\n|switch|p2a: The King|Charizard-Mega-Y, M|88\/100\n|-damage|p2a: The King|38\/100|[from] Stealth Rock\n|-weather|SunnyDay|[from] ability: Drought|[of] p2a: The King\n|move|p1a: high tide|Surging Strikes|p2a: The King\n|-supereffective|p2a: The King\n|-crit|p2a: The King\n|-damage|p2a: The King|5\/100\n|-supereffective|p2a: The King\n|-crit|p2a: The King\n|-damage|p2a: The King|0 fnt\n|faint|p2a: The King\n|-hitcount|p2: The King|2\n|\n|-weather|SunnyDay|[upkeep]\n|upkeep\n|\n|t:|1699789382\n|switch|p2a: Hoopa|Hoopa-Unbound|100\/100\n|-damage|p2a: Hoopa|88\/100|[from] Stealth Rock\n|-damage|p2a: Hoopa|76\/100|[from] Spikes\n|turn|28\n|\n|t:|1699789407\n|switch|p1a: end eternal|Ferrothorn, M, shiny|100\/100\n|-damage|p1a: end eternal|75\/100|[from] Spikes\n|-terastallize|p2a: Hoopa|Psychic\n|move|p2a: Hoopa|Zen Headbutt|p1a: end eternal|[miss]\n|-miss|p2a: Hoopa|p1a: end eternal\n|\n|-weather|SunnyDay|[upkeep]\n|-heal|p1a: end eternal|82\/100|[from] item: Leftovers\n|upkeep\n|turn|29\n|\n|t:|1699789414\n|switch|p2a: Gliscor|Gliscor, M|100\/100 tox\n|-damage|p2a: Gliscor|88\/100 tox|[from] Stealth Rock\n|move|p1a: end eternal|Leech Seed|p2a: Gliscor\n|-start|p2a: Gliscor|move: Leech Seed\n|\n|-weather|SunnyDay|[upkeep]\n|-heal|p1a: end eternal|88\/100|[from] item: Leftovers\n|-damage|p2a: Gliscor|75\/100 tox|[from] Leech Seed|[of] p1a: end eternal\n|-heal|p1a: end eternal|100\/100|[silent]\n|-heal|p2a: Gliscor|88\/100 tox|[from] ability: Poison Heal\n|upkeep\n|turn|30\n|\n|t:|1699789433\n|switch|p2a: Moltres|Moltres-Galar|100\/100\n|switch|p1a: my liver|Zapdos, shiny|100\/100\n|\n|-weather|SunnyDay|[upkeep]\n|upkeep\n|turn|31\n|\n|t:|1699789442\n|switch|p2a: Gliscor|Gliscor, M|88\/100 tox\n|-damage|p2a: Gliscor|75\/100 tox|[from] Stealth Rock\n|move|p1a: my liver|Volt Switch|p2a: Gliscor\n|-immune|p2a: Gliscor\n|\n|-weather|none\n|-heal|p2a: Gliscor|88\/100 tox|[from] ability: Poison Heal\n|upkeep\n|turn|32\n|\n|t:|1699789454\n|move|p1a: my liver|Defog|p2a: Gliscor\n|-unboost|p2a: Gliscor|evasion|1\n|-sideend|p2: Xy1n|Spikes|[from] move: Defog|[of] p1a: my liver\n|-sideend|p2: Xy1n|Stealth Rock|[from] move: Defog|[of] p1a: my liver\n|-sideend|p1: grass knot zygarde|Spikes|[from] move: Defog|[of] p1a: my liver\n|move|p2a: Gliscor|Earthquake|p1a: my liver\n|-immune|p1a: my liver\n|\n|-heal|p2a: Gliscor|100\/100 tox|[from] ability: Poison Heal\n|upkeep\n|turn|33\n|\n|t:|1699789459\n|switch|p1a: end eternal|Ferrothorn, M, shiny|100\/100\n|switch|p2a: Hoopa|Hoopa-Unbound, tera:Psychic|76\/100\n|\n|upkeep\n|turn|34\n|\n|t:|1699789464\n|move|p2a: Hoopa|Gunk Shot|p1a: end eternal\n|-immune|p1a: end eternal\n|move|p1a: end eternal|Stealth Rock|p2a: Hoopa\n|-sidestart|p2: Xy1n|move: Stealth Rock\n|\n|upkeep\n|turn|35\n|c|\u2606Xy1n|i thought\n|c|\u2606Xy1n|i thought\n|c|\u2606Xy1n|urshifu\n|\n|t:|1699789478\n|switch|p2a: Moltres|Moltres-Galar|100\/100\n|move|p1a: end eternal|Leech Seed|p2a: Moltres\n|-start|p2a: Moltres|move: Leech Seed\n|\n|-damage|p2a: Moltres|88\/100|[from] Leech Seed|[of] p1a: end eternal\n|upkeep\n|turn|36\n|c|\u2606grass knot zygarde|well thats not very smart\n|c|\u2606grass knot zygarde|now is it\n|\n|t:|1699789489\n|switch|p2a: Hoopa|Hoopa-Unbound, tera:Psychic|76\/100\n|-damage|p2a: Hoopa|64\/100|[from] Stealth Rock\n|switch|p1a: my liver|Zapdos, shiny|100\/100\n|\n|upkeep\n|turn|37\n|\n|t:|1699789495\n|move|p2a: Hoopa|Zen Headbutt|p1a: my liver\n|-damage|p1a: my liver|23\/100\n|move|p1a: my liver|Volt Switch|p2a: Hoopa\n|-damage|p2a: Hoopa|36\/100\n|\n|t:|1699789504\n|switch|p1a: omnipotent|Tapu Lele, shiny|100\/100|[from] Volt Switch\n|-fieldstart|move: Psychic Terrain|[from] ability: Psychic Surge|[of] p1a: omnipotent\n|\n|upkeep\n|turn|38\n|\n|t:|1699789510\n|move|p1a: omnipotent|Moonblast|p2a: Hoopa\n|-crit|p2a: Hoopa\n|-damage|p2a: Hoopa|0 fnt\n|faint|p2a: Hoopa\n|\n|upkeep\n|\n|t:|1699789514\n|switch|p2a: Gliscor|Gliscor, M|100\/100 tox\n|-damage|p2a: Gliscor|88\/100 tox|[from] Stealth Rock\n|turn|39\n|\n|t:|1699789523\n|switch|p1a: high tide|Urshifu-Rapid-Strike, M|76\/100\n|move|p2a: Gliscor|Spikes|p1a: high tide\n|-sidestart|p1: grass knot zygarde|Spikes\n|\n|-heal|p2a: Gliscor|100\/100 tox|[from] ability: Poison Heal\n|upkeep\n|turn|40\n|\n|t:|1699789527\n|move|p1a: high tide|Surging Strikes|p2a: Gliscor\n|-supereffective|p2a: Gliscor\n|-crit|p2a: Gliscor\n|-damage|p2a: Gliscor|70\/100 tox\n|-supereffective|p2a: Gliscor\n|-crit|p2a: Gliscor\n|-damage|p2a: Gliscor|37\/100 tox\n|-supereffective|p2a: Gliscor\n|-crit|p2a: Gliscor\n|-damage|p2a: Gliscor|6\/100 tox\n|-hitcount|p2a: Gliscor|3\n|move|p2a: Gliscor|Toxic|p1a: high tide\n|-status|p1a: high tide|tox\n|\n|-damage|p1a: high tide|69\/100 tox|[from] psn\n|-heal|p2a: Gliscor|19\/100 tox|[from] ability: Poison Heal\n|upkeep\n|turn|41\n|\n|t:|1699789533\n|move|p1a: high tide|Surging Strikes|p2a: Gliscor\n|-supereffective|p2a: Gliscor\n|-crit|p2a: Gliscor\n|-damage|p2a: Gliscor|0 fnt\n|faint|p2a: Gliscor\n|-hitcount|p2: Gliscor|1\n|\n|-damage|p1a: high tide|57\/100 tox|[from] psn\n|-fieldend|move: Psychic Terrain\n|upkeep\n|\n|t:|1699789535\n|switch|p2a: Moltres|Moltres-Galar|88\/100\n|turn|42\n|c|\u2606grass knot zygarde|gg\n|\n|t:|1699789544\n|-terastallize|p1a: high tide|Water\n|move|p1a: high tide|Surging Strikes|p2a: Moltres\n|-crit|p2a: Moltres\n|-damage|p2a: Moltres|58\/100\n|-crit|p2a: Moltres\n|-damage|p2a: Moltres|27\/100\n|-crit|p2a: Moltres\n|-damage|p2a: Moltres|0 fnt\n|faint|p2a: Moltres\n|-hitcount|p2: Moltres|3\n|\n|win|grass knot zygarde\n|c|\u2606Xy1n|gg\n|c|\u2606Xy1n|lemme make a new team\n","uploadtime":1699789555,"views":5,"p1id":"grassknotzygarde","p2id":"xy1n","formatid":"gen9nationaldex","rating":0,"private":0,"password":""}