{"id":"gen9nationaldex-1998511920","p1":"local idiot gaming","p2":"NDSNEZyedropwhen","format":"[Gen 9] National Dex","log":"|html|<div class=\"broadcast-blue\"><strong>[Gen 9] National Dex is currently suspecting Sneasler! For information on how to participate check out the <a href=\"https:\/\/www.smogon.com\/forums\/threads\/sv-national-dex-suspect-8-just-dance.3731534\/\">suspect thread<\/a>.<\/strong><\/div>\n|j|\u2606local idiot gaming\n|j|\u2606NDSNEZyedropwhen\n|t:|1700950697\n|gametype|singles\n|player|p1|local idiot gaming|bugcatcher-gen4dp|1386\n|player|p2|NDSNEZyedropwhen|adaman|1479\n|teamsize|p1|6\n|teamsize|p2|6\n|gen|9\n|tier|[Gen 9] National Dex\n|rated|\n|rule|HP Percentage Mod: HP is shown in percentages\n|rule|Endless Battle Clause: Forcing endless battles is banned\n|rule|OHKO Clause: OHKO moves are banned\n|rule|Evasion Clause: Evasion abilities, items, and moves are banned\n|rule|Evasion Abilities Clause: Evasion abilities are banned\n|rule|Evasion Items Clause: Evasion items are banned\n|rule|Evasion Moves Clause: Evasion moves are banned\n|rule|Species Clause: Limit one of each Pok\u00e9mon\n|rule|Sleep Clause Mod: Limit one foe put to sleep\n|clearpoke\n|poke|p1|Tyranitar, M|\n|poke|p1|Araquanid, M|\n|poke|p1|Electrode-Hisui|\n|poke|p1|Metagross|\n|poke|p1|Dracozolt|\n|poke|p1|Heracross, F|\n|poke|p2|Toxapex, F|\n|poke|p2|Dondozo, F|\n|poke|p2|Gliscor, M|\n|poke|p2|Blissey, F|\n|poke|p2|Corviknight, M|\n|poke|p2|Tyranitar, M|\n|teampreview\n|inactive|Battle timer is ON: inactive players will automatically lose when time's up. (requested by local idiot gaming)\n|j| jkljlkh\n|c|\u2606local idiot gaming|oh great now i get to relive toxapex ptsd\n|c| jkljlkh|ez\n|c|\u2606local idiot gaming|>:C\n|inactive|NDSNEZyedropwhen has 120 seconds left.\n|c|\u2606NDSNEZyedropwhen|pex w\n|\n|t:|1700950732\n|start\n|switch|p1a: stronk|Heracross, F|100\/100\n|switch|p2a: Gliscor|Gliscor, M|100\/100\n|turn|1\n|\n|t:|1700950739\n|detailschange|p1a: stronk|Heracross-Mega, F\n|-mega|p1a: stronk|Heracross|Heracronite\n|move|p2a: Gliscor|Protect|p2a: Gliscor\n|-singleturn|p2a: Gliscor|Protect\n|move|p1a: stronk|Bullet Seed|p2a: Gliscor\n|-activate|p2a: Gliscor|move: Protect\n|\n|-status|p2a: Gliscor|tox|[from] item: Toxic Orb\n|upkeep\n|turn|2\n|\n|t:|1700950746\n|move|p2a: Gliscor|Toxic|p1a: stronk\n|-status|p1a: stronk|tox\n|move|p1a: stronk|Bullet Seed|p2a: Gliscor\n|-damage|p2a: Gliscor|93\/100 tox\n|-damage|p2a: Gliscor|85\/100 tox\n|-crit|p2a: Gliscor\n|-damage|p2a: Gliscor|73\/100 tox\n|-damage|p2a: Gliscor|65\/100 tox\n|-damage|p2a: Gliscor|56\/100 tox\n|-hitcount|p2a: Gliscor|5\n|\n|-heal|p2a: Gliscor|69\/100 tox|[from] ability: Poison Heal\n|-damage|p1a: stronk|94\/100 tox|[from] psn\n|upkeep\n|turn|3\n|\n|t:|1700950753\n|move|p2a: Gliscor|Protect|p2a: Gliscor\n|-singleturn|p2a: Gliscor|Protect\n|move|p1a: stronk|Megahorn|p2a: Gliscor\n|-activate|p2a: Gliscor|move: Protect\n|\n|-heal|p2a: Gliscor|81\/100 tox|[from] ability: Poison Heal\n|-damage|p1a: stronk|82\/100 tox|[from] psn\n|upkeep\n|turn|4\n|\n|t:|1700950757\n|move|p2a: Gliscor|Spikes|p1a: stronk\n|-sidestart|p1: local idiot gaming|Spikes\n|move|p1a: stronk|Megahorn|p2a: Gliscor\n|-resisted|p2a: Gliscor\n|-damage|p2a: Gliscor|54\/100 tox\n|\n|-heal|p2a: Gliscor|66\/100 tox|[from] ability: Poison Heal\n|-damage|p1a: stronk|64\/100 tox|[from] psn\n|upkeep\n|turn|5\n|\n|t:|1700950772\n|switch|p1a: dino nugget|Tyranitar, M|100\/100\n|-damage|p1a: dino nugget|88\/100|[from] Spikes\n|-weather|Sandstorm|[from] ability: Sand Stream|[of] p1a: dino nugget\n|move|p2a: Gliscor|Protect||[still]\n|-fail|p2a: Gliscor\n|\n|-weather|Sandstorm|[upkeep]\n|-heal|p2a: Gliscor|78\/100 tox|[from] ability: Poison Heal\n|upkeep\n|turn|6\n|\n|t:|1700950779\n|move|p2a: Gliscor|Protect|p2a: Gliscor\n|-singleturn|p2a: Gliscor|Protect\n|move|p1a: dino nugget|Ice Punch|p2a: Gliscor\n|-activate|p2a: Gliscor|move: Protect\n|\n|-weather|Sandstorm|[upkeep]\n|-heal|p2a: Gliscor|91\/100 tox|[from] ability: Poison Heal\n|upkeep\n|turn|7\n|c| jkljlkh|thats wild\n|\n|t:|1700950784\n|switch|p2a: Toxapex|Toxapex, F|100\/100\n|move|p1a: dino nugget|Ice Punch|p2a: Toxapex\n|-resisted|p2a: Toxapex\n|-damage|p2a: Toxapex|92\/100\n|\n|-weather|Sandstorm|[upkeep]\n|-damage|p2a: Toxapex|86\/100|[from] Sandstorm\n|upkeep\n|turn|8\n|\n|t:|1700950789\n|move|p1a: dino nugget|Earthquake|p2a: Toxapex\n|-supereffective|p2a: Toxapex\n|-damage|p2a: Toxapex|41\/100\n|move|p2a: Toxapex|Toxic|p1a: dino nugget\n|-status|p1a: dino nugget|tox\n|\n|-weather|Sandstorm|[upkeep]\n|-damage|p2a: Toxapex|35\/100|[from] Sandstorm\n|-damage|p1a: dino nugget|82\/100 tox|[from] psn\n|upkeep\n|turn|9\n|\n|t:|1700950793\n|switch|p2a: Corviknight|Corviknight, M|100\/100\n|-ability|p2a: Corviknight|Pressure\n|move|p1a: dino nugget|Knock Off|p2a: Corviknight\n|-damage|p2a: Corviknight|54\/100\n|-enditem|p2a: Corviknight|Leftovers|[from] move: Knock Off|[of] p1a: dino nugget\n|\n|-weather|Sandstorm|[upkeep]\n|-damage|p1a: dino nugget|70\/100 tox|[from] psn\n|upkeep\n|turn|10\n|c| jkljlkh|wot da hail\n|c| jkljlkh|i made it spdef for a reason :sob:\n|\n|t:|1700950815\n|move|p2a: Corviknight|Roost|p2a: Corviknight\n|-heal|p2a: Corviknight|100\/100\n|-singleturn|p2a: Corviknight|move: Roost\n|move|p1a: dino nugget|Stone Edge|p2a: Corviknight|[miss]\n|-miss|p1a: dino nugget|p2a: Corviknight\n|\n|-weather|Sandstorm|[upkeep]\n|-damage|p1a: dino nugget|51\/100 tox|[from] psn\n|upkeep\n|turn|11\n|c|\u2606NDSNEZyedropwhen|me when spdef corvi\n|\n|t:|1700950822\n|move|p2a: Corviknight|Protect|p2a: Corviknight\n|-singleturn|p2a: Corviknight|Protect\n|move|p1a: dino nugget|Stone Edge|p2a: Corviknight\n|-activate|p2a: Corviknight|move: Protect\n|\n|-weather|Sandstorm|[upkeep]\n|-damage|p1a: dino nugget|26\/100 tox|[from] psn\n|upkeep\n|turn|12\n|\n|t:|1700950832\n|move|p2a: Corviknight|Iron Head|p1a: dino nugget\n|-supereffective|p1a: dino nugget\n|-damage|p1a: dino nugget|0 fnt\n|faint|p1a: dino nugget\n|\n|-weather|none\n|upkeep\n|\n|t:|1700950842\n|switch|p1a: KFC-rex|Dracozolt|100\/100\n|-damage|p1a: KFC-rex|88\/100|[from] Spikes\n|turn|13\n|c| jkljlkh|me when no more sand\n|\n|t:|1700950846\n|move|p2a: Corviknight|Protect|p2a: Corviknight\n|-singleturn|p2a: Corviknight|Protect\n|move|p1a: KFC-rex|Dragon Tail|p2a: Corviknight\n|-activate|p2a: Corviknight|move: Protect\n|\n|upkeep\n|turn|14\n|c|\u2606NDSNEZyedropwhen|hell nah\n|\n|t:|1700950857\n|switch|p2a: Gliscor|Gliscor, M|91\/100 tox\n|move|p1a: KFC-rex|Dragon Tail|p2a: Gliscor|[miss]\n|-miss|p1a: KFC-rex|p2a: Gliscor\n|\n|-heal|p2a: Gliscor|100\/100 tox|[from] ability: Poison Heal\n|upkeep\n|turn|15\n|\n|t:|1700950864\n|switch|p1a: Tabletron 3000|Metagross|100\/100\n|-damage|p1a: Tabletron 3000|88\/100|[from] Spikes\n|move|p2a: Gliscor|Earthquake|p1a: Tabletron 3000\n|-supereffective|p1a: Tabletron 3000\n|-damage|p1a: Tabletron 3000|30\/100\n|-enditem|p1a: Tabletron 3000|Weakness Policy\n|-boost|p1a: Tabletron 3000|atk|2|[from] item: Weakness Policy\n|-boost|p1a: Tabletron 3000|spa|2|[from] item: Weakness Policy\n|\n|upkeep\n|turn|16\n|\n|t:|1700950871\n|switch|p2a: Dondozo|Dondozo, F|100\/100\n|-terastallize|p1a: Tabletron 3000|Water\n|move|p1a: Tabletron 3000|Psycho Cut|p2a: Dondozo\n|-damage|p2a: Dondozo|83\/100\n|\n|upkeep\n|turn|17\n|\n|t:|1700950891\n|move|p1a: Tabletron 3000|Earthquake|p2a: Dondozo\n|-damage|p2a: Dondozo|66\/100\n|move|p2a: Dondozo|Curse|p2a: Dondozo\n|-unboost|p2a: Dondozo|spe|1\n|-boost|p2a: Dondozo|atk|1\n|-boost|p2a: Dondozo|def|1\n|\n|upkeep\n|turn|18\n|-message|local idiot gaming forfeited.\n|\n|win|NDSNEZyedropwhen\n|raw|local idiot gaming's rating: 1386 &rarr; <strong>1371<\/strong><br \/>(-15 for losing)\n|raw|NDSNEZyedropwhen's rating: 1479 &rarr; <strong>1494<\/strong><br \/>(+15 for winning)\n|l|\u2606local idiot gaming\n","uploadtime":1700950900,"views":1,"p1id":"localidiotgaming","p2id":"ndsnezyedropwhen","formatid":"gen9nationaldex","rating":1371,"private":0,"password":""}