{"id":"gen9nationaldex-1987949243","p1":"PearlHarbor1996","p2":"imbleed","format":"[Gen 9] National Dex","log":"|j|\u2606PearlHarbor1996\n|j|\u2606imbleed\n|t:|1699652200\n|gametype|singles\n|player|p1|PearlHarbor1996|rocketgrunt|1414\n|player|p2|imbleed|poppy|1533\n|teamsize|p1|6\n|teamsize|p2|6\n|gen|9\n|tier|[Gen 9] National Dex\n|rated|\n|rule|HP Percentage Mod: HP is shown in percentages\n|rule|Endless Battle Clause: Forcing endless battles is banned\n|rule|OHKO Clause: OHKO moves are banned\n|rule|Evasion Clause: Evasion abilities, items, and moves are banned\n|rule|Evasion Abilities Clause: Evasion abilities are banned\n|rule|Evasion Items Clause: Evasion items are banned\n|rule|Evasion Moves Clause: Evasion moves are banned\n|rule|Species Clause: Limit one of each Pok\u00e9mon\n|rule|Sleep Clause Mod: Limit one foe put to sleep\n|clearpoke\n|poke|p1|Gardevoir, F|\n|poke|p1|Hydreigon, M|\n|poke|p1|Ceruledge, M|\n|poke|p1|Roserade, F|\n|poke|p1|Gastrodon, M|\n|poke|p1|Corviknight, M|\n|poke|p2|Necrozma|\n|poke|p2|Gyarados, F|\n|poke|p2|Starmie|\n|poke|p2|Scizor, F|\n|poke|p2|Great Tusk|\n|poke|p2|Entei|\n|teampreview\n|inactive|Battle timer is ON: inactive players will automatically lose when time's up. (requested by PearlHarbor1996)\n|j| Lonsol\n|j| kung fu pokechu\n|j| bigglygrande\n|\n|t:|1699652228\n|start\n|switch|p1a: Hydreigon|Hydreigon, M|100\/100\n|switch|p2a: member|Gyarados, F|100\/100\n|-ability|p2a: member|Intimidate|boost\n|-unboost|p1a: Hydreigon|atk|1\n|turn|1\n|j| less might be more\n|\n|t:|1699652244\n|move|p1a: Hydreigon|U-turn|p2a: member\n|-resisted|p2a: member\n|-damage|p2a: member|94\/100\n|\n|t:|1699652248\n|switch|p1a: Gastrodon|Gastrodon, M|100\/100|[from] U-turn\n|move|p2a: member|Dragon Dance|p2a: member\n|-boost|p2a: member|atk|1\n|-boost|p2a: member|spe|1\n|\n|upkeep\n|turn|2\n|\n|t:|1699652258\n|move|p2a: member|Substitute|p2a: member\n|-start|p2a: member|Substitute\n|-damage|p2a: member|69\/100\n|move|p1a: Gastrodon|Counter||[still]\n|-fail|p1a: Gastrodon\n|\n|upkeep\n|turn|3\n|\n|t:|1699652265\n|move|p2a: member|Dragon Dance|p2a: member\n|-boost|p2a: member|atk|1\n|-boost|p2a: member|spe|1\n|move|p1a: Gastrodon|Scald|p2a: member\n|-resisted|p2a: member\n|-activate|p2a: member|move: Substitute|[damage]\n|\n|upkeep\n|turn|4\n|\n|t:|1699652273\n|move|p2a: member|Dragon Dance|p2a: member\n|-boost|p2a: member|atk|1\n|-boost|p2a: member|spe|1\n|move|p1a: Gastrodon|Scald|p2a: member\n|-resisted|p2a: member\n|-end|p2a: member|Substitute\n|\n|upkeep\n|turn|5\n|\n|t:|1699652286\n|move|p2a: member|Substitute|p2a: member\n|-start|p2a: member|Substitute\n|-damage|p2a: member|45\/100\n|move|p1a: Gastrodon|Scald|p2a: member\n|-resisted|p2a: member\n|-activate|p2a: member|move: Substitute|[damage]\n|\n|upkeep\n|turn|6\n|\n|t:|1699652293\n|detailschange|p2a: member|Gyarados-Mega, F\n|-mega|p2a: member|Gyarados|Gyaradosite\n|-ability|p2a: member|Mold Breaker\n|move|p2a: member|Waterfall|p1a: Gastrodon\n|-damage|p1a: Gastrodon|7\/100\n|move|p1a: Gastrodon|Counter|p2a: member\n|-end|p2a: member|Substitute\n|\n|-heal|p1a: Gastrodon|13\/100|[from] item: Leftovers\n|upkeep\n|turn|7\n|j| Gaza Stripper\n|\n|t:|1699652309\n|move|p2a: member|Substitute|p2a: member\n|-start|p2a: member|Substitute\n|-damage|p2a: member|20\/100\n|move|p1a: Gastrodon|Scald|p2a: member\n|-resisted|p2a: member\n|-activate|p2a: member|move: Substitute|[damage]\n|\n|-heal|p1a: Gastrodon|20\/100|[from] item: Leftovers\n|upkeep\n|turn|8\n|\n|t:|1699652316\n|move|p2a: member|Waterfall|p1a: Gastrodon\n|-damage|p1a: Gastrodon|0 fnt\n|faint|p1a: Gastrodon\n|\n|upkeep\n|\n|t:|1699652327\n|switch|p1a: Corviknight|Corviknight, M|100\/100\n|turn|9\n|j| mistahmerrikuu\n|\n|t:|1699652332\n|move|p2a: member|Waterfall|p1a: Corviknight\n|-damage|p1a: Corviknight|30\/100\n|move|p1a: Corviknight|U-turn|p2a: member\n|-supereffective|p2a: member\n|-end|p2a: member|Substitute\n|\n|t:|1699652338\n|switch|p1a: Hydreigon|Hydreigon, M|100\/100|[from] U-turn\n|\n|upkeep\n|turn|10\n|\n|t:|1699652343\n|move|p2a: member|Waterfall|p1a: Hydreigon\n|-resisted|p1a: Hydreigon\n|-damage|p1a: Hydreigon|28\/100\n|move|p1a: Hydreigon|U-turn|p2a: member\n|-supereffective|p2a: member\n|-damage|p2a: member|0 fnt\n|faint|p2a: member\n|\n|t:|1699652361\n|switch|p1a: Ceruledge|Ceruledge, M|100\/100|[from] U-turn\n|\n|upkeep\n|l| Gaza Stripper\n|\n|t:|1699652368\n|switch|p2a: wowie zowie|Great Tusk|100\/100\n|turn|11\n|\n|t:|1699652377\n|-terastallize|p1a: Ceruledge|Grass\n|move|p2a: wowie zowie|Headlong Rush|p1a: Ceruledge\n|-resisted|p1a: Ceruledge\n|-damage|p1a: Ceruledge|60\/100\n|-unboost|p2a: wowie zowie|def|1\n|-unboost|p2a: wowie zowie|spd|1\n|move|p1a: Ceruledge|Swords Dance|p1a: Ceruledge\n|-boost|p1a: Ceruledge|atk|2\n|\n|upkeep\n|turn|12\n|\n|t:|1699652393\n|move|p2a: wowie zowie|Ice Spinner|p1a: Ceruledge\n|-supereffective|p1a: Ceruledge\n|-damage|p1a: Ceruledge|0 fnt\n|faint|p1a: Ceruledge\n|\n|upkeep\n|\n|t:|1699652398\n|switch|p1a: Gardevoir|Gardevoir, F, shiny|100\/100\n|turn|13\n|\n|t:|1699652408\n|-end|p2a: wowie zowie|Protosynthesis|[silent]\n|switch|p2a: yes i am a cat|Entei|100\/100\n|-ability|p1a: Gardevoir|Inner Focus|[from] ability: Trace|[of] p2a: yes i am a cat\n|detailschange|p1a: Gardevoir|Gardevoir-Mega, F, shiny\n|-mega|p1a: Gardevoir|Gardevoir|Gardevoirite\n|move|p1a: Gardevoir|Thunderbolt|p2a: yes i am a cat\n|-damage|p2a: yes i am a cat|54\/100\n|\n|upkeep\n|turn|14\n|\n|t:|1699652430\n|move|p1a: Gardevoir|Thunderbolt|p2a: yes i am a cat\n|-damage|p2a: yes i am a cat|12\/100\n|move|p2a: yes i am a cat|Sacred Fire|p1a: Gardevoir\n|-damage|p1a: Gardevoir|0 fnt\n|faint|p1a: Gardevoir\n|\n|upkeep\n|\n|t:|1699652437\n|switch|p1a: Hydreigon|Hydreigon, M|28\/100\n|turn|15\n|\n|t:|1699652443\n|move|p1a: Hydreigon|Dark Pulse|p2a: yes i am a cat\n|-damage|p2a: yes i am a cat|0 fnt\n|faint|p2a: yes i am a cat\n|\n|upkeep\n|\n|t:|1699652449\n|switch|p2a: red chud|Scizor, F|100\/100\n|turn|16\n|\n|t:|1699652452\n|switch|p1a: Corviknight|Corviknight, M|30\/100\n|move|p2a: red chud|Swords Dance|p2a: red chud\n|-boost|p2a: red chud|atk|2\n|\n|-heal|p1a: Corviknight|37\/100|[from] item: Leftovers\n|upkeep\n|turn|17\n|-message|PearlHarbor1996 forfeited.\n|\n|win|imbleed\n|raw|PearlHarbor1996's rating: 1414 &rarr; <strong>1401<\/strong><br \/>(-13 for losing)\n|raw|imbleed's rating: 1533 &rarr; <strong>1546<\/strong><br \/>(+13 for winning)\n|l|\u2606PearlHarbor1996\n","uploadtime":1699652466,"views":4,"p1id":"pearlharbor1996","p2id":"imbleed","formatid":"gen9nationaldex","rating":1401,"private":0,"password":""}