{"id":"gen9nationaldex-1990523124","p1":"lxvliiz","p2":"Weestyx","format":"[Gen 9] National Dex","log":"|j|\u2606lxvliiz\n|j|\u2606Weestyx\n|t:|1699978440\n|gametype|singles\n|player|p1|lxvliiz|guitarist|1109\n|player|p2|Weestyx|1|1240\n|teamsize|p1|6\n|teamsize|p2|6\n|gen|9\n|tier|[Gen 9] National Dex\n|rated|\n|rule|HP Percentage Mod: HP is shown in percentages\n|rule|Endless Battle Clause: Forcing endless battles is banned\n|rule|OHKO Clause: OHKO moves are banned\n|rule|Evasion Clause: Evasion abilities, items, and moves are banned\n|rule|Evasion Abilities Clause: Evasion abilities are banned\n|rule|Evasion Items Clause: Evasion items are banned\n|rule|Evasion Moves Clause: Evasion moves are banned\n|rule|Species Clause: Limit one of each Pok\u00e9mon\n|rule|Sleep Clause Mod: Limit one foe put to sleep\n|clearpoke\n|poke|p1|Charizard, M|\n|poke|p1|Azumarill, M|\n|poke|p1|Lilligant-Hisui, F|\n|poke|p1|Aegislash, M|\n|poke|p1|Nidoking, M|\n|poke|p1|Grimmsnarl, M|\n|poke|p2|Gliscor, M|\n|poke|p2|Ferrothorn, M|\n|poke|p2|Garganacl, F|\n|poke|p2|Coalossal, F|\n|poke|p2|Serperior, M|\n|poke|p2|Dondozo, M|\n|teampreview\n|inactive|Battle timer is ON: inactive players will automatically lose when time's up. (requested by Weestyx)\n|l|\u2606lxvliiz\n|inactive|lxvliiz disconnected and has a minute to reconnect!\n|player|p1|\n|inactive|lxvliiz has 30 seconds to reconnect!\n|inactive|lxvliiz has 20 seconds to reconnect!\n|inactive|lxvliiz has 15 seconds to reconnect!\n|inactive|lxvliiz has 10 seconds to reconnect!\n|inactive|lxvliiz has 5 seconds to reconnect!\n|j|\u2606lxvliiz\n|inactive|lxvliiz reconnected and has 95 seconds left.\n|player|p1|lxvliiz|guitarist\n|\n|t:|1699978529\n|start\n|switch|p1a: Grimmsnarl|Grimmsnarl, M|100\/100\n|switch|p2a: Garganacl|Garganacl, F|100\/100\n|turn|1\n|\n|t:|1699978537\n|move|p1a: Grimmsnarl|Reflect|p1a: Grimmsnarl\n|-sidestart|p1: lxvliiz|Reflect\n|move|p2a: Garganacl|Salt Cure|p1a: Grimmsnarl\n|-damage|p1a: Grimmsnarl|91\/100\n|-start|p1a: Grimmsnarl|Salt Cure\n|\n|-damage|p1a: Grimmsnarl|78\/100|[from] Salt Cure\n|upkeep\n|turn|2\n|\n|t:|1699978547\n|switch|p2a: Gliscor|Gliscor, M|100\/100\n|move|p1a: Grimmsnarl|Light Screen|p1a: Grimmsnarl\n|-sidestart|p1: lxvliiz|move: Light Screen\n|\n|-damage|p1a: Grimmsnarl|66\/100|[from] Salt Cure\n|-status|p2a: Gliscor|tox|[from] item: Toxic Orb\n|upkeep\n|turn|3\n|\n|t:|1699978554\n|move|p2a: Gliscor|Stealth Rock|p1a: Grimmsnarl\n|-sidestart|p1: lxvliiz|move: Stealth Rock\n|move|p1a: Grimmsnarl|Darkest Lariat|p2a: Gliscor\n|-damage|p2a: Gliscor|74\/100 tox\n|\n|-heal|p2a: Gliscor|87\/100 tox|[from] ability: Poison Heal\n|-damage|p1a: Grimmsnarl|53\/100|[from] Salt Cure\n|upkeep\n|turn|4\n|\n|t:|1699978559\n|move|p2a: Gliscor|Protect|p2a: Gliscor\n|-singleturn|p2a: Gliscor|Protect\n|move|p1a: Grimmsnarl|Parting Shot|p2a: Gliscor\n|-activate|p2a: Gliscor|move: Protect\n|\n|-heal|p2a: Gliscor|99\/100 tox|[from] ability: Poison Heal\n|-damage|p1a: Grimmsnarl|41\/100|[from] Salt Cure\n|upkeep\n|turn|5\n|\n|t:|1699978566\n|move|p1a: Grimmsnarl|Parting Shot|p2a: Gliscor\n|-unboost|p2a: Gliscor|atk|1\n|-unboost|p2a: Gliscor|spa|1\n|\n|t:|1699978574\n|switch|p1a: Azumarill|Azumarill, M|100\/100|[from] Parting Shot\n|-damage|p1a: Azumarill|88\/100|[from] Stealth Rock\n|move|p2a: Gliscor|Toxic|p1a: Azumarill\n|-status|p1a: Azumarill|tox\n|\n|-heal|p2a: Gliscor|100\/100 tox|[from] ability: Poison Heal\n|-damage|p1a: Azumarill|82\/100 tox|[from] psn\n|upkeep\n|turn|6\n|\n|t:|1699978589\n|switch|p2a: Ferrothorn|Ferrothorn, M|100\/100\n|move|p1a: Azumarill|Belly Drum|p1a: Azumarill\n|-damage|p1a: Azumarill|32\/100 tox\n|-setboost|p1a: Azumarill|atk|6|[from] move: Belly Drum\n|-enditem|p1a: Azumarill|Sitrus Berry|[eat]\n|-heal|p1a: Azumarill|57\/100 tox|[from] item: Sitrus Berry\n|\n|-damage|p1a: Azumarill|45\/100 tox|[from] psn\n|upkeep\n|turn|7\n|inactive|Weestyx has 120 seconds left.\n|\n|t:|1699978623\n|-terastallize|p1a: Azumarill|Water\n|move|p1a: Azumarill|Liquidation|p2a: Ferrothorn\n|-resisted|p2a: Ferrothorn\n|-damage|p2a: Ferrothorn|16\/100\n|-damage|p1a: Azumarill|32\/100 tox|[from] ability: Iron Barbs|[of] p2a: Ferrothorn\n|-damage|p1a: Azumarill|16\/100 tox|[from] item: Rocky Helmet|[of] p2a: Ferrothorn\n|move|p2a: Ferrothorn|Leech Seed|p1a: Azumarill|[miss]\n|-miss|p2a: Ferrothorn|p1a: Azumarill\n|\n|-damage|p1a: Azumarill|0 fnt|[from] psn\n|faint|p1a: Azumarill\n|upkeep\n|\n|t:|1699978634\n|switch|p1a: Grimmsnarl|Grimmsnarl, M|41\/100\n|-damage|p1a: Grimmsnarl|28\/100|[from] Stealth Rock\n|turn|8\n|\n|t:|1699978651\n|move|p1a: Grimmsnarl|Parting Shot|p2a: Ferrothorn\n|-unboost|p2a: Ferrothorn|atk|1\n|-unboost|p2a: Ferrothorn|spa|1\n|\n|t:|1699978656\n|switch|p1a: Aegislash|Aegislash, M|100\/100|[from] Parting Shot\n|-damage|p1a: Aegislash|94\/100|[from] Stealth Rock\n|move|p2a: Ferrothorn|Leech Seed|p1a: Aegislash\n|-start|p1a: Aegislash|move: Leech Seed\n|\n|-damage|p1a: Aegislash|82\/100|[from] Leech Seed|[of] p2a: Ferrothorn\n|-heal|p2a: Ferrothorn|27\/100|[silent]\n|-sideend|p1: lxvliiz|Reflect\n|upkeep\n|turn|9\n|\n|t:|1699978676\n|move|p2a: Ferrothorn|Iron Defense|p2a: Ferrothorn\n|-boost|p2a: Ferrothorn|def|2\n|-formechange|p1a: Aegislash|Aegislash-Blade||[from] ability: Stance Change\n|move|p1a: Aegislash|Shadow Ball|p2a: Ferrothorn\n|-damage|p2a: Ferrothorn|0 fnt\n|faint|p2a: Ferrothorn\n|\n|-sideend|p1: lxvliiz|move: Light Screen\n|upkeep\n|\n|t:|1699978683\n|switch|p2a: Garganacl|Garganacl, F|100\/100\n|turn|10\n|\n|t:|1699978690\n|move|p2a: Garganacl|Salt Cure|p1a: Aegislash\n|-resisted|p1a: Aegislash\n|-damage|p1a: Aegislash|67\/100\n|-start|p1a: Aegislash|Salt Cure\n|move|p1a: Aegislash|Gyro Ball|p2a: Garganacl\n|-supereffective|p2a: Garganacl\n|-damage|p2a: Garganacl|75\/100\n|\n|-heal|p2a: Garganacl|81\/100|[from] item: Leftovers\n|-damage|p1a: Aegislash|55\/100|[from] Leech Seed|[of] p2a: Garganacl\n|-heal|p2a: Garganacl|93\/100|[silent]\n|-damage|p1a: Aegislash|30\/100|[from] Salt Cure\n|upkeep\n|turn|11\n|\n|t:|1699978700\n|switch|p1a: Charizard|Charizard, M|100\/100\n|-damage|p1a: Charizard|51\/100|[from] Stealth Rock\n|move|p2a: Garganacl|Protect||[still]\n|-fail|p2a: Garganacl\n|\n|-heal|p2a: Garganacl|99\/100|[from] item: Leftovers\n|upkeep\n|turn|12\n|\n|t:|1699978706\n|detailschange|p1a: Charizard|Charizard-Mega-Y, M\n|-mega|p1a: Charizard|Charizard|Charizardite Y\n|-weather|SunnyDay|[from] ability: Drought|[of] p1a: Charizard\n|move|p1a: Charizard|Solar Beam||[still]\n|-prepare|p1a: Charizard|Solar Beam\n|-anim|p1a: Charizard|Solar Beam|p2a: Garganacl\n|-supereffective|p2a: Garganacl\n|-damage|p2a: Garganacl|2\/100\n|move|p2a: Garganacl|Salt Cure|p1a: Charizard\n|-supereffective|p1a: Charizard\n|-damage|p1a: Charizard|0 fnt\n|faint|p1a: Charizard\n|\n|-weather|SunnyDay|[upkeep]\n|-heal|p2a: Garganacl|8\/100|[from] item: Leftovers\n|upkeep\n|\n|t:|1699978713\n|switch|p1a: Lilligant|Lilligant-Hisui, F|100\/100\n|-damage|p1a: Lilligant|94\/100|[from] Stealth Rock\n|turn|13\n|\n|t:|1699978719\n|move|p2a: Garganacl|Protect|p2a: Garganacl\n|-singleturn|p2a: Garganacl|Protect\n|move|p1a: Lilligant|Solar Blade||[still]\n|-prepare|p1a: Lilligant|Solar Blade\n|-anim|p1a: Lilligant|Solar Blade|p2a: Garganacl\n|-activate|p2a: Garganacl|move: Protect\n|\n|-weather|SunnyDay|[upkeep]\n|-heal|p2a: Garganacl|15\/100|[from] item: Leftovers\n|upkeep\n|turn|14\n|\n|t:|1699978748\n|switch|p2a: Gliscor|Gliscor, M|100\/100 tox\n|move|p1a: Lilligant|Solar Blade||[still]\n|-prepare|p1a: Lilligant|Solar Blade\n|-anim|p1a: Lilligant|Solar Blade|p2a: Gliscor\n|-damage|p2a: Gliscor|40\/100 tox\n|\n|-weather|SunnyDay|[upkeep]\n|-heal|p2a: Gliscor|52\/100 tox|[from] ability: Poison Heal\n|upkeep\n|turn|15\n|\n|t:|1699978755\n|move|p2a: Gliscor|Protect|p2a: Gliscor\n|-singleturn|p2a: Gliscor|Protect\n|move|p1a: Lilligant|Solar Blade||[still]\n|-prepare|p1a: Lilligant|Solar Blade\n|-anim|p1a: Lilligant|Solar Blade|p2a: Gliscor\n|-activate|p2a: Gliscor|move: Protect\n|\n|-weather|SunnyDay|[upkeep]\n|-heal|p2a: Gliscor|64\/100 tox|[from] ability: Poison Heal\n|upkeep\n|turn|16\n|\n|t:|1699978759\n|move|p1a: Lilligant|Solar Blade||[still]\n|-prepare|p1a: Lilligant|Solar Blade\n|-anim|p1a: Lilligant|Solar Blade|p2a: Gliscor\n|-damage|p2a: Gliscor|0 fnt\n|faint|p2a: Gliscor\n|\n|-weather|none\n|upkeep\n|\n|t:|1699978764\n|switch|p2a: Coalossal|Coalossal, F|100\/100\n|turn|17\n|\n|t:|1699978767\n|move|p1a: Lilligant|Close Combat|p2a: Coalossal\n|-supereffective|p2a: Coalossal\n|-damage|p2a: Coalossal|42\/100\n|-unboost|p1a: Lilligant|def|1\n|-unboost|p1a: Lilligant|spd|1\n|move|p2a: Coalossal|Will-O-Wisp|p1a: Lilligant\n|-status|p1a: Lilligant|brn\n|\n|-damage|p1a: Lilligant|88\/100 brn|[from] brn\n|upkeep\n|turn|18\n|\n|t:|1699978782\n|switch|p2a: Dondozo|Dondozo, M|100\/100\n|move|p1a: Lilligant|Close Combat|p2a: Dondozo\n|-damage|p2a: Dondozo|86\/100\n|-unboost|p1a: Lilligant|def|1\n|-unboost|p1a: Lilligant|spd|1\n|\n|-heal|p2a: Dondozo|92\/100|[from] item: Leftovers\n|-damage|p1a: Lilligant|82\/100 brn|[from] brn\n|upkeep\n|turn|19\n|\n|t:|1699978786\n|move|p1a: Lilligant|Leaf Blade|p2a: Dondozo\n|-supereffective|p2a: Dondozo\n|-damage|p2a: Dondozo|63\/100\n|move|p2a: Dondozo|Curse|p2a: Dondozo\n|-unboost|p2a: Dondozo|spe|1\n|-boost|p2a: Dondozo|atk|1\n|-boost|p2a: Dondozo|def|1\n|\n|-heal|p2a: Dondozo|69\/100|[from] item: Leftovers\n|-damage|p1a: Lilligant|76\/100 brn|[from] brn\n|upkeep\n|turn|20\n|\n|t:|1699978792\n|move|p1a: Lilligant|Poison Jab|p2a: Dondozo\n|-damage|p2a: Dondozo|65\/100\n|-status|p2a: Dondozo|psn\n|move|p2a: Dondozo|Curse|p2a: Dondozo\n|-unboost|p2a: Dondozo|spe|1\n|-boost|p2a: Dondozo|atk|1\n|-boost|p2a: Dondozo|def|1\n|\n|-heal|p2a: Dondozo|71\/100 psn|[from] item: Leftovers\n|-damage|p2a: Dondozo|59\/100 psn|[from] psn\n|-damage|p1a: Lilligant|70\/100 brn|[from] brn\n|upkeep\n|turn|21\n|\n|t:|1699978800\n|move|p1a: Lilligant|Leaf Blade|p2a: Dondozo\n|-supereffective|p2a: Dondozo\n|-damage|p2a: Dondozo|46\/100 psn\n|move|p2a: Dondozo|Curse|p2a: Dondozo\n|-unboost|p2a: Dondozo|spe|1\n|-boost|p2a: Dondozo|atk|1\n|-boost|p2a: Dondozo|def|1\n|\n|-heal|p2a: Dondozo|52\/100 psn|[from] item: Leftovers\n|-damage|p2a: Dondozo|40\/100 psn|[from] psn\n|-damage|p1a: Lilligant|64\/100 brn|[from] brn\n|upkeep\n|turn|22\n|\n|t:|1699978822\n|move|p1a: Lilligant|Close Combat|p2a: Dondozo\n|-damage|p2a: Dondozo|34\/100 psn\n|-unboost|p1a: Lilligant|def|1\n|-unboost|p1a: Lilligant|spd|1\n|move|p2a: Dondozo|Rest|p2a: Dondozo\n|-status|p2a: Dondozo|slp|[from] move: Rest\n|-heal|p2a: Dondozo|100\/100 slp|[silent]\n|\n|-damage|p1a: Lilligant|58\/100 brn|[from] brn\n|upkeep\n|turn|23\n|\n|t:|1699978826\n|move|p1a: Lilligant|Close Combat|p2a: Dondozo\n|-damage|p2a: Dondozo|95\/100 slp\n|-unboost|p1a: Lilligant|def|1\n|-unboost|p1a: Lilligant|spd|1\n|cant|p2a: Dondozo|slp\n|\n|-heal|p2a: Dondozo|100\/100 slp|[from] item: Leftovers\n|-damage|p1a: Lilligant|52\/100 brn|[from] brn\n|upkeep\n|turn|24\n|\n|t:|1699978829\n|move|p1a: Lilligant|Close Combat|p2a: Dondozo\n|-damage|p2a: Dondozo|94\/100 slp\n|-unboost|p1a: Lilligant|def|1\n|-unboost|p1a: Lilligant|spd|1\n|cant|p2a: Dondozo|slp\n|\n|-heal|p2a: Dondozo|99\/100 slp|[from] item: Leftovers\n|-damage|p1a: Lilligant|46\/100 brn|[from] brn\n|upkeep\n|turn|25\n|\n|t:|1699978846\n|move|p1a: Lilligant|Poison Jab|p2a: Dondozo\n|-damage|p2a: Dondozo|98\/100 slp\n|-curestatus|p2a: Dondozo|slp|[msg]\n|move|p2a: Dondozo|Curse|p2a: Dondozo\n|-unboost|p2a: Dondozo|spe|1\n|-boost|p2a: Dondozo|atk|1\n|-boost|p2a: Dondozo|def|1\n|\n|-heal|p2a: Dondozo|100\/100|[from] item: Leftovers\n|-damage|p1a: Lilligant|40\/100 brn|[from] brn\n|upkeep\n|turn|26\n|\n|t:|1699978849\n|move|p1a: Lilligant|Poison Jab|p2a: Dondozo\n|-damage|p2a: Dondozo|98\/100\n|-status|p2a: Dondozo|psn\n|move|p2a: Dondozo|Body Press|p1a: Lilligant\n|-damage|p1a: Lilligant|0 fnt\n|faint|p1a: Lilligant\n|\n|-heal|p2a: Dondozo|100\/100 psn|[from] item: Leftovers\n|-damage|p2a: Dondozo|88\/100 psn|[from] psn\n|upkeep\n|\n|t:|1699978854\n|switch|p1a: Grimmsnarl|Grimmsnarl, M|28\/100\n|-damage|p1a: Grimmsnarl|16\/100|[from] Stealth Rock\n|turn|27\n|\n|t:|1699978858\n|move|p1a: Grimmsnarl|Parting Shot|p2a: Dondozo\n|-unboost|p2a: Dondozo|atk|1\n|-unboost|p2a: Dondozo|spa|1\n|\n|t:|1699978867\n|switch|p1a: Aegislash|Aegislash, M|30\/100|[from] Parting Shot\n|-damage|p1a: Aegislash|24\/100|[from] Stealth Rock\n|move|p2a: Dondozo|Body Press|p1a: Aegislash\n|-immune|p1a: Aegislash\n|\n|-heal|p2a: Dondozo|94\/100 psn|[from] item: Leftovers\n|-damage|p2a: Dondozo|82\/100 psn|[from] psn\n|upkeep\n|turn|28\n|\n|t:|1699978875\n|-formechange|p1a: Aegislash|Aegislash-Blade||[from] ability: Stance Change\n|move|p1a: Aegislash|Shadow Ball|p2a: Dondozo\n|-damage|p2a: Dondozo|54\/100 psn\n|move|p2a: Dondozo|Soak|p1a: Aegislash\n|-start|p1a: Aegislash|typechange|Water\n|\n|-heal|p2a: Dondozo|60\/100 psn|[from] item: Leftovers\n|-damage|p2a: Dondozo|47\/100 psn|[from] psn\n|upkeep\n|turn|29\n|\n|t:|1699978882\n|move|p1a: Aegislash|Shadow Ball|p2a: Dondozo\n|-damage|p2a: Dondozo|29\/100 psn\n|move|p2a: Dondozo|Body Press|p1a: Aegislash\n|-damage|p1a: Aegislash|0 fnt\n|faint|p1a: Aegislash\n|\n|-heal|p2a: Dondozo|35\/100 psn|[from] item: Leftovers\n|-damage|p2a: Dondozo|22\/100 psn|[from] psn\n|upkeep\n|\n|t:|1699978887\n|switch|p1a: Nidoking|Nidoking, M|100\/100\n|-damage|p1a: Nidoking|95\/100|[from] Stealth Rock\n|turn|30\n|\n|t:|1699978891\n|move|p1a: Nidoking|Sludge Wave|p2a: Dondozo\n|-damage|p2a: Dondozo|0 fnt\n|faint|p2a: Dondozo\n|\n|upkeep\n|\n|t:|1699978898\n|switch|p2a: Garganacl|Garganacl, F|15\/100\n|turn|31\n|\n|t:|1699978900\n|move|p2a: Garganacl|Protect|p2a: Garganacl\n|-singleturn|p2a: Garganacl|Protect\n|move|p1a: Nidoking|Earth Power|p2a: Garganacl\n|-activate|p2a: Garganacl|move: Protect\n|\n|-heal|p2a: Garganacl|21\/100|[from] item: Leftovers\n|upkeep\n|turn|32\n|\n|t:|1699978908\n|move|p1a: Nidoking|Earth Power|p2a: Garganacl\n|-supereffective|p2a: Garganacl\n|-damage|p2a: Garganacl|0 fnt\n|faint|p2a: Garganacl\n|\n|upkeep\n|\n|t:|1699978913\n|switch|p2a: Coalossal|Coalossal, F|42\/100\n|turn|33\n|\n|t:|1699978919\n|-terastallize|p2a: Coalossal|Grass\n|move|p1a: Nidoking|Earth Power|p2a: Coalossal\n|-resisted|p2a: Coalossal\n|-damage|p2a: Coalossal|19\/100\n|move|p2a: Coalossal|Will-O-Wisp|p1a: Nidoking\n|-status|p1a: Nidoking|brn\n|\n|-damage|p1a: Nidoking|89\/100 brn|[from] brn\n|upkeep\n|turn|34\n|\n|t:|1699978928\n|move|p1a: Nidoking|Sludge Wave|p2a: Coalossal\n|-supereffective|p2a: Coalossal\n|-damage|p2a: Coalossal|0 fnt\n|faint|p2a: Coalossal\n|\n|-damage|p1a: Nidoking|83\/100 brn|[from] brn\n|upkeep\n|\n|t:|1699978934\n|switch|p2a: Serperior|Serperior, M|100\/100\n|turn|35\n|\n|t:|1699978938\n|move|p2a: Serperior|Leaf Storm|p1a: Nidoking\n|-damage|p1a: Nidoking|20\/100 brn\n|-boost|p2a: Serperior|spa|2\n|move|p1a: Nidoking|Sludge Wave|p2a: Serperior\n|-supereffective|p2a: Serperior\n|-crit|p2a: Serperior\n|-damage|p2a: Serperior|0 fnt\n|faint|p2a: Serperior\n|\n|win|lxvliiz\n|raw|lxvliiz's rating: 1109 &rarr; <strong>1143<\/strong><br \/>(+34 for winning)\n|raw|Weestyx's rating: 1240 &rarr; <strong>1206<\/strong><br \/>(-34 for losing)\n|c|\u2606lxvliiz|hh\n|c|\u2606lxvliiz|gg*\n","uploadtime":1699978950,"views":4,"p1id":"lxvliiz","p2id":"weestyx","formatid":"gen9nationaldex","rating":1143,"private":0,"password":""}