{"id":"gen9nationaldex-1995821419","p1":"luis1019","p2":"TheStroker","format":"[Gen 9] National Dex","log":"|html|<div class=\"broadcast-blue\"><strong>[Gen 9] National Dex is currently suspecting Sneasler! For information on how to participate check out the <a href=\"https:\/\/www.smogon.com\/forums\/threads\/sv-national-dex-suspect-8-just-dance.3731534\/\">suspect thread<\/a>.<\/strong><\/div>\n|j|\u2606luis1019\n|j|\u2606TheStroker\n|t:|1700606471\n|gametype|singles\n|player|p1|luis1019|101|1504\n|player|p2|TheStroker|janitor|1584\n|teamsize|p1|6\n|teamsize|p2|6\n|gen|9\n|tier|[Gen 9] National Dex\n|rated|\n|rule|HP Percentage Mod: HP is shown in percentages\n|rule|Endless Battle Clause: Forcing endless battles is banned\n|rule|OHKO Clause: OHKO moves are banned\n|rule|Evasion Clause: Evasion abilities, items, and moves are banned\n|rule|Evasion Abilities Clause: Evasion abilities are banned\n|rule|Evasion Items Clause: Evasion items are banned\n|rule|Evasion Moves Clause: Evasion moves are banned\n|rule|Species Clause: Limit one of each Pok\u00e9mon\n|rule|Sleep Clause Mod: Limit one foe put to sleep\n|clearpoke\n|poke|p1|Charizard, M|\n|poke|p1|Hippowdon, M|\n|poke|p1|Dragonite, F|\n|poke|p1|Excadrill, M|\n|poke|p1|Heatran, F|\n|poke|p1|Keldeo-Resolute|\n|poke|p2|Skeledirge, M|\n|poke|p2|Ditto|\n|poke|p2|Zangoose, F|\n|poke|p2|Mightyena, F|\n|poke|p2|Landorus-Therian, M|\n|poke|p2|Sneasler, F|\n|teampreview\n|j| kung fu pokechu\n|\n|t:|1700606501\n|start\n|switch|p1a: Charizard|Charizard, M|100\/100\n|switch|p2a: Rather mighty|Mightyena, F|100\/100\n|-ability|p2a: Rather mighty|Intimidate|boost\n|-unboost|p1a: Charizard|atk|1\n|turn|1\n|inactive|Battle timer is ON: inactive players will automatically lose when time's up. (requested by TheStroker)\n|\n|t:|1700606514\n|detailschange|p1a: Charizard|Charizard-Mega-Y, M\n|-mega|p1a: Charizard|Charizard|Charizardite Y\n|-weather|SunnyDay|[from] ability: Drought|[of] p1a: Charizard\n|move|p1a: Charizard|Weather Ball|p2a: Rather mighty\n|-enditem|p2a: Rather mighty|Focus Sash\n|-damage|p2a: Rather mighty|1\/100\n|move|p2a: Rather mighty|Thunder Fang|p1a: Charizard\n|-supereffective|p1a: Charizard\n|-damage|p1a: Charizard|47\/100\n|\n|-weather|SunnyDay|[upkeep]\n|upkeep\n|turn|2\n|inactive|TheStroker has 120 seconds left.\n|\n|t:|1700606544\n|switch|p1a: Hippowdon|Hippowdon, M|100\/100\n|-weather|Sandstorm|[from] ability: Sand Stream|[of] p1a: Hippowdon\n|move|p2a: Rather mighty|Crunch|p1a: Hippowdon\n|-damage|p1a: Hippowdon|83\/100\n|\n|-weather|Sandstorm|[upkeep]\n|-damage|p2a: Rather mighty|0 fnt|[from] Sandstorm\n|faint|p2a: Rather mighty\n|-heal|p1a: Hippowdon|90\/100|[from] item: Leftovers\n|upkeep\n|inactive|TheStroker has 120 seconds left.\n|l|\u2606luis1019\n|inactive|luis1019 disconnected and has a minute to reconnect!\n|player|p1|\n|\n|t:|1700606561\n|switch|p2a: Not edited|Ditto|100\/100\n|-transform|p2a: Not edited|p1a: Hippowdon|[from] ability: Imposter\n|turn|3\n|j|\u2606luis1019\n|inactive|luis1019 reconnected and has 135 seconds left.\n|player|p1|luis1019|101\n|l|\u2606luis1019\n|inactive|luis1019 disconnected and has a minute to reconnect!\n|player|p1|\n|j|\u2606luis1019\n|inactive|luis1019 reconnected and has 130 seconds left.\n|player|p1|luis1019|101\n|j| 5cat\n|inactive|luis1019 has 120 seconds left.\n|\n|t:|1700606593\n|switch|p1a: Charizard|Charizard-Mega-Y, M|47\/100\n|-weather|SunnyDay|[from] ability: Drought|[of] p1a: Charizard\n|move|p2a: Not edited|Toxic|p1a: Charizard\n|-status|p1a: Charizard|tox\n|\n|-weather|SunnyDay|[upkeep]\n|-damage|p1a: Charizard|41\/100 tox|[from] psn\n|upkeep\n|turn|4\n|\n|t:|1700606599\n|switch|p2a: Not flamboyant|Skeledirge, M|100\/100\n|move|p1a: Charizard|Roost|p1a: Charizard\n|-heal|p1a: Charizard|91\/100 tox\n|-singleturn|p1a: Charizard|move: Roost\n|\n|-weather|SunnyDay|[upkeep]\n|-damage|p1a: Charizard|79\/100 tox|[from] psn\n|upkeep\n|turn|5\n|\n|t:|1700606613\n|switch|p1a: Heatran|Heatran, F|100\/100\n|-item|p1a: Heatran|Air Balloon\n|switch|p2a: Not edited|Ditto|100\/100\n|-transform|p2a: Not edited|p1a: Heatran|[from] ability: Imposter\n|\n|-weather|SunnyDay|[upkeep]\n|upkeep\n|turn|6\n|\n|t:|1700606636\n|switch|p2a: Not flamboyant|Skeledirge, M|100\/100\n|move|p1a: Heatran|Fire Blast|p2a: Not flamboyant\n|-resisted|p2a: Not flamboyant\n|-damage|p2a: Not flamboyant|62\/100\n|\n|-weather|SunnyDay|[upkeep]\n|upkeep\n|turn|7\n|\n|t:|1700606652\n|switch|p2a: cancer noob luck|Sneasler, F|100\/100\n|-item|p2a: cancer noob luck|Air Balloon\n|move|p1a: Heatran|Earth Power|p2a: cancer noob luck\n|-immune|p2a: cancer noob luck\n|\n|-weather|none\n|upkeep\n|turn|8\n|\n|t:|1700606665\n|switch|p1a: Hippowdon|Hippowdon, M|90\/100\n|-weather|Sandstorm|[from] ability: Sand Stream|[of] p1a: Hippowdon\n|move|p2a: cancer noob luck|Swords Dance|p2a: cancer noob luck\n|-boost|p2a: cancer noob luck|atk|2\n|\n|-weather|Sandstorm|[upkeep]\n|-damage|p2a: cancer noob luck|95\/100|[from] Sandstorm\n|-heal|p1a: Hippowdon|96\/100|[from] item: Leftovers\n|upkeep\n|turn|9\n|\n|t:|1700606679\n|move|p2a: cancer noob luck|Swords Dance|p2a: cancer noob luck\n|-boost|p2a: cancer noob luck|atk|2\n|move|p1a: Hippowdon|Stealth Rock|p2a: cancer noob luck\n|-sidestart|p2: TheStroker|move: Stealth Rock\n|\n|-weather|Sandstorm|[upkeep]\n|-damage|p2a: cancer noob luck|89\/100|[from] Sandstorm\n|-heal|p1a: Hippowdon|100\/100|[from] item: Leftovers\n|upkeep\n|turn|10\n|\n|t:|1700606692\n|move|p2a: cancer noob luck|Dire Claw|p1a: Hippowdon\n|-resisted|p1a: Hippowdon\n|-damage|p1a: Hippowdon|65\/100\n|-status|p1a: Hippowdon|par\n|cant|p1a: Hippowdon|par\n|\n|-weather|Sandstorm|[upkeep]\n|-damage|p2a: cancer noob luck|83\/100|[from] Sandstorm\n|-heal|p1a: Hippowdon|71\/100 par|[from] item: Leftovers\n|upkeep\n|turn|11\n|\n|t:|1700606701\n|switch|p1a: Dragonite|Dragonite, F|100\/100\n|move|p2a: cancer noob luck|Swords Dance|p2a: cancer noob luck\n|-boost|p2a: cancer noob luck|atk|2\n|\n|-weather|Sandstorm|[upkeep]\n|-damage|p2a: cancer noob luck|77\/100|[from] Sandstorm\n|-damage|p1a: Dragonite|94\/100|[from] Sandstorm\n|upkeep\n|turn|12\n|\n|t:|1700606708\n|-terastallize|p1a: Dragonite|Normal\n|move|p1a: Dragonite|Extreme Speed|p2a: cancer noob luck\n|-damage|p2a: cancer noob luck|0 fnt\n|-enditem|p2a: cancer noob luck|Air Balloon\n|faint|p2a: cancer noob luck\n|-damage|p1a: Dragonite|84\/100|[from] item: Life Orb\n|\n|-weather|none\n|upkeep\n|\n|t:|1700606721\n|switch|p2a: Not flamboyant|Skeledirge, M|62\/100\n|turn|13\n|\n|t:|1700606730\n|switch|p1a: Heatran|Heatran, F|100\/100\n|-item|p1a: Heatran|Air Balloon\n|move|p2a: Not flamboyant|Slack Off|p2a: Not flamboyant\n|-heal|p2a: Not flamboyant|100\/100\n|\n|upkeep\n|turn|14\n|\n|t:|1700606739\n|move|p1a: Heatran|Earth Power|p2a: Not flamboyant\n|-supereffective|p2a: Not flamboyant\n|-damage|p2a: Not flamboyant|48\/100\n|move|p2a: Not flamboyant|Shadow Ball|p1a: Heatran\n|-damage|p1a: Heatran|80\/100\n|-enditem|p1a: Heatran|Air Balloon\n|\n|upkeep\n|turn|15\n|inactive|TheStroker has 120 seconds left.\n|\n|t:|1700606751\n|switch|p2a: oooooooooooooo|Landorus-Therian, M|100\/100\n|-damage|p2a: oooooooooooooo|88\/100|[from] Stealth Rock\n|-ability|p2a: oooooooooooooo|Intimidate|boost\n|-unboost|p1a: Heatran|atk|1\n|move|p1a: Heatran|Hidden Power|p2a: oooooooooooooo\n|-supereffective|p2a: oooooooooooooo\n|-damage|p2a: oooooooooooooo|15\/100\n|\n|-heal|p2a: oooooooooooooo|21\/100|[from] item: Leftovers\n|upkeep\n|turn|16\n|inactive|TheStroker has 120 seconds left.\n|\n|t:|1700606767\n|switch|p1a: Keldeo|Keldeo-Resolute|100\/100\n|move|p2a: oooooooooooooo|Earthquake|p1a: Keldeo\n|-damage|p1a: Keldeo|50\/100\n|\n|-heal|p2a: oooooooooooooo|27\/100|[from] item: Leftovers\n|upkeep\n|turn|17\n|inactive|TheStroker has 120 seconds left.\n|\n|t:|1700606776\n|switch|p2a: Not edited|Ditto|100\/100\n|-damage|p2a: Not edited|88\/100|[from] Stealth Rock\n|-transform|p2a: Not edited|p1a: Keldeo|[from] ability: Imposter\n|move|p1a: Keldeo|Scald|p2a: Not edited\n|-resisted|p2a: Not edited\n|-damage|p2a: Not edited|61\/100\n|\n|upkeep\n|turn|18\n|\n|t:|1700606787\n|switch|p1a: Hippowdon|Hippowdon, M|71\/100 par\n|-weather|Sandstorm|[from] ability: Sand Stream|[of] p1a: Hippowdon\n|move|p2a: Not edited|Scald|p1a: Hippowdon\n|-supereffective|p1a: Hippowdon\n|-damage|p1a: Hippowdon|0 fnt\n|faint|p1a: Hippowdon\n|\n|-weather|Sandstorm|[upkeep]\n|-damage|p2a: Not edited|55\/100|[from] Sandstorm\n|upkeep\n|\n|t:|1700606793\n|switch|p1a: Excadrill|Excadrill, M|100\/100\n|turn|19\n|\n|t:|1700606811\n|switch|p2a: oooooooooooooo|Landorus-Therian, M|27\/100\n|-damage|p2a: oooooooooooooo|15\/100|[from] Stealth Rock\n|-ability|p2a: oooooooooooooo|Intimidate|boost\n|-unboost|p1a: Excadrill|atk|1\n|move|p1a: Excadrill|Earthquake|p2a: oooooooooooooo\n|-immune|p2a: oooooooooooooo\n|\n|-weather|Sandstorm|[upkeep]\n|-heal|p2a: oooooooooooooo|21\/100|[from] item: Leftovers\n|upkeep\n|turn|20\n|inactive|TheStroker has 120 seconds left.\n|\n|t:|1700606830\n|switch|p2a: Not flamboyant|Skeledirge, M|48\/100\n|move|p1a: Excadrill|Rapid Spin|p2a: Not flamboyant\n|-immune|p2a: Not flamboyant\n|\n|-weather|Sandstorm|[upkeep]\n|-damage|p2a: Not flamboyant|42\/100|[from] Sandstorm\n|upkeep\n|turn|21\n|\n|t:|1700606838\n|switch|p2a: oooooooooooooo|Landorus-Therian, M|21\/100\n|-damage|p2a: oooooooooooooo|8\/100|[from] Stealth Rock\n|-ability|p2a: oooooooooooooo|Intimidate|boost\n|-unboost|p1a: Excadrill|atk|1\n|move|p1a: Excadrill|Rapid Spin|p2a: oooooooooooooo\n|-damage|p2a: oooooooooooooo|0 fnt\n|-boost|p1a: Excadrill|spe|1\n|faint|p2a: oooooooooooooo\n|-damage|p1a: Excadrill|91\/100|[from] item: Life Orb\n|\n|-weather|Sandstorm|[upkeep]\n|upkeep\n|inactive|TheStroker has 120 seconds left.\n|\n|t:|1700606865\n|switch|p2a: Zangn\u00f3\u00f3b|Zangoose, F|100\/100\n|-damage|p2a: Zangn\u00f3\u00f3b|88\/100|[from] Stealth Rock\n|turn|22\n|\n|t:|1700606874\n|move|p2a: Zangn\u00f3\u00f3b|Protect|p2a: Zangn\u00f3\u00f3b\n|-singleturn|p2a: Zangn\u00f3\u00f3b|Protect\n|move|p1a: Excadrill|Earthquake|p2a: Zangn\u00f3\u00f3b\n|-activate|p2a: Zangn\u00f3\u00f3b|move: Protect\n|\n|-weather|none\n|-status|p2a: Zangn\u00f3\u00f3b|tox|[from] item: Toxic Orb\n|upkeep\n|turn|23\n|\n|t:|1700606885\n|move|p1a: Excadrill|Earthquake|p2a: Zangn\u00f3\u00f3b\n|-damage|p2a: Zangn\u00f3\u00f3b|16\/100 tox\n|-damage|p1a: Excadrill|81\/100|[from] item: Life Orb\n|move|p2a: Zangn\u00f3\u00f3b|Facade|p1a: Excadrill\n|-resisted|p1a: Excadrill\n|-damage|p1a: Excadrill|12\/100\n|\n|-damage|p2a: Zangn\u00f3\u00f3b|10\/100 tox|[from] psn\n|upkeep\n|turn|24\n|\n|t:|1700606896\n|move|p2a: Zangn\u00f3\u00f3b|Quick Attack|p1a: Excadrill\n|-resisted|p1a: Excadrill\n|-damage|p1a: Excadrill|0 fnt\n|faint|p1a: Excadrill\n|\n|-damage|p2a: Zangn\u00f3\u00f3b|0 fnt|[from] psn\n|faint|p2a: Zangn\u00f3\u00f3b\n|upkeep\n|inactive|TheStroker has 120 seconds left.\n|\n|t:|1700606907\n|switch|p2a: Not flamboyant|Skeledirge, M|42\/100\n|switch|p1a: Dragonite|Dragonite, F, tera:Normal|84\/100\n|turn|25\n|\n|t:|1700606912\n|move|p1a: Dragonite|Earthquake|p2a: Not flamboyant\n|-supereffective|p2a: Not flamboyant\n|-damage|p2a: Not flamboyant|0 fnt\n|faint|p2a: Not flamboyant\n|-damage|p1a: Dragonite|74\/100|[from] item: Life Orb\n|\n|upkeep\n|\n|t:|1700606915\n|switch|p2a: Not edited|Ditto|55\/100\n|-damage|p2a: Not edited|43\/100|[from] Stealth Rock\n|-transform|p2a: Not edited|p1a: Dragonite|[from] ability: Imposter\n|turn|26\n|\n|t:|1700606922\n|move|p2a: Not edited|Extreme Speed|p1a: Dragonite\n|-damage|p1a: Dragonite|39\/100\n|move|p1a: Dragonite|Extreme Speed|p2a: Not edited\n|-damage|p2a: Not edited|0 fnt\n|faint|p2a: Not edited\n|-damage|p1a: Dragonite|29\/100|[from] item: Life Orb\n|\n|win|luis1019\n|raw|luis1019's rating: 1504 &rarr; <strong>1529<\/strong><br \/>(+25 for winning)\n|raw|TheStroker's rating: 1584 &rarr; <strong>1559<\/strong><br \/>(-25 for losing)\n|l|\u2606luis1019\n","uploadtime":1700606938,"views":0,"p1id":"luis1019","p2id":"thestroker","formatid":"gen9nationaldex","rating":1529,"private":0,"password":""}