{"id":"gen9nationaldex-1995328611","p1":"Richie2016","p2":"yuzhibo","format":"[Gen 9] National Dex","log":"|html|<div class=\"broadcast-blue\"><strong>[Gen 9] National Dex is currently suspecting Sneasler! For information on how to participate check out the <a href=\"https:\/\/www.smogon.com\/forums\/threads\/sv-national-dex-suspect-8-just-dance.3731534\/\">suspect thread<\/a>.<\/strong><\/div>\n|j|\u2606Richie2016\n|j|\u2606yuzhibo\n|t:|1700554532\n|gametype|singles\n|player|p1|Richie2016|cynthia|1413\n|player|p2|yuzhibo|hilbert-wonderlauncher|1420\n|teamsize|p1|6\n|teamsize|p2|6\n|gen|9\n|tier|[Gen 9] National Dex\n|rated|\n|rule|HP Percentage Mod: HP is shown in percentages\n|rule|Endless Battle Clause: Forcing endless battles is banned\n|rule|OHKO Clause: OHKO moves are banned\n|rule|Evasion Clause: Evasion abilities, items, and moves are banned\n|rule|Evasion Abilities Clause: Evasion abilities are banned\n|rule|Evasion Items Clause: Evasion items are banned\n|rule|Evasion Moves Clause: Evasion moves are banned\n|rule|Species Clause: Limit one of each Pok\u00e9mon\n|rule|Sleep Clause Mod: Limit one foe put to sleep\n|clearpoke\n|poke|p1|Lopunny, F|\n|poke|p1|Alomomola, F|\n|poke|p1|Moltres|\n|poke|p1|Ferrothorn, F|\n|poke|p1|Gliscor, F|\n|poke|p1|Greninja-*, M|\n|poke|p2|Weezing-Galar, F|\n|poke|p2|Alomomola, M|\n|poke|p2|Heatran, F|\n|poke|p2|Thundurus-Therian, M|\n|poke|p2|Kyurem|\n|poke|p2|Corviknight, M|\n|teampreview\n|\n|t:|1700554549\n|start\n|switch|p1a: Moltres|Moltres|100\/100\n|switch|p2a: Heatran|Heatran, F|100\/100\n|turn|1\n|inactive|Battle timer is ON: inactive players will automatically lose when time's up. (requested by Richie2016)\n|\n|t:|1700554559\n|switch|p1a: Alomomola|Alomomola, F|100\/100\n|move|p2a: Heatran|Stealth Rock|p1a: Alomomola\n|-sidestart|p1: Richie2016|move: Stealth Rock\n|\n|upkeep\n|turn|2\n|\n|t:|1700554569\n|switch|p2a: Alomomola|Alomomola, M, shiny|100\/100\n|move|p1a: Alomomola|Flip Turn|p2a: Alomomola\n|-resisted|p2a: Alomomola\n|-damage|p2a: Alomomola|96\/100\n|-damage|p1a: Alomomola|84\/100|[from] item: Rocky Helmet|[of] p2a: Alomomola\n|\n|t:|1700554578\n|switch|p1a: Gliscor|Gliscor, F, shiny|100\/100|[from] Flip Turn\n|-damage|p1a: Gliscor|88\/100|[from] Stealth Rock\n|\n|-status|p1a: Gliscor|tox|[from] item: Toxic Orb\n|upkeep\n|turn|3\n|\n|t:|1700554589\n|switch|p2a: Corviknight|Corviknight, M, shiny|100\/100\n|-ability|p2a: Corviknight|Pressure\n|move|p1a: Gliscor|Toxic|p2a: Corviknight\n|-immune|p2a: Corviknight\n|\n|-heal|p1a: Gliscor|100\/100 tox|[from] ability: Poison Heal\n|upkeep\n|turn|4\n|\n|t:|1700554600\n|switch|p1a: Moltres|Moltres|100\/100\n|move|p2a: Corviknight|U-turn|p1a: Moltres\n|-resisted|p1a: Moltres\n|-damage|p1a: Moltres|98\/100\n|\n|t:|1700554607\n|switch|p2a: Thundurus|Thundurus-Therian, M, shiny|100\/100|[from] U-turn\n|\n|upkeep\n|turn|5\n|\n|t:|1700554616\n|switch|p1a: Gliscor|Gliscor, F, shiny|100\/100 tox\n|-damage|p1a: Gliscor|88\/100 tox|[from] Stealth Rock\n|move|p2a: Thundurus|Hidden Power|p1a: Gliscor\n|-supereffective|p1a: Gliscor\n|-damage|p1a: Gliscor|6\/100 tox\n|\n|-heal|p1a: Gliscor|19\/100 tox|[from] ability: Poison Heal\n|upkeep\n|turn|6\n|\n|t:|1700554631\n|switch|p2a: Kyurem|Kyurem, shiny|100\/100\n|-ability|p2a: Kyurem|Pressure\n|switch|p1a: Alomomola|Alomomola, F|100\/100\n|\n|upkeep\n|turn|7\n|\n|t:|1700554645\n|switch|p1a: Moltres|Moltres|98\/100\n|move|p2a: Kyurem|Freeze-Dry|p1a: Moltres\n|-damage|p1a: Moltres|62\/100\n|\n|upkeep\n|turn|8\n|\n|t:|1700554659\n|move|p2a: Kyurem|Scale Shot|p1a: Moltres\n|-damage|p1a: Moltres|51\/100\n|-damage|p1a: Moltres|41\/100\n|-damage|p1a: Moltres|30\/100\n|-damage|p1a: Moltres|20\/100\n|-hitcount|p1a: Moltres|4\n|-unboost|p2a: Kyurem|def|1\n|-boost|p2a: Kyurem|spe|1\n|move|p1a: Moltres|Defog|p2a: Kyurem\n|-unboost|p2a: Kyurem|evasion|1\n|-sideend|p1: Richie2016|Stealth Rock|[from] move: Defog|[of] p1a: Moltres\n|\n|upkeep\n|turn|9\n|\n|t:|1700554673\n|switch|p1a: Ferrothorn|Ferrothorn, F, shiny|100\/100\n|move|p2a: Kyurem|Icicle Spear|p1a: Ferrothorn\n|-damage|p1a: Ferrothorn|92\/100\n|-damage|p1a: Ferrothorn|83\/100\n|-damage|p1a: Ferrothorn|75\/100\n|-damage|p1a: Ferrothorn|67\/100\n|-hitcount|p1a: Ferrothorn|4\n|\n|-heal|p1a: Ferrothorn|73\/100|[from] item: Leftovers\n|upkeep\n|turn|10\n|\n|t:|1700554686\n|switch|p2a: Corviknight|Corviknight, M, shiny|100\/100\n|-ability|p2a: Corviknight|Pressure\n|move|p1a: Ferrothorn|Leech Seed|p2a: Corviknight\n|-start|p2a: Corviknight|move: Leech Seed\n|\n|-heal|p1a: Ferrothorn|79\/100|[from] item: Leftovers\n|-damage|p2a: Corviknight|88\/100|[from] Leech Seed|[of] p1a: Ferrothorn\n|-heal|p1a: Ferrothorn|93\/100|[silent]\n|upkeep\n|turn|11\n|\n|t:|1700554698\n|switch|p2a: Heatran|Heatran, F|100\/100\n|switch|p1a: Alomomola|Alomomola, F|100\/100\n|\n|upkeep\n|turn|12\n|\n|t:|1700554708\n|switch|p2a: Alomomola|Alomomola, M, shiny|100\/100\n|move|p1a: Alomomola|Wish|p1a: Alomomola\n|\n|upkeep\n|turn|13\n|\n|t:|1700554718\n|switch|p1a: Gliscor|Gliscor, F, shiny|19\/100 tox\n|move|p2a: Alomomola|Toxic|p1a: Gliscor\n|-fail|p1a: Gliscor|tox\n|\n|-heal|p1a: Gliscor|86\/100 tox|[from] move: Wish|[wisher] Alomomola\n|-heal|p1a: Gliscor|98\/100 tox|[from] ability: Poison Heal\n|upkeep\n|turn|14\n|\n|t:|1700554729\n|switch|p2a: Corviknight|Corviknight, M, shiny|88\/100\n|-ability|p2a: Corviknight|Pressure\n|move|p1a: Gliscor|Stealth Rock|p2a: Corviknight\n|-sidestart|p2: yuzhibo|move: Stealth Rock\n|\n|-heal|p1a: Gliscor|100\/100 tox|[from] ability: Poison Heal\n|upkeep\n|turn|15\n|\n|t:|1700554740\n|switch|p1a: Alomomola|Alomomola, F|100\/100\n|move|p2a: Corviknight|U-turn|p1a: Alomomola\n|-damage|p1a: Alomomola|92\/100\n|\n|t:|1700554749\n|switch|p2a: Kyurem|Kyurem, shiny|100\/100|[from] U-turn\n|-damage|p2a: Kyurem|76\/100|[from] Stealth Rock\n|-ability|p2a: Kyurem|Pressure\n|\n|upkeep\n|turn|16\n|\n|t:|1700554757\n|switch|p1a: Ferrothorn|Ferrothorn, F, shiny|93\/100\n|-terastallize|p2a: Kyurem|Ice\n|move|p2a: Kyurem|Freeze-Dry|p1a: Ferrothorn\n|-damage|p1a: Ferrothorn|58\/100\n|\n|-heal|p1a: Ferrothorn|64\/100|[from] item: Leftovers\n|upkeep\n|turn|17\n|\n|t:|1700554767\n|move|p2a: Kyurem|Icicle Spear|p1a: Ferrothorn\n|-damage|p1a: Ferrothorn|52\/100\n|-damage|p1a: Ferrothorn|41\/100\n|-damage|p1a: Ferrothorn|30\/100\n|-damage|p1a: Ferrothorn|18\/100\n|-damage|p1a: Ferrothorn|7\/100\n|-hitcount|p1a: Ferrothorn|5\n|move|p1a: Ferrothorn|Gyro Ball|p2a: Kyurem\n|-supereffective|p2a: Kyurem\n|-damage|p2a: Kyurem|0 fnt\n|faint|p2a: Kyurem\n|\n|-heal|p1a: Ferrothorn|13\/100|[from] item: Leftovers\n|upkeep\n|\n|t:|1700554781\n|switch|p2a: Heatran|Heatran, F|100\/100\n|-damage|p2a: Heatran|88\/100|[from] Stealth Rock\n|turn|18\n|\n|t:|1700554788\n|move|p1a: Ferrothorn|Protect|p1a: Ferrothorn\n|-singleturn|p1a: Ferrothorn|Protect\n|move|p2a: Heatran|Stealth Rock|p1a: Ferrothorn\n|-sidestart|p1: Richie2016|move: Stealth Rock\n|\n|-heal|p2a: Heatran|94\/100|[from] item: Leftovers\n|-heal|p1a: Ferrothorn|20\/100|[from] item: Leftovers\n|upkeep\n|turn|19\n|\n|t:|1700554798\n|switch|p1a: Alomomola|Alomomola, F|100\/100\n|move|p2a: Heatran|Magma Storm|p1a: Alomomola\n|-resisted|p1a: Alomomola\n|-damage|p1a: Alomomola|78\/100\n|-activate|p1a: Alomomola|move: Magma Storm|[of] p2a: Heatran\n|\n|-heal|p2a: Heatran|100\/100|[from] item: Leftovers\n|-damage|p1a: Alomomola|65\/100|[from] move: Magma Storm|[partiallytrapped]\n|upkeep\n|turn|20\n|\n|t:|1700554811\n|switch|p2a: Alomomola|Alomomola, M, shiny|100\/100\n|-damage|p2a: Alomomola|88\/100|[from] Stealth Rock\n|move|p1a: Alomomola|Wish|p1a: Alomomola\n|\n|-end|p1a: Alomomola|Magma Storm|[partiallytrapped]|[silent]\n|upkeep\n|turn|21\n|\n|t:|1700554819\n|move|p2a: Alomomola|Flip Turn|p1a: Alomomola\n|-resisted|p1a: Alomomola\n|-damage|p1a: Alomomola|60\/100\n|\n|t:|1700554823\n|switch|p2a: Heatran|Heatran, F|100\/100|[from] Flip Turn\n|-damage|p2a: Heatran|88\/100|[from] Stealth Rock\n|move|p1a: Alomomola|Flip Turn|p2a: Heatran\n|-supereffective|p2a: Heatran\n|-damage|p2a: Heatran|60\/100\n|\n|t:|1700554834\n|switch|p1a: Ferrothorn|Ferrothorn, F, shiny|20\/100|[from] Flip Turn\n|-damage|p1a: Ferrothorn|13\/100|[from] Stealth Rock\n|\n|-heal|p1a: Ferrothorn|80\/100|[from] move: Wish|[wisher] Alomomola\n|-heal|p2a: Heatran|67\/100|[from] item: Leftovers\n|-heal|p1a: Ferrothorn|87\/100|[from] item: Leftovers\n|upkeep\n|turn|22\n|\n|t:|1700554844\n|switch|p1a: Gliscor|Gliscor, F, shiny|100\/100 tox\n|-damage|p1a: Gliscor|88\/100 tox|[from] Stealth Rock\n|move|p2a: Heatran|Magma Storm|p1a: Gliscor\n|-damage|p1a: Gliscor|49\/100 tox\n|-activate|p1a: Gliscor|move: Magma Storm|[of] p2a: Heatran\n|\n|-heal|p2a: Heatran|73\/100|[from] item: Leftovers\n|-heal|p1a: Gliscor|61\/100 tox|[from] ability: Poison Heal\n|-damage|p1a: Gliscor|49\/100 tox|[from] move: Magma Storm|[partiallytrapped]\n|upkeep\n|turn|23\n|\n|t:|1700554857\n|move|p1a: Gliscor|Roost|p1a: Gliscor\n|-heal|p1a: Gliscor|99\/100 tox\n|-singleturn|p1a: Gliscor|move: Roost\n|move|p2a: Heatran|Magma Storm|p1a: Gliscor\n|-damage|p1a: Gliscor|60\/100 tox\n|\n|-heal|p2a: Heatran|79\/100|[from] item: Leftovers\n|-heal|p1a: Gliscor|73\/100 tox|[from] ability: Poison Heal\n|-damage|p1a: Gliscor|60\/100 tox|[from] move: Magma Storm|[partiallytrapped]\n|upkeep\n|turn|24\n|\n|t:|1700554870\n|move|p1a: Gliscor|Earthquake|p2a: Heatran\n|-supereffective|p2a: Heatran\n|-damage|p2a: Heatran|0 fnt\n|faint|p2a: Heatran\n|\n|-heal|p1a: Gliscor|73\/100 tox|[from] ability: Poison Heal\n|-end|p1a: Gliscor|Magma Storm|[partiallytrapped]|[silent]\n|upkeep\n|\n|t:|1700554878\n|switch|p2a: Thundurus|Thundurus-Therian, M, shiny|100\/100\n|-damage|p2a: Thundurus|75\/100|[from] Stealth Rock\n|turn|25\n|\n|t:|1700554885\n|-terastallize|p1a: Gliscor|Fairy\n|move|p2a: Thundurus|Hidden Power|p1a: Gliscor\n|-damage|p1a: Gliscor|55\/100 tox\n|move|p1a: Gliscor|Toxic|p2a: Thundurus\n|-status|p2a: Thundurus|tox\n|\n|-damage|p2a: Thundurus|69\/100 tox|[from] psn\n|-heal|p1a: Gliscor|67\/100 tox|[from] ability: Poison Heal\n|upkeep\n|turn|26\n|-message|yuzhibo forfeited.\n|\n|win|Richie2016\n|raw|Richie2016's rating: 1413 &rarr; <strong>1433<\/strong><br \/>(+20 for winning)\n|raw|yuzhibo's rating: 1420 &rarr; <strong>1400<\/strong><br \/>(-20 for losing)\n|l|\u2606yuzhibo\n","uploadtime":1700554900,"views":2,"p1id":"richie2016","p2id":"yuzhibo","formatid":"gen9nationaldex","rating":1400,"private":0,"password":""}