{"id":"gen9nationaldex-2000566087","p1":"gasman90","p2":"221savage","format":"[Gen 9] National Dex","log":"|html|<div class=\"broadcast-blue\"><strong>[Gen 9] National Dex is currently suspecting Sneasler! For information on how to participate check out the <a href=\"https:\/\/www.smogon.com\/forums\/threads\/sv-national-dex-suspect-8-just-dance.3731534\/\">suspect thread<\/a>.<\/strong><\/div>\n|j|\u2606gasman90\n|j|\u2606221savage\n|t:|1701205918\n|gametype|singles\n|player|p1|gasman90|1|1347\n|player|p2|221savage|102|1392\n|teamsize|p1|6\n|teamsize|p2|6\n|gen|9\n|tier|[Gen 9] National Dex\n|rated|\n|rule|HP Percentage Mod: HP is shown in percentages\n|rule|Endless Battle Clause: Forcing endless battles is banned\n|rule|OHKO Clause: OHKO moves are banned\n|rule|Evasion Clause: Evasion abilities, items, and moves are banned\n|rule|Evasion Abilities Clause: Evasion abilities are banned\n|rule|Evasion Items Clause: Evasion items are banned\n|rule|Evasion Moves Clause: Evasion moves are banned\n|rule|Species Clause: Limit one of each Pok\u00e9mon\n|rule|Sleep Clause Mod: Limit one foe put to sleep\n|clearpoke\n|poke|p1|Corviknight, M|\n|poke|p1|Chansey, F|\n|poke|p1|Blacephalon|\n|poke|p1|Ferrothorn, F|\n|poke|p1|Heatran, M|\n|poke|p1|Landorus-Therian, M|\n|poke|p2|Blastoise, F|\n|poke|p2|Banette, M|\n|poke|p2|Machamp, M|\n|poke|p2|Darmanitan, M|\n|poke|p2|Tsareena, F|\n|poke|p2|Toxtricity, M|\n|teampreview\n|\n|t:|1701205933\n|start\n|switch|p1a: Landorus|Landorus-Therian, M|100\/100\n|switch|p2a: Blastoise|Blastoise, F|100\/100\n|-ability|p1a: Landorus|Intimidate|boost\n|-unboost|p2a: Blastoise|atk|1\n|turn|1\n|\n|t:|1701205943\n|move|p1a: Landorus|Earthquake|p2a: Blastoise\n|-crit|p2a: Blastoise\n|-damage|p2a: Blastoise|0 fnt\n|faint|p2a: Blastoise\n|\n|upkeep\n|\n|t:|1701205948\n|switch|p2a: Tsareena|Tsareena, F|100\/100\n|turn|2\n|c|\u2606gasman90|shell smash\n|c|\u2606221savage|huh?\n|\n|t:|1701205965\n|switch|p1a: Ferrothorn|Ferrothorn, F|100\/100\n|move|p2a: Tsareena|High Jump Kick|p1a: Ferrothorn\n|-supereffective|p1a: Ferrothorn\n|-damage|p1a: Ferrothorn|45\/100\n|-damage|p2a: Tsareena|88\/100|[from] ability: Iron Barbs|[of] p1a: Ferrothorn\n|-damage|p2a: Tsareena|72\/100|[from] item: Rocky Helmet|[of] p1a: Ferrothorn\n|\n|upkeep\n|turn|3\n|c|\u2606gasman90|you were going for shell smash\n|\n|t:|1701205975\n|switch|p1a: Corviknight|Corviknight, M|100\/100\n|-ability|p1a: Corviknight|Pressure\n|move|p2a: Tsareena|High Jump Kick|p1a: Corviknight|[miss]\n|-miss|p2a: Tsareena|p1a: Corviknight\n|-damage|p2a: Tsareena|22\/100|[from] highjumpkick\n|\n|upkeep\n|turn|4\n|c|\u2606221savage|lol\n|c|\u2606221savage|no i wasnt\n|\n|t:|1701205985\n|switch|p2a: Toxtricity|Toxtricity, M|100\/100\n|move|p1a: Corviknight|Iron Defense|p1a: Corviknight\n|-boost|p1a: Corviknight|def|2\n|\n|upkeep\n|turn|5\n|\n|t:|1701205992\n|switch|p1a: Chansey|Chansey, F, shiny|100\/100\n|move|p2a: Toxtricity|Boomburst|p1a: Chansey\n|-crit|p1a: Chansey\n|-damage|p1a: Chansey|67\/100\n|\n|upkeep\n|turn|6\n|c|\u2606221savage|ok fine i was\n|\n|t:|1701206002\n|switch|p2a: Machamp|Machamp, M|100\/100\n|move|p1a: Chansey|Toxic|p2a: Machamp\n|-status|p2a: Machamp|tox\n|\n|-damage|p2a: Machamp|94\/100 tox|[from] psn\n|upkeep\n|turn|7\n|\n|t:|1701206014\n|-terastallize|p1a: Chansey|Ghost\n|move|p2a: Machamp|Stone Edge|p1a: Chansey\n|-damage|p1a: Chansey|0 fnt\n|faint|p1a: Chansey\n|-damage|p2a: Machamp|84\/100 tox|[from] item: Life Orb\n|\n|-damage|p2a: Machamp|72\/100 tox|[from] psn\n|upkeep\n|\n|t:|1701206021\n|switch|p1a: Landorus|Landorus-Therian, M|100\/100\n|-ability|p1a: Landorus|Intimidate|boost\n|-unboost|p2a: Machamp|atk|1\n|turn|8\n|\n|t:|1701206027\n|switch|p2a: Tsareena|Tsareena, F|22\/100\n|move|p1a: Landorus|Earthquake|p2a: Tsareena\n|-resisted|p2a: Tsareena\n|-damage|p2a: Tsareena|0 fnt\n|faint|p2a: Tsareena\n|\n|upkeep\n|\n|t:|1701206034\n|switch|p2a: Darmanitan|Darmanitan, M|100\/100\n|turn|9\n|\n|t:|1701206038\n|switch|p1a: Heatran|Heatran, M|100\/100\n|move|p2a: Darmanitan|Earthquake|p1a: Heatran\n|-supereffective|p1a: Heatran\n|-damage|p1a: Heatran|0 fnt\n|faint|p1a: Heatran\n|\n|upkeep\n|c|\u2606gasman90|nice move\n|\n|t:|1701206045\n|switch|p1a: Landorus|Landorus-Therian, M|100\/100\n|-ability|p1a: Landorus|Intimidate|boost\n|-unboost|p2a: Darmanitan|atk|1\n|turn|10\n|c|\u2606221savage|thanks\n|\n|t:|1701206053\n|switch|p2a: Machamp|Machamp, M|72\/100 tox\n|move|p1a: Landorus|Earthquake|p2a: Machamp\n|-damage|p2a: Machamp|0 fnt\n|faint|p2a: Machamp\n|\n|upkeep\n|c|\u2606gasman90|free kill\n|\n|t:|1701206055\n|switch|p2a: Darmanitan|Darmanitan, M|100\/100\n|turn|11\n|\n|t:|1701206061\n|-terastallize|p2a: Darmanitan|Fire\n|move|p2a: Darmanitan|Flare Blitz|p1a: Landorus\n|-damage|p1a: Landorus|0 fnt\n|faint|p1a: Landorus\n|-damage|p2a: Darmanitan|71\/100|[from] Recoil\n|\n|upkeep\n|\n|t:|1701206068\n|switch|p1a: Blacephalon|Blacephalon|100\/100\n|turn|12\n|\n|t:|1701206077\n|move|p1a: Blacephalon|Shadow Ball|p2a: Darmanitan\n|-damage|p2a: Darmanitan|0 fnt\n|faint|p2a: Darmanitan\n|-ability|p1a: Blacephalon|Beast Boost|boost\n|-boost|p1a: Blacephalon|spa|1\n|\n|upkeep\n|c|\u2606221savage|dang\n|c|\u2606221savage|ok\n|\n|t:|1701206088\n|switch|p2a: Banette|Banette, M|100\/100\n|turn|13\n|\n|t:|1701206092\n|detailschange|p2a: Banette|Banette-Mega, M\n|-mega|p2a: Banette|Banette|Banettite\n|move|p2a: Banette|Destiny Bond|p2a: Banette\n|-singlemove|p2a: Banette|Destiny Bond\n|move|p1a: Blacephalon|Shadow Ball|p2a: Banette\n|-supereffective|p2a: Banette\n|-damage|p2a: Banette|0 fnt\n|faint|p2a: Banette\n|-activate|p2a: Banette|move: Destiny Bond\n|faint|p1a: Blacephalon\n|\n|upkeep\n|\n|t:|1701206102\n|switch|p1a: Ferrothorn|Ferrothorn, F|45\/100\n|switch|p2a: Toxtricity|Toxtricity, M|100\/100\n|turn|14\n|\n|t:|1701206133\n|move|p2a: Toxtricity|Overdrive|p1a: Ferrothorn\n|-resisted|p1a: Ferrothorn\n|-crit|p1a: Ferrothorn\n|-damage|p1a: Ferrothorn|0 fnt\n|faint|p1a: Ferrothorn\n|\n|upkeep\n|c|\u2606gasman90|and a crit\n|-message|gasman90 forfeited.\n|\n|win|221savage\n|raw|gasman90's rating: 1347 &rarr; <strong>1330<\/strong><br \/>(-17 for losing)\n|raw|221savage's rating: 1392 &rarr; <strong>1409<\/strong><br \/>(+17 for winning)\n|l|\u2606gasman90\n","uploadtime":1701206148,"views":0,"p1id":"gasman90","p2id":"221savage","formatid":"gen9nationaldex","rating":1330,"private":0,"password":""}