{"id":"gen9nationaldex-1990800255","p1":"hackilla15","p2":"legendarylemonxl","format":"[Gen 9] National Dex","log":"|j|\u2606hackilla15\n|j|\u2606legendarylemonxl\n|t:|1700002106\n|gametype|singles\n|player|p1|hackilla15|ethan|1132\n|player|p2|legendarylemonxl|cynthia|1038\n|teamsize|p1|6\n|teamsize|p2|6\n|gen|9\n|tier|[Gen 9] National Dex\n|rated|\n|rule|HP Percentage Mod: HP is shown in percentages\n|rule|Endless Battle Clause: Forcing endless battles is banned\n|rule|OHKO Clause: OHKO moves are banned\n|rule|Evasion Clause: Evasion abilities, items, and moves are banned\n|rule|Evasion Abilities Clause: Evasion abilities are banned\n|rule|Evasion Items Clause: Evasion items are banned\n|rule|Evasion Moves Clause: Evasion moves are banned\n|rule|Species Clause: Limit one of each Pok\u00e9mon\n|rule|Sleep Clause Mod: Limit one foe put to sleep\n|clearpoke\n|poke|p1|Clodsire, F|\n|poke|p1|Poliwrath, M|\n|poke|p1|Volcarona, F|\n|poke|p1|Rillaboom, M|\n|poke|p1|Venusaur, M|\n|poke|p1|Krookodile, M|\n|poke|p2|Whimsicott, F|\n|poke|p2|Garchomp, F|\n|poke|p2|Glimmora, M|\n|poke|p2|Breloom, M|\n|poke|p2|Zoroark, M|\n|poke|p2|Corviknight, M|\n|teampreview\n|c|\u2606legendarylemonxl|hi\n|inactive|Battle timer is ON: inactive players will automatically lose when time's up. (requested by hackilla15)\n|c|\u2606hackilla15|Hi!\n|\n|t:|1700002132\n|start\n|switch|p1a: Boomin' Bangers|Rillaboom, M|100\/100\n|switch|p2a: Glimmora|Glimmora, M|100\/100\n|-fieldstart|move: Grassy Terrain|[from] ability: Grassy Surge|[of] p1a: Boomin' Bangers\n|-enditem|p1a: Boomin' Bangers|Grassy Seed\n|-boost|p1a: Boomin' Bangers|def|1|[from] item: Grassy Seed\n|turn|1\n|\n|t:|1700002143\n|move|p2a: Glimmora|Stealth Rock|p1a: Boomin' Bangers\n|-sidestart|p1: hackilla15|move: Stealth Rock\n|move|p1a: Boomin' Bangers|Bulk Up|p1a: Boomin' Bangers\n|-boost|p1a: Boomin' Bangers|atk|1\n|-boost|p1a: Boomin' Bangers|def|1\n|\n|upkeep\n|turn|2\n|c|\u2606legendarylemonxl|glhf\n|c|\u2606hackilla15|Yt\n|\n|t:|1700002159\n|-terastallize|p2a: Glimmora|Grass\n|move|p2a: Glimmora|Spikes|p1a: Boomin' Bangers\n|-sidestart|p1: hackilla15|Spikes\n|move|p1a: Boomin' Bangers|High Horsepower|p2a: Glimmora\n|-resisted|p2a: Glimmora\n|-crit|p2a: Glimmora\n|-damage|p2a: Glimmora|57\/100\n|-activate|p2a: Glimmora|ability: Toxic Debris\n|-sidestart|p1: hackilla15|move: Toxic Spikes\n|\n|-heal|p2a: Glimmora|63\/100|[from] Grassy Terrain\n|upkeep\n|turn|3\n|\n|t:|1700002165\n|move|p2a: Glimmora|Sludge Bomb|p1a: Boomin' Bangers\n|-supereffective|p1a: Boomin' Bangers\n|-damage|p1a: Boomin' Bangers|13\/100\n|-status|p1a: Boomin' Bangers|psn\n|move|p1a: Boomin' Bangers|Drain Punch|p2a: Glimmora\n|-damage|p2a: Glimmora|20\/100\n|-heal|p1a: Boomin' Bangers|29\/100 psn|[from] drain|[of] p2a: Glimmora\n|-activate|p2a: Glimmora|ability: Toxic Debris\n|-sidestart|p1: hackilla15|move: Toxic Spikes\n|\n|-heal|p2a: Glimmora|26\/100|[from] Grassy Terrain\n|-heal|p1a: Boomin' Bangers|36\/100 psn|[from] Grassy Terrain\n|-damage|p1a: Boomin' Bangers|23\/100 psn|[from] psn\n|upkeep\n|turn|4\n|\n|t:|1700002169\n|move|p1a: Boomin' Bangers|Grassy Glide|p2a: Glimmora\n|-resisted|p2a: Glimmora\n|-damage|p2a: Glimmora|0 fnt\n|faint|p2a: Glimmora\n|\n|-heal|p1a: Boomin' Bangers|29\/100 psn|[from] Grassy Terrain\n|-damage|p1a: Boomin' Bangers|17\/100 psn|[from] psn\n|upkeep\n|\n|t:|1700002176\n|switch|p2a: Corviknight|Corviknight, M|100\/100\n|turn|5\n|\n|t:|1700002180\n|move|p2a: Corviknight|Tailwind|p2a: Corviknight\n|-sidestart|p2: legendarylemonxl|move: Tailwind\n|move|p1a: Boomin' Bangers|Drain Punch|p2a: Corviknight\n|-damage|p2a: Corviknight|64\/100\n|-heal|p1a: Boomin' Bangers|33\/100 psn|[from] drain|[of] p2a: Corviknight\n|\n|-heal|p1a: Boomin' Bangers|39\/100 psn|[from] Grassy Terrain\n|-damage|p1a: Boomin' Bangers|26\/100 psn|[from] psn\n|-fieldend|move: Grassy Terrain\n|upkeep\n|turn|6\n|\n|t:|1700002184\n|move|p2a: Corviknight|Brave Bird|p1a: Boomin' Bangers\n|-supereffective|p1a: Boomin' Bangers\n|-damage|p1a: Boomin' Bangers|0 fnt\n|faint|p1a: Boomin' Bangers\n|-damage|p2a: Corviknight|53\/100|[from] Recoil\n|\n|upkeep\n|\n|t:|1700002187\n|switch|p1a: Sir Clod|Clodsire, F, shiny|100\/100\n|-damage|p1a: Sir Clod|94\/100|[from] Stealth Rock\n|-damage|p1a: Sir Clod|82\/100|[from] Spikes\n|-sideend|p1: hackilla15|move: Toxic Spikes|[of] p1a: Sir Clod\n|turn|7\n|\n|t:|1700002193\n|move|p2a: Corviknight|Brave Bird|p1a: Sir Clod\n|-damage|p1a: Sir Clod|32\/100\n|-damage|p2a: Corviknight|31\/100|[from] Recoil\n|move|p1a: Sir Clod|Recover|p1a: Sir Clod\n|-heal|p1a: Sir Clod|82\/100\n|\n|-heal|p1a: Sir Clod|88\/100|[from] item: Black Sludge\n|upkeep\n|turn|8\n|\n|t:|1700002204\n|move|p2a: Corviknight|Hone Claws|p2a: Corviknight\n|-boost|p2a: Corviknight|atk|1\n|-boost|p2a: Corviknight|accuracy|1\n|move|p1a: Sir Clod|Recover|p1a: Sir Clod\n|-heal|p1a: Sir Clod|100\/100\n|\n|-sideend|p2: legendarylemonxl|move: Tailwind\n|upkeep\n|turn|9\n|\n|t:|1700002213\n|switch|p1a: M\u00f6th|Volcarona, F, shiny|100\/100\n|move|p2a: Corviknight|Brave Bird|p1a: M\u00f6th\n|-supereffective|p1a: M\u00f6th\n|-damage|p1a: M\u00f6th|0 fnt\n|faint|p1a: M\u00f6th\n|-damage|p2a: Corviknight|0 fnt|[from] Recoil\n|faint|p2a: Corviknight\n|\n|upkeep\n|\n|t:|1700002224\n|switch|p1a: Sir Clod|Clodsire, F, shiny|100\/100\n|switch|p2a: Whimsicott|Whimsicott, F|100\/100\n|-damage|p1a: Sir Clod|94\/100|[from] Stealth Rock\n|-damage|p1a: Sir Clod|82\/100|[from] Spikes\n|turn|10\n|\n|t:|1700002238\n|move|p2a: Whimsicott|Leech Seed|p1a: Sir Clod\n|-start|p1a: Sir Clod|move: Leech Seed\n|move|p1a: Sir Clod|Toxic|p2a: Whimsicott\n|-status|p2a: Whimsicott|tox\n|\n|-heal|p1a: Sir Clod|88\/100|[from] item: Black Sludge\n|-damage|p1a: Sir Clod|76\/100|[from] Leech Seed|[of] p2a: Whimsicott\n|-damage|p2a: Whimsicott|94\/100 tox|[from] psn\n|upkeep\n|turn|11\n|\n|t:|1700002246\n|switch|p1a: F.R.O.G.?|Venusaur, M, shiny|100\/100\n|-damage|p1a: F.R.O.G.?|88\/100|[from] Stealth Rock\n|-damage|p1a: F.R.O.G.?|75\/100|[from] Spikes\n|move|p2a: Whimsicott|Protect||[still]\n|-fail|p2a: Whimsicott\n|\n|-damage|p2a: Whimsicott|82\/100 tox|[from] psn\n|upkeep\n|turn|12\n|\n|t:|1700002252\n|detailschange|p1a: F.R.O.G.?|Venusaur-Mega, M, shiny\n|-mega|p1a: F.R.O.G.?|Venusaur|Venusaurite\n|move|p2a: Whimsicott|Tailwind|p2a: Whimsicott\n|-sidestart|p2: legendarylemonxl|move: Tailwind\n|move|p1a: F.R.O.G.?|Sludge Bomb|p2a: Whimsicott\n|-supereffective|p2a: Whimsicott\n|-damage|p2a: Whimsicott|0 fnt\n|faint|p2a: Whimsicott\n|\n|upkeep\n|\n|t:|1700002258\n|switch|p2a: Breloom|Breloom, M|100\/100\n|turn|13\n|\n|t:|1700002261\n|move|p2a: Breloom|U-turn|p1a: F.R.O.G.?\n|-damage|p1a: F.R.O.G.?|61\/100\n|\n|t:|1700002266\n|switch|p2a: Breloom|Breloom, M|100\/100|[from] U-turn\n|move|p1a: F.R.O.G.?|Sludge Bomb|p2a: Breloom\n|-supereffective|p2a: Breloom\n|-damage|p2a: Breloom|0 fnt\n|faint|p2a: Breloom\n|\n|upkeep\n|\n|t:|1700002270\n|switch|p2a: Garchomp|Garchomp, F|100\/100\n|turn|14\n|\n|t:|1700002275\n|move|p2a: Garchomp|Trick||[still]\n|-fail|p2a: Garchomp\n|move|p1a: F.R.O.G.?|Leech Seed|p2a: Garchomp\n|-start|p2a: Garchomp|move: Leech Seed\n|\n|-damage|p2a: Garchomp|88\/100|[from] Leech Seed|[of] p1a: F.R.O.G.?\n|-heal|p1a: F.R.O.G.?|71\/100|[silent]\n|upkeep\n|turn|15\n|\n|t:|1700002281\n|move|p2a: Garchomp|Trick||[still]\n|-fail|p2a: Garchomp\n|move|p1a: F.R.O.G.?|Giga Drain|p2a: Garchomp\n|-damage|p2a: Garchomp|26\/100\n|-heal|p1a: F.R.O.G.?|95\/100|[from] drain|[of] p2a: Garchomp\n|replace|p2a: Zoroark|Zoroark, M\n|-end|p2a: Zoroark|Illusion\n|\n|-damage|p2a: Zoroark|14\/100|[from] Leech Seed|[of] p1a: F.R.O.G.?\n|-heal|p1a: F.R.O.G.?|100\/100|[silent]\n|-sideend|p2: legendarylemonxl|move: Tailwind\n|upkeep\n|turn|16\n|\n|t:|1700002287\n|move|p2a: Zoroark|Trick||[still]\n|-fail|p2a: Zoroark\n|move|p1a: F.R.O.G.?|Giga Drain|p2a: Zoroark\n|-damage|p2a: Zoroark|0 fnt\n|faint|p2a: Zoroark\n|\n|upkeep\n|\n|t:|1700002291\n|switch|p2a: Garchomp|Garchomp, F|100\/100\n|turn|17\n|\n|t:|1700002299\n|detailschange|p2a: Garchomp|Garchomp-Mega, F\n|-mega|p2a: Garchomp|Garchomp|Garchompite\n|move|p2a: Garchomp|Fire Fang|p1a: F.R.O.G.?\n|-supereffective|p1a: F.R.O.G.?\n|-damage|p1a: F.R.O.G.?|80\/100\n|-status|p1a: F.R.O.G.?|brn\n|move|p1a: F.R.O.G.?|Leech Seed|p2a: Garchomp\n|-start|p2a: Garchomp|move: Leech Seed\n|\n|-damage|p2a: Garchomp|88\/100|[from] Leech Seed|[of] p1a: F.R.O.G.?\n|-heal|p1a: F.R.O.G.?|94\/100 brn|[silent]\n|-damage|p1a: F.R.O.G.?|88\/100 brn|[from] brn\n|upkeep\n|turn|18\n|\n|t:|1700002304\n|move|p2a: Garchomp|Fire Fang|p1a: F.R.O.G.?\n|-supereffective|p1a: F.R.O.G.?\n|-damage|p1a: F.R.O.G.?|65\/100 brn\n|move|p1a: F.R.O.G.?|Giga Drain|p2a: Garchomp\n|-damage|p2a: Garchomp|52\/100\n|-heal|p1a: F.R.O.G.?|85\/100 brn|[from] drain|[of] p2a: Garchomp\n|\n|-damage|p2a: Garchomp|39\/100|[from] Leech Seed|[of] p1a: F.R.O.G.?\n|-heal|p1a: F.R.O.G.?|98\/100 brn|[silent]\n|-damage|p1a: F.R.O.G.?|92\/100 brn|[from] brn\n|upkeep\n|turn|19\n|\n|t:|1700002308\n|move|p2a: Garchomp|Fire Fang|p1a: F.R.O.G.?\n|-supereffective|p1a: F.R.O.G.?\n|-damage|p1a: F.R.O.G.?|69\/100 brn\n|move|p1a: F.R.O.G.?|Giga Drain|p2a: Garchomp\n|-damage|p2a: Garchomp|6\/100\n|-heal|p1a: F.R.O.G.?|87\/100 brn|[from] drain|[of] p2a: Garchomp\n|\n|-damage|p2a: Garchomp|0 fnt|[from] Leech Seed|[of] p1a: F.R.O.G.?\n|-heal|p1a: F.R.O.G.?|93\/100 brn|[silent]\n|faint|p2a: Garchomp\n|\n|win|hackilla15\n|upkeep\n|raw|hackilla15's rating: 1132 &rarr; <strong>1150<\/strong><br \/>(+18 for winning)\n|raw|legendarylemonxl's rating: 1038 &rarr; <strong>1026<\/strong><br \/>(-12 for losing)\n|c|\u2606hackilla15|Gg\n","uploadtime":1700002327,"views":13,"p1id":"hackilla15","p2id":"legendarylemonxl","formatid":"gen9nationaldex","rating":1026,"private":0,"password":""}