{"id":"gen9nationaldex-1988915233","p1":"ggagain","p2":"lemon1119","format":"[Gen 9] National Dex","log":"|j|\u203dggagain\n|j|\u2606lemon1119\n|t:|1699786979\n|gametype|singles\n|player|p1|ggagain|fisherman-gen4|1652\n|player|p2|lemon1119|lillie-masters2|1691\n|teamsize|p1|6\n|teamsize|p2|6\n|gen|9\n|tier|[Gen 9] National Dex\n|rated|\n|rule|HP Percentage Mod: HP is shown in percentages\n|rule|Endless Battle Clause: Forcing endless battles is banned\n|rule|OHKO Clause: OHKO moves are banned\n|rule|Evasion Clause: Evasion abilities, items, and moves are banned\n|rule|Evasion Abilities Clause: Evasion abilities are banned\n|rule|Evasion Items Clause: Evasion items are banned\n|rule|Evasion Moves Clause: Evasion moves are banned\n|rule|Species Clause: Limit one of each Pok\u00e9mon\n|rule|Sleep Clause Mod: Limit one foe put to sleep\n|clearpoke\n|poke|p1|Alomomola, F|\n|poke|p1|Ditto|\n|poke|p1|Zamazenta-*|\n|poke|p1|Gliscor, M|\n|poke|p1|Victini|\n|poke|p1|Goodra-Hisui, F|\n|poke|p2|Maushold|\n|poke|p2|Alomomola, M|\n|poke|p2|Great Tusk|\n|poke|p2|Volcarona, F|\n|poke|p2|Beedrill, M|\n|poke|p2|Heatran, M|\n|teampreview\n|inactive|Battle timer is ON: inactive players will automatically lose when time's up. (requested by lemon1119)\n|\n|t:|1699786994\n|start\n|switch|p1a: Victini|Victini|100\/100\n|switch|p2a: Beedrill|Beedrill, M|100\/100\n|turn|1\n|\n|t:|1699787007\n|switch|p2a: Great Tusk|Great Tusk|100\/100\n|move|p1a: Victini|U-turn|p2a: Great Tusk\n|-resisted|p2a: Great Tusk\n|-damage|p2a: Great Tusk|96\/100\n|\n|t:|1699787014\n|switch|p1a: Alomomola|Alomomola, F|100\/100|[from] U-turn\n|\n|-heal|p2a: Great Tusk|100\/100|[from] item: Leftovers\n|upkeep\n|turn|2\n|\n|t:|1699787022\n|-end|p2a: Great Tusk|Protosynthesis|[silent]\n|switch|p2a: Heatran|Heatran, M|100\/100\n|move|p1a: Alomomola|Knock Off|p2a: Heatran\n|-damage|p2a: Heatran|87\/100\n|-enditem|p2a: Heatran|Leftovers|[from] move: Knock Off|[of] p1a: Alomomola\n|\n|upkeep\n|turn|3\n|\n|t:|1699787030\n|move|p2a: Heatran|Toxic|p1a: Alomomola\n|-status|p1a: Alomomola|tox\n|move|p1a: Alomomola|Flip Turn|p2a: Heatran\n|-supereffective|p2a: Heatran\n|-damage|p2a: Heatran|57\/100\n|\n|t:|1699787039\n|switch|p1a: Gliscor|Gliscor, M|100\/100|[from] Flip Turn\n|\n|-status|p1a: Gliscor|tox|[from] item: Toxic Orb\n|upkeep\n|turn|4\n|\n|t:|1699787045\n|switch|p2a: Alomomola|Alomomola, M|100\/100\n|move|p1a: Gliscor|Toxic|p2a: Alomomola\n|-status|p2a: Alomomola|tox\n|\n|-damage|p2a: Alomomola|94\/100 tox|[from] psn\n|upkeep\n|turn|5\n|\n|t:|1699787051\n|move|p1a: Gliscor|U-turn|p2a: Alomomola\n|-crit|p2a: Alomomola\n|-damage|p2a: Alomomola|82\/100 tox\n|\n|t:|1699787064\n|switch|p1a: Goodra|Goodra-Hisui, F|100\/100|[from] U-turn\n|move|p2a: Alomomola|Flip Turn|p1a: Goodra\n|-resisted|p1a: Goodra\n|-damage|p1a: Goodra|93\/100\n|\n|t:|1699787076\n|switch|p2a: Beedrill|Beedrill, M|100\/100|[from] Flip Turn\n|\n|upkeep\n|turn|6\n|\n|t:|1699787084\n|switch|p1a: Alomomola|Alomomola, F|100\/100 tox\n|detailschange|p2a: Beedrill|Beedrill-Mega, M\n|-mega|p2a: Beedrill|Beedrill|Beedrillite\n|move|p2a: Beedrill|U-turn|p1a: Alomomola\n|-damage|p1a: Alomomola|71\/100 tox\n|-damage|p2a: Beedrill|84\/100|[from] item: Rocky Helmet|[of] p1a: Alomomola\n|\n|t:|1699787089\n|switch|p2a: Alomomola|Alomomola, M|100\/100 tox|[from] U-turn\n|\n|-damage|p1a: Alomomola|65\/100 tox|[from] psn\n|-damage|p2a: Alomomola|94\/100 tox|[from] psn\n|upkeep\n|turn|7\n|\n|t:|1699787096\n|move|p1a: Alomomola|Flip Turn|p2a: Alomomola\n|-resisted|p2a: Alomomola\n|-damage|p2a: Alomomola|90\/100 tox\n|\n|t:|1699787099\n|switch|p1a: Goodra|Goodra-Hisui, F|93\/100|[from] Flip Turn\n|move|p2a: Alomomola|Wish|p2a: Alomomola\n|\n|-damage|p2a: Alomomola|78\/100 tox|[from] psn\n|upkeep\n|turn|8\n|\n|t:|1699787112\n|move|p1a: Goodra|Thunderbolt|p2a: Alomomola\n|-supereffective|p2a: Alomomola\n|-crit|p2a: Alomomola\n|-damage|p2a: Alomomola|0 fnt\n|faint|p2a: Alomomola\n|\n|upkeep\n|\n|t:|1699787132\n|switch|p2a: Beedrill|Beedrill-Mega, M|84\/100\n|turn|9\n|\n|t:|1699787139\n|switch|p1a: Alomomola|Alomomola, F|98\/100 tox\n|move|p2a: Beedrill|Knock Off|p1a: Alomomola\n|-damage|p1a: Alomomola|80\/100 tox\n|-damage|p2a: Beedrill|67\/100|[from] item: Rocky Helmet|[of] p1a: Alomomola\n|-enditem|p1a: Alomomola|Rocky Helmet|[from] move: Knock Off|[of] p2a: Beedrill\n|\n|-damage|p1a: Alomomola|74\/100 tox|[from] psn\n|upkeep\n|turn|10\n|\n|t:|1699787145\n|move|p2a: Beedrill|U-turn|p1a: Alomomola\n|-damage|p1a: Alomomola|47\/100 tox\n|\n|t:|1699787149\n|switch|p2a: Great Tusk|Great Tusk|100\/100|[from] U-turn\n|move|p1a: Alomomola|Flip Turn|p2a: Great Tusk\n|-supereffective|p2a: Great Tusk\n|-damage|p2a: Great Tusk|84\/100\n|\n|t:|1699787161\n|switch|p1a: Ditto|Ditto|100\/100|[from] Flip Turn\n|-transform|p1a: Ditto|p2a: Great Tusk|[from] ability: Imposter\n|\n|-heal|p2a: Great Tusk|90\/100|[from] item: Leftovers\n|upkeep\n|turn|11\n|\n|t:|1699787169\n|-end|p1a: Ditto|Protosynthesis|[silent]\n|switch|p1a: Alomomola|Alomomola, F|80\/100 tox\n|move|p2a: Great Tusk|Stealth Rock|p1a: Alomomola\n|-sidestart|p1: ggagain|move: Stealth Rock\n|\n|-heal|p2a: Great Tusk|96\/100|[from] item: Leftovers\n|-damage|p1a: Alomomola|74\/100 tox|[from] psn\n|upkeep\n|turn|12\n|\n|t:|1699787182\n|-end|p2a: Great Tusk|Protosynthesis|[silent]\n|switch|p2a: Heatran|Heatran, M|57\/100\n|move|p1a: Alomomola|Flip Turn|p2a: Heatran\n|-supereffective|p2a: Heatran\n|-damage|p2a: Heatran|31\/100\n|\n|t:|1699787188\n|switch|p1a: Gliscor|Gliscor, M|100\/100 tox|[from] Flip Turn\n|-damage|p1a: Gliscor|88\/100 tox|[from] Stealth Rock\n|\n|-heal|p1a: Gliscor|100\/100 tox|[from] ability: Poison Heal\n|upkeep\n|turn|13\n|\n|t:|1699787195\n|move|p1a: Gliscor|Defog|p2a: Heatran\n|-unboost|p2a: Heatran|evasion|1\n|-sideend|p1: ggagain|Stealth Rock|[from] move: Defog|[of] p1a: Gliscor\n|move|p2a: Heatran|Taunt|p1a: Gliscor\n|-start|p1a: Gliscor|move: Taunt\n|\n|upkeep\n|turn|14\n|\n|t:|1699787202\n|move|p1a: Gliscor|Earthquake|p2a: Heatran\n|-supereffective|p2a: Heatran\n|-damage|p2a: Heatran|0 fnt\n|faint|p2a: Heatran\n|\n|upkeep\n|\n|t:|1699787208\n|switch|p2a: Maushold|Maushold|100\/100\n|turn|15\n|\n|t:|1699787220\n|switch|p1a: Alomomola|Alomomola, F|100\/100 tox\n|move|p2a: Maushold|Population Bomb|p1a: Alomomola\n|-damage|p1a: Alomomola|95\/100 tox\n|-damage|p1a: Alomomola|89\/100 tox\n|-damage|p1a: Alomomola|83\/100 tox\n|-damage|p1a: Alomomola|76\/100 tox\n|-damage|p1a: Alomomola|70\/100 tox\n|-damage|p1a: Alomomola|64\/100 tox\n|-damage|p1a: Alomomola|59\/100 tox\n|-damage|p1a: Alomomola|52\/100 tox\n|-damage|p1a: Alomomola|46\/100 tox\n|-damage|p1a: Alomomola|40\/100 tox\n|-hitcount|p1a: Alomomola|10\n|\n|-damage|p1a: Alomomola|34\/100 tox|[from] psn\n|upkeep\n|turn|16\n|\n|t:|1699787230\n|move|p2a: Maushold|Population Bomb|p1a: Alomomola\n|-damage|p1a: Alomomola|28\/100 tox\n|-damage|p1a: Alomomola|22\/100 tox\n|-damage|p1a: Alomomola|16\/100 tox\n|-damage|p1a: Alomomola|10\/100 tox\n|-damage|p1a: Alomomola|4\/100 tox\n|-damage|p1a: Alomomola|0 fnt\n|faint|p1a: Alomomola\n|-hitcount|p1: Alomomola|6\n|\n|upkeep\n|\n|t:|1699787236\n|switch|p1a: Zamazenta|Zamazenta|100\/100\n|-ability|p1a: Zamazenta|Dauntless Shield|boost\n|-boost|p1a: Zamazenta|def|1\n|turn|17\n|\n|t:|1699787241\n|switch|p2a: Volcarona|Volcarona, F|100\/100\n|move|p1a: Zamazenta|Close Combat|p2a: Volcarona\n|-resisted|p2a: Volcarona\n|-damage|p2a: Volcarona|31\/100\n|-unboost|p1a: Zamazenta|def|1\n|-unboost|p1a: Zamazenta|spd|1\n|\n|upkeep\n|turn|18\n|\n|t:|1699787254\n|move|p1a: Zamazenta|Close Combat|p2a: Volcarona\n|-resisted|p2a: Volcarona\n|-damage|p2a: Volcarona|0 fnt\n|-unboost|p1a: Zamazenta|def|1\n|-unboost|p1a: Zamazenta|spd|1\n|faint|p2a: Volcarona\n|\n|upkeep\n|-message|lemon1119 forfeited.\n|\n|win|ggagain\n|raw|ggagain's rating: 1652 &rarr; <strong>1674<\/strong><br \/>(+22 for winning)\n|raw|lemon1119's rating: 1691 &rarr; <strong>1669<\/strong><br \/>(-22 for losing)\n|l|\u2606lemon1119\n","uploadtime":1699787278,"views":4,"p1id":"ggagain","p2id":"lemon1119","formatid":"gen9nationaldex","rating":1669,"private":0,"password":""}