{"id":"gen9nationaldex-1997300614","p1":"ikun\u4e00\u4e2a\u771f\u6b63\u7684man","p2":"yanami-test","format":"[Gen 9] National Dex","log":"|html|<div class=\"broadcast-blue\"><strong>[Gen 9] National Dex is currently suspecting Sneasler! For information on how to participate check out the <a href=\"https:\/\/www.smogon.com\/forums\/threads\/sv-national-dex-suspect-8-just-dance.3731534\/\">suspect thread<\/a>.<\/strong><\/div>\n|j|\u2606ikun\u4e00\u4e2a\u771f\u6b63\u7684man\n|j|\u2606yanami-test\n|t:|1700786559\n|gametype|singles\n|player|p1|ikun\u4e00\u4e2a\u771f\u6b63\u7684man|fisherman|1670\n|player|p2|yanami-test|dawn-masters3|1647\n|teamsize|p1|6\n|teamsize|p2|6\n|gen|9\n|tier|[Gen 9] National Dex\n|rated|\n|rule|HP Percentage Mod: HP is shown in percentages\n|rule|Endless Battle Clause: Forcing endless battles is banned\n|rule|OHKO Clause: OHKO moves are banned\n|rule|Evasion Clause: Evasion abilities, items, and moves are banned\n|rule|Evasion Abilities Clause: Evasion abilities are banned\n|rule|Evasion Items Clause: Evasion items are banned\n|rule|Evasion Moves Clause: Evasion moves are banned\n|rule|Species Clause: Limit one of each Pok\u00e9mon\n|rule|Sleep Clause Mod: Limit one foe put to sleep\n|clearpoke\n|poke|p1|Dragonite, M|\n|poke|p1|Ursaluna, F|\n|poke|p1|Tapu Koko|\n|poke|p1|Garchomp, M|\n|poke|p1|Hoopa-Unbound|\n|poke|p1|Moltres|\n|poke|p2|Tapu Koko|\n|poke|p2|Great Tusk|\n|poke|p2|Ditto|\n|poke|p2|Dragonite, F|\n|poke|p2|Ogerpon-Wellspring, F|\n|poke|p2|Heatran, M|\n|teampreview\n|inactive|Battle timer is ON: inactive players will automatically lose when time's up. (requested by ikun\u4e00\u4e2a\u771f\u6b63\u7684man)\n|\n|t:|1700786566\n|start\n|switch|p1a: Tapu Koko|Tapu Koko|100\/100\n|switch|p2a: \u7279\u6027\uff1a\u80dc\u5229\u4e4b\u661f|Heatran, M|100\/100\n|-fieldstart|move: Electric Terrain|[from] ability: Electric Surge|[of] p1a: Tapu Koko\n|turn|1\n|\n|t:|1700786572\n|move|p2a: \u7279\u6027\uff1a\u80dc\u5229\u4e4b\u661f|Eruption|p1a: Tapu Koko\n|-damage|p1a: Tapu Koko|0 fnt\n|faint|p1a: Tapu Koko\n|\n|upkeep\n|c|\u2606ikun\u4e00\u4e2a\u771f\u6b63\u7684man|wc\uff0c\u56f4\u5dfe\u55b7\u706b\n|\n|t:|1700786595\n|switch|p1a: Garchomp|Garchomp, M|100\/100\n|turn|2\n|c|\u2606yanami-test|\u7279\u653b\u7248v\u70ed\u7130\n|\n|t:|1700786613\n|switch|p2a: \u4e16\u754c\u548c\u5e73\u5168\u9760\u4f60|Great Tusk|100\/100\n|move|p1a: Garchomp|Earthquake|p2a: \u4e16\u754c\u548c\u5e73\u5168\u9760\u4f60\n|-damage|p2a: \u4e16\u754c\u548c\u5e73\u5168\u9760\u4f60|66\/100\n|\n|-heal|p2a: \u4e16\u754c\u548c\u5e73\u5168\u9760\u4f60|72\/100|[from] item: Leftovers\n|upkeep\n|turn|3\n|\n|t:|1700786618\n|switch|p1a: Moltres|Moltres|100\/100\n|move|p2a: \u4e16\u754c\u548c\u5e73\u5168\u9760\u4f60|Ice Spinner|p1a: Moltres\n|-damage|p1a: Moltres|79\/100\n|-fieldend|move: Electric Terrain\n|\n|-heal|p2a: \u4e16\u754c\u548c\u5e73\u5168\u9760\u4f60|79\/100|[from] item: Leftovers\n|upkeep\n|turn|4\n|\n|t:|1700786626\n|move|p2a: \u4e16\u754c\u548c\u5e73\u5168\u9760\u4f60|Stealth Rock|p1a: Moltres\n|-sidestart|p1: ikun\u4e00\u4e2a\u771f\u6b63\u7684man|move: Stealth Rock\n|move|p1a: Moltres|U-turn|p2a: \u4e16\u754c\u548c\u5e73\u5168\u9760\u4f60\n|-resisted|p2a: \u4e16\u754c\u548c\u5e73\u5168\u9760\u4f60\n|-damage|p2a: \u4e16\u754c\u548c\u5e73\u5168\u9760\u4f60|74\/100\n|\n|t:|1700786635\n|switch|p1a: Ursaluna|Ursaluna, F|100\/100|[from] U-turn\n|-damage|p1a: Ursaluna|94\/100|[from] Stealth Rock\n|\n|-heal|p2a: \u4e16\u754c\u548c\u5e73\u5168\u9760\u4f60|80\/100|[from] item: Leftovers\n|upkeep\n|turn|5\n|inactive|ikun\u4e00\u4e2a\u771f\u6b63\u7684man has 120 seconds left.\n|\n|t:|1700786672\n|switch|p1a: Moltres|Moltres|79\/100\n|move|p2a: \u4e16\u754c\u548c\u5e73\u5168\u9760\u4f60|Ice Spinner|p1a: Moltres\n|-damage|p1a: Moltres|61\/100\n|\n|-heal|p2a: \u4e16\u754c\u548c\u5e73\u5168\u9760\u4f60|86\/100|[from] item: Leftovers\n|upkeep\n|turn|6\n|inactive|ikun\u4e00\u4e2a\u771f\u6b63\u7684man has 120 seconds left.\n|\n|t:|1700786678\n|-end|p2a: \u4e16\u754c\u548c\u5e73\u5168\u9760\u4f60|Protosynthesis|[silent]\n|switch|p2a: \u7279\u6027\uff1a\u80dc\u5229\u4e4b\u661f|Heatran, M|100\/100\n|move|p1a: Moltres|Defog|p2a: \u7279\u6027\uff1a\u80dc\u5229\u4e4b\u661f\n|-unboost|p2a: \u7279\u6027\uff1a\u80dc\u5229\u4e4b\u661f|evasion|1\n|-sideend|p1: ikun\u4e00\u4e2a\u771f\u6b63\u7684man|Stealth Rock|[from] move: Defog|[of] p1a: Moltres\n|\n|upkeep\n|turn|7\n|\n|t:|1700786685\n|move|p2a: \u7279\u6027\uff1a\u80dc\u5229\u4e4b\u661f|Eruption|p1a: Moltres\n|-resisted|p1a: Moltres\n|-damage|p1a: Moltres|21\/100\n|move|p1a: Moltres|U-turn|p2a: \u7279\u6027\uff1a\u80dc\u5229\u4e4b\u661f\n|-resisted|p2a: \u7279\u6027\uff1a\u80dc\u5229\u4e4b\u661f\n|-damage|p2a: \u7279\u6027\uff1a\u80dc\u5229\u4e4b\u661f|97\/100\n|\n|t:|1700786693\n|switch|p1a: Garchomp|Garchomp, M|100\/100|[from] U-turn\n|\n|upkeep\n|turn|8\n|\n|t:|1700786702\n|switch|p2a: \u4e16\u754c\u548c\u5e73\u5168\u9760\u4f60|Great Tusk|86\/100\n|move|p1a: Garchomp|Earthquake|p2a: \u4e16\u754c\u548c\u5e73\u5168\u9760\u4f60\n|-damage|p2a: \u4e16\u754c\u548c\u5e73\u5168\u9760\u4f60|55\/100\n|\n|-heal|p2a: \u4e16\u754c\u548c\u5e73\u5168\u9760\u4f60|62\/100|[from] item: Leftovers\n|upkeep\n|turn|9\n|\n|t:|1700786709\n|switch|p1a: Moltres|Moltres|21\/100\n|move|p2a: \u4e16\u754c\u548c\u5e73\u5168\u9760\u4f60|Stealth Rock|p1a: Moltres\n|-sidestart|p1: ikun\u4e00\u4e2a\u771f\u6b63\u7684man|move: Stealth Rock\n|\n|-heal|p2a: \u4e16\u754c\u548c\u5e73\u5168\u9760\u4f60|68\/100|[from] item: Leftovers\n|upkeep\n|turn|10\n|\n|t:|1700786713\n|-end|p2a: \u4e16\u754c\u548c\u5e73\u5168\u9760\u4f60|Protosynthesis|[silent]\n|switch|p2a: \u7eaf\u7231\u6218\u795e|Ogerpon-Wellspring, F|100\/100\n|move|p1a: Moltres|Roost|p1a: Moltres\n|-heal|p1a: Moltres|71\/100\n|-singleturn|p1a: Moltres|move: Roost\n|\n|upkeep\n|turn|11\n|\n|t:|1700786722\n|-terastallize|p1a: Moltres|Grass\n|move|p2a: \u7eaf\u7231\u6218\u795e|Substitute|p2a: \u7eaf\u7231\u6218\u795e\n|-start|p2a: \u7eaf\u7231\u6218\u795e|Substitute\n|-damage|p2a: \u7eaf\u7231\u6218\u795e|76\/100\n|move|p1a: Moltres|Flamethrower|p2a: \u7eaf\u7231\u6218\u795e\n|-end|p2a: \u7eaf\u7231\u6218\u795e|Substitute\n|\n|upkeep\n|turn|12\n|\n|t:|1700786731\n|-terastallize|p2a: \u7eaf\u7231\u6218\u795e|Water\n|detailschange|p2a: \u7eaf\u7231\u6218\u795e|Ogerpon-Wellspring-Tera, F, tera:Water\n|-ability|p2a: \u7eaf\u7231\u6218\u795e|Embody Aspect (Wellspring)|boost\n|-boost|p2a: \u7eaf\u7231\u6218\u795e|spd|1\n|move|p2a: \u7eaf\u7231\u6218\u795e|Substitute|p2a: \u7eaf\u7231\u6218\u795e\n|-start|p2a: \u7eaf\u7231\u6218\u795e|Substitute\n|-damage|p2a: \u7eaf\u7231\u6218\u795e|51\/100\n|move|p1a: Moltres|Flamethrower|p2a: \u7eaf\u7231\u6218\u795e\n|-resisted|p2a: \u7eaf\u7231\u6218\u795e\n|-activate|p2a: \u7eaf\u7231\u6218\u795e|move: Substitute|[damage]\n|\n|upkeep\n|turn|13\n|\n|t:|1700786735\n|move|p2a: \u7eaf\u7231\u6218\u795e|Swords Dance|p2a: \u7eaf\u7231\u6218\u795e\n|-boost|p2a: \u7eaf\u7231\u6218\u795e|atk|2\n|move|p1a: Moltres|U-turn|p2a: \u7eaf\u7231\u6218\u795e\n|-end|p2a: \u7eaf\u7231\u6218\u795e|Substitute\n|\n|t:|1700786740\n|switch|p1a: Dragonite|Dragonite, M|100\/100|[from] U-turn\n|-damage|p1a: Dragonite|76\/100|[from] Stealth Rock\n|\n|upkeep\n|turn|14\n|\n|t:|1700786745\n|move|p1a: Dragonite|Extreme Speed|p2a: \u7eaf\u7231\u6218\u795e\n|-damage|p2a: \u7eaf\u7231\u6218\u795e|0 fnt\n|faint|p2a: \u7eaf\u7231\u6218\u795e\n|\n|upkeep\n|\n|t:|1700786760\n|switch|p2a: \u4e16\u754c\u548c\u5e73\u5168\u9760\u4f60|Great Tusk|68\/100\n|turn|15\n|\n|t:|1700786767\n|switch|p1a: Moltres|Moltres, tera:Grass|71\/100\n|move|p2a: \u4e16\u754c\u548c\u5e73\u5168\u9760\u4f60|Ice Spinner|p1a: Moltres\n|-supereffective|p1a: Moltres\n|-damage|p1a: Moltres|29\/100\n|\n|-heal|p2a: \u4e16\u754c\u548c\u5e73\u5168\u9760\u4f60|74\/100|[from] item: Leftovers\n|upkeep\n|turn|16\n|\n|t:|1700786779\n|move|p2a: \u4e16\u754c\u548c\u5e73\u5168\u9760\u4f60|Ice Spinner|p1a: Moltres\n|-supereffective|p1a: Moltres\n|-damage|p1a: Moltres|0 fnt\n|faint|p1a: Moltres\n|\n|-heal|p2a: \u4e16\u754c\u548c\u5e73\u5168\u9760\u4f60|80\/100|[from] item: Leftovers\n|upkeep\n|\n|t:|1700786788\n|switch|p1a: Hoopa|Hoopa-Unbound|100\/100\n|-damage|p1a: Hoopa|88\/100|[from] Stealth Rock\n|turn|17\n|\n|t:|1700786792\n|move|p1a: Hoopa|Psyshock|p2a: \u4e16\u754c\u548c\u5e73\u5168\u9760\u4f60\n|-supereffective|p2a: \u4e16\u754c\u548c\u5e73\u5168\u9760\u4f60\n|-damage|p2a: \u4e16\u754c\u548c\u5e73\u5168\u9760\u4f60|17\/100\n|move|p2a: \u4e16\u754c\u548c\u5e73\u5168\u9760\u4f60|Earthquake|p1a: Hoopa\n|-damage|p1a: Hoopa|0 fnt\n|faint|p1a: Hoopa\n|\n|-heal|p2a: \u4e16\u754c\u548c\u5e73\u5168\u9760\u4f60|23\/100|[from] item: Leftovers\n|upkeep\n|\n|t:|1700786795\n|switch|p1a: Dragonite|Dragonite, M|76\/100\n|-damage|p1a: Dragonite|51\/100|[from] Stealth Rock\n|turn|18\n|\n|t:|1700786801\n|move|p1a: Dragonite|Extreme Speed|p2a: \u4e16\u754c\u548c\u5e73\u5168\u9760\u4f60\n|-damage|p2a: \u4e16\u754c\u548c\u5e73\u5168\u9760\u4f60|0 fnt\n|faint|p2a: \u4e16\u754c\u548c\u5e73\u5168\u9760\u4f60\n|-end|p2a: \u4e16\u754c\u548c\u5e73\u5168\u9760\u4f60|Protosynthesis|[silent]\n|\n|upkeep\n|\n|t:|1700786805\n|switch|p2a: \u901f\u5ea6\u5728\u4f60\u4e4b\u4e0a|Tapu Koko|100\/100\n|-fieldstart|move: Electric Terrain|[from] ability: Electric Surge|[of] p2a: \u901f\u5ea6\u5728\u4f60\u4e4b\u4e0a\n|turn|19\n|j| batmanga\n|\n|t:|1700786808\n|move|p1a: Dragonite|Extreme Speed|p2a: \u901f\u5ea6\u5728\u4f60\u4e4b\u4e0a\n|-damage|p2a: \u901f\u5ea6\u5728\u4f60\u4e4b\u4e0a|36\/100\n|move|p2a: \u901f\u5ea6\u5728\u4f60\u4e4b\u4e0a|Hidden Power|p1a: Dragonite\n|-supereffective|p1a: Dragonite\n|-damage|p1a: Dragonite|0 fnt\n|faint|p1a: Dragonite\n|\n|upkeep\n|\n|t:|1700786812\n|switch|p1a: Garchomp|Garchomp, M|100\/100\n|-damage|p1a: Garchomp|94\/100|[from] Stealth Rock\n|turn|20\n|\n|t:|1700786817\n|move|p1a: Garchomp|Iron Head|p2a: \u901f\u5ea6\u5728\u4f60\u4e4b\u4e0a\n|-damage|p2a: \u901f\u5ea6\u5728\u4f60\u4e4b\u4e0a|0 fnt\n|faint|p2a: \u901f\u5ea6\u5728\u4f60\u4e4b\u4e0a\n|\n|upkeep\n|\n|t:|1700786830\n|switch|p2a: \u7279\u6027\uff1a\u80dc\u5229\u4e4b\u661f|Heatran, M|97\/100\n|turn|21\n|c|\u2606ikun\u4e00\u4e2a\u771f\u6b63\u7684man|\u6211\u7684\u901f\u5ea6\u5728\u4f60\u4e4b\u4e0a\n|\n|t:|1700786842\n|switch|p1a: Ursaluna|Ursaluna, F|94\/100\n|-damage|p1a: Ursaluna|88\/100|[from] Stealth Rock\n|move|p2a: \u7279\u6027\uff1a\u80dc\u5229\u4e4b\u661f|Eruption|p1a: Ursaluna\n|-damage|p1a: Ursaluna|45\/100\n|\n|upkeep\n|turn|22\n|l| batmanga\n|c|\u2606yanami-test|\u54c8\u54c8\u54c8\n|\n|t:|1700786848\n|move|p2a: \u7279\u6027\uff1a\u80dc\u5229\u4e4b\u661f|Eruption|p1a: Ursaluna\n|-damage|p1a: Ursaluna|0 fnt\n|faint|p1a: Ursaluna\n|\n|upkeep\n|\n|t:|1700786852\n|switch|p1a: Garchomp|Garchomp, M|94\/100\n|-damage|p1a: Garchomp|88\/100|[from] Stealth Rock\n|turn|23\n|\n|t:|1700786860\n|switch|p2a: \u901f\u5ea6\u523b\u5728\u540d\u5b57\u91cc|Dragonite, F|100\/100\n|move|p1a: Garchomp|Outrage|p2a: \u901f\u5ea6\u523b\u5728\u540d\u5b57\u91cc\n|-supereffective|p2a: \u901f\u5ea6\u523b\u5728\u540d\u5b57\u91cc\n|-damage|p2a: \u901f\u5ea6\u523b\u5728\u540d\u5b57\u91cc|46\/100\n|\n|-fieldend|move: Electric Terrain\n|upkeep\n|turn|24\n|\n|t:|1700786864\n|move|p2a: \u901f\u5ea6\u523b\u5728\u540d\u5b57\u91cc|Extreme Speed|p1a: Garchomp\n|-damage|p1a: Garchomp|59\/100\n|-damage|p2a: \u901f\u5ea6\u523b\u5728\u540d\u5b57\u91cc|34\/100|[from] ability: Rough Skin|[of] p1a: Garchomp\n|move|p1a: Garchomp|Outrage|p2a: \u901f\u5ea6\u523b\u5728\u540d\u5b57\u91cc|[from]lockedmove\n|-supereffective|p2a: \u901f\u5ea6\u523b\u5728\u540d\u5b57\u91cc\n|-damage|p2a: \u901f\u5ea6\u523b\u5728\u540d\u5b57\u91cc|0 fnt\n|faint|p2a: \u901f\u5ea6\u523b\u5728\u540d\u5b57\u91cc\n|\n|upkeep\n|\n|t:|1700786865\n|switch|p2a: \u4ee5\u5f7c\u4e4b\u9053\u8fd8\u65bd\u5f7c\u8eab|Ditto|100\/100\n|-transform|p2a: \u4ee5\u5f7c\u4e4b\u9053\u8fd8\u65bd\u5f7c\u8eab|p1a: Garchomp|[from] ability: Imposter\n|turn|25\n|\n|t:|1700786868\n|move|p2a: \u4ee5\u5f7c\u4e4b\u9053\u8fd8\u65bd\u5f7c\u8eab|Outrage|p1a: Garchomp\n|-supereffective|p1a: Garchomp\n|-damage|p1a: Garchomp|0 fnt\n|-damage|p2a: \u4ee5\u5f7c\u4e4b\u9053\u8fd8\u65bd\u5f7c\u8eab|88\/100|[from] ability: Rough Skin|[of] p1a: Garchomp\n|faint|p1a: Garchomp\n|\n|win|yanami-test\n|raw|ikun\u4e00\u4e2a\u771f\u6b63\u7684man's rating: 1670 &rarr; <strong>1649<\/strong><br \/>(-21 for losing)\n|raw|yanami-test's rating: 1647 &rarr; <strong>1668<\/strong><br \/>(+21 for winning)\n|c|\u2606yanami-test|gg\n|l|\u2606ikun\u4e00\u4e2a\u771f\u6b63\u7684man\n","uploadtime":1700786940,"views":13,"p1id":"ikunman","p2id":"yanamitest","formatid":"gen9nationaldex","rating":1649,"private":0,"password":""}