{"id":"gen9nationaldex-1989457870","p1":"AwolfNamedSun","p2":"lonely_smile","format":"[Gen 9] National Dex","log":"|j|\u2606AwolfNamedSun\n|j|\u2606lonely_smile\n|t:|1699853523\n|gametype|singles\n|player|p1|AwolfNamedSun|zinzolin|1393\n|player|p2|lonely_smile|2|1370\n|teamsize|p1|6\n|teamsize|p2|6\n|gen|9\n|tier|[Gen 9] National Dex\n|rated|\n|rule|HP Percentage Mod: HP is shown in percentages\n|rule|Endless Battle Clause: Forcing endless battles is banned\n|rule|OHKO Clause: OHKO moves are banned\n|rule|Evasion Clause: Evasion abilities, items, and moves are banned\n|rule|Evasion Abilities Clause: Evasion abilities are banned\n|rule|Evasion Items Clause: Evasion items are banned\n|rule|Evasion Moves Clause: Evasion moves are banned\n|rule|Species Clause: Limit one of each Pok\u00e9mon\n|rule|Sleep Clause Mod: Limit one foe put to sleep\n|clearpoke\n|poke|p1|Salamence, M|\n|poke|p1|Celesteela|\n|poke|p1|Alakazam, F|\n|poke|p1|Banette, F|\n|poke|p1|Skarmory, F|\n|poke|p1|Kyurem|\n|poke|p2|Tyranitar, F|\n|poke|p2|Togedemaru, L1, F|\n|poke|p2|Scizor, F|\n|poke|p2|Corviknight, M|\n|poke|p2|Dracozolt|\n|poke|p2|Garchomp, F|\n|teampreview\n|inactive|Battle timer is ON: inactive players will automatically lose when time's up. (requested by AwolfNamedSun)\n|\n|t:|1699853535\n|start\n|switch|p1a: Kyurem|Kyurem|100\/100\n|switch|p2a: Garchomp|Garchomp, F|100\/100\n|-ability|p1a: Kyurem|Pressure\n|turn|1\n|\n|t:|1699853548\n|-zpower|p2a: Garchomp\n|move|p2a: Garchomp|Devastating Drake|p1a: Kyurem|[zeffect]\n|-supereffective|p1a: Kyurem\n|-damage|p1a: Kyurem|0 fnt\n|faint|p1a: Kyurem\n|\n|upkeep\n|\n|t:|1699853555\n|switch|p1a: Banette|Banette, F|100\/100\n|turn|2\n|\n|t:|1699853560\n|detailschange|p1a: Banette|Banette-Mega, F\n|-mega|p1a: Banette|Banette|Banettite\n|move|p1a: Banette|Will-O-Wisp|p2a: Garchomp\n|-status|p2a: Garchomp|brn\n|move|p2a: Garchomp|Swords Dance|p2a: Garchomp\n|-boost|p2a: Garchomp|atk|2\n|\n|-damage|p2a: Garchomp|94\/100 brn|[from] brn\n|upkeep\n|turn|3\n|\n|t:|1699853580\n|switch|p1a: Skarmory|Skarmory, F|100\/100\n|move|p2a: Garchomp|Outrage|p1a: Skarmory\n|-resisted|p1a: Skarmory\n|-damage|p1a: Skarmory|75\/100\n|-damage|p2a: Garchomp|78\/100 brn|[from] item: Rocky Helmet|[of] p1a: Skarmory\n|\n|-damage|p2a: Garchomp|72\/100 brn|[from] brn\n|upkeep\n|turn|4\n|\n|t:|1699853588\n|move|p2a: Garchomp|Outrage|p1a: Skarmory|[from]lockedmove\n|-resisted|p1a: Skarmory\n|-damage|p1a: Skarmory|53\/100\n|-damage|p2a: Garchomp|55\/100 brn|[from] item: Rocky Helmet|[of] p1a: Skarmory\n|move|p1a: Skarmory|Roost|p1a: Skarmory\n|-heal|p1a: Skarmory|100\/100\n|-singleturn|p1a: Skarmory|move: Roost\n|\n|-damage|p2a: Garchomp|49\/100 brn|[from] brn\n|upkeep\n|turn|5\n|\n|t:|1699853597\n|move|p2a: Garchomp|Outrage|p1a: Skarmory|[from]lockedmove\n|-resisted|p1a: Skarmory\n|-damage|p1a: Skarmory|76\/100\n|-damage|p2a: Garchomp|32\/100 brn|[from] item: Rocky Helmet|[of] p1a: Skarmory\n|-start|p2a: Garchomp|confusion|[fatigue]\n|move|p1a: Skarmory|Stealth Rock|p2a: Garchomp\n|-sidestart|p2: lonely_smile|move: Stealth Rock\n|\n|-damage|p2a: Garchomp|26\/100 brn|[from] brn\n|upkeep\n|turn|6\n|\n|t:|1699853606\n|-activate|p2a: Garchomp|confusion\n|move|p2a: Garchomp|Fire Fang|p1a: Skarmory\n|-supereffective|p1a: Skarmory\n|-damage|p1a: Skarmory|45\/100\n|-damage|p2a: Garchomp|10\/100 brn|[from] item: Rocky Helmet|[of] p1a: Skarmory\n|move|p1a: Skarmory|Brave Bird|p2a: Garchomp\n|-damage|p2a: Garchomp|0 fnt\n|-damage|p1a: Skarmory|33\/100|[from] ability: Rough Skin|[of] p2a: Garchomp\n|faint|p2a: Garchomp\n|-damage|p1a: Skarmory|29\/100|[from] Recoil\n|\n|upkeep\n|\n|t:|1699853624\n|switch|p2a: Tyranitar|Tyranitar, F|100\/100\n|-damage|p2a: Tyranitar|88\/100|[from] Stealth Rock\n|-weather|Sandstorm|[from] ability: Sand Stream|[of] p2a: Tyranitar\n|turn|7\n|\n|t:|1699853637\n|move|p1a: Skarmory|Brave Bird|p2a: Tyranitar\n|-resisted|p2a: Tyranitar\n|-crit|p2a: Tyranitar\n|-damage|p2a: Tyranitar|70\/100\n|-damage|p1a: Skarmory|22\/100|[from] Recoil\n|move|p2a: Tyranitar|Pursuit|p1a: Skarmory\n|-damage|p1a: Skarmory|6\/100\n|-damage|p2a: Tyranitar|53\/100|[from] item: Rocky Helmet|[of] p1a: Skarmory\n|\n|-weather|Sandstorm|[upkeep]\n|upkeep\n|turn|8\n|\n|t:|1699853646\n|move|p1a: Skarmory|Brave Bird|p2a: Tyranitar\n|-resisted|p2a: Tyranitar\n|-damage|p2a: Tyranitar|41\/100\n|-damage|p1a: Skarmory|0 fnt|[from] Recoil\n|faint|p1a: Skarmory\n|move|p2a: Tyranitar|Pursuit|p1: Skarmory|[notarget]\n|-fail|p2a: Tyranitar\n|\n|-weather|Sandstorm|[upkeep]\n|upkeep\n|\n|t:|1699853669\n|switch|p1a: Banette|Banette-Mega, F|100\/100\n|turn|9\n|\n|t:|1699853676\n|move|p1a: Banette|Will-O-Wisp|p2a: Tyranitar\n|-hint|Since gen 7, Dark is immune to Prankster moves.\n|-immune|p2a: Tyranitar\n|move|p2a: Tyranitar|Knock Off|p1a: Banette\n|-supereffective|p1a: Banette\n|-damage|p1a: Banette|0 fnt\n|faint|p1a: Banette\n|\n|-weather|Sandstorm|[upkeep]\n|upkeep\n|\n|t:|1699853686\n|switch|p1a: GG it's Mence|Salamence, M|100\/100\n|turn|10\n|\n|t:|1699853698\n|switch|p2a: Corviknight|Corviknight, M|100\/100\n|-damage|p2a: Corviknight|88\/100|[from] Stealth Rock\n|-terastallize|p1a: GG it's Mence|Steel\n|move|p1a: GG it's Mence|Dragon Dance|p1a: GG it's Mence\n|-boost|p1a: GG it's Mence|atk|1\n|-boost|p1a: GG it's Mence|spe|1\n|\n|-weather|Sandstorm|[upkeep]\n|upkeep\n|turn|11\n|\n|t:|1699853706\n|switch|p1a: Alakazam|Alakazam, F|100\/100\n|move|p2a: Corviknight|Defog|p1a: Alakazam\n|-unboost|p1a: Alakazam|evasion|1\n|-sideend|p2: lonely_smile|Stealth Rock|[from] move: Defog|[of] p2a: Corviknight\n|\n|-weather|Sandstorm|[upkeep]\n|upkeep\n|turn|12\n|\n|t:|1699853713\n|move|p1a: Alakazam|Thunder Wave|p2a: Corviknight\n|-status|p2a: Corviknight|par\n|cant|p2a: Corviknight|par\n|\n|-weather|Sandstorm|[upkeep]\n|upkeep\n|turn|13\n|\n|t:|1699853719\n|move|p1a: Alakazam|Hidden Power|p2a: Corviknight\n|-supereffective|p2a: Corviknight\n|-damage|p2a: Corviknight|45\/100 par\n|move|p2a: Corviknight|U-turn|p1a: Alakazam\n|-supereffective|p1a: Alakazam\n|-damage|p1a: Alakazam|24\/100\n|\n|t:|1699853725\n|switch|p2a: Scizor|Scizor, F|100\/100|[from] U-turn\n|\n|-weather|Sandstorm|[upkeep]\n|upkeep\n|turn|14\n|\n|t:|1699853730\n|detailschange|p2a: Scizor|Scizor-Mega, F\n|-mega|p2a: Scizor|Scizor|Scizorite\n|move|p2a: Scizor|Bullet Punch|p1a: Alakazam\n|-damage|p1a: Alakazam|0 fnt\n|faint|p1a: Alakazam\n|\n|-weather|none\n|upkeep\n|\n|t:|1699853735\n|switch|p1a: Celesteela|Celesteela|100\/100\n|turn|15\n|\n|t:|1699853742\n|switch|p2a: Tyranitar|Tyranitar, F|41\/100\n|-weather|Sandstorm|[from] ability: Sand Stream|[of] p2a: Tyranitar\n|move|p1a: Celesteela|Autotomize|p1a: Celesteela\n|-boost|p1a: Celesteela|spe|2\n|-start|p1a: Celesteela|Autotomize\n|\n|-weather|Sandstorm|[upkeep]\n|upkeep\n|turn|16\n|\n|t:|1699853751\n|move|p1a: Celesteela|Meteor Beam||[still]\n|-prepare|p1a: Celesteela|Meteor Beam\n|-boost|p1a: Celesteela|spa|1\n|-enditem|p1a: Celesteela|Power Herb\n|-anim|p1a: Celesteela|Meteor Beam|p2a: Tyranitar\n|-damage|p2a: Tyranitar|6\/100\n|move|p2a: Tyranitar|Knock Off|p1a: Celesteela\n|-damage|p1a: Celesteela|66\/100\n|\n|-weather|Sandstorm|[upkeep]\n|upkeep\n|turn|17\n|\n|t:|1699853762\n|move|p1a: Celesteela|Flamethrower|p2a: Tyranitar\n|-resisted|p2a: Tyranitar\n|-damage|p2a: Tyranitar|0 fnt\n|faint|p2a: Tyranitar\n|-ability|p1a: Celesteela|Beast Boost|boost\n|-boost|p1a: Celesteela|spa|1\n|\n|-weather|Sandstorm|[upkeep]\n|upkeep\n|\n|t:|1699853768\n|switch|p2a: Togedemaru|Togedemaru, L1, F|100\/100\n|turn|18\n|\n|t:|1699853771\n|move|p1a: Celesteela|Flamethrower|p2a: Togedemaru\n|-supereffective|p2a: Togedemaru\n|-ability|p2a: Togedemaru|Sturdy\n|-damage|p2a: Togedemaru|8\/100\n|move|p2a: Togedemaru|Endeavor|p1a: Celesteela\n|-damage|p1a: Celesteela|1\/100\n|-heal|p2a: Togedemaru|100\/100|[from] item: Shell Bell|[of] p1a: Celesteela\n|\n|-weather|Sandstorm|[upkeep]\n|upkeep\n|turn|19\n|\n|t:|1699853780\n|switch|p2a: Corviknight|Corviknight, M|45\/100 par\n|move|p1a: Celesteela|Air Slash|p2a: Corviknight\n|-resisted|p2a: Corviknight\n|-damage|p2a: Corviknight|13\/100 par\n|\n|-weather|Sandstorm|[upkeep]\n|upkeep\n|turn|20\n|\n|t:|1699853786\n|move|p1a: Celesteela|Flamethrower|p2a: Corviknight\n|-supereffective|p2a: Corviknight\n|-damage|p2a: Corviknight|0 fnt\n|faint|p2a: Corviknight\n|-ability|p1a: Celesteela|Beast Boost|boost\n|-boost|p1a: Celesteela|spa|1\n|\n|-weather|Sandstorm|[upkeep]\n|upkeep\n|\n|t:|1699853789\n|switch|p2a: Scizor|Scizor-Mega, F|100\/100\n|turn|21\n|\n|t:|1699853793\n|move|p2a: Scizor|Bullet Punch|p1a: Celesteela\n|-resisted|p1a: Celesteela\n|-crit|p1a: Celesteela\n|-damage|p1a: Celesteela|0 fnt\n|faint|p1a: Celesteela\n|\n|-weather|Sandstorm|[upkeep]\n|upkeep\n|\n|t:|1699853798\n|switch|p1a: GG it's Mence|Salamence, M, tera:Steel|100\/100\n|turn|22\n|\n|t:|1699853801\n|switch|p2a: Dracozolt|Dracozolt|100\/100\n|move|p1a: GG it's Mence|Dragon Dance|p1a: GG it's Mence\n|-boost|p1a: GG it's Mence|atk|1\n|-boost|p1a: GG it's Mence|spe|1\n|\n|-weather|none\n|upkeep\n|turn|23\n|\n|t:|1699853808\n|-terastallize|p2a: Dracozolt|Electric\n|move|p1a: GG it's Mence|Outrage|p2a: Dracozolt\n|-damage|p2a: Dracozolt|8\/100\n|move|p2a: Dracozolt|Bolt Beak|p1a: GG it's Mence\n|-damage|p1a: GG it's Mence|0 fnt\n|faint|p1a: GG it's Mence\n|\n|win|lonely_smile\n|raw|AwolfNamedSun's rating: 1393 &rarr; <strong>1372<\/strong><br \/>(-21 for losing)\n|raw|lonely_smile's rating: 1370 &rarr; <strong>1391<\/strong><br \/>(+21 for winning)\n","uploadtime":1699853820,"views":4,"p1id":"awolfnamedsun","p2id":"lonelysmile","formatid":"gen9nationaldex","rating":1372,"private":0,"password":""}