{"id":"gen9nationaldex-1994962548","p1":"Dragongemex","p2":"kezzybear","format":"[Gen 9] National Dex","log":"|html|<div class=\"broadcast-blue\"><strong>[Gen 9] National Dex is currently suspecting Sneasler! For information on how to participate check out the <a href=\"https:\/\/www.smogon.com\/forums\/threads\/sv-national-dex-suspect-8-just-dance.3731534\/\">suspect thread<\/a>.<\/strong><\/div>\n|j|\u2606Dragongemex\n|j|\u2606kezzybear\n|t:|1700508473\n|gametype|singles\n|player|p1|Dragongemex|alder|1523\n|player|p2|kezzybear|2|1397\n|teamsize|p1|6\n|teamsize|p2|6\n|gen|9\n|tier|[Gen 9] National Dex\n|rated|\n|rule|HP Percentage Mod: HP is shown in percentages\n|rule|Endless Battle Clause: Forcing endless battles is banned\n|rule|OHKO Clause: OHKO moves are banned\n|rule|Evasion Clause: Evasion abilities, items, and moves are banned\n|rule|Evasion Abilities Clause: Evasion abilities are banned\n|rule|Evasion Items Clause: Evasion items are banned\n|rule|Evasion Moves Clause: Evasion moves are banned\n|rule|Species Clause: Limit one of each Pok\u00e9mon\n|rule|Sleep Clause Mod: Limit one foe put to sleep\n|clearpoke\n|poke|p1|Banette, M|\n|poke|p1|Landorus-Therian, M|\n|poke|p1|Dragonite, F|\n|poke|p1|Kartana|\n|poke|p1|Reuniclus, F|\n|poke|p1|Volcarona, M|\n|poke|p2|Blaziken, F|\n|poke|p2|Glimmora, F|\n|poke|p2|Garganacl, F|\n|poke|p2|Urshifu-*, F|\n|poke|p2|Medicham, F|\n|poke|p2|Dragonite, M|\n|teampreview\n|inactive|Battle timer is ON: inactive players will automatically lose when time's up. (requested by kezzybear)\n|inactive|Dragongemex also wants the timer to be on.\n|\n|t:|1700508480\n|start\n|switch|p1a: Landorus|Landorus-Therian, M|100\/100\n|switch|p2a: Medicham|Medicham, F|100\/100\n|-ability|p1a: Landorus|Intimidate|boost\n|-unboost|p2a: Medicham|atk|1\n|turn|1\n|\n|t:|1700508488\n|detailschange|p2a: Medicham|Medicham-Mega, F\n|-mega|p2a: Medicham|Medicham|Medichamite\n|-terastallize|p1a: Landorus|Ghost\n|move|p2a: Medicham|Fake Out|p1a: Landorus\n|-immune|p1a: Landorus\n|move|p1a: Landorus|Explosion|p2a: Medicham\n|-damage|p2a: Medicham|0 fnt\n|faint|p1a: Landorus\n|faint|p2a: Medicham\n|\n|upkeep\n|c|\u2606kezzybear|Nice\n|n|!kezzybear|kezzybear\n|\n|t:|1700508505\n|switch|p2a: Garganacl|Garganacl, F|100\/100\n|switch|p1a: Reuniclus|Reuniclus, F, shiny|100\/100\n|turn|2\n|\n|t:|1700508511\n|switch|p2a: Urshifu|Urshifu-Rapid-Strike, F|100\/100\n|move|p1a: Reuniclus|Trick Room|p1a: Reuniclus\n|-fieldstart|move: Trick Room|[of] p1a: Reuniclus\n|\n|upkeep\n|turn|3\n|\n|t:|1700508516\n|switch|p2a: Garganacl|Garganacl, F|100\/100\n|move|p1a: Reuniclus|Psyshock|p2a: Garganacl\n|-damage|p2a: Garganacl|64\/100\n|\n|-heal|p2a: Garganacl|70\/100|[from] item: Leftovers\n|upkeep\n|turn|4\n|\n|t:|1700508518\n|move|p1a: Reuniclus|Focus Blast|p2a: Garganacl\n|-supereffective|p2a: Garganacl\n|-damage|p2a: Garganacl|0 fnt\n|faint|p2a: Garganacl\n|\n|upkeep\n|\n|t:|1700508522\n|switch|p2a: Glimmora|Glimmora, F|100\/100\n|turn|5\n|\n|t:|1700508538\n|move|p1a: Reuniclus|Psyshock|p2a: Glimmora\n|-supereffective|p2a: Glimmora\n|-enditem|p2a: Glimmora|Focus Sash\n|-damage|p2a: Glimmora|1\/100\n|move|p2a: Glimmora|Stealth Rock|p1a: Reuniclus\n|-sidestart|p1: Dragongemex|move: Stealth Rock\n|\n|upkeep\n|turn|6\n|\n|t:|1700508542\n|move|p1a: Reuniclus|Psyshock|p2a: Glimmora\n|-supereffective|p2a: Glimmora\n|-damage|p2a: Glimmora|0 fnt\n|faint|p2a: Glimmora\n|\n|-fieldend|move: Trick Room\n|upkeep\n|\n|t:|1700508544\n|switch|p2a: Urshifu|Urshifu-Rapid-Strike, F|100\/100\n|turn|7\n|\n|t:|1700508546\n|move|p2a: Urshifu|Surging Strikes|p1a: Reuniclus\n|-crit|p1a: Reuniclus\n|-damage|p1a: Reuniclus|71\/100\n|-crit|p1a: Reuniclus\n|-damage|p1a: Reuniclus|39\/100\n|-crit|p1a: Reuniclus\n|-damage|p1a: Reuniclus|6\/100\n|-hitcount|p1a: Reuniclus|3\n|move|p1a: Reuniclus|Trick Room|p1a: Reuniclus\n|-fieldstart|move: Trick Room|[of] p1a: Reuniclus\n|\n|upkeep\n|turn|8\n|\n|t:|1700508552\n|move|p1a: Reuniclus|Psyshock|p2a: Urshifu\n|-supereffective|p2a: Urshifu\n|-damage|p2a: Urshifu|0 fnt\n|faint|p2a: Urshifu\n|\n|upkeep\n|\n|t:|1700508554\n|switch|p2a: Dragonite|Dragonite, M|100\/100\n|turn|9\n|\n|t:|1700508557\n|move|p2a: Dragonite|Extreme Speed|p1a: Reuniclus\n|-damage|p1a: Reuniclus|0 fnt\n|faint|p1a: Reuniclus\n|\n|upkeep\n|\n|t:|1700508560\n|switch|p1a: Bega Manette|Banette, M|100\/100\n|-damage|p1a: Bega Manette|88\/100|[from] Stealth Rock\n|-item|p2a: Dragonite|Heavy-Duty Boots|[from] ability: Frisk|[of] p1a: Bega Manette|[identify]\n|turn|10\n|\n|t:|1700508572\n|detailschange|p1a: Bega Manette|Banette-Mega, M\n|-mega|p1a: Bega Manette|Banette|Banettite\n|-terastallize|p2a: Dragonite|Normal\n|move|p2a: Dragonite|Dragon Dance|p2a: Dragonite\n|-boost|p2a: Dragonite|atk|1\n|-boost|p2a: Dragonite|spe|1\n|move|p1a: Bega Manette|Poltergeist|p2a: Dragonite\n|-immune|p2a: Dragonite\n|\n|upkeep\n|turn|11\n|\n|t:|1700508576\n|move|p1a: Bega Manette|Gunk Shot|p2a: Dragonite\n|-damage|p2a: Dragonite|73\/100\n|move|p2a: Dragonite|Dragon Claw|p1a: Bega Manette\n|-damage|p1a: Bega Manette|0 fnt\n|faint|p1a: Bega Manette\n|\n|-fieldend|move: Trick Room\n|upkeep\n|\n|t:|1700508586\n|switch|p1a: Kartana|Kartana, shiny|100\/100\n|-damage|p1a: Kartana|94\/100|[from] Stealth Rock\n|turn|12\n|\n|t:|1700508605\n|move|p2a: Dragonite|Extreme Speed|p1a: Kartana\n|-resisted|p1a: Kartana\n|-damage|p1a: Kartana|58\/100\n|move|p1a: Kartana|Sacred Sword|p2a: Dragonite\n|-supereffective|p2a: Dragonite\n|-damage|p2a: Dragonite|0 fnt\n|faint|p2a: Dragonite\n|-ability|p1a: Kartana|Beast Boost|boost\n|-boost|p1a: Kartana|atk|1\n|\n|upkeep\n|\n|t:|1700508609\n|switch|p2a: Blaziken|Blaziken, F|100\/100\n|turn|13\n|\n|t:|1700508611\n|move|p2a: Blaziken|Protect|p2a: Blaziken\n|-singleturn|p2a: Blaziken|Protect\n|move|p1a: Kartana|Sacred Sword|p2a: Blaziken\n|-activate|p2a: Blaziken|move: Protect\n|\n|-ability|p2a: Blaziken|Speed Boost|boost\n|-boost|p2a: Blaziken|spe|1\n|upkeep\n|turn|14\n|\n|t:|1700508619\n|move|p1a: Kartana|Sacred Sword|p2a: Blaziken\n|-damage|p2a: Blaziken|10\/100\n|move|p2a: Blaziken|Flare Blitz|p1a: Kartana\n|-supereffective|p1a: Kartana\n|-damage|p1a: Kartana|0 fnt\n|faint|p1a: Kartana\n|-damage|p2a: Blaziken|0 fnt|[from] Recoil\n|faint|p2a: Blaziken\n|\n|win|Dragongemex\n|raw|Dragongemex's rating: 1523 &rarr; <strong>1536<\/strong><br \/>(+13 for winning)\n|raw|kezzybear's rating: 1397 &rarr; <strong>1384<\/strong><br \/>(-13 for losing)\n","uploadtime":1700508504,"views":3,"p1id":"dragongemex","p2id":"kezzybear","formatid":"gen9nationaldex","rating":1384,"private":0,"password":""}