{"id":"gen9nationaldex-1988174330","p1":"ooMIZUHASUoo","p2":"snivy ye \u53f6\u86c7","format":"[Gen 9] National Dex","log":"|j|\u2606ooMIZUHASUoo\n|j|\u2606snivy ye \u53f6\u86c7\n|t:|1699679565\n|gametype|singles\n|player|p1|ooMIZUHASUoo|lana|\n|player|p2|snivy ye \u53f6\u86c7|winona|\n|teamsize|p1|6\n|teamsize|p2|6\n|gen|9\n|tier|[Gen 9] National Dex\n|rule|HP Percentage Mod: HP is shown in percentages\n|rule|Endless Battle Clause: Forcing endless battles is banned\n|rule|OHKO Clause: OHKO moves are banned\n|rule|Evasion Clause: Evasion abilities, items, and moves are banned\n|rule|Evasion Abilities Clause: Evasion abilities are banned\n|rule|Evasion Items Clause: Evasion items are banned\n|rule|Evasion Moves Clause: Evasion moves are banned\n|rule|Species Clause: Limit one of each Pok\u00e9mon\n|rule|Sleep Clause Mod: Limit one foe put to sleep\n|clearpoke\n|poke|p1|Scizor, F|\n|poke|p1|Urshifu-*, F|\n|poke|p1|Zapdos|\n|poke|p1|Pelipper, F|\n|poke|p1|Ogerpon-Wellspring, F|\n|poke|p1|Garchomp, F|\n|poke|p2|Slowbro, F|\n|poke|p2|Landorus-Therian, M|\n|poke|p2|Arcanine-Hisui, M|\n|poke|p2|Corviknight, M|\n|poke|p2|Tapu Koko|\n|poke|p2|Tyranitar, M|\n|teampreview\n|inactive|Battle timer is ON: inactive players will automatically lose when time's up. (requested by snivy ye \u53f6\u86c7)\n|\n|t:|1699679571\n|start\n|switch|p1a: Urshifu|Urshifu-Rapid-Strike, F|100\/100\n|switch|p2a: Arcanine|Arcanine-Hisui, M|100\/100\n|turn|1\n|\n|t:|1699679582\n|switch|p1a: Zapdos|Zapdos, shiny|100\/100\n|move|p2a: Arcanine|Head Smash|p1a: Zapdos\n|-supereffective|p1a: Zapdos\n|-damage|p1a: Zapdos|0 fnt\n|faint|p1a: Zapdos\n|\n|upkeep\n|c|\u2606ooMIZUHASUoo|\uff1f\n|\n|t:|1699679596\n|switch|p1a: Garchomp|Garchomp, F|100\/100\n|turn|2\n|\n|t:|1699679601\n|move|p1a: Garchomp|Substitute|p1a: Garchomp\n|-start|p1a: Garchomp|Substitute\n|-damage|p1a: Garchomp|76\/100\n|move|p2a: Arcanine|Head Smash|p1a: Garchomp\n|-resisted|p1a: Garchomp\n|-end|p1a: Garchomp|Substitute\n|\n|upkeep\n|turn|3\n|\n|t:|1699679609\n|switch|p2a: Landorus|Landorus-Therian, M|100\/100\n|-ability|p2a: Landorus|Intimidate|boost\n|-unboost|p1a: Garchomp|atk|1\n|move|p1a: Garchomp|Substitute|p1a: Garchomp\n|-start|p1a: Garchomp|Substitute\n|-damage|p1a: Garchomp|51\/100\n|\n|upkeep\n|turn|4\n|\n|t:|1699679617\n|move|p1a: Garchomp|Swords Dance|p1a: Garchomp\n|-boost|p1a: Garchomp|atk|2\n|move|p2a: Landorus|Stealth Rock|p1a: Garchomp\n|-sidestart|p1: ooMIZUHASUoo|move: Stealth Rock\n|\n|upkeep\n|turn|5\n|\n|t:|1699679623\n|move|p1a: Garchomp|Earthquake|p2a: Landorus\n|-immune|p2a: Landorus\n|move|p2a: Landorus|Earthquake|p1a: Garchomp\n|-end|p1a: Garchomp|Substitute\n|\n|upkeep\n|turn|6\n|\n|t:|1699679631\n|move|p1a: Garchomp|Scale Shot|p2a: Landorus\n|-damage|p2a: Landorus|86\/100\n|-damage|p2a: Landorus|70\/100\n|-damage|p2a: Landorus|54\/100\n|-damage|p2a: Landorus|40\/100\n|-damage|p2a: Landorus|25\/100\n|-hitcount|p2a: Landorus|5\n|-unboost|p1a: Garchomp|def|1\n|-boost|p1a: Garchomp|spe|1\n|move|p2a: Landorus|U-turn|p1a: Garchomp\n|-damage|p1a: Garchomp|18\/100\n|-damage|p2a: Landorus|13\/100|[from] ability: Rough Skin|[of] p1a: Garchomp\n|\n|t:|1699679646\n|switch|p2a: Slowbro|Slowbro, F|100\/100|[from] U-turn\n|\n|upkeep\n|turn|7\n|c|\u2606ooMIZUHASUoo|byd\u4f60\u592a\u719f\u6089\u6211\u7684\u98ce\u683c\u4e86\n|\n|t:|1699679657\n|move|p1a: Garchomp|Earthquake|p2a: Slowbro\n|-damage|p2a: Slowbro|39\/100\n|move|p2a: Slowbro|Surf|p1a: Garchomp\n|-damage|p1a: Garchomp|0 fnt\n|faint|p1a: Garchomp\n|\n|upkeep\n|\n|t:|1699679670\n|switch|p1a: Ogerpon|Ogerpon-Wellspring, F|100\/100\n|-damage|p1a: Ogerpon|88\/100|[from] Stealth Rock\n|turn|8\n|c|\u2606snivy ye \u53f6\u86c7|\u4f60\u8fd9\u961f\u4f24\u5bb3\u5dee\u8fdc\u4e86\n|\n|t:|1699679675\n|switch|p2a: Landorus|Landorus-Therian, M|13\/100\n|-ability|p2a: Landorus|Intimidate|boost\n|-unboost|p1a: Ogerpon|atk|1\n|move|p1a: Ogerpon|Horn Leech|p2a: Landorus\n|-damage|p2a: Landorus|0 fnt\n|-heal|p1a: Ogerpon|96\/100|[from] drain|[of] p2a: Landorus\n|-damage|p1a: Ogerpon|80\/100|[from] item: Rocky Helmet|[of] p2a: Landorus\n|faint|p2a: Landorus\n|\n|upkeep\n|c|\u2606ooMIZUHASUoo|\u633a\u5f3a\u7684\u554a\n|\n|t:|1699679687\n|switch|p2a: Arcanine|Arcanine-Hisui, M|100\/100\n|turn|9\n|\n|t:|1699679697\n|-terastallize|p2a: Arcanine|Normal\n|move|p1a: Ogerpon|Ivy Cudgel|p2a: Arcanine\n|-damage|p2a: Arcanine|51\/100\n|move|p2a: Arcanine|Head Smash|p1a: Ogerpon\n|-damage|p1a: Ogerpon|0 fnt\n|faint|p1a: Ogerpon\n|\n|upkeep\n|c|\u2606snivy ye \u53f6\u86c7|\u8fd9\u624d\u53eb\u4f24\u5bb3\n|\n|t:|1699679715\n|switch|p1a: Urshifu|Urshifu-Rapid-Strike, F|100\/100\n|-damage|p1a: Urshifu|94\/100|[from] Stealth Rock\n|turn|10\n|\n|t:|1699679720\n|switch|p2a: Slowbro|Slowbro, F|72\/100\n|move|p1a: Urshifu|Surging Strikes|p2a: Slowbro\n|-resisted|p2a: Slowbro\n|-crit|p2a: Slowbro\n|-damage|p2a: Slowbro|64\/100\n|-resisted|p2a: Slowbro\n|-crit|p2a: Slowbro\n|-damage|p2a: Slowbro|55\/100\n|-resisted|p2a: Slowbro\n|-crit|p2a: Slowbro\n|-damage|p2a: Slowbro|47\/100\n|-hitcount|p2a: Slowbro|3\n|\n|upkeep\n|turn|11\n|\n|t:|1699679731\n|switch|p1a: Pelipper|Pelipper, F|100\/100\n|-damage|p1a: Pelipper|76\/100|[from] Stealth Rock\n|-weather|RainDance|[from] ability: Drizzle|[of] p1a: Pelipper\n|move|p2a: Slowbro|Teleport|p2a: Slowbro\n|\n|t:|1699679737\n|switch|p2a: Arcanine|Arcanine-Hisui, M, tera:Normal|51\/100|[from] Teleport\n|\n|-weather|RainDance|[upkeep]\n|upkeep\n|turn|12\n|\n|t:|1699679745\n|-terastallize|p1a: Pelipper|Ground\n|move|p2a: Arcanine|Head Smash|p1a: Pelipper\n|-resisted|p1a: Pelipper\n|-damage|p1a: Pelipper|28\/100\n|move|p1a: Pelipper|Hurricane|p2a: Arcanine\n|-damage|p2a: Arcanine|9\/100\n|\n|-weather|RainDance|[upkeep]\n|upkeep\n|turn|13\n|\n|t:|1699679755\n|move|p2a: Arcanine|Head Smash|p1a: Pelipper\n|-resisted|p1a: Pelipper\n|-damage|p1a: Pelipper|0 fnt\n|faint|p1a: Pelipper\n|\n|-weather|RainDance|[upkeep]\n|upkeep\n|\n|t:|1699679762\n|switch|p1a: Scizor|Scizor, F, shiny|100\/100\n|-damage|p1a: Scizor|88\/100|[from] Stealth Rock\n|turn|14\n|c|\u2606snivy ye \u53f6\u86c7|\u8981\u4e0d\u8981\u8ba9\u6211\u9524\u4e00\u4e0b\u770b\u770b\u4f24\u5bb3\n|\n|t:|1699679781\n|detailschange|p1a: Scizor|Scizor-Mega, F, shiny\n|-mega|p1a: Scizor|Scizor|Scizorite\n|move|p1a: Scizor|Bullet Punch|p2a: Arcanine\n|-damage|p2a: Arcanine|0 fnt\n|faint|p2a: Arcanine\n|\n|-weather|RainDance|[upkeep]\n|upkeep\n|\n|t:|1699679788\n|switch|p2a: Slowbro|Slowbro, F|80\/100\n|turn|15\n|\n|t:|1699679797\n|move|p1a: Scizor|U-turn|p2a: Slowbro\n|-supereffective|p2a: Slowbro\n|-damage|p2a: Slowbro|3\/100\n|\n|t:|1699679800\n|switch|p1a: Urshifu|Urshifu-Rapid-Strike, F|94\/100|[from] U-turn\n|-damage|p1a: Urshifu|88\/100|[from] Stealth Rock\n|move|p2a: Slowbro|Surf|p1a: Urshifu\n|-resisted|p1a: Urshifu\n|-damage|p1a: Urshifu|20\/100\n|\n|-weather|RainDance|[upkeep]\n|upkeep\n|turn|16\n|\n|t:|1699679809\n|switch|p2a: Corviknight|Corviknight, M|100\/100\n|move|p1a: Urshifu|Surging Strikes|p2a: Corviknight\n|-crit|p2a: Corviknight\n|-damage|p2a: Corviknight|82\/100\n|-damage|p1a: Urshifu|3\/100|[from] item: Rocky Helmet|[of] p2a: Corviknight\n|-crit|p2a: Corviknight\n|-damage|p2a: Corviknight|63\/100\n|-damage|p1a: Urshifu|0 fnt|[from] item: Rocky Helmet|[of] p2a: Corviknight\n|faint|p1a: Urshifu\n|-hitcount|p2a: Corviknight|2\n|\n|-weather|RainDance|[upkeep]\n|upkeep\n|\n|t:|1699679815\n|switch|p1a: Scizor|Scizor-Mega, F, shiny|88\/100\n|-damage|p1a: Scizor|75\/100|[from] Stealth Rock\n|turn|17\n|\n|t:|1699679823\n|switch|p2a: Tapu Koko|Tapu Koko|100\/100\n|-fieldstart|move: Electric Terrain|[from] ability: Electric Surge|[of] p2a: Tapu Koko\n|move|p1a: Scizor|Swords Dance|p1a: Scizor\n|-boost|p1a: Scizor|atk|2\n|\n|-weather|RainDance|[upkeep]\n|upkeep\n|turn|18\n|\n|t:|1699679831\n|move|p1a: Scizor|Bullet Punch|p2a: Tapu Koko\n|-damage|p2a: Tapu Koko|0 fnt\n|faint|p2a: Tapu Koko\n|\n|-weather|none\n|upkeep\n|\n|t:|1699679835\n|switch|p2a: Slowbro|Slowbro, F|36\/100\n|turn|19\n|\n|t:|1699679840\n|switch|p2a: Corviknight|Corviknight, M|63\/100\n|move|p1a: Scizor|U-turn|p2a: Corviknight\n|-resisted|p2a: Corviknight\n|-damage|p2a: Corviknight|50\/100\n|-damage|p1a: Scizor|59\/100|[from] item: Rocky Helmet|[of] p2a: Corviknight\n|\n|upkeep\n|turn|20\n|\n|t:|1699679847\n|move|p1a: Scizor|Swords Dance|p1a: Scizor\n|-boost|p1a: Scizor|atk|2\n|move|p2a: Corviknight|Body Press|p1a: Scizor\n|-damage|p1a: Scizor|39\/100\n|\n|upkeep\n|turn|21\n|\n|t:|1699679853\n|move|p1a: Scizor|Close Combat|p2a: Corviknight\n|-damage|p2a: Corviknight|0 fnt\n|-unboost|p1a: Scizor|def|1\n|-unboost|p1a: Scizor|spd|1\n|-damage|p1a: Scizor|23\/100|[from] item: Rocky Helmet|[of] p2a: Corviknight\n|faint|p2a: Corviknight\n|\n|-fieldend|move: Electric Terrain\n|upkeep\n|\n|t:|1699679860\n|switch|p2a: Slowbro|Slowbro, F|69\/100\n|turn|22\n|c|\u2606ooMIZUHASUoo|\u87b3\u8782\u592a\u5e05\u4e86\n|c|\u2606ooMIZUHASUoo|\u53ef\u9760\u7684\u80cc\u5f71\n|-message|snivy ye \u53f6\u86c7 forfeited.\n|\n|win|ooMIZUHASUoo\n|l|\u2606snivy ye \u53f6\u86c7\n","uploadtime":1699679881,"views":9,"p1id":"oomizuhasuoo","p2id":"snivyye","formatid":"gen9nationaldex","rating":0,"private":0,"password":""}