{"id":"gen9nationaldex-1995826104","p1":"daniel241595","p2":"TheStroker","format":"[Gen 9] National Dex","log":"|html|<div class=\"broadcast-blue\"><strong>[Gen 9] National Dex is currently suspecting Sneasler! For information on how to participate check out the <a href=\"https:\/\/www.smogon.com\/forums\/threads\/sv-national-dex-suspect-8-just-dance.3731534\/\">suspect thread<\/a>.<\/strong><\/div>\n|j|\u2606daniel241595\n|j|\u2606TheStroker\n|t:|1700606944\n|gametype|singles\n|player|p1|daniel241595|266|1477\n|player|p2|TheStroker|janitor|1559\n|teamsize|p1|6\n|teamsize|p2|6\n|gen|9\n|tier|[Gen 9] National Dex\n|rated|\n|rule|HP Percentage Mod: HP is shown in percentages\n|rule|Endless Battle Clause: Forcing endless battles is banned\n|rule|OHKO Clause: OHKO moves are banned\n|rule|Evasion Clause: Evasion abilities, items, and moves are banned\n|rule|Evasion Abilities Clause: Evasion abilities are banned\n|rule|Evasion Items Clause: Evasion items are banned\n|rule|Evasion Moves Clause: Evasion moves are banned\n|rule|Species Clause: Limit one of each Pok\u00e9mon\n|rule|Sleep Clause Mod: Limit one foe put to sleep\n|clearpoke\n|poke|p1|Arcanine, M|\n|poke|p1|Flygon, F|\n|poke|p1|Empoleon, M|\n|poke|p1|Eelektross, F|\n|poke|p1|Florges, F|\n|poke|p1|Kleavor, M|\n|poke|p2|Skeledirge, M|\n|poke|p2|Ditto|\n|poke|p2|Zangoose, F|\n|poke|p2|Mightyena, M|\n|poke|p2|Landorus-Therian, M|\n|poke|p2|Sneasler, M|\n|teampreview\n|inactive|Battle timer is ON: inactive players will automatically lose when time's up. (requested by daniel241595)\n|l|\u2606TheStroker\n|inactive|TheStroker disconnected and has a minute to reconnect!\n|player|p2|\n|j|\u2606TheStroker\n|inactive|TheStroker reconnected and has 125 seconds left.\n|player|p2|TheStroker|janitor\n|inactive|TheStroker has 120 seconds left.\n|j| kung fu pokechu\n|\n|t:|1700607008\n|start\n|switch|p1a: Kleavor|Kleavor, M|100\/100\n|switch|p2a: Rather mighty|Mightyena, M|100\/100\n|-ability|p2a: Rather mighty|Intimidate|boost\n|-unboost|p1a: Kleavor|atk|1\n|turn|1\n|\n|t:|1700607013\n|move|p1a: Kleavor|U-turn|p2a: Rather mighty\n|-supereffective|p2a: Rather mighty\n|-damage|p2a: Rather mighty|14\/100\n|\n|t:|1700607019\n|switch|p1a: Empoleon|Empoleon, M|100\/100|[from] U-turn\n|move|p2a: Rather mighty|Counter|p1a: Empoleon\n|-damage|p1a: Empoleon|0 fnt\n|faint|p1a: Empoleon\n|\n|upkeep\n|\n|t:|1700607026\n|switch|p1a: Kleavor|Kleavor, M|100\/100\n|turn|2\n|\n|t:|1700607034\n|move|p1a: Kleavor|Stone Axe|p2a: Rather mighty\n|-damage|p2a: Rather mighty|0 fnt\n|-sidestart|p2: TheStroker|move: Stealth Rock\n|faint|p2a: Rather mighty\n|\n|upkeep\n|\n|t:|1700607049\n|switch|p2a: oooooooooooooo|Landorus-Therian, M|100\/100\n|-damage|p2a: oooooooooooooo|88\/100|[from] Stealth Rock\n|-ability|p2a: oooooooooooooo|Intimidate|boost\n|-unboost|p1a: Kleavor|atk|1\n|turn|3\n|\n|t:|1700607052\n|switch|p1a: Eelektross|Eelektross, F|100\/100\n|move|p2a: oooooooooooooo|Substitute|p2a: oooooooooooooo\n|-start|p2a: oooooooooooooo|Substitute\n|-damage|p2a: oooooooooooooo|63\/100\n|\n|-heal|p2a: oooooooooooooo|69\/100|[from] item: Leftovers\n|upkeep\n|turn|4\n|\n|t:|1700607060\n|move|p2a: oooooooooooooo|Bulk Up|p2a: oooooooooooooo\n|-boost|p2a: oooooooooooooo|atk|1\n|-boost|p2a: oooooooooooooo|def|1\n|move|p1a: Eelektross|Giga Drain|p2a: oooooooooooooo\n|-end|p2a: oooooooooooooo|Substitute\n|\n|-heal|p2a: oooooooooooooo|75\/100|[from] item: Leftovers\n|upkeep\n|turn|5\n|\n|t:|1700607070\n|move|p2a: oooooooooooooo|Knock Off|p1a: Eelektross\n|-damage|p1a: Eelektross|53\/100\n|-enditem|p1a: Eelektross|Assault Vest|[from] move: Knock Off|[of] p2a: oooooooooooooo\n|move|p1a: Eelektross|Dragon Tail|p2a: oooooooooooooo\n|-damage|p2a: oooooooooooooo|65\/100\n|drag|p2a: Not edited|Ditto|100\/100\n|-damage|p2a: Not edited|88\/100|[from] Stealth Rock\n|-transform|p2a: Not edited|p1a: Eelektross|[from] ability: Imposter\n|\n|upkeep\n|turn|6\n|inactive|TheStroker has 120 seconds left.\n|\n|t:|1700607107\n|move|p1a: Eelektross|Volt Switch|p2a: Not edited\n|-resisted|p2a: Not edited\n|-damage|p2a: Not edited|65\/100\n|\n|t:|1700607111\n|switch|p1a: Florges|Florges, F|100\/100|[from] Volt Switch\n|move|p2a: Not edited|Dragon Tail|p1a: Florges\n|-immune|p1a: Florges\n|\n|upkeep\n|turn|7\n|\n|t:|1700607116\n|switch|p2a: Not flamboyant|Skeledirge, M|100\/100\n|move|p1a: Florges|Wish|p1a: Florges\n|\n|upkeep\n|turn|8\n|\n|t:|1700607128\n|switch|p1a: Eelektross|Eelektross, F|53\/100\n|move|p2a: Not flamboyant|Will-O-Wisp|p1a: Eelektross\n|-status|p1a: Eelektross|brn\n|\n|-heal|p1a: Eelektross|100\/100 brn|[from] move: Wish|[wisher] Florges\n|-damage|p1a: Eelektross|94\/100 brn|[from] brn\n|upkeep\n|turn|9\n|\n|t:|1700607135\n|move|p2a: Not flamboyant|Torch Song|p1a: Eelektross\n|-damage|p1a: Eelektross|59\/100 brn\n|-boost|p2a: Not flamboyant|spa|1\n|move|p1a: Eelektross|Volt Switch|p2a: Not flamboyant\n|-damage|p2a: Not flamboyant|65\/100\n|\n|t:|1700607137\n|switch|p1a: Kleavor|Kleavor, M|100\/100|[from] Volt Switch\n|\n|upkeep\n|turn|10\n|\n|t:|1700607146\n|-terastallize|p2a: Not flamboyant|Water\n|move|p1a: Kleavor|Stone Axe|p2a: Not flamboyant\n|-damage|p2a: Not flamboyant|34\/100\n|move|p2a: Not flamboyant|Will-O-Wisp|p1a: Kleavor\n|-status|p1a: Kleavor|brn\n|\n|-damage|p1a: Kleavor|94\/100 brn|[from] brn\n|upkeep\n|turn|11\n|inactive|daniel241595 has 120 seconds left.\n|\n|t:|1700607176\n|switch|p1a: Florges|Florges, F|100\/100\n|move|p2a: Not flamboyant|Slack Off|p2a: Not flamboyant\n|-heal|p2a: Not flamboyant|84\/100\n|\n|upkeep\n|turn|12\n|\n|t:|1700607182\n|move|p1a: Florges|Aromatherapy|p1a: Florges\n|-activate|p1a: Florges|move: Aromatherapy\n|-curestatus|p1: Eelektross|brn|[msg]\n|-curestatus|p1: Kleavor|brn|[msg]\n|move|p2a: Not flamboyant|Will-O-Wisp|p1a: Florges\n|-status|p1a: Florges|brn\n|\n|-damage|p1a: Florges|94\/100 brn|[from] brn\n|upkeep\n|turn|13\n|\n|t:|1700607188\n|move|p1a: Florges|Moonblast|p2a: Not flamboyant\n|-damage|p2a: Not flamboyant|46\/100\n|-unboost|p2a: Not flamboyant|spa|1\n|move|p2a: Not flamboyant|Torch Song|p1a: Florges\n|-damage|p1a: Florges|75\/100 brn\n|-boost|p2a: Not flamboyant|spa|1\n|\n|-heal|p1a: Florges|81\/100 brn|[from] item: Leftovers\n|-damage|p1a: Florges|75\/100 brn|[from] brn\n|upkeep\n|turn|14\n|\n|t:|1700607193\n|move|p1a: Florges|Moonblast|p2a: Not flamboyant\n|-damage|p2a: Not flamboyant|11\/100\n|-unboost|p2a: Not flamboyant|spa|1\n|move|p2a: Not flamboyant|Slack Off|p2a: Not flamboyant\n|-heal|p2a: Not flamboyant|61\/100\n|\n|-heal|p1a: Florges|81\/100 brn|[from] item: Leftovers\n|-damage|p1a: Florges|75\/100 brn|[from] brn\n|upkeep\n|turn|15\n|\n|t:|1700607196\n|move|p1a: Florges|Moonblast|p2a: Not flamboyant\n|-damage|p2a: Not flamboyant|23\/100\n|move|p2a: Not flamboyant|Slack Off|p2a: Not flamboyant\n|-heal|p2a: Not flamboyant|73\/100\n|\n|-heal|p1a: Florges|81\/100 brn|[from] item: Leftovers\n|-damage|p1a: Florges|75\/100 brn|[from] brn\n|upkeep\n|turn|16\n|\n|t:|1700607199\n|move|p1a: Florges|Moonblast|p2a: Not flamboyant\n|-damage|p2a: Not flamboyant|35\/100\n|move|p2a: Not flamboyant|Slack Off|p2a: Not flamboyant\n|-heal|p2a: Not flamboyant|85\/100\n|\n|-heal|p1a: Florges|81\/100 brn|[from] item: Leftovers\n|-damage|p1a: Florges|75\/100 brn|[from] brn\n|upkeep\n|turn|17\n|j| 5cat\n|\n|t:|1700607212\n|move|p1a: Florges|Aromatherapy|p1a: Florges\n|-activate|p1a: Florges|move: Aromatherapy\n|-curestatus|p1a: Florges|brn|[msg]\n|move|p2a: Not flamboyant|Slack Off|p2a: Not flamboyant\n|-heal|p2a: Not flamboyant|100\/100\n|\n|-heal|p1a: Florges|81\/100|[from] item: Leftovers\n|upkeep\n|turn|18\n|\n|t:|1700607217\n|move|p1a: Florges|Moonblast|p2a: Not flamboyant\n|-damage|p2a: Not flamboyant|66\/100\n|move|p2a: Not flamboyant|Torch Song|p1a: Florges\n|-damage|p1a: Florges|63\/100\n|-boost|p2a: Not flamboyant|spa|1\n|\n|-heal|p1a: Florges|69\/100|[from] item: Leftovers\n|upkeep\n|turn|19\n|\n|t:|1700607224\n|move|p1a: Florges|Moonblast|p2a: Not flamboyant\n|-damage|p2a: Not flamboyant|28\/100\n|-unboost|p2a: Not flamboyant|spa|1\n|move|p2a: Not flamboyant|Slack Off|p2a: Not flamboyant\n|-heal|p2a: Not flamboyant|78\/100\n|\n|-heal|p1a: Florges|75\/100|[from] item: Leftovers\n|upkeep\n|turn|20\n|\n|t:|1700607231\n|move|p1a: Florges|Moonblast|p2a: Not flamboyant\n|-damage|p2a: Not flamboyant|40\/100\n|-unboost|p2a: Not flamboyant|spa|1\n|move|p2a: Not flamboyant|Will-O-Wisp|p1a: Florges\n|-status|p1a: Florges|brn\n|\n|-heal|p1a: Florges|81\/100 brn|[from] item: Leftovers\n|-damage|p1a: Florges|75\/100 brn|[from] brn\n|upkeep\n|turn|21\n|\n|t:|1700607237\n|move|p1a: Florges|Moonblast|p2a: Not flamboyant\n|-damage|p2a: Not flamboyant|1\/100\n|-unboost|p2a: Not flamboyant|spa|1\n|move|p2a: Not flamboyant|Slack Off|p2a: Not flamboyant\n|-heal|p2a: Not flamboyant|52\/100\n|\n|-heal|p1a: Florges|81\/100 brn|[from] item: Leftovers\n|-damage|p1a: Florges|75\/100 brn|[from] brn\n|upkeep\n|turn|22\n|\n|t:|1700607243\n|switch|p2a: Not edited|Ditto|65\/100\n|-damage|p2a: Not edited|53\/100|[from] Stealth Rock\n|-transform|p2a: Not edited|p1a: Florges|[from] ability: Imposter\n|move|p1a: Florges|Moonblast|p2a: Not edited\n|-damage|p2a: Not edited|24\/100\n|-unboost|p2a: Not edited|spa|1\n|\n|-heal|p1a: Florges|81\/100 brn|[from] item: Leftovers\n|-damage|p1a: Florges|75\/100 brn|[from] brn\n|upkeep\n|turn|23\n|\n|t:|1700607255\n|move|p2a: Not edited|Synthesis|p2a: Not edited\n|-heal|p2a: Not edited|74\/100\n|move|p1a: Florges|Wish|p1a: Florges\n|\n|-heal|p1a: Florges|81\/100 brn|[from] item: Leftovers\n|-damage|p1a: Florges|75\/100 brn|[from] brn\n|upkeep\n|turn|24\n|\n|t:|1700607263\n|switch|p2a: Not flamboyant|Skeledirge, M, tera:Water|52\/100\n|switch|p1a: Eelektross|Eelektross, F|59\/100\n|\n|-heal|p1a: Eelektross|100\/100|[from] move: Wish|[wisher] Florges\n|upkeep\n|turn|25\n|\n|t:|1700607268\n|switch|p2a: oooooooooooooo|Landorus-Therian, M|65\/100\n|-damage|p2a: oooooooooooooo|52\/100|[from] Stealth Rock\n|-ability|p2a: oooooooooooooo|Intimidate|boost\n|-unboost|p1a: Eelektross|atk|1\n|move|p1a: Eelektross|Volt Switch|p2a: oooooooooooooo\n|-immune|p2a: oooooooooooooo\n|\n|-heal|p2a: oooooooooooooo|58\/100|[from] item: Leftovers\n|upkeep\n|turn|26\n|\n|t:|1700607273\n|move|p2a: oooooooooooooo|Substitute|p2a: oooooooooooooo\n|-start|p2a: oooooooooooooo|Substitute\n|-damage|p2a: oooooooooooooo|33\/100\n|move|p1a: Eelektross|Giga Drain|p2a: oooooooooooooo\n|-end|p2a: oooooooooooooo|Substitute\n|\n|-heal|p2a: oooooooooooooo|40\/100|[from] item: Leftovers\n|upkeep\n|turn|27\n|\n|t:|1700607277\n|move|p2a: oooooooooooooo|Knock Off|p1a: Eelektross\n|-damage|p1a: Eelektross|76\/100\n|move|p1a: Eelektross|Giga Drain|p2a: oooooooooooooo\n|-damage|p2a: oooooooooooooo|12\/100\n|-heal|p1a: Eelektross|90\/100|[from] drain|[of] p2a: oooooooooooooo\n|\n|-heal|p2a: oooooooooooooo|18\/100|[from] item: Leftovers\n|upkeep\n|turn|28\n|\n|t:|1700607290\n|switch|p2a: Zangn\u00f3\u00f3b|Zangoose, F|100\/100\n|-damage|p2a: Zangn\u00f3\u00f3b|88\/100|[from] Stealth Rock\n|move|p1a: Eelektross|Dragon Tail|p2a: Zangn\u00f3\u00f3b\n|-damage|p2a: Zangn\u00f3\u00f3b|70\/100\n|drag|p2a: cancer noob luck|Sneasler, M|100\/100\n|-damage|p2a: cancer noob luck|95\/100|[from] Stealth Rock\n|-item|p2a: cancer noob luck|Air Balloon\n|\n|upkeep\n|turn|29\n|\n|t:|1700607295\n|move|p2a: cancer noob luck|Dire Claw|p1a: Eelektross\n|-damage|p1a: Eelektross|43\/100\n|-status|p1a: Eelektross|psn\n|move|p1a: Eelektross|Volt Switch|p2a: cancer noob luck\n|-damage|p2a: cancer noob luck|45\/100\n|-enditem|p2a: cancer noob luck|Air Balloon\n|\n|t:|1700607313\n|switch|p1a: Arcanine|Arcanine, M, shiny|100\/100|[from] Volt Switch\n|-ability|p1a: Arcanine|Intimidate|boost\n|-unboost|p2a: cancer noob luck|atk|1\n|\n|upkeep\n|turn|30\n|\n|t:|1700607322\n|move|p1a: Arcanine|Extreme Speed|p2a: cancer noob luck\n|-damage|p2a: cancer noob luck|0 fnt\n|faint|p2a: cancer noob luck\n|\n|upkeep\n|\n|t:|1700607335\n|switch|p2a: Zangn\u00f3\u00f3b|Zangoose, F|70\/100\n|-damage|p2a: Zangn\u00f3\u00f3b|58\/100|[from] Stealth Rock\n|turn|31\n|\n|t:|1700607340\n|-terastallize|p1a: Arcanine|Normal\n|move|p2a: Zangn\u00f3\u00f3b|Protect|p2a: Zangn\u00f3\u00f3b\n|-singleturn|p2a: Zangn\u00f3\u00f3b|Protect\n|move|p1a: Arcanine|Extreme Speed|p2a: Zangn\u00f3\u00f3b\n|-activate|p2a: Zangn\u00f3\u00f3b|move: Protect\n|\n|-status|p2a: Zangn\u00f3\u00f3b|tox|[from] item: Toxic Orb\n|upkeep\n|turn|32\n|\n|t:|1700607346\n|move|p1a: Arcanine|Extreme Speed|p2a: Zangn\u00f3\u00f3b\n|-crit|p2a: Zangn\u00f3\u00f3b\n|-damage|p2a: Zangn\u00f3\u00f3b|0 fnt\n|faint|p2a: Zangn\u00f3\u00f3b\n|\n|upkeep\n|\n|t:|1700607352\n|switch|p2a: oooooooooooooo|Landorus-Therian, M|18\/100\n|-damage|p2a: oooooooooooooo|5\/100|[from] Stealth Rock\n|-ability|p2a: oooooooooooooo|Intimidate|boost\n|-unboost|p1a: Arcanine|atk|1\n|turn|33\n|\n|t:|1700607380\n|switch|p1a: Kleavor|Kleavor, M|94\/100\n|move|p2a: oooooooooooooo|Earthquake|p1a: Kleavor\n|-damage|p1a: Kleavor|35\/100\n|\n|-heal|p2a: oooooooooooooo|11\/100|[from] item: Leftovers\n|upkeep\n|turn|34\n|\n|t:|1700607388\n|move|p1a: Kleavor|U-turn|p2a: oooooooooooooo\n|-resisted|p2a: oooooooooooooo\n|-damage|p2a: oooooooooooooo|0 fnt\n|faint|p2a: oooooooooooooo\n|\n|t:|1700607390\n|switch|p1a: Florges|Florges, F|75\/100 brn|[from] U-turn\n|\n|-heal|p1a: Florges|81\/100 brn|[from] item: Leftovers\n|-damage|p1a: Florges|75\/100 brn|[from] brn\n|upkeep\n|\n|t:|1700607395\n|switch|p2a: Not edited|Ditto|74\/100\n|-damage|p2a: Not edited|61\/100|[from] Stealth Rock\n|-transform|p2a: Not edited|p1a: Florges|[from] ability: Imposter\n|turn|35\n|\n|t:|1700607409\n|move|p2a: Not edited|Moonblast|p1a: Florges\n|-damage|p1a: Florges|54\/100 brn\n|move|p1a: Florges|Wish|p1a: Florges\n|\n|-heal|p1a: Florges|60\/100 brn|[from] item: Leftovers\n|-damage|p1a: Florges|54\/100 brn|[from] brn\n|upkeep\n|turn|36\n|\n|t:|1700607423\n|move|p2a: Not edited|Moonblast|p1a: Florges\n|-damage|p1a: Florges|28\/100 brn\n|move|p1a: Florges|Aromatherapy|p1a: Florges\n|-activate|p1a: Florges|move: Aromatherapy\n|-curestatus|p1a: Florges|brn|[msg]\n|-curestatus|p1: Eelektross|psn|[msg]\n|\n|-heal|p1a: Florges|78\/100|[from] move: Wish|[wisher] Florges\n|-heal|p1a: Florges|84\/100|[from] item: Leftovers\n|upkeep\n|turn|37\n|\n|t:|1700607427\n|move|p2a: Not edited|Moonblast|p1a: Florges\n|-damage|p1a: Florges|62\/100\n|move|p1a: Florges|Wish|p1a: Florges\n|\n|-heal|p1a: Florges|68\/100|[from] item: Leftovers\n|upkeep\n|turn|38\n|\n|t:|1700607429\n|switch|p1a: Eelektross|Eelektross, F|43\/100\n|move|p2a: Not edited|Moonblast|p1a: Eelektross\n|-damage|p1a: Eelektross|6\/100\n|-unboost|p1a: Eelektross|spa|1\n|\n|-heal|p1a: Eelektross|54\/100|[from] move: Wish|[wisher] Florges\n|upkeep\n|turn|39\n|\n|t:|1700607434\n|move|p2a: Not edited|Moonblast|p1a: Eelektross\n|-damage|p1a: Eelektross|14\/100\n|-unboost|p1a: Eelektross|spa|1\n|move|p1a: Eelektross|Volt Switch|p2a: Not edited\n|-damage|p2a: Not edited|48\/100\n|\n|t:|1700607456\n|switch|p1a: Florges|Florges, F|68\/100|[from] Volt Switch\n|\n|-heal|p1a: Florges|74\/100|[from] item: Leftovers\n|upkeep\n|turn|40\n|\n|t:|1700607462\n|-activate|p2a: Not edited|move: Struggle\n|move|p2a: Not edited|Struggle|p1a: Florges\n|-damage|p1a: Florges|69\/100\n|-damage|p2a: Not edited|23\/100|[from] recoil\n|move|p1a: Florges|Moonblast|p2a: Not edited\n|-damage|p2a: Not edited|0 fnt\n|faint|p2a: Not edited\n|\n|-heal|p1a: Florges|75\/100|[from] item: Leftovers\n|upkeep\n|\n|t:|1700607465\n|switch|p2a: Not flamboyant|Skeledirge, M, tera:Water|52\/100\n|turn|41\n|\n|t:|1700607468\n|move|p1a: Florges|Moonblast|p2a: Not flamboyant\n|-damage|p2a: Not flamboyant|14\/100\n|-unboost|p2a: Not flamboyant|spa|1\n|move|p2a: Not flamboyant|Torch Song|p1a: Florges\n|-damage|p1a: Florges|62\/100\n|-boost|p2a: Not flamboyant|spa|1\n|\n|-heal|p1a: Florges|68\/100|[from] item: Leftovers\n|upkeep\n|turn|42\n|\n|t:|1700607471\n|move|p1a: Florges|Moonblast|p2a: Not flamboyant\n|-damage|p2a: Not flamboyant|0 fnt\n|faint|p2a: Not flamboyant\n|\n|win|daniel241595\n|raw|daniel241595's rating: 1477 &rarr; <strong>1502<\/strong><br \/>(+25 for winning)\n|raw|TheStroker's rating: 1559 &rarr; <strong>1534<\/strong><br \/>(-25 for losing)\n|l|\u2606daniel241595\n","uploadtime":1700607475,"views":5,"p1id":"daniel241595","p2id":"thestroker","formatid":"gen9nationaldex","rating":1502,"private":0,"password":""}