{"id":"gen9nationaldex-1990138653","p1":"mk244","p2":"bullssseye","format":"[Gen 9] National Dex","log":"|j|\u2606mk244\n|j|\u2606bullssseye\n|t:|1699928741\n|gametype|singles\n|player|p1|mk244|pokemaniac|1256\n|player|p2|bullssseye|firebreather|1298\n|teamsize|p1|6\n|teamsize|p2|6\n|gen|9\n|tier|[Gen 9] National Dex\n|rated|\n|rule|HP Percentage Mod: HP is shown in percentages\n|rule|Endless Battle Clause: Forcing endless battles is banned\n|rule|OHKO Clause: OHKO moves are banned\n|rule|Evasion Clause: Evasion abilities, items, and moves are banned\n|rule|Evasion Abilities Clause: Evasion abilities are banned\n|rule|Evasion Items Clause: Evasion items are banned\n|rule|Evasion Moves Clause: Evasion moves are banned\n|rule|Species Clause: Limit one of each Pok\u00e9mon\n|rule|Sleep Clause Mod: Limit one foe put to sleep\n|clearpoke\n|poke|p1|Iron Moth|\n|poke|p1|Garganacl, F|\n|poke|p1|Gliscor, F|\n|poke|p1|Alomomola, F|\n|poke|p1|Heatran, F|\n|poke|p1|Sneasler, F|\n|poke|p2|Urshifu-*, F|\n|poke|p2|Skeledirge, M|\n|poke|p2|Zapdos|\n|poke|p2|Clodsire, F|\n|poke|p2|Dragonite, M|\n|poke|p2|Banette, F|\n|teampreview\n|inactive|Battle timer is ON: inactive players will automatically lose when time's up. (requested by mk244)\n|j| Bayern72915\n|\n|t:|1699928756\n|start\n|switch|p1a: Garganacl|Garganacl, F|100\/100\n|switch|p2a: Banette|Banette, F|100\/100\n|turn|1\n|\n|t:|1699928765\n|detailschange|p2a: Banette|Banette-Mega, F\n|-mega|p2a: Banette|Banette|Banettite\n|move|p2a: Banette|Taunt|p1a: Garganacl\n|-start|p1a: Garganacl|move: Taunt\n|cant|p1a: Garganacl|move: Taunt|Stealth Rock\n|\n|upkeep\n|turn|2\n|\n|t:|1699928772\n|move|p2a: Banette|Swords Dance|p2a: Banette\n|-boost|p2a: Banette|atk|2\n|move|p1a: Garganacl|Salt Cure|p2a: Banette\n|-damage|p2a: Banette|82\/100\n|-start|p2a: Banette|Salt Cure\n|\n|-damage|p2a: Banette|70\/100|[from] Salt Cure\n|upkeep\n|turn|3\n|\n|t:|1699928790\n|switch|p2a: Urshifu|Urshifu-Rapid-Strike, F|100\/100\n|switch|p1a: Alomomola|Alomomola, F|100\/100\n|\n|upkeep\n|turn|4\n|\n|t:|1699928796\n|move|p2a: Urshifu|U-turn|p1a: Alomomola\n|-damage|p1a: Alomomola|87\/100\n|\n|t:|1699928800\n|switch|p2a: Zapdos|Zapdos|100\/100|[from] U-turn\n|move|p1a: Alomomola|Toxic|p2a: Zapdos\n|-status|p2a: Zapdos|tox\n|\n|-damage|p2a: Zapdos|94\/100 tox|[from] psn\n|upkeep\n|turn|5\n|\n|t:|1699928807\n|switch|p1a: Gliscor|Gliscor, F|100\/100\n|move|p2a: Zapdos|Volt Switch|p1a: Gliscor\n|-immune|p1a: Gliscor\n|\n|-damage|p2a: Zapdos|82\/100 tox|[from] psn\n|-status|p1a: Gliscor|tox|[from] item: Toxic Orb\n|upkeep\n|turn|6\n|\n|t:|1699928820\n|switch|p2a: Urshifu|Urshifu-Rapid-Strike, F|100\/100\n|move|p1a: Gliscor|Toxic|p2a: Urshifu\n|-status|p2a: Urshifu|tox\n|\n|-damage|p2a: Urshifu|94\/100 tox|[from] psn\n|upkeep\n|turn|7\n|\n|t:|1699928827\n|switch|p1a: Alomomola|Alomomola, F|100\/100\n|move|p2a: Urshifu|Ice Spinner|p1a: Alomomola\n|-resisted|p1a: Alomomola\n|-damage|p1a: Alomomola|93\/100\n|\n|-damage|p2a: Urshifu|82\/100 tox|[from] psn\n|upkeep\n|turn|8\n|\n|t:|1699928834\n|switch|p2a: Zapdos|Zapdos|82\/100 tox\n|move|p1a: Alomomola|Flip Turn|p2a: Zapdos\n|-damage|p2a: Zapdos|69\/100 tox\n|\n|t:|1699928841\n|switch|p1a: Gliscor|Gliscor, F|100\/100 tox|[from] Flip Turn\n|\n|-damage|p2a: Zapdos|63\/100 tox|[from] psn\n|upkeep\n|turn|9\n|\n|t:|1699928847\n|move|p2a: Zapdos|Hurricane|p1a: Gliscor|[miss]\n|-miss|p2a: Zapdos|p1a: Gliscor\n|move|p1a: Gliscor|Earthquake|p2a: Zapdos\n|-immune|p2a: Zapdos\n|\n|-damage|p2a: Zapdos|50\/100 tox|[from] psn\n|upkeep\n|turn|10\n|\n|t:|1699928852\n|move|p2a: Zapdos|Hurricane|p1a: Gliscor|[miss]\n|-miss|p2a: Zapdos|p1a: Gliscor\n|move|p1a: Gliscor|Earthquake|p2a: Zapdos\n|-immune|p2a: Zapdos\n|\n|-damage|p2a: Zapdos|32\/100 tox|[from] psn\n|upkeep\n|turn|11\n|\n|t:|1699928858\n|switch|p2a: Dragonite|Dragonite, M|100\/100\n|move|p1a: Gliscor|Toxic|p2a: Dragonite\n|-status|p2a: Dragonite|tox\n|\n|-damage|p2a: Dragonite|94\/100 tox|[from] psn\n|upkeep\n|turn|12\n|-message|bullssseye forfeited.\n|\n|win|mk244\n|raw|mk244's rating: 1256 &rarr; <strong>1284<\/strong><br \/>(+28 for winning)\n|raw|bullssseye's rating: 1298 &rarr; <strong>1270<\/strong><br \/>(-28 for losing)\n|l|\u2606bullssseye\n|l| Bayern72915\n","uploadtime":1699928873,"views":20,"p1id":"mk244","p2id":"bullssseye","formatid":"gen9nationaldex","rating":1270,"private":0,"password":""}