{"id":"gen9nationaldex-1999467041","p1":"midding","p2":"gobbyhappy1","format":"[Gen 9] National Dex","log":"|html|<div class=\"broadcast-blue\"><strong>[Gen 9] National Dex is currently suspecting Sneasler! For information on how to participate check out the <a href=\"https:\/\/www.smogon.com\/forums\/threads\/sv-national-dex-suspect-8-just-dance.3731534\/\">suspect thread<\/a>.<\/strong><\/div>\n|j|\u2606midding\n|j|\u2606gobbyhappy1\n|t:|1701084988\n|gametype|singles\n|player|p1|midding|emmet|1559\n|player|p2|gobbyhappy1|265|1523\n|teamsize|p1|6\n|teamsize|p2|6\n|gen|9\n|tier|[Gen 9] National Dex\n|rated|\n|rule|HP Percentage Mod: HP is shown in percentages\n|rule|Endless Battle Clause: Forcing endless battles is banned\n|rule|OHKO Clause: OHKO moves are banned\n|rule|Evasion Clause: Evasion abilities, items, and moves are banned\n|rule|Evasion Abilities Clause: Evasion abilities are banned\n|rule|Evasion Items Clause: Evasion items are banned\n|rule|Evasion Moves Clause: Evasion moves are banned\n|rule|Species Clause: Limit one of each Pok\u00e9mon\n|rule|Sleep Clause Mod: Limit one foe put to sleep\n|clearpoke\n|poke|p1|Hatterene, F|\n|poke|p1|Cresselia, F|\n|poke|p1|Porygon2|\n|poke|p1|Ursaluna, M|\n|poke|p1|Crawdaunt, M|\n|poke|p1|Camerupt, F|\n|poke|p2|Tapu Lele|\n|poke|p2|Alomomola, M|\n|poke|p2|Ogerpon-Wellspring, F|\n|poke|p2|Ferrothorn, F|\n|poke|p2|Hydreigon, F|\n|poke|p2|Lopunny, M|\n|teampreview\n|inactive|Battle timer is ON: inactive players will automatically lose when time's up. (requested by gobbyhappy1)\n|\n|t:|1701084996\n|start\n|switch|p1a: Hatterene|Hatterene, F, shiny|100\/100\n|switch|p2a: Lopunny|Lopunny, M|100\/100\n|turn|1\n|\n|t:|1701085003\n|detailschange|p2a: Lopunny|Lopunny-Mega, M\n|-mega|p2a: Lopunny|Lopunny|Lopunnite\n|move|p2a: Lopunny|Fake Out|p1a: Hatterene\n|-damage|p1a: Hatterene|75\/100\n|cant|p1a: Hatterene|flinch\n|\n|upkeep\n|turn|2\n|\n|t:|1701085017\n|move|p2a: Lopunny|Frustration|p1a: Hatterene\n|-damage|p1a: Hatterene|17\/100\n|move|p1a: Hatterene|Trick Room|p1a: Hatterene\n|-fieldstart|move: Trick Room|[of] p1a: Hatterene\n|\n|upkeep\n|turn|3\n|\n|t:|1701085026\n|switch|p2a: Ferrothorn|Ferrothorn, F|100\/100\n|move|p1a: Hatterene|Healing Wish|p1a: Hatterene\n|faint|p1a: Hatterene\n|\n|upkeep\n|\n|t:|1701085035\n|switch|p1a: Camerupt|Camerupt, F|100\/100\n|turn|4\n|\n|t:|1701085040\n|detailschange|p1a: Camerupt|Camerupt-Mega, F\n|-mega|p1a: Camerupt|Camerupt|Cameruptite\n|move|p2a: Ferrothorn|Protect|p2a: Ferrothorn\n|-singleturn|p2a: Ferrothorn|Protect\n|move|p1a: Camerupt|Fire Blast|p2a: Ferrothorn\n|-activate|p2a: Ferrothorn|move: Protect\n|\n|upkeep\n|turn|5\n|\n|t:|1701085049\n|switch|p2a: Hydreigon|Hydreigon, F|100\/100\n|move|p1a: Camerupt|Fire Blast|p2a: Hydreigon\n|-resisted|p2a: Hydreigon\n|-damage|p2a: Hydreigon|67\/100\n|\n|-heal|p2a: Hydreigon|73\/100|[from] item: Leftovers\n|upkeep\n|turn|6\n|\n|t:|1701085064\n|switch|p1a: Porygon2|Porygon2|100\/100\n|-ability|p1a: Porygon2|Download|boost\n|-boost|p1a: Porygon2|atk|1\n|move|p2a: Hydreigon|Dark Pulse|p1a: Porygon2\n|-damage|p1a: Porygon2|80\/100\n|\n|-heal|p2a: Hydreigon|79\/100|[from] item: Leftovers\n|-fieldend|move: Trick Room\n|upkeep\n|turn|7\n|\n|t:|1701085075\n|switch|p2a: Ferrothorn|Ferrothorn, F|100\/100\n|move|p1a: Porygon2|Trick Room|p1a: Porygon2\n|-fieldstart|move: Trick Room|[of] p1a: Porygon2\n|\n|upkeep\n|turn|8\n|\n|t:|1701085083\n|move|p2a: Ferrothorn|Leech Seed|p1a: Porygon2\n|-start|p1a: Porygon2|move: Leech Seed\n|move|p1a: Porygon2|Teleport|p1a: Porygon2\n|\n|t:|1701085089\n|switch|p1a: Ursaluna|Ursaluna, M|100\/100|[from] Teleport\n|\n|-status|p1a: Ursaluna|brn|[from] item: Flame Orb\n|upkeep\n|turn|9\n|\n|t:|1701085096\n|-terastallize|p2a: Ferrothorn|Ghost\n|move|p2a: Ferrothorn|Leech Seed|p1a: Ursaluna\n|-start|p1a: Ursaluna|move: Leech Seed\n|move|p1a: Ursaluna|Swords Dance|p1a: Ursaluna\n|-boost|p1a: Ursaluna|atk|2\n|\n|-damage|p1a: Ursaluna|88\/100 brn|[from] Leech Seed|[of] p2a: Ferrothorn\n|-damage|p1a: Ursaluna|82\/100 brn|[from] brn\n|upkeep\n|turn|10\n|j| Nomer16\n|\n|t:|1701085108\n|switch|p1a: Crawdaunt|Crawdaunt, M|100\/100\n|move|p2a: Ferrothorn|Stealth Rock|p1a: Crawdaunt\n|-sidestart|p1: midding|move: Stealth Rock\n|\n|upkeep\n|turn|11\n|\n|t:|1701085115\n|move|p2a: Ferrothorn|Protect|p2a: Ferrothorn\n|-singleturn|p2a: Ferrothorn|Protect\n|move|p1a: Crawdaunt|Knock Off|p2a: Ferrothorn\n|-activate|p2a: Ferrothorn|move: Protect\n|\n|-fieldend|move: Trick Room\n|upkeep\n|turn|12\n|\n|t:|1701085123\n|switch|p2a: Hydreigon|Hydreigon, F|79\/100\n|move|p1a: Crawdaunt|Knock Off|p2a: Hydreigon\n|-resisted|p2a: Hydreigon\n|-damage|p2a: Hydreigon|39\/100\n|-enditem|p2a: Hydreigon|Leftovers|[from] move: Knock Off|[of] p1a: Crawdaunt\n|-damage|p1a: Crawdaunt|90\/100|[from] item: Life Orb\n|\n|upkeep\n|turn|13\n|\n|t:|1701085132\n|move|p2a: Hydreigon|Roost|p2a: Hydreigon\n|-heal|p2a: Hydreigon|89\/100\n|-singleturn|p2a: Hydreigon|move: Roost\n|move|p1a: Crawdaunt|Crabhammer|p2a: Hydreigon\n|-resisted|p2a: Hydreigon\n|-damage|p2a: Hydreigon|47\/100\n|-damage|p1a: Crawdaunt|80\/100|[from] item: Life Orb\n|\n|upkeep\n|turn|14\n|\n|t:|1701085141\n|switch|p1a: Porygon2|Porygon2|80\/100\n|-heal|p1a: Porygon2|100\/100|[from] move: Healing Wish\n|-damage|p1a: Porygon2|88\/100|[from] Stealth Rock\n|-ability|p1a: Porygon2|Download|boost\n|-boost|p1a: Porygon2|atk|1\n|move|p2a: Hydreigon|Roost|p2a: Hydreigon\n|-heal|p2a: Hydreigon|97\/100\n|-singleturn|p2a: Hydreigon|move: Roost\n|\n|upkeep\n|turn|15\n|\n|t:|1701085152\n|switch|p2a: Alomomola|Alomomola, M|100\/100\n|move|p1a: Porygon2|Trick Room|p1a: Porygon2\n|-fieldstart|move: Trick Room|[of] p1a: Porygon2\n|\n|upkeep\n|turn|16\n|\n|t:|1701085158\n|move|p2a: Alomomola|Wish|p2a: Alomomola\n|move|p1a: Porygon2|Teleport|p1a: Porygon2\n|\n|t:|1701085168\n|switch|p1a: Ursaluna|Ursaluna, M|82\/100 brn|[from] Teleport\n|-damage|p1a: Ursaluna|76\/100 brn|[from] Stealth Rock\n|\n|-damage|p1a: Ursaluna|70\/100 brn|[from] brn\n|upkeep\n|turn|17\n|\n|t:|1701085183\n|-terastallize|p1a: Ursaluna|Normal\n|move|p1a: Ursaluna|Facade|p2a: Alomomola\n|-damage|p2a: Alomomola|10\/100\n|move|p2a: Alomomola|Flip Turn|p1a: Ursaluna\n|-damage|p1a: Ursaluna|58\/100 brn\n|\n|t:|1701085191\n|switch|p2a: Ferrothorn|Ferrothorn, F, tera:Ghost|100\/100|[from] Flip Turn\n|\n|-damage|p1a: Ursaluna|52\/100 brn|[from] brn\n|upkeep\n|turn|18\n|\n|t:|1701085202\n|switch|p1a: Camerupt|Camerupt-Mega, F|100\/100\n|-damage|p1a: Camerupt|88\/100|[from] Stealth Rock\n|move|p2a: Ferrothorn|Leech Seed|p1a: Camerupt\n|-start|p1a: Camerupt|move: Leech Seed\n|\n|-damage|p1a: Camerupt|76\/100|[from] Leech Seed|[of] p2a: Ferrothorn\n|upkeep\n|turn|19\n|\n|t:|1701085212\n|move|p2a: Ferrothorn|Protect|p2a: Ferrothorn\n|-singleturn|p2a: Ferrothorn|Protect\n|move|p1a: Camerupt|Fire Blast|p2a: Ferrothorn\n|-activate|p2a: Ferrothorn|move: Protect\n|\n|-damage|p1a: Camerupt|64\/100|[from] Leech Seed|[of] p2a: Ferrothorn\n|-fieldend|move: Trick Room\n|upkeep\n|turn|20\n|\n|t:|1701085221\n|switch|p2a: Hydreigon|Hydreigon, F|97\/100\n|move|p1a: Camerupt|Fire Blast|p2a: Hydreigon\n|-resisted|p2a: Hydreigon\n|-damage|p2a: Hydreigon|64\/100\n|\n|-damage|p1a: Camerupt|52\/100|[from] Leech Seed|[of] p2a: Hydreigon\n|-heal|p2a: Hydreigon|75\/100|[silent]\n|upkeep\n|turn|21\n|\n|t:|1701085232\n|switch|p1a: Porygon2|Porygon2|88\/100\n|-damage|p1a: Porygon2|76\/100|[from] Stealth Rock\n|-ability|p1a: Porygon2|Download|boost\n|-boost|p1a: Porygon2|atk|1\n|move|p2a: Hydreigon|Dark Pulse|p1a: Porygon2\n|-damage|p1a: Porygon2|56\/100\n|\n|upkeep\n|turn|22\n|\n|t:|1701085242\n|switch|p2a: Alomomola|Alomomola, M|44\/100\n|move|p1a: Porygon2|Trick Room|p1a: Porygon2\n|-fieldstart|move: Trick Room|[of] p1a: Porygon2\n|\n|upkeep\n|turn|23\n|\n|t:|1701085249\n|move|p1a: Porygon2|Thunderbolt|p2a: Alomomola\n|-supereffective|p2a: Alomomola\n|-damage|p2a: Alomomola|0 fnt\n|faint|p2a: Alomomola\n|\n|upkeep\n|\n|t:|1701085260\n|switch|p2a: Ferrothorn|Ferrothorn, F, tera:Ghost|100\/100\n|turn|24\n|\n|t:|1701085266\n|move|p2a: Ferrothorn|Leech Seed|p1a: Porygon2\n|-start|p1a: Porygon2|move: Leech Seed\n|move|p1a: Porygon2|Teleport|p1a: Porygon2\n|\n|t:|1701085269\n|switch|p1a: Crawdaunt|Crawdaunt, M|80\/100|[from] Teleport\n|-damage|p1a: Crawdaunt|68\/100|[from] Stealth Rock\n|\n|upkeep\n|turn|25\n|\n|t:|1701085276\n|move|p2a: Ferrothorn|Protect|p2a: Ferrothorn\n|-singleturn|p2a: Ferrothorn|Protect\n|move|p1a: Crawdaunt|Knock Off|p2a: Ferrothorn\n|-activate|p2a: Ferrothorn|move: Protect\n|\n|upkeep\n|turn|26\n|\n|t:|1701085289\n|switch|p2a: Hydreigon|Hydreigon, F|75\/100\n|move|p1a: Crawdaunt|Crabhammer|p2a: Hydreigon\n|-resisted|p2a: Hydreigon\n|-damage|p2a: Hydreigon|28\/100\n|-damage|p1a: Crawdaunt|58\/100|[from] item: Life Orb\n|\n|-fieldend|move: Trick Room\n|upkeep\n|turn|27\n|\n|t:|1701085306\n|move|p2a: Hydreigon|Roost|p2a: Hydreigon\n|-heal|p2a: Hydreigon|78\/100\n|-singleturn|p2a: Hydreigon|move: Roost\n|move|p1a: Crawdaunt|Crabhammer|p2a: Hydreigon\n|-resisted|p2a: Hydreigon\n|-damage|p2a: Hydreigon|37\/100\n|-damage|p1a: Crawdaunt|48\/100|[from] item: Life Orb\n|\n|upkeep\n|turn|28\n|\n|t:|1701085315\n|switch|p2a: Ogerpon|Ogerpon-Wellspring, F|100\/100\n|switch|p1a: Cresselia|Cresselia, F|100\/100\n|-damage|p1a: Cresselia|88\/100|[from] Stealth Rock\n|\n|-heal|p1a: Cresselia|94\/100|[from] item: Leftovers\n|upkeep\n|turn|29\n|\n|t:|1701085325\n|move|p2a: Ogerpon|Ivy Cudgel|p1a: Cresselia|[anim] Ivy Cudgel Water\n|-damage|p1a: Cresselia|54\/100\n|move|p1a: Cresselia|Trick Room|p1a: Cresselia\n|-fieldstart|move: Trick Room|[of] p1a: Cresselia\n|\n|-heal|p1a: Cresselia|60\/100|[from] item: Leftovers\n|upkeep\n|turn|30\n|\n|t:|1701085333\n|move|p1a: Cresselia|Lunar Dance|p1a: Cresselia\n|faint|p1a: Cresselia\n|move|p2a: Ogerpon|Encore|p1: Cresselia|[notarget]\n|-fail|p2a: Ogerpon\n|\n|upkeep\n|\n|t:|1701085345\n|switch|p1a: Camerupt|Camerupt-Mega, F|52\/100\n|-heal|p1a: Camerupt|100\/100|[from] move: Lunar Dance\n|-damage|p1a: Camerupt|88\/100|[from] Stealth Rock\n|turn|31\n|\n|t:|1701085353\n|move|p1a: Camerupt|Fire Blast|p2a: Ogerpon\n|-damage|p2a: Ogerpon|0 fnt\n|faint|p2a: Ogerpon\n|\n|upkeep\n|\n|t:|1701085357\n|switch|p2a: Hydreigon|Hydreigon, F|37\/100\n|turn|32\n|\n|t:|1701085366\n|move|p1a: Camerupt|Ancient Power|p2a: Hydreigon\n|-damage|p2a: Hydreigon|15\/100\n|move|p2a: Hydreigon|Roost|p2a: Hydreigon\n|-heal|p2a: Hydreigon|65\/100\n|-singleturn|p2a: Hydreigon|move: Roost\n|\n|upkeep\n|turn|33\n|\n|t:|1701085375\n|move|p1a: Camerupt|Stealth Rock|p2a: Hydreigon\n|-sidestart|p2: gobbyhappy1|move: Stealth Rock\n|move|p2a: Hydreigon|Roost|p2a: Hydreigon\n|-heal|p2a: Hydreigon|100\/100\n|-singleturn|p2a: Hydreigon|move: Roost\n|\n|-fieldend|move: Trick Room\n|upkeep\n|turn|34\n|\n|t:|1701085385\n|switch|p1a: Porygon2|Porygon2|56\/100\n|-damage|p1a: Porygon2|43\/100|[from] Stealth Rock\n|-ability|p1a: Porygon2|Download|boost\n|-boost|p1a: Porygon2|atk|1\n|move|p2a: Hydreigon|Dark Pulse|p1a: Porygon2\n|-damage|p1a: Porygon2|21\/100\n|\n|upkeep\n|turn|35\n|\n|t:|1701085395\n|move|p2a: Hydreigon|Dark Pulse|p1a: Porygon2\n|-damage|p1a: Porygon2|0 fnt\n|faint|p1a: Porygon2\n|\n|upkeep\n|\n|t:|1701085401\n|switch|p1a: Ursaluna|Ursaluna, M, tera:Normal|52\/100 brn\n|-damage|p1a: Ursaluna|40\/100 brn|[from] Stealth Rock\n|turn|36\n|\n|t:|1701085405\n|switch|p2a: Ferrothorn|Ferrothorn, F, tera:Ghost|100\/100\n|-damage|p2a: Ferrothorn|88\/100|[from] Stealth Rock\n|move|p1a: Ursaluna|Facade|p2a: Ferrothorn\n|-immune|p2a: Ferrothorn\n|\n|-heal|p2a: Ferrothorn|94\/100|[from] item: Leftovers\n|-damage|p1a: Ursaluna|34\/100 brn|[from] brn\n|upkeep\n|turn|37\n|\n|t:|1701085417\n|move|p2a: Ferrothorn|Protect|p2a: Ferrothorn\n|-singleturn|p2a: Ferrothorn|Protect\n|move|p1a: Ursaluna|Headlong Rush|p2a: Ferrothorn\n|-activate|p2a: Ferrothorn|move: Protect\n|\n|-heal|p2a: Ferrothorn|100\/100|[from] item: Leftovers\n|-damage|p1a: Ursaluna|28\/100 brn|[from] brn\n|upkeep\n|turn|38\n|-message|midding forfeited.\n|\n|win|gobbyhappy1\n|raw|midding's rating: 1559 &rarr; <strong>1537<\/strong><br \/>(-22 for losing)\n|raw|gobbyhappy1's rating: 1523 &rarr; <strong>1545<\/strong><br \/>(+22 for winning)\n|l|\u2606midding\n","uploadtime":1701085429,"views":1,"p1id":"midding","p2id":"gobbyhappy1","formatid":"gen9nationaldex","rating":1537,"private":0,"password":""}