{"id":"gen9nationaldex-2000679227","p1":"TheStroker","p2":"Enchidio","format":"[Gen 9] National Dex","log":"|html|<div class=\"broadcast-blue\"><strong>[Gen 9] National Dex is currently suspecting Sneasler! For information on how to participate check out the <a href=\"https:\/\/www.smogon.com\/forums\/threads\/sv-national-dex-suspect-8-just-dance.3731534\/\">suspect thread<\/a>.<\/strong><\/div>\n|j|\u2606TheStroker\n|j|\u2606Enchidio\n|t:|1701217912\n|gametype|singles\n|player|p1|TheStroker|janitor|1630\n|player|p2|Enchidio|gambler|1687\n|teamsize|p1|6\n|teamsize|p2|6\n|gen|9\n|tier|[Gen 9] National Dex\n|rated|\n|rule|HP Percentage Mod: HP is shown in percentages\n|rule|Endless Battle Clause: Forcing endless battles is banned\n|rule|OHKO Clause: OHKO moves are banned\n|rule|Evasion Clause: Evasion abilities, items, and moves are banned\n|rule|Evasion Abilities Clause: Evasion abilities are banned\n|rule|Evasion Items Clause: Evasion items are banned\n|rule|Evasion Moves Clause: Evasion moves are banned\n|rule|Species Clause: Limit one of each Pok\u00e9mon\n|rule|Sleep Clause Mod: Limit one foe put to sleep\n|clearpoke\n|poke|p1|Meloetta|\n|poke|p1|Weavile, M|\n|poke|p1|Sneasler, M|\n|poke|p1|Goodra-Hisui, F|\n|poke|p1|Heatran, M|\n|poke|p1|Mew|\n|poke|p2|Zapdos|\n|poke|p2|Tyranitar, F|\n|poke|p2|Ferrothorn, M|\n|poke|p2|Excadrill, M|\n|poke|p2|Toxapex, M|\n|poke|p2|Tapu Lele|\n|teampreview\n|c|\u2606Enchidio|glhf\n|j| errantgamer\n|\n|t:|1701217922\n|start\n|switch|p1a: Noobler|Sneasler, M|100\/100\n|switch|p2a: Zapdos|Zapdos|100\/100\n|turn|1\n|inactive|Battle timer is ON: inactive players will automatically lose when time's up. (requested by Enchidio)\n|j| less might be more\n|\n|t:|1701217933\n|move|p1a: Noobler|Dire Claw|p2a: Zapdos\n|-damage|p2a: Zapdos|67\/100\n|-status|p2a: Zapdos|psn\n|move|p2a: Zapdos|Volt Switch|p1a: Noobler\n|-damage|p1a: Noobler|61\/100\n|\n|t:|1701217942\n|switch|p2a: Ferrothorn|Ferrothorn, M|100\/100|[from] Volt Switch\n|\n|upkeep\n|turn|2\n|\n|t:|1701217962\n|switch|p1a: hellfrog|Heatran, M|100\/100\n|move|p2a: Ferrothorn|Leech Seed|p1a: hellfrog\n|-start|p1a: hellfrog|move: Leech Seed\n|\n|-damage|p1a: hellfrog|88\/100|[from] Leech Seed|[of] p2a: Ferrothorn\n|upkeep\n|turn|3\n|\n|t:|1701217966\n|switch|p1a: 8 moves|Meloetta|100\/100\n|switch|p2a: Toxapex|Toxapex, M|100\/100\n|\n|upkeep\n|turn|4\n|\n|t:|1701217972\n|switch|p2a: Tapu Lele|Tapu Lele|100\/100\n|-fieldstart|move: Psychic Terrain|[from] ability: Psychic Surge|[of] p2a: Tapu Lele\n|-zpower|p1a: 8 moves\n|move|p1a: 8 moves|Z-Celebrate|p1a: 8 moves|[anim]Celebrate\n|-boost|p1a: 8 moves|atk|1|[zeffect]\n|-boost|p1a: 8 moves|def|1|[zeffect]\n|-boost|p1a: 8 moves|spa|1|[zeffect]\n|-boost|p1a: 8 moves|spd|1|[zeffect]\n|-boost|p1a: 8 moves|spe|1|[zeffect]\n|-activate|p1a: 8 moves|move: Celebrate\n|\n|upkeep\n|turn|5\n|\n|t:|1701217979\n|switch|p2a: Toxapex|Toxapex, M|100\/100\n|move|p1a: 8 moves|Hyper Voice|p2a: Toxapex\n|-damage|p2a: Toxapex|43\/100\n|-enditem|p2a: Toxapex|Eject Button\n|\n|t:|1701217981\n|switch|p2a: Tyranitar|Tyranitar, F|100\/100\n|-weather|Sandstorm|[from] ability: Sand Stream|[of] p2a: Tyranitar\n|\n|-weather|Sandstorm|[upkeep]\n|-damage|p1a: 8 moves|94\/100|[from] Sandstorm\n|upkeep\n|turn|6\n|\n|t:|1701217986\n|detailschange|p2a: Tyranitar|Tyranitar-Mega, F\n|-mega|p2a: Tyranitar|Tyranitar|Tyranitarite\n|move|p1a: 8 moves|Focus Blast|p2a: Tyranitar\n|-supereffective|p2a: Tyranitar\n|-damage|p2a: Tyranitar|0 fnt\n|faint|p2a: Tyranitar\n|\n|-weather|Sandstorm|[upkeep]\n|-damage|p1a: 8 moves|88\/100|[from] Sandstorm\n|upkeep\n|\n|t:|1701217991\n|switch|p2a: Excadrill|Excadrill, M|100\/100\n|-item|p2a: Excadrill|Air Balloon\n|turn|7\n|\n|t:|1701217995\n|move|p2a: Excadrill|Earthquake|p1a: 8 moves\n|-damage|p1a: 8 moves|39\/100\n|move|p1a: 8 moves|Focus Blast|p2a: Excadrill\n|-supereffective|p2a: Excadrill\n|-damage|p2a: Excadrill|0 fnt\n|-enditem|p2a: Excadrill|Air Balloon\n|faint|p2a: Excadrill\n|\n|-weather|Sandstorm|[upkeep]\n|-damage|p1a: 8 moves|33\/100|[from] Sandstorm\n|upkeep\n|\n|t:|1701218001\n|switch|p2a: Tapu Lele|Tapu Lele|100\/100\n|turn|8\n|\n|t:|1701218004\n|move|p2a: Tapu Lele|Moonblast|p1a: 8 moves\n|-damage|p1a: 8 moves|5\/100\n|-unboost|p1a: 8 moves|spa|1\n|move|p1a: 8 moves|Hyper Voice|p2a: Tapu Lele\n|-damage|p2a: Tapu Lele|51\/100\n|\n|-weather|Sandstorm|[upkeep]\n|-damage|p2a: Tapu Lele|45\/100|[from] Sandstorm\n|-damage|p1a: 8 moves|0 fnt|[from] Sandstorm\n|faint|p1a: 8 moves\n|-fieldend|move: Psychic Terrain\n|upkeep\n|\n|t:|1701218031\n|switch|p1a: Noobler|Sneasler, M|61\/100\n|turn|9\n|\n|t:|1701218036\n|move|p1a: Noobler|Switcheroo|p2a: Tapu Lele\n|-activate|p1a: Noobler|move: Trick|[of] p2a: Tapu Lele\n|-item|p2a: Tapu Lele|Choice Scarf|[from] move: Switcheroo\n|-item|p1a: Noobler|Choice Scarf|[from] move: Switcheroo\n|move|p2a: Tapu Lele|Moonblast|p1a: Noobler\n|-damage|p1a: Noobler|0 fnt\n|faint|p1a: Noobler\n|\n|-weather|none\n|upkeep\n|\n|t:|1701218047\n|switch|p1a: hellfrog|Heatran, M|88\/100\n|turn|10\n|\n|t:|1701218054\n|switch|p2a: Zapdos|Zapdos|67\/100 psn\n|switch|p1a: Name my|Weavile, M|100\/100\n|-ability|p1a: Name my|Pressure\n|\n|-damage|p2a: Zapdos|55\/100 psn|[from] psn\n|upkeep\n|turn|11\n|\n|t:|1701218060\n|switch|p2a: Ferrothorn|Ferrothorn, M|100\/100\n|move|p1a: Name my|Knock Off|p2a: Ferrothorn\n|-damage|p2a: Ferrothorn|61\/100\n|-damage|p1a: Name my|88\/100|[from] ability: Iron Barbs|[of] p2a: Ferrothorn\n|-enditem|p2a: Ferrothorn|Leftovers|[from] move: Knock Off|[of] p1a: Name my\n|\n|upkeep\n|turn|12\n|\n|t:|1701218066\n|switch|p1a: hellfrog|Heatran, M|88\/100\n|move|p2a: Ferrothorn|Leech Seed|p1a: hellfrog\n|-start|p1a: hellfrog|move: Leech Seed\n|\n|-heal|p1a: hellfrog|94\/100|[from] item: Leftovers\n|-damage|p1a: hellfrog|82\/100|[from] Leech Seed|[of] p2a: Ferrothorn\n|-heal|p2a: Ferrothorn|75\/100|[silent]\n|upkeep\n|turn|13\n|\n|t:|1701218070\n|switch|p1a: Name my|Weavile, M|88\/100\n|-ability|p1a: Name my|Pressure\n|switch|p2a: Zapdos|Zapdos|55\/100 psn\n|\n|-damage|p2a: Zapdos|42\/100 psn|[from] psn\n|upkeep\n|turn|14\n|\n|t:|1701218084\n|move|p1a: Name my|Icicle Crash|p2a: Zapdos\n|-supereffective|p2a: Zapdos\n|-damage|p2a: Zapdos|0 fnt\n|faint|p2a: Zapdos\n|\n|upkeep\n|\n|t:|1701218087\n|switch|p2a: Tapu Lele|Tapu Lele|45\/100\n|-fieldstart|move: Psychic Terrain|[from] ability: Psychic Surge|[of] p2a: Tapu Lele\n|turn|15\n|\n|t:|1701218092\n|switch|p1a: hellfrog|Heatran, M|82\/100\n|move|p2a: Tapu Lele|Moonblast|p1a: hellfrog\n|-resisted|p1a: hellfrog\n|-damage|p1a: hellfrog|73\/100\n|\n|-heal|p1a: hellfrog|79\/100|[from] item: Leftovers\n|upkeep\n|turn|16\n|\n|t:|1701218105\n|switch|p2a: Ferrothorn|Ferrothorn, M|75\/100\n|move|p1a: hellfrog|Lava Plume|p2a: Ferrothorn\n|-supereffective|p2a: Ferrothorn\n|-damage|p2a: Ferrothorn|0 fnt\n|faint|p2a: Ferrothorn\n|\n|-heal|p1a: hellfrog|85\/100|[from] item: Leftovers\n|upkeep\n|\n|t:|1701218107\n|switch|p2a: Tapu Lele|Tapu Lele|45\/100\n|turn|17\n|\n|t:|1701218112\n|move|p1a: hellfrog|Protect|p1a: hellfrog\n|-singleturn|p1a: hellfrog|Protect\n|move|p2a: Tapu Lele|Moonblast|p1a: hellfrog\n|-activate|p1a: hellfrog|move: Protect\n|\n|-heal|p1a: hellfrog|92\/100|[from] item: Leftovers\n|upkeep\n|turn|18\n|\n|t:|1701218115\n|switch|p2a: Toxapex|Toxapex, M|76\/100\n|move|p1a: hellfrog|Lava Plume|p2a: Toxapex\n|-resisted|p2a: Toxapex\n|-damage|p2a: Toxapex|64\/100\n|\n|-heal|p1a: hellfrog|98\/100|[from] item: Leftovers\n|upkeep\n|turn|19\n|\n|t:|1701218125\n|move|p1a: hellfrog|Substitute|p1a: hellfrog\n|-start|p1a: hellfrog|Substitute\n|-damage|p1a: hellfrog|73\/100\n|move|p2a: Toxapex|Scald|p1a: hellfrog\n|-supereffective|p1a: hellfrog\n|-activate|p1a: hellfrog|move: Substitute|[damage]\n|\n|-heal|p1a: hellfrog|79\/100|[from] item: Leftovers\n|-fieldend|move: Psychic Terrain\n|upkeep\n|turn|20\n|\n|t:|1701218128\n|move|p1a: hellfrog|Torment|p2a: Toxapex\n|-start|p2a: Toxapex|Torment\n|move|p2a: Toxapex|Scald|p1a: hellfrog\n|-supereffective|p1a: hellfrog\n|-end|p1a: hellfrog|Substitute\n|\n|-heal|p1a: hellfrog|85\/100|[from] item: Leftovers\n|upkeep\n|turn|21\n|\n|t:|1701218132\n|move|p1a: hellfrog|Substitute|p1a: hellfrog\n|-start|p1a: hellfrog|Substitute\n|-damage|p1a: hellfrog|61\/100\n|move|p2a: Toxapex|Haze|p2a: Toxapex\n|-clearallboost\n|\n|-heal|p1a: hellfrog|67\/100|[from] item: Leftovers\n|upkeep\n|turn|22\n|\n|t:|1701218136\n|move|p1a: hellfrog|Lava Plume|p2a: Toxapex\n|-resisted|p2a: Toxapex\n|-damage|p2a: Toxapex|50\/100\n|-status|p2a: Toxapex|brn\n|move|p2a: Toxapex|Scald|p1a: hellfrog\n|-supereffective|p1a: hellfrog\n|-activate|p1a: hellfrog|move: Substitute|[damage]\n|\n|-heal|p1a: hellfrog|73\/100|[from] item: Leftovers\n|-damage|p2a: Toxapex|44\/100 brn|[from] brn\n|upkeep\n|turn|23\n|\n|t:|1701218140\n|move|p1a: hellfrog|Lava Plume|p2a: Toxapex\n|-resisted|p2a: Toxapex\n|-damage|p2a: Toxapex|31\/100 brn\n|move|p2a: Toxapex|Recover|p2a: Toxapex\n|-heal|p2a: Toxapex|81\/100 brn\n|\n|-heal|p1a: hellfrog|79\/100|[from] item: Leftovers\n|-damage|p2a: Toxapex|75\/100 brn|[from] brn\n|upkeep\n|turn|24\n|\n|t:|1701218143\n|move|p1a: hellfrog|Lava Plume|p2a: Toxapex\n|-resisted|p2a: Toxapex\n|-damage|p2a: Toxapex|60\/100 brn\n|move|p2a: Toxapex|Scald|p1a: hellfrog\n|-supereffective|p1a: hellfrog\n|-end|p1a: hellfrog|Substitute\n|\n|-heal|p1a: hellfrog|85\/100|[from] item: Leftovers\n|-damage|p2a: Toxapex|54\/100 brn|[from] brn\n|upkeep\n|turn|25\n|\n|t:|1701218168\n|switch|p1a: Goob|Goodra-Hisui, F|100\/100\n|switch|p2a: Tapu Lele|Tapu Lele|45\/100\n|-fieldstart|move: Psychic Terrain|[from] ability: Psychic Surge|[of] p2a: Tapu Lele\n|\n|upkeep\n|turn|26\n|\n|t:|1701218174\n|move|p2a: Tapu Lele|Focus Blast|p1a: Goob\n|-supereffective|p1a: Goob\n|-damage|p1a: Goob|65\/100\n|move|p1a: Goob|Flash Cannon|p2a: Tapu Lele\n|-supereffective|p2a: Tapu Lele\n|-damage|p2a: Tapu Lele|0 fnt\n|faint|p2a: Tapu Lele\n|\n|upkeep\n|l| errantgamer\n|\n|t:|1701218185\n|switch|p2a: Toxapex|Toxapex, M|88\/100 brn\n|turn|27\n|\n|t:|1701218188\n|move|p1a: Goob|Dragon Pulse|p2a: Toxapex\n|-crit|p2a: Toxapex\n|-damage|p2a: Toxapex|34\/100 brn\n|move|p2a: Toxapex|Scald|p1a: Goob\n|-resisted|p1a: Goob\n|-damage|p1a: Goob|61\/100\n|-status|p1a: Goob|brn\n|\n|-damage|p1a: Goob|55\/100 brn|[from] brn\n|-damage|p2a: Toxapex|28\/100 brn|[from] brn\n|upkeep\n|turn|28\n|\n|t:|1701218190\n|move|p1a: Goob|Dragon Pulse|p2a: Toxapex\n|-damage|p2a: Toxapex|0 fnt\n|faint|p2a: Toxapex\n|\n|win|TheStroker\n|raw|TheStroker's rating: 1630 &rarr; <strong>1653<\/strong><br \/>(+23 for winning)\n|raw|Enchidio's rating: 1687 &rarr; <strong>1664<\/strong><br \/>(-23 for losing)\n|c|\u2606Enchidio|gg\n","uploadtime":1701218194,"views":0,"p1id":"thestroker","p2id":"enchidio","formatid":"gen9nationaldex","rating":1653,"private":0,"password":""}