{"id":"gen9nationaldex-1990736844","p1":"MrCoolfred","p2":"NotMikeO","format":"[Gen 9] National Dex","log":"|j|\u2606MrCoolfred\n|j|\u2606NotMikeO\n|t:|1699996104\n|gametype|singles\n|player|p1|MrCoolfred|benga|\n|player|p2|NotMikeO|169|\n|teamsize|p1|6\n|teamsize|p2|6\n|gen|9\n|tier|[Gen 9] National Dex\n|rule|HP Percentage Mod: HP is shown in percentages\n|rule|Endless Battle Clause: Forcing endless battles is banned\n|rule|OHKO Clause: OHKO moves are banned\n|rule|Evasion Clause: Evasion abilities, items, and moves are banned\n|rule|Evasion Abilities Clause: Evasion abilities are banned\n|rule|Evasion Items Clause: Evasion items are banned\n|rule|Evasion Moves Clause: Evasion moves are banned\n|rule|Species Clause: Limit one of each Pok\u00e9mon\n|rule|Sleep Clause Mod: Limit one foe put to sleep\n|clearpoke\n|poke|p1|Marowak, M|\n|poke|p1|Skarmory, F|\n|poke|p1|Jynx, F|\n|poke|p1|Celebi|\n|poke|p1|Vaporeon, M|\n|poke|p1|Smeargle, M|\n|poke|p2|Dragonite, M|\n|poke|p2|Exeggutor, M|\n|poke|p2|Kabutops, F|\n|poke|p2|Feraligatr, F|\n|poke|p2|Electrode|\n|poke|p2|Flareon, M|\n|teampreview\n|\n|t:|1699996116\n|start\n|switch|p1a: there is no way|Celebi|100\/100\n|switch|p2a: Egg eg eggy|Exeggutor, M|100\/100\n|turn|1\n|\n|t:|1699996130\n|move|p1a: there is no way|Natural Gift|p2a: Egg eg eggy\n|-supereffective|p2a: Egg eg eggy\n|-damage|p2a: Egg eg eggy|36\/100\n|move|p2a: Egg eg eggy|Sludge Bomb|p1a: there is no way\n|-supereffective|p1a: there is no way\n|-damage|p1a: there is no way|30\/100\n|\n|-heal|p2a: Egg eg eggy|42\/100|[from] item: Leftovers\n|upkeep\n|turn|2\n|\n|t:|1699996147\n|move|p1a: there is no way|Recover|p1a: there is no way\n|-heal|p1a: there is no way|80\/100\n|move|p2a: Egg eg eggy|Sludge Bomb|p1a: there is no way\n|-supereffective|p1a: there is no way\n|-damage|p1a: there is no way|8\/100\n|-status|p1a: there is no way|psn\n|\n|-heal|p2a: Egg eg eggy|49\/100|[from] item: Leftovers\n|-damage|p1a: there is no way|0 fnt|[from] psn\n|faint|p1a: there is no way\n|upkeep\n|inactive|Battle timer is ON: inactive players will automatically lose when time's up. (requested by NotMikeO)\n|\n|t:|1699996225\n|switch|p1a: be able to fly|Smeargle, M|100\/100\n|turn|3\n|\n|t:|1699996249\n|move|p1a: be able to fly|Revival Blessing|p1a: be able to fly\n|\n|t:|1699996253\n|-heal|p1: there is no way|50\/100|[from] move: Revival Blessing\n|move|p2a: Egg eg eggy|Giga Drain|p1a: be able to fly\n|-damage|p1a: be able to fly|10\/100\n|-heal|p2a: Egg eg eggy|91\/100|[from] drain|[of] p1a: be able to fly\n|\n|-heal|p2a: Egg eg eggy|97\/100|[from] item: Leftovers\n|upkeep\n|turn|4\n|c|\u2606NotMikeO|!data natural gift\n|raw|<ul class=\"utilichart\"><li class=\"result\"><span class=\"col movenamecol\"><a href=\"https:\/\/dex.pokemonshowdown.com\/moves\/naturalgift\">Natural Gift<\/a><\/span> <span class=\"col typecol\"><img src=\"\/\/play.pokemonshowdown.com\/sprites\/types\/Normal.png\" alt=\"Normal\" width=\"32\" height=\"14\"><img src=\"\/\/play.pokemonshowdown.com\/sprites\/categories\/Physical.png\" alt=\"Physical\" width=\"32\" height=\"14\"><\/span> <span class=\"col widelabelcol\"><em>Accuracy<\/em><br>100%<\/span> <span class=\"col pplabelcol\"><em>PP<\/em><br>24<\/span> <span class=\"col movedesccol\">Power and type depends on the user's Berry.<\/span> <\/li><li style=\"clear:both\"><\/li><\/ul>\n\n|\n|t:|1699996277\n|move|p1a: be able to fly|Memento|p2a: Egg eg eggy\n|-unboost|p2a: Egg eg eggy|atk|2\n|-unboost|p2a: Egg eg eggy|spa|2\n|faint|p1a: be able to fly\n|move|p2a: Egg eg eggy|Giga Drain|p1: be able to fly|[notarget]\n|-fail|p2a: Egg eg eggy\n|\n|-heal|p2a: Egg eg eggy|100\/100|[from] item: Leftovers\n|upkeep\n|\n|t:|1699996289\n|switch|p1a: there is no way|Celebi|50\/100\n|turn|5\n|\n|t:|1699996308\n|switch|p2a: Bouncer Gatr|Feraligatr, F|100\/100\n|move|p1a: there is no way|Recover|p1a: there is no way\n|-heal|p1a: there is no way|100\/100\n|\n|upkeep\n|turn|6\n|\n|t:|1699996323\n|move|p1a: there is no way|Leaf Blade|p2a: Bouncer Gatr\n|-supereffective|p2a: Bouncer Gatr\n|-damage|p2a: Bouncer Gatr|3\/100\n|move|p2a: Bouncer Gatr|Ice Punch|p1a: there is no way\n|-supereffective|p1a: there is no way\n|-damage|p1a: there is no way|11\/100\n|\n|upkeep\n|turn|7\n|inactive|NotMikeO has 270 seconds left.\n|\n|t:|1699996343\n|switch|p1a: all known laws|Skarmory, F|100\/100\n|move|p2a: Bouncer Gatr|Waterfall|p1a: all known laws\n|-damage|p1a: all known laws|63\/100\n|-damage|p2a: Bouncer Gatr|0 fnt|[from] item: Rocky Helmet|[of] p1a: all known laws\n|faint|p2a: Bouncer Gatr\n|\n|upkeep\n|inactive|NotMikeO has 270 seconds left.\n|\n|t:|1699996357\n|switch|p2a: Flareon|Flareon, M|100\/100\n|turn|8\n|inactive|NotMikeO has 270 seconds left.\n|\n|t:|1699996371\n|switch|p1a: a bee should|Vaporeon, M|100\/100\n|move|p2a: Flareon|Flare Blitz|p1a: a bee should\n|-resisted|p1a: a bee should\n|-damage|p1a: a bee should|56\/100\n|-damage|p2a: Flareon|83\/100|[from] Recoil\n|\n|-heal|p1a: a bee should|62\/100|[from] item: Leftovers\n|-status|p2a: Flareon|tox|[from] item: Toxic Orb\n|upkeep\n|turn|9\n|inactive|NotMikeO has 270 seconds left.\n|\n|t:|1699996395\n|move|p1a: a bee should|Scald|p2a: Flareon\n|-supereffective|p2a: Flareon\n|-damage|p2a: Flareon|25\/100 tox\n|move|p2a: Flareon|Facade|p1a: a bee should\n|-damage|p1a: a bee should|0 fnt\n|faint|p1a: a bee should\n|\n|-damage|p2a: Flareon|19\/100 tox|[from] psn\n|upkeep\n|inactive|MrCoolfred has 270 seconds left.\n|\n|t:|1699996419\n|switch|p1a: of aviation|Jynx, F|100\/100\n|turn|10\n|inactive|MrCoolfred has 270 seconds left.\n|inactive|NotMikeO has 270 seconds left.\n|\n|t:|1699996428\n|move|p1a: of aviation|Psyshock|p2a: Flareon\n|-damage|p2a: Flareon|0 fnt\n|faint|p2a: Flareon\n|\n|upkeep\n|inactive|NotMikeO has 270 seconds left.\n|\n|t:|1699996449\n|switch|p2a: Bzzzzzzzzz|Electrode|100\/100\n|turn|11\n|\n|t:|1699996453\n|move|p2a: Bzzzzzzzzz|Rain Dance|p2a: Bzzzzzzzzz\n|-weather|RainDance\n|move|p1a: of aviation|Psyshock|p2a: Bzzzzzzzzz\n|-enditem|p2a: Bzzzzzzzzz|Focus Sash\n|-damage|p2a: Bzzzzzzzzz|1\/100\n|\n|-weather|RainDance|[upkeep]\n|upkeep\n|turn|12\n|inactive|NotMikeO has 270 seconds left.\n|\n|t:|1699996465\n|switch|p1a: According to|Marowak, M|100\/100\n|move|p2a: Bzzzzzzzzz|Thunder|p1a: According to\n|-ability|p1a: According to|Lightning Rod|boost\n|-boost|p1a: According to|spa|1\n|\n|-weather|RainDance|[upkeep]\n|upkeep\n|turn|13\n|inactive|NotMikeO has 270 seconds left.\n|\n|t:|1699996488\n|switch|p2a: Grrbutops|Kabutops, F|100\/100\n|move|p1a: According to|Knock Off|p2a: Grrbutops\n|-damage|p2a: Grrbutops|31\/100\n|-enditem|p2a: Grrbutops|Focus Sash|[from] move: Knock Off|[of] p1a: According to\n|\n|-weather|RainDance|[upkeep]\n|upkeep\n|turn|14\n|inactive|NotMikeO has 270 seconds left.\n|\n|t:|1699996499\n|switch|p1a: all known laws|Skarmory, F|63\/100\n|move|p2a: Grrbutops|Waterfall|p1a: all known laws\n|-damage|p1a: all known laws|26\/100\n|-damage|p2a: Grrbutops|14\/100|[from] item: Rocky Helmet|[of] p1a: all known laws\n|\n|-weather|RainDance|[upkeep]\n|upkeep\n|turn|15\n|inactive|NotMikeO has 270 seconds left.\n|\n|t:|1699996516\n|move|p2a: Grrbutops|Waterfall|p1a: all known laws\n|-damage|p1a: all known laws|0 fnt\n|-damage|p2a: Grrbutops|0 fnt|[from] item: Rocky Helmet|[of] p1a: all known laws\n|faint|p1a: all known laws\n|faint|p2a: Grrbutops\n|\n|-weather|none\n|upkeep\n|inactive|NotMikeO has 270 seconds left.\n|inactive|MrCoolfred has 270 seconds left.\n|\n|t:|1699996548\n|switch|p2a: Bzzzzzzzzz|Electrode|1\/100\n|switch|p1a: According to|Marowak, M|100\/100\n|turn|16\n|inactive|NotMikeO has 270 seconds left.\n|\n|t:|1699996572\n|move|p2a: Bzzzzzzzzz|Explosion|p1a: According to\n|-damage|p1a: According to|71\/100\n|faint|p2a: Bzzzzzzzzz\n|move|p1a: According to|Knock Off|p2: Bzzzzzzzzz|[notarget]\n|-fail|p1a: According to\n|\n|upkeep\n|\n|t:|1699996582\n|switch|p2a: Egg eg eggy|Exeggutor, M|100\/100\n|turn|17\n|inactive|MrCoolfred has 270 seconds left.\n|\n|t:|1699996603\n|move|p2a: Egg eg eggy|Stun Spore|p1a: According to\n|-status|p1a: According to|par\n|move|p1a: According to|Knock Off|p2a: Egg eg eggy\n|-supereffective|p2a: Egg eg eggy\n|-damage|p2a: Egg eg eggy|0 fnt\n|-enditem|p2a: Egg eg eggy|Leftovers|[from] move: Knock Off|[of] p1a: According to\n|faint|p2a: Egg eg eggy\n|\n|upkeep\n|\n|t:|1699996610\n|switch|p2a: Big Bob|Dragonite, M|100\/100\n|turn|18\n|\n|t:|1699996617\n|move|p2a: Big Bob|Dragon Dance|p2a: Big Bob\n|-boost|p2a: Big Bob|atk|1\n|-boost|p2a: Big Bob|spe|1\n|move|p1a: According to|Knock Off|p2a: Big Bob\n|-damage|p2a: Big Bob|71\/100\n|-enditem|p2a: Big Bob|Heavy-Duty Boots|[from] move: Knock Off|[of] p1a: According to\n|\n|upkeep\n|turn|19\n|inactive|MrCoolfred has 270 seconds left.\n|inactive|NotMikeO has 270 seconds left.\n|\n|t:|1699996639\n|move|p2a: Big Bob|Dragon Dance|p2a: Big Bob\n|-boost|p2a: Big Bob|atk|1\n|-boost|p2a: Big Bob|spe|1\n|move|p1a: According to|Ice Beam|p2a: Big Bob\n|-supereffective|p2a: Big Bob\n|-damage|p2a: Big Bob|21\/100\n|\n|upkeep\n|turn|20\n|\n|t:|1699996653\n|move|p2a: Big Bob|Dual Wingbeat|p1a: According to|[miss]\n|-miss|p2a: Big Bob|p1a: According to\n|cant|p1a: According to|par\n|\n|upkeep\n|turn|21\n|\n|t:|1699996661\n|move|p2a: Big Bob|Roost|p2a: Big Bob\n|-heal|p2a: Big Bob|71\/100\n|-singleturn|p2a: Big Bob|move: Roost\n|move|p1a: According to|Ice Beam|p2a: Big Bob\n|-supereffective|p2a: Big Bob\n|-damage|p2a: Big Bob|47\/100\n|\n|upkeep\n|turn|22\n|inactive|MrCoolfred has 270 seconds left.\n|\n|t:|1699996680\n|move|p2a: Big Bob|Roost|p2a: Big Bob\n|-heal|p2a: Big Bob|97\/100\n|-singleturn|p2a: Big Bob|move: Roost\n|move|p1a: According to|Ice Beam|p2a: Big Bob\n|-supereffective|p2a: Big Bob\n|-damage|p2a: Big Bob|71\/100\n|\n|upkeep\n|turn|23\n|\n|t:|1699996706\n|move|p2a: Big Bob|Roost|p2a: Big Bob\n|-heal|p2a: Big Bob|100\/100\n|-singleturn|p2a: Big Bob|move: Roost\n|move|p1a: According to|Ice Beam|p2a: Big Bob\n|-supereffective|p2a: Big Bob\n|-damage|p2a: Big Bob|87\/100\n|\n|upkeep\n|turn|24\n|\n|t:|1699996719\n|move|p2a: Big Bob|Dual Wingbeat|p1a: According to\n|-damage|p1a: According to|28\/100 par\n|-damage|p1a: According to|0 fnt\n|faint|p1a: According to\n|-hitcount|p1: According to|2\n|\n|upkeep\n|\n|t:|1699996727\n|switch|p1a: of aviation|Jynx, F|100\/100\n|turn|25\n|\n|t:|1699996732\n|move|p2a: Big Bob|Roost|p2a: Big Bob\n|-heal|p2a: Big Bob|100\/100\n|-singleturn|p2a: Big Bob|move: Roost\n|move|p1a: of aviation|Ice Beam|p2a: Big Bob\n|-supereffective|p2a: Big Bob\n|-damage|p2a: Big Bob|31\/100\n|\n|upkeep\n|turn|26\n|\n|t:|1699996750\n|move|p2a: Big Bob|Dual Wingbeat|p1a: of aviation\n|-damage|p1a: of aviation|0 fnt\n|faint|p1a: of aviation\n|-hitcount|p1: of aviation|1\n|\n|upkeep\n|\n|t:|1699996754\n|switch|p1a: there is no way|Celebi|11\/100\n|turn|27\n|inactive|MrCoolfred has 270 seconds left.\n|\n|t:|1699996767\n|move|p2a: Big Bob|Dual Wingbeat|p1a: there is no way\n|-supereffective|p1a: there is no way\n|-damage|p1a: there is no way|0 fnt\n|faint|p1a: there is no way\n|-hitcount|p1: there is no way|1\n|\n|win|NotMikeO\n","uploadtime":1699996776,"views":5,"p1id":"mrcoolfred","p2id":"notmikeo","formatid":"gen9nationaldex","rating":0,"private":0,"password":""}