{"id":"gen9nationaldex-1992116034","p1":"matheusbrr","p2":"roudiking","format":"[Gen 9] National Dex","log":"|j|\u2606matheusbrr\n|j|\u2606roudiking\n|t:|1700156405\n|gametype|singles\n|player|p1|matheusbrr|102|1399\n|player|p2|roudiking|lucas-gen4pt|1398\n|teamsize|p1|6\n|teamsize|p2|6\n|gen|9\n|tier|[Gen 9] National Dex\n|rated|\n|rule|HP Percentage Mod: HP is shown in percentages\n|rule|Endless Battle Clause: Forcing endless battles is banned\n|rule|OHKO Clause: OHKO moves are banned\n|rule|Evasion Clause: Evasion abilities, items, and moves are banned\n|rule|Evasion Abilities Clause: Evasion abilities are banned\n|rule|Evasion Items Clause: Evasion items are banned\n|rule|Evasion Moves Clause: Evasion moves are banned\n|rule|Species Clause: Limit one of each Pok\u00e9mon\n|rule|Sleep Clause Mod: Limit one foe put to sleep\n|clearpoke\n|poke|p1|Latios, M|\n|poke|p1|Kartana|\n|poke|p1|Heatran, F|\n|poke|p1|Alomomola, M|\n|poke|p1|Slowking-Galar, M|\n|poke|p1|Nidoking, M|\n|poke|p2|Scizor, F|\n|poke|p2|Scyther, M|\n|poke|p2|Kleavor, M|\n|poke|p2|Araquanid, F|\n|poke|p2|Volcarona, M|\n|poke|p2|Buzzwole|\n|teampreview\n|inactive|Battle timer is ON: inactive players will automatically lose when time's up. (requested by roudiking)\n|\n|t:|1700156431\n|start\n|switch|p1a: Kartana|Kartana|100\/100\n|switch|p2a: Kleavor|Kleavor, M|100\/100\n|turn|1\n|\n|t:|1700156439\n|move|p1a: Kartana|Knock Off|p2a: Kleavor\n|-damage|p2a: Kleavor|44\/100\n|-enditem|p2a: Kleavor|Assault Vest|[from] move: Knock Off|[of] p1a: Kartana\n|move|p2a: Kleavor|X-Scissor|p1a: Kartana\n|-damage|p1a: Kartana|28\/100\n|\n|upkeep\n|turn|2\n|\n|t:|1700156456\n|switch|p1a: Alomomola|Alomomola, M|100\/100\n|move|p2a: Kleavor|Stone Axe|p1a: Alomomola\n|-damage|p1a: Alomomola|73\/100\n|-damage|p2a: Kleavor|28\/100|[from] item: Rocky Helmet|[of] p1a: Alomomola\n|-sidestart|p1: matheusbrr|move: Stealth Rock\n|\n|upkeep\n|turn|3\n|\n|t:|1700156465\n|move|p2a: Kleavor|X-Scissor|p1a: Alomomola\n|-damage|p1a: Alomomola|39\/100\n|-damage|p2a: Kleavor|11\/100|[from] item: Rocky Helmet|[of] p1a: Alomomola\n|move|p1a: Alomomola|Wish|p1a: Alomomola\n|\n|upkeep\n|turn|4\n|\n|t:|1700156473\n|move|p1a: Alomomola|Protect|p1a: Alomomola\n|-singleturn|p1a: Alomomola|Protect\n|move|p2a: Kleavor|X-Scissor|p1a: Alomomola\n|-activate|p1a: Alomomola|move: Protect\n|\n|-heal|p1a: Alomomola|89\/100|[from] move: Wish|[wisher] Alomomola\n|upkeep\n|turn|5\n|\n|t:|1700156479\n|switch|p2a: Volcarona|Volcarona, M, shiny|100\/100\n|move|p1a: Alomomola|Wish|p1a: Alomomola\n|\n|upkeep\n|turn|6\n|\n|t:|1700156484\n|-terastallize|p2a: Volcarona|Grass\n|move|p2a: Volcarona|Quiver Dance|p2a: Volcarona\n|-boost|p2a: Volcarona|spa|1\n|-boost|p2a: Volcarona|spd|1\n|-boost|p2a: Volcarona|spe|1\n|move|p1a: Alomomola|Flip Turn|p2a: Volcarona\n|-resisted|p2a: Volcarona\n|-damage|p2a: Volcarona|88\/100\n|\n|t:|1700156493\n|switch|p1a: Heatran|Heatran, F|100\/100|[from] Flip Turn\n|-damage|p1a: Heatran|88\/100|[from] Stealth Rock\n|-item|p1a: Heatran|Air Balloon\n|\n|-heal|p1a: Heatran|100\/100|[from] move: Wish|[wisher] Alomomola\n|upkeep\n|turn|7\n|\n|t:|1700156501\n|switch|p2a: Araquanid|Araquanid, F|100\/100\n|move|p1a: Heatran|Magma Storm|p2a: Araquanid\n|-crit|p2a: Araquanid\n|-damage|p2a: Araquanid|75\/100\n|-activate|p2a: Araquanid|move: Magma Storm|[of] p1a: Heatran\n|\n|-damage|p2a: Araquanid|62\/100|[from] move: Magma Storm|[partiallytrapped]\n|upkeep\n|turn|8\n|\n|t:|1700156514\n|move|p1a: Heatran|Protect|p1a: Heatran\n|-singleturn|p1a: Heatran|Protect\n|move|p2a: Araquanid|Hydro Pump|p1a: Heatran\n|-activate|p1a: Heatran|move: Protect\n|\n|-damage|p2a: Araquanid|50\/100|[from] move: Magma Storm|[partiallytrapped]\n|upkeep\n|turn|9\n|\n|t:|1700156529\n|switch|p1a: Slowking|Slowking-Galar, M|100\/100\n|move|p2a: Araquanid|Hydro Pump|p1a: Slowking\n|-damage|p1a: Slowking|56\/100\n|\n|-end|p2a: Araquanid|Magma Storm|[partiallytrapped]|[silent]\n|upkeep\n|turn|10\n|\n|t:|1700156537\n|move|p2a: Araquanid|Hydro Pump|p1a: Slowking\n|-damage|p1a: Slowking|15\/100\n|move|p1a: Slowking|Future Sight|p2a: Araquanid\n|-start|p1a: Slowking|move: Future Sight\n|\n|upkeep\n|turn|11\n|\n|t:|1700156544\n|switch|p1a: Alomomola|Alomomola, M|100\/100\n|-damage|p1a: Alomomola|88\/100|[from] Stealth Rock\n|move|p2a: Araquanid|Hydro Pump|p1a: Alomomola\n|-resisted|p1a: Alomomola\n|-damage|p1a: Alomomola|44\/100\n|\n|upkeep\n|turn|12\n|\n|t:|1700156557\n|switch|p1a: Latios|Latios, M|100\/100\n|-damage|p1a: Latios|88\/100|[from] Stealth Rock\n|move|p2a: Araquanid|Hydro Pump|p1a: Latios\n|-resisted|p1a: Latios\n|-damage|p1a: Latios|54\/100\n|\n|-end|p2a: Araquanid|move: Future Sight\n|-damage|p2a: Araquanid|14\/100\n|upkeep\n|turn|13\n|\n|t:|1700156571\n|detailschange|p1a: Latios|Latios-Mega, M\n|-mega|p1a: Latios|Latios|Latiosite\n|move|p1a: Latios|Mystical Fire|p2a: Araquanid\n|-damage|p2a: Araquanid|2\/100\n|-unboost|p2a: Araquanid|spa|1\n|move|p2a: Araquanid|Rest|p2a: Araquanid\n|-status|p2a: Araquanid|slp|[from] move: Rest\n|-heal|p2a: Araquanid|100\/100 slp|[silent]\n|\n|upkeep\n|turn|14\n|\n|t:|1700156580\n|move|p1a: Latios|Defog|p2a: Araquanid\n|-unboost|p2a: Araquanid|evasion|1\n|-sideend|p1: matheusbrr|Stealth Rock|[from] move: Defog|[of] p1a: Latios\n|cant|p2a: Araquanid|slp\n|move|p2a: Araquanid|Sleep Talk|p2a: Araquanid\n|move|p2a: Araquanid|Sticky Web|p1a: Latios|[from]move: Sleep Talk\n|-sidestart|p1: matheusbrr|move: Sticky Web\n|\n|upkeep\n|turn|15\n|\n|t:|1700156590\n|move|p1a: Latios|Defog|p2a: Araquanid\n|-unboost|p2a: Araquanid|evasion|1\n|-sideend|p1: matheusbrr|Sticky Web|[from] move: Defog|[of] p1a: Latios\n|cant|p2a: Araquanid|slp\n|move|p2a: Araquanid|Sleep Talk|p2a: Araquanid\n|move|p2a: Araquanid|Rest||[from]move: Sleep Talk|[still]\n|-fail|p2a: Araquanid\n|\n|upkeep\n|turn|16\n|\n|t:|1700156600\n|move|p1a: Latios|Mystical Fire|p2a: Araquanid\n|-damage|p2a: Araquanid|88\/100 slp\n|-unboost|p2a: Araquanid|spa|1\n|-curestatus|p2a: Araquanid|slp|[msg]\n|move|p2a: Araquanid|Hydro Pump|p1a: Latios\n|-resisted|p1a: Latios\n|-damage|p1a: Latios|36\/100\n|\n|upkeep\n|turn|17\n|\n|t:|1700156609\n|switch|p1a: Alomomola|Alomomola, M|77\/100\n|move|p2a: Araquanid|Hydro Pump|p1a: Alomomola\n|-resisted|p1a: Alomomola\n|-damage|p1a: Alomomola|58\/100\n|\n|upkeep\n|turn|18\n|\n|t:|1700156618\n|switch|p2a: Volcarona|Volcarona, M, shiny, tera:Grass|88\/100\n|move|p1a: Alomomola|Wish|p1a: Alomomola\n|\n|upkeep\n|turn|19\n|\n|t:|1700156625\n|switch|p1a: Latios|Latios-Mega, M|36\/100\n|move|p2a: Volcarona|Quiver Dance|p2a: Volcarona\n|-boost|p2a: Volcarona|spa|1\n|-boost|p2a: Volcarona|spd|1\n|-boost|p2a: Volcarona|spe|1\n|\n|-heal|p1a: Latios|100\/100|[from] move: Wish|[wisher] Alomomola\n|upkeep\n|turn|20\n|\n|t:|1700156634\n|switch|p1a: Heatran|Heatran, F|100\/100\n|-item|p1a: Heatran|Air Balloon\n|move|p2a: Volcarona|Air Slash|p1a: Heatran\n|-resisted|p1a: Heatran\n|-damage|p1a: Heatran|84\/100\n|-enditem|p1a: Heatran|Air Balloon\n|\n|upkeep\n|turn|21\n|\n|t:|1700156644\n|switch|p2a: Araquanid|Araquanid, F|88\/100\n|move|p1a: Heatran|Magma Storm|p2a: Araquanid\n|-damage|p2a: Araquanid|71\/100\n|-activate|p2a: Araquanid|move: Magma Storm|[of] p1a: Heatran\n|\n|-damage|p2a: Araquanid|59\/100|[from] move: Magma Storm|[partiallytrapped]\n|upkeep\n|turn|22\n|\n|t:|1700156655\n|switch|p1a: Slowking|Slowking-Galar, M|49\/100\n|move|p2a: Araquanid|Hydro Pump|p1a: Slowking\n|-damage|p1a: Slowking|11\/100\n|\n|-end|p2a: Araquanid|Magma Storm|[partiallytrapped]|[silent]\n|upkeep\n|turn|23\n|\n|t:|1700156669\n|move|p2a: Araquanid|Sticky Web|p1a: Slowking\n|-sidestart|p1: matheusbrr|move: Sticky Web\n|move|p1a: Slowking|Chilly Reception|p1a: Slowking\n|-weather|Snow\n|\n|t:|1700156676\n|switch|p1a: Latios|Latios-Mega, M|100\/100|[from] Chilly Reception\n|\n|-weather|Snow|[upkeep]\n|upkeep\n|turn|24\n|\n|t:|1700156686\n|switch|p2a: Kleavor|Kleavor, M|11\/100\n|move|p1a: Latios|Mystical Fire|p2a: Kleavor\n|-damage|p2a: Kleavor|0 fnt\n|faint|p2a: Kleavor\n|\n|-weather|Snow|[upkeep]\n|upkeep\n|\n|t:|1700156697\n|switch|p2a: Volcarona|Volcarona, M, shiny, tera:Grass|88\/100\n|turn|25\n|\n|t:|1700156703\n|move|p1a: Latios|Defog|p2a: Volcarona\n|-unboost|p2a: Volcarona|evasion|1\n|-sideend|p1: matheusbrr|Sticky Web|[from] move: Defog|[of] p1a: Latios\n|move|p2a: Volcarona|Air Slash|p1a: Latios\n|-damage|p1a: Latios|72\/100\n|\n|-weather|Snow|[upkeep]\n|upkeep\n|turn|26\n|\n|t:|1700156712\n|move|p1a: Latios|Future Sight|p2a: Volcarona\n|-start|p1a: Latios|move: Future Sight\n|move|p2a: Volcarona|Giga Drain|p1a: Latios\n|-resisted|p1a: Latios\n|-damage|p1a: Latios|53\/100\n|-heal|p2a: Volcarona|97\/100|[from] drain|[of] p1a: Latios\n|\n|-weather|Snow|[upkeep]\n|upkeep\n|turn|27\n|\n|t:|1700156716\n|switch|p1a: Heatran|Heatran, F|84\/100\n|move|p2a: Volcarona|Fiery Dance|p1a: Heatran\n|-damage|p1a: Heatran|50\/100\n|\n|-weather|none\n|upkeep\n|turn|28\n|\n|t:|1700156730\n|switch|p2a: Araquanid|Araquanid, F|59\/100\n|move|p1a: Heatran|Taunt|p2a: Araquanid\n|-start|p2a: Araquanid|move: Taunt\n|\n|-end|p2a: Araquanid|move: Future Sight\n|-damage|p2a: Araquanid|2\/100\n|upkeep\n|turn|29\n|\n|t:|1700156743\n|switch|p1a: Slowking|Slowking-Galar, M|44\/100\n|-activate|p2a: Araquanid|move: Struggle\n|move|p2a: Araquanid|Struggle|p1a: Slowking\n|-damage|p1a: Slowking|36\/100\n|-damage|p2a: Araquanid|0 fnt|[from] recoil\n|faint|p2a: Araquanid\n|\n|upkeep\n|\n|t:|1700156749\n|switch|p2a: Scyther|Scyther, M, shiny|100\/100\n|turn|30\n|\n|t:|1700156765\n|move|p2a: Scyther|Dual Wingbeat|p1a: Slowking\n|-damage|p1a: Slowking|7\/100\n|-damage|p1a: Slowking|0 fnt\n|faint|p1a: Slowking\n|-hitcount|p1: Slowking|2\n|\n|upkeep\n|\n|t:|1700156783\n|switch|p1a: Latios|Latios-Mega, M|53\/100\n|turn|31\n|\n|t:|1700156787\n|move|p1a: Latios|Mystical Fire|p2a: Scyther\n|-supereffective|p2a: Scyther\n|-crit|p2a: Scyther\n|-damage|p2a: Scyther|13\/100\n|-unboost|p2a: Scyther|spa|1\n|move|p2a: Scyther|Dual Wingbeat|p1a: Latios\n|-damage|p1a: Latios|23\/100\n|-damage|p1a: Latios|0 fnt\n|faint|p1a: Latios\n|-hitcount|p1: Latios|2\n|\n|upkeep\n|\n|t:|1700156797\n|switch|p1a: Kartana|Kartana|28\/100\n|turn|32\n|\n|t:|1700156804\n|move|p2a: Scyther|Quick Attack|p1a: Kartana\n|-resisted|p1a: Kartana\n|-damage|p1a: Kartana|19\/100\n|move|p1a: Kartana|Knock Off|p2a: Scyther\n|-damage|p2a: Scyther|0 fnt\n|-enditem|p2a: Scyther|Eviolite|[from] move: Knock Off|[of] p1a: Kartana\n|faint|p2a: Scyther\n|-ability|p1a: Kartana|Beast Boost|boost\n|-boost|p1a: Kartana|atk|1\n|\n|upkeep\n|\n|t:|1700156811\n|switch|p2a: Buzzwole|Buzzwole|100\/100\n|turn|33\n|\n|t:|1700156815\n|move|p1a: Kartana|Knock Off|p2a: Buzzwole\n|-resisted|p2a: Buzzwole\n|-damage|p2a: Buzzwole|79\/100\n|-enditem|p2a: Buzzwole|Choice Scarf|[from] move: Knock Off|[of] p1a: Kartana\n|move|p2a: Buzzwole|Close Combat|p1a: Kartana\n|-supereffective|p1a: Kartana\n|-damage|p1a: Kartana|0 fnt\n|-unboost|p2a: Buzzwole|def|1\n|-unboost|p2a: Buzzwole|spd|1\n|faint|p1a: Kartana\n|-ability|p2a: Buzzwole|Beast Boost|boost\n|-boost|p2a: Buzzwole|atk|1\n|\n|upkeep\n|\n|t:|1700156823\n|switch|p1a: Alomomola|Alomomola, M|91\/100\n|turn|34\n|\n|t:|1700156825\n|move|p2a: Buzzwole|Close Combat|p1a: Alomomola\n|-damage|p1a: Alomomola|37\/100\n|-unboost|p2a: Buzzwole|def|1\n|-unboost|p2a: Buzzwole|spd|1\n|-damage|p2a: Buzzwole|62\/100|[from] item: Rocky Helmet|[of] p1a: Alomomola\n|move|p1a: Alomomola|Wish|p1a: Alomomola\n|\n|upkeep\n|turn|35\n|\n|t:|1700156837\n|move|p1a: Alomomola|Protect|p1a: Alomomola\n|-singleturn|p1a: Alomomola|Protect\n|move|p2a: Buzzwole|Close Combat|p1a: Alomomola\n|-activate|p1a: Alomomola|move: Protect\n|\n|-heal|p1a: Alomomola|87\/100|[from] move: Wish|[wisher] Alomomola\n|upkeep\n|turn|36\n|\n|t:|1700156849\n|switch|p2a: Volcarona|Volcarona, M, shiny, tera:Grass|97\/100\n|move|p1a: Alomomola|Scald|p2a: Volcarona\n|-resisted|p2a: Volcarona\n|-damage|p2a: Volcarona|91\/100\n|\n|upkeep\n|turn|37\n|\n|t:|1700156853\n|move|p2a: Volcarona|Quiver Dance|p2a: Volcarona\n|-boost|p2a: Volcarona|spa|1\n|-boost|p2a: Volcarona|spd|1\n|-boost|p2a: Volcarona|spe|1\n|move|p1a: Alomomola|Wish|p1a: Alomomola\n|\n|upkeep\n|turn|38\n|\n|t:|1700156859\n|switch|p1a: Heatran|Heatran, F|50\/100\n|move|p2a: Volcarona|Quiver Dance|p2a: Volcarona\n|-boost|p2a: Volcarona|spa|1\n|-boost|p2a: Volcarona|spd|1\n|-boost|p2a: Volcarona|spe|1\n|\n|-heal|p1a: Heatran|100\/100|[from] move: Wish|[wisher] Alomomola\n|upkeep\n|turn|39\n|\n|t:|1700156867\n|move|p2a: Volcarona|Fiery Dance|p1a: Heatran\n|-damage|p1a: Heatran|35\/100\n|move|p1a: Heatran|Magma Storm|p2a: Volcarona\n|-supereffective|p2a: Volcarona\n|-damage|p2a: Volcarona|46\/100\n|-activate|p2a: Volcarona|move: Magma Storm|[of] p1a: Heatran\n|\n|-damage|p2a: Volcarona|34\/100|[from] move: Magma Storm|[partiallytrapped]\n|upkeep\n|turn|40\n|\n|t:|1700156879\n|move|p1a: Heatran|Protect|p1a: Heatran\n|-singleturn|p1a: Heatran|Protect\n|move|p2a: Volcarona|Fiery Dance|p1a: Heatran\n|-activate|p1a: Heatran|move: Protect\n|\n|-damage|p2a: Volcarona|22\/100|[from] move: Magma Storm|[partiallytrapped]\n|upkeep\n|turn|41\n|\n|t:|1700156905\n|move|p2a: Volcarona|Fiery Dance|p1a: Heatran\n|-damage|p1a: Heatran|0 fnt\n|faint|p1a: Heatran\n|\n|-end|p2a: Volcarona|Magma Storm|[partiallytrapped]|[silent]\n|upkeep\n|\n|t:|1700156908\n|switch|p1a: Nidoking|Nidoking, M|100\/100\n|turn|42\n|\n|t:|1700156914\n|-terastallize|p1a: Nidoking|Poison\n|move|p2a: Volcarona|Giga Drain|p1a: Nidoking\n|-resisted|p1a: Nidoking\n|-damage|p1a: Nidoking|42\/100\n|-heal|p2a: Volcarona|50\/100|[from] drain|[of] p1a: Nidoking\n|move|p1a: Nidoking|Sludge Bomb|p2a: Volcarona\n|-supereffective|p2a: Volcarona\n|-damage|p2a: Volcarona|0 fnt\n|faint|p2a: Volcarona\n|\n|upkeep\n|\n|t:|1700156922\n|switch|p2a: Buzzwole|Buzzwole|62\/100\n|turn|43\n|\n|t:|1700156931\n|move|p2a: Buzzwole|Earthquake|p1a: Nidoking\n|-supereffective|p1a: Nidoking\n|-damage|p1a: Nidoking|0 fnt\n|faint|p1a: Nidoking\n|-ability|p2a: Buzzwole|Beast Boost|boost\n|-boost|p2a: Buzzwole|atk|1\n|\n|upkeep\n|\n|t:|1700156935\n|switch|p1a: Alomomola|Alomomola, M|100\/100\n|turn|44\n|\n|t:|1700156938\n|move|p2a: Buzzwole|Close Combat|p1a: Alomomola\n|-damage|p1a: Alomomola|44\/100\n|-unboost|p2a: Buzzwole|def|1\n|-unboost|p2a: Buzzwole|spd|1\n|-damage|p2a: Buzzwole|45\/100|[from] item: Rocky Helmet|[of] p1a: Alomomola\n|move|p1a: Alomomola|Scald|p2a: Buzzwole\n|-damage|p2a: Buzzwole|11\/100\n|\n|upkeep\n|turn|45\n|\n|t:|1700156949\n|move|p2a: Buzzwole|Close Combat|p1a: Alomomola\n|-damage|p1a: Alomomola|0 fnt\n|-unboost|p2a: Buzzwole|def|1\n|-unboost|p2a: Buzzwole|spd|1\n|-damage|p2a: Buzzwole|0 fnt|[from] item: Rocky Helmet|[of] p1a: Alomomola\n|faint|p1a: Alomomola\n|faint|p2a: Buzzwole\n|\n|win|roudiking\n|raw|matheusbrr's rating: 1399 &rarr; <strong>1379<\/strong><br \/>(-20 for losing)\n|raw|roudiking's rating: 1398 &rarr; <strong>1418<\/strong><br \/>(+20 for winning)\n|l|\u2606matheusbrr\n","uploadtime":1700156985,"views":26,"p1id":"matheusbrr","p2id":"roudiking","formatid":"gen9nationaldex","rating":1379,"private":0,"password":""}