{"id":"gen9nationaldex-1990297472","p1":"Yuanshen61\u6211\u8981\u73a9\u539f\u795e","p2":"smudgerox","format":"[Gen 9] National Dex","log":"|j|\u2606Yuanshen61\u6211\u8981\u73a9\u539f\u795e\n|j|\u2606smudgerox\n|inactive|Battle timer is ON: inactive players will automatically lose when time's up.\n|t:|1699952710\n|gametype|singles\n|player|p1|Yuanshen61\u6211\u8981\u73a9\u539f\u795e|dawn-contest|\n|player|p2|smudgerox|lady-gen4|\n|teamsize|p1|6\n|teamsize|p2|6\n|gen|9\n|tier|[Gen 9] National Dex\n|rated|Tournament battle\n|rule|HP Percentage Mod: HP is shown in percentages\n|rule|Endless Battle Clause: Forcing endless battles is banned\n|rule|OHKO Clause: OHKO moves are banned\n|rule|Evasion Clause: Evasion abilities, items, and moves are banned\n|rule|Evasion Abilities Clause: Evasion abilities are banned\n|rule|Evasion Items Clause: Evasion items are banned\n|rule|Evasion Moves Clause: Evasion moves are banned\n|rule|Species Clause: Limit one of each Pok\u00e9mon\n|rule|Sleep Clause Mod: Limit one foe put to sleep\n|clearpoke\n|poke|p1|Garchomp, M|\n|poke|p1|Rillaboom, M|\n|poke|p1|Sneasler, M|\n|poke|p1|Scizor, F|\n|poke|p1|Moltres|\n|poke|p1|Iron Valiant|\n|poke|p2|Sneasler, F|\n|poke|p2|Tapu Koko|\n|poke|p2|Ferrothorn, F|\n|poke|p2|Samurott-Hisui, M|\n|poke|p2|Iron Valiant|\n|poke|p2|Urshifu-*, F|\n|teampreview\n|inactive|smudgerox also wants the timer to be on.\n|inactive|Yuanshen61\u6211\u8981\u73a9\u539f\u795e also wants the timer to be on.\n|\n|t:|1699952725\n|start\n|switch|p1a: Scizor|Scizor, F|100\/100\n|switch|p2a: Urshifu|Urshifu-Rapid-Strike, F|100\/100\n|turn|1\n|\n|t:|1699952733\n|detailschange|p1a: Scizor|Scizor-Mega, F\n|-mega|p1a: Scizor|Scizor|Scizorite\n|move|p2a: Urshifu|Surging Strikes|p1a: Scizor\n|-crit|p1a: Scizor\n|-damage|p1a: Scizor|87\/100\n|-crit|p1a: Scizor\n|-damage|p1a: Scizor|73\/100\n|-crit|p1a: Scizor\n|-damage|p1a: Scizor|61\/100\n|-hitcount|p1a: Scizor|3\n|move|p1a: Scizor|U-turn|p2a: Urshifu\n|-resisted|p2a: Urshifu\n|-damage|p2a: Urshifu|82\/100\n|\n|t:|1699952739\n|switch|p1a: Rillaboom|Rillaboom, M|100\/100|[from] U-turn\n|-fieldstart|move: Grassy Terrain|[from] ability: Grassy Surge|[of] p1a: Rillaboom\n|\n|-heal|p2a: Urshifu|88\/100|[from] Grassy Terrain\n|upkeep\n|turn|2\n|\n|t:|1699952743\n|switch|p2a: Ferrothorn|Ferrothorn, F|100\/100\n|move|p1a: Rillaboom|U-turn|p2a: Ferrothorn\n|-damage|p2a: Ferrothorn|71\/100\n|-damage|p1a: Rillaboom|88\/100|[from] ability: Iron Barbs|[of] p2a: Ferrothorn\n|\n|t:|1699952750\n|switch|p1a: Garchomp|Garchomp, M|100\/100|[from] U-turn\n|\n|-heal|p2a: Ferrothorn|77\/100|[from] Grassy Terrain\n|upkeep\n|turn|3\n|inactive|smudgerox has 120 seconds left.\n|\n|t:|1699952790\n|move|p1a: Garchomp|Stealth Rock|p2a: Ferrothorn\n|-sidestart|p2: smudgerox|move: Stealth Rock\n|move|p2a: Ferrothorn|Stealth Rock|p1a: Garchomp\n|-sidestart|p1: Yuanshen61\u6211\u8981\u73a9\u539f\u795e|move: Stealth Rock\n|\n|-heal|p2a: Ferrothorn|83\/100|[from] Grassy Terrain\n|upkeep\n|turn|4\n|\n|t:|1699952796\n|move|p1a: Garchomp|Swords Dance|p1a: Garchomp\n|-boost|p1a: Garchomp|atk|2\n|move|p2a: Ferrothorn|Knock Off|p1a: Garchomp\n|-damage|p1a: Garchomp|82\/100\n|-damage|p2a: Ferrothorn|71\/100|[from] ability: Rough Skin|[of] p1a: Garchomp\n|\n|-heal|p1a: Garchomp|88\/100|[from] Grassy Terrain\n|-heal|p2a: Ferrothorn|77\/100|[from] Grassy Terrain\n|upkeep\n|turn|5\n|inactive|smudgerox has 120 seconds left.\n|\n|t:|1699952806\n|move|p1a: Garchomp|Earthquake|p2a: Ferrothorn\n|-damage|p2a: Ferrothorn|30\/100\n|-zpower|p2a: Ferrothorn\n|move|p2a: Ferrothorn|Corkscrew Crash|p1a: Garchomp|[zeffect]\n|-damage|p1a: Garchomp|22\/100\n|\n|-heal|p1a: Garchomp|28\/100|[from] Grassy Terrain\n|-heal|p2a: Ferrothorn|36\/100|[from] Grassy Terrain\n|-fieldend|move: Grassy Terrain\n|upkeep\n|turn|6\n|inactive|smudgerox has 120 seconds left.\n|\n|t:|1699952817\n|move|p1a: Garchomp|Earthquake|p2a: Ferrothorn\n|-damage|p2a: Ferrothorn|0 fnt\n|faint|p2a: Ferrothorn\n|\n|upkeep\n|\n|t:|1699952819\n|switch|p2a: Iron Valiant|Iron Valiant|100\/100\n|-damage|p2a: Iron Valiant|94\/100|[from] Stealth Rock\n|-enditem|p2a: Iron Valiant|Booster Energy\n|-activate|p2a: Iron Valiant|ability: Quark Drive|[fromitem]\n|-start|p2a: Iron Valiant|quarkdrivespe\n|turn|7\n|\n|t:|1699952828\n|switch|p1a: Scizor|Scizor-Mega, F|61\/100\n|-damage|p1a: Scizor|49\/100|[from] Stealth Rock\n|move|p2a: Iron Valiant|Shadow Ball|p1a: Scizor\n|-damage|p1a: Scizor|24\/100\n|\n|upkeep\n|turn|8\n|\n|t:|1699952835\n|-terastallize|p2a: Iron Valiant|Steel\n|move|p1a: Scizor|Bullet Punch|p2a: Iron Valiant\n|-resisted|p2a: Iron Valiant\n|-damage|p2a: Iron Valiant|76\/100\n|move|p2a: Iron Valiant|Calm Mind|p2a: Iron Valiant\n|-boost|p2a: Iron Valiant|spa|1\n|-boost|p2a: Iron Valiant|spd|1\n|\n|upkeep\n|turn|9\n|\n|t:|1699952844\n|switch|p1a: Garchomp|Garchomp, M|28\/100\n|-damage|p1a: Garchomp|22\/100|[from] Stealth Rock\n|move|p2a: Iron Valiant|Moonblast|p1a: Garchomp\n|-supereffective|p1a: Garchomp\n|-damage|p1a: Garchomp|0 fnt\n|faint|p1a: Garchomp\n|\n|upkeep\n|\n|t:|1699952852\n|switch|p1a: Moltres|Moltres|100\/100\n|turn|10\n|\n|t:|1699952856\n|move|p2a: Iron Valiant|Thunderbolt|p1a: Moltres\n|-supereffective|p1a: Moltres\n|-damage|p1a: Moltres|17\/100\n|move|p1a: Moltres|Flamethrower|p2a: Iron Valiant\n|-supereffective|p2a: Iron Valiant\n|-damage|p2a: Iron Valiant|0 fnt\n|faint|p2a: Iron Valiant\n|-end|p2a: Iron Valiant|Quark Drive|[silent]\n|\n|upkeep\n|\n|t:|1699952864\n|switch|p2a: Samurott|Samurott-Hisui, M|100\/100\n|turn|11\n|\n|t:|1699952870\n|move|p2a: Samurott|Swords Dance|p2a: Samurott\n|-boost|p2a: Samurott|atk|2\n|move|p1a: Moltres|Defog|p2a: Samurott\n|-unboost|p2a: Samurott|evasion|1\n|-sideend|p2: smudgerox|Stealth Rock|[from] move: Defog|[of] p1a: Moltres\n|-sideend|p1: Yuanshen61\u6211\u8981\u73a9\u539f\u795e|Stealth Rock|[from] move: Defog|[of] p1a: Moltres\n|\n|upkeep\n|turn|12\n|\n|t:|1699952878\n|switch|p1a: Scizor|Scizor-Mega, F|24\/100\n|move|p2a: Samurott|Ceaseless Edge|p1a: Scizor|[miss]\n|-miss|p2a: Samurott|p1a: Scizor\n|\n|upkeep\n|turn|13\n|\n|t:|1699952884\n|move|p2a: Samurott|Sucker Punch|p1a: Scizor\n|-damage|p1a: Scizor|0 fnt\n|faint|p1a: Scizor\n|\n|upkeep\n|\n|t:|1699952888\n|switch|p1a: Rillaboom|Rillaboom, M|88\/100\n|-fieldstart|move: Grassy Terrain|[from] ability: Grassy Surge|[of] p1a: Rillaboom\n|turn|14\n|\n|t:|1699952898\n|move|p1a: Rillaboom|Grassy Glide|p2a: Samurott\n|-supereffective|p2a: Samurott\n|-damage|p2a: Samurott|0 fnt\n|faint|p2a: Samurott\n|\n|-heal|p1a: Rillaboom|94\/100|[from] Grassy Terrain\n|upkeep\n|\n|t:|1699952900\n|switch|p2a: Tapu Koko|Tapu Koko|100\/100\n|-fieldstart|move: Electric Terrain|[from] ability: Electric Surge|[of] p2a: Tapu Koko\n|turn|15\n|\n|t:|1699952904\n|switch|p2a: Sneasler|Sneasler, F|100\/100\n|-enditem|p2a: Sneasler|Electric Seed\n|-boost|p2a: Sneasler|def|1|[from] item: Electric Seed\n|switch|p1a: Moltres|Moltres|17\/100\n|\n|upkeep\n|turn|16\n|\n|t:|1699952913\n|move|p2a: Sneasler|Swords Dance|p2a: Sneasler\n|-boost|p2a: Sneasler|atk|2\n|move|p1a: Moltres|Flamethrower|p2a: Sneasler\n|-damage|p2a: Sneasler|53\/100\n|\n|upkeep\n|turn|17\n|\n|t:|1699952922\n|move|p2a: Sneasler|Acrobatics|p1a: Moltres\n|-damage|p1a: Moltres|0 fnt\n|faint|p1a: Moltres\n|\n|upkeep\n|\n|t:|1699952925\n|switch|p1a: Rillaboom|Rillaboom, M|94\/100\n|-fieldstart|move: Grassy Terrain|[from] ability: Grassy Surge|[of] p1a: Rillaboom\n|turn|18\n|\n|t:|1699952932\n|-terastallize|p1a: Rillaboom|Grass\n|move|p1a: Rillaboom|Grassy Glide|p2a: Sneasler\n|-resisted|p2a: Sneasler\n|-damage|p2a: Sneasler|14\/100\n|move|p2a: Sneasler|Acrobatics|p1a: Rillaboom\n|-supereffective|p1a: Rillaboom\n|-damage|p1a: Rillaboom|0 fnt\n|faint|p1a: Rillaboom\n|\n|-heal|p2a: Sneasler|20\/100|[from] Grassy Terrain\n|upkeep\n|\n|t:|1699952937\n|switch|p1a: Sneasler|Sneasler, M|100\/100\n|-enditem|p1a: Sneasler|Grassy Seed\n|-boost|p1a: Sneasler|def|1|[from] item: Grassy Seed\n|turn|19\n|\n|t:|1699952940\n|move|p1a: Sneasler|Acrobatics|p2a: Sneasler\n|-supereffective|p2a: Sneasler\n|-damage|p2a: Sneasler|0 fnt\n|faint|p2a: Sneasler\n|\n|upkeep\n|\n|t:|1699952943\n|switch|p2a: Tapu Koko|Tapu Koko|100\/100\n|-fieldstart|move: Electric Terrain|[from] ability: Electric Surge|[of] p2a: Tapu Koko\n|turn|20\n|\n|t:|1699952949\n|move|p1a: Sneasler|Dire Claw|p2a: Tapu Koko\n|-supereffective|p2a: Tapu Koko\n|-damage|p2a: Tapu Koko|0 fnt\n|faint|p2a: Tapu Koko\n|\n|upkeep\n|\n|t:|1699952951\n|switch|p2a: Urshifu|Urshifu-Rapid-Strike, F|88\/100\n|turn|21\n|\n|t:|1699952954\n|move|p1a: Sneasler|Acrobatics|p2a: Urshifu\n|-supereffective|p2a: Urshifu\n|-damage|p2a: Urshifu|10\/100\n|move|p2a: Urshifu|Surging Strikes|p1a: Sneasler\n|-crit|p1a: Sneasler\n|-damage|p1a: Sneasler|61\/100\n|-crit|p1a: Sneasler\n|-damage|p1a: Sneasler|28\/100\n|-crit|p1a: Sneasler\n|-damage|p1a: Sneasler|0 fnt\n|faint|p1a: Sneasler\n|-hitcount|p1: Sneasler|3\n|\n|upkeep\n|\n|t:|1699952958\n|switch|p1a: Iron Valiant|Iron Valiant|100\/100\n|-activate|p1a: Iron Valiant|ability: Quark Drive\n|-start|p1a: Iron Valiant|quarkdrivespe\n|turn|22\n|c|\u2606Yuanshen61\u6211\u8981\u73a9\u539f\u795e|gg\n|c|\u2606smudgerox|gg\n|\n|t:|1699952970\n|move|p1a: Iron Valiant|Thunderbolt|p2a: Urshifu\n|-supereffective|p2a: Urshifu\n|-damage|p2a: Urshifu|0 fnt\n|faint|p2a: Urshifu\n|\n|win|Yuanshen61\u6211\u8981\u73a9\u539f\u795e\n|n|\u2606Yuanshen61\u6211\u8981\u73a9\u539f\u795e|yuanshen61\n|n|\u2606smudgerox|smudgerox\n","uploadtime":1699952975,"views":4,"p1id":"yuanshen61","p2id":"smudgerox","formatid":"gen9nationaldex","rating":0,"private":0,"password":""}