{"id":"gen9nationaldex-1990029989","p1":"Sonnymarsh","p2":"ryan_farhan","format":"[Gen 9] National Dex","log":"|j|\u2606Sonnymarsh\n|j|\u2606ryan_farhan\n|t:|1699917068\n|gametype|singles\n|player|p1|Sonnymarsh|blackbelt|1102\n|player|p2|ryan_farhan|1|1067\n|teamsize|p1|6\n|teamsize|p2|6\n|gen|9\n|tier|[Gen 9] National Dex\n|rated|\n|rule|HP Percentage Mod: HP is shown in percentages\n|rule|Endless Battle Clause: Forcing endless battles is banned\n|rule|OHKO Clause: OHKO moves are banned\n|rule|Evasion Clause: Evasion abilities, items, and moves are banned\n|rule|Evasion Abilities Clause: Evasion abilities are banned\n|rule|Evasion Items Clause: Evasion items are banned\n|rule|Evasion Moves Clause: Evasion moves are banned\n|rule|Species Clause: Limit one of each Pok\u00e9mon\n|rule|Sleep Clause Mod: Limit one foe put to sleep\n|clearpoke\n|poke|p1|Braviary-Hisui, M|\n|poke|p1|Gyarados, M|\n|poke|p1|Scolipede, M|\n|poke|p1|Ferrothorn, M|\n|poke|p1|Kommo-o, M|\n|poke|p1|Xurkitree|\n|poke|p2|Pikachu, M|\n|poke|p2|Bulbasaur, M|\n|poke|p2|Squirtle, M|\n|poke|p2|Charizard, M|\n|poke|p2|Lapras, M|\n|poke|p2|Snorlax, M|\n|teampreview\n|inactive|Battle timer is ON: inactive players will automatically lose when time's up. (requested by ryan_farhan)\n|\n|t:|1699917073\n|start\n|switch|p1a: Scolipede|Scolipede, M, shiny|100\/100\n|switch|p2a: Charizard|Charizard, M|100\/100\n|turn|1\n|\n|t:|1699917080\n|detailschange|p2a: Charizard|Charizard-Mega-X, M\n|-mega|p2a: Charizard|Charizard|Charizardite X\n|move|p1a: Scolipede|Swords Dance|p1a: Scolipede\n|-boost|p1a: Scolipede|atk|2\n|move|p2a: Charizard|Dragon Dance|p2a: Charizard\n|-boost|p2a: Charizard|atk|1\n|-boost|p2a: Charizard|spe|1\n|\n|-ability|p1a: Scolipede|Speed Boost|boost\n|-boost|p1a: Scolipede|spe|1\n|upkeep\n|turn|2\n|\n|t:|1699917099\n|move|p1a: Scolipede|Earthquake|p2a: Charizard\n|-supereffective|p2a: Charizard\n|-damage|p2a: Charizard|0 fnt\n|faint|p2a: Charizard\n|\n|-ability|p1a: Scolipede|Speed Boost|boost\n|-boost|p1a: Scolipede|spe|1\n|upkeep\n|\n|t:|1699917110\n|switch|p2a: Squirtle|Squirtle, M|100\/100\n|turn|3\n|\n|t:|1699917124\n|move|p1a: Scolipede|Poison Jab|p2a: Squirtle\n|-crit|p2a: Squirtle\n|-damage|p2a: Squirtle|20\/100\n|-status|p2a: Squirtle|psn\n|move|p2a: Squirtle|Counter|p1a: Scolipede\n|-enditem|p1a: Scolipede|Focus Sash\n|-damage|p1a: Scolipede|1\/100\n|\n|-damage|p2a: Squirtle|8\/100 psn|[from] psn\n|-ability|p1a: Scolipede|Speed Boost|boost\n|-boost|p1a: Scolipede|spe|1\n|upkeep\n|turn|4\n|\n|t:|1699917137\n|move|p1a: Scolipede|Earthquake|p2a: Squirtle\n|-crit|p2a: Squirtle\n|-damage|p2a: Squirtle|0 fnt\n|faint|p2a: Squirtle\n|\n|-ability|p1a: Scolipede|Speed Boost|boost\n|-boost|p1a: Scolipede|spe|1\n|upkeep\n|\n|t:|1699917144\n|switch|p2a: Pikachu|Pikachu, M|100\/100\n|turn|5\n|\n|t:|1699917151\n|-terastallize|p2a: Pikachu|Flying\n|move|p1a: Scolipede|Earthquake|p2a: Pikachu\n|-immune|p2a: Pikachu\n|move|p2a: Pikachu|Nuzzle|p1a: Scolipede\n|-damage|p1a: Scolipede|0 fnt\n|faint|p1a: Scolipede\n|\n|upkeep\n|c|\u2606Sonnymarsh|Ok\n|\n|t:|1699917164\n|switch|p1a: Xurkitree|Xurkitree, shiny|100\/100\n|turn|6\n|\n|t:|1699917167\n|move|p2a: Pikachu|Substitute|p2a: Pikachu\n|-start|p2a: Pikachu|Substitute\n|-damage|p2a: Pikachu|75\/100\n|move|p1a: Xurkitree|Calm Mind|p1a: Xurkitree\n|-boost|p1a: Xurkitree|spa|1\n|-boost|p1a: Xurkitree|spd|1\n|\n|upkeep\n|turn|7\n|\n|t:|1699917174\n|move|p2a: Pikachu|Thunderbolt|p1a: Xurkitree\n|-resisted|p1a: Xurkitree\n|-damage|p1a: Xurkitree|77\/100\n|move|p1a: Xurkitree|Thunderbolt|p2a: Pikachu\n|-ability|p2a: Pikachu|Lightning Rod|boost\n|-boost|p2a: Pikachu|spa|1\n|\n|-heal|p1a: Xurkitree|83\/100|[from] item: Leftovers\n|upkeep\n|turn|8\n|c|\u2606Sonnymarsh|this is something else\n|\n|t:|1699917187\n|move|p2a: Pikachu|Thunderbolt|p1a: Xurkitree\n|-resisted|p1a: Xurkitree\n|-damage|p1a: Xurkitree|44\/100\n|move|p1a: Xurkitree|Signal Beam|p2a: Pikachu\n|-resisted|p2a: Pikachu\n|-end|p2a: Pikachu|Substitute\n|\n|-heal|p1a: Xurkitree|50\/100|[from] item: Leftovers\n|upkeep\n|turn|9\n|\n|t:|1699917197\n|move|p2a: Pikachu|Grass Knot|p1a: Xurkitree\n|-damage|p1a: Xurkitree|0 fnt\n|faint|p1a: Xurkitree\n|\n|upkeep\n|\n|t:|1699917211\n|switch|p1a: Kommo-o|Kommo-o, M|100\/100\n|turn|10\n|c|\u2606ryan_farhan|What my pikachu?\n|\n|t:|1699917224\n|move|p2a: Pikachu|Nuzzle|p1a: Kommo-o\n|-resisted|p1a: Kommo-o\n|-damage|p1a: Kommo-o|97\/100\n|-status|p1a: Kommo-o|par\n|-zpower|p1a: Kommo-o\n|move|p1a: Kommo-o|Clangorous Soulblaze|p2a: Pikachu|[zeffect]\n|-damage|p2a: Pikachu|0 fnt\n|faint|p2a: Pikachu\n|-boost|p1a: Kommo-o|atk|1\n|-boost|p1a: Kommo-o|def|1\n|-boost|p1a: Kommo-o|spa|1\n|-boost|p1a: Kommo-o|spd|1\n|-boost|p1a: Kommo-o|spe|1\n|\n|upkeep\n|c|\u2606Sonnymarsh|it's just built different man\n|\n|t:|1699917239\n|switch|p2a: Lapras|Lapras, M|100\/100\n|turn|11\n|\n|t:|1699917253\n|move|p1a: Kommo-o|Drain Punch|p2a: Lapras\n|-supereffective|p2a: Lapras\n|-damage|p2a: Lapras|38\/100\n|-heal|p1a: Kommo-o|100\/100 par|[from] drain|[of] p2a: Lapras\n|move|p2a: Lapras|Perish Song|p2a: Lapras\n|-start|p1a: Kommo-o|perish3|[silent]\n|-start|p2a: Lapras|perish3|[silent]\n|-fieldactivate|move: Perish Song\n|\n|-heal|p2a: Lapras|44\/100|[from] item: Leftovers\n|-start|p1a: Kommo-o|perish3\n|-start|p2a: Lapras|perish3\n|upkeep\n|turn|12\n|\n|t:|1699917265\n|move|p2a: Lapras|Protect|p2a: Lapras\n|-singleturn|p2a: Lapras|Protect\n|move|p1a: Kommo-o|Drain Punch|p2a: Lapras\n|-activate|p2a: Lapras|move: Protect\n|\n|-heal|p2a: Lapras|50\/100|[from] item: Leftovers\n|-start|p1a: Kommo-o|perish2\n|-start|p2a: Lapras|perish2\n|upkeep\n|turn|13\n|\n|t:|1699917275\n|switch|p2a: Bulbasaur|Bulbasaur, M|100\/100\n|move|p1a: Kommo-o|Drain Punch|p2a: Bulbasaur\n|-resisted|p2a: Bulbasaur\n|-damage|p2a: Bulbasaur|67\/100\n|\n|-start|p1a: Kommo-o|perish1\n|upkeep\n|turn|14\n|c|\u2606ryan_farhan|It is a champion\u2019s ace afterall\n|inactive|ryan_farhan has 120 seconds left.\n|\n|t:|1699917306\n|switch|p1a: Ferrothorn|Ferrothorn, M, shiny|100\/100\n|move|p2a: Bulbasaur|Leech Seed|p1a: Ferrothorn\n|-immune|p1a: Ferrothorn\n|\n|upkeep\n|turn|15\n|\n|t:|1699917313\n|move|p2a: Bulbasaur|Hidden Power|p1a: Ferrothorn\n|-supereffective|p1a: Ferrothorn\n|-damage|p1a: Ferrothorn|59\/100\n|move|p1a: Ferrothorn|Iron Defense|p1a: Ferrothorn\n|-boost|p1a: Ferrothorn|def|2\n|\n|upkeep\n|turn|16\n|\n|t:|1699917320\n|move|p2a: Bulbasaur|Hidden Power|p1a: Ferrothorn\n|-supereffective|p1a: Ferrothorn\n|-damage|p1a: Ferrothorn|22\/100\n|move|p1a: Ferrothorn|Gyro Ball|p2a: Bulbasaur\n|-damage|p2a: Bulbasaur|31\/100\n|\n|upkeep\n|turn|17\n|\n|t:|1699917330\n|switch|p1a: Braviary|Braviary-Hisui, M, shiny|100\/100\n|move|p2a: Bulbasaur|Hidden Power|p1a: Braviary\n|-damage|p1a: Braviary|85\/100\n|\n|-heal|p1a: Braviary|91\/100|[from] item: Leftovers\n|upkeep\n|turn|18\n|\n|t:|1699917344\n|switch|p2a: Lapras|Lapras, M|50\/100\n|move|p1a: Braviary|Esper Wing|p2a: Lapras\n|-damage|p2a: Lapras|25\/100\n|-boost|p1a: Braviary|spe|1\n|\n|-heal|p1a: Braviary|97\/100|[from] item: Leftovers\n|-heal|p2a: Lapras|31\/100|[from] item: Leftovers\n|upkeep\n|turn|19\n|\n|t:|1699917355\n|move|p2a: Lapras|Protect|p2a: Lapras\n|-singleturn|p2a: Lapras|Protect\n|move|p1a: Braviary|Esper Wing|p2a: Lapras\n|-activate|p2a: Lapras|move: Protect\n|\n|-heal|p1a: Braviary|100\/100|[from] item: Leftovers\n|-heal|p2a: Lapras|38\/100|[from] item: Leftovers\n|upkeep\n|turn|20\n|c|\u2606ryan_farhan|It\u2019s so weird seeing pikachu squirtle and bulbasaur carrying this match\n|\n|t:|1699917378\n|move|p1a: Braviary|Esper Wing|p2a: Lapras\n|-damage|p2a: Lapras|13\/100\n|-boost|p1a: Braviary|spe|1\n|move|p2a: Lapras|Freeze-Dry|p1a: Braviary\n|-supereffective|p1a: Braviary\n|-damage|p1a: Braviary|58\/100\n|\n|-heal|p1a: Braviary|64\/100|[from] item: Leftovers\n|-heal|p2a: Lapras|20\/100|[from] item: Leftovers\n|upkeep\n|turn|21\n|\n|t:|1699917390\n|move|p2a: Lapras|Protect|p2a: Lapras\n|-singleturn|p2a: Lapras|Protect\n|move|p1a: Braviary|Esper Wing|p2a: Lapras\n|-activate|p2a: Lapras|move: Protect\n|\n|-heal|p1a: Braviary|70\/100|[from] item: Leftovers\n|-heal|p2a: Lapras|26\/100|[from] item: Leftovers\n|upkeep\n|turn|22\n|\n|t:|1699917399\n|move|p1a: Braviary|Esper Wing|p2a: Lapras\n|-damage|p2a: Lapras|4\/100\n|-boost|p1a: Braviary|spe|1\n|move|p2a: Lapras|Freeze-Dry|p1a: Braviary\n|-supereffective|p1a: Braviary\n|-damage|p1a: Braviary|25\/100\n|\n|-heal|p1a: Braviary|31\/100|[from] item: Leftovers\n|-heal|p2a: Lapras|11\/100|[from] item: Leftovers\n|upkeep\n|turn|23\n|\n|t:|1699917410\n|move|p1a: Braviary|Calm Mind|p1a: Braviary\n|-boost|p1a: Braviary|spa|1\n|-boost|p1a: Braviary|spd|1\n|move|p2a: Lapras|Freeze-Dry|p1a: Braviary\n|-supereffective|p1a: Braviary\n|-damage|p1a: Braviary|2\/100\n|\n|-heal|p1a: Braviary|9\/100|[from] item: Leftovers\n|-heal|p2a: Lapras|17\/100|[from] item: Leftovers\n|upkeep\n|turn|24\n|\n|t:|1699917421\n|move|p1a: Braviary|Roost|p1a: Braviary\n|-heal|p1a: Braviary|59\/100\n|-singleturn|p1a: Braviary|move: Roost\n|move|p2a: Lapras|Freeze-Dry|p1a: Braviary\n|-damage|p1a: Braviary|42\/100\n|\n|-heal|p1a: Braviary|48\/100|[from] item: Leftovers\n|-heal|p2a: Lapras|23\/100|[from] item: Leftovers\n|upkeep\n|turn|25\n|\n|t:|1699917432\n|move|p1a: Braviary|Roost|p1a: Braviary\n|-heal|p1a: Braviary|98\/100\n|-singleturn|p1a: Braviary|move: Roost\n|move|p2a: Lapras|Perish Song|p2a: Lapras\n|-start|p1a: Braviary|perish3|[silent]\n|-start|p2a: Lapras|perish3|[silent]\n|-fieldactivate|move: Perish Song\n|\n|-heal|p1a: Braviary|100\/100|[from] item: Leftovers\n|-heal|p2a: Lapras|29\/100|[from] item: Leftovers\n|-start|p1a: Braviary|perish3\n|-start|p2a: Lapras|perish3\n|upkeep\n|turn|26\n|\n|t:|1699917445\n|move|p2a: Lapras|Protect|p2a: Lapras\n|-singleturn|p2a: Lapras|Protect\n|move|p1a: Braviary|Esper Wing|p2a: Lapras\n|-activate|p2a: Lapras|move: Protect\n|\n|-heal|p2a: Lapras|36\/100|[from] item: Leftovers\n|-start|p1a: Braviary|perish2\n|-start|p2a: Lapras|perish2\n|upkeep\n|turn|27\n|\n|t:|1699917456\n|move|p1a: Braviary|Esper Wing|p2a: Lapras\n|-damage|p2a: Lapras|0 fnt\n|-boost|p1a: Braviary|spe|1\n|faint|p2a: Lapras\n|\n|-start|p1a: Braviary|perish1\n|upkeep\n|\n|t:|1699917466\n|switch|p2a: Snorlax|Snorlax, M|100\/100\n|turn|28\n|\n|t:|1699917469\n|move|p1a: Braviary|Esper Wing|p2a: Snorlax\n|-damage|p2a: Snorlax|72\/100\n|-boost|p1a: Braviary|spe|1\n|move|p2a: Snorlax|Curse|p2a: Snorlax\n|-unboost|p2a: Snorlax|spe|1\n|-boost|p2a: Snorlax|atk|1\n|-boost|p2a: Snorlax|def|1\n|\n|-start|p1a: Braviary|perish0\n|upkeep\n|faint|p1a: Braviary\n|\n|t:|1699917478\n|switch|p1a: Kommo-o|Kommo-o, M|100\/100 par\n|turn|29\n|\n|t:|1699917483\n|move|p1a: Kommo-o|Drain Punch|p2a: Snorlax\n|-supereffective|p2a: Snorlax\n|-damage|p2a: Snorlax|43\/100\n|-enditem|p2a: Snorlax|Aguav Berry|[eat]\n|-heal|p2a: Snorlax|76\/100|[from] item: Aguav Berry\n|move|p2a: Snorlax|Earthquake|p1a: Kommo-o\n|-damage|p1a: Kommo-o|64\/100 par\n|\n|upkeep\n|turn|30\n|\n|t:|1699917493\n|move|p1a: Kommo-o|Drain Punch|p2a: Snorlax\n|-supereffective|p2a: Snorlax\n|-damage|p2a: Snorlax|46\/100\n|-heal|p1a: Kommo-o|92\/100 par|[from] drain|[of] p2a: Snorlax\n|move|p2a: Snorlax|Curse|p2a: Snorlax\n|-unboost|p2a: Snorlax|spe|1\n|-boost|p2a: Snorlax|atk|1\n|-boost|p2a: Snorlax|def|1\n|\n|upkeep\n|turn|31\n|\n|t:|1699917502\n|move|p1a: Kommo-o|Drain Punch|p2a: Snorlax\n|-supereffective|p2a: Snorlax\n|-damage|p2a: Snorlax|23\/100\n|-heal|p1a: Kommo-o|100\/100 par|[from] drain|[of] p2a: Snorlax\n|move|p2a: Snorlax|Recycle|p2a: Snorlax\n|-item|p2a: Snorlax|Aguav Berry|[from] move: Recycle\n|-enditem|p2a: Snorlax|Aguav Berry|[eat]\n|-heal|p2a: Snorlax|56\/100|[from] item: Aguav Berry\n|\n|upkeep\n|turn|32\n|\n|t:|1699917512\n|cant|p1a: Kommo-o|par\n|move|p2a: Snorlax|Recycle|p2a: Snorlax\n|-item|p2a: Snorlax|Aguav Berry|[from] move: Recycle\n|\n|upkeep\n|turn|33\n|\n|t:|1699917517\n|cant|p1a: Kommo-o|par\n|move|p2a: Snorlax|Curse|p2a: Snorlax\n|-unboost|p2a: Snorlax|spe|1\n|-boost|p2a: Snorlax|atk|1\n|-boost|p2a: Snorlax|def|1\n|\n|upkeep\n|turn|34\n|\n|t:|1699917524\n|move|p1a: Kommo-o|Drain Punch|p2a: Snorlax\n|-supereffective|p2a: Snorlax\n|-damage|p2a: Snorlax|40\/100\n|-enditem|p2a: Snorlax|Aguav Berry|[eat]\n|-heal|p2a: Snorlax|73\/100|[from] item: Aguav Berry\n|move|p2a: Snorlax|Curse|p2a: Snorlax\n|-unboost|p2a: Snorlax|spe|1\n|-boost|p2a: Snorlax|atk|1\n|-boost|p2a: Snorlax|def|1\n|\n|upkeep\n|turn|35\n|c|\u2606Sonnymarsh|brother\n|c|\u2606Sonnymarsh|this is just abusive dawg\n|\n|t:|1699917539\n|move|p1a: Kommo-o|Fire Punch|p2a: Snorlax\n|-damage|p2a: Snorlax|69\/100\n|move|p2a: Snorlax|Recycle|p2a: Snorlax\n|-item|p2a: Snorlax|Aguav Berry|[from] move: Recycle\n|\n|upkeep\n|turn|36\n|c|\u2606ryan_farhan|Now I\u2019m setting up\n|\n|t:|1699917546\n|cant|p1a: Kommo-o|par\n|move|p2a: Snorlax|Curse|p2a: Snorlax\n|-unboost|p2a: Snorlax|spe|1\n|-boost|p2a: Snorlax|atk|1\n|-boost|p2a: Snorlax|def|1\n|\n|upkeep\n|turn|37\n|c|\u2606Sonnymarsh|man\n|c|\u2606Sonnymarsh|I wish I cared\n|\n|t:|1699917553\n|switch|p1a: Ferrothorn|Ferrothorn, M, shiny|22\/100\n|move|p2a: Snorlax|Curse|p2a: Snorlax\n|-unboost|p2a: Snorlax|spe|1\n|-boost|p2a: Snorlax|atk|1\n|-boost|p2a: Snorlax|def|1\n|\n|upkeep\n|turn|38\n|\n|t:|1699917561\n|move|p1a: Ferrothorn|Leech Seed|p2a: Snorlax\n|-start|p2a: Snorlax|move: Leech Seed\n|move|p2a: Snorlax|Earthquake|p1a: Ferrothorn\n|-damage|p1a: Ferrothorn|0 fnt\n|faint|p1a: Ferrothorn\n|\n|upkeep\n|\n|t:|1699917567\n|switch|p1a: Gyarados|Gyarados, M, shiny|100\/100\n|turn|39\n|\n|t:|1699917571\n|move|p1a: Gyarados|Dragon Dance|p1a: Gyarados\n|-boost|p1a: Gyarados|atk|1\n|-boost|p1a: Gyarados|spe|1\n|move|p2a: Snorlax|Ice Punch|p1a: Gyarados\n|-damage|p1a: Gyarados|12\/100\n|\n|-heal|p1a: Gyarados|18\/100|[from] item: Leftovers\n|-damage|p2a: Snorlax|56\/100|[from] Leech Seed|[of] p1a: Gyarados\n|-heal|p1a: Gyarados|36\/100|[silent]\n|upkeep\n|turn|40\n|\n|t:|1699917581\n|-terastallize|p1a: Gyarados|Ground\n|move|p1a: Gyarados|Earthquake|p2a: Snorlax\n|-damage|p2a: Snorlax|43\/100\n|-enditem|p2a: Snorlax|Aguav Berry|[eat]\n|-heal|p2a: Snorlax|76\/100|[from] item: Aguav Berry\n|move|p2a: Snorlax|Ice Punch|p1a: Gyarados\n|-supereffective|p1a: Gyarados\n|-damage|p1a: Gyarados|0 fnt\n|faint|p1a: Gyarados\n|\n|upkeep\n|c|\u2606Sonnymarsh|aight\n|c|\u2606Sonnymarsh|This is so damn cringe\n|c|\u2606ryan_farhan|This was a good match\n|c|\u2606Sonnymarsh|But I concede\n|c|\u2606ryan_farhan|I swear you had me in the first half\n|inactive|Sonnymarsh has 120 seconds left.\n|c|\u2606Sonnymarsh|it was too cringe for me to counter\n|c|\u2606ryan_farhan|Which one\n|c|\u2606Sonnymarsh|I bid your dogass, adeiu\n|-message|Sonnymarsh forfeited.\n|\n|win|ryan_farhan\n|raw|Sonnymarsh's rating: 1102 &rarr; <strong>1074<\/strong><br \/>(-28 for losing)\n|raw|ryan_farhan's rating: 1067 &rarr; <strong>1100<\/strong><br \/>(+33 for winning)\n|c|\u2606ryan_farhan|did you think\n|l|\u2606Sonnymarsh\n|c|\u2606ryan_farhan|basic Pok\u00e9mon were weak\n","uploadtime":1699917639,"views":25,"p1id":"sonnymarsh","p2id":"ryanfarhan","formatid":"gen9nationaldex","rating":1074,"private":0,"password":""}