{"id":"gen9nationaldex-1988902719","p1":"Souravgotthepkmn1","p2":"CoffeeT4h","format":"[Gen 9] National Dex","log":"|j|\u2606Souravgotthepkmn1\n|j|\u2606CoffeeT4h\n|t:|1699784537\n|gametype|singles\n|player|p1|Souravgotthepkmn1|gambler|1119\n|player|p2|CoffeeT4h|hugh|1125\n|teamsize|p1|6\n|teamsize|p2|6\n|gen|9\n|tier|[Gen 9] National Dex\n|rated|\n|rule|HP Percentage Mod: HP is shown in percentages\n|rule|Endless Battle Clause: Forcing endless battles is banned\n|rule|OHKO Clause: OHKO moves are banned\n|rule|Evasion Clause: Evasion abilities, items, and moves are banned\n|rule|Evasion Abilities Clause: Evasion abilities are banned\n|rule|Evasion Items Clause: Evasion items are banned\n|rule|Evasion Moves Clause: Evasion moves are banned\n|rule|Species Clause: Limit one of each Pok\u00e9mon\n|rule|Sleep Clause Mod: Limit one foe put to sleep\n|clearpoke\n|poke|p1|Charizard, M|\n|poke|p1|Torterra, F|\n|poke|p1|Azumarill, F|\n|poke|p1|Togekiss, M|\n|poke|p1|Toxtricity, M|\n|poke|p1|Silvally-*|\n|poke|p2|Hippowdon, F|\n|poke|p2|Swampert, M|\n|poke|p2|Aggron, M|\n|poke|p2|Lucario, F|\n|poke|p2|Salamence, F|\n|poke|p2|Ferrothorn, M|\n|teampreview\n|inactive|Battle timer is ON: inactive players will automatically lose when time's up. (requested by Souravgotthepkmn1)\n|\n|t:|1699784548\n|start\n|switch|p1a: Azumarill|Azumarill, F|100\/100\n|switch|p2a: Gaara|Hippowdon, F|100\/100\n|-weather|Sandstorm|[from] ability: Sand Stream|[of] p2a: Gaara\n|turn|1\n|inactive|Souravgotthepkmn1 has 120 seconds left.\n|\n|t:|1699784579\n|move|p1a: Azumarill|Belly Drum|p1a: Azumarill\n|-damage|p1a: Azumarill|50\/100\n|-setboost|p1a: Azumarill|atk|6|[from] move: Belly Drum\n|move|p2a: Gaara|Roar|p1a: Azumarill\n|drag|p1a: Charizard|Charizard, M|100\/100\n|\n|-weather|Sandstorm|[upkeep]\n|-damage|p1a: Charizard|94\/100|[from] Sandstorm\n|upkeep\n|turn|2\n|inactive|Souravgotthepkmn1 has 120 seconds left.\n|\n|t:|1699784604\n|move|p1a: Charizard|Dragon Dance|p1a: Charizard\n|-boost|p1a: Charizard|atk|1\n|-boost|p1a: Charizard|spe|1\n|move|p2a: Gaara|Stealth Rock|p1a: Charizard\n|-sidestart|p1: Souravgotthepkmn1|move: Stealth Rock\n|\n|-weather|Sandstorm|[upkeep]\n|-damage|p1a: Charizard|88\/100|[from] Sandstorm\n|upkeep\n|turn|3\n|\n|t:|1699784614\n|detailschange|p1a: Charizard|Charizard-Mega-X, M\n|-mega|p1a: Charizard|Charizard|Charizardite X\n|move|p1a: Charizard|Dragon Claw|p2a: Gaara\n|-damage|p2a: Gaara|43\/100\n|move|p2a: Gaara|Roar|p1a: Charizard\n|drag|p1a: Torterra|Torterra, F|100\/100\n|-damage|p1a: Torterra|94\/100|[from] Stealth Rock\n|\n|-weather|Sandstorm|[upkeep]\n|upkeep\n|turn|4\n|\n|t:|1699784642\n|switch|p2a: Mace Windu|Salamence, F|100\/100\n|-ability|p2a: Mace Windu|Intimidate|boost\n|-unboost|p1a: Torterra|atk|1\n|move|p1a: Torterra|Seed Bomb|p2a: Mace Windu\n|-resisted|p2a: Mace Windu\n|-damage|p2a: Mace Windu|93\/100\n|\n|-weather|Sandstorm|[upkeep]\n|-damage|p2a: Mace Windu|87\/100|[from] Sandstorm\n|upkeep\n|turn|5\n|\n|t:|1699784666\n|switch|p1a: Togekiss|Togekiss, M|100\/100\n|-damage|p1a: Togekiss|76\/100|[from] Stealth Rock\n|move|p2a: Mace Windu|Air Cutter|p1a: Togekiss|[miss]\n|-miss|p2a: Mace Windu|p1a: Togekiss\n|\n|-weather|Sandstorm|[upkeep]\n|-damage|p2a: Mace Windu|81\/100|[from] Sandstorm\n|-damage|p1a: Togekiss|70\/100|[from] Sandstorm\n|upkeep\n|turn|6\n|\n|t:|1699784679\n|move|p2a: Mace Windu|Air Cutter|p1a: Togekiss\n|-damage|p1a: Togekiss|28\/100\n|move|p1a: Togekiss|Dazzling Gleam|p2a: Mace Windu\n|-supereffective|p2a: Mace Windu\n|-damage|p2a: Mace Windu|0 fnt\n|faint|p2a: Mace Windu\n|\n|-weather|Sandstorm|[upkeep]\n|-damage|p1a: Togekiss|22\/100|[from] Sandstorm\n|upkeep\n|inactive|CoffeeT4h has 120 seconds left.\n|\n|t:|1699784690\n|switch|p2a: Nayuta|Lucario, F|100\/100\n|turn|7\n|\n|t:|1699784704\n|move|p2a: Nayuta|Bullet Punch|p1a: Togekiss\n|-supereffective|p1a: Togekiss\n|-damage|p1a: Togekiss|0 fnt\n|faint|p1a: Togekiss\n|-damage|p2a: Nayuta|91\/100|[from] item: Life Orb\n|\n|-weather|Sandstorm|[upkeep]\n|upkeep\n|\n|t:|1699784714\n|switch|p1a: Silvally|Silvally-Bug|100\/100\n|-damage|p1a: Silvally|76\/100|[from] Stealth Rock\n|turn|8\n|\n|t:|1699784730\n|switch|p2a: Yoda|Ferrothorn, M|100\/100\n|move|p1a: Silvally|Heat Wave|p2a: Yoda\n|-supereffective|p2a: Yoda\n|-damage|p2a: Yoda|31\/100\n|\n|-weather|none\n|upkeep\n|turn|9\n|\n|t:|1699784741\n|switch|p2a: Gaara|Hippowdon, F|43\/100\n|-weather|Sandstorm|[from] ability: Sand Stream|[of] p2a: Gaara\n|move|p1a: Silvally|Heat Wave|p2a: Gaara\n|-damage|p2a: Gaara|22\/100\n|\n|-weather|Sandstorm|[upkeep]\n|-damage|p1a: Silvally|70\/100|[from] Sandstorm\n|upkeep\n|turn|10\n|\n|t:|1699784762\n|move|p1a: Silvally|Signal Beam|p2a: Gaara\n|-damage|p2a: Gaara|0 fnt\n|faint|p2a: Gaara\n|\n|-weather|Sandstorm|[upkeep]\n|-damage|p1a: Silvally|64\/100|[from] Sandstorm\n|upkeep\n|\n|t:|1699784771\n|switch|p2a: W. W|Aggron, M|100\/100\n|turn|11\n|\n|t:|1699784778\n|move|p1a: Silvally|Heat Wave|p2a: W. W|[miss]\n|-miss|p1a: Silvally|p2a: W. W\n|move|p2a: W. W|Rock Slide|p1a: Silvally\n|-supereffective|p1a: Silvally\n|-damage|p1a: Silvally|4\/100\n|\n|-weather|Sandstorm|[upkeep]\n|-damage|p1a: Silvally|0 fnt|[from] Sandstorm\n|faint|p1a: Silvally\n|upkeep\n|\n|t:|1699784790\n|switch|p1a: Azumarill|Azumarill, F|50\/100\n|-damage|p1a: Azumarill|38\/100|[from] Stealth Rock\n|turn|12\n|\n|t:|1699784798\n|switch|p2a: Yoda|Ferrothorn, M|31\/100\n|move|p1a: Azumarill|Aqua Jet|p2a: Yoda\n|-resisted|p2a: Yoda\n|-damage|p2a: Yoda|22\/100\n|-damage|p1a: Azumarill|26\/100|[from] ability: Iron Barbs|[of] p2a: Yoda\n|-damage|p1a: Azumarill|9\/100|[from] item: Rocky Helmet|[of] p2a: Yoda\n|\n|-weather|Sandstorm|[upkeep]\n|-damage|p1a: Azumarill|3\/100|[from] Sandstorm\n|-heal|p1a: Azumarill|9\/100|[from] item: Leftovers\n|upkeep\n|turn|13\n|inactive|Souravgotthepkmn1 has 90 seconds left.\n|\n|t:|1699784840\n|move|p2a: Yoda|Protect|p2a: Yoda\n|-singleturn|p2a: Yoda|Protect\n|move|p1a: Azumarill|Knock Off|p2a: Yoda\n|-activate|p2a: Yoda|move: Protect\n|\n|-weather|Sandstorm|[upkeep]\n|-damage|p1a: Azumarill|3\/100|[from] Sandstorm\n|-heal|p1a: Azumarill|9\/100|[from] item: Leftovers\n|upkeep\n|turn|14\n|\n|t:|1699784852\n|move|p1a: Azumarill|Knock Off|p2a: Yoda\n|-damage|p2a: Yoda|0 fnt\n|-damage|p1a: Azumarill|0 fnt|[from] ability: Iron Barbs|[of] p2a: Yoda\n|faint|p2a: Yoda\n|faint|p1a: Azumarill\n|\n|-weather|Sandstorm|[upkeep]\n|upkeep\n|\n|t:|1699784863\n|switch|p1a: Toxtricity|Toxtricity, M|100\/100\n|switch|p2a: W. W|Aggron, M|100\/100\n|-damage|p1a: Toxtricity|88\/100|[from] Stealth Rock\n|turn|15\n|\n|t:|1699784884\n|switch|p2a: Joestar|Swampert, M|100\/100\n|move|p1a: Toxtricity|Overdrive|p2a: Joestar\n|-immune|p2a: Joestar\n|\n|-weather|Sandstorm|[upkeep]\n|-damage|p1a: Toxtricity|82\/100|[from] Sandstorm\n|upkeep\n|turn|16\n|\n|t:|1699784896\n|move|p1a: Toxtricity|Boomburst|p2a: Joestar\n|-damage|p2a: Joestar|63\/100\n|-enditem|p1a: Toxtricity|Throat Spray\n|-boost|p1a: Toxtricity|spa|1|[from] item: Throat Spray\n|move|p2a: Joestar|Ice Punch|p1a: Toxtricity\n|-damage|p1a: Toxtricity|39\/100\n|-status|p1a: Toxtricity|frz\n|\n|-weather|none\n|upkeep\n|turn|17\n|\n|t:|1699784909\n|-curestatus|p1a: Toxtricity|frz|[msg]\n|move|p1a: Toxtricity|Boomburst|p2a: Joestar\n|-damage|p2a: Joestar|12\/100\n|move|p2a: Joestar|Ice Punch|p1a: Toxtricity\n|-damage|p1a: Toxtricity|0 fnt\n|faint|p1a: Toxtricity\n|\n|upkeep\n|\n|t:|1699784920\n|switch|p1a: Charizard|Charizard-Mega-X, M|88\/100\n|-damage|p1a: Charizard|63\/100|[from] Stealth Rock\n|turn|18\n|\n|t:|1699784929\n|switch|p2a: Nayuta|Lucario, F|91\/100\n|move|p1a: Charizard|Dragon Claw|p2a: Nayuta\n|-resisted|p2a: Nayuta\n|-damage|p2a: Nayuta|39\/100\n|\n|upkeep\n|turn|19\n|\n|t:|1699784951\n|move|p2a: Nayuta|Bullet Punch|p1a: Charizard\n|-resisted|p1a: Charizard\n|-damage|p1a: Charizard|51\/100\n|-damage|p2a: Nayuta|29\/100|[from] item: Life Orb\n|move|p1a: Charizard|Dragon Dance|p1a: Charizard\n|-boost|p1a: Charizard|atk|1\n|-boost|p1a: Charizard|spe|1\n|\n|upkeep\n|turn|20\n|\n|t:|1699784961\n|move|p1a: Charizard|Dragon Claw|p2a: Nayuta\n|-resisted|p2a: Nayuta\n|-damage|p2a: Nayuta|0 fnt\n|faint|p2a: Nayuta\n|\n|upkeep\n|\n|t:|1699784967\n|switch|p2a: W. W|Aggron, M|100\/100\n|turn|21\n|\n|t:|1699784975\n|move|p1a: Charizard|Blaze Kick|p2a: W. W\n|-damage|p2a: W. W|42\/100\n|move|p2a: W. W|Rock Slide|p1a: Charizard|[miss]\n|-miss|p2a: W. W|p1a: Charizard\n|\n|upkeep\n|turn|22\n|\n|t:|1699784985\n|move|p1a: Charizard|Blaze Kick|p2a: W. W\n|-damage|p2a: W. W|0 fnt\n|faint|p2a: W. W\n|\n|upkeep\n|\n|t:|1699784990\n|switch|p2a: Joestar|Swampert, M|12\/100\n|turn|23\n|\n|t:|1699784996\n|move|p1a: Charizard|Dragon Claw|p2a: Joestar\n|-damage|p2a: Joestar|0 fnt\n|faint|p2a: Joestar\n|\n|win|Souravgotthepkmn1\n|raw|Souravgotthepkmn1's rating: 1119 &rarr; <strong>1144<\/strong><br \/>(+25 for winning)\n|raw|CoffeeT4h's rating: 1125 &rarr; <strong>1100<\/strong><br \/>(-25 for losing)\n|l|\u2606CoffeeT4h\n","uploadtime":1699785009,"views":5,"p1id":"souravgotthepkmn1","p2id":"coffeet4h","formatid":"gen9nationaldex","rating":1100,"private":0,"password":""}