{"id":"gen9nationaldex-1989416501","p1":"lunchbox5536","p2":"Solaris2003","format":"[Gen 9] National Dex","log":"|j|\u2606lunchbox5536\n|j|\u2606Solaris2003\n|t:|1699847461\n|gametype|singles\n|player|p1|lunchbox5536|ghetsis|\n|player|p2|Solaris2003|1|\n|teamsize|p1|6\n|teamsize|p2|6\n|gen|9\n|tier|[Gen 9] National Dex\n|rule|HP Percentage Mod: HP is shown in percentages\n|rule|Endless Battle Clause: Forcing endless battles is banned\n|rule|OHKO Clause: OHKO moves are banned\n|rule|Evasion Clause: Evasion abilities, items, and moves are banned\n|rule|Evasion Abilities Clause: Evasion abilities are banned\n|rule|Evasion Items Clause: Evasion items are banned\n|rule|Evasion Moves Clause: Evasion moves are banned\n|rule|Species Clause: Limit one of each Pok\u00e9mon\n|rule|Sleep Clause Mod: Limit one foe put to sleep\n|clearpoke\n|poke|p1|Torkoal, M|\n|poke|p1|Zoroark-Hisui, F|\n|poke|p1|Grimmsnarl, M|\n|poke|p1|Articuno|\n|poke|p1|Klawf, M|\n|poke|p1|Shelgon, F|\n|poke|p2|Cinderace, F|\n|poke|p2|Lycanroc-Dusk, M|\n|poke|p2|Noivern, M|\n|poke|p2|Copperajah, F|\n|poke|p2|Leafeon, M|\n|poke|p2|Flaaffy, M|\n|teampreview\n|j| Jam20Jam\n|\n|t:|1699847482\n|start\n|switch|p1a: AAAAAAAAAAAA|Klawf, M|100\/100\n|switch|p2a: Flaaffy|Flaaffy, M|100\/100\n|turn|1\n|\n|t:|1699847494\n|move|p1a: AAAAAAAAAAAA|Stealth Rock|p2a: Flaaffy\n|-sidestart|p2: Solaris2003|move: Stealth Rock\n|move|p2a: Flaaffy|Light Screen|p2a: Flaaffy\n|-sidestart|p2: Solaris2003|move: Light Screen\n|\n|upkeep\n|turn|2\n|\n|t:|1699847508\n|move|p1a: AAAAAAAAAAAA|High Horsepower|p2a: Flaaffy\n|-supereffective|p2a: Flaaffy\n|-damage|p2a: Flaaffy|0 fnt\n|-status|p1a: AAAAAAAAAAAA|par|[from] ability: Static|[of] p2a: Flaaffy\n|faint|p2a: Flaaffy\n|\n|upkeep\n|\n|t:|1699847542\n|switch|p2a: Lycanroc|Lycanroc-Dusk, M|100\/100\n|-damage|p2a: Lycanroc|88\/100|[from] Stealth Rock\n|turn|3\n|\n|t:|1699847557\n|move|p2a: Lycanroc|Close Combat|p1a: AAAAAAAAAAAA\n|-supereffective|p1a: AAAAAAAAAAAA\n|-damage|p1a: AAAAAAAAAAAA|0 fnt\n|-unboost|p2a: Lycanroc|def|1\n|-unboost|p2a: Lycanroc|spd|1\n|-damage|p2a: Lycanroc|72\/100|[from] item: Rocky Helmet|[of] p1a: AAAAAAAAAAAA\n|faint|p1a: AAAAAAAAAAAA\n|\n|upkeep\n|\n|t:|1699847585\n|switch|p1a: Praise The Sun|Torkoal, M|100\/100\n|-weather|SunnyDay|[from] ability: Drought|[of] p1a: Praise The Sun\n|turn|4\n|\n|t:|1699847596\n|move|p2a: Lycanroc|Close Combat|p1a: Praise The Sun\n|-damage|p1a: Praise The Sun|43\/100\n|-unboost|p2a: Lycanroc|def|1\n|-unboost|p2a: Lycanroc|spd|1\n|move|p1a: Praise The Sun|Earth Power|p2a: Lycanroc\n|-supereffective|p2a: Lycanroc\n|-damage|p2a: Lycanroc|0 fnt\n|faint|p2a: Lycanroc\n|\n|-weather|SunnyDay|[upkeep]\n|upkeep\n|\n|t:|1699847622\n|switch|p2a: Noivern|Noivern, M|100\/100\n|-damage|p2a: Noivern|76\/100|[from] Stealth Rock\n|turn|5\n|\n|t:|1699847638\n|switch|p1a: Hello and Goodbye|Shelgon, F|100\/100\n|move|p2a: Noivern|Air Slash|p1a: Hello and Goodbye\n|-damage|p1a: Hello and Goodbye|51\/100\n|-damage|p2a: Noivern|66\/100|[from] item: Life Orb\n|\n|-weather|SunnyDay|[upkeep]\n|-sideend|p2: Solaris2003|move: Light Screen\n|upkeep\n|turn|6\n|\n|t:|1699847661\n|-terastallize|p1a: Hello and Goodbye|Fairy\n|move|p2a: Noivern|Draco Meteor|p1a: Hello and Goodbye\n|-immune|p1a: Hello and Goodbye\n|move|p1a: Hello and Goodbye|Dragon Claw|p2a: Noivern\n|-supereffective|p2a: Noivern\n|-damage|p2a: Noivern|0 fnt\n|faint|p2a: Noivern\n|\n|-weather|SunnyDay|[upkeep]\n|upkeep\n|\n|t:|1699847677\n|switch|p2a: Glockeon Jr|Leafeon, M|100\/100\n|-damage|p2a: Glockeon Jr|88\/100|[from] Stealth Rock\n|turn|7\n|\n|t:|1699847688\n|move|p1a: Hello and Goodbye|Protect|p1a: Hello and Goodbye\n|-singleturn|p1a: Hello and Goodbye|Protect\n|move|p2a: Glockeon Jr|Solar Blade||[still]\n|-prepare|p2a: Glockeon Jr|Solar Blade\n|-anim|p2a: Glockeon Jr|Solar Blade|p1a: Hello and Goodbye\n|-activate|p1a: Hello and Goodbye|move: Protect\n|\n|-weather|SunnyDay|[upkeep]\n|upkeep\n|turn|8\n|\n|t:|1699847700\n|switch|p1a: Praise The Sun|Torkoal, M|43\/100\n|move|p2a: Glockeon Jr|Solar Blade||[still]\n|-prepare|p2a: Glockeon Jr|Solar Blade\n|-anim|p2a: Glockeon Jr|Solar Blade|p1a: Praise The Sun\n|-resisted|p1a: Praise The Sun\n|-damage|p1a: Praise The Sun|11\/100\n|-damage|p2a: Glockeon Jr|78\/100|[from] item: Life Orb\n|\n|-weather|none\n|upkeep\n|turn|9\n|\n|t:|1699847715\n|move|p2a: Glockeon Jr|Knock Off|p1a: Praise The Sun\n|-damage|p1a: Praise The Sun|0 fnt\n|-enditem|p1a: Praise The Sun|Assault Vest|[from] move: Knock Off|[of] p2a: Glockeon Jr\n|faint|p1a: Praise The Sun\n|-damage|p2a: Glockeon Jr|68\/100|[from] item: Life Orb\n|\n|upkeep\n|\n|t:|1699847727\n|switch|p1a: Vanilla Ice|Articuno|100\/100\n|-ability|p1a: Vanilla Ice|Pressure\n|turn|10\n|\n|t:|1699847738\n|switch|p2a: Copperajah|Copperajah, F|100\/100\n|-damage|p2a: Copperajah|94\/100|[from] Stealth Rock\n|move|p1a: Vanilla Ice|Whirlwind|p2a: Copperajah\n|drag|p2a: Cinderace|Cinderace, F|100\/100\n|\n|upkeep\n|turn|11\n|\n|t:|1699847752\n|switch|p1a: Hello and Goodbye|Shelgon, F, tera:Fairy|51\/100\n|move|p2a: Cinderace|Court Change|p2a: Cinderace\n|-start|p2a: Cinderace|typechange|Normal|[from] ability: Libero\n|-swapsideconditions\n|-activate|p2a: Cinderace|move: Court Change\n|\n|upkeep\n|turn|12\n|\n|t:|1699847764\n|move|p2a: Cinderace|Gunk Shot|p1a: Hello and Goodbye\n|-supereffective|p1a: Hello and Goodbye\n|-crit|p1a: Hello and Goodbye\n|-damage|p1a: Hello and Goodbye|0 fnt\n|faint|p1a: Hello and Goodbye\n|\n|upkeep\n|\n|t:|1699847784\n|switch|p1a: Vanilla Ice|Articuno|100\/100\n|-ability|p1a: Vanilla Ice|Pressure\n|turn|13\n|\n|t:|1699847791\n|move|p2a: Cinderace|Pyro Ball|p1a: Vanilla Ice|[miss]\n|-miss|p2a: Cinderace|p1a: Vanilla Ice\n|move|p1a: Vanilla Ice|Defog|p2a: Cinderace\n|-unboost|p2a: Cinderace|evasion|1\n|-sideend|p1: lunchbox5536|Stealth Rock|[from] move: Defog|[of] p1a: Vanilla Ice\n|\n|upkeep\n|turn|14\n|\n|t:|1699847802\n|move|p2a: Cinderace|Pyro Ball|p1a: Vanilla Ice|[miss]\n|-miss|p2a: Cinderace|p1a: Vanilla Ice\n|move|p1a: Vanilla Ice|Air Slash|p2a: Cinderace\n|-damage|p2a: Cinderace|51\/100\n|\n|upkeep\n|turn|15\n|\n|t:|1699847810\n|move|p2a: Cinderace|Pyro Ball|p1a: Vanilla Ice\n|-supereffective|p1a: Vanilla Ice\n|-damage|p1a: Vanilla Ice|20\/100\n|move|p1a: Vanilla Ice|Air Slash|p2a: Cinderace\n|-damage|p2a: Cinderace|5\/100\n|\n|upkeep\n|turn|16\n|\n|t:|1699847818\n|move|p2a: Cinderace|Sucker Punch|p1a: Vanilla Ice\n|-damage|p1a: Vanilla Ice|0 fnt\n|faint|p1a: Vanilla Ice\n|\n|upkeep\n|\n|t:|1699847822\n|switch|p1a: Krampus|Grimmsnarl, M|100\/100\n|turn|17\n|\n|t:|1699847827\n|move|p1a: Krampus|Sucker Punch|p2a: Cinderace\n|-damage|p2a: Cinderace|0 fnt\n|faint|p2a: Cinderace\n|\n|upkeep\n|\n|t:|1699847835\n|switch|p2a: Copperajah|Copperajah, F|94\/100\n|turn|18\n|\n|t:|1699847847\n|move|p1a: Krampus|Darkest Lariat|p2a: Copperajah\n|-damage|p2a: Copperajah|48\/100\n|move|p2a: Copperajah|Heavy Slam|p1a: Krampus\n|-supereffective|p1a: Krampus\n|-damage|p1a: Krampus|0 fnt\n|faint|p1a: Krampus\n|\n|-heal|p2a: Copperajah|55\/100|[from] item: Leftovers\n|upkeep\n|\n|t:|1699847855\n|switch|p1a: Oh Hi There|Zoroark-Hisui, F, shiny|100\/100\n|turn|19\n|\n|t:|1699847878\n|move|p1a: Oh Hi There|Nasty Plot|p1a: Oh Hi There\n|-boost|p1a: Oh Hi There|spa|2\n|move|p2a: Copperajah|Stone Edge|p1a: Oh Hi There\n|-damage|p1a: Oh Hi There|20\/100\n|\n|-heal|p2a: Copperajah|61\/100|[from] item: Leftovers\n|upkeep\n|turn|20\n|\n|t:|1699847890\n|move|p1a: Oh Hi There|Flamethrower|p2a: Copperajah\n|-supereffective|p2a: Copperajah\n|-damage|p2a: Copperajah|0 fnt\n|faint|p2a: Copperajah\n|\n|upkeep\n|\n|t:|1699847896\n|switch|p2a: Glockeon Jr|Leafeon, M|68\/100\n|turn|21\n|\n|t:|1699847902\n|move|p1a: Oh Hi There|Flamethrower|p2a: Glockeon Jr\n|-supereffective|p2a: Glockeon Jr\n|-damage|p2a: Glockeon Jr|0 fnt\n|faint|p2a: Glockeon Jr\n|\n|win|lunchbox5536\n","uploadtime":1699847910,"views":5,"p1id":"lunchbox5536","p2id":"solaris2003","formatid":"gen9nationaldex","rating":0,"private":0,"password":""}