{"id":"gen9nationaldex-1991286256","p1":"EthrinitySkullz","p2":"UncannyHavok","format":"[Gen 9] National Dex","log":"|j|\u2606EthrinitySkullz\n|j|\u2606UncannyHavok\n|t:|1700064384\n|gametype|singles\n|player|p1|EthrinitySkullz|pokemonrangerf-gen4|1144\n|player|p2|UncannyHavok|101|1140\n|teamsize|p1|6\n|teamsize|p2|6\n|gen|9\n|tier|[Gen 9] National Dex\n|rated|\n|rule|HP Percentage Mod: HP is shown in percentages\n|rule|Endless Battle Clause: Forcing endless battles is banned\n|rule|OHKO Clause: OHKO moves are banned\n|rule|Evasion Clause: Evasion abilities, items, and moves are banned\n|rule|Evasion Abilities Clause: Evasion abilities are banned\n|rule|Evasion Items Clause: Evasion items are banned\n|rule|Evasion Moves Clause: Evasion moves are banned\n|rule|Species Clause: Limit one of each Pok\u00e9mon\n|rule|Sleep Clause Mod: Limit one foe put to sleep\n|clearpoke\n|poke|p1|Tyrantrum, M|\n|poke|p1|Noivern, F|\n|poke|p1|Garchomp, M|\n|poke|p1|Charizard, F|\n|poke|p1|Flygon, F|\n|poke|p1|Salamence, F|\n|poke|p2|Heliolisk, F|\n|poke|p2|Espeon, M|\n|poke|p2|Swampert, F|\n|poke|p2|Togekiss, F|\n|poke|p2|Typhlosion-Hisui, F|\n|poke|p2|Bewear, F|\n|teampreview\n|inactive|Battle timer is ON: inactive players will automatically lose when time's up. (requested by UncannyHavok)\n|\n|t:|1700064392\n|start\n|switch|p1a: Garchomp|Garchomp, M|100\/100\n|switch|p2a: Heliolisk|Heliolisk, F|100\/100\n|turn|1\n|\n|t:|1700064401\n|move|p2a: Heliolisk|Hyper Voice|p1a: Garchomp\n|-damage|p1a: Garchomp|56\/100\n|move|p1a: Garchomp|Earthquake|p2a: Heliolisk\n|-supereffective|p2a: Heliolisk\n|-enditem|p2a: Heliolisk|Focus Sash\n|-damage|p2a: Heliolisk|1\/100\n|\n|upkeep\n|turn|2\n|\n|t:|1700064419\n|switch|p2a: Togekiss|Togekiss, F|100\/100\n|move|p1a: Garchomp|Earthquake|p2a: Togekiss\n|-immune|p2a: Togekiss\n|\n|upkeep\n|turn|3\n|\n|t:|1700064426\n|-terastallize|p1a: Garchomp|Steel\n|move|p1a: Garchomp|Iron Head|p2a: Togekiss\n|-supereffective|p2a: Togekiss\n|-damage|p2a: Togekiss|33\/100\n|move|p2a: Togekiss|Dazzling Gleam|p1a: Garchomp\n|-resisted|p1a: Garchomp\n|-damage|p1a: Garchomp|37\/100\n|\n|upkeep\n|turn|4\n|\n|t:|1700064439\n|switch|p2a: Bewear|Bewear, F|100\/100\n|move|p1a: Garchomp|Iron Head|p2a: Bewear\n|-damage|p2a: Bewear|80\/100\n|\n|upkeep\n|turn|5\n|\n|t:|1700064448\n|move|p1a: Garchomp|Stealth Rock|p2a: Bewear\n|-sidestart|p2: UncannyHavok|move: Stealth Rock\n|move|p2a: Bewear|Close Combat|p1a: Garchomp\n|-supereffective|p1a: Garchomp\n|-damage|p1a: Garchomp|0 fnt\n|-unboost|p2a: Bewear|def|1\n|-unboost|p2a: Bewear|spd|1\n|-damage|p2a: Bewear|68\/100|[from] ability: Rough Skin|[of] p1a: Garchomp\n|-damage|p2a: Bewear|52\/100|[from] item: Rocky Helmet|[of] p1a: Garchomp\n|faint|p1a: Garchomp\n|\n|upkeep\n|\n|t:|1700064467\n|switch|p1a: Noivern|Noivern, F|100\/100\n|turn|6\n|\n|t:|1700064472\n|move|p1a: Noivern|Air Slash|p2a: Bewear\n|-supereffective|p2a: Bewear\n|-damage|p2a: Bewear|0 fnt\n|faint|p2a: Bewear\n|\n|upkeep\n|\n|t:|1700064480\n|switch|p2a: Swampert|Swampert, F|100\/100\n|-damage|p2a: Swampert|94\/100|[from] Stealth Rock\n|turn|7\n|\n|t:|1700064489\n|switch|p1a: Flygon|Flygon, F|100\/100\n|move|p2a: Swampert|Stealth Rock|p1a: Flygon\n|-sidestart|p1: EthrinitySkullz|move: Stealth Rock\n|\n|-heal|p2a: Swampert|100\/100|[from] item: Leftovers\n|upkeep\n|turn|8\n|\n|t:|1700064497\n|move|p1a: Flygon|Dragon Claw|p2a: Swampert\n|-damage|p2a: Swampert|59\/100\n|-damage|p1a: Flygon|91\/100|[from] item: Life Orb\n|move|p2a: Swampert|Flip Turn|p1a: Flygon\n|-damage|p1a: Flygon|63\/100\n|\n|t:|1700064505\n|switch|p2a: Heliolisk|Heliolisk, F|1\/100|[from] Flip Turn\n|-damage|p2a: Heliolisk|0 fnt|[from] Stealth Rock\n|faint|p2a: Heliolisk\n|\n|upkeep\n|\n|t:|1700064519\n|switch|p2a: Espeon|Espeon, M|100\/100\n|-damage|p2a: Espeon|88\/100|[from] Stealth Rock\n|turn|9\n|\n|t:|1700064534\n|-terastallize|p2a: Espeon|Fairy\n|move|p2a: Espeon|Dazzling Gleam|p1a: Flygon\n|-supereffective|p1a: Flygon\n|-damage|p1a: Flygon|0 fnt\n|faint|p1a: Flygon\n|\n|upkeep\n|\n|t:|1700064551\n|switch|p1a: Charizard|Charizard, F, shiny|100\/100\n|-damage|p1a: Charizard|51\/100|[from] Stealth Rock\n|turn|10\n|\n|t:|1700064558\n|switch|p2a: Swampert|Swampert, F|59\/100\n|-damage|p2a: Swampert|52\/100|[from] Stealth Rock\n|move|p1a: Charizard|Air Slash|p2a: Swampert\n|-damage|p2a: Swampert|32\/100\n|\n|-heal|p2a: Swampert|38\/100|[from] item: Leftovers\n|upkeep\n|turn|11\n|\n|t:|1700064568\n|detailschange|p1a: Charizard|Charizard-Mega-Y, F, shiny\n|-mega|p1a: Charizard|Charizard|Charizardite Y\n|-weather|SunnyDay|[from] ability: Drought|[of] p1a: Charizard\n|move|p1a: Charizard|Dragon Pulse|p2a: Swampert\n|-damage|p2a: Swampert|17\/100\n|move|p2a: Swampert|Flip Turn|p1a: Charizard\n|-supereffective|p1a: Charizard\n|-damage|p1a: Charizard|4\/100\n|\n|t:|1700064581\n|switch|p2a: Typhlosion|Typhlosion-Hisui, F|100\/100|[from] Flip Turn\n|-item|p1a: Charizard|Charizardite Y|[from] ability: Frisk|[of] p2a: Typhlosion|[identify]\n|\n|-weather|SunnyDay|[upkeep]\n|upkeep\n|turn|12\n|\n|t:|1700064591\n|move|p1a: Charizard|Scorching Sands|p2a: Typhlosion\n|-supereffective|p2a: Typhlosion\n|-damage|p2a: Typhlosion|29\/100\n|move|p2a: Typhlosion|Infernal Parade|p1a: Charizard\n|-damage|p1a: Charizard|0 fnt\n|faint|p1a: Charizard\n|\n|-weather|SunnyDay|[upkeep]\n|upkeep\n|\n|t:|1700064600\n|switch|p1a: Salamence|Salamence, F|100\/100\n|-damage|p1a: Salamence|76\/100|[from] Stealth Rock\n|turn|13\n|\n|t:|1700064605\n|move|p2a: Typhlosion|Shadow Ball|p1a: Salamence\n|-damage|p1a: Salamence|26\/100\n|move|p1a: Salamence|Dragon Dance|p1a: Salamence\n|-boost|p1a: Salamence|atk|1\n|-boost|p1a: Salamence|spe|1\n|\n|-weather|SunnyDay|[upkeep]\n|upkeep\n|turn|14\n|\n|t:|1700064615\n|move|p1a: Salamence|Earthquake|p2a: Typhlosion\n|-supereffective|p2a: Typhlosion\n|-damage|p2a: Typhlosion|0 fnt\n|faint|p2a: Typhlosion\n|-ability|p1a: Salamence|Moxie|boost\n|-boost|p1a: Salamence|atk|1\n|\n|-weather|SunnyDay|[upkeep]\n|upkeep\n|\n|t:|1700064623\n|switch|p2a: Togekiss|Togekiss, F|33\/100\n|turn|15\n|\n|t:|1700064626\n|move|p1a: Salamence|Iron Head|p2a: Togekiss\n|-supereffective|p2a: Togekiss\n|-damage|p2a: Togekiss|0 fnt\n|faint|p2a: Togekiss\n|-ability|p1a: Salamence|Moxie|boost\n|-boost|p1a: Salamence|atk|1\n|\n|-weather|none\n|upkeep\n|\n|t:|1700064640\n|switch|p2a: Espeon|Espeon, M, tera:Fairy|88\/100\n|-damage|p2a: Espeon|76\/100|[from] Stealth Rock\n|turn|16\n|\n|t:|1700064646\n|move|p2a: Espeon|Dazzling Gleam|p1a: Salamence\n|-supereffective|p1a: Salamence\n|-damage|p1a: Salamence|0 fnt\n|faint|p1a: Salamence\n|\n|upkeep\n|\n|t:|1700064654\n|switch|p1a: Tyrantrum|Tyrantrum, M, shiny|100\/100\n|-damage|p1a: Tyrantrum|88\/100|[from] Stealth Rock\n|turn|17\n|\n|t:|1700064661\n|move|p2a: Espeon|Dazzling Gleam|p1a: Tyrantrum\n|-supereffective|p1a: Tyrantrum\n|-damage|p1a: Tyrantrum|0 fnt\n|faint|p1a: Tyrantrum\n|\n|upkeep\n|\n|t:|1700064663\n|switch|p1a: Noivern|Noivern, F|100\/100\n|-damage|p1a: Noivern|76\/100|[from] Stealth Rock\n|turn|18\n|\n|t:|1700064669\n|move|p2a: Espeon|Dazzling Gleam|p1a: Noivern\n|-supereffective|p1a: Noivern\n|-damage|p1a: Noivern|0 fnt\n|faint|p1a: Noivern\n|\n|win|UncannyHavok\n|raw|EthrinitySkullz's rating: 1144 &rarr; <strong>1119<\/strong><br \/>(-25 for losing)\n|raw|UncannyHavok's rating: 1140 &rarr; <strong>1165<\/strong><br \/>(+25 for winning)\n|l|\u2606EthrinitySkullz\n","uploadtime":1700064678,"views":8,"p1id":"ethrinityskullz","p2id":"uncannyhavok","formatid":"gen9nationaldex","rating":1119,"private":0,"password":""}