{"id":"gen9nationaldex-1993269772","p1":"jdcnldnnkv","p2":"flieryg","format":"[Gen 9] National Dex","log":"|j|\u2606jdcnldnnkv\n|j|\u2606flieryg\n|t:|1700287490\n|gametype|singles\n|player|p1|jdcnldnnkv|101|1030\n|player|p2|flieryg|caitlin|1031\n|teamsize|p1|6\n|teamsize|p2|6\n|gen|9\n|tier|[Gen 9] National Dex\n|rated|\n|rule|HP Percentage Mod: HP is shown in percentages\n|rule|Endless Battle Clause: Forcing endless battles is banned\n|rule|OHKO Clause: OHKO moves are banned\n|rule|Evasion Clause: Evasion abilities, items, and moves are banned\n|rule|Evasion Abilities Clause: Evasion abilities are banned\n|rule|Evasion Items Clause: Evasion items are banned\n|rule|Evasion Moves Clause: Evasion moves are banned\n|rule|Species Clause: Limit one of each Pok\u00e9mon\n|rule|Sleep Clause Mod: Limit one foe put to sleep\n|clearpoke\n|poke|p1|Pelipper, M|\n|poke|p1|Ferrothorn, M|\n|poke|p1|Zapdos|\n|poke|p1|Tornadus-Therian, M|\n|poke|p1|Thundurus-Therian, M|\n|poke|p1|Swampert, F|\n|poke|p2|Jigglypuff, M|\n|poke|p2|Arcanine, F|\n|poke|p2|Sandaconda, F|\n|poke|p2|Tyranitar, M|\n|poke|p2|Kartana|\n|poke|p2|Tapu Lele|\n|teampreview\n|inactive|Battle timer is ON: inactive players will automatically lose when time's up. (requested by flieryg)\n|\n|t:|1700287520\n|start\n|switch|p1a: Pelipper|Pelipper, M|100\/100\n|switch|p2a: Jigglypuff|Jigglypuff, M|100\/100\n|-weather|RainDance|[from] ability: Drizzle|[of] p1a: Pelipper\n|turn|1\n|inactive|jdcnldnnkv has 120 seconds left.\n|\n|t:|1700287557\n|move|p1a: Pelipper|U-turn|p2a: Jigglypuff\n|-resisted|p2a: Jigglypuff\n|-damage|p2a: Jigglypuff|90\/100\n|\n|t:|1700287564\n|switch|p1a: Thundurus|Thundurus-Therian, M|100\/100|[from] U-turn\n|move|p2a: Jigglypuff|Light Screen|p2a: Jigglypuff\n|-sidestart|p2: flieryg|move: Light Screen\n|\n|-weather|RainDance|[upkeep]\n|upkeep\n|turn|2\n|inactive|jdcnldnnkv has 120 seconds left.\n|\n|t:|1700287573\n|move|p1a: Thundurus|Thunder|p2a: Jigglypuff\n|-damage|p2a: Jigglypuff|56\/100\n|move|p2a: Jigglypuff|Skill Swap|p1a: Thundurus\n|-activate|p2a: Jigglypuff|move: Skill Swap|Volt Absorb|Competitive|[of] p1a: Thundurus\n|\n|-weather|RainDance|[upkeep]\n|upkeep\n|turn|3\n|inactive|jdcnldnnkv has 120 seconds left.\n|\n|t:|1700287609\n|move|p1a: Thundurus|Defog|p2a: Jigglypuff\n|-unboost|p2a: Jigglypuff|evasion|1\n|-sideend|p2: flieryg|move: Light Screen\n|move|p2a: Jigglypuff|Endeavor|p1a: Thundurus\n|-damage|p1a: Thundurus|81\/100\n|\n|-weather|RainDance|[upkeep]\n|upkeep\n|turn|4\n|inactive|jdcnldnnkv has 90 seconds left.\n|\n|t:|1700287626\n|switch|p1a: Tornadus|Tornadus-Therian, M|100\/100\n|move|p2a: Jigglypuff|Endeavor|p1a: Tornadus\n|-damage|p1a: Tornadus|68\/100\n|\n|-weather|RainDance|[upkeep]\n|upkeep\n|turn|5\n|inactive|jdcnldnnkv has 90 seconds left.\n|\n|t:|1700287643\n|move|p1a: Tornadus|Hurricane|p2a: Jigglypuff\n|-damage|p2a: Jigglypuff|10\/100\n|-start|p2a: Jigglypuff|confusion\n|-activate|p2a: Jigglypuff|confusion\n|move|p2a: Jigglypuff|Light Screen|p2a: Jigglypuff\n|-sidestart|p2: flieryg|move: Light Screen\n|\n|-weather|RainDance|[upkeep]\n|upkeep\n|turn|6\n|\n|t:|1700287649\n|move|p1a: Tornadus|Hurricane|p2a: Jigglypuff\n|-damage|p2a: Jigglypuff|0 fnt\n|faint|p2a: Jigglypuff\n|\n|-weather|RainDance|[upkeep]\n|upkeep\n|inactive|flieryg has 120 seconds left.\n|\n|t:|1700287674\n|switch|p2a: Tyranitar|Tyranitar, M|100\/100\n|-weather|Sandstorm|[from] ability: Sand Stream|[of] p2a: Tyranitar\n|turn|7\n|inactive|flieryg has 120 seconds left.\n|\n|t:|1700287703\n|detailschange|p2a: Tyranitar|Tyranitar-Mega, M\n|-mega|p2a: Tyranitar|Tyranitar|Tyranitarite\n|move|p1a: Tornadus|U-turn|p2a: Tyranitar\n|-supereffective|p2a: Tyranitar\n|-damage|p2a: Tyranitar|80\/100\n|\n|t:|1700287708\n|switch|p1a: Swampert|Swampert, F|100\/100|[from] U-turn\n|move|p2a: Tyranitar|Dragon Dance|p2a: Tyranitar\n|-boost|p2a: Tyranitar|atk|1\n|-boost|p2a: Tyranitar|spe|1\n|\n|-weather|Sandstorm|[upkeep]\n|upkeep\n|turn|8\n|\n|t:|1700287718\n|detailschange|p1a: Swampert|Swampert-Mega, F\n|-mega|p1a: Swampert|Swampert|Swampertite\n|move|p2a: Tyranitar|Iron Head|p1a: Swampert\n|-resisted|p1a: Swampert\n|-damage|p1a: Swampert|76\/100\n|cant|p1a: Swampert|flinch\n|\n|-weather|Sandstorm|[upkeep]\n|upkeep\n|turn|9\n|\n|t:|1700287732\n|move|p2a: Tyranitar|Iron Head|p1a: Swampert\n|-resisted|p1a: Swampert\n|-crit|p1a: Swampert\n|-damage|p1a: Swampert|42\/100\n|move|p1a: Swampert|Waterfall|p2a: Tyranitar\n|-supereffective|p2a: Tyranitar\n|-damage|p2a: Tyranitar|10\/100\n|\n|-weather|Sandstorm|[upkeep]\n|-sideend|p2: flieryg|move: Light Screen\n|upkeep\n|turn|10\n|inactive|flieryg has 120 seconds left.\n|\n|t:|1700287741\n|move|p2a: Tyranitar|Iron Head|p1a: Swampert\n|-resisted|p1a: Swampert\n|-damage|p1a: Swampert|17\/100\n|move|p1a: Swampert|Waterfall|p2a: Tyranitar\n|-supereffective|p2a: Tyranitar\n|-damage|p2a: Tyranitar|0 fnt\n|faint|p2a: Tyranitar\n|\n|-weather|Sandstorm|[upkeep]\n|upkeep\n|inactive|flieryg has 120 seconds left.\n|\n|t:|1700287755\n|switch|p2a: Sandaconda|Sandaconda, F|100\/100\n|turn|11\n|inactive|jdcnldnnkv has 120 seconds left.\n|inactive|flieryg has 120 seconds left.\n|\n|t:|1700287764\n|-terastallize|p2a: Sandaconda|Dragon\n|move|p2a: Sandaconda|Scale Shot|p1a: Swampert\n|-damage|p1a: Swampert|7\/100\n|-damage|p1a: Swampert|0 fnt\n|faint|p1a: Swampert\n|-hitcount|p1: Swampert|2\n|-unboost|p2a: Sandaconda|def|1\n|-boost|p2a: Sandaconda|spe|1\n|\n|-weather|none\n|upkeep\n|inactive|jdcnldnnkv has 120 seconds left.\n|\n|t:|1700287796\n|switch|p1a: Pelipper|Pelipper, M|100\/100\n|-weather|RainDance|[from] ability: Drizzle|[of] p1a: Pelipper\n|turn|12\n|\n|t:|1700287804\n|move|p2a: Sandaconda|Coil|p2a: Sandaconda\n|-boost|p2a: Sandaconda|atk|1\n|-boost|p2a: Sandaconda|def|1\n|-boost|p2a: Sandaconda|accuracy|1\n|move|p1a: Pelipper|U-turn|p2a: Sandaconda\n|-damage|p2a: Sandaconda|92\/100\n|inactive|jdcnldnnkv has 90 seconds left.\n|\n|t:|1700287821\n|switch|p1a: Tornadus|Tornadus-Therian, M|100\/100|[from] U-turn\n|\n|-weather|RainDance|[upkeep]\n|upkeep\n|turn|13\n|inactive|jdcnldnnkv has 90 seconds left.\n|\n|t:|1700287837\n|move|p2a: Sandaconda|Rock Blast|p1a: Tornadus\n|-supereffective|p1a: Tornadus\n|-damage|p1a: Tornadus|72\/100\n|-supereffective|p1a: Tornadus\n|-damage|p1a: Tornadus|47\/100\n|-supereffective|p1a: Tornadus\n|-damage|p1a: Tornadus|20\/100\n|-supereffective|p1a: Tornadus\n|-damage|p1a: Tornadus|0 fnt\n|faint|p1a: Tornadus\n|-hitcount|p1: Tornadus|4\n|\n|-weather|RainDance|[upkeep]\n|upkeep\n|\n|t:|1700287845\n|switch|p1a: Zapdos|Zapdos|100\/100\n|turn|14\n|inactive|jdcnldnnkv has 90 seconds left.\n|\n|t:|1700287853\n|move|p2a: Sandaconda|Rock Blast|p1a: Zapdos\n|-supereffective|p1a: Zapdos\n|-damage|p1a: Zapdos|83\/100\n|-supereffective|p1a: Zapdos\n|-damage|p1a: Zapdos|67\/100\n|-supereffective|p1a: Zapdos\n|-damage|p1a: Zapdos|48\/100\n|-supereffective|p1a: Zapdos\n|-damage|p1a: Zapdos|31\/100\n|-supereffective|p1a: Zapdos\n|-damage|p1a: Zapdos|14\/100\n|-hitcount|p1a: Zapdos|5\n|move|p1a: Zapdos|Hurricane|p2a: Sandaconda\n|-damage|p2a: Sandaconda|19\/100\n|\n|-weather|RainDance|[upkeep]\n|upkeep\n|turn|15\n|inactive|jdcnldnnkv has 90 seconds left.\n|\n|t:|1700287867\n|move|p2a: Sandaconda|Rock Blast|p1a: Zapdos\n|-supereffective|p1a: Zapdos\n|-damage|p1a: Zapdos|0 fnt\n|faint|p1a: Zapdos\n|-hitcount|p1: Zapdos|1\n|\n|-weather|RainDance|[upkeep]\n|upkeep\n|\n|t:|1700287870\n|switch|p1a: Thundurus|Thundurus-Therian, M|81\/100\n|turn|16\n|\n|t:|1700287877\n|move|p2a: Sandaconda|Rock Blast|p1a: Thundurus\n|-supereffective|p1a: Thundurus\n|-damage|p1a: Thundurus|47\/100\n|-supereffective|p1a: Thundurus\n|-damage|p1a: Thundurus|10\/100\n|-supereffective|p1a: Thundurus\n|-damage|p1a: Thundurus|0 fnt\n|faint|p1a: Thundurus\n|-hitcount|p1: Thundurus|3\n|\n|-weather|RainDance|[upkeep]\n|upkeep\n|\n|t:|1700287881\n|switch|p1a: Ferrothorn|Ferrothorn, M|100\/100\n|turn|17\n|\n|t:|1700287886\n|move|p2a: Sandaconda|Earthquake|p1a: Ferrothorn\n|-damage|p1a: Ferrothorn|58\/100\n|move|p1a: Ferrothorn|Gyro Ball|p2a: Sandaconda\n|-damage|p2a: Sandaconda|0 fnt\n|faint|p2a: Sandaconda\n|\n|-weather|RainDance|[upkeep]\n|upkeep\n|-message|jdcnldnnkv forfeited.\n|\n|win|flieryg\n|raw|jdcnldnnkv's rating: 1030 &rarr; <strong>1016<\/strong><br \/>(-14 for losing)\n|raw|flieryg's rating: 1031 &rarr; <strong>1066<\/strong><br \/>(+35 for winning)\n|l|\u2606jdcnldnnkv\n","uploadtime":1700287900,"views":8,"p1id":"jdcnldnnkv","p2id":"flieryg","formatid":"gen9nationaldex","rating":1016,"private":0,"password":""}