{"id":"gen9nationaldex-1995554020","p1":"lchx","p2":"biezouhaoma","format":"[Gen 9] National Dex","log":"|html|<div class=\"broadcast-blue\"><strong>[Gen 9] National Dex is currently suspecting Sneasler! For information on how to participate check out the <a href=\"https:\/\/www.smogon.com\/forums\/threads\/sv-national-dex-suspect-8-just-dance.3731534\/\">suspect thread<\/a>.<\/strong><\/div>\n|j|\u203dlchx\n|j|\u203dbiezouhaoma\n|t:|1700582371\n|gametype|singles\n|player|p1|lchx|ghetsis|1766\n|player|p2|biezouhaoma|bugcatcher-gen4dp|1653\n|teamsize|p1|6\n|teamsize|p2|6\n|gen|9\n|tier|[Gen 9] National Dex\n|rated|\n|rule|HP Percentage Mod: HP is shown in percentages\n|rule|Endless Battle Clause: Forcing endless battles is banned\n|rule|OHKO Clause: OHKO moves are banned\n|rule|Evasion Clause: Evasion abilities, items, and moves are banned\n|rule|Evasion Abilities Clause: Evasion abilities are banned\n|rule|Evasion Items Clause: Evasion items are banned\n|rule|Evasion Moves Clause: Evasion moves are banned\n|rule|Species Clause: Limit one of each Pok\u00e9mon\n|rule|Sleep Clause Mod: Limit one foe put to sleep\n|clearpoke\n|poke|p1|Rillaboom, F|\n|poke|p1|Iron Treads|\n|poke|p1|Iron Valiant|\n|poke|p1|Ceruledge, F|\n|poke|p1|Sneasler, M|\n|poke|p1|Nihilego|\n|poke|p2|Pelipper, M|\n|poke|p2|Barraskewda, M|\n|poke|p2|Garganacl, M|\n|poke|p2|Scizor, F|\n|poke|p2|Volcanion|\n|poke|p2|Iron Treads|\n|teampreview\n|inactive|Battle timer is ON: inactive players will automatically lose when time's up. (requested by biezouhaoma)\n|\n|t:|1700582378\n|start\n|switch|p1a: Iron Treads|Iron Treads, shiny|100\/100\n|switch|p2a: Iron Treads|Iron Treads|100\/100\n|-enditem|p1a: Iron Treads|Booster Energy\n|-activate|p1a: Iron Treads|ability: Quark Drive|[fromitem]\n|-start|p1a: Iron Treads|quarkdrivespe\n|turn|1\n|\n|t:|1700582385\n|move|p1a: Iron Treads|Stealth Rock|p2a: Iron Treads\n|-sidestart|p2: biezouhaoma|move: Stealth Rock\n|move|p2a: Iron Treads|Rapid Spin|p1a: Iron Treads\n|-resisted|p1a: Iron Treads\n|-damage|p1a: Iron Treads|95\/100\n|-boost|p2a: Iron Treads|spe|1\n|-sideend|p2: biezouhaoma|Stealth Rock|[from] move: Rapid Spin|[of] p2a: Iron Treads\n|\n|upkeep\n|turn|2\n|\n|t:|1700582399\n|move|p1a: Iron Treads|Earth Power|p2a: Iron Treads\n|-supereffective|p2a: Iron Treads\n|-damage|p2a: Iron Treads|24\/100\n|move|p2a: Iron Treads|Earthquake|p1a: Iron Treads\n|-supereffective|p1a: Iron Treads\n|-damage|p1a: Iron Treads|18\/100\n|\n|upkeep\n|turn|3\n|\n|t:|1700582408\n|move|p1a: Iron Treads|Earth Power|p2a: Iron Treads\n|-supereffective|p2a: Iron Treads\n|-damage|p2a: Iron Treads|0 fnt\n|faint|p2a: Iron Treads\n|-end|p2a: Iron Treads|Quark Drive|[silent]\n|\n|upkeep\n|\n|t:|1700582414\n|switch|p2a: Pelipper|Pelipper, M|100\/100\n|-weather|RainDance|[from] ability: Drizzle|[of] p2a: Pelipper\n|turn|4\n|inactive|lchx has 120 seconds left.\n|\n|t:|1700582468\n|move|p1a: Iron Treads|Stealth Rock|p2a: Pelipper\n|-sidestart|p2: biezouhaoma|move: Stealth Rock\n|move|p2a: Pelipper|U-turn|p1a: Iron Treads\n|-resisted|p1a: Iron Treads\n|-damage|p1a: Iron Treads|14\/100\n|\n|t:|1700582472\n|switch|p2a: Scizor|Scizor, F|100\/100|[from] U-turn\n|-damage|p2a: Scizor|88\/100|[from] Stealth Rock\n|\n|-weather|RainDance|[upkeep]\n|upkeep\n|turn|5\n|\n|t:|1700582487\n|detailschange|p2a: Scizor|Scizor-Mega, F\n|-mega|p2a: Scizor|Scizor|Scizorite\n|move|p1a: Iron Treads|Steel Beam|p2a: Scizor\n|-resisted|p2a: Scizor\n|-damage|p2a: Scizor|69\/100\n|-damage|p1a: Iron Treads|0 fnt|[from] steelbeam\n|faint|p1a: Iron Treads\n|-end|p1a: Iron Treads|Quark Drive|[silent]\n|move|p2a: Scizor|Defog|p1: Iron Treads|[notarget]\n|-fail|p2a: Scizor\n|\n|-weather|RainDance|[upkeep]\n|upkeep\n|\n|t:|1700582500\n|switch|p1a: Ceruledge|Ceruledge, F, shiny|100\/100\n|turn|6\n|\n|t:|1700582512\n|move|p1a: Ceruledge|Bitter Blade|p2a: Scizor\n|-supereffective|p2a: Scizor\n|-damage|p2a: Scizor|3\/100\n|move|p2a: Scizor|U-turn|p1a: Ceruledge\n|-resisted|p1a: Ceruledge\n|-damage|p1a: Ceruledge|88\/100\n|-ability|p1a: Ceruledge|Weak Armor|boost\n|-unboost|p1a: Ceruledge|def|1\n|-boost|p1a: Ceruledge|spe|2\n|\n|t:|1700582516\n|switch|p2a: Barraskewda|Barraskewda, M|100\/100|[from] U-turn\n|-damage|p2a: Barraskewda|88\/100|[from] Stealth Rock\n|\n|-weather|RainDance|[upkeep]\n|upkeep\n|turn|7\n|inactive|lchx has 90 seconds left.\n|inactive|lchx has 60 seconds left.\n|\n|t:|1700582566\n|switch|p1a: Rillaboom|Rillaboom, F, shiny|100\/100\n|-fieldstart|move: Grassy Terrain|[from] ability: Grassy Surge|[of] p1a: Rillaboom\n|move|p2a: Barraskewda|Flip Turn|p1a: Rillaboom\n|-resisted|p1a: Rillaboom\n|-damage|p1a: Rillaboom|73\/100\n|\n|t:|1700582570\n|switch|p2a: Garganacl|Garganacl, M|100\/100|[from] Flip Turn\n|-damage|p2a: Garganacl|88\/100|[from] Stealth Rock\n|\n|-weather|RainDance|[upkeep]\n|-heal|p1a: Rillaboom|79\/100|[from] Grassy Terrain\n|-heal|p1a: Rillaboom|85\/100|[from] item: Leftovers\n|-heal|p2a: Garganacl|94\/100|[from] Grassy Terrain\n|-heal|p2a: Garganacl|100\/100|[from] item: Leftovers\n|upkeep\n|turn|8\n|\n|t:|1700582584\n|move|p2a: Garganacl|Protect|p2a: Garganacl\n|-singleturn|p2a: Garganacl|Protect\n|move|p1a: Rillaboom|Taunt|p2a: Garganacl\n|-activate|p2a: Garganacl|move: Protect\n|\n|-weather|RainDance|[upkeep]\n|-heal|p1a: Rillaboom|91\/100|[from] Grassy Terrain\n|-heal|p1a: Rillaboom|97\/100|[from] item: Leftovers\n|upkeep\n|turn|9\n|\n|t:|1700582597\n|move|p1a: Rillaboom|Grassy Glide|p2a: Garganacl\n|-supereffective|p2a: Garganacl\n|-damage|p2a: Garganacl|55\/100\n|move|p2a: Garganacl|Iron Defense|p2a: Garganacl\n|-boost|p2a: Garganacl|def|2\n|\n|-weather|RainDance|[upkeep]\n|-heal|p1a: Rillaboom|100\/100|[from] Grassy Terrain\n|-heal|p2a: Garganacl|62\/100|[from] Grassy Terrain\n|-heal|p2a: Garganacl|68\/100|[from] item: Leftovers\n|upkeep\n|turn|10\n|inactive|lchx has 60 seconds left.\n|\n|t:|1700582623\n|move|p2a: Garganacl|Protect|p2a: Garganacl\n|-singleturn|p2a: Garganacl|Protect\n|move|p1a: Rillaboom|U-turn|p2a: Garganacl\n|-activate|p2a: Garganacl|move: Protect\n|\n|-weather|RainDance|[upkeep]\n|-heal|p2a: Garganacl|74\/100|[from] Grassy Terrain\n|-heal|p2a: Garganacl|80\/100|[from] item: Leftovers\n|upkeep\n|turn|11\n|\n|t:|1700582628\n|switch|p1a: Iron Valiant|Iron Valiant, shiny|100\/100\n|-enditem|p1a: Iron Valiant|Booster Energy\n|-activate|p1a: Iron Valiant|ability: Quark Drive|[fromitem]\n|-start|p1a: Iron Valiant|quarkdrivespe\n|move|p2a: Garganacl|Salt Cure|p1a: Iron Valiant\n|-resisted|p1a: Iron Valiant\n|-damage|p1a: Iron Valiant|92\/100\n|-start|p1a: Iron Valiant|Salt Cure\n|\n|-weather|none\n|-heal|p1a: Iron Valiant|98\/100|[from] Grassy Terrain\n|-heal|p2a: Garganacl|86\/100|[from] Grassy Terrain\n|-heal|p2a: Garganacl|93\/100|[from] item: Leftovers\n|-damage|p1a: Iron Valiant|86\/100|[from] Salt Cure\n|-fieldend|move: Grassy Terrain\n|upkeep\n|turn|12\n|inactive|lchx has 60 seconds left.\n|\n|t:|1700582644\n|move|p2a: Garganacl|Protect|p2a: Garganacl\n|-singleturn|p2a: Garganacl|Protect\n|move|p1a: Iron Valiant|Encore|p2a: Garganacl\n|-activate|p2a: Garganacl|move: Protect\n|\n|-heal|p2a: Garganacl|99\/100|[from] item: Leftovers\n|-damage|p1a: Iron Valiant|74\/100|[from] Salt Cure\n|upkeep\n|turn|13\n|\n|t:|1700582651\n|move|p1a: Iron Valiant|Moonblast|p2a: Garganacl\n|-damage|p2a: Garganacl|72\/100\n|-unboost|p2a: Garganacl|spa|1\n|move|p2a: Garganacl|Salt Cure|p1a: Iron Valiant\n|-resisted|p1a: Iron Valiant\n|-damage|p1a: Iron Valiant|65\/100\n|\n|-heal|p2a: Garganacl|78\/100|[from] item: Leftovers\n|-damage|p1a: Iron Valiant|53\/100|[from] Salt Cure\n|upkeep\n|turn|14\n|\n|t:|1700582669\n|move|p2a: Garganacl|Protect|p2a: Garganacl\n|-singleturn|p2a: Garganacl|Protect\n|move|p1a: Iron Valiant|Moonblast|p2a: Garganacl\n|-activate|p2a: Garganacl|move: Protect\n|\n|-heal|p2a: Garganacl|84\/100|[from] item: Leftovers\n|-damage|p1a: Iron Valiant|40\/100|[from] Salt Cure\n|upkeep\n|turn|15\n|inactive|lchx has 60 seconds left.\n|inactive|lchx has 30 seconds left.\n|\n|t:|1700582715\n|move|p1a: Iron Valiant|Moonblast|p2a: Garganacl\n|-damage|p2a: Garganacl|58\/100\n|-unboost|p2a: Garganacl|spa|1\n|move|p2a: Garganacl|Salt Cure|p1a: Iron Valiant\n|-resisted|p1a: Iron Valiant\n|-damage|p1a: Iron Valiant|32\/100\n|\n|-heal|p2a: Garganacl|64\/100|[from] item: Leftovers\n|-damage|p1a: Iron Valiant|19\/100|[from] Salt Cure\n|upkeep\n|turn|16\n|\n|t:|1700582724\n|move|p1a: Iron Valiant|Moonblast|p2a: Garganacl\n|-damage|p2a: Garganacl|37\/100\n|move|p2a: Garganacl|Recover|p2a: Garganacl\n|-heal|p2a: Garganacl|87\/100\n|\n|-heal|p2a: Garganacl|93\/100|[from] item: Leftovers\n|-damage|p1a: Iron Valiant|7\/100|[from] Salt Cure\n|upkeep\n|turn|17\n|\n|t:|1700582730\n|move|p2a: Garganacl|Protect|p2a: Garganacl\n|-singleturn|p2a: Garganacl|Protect\n|move|p1a: Iron Valiant|Destiny Bond|p1a: Iron Valiant\n|-singlemove|p1a: Iron Valiant|Destiny Bond\n|\n|-heal|p2a: Garganacl|99\/100|[from] item: Leftovers\n|-damage|p1a: Iron Valiant|0 fnt|[from] Salt Cure\n|faint|p1a: Iron Valiant\n|-end|p1a: Iron Valiant|Quark Drive|[silent]\n|upkeep\n|\n|t:|1700582736\n|switch|p1a: Nihilego|Nihilego|100\/100\n|turn|18\n|\n|t:|1700582740\n|move|p1a: Nihilego|Meteor Beam||[still]\n|-prepare|p1a: Nihilego|Meteor Beam\n|-boost|p1a: Nihilego|spa|1\n|-enditem|p1a: Nihilego|Power Herb\n|-anim|p1a: Nihilego|Meteor Beam|p2a: Garganacl\n|-damage|p2a: Garganacl|41\/100\n|move|p2a: Garganacl|Salt Cure|p1a: Nihilego\n|-damage|p1a: Nihilego|78\/100\n|-start|p1a: Nihilego|Salt Cure\n|\n|-heal|p2a: Garganacl|47\/100|[from] item: Leftovers\n|-damage|p1a: Nihilego|66\/100|[from] Salt Cure\n|upkeep\n|turn|19\n|\n|t:|1700582762\n|move|p1a: Nihilego|Meteor Beam||[still]\n|-prepare|p1a: Nihilego|Meteor Beam\n|-boost|p1a: Nihilego|spa|1\n|move|p2a: Garganacl|Recover|p2a: Garganacl\n|-heal|p2a: Garganacl|97\/100\n|\n|-heal|p2a: Garganacl|100\/100|[from] item: Leftovers\n|-damage|p1a: Nihilego|53\/100|[from] Salt Cure\n|upkeep\n|turn|20\n|\n|t:|1700582769\n|move|p2a: Garganacl|Protect|p2a: Garganacl\n|-singleturn|p2a: Garganacl|Protect\n|move|p1a: Nihilego|Meteor Beam|p2a: Garganacl|[from]lockedmove\n|-activate|p2a: Garganacl|move: Protect\n|\n|-damage|p1a: Nihilego|41\/100|[from] Salt Cure\n|upkeep\n|turn|21\n|\n|t:|1700582786\n|switch|p2a: Scizor|Scizor-Mega, F|3\/100\n|-damage|p2a: Scizor|0 fnt|[from] Stealth Rock\n|faint|p2a: Scizor\n|move|p1a: Nihilego|Grass Knot|p2: Scizor|[notarget]\n|-fail|p1a: Nihilego\n|\n|-damage|p1a: Nihilego|28\/100|[from] Salt Cure\n|upkeep\n|\n|t:|1700582794\n|switch|p2a: Barraskewda|Barraskewda, M|88\/100\n|-damage|p2a: Barraskewda|76\/100|[from] Stealth Rock\n|turn|22\n|inactive|lchx has 60 seconds left.\n|\n|t:|1700582830\n|switch|p1a: Rillaboom|Rillaboom, F, shiny|100\/100\n|-fieldstart|move: Grassy Terrain|[from] ability: Grassy Surge|[of] p1a: Rillaboom\n|move|p2a: Barraskewda|Flip Turn|p1a: Rillaboom\n|-resisted|p1a: Rillaboom\n|-damage|p1a: Rillaboom|82\/100\n|\n|t:|1700582835\n|switch|p2a: Garganacl|Garganacl, M|100\/100|[from] Flip Turn\n|-damage|p2a: Garganacl|88\/100|[from] Stealth Rock\n|\n|-heal|p1a: Rillaboom|88\/100|[from] Grassy Terrain\n|-heal|p1a: Rillaboom|94\/100|[from] item: Leftovers\n|-heal|p2a: Garganacl|94\/100|[from] Grassy Terrain\n|-heal|p2a: Garganacl|100\/100|[from] item: Leftovers\n|upkeep\n|turn|23\n|inactive|lchx has 30 seconds left.\n|\n|t:|1700582862\n|-terastallize|p2a: Garganacl|Dragon\n|move|p1a: Rillaboom|Taunt|p2a: Garganacl\n|-start|p2a: Garganacl|move: Taunt\n|cant|p2a: Garganacl|move: Taunt|Iron Defense\n|\n|-heal|p1a: Rillaboom|100\/100|[from] Grassy Terrain\n|upkeep\n|turn|24\n|inactive|lchx has 30 seconds left.\n|\n|t:|1700582873\n|move|p1a: Rillaboom|Knock Off|p2a: Garganacl\n|-damage|p2a: Garganacl|79\/100\n|-enditem|p2a: Garganacl|Leftovers|[from] move: Knock Off|[of] p1a: Rillaboom\n|move|p2a: Garganacl|Salt Cure|p1a: Rillaboom\n|-damage|p1a: Rillaboom|90\/100\n|-start|p1a: Rillaboom|Salt Cure\n|\n|-heal|p1a: Rillaboom|96\/100|[from] Grassy Terrain\n|-heal|p1a: Rillaboom|100\/100|[from] item: Leftovers\n|-heal|p2a: Garganacl|85\/100|[from] Grassy Terrain\n|-damage|p1a: Rillaboom|88\/100|[from] Salt Cure\n|upkeep\n|turn|25\n|inactive|lchx has 30 seconds left.\n|\n|t:|1700582883\n|move|p1a: Rillaboom|U-turn|p2a: Garganacl\n|-damage|p2a: Garganacl|68\/100\n|inactive|lchx has 30 seconds left.\n|\n|t:|1700582890\n|switch|p1a: Nihilego|Nihilego|28\/100|[from] U-turn\n|move|p2a: Garganacl|Salt Cure|p1a: Nihilego\n|-damage|p1a: Nihilego|8\/100\n|-start|p1a: Nihilego|Salt Cure\n|\n|-heal|p1a: Nihilego|14\/100|[from] Grassy Terrain\n|-heal|p2a: Garganacl|75\/100|[from] Grassy Terrain\n|-damage|p1a: Nihilego|1\/100|[from] Salt Cure\n|-end|p2a: Garganacl|move: Taunt\n|upkeep\n|turn|26\n|\n|t:|1700582896\n|move|p2a: Garganacl|Protect|p2a: Garganacl\n|-singleturn|p2a: Garganacl|Protect\n|move|p1a: Nihilego|Sludge Wave|p2a: Garganacl\n|-activate|p2a: Garganacl|move: Protect\n|\n|-heal|p1a: Nihilego|7\/100|[from] Grassy Terrain\n|-heal|p2a: Garganacl|81\/100|[from] Grassy Terrain\n|-damage|p1a: Nihilego|0 fnt|[from] Salt Cure\n|faint|p1a: Nihilego\n|-fieldend|move: Grassy Terrain\n|upkeep\n|j| aaaapeng\n|\n|t:|1700582903\n|switch|p1a: Rillaboom|Rillaboom, F, shiny|88\/100\n|-fieldstart|move: Grassy Terrain|[from] ability: Grassy Surge|[of] p1a: Rillaboom\n|turn|27\n|\n|t:|1700582908\n|move|p1a: Rillaboom|Taunt|p2a: Garganacl\n|-start|p2a: Garganacl|move: Taunt\n|move|p2a: Garganacl|Salt Cure|p1a: Rillaboom\n|-damage|p1a: Rillaboom|76\/100\n|-start|p1a: Rillaboom|Salt Cure\n|\n|-heal|p1a: Rillaboom|82\/100|[from] Grassy Terrain\n|-heal|p1a: Rillaboom|89\/100|[from] item: Leftovers\n|-heal|p2a: Garganacl|87\/100|[from] Grassy Terrain\n|-damage|p1a: Rillaboom|76\/100|[from] Salt Cure\n|upkeep\n|turn|28\n|\n|t:|1700582913\n|move|p1a: Rillaboom|U-turn|p2a: Garganacl\n|-damage|p2a: Garganacl|70\/100\n|\n|t:|1700582917\n|switch|p1a: Sneasler|Sneasler, M|100\/100|[from] U-turn\n|-enditem|p1a: Sneasler|Grassy Seed\n|-boost|p1a: Sneasler|def|1|[from] item: Grassy Seed\n|move|p2a: Garganacl|Salt Cure|p1a: Sneasler\n|-resisted|p1a: Sneasler\n|-damage|p1a: Sneasler|92\/100\n|-start|p1a: Sneasler|Salt Cure\n|\n|-heal|p1a: Sneasler|98\/100|[from] Grassy Terrain\n|-heal|p2a: Garganacl|76\/100|[from] Grassy Terrain\n|-damage|p1a: Sneasler|86\/100|[from] Salt Cure\n|upkeep\n|turn|29\n|\n|t:|1700582922\n|switch|p2a: Pelipper|Pelipper, M|100\/100\n|-damage|p2a: Pelipper|75\/100|[from] Stealth Rock\n|-weather|RainDance|[from] ability: Drizzle|[of] p2a: Pelipper\n|move|p1a: Sneasler|Swords Dance|p1a: Sneasler\n|-boost|p1a: Sneasler|atk|2\n|\n|-weather|RainDance|[upkeep]\n|-heal|p1a: Sneasler|92\/100|[from] Grassy Terrain\n|-damage|p1a: Sneasler|80\/100|[from] Salt Cure\n|upkeep\n|turn|30\n|\n|t:|1700582927\n|-terastallize|p1a: Sneasler|Flying\n|move|p1a: Sneasler|Acrobatics|p2a: Pelipper\n|-damage|p2a: Pelipper|0 fnt\n|faint|p2a: Pelipper\n|\n|-weather|RainDance|[upkeep]\n|-damage|p1a: Sneasler|67\/100|[from] Salt Cure\n|upkeep\n|\n|t:|1700582930\n|switch|p2a: Barraskewda|Barraskewda, M|76\/100\n|-damage|p2a: Barraskewda|64\/100|[from] Stealth Rock\n|turn|31\n|\n|t:|1700582934\n|move|p2a: Barraskewda|Aqua Jet|p1a: Sneasler\n|-damage|p1a: Sneasler|9\/100\n|move|p1a: Sneasler|Acrobatics|p2a: Barraskewda\n|-damage|p2a: Barraskewda|0 fnt\n|faint|p2a: Barraskewda\n|\n|-weather|RainDance|[upkeep]\n|-damage|p1a: Sneasler|0 fnt|[from] Salt Cure\n|faint|p1a: Sneasler\n|-fieldend|move: Grassy Terrain\n|upkeep\n|inactive|lchx has 90 seconds left.\n|\n|t:|1700582945\n|switch|p1a: Rillaboom|Rillaboom, F, shiny|76\/100\n|switch|p2a: Volcanion|Volcanion|100\/100\n|-damage|p2a: Volcanion|76\/100|[from] Stealth Rock\n|-fieldstart|move: Grassy Terrain|[from] ability: Grassy Surge|[of] p1a: Rillaboom\n|turn|32\n|inactive|lchx has 90 seconds left.\n|\n|t:|1700582950\n|move|p1a: Rillaboom|Grassy Glide|p2a: Volcanion\n|-damage|p2a: Volcanion|39\/100\n|move|p2a: Volcanion|Steam Eruption|p1a: Rillaboom\n|-resisted|p1a: Rillaboom\n|-damage|p1a: Rillaboom|0 fnt\n|faint|p1a: Rillaboom\n|\n|-weather|RainDance|[upkeep]\n|-heal|p2a: Volcanion|45\/100|[from] Grassy Terrain\n|upkeep\n|inactive|lchx has 90 seconds left.\n|\n|t:|1700582956\n|switch|p1a: Ceruledge|Ceruledge, F, shiny|88\/100\n|turn|33\n|\n|t:|1700582960\n|move|p1a: Ceruledge|Poltergeist|p2a: Volcanion\n|-activate|p2a: Volcanion|move: Poltergeist|Choice Specs\n|-damage|p2a: Volcanion|0 fnt\n|faint|p2a: Volcanion\n|\n|-weather|RainDance|[upkeep]\n|-heal|p1a: Ceruledge|94\/100|[from] Grassy Terrain\n|upkeep\n|\n|t:|1700582963\n|switch|p2a: Garganacl|Garganacl, M, tera:Dragon|76\/100\n|-damage|p2a: Garganacl|64\/100|[from] Stealth Rock\n|turn|34\n|\n|t:|1700582966\n|move|p1a: Ceruledge|Swords Dance|p1a: Ceruledge\n|-boost|p1a: Ceruledge|atk|2\n|move|p2a: Garganacl|Iron Defense|p2a: Garganacl\n|-boost|p2a: Garganacl|def|2\n|\n|-weather|RainDance|[upkeep]\n|-heal|p1a: Ceruledge|100\/100|[from] Grassy Terrain\n|-heal|p2a: Garganacl|70\/100|[from] Grassy Terrain\n|upkeep\n|turn|35\n|inactive|lchx has 120 seconds left.\n|\n|t:|1700582972\n|move|p1a: Ceruledge|Swords Dance|p1a: Ceruledge\n|-boost|p1a: Ceruledge|atk|2\n|move|p2a: Garganacl|Iron Defense|p2a: Garganacl\n|-boost|p2a: Garganacl|def|2\n|\n|-weather|RainDance|[upkeep]\n|-heal|p2a: Garganacl|76\/100|[from] Grassy Terrain\n|upkeep\n|turn|36\n|\n|t:|1700582979\n|move|p1a: Ceruledge|Swords Dance|p1a: Ceruledge\n|-boost|p1a: Ceruledge|atk|2\n|move|p2a: Garganacl|Iron Defense|p2a: Garganacl\n|-boost|p2a: Garganacl|def|2\n|\n|-weather|none\n|-heal|p2a: Garganacl|82\/100|[from] Grassy Terrain\n|-fieldend|move: Grassy Terrain\n|upkeep\n|turn|37\n|\n|t:|1700582987\n|move|p2a: Garganacl|Protect|p2a: Garganacl\n|-singleturn|p2a: Garganacl|Protect\n|move|p1a: Ceruledge|Bitter Blade|p2a: Garganacl\n|-activate|p2a: Garganacl|move: Protect\n|\n|upkeep\n|turn|38\n|\n|t:|1700582992\n|move|p1a: Ceruledge|Bitter Blade|p2a: Garganacl\n|-resisted|p2a: Garganacl\n|-damage|p2a: Garganacl|68\/100\n|move|p2a: Garganacl|Salt Cure|p1a: Ceruledge\n|-supereffective|p1a: Ceruledge\n|-damage|p1a: Ceruledge|57\/100\n|-start|p1a: Ceruledge|Salt Cure\n|-ability|p1a: Ceruledge|Weak Armor|boost\n|-unboost|p1a: Ceruledge|def|1\n|-boost|p1a: Ceruledge|spe|2\n|\n|-damage|p1a: Ceruledge|45\/100|[from] Salt Cure\n|upkeep\n|turn|39\n|\n|t:|1700582998\n|move|p2a: Garganacl|Protect|p2a: Garganacl\n|-singleturn|p2a: Garganacl|Protect\n|move|p1a: Ceruledge|Bitter Blade|p2a: Garganacl\n|-activate|p2a: Garganacl|move: Protect\n|\n|-damage|p1a: Ceruledge|32\/100|[from] Salt Cure\n|upkeep\n|turn|40\n|-message|lchx forfeited.\n|\n|win|biezouhaoma\n|raw|lchx's rating: 1739 &rarr; <strong>1714<\/strong><br \/>(-25 for losing)\n|raw|biezouhaoma's rating: 1653 &rarr; <strong>1678<\/strong><br \/>(+25 for winning)\n|l|\u203dlchx\n|l|\u203dbiezouhaoma\n|j| nkjhgijoijhb\n|l| nkjhgijoijhb\n","uploadtime":1700583608,"views":0,"p1id":"lchx","p2id":"biezouhaoma","formatid":"gen9nationaldex","rating":1678,"private":0,"password":""}