{"id":"gen9nationaldex-1995553903","p1":"lchx","p2":"Rahil098","format":"[Gen 9] National Dex","log":"|html|<div class=\"broadcast-blue\"><strong>[Gen 9] National Dex is currently suspecting Sneasler! For information on how to participate check out the <a href=\"https:\/\/www.smogon.com\/forums\/threads\/sv-national-dex-suspect-8-just-dance.3731534\/\">suspect thread<\/a>.<\/strong><\/div>\n|j|\u203dlchx\n|j|\u2606Rahil098\n|t:|1700582361\n|gametype|singles\n|player|p1|lchx|ghetsis|1766\n|player|p2|Rahil098|volo|1647\n|teamsize|p1|6\n|teamsize|p2|6\n|gen|9\n|tier|[Gen 9] National Dex\n|rated|\n|rule|HP Percentage Mod: HP is shown in percentages\n|rule|Endless Battle Clause: Forcing endless battles is banned\n|rule|OHKO Clause: OHKO moves are banned\n|rule|Evasion Clause: Evasion abilities, items, and moves are banned\n|rule|Evasion Abilities Clause: Evasion abilities are banned\n|rule|Evasion Items Clause: Evasion items are banned\n|rule|Evasion Moves Clause: Evasion moves are banned\n|rule|Species Clause: Limit one of each Pok\u00e9mon\n|rule|Sleep Clause Mod: Limit one foe put to sleep\n|clearpoke\n|poke|p1|Rillaboom, F|\n|poke|p1|Iron Treads|\n|poke|p1|Iron Valiant|\n|poke|p1|Ceruledge, F|\n|poke|p1|Sneasler, M|\n|poke|p1|Nihilego|\n|poke|p2|Lopunny, M|\n|poke|p2|Kartana|\n|poke|p2|Iron Valiant|\n|poke|p2|Ferrothorn, F|\n|poke|p2|Garganacl, M|\n|poke|p2|Heatran, F|\n|teampreview\n|inactive|Battle timer is ON: inactive players will automatically lose when time's up. (requested by Rahil098)\n|j| aaaapeng\n|\n|t:|1700582378\n|start\n|switch|p1a: Iron Treads|Iron Treads, shiny|100\/100\n|switch|p2a: Lopunny|Lopunny, M|100\/100\n|-enditem|p1a: Iron Treads|Booster Energy\n|-activate|p1a: Iron Treads|ability: Quark Drive|[fromitem]\n|-start|p1a: Iron Treads|quarkdrivespe\n|turn|1\n|\n|t:|1700582389\n|detailschange|p2a: Lopunny|Lopunny-Mega, M\n|-mega|p2a: Lopunny|Lopunny|Lopunnite\n|move|p2a: Lopunny|Fake Out|p1a: Iron Treads\n|-resisted|p1a: Iron Treads\n|-damage|p1a: Iron Treads|91\/100\n|cant|p1a: Iron Treads|flinch\n|\n|upkeep\n|turn|2\n|\n|t:|1700582394\n|move|p1a: Iron Treads|Stealth Rock|p2a: Lopunny\n|-sidestart|p2: Rahil098|move: Stealth Rock\n|move|p2a: Lopunny|Close Combat|p1a: Iron Treads\n|-supereffective|p1a: Iron Treads\n|-damage|p1a: Iron Treads|0 fnt\n|-unboost|p2a: Lopunny|def|1\n|-unboost|p2a: Lopunny|spd|1\n|faint|p1a: Iron Treads\n|-end|p1a: Iron Treads|Quark Drive|[silent]\n|\n|upkeep\n|\n|t:|1700582422\n|switch|p1a: Rillaboom|Rillaboom, F, shiny|100\/100\n|-fieldstart|move: Grassy Terrain|[from] ability: Grassy Surge|[of] p1a: Rillaboom\n|turn|3\n|\n|t:|1700582426\n|switch|p2a: Ferrothorn|Ferrothorn, F|100\/100\n|-damage|p2a: Ferrothorn|94\/100|[from] Stealth Rock\n|move|p1a: Rillaboom|U-turn|p2a: Ferrothorn\n|-damage|p2a: Ferrothorn|81\/100\n|-damage|p1a: Rillaboom|88\/100|[from] ability: Iron Barbs|[of] p2a: Ferrothorn\n|-damage|p1a: Rillaboom|72\/100|[from] item: Rocky Helmet|[of] p2a: Ferrothorn\n|\n|t:|1700582432\n|switch|p1a: Ceruledge|Ceruledge, F, shiny|100\/100|[from] U-turn\n|\n|-heal|p2a: Ferrothorn|87\/100|[from] Grassy Terrain\n|upkeep\n|turn|4\n|\n|t:|1700582443\n|switch|p2a: Heatran|Heatran, F|100\/100\n|-damage|p2a: Heatran|88\/100|[from] Stealth Rock\n|-item|p2a: Heatran|Air Balloon\n|move|p1a: Ceruledge|Swords Dance|p1a: Ceruledge\n|-boost|p1a: Ceruledge|atk|2\n|\n|upkeep\n|turn|5\n|\n|t:|1700582456\n|-terastallize|p1a: Ceruledge|Ghost\n|move|p1a: Ceruledge|Poltergeist|p2a: Heatran\n|-activate|p2a: Heatran|move: Poltergeist|Air Balloon\n|-damage|p2a: Heatran|0 fnt\n|-enditem|p2a: Heatran|Air Balloon\n|faint|p2a: Heatran\n|\n|upkeep\n|\n|t:|1700582465\n|switch|p2a: Garganacl|Garganacl, M|100\/100\n|-damage|p2a: Garganacl|88\/100|[from] Stealth Rock\n|turn|6\n|\n|t:|1700582482\n|switch|p1a: Nihilego|Nihilego|100\/100\n|move|p2a: Garganacl|Salt Cure|p1a: Nihilego\n|-damage|p1a: Nihilego|79\/100\n|-start|p1a: Nihilego|Salt Cure\n|\n|-heal|p1a: Nihilego|85\/100|[from] Grassy Terrain\n|-heal|p2a: Garganacl|94\/100|[from] Grassy Terrain\n|-heal|p2a: Garganacl|100\/100|[from] item: Leftovers\n|-damage|p1a: Nihilego|72\/100|[from] Salt Cure\n|upkeep\n|turn|7\n|inactive|lchx has 120 seconds left.\n|\n|t:|1700582522\n|move|p1a: Nihilego|Meteor Beam||[still]\n|-prepare|p1a: Nihilego|Meteor Beam\n|-boost|p1a: Nihilego|spa|1\n|-enditem|p1a: Nihilego|Power Herb\n|-anim|p1a: Nihilego|Meteor Beam|p2a: Garganacl\n|-damage|p2a: Garganacl|39\/100\n|move|p2a: Garganacl|Stealth Rock|p1a: Nihilego\n|-sidestart|p1: lchx|move: Stealth Rock\n|\n|-heal|p1a: Nihilego|78\/100|[from] Grassy Terrain\n|-heal|p2a: Garganacl|45\/100|[from] Grassy Terrain\n|-heal|p2a: Garganacl|51\/100|[from] item: Leftovers\n|-damage|p1a: Nihilego|66\/100|[from] Salt Cure\n|-fieldend|move: Grassy Terrain\n|upkeep\n|turn|8\n|inactive|lchx has 90 seconds left.\n|\n|t:|1700582553\n|switch|p1a: Ceruledge|Ceruledge, F, shiny, tera:Ghost|100\/100\n|-damage|p1a: Ceruledge|88\/100|[from] Stealth Rock\n|move|p2a: Garganacl|Recover|p2a: Garganacl\n|-heal|p2a: Garganacl|100\/100\n|\n|upkeep\n|turn|9\n|inactive|lchx has 90 seconds left.\n|\n|t:|1700582561\n|switch|p1a: Nihilego|Nihilego|66\/100\n|-damage|p1a: Nihilego|54\/100|[from] Stealth Rock\n|move|p2a: Garganacl|Salt Cure|p1a: Nihilego\n|-crit|p1a: Nihilego\n|-damage|p1a: Nihilego|21\/100\n|-start|p1a: Nihilego|Salt Cure\n|\n|-damage|p1a: Nihilego|9\/100|[from] Salt Cure\n|upkeep\n|turn|10\n|inactive|lchx has 90 seconds left.\n|\n|t:|1700582572\n|move|p2a: Garganacl|Protect|p2a: Garganacl\n|-singleturn|p2a: Garganacl|Protect\n|move|p1a: Nihilego|Grass Knot|p2a: Garganacl\n|-activate|p2a: Garganacl|move: Protect\n|\n|-damage|p1a: Nihilego|0 fnt|[from] Salt Cure\n|faint|p1a: Nihilego\n|upkeep\n|\n|t:|1700582577\n|switch|p1a: Rillaboom|Rillaboom, F, shiny|72\/100\n|-damage|p1a: Rillaboom|60\/100|[from] Stealth Rock\n|-fieldstart|move: Grassy Terrain|[from] ability: Grassy Surge|[of] p1a: Rillaboom\n|turn|11\n|inactive|lchx has 90 seconds left.\n|\n|t:|1700582604\n|move|p1a: Rillaboom|Knock Off|p2a: Garganacl\n|-damage|p2a: Garganacl|79\/100\n|-enditem|p2a: Garganacl|Leftovers|[from] move: Knock Off|[of] p1a: Rillaboom\n|move|p2a: Garganacl|Salt Cure|p1a: Rillaboom\n|-damage|p1a: Rillaboom|48\/100\n|-start|p1a: Rillaboom|Salt Cure\n|\n|-heal|p1a: Rillaboom|55\/100|[from] Grassy Terrain\n|-heal|p1a: Rillaboom|61\/100|[from] item: Leftovers\n|-heal|p2a: Garganacl|86\/100|[from] Grassy Terrain\n|-damage|p1a: Rillaboom|48\/100|[from] Salt Cure\n|upkeep\n|turn|12\n|\n|t:|1700582611\n|move|p2a: Garganacl|Protect|p2a: Garganacl\n|-singleturn|p2a: Garganacl|Protect\n|move|p1a: Rillaboom|U-turn|p2a: Garganacl\n|-activate|p2a: Garganacl|move: Protect\n|\n|-heal|p1a: Rillaboom|55\/100|[from] Grassy Terrain\n|-heal|p1a: Rillaboom|61\/100|[from] item: Leftovers\n|-heal|p2a: Garganacl|92\/100|[from] Grassy Terrain\n|-damage|p1a: Rillaboom|48\/100|[from] Salt Cure\n|upkeep\n|turn|13\n|inactive|lchx has 90 seconds left.\n|\n|t:|1700582634\n|switch|p1a: Iron Valiant|Iron Valiant, shiny|100\/100\n|-damage|p1a: Iron Valiant|94\/100|[from] Stealth Rock\n|-enditem|p1a: Iron Valiant|Booster Energy\n|-activate|p1a: Iron Valiant|ability: Quark Drive|[fromitem]\n|-start|p1a: Iron Valiant|quarkdrivespe\n|switch|p2a: Ferrothorn|Ferrothorn, F|87\/100\n|-damage|p2a: Ferrothorn|81\/100|[from] Stealth Rock\n|\n|-heal|p1a: Iron Valiant|100\/100|[from] Grassy Terrain\n|-heal|p2a: Ferrothorn|87\/100|[from] Grassy Terrain\n|upkeep\n|turn|14\n|\n|t:|1700582656\n|move|p1a: Iron Valiant|Close Combat|p2a: Ferrothorn\n|-supereffective|p2a: Ferrothorn\n|-crit|p2a: Ferrothorn\n|-damage|p2a: Ferrothorn|0 fnt\n|-unboost|p1a: Iron Valiant|def|1\n|-unboost|p1a: Iron Valiant|spd|1\n|-damage|p1a: Iron Valiant|88\/100|[from] ability: Iron Barbs|[of] p2a: Ferrothorn\n|-damage|p1a: Iron Valiant|71\/100|[from] item: Rocky Helmet|[of] p2a: Ferrothorn\n|faint|p2a: Ferrothorn\n|\n|-heal|p1a: Iron Valiant|78\/100|[from] Grassy Terrain\n|upkeep\n|\n|t:|1700582665\n|switch|p2a: Lopunny|Lopunny-Mega, M|100\/100\n|-damage|p2a: Lopunny|95\/100|[from] Stealth Rock\n|turn|15\n|\n|t:|1700582673\n|move|p2a: Lopunny|Fake Out|p1a: Iron Valiant\n|-damage|p1a: Iron Valiant|35\/100\n|cant|p1a: Iron Valiant|flinch\n|\n|-heal|p1a: Iron Valiant|41\/100|[from] Grassy Terrain\n|-heal|p2a: Lopunny|100\/100|[from] Grassy Terrain\n|-fieldend|move: Grassy Terrain\n|upkeep\n|turn|16\n|\n|t:|1700582678\n|move|p2a: Lopunny|Quick Attack|p1a: Iron Valiant\n|-damage|p1a: Iron Valiant|0 fnt\n|faint|p1a: Iron Valiant\n|-end|p1a: Iron Valiant|Quark Drive|[silent]\n|\n|upkeep\n|\n|t:|1700582683\n|switch|p1a: Rillaboom|Rillaboom, F, shiny|48\/100\n|-damage|p1a: Rillaboom|36\/100|[from] Stealth Rock\n|-fieldstart|move: Grassy Terrain|[from] ability: Grassy Surge|[of] p1a: Rillaboom\n|turn|17\n|\n|t:|1700582687\n|move|p1a: Rillaboom|Grassy Glide|p2a: Lopunny\n|-damage|p2a: Lopunny|53\/100\n|move|p2a: Lopunny|Frustration|p1a: Rillaboom\n|-damage|p1a: Rillaboom|0 fnt\n|faint|p1a: Rillaboom\n|\n|-heal|p2a: Lopunny|59\/100|[from] Grassy Terrain\n|upkeep\n|\n|t:|1700582694\n|switch|p1a: Sneasler|Sneasler, M|100\/100\n|-damage|p1a: Sneasler|95\/100|[from] Stealth Rock\n|-enditem|p1a: Sneasler|Grassy Seed\n|-boost|p1a: Sneasler|def|1|[from] item: Grassy Seed\n|turn|18\n|\n|t:|1700582702\n|switch|p2a: Kartana|Kartana, shiny|100\/100\n|-damage|p2a: Kartana|94\/100|[from] Stealth Rock\n|move|p1a: Sneasler|Acrobatics|p2a: Kartana\n|-damage|p2a: Kartana|56\/100\n|\n|-heal|p1a: Sneasler|100\/100|[from] Grassy Terrain\n|-heal|p2a: Kartana|62\/100|[from] Grassy Terrain\n|upkeep\n|turn|19\n|\n|t:|1700582706\n|move|p1a: Sneasler|Close Combat|p2a: Kartana\n|-supereffective|p2a: Kartana\n|-damage|p2a: Kartana|0 fnt\n|-unboost|p1a: Sneasler|def|1\n|-unboost|p1a: Sneasler|spd|1\n|faint|p2a: Kartana\n|\n|upkeep\n|\n|t:|1700582710\n|switch|p2a: Garganacl|Garganacl, M|92\/100\n|-damage|p2a: Garganacl|79\/100|[from] Stealth Rock\n|turn|20\n|inactive|lchx has 120 seconds left.\n|\n|t:|1700582748\n|move|p1a: Sneasler|Swords Dance|p1a: Sneasler\n|-boost|p1a: Sneasler|atk|2\n|move|p2a: Garganacl|Salt Cure|p1a: Sneasler\n|-resisted|p1a: Sneasler\n|-damage|p1a: Sneasler|88\/100\n|-start|p1a: Sneasler|Salt Cure\n|\n|-heal|p1a: Sneasler|94\/100|[from] Grassy Terrain\n|-heal|p2a: Garganacl|86\/100|[from] Grassy Terrain\n|-damage|p1a: Sneasler|82\/100|[from] Salt Cure\n|upkeep\n|turn|21\n|inactive|lchx has 90 seconds left.\n|\n|t:|1700582781\n|move|p2a: Garganacl|Protect|p2a: Garganacl\n|-singleturn|p2a: Garganacl|Protect\n|move|p1a: Sneasler|Close Combat|p2a: Garganacl\n|-activate|p2a: Garganacl|move: Protect\n|\n|-heal|p1a: Sneasler|88\/100|[from] Grassy Terrain\n|-heal|p2a: Garganacl|92\/100|[from] Grassy Terrain\n|-damage|p1a: Sneasler|76\/100|[from] Salt Cure\n|-fieldend|move: Grassy Terrain\n|upkeep\n|turn|22\n|\n|t:|1700582787\n|-terastallize|p2a: Garganacl|Fairy\n|move|p1a: Sneasler|Close Combat|p2a: Garganacl\n|-resisted|p2a: Garganacl\n|-damage|p2a: Garganacl|51\/100\n|-unboost|p1a: Sneasler|def|1\n|-unboost|p1a: Sneasler|spd|1\n|move|p2a: Garganacl|Salt Cure|p1a: Sneasler\n|-resisted|p1a: Sneasler\n|-damage|p1a: Sneasler|57\/100\n|\n|-damage|p1a: Sneasler|45\/100|[from] Salt Cure\n|upkeep\n|turn|23\n|\n|t:|1700582791\n|move|p1a: Sneasler|Dire Claw|p2a: Garganacl\n|-supereffective|p2a: Garganacl\n|-damage|p2a: Garganacl|0 fnt\n|faint|p2a: Garganacl\n|\n|-damage|p1a: Sneasler|33\/100|[from] Salt Cure\n|upkeep\n|\n|t:|1700582794\n|switch|p2a: Lopunny|Lopunny-Mega, M|59\/100\n|-damage|p2a: Lopunny|53\/100|[from] Stealth Rock\n|turn|24\n|\n|t:|1700582809\n|switch|p1a: Ceruledge|Ceruledge, F, shiny, tera:Ghost|88\/100\n|-damage|p1a: Ceruledge|76\/100|[from] Stealth Rock\n|move|p2a: Lopunny|Fake Out|p1a: Ceruledge\n|-damage|p1a: Ceruledge|46\/100\n|-ability|p1a: Ceruledge|Weak Armor|boost\n|-unboost|p1a: Ceruledge|def|1\n|-boost|p1a: Ceruledge|spe|2\n|\n|upkeep\n|turn|25\n|\n|t:|1700582824\n|switch|p2a: Iron Valiant|Iron Valiant|100\/100\n|-damage|p2a: Iron Valiant|94\/100|[from] Stealth Rock\n|-enditem|p2a: Iron Valiant|Booster Energy\n|-activate|p2a: Iron Valiant|ability: Quark Drive|[fromitem]\n|-start|p2a: Iron Valiant|quarkdrivespe\n|move|p1a: Ceruledge|Bitter Blade|p2a: Iron Valiant\n|-damage|p2a: Iron Valiant|30\/100\n|-heal|p1a: Ceruledge|77\/100|[from] drain|[of] p2a: Iron Valiant\n|\n|upkeep\n|turn|26\n|\n|t:|1700582838\n|move|p1a: Ceruledge|Bitter Blade|p2a: Iron Valiant\n|-damage|p2a: Iron Valiant|0 fnt\n|-heal|p1a: Ceruledge|92\/100|[from] drain|[of] p2a: Iron Valiant\n|faint|p2a: Iron Valiant\n|-end|p2a: Iron Valiant|Quark Drive|[silent]\n|\n|upkeep\n|\n|t:|1700582840\n|switch|p2a: Lopunny|Lopunny-Mega, M|53\/100\n|-damage|p2a: Lopunny|47\/100|[from] Stealth Rock\n|turn|27\n|\n|t:|1700582843\n|move|p2a: Lopunny|Fake Out|p1a: Ceruledge\n|-damage|p1a: Ceruledge|45\/100\n|-ability|p1a: Ceruledge|Weak Armor|boost\n|-unboost|p1a: Ceruledge|def|1\n|-boost|p1a: Ceruledge|spe|2\n|cant|p1a: Ceruledge|flinch\n|\n|upkeep\n|turn|28\n|inactive|lchx has 120 seconds left.\n|\n|t:|1700582852\n|move|p2a: Lopunny|Quick Attack|p1a: Ceruledge\n|-damage|p1a: Ceruledge|0 fnt\n|faint|p1a: Ceruledge\n|\n|upkeep\n|\n|t:|1700582855\n|switch|p1a: Sneasler|Sneasler, M|33\/100\n|-damage|p1a: Sneasler|27\/100|[from] Stealth Rock\n|turn|29\n|\n|t:|1700582858\n|move|p2a: Lopunny|Frustration|p1a: Sneasler\n|-damage|p1a: Sneasler|0 fnt\n|faint|p1a: Sneasler\n|\n|win|Rahil098\n|raw|lchx's rating: 1766 &rarr; <strong>1739<\/strong><br \/>(-27 for losing)\n|raw|Rahil098's rating: 1647 &rarr; <strong>1674<\/strong><br \/>(+27 for winning)\n|c|\u2606Rahil098|gg\n","uploadtime":1700582876,"views":1,"p1id":"lchx","p2id":"rahil098","formatid":"gen9nationaldex","rating":1674,"private":0,"password":""}