{"id":"gen9nationaldex-1988341027","p1":"chongwang12345","p2":"123321qw","format":"[Gen 9] National Dex","log":"|j|\u2606chongwang12345\n|j|\u2606123321qw\n|t:|1699711120\n|gametype|singles\n|player|p1|chongwang12345|preschooler|\n|player|p2|123321qw|brycenman|\n|teamsize|p1|6\n|teamsize|p2|6\n|gen|9\n|tier|[Gen 9] National Dex\n|rule|HP Percentage Mod: HP is shown in percentages\n|rule|Endless Battle Clause: Forcing endless battles is banned\n|rule|OHKO Clause: OHKO moves are banned\n|rule|Evasion Clause: Evasion abilities, items, and moves are banned\n|rule|Evasion Abilities Clause: Evasion abilities are banned\n|rule|Evasion Items Clause: Evasion items are banned\n|rule|Evasion Moves Clause: Evasion moves are banned\n|rule|Species Clause: Limit one of each Pok\u00e9mon\n|rule|Sleep Clause Mod: Limit one foe put to sleep\n|clearpoke\n|poke|p1|Slowbro, M|\n|poke|p1|Celesteela|\n|poke|p1|Scizor, F|\n|poke|p1|Hydreigon, M|\n|poke|p1|Kommo-o, F|\n|poke|p1|Dragonite, F|\n|poke|p2|Urshifu-*, M|\n|poke|p2|Tapu Lele|\n|poke|p2|Iron Treads|\n|poke|p2|Diancie|\n|poke|p2|Enamorus, F|\n|poke|p2|Sneasler, M|\n|teampreview\n|inactive|Battle timer is ON: inactive players will automatically lose when time's up. (requested by chongwang12345)\n|c|\u2606chongwang12345|\u5636\n|\n|t:|1699711141\n|start\n|switch|p1a: Scizor|Scizor, F|100\/100\n|switch|p2a: \u6653\u9a7e\u70ad\u8f66\u8f97\u94c1\u8f99|Iron Treads|100\/100\n|-enditem|p2a: \u6653\u9a7e\u70ad\u8f66\u8f97\u94c1\u8f99|Booster Energy\n|-activate|p2a: \u6653\u9a7e\u70ad\u8f66\u8f97\u94c1\u8f99|ability: Quark Drive|[fromitem]\n|-start|p2a: \u6653\u9a7e\u70ad\u8f66\u8f97\u94c1\u8f99|quarkdrivespe\n|turn|1\n|c|\u2606123321qw|\u778e\u6574\u7684\n|\n|t:|1699711152\n|detailschange|p1a: Scizor|Scizor-Mega, F\n|-mega|p1a: Scizor|Scizor|Scizorite\n|move|p2a: \u6653\u9a7e\u70ad\u8f66\u8f97\u94c1\u8f99|Earthquake|p1a: Scizor\n|-damage|p1a: Scizor|75\/100\n|move|p1a: Scizor|U-turn|p2a: \u6653\u9a7e\u70ad\u8f66\u8f97\u94c1\u8f99\n|-resisted|p2a: \u6653\u9a7e\u70ad\u8f66\u8f97\u94c1\u8f99\n|-damage|p2a: \u6653\u9a7e\u70ad\u8f66\u8f97\u94c1\u8f99|85\/100\n|\n|t:|1699711169\n|switch|p1a: Slowbro|Slowbro, M|100\/100|[from] U-turn\n|\n|upkeep\n|turn|2\n|\n|t:|1699711179\n|move|p2a: \u6653\u9a7e\u70ad\u8f66\u8f97\u94c1\u8f99|Stealth Rock|p1a: Slowbro\n|-sidestart|p1: chongwang12345|move: Stealth Rock\n|move|p1a: Slowbro|Scald|p2a: \u6653\u9a7e\u70ad\u8f66\u8f97\u94c1\u8f99\n|-supereffective|p2a: \u6653\u9a7e\u70ad\u8f66\u8f97\u94c1\u8f99\n|-damage|p2a: \u6653\u9a7e\u70ad\u8f66\u8f97\u94c1\u8f99|2\/100\n|\n|upkeep\n|turn|3\n|\n|t:|1699711185\n|move|p2a: \u6653\u9a7e\u70ad\u8f66\u8f97\u94c1\u8f99|Earthquake|p1a: Slowbro\n|-damage|p1a: Slowbro|75\/100\n|move|p1a: Slowbro|Teleport|p1a: Slowbro\n|\n|t:|1699711188\n|switch|p1a: Scizor|Scizor-Mega, F|75\/100|[from] Teleport\n|-damage|p1a: Scizor|63\/100|[from] Stealth Rock\n|\n|upkeep\n|turn|4\n|c|\u2606chongwang12345|\u554a\u54c8\n|\n|t:|1699711204\n|move|p2a: \u6653\u9a7e\u70ad\u8f66\u8f97\u94c1\u8f99|Earthquake|p1a: Scizor\n|-damage|p1a: Scizor|38\/100\n|move|p1a: Scizor|Defog|p2a: \u6653\u9a7e\u70ad\u8f66\u8f97\u94c1\u8f99\n|-unboost|p2a: \u6653\u9a7e\u70ad\u8f66\u8f97\u94c1\u8f99|evasion|1\n|-sideend|p1: chongwang12345|Stealth Rock|[from] move: Defog|[of] p1a: Scizor\n|\n|upkeep\n|turn|5\n|\n|t:|1699711213\n|move|p2a: \u6653\u9a7e\u70ad\u8f66\u8f97\u94c1\u8f99|Earthquake|p1a: Scizor\n|-damage|p1a: Scizor|10\/100\n|move|p1a: Scizor|Roost|p1a: Scizor\n|-heal|p1a: Scizor|60\/100\n|-singleturn|p1a: Scizor|move: Roost\n|\n|upkeep\n|turn|6\n|\n|t:|1699711219\n|move|p2a: \u6653\u9a7e\u70ad\u8f66\u8f97\u94c1\u8f99|Stealth Rock|p1a: Scizor\n|-sidestart|p1: chongwang12345|move: Stealth Rock\n|move|p1a: Scizor|Roost|p1a: Scizor\n|-heal|p1a: Scizor|100\/100\n|-singleturn|p1a: Scizor|move: Roost\n|\n|upkeep\n|turn|7\n|c|\u2606chongwang12345|\u4f60\u5e72\u561b\u5462\n|\n|t:|1699711239\n|move|p2a: \u6653\u9a7e\u70ad\u8f66\u8f97\u94c1\u8f99|Earthquake|p1a: Scizor\n|-damage|p1a: Scizor|73\/100\n|move|p1a: Scizor|Defog|p2a: \u6653\u9a7e\u70ad\u8f66\u8f97\u94c1\u8f99\n|-unboost|p2a: \u6653\u9a7e\u70ad\u8f66\u8f97\u94c1\u8f99|evasion|1\n|-sideend|p1: chongwang12345|Stealth Rock|[from] move: Defog|[of] p1a: Scizor\n|\n|upkeep\n|turn|8\n|\n|t:|1699711245\n|move|p1a: Scizor|Bullet Punch|p2a: \u6653\u9a7e\u70ad\u8f66\u8f97\u94c1\u8f99\n|-resisted|p2a: \u6653\u9a7e\u70ad\u8f66\u8f97\u94c1\u8f99\n|-damage|p2a: \u6653\u9a7e\u70ad\u8f66\u8f97\u94c1\u8f99|0 fnt\n|faint|p2a: \u6653\u9a7e\u70ad\u8f66\u8f97\u94c1\u8f99\n|-end|p2a: \u6653\u9a7e\u70ad\u8f66\u8f97\u94c1\u8f99|Quark Drive|[silent]\n|\n|upkeep\n|c|\u2606chongwang12345|\u4e0d\u8bfb\u4e86\n|\n|t:|1699711258\n|switch|p2a: Urshifu|Urshifu-Rapid-Strike, M|100\/100\n|turn|9\n|\n|t:|1699711269\n|switch|p2a: \u8776\u8776\u4e3a\u4ec0\u4e48\u4e0d\u4f1a\u8776\u821e|Tapu Lele|100\/100\n|-fieldstart|move: Psychic Terrain|[from] ability: Psychic Surge|[of] p2a: \u8776\u8776\u4e3a\u4ec0\u4e48\u4e0d\u4f1a\u8776\u821e\n|switch|p1a: Slowbro|Slowbro, M|100\/100\n|\n|upkeep\n|turn|10\n|\n|t:|1699711278\n|switch|p2a: \u9547\u5996\u5251|Sneasler, M|100\/100\n|-enditem|p2a: \u9547\u5996\u5251|Psychic Seed\n|-boost|p2a: \u9547\u5996\u5251|spd|1|[from] item: Psychic Seed\n|switch|p1a: Celesteela|Celesteela|100\/100\n|\n|upkeep\n|turn|11\n|c|\u2606chongwang12345|\u8fd9\u4e2a\u961f\u4f0d\u5f31\u5996\u7cbe\u6b38\n|\n|t:|1699711293\n|move|p2a: \u9547\u5996\u5251|Swords Dance|p2a: \u9547\u5996\u5251\n|-boost|p2a: \u9547\u5996\u5251|atk|2\n|move|p1a: Celesteela|Leech Seed|p2a: \u9547\u5996\u5251\n|-start|p2a: \u9547\u5996\u5251|move: Leech Seed\n|\n|-damage|p2a: \u9547\u5996\u5251|88\/100|[from] Leech Seed|[of] p1a: Celesteela\n|upkeep\n|turn|12\n|\n|t:|1699711300\n|switch|p1a: Slowbro|Slowbro, M|100\/100\n|move|p2a: \u9547\u5996\u5251|Swords Dance|p2a: \u9547\u5996\u5251\n|-boost|p2a: \u9547\u5996\u5251|atk|2\n|\n|-damage|p2a: \u9547\u5996\u5251|76\/100|[from] Leech Seed|[of] p1a: Slowbro\n|upkeep\n|turn|13\n|c|\u2606chongwang12345|6\n|\n|t:|1699711311\n|switch|p1a: Scizor|Scizor-Mega, F|73\/100\n|move|p2a: \u9547\u5996\u5251|Dire Claw|p1a: Scizor\n|-immune|p1a: Scizor\n|\n|-damage|p2a: \u9547\u5996\u5251|64\/100|[from] Leech Seed|[of] p1a: Scizor\n|-heal|p1a: Scizor|84\/100|[silent]\n|-fieldend|move: Psychic Terrain\n|upkeep\n|turn|14\n|c|\u2606chongwang12345|\u8981\u8f93\n|\n|t:|1699711324\n|switch|p1a: Slowbro|Slowbro, M|100\/100\n|move|p2a: \u9547\u5996\u5251|Close Combat|p1a: Slowbro\n|-resisted|p1a: Slowbro\n|-damage|p1a: Slowbro|41\/100\n|-unboost|p2a: \u9547\u5996\u5251|def|1\n|-unboost|p2a: \u9547\u5996\u5251|spd|1\n|-damage|p2a: \u9547\u5996\u5251|47\/100|[from] item: Rocky Helmet|[of] p1a: Slowbro\n|\n|-damage|p2a: \u9547\u5996\u5251|35\/100|[from] Leech Seed|[of] p1a: Slowbro\n|-heal|p1a: Slowbro|50\/100|[silent]\n|upkeep\n|turn|15\n|c|\u2606chongwang12345|\u597d\u597d\u597d\n|\n|t:|1699711338\n|switch|p1a: Scizor|Scizor-Mega, F|84\/100\n|move|p2a: \u9547\u5996\u5251|Close Combat|p1a: Scizor\n|-damage|p1a: Scizor|0 fnt\n|-unboost|p2a: \u9547\u5996\u5251|def|1\n|-unboost|p2a: \u9547\u5996\u5251|spd|1\n|faint|p1a: Scizor\n|\n|upkeep\n|c|\u2606chongwang12345|\uff1f\n|c|\u2606chongwang12345|\u4e0d\u5bf9\u554a\n|c|\u2606123321qw|niiiiiiiice\n|inactive|chongwang12345 has 270 seconds left.\n|c|\u2606chongwang12345|\u6211\u597d\u50cf\u50bb\u4e86\n|\n|t:|1699711371\n|switch|p1a: Slowbro|Slowbro, M|83\/100\n|turn|16\n|inactive|chongwang12345 has 270 seconds left.\n|\n|t:|1699711377\n|move|p2a: \u9547\u5996\u5251|Acrobatics|p1a: Slowbro\n|-crit|p1a: Slowbro\n|-damage|p1a: Slowbro|0 fnt\n|-damage|p2a: \u9547\u5996\u5251|18\/100|[from] item: Rocky Helmet|[of] p1a: Slowbro\n|faint|p1a: Slowbro\n|\n|upkeep\n|\n|t:|1699711382\n|switch|p1a: Celesteela|Celesteela|100\/100\n|turn|17\n|\n|t:|1699711386\n|move|p1a: Celesteela|Protect|p1a: Celesteela\n|-singleturn|p1a: Celesteela|Protect\n|move|p2a: \u9547\u5996\u5251|Close Combat|p1a: Celesteela\n|-activate|p1a: Celesteela|move: Protect\n|\n|-damage|p2a: \u9547\u5996\u5251|6\/100|[from] Leech Seed|[of] p1a: Celesteela\n|upkeep\n|turn|18\n|\n|t:|1699711392\n|move|p1a: Celesteela|Protect||[still]\n|-fail|p1a: Celesteela\n|move|p2a: \u9547\u5996\u5251|Close Combat|p1a: Celesteela\n|-damage|p1a: Celesteela|0 fnt\n|-unboost|p2a: \u9547\u5996\u5251|def|1\n|-unboost|p2a: \u9547\u5996\u5251|spd|1\n|faint|p1a: Celesteela\n|\n|upkeep\n|\n|t:|1699711398\n|switch|p1a: Dragonite|Dragonite, F|100\/100\n|turn|19\n|c|\u2606123321qw|ohhhhhhh\n|\n|t:|1699711406\n|switch|p1a: Hydreigon|Hydreigon, M|100\/100\n|move|p2a: \u9547\u5996\u5251|Dire Claw|p1a: Hydreigon\n|-damage|p1a: Hydreigon|0 fnt\n|faint|p1a: Hydreigon\n|\n|upkeep\n|\n|t:|1699711414\n|switch|p1a: Dragonite|Dragonite, F|100\/100\n|turn|20\n|\n|t:|1699711425\n|move|p2a: \u9547\u5996\u5251|Dire Claw|p1a: Dragonite\n|-damage|p1a: Dragonite|18\/100\n|-status|p1a: Dragonite|psn\n|move|p1a: Dragonite|Dragon Dance|p1a: Dragonite\n|-boost|p1a: Dragonite|atk|1\n|-boost|p1a: Dragonite|spe|1\n|\n|-damage|p2a: \u9547\u5996\u5251|0 fnt|[from] Leech Seed|[of] p1a: Dragonite\n|-heal|p1a: Dragonite|23\/100 psn|[silent]\n|faint|p2a: \u9547\u5996\u5251\n|-damage|p1a: Dragonite|10\/100 psn|[from] psn\n|upkeep\n|c|\u2606chongwang12345|\u54a6\n|\n|t:|1699711439\n|switch|p2a: \u8776\u8776\u4e3a\u4ec0\u4e48\u4e0d\u4f1a\u8776\u821e|Tapu Lele|100\/100\n|-fieldstart|move: Psychic Terrain|[from] ability: Psychic Surge|[of] p2a: \u8776\u8776\u4e3a\u4ec0\u4e48\u4e0d\u4f1a\u8776\u821e\n|turn|21\n|c|\u2606chongwang12345|\u87b3\u8782\u90a3\u6b65\u9519\u4e86\n|\n|t:|1699711458\n|move|p2a: \u8776\u8776\u4e3a\u4ec0\u4e48\u4e0d\u4f1a\u8776\u821e|Psychic|p1a: Dragonite\n|-damage|p1a: Dragonite|0 fnt\n|faint|p1a: Dragonite\n|\n|upkeep\n|c|\u2606123321qw|\u4e0a\u4e00\u6b65\u4e5f\u9519\u4e86\n|\n|t:|1699711462\n|switch|p1a: Kommo-o|Kommo-o, F|100\/100\n|turn|22\n|c|\u2606123321qw|\u6839\u672c\u5c31\u4e0d\u5e94\u8be5\u6362\n|c|\u2606chongwang12345|\u5bf9\u5440\n|c|\u2606chongwang12345|\u4e0d\u5c0f\u5fc3\u70b9\u7684\u2026\u2026\n|c|\u2606chongwang12345|\u90a3\u4e2a\u6076\u9f99\n|c|\u2606123321qw|\u60e8\n|c|\u2606chongwang12345|\u662f\u6781\u9650\u7279\u8010\u7684\n|inactive|chongwang12345 has 270 seconds left.\n|\n|t:|1699711495\n|-terastallize|p1a: Kommo-o|Steel\n|move|p2a: \u8776\u8776\u4e3a\u4ec0\u4e48\u4e0d\u4f1a\u8776\u821e|Psychic|p1a: Kommo-o\n|-resisted|p1a: Kommo-o\n|-damage|p1a: Kommo-o|64\/100\n|move|p1a: Kommo-o|Clangorous Soul|p1a: Kommo-o\n|-boost|p1a: Kommo-o|atk|1\n|-boost|p1a: Kommo-o|def|1\n|-boost|p1a: Kommo-o|spa|1\n|-boost|p1a: Kommo-o|spd|1\n|-boost|p1a: Kommo-o|spe|1\n|-damage|p1a: Kommo-o|31\/100\n|\n|upkeep\n|turn|23\n|\n|t:|1699711506\n|-terastallize|p2a: \u8776\u8776\u4e3a\u4ec0\u4e48\u4e0d\u4f1a\u8776\u821e|Psychic\n|move|p2a: \u8776\u8776\u4e3a\u4ec0\u4e48\u4e0d\u4f1a\u8776\u821e|Psychic|p1a: Kommo-o\n|-resisted|p1a: Kommo-o\n|-damage|p1a: Kommo-o|0 fnt\n|faint|p1a: Kommo-o\n|\n|win|123321qw\n|c|\u2606123321qw|\u5f85\u4f1a\u513f\u89c1\n|c|\u2606123321qw|\u5e72\u4e2a\u6d3b\n|c|\u2606chongwang12345|\u55ef\n|c|\u2606123321qw|\u4e00\u4f1a\u513f\u8fd8\u80fd\u518d\u73a9\n|l|\u2606chongwang12345\n|j| A3322\n|l| A3322\n|j| A3322\n","uploadtime":1699712401,"views":5,"p1id":"chongwang12345","p2id":"123321qw","formatid":"gen9nationaldex","rating":0,"private":0,"password":""}