{"id":"gen9nationaldex-1998574893","p1":"SpearOfCassius","p2":"mcklemmeglad","format":"[Gen 9] National Dex","log":"|html|<div class=\"broadcast-blue\"><strong>[Gen 9] National Dex is currently suspecting Sneasler! For information on how to participate check out the <a href=\"https:\/\/www.smogon.com\/forums\/threads\/sv-national-dex-suspect-8-just-dance.3731534\/\">suspect thread<\/a>.<\/strong><\/div>\n|j|\u2606SpearOfCassius\n|j|\u2606mcklemmeglad\n|t:|1700958225\n|gametype|singles\n|player|p1|SpearOfCassius|2|1447\n|player|p2|mcklemmeglad|waiter-gen4dp|1523\n|teamsize|p1|6\n|teamsize|p2|6\n|gen|9\n|tier|[Gen 9] National Dex\n|rated|\n|rule|HP Percentage Mod: HP is shown in percentages\n|rule|Endless Battle Clause: Forcing endless battles is banned\n|rule|OHKO Clause: OHKO moves are banned\n|rule|Evasion Clause: Evasion abilities, items, and moves are banned\n|rule|Evasion Abilities Clause: Evasion abilities are banned\n|rule|Evasion Items Clause: Evasion items are banned\n|rule|Evasion Moves Clause: Evasion moves are banned\n|rule|Species Clause: Limit one of each Pok\u00e9mon\n|rule|Sleep Clause Mod: Limit one foe put to sleep\n|clearpoke\n|poke|p1|Ninetales-Alola, F|\n|poke|p1|Blaziken, M|\n|poke|p1|Zapdos|\n|poke|p1|Latias, F|\n|poke|p1|Kartana|\n|poke|p1|Garganacl, M|\n|poke|p2|Kommo-o, M|\n|poke|p2|Aron, L1, M|\n|poke|p2|Tyranitar, M|\n|poke|p2|Scizor, M|\n|poke|p2|Excadrill, M|\n|poke|p2|Glimmora, M|\n|teampreview\n|inactive|Battle timer is ON: inactive players will automatically lose when time's up. (requested by SpearOfCassius)\n|c|\u2606SpearOfCassius|fear\n|c|\u2606SpearOfCassius|nice\n|inactive|mcklemmeglad has 120 seconds left.\n|inactive|mcklemmeglad has 90 seconds left.\n|\n|t:|1700958295\n|start\n|switch|p1a: Zapdos|Zapdos|100\/100\n|switch|p2a: Scizor|Scizor, M|100\/100\n|turn|1\n|\n|t:|1700958302\n|switch|p2a: Tyranitar|Tyranitar, M, shiny|100\/100\n|-weather|Sandstorm|[from] ability: Sand Stream|[of] p2a: Tyranitar\n|move|p1a: Zapdos|Hurricane|p2a: Tyranitar\n|-resisted|p2a: Tyranitar\n|-damage|p2a: Tyranitar|87\/100\n|\n|-weather|Sandstorm|[upkeep]\n|-damage|p1a: Zapdos|94\/100|[from] Sandstorm\n|upkeep\n|turn|2\n|\n|t:|1700958314\n|move|p1a: Zapdos|Volt Switch|p2a: Tyranitar\n|-damage|p2a: Tyranitar|69\/100\n|\n|t:|1700958324\n|switch|p1a: Garganacl|Garganacl, M|100\/100|[from] Volt Switch\n|move|p2a: Tyranitar|Power Gem|p1a: Garganacl\n|-damage|p1a: Garganacl|86\/100\n|\n|-weather|Sandstorm|[upkeep]\n|-heal|p1a: Garganacl|92\/100|[from] item: Leftovers\n|upkeep\n|turn|3\n|\n|t:|1700958352\n|switch|p2a: Excadrill|Excadrill, M|100\/100\n|move|p1a: Garganacl|Curse|p1a: Garganacl\n|-unboost|p1a: Garganacl|spe|1\n|-boost|p1a: Garganacl|atk|1\n|-boost|p1a: Garganacl|def|1\n|\n|-weather|Sandstorm|[upkeep]\n|-heal|p1a: Garganacl|98\/100|[from] item: Leftovers\n|upkeep\n|turn|4\n|inactive|SpearOfCassius has 120 seconds left.\n|\n|t:|1700958377\n|move|p2a: Excadrill|Earthquake|p1a: Garganacl\n|-supereffective|p1a: Garganacl\n|-damage|p1a: Garganacl|45\/100\n|move|p1a: Garganacl|Curse|p1a: Garganacl\n|-unboost|p1a: Garganacl|spe|1\n|-boost|p1a: Garganacl|atk|1\n|-boost|p1a: Garganacl|def|1\n|\n|-weather|Sandstorm|[upkeep]\n|-heal|p1a: Garganacl|52\/100|[from] item: Leftovers\n|upkeep\n|turn|5\n|inactive|SpearOfCassius has 120 seconds left.\n|\n|t:|1700958389\n|move|p2a: Excadrill|Earthquake|p1a: Garganacl\n|-supereffective|p1a: Garganacl\n|-damage|p1a: Garganacl|11\/100\n|move|p1a: Garganacl|Recover|p1a: Garganacl\n|-heal|p1a: Garganacl|61\/100\n|\n|-weather|Sandstorm|[upkeep]\n|-heal|p1a: Garganacl|67\/100|[from] item: Leftovers\n|upkeep\n|turn|6\n|inactive|SpearOfCassius has 120 seconds left.\n|\n|t:|1700958400\n|move|p2a: Excadrill|Iron Head|p1a: Garganacl\n|-supereffective|p1a: Garganacl\n|-damage|p1a: Garganacl|37\/100\n|cant|p1a: Garganacl|flinch\n|\n|-weather|Sandstorm|[upkeep]\n|-heal|p1a: Garganacl|43\/100|[from] item: Leftovers\n|upkeep\n|turn|7\n|\n|t:|1700958408\n|move|p2a: Excadrill|Earthquake|p1a: Garganacl\n|-supereffective|p1a: Garganacl\n|-damage|p1a: Garganacl|5\/100\n|move|p1a: Garganacl|Recover|p1a: Garganacl\n|-heal|p1a: Garganacl|56\/100\n|\n|-weather|Sandstorm|[upkeep]\n|-heal|p1a: Garganacl|62\/100|[from] item: Leftovers\n|upkeep\n|turn|8\n|inactive|SpearOfCassius has 120 seconds left.\n|\n|t:|1700958425\n|-terastallize|p1a: Garganacl|Water\n|move|p2a: Excadrill|Iron Head|p1a: Garganacl\n|-resisted|p1a: Garganacl\n|-damage|p1a: Garganacl|54\/100\n|move|p1a: Garganacl|Salt Cure|p2a: Excadrill\n|-resisted|p2a: Excadrill\n|-damage|p2a: Excadrill|91\/100\n|-start|p2a: Excadrill|Salt Cure\n|\n|-weather|none\n|-heal|p1a: Garganacl|60\/100|[from] item: Leftovers\n|-damage|p2a: Excadrill|66\/100|[from] Salt Cure\n|upkeep\n|turn|9\n|inactive|SpearOfCassius has 120 seconds left.\n|\n|t:|1700958440\n|switch|p2a: Kommo-o|Kommo-o, M|100\/100\n|move|p1a: Garganacl|Curse|p1a: Garganacl\n|-unboost|p1a: Garganacl|spe|1\n|-boost|p1a: Garganacl|atk|1\n|-boost|p1a: Garganacl|def|1\n|\n|-heal|p1a: Garganacl|66\/100|[from] item: Leftovers\n|upkeep\n|turn|10\n|inactive|SpearOfCassius has 120 seconds left.\n|\n|t:|1700958452\n|move|p2a: Kommo-o|Clangorous Soul|p2a: Kommo-o\n|-boost|p2a: Kommo-o|atk|1\n|-boost|p2a: Kommo-o|def|1\n|-boost|p2a: Kommo-o|spa|1\n|-boost|p2a: Kommo-o|spd|1\n|-boost|p2a: Kommo-o|spe|1\n|-damage|p2a: Kommo-o|68\/100\n|move|p1a: Garganacl|Recover|p1a: Garganacl\n|-heal|p1a: Garganacl|100\/100\n|\n|upkeep\n|turn|11\n|\n|t:|1700958461\n|-zpower|p2a: Kommo-o\n|move|p2a: Kommo-o|Clangorous Soulblaze|p1a: Garganacl|[zeffect]\n|-damage|p1a: Garganacl|33\/100\n|-boost|p2a: Kommo-o|atk|1\n|-boost|p2a: Kommo-o|def|1\n|-boost|p2a: Kommo-o|spa|1\n|-boost|p2a: Kommo-o|spd|1\n|-boost|p2a: Kommo-o|spe|1\n|move|p1a: Garganacl|Salt Cure|p2a: Kommo-o\n|-resisted|p2a: Kommo-o\n|-damage|p2a: Kommo-o|61\/100\n|-start|p2a: Kommo-o|Salt Cure\n|\n|-heal|p1a: Garganacl|39\/100|[from] item: Leftovers\n|-damage|p2a: Kommo-o|49\/100|[from] Salt Cure\n|upkeep\n|turn|12\n|inactive|SpearOfCassius has 120 seconds left.\n|c|\u2606SpearOfCassius|that hurt\n|\n|t:|1700958487\n|move|p2a: Kommo-o|Clanging Scales|p1a: Garganacl\n|-damage|p1a: Garganacl|0 fnt\n|faint|p1a: Garganacl\n|-unboost|p2a: Kommo-o|def|1\n|\n|-damage|p2a: Kommo-o|36\/100|[from] Salt Cure\n|upkeep\n|\n|t:|1700958503\n|switch|p1a: Ninetales|Ninetales-Alola, F|100\/100\n|-weather|Snow|[from] ability: Snow Warning|[of] p1a: Ninetales\n|turn|13\n|\n|t:|1700958510\n|move|p2a: Kommo-o|Flash Cannon|p1a: Ninetales\n|-supereffective|p1a: Ninetales\n|-damage|p1a: Ninetales|0 fnt\n|faint|p1a: Ninetales\n|\n|-weather|Snow|[upkeep]\n|-damage|p2a: Kommo-o|24\/100|[from] Salt Cure\n|upkeep\n|\n|t:|1700958521\n|switch|p1a: Blaziken|Blaziken, M|100\/100\n|turn|14\n|\n|t:|1700958528\n|move|p1a: Blaziken|Protect|p1a: Blaziken\n|-singleturn|p1a: Blaziken|Protect\n|move|p2a: Kommo-o|Clanging Scales|p1a: Blaziken\n|-activate|p1a: Blaziken|move: Protect\n|\n|-weather|Snow|[upkeep]\n|-damage|p2a: Kommo-o|12\/100|[from] Salt Cure\n|-ability|p1a: Blaziken|Speed Boost|boost\n|-boost|p1a: Blaziken|spe|1\n|upkeep\n|turn|15\n|\n|t:|1700958537\n|switch|p1a: Zapdos|Zapdos|94\/100\n|move|p2a: Kommo-o|Clanging Scales|p1a: Zapdos\n|-damage|p1a: Zapdos|12\/100\n|-unboost|p2a: Kommo-o|def|1\n|\n|-weather|Snow|[upkeep]\n|-damage|p2a: Kommo-o|0 fnt|[from] Salt Cure\n|faint|p2a: Kommo-o\n|upkeep\n|\n|t:|1700958545\n|switch|p2a: Tyranitar|Tyranitar, M, shiny|69\/100\n|-weather|Sandstorm|[from] ability: Sand Stream|[of] p2a: Tyranitar\n|turn|16\n|\n|t:|1700958552\n|move|p1a: Zapdos|Volt Switch|p2a: Tyranitar\n|-damage|p2a: Tyranitar|51\/100\n|inactive|SpearOfCassius has 120 seconds left.\n|inactive|SpearOfCassius has 90 seconds left.\n|inactive|SpearOfCassius has 60 seconds left.\n|\n|t:|1700958637\n|switch|p1a: Kartana|Kartana|100\/100|[from] Volt Switch\n|move|p2a: Tyranitar|Power Gem|p1a: Kartana\n|-resisted|p1a: Kartana\n|-damage|p1a: Kartana|45\/100\n|\n|-weather|Sandstorm|[upkeep]\n|upkeep\n|turn|17\n|\n|t:|1700958652\n|switch|p2a: Glimmora|Glimmora, M|100\/100\n|-item|p2a: Glimmora|Air Balloon\n|move|p1a: Kartana|Sacred Sword|p2a: Glimmora\n|-damage|p2a: Glimmora|45\/100\n|-activate|p2a: Glimmora|ability: Toxic Debris\n|-sidestart|p1: SpearOfCassius|move: Toxic Spikes\n|-enditem|p2a: Glimmora|Air Balloon\n|\n|-weather|Sandstorm|[upkeep]\n|upkeep\n|turn|18\n|\n|t:|1700958662\n|move|p1a: Kartana|Sacred Sword|p2a: Glimmora\n|-damage|p2a: Glimmora|0 fnt\n|-activate|p2a: Glimmora|ability: Toxic Debris\n|-sidestart|p1: SpearOfCassius|move: Toxic Spikes\n|faint|p2a: Glimmora\n|-ability|p1a: Kartana|Beast Boost|boost\n|-boost|p1a: Kartana|atk|1\n|\n|-weather|Sandstorm|[upkeep]\n|upkeep\n|\n|t:|1700958674\n|switch|p2a: Excadrill|Excadrill, M|66\/100\n|turn|19\n|inactive|SpearOfCassius has 60 seconds left.\n|\n|t:|1700958680\n|move|p2a: Excadrill|Earthquake|p1a: Kartana\n|-damage|p1a: Kartana|0 fnt\n|faint|p1a: Kartana\n|\n|-weather|Sandstorm|[upkeep]\n|upkeep\n|inactive|SpearOfCassius has 60 seconds left.\n|\n|t:|1700958690\n|switch|p1a: Latias|Latias, F|100\/100\n|turn|20\n|\n|t:|1700958697\n|detailschange|p1a: Latias|Latias-Mega, F\n|-mega|p1a: Latias|Latias|Latiasite\n|move|p2a: Excadrill|Iron Head|p1a: Latias\n|-damage|p1a: Latias|66\/100\n|move|p1a: Latias|Calm Mind|p1a: Latias\n|-boost|p1a: Latias|spa|1\n|-boost|p1a: Latias|spd|1\n|\n|-weather|Sandstorm|[upkeep]\n|-damage|p1a: Latias|59\/100|[from] Sandstorm\n|upkeep\n|turn|21\n|\n|t:|1700958708\n|move|p2a: Excadrill|Iron Head|p1a: Latias\n|-damage|p1a: Latias|27\/100\n|move|p1a: Latias|Roost|p1a: Latias\n|-heal|p1a: Latias|77\/100\n|-singleturn|p1a: Latias|move: Roost\n|\n|-weather|Sandstorm|[upkeep]\n|-damage|p1a: Latias|71\/100|[from] Sandstorm\n|upkeep\n|turn|22\n|\n|t:|1700958720\n|move|p2a: Excadrill|Iron Head|p1a: Latias\n|-damage|p1a: Latias|39\/100\n|move|p1a: Latias|Aura Sphere|p2a: Excadrill\n|-supereffective|p2a: Excadrill\n|-damage|p2a: Excadrill|0 fnt\n|faint|p2a: Excadrill\n|\n|-weather|Sandstorm|[upkeep]\n|-damage|p1a: Latias|32\/100|[from] Sandstorm\n|upkeep\n|\n|t:|1700958726\n|switch|p2a: Scizor|Scizor, M|100\/100\n|turn|23\n|inactive|SpearOfCassius has 60 seconds left.\n|\n|t:|1700958765\n|detailschange|p2a: Scizor|Scizor-Mega, M\n|-mega|p2a: Scizor|Scizor|Scizorite\n|move|p2a: Scizor|Bullet Punch|p1a: Latias\n|-damage|p1a: Latias|8\/100\n|move|p1a: Latias|Roost|p1a: Latias\n|-heal|p1a: Latias|58\/100\n|-singleturn|p1a: Latias|move: Roost\n|\n|-weather|none\n|upkeep\n|turn|24\n|\n|t:|1700958778\n|switch|p2a: Tyranitar|Tyranitar, M, shiny|51\/100\n|-weather|Sandstorm|[from] ability: Sand Stream|[of] p2a: Tyranitar\n|move|p1a: Latias|Roost|p1a: Latias\n|-heal|p1a: Latias|100\/100\n|-singleturn|p1a: Latias|move: Roost\n|\n|-weather|Sandstorm|[upkeep]\n|-damage|p1a: Latias|94\/100|[from] Sandstorm\n|upkeep\n|turn|25\n|\n|t:|1700958787\n|move|p1a: Latias|Aura Sphere|p2a: Tyranitar\n|-supereffective|p2a: Tyranitar\n|-damage|p2a: Tyranitar|0 fnt\n|faint|p2a: Tyranitar\n|\n|-weather|Sandstorm|[upkeep]\n|-damage|p1a: Latias|88\/100|[from] Sandstorm\n|upkeep\n|\n|t:|1700958789\n|switch|p2a: Aron|Aron, L1, M, shiny|100\/100\n|turn|26\n|inactive|SpearOfCassius has 60 seconds left.\n|\n|t:|1700958810\n|move|p1a: Latias|Roost|p1a: Latias\n|-heal|p1a: Latias|100\/100\n|-singleturn|p1a: Latias|move: Roost\n|move|p2a: Aron|Endeavor|p1a: Latias\n|-damage|p1a: Latias|4\/100\n|\n|-weather|Sandstorm|[upkeep]\n|-damage|p1a: Latias|0 fnt|[from] Sandstorm\n|faint|p1a: Latias\n|upkeep\n|c|\u2606SpearOfCassius|how\n|inactive|SpearOfCassius has 30 seconds left.\n|inactive|SpearOfCassius has 20 seconds left.\n|inactive|SpearOfCassius has 15 seconds left.\n|inactive|SpearOfCassius has 10 seconds left.\n|c|\u2606mcklemmeglad|aron is a monster\n|\n|t:|1700958857\n|switch|p1a: Blaziken|Blaziken, M|100\/100\n|-status|p1a: Blaziken|tox\n|turn|27\n|inactive|SpearOfCassius has 20 seconds left this turn.\n|inactive|SpearOfCassius has 15 seconds left.\n|\n|t:|1700958863\n|move|p1a: Blaziken|Protect|p1a: Blaziken\n|-singleturn|p1a: Blaziken|Protect\n|move|p2a: Aron|Endeavor|p1a: Blaziken\n|-activate|p1a: Blaziken|move: Protect\n|\n|-weather|Sandstorm|[upkeep]\n|-damage|p1a: Blaziken|95\/100 tox|[from] Sandstorm\n|-damage|p1a: Blaziken|89\/100 tox|[from] psn\n|-ability|p1a: Blaziken|Speed Boost|boost\n|-boost|p1a: Blaziken|spe|1\n|upkeep\n|turn|28\n|inactive|SpearOfCassius has 25 seconds left this turn.\n|inactive|SpearOfCassius has 20 seconds left.\n|inactive|SpearOfCassius has 15 seconds left.\n|\n|t:|1700958874\n|switch|p1a: Zapdos|Zapdos|12\/100\n|move|p2a: Aron|Endeavor|p1a: Zapdos\n|-damage|p1a: Zapdos|4\/100\n|-status|p2a: Aron|par|[from] ability: Static|[of] p1a: Zapdos\n|\n|-weather|Sandstorm|[upkeep]\n|-damage|p1a: Zapdos|0 fnt|[from] Sandstorm\n|faint|p1a: Zapdos\n|upkeep\n|inactive|SpearOfCassius has 20 seconds left this turn.\n|inactive|SpearOfCassius has 15 seconds left.\n|\n|t:|1700958884\n|switch|p1a: Blaziken|Blaziken, M|89\/100 tox\n|turn|29\n|inactive|SpearOfCassius has 25 seconds left this turn.\n|\n|t:|1700958888\n|move|p1a: Blaziken|Protect|p1a: Blaziken\n|-singleturn|p1a: Blaziken|Protect\n|move|p2a: Aron|Endeavor|p1a: Blaziken\n|-activate|p1a: Blaziken|move: Protect\n|\n|-weather|Sandstorm|[upkeep]\n|-damage|p1a: Blaziken|83\/100 tox|[from] Sandstorm\n|-damage|p1a: Blaziken|77\/100 tox|[from] psn\n|-ability|p1a: Blaziken|Speed Boost|boost\n|-boost|p1a: Blaziken|spe|1\n|upkeep\n|turn|30\n|inactive|SpearOfCassius has 30 seconds left.\n|inactive|SpearOfCassius has 20 seconds left.\n|\n|t:|1700958904\n|move|p1a: Blaziken|Close Combat|p2a: Aron\n|-supereffective|p2a: Aron\n|-ability|p2a: Aron|Sturdy\n|-damage|p2a: Aron|9\/100 par\n|-unboost|p1a: Blaziken|def|1\n|-unboost|p1a: Blaziken|spd|1\n|cant|p2a: Aron|par\n|\n|-weather|Sandstorm|[upkeep]\n|-damage|p1a: Blaziken|71\/100 tox|[from] Sandstorm\n|-damage|p1a: Blaziken|59\/100 tox|[from] psn\n|-ability|p1a: Blaziken|Speed Boost|boost\n|-boost|p1a: Blaziken|spe|1\n|upkeep\n|turn|31\n|inactive|SpearOfCassius has 30 seconds left this turn.\n|inactive|SpearOfCassius has 20 seconds left.\n|inactive|SpearOfCassius has 15 seconds left.\n|\n|t:|1700958924\n|-terastallize|p2a: Aron|Ghost\n|move|p1a: Blaziken|Flare Blitz|p2a: Aron\n|-damage|p2a: Aron|0 fnt\n|faint|p2a: Aron\n|-damage|p1a: Blaziken|58\/100 tox|[from] Recoil\n|\n|-weather|none\n|-damage|p1a: Blaziken|41\/100 tox|[from] psn\n|-ability|p1a: Blaziken|Speed Boost|boost\n|-boost|p1a: Blaziken|spe|1\n|upkeep\n|inactive|SpearOfCassius has 20 seconds left this turn.\n|\n|t:|1700958933\n|switch|p2a: Scizor|Scizor-Mega, M|100\/100\n|turn|32\n|inactive|SpearOfCassius has 30 seconds left this turn.\n|\n|t:|1700958937\n|move|p2a: Scizor|Bullet Punch|p1a: Blaziken\n|-resisted|p1a: Blaziken\n|-damage|p1a: Blaziken|3\/100 tox\n|move|p1a: Blaziken|Flare Blitz|p2a: Scizor\n|-supereffective|p2a: Scizor\n|-damage|p2a: Scizor|0 fnt\n|faint|p2a: Scizor\n|-damage|p1a: Blaziken|0 fnt|[from] Recoil\n|faint|p1a: Blaziken\n|\n|win|SpearOfCassius\n|raw|SpearOfCassius's rating: 1447 &rarr; <strong>1471<\/strong><br \/>(+24 for winning)\n|raw|mcklemmeglad's rating: 1523 &rarr; <strong>1499<\/strong><br \/>(-24 for losing)\n|c|\u2606SpearOfCassius|gg\n|c|\u2606mcklemmeglad|gg\n|c|\u2606SpearOfCassius|that was so close\n|c|\u2606SpearOfCassius|lol\n|c|\u2606mcklemmeglad|yeah\n|c|\u2606mcklemmeglad|wp\n|l|\u2606mcklemmeglad\n|c|\u2606SpearOfCassius|you too\n|l|\u2606SpearOfCassius\n|j|\u2606SpearOfCassius\n|player|p1|SpearOfCassius|2\n","uploadtime":1700959928,"views":2,"p1id":"spearofcassius","p2id":"mcklemmeglad","formatid":"gen9nationaldex","rating":1471,"private":0,"password":""}