{"id":"gen9nationaldex-1996547710","p1":"Arkmin Cydo","p2":"buxet00","format":"[Gen 9] National Dex","log":"|html|<div class=\"broadcast-blue\"><strong>[Gen 9] National Dex is currently suspecting Sneasler! For information on how to participate check out the <a href=\"https:\/\/www.smogon.com\/forums\/threads\/sv-national-dex-suspect-8-just-dance.3731534\/\">suspect thread<\/a>.<\/strong><\/div>\n|j|\u2606Arkmin Cydo\n|j|\u2606buxet00\n|t:|1700692970\n|gametype|singles\n|player|p1|Arkmin Cydo|thorton|1117\n|player|p2|buxet00|steven|1034\n|teamsize|p1|5\n|teamsize|p2|2\n|gen|9\n|tier|[Gen 9] National Dex\n|rated|\n|rule|HP Percentage Mod: HP is shown in percentages\n|rule|Endless Battle Clause: Forcing endless battles is banned\n|rule|OHKO Clause: OHKO moves are banned\n|rule|Evasion Clause: Evasion abilities, items, and moves are banned\n|rule|Evasion Abilities Clause: Evasion abilities are banned\n|rule|Evasion Items Clause: Evasion items are banned\n|rule|Evasion Moves Clause: Evasion moves are banned\n|rule|Species Clause: Limit one of each Pok\u00e9mon\n|rule|Sleep Clause Mod: Limit one foe put to sleep\n|clearpoke\n|poke|p1|Zapdos-Galar|\n|poke|p1|Cinderace, M|\n|poke|p1|Boltund, M|\n|poke|p1|Arcanine-Hisui, M|\n|poke|p1|Wishiwashi, F|\n|poke|p2|Zeraora|\n|poke|p2|Maushold-Four|\n|teampreview\n|inactive|Battle timer is ON: inactive players will automatically lose when time's up. (requested by Arkmin Cydo)\n|\n|t:|1700692988\n|start\n|switch|p1a: Arcanine|Arcanine-Hisui, M|100\/100\n|switch|p2a: Maushold|Maushold-Four|100\/100\n|turn|1\n|\n|t:|1700692996\n|move|p1a: Arcanine|Head Smash|p2a: Maushold\n|-damage|p2a: Maushold|8\/100\n|move|p2a: Maushold|Thunder Wave|p1a: Arcanine\n|-status|p1a: Arcanine|par\n|\n|upkeep\n|turn|2\n|\n|t:|1700693006\n|move|p2a: Maushold|Tidy Up|p2a: Maushold\n|-boost|p2a: Maushold|atk|1\n|-boost|p2a: Maushold|spe|1\n|move|p1a: Arcanine|Head Smash|p2a: Maushold\n|-damage|p2a: Maushold|0 fnt\n|faint|p2a: Maushold\n|\n|upkeep\n|\n|t:|1700693013\n|switch|p2a: Zeraora|Zeraora|100\/100\n|turn|3\n|\n|t:|1700693018\n|move|p2a: Zeraora|Bulk Up|p2a: Zeraora\n|-boost|p2a: Zeraora|atk|1\n|-boost|p2a: Zeraora|def|1\n|cant|p1a: Arcanine|par\n|\n|upkeep\n|turn|4\n|\n|t:|1700693030\n|move|p2a: Zeraora|Bulk Up|p2a: Zeraora\n|-boost|p2a: Zeraora|atk|1\n|-boost|p2a: Zeraora|def|1\n|cant|p1a: Arcanine|par\n|\n|upkeep\n|turn|5\n|\n|t:|1700693042\n|switch|p1a: Boltund|Boltund, M|100\/100\n|move|p2a: Zeraora|Plasma Fists|p1a: Boltund\n|-resisted|p1a: Boltund\n|-damage|p1a: Boltund|0 fnt\n|-fieldactivate|move: Ion Deluge\n|-hint|Normal-type moves become Electric-type after using Plasma Fists.\n|faint|p1a: Boltund\n|-damage|p2a: Zeraora|91\/100|[from] item: Life Orb\n|\n|upkeep\n|inactive|Arkmin Cydo has 120 seconds left.\n|\n|t:|1700693069\n|switch|p1a: Arcanine|Arcanine-Hisui, M|100\/100 par\n|turn|6\n|inactive|Arkmin Cydo has 120 seconds left.\n|\n|t:|1700693079\n|move|p2a: Zeraora|Plasma Fists|p1a: Arcanine\n|-damage|p1a: Arcanine|0 fnt\n|-fieldactivate|move: Ion Deluge\n|-hint|Normal-type moves become Electric-type after using Plasma Fists.\n|faint|p1a: Arcanine\n|-damage|p2a: Zeraora|81\/100|[from] item: Life Orb\n|\n|upkeep\n|inactive|Arkmin Cydo has 120 seconds left.\n|\n|t:|1700693096\n|switch|p1a: Cinderace|Cinderace, M|100\/100\n|turn|7\n|\n|t:|1700693110\n|move|p2a: Zeraora|Plasma Fists|p1a: Cinderace\n|-damage|p1a: Cinderace|0 fnt\n|-fieldactivate|move: Ion Deluge\n|-hint|Normal-type moves become Electric-type after using Plasma Fists.\n|faint|p1a: Cinderace\n|-damage|p2a: Zeraora|71\/100|[from] item: Life Orb\n|\n|upkeep\n|\n|t:|1700693122\n|switch|p1a: Zapdos|Zapdos-Galar|100\/100\n|turn|8\n|\n|t:|1700693131\n|move|p2a: Zeraora|Plasma Fists|p1a: Zapdos\n|-supereffective|p1a: Zapdos\n|-damage|p1a: Zapdos|0 fnt\n|-fieldactivate|move: Ion Deluge\n|-hint|Normal-type moves become Electric-type after using Plasma Fists.\n|faint|p1a: Zapdos\n|-damage|p2a: Zeraora|61\/100|[from] item: Life Orb\n|\n|upkeep\n|\n|t:|1700693140\n|switch|p1a: Wishiwashi|Wishiwashi, F|100\/100\n|-formechange|p1a: Wishiwashi|Wishiwashi-School||[from] ability: Schooling\n|turn|9\n|\n|t:|1700693161\n|move|p2a: Zeraora|Plasma Fists|p1a: Wishiwashi\n|-supereffective|p1a: Wishiwashi\n|-damage|p1a: Wishiwashi|0 fnt\n|-fieldactivate|move: Ion Deluge\n|-hint|Normal-type moves become Electric-type after using Plasma Fists.\n|faint|p1a: Wishiwashi\n|-damage|p2a: Zeraora|52\/100|[from] item: Life Orb\n|\n|win|buxet00\n|raw|Arkmin Cydo's rating: 1117 &rarr; <strong>1086<\/strong><br \/>(-31 for losing)\n|raw|buxet00's rating: 1034 &rarr; <strong>1077<\/strong><br \/>(+43 for winning)\n|l|\u2606Arkmin Cydo\n","uploadtime":1700693183,"views":3,"p1id":"arkmincydo","p2id":"buxet00","formatid":"gen9nationaldex","rating":1077,"private":0,"password":""}