{"id":"gen9nationaldex-1999302939","p1":"pencildropper","p2":"psng","format":"[Gen 9] National Dex","log":"|html|<div class=\"broadcast-blue\"><strong>[Gen 9] National Dex is currently suspecting Sneasler! For information on how to participate check out the <a href=\"https:\/\/www.smogon.com\/forums\/threads\/sv-national-dex-suspect-8-just-dance.3731534\/\">suspect thread<\/a>.<\/strong><\/div>\n|j|\u2606pencildropper\n|j|\u2606psng\n|t:|1701057367\n|gametype|singles\n|player|p1|pencildropper|clown|1553\n|player|p2|psng|wallace|1452\n|teamsize|p1|6\n|teamsize|p2|6\n|gen|9\n|tier|[Gen 9] National Dex\n|rated|\n|rule|HP Percentage Mod: HP is shown in percentages\n|rule|Endless Battle Clause: Forcing endless battles is banned\n|rule|OHKO Clause: OHKO moves are banned\n|rule|Evasion Clause: Evasion abilities, items, and moves are banned\n|rule|Evasion Abilities Clause: Evasion abilities are banned\n|rule|Evasion Items Clause: Evasion items are banned\n|rule|Evasion Moves Clause: Evasion moves are banned\n|rule|Species Clause: Limit one of each Pok\u00e9mon\n|rule|Sleep Clause Mod: Limit one foe put to sleep\n|clearpoke\n|poke|p1|Zamazenta-*|\n|poke|p1|Landorus-Therian, M|\n|poke|p1|Celesteela|\n|poke|p1|Aerodactyl, F|\n|poke|p1|Rotom-Wash|\n|poke|p1|Sinistcha|\n|poke|p2|Pelipper, F|\n|poke|p2|Tapu Lele|\n|poke|p2|Swampert, F|\n|poke|p2|Greninja-*, M|\n|poke|p2|Zapdos|\n|poke|p2|Ferrothorn, F|\n|teampreview\n|inactive|Battle timer is ON: inactive players will automatically lose when time's up. (requested by psng)\n|\n|t:|1701057378\n|start\n|switch|p1a: Aerodactyl|Aerodactyl, F|100\/100\n|switch|p2a: Pelipper|Pelipper, F, shiny|100\/100\n|-weather|RainDance|[from] ability: Drizzle|[of] p2a: Pelipper\n|turn|1\n|\n|t:|1701057385\n|detailschange|p1a: Aerodactyl|Aerodactyl-Mega, F\n|-mega|p1a: Aerodactyl|Aerodactyl|Aerodactylite\n|-terastallize|p2a: Pelipper|Steel\n|move|p1a: Aerodactyl|Stone Edge|p2a: Pelipper\n|-resisted|p2a: Pelipper\n|-damage|p2a: Pelipper|79\/100\n|move|p2a: Pelipper|U-turn|p1a: Aerodactyl\n|-resisted|p1a: Aerodactyl\n|-damage|p1a: Aerodactyl|94\/100\n|\n|t:|1701057390\n|switch|p2a: Swampert|Swampert, F, shiny|100\/100|[from] U-turn\n|\n|-weather|RainDance|[upkeep]\n|upkeep\n|turn|2\n|\n|t:|1701057397\n|switch|p1a: Sinistcha|Sinistcha|100\/100\n|detailschange|p2a: Swampert|Swampert-Mega, F, shiny\n|-mega|p2a: Swampert|Swampert|Swampertite\n|move|p2a: Swampert|Liquidation|p1a: Sinistcha\n|-resisted|p1a: Sinistcha\n|-damage|p1a: Sinistcha|71\/100\n|\n|-weather|RainDance|[upkeep]\n|-heal|p1a: Sinistcha|77\/100|[from] item: Leftovers\n|upkeep\n|turn|3\n|\n|t:|1701057405\n|move|p2a: Swampert|Flip Turn|p1a: Sinistcha\n|-resisted|p1a: Sinistcha\n|-damage|p1a: Sinistcha|57\/100\n|\n|t:|1701057408\n|switch|p2a: Zapdos|Zapdos, shiny|100\/100|[from] Flip Turn\n|move|p1a: Sinistcha|Matcha Gotcha|p2a: Zapdos\n|-resisted|p2a: Zapdos\n|-damage|p2a: Zapdos|85\/100\n|-heal|p1a: Sinistcha|66\/100|[from] drain|[of] p2a: Zapdos\n|\n|-weather|RainDance|[upkeep]\n|-heal|p1a: Sinistcha|72\/100|[from] item: Leftovers\n|upkeep\n|turn|4\n|\n|t:|1701057417\n|switch|p1a: Aerodactyl|Aerodactyl-Mega, F|94\/100\n|move|p2a: Zapdos|Hurricane|p1a: Aerodactyl\n|-resisted|p1a: Aerodactyl\n|-crit|p1a: Aerodactyl\n|-damage|p1a: Aerodactyl|52\/100\n|\n|-weather|RainDance|[upkeep]\n|upkeep\n|turn|5\n|\n|t:|1701057427\n|switch|p2a: Ferrothorn|Ferrothorn, F, shiny|100\/100\n|move|p1a: Aerodactyl|Stone Edge|p2a: Ferrothorn\n|-resisted|p2a: Ferrothorn\n|-damage|p2a: Ferrothorn|81\/100\n|\n|-weather|RainDance|[upkeep]\n|-heal|p2a: Ferrothorn|87\/100|[from] item: Leftovers\n|upkeep\n|turn|6\n|\n|t:|1701057433\n|switch|p1a: Zamazenta|Zamazenta|100\/100\n|-ability|p1a: Zamazenta|Dauntless Shield|boost\n|-boost|p1a: Zamazenta|def|1\n|move|p2a: Ferrothorn|Stealth Rock|p1a: Zamazenta\n|-sidestart|p1: pencildropper|move: Stealth Rock\n|\n|-weather|RainDance|[upkeep]\n|-heal|p2a: Ferrothorn|93\/100|[from] item: Leftovers\n|upkeep\n|turn|7\n|\n|t:|1701057442\n|switch|p2a: Zapdos|Zapdos, shiny|85\/100\n|move|p1a: Zamazenta|Close Combat|p2a: Zapdos\n|-resisted|p2a: Zapdos\n|-damage|p2a: Zapdos|54\/100\n|-unboost|p1a: Zamazenta|def|1\n|-unboost|p1a: Zamazenta|spd|1\n|\n|-weather|RainDance|[upkeep]\n|upkeep\n|turn|8\n|\n|t:|1701057450\n|switch|p1a: Aerodactyl|Aerodactyl-Mega, F|52\/100\n|-damage|p1a: Aerodactyl|27\/100|[from] Stealth Rock\n|move|p2a: Zapdos|Hurricane|p1a: Aerodactyl\n|-resisted|p1a: Aerodactyl\n|-damage|p1a: Aerodactyl|0 fnt\n|faint|p1a: Aerodactyl\n|\n|-weather|none\n|upkeep\n|\n|t:|1701057462\n|switch|p1a: Landorus|Landorus-Therian, M|100\/100\n|-damage|p1a: Landorus|88\/100|[from] Stealth Rock\n|-ability|p1a: Landorus|Intimidate|boost\n|-unboost|p2a: Zapdos|atk|1\n|turn|9\n|\n|t:|1701057465\n|switch|p2a: Pelipper|Pelipper, F, shiny, tera:Steel|79\/100\n|-weather|RainDance|[from] ability: Drizzle|[of] p2a: Pelipper\n|move|p1a: Landorus|Stone Edge|p2a: Pelipper\n|-resisted|p2a: Pelipper\n|-damage|p2a: Pelipper|65\/100\n|\n|-weather|RainDance|[upkeep]\n|upkeep\n|turn|10\n|\n|t:|1701057475\n|move|p1a: Landorus|Stone Edge|p2a: Pelipper\n|-resisted|p2a: Pelipper\n|-crit|p2a: Pelipper\n|-damage|p2a: Pelipper|45\/100\n|move|p2a: Pelipper|U-turn|p1a: Landorus\n|-resisted|p1a: Landorus\n|-damage|p1a: Landorus|83\/100\n|\n|t:|1701057479\n|switch|p2a: Swampert|Swampert-Mega, F, shiny|100\/100|[from] U-turn\n|\n|-weather|RainDance|[upkeep]\n|upkeep\n|turn|11\n|\n|t:|1701057485\n|switch|p1a: Sinistcha|Sinistcha|72\/100\n|-damage|p1a: Sinistcha|59\/100|[from] Stealth Rock\n|move|p2a: Swampert|Ice Punch|p1a: Sinistcha\n|-supereffective|p1a: Sinistcha\n|-damage|p1a: Sinistcha|12\/100\n|-status|p1a: Sinistcha|frz\n|\n|-weather|RainDance|[upkeep]\n|-heal|p1a: Sinistcha|18\/100 frz|[from] item: Leftovers\n|upkeep\n|turn|12\n|\n|t:|1701057493\n|move|p2a: Swampert|Flip Turn|p1a: Sinistcha\n|-resisted|p1a: Sinistcha\n|-damage|p1a: Sinistcha|0 fnt\n|faint|p1a: Sinistcha\n|\n|t:|1701057497\n|switch|p2a: Tapu Lele|Tapu Lele, shiny|100\/100|[from] Flip Turn\n|-fieldstart|move: Psychic Terrain|[from] ability: Psychic Surge|[of] p2a: Tapu Lele\n|\n|-weather|RainDance|[upkeep]\n|upkeep\n|\n|t:|1701057501\n|switch|p1a: Celesteela|Celesteela|100\/100\n|-damage|p1a: Celesteela|88\/100|[from] Stealth Rock\n|turn|13\n|\n|t:|1701057508\n|switch|p2a: Zapdos|Zapdos, shiny|54\/100\n|move|p1a: Celesteela|Leech Seed|p2a: Zapdos\n|-start|p2a: Zapdos|move: Leech Seed\n|\n|-weather|RainDance|[upkeep]\n|-heal|p1a: Celesteela|94\/100|[from] item: Leftovers\n|-damage|p2a: Zapdos|42\/100|[from] Leech Seed|[of] p1a: Celesteela\n|-heal|p1a: Celesteela|100\/100|[silent]\n|upkeep\n|turn|14\n|\n|t:|1701057513\n|move|p1a: Celesteela|Protect|p1a: Celesteela\n|-singleturn|p1a: Celesteela|Protect\n|move|p2a: Zapdos|Thunder|p1a: Celesteela\n|-activate|p1a: Celesteela|move: Protect\n|\n|-weather|RainDance|[upkeep]\n|-damage|p2a: Zapdos|30\/100|[from] Leech Seed|[of] p1a: Celesteela\n|upkeep\n|turn|15\n|\n|t:|1701057519\n|switch|p1a: Landorus|Landorus-Therian, M|83\/100\n|-damage|p1a: Landorus|70\/100|[from] Stealth Rock\n|-ability|p1a: Landorus|Intimidate|boost\n|-unboost|p2a: Zapdos|atk|1\n|move|p2a: Zapdos|Thunder|p1a: Landorus\n|-immune|p1a: Landorus\n|\n|-weather|RainDance|[upkeep]\n|-damage|p2a: Zapdos|17\/100|[from] Leech Seed|[of] p1a: Landorus\n|-heal|p1a: Landorus|85\/100|[silent]\n|upkeep\n|turn|16\n|\n|t:|1701057529\n|move|p1a: Landorus|Earthquake|p2a: Zapdos\n|-immune|p2a: Zapdos\n|move|p2a: Zapdos|Hurricane|p1a: Landorus\n|-damage|p1a: Landorus|27\/100\n|-start|p1a: Landorus|confusion\n|\n|-weather|none\n|-damage|p2a: Zapdos|5\/100|[from] Leech Seed|[of] p1a: Landorus\n|-heal|p1a: Landorus|42\/100|[silent]\n|-fieldend|move: Psychic Terrain\n|upkeep\n|turn|17\n|\n|t:|1701057535\n|-activate|p1a: Landorus|confusion\n|move|p1a: Landorus|Earthquake|p2a: Zapdos\n|-immune|p2a: Zapdos\n|move|p2a: Zapdos|U-turn|p1a: Landorus\n|-resisted|p1a: Landorus\n|-damage|p1a: Landorus|37\/100\n|\n|t:|1701057540\n|switch|p2a: Pelipper|Pelipper, F, shiny, tera:Steel|45\/100|[from] U-turn\n|-weather|RainDance|[from] ability: Drizzle|[of] p2a: Pelipper\n|\n|-weather|RainDance|[upkeep]\n|upkeep\n|turn|18\n|\n|t:|1701057544\n|-activate|p1a: Landorus|confusion\n|move|p1a: Landorus|Earthquake|p2a: Pelipper\n|-supereffective|p2a: Pelipper\n|-damage|p2a: Pelipper|0 fnt\n|faint|p2a: Pelipper\n|\n|-weather|RainDance|[upkeep]\n|upkeep\n|\n|t:|1701057547\n|switch|p2a: Swampert|Swampert-Mega, F, shiny|100\/100\n|turn|19\n|\n|t:|1701057555\n|move|p2a: Swampert|Liquidation|p1a: Landorus\n|-supereffective|p1a: Landorus\n|-damage|p1a: Landorus|0 fnt\n|faint|p1a: Landorus\n|\n|-weather|RainDance|[upkeep]\n|upkeep\n|\n|t:|1701057560\n|switch|p1a: Celesteela|Celesteela|100\/100\n|-damage|p1a: Celesteela|88\/100|[from] Stealth Rock\n|turn|20\n|\n|t:|1701057565\n|-terastallize|p1a: Celesteela|Water\n|move|p2a: Swampert|Liquidation|p1a: Celesteela\n|-resisted|p1a: Celesteela\n|-damage|p1a: Celesteela|59\/100\n|move|p1a: Celesteela|Leech Seed|p2a: Swampert\n|-start|p2a: Swampert|move: Leech Seed\n|\n|-weather|RainDance|[upkeep]\n|-heal|p1a: Celesteela|65\/100|[from] item: Leftovers\n|-damage|p2a: Swampert|88\/100|[from] Leech Seed|[of] p1a: Celesteela\n|-heal|p1a: Celesteela|76\/100|[silent]\n|upkeep\n|turn|21\n|\n|t:|1701057573\n|switch|p2a: Ferrothorn|Ferrothorn, F, shiny|93\/100\n|move|p1a: Celesteela|Flamethrower|p2a: Ferrothorn\n|-supereffective|p2a: Ferrothorn\n|-damage|p2a: Ferrothorn|67\/100\n|\n|-weather|RainDance|[upkeep]\n|-heal|p1a: Celesteela|82\/100|[from] item: Leftovers\n|-heal|p2a: Ferrothorn|73\/100|[from] item: Leftovers\n|upkeep\n|turn|22\n|\n|t:|1701057581\n|move|p1a: Celesteela|Protect|p1a: Celesteela\n|-singleturn|p1a: Celesteela|Protect\n|move|p2a: Ferrothorn|Leech Seed|p1a: Celesteela\n|-activate|p1a: Celesteela|move: Protect\n|\n|-weather|RainDance|[upkeep]\n|-heal|p1a: Celesteela|88\/100|[from] item: Leftovers\n|-heal|p2a: Ferrothorn|79\/100|[from] item: Leftovers\n|upkeep\n|turn|23\n|\n|t:|1701057586\n|switch|p1a: Zamazenta|Zamazenta|100\/100\n|-damage|p1a: Zamazenta|94\/100|[from] Stealth Rock\n|move|p2a: Ferrothorn|Leech Seed|p1a: Zamazenta\n|-start|p1a: Zamazenta|move: Leech Seed\n|\n|-weather|RainDance|[upkeep]\n|-heal|p2a: Ferrothorn|85\/100|[from] item: Leftovers\n|-damage|p1a: Zamazenta|82\/100|[from] Leech Seed|[of] p2a: Ferrothorn\n|-heal|p2a: Ferrothorn|96\/100|[silent]\n|upkeep\n|turn|24\n|\n|t:|1701057592\n|switch|p2a: Zapdos|Zapdos, shiny|5\/100\n|move|p1a: Zamazenta|Close Combat|p2a: Zapdos\n|-resisted|p2a: Zapdos\n|-damage|p2a: Zapdos|0 fnt\n|-unboost|p1a: Zamazenta|def|1\n|-unboost|p1a: Zamazenta|spd|1\n|faint|p2a: Zapdos\n|\n|-weather|none\n|upkeep\n|\n|t:|1701057603\n|switch|p2a: Swampert|Swampert-Mega, F, shiny|88\/100\n|turn|25\n|\n|t:|1701057607\n|switch|p1a: Rotom|Rotom-Wash|100\/100\n|-damage|p1a: Rotom|88\/100|[from] Stealth Rock\n|move|p2a: Swampert|Earthquake|p1a: Rotom\n|-immune|p1a: Rotom|[from] ability: Levitate\n|\n|upkeep\n|turn|26\n|\n|t:|1701057613\n|move|p1a: Rotom|Will-O-Wisp|p2a: Swampert\n|-status|p2a: Swampert|brn\n|move|p2a: Swampert|Flip Turn|p1a: Rotom\n|-resisted|p1a: Rotom\n|-damage|p1a: Rotom|78\/100\n|\n|t:|1701057619\n|switch|p2a: Tapu Lele|Tapu Lele, shiny|100\/100|[from] Flip Turn\n|-fieldstart|move: Psychic Terrain|[from] ability: Psychic Surge|[of] p2a: Tapu Lele\n|\n|upkeep\n|turn|27\n|\n|t:|1701057628\n|move|p2a: Tapu Lele|Psychic|p1a: Rotom\n|-damage|p1a: Rotom|15\/100\n|move|p1a: Rotom|Will-O-Wisp|p2a: Tapu Lele\n|-status|p2a: Tapu Lele|brn\n|\n|-damage|p2a: Tapu Lele|94\/100 brn|[from] brn\n|upkeep\n|turn|28\n|\n|t:|1701057633\n|move|p2a: Tapu Lele|Psychic|p1a: Rotom\n|-damage|p1a: Rotom|0 fnt\n|faint|p1a: Rotom\n|\n|-damage|p2a: Tapu Lele|88\/100 brn|[from] brn\n|upkeep\n|\n|t:|1701057638\n|switch|p1a: Celesteela|Celesteela, tera:Water|88\/100\n|-damage|p1a: Celesteela|76\/100|[from] Stealth Rock\n|turn|29\n|\n|t:|1701057642\n|move|p2a: Tapu Lele|Psychic|p1a: Celesteela\n|-crit|p1a: Celesteela\n|-damage|p1a: Celesteela|10\/100\n|-unboost|p1a: Celesteela|spd|1\n|move|p1a: Celesteela|Leech Seed|p2a: Tapu Lele\n|-start|p2a: Tapu Lele|move: Leech Seed\n|\n|-heal|p1a: Celesteela|16\/100|[from] item: Leftovers\n|-damage|p2a: Tapu Lele|76\/100 brn|[from] Leech Seed|[of] p1a: Celesteela\n|-heal|p1a: Celesteela|24\/100|[silent]\n|-damage|p2a: Tapu Lele|70\/100 brn|[from] brn\n|upkeep\n|turn|30\n|\n|t:|1701057649\n|switch|p2a: Ferrothorn|Ferrothorn, F, shiny|96\/100\n|move|p1a: Celesteela|Protect||[still]\n|-fail|p1a: Celesteela\n|\n|-heal|p1a: Celesteela|30\/100|[from] item: Leftovers\n|-heal|p2a: Ferrothorn|100\/100|[from] item: Leftovers\n|-fieldend|move: Psychic Terrain\n|upkeep\n|turn|31\n|\n|t:|1701057655\n|move|p1a: Celesteela|Flamethrower|p2a: Ferrothorn\n|-supereffective|p2a: Ferrothorn\n|-damage|p2a: Ferrothorn|46\/100\n|-status|p2a: Ferrothorn|brn\n|move|p2a: Ferrothorn|Leech Seed|p1a: Celesteela\n|-start|p1a: Celesteela|move: Leech Seed\n|\n|-heal|p1a: Celesteela|37\/100|[from] item: Leftovers\n|-heal|p2a: Ferrothorn|52\/100 brn|[from] item: Leftovers\n|-damage|p1a: Celesteela|24\/100|[from] Leech Seed|[of] p2a: Ferrothorn\n|-heal|p2a: Ferrothorn|66\/100 brn|[silent]\n|-damage|p2a: Ferrothorn|60\/100 brn|[from] brn\n|upkeep\n|turn|32\n|\n|t:|1701057665\n|switch|p1a: Zamazenta|Zamazenta|82\/100\n|-damage|p1a: Zamazenta|76\/100|[from] Stealth Rock\n|switch|p2a: Tapu Lele|Tapu Lele, shiny|70\/100 brn\n|-fieldstart|move: Psychic Terrain|[from] ability: Psychic Surge|[of] p2a: Tapu Lele\n|\n|-damage|p2a: Tapu Lele|64\/100 brn|[from] brn\n|upkeep\n|turn|33\n|\n|t:|1701057670\n|switch|p1a: Celesteela|Celesteela, tera:Water|24\/100\n|-damage|p1a: Celesteela|12\/100|[from] Stealth Rock\n|move|p2a: Tapu Lele|Psychic|p1a: Celesteela\n|-damage|p1a: Celesteela|0 fnt\n|faint|p1a: Celesteela\n|\n|-damage|p2a: Tapu Lele|58\/100 brn|[from] brn\n|upkeep\n|\n|t:|1701057672\n|switch|p1a: Zamazenta|Zamazenta|76\/100\n|-damage|p1a: Zamazenta|70\/100|[from] Stealth Rock\n|turn|34\n|\n|t:|1701057674\n|move|p2a: Tapu Lele|Psychic|p1a: Zamazenta\n|-supereffective|p1a: Zamazenta\n|-damage|p1a: Zamazenta|0 fnt\n|faint|p1a: Zamazenta\n|\n|win|psng\n|raw|pencildropper's rating: 1553 &rarr; <strong>1527<\/strong><br \/>(-26 for losing)\n|raw|psng's rating: 1452 &rarr; <strong>1478<\/strong><br \/>(+26 for winning)\n|l|\u2606pencildropper\n","uploadtime":1701057678,"views":12,"p1id":"pencildropper","p2id":"psng","formatid":"gen9nationaldex","rating":1478,"private":0,"password":""}