{"id":"gen9nationaldex-1999225973","p1":"lucymtork","p2":"Eighty Battles","format":"[Gen 9] National Dex","log":"|html|<div class=\"broadcast-blue\"><strong>[Gen 9] National Dex is currently suspecting Sneasler! For information on how to participate check out the <a href=\"https:\/\/www.smogon.com\/forums\/threads\/sv-national-dex-suspect-8-just-dance.3731534\/\">suspect thread<\/a>.<\/strong><\/div>\n|j|\u2606lucymtork\n|j|\u2606Eighty Battles\n|t:|1701047771\n|gametype|singles\n|player|p1|lucymtork|kimonogirl|1000\n|player|p2|Eighty Battles|gentleman-gen4dp|1000\n|teamsize|p1|6\n|teamsize|p2|6\n|gen|9\n|tier|[Gen 9] National Dex\n|rated|\n|rule|HP Percentage Mod: HP is shown in percentages\n|rule|Endless Battle Clause: Forcing endless battles is banned\n|rule|OHKO Clause: OHKO moves are banned\n|rule|Evasion Clause: Evasion abilities, items, and moves are banned\n|rule|Evasion Abilities Clause: Evasion abilities are banned\n|rule|Evasion Items Clause: Evasion items are banned\n|rule|Evasion Moves Clause: Evasion moves are banned\n|rule|Species Clause: Limit one of each Pok\u00e9mon\n|rule|Sleep Clause Mod: Limit one foe put to sleep\n|clearpoke\n|poke|p1|Azumarill, M|\n|poke|p1|Sandslash, M|\n|poke|p1|Ampharos, F|\n|poke|p1|Beedrill, F|\n|poke|p1|Dunsparce, M|\n|poke|p1|Drifblim, M|\n|poke|p2|Serperior, M|\n|poke|p2|Tauros-Paldea-Blaze, M|\n|poke|p2|Greedent, F|\n|poke|p2|Ariados, M|\n|poke|p2|Sylveon, F|\n|poke|p2|Kingler, F|\n|teampreview\n|\n|t:|1701047777\n|start\n|switch|p1a: 8-Ball|Dunsparce, M|100\/100\n|switch|p2a: Kinger|Kingler, F|100\/100\n|turn|1\n|c|\u2606lucymtork|ariados!!! love him\n|c|\u2606Eighty Battles|He's my favourite Pokemon!\n|c|\u2606lucymtork|:D\n|c|\u2606lucymtork|i love johto\n|\n|t:|1701047805\n|move|p2a: Kinger|Swords Dance|p2a: Kinger\n|-boost|p2a: Kinger|atk|2\n|move|p1a: 8-Ball|Stealth Rock|p2a: Kinger\n|-sidestart|p2: Eighty Battles|move: Stealth Rock\n|\n|upkeep\n|turn|2\n|c|\u2606Eighty Battles|2nd is Scolipede.\n|\n|t:|1701047816\n|move|p2a: Kinger|Swords Dance|p2a: Kinger\n|-boost|p2a: Kinger|atk|2\n|move|p1a: 8-Ball|Thief|p2a: Kinger\n|-damage|p2a: Kinger|90\/100\n|\n|upkeep\n|turn|3\n|\n|t:|1701047830\n|move|p2a: Kinger|Crabhammer|p1a: 8-Ball\n|-damage|p1a: 8-Ball|22\/100\n|move|p1a: 8-Ball|Ice Beam|p2a: Kinger\n|-resisted|p2a: Kinger\n|-damage|p2a: Kinger|73\/100\n|-status|p2a: Kinger|frz\n|\n|upkeep\n|turn|4\n|c|\u2606lucymtork|hehe\n|\n|t:|1701047842\n|cant|p2a: Kinger|frz\n|move|p1a: 8-Ball|Roost|p1a: 8-Ball\n|-heal|p1a: 8-Ball|72\/100\n|-singleturn|p1a: 8-Ball|move: Roost\n|\n|upkeep\n|turn|5\n|c|\u2606Eighty Battles|But Freeze is 10%\n|\n|t:|1701047857\n|switch|p1a: Pandy Fackler|Ampharos, F|100\/100\n|cant|p2a: Kinger|frz\n|\n|upkeep\n|turn|6\n|c|\u2606lucymtork|yep\n|c|\u2606lucymtork|i love dumb luck\n|\n|t:|1701047867\n|cant|p2a: Kinger|frz\n|move|p1a: Pandy Fackler|Volt Switch|p2a: Kinger\n|-supereffective|p2a: Kinger\n|-damage|p2a: Kinger|0 fnt\n|faint|p2a: Kinger\n|c|\u2606Eighty Battles|meany >:(\n|c|\u2606lucymtork|>:)\n|\n|t:|1701047911\n|switch|p1a: lucy.yellow.rabbit|Azumarill, M, shiny|100\/100|[from] Volt Switch\n|\n|upkeep\n|\n|t:|1701047916\n|switch|p2a: Tutorterror|Ariados, M, shiny|100\/100\n|-damage|p2a: Tutorterror|76\/100|[from] Stealth Rock\n|turn|7\n|c|\u2606Eighty Battles|You want to see the power of Ariados?\n|\n|t:|1701047936\n|move|p2a: Tutorterror|Giga Drain|p1a: lucy.yellow.rabbit\n|-supereffective|p1a: lucy.yellow.rabbit\n|-damage|p1a: lucy.yellow.rabbit|77\/100\n|-heal|p2a: Tutorterror|93\/100|[from] drain|[of] p1a: lucy.yellow.rabbit\n|move|p1a: lucy.yellow.rabbit|Belly Drum|p1a: lucy.yellow.rabbit\n|-damage|p1a: lucy.yellow.rabbit|27\/100\n|-setboost|p1a: lucy.yellow.rabbit|atk|6|[from] move: Belly Drum\n|-enditem|p1a: lucy.yellow.rabbit|Sitrus Berry|[eat]\n|-heal|p1a: lucy.yellow.rabbit|52\/100|[from] item: Sitrus Berry\n|\n|upkeep\n|turn|8\n|c|\u2606lucymtork|yes!\n|\n|t:|1701047953\n|move|p1a: lucy.yellow.rabbit|Aqua Jet|p2a: Tutorterror\n|-damage|p2a: Tutorterror|12\/100\n|move|p2a: Tutorterror|Giga Drain|p1a: lucy.yellow.rabbit\n|-supereffective|p1a: lucy.yellow.rabbit\n|-damage|p1a: lucy.yellow.rabbit|29\/100\n|-heal|p2a: Tutorterror|29\/100|[from] drain|[of] p1a: lucy.yellow.rabbit\n|\n|upkeep\n|turn|9\n|\n|t:|1701047962\n|move|p1a: lucy.yellow.rabbit|Aqua Jet|p2a: Tutorterror\n|-damage|p2a: Tutorterror|0 fnt\n|faint|p2a: Tutorterror\n|\n|upkeep\n|c|\u2606Eighty Battles|nvm\n|\n|t:|1701047969\n|switch|p2a: Emperor|Serperior, M, shiny|100\/100\n|-damage|p2a: Emperor|88\/100|[from] Stealth Rock\n|turn|10\n|c|\u2606lucymtork|sorry buggy\n|\n|t:|1701047992\n|switch|p1a: Beedrill(actual)|Beedrill, F|100\/100\n|move|p2a: Emperor|Leaf Storm|p1a: Beedrill(actual)\n|-resisted|p1a: Beedrill(actual)\n|-crit|p1a: Beedrill(actual)\n|-damage|p1a: Beedrill(actual)|73\/100\n|-boost|p2a: Emperor|spa|2\n|\n|-heal|p2a: Emperor|94\/100|[from] item: Leftovers\n|upkeep\n|turn|11\n|c|\u2606Eighty Battles|Serperior will slay all!\n|\n|t:|1701048004\n|move|p2a: Emperor|Hidden Power|p1a: Beedrill(actual)\n|-damage|p1a: Beedrill(actual)|33\/100\n|move|p1a: Beedrill(actual)|Poison Jab|p2a: Emperor\n|-supereffective|p2a: Emperor\n|-damage|p2a: Emperor|0 fnt\n|faint|p2a: Emperor\n|\n|upkeep\n|\n|t:|1701048011\n|switch|p2a: Dragon Ender|Sylveon, F|100\/100\n|-damage|p2a: Dragon Ender|88\/100|[from] Stealth Rock\n|turn|12\n|\n|t:|1701048017\n|move|p1a: Beedrill(actual)|Poison Jab|p2a: Dragon Ender\n|-supereffective|p2a: Dragon Ender\n|-damage|p2a: Dragon Ender|0 fnt\n|faint|p2a: Dragon Ender\n|\n|upkeep\n|\n|t:|1701048022\n|switch|p2a: The Bull|Tauros-Paldea-Blaze, M|100\/100\n|-damage|p2a: The Bull|88\/100|[from] Stealth Rock\n|turn|13\n|\n|t:|1701048033\n|move|p1a: Beedrill(actual)|Protect|p1a: Beedrill(actual)\n|-singleturn|p1a: Beedrill(actual)|Protect\n|move|p2a: The Bull|Raging Bull|p1a: Beedrill(actual)\n|-activate|p1a: Beedrill(actual)|move: Protect\n|\n|upkeep\n|turn|14\n|\n|t:|1701048040\n|move|p2a: The Bull|Raging Bull|p1a: Beedrill(actual)\n|-supereffective|p1a: Beedrill(actual)\n|-damage|p1a: Beedrill(actual)|0 fnt\n|faint|p1a: Beedrill(actual)\n|\n|upkeep\n|\n|t:|1701048063\n|switch|p1a: 8-Ball|Dunsparce, M|72\/100\n|turn|15\n|c|\u2606Eighty Battles|If you like Ariados, why don't you use one?\n|\n|t:|1701048078\n|switch|p1a: HindenburgDisaster|Drifblim, M, shiny|100\/100\n|move|p2a: The Bull|Close Combat|p1a: HindenburgDisaster\n|-immune|p1a: HindenburgDisaster\n|\n|-status|p1a: HindenburgDisaster|brn|[from] item: Flame Orb\n|upkeep\n|turn|16\n|\n|t:|1701048096\n|move|p2a: The Bull|Raging Bull|p1a: HindenburgDisaster\n|-crit|p1a: HindenburgDisaster\n|-damage|p1a: HindenburgDisaster|7\/100 brn\n|move|p1a: HindenburgDisaster|Psychic|p2a: The Bull\n|-supereffective|p2a: The Bull\n|-damage|p2a: The Bull|0 fnt\n|faint|p2a: The Bull\n|\n|-damage|p1a: HindenburgDisaster|0 fnt|[from] brn\n|faint|p1a: HindenburgDisaster\n|upkeep\n|c|\u2606lucymtork|oooooo\n|\n|t:|1701048107\n|switch|p2a: Fattinous|Greedent, F, shiny|100\/100\n|switch|p1a: Ampersand|Sandslash, M|100\/100\n|-damage|p2a: Fattinous|88\/100|[from] Stealth Rock\n|turn|17\n|\n|t:|1701048113\n|move|p1a: Ampersand|Swords Dance|p1a: Ampersand\n|-boost|p1a: Ampersand|atk|2\n|move|p2a: Fattinous|Belly Drum|p2a: Fattinous\n|-damage|p2a: Fattinous|38\/100\n|-setboost|p2a: Fattinous|atk|6|[from] move: Belly Drum\n|\n|upkeep\n|turn|18\n|\n|t:|1701048121\n|move|p1a: Ampersand|Earthquake|p2a: Fattinous\n|-damage|p2a: Fattinous|0 fnt\n|faint|p2a: Fattinous\n|-damage|p1a: Ampersand|91\/100|[from] item: Life Orb\n|\n|win|lucymtork\n|raw|lucymtork's rating: 1000 &rarr; <strong>1040<\/strong><br \/>(+40 for winning)\n|raw|Eighty Battles's rating: 1000 &rarr; <strong>1000<\/strong><br \/>(+0 for losing)\n|c|\u2606lucymtork|gg!!!!\n|c|\u2606Eighty Battles|rematch?\n|c|\u2606lucymtork|sure!\n|l|\u2606Eighty Battles\n","uploadtime":1701048143,"views":3,"p1id":"lucymtork","p2id":"eightybattles","formatid":"gen9nationaldex","rating":1000,"private":0,"password":""}