{"id":"gen9nationaldex-1996397437","p1":"ghostkinggengar","p2":"salpicadura","format":"[Gen 9] National Dex","log":"|html|<div class=\"broadcast-blue\"><strong>[Gen 9] National Dex is currently suspecting Sneasler! For information on how to participate check out the <a href=\"https:\/\/www.smogon.com\/forums\/threads\/sv-national-dex-suspect-8-just-dance.3731534\/\">suspect thread<\/a>.<\/strong><\/div>\n|j|\u2606ghostkinggengar\n|j|\u2606salpicadura\n|t:|1700678153\n|gametype|singles\n|player|p1|ghostkinggengar|swimmerf|1794\n|player|p2|salpicadura|fisherman-gen4|1756\n|teamsize|p1|6\n|teamsize|p2|6\n|gen|9\n|tier|[Gen 9] National Dex\n|rated|\n|rule|HP Percentage Mod: HP is shown in percentages\n|rule|Endless Battle Clause: Forcing endless battles is banned\n|rule|OHKO Clause: OHKO moves are banned\n|rule|Evasion Clause: Evasion abilities, items, and moves are banned\n|rule|Evasion Abilities Clause: Evasion abilities are banned\n|rule|Evasion Items Clause: Evasion items are banned\n|rule|Evasion Moves Clause: Evasion moves are banned\n|rule|Species Clause: Limit one of each Pok\u00e9mon\n|rule|Sleep Clause Mod: Limit one foe put to sleep\n|clearpoke\n|poke|p1|Slowbro, F|\n|poke|p1|Ursaluna, M|\n|poke|p1|Blacephalon|\n|poke|p1|Empoleon, F|\n|poke|p1|Garchomp, M|\n|poke|p1|Ferrothorn, F|\n|poke|p2|Ferrothorn, F|\n|poke|p2|Garchomp, F|\n|poke|p2|Garganacl, M|\n|poke|p2|Gliscor, F|\n|poke|p2|Greninja-*, M|\n|poke|p2|Celesteela|\n|teampreview\n|inactive|Battle timer is ON: inactive players will automatically lose when time's up. (requested by ghostkinggengar)\n|\n|t:|1700678166\n|start\n|switch|p1a: Slowbro|Slowbro, F|100\/100\n|switch|p2a: Ferrothorn|Ferrothorn, F|100\/100\n|turn|1\n|\n|t:|1700678175\n|switch|p1a: Blacephalon|Blacephalon|100\/100\n|move|p2a: Ferrothorn|Stealth Rock|p1a: Blacephalon\n|-sidestart|p1: ghostkinggengar|move: Stealth Rock\n|\n|upkeep\n|turn|2\n|\n|t:|1700678183\n|-terastallize|p2a: Ferrothorn|Dragon\n|move|p1a: Blacephalon|Trick|p2a: Ferrothorn\n|-activate|p1a: Blacephalon|move: Trick|[of] p2a: Ferrothorn\n|-item|p2a: Ferrothorn|Choice Scarf|[from] move: Trick\n|-item|p1a: Blacephalon|Leftovers|[from] move: Trick\n|move|p2a: Ferrothorn|Knock Off|p1a: Blacephalon\n|-supereffective|p1a: Blacephalon\n|-damage|p1a: Blacephalon|0 fnt\n|-enditem|p1a: Blacephalon|Leftovers|[from] move: Knock Off|[of] p2a: Ferrothorn\n|faint|p1a: Blacephalon\n|\n|upkeep\n|j| Floppy_Bananas\n|\n|t:|1700678198\n|switch|p1a: Empoleon|Empoleon, F|100\/100\n|-damage|p1a: Empoleon|94\/100|[from] Stealth Rock\n|turn|3\n|inactive|salpicadura has 120 seconds left.\n|\n|t:|1700678234\n|move|p1a: Empoleon|Defog|p2a: Ferrothorn\n|-unboost|p2a: Ferrothorn|evasion|1\n|-sideend|p1: ghostkinggengar|Stealth Rock|[from] move: Defog|[of] p1a: Empoleon\n|move|p2a: Ferrothorn|Knock Off|p1a: Empoleon\n|-damage|p1a: Empoleon|71\/100\n|-enditem|p1a: Empoleon|Leftovers|[from] move: Knock Off|[of] p2a: Ferrothorn\n|\n|upkeep\n|turn|4\n|\n|t:|1700678240\n|switch|p1a: Garchomp|Garchomp, M|100\/100\n|switch|p2a: Celesteela|Celesteela|100\/100\n|\n|upkeep\n|turn|5\n|inactive|salpicadura has 120 seconds left.\n|\n|t:|1700678256\n|move|p1a: Garchomp|Stealth Rock|p2a: Celesteela\n|-sidestart|p2: salpicadura|move: Stealth Rock\n|move|p2a: Celesteela|Leech Seed|p1a: Garchomp\n|-start|p1a: Garchomp|move: Leech Seed\n|\n|-damage|p1a: Garchomp|88\/100|[from] Leech Seed|[of] p2a: Celesteela\n|upkeep\n|turn|6\n|\n|t:|1700678269\n|switch|p1a: Empoleon|Empoleon, F|71\/100\n|move|p2a: Celesteela|Heavy Slam|p1a: Empoleon\n|-resisted|p1a: Empoleon\n|-damage|p1a: Empoleon|60\/100\n|\n|upkeep\n|turn|7\n|\n|t:|1700678282\n|move|p2a: Celesteela|Leech Seed|p1a: Empoleon\n|-start|p1a: Empoleon|move: Leech Seed\n|move|p1a: Empoleon|Flip Turn|p2a: Celesteela\n|-damage|p2a: Celesteela|89\/100\n|\n|t:|1700678288\n|switch|p1a: Slowbro|Slowbro, F|100\/100|[from] Flip Turn\n|\n|-heal|p2a: Celesteela|95\/100|[from] item: Leftovers\n|upkeep\n|turn|8\n|j| xxxdusk\n|\n|t:|1700678300\n|switch|p2a: Ferrothorn|Ferrothorn, F, tera:Dragon|100\/100\n|-damage|p2a: Ferrothorn|88\/100|[from] Stealth Rock\n|move|p1a: Slowbro|Trick Room|p1a: Slowbro\n|-fieldstart|move: Trick Room|[of] p1a: Slowbro\n|\n|upkeep\n|turn|9\n|\n|t:|1700678312\n|move|p2a: Ferrothorn|Stealth Rock|p1a: Slowbro\n|-sidestart|p1: ghostkinggengar|move: Stealth Rock\n|move|p1a: Slowbro|Teleport|p1a: Slowbro\n|\n|t:|1700678315\n|switch|p1a: Ursaluna|Ursaluna, M|100\/100|[from] Teleport\n|-damage|p1a: Ursaluna|94\/100|[from] Stealth Rock\n|\n|-status|p1a: Ursaluna|brn|[from] item: Flame Orb\n|upkeep\n|turn|10\n|\n|t:|1700678323\n|move|p2a: Ferrothorn|Stealth Rock||[still]\n|-fail|p2a: Ferrothorn\n|move|p1a: Ursaluna|Swords Dance|p1a: Ursaluna\n|-boost|p1a: Ursaluna|atk|2\n|\n|-damage|p1a: Ursaluna|88\/100 brn|[from] brn\n|upkeep\n|turn|11\n|\n|t:|1700678336\n|move|p2a: Ferrothorn|Stealth Rock||[still]\n|-fail|p2a: Ferrothorn\n|move|p1a: Ursaluna|Facade|p2a: Ferrothorn\n|-damage|p2a: Ferrothorn|0 fnt\n|-damage|p1a: Ursaluna|76\/100 brn|[from] ability: Iron Barbs|[of] p2a: Ferrothorn\n|faint|p2a: Ferrothorn\n|\n|-damage|p1a: Ursaluna|70\/100 brn|[from] brn\n|upkeep\n|\n|t:|1700678352\n|switch|p2a: Celesteela|Celesteela|95\/100\n|-damage|p2a: Celesteela|83\/100|[from] Stealth Rock\n|turn|12\n|\n|t:|1700678368\n|move|p2a: Celesteela|Protect|p2a: Celesteela\n|-singleturn|p2a: Celesteela|Protect\n|move|p1a: Ursaluna|Facade|p2a: Celesteela\n|-activate|p2a: Celesteela|move: Protect\n|\n|-heal|p2a: Celesteela|89\/100|[from] item: Leftovers\n|-damage|p1a: Ursaluna|64\/100 brn|[from] brn\n|-fieldend|move: Trick Room\n|upkeep\n|turn|13\n|\n|t:|1700678381\n|move|p2a: Celesteela|Heavy Slam|p1a: Ursaluna\n|-damage|p1a: Ursaluna|42\/100 brn\n|move|p1a: Ursaluna|Fire Punch|p2a: Celesteela\n|-supereffective|p2a: Celesteela\n|-damage|p2a: Celesteela|0 fnt\n|faint|p2a: Celesteela\n|\n|-damage|p1a: Ursaluna|36\/100 brn|[from] brn\n|upkeep\n|\n|t:|1700678392\n|switch|p2a: Greninja|Greninja, M|100\/100\n|-damage|p2a: Greninja|88\/100|[from] Stealth Rock\n|turn|14\n|\n|t:|1700678399\n|switch|p1a: Ferrothorn|Ferrothorn, F|100\/100\n|-damage|p1a: Ferrothorn|94\/100|[from] Stealth Rock\n|move|p2a: Greninja|Ice Beam|p1a: Ferrothorn\n|-damage|p1a: Ferrothorn|68\/100\n|-damage|p2a: Greninja|78\/100|[from] item: Life Orb\n|\n|-heal|p1a: Ferrothorn|74\/100|[from] item: Leftovers\n|upkeep\n|turn|15\n|\n|t:|1700678411\n|switch|p2a: Garganacl|Garganacl, M|100\/100\n|-damage|p2a: Garganacl|88\/100|[from] Stealth Rock\n|move|p1a: Ferrothorn|Leech Seed|p2a: Garganacl\n|-start|p2a: Garganacl|move: Leech Seed\n|\n|-heal|p2a: Garganacl|94\/100|[from] item: Leftovers\n|-heal|p1a: Ferrothorn|80\/100|[from] item: Leftovers\n|-damage|p2a: Garganacl|82\/100|[from] Leech Seed|[of] p1a: Ferrothorn\n|-heal|p1a: Ferrothorn|94\/100|[silent]\n|upkeep\n|turn|16\n|\n|t:|1700678419\n|switch|p1a: Empoleon|Empoleon, F|60\/100\n|-damage|p1a: Empoleon|54\/100|[from] Stealth Rock\n|move|p2a: Garganacl|Iron Defense|p2a: Garganacl\n|-boost|p2a: Garganacl|def|2\n|\n|-heal|p2a: Garganacl|88\/100|[from] item: Leftovers\n|-damage|p2a: Garganacl|76\/100|[from] Leech Seed|[of] p1a: Empoleon\n|-heal|p1a: Empoleon|68\/100|[silent]\n|upkeep\n|turn|17\n|\n|t:|1700678433\n|move|p1a: Empoleon|Scald|p2a: Garganacl\n|-supereffective|p2a: Garganacl\n|-damage|p2a: Garganacl|39\/100\n|move|p2a: Garganacl|Body Press|p1a: Empoleon\n|-supereffective|p1a: Empoleon\n|-damage|p1a: Empoleon|0 fnt\n|faint|p1a: Empoleon\n|\n|-heal|p2a: Garganacl|45\/100|[from] item: Leftovers\n|upkeep\n|\n|t:|1700678444\n|switch|p1a: Slowbro|Slowbro, F|100\/100\n|-damage|p1a: Slowbro|88\/100|[from] Stealth Rock\n|turn|18\n|\n|t:|1700678460\n|switch|p2a: Greninja|Greninja, M|78\/100\n|-damage|p2a: Greninja|66\/100|[from] Stealth Rock\n|-terastallize|p1a: Slowbro|Fairy\n|move|p1a: Slowbro|Scald|p2a: Greninja\n|-resisted|p2a: Greninja\n|-damage|p2a: Greninja|45\/100\n|-status|p2a: Greninja|brn\n|\n|-damage|p2a: Greninja|39\/100 brn|[from] brn\n|upkeep\n|turn|19\n|\n|t:|1700678465\n|move|p2a: Greninja|Hydro Pump|p1a: Slowbro\n|-damage|p1a: Slowbro|18\/100\n|-damage|p2a: Greninja|29\/100 brn|[from] item: Life Orb\n|move|p1a: Slowbro|Trick Room|p1a: Slowbro\n|-fieldstart|move: Trick Room|[of] p1a: Slowbro\n|\n|-damage|p2a: Greninja|23\/100 brn|[from] brn\n|upkeep\n|turn|20\n|\n|t:|1700678484\n|switch|p1a: Ferrothorn|Ferrothorn, F|94\/100\n|-damage|p1a: Ferrothorn|88\/100|[from] Stealth Rock\n|move|p2a: Greninja|Water Shuriken|p1a: Ferrothorn\n|-resisted|p1a: Ferrothorn\n|-damage|p1a: Ferrothorn|85\/100\n|-resisted|p1a: Ferrothorn\n|-damage|p1a: Ferrothorn|81\/100\n|-resisted|p1a: Ferrothorn\n|-crit|p1a: Ferrothorn\n|-damage|p1a: Ferrothorn|76\/100\n|-resisted|p1a: Ferrothorn\n|-damage|p1a: Ferrothorn|73\/100\n|-resisted|p1a: Ferrothorn\n|-damage|p1a: Ferrothorn|70\/100\n|-hitcount|p1a: Ferrothorn|5\n|-damage|p2a: Greninja|13\/100 brn|[from] item: Life Orb\n|\n|-heal|p1a: Ferrothorn|76\/100|[from] item: Leftovers\n|-damage|p2a: Greninja|7\/100 brn|[from] brn\n|upkeep\n|turn|21\n|\n|t:|1700678488\n|move|p2a: Greninja|Water Shuriken|p1a: Ferrothorn\n|-resisted|p1a: Ferrothorn\n|-damage|p1a: Ferrothorn|73\/100\n|-resisted|p1a: Ferrothorn\n|-damage|p1a: Ferrothorn|70\/100\n|-resisted|p1a: Ferrothorn\n|-damage|p1a: Ferrothorn|66\/100\n|-resisted|p1a: Ferrothorn\n|-damage|p1a: Ferrothorn|63\/100\n|-hitcount|p1a: Ferrothorn|4\n|-damage|p2a: Greninja|0 fnt|[from] item: Life Orb\n|faint|p2a: Greninja\n|move|p1a: Ferrothorn|Gyro Ball|p2: Greninja|[notarget]\n|-fail|p1a: Ferrothorn\n|\n|-heal|p1a: Ferrothorn|69\/100|[from] item: Leftovers\n|upkeep\n|\n|t:|1700678493\n|switch|p2a: Garganacl|Garganacl, M|45\/100\n|-damage|p2a: Garganacl|32\/100|[from] Stealth Rock\n|turn|22\n|\n|t:|1700678497\n|move|p1a: Ferrothorn|Gyro Ball|p2a: Garganacl\n|-supereffective|p2a: Garganacl\n|-damage|p2a: Garganacl|7\/100\n|move|p2a: Garganacl|Recover|p2a: Garganacl\n|-heal|p2a: Garganacl|57\/100\n|\n|-heal|p1a: Ferrothorn|75\/100|[from] item: Leftovers\n|-heal|p2a: Garganacl|63\/100|[from] item: Leftovers\n|upkeep\n|turn|23\n|\n|t:|1700678503\n|move|p1a: Ferrothorn|Leech Seed|p2a: Garganacl\n|-start|p2a: Garganacl|move: Leech Seed\n|move|p2a: Garganacl|Iron Defense|p2a: Garganacl\n|-boost|p2a: Garganacl|def|2\n|\n|-heal|p1a: Ferrothorn|81\/100|[from] item: Leftovers\n|-heal|p2a: Garganacl|69\/100|[from] item: Leftovers\n|-damage|p2a: Garganacl|57\/100|[from] Leech Seed|[of] p1a: Ferrothorn\n|-heal|p1a: Ferrothorn|96\/100|[silent]\n|-fieldend|move: Trick Room\n|upkeep\n|turn|24\n|\n|t:|1700678519\n|switch|p1a: Garchomp|Garchomp, M|88\/100\n|-damage|p1a: Garchomp|82\/100|[from] Stealth Rock\n|move|p2a: Garganacl|Recover|p2a: Garganacl\n|-heal|p2a: Garganacl|100\/100\n|\n|-damage|p2a: Garganacl|88\/100|[from] Leech Seed|[of] p1a: Garchomp\n|-heal|p1a: Garchomp|96\/100|[silent]\n|upkeep\n|turn|25\n|\n|t:|1700678526\n|switch|p2a: Gliscor|Gliscor, F|100\/100\n|-damage|p2a: Gliscor|88\/100|[from] Stealth Rock\n|move|p1a: Garchomp|Swords Dance|p1a: Garchomp\n|-boost|p1a: Garchomp|atk|2\n|\n|-status|p2a: Gliscor|tox|[from] item: Toxic Orb\n|upkeep\n|turn|26\n|\n|t:|1700678535\n|-zpower|p1a: Garchomp\n|move|p1a: Garchomp|Devastating Drake|p2a: Gliscor|[zeffect]\n|-damage|p2a: Gliscor|0 fnt\n|faint|p2a: Gliscor\n|\n|upkeep\n|\n|t:|1700678537\n|switch|p2a: Garchomp|Garchomp, F|100\/100\n|-damage|p2a: Garchomp|94\/100|[from] Stealth Rock\n|turn|27\n|\n|t:|1700678544\n|move|p1a: Garchomp|Outrage|p2a: Garchomp\n|-supereffective|p2a: Garchomp\n|-damage|p2a: Garchomp|0 fnt\n|-damage|p1a: Garchomp|84\/100|[from] ability: Rough Skin|[of] p2a: Garchomp\n|faint|p2a: Garchomp\n|\n|upkeep\n|\n|t:|1700678551\n|switch|p2a: Garganacl|Garganacl, M|88\/100\n|-damage|p2a: Garganacl|76\/100|[from] Stealth Rock\n|turn|28\n|-message|salpicadura forfeited.\n|\n|win|ghostkinggengar\n|raw|ghostkinggengar's rating: 1794 &rarr; <strong>1812<\/strong><br \/>(+18 for winning)\n|raw|salpicadura's rating: 1756 &rarr; <strong>1738<\/strong><br \/>(-18 for losing)\n|l|\u2606salpicadura\n|l| Floppy_Bananas\n","uploadtime":1700678561,"views":2,"p1id":"ghostkinggengar","p2id":"salpicadura","formatid":"gen9nationaldex","rating":1738,"private":0,"password":""}