{"id":"gen9nationaldex-1998853988","p1":"lawrenceyu","p2":"WWWWW1","format":"[Gen 9] National Dex","log":"|html|<div class=\"broadcast-blue\"><strong>[Gen 9] National Dex is currently suspecting Sneasler! For information on how to participate check out the <a href=\"https:\/\/www.smogon.com\/forums\/threads\/sv-national-dex-suspect-8-just-dance.3731534\/\">suspect thread<\/a>.<\/strong><\/div>\n|j|\u2606lawrenceyu\n|j|\u2606WWWWW1\n|t:|1701003577\n|gametype|singles\n|player|p1|lawrenceyu|1|1649\n|player|p2|WWWWW1|policeman-gen4|1637\n|teamsize|p1|6\n|teamsize|p2|6\n|gen|9\n|tier|[Gen 9] National Dex\n|rated|\n|rule|HP Percentage Mod: HP is shown in percentages\n|rule|Endless Battle Clause: Forcing endless battles is banned\n|rule|OHKO Clause: OHKO moves are banned\n|rule|Evasion Clause: Evasion abilities, items, and moves are banned\n|rule|Evasion Abilities Clause: Evasion abilities are banned\n|rule|Evasion Items Clause: Evasion items are banned\n|rule|Evasion Moves Clause: Evasion moves are banned\n|rule|Species Clause: Limit one of each Pok\u00e9mon\n|rule|Sleep Clause Mod: Limit one foe put to sleep\n|clearpoke\n|poke|p1|Toxapex, M|\n|poke|p1|Sirfetch\u2019d, F|\n|poke|p1|Tapu Lele|\n|poke|p1|Ferrothorn, M|\n|poke|p1|Landorus-Therian, M|\n|poke|p1|Diancie|\n|poke|p2|Dragonite, M|\n|poke|p2|Goodra-Hisui, M|\n|poke|p2|Kommo-o, F|\n|poke|p2|Charizard, M|\n|poke|p2|Garchomp, F|\n|poke|p2|Latios, M|\n|teampreview\n|inactive|Battle timer is ON: inactive players will automatically lose when time's up. (requested by lawrenceyu)\n|\n|t:|1701003595\n|start\n|switch|p1a: Diancie|Diancie|100\/100\n|switch|p2a: Garchomp|Garchomp, F|100\/100\n|turn|1\n|\n|t:|1701003606\n|switch|p2a: Goodra|Goodra-Hisui, M|100\/100\n|detailschange|p1a: Diancie|Diancie-Mega\n|-mega|p1a: Diancie|Diancie|Diancite\n|move|p1a: Diancie|Moonblast|p2a: Goodra\n|-crit|p2a: Goodra\n|-damage|p2a: Goodra|64\/100\n|\n|upkeep\n|turn|2\n|\n|t:|1701003613\n|move|p1a: Diancie|Stealth Rock|p2a: Goodra\n|-sidestart|p2: WWWWW1|move: Stealth Rock\n|move|p2a: Goodra|Flash Cannon|p1a: Diancie\n|-supereffective|p1a: Diancie\n|-damage|p1a: Diancie|0 fnt\n|faint|p1a: Diancie\n|\n|upkeep\n|\n|t:|1701003618\n|switch|p1a: Sirfetch\u2019d|Sirfetch\u2019d, F|100\/100\n|turn|3\n|\n|t:|1701003633\n|move|p1a: Sirfetch\u2019d|Knock Off|p2a: Goodra\n|-crit|p2a: Goodra\n|-damage|p2a: Goodra|22\/100\n|-ability|p2a: Goodra|Gooey\n|-unboost|p1a: Sirfetch\u2019d|spe|1\n|-enditem|p2a: Goodra|Assault Vest|[from] move: Knock Off|[of] p1a: Sirfetch\u2019d\n|move|p2a: Goodra|Flash Cannon|p1a: Sirfetch\u2019d\n|-damage|p1a: Sirfetch\u2019d|59\/100\n|\n|upkeep\n|turn|4\n|\n|t:|1701003644\n|switch|p1a: Toxapex|Toxapex, M|100\/100\n|move|p2a: Goodra|Flash Cannon|p1a: Toxapex\n|-resisted|p1a: Toxapex\n|-damage|p1a: Toxapex|88\/100\n|\n|upkeep\n|turn|5\n|\n|t:|1701003649\n|move|p2a: Goodra|Thunderbolt|p1a: Toxapex\n|-supereffective|p1a: Toxapex\n|-damage|p1a: Toxapex|51\/100\n|move|p1a: Toxapex|Scald|p2a: Goodra\n|-resisted|p2a: Goodra\n|-damage|p2a: Goodra|16\/100\n|\n|upkeep\n|turn|6\n|\n|t:|1701003668\n|move|p2a: Goodra|Thunderbolt|p1a: Toxapex\n|-supereffective|p1a: Toxapex\n|-damage|p1a: Toxapex|14\/100\n|-status|p1a: Toxapex|par\n|move|p1a: Toxapex|Recover|p1a: Toxapex\n|-heal|p1a: Toxapex|64\/100 par\n|\n|upkeep\n|turn|7\n|\n|t:|1701003676\n|switch|p1a: Ferrothorn|Ferrothorn, M|100\/100\n|move|p2a: Goodra|Thunderbolt|p1a: Ferrothorn\n|-resisted|p1a: Ferrothorn\n|-damage|p1a: Ferrothorn|93\/100\n|\n|-heal|p1a: Ferrothorn|99\/100|[from] item: Leftovers\n|upkeep\n|turn|8\n|\n|t:|1701003683\n|move|p1a: Ferrothorn|Protect|p1a: Ferrothorn\n|-singleturn|p1a: Ferrothorn|Protect\n|move|p2a: Goodra|Flamethrower|p1a: Ferrothorn\n|-activate|p1a: Ferrothorn|move: Protect\n|\n|-heal|p1a: Ferrothorn|100\/100|[from] item: Leftovers\n|upkeep\n|turn|9\n|\n|t:|1701003694\n|move|p2a: Goodra|Ice Beam|p1a: Ferrothorn\n|-damage|p1a: Ferrothorn|86\/100\n|move|p1a: Ferrothorn|Spikes|p2a: Goodra\n|-sidestart|p2: WWWWW1|Spikes\n|\n|-heal|p1a: Ferrothorn|92\/100|[from] item: Leftovers\n|upkeep\n|turn|10\n|\n|t:|1701003702\n|move|p1a: Ferrothorn|Protect|p1a: Ferrothorn\n|-singleturn|p1a: Ferrothorn|Protect\n|move|p2a: Goodra|Flamethrower|p1a: Ferrothorn\n|-activate|p1a: Ferrothorn|move: Protect\n|\n|-heal|p1a: Ferrothorn|98\/100|[from] item: Leftovers\n|upkeep\n|turn|11\n|\n|t:|1701003714\n|move|p2a: Goodra|Flamethrower|p1a: Ferrothorn\n|-supereffective|p1a: Ferrothorn\n|-damage|p1a: Ferrothorn|38\/100\n|move|p1a: Ferrothorn|Spikes|p2a: Goodra\n|-sidestart|p2: WWWWW1|Spikes\n|\n|-heal|p1a: Ferrothorn|44\/100|[from] item: Leftovers\n|upkeep\n|turn|12\n|\n|t:|1701003721\n|move|p1a: Ferrothorn|Protect|p1a: Ferrothorn\n|-singleturn|p1a: Ferrothorn|Protect\n|move|p2a: Goodra|Flamethrower|p1a: Ferrothorn\n|-activate|p1a: Ferrothorn|move: Protect\n|\n|-heal|p1a: Ferrothorn|50\/100|[from] item: Leftovers\n|upkeep\n|turn|13\n|\n|t:|1701003728\n|switch|p1a: Toxapex|Toxapex, M|97\/100 par\n|move|p2a: Goodra|Flamethrower|p1a: Toxapex\n|-resisted|p1a: Toxapex\n|-damage|p1a: Toxapex|88\/100 par\n|\n|upkeep\n|turn|14\n|\n|t:|1701003734\n|move|p2a: Goodra|Thunderbolt|p1a: Toxapex\n|-supereffective|p1a: Toxapex\n|-damage|p1a: Toxapex|50\/100 par\n|move|p1a: Toxapex|Scald|p2a: Goodra\n|-resisted|p2a: Goodra\n|-damage|p2a: Goodra|11\/100\n|\n|upkeep\n|turn|15\n|\n|t:|1701003741\n|move|p2a: Goodra|Thunderbolt|p1a: Toxapex\n|-supereffective|p1a: Toxapex\n|-damage|p1a: Toxapex|15\/100 par\n|move|p1a: Toxapex|Recover|p1a: Toxapex\n|-heal|p1a: Toxapex|65\/100 par\n|\n|upkeep\n|turn|16\n|\n|t:|1701003747\n|move|p2a: Goodra|Thunderbolt|p1a: Toxapex\n|-supereffective|p1a: Toxapex\n|-damage|p1a: Toxapex|25\/100 par\n|move|p1a: Toxapex|Recover|p1a: Toxapex\n|-heal|p1a: Toxapex|75\/100 par\n|\n|upkeep\n|turn|17\n|\n|t:|1701003753\n|switch|p1a: Landorus|Landorus-Therian, M|100\/100\n|-ability|p1a: Landorus|Intimidate|boost\n|-unboost|p2a: Goodra|atk|1\n|move|p2a: Goodra|Thunderbolt|p1a: Landorus\n|-immune|p1a: Landorus\n|\n|upkeep\n|turn|18\n|\n|t:|1701003760\n|move|p1a: Landorus|U-turn|p2a: Goodra\n|-resisted|p2a: Goodra\n|-damage|p2a: Goodra|0 fnt\n|-ability|p2a: Goodra|Gooey\n|-unboost|p1a: Landorus|spe|1\n|faint|p2a: Goodra\n|\n|t:|1701003766\n|switch|p1a: Tapu Lele|Tapu Lele|100\/100|[from] U-turn\n|-fieldstart|move: Psychic Terrain|[from] ability: Psychic Surge|[of] p1a: Tapu Lele\n|\n|upkeep\n|\n|t:|1701003776\n|switch|p2a: Charizard|Charizard, M|100\/100\n|-damage|p2a: Charizard|51\/100|[from] Stealth Rock\n|turn|19\n|\n|t:|1701003782\n|detailschange|p2a: Charizard|Charizard-Mega-Y, M\n|-mega|p2a: Charizard|Charizard|Charizardite Y\n|-weather|SunnyDay|[from] ability: Drought|[of] p2a: Charizard\n|move|p1a: Tapu Lele|Psyshock|p2a: Charizard\n|-damage|p2a: Charizard|0 fnt\n|faint|p2a: Charizard\n|\n|-weather|SunnyDay|[upkeep]\n|upkeep\n|\n|t:|1701003807\n|switch|p2a: Garchomp|Garchomp, F|100\/100\n|-damage|p2a: Garchomp|94\/100|[from] Stealth Rock\n|-damage|p2a: Garchomp|78\/100|[from] Spikes\n|turn|20\n|\n|t:|1701003814\n|switch|p1a: Landorus|Landorus-Therian, M|100\/100\n|-ability|p1a: Landorus|Intimidate|boost\n|-unboost|p2a: Garchomp|atk|1\n|-terastallize|p2a: Garchomp|Steel\n|move|p2a: Garchomp|Scale Shot|p1a: Landorus\n|-damage|p1a: Landorus|89\/100\n|-damage|p1a: Landorus|79\/100\n|-damage|p1a: Landorus|69\/100\n|-damage|p1a: Landorus|60\/100\n|-damage|p1a: Landorus|51\/100\n|-hitcount|p1a: Landorus|5\n|-unboost|p2a: Garchomp|def|1\n|-boost|p2a: Garchomp|spe|1\n|\n|-weather|SunnyDay|[upkeep]\n|upkeep\n|turn|21\n|\n|t:|1701003832\n|move|p2a: Garchomp|Scale Shot|p1a: Landorus\n|-damage|p1a: Landorus|41\/100\n|-damage|p1a: Landorus|31\/100\n|-damage|p1a: Landorus|20\/100\n|-damage|p1a: Landorus|10\/100\n|-hitcount|p1a: Landorus|4\n|-unboost|p2a: Garchomp|def|1\n|-boost|p2a: Garchomp|spe|1\n|move|p1a: Landorus|Earthquake|p2a: Garchomp\n|-supereffective|p2a: Garchomp\n|-damage|p2a: Garchomp|0 fnt\n|faint|p2a: Garchomp\n|\n|-weather|SunnyDay|[upkeep]\n|upkeep\n|\n|t:|1701003848\n|switch|p2a: Latios|Latios, M|100\/100\n|-damage|p2a: Latios|88\/100|[from] Stealth Rock\n|turn|22\n|\n|t:|1701003864\n|move|p2a: Latios|Ice Beam|p1a: Landorus\n|-supereffective|p1a: Landorus\n|-damage|p1a: Landorus|0 fnt\n|faint|p1a: Landorus\n|\n|-weather|SunnyDay|[upkeep]\n|-fieldend|move: Psychic Terrain\n|upkeep\n|\n|t:|1701003871\n|switch|p1a: Sirfetch\u2019d|Sirfetch\u2019d, F|59\/100\n|turn|23\n|\n|t:|1701003876\n|switch|p2a: Kommo-o|Kommo-o, F|100\/100\n|-damage|p2a: Kommo-o|94\/100|[from] Stealth Rock\n|-damage|p2a: Kommo-o|78\/100|[from] Spikes\n|move|p1a: Sirfetch\u2019d|First Impression|p2a: Kommo-o\n|-resisted|p2a: Kommo-o\n|-damage|p2a: Kommo-o|62\/100\n|\n|-weather|none\n|upkeep\n|turn|24\n|\n|t:|1701003885\n|move|p2a: Kommo-o|Flash Cannon|p1a: Sirfetch\u2019d\n|-damage|p1a: Sirfetch\u2019d|26\/100\n|move|p1a: Sirfetch\u2019d|Close Combat|p2a: Kommo-o\n|-damage|p2a: Kommo-o|0 fnt\n|-unboost|p1a: Sirfetch\u2019d|def|1\n|-unboost|p1a: Sirfetch\u2019d|spd|1\n|faint|p2a: Kommo-o\n|\n|upkeep\n|\n|t:|1701003890\n|switch|p2a: Dragonite|Dragonite, M|100\/100\n|turn|25\n|\n|t:|1701003901\n|switch|p1a: Toxapex|Toxapex, M|100\/100 par\n|move|p2a: Dragonite|Earthquake|p1a: Toxapex\n|-supereffective|p1a: Toxapex\n|-damage|p1a: Toxapex|47\/100 par\n|\n|upkeep\n|turn|26\n|\n|t:|1701003909\n|switch|p1a: Ferrothorn|Ferrothorn, M|50\/100\n|move|p2a: Dragonite|Earthquake|p1a: Ferrothorn\n|-damage|p1a: Ferrothorn|21\/100\n|\n|-heal|p1a: Ferrothorn|27\/100|[from] item: Leftovers\n|upkeep\n|turn|27\n|\n|t:|1701003916\n|move|p1a: Ferrothorn|Protect|p1a: Ferrothorn\n|-singleturn|p1a: Ferrothorn|Protect\n|move|p2a: Dragonite|Earthquake|p1a: Ferrothorn\n|-activate|p1a: Ferrothorn|move: Protect\n|\n|-heal|p1a: Ferrothorn|33\/100|[from] item: Leftovers\n|upkeep\n|turn|28\n|\n|t:|1701003926\n|move|p2a: Dragonite|Earthquake|p1a: Ferrothorn\n|-damage|p1a: Ferrothorn|4\/100\n|move|p1a: Ferrothorn|Leech Seed|p2a: Dragonite\n|-start|p2a: Dragonite|move: Leech Seed\n|\n|-heal|p1a: Ferrothorn|10\/100|[from] item: Leftovers\n|-damage|p2a: Dragonite|88\/100|[from] Leech Seed|[of] p1a: Ferrothorn\n|-heal|p1a: Ferrothorn|22\/100|[silent]\n|upkeep\n|turn|29\n|\n|t:|1701003935\n|move|p2a: Dragonite|Curse|p2a: Dragonite\n|-unboost|p2a: Dragonite|spe|1\n|-boost|p2a: Dragonite|atk|1\n|-boost|p2a: Dragonite|def|1\n|move|p1a: Ferrothorn|Leech Seed||[still]\n|-fail|p1a: Ferrothorn\n|\n|-heal|p1a: Ferrothorn|28\/100|[from] item: Leftovers\n|-damage|p2a: Dragonite|76\/100|[from] Leech Seed|[of] p1a: Ferrothorn\n|-heal|p1a: Ferrothorn|41\/100|[silent]\n|upkeep\n|turn|30\n|\n|t:|1701003955\n|switch|p1a: Toxapex|Toxapex, M|80\/100 par\n|move|p2a: Dragonite|Superpower|p1a: Toxapex\n|-resisted|p1a: Toxapex\n|-damage|p1a: Toxapex|57\/100 par\n|-unboost|p2a: Dragonite|atk|1\n|-unboost|p2a: Dragonite|def|1\n|-damage|p2a: Dragonite|59\/100|[from] item: Rocky Helmet|[of] p1a: Toxapex\n|\n|-damage|p2a: Dragonite|47\/100|[from] Leech Seed|[of] p1a: Toxapex\n|-heal|p1a: Toxapex|72\/100 par|[silent]\n|upkeep\n|turn|31\n|\n|t:|1701003968\n|-terastallize|p1a: Toxapex|Dragon\n|move|p2a: Dragonite|Earthquake|p1a: Toxapex\n|-damage|p1a: Toxapex|46\/100 par\n|move|p1a: Toxapex|Toxic|p2a: Dragonite\n|-status|p2a: Dragonite|tox\n|\n|-damage|p2a: Dragonite|35\/100 tox|[from] Leech Seed|[of] p1a: Toxapex\n|-heal|p1a: Toxapex|61\/100 par|[silent]\n|-damage|p2a: Dragonite|29\/100 tox|[from] psn\n|upkeep\n|turn|32\n|\n|t:|1701003977\n|switch|p1a: Ferrothorn|Ferrothorn, M|41\/100\n|move|p2a: Dragonite|Extreme Speed|p1a: Ferrothorn\n|-resisted|p1a: Ferrothorn\n|-damage|p1a: Ferrothorn|29\/100\n|-damage|p2a: Dragonite|17\/100 tox|[from] ability: Iron Barbs|[of] p1a: Ferrothorn\n|\n|-heal|p1a: Ferrothorn|35\/100|[from] item: Leftovers\n|-damage|p2a: Dragonite|4\/100 tox|[from] Leech Seed|[of] p1a: Ferrothorn\n|-heal|p1a: Ferrothorn|48\/100|[silent]\n|-damage|p2a: Dragonite|0 fnt|[from] psn\n|faint|p2a: Dragonite\n|upkeep\n|\n|t:|1701003985\n|switch|p2a: Latios|Latios, M|88\/100\n|-damage|p2a: Latios|76\/100|[from] Stealth Rock\n|turn|33\n|-message|WWWWW1 forfeited.\n|\n|win|lawrenceyu\n|raw|lawrenceyu's rating: 1649 &rarr; <strong>1668<\/strong><br \/>(+19 for winning)\n|raw|WWWWW1's rating: 1637 &rarr; <strong>1618<\/strong><br \/>(-19 for losing)\n|l|\u2606WWWWW1\n","uploadtime":1701003998,"views":6,"p1id":"lawrenceyu","p2id":"wwwww1","formatid":"gen9nationaldex","rating":1618,"private":0,"password":""}