{"id":"gen9nationaldex-1992450092","p1":"IvanovStanislav21","p2":"josh_bullet","format":"[Gen 9] National Dex","log":"|j|\u2606IvanovStanislav21\n|j|\u2606josh_bullet\n|t:|1700189036\n|gametype|singles\n|player|p1|IvanovStanislav21|benga|1334\n|player|p2|josh_bullet|n|1318\n|teamsize|p1|6\n|teamsize|p2|6\n|gen|9\n|tier|[Gen 9] National Dex\n|rated|\n|rule|HP Percentage Mod: HP is shown in percentages\n|rule|Endless Battle Clause: Forcing endless battles is banned\n|rule|OHKO Clause: OHKO moves are banned\n|rule|Evasion Clause: Evasion abilities, items, and moves are banned\n|rule|Evasion Abilities Clause: Evasion abilities are banned\n|rule|Evasion Items Clause: Evasion items are banned\n|rule|Evasion Moves Clause: Evasion moves are banned\n|rule|Species Clause: Limit one of each Pok\u00e9mon\n|rule|Sleep Clause Mod: Limit one foe put to sleep\n|clearpoke\n|poke|p1|Garchomp, M|\n|poke|p1|Kleavor, M|\n|poke|p1|Decidueye-Hisui, M|\n|poke|p1|Armarouge, M|\n|poke|p1|Basculegion, M|\n|poke|p1|Grimmsnarl, M|\n|poke|p2|Milotic, F|\n|poke|p2|Weezing-Galar, M|\n|poke|p2|Skeledirge, M|\n|poke|p2|Gliscor, M|\n|poke|p2|Hatterene, F|\n|poke|p2|Garganacl, M|\n|teampreview\n|inactive|Battle timer is ON: inactive players will automatically lose when time's up. (requested by IvanovStanislav21)\n|\n|t:|1700189066\n|start\n|switch|p1a: Kaiser|Kleavor, M|100\/100\n|switch|p2a: Weezing|Weezing-Galar, M|100\/100\n|-ability|p2a: Weezing|Neutralizing Gas\n|turn|1\n|inactive|IvanovStanislav21 has 120 seconds left.\n|inactive|IvanovStanislav21 has 90 seconds left.\n|\n|t:|1700189132\n|move|p1a: Kaiser|Stone Axe|p2a: Weezing\n|-damage|p2a: Weezing|70\/100\n|-sidestart|p2: josh_bullet|move: Stealth Rock\n|-damage|p1a: Kaiser|91\/100|[from] item: Life Orb\n|move|p2a: Weezing|Will-O-Wisp|p1a: Kaiser\n|-status|p1a: Kaiser|brn\n|\n|-heal|p2a: Weezing|76\/100|[from] item: Leftovers\n|-damage|p1a: Kaiser|84\/100 brn|[from] brn\n|upkeep\n|turn|2\n|inactive|IvanovStanislav21 has 90 seconds left.\n|\n|t:|1700189162\n|move|p1a: Kaiser|Agility|p1a: Kaiser\n|-boost|p1a: Kaiser|spe|2\n|move|p2a: Weezing|Sludge Bomb|p1a: Kaiser\n|-resisted|p1a: Kaiser\n|-damage|p1a: Kaiser|64\/100 brn\n|\n|-heal|p2a: Weezing|82\/100|[from] item: Leftovers\n|-damage|p1a: Kaiser|58\/100 brn|[from] brn\n|upkeep\n|turn|3\n|\n|t:|1700189171\n|move|p1a: Kaiser|Stone Axe|p2a: Weezing\n|-damage|p2a: Weezing|67\/100\n|-damage|p1a: Kaiser|48\/100 brn|[from] item: Life Orb\n|move|p2a: Weezing|Defog|p1a: Kaiser\n|-unboost|p1a: Kaiser|evasion|1\n|-sideend|p2: josh_bullet|Stealth Rock|[from] move: Defog|[of] p2a: Weezing\n|\n|-heal|p2a: Weezing|73\/100|[from] item: Leftovers\n|-damage|p1a: Kaiser|42\/100 brn|[from] brn\n|upkeep\n|turn|4\n|\n|t:|1700189182\n|move|p1a: Kaiser|Stone Axe|p2a: Weezing\n|-damage|p2a: Weezing|56\/100\n|-sidestart|p2: josh_bullet|move: Stealth Rock\n|-damage|p1a: Kaiser|32\/100 brn|[from] item: Life Orb\n|move|p2a: Weezing|Sludge Bomb|p1a: Kaiser\n|-resisted|p1a: Kaiser\n|-damage|p1a: Kaiser|10\/100 brn\n|\n|-heal|p2a: Weezing|62\/100|[from] item: Leftovers\n|-damage|p1a: Kaiser|4\/100 brn|[from] brn\n|upkeep\n|turn|5\n|\n|t:|1700189193\n|move|p1a: Kaiser|Stone Axe|p2a: Weezing\n|-damage|p2a: Weezing|46\/100\n|-damage|p1a: Kaiser|0 fnt|[from] item: Life Orb\n|faint|p1a: Kaiser\n|move|p2a: Weezing|Defog|p1: Kaiser|[notarget]\n|-fail|p2a: Weezing\n|\n|-heal|p2a: Weezing|52\/100|[from] item: Leftovers\n|upkeep\n|inactive|IvanovStanislav21 has 60 seconds left.\n|\n|t:|1700189222\n|switch|p1a: Reyko|Grimmsnarl, M|100\/100\n|turn|6\n|\n|t:|1700189230\n|move|p2a: Weezing|Sludge Bomb|p1a: Reyko\n|-supereffective|p1a: Reyko\n|-damage|p1a: Reyko|60\/100\n|-status|p1a: Reyko|psn\n|move|p1a: Reyko|Reflect|p1a: Reyko\n|-sidestart|p1: IvanovStanislav21|Reflect\n|\n|-heal|p2a: Weezing|58\/100|[from] item: Leftovers\n|-damage|p1a: Reyko|48\/100 psn|[from] psn\n|upkeep\n|turn|7\n|\n|t:|1700189239\n|move|p2a: Weezing|Defog|p1a: Reyko\n|-unboost|p1a: Reyko|evasion|1\n|-sideend|p1: IvanovStanislav21|Reflect\n|-sideend|p2: josh_bullet|Stealth Rock|[from] move: Defog|[of] p2a: Weezing\n|move|p1a: Reyko|Light Screen|p1a: Reyko\n|-sidestart|p1: IvanovStanislav21|move: Light Screen\n|\n|-heal|p2a: Weezing|64\/100|[from] item: Leftovers\n|-damage|p1a: Reyko|36\/100 psn|[from] psn\n|upkeep\n|turn|8\n|\n|t:|1700189251\n|-end|p2a: Weezing|ability: Neutralizing Gas\n|switch|p2a: Hatterene|Hatterene, F|100\/100\n|switch|p1a: Cassius|Armarouge, M|100\/100\n|\n|upkeep\n|turn|9\n|\n|t:|1700189258\n|move|p1a: Cassius|Calm Mind|p1a: Cassius\n|-boost|p1a: Cassius|spa|1\n|-boost|p1a: Cassius|spd|1\n|move|p2a: Hatterene|Shadow Ball|p1a: Cassius\n|-supereffective|p1a: Cassius\n|-damage|p1a: Cassius|56\/100\n|\n|-heal|p1a: Cassius|62\/100|[from] item: Leftovers\n|upkeep\n|turn|10\n|\n|t:|1700189269\n|switch|p2a: Milotic|Milotic, F|100\/100\n|move|p1a: Cassius|Fire Blast|p2a: Milotic\n|-resisted|p2a: Milotic\n|-damage|p2a: Milotic|77\/100\n|\n|-heal|p1a: Cassius|68\/100|[from] item: Leftovers\n|upkeep\n|turn|11\n|\n|t:|1700189277\n|move|p2a: Milotic|Haze|p2a: Milotic\n|-clearallboost\n|move|p1a: Cassius|Psychic|p2a: Milotic\n|-damage|p2a: Milotic|49\/100\n|\n|-heal|p1a: Cassius|74\/100|[from] item: Leftovers\n|upkeep\n|turn|12\n|inactive|IvanovStanislav21 has 90 seconds left.\n|\n|t:|1700189285\n|move|p2a: Milotic|Recover|p2a: Milotic\n|-heal|p2a: Milotic|99\/100\n|move|p1a: Cassius|Calm Mind|p1a: Cassius\n|-boost|p1a: Cassius|spa|1\n|-boost|p1a: Cassius|spd|1\n|\n|-heal|p1a: Cassius|80\/100|[from] item: Leftovers\n|upkeep\n|turn|13\n|\n|t:|1700189294\n|move|p2a: Milotic|Haze|p2a: Milotic\n|-clearallboost\n|move|p1a: Cassius|Psychic|p2a: Milotic\n|-damage|p2a: Milotic|70\/100\n|\n|-heal|p1a: Cassius|86\/100|[from] item: Leftovers\n|upkeep\n|turn|14\n|\n|t:|1700189307\n|switch|p1a: Reyko|Grimmsnarl, M|36\/100 psn\n|move|p2a: Milotic|Scald|p1a: Reyko\n|-damage|p1a: Reyko|25\/100 psn\n|\n|-damage|p1a: Reyko|12\/100 psn|[from] psn\n|-sideend|p1: IvanovStanislav21|move: Light Screen\n|upkeep\n|turn|15\n|\n|t:|1700189324\n|switch|p2a: Weezing|Weezing-Galar, M|64\/100\n|-ability|p2a: Weezing|Neutralizing Gas\n|move|p1a: Reyko|Light Screen|p1a: Reyko\n|-sidestart|p1: IvanovStanislav21|move: Light Screen\n|\n|-heal|p2a: Weezing|70\/100|[from] item: Leftovers\n|-damage|p1a: Reyko|0 fnt|[from] psn\n|faint|p1a: Reyko\n|upkeep\n|inactive|IvanovStanislav21 has 90 seconds left.\n|\n|t:|1700189334\n|switch|p1a: Kintaro|Garchomp, M|100\/100\n|turn|16\n|inactive|IvanovStanislav21 has 90 seconds left.\n|\n|t:|1700189349\n|-end|p2a: Weezing|ability: Neutralizing Gas\n|switch|p2a: Hatterene|Hatterene, F|100\/100\n|move|p1a: Kintaro|Swords Dance|p1a: Kintaro\n|-boost|p1a: Kintaro|atk|2\n|\n|upkeep\n|turn|17\n|\n|t:|1700189357\n|move|p1a: Kintaro|Earthquake|p2a: Hatterene\n|-damage|p2a: Hatterene|0 fnt\n|faint|p2a: Hatterene\n|\n|upkeep\n|\n|t:|1700189361\n|switch|p2a: Gliscor|Gliscor, M|100\/100\n|turn|18\n|\n|t:|1700189366\n|move|p1a: Kintaro|Swords Dance|p1a: Kintaro\n|-boost|p1a: Kintaro|atk|2\n|move|p2a: Gliscor|Knock Off|p1a: Kintaro\n|-damage|p1a: Kintaro|85\/100\n|-damage|p2a: Gliscor|88\/100|[from] ability: Rough Skin|[of] p1a: Kintaro\n|\n|-status|p2a: Gliscor|tox|[from] item: Toxic Orb\n|upkeep\n|turn|19\n|\n|t:|1700189379\n|move|p2a: Gliscor|Protect|p2a: Gliscor\n|-singleturn|p2a: Gliscor|Protect\n|move|p1a: Kintaro|Outrage|p2a: Gliscor\n|-activate|p2a: Gliscor|move: Protect\n|\n|-heal|p2a: Gliscor|100\/100 tox|[from] ability: Poison Heal\n|upkeep\n|turn|20\n|inactive|IvanovStanislav21 has 120 seconds left.\n|\n|t:|1700189387\n|switch|p2a: Weezing|Weezing-Galar, M|70\/100\n|-ability|p2a: Weezing|Neutralizing Gas\n|move|p1a: Kintaro|Stone Edge|p2a: Weezing\n|-crit|p2a: Weezing\n|-damage|p2a: Weezing|0 fnt\n|faint|p2a: Weezing\n|-end|p2a: Weezing|ability: Neutralizing Gas\n|\n|upkeep\n|\n|t:|1700189410\n|switch|p2a: Garganacl|Garganacl, M|100\/100\n|turn|21\n|\n|t:|1700189417\n|move|p2a: Garganacl|Protect|p2a: Garganacl\n|-singleturn|p2a: Garganacl|Protect\n|move|p1a: Kintaro|Earthquake|p2a: Garganacl\n|-activate|p2a: Garganacl|move: Protect\n|\n|upkeep\n|turn|22\n|\n|t:|1700189433\n|-terastallize|p2a: Garganacl|Fairy\n|move|p1a: Kintaro|Earthquake|p2a: Garganacl\n|-damage|p2a: Garganacl|0 fnt\n|faint|p2a: Garganacl\n|\n|-sideend|p1: IvanovStanislav21|move: Light Screen\n|upkeep\n|\n|t:|1700189440\n|switch|p2a: Gliscor|Gliscor, M|100\/100 tox\n|turn|23\n|\n|t:|1700189445\n|detailschange|p1a: Kintaro|Garchomp-Mega, M\n|-mega|p1a: Kintaro|Garchomp|Garchompite\n|move|p1a: Kintaro|Outrage|p2a: Gliscor\n|-damage|p2a: Gliscor|0 fnt\n|faint|p2a: Gliscor\n|\n|upkeep\n|\n|t:|1700189459\n|switch|p2a: Skeledirge|Skeledirge, M|100\/100\n|turn|24\n|\n|t:|1700189471\n|move|p1a: Kintaro|Outrage|p2a: Skeledirge|[from]lockedmove\n|-damage|p2a: Skeledirge|41\/100\n|-start|p1a: Kintaro|confusion|[fatigue]\n|move|p2a: Skeledirge|Will-O-Wisp|p1a: Kintaro\n|-status|p1a: Kintaro|brn\n|\n|-damage|p1a: Kintaro|79\/100 brn|[from] brn\n|upkeep\n|turn|25\n|c|\u2606josh_bullet|This is not ok\n|\n|t:|1700189480\n|-activate|p1a: Kintaro|confusion\n|-damage|p1a: Kintaro|35\/100 brn|[from] confusion\n|move|p2a: Skeledirge|Slack Off|p2a: Skeledirge\n|-heal|p2a: Skeledirge|91\/100\n|\n|-damage|p1a: Kintaro|29\/100 brn|[from] brn\n|upkeep\n|turn|26\n|\n|t:|1700189488\n|-activate|p1a: Kintaro|confusion\n|move|p1a: Kintaro|Earthquake|p2a: Skeledirge\n|-supereffective|p2a: Skeledirge\n|-damage|p2a: Skeledirge|36\/100\n|move|p2a: Skeledirge|Hex|p1a: Kintaro\n|-damage|p1a: Kintaro|0 fnt\n|faint|p1a: Kintaro\n|\n|upkeep\n|\n|t:|1700189498\n|switch|p1a: Leonidas|Basculegion, M|100\/100\n|turn|27\n|\n|t:|1700189502\n|switch|p2a: Milotic|Milotic, F|70\/100\n|move|p1a: Leonidas|Aqua Jet|p2a: Milotic\n|-resisted|p2a: Milotic\n|-damage|p2a: Milotic|46\/100\n|\n|upkeep\n|turn|28\n|\n|t:|1700189515\n|switch|p1a: Cassius|Armarouge, M|86\/100\n|move|p2a: Milotic|Recover|p2a: Milotic\n|-heal|p2a: Milotic|96\/100\n|\n|-heal|p1a: Cassius|92\/100|[from] item: Leftovers\n|upkeep\n|turn|29\n|inactive|IvanovStanislav21 has 120 seconds left.\n|\n|t:|1700189561\n|move|p2a: Milotic|Scald|p1a: Cassius\n|-supereffective|p1a: Cassius\n|-damage|p1a: Cassius|23\/100\n|move|p1a: Cassius|Calm Mind|p1a: Cassius\n|-boost|p1a: Cassius|spa|1\n|-boost|p1a: Cassius|spd|1\n|\n|-heal|p1a: Cassius|29\/100|[from] item: Leftovers\n|upkeep\n|turn|30\n|\n|t:|1700189577\n|move|p2a: Milotic|Haze|p2a: Milotic\n|-clearallboost\n|move|p1a: Cassius|Psychic|p2a: Milotic\n|-damage|p2a: Milotic|68\/100\n|-unboost|p2a: Milotic|spd|1\n|\n|-heal|p1a: Cassius|35\/100|[from] item: Leftovers\n|upkeep\n|turn|31\n|inactive|IvanovStanislav21 has 90 seconds left.\n|\n|t:|1700189630\n|move|p2a: Milotic|Scald|p1a: Cassius\n|-supereffective|p1a: Cassius\n|-crit|p1a: Cassius\n|-damage|p1a: Cassius|0 fnt\n|faint|p1a: Cassius\n|\n|upkeep\n|inactive|IvanovStanislav21 has 60 seconds left.\n|\n|t:|1700189643\n|switch|p1a: Kotaro|Decidueye-Hisui, M|100\/100\n|turn|32\n|\n|t:|1700189647\n|switch|p2a: Skeledirge|Skeledirge, M|36\/100\n|move|p1a: Kotaro|Bulk Up|p1a: Kotaro\n|-boost|p1a: Kotaro|atk|1\n|-boost|p1a: Kotaro|def|1\n|\n|upkeep\n|turn|33\n|\n|t:|1700189655\n|move|p1a: Kotaro|Close Combat|p2a: Skeledirge\n|-damage|p2a: Skeledirge|0 fnt\n|-unboost|p1a: Kotaro|def|1\n|-unboost|p1a: Kotaro|spd|1\n|faint|p2a: Skeledirge\n|\n|upkeep\n|\n|t:|1700189661\n|switch|p2a: Milotic|Milotic, F|68\/100\n|turn|34\n|\n|t:|1700189669\n|move|p2a: Milotic|Recover|p2a: Milotic\n|-heal|p2a: Milotic|100\/100\n|move|p1a: Kotaro|Trailblaze|p2a: Milotic\n|-supereffective|p2a: Milotic\n|-damage|p2a: Milotic|15\/100\n|-boost|p1a: Kotaro|spe|1\n|\n|upkeep\n|turn|35\n|\n|t:|1700189677\n|move|p1a: Kotaro|Leaf Blade|p2a: Milotic\n|-supereffective|p2a: Milotic\n|-damage|p2a: Milotic|0 fnt\n|faint|p2a: Milotic\n|\n|win|IvanovStanislav21\n|raw|IvanovStanislav21's rating: 1334 &rarr; <strong>1353<\/strong><br \/>(+19 for winning)\n|raw|josh_bullet's rating: 1318 &rarr; <strong>1299<\/strong><br \/>(-19 for losing)\n|l|\u2606IvanovStanislav21\n","uploadtime":1700189698,"views":4,"p1id":"ivanovstanislav21","p2id":"joshbullet","formatid":"gen9nationaldex","rating":1299,"private":0,"password":""}