{"id":"gen9nationaldex-1999137707","p1":"Swish_Blaze","p2":"jsalles","format":"[Gen 9] National Dex","log":"|html|<div class=\"broadcast-blue\"><strong>[Gen 9] National Dex is currently suspecting Sneasler! For information on how to participate check out the <a href=\"https:\/\/www.smogon.com\/forums\/threads\/sv-national-dex-suspect-8-just-dance.3731534\/\">suspect thread<\/a>.<\/strong><\/div>\n|j|\u2606Swish_Blaze\n|j|\u2606jsalles\n|t:|1701037246\n|gametype|singles\n|player|p1|Swish_Blaze|clair|1293\n|player|p2|jsalles|marshal|1387\n|teamsize|p1|6\n|teamsize|p2|6\n|gen|9\n|tier|[Gen 9] National Dex\n|rated|\n|rule|HP Percentage Mod: HP is shown in percentages\n|rule|Endless Battle Clause: Forcing endless battles is banned\n|rule|OHKO Clause: OHKO moves are banned\n|rule|Evasion Clause: Evasion abilities, items, and moves are banned\n|rule|Evasion Abilities Clause: Evasion abilities are banned\n|rule|Evasion Items Clause: Evasion items are banned\n|rule|Evasion Moves Clause: Evasion moves are banned\n|rule|Species Clause: Limit one of each Pok\u00e9mon\n|rule|Sleep Clause Mod: Limit one foe put to sleep\n|clearpoke\n|poke|p1|Hatterene, F|\n|poke|p1|Ferrothorn, F|\n|poke|p1|Heatran, M|\n|poke|p1|Landorus-Therian, M|\n|poke|p1|Sneasler, M|\n|poke|p1|Tornadus-Therian, M|\n|poke|p2|Zeraora|\n|poke|p2|Garganacl, F|\n|poke|p2|Hippowdon, F|\n|poke|p2|Corviknight, F|\n|poke|p2|Banette, F|\n|poke|p2|Conkeldurr, M|\n|teampreview\n|\n|t:|1701037256\n|start\n|switch|p1a: Ferrothorn|Ferrothorn, F|100\/100\n|switch|p2a: Zer\u00f8|Zeraora|100\/100\n|turn|1\n|inactive|Battle timer is ON: inactive players will automatically lose when time's up. (requested by jsalles)\n|\n|t:|1701037263\n|switch|p1a: Landorus|Landorus-Therian, M, shiny|100\/100\n|-ability|p1a: Landorus|Intimidate|boost\n|-unboost|p2a: Zer\u00f8|atk|1\n|move|p2a: Zer\u00f8|Volt Switch|p1a: Landorus\n|-immune|p1a: Landorus\n|\n|upkeep\n|turn|2\n|\n|t:|1701037273\n|switch|p2a: Becky|Hippowdon, F|100\/100\n|-weather|Sandstorm|[from] ability: Sand Stream|[of] p2a: Becky\n|move|p1a: Landorus|Stealth Rock|p2a: Becky\n|-sidestart|p2: jsalles|move: Stealth Rock\n|\n|-weather|Sandstorm|[upkeep]\n|upkeep\n|turn|3\n|\n|t:|1701037278\n|move|p1a: Landorus|Toxic|p2a: Becky\n|-status|p2a: Becky|tox\n|move|p2a: Becky|Stealth Rock|p1a: Landorus\n|-sidestart|p1: Swish_Blaze|move: Stealth Rock\n|\n|-weather|Sandstorm|[upkeep]\n|-damage|p2a: Becky|94\/100 tox|[from] psn\n|upkeep\n|turn|4\n|\n|t:|1701037283\n|switch|p1a: Ferrothorn|Ferrothorn, F|100\/100\n|-damage|p1a: Ferrothorn|95\/100|[from] Stealth Rock\n|move|p2a: Becky|Toxic|p1a: Ferrothorn\n|-immune|p1a: Ferrothorn\n|\n|-weather|Sandstorm|[upkeep]\n|-damage|p2a: Becky|82\/100 tox|[from] psn\n|upkeep\n|turn|5\n|\n|t:|1701037304\n|switch|p2a: Flame|Conkeldurr, M, shiny|100\/100\n|-damage|p2a: Flame|94\/100|[from] Stealth Rock\n|move|p1a: Ferrothorn|Leech Seed|p2a: Flame\n|-start|p2a: Flame|move: Leech Seed\n|\n|-weather|Sandstorm|[upkeep]\n|-damage|p2a: Flame|88\/100|[from] Sandstorm\n|-damage|p2a: Flame|76\/100|[from] Leech Seed|[of] p1a: Ferrothorn\n|-heal|p1a: Ferrothorn|100\/100|[silent]\n|-status|p2a: Flame|brn|[from] item: Flame Orb\n|upkeep\n|turn|6\n|\n|t:|1701037314\n|switch|p2a: Wall|Garganacl, F, shiny|100\/100\n|-damage|p2a: Wall|88\/100|[from] Stealth Rock\n|switch|p1a: Landorus|Landorus-Therian, M, shiny|100\/100\n|-damage|p1a: Landorus|88\/100|[from] Stealth Rock\n|-ability|p1a: Landorus|Intimidate|boost\n|-unboost|p2a: Wall|atk|1\n|\n|-weather|none\n|-heal|p2a: Wall|94\/100|[from] item: Leftovers\n|upkeep\n|turn|7\n|\n|t:|1701037322\n|switch|p1a: Ferrothorn|Ferrothorn, F|100\/100\n|-damage|p1a: Ferrothorn|95\/100|[from] Stealth Rock\n|-terastallize|p2a: Wall|Fairy\n|move|p2a: Wall|Salt Cure|p1a: Ferrothorn\n|-resisted|p1a: Ferrothorn\n|-damage|p1a: Ferrothorn|92\/100\n|-start|p1a: Ferrothorn|Salt Cure\n|\n|-heal|p2a: Wall|100\/100|[from] item: Leftovers\n|-damage|p1a: Ferrothorn|67\/100|[from] Salt Cure\n|upkeep\n|turn|8\n|\n|t:|1701037335\n|move|p2a: Wall|Substitute|p2a: Wall\n|-start|p2a: Wall|Substitute\n|-damage|p2a: Wall|75\/100\n|move|p1a: Ferrothorn|Gyro Ball|p2a: Wall\n|-supereffective|p2a: Wall\n|-end|p2a: Wall|Substitute\n|\n|-heal|p2a: Wall|82\/100|[from] item: Leftovers\n|-damage|p1a: Ferrothorn|42\/100|[from] Salt Cure\n|upkeep\n|turn|9\n|\n|t:|1701037344\n|switch|p1a: Sneasler|Sneasler, M|100\/100\n|-damage|p1a: Sneasler|95\/100|[from] Stealth Rock\n|move|p2a: Wall|Protect||[still]\n|-fail|p2a: Wall\n|\n|-heal|p2a: Wall|88\/100|[from] item: Leftovers\n|upkeep\n|turn|10\n|\n|t:|1701037351\n|switch|p2a: Kina|Corviknight, F, shiny|100\/100\n|-damage|p2a: Kina|88\/100|[from] Stealth Rock\n|move|p1a: Sneasler|Fake Out|p2a: Kina\n|-enditem|p1a: Sneasler|Normal Gem|[from] gem\n|-resisted|p2a: Kina\n|-damage|p2a: Kina|82\/100\n|-damage|p1a: Sneasler|78\/100|[from] item: Rocky Helmet|[of] p2a: Kina\n|\n|upkeep\n|turn|11\n|\n|t:|1701037358\n|switch|p1a: Landorus|Landorus-Therian, M, shiny|88\/100\n|-damage|p1a: Landorus|76\/100|[from] Stealth Rock\n|-ability|p1a: Landorus|Intimidate|boost\n|-ability|p2a: Kina|Mirror Armor\n|-unboost|p1a: Landorus|atk|1\n|move|p2a: Kina|Iron Defense|p2a: Kina\n|-boost|p2a: Kina|def|2\n|\n|upkeep\n|turn|12\n|\n|t:|1701037365\n|switch|p1a: Heatran|Heatran, M|100\/100\n|-damage|p1a: Heatran|88\/100|[from] Stealth Rock\n|move|p2a: Kina|Body Press|p1a: Heatran\n|-supereffective|p1a: Heatran\n|-damage|p1a: Heatran|8\/100\n|\n|-heal|p1a: Heatran|14\/100|[from] item: Leftovers\n|upkeep\n|turn|13\n|\n|t:|1701037376\n|switch|p2a: Becky|Hippowdon, F|82\/100 tox\n|-damage|p2a: Becky|76\/100 tox|[from] Stealth Rock\n|-weather|Sandstorm|[from] ability: Sand Stream|[of] p2a: Becky\n|move|p1a: Heatran|Magma Storm|p2a: Becky\n|-damage|p2a: Becky|43\/100 tox\n|-activate|p2a: Becky|move: Magma Storm|[of] p1a: Heatran\n|\n|-weather|Sandstorm|[upkeep]\n|-heal|p1a: Heatran|20\/100|[from] item: Leftovers\n|-damage|p2a: Becky|37\/100 tox|[from] psn\n|-damage|p2a: Becky|24\/100 tox|[from] move: Magma Storm|[partiallytrapped]\n|upkeep\n|turn|14\n|\n|t:|1701037386\n|move|p1a: Heatran|Taunt|p2a: Becky\n|-start|p2a: Becky|move: Taunt\n|cant|p2a: Becky|move: Taunt|Slack Off\n|\n|-weather|Sandstorm|[upkeep]\n|-heal|p1a: Heatran|26\/100|[from] item: Leftovers\n|-damage|p2a: Becky|12\/100 tox|[from] psn\n|-damage|p2a: Becky|0 fnt|[from] move: Magma Storm|[partiallytrapped]\n|faint|p2a: Becky\n|upkeep\n|\n|t:|1701037389\n|switch|p2a: Zer\u00f8|Zeraora|100\/100\n|-damage|p2a: Zer\u00f8|88\/100|[from] Stealth Rock\n|turn|15\n|\n|t:|1701037392\n|switch|p1a: Landorus|Landorus-Therian, M, shiny|76\/100\n|-damage|p1a: Landorus|64\/100|[from] Stealth Rock\n|-ability|p1a: Landorus|Intimidate|boost\n|-unboost|p2a: Zer\u00f8|atk|1\n|move|p2a: Zer\u00f8|Volt Switch|p1a: Landorus\n|-immune|p1a: Landorus\n|\n|-weather|Sandstorm|[upkeep]\n|-damage|p2a: Zer\u00f8|82\/100|[from] Sandstorm\n|upkeep\n|turn|16\n|\n|t:|1701037401\n|switch|p2a: Kina|Corviknight, F, shiny|82\/100\n|-damage|p2a: Kina|69\/100|[from] Stealth Rock\n|switch|p1a: Tornadus|Tornadus-Therian, M|100\/100\n|\n|-weather|Sandstorm|[upkeep]\n|-damage|p1a: Tornadus|94\/100|[from] Sandstorm\n|upkeep\n|turn|17\n|\n|t:|1701037411\n|switch|p2a: Wall|Garganacl, F, shiny, tera:Fairy|88\/100\n|-damage|p2a: Wall|75\/100|[from] Stealth Rock\n|move|p1a: Tornadus|Heat Wave|p2a: Wall\n|-damage|p2a: Wall|55\/100\n|\n|-weather|none\n|-heal|p2a: Wall|61\/100|[from] item: Leftovers\n|upkeep\n|turn|18\n|\n|t:|1701037423\n|move|p1a: Tornadus|Defog|p2a: Wall\n|-unboost|p2a: Wall|evasion|1\n|-sideend|p2: jsalles|Stealth Rock|[from] move: Defog|[of] p1a: Tornadus\n|-sideend|p1: Swish_Blaze|Stealth Rock|[from] move: Defog|[of] p1a: Tornadus\n|move|p2a: Wall|Salt Cure|p1a: Tornadus\n|-supereffective|p1a: Tornadus\n|-damage|p1a: Tornadus|56\/100\n|-start|p1a: Tornadus|Salt Cure\n|\n|-heal|p2a: Wall|68\/100|[from] item: Leftovers\n|-damage|p1a: Tornadus|44\/100|[from] Salt Cure\n|upkeep\n|turn|19\n|\n|t:|1701037429\n|switch|p1a: Sneasler|Sneasler, M|78\/100\n|move|p2a: Wall|Recover|p2a: Wall\n|-heal|p2a: Wall|100\/100\n|\n|upkeep\n|turn|20\n|\n|t:|1701037445\n|switch|p2a: Flame|Conkeldurr, M, shiny|76\/100 brn\n|move|p1a: Sneasler|Dire Claw|p2a: Flame\n|-damage|p2a: Flame|36\/100 brn\n|\n|-damage|p2a: Flame|30\/100 brn|[from] brn\n|upkeep\n|turn|21\n|\n|t:|1701037459\n|switch|p2a: Kina|Corviknight, F, shiny|69\/100\n|move|p1a: Sneasler|Close Combat|p2a: Kina\n|-damage|p2a: Kina|27\/100\n|-unboost|p1a: Sneasler|def|1\n|-unboost|p1a: Sneasler|spd|1\n|-damage|p1a: Sneasler|61\/100|[from] item: Rocky Helmet|[of] p2a: Kina\n|\n|upkeep\n|turn|22\n|\n|t:|1701037469\n|move|p1a: Sneasler|Close Combat|p2a: Kina\n|-damage|p2a: Kina|0 fnt\n|-unboost|p1a: Sneasler|def|1\n|-unboost|p1a: Sneasler|spd|1\n|-damage|p1a: Sneasler|45\/100|[from] item: Rocky Helmet|[of] p2a: Kina\n|faint|p2a: Kina\n|\n|upkeep\n|\n|t:|1701037472\n|switch|p2a: Zer\u00f8|Zeraora|82\/100\n|turn|23\n|\n|t:|1701037475\n|switch|p1a: Landorus|Landorus-Therian, M, shiny|64\/100\n|-ability|p1a: Landorus|Intimidate|boost\n|-unboost|p2a: Zer\u00f8|atk|1\n|move|p2a: Zer\u00f8|Hidden Power|p1a: Landorus\n|-supereffective|p1a: Landorus\n|-crit|p1a: Landorus\n|-damage|p1a: Landorus|0 fnt\n|faint|p1a: Landorus\n|\n|upkeep\n|\n|t:|1701037482\n|switch|p1a: Hatterene|Hatterene, F, shiny|100\/100\n|turn|24\n|\n|t:|1701037489\n|switch|p2a: Wall|Garganacl, F, shiny, tera:Fairy|100\/100\n|move|p1a: Hatterene|Draining Kiss|p2a: Wall\n|-damage|p2a: Wall|87\/100\n|\n|-heal|p2a: Wall|93\/100|[from] item: Leftovers\n|upkeep\n|turn|25\n|\n|t:|1701037497\n|switch|p1a: Sneasler|Sneasler, M|45\/100\n|move|p2a: Wall|Substitute|p2a: Wall\n|-start|p2a: Wall|Substitute\n|-damage|p2a: Wall|68\/100\n|\n|-heal|p2a: Wall|74\/100|[from] item: Leftovers\n|upkeep\n|turn|26\n|\n|t:|1701037501\n|move|p1a: Sneasler|Dire Claw|p2a: Wall\n|-supereffective|p2a: Wall\n|-end|p2a: Wall|Substitute\n|move|p2a: Wall|Salt Cure|p1a: Sneasler\n|-resisted|p1a: Sneasler\n|-damage|p1a: Sneasler|33\/100\n|-start|p1a: Sneasler|Salt Cure\n|\n|-heal|p2a: Wall|80\/100|[from] item: Leftovers\n|-damage|p1a: Sneasler|20\/100|[from] Salt Cure\n|upkeep\n|turn|27\n|\n|t:|1701037512\n|move|p2a: Wall|Protect|p2a: Wall\n|-singleturn|p2a: Wall|Protect\n|move|p1a: Sneasler|Dire Claw|p2a: Wall\n|-activate|p2a: Wall|move: Protect\n|\n|-heal|p2a: Wall|87\/100|[from] item: Leftovers\n|-damage|p1a: Sneasler|8\/100|[from] Salt Cure\n|upkeep\n|turn|28\n|\n|t:|1701037523\n|switch|p2a: Violet|Banette, F, shiny|100\/100\n|move|p1a: Sneasler|Dire Claw|p2a: Violet\n|-resisted|p2a: Violet\n|-damage|p2a: Violet|65\/100\n|-status|p2a: Violet|slp\n|\n|-damage|p1a: Sneasler|0 fnt|[from] Salt Cure\n|faint|p1a: Sneasler\n|upkeep\n|\n|t:|1701037530\n|switch|p1a: Hatterene|Hatterene, F, shiny|100\/100\n|turn|29\n|\n|t:|1701037540\n|switch|p2a: Wall|Garganacl, F, shiny, tera:Fairy|87\/100\n|move|p1a: Hatterene|Calm Mind|p1a: Hatterene\n|-boost|p1a: Hatterene|spa|1\n|-boost|p1a: Hatterene|spd|1\n|\n|-heal|p2a: Wall|93\/100|[from] item: Leftovers\n|upkeep\n|turn|30\n|\n|t:|1701037545\n|move|p1a: Hatterene|Draining Kiss|p2a: Wall\n|-damage|p2a: Wall|70\/100\n|move|p2a: Wall|Salt Cure|p1a: Hatterene\n|-damage|p1a: Hatterene|89\/100\n|-start|p1a: Hatterene|Salt Cure\n|\n|-heal|p1a: Hatterene|95\/100|[from] item: Leftovers\n|-heal|p2a: Wall|76\/100|[from] item: Leftovers\n|-damage|p1a: Hatterene|83\/100|[from] Salt Cure\n|upkeep\n|turn|31\n|\n|t:|1701037557\n|move|p1a: Hatterene|Calm Mind|p1a: Hatterene\n|-boost|p1a: Hatterene|spa|1\n|-boost|p1a: Hatterene|spd|1\n|move|p2a: Wall|Recover|p2a: Wall\n|-heal|p2a: Wall|100\/100\n|\n|-heal|p1a: Hatterene|89\/100|[from] item: Leftovers\n|-damage|p1a: Hatterene|77\/100|[from] Salt Cure\n|upkeep\n|turn|32\n|\n|t:|1701037560\n|switch|p2a: Zer\u00f8|Zeraora|82\/100\n|move|p1a: Hatterene|Draining Kiss|p2a: Zer\u00f8\n|-damage|p2a: Zer\u00f8|26\/100\n|-heal|p1a: Hatterene|100\/100|[from] drain|[of] p2a: Zer\u00f8\n|\n|-damage|p1a: Hatterene|88\/100|[from] Salt Cure\n|upkeep\n|turn|33\n|\n|t:|1701037566\n|move|p2a: Zer\u00f8|Volt Switch|p1a: Hatterene\n|-damage|p1a: Hatterene|62\/100\n|\n|t:|1701037570\n|switch|p2a: Violet|Banette, F, shiny|65\/100 slp|[from] Volt Switch\n|-item|p1a: Hatterene|Leftovers|[from] ability: Frisk|[of] p2a: Violet|[identify]\n|move|p1a: Hatterene|Draining Kiss|p2a: Violet\n|-damage|p2a: Violet|22\/100 slp\n|-heal|p1a: Hatterene|96\/100|[from] drain|[of] p2a: Violet\n|\n|-heal|p1a: Hatterene|100\/100|[from] item: Leftovers\n|-damage|p1a: Hatterene|88\/100|[from] Salt Cure\n|upkeep\n|turn|34\n|\n|t:|1701037575\n|detailschange|p2a: Violet|Banette-Mega, F, shiny\n|-mega|p2a: Violet|Banette|Banettite\n|cant|p2a: Violet|slp\n|move|p1a: Hatterene|Draining Kiss|p2a: Violet\n|-crit|p2a: Violet\n|-damage|p2a: Violet|0 fnt\n|-heal|p1a: Hatterene|100\/100|[from] drain|[of] p2a: Violet\n|faint|p2a: Violet\n|\n|-damage|p1a: Hatterene|88\/100|[from] Salt Cure\n|upkeep\n|\n|t:|1701037584\n|switch|p2a: Zer\u00f8|Zeraora|26\/100\n|turn|35\n|\n|t:|1701037588\n|move|p2a: Zer\u00f8|Volt Switch|p1a: Hatterene\n|-damage|p1a: Hatterene|62\/100\n|\n|t:|1701037591\n|switch|p2a: Wall|Garganacl, F, shiny, tera:Fairy|100\/100|[from] Volt Switch\n|move|p1a: Hatterene|Draining Kiss|p2a: Wall\n|-damage|p2a: Wall|74\/100\n|-heal|p1a: Hatterene|88\/100|[from] drain|[of] p2a: Wall\n|\n|-heal|p1a: Hatterene|94\/100|[from] item: Leftovers\n|-heal|p2a: Wall|80\/100|[from] item: Leftovers\n|-damage|p1a: Hatterene|82\/100|[from] Salt Cure\n|upkeep\n|turn|36\n|\n|t:|1701037596\n|move|p1a: Hatterene|Calm Mind|p1a: Hatterene\n|-boost|p1a: Hatterene|spa|1\n|-boost|p1a: Hatterene|spd|1\n|move|p2a: Wall|Substitute|p2a: Wall\n|-start|p2a: Wall|Substitute\n|-damage|p2a: Wall|55\/100\n|\n|-heal|p1a: Hatterene|88\/100|[from] item: Leftovers\n|-heal|p2a: Wall|61\/100|[from] item: Leftovers\n|-damage|p1a: Hatterene|76\/100|[from] Salt Cure\n|upkeep\n|turn|37\n|\n|t:|1701037598\n|move|p1a: Hatterene|Draining Kiss|p2a: Wall\n|-end|p2a: Wall|Substitute\n|-heal|p1a: Hatterene|99\/100|[from] drain|[of] p2a: Wall\n|move|p2a: Wall|Salt Cure|p1a: Hatterene\n|-damage|p1a: Hatterene|87\/100\n|\n|-heal|p1a: Hatterene|93\/100|[from] item: Leftovers\n|-heal|p2a: Wall|67\/100|[from] item: Leftovers\n|-damage|p1a: Hatterene|81\/100|[from] Salt Cure\n|upkeep\n|turn|38\n|\n|t:|1701037610\n|move|p2a: Wall|Protect|p2a: Wall\n|-singleturn|p2a: Wall|Protect\n|move|p1a: Hatterene|Psyshock|p2a: Wall\n|-activate|p2a: Wall|move: Protect\n|\n|-heal|p1a: Hatterene|87\/100|[from] item: Leftovers\n|-heal|p2a: Wall|73\/100|[from] item: Leftovers\n|-damage|p1a: Hatterene|75\/100|[from] Salt Cure\n|upkeep\n|turn|39\n|\n|t:|1701037631\n|move|p1a: Hatterene|Mystical Fire|p2a: Wall\n|-damage|p2a: Wall|39\/100\n|-unboost|p2a: Wall|spa|1\n|move|p2a: Wall|Recover|p2a: Wall\n|-heal|p2a: Wall|89\/100\n|\n|-heal|p1a: Hatterene|81\/100|[from] item: Leftovers\n|-heal|p2a: Wall|95\/100|[from] item: Leftovers\n|-damage|p1a: Hatterene|68\/100|[from] Salt Cure\n|upkeep\n|turn|40\n|\n|t:|1701037653\n|switch|p1a: Heatran|Heatran, M|26\/100\n|move|p2a: Wall|Substitute|p2a: Wall\n|-start|p2a: Wall|Substitute\n|-damage|p2a: Wall|70\/100\n|\n|-heal|p1a: Heatran|33\/100|[from] item: Leftovers\n|-heal|p2a: Wall|76\/100|[from] item: Leftovers\n|upkeep\n|turn|41\n|\n|t:|1701037658\n|move|p1a: Heatran|Magma Storm|p2a: Wall\n|-end|p2a: Wall|Substitute\n|move|p2a: Wall|Salt Cure|p1a: Heatran\n|-damage|p1a: Heatran|21\/100\n|-start|p1a: Heatran|Salt Cure\n|\n|-heal|p1a: Heatran|27\/100|[from] item: Leftovers\n|-heal|p2a: Wall|82\/100|[from] item: Leftovers\n|-damage|p1a: Heatran|2\/100|[from] Salt Cure\n|upkeep\n|turn|42\n|\n|t:|1701037669\n|move|p2a: Wall|Protect|p2a: Wall\n|-singleturn|p2a: Wall|Protect\n|move|p1a: Heatran|Taunt|p2a: Wall\n|-activate|p2a: Wall|move: Protect\n|\n|-heal|p1a: Heatran|9\/100|[from] item: Leftovers\n|-heal|p2a: Wall|88\/100|[from] item: Leftovers\n|-damage|p1a: Heatran|0 fnt|[from] Salt Cure\n|faint|p1a: Heatran\n|upkeep\n|\n|t:|1701037671\n|switch|p1a: Ferrothorn|Ferrothorn, F|42\/100\n|turn|43\n|\n|t:|1701037699\n|switch|p2a: Flame|Conkeldurr, M, shiny|30\/100 brn\n|move|p1a: Ferrothorn|Gyro Ball|p2a: Flame\n|-damage|p2a: Flame|6\/100 brn\n|\n|-damage|p2a: Flame|0 fnt|[from] brn\n|faint|p2a: Flame\n|upkeep\n|\n|t:|1701037709\n|switch|p2a: Zer\u00f8|Zeraora|26\/100\n|turn|44\n|\n|t:|1701037717\n|switch|p1a: Tornadus|Tornadus-Therian, M|77\/100\n|move|p2a: Zer\u00f8|Volt Switch|p1a: Tornadus\n|-supereffective|p1a: Tornadus\n|-damage|p1a: Tornadus|0 fnt\n|faint|p1a: Tornadus\n|\n|t:|1701037724\n|switch|p2a: Wall|Garganacl, F, shiny, tera:Fairy|88\/100|[from] Volt Switch\n|\n|-heal|p2a: Wall|95\/100|[from] item: Leftovers\n|upkeep\n|\n|t:|1701037726\n|switch|p1a: Ferrothorn|Ferrothorn, F|42\/100\n|turn|45\n|\n|t:|1701037735\n|move|p2a: Wall|Substitute|p2a: Wall\n|-start|p2a: Wall|Substitute\n|-damage|p2a: Wall|70\/100\n|move|p1a: Ferrothorn|Gyro Ball|p2a: Wall\n|-supereffective|p2a: Wall\n|-end|p2a: Wall|Substitute\n|\n|-heal|p2a: Wall|76\/100|[from] item: Leftovers\n|upkeep\n|turn|46\n|\n|t:|1701037739\n|move|p2a: Wall|Salt Cure|p1a: Ferrothorn\n|-resisted|p1a: Ferrothorn\n|-damage|p1a: Ferrothorn|38\/100\n|-start|p1a: Ferrothorn|Salt Cure\n|move|p1a: Ferrothorn|Power Whip|p2a: Wall\n|-crit|p2a: Wall\n|-damage|p2a: Wall|36\/100\n|\n|-heal|p2a: Wall|42\/100|[from] item: Leftovers\n|-damage|p1a: Ferrothorn|14\/100|[from] Salt Cure\n|upkeep\n|turn|47\n|\n|t:|1701037748\n|switch|p1a: Hatterene|Hatterene, F, shiny|68\/100\n|move|p2a: Wall|Protect||[still]\n|-fail|p2a: Wall\n|\n|-heal|p1a: Hatterene|74\/100|[from] item: Leftovers\n|-heal|p2a: Wall|48\/100|[from] item: Leftovers\n|upkeep\n|turn|48\n|\n|t:|1701037753\n|move|p1a: Hatterene|Calm Mind|p1a: Hatterene\n|-boost|p1a: Hatterene|spa|1\n|-boost|p1a: Hatterene|spd|1\n|move|p2a: Wall|Salt Cure|p1a: Hatterene\n|-damage|p1a: Hatterene|61\/100\n|-start|p1a: Hatterene|Salt Cure\n|\n|-heal|p1a: Hatterene|67\/100|[from] item: Leftovers\n|-heal|p2a: Wall|54\/100|[from] item: Leftovers\n|-damage|p1a: Hatterene|55\/100|[from] Salt Cure\n|upkeep\n|turn|49\n|\n|t:|1701037759\n|switch|p2a: Zer\u00f8|Zeraora|26\/100\n|move|p1a: Hatterene|Calm Mind|p1a: Hatterene\n|-boost|p1a: Hatterene|spa|1\n|-boost|p1a: Hatterene|spd|1\n|\n|-heal|p1a: Hatterene|61\/100|[from] item: Leftovers\n|-damage|p1a: Hatterene|49\/100|[from] Salt Cure\n|upkeep\n|turn|50\n|inactive|jsalles has 120 seconds left.\n|\n|t:|1701037791\n|move|p2a: Zer\u00f8|Grass Knot|p1a: Hatterene\n|-damage|p1a: Hatterene|44\/100\n|move|p1a: Hatterene|Draining Kiss|p2a: Zer\u00f8\n|-damage|p2a: Zer\u00f8|0 fnt\n|-heal|p1a: Hatterene|63\/100|[from] drain|[of] p2a: Zer\u00f8\n|faint|p2a: Zer\u00f8\n|\n|-heal|p1a: Hatterene|69\/100|[from] item: Leftovers\n|-damage|p1a: Hatterene|56\/100|[from] Salt Cure\n|upkeep\n|\n|t:|1701037795\n|switch|p2a: Wall|Garganacl, F, shiny, tera:Fairy|54\/100\n|turn|51\n|\n|t:|1701037800\n|move|p1a: Hatterene|Calm Mind|p1a: Hatterene\n|-boost|p1a: Hatterene|spa|1\n|-boost|p1a: Hatterene|spd|1\n|move|p2a: Wall|Substitute|p2a: Wall\n|-start|p2a: Wall|Substitute\n|-damage|p2a: Wall|29\/100\n|\n|-heal|p1a: Hatterene|62\/100|[from] item: Leftovers\n|-heal|p2a: Wall|35\/100|[from] item: Leftovers\n|-damage|p1a: Hatterene|50\/100|[from] Salt Cure\n|upkeep\n|turn|52\n|\n|t:|1701037803\n|move|p1a: Hatterene|Psyshock|p2a: Wall\n|-end|p2a: Wall|Substitute\n|move|p2a: Wall|Recover|p2a: Wall\n|-heal|p2a: Wall|85\/100\n|\n|-heal|p1a: Hatterene|56\/100|[from] item: Leftovers\n|-heal|p2a: Wall|92\/100|[from] item: Leftovers\n|-damage|p1a: Hatterene|44\/100|[from] Salt Cure\n|upkeep\n|turn|53\n|\n|t:|1701037813\n|move|p2a: Wall|Protect|p2a: Wall\n|-singleturn|p2a: Wall|Protect\n|move|p1a: Hatterene|Calm Mind|p1a: Hatterene\n|-boost|p1a: Hatterene|spa|1\n|-boost|p1a: Hatterene|spd|1\n|\n|-heal|p1a: Hatterene|50\/100|[from] item: Leftovers\n|-heal|p2a: Wall|98\/100|[from] item: Leftovers\n|-damage|p1a: Hatterene|38\/100|[from] Salt Cure\n|upkeep\n|turn|54\n|\n|t:|1701037818\n|move|p1a: Hatterene|Draining Kiss|p2a: Wall\n|-damage|p2a: Wall|55\/100\n|-heal|p1a: Hatterene|78\/100|[from] drain|[of] p2a: Wall\n|move|p2a: Wall|Substitute|p2a: Wall\n|-start|p2a: Wall|Substitute\n|-damage|p2a: Wall|30\/100\n|\n|-heal|p1a: Hatterene|84\/100|[from] item: Leftovers\n|-heal|p2a: Wall|36\/100|[from] item: Leftovers\n|-damage|p1a: Hatterene|72\/100|[from] Salt Cure\n|upkeep\n|turn|55\n|\n|t:|1701037824\n|move|p2a: Wall|Protect|p2a: Wall\n|-singleturn|p2a: Wall|Protect\n|move|p1a: Hatterene|Mystical Fire|p2a: Wall\n|-activate|p2a: Wall|move: Protect\n|\n|-heal|p1a: Hatterene|78\/100|[from] item: Leftovers\n|-heal|p2a: Wall|43\/100|[from] item: Leftovers\n|-damage|p1a: Hatterene|66\/100|[from] Salt Cure\n|upkeep\n|turn|56\n|\n|t:|1701037832\n|move|p1a: Hatterene|Mystical Fire|p2a: Wall\n|-end|p2a: Wall|Substitute\n|move|p2a: Wall|Salt Cure|p1a: Hatterene\n|-damage|p1a: Hatterene|54\/100\n|\n|-heal|p1a: Hatterene|60\/100|[from] item: Leftovers\n|-heal|p2a: Wall|49\/100|[from] item: Leftovers\n|-damage|p1a: Hatterene|48\/100|[from] Salt Cure\n|upkeep\n|turn|57\n|\n|t:|1701037843\n|move|p2a: Wall|Protect|p2a: Wall\n|-singleturn|p2a: Wall|Protect\n|move|p1a: Hatterene|Mystical Fire|p2a: Wall\n|-activate|p2a: Wall|move: Protect\n|\n|-heal|p1a: Hatterene|54\/100|[from] item: Leftovers\n|-heal|p2a: Wall|55\/100|[from] item: Leftovers\n|-damage|p1a: Hatterene|41\/100|[from] Salt Cure\n|upkeep\n|turn|58\n|\n|t:|1701037851\n|move|p1a: Hatterene|Draining Kiss|p2a: Wall\n|-damage|p2a: Wall|13\/100\n|-heal|p1a: Hatterene|81\/100|[from] drain|[of] p2a: Wall\n|move|p2a: Wall|Recover|p2a: Wall\n|-heal|p2a: Wall|63\/100\n|\n|-heal|p1a: Hatterene|87\/100|[from] item: Leftovers\n|-heal|p2a: Wall|69\/100|[from] item: Leftovers\n|-damage|p1a: Hatterene|75\/100|[from] Salt Cure\n|upkeep\n|turn|59\n|\n|t:|1701037860\n|move|p1a: Hatterene|Calm Mind|p1a: Hatterene\n|-boost|p1a: Hatterene|spa|1\n|-boost|p1a: Hatterene|spd|1\n|move|p2a: Wall|Salt Cure|p1a: Hatterene\n|-damage|p1a: Hatterene|64\/100\n|\n|-heal|p1a: Hatterene|70\/100|[from] item: Leftovers\n|-heal|p2a: Wall|75\/100|[from] item: Leftovers\n|-damage|p1a: Hatterene|58\/100|[from] Salt Cure\n|upkeep\n|turn|60\n|\n|t:|1701037865\n|move|p1a: Hatterene|Mystical Fire|p2a: Wall\n|-damage|p2a: Wall|25\/100\n|-unboost|p2a: Wall|spa|1\n|move|p2a: Wall|Substitute|p2a: Wall\n|-fail|p2a: Wall|move: Substitute|[weak]\n|\n|-heal|p1a: Hatterene|64\/100|[from] item: Leftovers\n|-heal|p2a: Wall|31\/100|[from] item: Leftovers\n|-damage|p1a: Hatterene|52\/100|[from] Salt Cure\n|upkeep\n|turn|61\n|\n|t:|1701037871\n|move|p1a: Hatterene|Draining Kiss|p2a: Wall\n|-damage|p2a: Wall|0 fnt\n|-heal|p1a: Hatterene|81\/100|[from] drain|[of] p2a: Wall\n|faint|p2a: Wall\n|\n|win|Swish_Blaze\n|raw|Swish_Blaze's rating: 1293 &rarr; <strong>1325<\/strong><br \/>(+32 for winning)\n|raw|jsalles's rating: 1387 &rarr; <strong>1362<\/strong><br \/>(-25 for losing)\n|l|\u2606jsalles\n|c|\u2606Swish_Blaze|gg\n","uploadtime":1701037888,"views":2,"p1id":"swishblaze","p2id":"jsalles","formatid":"gen9nationaldex","rating":1325,"private":0,"password":""}