{"id":"gen9nationaldex-1997309372","p1":"helpwhatttt","p2":"sgzf","format":"[Gen 9] National Dex","log":"|html|<div class=\"broadcast-blue\"><strong>[Gen 9] National Dex is currently suspecting Sneasler! For information on how to participate check out the <a href=\"https:\/\/www.smogon.com\/forums\/threads\/sv-national-dex-suspect-8-just-dance.3731534\/\">suspect thread<\/a>.<\/strong><\/div>\n|j|\u2606helpwhatttt\n|j|\u2606sgzf\n|t:|1700787642\n|gametype|singles\n|player|p1|helpwhatttt|lusamine|1164\n|player|p2|sgzf|dawn-gen4pt|1156\n|teamsize|p1|6\n|teamsize|p2|6\n|gen|9\n|tier|[Gen 9] National Dex\n|rated|\n|rule|HP Percentage Mod: HP is shown in percentages\n|rule|Endless Battle Clause: Forcing endless battles is banned\n|rule|OHKO Clause: OHKO moves are banned\n|rule|Evasion Clause: Evasion abilities, items, and moves are banned\n|rule|Evasion Abilities Clause: Evasion abilities are banned\n|rule|Evasion Items Clause: Evasion items are banned\n|rule|Evasion Moves Clause: Evasion moves are banned\n|rule|Species Clause: Limit one of each Pok\u00e9mon\n|rule|Sleep Clause Mod: Limit one foe put to sleep\n|clearpoke\n|poke|p1|Ogerpon-Wellspring, F|\n|poke|p1|Tapu Koko|\n|poke|p1|Garchomp, M|\n|poke|p1|Iron Valiant|\n|poke|p1|Sneasler, F|\n|poke|p1|Volcarona, F|\n|poke|p2|Garchomp, M|\n|poke|p2|Ferrothorn, F|\n|poke|p2|Lopunny, F|\n|poke|p2|Moltres|\n|poke|p2|Slowking-Galar, F|\n|poke|p2|Alomomola, M|\n|teampreview\n|\n|t:|1700787657\n|start\n|switch|p1a: Tapu Koko|Tapu Koko|100\/100\n|switch|p2a: Alomomola|Alomomola, M, shiny|100\/100\n|-fieldstart|move: Electric Terrain|[from] ability: Electric Surge|[of] p1a: Tapu Koko\n|turn|1\n|\n|t:|1700787668\n|switch|p2a: Ferrothorn|Ferrothorn, F|100\/100\n|move|p1a: Tapu Koko|Reflect|p1a: Tapu Koko\n|-sidestart|p1: helpwhatttt|Reflect\n|\n|upkeep\n|turn|2\n|\n|t:|1700787671\n|move|p1a: Tapu Koko|Taunt|p2a: Ferrothorn\n|-start|p2a: Ferrothorn|move: Taunt\n|cant|p2a: Ferrothorn|move: Taunt|Thunder Wave\n|\n|upkeep\n|turn|3\n|\n|t:|1700787675\n|move|p1a: Tapu Koko|Light Screen|p1a: Tapu Koko\n|-sidestart|p1: helpwhatttt|move: Light Screen\n|move|p2a: Ferrothorn|Knock Off|p1a: Tapu Koko\n|-resisted|p1a: Tapu Koko\n|-damage|p1a: Tapu Koko|95\/100\n|-enditem|p1a: Tapu Koko|Light Clay|[from] move: Knock Off|[of] p2a: Ferrothorn\n|\n|upkeep\n|turn|4\n|\n|t:|1700787682\n|switch|p1a: Volcarona|Volcarona, F|100\/100\n|switch|p2a: Moltres|Moltres|100\/100\n|\n|upkeep\n|turn|5\n|\n|t:|1700787691\n|move|p1a: Volcarona|Quiver Dance|p1a: Volcarona\n|-boost|p1a: Volcarona|spa|1\n|-boost|p1a: Volcarona|spd|1\n|-boost|p1a: Volcarona|spe|1\n|move|p2a: Moltres|Defog|p1a: Volcarona\n|-unboost|p1a: Volcarona|evasion|1\n|-sideend|p1: helpwhatttt|Reflect\n|-sideend|p1: helpwhatttt|move: Light Screen\n|-fieldend|move: Electric Terrain\n|\n|upkeep\n|turn|6\n|\n|t:|1700787698\n|move|p1a: Volcarona|Quiver Dance|p1a: Volcarona\n|-boost|p1a: Volcarona|spa|1\n|-boost|p1a: Volcarona|spd|1\n|-boost|p1a: Volcarona|spe|1\n|move|p2a: Moltres|Scorching Sands|p1a: Volcarona\n|-damage|p1a: Volcarona|92\/100\n|\n|-heal|p1a: Volcarona|99\/100|[from] item: Leftovers\n|upkeep\n|turn|7\n|\n|t:|1700787703\n|switch|p2a: Garchomp|Garchomp, M|100\/100\n|move|p1a: Volcarona|Quiver Dance|p1a: Volcarona\n|-boost|p1a: Volcarona|spa|1\n|-boost|p1a: Volcarona|spd|1\n|-boost|p1a: Volcarona|spe|1\n|\n|-heal|p1a: Volcarona|100\/100|[from] item: Leftovers\n|upkeep\n|turn|8\n|\n|t:|1700787708\n|move|p1a: Volcarona|Giga Drain|p2a: Garchomp\n|-damage|p2a: Garchomp|45\/100\n|-zpower|p2a: Garchomp\n|move|p2a: Garchomp|Devastating Drake|p1a: Volcarona|[zeffect]\n|-damage|p1a: Volcarona|0 fnt\n|faint|p1a: Volcarona\n|\n|upkeep\n|\n|t:|1700787716\n|switch|p1a: Tapu Koko|Tapu Koko|95\/100\n|-fieldstart|move: Electric Terrain|[from] ability: Electric Surge|[of] p1a: Tapu Koko\n|turn|9\n|\n|t:|1700787724\n|switch|p1a: Ogerpon|Ogerpon-Wellspring, F|100\/100\n|switch|p2a: Slowking|Slowking-Galar, F|100\/100\n|\n|upkeep\n|turn|10\n|\n|t:|1700787734\n|move|p1a: Ogerpon|Swords Dance|p1a: Ogerpon\n|-boost|p1a: Ogerpon|atk|2\n|move|p2a: Slowking|Sludge Bomb|p1a: Ogerpon\n|-supereffective|p1a: Ogerpon\n|-damage|p1a: Ogerpon|27\/100\n|-status|p1a: Ogerpon|psn\n|\n|-damage|p1a: Ogerpon|14\/100 psn|[from] psn\n|upkeep\n|turn|11\n|\n|t:|1700787743\n|move|p1a: Ogerpon|Ivy Cudgel|p2a: Slowking|[anim] Ivy Cudgel Water\n|-damage|p2a: Slowking|0 fnt\n|faint|p2a: Slowking\n|\n|-damage|p1a: Ogerpon|2\/100 psn|[from] psn\n|upkeep\n|\n|t:|1700787748\n|switch|p2a: Alomomola|Alomomola, M, shiny|100\/100\n|turn|12\n|\n|t:|1700787752\n|move|p2a: Alomomola|Protect|p2a: Alomomola\n|-singleturn|p2a: Alomomola|Protect\n|move|p1a: Ogerpon|Trailblaze|p2a: Alomomola\n|-activate|p2a: Alomomola|move: Protect\n|\n|-damage|p1a: Ogerpon|0 fnt|[from] psn\n|faint|p1a: Ogerpon\n|upkeep\n|\n|t:|1700787754\n|switch|p1a: Tapu Koko|Tapu Koko|95\/100\n|turn|13\n|\n|t:|1700787759\n|-terastallize|p2a: Alomomola|Fairy\n|move|p1a: Tapu Koko|Reflect|p1a: Tapu Koko\n|-sidestart|p1: helpwhatttt|Reflect\n|move|p2a: Alomomola|Toxic|p1a: Tapu Koko\n|-status|p1a: Tapu Koko|tox\n|\n|-damage|p1a: Tapu Koko|89\/100 tox|[from] psn\n|-fieldend|move: Electric Terrain\n|upkeep\n|turn|14\n|\n|t:|1700787769\n|switch|p2a: Ferrothorn|Ferrothorn, F|100\/100\n|move|p1a: Tapu Koko|Light Screen|p1a: Tapu Koko\n|-sidestart|p1: helpwhatttt|move: Light Screen\n|\n|-damage|p1a: Tapu Koko|77\/100 tox|[from] psn\n|upkeep\n|turn|15\n|\n|t:|1700787776\n|move|p1a: Tapu Koko|Taunt|p2a: Ferrothorn\n|-start|p2a: Ferrothorn|move: Taunt\n|cant|p2a: Ferrothorn|move: Taunt|Spikes\n|\n|-damage|p1a: Tapu Koko|58\/100 tox|[from] psn\n|upkeep\n|turn|16\n|\n|t:|1700787781\n|switch|p1a: Garchomp|Garchomp, M|100\/100\n|switch|p2a: Alomomola|Alomomola, M, shiny, tera:Fairy|100\/100\n|\n|upkeep\n|turn|17\n|\n|t:|1700787786\n|move|p1a: Garchomp|Swords Dance|p1a: Garchomp\n|-boost|p1a: Garchomp|atk|2\n|move|p2a: Alomomola|Toxic|p1a: Garchomp\n|-status|p1a: Garchomp|tox\n|\n|-damage|p1a: Garchomp|94\/100 tox|[from] psn\n|-sideend|p1: helpwhatttt|Reflect\n|upkeep\n|turn|18\n|\n|t:|1700787791\n|move|p1a: Garchomp|Swords Dance|p1a: Garchomp\n|-boost|p1a: Garchomp|atk|2\n|move|p2a: Alomomola|Wish|p2a: Alomomola\n|\n|-damage|p1a: Garchomp|82\/100 tox|[from] psn\n|-sideend|p1: helpwhatttt|move: Light Screen\n|upkeep\n|turn|19\n|\n|t:|1700787795\n|detailschange|p1a: Garchomp|Garchomp-Mega, M\n|-mega|p1a: Garchomp|Garchomp|Garchompite\n|move|p1a: Garchomp|Scale Shot|p2a: Alomomola\n|-immune|p2a: Alomomola\n|move|p2a: Alomomola|Flip Turn|p1a: Garchomp\n|-damage|p1a: Garchomp|67\/100 tox\n|c|\u2606helpwhatttt|wait im an idiot\n|\n|t:|1700787803\n|switch|p2a: Lopunny|Lopunny, F, shiny|100\/100|[from] Flip Turn\n|\n|-damage|p1a: Garchomp|49\/100 tox|[from] psn\n|upkeep\n|turn|20\n|c|\u2606helpwhatttt|LMAO\n|\n|t:|1700787807\n|switch|p1a: Tapu Koko|Tapu Koko|58\/100 tox\n|-fieldstart|move: Electric Terrain|[from] ability: Electric Surge|[of] p1a: Tapu Koko\n|detailschange|p2a: Lopunny|Lopunny-Mega, F, shiny\n|-mega|p2a: Lopunny|Lopunny|Lopunnite\n|move|p2a: Lopunny|Fake Out|p1a: Tapu Koko\n|-damage|p1a: Tapu Koko|34\/100 tox\n|\n|-damage|p1a: Tapu Koko|28\/100 tox|[from] psn\n|upkeep\n|turn|21\n|\n|t:|1700787815\n|move|p2a: Lopunny|U-turn|p1a: Tapu Koko\n|-resisted|p1a: Tapu Koko\n|-damage|p1a: Tapu Koko|13\/100 tox\n|\n|t:|1700787818\n|switch|p2a: Alomomola|Alomomola, M, shiny, tera:Fairy|100\/100|[from] U-turn\n|move|p1a: Tapu Koko|Reflect|p1a: Tapu Koko\n|-sidestart|p1: helpwhatttt|Reflect\n|\n|-damage|p1a: Tapu Koko|1\/100 tox|[from] psn\n|upkeep\n|turn|22\n|\n|t:|1700787825\n|move|p1a: Tapu Koko|Light Screen|p1a: Tapu Koko\n|-sidestart|p1: helpwhatttt|move: Light Screen\n|move|p2a: Alomomola|Flip Turn|p1a: Tapu Koko\n|-damage|p1a: Tapu Koko|0 fnt\n|faint|p1a: Tapu Koko\n|\n|t:|1700787834\n|switch|p2a: Lopunny|Lopunny-Mega, F, shiny|100\/100|[from] Flip Turn\n|\n|upkeep\n|\n|t:|1700787844\n|switch|p1a: Iron Valiant|Iron Valiant|100\/100\n|-activate|p1a: Iron Valiant|ability: Quark Drive\n|-start|p1a: Iron Valiant|quarkdrivespe\n|turn|23\n|\n|t:|1700787846\n|move|p2a: Lopunny|Fake Out|p1a: Iron Valiant\n|-crit|p1a: Iron Valiant\n|-damage|p1a: Iron Valiant|55\/100\n|cant|p1a: Iron Valiant|flinch\n|\n|upkeep\n|turn|24\n|\n|t:|1700787856\n|-terastallize|p1a: Iron Valiant|Steel\n|move|p1a: Iron Valiant|Swords Dance|p1a: Iron Valiant\n|-boost|p1a: Iron Valiant|atk|2\n|move|p2a: Lopunny|Close Combat|p1a: Iron Valiant\n|-supereffective|p1a: Iron Valiant\n|-damage|p1a: Iron Valiant|0 fnt\n|-unboost|p2a: Lopunny|def|1\n|-unboost|p2a: Lopunny|spd|1\n|faint|p1a: Iron Valiant\n|-end|p1a: Iron Valiant|Quark Drive|[silent]\n|\n|-fieldend|move: Electric Terrain\n|upkeep\n|-message|helpwhatttt forfeited.\n|\n|win|sgzf\n|raw|helpwhatttt's rating: 1164 &rarr; <strong>1138<\/strong><br \/>(-26 for losing)\n|raw|sgzf's rating: 1156 &rarr; <strong>1182<\/strong><br \/>(+26 for winning)\n|l|\u2606helpwhatttt\n","uploadtime":1700787869,"views":4,"p1id":"helpwhatttt","p2id":"sgzf","formatid":"gen9nationaldex","rating":1138,"private":0,"password":""}