{"id":"gen9nationaldex-1992746683","p1":"RandoTestAccount","p2":"ImPno","format":"[Gen 9] National Dex","log":"|j|\u2606RandoTestAccount\n|j|\u2606ImPno\n|t:|1700231671\n|gametype|singles\n|player|p1|RandoTestAccount|pokemonrangerf|1299\n|player|p2|ImPno|ethan|1233\n|teamsize|p1|6\n|teamsize|p2|6\n|gen|9\n|tier|[Gen 9] National Dex\n|rated|\n|rule|HP Percentage Mod: HP is shown in percentages\n|rule|Endless Battle Clause: Forcing endless battles is banned\n|rule|OHKO Clause: OHKO moves are banned\n|rule|Evasion Clause: Evasion abilities, items, and moves are banned\n|rule|Evasion Abilities Clause: Evasion abilities are banned\n|rule|Evasion Items Clause: Evasion items are banned\n|rule|Evasion Moves Clause: Evasion moves are banned\n|rule|Species Clause: Limit one of each Pok\u00e9mon\n|rule|Sleep Clause Mod: Limit one foe put to sleep\n|clearpoke\n|poke|p1|Umbreon, F|\n|poke|p1|Excadrill, F|\n|poke|p1|Corviknight, F|\n|poke|p1|Sableye, F|\n|poke|p1|Tapu Fini|\n|poke|p1|Dragalge, F|\n|poke|p2|Xurkitree|\n|poke|p2|Dragonite, M|\n|poke|p2|Scizor, M|\n|poke|p2|Greninja-*, M|\n|poke|p2|Volcarona, F|\n|poke|p2|Hatterene, F|\n|teampreview\n|inactive|Battle timer is ON: inactive players will automatically lose when time's up. (requested by RandoTestAccount)\n|\n|t:|1700231686\n|start\n|switch|p1a: Spectre of Emerald|Sableye, F, shiny|100\/100\n|switch|p2a: Hatterene|Hatterene, F, shiny|100\/100\n|turn|1\n|\n|t:|1700231693\n|detailschange|p1a: Spectre of Emerald|Sableye-Mega, F, shiny\n|-mega|p1a: Spectre of Emerald|Sableye|Sablenite\n|move|p2a: Hatterene|Thunder Wave|p1a: Spectre of Emerald\n|move|p1a: Spectre of Emerald|Thunder Wave|p2a: Hatterene|[from]ability: Magic Bounce\n|-status|p2a: Hatterene|par\n|move|p1a: Spectre of Emerald|Recover||[still]\n|-fail|p1a: Spectre of Emerald|heal\n|\n|upkeep\n|turn|2\n|\n|t:|1700231704\n|switch|p1a: The Droplet Tear|Tapu Fini, shiny|100\/100\n|-fieldstart|move: Misty Terrain|[from] ability: Misty Surge|[of] p1a: The Droplet Tear\n|move|p2a: Hatterene|Trick Room|p2a: Hatterene\n|-fieldstart|move: Trick Room|[of] p2a: Hatterene\n|\n|upkeep\n|turn|3\n|\n|t:|1700231719\n|move|p2a: Hatterene|Thunder Wave|p1a: The Droplet Tear|[miss]\n|-miss|p2a: Hatterene|p1a: The Droplet Tear\n|move|p1a: The Droplet Tear|Substitute|p1a: The Droplet Tear\n|-start|p1a: The Droplet Tear|Substitute\n|-damage|p1a: The Droplet Tear|76\/100\n|\n|-heal|p1a: The Droplet Tear|82\/100|[from] item: Leftovers\n|upkeep\n|turn|4\n|\n|t:|1700231727\n|switch|p2a: Xurkitree|Xurkitree, shiny|100\/100\n|move|p1a: The Droplet Tear|Calm Mind|p1a: The Droplet Tear\n|-boost|p1a: The Droplet Tear|spa|1\n|-boost|p1a: The Droplet Tear|spd|1\n|\n|-heal|p1a: The Droplet Tear|88\/100|[from] item: Leftovers\n|upkeep\n|turn|5\n|\n|t:|1700231735\n|move|p1a: The Droplet Tear|Moonblast|p2a: Xurkitree\n|-damage|p2a: Xurkitree|27\/100\n|move|p2a: Xurkitree|Discharge|p1a: The Droplet Tear\n|-supereffective|p1a: The Droplet Tear\n|-end|p1a: The Droplet Tear|Substitute\n|\n|-heal|p1a: The Droplet Tear|94\/100|[from] item: Leftovers\n|-heal|p2a: Xurkitree|33\/100|[from] item: Leftovers\n|upkeep\n|turn|6\n|\n|t:|1700231740\n|move|p1a: The Droplet Tear|Moonblast|p2a: Xurkitree\n|-damage|p2a: Xurkitree|0 fnt\n|faint|p2a: Xurkitree\n|\n|-heal|p1a: The Droplet Tear|99\/100|[from] item: Leftovers\n|-fieldend|move: Trick Room\n|-fieldend|Misty Terrain\n|upkeep\n|\n|t:|1700231746\n|switch|p2a: Scizor|Scizor, M, shiny|100\/100\n|turn|7\n|\n|t:|1700231770\n|detailschange|p2a: Scizor|Scizor-Mega, M, shiny\n|-mega|p2a: Scizor|Scizor|Scizorite\n|move|p1a: The Droplet Tear|Substitute|p1a: The Droplet Tear\n|-start|p1a: The Droplet Tear|Substitute\n|-damage|p1a: The Droplet Tear|75\/100\n|move|p2a: Scizor|Swords Dance|p2a: Scizor\n|-boost|p2a: Scizor|atk|2\n|\n|-heal|p1a: The Droplet Tear|81\/100|[from] item: Leftovers\n|upkeep\n|turn|8\n|\n|t:|1700231779\n|move|p2a: Scizor|Bullet Punch|p1a: The Droplet Tear\n|-end|p1a: The Droplet Tear|Substitute\n|move|p1a: The Droplet Tear|Scald|p2a: Scizor\n|-damage|p2a: Scizor|60\/100\n|\n|-heal|p1a: The Droplet Tear|87\/100|[from] item: Leftovers\n|upkeep\n|turn|9\n|\n|t:|1700231783\n|switch|p1a: Ephialtes Keeper|Corviknight, F, shiny|100\/100\n|-ability|p1a: Ephialtes Keeper|Pressure\n|move|p2a: Scizor|Bullet Punch|p1a: Ephialtes Keeper\n|-resisted|p1a: Ephialtes Keeper\n|-damage|p1a: Ephialtes Keeper|73\/100\n|-damage|p2a: Scizor|43\/100|[from] item: Rocky Helmet|[of] p1a: Ephialtes Keeper\n|\n|upkeep\n|turn|10\n|\n|t:|1700231788\n|move|p2a: Scizor|Quick Attack|p1a: Ephialtes Keeper\n|-resisted|p1a: Ephialtes Keeper\n|-damage|p1a: Ephialtes Keeper|55\/100\n|-damage|p2a: Scizor|27\/100|[from] item: Rocky Helmet|[of] p1a: Ephialtes Keeper\n|move|p1a: Ephialtes Keeper|U-turn|p2a: Scizor\n|-resisted|p2a: Scizor\n|-damage|p2a: Scizor|21\/100\n|\n|t:|1700231796\n|switch|p1a: Agony Steelheart|Dragalge, F, shiny|100\/100|[from] U-turn\n|\n|upkeep\n|turn|11\n|\n|t:|1700231801\n|move|p2a: Scizor|Bullet Punch|p1a: Agony Steelheart\n|-damage|p1a: Agony Steelheart|21\/100\n|move|p1a: Agony Steelheart|Hidden Power|p2a: Scizor\n|-supereffective|p2a: Scizor\n|-damage|p2a: Scizor|0 fnt\n|faint|p2a: Scizor\n|\n|-heal|p1a: Agony Steelheart|27\/100|[from] item: Black Sludge\n|upkeep\n|\n|t:|1700231806\n|switch|p2a: Dragonite|Dragonite, M, shiny|100\/100\n|turn|12\n|\n|t:|1700231819\n|-terastallize|p2a: Dragonite|Fairy\n|move|p2a: Dragonite|Dragon Dance|p2a: Dragonite\n|-boost|p2a: Dragonite|atk|1\n|-boost|p2a: Dragonite|spe|1\n|move|p1a: Agony Steelheart|Toxic|p2a: Dragonite\n|-status|p2a: Dragonite|tox\n|\n|-heal|p1a: Agony Steelheart|33\/100|[from] item: Black Sludge\n|-damage|p2a: Dragonite|94\/100 tox|[from] psn\n|upkeep\n|turn|13\n|\n|t:|1700231825\n|move|p2a: Dragonite|Dragon Dance|p2a: Dragonite\n|-boost|p2a: Dragonite|atk|1\n|-boost|p2a: Dragonite|spe|1\n|move|p1a: Agony Steelheart|Acid Spray|p2a: Dragonite\n|-supereffective|p2a: Dragonite\n|-crit|p2a: Dragonite\n|-damage|p2a: Dragonite|39\/100 tox\n|-unboost|p2a: Dragonite|spd|2\n|\n|-heal|p1a: Agony Steelheart|39\/100|[from] item: Black Sludge\n|-damage|p2a: Dragonite|26\/100 tox|[from] psn\n|upkeep\n|turn|14\n|\n|t:|1700231844\n|switch|p1a: Ephialtes Keeper|Corviknight, F, shiny|55\/100\n|-ability|p1a: Ephialtes Keeper|Pressure\n|move|p2a: Dragonite|Scale Shot|p1a: Ephialtes Keeper\n|-resisted|p1a: Ephialtes Keeper\n|-damage|p1a: Ephialtes Keeper|45\/100\n|-resisted|p1a: Ephialtes Keeper\n|-damage|p1a: Ephialtes Keeper|35\/100\n|-resisted|p1a: Ephialtes Keeper\n|-damage|p1a: Ephialtes Keeper|25\/100\n|-resisted|p1a: Ephialtes Keeper\n|-damage|p1a: Ephialtes Keeper|15\/100\n|-resisted|p1a: Ephialtes Keeper\n|-damage|p1a: Ephialtes Keeper|5\/100\n|-hitcount|p1a: Ephialtes Keeper|5\n|-unboost|p2a: Dragonite|def|1\n|-boost|p2a: Dragonite|spe|1\n|\n|-damage|p2a: Dragonite|8\/100 tox|[from] psn\n|upkeep\n|turn|15\n|\n|t:|1700231854\n|switch|p1a: The Droplet Tear|Tapu Fini, shiny|87\/100\n|-fieldstart|move: Misty Terrain|[from] ability: Misty Surge|[of] p1a: The Droplet Tear\n|move|p2a: Dragonite|Extreme Speed|p1a: The Droplet Tear\n|-damage|p1a: The Droplet Tear|46\/100\n|\n|-heal|p1a: The Droplet Tear|52\/100|[from] item: Leftovers\n|-damage|p2a: Dragonite|0 fnt|[from] psn\n|faint|p2a: Dragonite\n|upkeep\n|\n|t:|1700231863\n|switch|p2a: Hatterene|Hatterene, F, shiny|100\/100 par\n|turn|16\n|inactive|RandoTestAccount has 120 seconds left.\n|\n|t:|1700231897\n|move|p1a: The Droplet Tear|Substitute|p1a: The Droplet Tear\n|-start|p1a: The Droplet Tear|Substitute\n|-damage|p1a: The Droplet Tear|27\/100\n|move|p2a: Hatterene|Thunder Wave||[still]\n|-fail|p2a: Hatterene\n|\n|-heal|p1a: The Droplet Tear|33\/100|[from] item: Leftovers\n|upkeep\n|turn|17\n|\n|t:|1700231901\n|move|p1a: The Droplet Tear|Calm Mind|p1a: The Droplet Tear\n|-boost|p1a: The Droplet Tear|spa|1\n|-boost|p1a: The Droplet Tear|spd|1\n|move|p2a: Hatterene|Dazzling Gleam|p1a: The Droplet Tear\n|-activate|p1a: The Droplet Tear|move: Substitute|[damage]\n|\n|-heal|p1a: The Droplet Tear|39\/100|[from] item: Leftovers\n|upkeep\n|turn|18\n|\n|t:|1700231911\n|move|p1a: The Droplet Tear|Calm Mind|p1a: The Droplet Tear\n|-boost|p1a: The Droplet Tear|spa|1\n|-boost|p1a: The Droplet Tear|spd|1\n|move|p2a: Hatterene|Dazzling Gleam|p1a: The Droplet Tear\n|-crit|p1a: The Droplet Tear\n|-end|p1a: The Droplet Tear|Substitute\n|\n|-heal|p1a: The Droplet Tear|45\/100|[from] item: Leftovers\n|upkeep\n|turn|19\n|\n|t:|1700231917\n|switch|p2a: Volcarona|Volcarona, F, shiny|100\/100\n|move|p1a: The Droplet Tear|Substitute|p1a: The Droplet Tear\n|-start|p1a: The Droplet Tear|Substitute\n|-damage|p1a: The Droplet Tear|20\/100\n|\n|-heal|p1a: The Droplet Tear|26\/100|[from] item: Leftovers\n|-fieldend|Misty Terrain\n|upkeep\n|turn|20\n|\n|t:|1700231923\n|move|p2a: Volcarona|Giga Drain|p1a: The Droplet Tear\n|-supereffective|p1a: The Droplet Tear\n|-activate|p1a: The Droplet Tear|move: Substitute|[damage]\n|move|p1a: The Droplet Tear|Scald|p2a: Volcarona\n|-supereffective|p2a: Volcarona\n|-damage|p2a: Volcarona|0 fnt\n|faint|p2a: Volcarona\n|\n|-heal|p1a: The Droplet Tear|32\/100|[from] item: Leftovers\n|upkeep\n|-message|ImPno forfeited.\n|\n|win|RandoTestAccount\n|raw|RandoTestAccount's rating: 1324 &rarr; <strong>1339<\/strong><br \/>(+15 for winning)\n|raw|ImPno's rating: 1233 &rarr; <strong>1214<\/strong><br \/>(-19 for losing)\n|l|\u2606ImPno\n","uploadtime":1700231934,"views":5,"p1id":"randotestaccount","p2id":"impno","formatid":"gen9nationaldex","rating":1214,"private":0,"password":""}