{"id":"gen9nationaldex-1993316820","p1":"ldsadsadcsf","p2":"shiftygatito","format":"[Gen 9] National Dex","log":"|j|\u2606ldsadsadcsf\n|j|\u2606shiftygatito\n|t:|1700296889\n|gametype|singles\n|player|p1|ldsadsadcsf|unknown|1438\n|player|p2|shiftygatito|hugh|1463\n|teamsize|p1|6\n|teamsize|p2|6\n|gen|9\n|tier|[Gen 9] National Dex\n|rated|\n|rule|HP Percentage Mod: HP is shown in percentages\n|rule|Endless Battle Clause: Forcing endless battles is banned\n|rule|OHKO Clause: OHKO moves are banned\n|rule|Evasion Clause: Evasion abilities, items, and moves are banned\n|rule|Evasion Abilities Clause: Evasion abilities are banned\n|rule|Evasion Items Clause: Evasion items are banned\n|rule|Evasion Moves Clause: Evasion moves are banned\n|rule|Species Clause: Limit one of each Pok\u00e9mon\n|rule|Sleep Clause Mod: Limit one foe put to sleep\n|clearpoke\n|poke|p1|Weavile, M|\n|poke|p1|Kartana|\n|poke|p1|Landorus-Therian, M|\n|poke|p1|Ursaluna, M|\n|poke|p1|Volcanion|\n|poke|p1|Zapdos|\n|poke|p2|Tapu Koko|\n|poke|p2|Iron Valiant|\n|poke|p2|Iron Moth|\n|poke|p2|Scizor, M|\n|poke|p2|Gliscor, F|\n|poke|p2|Hawlucha, M|\n|teampreview\n|inactive|Battle timer is ON: inactive players will automatically lose when time's up. (requested by shiftygatito)\n|inactive|ldsadsadcsf also wants the timer to be on.\n|c|\u2606shiftygatito|glhf\n|\n|t:|1700296901\n|start\n|switch|p1a: \u88f4\u64d2\u864e|Landorus-Therian, M, shiny|100\/100\n|switch|p2a: Gliscor|Gliscor, F|100\/100\n|-ability|p1a: \u88f4\u64d2\u864e|Intimidate|boost\n|-unboost|p2a: Gliscor|atk|1\n|turn|1\n|\n|t:|1700296909\n|switch|p1a: \u674e\u767d|Kartana, shiny|100\/100\n|move|p2a: Gliscor|Toxic|p1a: \u674e\u767d\n|-immune|p1a: \u674e\u767d\n|\n|-status|p2a: Gliscor|tox|[from] item: Toxic Orb\n|upkeep\n|turn|2\n|\n|t:|1700296922\n|move|p1a: \u674e\u767d|Knock Off|p2a: Gliscor\n|-crit|p2a: Gliscor\n|-damage|p2a: Gliscor|50\/100 tox\n|-enditem|p2a: Gliscor|Toxic Orb|[from] move: Knock Off|[of] p1a: \u674e\u767d\n|move|p2a: Gliscor|U-turn|p1a: \u674e\u767d\n|-damage|p1a: \u674e\u767d|89\/100\n|\n|t:|1700296928\n|switch|p2a: Iron Moth|Iron Moth|100\/100|[from] U-turn\n|\n|upkeep\n|turn|3\n|\n|t:|1700296945\n|switch|p1a: \u674e\u4fe1|Volcanion|100\/100\n|move|p2a: Iron Moth|Fiery Dance|p1a: \u674e\u4fe1\n|-resisted|p1a: \u674e\u4fe1\n|-damage|p1a: \u674e\u4fe1|91\/100\n|-boost|p2a: Iron Moth|spa|1\n|\n|upkeep\n|turn|4\n|\n|t:|1700296956\n|switch|p1a: \u88f4\u64d2\u864e|Landorus-Therian, M, shiny|100\/100\n|-ability|p1a: \u88f4\u64d2\u864e|Intimidate|boost\n|-unboost|p2a: Iron Moth|atk|1\n|-terastallize|p2a: Iron Moth|Ground\n|move|p2a: Iron Moth|Tera Blast|p1a: \u88f4\u64d2\u864e|[anim] Tera Blast Ground\n|-immune|p1a: \u88f4\u64d2\u864e\n|\n|upkeep\n|turn|5\n|\n|t:|1700296976\n|move|p2a: Iron Moth|Fiery Dance|p1a: \u88f4\u64d2\u864e\n|-damage|p1a: \u88f4\u64d2\u864e|59\/100\n|-boost|p2a: Iron Moth|spa|1\n|move|p1a: \u88f4\u64d2\u864e|U-turn|p2a: Iron Moth\n|-damage|p2a: Iron Moth|66\/100\n|\n|t:|1700296980\n|switch|p1a: \u97e9\u4fe1|Weavile, M, shiny|100\/100|[from] U-turn\n|-ability|p1a: \u97e9\u4fe1|Pressure\n|\n|upkeep\n|turn|6\n|\n|t:|1700296986\n|-end|p2a: Iron Moth|Quark Drive|[silent]\n|switch|p2a: Scizor|Scizor, M|100\/100\n|move|p1a: \u97e9\u4fe1|Triple Axel|p2a: Scizor\n|-resisted|p2a: Scizor\n|-damage|p2a: Scizor|93\/100\n|-resisted|p2a: Scizor\n|-damage|p2a: Scizor|78\/100\n|-resisted|p2a: Scizor\n|-damage|p2a: Scizor|57\/100\n|-hitcount|p2a: Scizor|3\n|\n|upkeep\n|turn|7\n|\n|t:|1700296996\n|switch|p1a: \u88f4\u64d2\u864e|Landorus-Therian, M, shiny|59\/100\n|-ability|p1a: \u88f4\u64d2\u864e|Intimidate|boost\n|-unboost|p2a: Scizor|atk|1\n|switch|p2a: Tapu Koko|Tapu Koko|100\/100\n|-fieldstart|move: Electric Terrain|[from] ability: Electric Surge|[of] p2a: Tapu Koko\n|\n|-heal|p1a: \u88f4\u64d2\u864e|65\/100|[from] item: Leftovers\n|upkeep\n|turn|8\n|\n|t:|1700297007\n|move|p2a: Tapu Koko|Hidden Power|p1a: \u88f4\u64d2\u864e\n|-supereffective|p1a: \u88f4\u64d2\u864e\n|-damage|p1a: \u88f4\u64d2\u864e|16\/100\n|move|p1a: \u88f4\u64d2\u864e|Earthquake|p2a: Tapu Koko\n|-supereffective|p2a: Tapu Koko\n|-damage|p2a: Tapu Koko|0 fnt\n|faint|p2a: Tapu Koko\n|\n|-heal|p1a: \u88f4\u64d2\u864e|22\/100|[from] item: Leftovers\n|upkeep\n|\n|t:|1700297013\n|switch|p2a: Iron Moth|Iron Moth, tera:Ground|66\/100\n|-activate|p2a: Iron Moth|ability: Quark Drive\n|-start|p2a: Iron Moth|quarkdrivespe\n|turn|9\n|\n|t:|1700297031\n|move|p2a: Iron Moth|Fiery Dance|p1a: \u88f4\u64d2\u864e\n|-damage|p1a: \u88f4\u64d2\u864e|0 fnt\n|faint|p1a: \u88f4\u64d2\u864e\n|\n|upkeep\n|\n|t:|1700297036\n|switch|p1a: \u674e\u4fe1|Volcanion|91\/100\n|turn|10\n|\n|t:|1700297042\n|move|p2a: Iron Moth|Tera Blast|p1a: \u674e\u4fe1|[anim] Tera Blast Ground\n|-supereffective|p1a: \u674e\u4fe1\n|-damage|p1a: \u674e\u4fe1|8\/100\n|move|p1a: \u674e\u4fe1|Steam Eruption|p2a: Iron Moth\n|-supereffective|p2a: Iron Moth\n|-damage|p2a: Iron Moth|0 fnt\n|faint|p2a: Iron Moth\n|-end|p2a: Iron Moth|Quark Drive|[silent]\n|\n|upkeep\n|\n|t:|1700297055\n|switch|p2a: Hawlucha|Hawlucha, M|100\/100\n|-enditem|p2a: Hawlucha|Electric Seed\n|-boost|p2a: Hawlucha|def|1|[from] item: Electric Seed\n|turn|11\n|\n|t:|1700297066\n|move|p2a: Hawlucha|Acrobatics|p1a: \u674e\u4fe1\n|-damage|p1a: \u674e\u4fe1|0 fnt\n|faint|p1a: \u674e\u4fe1\n|\n|upkeep\n|\n|t:|1700297068\n|switch|p1a: \u53f8\u7a7a\u9707|Zapdos, shiny|100\/100\n|turn|12\n|\n|t:|1700297075\n|switch|p2a: Gliscor|Gliscor, F|50\/100 tox\n|move|p1a: \u53f8\u7a7a\u9707|Hurricane|p2a: Gliscor\n|-damage|p2a: Gliscor|10\/100 tox\n|\n|-heal|p2a: Gliscor|22\/100 tox|[from] ability: Poison Heal\n|upkeep\n|turn|13\n|\n|t:|1700297081\n|move|p1a: \u53f8\u7a7a\u9707|Hurricane|p2a: Gliscor|[miss]\n|-miss|p1a: \u53f8\u7a7a\u9707|p2a: Gliscor\n|move|p2a: Gliscor|U-turn|p1a: \u53f8\u7a7a\u9707\n|-resisted|p1a: \u53f8\u7a7a\u9707\n|-damage|p1a: \u53f8\u7a7a\u9707|95\/100\n|\n|t:|1700297084\n|switch|p2a: Iron Valiant|Iron Valiant|100\/100|[from] U-turn\n|-activate|p2a: Iron Valiant|ability: Quark Drive\n|-start|p2a: Iron Valiant|quarkdrivespe\n|\n|upkeep\n|turn|14\n|\n|t:|1700297100\n|move|p2a: Iron Valiant|Moonblast|p1a: \u53f8\u7a7a\u9707\n|-damage|p1a: \u53f8\u7a7a\u9707|30\/100\n|-damage|p2a: Iron Valiant|91\/100|[from] item: Life Orb\n|move|p1a: \u53f8\u7a7a\u9707|Hurricane|p2a: Iron Valiant\n|-supereffective|p2a: Iron Valiant\n|-damage|p2a: Iron Valiant|0 fnt\n|faint|p2a: Iron Valiant\n|-end|p2a: Iron Valiant|Quark Drive|[silent]\n|\n|-fieldend|move: Electric Terrain\n|upkeep\n|\n|t:|1700297104\n|switch|p2a: Scizor|Scizor, M|57\/100\n|turn|15\n|\n|t:|1700297116\n|detailschange|p2a: Scizor|Scizor-Mega, M\n|-mega|p2a: Scizor|Scizor|Scizorite\n|move|p1a: \u53f8\u7a7a\u9707|Roost|p1a: \u53f8\u7a7a\u9707\n|-heal|p1a: \u53f8\u7a7a\u9707|80\/100\n|-singleturn|p1a: \u53f8\u7a7a\u9707|move: Roost\n|move|p2a: Scizor|Swords Dance|p2a: Scizor\n|-boost|p2a: Scizor|atk|2\n|\n|upkeep\n|turn|16\n|\n|t:|1700297120\n|move|p1a: \u53f8\u7a7a\u9707|Hurricane|p2a: Scizor\n|-damage|p2a: Scizor|1\/100\n|move|p2a: Scizor|Trailblaze|p1a: \u53f8\u7a7a\u9707\n|-resisted|p1a: \u53f8\u7a7a\u9707\n|-damage|p1a: \u53f8\u7a7a\u9707|60\/100\n|-boost|p2a: Scizor|spe|1\n|\n|upkeep\n|turn|17\n|\n|t:|1700297132\n|switch|p1a: \u674e\u767d|Kartana, shiny|89\/100\n|move|p2a: Scizor|Close Combat|p1a: \u674e\u767d\n|-supereffective|p1a: \u674e\u767d\n|-damage|p1a: \u674e\u767d|0 fnt\n|-unboost|p2a: Scizor|def|1\n|-unboost|p2a: Scizor|spd|1\n|faint|p1a: \u674e\u767d\n|\n|upkeep\n|\n|t:|1700297151\n|switch|p1a: \u82cf\u70c8|Ursaluna, M, shiny|100\/100\n|turn|18\n|\n|t:|1700297159\n|-terastallize|p1a: \u82cf\u70c8|Grass\n|move|p2a: Scizor|Close Combat|p1a: \u82cf\u70c8\n|-damage|p1a: \u82cf\u70c8|35\/100\n|-unboost|p2a: Scizor|def|1\n|-unboost|p2a: Scizor|spd|1\n|move|p1a: \u82cf\u70c8|Facade|p2a: Scizor\n|-resisted|p2a: Scizor\n|-damage|p2a: Scizor|0 fnt\n|faint|p2a: Scizor\n|\n|-status|p1a: \u82cf\u70c8|brn|[from] item: Flame Orb\n|upkeep\n|\n|t:|1700297166\n|switch|p2a: Hawlucha|Hawlucha, M|100\/100\n|turn|19\n|\n|t:|1700297169\n|move|p2a: Hawlucha|Acrobatics|p1a: \u82cf\u70c8\n|-supereffective|p1a: \u82cf\u70c8\n|-damage|p1a: \u82cf\u70c8|0 fnt\n|faint|p1a: \u82cf\u70c8\n|\n|upkeep\n|\n|t:|1700297175\n|switch|p1a: \u97e9\u4fe1|Weavile, M, shiny|100\/100\n|-ability|p1a: \u97e9\u4fe1|Pressure\n|turn|20\n|\n|t:|1700297185\n|move|p1a: \u97e9\u4fe1|Triple Axel|p2a: Hawlucha\n|-supereffective|p2a: Hawlucha\n|-damage|p2a: Hawlucha|61\/100\n|-supereffective|p2a: Hawlucha\n|-damage|p2a: Hawlucha|0 fnt\n|faint|p2a: Hawlucha\n|-hitcount|p2: Hawlucha|2\n|\n|upkeep\n|\n|t:|1700297187\n|switch|p2a: Gliscor|Gliscor, F|22\/100 tox\n|turn|21\n|\n|t:|1700297189\n|move|p1a: \u97e9\u4fe1|Triple Axel|p2a: Gliscor\n|-supereffective|p2a: Gliscor\n|-damage|p2a: Gliscor|0 fnt\n|faint|p2a: Gliscor\n|-hitcount|p2: Gliscor|1\n|\n|win|ldsadsadcsf\n|raw|ldsadsadcsf's rating: 1438 &rarr; <strong>1459<\/strong><br \/>(+21 for winning)\n|raw|shiftygatito's rating: 1463 &rarr; <strong>1442<\/strong><br \/>(-21 for losing)\n","uploadtime":1700297194,"views":12,"p1id":"ldsadsadcsf","p2id":"shiftygatito","formatid":"gen9nationaldex","rating":1442,"private":0,"password":""}