{"id":"gen9nationaldex-1993429318","p1":"ghyaljy","p2":"Alexander90281","format":"[Gen 9] National Dex","log":"|j|\u2606ghyaljy\n|j|\u2606Alexander90281\n|t:|1700316771\n|gametype|singles\n|player|p1|ghyaljy|archer|1656\n|player|p2|Alexander90281|tateandliza-gen6|1854\n|teamsize|p1|6\n|teamsize|p2|6\n|gen|9\n|tier|[Gen 9] National Dex\n|rated|\n|rule|HP Percentage Mod: HP is shown in percentages\n|rule|Endless Battle Clause: Forcing endless battles is banned\n|rule|OHKO Clause: OHKO moves are banned\n|rule|Evasion Clause: Evasion abilities, items, and moves are banned\n|rule|Evasion Abilities Clause: Evasion abilities are banned\n|rule|Evasion Items Clause: Evasion items are banned\n|rule|Evasion Moves Clause: Evasion moves are banned\n|rule|Species Clause: Limit one of each Pok\u00e9mon\n|rule|Sleep Clause Mod: Limit one foe put to sleep\n|clearpoke\n|poke|p1|Landorus-Therian, M|\n|poke|p1|Hoopa-Unbound|\n|poke|p1|Medicham, F|\n|poke|p1|Urshifu-*, F|\n|poke|p1|Dondozo, F|\n|poke|p1|Zapdos|\n|poke|p2|Mimikyu, F|\n|poke|p2|Hatterene, F|\n|poke|p2|Victini|\n|poke|p2|Ogerpon-Wellspring, F|\n|poke|p2|Mawile, F|\n|poke|p2|Celesteela|\n|teampreview\n|\n|t:|1700316787\n|start\n|switch|p1a: Urshifu|Urshifu-Rapid-Strike, F|100\/100\n|switch|p2a: Victini|Victini|100\/100\n|turn|1\n|inactive|Battle timer is ON: inactive players will automatically lose when time's up. (requested by ghyaljy)\n|j| InactI\n|inactive|Alexander90281 has 120 seconds left.\n|\n|t:|1700316861\n|switch|p1a: Landorus|Landorus-Therian, M|100\/100\n|-ability|p1a: Landorus|Intimidate|boost\n|-unboost|p2a: Victini|atk|1\n|move|p2a: Victini|Final Gambit|p1a: Landorus\n|-damage|p1a: Landorus|0 fnt\n|faint|p2a: Victini\n|faint|p1a: Landorus\n|\n|upkeep\n|\n|t:|1700316877\n|switch|p2a: Mawile|Mawile, F|100\/100\n|switch|p1a: Urshifu|Urshifu-Rapid-Strike, F|100\/100\n|-ability|p2a: Mawile|Intimidate|boost\n|-unboost|p1a: Urshifu|atk|1\n|turn|2\n|\n|t:|1700316880\n|detailschange|p2a: Mawile|Mawile-Mega, F\n|-mega|p2a: Mawile|Mawile|Mawilite\n|move|p1a: Urshifu|U-turn|p2a: Mawile\n|-resisted|p2a: Mawile\n|-damage|p2a: Mawile|97\/100\n|\n|t:|1700316884\n|switch|p1a: Dondozo|Dondozo, F|100\/100|[from] U-turn\n|move|p2a: Mawile|Play Rough|p1a: Dondozo\n|-damage|p1a: Dondozo|55\/100\n|\n|upkeep\n|turn|3\n|\n|t:|1700316890\n|switch|p2a: Hatterene|Hatterene, F|100\/100\n|move|p1a: Dondozo|Wave Crash|p2a: Hatterene\n|-damage|p2a: Hatterene|54\/100\n|-damage|p1a: Dondozo|45\/100|[from] Recoil\n|\n|upkeep\n|turn|4\n|\n|t:|1700316895\n|move|p1a: Dondozo|Rest|p1a: Dondozo\n|-status|p1a: Dondozo|slp|[from] move: Rest\n|-heal|p1a: Dondozo|100\/100 slp|[silent]\n|move|p2a: Hatterene|Trick Room|p2a: Hatterene\n|-fieldstart|move: Trick Room|[of] p2a: Hatterene\n|\n|upkeep\n|turn|5\n|\n|t:|1700316898\n|move|p2a: Hatterene|Psychic|p1a: Dondozo\n|-damage|p1a: Dondozo|62\/100 slp\n|cant|p1a: Dondozo|slp\n|move|p1a: Dondozo|Sleep Talk|p1a: Dondozo\n|move|p1a: Dondozo|Rest||[from]move: Sleep Talk|[still]\n|-fail|p1a: Dondozo\n|\n|upkeep\n|turn|6\n|\n|t:|1700316906\n|switch|p1a: Hoopa|Hoopa-Unbound|100\/100\n|move|p2a: Hatterene|Healing Wish|p2a: Hatterene\n|faint|p2a: Hatterene\n|\n|upkeep\n|\n|t:|1700316909\n|switch|p2a: Celesteela|Celesteela|100\/100\n|turn|7\n|\n|t:|1700316913\n|-terastallize|p2a: Celesteela|Rock\n|move|p2a: Celesteela|Meteor Beam||[still]\n|-prepare|p2a: Celesteela|Meteor Beam\n|-boost|p2a: Celesteela|spa|1\n|-enditem|p2a: Celesteela|Power Herb\n|-anim|p2a: Celesteela|Meteor Beam|p1a: Hoopa\n|-damage|p1a: Hoopa|16\/100\n|move|p1a: Hoopa|Dark Pulse|p2a: Celesteela\n|-damage|p2a: Celesteela|23\/100\n|\n|upkeep\n|turn|8\n|\n|t:|1700316927\n|move|p2a: Celesteela|Flash Cannon|p1a: Hoopa\n|-damage|p1a: Hoopa|0 fnt\n|faint|p1a: Hoopa\n|-ability|p2a: Celesteela|Beast Boost|boost\n|-boost|p2a: Celesteela|spa|1\n|\n|-fieldend|move: Trick Room\n|upkeep\n|\n|t:|1700316933\n|switch|p1a: Medicham|Medicham, F|100\/100\n|turn|9\n|\n|t:|1700316937\n|switch|p2a: Mimikyu|Mimikyu, F|100\/100\n|detailschange|p1a: Medicham|Medicham-Mega, F\n|-mega|p1a: Medicham|Medicham|Medichamite\n|move|p1a: Medicham|Bullet Punch|p2a: Mimikyu\n|-activate|p2a: Mimikyu|ability: Disguise\n|-damage|p2a: Mimikyu|100\/100\n|detailschange|p2a: Mimikyu|Mimikyu-Busted, F\n|-damage|p2a: Mimikyu|88\/100|[from] pokemon: Mimikyu-Busted\n|\n|upkeep\n|turn|10\n|\n|t:|1700316940\n|move|p1a: Medicham|Bullet Punch|p2a: Mimikyu\n|-supereffective|p2a: Mimikyu\n|-damage|p2a: Mimikyu|41\/100\n|-enditem|p2a: Mimikyu|Sitrus Berry|[eat]\n|-heal|p2a: Mimikyu|66\/100|[from] item: Sitrus Berry\n|move|p2a: Mimikyu|Trick Room|p2a: Mimikyu\n|-fieldstart|move: Trick Room|[of] p2a: Mimikyu\n|\n|upkeep\n|turn|11\n|\n|t:|1700316946\n|switch|p1a: Zapdos|Zapdos|100\/100\n|move|p2a: Mimikyu|Curse|p1a: Zapdos\n|-start|p1a: Zapdos|Curse|[of] p2a: Mimikyu\n|-damage|p2a: Mimikyu|16\/100\n|\n|-damage|p1a: Zapdos|75\/100|[from] Curse\n|upkeep\n|turn|12\n|\n|t:|1700316951\n|move|p2a: Mimikyu|Will-O-Wisp|p1a: Zapdos\n|-status|p1a: Zapdos|brn\n|move|p1a: Zapdos|Volt Switch|p2a: Mimikyu\n|-damage|p2a: Mimikyu|0 fnt\n|faint|p2a: Mimikyu\n|\n|t:|1700316956\n|switch|p1a: Medicham|Medicham-Mega, F|100\/100|[from] Volt Switch\n|\n|upkeep\n|\n|t:|1700316960\n|switch|p2a: Mawile|Mawile-Mega, F|97\/100\n|-heal|p2a: Mawile|100\/100|[from] move: Healing Wish\n|turn|13\n|\n|t:|1700316967\n|switch|p1a: Dondozo|Dondozo, F|62\/100 slp\n|move|p2a: Mawile|Play Rough|p1a: Dondozo\n|-damage|p1a: Dondozo|10\/100 slp\n|\n|upkeep\n|turn|14\n|\n|t:|1700316971\n|move|p2a: Mawile|Play Rough|p1a: Dondozo\n|-damage|p1a: Dondozo|0 fnt\n|faint|p1a: Dondozo\n|\n|-fieldend|move: Trick Room\n|upkeep\n|\n|t:|1700316973\n|switch|p1a: Medicham|Medicham-Mega, F|100\/100\n|turn|15\n|\n|t:|1700316976\n|move|p1a: Medicham|Close Combat|p2a: Mawile\n|-damage|p2a: Mawile|3\/100\n|-unboost|p1a: Medicham|def|1\n|-unboost|p1a: Medicham|spd|1\n|move|p2a: Mawile|Play Rough|p1a: Medicham\n|-supereffective|p1a: Medicham\n|-damage|p1a: Medicham|0 fnt\n|faint|p1a: Medicham\n|\n|upkeep\n|\n|t:|1700316981\n|switch|p1a: Urshifu|Urshifu-Rapid-Strike, F|100\/100\n|turn|16\n|\n|t:|1700316986\n|move|p2a: Mawile|Sucker Punch|p1a: Urshifu\n|-resisted|p1a: Urshifu\n|-damage|p1a: Urshifu|78\/100\n|move|p1a: Urshifu|U-turn|p2a: Mawile\n|-resisted|p2a: Mawile\n|-damage|p2a: Mawile|0 fnt\n|faint|p2a: Mawile\n|\n|t:|1700316988\n|switch|p1a: Zapdos|Zapdos|75\/100 brn|[from] U-turn\n|\n|-damage|p1a: Zapdos|69\/100 brn|[from] brn\n|upkeep\n|\n|t:|1700316998\n|switch|p2a: Ogerpon|Ogerpon-Wellspring, F|100\/100\n|turn|17\n|\n|t:|1700317003\n|-terastallize|p1a: Zapdos|Water\n|move|p2a: Ogerpon|Ivy Cudgel|p1a: Zapdos|[anim] Ivy Cudgel Water\n|-resisted|p1a: Zapdos\n|-damage|p1a: Zapdos|50\/100 brn\n|move|p1a: Zapdos|Hurricane|p2a: Ogerpon\n|-supereffective|p2a: Ogerpon\n|-damage|p2a: Ogerpon|0 fnt\n|faint|p2a: Ogerpon\n|\n|-damage|p1a: Zapdos|43\/100 brn|[from] brn\n|upkeep\n|\n|t:|1700317008\n|switch|p2a: Celesteela|Celesteela, tera:Rock|23\/100\n|turn|18\n|\n|t:|1700317012\n|move|p1a: Zapdos|Volt Switch|p2a: Celesteela\n|-damage|p2a: Celesteela|0 fnt\n|faint|p2a: Celesteela\n|\n|win|ghyaljy\n|raw|ghyaljy's rating: 1656 &rarr; <strong>1686<\/strong><br \/>(+30 for winning)\n|raw|Alexander90281's rating: 1854 &rarr; <strong>1824<\/strong><br \/>(-30 for losing)\n|l|\u2606Alexander90281\n|c|\u2606ghyaljy|gg\n","uploadtime":1700317027,"views":14,"p1id":"ghyaljy","p2id":"alexander90281","formatid":"gen9nationaldex","rating":1686,"private":0,"password":""}