{"id":"gen9nationaldex-1996291558","p1":"schoolboy333","p2":"UsernameP0G","format":"[Gen 9] National Dex","log":"|html|<div class=\"broadcast-blue\"><strong>[Gen 9] National Dex is currently suspecting Sneasler! For information on how to participate check out the <a href=\"https:\/\/www.smogon.com\/forums\/threads\/sv-national-dex-suspect-8-just-dance.3731534\/\">suspect thread<\/a>.<\/strong><\/div>\n|j|\u2606schoolboy333\n|j|\u2606UsernameP0G\n|t:|1700668123\n|gametype|singles\n|player|p1|schoolboy333|byron|1244\n|player|p2|UsernameP0G|169|1256\n|teamsize|p1|6\n|teamsize|p2|6\n|gen|9\n|tier|[Gen 9] National Dex\n|rated|\n|rule|HP Percentage Mod: HP is shown in percentages\n|rule|Endless Battle Clause: Forcing endless battles is banned\n|rule|OHKO Clause: OHKO moves are banned\n|rule|Evasion Clause: Evasion abilities, items, and moves are banned\n|rule|Evasion Abilities Clause: Evasion abilities are banned\n|rule|Evasion Items Clause: Evasion items are banned\n|rule|Evasion Moves Clause: Evasion moves are banned\n|rule|Species Clause: Limit one of each Pok\u00e9mon\n|rule|Sleep Clause Mod: Limit one foe put to sleep\n|clearpoke\n|poke|p1|Dragonite, M|\n|poke|p1|Hatterene, F|\n|poke|p1|Keldeo|\n|poke|p1|Ogerpon-Cornerstone, F|\n|poke|p1|Bisharp, F|\n|poke|p1|Skeledirge, M|\n|poke|p2|Zoroark-Hisui, M|\n|poke|p2|Beedrill, M|\n|poke|p2|Revavroom, M|\n|poke|p2|Dhelmise|\n|poke|p2|Blastoise, M|\n|poke|p2|Dragalge, F|\n|teampreview\n|\n|t:|1700668142\n|start\n|switch|p1a: Hatterene|Hatterene, F|100\/100\n|switch|p2a: Dhelmise|Dhelmise|100\/100\n|turn|1\n|\n|t:|1700668159\n|move|p2a: Dhelmise|Nasty Plot|p2a: Dhelmise\n|-boost|p2a: Dhelmise|spa|2\n|move|p1a: Hatterene|Nuzzle|p2a: Dhelmise\n|-damage|p2a: Dhelmise|92\/100\n|-status|p2a: Dhelmise|par\n|replace|p2a: Zoroark|Zoroark-Hisui, M, shiny\n|-end|p2a: Zoroark|Illusion\n|\n|upkeep\n|turn|2\n|\n|t:|1700668183\n|switch|p1a: Bisharp|Bisharp, F|100\/100\n|move|p2a: Zoroark|Bitter Malice|p1a: Bisharp\n|-resisted|p1a: Bisharp\n|-damage|p1a: Bisharp|65\/100\n|-unboost|p1a: Bisharp|atk|1\n|-ability|p1a: Bisharp|Defiant|boost\n|-boost|p1a: Bisharp|atk|2\n|\n|upkeep\n|turn|3\n|\n|t:|1700668200\n|move|p1a: Bisharp|Knock Off|p2a: Zoroark\n|-supereffective|p2a: Zoroark\n|-damage|p2a: Zoroark|0 fnt\n|-enditem|p2a: Zoroark|Focus Sash|[from] move: Knock Off|[of] p1a: Bisharp\n|faint|p2a: Zoroark\n|\n|upkeep\n|\n|t:|1700668208\n|switch|p2a: Blastoise|Blastoise, M|100\/100\n|turn|4\n|\n|t:|1700668223\n|move|p2a: Blastoise|Aura Sphere|p1a: Bisharp\n|-supereffective|p1a: Bisharp\n|-damage|p1a: Bisharp|0 fnt\n|faint|p1a: Bisharp\n|\n|upkeep\n|inactive|Battle timer is ON: inactive players will automatically lose when time's up. (requested by UsernameP0G)\n|\n|t:|1700668237\n|switch|p1a: Ogerpon|Ogerpon-Cornerstone, F|100\/100\n|turn|5\n|\n|t:|1700668253\n|-terastallize|p2a: Blastoise|Grass\n|move|p1a: Ogerpon|Swords Dance|p1a: Ogerpon\n|-boost|p1a: Ogerpon|atk|2\n|move|p2a: Blastoise|Shell Smash|p2a: Blastoise\n|-unboost|p2a: Blastoise|def|1\n|-unboost|p2a: Blastoise|spd|1\n|-boost|p2a: Blastoise|atk|2\n|-boost|p2a: Blastoise|spa|2\n|-boost|p2a: Blastoise|spe|2\n|-enditem|p2a: Blastoise|White Herb\n|-clearnegativeboost|p2a: Blastoise|[silent]\n|\n|upkeep\n|turn|6\n|\n|t:|1700668269\n|move|p2a: Blastoise|Aura Sphere|p1a: Ogerpon\n|-supereffective|p1a: Ogerpon\n|-ability|p1a: Ogerpon|Sturdy\n|-damage|p1a: Ogerpon|1\/100\n|move|p1a: Ogerpon|Ivy Cudgel|p2a: Blastoise|[anim] Ivy Cudgel Rock\n|-damage|p2a: Blastoise|0 fnt\n|faint|p2a: Blastoise\n|\n|upkeep\n|\n|t:|1700668281\n|switch|p2a: Beedrill|Beedrill, M, shiny|100\/100\n|turn|7\n|inactive|schoolboy333 has 120 seconds left.\n|\n|t:|1700668321\n|switch|p1a: Dragonite|Dragonite, M|100\/100\n|detailschange|p2a: Beedrill|Beedrill-Mega, M, shiny\n|-mega|p2a: Beedrill|Beedrill|Beedrillite\n|move|p2a: Beedrill|Fell Stinger|p1a: Dragonite\n|-resisted|p1a: Dragonite\n|-damage|p1a: Dragonite|91\/100\n|\n|-heal|p1a: Dragonite|97\/100|[from] item: Leftovers\n|upkeep\n|turn|8\n|\n|t:|1700668334\n|move|p2a: Beedrill|Poison Jab|p1a: Dragonite\n|-damage|p1a: Dragonite|41\/100\n|move|p1a: Dragonite|Curse|p1a: Dragonite\n|-unboost|p1a: Dragonite|spe|1\n|-boost|p1a: Dragonite|atk|1\n|-boost|p1a: Dragonite|def|1\n|\n|-heal|p1a: Dragonite|47\/100|[from] item: Leftovers\n|upkeep\n|turn|9\n|\n|t:|1700668345\n|-terastallize|p1a: Dragonite|Normal\n|move|p1a: Dragonite|Extreme Speed|p2a: Beedrill\n|-damage|p2a: Beedrill|0 fnt\n|faint|p2a: Beedrill\n|\n|-heal|p1a: Dragonite|53\/100|[from] item: Leftovers\n|upkeep\n|\n|t:|1700668351\n|switch|p2a: Dhelmise|Dhelmise|100\/100\n|turn|10\n|\n|t:|1700668361\n|switch|p1a: Hatterene|Hatterene, F|100\/100\n|move|p2a: Dhelmise|Anchor Shot|p1a: Hatterene\n|-supereffective|p1a: Hatterene\n|-damage|p1a: Hatterene|0 fnt\n|-damage|p2a: Dhelmise|84\/100|[from] item: Rocky Helmet|[of] p1a: Hatterene\n|faint|p1a: Hatterene\n|\n|upkeep\n|\n|t:|1700668380\n|switch|p1a: Keldeo|Keldeo|100\/100\n|turn|11\n|\n|t:|1700668387\n|move|p1a: Keldeo|Air Slash|p2a: Dhelmise\n|-supereffective|p2a: Dhelmise\n|-crit|p2a: Dhelmise\n|-damage|p2a: Dhelmise|28\/100\n|move|p2a: Dhelmise|Power Whip|p1a: Keldeo\n|-supereffective|p1a: Keldeo\n|-damage|p1a: Keldeo|0 fnt\n|faint|p1a: Keldeo\n|\n|upkeep\n|\n|t:|1700668404\n|switch|p1a: Ogerpon|Ogerpon-Cornerstone, F|1\/100\n|turn|12\n|\n|t:|1700668409\n|move|p1a: Ogerpon|Ivy Cudgel|p2a: Dhelmise|[anim] Ivy Cudgel Rock\n|-damage|p2a: Dhelmise|0 fnt\n|faint|p2a: Dhelmise\n|\n|upkeep\n|inactive|UsernameP0G has 120 seconds left.\n|\n|t:|1700668447\n|switch|p2a: hi|Dragalge, F, shiny|100\/100\n|turn|13\n|inactive|UsernameP0G has 120 seconds left.\n|\n|t:|1700668461\n|move|p1a: Ogerpon|Ivy Cudgel|p2a: hi|[anim] Ivy Cudgel Rock\n|-damage|p2a: hi|31\/100\n|move|p2a: hi|Flip Turn|p1a: Ogerpon\n|-damage|p1a: Ogerpon|0 fnt\n|faint|p1a: Ogerpon\n|\n|t:|1700668466\n|switch|p2a: Revavroom|Revavroom, M, shiny|100\/100|[from] Flip Turn\n|\n|upkeep\n|\n|t:|1700668479\n|switch|p1a: Dragonite|Dragonite, M, tera:Normal|53\/100\n|turn|14\n|\n|t:|1700668494\n|move|p2a: Revavroom|Shift Gear|p2a: Revavroom\n|-boost|p2a: Revavroom|spe|2\n|-boost|p2a: Revavroom|atk|1\n|move|p1a: Dragonite|Curse|p1a: Dragonite\n|-unboost|p1a: Dragonite|spe|1\n|-boost|p1a: Dragonite|atk|1\n|-boost|p1a: Dragonite|def|1\n|\n|-heal|p1a: Dragonite|60\/100|[from] item: Leftovers\n|upkeep\n|turn|15\n|\n|t:|1700668505\n|move|p2a: Revavroom|Gunk Shot|p1a: Dragonite\n|-damage|p1a: Dragonite|0 fnt\n|faint|p1a: Dragonite\n|\n|upkeep\n|\n|t:|1700668508\n|switch|p1a: Skeledirge|Skeledirge, M|100\/100\n|turn|16\n|inactive|schoolboy333 has 120 seconds left.\n|\n|t:|1700668514\n|move|p2a: Revavroom|High Horsepower|p1a: Skeledirge\n|-supereffective|p1a: Skeledirge\n|-damage|p1a: Skeledirge|30\/100\n|move|p1a: Skeledirge|Torch Song|p2a: Revavroom\n|-supereffective|p2a: Revavroom\n|-damage|p2a: Revavroom|1\/100\n|-boost|p1a: Skeledirge|spa|1\n|-enditem|p1a: Skeledirge|Throat Spray\n|-boost|p1a: Skeledirge|spa|1|[from] item: Throat Spray\n|\n|upkeep\n|turn|17\n|inactive|schoolboy333 has 120 seconds left.\n|c|\u2606schoolboy333|gg\n|\n|t:|1700668533\n|move|p2a: Revavroom|High Horsepower|p1a: Skeledirge\n|-supereffective|p1a: Skeledirge\n|-damage|p1a: Skeledirge|0 fnt\n|faint|p1a: Skeledirge\n|\n|win|UsernameP0G\n|raw|schoolboy333's rating: 1244 &rarr; <strong>1220<\/strong><br \/>(-24 for losing)\n|raw|UsernameP0G's rating: 1256 &rarr; <strong>1280<\/strong><br \/>(+24 for winning)\n|l|\u2606UsernameP0G\n","uploadtime":1700668545,"views":1,"p1id":"schoolboy333","p2id":"usernamep0g","formatid":"gen9nationaldex","rating":1220,"private":0,"password":""}