{"id":"gen9nationaldex-1997485796","p1":"zacheriah21","p2":"sgzf","format":"[Gen 9] National Dex","log":"|html|<div class=\"broadcast-blue\"><strong>[Gen 9] National Dex is currently suspecting Sneasler! For information on how to participate check out the <a href=\"https:\/\/www.smogon.com\/forums\/threads\/sv-national-dex-suspect-8-just-dance.3731534\/\">suspect thread<\/a>.<\/strong><\/div>\n|j|\u2606zacheriah21\n|j|\u2606sgzf\n|t:|1700813699\n|gametype|singles\n|player|p1|zacheriah21|2|1085\n|player|p2|sgzf|dawn-gen4pt|1182\n|teamsize|p1|6\n|teamsize|p2|6\n|gen|9\n|tier|[Gen 9] National Dex\n|rated|\n|rule|HP Percentage Mod: HP is shown in percentages\n|rule|Endless Battle Clause: Forcing endless battles is banned\n|rule|OHKO Clause: OHKO moves are banned\n|rule|Evasion Clause: Evasion abilities, items, and moves are banned\n|rule|Evasion Abilities Clause: Evasion abilities are banned\n|rule|Evasion Items Clause: Evasion items are banned\n|rule|Evasion Moves Clause: Evasion moves are banned\n|rule|Species Clause: Limit one of each Pok\u00e9mon\n|rule|Sleep Clause Mod: Limit one foe put to sleep\n|clearpoke\n|poke|p1|Maushold-Four|\n|poke|p1|Toxtricity, M|\n|poke|p1|Rillaboom, M|\n|poke|p1|Dragonite, M|\n|poke|p1|Gyarados, F|\n|poke|p1|Ceruledge, F|\n|poke|p2|Garchomp, M|\n|poke|p2|Ferrothorn, F|\n|poke|p2|Lopunny, F|\n|poke|p2|Moltres|\n|poke|p2|Slowking-Galar, M|\n|poke|p2|Alomomola, F|\n|teampreview\n|inactive|Battle timer is ON: inactive players will automatically lose when time's up. (requested by zacheriah21)\n|\n|t:|1700813705\n|start\n|switch|p1a: Toxtricity|Toxtricity, M|100\/100\n|switch|p2a: Ferrothorn|Ferrothorn, F|100\/100\n|turn|1\n|\n|t:|1700813716\n|move|p1a: Toxtricity|Metronome|p1a: Toxtricity\n|move|p1a: Toxtricity|Razor Leaf|p2a: Ferrothorn|[from]move: Metronome\n|-resisted|p2a: Ferrothorn\n|-damage|p2a: Ferrothorn|99\/100\n|move|p2a: Ferrothorn|Spikes|p1a: Toxtricity\n|-sidestart|p1: zacheriah21|Spikes\n|\n|-heal|p2a: Ferrothorn|100\/100|[from] item: Leftovers\n|upkeep\n|turn|2\n|\n|t:|1700813724\n|move|p1a: Toxtricity|Metronome|p1a: Toxtricity\n|move|p1a: Toxtricity|Poison Jab|p2a: Ferrothorn|[from]move: Metronome\n|-immune|p2a: Ferrothorn\n|move|p2a: Ferrothorn|Knock Off|p1a: Toxtricity\n|-damage|p1a: Toxtricity|75\/100\n|-enditem|p1a: Toxtricity|Black Sludge|[from] move: Knock Off|[of] p2a: Ferrothorn\n|\n|upkeep\n|turn|3\n|\n|t:|1700813730\n|move|p1a: Toxtricity|Metronome|p1a: Toxtricity\n|move|p1a: Toxtricity|Entrainment|p2a: Ferrothorn|[from]move: Metronome\n|-endability|p2a: Ferrothorn|Iron Barbs|[from] move: Entrainment\n|-ability|p2a: Ferrothorn|Punk Rock|[from] move: Entrainment\n|move|p2a: Ferrothorn|Spikes|p1a: Toxtricity\n|-sidestart|p1: zacheriah21|Spikes\n|\n|upkeep\n|turn|4\n|\n|t:|1700813737\n|move|p1a: Toxtricity|Metronome|p1a: Toxtricity\n|move|p1a: Toxtricity|Petal Blizzard|p2a: Ferrothorn|[from]move: Metronome\n|-resisted|p2a: Ferrothorn\n|-damage|p2a: Ferrothorn|98\/100\n|move|p2a: Ferrothorn|Spikes|p1a: Toxtricity\n|-sidestart|p1: zacheriah21|Spikes\n|\n|-heal|p2a: Ferrothorn|100\/100|[from] item: Leftovers\n|upkeep\n|turn|5\n|\n|t:|1700813748\n|switch|p2a: Garchomp|Garchomp, M|100\/100\n|move|p1a: Toxtricity|Metronome|p1a: Toxtricity\n|move|p1a: Toxtricity|Hone Claws|p1a: Toxtricity|[from]move: Metronome\n|-boost|p1a: Toxtricity|atk|1\n|-boost|p1a: Toxtricity|accuracy|1\n|\n|upkeep\n|turn|6\n|\n|t:|1700813759\n|move|p2a: Garchomp|Stealth Rock|p1a: Toxtricity\n|-sidestart|p1: zacheriah21|move: Stealth Rock\n|move|p1a: Toxtricity|Sludge Bomb|p2a: Garchomp\n|-resisted|p2a: Garchomp\n|-damage|p2a: Garchomp|81\/100\n|\n|upkeep\n|turn|7\n|\n|t:|1700813764\n|move|p2a: Garchomp|Swords Dance|p2a: Garchomp\n|-boost|p2a: Garchomp|atk|2\n|move|p1a: Toxtricity|Metronome|p1a: Toxtricity\n|move|p1a: Toxtricity|Final Gambit|p2a: Garchomp|[from]move: Metronome\n|-damage|p2a: Garchomp|6\/100\n|faint|p1a: Toxtricity\n|\n|upkeep\n|\n|t:|1700813778\n|switch|p1a: Dragonite|Dragonite, M|100\/100\n|-damage|p1a: Dragonite|76\/100|[from] Stealth Rock\n|turn|8\n|\n|t:|1700813786\n|move|p1a: Dragonite|Extreme Speed|p2a: Garchomp\n|-damage|p2a: Garchomp|0 fnt\n|-damage|p1a: Dragonite|63\/100|[from] ability: Rough Skin|[of] p2a: Garchomp\n|faint|p2a: Garchomp\n|\n|-heal|p1a: Dragonite|69\/100|[from] item: Leftovers\n|upkeep\n|\n|t:|1700813794\n|switch|p2a: Lopunny|Lopunny, F, shiny|100\/100\n|turn|9\n|\n|t:|1700813799\n|detailschange|p2a: Lopunny|Lopunny-Mega, F, shiny\n|-mega|p2a: Lopunny|Lopunny|Lopunnite\n|move|p2a: Lopunny|Fake Out|p1a: Dragonite\n|-damage|p1a: Dragonite|48\/100\n|cant|p1a: Dragonite|flinch\n|\n|-heal|p1a: Dragonite|54\/100|[from] item: Leftovers\n|upkeep\n|turn|10\n|\n|t:|1700813803\n|move|p2a: Lopunny|Triple Axel|p1a: Dragonite\n|-supereffective|p1a: Dragonite\n|-damage|p1a: Dragonite|28\/100\n|-supereffective|p1a: Dragonite\n|-damage|p1a: Dragonite|0 fnt\n|faint|p1a: Dragonite\n|-hitcount|p1: Dragonite|2\n|\n|upkeep\n|\n|t:|1700813811\n|switch|p1a: Maushold|Maushold-Four|100\/100\n|-damage|p1a: Maushold|76\/100|[from] Spikes\n|-damage|p1a: Maushold|63\/100|[from] Stealth Rock\n|turn|11\n|\n|t:|1700813818\n|move|p2a: Lopunny|Close Combat|p1a: Maushold\n|-supereffective|p1a: Maushold\n|-crit|p1a: Maushold\n|-damage|p1a: Maushold|0 fnt\n|-unboost|p2a: Lopunny|def|1\n|-unboost|p2a: Lopunny|spd|1\n|faint|p1a: Maushold\n|\n|upkeep\n|\n|t:|1700813823\n|switch|p1a: Ceruledge|Ceruledge, F|100\/100\n|-damage|p1a: Ceruledge|75\/100|[from] Spikes\n|-damage|p1a: Ceruledge|50\/100|[from] Stealth Rock\n|turn|12\n|\n|t:|1700813830\n|move|p2a: Lopunny|U-turn|p1a: Ceruledge\n|-resisted|p1a: Ceruledge\n|-damage|p1a: Ceruledge|43\/100\n|-damage|p2a: Lopunny|84\/100|[from] item: Rocky Helmet|[of] p1a: Ceruledge\n|-ability|p1a: Ceruledge|Weak Armor|boost\n|-unboost|p1a: Ceruledge|def|1\n|-boost|p1a: Ceruledge|spe|2\n|\n|t:|1700813835\n|switch|p2a: Alomomola|Alomomola, F, shiny|100\/100|[from] U-turn\n|move|p1a: Ceruledge|Bitter Blade|p2a: Alomomola\n|-resisted|p2a: Alomomola\n|-damage|p2a: Alomomola|91\/100\n|-heal|p1a: Ceruledge|52\/100|[from] drain|[of] p2a: Alomomola\n|\n|upkeep\n|turn|13\n|\n|t:|1700813843\n|move|p1a: Ceruledge|Bulk Up|p1a: Ceruledge\n|-boost|p1a: Ceruledge|atk|1\n|-boost|p1a: Ceruledge|def|1\n|move|p2a: Alomomola|Toxic|p1a: Ceruledge|[miss]\n|-miss|p2a: Alomomola|p1a: Ceruledge\n|\n|upkeep\n|turn|14\n|\n|t:|1700813847\n|move|p1a: Ceruledge|Shadow Sneak|p2a: Alomomola\n|-damage|p2a: Alomomola|77\/100\n|move|p2a: Alomomola|Flip Turn|p1a: Ceruledge\n|-supereffective|p1a: Ceruledge\n|-damage|p1a: Ceruledge|11\/100\n|-damage|p2a: Alomomola|60\/100|[from] item: Rocky Helmet|[of] p1a: Ceruledge\n|-ability|p1a: Ceruledge|Weak Armor|boost\n|-unboost|p1a: Ceruledge|def|1\n|-boost|p1a: Ceruledge|spe|2\n|\n|t:|1700813856\n|switch|p2a: Moltres|Moltres|100\/100|[from] Flip Turn\n|\n|upkeep\n|turn|15\n|\n|t:|1700813860\n|move|p1a: Ceruledge|Bitter Blade|p2a: Moltres\n|-resisted|p2a: Moltres\n|-damage|p2a: Moltres|80\/100\n|-heal|p1a: Ceruledge|24\/100|[from] drain|[of] p2a: Moltres\n|move|p2a: Moltres|Scorching Sands|p1a: Ceruledge\n|-supereffective|p1a: Ceruledge\n|-damage|p1a: Ceruledge|0 fnt\n|faint|p1a: Ceruledge\n|\n|upkeep\n|\n|t:|1700813865\n|switch|p1a: Gyarados|Gyarados, F|100\/100\n|-damage|p1a: Gyarados|76\/100|[from] Stealth Rock\n|-ability|p1a: Gyarados|Intimidate|boost\n|-unboost|p2a: Moltres|atk|1\n|turn|16\n|\n|t:|1700813870\n|switch|p2a: Alomomola|Alomomola, F, shiny|93\/100\n|move|p1a: Gyarados|Dragon Dance|p1a: Gyarados\n|-boost|p1a: Gyarados|atk|1\n|-boost|p1a: Gyarados|spe|1\n|\n|upkeep\n|turn|17\n|\n|t:|1700813874\n|move|p1a: Gyarados|Dragon Dance|p1a: Gyarados\n|-boost|p1a: Gyarados|atk|1\n|-boost|p1a: Gyarados|spe|1\n|move|p2a: Alomomola|Toxic|p1a: Gyarados\n|-status|p1a: Gyarados|tox\n|\n|-damage|p1a: Gyarados|70\/100 tox|[from] psn\n|upkeep\n|turn|18\n|\n|t:|1700813878\n|move|p1a: Gyarados|Dragon Dance|p1a: Gyarados\n|-boost|p1a: Gyarados|atk|1\n|-boost|p1a: Gyarados|spe|1\n|move|p2a: Alomomola|Wish|p2a: Alomomola\n|\n|-damage|p1a: Gyarados|57\/100 tox|[from] psn\n|upkeep\n|turn|19\n|\n|t:|1700813883\n|move|p2a: Alomomola|Protect|p2a: Alomomola\n|-singleturn|p2a: Alomomola|Protect\n|move|p1a: Gyarados|Crunch|p2a: Alomomola\n|-activate|p2a: Alomomola|move: Protect\n|\n|-heal|p2a: Alomomola|100\/100|[from] move: Wish|[wisher] Alomomola\n|-damage|p1a: Gyarados|39\/100 tox|[from] psn\n|upkeep\n|turn|20\n|\n|t:|1700813894\n|-terastallize|p2a: Alomomola|Fairy\n|move|p1a: Gyarados|Crunch|p2a: Alomomola\n|-resisted|p2a: Alomomola\n|-damage|p2a: Alomomola|85\/100\n|-unboost|p2a: Alomomola|def|1\n|-heal|p1a: Gyarados|42\/100 tox|[from] item: Shell Bell|[of] p2a: Alomomola\n|move|p2a: Alomomola|Wish|p2a: Alomomola\n|\n|-damage|p1a: Gyarados|17\/100 tox|[from] psn\n|upkeep\n|turn|21\n|\n|t:|1700813899\n|move|p2a: Alomomola|Protect|p2a: Alomomola\n|-singleturn|p2a: Alomomola|Protect\n|move|p1a: Gyarados|Body Slam|p2a: Alomomola\n|-activate|p2a: Alomomola|move: Protect\n|\n|-heal|p2a: Alomomola|100\/100|[from] move: Wish|[wisher] Alomomola\n|-damage|p1a: Gyarados|0 fnt|[from] psn\n|faint|p1a: Gyarados\n|upkeep\n|\n|t:|1700813902\n|switch|p1a: Rillaboom|Rillaboom, M|100\/100\n|-damage|p1a: Rillaboom|76\/100|[from] Spikes\n|-damage|p1a: Rillaboom|63\/100|[from] Stealth Rock\n|-fieldstart|move: Grassy Terrain|[from] ability: Grassy Surge|[of] p1a: Rillaboom\n|turn|22\n|\n|t:|1700813909\n|switch|p2a: Ferrothorn|Ferrothorn, F|100\/100\n|move|p1a: Rillaboom|Drain Punch|p2a: Ferrothorn\n|-supereffective|p2a: Ferrothorn\n|-damage|p2a: Ferrothorn|73\/100\n|-heal|p1a: Rillaboom|78\/100|[from] drain|[of] p2a: Ferrothorn\n|-damage|p1a: Rillaboom|65\/100|[from] ability: Iron Barbs|[of] p2a: Ferrothorn\n|\n|-heal|p1a: Rillaboom|71\/100|[from] Grassy Terrain\n|-heal|p1a: Rillaboom|78\/100|[from] item: Leftovers\n|-heal|p2a: Ferrothorn|79\/100|[from] Grassy Terrain\n|-heal|p2a: Ferrothorn|85\/100|[from] item: Leftovers\n|upkeep\n|turn|23\n|\n|t:|1700813917\n|move|p1a: Rillaboom|Bulk Up|p1a: Rillaboom\n|-boost|p1a: Rillaboom|atk|1\n|-boost|p1a: Rillaboom|def|1\n|move|p2a: Ferrothorn|Thunder Wave|p1a: Rillaboom\n|-status|p1a: Rillaboom|par\n|\n|-heal|p1a: Rillaboom|84\/100 par|[from] Grassy Terrain\n|-heal|p1a: Rillaboom|90\/100 par|[from] item: Leftovers\n|-heal|p2a: Ferrothorn|91\/100|[from] Grassy Terrain\n|-heal|p2a: Ferrothorn|97\/100|[from] item: Leftovers\n|upkeep\n|turn|24\n|\n|t:|1700813921\n|move|p1a: Rillaboom|Bulk Up|p1a: Rillaboom\n|-boost|p1a: Rillaboom|atk|1\n|-boost|p1a: Rillaboom|def|1\n|move|p2a: Ferrothorn|Knock Off|p1a: Rillaboom\n|-damage|p1a: Rillaboom|81\/100 par\n|-enditem|p1a: Rillaboom|Leftovers|[from] move: Knock Off|[of] p2a: Ferrothorn\n|\n|-heal|p1a: Rillaboom|87\/100 par|[from] Grassy Terrain\n|-heal|p2a: Ferrothorn|100\/100|[from] Grassy Terrain\n|upkeep\n|turn|25\n|\n|t:|1700813930\n|switch|p2a: Moltres|Moltres|80\/100\n|move|p1a: Rillaboom|Bulk Up|p1a: Rillaboom\n|-boost|p1a: Rillaboom|atk|1\n|-boost|p1a: Rillaboom|def|1\n|\n|-heal|p1a: Rillaboom|93\/100 par|[from] Grassy Terrain\n|upkeep\n|turn|26\n|\n|t:|1700813937\n|move|p2a: Moltres|Flamethrower|p1a: Rillaboom\n|-supereffective|p1a: Rillaboom\n|-damage|p1a: Rillaboom|15\/100 par\n|cant|p1a: Rillaboom|par\n|\n|-heal|p1a: Rillaboom|21\/100 par|[from] Grassy Terrain\n|-fieldend|move: Grassy Terrain\n|upkeep\n|turn|27\n|\n|t:|1700813943\n|move|p2a: Moltres|Flamethrower|p1a: Rillaboom\n|-supereffective|p1a: Rillaboom\n|-damage|p1a: Rillaboom|0 fnt\n|faint|p1a: Rillaboom\n|\n|win|sgzf\n|raw|zacheriah21's rating: 1085 &rarr; <strong>1068<\/strong><br \/>(-17 for losing)\n|raw|sgzf's rating: 1182 &rarr; <strong>1200<\/strong><br \/>(+18 for winning)\n|l|\u2606zacheriah21\n","uploadtime":1700813947,"views":3,"p1id":"zacheriah21","p2id":"sgzf","formatid":"gen9nationaldex","rating":1068,"private":0,"password":""}