{"id":"gen9nationaldex-1992057849","p1":"AesirEcho","p2":"Bulka4000","format":"[Gen 9] National Dex","log":"|j|\u2606AesirEcho\n|j|\u2606Bulka4000\n|n|\u2606AesirEcho|aesirecho\n|n|\u2606Bulka4000|bulka4000\n|html|View the match progress at <a href=\"\/game-bestof3-gen9nationaldex-1992051328\">game-bestof3-gen9nationaldex-1992051328<\/a>\n|t:|1700151543\n|gametype|singles\n|player|p1|AesirEcho|ethan-masters|\n|player|p2|Bulka4000|266|\n|teamsize|p1|6\n|teamsize|p2|6\n|gen|9\n|tier|[Gen 9] National Dex\n|rule|HP Percentage Mod: HP is shown in percentages\n|rule|Endless Battle Clause: Forcing endless battles is banned\n|rule|OHKO Clause: OHKO moves are banned\n|rule|Evasion Clause: Evasion abilities, items, and moves are banned\n|rule|Evasion Abilities Clause: Evasion abilities are banned\n|rule|Evasion Items Clause: Evasion items are banned\n|rule|Evasion Moves Clause: Evasion moves are banned\n|rule|Species Clause: Limit one of each Pok\u00e9mon\n|rule|Sleep Clause Mod: Limit one foe put to sleep\n|clearpoke\n|poke|p1|Garchomp, F|\n|poke|p1|Iron Valiant|\n|poke|p1|Tapu Lele|\n|poke|p1|Landorus-Therian, M|\n|poke|p1|Heatran, F|\n|poke|p1|Zapdos|\n|poke|p2|Gengar, F|\n|poke|p2|Zamazenta-*|\n|poke|p2|Garchomp, M|\n|poke|p2|Ting-Lu|\n|poke|p2|Skeledirge, M|\n|poke|p2|Rotom-Wash|\n|teampreview\n|j| ttheus\n|\n|t:|1700151571\n|start\n|switch|p1a: Luna Cantor|Tapu Lele|100\/100\n|switch|p2a: Gengar|Gengar, F|100\/100\n|-fieldstart|move: Psychic Terrain|[from] ability: Psychic Surge|[of] p1a: Luna Cantor\n|turn|1\n|\n|t:|1700151578\n|switch|p1a: Mantichora|Heatran, F|100\/100\n|move|p2a: Gengar|Sludge Bomb|p1a: Mantichora\n|-immune|p1a: Mantichora\n|\n|upkeep\n|turn|2\n|\n|t:|1700151588\n|switch|p2a: Ting-Lu|Ting-Lu|100\/100\n|-ability|p2a: Ting-Lu|Vessel of Ruin\n|move|p1a: Mantichora|Stealth Rock|p2a: Ting-Lu\n|-sidestart|p2: Bulka4000|move: Stealth Rock\n|\n|upkeep\n|turn|3\n|\n|t:|1700151597\n|switch|p1a: Terra Tigris|Landorus-Therian, M|100\/100\n|-ability|p1a: Terra Tigris|Intimidate|boost\n|-unboost|p2a: Ting-Lu|atk|1\n|move|p2a: Ting-Lu|Ruination|p1a: Terra Tigris\n|-damage|p1a: Terra Tigris|50\/100\n|\n|upkeep\n|turn|4\n|c| ttheus|bando de gay\n|\n|t:|1700151616\n|move|p1a: Terra Tigris|Toxic|p2a: Ting-Lu\n|-status|p2a: Ting-Lu|tox\n|move|p2a: Ting-Lu|Ruination|p1a: Terra Tigris\n|-damage|p1a: Terra Tigris|26\/100\n|\n|-damage|p2a: Ting-Lu|94\/100 tox|[from] psn\n|upkeep\n|turn|5\n|c|\u2606AesirEcho|sai liz\n|\n|t:|1700151631\n|move|p1a: Terra Tigris|U-turn|p2a: Ting-Lu\n|-supereffective|p2a: Ting-Lu\n|-damage|p2a: Ting-Lu|69\/100 tox\n|c| ttheus|smt\n|\n|t:|1700151639\n|switch|p1a: Dominus Petrae|Garchomp, F|100\/100|[from] U-turn\n|move|p2a: Ting-Lu|Ruination|p1a: Dominus Petrae\n|-damage|p1a: Dominus Petrae|51\/100\n|\n|-heal|p2a: Ting-Lu|75\/100 tox|[from] item: Leftovers\n|-damage|p2a: Ting-Lu|62\/100 tox|[from] psn\n|-fieldend|move: Psychic Terrain\n|upkeep\n|turn|6\n|c|\u2606AesirEcho|eu quero\n|\n|t:|1700151655\n|move|p1a: Dominus Petrae|Swords Dance|p1a: Dominus Petrae\n|-boost|p1a: Dominus Petrae|atk|2\n|move|p2a: Ting-Lu|Ruination|p1a: Dominus Petrae\n|-damage|p1a: Dominus Petrae|26\/100\n|\n|-heal|p2a: Ting-Lu|69\/100 tox|[from] item: Leftovers\n|-damage|p2a: Ting-Lu|50\/100 tox|[from] psn\n|upkeep\n|turn|7\n|\n|t:|1700151663\n|move|p1a: Dominus Petrae|Scale Shot|p2a: Ting-Lu\n|-damage|p2a: Ting-Lu|35\/100 tox\n|-damage|p2a: Ting-Lu|20\/100 tox\n|-hitcount|p2a: Ting-Lu|2\n|-unboost|p1a: Dominus Petrae|def|1\n|-boost|p1a: Dominus Petrae|spe|1\n|move|p2a: Ting-Lu|Whirlwind|p1a: Dominus Petrae\n|drag|p1a: Luna Cantor|Tapu Lele|100\/100\n|-fieldstart|move: Psychic Terrain|[from] ability: Psychic Surge|[of] p1a: Luna Cantor\n|\n|-heal|p2a: Ting-Lu|26\/100 tox|[from] item: Leftovers\n|-damage|p2a: Ting-Lu|1\/100 tox|[from] psn\n|upkeep\n|turn|8\n|\n|t:|1700151680\n|move|p1a: Luna Cantor|Moonblast|p2a: Ting-Lu\n|-supereffective|p2a: Ting-Lu\n|-damage|p2a: Ting-Lu|0 fnt\n|faint|p2a: Ting-Lu\n|\n|upkeep\n|\n|t:|1700151685\n|switch|p2a: Gengar|Gengar, F|100\/100\n|-damage|p2a: Gengar|88\/100|[from] Stealth Rock\n|turn|9\n|\n|t:|1700151693\n|switch|p1a: Mantichora|Heatran, F|100\/100\n|move|p2a: Gengar|Shadow Ball|p1a: Mantichora\n|-damage|p1a: Mantichora|71\/100\n|\n|-heal|p1a: Mantichora|78\/100|[from] item: Leftovers\n|upkeep\n|turn|10\n|\n|t:|1700151704\n|move|p2a: Gengar|Shadow Ball|p1a: Mantichora\n|-damage|p1a: Mantichora|49\/100\n|move|p1a: Mantichora|Magma Storm|p2a: Gengar\n|-damage|p2a: Gengar|19\/100\n|-activate|p2a: Gengar|move: Magma Storm|[of] p1a: Mantichora\n|\n|-heal|p1a: Mantichora|55\/100|[from] item: Leftovers\n|-damage|p2a: Gengar|7\/100|[from] move: Magma Storm|[partiallytrapped]\n|upkeep\n|turn|11\n|\n|t:|1700151715\n|switch|p2a: Rotom|Rotom-Wash|100\/100\n|-damage|p2a: Rotom|88\/100|[from] Stealth Rock\n|move|p1a: Mantichora|Earth Power|p2a: Rotom\n|-immune|p2a: Rotom|[from] ability: Levitate\n|\n|-heal|p2a: Rotom|94\/100|[from] item: Leftovers\n|-heal|p1a: Mantichora|61\/100|[from] item: Leftovers\n|-fieldend|move: Psychic Terrain\n|upkeep\n|turn|12\n|\n|t:|1700151725\n|switch|p1a: Vultur Volans|Zapdos|100\/100\n|move|p2a: Rotom|Hydro Pump|p1a: Vultur Volans\n|-damage|p1a: Vultur Volans|59\/100\n|\n|-heal|p2a: Rotom|100\/100|[from] item: Leftovers\n|upkeep\n|turn|13\n|\n|t:|1700151772\n|move|p1a: Vultur Volans|Volt Switch|p2a: Rotom\n|-crit|p2a: Rotom\n|-damage|p2a: Rotom|56\/100\n|\n|t:|1700151778\n|switch|p1a: Luna Cantor|Tapu Lele|100\/100|[from] Volt Switch\n|-fieldstart|move: Psychic Terrain|[from] ability: Psychic Surge|[of] p1a: Luna Cantor\n|move|p2a: Rotom|Will-O-Wisp|p1a: Luna Cantor\n|-status|p1a: Luna Cantor|brn\n|\n|-heal|p2a: Rotom|62\/100|[from] item: Leftovers\n|-damage|p1a: Luna Cantor|94\/100 brn|[from] brn\n|upkeep\n|turn|14\n|\n|t:|1700151831\n|move|p1a: Luna Cantor|Psychic|p2a: Rotom\n|-damage|p2a: Rotom|3\/100\n|-unboost|p2a: Rotom|spd|1\n|move|p2a: Rotom|Volt Switch|p1a: Luna Cantor\n|-damage|p1a: Luna Cantor|66\/100 brn\n|\n|t:|1700151840\n|switch|p2a: Zamazenta|Zamazenta|100\/100|[from] Volt Switch\n|-damage|p2a: Zamazenta|94\/100|[from] Stealth Rock\n|-ability|p2a: Zamazenta|Dauntless Shield|boost\n|-boost|p2a: Zamazenta|def|1\n|\n|-damage|p1a: Luna Cantor|60\/100 brn|[from] brn\n|upkeep\n|turn|15\n|\n|t:|1700151848\n|move|p1a: Luna Cantor|Psychic|p2a: Zamazenta\n|-supereffective|p2a: Zamazenta\n|-damage|p2a: Zamazenta|0 fnt\n|faint|p2a: Zamazenta\n|\n|-damage|p1a: Luna Cantor|54\/100 brn|[from] brn\n|upkeep\n|\n|t:|1700151854\n|switch|p2a: Gengar|Gengar, F|7\/100\n|-damage|p2a: Gengar|0 fnt|[from] Stealth Rock\n|faint|p2a: Gengar\n|\n|t:|1700151859\n|switch|p2a: Skeledirge|Skeledirge, M|100\/100\n|turn|16\n|l| ttheus\n|\n|t:|1700151864\n|move|p1a: Luna Cantor|Psychic|p2a: Skeledirge\n|-damage|p2a: Skeledirge|34\/100\n|move|p2a: Skeledirge|Hex|p1a: Luna Cantor\n|-supereffective|p1a: Luna Cantor\n|-damage|p1a: Luna Cantor|0 fnt\n|faint|p1a: Luna Cantor\n|\n|upkeep\n|\n|t:|1700151870\n|switch|p1a: Mantichora|Heatran, F|61\/100\n|turn|17\n|\n|t:|1700151875\n|move|p1a: Mantichora|Magma Storm|p2a: Skeledirge\n|-resisted|p2a: Skeledirge\n|-damage|p2a: Skeledirge|11\/100\n|-activate|p2a: Skeledirge|move: Magma Storm|[of] p1a: Mantichora\n|move|p2a: Skeledirge|Slack Off|p2a: Skeledirge\n|-heal|p2a: Skeledirge|61\/100\n|\n|-heal|p1a: Mantichora|68\/100|[from] item: Leftovers\n|-damage|p2a: Skeledirge|49\/100|[from] move: Magma Storm|[partiallytrapped]\n|-fieldend|move: Psychic Terrain\n|upkeep\n|turn|18\n|\n|t:|1700151883\n|move|p1a: Mantichora|Taunt|p2a: Skeledirge\n|-start|p2a: Skeledirge|move: Taunt\n|cant|p2a: Skeledirge|move: Taunt|Slack Off\n|\n|-heal|p1a: Mantichora|74\/100|[from] item: Leftovers\n|-damage|p2a: Skeledirge|36\/100|[from] move: Magma Storm|[partiallytrapped]\n|upkeep\n|turn|19\n|\n|t:|1700151892\n|switch|p2a: Garchomp|Garchomp, M|100\/100\n|-damage|p2a: Garchomp|94\/100|[from] Stealth Rock\n|move|p1a: Mantichora|Earth Power|p2a: Garchomp\n|-damage|p2a: Garchomp|66\/100\n|\n|-heal|p1a: Mantichora|80\/100|[from] item: Leftovers\n|upkeep\n|turn|20\n|\n|t:|1700151903\n|switch|p1a: Vultur Volans|Zapdos|59\/100\n|move|p2a: Garchomp|Swords Dance|p2a: Garchomp\n|-boost|p2a: Garchomp|atk|2\n|\n|upkeep\n|turn|21\n|\n|t:|1700151908\n|move|p2a: Garchomp|Dragon Claw|p1a: Vultur Volans\n|-damage|p1a: Vultur Volans|0 fnt\n|faint|p1a: Vultur Volans\n|\n|upkeep\n|\n|t:|1700151920\n|switch|p1a: Ferrum Aeternum|Iron Valiant|100\/100\n|-enditem|p1a: Ferrum Aeternum|Booster Energy\n|-activate|p1a: Ferrum Aeternum|ability: Quark Drive|[fromitem]\n|-start|p1a: Ferrum Aeternum|quarkdrivespe\n|turn|22\n|\n|t:|1700151926\n|-terastallize|p2a: Garchomp|Water\n|move|p1a: Ferrum Aeternum|Moonblast|p2a: Garchomp\n|-damage|p2a: Garchomp|11\/100\n|move|p2a: Garchomp|Earthquake|p1a: Ferrum Aeternum\n|-damage|p1a: Ferrum Aeternum|0 fnt\n|faint|p1a: Ferrum Aeternum\n|-end|p1a: Ferrum Aeternum|Quark Drive|[silent]\n|\n|upkeep\n|j| ttheus\n|\n|t:|1700151932\n|switch|p1a: Dominus Petrae|Garchomp, F|26\/100\n|turn|23\n|c| ttheus|bulka\n|\n|t:|1700151938\n|move|p1a: Dominus Petrae|Earthquake|p2a: Garchomp\n|-damage|p2a: Garchomp|0 fnt\n|faint|p2a: Garchomp\n|\n|upkeep\n|c| ttheus|bulks\n|\n|t:|1700151944\n|switch|p2a: Rotom|Rotom-Wash|3\/100\n|-damage|p2a: Rotom|0 fnt|[from] Stealth Rock\n|faint|p2a: Rotom\n|c| ttheus|bulka\n|c|\u2606AesirEcho|clb liz\n|c|\u2606Bulka4000|habla\n|c| ttheus|bulks\n|\n|t:|1700151952\n|switch|p2a: Skeledirge|Skeledirge, M|36\/100\n|turn|24\n|\n|t:|1700151958\n|detailschange|p1a: Dominus Petrae|Garchomp-Mega, F\n|-mega|p1a: Dominus Petrae|Garchomp|Garchompite\n|move|p1a: Dominus Petrae|Earthquake|p2a: Skeledirge\n|-supereffective|p2a: Skeledirge\n|-damage|p2a: Skeledirge|0 fnt\n|faint|p2a: Skeledirge\n|\n|win|AesirEcho\n|c| ttheus|como \u00e9 ser gay?\n|c|\u2606AesirEcho|gg\n","uploadtime":1700151970,"views":4,"p1id":"aesirecho","p2id":"bulka4000","formatid":"gen9nationaldex","rating":0,"private":0,"password":""}