{"id":"gen9nationaldex-1991197225","p1":"PorygionShiny2","p2":"KyosukeKamijou","format":"[Gen 9] National Dex","log":"|j|\u2606PorygionShiny2\n|j|\u2606KyosukeKamijou\n|t:|1700056119\n|gametype|singles\n|player|p1|PorygionShiny2|cress|1169\n|player|p2|KyosukeKamijou|ghetsis|1172\n|teamsize|p1|6\n|teamsize|p2|6\n|gen|9\n|tier|[Gen 9] National Dex\n|rated|\n|rule|HP Percentage Mod: HP is shown in percentages\n|rule|Endless Battle Clause: Forcing endless battles is banned\n|rule|OHKO Clause: OHKO moves are banned\n|rule|Evasion Clause: Evasion abilities, items, and moves are banned\n|rule|Evasion Abilities Clause: Evasion abilities are banned\n|rule|Evasion Items Clause: Evasion items are banned\n|rule|Evasion Moves Clause: Evasion moves are banned\n|rule|Species Clause: Limit one of each Pok\u00e9mon\n|rule|Sleep Clause Mod: Limit one foe put to sleep\n|clearpoke\n|poke|p1|Gliscor, M|\n|poke|p1|Great Tusk|\n|poke|p1|Landorus-Therian, M|\n|poke|p1|Garchomp, M|\n|poke|p1|Zygarde-10%|\n|poke|p1|Torterra, M|\n|poke|p2|Kommo-o, M|\n|poke|p2|Great Tusk|\n|poke|p2|Ogerpon-Cornerstone, F|\n|poke|p2|Charizard, M|\n|poke|p2|Greninja-*, M|\n|poke|p2|Volcarona, F|\n|teampreview\n|inactive|Battle timer is ON: inactive players will automatically lose when time's up. (requested by PorygionShiny2)\n|\n|t:|1700056143\n|start\n|switch|p1a: Landorus|Landorus-Therian, M|100\/100\n|switch|p2a: Change Dragon|Charizard, M|100\/100\n|-ability|p1a: Landorus|Intimidate|boost\n|-unboost|p2a: Change Dragon|atk|1\n|turn|1\n|\n|t:|1700056161\n|detailschange|p2a: Change Dragon|Charizard-Mega-Y, M\n|-mega|p2a: Change Dragon|Charizard|Charizardite Y\n|-weather|SunnyDay|[from] ability: Drought|[of] p2a: Change Dragon\n|move|p2a: Change Dragon|Air Slash|p1a: Landorus\n|-damage|p1a: Landorus|41\/100\n|move|p1a: Landorus|Knock Off|p2a: Change Dragon\n|-damage|p2a: Change Dragon|54\/100\n|-damage|p1a: Landorus|32\/100|[from] item: Life Orb\n|\n|-weather|SunnyDay|[upkeep]\n|upkeep\n|turn|2\n|inactive|PorygionShiny2 has 120 seconds left.\n|\n|t:|1700056187\n|move|p2a: Change Dragon|Air Slash|p1a: Landorus\n|-damage|p1a: Landorus|0 fnt\n|faint|p1a: Landorus\n|\n|-weather|SunnyDay|[upkeep]\n|upkeep\n|inactive|PorygionShiny2 has 120 seconds left.\n|\n|t:|1700056205\n|switch|p1a: Garchomp|Garchomp, M|100\/100\n|turn|3\n|\n|t:|1700056211\n|switch|p2a: PapillonOhger|Volcarona, F, shiny|100\/100\n|detailschange|p1a: Garchomp|Garchomp-Mega, M\n|-mega|p1a: Garchomp|Garchomp|Garchompite\n|move|p1a: Garchomp|Scale Shot|p2a: PapillonOhger\n|-damage|p2a: PapillonOhger|75\/100\n|-damage|p2a: PapillonOhger|50\/100\n|-damage|p2a: PapillonOhger|22\/100\n|-crit|p2a: PapillonOhger\n|-damage|p2a: PapillonOhger|0 fnt\n|faint|p2a: PapillonOhger\n|-hitcount|p2: PapillonOhger|4\n|-unboost|p1a: Garchomp|def|1\n|-boost|p1a: Garchomp|spe|1\n|\n|-weather|SunnyDay|[upkeep]\n|upkeep\n|\n|t:|1700056231\n|switch|p2a: Ninja Black|Greninja, M, shiny|100\/100\n|turn|4\n|\n|t:|1700056239\n|move|p1a: Garchomp|Scale Shot|p2a: Ninja Black\n|-damage|p2a: Ninja Black|73\/100\n|-damage|p2a: Ninja Black|44\/100\n|-damage|p2a: Ninja Black|19\/100\n|-damage|p2a: Ninja Black|0 fnt\n|faint|p2a: Ninja Black\n|-hitcount|p2: Ninja Black|4\n|-unboost|p1a: Garchomp|def|1\n|-boost|p1a: Garchomp|spe|1\n|\n|-weather|SunnyDay|[upkeep]\n|upkeep\n|\n|t:|1700056249\n|switch|p2a: Mammothranger|Great Tusk|100\/100\n|-activate|p2a: Mammothranger|ability: Protosynthesis\n|-start|p2a: Mammothranger|protosynthesisatk\n|turn|5\n|\n|t:|1700056257\n|move|p1a: Garchomp|Liquidation|p2a: Mammothranger\n|-supereffective|p2a: Mammothranger\n|-damage|p2a: Mammothranger|75\/100\n|move|p2a: Mammothranger|Ice Spinner|p1a: Garchomp\n|-supereffective|p1a: Garchomp\n|-damage|p1a: Garchomp|0 fnt\n|faint|p1a: Garchomp\n|\n|-weather|none\n|-end|p2a: Mammothranger|Protosynthesis\n|upkeep\n|\n|t:|1700056265\n|switch|p1a: Torterra|Torterra, M|100\/100\n|turn|6\n|\n|t:|1700056267\n|move|p2a: Mammothranger|Ice Spinner|p1a: Torterra\n|-supereffective|p1a: Torterra\n|-damage|p1a: Torterra|0 fnt\n|faint|p1a: Torterra\n|\n|upkeep\n|\n|t:|1700056272\n|switch|p1a: Zygarde|Zygarde-10%|100\/100\n|-ability|p1a: Zygarde|Aura Break\n|turn|7\n|\n|t:|1700056275\n|move|p1a: Zygarde|Extreme Speed|p2a: Mammothranger\n|-damage|p2a: Mammothranger|55\/100\n|move|p2a: Mammothranger|Ice Spinner|p1a: Zygarde\n|-supereffective|p1a: Zygarde\n|-enditem|p1a: Zygarde|Focus Sash\n|-damage|p1a: Zygarde|1\/100\n|\n|upkeep\n|turn|8\n|\n|t:|1700056283\n|move|p2a: Mammothranger|Ice Spinner|p1a: Zygarde\n|-supereffective|p1a: Zygarde\n|-damage|p1a: Zygarde|0 fnt\n|faint|p1a: Zygarde\n|\n|upkeep\n|\n|t:|1700056286\n|switch|p1a: Gliscor|Gliscor, M|100\/100\n|turn|9\n|\n|t:|1700056289\n|-terastallize|p1a: Gliscor|Steel\n|move|p2a: Mammothranger|Ice Spinner|p1a: Gliscor\n|-resisted|p1a: Gliscor\n|-damage|p1a: Gliscor|91\/100\n|move|p1a: Gliscor|Ice Fang|p2a: Mammothranger\n|-supereffective|p2a: Mammothranger\n|-damage|p2a: Mammothranger|35\/100\n|-status|p2a: Mammothranger|frz\n|\n|upkeep\n|turn|10\n|\n|t:|1700056298\n|-end|p2a: Mammothranger|Protosynthesis|[silent]\n|switch|p2a: Change Dragon|Charizard-Mega-Y, M|54\/100\n|-weather|SunnyDay|[from] ability: Drought|[of] p2a: Change Dragon\n|move|p1a: Gliscor|Stealth Rock|p2a: Change Dragon\n|-sidestart|p2: KyosukeKamijou|move: Stealth Rock\n|\n|-weather|SunnyDay|[upkeep]\n|upkeep\n|turn|11\n|\n|t:|1700056305\n|switch|p1a: Great Tusk|Great Tusk|100\/100\n|-activate|p1a: Great Tusk|ability: Protosynthesis\n|-start|p1a: Great Tusk|protosynthesisatk\n|move|p2a: Change Dragon|Defog|p1a: Great Tusk\n|-unboost|p1a: Great Tusk|evasion|1\n|-sideend|p2: KyosukeKamijou|Stealth Rock|[from] move: Defog|[of] p2a: Change Dragon\n|\n|-weather|SunnyDay|[upkeep]\n|upkeep\n|turn|12\n|\n|t:|1700056317\n|move|p2a: Change Dragon|Solar Beam||[still]\n|-prepare|p2a: Change Dragon|Solar Beam\n|-anim|p2a: Change Dragon|Solar Beam|p1a: Great Tusk\n|-supereffective|p1a: Great Tusk\n|-damage|p1a: Great Tusk|0 fnt\n|faint|p1a: Great Tusk\n|-end|p1a: Great Tusk|Protosynthesis|[silent]\n|\n|-weather|SunnyDay|[upkeep]\n|upkeep\n|\n|t:|1700056319\n|switch|p1a: Gliscor|Gliscor, M, tera:Steel|91\/100\n|turn|13\n|-message|PorygionShiny2 forfeited.\n|\n|win|KyosukeKamijou\n|raw|PorygionShiny2's rating: 1169 &rarr; <strong>1144<\/strong><br \/>(-25 for losing)\n|raw|KyosukeKamijou's rating: 1172 &rarr; <strong>1197<\/strong><br \/>(+25 for winning)\n|l|\u2606PorygionShiny2\n","uploadtime":1700056328,"views":5,"p1id":"porygionshiny2","p2id":"kyosukekamijou","formatid":"gen9nationaldex","rating":1144,"private":0,"password":""}