{"id":"gen9nationaldex-1995256709","p1":"hisuian greninja","p2":"h0t water","format":"[Gen 9] National Dex","log":"|html|<div class=\"broadcast-blue\"><strong>[Gen 9] National Dex is currently suspecting Sneasler! For information on how to participate check out the <a href=\"https:\/\/www.smogon.com\/forums\/threads\/sv-national-dex-suspect-8-just-dance.3731534\/\">suspect thread<\/a>.<\/strong><\/div>\n|j|\u2606hisuian greninja\n|j|\u2606h0t water\n|t:|1700542136\n|gametype|singles\n|player|p1|hisuian greninja|unknown|1056\n|player|p2|h0t water|102|1100\n|teamsize|p1|6\n|teamsize|p2|6\n|gen|9\n|tier|[Gen 9] National Dex\n|rated|\n|rule|HP Percentage Mod: HP is shown in percentages\n|rule|Endless Battle Clause: Forcing endless battles is banned\n|rule|OHKO Clause: OHKO moves are banned\n|rule|Evasion Clause: Evasion abilities, items, and moves are banned\n|rule|Evasion Abilities Clause: Evasion abilities are banned\n|rule|Evasion Items Clause: Evasion items are banned\n|rule|Evasion Moves Clause: Evasion moves are banned\n|rule|Species Clause: Limit one of each Pok\u00e9mon\n|rule|Sleep Clause Mod: Limit one foe put to sleep\n|clearpoke\n|poke|p1|Urshifu-*, F|\n|poke|p1|Typhlosion-Hisui, F|\n|poke|p1|Enamorus, F|\n|poke|p1|Rillaboom, M|\n|poke|p1|Zapdos|\n|poke|p1|Charizard, M|\n|poke|p2|Iron Valiant|\n|poke|p2|Galvantula, F|\n|poke|p2|Uxie|\n|poke|p2|Blaziken, M|\n|poke|p2|Inteleon, M|\n|poke|p2|Haxorus, M|\n|teampreview\n|inactive|Battle timer is ON: inactive players will automatically lose when time's up. (requested by h0t water)\n|\n|t:|1700542146\n|start\n|switch|p1a: pan|Rillaboom, M, shiny|100\/100\n|switch|p2a: Galvantula|Galvantula, F|100\/100\n|-fieldstart|move: Grassy Terrain|[from] ability: Grassy Surge|[of] p1a: pan\n|turn|1\n|\n|t:|1700542154\n|move|p2a: Galvantula|Sticky Web|p1a: pan\n|-sidestart|p1: hisuian greninja|move: Sticky Web\n|move|p1a: pan|High Horsepower|p2a: Galvantula\n|-damage|p2a: Galvantula|42\/100\n|\n|-heal|p2a: Galvantula|49\/100|[from] Grassy Terrain\n|upkeep\n|turn|2\n|\n|t:|1700542161\n|move|p2a: Galvantula|Bug Buzz|p1a: pan\n|-supereffective|p1a: pan\n|-damage|p1a: pan|0 fnt\n|faint|p1a: pan\n|\n|-heal|p2a: Galvantula|55\/100|[from] Grassy Terrain\n|upkeep\n|\n|t:|1700542178\n|switch|p1a: hades|Typhlosion-Hisui, F|100\/100\n|-item|p2a: Galvantula|Focus Sash|[from] ability: Frisk|[of] p1a: hades|[identify]\n|turn|3\n|\n|t:|1700542186\n|move|p2a: Galvantula|Thunder|p1a: hades\n|-damage|p1a: hades|35\/100\n|-status|p1a: hades|par\n|move|p1a: hades|Heat Wave|p2a: Galvantula\n|-supereffective|p2a: Galvantula\n|-damage|p2a: Galvantula|0 fnt\n|faint|p2a: Galvantula\n|\n|-heal|p1a: hades|41\/100 par|[from] Grassy Terrain\n|upkeep\n|\n|t:|1700542199\n|switch|p2a: Uxie|Uxie|100\/100\n|turn|4\n|\n|t:|1700542205\n|move|p2a: Uxie|Trick|p1a: hades\n|-activate|p2a: Uxie|move: Trick|[of] p1a: hades\n|-item|p1a: hades|Choice Scarf|[from] move: Trick\n|-item|p2a: Uxie|Heavy-Duty Boots|[from] move: Trick\n|move|p1a: hades|Infernal Parade|p2a: Uxie\n|-supereffective|p2a: Uxie\n|-damage|p2a: Uxie|52\/100\n|\n|-heal|p1a: hades|47\/100 par|[from] Grassy Terrain\n|upkeep\n|turn|5\n|\n|t:|1700542214\n|move|p2a: Uxie|Stealth Rock|p1a: hades\n|-sidestart|p1: hisuian greninja|move: Stealth Rock\n|move|p1a: hades|Infernal Parade|p2a: Uxie\n|-supereffective|p2a: Uxie\n|-damage|p2a: Uxie|6\/100\n|\n|-heal|p1a: hades|53\/100 par|[from] Grassy Terrain\n|-fieldend|move: Grassy Terrain\n|upkeep\n|turn|6\n|\n|t:|1700542222\n|move|p2a: Uxie|Memento|p1a: hades\n|-unboost|p1a: hades|atk|2\n|-unboost|p1a: hades|spa|2\n|faint|p2a: Uxie\n|cant|p1a: hades|par\n|\n|upkeep\n|\n|t:|1700542226\n|switch|p2a: Haxorus|Haxorus, M|100\/100\n|-ability|p2a: Haxorus|Mold Breaker\n|turn|7\n|\n|t:|1700542238\n|switch|p1a: helios|Charizard, M, shiny|100\/100\n|-damage|p1a: helios|51\/100|[from] Stealth Rock\n|move|p2a: Haxorus|Swords Dance|p2a: Haxorus\n|-boost|p2a: Haxorus|atk|2\n|\n|upkeep\n|turn|8\n|\n|t:|1700542248\n|-terastallize|p2a: Haxorus|Steel\n|move|p1a: helios|Swords Dance|p1a: helios\n|-boost|p1a: helios|atk|2\n|move|p2a: Haxorus|Scale Shot|p1a: helios\n|-damage|p1a: helios|12\/100\n|-damage|p1a: helios|0 fnt\n|faint|p1a: helios\n|-hitcount|p1: helios|2\n|-unboost|p2a: Haxorus|def|1\n|-boost|p2a: Haxorus|spe|1\n|\n|upkeep\n|\n|t:|1700542261\n|switch|p1a: aphrodite|Enamorus, F, shiny|100\/100\n|turn|9\n|\n|t:|1700542268\n|move|p2a: Haxorus|Iron Head|p1a: aphrodite\n|-supereffective|p1a: aphrodite\n|-damage|p1a: aphrodite|0 fnt\n|faint|p1a: aphrodite\n|\n|upkeep\n|\n|t:|1700542273\n|switch|p1a: posiedon|Urshifu-Rapid-Strike, F|100\/100\n|-activate|p1a: posiedon|move: Sticky Web\n|-unboost|p1a: posiedon|spe|1\n|-damage|p1a: posiedon|94\/100|[from] Stealth Rock\n|turn|10\n|\n|t:|1700542281\n|move|p2a: Haxorus|Scale Shot|p1a: posiedon\n|-damage|p1a: posiedon|68\/100\n|-damage|p1a: posiedon|40\/100\n|-damage|p1a: posiedon|12\/100\n|-crit|p1a: posiedon\n|-damage|p1a: posiedon|0 fnt\n|faint|p1a: posiedon\n|-hitcount|p1: posiedon|4\n|-unboost|p2a: Haxorus|def|1\n|-boost|p2a: Haxorus|spe|1\n|\n|upkeep\n|\n|t:|1700542295\n|switch|p1a: zeus|Zapdos|100\/100\n|turn|11\n|\n|t:|1700542308\n|move|p2a: Haxorus|Scale Shot|p1a: zeus\n|-damage|p1a: zeus|67\/100\n|-damage|p1a: zeus|34\/100\n|-damage|p1a: zeus|0 fnt\n|faint|p1a: zeus\n|-hitcount|p1: zeus|3\n|-unboost|p2a: Haxorus|def|1\n|-boost|p2a: Haxorus|spe|1\n|\n|upkeep\n|-message|hisuian greninja forfeited.\n|\n|win|h0t water\n|raw|hisuian greninja's rating: 1056 &rarr; <strong>1040<\/strong><br \/>(-16 for losing)\n|raw|h0t water's rating: 1100 &rarr; <strong>1122<\/strong><br \/>(+22 for winning)\n|l|\u2606hisuian greninja\n","uploadtime":1700542322,"views":1,"p1id":"hisuiangreninja","p2id":"h0twater","formatid":"gen9nationaldex","rating":1040,"private":0,"password":""}