{"id":"gen9nationaldex-1999736775","p1":"i have swag on me","p2":"NDSNEZ Sanji","format":"[Gen 9] National Dex","log":"|html|<div class=\"broadcast-blue\"><strong>[Gen 9] National Dex is currently suspecting Sneasler! For information on how to participate check out the <a href=\"https:\/\/www.smogon.com\/forums\/threads\/sv-national-dex-suspect-8-just-dance.3731534\/\">suspect thread<\/a>.<\/strong><\/div>\n|j|\u2606i have swag on me\n|j|\u2606NDSNEZ Sanji\n|t:|1701112193\n|gametype|singles\n|player|p1|i have swag on me|dawn-gen4pt|1508\n|player|p2|NDSNEZ Sanji|lusamine-nihilego|1598\n|teamsize|p1|6\n|teamsize|p2|6\n|gen|9\n|tier|[Gen 9] National Dex\n|rated|\n|rule|HP Percentage Mod: HP is shown in percentages\n|rule|Endless Battle Clause: Forcing endless battles is banned\n|rule|OHKO Clause: OHKO moves are banned\n|rule|Evasion Clause: Evasion abilities, items, and moves are banned\n|rule|Evasion Abilities Clause: Evasion abilities are banned\n|rule|Evasion Items Clause: Evasion items are banned\n|rule|Evasion Moves Clause: Evasion moves are banned\n|rule|Species Clause: Limit one of each Pok\u00e9mon\n|rule|Sleep Clause Mod: Limit one foe put to sleep\n|clearpoke\n|poke|p1|Glimmora, F|\n|poke|p1|Ceruledge, M|\n|poke|p1|Iron Valiant|\n|poke|p1|Ogerpon-Wellspring, F|\n|poke|p1|Dragonite, M|\n|poke|p1|Jirachi|\n|poke|p2|Grimmsnarl, M|\n|poke|p2|Iron Hands|\n|poke|p2|Gyarados, F|\n|poke|p2|Cresselia, F|\n|poke|p2|Ursaluna, F|\n|poke|p2|Iron Valiant|\n|teampreview\n|\n|t:|1701112220\n|start\n|switch|p1a: Glimmora|Glimmora, F|100\/100\n|switch|p2a: SUS TERA DNB VOTER|Grimmsnarl, M, shiny|100\/100\n|turn|1\n|\n|t:|1701112236\n|move|p2a: SUS TERA DNB VOTER|Taunt|p1a: Glimmora\n|-start|p1a: Glimmora|move: Taunt\n|cant|p1a: Glimmora|move: Taunt|Stealth Rock\n|\n|upkeep\n|turn|2\n|\n|t:|1701112240\n|move|p2a: SUS TERA DNB VOTER|Reflect|p2a: SUS TERA DNB VOTER\n|-sidestart|p2: NDSNEZ Sanji|Reflect\n|move|p1a: Glimmora|Mortal Spin|p2a: SUS TERA DNB VOTER\n|-supereffective|p2a: SUS TERA DNB VOTER\n|-damage|p2a: SUS TERA DNB VOTER|95\/100\n|-status|p2a: SUS TERA DNB VOTER|psn\n|\n|-damage|p2a: SUS TERA DNB VOTER|83\/100 psn|[from] psn\n|upkeep\n|turn|3\n|\n|t:|1701112247\n|move|p2a: SUS TERA DNB VOTER|Light Screen|p2a: SUS TERA DNB VOTER\n|-sidestart|p2: NDSNEZ Sanji|move: Light Screen\n|move|p1a: Glimmora|Mortal Spin|p2a: SUS TERA DNB VOTER\n|-supereffective|p2a: SUS TERA DNB VOTER\n|-damage|p2a: SUS TERA DNB VOTER|77\/100 psn\n|\n|-damage|p2a: SUS TERA DNB VOTER|65\/100 psn|[from] psn\n|-end|p1a: Glimmora|move: Taunt\n|upkeep\n|turn|4\n|j| Porycomingback\n|\n|t:|1701112262\n|switch|p2a: YOGI BOPS|Ursaluna, F|100\/100\n|move|p1a: Glimmora|Mortal Spin|p2a: YOGI BOPS\n|-resisted|p2a: YOGI BOPS\n|-damage|p2a: YOGI BOPS|99\/100\n|-status|p2a: YOGI BOPS|psn\n|\n|-damage|p2a: YOGI BOPS|87\/100 psn|[from] psn\n|upkeep\n|turn|5\n|\n|t:|1701112271\n|move|p1a: Glimmora|Stealth Rock|p2a: YOGI BOPS\n|-sidestart|p2: NDSNEZ Sanji|move: Stealth Rock\n|move|p2a: YOGI BOPS|Facade|p1a: Glimmora\n|-resisted|p1a: Glimmora\n|-damage|p1a: Glimmora|27\/100\n|-activate|p1a: Glimmora|ability: Toxic Debris\n|-sidestart|p2: NDSNEZ Sanji|move: Toxic Spikes\n|\n|-damage|p2a: YOGI BOPS|75\/100 psn|[from] psn\n|upkeep\n|turn|6\n|\n|t:|1701112281\n|move|p1a: Glimmora|Spikes|p2a: YOGI BOPS\n|-sidestart|p2: NDSNEZ Sanji|Spikes\n|move|p2a: YOGI BOPS|Fire Punch|p1a: Glimmora\n|-resisted|p1a: Glimmora\n|-damage|p1a: Glimmora|0 fnt\n|-activate|p1a: Glimmora|ability: Toxic Debris\n|-sidestart|p2: NDSNEZ Sanji|move: Toxic Spikes\n|faint|p1a: Glimmora\n|\n|-damage|p2a: YOGI BOPS|62\/100 psn|[from] psn\n|upkeep\n|\n|t:|1701112293\n|switch|p1a: Dragonite|Dragonite, M|100\/100\n|turn|7\n|j| leona misa\n|\n|t:|1701112298\n|move|p1a: Dragonite|Earthquake|p2a: YOGI BOPS\n|-damage|p2a: YOGI BOPS|48\/100 psn\n|move|p2a: YOGI BOPS|Facade|p1a: Dragonite\n|-damage|p1a: Dragonite|30\/100\n|\n|-damage|p2a: YOGI BOPS|36\/100 psn|[from] psn\n|upkeep\n|turn|8\n|\n|t:|1701112313\n|move|p1a: Dragonite|Earthquake|p2a: YOGI BOPS\n|-damage|p2a: YOGI BOPS|20\/100 psn\n|move|p2a: YOGI BOPS|Facade|p1a: Dragonite\n|-damage|p1a: Dragonite|0 fnt\n|faint|p1a: Dragonite\n|\n|-damage|p2a: YOGI BOPS|8\/100 psn|[from] psn\n|upkeep\n|\n|t:|1701112323\n|switch|p1a: Ceruledge|Ceruledge, M|100\/100\n|turn|9\n|\n|t:|1701112326\n|move|p1a: Ceruledge|Swords Dance|p1a: Ceruledge\n|-boost|p1a: Ceruledge|atk|2\n|move|p2a: YOGI BOPS|Headlong Rush|p1a: Ceruledge\n|-supereffective|p1a: Ceruledge\n|-enditem|p1a: Ceruledge|Focus Sash\n|-damage|p1a: Ceruledge|1\/100\n|-unboost|p2a: YOGI BOPS|def|1\n|-unboost|p2a: YOGI BOPS|spd|1\n|-ability|p1a: Ceruledge|Weak Armor|boost\n|-unboost|p1a: Ceruledge|def|1\n|-boost|p1a: Ceruledge|spe|2\n|\n|-damage|p2a: YOGI BOPS|0 fnt|[from] psn\n|faint|p2a: YOGI BOPS\n|-sideend|p2: NDSNEZ Sanji|Reflect\n|upkeep\n|\n|t:|1701112339\n|switch|p2a: NO BOZOS|Gyarados, F, shiny|100\/100\n|-damage|p2a: NO BOZOS|75\/100|[from] Stealth Rock\n|-ability|p2a: NO BOZOS|Intimidate|boost\n|-unboost|p1a: Ceruledge|atk|1\n|turn|10\n|\n|t:|1701112344\n|detailschange|p2a: NO BOZOS|Gyarados-Mega, F, shiny\n|-mega|p2a: NO BOZOS|Gyarados|Gyaradosite\n|-ability|p2a: NO BOZOS|Mold Breaker\n|move|p1a: Ceruledge|Close Combat|p2a: NO BOZOS\n|-supereffective|p2a: NO BOZOS\n|-damage|p2a: NO BOZOS|0 fnt\n|-unboost|p1a: Ceruledge|def|1\n|-unboost|p1a: Ceruledge|spd|1\n|faint|p2a: NO BOZOS\n|\n|-sideend|p2: NDSNEZ Sanji|move: Light Screen\n|upkeep\n|\n|t:|1701112354\n|switch|p2a: HANDREW TATE|Iron Hands|100\/100\n|-damage|p2a: HANDREW TATE|94\/100|[from] Stealth Rock\n|-status|p2a: HANDREW TATE|tox\n|-damage|p2a: HANDREW TATE|82\/100 tox|[from] Spikes\n|turn|11\n|\n|t:|1701112361\n|move|p1a: Ceruledge|Poltergeist|p2a: HANDREW TATE|[miss]\n|-miss|p1a: Ceruledge|p2a: HANDREW TATE\n|move|p2a: HANDREW TATE|Thunder Punch|p1a: Ceruledge\n|-damage|p1a: Ceruledge|0 fnt\n|faint|p1a: Ceruledge\n|\n|-damage|p2a: HANDREW TATE|76\/100 tox|[from] psn\n|upkeep\n|\n|t:|1701112366\n|switch|p1a: Iron Valiant|Iron Valiant|100\/100\n|-enditem|p1a: Iron Valiant|Booster Energy\n|-activate|p1a: Iron Valiant|ability: Quark Drive|[fromitem]\n|-start|p1a: Iron Valiant|quarkdrivespe\n|turn|12\n|\n|t:|1701112375\n|move|p1a: Iron Valiant|Moonblast|p2a: HANDREW TATE\n|-supereffective|p2a: HANDREW TATE\n|-damage|p2a: HANDREW TATE|0 fnt\n|faint|p2a: HANDREW TATE\n|-end|p2a: HANDREW TATE|Quark Drive|[silent]\n|\n|upkeep\n|\n|t:|1701112379\n|switch|p2a: DJ KHALED|Cresselia, F, shiny|100\/100\n|-damage|p2a: DJ KHALED|88\/100|[from] Stealth Rock\n|turn|13\n|\n|t:|1701112383\n|-terastallize|p2a: DJ KHALED|Poison\n|move|p1a: Iron Valiant|Calm Mind|p1a: Iron Valiant\n|-boost|p1a: Iron Valiant|spa|1\n|-boost|p1a: Iron Valiant|spd|1\n|move|p2a: DJ KHALED|Calm Mind|p2a: DJ KHALED\n|-boost|p2a: DJ KHALED|spa|1\n|-boost|p2a: DJ KHALED|spd|1\n|\n|upkeep\n|turn|14\n|\n|t:|1701112390\n|move|p1a: Iron Valiant|Encore|p2a: DJ KHALED\n|-start|p2a: DJ KHALED|Encore\n|move|p2a: DJ KHALED|Calm Mind|p2a: DJ KHALED\n|-boost|p2a: DJ KHALED|spa|1\n|-boost|p2a: DJ KHALED|spd|1\n|\n|upkeep\n|turn|15\n|\n|t:|1701112396\n|-end|p1a: Iron Valiant|Quark Drive|[silent]\n|switch|p1a: Ogerpon|Ogerpon-Wellspring, F|100\/100\n|move|p2a: DJ KHALED|Calm Mind|p2a: DJ KHALED\n|-boost|p2a: DJ KHALED|spa|1\n|-boost|p2a: DJ KHALED|spd|1\n|\n|upkeep\n|turn|16\n|\n|t:|1701112401\n|move|p1a: Ogerpon|Swords Dance|p1a: Ogerpon\n|-boost|p1a: Ogerpon|atk|2\n|move|p2a: DJ KHALED|Calm Mind|p2a: DJ KHALED\n|-boost|p2a: DJ KHALED|spa|1\n|-boost|p2a: DJ KHALED|spd|1\n|\n|-end|p2a: DJ KHALED|Encore\n|upkeep\n|turn|17\n|\n|t:|1701112408\n|-terastallize|p1a: Ogerpon|Water\n|detailschange|p1a: Ogerpon|Ogerpon-Wellspring-Tera, F, tera:Water\n|-ability|p1a: Ogerpon|Embody Aspect (Wellspring)|boost\n|-boost|p1a: Ogerpon|spd|1\n|move|p1a: Ogerpon|Ivy Cudgel|p2a: DJ KHALED|[anim] Ivy Cudgel Water\n|-damage|p2a: DJ KHALED|2\/100\n|-enditem|p2a: DJ KHALED|Kee Berry|[eat]\n|-boost|p2a: DJ KHALED|def|1|[from] item: Kee Berry\n|move|p2a: DJ KHALED|Stored Power|p1a: Ogerpon\n|-damage|p1a: Ogerpon|0 fnt\n|faint|p1a: Ogerpon\n|\n|upkeep\n|\n|t:|1701112422\n|switch|p1a: Iron Valiant|Iron Valiant|100\/100\n|turn|18\n|\n|t:|1701112433\n|move|p1a: Iron Valiant|Moonblast|p2a: DJ KHALED\n|-resisted|p2a: DJ KHALED\n|-damage|p2a: DJ KHALED|0 fnt\n|faint|p2a: DJ KHALED\n|\n|upkeep\n|\n|t:|1701112437\n|switch|p2a: GALLADEORADE|Iron Valiant|100\/100\n|-damage|p2a: GALLADEORADE|94\/100|[from] Stealth Rock\n|-status|p2a: GALLADEORADE|tox\n|-damage|p2a: GALLADEORADE|82\/100 tox|[from] Spikes\n|-enditem|p2a: GALLADEORADE|Booster Energy\n|-activate|p2a: GALLADEORADE|ability: Quark Drive|[fromitem]\n|-start|p2a: GALLADEORADE|quarkdrivespe\n|turn|19\n|\n|t:|1701112447\n|move|p2a: GALLADEORADE|Focus Blast|p1a: Iron Valiant\n|-resisted|p1a: Iron Valiant\n|-damage|p1a: Iron Valiant|52\/100\n|move|p1a: Iron Valiant|Moonblast|p2a: GALLADEORADE\n|-supereffective|p2a: GALLADEORADE\n|-damage|p2a: GALLADEORADE|0 fnt\n|faint|p2a: GALLADEORADE\n|-end|p2a: GALLADEORADE|Quark Drive|[silent]\n|\n|upkeep\n|\n|t:|1701112454\n|switch|p2a: SUS TERA DNB VOTER|Grimmsnarl, M, shiny|65\/100 psn\n|-damage|p2a: SUS TERA DNB VOTER|53\/100 psn|[from] Stealth Rock\n|-damage|p2a: SUS TERA DNB VOTER|40\/100 psn|[from] Spikes\n|turn|20\n|c|\u2606NDSNEZ Sanji|why did you stay in there\n|c|\u2606NDSNEZ Sanji|just curious\n|c|\u2606i have swag on me|im godlike\n|c|\u2606NDSNEZ Sanji|right\n|c|\u2606i have swag on me|and not very good at the game\n|-message|NDSNEZ Sanji forfeited.\n|\n|win|i have swag on me\n|raw|i have swag on me's rating: 1508 &rarr; <strong>1533<\/strong><br \/>(+25 for winning)\n|raw|NDSNEZ Sanji's rating: 1598 &rarr; <strong>1573<\/strong><br \/>(-25 for losing)\n|l|\u2606NDSNEZ Sanji\n|l| Porycomingback\n","uploadtime":1701112493,"views":13,"p1id":"ihaveswagonme","p2id":"ndsnezsanji","formatid":"gen9nationaldex","rating":1533,"private":0,"password":""}