{"id":"gen9nationaldex-1995648129","p1":"Adrian Banister","p2":"Kiidclawz","format":"[Gen 9] National Dex","log":"|html|<div class=\"broadcast-blue\"><strong>[Gen 9] National Dex is currently suspecting Sneasler! For information on how to participate check out the <a href=\"https:\/\/www.smogon.com\/forums\/threads\/sv-national-dex-suspect-8-just-dance.3731534\/\">suspect thread<\/a>.<\/strong><\/div>\n|j|\u2606Adrian Banister\n|j|\u2606Kiidclawz\n|t:|1700590596\n|gametype|singles\n|player|p1|Adrian Banister|1|1129\n|player|p2|Kiidclawz|cynthia|1070\n|teamsize|p1|6\n|teamsize|p2|6\n|gen|9\n|tier|[Gen 9] National Dex\n|rated|\n|rule|HP Percentage Mod: HP is shown in percentages\n|rule|Endless Battle Clause: Forcing endless battles is banned\n|rule|OHKO Clause: OHKO moves are banned\n|rule|Evasion Clause: Evasion abilities, items, and moves are banned\n|rule|Evasion Abilities Clause: Evasion abilities are banned\n|rule|Evasion Items Clause: Evasion items are banned\n|rule|Evasion Moves Clause: Evasion moves are banned\n|rule|Species Clause: Limit one of each Pok\u00e9mon\n|rule|Sleep Clause Mod: Limit one foe put to sleep\n|clearpoke\n|poke|p1|Vikavolt, M|\n|poke|p1|Quaquaval, F|\n|poke|p1|Hitmonlee, M|\n|poke|p1|Golurk|\n|poke|p1|Altaria, M|\n|poke|p1|Salazzle, F|\n|poke|p2|Charizard, F|\n|poke|p2|Umbreon, F|\n|poke|p2|Okidogi, M|\n|poke|p2|Xurkitree|\n|poke|p2|Cetitan, F|\n|poke|p2|Diancie|\n|teampreview\n|inactive|Battle timer is ON: inactive players will automatically lose when time's up. (requested by Adrian Banister)\n|\n|t:|1700590605\n|start\n|switch|p1a: Sheer Heart Attack|Quaquaval, F|100\/100\n|switch|p2a: lol|Diancie, shiny|100\/100\n|turn|1\n|c|\u2606Adrian Banister|gl hf\n|c|\u2606Kiidclawz|:3\n|\n|t:|1700590625\n|-terastallize|p2a: lol|Water\n|move|p1a: Sheer Heart Attack|Aqua Step|p2a: lol\n|-resisted|p2a: lol\n|-damage|p2a: lol|85\/100\n|-boost|p1a: Sheer Heart Attack|spe|1\n|move|p2a: lol|Stealth Rock|p1a: Sheer Heart Attack\n|-sidestart|p1: Adrian Banister|move: Stealth Rock\n|\n|-heal|p2a: lol|92\/100|[from] item: Leftovers\n|upkeep\n|turn|2\n|\n|t:|1700590634\n|move|p1a: Sheer Heart Attack|Close Combat|p2a: lol\n|-damage|p2a: lol|46\/100\n|-unboost|p1a: Sheer Heart Attack|def|1\n|-unboost|p1a: Sheer Heart Attack|spd|1\n|move|p2a: lol|Draining Kiss|p1a: Sheer Heart Attack\n|-supereffective|p1a: Sheer Heart Attack\n|-damage|p1a: Sheer Heart Attack|33\/100\n|-heal|p2a: lol|98\/100|[from] drain|[of] p1a: Sheer Heart Attack\n|\n|-heal|p2a: lol|100\/100|[from] item: Leftovers\n|upkeep\n|turn|3\n|\n|t:|1700590645\n|move|p1a: Sheer Heart Attack|Knock Off|p2a: lol\n|-damage|p2a: lol|77\/100\n|-enditem|p2a: lol|Leftovers|[from] move: Knock Off|[of] p1a: Sheer Heart Attack\n|move|p2a: lol|Draining Kiss|p1a: Sheer Heart Attack\n|-supereffective|p1a: Sheer Heart Attack\n|-damage|p1a: Sheer Heart Attack|0 fnt\n|-heal|p2a: lol|100\/100|[from] drain|[of] p1a: Sheer Heart Attack\n|faint|p1a: Sheer Heart Attack\n|\n|upkeep\n|\n|t:|1700590654\n|switch|p1a: Radio Gaga|Vikavolt, M|100\/100\n|-damage|p1a: Radio Gaga|76\/100|[from] Stealth Rock\n|turn|4\n|\n|t:|1700590668\n|move|p2a: lol|Diamond Storm|p1a: Radio Gaga\n|-supereffective|p1a: Radio Gaga\n|-damage|p1a: Radio Gaga|0 fnt\n|-boost|p2a: lol|def|2\n|faint|p1a: Radio Gaga\n|\n|upkeep\n|\n|t:|1700590694\n|switch|p1a: Don't Stop Me Now|Altaria, M, shiny|100\/100\n|-damage|p1a: Don't Stop Me Now|76\/100|[from] Stealth Rock\n|turn|5\n|\n|t:|1700590708\n|detailschange|p1a: Don't Stop Me Now|Altaria-Mega, M, shiny\n|-mega|p1a: Don't Stop Me Now|Altaria|Altarianite\n|move|p1a: Don't Stop Me Now|Agility|p1a: Don't Stop Me Now\n|-boost|p1a: Don't Stop Me Now|spe|2\n|move|p2a: lol|Diamond Storm|p1a: Don't Stop Me Now\n|-damage|p1a: Don't Stop Me Now|40\/100\n|\n|upkeep\n|turn|6\n|\n|t:|1700590716\n|move|p1a: Don't Stop Me Now|Dazzling Gleam|p2a: lol\n|-damage|p2a: lol|74\/100\n|move|p2a: lol|Diamond Storm|p1a: Don't Stop Me Now\n|-damage|p1a: Don't Stop Me Now|0 fnt\n|faint|p1a: Don't Stop Me Now\n|\n|upkeep\n|inactive|Adrian Banister has 120 seconds left.\n|c|\u2606Adrian Banister|Damn\n|-message|Adrian Banister forfeited.\n|\n|win|Kiidclawz\n|raw|Adrian Banister's rating: 1129 &rarr; <strong>1100<\/strong><br \/>(-29 for losing)\n|raw|Kiidclawz's rating: 1070 &rarr; <strong>1104<\/strong><br \/>(+34 for winning)\n|l|\u2606Adrian Banister\n","uploadtime":1700590964,"views":0,"p1id":"adrianbanister","p2id":"kiidclawz","formatid":"gen9nationaldex","rating":1100,"private":0,"password":""}