{"id":"gen9nationaldex-1990065640","p1":"Sakni","p2":"Icey37","format":"[Gen 9] National Dex","log":"|j|\u2606Sakni\n|j|\u203dIcey37\n|t:|1699920833\n|gametype|singles\n|player|p1|Sakni|alec-anime|1359\n|player|p2|Icey37|bea|1510\n|teamsize|p1|6\n|teamsize|p2|6\n|gen|9\n|tier|[Gen 9] National Dex\n|rated|\n|rule|HP Percentage Mod: HP is shown in percentages\n|rule|Endless Battle Clause: Forcing endless battles is banned\n|rule|OHKO Clause: OHKO moves are banned\n|rule|Evasion Clause: Evasion abilities, items, and moves are banned\n|rule|Evasion Abilities Clause: Evasion abilities are banned\n|rule|Evasion Items Clause: Evasion items are banned\n|rule|Evasion Moves Clause: Evasion moves are banned\n|rule|Species Clause: Limit one of each Pok\u00e9mon\n|rule|Sleep Clause Mod: Limit one foe put to sleep\n|clearpoke\n|poke|p1|Tapu Lele|\n|poke|p1|Volcarona, F|\n|poke|p1|Lopunny, F|\n|poke|p1|Tapu Fini|\n|poke|p1|Garganacl, M|\n|poke|p1|Moltres|\n|poke|p2|Torkoal, F|\n|poke|p2|Venusaur, M|\n|poke|p2|Slither Wing|\n|poke|p2|Houndoom, F|\n|poke|p2|Volcarona, F|\n|poke|p2|Gliscor, F|\n|teampreview\n|\n|t:|1699920841\n|start\n|switch|p1a: Garganacl|Garganacl, M|100\/100\n|switch|p2a: Torkoal|Torkoal, F|100\/100\n|-weather|SunnyDay|[from] ability: Drought|[of] p2a: Torkoal\n|turn|1\n|inactive|Battle timer is ON: inactive players will automatically lose when time's up. (requested by Icey37)\n|inactive|Sakni also wants the timer to be on.\n|\n|t:|1699920848\n|move|p1a: Garganacl|Salt Cure|p2a: Torkoal\n|-supereffective|p2a: Torkoal\n|-damage|p2a: Torkoal|81\/100\n|-start|p2a: Torkoal|Salt Cure\n|move|p2a: Torkoal|Stealth Rock|p1a: Garganacl\n|-sidestart|p1: Sakni|move: Stealth Rock\n|\n|-weather|SunnyDay|[upkeep]\n|-damage|p2a: Torkoal|68\/100|[from] Salt Cure\n|upkeep\n|turn|2\n|\n|t:|1699920854\n|switch|p2a: Venusaur|Venusaur, M|100\/100\n|move|p1a: Garganacl|Curse|p1a: Garganacl\n|-unboost|p1a: Garganacl|spe|1\n|-boost|p1a: Garganacl|atk|1\n|-boost|p1a: Garganacl|def|1\n|\n|-weather|SunnyDay|[upkeep]\n|upkeep\n|turn|3\n|\n|t:|1699920862\n|move|p2a: Venusaur|Growth|p2a: Venusaur\n|-boost|p2a: Venusaur|atk|2\n|-boost|p2a: Venusaur|spa|2\n|move|p1a: Garganacl|Salt Cure|p2a: Venusaur\n|-damage|p2a: Venusaur|74\/100\n|-start|p2a: Venusaur|Salt Cure\n|\n|-weather|SunnyDay|[upkeep]\n|-damage|p2a: Venusaur|61\/100|[from] Salt Cure\n|upkeep\n|turn|4\n|\n|t:|1699920867\n|move|p2a: Venusaur|Giga Drain|p1a: Garganacl\n|-supereffective|p1a: Garganacl\n|-damage|p1a: Garganacl|0 fnt\n|-heal|p2a: Venusaur|100\/100|[from] drain|[of] p1a: Garganacl\n|faint|p1a: Garganacl\n|\n|-weather|SunnyDay|[upkeep]\n|-damage|p2a: Venusaur|88\/100|[from] Salt Cure\n|upkeep\n|\n|t:|1699920876\n|switch|p1a: Moltres|Moltres, shiny|100\/100\n|turn|5\n|\n|t:|1699920880\n|move|p2a: Venusaur|Sludge Bomb|p1a: Moltres\n|-damage|p1a: Moltres|14\/100\n|-status|p1a: Moltres|psn\n|move|p1a: Moltres|Defog|p2a: Venusaur\n|-unboost|p2a: Venusaur|evasion|1\n|-sideend|p1: Sakni|Stealth Rock|[from] move: Defog|[of] p1a: Moltres\n|\n|-weather|SunnyDay|[upkeep]\n|-damage|p1a: Moltres|2\/100 psn|[from] psn\n|-damage|p2a: Venusaur|76\/100|[from] Salt Cure\n|upkeep\n|turn|6\n|\n|t:|1699920885\n|move|p2a: Venusaur|Giga Drain|p1a: Moltres\n|-resisted|p1a: Moltres\n|-damage|p1a: Moltres|0 fnt\n|-heal|p2a: Venusaur|77\/100|[from] drain|[of] p1a: Moltres\n|faint|p1a: Moltres\n|\n|-weather|SunnyDay|[upkeep]\n|-damage|p2a: Venusaur|64\/100|[from] Salt Cure\n|upkeep\n|\n|t:|1699920891\n|switch|p1a: Sakura|Lopunny, F, shiny|100\/100\n|turn|7\n|\n|t:|1699920895\n|detailschange|p1a: Sakura|Lopunny-Mega, F, shiny\n|-mega|p1a: Sakura|Lopunny|Lopunnite\n|move|p1a: Sakura|Fake Out|p2a: Venusaur\n|-damage|p2a: Venusaur|35\/100\n|cant|p2a: Venusaur|flinch\n|\n|-weather|SunnyDay|[upkeep]\n|-damage|p2a: Venusaur|23\/100|[from] Salt Cure\n|upkeep\n|turn|8\n|\n|t:|1699920907\n|switch|p1a: Volcarona|Volcarona, F|100\/100\n|move|p2a: Venusaur|Giga Drain|p1a: Volcarona\n|-resisted|p1a: Volcarona\n|-damage|p1a: Volcarona|81\/100\n|-heal|p2a: Venusaur|33\/100|[from] drain|[of] p1a: Volcarona\n|\n|-weather|none\n|-heal|p1a: Volcarona|87\/100|[from] item: Leftovers\n|-damage|p2a: Venusaur|20\/100|[from] Salt Cure\n|upkeep\n|turn|9\n|\n|t:|1699920915\n|switch|p2a: Torkoal|Torkoal, F|68\/100\n|-weather|SunnyDay|[from] ability: Drought|[of] p2a: Torkoal\n|move|p1a: Volcarona|Substitute|p1a: Volcarona\n|-start|p1a: Volcarona|Substitute\n|-damage|p1a: Volcarona|63\/100\n|\n|-weather|SunnyDay|[upkeep]\n|-heal|p1a: Volcarona|69\/100|[from] item: Leftovers\n|upkeep\n|turn|10\n|\n|t:|1699920920\n|move|p1a: Volcarona|Quiver Dance|p1a: Volcarona\n|-boost|p1a: Volcarona|spa|1\n|-boost|p1a: Volcarona|spd|1\n|-boost|p1a: Volcarona|spe|1\n|move|p2a: Torkoal|Solar Beam||[still]\n|-prepare|p2a: Torkoal|Solar Beam\n|-anim|p2a: Torkoal|Solar Beam|p1a: Volcarona\n|-resisted|p1a: Volcarona\n|-activate|p1a: Volcarona|move: Substitute|[damage]\n|\n|-weather|SunnyDay|[upkeep]\n|-heal|p1a: Volcarona|75\/100|[from] item: Leftovers\n|upkeep\n|turn|11\n|\n|t:|1699920922\n|move|p1a: Volcarona|Quiver Dance|p1a: Volcarona\n|-boost|p1a: Volcarona|spa|1\n|-boost|p1a: Volcarona|spd|1\n|-boost|p1a: Volcarona|spe|1\n|move|p2a: Torkoal|Stealth Rock|p1a: Volcarona\n|-sidestart|p1: Sakni|move: Stealth Rock\n|\n|-weather|SunnyDay|[upkeep]\n|-heal|p1a: Volcarona|81\/100|[from] item: Leftovers\n|upkeep\n|turn|12\n|\n|t:|1699920925\n|move|p1a: Volcarona|Quiver Dance|p1a: Volcarona\n|-boost|p1a: Volcarona|spa|1\n|-boost|p1a: Volcarona|spd|1\n|-boost|p1a: Volcarona|spe|1\n|move|p2a: Torkoal|Solar Beam||[still]\n|-prepare|p2a: Torkoal|Solar Beam\n|-anim|p2a: Torkoal|Solar Beam|p1a: Volcarona\n|-resisted|p1a: Volcarona\n|-activate|p1a: Volcarona|move: Substitute|[damage]\n|\n|-weather|SunnyDay|[upkeep]\n|-heal|p1a: Volcarona|87\/100|[from] item: Leftovers\n|upkeep\n|turn|13\n|\n|t:|1699920931\n|move|p1a: Volcarona|Quiver Dance|p1a: Volcarona\n|-boost|p1a: Volcarona|spa|1\n|-boost|p1a: Volcarona|spd|1\n|-boost|p1a: Volcarona|spe|1\n|move|p2a: Torkoal|Solar Beam||[still]\n|-prepare|p2a: Torkoal|Solar Beam\n|-anim|p2a: Torkoal|Solar Beam|p1a: Volcarona\n|-resisted|p1a: Volcarona\n|-activate|p1a: Volcarona|move: Substitute|[damage]\n|\n|-weather|SunnyDay|[upkeep]\n|-heal|p1a: Volcarona|93\/100|[from] item: Leftovers\n|upkeep\n|turn|14\n|\n|t:|1699920933\n|move|p1a: Volcarona|Fiery Dance|p2a: Torkoal\n|-resisted|p2a: Torkoal\n|-crit|p2a: Torkoal\n|-damage|p2a: Torkoal|0 fnt\n|-boost|p1a: Volcarona|spa|1\n|faint|p2a: Torkoal\n|\n|-weather|SunnyDay|[upkeep]\n|-heal|p1a: Volcarona|99\/100|[from] item: Leftovers\n|upkeep\n|\n|t:|1699920941\n|switch|p2a: Venusaur|Venusaur, M|20\/100\n|turn|15\n|\n|t:|1699920944\n|move|p1a: Volcarona|Fiery Dance|p2a: Venusaur\n|-supereffective|p2a: Venusaur\n|-damage|p2a: Venusaur|0 fnt\n|faint|p2a: Venusaur\n|\n|-weather|SunnyDay|[upkeep]\n|-heal|p1a: Volcarona|100\/100|[from] item: Leftovers\n|upkeep\n|\n|t:|1699920947\n|switch|p2a: Houndoom|Houndoom, F|100\/100\n|turn|16\n|\n|t:|1699920952\n|detailschange|p2a: Houndoom|Houndoom-Mega, F\n|-mega|p2a: Houndoom|Houndoom|Houndoominite\n|move|p1a: Volcarona|Giga Drain|p2a: Houndoom\n|-resisted|p2a: Houndoom\n|-crit|p2a: Houndoom\n|-damage|p2a: Houndoom|18\/100\n|move|p2a: Houndoom|Dark Pulse|p1a: Volcarona\n|-end|p1a: Volcarona|Substitute\n|\n|-weather|none\n|upkeep\n|turn|17\n|\n|t:|1699920963\n|move|p1a: Volcarona|Fiery Dance|p2a: Houndoom\n|-resisted|p2a: Houndoom\n|-crit|p2a: Houndoom\n|-damage|p2a: Houndoom|0 fnt\n|faint|p2a: Houndoom\n|\n|upkeep\n|\n|t:|1699920965\n|switch|p2a: Slither Wing|Slither Wing|100\/100\n|turn|18\n|c|\u2606Sakni|Gg\n|\n|t:|1699920971\n|-terastallize|p2a: Slither Wing|Bug\n|move|p2a: Slither Wing|First Impression|p1a: Volcarona\n|-resisted|p1a: Volcarona\n|-crit|p1a: Volcarona\n|-damage|p1a: Volcarona|0 fnt\n|faint|p1a: Volcarona\n|\n|upkeep\n|\n|t:|1699920995\n|switch|p1a: Sakura|Lopunny-Mega, F, shiny|100\/100\n|-damage|p1a: Sakura|95\/100|[from] Stealth Rock\n|turn|19\n|\n|t:|1699920998\n|-end|p2a: Slither Wing|Protosynthesis|[silent]\n|switch|p2a: Gliscor|Gliscor, F|100\/100\n|move|p1a: Sakura|Fake Out|p2a: Gliscor\n|-damage|p2a: Gliscor|83\/100\n|\n|-status|p2a: Gliscor|tox|[from] item: Toxic Orb\n|upkeep\n|turn|20\n|\n|t:|1699921004\n|switch|p2a: Volcarona|Volcarona, F|100\/100\n|move|p1a: Sakura|Ice Punch|p2a: Volcarona\n|-resisted|p2a: Volcarona\n|-damage|p2a: Volcarona|81\/100\n|-status|p1a: Sakura|brn|[from] ability: Flame Body|[of] p2a: Volcarona\n|\n|-damage|p1a: Sakura|89\/100 brn|[from] brn\n|upkeep\n|turn|21\n|\n|t:|1699921007\n|move|p1a: Sakura|Return|p2a: Volcarona\n|-damage|p2a: Volcarona|36\/100\n|move|p2a: Volcarona|Quiver Dance|p2a: Volcarona\n|-boost|p2a: Volcarona|spa|1\n|-boost|p2a: Volcarona|spd|1\n|-boost|p2a: Volcarona|spe|1\n|\n|-damage|p1a: Sakura|83\/100 brn|[from] brn\n|upkeep\n|turn|22\n|\n|t:|1699921011\n|move|p2a: Volcarona|Giga Drain|p1a: Sakura\n|-crit|p1a: Sakura\n|-damage|p1a: Sakura|8\/100 brn\n|-heal|p2a: Volcarona|68\/100|[from] drain|[of] p1a: Sakura\n|move|p1a: Sakura|Return|p2a: Volcarona\n|-damage|p2a: Volcarona|25\/100\n|\n|-damage|p1a: Sakura|2\/100 brn|[from] brn\n|upkeep\n|turn|23\n|\n|t:|1699921015\n|move|p2a: Volcarona|Giga Drain|p1a: Sakura\n|-crit|p1a: Sakura\n|-damage|p1a: Sakura|0 fnt\n|-heal|p2a: Volcarona|26\/100|[from] drain|[of] p1a: Sakura\n|faint|p1a: Sakura\n|\n|upkeep\n|\n|t:|1699921018\n|switch|p1a: Oya|Tapu Lele, shiny|100\/100\n|-damage|p1a: Oya|88\/100|[from] Stealth Rock\n|-fieldstart|move: Psychic Terrain|[from] ability: Psychic Surge|[of] p1a: Oya\n|turn|24\n|\n|t:|1699921028\n|move|p2a: Volcarona|Flamethrower|p1a: Oya\n|-damage|p1a: Oya|8\/100\n|move|p1a: Oya|Psyshock|p2a: Volcarona\n|-damage|p2a: Volcarona|0 fnt\n|faint|p2a: Volcarona\n|\n|upkeep\n|\n|t:|1699921031\n|switch|p2a: Gliscor|Gliscor, F|83\/100 tox\n|turn|25\n|\n|t:|1699921038\n|move|p1a: Oya|Psyshock|p2a: Gliscor\n|-damage|p2a: Gliscor|38\/100 tox\n|move|p2a: Gliscor|Defog|p1a: Oya\n|-unboost|p1a: Oya|evasion|1\n|-sideend|p1: Sakni|Stealth Rock|[from] move: Defog|[of] p2a: Gliscor\n|-fieldend|move: Psychic Terrain\n|\n|-heal|p2a: Gliscor|50\/100 tox|[from] ability: Poison Heal\n|upkeep\n|turn|26\n|\n|t:|1699921041\n|move|p1a: Oya|Psyshock|p2a: Gliscor\n|-damage|p2a: Gliscor|20\/100 tox\n|move|p2a: Gliscor|Toxic|p1a: Oya\n|-status|p1a: Oya|tox\n|\n|-damage|p1a: Oya|2\/100 tox|[from] psn\n|-heal|p2a: Gliscor|32\/100 tox|[from] ability: Poison Heal\n|upkeep\n|turn|27\n|\n|t:|1699921044\n|move|p1a: Oya|Psyshock|p2a: Gliscor\n|-damage|p2a: Gliscor|0 fnt\n|faint|p2a: Gliscor\n|\n|-damage|p1a: Oya|0 fnt|[from] psn\n|faint|p1a: Oya\n|upkeep\n|\n|t:|1699921047\n|switch|p1a: Oshun|Tapu Fini, shiny|100\/100\n|switch|p2a: Slither Wing|Slither Wing, tera:Bug|100\/100\n|-fieldstart|move: Misty Terrain|[from] ability: Misty Surge|[of] p1a: Oshun\n|turn|28\n|\n|t:|1699921059\n|move|p1a: Oshun|Draining Kiss|p2a: Slither Wing\n|-damage|p2a: Slither Wing|84\/100\n|move|p2a: Slither Wing|Leech Life|p1a: Oshun\n|-resisted|p1a: Oshun\n|-damage|p1a: Oshun|60\/100\n|-heal|p2a: Slither Wing|100\/100|[from] drain|[of] p1a: Oshun\n|\n|-heal|p1a: Oshun|66\/100|[from] item: Leftovers\n|upkeep\n|turn|29\n|\n|t:|1699921062\n|move|p1a: Oshun|Calm Mind|p1a: Oshun\n|-boost|p1a: Oshun|spa|1\n|-boost|p1a: Oshun|spd|1\n|move|p2a: Slither Wing|Leech Life|p1a: Oshun\n|-resisted|p1a: Oshun\n|-damage|p1a: Oshun|22\/100\n|\n|-heal|p1a: Oshun|28\/100|[from] item: Leftovers\n|upkeep\n|turn|30\n|\n|t:|1699921066\n|-terastallize|p1a: Oshun|Fairy\n|move|p1a: Oshun|Draining Kiss|p2a: Slither Wing\n|-damage|p2a: Slither Wing|62\/100\n|-heal|p1a: Oshun|61\/100|[from] drain|[of] p2a: Slither Wing\n|move|p2a: Slither Wing|Leech Life|p1a: Oshun\n|-resisted|p1a: Oshun\n|-damage|p1a: Oshun|15\/100\n|-heal|p2a: Slither Wing|82\/100|[from] drain|[of] p1a: Oshun\n|\n|-heal|p1a: Oshun|22\/100|[from] item: Leftovers\n|upkeep\n|turn|31\n|\n|t:|1699921073\n|move|p1a: Oshun|Taunt|p2a: Slither Wing\n|-start|p2a: Slither Wing|move: Taunt\n|move|p2a: Slither Wing|Leech Life|p1a: Oshun\n|-resisted|p1a: Oshun\n|-damage|p1a: Oshun|0 fnt\n|-heal|p2a: Slither Wing|91\/100|[from] drain|[of] p1a: Oshun\n|faint|p1a: Oshun\n|\n|win|Icey37\n|raw|Sakni's rating: 1359 &rarr; <strong>1347<\/strong><br \/>(-12 for losing)\n|raw|Icey37's rating: 1510 &rarr; <strong>1522<\/strong><br \/>(+12 for winning)\n|l|\u2606Sakni\n|l|\u203dIcey37\n|j|\u203dIcey37\n|player|p2|Icey37|bea\n|n|\u203dIcey37|icey37\n","uploadtime":1699921421,"views":5,"p1id":"sakni","p2id":"icey37","formatid":"gen9nationaldex","rating":1347,"private":0,"password":""}