{"id":"gen9nationaldex-1987764566","p1":"oodinosaurking","p2":"wolfizin","format":"[Gen 9] National Dex","log":"|j|\u2606oodinosaurking\n|j|\u2606wolfizin\n|t:|1699634798\n|gametype|singles\n|player|p1|oodinosaurking|266|1061\n|player|p2|wolfizin|n|1167\n|teamsize|p1|6\n|teamsize|p2|6\n|gen|9\n|tier|[Gen 9] National Dex\n|rated|\n|rule|HP Percentage Mod: HP is shown in percentages\n|rule|Endless Battle Clause: Forcing endless battles is banned\n|rule|OHKO Clause: OHKO moves are banned\n|rule|Evasion Clause: Evasion abilities, items, and moves are banned\n|rule|Evasion Abilities Clause: Evasion abilities are banned\n|rule|Evasion Items Clause: Evasion items are banned\n|rule|Evasion Moves Clause: Evasion moves are banned\n|rule|Species Clause: Limit one of each Pok\u00e9mon\n|rule|Sleep Clause Mod: Limit one foe put to sleep\n|clearpoke\n|poke|p1|Meganium, F|\n|poke|p1|Crobat, M|\n|poke|p1|Ampharos, M|\n|poke|p1|Quagsire, M|\n|poke|p1|Heracross, M|\n|poke|p1|Espeon, F|\n|poke|p2|Grimmsnarl, M|\n|poke|p2|Hatterene, F|\n|poke|p2|Ferrothorn, M|\n|poke|p2|Lopunny, F|\n|poke|p2|Ambipom, M|\n|poke|p2|Garchomp, M|\n|teampreview\n|inactive|Battle timer is ON: inactive players will automatically lose when time's up. (requested by oodinosaurking)\n|\n|t:|1699634810\n|start\n|switch|p1a: Meganium|Meganium, F|100\/100\n|switch|p2a: Grimmsnarl|Grimmsnarl, M, shiny|100\/100\n|turn|1\n|\n|t:|1699634815\n|move|p2a: Grimmsnarl|Reflect|p2a: Grimmsnarl\n|-sidestart|p2: wolfizin|Reflect\n|move|p1a: Meganium|Light Screen|p1a: Meganium\n|-sidestart|p1: oodinosaurking|move: Light Screen\n|\n|upkeep\n|turn|2\n|\n|t:|1699634819\n|move|p2a: Grimmsnarl|Light Screen|p2a: Grimmsnarl\n|-sidestart|p2: wolfizin|move: Light Screen\n|move|p1a: Meganium|Reflect|p1a: Meganium\n|-sidestart|p1: oodinosaurking|Reflect\n|\n|upkeep\n|turn|3\n|\n|t:|1699634822\n|move|p2a: Grimmsnarl|Taunt|p1a: Meganium\n|-start|p1a: Meganium|move: Taunt\n|cant|p1a: Meganium|move: Taunt|Leech Seed\n|\n|upkeep\n|turn|4\n|\n|t:|1699634829\n|switch|p1a: Crobat|Crobat, M|100\/100\n|move|p2a: Grimmsnarl|Parting Shot|p1a: Crobat\n|-unboost|p1a: Crobat|atk|1\n|-unboost|p1a: Crobat|spa|1\n|\n|t:|1699634833\n|switch|p2a: Hatterene|Hatterene, F, shiny|100\/100|[from] Parting Shot\n|\n|upkeep\n|turn|5\n|\n|t:|1699634848\n|switch|p1a: Espeon|Espeon, F|100\/100\n|-terastallize|p2a: Hatterene|Psychic\n|move|p2a: Hatterene|Calm Mind|p2a: Hatterene\n|-boost|p2a: Hatterene|spa|1\n|-boost|p2a: Hatterene|spd|1\n|\n|upkeep\n|turn|6\n|\n|t:|1699634858\n|-terastallize|p1a: Espeon|Dark\n|move|p1a: Espeon|Tera Blast|p2a: Hatterene|[anim] Tera Blast Dark\n|-supereffective|p2a: Hatterene\n|-damage|p2a: Hatterene|69\/100\n|move|p2a: Hatterene|Calm Mind|p2a: Hatterene\n|-boost|p2a: Hatterene|spa|1\n|-boost|p2a: Hatterene|spd|1\n|\n|-heal|p2a: Hatterene|75\/100|[from] item: Leftovers\n|upkeep\n|turn|7\n|\n|t:|1699634867\n|move|p1a: Espeon|Bite|p2a: Hatterene\n|-supereffective|p2a: Hatterene\n|-crit|p2a: Hatterene\n|-damage|p2a: Hatterene|35\/100\n|move|p2a: Hatterene|Draining Kiss|p1a: Espeon\n|-supereffective|p1a: Espeon\n|-damage|p1a: Espeon|37\/100\n|-heal|p2a: Hatterene|75\/100|[from] drain|[of] p1a: Espeon\n|-enditem|p1a: Espeon|Sitrus Berry|[eat]\n|-heal|p1a: Espeon|62\/100|[from] item: Sitrus Berry\n|\n|-heal|p2a: Hatterene|81\/100|[from] item: Leftovers\n|upkeep\n|turn|8\n|\n|t:|1699634879\n|move|p1a: Espeon|Bite|p2a: Hatterene\n|-supereffective|p2a: Hatterene\n|-damage|p2a: Hatterene|70\/100\n|cant|p2a: Hatterene|flinch\n|\n|-heal|p2a: Hatterene|76\/100|[from] item: Leftovers\n|-sideend|p2: wolfizin|Reflect\n|-sideend|p1: oodinosaurking|move: Light Screen\n|upkeep\n|turn|9\n|\n|t:|1699634886\n|move|p1a: Espeon|Bite|p2a: Hatterene\n|-supereffective|p2a: Hatterene\n|-damage|p2a: Hatterene|49\/100\n|cant|p2a: Hatterene|flinch\n|\n|-heal|p2a: Hatterene|55\/100|[from] item: Leftovers\n|-sideend|p1: oodinosaurking|Reflect\n|-sideend|p2: wolfizin|move: Light Screen\n|upkeep\n|turn|10\n|\n|t:|1699634896\n|move|p1a: Espeon|Bite|p2a: Hatterene\n|-supereffective|p2a: Hatterene\n|-damage|p2a: Hatterene|31\/100\n|cant|p2a: Hatterene|flinch\n|\n|-heal|p2a: Hatterene|37\/100|[from] item: Leftovers\n|upkeep\n|turn|11\n|\n|t:|1699634902\n|move|p1a: Espeon|Bite|p2a: Hatterene\n|-supereffective|p2a: Hatterene\n|-damage|p2a: Hatterene|12\/100\n|move|p2a: Hatterene|Draining Kiss|p1a: Espeon\n|-supereffective|p1a: Espeon\n|-damage|p1a: Espeon|0 fnt\n|-heal|p2a: Hatterene|51\/100|[from] drain|[of] p1a: Espeon\n|faint|p1a: Espeon\n|\n|-heal|p2a: Hatterene|57\/100|[from] item: Leftovers\n|upkeep\n|\n|t:|1699634911\n|switch|p1a: Heracross|Heracross, M|100\/100\n|turn|12\n|\n|t:|1699634915\n|detailschange|p1a: Heracross|Heracross-Mega, M\n|-mega|p1a: Heracross|Heracross|Heracronite\n|move|p1a: Heracross|Megahorn|p2a: Hatterene\n|-supereffective|p2a: Hatterene\n|-damage|p2a: Hatterene|0 fnt\n|faint|p2a: Hatterene\n|\n|upkeep\n|\n|t:|1699634922\n|switch|p2a: Grimmsnarl|Grimmsnarl, M, shiny|100\/100\n|turn|13\n|\n|t:|1699634926\n|switch|p1a: Meganium|Meganium, F|100\/100\n|move|p2a: Grimmsnarl|Reflect|p2a: Grimmsnarl\n|-sidestart|p2: wolfizin|Reflect\n|\n|upkeep\n|turn|14\n|inactive|oodinosaurking has 120 seconds left.\n|inactive|oodinosaurking has 90 seconds left.\n|inactive|oodinosaurking has 60 seconds left.\n|\n|t:|1699635033\n|move|p2a: Grimmsnarl|Light Screen|p2a: Grimmsnarl\n|-sidestart|p2: wolfizin|move: Light Screen\n|move|p1a: Meganium|Reflect|p1a: Meganium\n|-sidestart|p1: oodinosaurking|Reflect\n|\n|upkeep\n|turn|15\n|\n|t:|1699635039\n|move|p2a: Grimmsnarl|Taunt|p1a: Meganium\n|-start|p1a: Meganium|move: Taunt\n|cant|p1a: Meganium|move: Taunt|Light Screen\n|\n|upkeep\n|turn|16\n|inactive|oodinosaurking has 60 seconds left.\n|\n|t:|1699635050\n|switch|p1a: Crobat|Crobat, M|100\/100\n|move|p2a: Grimmsnarl|Parting Shot|p1a: Crobat\n|-unboost|p1a: Crobat|atk|1\n|-unboost|p1a: Crobat|spa|1\n|\n|t:|1699635060\n|switch|p2a: Ferrothorn|Ferrothorn, M, shiny|100\/100|[from] Parting Shot\n|\n|upkeep\n|turn|17\n|\n|t:|1699635064\n|move|p1a: Crobat|Confuse Ray|p2a: Ferrothorn\n|-start|p2a: Ferrothorn|confusion\n|-activate|p2a: Ferrothorn|confusion\n|move|p2a: Ferrothorn|Leech Seed|p1a: Crobat\n|-start|p1a: Crobat|move: Leech Seed\n|\n|-damage|p1a: Crobat|88\/100|[from] Leech Seed|[of] p2a: Ferrothorn\n|upkeep\n|turn|18\n|\n|t:|1699635075\n|switch|p1a: Meganium|Meganium, F|100\/100\n|-activate|p2a: Ferrothorn|confusion\n|-damage|p2a: Ferrothorn|96\/100|[from] confusion\n|\n|upkeep\n|turn|19\n|\n|t:|1699635085\n|switch|p2a: Grimmsnarl|Grimmsnarl, M, shiny|100\/100\n|move|p1a: Meganium|Light Screen|p1a: Meganium\n|-sidestart|p1: oodinosaurking|move: Light Screen\n|\n|upkeep\n|turn|20\n|\n|t:|1699635093\n|move|p2a: Grimmsnarl|Taunt|p1a: Meganium\n|-start|p1a: Meganium|move: Taunt\n|move|p1a: Meganium|Petal Dance|p2a: Grimmsnarl\n|-damage|p2a: Grimmsnarl|87\/100\n|\n|-sideend|p2: wolfizin|Reflect\n|upkeep\n|turn|21\n|inactive|oodinosaurking has 90 seconds left.\n|\n|t:|1699635103\n|move|p2a: Grimmsnarl|Reflect|p2a: Grimmsnarl\n|-sidestart|p2: wolfizin|Reflect\n|move|p1a: Meganium|Petal Dance|p2a: Grimmsnarl|[from]lockedmove\n|-damage|p2a: Grimmsnarl|74\/100\n|\n|-sideend|p1: oodinosaurking|Reflect\n|-sideend|p2: wolfizin|move: Light Screen\n|upkeep\n|turn|22\n|\n|t:|1699635109\n|move|p2a: Grimmsnarl|Parting Shot|p1a: Meganium\n|-unboost|p1a: Meganium|atk|1\n|-unboost|p1a: Meganium|spa|1\n|\n|t:|1699635113\n|switch|p2a: Garchomp|Garchomp, M|100\/100|[from] Parting Shot\n|move|p1a: Meganium|Petal Dance|p2a: Garchomp|[from]lockedmove\n|-damage|p2a: Garchomp|74\/100\n|-damage|p1a: Meganium|88\/100|[from] ability: Rough Skin|[of] p2a: Garchomp\n|-start|p1a: Meganium|confusion|[fatigue]\n|\n|-end|p1a: Meganium|move: Taunt\n|upkeep\n|turn|23\n|\n|t:|1699635125\n|move|p2a: Garchomp|Swords Dance|p2a: Garchomp\n|-boost|p2a: Garchomp|atk|2\n|-activate|p1a: Meganium|confusion\n|move|p1a: Meganium|Reflect|p1a: Meganium\n|-sidestart|p1: oodinosaurking|Reflect\n|\n|upkeep\n|turn|24\n|\n|t:|1699635144\n|switch|p1a: Heracross|Heracross-Mega, M|100\/100\n|move|p2a: Garchomp|Scale Shot|p1a: Heracross\n|-damage|p1a: Heracross|89\/100\n|-damage|p1a: Heracross|79\/100\n|-damage|p1a: Heracross|69\/100\n|-damage|p1a: Heracross|58\/100\n|-damage|p1a: Heracross|48\/100\n|-hitcount|p1a: Heracross|5\n|-unboost|p2a: Garchomp|def|1\n|-boost|p2a: Garchomp|spe|1\n|\n|upkeep\n|turn|25\n|\n|t:|1699635160\n|move|p2a: Garchomp|Scale Shot|p1a: Heracross\n|-damage|p1a: Heracross|36\/100\n|-damage|p1a: Heracross|26\/100\n|-damage|p1a: Heracross|15\/100\n|-crit|p1a: Heracross\n|-damage|p1a: Heracross|0 fnt\n|faint|p1a: Heracross\n|-hitcount|p1: Heracross|4\n|-unboost|p2a: Garchomp|def|1\n|-boost|p2a: Garchomp|spe|1\n|\n|upkeep\n|inactive|oodinosaurking has 90 seconds left.\n|\n|t:|1699635176\n|switch|p1a: Quagsire|Quagsire, M|100\/100\n|turn|26\n|\n|t:|1699635181\n|move|p2a: Garchomp|Scale Shot|p1a: Quagsire\n|-damage|p1a: Quagsire|91\/100\n|-damage|p1a: Quagsire|81\/100\n|-damage|p1a: Quagsire|72\/100\n|-damage|p1a: Quagsire|62\/100\n|-hitcount|p1a: Quagsire|4\n|-unboost|p2a: Garchomp|def|1\n|-boost|p2a: Garchomp|spe|1\n|move|p1a: Quagsire|Yawn|p2a: Garchomp\n|-start|p2a: Garchomp|move: Yawn|[of] p1a: Quagsire\n|\n|-heal|p1a: Quagsire|69\/100|[from] item: Leftovers\n|-sideend|p1: oodinosaurking|move: Light Screen\n|upkeep\n|turn|27\n|\n|t:|1699635196\n|move|p2a: Garchomp|Swords Dance|p2a: Garchomp\n|-boost|p2a: Garchomp|atk|2\n|move|p1a: Quagsire|Earthquake|p2a: Garchomp\n|-damage|p2a: Garchomp|38\/100\n|\n|-heal|p1a: Quagsire|75\/100|[from] item: Leftovers\n|-end|p2a: Garchomp|move: Yawn|[silent]\n|-status|p2a: Garchomp|slp\n|upkeep\n|turn|28\n|\n|t:|1699635212\n|cant|p2a: Garchomp|slp\n|move|p1a: Quagsire|Earthquake|p2a: Garchomp\n|-damage|p2a: Garchomp|0 fnt\n|faint|p2a: Garchomp\n|\n|-heal|p1a: Quagsire|81\/100|[from] item: Leftovers\n|-sideend|p2: wolfizin|Reflect\n|upkeep\n|\n|t:|1699635217\n|switch|p2a: Lopunny|Lopunny, F, shiny|100\/100\n|turn|29\n|\n|t:|1699635221\n|detailschange|p2a: Lopunny|Lopunny-Mega, F, shiny\n|-mega|p2a: Lopunny|Lopunny|Lopunnite\n|move|p2a: Lopunny|Fake Out|p1a: Quagsire\n|-damage|p1a: Quagsire|74\/100\n|cant|p1a: Quagsire|flinch\n|\n|-heal|p1a: Quagsire|80\/100|[from] item: Leftovers\n|upkeep\n|turn|30\n|\n|t:|1699635231\n|move|p2a: Lopunny|Frustration|p1a: Quagsire\n|-damage|p1a: Quagsire|60\/100\n|move|p1a: Quagsire|Yawn|p2a: Lopunny\n|-start|p2a: Lopunny|move: Yawn|[of] p1a: Quagsire\n|\n|-heal|p1a: Quagsire|66\/100|[from] item: Leftovers\n|-sideend|p1: oodinosaurking|Reflect\n|upkeep\n|turn|31\n|\n|t:|1699635240\n|move|p2a: Lopunny|Close Combat|p1a: Quagsire\n|-damage|p1a: Quagsire|18\/100\n|-unboost|p2a: Lopunny|def|1\n|-unboost|p2a: Lopunny|spd|1\n|move|p1a: Quagsire|Waterfall|p2a: Lopunny\n|-damage|p2a: Lopunny|56\/100\n|\n|-heal|p1a: Quagsire|24\/100|[from] item: Leftovers\n|-end|p2a: Lopunny|move: Yawn|[silent]\n|-status|p2a: Lopunny|slp\n|upkeep\n|turn|32\n|\n|t:|1699635251\n|switch|p2a: Ambipom|Ambipom, M|100\/100\n|move|p1a: Quagsire|Recover|p1a: Quagsire\n|-heal|p1a: Quagsire|74\/100\n|\n|-heal|p1a: Quagsire|80\/100|[from] item: Leftovers\n|upkeep\n|turn|33\n|\n|t:|1699635257\n|move|p2a: Ambipom|Fake Out|p1a: Quagsire\n|-damage|p1a: Quagsire|58\/100\n|cant|p1a: Quagsire|flinch\n|\n|-heal|p1a: Quagsire|64\/100|[from] item: Leftovers\n|upkeep\n|turn|34\n|\n|t:|1699635263\n|move|p2a: Ambipom|Double Hit|p1a: Quagsire\n|-damage|p1a: Quagsire|46\/100\n|-damage|p1a: Quagsire|27\/100\n|-hitcount|p1a: Quagsire|2\n|move|p1a: Quagsire|Yawn|p2a: Ambipom\n|-start|p2a: Ambipom|move: Yawn|[of] p1a: Quagsire\n|\n|-heal|p1a: Quagsire|33\/100|[from] item: Leftovers\n|upkeep\n|turn|35\n|\n|t:|1699635273\n|switch|p1a: Crobat|Crobat, M|88\/100\n|move|p2a: Ambipom|Double Hit|p1a: Crobat|[miss]\n|-miss|p2a: Ambipom|p1a: Crobat\n|\n|-end|p2a: Ambipom|move: Yawn|[silent]\n|-message|Sleep Clause Mod activated.\n|-hint|Sleep Clause Mod prevents players from putting more than one of their opponent's Pok\u00e9mon to sleep at a time\n|upkeep\n|turn|36\n|\n|t:|1699635285\n|-zpower|p1a: Crobat\n|move|p1a: Crobat|Acid Downpour|p2a: Ambipom|[zeffect]\n|-damage|p2a: Ambipom|0 fnt\n|faint|p2a: Ambipom\n|\n|upkeep\n|\n|t:|1699635293\n|switch|p2a: Lopunny|Lopunny-Mega, F, shiny|56\/100 slp\n|turn|37\n|\n|t:|1699635296\n|cant|p2a: Lopunny|slp\n|move|p1a: Crobat|Aerial Ace|p2a: Lopunny\n|-supereffective|p2a: Lopunny\n|-damage|p2a: Lopunny|0 fnt\n|faint|p2a: Lopunny\n|\n|upkeep\n|\n|t:|1699635300\n|switch|p2a: Grimmsnarl|Grimmsnarl, M, shiny|74\/100\n|turn|38\n|\n|t:|1699635303\n|move|p2a: Grimmsnarl|Light Screen|p2a: Grimmsnarl\n|-sidestart|p2: wolfizin|move: Light Screen\n|move|p1a: Crobat|Cross Poison|p2a: Grimmsnarl\n|-supereffective|p2a: Grimmsnarl\n|-damage|p2a: Grimmsnarl|0 fnt\n|faint|p2a: Grimmsnarl\n|\n|upkeep\n|\n|t:|1699635307\n|switch|p2a: Ferrothorn|Ferrothorn, M, shiny|96\/100\n|turn|39\n|\n|t:|1699635311\n|move|p1a: Crobat|Confuse Ray|p2a: Ferrothorn\n|-start|p2a: Ferrothorn|confusion\n|-activate|p2a: Ferrothorn|confusion\n|move|p2a: Ferrothorn|Leech Seed|p1a: Crobat\n|-start|p1a: Crobat|move: Leech Seed\n|\n|-damage|p1a: Crobat|76\/100|[from] Leech Seed|[of] p2a: Ferrothorn\n|-heal|p2a: Ferrothorn|100\/100|[silent]\n|upkeep\n|turn|40\n|\n|t:|1699635320\n|switch|p1a: Meganium|Meganium, F|88\/100\n|-activate|p2a: Ferrothorn|confusion\n|move|p2a: Ferrothorn|Ingrain|p2a: Ferrothorn\n|-start|p2a: Ferrothorn|move: Ingrain\n|\n|upkeep\n|turn|41\n|\n|t:|1699635329\n|move|p1a: Meganium|Reflect|p1a: Meganium\n|-sidestart|p1: oodinosaurking|Reflect\n|-activate|p2a: Ferrothorn|confusion\n|-damage|p2a: Ferrothorn|96\/100|[from] confusion\n|\n|-heal|p2a: Ferrothorn|100\/100|[from] Ingrain\n|upkeep\n|turn|42\n|\n|t:|1699635336\n|move|p1a: Meganium|Light Screen|p1a: Meganium\n|-sidestart|p1: oodinosaurking|move: Light Screen\n|-activate|p2a: Ferrothorn|confusion\n|move|p2a: Ferrothorn|Leech Seed|p1a: Meganium\n|-immune|p1a: Meganium\n|\n|upkeep\n|turn|43\n|\n|t:|1699635349\n|switch|p1a: Crobat|Crobat, M|76\/100\n|-end|p2a: Ferrothorn|confusion\n|move|p2a: Ferrothorn|Ingrain||[still]\n|-fail|p2a: Ferrothorn\n|\n|upkeep\n|turn|44\n|\n|t:|1699635354\n|move|p1a: Crobat|Crunch|p2a: Ferrothorn\n|-damage|p2a: Ferrothorn|89\/100\n|-damage|p1a: Crobat|64\/100|[from] ability: Iron Barbs|[of] p2a: Ferrothorn\n|-damage|p1a: Crobat|47\/100|[from] item: Rocky Helmet|[of] p2a: Ferrothorn\n|move|p2a: Ferrothorn|Leech Seed|p1a: Crobat\n|-start|p1a: Crobat|move: Leech Seed\n|\n|-heal|p2a: Ferrothorn|95\/100|[from] Ingrain\n|-damage|p1a: Crobat|35\/100|[from] Leech Seed|[of] p2a: Ferrothorn\n|-heal|p2a: Ferrothorn|100\/100|[silent]\n|upkeep\n|turn|45\n|inactive|oodinosaurking has 120 seconds left.\n|\n|t:|1699635393\n|move|p2a: Ferrothorn|Protect|p2a: Ferrothorn\n|-singleturn|p2a: Ferrothorn|Protect\n|move|p1a: Crobat|Confuse Ray|p2a: Ferrothorn\n|-activate|p2a: Ferrothorn|move: Protect\n|\n|-damage|p1a: Crobat|23\/100|[from] Leech Seed|[of] p2a: Ferrothorn\n|-sideend|p2: wolfizin|move: Light Screen\n|upkeep\n|turn|46\n|inactive|oodinosaurking has 120 seconds left.\n|\n|t:|1699635405\n|move|p1a: Crobat|Aerial Ace|p2a: Ferrothorn\n|-damage|p2a: Ferrothorn|86\/100\n|-damage|p1a: Crobat|11\/100|[from] ability: Iron Barbs|[of] p2a: Ferrothorn\n|-damage|p1a: Crobat|0 fnt|[from] item: Rocky Helmet|[of] p2a: Ferrothorn\n|faint|p1a: Crobat\n|move|p2a: Ferrothorn|Ingrain||[still]\n|-fail|p2a: Ferrothorn\n|\n|-heal|p2a: Ferrothorn|92\/100|[from] Ingrain\n|upkeep\n|inactive|oodinosaurking has 120 seconds left.\n|\n|t:|1699635415\n|switch|p1a: Quagsire|Quagsire, M|33\/100\n|turn|47\n|\n|t:|1699635420\n|move|p1a: Quagsire|Recover|p1a: Quagsire\n|-heal|p1a: Quagsire|83\/100\n|move|p2a: Ferrothorn|Leech Seed|p1a: Quagsire\n|-start|p1a: Quagsire|move: Leech Seed\n|\n|-heal|p1a: Quagsire|89\/100|[from] item: Leftovers\n|-heal|p2a: Ferrothorn|98\/100|[from] Ingrain\n|-damage|p1a: Quagsire|77\/100|[from] Leech Seed|[of] p2a: Ferrothorn\n|-heal|p2a: Ferrothorn|100\/100|[silent]\n|upkeep\n|turn|48\n|\n|t:|1699635430\n|move|p2a: Ferrothorn|Protect|p2a: Ferrothorn\n|-singleturn|p2a: Ferrothorn|Protect\n|move|p1a: Quagsire|Yawn|p2a: Ferrothorn\n|-activate|p2a: Ferrothorn|move: Protect\n|\n|-heal|p1a: Quagsire|83\/100|[from] item: Leftovers\n|-damage|p1a: Quagsire|70\/100|[from] Leech Seed|[of] p2a: Ferrothorn\n|-sideend|p1: oodinosaurking|Reflect\n|upkeep\n|turn|49\n|\n|t:|1699635439\n|move|p2a: Ferrothorn|Endure||[still]\n|-fail|p2a: Ferrothorn\n|move|p1a: Quagsire|Yawn|p2a: Ferrothorn\n|-start|p2a: Ferrothorn|move: Yawn|[of] p1a: Quagsire\n|\n|-heal|p1a: Quagsire|76\/100|[from] item: Leftovers\n|-damage|p1a: Quagsire|64\/100|[from] Leech Seed|[of] p2a: Ferrothorn\n|-sideend|p1: oodinosaurking|move: Light Screen\n|upkeep\n|turn|50\n|\n|t:|1699635449\n|switch|p1a: Ampharos|Ampharos, M|100\/100\n|-item|p1a: Ampharos|Air Balloon\n|move|p2a: Ferrothorn|Protect||[still]\n|-fail|p2a: Ferrothorn\n|\n|-end|p2a: Ferrothorn|move: Yawn|[silent]\n|-status|p2a: Ferrothorn|slp\n|upkeep\n|turn|51\n|\n|t:|1699635457\n|switch|p1a: Quagsire|Quagsire, M|64\/100\n|cant|p2a: Ferrothorn|slp\n|\n|-heal|p1a: Quagsire|70\/100|[from] item: Leftovers\n|upkeep\n|turn|52\n|\n|t:|1699635464\n|move|p1a: Quagsire|Earthquake|p2a: Ferrothorn\n|-damage|p2a: Ferrothorn|83\/100 slp\n|cant|p2a: Ferrothorn|slp\n|\n|-heal|p1a: Quagsire|76\/100|[from] item: Leftovers\n|-heal|p2a: Ferrothorn|89\/100 slp|[from] Ingrain\n|upkeep\n|turn|53\n|\n|t:|1699635471\n|move|p1a: Quagsire|Earthquake|p2a: Ferrothorn\n|-damage|p2a: Ferrothorn|71\/100 slp\n|cant|p2a: Ferrothorn|slp\n|\n|-heal|p1a: Quagsire|82\/100|[from] item: Leftovers\n|-heal|p2a: Ferrothorn|77\/100 slp|[from] Ingrain\n|upkeep\n|turn|54\n|\n|t:|1699635479\n|move|p1a: Quagsire|Earthquake|p2a: Ferrothorn\n|-damage|p2a: Ferrothorn|59\/100 slp\n|-curestatus|p2a: Ferrothorn|slp|[msg]\n|move|p2a: Ferrothorn|Leech Seed|p1a: Quagsire\n|-start|p1a: Quagsire|move: Leech Seed\n|\n|-heal|p1a: Quagsire|88\/100|[from] item: Leftovers\n|-heal|p2a: Ferrothorn|65\/100|[from] Ingrain\n|-damage|p1a: Quagsire|76\/100|[from] Leech Seed|[of] p2a: Ferrothorn\n|-heal|p2a: Ferrothorn|79\/100|[silent]\n|upkeep\n|turn|55\n|\n|t:|1699635490\n|move|p2a: Ferrothorn|Endure|p2a: Ferrothorn\n|-singleturn|p2a: Ferrothorn|move: Endure\n|move|p1a: Quagsire|Yawn|p2a: Ferrothorn\n|-start|p2a: Ferrothorn|move: Yawn|[of] p1a: Quagsire\n|\n|-heal|p1a: Quagsire|82\/100|[from] item: Leftovers\n|-heal|p2a: Ferrothorn|85\/100|[from] Ingrain\n|-damage|p1a: Quagsire|70\/100|[from] Leech Seed|[of] p2a: Ferrothorn\n|-heal|p2a: Ferrothorn|99\/100|[silent]\n|upkeep\n|turn|56\n|\n|t:|1699635506\n|switch|p1a: Meganium|Meganium, F|88\/100\n|move|p2a: Ferrothorn|Ingrain||[still]\n|-fail|p2a: Ferrothorn\n|\n|-heal|p2a: Ferrothorn|100\/100|[from] Ingrain\n|-end|p2a: Ferrothorn|move: Yawn|[silent]\n|-status|p2a: Ferrothorn|slp\n|upkeep\n|turn|57\n|\n|t:|1699635519\n|switch|p1a: Quagsire|Quagsire, M|70\/100\n|cant|p2a: Ferrothorn|slp\n|\n|-heal|p1a: Quagsire|76\/100|[from] item: Leftovers\n|upkeep\n|turn|58\n|\n|t:|1699635526\n|cant|p2a: Ferrothorn|slp\n|move|p1a: Quagsire|Earthquake|p2a: Ferrothorn\n|-damage|p2a: Ferrothorn|83\/100 slp\n|\n|-heal|p1a: Quagsire|82\/100|[from] item: Leftovers\n|-heal|p2a: Ferrothorn|89\/100 slp|[from] Ingrain\n|upkeep\n|turn|59\n|\n|t:|1699635533\n|cant|p2a: Ferrothorn|slp\n|move|p1a: Quagsire|Earthquake|p2a: Ferrothorn\n|-damage|p2a: Ferrothorn|72\/100 slp\n|\n|-heal|p1a: Quagsire|88\/100|[from] item: Leftovers\n|-heal|p2a: Ferrothorn|78\/100 slp|[from] Ingrain\n|upkeep\n|turn|60\n|c|\u2606oodinosaurking|sigh\n|\n|t:|1699635553\n|move|p1a: Quagsire|Earthquake|p2a: Ferrothorn\n|-damage|p2a: Ferrothorn|62\/100 slp\n|-curestatus|p2a: Ferrothorn|slp|[msg]\n|move|p2a: Ferrothorn|Leech Seed|p1a: Quagsire\n|-start|p1a: Quagsire|move: Leech Seed\n|\n|-heal|p1a: Quagsire|94\/100|[from] item: Leftovers\n|-heal|p2a: Ferrothorn|68\/100|[from] Ingrain\n|-damage|p1a: Quagsire|81\/100|[from] Leech Seed|[of] p2a: Ferrothorn\n|-heal|p2a: Ferrothorn|82\/100|[silent]\n|upkeep\n|turn|61\n|\n|t:|1699635563\n|switch|p1a: Ampharos|Ampharos, M|100\/100\n|-item|p1a: Ampharos|Air Balloon\n|move|p2a: Ferrothorn|Protect||[still]\n|-fail|p2a: Ferrothorn\n|\n|-heal|p2a: Ferrothorn|88\/100|[from] Ingrain\n|upkeep\n|turn|62\n|\n|t:|1699635571\n|move|p1a: Ampharos|Dragon Pulse|p2a: Ferrothorn\n|-resisted|p2a: Ferrothorn\n|-damage|p2a: Ferrothorn|75\/100\n|move|p2a: Ferrothorn|Leech Seed|p1a: Ampharos\n|-start|p1a: Ampharos|move: Leech Seed\n|\n|-heal|p2a: Ferrothorn|81\/100|[from] Ingrain\n|-damage|p1a: Ampharos|88\/100|[from] Leech Seed|[of] p2a: Ferrothorn\n|-heal|p2a: Ferrothorn|93\/100|[silent]\n|upkeep\n|turn|63\n|\n|t:|1699635582\n|switch|p1a: Meganium|Meganium, F|88\/100\n|move|p2a: Ferrothorn|Protect||[still]\n|-fail|p2a: Ferrothorn\n|\n|-heal|p2a: Ferrothorn|99\/100|[from] Ingrain\n|upkeep\n|turn|64\n|\n|t:|1699635592\n|move|p2a: Ferrothorn|Endure|p2a: Ferrothorn\n|-singleturn|p2a: Ferrothorn|move: Endure\n|move|p1a: Meganium|Petal Dance|p2a: Ferrothorn\n|-resisted|p2a: Ferrothorn\n|-damage|p2a: Ferrothorn|91\/100\n|-damage|p1a: Meganium|76\/100|[from] ability: Iron Barbs|[of] p2a: Ferrothorn\n|-damage|p1a: Meganium|59\/100|[from] item: Rocky Helmet|[of] p2a: Ferrothorn\n|\n|-heal|p2a: Ferrothorn|97\/100|[from] Ingrain\n|upkeep\n|turn|65\n|\n|t:|1699635602\n|move|p1a: Meganium|Petal Dance|p2a: Ferrothorn|[from]lockedmove\n|-resisted|p2a: Ferrothorn\n|-damage|p2a: Ferrothorn|89\/100\n|-damage|p1a: Meganium|47\/100|[from] ability: Iron Barbs|[of] p2a: Ferrothorn\n|-damage|p1a: Meganium|30\/100|[from] item: Rocky Helmet|[of] p2a: Ferrothorn\n|move|p2a: Ferrothorn|Leech Seed|p1a: Meganium\n|-immune|p1a: Meganium\n|\n|-heal|p2a: Ferrothorn|95\/100|[from] Ingrain\n|upkeep\n|turn|66\n|\n|t:|1699635615\n|move|p2a: Ferrothorn|Protect|p2a: Ferrothorn\n|-singleturn|p2a: Ferrothorn|Protect\n|move|p1a: Meganium|Petal Dance|p2a: Ferrothorn|[from]lockedmove\n|-activate|p2a: Ferrothorn|move: Protect\n|-start|p1a: Meganium|confusion|[fatigue]\n|\n|-heal|p2a: Ferrothorn|100\/100|[from] Ingrain\n|upkeep\n|turn|67\n|\n|t:|1699635628\n|-activate|p1a: Meganium|confusion\n|-damage|p1a: Meganium|25\/100|[from] confusion\n|move|p2a: Ferrothorn|Leech Seed|p1a: Meganium\n|-immune|p1a: Meganium\n|\n|upkeep\n|turn|68\n|\n|t:|1699635645\n|-activate|p1a: Meganium|confusion\n|move|p1a: Meganium|Light Screen|p1a: Meganium\n|-sidestart|p1: oodinosaurking|move: Light Screen\n|move|p2a: Ferrothorn|Ingrain||[still]\n|-fail|p2a: Ferrothorn\n|\n|upkeep\n|turn|69\n|\n|t:|1699635657\n|move|p2a: Ferrothorn|Endure|p2a: Ferrothorn\n|-singleturn|p2a: Ferrothorn|move: Endure\n|-activate|p1a: Meganium|confusion\n|move|p1a: Meganium|Reflect|p1a: Meganium\n|-sidestart|p1: oodinosaurking|Reflect\n|\n|upkeep\n|turn|70\n|\n|t:|1699635668\n|move|p2a: Ferrothorn|Endure||[still]\n|-fail|p2a: Ferrothorn\n|-end|p1a: Meganium|confusion\n|move|p1a: Meganium|Leech Seed|p2a: Ferrothorn\n|-immune|p2a: Ferrothorn\n|\n|upkeep\n|turn|71\n|\n|t:|1699635677\n|switch|p1a: Quagsire|Quagsire, M|81\/100\n|move|p2a: Ferrothorn|Endure||[still]\n|-fail|p2a: Ferrothorn\n|\n|-heal|p1a: Quagsire|88\/100|[from] item: Leftovers\n|upkeep\n|turn|72\n|\n|t:|1699635684\n|move|p1a: Quagsire|Yawn|p2a: Ferrothorn\n|-start|p2a: Ferrothorn|move: Yawn|[of] p1a: Quagsire\n|move|p2a: Ferrothorn|Leech Seed|p1a: Quagsire\n|-start|p1a: Quagsire|move: Leech Seed\n|\n|-heal|p1a: Quagsire|94\/100|[from] item: Leftovers\n|-damage|p1a: Quagsire|81\/100|[from] Leech Seed|[of] p2a: Ferrothorn\n|upkeep\n|turn|73\n|\n|t:|1699635694\n|switch|p1a: Ampharos|Ampharos, M|88\/100\n|-item|p1a: Ampharos|Air Balloon\n|move|p2a: Ferrothorn|Ingrain||[still]\n|-fail|p2a: Ferrothorn\n|\n|-end|p2a: Ferrothorn|move: Yawn|[silent]\n|-status|p2a: Ferrothorn|slp\n|upkeep\n|turn|74\n|\n|t:|1699635707\n|cant|p2a: Ferrothorn|slp\n|move|p1a: Ampharos|Thunderbolt|p2a: Ferrothorn\n|-resisted|p2a: Ferrothorn\n|-damage|p2a: Ferrothorn|81\/100 slp\n|\n|-heal|p2a: Ferrothorn|87\/100 slp|[from] Ingrain\n|upkeep\n|turn|75\n|\n|t:|1699635718\n|-curestatus|p2a: Ferrothorn|slp|[msg]\n|move|p2a: Ferrothorn|Endure|p2a: Ferrothorn\n|-singleturn|p2a: Ferrothorn|move: Endure\n|move|p1a: Ampharos|Thunderbolt|p2a: Ferrothorn\n|-resisted|p2a: Ferrothorn\n|-damage|p2a: Ferrothorn|68\/100\n|\n|-heal|p2a: Ferrothorn|74\/100|[from] Ingrain\n|-sideend|p1: oodinosaurking|move: Light Screen\n|upkeep\n|turn|76\n|\n|t:|1699635729\n|switch|p1a: Meganium|Meganium, F|25\/100\n|move|p2a: Ferrothorn|Leech Seed|p1a: Meganium\n|-immune|p1a: Meganium\n|\n|-heal|p2a: Ferrothorn|80\/100|[from] Ingrain\n|-sideend|p1: oodinosaurking|Reflect\n|upkeep\n|turn|77\n|\n|t:|1699635737\n|move|p1a: Meganium|Light Screen|p1a: Meganium\n|-sidestart|p1: oodinosaurking|move: Light Screen\n|move|p2a: Ferrothorn|Ingrain||[still]\n|-fail|p2a: Ferrothorn\n|\n|-heal|p2a: Ferrothorn|86\/100|[from] Ingrain\n|upkeep\n|turn|78\n|\n|t:|1699635743\n|move|p2a: Ferrothorn|Endure|p2a: Ferrothorn\n|-singleturn|p2a: Ferrothorn|move: Endure\n|move|p1a: Meganium|Reflect|p1a: Meganium\n|-sidestart|p1: oodinosaurking|Reflect\n|\n|-heal|p2a: Ferrothorn|92\/100|[from] Ingrain\n|upkeep\n|turn|79\n|\n|t:|1699635748\n|switch|p1a: Ampharos|Ampharos, M|88\/100\n|-item|p1a: Ampharos|Air Balloon\n|move|p2a: Ferrothorn|Endure||[still]\n|-fail|p2a: Ferrothorn\n|\n|-heal|p2a: Ferrothorn|98\/100|[from] Ingrain\n|upkeep\n|turn|80\n|\n|t:|1699635757\n|move|p1a: Ampharos|Thunderbolt|p2a: Ferrothorn\n|-resisted|p2a: Ferrothorn\n|-damage|p2a: Ferrothorn|77\/100\n|-status|p2a: Ferrothorn|par\n|move|p2a: Ferrothorn|Leech Seed|p1a: Ampharos\n|-start|p1a: Ampharos|move: Leech Seed\n|\n|-heal|p2a: Ferrothorn|83\/100 par|[from] Ingrain\n|-damage|p1a: Ampharos|76\/100|[from] Leech Seed|[of] p2a: Ferrothorn\n|-heal|p2a: Ferrothorn|95\/100 par|[silent]\n|upkeep\n|turn|81\n|\n|t:|1699635771\n|move|p2a: Ferrothorn|Protect|p2a: Ferrothorn\n|-singleturn|p2a: Ferrothorn|Protect\n|move|p1a: Ampharos|Thunderbolt|p2a: Ferrothorn\n|-activate|p2a: Ferrothorn|move: Protect\n|\n|-heal|p2a: Ferrothorn|100\/100 par|[from] Ingrain\n|-damage|p1a: Ampharos|63\/100|[from] Leech Seed|[of] p2a: Ferrothorn\n|upkeep\n|turn|82\n|c|\u2606oodinosaurking|dude just why\n|\n|t:|1699635780\n|move|p2a: Ferrothorn|Protect||[still]\n|-fail|p2a: Ferrothorn\n|move|p1a: Ampharos|Thunderbolt|p2a: Ferrothorn\n|-resisted|p2a: Ferrothorn\n|-damage|p2a: Ferrothorn|81\/100 par\n|\n|-heal|p2a: Ferrothorn|87\/100 par|[from] Ingrain\n|-damage|p1a: Ampharos|51\/100|[from] Leech Seed|[of] p2a: Ferrothorn\n|-heal|p2a: Ferrothorn|99\/100 par|[silent]\n|upkeep\n|turn|83\n|\n|t:|1699635791\n|move|p2a: Ferrothorn|Endure|p2a: Ferrothorn\n|-singleturn|p2a: Ferrothorn|move: Endure\n|move|p1a: Ampharos|Thunderbolt|p2a: Ferrothorn\n|-resisted|p2a: Ferrothorn\n|-damage|p2a: Ferrothorn|80\/100 par\n|\n|-heal|p2a: Ferrothorn|86\/100 par|[from] Ingrain\n|-damage|p1a: Ampharos|38\/100|[from] Leech Seed|[of] p2a: Ferrothorn\n|-heal|p2a: Ferrothorn|98\/100 par|[silent]\n|upkeep\n|turn|84\n|\n|t:|1699635802\n|move|p2a: Ferrothorn|Protect||[still]\n|-fail|p2a: Ferrothorn\n|move|p1a: Ampharos|Thunderbolt|p2a: Ferrothorn\n|-resisted|p2a: Ferrothorn\n|-damage|p2a: Ferrothorn|79\/100 par\n|\n|-heal|p2a: Ferrothorn|85\/100 par|[from] Ingrain\n|-damage|p1a: Ampharos|26\/100|[from] Leech Seed|[of] p2a: Ferrothorn\n|-heal|p2a: Ferrothorn|96\/100 par|[silent]\n|-sideend|p1: oodinosaurking|move: Light Screen\n|upkeep\n|turn|85\n|\n|t:|1699635811\n|move|p1a: Ampharos|Thunderbolt|p2a: Ferrothorn\n|-resisted|p2a: Ferrothorn\n|-damage|p2a: Ferrothorn|77\/100 par\n|move|p2a: Ferrothorn|Ingrain||[still]\n|-fail|p2a: Ferrothorn\n|\n|-heal|p2a: Ferrothorn|83\/100 par|[from] Ingrain\n|-damage|p1a: Ampharos|13\/100|[from] Leech Seed|[of] p2a: Ferrothorn\n|-heal|p2a: Ferrothorn|94\/100 par|[silent]\n|-sideend|p1: oodinosaurking|Reflect\n|upkeep\n|turn|86\n|\n|t:|1699635823\n|move|p2a: Ferrothorn|Protect|p2a: Ferrothorn\n|-singleturn|p2a: Ferrothorn|Protect\n|move|p1a: Ampharos|Thunderbolt|p2a: Ferrothorn\n|-activate|p2a: Ferrothorn|move: Protect\n|\n|-heal|p2a: Ferrothorn|99\/100 par|[from] Ingrain\n|-damage|p1a: Ampharos|1\/100|[from] Leech Seed|[of] p2a: Ferrothorn\n|-heal|p2a: Ferrothorn|100\/100 par|[silent]\n|upkeep\n|turn|87\n|\n|t:|1699635831\n|cant|p2a: Ferrothorn|par\n|move|p1a: Ampharos|Thunderbolt|p2a: Ferrothorn\n|-resisted|p2a: Ferrothorn\n|-damage|p2a: Ferrothorn|81\/100 par\n|\n|-heal|p2a: Ferrothorn|87\/100 par|[from] Ingrain\n|-damage|p1a: Ampharos|0 fnt|[from] Leech Seed|[of] p2a: Ferrothorn\n|-heal|p2a: Ferrothorn|87\/100 par|[silent]\n|faint|p1a: Ampharos\n|upkeep\n|\n|t:|1699635839\n|switch|p1a: Meganium|Meganium, F|25\/100\n|turn|88\n|\n|t:|1699635847\n|move|p2a: Ferrothorn|Endure|p2a: Ferrothorn\n|-singleturn|p2a: Ferrothorn|move: Endure\n|move|p1a: Meganium|Petal Dance|p2a: Ferrothorn\n|-resisted|p2a: Ferrothorn\n|-damage|p2a: Ferrothorn|80\/100 par\n|-damage|p1a: Meganium|13\/100|[from] ability: Iron Barbs|[of] p2a: Ferrothorn\n|-damage|p1a: Meganium|0 fnt|[from] item: Rocky Helmet|[of] p2a: Ferrothorn\n|faint|p1a: Meganium\n|\n|-heal|p2a: Ferrothorn|86\/100 par|[from] Ingrain\n|upkeep\n|\n|t:|1699635858\n|switch|p1a: Quagsire|Quagsire, M|81\/100\n|turn|89\n|\n|t:|1699635867\n|move|p1a: Quagsire|Earthquake|p2a: Ferrothorn\n|-damage|p2a: Ferrothorn|68\/100 par\n|cant|p2a: Ferrothorn|par\n|\n|-heal|p1a: Quagsire|87\/100|[from] item: Leftovers\n|-heal|p2a: Ferrothorn|74\/100 par|[from] Ingrain\n|upkeep\n|turn|90\n|\n|t:|1699635874\n|move|p1a: Quagsire|Earthquake|p2a: Ferrothorn\n|-damage|p2a: Ferrothorn|57\/100 par\n|move|p2a: Ferrothorn|Leech Seed|p1a: Quagsire\n|-start|p1a: Quagsire|move: Leech Seed\n|\n|-heal|p1a: Quagsire|93\/100|[from] item: Leftovers\n|-heal|p2a: Ferrothorn|63\/100 par|[from] Ingrain\n|-damage|p1a: Quagsire|81\/100|[from] Leech Seed|[of] p2a: Ferrothorn\n|-heal|p2a: Ferrothorn|77\/100 par|[silent]\n|upkeep\n|turn|91\n|\n|t:|1699635887\n|move|p2a: Ferrothorn|Endure|p2a: Ferrothorn\n|-singleturn|p2a: Ferrothorn|move: Endure\n|move|p1a: Quagsire|Earthquake|p2a: Ferrothorn\n|-damage|p2a: Ferrothorn|60\/100 par\n|\n|-heal|p1a: Quagsire|87\/100|[from] item: Leftovers\n|-heal|p2a: Ferrothorn|66\/100 par|[from] Ingrain\n|-damage|p1a: Quagsire|75\/100|[from] Leech Seed|[of] p2a: Ferrothorn\n|-heal|p2a: Ferrothorn|80\/100 par|[silent]\n|upkeep\n|turn|92\n|\n|t:|1699635898\n|cant|p2a: Ferrothorn|par\n|move|p1a: Quagsire|Earthquake|p2a: Ferrothorn\n|-damage|p2a: Ferrothorn|61\/100 par\n|\n|-heal|p1a: Quagsire|81\/100|[from] item: Leftovers\n|-heal|p2a: Ferrothorn|67\/100 par|[from] Ingrain\n|-damage|p1a: Quagsire|68\/100|[from] Leech Seed|[of] p2a: Ferrothorn\n|-heal|p2a: Ferrothorn|81\/100 par|[silent]\n|upkeep\n|turn|93\n|\n|t:|1699635906\n|move|p2a: Ferrothorn|Protect|p2a: Ferrothorn\n|-singleturn|p2a: Ferrothorn|Protect\n|move|p1a: Quagsire|Earthquake|p2a: Ferrothorn\n|-activate|p2a: Ferrothorn|move: Protect\n|\n|-heal|p1a: Quagsire|74\/100|[from] item: Leftovers\n|-heal|p2a: Ferrothorn|87\/100 par|[from] Ingrain\n|-damage|p1a: Quagsire|62\/100|[from] Leech Seed|[of] p2a: Ferrothorn\n|-heal|p2a: Ferrothorn|100\/100 par|[silent]\n|upkeep\n|turn|94\n|\n|t:|1699635920\n|move|p2a: Ferrothorn|Endure||[still]\n|-fail|p2a: Ferrothorn\n|move|p1a: Quagsire|Earthquake|p2a: Ferrothorn\n|-damage|p2a: Ferrothorn|84\/100 par\n|\n|-heal|p1a: Quagsire|68\/100|[from] item: Leftovers\n|-heal|p2a: Ferrothorn|90\/100 par|[from] Ingrain\n|-damage|p1a: Quagsire|56\/100|[from] Leech Seed|[of] p2a: Ferrothorn\n|-heal|p2a: Ferrothorn|100\/100 par|[silent]\n|upkeep\n|turn|95\n|inactive|wolfizin has 120 seconds left.\n|\n|t:|1699635940\n|move|p1a: Quagsire|Recover|p1a: Quagsire\n|-heal|p1a: Quagsire|100\/100\n|move|p2a: Ferrothorn|Ingrain||[still]\n|-fail|p2a: Ferrothorn\n|\n|-damage|p1a: Quagsire|88\/100|[from] Leech Seed|[of] p2a: Ferrothorn\n|upkeep\n|turn|96\n|inactive|wolfizin has 120 seconds left.\n|c|\u2606wolfizin|when this gonna be have a end\n|\n|t:|1699635952\n|cant|p2a: Ferrothorn|par\n|move|p1a: Quagsire|Waterfall|p2a: Ferrothorn\n|-resisted|p2a: Ferrothorn\n|-damage|p2a: Ferrothorn|94\/100 par\n|-damage|p1a: Quagsire|76\/100|[from] ability: Iron Barbs|[of] p2a: Ferrothorn\n|-damage|p1a: Quagsire|59\/100|[from] item: Rocky Helmet|[of] p2a: Ferrothorn\n|\n|-heal|p1a: Quagsire|65\/100|[from] item: Leftovers\n|-heal|p2a: Ferrothorn|99\/100 par|[from] Ingrain\n|-damage|p1a: Quagsire|53\/100|[from] Leech Seed|[of] p2a: Ferrothorn\n|-heal|p2a: Ferrothorn|100\/100 par|[silent]\n|upkeep\n|turn|97\n|inactive|wolfizin has 120 seconds left.\n|\n|t:|1699635963\n|move|p2a: Ferrothorn|Protect|p2a: Ferrothorn\n|-singleturn|p2a: Ferrothorn|Protect\n|move|p1a: Quagsire|Recover|p1a: Quagsire\n|-heal|p1a: Quagsire|100\/100\n|\n|-damage|p1a: Quagsire|88\/100|[from] Leech Seed|[of] p2a: Ferrothorn\n|upkeep\n|turn|98\n|c|\u2606oodinosaurking|idk\n|c|\u2606oodinosaurking|its your build on your ferrothorn lol\n|\n|t:|1699635990\n|move|p2a: Ferrothorn|Endure|p2a: Ferrothorn\n|-singleturn|p2a: Ferrothorn|move: Endure\n|move|p1a: Quagsire|Waterfall|p2a: Ferrothorn\n|-resisted|p2a: Ferrothorn\n|-damage|p2a: Ferrothorn|94\/100 par\n|-damage|p1a: Quagsire|76\/100|[from] ability: Iron Barbs|[of] p2a: Ferrothorn\n|-damage|p1a: Quagsire|59\/100|[from] item: Rocky Helmet|[of] p2a: Ferrothorn\n|\n|-heal|p1a: Quagsire|65\/100|[from] item: Leftovers\n|-heal|p2a: Ferrothorn|99\/100 par|[from] Ingrain\n|-damage|p1a: Quagsire|53\/100|[from] Leech Seed|[of] p2a: Ferrothorn\n|-heal|p2a: Ferrothorn|100\/100 par|[silent]\n|upkeep\n|turn|99\n|inactive|wolfizin has 90 seconds left.\n|c|\u2606wolfizin|lol\n|\n|t:|1699636003\n|move|p1a: Quagsire|Recover|p1a: Quagsire\n|-heal|p1a: Quagsire|100\/100\n|move|p2a: Ferrothorn|Ingrain||[still]\n|-fail|p2a: Ferrothorn\n|\n|-damage|p1a: Quagsire|88\/100|[from] Leech Seed|[of] p2a: Ferrothorn\n|upkeep\n|turn|100\n|inactive|wolfizin has 90 seconds left.\n|\n|t:|1699636016\n|move|p1a: Quagsire|Waterfall|p2a: Ferrothorn\n|-resisted|p2a: Ferrothorn\n|-damage|p2a: Ferrothorn|93\/100 par\n|-damage|p1a: Quagsire|76\/100|[from] ability: Iron Barbs|[of] p2a: Ferrothorn\n|-damage|p1a: Quagsire|59\/100|[from] item: Rocky Helmet|[of] p2a: Ferrothorn\n|move|p2a: Ferrothorn|Ingrain||[still]\n|-fail|p2a: Ferrothorn\n|\n|-heal|p1a: Quagsire|65\/100|[from] item: Leftovers\n|-heal|p2a: Ferrothorn|99\/100 par|[from] Ingrain\n|-damage|p1a: Quagsire|53\/100|[from] Leech Seed|[of] p2a: Ferrothorn\n|-heal|p2a: Ferrothorn|100\/100 par|[silent]\n|upkeep\n|turn|101\n|inactive|oodinosaurking has 120 seconds left.\n|\n|t:|1699636030\n|move|p1a: Quagsire|Recover|p1a: Quagsire\n|-heal|p1a: Quagsire|100\/100\n|cant|p2a: Ferrothorn|par\n|\n|-damage|p1a: Quagsire|88\/100|[from] Leech Seed|[of] p2a: Ferrothorn\n|upkeep\n|turn|102\n|inactive|oodinosaurking has 120 seconds left.\n|\n|t:|1699636043\n|move|p1a: Quagsire|Earthquake|p2a: Ferrothorn\n|-damage|p2a: Ferrothorn|82\/100 par\n|move|p2a: Ferrothorn|Ingrain||[still]\n|-fail|p2a: Ferrothorn\n|\n|-heal|p1a: Quagsire|94\/100|[from] item: Leftovers\n|-heal|p2a: Ferrothorn|88\/100 par|[from] Ingrain\n|-damage|p1a: Quagsire|82\/100|[from] Leech Seed|[of] p2a: Ferrothorn\n|-heal|p2a: Ferrothorn|100\/100 par|[silent]\n|upkeep\n|turn|103\n|\n|t:|1699636056\n|move|p1a: Quagsire|Waterfall|p2a: Ferrothorn\n|-resisted|p2a: Ferrothorn\n|-damage|p2a: Ferrothorn|94\/100 par\n|-damage|p1a: Quagsire|69\/100|[from] ability: Iron Barbs|[of] p2a: Ferrothorn\n|-damage|p1a: Quagsire|53\/100|[from] item: Rocky Helmet|[of] p2a: Ferrothorn\n|move|p2a: Ferrothorn|Ingrain||[still]\n|-fail|p2a: Ferrothorn\n|\n|-heal|p1a: Quagsire|59\/100|[from] item: Leftovers\n|-heal|p2a: Ferrothorn|99\/100 par|[from] Ingrain\n|-damage|p1a: Quagsire|46\/100|[from] Leech Seed|[of] p2a: Ferrothorn\n|-heal|p2a: Ferrothorn|100\/100 par|[silent]\n|upkeep\n|turn|104\n|\n|t:|1699636069\n|move|p1a: Quagsire|Waterfall|p2a: Ferrothorn\n|-resisted|p2a: Ferrothorn\n|-damage|p2a: Ferrothorn|93\/100 par\n|-damage|p1a: Quagsire|34\/100|[from] ability: Iron Barbs|[of] p2a: Ferrothorn\n|-damage|p1a: Quagsire|18\/100|[from] item: Rocky Helmet|[of] p2a: Ferrothorn\n|cant|p2a: Ferrothorn|par\n|\n|-heal|p1a: Quagsire|24\/100|[from] item: Leftovers\n|-heal|p2a: Ferrothorn|99\/100 par|[from] Ingrain\n|-damage|p1a: Quagsire|11\/100|[from] Leech Seed|[of] p2a: Ferrothorn\n|-heal|p2a: Ferrothorn|100\/100 par|[silent]\n|upkeep\n|turn|105\n|inactive|wolfizin has 60 seconds left.\n|c|\u2606oodinosaurking|freaking staller lol\n|c|\u2606oodinosaurking|jk jk\n|c|\u2606oodinosaurking|gg\n|\n|t:|1699636096\n|cant|p2a: Ferrothorn|par\n|move|p1a: Quagsire|Earthquake|p2a: Ferrothorn\n|-damage|p2a: Ferrothorn|83\/100 par\n|\n|-heal|p1a: Quagsire|17\/100|[from] item: Leftovers\n|-heal|p2a: Ferrothorn|89\/100 par|[from] Ingrain\n|-damage|p1a: Quagsire|5\/100|[from] Leech Seed|[of] p2a: Ferrothorn\n|-heal|p2a: Ferrothorn|100\/100 par|[silent]\n|upkeep\n|turn|106\n|\n|t:|1699636113\n|move|p2a: Ferrothorn|Endure|p2a: Ferrothorn\n|-singleturn|p2a: Ferrothorn|move: Endure\n|move|p1a: Quagsire|Waterfall|p2a: Ferrothorn\n|-resisted|p2a: Ferrothorn\n|-damage|p2a: Ferrothorn|94\/100 par\n|-damage|p1a: Quagsire|0 fnt|[from] ability: Iron Barbs|[of] p2a: Ferrothorn\n|faint|p1a: Quagsire\n|\n|win|wolfizin\n|raw|oodinosaurking's rating: 1061 &rarr; <strong>1048<\/strong><br \/>(-13 for losing)\n|raw|wolfizin's rating: 1167 &rarr; <strong>1185<\/strong><br \/>(+18 for winning)\n|l|\u2606oodinosaurking\n","uploadtime":1699636191,"views":7,"p1id":"oodinosaurking","p2id":"wolfizin","formatid":"gen9nationaldex","rating":1048,"private":0,"password":""}