{"id":"gen9nationaldex-1993368792","p1":"daybreak wave","p2":"Raclette de Savoie","format":"[Gen 9] National Dex","log":"|j|\u2606daybreak wave\n|j|\u2606Raclette de Savoie\n|t:|1700307327\n|gametype|singles\n|player|p1|daybreak wave|lillie-masters2|1426\n|player|p2|Raclette de Savoie|emmet|1460\n|teamsize|p1|6\n|teamsize|p2|6\n|gen|9\n|tier|[Gen 9] National Dex\n|rated|\n|rule|HP Percentage Mod: HP is shown in percentages\n|rule|Endless Battle Clause: Forcing endless battles is banned\n|rule|OHKO Clause: OHKO moves are banned\n|rule|Evasion Clause: Evasion abilities, items, and moves are banned\n|rule|Evasion Abilities Clause: Evasion abilities are banned\n|rule|Evasion Items Clause: Evasion items are banned\n|rule|Evasion Moves Clause: Evasion moves are banned\n|rule|Species Clause: Limit one of each Pok\u00e9mon\n|rule|Sleep Clause Mod: Limit one foe put to sleep\n|clearpoke\n|poke|p1|Nihilego|\n|poke|p1|Moltres|\n|poke|p1|Aegislash, M|\n|poke|p1|Ogerpon-Wellspring, F|\n|poke|p1|Clodsire, F|\n|poke|p1|Lopunny, F|\n|poke|p2|Pinsir, F|\n|poke|p2|Glimmora, M|\n|poke|p2|Kommo-o, F|\n|poke|p2|Ogerpon-Wellspring, F|\n|poke|p2|Iron Moth|\n|poke|p2|Weavile, F|\n|teampreview\n|inactive|Battle timer is ON: inactive players will automatically lose when time's up. (requested by Raclette de Savoie)\n|\n|t:|1700307351\n|start\n|switch|p1a: Clodsire|Clodsire, F|100\/100\n|switch|p2a: Glimmora|Glimmora, M|100\/100\n|turn|1\n|\n|t:|1700307358\n|move|p2a: Glimmora|Stealth Rock|p1a: Clodsire\n|-sidestart|p1: daybreak wave|move: Stealth Rock\n|move|p1a: Clodsire|Earthquake|p2a: Glimmora\n|-supereffective|p2a: Glimmora\n|-enditem|p2a: Glimmora|Focus Sash\n|-damage|p2a: Glimmora|1\/100\n|-activate|p2a: Glimmora|ability: Toxic Debris\n|-sidestart|p1: daybreak wave|move: Toxic Spikes\n|\n|upkeep\n|turn|2\n|\n|t:|1700307367\n|move|p2a: Glimmora|Earth Power|p1a: Clodsire\n|-supereffective|p1a: Clodsire\n|-damage|p1a: Clodsire|69\/100\n|move|p1a: Clodsire|Stealth Rock|p2a: Glimmora\n|-sidestart|p2: Raclette de Savoie|move: Stealth Rock\n|\n|upkeep\n|turn|3\n|\n|t:|1700307373\n|move|p2a: Glimmora|Mortal Spin|p1a: Clodsire\n|-resisted|p1a: Clodsire\n|-damage|p1a: Clodsire|67\/100\n|-sideend|p2: Raclette de Savoie|Stealth Rock|[from] move: Mortal Spin|[of] p2a: Glimmora\n|move|p1a: Clodsire|Recover|p1a: Clodsire\n|-heal|p1a: Clodsire|100\/100\n|\n|upkeep\n|turn|4\n|\n|t:|1700307381\n|move|p2a: Glimmora|Earth Power|p1a: Clodsire\n|-supereffective|p1a: Clodsire\n|-crit|p1a: Clodsire\n|-damage|p1a: Clodsire|51\/100\n|move|p1a: Clodsire|Stealth Rock|p2a: Glimmora\n|-sidestart|p2: Raclette de Savoie|move: Stealth Rock\n|\n|upkeep\n|turn|5\n|\n|t:|1700307386\n|move|p2a: Glimmora|Mortal Spin|p1a: Clodsire\n|-resisted|p1a: Clodsire\n|-damage|p1a: Clodsire|49\/100\n|-sideend|p2: Raclette de Savoie|Stealth Rock|[from] move: Mortal Spin|[of] p2a: Glimmora\n|move|p1a: Clodsire|Recover|p1a: Clodsire\n|-heal|p1a: Clodsire|99\/100\n|\n|upkeep\n|turn|6\n|\n|t:|1700307393\n|move|p2a: Glimmora|Earth Power|p1a: Clodsire\n|-supereffective|p1a: Clodsire\n|-damage|p1a: Clodsire|66\/100\n|move|p1a: Clodsire|Stealth Rock|p2a: Glimmora\n|-sidestart|p2: Raclette de Savoie|move: Stealth Rock\n|\n|upkeep\n|turn|7\n|\n|t:|1700307401\n|switch|p1a: Aegislash|Aegislash, M, shiny|100\/100\n|-damage|p1a: Aegislash|94\/100|[from] Stealth Rock\n|move|p2a: Glimmora|Mortal Spin|p1a: Aegislash\n|-immune|p1a: Aegislash\n|\n|upkeep\n|turn|8\n|\n|t:|1700307406\n|-formechange|p1a: Aegislash|Aegislash-Blade||[from] ability: Stance Change\n|move|p1a: Aegislash|Shadow Sneak|p2a: Glimmora\n|-damage|p2a: Glimmora|0 fnt\n|-activate|p2a: Glimmora|ability: Toxic Debris\n|-sidestart|p1: daybreak wave|move: Toxic Spikes\n|faint|p2a: Glimmora\n|\n|upkeep\n|\n|t:|1700307413\n|switch|p2a: Ogerpon|Ogerpon-Wellspring, F|100\/100\n|-damage|p2a: Ogerpon|88\/100|[from] Stealth Rock\n|turn|9\n|\n|t:|1700307419\n|move|p2a: Ogerpon|Swords Dance|p2a: Ogerpon\n|-boost|p2a: Ogerpon|atk|2\n|-zpower|p1a: Aegislash\n|move|p1a: Aegislash|Never-Ending Nightmare|p2a: Ogerpon|[zeffect]\n|-damage|p2a: Ogerpon|0 fnt\n|faint|p2a: Ogerpon\n|\n|upkeep\n|\n|t:|1700307429\n|switch|p2a: Iron Moth|Iron Moth|100\/100\n|turn|10\n|\n|t:|1700307448\n|-formechange|p1a: Aegislash|Aegislash||[from] ability: Stance Change\n|move|p1a: Aegislash|King's Shield|p1a: Aegislash\n|-singleturn|p1a: Aegislash|Protect\n|move|p2a: Iron Moth|Fiery Dance|p1a: Aegislash\n|-activate|p1a: Aegislash|move: Protect\n|\n|upkeep\n|turn|11\n|\n|t:|1700307455\n|move|p2a: Iron Moth|Fiery Dance|p1a: Aegislash\n|-supereffective|p1a: Aegislash\n|-damage|p1a: Aegislash|24\/100\n|-formechange|p1a: Aegislash|Aegislash-Blade||[from] ability: Stance Change\n|move|p1a: Aegislash|Shadow Ball|p2a: Iron Moth\n|-crit|p2a: Iron Moth\n|-damage|p2a: Iron Moth|31\/100\n|-unboost|p2a: Iron Moth|spd|1\n|\n|upkeep\n|turn|12\n|\n|t:|1700307464\n|move|p1a: Aegislash|Shadow Sneak|p2a: Iron Moth\n|-damage|p2a: Iron Moth|0 fnt\n|faint|p2a: Iron Moth\n|-end|p2a: Iron Moth|Quark Drive|[silent]\n|\n|upkeep\n|\n|t:|1700307472\n|switch|p2a: Kommo-o|Kommo-o, F|100\/100\n|-damage|p2a: Kommo-o|94\/100|[from] Stealth Rock\n|turn|13\n|\n|t:|1700307485\n|-zpower|p2a: Kommo-o\n|move|p2a: Kommo-o|Clangorous Soulblaze|p1a: Aegislash|[zeffect]\n|-resisted|p1a: Aegislash\n|-damage|p1a: Aegislash|0 fnt\n|faint|p1a: Aegislash\n|-boost|p2a: Kommo-o|atk|1\n|-boost|p2a: Kommo-o|def|1\n|-boost|p2a: Kommo-o|spa|1\n|-boost|p2a: Kommo-o|spd|1\n|-boost|p2a: Kommo-o|spe|1\n|\n|upkeep\n|\n|t:|1700307496\n|switch|p1a: Clodsire|Clodsire, F|66\/100\n|-sideend|p1: daybreak wave|move: Toxic Spikes|[of] p1a: Clodsire\n|turn|14\n|\n|t:|1700307500\n|move|p2a: Kommo-o|Clanging Scales|p1a: Clodsire\n|-damage|p1a: Clodsire|42\/100\n|-unboost|p2a: Kommo-o|def|1\n|move|p1a: Clodsire|Recover|p1a: Clodsire\n|-heal|p1a: Clodsire|92\/100\n|\n|upkeep\n|turn|15\n|\n|t:|1700307509\n|switch|p2a: Weavile|Weavile, F|100\/100\n|-ability|p2a: Weavile|Pressure\n|move|p1a: Clodsire|Toxic|p2a: Weavile\n|-status|p2a: Weavile|tox\n|\n|-damage|p2a: Weavile|94\/100 tox|[from] psn\n|upkeep\n|turn|16\n|\n|t:|1700307525\n|switch|p1a: Moltres|Moltres|100\/100\n|-terastallize|p2a: Weavile|Dark\n|move|p2a: Weavile|Knock Off|p1a: Moltres\n|-damage|p1a: Moltres|57\/100\n|-enditem|p1a: Moltres|Heavy-Duty Boots|[from] move: Knock Off|[of] p2a: Weavile\n|\n|-damage|p2a: Weavile|82\/100 tox|[from] psn\n|upkeep\n|turn|17\n|\n|t:|1700307535\n|move|p2a: Weavile|Triple Axel|p1a: Moltres\n|-damage|p1a: Moltres|49\/100\n|-hitcount|p1a: Moltres|1\n|move|p1a: Moltres|Roost|p1a: Moltres\n|-heal|p1a: Moltres|99\/100\n|-singleturn|p1a: Moltres|move: Roost\n|\n|-damage|p2a: Weavile|64\/100 tox|[from] psn\n|upkeep\n|turn|18\n|\n|t:|1700307543\n|move|p2a: Weavile|Triple Axel|p1a: Moltres\n|-damage|p1a: Moltres|92\/100\n|-damage|p1a: Moltres|78\/100\n|-damage|p1a: Moltres|58\/100\n|-hitcount|p1a: Moltres|3\n|move|p1a: Moltres|U-turn|p2a: Weavile\n|-supereffective|p2a: Weavile\n|-damage|p2a: Weavile|14\/100 tox\n|\n|t:|1700307556\n|switch|p1a: Lopunny|Lopunny, F|100\/100|[from] U-turn\n|-damage|p1a: Lopunny|88\/100|[from] Stealth Rock\n|\n|-damage|p2a: Weavile|0 fnt|[from] psn\n|faint|p2a: Weavile\n|upkeep\n|\n|t:|1700307583\n|switch|p2a: Kommo-o|Kommo-o, F|94\/100\n|-damage|p2a: Kommo-o|88\/100|[from] Stealth Rock\n|turn|19\n|\n|t:|1700307594\n|detailschange|p1a: Lopunny|Lopunny-Mega, F\n|-mega|p1a: Lopunny|Lopunny|Lopunnite\n|move|p1a: Lopunny|Fake Out|p2a: Kommo-o\n|-damage|p2a: Kommo-o|68\/100\n|cant|p2a: Kommo-o|flinch\n|\n|upkeep\n|turn|20\n|\n|t:|1700307603\n|move|p1a: Lopunny|Triple Axel|p2a: Kommo-o|[miss]\n|-miss|p1a: Lopunny|p2a: Kommo-o\n|move|p2a: Kommo-o|Clanging Scales|p1a: Lopunny\n|-damage|p1a: Lopunny|28\/100\n|-unboost|p2a: Kommo-o|def|1\n|\n|upkeep\n|turn|21\n|\n|t:|1700307613\n|move|p1a: Lopunny|Triple Axel|p2a: Kommo-o\n|-supereffective|p2a: Kommo-o\n|-damage|p2a: Kommo-o|49\/100\n|-supereffective|p2a: Kommo-o\n|-damage|p2a: Kommo-o|5\/100\n|-supereffective|p2a: Kommo-o\n|-damage|p2a: Kommo-o|0 fnt\n|faint|p2a: Kommo-o\n|-hitcount|p2: Kommo-o|3\n|\n|upkeep\n|\n|t:|1700307615\n|switch|p2a: Pinsir|Pinsir, F|100\/100\n|-damage|p2a: Pinsir|76\/100|[from] Stealth Rock\n|turn|22\n|\n|t:|1700307628\n|move|p1a: Lopunny|Triple Axel|p2a: Pinsir|[miss]\n|-miss|p1a: Lopunny|p2a: Pinsir\n|move|p2a: Pinsir|Swords Dance|p2a: Pinsir\n|-boost|p2a: Pinsir|atk|2\n|\n|upkeep\n|turn|23\n|\n|t:|1700307645\n|switch|p1a: Moltres|Moltres|58\/100\n|-damage|p1a: Moltres|8\/100|[from] Stealth Rock\n|detailschange|p2a: Pinsir|Pinsir-Mega, F\n|-mega|p2a: Pinsir|Pinsir|Pinsirite\n|move|p2a: Pinsir|Quick Attack|p1a: Moltres\n|-damage|p1a: Moltres|0 fnt\n|faint|p1a: Moltres\n|\n|upkeep\n|inactive|daybreak wave has 120 seconds left.\n|\n|t:|1700307672\n|switch|p1a: Clodsire|Clodsire, F|92\/100\n|turn|24\n|\n|t:|1700307681\n|-terastallize|p1a: Clodsire|Dark\n|move|p2a: Pinsir|Frustration|p1a: Clodsire\n|-damage|p1a: Clodsire|16\/100\n|move|p1a: Clodsire|Toxic|p2a: Pinsir\n|-status|p2a: Pinsir|tox\n|\n|-damage|p2a: Pinsir|70\/100 tox|[from] psn\n|upkeep\n|turn|25\n|\n|t:|1700307696\n|switch|p1a: Nihilego|Nihilego, shiny|100\/100\n|-damage|p1a: Nihilego|88\/100|[from] Stealth Rock\n|move|p2a: Pinsir|Frustration|p1a: Nihilego\n|-resisted|p1a: Nihilego\n|-damage|p1a: Nihilego|0 fnt\n|faint|p1a: Nihilego\n|\n|-damage|p2a: Pinsir|58\/100 tox|[from] psn\n|upkeep\n|\n|t:|1700307703\n|switch|p1a: Lopunny|Lopunny-Mega, F|28\/100\n|-damage|p1a: Lopunny|22\/100|[from] Stealth Rock\n|turn|26\n|\n|t:|1700307708\n|move|p1a: Lopunny|Fake Out|p2a: Pinsir\n|-crit|p2a: Pinsir\n|-damage|p2a: Pinsir|23\/100 tox\n|cant|p2a: Pinsir|flinch\n|\n|-damage|p2a: Pinsir|6\/100 tox|[from] psn\n|upkeep\n|turn|27\n|\n|t:|1700307712\n|switch|p1a: Clodsire|Clodsire, F, tera:Dark|16\/100\n|move|p2a: Pinsir|Frustration|p1a: Clodsire\n|-damage|p1a: Clodsire|0 fnt\n|faint|p1a: Clodsire\n|\n|-damage|p2a: Pinsir|0 fnt|[from] psn\n|faint|p2a: Pinsir\n|\n|win|daybreak wave\n|upkeep\n|raw|daybreak wave's rating: 1426 &rarr; <strong>1449<\/strong><br \/>(+23 for winning)\n|raw|Raclette de Savoie's rating: 1481 &rarr; <strong>1458<\/strong><br \/>(-23 for losing)\n|l|\u2606Raclette de Savoie\n","uploadtime":1700307723,"views":6,"p1id":"daybreakwave","p2id":"raclettedesavoie","formatid":"gen9nationaldex","rating":1449,"private":0,"password":""}