{"id":"gen9nationaldex-1993891396","p1":"Onlymanever","p2":"PolarKnight3739","format":"[Gen 9] National Dex","log":"|j|\u2606Onlymanever\n|j|\u2606PolarKnight3739\n|t:|1700370923\n|gametype|singles\n|player|p1|Onlymanever|lyra|1114\n|player|p2|PolarKnight3739|backpacker|1052\n|teamsize|p1|6\n|teamsize|p2|6\n|gen|9\n|tier|[Gen 9] National Dex\n|rated|\n|rule|HP Percentage Mod: HP is shown in percentages\n|rule|Endless Battle Clause: Forcing endless battles is banned\n|rule|OHKO Clause: OHKO moves are banned\n|rule|Evasion Clause: Evasion abilities, items, and moves are banned\n|rule|Evasion Abilities Clause: Evasion abilities are banned\n|rule|Evasion Items Clause: Evasion items are banned\n|rule|Evasion Moves Clause: Evasion moves are banned\n|rule|Species Clause: Limit one of each Pok\u00e9mon\n|rule|Sleep Clause Mod: Limit one foe put to sleep\n|clearpoke\n|poke|p1|Samurott-Hisui, F|\n|poke|p1|Breloom, M|\n|poke|p1|Rapidash, F|\n|poke|p1|Staraptor, F|\n|poke|p1|Crabominable, F|\n|poke|p1|Electivire, M|\n|poke|p2|Gliscor, M|\n|poke|p2|Hatterene, F|\n|poke|p2|Haxorus, F|\n|poke|p2|Zapdos|\n|poke|p2|Mew|\n|poke|p2|Corviknight, M|\n|teampreview\n|c|\u2606PolarKnight3739|hey\n|inactive|Battle timer is ON: inactive players will automatically lose when time's up. (requested by Onlymanever)\n|\n|t:|1700370935\n|start\n|switch|p1a: Samurott|Samurott-Hisui, F|100\/100\n|switch|p2a: Psychic Rat|Mew|100\/100\n|turn|1\n|c|\u2606Onlymanever|Hi\n|\n|t:|1700370942\n|move|p2a: Psychic Rat|Stored Power|p1a: Samurott\n|-immune|p1a: Samurott\n|move|p1a: Samurott|Ceaseless Edge|p2a: Psychic Rat\n|-supereffective|p2a: Psychic Rat\n|-damage|p2a: Psychic Rat|26\/100\n|-sidestart|p2: PolarKnight3739|Spikes\n|\n|upkeep\n|turn|2\n|\n|t:|1700370967\n|switch|p2a: Static Flamingo|Zapdos|100\/100\n|move|p1a: Samurott|Swords Dance|p1a: Samurott\n|-boost|p1a: Samurott|atk|2\n|\n|upkeep\n|turn|3\n|\n|t:|1700370974\n|switch|p1a: Electivire|Electivire, M|100\/100\n|move|p2a: Static Flamingo|Thunder|p1a: Electivire\n|-ability|p1a: Electivire|Motor Drive|boost\n|-boost|p1a: Electivire|spe|1\n|\n|upkeep\n|turn|4\n|\n|t:|1700370986\n|switch|p2a: Batshit Crazy|Gliscor, M|100\/100\n|move|p1a: Electivire|Meditate|p1a: Electivire\n|-boost|p1a: Electivire|atk|1\n|\n|-status|p2a: Batshit Crazy|tox|[from] item: Toxic Orb\n|upkeep\n|turn|5\n|\n|t:|1700371006\n|-terastallize|p1a: Electivire|Fighting\n|move|p1a: Electivire|Hammer Arm|p2a: Batshit Crazy\n|-resisted|p2a: Batshit Crazy\n|-damage|p2a: Batshit Crazy|67\/100 tox\n|-unboost|p1a: Electivire|spe|1\n|move|p2a: Batshit Crazy|Stealth Rock|p1a: Electivire\n|-sidestart|p1: Onlymanever|move: Stealth Rock\n|\n|-heal|p2a: Batshit Crazy|80\/100 tox|[from] ability: Poison Heal\n|upkeep\n|turn|6\n|\n|t:|1700371017\n|move|p2a: Batshit Crazy|Knock Off|p1a: Electivire\n|-resisted|p1a: Electivire\n|-crit|p1a: Electivire\n|-damage|p1a: Electivire|67\/100\n|-enditem|p1a: Electivire|Leftovers|[from] move: Knock Off|[of] p2a: Batshit Crazy\n|move|p1a: Electivire|Meditate|p1a: Electivire\n|-boost|p1a: Electivire|atk|1\n|\n|-heal|p2a: Batshit Crazy|92\/100 tox|[from] ability: Poison Heal\n|upkeep\n|turn|7\n|\n|t:|1700371027\n|move|p2a: Batshit Crazy|Swords Dance|p2a: Batshit Crazy\n|-boost|p2a: Batshit Crazy|atk|2\n|move|p1a: Electivire|Hammer Arm|p2a: Batshit Crazy\n|-resisted|p2a: Batshit Crazy\n|-damage|p2a: Batshit Crazy|41\/100 tox\n|-unboost|p1a: Electivire|spe|1\n|\n|-heal|p2a: Batshit Crazy|53\/100 tox|[from] ability: Poison Heal\n|upkeep\n|turn|8\n|\n|t:|1700371037\n|move|p2a: Batshit Crazy|Roost|p2a: Batshit Crazy\n|-heal|p2a: Batshit Crazy|100\/100 tox\n|-singleturn|p2a: Batshit Crazy|move: Roost\n|move|p1a: Electivire|Hammer Arm|p2a: Batshit Crazy\n|-damage|p2a: Batshit Crazy|0 fnt\n|-unboost|p1a: Electivire|spe|1\n|faint|p2a: Batshit Crazy\n|\n|upkeep\n|\n|t:|1700371051\n|switch|p2a: Emo Pigeon|Corviknight, M|100\/100\n|turn|9\n|\n|t:|1700371056\n|move|p2a: Emo Pigeon|Body Press|p1a: Electivire\n|-damage|p1a: Electivire|27\/100\n|move|p1a: Electivire|Wild Charge|p2a: Emo Pigeon\n|-supereffective|p2a: Emo Pigeon\n|-damage|p2a: Emo Pigeon|0 fnt\n|-damage|p1a: Electivire|11\/100|[from] item: Rocky Helmet|[of] p2a: Emo Pigeon\n|faint|p2a: Emo Pigeon\n|-damage|p1a: Electivire|0 fnt|[from] Recoil\n|faint|p1a: Electivire\n|\n|upkeep\n|\n|t:|1700371069\n|switch|p1a: Rapidash|Rapidash, F|100\/100\n|switch|p2a: Static Flamingo|Zapdos|100\/100\n|-damage|p1a: Rapidash|75\/100|[from] Stealth Rock\n|turn|10\n|\n|t:|1700371075\n|move|p2a: Static Flamingo|Rain Dance|p2a: Static Flamingo\n|-weather|RainDance\n|move|p1a: Rapidash|Flare Blitz|p2a: Static Flamingo\n|-damage|p2a: Static Flamingo|66\/100\n|-damage|p1a: Rapidash|62\/100|[from] Recoil\n|\n|-weather|RainDance|[upkeep]\n|-heal|p1a: Rapidash|68\/100|[from] item: Leftovers\n|upkeep\n|turn|11\n|\n|t:|1700371084\n|move|p2a: Static Flamingo|Thunder|p1a: Rapidash\n|-damage|p1a: Rapidash|0 fnt\n|faint|p1a: Rapidash\n|\n|-weather|RainDance|[upkeep]\n|upkeep\n|\n|t:|1700371091\n|switch|p1a: Crabominable|Crabominable, F|100\/100\n|-damage|p1a: Crabominable|88\/100|[from] Stealth Rock\n|turn|12\n|\n|t:|1700371098\n|move|p2a: Static Flamingo|Thunder|p1a: Crabominable\n|-damage|p1a: Crabominable|23\/100\n|-status|p1a: Crabominable|par\n|move|p1a: Crabominable|Ice Hammer|p2a: Static Flamingo\n|-supereffective|p2a: Static Flamingo\n|-damage|p2a: Static Flamingo|0 fnt\n|-unboost|p1a: Crabominable|spe|1\n|faint|p2a: Static Flamingo\n|\n|-weather|RainDance|[upkeep]\n|-heal|p1a: Crabominable|29\/100 par|[from] item: Leftovers\n|upkeep\n|\n|t:|1700371110\n|switch|p2a: Pick me Girl|Hatterene, F|100\/100\n|-damage|p2a: Pick me Girl|88\/100|[from] Spikes\n|turn|13\n|\n|t:|1700371115\n|move|p2a: Pick me Girl|Draining Kiss|p1a: Crabominable\n|-supereffective|p1a: Crabominable\n|-damage|p1a: Crabominable|0 fnt\n|-heal|p2a: Pick me Girl|100\/100|[from] drain|[of] p1a: Crabominable\n|faint|p1a: Crabominable\n|\n|-weather|RainDance|[upkeep]\n|upkeep\n|\n|t:|1700371123\n|switch|p1a: Staraptor|Staraptor, F|100\/100\n|-damage|p1a: Staraptor|76\/100|[from] Stealth Rock\n|turn|14\n|\n|t:|1700371138\n|move|p1a: Staraptor|Brave Bird|p2a: Pick me Girl\n|-damage|p2a: Pick me Girl|25\/100\n|-damage|p1a: Staraptor|50\/100|[from] Recoil\n|move|p2a: Pick me Girl|Psychic|p1a: Staraptor\n|-damage|p1a: Staraptor|0 fnt\n|faint|p1a: Staraptor\n|\n|-weather|none\n|upkeep\n|\n|t:|1700371154\n|switch|p1a: Breloom|Breloom, M|100\/100\n|-damage|p1a: Breloom|95\/100|[from] Stealth Rock\n|turn|15\n|\n|t:|1700371158\n|move|p1a: Breloom|Seed Bomb|p2a: Pick me Girl\n|-damage|p2a: Pick me Girl|0 fnt\n|faint|p2a: Pick me Girl\n|\n|-heal|p1a: Breloom|100\/100|[from] item: Leftovers\n|upkeep\n|\n|t:|1700371164\n|switch|p2a: Edgy Lizard|Haxorus, F, shiny|100\/100\n|-damage|p2a: Edgy Lizard|88\/100|[from] Spikes\n|-ability|p2a: Edgy Lizard|Mold Breaker\n|turn|16\n|\n|t:|1700371173\n|move|p2a: Edgy Lizard|Shadow Claw|p1a: Breloom\n|-crit|p1a: Breloom\n|-damage|p1a: Breloom|21\/100\n|-damage|p2a: Edgy Lizard|78\/100|[from] item: Life Orb\n|move|p1a: Breloom|Close Combat|p2a: Edgy Lizard\n|-damage|p2a: Edgy Lizard|1\/100\n|-unboost|p1a: Breloom|def|1\n|-unboost|p1a: Breloom|spd|1\n|\n|-heal|p1a: Breloom|27\/100|[from] item: Leftovers\n|upkeep\n|turn|17\n|\n|t:|1700371195\n|move|p2a: Edgy Lizard|Shadow Claw|p1a: Breloom\n|-damage|p1a: Breloom|0 fnt\n|faint|p1a: Breloom\n|-damage|p2a: Edgy Lizard|0 fnt|[from] item: Life Orb\n|faint|p2a: Edgy Lizard\n|\n|upkeep\n|\n|t:|1700371203\n|switch|p2a: Psychic Rat|Mew|26\/100\n|switch|p1a: Samurott|Samurott-Hisui, F|100\/100\n|-damage|p2a: Psychic Rat|13\/100|[from] Spikes\n|-damage|p1a: Samurott|88\/100|[from] Stealth Rock\n|turn|18\n|\n|t:|1700371211\n|move|p1a: Samurott|Aqua Jet|p2a: Psychic Rat\n|-damage|p2a: Psychic Rat|0 fnt\n|faint|p2a: Psychic Rat\n|\n|win|Onlymanever\n|raw|Onlymanever's rating: 1114 &rarr; <strong>1135<\/strong><br \/>(+21 for winning)\n|raw|PolarKnight3739's rating: 1052 &rarr; <strong>1037<\/strong><br \/>(-15 for losing)\n|c|\u2606PolarKnight3739|dang ggs\n","uploadtime":1700371217,"views":36,"p1id":"onlymanever","p2id":"polarknight3739","formatid":"gen9nationaldex","rating":1037,"private":0,"password":""}