{"id":"gen9nationaldex-1987031927","p1":"heatherfuls","p2":"vvvf","format":"[Gen 9] National Dex","log":"|j|\u2606heatherfuls\n|j|\u2606vvvf\n|t:|1699550530\n|gametype|singles\n|player|p1|heatherfuls|265|1067\n|player|p2|vvvf|169|1078\n|teamsize|p1|6\n|teamsize|p2|6\n|gen|9\n|tier|[Gen 9] National Dex\n|rated|\n|rule|HP Percentage Mod: HP is shown in percentages\n|rule|Endless Battle Clause: Forcing endless battles is banned\n|rule|OHKO Clause: OHKO moves are banned\n|rule|Evasion Clause: Evasion abilities, items, and moves are banned\n|rule|Evasion Abilities Clause: Evasion abilities are banned\n|rule|Evasion Items Clause: Evasion items are banned\n|rule|Evasion Moves Clause: Evasion moves are banned\n|rule|Species Clause: Limit one of each Pok\u00e9mon\n|rule|Sleep Clause Mod: Limit one foe put to sleep\n|clearpoke\n|poke|p1|Infernape, F|\n|poke|p1|Buizel, F|\n|poke|p1|Pikachu-Sinnoh, M|\n|poke|p1|Torterra, F|\n|poke|p1|Gliscor, M|\n|poke|p1|Staraptor, F|\n|poke|p2|Ferrothorn, M|\n|poke|p2|Roserade, F|\n|poke|p2|Ludicolo, F|\n|poke|p2|Tropius, M|\n|poke|p2|Tapu Bulu|\n|poke|p2|Abomasnow, M|\n|teampreview\n|\n|t:|1699550543\n|start\n|switch|p1a: Infernape|Infernape, F|100\/100\n|switch|p2a: Ludicolo|Ludicolo, F|100\/100\n|turn|1\n|\n|t:|1699550551\n|move|p1a: Infernape|Swords Dance|p1a: Infernape\n|-boost|p1a: Infernape|atk|2\n|move|p2a: Ludicolo|Hydro Pump|p1a: Infernape\n|-supereffective|p1a: Infernape\n|-enditem|p1a: Infernape|Focus Sash\n|-damage|p1a: Infernape|1\/100\n|\n|upkeep\n|turn|2\n|\n|t:|1699550562\n|-terastallize|p2a: Ludicolo|Water\n|move|p1a: Infernape|Close Combat|p2a: Ludicolo\n|-damage|p2a: Ludicolo|0 fnt\n|-unboost|p1a: Infernape|def|1\n|-unboost|p1a: Infernape|spd|1\n|faint|p2a: Ludicolo\n|\n|upkeep\n|\n|t:|1699550570\n|switch|p2a: Ferrothorn|Ferrothorn, M|100\/100\n|turn|3\n|\n|t:|1699550575\n|move|p2a: Ferrothorn|Protect|p2a: Ferrothorn\n|-singleturn|p2a: Ferrothorn|Protect\n|move|p1a: Infernape|Flare Blitz|p2a: Ferrothorn\n|-activate|p2a: Ferrothorn|move: Protect\n|\n|upkeep\n|turn|4\n|\n|t:|1699550585\n|move|p1a: Infernape|Flare Blitz|p2a: Ferrothorn\n|-supereffective|p2a: Ferrothorn\n|-damage|p2a: Ferrothorn|0 fnt\n|-damage|p1a: Infernape|0 fnt|[from] ability: Iron Barbs|[of] p2a: Ferrothorn\n|faint|p2a: Ferrothorn\n|faint|p1a: Infernape\n|\n|upkeep\n|\n|t:|1699550597\n|switch|p1a: Buizel|Buizel, F|100\/100\n|switch|p2a: Abomasnow|Abomasnow, M|100\/100\n|-weather|Snow|[from] ability: Snow Warning|[of] p2a: Abomasnow\n|turn|5\n|\n|t:|1699550606\n|detailschange|p2a: Abomasnow|Abomasnow-Mega, M\n|-mega|p2a: Abomasnow|Abomasnow|Abomasite\n|move|p1a: Buizel|Ice Spinner|p2a: Abomasnow\n|-damage|p2a: Abomasnow|87\/100\n|-damage|p1a: Buizel|91\/100|[from] item: Life Orb\n|move|p2a: Abomasnow|Aurora Veil|p2a: Abomasnow\n|-sidestart|p2: vvvf|move: Aurora Veil\n|\n|-weather|Snow|[upkeep]\n|upkeep\n|turn|6\n|\n|t:|1699550614\n|move|p1a: Buizel|Ice Spinner|p2a: Abomasnow\n|-damage|p2a: Abomasnow|81\/100\n|-damage|p1a: Buizel|81\/100|[from] item: Life Orb\n|move|p2a: Abomasnow|Giga Drain|p1a: Buizel\n|-supereffective|p1a: Buizel\n|-damage|p1a: Buizel|0 fnt\n|-heal|p2a: Abomasnow|100\/100|[from] drain|[of] p1a: Buizel\n|faint|p1a: Buizel\n|\n|-weather|Snow|[upkeep]\n|upkeep\n|\n|t:|1699550621\n|switch|p1a: Staraptor|Staraptor, F|100\/100\n|turn|7\n|\n|t:|1699550628\n|switch|p1a: Pikachu|Pikachu-Sinnoh, M|100\/100\n|move|p2a: Abomasnow|Blizzard|p1a: Pikachu\n|-damage|p1a: Pikachu|0 fnt\n|faint|p1a: Pikachu\n|\n|-weather|Snow|[upkeep]\n|upkeep\n|\n|t:|1699550634\n|switch|p1a: Gliscor|Gliscor, M|100\/100\n|turn|8\n|\n|t:|1699550638\n|move|p1a: Gliscor|Protect|p1a: Gliscor\n|-singleturn|p1a: Gliscor|Protect\n|move|p2a: Abomasnow|Blizzard|p1a: Gliscor\n|-activate|p1a: Gliscor|move: Protect\n|\n|-weather|Snow|[upkeep]\n|-status|p1a: Gliscor|tox|[from] item: Toxic Orb\n|upkeep\n|turn|9\n|\n|t:|1699550643\n|move|p1a: Gliscor|Substitute|p1a: Gliscor\n|-start|p1a: Gliscor|Substitute\n|-damage|p1a: Gliscor|75\/100 tox\n|move|p2a: Abomasnow|Blizzard|p1a: Gliscor\n|-supereffective|p1a: Gliscor\n|-end|p1a: Gliscor|Substitute\n|\n|-weather|none\n|-heal|p1a: Gliscor|88\/100 tox|[from] ability: Poison Heal\n|-sideend|p2: vvvf|move: Aurora Veil\n|upkeep\n|turn|10\n|\n|t:|1699550650\n|-terastallize|p1a: Gliscor|Fire\n|move|p1a: Gliscor|Substitute|p1a: Gliscor\n|-start|p1a: Gliscor|Substitute\n|-damage|p1a: Gliscor|63\/100 tox\n|move|p2a: Abomasnow|Blizzard|p1a: Gliscor\n|-resisted|p1a: Gliscor\n|-end|p1a: Gliscor|Substitute\n|\n|-heal|p1a: Gliscor|75\/100 tox|[from] ability: Poison Heal\n|upkeep\n|turn|11\n|\n|t:|1699550663\n|switch|p2a: Roserade|Roserade, F|100\/100\n|move|p1a: Gliscor|Tera Blast|p2a: Roserade|[anim] Tera Blast Fire\n|-supereffective|p2a: Roserade\n|-damage|p2a: Roserade|19\/100\n|\n|-heal|p1a: Gliscor|88\/100 tox|[from] ability: Poison Heal\n|upkeep\n|turn|12\n|\n|t:|1699550669\n|move|p2a: Roserade|Sludge Bomb|p1a: Gliscor\n|-damage|p1a: Gliscor|34\/100 tox\n|-damage|p2a: Roserade|9\/100|[from] item: Life Orb\n|move|p1a: Gliscor|Tera Blast|p2a: Roserade|[anim] Tera Blast Fire\n|-supereffective|p2a: Roserade\n|-damage|p2a: Roserade|0 fnt\n|faint|p2a: Roserade\n|\n|-heal|p1a: Gliscor|46\/100 tox|[from] ability: Poison Heal\n|upkeep\n|\n|t:|1699550677\n|switch|p2a: Abomasnow|Abomasnow-Mega, M|100\/100\n|-weather|Snow|[from] ability: Snow Warning|[of] p2a: Abomasnow\n|turn|13\n|\n|t:|1699550684\n|move|p1a: Gliscor|Tera Blast|p2a: Abomasnow|[anim] Tera Blast Fire\n|-supereffective|p2a: Abomasnow\n|-damage|p2a: Abomasnow|43\/100\n|move|p2a: Abomasnow|Blizzard|p1a: Gliscor\n|-resisted|p1a: Gliscor\n|-damage|p1a: Gliscor|18\/100 tox\n|\n|-weather|Snow|[upkeep]\n|-heal|p1a: Gliscor|30\/100 tox|[from] ability: Poison Heal\n|upkeep\n|turn|14\n|\n|t:|1699550692\n|move|p1a: Gliscor|Tera Blast|p2a: Abomasnow|[anim] Tera Blast Fire\n|-supereffective|p2a: Abomasnow\n|-damage|p2a: Abomasnow|0 fnt\n|faint|p2a: Abomasnow\n|\n|-weather|Snow|[upkeep]\n|-heal|p1a: Gliscor|43\/100 tox|[from] ability: Poison Heal\n|upkeep\n|\n|t:|1699550697\n|switch|p2a: Tropius|Tropius, M|100\/100\n|turn|15\n|\n|t:|1699550702\n|move|p1a: Gliscor|Protect|p1a: Gliscor\n|-singleturn|p1a: Gliscor|Protect\n|move|p2a: Tropius|Leech Seed|p1a: Gliscor\n|-activate|p1a: Gliscor|move: Protect\n|\n|-weather|Snow|[upkeep]\n|-heal|p1a: Gliscor|55\/100 tox|[from] ability: Poison Heal\n|upkeep\n|turn|16\n|\n|t:|1699550709\n|switch|p1a: Torterra|Torterra, F|100\/100\n|move|p2a: Tropius|Leech Seed|p1a: Torterra\n|-immune|p1a: Torterra\n|\n|-weather|Snow|[upkeep]\n|upkeep\n|turn|17\n|n|\u2606vvvf|vvvf\n|c|\u2606vvvf|dumbass tera abuser protect staller, go die in a car crash you simple mongrel\n|-message|vvvf forfeited.\n|\n|win|heatherfuls\n|raw|heatherfuls's rating: 1067 &rarr; <strong>1098<\/strong><br \/>(+31 for winning)\n|raw|vvvf's rating: 1078 &rarr; <strong>1056<\/strong><br \/>(-22 for losing)\n","uploadtime":1699550731,"views":5,"p1id":"heatherfuls","p2id":"vvvf","formatid":"gen9nationaldex","rating":1056,"private":0,"password":""}