{"id":"gen9nationaldex-1992791824","p1":"altseed","p2":"testing a funni3","format":"[Gen 9] National Dex","log":"|j|\u2606altseed\n|j|\u2606testing a funni3\n|t:|1700235807\n|gametype|singles\n|player|p1|altseed|salvatore|1387\n|player|p2|testing a funni3|unknownf|1426\n|teamsize|p1|6\n|teamsize|p2|6\n|gen|9\n|tier|[Gen 9] National Dex\n|rated|\n|rule|HP Percentage Mod: HP is shown in percentages\n|rule|Endless Battle Clause: Forcing endless battles is banned\n|rule|OHKO Clause: OHKO moves are banned\n|rule|Evasion Clause: Evasion abilities, items, and moves are banned\n|rule|Evasion Abilities Clause: Evasion abilities are banned\n|rule|Evasion Items Clause: Evasion items are banned\n|rule|Evasion Moves Clause: Evasion moves are banned\n|rule|Species Clause: Limit one of each Pok\u00e9mon\n|rule|Sleep Clause Mod: Limit one foe put to sleep\n|clearpoke\n|poke|p1|Iron Valiant|\n|poke|p1|Weezing-Galar, M|\n|poke|p1|Tapu Lele|\n|poke|p1|Diancie|\n|poke|p1|Grimmsnarl, M|\n|poke|p1|Azumarill, M|\n|poke|p2|Latios, M|\n|poke|p2|Buzzwole|\n|poke|p2|Gliscor, F|\n|poke|p2|Weavile, M|\n|poke|p2|Heatran, M|\n|poke|p2|Ogerpon-Wellspring, F|\n|teampreview\n|\n|t:|1700235820\n|start\n|switch|p1a: Diancie|Diancie|100\/100\n|switch|p2a: Weavile|Weavile, M|100\/100\n|-ability|p2a: Weavile|Pressure\n|turn|1\n|inactive|Battle timer is ON: inactive players will automatically lose when time's up. (requested by altseed)\n|\n|t:|1700235831\n|switch|p2a: Gliscor|Gliscor, F|100\/100\n|move|p1a: Diancie|Stealth Rock|p2a: Gliscor\n|-sidestart|p2: testing a funni3|move: Stealth Rock\n|\n|-status|p2a: Gliscor|tox|[from] item: Toxic Orb\n|upkeep\n|turn|2\n|\n|t:|1700235851\n|switch|p1a: Grimmsnarl|Grimmsnarl, M|100\/100\n|move|p2a: Gliscor|Defog|p1a: Grimmsnarl\n|-unboost|p1a: Grimmsnarl|evasion|1\n|-sideend|p2: testing a funni3|Stealth Rock|[from] move: Defog|[of] p2a: Gliscor\n|\n|upkeep\n|turn|3\n|\n|t:|1700235857\n|move|p1a: Grimmsnarl|Reflect|p1a: Grimmsnarl\n|-sidestart|p1: altseed|Reflect\n|move|p2a: Gliscor|Toxic|p1a: Grimmsnarl\n|-status|p1a: Grimmsnarl|tox\n|\n|-damage|p1a: Grimmsnarl|94\/100 tox|[from] psn\n|upkeep\n|turn|4\n|\n|t:|1700235861\n|move|p1a: Grimmsnarl|Parting Shot|p2a: Gliscor\n|-unboost|p2a: Gliscor|atk|1\n|-unboost|p2a: Gliscor|spa|1\n|\n|t:|1700235863\n|switch|p1a: Azumarill|Azumarill, M|100\/100|[from] Parting Shot\n|move|p2a: Gliscor|Defog|p1a: Azumarill\n|-unboost|p1a: Azumarill|evasion|1\n|-sideend|p1: altseed|Reflect\n|\n|upkeep\n|turn|5\n|\n|t:|1700235867\n|move|p2a: Gliscor|Toxic|p1a: Azumarill\n|-status|p1a: Azumarill|tox\n|move|p1a: Azumarill|Belly Drum|p1a: Azumarill\n|-damage|p1a: Azumarill|50\/100 tox\n|-setboost|p1a: Azumarill|atk|6|[from] move: Belly Drum\n|-enditem|p1a: Azumarill|Sitrus Berry|[eat]\n|-heal|p1a: Azumarill|75\/100 tox|[from] item: Sitrus Berry\n|\n|-damage|p1a: Azumarill|69\/100 tox|[from] psn\n|upkeep\n|turn|6\n|\n|t:|1700235874\n|switch|p2a: Ogerpon|Ogerpon-Wellspring, F|100\/100\n|move|p1a: Azumarill|Play Rough|p2a: Ogerpon\n|-damage|p2a: Ogerpon|0 fnt\n|faint|p2a: Ogerpon\n|\n|-damage|p1a: Azumarill|57\/100 tox|[from] psn\n|upkeep\n|\n|t:|1700235887\n|switch|p2a: Buzzwole|Buzzwole|100\/100\n|turn|7\n|\n|t:|1700235895\n|move|p2a: Buzzwole|Roost||[still]\n|-fail|p2a: Buzzwole|heal\n|move|p1a: Azumarill|Play Rough|p2a: Buzzwole\n|-supereffective|p2a: Buzzwole\n|-damage|p2a: Buzzwole|0 fnt\n|faint|p2a: Buzzwole\n|\n|-damage|p1a: Azumarill|38\/100 tox|[from] psn\n|upkeep\n|\n|t:|1700235899\n|switch|p2a: Latios|Latios, M|100\/100\n|turn|8\n|\n|t:|1700235903\n|detailschange|p2a: Latios|Latios-Mega, M\n|-mega|p2a: Latios|Latios|Latiosite\n|move|p2a: Latios|Psychic|p1a: Azumarill\n|-damage|p1a: Azumarill|0 fnt\n|faint|p1a: Azumarill\n|\n|upkeep\n|\n|t:|1700235911\n|switch|p1a: Tapu Lele|Tapu Lele|100\/100\n|-fieldstart|move: Psychic Terrain|[from] ability: Psychic Surge|[of] p1a: Tapu Lele\n|turn|9\n|\n|t:|1700235918\n|switch|p2a: Heatran|Heatran, M|100\/100\n|move|p1a: Tapu Lele|Psychic|p2a: Heatran\n|-resisted|p2a: Heatran\n|-damage|p2a: Heatran|73\/100\n|\n|-heal|p2a: Heatran|80\/100|[from] item: Leftovers\n|upkeep\n|turn|10\n|\n|t:|1700235925\n|switch|p1a: Diancie|Diancie|100\/100\n|move|p2a: Heatran|Magma Storm|p1a: Diancie\n|-resisted|p1a: Diancie\n|-damage|p1a: Diancie|79\/100\n|-activate|p1a: Diancie|move: Magma Storm|[of] p2a: Heatran\n|\n|-heal|p2a: Heatran|86\/100|[from] item: Leftovers\n|-damage|p1a: Diancie|67\/100|[from] move: Magma Storm|[partiallytrapped]\n|upkeep\n|turn|11\n|\n|t:|1700235932\n|switch|p2a: Gliscor|Gliscor, F|100\/100 tox\n|detailschange|p1a: Diancie|Diancie-Mega\n|-mega|p1a: Diancie|Diancie|Diancite\n|move|p1a: Diancie|Stealth Rock|p2a: Gliscor\n|-sidestart|p2: testing a funni3|move: Stealth Rock\n|\n|-end|p1a: Diancie|Magma Storm|[partiallytrapped]|[silent]\n|upkeep\n|turn|12\n|\n|t:|1700235937\n|move|p1a: Diancie|Moonblast|p2a: Gliscor\n|-damage|p2a: Gliscor|53\/100 tox\n|move|p2a: Gliscor|Earthquake|p1a: Diancie\n|-supereffective|p1a: Diancie\n|-damage|p1a: Diancie|0 fnt\n|faint|p1a: Diancie\n|\n|-heal|p2a: Gliscor|66\/100 tox|[from] ability: Poison Heal\n|upkeep\n|\n|t:|1700235943\n|switch|p1a: Tapu Lele|Tapu Lele|100\/100\n|turn|13\n|\n|t:|1700235953\n|switch|p2a: Heatran|Heatran, M|86\/100\n|-damage|p2a: Heatran|73\/100|[from] Stealth Rock\n|move|p1a: Tapu Lele|Psychic|p2a: Heatran\n|-resisted|p2a: Heatran\n|-crit|p2a: Heatran\n|-damage|p2a: Heatran|31\/100\n|\n|-heal|p2a: Heatran|38\/100|[from] item: Leftovers\n|-fieldend|move: Psychic Terrain\n|upkeep\n|turn|14\n|\n|t:|1700235958\n|switch|p1a: Grimmsnarl|Grimmsnarl, M|94\/100 tox\n|move|p2a: Heatran|Magma Storm|p1a: Grimmsnarl\n|-damage|p1a: Grimmsnarl|61\/100 tox\n|-activate|p1a: Grimmsnarl|move: Magma Storm|[of] p2a: Heatran\n|\n|-heal|p2a: Heatran|44\/100|[from] item: Leftovers\n|-damage|p1a: Grimmsnarl|55\/100 tox|[from] psn\n|-damage|p1a: Grimmsnarl|43\/100 tox|[from] move: Magma Storm|[partiallytrapped]\n|upkeep\n|turn|15\n|\n|t:|1700235965\n|move|p1a: Grimmsnarl|Light Screen|p1a: Grimmsnarl\n|-sidestart|p1: altseed|move: Light Screen\n|move|p2a: Heatran|Taunt|p1a: Grimmsnarl\n|-start|p1a: Grimmsnarl|move: Taunt\n|\n|-heal|p2a: Heatran|50\/100|[from] item: Leftovers\n|-damage|p1a: Grimmsnarl|31\/100 tox|[from] psn\n|-damage|p1a: Grimmsnarl|18\/100 tox|[from] move: Magma Storm|[partiallytrapped]\n|upkeep\n|turn|16\n|\n|t:|1700235971\n|move|p2a: Heatran|Stealth Rock|p1a: Grimmsnarl\n|-sidestart|p1: altseed|move: Stealth Rock\n|move|p1a: Grimmsnarl|Spirit Break|p2a: Heatran\n|-resisted|p2a: Heatran\n|-damage|p2a: Heatran|44\/100\n|-unboost|p2a: Heatran|spa|1\n|\n|-heal|p2a: Heatran|50\/100|[from] item: Leftovers\n|-damage|p1a: Grimmsnarl|0 fnt|[from] psn\n|faint|p1a: Grimmsnarl\n|upkeep\n|\n|t:|1700235976\n|switch|p1a: Iron Valiant|Iron Valiant|100\/100\n|-damage|p1a: Iron Valiant|94\/100|[from] Stealth Rock\n|-enditem|p1a: Iron Valiant|Booster Energy\n|-activate|p1a: Iron Valiant|ability: Quark Drive|[fromitem]\n|-start|p1a: Iron Valiant|quarkdrivespe\n|turn|17\n|\n|t:|1700235981\n|move|p1a: Iron Valiant|Moonblast|p2a: Heatran\n|-resisted|p2a: Heatran\n|-damage|p2a: Heatran|44\/100\n|move|p2a: Heatran|Magma Storm|p1a: Iron Valiant\n|-damage|p1a: Iron Valiant|64\/100\n|-activate|p1a: Iron Valiant|move: Magma Storm|[of] p2a: Heatran\n|\n|-heal|p2a: Heatran|50\/100|[from] item: Leftovers\n|-damage|p1a: Iron Valiant|52\/100|[from] move: Magma Storm|[partiallytrapped]\n|upkeep\n|turn|18\n|\n|t:|1700235985\n|move|p1a: Iron Valiant|Close Combat|p2a: Heatran\n|-supereffective|p2a: Heatran\n|-damage|p2a: Heatran|0 fnt\n|-unboost|p1a: Iron Valiant|def|1\n|-unboost|p1a: Iron Valiant|spd|1\n|faint|p2a: Heatran\n|\n|-end|p1a: Iron Valiant|Magma Storm|[partiallytrapped]|[silent]\n|upkeep\n|\n|t:|1700235990\n|switch|p2a: Weavile|Weavile, M|100\/100\n|-damage|p2a: Weavile|76\/100|[from] Stealth Rock\n|-ability|p2a: Weavile|Pressure\n|turn|19\n|\n|t:|1700235993\n|move|p2a: Weavile|Ice Shard|p1a: Iron Valiant\n|-damage|p1a: Iron Valiant|0 fnt\n|faint|p1a: Iron Valiant\n|-end|p1a: Iron Valiant|Quark Drive|[silent]\n|\n|upkeep\n|\n|t:|1700235996\n|switch|p1a: Weezing|Weezing-Galar, M|100\/100\n|-ability|p1a: Weezing|Neutralizing Gas\n|-damage|p1a: Weezing|88\/100|[from] Stealth Rock\n|turn|20\n|\n|t:|1700236005\n|switch|p2a: Gliscor|Gliscor, F|66\/100 tox\n|-damage|p2a: Gliscor|53\/100 tox|[from] Stealth Rock\n|move|p1a: Weezing|Defog|p2a: Gliscor\n|-unboost|p2a: Gliscor|evasion|1\n|-sideend|p2: testing a funni3|Stealth Rock|[from] move: Defog|[of] p1a: Weezing\n|-sideend|p1: altseed|Stealth Rock|[from] move: Defog|[of] p1a: Weezing\n|\n|-damage|p2a: Gliscor|47\/100 tox|[from] psn\n|upkeep\n|turn|21\n|\n|t:|1700236011\n|switch|p2a: Latios|Latios-Mega, M|100\/100\n|move|p1a: Weezing|Pain Split|p2a: Latios\n|-sethp|p2a: Latios|99\/100|[from] move: Pain Split|[silent]\n|-sethp|p1a: Weezing|89\/100|[from] move: Pain Split\n|\n|upkeep\n|turn|22\n|\n|t:|1700236017\n|-end|p1a: Weezing|ability: Neutralizing Gas\n|switch|p1a: Tapu Lele|Tapu Lele|100\/100\n|-fieldstart|move: Psychic Terrain|[from] ability: Psychic Surge|[of] p1a: Tapu Lele\n|move|p2a: Latios|Mystical Fire|p1a: Tapu Lele\n|-damage|p1a: Tapu Lele|86\/100\n|-unboost|p1a: Tapu Lele|spa|1\n|\n|-sideend|p1: altseed|move: Light Screen\n|upkeep\n|turn|23\n|\n|t:|1700236022\n|move|p2a: Latios|Mystical Fire|p1a: Tapu Lele\n|-damage|p1a: Tapu Lele|55\/100\n|-unboost|p1a: Tapu Lele|spa|1\n|move|p1a: Tapu Lele|Moonblast|p2a: Latios\n|-supereffective|p2a: Latios\n|-damage|p2a: Latios|25\/100\n|\n|upkeep\n|turn|24\n|\n|t:|1700236026\n|switch|p1a: Weezing|Weezing-Galar, M|89\/100\n|-ability|p1a: Weezing|Neutralizing Gas\n|move|p2a: Latios|Roost|p2a: Latios\n|-heal|p2a: Latios|76\/100\n|-singleturn|p2a: Latios|move: Roost\n|\n|upkeep\n|turn|25\n|\n|t:|1700236030\n|move|p2a: Latios|Psychic|p1a: Weezing\n|-supereffective|p1a: Weezing\n|-damage|p1a: Weezing|0 fnt\n|faint|p1a: Weezing\n|-end|p1a: Weezing|ability: Neutralizing Gas\n|\n|upkeep\n|\n|t:|1700236033\n|switch|p1a: Tapu Lele|Tapu Lele|55\/100\n|turn|26\n|\n|t:|1700236040\n|move|p2a: Latios|Mystical Fire|p1a: Tapu Lele\n|-damage|p1a: Tapu Lele|22\/100\n|-unboost|p1a: Tapu Lele|spa|1\n|move|p1a: Tapu Lele|Moonblast|p2a: Latios\n|-supereffective|p2a: Latios\n|-damage|p2a: Latios|0 fnt\n|faint|p2a: Latios\n|\n|-fieldend|move: Psychic Terrain\n|upkeep\n|\n|t:|1700236044\n|switch|p2a: Weavile|Weavile, M|76\/100\n|-ability|p2a: Weavile|Pressure\n|turn|27\n|-message|altseed forfeited.\n|\n|win|testing a funni3\n|raw|altseed's rating: 1387 &rarr; <strong>1369<\/strong><br \/>(-18 for losing)\n|raw|testing a funni3's rating: 1426 &rarr; <strong>1444<\/strong><br \/>(+18 for winning)\n|l|\u2606altseed\n","uploadtime":1700236050,"views":9,"p1id":"altseed","p2id":"testingafunni3","formatid":"gen9nationaldex","rating":1369,"private":0,"password":""}