{"id":"gen9nationaldex-1997023533","p1":"D4Nox","p2":"xCookieBallx","format":"[Gen 9] National Dex","log":"|html|<div class=\"broadcast-blue\"><strong>[Gen 9] National Dex is currently suspecting Sneasler! For information on how to participate check out the <a href=\"https:\/\/www.smogon.com\/forums\/threads\/sv-national-dex-suspect-8-just-dance.3731534\/\">suspect thread<\/a>.<\/strong><\/div>\n|j|\u2606D4Nox\n|j|\u2606xCookieBallx\n|t:|1700756757\n|gametype|singles\n|player|p1|D4Nox|marnie-league|\n|player|p2|xCookieBallx|melony|\n|teamsize|p1|6\n|teamsize|p2|6\n|gen|9\n|tier|[Gen 9] National Dex\n|rule|HP Percentage Mod: HP is shown in percentages\n|rule|Endless Battle Clause: Forcing endless battles is banned\n|rule|OHKO Clause: OHKO moves are banned\n|rule|Evasion Clause: Evasion abilities, items, and moves are banned\n|rule|Evasion Abilities Clause: Evasion abilities are banned\n|rule|Evasion Items Clause: Evasion items are banned\n|rule|Evasion Moves Clause: Evasion moves are banned\n|rule|Species Clause: Limit one of each Pok\u00e9mon\n|rule|Sleep Clause Mod: Limit one foe put to sleep\n|clearpoke\n|poke|p1|Toxapex, M|\n|poke|p1|Metagross|\n|poke|p1|Zapdos|\n|poke|p1|Weavile, F|\n|poke|p1|Tapu Lele|\n|poke|p1|Dragonite, F|\n|poke|p2|Glalie, F|\n|poke|p2|Arctozolt|\n|poke|p2|Vanilluxe, M|\n|poke|p2|Cryogonal|\n|poke|p2|Glaceon, M|\n|poke|p2|Cetitan, M|\n|teampreview\n|j| Sylveon(404)\n|j| Void280\n|\n|t:|1700756858\n|start\n|switch|p1a: Toxapex|Toxapex, M|100\/100\n|switch|p2a: Oreo|Vanilluxe, M|100\/100\n|-weather|Snow|[from] ability: Snow Warning|[of] p2a: Oreo\n|turn|1\n|\n|t:|1700756868\n|move|p2a: Oreo|Aurora Veil|p2a: Oreo\n|-sidestart|p2: xCookieBallx|move: Aurora Veil\n|move|p1a: Toxapex|Toxic Spikes|p2a: Oreo\n|-sidestart|p2: xCookieBallx|move: Toxic Spikes\n|\n|-weather|Snow|[upkeep]\n|upkeep\n|turn|2\n|\n|t:|1700756873\n|move|p2a: Oreo|Freeze-Dry|p1a: Toxapex\n|-supereffective|p1a: Toxapex\n|-damage|p1a: Toxapex|56\/100\n|move|p1a: Toxapex|Toxic Spikes|p2a: Oreo\n|-sidestart|p2: xCookieBallx|move: Toxic Spikes\n|\n|-weather|Snow|[upkeep]\n|-heal|p1a: Toxapex|62\/100|[from] item: Black Sludge\n|upkeep\n|turn|3\n|\n|t:|1700756883\n|switch|p1a: Metagross|Metagross|100\/100\n|move|p2a: Oreo|Freeze-Dry|p1a: Metagross\n|-resisted|p1a: Metagross\n|-damage|p1a: Metagross|90\/100\n|\n|-weather|Snow|[upkeep]\n|-heal|p1a: Metagross|96\/100|[from] item: Leftovers\n|upkeep\n|turn|4\n|\n|t:|1700756892\n|switch|p2a: O'ryme|Glaceon, M|100\/100\n|-status|p2a: O'ryme|tox\n|move|p1a: Metagross|Cosmic Power|p1a: Metagross\n|-boost|p1a: Metagross|def|1\n|-boost|p1a: Metagross|spd|1\n|\n|-weather|Snow|[upkeep]\n|-heal|p1a: Metagross|100\/100|[from] item: Leftovers\n|-damage|p2a: O'ryme|95\/100 tox|[from] psn\n|upkeep\n|turn|5\n|\n|t:|1700756902\n|move|p1a: Metagross|Cosmic Power|p1a: Metagross\n|-boost|p1a: Metagross|def|1\n|-boost|p1a: Metagross|spd|1\n|move|p2a: O'ryme|Wish|p2a: O'ryme\n|\n|-weather|Snow|[upkeep]\n|-heal|p2a: O'ryme|100\/100 tox|[from] ability: Ice Body\n|-damage|p2a: O'ryme|89\/100 tox|[from] psn\n|-sideend|p2: xCookieBallx|move: Aurora Veil\n|upkeep\n|turn|6\n|\n|t:|1700756915\n|switch|p2a: Periwinkle|Cryogonal|100\/100\n|move|p1a: Metagross|Cosmic Power|p1a: Metagross\n|-boost|p1a: Metagross|def|1\n|-boost|p1a: Metagross|spd|1\n|\n|-weather|Snow|[upkeep]\n|upkeep\n|turn|7\n|\n|t:|1700756924\n|-terastallize|p1a: Metagross|Fighting\n|move|p2a: Periwinkle|Chilling Water|p1a: Metagross\n|-damage|p1a: Metagross|96\/100\n|move|p1a: Metagross|Body Press|p2a: Periwinkle\n|-supereffective|p2a: Periwinkle\n|-damage|p2a: Periwinkle|0 fnt\n|faint|p2a: Periwinkle\n|\n|-weather|Snow|[upkeep]\n|-heal|p1a: Metagross|100\/100|[from] item: Leftovers\n|upkeep\n|\n|t:|1700756935\n|switch|p2a: Oreo|Vanilluxe, M|100\/100\n|-status|p2a: Oreo|tox\n|turn|8\n|\n|t:|1700756939\n|switch|p2a: O'ryme|Glaceon, M|89\/100 tox\n|move|p1a: Metagross|Body Press|p2a: O'ryme\n|-supereffective|p2a: O'ryme\n|-damage|p2a: O'ryme|14\/100 tox\n|-damage|p1a: Metagross|84\/100|[from] item: Rocky Helmet|[of] p2a: O'ryme\n|\n|-weather|none\n|-heal|p1a: Metagross|90\/100|[from] item: Leftovers\n|-damage|p2a: O'ryme|8\/100 tox|[from] psn\n|upkeep\n|turn|9\n|\n|t:|1700756949\n|move|p1a: Metagross|Body Press|p2a: O'ryme\n|-supereffective|p2a: O'ryme\n|-damage|p2a: O'ryme|0 fnt\n|-damage|p1a: Metagross|74\/100|[from] item: Rocky Helmet|[of] p2a: O'ryme\n|faint|p2a: O'ryme\n|\n|-heal|p1a: Metagross|80\/100|[from] item: Leftovers\n|upkeep\n|\n|t:|1700756952\n|switch|p2a: Oreo|Vanilluxe, M|100\/100 tox\n|-weather|Snow|[from] ability: Snow Warning|[of] p2a: Oreo\n|turn|10\n|\n|t:|1700756959\n|move|p2a: Oreo|Toxic|p1a: Metagross\n|-status|p1a: Metagross|tox\n|move|p1a: Metagross|Body Press|p2a: Oreo\n|-supereffective|p2a: Oreo\n|-damage|p2a: Oreo|0 fnt\n|faint|p2a: Oreo\n|\n|-weather|Snow|[upkeep]\n|-heal|p1a: Metagross|86\/100 tox|[from] item: Leftovers\n|-damage|p1a: Metagross|80\/100 tox|[from] psn\n|upkeep\n|\n|t:|1700756971\n|switch|p2a: Barney|Cetitan, M|100\/100\n|-status|p2a: Barney|tox\n|turn|11\n|\n|t:|1700756977\n|move|p2a: Barney|Ice Spinner|p1a: Metagross\n|-damage|p1a: Metagross|67\/100 tox\n|move|p1a: Metagross|Body Press|p2a: Barney\n|-supereffective|p2a: Barney\n|-damage|p2a: Barney|0 fnt\n|faint|p2a: Barney\n|\n|-weather|Snow|[upkeep]\n|-heal|p1a: Metagross|73\/100 tox|[from] item: Leftovers\n|-damage|p1a: Metagross|61\/100 tox|[from] psn\n|upkeep\n|\n|t:|1700756979\n|switch|p2a: Ram|Glalie, F|100\/100\n|-status|p2a: Ram|tox\n|turn|12\n|\n|t:|1700756988\n|detailschange|p2a: Ram|Glalie-Mega, F\n|-mega|p2a: Ram|Glalie|Glalitite\n|move|p2a: Ram|Explosion|p1a: Metagross\n|-damage|p1a: Metagross|15\/100 tox\n|faint|p2a: Ram\n|move|p1a: Metagross|Body Press|p2: Ram|[notarget]\n|-fail|p1a: Metagross\n|\n|-weather|Snow|[upkeep]\n|-heal|p1a: Metagross|21\/100 tox|[from] item: Leftovers\n|-damage|p1a: Metagross|2\/100 tox|[from] psn\n|upkeep\n|\n|t:|1700756992\n|switch|p2a: Mebo|Arctozolt, shiny|100\/100\n|-status|p2a: Mebo|tox\n|turn|13\n|\n|t:|1700757001\n|move|p2a: Mebo|Bolt Beak|p1a: Metagross\n|-damage|p1a: Metagross|0 fnt\n|faint|p1a: Metagross\n|-damage|p2a: Mebo|91\/100 tox|[from] item: Life Orb\n|\n|-weather|Snow|[upkeep]\n|-damage|p2a: Mebo|84\/100 tox|[from] psn\n|upkeep\n|\n|t:|1700757009\n|switch|p1a: Weavile|Weavile, F|100\/100\n|-ability|p1a: Weavile|Pressure\n|turn|14\n|\n|t:|1700757013\n|-terastallize|p2a: Mebo|Electric\n|move|p2a: Mebo|Bolt Beak|p1a: Weavile\n|-damage|p1a: Weavile|0 fnt\n|faint|p1a: Weavile\n|-damage|p2a: Mebo|74\/100 tox|[from] item: Life Orb\n|\n|-weather|Snow|[upkeep]\n|-damage|p2a: Mebo|62\/100 tox|[from] psn\n|upkeep\n|\n|t:|1700757023\n|switch|p1a: Dragonite|Dragonite, F|100\/100\n|turn|15\n|\n|t:|1700757027\n|move|p2a: Mebo|Bolt Beak|p1a: Dragonite\n|-damage|p1a: Dragonite|34\/100\n|-damage|p2a: Mebo|52\/100 tox|[from] item: Life Orb\n|move|p1a: Dragonite|Earthquake|p2a: Mebo\n|-supereffective|p2a: Mebo\n|-damage|p2a: Mebo|0 fnt\n|faint|p2a: Mebo\n|\n|win|D4Nox\n|c|\u2606D4Nox|gg\n|c|\u2606xCookieBallx|JSJSJSASKJL\n|c|\u2606xCookieBallx|gg\n|l| Sylveon(404)\n|l| Void280\n|l|\u2606D4Nox\n","uploadtime":1700757067,"views":1,"p1id":"d4nox","p2id":"xcookieballx","formatid":"gen9nationaldex","rating":0,"private":0,"password":""}