{"id":"gen9nationaldex-1998900356","p1":"ikun321","p2":"powerme","format":"[Gen 9] National Dex","log":"|html|<div class=\"broadcast-blue\"><strong>[Gen 9] National Dex is currently suspecting Sneasler! For information on how to participate check out the <a href=\"https:\/\/www.smogon.com\/forums\/threads\/sv-national-dex-suspect-8-just-dance.3731534\/\">suspect thread<\/a>.<\/strong><\/div>\n|j|\u2606ikun321\n|j|\u2606powerme\n|t:|1701010607\n|gametype|singles\n|player|p1|ikun321|2|1283\n|player|p2|powerme|102|1369\n|teamsize|p1|6\n|teamsize|p2|6\n|gen|9\n|tier|[Gen 9] National Dex\n|rated|\n|rule|HP Percentage Mod: HP is shown in percentages\n|rule|Endless Battle Clause: Forcing endless battles is banned\n|rule|OHKO Clause: OHKO moves are banned\n|rule|Evasion Clause: Evasion abilities, items, and moves are banned\n|rule|Evasion Abilities Clause: Evasion abilities are banned\n|rule|Evasion Items Clause: Evasion items are banned\n|rule|Evasion Moves Clause: Evasion moves are banned\n|rule|Species Clause: Limit one of each Pok\u00e9mon\n|rule|Sleep Clause Mod: Limit one foe put to sleep\n|clearpoke\n|poke|p1|Corviknight, F|\n|poke|p1|Banette, M|\n|poke|p1|Rillaboom, F|\n|poke|p1|Slowking-Galar, M|\n|poke|p1|Garganacl, M|\n|poke|p1|Great Tusk|\n|poke|p2|Greninja-*, M|\n|poke|p2|Ogerpon-Wellspring, F|\n|poke|p2|Basculegion, M|\n|poke|p2|Pelipper, F|\n|poke|p2|Scizor, M|\n|poke|p2|Zapdos|\n|teampreview\n|inactive|Battle timer is ON: inactive players will automatically lose when time's up. (requested by ikun321)\n|\n|t:|1701010623\n|start\n|switch|p1a: Banette|Banette, M|100\/100\n|switch|p2a: Pelipper|Pelipper, F|100\/100\n|-item|p2a: Pelipper|Damp Rock|[from] ability: Frisk|[of] p1a: Banette|[identify]\n|-weather|RainDance|[from] ability: Drizzle|[of] p2a: Pelipper\n|turn|1\n|\n|t:|1701010640\n|detailschange|p1a: Banette|Banette-Mega, M\n|-mega|p1a: Banette|Banette|Banettite\n|move|p1a: Banette|Poltergeist|p2a: Pelipper\n|-activate|p2a: Pelipper|move: Poltergeist|Damp Rock\n|-damage|p2a: Pelipper|15\/100\n|move|p2a: Pelipper|Weather Ball|p1a: Banette\n|-crit|p1a: Banette\n|-damage|p1a: Banette|0 fnt\n|faint|p1a: Banette\n|\n|-weather|RainDance|[upkeep]\n|upkeep\n|\n|t:|1701010652\n|switch|p1a: Great Tusk|Great Tusk|100\/100\n|turn|2\n|\n|t:|1701010662\n|switch|p2a: Zapdos|Zapdos|100\/100\n|move|p1a: Great Tusk|Rapid Spin|p2a: Zapdos\n|-damage|p2a: Zapdos|79\/100\n|-boost|p1a: Great Tusk|spe|1\n|\n|-weather|RainDance|[upkeep]\n|upkeep\n|turn|3\n|\n|t:|1701010670\n|-zpower|p1a: Great Tusk\n|move|p1a: Great Tusk|Continental Crush|p2a: Zapdos|[zeffect]\n|-supereffective|p2a: Zapdos\n|-damage|p2a: Zapdos|0 fnt\n|faint|p2a: Zapdos\n|\n|-weather|RainDance|[upkeep]\n|upkeep\n|\n|t:|1701010676\n|switch|p2a: Basculegion|Basculegion, M|100\/100\n|turn|4\n|\n|t:|1701010691\n|-terastallize|p2a: Basculegion|Water\n|move|p2a: Basculegion|Wave Crash|p1a: Great Tusk\n|-supereffective|p1a: Great Tusk\n|-damage|p1a: Great Tusk|0 fnt\n|faint|p1a: Great Tusk\n|-end|p1a: Great Tusk|Protosynthesis|[silent]\n|-damage|p2a: Basculegion|69\/100|[from] Recoil\n|\n|-weather|RainDance|[upkeep]\n|upkeep\n|\n|t:|1701010695\n|switch|p1a: Rillaboom|Rillaboom, F|100\/100\n|-fieldstart|move: Grassy Terrain|[from] ability: Grassy Surge|[of] p1a: Rillaboom\n|turn|5\n|\n|t:|1701010701\n|switch|p2a: Scizor|Scizor, M|100\/100\n|move|p1a: Rillaboom|U-turn|p2a: Scizor\n|-resisted|p2a: Scizor\n|-crit|p2a: Scizor\n|-damage|p2a: Scizor|69\/100\n|\n|t:|1701010706\n|switch|p1a: Garganacl|Garganacl, M|100\/100|[from] U-turn\n|\n|-weather|RainDance|[upkeep]\n|-heal|p2a: Scizor|75\/100|[from] Grassy Terrain\n|upkeep\n|turn|6\n|\n|t:|1701010715\n|move|p2a: Scizor|U-turn|p1a: Garganacl\n|-damage|p1a: Garganacl|72\/100\n|\n|t:|1701010724\n|switch|p2a: Basculegion|Basculegion, M, tera:Water|69\/100|[from] U-turn\n|move|p1a: Garganacl|Stealth Rock|p2a: Basculegion\n|-sidestart|p2: powerme|move: Stealth Rock\n|\n|-weather|RainDance|[upkeep]\n|-heal|p2a: Basculegion|75\/100|[from] Grassy Terrain\n|-heal|p1a: Garganacl|78\/100|[from] Grassy Terrain\n|-heal|p1a: Garganacl|85\/100|[from] item: Leftovers\n|upkeep\n|turn|7\n|\n|t:|1701010746\n|move|p1a: Garganacl|Protect|p1a: Garganacl\n|-singleturn|p1a: Garganacl|Protect\n|move|p2a: Basculegion|Wave Crash|p1a: Garganacl\n|-activate|p1a: Garganacl|move: Protect\n|\n|-weather|RainDance|[upkeep]\n|-heal|p2a: Basculegion|81\/100|[from] Grassy Terrain\n|-heal|p1a: Garganacl|91\/100|[from] Grassy Terrain\n|-heal|p1a: Garganacl|97\/100|[from] item: Leftovers\n|upkeep\n|turn|8\n|\n|t:|1701010757\n|switch|p2a: Scizor|Scizor, M|75\/100\n|-damage|p2a: Scizor|63\/100|[from] Stealth Rock\n|switch|p1a: Rillaboom|Rillaboom, F|100\/100\n|\n|-weather|none\n|-heal|p2a: Scizor|69\/100|[from] Grassy Terrain\n|upkeep\n|turn|9\n|\n|t:|1701010766\n|switch|p1a: Corviknight|Corviknight, F|100\/100\n|-ability|p1a: Corviknight|Pressure\n|move|p2a: Scizor|U-turn|p1a: Corviknight\n|-resisted|p1a: Corviknight\n|-damage|p1a: Corviknight|94\/100\n|\n|t:|1701010774\n|switch|p2a: Pelipper|Pelipper, F|15\/100|[from] U-turn\n|-damage|p2a: Pelipper|0 fnt|[from] Stealth Rock\n|faint|p2a: Pelipper\n|\n|-fieldend|move: Grassy Terrain\n|upkeep\n|\n|t:|1701010788\n|switch|p2a: Ogerpon|Ogerpon-Wellspring, F|100\/100\n|-damage|p2a: Ogerpon|88\/100|[from] Stealth Rock\n|turn|10\n|\n|t:|1701010798\n|move|p2a: Ogerpon|Swords Dance|p2a: Ogerpon\n|-boost|p2a: Ogerpon|atk|2\n|move|p1a: Corviknight|U-turn|p2a: Ogerpon\n|-supereffective|p2a: Ogerpon\n|-damage|p2a: Ogerpon|53\/100\n|\n|t:|1701010800\n|switch|p1a: Rillaboom|Rillaboom, F|100\/100|[from] U-turn\n|-fieldstart|move: Grassy Terrain|[from] ability: Grassy Surge|[of] p1a: Rillaboom\n|\n|-heal|p2a: Ogerpon|59\/100|[from] Grassy Terrain\n|upkeep\n|turn|11\n|\n|t:|1701010807\n|move|p1a: Rillaboom|Grassy Glide|p2a: Ogerpon\n|-damage|p2a: Ogerpon|0 fnt\n|faint|p2a: Ogerpon\n|\n|upkeep\n|\n|t:|1701010813\n|switch|p2a: Greninja|Greninja, M|100\/100\n|-damage|p2a: Greninja|88\/100|[from] Stealth Rock\n|turn|12\n|\n|t:|1701010818\n|move|p1a: Rillaboom|Grassy Glide|p2a: Greninja\n|-supereffective|p2a: Greninja\n|-damage|p2a: Greninja|0 fnt\n|faint|p2a: Greninja\n|\n|upkeep\n|-message|powerme forfeited.\n|\n|win|ikun321\n|raw|ikun321's rating: 1283 &rarr; <strong>1314<\/strong><br \/>(+31 for winning)\n|raw|powerme's rating: 1369 &rarr; <strong>1344<\/strong><br \/>(-25 for losing)\n|l|\u2606powerme\n","uploadtime":1701010826,"views":7,"p1id":"ikun321","p2id":"powerme","formatid":"gen9nationaldex","rating":1314,"private":0,"password":""}