{"id":"gen9nationaldex-1992268706","p1":"Karoot06","p2":"MMQZA7","format":"[Gen 9] National Dex","log":"|j|\u2606Karoot06\n|j|\u2606MMQZA7\n|t:|1700169374\n|gametype|singles\n|player|p1|Karoot06|1|1424\n|player|p2|MMQZA7|170|1424\n|teamsize|p1|6\n|teamsize|p2|6\n|gen|9\n|tier|[Gen 9] National Dex\n|rated|\n|rule|HP Percentage Mod: HP is shown in percentages\n|rule|Endless Battle Clause: Forcing endless battles is banned\n|rule|OHKO Clause: OHKO moves are banned\n|rule|Evasion Clause: Evasion abilities, items, and moves are banned\n|rule|Evasion Abilities Clause: Evasion abilities are banned\n|rule|Evasion Items Clause: Evasion items are banned\n|rule|Evasion Moves Clause: Evasion moves are banned\n|rule|Species Clause: Limit one of each Pok\u00e9mon\n|rule|Sleep Clause Mod: Limit one foe put to sleep\n|clearpoke\n|poke|p1|Pelipper, F|\n|poke|p1|Scizor, F|\n|poke|p1|Kingdra, F|\n|poke|p1|Urshifu-*, F|\n|poke|p1|Ferrothorn, M|\n|poke|p1|Crawdaunt, M|\n|poke|p2|Swellow, F|\n|poke|p2|Lopunny, F|\n|poke|p2|Garchomp, F|\n|poke|p2|Corviknight, F|\n|poke|p2|Clodsire, F|\n|poke|p2|Ogerpon-Cornerstone, F|\n|teampreview\n|\n|t:|1700169395\n|start\n|switch|p1a: Pelipper|Pelipper, F|100\/100\n|switch|p2a: Swellow|Swellow, F|100\/100\n|-weather|RainDance|[from] ability: Drizzle|[of] p1a: Pelipper\n|turn|1\n|l|\u2606Karoot06\n|player|p1|\n|j|\u2606Karoot06\n|player|p1|Karoot06|1\n|\n|t:|1700169421\n|switch|p1a: Kingdra|Kingdra, F|100\/100\n|move|p2a: Swellow|Boomburst|p1a: Kingdra\n|-damage|p1a: Kingdra|52\/100\n|\n|-weather|RainDance|[upkeep]\n|upkeep\n|turn|2\n|\n|t:|1700169430\n|switch|p2a: Clodsire|Clodsire, F|100\/100\n|move|p1a: Kingdra|Surf|p2a: Clodsire\n|-supereffective|p2a: Clodsire\n|-damage|p2a: Clodsire|38\/100\n|\n|-weather|RainDance|[upkeep]\n|-heal|p2a: Clodsire|45\/100|[from] item: Leftovers\n|upkeep\n|turn|3\n|\n|t:|1700169441\n|move|p1a: Kingdra|Surf|p2a: Clodsire\n|-supereffective|p2a: Clodsire\n|-damage|p2a: Clodsire|0 fnt\n|faint|p2a: Clodsire\n|\n|-weather|RainDance|[upkeep]\n|upkeep\n|\n|t:|1700169456\n|switch|p2a: Ogerpon|Ogerpon-Cornerstone, F|100\/100\n|turn|4\n|\n|t:|1700169461\n|move|p1a: Kingdra|Hurricane|p2a: Ogerpon\n|-damage|p2a: Ogerpon|59\/100\n|-start|p2a: Ogerpon|confusion\n|-activate|p2a: Ogerpon|confusion\n|move|p2a: Ogerpon|Ivy Cudgel|p1a: Kingdra|[anim] Ivy Cudgel Rock\n|-damage|p1a: Kingdra|0 fnt\n|faint|p1a: Kingdra\n|\n|-weather|RainDance|[upkeep]\n|upkeep\n|\n|t:|1700169473\n|switch|p1a: Crawdaunt|Crawdaunt, M|100\/100\n|turn|5\n|\n|t:|1700169479\n|move|p1a: Crawdaunt|Aqua Jet|p2a: Ogerpon\n|-damage|p2a: Ogerpon|4\/100\n|-activate|p2a: Ogerpon|confusion\n|move|p2a: Ogerpon|Horn Leech|p1a: Crawdaunt\n|-supereffective|p1a: Crawdaunt\n|-damage|p1a: Crawdaunt|8\/100\n|-heal|p2a: Ogerpon|45\/100|[from] drain|[of] p1a: Crawdaunt\n|\n|-weather|RainDance|[upkeep]\n|upkeep\n|turn|6\n|\n|t:|1700169490\n|switch|p2a: Corviknight|Corviknight, F|100\/100\n|-ability|p2a: Corviknight|Pressure\n|move|p1a: Crawdaunt|Aqua Jet|p2a: Corviknight\n|-damage|p2a: Corviknight|74\/100\n|-damage|p1a: Crawdaunt|0 fnt|[from] item: Rocky Helmet|[of] p2a: Corviknight\n|faint|p1a: Crawdaunt\n|\n|-weather|RainDance|[upkeep]\n|upkeep\n|\n|t:|1700169499\n|switch|p1a: Ferrothorn|Ferrothorn, M|100\/100\n|turn|7\n|\n|t:|1700169505\n|move|p2a: Corviknight|Body Press|p1a: Ferrothorn\n|-supereffective|p1a: Ferrothorn\n|-damage|p1a: Ferrothorn|62\/100\n|-damage|p2a: Corviknight|62\/100|[from] ability: Iron Barbs|[of] p1a: Ferrothorn\n|move|p1a: Ferrothorn|Leech Seed|p2a: Corviknight\n|-start|p2a: Corviknight|move: Leech Seed\n|\n|-weather|RainDance|[upkeep]\n|-heal|p1a: Ferrothorn|69\/100|[from] item: Leftovers\n|-damage|p2a: Corviknight|50\/100|[from] Leech Seed|[of] p1a: Ferrothorn\n|-heal|p1a: Ferrothorn|83\/100|[silent]\n|upkeep\n|turn|8\n|\n|t:|1700169516\n|move|p2a: Corviknight|U-turn|p1a: Ferrothorn\n|-damage|p1a: Ferrothorn|73\/100\n|-damage|p2a: Corviknight|38\/100|[from] ability: Iron Barbs|[of] p1a: Ferrothorn\n|\n|t:|1700169529\n|switch|p2a: Lopunny|Lopunny, F|100\/100|[from] U-turn\n|move|p1a: Ferrothorn|Curse|p1a: Ferrothorn\n|-unboost|p1a: Ferrothorn|spe|1\n|-boost|p1a: Ferrothorn|atk|1\n|-boost|p1a: Ferrothorn|def|1\n|\n|-weather|none\n|-heal|p1a: Ferrothorn|79\/100|[from] item: Leftovers\n|upkeep\n|turn|9\n|\n|t:|1700169550\n|switch|p2a: Ogerpon|Ogerpon-Cornerstone, F|45\/100\n|move|p1a: Ferrothorn|Protect||[still]\n|-fail|p1a: Ferrothorn\n|\n|-heal|p1a: Ferrothorn|86\/100|[from] item: Leftovers\n|upkeep\n|turn|10\n|\n|t:|1700169560\n|move|p2a: Ogerpon|Encore|p1a: Ferrothorn\n|-start|p1a: Ferrothorn|Encore\n|move|p1a: Ferrothorn|Protect||[still]\n|-fail|p1a: Ferrothorn\n|\n|-heal|p1a: Ferrothorn|92\/100|[from] item: Leftovers\n|upkeep\n|turn|11\n|\n|t:|1700169569\n|switch|p2a: Swellow|Swellow, F|100\/100\n|switch|p1a: Pelipper|Pelipper, F|100\/100\n|-weather|RainDance|[from] ability: Drizzle|[of] p1a: Pelipper\n|\n|-weather|RainDance|[upkeep]\n|upkeep\n|turn|12\n|l|\u2606Karoot06\n|player|p1|\n|j|\u2606Karoot06\n|player|p1|Karoot06|1\n|\n|t:|1700169598\n|move|p2a: Swellow|Boomburst|p1a: Pelipper\n|-damage|p1a: Pelipper|0 fnt\n|faint|p1a: Pelipper\n|\n|-weather|RainDance|[upkeep]\n|upkeep\n|\n|t:|1700169604\n|switch|p1a: Urshifu|Urshifu-Rapid-Strike, F|100\/100\n|turn|13\n|l|\u2606MMQZA7\n|player|p2|\n|j|\u2606MMQZA7\n|player|p2|MMQZA7|170\n|\n|t:|1700169643\n|-terastallize|p1a: Urshifu|Water\n|move|p1a: Urshifu|Surging Strikes|p2a: Swellow\n|-crit|p2a: Swellow\n|-damage|p2a: Swellow|19\/100\n|-crit|p2a: Swellow\n|-damage|p2a: Swellow|0 fnt\n|faint|p2a: Swellow\n|-hitcount|p2: Swellow|2\n|\n|-weather|RainDance|[upkeep]\n|upkeep\n|l|\u2606Karoot06\n|player|p1|\n|\n|t:|1700169663\n|switch|p2a: Lopunny|Lopunny, F|100\/100\n|turn|14\n|j|\u2606Karoot06\n|player|p1|Karoot06|1\n|\n|t:|1700169672\n|detailschange|p2a: Lopunny|Lopunny-Mega, F\n|-mega|p2a: Lopunny|Lopunny|Lopunnite\n|move|p2a: Lopunny|Fake Out|p1a: Urshifu\n|-damage|p1a: Urshifu|77\/100\n|cant|p1a: Urshifu|flinch\n|\n|-weather|RainDance|[upkeep]\n|upkeep\n|turn|15\n|\n|t:|1700169680\n|switch|p2a: Ogerpon|Ogerpon-Cornerstone, F|45\/100\n|move|p1a: Urshifu|Surging Strikes|p2a: Ogerpon\n|-crit|p2a: Ogerpon\n|-damage|p2a: Ogerpon|0 fnt\n|faint|p2a: Ogerpon\n|-hitcount|p2: Ogerpon|1\n|\n|-weather|RainDance|[upkeep]\n|upkeep\n|l|\u2606MMQZA7\n|player|p2|\n|j|\u2606MMQZA7\n|player|p2|MMQZA7|170\n|\n|t:|1700169711\n|switch|p2a: Corviknight|Corviknight, F|38\/100\n|-ability|p2a: Corviknight|Pressure\n|turn|16\n|\n|t:|1700169721\n|move|p1a: Urshifu|Surging Strikes|p2a: Corviknight\n|-crit|p2a: Corviknight\n|-damage|p2a: Corviknight|14\/100\n|-damage|p1a: Urshifu|61\/100|[from] item: Rocky Helmet|[of] p2a: Corviknight\n|-crit|p2a: Corviknight\n|-damage|p2a: Corviknight|0 fnt\n|-damage|p1a: Urshifu|44\/100|[from] item: Rocky Helmet|[of] p2a: Corviknight\n|faint|p2a: Corviknight\n|-hitcount|p2: Corviknight|2\n|\n|-weather|RainDance|[upkeep]\n|upkeep\n|\n|t:|1700169731\n|switch|p2a: Garchomp|Garchomp, F|100\/100\n|turn|17\n|\n|t:|1700169735\n|move|p2a: Garchomp|Earthquake|p1a: Urshifu\n|-damage|p1a: Urshifu|0 fnt\n|faint|p1a: Urshifu\n|\n|-weather|RainDance|[upkeep]\n|upkeep\n|\n|t:|1700169743\n|switch|p1a: Ferrothorn|Ferrothorn, M|92\/100\n|turn|18\n|\n|t:|1700169746\n|switch|p2a: Lopunny|Lopunny-Mega, F|100\/100\n|move|p1a: Ferrothorn|Leech Seed|p2a: Lopunny\n|-start|p2a: Lopunny|move: Leech Seed\n|\n|-weather|none\n|-heal|p1a: Ferrothorn|98\/100|[from] item: Leftovers\n|-damage|p2a: Lopunny|88\/100|[from] Leech Seed|[of] p1a: Ferrothorn\n|-heal|p1a: Ferrothorn|100\/100|[silent]\n|upkeep\n|turn|19\n|\n|t:|1700169756\n|move|p2a: Lopunny|Close Combat|p1a: Ferrothorn\n|-supereffective|p1a: Ferrothorn\n|-damage|p1a: Ferrothorn|10\/100\n|-unboost|p2a: Lopunny|def|1\n|-unboost|p2a: Lopunny|spd|1\n|-damage|p2a: Lopunny|76\/100|[from] ability: Iron Barbs|[of] p1a: Ferrothorn\n|move|p1a: Ferrothorn|Gyro Ball|p2a: Lopunny\n|-damage|p2a: Lopunny|0 fnt\n|faint|p2a: Lopunny\n|\n|-heal|p1a: Ferrothorn|16\/100|[from] item: Leftovers\n|upkeep\n|\n|t:|1700169759\n|switch|p2a: Garchomp|Garchomp, F|100\/100\n|turn|20\n|\n|t:|1700169772\n|-terastallize|p2a: Garchomp|Fire\n|move|p1a: Ferrothorn|Protect|p1a: Ferrothorn\n|-singleturn|p1a: Ferrothorn|Protect\n|move|p2a: Garchomp|Tera Blast|p1a: Ferrothorn|[anim] Tera Blast Fire\n|-activate|p1a: Ferrothorn|move: Protect\n|\n|-heal|p1a: Ferrothorn|23\/100|[from] item: Leftovers\n|upkeep\n|turn|21\n|\n|t:|1700169782\n|move|p2a: Garchomp|Tera Blast|p1a: Ferrothorn|[anim] Tera Blast Fire\n|-supereffective|p1a: Ferrothorn\n|-damage|p1a: Ferrothorn|0 fnt\n|faint|p1a: Ferrothorn\n|\n|upkeep\n|\n|t:|1700169784\n|switch|p1a: Scizor|Scizor, F|100\/100\n|turn|22\n|\n|t:|1700169794\n|detailschange|p1a: Scizor|Scizor-Mega, F\n|-mega|p1a: Scizor|Scizor|Scizorite\n|move|p2a: Garchomp|Tera Blast|p1a: Scizor|[anim] Tera Blast Fire\n|-supereffective|p1a: Scizor\n|-damage|p1a: Scizor|0 fnt\n|faint|p1a: Scizor\n|\n|win|MMQZA7\n|raw|Karoot06's rating: 1424 &rarr; <strong>1404<\/strong><br \/>(-20 for losing)\n|raw|MMQZA7's rating: 1424 &rarr; <strong>1444<\/strong><br \/>(+20 for winning)\n","uploadtime":1700169802,"views":5,"p1id":"karoot06","p2id":"mmqza7","formatid":"gen9nationaldex","rating":1404,"private":0,"password":""}