{"id":"gen9nationaldex-1988691054","p1":"PyroGaleZX","p2":"lunchbox5536","format":"[Gen 9] National Dex","log":"|j|\u2606PyroGaleZX\n|j|\u2606lunchbox5536\n|t:|1699751160\n|gametype|singles\n|player|p1|PyroGaleZX|grusha|\n|player|p2|lunchbox5536|ghetsis|\n|teamsize|p1|6\n|teamsize|p2|6\n|gen|9\n|tier|[Gen 9] National Dex\n|rule|HP Percentage Mod: HP is shown in percentages\n|rule|Endless Battle Clause: Forcing endless battles is banned\n|rule|OHKO Clause: OHKO moves are banned\n|rule|Evasion Clause: Evasion abilities, items, and moves are banned\n|rule|Evasion Abilities Clause: Evasion abilities are banned\n|rule|Evasion Items Clause: Evasion items are banned\n|rule|Evasion Moves Clause: Evasion moves are banned\n|rule|Species Clause: Limit one of each Pok\u00e9mon\n|rule|Sleep Clause Mod: Limit one foe put to sleep\n|clearpoke\n|poke|p1|Samurott-Hisui, F|\n|poke|p1|Enamorus-Therian, F|\n|poke|p1|Arcanine, M|\n|poke|p1|Umbreon, M|\n|poke|p1|Spiritomb, M|\n|poke|p1|Pawmo, M|\n|poke|p2|Torkoal, M|\n|poke|p2|Zoroark-Hisui, M|\n|poke|p2|Grimmsnarl, M|\n|poke|p2|Articuno|\n|poke|p2|Klawf, M|\n|poke|p2|Shelgon, F|\n|teampreview\n|\n|t:|1699751173\n|start\n|switch|p1a: Samurott|Samurott-Hisui, F|100\/100\n|switch|p2a: Krampus|Grimmsnarl, M|100\/100\n|turn|1\n|\n|t:|1699751182\n|move|p1a: Samurott|Ceaseless Edge|p2a: Krampus\n|-resisted|p2a: Krampus\n|-damage|p2a: Krampus|80\/100\n|-sidestart|p2: lunchbox5536|Spikes\n|move|p2a: Krampus|Play Rough|p1a: Samurott\n|-supereffective|p1a: Samurott\n|-damage|p1a: Samurott|0 fnt\n|faint|p1a: Samurott\n|\n|upkeep\n|\n|t:|1699751194\n|switch|p1a: Umbreon|Umbreon, M|100\/100\n|turn|2\n|\n|t:|1699751199\n|move|p1a: Umbreon|Toxic|p2a: Krampus\n|-status|p2a: Krampus|tox\n|move|p2a: Krampus|Drain Punch|p1a: Umbreon\n|-supereffective|p1a: Umbreon\n|-damage|p1a: Umbreon|60\/100\n|-heal|p2a: Krampus|99\/100 tox|[from] drain|[of] p1a: Umbreon\n|\n|-heal|p1a: Umbreon|66\/100|[from] item: Leftovers\n|-damage|p2a: Krampus|94\/100 tox|[from] psn\n|upkeep\n|turn|3\n|\n|t:|1699751220\n|switch|p1a: Pawmo|Pawmo, M|100\/100\n|switch|p2a: Vanilla Ice|Articuno|100\/100\n|-ability|p2a: Vanilla Ice|Pressure\n|\n|upkeep\n|turn|4\n|\n|t:|1699751232\n|-terastallize|p2a: Vanilla Ice|Ground\n|move|p2a: Vanilla Ice|Defog|p1a: Pawmo\n|-unboost|p1a: Pawmo|evasion|1\n|-sideend|p2: lunchbox5536|Spikes|[from] move: Defog|[of] p2a: Vanilla Ice\n|move|p1a: Pawmo|Knock Off|p2a: Vanilla Ice\n|-damage|p2a: Vanilla Ice|83\/100\n|-enditem|p2a: Vanilla Ice|Heavy-Duty Boots|[from] move: Knock Off|[of] p1a: Pawmo\n|\n|upkeep\n|turn|5\n|\n|t:|1699751244\n|switch|p2a: AAAAAAAAAAAA|Klawf, M|100\/100\n|move|p1a: Pawmo|Super Fang|p2a: AAAAAAAAAAAA\n|-damage|p2a: AAAAAAAAAAAA|51\/100\n|\n|upkeep\n|turn|6\n|\n|t:|1699751254\n|move|p1a: Pawmo|Knock Off|p2a: AAAAAAAAAAAA\n|-damage|p2a: AAAAAAAAAAAA|35\/100\n|-enditem|p2a: AAAAAAAAAAAA|Big Nugget|[from] move: Knock Off|[of] p1a: Pawmo\n|-ability|p2a: AAAAAAAAAAAA|Anger Shell|boost\n|-boost|p2a: AAAAAAAAAAAA|atk|1\n|-boost|p2a: AAAAAAAAAAAA|spa|1\n|-boost|p2a: AAAAAAAAAAAA|spe|1\n|-unboost|p2a: AAAAAAAAAAAA|def|1\n|-unboost|p2a: AAAAAAAAAAAA|spd|1\n|move|p2a: AAAAAAAAAAAA|Fling||[still]\n|-fail|p2a: AAAAAAAAAAAA\n|\n|upkeep\n|turn|7\n|\n|t:|1699751268\n|move|p2a: AAAAAAAAAAAA|Thief|p1a: Pawmo\n|-resisted|p1a: Pawmo\n|-damage|p1a: Pawmo|82\/100\n|-enditem|p1a: Pawmo|Eviolite|[silent]|[from] move: Thief|[of] p2a: AAAAAAAAAAAA\n|-item|p2a: AAAAAAAAAAAA|Eviolite|[from] move: Thief|[of] p1a: Pawmo\n|move|p1a: Pawmo|Wish|p1a: Pawmo\n|\n|upkeep\n|turn|8\n|\n|t:|1699751289\n|move|p2a: AAAAAAAAAAAA|Rest|p2a: AAAAAAAAAAAA\n|-status|p2a: AAAAAAAAAAAA|slp|[from] move: Rest\n|-heal|p2a: AAAAAAAAAAAA|100\/100 slp|[silent]\n|move|p1a: Pawmo|Volt Switch|p2a: AAAAAAAAAAAA\n|-damage|p2a: AAAAAAAAAAAA|70\/100 slp\n|\n|t:|1699751299\n|switch|p1a: Enamorus|Enamorus-Therian, F|100\/100|[from] Volt Switch\n|\n|upkeep\n|turn|9\n|\n|t:|1699751305\n|switch|p2a: Praise The Sun|Torkoal, M|100\/100\n|-weather|SunnyDay|[from] ability: Drought|[of] p2a: Praise The Sun\n|move|p1a: Enamorus|Iron Defense|p1a: Enamorus\n|-boost|p1a: Enamorus|def|2\n|\n|-weather|SunnyDay|[upkeep]\n|upkeep\n|turn|10\n|\n|t:|1699751316\n|move|p1a: Enamorus|Calm Mind|p1a: Enamorus\n|-boost|p1a: Enamorus|spa|1\n|-boost|p1a: Enamorus|spd|1\n|move|p2a: Praise The Sun|Clear Smog|p1a: Enamorus\n|-supereffective|p1a: Enamorus\n|-damage|p1a: Enamorus|81\/100\n|-clearboost|p1a: Enamorus\n|\n|-weather|SunnyDay|[upkeep]\n|upkeep\n|turn|11\n|\n|t:|1699751335\n|move|p1a: Enamorus|Earth Power|p2a: Praise The Sun\n|-supereffective|p2a: Praise The Sun\n|-damage|p2a: Praise The Sun|34\/100\n|move|p2a: Praise The Sun|Clear Smog|p1a: Enamorus\n|-supereffective|p1a: Enamorus\n|-damage|p1a: Enamorus|54\/100\n|-clearboost|p1a: Enamorus\n|\n|-weather|SunnyDay|[upkeep]\n|upkeep\n|turn|12\n|\n|t:|1699751345\n|switch|p2a: Hello and Goodbye|Shelgon, F|100\/100\n|move|p1a: Enamorus|Earth Power|p2a: Hello and Goodbye\n|-damage|p2a: Hello and Goodbye|57\/100\n|\n|-weather|SunnyDay|[upkeep]\n|upkeep\n|turn|13\n|\n|t:|1699751359\n|-terastallize|p1a: Enamorus|Ground\n|move|p2a: Hello and Goodbye|Toxic|p1a: Enamorus\n|-status|p1a: Enamorus|tox\n|move|p1a: Enamorus|Iron Defense|p1a: Enamorus\n|-boost|p1a: Enamorus|def|2\n|\n|-weather|none\n|-damage|p1a: Enamorus|48\/100 tox|[from] psn\n|upkeep\n|turn|14\n|\n|t:|1699751371\n|move|p2a: Hello and Goodbye|Wish|p2a: Hello and Goodbye\n|move|p1a: Enamorus|Draining Kiss|p2a: Hello and Goodbye\n|-supereffective|p2a: Hello and Goodbye\n|-damage|p2a: Hello and Goodbye|0 fnt\n|-heal|p1a: Enamorus|100\/100 tox|[from] drain|[of] p2a: Hello and Goodbye\n|faint|p2a: Hello and Goodbye\n|\n|-damage|p1a: Enamorus|89\/100 tox|[from] psn\n|upkeep\n|\n|t:|1699751381\n|switch|p2a: Vanilla Ice|Articuno, tera:Ground|83\/100\n|-ability|p2a: Vanilla Ice|Pressure\n|turn|15\n|\n|t:|1699751391\n|move|p2a: Vanilla Ice|Ice Beam|p1a: Enamorus\n|-supereffective|p1a: Enamorus\n|-damage|p1a: Enamorus|9\/100 tox\n|move|p1a: Enamorus|Draining Kiss|p2a: Vanilla Ice\n|-damage|p2a: Vanilla Ice|59\/100\n|-heal|p1a: Enamorus|31\/100 tox|[from] drain|[of] p2a: Vanilla Ice\n|\n|-heal|p2a: Vanilla Ice|100\/100|[from] move: Wish|[wisher] Hello and Goodbye\n|-damage|p1a: Enamorus|13\/100 tox|[from] psn\n|upkeep\n|turn|16\n|\n|t:|1699751402\n|move|p2a: Vanilla Ice|Ice Beam|p1a: Enamorus\n|-supereffective|p1a: Enamorus\n|-damage|p1a: Enamorus|0 fnt\n|faint|p1a: Enamorus\n|\n|upkeep\n|\n|t:|1699751407\n|switch|p1a: Arcanine|Arcanine, M|100\/100\n|-ability|p1a: Arcanine|Intimidate|boost\n|-unboost|p2a: Vanilla Ice|atk|1\n|turn|17\n|\n|t:|1699751415\n|switch|p2a: AAAAAAAAAAAA|Klawf, M|70\/100 slp\n|move|p1a: Arcanine|Flare Blitz|p2a: AAAAAAAAAAAA\n|-resisted|p2a: AAAAAAAAAAAA\n|-damage|p2a: AAAAAAAAAAAA|47\/100 slp\n|-damage|p1a: Arcanine|92\/100|[from] Recoil\n|-ability|p2a: AAAAAAAAAAAA|Anger Shell|boost\n|-boost|p2a: AAAAAAAAAAAA|atk|1\n|-boost|p2a: AAAAAAAAAAAA|spa|1\n|-boost|p2a: AAAAAAAAAAAA|spe|1\n|-unboost|p2a: AAAAAAAAAAAA|def|1\n|-unboost|p2a: AAAAAAAAAAAA|spd|1\n|\n|upkeep\n|turn|18\n|\n|t:|1699751432\n|switch|p1a: Pawmo|Pawmo, M|82\/100\n|cant|p2a: AAAAAAAAAAAA|slp\n|\n|upkeep\n|turn|19\n|\n|t:|1699751442\n|cant|p2a: AAAAAAAAAAAA|slp\n|move|p1a: Pawmo|Knock Off|p2a: AAAAAAAAAAAA\n|-damage|p2a: AAAAAAAAAAAA|23\/100 slp\n|-enditem|p2a: AAAAAAAAAAAA|Eviolite|[from] move: Knock Off|[of] p1a: Pawmo\n|\n|upkeep\n|turn|20\n|\n|t:|1699751472\n|switch|p2a: Krampus|Grimmsnarl, M|94\/100 tox\n|move|p1a: Pawmo|Knock Off|p2a: Krampus\n|-resisted|p2a: Krampus\n|-damage|p2a: Krampus|88\/100 tox\n|-enditem|p2a: Krampus|Big Nugget|[from] move: Knock Off|[of] p1a: Pawmo\n|\n|-damage|p2a: Krampus|82\/100 tox|[from] psn\n|upkeep\n|turn|21\n|\n|t:|1699751487\n|move|p1a: Pawmo|Super Fang|p2a: Krampus\n|-damage|p2a: Krampus|41\/100 tox\n|move|p2a: Krampus|Play Rough|p1a: Pawmo\n|-supereffective|p1a: Pawmo\n|-damage|p1a: Pawmo|0 fnt\n|faint|p1a: Pawmo\n|\n|-damage|p2a: Krampus|29\/100 tox|[from] psn\n|upkeep\n|\n|t:|1699751492\n|switch|p1a: Arcanine|Arcanine, M|92\/100\n|-ability|p1a: Arcanine|Intimidate|boost\n|-unboost|p2a: Krampus|atk|1\n|turn|22\n|\n|t:|1699751505\n|switch|p2a: Praise The Sun|Torkoal, M|34\/100\n|-weather|SunnyDay|[from] ability: Drought|[of] p2a: Praise The Sun\n|move|p1a: Arcanine|Flare Blitz|p2a: Praise The Sun\n|-resisted|p2a: Praise The Sun\n|-damage|p2a: Praise The Sun|5\/100\n|-damage|p1a: Arcanine|82\/100|[from] Recoil\n|\n|-weather|SunnyDay|[upkeep]\n|upkeep\n|turn|23\n|\n|t:|1699751517\n|move|p1a: Arcanine|Flare Blitz|p2a: Praise The Sun\n|-resisted|p2a: Praise The Sun\n|-damage|p2a: Praise The Sun|0 fnt\n|faint|p2a: Praise The Sun\n|-damage|p1a: Arcanine|80\/100|[from] Recoil\n|\n|-weather|SunnyDay|[upkeep]\n|upkeep\n|\n|t:|1699751524\n|switch|p2a: AAAAAAAAAAAA|Klawf, M|23\/100 slp\n|turn|24\n|\n|t:|1699751529\n|move|p1a: Arcanine|Flare Blitz|p2a: AAAAAAAAAAAA\n|-resisted|p2a: AAAAAAAAAAAA\n|-damage|p2a: AAAAAAAAAAAA|0 fnt\n|faint|p2a: AAAAAAAAAAAA\n|-damage|p1a: Arcanine|72\/100|[from] Recoil\n|\n|-weather|SunnyDay|[upkeep]\n|upkeep\n|\n|t:|1699751541\n|switch|p2a: Krampus|Grimmsnarl, M|100\/100\n|turn|25\n|\n|t:|1699751559\n|move|p2a: Krampus|Hyper Voice|p1a: Arcanine\n|-damage|p1a: Arcanine|18\/100\n|move|p1a: Arcanine|Flare Blitz|p2a: Krampus\n|-damage|p2a: Krampus|0 fnt\n|replace|p2a: Oh Hi There|Zoroark-Hisui, M, shiny\n|-end|p2a: Oh Hi There|Illusion\n|faint|p2a: Oh Hi There\n|-damage|p1a: Arcanine|0 fnt|[from] Recoil\n|faint|p1a: Arcanine\n|\n|-weather|SunnyDay|[upkeep]\n|upkeep\n|\n|t:|1699751571\n|switch|p2a: Krampus|Grimmsnarl, M|29\/100 tox\n|switch|p1a: Umbreon|Umbreon, M|66\/100\n|turn|26\n|\n|t:|1699751579\n|move|p1a: Umbreon|Protect|p1a: Umbreon\n|-singleturn|p1a: Umbreon|Protect\n|move|p2a: Krampus|Play Rough|p1a: Umbreon\n|-activate|p1a: Umbreon|move: Protect\n|\n|-weather|none\n|-heal|p1a: Umbreon|73\/100|[from] item: Leftovers\n|-damage|p2a: Krampus|23\/100 tox|[from] psn\n|upkeep\n|turn|27\n|\n|t:|1699751596\n|move|p1a: Umbreon|Wish|p1a: Umbreon\n|move|p2a: Krampus|Drain Punch|p1a: Umbreon\n|-supereffective|p1a: Umbreon\n|-damage|p1a: Umbreon|29\/100\n|-heal|p2a: Krampus|45\/100 tox|[from] drain|[of] p1a: Umbreon\n|\n|-heal|p1a: Umbreon|35\/100|[from] item: Leftovers\n|-damage|p2a: Krampus|33\/100 tox|[from] psn\n|upkeep\n|turn|28\n|\n|t:|1699751605\n|switch|p2a: Vanilla Ice|Articuno, tera:Ground|100\/100\n|-ability|p2a: Vanilla Ice|Pressure\n|move|p1a: Umbreon|Protect||[still]\n|-fail|p1a: Umbreon\n|\n|-heal|p1a: Umbreon|85\/100|[from] move: Wish|[wisher] Umbreon\n|-heal|p1a: Umbreon|91\/100|[from] item: Leftovers\n|upkeep\n|turn|29\n|\n|t:|1699751620\n|move|p2a: Vanilla Ice|Ice Beam|p1a: Umbreon\n|-damage|p1a: Umbreon|71\/100\n|move|p1a: Umbreon|Toxic|p2a: Vanilla Ice\n|-status|p2a: Vanilla Ice|tox\n|\n|-heal|p1a: Umbreon|77\/100|[from] item: Leftovers\n|-damage|p2a: Vanilla Ice|94\/100 tox|[from] psn\n|upkeep\n|turn|30\n|\n|t:|1699751634\n|move|p2a: Vanilla Ice|Air Slash|p1a: Umbreon\n|-damage|p1a: Umbreon|62\/100\n|move|p1a: Umbreon|Wish|p1a: Umbreon\n|\n|-heal|p1a: Umbreon|68\/100|[from] item: Leftovers\n|-damage|p2a: Vanilla Ice|82\/100 tox|[from] psn\n|upkeep\n|turn|31\n|\n|t:|1699751643\n|switch|p2a: Krampus|Grimmsnarl, M|33\/100 tox\n|move|p1a: Umbreon|Foul Play|p2a: Krampus\n|-resisted|p2a: Krampus\n|-damage|p2a: Krampus|16\/100 tox\n|-enditem|p1a: Umbreon|Leftovers|[silent]|[from] ability: Pickpocket|[of] p1a: Umbreon\n|-item|p2a: Krampus|Leftovers|[from] ability: Pickpocket|[of] p1a: Umbreon\n|\n|-heal|p1a: Umbreon|100\/100|[from] move: Wish|[wisher] Umbreon\n|-heal|p2a: Krampus|22\/100 tox|[from] item: Leftovers\n|-damage|p2a: Krampus|16\/100 tox|[from] psn\n|upkeep\n|turn|32\n|\n|t:|1699751659\n|move|p1a: Umbreon|Protect|p1a: Umbreon\n|-singleturn|p1a: Umbreon|Protect\n|move|p2a: Krampus|Drain Punch|p1a: Umbreon\n|-activate|p1a: Umbreon|move: Protect\n|\n|-heal|p2a: Krampus|22\/100 tox|[from] item: Leftovers\n|-damage|p2a: Krampus|10\/100 tox|[from] psn\n|upkeep\n|turn|33\n|\n|t:|1699751669\n|switch|p1a: Spiritomb|Spiritomb, M, shiny|100\/100\n|move|p2a: Krampus|Drain Punch|p1a: Spiritomb\n|-immune|p1a: Spiritomb\n|\n|-heal|p2a: Krampus|16\/100 tox|[from] item: Leftovers\n|-damage|p2a: Krampus|0 fnt|[from] psn\n|faint|p2a: Krampus\n|upkeep\n|\n|t:|1699751677\n|switch|p2a: Vanilla Ice|Articuno, tera:Ground|82\/100 tox\n|-ability|p2a: Vanilla Ice|Pressure\n|turn|34\n|\n|t:|1699751684\n|move|p2a: Vanilla Ice|Air Slash|p1a: Spiritomb\n|-damage|p1a: Spiritomb|67\/100\n|cant|p1a: Spiritomb|flinch\n|\n|-damage|p2a: Vanilla Ice|76\/100 tox|[from] psn\n|upkeep\n|turn|35\n|\n|t:|1699751694\n|move|p2a: Vanilla Ice|Air Slash|p1a: Spiritomb\n|-damage|p1a: Spiritomb|33\/100\n|cant|p1a: Spiritomb|flinch\n|\n|-damage|p2a: Vanilla Ice|63\/100 tox|[from] psn\n|upkeep\n|turn|36\n|\n|t:|1699751700\n|move|p2a: Vanilla Ice|Air Slash|p1a: Spiritomb\n|-damage|p1a: Spiritomb|0 fnt\n|faint|p1a: Spiritomb\n|\n|-damage|p2a: Vanilla Ice|44\/100 tox|[from] psn\n|upkeep\n|\n|t:|1699751703\n|switch|p1a: Umbreon|Umbreon, M|100\/100\n|turn|37\n|\n|t:|1699751707\n|move|p2a: Vanilla Ice|Air Slash|p1a: Umbreon\n|-damage|p1a: Umbreon|83\/100\n|cant|p1a: Umbreon|flinch\n|\n|-damage|p2a: Vanilla Ice|20\/100 tox|[from] psn\n|upkeep\n|turn|38\n|\n|t:|1699751714\n|move|p1a: Umbreon|Protect|p1a: Umbreon\n|-singleturn|p1a: Umbreon|Protect\n|move|p2a: Vanilla Ice|Air Slash|p1a: Umbreon\n|-activate|p1a: Umbreon|move: Protect\n|\n|-damage|p2a: Vanilla Ice|0 fnt|[from] psn\n|faint|p2a: Vanilla Ice\n|\n|win|PyroGaleZX\n|upkeep\n","uploadtime":1699751720,"views":8,"p1id":"pyrogalezx","p2id":"lunchbox5536","formatid":"gen9nationaldex","rating":0,"private":0,"password":""}