{"id":"gen9nationaldex-1996288798","p1":"Eilmorez","p2":"ninjatime678","format":"[Gen 9] National Dex","log":"|html|<div class=\"broadcast-blue\"><strong>[Gen 9] National Dex is currently suspecting Sneasler! For information on how to participate check out the <a href=\"https:\/\/www.smogon.com\/forums\/threads\/sv-national-dex-suspect-8-just-dance.3731534\/\">suspect thread<\/a>.<\/strong><\/div>\n|j|\u2606Eilmorez\n|j|\u2606ninjatime678\n|t:|1700667861\n|gametype|singles\n|player|p1|Eilmorez|dawn|1083\n|player|p2|ninjatime678|102|1137\n|teamsize|p1|6\n|teamsize|p2|6\n|gen|9\n|tier|[Gen 9] National Dex\n|rated|\n|rule|HP Percentage Mod: HP is shown in percentages\n|rule|Endless Battle Clause: Forcing endless battles is banned\n|rule|OHKO Clause: OHKO moves are banned\n|rule|Evasion Clause: Evasion abilities, items, and moves are banned\n|rule|Evasion Abilities Clause: Evasion abilities are banned\n|rule|Evasion Items Clause: Evasion items are banned\n|rule|Evasion Moves Clause: Evasion moves are banned\n|rule|Species Clause: Limit one of each Pok\u00e9mon\n|rule|Sleep Clause Mod: Limit one foe put to sleep\n|clearpoke\n|poke|p1|Miltank, F|\n|poke|p1|Dubwool, F|\n|poke|p1|Gogoat, M|\n|poke|p1|Bouffalant, M|\n|poke|p1|Tauros, M|\n|poke|p1|Mudsdale, M|\n|poke|p2|Decidueye-Hisui, M|\n|poke|p2|Basculegion, M|\n|poke|p2|Ursaluna, F|\n|poke|p2|Kleavor, M|\n|poke|p2|Goodra-Hisui, F|\n|poke|p2|Braviary-Hisui, M|\n|teampreview\n|inactive|Battle timer is ON: inactive players will automatically lose when time's up. (requested by Eilmorez)\n|\n|t:|1700667875\n|start\n|switch|p1a: Miltank|Miltank, F|100\/100\n|switch|p2a: Basculegion|Basculegion, M|100\/100\n|turn|1\n|\n|t:|1700667882\n|move|p2a: Basculegion|Wave Crash|p1a: Miltank\n|-damage|p1a: Miltank|31\/100\n|-damage|p2a: Basculegion|80\/100|[from] Recoil\n|move|p1a: Miltank|Attract|p2a: Basculegion\n|-start|p2a: Basculegion|Attract\n|\n|upkeep\n|turn|2\n|\n|t:|1700667889\n|-activate|p2a: Basculegion|move: Attract|[of] p1a: Miltank\n|cant|p2a: Basculegion|Attract\n|move|p1a: Miltank|Milk Drink|p1a: Miltank\n|-heal|p1a: Miltank|81\/100\n|\n|upkeep\n|turn|3\n|\n|t:|1700667894\n|-activate|p2a: Basculegion|move: Attract|[of] p1a: Miltank\n|move|p2a: Basculegion|Wave Crash|p1a: Miltank\n|-damage|p1a: Miltank|6\/100\n|-damage|p2a: Basculegion|59\/100|[from] Recoil\n|move|p1a: Miltank|Toxic|p2a: Basculegion\n|-status|p2a: Basculegion|tox\n|\n|-damage|p2a: Basculegion|53\/100 tox|[from] psn\n|upkeep\n|turn|4\n|\n|t:|1700667903\n|switch|p2a: Ursaluna|Ursaluna, F, shiny|100\/100\n|move|p1a: Miltank|Milk Drink|p1a: Miltank\n|-heal|p1a: Miltank|56\/100\n|\n|-status|p2a: Ursaluna|brn|[from] item: Flame Orb\n|upkeep\n|turn|5\n|\n|t:|1700667911\n|move|p1a: Miltank|Milk Drink|p1a: Miltank\n|-heal|p1a: Miltank|100\/100\n|move|p2a: Ursaluna|Facade|p1a: Miltank\n|-crit|p1a: Miltank\n|-enditem|p1a: Miltank|Focus Sash\n|-damage|p1a: Miltank|1\/100\n|\n|-damage|p2a: Ursaluna|94\/100 brn|[from] brn\n|upkeep\n|turn|6\n|\n|t:|1700667925\n|move|p1a: Miltank|Milk Drink|p1a: Miltank\n|-heal|p1a: Miltank|51\/100\n|move|p2a: Ursaluna|Facade|p1a: Miltank\n|-damage|p1a: Miltank|0 fnt\n|faint|p1a: Miltank\n|\n|-damage|p2a: Ursaluna|88\/100 brn|[from] brn\n|upkeep\n|\n|t:|1700667935\n|switch|p1a: Mudsdale|Mudsdale, M|100\/100\n|turn|7\n|\n|t:|1700667938\n|move|p2a: Ursaluna|Ice Punch|p1a: Mudsdale\n|-supereffective|p1a: Mudsdale\n|-damage|p1a: Mudsdale|33\/100\n|-ability|p1a: Mudsdale|Stamina|boost\n|-boost|p1a: Mudsdale|def|1\n|move|p1a: Mudsdale|Rest|p1a: Mudsdale\n|-status|p1a: Mudsdale|slp|[from] move: Rest\n|-heal|p1a: Mudsdale|100\/100 slp|[silent]\n|-enditem|p1a: Mudsdale|Chesto Berry|[eat]\n|-curestatus|p1a: Mudsdale|slp|[msg]\n|\n|-damage|p2a: Ursaluna|82\/100 brn|[from] brn\n|upkeep\n|turn|8\n|\n|t:|1700667945\n|move|p2a: Ursaluna|Ice Punch|p1a: Mudsdale\n|-supereffective|p1a: Mudsdale\n|-damage|p1a: Mudsdale|55\/100\n|-ability|p1a: Mudsdale|Stamina|boost\n|-boost|p1a: Mudsdale|def|1\n|move|p1a: Mudsdale|Body Press|p2a: Ursaluna\n|-supereffective|p2a: Ursaluna\n|-damage|p2a: Ursaluna|12\/100 brn\n|\n|-damage|p2a: Ursaluna|6\/100 brn|[from] brn\n|upkeep\n|turn|9\n|\n|t:|1700667958\n|move|p2a: Ursaluna|Ice Punch|p1a: Mudsdale\n|-supereffective|p1a: Mudsdale\n|-damage|p1a: Mudsdale|17\/100\n|-ability|p1a: Mudsdale|Stamina|boost\n|-boost|p1a: Mudsdale|def|1\n|move|p1a: Mudsdale|Rest|p1a: Mudsdale\n|-status|p1a: Mudsdale|slp|[from] move: Rest\n|-heal|p1a: Mudsdale|100\/100 slp|[silent]\n|\n|-damage|p2a: Ursaluna|0 fnt|[from] brn\n|faint|p2a: Ursaluna\n|upkeep\n|\n|t:|1700667962\n|switch|p2a: Decidueye|Decidueye-Hisui, M|100\/100\n|turn|10\n|\n|t:|1700667970\n|switch|p1a: Gogoat|Gogoat, M, shiny|100\/100\n|move|p2a: Decidueye|Swords Dance|p2a: Decidueye\n|-boost|p2a: Decidueye|atk|2\n|\n|upkeep\n|turn|11\n|\n|t:|1700667975\n|move|p1a: Gogoat|Substitute|p1a: Gogoat\n|-start|p1a: Gogoat|Substitute\n|-damage|p1a: Gogoat|75\/100\n|move|p2a: Decidueye|Triple Arrows|p1a: Gogoat\n|-end|p1a: Gogoat|Substitute\n|\n|upkeep\n|turn|12\n|\n|t:|1700667984\n|switch|p1a: Mudsdale|Mudsdale, M|100\/100 slp\n|move|p2a: Decidueye|Swords Dance|p2a: Decidueye\n|-boost|p2a: Decidueye|atk|2\n|\n|upkeep\n|turn|13\n|\n|t:|1700667989\n|move|p2a: Decidueye|Leaf Blade|p1a: Mudsdale\n|-supereffective|p1a: Mudsdale\n|-crit|p1a: Mudsdale\n|-damage|p1a: Mudsdale|0 fnt\n|faint|p1a: Mudsdale\n|\n|upkeep\n|\n|t:|1700667995\n|switch|p1a: Bouffalant|Bouffalant, M|100\/100\n|turn|14\n|\n|t:|1700668000\n|move|p2a: Decidueye|Triple Arrows|p1a: Bouffalant\n|-supereffective|p1a: Bouffalant\n|-damage|p1a: Bouffalant|0 fnt\n|faint|p1a: Bouffalant\n|\n|upkeep\n|\n|t:|1700668006\n|switch|p1a: Gogoat|Gogoat, M, shiny|75\/100\n|turn|15\n|\n|t:|1700668009\n|move|p1a: Gogoat|Milk Drink|p1a: Gogoat\n|-heal|p1a: Gogoat|100\/100\n|move|p2a: Decidueye|Triple Arrows|p1a: Gogoat\n|-enditem|p1a: Gogoat|Focus Sash\n|-damage|p1a: Gogoat|1\/100\n|\n|upkeep\n|turn|16\n|\n|t:|1700668020\n|move|p1a: Gogoat|Milk Drink|p1a: Gogoat\n|-heal|p1a: Gogoat|51\/100\n|move|p2a: Decidueye|Triple Arrows|p1a: Gogoat\n|-crit|p1a: Gogoat\n|-damage|p1a: Gogoat|0 fnt\n|faint|p1a: Gogoat\n|\n|upkeep\n|\n|t:|1700668025\n|switch|p1a: Dubwool|Dubwool, F|100\/100\n|turn|17\n|\n|t:|1700668029\n|-terastallize|p1a: Dubwool|Fighting\n|move|p1a: Dubwool|Cotton Guard|p1a: Dubwool\n|-boost|p1a: Dubwool|def|3\n|move|p2a: Decidueye|Triple Arrows|p1a: Dubwool\n|-damage|p1a: Dubwool|38\/100\n|\n|upkeep\n|turn|18\n|\n|t:|1700668039\n|move|p1a: Dubwool|Cotton Guard|p1a: Dubwool\n|-boost|p1a: Dubwool|def|3\n|move|p2a: Decidueye|Triple Arrows|p1a: Dubwool\n|-crit|p1a: Dubwool\n|-damage|p1a: Dubwool|0 fnt\n|faint|p1a: Dubwool\n|\n|upkeep\n|-message|Eilmorez forfeited.\n|\n|win|ninjatime678\n|raw|Eilmorez's rating: 1083 &rarr; <strong>1064<\/strong><br \/>(-19 for losing)\n|raw|ninjatime678's rating: 1137 &rarr; <strong>1158<\/strong><br \/>(+21 for winning)\n|l|\u2606Eilmorez\n","uploadtime":1700668051,"views":5,"p1id":"eilmorez","p2id":"ninjatime678","formatid":"gen9nationaldex","rating":1064,"private":0,"password":""}