{"id":"gen9nationaldex-1993391209","p1":"Trockenschwamm","p2":"Mryo1","format":"[Gen 9] National Dex","log":"|j|\u2606Trockenschwamm\n|j|\u203dMryo1\n|t:|1700311160\n|gametype|singles\n|player|p1|Trockenschwamm|cynthia-gen4|1260\n|player|p2|Mryo1|101|1390\n|teamsize|p1|6\n|teamsize|p2|6\n|gen|9\n|tier|[Gen 9] National Dex\n|rated|\n|rule|HP Percentage Mod: HP is shown in percentages\n|rule|Endless Battle Clause: Forcing endless battles is banned\n|rule|OHKO Clause: OHKO moves are banned\n|rule|Evasion Clause: Evasion abilities, items, and moves are banned\n|rule|Evasion Abilities Clause: Evasion abilities are banned\n|rule|Evasion Items Clause: Evasion items are banned\n|rule|Evasion Moves Clause: Evasion moves are banned\n|rule|Species Clause: Limit one of each Pok\u00e9mon\n|rule|Sleep Clause Mod: Limit one foe put to sleep\n|clearpoke\n|poke|p1|Pelipper, M|\n|poke|p1|Swampert, M|\n|poke|p1|Manaphy|\n|poke|p1|Zapdos|\n|poke|p1|Kartana|\n|poke|p1|Dondozo, F|\n|poke|p2|Glimmora, M|\n|poke|p2|Rillaboom, M|\n|poke|p2|Clodsire, M|\n|poke|p2|Corviknight, F|\n|poke|p2|Skeledirge, F|\n|poke|p2|Tyranitar, F|\n|teampreview\n|inactive|Battle timer is ON: inactive players will automatically lose when time's up. (requested by Mryo1)\n|\n|t:|1700311169\n|start\n|switch|p1a: Pelipper|Pelipper, M|100\/100\n|switch|p2a: Glimmora|Glimmora, M|100\/100\n|-weather|RainDance|[from] ability: Drizzle|[of] p1a: Pelipper\n|turn|1\n|\n|t:|1700311174\n|move|p2a: Glimmora|Power Gem|p1a: Pelipper\n|-supereffective|p1a: Pelipper\n|-damage|p1a: Pelipper|0 fnt\n|faint|p1a: Pelipper\n|\n|-weather|RainDance|[upkeep]\n|upkeep\n|\n|t:|1700311179\n|switch|p1a: Kartana|Kartana|100\/100\n|turn|2\n|\n|t:|1700311190\n|switch|p2a: Corviknight|Corviknight, F|100\/100\n|-terastallize|p1a: Kartana|Grass\n|move|p1a: Kartana|Leaf Blade|p2a: Corviknight\n|-resisted|p2a: Corviknight\n|-damage|p2a: Corviknight|88\/100\n|-damage|p1a: Kartana|84\/100|[from] item: Rocky Helmet|[of] p2a: Corviknight\n|\n|-weather|RainDance|[upkeep]\n|upkeep\n|turn|3\n|\n|t:|1700311198\n|switch|p1a: Zapdos|Zapdos|100\/100\n|move|p2a: Corviknight|U-turn|p1a: Zapdos\n|-resisted|p1a: Zapdos\n|-damage|p1a: Zapdos|92\/100\n|\n|t:|1700311203\n|switch|p2a: Tyranitar|Tyranitar, F|100\/100|[from] U-turn\n|-weather|Sandstorm|[from] ability: Sand Stream|[of] p2a: Tyranitar\n|\n|-weather|Sandstorm|[upkeep]\n|-damage|p1a: Zapdos|85\/100|[from] Sandstorm\n|upkeep\n|turn|4\n|inactive|Trockenschwamm has 120 seconds left.\n|\n|t:|1700311246\n|switch|p1a: Dondozo|Dondozo, F|100\/100\n|move|p2a: Tyranitar|Ice Beam|p1a: Dondozo\n|-resisted|p1a: Dondozo\n|-damage|p1a: Dondozo|88\/100\n|\n|-weather|Sandstorm|[upkeep]\n|-damage|p1a: Dondozo|82\/100|[from] Sandstorm\n|-heal|p1a: Dondozo|88\/100|[from] item: Leftovers\n|upkeep\n|turn|5\n|\n|t:|1700311256\n|switch|p2a: Clodsire|Clodsire, M|100\/100\n|move|p1a: Dondozo|Curse|p1a: Dondozo\n|-unboost|p1a: Dondozo|spe|1\n|-boost|p1a: Dondozo|atk|1\n|-boost|p1a: Dondozo|def|1\n|\n|-weather|Sandstorm|[upkeep]\n|-damage|p1a: Dondozo|82\/100|[from] Sandstorm\n|-heal|p1a: Dondozo|88\/100|[from] item: Leftovers\n|upkeep\n|turn|6\n|inactive|Trockenschwamm has 120 seconds left.\n|\n|t:|1700311262\n|move|p2a: Clodsire|Spikes|p1a: Dondozo\n|-sidestart|p1: Trockenschwamm|Spikes\n|move|p1a: Dondozo|Curse|p1a: Dondozo\n|-unboost|p1a: Dondozo|spe|1\n|-boost|p1a: Dondozo|atk|1\n|-boost|p1a: Dondozo|def|1\n|\n|-weather|Sandstorm|[upkeep]\n|-damage|p1a: Dondozo|82\/100|[from] Sandstorm\n|-heal|p1a: Dondozo|88\/100|[from] item: Leftovers\n|upkeep\n|turn|7\n|\n|t:|1700311266\n|move|p2a: Clodsire|Spikes|p1a: Dondozo\n|-sidestart|p1: Trockenschwamm|Spikes\n|move|p1a: Dondozo|Curse|p1a: Dondozo\n|-unboost|p1a: Dondozo|spe|1\n|-boost|p1a: Dondozo|atk|1\n|-boost|p1a: Dondozo|def|1\n|\n|-weather|none\n|-heal|p1a: Dondozo|94\/100|[from] item: Leftovers\n|upkeep\n|turn|8\n|\n|t:|1700311269\n|move|p2a: Clodsire|Spikes|p1a: Dondozo\n|-sidestart|p1: Trockenschwamm|Spikes\n|move|p1a: Dondozo|Curse|p1a: Dondozo\n|-unboost|p1a: Dondozo|spe|1\n|-boost|p1a: Dondozo|atk|1\n|-boost|p1a: Dondozo|def|1\n|\n|-heal|p1a: Dondozo|100\/100|[from] item: Leftovers\n|upkeep\n|turn|9\n|\n|t:|1700311273\n|move|p2a: Clodsire|Toxic|p1a: Dondozo\n|-status|p1a: Dondozo|tox\n|move|p1a: Dondozo|Curse|p1a: Dondozo\n|-unboost|p1a: Dondozo|spe|1\n|-boost|p1a: Dondozo|atk|1\n|-boost|p1a: Dondozo|def|1\n|\n|-damage|p1a: Dondozo|94\/100 tox|[from] psn\n|upkeep\n|turn|10\n|\n|t:|1700311281\n|move|p2a: Clodsire|Spikes||[still]\n|-fail|p2a: Clodsire\n|move|p1a: Dondozo|Curse|p1a: Dondozo\n|-unboost|p1a: Dondozo|spe|1\n|-boost|p1a: Dondozo|atk|1\n|-boost|p1a: Dondozo|def|1\n|\n|-heal|p1a: Dondozo|100\/100 tox|[from] item: Leftovers\n|-damage|p1a: Dondozo|88\/100 tox|[from] psn\n|upkeep\n|turn|11\n|\n|t:|1700311287\n|move|p2a: Clodsire|Spikes||[still]\n|-fail|p2a: Clodsire\n|move|p1a: Dondozo|Liquidation|p2a: Clodsire\n|-immune|p2a: Clodsire|[from] ability: Water Absorb\n|\n|-heal|p1a: Dondozo|94\/100 tox|[from] item: Leftovers\n|-damage|p1a: Dondozo|76\/100 tox|[from] psn\n|upkeep\n|turn|12\n|\n|t:|1700311302\n|move|p2a: Clodsire|Spikes||[still]\n|-fail|p2a: Clodsire\n|move|p1a: Dondozo|Rest|p1a: Dondozo\n|-status|p1a: Dondozo|slp|[from] move: Rest\n|-heal|p1a: Dondozo|100\/100 slp|[silent]\n|\n|upkeep\n|turn|13\n|c|\u2606Trockenschwamm|We cant kill each other\n|\n|t:|1700311323\n|switch|p2a: Rillaboom|Rillaboom, M|100\/100\n|-fieldstart|move: Grassy Terrain|[from] ability: Grassy Surge|[of] p2a: Rillaboom\n|cant|p1a: Dondozo|slp\n|move|p1a: Dondozo|Sleep Talk|p1a: Dondozo\n|move|p1a: Dondozo|Liquidation|p2a: Rillaboom|[from]move: Sleep Talk\n|-resisted|p2a: Rillaboom\n|-damage|p2a: Rillaboom|39\/100\n|-unboost|p2a: Rillaboom|def|1\n|\n|-heal|p2a: Rillaboom|45\/100|[from] Grassy Terrain\n|upkeep\n|turn|14\n|\n|t:|1700311340\n|move|p2a: Rillaboom|Knock Off|p1a: Dondozo\n|-damage|p1a: Dondozo|95\/100 slp\n|-enditem|p1a: Dondozo|Leftovers|[from] move: Knock Off|[of] p2a: Rillaboom\n|cant|p1a: Dondozo|slp\n|move|p1a: Dondozo|Sleep Talk|p1a: Dondozo\n|move|p1a: Dondozo|Liquidation|p2a: Rillaboom|[from]move: Sleep Talk\n|-resisted|p2a: Rillaboom\n|-damage|p2a: Rillaboom|0 fnt\n|faint|p2a: Rillaboom\n|\n|-heal|p1a: Dondozo|100\/100 slp|[from] Grassy Terrain\n|upkeep\n|\n|t:|1700311348\n|switch|p2a: Clodsire|Clodsire, M|100\/100\n|turn|15\n|\n|t:|1700311353\n|move|p2a: Clodsire|Spikes||[still]\n|-fail|p2a: Clodsire\n|-curestatus|p1a: Dondozo|slp|[msg]\n|move|p1a: Dondozo|Liquidation|p2a: Clodsire\n|-immune|p2a: Clodsire|[from] ability: Water Absorb\n|\n|upkeep\n|turn|16\n|\n|t:|1700311361\n|move|p2a: Clodsire|Spikes||[still]\n|-fail|p2a: Clodsire\n|move|p1a: Dondozo|Liquidation|p2a: Clodsire\n|-immune|p2a: Clodsire|[from] ability: Water Absorb\n|\n|upkeep\n|turn|17\n|\n|t:|1700311365\n|move|p2a: Clodsire|Spikes||[still]\n|-fail|p2a: Clodsire\n|move|p1a: Dondozo|Liquidation|p2a: Clodsire\n|-immune|p2a: Clodsire|[from] ability: Water Absorb\n|\n|-fieldend|move: Grassy Terrain\n|upkeep\n|turn|18\n|\n|t:|1700311373\n|move|p2a: Clodsire|Spikes||[still]\n|-fail|p2a: Clodsire\n|move|p1a: Dondozo|Liquidation|p2a: Clodsire\n|-immune|p2a: Clodsire|[from] ability: Water Absorb\n|\n|upkeep\n|turn|19\n|\n|t:|1700311378\n|switch|p1a: Zapdos|Zapdos|85\/100\n|move|p2a: Clodsire|Spikes||[still]\n|-fail|p2a: Clodsire\n|\n|upkeep\n|turn|20\n|\n|t:|1700311383\n|move|p1a: Zapdos|Defog|p2a: Clodsire\n|-unboost|p2a: Clodsire|evasion|1\n|-sideend|p1: Trockenschwamm|Spikes|[from] move: Defog|[of] p1a: Zapdos\n|move|p2a: Clodsire|Toxic|p1a: Zapdos\n|-status|p1a: Zapdos|tox\n|\n|-damage|p1a: Zapdos|79\/100 tox|[from] psn\n|upkeep\n|turn|21\n|\n|t:|1700311389\n|move|p1a: Zapdos|Hurricane|p2a: Clodsire\n|-damage|p2a: Clodsire|71\/100\n|move|p2a: Clodsire|Spikes|p1a: Zapdos\n|-sidestart|p1: Trockenschwamm|Spikes\n|\n|-heal|p2a: Clodsire|77\/100|[from] item: Black Sludge\n|-damage|p1a: Zapdos|67\/100 tox|[from] psn\n|upkeep\n|turn|22\n|\n|t:|1700311396\n|switch|p2a: Tyranitar|Tyranitar, F|100\/100\n|-weather|Sandstorm|[from] ability: Sand Stream|[of] p2a: Tyranitar\n|move|p1a: Zapdos|Hurricane|p2a: Tyranitar\n|-resisted|p2a: Tyranitar\n|-damage|p2a: Tyranitar|83\/100\n|\n|-weather|Sandstorm|[upkeep]\n|-damage|p1a: Zapdos|61\/100 tox|[from] Sandstorm\n|-heal|p2a: Tyranitar|89\/100|[from] item: Leftovers\n|-damage|p1a: Zapdos|43\/100 tox|[from] psn\n|upkeep\n|turn|23\n|\n|t:|1700311412\n|switch|p1a: Dondozo|Dondozo, F|100\/100\n|-damage|p1a: Dondozo|88\/100|[from] Spikes\n|switch|p2a: Clodsire|Clodsire, M|77\/100\n|\n|-weather|Sandstorm|[upkeep]\n|-damage|p1a: Dondozo|82\/100|[from] Sandstorm\n|-heal|p2a: Clodsire|83\/100|[from] item: Black Sludge\n|upkeep\n|turn|24\n|\n|t:|1700311419\n|move|p1a: Dondozo|Curse|p1a: Dondozo\n|-unboost|p1a: Dondozo|spe|1\n|-boost|p1a: Dondozo|atk|1\n|-boost|p1a: Dondozo|def|1\n|move|p2a: Clodsire|Spikes|p1a: Dondozo\n|-sidestart|p1: Trockenschwamm|Spikes\n|\n|-weather|Sandstorm|[upkeep]\n|-damage|p1a: Dondozo|76\/100|[from] Sandstorm\n|-heal|p2a: Clodsire|90\/100|[from] item: Black Sludge\n|upkeep\n|turn|25\n|\n|t:|1700311426\n|switch|p1a: Zapdos|Zapdos|43\/100 tox\n|move|p2a: Clodsire|Spikes|p1a: Zapdos\n|-sidestart|p1: Trockenschwamm|Spikes\n|\n|-weather|Sandstorm|[upkeep]\n|-damage|p1a: Zapdos|36\/100 tox|[from] Sandstorm\n|-heal|p2a: Clodsire|96\/100|[from] item: Black Sludge\n|-damage|p1a: Zapdos|30\/100 tox|[from] psn\n|upkeep\n|turn|26\n|\n|t:|1700311431\n|move|p1a: Zapdos|Defog|p2a: Clodsire\n|-unboost|p2a: Clodsire|evasion|1\n|-sideend|p1: Trockenschwamm|Spikes|[from] move: Defog|[of] p1a: Zapdos\n|move|p2a: Clodsire|Recover|p2a: Clodsire\n|-heal|p2a: Clodsire|100\/100\n|\n|-weather|none\n|-damage|p1a: Zapdos|18\/100 tox|[from] psn\n|upkeep\n|turn|27\n|\n|t:|1700311436\n|move|p1a: Zapdos|Roost|p1a: Zapdos\n|-heal|p1a: Zapdos|68\/100 tox\n|-singleturn|p1a: Zapdos|move: Roost\n|move|p2a: Clodsire|Spikes|p1a: Zapdos\n|-sidestart|p1: Trockenschwamm|Spikes\n|\n|-damage|p1a: Zapdos|50\/100 tox|[from] psn\n|upkeep\n|turn|28\n|\n|t:|1700311445\n|move|p1a: Zapdos|Roost|p1a: Zapdos\n|-heal|p1a: Zapdos|99\/100 tox\n|-singleturn|p1a: Zapdos|move: Roost\n|move|p2a: Clodsire|Earthquake|p1a: Zapdos\n|-supereffective|p1a: Zapdos\n|-damage|p1a: Zapdos|28\/100 tox\n|\n|-damage|p1a: Zapdos|3\/100 tox|[from] psn\n|upkeep\n|turn|29\n|\n|t:|1700311465\n|switch|p1a: Swampert|Swampert, M|100\/100\n|-damage|p1a: Swampert|88\/100|[from] Spikes\n|move|p2a: Clodsire|Spikes|p1a: Swampert\n|-sidestart|p1: Trockenschwamm|Spikes\n|\n|upkeep\n|turn|30\n|\n|t:|1700311471\n|switch|p2a: Corviknight|Corviknight, F|88\/100\n|detailschange|p1a: Swampert|Swampert-Mega, M\n|-mega|p1a: Swampert|Swampert|Swampertite\n|move|p1a: Swampert|Earthquake|p2a: Corviknight\n|-immune|p2a: Corviknight\n|\n|upkeep\n|turn|31\n|\n|t:|1700311483\n|move|p1a: Swampert|Waterfall|p2a: Corviknight\n|-damage|p2a: Corviknight|56\/100\n|-damage|p1a: Swampert|72\/100|[from] item: Rocky Helmet|[of] p2a: Corviknight\n|move|p2a: Corviknight|Bulk Up|p2a: Corviknight\n|-boost|p2a: Corviknight|atk|1\n|-boost|p2a: Corviknight|def|1\n|\n|upkeep\n|turn|32\n|\n|t:|1700311492\n|switch|p1a: Dondozo|Dondozo, F|76\/100\n|-damage|p1a: Dondozo|59\/100|[from] Spikes\n|move|p2a: Corviknight|Roost|p2a: Corviknight\n|-heal|p2a: Corviknight|100\/100\n|-singleturn|p2a: Corviknight|move: Roost\n|\n|upkeep\n|turn|33\n|\n|t:|1700311500\n|move|p2a: Corviknight|Bulk Up|p2a: Corviknight\n|-boost|p2a: Corviknight|atk|1\n|-boost|p2a: Corviknight|def|1\n|move|p1a: Dondozo|Curse|p1a: Dondozo\n|-unboost|p1a: Dondozo|spe|1\n|-boost|p1a: Dondozo|atk|1\n|-boost|p1a: Dondozo|def|1\n|\n|upkeep\n|turn|34\n|\n|t:|1700311505\n|move|p2a: Corviknight|Bulk Up|p2a: Corviknight\n|-boost|p2a: Corviknight|atk|1\n|-boost|p2a: Corviknight|def|1\n|move|p1a: Dondozo|Curse|p1a: Dondozo\n|-unboost|p1a: Dondozo|spe|1\n|-boost|p1a: Dondozo|atk|1\n|-boost|p1a: Dondozo|def|1\n|\n|upkeep\n|turn|35\n|\n|t:|1700311510\n|move|p2a: Corviknight|Bulk Up|p2a: Corviknight\n|-boost|p2a: Corviknight|atk|1\n|-boost|p2a: Corviknight|def|1\n|move|p1a: Dondozo|Curse|p1a: Dondozo\n|-unboost|p1a: Dondozo|spe|1\n|-boost|p1a: Dondozo|atk|1\n|-boost|p1a: Dondozo|def|1\n|\n|upkeep\n|turn|36\n|\n|t:|1700311514\n|move|p2a: Corviknight|Bulk Up|p2a: Corviknight\n|-boost|p2a: Corviknight|atk|1\n|-boost|p2a: Corviknight|def|1\n|move|p1a: Dondozo|Curse|p1a: Dondozo\n|-unboost|p1a: Dondozo|spe|1\n|-boost|p1a: Dondozo|atk|1\n|-boost|p1a: Dondozo|def|1\n|\n|upkeep\n|turn|37\n|\n|t:|1700311520\n|move|p2a: Corviknight|Bulk Up|p2a: Corviknight\n|-boost|p2a: Corviknight|atk|1\n|-boost|p2a: Corviknight|def|1\n|move|p1a: Dondozo|Curse|p1a: Dondozo\n|-unboost|p1a: Dondozo|spe|1\n|-boost|p1a: Dondozo|atk|1\n|-boost|p1a: Dondozo|def|1\n|\n|upkeep\n|turn|38\n|\n|t:|1700311529\n|move|p2a: Corviknight|Brave Bird|p1a: Dondozo\n|-damage|p1a: Dondozo|55\/100\n|-damage|p2a: Corviknight|99\/100|[from] Recoil\n|move|p1a: Dondozo|Curse|p1a: Dondozo\n|-unboost|p1a: Dondozo|spe|1\n|-boost|p1a: Dondozo|atk|1\n|-boost|p1a: Dondozo|def|1\n|\n|upkeep\n|turn|39\n|\n|t:|1700311539\n|move|p2a: Corviknight|U-turn|p1a: Dondozo\n|-damage|p1a: Dondozo|53\/100\n|\n|t:|1700311541\n|switch|p2a: Clodsire|Clodsire, M|100\/100|[from] U-turn\n|move|p1a: Dondozo|Liquidation|p2a: Clodsire\n|-immune|p2a: Clodsire|[from] ability: Water Absorb\n|\n|upkeep\n|turn|40\n|\n|t:|1700311552\n|move|p2a: Clodsire|Toxic|p1a: Dondozo\n|-status|p1a: Dondozo|tox\n|move|p1a: Dondozo|Rest|p1a: Dondozo\n|-status|p1a: Dondozo|slp|[from] move: Rest\n|-heal|p1a: Dondozo|100\/100 slp|[silent]\n|\n|upkeep\n|turn|41\n|\n|t:|1700311557\n|move|p2a: Clodsire|Spikes|p1a: Dondozo\n|-sidestart|p1: Trockenschwamm|Spikes\n|cant|p1a: Dondozo|slp\n|move|p1a: Dondozo|Sleep Talk|p1a: Dondozo\n|move|p1a: Dondozo|Curse|p1a: Dondozo|[from]move: Sleep Talk\n|\n|upkeep\n|turn|42\n|\n|t:|1700311565\n|move|p2a: Clodsire|Spikes||[still]\n|-fail|p2a: Clodsire\n|cant|p1a: Dondozo|slp\n|move|p1a: Dondozo|Sleep Talk|p1a: Dondozo\n|move|p1a: Dondozo|Liquidation|p2a: Clodsire|[from]move: Sleep Talk\n|-immune|p2a: Clodsire|[from] ability: Water Absorb\n|\n|upkeep\n|turn|43\n|\n|t:|1700311573\n|move|p2a: Clodsire|Spikes||[still]\n|-fail|p2a: Clodsire\n|-curestatus|p1a: Dondozo|slp|[msg]\n|move|p1a: Dondozo|Liquidation|p2a: Clodsire\n|-immune|p2a: Clodsire|[from] ability: Water Absorb\n|\n|upkeep\n|turn|44\n|c|\u2606Trockenschwamm|What is this\n|inactive|Trockenschwamm has 120 seconds left.\n|n|!Trockenschwamm|trockenschwamm\n|inactive|Mryo1 has 120 seconds left.\n|\n|t:|1700311622\n|move|p2a: Clodsire|Toxic|p1a: Dondozo\n|-status|p1a: Dondozo|tox\n|move|p1a: Dondozo|Sleep Talk||[still]\n|-fail|p1a: Dondozo\n|\n|-damage|p1a: Dondozo|94\/100 tox|[from] psn\n|upkeep\n|turn|45\n|inactive|Mryo1 has 120 seconds left.\n|\n|t:|1700311634\n|move|p2a: Clodsire|Spikes||[still]\n|-fail|p2a: Clodsire\n|move|p1a: Dondozo|Liquidation|p2a: Clodsire\n|-immune|p2a: Clodsire|[from] ability: Water Absorb\n|\n|-damage|p1a: Dondozo|82\/100 tox|[from] psn\n|upkeep\n|turn|46\n|\n|t:|1700311641\n|move|p2a: Clodsire|Spikes||[still]\n|-fail|p2a: Clodsire\n|move|p1a: Dondozo|Liquidation|p2a: Clodsire\n|-immune|p2a: Clodsire|[from] ability: Water Absorb\n|\n|-damage|p1a: Dondozo|64\/100 tox|[from] psn\n|upkeep\n|turn|47\n|\n|t:|1700311645\n|move|p2a: Clodsire|Spikes||[still]\n|-fail|p2a: Clodsire\n|move|p1a: Dondozo|Rest|p1a: Dondozo\n|-status|p1a: Dondozo|slp|[from] move: Rest\n|-heal|p1a: Dondozo|100\/100 slp|[silent]\n|\n|upkeep\n|turn|48\n|\n|t:|1700311653\n|switch|p1a: Manaphy|Manaphy|100\/100\n|-damage|p1a: Manaphy|75\/100|[from] Spikes\n|move|p2a: Clodsire|Spikes||[still]\n|-fail|p2a: Clodsire\n|\n|upkeep\n|turn|49\n|\n|t:|1700311658\n|move|p1a: Manaphy|Tail Glow|p1a: Manaphy\n|-boost|p1a: Manaphy|spa|3\n|move|p2a: Clodsire|Toxic|p1a: Manaphy\n|-status|p1a: Manaphy|tox\n|\n|-damage|p1a: Manaphy|69\/100 tox|[from] psn\n|upkeep\n|turn|50\n|\n|t:|1700311666\n|move|p1a: Manaphy|Rest|p1a: Manaphy\n|-status|p1a: Manaphy|slp|[from] move: Rest\n|-heal|p1a: Manaphy|100\/100 slp|[silent]\n|move|p2a: Clodsire|Earthquake|p1a: Manaphy\n|-damage|p1a: Manaphy|79\/100 slp\n|\n|upkeep\n|turn|51\n|\n|t:|1700311679\n|switch|p2a: Glimmora|Glimmora, M|100\/100\n|cant|p1a: Manaphy|slp\n|\n|upkeep\n|turn|52\n|\n|t:|1700311690\n|switch|p1a: Dondozo|Dondozo, F|100\/100 slp\n|-damage|p1a: Dondozo|75\/100 slp|[from] Spikes\n|move|p2a: Glimmora|Energy Ball|p1a: Dondozo\n|-supereffective|p1a: Dondozo\n|-damage|p1a: Dondozo|9\/100 slp\n|\n|upkeep\n|turn|53\n|\n|t:|1700311702\n|switch|p1a: Kartana|Kartana, tera:Grass|84\/100\n|-damage|p1a: Kartana|59\/100|[from] Spikes\n|move|p2a: Glimmora|Sludge Bomb|p1a: Kartana\n|-supereffective|p1a: Kartana\n|-damage|p1a: Kartana|0 fnt\n|faint|p1a: Kartana\n|\n|upkeep\n|\n|t:|1700311712\n|switch|p1a: Zapdos|Zapdos|3\/100 tox\n|turn|54\n|\n|t:|1700311715\n|move|p1a: Zapdos|Hurricane|p2a: Glimmora\n|-resisted|p2a: Glimmora\n|-damage|p2a: Glimmora|65\/100\n|move|p2a: Glimmora|Power Gem|p1a: Zapdos\n|-supereffective|p1a: Zapdos\n|-damage|p1a: Zapdos|0 fnt\n|faint|p1a: Zapdos\n|\n|upkeep\n|\n|t:|1700311717\n|switch|p1a: Manaphy|Manaphy|79\/100 slp\n|-damage|p1a: Manaphy|54\/100 slp|[from] Spikes\n|turn|55\n|\n|t:|1700311721\n|cant|p1a: Manaphy|slp\n|move|p2a: Glimmora|Energy Ball|p1a: Manaphy\n|-supereffective|p1a: Manaphy\n|-damage|p1a: Manaphy|0 fnt\n|faint|p1a: Manaphy\n|\n|upkeep\n|\n|t:|1700311723\n|switch|p1a: Swampert|Swampert-Mega, M|72\/100\n|-damage|p1a: Swampert|47\/100|[from] Spikes\n|turn|56\n|\n|t:|1700311727\n|switch|p2a: Corviknight|Corviknight, F|99\/100\n|move|p1a: Swampert|Earthquake|p2a: Corviknight\n|-immune|p2a: Corviknight\n|\n|upkeep\n|turn|57\n|\n|t:|1700311733\n|move|p1a: Swampert|Waterfall|p2a: Corviknight\n|-damage|p2a: Corviknight|67\/100\n|-damage|p1a: Swampert|30\/100|[from] item: Rocky Helmet|[of] p2a: Corviknight\n|move|p2a: Corviknight|Bulk Up|p2a: Corviknight\n|-boost|p2a: Corviknight|atk|1\n|-boost|p2a: Corviknight|def|1\n|\n|upkeep\n|turn|58\n|\n|t:|1700311737\n|move|p1a: Swampert|Waterfall|p2a: Corviknight\n|-damage|p2a: Corviknight|48\/100\n|-damage|p1a: Swampert|14\/100|[from] item: Rocky Helmet|[of] p2a: Corviknight\n|move|p2a: Corviknight|Bulk Up|p2a: Corviknight\n|-boost|p2a: Corviknight|atk|1\n|-boost|p2a: Corviknight|def|1\n|\n|upkeep\n|turn|59\n|\n|t:|1700311739\n|move|p1a: Swampert|Waterfall|p2a: Corviknight\n|-crit|p2a: Corviknight\n|-damage|p2a: Corviknight|0 fnt\n|-damage|p1a: Swampert|0 fnt|[from] item: Rocky Helmet|[of] p2a: Corviknight\n|faint|p2a: Corviknight\n|faint|p1a: Swampert\n|\n|upkeep\n|\n|t:|1700311747\n|switch|p1a: Dondozo|Dondozo, F|9\/100 slp\n|switch|p2a: Skeledirge|Skeledirge, F|100\/100\n|-damage|p1a: Dondozo|0 fnt|[from] Spikes\n|faint|p1a: Dondozo\n|\n|win|Mryo1\n|raw|Trockenschwamm's rating: 1280 &rarr; <strong>1263<\/strong><br \/>(-17 for losing)\n|raw|Mryo1's rating: 1390 &rarr; <strong>1404<\/strong><br \/>(+14 for winning)\n","uploadtime":1700311606,"views":6,"p1id":"trockenschwamm","p2id":"mryo1","formatid":"gen9nationaldex","rating":1263,"private":0,"password":""}