{"id":"gen9nationaldex-1989010346","p1":"Katapuko","p2":"StrikerCaughtYou","format":"[Gen 9] National Dex","log":"|j|\u2606Katapuko\n|j|\u2606StrikerCaughtYou\n|t:|1699801810\n|gametype|singles\n|player|p1|Katapuko|2|1089\n|player|p2|StrikerCaughtYou|dawn|1214\n|teamsize|p1|6\n|teamsize|p2|6\n|gen|9\n|tier|[Gen 9] National Dex\n|rated|\n|rule|HP Percentage Mod: HP is shown in percentages\n|rule|Endless Battle Clause: Forcing endless battles is banned\n|rule|OHKO Clause: OHKO moves are banned\n|rule|Evasion Clause: Evasion abilities, items, and moves are banned\n|rule|Evasion Abilities Clause: Evasion abilities are banned\n|rule|Evasion Items Clause: Evasion items are banned\n|rule|Evasion Moves Clause: Evasion moves are banned\n|rule|Species Clause: Limit one of each Pok\u00e9mon\n|rule|Sleep Clause Mod: Limit one foe put to sleep\n|clearpoke\n|poke|p1|Cetitan, M|\n|poke|p1|Slowking, F|\n|poke|p1|Torkoal, M|\n|poke|p1|Great Tusk|\n|poke|p1|Ceruledge, M|\n|poke|p1|Sandy Shocks|\n|poke|p2|Garchomp, M|\n|poke|p2|Weavile, M|\n|poke|p2|Gengar, F|\n|poke|p2|Scizor, F|\n|poke|p2|Snorlax, M|\n|poke|p2|Cinderace, F|\n|teampreview\n|inactive|Battle timer is ON: inactive players will automatically lose when time's up. (requested by StrikerCaughtYou)\n|\n|t:|1699801826\n|start\n|switch|p1a: Slowking|Slowking, F|100\/100\n|switch|p2a: Garchomp|Garchomp, M|100\/100\n|turn|1\n|\n|t:|1699801836\n|move|p2a: Garchomp|Dragon Claw|p1a: Slowking\n|-damage|p1a: Slowking|65\/100\n|move|p1a: Slowking|Chilly Reception|p1a: Slowking\n|-weather|Snow\n|\n|t:|1699801842\n|switch|p1a: Cetitan|Cetitan, M|100\/100|[from] Chilly Reception\n|\n|-weather|Snow|[upkeep]\n|upkeep\n|turn|2\n|\n|t:|1699801849\n|move|p2a: Garchomp|Dragon Claw|p1a: Cetitan\n|-damage|p1a: Cetitan|70\/100\n|move|p1a: Cetitan|Belly Drum|p1a: Cetitan\n|-damage|p1a: Cetitan|20\/100\n|-setboost|p1a: Cetitan|atk|6|[from] move: Belly Drum\n|-enditem|p1a: Cetitan|Sitrus Berry|[eat]\n|-heal|p1a: Cetitan|45\/100|[from] item: Sitrus Berry\n|\n|-weather|Snow|[upkeep]\n|upkeep\n|turn|3\n|\n|t:|1699801857\n|move|p1a: Cetitan|Ice Shard|p2a: Garchomp\n|-supereffective|p2a: Garchomp\n|-damage|p2a: Garchomp|0 fnt\n|faint|p2a: Garchomp\n|\n|-weather|Snow|[upkeep]\n|upkeep\n|\n|t:|1699801862\n|switch|p2a: Weavile|Weavile, M|100\/100\n|turn|4\n|\n|t:|1699801874\n|move|p2a: Weavile|Fake Out|p1a: Cetitan\n|-damage|p1a: Cetitan|36\/100\n|cant|p1a: Cetitan|flinch\n|\n|-weather|Snow|[upkeep]\n|upkeep\n|turn|5\n|\n|t:|1699801885\n|move|p1a: Cetitan|Earthquake|p2a: Weavile\n|-enditem|p2a: Weavile|Focus Sash\n|-damage|p2a: Weavile|1\/100\n|move|p2a: Weavile|Knock Off|p1a: Cetitan\n|-damage|p1a: Cetitan|16\/100\n|\n|-weather|Snow|[upkeep]\n|upkeep\n|turn|6\n|\n|t:|1699801898\n|move|p1a: Cetitan|Earthquake|p2a: Weavile\n|-damage|p2a: Weavile|0 fnt\n|faint|p2a: Weavile\n|\n|-weather|Snow|[upkeep]\n|upkeep\n|\n|t:|1699801901\n|switch|p2a: Scizor|Scizor, F|100\/100\n|turn|7\n|\n|t:|1699801908\n|detailschange|p2a: Scizor|Scizor-Mega, F\n|-mega|p2a: Scizor|Scizor|Scizorite\n|-terastallize|p1a: Cetitan|Water\n|move|p1a: Cetitan|Liquidation|p2a: Scizor\n|-damage|p2a: Scizor|0 fnt\n|faint|p2a: Scizor\n|\n|-weather|Snow|[upkeep]\n|upkeep\n|\n|t:|1699801918\n|switch|p2a: Snorlax|Snorlax, M|100\/100\n|turn|8\n|\n|t:|1699801922\n|move|p1a: Cetitan|Liquidation|p2a: Snorlax\n|-damage|p2a: Snorlax|0 fnt\n|faint|p2a: Snorlax\n|\n|-weather|none\n|upkeep\n|\n|t:|1699801925\n|switch|p2a: Cinderace|Cinderace, F|100\/100\n|turn|9\n|\n|t:|1699801927\n|move|p2a: Cinderace|Protect|p2a: Cinderace\n|-start|p2a: Cinderace|typechange|Normal|[from] ability: Libero\n|-singleturn|p2a: Cinderace|Protect\n|move|p1a: Cetitan|Liquidation|p2a: Cinderace\n|-activate|p2a: Cinderace|move: Protect\n|\n|upkeep\n|turn|10\n|\n|t:|1699801937\n|move|p1a: Cetitan|Ice Shard|p2a: Cinderace\n|-damage|p2a: Cinderace|0 fnt\n|faint|p2a: Cinderace\n|\n|upkeep\n|\n|t:|1699801940\n|switch|p2a: Gengar|Gengar, F|100\/100\n|turn|11\n|\n|t:|1699801944\n|move|p1a: Cetitan|Ice Shard|p2a: Gengar\n|-damage|p2a: Gengar|0 fnt\n|-start|p1a: Cetitan|Disable|Ice Shard|[from] ability: Cursed Body|[of] p2a: Gengar\n|faint|p2a: Gengar\n|\n|win|Katapuko\n|raw|Katapuko's rating: 1089 &rarr; <strong>1125<\/strong><br \/>(+36 for winning)\n|raw|StrikerCaughtYou's rating: 1214 &rarr; <strong>1180<\/strong><br \/>(-34 for losing)\n|l|\u2606StrikerCaughtYou\n","uploadtime":1699801988,"views":4,"p1id":"katapuko","p2id":"strikercaughtyou","formatid":"gen9nationaldex","rating":1125,"private":0,"password":""}