{"id":"gen9nationaldex-1987269751","p1":"humilha newba","p2":"KingoftheTitans","format":"[Gen 9] National Dex","log":"|j|\u2606humilha newba\n|j|\u2606KingoftheTitans\n|t:|1699571499\n|gametype|singles\n|player|p1|humilha newba|ghetsis-gen5bw|1296\n|player|p2|KingoftheTitans|169|1344\n|teamsize|p1|6\n|teamsize|p2|6\n|gen|9\n|tier|[Gen 9] National Dex\n|rated|\n|rule|HP Percentage Mod: HP is shown in percentages\n|rule|Endless Battle Clause: Forcing endless battles is banned\n|rule|OHKO Clause: OHKO moves are banned\n|rule|Evasion Clause: Evasion abilities, items, and moves are banned\n|rule|Evasion Abilities Clause: Evasion abilities are banned\n|rule|Evasion Items Clause: Evasion items are banned\n|rule|Evasion Moves Clause: Evasion moves are banned\n|rule|Species Clause: Limit one of each Pok\u00e9mon\n|rule|Sleep Clause Mod: Limit one foe put to sleep\n|clearpoke\n|poke|p1|Cresselia, F|\n|poke|p1|Skarmory, M|\n|poke|p1|Toxapex, F|\n|poke|p1|Gliscor, F|\n|poke|p1|Lopunny, M|\n|poke|p1|Fezandipiti, M|\n|poke|p2|Snorlax, M|\n|poke|p2|Dragonite, F|\n|poke|p2|Gyarados, F|\n|poke|p2|Gengar, M|\n|poke|p2|Blastoise, M|\n|poke|p2|Alakazam, M|\n|teampreview\n|inactive|Battle timer is ON: inactive players will automatically lose when time's up. (requested by humilha newba)\n|\n|t:|1699571511\n|start\n|switch|p1a: Skarmory|Skarmory, M|100\/100\n|switch|p2a: Dragonite|Dragonite, F|100\/100\n|turn|1\n|\n|t:|1699571519\n|switch|p2a: Alakazam|Alakazam, M|100\/100\n|move|p1a: Skarmory|Iron Defense|p1a: Skarmory\n|-boost|p1a: Skarmory|def|2\n|\n|upkeep\n|turn|2\n|\n|t:|1699571525\n|move|p2a: Alakazam|Trick|p1a: Skarmory\n|-activate|p2a: Alakazam|move: Trick|[of] p1a: Skarmory\n|-item|p1a: Skarmory|Choice Specs|[from] move: Trick\n|-item|p2a: Alakazam|Rocky Helmet|[from] move: Trick\n|move|p1a: Skarmory|Spikes|p2a: Alakazam\n|-sidestart|p2: KingoftheTitans|Spikes\n|\n|upkeep\n|turn|3\n|\n|t:|1699571531\n|move|p2a: Alakazam|Focus Blast|p1a: Skarmory\n|-damage|p1a: Skarmory|41\/100\n|move|p1a: Skarmory|Spikes|p2a: Alakazam\n|-sidestart|p2: KingoftheTitans|Spikes\n|\n|upkeep\n|turn|4\n|\n|t:|1699571538\n|switch|p1a: Toxapex|Toxapex, F|100\/100\n|move|p2a: Alakazam|Focus Blast|p1a: Toxapex|[miss]\n|-miss|p2a: Alakazam|p1a: Toxapex\n|\n|upkeep\n|turn|5\n|\n|t:|1699571544\n|-terastallize|p1a: Toxapex|Dragon\n|move|p2a: Alakazam|Psychic|p1a: Toxapex\n|-damage|p1a: Toxapex|64\/100\n|move|p1a: Toxapex|Knock Off|p2a: Alakazam\n|-supereffective|p2a: Alakazam\n|-damage|p2a: Alakazam|34\/100\n|-damage|p1a: Toxapex|48\/100|[from] item: Rocky Helmet|[of] p2a: Alakazam\n|-enditem|p2a: Alakazam|Rocky Helmet|[from] move: Knock Off|[of] p1a: Toxapex\n|\n|upkeep\n|turn|6\n|\n|t:|1699571555\n|switch|p2a: Blastoise|Blastoise, M|100\/100\n|-damage|p2a: Blastoise|84\/100|[from] Spikes\n|move|p1a: Toxapex|Recover|p1a: Toxapex\n|-heal|p1a: Toxapex|98\/100\n|\n|upkeep\n|turn|7\n|\n|t:|1699571563\n|move|p2a: Blastoise|Ice Beam|p1a: Toxapex\n|-supereffective|p1a: Toxapex\n|-damage|p1a: Toxapex|54\/100\n|move|p1a: Toxapex|Knock Off|p2a: Blastoise\n|-damage|p2a: Blastoise|70\/100\n|-enditem|p2a: Blastoise|Assault Vest|[from] move: Knock Off|[of] p1a: Toxapex\n|\n|upkeep\n|turn|8\n|\n|t:|1699571573\n|switch|p1a: Skarmory|Skarmory, M|41\/100\n|move|p2a: Blastoise|Rapid Spin|p1a: Skarmory\n|-resisted|p1a: Skarmory\n|-damage|p1a: Skarmory|39\/100\n|-boost|p2a: Blastoise|spe|1\n|-sideend|p2: KingoftheTitans|Spikes|[from] move: Rapid Spin|[of] p2a: Blastoise\n|\n|upkeep\n|turn|9\n|\n|t:|1699571581\n|move|p2a: Blastoise|Scald|p1a: Skarmory\n|-damage|p1a: Skarmory|0 fnt\n|faint|p1a: Skarmory\n|\n|upkeep\n|\n|t:|1699571584\n|switch|p1a: Lopunny|Lopunny, M|100\/100\n|turn|10\n|\n|t:|1699571590\n|switch|p2a: Snorlax|Snorlax, M|100\/100\n|detailschange|p1a: Lopunny|Lopunny-Mega, M\n|-mega|p1a: Lopunny|Lopunny|Lopunnite\n|move|p1a: Lopunny|Fake Out|p2a: Snorlax\n|-damage|p2a: Snorlax|81\/100\n|\n|upkeep\n|turn|11\n|\n|t:|1699571598\n|move|p1a: Lopunny|Close Combat|p2a: Snorlax\n|-supereffective|p2a: Snorlax\n|-damage|p2a: Snorlax|0 fnt\n|-unboost|p1a: Lopunny|def|1\n|-unboost|p1a: Lopunny|spd|1\n|faint|p2a: Snorlax\n|\n|upkeep\n|\n|t:|1699571606\n|switch|p2a: Dragonite|Dragonite, F|100\/100\n|turn|12\n|\n|t:|1699571609\n|switch|p1a: Fezandipiti|Fezandipiti, M|100\/100\n|move|p2a: Dragonite|Dual Wingbeat|p1a: Fezandipiti\n|-damage|p1a: Fezandipiti|73\/100\n|-damage|p1a: Fezandipiti|49\/100\n|-hitcount|p1a: Fezandipiti|2\n|\n|-heal|p1a: Fezandipiti|55\/100|[from] item: Leftovers\n|upkeep\n|turn|13\n|\n|t:|1699571619\n|move|p2a: Dragonite|Dragon Dance|p2a: Dragonite\n|-boost|p2a: Dragonite|atk|1\n|-boost|p2a: Dragonite|spe|1\n|move|p1a: Fezandipiti|Roost|p1a: Fezandipiti\n|-heal|p1a: Fezandipiti|100\/100\n|-singleturn|p1a: Fezandipiti|move: Roost\n|\n|upkeep\n|turn|14\n|\n|t:|1699571625\n|move|p2a: Dragonite|Dragon Dance|p2a: Dragonite\n|-boost|p2a: Dragonite|atk|1\n|-boost|p2a: Dragonite|spe|1\n|move|p1a: Fezandipiti|Toxic|p2a: Dragonite\n|-status|p2a: Dragonite|tox\n|\n|-damage|p2a: Dragonite|94\/100 tox|[from] psn\n|upkeep\n|turn|15\n|\n|t:|1699571632\n|move|p2a: Dragonite|Dual Wingbeat|p1a: Fezandipiti\n|-damage|p1a: Fezandipiti|53\/100\n|-damage|p1a: Fezandipiti|2\/100\n|-hitcount|p1a: Fezandipiti|2\n|move|p1a: Fezandipiti|Play Rough|p2a: Dragonite\n|-supereffective|p2a: Dragonite\n|-damage|p2a: Dragonite|34\/100 tox\n|\n|-heal|p2a: Dragonite|40\/100 tox|[from] item: Leftovers\n|-heal|p1a: Fezandipiti|8\/100|[from] item: Leftovers\n|-damage|p2a: Dragonite|28\/100 tox|[from] psn\n|upkeep\n|turn|16\n|l|\u2606humilha newba\n|inactive|humilha newba disconnected and has a minute to reconnect!\n|player|p1|\n|inactive|humilha newba has 30 seconds to reconnect!\n|j|\u2606humilha newba\n|inactive|humilha newba reconnected and has 105 seconds left.\n|player|p1|humilha newba|ghetsis-gen5bw\n|\n|t:|1699571685\n|move|p2a: Dragonite|Extreme Speed|p1a: Fezandipiti\n|-damage|p1a: Fezandipiti|0 fnt\n|faint|p1a: Fezandipiti\n|\n|-heal|p2a: Dragonite|34\/100 tox|[from] item: Leftovers\n|-damage|p2a: Dragonite|16\/100 tox|[from] psn\n|upkeep\n|\n|t:|1699571688\n|switch|p1a: Lopunny|Lopunny-Mega, M|100\/100\n|turn|17\n|\n|t:|1699571693\n|move|p1a: Lopunny|Fake Out|p2a: Dragonite\n|-damage|p2a: Dragonite|0 fnt\n|faint|p2a: Dragonite\n|\n|upkeep\n|\n|t:|1699571697\n|switch|p2a: Gengar|Gengar, M|100\/100\n|turn|18\n|inactive|humilha newba has 120 seconds left.\n|inactive|humilha newba has 90 seconds left.\n|\n|t:|1699571737\n|switch|p1a: Toxapex|Toxapex, F, tera:Dragon|87\/100\n|move|p2a: Gengar|Focus Blast|p1a: Toxapex\n|-damage|p1a: Toxapex|53\/100\n|\n|upkeep\n|turn|19\n|\n|t:|1699571743\n|move|p2a: Gengar|Sludge Bomb|p1a: Toxapex\n|-damage|p1a: Toxapex|16\/100\n|move|p1a: Toxapex|Knock Off|p2a: Gengar\n|-supereffective|p2a: Gengar\n|-damage|p2a: Gengar|45\/100\n|-enditem|p2a: Gengar|Focus Sash|[from] move: Knock Off|[of] p1a: Toxapex\n|\n|upkeep\n|turn|20\n|\n|t:|1699571751\n|switch|p1a: Gliscor|Gliscor, F|100\/100\n|move|p2a: Gengar|Sludge Bomb|p1a: Gliscor\n|-resisted|p1a: Gliscor\n|-damage|p1a: Gliscor|71\/100\n|-status|p1a: Gliscor|psn\n|\n|-heal|p1a: Gliscor|83\/100 psn|[from] ability: Poison Heal\n|upkeep\n|turn|21\n|\n|t:|1699571760\n|move|p2a: Gengar|Destiny Bond|p2a: Gengar\n|-singlemove|p2a: Gengar|Destiny Bond\n|move|p1a: Gliscor|Earthquake|p2a: Gengar\n|-supereffective|p2a: Gengar\n|-damage|p2a: Gengar|0 fnt\n|faint|p2a: Gengar\n|-activate|p2a: Gengar|move: Destiny Bond\n|faint|p1a: Gliscor\n|\n|upkeep\n|inactive|humilha newba has 120 seconds left.\n|\n|t:|1699571774\n|switch|p2a: Alakazam|Alakazam, M|34\/100\n|switch|p1a: Toxapex|Toxapex, F, tera:Dragon|49\/100\n|turn|22\n|\n|t:|1699571781\n|move|p2a: Alakazam|Psychic|p1a: Toxapex\n|-damage|p1a: Toxapex|10\/100\n|move|p1a: Toxapex|Recover|p1a: Toxapex\n|-heal|p1a: Toxapex|60\/100\n|\n|upkeep\n|turn|23\n|\n|t:|1699571793\n|move|p2a: Alakazam|Psychic|p1a: Toxapex\n|-damage|p1a: Toxapex|21\/100\n|move|p1a: Toxapex|Knock Off|p2a: Alakazam\n|-supereffective|p2a: Alakazam\n|-damage|p2a: Alakazam|0 fnt\n|faint|p2a: Alakazam\n|\n|upkeep\n|\n|t:|1699571800\n|switch|p2a: Gyarados|Gyarados, F, shiny|100\/100\n|-ability|p2a: Gyarados|Intimidate|boost\n|-unboost|p1a: Toxapex|atk|1\n|turn|24\n|\n|t:|1699571805\n|switch|p1a: Cresselia|Cresselia, F|100\/100\n|detailschange|p2a: Gyarados|Gyarados-Mega, F, shiny\n|-mega|p2a: Gyarados|Gyarados|Gyaradosite\n|-ability|p2a: Gyarados|Mold Breaker\n|move|p2a: Gyarados|Dragon Dance|p2a: Gyarados\n|-boost|p2a: Gyarados|atk|1\n|-boost|p2a: Gyarados|spe|1\n|\n|upkeep\n|turn|25\n|\n|t:|1699571817\n|move|p2a: Gyarados|Dragon Dance|p2a: Gyarados\n|-boost|p2a: Gyarados|atk|1\n|-boost|p2a: Gyarados|spe|1\n|move|p1a: Cresselia|Hidden Power|p2a: Gyarados\n|-supereffective|p2a: Gyarados\n|-damage|p2a: Gyarados|81\/100\n|\n|upkeep\n|turn|26\n|\n|t:|1699571824\n|move|p2a: Gyarados|Crunch|p1a: Cresselia\n|-supereffective|p1a: Cresselia\n|-damage|p1a: Cresselia|0 fnt\n|faint|p1a: Cresselia\n|\n|upkeep\n|\n|t:|1699571830\n|switch|p1a: Lopunny|Lopunny-Mega, M|100\/100\n|turn|27\n|\n|t:|1699571833\n|move|p1a: Lopunny|Fake Out|p2a: Gyarados\n|-crit|p2a: Gyarados\n|-damage|p2a: Gyarados|53\/100\n|cant|p2a: Gyarados|flinch\n|\n|upkeep\n|turn|28\n|\n|t:|1699571838\n|switch|p1a: Toxapex|Toxapex, F, tera:Dragon|54\/100\n|move|p2a: Gyarados|Waterfall|p1a: Toxapex\n|-resisted|p1a: Toxapex\n|-damage|p1a: Toxapex|26\/100\n|\n|upkeep\n|turn|29\n|\n|t:|1699571844\n|move|p2a: Gyarados|Waterfall|p1a: Toxapex\n|-resisted|p1a: Toxapex\n|-damage|p1a: Toxapex|0 fnt\n|faint|p1a: Toxapex\n|\n|upkeep\n|\n|t:|1699571847\n|switch|p1a: Lopunny|Lopunny-Mega, M|100\/100\n|turn|30\n|\n|t:|1699571849\n|move|p1a: Lopunny|Fake Out|p2a: Gyarados\n|-damage|p2a: Gyarados|33\/100\n|cant|p2a: Gyarados|flinch\n|\n|upkeep\n|turn|31\n|\n|t:|1699571859\n|move|p2a: Gyarados|Waterfall|p1a: Lopunny\n|-damage|p1a: Lopunny|0 fnt\n|faint|p1a: Lopunny\n|\n|win|KingoftheTitans\n|raw|humilha newba's rating: 1296 &rarr; <strong>1274<\/strong><br \/>(-22 for losing)\n|raw|KingoftheTitans's rating: 1344 &rarr; <strong>1361<\/strong><br \/>(+17 for winning)\n|c|\u2606KingoftheTitans|gg\n","uploadtime":1699571864,"views":19,"p1id":"humilhanewba","p2id":"kingofthetitans","formatid":"gen9nationaldex","rating":1274,"private":0,"password":""}