{"id":"gen9nationaldex-1987065335","p1":"RandoTestAccount","p2":"ShelmetSoup","format":"[Gen 9] National Dex","log":"|j|\u2606RandoTestAccount\n|j|\u2606ShelmetSoup\n|t:|1699553235\n|gametype|singles\n|player|p1|RandoTestAccount|pokemonrangerf|1373\n|player|p2|ShelmetSoup|266|1386\n|teamsize|p1|6\n|teamsize|p2|6\n|gen|9\n|tier|[Gen 9] National Dex\n|rated|\n|rule|HP Percentage Mod: HP is shown in percentages\n|rule|Endless Battle Clause: Forcing endless battles is banned\n|rule|OHKO Clause: OHKO moves are banned\n|rule|Evasion Clause: Evasion abilities, items, and moves are banned\n|rule|Evasion Abilities Clause: Evasion abilities are banned\n|rule|Evasion Items Clause: Evasion items are banned\n|rule|Evasion Moves Clause: Evasion moves are banned\n|rule|Species Clause: Limit one of each Pok\u00e9mon\n|rule|Sleep Clause Mod: Limit one foe put to sleep\n|clearpoke\n|poke|p1|Umbreon, F|\n|poke|p1|Excadrill, F|\n|poke|p1|Corviknight, F|\n|poke|p1|Tapu Fini|\n|poke|p1|Sableye, F|\n|poke|p1|Dragalge, F|\n|poke|p2|Tangrowth, M|\n|poke|p2|Ferrothorn, M|\n|poke|p2|Tapu Koko|\n|poke|p2|Iron Moth|\n|poke|p2|Gliscor, M|\n|poke|p2|Gyarados, F|\n|teampreview\n|inactive|Battle timer is ON: inactive players will automatically lose when time's up. (requested by RandoTestAccount)\n|\n|t:|1699553241\n|start\n|switch|p1a: Spectre of Emerald|Sableye, F, shiny|100\/100\n|switch|p2a: Tapu Koko|Tapu Koko|100\/100\n|-fieldstart|move: Electric Terrain|[from] ability: Electric Surge|[of] p2a: Tapu Koko\n|turn|1\n|\n|t:|1699553256\n|switch|p1a: The Lonesome One|Excadrill, F, shiny|100\/100\n|-ability|p1a: The Lonesome One|Mold Breaker\n|move|p2a: Tapu Koko|Dazzling Gleam|p1a: The Lonesome One\n|-resisted|p1a: The Lonesome One\n|-damage|p1a: The Lonesome One|80\/100\n|\n|-heal|p1a: The Lonesome One|86\/100|[from] item: Leftovers\n|upkeep\n|turn|2\n|\n|t:|1699553263\n|move|p2a: Tapu Koko|U-turn|p1a: The Lonesome One\n|-resisted|p1a: The Lonesome One\n|-damage|p1a: The Lonesome One|76\/100\n|\n|t:|1699553266\n|switch|p2a: Gyarados|Gyarados, F|100\/100|[from] U-turn\n|-ability|p2a: Gyarados|Intimidate|boost\n|-unboost|p1a: The Lonesome One|atk|1\n|move|p1a: The Lonesome One|Rapid Spin|p2a: Gyarados\n|-crit|p2a: Gyarados\n|-damage|p2a: Gyarados|64\/100\n|-boost|p1a: The Lonesome One|spe|1\n|\n|-heal|p1a: The Lonesome One|82\/100|[from] item: Leftovers\n|upkeep\n|turn|3\n|\n|t:|1699553273\n|switch|p1a: Spectre of Emerald|Sableye, F, shiny|100\/100\n|detailschange|p2a: Gyarados|Gyarados-Mega, F\n|-mega|p2a: Gyarados|Gyarados|Gyaradosite\n|-ability|p2a: Gyarados|Mold Breaker\n|move|p2a: Gyarados|Waterfall|p1a: Spectre of Emerald\n|-damage|p1a: Spectre of Emerald|51\/100\n|\n|upkeep\n|turn|4\n|\n|t:|1699553279\n|switch|p2a: Iron Moth|Iron Moth|100\/100\n|-activate|p2a: Iron Moth|ability: Quark Drive\n|-start|p2a: Iron Moth|quarkdrivespa\n|detailschange|p1a: Spectre of Emerald|Sableye-Mega, F, shiny\n|-mega|p1a: Spectre of Emerald|Sableye|Sablenite\n|move|p1a: Spectre of Emerald|Will-O-Wisp|p2a: Iron Moth\n|-immune|p2a: Iron Moth\n|\n|upkeep\n|turn|5\n|\n|t:|1699553286\n|switch|p1a: The Droplet Tear|Tapu Fini, shiny|100\/100\n|-fieldstart|move: Misty Terrain|[from] ability: Misty Surge|[of] p1a: The Droplet Tear\n|-end|p2a: Iron Moth|Quark Drive\n|move|p2a: Iron Moth|Fiery Dance|p1a: The Droplet Tear\n|-resisted|p1a: The Droplet Tear\n|-damage|p1a: The Droplet Tear|84\/100\n|\n|-heal|p1a: The Droplet Tear|90\/100|[from] item: Leftovers\n|upkeep\n|turn|6\n|\n|t:|1699553290\n|switch|p1a: Agony Steelheart|Dragalge, F, shiny|100\/100\n|move|p2a: Iron Moth|Sludge Wave|p1a: Agony Steelheart\n|-resisted|p1a: Agony Steelheart\n|-damage|p1a: Agony Steelheart|83\/100\n|\n|-heal|p1a: Agony Steelheart|89\/100|[from] item: Black Sludge\n|upkeep\n|turn|7\n|\n|t:|1699553293\n|move|p2a: Iron Moth|U-turn|p1a: Agony Steelheart\n|-resisted|p1a: Agony Steelheart\n|-damage|p1a: Agony Steelheart|83\/100\n|\n|t:|1699553297\n|-end|p2a: Iron Moth|Quark Drive|[silent]\n|switch|p2a: Ferrothorn|Ferrothorn, M|100\/100|[from] U-turn\n|move|p1a: Agony Steelheart|Acid Spray|p2a: Ferrothorn\n|-immune|p2a: Ferrothorn\n|\n|-heal|p1a: Agony Steelheart|89\/100|[from] item: Black Sludge\n|upkeep\n|turn|8\n|c|\u2606ShelmetSoup|sableye\n|\n|t:|1699553317\n|switch|p1a: Spectre of Emerald|Sableye-Mega, F, shiny|51\/100\n|switch|p2a: Tapu Koko|Tapu Koko|100\/100\n|-fieldstart|move: Electric Terrain|[from] ability: Electric Surge|[of] p2a: Tapu Koko\n|\n|upkeep\n|turn|9\n|c|\u2606ShelmetSoup|ez\n|\n|t:|1699553327\n|switch|p1a: Agony Steelheart|Dragalge, F, shiny|89\/100\n|move|p2a: Tapu Koko|Dazzling Gleam|p1a: Agony Steelheart\n|-damage|p1a: Agony Steelheart|68\/100\n|\n|-heal|p1a: Agony Steelheart|74\/100|[from] item: Black Sludge\n|upkeep\n|turn|10\n|inactive|RandoTestAccount has 120 seconds left.\n|\n|t:|1699553371\n|switch|p1a: Ephialtes Keeper|Corviknight, F, shiny|100\/100\n|-ability|p1a: Ephialtes Keeper|Pressure\n|move|p2a: Tapu Koko|U-turn|p1a: Ephialtes Keeper\n|-resisted|p1a: Ephialtes Keeper\n|-damage|p1a: Ephialtes Keeper|98\/100\n|-damage|p2a: Tapu Koko|84\/100|[from] item: Rocky Helmet|[of] p1a: Ephialtes Keeper\n|\n|t:|1699553377\n|switch|p2a: Iron Moth|Iron Moth|100\/100|[from] U-turn\n|-activate|p2a: Iron Moth|ability: Quark Drive\n|-start|p2a: Iron Moth|quarkdrivespa\n|\n|upkeep\n|turn|11\n|inactive|RandoTestAccount has 120 seconds left.\n|\n|t:|1699553393\n|switch|p1a: Nika Reanukko|Umbreon, F, shiny|100\/100\n|move|p2a: Iron Moth|Fiery Dance|p1a: Nika Reanukko\n|-damage|p1a: Nika Reanukko|72\/100\n|-boost|p2a: Iron Moth|spa|1\n|\n|-heal|p1a: Nika Reanukko|78\/100|[from] item: Leftovers\n|upkeep\n|turn|12\n|\n|t:|1699553399\n|switch|p1a: The Droplet Tear|Tapu Fini, shiny|90\/100\n|-fieldstart|move: Misty Terrain|[from] ability: Misty Surge|[of] p1a: The Droplet Tear\n|-end|p2a: Iron Moth|Quark Drive\n|move|p2a: Iron Moth|U-turn|p1a: The Droplet Tear\n|-resisted|p1a: The Droplet Tear\n|-damage|p1a: The Droplet Tear|86\/100\n|\n|t:|1699553403\n|-end|p2a: Iron Moth|Quark Drive|[silent]\n|switch|p2a: Tapu Koko|Tapu Koko|84\/100|[from] U-turn\n|-fieldstart|move: Electric Terrain|[from] ability: Electric Surge|[of] p2a: Tapu Koko\n|\n|-heal|p1a: The Droplet Tear|93\/100|[from] item: Leftovers\n|upkeep\n|turn|13\n|\n|t:|1699553414\n|switch|p1a: The Lonesome One|Excadrill, F, shiny|82\/100\n|-ability|p1a: The Lonesome One|Mold Breaker\n|move|p2a: Tapu Koko|Thunderbolt|p1a: The Lonesome One\n|-immune|p1a: The Lonesome One\n|\n|-heal|p1a: The Lonesome One|89\/100|[from] item: Leftovers\n|upkeep\n|turn|14\n|\n|t:|1699553421\n|move|p2a: Tapu Koko|U-turn|p1a: The Lonesome One\n|-resisted|p1a: The Lonesome One\n|-damage|p1a: The Lonesome One|78\/100\n|\n|t:|1699553425\n|switch|p2a: Tangrowth|Tangrowth, M|100\/100|[from] U-turn\n|move|p1a: The Lonesome One|Earthquake|p2a: Tangrowth\n|-resisted|p2a: Tangrowth\n|-damage|p2a: Tangrowth|84\/100\n|\n|-heal|p1a: The Lonesome One|84\/100|[from] item: Leftovers\n|upkeep\n|turn|15\n|\n|t:|1699553448\n|switch|p1a: Spectre of Emerald|Sableye-Mega, F, shiny|51\/100\n|move|p2a: Tangrowth|Stun Spore|p1a: Spectre of Emerald\n|move|p1a: Spectre of Emerald|Stun Spore|p2a: Tangrowth|[from]ability: Magic Bounce\n|-immune|p2a: Tangrowth\n|\n|upkeep\n|turn|16\n|\n|t:|1699553456\n|switch|p2a: Tapu Koko|Tapu Koko|84\/100\n|move|p1a: Spectre of Emerald|Calm Mind|p1a: Spectre of Emerald\n|-boost|p1a: Spectre of Emerald|spa|1\n|-boost|p1a: Spectre of Emerald|spd|1\n|\n|-fieldend|move: Electric Terrain\n|upkeep\n|turn|17\n|\n|t:|1699553471\n|move|p2a: Tapu Koko|Dazzling Gleam|p1a: Spectre of Emerald\n|-supereffective|p1a: Spectre of Emerald\n|-damage|p1a: Spectre of Emerald|9\/100\n|move|p1a: Spectre of Emerald|Recover|p1a: Spectre of Emerald\n|-heal|p1a: Spectre of Emerald|59\/100\n|\n|upkeep\n|turn|18\n|\n|t:|1699553480\n|move|p2a: Tapu Koko|Dazzling Gleam|p1a: Spectre of Emerald\n|-supereffective|p1a: Spectre of Emerald\n|-damage|p1a: Spectre of Emerald|11\/100\n|move|p1a: Spectre of Emerald|Recover|p1a: Spectre of Emerald\n|-heal|p1a: Spectre of Emerald|61\/100\n|\n|upkeep\n|turn|19\n|\n|t:|1699553493\n|switch|p1a: Agony Steelheart|Dragalge, F, shiny|74\/100\n|move|p2a: Tapu Koko|Dazzling Gleam|p1a: Agony Steelheart\n|-damage|p1a: Agony Steelheart|51\/100\n|\n|-heal|p1a: Agony Steelheart|57\/100|[from] item: Black Sludge\n|upkeep\n|turn|20\n|\n|t:|1699553499\n|switch|p1a: Spectre of Emerald|Sableye-Mega, F, shiny|61\/100\n|move|p2a: Tapu Koko|U-turn|p1a: Spectre of Emerald\n|-damage|p1a: Spectre of Emerald|50\/100\n|\n|t:|1699553506\n|switch|p2a: Iron Moth|Iron Moth|100\/100|[from] U-turn\n|\n|upkeep\n|turn|21\n|\n|t:|1699553524\n|move|p2a: Iron Moth|Fiery Dance|p1a: Spectre of Emerald\n|-damage|p1a: Spectre of Emerald|5\/100\n|-boost|p2a: Iron Moth|spa|1\n|move|p1a: Spectre of Emerald|Recover|p1a: Spectre of Emerald\n|-heal|p1a: Spectre of Emerald|55\/100\n|\n|upkeep\n|turn|22\n|\n|t:|1699553531\n|switch|p1a: Agony Steelheart|Dragalge, F, shiny|57\/100\n|move|p2a: Iron Moth|Fiery Dance|p1a: Agony Steelheart\n|-resisted|p1a: Agony Steelheart\n|-damage|p1a: Agony Steelheart|38\/100\n|-boost|p2a: Iron Moth|spa|1\n|\n|-heal|p1a: Agony Steelheart|44\/100|[from] item: Black Sludge\n|upkeep\n|turn|23\n|\n|t:|1699553554\n|move|p2a: Iron Moth|Fiery Dance|p1a: Agony Steelheart\n|-resisted|p1a: Agony Steelheart\n|-damage|p1a: Agony Steelheart|16\/100\n|move|p1a: Agony Steelheart|Dragon Pulse|p2a: Iron Moth\n|-damage|p2a: Iron Moth|58\/100\n|\n|-heal|p1a: Agony Steelheart|22\/100|[from] item: Black Sludge\n|upkeep\n|turn|24\n|\n|t:|1699553565\n|move|p2a: Iron Moth|Fiery Dance|p1a: Agony Steelheart\n|-resisted|p1a: Agony Steelheart\n|-damage|p1a: Agony Steelheart|0 fnt\n|faint|p1a: Agony Steelheart\n|\n|upkeep\n|\n|t:|1699553575\n|switch|p1a: The Lonesome One|Excadrill, F, shiny|84\/100\n|-ability|p1a: The Lonesome One|Mold Breaker\n|turn|25\n|\n|t:|1699553580\n|-terastallize|p1a: The Lonesome One|Ground\n|move|p2a: Iron Moth|Fiery Dance|p1a: The Lonesome One\n|-damage|p1a: The Lonesome One|0 fnt\n|faint|p1a: The Lonesome One\n|\n|upkeep\n|inactive|RandoTestAccount has 120 seconds left.\n|-message|RandoTestAccount forfeited.\n|\n|win|ShelmetSoup\n|raw|RandoTestAccount's rating: 1373 &rarr; <strong>1354<\/strong><br \/>(-19 for losing)\n|raw|ShelmetSoup's rating: 1386 &rarr; <strong>1405<\/strong><br \/>(+19 for winning)\n|l|\u2606RandoTestAccount\n","uploadtime":1699553623,"views":4,"p1id":"randotestaccount","p2id":"shelmetsoup","formatid":"gen9nationaldex","rating":1354,"private":0,"password":""}