{"id":"gen9nationaldex-1988068818","p1":"ocho1111","p2":"bczyeslol","format":"[Gen 9] National Dex","log":"|j|\u2606ocho1111\n|j|\u2606bczyeslol\n|t:|1699665716\n|gametype|singles\n|player|p1|ocho1111|boarder|1282\n|player|p2|bczyeslol|dawn-gen4pt|1211\n|teamsize|p1|6\n|teamsize|p2|6\n|gen|9\n|tier|[Gen 9] National Dex\n|rated|\n|rule|HP Percentage Mod: HP is shown in percentages\n|rule|Endless Battle Clause: Forcing endless battles is banned\n|rule|OHKO Clause: OHKO moves are banned\n|rule|Evasion Clause: Evasion abilities, items, and moves are banned\n|rule|Evasion Abilities Clause: Evasion abilities are banned\n|rule|Evasion Items Clause: Evasion items are banned\n|rule|Evasion Moves Clause: Evasion moves are banned\n|rule|Species Clause: Limit one of each Pok\u00e9mon\n|rule|Sleep Clause Mod: Limit one foe put to sleep\n|clearpoke\n|poke|p1|Mawile, F|\n|poke|p1|Victini|\n|poke|p1|Tornadus-Therian, M|\n|poke|p1|Ursaluna, F|\n|poke|p1|Gardevoir, F|\n|poke|p1|Jellicent, F|\n|poke|p2|Weavile, M|\n|poke|p2|Kartana|\n|poke|p2|Landorus-Therian, M|\n|poke|p2|Dragonite, F|\n|poke|p2|Gardevoir, F|\n|poke|p2|Wobbuffet, M|\n|teampreview\n|\n|t:|1699665719\n|start\n|switch|p1a: Tornadus|Tornadus-Therian, M|100\/100\n|switch|p2a: Weavile|Weavile, M, shiny|100\/100\n|turn|1\n|\n|t:|1699665742\n|switch|p1a: Mawile|Mawile, F|100\/100\n|-ability|p1a: Mawile|Intimidate|boost\n|-unboost|p2a: Weavile|atk|1\n|move|p2a: Weavile|Icicle Crash|p1a: Mawile\n|-resisted|p1a: Mawile\n|-damage|p1a: Mawile|73\/100\n|\n|upkeep\n|turn|2\n|\n|t:|1699665762\n|switch|p2a: Landorus|Landorus-Therian, M, shiny|100\/100\n|-ability|p2a: Landorus|Intimidate|boost\n|-unboost|p1a: Mawile|atk|1\n|detailschange|p1a: Mawile|Mawile-Mega, F\n|-mega|p1a: Mawile|Mawile|Mawilite\n|move|p1a: Mawile|Play Rough|p2a: Landorus\n|-damage|p2a: Landorus|46\/100\n|\n|-heal|p2a: Landorus|52\/100|[from] item: Leftovers\n|upkeep\n|turn|3\n|\n|t:|1699665775\n|move|p1a: Mawile|Sucker Punch|p2a: Landorus\n|-damage|p2a: Landorus|24\/100\n|move|p2a: Landorus|Earthquake|p1a: Mawile\n|-supereffective|p1a: Mawile\n|-damage|p1a: Mawile|0 fnt\n|faint|p1a: Mawile\n|\n|-heal|p2a: Landorus|30\/100|[from] item: Leftovers\n|upkeep\n|\n|t:|1699665785\n|switch|p1a: Jellicent|Jellicent, F|100\/100\n|turn|4\n|\n|t:|1699665791\n|move|p2a: Landorus|U-turn|p1a: Jellicent\n|-resisted|p1a: Jellicent\n|-damage|p1a: Jellicent|92\/100\n|\n|t:|1699665799\n|switch|p2a: Kartana|Kartana, shiny|100\/100|[from] U-turn\n|move|p1a: Jellicent|Trick Room|p1a: Jellicent\n|-fieldstart|move: Trick Room|[of] p1a: Jellicent\n|\n|-heal|p1a: Jellicent|98\/100|[from] item: Leftovers\n|upkeep\n|turn|5\n|\n|t:|1699665825\n|switch|p1a: Ursaluna|Ursaluna, F|100\/100\n|move|p2a: Kartana|Knock Off|p1a: Ursaluna\n|-damage|p1a: Ursaluna|72\/100\n|-enditem|p1a: Ursaluna|Flame Orb|[from] move: Knock Off|[of] p2a: Kartana\n|\n|upkeep\n|turn|6\n|\n|t:|1699665849\n|switch|p2a: Landorus|Landorus-Therian, M, shiny|30\/100\n|-ability|p2a: Landorus|Intimidate|boost\n|-unboost|p1a: Ursaluna|atk|1\n|move|p1a: Ursaluna|Earthquake|p2a: Landorus\n|-immune|p2a: Landorus\n|\n|-heal|p2a: Landorus|36\/100|[from] item: Leftovers\n|upkeep\n|turn|7\n|\n|t:|1699665861\n|switch|p1a: Tornadus|Tornadus-Therian, M|100\/100\n|move|p2a: Landorus|Earthquake|p1a: Tornadus\n|-immune|p1a: Tornadus\n|\n|-heal|p2a: Landorus|42\/100|[from] item: Leftovers\n|upkeep\n|turn|8\n|\n|t:|1699665872\n|move|p2a: Landorus|Stone Edge|p1a: Tornadus\n|-supereffective|p1a: Tornadus\n|-damage|p1a: Tornadus|6\/100\n|move|p1a: Tornadus|Chilling Water|p2a: Landorus\n|-supereffective|p2a: Landorus\n|-damage|p2a: Landorus|5\/100\n|-unboost|p2a: Landorus|atk|1\n|\n|-heal|p2a: Landorus|11\/100|[from] item: Leftovers\n|-fieldend|move: Trick Room\n|upkeep\n|turn|9\n|c|\u2606bczyeslol|It didnt let me cancel lol\n|c|\u2606ocho1111|lmao rip\n|\n|t:|1699665891\n|switch|p1a: Jellicent|Jellicent, F|98\/100\n|move|p2a: Landorus|U-turn|p1a: Jellicent\n|-resisted|p1a: Jellicent\n|-damage|p1a: Jellicent|93\/100\n|\n|t:|1699665895\n|switch|p2a: Gardevoir|Gardevoir, F, shiny|100\/100|[from] U-turn\n|-ability|p2a: Gardevoir|Water Absorb|[from] ability: Trace|[of] p1a: Jellicent\n|\n|-heal|p1a: Jellicent|99\/100|[from] item: Leftovers\n|upkeep\n|turn|10\n|\n|t:|1699665910\n|detailschange|p2a: Gardevoir|Gardevoir-Mega, F, shiny\n|-mega|p2a: Gardevoir|Gardevoir|Gardevoirite\n|move|p2a: Gardevoir|Psyshock|p1a: Jellicent\n|-damage|p1a: Jellicent|63\/100\n|move|p1a: Jellicent|Hex|p2a: Gardevoir\n|-supereffective|p2a: Gardevoir\n|-damage|p2a: Gardevoir|66\/100\n|\n|-heal|p1a: Jellicent|69\/100|[from] item: Leftovers\n|upkeep\n|turn|11\n|\n|t:|1699665922\n|move|p2a: Gardevoir|Hyper Voice|p1a: Jellicent\n|-damage|p1a: Jellicent|14\/100\n|move|p1a: Jellicent|Scald|p2a: Gardevoir\n|-damage|p2a: Gardevoir|44\/100\n|\n|-heal|p1a: Jellicent|20\/100|[from] item: Leftovers\n|upkeep\n|turn|12\n|\n|t:|1699665934\n|move|p2a: Gardevoir|Hyper Voice|p1a: Jellicent\n|-damage|p1a: Jellicent|0 fnt\n|faint|p1a: Jellicent\n|\n|upkeep\n|\n|t:|1699665948\n|switch|p1a: Victini|Victini|100\/100\n|turn|13\n|\n|t:|1699665955\n|move|p2a: Gardevoir|Hyper Voice|p1a: Victini\n|-resisted|p1a: Victini\n|-damage|p1a: Victini|65\/100\n|move|p1a: Victini|V-create|p2a: Gardevoir\n|-damage|p2a: Gardevoir|0 fnt\n|-unboost|p1a: Victini|spe|1\n|-unboost|p1a: Victini|def|1\n|-unboost|p1a: Victini|spd|1\n|faint|p2a: Gardevoir\n|\n|upkeep\n|\n|t:|1699665962\n|switch|p2a: Weavile|Weavile, M, shiny|100\/100\n|turn|14\n|\n|t:|1699665972\n|switch|p1a: Gardevoir|Gardevoir, F|100\/100\n|-ability|p1a: Gardevoir|Pickpocket|[from] ability: Trace|[of] p2a: Weavile\n|move|p2a: Weavile|Beat Up|p1a: Gardevoir\n|-damage|p1a: Gardevoir|81\/100\n|-damage|p1a: Gardevoir|53\/100\n|-damage|p1a: Gardevoir|33\/100\n|-damage|p1a: Gardevoir|13\/100\n|-damage|p1a: Gardevoir|3\/100\n|-hitcount|p1a: Gardevoir|5\n|\n|-heal|p1a: Gardevoir|9\/100|[from] item: Leftovers\n|upkeep\n|turn|15\n|\n|t:|1699665993\n|move|p2a: Weavile|Beat Up|p1a: Gardevoir\n|-damage|p1a: Gardevoir|0 fnt\n|faint|p1a: Gardevoir\n|-hitcount|p1: Gardevoir|1\n|\n|upkeep\n|\n|t:|1699666001\n|switch|p1a: Ursaluna|Ursaluna, F|72\/100\n|turn|16\n|\n|t:|1699666010\n|switch|p2a: Dragonite|Dragonite, F, shiny|100\/100\n|move|p1a: Ursaluna|Swords Dance|p1a: Ursaluna\n|-boost|p1a: Ursaluna|atk|2\n|\n|upkeep\n|turn|17\n|\n|t:|1699666016\n|move|p1a: Ursaluna|Protect|p1a: Ursaluna\n|-singleturn|p1a: Ursaluna|Protect\n|-zpower|p2a: Dragonite\n|move|p2a: Dragonite|Subzero Slammer|p1a: Ursaluna|[zeffect]\n|-supereffective|p1a: Ursaluna\n|-zbroken|p1a: Ursaluna\n|-damage|p1a: Ursaluna|48\/100\n|\n|upkeep\n|turn|18\n|\n|t:|1699666025\n|move|p2a: Dragonite|Ice Spinner|p1a: Ursaluna\n|-supereffective|p1a: Ursaluna\n|-damage|p1a: Ursaluna|4\/100\n|move|p1a: Ursaluna|Facade|p2a: Dragonite\n|-damage|p2a: Dragonite|56\/100\n|\n|upkeep\n|turn|19\n|\n|t:|1699666033\n|move|p2a: Dragonite|Ice Spinner|p1a: Ursaluna\n|-supereffective|p1a: Ursaluna\n|-damage|p1a: Ursaluna|0 fnt\n|faint|p1a: Ursaluna\n|\n|upkeep\n|\n|t:|1699666042\n|switch|p1a: Victini|Victini|65\/100\n|turn|20\n|\n|t:|1699666045\n|move|p1a: Victini|V-create|p2a: Dragonite\n|-resisted|p2a: Dragonite\n|-damage|p2a: Dragonite|0 fnt\n|-unboost|p1a: Victini|spe|1\n|-unboost|p1a: Victini|def|1\n|-unboost|p1a: Victini|spd|1\n|faint|p2a: Dragonite\n|\n|upkeep\n|\n|t:|1699666051\n|switch|p2a: Landorus|Landorus-Therian, M, shiny|11\/100\n|-ability|p2a: Landorus|Intimidate|boost\n|-unboost|p1a: Victini|atk|1\n|turn|21\n|\n|t:|1699666057\n|switch|p1a: Tornadus|Tornadus-Therian, M|39\/100\n|move|p2a: Landorus|Earthquake|p1a: Tornadus\n|-immune|p1a: Tornadus\n|\n|-heal|p2a: Landorus|17\/100|[from] item: Leftovers\n|upkeep\n|turn|22\n|c|\u2606bczyeslol|Ggwp\n|\n|t:|1699666071\n|move|p1a: Tornadus|Chilling Water|p2a: Landorus\n|-supereffective|p2a: Landorus\n|-damage|p2a: Landorus|0 fnt\n|faint|p2a: Landorus\n|\n|upkeep\n|\n|t:|1699666075\n|switch|p2a: Weavile|Weavile, M, shiny|100\/100\n|turn|23\n|c|\u2606ocho1111|yeah it aint lookin good lol\n|\n|t:|1699666082\n|move|p2a: Weavile|Icicle Crash|p1a: Tornadus\n|-supereffective|p1a: Tornadus\n|-damage|p1a: Tornadus|0 fnt\n|faint|p1a: Tornadus\n|\n|upkeep\n|\n|t:|1699666086\n|switch|p1a: Victini|Victini|65\/100\n|turn|24\n|\n|t:|1699666089\n|move|p2a: Weavile|Icicle Crash|p1a: Victini|[miss]\n|-miss|p2a: Weavile|p1a: Victini\n|move|p1a: Victini|V-create|p2a: Weavile\n|-supereffective|p2a: Weavile\n|-damage|p2a: Weavile|0 fnt\n|-unboost|p1a: Victini|spe|1\n|-unboost|p1a: Victini|def|1\n|-unboost|p1a: Victini|spd|1\n|faint|p2a: Weavile\n|\n|upkeep\n|\n|t:|1699666091\n|switch|p2a: Wobbuffet|Wobbuffet, M, shiny|100\/100\n|turn|25\n|\n|t:|1699666101\n|move|p1a: Victini|V-create|p2a: Wobbuffet\n|-damage|p2a: Wobbuffet|0 fnt\n|-unboost|p1a: Victini|spe|1\n|-unboost|p1a: Victini|def|1\n|-unboost|p1a: Victini|spd|1\n|faint|p2a: Wobbuffet\n|\n|upkeep\n|c|\u2606bczyeslol|AYO\n|\n|t:|1699666110\n|switch|p2a: Kartana|Kartana, shiny|100\/100\n|turn|26\n|c|\u2606ocho1111|YOOOO\n|\n|t:|1699666116\n|-terastallize|p1a: Victini|Fire\n|move|p2a: Kartana|Knock Off|p1a: Victini\n|-damage|p1a: Victini|0 fnt\n|-enditem|p1a: Victini|Choice Band|[from] move: Knock Off|[of] p2a: Kartana\n|faint|p1a: Victini\n|\n|win|bczyeslol\n|raw|ocho1111's rating: 1282 &rarr; <strong>1252<\/strong><br \/>(-30 for losing)\n|raw|bczyeslol's rating: 1211 &rarr; <strong>1241<\/strong><br \/>(+30 for winning)\n|c|\u2606bczyeslol|Lol\n|c|\u2606ocho1111|lmao gg\n|c|\u2606bczyeslol|Ggs\n|l|\u2606ocho1111\n","uploadtime":1699666133,"views":9,"p1id":"ocho1111","p2id":"bczyeslol","formatid":"gen9nationaldex","rating":1241,"private":0,"password":""}