{"id":"gen9nationaldex-1999427314","p1":"Serena1111","p2":"EscapedOrangutan","format":"[Gen 9] National Dex","log":"|html|<div class=\"broadcast-blue\"><strong>[Gen 9] National Dex is currently suspecting Sneasler! For information on how to participate check out the <a href=\"https:\/\/www.smogon.com\/forums\/threads\/sv-national-dex-suspect-8-just-dance.3731534\/\">suspect thread<\/a>.<\/strong><\/div>\n|j|\u2606Serena1111\n|j|\u2606EscapedOrangutan\n|t:|1701078717\n|gametype|singles\n|player|p1|Serena1111|265|1232\n|player|p2|EscapedOrangutan|rancher|1168\n|teamsize|p1|6\n|teamsize|p2|6\n|gen|9\n|tier|[Gen 9] National Dex\n|rated|\n|rule|HP Percentage Mod: HP is shown in percentages\n|rule|Endless Battle Clause: Forcing endless battles is banned\n|rule|OHKO Clause: OHKO moves are banned\n|rule|Evasion Clause: Evasion abilities, items, and moves are banned\n|rule|Evasion Abilities Clause: Evasion abilities are banned\n|rule|Evasion Items Clause: Evasion items are banned\n|rule|Evasion Moves Clause: Evasion moves are banned\n|rule|Species Clause: Limit one of each Pok\u00e9mon\n|rule|Sleep Clause Mod: Limit one foe put to sleep\n|clearpoke\n|poke|p1|Chansey, F|\n|poke|p1|Dondozo, F|\n|poke|p1|Ditto|\n|poke|p1|Alomomola, M|\n|poke|p1|Corsola-Galar, M|\n|poke|p1|Gliscor, F|\n|poke|p2|Shiinotic, M|\n|poke|p2|Banette, M|\n|poke|p2|Toxapex, F|\n|poke|p2|Gliscor, F|\n|poke|p2|Ting-Lu|\n|poke|p2|Moltres-Galar|\n|teampreview\n|inactive|Battle timer is ON: inactive players will automatically lose when time's up. (requested by EscapedOrangutan)\n|inactive|Serena1111 also wants the timer to be on.\n|c|\u2606EscapedOrangutan|glhf\n|\n|t:|1701078727\n|start\n|switch|p1a: Gliscor|Gliscor, F|100\/100\n|switch|p2a: Moltres|Moltres-Galar|100\/100\n|turn|1\n|\n|t:|1701078734\n|move|p2a: Moltres|Air Slash|p1a: Gliscor\n|-damage|p1a: Gliscor|59\/100\n|move|p1a: Gliscor|Toxic|p2a: Moltres\n|-status|p2a: Moltres|tox\n|\n|-damage|p2a: Moltres|94\/100 tox|[from] psn\n|-status|p1a: Gliscor|tox|[from] item: Toxic Orb\n|upkeep\n|turn|2\n|\n|t:|1701078746\n|switch|p1a: Corsola|Corsola-Galar, M|100\/100\n|move|p2a: Moltres|Air Slash|p1a: Corsola\n|-damage|p1a: Corsola|84\/100\n|-start|p2a: Moltres|Disable|Air Slash|[from] ability: Cursed Body|[of] p1a: Corsola\n|\n|-damage|p2a: Moltres|82\/100 tox|[from] psn\n|upkeep\n|turn|3\n|\n|t:|1701078754\n|switch|p2a: Shiinotic|Shiinotic, M|100\/100\n|move|p1a: Corsola|Whirlpool|p2a: Shiinotic\n|-resisted|p2a: Shiinotic\n|-damage|p2a: Shiinotic|98\/100\n|-activate|p2a: Shiinotic|move: Whirlpool|[of] p1a: Corsola\n|\n|-damage|p2a: Shiinotic|86\/100|[from] move: Whirlpool|[partiallytrapped]\n|upkeep\n|turn|4\n|\n|t:|1701078765\n|move|p2a: Shiinotic|Spore|p1a: Corsola\n|-status|p1a: Corsola|slp|[from] move: Spore\n|cant|p1a: Corsola|slp\n|\n|-damage|p2a: Shiinotic|74\/100|[from] move: Whirlpool|[partiallytrapped]\n|upkeep\n|turn|5\n|\n|t:|1701078773\n|cant|p1a: Corsola|slp\n|move|p2a: Shiinotic|Leech Seed|p1a: Corsola\n|-start|p1a: Corsola|move: Leech Seed\n|\n|-damage|p1a: Corsola|71\/100 slp|[from] Leech Seed|[of] p2a: Shiinotic\n|-heal|p2a: Shiinotic|86\/100|[silent]\n|-damage|p2a: Shiinotic|74\/100|[from] move: Whirlpool|[partiallytrapped]\n|upkeep\n|turn|6\n|\n|t:|1701078782\n|switch|p1a: Ditto|Ditto|100\/100\n|-transform|p1a: Ditto|p2a: Shiinotic|[from] ability: Imposter\n|move|p2a: Shiinotic|Giga Drain|p1a: Ditto\n|-resisted|p1a: Ditto\n|-crit|p1a: Ditto\n|-damage|p1a: Ditto|87\/100\n|-heal|p2a: Shiinotic|80\/100|[from] drain|[of] p1a: Ditto\n|\n|-end|p2a: Shiinotic|Whirlpool|[partiallytrapped]|[silent]\n|upkeep\n|turn|7\n|\n|t:|1701078809\n|switch|p2a: Moltres|Moltres-Galar|82\/100 tox\n|move|p1a: Ditto|Strength Sap|p2a: Moltres\n|-unboost|p2a: Moltres|atk|1\n|-heal|p1a: Ditto|100\/100\n|\n|-damage|p2a: Moltres|76\/100 tox|[from] psn\n|upkeep\n|turn|8\n|\n|t:|1701078819\n|switch|p1a: Gliscor|Gliscor, F|59\/100 tox\n|move|p2a: Moltres|Air Slash|p1a: Gliscor|[miss]\n|-miss|p2a: Moltres|p1a: Gliscor\n|\n|-damage|p2a: Moltres|63\/100 tox|[from] psn\n|-heal|p1a: Gliscor|71\/100 tox|[from] ability: Poison Heal\n|upkeep\n|turn|9\n|\n|t:|1701078828\n|switch|p2a: Gliscor|Gliscor, F|100\/100\n|move|p1a: Gliscor|Protect||[still]\n|-fail|p1a: Gliscor\n|\n|-heal|p1a: Gliscor|84\/100 tox|[from] ability: Poison Heal\n|-status|p2a: Gliscor|tox|[from] item: Toxic Orb\n|upkeep\n|turn|10\n|\n|t:|1701078836\n|switch|p1a: Ditto|Ditto|100\/100\n|-transform|p1a: Ditto|p2a: Gliscor|[from] ability: Imposter\n|move|p2a: Gliscor|Crabhammer|p1a: Ditto\n|-supereffective|p1a: Ditto\n|-damage|p1a: Ditto|37\/100\n|\n|upkeep\n|turn|11\n|\n|t:|1701078850\n|switch|p1a: Dondozo|Dondozo, F|100\/100\n|move|p2a: Gliscor|Crabhammer|p1a: Dondozo\n|-resisted|p1a: Dondozo\n|-crit|p1a: Dondozo\n|-damage|p1a: Dondozo|91\/100\n|\n|-heal|p1a: Dondozo|97\/100|[from] item: Leftovers\n|upkeep\n|turn|12\n|\n|t:|1701078856\n|switch|p2a: Shiinotic|Shiinotic, M|80\/100\n|move|p1a: Dondozo|Curse|p1a: Dondozo\n|-unboost|p1a: Dondozo|spe|1\n|-boost|p1a: Dondozo|atk|1\n|-boost|p1a: Dondozo|def|1\n|\n|-heal|p1a: Dondozo|100\/100|[from] item: Leftovers\n|upkeep\n|turn|13\n|\n|t:|1701078859\n|move|p2a: Shiinotic|Spore|p1a: Dondozo\n|-message|Sleep Clause Mod activated.\n|-hint|Sleep Clause Mod prevents players from putting more than one of their opponent's Pok\u00e9mon to sleep at a time\n|move|p1a: Dondozo|Curse|p1a: Dondozo\n|-unboost|p1a: Dondozo|spe|1\n|-boost|p1a: Dondozo|atk|1\n|-boost|p1a: Dondozo|def|1\n|\n|upkeep\n|turn|14\n|\n|t:|1701078864\n|move|p2a: Shiinotic|Leech Seed|p1a: Dondozo\n|-start|p1a: Dondozo|move: Leech Seed\n|move|p1a: Dondozo|Curse|p1a: Dondozo\n|-unboost|p1a: Dondozo|spe|1\n|-boost|p1a: Dondozo|atk|1\n|-boost|p1a: Dondozo|def|1\n|\n|-damage|p1a: Dondozo|88\/100|[from] Leech Seed|[of] p2a: Shiinotic\n|-heal|p2a: Shiinotic|99\/100|[silent]\n|upkeep\n|turn|15\n|\n|t:|1701078868\n|move|p2a: Shiinotic|Giga Drain|p1a: Dondozo\n|-supereffective|p1a: Dondozo\n|-damage|p1a: Dondozo|39\/100\n|-heal|p2a: Shiinotic|100\/100|[from] drain|[of] p1a: Dondozo\n|move|p1a: Dondozo|Wave Crash|p2a: Shiinotic\n|-resisted|p2a: Shiinotic\n|-damage|p2a: Shiinotic|34\/100\n|-damage|p1a: Dondozo|25\/100|[from] Recoil\n|\n|-heal|p1a: Dondozo|31\/100|[from] item: Leftovers\n|-damage|p1a: Dondozo|19\/100|[from] Leech Seed|[of] p2a: Shiinotic\n|-heal|p2a: Shiinotic|54\/100|[silent]\n|upkeep\n|turn|16\n|\n|t:|1701078875\n|switch|p1a: Ditto|Ditto|37\/100\n|-transform|p1a: Ditto|p2a: Shiinotic|[from] ability: Imposter\n|move|p2a: Shiinotic|Giga Drain|p1a: Ditto\n|-resisted|p1a: Ditto\n|-damage|p1a: Ditto|26\/100\n|-heal|p2a: Shiinotic|59\/100|[from] drain|[of] p1a: Ditto\n|\n|upkeep\n|turn|17\n|\n|t:|1701078881\n|switch|p2a: Moltres|Moltres-Galar|63\/100 tox\n|move|p1a: Ditto|Strength Sap|p2a: Moltres\n|-unboost|p2a: Moltres|atk|1\n|-heal|p1a: Ditto|79\/100\n|\n|-damage|p2a: Moltres|57\/100 tox|[from] psn\n|upkeep\n|turn|18\n|\n|t:|1701078891\n|switch|p1a: Chansey|Chansey, F|100\/100\n|move|p2a: Moltres|Air Slash|p1a: Chansey\n|-damage|p1a: Chansey|91\/100\n|\n|-damage|p2a: Moltres|44\/100 tox|[from] psn\n|upkeep\n|turn|19\n|\n|t:|1701078897\n|switch|p2a: Gliscor|Gliscor, F|100\/100 tox\n|move|p1a: Chansey|Seismic Toss|p2a: Gliscor\n|-damage|p2a: Gliscor|66\/100 tox\n|\n|-heal|p2a: Gliscor|79\/100 tox|[from] ability: Poison Heal\n|upkeep\n|turn|20\n|\n|t:|1701078910\n|switch|p1a: Alomomola|Alomomola, M|100\/100\n|move|p2a: Gliscor|Earthquake|p1a: Alomomola\n|-crit|p1a: Alomomola\n|-damage|p1a: Alomomola|66\/100\n|\n|-heal|p2a: Gliscor|91\/100 tox|[from] ability: Poison Heal\n|upkeep\n|turn|21\n|\n|t:|1701078915\n|move|p2a: Gliscor|Earthquake|p1a: Alomomola\n|-damage|p1a: Alomomola|42\/100\n|move|p1a: Alomomola|Wish|p1a: Alomomola\n|\n|-heal|p2a: Gliscor|100\/100 tox|[from] ability: Poison Heal\n|upkeep\n|turn|22\n|\n|t:|1701078919\n|move|p2a: Gliscor|Earthquake|p1a: Alomomola\n|-damage|p1a: Alomomola|19\/100\n|move|p1a: Alomomola|Flip Turn|p2a: Gliscor\n|-supereffective|p2a: Gliscor\n|-damage|p2a: Gliscor|71\/100 tox\n|\n|t:|1701078925\n|switch|p1a: Dondozo|Dondozo, F|19\/100|[from] Flip Turn\n|\n|-heal|p1a: Dondozo|72\/100|[from] move: Wish|[wisher] Alomomola\n|-heal|p1a: Dondozo|78\/100|[from] item: Leftovers\n|-heal|p2a: Gliscor|83\/100 tox|[from] ability: Poison Heal\n|upkeep\n|turn|23\n|\n|t:|1701078930\n|switch|p2a: Shiinotic|Shiinotic, M|59\/100\n|move|p1a: Dondozo|Wave Crash|p2a: Shiinotic\n|-resisted|p2a: Shiinotic\n|-damage|p2a: Shiinotic|33\/100\n|-damage|p1a: Dondozo|73\/100|[from] Recoil\n|\n|-heal|p1a: Dondozo|79\/100|[from] item: Leftovers\n|upkeep\n|turn|24\n|\n|t:|1701078943\n|switch|p1a: Ditto|Ditto|79\/100\n|-transform|p1a: Ditto|p2a: Shiinotic|[from] ability: Imposter\n|switch|p2a: Banette|Banette, M|100\/100\n|-item|p1a: Ditto|Choice Scarf|[from] ability: Frisk|[of] p2a: Banette|[identify]\n|\n|upkeep\n|turn|25\n|\n|t:|1701078956\n|switch|p2a: Gliscor|Gliscor, F|83\/100 tox\n|move|p1a: Ditto|Leech Seed|p2a: Gliscor\n|-start|p2a: Gliscor|move: Leech Seed\n|\n|-damage|p2a: Gliscor|71\/100 tox|[from] Leech Seed|[of] p1a: Ditto\n|-heal|p1a: Ditto|91\/100|[silent]\n|-heal|p2a: Gliscor|83\/100 tox|[from] ability: Poison Heal\n|upkeep\n|turn|26\n|\n|t:|1701078963\n|switch|p1a: Dondozo|Dondozo, F|79\/100\n|move|p2a: Gliscor|Dual Wingbeat|p1a: Dondozo\n|-damage|p1a: Dondozo|71\/100\n|-damage|p1a: Dondozo|62\/100\n|-hitcount|p1a: Dondozo|2\n|\n|-heal|p1a: Dondozo|68\/100|[from] item: Leftovers\n|-damage|p2a: Gliscor|71\/100 tox|[from] Leech Seed|[of] p1a: Dondozo\n|-heal|p1a: Dondozo|75\/100|[silent]\n|-heal|p2a: Gliscor|83\/100 tox|[from] ability: Poison Heal\n|upkeep\n|turn|27\n|\n|t:|1701078969\n|move|p2a: Gliscor|Earthquake|p1a: Dondozo\n|-damage|p1a: Dondozo|54\/100\n|move|p1a: Dondozo|Wave Crash|p2a: Gliscor\n|-supereffective|p2a: Gliscor\n|-damage|p2a: Gliscor|9\/100 tox\n|-damage|p1a: Dondozo|40\/100|[from] Recoil\n|\n|-heal|p1a: Dondozo|46\/100|[from] item: Leftovers\n|-damage|p2a: Gliscor|0 fnt|[from] Leech Seed|[of] p1a: Dondozo\n|-heal|p1a: Dondozo|51\/100|[silent]\n|faint|p2a: Gliscor\n|upkeep\n|\n|t:|1701078985\n|switch|p2a: Shiinotic|Shiinotic, M|33\/100\n|turn|28\n|\n|t:|1701078999\n|switch|p2a: Moltres|Moltres-Galar|44\/100 tox\n|move|p1a: Dondozo|Wave Crash|p2a: Moltres\n|-damage|p2a: Moltres|0 fnt\n|faint|p2a: Moltres\n|-damage|p1a: Dondozo|42\/100|[from] Recoil\n|\n|-heal|p1a: Dondozo|48\/100|[from] item: Leftovers\n|upkeep\n|\n|t:|1701079007\n|switch|p2a: Shiinotic|Shiinotic, M|33\/100\n|turn|29\n|\n|t:|1701079010\n|move|p1a: Dondozo|Wave Crash|p2a: Shiinotic\n|-resisted|p2a: Shiinotic\n|-damage|p2a: Shiinotic|5\/100\n|-damage|p1a: Dondozo|42\/100|[from] Recoil\n|move|p2a: Shiinotic|Giga Drain|p1a: Dondozo\n|-supereffective|p1a: Dondozo\n|-damage|p1a: Dondozo|0 fnt\n|-heal|p2a: Shiinotic|38\/100|[from] drain|[of] p1a: Dondozo\n|faint|p1a: Dondozo\n|\n|upkeep\n|\n|t:|1701079023\n|switch|p1a: Corsola|Corsola-Galar, M|71\/100 slp\n|turn|30\n|\n|t:|1701079030\n|move|p2a: Shiinotic|Leech Seed|p1a: Corsola\n|-start|p1a: Corsola|move: Leech Seed\n|-curestatus|p1a: Corsola|slp|[msg]\n|move|p1a: Corsola|Whirlpool|p2a: Shiinotic\n|-resisted|p2a: Shiinotic\n|-damage|p2a: Shiinotic|36\/100\n|-activate|p2a: Shiinotic|move: Whirlpool|[of] p1a: Corsola\n|\n|-damage|p1a: Corsola|59\/100|[from] Leech Seed|[of] p2a: Shiinotic\n|-heal|p2a: Shiinotic|48\/100|[silent]\n|-damage|p2a: Shiinotic|36\/100|[from] move: Whirlpool|[partiallytrapped]\n|upkeep\n|turn|31\n|\n|t:|1701079041\n|switch|p1a: Ditto|Ditto|91\/100\n|-transform|p1a: Ditto|p2a: Shiinotic|[from] ability: Imposter\n|move|p2a: Shiinotic|Spore|p1a: Ditto\n|-immune|p1a: Ditto\n|\n|-end|p2a: Shiinotic|Whirlpool|[partiallytrapped]|[silent]\n|upkeep\n|turn|32\n|\n|t:|1701079055\n|switch|p2a: Toxapex|Toxapex, F|100\/100\n|move|p1a: Ditto|Leech Seed|p2a: Toxapex\n|-start|p2a: Toxapex|move: Leech Seed\n|\n|-damage|p2a: Toxapex|88\/100|[from] Leech Seed|[of] p1a: Ditto\n|-heal|p1a: Ditto|100\/100|[silent]\n|upkeep\n|turn|33\n|\n|t:|1701079061\n|switch|p1a: Gliscor|Gliscor, F|84\/100 tox\n|move|p2a: Toxapex|Scald|p1a: Gliscor\n|-supereffective|p1a: Gliscor\n|-damage|p1a: Gliscor|42\/100 tox\n|\n|-damage|p2a: Toxapex|76\/100|[from] Leech Seed|[of] p1a: Gliscor\n|-heal|p1a: Gliscor|53\/100 tox|[silent]\n|-heal|p1a: Gliscor|65\/100 tox|[from] ability: Poison Heal\n|upkeep\n|turn|34\n|\n|t:|1701079067\n|move|p1a: Gliscor|Earthquake|p2a: Toxapex\n|-supereffective|p2a: Toxapex\n|-damage|p2a: Toxapex|38\/100\n|move|p2a: Toxapex|Scald|p1a: Gliscor\n|-supereffective|p1a: Gliscor\n|-damage|p1a: Gliscor|22\/100 tox\n|\n|-damage|p2a: Toxapex|26\/100|[from] Leech Seed|[of] p1a: Gliscor\n|-heal|p1a: Gliscor|33\/100 tox|[silent]\n|-heal|p1a: Gliscor|45\/100 tox|[from] ability: Poison Heal\n|upkeep\n|turn|35\n|\n|t:|1701079078\n|-terastallize|p2a: Toxapex|Flying\n|move|p1a: Gliscor|Protect|p1a: Gliscor\n|-singleturn|p1a: Gliscor|Protect\n|move|p2a: Toxapex|Scald|p1a: Gliscor\n|-activate|p1a: Gliscor|move: Protect\n|\n|-damage|p2a: Toxapex|13\/100|[from] Leech Seed|[of] p1a: Gliscor\n|-heal|p1a: Gliscor|56\/100 tox|[silent]\n|-heal|p1a: Gliscor|68\/100 tox|[from] ability: Poison Heal\n|upkeep\n|turn|36\n|\n|t:|1701079091\n|switch|p1a: Ditto|Ditto|100\/100\n|-transform|p1a: Ditto|p2a: Toxapex|[from] ability: Imposter\n|switch|p2a: Shiinotic|Shiinotic, M|36\/100\n|\n|upkeep\n|-start|p1a: Ditto|typechange|Poison\/Water|[silent]\n|turn|37\n|\n|t:|1701079109\n|switch|p1a: Gliscor|Gliscor, F|68\/100 tox\n|move|p2a: Shiinotic|Leech Seed|p1a: Gliscor\n|-start|p1a: Gliscor|move: Leech Seed\n|\n|-damage|p1a: Gliscor|56\/100 tox|[from] Leech Seed|[of] p2a: Shiinotic\n|-heal|p2a: Shiinotic|49\/100|[silent]\n|-heal|p1a: Gliscor|68\/100 tox|[from] ability: Poison Heal\n|upkeep\n|turn|38\n|j| supig\n|\n|t:|1701079117\n|move|p1a: Gliscor|Toxic|p2a: Shiinotic\n|-status|p2a: Shiinotic|tox\n|move|p2a: Shiinotic|Strength Sap|p1a: Gliscor\n|-unboost|p1a: Gliscor|atk|1\n|-heal|p2a: Shiinotic|100\/100 tox\n|\n|-damage|p1a: Gliscor|56\/100 tox|[from] Leech Seed|[of] p2a: Shiinotic\n|-heal|p1a: Gliscor|68\/100 tox|[from] ability: Poison Heal\n|-damage|p2a: Shiinotic|94\/100 tox|[from] psn\n|upkeep\n|turn|39\n|\n|t:|1701079126\n|switch|p1a: Corsola|Corsola-Galar, M|59\/100\n|switch|p2a: Toxapex|Toxapex, F, tera:Flying|47\/100\n|\n|upkeep\n|turn|40\n|\n|t:|1701079133\n|move|p2a: Toxapex|Scald|p1a: Corsola\n|-damage|p1a: Corsola|51\/100\n|-start|p2a: Toxapex|Disable|Scald|[from] ability: Cursed Body|[of] p1a: Corsola\n|move|p1a: Corsola|Whirlpool|p2a: Toxapex\n|-damage|p2a: Toxapex|42\/100\n|-activate|p2a: Toxapex|move: Whirlpool|[of] p1a: Corsola\n|\n|-damage|p2a: Toxapex|30\/100|[from] move: Whirlpool|[partiallytrapped]\n|upkeep\n|turn|41\n|\n|t:|1701079142\n|move|p2a: Toxapex|Recover|p2a: Toxapex\n|-heal|p2a: Toxapex|80\/100\n|move|p1a: Corsola|Night Shade|p2a: Toxapex\n|-damage|p2a: Toxapex|47\/100\n|\n|-damage|p2a: Toxapex|34\/100|[from] move: Whirlpool|[partiallytrapped]\n|upkeep\n|turn|42\n|\n|t:|1701079148\n|move|p2a: Toxapex|Recover|p2a: Toxapex\n|-heal|p2a: Toxapex|85\/100\n|move|p1a: Corsola|Will-O-Wisp|p2a: Toxapex\n|-status|p2a: Toxapex|brn\n|\n|-damage|p2a: Toxapex|79\/100 brn|[from] brn\n|-damage|p2a: Toxapex|67\/100 brn|[from] move: Whirlpool|[partiallytrapped]\n|upkeep\n|turn|43\n|\n|t:|1701079153\n|move|p2a: Toxapex|Recover|p2a: Toxapex\n|-heal|p2a: Toxapex|100\/100 brn\n|move|p1a: Corsola|Night Shade|p2a: Toxapex\n|-damage|p2a: Toxapex|67\/100 brn\n|\n|-damage|p2a: Toxapex|62\/100 brn|[from] brn\n|-damage|p2a: Toxapex|49\/100 brn|[from] move: Whirlpool|[partiallytrapped]\n|-end|p2a: Toxapex|Disable\n|upkeep\n|turn|44\n|\n|t:|1701079167\n|move|p2a: Toxapex|Recover|p2a: Toxapex\n|-heal|p2a: Toxapex|99\/100 brn\n|move|p1a: Corsola|Night Shade|p2a: Toxapex\n|-damage|p2a: Toxapex|67\/100 brn\n|\n|-damage|p2a: Toxapex|61\/100 brn|[from] brn\n|-end|p2a: Toxapex|Whirlpool|[partiallytrapped]\n|upkeep\n|turn|45\n|\n|t:|1701079177\n|switch|p2a: Banette|Banette, M|100\/100\n|-item|p1a: Corsola|Eviolite|[from] ability: Frisk|[of] p2a: Banette|[identify]\n|move|p1a: Corsola|Whirlpool|p2a: Banette\n|-damage|p2a: Banette|92\/100\n|-activate|p2a: Banette|move: Whirlpool|[of] p1a: Corsola\n|\n|-damage|p2a: Banette|80\/100|[from] move: Whirlpool|[partiallytrapped]\n|upkeep\n|turn|46\n|\n|t:|1701079183\n|detailschange|p2a: Banette|Banette-Mega, M\n|-mega|p2a: Banette|Banette|Banettite\n|move|p2a: Banette|Knock Off|p1a: Corsola\n|-supereffective|p1a: Corsola\n|-damage|p1a: Corsola|0 fnt\n|-enditem|p1a: Corsola|Eviolite|[from] move: Knock Off|[of] p2a: Banette\n|faint|p1a: Corsola\n|\n|-end|p2a: Banette|Whirlpool|[partiallytrapped]|[silent]\n|upkeep\n|l| supig\n|\n|t:|1701079189\n|switch|p1a: Ditto|Ditto|100\/100\n|-transform|p1a: Ditto|p2a: Banette|[from] ability: Imposter\n|turn|47\n|\n|t:|1701079199\n|move|p2a: Banette|Destiny Bond|p2a: Banette\n|-singlemove|p2a: Banette|Destiny Bond\n|move|p1a: Ditto|Knock Off|p2a: Banette\n|-supereffective|p2a: Banette\n|-damage|p2a: Banette|0 fnt\n|faint|p2a: Banette\n|-activate|p2a: Banette|move: Destiny Bond\n|faint|p1a: Ditto\n|\n|upkeep\n|\n|t:|1701079208\n|switch|p2a: Ting-Lu|Ting-Lu|100\/100\n|switch|p1a: Gliscor|Gliscor, F|68\/100 tox\n|-ability|p2a: Ting-Lu|Vessel of Ruin\n|turn|48\n|\n|t:|1701079215\n|move|p1a: Gliscor|Toxic|p2a: Ting-Lu\n|-status|p2a: Ting-Lu|tox\n|move|p2a: Ting-Lu|Throat Chop|p1a: Gliscor\n|-damage|p1a: Gliscor|44\/100 tox\n|-start|p1a: Gliscor|Throat Chop|[silent]\n|\n|-heal|p1a: Gliscor|56\/100 tox|[from] ability: Poison Heal\n|-damage|p2a: Ting-Lu|94\/100 tox|[from] psn\n|upkeep\n|turn|49\n|\n|t:|1701079223\n|switch|p1a: Alomomola|Alomomola, M|53\/100\n|switch|p2a: Toxapex|Toxapex, F, tera:Flying|94\/100 brn\n|\n|-damage|p2a: Toxapex|88\/100 brn|[from] brn\n|upkeep\n|turn|50\n|\n|t:|1701079232\n|move|p1a: Alomomola|Flip Turn|p2a: Toxapex\n|-damage|p2a: Toxapex|79\/100 brn\n|-damage|p1a: Alomomola|36\/100|[from] item: Rocky Helmet|[of] p2a: Toxapex\n|\n|t:|1701079234\n|switch|p1a: Chansey|Chansey, F|91\/100|[from] Flip Turn\n|move|p2a: Toxapex|Scald|p1a: Chansey\n|-damage|p1a: Chansey|86\/100\n|\n|-damage|p2a: Toxapex|73\/100 brn|[from] brn\n|upkeep\n|turn|51\n|\n|t:|1701079238\n|switch|p1a: Alomomola|Alomomola, M|69\/100\n|switch|p2a: Ting-Lu|Ting-Lu|94\/100 tox\n|-ability|p2a: Ting-Lu|Vessel of Ruin\n|\n|-heal|p2a: Ting-Lu|100\/100 tox|[from] item: Leftovers\n|-damage|p2a: Ting-Lu|94\/100 tox|[from] psn\n|upkeep\n|turn|52\n|\n|t:|1701079241\n|switch|p1a: Chansey|Chansey, F|86\/100\n|switch|p2a: Shiinotic|Shiinotic, M|94\/100 tox\n|\n|-damage|p2a: Shiinotic|88\/100 tox|[from] psn\n|upkeep\n|turn|53\n|\n|t:|1701079248\n|switch|p1a: Alomomola|Alomomola, M|100\/100\n|move|p2a: Shiinotic|Leech Seed|p1a: Alomomola\n|-start|p1a: Alomomola|move: Leech Seed\n|\n|-damage|p1a: Alomomola|88\/100|[from] Leech Seed|[of] p2a: Shiinotic\n|-heal|p2a: Shiinotic|100\/100 tox|[silent]\n|-damage|p2a: Shiinotic|88\/100 tox|[from] psn\n|upkeep\n|turn|54\n|\n|t:|1701079255\n|switch|p1a: Gliscor|Gliscor, F|56\/100 tox\n|move|p2a: Shiinotic|Giga Drain|p1a: Gliscor\n|-damage|p1a: Gliscor|26\/100 tox\n|-heal|p2a: Shiinotic|100\/100 tox|[from] drain|[of] p1a: Gliscor\n|\n|-heal|p1a: Gliscor|38\/100 tox|[from] ability: Poison Heal\n|-damage|p2a: Shiinotic|82\/100 tox|[from] psn\n|upkeep\n|turn|55\n|\n|t:|1701079263\n|move|p1a: Gliscor|Protect|p1a: Gliscor\n|-singleturn|p1a: Gliscor|Protect\n|move|p2a: Shiinotic|Strength Sap|p1a: Gliscor\n|-activate|p1a: Gliscor|move: Protect\n|\n|-heal|p1a: Gliscor|51\/100 tox|[from] ability: Poison Heal\n|-damage|p2a: Shiinotic|57\/100 tox|[from] psn\n|upkeep\n|turn|56\n|\n|t:|1701079267\n|switch|p1a: Chansey|Chansey, F|86\/100\n|move|p2a: Shiinotic|Leech Seed|p1a: Chansey\n|-start|p1a: Chansey|move: Leech Seed\n|\n|-damage|p1a: Chansey|73\/100|[from] Leech Seed|[of] p2a: Shiinotic\n|-heal|p2a: Shiinotic|84\/100 tox|[silent]\n|-damage|p2a: Shiinotic|53\/100 tox|[from] psn\n|upkeep\n|turn|57\n|\n|t:|1701079273\n|switch|p1a: Gliscor|Gliscor, F|51\/100 tox\n|move|p2a: Shiinotic|Strength Sap|p1a: Gliscor\n|-unboost|p1a: Gliscor|atk|1\n|-heal|p2a: Shiinotic|100\/100 tox\n|\n|-heal|p1a: Gliscor|63\/100 tox|[from] ability: Poison Heal\n|-damage|p2a: Shiinotic|63\/100 tox|[from] psn\n|upkeep\n|turn|58\n|\n|t:|1701079280\n|switch|p1a: Chansey|Chansey, F|73\/100\n|switch|p2a: Toxapex|Toxapex, F, tera:Flying|100\/100 brn\n|\n|-damage|p2a: Toxapex|95\/100 brn|[from] brn\n|upkeep\n|turn|59\n|\n|t:|1701079285\n|switch|p1a: Gliscor|Gliscor, F|63\/100 tox\n|switch|p2a: Ting-Lu|Ting-Lu|94\/100 tox\n|-ability|p2a: Ting-Lu|Vessel of Ruin\n|\n|-heal|p2a: Ting-Lu|100\/100 tox|[from] item: Leftovers\n|-heal|p1a: Gliscor|76\/100 tox|[from] ability: Poison Heal\n|-damage|p2a: Ting-Lu|94\/100 tox|[from] psn\n|upkeep\n|turn|60\n|\n|t:|1701079288\n|switch|p1a: Chansey|Chansey, F|73\/100\n|move|p2a: Ting-Lu|Body Slam|p1a: Chansey\n|-damage|p1a: Chansey|55\/100\n|\n|-heal|p2a: Ting-Lu|100\/100 tox|[from] item: Leftovers\n|-damage|p2a: Ting-Lu|88\/100 tox|[from] psn\n|upkeep\n|turn|61\n|\n|t:|1701079294\n|switch|p1a: Gliscor|Gliscor, F|76\/100 tox\n|move|p2a: Ting-Lu|Whirlwind|p1a: Gliscor\n|drag|p1a: Chansey|Chansey, F|55\/100\n|\n|-heal|p2a: Ting-Lu|94\/100 tox|[from] item: Leftovers\n|-damage|p2a: Ting-Lu|76\/100 tox|[from] psn\n|upkeep\n|turn|62\n|\n|t:|1701079298\n|switch|p1a: Gliscor|Gliscor, F|76\/100 tox\n|move|p2a: Ting-Lu|Body Slam|p1a: Gliscor\n|-damage|p1a: Gliscor|59\/100 tox\n|\n|-heal|p2a: Ting-Lu|82\/100 tox|[from] item: Leftovers\n|-heal|p1a: Gliscor|71\/100 tox|[from] ability: Poison Heal\n|-damage|p2a: Ting-Lu|57\/100 tox|[from] psn\n|upkeep\n|turn|63\n|\n|t:|1701079301\n|switch|p1a: Chansey|Chansey, F|55\/100\n|switch|p2a: Toxapex|Toxapex, F, tera:Flying|100\/100 brn\n|\n|-damage|p2a: Toxapex|95\/100 brn|[from] brn\n|upkeep\n|turn|64\n|\n|t:|1701079303\n|switch|p1a: Gliscor|Gliscor, F|71\/100 tox\n|move|p2a: Toxapex|Scald|p1a: Gliscor\n|-supereffective|p1a: Gliscor\n|-damage|p1a: Gliscor|27\/100 tox\n|\n|-heal|p1a: Gliscor|39\/100 tox|[from] ability: Poison Heal\n|-damage|p2a: Toxapex|89\/100 brn|[from] brn\n|upkeep\n|turn|65\n|\n|t:|1701079311\n|switch|p1a: Alomomola|Alomomola, M|100\/100\n|move|p2a: Toxapex|Recover|p2a: Toxapex\n|-heal|p2a: Toxapex|100\/100 brn\n|\n|-damage|p2a: Toxapex|95\/100 brn|[from] brn\n|upkeep\n|turn|66\n|\n|t:|1701079313\n|switch|p1a: Chansey|Chansey, F|55\/100\n|move|p2a: Toxapex|Scald|p1a: Chansey\n|-damage|p1a: Chansey|50\/100\n|\n|-damage|p2a: Toxapex|89\/100 brn|[from] brn\n|upkeep\n|turn|67\n|\n|t:|1701079317\n|move|p1a: Chansey|Soft-Boiled|p1a: Chansey\n|-heal|p1a: Chansey|99\/100\n|move|p2a: Toxapex|Scald|p1a: Chansey\n|-damage|p1a: Chansey|95\/100\n|-status|p1a: Chansey|brn\n|\n|-damage|p1a: Chansey|88\/100 brn|[from] brn\n|-damage|p2a: Toxapex|83\/100 brn|[from] brn\n|upkeep\n|turn|68\n|\n|t:|1701079320\n|-curestatus|p1a: Chansey|brn|[from] ability: Natural Cure\n|switch|p1a: Alomomola|Alomomola, M|100\/100\n|move|p2a: Toxapex|Scald|p1a: Alomomola\n|-resisted|p1a: Alomomola\n|-damage|p1a: Alomomola|91\/100\n|\n|-damage|p2a: Toxapex|77\/100 brn|[from] brn\n|upkeep\n|turn|69\n|\n|t:|1701079323\n|switch|p1a: Chansey|Chansey, F|88\/100\n|move|p2a: Toxapex|Scald|p1a: Chansey\n|-damage|p1a: Chansey|83\/100\n|\n|-damage|p2a: Toxapex|71\/100 brn|[from] brn\n|upkeep\n|turn|70\n|\n|t:|1701079326\n|switch|p1a: Alomomola|Alomomola, M|100\/100\n|move|p2a: Toxapex|Scald|p1a: Alomomola\n|-resisted|p1a: Alomomola\n|-damage|p1a: Alomomola|91\/100\n|\n|-damage|p2a: Toxapex|65\/100 brn|[from] brn\n|upkeep\n|turn|71\n|\n|t:|1701079329\n|switch|p1a: Chansey|Chansey, F|83\/100\n|move|p2a: Toxapex|Scald|p1a: Chansey\n|-damage|p1a: Chansey|78\/100\n|-status|p1a: Chansey|brn\n|\n|-damage|p1a: Chansey|71\/100 brn|[from] brn\n|-damage|p2a: Toxapex|59\/100 brn|[from] brn\n|upkeep\n|turn|72\n|\n|t:|1701079335\n|-curestatus|p1a: Chansey|brn|[from] ability: Natural Cure\n|switch|p1a: Alomomola|Alomomola, M|100\/100\n|move|p2a: Toxapex|Recover|p2a: Toxapex\n|-heal|p2a: Toxapex|100\/100 brn\n|\n|-damage|p2a: Toxapex|95\/100 brn|[from] brn\n|upkeep\n|turn|73\n|\n|t:|1701079338\n|switch|p1a: Chansey|Chansey, F|71\/100\n|switch|p2a: Shiinotic|Shiinotic, M|63\/100 tox\n|\n|-damage|p2a: Shiinotic|57\/100 tox|[from] psn\n|upkeep\n|turn|74\n|\n|t:|1701079347\n|switch|p1a: Gliscor|Gliscor, F|39\/100 tox\n|move|p2a: Shiinotic|Spore||[still]\n|-fail|p2a: Shiinotic\n|\n|-heal|p1a: Gliscor|52\/100 tox|[from] ability: Poison Heal\n|-damage|p2a: Shiinotic|45\/100 tox|[from] psn\n|upkeep\n|turn|75\n|\n|t:|1701079355\n|switch|p2a: Toxapex|Toxapex, F, tera:Flying|100\/100 brn\n|move|p1a: Gliscor|Protect||[still]\n|-fail|p1a: Gliscor\n|\n|-heal|p1a: Gliscor|64\/100 tox|[from] ability: Poison Heal\n|-damage|p2a: Toxapex|95\/100 brn|[from] brn\n|upkeep\n|turn|76\n|\n|t:|1701079359\n|switch|p1a: Alomomola|Alomomola, M|100\/100\n|switch|p2a: Shiinotic|Shiinotic, M|45\/100 tox\n|\n|-damage|p2a: Shiinotic|39\/100 tox|[from] psn\n|upkeep\n|turn|77\n|\n|t:|1701079362\n|switch|p1a: Chansey|Chansey, F|71\/100\n|move|p2a: Shiinotic|Leech Seed|p1a: Chansey\n|-start|p1a: Chansey|move: Leech Seed\n|\n|-damage|p1a: Chansey|59\/100|[from] Leech Seed|[of] p2a: Shiinotic\n|-heal|p2a: Shiinotic|66\/100 tox|[silent]\n|-damage|p2a: Shiinotic|53\/100 tox|[from] psn\n|upkeep\n|turn|78\n|\n|t:|1701079366\n|switch|p1a: Alomomola|Alomomola, M|100\/100\n|move|p2a: Shiinotic|Strength Sap|p1a: Alomomola\n|-unboost|p1a: Alomomola|atk|1\n|-heal|p2a: Shiinotic|100\/100 tox\n|\n|-damage|p2a: Shiinotic|82\/100 tox|[from] psn\n|upkeep\n|turn|79\n|\n|t:|1701079370\n|switch|p1a: Chansey|Chansey, F|59\/100\n|move|p2a: Shiinotic|Giga Drain|p1a: Chansey\n|-damage|p1a: Chansey|51\/100\n|-heal|p2a: Shiinotic|91\/100 tox|[from] drain|[of] p1a: Chansey\n|\n|-damage|p2a: Shiinotic|66\/100 tox|[from] psn\n|upkeep\n|turn|80\n|\n|t:|1701079373\n|switch|p1a: Gliscor|Gliscor, F|64\/100 tox\n|move|p2a: Shiinotic|Giga Drain|p1a: Gliscor\n|-damage|p1a: Gliscor|37\/100 tox\n|-heal|p2a: Shiinotic|81\/100 tox|[from] drain|[of] p1a: Gliscor\n|\n|-heal|p1a: Gliscor|49\/100 tox|[from] ability: Poison Heal\n|-damage|p2a: Shiinotic|50\/100 tox|[from] psn\n|upkeep\n|turn|81\n|\n|t:|1701079377\n|switch|p1a: Chansey|Chansey, F|51\/100\n|switch|p2a: Toxapex|Toxapex, F, tera:Flying|100\/100 brn\n|\n|-damage|p2a: Toxapex|95\/100 brn|[from] brn\n|upkeep\n|turn|82\n|\n|t:|1701079380\n|switch|p1a: Gliscor|Gliscor, F|49\/100 tox\n|move|p2a: Toxapex|Scald|p1a: Gliscor\n|-supereffective|p1a: Gliscor\n|-damage|p1a: Gliscor|12\/100 tox\n|\n|-heal|p1a: Gliscor|24\/100 tox|[from] ability: Poison Heal\n|-damage|p2a: Toxapex|89\/100 brn|[from] brn\n|upkeep\n|turn|83\n|\n|t:|1701079385\n|switch|p2a: Shiinotic|Shiinotic, M|50\/100 tox\n|move|p1a: Gliscor|Protect||[still]\n|-fail|p1a: Gliscor\n|\n|-heal|p1a: Gliscor|36\/100 tox|[from] ability: Poison Heal\n|-damage|p2a: Shiinotic|44\/100 tox|[from] psn\n|upkeep\n|turn|84\n|\n|t:|1701079390\n|move|p1a: Gliscor|Protect|p1a: Gliscor\n|-singleturn|p1a: Gliscor|Protect\n|move|p2a: Shiinotic|Giga Drain|p1a: Gliscor\n|-activate|p1a: Gliscor|move: Protect\n|\n|-heal|p1a: Gliscor|49\/100 tox|[from] ability: Poison Heal\n|-damage|p2a: Shiinotic|32\/100 tox|[from] psn\n|upkeep\n|turn|85\n|\n|t:|1701079393\n|switch|p1a: Chansey|Chansey, F|51\/100\n|move|p2a: Shiinotic|Giga Drain|p1a: Chansey\n|-damage|p1a: Chansey|44\/100\n|-heal|p2a: Shiinotic|40\/100 tox|[from] drain|[of] p1a: Chansey\n|\n|-damage|p2a: Shiinotic|21\/100 tox|[from] psn\n|upkeep\n|turn|86\n|\n|t:|1701079397\n|move|p1a: Chansey|Soft-Boiled|p1a: Chansey\n|-heal|p1a: Chansey|94\/100\n|move|p2a: Shiinotic|Leech Seed|p1a: Chansey\n|-start|p1a: Chansey|move: Leech Seed\n|\n|-damage|p1a: Chansey|81\/100|[from] Leech Seed|[of] p2a: Shiinotic\n|-heal|p2a: Shiinotic|48\/100 tox|[silent]\n|-damage|p2a: Shiinotic|24\/100 tox|[from] psn\n|upkeep\n|turn|87\n|\n|t:|1701079405\n|switch|p1a: Gliscor|Gliscor, F|49\/100 tox\n|move|p2a: Shiinotic|Strength Sap|p1a: Gliscor\n|-unboost|p1a: Gliscor|atk|1\n|-heal|p2a: Shiinotic|93\/100 tox\n|\n|-heal|p1a: Gliscor|61\/100 tox|[from] ability: Poison Heal\n|-damage|p2a: Shiinotic|63\/100 tox|[from] psn\n|upkeep\n|turn|88\n|\n|t:|1701079411\n|switch|p1a: Chansey|Chansey, F|81\/100\n|move|p2a: Shiinotic|Leech Seed|p1a: Chansey\n|-start|p1a: Chansey|move: Leech Seed\n|\n|-damage|p1a: Chansey|69\/100|[from] Leech Seed|[of] p2a: Shiinotic\n|-heal|p2a: Shiinotic|89\/100 tox|[silent]\n|-damage|p2a: Shiinotic|52\/100 tox|[from] psn\n|upkeep\n|turn|89\n|\n|t:|1701079413\n|switch|p1a: Gliscor|Gliscor, F|61\/100 tox\n|move|p2a: Shiinotic|Giga Drain|p1a: Gliscor\n|-damage|p1a: Gliscor|33\/100 tox\n|-heal|p2a: Shiinotic|68\/100 tox|[from] drain|[of] p1a: Gliscor\n|\n|-heal|p1a: Gliscor|46\/100 tox|[from] ability: Poison Heal\n|-damage|p2a: Shiinotic|25\/100 tox|[from] psn\n|upkeep\n|turn|90\n|\n|t:|1701079420\n|switch|p1a: Chansey|Chansey, F|69\/100\n|move|p2a: Shiinotic|Strength Sap|p1a: Chansey\n|-unboost|p1a: Chansey|atk|1\n|-heal|p2a: Shiinotic|29\/100 tox\n|\n|-damage|p2a: Shiinotic|0 fnt|[from] psn\n|faint|p2a: Shiinotic\n|upkeep\n|\n|t:|1701079423\n|switch|p2a: Ting-Lu|Ting-Lu|57\/100 tox\n|-ability|p2a: Ting-Lu|Vessel of Ruin\n|turn|91\n|\n|t:|1701079431\n|switch|p1a: Gliscor|Gliscor, F|46\/100 tox\n|move|p2a: Ting-Lu|Body Slam|p1a: Gliscor\n|-damage|p1a: Gliscor|27\/100 tox\n|\n|-heal|p2a: Ting-Lu|63\/100 tox|[from] item: Leftovers\n|-heal|p1a: Gliscor|39\/100 tox|[from] ability: Poison Heal\n|-damage|p2a: Ting-Lu|57\/100 tox|[from] psn\n|upkeep\n|turn|92\n|\n|t:|1701079437\n|move|p1a: Gliscor|Protect|p1a: Gliscor\n|-singleturn|p1a: Gliscor|Protect\n|move|p2a: Ting-Lu|Throat Chop|p1a: Gliscor\n|-activate|p1a: Gliscor|move: Protect\n|\n|-heal|p2a: Ting-Lu|63\/100 tox|[from] item: Leftovers\n|-heal|p1a: Gliscor|52\/100 tox|[from] ability: Poison Heal\n|-damage|p2a: Ting-Lu|51\/100 tox|[from] psn\n|upkeep\n|turn|93\n|\n|t:|1701079440\n|switch|p1a: Alomomola|Alomomola, M|100\/100\n|move|p2a: Ting-Lu|Earthquake|p1a: Alomomola\n|-damage|p1a: Alomomola|76\/100\n|\n|-heal|p2a: Ting-Lu|57\/100 tox|[from] item: Leftovers\n|-damage|p2a: Ting-Lu|38\/100 tox|[from] psn\n|upkeep\n|turn|94\n|\n|t:|1701079444\n|move|p1a: Alomomola|Flip Turn|p2a: Ting-Lu\n|-supereffective|p2a: Ting-Lu\n|-damage|p2a: Ting-Lu|22\/100 tox\n|\n|t:|1701079447\n|switch|p1a: Chansey|Chansey, F|69\/100|[from] Flip Turn\n|move|p2a: Ting-Lu|Body Slam|p1a: Chansey\n|-damage|p1a: Chansey|49\/100\n|-status|p1a: Chansey|par\n|\n|-heal|p2a: Ting-Lu|28\/100 tox|[from] item: Leftovers\n|-damage|p2a: Ting-Lu|3\/100 tox|[from] psn\n|upkeep\n|turn|95\n|\n|t:|1701079466\n|move|p1a: Chansey|Seismic Toss|p2a: Ting-Lu\n|-damage|p2a: Ting-Lu|0 fnt\n|faint|p2a: Ting-Lu\n|\n|upkeep\n|\n|t:|1701079470\n|switch|p2a: Toxapex|Toxapex, F, tera:Flying|100\/100 brn\n|turn|96\n|\n|t:|1701079477\n|-curestatus|p1a: Chansey|par|[from] ability: Natural Cure\n|switch|p1a: Alomomola|Alomomola, M|100\/100\n|move|p2a: Toxapex|Scald|p1a: Alomomola\n|-resisted|p1a: Alomomola\n|-damage|p1a: Alomomola|91\/100\n|-status|p1a: Alomomola|brn\n|\n|-damage|p1a: Alomomola|85\/100 brn|[from] brn\n|-damage|p2a: Toxapex|95\/100 brn|[from] brn\n|upkeep\n|turn|97\n|\n|t:|1701079482\n|switch|p1a: Chansey|Chansey, F|49\/100\n|move|p2a: Toxapex|Scald|p1a: Chansey\n|-damage|p1a: Chansey|44\/100\n|\n|-damage|p2a: Toxapex|89\/100 brn|[from] brn\n|upkeep\n|turn|98\n|\n|t:|1701079486\n|move|p1a: Chansey|Soft-Boiled|p1a: Chansey\n|-heal|p1a: Chansey|94\/100\n|move|p2a: Toxapex|Scald|p1a: Chansey\n|-damage|p1a: Chansey|89\/100\n|\n|-damage|p2a: Toxapex|83\/100 brn|[from] brn\n|upkeep\n|turn|99\n|\n|t:|1701079489\n|switch|p1a: Gliscor|Gliscor, F|52\/100 tox\n|move|p2a: Toxapex|Scald|p1a: Gliscor\n|-supereffective|p1a: Gliscor\n|-damage|p1a: Gliscor|8\/100 tox\n|\n|-heal|p1a: Gliscor|20\/100 tox|[from] ability: Poison Heal\n|-damage|p2a: Toxapex|77\/100 brn|[from] brn\n|upkeep\n|turn|100\n|\n|t:|1701079496\n|switch|p1a: Alomomola|Alomomola, M|100\/100 brn\n|move|p2a: Toxapex|Baneful Bunker||[still]\n|-fail|p2a: Toxapex\n|\n|-damage|p1a: Alomomola|94\/100 brn|[from] brn\n|-damage|p2a: Toxapex|71\/100 brn|[from] brn\n|upkeep\n|turn|101\n|\n|t:|1701079498\n|switch|p1a: Chansey|Chansey, F|89\/100\n|move|p2a: Toxapex|Scald|p1a: Chansey\n|-damage|p1a: Chansey|84\/100\n|\n|-damage|p2a: Toxapex|65\/100 brn|[from] brn\n|upkeep\n|turn|102\n|\n|t:|1701079501\n|switch|p1a: Alomomola|Alomomola, M|100\/100 brn\n|move|p2a: Toxapex|Scald|p1a: Alomomola\n|-resisted|p1a: Alomomola\n|-damage|p1a: Alomomola|92\/100 brn\n|\n|-damage|p1a: Alomomola|85\/100 brn|[from] brn\n|-damage|p2a: Toxapex|59\/100 brn|[from] brn\n|upkeep\n|turn|103\n|\n|t:|1701079503\n|switch|p1a: Chansey|Chansey, F|84\/100\n|move|p2a: Toxapex|Scald|p1a: Chansey\n|-damage|p1a: Chansey|79\/100\n|-status|p1a: Chansey|brn\n|\n|-damage|p1a: Chansey|73\/100 brn|[from] brn\n|-damage|p2a: Toxapex|53\/100 brn|[from] brn\n|upkeep\n|turn|104\n|\n|t:|1701079506\n|-curestatus|p1a: Chansey|brn|[from] ability: Natural Cure\n|switch|p1a: Alomomola|Alomomola, M|100\/100 brn\n|move|p2a: Toxapex|Scald|p1a: Alomomola\n|-resisted|p1a: Alomomola\n|-damage|p1a: Alomomola|90\/100 brn\n|\n|-damage|p1a: Alomomola|84\/100 brn|[from] brn\n|-damage|p2a: Toxapex|47\/100 brn|[from] brn\n|upkeep\n|turn|105\n|\n|t:|1701079508\n|switch|p1a: Chansey|Chansey, F|73\/100\n|move|p2a: Toxapex|Scald|p1a: Chansey\n|-damage|p1a: Chansey|68\/100\n|\n|-damage|p2a: Toxapex|41\/100 brn|[from] brn\n|upkeep\n|turn|106\n|\n|t:|1701079514\n|switch|p1a: Alomomola|Alomomola, M|100\/100 brn\n|move|p2a: Toxapex|Scald|p1a: Alomomola\n|-resisted|p1a: Alomomola\n|-damage|p1a: Alomomola|91\/100 brn\n|\n|-damage|p1a: Alomomola|85\/100 brn|[from] brn\n|-damage|p2a: Toxapex|35\/100 brn|[from] brn\n|upkeep\n|turn|107\n|\n|t:|1701079528\n|switch|p1a: Chansey|Chansey, F|68\/100\n|move|p2a: Toxapex|Recover|p2a: Toxapex\n|-heal|p2a: Toxapex|85\/100 brn\n|\n|-damage|p2a: Toxapex|79\/100 brn|[from] brn\n|upkeep\n|turn|108\n|\n|t:|1701079531\n|switch|p1a: Alomomola|Alomomola, M|100\/100 brn\n|move|p2a: Toxapex|Scald|p1a: Alomomola\n|-resisted|p1a: Alomomola\n|-damage|p1a: Alomomola|90\/100 brn\n|\n|-damage|p1a: Alomomola|84\/100 brn|[from] brn\n|-damage|p2a: Toxapex|73\/100 brn|[from] brn\n|upkeep\n|turn|109\n|\n|t:|1701079538\n|switch|p1a: Chansey|Chansey, F|68\/100\n|move|p2a: Toxapex|Baneful Bunker||[still]\n|-fail|p2a: Toxapex\n|\n|-damage|p2a: Toxapex|67\/100 brn|[from] brn\n|upkeep\n|turn|110\n|\n|t:|1701079541\n|switch|p1a: Alomomola|Alomomola, M|100\/100 brn\n|move|p2a: Toxapex|Haze|p2a: Toxapex\n|-clearallboost\n|\n|-damage|p1a: Alomomola|94\/100 brn|[from] brn\n|-damage|p2a: Toxapex|62\/100 brn|[from] brn\n|upkeep\n|turn|111\n|\n|t:|1701079544\n|switch|p1a: Chansey|Chansey, F|68\/100\n|move|p2a: Toxapex|Baneful Bunker||[still]\n|-fail|p2a: Toxapex\n|\n|-damage|p2a: Toxapex|56\/100 brn|[from] brn\n|upkeep\n|turn|112\n|\n|t:|1701079546\n|switch|p1a: Alomomola|Alomomola, M|100\/100 brn\n|move|p2a: Toxapex|Haze|p2a: Toxapex\n|-clearallboost\n|\n|-damage|p1a: Alomomola|94\/100 brn|[from] brn\n|-damage|p2a: Toxapex|50\/100 brn|[from] brn\n|upkeep\n|turn|113\n|\n|t:|1701079550\n|switch|p1a: Chansey|Chansey, F|68\/100\n|move|p2a: Toxapex|Recover|p2a: Toxapex\n|-heal|p2a: Toxapex|99\/100 brn\n|\n|-damage|p2a: Toxapex|94\/100 brn|[from] brn\n|upkeep\n|turn|114\n|c|\u2606EscapedOrangutan|damn you must be real fun at parties\n|\n|t:|1701079564\n|switch|p1a: Alomomola|Alomomola, M|100\/100 brn\n|move|p2a: Toxapex|Baneful Bunker||[still]\n|-fail|p2a: Toxapex\n|\n|-damage|p1a: Alomomola|94\/100 brn|[from] brn\n|-damage|p2a: Toxapex|88\/100 brn|[from] brn\n|upkeep\n|turn|115\n|\n|t:|1701079567\n|switch|p1a: Chansey|Chansey, F|68\/100\n|move|p2a: Toxapex|Haze|p2a: Toxapex\n|-clearallboost\n|\n|-damage|p2a: Toxapex|82\/100 brn|[from] brn\n|upkeep\n|turn|116\n|\n|t:|1701079569\n|move|p2a: Toxapex|Baneful Bunker|p2a: Toxapex\n|-singleturn|p2a: Toxapex|move: Protect\n|move|p1a: Chansey|Seismic Toss|p2a: Toxapex\n|-activate|p2a: Toxapex|move: Protect\n|-status|p1a: Chansey|psn\n|\n|-damage|p1a: Chansey|56\/100 psn|[from] psn\n|-damage|p2a: Toxapex|76\/100 brn|[from] brn\n|upkeep\n|turn|117\n|\n|t:|1701079573\n|-curestatus|p1a: Chansey|psn|[from] ability: Natural Cure\n|switch|p1a: Alomomola|Alomomola, M|100\/100 brn\n|move|p2a: Toxapex|Haze|p2a: Toxapex\n|-clearallboost\n|\n|-damage|p1a: Alomomola|94\/100 brn|[from] brn\n|-damage|p2a: Toxapex|70\/100 brn|[from] brn\n|upkeep\n|turn|118\n|\n|t:|1701079577\n|switch|p1a: Chansey|Chansey, F|56\/100\n|move|p2a: Toxapex|Baneful Bunker||[still]\n|-fail|p2a: Toxapex\n|\n|-damage|p2a: Toxapex|64\/100 brn|[from] brn\n|upkeep\n|turn|119\n|\n|t:|1701079580\n|switch|p1a: Alomomola|Alomomola, M|100\/100 brn\n|move|p2a: Toxapex|Baneful Bunker||[still]\n|-fail|p2a: Toxapex\n|\n|-damage|p1a: Alomomola|94\/100 brn|[from] brn\n|-damage|p2a: Toxapex|58\/100 brn|[from] brn\n|upkeep\n|turn|120\n|\n|t:|1701079583\n|switch|p1a: Chansey|Chansey, F|56\/100\n|move|p2a: Toxapex|Haze|p2a: Toxapex\n|-clearallboost\n|\n|-damage|p2a: Toxapex|52\/100 brn|[from] brn\n|upkeep\n|turn|121\n|\n|t:|1701079586\n|switch|p1a: Alomomola|Alomomola, M|100\/100 brn\n|move|p2a: Toxapex|Haze|p2a: Toxapex\n|-clearallboost\n|\n|-damage|p1a: Alomomola|94\/100 brn|[from] brn\n|-damage|p2a: Toxapex|46\/100 brn|[from] brn\n|upkeep\n|turn|122\n|\n|t:|1701079588\n|switch|p1a: Chansey|Chansey, F|56\/100\n|move|p2a: Toxapex|Haze|p2a: Toxapex\n|-clearallboost\n|\n|-damage|p2a: Toxapex|40\/100 brn|[from] brn\n|upkeep\n|turn|123\n|\n|t:|1701079590\n|switch|p1a: Alomomola|Alomomola, M|100\/100 brn\n|move|p2a: Toxapex|Haze|p2a: Toxapex\n|-clearallboost\n|\n|-damage|p1a: Alomomola|94\/100 brn|[from] brn\n|-damage|p2a: Toxapex|34\/100 brn|[from] brn\n|upkeep\n|turn|124\n|\n|t:|1701079592\n|switch|p1a: Chansey|Chansey, F|56\/100\n|move|p2a: Toxapex|Haze|p2a: Toxapex\n|-clearallboost\n|\n|-damage|p2a: Toxapex|29\/100 brn|[from] brn\n|upkeep\n|turn|125\n|\n|t:|1701079594\n|switch|p1a: Alomomola|Alomomola, M|100\/100 brn\n|move|p2a: Toxapex|Haze|p2a: Toxapex\n|-clearallboost\n|\n|-damage|p1a: Alomomola|94\/100 brn|[from] brn\n|-damage|p2a: Toxapex|23\/100 brn|[from] brn\n|upkeep\n|turn|126\n|j| qazserfvgyujnko\n|\n|t:|1701079597\n|switch|p1a: Chansey|Chansey, F|56\/100\n|move|p2a: Toxapex|Haze|p2a: Toxapex\n|-clearallboost\n|\n|-damage|p2a: Toxapex|17\/100 brn|[from] brn\n|upkeep\n|turn|127\n|\n|t:|1701079604\n|switch|p1a: Alomomola|Alomomola, M|100\/100 brn\n|move|p2a: Toxapex|Haze|p2a: Toxapex\n|-clearallboost\n|\n|-damage|p1a: Alomomola|94\/100 brn|[from] brn\n|-damage|p2a: Toxapex|11\/100 brn|[from] brn\n|upkeep\n|turn|128\n|c| qazserfvgyujnko|\u719f\u6089\u7684\u961f\u4f0d\n|inactive|EscapedOrangutan has 120 seconds left.\n|j| QuagsireCaesar\n|inactive|EscapedOrangutan has 90 seconds left.\n|l| qazserfvgyujnko\n|inactive|EscapedOrangutan has 60 seconds left.\n|j| YouXudu\n|j| qazserfvgyujnko\n|inactive|EscapedOrangutan has 30 seconds left.\n|inactive|EscapedOrangutan has 20 seconds left.\n|j| Nowhereman0221\n|inactive|EscapedOrangutan has 15 seconds left.\n|l| Nowhereman0221\n|inactive|EscapedOrangutan has 10 seconds left.\n|inactive|EscapedOrangutan has 5 seconds left.\n|\n|t:|1701079750\n|switch|p1a: Chansey|Chansey, F|56\/100\n|move|p2a: Toxapex|Baneful Bunker||[still]\n|-fail|p2a: Toxapex\n|\n|-damage|p2a: Toxapex|5\/100 brn|[from] brn\n|upkeep\n|turn|129\n|inactive|EscapedOrangutan has 10 seconds left this turn.\n|inactive|EscapedOrangutan has 5 seconds left.\n|\n|t:|1701079755\n|switch|p1a: Alomomola|Alomomola, M|100\/100 brn\n|move|p2a: Toxapex|Haze|p2a: Toxapex\n|-clearallboost\n|\n|-damage|p1a: Alomomola|94\/100 brn|[from] brn\n|-damage|p2a: Toxapex|0 fnt|[from] brn\n|faint|p2a: Toxapex\n|\n|win|Serena1111\n|upkeep\n|inactive|EscapedOrangutan has 10 seconds left this turn.\n|raw|Serena1111's rating: 1232 &rarr; <strong>1252<\/strong><br \/>(+20 for winning)\n|raw|EscapedOrangutan's rating: 1168 &rarr; <strong>1148<\/strong><br \/>(-20 for losing)\n","uploadtime":1701079763,"views":2,"p1id":"serena1111","p2id":"escapedorangutan","formatid":"gen9nationaldex","rating":1148,"private":0,"password":""}