{"id":"gen9nationaldex-1996781181","p1":"Bohabi","p2":"vladisfaction","format":"[Gen 9] National Dex","log":"|html|<div class=\"broadcast-blue\"><strong>[Gen 9] National Dex is currently suspecting Sneasler! For information on how to participate check out the <a href=\"https:\/\/www.smogon.com\/forums\/threads\/sv-national-dex-suspect-8-just-dance.3731534\/\">suspect thread<\/a>.<\/strong><\/div>\n|j|\u2606Bohabi\n|j|\u2606vladisfaction\n|t:|1700724255\n|gametype|singles\n|player|p1|Bohabi|cyrus|1508\n|player|p2|vladisfaction|1|1397\n|teamsize|p1|6\n|teamsize|p2|6\n|gen|9\n|tier|[Gen 9] National Dex\n|rated|\n|rule|HP Percentage Mod: HP is shown in percentages\n|rule|Endless Battle Clause: Forcing endless battles is banned\n|rule|OHKO Clause: OHKO moves are banned\n|rule|Evasion Clause: Evasion abilities, items, and moves are banned\n|rule|Evasion Abilities Clause: Evasion abilities are banned\n|rule|Evasion Items Clause: Evasion items are banned\n|rule|Evasion Moves Clause: Evasion moves are banned\n|rule|Species Clause: Limit one of each Pok\u00e9mon\n|rule|Sleep Clause Mod: Limit one foe put to sleep\n|clearpoke\n|poke|p1|Mawile, M|\n|poke|p1|Heatran, M|\n|poke|p1|Tapu Koko|\n|poke|p1|Iron Valiant|\n|poke|p1|Landorus-Therian, M|\n|poke|p1|Ferrothorn, F|\n|poke|p2|Samurott-Hisui, F|\n|poke|p2|Gliscor, M|\n|poke|p2|Venusaur, M|\n|poke|p2|Skeledirge, M|\n|poke|p2|Blissey, F|\n|poke|p2|Slowbro, F|\n|teampreview\n|inactive|Battle timer is ON: inactive players will automatically lose when time's up. (requested by Bohabi)\n|\n|t:|1700724261\n|start\n|switch|p1a: Landorus|Landorus-Therian, M|100\/100\n|switch|p2a: Venice|Gliscor, M|100\/100\n|-ability|p1a: Landorus|Intimidate|boost\n|-unboost|p2a: Venice|atk|1\n|turn|1\n|\n|t:|1700724270\n|move|p1a: Landorus|U-turn|p2a: Venice\n|-resisted|p2a: Venice\n|-damage|p2a: Venice|90\/100\n|\n|t:|1700724273\n|switch|p1a: Ferrothorn|Ferrothorn, F|100\/100|[from] U-turn\n|move|p2a: Venice|Stealth Rock|p1a: Ferrothorn\n|-sidestart|p1: Bohabi|move: Stealth Rock\n|\n|-status|p2a: Venice|tox|[from] item: Toxic Orb\n|upkeep\n|turn|2\n|\n|t:|1700724283\n|switch|p2a: Gorf|Venusaur, M, shiny|100\/100\n|move|p1a: Ferrothorn|Leech Seed|p2a: Gorf\n|-immune|p2a: Gorf\n|\n|upkeep\n|turn|3\n|\n|t:|1700724289\n|detailschange|p2a: Gorf|Venusaur-Mega, M, shiny\n|-mega|p2a: Gorf|Venusaur|Venusaurite\n|move|p2a: Gorf|Hidden Power|p1a: Ferrothorn\n|-supereffective|p1a: Ferrothorn\n|-damage|p1a: Ferrothorn|46\/100\n|move|p1a: Ferrothorn|Stealth Rock|p2a: Gorf\n|-sidestart|p2: vladisfaction|move: Stealth Rock\n|\n|upkeep\n|turn|4\n|\n|t:|1700724298\n|switch|p1a: Heatran|Heatran, M|100\/100\n|-damage|p1a: Heatran|88\/100|[from] Stealth Rock\n|move|p2a: Gorf|Hidden Power|p1a: Heatran\n|-start|p1a: Heatran|ability: Flash Fire\n|\n|-heal|p1a: Heatran|94\/100|[from] item: Leftovers\n|upkeep\n|turn|5\n|\n|t:|1700724308\n|move|p2a: Gorf|Earth Power|p1a: Heatran\n|-supereffective|p1a: Heatran\n|-damage|p1a: Heatran|23\/100\n|move|p1a: Heatran|Magma Storm|p2a: Gorf\n|-supereffective|p2a: Gorf\n|-damage|p2a: Gorf|44\/100\n|-activate|p2a: Gorf|move: Magma Storm|[of] p1a: Heatran\n|\n|-heal|p1a: Heatran|29\/100|[from] item: Leftovers\n|-damage|p2a: Gorf|32\/100|[from] move: Magma Storm|[partiallytrapped]\n|upkeep\n|turn|6\n|\n|t:|1700724319\n|-end|p1a: Heatran|ability: Flash Fire|[silent]\n|switch|p1a: Landorus|Landorus-Therian, M|100\/100\n|-damage|p1a: Landorus|88\/100|[from] Stealth Rock\n|-ability|p1a: Landorus|Intimidate|boost\n|-unboost|p2a: Gorf|atk|1\n|move|p2a: Gorf|Giga Drain|p1a: Landorus\n|-crit|p1a: Landorus\n|-damage|p1a: Landorus|27\/100\n|-heal|p2a: Gorf|59\/100|[from] drain|[of] p1a: Landorus\n|\n|-end|p2a: Gorf|Magma Storm|[partiallytrapped]|[silent]\n|upkeep\n|turn|7\n|\n|t:|1700724331\n|move|p1a: Landorus|U-turn|p2a: Gorf\n|-damage|p2a: Gorf|43\/100\n|\n|t:|1700724337\n|switch|p1a: Tapu Koko|Tapu Koko|100\/100|[from] U-turn\n|-damage|p1a: Tapu Koko|88\/100|[from] Stealth Rock\n|-fieldstart|move: Electric Terrain|[from] ability: Electric Surge|[of] p1a: Tapu Koko\n|move|p2a: Gorf|Giga Drain|p1a: Tapu Koko\n|-damage|p1a: Tapu Koko|43\/100\n|-heal|p2a: Gorf|61\/100|[from] drain|[of] p1a: Tapu Koko\n|\n|upkeep\n|turn|8\n|\n|t:|1700724348\n|move|p1a: Tapu Koko|U-turn|p2a: Gorf\n|-damage|p2a: Gorf|51\/100\n|\n|t:|1700724351\n|switch|p1a: Mawile|Mawile, M|100\/100|[from] U-turn\n|-damage|p1a: Mawile|95\/100|[from] Stealth Rock\n|-ability|p1a: Mawile|Intimidate|boost\n|-unboost|p2a: Gorf|atk|1\n|move|p2a: Gorf|Giga Drain|p1a: Mawile\n|-resisted|p1a: Mawile\n|-damage|p1a: Mawile|67\/100\n|-heal|p2a: Gorf|62\/100|[from] drain|[of] p1a: Mawile\n|\n|upkeep\n|turn|9\n|\n|t:|1700724365\n|detailschange|p1a: Mawile|Mawile-Mega, M\n|-mega|p1a: Mawile|Mawile|Mawilite\n|move|p1a: Mawile|Sucker Punch||[still]\n|-fail|p1a: Mawile\n|move|p2a: Gorf|Synthesis|p2a: Gorf\n|-heal|p2a: Gorf|100\/100\n|\n|upkeep\n|turn|10\n|\n|t:|1700724372\n|move|p2a: Gorf|Earth Power|p1a: Mawile\n|-supereffective|p1a: Mawile\n|-damage|p1a: Mawile|6\/100\n|move|p1a: Mawile|Swords Dance|p1a: Mawile\n|-boost|p1a: Mawile|atk|2\n|\n|upkeep\n|turn|11\n|\n|t:|1700724399\n|move|p1a: Mawile|Sucker Punch|p2a: Gorf\n|-damage|p2a: Gorf|40\/100\n|move|p2a: Gorf|Hidden Power|p1a: Mawile\n|-supereffective|p1a: Mawile\n|-damage|p1a: Mawile|0 fnt\n|faint|p1a: Mawile\n|\n|upkeep\n|\n|t:|1700724407\n|switch|p1a: Iron Valiant|Iron Valiant|100\/100\n|-damage|p1a: Iron Valiant|94\/100|[from] Stealth Rock\n|-activate|p1a: Iron Valiant|ability: Quark Drive\n|-start|p1a: Iron Valiant|quarkdrivespe\n|turn|12\n|\n|t:|1700724420\n|switch|p2a: Venice|Gliscor, M|90\/100 tox\n|-damage|p2a: Venice|77\/100 tox|[from] Stealth Rock\n|move|p1a: Iron Valiant|Psyshock|p2a: Venice\n|-damage|p2a: Venice|52\/100 tox\n|-damage|p1a: Iron Valiant|85\/100|[from] item: Life Orb\n|\n|-heal|p2a: Venice|65\/100 tox|[from] ability: Poison Heal\n|upkeep\n|turn|13\n|\n|t:|1700724431\n|move|p1a: Iron Valiant|Moonblast|p2a: Venice\n|-damage|p2a: Venice|16\/100 tox\n|-damage|p1a: Iron Valiant|75\/100|[from] item: Life Orb\n|move|p2a: Venice|Toxic|p1a: Iron Valiant\n|-status|p1a: Iron Valiant|tox\n|\n|-damage|p1a: Iron Valiant|69\/100 tox|[from] psn\n|-heal|p2a: Venice|28\/100 tox|[from] ability: Poison Heal\n|upkeep\n|turn|14\n|\n|t:|1700724442\n|switch|p2a: Big Mom|Blissey, F|100\/100\n|move|p1a: Iron Valiant|Close Combat|p2a: Big Mom\n|-supereffective|p2a: Big Mom\n|-damage|p2a: Big Mom|0 fnt\n|-unboost|p1a: Iron Valiant|def|1\n|-unboost|p1a: Iron Valiant|spd|1\n|faint|p2a: Big Mom\n|-damage|p1a: Iron Valiant|59\/100 tox|[from] item: Life Orb\n|\n|-damage|p1a: Iron Valiant|47\/100 tox|[from] psn\n|-fieldend|move: Electric Terrain\n|-end|p1a: Iron Valiant|Quark Drive\n|upkeep\n|\n|t:|1700724447\n|switch|p2a: Slowbro|Slowbro, F, shiny|100\/100\n|turn|15\n|\n|t:|1700724462\n|-end|p1a: Iron Valiant|Quark Drive|[silent]\n|switch|p1a: Tapu Koko|Tapu Koko|43\/100\n|-damage|p1a: Tapu Koko|30\/100|[from] Stealth Rock\n|-fieldstart|move: Electric Terrain|[from] ability: Electric Surge|[of] p1a: Tapu Koko\n|move|p2a: Slowbro|Slack Off||[still]\n|-fail|p2a: Slowbro|heal\n|\n|upkeep\n|turn|16\n|\n|t:|1700724471\n|switch|p2a: Venice|Gliscor, M|28\/100 tox\n|-damage|p2a: Venice|16\/100 tox|[from] Stealth Rock\n|move|p1a: Tapu Koko|U-turn|p2a: Venice\n|-resisted|p2a: Venice\n|-damage|p2a: Venice|10\/100 tox\n|\n|t:|1700724477\n|switch|p1a: Landorus|Landorus-Therian, M|27\/100|[from] U-turn\n|-damage|p1a: Landorus|15\/100|[from] Stealth Rock\n|-ability|p1a: Landorus|Intimidate|boost\n|-unboost|p2a: Venice|atk|1\n|\n|-heal|p2a: Venice|22\/100 tox|[from] ability: Poison Heal\n|upkeep\n|turn|17\n|\n|t:|1700724496\n|move|p1a: Landorus|U-turn|p2a: Venice\n|-resisted|p2a: Venice\n|-damage|p2a: Venice|12\/100 tox\n|\n|t:|1700724500\n|switch|p1a: Ferrothorn|Ferrothorn, F|46\/100|[from] U-turn\n|-damage|p1a: Ferrothorn|40\/100|[from] Stealth Rock\n|move|p2a: Venice|Roost|p2a: Venice\n|-heal|p2a: Venice|62\/100 tox\n|-singleturn|p2a: Venice|move: Roost\n|\n|-heal|p2a: Venice|75\/100 tox|[from] ability: Poison Heal\n|upkeep\n|turn|18\n|\n|t:|1700724514\n|move|p2a: Venice|Earthquake|p1a: Ferrothorn\n|-damage|p1a: Ferrothorn|28\/100\n|move|p1a: Ferrothorn|Leech Seed|p2a: Venice\n|-start|p2a: Venice|move: Leech Seed\n|\n|-damage|p2a: Venice|62\/100 tox|[from] Leech Seed|[of] p1a: Ferrothorn\n|-heal|p1a: Ferrothorn|40\/100|[silent]\n|-heal|p2a: Venice|75\/100 tox|[from] ability: Poison Heal\n|upkeep\n|turn|19\n|\n|t:|1700724523\n|switch|p2a: Gorf|Venusaur-Mega, M, shiny|40\/100\n|-damage|p2a: Gorf|28\/100|[from] Stealth Rock\n|switch|p1a: Iron Valiant|Iron Valiant|47\/100 tox\n|-damage|p1a: Iron Valiant|40\/100 tox|[from] Stealth Rock\n|-activate|p1a: Iron Valiant|ability: Quark Drive\n|-start|p1a: Iron Valiant|quarkdrivespe\n|\n|-damage|p1a: Iron Valiant|34\/100 tox|[from] psn\n|upkeep\n|turn|20\n|\n|t:|1700724539\n|switch|p2a: Vrazy|Samurott-Hisui, F, shiny|100\/100\n|-damage|p2a: Vrazy|88\/100|[from] Stealth Rock\n|move|p1a: Iron Valiant|Thunderbolt|p2a: Vrazy\n|-supereffective|p2a: Vrazy\n|-damage|p2a: Vrazy|0 fnt\n|faint|p2a: Vrazy\n|-damage|p1a: Iron Valiant|24\/100 tox|[from] item: Life Orb\n|\n|-damage|p1a: Iron Valiant|12\/100 tox|[from] psn\n|upkeep\n|\n|t:|1700724547\n|switch|p2a: Slowbro|Slowbro, F, shiny|100\/100\n|turn|21\n|\n|t:|1700724553\n|move|p2a: Slowbro|Protect|p2a: Slowbro\n|-singleturn|p2a: Slowbro|Protect\n|move|p1a: Iron Valiant|Thunderbolt|p2a: Slowbro\n|-activate|p2a: Slowbro|move: Protect\n|\n|-damage|p1a: Iron Valiant|0 fnt|[from] psn\n|faint|p1a: Iron Valiant\n|-end|p1a: Iron Valiant|Quark Drive|[silent]\n|upkeep\n|\n|t:|1700724562\n|switch|p1a: Tapu Koko|Tapu Koko|30\/100\n|-damage|p1a: Tapu Koko|18\/100|[from] Stealth Rock\n|turn|22\n|\n|t:|1700724570\n|move|p1a: Tapu Koko|Hidden Power|p2a: Slowbro\n|-resisted|p2a: Slowbro\n|-damage|p2a: Slowbro|91\/100\n|move|p2a: Slowbro|Slack Off|p2a: Slowbro\n|-heal|p2a: Slowbro|100\/100\n|\n|-fieldend|move: Electric Terrain\n|upkeep\n|turn|23\n|\n|t:|1700724579\n|move|p1a: Tapu Koko|Thunderbolt|p2a: Slowbro\n|-supereffective|p2a: Slowbro\n|-damage|p2a: Slowbro|24\/100\n|move|p2a: Slowbro|Scald|p1a: Tapu Koko\n|-damage|p1a: Tapu Koko|0 fnt\n|faint|p1a: Tapu Koko\n|\n|upkeep\n|\n|t:|1700724592\n|switch|p1a: Ferrothorn|Ferrothorn, F|40\/100\n|-damage|p1a: Ferrothorn|34\/100|[from] Stealth Rock\n|turn|24\n|\n|t:|1700724605\n|move|p2a: Slowbro|Slack Off|p2a: Slowbro\n|-heal|p2a: Slowbro|74\/100\n|move|p1a: Ferrothorn|Knock Off|p2a: Slowbro\n|-supereffective|p2a: Slowbro\n|-damage|p2a: Slowbro|49\/100\n|-enditem|p2a: Slowbro|Heavy-Duty Boots|[from] move: Knock Off|[of] p1a: Ferrothorn\n|\n|upkeep\n|turn|25\n|\n|t:|1700724616\n|move|p2a: Slowbro|Scald|p1a: Ferrothorn\n|-resisted|p1a: Ferrothorn\n|-damage|p1a: Ferrothorn|21\/100\n|move|p1a: Ferrothorn|Leech Seed|p2a: Slowbro\n|-start|p2a: Slowbro|move: Leech Seed\n|\n|-damage|p2a: Slowbro|37\/100|[from] Leech Seed|[of] p1a: Ferrothorn\n|-heal|p1a: Ferrothorn|35\/100|[silent]\n|upkeep\n|turn|26\n|\n|t:|1700724626\n|switch|p2a: California|Skeledirge, M|100\/100\n|switch|p1a: Heatran|Heatran, M|29\/100\n|-damage|p1a: Heatran|17\/100|[from] Stealth Rock\n|\n|-heal|p1a: Heatran|23\/100|[from] item: Leftovers\n|upkeep\n|turn|27\n|\n|t:|1700724638\n|move|p1a: Heatran|Earth Power|p2a: California\n|-supereffective|p2a: California\n|-damage|p2a: California|45\/100\n|move|p2a: California|Hex|p1a: Heatran\n|-damage|p1a: Heatran|7\/100\n|\n|-heal|p1a: Heatran|13\/100|[from] item: Leftovers\n|upkeep\n|turn|28\n|\n|t:|1700724655\n|switch|p2a: Venice|Gliscor, M|75\/100 tox\n|-damage|p2a: Venice|62\/100 tox|[from] Stealth Rock\n|move|p1a: Heatran|Magma Storm|p2a: Venice|[miss]\n|-miss|p1a: Heatran|p2a: Venice\n|\n|-heal|p1a: Heatran|19\/100|[from] item: Leftovers\n|-heal|p2a: Venice|75\/100 tox|[from] ability: Poison Heal\n|upkeep\n|turn|29\n|\n|t:|1700724671\n|switch|p1a: Ferrothorn|Ferrothorn, F|35\/100\n|-damage|p1a: Ferrothorn|29\/100|[from] Stealth Rock\n|move|p2a: Venice|Earthquake|p1a: Ferrothorn\n|-damage|p1a: Ferrothorn|11\/100\n|\n|-heal|p2a: Venice|87\/100 tox|[from] ability: Poison Heal\n|upkeep\n|turn|30\n|j| NoShowerChallenge\n|\n|t:|1700724683\n|move|p2a: Venice|Earthquake|p1a: Ferrothorn\n|-damage|p1a: Ferrothorn|0 fnt\n|faint|p1a: Ferrothorn\n|\n|-heal|p2a: Venice|99\/100 tox|[from] ability: Poison Heal\n|upkeep\n|\n|t:|1700724692\n|switch|p1a: Landorus|Landorus-Therian, M|15\/100\n|-damage|p1a: Landorus|2\/100|[from] Stealth Rock\n|-ability|p1a: Landorus|Intimidate|boost\n|-unboost|p2a: Venice|atk|1\n|turn|31\n|-message|Bohabi forfeited.\n|\n|win|vladisfaction\n|raw|Bohabi's rating: 1508 &rarr; <strong>1482<\/strong><br \/>(-26 for losing)\n|raw|vladisfaction's rating: 1397 &rarr; <strong>1423<\/strong><br \/>(+26 for winning)\n|l|\u2606Bohabi\n|c|\u2606vladisfaction|gg\n|c| NoShowerChallenge|w\n","uploadtime":1700724711,"views":3,"p1id":"bohabi","p2id":"vladisfaction","formatid":"gen9nationaldex","rating":1423,"private":0,"password":""}