{"id":"gen9nationaldex-1994312671","p1":"galajan8989","p2":"Nofeck","format":"[Gen 9] National Dex","log":"|j|\u2606galajan8989\n|j|\u2606Nofeck\n|t:|1700429940\n|gametype|singles\n|player|p1|galajan8989|giovanni|\n|player|p2|Nofeck|brycenman|\n|teamsize|p1|6\n|teamsize|p2|6\n|gen|9\n|tier|[Gen 9] National Dex\n|rule|HP Percentage Mod: HP is shown in percentages\n|rule|Endless Battle Clause: Forcing endless battles is banned\n|rule|OHKO Clause: OHKO moves are banned\n|rule|Evasion Clause: Evasion abilities, items, and moves are banned\n|rule|Evasion Abilities Clause: Evasion abilities are banned\n|rule|Evasion Items Clause: Evasion items are banned\n|rule|Evasion Moves Clause: Evasion moves are banned\n|rule|Species Clause: Limit one of each Pok\u00e9mon\n|rule|Sleep Clause Mod: Limit one foe put to sleep\n|clearpoke\n|poke|p1|Talonflame, F|\n|poke|p1|Umbreon, F|\n|poke|p1|Crawdaunt, M|\n|poke|p1|Iron Valiant|\n|poke|p1|Gardevoir, M|\n|poke|p1|Quagsire, F|\n|poke|p2|Solrock|\n|poke|p2|Kartana|\n|poke|p2|Virizion|\n|poke|p2|Mew|\n|poke|p2|Armaldo, M|\n|poke|p2|Gastrodon, M|\n|teampreview\n|\n|t:|1700429957\n|start\n|switch|p1a: Umbreon|Umbreon, F|100\/100\n|switch|p2a: Solrock|Solrock|100\/100\n|turn|1\n|\n|t:|1700429967\n|move|p2a: Solrock|Stealth Rock|p1a: Umbreon\n|-sidestart|p1: galajan8989|move: Stealth Rock\n|move|p1a: Umbreon|Foul Play|p2a: Solrock\n|-supereffective|p2a: Solrock\n|-damage|p2a: Solrock|21\/100\n|\n|upkeep\n|turn|2\n|\n|t:|1700429976\n|move|p2a: Solrock|Pain Split|p1a: Umbreon\n|-sethp|p1a: Umbreon|59\/100|[from] move: Pain Split|[silent]\n|-sethp|p2a: Solrock|72\/100|[from] move: Pain Split\n|move|p1a: Umbreon|Wish|p1a: Umbreon\n|\n|-heal|p1a: Umbreon|65\/100|[from] item: Leftovers\n|upkeep\n|turn|3\n|\n|t:|1700429987\n|move|p1a: Umbreon|Protect|p1a: Umbreon\n|-singleturn|p1a: Umbreon|Protect\n|move|p2a: Solrock|Pain Split|p1a: Umbreon\n|-activate|p1a: Umbreon|move: Protect\n|\n|-heal|p1a: Umbreon|100\/100|[from] move: Wish|[wisher] Umbreon\n|upkeep\n|turn|4\n|\n|t:|1700429997\n|move|p2a: Solrock|Pain Split|p1a: Umbreon\n|-sethp|p1a: Umbreon|80\/100|[from] move: Pain Split|[silent]\n|-sethp|p2a: Solrock|98\/100|[from] move: Pain Split\n|move|p1a: Umbreon|Foul Play|p2a: Solrock\n|-supereffective|p2a: Solrock\n|-damage|p2a: Solrock|17\/100\n|\n|-heal|p1a: Umbreon|86\/100|[from] item: Leftovers\n|upkeep\n|turn|5\n|\n|t:|1700430006\n|move|p2a: Solrock|Pain Split|p1a: Umbreon\n|-sethp|p1a: Umbreon|50\/100|[from] move: Pain Split|[silent]\n|-sethp|p2a: Solrock|61\/100|[from] move: Pain Split\n|move|p1a: Umbreon|Foul Play|p2a: Solrock\n|-supereffective|p2a: Solrock\n|-damage|p2a: Solrock|0 fnt\n|faint|p2a: Solrock\n|\n|-heal|p1a: Umbreon|56\/100|[from] item: Leftovers\n|upkeep\n|\n|t:|1700430019\n|switch|p2a: Kartana|Kartana|100\/100\n|turn|6\n|\n|t:|1700430035\n|move|p2a: Kartana|Leaf Blade|p1a: Umbreon\n|-damage|p1a: Umbreon|6\/100\n|move|p1a: Umbreon|Wish|p1a: Umbreon\n|\n|-heal|p1a: Umbreon|12\/100|[from] item: Leftovers\n|upkeep\n|turn|7\n|\n|t:|1700430044\n|move|p1a: Umbreon|Protect|p1a: Umbreon\n|-singleturn|p1a: Umbreon|Protect\n|move|p2a: Kartana|Leaf Blade|p1a: Umbreon\n|-activate|p1a: Umbreon|move: Protect\n|\n|-heal|p1a: Umbreon|62\/100|[from] move: Wish|[wisher] Umbreon\n|-heal|p1a: Umbreon|68\/100|[from] item: Leftovers\n|upkeep\n|turn|8\n|\n|t:|1700430054\n|switch|p1a: Talonflame|Talonflame, F|100\/100\n|move|p2a: Kartana|Leaf Blade|p1a: Talonflame\n|-resisted|p1a: Talonflame\n|-damage|p1a: Talonflame|81\/100\n|\n|upkeep\n|turn|9\n|\n|t:|1700430065\n|switch|p2a: Gastrodon|Gastrodon, M|100\/100\n|move|p1a: Talonflame|Flare Blitz|p2a: Gastrodon\n|-resisted|p2a: Gastrodon\n|-damage|p2a: Gastrodon|89\/100\n|-damage|p1a: Talonflame|77\/100|[from] Recoil\n|\n|-heal|p2a: Gastrodon|95\/100|[from] item: Leftovers\n|upkeep\n|turn|10\n|\n|t:|1700430077\n|switch|p1a: Umbreon|Umbreon, F|68\/100\n|-damage|p1a: Umbreon|56\/100|[from] Stealth Rock\n|move|p2a: Gastrodon|Yawn|p1a: Umbreon\n|-start|p1a: Umbreon|move: Yawn|[of] p2a: Gastrodon\n|\n|-heal|p1a: Umbreon|62\/100|[from] item: Leftovers\n|-heal|p2a: Gastrodon|100\/100|[from] item: Leftovers\n|upkeep\n|turn|11\n|\n|t:|1700430091\n|switch|p1a: Quagsire|Quagsire, F|100\/100\n|-damage|p1a: Quagsire|94\/100|[from] Stealth Rock\n|move|p2a: Gastrodon|Earth Power|p1a: Quagsire\n|-damage|p1a: Quagsire|61\/100\n|\n|-heal|p1a: Quagsire|67\/100|[from] item: Leftovers\n|upkeep\n|turn|12\n|\n|t:|1700430108\n|move|p2a: Gastrodon|Yawn|p1a: Quagsire\n|-start|p1a: Quagsire|move: Yawn|[of] p2a: Gastrodon\n|move|p1a: Quagsire|Toxic|p2a: Gastrodon|[miss]\n|-miss|p1a: Quagsire|p2a: Gastrodon\n|\n|-heal|p1a: Quagsire|73\/100|[from] item: Leftovers\n|upkeep\n|turn|13\n|\n|t:|1700430122\n|switch|p2a: Kartana|Kartana|100\/100\n|switch|p1a: Umbreon|Umbreon, F|62\/100\n|-damage|p1a: Umbreon|49\/100|[from] Stealth Rock\n|\n|-heal|p1a: Umbreon|55\/100|[from] item: Leftovers\n|upkeep\n|turn|14\n|\n|t:|1700430131\n|move|p2a: Kartana|X-Scissor|p1a: Umbreon\n|-supereffective|p1a: Umbreon\n|-damage|p1a: Umbreon|0 fnt\n|faint|p1a: Umbreon\n|-ability|p2a: Kartana|Beast Boost|boost\n|-boost|p2a: Kartana|atk|1\n|\n|upkeep\n|\n|t:|1700430139\n|switch|p1a: Gardevoir|Gardevoir, M|100\/100\n|-damage|p1a: Gardevoir|88\/100|[from] Stealth Rock\n|-ability|p1a: Gardevoir|Beast Boost|[from] ability: Trace|[of] p2a: Kartana\n|turn|15\n|\n|t:|1700430147\n|detailschange|p1a: Gardevoir|Gardevoir-Mega, M\n|-mega|p1a: Gardevoir|Gardevoir|Gardevoirite\n|move|p2a: Kartana|X-Scissor|p1a: Gardevoir\n|-damage|p1a: Gardevoir|0 fnt\n|faint|p1a: Gardevoir\n|-ability|p2a: Kartana|Beast Boost|boost\n|-boost|p2a: Kartana|atk|1\n|\n|upkeep\n|\n|t:|1700430155\n|switch|p1a: Talonflame|Talonflame, F|77\/100\n|turn|16\n|\n|t:|1700430171\n|move|p2a: Kartana|X-Scissor|p1a: Talonflame\n|-resisted|p1a: Talonflame\n|-damage|p1a: Talonflame|54\/100\n|move|p1a: Talonflame|Flare Blitz|p2a: Kartana\n|-supereffective|p2a: Kartana\n|-damage|p2a: Kartana|0 fnt\n|faint|p2a: Kartana\n|-damage|p1a: Talonflame|30\/100|[from] Recoil\n|\n|upkeep\n|\n|t:|1700430182\n|switch|p2a: Gastrodon|Gastrodon, M|100\/100\n|turn|17\n|\n|t:|1700430191\n|move|p1a: Talonflame|Roost|p1a: Talonflame\n|-heal|p1a: Talonflame|80\/100\n|-singleturn|p1a: Talonflame|move: Roost\n|move|p2a: Gastrodon|Yawn|p1a: Talonflame\n|-start|p1a: Talonflame|move: Yawn|[of] p2a: Gastrodon\n|\n|upkeep\n|turn|18\n|\n|t:|1700430205\n|switch|p1a: Quagsire|Quagsire, F|73\/100\n|-damage|p1a: Quagsire|67\/100|[from] Stealth Rock\n|move|p2a: Gastrodon|Yawn|p1a: Quagsire\n|-start|p1a: Quagsire|move: Yawn|[of] p2a: Gastrodon\n|\n|-heal|p1a: Quagsire|73\/100|[from] item: Leftovers\n|upkeep\n|turn|19\n|\n|t:|1700430216\n|move|p2a: Gastrodon|Earth Power|p1a: Quagsire\n|-crit|p1a: Quagsire\n|-damage|p1a: Quagsire|22\/100\n|move|p1a: Quagsire|Toxic|p2a: Gastrodon\n|-status|p2a: Gastrodon|tox\n|\n|-heal|p1a: Quagsire|28\/100|[from] item: Leftovers\n|-damage|p2a: Gastrodon|94\/100 tox|[from] psn\n|-end|p1a: Quagsire|move: Yawn|[silent]\n|-status|p1a: Quagsire|slp\n|upkeep\n|turn|20\n|\n|t:|1700430234\n|move|p2a: Gastrodon|Scald|p1a: Quagsire\n|-damage|p1a: Quagsire|0 fnt\n|faint|p1a: Quagsire\n|\n|-heal|p2a: Gastrodon|100\/100 tox|[from] item: Leftovers\n|-damage|p2a: Gastrodon|88\/100 tox|[from] psn\n|upkeep\n|\n|t:|1700430252\n|switch|p1a: Crawdaunt|Crawdaunt, M|100\/100\n|-damage|p1a: Crawdaunt|88\/100|[from] Stealth Rock\n|turn|21\n|\n|t:|1700430257\n|move|p1a: Crawdaunt|Swords Dance|p1a: Crawdaunt\n|-boost|p1a: Crawdaunt|atk|2\n|move|p2a: Gastrodon|Yawn|p1a: Crawdaunt\n|-start|p1a: Crawdaunt|move: Yawn|[of] p2a: Gastrodon\n|\n|-heal|p2a: Gastrodon|94\/100 tox|[from] item: Leftovers\n|-damage|p2a: Gastrodon|76\/100 tox|[from] psn\n|upkeep\n|turn|22\n|\n|t:|1700430269\n|move|p1a: Crawdaunt|Knock Off|p2a: Gastrodon\n|-damage|p2a: Gastrodon|0 fnt\n|-enditem|p2a: Gastrodon|Leftovers|[from] move: Knock Off|[of] p1a: Crawdaunt\n|faint|p2a: Gastrodon\n|\n|-end|p1a: Crawdaunt|move: Yawn|[silent]\n|-status|p1a: Crawdaunt|slp\n|upkeep\n|\n|t:|1700430282\n|switch|p2a: Armaldo|Armaldo, M|100\/100\n|turn|23\n|\n|t:|1700430288\n|cant|p1a: Crawdaunt|slp\n|move|p2a: Armaldo|X-Scissor|p1a: Crawdaunt\n|-supereffective|p1a: Crawdaunt\n|-damage|p1a: Crawdaunt|0 fnt\n|faint|p1a: Crawdaunt\n|-damage|p2a: Armaldo|91\/100|[from] item: Life Orb\n|\n|upkeep\n|\n|t:|1700430291\n|switch|p1a: Iron Valiant|Iron Valiant|100\/100\n|-damage|p1a: Iron Valiant|94\/100|[from] Stealth Rock\n|-enditem|p1a: Iron Valiant|Booster Energy\n|-activate|p1a: Iron Valiant|ability: Quark Drive|[fromitem]\n|-start|p1a: Iron Valiant|quarkdrivespe\n|turn|24\n|\n|t:|1700430312\n|move|p1a: Iron Valiant|Swords Dance|p1a: Iron Valiant\n|-boost|p1a: Iron Valiant|atk|2\n|move|p2a: Armaldo|Earthquake|p1a: Iron Valiant\n|-damage|p1a: Iron Valiant|31\/100\n|-damage|p2a: Armaldo|81\/100|[from] item: Life Orb\n|\n|upkeep\n|turn|25\n|\n|t:|1700430321\n|move|p2a: Armaldo|Aqua Jet|p1a: Iron Valiant\n|-damage|p1a: Iron Valiant|5\/100\n|-damage|p2a: Armaldo|71\/100|[from] item: Life Orb\n|move|p1a: Iron Valiant|Drain Punch|p2a: Armaldo\n|-damage|p2a: Armaldo|0 fnt\n|-heal|p1a: Iron Valiant|49\/100|[from] drain|[of] p2a: Armaldo\n|faint|p2a: Armaldo\n|\n|upkeep\n|\n|t:|1700430336\n|switch|p2a: Mew|Mew|100\/100\n|turn|26\n|\n|t:|1700430344\n|move|p2a: Mew|Fake Out|p1a: Iron Valiant\n|-damage|p1a: Iron Valiant|33\/100\n|cant|p1a: Iron Valiant|flinch\n|\n|upkeep\n|turn|27\n|\n|t:|1700430355\n|move|p1a: Iron Valiant|Spirit Break|p2a: Mew\n|-damage|p2a: Mew|34\/100\n|-unboost|p2a: Mew|spa|1\n|move|p2a: Mew|Acrobatics|p1a: Iron Valiant\n|-supereffective|p1a: Iron Valiant\n|-damage|p1a: Iron Valiant|0 fnt\n|faint|p1a: Iron Valiant\n|-end|p1a: Iron Valiant|Quark Drive|[silent]\n|\n|upkeep\n|\n|t:|1700430359\n|switch|p1a: Talonflame|Talonflame, F|80\/100\n|turn|28\n|\n|t:|1700430370\n|move|p1a: Talonflame|Brave Bird|p2a: Mew\n|-damage|p2a: Mew|4\/100\n|-damage|p1a: Talonflame|69\/100|[from] Recoil\n|move|p2a: Mew|Gunk Shot|p1a: Talonflame\n|-damage|p1a: Talonflame|26\/100\n|\n|upkeep\n|turn|29\n|\n|t:|1700430379\n|move|p1a: Talonflame|Flare Blitz|p2a: Mew\n|-damage|p2a: Mew|0 fnt\n|faint|p2a: Mew\n|-damage|p1a: Talonflame|25\/100|[from] Recoil\n|\n|upkeep\n|\n|t:|1700430385\n|switch|p2a: Virizion|Virizion|100\/100\n|turn|30\n|\n|t:|1700430389\n|move|p2a: Virizion|Protect|p2a: Virizion\n|-singleturn|p2a: Virizion|Protect\n|move|p1a: Talonflame|Brave Bird|p2a: Virizion\n|-activate|p2a: Virizion|move: Protect\n|\n|upkeep\n|turn|31\n|\n|t:|1700430395\n|move|p1a: Talonflame|Brave Bird|p2a: Virizion\n|-supereffective|p2a: Virizion\n|-crit|p2a: Virizion\n|-damage|p2a: Virizion|0 fnt\n|faint|p2a: Virizion\n|-damage|p1a: Talonflame|0 fnt|[from] Recoil\n|faint|p1a: Talonflame\n|\n|win|galajan8989\n|c|\u2606galajan8989|Gg\n|c|\u2606Nofeck|gg\n|l|\u2606Nofeck\n","uploadtime":1700430406,"views":10,"p1id":"galajan8989","p2id":"nofeck","formatid":"gen9nationaldex","rating":0,"private":0,"password":""}