{"id":"gen9nationaldex-1999830494","p1":"archiezero","p2":"Misa Misa sz","format":"[Gen 9] National Dex","log":"|html|<div class=\"broadcast-blue\"><strong>[Gen 9] National Dex is currently suspecting Sneasler! For information on how to participate check out the <a href=\"https:\/\/www.smogon.com\/forums\/threads\/sv-national-dex-suspect-8-just-dance.3731534\/\">suspect thread<\/a>.<\/strong><\/div>\n|j|\u2606archiezero\n|j|\u2606Misa Misa sz\n|t:|1701120722\n|gametype|singles\n|player|p1|archiezero|plasmagrunt-gen5bw|\n|player|p2|Misa Misa sz|elesa|\n|teamsize|p1|6\n|teamsize|p2|6\n|gen|9\n|tier|[Gen 9] National Dex\n|rule|HP Percentage Mod: HP is shown in percentages\n|rule|Endless Battle Clause: Forcing endless battles is banned\n|rule|OHKO Clause: OHKO moves are banned\n|rule|Evasion Clause: Evasion abilities, items, and moves are banned\n|rule|Evasion Abilities Clause: Evasion abilities are banned\n|rule|Evasion Items Clause: Evasion items are banned\n|rule|Evasion Moves Clause: Evasion moves are banned\n|rule|Species Clause: Limit one of each Pok\u00e9mon\n|rule|Sleep Clause Mod: Limit one foe put to sleep\n|clearpoke\n|poke|p1|Krookodile, M|\n|poke|p1|Hydreigon, F|\n|poke|p1|Scolipede, M|\n|poke|p1|Magnezone|\n|poke|p1|Bisharp, M|\n|poke|p1|Seismitoad, M|\n|poke|p2|Salazzle, F|\n|poke|p2|Toxapex, F|\n|poke|p2|Lurantis, F|\n|poke|p2|Golisopod, M|\n|poke|p2|Gengar, F|\n|poke|p2|Muk-Alola, F|\n|teampreview\n|\n|t:|1701120768\n|start\n|switch|p1a: Grogodilo|Krookodile, M|100\/100\n|switch|p2a: Soraya|Salazzle, F, shiny|100\/100\n|-ability|p1a: Grogodilo|Intimidate|boost\n|-unboost|p2a: Soraya|atk|1\n|turn|1\n|\n|t:|1701120794\n|move|p2a: Soraya|Toxic|p1a: Grogodilo\n|-status|p1a: Grogodilo|tox\n|move|p1a: Grogodilo|Stealth Rock|p2a: Soraya\n|-sidestart|p2: Misa Misa sz|move: Stealth Rock\n|\n|-damage|p1a: Grogodilo|95\/100 tox|[from] psn\n|upkeep\n|turn|2\n|\n|t:|1701120803\n|move|p2a: Soraya|Protect|p2a: Soraya\n|-singleturn|p2a: Soraya|Protect\n|move|p1a: Grogodilo|Knock Off|p2a: Soraya\n|-activate|p2a: Soraya|move: Protect\n|\n|-heal|p1a: Grogodilo|100\/100 tox|[from] item: Leftovers\n|-damage|p1a: Grogodilo|89\/100 tox|[from] psn\n|upkeep\n|turn|3\n|\n|t:|1701120835\n|move|p2a: Soraya|Sludge Bomb|p1a: Grogodilo\n|-resisted|p1a: Grogodilo\n|-damage|p1a: Grogodilo|59\/100 tox\n|move|p1a: Grogodilo|Earthquake|p2a: Soraya\n|-supereffective|p2a: Soraya\n|-damage|p2a: Soraya|0 fnt\n|faint|p2a: Soraya\n|\n|-heal|p1a: Grogodilo|65\/100 tox|[from] item: Leftovers\n|-damage|p1a: Grogodilo|47\/100 tox|[from] psn\n|upkeep\n|\n|t:|1701120844\n|switch|p2a: Gigi (Gilete)|Lurantis, F|100\/100\n|-damage|p2a: Gigi (Gilete)|88\/100|[from] Stealth Rock\n|turn|4\n|\n|t:|1701120852\n|move|p1a: Grogodilo|Taunt|p2a: Gigi (Gilete)\n|-start|p2a: Gigi (Gilete)|move: Taunt\n|cant|p2a: Gigi (Gilete)|move: Taunt|Defog\n|\n|-heal|p1a: Grogodilo|53\/100 tox|[from] item: Leftovers\n|-damage|p1a: Grogodilo|29\/100 tox|[from] psn\n|upkeep\n|turn|5\n|\n|t:|1701120859\n|move|p1a: Grogodilo|Knock Off|p2a: Gigi (Gilete)\n|-crit|p2a: Gigi (Gilete)\n|-damage|p2a: Gigi (Gilete)|44\/100\n|-enditem|p2a: Gigi (Gilete)|Life Orb|[from] move: Knock Off|[of] p1a: Grogodilo\n|move|p2a: Gigi (Gilete)|Leaf Storm|p1a: Grogodilo\n|-supereffective|p1a: Grogodilo\n|-damage|p1a: Grogodilo|0 fnt\n|-boost|p2a: Gigi (Gilete)|spa|2\n|faint|p1a: Grogodilo\n|\n|upkeep\n|\n|t:|1701120867\n|switch|p1a: Bate forte morre|Scolipede, M, shiny|100\/100\n|turn|6\n|\n|t:|1701120881\n|switch|p2a: Cl\u00e1udia Fusca|Toxapex, F, shiny|100\/100\n|-damage|p2a: Cl\u00e1udia Fusca|88\/100|[from] Stealth Rock\n|move|p1a: Bate forte morre|Poison Jab|p2a: Cl\u00e1udia Fusca\n|-resisted|p2a: Cl\u00e1udia Fusca\n|-damage|p2a: Cl\u00e1udia Fusca|72\/100\n|-damage|p1a: Bate forte morre|84\/100|[from] item: Rocky Helmet|[of] p2a: Cl\u00e1udia Fusca\n|\n|-ability|p1a: Bate forte morre|Speed Boost|boost\n|-boost|p1a: Bate forte morre|spe|1\n|upkeep\n|turn|7\n|\n|t:|1701120890\n|switch|p1a: Disco voador|Magnezone, shiny|100\/100\n|move|p2a: Cl\u00e1udia Fusca|Infestation|p1a: Disco voador\n|-resisted|p1a: Disco voador\n|-damage|p1a: Disco voador|99\/100\n|-activate|p1a: Disco voador|move: Infestation|[of] p2a: Cl\u00e1udia Fusca\n|\n|-damage|p1a: Disco voador|86\/100|[from] move: Infestation|[partiallytrapped]\n|upkeep\n|turn|8\n|\n|t:|1701120906\n|switch|p2a: Gigi (Gilete)|Lurantis, F|44\/100\n|-damage|p2a: Gigi (Gilete)|32\/100|[from] Stealth Rock\n|move|p1a: Disco voador|Volt Switch|p2a: Gigi (Gilete)\n|-resisted|p2a: Gigi (Gilete)\n|-damage|p2a: Gigi (Gilete)|0 fnt\n|faint|p2a: Gigi (Gilete)\n|\n|t:|1701120914\n|switch|p1a: Captain Falcon|Bisharp, M|100\/100|[from] Volt Switch\n|\n|upkeep\n|\n|t:|1701120934\n|switch|p2a: Mademoiselle YGona|Muk-Alola, F, shiny|100\/100\n|-damage|p2a: Mademoiselle YGona|88\/100|[from] Stealth Rock\n|turn|9\n|\n|t:|1701120940\n|move|p1a: Captain Falcon|Knock Off|p2a: Mademoiselle YGona\n|-resisted|p2a: Mademoiselle YGona\n|-damage|p2a: Mademoiselle YGona|58\/100\n|-enditem|p2a: Mademoiselle YGona|Assault Vest|[from] move: Knock Off|[of] p1a: Captain Falcon\n|move|p2a: Mademoiselle YGona|Knock Off|p1a: Captain Falcon\n|-resisted|p1a: Captain Falcon\n|-damage|p1a: Captain Falcon|86\/100\n|-enditem|p1a: Captain Falcon|Eviolite|[from] move: Knock Off|[of] p2a: Mademoiselle YGona\n|\n|upkeep\n|turn|10\n|\n|t:|1701120954\n|move|p1a: Captain Falcon|Iron Head|p2a: Mademoiselle YGona\n|-damage|p2a: Mademoiselle YGona|8\/100\n|move|p2a: Mademoiselle YGona|Rock Slide|p1a: Captain Falcon|[miss]\n|-miss|p2a: Mademoiselle YGona|p1a: Captain Falcon\n|\n|upkeep\n|turn|11\n|\n|t:|1701120962\n|move|p1a: Captain Falcon|Iron Head|p2a: Mademoiselle YGona\n|-damage|p2a: Mademoiselle YGona|0 fnt\n|faint|p2a: Mademoiselle YGona\n|\n|upkeep\n|\n|t:|1701120974\n|switch|p2a: Bruskiah|Golisopod, M|100\/100\n|-damage|p2a: Bruskiah|76\/100|[from] Stealth Rock\n|turn|12\n|c|\u2606archiezero|alo alo\n|c|\u2606archiezero|oioioi\n|\n|t:|1701120987\n|move|p2a: Bruskiah|First Impression|p1a: Captain Falcon\n|-damage|p1a: Captain Falcon|13\/100\n|-damage|p2a: Bruskiah|66\/100|[from] item: Life Orb\n|move|p1a: Captain Falcon|Sucker Punch||[still]\n|-fail|p1a: Captain Falcon\n|\n|upkeep\n|turn|13\n|n|\u2606Misa Misa sz|misamisasz\n|\n|t:|1701121014\n|move|p2a: Bruskiah|Aqua Jet|p1a: Captain Falcon\n|-damage|p1a: Captain Falcon|0 fnt\n|faint|p1a: Captain Falcon\n|-damage|p2a: Bruskiah|56\/100|[from] item: Life Orb\n|\n|upkeep\n|c|\u2606Misa Misa sz|jaj\n|\n|t:|1701121022\n|switch|p1a: Bate forte morre|Scolipede, M, shiny|84\/100\n|turn|14\n|c|\u2606Misa Misa sz|FOI\n|c|\u2606Misa Misa sz|Eu tava MUTADO\n|\n|t:|1701121035\n|switch|p2a: Cl\u00e1udia Fusca|Toxapex, F, shiny|100\/100\n|-damage|p2a: Cl\u00e1udia Fusca|88\/100|[from] Stealth Rock\n|move|p1a: Bate forte morre|Megahorn|p2a: Cl\u00e1udia Fusca\n|-resisted|p2a: Cl\u00e1udia Fusca\n|-damage|p2a: Cl\u00e1udia Fusca|61\/100\n|-damage|p1a: Bate forte morre|68\/100|[from] item: Rocky Helmet|[of] p2a: Cl\u00e1udia Fusca\n|\n|-ability|p1a: Bate forte morre|Speed Boost|boost\n|-boost|p1a: Bate forte morre|spe|1\n|upkeep\n|turn|15\n|c|\u2606Misa Misa sz|O PRECONCEJTO\n|\n|t:|1701121048\n|move|p1a: Bate forte morre|Megahorn|p2a: Cl\u00e1udia Fusca\n|-resisted|p2a: Cl\u00e1udia Fusca\n|-damage|p2a: Cl\u00e1udia Fusca|34\/100\n|-damage|p1a: Bate forte morre|51\/100|[from] item: Rocky Helmet|[of] p2a: Cl\u00e1udia Fusca\n|move|p2a: Cl\u00e1udia Fusca|Infestation|p1a: Bate forte morre\n|-resisted|p1a: Bate forte morre\n|-damage|p1a: Bate forte morre|48\/100\n|-activate|p1a: Bate forte morre|move: Infestation|[of] p2a: Cl\u00e1udia Fusca\n|\n|-damage|p1a: Bate forte morre|36\/100|[from] move: Infestation|[partiallytrapped]\n|-ability|p1a: Bate forte morre|Speed Boost|boost\n|-boost|p1a: Bate forte morre|spe|1\n|upkeep\n|turn|16\n|\n|t:|1701121055\n|move|p1a: Bate forte morre|Megahorn|p2a: Cl\u00e1udia Fusca\n|-resisted|p2a: Cl\u00e1udia Fusca\n|-damage|p2a: Cl\u00e1udia Fusca|7\/100\n|-damage|p1a: Bate forte morre|20\/100|[from] item: Rocky Helmet|[of] p2a: Cl\u00e1udia Fusca\n|move|p2a: Cl\u00e1udia Fusca|Recover|p2a: Cl\u00e1udia Fusca\n|-heal|p2a: Cl\u00e1udia Fusca|58\/100\n|\n|-damage|p1a: Bate forte morre|7\/100|[from] move: Infestation|[partiallytrapped]\n|-ability|p1a: Bate forte morre|Speed Boost|boost\n|-boost|p1a: Bate forte morre|spe|1\n|upkeep\n|turn|17\n|\n|t:|1701121063\n|move|p1a: Bate forte morre|Megahorn|p2a: Cl\u00e1udia Fusca\n|-resisted|p2a: Cl\u00e1udia Fusca\n|-damage|p2a: Cl\u00e1udia Fusca|33\/100\n|-damage|p1a: Bate forte morre|0 fnt|[from] item: Rocky Helmet|[of] p2a: Cl\u00e1udia Fusca\n|faint|p1a: Bate forte morre\n|move|p2a: Cl\u00e1udia Fusca|Recover|p2a: Cl\u00e1udia Fusca\n|-heal|p2a: Cl\u00e1udia Fusca|83\/100\n|\n|upkeep\n|\n|t:|1701121067\n|switch|p1a: Disco voador|Magnezone, shiny|86\/100\n|turn|18\n|\n|t:|1701121081\n|move|p1a: Disco voador|Volt Switch|p2a: Cl\u00e1udia Fusca\n|-supereffective|p2a: Cl\u00e1udia Fusca\n|-damage|p2a: Cl\u00e1udia Fusca|0 fnt\n|faint|p2a: Cl\u00e1udia Fusca\n|\n|t:|1701121087\n|switch|p1a: El Sapo|Seismitoad, M, shiny|100\/100|[from] Volt Switch\n|\n|upkeep\n|c|\u2606Misa Misa sz|juro\n|c|\u2606Misa Misa sz|QUERO REVANXHE\n|\n|t:|1701121099\n|switch|p2a: Beyonc\u00e9|Gengar, F|100\/100\n|-damage|p2a: Beyonc\u00e9|88\/100|[from] Stealth Rock\n|turn|19\n|\n|t:|1701121104\n|move|p2a: Beyonc\u00e9|Shadow Ball|p1a: El Sapo\n|-damage|p1a: El Sapo|51\/100\n|move|p1a: El Sapo|Knock Off|p2a: Beyonc\u00e9\n|-supereffective|p2a: Beyonc\u00e9\n|-crit|p2a: Beyonc\u00e9\n|-damage|p2a: Beyonc\u00e9|0 fnt\n|-enditem|p2a: Beyonc\u00e9|Choice Scarf|[from] move: Knock Off|[of] p1a: El Sapo\n|faint|p2a: Beyonc\u00e9\n|\n|upkeep\n|\n|t:|1701121109\n|switch|p2a: Bruskiah|Golisopod, M|56\/100\n|-damage|p2a: Bruskiah|31\/100|[from] Stealth Rock\n|turn|20\n|\n|t:|1701121112\n|move|p2a: Bruskiah|First Impression|p1a: El Sapo\n|-damage|p1a: El Sapo|0 fnt\n|faint|p1a: El Sapo\n|-damage|p2a: Bruskiah|21\/100|[from] item: Life Orb\n|\n|upkeep\n|\n|t:|1701121115\n|switch|p1a: Essa porra aqui|Hydreigon, F|100\/100\n|turn|21\n|c|\u2606Misa Misa sz|essa foi triste\n|c|\u2606Misa Misa sz|pra minha carreira\n|\n|t:|1701121127\n|move|p2a: Bruskiah|Aqua Jet|p1a: Essa porra aqui\n|-resisted|p1a: Essa porra aqui\n|-damage|p1a: Essa porra aqui|83\/100\n|-damage|p2a: Bruskiah|11\/100|[from] item: Life Orb\n|move|p1a: Essa porra aqui|Fire Blast|p2a: Bruskiah\n|-damage|p2a: Bruskiah|0 fnt\n|faint|p2a: Bruskiah\n|\n|win|archiezero\n|l|\u2606Misa Misa sz\n|c|\u2606archiezero|It's Joever\n","uploadtime":1701121144,"views":2,"p1id":"archiezero","p2id":"misamisasz","formatid":"gen9nationaldex","rating":0,"private":0,"password":""}