{"id":"gen9nationaldex-1988131951","p1":"Oakin64","p2":"PP Edjar","format":"[Gen 9] National Dex","log":"|j|\u2606Oakin64\n|j|\u2606PP Edjar\n|t:|1699673550\n|gametype|singles\n|player|p1|Oakin64|170|\n|player|p2|PP Edjar|hilbert-wonderlauncher|\n|teamsize|p1|6\n|teamsize|p2|6\n|gen|9\n|tier|[Gen 9] National Dex\n|rule|HP Percentage Mod: HP is shown in percentages\n|rule|Endless Battle Clause: Forcing endless battles is banned\n|rule|OHKO Clause: OHKO moves are banned\n|rule|Evasion Clause: Evasion abilities, items, and moves are banned\n|rule|Evasion Abilities Clause: Evasion abilities are banned\n|rule|Evasion Items Clause: Evasion items are banned\n|rule|Evasion Moves Clause: Evasion moves are banned\n|rule|Species Clause: Limit one of each Pok\u00e9mon\n|rule|Sleep Clause Mod: Limit one foe put to sleep\n|clearpoke\n|poke|p1|Houndstone, M|\n|poke|p1|Bombirdier, F|\n|poke|p1|Enamorus-Therian, F|\n|poke|p1|Heracross, M|\n|poke|p1|Scovillain, M|\n|poke|p1|Latias, F|\n|poke|p2|Urshifu-*, M|\n|poke|p2|Sableye, M|\n|poke|p2|Articuno-Galar|\n|poke|p2|Orthworm, F|\n|poke|p2|Electivire, M|\n|poke|p2|Camerupt, M|\n|teampreview\n|j| VantaZack\n|j| BaraTheUmbraking\n|j| Saradominphat\n|\n|t:|1699673581\n|start\n|switch|p1a: Francesca|Bombirdier, F|100\/100\n|switch|p2a: Stitch|Sableye, M, shiny|100\/100\n|turn|1\n|\n|t:|1699673591\n|detailschange|p2a: Stitch|Sableye-Mega, M, shiny\n|-mega|p2a: Stitch|Sableye|Sablenite\n|move|p1a: Francesca|Substitute|p1a: Francesca\n|-start|p1a: Francesca|Substitute\n|-damage|p1a: Francesca|75\/100\n|move|p2a: Stitch|Knock Off|p1a: Francesca\n|-resisted|p1a: Francesca\n|-activate|p1a: Francesca|move: Substitute|[damage]\n|\n|-heal|p1a: Francesca|82\/100|[from] item: Leftovers\n|upkeep\n|turn|2\n|\n|t:|1699673600\n|move|p1a: Francesca|Hone Claws|p1a: Francesca\n|-boost|p1a: Francesca|atk|1\n|-boost|p1a: Francesca|accuracy|1\n|move|p2a: Stitch|Knock Off|p1a: Francesca\n|-resisted|p1a: Francesca\n|-end|p1a: Francesca|Substitute\n|\n|-heal|p1a: Francesca|88\/100|[from] item: Leftovers\n|upkeep\n|turn|3\n|\n|t:|1699673626\n|switch|p2a: Clockwork|Articuno-Galar|100\/100\n|move|p1a: Francesca|Substitute|p1a: Francesca\n|-start|p1a: Francesca|Substitute\n|-damage|p1a: Francesca|63\/100\n|\n|-heal|p1a: Francesca|69\/100|[from] item: Leftovers\n|upkeep\n|turn|4\n|\n|t:|1699673634\n|move|p1a: Francesca|Knock Off|p2a: Clockwork\n|-supereffective|p2a: Clockwork\n|-damage|p2a: Clockwork|0 fnt\n|-enditem|p2a: Clockwork|Mental Herb|[from] move: Knock Off|[of] p1a: Francesca\n|faint|p2a: Clockwork\n|\n|-heal|p1a: Francesca|75\/100|[from] item: Leftovers\n|upkeep\n|\n|t:|1699673648\n|switch|p2a: Max|Electivire, M, shiny|100\/100\n|turn|5\n|\n|t:|1699673653\n|move|p2a: Max|Thunderbolt|p1a: Francesca\n|-supereffective|p1a: Francesca\n|-end|p1a: Francesca|Substitute\n|-damage|p2a: Max|91\/100|[from] item: Life Orb\n|move|p1a: Francesca|Knock Off|p2a: Max\n|-damage|p2a: Max|0 fnt\n|-enditem|p2a: Max|Life Orb|[from] move: Knock Off|[of] p1a: Francesca\n|faint|p2a: Max\n|\n|-heal|p1a: Francesca|81\/100|[from] item: Leftovers\n|upkeep\n|\n|t:|1699673666\n|switch|p2a: Jamie|Urshifu-Rapid-Strike, M|100\/100\n|turn|6\n|\n|t:|1699673670\n|switch|p1a: Spooky-Doo|Houndstone, M|100\/100\n|move|p2a: Jamie|Thunder Punch|p1a: Spooky-Doo\n|-damage|p1a: Spooky-Doo|91\/100\n|-status|p1a: Spooky-Doo|par\n|-damage|p2a: Jamie|84\/100|[from] item: Rocky Helmet|[of] p1a: Spooky-Doo\n|\n|upkeep\n|turn|7\n|\n|t:|1699673685\n|switch|p2a: Stitch|Sableye-Mega, M, shiny|100\/100\n|move|p1a: Spooky-Doo|Poltergeist|p2a: Stitch\n|-activate|p2a: Stitch|move: Poltergeist|Sablenite\n|-crit|p2a: Stitch\n|-damage|p2a: Stitch|57\/100\n|\n|upkeep\n|turn|8\n|\n|t:|1699673695\n|move|p2a: Stitch|Knock Off|p1a: Spooky-Doo\n|-supereffective|p1a: Spooky-Doo\n|-damage|p1a: Spooky-Doo|70\/100 par\n|-damage|p2a: Stitch|40\/100|[from] item: Rocky Helmet|[of] p1a: Spooky-Doo\n|-enditem|p1a: Spooky-Doo|Rocky Helmet|[from] move: Knock Off|[of] p2a: Stitch\n|cant|p1a: Spooky-Doo|par\n|\n|upkeep\n|turn|9\n|\n|t:|1699673703\n|move|p2a: Stitch|Recover|p2a: Stitch\n|-heal|p2a: Stitch|90\/100\n|cant|p1a: Spooky-Doo|par\n|\n|upkeep\n|turn|10\n|\n|t:|1699673707\n|move|p2a: Stitch|Knock Off|p1a: Spooky-Doo\n|-supereffective|p1a: Spooky-Doo\n|-damage|p1a: Spooky-Doo|56\/100 par\n|cant|p1a: Spooky-Doo|par\n|\n|upkeep\n|turn|11\n|\n|t:|1699673712\n|move|p2a: Stitch|Knock Off|p1a: Spooky-Doo\n|-supereffective|p1a: Spooky-Doo\n|-damage|p1a: Spooky-Doo|42\/100 par\n|move|p1a: Spooky-Doo|Roar|p2a: Stitch\n|move|p2a: Stitch|Roar|p1a: Spooky-Doo|[from]ability: Magic Bounce\n|drag|p1a: Priscilla|Latias, F|100\/100\n|\n|upkeep\n|turn|12\n|\n|t:|1699673728\n|switch|p1a: Jennika|Enamorus-Therian, F|100\/100\n|move|p2a: Stitch|Knock Off|p1a: Jennika\n|-resisted|p1a: Jennika\n|-crit|p1a: Jennika\n|-damage|p1a: Jennika|80\/100\n|-enditem|p1a: Jennika|Kebia Berry|[from] move: Knock Off|[of] p2a: Stitch\n|\n|upkeep\n|turn|13\n|\n|t:|1699673738\n|move|p1a: Jennika|Tailwind|p1a: Jennika\n|-sidestart|p1: Oakin64|move: Tailwind\n|move|p2a: Stitch|Will-O-Wisp|p1a: Jennika\n|-status|p1a: Jennika|brn\n|\n|-damage|p1a: Jennika|74\/100 brn|[from] brn\n|upkeep\n|turn|14\n|\n|t:|1699673745\n|move|p1a: Jennika|Moonblast|p2a: Stitch\n|-supereffective|p2a: Stitch\n|-damage|p2a: Stitch|0 fnt\n|faint|p2a: Stitch\n|\n|-damage|p1a: Jennika|67\/100 brn|[from] brn\n|upkeep\n|\n|t:|1699673751\n|switch|p2a: Wormy|Orthworm, F, shiny|100\/100\n|turn|15\n|\n|t:|1699673755\n|move|p1a: Jennika|Mystical Fire|p2a: Wormy\n|-supereffective|p2a: Wormy\n|-damage|p2a: Wormy|0 fnt\n|faint|p2a: Wormy\n|\n|-damage|p1a: Jennika|61\/100 brn|[from] brn\n|upkeep\n|\n|t:|1699673761\n|switch|p2a: Jamie|Urshifu-Rapid-Strike, M|84\/100\n|turn|16\n|\n|t:|1699673768\n|move|p2a: Jamie|Thunder Punch|p1a: Jennika\n|-supereffective|p1a: Jennika\n|-damage|p1a: Jennika|14\/100 brn\n|move|p1a: Jennika|Moonblast|p2a: Jamie\n|-supereffective|p2a: Jamie\n|-damage|p2a: Jamie|0 fnt\n|faint|p2a: Jamie\n|\n|-damage|p1a: Jennika|8\/100 brn|[from] brn\n|-sideend|p1: Oakin64|move: Tailwind\n|upkeep\n|\n|t:|1699673777\n|switch|p2a: Hank|Camerupt, M, shiny|100\/100\n|turn|17\n|\n|t:|1699673785\n|move|p1a: Jennika|Tailwind|p1a: Jennika\n|-sidestart|p1: Oakin64|move: Tailwind\n|move|p2a: Hank|Ancient Power|p1a: Jennika\n|-supereffective|p1a: Jennika\n|-damage|p1a: Jennika|0 fnt\n|faint|p1a: Jennika\n|\n|upkeep\n|\n|t:|1699673798\n|switch|p1a: Francesca|Bombirdier, F|81\/100\n|turn|18\n|\n|t:|1699673805\n|move|p1a: Francesca|Knock Off|p2a: Hank\n|-damage|p2a: Hank|40\/100\n|-enditem|p2a: Hank|Expert Belt|[from] move: Knock Off|[of] p1a: Francesca\n|move|p2a: Hank|Ancient Power|p1a: Francesca\n|-supereffective|p1a: Francesca\n|-damage|p1a: Francesca|32\/100\n|\n|-heal|p1a: Francesca|38\/100|[from] item: Leftovers\n|upkeep\n|turn|19\n|\n|t:|1699673815\n|move|p1a: Francesca|Dual Wingbeat|p2a: Hank\n|-damage|p2a: Hank|14\/100\n|-damage|p2a: Hank|0 fnt\n|faint|p2a: Hank\n|-hitcount|p2: Hank|2\n|\n|win|Oakin64\n|l|\u2606PP Edjar\n|l| VantaZack\n|l| BaraTheUmbraking\n","uploadtime":1699673822,"views":6,"p1id":"oakin64","p2id":"ppedjar","formatid":"gen9nationaldex","rating":0,"private":0,"password":""}