{"id":"gen9nationaldex-1991890771","p1":"CaneVvDudu","p2":"Krokorockin","format":"[Gen 9] National Dex","log":"|j|\u2606CaneVvDudu\n|j|\u2606Krokorockin\n|t:|1700134325\n|gametype|singles\n|player|p1|CaneVvDudu|cilan|1115\n|player|p2|Krokorockin|guitarist-gen4|1174\n|teamsize|p1|6\n|teamsize|p2|6\n|gen|9\n|tier|[Gen 9] National Dex\n|rated|\n|rule|HP Percentage Mod: HP is shown in percentages\n|rule|Endless Battle Clause: Forcing endless battles is banned\n|rule|OHKO Clause: OHKO moves are banned\n|rule|Evasion Clause: Evasion abilities, items, and moves are banned\n|rule|Evasion Abilities Clause: Evasion abilities are banned\n|rule|Evasion Items Clause: Evasion items are banned\n|rule|Evasion Moves Clause: Evasion moves are banned\n|rule|Species Clause: Limit one of each Pok\u00e9mon\n|rule|Sleep Clause Mod: Limit one foe put to sleep\n|clearpoke\n|poke|p1|Kommo-o, F|\n|poke|p1|Gyarados, F|\n|poke|p1|Hoopa-Unbound|\n|poke|p1|Toxapex, M|\n|poke|p1|Aerodactyl, F|\n|poke|p1|Sableye, M|\n|poke|p2|Sneasler, M|\n|poke|p2|Crobat, F|\n|poke|p2|Muk-Alola, F|\n|poke|p2|Beedrill, F|\n|poke|p2|Nidoking, M|\n|poke|p2|Toxtricity, M|\n|teampreview\n|\n|t:|1700134332\n|start\n|switch|p1a: Sableye|Sableye, M|100\/100\n|switch|p2a: Muk|Muk-Alola, F|100\/100\n|turn|1\n|\n|t:|1700134337\n|move|p1a: Sableye|Reflect|p1a: Sableye\n|-sidestart|p1: CaneVvDudu|Reflect\n|move|p2a: Muk|Knock Off|p1a: Sableye\n|-damage|p1a: Sableye|77\/100\n|-enditem|p1a: Sableye|Light Clay|[from] move: Knock Off|[of] p2a: Muk\n|\n|upkeep\n|turn|2\n|\n|t:|1700134344\n|move|p1a: Sableye|Light Screen|p1a: Sableye\n|-sidestart|p1: CaneVvDudu|move: Light Screen\n|move|p2a: Muk|Shadow Sneak|p1a: Sableye\n|-damage|p1a: Sableye|70\/100\n|\n|upkeep\n|turn|3\n|inactive|Battle timer is ON: inactive players will automatically lose when time's up. (requested by CaneVvDudu)\n|\n|t:|1700134356\n|switch|p1a: Kommo-o|Kommo-o, F|100\/100\n|move|p2a: Muk|Shadow Sneak|p1a: Kommo-o\n|-crit|p1a: Kommo-o\n|-damage|p1a: Kommo-o|80\/100\n|\n|-heal|p1a: Kommo-o|86\/100|[from] item: Leftovers\n|upkeep\n|turn|4\n|\n|t:|1700134360\n|move|p1a: Kommo-o|Clangorous Soul|p1a: Kommo-o\n|-boost|p1a: Kommo-o|atk|1\n|-boost|p1a: Kommo-o|def|1\n|-boost|p1a: Kommo-o|spa|1\n|-boost|p1a: Kommo-o|spd|1\n|-boost|p1a: Kommo-o|spe|1\n|-damage|p1a: Kommo-o|53\/100\n|move|p2a: Muk|Poison Jab|p1a: Kommo-o\n|-damage|p1a: Kommo-o|41\/100\n|-status|p1a: Kommo-o|psn|[from] ability: Poison Touch|[of] p2a: Muk\n|\n|-heal|p1a: Kommo-o|47\/100 psn|[from] item: Leftovers\n|-damage|p1a: Kommo-o|35\/100 psn|[from] psn\n|upkeep\n|turn|5\n|\n|t:|1700134371\n|-terastallize|p1a: Kommo-o|Steel\n|move|p2a: Muk|Shadow Sneak|p1a: Kommo-o\n|-damage|p1a: Kommo-o|30\/100 psn\n|move|p1a: Kommo-o|Boomburst|p2a: Muk\n|-damage|p2a: Muk|65\/100\n|\n|-heal|p1a: Kommo-o|37\/100 psn|[from] item: Leftovers\n|-damage|p1a: Kommo-o|24\/100 psn|[from] psn\n|upkeep\n|turn|6\n|\n|t:|1700134379\n|move|p1a: Kommo-o|Tera Blast|p2a: Muk|[anim] Tera Blast Steel\n|-damage|p2a: Muk|37\/100\n|move|p2a: Muk|Drain Punch|p1a: Kommo-o\n|-supereffective|p1a: Kommo-o\n|-damage|p1a: Kommo-o|8\/100 psn\n|-heal|p2a: Muk|43\/100|[from] drain|[of] p1a: Kommo-o\n|\n|-heal|p1a: Kommo-o|15\/100 psn|[from] item: Leftovers\n|-damage|p1a: Kommo-o|2\/100 psn|[from] psn\n|-sideend|p1: CaneVvDudu|move: Light Screen\n|upkeep\n|turn|7\n|\n|t:|1700134386\n|move|p2a: Muk|Shadow Sneak|p1a: Kommo-o\n|-damage|p1a: Kommo-o|0 fnt\n|faint|p1a: Kommo-o\n|\n|upkeep\n|\n|t:|1700134391\n|switch|p1a: Gyarados|Gyarados, F|100\/100\n|turn|8\n|\n|t:|1700134395\n|move|p1a: Gyarados|Dragon Dance|p1a: Gyarados\n|-boost|p1a: Gyarados|atk|1\n|-boost|p1a: Gyarados|spe|1\n|move|p2a: Muk|Knock Off|p1a: Gyarados\n|-damage|p1a: Gyarados|68\/100\n|-enditem|p1a: Gyarados|Loaded Dice|[from] move: Knock Off|[of] p2a: Muk\n|\n|-sideend|p1: CaneVvDudu|Reflect\n|upkeep\n|turn|9\n|\n|t:|1700134402\n|move|p2a: Muk|Shadow Sneak|p1a: Gyarados\n|-damage|p1a: Gyarados|50\/100\n|-status|p1a: Gyarados|psn|[from] ability: Poison Touch|[of] p2a: Muk\n|move|p1a: Gyarados|Scale Shot|p2a: Muk\n|-damage|p2a: Muk|29\/100\n|-damage|p2a: Muk|12\/100\n|-hitcount|p2a: Muk|2\n|-unboost|p1a: Gyarados|def|1\n|-boost|p1a: Gyarados|spe|1\n|\n|-damage|p1a: Gyarados|38\/100 psn|[from] psn\n|upkeep\n|turn|10\n|\n|t:|1700134411\n|move|p2a: Muk|Shadow Sneak|p1a: Gyarados\n|-damage|p1a: Gyarados|11\/100 psn\n|move|p1a: Gyarados|Scale Shot|p2a: Muk|[miss]\n|-miss|p1a: Gyarados|p2a: Muk\n|\n|-damage|p1a: Gyarados|0 fnt|[from] psn\n|faint|p1a: Gyarados\n|upkeep\n|\n|t:|1700134415\n|switch|p1a: Hoopa|Hoopa-Unbound|100\/100\n|turn|11\n|-message|CaneVvDudu forfeited.\n|\n|win|Krokorockin\n|raw|CaneVvDudu's rating: 1115 &rarr; <strong>1094<\/strong><br \/>(-21 for losing)\n|raw|Krokorockin's rating: 1174 &rarr; <strong>1195<\/strong><br \/>(+21 for winning)\n|l|\u2606CaneVvDudu\n","uploadtime":1700134429,"views":33,"p1id":"canevvdudu","p2id":"krokorockin","formatid":"gen9nationaldex","rating":1094,"private":0,"password":""}