{"id":"gen9nationaldex-1988447875","p1":"Sprocket0835","p2":"Severo542","format":"[Gen 9] National Dex","log":"|j|\u2606Sprocket0835\n|j|\u2606Severo542\n|t:|1699723986\n|gametype|singles\n|player|p1|Sprocket0835|hilbert|1310\n|player|p2|Severo542|n|1212\n|teamsize|p1|6\n|teamsize|p2|6\n|gen|9\n|tier|[Gen 9] National Dex\n|rated|\n|rule|HP Percentage Mod: HP is shown in percentages\n|rule|Endless Battle Clause: Forcing endless battles is banned\n|rule|OHKO Clause: OHKO moves are banned\n|rule|Evasion Clause: Evasion abilities, items, and moves are banned\n|rule|Evasion Abilities Clause: Evasion abilities are banned\n|rule|Evasion Items Clause: Evasion items are banned\n|rule|Evasion Moves Clause: Evasion moves are banned\n|rule|Species Clause: Limit one of each Pok\u00e9mon\n|rule|Sleep Clause Mod: Limit one foe put to sleep\n|clearpoke\n|poke|p1|Charizard, M|\n|poke|p1|Great Tusk|\n|poke|p1|Garganacl, F|\n|poke|p1|Victini|\n|poke|p1|Lilligant-Hisui, F|\n|poke|p1|Hatterene, F|\n|poke|p2|Ribombee, F|\n|poke|p2|Excadrill, F|\n|poke|p2|Greninja-*, M|\n|poke|p2|Charizard, M|\n|poke|p2|Iron Valiant|\n|poke|p2|Zapdos|\n|teampreview\n|\n|t:|1699724002\n|start\n|switch|p1a: Hatterene|Hatterene, F|100\/100\n|switch|p2a: Ribombee|Ribombee, F|100\/100\n|turn|1\n|\n|t:|1699724008\n|move|p2a: Ribombee|Bug Buzz|p1a: Hatterene\n|-damage|p1a: Hatterene|61\/100\n|-enditem|p1a: Hatterene|Eject Button\n|\n|t:|1699724016\n|switch|p1a: Charizard|Charizard, M|100\/100\n|\n|upkeep\n|turn|2\n|\n|t:|1699724022\n|switch|p1a: Hatterene|Hatterene, F|61\/100\n|move|p2a: Ribombee|Stun Spore|p1a: Hatterene\n|move|p1a: Hatterene|Stun Spore|p2a: Ribombee|[from]ability: Magic Bounce\n|-status|p2a: Ribombee|par\n|\n|upkeep\n|turn|3\n|\n|t:|1699724032\n|move|p2a: Ribombee|Bug Buzz|p1a: Hatterene\n|-damage|p1a: Hatterene|23\/100\n|move|p1a: Hatterene|Mystical Fire|p2a: Ribombee\n|-supereffective|p2a: Ribombee\n|-damage|p2a: Ribombee|22\/100 par\n|\n|upkeep\n|turn|4\n|\n|t:|1699724042\n|move|p2a: Ribombee|Bug Buzz|p1a: Hatterene\n|-crit|p1a: Hatterene\n|-damage|p1a: Hatterene|0 fnt\n|faint|p1a: Hatterene\n|\n|upkeep\n|\n|t:|1699724048\n|switch|p1a: Charizard|Charizard, M|100\/100\n|turn|5\n|\n|t:|1699724054\n|detailschange|p1a: Charizard|Charizard-Mega-Y, M\n|-mega|p1a: Charizard|Charizard|Charizardite Y\n|-weather|SunnyDay|[from] ability: Drought|[of] p1a: Charizard\n|move|p1a: Charizard|Weather Ball|p2a: Ribombee\n|-supereffective|p2a: Ribombee\n|-damage|p2a: Ribombee|0 fnt\n|faint|p2a: Ribombee\n|\n|-weather|SunnyDay|[upkeep]\n|upkeep\n|\n|t:|1699724068\n|switch|p2a: Zapdos|Zapdos|100\/100\n|turn|6\n|\n|t:|1699724078\n|switch|p1a: Garganacl|Garganacl, F|100\/100\n|move|p2a: Zapdos|Thunderbolt|p1a: Garganacl\n|-damage|p1a: Garganacl|76\/100\n|\n|-weather|SunnyDay|[upkeep]\n|-heal|p1a: Garganacl|82\/100|[from] item: Leftovers\n|upkeep\n|turn|7\n|\n|t:|1699724090\n|switch|p2a: Excadrill|Excadrill, F|100\/100\n|-ability|p2a: Excadrill|Mold Breaker\n|move|p1a: Garganacl|Salt Cure|p2a: Excadrill\n|-resisted|p2a: Excadrill\n|-damage|p2a: Excadrill|96\/100\n|-start|p2a: Excadrill|Salt Cure\n|\n|-weather|SunnyDay|[upkeep]\n|-heal|p1a: Garganacl|88\/100|[from] item: Leftovers\n|-damage|p2a: Excadrill|71\/100|[from] Salt Cure\n|upkeep\n|turn|8\n|\n|t:|1699724103\n|switch|p1a: Great Tusk|Great Tusk|100\/100\n|-activate|p1a: Great Tusk|ability: Protosynthesis\n|-start|p1a: Great Tusk|protosynthesisatk\n|move|p2a: Excadrill|Earthquake|p1a: Great Tusk\n|-damage|p1a: Great Tusk|58\/100\n|\n|-weather|SunnyDay|[upkeep]\n|-heal|p1a: Great Tusk|65\/100|[from] item: Leftovers\n|-damage|p2a: Excadrill|46\/100|[from] Salt Cure\n|upkeep\n|-enditem|p2a: Excadrill|Sitrus Berry|[eat]\n|-heal|p2a: Excadrill|71\/100|[from] item: Sitrus Berry\n|turn|9\n|\n|t:|1699724120\n|switch|p2a: Zapdos|Zapdos|100\/100\n|move|p1a: Great Tusk|Knock Off|p2a: Zapdos\n|-damage|p2a: Zapdos|60\/100\n|-damage|p1a: Great Tusk|48\/100|[from] item: Rocky Helmet|[of] p2a: Zapdos\n|-enditem|p2a: Zapdos|Rocky Helmet|[from] move: Knock Off|[of] p1a: Great Tusk\n|\n|-weather|none\n|-end|p1a: Great Tusk|Protosynthesis\n|-heal|p1a: Great Tusk|54\/100|[from] item: Leftovers\n|upkeep\n|turn|10\n|\n|t:|1699724129\n|-end|p1a: Great Tusk|Protosynthesis|[silent]\n|switch|p1a: Garganacl|Garganacl, F|88\/100\n|move|p2a: Zapdos|Hurricane|p1a: Garganacl\n|-resisted|p1a: Garganacl\n|-damage|p1a: Garganacl|72\/100\n|\n|-heal|p1a: Garganacl|79\/100|[from] item: Leftovers\n|upkeep\n|turn|11\n|\n|t:|1699724163\n|move|p2a: Zapdos|Hurricane|p1a: Garganacl\n|-resisted|p1a: Garganacl\n|-damage|p1a: Garganacl|65\/100\n|move|p1a: Garganacl|Stealth Rock|p2a: Zapdos\n|-sidestart|p2: Severo542|move: Stealth Rock\n|\n|-heal|p1a: Garganacl|71\/100|[from] item: Leftovers\n|upkeep\n|turn|12\n|\n|t:|1699724169\n|move|p2a: Zapdos|Defog|p1a: Garganacl\n|-unboost|p1a: Garganacl|evasion|1\n|-sideend|p2: Severo542|Stealth Rock|[from] move: Defog|[of] p2a: Zapdos\n|move|p1a: Garganacl|Salt Cure|p2a: Zapdos\n|-supereffective|p2a: Zapdos\n|-damage|p2a: Zapdos|36\/100\n|-start|p2a: Zapdos|Salt Cure\n|\n|-heal|p1a: Garganacl|77\/100|[from] item: Leftovers\n|-damage|p2a: Zapdos|24\/100|[from] Salt Cure\n|upkeep\n|turn|13\n|\n|t:|1699724178\n|move|p2a: Zapdos|Hurricane|p1a: Garganacl\n|-resisted|p1a: Garganacl\n|-damage|p1a: Garganacl|62\/100\n|-start|p1a: Garganacl|confusion\n|-activate|p1a: Garganacl|confusion\n|-damage|p1a: Garganacl|55\/100|[from] confusion\n|\n|-heal|p1a: Garganacl|62\/100|[from] item: Leftovers\n|-damage|p2a: Zapdos|11\/100|[from] Salt Cure\n|upkeep\n|turn|14\n|\n|t:|1699724185\n|switch|p1a: Victini|Victini|100\/100\n|move|p2a: Zapdos|Hurricane|p1a: Victini\n|-damage|p1a: Victini|52\/100\n|-start|p1a: Victini|confusion\n|\n|-damage|p2a: Zapdos|0 fnt|[from] Salt Cure\n|faint|p2a: Zapdos\n|upkeep\n|\n|t:|1699724195\n|switch|p2a: Greninja|Greninja, M|100\/100\n|turn|15\n|\n|t:|1699724204\n|switch|p1a: Charizard|Charizard-Mega-Y, M|100\/100\n|-weather|SunnyDay|[from] ability: Drought|[of] p1a: Charizard\n|move|p2a: Greninja|Hydro Pump|p1a: Charizard\n|-supereffective|p1a: Charizard\n|-damage|p1a: Charizard|52\/100\n|\n|-weather|SunnyDay|[upkeep]\n|upkeep\n|turn|16\n|\n|t:|1699724216\n|switch|p1a: Lilligant|Lilligant-Hisui, F|100\/100\n|move|p2a: Greninja|Hydro Pump|p1a: Lilligant\n|-resisted|p1a: Lilligant\n|-damage|p1a: Lilligant|83\/100\n|\n|-weather|SunnyDay|[upkeep]\n|upkeep\n|turn|17\n|\n|t:|1699724228\n|switch|p2a: Iron Valiant|Iron Valiant|100\/100\n|-enditem|p2a: Iron Valiant|Booster Energy\n|-activate|p2a: Iron Valiant|ability: Quark Drive|[fromitem]\n|-start|p2a: Iron Valiant|quarkdrivespe\n|move|p1a: Lilligant|Swords Dance|p1a: Lilligant\n|-boost|p1a: Lilligant|atk|2\n|\n|-weather|SunnyDay|[upkeep]\n|upkeep\n|turn|18\n|\n|t:|1699724237\n|move|p1a: Lilligant|Solar Blade||[still]\n|-prepare|p1a: Lilligant|Solar Blade\n|-anim|p1a: Lilligant|Solar Blade|p2a: Iron Valiant\n|-damage|p2a: Iron Valiant|0 fnt\n|faint|p2a: Iron Valiant\n|-end|p2a: Iron Valiant|Quark Drive|[silent]\n|-damage|p1a: Lilligant|73\/100|[from] item: Life Orb\n|\n|-weather|SunnyDay|[upkeep]\n|upkeep\n|\n|t:|1699724260\n|switch|p2a: Charizard|Charizard, M|100\/100\n|turn|19\n|\n|t:|1699724268\n|detailschange|p2a: Charizard|Charizard-Mega-X, M\n|-mega|p2a: Charizard|Charizard|Charizardite X\n|-terastallize|p1a: Lilligant|Rock\n|move|p1a: Lilligant|Tera Blast|p2a: Charizard|[anim] Tera Blast Rock\n|-supereffective|p2a: Charizard\n|-damage|p2a: Charizard|0 fnt\n|faint|p2a: Charizard\n|-damage|p1a: Lilligant|63\/100|[from] item: Life Orb\n|\n|-weather|none\n|upkeep\n|\n|t:|1699724276\n|switch|p2a: Greninja|Greninja, M|100\/100\n|turn|20\n|\n|t:|1699724281\n|switch|p1a: Charizard|Charizard-Mega-Y, M|52\/100\n|-weather|SunnyDay|[from] ability: Drought|[of] p1a: Charizard\n|move|p2a: Greninja|Hydro Pump|p1a: Charizard\n|-supereffective|p1a: Charizard\n|-damage|p1a: Charizard|5\/100\n|\n|-weather|SunnyDay|[upkeep]\n|upkeep\n|turn|21\n|\n|t:|1699724296\n|switch|p1a: Great Tusk|Great Tusk|54\/100\n|-activate|p1a: Great Tusk|ability: Protosynthesis\n|-start|p1a: Great Tusk|protosynthesisatk\n|move|p2a: Greninja|Hydro Pump|p1a: Great Tusk\n|-supereffective|p1a: Great Tusk\n|-damage|p1a: Great Tusk|0 fnt\n|faint|p1a: Great Tusk\n|-end|p1a: Great Tusk|Protosynthesis|[silent]\n|-ability|p2a: Greninja|Battle Bond|boost\n|-boost|p2a: Greninja|atk|1\n|-boost|p2a: Greninja|spa|1\n|-boost|p2a: Greninja|spe|1\n|-activate|p2a: Greninja|ability: Battle Bond\n|\n|-weather|SunnyDay|[upkeep]\n|upkeep\n|\n|t:|1699724298\n|switch|p1a: Lilligant|Lilligant-Hisui, F, tera:Rock|63\/100\n|turn|22\n|\n|t:|1699724312\n|move|p2a: Greninja|Hydro Pump|p1a: Lilligant\n|-supereffective|p1a: Lilligant\n|-damage|p1a: Lilligant|0 fnt\n|faint|p1a: Lilligant\n|\n|-weather|SunnyDay|[upkeep]\n|upkeep\n|c|\u2606Sprocket0835|wat\n|c|\u2606Severo542|847\n|\n|t:|1699724358\n|switch|p1a: Garganacl|Garganacl, F|62\/100\n|turn|23\n|\n|t:|1699724363\n|move|p2a: Greninja|Hydro Pump|p1a: Garganacl\n|-supereffective|p1a: Garganacl\n|-damage|p1a: Garganacl|14\/100\n|move|p1a: Garganacl|Salt Cure|p2a: Greninja\n|-damage|p2a: Greninja|78\/100\n|-start|p2a: Greninja|Salt Cure\n|\n|-weather|SunnyDay|[upkeep]\n|-heal|p1a: Garganacl|20\/100|[from] item: Leftovers\n|-damage|p2a: Greninja|54\/100|[from] Salt Cure\n|upkeep\n|turn|24\n|\n|t:|1699724372\n|move|p1a: Garganacl|Protect|p1a: Garganacl\n|-singleturn|p1a: Garganacl|Protect\n|move|p2a: Greninja|Hydro Pump|p1a: Garganacl\n|-activate|p1a: Garganacl|move: Protect\n|\n|-weather|none\n|-heal|p1a: Garganacl|26\/100|[from] item: Leftovers\n|-damage|p2a: Greninja|29\/100|[from] Salt Cure\n|upkeep\n|turn|25\n|\n|t:|1699724384\n|move|p2a: Greninja|Hydro Pump|p1a: Garganacl|[miss]\n|-miss|p2a: Greninja|p1a: Garganacl\n|move|p1a: Garganacl|Salt Cure|p2a: Greninja\n|-damage|p2a: Greninja|4\/100\n|\n|-heal|p1a: Garganacl|33\/100|[from] item: Leftovers\n|-damage|p2a: Greninja|0 fnt|[from] Salt Cure\n|faint|p2a: Greninja\n|upkeep\n|\n|t:|1699724390\n|switch|p2a: Excadrill|Excadrill, F|71\/100\n|-ability|p2a: Excadrill|Mold Breaker\n|turn|26\n|\n|t:|1699724398\n|move|p2a: Excadrill|Iron Head|p1a: Garganacl\n|-supereffective|p1a: Garganacl\n|-damage|p1a: Garganacl|0 fnt\n|faint|p1a: Garganacl\n|\n|upkeep\n|\n|t:|1699724401\n|switch|p1a: Victini|Victini|52\/100\n|turn|27\n|\n|t:|1699724408\n|-terastallize|p2a: Excadrill|Ghost\n|move|p1a: Victini|Searing Shot|p2a: Excadrill\n|-damage|p2a: Excadrill|10\/100\n|-status|p2a: Excadrill|brn\n|move|p2a: Excadrill|Earthquake|p1a: Victini\n|-supereffective|p1a: Victini\n|-damage|p1a: Victini|0 fnt\n|faint|p1a: Victini\n|\n|-damage|p2a: Excadrill|4\/100 brn|[from] brn\n|upkeep\n|\n|t:|1699724417\n|switch|p1a: Charizard|Charizard-Mega-Y, M|5\/100\n|-weather|SunnyDay|[from] ability: Drought|[of] p1a: Charizard\n|turn|28\n|\n|t:|1699724423\n|move|p1a: Charizard|Weather Ball|p2a: Excadrill\n|-damage|p2a: Excadrill|0 fnt\n|faint|p2a: Excadrill\n|\n|win|Sprocket0835\n|raw|Sprocket0835's rating: 1310 &rarr; <strong>1325<\/strong><br \/>(+15 for winning)\n|raw|Severo542's rating: 1212 &rarr; <strong>1194<\/strong><br \/>(-18 for losing)\n|l|\u2606Severo542\n|c|\u2606Sprocket0835|gg, well, now I know..\n","uploadtime":1699724435,"views":36,"p1id":"sprocket0835","p2id":"severo542","formatid":"gen9nationaldex","rating":1194,"private":0,"password":""}