{"id":"gen9nationaldex-1996554798","p1":"Leviatan4","p2":"lolowtf09","format":"[Gen 9] National Dex","log":"|html|<div class=\"broadcast-blue\"><strong>[Gen 9] National Dex is currently suspecting Sneasler! For information on how to participate check out the <a href=\"https:\/\/www.smogon.com\/forums\/threads\/sv-national-dex-suspect-8-just-dance.3731534\/\">suspect thread<\/a>.<\/strong><\/div>\n|j|\u2606Leviatan4\n|j|\u2606lolowtf09\n|t:|1700693757\n|gametype|singles\n|player|p1|Leviatan4|scientist-gen4dp|\n|player|p2|lolowtf09|burgh|\n|teamsize|p1|6\n|teamsize|p2|6\n|gen|9\n|tier|[Gen 9] National Dex\n|rule|HP Percentage Mod: HP is shown in percentages\n|rule|Endless Battle Clause: Forcing endless battles is banned\n|rule|OHKO Clause: OHKO moves are banned\n|rule|Evasion Clause: Evasion abilities, items, and moves are banned\n|rule|Evasion Abilities Clause: Evasion abilities are banned\n|rule|Evasion Items Clause: Evasion items are banned\n|rule|Evasion Moves Clause: Evasion moves are banned\n|rule|Species Clause: Limit one of each Pok\u00e9mon\n|rule|Sleep Clause Mod: Limit one foe put to sleep\n|clearpoke\n|poke|p1|Scizor, M|\n|poke|p1|Lokix, M|\n|poke|p1|Volcarona, M|\n|poke|p1|Forretress, F|\n|poke|p1|Heracross, M|\n|poke|p1|Yanmega, F|\n|poke|p2|Tyranitar, F|\n|poke|p2|Aerodactyl, M|\n|poke|p2|Stakataka|\n|poke|p2|Ogerpon-Cornerstone, F|\n|poke|p2|Archeops, F|\n|poke|p2|Heatran, F|\n|teampreview\n|c|\u2606lolowtf09|realmente no tengo una frase\n|c|\u2606Leviatan4|Aparecer\u00e9 en tus ri\u00f1ones (?)\n|c|\u2606Leviatan4|No?\n|c|\u2606Leviatan4|XD\n|c|\u2606lolowtf09|maibe\n|\n|t:|1700693840\n|start\n|switch|p1a: Flash|Lokix, M|100\/100\n|switch|p2a: Tyranitar|Tyranitar, F|100\/100\n|-weather|Sandstorm|[from] ability: Sand Stream|[of] p2a: Tyranitar\n|turn|1\n|j| WSoldat\n|j| Void280\n|\n|t:|1700693875\n|-terastallize|p2a: Tyranitar|Fighting\n|move|p1a: Flash|U-turn|p2a: Tyranitar\n|-resisted|p2a: Tyranitar\n|-damage|p2a: Tyranitar|67\/100\n|-damage|p1a: Flash|91\/100|[from] item: Life Orb\n|c|\u2606Leviatan4|Hola\n|j| Gamer00ooO\n|\n|t:|1700693889\n|switch|p1a: Cannonball|Forretress, F|100\/100|[from] U-turn\n|move|p2a: Tyranitar|Power-Up Punch|p1a: Cannonball\n|-damage|p1a: Cannonball|78\/100\n|-boost|p2a: Tyranitar|atk|1\n|\n|-weather|Sandstorm|[upkeep]\n|-damage|p2a: Tyranitar|61\/100|[from] Sandstorm\n|upkeep\n|turn|2\n|c| Void280|Wtf monotype bicho\n|\n|t:|1700693900\n|move|p2a: Tyranitar|Earthquake|p1a: Cannonball\n|-damage|p1a: Cannonball|43\/100\n|move|p1a: Cannonball|Spikes|p2a: Tyranitar\n|-sidestart|p2: lolowtf09|Spikes\n|\n|-weather|Sandstorm|[upkeep]\n|-damage|p2a: Tyranitar|55\/100|[from] Sandstorm\n|upkeep\n|turn|3\n|c| WSoldat|Heatran besto roca\n|c|\u2606Leviatan4|Hola\n|\n|t:|1700693913\n|move|p2a: Tyranitar|Earthquake|p1a: Cannonball\n|-damage|p1a: Cannonball|7\/100\n|move|p1a: Cannonball|Spikes|p2a: Tyranitar\n|-sidestart|p2: lolowtf09|Spikes\n|\n|-weather|Sandstorm|[upkeep]\n|-damage|p2a: Tyranitar|49\/100|[from] Sandstorm\n|upkeep\n|turn|4\n|l| Gamer00ooO\n|l| Void280\n|-enditem|p1a: Cannonball|Custap Berry|[eat]\n|-activate|p1a: Cannonball|item: Custap Berry|[consumed]\n|\n|t:|1700693926\n|move|p1a: Cannonball|Explosion|p2a: Tyranitar\n|-damage|p2a: Tyranitar|8\/100\n|faint|p1a: Cannonball\n|move|p2a: Tyranitar|Power-Up Punch|p1: Cannonball|[notarget]\n|-fail|p2a: Tyranitar\n|\n|-weather|Sandstorm|[upkeep]\n|-damage|p2a: Tyranitar|2\/100|[from] Sandstorm\n|upkeep\n|\n|t:|1700693948\n|switch|p1a: Yanmega|Yanmega, F|100\/100\n|turn|5\n|\n|t:|1700693954\n|switch|p2a: Stakataka|Stakataka|100\/100\n|-damage|p2a: Stakataka|84\/100|[from] Spikes\n|move|p1a: Yanmega|Psychic|p2a: Stakataka\n|-resisted|p2a: Stakataka\n|-damage|p2a: Stakataka|73\/100\n|\n|-weather|none\n|-heal|p2a: Stakataka|79\/100|[from] item: Leftovers\n|-ability|p1a: Yanmega|Speed Boost|boost\n|-boost|p1a: Yanmega|spe|1\n|upkeep\n|turn|6\n|j| Gamer00ooO\n|c| Gamer00ooO|Hola\n|\n|t:|1700693973\n|move|p1a: Yanmega|Ancient Power|p2a: Stakataka\n|-resisted|p2a: Stakataka\n|-damage|p2a: Stakataka|69\/100\n|move|p2a: Stakataka|Stealth Rock|p1a: Yanmega\n|-sidestart|p1: Leviatan4|move: Stealth Rock\n|\n|-heal|p2a: Stakataka|75\/100|[from] item: Leftovers\n|-ability|p1a: Yanmega|Speed Boost|boost\n|-boost|p1a: Yanmega|spe|1\n|upkeep\n|turn|7\n|\n|t:|1700693980\n|move|p1a: Yanmega|Ancient Power|p2a: Stakataka\n|-resisted|p2a: Stakataka\n|-damage|p2a: Stakataka|63\/100\n|move|p2a: Stakataka|Gyro Ball|p1a: Yanmega\n|-damage|p1a: Yanmega|0 fnt\n|faint|p1a: Yanmega\n|-ability|p2a: Stakataka|Beast Boost|boost\n|-boost|p2a: Stakataka|def|1\n|\n|-heal|p2a: Stakataka|70\/100|[from] item: Leftovers\n|upkeep\n|l| Gamer00ooO\n|\n|t:|1700693996\n|switch|p1a: Flash|Lokix, M|91\/100\n|-damage|p1a: Flash|66\/100|[from] Stealth Rock\n|turn|8\n|j| Gamer00ooO\n|\n|t:|1700694000\n|move|p1a: Flash|First Impression|p2a: Stakataka\n|-resisted|p2a: Stakataka\n|-damage|p2a: Stakataka|50\/100\n|-damage|p1a: Flash|56\/100|[from] item: Life Orb\n|move|p2a: Stakataka|Gyro Ball|p1a: Flash\n|-damage|p1a: Flash|0 fnt\n|faint|p1a: Flash\n|-ability|p2a: Stakataka|Beast Boost|boost\n|-boost|p2a: Stakataka|def|1\n|\n|-heal|p2a: Stakataka|57\/100|[from] item: Leftovers\n|upkeep\n|j| Sylveon(404)\n|\n|t:|1700694026\n|switch|p1a: New One|Scizor, M|100\/100\n|-damage|p1a: New One|88\/100|[from] Stealth Rock\n|turn|9\n|\n|t:|1700694033\n|detailschange|p1a: New One|Scizor-Mega, M\n|-mega|p1a: New One|Scizor|Scizorite\n|move|p1a: New One|Swords Dance|p1a: New One\n|-boost|p1a: New One|atk|2\n|move|p2a: Stakataka|Earthquake|p1a: New One\n|-damage|p1a: New One|60\/100\n|\n|-heal|p2a: Stakataka|63\/100|[from] item: Leftovers\n|upkeep\n|turn|10\n|\n|t:|1700694044\n|move|p1a: New One|Superpower|p2a: Stakataka\n|-supereffective|p2a: Stakataka\n|-damage|p2a: Stakataka|0 fnt\n|-unboost|p1a: New One|atk|1\n|-unboost|p1a: New One|def|1\n|faint|p2a: Stakataka\n|\n|upkeep\n|\n|t:|1700694053\n|switch|p2a: Heatran|Heatran, F|100\/100\n|-damage|p2a: Heatran|84\/100|[from] Spikes\n|turn|11\n|l| Gamer00ooO\n|c| WSoldat|We\n|c| WSoldat|Scizor aprende close combat\n|j| Gamer00ooO\n|\n|t:|1700694064\n|move|p2a: Heatran|Flamethrower|p1a: New One\n|-supereffective|p1a: New One\n|-damage|p1a: New One|0 fnt\n|faint|p1a: New One\n|\n|upkeep\n|\n|t:|1700694076\n|switch|p1a: Ra|Volcarona, M, shiny|100\/100\n|turn|12\n|c| Gamer00ooO|Si\n|c|\u2606Leviatan4|a\n|\n|t:|1700694111\n|-terastallize|p1a: Ra|Ground\n|move|p1a: Ra|Quiver Dance|p1a: Ra\n|-boost|p1a: Ra|spa|1\n|-boost|p1a: Ra|spd|1\n|-boost|p1a: Ra|spe|1\n|move|p2a: Heatran|Earth Power|p1a: Ra\n|-damage|p1a: Ra|77\/100\n|\n|upkeep\n|turn|13\n|\n|t:|1700694123\n|move|p1a: Ra|Fiery Dance|p2a: Heatran\n|-start|p2a: Heatran|ability: Flash Fire\n|move|p2a: Heatran|Flamethrower|p1a: Ra\n|-damage|p1a: Ra|28\/100\n|\n|upkeep\n|turn|14\n|c|\u2606lolowtf09|a\n|l| Sylveon(404)\n|c|\u2606Leviatan4|:o\n|c|\u2606Leviatan4|Soy tonto\n|\n|t:|1700694148\n|move|p1a: Ra|Giga Drain|p2a: Heatran\n|-resisted|p2a: Heatran\n|-damage|p2a: Heatran|78\/100\n|-heal|p1a: Ra|31\/100|[from] drain|[of] p2a: Heatran\n|move|p2a: Heatran|Flamethrower|p1a: Ra\n|-damage|p1a: Ra|0 fnt\n|faint|p1a: Ra\n|\n|upkeep\n|c|\u2606lolowtf09|si eres\n|c|\u2606Leviatan4|:(\n|c| Gamer00ooO|Con la desesperaci\u00f3n se puede olvidar ese detalle\n|\n|t:|1700694184\n|switch|p1a: Strength|Heracross, M|100\/100\n|-damage|p1a: Strength|88\/100|[from] Stealth Rock\n|turn|15\n|\n|t:|1700694191\n|move|p1a: Strength|Close Combat|p2a: Heatran\n|-supereffective|p2a: Heatran\n|-damage|p2a: Heatran|0 fnt\n|-unboost|p1a: Strength|def|1\n|-unboost|p1a: Strength|spd|1\n|faint|p2a: Heatran\n|-ability|p1a: Strength|Moxie|boost\n|-boost|p1a: Strength|atk|1\n|\n|upkeep\n|c| Gamer00ooO|Solo te tiene que acomodar\n|\n|t:|1700694201\n|switch|p2a: Aerodactyl|Aerodactyl, M|100\/100\n|-ability|p2a: Aerodactyl|Unnerve\n|turn|16\n|\n|t:|1700694208\n|detailschange|p2a: Aerodactyl|Aerodactyl-Mega, M\n|-mega|p2a: Aerodactyl|Aerodactyl|Aerodactylite\n|move|p1a: Strength|Close Combat|p2a: Aerodactyl\n|-damage|p2a: Aerodactyl|0 fnt\n|-unboost|p1a: Strength|def|1\n|-unboost|p1a: Strength|spd|1\n|faint|p2a: Aerodactyl\n|-ability|p1a: Strength|Moxie|boost\n|-boost|p1a: Strength|atk|1\n|\n|upkeep\n|\n|t:|1700694217\n|switch|p2a: Ogerpon|Ogerpon-Cornerstone, F|100\/100\n|-damage|p2a: Ogerpon|84\/100|[from] Spikes\n|turn|17\n|\n|t:|1700694227\n|move|p1a: Strength|Close Combat|p2a: Ogerpon\n|-supereffective|p2a: Ogerpon\n|-damage|p2a: Ogerpon|0 fnt\n|-unboost|p1a: Strength|def|1\n|-unboost|p1a: Strength|spd|1\n|faint|p2a: Ogerpon\n|-ability|p1a: Strength|Moxie|boost\n|-boost|p1a: Strength|atk|1\n|\n|upkeep\n|c|\u2606lolowtf09|es scarf\n|c|\u2606lolowtf09|interesante\n|\n|t:|1700694236\n|switch|p2a: Archeops|Archeops, F|100\/100\n|turn|18\n|\n|t:|1700694241\n|move|p2a: Archeops|Dual Wingbeat|p1a: Strength\n|-supereffective|p1a: Strength\n|-damage|p1a: Strength|0 fnt\n|faint|p1a: Strength\n|-hitcount|p1: Strength|1\n|\n|win|lolowtf09\n|c| Gamer00ooO|Gg\n|c|\u2606Leviatan4|gg\n|c|\u2606lolowtf09|pero con tro scarf se lee gana\n","uploadtime":1700694250,"views":14,"p1id":"leviatan4","p2id":"lolowtf09","formatid":"gen9nationaldex","rating":0,"private":0,"password":""}