{"id":"gen9nationaldex-1990970885","p1":"Vvbttij","p2":"Par779ker","format":"[Gen 9] National Dex","log":"|j|\u2606Vvbttij\n|j|\u2606Par779ker\n|t:|1700021470\n|gametype|singles\n|player|p1|Vvbttij|red|1077\n|player|p2|Par779ker|cilan|1042\n|teamsize|p1|6\n|teamsize|p2|6\n|gen|9\n|tier|[Gen 9] National Dex\n|rated|\n|rule|HP Percentage Mod: HP is shown in percentages\n|rule|Endless Battle Clause: Forcing endless battles is banned\n|rule|OHKO Clause: OHKO moves are banned\n|rule|Evasion Clause: Evasion abilities, items, and moves are banned\n|rule|Evasion Abilities Clause: Evasion abilities are banned\n|rule|Evasion Items Clause: Evasion items are banned\n|rule|Evasion Moves Clause: Evasion moves are banned\n|rule|Species Clause: Limit one of each Pok\u00e9mon\n|rule|Sleep Clause Mod: Limit one foe put to sleep\n|clearpoke\n|poke|p1|Charizard, F|\n|poke|p1|Blastoise, F|\n|poke|p1|Venusaur, F|\n|poke|p1|Snorlax, F|\n|poke|p1|Lapras, F|\n|poke|p1|Pikachu, F|\n|poke|p2|Maushold-Four|\n|poke|p2|Kingdra, F|\n|poke|p2|Grimmsnarl, M|\n|poke|p2|Manectric, F|\n|poke|p2|Ceruledge, M|\n|poke|p2|Aerodactyl, F|\n|teampreview\n|\n|t:|1700021481\n|start\n|switch|p1a: Blastoise|Blastoise, F|100\/100\n|switch|p2a: Grimmsnarl|Grimmsnarl, M|100\/100\n|turn|1\n|\n|t:|1700021488\n|move|p2a: Grimmsnarl|Trick|p1a: Blastoise\n|-activate|p2a: Grimmsnarl|move: Trick|[of] p1a: Blastoise\n|-item|p1a: Blastoise|Lagging Tail|[from] move: Trick\n|-item|p2a: Grimmsnarl|Focus Sash|[from] move: Trick\n|move|p1a: Blastoise|Shell Smash|p1a: Blastoise\n|-unboost|p1a: Blastoise|def|1\n|-unboost|p1a: Blastoise|spd|1\n|-boost|p1a: Blastoise|atk|2\n|-boost|p1a: Blastoise|spa|2\n|-boost|p1a: Blastoise|spe|2\n|\n|upkeep\n|turn|2\n|\n|t:|1700021499\n|move|p2a: Grimmsnarl|Reflect|p2a: Grimmsnarl\n|-sidestart|p2: Par779ker|Reflect\n|move|p1a: Blastoise|Scald|p2a: Grimmsnarl\n|-crit|p2a: Grimmsnarl\n|-damage|p2a: Grimmsnarl|18\/100\n|\n|upkeep\n|turn|3\n|\n|t:|1700021503\n|move|p2a: Grimmsnarl|Light Screen|p2a: Grimmsnarl\n|-sidestart|p2: Par779ker|move: Light Screen\n|move|p1a: Blastoise|Scald|p2a: Grimmsnarl\n|-damage|p2a: Grimmsnarl|0 fnt\n|faint|p2a: Grimmsnarl\n|\n|upkeep\n|\n|t:|1700021513\n|switch|p2a: Manectric|Manectric, F|100\/100\n|turn|4\n|\n|t:|1700021517\n|-terastallize|p1a: Blastoise|Ground\n|move|p2a: Manectric|Thunderbolt|p1a: Blastoise\n|-immune|p1a: Blastoise\n|move|p1a: Blastoise|Scald|p2a: Manectric\n|-damage|p2a: Manectric|38\/100\n|-status|p2a: Manectric|brn\n|\n|-damage|p2a: Manectric|32\/100 brn|[from] brn\n|upkeep\n|turn|5\n|inactive|Battle timer is ON: inactive players will automatically lose when time's up. (requested by Par779ker)\n|\n|t:|1700021534\n|switch|p2a: Kingdra|Kingdra, F|100\/100\n|move|p1a: Blastoise|Shell Smash|p1a: Blastoise\n|-unboost|p1a: Blastoise|def|1\n|-unboost|p1a: Blastoise|spd|1\n|-boost|p1a: Blastoise|atk|2\n|-boost|p1a: Blastoise|spa|2\n|-boost|p1a: Blastoise|spe|2\n|\n|upkeep\n|turn|6\n|\n|t:|1700021547\n|switch|p1a: Lapras|Lapras, F|100\/100\n|move|p2a: Kingdra|Yawn|p1a: Lapras\n|-start|p1a: Lapras|move: Yawn|[of] p2a: Kingdra\n|\n|-sideend|p2: Par779ker|Reflect\n|upkeep\n|turn|7\n|\n|t:|1700021561\n|switch|p2a: Aerodactyl|Aerodactyl, F|100\/100\n|move|p1a: Lapras|Dragon Dance|p1a: Lapras\n|-boost|p1a: Lapras|atk|1\n|-boost|p1a: Lapras|spe|1\n|\n|-end|p1a: Lapras|move: Yawn|[silent]\n|-status|p1a: Lapras|slp\n|-sideend|p2: Par779ker|move: Light Screen\n|upkeep\n|turn|8\n|\n|t:|1700021571\n|detailschange|p2a: Aerodactyl|Aerodactyl-Mega, F\n|-mega|p2a: Aerodactyl|Aerodactyl|Aerodactylite\n|move|p2a: Aerodactyl|Tailwind|p2a: Aerodactyl\n|-sidestart|p2: Par779ker|move: Tailwind\n|cant|p1a: Lapras|slp\n|\n|upkeep\n|turn|9\n|\n|t:|1700021579\n|move|p2a: Aerodactyl|Rock Slide|p1a: Lapras\n|-supereffective|p1a: Lapras\n|-damage|p1a: Lapras|0 fnt\n|faint|p1a: Lapras\n|\n|upkeep\n|\n|t:|1700021585\n|switch|p1a: Blastoise|Blastoise, F, tera:Ground|100\/100\n|turn|10\n|\n|t:|1700021592\n|move|p2a: Aerodactyl|Dual Wingbeat|p1a: Blastoise\n|-damage|p1a: Blastoise|66\/100\n|-damage|p1a: Blastoise|29\/100\n|-hitcount|p1a: Blastoise|2\n|move|p1a: Blastoise|Scald|p2a: Aerodactyl\n|-supereffective|p2a: Aerodactyl\n|-damage|p2a: Aerodactyl|0 fnt\n|faint|p2a: Aerodactyl\n|\n|upkeep\n|\n|t:|1700021607\n|switch|p2a: Ceruledge|Ceruledge, M|100\/100\n|turn|11\n|\n|t:|1700021614\n|move|p2a: Ceruledge|Bitter Blade|p1a: Blastoise\n|-damage|p1a: Blastoise|0 fnt\n|faint|p1a: Blastoise\n|\n|-sideend|p2: Par779ker|move: Tailwind\n|upkeep\n|\n|t:|1700021620\n|switch|p1a: Snorlax|Snorlax, F, shiny|100\/100\n|turn|12\n|\n|t:|1700021623\n|move|p2a: Ceruledge|Bitter Blade|p1a: Snorlax\n|-damage|p1a: Snorlax|59\/100\n|move|p1a: Snorlax|Earthquake|p2a: Ceruledge\n|-supereffective|p2a: Ceruledge\n|-damage|p2a: Ceruledge|7\/100\n|-ability|p2a: Ceruledge|Weak Armor|boost\n|-unboost|p2a: Ceruledge|def|1\n|-boost|p2a: Ceruledge|spe|2\n|\n|upkeep\n|turn|13\n|\n|t:|1700021633\n|move|p2a: Ceruledge|Bitter Blade|p1a: Snorlax\n|-damage|p1a: Snorlax|15\/100\n|-heal|p2a: Ceruledge|47\/100|[from] drain|[of] p1a: Snorlax\n|-enditem|p1a: Snorlax|Aguav Berry|[eat]\n|-heal|p1a: Snorlax|48\/100|[from] item: Aguav Berry\n|move|p1a: Snorlax|Earthquake|p2a: Ceruledge\n|-supereffective|p2a: Ceruledge\n|-damage|p2a: Ceruledge|0 fnt\n|faint|p2a: Ceruledge\n|\n|upkeep\n|\n|t:|1700021646\n|switch|p2a: Manectric|Manectric, F|32\/100 brn\n|turn|14\n|\n|t:|1700021651\n|move|p2a: Manectric|Thunderbolt|p1a: Snorlax\n|-damage|p1a: Snorlax|10\/100\n|move|p1a: Snorlax|Earthquake|p2a: Manectric\n|-supereffective|p2a: Manectric\n|-damage|p2a: Manectric|0 fnt\n|faint|p2a: Manectric\n|\n|upkeep\n|\n|t:|1700021662\n|switch|p2a: Kingdra|Kingdra, F|100\/100\n|turn|15\n|\n|t:|1700021667\n|move|p2a: Kingdra|Rain Dance|p2a: Kingdra\n|-weather|RainDance\n|move|p1a: Snorlax|Body Slam|p2a: Kingdra\n|-damage|p2a: Kingdra|46\/100\n|\n|-weather|RainDance|[upkeep]\n|upkeep\n|turn|16\n|\n|t:|1700021681\n|move|p2a: Kingdra|Waterfall|p1a: Snorlax\n|-damage|p1a: Snorlax|0 fnt\n|faint|p1a: Snorlax\n|-damage|p2a: Kingdra|36\/100|[from] item: Life Orb\n|\n|-weather|RainDance|[upkeep]\n|upkeep\n|\n|t:|1700021684\n|switch|p1a: Venusaur|Venusaur, F|100\/100\n|turn|17\n|\n|t:|1700021692\n|detailschange|p1a: Venusaur|Venusaur-Mega, F\n|-mega|p1a: Venusaur|Venusaur|Venusaurite\n|move|p2a: Kingdra|Yawn|p1a: Venusaur\n|-start|p1a: Venusaur|move: Yawn|[of] p2a: Kingdra\n|move|p1a: Venusaur|Toxic|p2a: Kingdra\n|-status|p2a: Kingdra|tox\n|\n|-weather|RainDance|[upkeep]\n|-damage|p2a: Kingdra|30\/100 tox|[from] psn\n|upkeep\n|turn|18\n|\n|t:|1700021712\n|switch|p1a: Charizard|Charizard, F|100\/100\n|move|p2a: Kingdra|Outrage|p1a: Charizard\n|-damage|p1a: Charizard|0 fnt\n|faint|p1a: Charizard\n|-damage|p2a: Kingdra|20\/100 tox|[from] item: Life Orb\n|\n|-weather|RainDance|[upkeep]\n|-damage|p2a: Kingdra|7\/100 tox|[from] psn\n|upkeep\n|\n|t:|1700021721\n|switch|p1a: Pikachu|Pikachu, F|100\/100\n|turn|19\n|\n|t:|1700021728\n|move|p1a: Pikachu|Endure|p1a: Pikachu\n|-singleturn|p1a: Pikachu|move: Endure\n|move|p2a: Kingdra|Outrage|p1a: Pikachu|[from]lockedmove\n|-activate|p1a: Pikachu|move: Endure\n|-damage|p1a: Pikachu|1\/100\n|-enditem|p1a: Pikachu|Salac Berry|[eat]\n|-boost|p1a: Pikachu|spe|1|[from] item: Salac Berry\n|-damage|p2a: Kingdra|0 fnt|[from] item: Life Orb\n|faint|p2a: Kingdra\n|\n|-weather|none\n|upkeep\n|\n|t:|1700021744\n|switch|p2a: Maushold|Maushold-Four|100\/100\n|turn|20\n|\n|t:|1700021750\n|-terastallize|p2a: Maushold|Normal\n|move|p1a: Pikachu|Endeavor|p2a: Maushold\n|-damage|p2a: Maushold|1\/100\n|move|p2a: Maushold|Tidy Up|p2a: Maushold\n|-boost|p2a: Maushold|atk|1\n|-boost|p2a: Maushold|spe|1\n|\n|upkeep\n|turn|21\n|c|\u2606Vvbttij|Gg\n|c|\u2606Vvbttij|I like your team\n|\n|t:|1700021770\n|switch|p1a: Venusaur|Venusaur-Mega, F|100\/100\n|move|p2a: Maushold|Aerial Ace|p1a: Venusaur\n|-supereffective|p1a: Venusaur\n|-damage|p1a: Venusaur|55\/100\n|\n|upkeep\n|turn|22\n|\n|t:|1700021776\n|move|p2a: Maushold|Population Bomb|p1a: Venusaur\n|-damage|p1a: Venusaur|40\/100\n|-damage|p1a: Venusaur|25\/100\n|-damage|p1a: Venusaur|10\/100\n|-damage|p1a: Venusaur|0 fnt\n|faint|p1a: Venusaur\n|-hitcount|p1: Venusaur|4\n|\n|upkeep\n|\n|t:|1700021783\n|switch|p1a: Pikachu|Pikachu, F|1\/100\n|turn|23\n|\n|t:|1700021788\n|move|p1a: Pikachu|Endure|p1a: Pikachu\n|-singleturn|p1a: Pikachu|move: Endure\n|move|p2a: Maushold|Aerial Ace|p1a: Pikachu\n|-resisted|p1a: Pikachu\n|-activate|p1a: Pikachu|move: Endure\n|-damage|p1a: Pikachu|1\/100\n|\n|upkeep\n|turn|24\n|\n|t:|1700021796\n|move|p1a: Pikachu|Quick Attack|p2a: Maushold\n|-damage|p2a: Maushold|0 fnt\n|faint|p2a: Maushold\n|\n|win|Vvbttij\n|raw|Vvbttij's rating: 1077 &rarr; <strong>1103<\/strong><br \/>(+26 for winning)\n|raw|Par779ker's rating: 1042 &rarr; <strong>1027<\/strong><br \/>(-15 for losing)\n|c|\u2606Vvbttij|Gg\n|l|\u2606Par779ker\n","uploadtime":1700021803,"views":4,"p1id":"vvbttij","p2id":"par779ker","formatid":"gen9nationaldex","rating":1027,"private":0,"password":""}