{"id":"gen9nationaldex-1992072006","p1":"Aceman2798","p2":"meykii","format":"[Gen 9] National Dex","log":"|j|\u2606Aceman2798\n|j|\u2606meykii\n|t:|1700152716\n|gametype|singles\n|player|p1|Aceman2798|acetrainer-gen4dp|\n|player|p2|meykii|266|\n|teamsize|p1|6\n|teamsize|p2|6\n|gen|9\n|tier|[Gen 9] National Dex\n|rule|HP Percentage Mod: HP is shown in percentages\n|rule|Endless Battle Clause: Forcing endless battles is banned\n|rule|OHKO Clause: OHKO moves are banned\n|rule|Evasion Clause: Evasion abilities, items, and moves are banned\n|rule|Evasion Abilities Clause: Evasion abilities are banned\n|rule|Evasion Items Clause: Evasion items are banned\n|rule|Evasion Moves Clause: Evasion moves are banned\n|rule|Species Clause: Limit one of each Pok\u00e9mon\n|rule|Sleep Clause Mod: Limit one foe put to sleep\n|clearpoke\n|poke|p1|Metagross|\n|poke|p1|Heatran, M|\n|poke|p1|Empoleon, F|\n|poke|p1|Skarmory, F|\n|poke|p1|Magnezone|\n|poke|p1|Aegislash, M|\n|poke|p2|Infernape, F|\n|poke|p2|Zoroark-Hisui, F|\n|poke|p2|Alomomola, F|\n|poke|p2|Nidoqueen, F|\n|poke|p2|Flamigo, M|\n|poke|p2|Magnezone|\n|teampreview\n|c|\u2606meykii|glhf go easy on me kay >.<\n|\n|t:|1700152798\n|start\n|switch|p1a: Heatran|Heatran, M|100\/100\n|switch|p2a: Alomomola|Alomomola, F|100\/100\n|-item|p1a: Heatran|Air Balloon\n|turn|1\n|\n|t:|1700152826\n|move|p1a: Heatran|Toxic|p2a: Alomomola\n|-status|p2a: Alomomola|tox\n|move|p2a: Alomomola|Flip Turn|p1a: Heatran\n|-supereffective|p1a: Heatran\n|-damage|p1a: Heatran|76\/100\n|-enditem|p1a: Heatran|Air Balloon\n|\n|t:|1700152834\n|switch|p2a: Flamigo|Flamigo, M|100\/100|[from] Flip Turn\n|\n|upkeep\n|turn|2\n|\n|t:|1700152847\n|switch|p1a: Skarmory|Skarmory, F|100\/100\n|move|p2a: Flamigo|Close Combat|p1a: Skarmory\n|-damage|p1a: Skarmory|54\/100\n|-unboost|p2a: Flamigo|def|1\n|-unboost|p2a: Flamigo|spd|1\n|\n|upkeep\n|turn|3\n|\n|t:|1700152888\n|switch|p2a: Infernape|Infernape, F|100\/100\n|move|p1a: Skarmory|Roost|p1a: Skarmory\n|-heal|p1a: Skarmory|100\/100\n|-singleturn|p1a: Skarmory|move: Roost\n|\n|upkeep\n|turn|4\n|\n|t:|1700152901\n|switch|p1a: Empoleon|Empoleon, F|100\/100\n|move|p2a: Infernape|Encore||[still]\n|-fail|p2a: Infernape\n|\n|upkeep\n|turn|5\n|\n|t:|1700152908\n|switch|p2a: Alomomola|Alomomola, F|100\/100 tox\n|move|p1a: Empoleon|Hydro Pump|p2a: Alomomola\n|-resisted|p2a: Alomomola\n|-damage|p2a: Alomomola|76\/100 tox\n|\n|-damage|p2a: Alomomola|69\/100 tox|[from] psn\n|upkeep\n|turn|6\n|\n|t:|1700152922\n|move|p1a: Empoleon|Hydro Pump|p2a: Alomomola\n|-resisted|p2a: Alomomola\n|-damage|p2a: Alomomola|41\/100 tox\n|move|p2a: Alomomola|Flip Turn|p1a: Empoleon\n|-resisted|p1a: Empoleon\n|-damage|p1a: Empoleon|91\/100\n|\n|t:|1700152930\n|switch|p2a: Magnezone|Magnezone|100\/100|[from] Flip Turn\n|\n|upkeep\n|turn|7\n|\n|t:|1700152962\n|move|p1a: Empoleon|Hydro Pump|p2a: Magnezone\n|-damage|p2a: Magnezone|60\/100\n|move|p2a: Magnezone|Volt Switch|p1a: Empoleon\n|-supereffective|p1a: Empoleon\n|-damage|p1a: Empoleon|9\/100\n|\n|t:|1700152969\n|switch|p2a: Infernape|Infernape, F|100\/100|[from] Volt Switch\n|\n|upkeep\n|turn|8\n|\n|t:|1700152978\n|move|p2a: Infernape|Mach Punch|p1a: Empoleon\n|-supereffective|p1a: Empoleon\n|-damage|p1a: Empoleon|0 fnt\n|faint|p1a: Empoleon\n|\n|upkeep\n|\n|t:|1700152991\n|switch|p1a: Metagross|Metagross|100\/100\n|turn|9\n|\n|t:|1700152997\n|move|p2a: Infernape|Fire Blast|p1a: Metagross\n|-supereffective|p1a: Metagross\n|-damage|p1a: Metagross|0 fnt\n|faint|p1a: Metagross\n|\n|upkeep\n|\n|t:|1700153014\n|switch|p1a: Magnezone|Magnezone|100\/100\n|turn|10\n|\n|t:|1700153019\n|switch|p2a: Nidoqueen|Nidoqueen, F|100\/100\n|move|p1a: Magnezone|Volt Switch|p2a: Nidoqueen\n|-immune|p2a: Nidoqueen\n|\n|upkeep\n|turn|11\n|\n|t:|1700153029\n|move|p2a: Nidoqueen|Earth Power|p1a: Magnezone\n|-supereffective|p1a: Magnezone\n|-ability|p1a: Magnezone|Sturdy\n|-damage|p1a: Magnezone|1\/100\n|move|p1a: Magnezone|Flash Cannon|p2a: Nidoqueen\n|-damage|p2a: Nidoqueen|61\/100\n|\n|-heal|p2a: Nidoqueen|67\/100|[from] item: Black Sludge\n|upkeep\n|turn|12\n|\n|t:|1700153038\n|move|p2a: Nidoqueen|Thunderbolt|p1a: Magnezone\n|-resisted|p1a: Magnezone\n|-damage|p1a: Magnezone|0 fnt\n|faint|p1a: Magnezone\n|\n|-heal|p2a: Nidoqueen|73\/100|[from] item: Black Sludge\n|upkeep\n|\n|t:|1700153046\n|switch|p1a: Aegislash|Aegislash, M|100\/100\n|turn|13\n|\n|t:|1700153061\n|move|p2a: Nidoqueen|Earth Power|p1a: Aegislash\n|-supereffective|p1a: Aegislash\n|-damage|p1a: Aegislash|50\/100\n|-formechange|p1a: Aegislash|Aegislash-Blade||[from] ability: Stance Change\n|move|p1a: Aegislash|Shadow Ball|p2a: Nidoqueen\n|-damage|p2a: Nidoqueen|44\/100\n|\n|-heal|p2a: Nidoqueen|50\/100|[from] item: Black Sludge\n|-heal|p1a: Aegislash|56\/100|[from] item: Leftovers\n|upkeep\n|turn|14\n|\n|t:|1700153072\n|-formechange|p1a: Aegislash|Aegislash||[from] ability: Stance Change\n|move|p1a: Aegislash|King's Shield|p1a: Aegislash\n|-singleturn|p1a: Aegislash|Protect\n|move|p2a: Nidoqueen|Earth Power|p1a: Aegislash\n|-activate|p1a: Aegislash|move: Protect\n|\n|-heal|p2a: Nidoqueen|56\/100|[from] item: Black Sludge\n|-heal|p1a: Aegislash|62\/100|[from] item: Leftovers\n|upkeep\n|turn|15\n|\n|t:|1700153082\n|move|p2a: Nidoqueen|Earth Power|p1a: Aegislash\n|-supereffective|p1a: Aegislash\n|-damage|p1a: Aegislash|10\/100\n|-formechange|p1a: Aegislash|Aegislash-Blade||[from] ability: Stance Change\n|move|p1a: Aegislash|Shadow Ball|p2a: Nidoqueen\n|-damage|p2a: Nidoqueen|23\/100\n|-unboost|p2a: Nidoqueen|spd|1\n|\n|-heal|p2a: Nidoqueen|29\/100|[from] item: Black Sludge\n|-heal|p1a: Aegislash|16\/100|[from] item: Leftovers\n|upkeep\n|turn|16\n|\n|t:|1700153099\n|-formechange|p1a: Aegislash|Aegislash||[from] ability: Stance Change\n|move|p1a: Aegislash|King's Shield|p1a: Aegislash\n|-singleturn|p1a: Aegislash|Protect\n|move|p2a: Nidoqueen|Earth Power|p1a: Aegislash\n|-activate|p1a: Aegislash|move: Protect\n|\n|-heal|p2a: Nidoqueen|35\/100|[from] item: Black Sludge\n|-heal|p1a: Aegislash|22\/100|[from] item: Leftovers\n|upkeep\n|turn|17\n|\n|t:|1700153105\n|switch|p1a: Skarmory|Skarmory, F|100\/100\n|move|p2a: Nidoqueen|Earth Power|p1a: Skarmory\n|-immune|p1a: Skarmory\n|\n|-heal|p2a: Nidoqueen|41\/100|[from] item: Black Sludge\n|upkeep\n|turn|18\n|\n|t:|1700153108\n|switch|p1a: Heatran|Heatran, M|76\/100\n|move|p2a: Nidoqueen|Thunderbolt|p1a: Heatran\n|-damage|p1a: Heatran|53\/100\n|\n|-heal|p2a: Nidoqueen|47\/100|[from] item: Black Sludge\n|upkeep\n|turn|19\n|\n|t:|1700153117\n|-terastallize|p1a: Heatran|Ghost\n|move|p1a: Heatran|Earth Power|p2a: Nidoqueen\n|-supereffective|p2a: Nidoqueen\n|-damage|p2a: Nidoqueen|0 fnt\n|faint|p2a: Nidoqueen\n|\n|upkeep\n|\n|t:|1700153121\n|switch|p2a: Alomomola|Alomomola, F|100\/100\n|turn|20\n|\n|t:|1700153135\n|switch|p1a: Aegislash|Aegislash, M|22\/100\n|move|p2a: Alomomola|Shadow Ball|p1a: Aegislash\n|-supereffective|p1a: Aegislash\n|-damage|p1a: Aegislash|0 fnt\n|faint|p1a: Aegislash\n|\n|upkeep\n|\n|t:|1700153140\n|switch|p1a: Heatran|Heatran, M, tera:Ghost|53\/100\n|turn|21\n|\n|t:|1700153146\n|move|p2a: Alomomola|Shadow Ball|p1a: Heatran\n|-supereffective|p1a: Heatran\n|-damage|p1a: Heatran|0 fnt\n|faint|p1a: Heatran\n|\n|upkeep\n|\n|t:|1700153148\n|switch|p1a: Skarmory|Skarmory, F|100\/100\n|turn|22\n|\n|t:|1700153168\n|move|p2a: Alomomola|Shadow Ball|p1a: Skarmory\n|-damage|p1a: Skarmory|12\/100\n|move|p1a: Skarmory|Whirlwind|p2a: Alomomola\n|drag|p2a: Magnezone|Magnezone|60\/100\n|\n|upkeep\n|turn|23\n|\n|t:|1700153172\n|move|p1a: Skarmory|Roost|p1a: Skarmory\n|-heal|p1a: Skarmory|62\/100\n|-singleturn|p1a: Skarmory|move: Roost\n|move|p2a: Magnezone|Volt Switch|p1a: Skarmory\n|-damage|p1a: Skarmory|8\/100\n|\n|t:|1700153175\n|switch|p2a: Flamigo|Flamigo, M|100\/100|[from] Volt Switch\n|\n|upkeep\n|turn|24\n|\n|t:|1700153180\n|move|p2a: Flamigo|Close Combat|p1a: Skarmory\n|-damage|p1a: Skarmory|0 fnt\n|-unboost|p2a: Flamigo|def|1\n|-unboost|p2a: Flamigo|spd|1\n|faint|p1a: Skarmory\n|\n|win|meykii\n|c|\u2606Aceman2798|gg wp\n|c|\u2606meykii|gg v wp\n","uploadtime":1700153237,"views":5,"p1id":"aceman2798","p2id":"meykii","formatid":"gen9nationaldex","rating":0,"private":0,"password":""}