{"id":"gen9nationaldex-1987901363","p1":"GhostDragon937","p2":"Water Boy3434","format":"[Gen 9] National Dex","log":"|j|\u2606GhostDragon937\n|j|\u2606Water Boy3434\n|t:|1699647401\n|gametype|singles\n|player|p1|GhostDragon937|hilbert|1000\n|player|p2|Water Boy3434|crasherwake|1040\n|teamsize|p1|6\n|teamsize|p2|6\n|gen|9\n|tier|[Gen 9] National Dex\n|rated|\n|rule|HP Percentage Mod: HP is shown in percentages\n|rule|Endless Battle Clause: Forcing endless battles is banned\n|rule|OHKO Clause: OHKO moves are banned\n|rule|Evasion Clause: Evasion abilities, items, and moves are banned\n|rule|Evasion Abilities Clause: Evasion abilities are banned\n|rule|Evasion Items Clause: Evasion items are banned\n|rule|Evasion Moves Clause: Evasion moves are banned\n|rule|Species Clause: Limit one of each Pok\u00e9mon\n|rule|Sleep Clause Mod: Limit one foe put to sleep\n|clearpoke\n|poke|p1|Greninja-*, M|\n|poke|p1|Volcarona, F|\n|poke|p1|Amoonguss, M|\n|poke|p1|Corviknight, M|\n|poke|p1|Garchomp, M|\n|poke|p1|Diancie|\n|poke|p2|Urshifu-*, F|\n|poke|p2|Pelipper, F|\n|poke|p2|Swampert, F|\n|poke|p2|Barraskewda, F|\n|poke|p2|Feraligatr, F|\n|poke|p2|Ludicolo, M|\n|teampreview\n|inactive|Battle timer is ON: inactive players will automatically lose when time's up. (requested by Water Boy3434)\n|inactive|GhostDragon937 also wants the timer to be on.\n|\n|t:|1699647408\n|start\n|switch|p1a: Garchomp|Garchomp, M|100\/100\n|switch|p2a: Pelipper|Pelipper, F, shiny|100\/100\n|-weather|RainDance|[from] ability: Drizzle|[of] p2a: Pelipper\n|turn|1\n|\n|t:|1699647414\n|move|p1a: Garchomp|Stealth Rock|p2a: Pelipper\n|-sidestart|p2: Water Boy3434|move: Stealth Rock\n|move|p2a: Pelipper|Ice Beam|p1a: Garchomp\n|-supereffective|p1a: Garchomp\n|-damage|p1a: Garchomp|0 fnt\n|faint|p1a: Garchomp\n|\n|-weather|RainDance|[upkeep]\n|upkeep\n|\n|t:|1699647427\n|switch|p1a: Diancie|Diancie, shiny|100\/100\n|turn|2\n|\n|t:|1699647438\n|detailschange|p1a: Diancie|Diancie-Mega, shiny\n|-mega|p1a: Diancie|Diancie|Diancite\n|move|p1a: Diancie|Diamond Storm|p2a: Pelipper\n|-supereffective|p2a: Pelipper\n|-damage|p2a: Pelipper|0 fnt\n|faint|p2a: Pelipper\n|\n|-weather|RainDance|[upkeep]\n|upkeep\n|\n|t:|1699647448\n|switch|p2a: Swampert|Swampert, F|100\/100\n|-damage|p2a: Swampert|94\/100|[from] Stealth Rock\n|turn|3\n|\n|t:|1699647455\n|switch|p1a: Amoonguss|Amoonguss, M|100\/100\n|detailschange|p2a: Swampert|Swampert-Mega, F\n|-mega|p2a: Swampert|Swampert|Swampertite\n|move|p2a: Swampert|Earthquake|p1a: Amoonguss\n|-crit|p1a: Amoonguss\n|-damage|p1a: Amoonguss|0 fnt\n|faint|p1a: Amoonguss\n|\n|-weather|RainDance|[upkeep]\n|upkeep\n|\n|t:|1699647463\n|switch|p1a: Volcarona|Volcarona, F|100\/100\n|turn|4\n|\n|t:|1699647468\n|-terastallize|p1a: Volcarona|Grass\n|move|p2a: Swampert|Flip Turn|p1a: Volcarona\n|-resisted|p1a: Volcarona\n|-damage|p1a: Volcarona|59\/100\n|-status|p2a: Swampert|brn|[from] ability: Flame Body|[of] p1a: Volcarona\n|\n|t:|1699647478\n|switch|p2a: Ludicolo|Ludicolo, M|100\/100|[from] Flip Turn\n|-damage|p2a: Ludicolo|88\/100|[from] Stealth Rock\n|move|p1a: Volcarona|Giga Drain|p2a: Ludicolo\n|-damage|p2a: Ludicolo|55\/100\n|-heal|p1a: Volcarona|77\/100|[from] drain|[of] p2a: Ludicolo\n|\n|-weather|RainDance|[upkeep]\n|-heal|p2a: Ludicolo|61\/100|[from] ability: Rain Dish\n|-heal|p1a: Volcarona|83\/100|[from] item: Leftovers\n|-heal|p2a: Ludicolo|67\/100|[from] item: Leftovers\n|upkeep\n|turn|5\n|\n|t:|1699647495\n|move|p1a: Volcarona|Bug Buzz|p2a: Ludicolo\n|-supereffective|p2a: Ludicolo\n|-damage|p2a: Ludicolo|0 fnt\n|faint|p2a: Ludicolo\n|\n|-weather|RainDance|[upkeep]\n|-heal|p1a: Volcarona|89\/100|[from] item: Leftovers\n|upkeep\n|\n|t:|1699647506\n|switch|p2a: Barraskewda|Barraskewda, F|100\/100\n|-damage|p2a: Barraskewda|88\/100|[from] Stealth Rock\n|turn|6\n|\n|t:|1699647513\n|move|p2a: Barraskewda|Close Combat|p1a: Volcarona\n|-damage|p1a: Volcarona|0 fnt\n|-unboost|p2a: Barraskewda|def|1\n|-unboost|p2a: Barraskewda|spd|1\n|-status|p2a: Barraskewda|brn|[from] ability: Flame Body|[of] p1a: Volcarona\n|faint|p1a: Volcarona\n|\n|-weather|RainDance|[upkeep]\n|-damage|p2a: Barraskewda|82\/100 brn|[from] brn\n|upkeep\n|\n|t:|1699647526\n|switch|p1a: Greninja|Greninja, M|100\/100\n|turn|7\n|\n|t:|1699647531\n|move|p2a: Barraskewda|Close Combat|p1a: Greninja\n|-supereffective|p1a: Greninja\n|-damage|p1a: Greninja|0 fnt\n|-unboost|p2a: Barraskewda|def|1\n|-unboost|p2a: Barraskewda|spd|1\n|faint|p1a: Greninja\n|\n|-weather|RainDance|[upkeep]\n|-damage|p2a: Barraskewda|76\/100 brn|[from] brn\n|upkeep\n|\n|t:|1699647536\n|switch|p1a: Corviknight|Corviknight, M|100\/100\n|turn|8\n|\n|t:|1699647541\n|move|p2a: Barraskewda|Close Combat|p1a: Corviknight\n|-crit|p1a: Corviknight\n|-damage|p1a: Corviknight|51\/100\n|-unboost|p2a: Barraskewda|def|1\n|-unboost|p2a: Barraskewda|spd|1\n|move|p1a: Corviknight|Body Press|p2a: Barraskewda\n|-damage|p2a: Barraskewda|0 fnt\n|faint|p2a: Barraskewda\n|\n|-weather|none\n|-heal|p1a: Corviknight|57\/100|[from] item: Leftovers\n|upkeep\n|\n|t:|1699647551\n|switch|p2a: Feraligatr|Feraligatr, F, shiny|100\/100\n|-damage|p2a: Feraligatr|88\/100|[from] Stealth Rock\n|turn|9\n|\n|t:|1699647557\n|move|p2a: Feraligatr|Ice Punch|p1a: Corviknight\n|-damage|p1a: Corviknight|13\/100\n|move|p1a: Corviknight|Body Press|p2a: Feraligatr\n|-damage|p2a: Feraligatr|66\/100\n|\n|-heal|p1a: Corviknight|19\/100|[from] item: Leftovers\n|upkeep\n|turn|10\n|\n|t:|1699647564\n|move|p2a: Feraligatr|Ice Punch|p1a: Corviknight\n|-damage|p1a: Corviknight|0 fnt\n|faint|p1a: Corviknight\n|\n|upkeep\n|\n|t:|1699647566\n|switch|p1a: Diancie|Diancie-Mega, shiny|100\/100\n|turn|11\n|\n|t:|1699647574\n|move|p1a: Diancie|Draining Kiss|p2a: Feraligatr\n|-damage|p2a: Feraligatr|24\/100\n|move|p2a: Feraligatr|Liquidation|p1a: Diancie\n|-supereffective|p1a: Diancie\n|-damage|p1a: Diancie|0 fnt\n|faint|p1a: Diancie\n|\n|win|Water Boy3434\n|raw|GhostDragon937's rating: 1000 &rarr; <strong>1000<\/strong><br \/>(+0 for losing)\n|raw|Water Boy3434's rating: 1040 &rarr; <strong>1070<\/strong><br \/>(+30 for winning)\n|l|\u2606GhostDragon937\n|c|\u2606Water Boy3434|gg\n","uploadtime":1699647589,"views":13,"p1id":"ghostdragon937","p2id":"waterboy3434","formatid":"gen9nationaldex","rating":1000,"private":0,"password":""}