{"id":"gen9nationaldex-1987562892","p1":"yejunkang","p2":"Dark Umbreon 08","format":"[Gen 9] National Dex","log":"|j|\u2606yejunkang\n|j|\u2606Dark Umbreon 08\n|t:|1699612540\n|gametype|singles\n|player|p1|yejunkang|1|1251\n|player|p2|Dark Umbreon 08|lass-gen4dp|1266\n|teamsize|p1|6\n|teamsize|p2|6\n|gen|9\n|tier|[Gen 9] National Dex\n|rated|\n|rule|HP Percentage Mod: HP is shown in percentages\n|rule|Endless Battle Clause: Forcing endless battles is banned\n|rule|OHKO Clause: OHKO moves are banned\n|rule|Evasion Clause: Evasion abilities, items, and moves are banned\n|rule|Evasion Abilities Clause: Evasion abilities are banned\n|rule|Evasion Items Clause: Evasion items are banned\n|rule|Evasion Moves Clause: Evasion moves are banned\n|rule|Species Clause: Limit one of each Pok\u00e9mon\n|rule|Sleep Clause Mod: Limit one foe put to sleep\n|clearpoke\n|poke|p1|Hatterene, F|\n|poke|p1|Cresselia, F|\n|poke|p1|Crawdaunt, F|\n|poke|p1|Ampharos, F|\n|poke|p1|Arboliva, M|\n|poke|p1|Skeledirge, F|\n|poke|p2|Blaziken, M|\n|poke|p2|Hoopa-Unbound|\n|poke|p2|Banette, F|\n|poke|p2|Ferrothorn, F|\n|poke|p2|Kommo-o, M|\n|poke|p2|Greninja-*, M|\n|teampreview\n|inactive|Battle timer is ON: inactive players will automatically lose when time's up. (requested by yejunkang)\n|inactive|Dark Umbreon 08 also wants the timer to be on.\n|\n|t:|1699612548\n|start\n|switch|p1a: \u5e3d\u5b50\u662f\u672c\u4f53|Hatterene, F|100\/100\n|switch|p2a: Ferrothorn|Ferrothorn, F|100\/100\n|turn|1\n|\n|t:|1699612551\n|-terastallize|p1a: \u5e3d\u5b50\u662f\u672c\u4f53|Fire\n|move|p1a: \u5e3d\u5b50\u662f\u672c\u4f53|Mystical Fire|p2a: Ferrothorn\n|-supereffective|p2a: Ferrothorn\n|-damage|p2a: Ferrothorn|0 fnt\n|faint|p2a: Ferrothorn\n|\n|upkeep\n|\n|t:|1699612555\n|switch|p2a: Greninja|Greninja, M|100\/100\n|turn|2\n|\n|t:|1699612560\n|move|p2a: Greninja|Surf|p1a: \u5e3d\u5b50\u662f\u672c\u4f53\n|-supereffective|p1a: \u5e3d\u5b50\u662f\u672c\u4f53\n|-enditem|p1a: \u5e3d\u5b50\u662f\u672c\u4f53|Focus Sash\n|-damage|p1a: \u5e3d\u5b50\u662f\u672c\u4f53|1\/100\n|-damage|p2a: Greninja|91\/100|[from] item: Life Orb\n|move|p1a: \u5e3d\u5b50\u662f\u672c\u4f53|Trick Room|p1a: \u5e3d\u5b50\u662f\u672c\u4f53\n|-fieldstart|move: Trick Room|[of] p1a: \u5e3d\u5b50\u662f\u672c\u4f53\n|\n|upkeep\n|turn|3\n|\n|t:|1699612568\n|move|p2a: Greninja|Water Shuriken|p1a: \u5e3d\u5b50\u662f\u672c\u4f53\n|-supereffective|p1a: \u5e3d\u5b50\u662f\u672c\u4f53\n|-damage|p1a: \u5e3d\u5b50\u662f\u672c\u4f53|0 fnt\n|faint|p1a: \u5e3d\u5b50\u662f\u672c\u4f53\n|-ability|p2a: Greninja|Battle Bond|boost\n|-boost|p2a: Greninja|atk|1\n|-boost|p2a: Greninja|spa|1\n|-boost|p2a: Greninja|spe|1\n|-activate|p2a: Greninja|ability: Battle Bond\n|-hitcount|p1: \u5e3d\u5b50\u662f\u672c\u4f53|1\n|-damage|p2a: Greninja|81\/100|[from] item: Life Orb\n|\n|upkeep\n|\n|t:|1699612572\n|switch|p1a: Arboliva|Arboliva, M|100\/100\n|turn|4\n|\n|t:|1699612575\n|switch|p2a: Kommo-o|Kommo-o, M|100\/100\n|move|p1a: Arboliva|Giga Drain|p2a: Kommo-o\n|-resisted|p2a: Kommo-o\n|-damage|p2a: Kommo-o|81\/100\n|\n|upkeep\n|turn|5\n|\n|t:|1699612582\n|move|p1a: Arboliva|Giga Drain|p2a: Kommo-o\n|-resisted|p2a: Kommo-o\n|-damage|p2a: Kommo-o|61\/100\n|move|p2a: Kommo-o|Flamethrower|p1a: Arboliva\n|-supereffective|p1a: Arboliva\n|-damage|p1a: Arboliva|56\/100\n|-fieldstart|move: Grassy Terrain|[from] ability: Seed Sower|[of] p1a: Arboliva\n|\n|-heal|p1a: Arboliva|62\/100|[from] Grassy Terrain\n|-heal|p1a: Arboliva|68\/100|[from] item: Leftovers\n|-heal|p2a: Kommo-o|67\/100|[from] Grassy Terrain\n|upkeep\n|turn|6\n|\n|t:|1699612593\n|move|p1a: Arboliva|Leech Seed|p2a: Kommo-o\n|-start|p2a: Kommo-o|move: Leech Seed\n|move|p2a: Kommo-o|Clangorous Soul|p2a: Kommo-o\n|-boost|p2a: Kommo-o|atk|1\n|-boost|p2a: Kommo-o|def|1\n|-boost|p2a: Kommo-o|spa|1\n|-boost|p2a: Kommo-o|spd|1\n|-boost|p2a: Kommo-o|spe|1\n|-damage|p2a: Kommo-o|34\/100\n|-enditem|p2a: Kommo-o|Throat Spray\n|-boost|p2a: Kommo-o|spa|1|[from] item: Throat Spray\n|\n|-heal|p1a: Arboliva|74\/100|[from] Grassy Terrain\n|-heal|p1a: Arboliva|80\/100|[from] item: Leftovers\n|-heal|p2a: Kommo-o|40\/100|[from] Grassy Terrain\n|-damage|p2a: Kommo-o|28\/100|[from] Leech Seed|[of] p1a: Arboliva\n|-heal|p1a: Arboliva|90\/100|[silent]\n|-fieldend|move: Trick Room\n|upkeep\n|turn|7\n|\n|t:|1699612603\n|move|p2a: Kommo-o|Aura Sphere|p1a: Arboliva\n|-supereffective|p1a: Arboliva\n|-damage|p1a: Arboliva|0 fnt\n|faint|p1a: Arboliva\n|\n|-heal|p2a: Kommo-o|34\/100|[from] Grassy Terrain\n|upkeep\n|\n|t:|1699612611\n|switch|p1a: Cresselia|Cresselia, F|100\/100\n|turn|8\n|\n|t:|1699612614\n|-terastallize|p2a: Kommo-o|Normal\n|move|p2a: Kommo-o|Boomburst|p1a: Cresselia\n|-damage|p1a: Cresselia|39\/100\n|move|p1a: Cresselia|Moonlight|p1a: Cresselia\n|-heal|p1a: Cresselia|89\/100\n|\n|-heal|p2a: Kommo-o|40\/100|[from] Grassy Terrain\n|-damage|p2a: Kommo-o|28\/100|[from] Leech Seed|[of] p1a: Cresselia\n|-heal|p1a: Cresselia|97\/100|[silent]\n|upkeep\n|turn|9\n|\n|t:|1699612620\n|move|p2a: Kommo-o|Boomburst|p1a: Cresselia\n|-damage|p1a: Cresselia|38\/100\n|move|p1a: Cresselia|Moonlight|p1a: Cresselia\n|-heal|p1a: Cresselia|88\/100\n|\n|-heal|p2a: Kommo-o|34\/100|[from] Grassy Terrain\n|-damage|p2a: Kommo-o|21\/100|[from] Leech Seed|[of] p1a: Cresselia\n|-heal|p1a: Cresselia|96\/100|[silent]\n|-fieldend|move: Grassy Terrain\n|upkeep\n|turn|10\n|\n|t:|1699612626\n|move|p2a: Kommo-o|Boomburst|p1a: Cresselia\n|-damage|p1a: Cresselia|36\/100\n|move|p1a: Cresselia|Moonlight|p1a: Cresselia\n|-heal|p1a: Cresselia|86\/100\n|\n|-damage|p2a: Kommo-o|9\/100|[from] Leech Seed|[of] p1a: Cresselia\n|-heal|p1a: Cresselia|94\/100|[silent]\n|upkeep\n|turn|11\n|\n|t:|1699612629\n|move|p2a: Kommo-o|Boomburst|p1a: Cresselia\n|-crit|p1a: Cresselia\n|-damage|p1a: Cresselia|8\/100\n|move|p1a: Cresselia|Moonlight|p1a: Cresselia\n|-heal|p1a: Cresselia|58\/100\n|\n|-damage|p2a: Kommo-o|0 fnt|[from] Leech Seed|[of] p1a: Cresselia\n|-heal|p1a: Cresselia|64\/100|[silent]\n|faint|p2a: Kommo-o\n|upkeep\n|\n|t:|1699612632\n|switch|p2a: Hoopa|Hoopa-Unbound|100\/100\n|turn|12\n|\n|t:|1699612649\n|move|p2a: Hoopa|Gunk Shot|p1a: Cresselia\n|-damage|p1a: Cresselia|11\/100\n|-status|p1a: Cresselia|psn\n|move|p1a: Cresselia|Trick Room|p1a: Cresselia\n|-fieldstart|move: Trick Room|[of] p1a: Cresselia\n|\n|-damage|p1a: Cresselia|0 fnt|[from] psn\n|faint|p1a: Cresselia\n|upkeep\n|\n|t:|1699612668\n|switch|p1a: Skeledirge|Skeledirge, F|100\/100\n|turn|13\n|\n|t:|1699612672\n|switch|p2a: Blaziken|Blaziken, M|100\/100\n|move|p1a: Skeledirge|Will-O-Wisp|p2a: Blaziken\n|-immune|p2a: Blaziken\n|\n|upkeep\n|turn|14\n|\n|t:|1699612677\n|switch|p1a: Crawdaunt|Crawdaunt, F|100\/100\n|move|p2a: Blaziken|Protect||[still]\n|-fail|p2a: Blaziken\n|\n|-ability|p2a: Blaziken|Speed Boost|boost\n|-boost|p2a: Blaziken|spe|1\n|upkeep\n|turn|15\n|\n|t:|1699612683\n|move|p2a: Blaziken|Protect|p2a: Blaziken\n|-singleturn|p2a: Blaziken|Protect\n|move|p1a: Crawdaunt|Crabhammer|p2a: Blaziken\n|-activate|p2a: Blaziken|move: Protect\n|\n|-ability|p2a: Blaziken|Speed Boost|boost\n|-boost|p2a: Blaziken|spe|1\n|upkeep\n|turn|16\n|\n|t:|1699612692\n|-zpower|p1a: Crawdaunt\n|move|p1a: Crawdaunt|Hydro Vortex|p2a: Blaziken|[zeffect]\n|-supereffective|p2a: Blaziken\n|-enditem|p2a: Blaziken|Focus Sash\n|-damage|p2a: Blaziken|1\/100\n|move|p2a: Blaziken|Brave Bird|p1a: Crawdaunt\n|-damage|p1a: Crawdaunt|64\/100\n|-damage|p2a: Blaziken|0 fnt|[from] Recoil\n|faint|p2a: Blaziken\n|\n|-fieldend|move: Trick Room\n|upkeep\n|\n|t:|1699612703\n|switch|p2a: Hoopa|Hoopa-Unbound|100\/100\n|turn|17\n|\n|t:|1699612706\n|move|p1a: Crawdaunt|Aqua Jet|p2a: Hoopa\n|-damage|p2a: Hoopa|49\/100\n|move|p2a: Hoopa|Gunk Shot|p1a: Crawdaunt\n|-damage|p1a: Crawdaunt|0 fnt\n|faint|p1a: Crawdaunt\n|\n|upkeep\n|\n|t:|1699612714\n|switch|p1a: Ampharos|Ampharos, F|100\/100\n|turn|18\n|\n|t:|1699612720\n|detailschange|p1a: Ampharos|Ampharos-Mega, F\n|-mega|p1a: Ampharos|Ampharos|Ampharosite\n|-ability|p1a: Ampharos|Mold Breaker\n|move|p2a: Hoopa|Gunk Shot|p1a: Ampharos|[miss]\n|-miss|p2a: Hoopa|p1a: Ampharos\n|move|p1a: Ampharos|Thunderbolt|p2a: Hoopa\n|-crit|p2a: Hoopa\n|-damage|p2a: Hoopa|0 fnt\n|faint|p2a: Hoopa\n|\n|upkeep\n|\n|t:|1699612726\n|switch|p2a: Greninja|Greninja, M|81\/100\n|turn|19\n|\n|t:|1699612729\n|move|p2a: Greninja|Ice Beam|p1a: Ampharos\n|-supereffective|p1a: Ampharos\n|-damage|p1a: Ampharos|48\/100\n|-status|p1a: Ampharos|frz\n|-damage|p2a: Greninja|71\/100|[from] item: Life Orb\n|cant|p1a: Ampharos|frz\n|\n|upkeep\n|turn|20\n|\n|t:|1699612736\n|move|p2a: Greninja|Ice Beam|p1a: Ampharos\n|-supereffective|p1a: Ampharos\n|-damage|p1a: Ampharos|0 fnt\n|faint|p1a: Ampharos\n|-damage|p2a: Greninja|61\/100|[from] item: Life Orb\n|\n|upkeep\n|\n|t:|1699612740\n|switch|p1a: Skeledirge|Skeledirge, F|100\/100\n|turn|21\n|-message|yejunkang forfeited.\n|\n|win|Dark Umbreon 08\n|raw|yejunkang's rating: 1251 &rarr; <strong>1227<\/strong><br \/>(-24 for losing)\n|raw|Dark Umbreon 08's rating: 1266 &rarr; <strong>1290<\/strong><br \/>(+24 for winning)\n|l|\u2606yejunkang\n","uploadtime":1699612761,"views":4,"p1id":"yejunkang","p2id":"darkumbreon08","formatid":"gen9nationaldex","rating":1227,"private":0,"password":""}