{"id":"gen9nationaldex-1988311149","p1":"PhetNaja","p2":"chinemelu","format":"[Gen 9] National Dex","log":"|j|\u2606PhetNaja\n|j|\u2606chinemelu\n|t:|1699706461\n|gametype|singles\n|player|p1|PhetNaja|ingo|1218\n|player|p2|chinemelu|marlon|1218\n|teamsize|p1|6\n|teamsize|p2|6\n|gen|9\n|tier|[Gen 9] National Dex\n|rated|\n|rule|HP Percentage Mod: HP is shown in percentages\n|rule|Endless Battle Clause: Forcing endless battles is banned\n|rule|OHKO Clause: OHKO moves are banned\n|rule|Evasion Clause: Evasion abilities, items, and moves are banned\n|rule|Evasion Abilities Clause: Evasion abilities are banned\n|rule|Evasion Items Clause: Evasion items are banned\n|rule|Evasion Moves Clause: Evasion moves are banned\n|rule|Species Clause: Limit one of each Pok\u00e9mon\n|rule|Sleep Clause Mod: Limit one foe put to sleep\n|clearpoke\n|poke|p1|Grimmsnarl, M|\n|poke|p1|Corsola-Galar, M|\n|poke|p1|Chansey, F|\n|poke|p1|Charizard, M|\n|poke|p1|Venusaur, F|\n|poke|p1|Toxtricity, M|\n|poke|p2|Maushold-Four|\n|poke|p2|Florges-Yellow, F|\n|poke|p2|Chandelure, F|\n|poke|p2|Scizor, M|\n|poke|p2|Staraptor, F|\n|poke|p2|Hariyama, M|\n|teampreview\n|inactive|Battle timer is ON: inactive players will automatically lose when time's up. (requested by chinemelu)\n|\n|t:|1699706466\n|start\n|switch|p1a: Grimmsnarl|Grimmsnarl, M|100\/100\n|switch|p2a: Maushold|Maushold-Four, shiny|100\/100\n|turn|1\n|\n|t:|1699706472\n|move|p1a: Grimmsnarl|Reflect|p1a: Grimmsnarl\n|-sidestart|p1: PhetNaja|Reflect\n|move|p2a: Maushold|Encore|p1a: Grimmsnarl\n|-start|p1a: Grimmsnarl|Encore\n|\n|upkeep\n|turn|2\n|\n|t:|1699706478\n|switch|p1a: Toxtricity|Toxtricity, M|100\/100\n|move|p2a: Maushold|Tidy Up|p2a: Maushold\n|-boost|p2a: Maushold|atk|1\n|-boost|p2a: Maushold|spe|1\n|\n|upkeep\n|turn|3\n|\n|t:|1699706484\n|move|p2a: Maushold|Tidy Up|p2a: Maushold\n|-boost|p2a: Maushold|atk|1\n|-boost|p2a: Maushold|spe|1\n|move|p1a: Toxtricity|Shift Gear|p1a: Toxtricity\n|-boost|p1a: Toxtricity|spe|2\n|-boost|p1a: Toxtricity|atk|1\n|\n|upkeep\n|turn|4\n|\n|t:|1699706490\n|move|p2a: Maushold|Population Bomb|p1a: Toxtricity\n|-damage|p1a: Toxtricity|86\/100\n|-crit|p1a: Toxtricity\n|-damage|p1a: Toxtricity|36\/100\n|-damage|p1a: Toxtricity|21\/100\n|-damage|p1a: Toxtricity|4\/100\n|-damage|p1a: Toxtricity|0 fnt\n|faint|p1a: Toxtricity\n|-hitcount|p1: Toxtricity|5\n|\n|upkeep\n|c|\u2606PhetNaja|Bruhhhh\n|c|\u2606PhetNaja|Critical\n|\n|t:|1699706506\n|switch|p1a: Corsola|Corsola-Galar, M, shiny|100\/100\n|turn|5\n|\n|t:|1699706509\n|move|p2a: Maushold|Bite|p1a: Corsola\n|-supereffective|p1a: Corsola\n|-damage|p1a: Corsola|80\/100\n|move|p1a: Corsola|Will-O-Wisp|p2a: Maushold\n|-status|p2a: Maushold|brn\n|\n|-damage|p2a: Maushold|94\/100 brn|[from] brn\n|upkeep\n|turn|6\n|\n|t:|1699706517\n|move|p2a: Maushold|Encore|p1a: Corsola\n|-start|p1a: Corsola|Encore\n|move|p1a: Corsola|Will-O-Wisp|p2a: Maushold\n|-fail|p2a: Maushold|brn\n|\n|-damage|p2a: Maushold|88\/100 brn|[from] brn\n|upkeep\n|turn|7\n|\n|t:|1699706524\n|switch|p2a: Scizor|Scizor, M|100\/100\n|switch|p1a: Charizard|Charizard, M|100\/100\n|\n|upkeep\n|turn|8\n|\n|t:|1699706533\n|switch|p2a: Chandelure|Chandelure, F|100\/100\n|detailschange|p1a: Charizard|Charizard-Mega-Y, M\n|-mega|p1a: Charizard|Charizard|Charizardite Y\n|-weather|SunnyDay|[from] ability: Drought|[of] p1a: Charizard\n|move|p1a: Charizard|Weather Ball|p2a: Chandelure\n|-start|p2a: Chandelure|ability: Flash Fire\n|\n|-weather|SunnyDay|[upkeep]\n|-sideend|p1: PhetNaja|Reflect\n|upkeep\n|turn|9\n|\n|t:|1699706543\n|move|p1a: Charizard|Scorching Sands|p2a: Chandelure\n|-supereffective|p2a: Chandelure\n|-damage|p2a: Chandelure|34\/100\n|move|p2a: Chandelure|Heat Wave|p1a: Charizard\n|-resisted|p1a: Charizard\n|-damage|p1a: Charizard|31\/100\n|\n|-weather|SunnyDay|[upkeep]\n|upkeep\n|turn|10\n|\n|t:|1699706554\n|-end|p2a: Chandelure|ability: Flash Fire|[silent]\n|switch|p2a: Staraptor|Staraptor, F|100\/100\n|-ability|p2a: Staraptor|Intimidate|boost\n|-unboost|p1a: Charizard|atk|1\n|move|p1a: Charizard|Scorching Sands|p2a: Staraptor\n|-immune|p2a: Staraptor\n|\n|-weather|SunnyDay|[upkeep]\n|upkeep\n|turn|11\n|\n|t:|1699706561\n|move|p2a: Staraptor|Brave Bird|p1a: Charizard\n|-damage|p1a: Charizard|0 fnt\n|faint|p1a: Charizard\n|-damage|p2a: Staraptor|92\/100|[from] Recoil\n|\n|-weather|SunnyDay|[upkeep]\n|upkeep\n|\n|t:|1699706568\n|switch|p1a: Venusaur|Venusaur, F|100\/100\n|turn|12\n|\n|t:|1699706572\n|move|p1a: Venusaur|Weather Ball|p2a: Staraptor\n|-damage|p2a: Staraptor|6\/100\n|-damage|p1a: Venusaur|91\/100|[from] item: Life Orb\n|move|p2a: Staraptor|Brave Bird|p1a: Venusaur\n|-supereffective|p1a: Venusaur\n|-damage|p1a: Venusaur|0 fnt\n|faint|p1a: Venusaur\n|-damage|p2a: Staraptor|0 fnt|[from] Recoil\n|faint|p2a: Staraptor\n|\n|-weather|none\n|upkeep\n|\n|t:|1699706586\n|switch|p2a: Hariyama|Hariyama, M|100\/100\n|switch|p1a: Grimmsnarl|Grimmsnarl, M|100\/100\n|turn|13\n|\n|t:|1699706592\n|move|p2a: Hariyama|Fake Out|p1a: Grimmsnarl\n|-damage|p1a: Grimmsnarl|87\/100\n|cant|p1a: Grimmsnarl|flinch\n|\n|-status|p2a: Hariyama|brn|[from] item: Flame Orb\n|upkeep\n|turn|14\n|\n|t:|1699706602\n|move|p1a: Grimmsnarl|Reflect|p1a: Grimmsnarl\n|-sidestart|p1: PhetNaja|Reflect\n|move|p2a: Hariyama|Bullet Punch|p1a: Grimmsnarl\n|-supereffective|p1a: Grimmsnarl\n|-damage|p1a: Grimmsnarl|66\/100\n|\n|-damage|p2a: Hariyama|94\/100 brn|[from] brn\n|upkeep\n|turn|15\n|\n|t:|1699706608\n|move|p1a: Grimmsnarl|Parting Shot|p2a: Hariyama\n|-unboost|p2a: Hariyama|atk|1\n|-unboost|p2a: Hariyama|spa|1\n|\n|t:|1699706612\n|switch|p1a: Corsola|Corsola-Galar, M, shiny|80\/100|[from] Parting Shot\n|move|p2a: Hariyama|Earthquake|p1a: Corsola\n|-damage|p1a: Corsola|71\/100\n|\n|-damage|p2a: Hariyama|88\/100 brn|[from] brn\n|upkeep\n|turn|16\n|\n|t:|1699706639\n|move|p2a: Hariyama|Earthquake|p1a: Corsola\n|-damage|p1a: Corsola|62\/100\n|move|p1a: Corsola|Night Shade|p2a: Hariyama\n|-damage|p2a: Hariyama|68\/100 brn\n|\n|-damage|p2a: Hariyama|62\/100 brn|[from] brn\n|upkeep\n|turn|17\n|\n|t:|1699706648\n|switch|p2a: Scizor|Scizor, M|100\/100\n|move|p1a: Corsola|Night Shade|p2a: Scizor\n|-damage|p2a: Scizor|71\/100\n|\n|upkeep\n|turn|18\n|\n|t:|1699706654\n|move|p2a: Scizor|Knock Off|p1a: Corsola\n|-supereffective|p1a: Corsola\n|-damage|p1a: Corsola|34\/100\n|-enditem|p1a: Corsola|Eviolite|[from] move: Knock Off|[of] p2a: Scizor\n|move|p1a: Corsola|Strength Sap|p2a: Scizor\n|-unboost|p2a: Scizor|atk|1\n|-heal|p1a: Corsola|100\/100\n|\n|upkeep\n|turn|19\n|\n|t:|1699706664\n|switch|p2a: Chandelure|Chandelure, F|34\/100\n|move|p1a: Corsola|Will-O-Wisp|p2a: Chandelure\n|-start|p2a: Chandelure|ability: Flash Fire\n|\n|upkeep\n|turn|20\n|\n|t:|1699706670\n|switch|p1a: Chansey|Chansey, F, shiny|100\/100\n|move|p2a: Chandelure|Shadow Ball|p1a: Chansey\n|-immune|p1a: Chansey\n|\n|upkeep\n|turn|21\n|\n|t:|1699706677\n|move|p2a: Chandelure|Heat Wave|p1a: Chansey\n|-damage|p1a: Chansey|79\/100\n|-status|p1a: Chansey|brn\n|move|p1a: Chansey|Toxic|p2a: Chandelure\n|-status|p2a: Chandelure|tox\n|\n|-damage|p2a: Chandelure|28\/100 tox|[from] psn\n|-damage|p1a: Chansey|73\/100 brn|[from] brn\n|-sideend|p1: PhetNaja|Reflect\n|upkeep\n|turn|22\n|\n|t:|1699706686\n|move|p2a: Chandelure|Heat Wave|p1a: Chansey\n|-damage|p1a: Chansey|51\/100 brn\n|move|p1a: Chansey|Wish|p1a: Chansey\n|\n|-damage|p2a: Chandelure|16\/100 tox|[from] psn\n|-damage|p1a: Chansey|45\/100 brn|[from] brn\n|upkeep\n|turn|23\n|\n|t:|1699706693\n|-end|p2a: Chandelure|ability: Flash Fire|[silent]\n|switch|p2a: Hariyama|Hariyama, M|62\/100 brn\n|move|p1a: Chansey|Soft-Boiled|p1a: Chansey\n|-heal|p1a: Chansey|95\/100 brn\n|\n|-heal|p1a: Chansey|100\/100 brn|[from] move: Wish|[wisher] Chansey\n|-damage|p1a: Chansey|94\/100 brn|[from] brn\n|-damage|p2a: Hariyama|56\/100 brn|[from] brn\n|upkeep\n|turn|24\n|\n|t:|1699706707\n|-curestatus|p1a: Chansey|brn|[from] ability: Natural Cure\n|switch|p1a: Corsola|Corsola-Galar, M, shiny|100\/100\n|move|p2a: Hariyama|Earthquake|p1a: Corsola\n|-damage|p1a: Corsola|59\/100\n|-start|p2a: Hariyama|Disable|Earthquake|[from] ability: Cursed Body|[of] p1a: Corsola\n|\n|-damage|p2a: Hariyama|50\/100 brn|[from] brn\n|upkeep\n|turn|25\n|\n|t:|1699706716\n|move|p2a: Hariyama|Bullet Punch|p1a: Corsola\n|-damage|p1a: Corsola|43\/100\n|move|p1a: Corsola|Strength Sap|p2a: Hariyama\n|-unboost|p2a: Hariyama|atk|1\n|-heal|p1a: Corsola|100\/100\n|\n|-damage|p2a: Hariyama|44\/100 brn|[from] brn\n|upkeep\n|turn|26\n|\n|t:|1699706727\n|switch|p2a: Florges|Florges-Yellow, F|100\/100\n|move|p1a: Corsola|Night Shade|p2a: Florges\n|-damage|p2a: Florges|73\/100\n|\n|-heal|p2a: Florges|79\/100|[from] item: Leftovers\n|upkeep\n|turn|27\n|\n|t:|1699706734\n|switch|p1a: Chansey|Chansey, F, shiny|94\/100\n|move|p2a: Florges|Calm Mind|p2a: Florges\n|-boost|p2a: Florges|spa|1\n|-boost|p2a: Florges|spd|1\n|\n|-heal|p2a: Florges|85\/100|[from] item: Leftovers\n|upkeep\n|turn|28\n|\n|t:|1699706741\n|move|p2a: Florges|Calm Mind|p2a: Florges\n|-boost|p2a: Florges|spa|1\n|-boost|p2a: Florges|spd|1\n|move|p1a: Chansey|Toxic|p2a: Florges\n|-status|p2a: Florges|tox\n|\n|-heal|p2a: Florges|91\/100 tox|[from] item: Leftovers\n|-damage|p2a: Florges|85\/100 tox|[from] psn\n|upkeep\n|turn|29\n|\n|t:|1699706756\n|move|p2a: Florges|Wish|p2a: Florges\n|move|p1a: Chansey|Wish|p1a: Chansey\n|\n|-heal|p2a: Florges|91\/100 tox|[from] item: Leftovers\n|-damage|p2a: Florges|79\/100 tox|[from] psn\n|upkeep\n|turn|30\n|\n|t:|1699706761\n|switch|p2a: Chandelure|Chandelure, F|16\/100 tox\n|move|p1a: Chansey|Seismic Toss|p2a: Chandelure\n|-immune|p2a: Chandelure\n|\n|-heal|p2a: Chandelure|71\/100 tox|[from] move: Wish|[wisher] Florges\n|-heal|p1a: Chansey|100\/100|[from] move: Wish|[wisher] Chansey\n|-damage|p2a: Chandelure|65\/100 tox|[from] psn\n|upkeep\n|turn|31\n|\n|t:|1699706776\n|switch|p2a: Maushold|Maushold-Four, shiny|88\/100 brn\n|move|p1a: Chansey|Wish|p1a: Chansey\n|\n|-damage|p2a: Maushold|82\/100 brn|[from] brn\n|upkeep\n|turn|32\n|\n|t:|1699706783\n|switch|p1a: Corsola|Corsola-Galar, M, shiny|100\/100\n|move|p2a: Maushold|Tidy Up|p2a: Maushold\n|-boost|p2a: Maushold|atk|1\n|-boost|p2a: Maushold|spe|1\n|\n|-damage|p2a: Maushold|76\/100 brn|[from] brn\n|upkeep\n|turn|33\n|\n|t:|1699706792\n|move|p2a: Maushold|Bite|p1a: Corsola\n|-supereffective|p1a: Corsola\n|-damage|p1a: Corsola|74\/100\n|move|p1a: Corsola|Stealth Rock|p2a: Maushold\n|-sidestart|p2: chinemelu|move: Stealth Rock\n|\n|-damage|p2a: Maushold|69\/100 brn|[from] brn\n|upkeep\n|turn|34\n|\n|t:|1699706798\n|move|p2a: Maushold|Tidy Up|p2a: Maushold\n|-sideend|p2: chinemelu|Stealth Rock\n|-activate|p2a: Maushold|move: Tidy Up\n|-boost|p2a: Maushold|atk|1\n|-boost|p2a: Maushold|spe|1\n|move|p1a: Corsola|Stealth Rock|p2a: Maushold\n|-sidestart|p2: chinemelu|move: Stealth Rock\n|\n|-damage|p2a: Maushold|63\/100 brn|[from] brn\n|upkeep\n|turn|35\n|\n|t:|1699706807\n|-terastallize|p2a: Maushold|Dark\n|move|p2a: Maushold|Bite|p1a: Corsola\n|-supereffective|p1a: Corsola\n|-damage|p1a: Corsola|24\/100\n|move|p1a: Corsola|Strength Sap|p2a: Maushold\n|-unboost|p2a: Maushold|atk|1\n|-heal|p1a: Corsola|100\/100\n|\n|-damage|p2a: Maushold|57\/100 brn|[from] brn\n|upkeep\n|turn|36\n|\n|t:|1699706818\n|move|p2a: Maushold|Encore|p1a: Corsola\n|-start|p1a: Corsola|Encore\n|move|p1a: Corsola|Strength Sap|p2a: Maushold\n|-unboost|p2a: Maushold|atk|1\n|\n|-damage|p2a: Maushold|51\/100 brn|[from] brn\n|upkeep\n|turn|37\n|\n|t:|1699706825\n|switch|p1a: Grimmsnarl|Grimmsnarl, M|66\/100\n|move|p2a: Maushold|Tidy Up|p2a: Maushold\n|-sideend|p2: chinemelu|Stealth Rock\n|-activate|p2a: Maushold|move: Tidy Up\n|-boost|p2a: Maushold|atk|1\n|-boost|p2a: Maushold|spe|1\n|\n|-damage|p2a: Maushold|44\/100 brn|[from] brn\n|upkeep\n|turn|38\n|\n|t:|1699706834\n|move|p1a: Grimmsnarl|Reflect|p1a: Grimmsnarl\n|-sidestart|p1: PhetNaja|Reflect\n|move|p2a: Maushold|Population Bomb|p1a: Grimmsnarl\n|-damage|p1a: Grimmsnarl|62\/100\n|-damage|p1a: Grimmsnarl|59\/100\n|-damage|p1a: Grimmsnarl|56\/100\n|-damage|p1a: Grimmsnarl|52\/100\n|-damage|p1a: Grimmsnarl|49\/100\n|-damage|p1a: Grimmsnarl|45\/100\n|-damage|p1a: Grimmsnarl|42\/100\n|-damage|p1a: Grimmsnarl|39\/100\n|-damage|p1a: Grimmsnarl|35\/100\n|-damage|p1a: Grimmsnarl|31\/100\n|-hitcount|p1a: Grimmsnarl|10\n|\n|-damage|p2a: Maushold|38\/100 brn|[from] brn\n|upkeep\n|turn|39\n|\n|t:|1699706852\n|-terastallize|p1a: Grimmsnarl|Steel\n|move|p2a: Maushold|Tidy Up|p2a: Maushold\n|-boost|p2a: Maushold|atk|1\n|-boost|p2a: Maushold|spe|1\n|move|p1a: Grimmsnarl|Spirit Break|p2a: Maushold\n|-supereffective|p2a: Maushold\n|-damage|p2a: Maushold|0 fnt\n|faint|p2a: Maushold\n|\n|upkeep\n|\n|t:|1699706864\n|switch|p2a: Chandelure|Chandelure, F|65\/100 tox\n|turn|40\n|\n|t:|1699706869\n|move|p1a: Grimmsnarl|Light Screen|p1a: Grimmsnarl\n|-sidestart|p1: PhetNaja|move: Light Screen\n|move|p2a: Chandelure|Heat Wave|p1a: Grimmsnarl\n|-supereffective|p1a: Grimmsnarl\n|-damage|p1a: Grimmsnarl|0 fnt\n|faint|p1a: Grimmsnarl\n|\n|-damage|p2a: Chandelure|59\/100 tox|[from] psn\n|upkeep\n|\n|t:|1699706877\n|switch|p1a: Chansey|Chansey, F, shiny|100\/100\n|turn|41\n|\n|t:|1699706888\n|switch|p2a: Scizor|Scizor, M|71\/100\n|move|p1a: Chansey|Seismic Toss|p2a: Scizor\n|-damage|p2a: Scizor|42\/100\n|\n|upkeep\n|turn|42\n|\n|t:|1699706895\n|switch|p1a: Corsola|Corsola-Galar, M, shiny|100\/100\n|move|p2a: Scizor|Knock Off|p1a: Corsola\n|-supereffective|p1a: Corsola\n|-damage|p1a: Corsola|71\/100\n|-start|p2a: Scizor|Disable|Knock Off|[from] ability: Cursed Body|[of] p1a: Corsola\n|\n|upkeep\n|turn|43\n|\n|t:|1699706905\n|switch|p2a: Florges|Florges-Yellow, F|79\/100 tox\n|move|p1a: Corsola|Night Shade|p2a: Florges\n|-damage|p2a: Florges|51\/100 tox\n|\n|-heal|p2a: Florges|57\/100 tox|[from] item: Leftovers\n|-damage|p2a: Florges|51\/100 tox|[from] psn\n|upkeep\n|turn|44\n|\n|t:|1699706913\n|move|p2a: Florges|Wish|p2a: Florges\n|move|p1a: Corsola|Night Shade|p2a: Florges\n|-damage|p2a: Florges|23\/100 tox\n|\n|-heal|p2a: Florges|29\/100 tox|[from] item: Leftovers\n|-damage|p2a: Florges|17\/100 tox|[from] psn\n|upkeep\n|turn|45\n|\n|t:|1699706919\n|switch|p2a: Hariyama|Hariyama, M|44\/100 brn\n|move|p1a: Corsola|Night Shade|p2a: Hariyama\n|-damage|p2a: Hariyama|23\/100 brn\n|\n|-heal|p2a: Hariyama|60\/100 brn|[from] move: Wish|[wisher] Florges\n|-damage|p2a: Hariyama|54\/100 brn|[from] brn\n|-sideend|p1: PhetNaja|Reflect\n|upkeep\n|turn|46\n|\n|t:|1699706932\n|move|p2a: Hariyama|Earthquake|p1a: Corsola\n|-damage|p1a: Corsola|32\/100\n|-start|p2a: Hariyama|Disable|Earthquake|[from] ability: Cursed Body|[of] p1a: Corsola\n|move|p1a: Corsola|Strength Sap|p2a: Hariyama\n|-unboost|p2a: Hariyama|atk|1\n|-heal|p1a: Corsola|100\/100\n|\n|-damage|p2a: Hariyama|48\/100 brn|[from] brn\n|upkeep\n|turn|47\n|\n|t:|1699706944\n|switch|p2a: Florges|Florges-Yellow, F|17\/100 tox\n|move|p1a: Corsola|Night Shade|p2a: Florges\n|-damage|p2a: Florges|0 fnt\n|faint|p2a: Florges\n|\n|-sideend|p1: PhetNaja|move: Light Screen\n|upkeep\n|\n|t:|1699706947\n|switch|p2a: Chandelure|Chandelure, F|59\/100 tox\n|turn|48\n|\n|t:|1699706953\n|switch|p2a: Hariyama|Hariyama, M|48\/100 brn\n|switch|p1a: Chansey|Chansey, F, shiny|100\/100\n|\n|-damage|p2a: Hariyama|42\/100 brn|[from] brn\n|upkeep\n|turn|49\n|\n|t:|1699706960\n|switch|p1a: Corsola|Corsola-Galar, M, shiny|100\/100\n|move|p2a: Hariyama|Drain Punch|p1a: Corsola\n|-immune|p1a: Corsola\n|\n|-damage|p2a: Hariyama|35\/100 brn|[from] brn\n|upkeep\n|turn|50\n|\n|t:|1699706967\n|move|p2a: Hariyama|Fake Out||[still]\n|-hint|Fake Out only works on your first turn out.\n|-fail|p2a: Hariyama\n|move|p1a: Corsola|Night Shade|p2a: Hariyama\n|-damage|p2a: Hariyama|15\/100 brn\n|\n|-damage|p2a: Hariyama|9\/100 brn|[from] brn\n|upkeep\n|turn|51\n|\n|t:|1699706973\n|move|p2a: Hariyama|Earthquake|p1a: Corsola\n|-damage|p1a: Corsola|59\/100\n|move|p1a: Corsola|Night Shade|p2a: Hariyama\n|-damage|p2a: Hariyama|0 fnt\n|faint|p2a: Hariyama\n|\n|upkeep\n|\n|t:|1699706976\n|switch|p2a: Scizor|Scizor, M|42\/100\n|turn|52\n|\n|t:|1699706981\n|move|p2a: Scizor|Knock Off|p1a: Corsola\n|-supereffective|p1a: Corsola\n|-damage|p1a: Corsola|2\/100\n|-start|p2a: Scizor|Disable|Knock Off|[from] ability: Cursed Body|[of] p1a: Corsola\n|move|p1a: Corsola|Strength Sap|p2a: Scizor\n|-unboost|p2a: Scizor|atk|1\n|-heal|p1a: Corsola|100\/100\n|\n|upkeep\n|turn|53\n|-message|chinemelu forfeited.\n|\n|win|PhetNaja\n|raw|PhetNaja's rating: 1218 &rarr; <strong>1243<\/strong><br \/>(+25 for winning)\n|raw|chinemelu's rating: 1218 &rarr; <strong>1193<\/strong><br \/>(-25 for losing)\n|l|\u2606chinemelu\n","uploadtime":1699706994,"views":9,"p1id":"phetnaja","p2id":"chinemelu","formatid":"gen9nationaldex","rating":1193,"private":0,"password":""}