{"id":"gen9nationaldex-1997073815","p1":"88lemurs","p2":"Meb78910","format":"[Gen 9] National Dex","log":"|html|<div class=\"broadcast-blue\"><strong>[Gen 9] National Dex is currently suspecting Sneasler! For information on how to participate check out the <a href=\"https:\/\/www.smogon.com\/forums\/threads\/sv-national-dex-suspect-8-just-dance.3731534\/\">suspect thread<\/a>.<\/strong><\/div>\n|j|\u260688lemurs\n|j|\u2606Meb78910\n|t:|1700761844\n|gametype|singles\n|player|p1|88lemurs|lucas|1097\n|player|p2|Meb78910|265|1105\n|teamsize|p1|6\n|teamsize|p2|6\n|gen|9\n|tier|[Gen 9] National Dex\n|rated|\n|rule|HP Percentage Mod: HP is shown in percentages\n|rule|Endless Battle Clause: Forcing endless battles is banned\n|rule|OHKO Clause: OHKO moves are banned\n|rule|Evasion Clause: Evasion abilities, items, and moves are banned\n|rule|Evasion Abilities Clause: Evasion abilities are banned\n|rule|Evasion Items Clause: Evasion items are banned\n|rule|Evasion Moves Clause: Evasion moves are banned\n|rule|Species Clause: Limit one of each Pok\u00e9mon\n|rule|Sleep Clause Mod: Limit one foe put to sleep\n|clearpoke\n|poke|p1|Drednaw, M|\n|poke|p1|Meowstic-F, F|\n|poke|p1|Garganacl, M|\n|poke|p1|Scizor, M|\n|poke|p1|Serperior, F|\n|poke|p1|Ninetales-Alola, M|\n|poke|p2|Venusaur, F|\n|poke|p2|Arcanine-Hisui, F|\n|poke|p2|Ninetales-Alola, F|\n|poke|p2|Skarmory, F|\n|poke|p2|Starmie|\n|poke|p2|Togekiss, F|\n|teampreview\n|\n|t:|1700761857\n|start\n|switch|p1a: Ninetales|Ninetales-Alola, M|100\/100\n|switch|p2a: Skarmory|Skarmory, F|100\/100\n|-weather|Snow|[from] ability: Snow Warning|[of] p1a: Ninetales\n|turn|1\n|\n|t:|1700761865\n|switch|p1a: Meowstic|Meowstic-F, F|100\/100\n|move|p2a: Skarmory|Stealth Rock|p1a: Meowstic\n|-sidestart|p1: 88lemurs|move: Stealth Rock\n|\n|-weather|Snow|[upkeep]\n|upkeep\n|turn|2\n|\n|t:|1700761875\n|switch|p1a: Ninetales|Ninetales-Alola, M|100\/100\n|-damage|p1a: Ninetales|76\/100|[from] Stealth Rock\n|move|p2a: Skarmory|Whirlwind|p1a: Ninetales\n|drag|p1a: Serperior|Serperior, F, shiny|100\/100\n|-damage|p1a: Serperior|88\/100|[from] Stealth Rock\n|\n|-weather|Snow|[upkeep]\n|upkeep\n|turn|3\n|\n|t:|1700761887\n|move|p1a: Serperior|Taunt|p2a: Skarmory\n|-start|p2a: Skarmory|move: Taunt\n|cant|p2a: Skarmory|move: Taunt|Toxic\n|\n|-weather|Snow|[upkeep]\n|upkeep\n|turn|4\n|\n|t:|1700761897\n|switch|p1a: Ninetales|Ninetales-Alola, M|76\/100\n|-damage|p1a: Ninetales|51\/100|[from] Stealth Rock\n|switch|p2a: Arcanine|Arcanine-Hisui, F|100\/100\n|\n|-weather|Snow|[upkeep]\n|upkeep\n|turn|5\n|\n|t:|1700761916\n|move|p1a: Ninetales|Aurora Veil|p1a: Ninetales\n|-sidestart|p1: 88lemurs|move: Aurora Veil\n|move|p2a: Arcanine|Head Smash|p1a: Ninetales|[miss]\n|-miss|p2a: Arcanine|p1a: Ninetales\n|\n|-weather|none\n|upkeep\n|turn|6\n|\n|t:|1700761928\n|move|p1a: Ninetales|Encore|p2a: Arcanine\n|-start|p2a: Arcanine|Encore\n|move|p2a: Arcanine|Head Smash|p1a: Ninetales|[miss]\n|-miss|p2a: Arcanine|p1a: Ninetales\n|\n|upkeep\n|turn|7\n|\n|t:|1700761945\n|switch|p1a: Jack Black|Drednaw, M, shiny|100\/100\n|-damage|p1a: Jack Black|88\/100|[from] Stealth Rock\n|switch|p2a: Skarmory|Skarmory, F|100\/100\n|\n|upkeep\n|turn|8\n|\n|t:|1700761956\n|move|p1a: Jack Black|Shell Smash|p1a: Jack Black\n|-unboost|p1a: Jack Black|def|1\n|-unboost|p1a: Jack Black|spd|1\n|-boost|p1a: Jack Black|atk|2\n|-boost|p1a: Jack Black|spa|2\n|-boost|p1a: Jack Black|spe|2\n|-enditem|p1a: Jack Black|White Herb\n|-clearnegativeboost|p1a: Jack Black|[silent]\n|move|p2a: Skarmory|Toxic|p1a: Jack Black\n|-status|p1a: Jack Black|tox\n|\n|-damage|p1a: Jack Black|82\/100 tox|[from] psn\n|upkeep\n|turn|9\n|\n|t:|1700761977\n|move|p1a: Jack Black|Head Smash|p2a: Skarmory\n|-damage|p2a: Skarmory|1\/100\n|-damage|p1a: Jack Black|65\/100 tox|[from] item: Rocky Helmet|[of] p2a: Skarmory\n|-damage|p1a: Jack Black|15\/100 tox|[from] Recoil\n|move|p2a: Skarmory|Whirlwind|p1a: Jack Black\n|drag|p1a: Meowstic|Meowstic-F, F|100\/100\n|-damage|p1a: Meowstic|88\/100|[from] Stealth Rock\n|\n|upkeep\n|turn|10\n|\n|t:|1700761997\n|move|p1a: Meowstic|Psyshock|p2a: Skarmory\n|-resisted|p2a: Skarmory\n|-damage|p2a: Skarmory|0 fnt\n|faint|p2a: Skarmory\n|-damage|p1a: Meowstic|78\/100|[from] item: Life Orb\n|\n|upkeep\n|\n|t:|1700762016\n|switch|p2a: Arcanine|Arcanine-Hisui, F|100\/100\n|turn|11\n|\n|t:|1700762021\n|move|p2a: Arcanine|Close Combat|p1a: Meowstic\n|-resisted|p1a: Meowstic\n|-damage|p1a: Meowstic|62\/100\n|-unboost|p2a: Arcanine|def|1\n|-unboost|p2a: Arcanine|spd|1\n|move|p1a: Meowstic|Nasty Plot|p1a: Meowstic\n|-boost|p1a: Meowstic|spa|2\n|\n|upkeep\n|turn|12\n|\n|t:|1700762037\n|switch|p2a: Ninetales|Ninetales-Alola, F|100\/100\n|-weather|Snow|[from] ability: Snow Warning|[of] p2a: Ninetales\n|move|p1a: Meowstic|Psychic|p2a: Ninetales\n|-damage|p2a: Ninetales|0 fnt\n|faint|p2a: Ninetales\n|-damage|p1a: Meowstic|52\/100|[from] item: Life Orb\n|\n|-weather|Snow|[upkeep]\n|-sideend|p1: 88lemurs|move: Aurora Veil\n|upkeep\n|\n|t:|1700762050\n|switch|p2a: Starmie|Starmie|100\/100\n|turn|13\n|\n|t:|1700762060\n|move|p1a: Meowstic|Shadow Ball|p2a: Starmie\n|-supereffective|p2a: Starmie\n|-damage|p2a: Starmie|9\/100\n|-damage|p1a: Meowstic|42\/100|[from] item: Life Orb\n|move|p2a: Starmie|Ice Beam|p1a: Meowstic\n|-damage|p1a: Meowstic|10\/100\n|\n|-weather|Snow|[upkeep]\n|upkeep\n|turn|14\n|\n|t:|1700762072\n|move|p1a: Meowstic|Psychic|p2a: Starmie\n|-resisted|p2a: Starmie\n|-damage|p2a: Starmie|0 fnt\n|faint|p2a: Starmie\n|-damage|p1a: Meowstic|0 fnt|[from] item: Life Orb\n|faint|p1a: Meowstic\n|\n|-weather|Snow|[upkeep]\n|upkeep\n|\n|t:|1700762088\n|switch|p1a: Garganacl|Garganacl, M|100\/100\n|switch|p2a: Venusaur|Venusaur, F|100\/100\n|-damage|p1a: Garganacl|88\/100|[from] Stealth Rock\n|turn|15\n|\n|t:|1700762101\n|detailschange|p2a: Venusaur|Venusaur-Mega, F\n|-mega|p2a: Venusaur|Venusaur|Venusaurite\n|move|p2a: Venusaur|Leech Seed|p1a: Garganacl\n|-start|p1a: Garganacl|move: Leech Seed\n|move|p1a: Garganacl|Salt Cure|p2a: Venusaur\n|-damage|p2a: Venusaur|86\/100\n|-start|p2a: Venusaur|Salt Cure\n|\n|-weather|Snow|[upkeep]\n|-heal|p1a: Garganacl|94\/100|[from] item: Leftovers\n|-damage|p1a: Garganacl|82\/100|[from] Leech Seed|[of] p2a: Venusaur\n|-heal|p2a: Venusaur|99\/100|[silent]\n|-damage|p2a: Venusaur|86\/100|[from] Salt Cure\n|upkeep\n|turn|16\n|\n|t:|1700762128\n|move|p2a: Venusaur|Giga Drain|p1a: Garganacl\n|-supereffective|p1a: Garganacl\n|-damage|p1a: Garganacl|10\/100\n|-heal|p2a: Venusaur|100\/100|[from] drain|[of] p1a: Garganacl\n|move|p1a: Garganacl|Recover|p1a: Garganacl\n|-heal|p1a: Garganacl|60\/100\n|\n|-weather|none\n|-heal|p1a: Garganacl|66\/100|[from] item: Leftovers\n|-damage|p1a: Garganacl|54\/100|[from] Leech Seed|[of] p2a: Venusaur\n|-damage|p2a: Venusaur|88\/100|[from] Salt Cure\n|upkeep\n|turn|17\n|\n|t:|1700762149\n|switch|p1a: Ninetales|Ninetales-Alola, M|51\/100\n|-damage|p1a: Ninetales|26\/100|[from] Stealth Rock\n|-weather|Snow|[from] ability: Snow Warning|[of] p1a: Ninetales\n|move|p2a: Venusaur|Giga Drain|p1a: Ninetales\n|-damage|p1a: Ninetales|0 fnt\n|-heal|p2a: Venusaur|100\/100|[from] drain|[of] p1a: Ninetales\n|faint|p1a: Ninetales\n|\n|-weather|Snow|[upkeep]\n|-damage|p2a: Venusaur|88\/100|[from] Salt Cure\n|upkeep\n|\n|t:|1700762161\n|switch|p1a: Scizor|Scizor, M|100\/100\n|-damage|p1a: Scizor|88\/100|[from] Stealth Rock\n|turn|18\n|\n|t:|1700762175\n|switch|p2a: Arcanine|Arcanine-Hisui, F|100\/100\n|detailschange|p1a: Scizor|Scizor-Mega, M\n|-mega|p1a: Scizor|Scizor|Scizorite\n|move|p1a: Scizor|Swords Dance|p1a: Scizor\n|-boost|p1a: Scizor|atk|2\n|\n|-weather|Snow|[upkeep]\n|upkeep\n|turn|19\n|\n|t:|1700762193\n|switch|p1a: Garganacl|Garganacl, M|54\/100\n|-damage|p1a: Garganacl|42\/100|[from] Stealth Rock\n|move|p2a: Arcanine|Flare Blitz|p1a: Garganacl\n|-resisted|p1a: Garganacl\n|-damage|p1a: Garganacl|20\/100\n|\n|-weather|Snow|[upkeep]\n|-heal|p1a: Garganacl|27\/100|[from] item: Leftovers\n|upkeep\n|turn|20\n|\n|t:|1700762205\n|switch|p2a: Venusaur|Venusaur-Mega, F|88\/100\n|move|p1a: Garganacl|Recover|p1a: Garganacl\n|-heal|p1a: Garganacl|77\/100\n|\n|-weather|Snow|[upkeep]\n|-heal|p1a: Garganacl|83\/100|[from] item: Leftovers\n|upkeep\n|turn|21\n|\n|t:|1700762216\n|move|p2a: Venusaur|Giga Drain|p1a: Garganacl\n|-supereffective|p1a: Garganacl\n|-damage|p1a: Garganacl|16\/100\n|-heal|p2a: Venusaur|100\/100|[from] drain|[of] p1a: Garganacl\n|move|p1a: Garganacl|Salt Cure|p2a: Venusaur\n|-damage|p2a: Venusaur|88\/100\n|-start|p2a: Venusaur|Salt Cure\n|\n|-weather|none\n|-heal|p1a: Garganacl|22\/100|[from] item: Leftovers\n|-damage|p2a: Venusaur|76\/100|[from] Salt Cure\n|upkeep\n|turn|22\n|\n|t:|1700762232\n|switch|p1a: Serperior|Serperior, F, shiny|88\/100\n|-damage|p1a: Serperior|76\/100|[from] Stealth Rock\n|move|p2a: Venusaur|Giga Drain|p1a: Serperior\n|-resisted|p1a: Serperior\n|-damage|p1a: Serperior|56\/100\n|-heal|p2a: Venusaur|84\/100|[from] drain|[of] p1a: Serperior\n|\n|-damage|p2a: Venusaur|72\/100|[from] Salt Cure\n|upkeep\n|turn|23\n|\n|t:|1700762246\n|switch|p2a: Togekiss|Togekiss, F|100\/100\n|move|p1a: Serperior|Defog|p2a: Togekiss\n|-unboost|p2a: Togekiss|evasion|1\n|-sideend|p1: 88lemurs|Stealth Rock|[from] move: Defog|[of] p1a: Serperior\n|\n|upkeep\n|turn|24\n|\n|t:|1700762257\n|switch|p1a: Jack Black|Drednaw, M, shiny|15\/100 tox\n|move|p2a: Togekiss|Air Slash|p1a: Jack Black\n|-resisted|p1a: Jack Black\n|-damage|p1a: Jack Black|0 fnt\n|faint|p1a: Jack Black\n|\n|upkeep\n|\n|t:|1700762265\n|switch|p1a: Garganacl|Garganacl, M|22\/100\n|turn|25\n|\n|t:|1700762269\n|move|p2a: Togekiss|Air Slash|p1a: Garganacl\n|-resisted|p1a: Garganacl\n|-damage|p1a: Garganacl|5\/100\n|cant|p1a: Garganacl|flinch\n|\n|-heal|p1a: Garganacl|12\/100|[from] item: Leftovers\n|upkeep\n|turn|26\n|\n|t:|1700762277\n|move|p2a: Togekiss|Air Slash|p1a: Garganacl\n|-resisted|p1a: Garganacl\n|-damage|p1a: Garganacl|0 fnt\n|faint|p1a: Garganacl\n|\n|upkeep\n|\n|t:|1700762286\n|switch|p1a: Scizor|Scizor-Mega, M|88\/100\n|turn|27\n|\n|t:|1700762290\n|switch|p2a: Arcanine|Arcanine-Hisui, F|100\/100\n|move|p1a: Scizor|Swords Dance|p1a: Scizor\n|-boost|p1a: Scizor|atk|2\n|\n|upkeep\n|turn|28\n|\n|t:|1700762297\n|move|p2a: Arcanine|Flare Blitz|p1a: Scizor\n|-supereffective|p1a: Scizor\n|-damage|p1a: Scizor|0 fnt\n|faint|p1a: Scizor\n|\n|upkeep\n|\n|t:|1700762302\n|switch|p1a: Serperior|Serperior, F, shiny|56\/100\n|turn|29\n|\n|t:|1700762309\n|-terastallize|p1a: Serperior|Grass\n|move|p1a: Serperior|Leaf Storm|p2a: Arcanine\n|-damage|p2a: Arcanine|0 fnt\n|-boost|p1a: Serperior|spa|2\n|faint|p2a: Arcanine\n|\n|upkeep\n|\n|t:|1700762324\n|switch|p2a: Togekiss|Togekiss, F|100\/100\n|turn|30\n|\n|t:|1700762332\n|move|p1a: Serperior|Leaf Storm|p2a: Togekiss\n|-resisted|p2a: Togekiss\n|-damage|p2a: Togekiss|30\/100\n|-boost|p1a: Serperior|spa|2\n|move|p2a: Togekiss|Air Slash|p1a: Serperior\n|-supereffective|p1a: Serperior\n|-damage|p1a: Serperior|0 fnt\n|faint|p1a: Serperior\n|\n|win|Meb78910\n|raw|88lemurs's rating: 1097 &rarr; <strong>1073<\/strong><br \/>(-24 for losing)\n|raw|Meb78910's rating: 1105 &rarr; <strong>1129<\/strong><br \/>(+24 for winning)\n|l|\u260688lemurs\n","uploadtime":1700762353,"views":18,"p1id":"88lemurs","p2id":"meb78910","formatid":"gen9nationaldex","rating":1073,"private":0,"password":""}