{"id":"gen9nationaldex-1998810979","p1":"Diamond_Apa","p2":"realested","format":"[Gen 9] National Dex","log":"|html|<div class=\"broadcast-blue\"><strong>[Gen 9] National Dex is currently suspecting Sneasler! For information on how to participate check out the <a href=\"https:\/\/www.smogon.com\/forums\/threads\/sv-national-dex-suspect-8-just-dance.3731534\/\">suspect thread<\/a>.<\/strong><\/div>\n|j|\u2606Diamond_Apa\n|j|\u2606realested\n|t:|1700995699\n|gametype|singles\n|player|p1|Diamond_Apa|grusha|1347\n|player|p2|realested|hooligans|1333\n|teamsize|p1|6\n|teamsize|p2|6\n|gen|9\n|tier|[Gen 9] National Dex\n|rated|\n|rule|HP Percentage Mod: HP is shown in percentages\n|rule|Endless Battle Clause: Forcing endless battles is banned\n|rule|OHKO Clause: OHKO moves are banned\n|rule|Evasion Clause: Evasion abilities, items, and moves are banned\n|rule|Evasion Abilities Clause: Evasion abilities are banned\n|rule|Evasion Items Clause: Evasion items are banned\n|rule|Evasion Moves Clause: Evasion moves are banned\n|rule|Species Clause: Limit one of each Pok\u00e9mon\n|rule|Sleep Clause Mod: Limit one foe put to sleep\n|clearpoke\n|poke|p1|Lopunny, F|\n|poke|p1|Samurott-Hisui, F|\n|poke|p1|Manaphy|\n|poke|p1|Sandy Shocks|\n|poke|p1|Amoonguss, F|\n|poke|p1|Moltres|\n|poke|p2|Volcarona, F|\n|poke|p2|Hoopa-Unbound|\n|poke|p2|Kartana|\n|poke|p2|Ceruledge, F|\n|poke|p2|Beedrill, F|\n|poke|p2|Manaphy|\n|teampreview\n|inactive|Battle timer is ON: inactive players will automatically lose when time's up. (requested by realested)\n|\n|t:|1700995721\n|start\n|switch|p1a: Trihoxydre NewGen|Sandy Shocks|100\/100\n|switch|p2a: Beedrill|Beedrill, F|100\/100\n|turn|1\n|\n|t:|1700995731\n|detailschange|p2a: Beedrill|Beedrill-Mega, F\n|-mega|p2a: Beedrill|Beedrill|Beedrillite\n|move|p1a: Trihoxydre NewGen|Volt Switch|p2a: Beedrill\n|-damage|p2a: Beedrill|49\/100\n|c|\u2606Diamond_Apa|Oh ther isn't the dynamic speed in Natdex ?\n|\n|t:|1700995749\n|-end|p1a: Trihoxydre NewGen|Protosynthesis|[silent]\n|switch|p1a: Oiseau de lumi\u00e8re|Moltres|100\/100|[from] Volt Switch\n|move|p2a: Beedrill|Drill Run|p1a: Oiseau de lumi\u00e8re\n|-immune|p1a: Oiseau de lumi\u00e8re\n|\n|upkeep\n|turn|2\n|\n|t:|1700995758\n|move|p2a: Beedrill|U-turn|p1a: Oiseau de lumi\u00e8re\n|-resisted|p1a: Oiseau de lumi\u00e8re\n|-damage|p1a: Oiseau de lumi\u00e8re|87\/100\n|\n|t:|1700995765\n|switch|p2a: Manaphy|Manaphy|100\/100|[from] U-turn\n|move|p1a: Oiseau de lumi\u00e8re|U-turn|p2a: Manaphy\n|-damage|p2a: Manaphy|87\/100\n|\n|t:|1700995773\n|switch|p1a: Trihoxydre NewGen|Sandy Shocks|100\/100|[from] U-turn\n|\n|-heal|p2a: Manaphy|93\/100|[from] item: Leftovers\n|upkeep\n|turn|3\n|\n|t:|1700995780\n|move|p1a: Trihoxydre NewGen|Volt Switch|p2a: Manaphy\n|-supereffective|p2a: Manaphy\n|-crit|p2a: Manaphy\n|-damage|p2a: Manaphy|0 fnt\n|faint|p2a: Manaphy\n|\n|t:|1700995793\n|-end|p1a: Trihoxydre NewGen|Protosynthesis|[silent]\n|switch|p1a: OneSpearIsAllINeed|Samurott-Hisui, F|100\/100|[from] Volt Switch\n|\n|upkeep\n|\n|t:|1700995799\n|switch|p2a: Ceruledge|Ceruledge, F|100\/100\n|turn|4\n|\n|t:|1700995811\n|move|p2a: Ceruledge|Swords Dance|p2a: Ceruledge\n|-boost|p2a: Ceruledge|atk|2\n|move|p1a: OneSpearIsAllINeed|Razor Shell|p2a: Ceruledge\n|-supereffective|p2a: Ceruledge\n|-enditem|p2a: Ceruledge|Focus Sash\n|-damage|p2a: Ceruledge|1\/100\n|-unboost|p2a: Ceruledge|def|1\n|-ability|p2a: Ceruledge|Weak Armor|boost\n|-unboost|p2a: Ceruledge|def|1\n|-boost|p2a: Ceruledge|spe|2\n|\n|upkeep\n|turn|5\n|\n|t:|1700995823\n|move|p1a: OneSpearIsAllINeed|Aqua Jet|p2a: Ceruledge\n|-supereffective|p2a: Ceruledge\n|-damage|p2a: Ceruledge|0 fnt\n|faint|p2a: Ceruledge\n|\n|upkeep\n|\n|t:|1700995829\n|switch|p2a: Kartana|Kartana|100\/100\n|turn|6\n|\n|t:|1700995839\n|switch|p1a: Oiseau de lumi\u00e8re|Moltres|87\/100\n|move|p2a: Kartana|Leaf Blade|p1a: Oiseau de lumi\u00e8re\n|-resisted|p1a: Oiseau de lumi\u00e8re\n|-crit|p1a: Oiseau de lumi\u00e8re\n|-damage|p1a: Oiseau de lumi\u00e8re|65\/100\n|\n|upkeep\n|turn|7\n|\n|t:|1700995847\n|switch|p2a: Volcarona|Volcarona, F|100\/100\n|move|p1a: Oiseau de lumi\u00e8re|Roost|p1a: Oiseau de lumi\u00e8re\n|-heal|p1a: Oiseau de lumi\u00e8re|100\/100\n|-singleturn|p1a: Oiseau de lumi\u00e8re|move: Roost\n|\n|upkeep\n|turn|8\n|\n|t:|1700995856\n|switch|p1a: OneSpearIsAllINeed|Samurott-Hisui, F|100\/100\n|move|p2a: Volcarona|Quiver Dance|p2a: Volcarona\n|-boost|p2a: Volcarona|spa|1\n|-boost|p2a: Volcarona|spd|1\n|-boost|p2a: Volcarona|spe|1\n|\n|upkeep\n|turn|9\n|\n|t:|1700995861\n|-terastallize|p2a: Volcarona|Grass\n|move|p2a: Volcarona|Giga Drain|p1a: OneSpearIsAllINeed\n|-supereffective|p1a: OneSpearIsAllINeed\n|-damage|p1a: OneSpearIsAllINeed|0 fnt\n|faint|p1a: OneSpearIsAllINeed\n|\n|upkeep\n|\n|t:|1700995868\n|switch|p1a: Oiseau de lumi\u00e8re|Moltres|100\/100\n|turn|10\n|\n|t:|1700995874\n|move|p2a: Volcarona|Fiery Dance|p1a: Oiseau de lumi\u00e8re\n|-resisted|p1a: Oiseau de lumi\u00e8re\n|-crit|p1a: Oiseau de lumi\u00e8re\n|-damage|p1a: Oiseau de lumi\u00e8re|65\/100\n|-boost|p2a: Volcarona|spa|1\n|move|p1a: Oiseau de lumi\u00e8re|Flamethrower|p2a: Volcarona\n|-supereffective|p2a: Volcarona\n|-damage|p2a: Volcarona|45\/100\n|-status|p2a: Volcarona|brn\n|\n|-damage|p2a: Volcarona|38\/100 brn|[from] brn\n|upkeep\n|turn|11\n|\n|t:|1700995884\n|move|p2a: Volcarona|Fiery Dance|p1a: Oiseau de lumi\u00e8re\n|-resisted|p1a: Oiseau de lumi\u00e8re\n|-damage|p1a: Oiseau de lumi\u00e8re|31\/100\n|move|p1a: Oiseau de lumi\u00e8re|Flamethrower|p2a: Volcarona\n|-supereffective|p2a: Volcarona\n|-damage|p2a: Volcarona|0 fnt\n|faint|p2a: Volcarona\n|\n|upkeep\n|\n|t:|1700995894\n|switch|p2a: Beedrill|Beedrill-Mega, F|49\/100\n|turn|12\n|\n|t:|1700995909\n|move|p2a: Beedrill|Poison Jab|p1a: Oiseau de lumi\u00e8re\n|-damage|p1a: Oiseau de lumi\u00e8re|0 fnt\n|-status|p2a: Beedrill|brn|[from] ability: Flame Body|[of] p1a: Oiseau de lumi\u00e8re\n|faint|p1a: Oiseau de lumi\u00e8re\n|\n|-damage|p2a: Beedrill|43\/100 brn|[from] brn\n|upkeep\n|\n|t:|1700995914\n|switch|p1a: Trihoxydre NewGen|Sandy Shocks|100\/100\n|turn|13\n|\n|t:|1700995922\n|move|p1a: Trihoxydre NewGen|Volt Switch|p2a: Beedrill\n|-damage|p2a: Beedrill|0 fnt\n|faint|p2a: Beedrill\n|\n|t:|1700995938\n|-end|p1a: Trihoxydre NewGen|Protosynthesis|[silent]\n|switch|p1a: Loppuny|Lopunny, F|100\/100|[from] Volt Switch\n|\n|upkeep\n|\n|t:|1700995943\n|switch|p2a: Kartana|Kartana|100\/100\n|turn|14\n|\n|t:|1700995949\n|detailschange|p1a: Loppuny|Lopunny-Mega, F\n|-mega|p1a: Loppuny|Lopunny|Lopunnite\n|move|p2a: Kartana|Sacred Sword|p1a: Loppuny\n|-supereffective|p1a: Loppuny\n|-damage|p1a: Loppuny|0 fnt\n|faint|p1a: Loppuny\n|-ability|p2a: Kartana|Beast Boost|boost\n|-boost|p2a: Kartana|atk|1\n|\n|upkeep\n|\n|t:|1700995956\n|switch|p1a: Fake Pokeball|Amoonguss, F|100\/100\n|turn|15\n|\n|t:|1700995962\n|move|p2a: Kartana|Sacred Sword|p1a: Fake Pokeball\n|-resisted|p1a: Fake Pokeball\n|-damage|p1a: Fake Pokeball|80\/100\n|-damage|p2a: Kartana|84\/100|[from] item: Rocky Helmet|[of] p1a: Fake Pokeball\n|move|p1a: Fake Pokeball|Giga Drain|p2a: Kartana\n|-resisted|p2a: Kartana\n|-damage|p2a: Kartana|66\/100\n|-heal|p1a: Fake Pokeball|86\/100|[from] drain|[of] p2a: Kartana\n|\n|upkeep\n|turn|16\n|\n|t:|1700995969\n|switch|p2a: Hoopa|Hoopa-Unbound|100\/100\n|move|p1a: Fake Pokeball|Giga Drain|p2a: Hoopa\n|-damage|p2a: Hoopa|81\/100\n|-heal|p1a: Fake Pokeball|93\/100|[from] drain|[of] p2a: Hoopa\n|\n|upkeep\n|turn|17\n|\n|t:|1700995974\n|switch|p1a: Tail Glow and Go|Manaphy|100\/100\n|move|p2a: Hoopa|Zen Headbutt|p1a: Tail Glow and Go\n|-damage|p1a: Tail Glow and Go|33\/100\n|\n|-heal|p1a: Tail Glow and Go|39\/100|[from] item: Leftovers\n|upkeep\n|turn|18\n|\n|t:|1700995983\n|move|p1a: Tail Glow and Go|Surf|p2a: Hoopa\n|-damage|p2a: Hoopa|45\/100\n|move|p2a: Hoopa|Zen Headbutt|p1a: Tail Glow and Go\n|-damage|p1a: Tail Glow and Go|0 fnt\n|faint|p1a: Tail Glow and Go\n|\n|upkeep\n|\n|t:|1700995988\n|switch|p1a: Trihoxydre NewGen|Sandy Shocks|100\/100\n|turn|19\n|\n|t:|1700995994\n|move|p1a: Trihoxydre NewGen|Earth Power|p2a: Hoopa\n|-damage|p2a: Hoopa|2\/100\n|move|p2a: Hoopa|Zen Headbutt|p1a: Trihoxydre NewGen\n|-damage|p1a: Trihoxydre NewGen|22\/100\n|\n|upkeep\n|turn|20\n|\n|t:|1700995999\n|move|p1a: Trihoxydre NewGen|Earth Power|p2a: Hoopa\n|-damage|p2a: Hoopa|0 fnt\n|faint|p2a: Hoopa\n|\n|upkeep\n|\n|t:|1700996001\n|switch|p2a: Kartana|Kartana|66\/100\n|turn|21\n|\n|t:|1700996007\n|move|p2a: Kartana|Return|p1a: Trihoxydre NewGen\n|-damage|p1a: Trihoxydre NewGen|0 fnt\n|faint|p1a: Trihoxydre NewGen\n|-end|p1a: Trihoxydre NewGen|Protosynthesis|[silent]\n|-ability|p2a: Kartana|Beast Boost|boost\n|-boost|p2a: Kartana|atk|1\n|\n|upkeep\n|\n|t:|1700996009\n|switch|p1a: Fake Pokeball|Amoonguss, F|100\/100\n|turn|22\n|\n|t:|1700996013\n|move|p2a: Kartana|Return|p1a: Fake Pokeball\n|-damage|p1a: Fake Pokeball|51\/100\n|-damage|p2a: Kartana|49\/100|[from] item: Rocky Helmet|[of] p1a: Fake Pokeball\n|move|p1a: Fake Pokeball|Giga Drain|p2a: Kartana\n|-resisted|p2a: Kartana\n|-damage|p2a: Kartana|30\/100\n|-heal|p1a: Fake Pokeball|57\/100|[from] drain|[of] p2a: Kartana\n|\n|upkeep\n|turn|23\n|\n|t:|1700996026\n|-terastallize|p1a: Fake Pokeball|Grass\n|move|p2a: Kartana|Return|p1a: Fake Pokeball\n|-damage|p1a: Fake Pokeball|10\/100\n|-damage|p2a: Kartana|14\/100|[from] item: Rocky Helmet|[of] p1a: Fake Pokeball\n|move|p1a: Fake Pokeball|Giga Drain|p2a: Kartana\n|-resisted|p2a: Kartana\n|-damage|p2a: Kartana|0 fnt\n|-heal|p1a: Fake Pokeball|14\/100|[from] drain|[of] p2a: Kartana\n|faint|p2a: Kartana\n|\n|win|Diamond_Apa\n|raw|Diamond_Apa's rating: 1347 &rarr; <strong>1366<\/strong><br \/>(+19 for winning)\n|raw|realested's rating: 1333 &rarr; <strong>1314<\/strong><br \/>(-19 for losing)\n|l|\u2606Diamond_Apa\n","uploadtime":1700996042,"views":15,"p1id":"diamondapa","p2id":"realested","formatid":"gen9nationaldex","rating":1314,"private":0,"password":""}