{"id":"gen9nationaldex-1996831546","p1":"Hades RFX","p2":"Horse95","format":"[Gen 9] National Dex","log":"|html|<div class=\"broadcast-blue\"><strong>[Gen 9] National Dex is currently suspecting Sneasler! For information on how to participate check out the <a href=\"https:\/\/www.smogon.com\/forums\/threads\/sv-national-dex-suspect-8-just-dance.3731534\/\">suspect thread<\/a>.<\/strong><\/div>\n|j|\u2606Hades RFX\n|j|\u2606Horse95\n|t:|1700732370\n|gametype|singles\n|player|p1|Hades RFX|alec-anime|\n|player|p2|Horse95|colress|\n|teamsize|p1|6\n|teamsize|p2|6\n|gen|9\n|tier|[Gen 9] National Dex\n|rule|HP Percentage Mod: HP is shown in percentages\n|rule|Endless Battle Clause: Forcing endless battles is banned\n|rule|OHKO Clause: OHKO moves are banned\n|rule|Evasion Clause: Evasion abilities, items, and moves are banned\n|rule|Evasion Abilities Clause: Evasion abilities are banned\n|rule|Evasion Items Clause: Evasion items are banned\n|rule|Evasion Moves Clause: Evasion moves are banned\n|rule|Species Clause: Limit one of each Pok\u00e9mon\n|rule|Sleep Clause Mod: Limit one foe put to sleep\n|clearpoke\n|poke|p1|Blacephalon|\n|poke|p1|Gengar, M|\n|poke|p1|Zoroark-Hisui, F|\n|poke|p1|Ceruledge, M|\n|poke|p1|Froslass, F|\n|poke|p1|Mimikyu, F|\n|poke|p2|Torterra, M|\n|poke|p2|Hydreigon, M|\n|poke|p2|Volbeat, M|\n|poke|p2|Clefable, F|\n|poke|p2|Ceruledge, M|\n|poke|p2|Incineroar, F|\n|teampreview\n|c|\u2606Horse95|glhf\n|\n|t:|1700732403\n|start\n|switch|p1a: Froslass|Froslass, F|100\/100\n|switch|p2a: Incineroar|Incineroar, F|100\/100\n|-ability|p2a: Incineroar|Intimidate|boost\n|-unboost|p1a: Froslass|atk|1\n|turn|1\n|\n|t:|1700732429\n|move|p1a: Froslass|Spikes|p2a: Incineroar\n|-sidestart|p2: Horse95|Spikes\n|move|p2a: Incineroar|Knock Off|p1a: Froslass\n|-supereffective|p1a: Froslass\n|-enditem|p1a: Froslass|Focus Sash\n|-damage|p1a: Froslass|1\/100\n|\n|upkeep\n|turn|2\n|\n|t:|1700732441\n|move|p1a: Froslass|Destiny Bond|p1a: Froslass\n|-singlemove|p1a: Froslass|Destiny Bond\n|move|p2a: Incineroar|Parting Shot|p1a: Froslass\n|-unboost|p1a: Froslass|atk|1\n|-unboost|p1a: Froslass|spa|1\n|\n|t:|1700732447\n|switch|p2a: Torterra|Torterra, M|100\/100|[from] Parting Shot\n|-damage|p2a: Torterra|88\/100|[from] Spikes\n|\n|upkeep\n|turn|3\n|\n|t:|1700732475\n|move|p1a: Froslass|Ice Beam|p2a: Torterra\n|-supereffective|p2a: Torterra\n|-damage|p2a: Torterra|0 fnt\n|faint|p2a: Torterra\n|\n|upkeep\n|\n|t:|1700732481\n|switch|p2a: Ceruledge|Ceruledge, M|100\/100\n|-damage|p2a: Ceruledge|88\/100|[from] Spikes\n|turn|4\n|\n|t:|1700732485\n|move|p2a: Ceruledge|Shadow Sneak|p1a: Froslass\n|-supereffective|p1a: Froslass\n|-crit|p1a: Froslass\n|-damage|p1a: Froslass|0 fnt\n|faint|p1a: Froslass\n|\n|upkeep\n|\n|t:|1700732489\n|switch|p1a: Blacephalon|Blacephalon|100\/100\n|turn|5\n|\n|t:|1700732512\n|switch|p2a: Volbeat|Volbeat, M|100\/100\n|-damage|p2a: Volbeat|88\/100|[from] Spikes\n|move|p1a: Blacephalon|Shadow Ball|p2a: Volbeat\n|-crit|p2a: Volbeat\n|-damage|p2a: Volbeat|0 fnt\n|faint|p2a: Volbeat\n|\n|upkeep\n|\n|t:|1700732520\n|switch|p2a: Hydreigon|Hydreigon, M|100\/100\n|turn|6\n|\n|t:|1700732529\n|switch|p1a: Ceruledge|Ceruledge, M|100\/100\n|-terastallize|p2a: Hydreigon|Dark\n|move|p2a: Hydreigon|Dark Pulse|p1a: Ceruledge\n|-supereffective|p1a: Ceruledge\n|-enditem|p1a: Ceruledge|Focus Sash\n|-damage|p1a: Ceruledge|1\/100\n|\n|upkeep\n|turn|7\n|\n|t:|1700732538\n|move|p1a: Ceruledge|Shadow Sneak|p2a: Hydreigon\n|-resisted|p2a: Hydreigon\n|-damage|p2a: Hydreigon|88\/100\n|move|p2a: Hydreigon|Dark Pulse|p1a: Ceruledge\n|-supereffective|p1a: Ceruledge\n|-damage|p1a: Ceruledge|0 fnt\n|faint|p1a: Ceruledge\n|\n|upkeep\n|\n|t:|1700732542\n|switch|p1a: Mimikyu|Mimikyu, F|100\/100\n|turn|8\n|\n|t:|1700732549\n|switch|p2a: Incineroar|Incineroar, F|100\/100\n|-damage|p2a: Incineroar|88\/100|[from] Spikes\n|-ability|p2a: Incineroar|Intimidate|boost\n|-unboost|p1a: Mimikyu|atk|1\n|-terastallize|p1a: Mimikyu|Fairy\n|move|p1a: Mimikyu|Swords Dance|p1a: Mimikyu\n|-boost|p1a: Mimikyu|atk|2\n|\n|-heal|p2a: Incineroar|94\/100|[from] item: Leftovers\n|upkeep\n|turn|9\n|\n|t:|1700732580\n|switch|p2a: Clefable|Clefable, F|100\/100\n|-damage|p2a: Clefable|88\/100|[from] Spikes\n|move|p1a: Mimikyu|Play Rough|p2a: Clefable\n|-damage|p2a: Clefable|21\/100\n|-damage|p1a: Mimikyu|91\/100|[from] item: Life Orb\n|\n|-heal|p2a: Clefable|27\/100|[from] item: Leftovers\n|upkeep\n|turn|10\n|\n|t:|1700732600\n|move|p1a: Mimikyu|Swords Dance|p1a: Mimikyu\n|-boost|p1a: Mimikyu|atk|2\n|move|p2a: Clefable|Thunder Wave|p1a: Mimikyu\n|-status|p1a: Mimikyu|par\n|\n|-heal|p2a: Clefable|33\/100|[from] item: Leftovers\n|upkeep\n|turn|11\n|\n|t:|1700732612\n|move|p1a: Mimikyu|Play Rough|p2a: Clefable\n|-damage|p2a: Clefable|0 fnt\n|faint|p2a: Clefable\n|-damage|p1a: Mimikyu|81\/100 par|[from] item: Life Orb\n|\n|upkeep\n|\n|t:|1700732623\n|switch|p2a: Incineroar|Incineroar, F|94\/100\n|-damage|p2a: Incineroar|82\/100|[from] Spikes\n|-ability|p2a: Incineroar|Intimidate|boost\n|-unboost|p1a: Mimikyu|atk|1\n|turn|12\n|\n|t:|1700732636\n|cant|p1a: Mimikyu|par\n|move|p2a: Incineroar|Knock Off|p1a: Mimikyu\n|-activate|p1a: Mimikyu|ability: Disguise\n|-damage|p1a: Mimikyu|81\/100 par\n|-enditem|p1a: Mimikyu|Life Orb|[from] move: Knock Off|[of] p2a: Incineroar\n|detailschange|p1a: Mimikyu|Mimikyu-Busted, F, tera:Fairy\n|-damage|p1a: Mimikyu|68\/100 par|[from] pokemon: Mimikyu-Busted\n|\n|-heal|p2a: Incineroar|88\/100|[from] item: Leftovers\n|upkeep\n|turn|13\n|\n|t:|1700732669\n|move|p1a: Mimikyu|Play Rough|p2a: Incineroar\n|-damage|p2a: Incineroar|0 fnt\n|faint|p2a: Incineroar\n|\n|upkeep\n|\n|t:|1700732674\n|switch|p2a: Ceruledge|Ceruledge, M|88\/100\n|-damage|p2a: Ceruledge|76\/100|[from] Spikes\n|turn|14\n|\n|t:|1700732686\n|cant|p1a: Mimikyu|par\n|move|p2a: Ceruledge|Poltergeist||[still]\n|-fail|p2a: Ceruledge\n|\n|upkeep\n|turn|15\n|\n|t:|1700732693\n|move|p1a: Mimikyu|Shadow Sneak|p2a: Ceruledge\n|-supereffective|p2a: Ceruledge\n|-damage|p2a: Ceruledge|0 fnt\n|faint|p2a: Ceruledge\n|\n|upkeep\n|\n|t:|1700732697\n|switch|p2a: Hydreigon|Hydreigon, M, tera:Dark|88\/100\n|turn|16\n|c|\u2606Hades RFX|gg\n|\n|t:|1700732706\n|move|p2a: Hydreigon|Surf|p1a: Mimikyu\n|-damage|p1a: Mimikyu|30\/100 par\n|cant|p1a: Mimikyu|par\n|\n|upkeep\n|turn|17\n|\n|t:|1700732712\n|move|p1a: Mimikyu|Shadow Sneak|p2a: Hydreigon\n|-resisted|p2a: Hydreigon\n|-damage|p2a: Hydreigon|70\/100\n|move|p2a: Hydreigon|Surf|p1a: Mimikyu\n|-damage|p1a: Mimikyu|0 fnt\n|faint|p1a: Mimikyu\n|\n|upkeep\n|\n|t:|1700732715\n|switch|p1a: Blacephalon|Blacephalon|100\/100\n|turn|18\n|\n|t:|1700732719\n|move|p2a: Hydreigon|Surf|p1a: Blacephalon\n|-damage|p1a: Blacephalon|37\/100\n|replace|p1a: Zoroark|Zoroark-Hisui, F\n|-end|p1a: Zoroark|Illusion\n|move|p1a: Zoroark|Hyper Voice|p2a: Hydreigon\n|-damage|p2a: Hydreigon|0 fnt\n|faint|p2a: Hydreigon\n|\n|win|Hades RFX\n","uploadtime":1700732725,"views":2,"p1id":"hadesrfx","p2id":"horse95","formatid":"gen9nationaldex","rating":0,"private":0,"password":""}