{"id":"gen9nationaldex-1988546378","p1":"Dipatrico","p2":"Matsurizzzu","format":"[Gen 9] National Dex","log":"|j|\u2606Dipatrico\n|j|\u2606Matsurizzzu\n|t:|1699734606\n|gametype|singles\n|player|p1|Dipatrico|preschooler|1282\n|player|p2|Matsurizzzu|dawn|1248\n|teamsize|p1|6\n|teamsize|p2|6\n|gen|9\n|tier|[Gen 9] National Dex\n|rated|\n|rule|HP Percentage Mod: HP is shown in percentages\n|rule|Endless Battle Clause: Forcing endless battles is banned\n|rule|OHKO Clause: OHKO moves are banned\n|rule|Evasion Clause: Evasion abilities, items, and moves are banned\n|rule|Evasion Abilities Clause: Evasion abilities are banned\n|rule|Evasion Items Clause: Evasion items are banned\n|rule|Evasion Moves Clause: Evasion moves are banned\n|rule|Species Clause: Limit one of each Pok\u00e9mon\n|rule|Sleep Clause Mod: Limit one foe put to sleep\n|clearpoke\n|poke|p1|Grafaiai, F|\n|poke|p1|Chandelure, F|\n|poke|p1|Kleavor, F|\n|poke|p1|Greninja-*, M|\n|poke|p1|Venusaur, F|\n|poke|p1|Iron Treads|\n|poke|p2|Dondozo, M|\n|poke|p2|Blissey, F|\n|poke|p2|Absol, F|\n|poke|p2|Corviknight, M|\n|poke|p2|Shuckle, M|\n|poke|p2|Toxapex, F|\n|teampreview\n|inactive|Battle timer is ON: inactive players will automatically lose when time's up. (requested by Matsurizzzu)\n|\n|t:|1699734618\n|start\n|switch|p1a: Kleavor|Kleavor, F|100\/100\n|switch|p2a: Furry|Absol, F, shiny|100\/100\n|turn|1\n|inactive|Matsurizzzu has 120 seconds left.\n|\n|t:|1699734665\n|switch|p2a: Corviknight|Corviknight, M|100\/100\n|-ability|p2a: Corviknight|Pressure\n|move|p1a: Kleavor|Stone Axe|p2a: Corviknight\n|-damage|p2a: Corviknight|67\/100\n|-sidestart|p2: Matsurizzzu|move: Stealth Rock\n|\n|upkeep\n|turn|2\n|\n|t:|1699734672\n|move|p1a: Kleavor|U-turn|p2a: Corviknight\n|-resisted|p2a: Corviknight\n|-damage|p2a: Corviknight|62\/100\n|\n|t:|1699734675\n|switch|p1a: Greninja|Greninja, M|100\/100|[from] U-turn\n|move|p2a: Corviknight|Iron Defense|p2a: Corviknight\n|-boost|p2a: Corviknight|def|2\n|\n|upkeep\n|turn|3\n|inactive|Matsurizzzu has 120 seconds left.\n|\n|t:|1699734684\n|switch|p2a: Toxapex|Toxapex, F|100\/100\n|move|p1a: Greninja|Surf|p2a: Toxapex\n|-resisted|p2a: Toxapex\n|-damage|p2a: Toxapex|79\/100\n|-damage|p1a: Greninja|91\/100|[from] item: Life Orb\n|\n|upkeep\n|turn|4\n|\n|t:|1699734692\n|switch|p1a: Kleavor|Kleavor, F|100\/100\n|move|p2a: Toxapex|Toxic|p1a: Kleavor\n|-status|p1a: Kleavor|tox\n|\n|-damage|p1a: Kleavor|94\/100 tox|[from] psn\n|upkeep\n|turn|5\n|\n|t:|1699734699\n|move|p1a: Kleavor|Psycho Cut|p2a: Toxapex\n|-supereffective|p2a: Toxapex\n|-damage|p2a: Toxapex|32\/100\n|move|p2a: Toxapex|Scald|p1a: Kleavor\n|-supereffective|p1a: Kleavor\n|-damage|p1a: Kleavor|55\/100 tox\n|\n|-damage|p1a: Kleavor|43\/100 tox|[from] psn\n|upkeep\n|turn|6\n|\n|t:|1699734706\n|move|p2a: Toxapex|Baneful Bunker|p2a: Toxapex\n|-singleturn|p2a: Toxapex|move: Protect\n|move|p1a: Kleavor|Psycho Cut|p2a: Toxapex\n|-activate|p2a: Toxapex|move: Protect\n|\n|-damage|p1a: Kleavor|25\/100 tox|[from] psn\n|upkeep\n|turn|7\n|\n|t:|1699734716\n|switch|p2a: Shuckle|Shuckle, M|100\/100\n|-damage|p2a: Shuckle|76\/100|[from] Stealth Rock\n|move|p1a: Kleavor|Stone Axe|p2a: Shuckle|[miss]\n|-miss|p1a: Kleavor|p2a: Shuckle\n|\n|-damage|p1a: Kleavor|1\/100 tox|[from] psn\n|upkeep\n|turn|8\n|\n|t:|1699734725\n|move|p1a: Kleavor|Stone Axe|p2a: Shuckle\n|-supereffective|p2a: Shuckle\n|-damage|p2a: Shuckle|3\/100\n|move|p2a: Shuckle|Sticky Web|p1a: Kleavor\n|-sidestart|p1: Dipatrico|move: Sticky Web\n|\n|-damage|p1a: Kleavor|0 fnt|[from] psn\n|faint|p1a: Kleavor\n|upkeep\n|\n|t:|1699734729\n|switch|p1a: Iron Treads|Iron Treads, shiny|100\/100\n|turn|9\n|\n|t:|1699734734\n|move|p1a: Iron Treads|Rapid Spin|p2a: Shuckle\n|-resisted|p2a: Shuckle\n|-damage|p2a: Shuckle|0 fnt\n|-boost|p1a: Iron Treads|spe|1\n|-sideend|p1: Dipatrico|Sticky Web|[from] move: Rapid Spin|[of] p1a: Iron Treads\n|faint|p2a: Shuckle\n|\n|upkeep\n|\n|t:|1699734739\n|switch|p2a: Corviknight|Corviknight, M|62\/100\n|-ability|p2a: Corviknight|Pressure\n|turn|10\n|\n|t:|1699734744\n|move|p1a: Iron Treads|Wild Charge|p2a: Corviknight\n|-supereffective|p2a: Corviknight\n|-damage|p2a: Corviknight|30\/100\n|-damage|p1a: Iron Treads|91\/100|[from] Recoil\n|move|p2a: Corviknight|Roost|p2a: Corviknight\n|-heal|p2a: Corviknight|80\/100\n|-singleturn|p2a: Corviknight|move: Roost\n|\n|upkeep\n|turn|11\n|\n|t:|1699734752\n|-end|p1a: Iron Treads|Quark Drive|[silent]\n|switch|p1a: Greninja|Greninja, M|91\/100\n|move|p2a: Corviknight|Roost|p2a: Corviknight\n|-heal|p2a: Corviknight|100\/100\n|-singleturn|p2a: Corviknight|move: Roost\n|\n|upkeep\n|turn|12\n|\n|t:|1699734756\n|switch|p2a: Blissey|Blissey, F|100\/100\n|-terastallize|p1a: Greninja|Fire\n|move|p1a: Greninja|Tera Blast|p2a: Blissey|[anim] Tera Blast Fire\n|-damage|p2a: Blissey|88\/100\n|-damage|p1a: Greninja|81\/100|[from] item: Life Orb\n|\n|upkeep\n|turn|13\n|\n|t:|1699734765\n|switch|p1a: Chandelure|Chandelure, F, shiny|100\/100\n|move|p2a: Blissey|Toxic|p1a: Chandelure\n|-status|p1a: Chandelure|tox\n|\n|-damage|p1a: Chandelure|94\/100 tox|[from] psn\n|upkeep\n|turn|14\n|\n|t:|1699734774\n|switch|p2a: Toxapex|Toxapex, F|65\/100\n|move|p1a: Chandelure|Trick|p2a: Toxapex\n|-activate|p1a: Chandelure|move: Trick|[of] p2a: Toxapex\n|-item|p2a: Toxapex|Choice Scarf|[from] move: Trick\n|-item|p1a: Chandelure|Heavy-Duty Boots|[from] move: Trick\n|\n|-damage|p1a: Chandelure|82\/100 tox|[from] psn\n|upkeep\n|turn|15\n|\n|t:|1699734787\n|switch|p1a: Grafaiai|Grafaiai, F, shiny|100\/100\n|move|p2a: Toxapex|Scald|p1a: Grafaiai\n|-damage|p1a: Grafaiai|71\/100\n|\n|-heal|p1a: Grafaiai|77\/100|[from] item: Leftovers\n|upkeep\n|turn|16\n|\n|t:|1699734799\n|switch|p2a: Blissey|Blissey, F|88\/100\n|move|p1a: Grafaiai|Parting Shot|p2a: Blissey\n|-unboost|p2a: Blissey|atk|1\n|-unboost|p2a: Blissey|spa|1\n|\n|t:|1699734806\n|switch|p1a: Iron Treads|Iron Treads, shiny|91\/100|[from] Parting Shot\n|\n|upkeep\n|turn|17\n|\n|t:|1699734813\n|switch|p2a: Corviknight|Corviknight, M|100\/100\n|-ability|p2a: Corviknight|Pressure\n|move|p1a: Iron Treads|Earthquake|p2a: Corviknight\n|-immune|p2a: Corviknight\n|\n|upkeep\n|turn|18\n|\n|t:|1699734820\n|-end|p1a: Iron Treads|Quark Drive|[silent]\n|switch|p1a: Chandelure|Chandelure, F, shiny|82\/100 tox\n|move|p2a: Corviknight|Defog|p1a: Chandelure\n|-unboost|p1a: Chandelure|evasion|1\n|-sideend|p2: Matsurizzzu|Stealth Rock|[from] move: Defog|[of] p2a: Corviknight\n|\n|-damage|p1a: Chandelure|76\/100 tox|[from] psn\n|upkeep\n|turn|19\n|\n|t:|1699734828\n|switch|p2a: Toxapex|Toxapex, F|99\/100\n|move|p1a: Chandelure|Shadow Ball|p2a: Toxapex\n|-damage|p2a: Toxapex|61\/100\n|-unboost|p2a: Toxapex|spd|1\n|\n|-damage|p1a: Chandelure|64\/100 tox|[from] psn\n|upkeep\n|turn|20\n|\n|t:|1699734837\n|switch|p2a: Blissey|Blissey, F|88\/100\n|move|p1a: Chandelure|Overheat|p2a: Blissey\n|-crit|p2a: Blissey\n|-damage|p2a: Blissey|58\/100\n|-unboost|p1a: Chandelure|spa|2\n|\n|-damage|p1a: Chandelure|45\/100 tox|[from] psn\n|upkeep\n|turn|21\n|\n|t:|1699734845\n|switch|p1a: Grafaiai|Grafaiai, F, shiny|77\/100\n|move|p2a: Blissey|Soft-Boiled|p2a: Blissey\n|-heal|p2a: Blissey|100\/100\n|\n|-heal|p1a: Grafaiai|83\/100|[from] item: Leftovers\n|upkeep\n|turn|22\n|\n|t:|1699734851\n|switch|p2a: Furry|Absol, F, shiny|100\/100\n|move|p1a: Grafaiai|Knock Off|p2a: Furry\n|-resisted|p2a: Furry\n|-damage|p2a: Furry|82\/100\n|-ability|p2a: Furry|Justified|boost\n|-boost|p2a: Furry|atk|1\n|\n|-heal|p1a: Grafaiai|89\/100|[from] item: Leftovers\n|upkeep\n|turn|23\n|\n|t:|1699734858\n|detailschange|p2a: Furry|Absol-Mega, F, shiny\n|-mega|p2a: Furry|Absol|Absolite\n|move|p2a: Furry|Sucker Punch|p1a: Grafaiai\n|-damage|p1a: Grafaiai|0 fnt\n|faint|p1a: Grafaiai\n|\n|upkeep\n|\n|t:|1699734865\n|switch|p1a: Venusaur|Venusaur, F|100\/100\n|turn|24\n|\n|t:|1699734870\n|detailschange|p1a: Venusaur|Venusaur-Mega, F\n|-mega|p1a: Venusaur|Venusaur|Venusaurite\n|move|p2a: Furry|Fire Blast|p1a: Venusaur|[miss]\n|-miss|p2a: Furry|p1a: Venusaur\n|move|p1a: Venusaur|Leech Seed|p2a: Furry\n|move|p2a: Furry|Leech Seed|p1a: Venusaur|[from]ability: Magic Bounce\n|-immune|p1a: Venusaur\n|\n|upkeep\n|turn|25\n|\n|t:|1699734880\n|move|p2a: Furry|Fire Blast|p1a: Venusaur\n|-supereffective|p1a: Venusaur\n|-damage|p1a: Venusaur|76\/100\n|move|p1a: Venusaur|Giga Drain|p2a: Furry\n|-damage|p2a: Furry|16\/100\n|-heal|p1a: Venusaur|100\/100|[from] drain|[of] p2a: Furry\n|\n|upkeep\n|turn|26\n|\n|t:|1699734886\n|move|p2a: Furry|Sucker Punch|p1a: Venusaur\n|-damage|p1a: Venusaur|60\/100\n|move|p1a: Venusaur|Giga Drain|p2a: Furry\n|-damage|p2a: Furry|0 fnt\n|-heal|p1a: Venusaur|66\/100|[from] drain|[of] p2a: Furry\n|faint|p2a: Furry\n|\n|upkeep\n|\n|t:|1699734894\n|switch|p2a: Blissey|Blissey, F|100\/100\n|turn|27\n|\n|t:|1699734896\n|move|p1a: Venusaur|Leech Seed|p2a: Blissey\n|-start|p2a: Blissey|move: Leech Seed\n|move|p2a: Blissey|Seismic Toss|p1a: Venusaur\n|-damage|p1a: Venusaur|38\/100\n|\n|-damage|p2a: Blissey|88\/100|[from] Leech Seed|[of] p1a: Venusaur\n|-heal|p1a: Venusaur|62\/100|[silent]\n|upkeep\n|turn|28\n|\n|t:|1699734901\n|switch|p2a: Toxapex|Toxapex, F|94\/100\n|move|p1a: Venusaur|Substitute|p1a: Venusaur\n|-start|p1a: Venusaur|Substitute\n|-damage|p1a: Venusaur|38\/100\n|\n|upkeep\n|turn|29\n|\n|t:|1699734914\n|move|p1a: Venusaur|Leech Seed|p2a: Toxapex\n|-start|p2a: Toxapex|move: Leech Seed\n|move|p2a: Toxapex|Scald|p1a: Venusaur\n|-resisted|p1a: Venusaur\n|-activate|p1a: Venusaur|move: Substitute|[damage]\n|\n|-damage|p2a: Toxapex|82\/100|[from] Leech Seed|[of] p1a: Venusaur\n|-heal|p1a: Venusaur|48\/100|[silent]\n|upkeep\n|turn|30\n|\n|t:|1699734919\n|switch|p2a: Blissey|Blissey, F|88\/100\n|move|p1a: Venusaur|Giga Drain|p2a: Blissey\n|-damage|p2a: Blissey|80\/100\n|-heal|p1a: Venusaur|56\/100|[from] drain|[of] p2a: Blissey\n|\n|upkeep\n|turn|31\n|\n|t:|1699734926\n|move|p1a: Venusaur|Leech Seed|p2a: Blissey\n|-start|p2a: Blissey|move: Leech Seed\n|move|p2a: Blissey|Seismic Toss|p1a: Venusaur\n|-end|p1a: Venusaur|Substitute\n|\n|-damage|p2a: Blissey|68\/100|[from] Leech Seed|[of] p1a: Venusaur\n|-heal|p1a: Venusaur|80\/100|[silent]\n|upkeep\n|turn|32\n|\n|t:|1699734932\n|switch|p2a: Toxapex|Toxapex, F|100\/100\n|move|p1a: Venusaur|Substitute|p1a: Venusaur\n|-start|p1a: Venusaur|Substitute\n|-damage|p1a: Venusaur|56\/100\n|\n|upkeep\n|turn|33\n|\n|t:|1699734942\n|move|p1a: Venusaur|Leech Seed|p2a: Toxapex|[miss]\n|-miss|p1a: Venusaur|p2a: Toxapex\n|move|p2a: Toxapex|Scald|p1a: Venusaur\n|-resisted|p1a: Venusaur\n|-activate|p1a: Venusaur|move: Substitute|[damage]\n|\n|upkeep\n|turn|34\n|\n|t:|1699734947\n|move|p1a: Venusaur|Leech Seed|p2a: Toxapex\n|-start|p2a: Toxapex|move: Leech Seed\n|move|p2a: Toxapex|Scald|p1a: Venusaur\n|-resisted|p1a: Venusaur\n|-activate|p1a: Venusaur|move: Substitute|[damage]\n|\n|-damage|p2a: Toxapex|88\/100|[from] Leech Seed|[of] p1a: Venusaur\n|-heal|p1a: Venusaur|66\/100|[silent]\n|upkeep\n|turn|35\n|\n|t:|1699734955\n|switch|p2a: Blissey|Blissey, F|68\/100\n|move|p1a: Venusaur|Toxic|p2a: Blissey\n|-status|p2a: Blissey|tox\n|\n|-damage|p2a: Blissey|61\/100 tox|[from] psn\n|upkeep\n|turn|36\n|\n|t:|1699734959\n|move|p1a: Venusaur|Leech Seed|p2a: Blissey\n|-start|p2a: Blissey|move: Leech Seed\n|move|p2a: Blissey|Soft-Boiled|p2a: Blissey\n|-heal|p2a: Blissey|100\/100 tox\n|\n|-damage|p2a: Blissey|88\/100 tox|[from] Leech Seed|[of] p1a: Venusaur\n|-heal|p1a: Venusaur|90\/100|[silent]\n|-damage|p2a: Blissey|76\/100 tox|[from] psn\n|upkeep\n|turn|37\n|\n|t:|1699734963\n|-curestatus|p2a: Blissey|tox|[from] ability: Natural Cure\n|switch|p2a: Toxapex|Toxapex, F|100\/100\n|move|p1a: Venusaur|Giga Drain|p2a: Toxapex\n|-damage|p2a: Toxapex|74\/100\n|-heal|p1a: Venusaur|100\/100|[from] drain|[of] p2a: Toxapex\n|\n|upkeep\n|turn|38\n|\n|t:|1699734976\n|switch|p2a: Blissey|Blissey, F|76\/100\n|move|p1a: Venusaur|Leech Seed|p2a: Blissey\n|-start|p2a: Blissey|move: Leech Seed\n|\n|-damage|p2a: Blissey|63\/100|[from] Leech Seed|[of] p1a: Venusaur\n|upkeep\n|turn|39\n|\n|t:|1699734981\n|switch|p2a: Toxapex|Toxapex, F|100\/100\n|move|p1a: Venusaur|Giga Drain|p2a: Toxapex\n|-damage|p2a: Toxapex|76\/100\n|\n|upkeep\n|turn|40\n|\n|t:|1699735001\n|switch|p1a: Iron Treads|Iron Treads, shiny|91\/100\n|move|p2a: Toxapex|Baneful Bunker||[still]\n|-fail|p2a: Toxapex\n|\n|upkeep\n|turn|41\n|\n|t:|1699735011\n|switch|p2a: Corviknight|Corviknight, M|100\/100\n|-ability|p2a: Corviknight|Pressure\n|move|p1a: Iron Treads|Wild Charge|p2a: Corviknight\n|-supereffective|p2a: Corviknight\n|-damage|p2a: Corviknight|66\/100\n|-damage|p1a: Iron Treads|80\/100|[from] Recoil\n|\n|upkeep\n|turn|42\n|\n|t:|1699735019\n|move|p1a: Iron Treads|Wild Charge|p2a: Corviknight\n|-supereffective|p2a: Corviknight\n|-damage|p2a: Corviknight|33\/100\n|-damage|p1a: Iron Treads|69\/100|[from] Recoil\n|move|p2a: Corviknight|Roost|p2a: Corviknight\n|-heal|p2a: Corviknight|83\/100\n|-singleturn|p2a: Corviknight|move: Roost\n|\n|upkeep\n|turn|43\n|\n|t:|1699735025\n|-end|p1a: Iron Treads|Quark Drive|[silent]\n|switch|p1a: Chandelure|Chandelure, F, shiny|45\/100 tox\n|move|p2a: Corviknight|Body Press|p1a: Chandelure\n|-immune|p1a: Chandelure\n|\n|-damage|p1a: Chandelure|39\/100 tox|[from] psn\n|upkeep\n|turn|44\n|\n|t:|1699735034\n|switch|p2a: Toxapex|Toxapex, F|100\/100\n|move|p1a: Chandelure|Overheat|p2a: Toxapex\n|-resisted|p2a: Toxapex\n|-damage|p2a: Toxapex|71\/100\n|-unboost|p1a: Chandelure|spa|2\n|\n|-damage|p1a: Chandelure|27\/100 tox|[from] psn\n|upkeep\n|turn|45\n|\n|t:|1699735043\n|switch|p1a: Greninja|Greninja, M, tera:Fire|81\/100\n|move|p2a: Toxapex|Scald|p1a: Greninja\n|-supereffective|p1a: Greninja\n|-damage|p1a: Greninja|32\/100\n|\n|upkeep\n|turn|46\n|\n|t:|1699735050\n|move|p1a: Greninja|Dark Pulse|p2a: Toxapex\n|-damage|p2a: Toxapex|35\/100\n|-damage|p1a: Greninja|22\/100|[from] item: Life Orb\n|move|p2a: Toxapex|Scald|p1a: Greninja\n|-supereffective|p1a: Greninja\n|-damage|p1a: Greninja|0 fnt\n|faint|p1a: Greninja\n|\n|upkeep\n|\n|t:|1699735059\n|switch|p1a: Chandelure|Chandelure, F, shiny|27\/100 tox\n|turn|47\n|\n|t:|1699735066\n|switch|p2a: Blissey|Blissey, F|63\/100\n|move|p1a: Chandelure|Overheat|p2a: Blissey|[miss]\n|-miss|p1a: Chandelure|p2a: Blissey\n|\n|-damage|p1a: Chandelure|21\/100 tox|[from] psn\n|upkeep\n|turn|48\n|\n|t:|1699735074\n|switch|p2a: Toxapex|Toxapex, F|69\/100\n|move|p1a: Chandelure|Overheat|p2a: Toxapex\n|-resisted|p2a: Toxapex\n|-damage|p2a: Toxapex|36\/100\n|-unboost|p1a: Chandelure|spa|2\n|\n|-damage|p1a: Chandelure|9\/100 tox|[from] psn\n|upkeep\n|turn|49\n|\n|t:|1699735084\n|switch|p2a: Blissey|Blissey, F|63\/100\n|move|p1a: Chandelure|Overheat|p2a: Blissey\n|-damage|p2a: Blissey|52\/100\n|-unboost|p1a: Chandelure|spa|2\n|\n|-damage|p1a: Chandelure|0 fnt|[from] psn\n|faint|p1a: Chandelure\n|upkeep\n|\n|t:|1699735103\n|switch|p1a: Iron Treads|Iron Treads, shiny|69\/100\n|turn|50\n|\n|t:|1699735109\n|switch|p2a: Corviknight|Corviknight, M|83\/100\n|-ability|p2a: Corviknight|Pressure\n|move|p1a: Iron Treads|Earthquake|p2a: Corviknight\n|-immune|p2a: Corviknight\n|\n|upkeep\n|turn|51\n|\n|t:|1699735116\n|move|p1a: Iron Treads|Wild Charge|p2a: Corviknight\n|-supereffective|p2a: Corviknight\n|-damage|p2a: Corviknight|49\/100\n|-damage|p1a: Iron Treads|59\/100|[from] Recoil\n|move|p2a: Corviknight|Defog|p1a: Iron Treads\n|-unboost|p1a: Iron Treads|evasion|1\n|\n|upkeep\n|turn|52\n|inactive|Dipatrico has 120 seconds left.\n|\n|t:|1699735150\n|move|p1a: Iron Treads|Wild Charge|p2a: Corviknight\n|-supereffective|p2a: Corviknight\n|-damage|p2a: Corviknight|16\/100\n|-damage|p1a: Iron Treads|48\/100|[from] Recoil\n|move|p2a: Corviknight|Roost|p2a: Corviknight\n|-heal|p2a: Corviknight|66\/100\n|-singleturn|p2a: Corviknight|move: Roost\n|\n|upkeep\n|turn|53\n|\n|t:|1699735162\n|switch|p2a: Toxapex|Toxapex, F|70\/100\n|move|p1a: Iron Treads|Wild Charge|p2a: Toxapex\n|-supereffective|p2a: Toxapex\n|-damage|p2a: Toxapex|35\/100\n|-damage|p1a: Iron Treads|40\/100|[from] Recoil\n|\n|upkeep\n|turn|54\n|\n|t:|1699735180\n|-terastallize|p2a: Toxapex|Poison\n|move|p1a: Iron Treads|Wild Charge|p2a: Toxapex\n|-damage|p2a: Toxapex|17\/100\n|-damage|p1a: Iron Treads|36\/100|[from] Recoil\n|move|p2a: Toxapex|Scald|p1a: Iron Treads\n|-supereffective|p1a: Iron Treads\n|-damage|p1a: Iron Treads|0 fnt\n|faint|p1a: Iron Treads\n|-end|p1a: Iron Treads|Quark Drive|[silent]\n|\n|upkeep\n|inactive|Dipatrico has 120 seconds left.\n|\n|t:|1699735202\n|switch|p1a: Venusaur|Venusaur-Mega, F|100\/100\n|turn|55\n|\n|t:|1699735212\n|switch|p2a: Blissey|Blissey, F|52\/100\n|move|p1a: Venusaur|Leech Seed|p2a: Blissey\n|-start|p2a: Blissey|move: Leech Seed\n|\n|-damage|p2a: Blissey|40\/100|[from] Leech Seed|[of] p1a: Venusaur\n|upkeep\n|turn|56\n|inactive|Dipatrico has 120 seconds left.\n|\n|t:|1699735229\n|move|p1a: Venusaur|Substitute|p1a: Venusaur\n|-start|p1a: Venusaur|Substitute\n|-damage|p1a: Venusaur|76\/100\n|move|p2a: Blissey|Soft-Boiled|p2a: Blissey\n|-heal|p2a: Blissey|90\/100\n|\n|-damage|p2a: Blissey|77\/100|[from] Leech Seed|[of] p1a: Venusaur\n|-heal|p1a: Venusaur|99\/100|[silent]\n|upkeep\n|turn|57\n|\n|t:|1699735235\n|switch|p2a: Toxapex|Toxapex, F, tera:Poison|50\/100\n|move|p1a: Venusaur|Giga Drain|p2a: Toxapex\n|-resisted|p2a: Toxapex\n|-damage|p2a: Toxapex|37\/100\n|-heal|p1a: Venusaur|100\/100|[from] drain|[of] p2a: Toxapex\n|\n|upkeep\n|turn|58\n|inactive|Dipatrico has 120 seconds left.\n|\n|t:|1699735256\n|switch|p2a: Blissey|Blissey, F|77\/100\n|move|p1a: Venusaur|Leech Seed|p2a: Blissey\n|-start|p2a: Blissey|move: Leech Seed\n|\n|-damage|p2a: Blissey|65\/100|[from] Leech Seed|[of] p1a: Venusaur\n|upkeep\n|turn|59\n|\n|t:|1699735260\n|switch|p2a: Toxapex|Toxapex, F, tera:Poison|71\/100\n|move|p1a: Venusaur|Toxic|p2a: Toxapex\n|-immune|p2a: Toxapex\n|\n|upkeep\n|turn|60\n|inactive|Dipatrico has 120 seconds left.\n|-message|Dipatrico forfeited.\n|\n|win|Matsurizzzu\n|raw|Dipatrico's rating: 1282 &rarr; <strong>1255<\/strong><br \/>(-27 for losing)\n|raw|Matsurizzzu's rating: 1248 &rarr; <strong>1275<\/strong><br \/>(+27 for winning)\n|l|\u2606Dipatrico\n","uploadtime":1699735288,"views":4,"p1id":"dipatrico","p2id":"matsurizzzu","formatid":"gen9nationaldex","rating":1255,"private":0,"password":""}