{"id":"gen9nationaldex-1999735526","p1":"James_swimmingpool","p2":"ImButterFly","format":"[Gen 9] National Dex","log":"|html|<div class=\"broadcast-blue\"><strong>[Gen 9] National Dex is currently suspecting Sneasler! For information on how to participate check out the <a href=\"https:\/\/www.smogon.com\/forums\/threads\/sv-national-dex-suspect-8-just-dance.3731534\/\">suspect thread<\/a>.<\/strong><\/div>\n|j|\u2606James_swimmingpool\n|j|\u2606ImButterFly\n|t:|1701112086\n|gametype|singles\n|player|p1|James_swimmingpool|elesa|1222\n|player|p2|ImButterFly|pokemaniac|1164\n|teamsize|p1|6\n|teamsize|p2|6\n|gen|9\n|tier|[Gen 9] National Dex\n|rated|\n|rule|HP Percentage Mod: HP is shown in percentages\n|rule|Endless Battle Clause: Forcing endless battles is banned\n|rule|OHKO Clause: OHKO moves are banned\n|rule|Evasion Clause: Evasion abilities, items, and moves are banned\n|rule|Evasion Abilities Clause: Evasion abilities are banned\n|rule|Evasion Items Clause: Evasion items are banned\n|rule|Evasion Moves Clause: Evasion moves are banned\n|rule|Species Clause: Limit one of each Pok\u00e9mon\n|rule|Sleep Clause Mod: Limit one foe put to sleep\n|clearpoke\n|poke|p1|Pyukumuku, F|\n|poke|p1|Ferrothorn, F|\n|poke|p1|Gliscor, F|\n|poke|p1|Kartana|\n|poke|p1|Tapu Koko|\n|poke|p1|Diancie|\n|poke|p2|Banette, M|\n|poke|p2|Alomomola, M|\n|poke|p2|Moltres|\n|poke|p2|Zygarde-10%|\n|poke|p2|Serperior, M|\n|poke|p2|Great Tusk|\n|teampreview\n|\n|t:|1701112094\n|start\n|switch|p1a: Diancie|Diancie|100\/100\n|switch|p2a: Serperior|Serperior, M|100\/100\n|turn|1\n|inactive|Battle timer is ON: inactive players will automatically lose when time's up. (requested by ImButterFly)\n|\n|t:|1701112104\n|move|p2a: Serperior|Substitute|p2a: Serperior\n|-start|p2a: Serperior|Substitute\n|-damage|p2a: Serperior|76\/100\n|move|p1a: Diancie|Diamond Storm|p2a: Serperior\n|-end|p2a: Serperior|Substitute\n|\n|-heal|p2a: Serperior|82\/100|[from] item: Leftovers\n|upkeep\n|turn|2\n|\n|t:|1701112111\n|move|p2a: Serperior|Leaf Storm|p1a: Diancie\n|-supereffective|p1a: Diancie\n|-damage|p1a: Diancie|31\/100\n|-boost|p2a: Serperior|spa|2\n|move|p1a: Diancie|Diamond Storm|p2a: Serperior\n|-damage|p2a: Serperior|19\/100\n|\n|-heal|p2a: Serperior|25\/100|[from] item: Leftovers\n|upkeep\n|turn|3\n|\n|t:|1701112120\n|move|p2a: Serperior|Leaf Storm|p1a: Diancie\n|-supereffective|p1a: Diancie\n|-damage|p1a: Diancie|0 fnt\n|-boost|p2a: Serperior|spa|2\n|faint|p1a: Diancie\n|\n|-heal|p2a: Serperior|31\/100|[from] item: Leftovers\n|upkeep\n|\n|t:|1701112124\n|switch|p1a: Tapu Koko|Tapu Koko|100\/100\n|-fieldstart|move: Electric Terrain|[from] ability: Electric Surge|[of] p1a: Tapu Koko\n|turn|4\n|\n|t:|1701112136\n|switch|p2a: Great Tusk|Great Tusk|100\/100\n|move|p1a: Tapu Koko|Dazzling Gleam|p2a: Great Tusk\n|-supereffective|p2a: Great Tusk\n|-damage|p2a: Great Tusk|16\/100\n|\n|-heal|p2a: Great Tusk|22\/100|[from] item: Leftovers\n|upkeep\n|turn|5\n|\n|t:|1701112145\n|-end|p2a: Great Tusk|Protosynthesis|[silent]\n|switch|p2a: Moltres|Moltres|100\/100\n|move|p1a: Tapu Koko|Dazzling Gleam|p2a: Moltres\n|-resisted|p2a: Moltres\n|-damage|p2a: Moltres|87\/100\n|\n|upkeep\n|turn|6\n|\n|t:|1701112157\n|-terastallize|p2a: Moltres|Ground\n|move|p1a: Tapu Koko|Thunderbolt|p2a: Moltres\n|-immune|p2a: Moltres\n|move|p2a: Moltres|Scorching Sands|p1a: Tapu Koko\n|-supereffective|p1a: Tapu Koko\n|-damage|p1a: Tapu Koko|2\/100\n|-status|p1a: Tapu Koko|brn\n|\n|-damage|p1a: Tapu Koko|0 fnt|[from] brn\n|faint|p1a: Tapu Koko\n|upkeep\n|\n|t:|1701112164\n|switch|p1a: Kartana|Kartana|100\/100\n|turn|7\n|\n|t:|1701112172\n|move|p1a: Kartana|Leaf Blade|p2a: Moltres\n|-supereffective|p2a: Moltres\n|-damage|p2a: Moltres|0 fnt\n|-status|p1a: Kartana|brn|[from] ability: Flame Body|[of] p2a: Moltres\n|faint|p2a: Moltres\n|-ability|p1a: Kartana|Beast Boost|boost\n|-boost|p1a: Kartana|atk|1\n|-damage|p1a: Kartana|91\/100 brn|[from] item: Life Orb\n|\n|-damage|p1a: Kartana|85\/100 brn|[from] brn\n|upkeep\n|\n|t:|1701112182\n|switch|p2a: Serperior|Serperior, M|31\/100\n|turn|8\n|\n|t:|1701112187\n|move|p2a: Serperior|Hidden Power|p1a: Kartana\n|-supereffective|p1a: Kartana\n|-damage|p1a: Kartana|0 fnt\n|faint|p1a: Kartana\n|\n|-heal|p2a: Serperior|37\/100|[from] item: Leftovers\n|-fieldend|move: Electric Terrain\n|upkeep\n|\n|t:|1701112195\n|switch|p1a: Gliscor|Gliscor, F|100\/100\n|turn|9\n|\n|t:|1701112201\n|move|p2a: Serperior|Glare|p1a: Gliscor\n|-status|p1a: Gliscor|par\n|cant|p1a: Gliscor|par\n|\n|-heal|p2a: Serperior|43\/100|[from] item: Leftovers\n|upkeep\n|turn|10\n|\n|t:|1701112210\n|switch|p2a: Alomomola|Alomomola, M|100\/100\n|move|p1a: Gliscor|Acrobatics|p2a: Alomomola\n|-damage|p2a: Alomomola|91\/100\n|-damage|p1a: Gliscor|84\/100 par|[from] item: Rocky Helmet|[of] p2a: Alomomola\n|\n|upkeep\n|turn|11\n|\n|t:|1701112219\n|move|p2a: Alomomola|Wish|p2a: Alomomola\n|cant|p1a: Gliscor|par\n|\n|upkeep\n|turn|12\n|\n|t:|1701112223\n|move|p2a: Alomomola|Flip Turn|p1a: Gliscor\n|-supereffective|p1a: Gliscor\n|-damage|p1a: Gliscor|65\/100 par\n|\n|t:|1701112229\n|switch|p2a: Great Tusk|Great Tusk|22\/100|[from] Flip Turn\n|cant|p1a: Gliscor|par\n|\n|-heal|p2a: Great Tusk|84\/100|[from] move: Wish|[wisher] Alomomola\n|-heal|p2a: Great Tusk|90\/100|[from] item: Leftovers\n|upkeep\n|turn|13\n|\n|t:|1701112238\n|move|p2a: Great Tusk|Stealth Rock|p1a: Gliscor\n|-sidestart|p1: James_swimmingpool|move: Stealth Rock\n|cant|p1a: Gliscor|par\n|\n|-heal|p2a: Great Tusk|96\/100|[from] item: Leftovers\n|upkeep\n|turn|14\n|\n|t:|1701112244\n|-end|p2a: Great Tusk|Protosynthesis|[silent]\n|switch|p2a: Alomomola|Alomomola, M|100\/100\n|move|p1a: Gliscor|Acrobatics|p2a: Alomomola\n|-damage|p2a: Alomomola|91\/100\n|-damage|p1a: Gliscor|48\/100 par|[from] item: Rocky Helmet|[of] p2a: Alomomola\n|\n|upkeep\n|turn|15\n|\n|t:|1701112251\n|move|p2a: Alomomola|Wish|p2a: Alomomola\n|cant|p1a: Gliscor|par\n|\n|upkeep\n|turn|16\n|\n|t:|1701112255\n|move|p2a: Alomomola|Flip Turn|p1a: Gliscor\n|-supereffective|p1a: Gliscor\n|-damage|p1a: Gliscor|27\/100 par\n|\n|t:|1701112261\n|switch|p2a: Banette|Banette, M|100\/100|[from] Flip Turn\n|-item|p1a: Gliscor|Toxic Orb|[from] ability: Frisk|[of] p2a: Banette|[identify]\n|cant|p1a: Gliscor|par\n|\n|upkeep\n|turn|17\n|\n|t:|1701112272\n|detailschange|p2a: Banette|Banette-Mega, M\n|-mega|p2a: Banette|Banette|Banettite\n|move|p2a: Banette|Swords Dance|p2a: Banette\n|-boost|p2a: Banette|atk|2\n|cant|p1a: Gliscor|par\n|\n|upkeep\n|turn|18\n|c|\u2606James_swimmingpool|bro\n|c|\u2606James_swimmingpool|what the fuck\n|\n|t:|1701112295\n|move|p2a: Banette|Poltergeist|p1a: Gliscor\n|-activate|p1a: Gliscor|move: Poltergeist|Toxic Orb\n|-damage|p1a: Gliscor|0 fnt\n|faint|p1a: Gliscor\n|\n|upkeep\n|inactive|James_swimmingpool has 120 seconds left.\n|\n|t:|1701112313\n|switch|p1a: Ferrothorn|Ferrothorn, F|100\/100\n|-damage|p1a: Ferrothorn|95\/100|[from] Stealth Rock\n|turn|19\n|\n|t:|1701112321\n|move|p2a: Banette|Poltergeist|p1a: Ferrothorn\n|-activate|p1a: Ferrothorn|move: Poltergeist|Leftovers\n|-damage|p1a: Ferrothorn|10\/100\n|move|p1a: Ferrothorn|Leech Seed|p2a: Banette|[miss]\n|-miss|p1a: Ferrothorn|p2a: Banette\n|\n|-heal|p1a: Ferrothorn|16\/100|[from] item: Leftovers\n|upkeep\n|turn|20\n|\n|t:|1701112333\n|switch|p1a: Pyukumuku|Pyukumuku, F|100\/100\n|-damage|p1a: Pyukumuku|88\/100|[from] Stealth Rock\n|move|p2a: Banette|Poltergeist|p1a: Pyukumuku\n|-activate|p1a: Pyukumuku|move: Poltergeist|Leftovers\n|-damage|p1a: Pyukumuku|0 fnt\n|-damage|p2a: Banette|18\/100|[from] ability: Innards Out|[of] p1a: Pyukumuku\n|faint|p1a: Pyukumuku\n|\n|upkeep\n|\n|t:|1701112336\n|switch|p1a: Ferrothorn|Ferrothorn, F|16\/100\n|-damage|p1a: Ferrothorn|10\/100|[from] Stealth Rock\n|turn|21\n|\n|t:|1701112345\n|move|p2a: Banette|Poltergeist|p1a: Ferrothorn\n|-activate|p1a: Ferrothorn|move: Poltergeist|Leftovers\n|-damage|p1a: Ferrothorn|0 fnt\n|faint|p1a: Ferrothorn\n|\n|win|ImButterFly\n|raw|James_swimmingpool's rating: 1222 &rarr; <strong>1193<\/strong><br \/>(-29 for losing)\n|raw|ImButterFly's rating: 1164 &rarr; <strong>1193<\/strong><br \/>(+29 for winning)\n","uploadtime":1701112349,"views":7,"p1id":"jamesswimmingpool","p2id":"imbutterfly","formatid":"gen9nationaldex","rating":1193,"private":0,"password":""}