{"id":"gen9nationaldex-1991762637","p1":"hahsgwawregvfaeg","p2":"fauxmale","format":"[Gen 9] National Dex","log":"|j|\u2606hahsgwawregvfaeg\n|j|\u2606fauxmale\n|t:|1700112858\n|gametype|singles\n|player|p1|hahsgwawregvfaeg|serena-masters2|\n|player|p2|fauxmale|emma|\n|teamsize|p1|6\n|teamsize|p2|6\n|gen|9\n|tier|[Gen 9] National Dex\n|rule|HP Percentage Mod: HP is shown in percentages\n|rule|Endless Battle Clause: Forcing endless battles is banned\n|rule|OHKO Clause: OHKO moves are banned\n|rule|Evasion Clause: Evasion abilities, items, and moves are banned\n|rule|Evasion Abilities Clause: Evasion abilities are banned\n|rule|Evasion Items Clause: Evasion items are banned\n|rule|Evasion Moves Clause: Evasion moves are banned\n|rule|Species Clause: Limit one of each Pok\u00e9mon\n|rule|Sleep Clause Mod: Limit one foe put to sleep\n|clearpoke\n|poke|p1|Klefki, F|\n|poke|p1|Azumarill, F|\n|poke|p1|Celesteela|\n|poke|p1|Kommo-o, F|\n|poke|p1|Tapu Koko|\n|poke|p1|Pidgeot, F|\n|poke|p2|Gliscor, F|\n|poke|p2|Iron Valiant|\n|poke|p2|Electrode|\n|poke|p2|Poliwhirl, M|\n|poke|p2|Sylveon, M|\n|poke|p2|Zoroark, F|\n|teampreview\n|\n|t:|1700112885\n|start\n|switch|p1a: Acetaminophen|Kommo-o, F|100\/100\n|switch|p2a: Bia|Electrode|100\/100\n|turn|1\n|\n|t:|1700112893\n|move|p2a: Bia|Reflect|p2a: Bia\n|-sidestart|p2: fauxmale|Reflect\n|move|p1a: Acetaminophen|Close Combat|p2a: Bia\n|-damage|p2a: Bia|61\/100\n|-unboost|p1a: Acetaminophen|def|1\n|-unboost|p1a: Acetaminophen|spd|1\n|\n|upkeep\n|turn|2\n|\n|t:|1700112899\n|move|p2a: Bia|Taunt|p1a: Acetaminophen\n|-start|p1a: Acetaminophen|move: Taunt\n|move|p1a: Acetaminophen|Earthquake|p2a: Bia\n|-supereffective|p2a: Bia\n|-damage|p2a: Bia|5\/100\n|\n|upkeep\n|turn|3\n|\n|t:|1700112910\n|move|p2a: Bia|Light Screen|p2a: Bia\n|-sidestart|p2: fauxmale|move: Light Screen\n|move|p1a: Acetaminophen|Earthquake|p2a: Bia\n|-supereffective|p2a: Bia\n|-damage|p2a: Bia|0 fnt\n|faint|p2a: Bia\n|\n|upkeep\n|\n|t:|1700112947\n|switch|p2a: DyingSky|Sylveon, M|100\/100\n|turn|4\n|\n|t:|1700112954\n|move|p1a: Acetaminophen|Close Combat|p2a: DyingSky\n|-resisted|p2a: DyingSky\n|-damage|p2a: DyingSky|89\/100\n|-unboost|p1a: Acetaminophen|def|1\n|-unboost|p1a: Acetaminophen|spd|1\n|move|p2a: DyingSky|Hyper Voice|p1a: Acetaminophen\n|-immune|p1a: Acetaminophen|[from] ability: Soundproof\n|\n|-heal|p2a: DyingSky|95\/100|[from] item: Leftovers\n|-end|p1a: Acetaminophen|move: Taunt\n|upkeep\n|turn|5\n|\n|t:|1700112976\n|switch|p1a: Valium|Klefki, F|100\/100\n|move|p2a: DyingSky|Wish|p2a: DyingSky\n|\n|-heal|p2a: DyingSky|100\/100|[from] item: Leftovers\n|upkeep\n|turn|6\n|\n|t:|1700113004\n|switch|p1a: Acetaminophen|Kommo-o, F|100\/100\n|move|p2a: DyingSky|Calm Mind|p2a: DyingSky\n|-boost|p2a: DyingSky|spa|1\n|-boost|p2a: DyingSky|spd|1\n|\n|upkeep\n|turn|7\n|\n|t:|1700113016\n|switch|p2a: Redd|Gliscor, F, shiny|100\/100\n|move|p1a: Acetaminophen|Stealth Rock|p2a: Redd\n|-sidestart|p2: fauxmale|move: Stealth Rock\n|\n|-status|p2a: Redd|tox|[from] item: Toxic Orb\n|upkeep\n|turn|8\n|\n|t:|1700113048\n|switch|p1a: Valium|Klefki, F|100\/100\n|switch|p2a: Multiplicity|Iron Valiant, shiny|100\/100\n|\n|-sideend|p2: fauxmale|Reflect\n|upkeep\n|turn|9\n|\n|t:|1700113057\n|move|p1a: Valium|Switcheroo|p2a: Multiplicity\n|-immune|p2a: Multiplicity\n|move|p2a: Multiplicity|Flamethrower|p1a: Valium\n|-supereffective|p1a: Valium\n|-damage|p1a: Valium|23\/100\n|\n|upkeep\n|turn|10\n|\n|t:|1700113076\n|move|p1a: Valium|Spikes|p2a: Multiplicity\n|-sidestart|p2: fauxmale|Spikes\n|move|p2a: Multiplicity|Sludge Bomb|p1a: Valium\n|-immune|p1a: Valium\n|\n|-sideend|p2: fauxmale|move: Light Screen\n|upkeep\n|turn|11\n|\n|t:|1700113088\n|move|p1a: Valium|Spikes|p2a: Multiplicity\n|-sidestart|p2: fauxmale|Spikes\n|move|p2a: Multiplicity|Flamethrower|p1a: Valium\n|-supereffective|p1a: Valium\n|-damage|p1a: Valium|0 fnt\n|faint|p1a: Valium\n|\n|upkeep\n|\n|t:|1700113099\n|switch|p1a: Amitriptyline|Celesteela|100\/100\n|turn|12\n|\n|t:|1700113110\n|move|p2a: Multiplicity|Flamethrower|p1a: Amitriptyline\n|-supereffective|p1a: Amitriptyline\n|-damage|p1a: Amitriptyline|51\/100\n|move|p1a: Amitriptyline|Toxic|p2a: Multiplicity\n|-status|p2a: Multiplicity|tox\n|\n|-heal|p1a: Amitriptyline|57\/100|[from] item: Leftovers\n|-damage|p2a: Multiplicity|94\/100 tox|[from] psn\n|upkeep\n|turn|13\n|\n|t:|1700113121\n|switch|p1a: Rizatriptan|Azumarill, F|100\/100\n|move|p2a: Multiplicity|Knock Off|p1a: Rizatriptan\n|-resisted|p1a: Rizatriptan\n|-damage|p1a: Rizatriptan|85\/100\n|\n|-damage|p2a: Multiplicity|82\/100 tox|[from] psn\n|upkeep\n|turn|14\n|\n|t:|1700113138\n|switch|p1a: Amitriptyline|Celesteela|57\/100\n|move|p2a: Multiplicity|Sludge Bomb|p1a: Amitriptyline\n|-immune|p1a: Amitriptyline\n|\n|-heal|p1a: Amitriptyline|63\/100|[from] item: Leftovers\n|-damage|p2a: Multiplicity|64\/100 tox|[from] psn\n|upkeep\n|turn|15\n|\n|t:|1700113150\n|move|p2a: Multiplicity|U-turn|p1a: Amitriptyline\n|-resisted|p1a: Amitriptyline\n|-damage|p1a: Amitriptyline|61\/100\n|\n|t:|1700113157\n|switch|p2a: Redd|Gliscor, F, shiny|100\/100 tox|[from] U-turn\n|-damage|p2a: Redd|88\/100 tox|[from] Stealth Rock\n|move|p1a: Amitriptyline|Flash Cannon|p2a: Redd\n|-damage|p2a: Redd|52\/100 tox\n|\n|-heal|p1a: Amitriptyline|67\/100|[from] item: Leftovers\n|-heal|p2a: Redd|65\/100 tox|[from] ability: Poison Heal\n|upkeep\n|turn|16\n|\n|t:|1700113235\n|switch|p2a: PolariaPoyon|Poliwhirl, M|100\/100\n|-damage|p2a: PolariaPoyon|88\/100|[from] Stealth Rock\n|-damage|p2a: PolariaPoyon|72\/100|[from] Spikes\n|move|p1a: Amitriptyline|Flash Cannon|p2a: PolariaPoyon\n|-resisted|p2a: PolariaPoyon\n|-damage|p2a: PolariaPoyon|41\/100\n|\n|-heal|p1a: Amitriptyline|73\/100|[from] item: Leftovers\n|upkeep\n|turn|17\n|\n|t:|1700113246\n|move|p2a: PolariaPoyon|Earthquake|p1a: Amitriptyline\n|-immune|p1a: Amitriptyline\n|move|p1a: Amitriptyline|Toxic|p2a: PolariaPoyon\n|-status|p2a: PolariaPoyon|tox\n|\n|-heal|p1a: Amitriptyline|79\/100|[from] item: Leftovers\n|-damage|p2a: PolariaPoyon|36\/100 tox|[from] psn\n|upkeep\n|turn|18\n|\n|t:|1700113252\n|move|p2a: PolariaPoyon|Liquidation|p1a: Amitriptyline\n|-damage|p1a: Amitriptyline|62\/100\n|move|p1a: Amitriptyline|Substitute|p1a: Amitriptyline\n|-start|p1a: Amitriptyline|Substitute\n|-damage|p1a: Amitriptyline|37\/100\n|\n|-heal|p1a: Amitriptyline|43\/100|[from] item: Leftovers\n|-damage|p2a: PolariaPoyon|24\/100 tox|[from] psn\n|upkeep\n|turn|19\n|\n|t:|1700113259\n|move|p2a: PolariaPoyon|Liquidation|p1a: Amitriptyline\n|-activate|p1a: Amitriptyline|move: Substitute|[damage]\n|move|p1a: Amitriptyline|Leech Seed|p2a: PolariaPoyon\n|-start|p2a: PolariaPoyon|move: Leech Seed\n|\n|-heal|p1a: Amitriptyline|49\/100|[from] item: Leftovers\n|-damage|p2a: PolariaPoyon|12\/100 tox|[from] Leech Seed|[of] p1a: Amitriptyline\n|-heal|p1a: Amitriptyline|58\/100|[silent]\n|-damage|p2a: PolariaPoyon|0 fnt|[from] psn\n|faint|p2a: PolariaPoyon\n|upkeep\n|\n|t:|1700113274\n|switch|p2a: Multiplicity|Iron Valiant, shiny|64\/100 tox\n|turn|20\n|\n|t:|1700113281\n|move|p2a: Multiplicity|Flamethrower|p1a: Amitriptyline\n|-supereffective|p1a: Amitriptyline\n|-end|p1a: Amitriptyline|Substitute\n|move|p1a: Amitriptyline|Flash Cannon|p2a: Multiplicity\n|-damage|p2a: Multiplicity|8\/100 tox\n|-unboost|p2a: Multiplicity|spd|1\n|replace|p2a: MiraiZura|Zoroark, F\n|-end|p2a: MiraiZura|Illusion\n|\n|-heal|p1a: Amitriptyline|64\/100|[from] item: Leftovers\n|-damage|p2a: MiraiZura|2\/100 tox|[from] psn\n|upkeep\n|turn|21\n|\n|t:|1700113297\n|switch|p1a: Acetaminophen|Kommo-o, F|100\/100\n|move|p2a: MiraiZura|Flamethrower|p1a: Acetaminophen\n|-resisted|p1a: Acetaminophen\n|-damage|p1a: Acetaminophen|83\/100\n|\n|-damage|p2a: MiraiZura|0 fnt|[from] psn\n|faint|p2a: MiraiZura\n|upkeep\n|\n|t:|1700113301\n|switch|p2a: Multiplicity|Iron Valiant, shiny|100\/100\n|-damage|p2a: Multiplicity|94\/100|[from] Stealth Rock\n|-damage|p2a: Multiplicity|78\/100|[from] Spikes\n|-enditem|p2a: Multiplicity|Booster Energy\n|-activate|p2a: Multiplicity|ability: Quark Drive|[fromitem]\n|-start|p2a: Multiplicity|quarkdrivespe\n|turn|22\n|\n|t:|1700113370\n|switch|p1a: Rizatriptan|Azumarill, F|85\/100\n|move|p2a: Multiplicity|Spirit Break|p1a: Rizatriptan\n|-damage|p1a: Rizatriptan|41\/100\n|-unboost|p1a: Rizatriptan|spa|1\n|\n|upkeep\n|turn|23\n|\n|t:|1700113394\n|move|p1a: Rizatriptan|Aqua Jet|p2a: Multiplicity\n|-damage|p2a: Multiplicity|44\/100\n|move|p2a: Multiplicity|Spirit Break|p1a: Rizatriptan\n|-damage|p1a: Rizatriptan|0 fnt\n|faint|p1a: Rizatriptan\n|\n|upkeep\n|c|\u2606hahsgwawregvfaeg|!dt spirit break\n|raw|<ul class=\"utilichart\"><li class=\"result\"><span class=\"col movenamecol\"><a href=\"https:\/\/dex.pokemonshowdown.com\/moves\/spiritbreak\">Spirit Break<\/a><\/span> <span class=\"col typecol\"><img src=\"\/\/play.pokemonshowdown.com\/sprites\/types\/Fairy.png\" alt=\"Fairy\" width=\"32\" height=\"14\"><img src=\"\/\/play.pokemonshowdown.com\/sprites\/categories\/Physical.png\" alt=\"Physical\" width=\"32\" height=\"14\"><\/span> <span class=\"col labelcol\"><em>Power<\/em><br>75<\/span> <span class=\"col widelabelcol\"><em>Accuracy<\/em><br>100%<\/span> <span class=\"col pplabelcol\"><em>PP<\/em><br>24<\/span> <span class=\"col movedesccol\">100% chance to lower the target's Sp. Atk by 1.<\/span> <\/li><li style=\"clear:both\"><\/li><\/ul>\n|raw|<font size=\"1\"><font color=\"#686868\">Priority:<\/font> 0&nbsp;|&ThickSpace;<font color=\"#686868\">Gen:<\/font> 8&nbsp;|&ThickSpace;&#10003; Boosted by Sheer Force&nbsp;|&ThickSpace;&#10003; Contact&nbsp;|&ThickSpace;<font color=\"#686868\">Z-Power:<\/font> 140&nbsp;|&ThickSpace;<font color=\"#686868\">Dynamax Power:<\/font> 130&nbsp;|&ThickSpace;<font color=\"#686868\">Target:<\/font> One Adjacent Pok\u00e9mon<\/font>\n\n|\n|t:|1700113453\n|switch|p1a: Amitriptyline|Celesteela|64\/100\n|turn|24\n|\n|t:|1700113461\n|-terastallize|p2a: Multiplicity|Steel\n|move|p2a: Multiplicity|Swords Dance|p2a: Multiplicity\n|-boost|p2a: Multiplicity|atk|2\n|move|p1a: Amitriptyline|Toxic|p2a: Multiplicity\n|-immune|p2a: Multiplicity\n|\n|-heal|p1a: Amitriptyline|70\/100|[from] item: Leftovers\n|upkeep\n|turn|25\n|\n|t:|1700113468\n|move|p2a: Multiplicity|Close Combat|p1a: Amitriptyline\n|-damage|p1a: Amitriptyline|0 fnt\n|-unboost|p2a: Multiplicity|def|1\n|-unboost|p2a: Multiplicity|spd|1\n|faint|p1a: Amitriptyline\n|\n|upkeep\n|\n|t:|1700113482\n|switch|p1a: Meclizine|Tapu Koko|100\/100\n|-fieldstart|move: Electric Terrain|[from] ability: Electric Surge|[of] p1a: Meclizine\n|turn|26\n|\n|t:|1700113490\n|move|p2a: Multiplicity|Spirit Break|p1a: Meclizine\n|-damage|p1a: Meclizine|5\/100\n|-unboost|p1a: Meclizine|spa|1\n|-enditem|p1a: Meclizine|Salac Berry|[eat]\n|-boost|p1a: Meclizine|spe|1|[from] item: Salac Berry\n|move|p1a: Meclizine|Thunderbolt|p2a: Multiplicity\n|-damage|p2a: Multiplicity|0 fnt\n|faint|p2a: Multiplicity\n|-end|p2a: Multiplicity|Quark Drive|[silent]\n|\n|upkeep\n|\n|t:|1700113507\n|switch|p2a: DyingSky|Sylveon, M|100\/100\n|-damage|p2a: DyingSky|88\/100|[from] Stealth Rock\n|-damage|p2a: DyingSky|72\/100|[from] Spikes\n|turn|27\n|\n|t:|1700113520\n|move|p2a: DyingSky|Protect|p2a: DyingSky\n|-singleturn|p2a: DyingSky|Protect\n|move|p1a: Meclizine|Roost|p1a: Meclizine\n|-heal|p1a: Meclizine|55\/100\n|-singleturn|p1a: Meclizine|move: Roost\n|\n|-heal|p2a: DyingSky|78\/100|[from] item: Leftovers\n|upkeep\n|turn|28\n|\n|t:|1700113531\n|move|p1a: Meclizine|Roost|p1a: Meclizine\n|-heal|p1a: Meclizine|100\/100\n|-singleturn|p1a: Meclizine|move: Roost\n|move|p2a: DyingSky|Wish|p2a: DyingSky\n|\n|-heal|p2a: DyingSky|84\/100|[from] item: Leftovers\n|upkeep\n|turn|29\n|\n|t:|1700113545\n|move|p1a: Meclizine|Calm Mind|p1a: Meclizine\n|-boost|p1a: Meclizine|spa|1\n|-boost|p1a: Meclizine|spd|1\n|move|p2a: DyingSky|Hyper Voice|p1a: Meclizine\n|-damage|p1a: Meclizine|66\/100\n|\n|-heal|p2a: DyingSky|100\/100|[from] move: Wish|[wisher] DyingSky\n|upkeep\n|turn|30\n|\n|t:|1700113554\n|move|p2a: DyingSky|Protect|p2a: DyingSky\n|-singleturn|p2a: DyingSky|Protect\n|move|p1a: Meclizine|Calm Mind|p1a: Meclizine\n|-boost|p1a: Meclizine|spa|1\n|-boost|p1a: Meclizine|spd|1\n|\n|-fieldend|move: Electric Terrain\n|upkeep\n|turn|31\n|\n|t:|1700113562\n|move|p1a: Meclizine|Calm Mind|p1a: Meclizine\n|-boost|p1a: Meclizine|spa|1\n|-boost|p1a: Meclizine|spd|1\n|move|p2a: DyingSky|Calm Mind|p2a: DyingSky\n|-boost|p2a: DyingSky|spa|1\n|-boost|p2a: DyingSky|spd|1\n|\n|upkeep\n|turn|32\n|\n|t:|1700113578\n|move|p1a: Meclizine|Thunderbolt|p2a: DyingSky\n|-damage|p2a: DyingSky|68\/100\n|move|p2a: DyingSky|Calm Mind|p2a: DyingSky\n|-boost|p2a: DyingSky|spa|1\n|-boost|p2a: DyingSky|spd|1\n|\n|-heal|p2a: DyingSky|74\/100|[from] item: Leftovers\n|upkeep\n|turn|33\n|\n|t:|1700113582\n|move|p1a: Meclizine|Thunderbolt|p2a: DyingSky\n|-damage|p2a: DyingSky|52\/100\n|move|p2a: DyingSky|Calm Mind|p2a: DyingSky\n|-boost|p2a: DyingSky|spa|1\n|-boost|p2a: DyingSky|spd|1\n|\n|-heal|p2a: DyingSky|58\/100|[from] item: Leftovers\n|upkeep\n|turn|34\n|\n|t:|1700113587\n|move|p2a: DyingSky|Protect|p2a: DyingSky\n|-singleturn|p2a: DyingSky|Protect\n|move|p1a: Meclizine|Thunderbolt|p2a: DyingSky\n|-activate|p2a: DyingSky|move: Protect\n|\n|-heal|p2a: DyingSky|64\/100|[from] item: Leftovers\n|upkeep\n|turn|35\n|\n|t:|1700113593\n|move|p1a: Meclizine|Thunderbolt|p2a: DyingSky\n|-damage|p2a: DyingSky|44\/100\n|move|p2a: DyingSky|Wish|p2a: DyingSky\n|\n|-heal|p2a: DyingSky|50\/100|[from] item: Leftovers\n|upkeep\n|turn|36\n|\n|t:|1700113607\n|move|p1a: Meclizine|Thunderbolt|p2a: DyingSky\n|-damage|p2a: DyingSky|32\/100\n|move|p2a: DyingSky|Hyper Voice|p1a: Meclizine\n|-damage|p1a: Meclizine|17\/100\n|\n|-heal|p2a: DyingSky|82\/100|[from] move: Wish|[wisher] DyingSky\n|-heal|p2a: DyingSky|88\/100|[from] item: Leftovers\n|upkeep\n|turn|37\n|\n|t:|1700113615\n|move|p2a: DyingSky|Protect|p2a: DyingSky\n|-singleturn|p2a: DyingSky|Protect\n|move|p1a: Meclizine|Roost|p1a: Meclizine\n|-heal|p1a: Meclizine|67\/100\n|-singleturn|p1a: Meclizine|move: Roost\n|\n|-heal|p2a: DyingSky|94\/100|[from] item: Leftovers\n|upkeep\n|turn|38\n|\n|t:|1700113622\n|move|p1a: Meclizine|Thunderbolt|p2a: DyingSky\n|-damage|p2a: DyingSky|74\/100\n|move|p2a: DyingSky|Calm Mind|p2a: DyingSky\n|-boost|p2a: DyingSky|spa|1\n|-boost|p2a: DyingSky|spd|1\n|\n|-heal|p2a: DyingSky|80\/100|[from] item: Leftovers\n|upkeep\n|turn|39\n|\n|t:|1700113630\n|move|p1a: Meclizine|Thunderbolt|p2a: DyingSky\n|-damage|p2a: DyingSky|63\/100\n|move|p2a: DyingSky|Wish|p2a: DyingSky\n|\n|-heal|p2a: DyingSky|69\/100|[from] item: Leftovers\n|upkeep\n|turn|40\n|\n|t:|1700113634\n|move|p1a: Meclizine|Thunderbolt|p2a: DyingSky\n|-damage|p2a: DyingSky|54\/100\n|move|p2a: DyingSky|Hyper Voice|p1a: Meclizine\n|-damage|p1a: Meclizine|5\/100\n|\n|-heal|p2a: DyingSky|100\/100|[from] move: Wish|[wisher] DyingSky\n|upkeep\n|turn|41\n|\n|t:|1700113643\n|move|p1a: Meclizine|Roost|p1a: Meclizine\n|-heal|p1a: Meclizine|55\/100\n|-singleturn|p1a: Meclizine|move: Roost\n|move|p2a: DyingSky|Hyper Voice|p1a: Meclizine\n|-damage|p1a: Meclizine|0 fnt\n|faint|p1a: Meclizine\n|\n|upkeep\n|\n|t:|1700113656\n|switch|p1a: Estradiol|Pidgeot, F|100\/100\n|turn|42\n|\n|t:|1700113666\n|detailschange|p1a: Estradiol|Pidgeot-Mega, F\n|-mega|p1a: Estradiol|Pidgeot|Pidgeotite\n|move|p1a: Estradiol|Hurricane|p2a: DyingSky\n|-damage|p2a: DyingSky|86\/100\n|move|p2a: DyingSky|Hyper Voice|p1a: Estradiol\n|-damage|p1a: Estradiol|0 fnt\n|faint|p1a: Estradiol\n|\n|-heal|p2a: DyingSky|92\/100|[from] item: Leftovers\n|upkeep\n|\n|t:|1700113670\n|switch|p1a: Acetaminophen|Kommo-o, F|83\/100\n|turn|43\n|\n|t:|1700113675\n|move|p2a: DyingSky|Protect|p2a: DyingSky\n|-singleturn|p2a: DyingSky|Protect\n|move|p1a: Acetaminophen|Ice Punch|p2a: DyingSky\n|-activate|p2a: DyingSky|move: Protect\n|\n|-heal|p2a: DyingSky|98\/100|[from] item: Leftovers\n|upkeep\n|turn|44\n|\n|t:|1700113684\n|move|p1a: Acetaminophen|Ice Punch|p2a: DyingSky\n|-damage|p2a: DyingSky|77\/100\n|move|p2a: DyingSky|Calm Mind|p2a: DyingSky\n|-boost|p2a: DyingSky|spa|1\n|-boost|p2a: DyingSky|spd|1\n|\n|-heal|p2a: DyingSky|83\/100|[from] item: Leftovers\n|upkeep\n|turn|45\n|-message|hahsgwawregvfaeg forfeited.\n|\n|win|fauxmale\n|l|\u2606hahsgwawregvfaeg\n","uploadtime":1700114094,"views":5,"p1id":"hahsgwawregvfaeg","p2id":"fauxmale","formatid":"gen9nationaldex","rating":0,"private":0,"password":""}