{"id":"gen9nationaldex-1988483121","p1":"Manisj","p2":"ChikenRun67","format":"[Gen 9] National Dex","log":"|j|\u203dManisj\n|j|\u2606ChikenRun67\n|t:|1699727769\n|gametype|singles\n|player|p1|Manisj|lance|1404\n|player|p2|ChikenRun67|265|1298\n|teamsize|p1|6\n|teamsize|p2|6\n|gen|9\n|tier|[Gen 9] National Dex\n|rated|\n|rule|HP Percentage Mod: HP is shown in percentages\n|rule|Endless Battle Clause: Forcing endless battles is banned\n|rule|OHKO Clause: OHKO moves are banned\n|rule|Evasion Clause: Evasion abilities, items, and moves are banned\n|rule|Evasion Abilities Clause: Evasion abilities are banned\n|rule|Evasion Items Clause: Evasion items are banned\n|rule|Evasion Moves Clause: Evasion moves are banned\n|rule|Species Clause: Limit one of each Pok\u00e9mon\n|rule|Sleep Clause Mod: Limit one foe put to sleep\n|clearpoke\n|poke|p1|Scizor, M|\n|poke|p1|Landorus-Therian, M|\n|poke|p1|Tapu Koko|\n|poke|p1|Toxapex, F|\n|poke|p1|Tornadus-Therian, M|\n|poke|p1|Iron Valiant|\n|poke|p2|Rillaboom, M|\n|poke|p2|Empoleon, M|\n|poke|p2|Serperior, M|\n|poke|p2|Blaziken, M|\n|poke|p2|Skeledirge, M|\n|poke|p2|Charizard, M|\n|teampreview\n|inactive|Battle timer is ON: inactive players will automatically lose when time's up. (requested by ChikenRun67)\n|\n|t:|1699727782\n|start\n|switch|p1a: Toxapex|Toxapex, F|100\/100\n|switch|p2a: Charizard|Charizard, M|100\/100\n|turn|1\n|\n|t:|1699727790\n|detailschange|p2a: Charizard|Charizard-Mega-Y, M\n|-mega|p2a: Charizard|Charizard|Charizardite Y\n|-weather|SunnyDay|[from] ability: Drought|[of] p2a: Charizard\n|move|p2a: Charizard|Scorching Sands|p1a: Toxapex\n|-supereffective|p1a: Toxapex\n|-damage|p1a: Toxapex|60\/100\n|move|p1a: Toxapex|Toxic|p2a: Charizard\n|-status|p2a: Charizard|tox\n|\n|-weather|SunnyDay|[upkeep]\n|-damage|p2a: Charizard|94\/100 tox|[from] psn\n|upkeep\n|turn|2\n|\n|t:|1699727806\n|move|p2a: Charizard|Air Slash|p1a: Toxapex\n|-damage|p1a: Toxapex|20\/100\n|move|p1a: Toxapex|Recover|p1a: Toxapex\n|-heal|p1a: Toxapex|70\/100\n|\n|-weather|SunnyDay|[upkeep]\n|-damage|p2a: Charizard|82\/100 tox|[from] psn\n|upkeep\n|turn|3\n|\n|t:|1699727823\n|switch|p2a: Empoleon|Empoleon, M, shiny|100\/100\n|move|p1a: Toxapex|Recover|p1a: Toxapex\n|-heal|p1a: Toxapex|100\/100\n|\n|-weather|SunnyDay|[upkeep]\n|upkeep\n|turn|4\n|\n|t:|1699727833\n|move|p2a: Empoleon|Stealth Rock|p1a: Toxapex\n|-sidestart|p1: Manisj|move: Stealth Rock\n|move|p1a: Toxapex|Scald|p2a: Empoleon\n|-resisted|p2a: Empoleon\n|-damage|p2a: Empoleon|97\/100\n|-status|p2a: Empoleon|brn\n|\n|-weather|SunnyDay|[upkeep]\n|-heal|p2a: Empoleon|100\/100 brn|[from] item: Leftovers\n|-damage|p2a: Empoleon|94\/100 brn|[from] brn\n|upkeep\n|turn|5\n|\n|t:|1699727846\n|switch|p2a: Serperior|Serperior, M, shiny|100\/100\n|move|p1a: Toxapex|Scald|p2a: Serperior\n|-resisted|p2a: Serperior\n|-damage|p2a: Serperior|95\/100\n|\n|-weather|none\n|upkeep\n|turn|6\n|\n|t:|1699727854\n|move|p2a: Serperior|Substitute|p2a: Serperior\n|-start|p2a: Serperior|Substitute\n|-damage|p2a: Serperior|70\/100\n|move|p1a: Toxapex|Toxic||[still]\n|-fail|p1a: Toxapex\n|\n|upkeep\n|turn|7\n|\n|t:|1699727864\n|switch|p1a: Scizor|Scizor, M|100\/100\n|-damage|p1a: Scizor|88\/100|[from] Stealth Rock\n|move|p2a: Serperior|Leaf Storm|p1a: Scizor|[miss]\n|-miss|p2a: Serperior|p1a: Scizor\n|\n|upkeep\n|turn|8\n|\n|t:|1699727873\n|detailschange|p1a: Scizor|Scizor-Mega, M\n|-mega|p1a: Scizor|Scizor|Scizorite\n|-terastallize|p2a: Serperior|Fire\n|move|p2a: Serperior|Hidden Power|p1a: Scizor\n|-supereffective|p1a: Scizor\n|-damage|p1a: Scizor|11\/100\n|move|p1a: Scizor|U-turn|p2a: Serperior\n|-resisted|p2a: Serperior\n|-activate|p2a: Serperior|move: Substitute|[damage]\n|\n|t:|1699727894\n|switch|p1a: Landorus|Landorus-Therian, M|100\/100|[from] U-turn\n|-damage|p1a: Landorus|88\/100|[from] Stealth Rock\n|-ability|p1a: Landorus|Intimidate|boost\n|-immune|p2a: Serperior\n|\n|upkeep\n|turn|9\n|\n|t:|1699727902\n|move|p1a: Landorus|Earthquake|p2a: Serperior\n|-supereffective|p2a: Serperior\n|-end|p2a: Serperior|Substitute\n|move|p2a: Serperior|Glare|p1a: Landorus\n|-status|p1a: Landorus|par\n|\n|upkeep\n|turn|10\n|\n|t:|1699727918\n|switch|p2a: Charizard|Charizard-Mega-Y, M|82\/100 tox\n|-weather|SunnyDay|[from] ability: Drought|[of] p2a: Charizard\n|cant|p1a: Landorus|par\n|\n|-weather|SunnyDay|[upkeep]\n|-damage|p2a: Charizard|76\/100 tox|[from] psn\n|upkeep\n|turn|11\n|\n|t:|1699727933\n|switch|p1a: Toxapex|Toxapex, F|100\/100\n|-damage|p1a: Toxapex|88\/100|[from] Stealth Rock\n|move|p2a: Charizard|Weather Ball|p1a: Toxapex\n|-resisted|p1a: Toxapex\n|-damage|p1a: Toxapex|55\/100\n|\n|-weather|SunnyDay|[upkeep]\n|-damage|p2a: Charizard|64\/100 tox|[from] psn\n|upkeep\n|turn|12\n|\n|t:|1699727950\n|switch|p2a: Blaziken|Blaziken, M|100\/100\n|move|p1a: Toxapex|Recover|p1a: Toxapex\n|-heal|p1a: Toxapex|100\/100\n|\n|-weather|SunnyDay|[upkeep]\n|upkeep\n|turn|13\n|\n|t:|1699727958\n|move|p2a: Blaziken|Swords Dance|p2a: Blaziken\n|-boost|p2a: Blaziken|atk|2\n|move|p1a: Toxapex|Scald|p2a: Blaziken\n|-supereffective|p2a: Blaziken\n|-damage|p2a: Blaziken|75\/100\n|\n|-weather|SunnyDay|[upkeep]\n|-ability|p2a: Blaziken|Speed Boost|boost\n|-boost|p2a: Blaziken|spe|1\n|upkeep\n|turn|14\n|\n|t:|1699727968\n|move|p2a: Blaziken|Thunder Punch|p1a: Toxapex\n|-supereffective|p1a: Toxapex\n|-damage|p1a: Toxapex|9\/100\n|-damage|p2a: Blaziken|65\/100|[from] item: Life Orb\n|move|p1a: Toxapex|Haze|p1a: Toxapex\n|-clearallboost\n|\n|-weather|none\n|-ability|p2a: Blaziken|Speed Boost|boost\n|-boost|p2a: Blaziken|spe|1\n|upkeep\n|turn|15\n|\n|t:|1699727980\n|switch|p1a: Landorus|Landorus-Therian, M|88\/100 par\n|-damage|p1a: Landorus|76\/100 par|[from] Stealth Rock\n|-ability|p1a: Landorus|Intimidate|boost\n|-unboost|p2a: Blaziken|atk|1\n|move|p2a: Blaziken|Flare Blitz|p1a: Landorus\n|-damage|p1a: Landorus|16\/100 par\n|-damage|p2a: Blaziken|44\/100|[from] Recoil\n|-damage|p2a: Blaziken|34\/100|[from] item: Life Orb\n|\n|-ability|p2a: Blaziken|Speed Boost|boost\n|-boost|p2a: Blaziken|spe|1\n|upkeep\n|turn|16\n|\n|t:|1699727999\n|move|p2a: Blaziken|Close Combat|p1a: Landorus\n|-resisted|p1a: Landorus\n|-damage|p1a: Landorus|0 fnt\n|-unboost|p2a: Blaziken|def|1\n|-unboost|p2a: Blaziken|spd|1\n|faint|p1a: Landorus\n|-damage|p2a: Blaziken|24\/100|[from] item: Life Orb\n|\n|-ability|p2a: Blaziken|Speed Boost|boost\n|-boost|p2a: Blaziken|spe|1\n|upkeep\n|\n|t:|1699728011\n|switch|p1a: Scizor|Scizor-Mega, M|11\/100\n|-damage|p1a: Scizor|0 fnt|[from] Stealth Rock\n|faint|p1a: Scizor\n|\n|t:|1699728020\n|switch|p1a: Tapu Koko|Tapu Koko|100\/100\n|-fieldstart|move: Electric Terrain|[from] ability: Electric Surge|[of] p1a: Tapu Koko\n|turn|17\n|\n|t:|1699728027\n|-terastallize|p1a: Tapu Koko|Fairy\n|move|p2a: Blaziken|Flare Blitz|p1a: Tapu Koko\n|-crit|p1a: Tapu Koko\n|-damage|p1a: Tapu Koko|0 fnt\n|faint|p1a: Tapu Koko\n|-damage|p2a: Blaziken|0 fnt|[from] Recoil\n|faint|p2a: Blaziken\n|\n|upkeep\n|\n|t:|1699728048\n|switch|p1a: Iron Valiant|Iron Valiant|100\/100\n|switch|p2a: Rillaboom|Rillaboom, M, shiny|100\/100\n|-damage|p1a: Iron Valiant|94\/100|[from] Stealth Rock\n|-activate|p1a: Iron Valiant|ability: Quark Drive\n|-start|p1a: Iron Valiant|quarkdrivespe\n|-fieldstart|move: Grassy Terrain|[from] ability: Grassy Surge|[of] p2a: Rillaboom\n|-end|p1a: Iron Valiant|Quark Drive\n|turn|18\n|\n|t:|1699728059\n|move|p1a: Iron Valiant|Close Combat|p2a: Rillaboom\n|-damage|p2a: Rillaboom|47\/100\n|-unboost|p1a: Iron Valiant|def|1\n|-unboost|p1a: Iron Valiant|spd|1\n|-enditem|p1a: Iron Valiant|Eject Pack\n|\n|t:|1699728067\n|-end|p1a: Iron Valiant|Quark Drive|[silent]\n|switch|p1a: Tornadus|Tornadus-Therian, M|100\/100\n|-damage|p1a: Tornadus|75\/100|[from] Stealth Rock\n|move|p2a: Rillaboom|Drum Beating|p1a: Tornadus\n|-resisted|p1a: Tornadus\n|-damage|p1a: Tornadus|39\/100\n|-unboost|p1a: Tornadus|spe|1\n|\n|-heal|p2a: Rillaboom|53\/100|[from] Grassy Terrain\n|upkeep\n|turn|19\n|\n|t:|1699728080\n|move|p2a: Rillaboom|Knock Off|p1a: Tornadus\n|-damage|p1a: Tornadus|11\/100\n|move|p1a: Tornadus|Heat Wave|p2a: Rillaboom\n|-supereffective|p2a: Rillaboom\n|-damage|p2a: Rillaboom|0 fnt\n|faint|p2a: Rillaboom\n|\n|upkeep\n|\n|t:|1699728094\n|switch|p2a: Serperior|Serperior, M, shiny, tera:Fire|70\/100\n|turn|20\n|\n|t:|1699728102\n|move|p2a: Serperior|Leaf Storm|p1a: Tornadus\n|-resisted|p1a: Tornadus\n|-damage|p1a: Tornadus|0 fnt\n|-boost|p2a: Serperior|spa|2\n|faint|p1a: Tornadus\n|\n|-heal|p2a: Serperior|77\/100|[from] Grassy Terrain\n|upkeep\n|\n|t:|1699728109\n|switch|p1a: Iron Valiant|Iron Valiant|94\/100\n|-damage|p1a: Iron Valiant|88\/100|[from] Stealth Rock\n|turn|21\n|\n|t:|1699728118\n|move|p1a: Iron Valiant|Close Combat|p2a: Serperior\n|-damage|p2a: Serperior|17\/100\n|-unboost|p1a: Iron Valiant|def|1\n|-unboost|p1a: Iron Valiant|spd|1\n|-enditem|p2a: Serperior|Sitrus Berry|[eat]\n|-heal|p2a: Serperior|42\/100|[from] item: Sitrus Berry\n|move|p2a: Serperior|Leaf Storm|p1a: Iron Valiant\n|-damage|p1a: Iron Valiant|0 fnt\n|-boost|p2a: Serperior|spa|2\n|faint|p1a: Iron Valiant\n|-end|p1a: Iron Valiant|Quark Drive|[silent]\n|\n|-heal|p2a: Serperior|48\/100|[from] Grassy Terrain\n|upkeep\n|inactive|Manisj has 120 seconds left.\n|-message|Manisj forfeited.\n|\n|win|ChikenRun67\n|raw|Manisj's rating: 1404 &rarr; <strong>1378<\/strong><br \/>(-26 for losing)\n|raw|ChikenRun67's rating: 1298 &rarr; <strong>1330<\/strong><br \/>(+32 for winning)\n|c|\u2606ChikenRun67|gg\n","uploadtime":1699728193,"views":4,"p1id":"manisj","p2id":"chikenrun67","formatid":"gen9nationaldex","rating":1330,"private":0,"password":""}