{"id":"gen9nationaldex-1988593690","p1":"Evan_007","p2":"KingoftheTitans","format":"[Gen 9] National Dex","log":"|j|\u2606Evan_007\n|j|\u2606KingoftheTitans\n|t:|1699739836\n|gametype|singles\n|player|p1|Evan_007|crasherwake|1352\n|player|p2|KingoftheTitans|170|1425\n|teamsize|p1|6\n|teamsize|p2|6\n|gen|9\n|tier|[Gen 9] National Dex\n|rated|\n|rule|HP Percentage Mod: HP is shown in percentages\n|rule|Endless Battle Clause: Forcing endless battles is banned\n|rule|OHKO Clause: OHKO moves are banned\n|rule|Evasion Clause: Evasion abilities, items, and moves are banned\n|rule|Evasion Abilities Clause: Evasion abilities are banned\n|rule|Evasion Items Clause: Evasion items are banned\n|rule|Evasion Moves Clause: Evasion moves are banned\n|rule|Species Clause: Limit one of each Pok\u00e9mon\n|rule|Sleep Clause Mod: Limit one foe put to sleep\n|clearpoke\n|poke|p1|Rotom-Wash|\n|poke|p1|Volcarona, F|\n|poke|p1|Empoleon, M|\n|poke|p1|Tyranitar, F|\n|poke|p1|Garchomp, F|\n|poke|p1|Goodra-Hisui, M|\n|poke|p2|Snorlax, M|\n|poke|p2|Dragonite, F|\n|poke|p2|Gyarados, F|\n|poke|p2|Gengar, M|\n|poke|p2|Blastoise, M|\n|poke|p2|Alakazam, M|\n|teampreview\n|\n|t:|1699739848\n|start\n|switch|p1a: Chief|Empoleon, M|100\/100\n|switch|p2a: Blastoise|Blastoise, M|100\/100\n|turn|1\n|inactive|Battle timer is ON: inactive players will automatically lose when time's up. (requested by Evan_007)\n|\n|t:|1699739861\n|move|p2a: Blastoise|Flip Turn|p1a: Chief\n|-resisted|p1a: Chief\n|-damage|p1a: Chief|92\/100\n|\n|t:|1699739865\n|switch|p2a: Alakazam|Alakazam, M|100\/100|[from] Flip Turn\n|move|p1a: Chief|Roar|p2a: Alakazam\n|drag|p2a: Snorlax|Snorlax, M|100\/100\n|\n|upkeep\n|turn|2\n|\n|t:|1699739871\n|move|p1a: Chief|Stealth Rock|p2a: Snorlax\n|-sidestart|p2: KingoftheTitans|move: Stealth Rock\n|move|p2a: Snorlax|Earthquake|p1a: Chief\n|-supereffective|p1a: Chief\n|-enditem|p1a: Chief|Shuca Berry|[eat]\n|-enditem|p1a: Chief|Shuca Berry|[weaken]\n|-damage|p1a: Chief|60\/100\n|\n|upkeep\n|turn|3\n|\n|t:|1699739878\n|switch|p1a: Noki|Rotom-Wash, shiny|100\/100\n|move|p2a: Snorlax|Earthquake|p1a: Noki\n|-immune|p1a: Noki|[from] ability: Levitate\n|\n|upkeep\n|turn|4\n|\n|t:|1699739884\n|move|p1a: Noki|Will-O-Wisp|p2a: Snorlax\n|-status|p2a: Snorlax|brn\n|move|p2a: Snorlax|Body Slam|p1a: Noki\n|-damage|p1a: Noki|85\/100\n|\n|-heal|p1a: Noki|92\/100|[from] item: Leftovers\n|-damage|p2a: Snorlax|94\/100 brn|[from] brn\n|upkeep\n|turn|5\n|\n|t:|1699739896\n|move|p1a: Noki|Volt Switch|p2a: Snorlax\n|-damage|p2a: Snorlax|80\/100 brn\n|\n|t:|1699739899\n|switch|p1a: Wagon|Garchomp, F|100\/100|[from] Volt Switch\n|move|p2a: Snorlax|Body Slam|p1a: Wagon\n|-damage|p1a: Wagon|79\/100\n|-damage|p2a: Snorlax|67\/100 brn|[from] ability: Rough Skin|[of] p1a: Wagon\n|\n|-damage|p2a: Snorlax|61\/100 brn|[from] brn\n|upkeep\n|turn|6\n|\n|t:|1699739907\n|move|p1a: Wagon|Swords Dance|p1a: Wagon\n|-boost|p1a: Wagon|atk|2\n|move|p2a: Snorlax|Ice Punch|p1a: Wagon\n|-supereffective|p1a: Wagon\n|-damage|p1a: Wagon|25\/100\n|-damage|p2a: Snorlax|49\/100 brn|[from] ability: Rough Skin|[of] p1a: Wagon\n|-enditem|p2a: Snorlax|Aguav Berry|[eat]\n|-heal|p2a: Snorlax|82\/100 brn|[from] item: Aguav Berry\n|\n|-damage|p2a: Snorlax|76\/100 brn|[from] brn\n|upkeep\n|turn|7\n|\n|t:|1699739917\n|move|p1a: Wagon|Earthquake|p2a: Snorlax\n|-damage|p2a: Snorlax|0 fnt\n|faint|p2a: Snorlax\n|\n|upkeep\n|\n|t:|1699739926\n|switch|p2a: Gengar|Gengar, M|100\/100\n|-damage|p2a: Gengar|88\/100|[from] Stealth Rock\n|turn|8\n|\n|t:|1699739930\n|move|p2a: Gengar|Shadow Ball|p1a: Wagon\n|-damage|p1a: Wagon|0 fnt\n|faint|p1a: Wagon\n|\n|upkeep\n|\n|t:|1699739933\n|switch|p1a: Kili|Tyranitar, F|100\/100\n|-weather|Sandstorm|[from] ability: Sand Stream|[of] p1a: Kili\n|turn|9\n|\n|t:|1699739942\n|move|p2a: Gengar|Destiny Bond|p2a: Gengar\n|-singlemove|p2a: Gengar|Destiny Bond\n|move|p1a: Kili|Knock Off|p2a: Gengar\n|-supereffective|p2a: Gengar\n|-damage|p2a: Gengar|0 fnt\n|-enditem|p2a: Gengar|Focus Sash|[from] move: Knock Off|[of] p1a: Kili\n|faint|p2a: Gengar\n|-activate|p2a: Gengar|move: Destiny Bond\n|faint|p1a: Kili\n|\n|-weather|Sandstorm|[upkeep]\n|upkeep\n|\n|t:|1699739952\n|switch|p2a: Blastoise|Blastoise, M|100\/100\n|switch|p1a: Noki|Rotom-Wash, shiny|92\/100\n|-damage|p2a: Blastoise|88\/100|[from] Stealth Rock\n|turn|10\n|\n|t:|1699739957\n|move|p1a: Noki|Volt Switch|p2a: Blastoise\n|-supereffective|p2a: Blastoise\n|-damage|p2a: Blastoise|54\/100\n|\n|t:|1699739960\n|switch|p1a: Chief|Empoleon, M|60\/100|[from] Volt Switch\n|move|p2a: Blastoise|Rapid Spin|p1a: Chief\n|-resisted|p1a: Chief\n|-damage|p1a: Chief|56\/100\n|-boost|p2a: Blastoise|spe|1\n|-sideend|p2: KingoftheTitans|Stealth Rock|[from] move: Rapid Spin|[of] p2a: Blastoise\n|\n|-weather|Sandstorm|[upkeep]\n|-damage|p2a: Blastoise|48\/100|[from] Sandstorm\n|upkeep\n|turn|11\n|\n|t:|1699739972\n|move|p2a: Blastoise|Flip Turn|p1a: Chief\n|-resisted|p1a: Chief\n|-damage|p1a: Chief|48\/100\n|\n|t:|1699739980\n|switch|p2a: Dragonite|Dragonite, F|100\/100|[from] Flip Turn\n|move|p1a: Chief|Stealth Rock|p2a: Dragonite\n|-sidestart|p2: KingoftheTitans|move: Stealth Rock\n|\n|-weather|Sandstorm|[upkeep]\n|-damage|p2a: Dragonite|94\/100|[from] Sandstorm\n|-heal|p2a: Dragonite|100\/100|[from] item: Leftovers\n|upkeep\n|turn|12\n|\n|t:|1699739988\n|move|p2a: Dragonite|Dragon Dance|p2a: Dragonite\n|-boost|p2a: Dragonite|atk|1\n|-boost|p2a: Dragonite|spe|1\n|move|p1a: Chief|Roar|p2a: Dragonite\n|drag|p2a: Alakazam|Alakazam, M|100\/100\n|\n|-weather|Sandstorm|[upkeep]\n|upkeep\n|turn|13\n|\n|t:|1699739998\n|move|p2a: Alakazam|Psychic|p1a: Chief\n|-resisted|p1a: Chief\n|-damage|p1a: Chief|18\/100\n|-unboost|p1a: Chief|spd|1\n|-ability|p1a: Chief|Competitive|boost\n|-boost|p1a: Chief|spa|2\n|move|p1a: Chief|Surf|p2a: Alakazam\n|-damage|p2a: Alakazam|0 fnt\n|faint|p2a: Alakazam\n|\n|-weather|none\n|upkeep\n|\n|t:|1699740008\n|switch|p2a: Blastoise|Blastoise, M|48\/100\n|-damage|p2a: Blastoise|36\/100|[from] Stealth Rock\n|turn|14\n|\n|t:|1699740014\n|move|p2a: Blastoise|Rapid Spin|p1a: Chief\n|-resisted|p1a: Chief\n|-damage|p1a: Chief|13\/100\n|-boost|p2a: Blastoise|spe|1\n|-sideend|p2: KingoftheTitans|Stealth Rock|[from] move: Rapid Spin|[of] p2a: Blastoise\n|move|p1a: Chief|Stealth Rock|p2a: Blastoise\n|-sidestart|p2: KingoftheTitans|move: Stealth Rock\n|\n|upkeep\n|turn|15\n|\n|t:|1699740024\n|switch|p1a: Noki|Rotom-Wash, shiny|92\/100\n|move|p2a: Blastoise|Scald|p1a: Noki\n|-resisted|p1a: Noki\n|-damage|p1a: Noki|72\/100\n|\n|-heal|p1a: Noki|78\/100|[from] item: Leftovers\n|upkeep\n|turn|16\n|\n|t:|1699740033\n|move|p2a: Blastoise|Rapid Spin|p1a: Noki\n|-damage|p1a: Noki|72\/100\n|-boost|p2a: Blastoise|spe|1\n|-sideend|p2: KingoftheTitans|Stealth Rock|[from] move: Rapid Spin|[of] p2a: Blastoise\n|move|p1a: Noki|Volt Switch|p2a: Blastoise\n|-supereffective|p2a: Blastoise\n|-damage|p2a: Blastoise|3\/100\n|\n|t:|1699740035\n|switch|p1a: Chief|Empoleon, M|13\/100|[from] Volt Switch\n|\n|upkeep\n|turn|17\n|\n|t:|1699740044\n|switch|p1a: Noki|Rotom-Wash, shiny|72\/100\n|move|p2a: Blastoise|Scald|p1a: Noki\n|-resisted|p1a: Noki\n|-damage|p1a: Noki|46\/100\n|\n|-heal|p1a: Noki|52\/100|[from] item: Leftovers\n|upkeep\n|turn|18\n|\n|t:|1699740054\n|move|p2a: Blastoise|Flip Turn|p1a: Noki\n|-resisted|p1a: Noki\n|-damage|p1a: Noki|43\/100\n|\n|t:|1699740058\n|switch|p2a: Dragonite|Dragonite, F|100\/100|[from] Flip Turn\n|move|p1a: Noki|Volt Switch|p2a: Dragonite\n|-damage|p2a: Dragonite|87\/100\n|\n|t:|1699740061\n|switch|p1a: Chief|Empoleon, M|13\/100|[from] Volt Switch\n|\n|-heal|p2a: Dragonite|93\/100|[from] item: Leftovers\n|upkeep\n|turn|19\n|\n|t:|1699740067\n|move|p2a: Dragonite|Earthquake|p1a: Chief\n|-supereffective|p1a: Chief\n|-damage|p1a: Chief|0 fnt\n|faint|p1a: Chief\n|\n|-heal|p2a: Dragonite|99\/100|[from] item: Leftovers\n|upkeep\n|\n|t:|1699740069\n|switch|p1a: Millie|Goodra-Hisui, M|100\/100\n|turn|20\n|\n|t:|1699740083\n|-terastallize|p2a: Dragonite|Normal\n|move|p2a: Dragonite|Dragon Dance|p2a: Dragonite\n|-boost|p2a: Dragonite|atk|1\n|-boost|p2a: Dragonite|spe|1\n|move|p1a: Millie|Draco Meteor|p2a: Dragonite\n|-damage|p2a: Dragonite|28\/100\n|-unboost|p1a: Millie|spa|2\n|\n|-heal|p2a: Dragonite|34\/100|[from] item: Leftovers\n|upkeep\n|turn|21\n|\n|t:|1699740094\n|move|p2a: Dragonite|Earthquake|p1a: Millie\n|-supereffective|p1a: Millie\n|-damage|p1a: Millie|1\/100\n|move|p1a: Millie|Toxic|p2a: Dragonite\n|-status|p2a: Dragonite|tox\n|\n|-heal|p2a: Dragonite|40\/100 tox|[from] item: Leftovers\n|-heal|p1a: Millie|7\/100|[from] item: Leftovers\n|-damage|p2a: Dragonite|34\/100 tox|[from] psn\n|upkeep\n|turn|22\n|\n|t:|1699740104\n|switch|p1a: Noki|Rotom-Wash, shiny|43\/100\n|move|p2a: Dragonite|Extreme Speed|p1a: Noki\n|-damage|p1a: Noki|0 fnt\n|faint|p1a: Noki\n|\n|-heal|p2a: Dragonite|40\/100 tox|[from] item: Leftovers\n|-damage|p2a: Dragonite|28\/100 tox|[from] psn\n|upkeep\n|\n|t:|1699740106\n|switch|p1a: Millie|Goodra-Hisui, M|7\/100\n|turn|23\n|\n|t:|1699740114\n|move|p2a: Dragonite|Extreme Speed|p1a: Millie\n|-resisted|p1a: Millie\n|-damage|p1a: Millie|0 fnt\n|faint|p1a: Millie\n|\n|-heal|p2a: Dragonite|34\/100 tox|[from] item: Leftovers\n|-damage|p2a: Dragonite|15\/100 tox|[from] psn\n|upkeep\n|\n|t:|1699740117\n|switch|p1a: Kyros|Volcarona, F|100\/100\n|turn|24\n|c|\u2606KingoftheTitans|gg\n|\n|t:|1699740122\n|-terastallize|p1a: Kyros|Grass\n|move|p2a: Dragonite|Dual Wingbeat|p1a: Kyros\n|-supereffective|p1a: Kyros\n|-damage|p1a: Kyros|6\/100\n|-supereffective|p1a: Kyros\n|-damage|p1a: Kyros|0 fnt\n|faint|p1a: Kyros\n|-hitcount|p1: Kyros|2\n|\n|win|KingoftheTitans\n|raw|Evan_007's rating: 1352 &rarr; <strong>1336<\/strong><br \/>(-16 for losing)\n|raw|KingoftheTitans's rating: 1425 &rarr; <strong>1441<\/strong><br \/>(+16 for winning)\n|l|\u2606Evan_007\n","uploadtime":1699740131,"views":11,"p1id":"evan007","p2id":"kingofthetitans","formatid":"gen9nationaldex","rating":1336,"private":0,"password":""}