{"id":"gen9nationaldex-1998888681","p1":"A Ira de Deus","p2":"baigu","format":"[Gen 9] National Dex","log":"|html|<div class=\"broadcast-blue\"><strong>[Gen 9] National Dex is currently suspecting Sneasler! For information on how to participate check out the <a href=\"https:\/\/www.smogon.com\/forums\/threads\/sv-national-dex-suspect-8-just-dance.3731534\/\">suspect thread<\/a>.<\/strong><\/div>\n|j|\u2606A Ira de Deus\n|j|\u2606baigu\n|t:|1701008997\n|gametype|singles\n|player|p1|A Ira de Deus|unknown|1755\n|player|p2|baigu|169|1837\n|teamsize|p1|6\n|teamsize|p2|6\n|gen|9\n|tier|[Gen 9] National Dex\n|rated|\n|rule|HP Percentage Mod: HP is shown in percentages\n|rule|Endless Battle Clause: Forcing endless battles is banned\n|rule|OHKO Clause: OHKO moves are banned\n|rule|Evasion Clause: Evasion abilities, items, and moves are banned\n|rule|Evasion Abilities Clause: Evasion abilities are banned\n|rule|Evasion Items Clause: Evasion items are banned\n|rule|Evasion Moves Clause: Evasion moves are banned\n|rule|Species Clause: Limit one of each Pok\u00e9mon\n|rule|Sleep Clause Mod: Limit one foe put to sleep\n|clearpoke\n|poke|p1|Charizard, M|\n|poke|p1|Hoopa-Unbound|\n|poke|p1|Clefable, M|\n|poke|p1|Toxapex, M|\n|poke|p1|Chansey, F|\n|poke|p1|Gliscor, M|\n|poke|p2|Ursaluna, M|\n|poke|p2|Slowking, M|\n|poke|p2|Corviknight, F|\n|poke|p2|Hoopa-Unbound|\n|poke|p2|Dragonite, F|\n|poke|p2|Tapu Koko|\n|teampreview\n|\n|t:|1701009011\n|start\n|switch|p1a: Flat Earth|Gliscor, M, shiny|100\/100\n|switch|p2a: Tapu Koko|Tapu Koko|100\/100\n|-fieldstart|move: Electric Terrain|[from] ability: Electric Surge|[of] p2a: Tapu Koko\n|turn|1\n|\n|t:|1701009019\n|move|p2a: Tapu Koko|U-turn|p1a: Flat Earth\n|-resisted|p1a: Flat Earth\n|-damage|p1a: Flat Earth|93\/100\n|\n|t:|1701009022\n|switch|p2a: Slowking|Slowking, M|100\/100|[from] U-turn\n|move|p1a: Flat Earth|Stealth Rock|p2a: Slowking\n|-sidestart|p2: baigu|move: Stealth Rock\n|\n|-status|p1a: Flat Earth|tox|[from] item: Toxic Orb\n|upkeep\n|turn|2\n|\n|t:|1701009025\n|switch|p1a: Face of Abyss|Hoopa-Unbound|100\/100\n|move|p2a: Slowking|Teleport|p2a: Slowking\n|\n|t:|1701009029\n|switch|p2a: Tapu Koko|Tapu Koko|100\/100|[from] Teleport\n|-damage|p2a: Tapu Koko|88\/100|[from] Stealth Rock\n|\n|upkeep\n|turn|3\n|\n|t:|1701009033\n|switch|p1a: Flat Earth|Gliscor, M, shiny|93\/100 tox\n|move|p2a: Tapu Koko|U-turn|p1a: Flat Earth\n|-resisted|p1a: Flat Earth\n|-damage|p1a: Flat Earth|86\/100 tox\n|\n|t:|1701009035\n|switch|p2a: \u718a\u5927|Ursaluna, M|100\/100|[from] U-turn\n|-damage|p2a: \u718a\u5927|94\/100|[from] Stealth Rock\n|\n|-heal|p1a: Flat Earth|99\/100 tox|[from] ability: Poison Heal\n|-status|p2a: \u718a\u5927|brn|[from] item: Flame Orb\n|upkeep\n|turn|4\n|\n|t:|1701009047\n|-terastallize|p2a: \u718a\u5927|Normal\n|move|p1a: Flat Earth|Knock Off|p2a: \u718a\u5927\n|-damage|p2a: \u718a\u5927|78\/100 brn\n|-enditem|p2a: \u718a\u5927|Flame Orb|[from] move: Knock Off|[of] p1a: Flat Earth\n|move|p2a: \u718a\u5927|Facade|p1a: Flat Earth\n|-damage|p1a: Flat Earth|0 fnt\n|faint|p1a: Flat Earth\n|\n|-damage|p2a: \u718a\u5927|72\/100 brn|[from] brn\n|upkeep\n|\n|t:|1701009054\n|switch|p1a: Face of Abyss|Hoopa-Unbound|100\/100\n|turn|5\n|\n|t:|1701009059\n|switch|p2a: Tapu Koko|Tapu Koko|88\/100\n|-damage|p2a: Tapu Koko|76\/100|[from] Stealth Rock\n|move|p1a: Face of Abyss|Nasty Plot|p1a: Face of Abyss\n|-boost|p1a: Face of Abyss|spa|2\n|\n|-fieldend|move: Electric Terrain\n|upkeep\n|turn|6\n|j| NicksRokaya\n|\n|t:|1701009068\n|move|p2a: Tapu Koko|U-turn|p1a: Face of Abyss\n|-supereffective|p1a: Face of Abyss\n|-damage|p1a: Face of Abyss|10\/100\n|inactive|Battle timer is ON: inactive players will automatically lose when time's up. (requested by A Ira de Deus)\n|\n|t:|1701009076\n|switch|p2a: Corviknight|Corviknight, F|100\/100|[from] U-turn\n|-damage|p2a: Corviknight|88\/100|[from] Stealth Rock\n|-ability|p2a: Corviknight|Pressure\n|-zpower|p1a: Face of Abyss\n|move|p1a: Face of Abyss|Shattered Psyche|p2a: Corviknight|[zeffect]\n|-resisted|p2a: Corviknight\n|-damage|p2a: Corviknight|5\/100\n|\n|upkeep\n|turn|7\n|\n|t:|1701009080\n|move|p1a: Face of Abyss|Dark Pulse|p2a: Corviknight\n|-damage|p2a: Corviknight|0 fnt\n|faint|p2a: Corviknight\n|\n|upkeep\n|\n|t:|1701009084\n|switch|p2a: Tapu Koko|Tapu Koko|76\/100\n|-damage|p2a: Tapu Koko|63\/100|[from] Stealth Rock\n|-fieldstart|move: Electric Terrain|[from] ability: Electric Surge|[of] p2a: Tapu Koko\n|turn|8\n|\n|t:|1701009091\n|switch|p1a: Consuming Fire|Charizard, M|100\/100\n|move|p2a: Tapu Koko|Volt Switch|p1a: Consuming Fire\n|-supereffective|p1a: Consuming Fire\n|-damage|p1a: Consuming Fire|0 fnt\n|faint|p1a: Consuming Fire\n|\n|t:|1701009102\n|switch|p2a: Hoopa|Hoopa-Unbound|100\/100|[from] Volt Switch\n|-damage|p2a: Hoopa|88\/100|[from] Stealth Rock\n|\n|upkeep\n|\n|t:|1701009108\n|switch|p1a: Forbidden Fruit|Clefable, M|100\/100\n|turn|9\n|\n|t:|1701009117\n|switch|p2a: Slowking|Slowking, M|100\/100\n|move|p1a: Forbidden Fruit|Toxic|p2a: Slowking\n|-status|p2a: Slowking|tox\n|\n|-damage|p2a: Slowking|94\/100 tox|[from] psn\n|upkeep\n|turn|10\n|\n|t:|1701009121\n|move|p1a: Forbidden Fruit|Wish|p1a: Forbidden Fruit\n|move|p2a: Slowking|Teleport|p2a: Slowking\n|\n|t:|1701009123\n|switch|p2a: \u718a\u5927|Ursaluna, M, tera:Normal|72\/100 brn|[from] Teleport\n|-damage|p2a: \u718a\u5927|59\/100 brn|[from] Stealth Rock\n|\n|-damage|p2a: \u718a\u5927|53\/100 brn|[from] brn\n|upkeep\n|turn|11\n|\n|t:|1701009129\n|move|p2a: \u718a\u5927|Facade|p1a: Forbidden Fruit\n|-damage|p1a: Forbidden Fruit|0 fnt\n|faint|p1a: Forbidden Fruit\n|\n|-damage|p2a: \u718a\u5927|47\/100 brn|[from] brn\n|upkeep\n|j| BurritoSave\n|-message|A Ira de Deus forfeited.\n|\n|win|baigu\n|raw|A Ira de Deus's rating: 1755 &rarr; <strong>1740<\/strong><br \/>(-15 for losing)\n|raw|baigu's rating: 1837 &rarr; <strong>1852<\/strong><br \/>(+15 for winning)\n|l|\u2606A Ira de Deus\n","uploadtime":1701009144,"views":9,"p1id":"airadedeus","p2id":"baigu","formatid":"gen9nationaldex","rating":1740,"private":0,"password":""}